InstrumentId,ExchangeId,Datetime,OpenPrice,HighestPrice,LowestPrice,UpperLimitPrice,LowerLimitPrice,Volume,OpenInterest,BidPrice5,BidVolume5,BidPrice4,BidVolume4,BidPrice3,BidVolume3,BidPrice2,BidVolume2,BidPrice1,BidVolume1,AskPrice1,AskVolume1,AskPrice2,AskVolume2,AskPrice3,AskVolume3,AskPrice4,AskVolume4,AskPrice5,AskVolume5,LastPrice
ec2506,,13:38:35.0#,1848.800000,1873.400000,1751.100000,2181.900000,1580.000000,6077,8166.000000,1810.700000,1,1814.000000,2,1815.200000,1,1815.900000,1,1816.100000,2,1820.600000,1,1822.700000,1,1823.000000,1,1823.200000,1,1823.300000,2,1819.200000
ec2506,,13:38:35.500#,1848.800000,1873.400000,1751.100000,2181.900000,1580.000000,6077,8166.000000,1810.700000,1,1814.000000,2,1816.100000,1,1816.200000,2,1819.200000,1,1822.700000,1,1823.000000,1,1823.200000,1,1823.300000,2,1825.000000,3,1819.200000
ec2506,,13:38:36.0#,1848.800000,1873.400000,1751.100000,2181.900000,1580.000000,6077,8166.000000,1810.000000,3,1810.700000,1,1814.000000,2,1816.300000,2,1817.100000,1,1822.700000,1,1823.000000,1,1823.200000,1,1823.300000,2,1825.000000,3,1819.200000
ec2506,,13:38:36.500#,1848.800000,1873.400000,1751.100000,2181.900000,1580.000000,6077,8166.000000,1810.700000,1,1814.000000,2,1816.300000,1,1817.200000,1,1819.400000,1,1822.700000,1,1823.000000,1,1823.200000,1,1823.300000,2,1825.000000,3,1819.200000
ec2506,,13:38:37.0#,1848.800000,1873.400000,1751.100000,2181.900000,1580.000000,6077,8166.000000,1810.000000,3,1810.700000,1,1814.000000,2,1816.300000,1,1817.300000,1,1822.700000,1,1823.000000,1,1823.200000,1,1823.300000,2,1825.000000,3,1819.200000
ec2506,,13:38:37.500#,1848.800000,1873.400000,1751.100000,2181.900000,1580.000000,6077,8166.000000,1810.700000,1,1814.000000,2,1816.300000,1,1817.400000,1,1819.600000,1,1822.700000,1,1823.000000,1,1823.200000,1,1823.300000,2,1825.000000,3,1819.200000
ec2506,,13:38:38.0#,1848.800000,1873.400000,1751.100000,2181.900000,1580.000000,6077,8166.000000,1808.300000,1,1810.000000,3,1810.700000,1,1814.000000,2,1817.500000,1,1822.700000,1,1823.000000,1,1823.200000,1,1823.300000,2,1825.000000,3,1819.200000
ec2506,,13:38:38.500#,1848.800000,1873.400000,1751.100000,2181.900000,1580.000000,6077,8166.000000,1810.000000,3,1810.700000,1,1814.000000,2,1817.600000,1,1819.800000,1,1822.700000,1,1823.000000,1,1823.200000,1,1823.300000,2,1825.000000,3,1819.200000
ec2506,,13:38:39.0#,1848.800000,1873.400000,1751.100000,2181.900000,1580.000000,6077,8166.000000,1808.300000,1,1810.000000,3,1810.700000,1,1814.000000,2,1817.700000,1,1822.700000,1,1823.000000,1,1823.200000,1,1823.300000,2,1825.000000,3,1819.200000
ec2506,,13:38:39.500#,1848.800000,1873.400000,1751.100000,2181.900000,1580.000000,6077,8166.000000,1808.300000,1,1810.000000,3,1810.700000,1,1814.000000,2,1817.800000,1,1822.700000,1,1823.000000,1,1823.200000,1,1823.300000,2,1825.000000,3,1819.200000
ec2506,,13:38:40.0#,1848.800000,1873.400000,1751.100000,2181.900000,1580.000000,6077,8166.000000,1808.300000,1,1810.000000,3,1810.700000,1,1814.000000,2,1817.900000,1,1822.700000,1,1823.000000,1,1823.200000,1,1823.300000,2,1825.000000,3,1819.200000
ec2506,,13:38:40.500#,1848.800000,1873.400000,1751.100000,2181.900000,1580.000000,6077,8166.000000,1810.000000,3,1810.700000,1,1814.000000,2,1817.900000,1,1818.000000,1,1822.700000,1,1823.000000,1,1823.200000,1,1823.300000,2,1825.000000,3,1819.200000
ec2506,,13:38:41.0#,1848.800000,1873.400000,1751.100000,2181.900000,1580.000000,6077,8166.000000,1808.000000,1,1808.300000,1,1810.000000,3,1810.700000,1,1814.000000,2,1822.700000,1,1823.000000,1,1823.200000,1,1823.300000,2,1825.000000,3,1819.200000
ec2506,,13:38:41.500#,1848.800000,1873.400000,1751.100000,2181.900000,1580.000000,6077,8166.000000,1814.200000,1,1814.300000,1,1814.600000,1,1815.200000,1,1815.300000,1,1822.400000,1,1822.600000,1,1822.700000,1,1823.000000,1,1823.200000,1,1819.200000
ec2506,,13:38:42.0#,1848.800000,1873.400000,1751.100000,2181.900000,1580.000000,6077,8166.000000,1814.300000,1,1814.600000,1,1815.200000,1,1815.300000,1,1815.500000,1,1822.400000,1,1822.600000,1,1822.700000,1,1823.000000,1,1823.200000,1,1819.200000
ec2506,,13:38:42.500#,1848.800000,1873.400000,1751.100000,2181.900000,1580.000000,6077,8166.000000,1814.600000,1,1815.600000,1,1815.700000,1,1815.800000,1,1815.900000,1,1818.000000,3,1822.600000,1,1822.700000,1,1823.000000,1,1823.200000,1,1819.200000
ec2506,,13:38:43.0#,1848.800000,1873.400000,1751.100000,2181.900000,1580.000000,6077,8166.000000,1814.100000,1,1814.600000,1,1815.600000,1,1815.900000,1,1816.000000,1,1818.000000,3,1822.600000,1,1822.700000,1,1823.000000,1,1823.200000,1,1819.200000
ec2506,,13:38:43.500#,1848.800000,1873.400000,1751.100000,2181.900000,1580.000000,6078,8166.000000,1814.000000,2,1814.100000,1,1814.600000,1,1815.600000,1,1815.700000,2,1818.000000,3,1822.600000,1,1822.700000,1,1823.000000,1,1823.200000,1,1816.000000
ec2506,,13:38:44.0#,1848.800000,1873.400000,1751.100000,2181.900000,1580.000000,6078,8166.000000,1814.000000,2,1814.100000,1,1814.600000,1,1815.700000,2,1816.300000,1,1818.000000,3,1822.600000,1,1822.700000,1,1823.000000,1,1823.200000,1,1816.000000
ec2506,,13:38:44.500#,1848.800000,1873.400000,1751.100000,2181.900000,1580.000000,6078,8166.000000,1810.000000,3,1814.000000,2,1814.100000,1,1816.300000,1,1816.400000,2,1818.000000,3,1822.600000,1,1822.700000,1,1823.000000,1,1823.200000,1,1816.000000
ec2506,,13:38:45.500#,1848.800000,1873.400000,1751.100000,2181.900000,1580.000000,6078,8166.000000,1810.000000,3,1814.000000,2,1814.100000,1,1814.600000,1,1816.400000,2,1818.000000,3,1822.600000,1,1822.700000,1,1823.000000,1,1823.200000,1,1816.000000
ec2506,,13:38:46.500#,1848.800000,1873.400000,1751.100000,2181.900000,1580.000000,6078,8166.000000,1810.000000,3,1814.000000,2,1814.100000,1,1814.600000,1,1816.400000,2,1818.000000,3,1822.600000,1,1822.700000,1,1823.000000,1,1823.200000,1,1816.000000
ec2506,,13:38:47.0#,1848.800000,1873.400000,1751.100000,2181.900000,1580.000000,6078,8166.000000,1810.000000,3,1814.000000,2,1814.100000,1,1814.600000,1,1816.400000,2,1818.000000,3,1822.600000,1,1822.700000,1,1823.000000,1,1823.200000,1,1816.000000
ec2506,,13:38:47.500#,1848.800000,1873.400000,1751.100000,2181.900000,1580.000000,6078,8166.000000,1808.300000,1,1810.000000,3,1814.000000,2,1814.100000,1,1816.400000,2,1818.000000,3,1822.600000,1,1822.700000,1,1823.000000,1,1823.200000,1,1816.000000
ec2506,,13:38:48.500#,1848.800000,1873.400000,1751.100000,2181.900000,1580.000000,6079,8166.000000,1802.600000,1,1808.000000,1,1808.300000,1,1810.000000,3,1814.000000,2,1818.000000,3,1822.600000,1,1822.700000,1,1823.000000,1,1823.200000,1,1816.400000
ec2506,,13:38:49.0#,1848.800000,1873.400000,1751.100000,2181.900000,1580.000000,6079,8166.000000,1808.000000,1,1808.300000,1,1810.000000,3,1814.000000,1,1814.100000,2,1818.000000,3,1822.600000,1,1822.700000,1,1823.000000,1,1823.200000,1,1816.400000
ec2506,,13:38:50.0#,1848.800000,1873.400000,1751.100000,2181.900000,1580.000000,6079,8166.000000,1808.000000,1,1808.300000,1,1810.000000,3,1814.000000,1,1814.100000,2,1818.000000,3,1822.600000,1,1822.700000,1,1823.000000,1,1823.200000,1,1816.400000
ec2506,,13:38:51.0#,1848.800000,1873.400000,1751.100000,2181.900000,1580.000000,6079,8166.000000,1808.000000,1,1808.300000,1,1810.000000,3,1814.000000,1,1814.300000,1,1818.000000,3,1822.600000,1,1822.700000,1,1823.000000,1,1823.200000,1,1816.400000
ec2506,,13:38:51.500#,1848.800000,1873.400000,1751.100000,2181.900000,1580.000000,6079,8166.000000,1808.300000,1,1810.000000,3,1814.000000,1,1814.300000,1,1814.400000,2,1818.000000,3,1822.600000,1,1822.700000,1,1823.000000,1,1823.200000,1,1816.400000
ec2506,,13:38:52.0#,1848.800000,1873.400000,1751.100000,2181.900000,1580.000000,6079,8166.000000,1802.600000,1,1808.000000,1,1808.300000,1,1810.000000,3,1814.000000,1,1818.000000,3,1822.600000,1,1822.700000,1,1823.000000,1,1823.200000,1,1816.400000
ec2506,,13:38:52.500#,1848.800000,1873.400000,1751.100000,2181.900000,1580.000000,6079,8166.000000,1808.000000,1,1808.300000,1,1810.000000,3,1814.000000,1,1814.100000,2,1818.000000,3,1822.600000,1,1822.700000,1,1823.000000,1,1823.200000,1,1816.400000
ec2506,,13:38:53.0#,1848.800000,1873.400000,1751.100000,2181.900000,1580.000000,6079,8166.000000,1808.000000,1,1808.300000,1,1810.000000,3,1814.000000,1,1814.100000,2,1818.000000,3,1822.600000,1,1822.700000,1,1823.000000,1,1823.200000,1,1816.400000
ec2506,,13:38:54.0#,1848.800000,1873.400000,1751.100000,2181.900000,1580.000000,6079,8166.000000,1808.000000,1,1808.300000,1,1810.000000,3,1814.000000,1,1814.200000,1,1818.000000,3,1822.600000,1,1822.700000,1,1823.000000,1,1823.200000,1,1816.400000
ec2506,,13:38:54.500#,1848.800000,1873.400000,1751.100000,2181.900000,1580.000000,6079,8166.000000,1808.000000,1,1808.300000,1,1810.000000,3,1814.000000,1,1814.300000,2,1818.000000,3,1822.600000,1,1822.700000,1,1823.000000,1,1823.200000,1,1816.400000
ec2506,,13:38:55.0#,1848.800000,1873.400000,1751.100000,2181.900000,1580.000000,6080,8167.000000,1808.300000,1,1810.000000,3,1814.000000,1,1814.300000,1,1814.400000,1,1818.000000,3,1822.600000,1,1822.700000,1,1823.000000,1,1823.200000,1,1814.300000
ec2506,,13:38:55.500#,1848.800000,1873.400000,1751.100000,2181.900000,1580.000000,6081,8167.000000,1808.000000,1,1808.300000,1,1810.000000,3,1814.000000,1,1814.100000,2,1818.000000,3,1822.600000,1,1822.700000,1,1823.000000,1,1823.200000,1,1814.300000
ec2506,,13:38:56.0#,1848.800000,1873.400000,1751.100000,2181.900000,1580.000000,6081,8167.000000,1808.300000,1,1810.000000,3,1814.000000,1,1814.100000,2,1814.200000,1,1818.000000,3,1822.600000,1,1822.700000,1,1823.000000,1,1823.200000,1,1814.300000
ec2506,,13:38:56.500#,1848.800000,1873.400000,1751.100000,2181.900000,1580.000000,6081,8167.000000,1808.300000,1,1810.000000,3,1814.000000,1,1814.200000,1,1814.300000,2,1818.000000,3,1822.600000,1,1822.700000,1,1823.000000,1,1823.200000,1,1814.300000
ec2506,,13:38:57.500#,1848.800000,1873.400000,1751.100000,2181.900000,1580.000000,6081,8167.000000,1808.300000,1,1810.000000,3,1814.000000,1,1814.200000,1,1814.300000,2,1818.000000,3,1822.600000,1,1822.700000,1,1823.000000,1,1823.200000,1,1814.300000
ec2506,,13:38:59.0#,1848.800000,1873.400000,1751.100000,2181.900000,1580.000000,6081,8167.000000,1810.000000,3,1814.000000,1,1814.200000,1,1814.500000,1,1814.700000,1,1818.000000,3,1822.600000,1,1822.700000,1,1823.000000,1,1823.200000,1,1814.300000
ec2506,,13:38:59.500#,1848.800000,1873.400000,1751.100000,2181.900000,1580.000000,6082,8167.000000,1814.000000,1,1814.200000,1,1814.700000,1,1814.800000,2,1814.900000,1,1818.000000,2,1822.600000,1,1822.700000,1,1823.000000,1,1823.200000,1,1818.000000
ec2506,,13:39:00.0#,1848.800000,1873.400000,1751.100000,2181.900000,1580.000000,6082,8167.000000,1810.000000,3,1814.000000,1,1814.200000,1,1814.700000,1,1814.800000,2,1818.000000,2,1822.600000,1,1822.700000,1,1823.000000,1,1823.200000,1,1818.000000
ec2506,,13:39:00.500#,1848.800000,1873.400000,1751.100000,2181.900000,1580.000000,6083,8167.000000,1808.300000,1,1810.000000,3,1814.000000,1,1814.200000,1,1814.800000,2,1818.000000,2,1822.600000,1,1822.700000,1,1823.000000,1,1823.200000,1,1815.100000
ec2506,,13:39:01.0#,1848.800000,1873.400000,1751.100000,2181.900000,1580.000000,6083,8167.000000,1808.000000,1,1808.300000,1,1810.000000,3,1814.000000,1,1814.800000,2,1818.000000,2,1822.600000,1,1822.700000,1,1823.000000,1,1823.200000,1,1815.100000
ec2506,,13:39:02.0#,1848.800000,1873.400000,1751.100000,2181.900000,1580.000000,6083,8167.000000,1808.000000,1,1808.300000,1,1810.000000,3,1814.000000,1,1814.800000,2,1818.000000,2,1822.600000,1,1822.700000,1,1823.000000,1,1823.200000,1,1815.100000
ec2506,,13:39:02.500#,1848.800000,1873.400000,1751.100000,2181.900000,1580.000000,6083,8167.000000,1808.000000,1,1808.300000,1,1810.000000,3,1814.000000,1,1814.800000,2,1818.000000,2,1822.600000,1,1822.700000,1,1823.000000,1,1823.200000,1,1815.100000
ec2506,,13:39:03.0#,1848.800000,1873.400000,1751.100000,2181.900000,1580.000000,6083,8167.000000,1808.000000,1,1808.300000,1,1810.000000,3,1814.000000,1,1814.900000,1,1818.000000,2,1820.000000,4,1822.600000,1,1822.700000,1,1823.000000,1,1815.100000
ec2506,,13:39:03.500#,1848.800000,1873.400000,1751.100000,2181.900000,1580.000000,6083,8167.000000,1808.300000,1,1810.000000,3,1814.000000,1,1814.900000,1,1815.000000,3,1818.000000,2,1820.000000,4,1822.600000,1,1822.700000,1,1823.000000,1,1815.100000
ec2506,,13:39:04.0#,1848.800000,1873.400000,1751.100000,2181.900000,1580.000000,6083,8167.000000,1808.300000,1,1810.000000,3,1814.000000,1,1814.900000,1,1815.200000,1,1818.000000,2,1820.000000,4,1822.600000,1,1822.700000,1,1823.000000,1,1815.100000
ec2506,,13:39:04.500#,1848.800000,1873.400000,1751.100000,2181.900000,1580.000000,6083,8167.000000,1810.000000,3,1814.000000,1,1814.900000,1,1815.300000,2,1815.400000,1,1818.000000,2,1820.000000,4,1822.600000,1,1822.700000,1,1823.000000,1,1815.100000
ec2506,,13:39:05.0#,1848.800000,1873.400000,1751.100000,2181.900000,1580.000000,6083,8167.000000,1808.000000,1,1808.300000,1,1810.000000,3,1814.000000,1,1815.400000,1,1818.000000,2,1820.000000,4,1822.600000,1,1822.700000,1,1823.000000,1,1815.100000
ec2506,,13:39:05.500#,1848.800000,1873.400000,1751.100000,2181.900000,1580.000000,6084,8167.000000,1808.000000,1,1808.300000,1,1810.000000,2,1814.000000,1,1815.500000,2,1818.000000,2,1820.000000,4,1822.600000,1,1822.700000,1,1823.000000,1,1815.200000
ec2506,,13:39:06.0#,1848.800000,1873.400000,1751.100000,2181.900000,1580.000000,6084,8167.000000,1805.000000,1,1808.000000,1,1808.300000,1,1810.000000,2,1814.000000,1,1818.000000,2,1820.000000,4,1822.600000,1,1822.700000,1,1823.000000,1,1815.200000
ec2506,,13:39:06.500#,1848.800000,1873.400000,1751.100000,2181.900000,1580.000000,6084,8167.000000,1808.300000,1,1810.000000,2,1814.000000,1,1814.100000,2,1814.200000,1,1818.000000,2,1820.000000,4,1822.600000,1,1822.700000,1,1823.000000,1,1815.200000
ec2506,,13:39:07.0#,1848.800000,1873.400000,1751.100000,2181.900000,1580.000000,6084,8167.000000,1808.000000,1,1808.300000,1,1810.000000,2,1814.000000,1,1814.400000,1,1818.000000,2,1820.000000,4,1822.600000,1,1822.700000,1,1823.000000,1,1815.200000
ec2506,,13:39:07.500#,1848.800000,1873.400000,1751.100000,2181.900000,1580.000000,6084,8167.000000,1808.300000,1,1810.000000,2,1814.000000,1,1814.500000,2,1814.600000,1,1818.000000,2,1820.000000,4,1822.600000,1,1822.700000,1,1823.000000,1,1815.200000
ec2506,,13:39:08.0#,1848.800000,1873.400000,1751.100000,2181.900000,1580.000000,6084,8167.000000,1805.000000,1,1808.000000,1,1808.300000,1,1810.000000,2,1814.000000,1,1818.000000,2,1820.000000,4,1822.600000,1,1822.700000,1,1823.000000,1,1815.200000
ec2506,,13:39:08.500#,1848.800000,1873.400000,1751.100000,2181.900000,1580.000000,6084,8167.000000,1808.000000,1,1808.300000,1,1810.000000,2,1814.000000,1,1814.100000,2,1818.000000,2,1820.000000,4,1822.600000,1,1822.700000,1,1823.000000,1,1815.200000
ec2506,,13:39:09.500#,1848.800000,1873.400000,1751.100000,2181.900000,1580.000000,6084,8167.000000,1805.000000,1,1808.000000,1,1808.300000,1,1810.000000,2,1814.000000,1,1818.000000,2,1820.000000,4,1822.600000,1,1822.700000,1,1823.000000,1,1815.200000
ec2506,,13:39:10.0#,1848.800000,1873.400000,1751.100000,2181.900000,1580.000000,6084,8167.000000,1808.000000,1,1808.300000,1,1810.000000,2,1810.600000,1,1814.000000,1,1817.900000,2,1818.000000,2,1820.000000,4,1822.600000,1,1822.700000,1,1815.200000
ec2506,,13:39:10.500#,1848.800000,1873.400000,1751.100000,2181.900000,1580.000000,6084,8167.000000,1808.000000,1,1808.300000,1,1810.000000,2,1810.600000,1,1814.000000,1,1818.000000,2,1820.000000,4,1822.600000,1,1822.700000,1,1823.000000,1,1815.200000
ec2506,,13:39:11.0#,1848.800000,1873.400000,1751.100000,2181.900000,1580.000000,6084,8167.000000,1808.300000,1,1810.000000,2,1810.600000,1,1814.000000,1,1814.100000,2,1818.000000,2,1820.000000,4,1822.600000,1,1822.700000,1,1823.000000,1,1815.200000
ec2506,,13:39:11.500#,1848.800000,1873.400000,1751.100000,2181.900000,1580.000000,6084,8167.000000,1808.000000,1,1808.300000,1,1810.000000,2,1810.600000,1,1814.000000,1,1818.000000,2,1820.000000,4,1822.600000,1,1822.700000,1,1823.000000,1,1815.200000
ec2506,,13:39:12.0#,1848.800000,1873.400000,1751.100000,2181.900000,1580.000000,6084,8167.000000,1808.000000,1,1808.300000,1,1810.000000,2,1810.600000,1,1814.000000,1,1817.900000,2,1818.000000,2,1820.000000,4,1822.600000,1,1822.700000,1,1815.200000
ec2506,,13:39:13.500#,1848.800000,1873.400000,1751.100000,2181.900000,1580.000000,6084,8167.000000,1808.300000,1,1810.000000,2,1810.600000,1,1814.000000,1,1814.200000,1,1818.000000,2,1820.000000,4,1822.600000,1,1822.700000,1,1823.000000,1,1815.200000
ec2506,,13:39:14.0#,1848.800000,1873.400000,1751.100000,2181.900000,1580.000000,6084,8167.000000,1808.300000,1,1810.000000,2,1810.600000,1,1814.000000,1,1814.300000,2,1818.000000,2,1820.000000,4,1822.600000,1,1822.700000,1,1823.000000,1,1815.200000
ec2506,,13:39:14.500#,1848.800000,1873.400000,1751.100000,2181.900000,1580.000000,6084,8167.000000,1808.300000,1,1810.000000,2,1810.600000,1,1814.000000,1,1814.800000,1,1818.000000,2,1820.000000,4,1822.600000,1,1822.700000,1,1823.000000,1,1815.200000
ec2506,,13:39:15.0#,1848.800000,1873.400000,1751.100000,2181.900000,1580.000000,6084,8167.000000,1810.400000,1,1810.600000,1,1814.000000,1,1814.800000,1,1814.900000,2,1818.000000,2,1820.000000,4,1822.600000,1,1822.700000,1,1823.000000,1,1815.200000
ec2506,,13:39:15.500#,1848.800000,1873.400000,1751.100000,2181.900000,1580.000000,6084,8167.000000,1810.400000,1,1810.600000,1,1814.000000,1,1814.800000,1,1814.900000,2,1818.000000,2,1820.000000,4,1822.600000,1,1822.700000,1,1823.000000,1,1815.200000
ec2506,,13:39:16.500#,1848.800000,1873.400000,1751.100000,2181.900000,1580.000000,6084,8167.000000,1810.000000,2,1810.400000,1,1810.600000,1,1814.000000,1,1814.800000,1,1818.000000,2,1820.000000,4,1822.600000,1,1822.700000,1,1823.000000,1,1815.200000
ec2506,,13:39:17.0#,1848.800000,1873.400000,1751.100000,2181.900000,1580.000000,6084,8167.000000,1810.400000,1,1810.600000,1,1814.000000,1,1814.800000,1,1814.900000,2,1818.000000,2,1820.000000,4,1822.600000,1,1822.700000,1,1823.000000,1,1815.200000
ec2506,,13:39:17.500#,1848.800000,1873.400000,1751.100000,2181.900000,1580.000000,6084,8167.000000,1810.000000,2,1810.400000,1,1810.600000,1,1814.000000,1,1814.800000,1,1818.000000,2,1820.000000,4,1822.600000,1,1822.700000,1,1823.000000,1,1815.200000
ec2506,,13:39:18.0#,1848.800000,1873.400000,1751.100000,2181.900000,1580.000000,6084,8167.000000,1810.600000,1,1814.000000,1,1814.800000,1,1814.900000,2,1815.600000,1,1818.000000,2,1820.000000,4,1822.600000,1,1822.700000,1,1823.000000,1,1815.200000
ec2506,,13:39:18.500#,1848.800000,1873.400000,1751.100000,2181.900000,1580.000000,6084,8167.000000,1810.000000,2,1810.600000,2,1814.000000,2,1814.800000,1,1815.600000,1,1818.000000,2,1820.000000,4,1822.600000,1,1822.700000,1,1823.000000,1,1815.200000
ec2506,,13:39:19.500#,1848.800000,1873.400000,1751.100000,2181.900000,1580.000000,6084,8167.000000,1810.000000,2,1810.600000,1,1814.000000,2,1814.800000,1,1815.600000,1,1818.000000,2,1820.000000,4,1822.600000,1,1822.700000,1,1823.000000,1,1815.200000
ec2506,,13:39:20.0#,1848.800000,1873.400000,1751.100000,2181.900000,1580.000000,6084,8167.000000,1808.300000,1,1808.900000,1,1810.000000,2,1810.400000,1,1814.000000,2,1817.900000,2,1818.000000,2,1820.000000,4,1822.600000,1,1822.700000,1,1815.200000
ec2506,,13:39:20.500#,1848.800000,1873.400000,1751.100000,2181.900000,1580.000000,6084,8167.000000,1808.300000,1,1809.200000,1,1810.000000,2,1810.400000,1,1814.000000,2,1817.900000,2,1818.000000,2,1820.000000,4,1822.600000,1,1822.700000,1,1815.200000
ec2506,,13:39:22.500#,1848.800000,1873.400000,1751.100000,2181.900000,1580.000000,6084,8167.000000,1809.200000,1,1810.000000,2,1810.400000,1,1811.600000,1,1814.000000,2,1818.000000,2,1820.000000,4,1822.600000,1,1822.700000,1,1823.000000,1,1815.200000
ec2506,,13:39:23.0#,1848.800000,1873.400000,1751.100000,2181.900000,1580.000000,6084,8167.000000,1811.600000,1,1814.000000,2,1814.100000,2,1814.200000,1,1814.600000,1,1818.000000,2,1820.000000,4,1822.600000,1,1822.700000,1,1823.000000,1,1815.200000
ec2506,,13:39:23.500#,1848.800000,1873.400000,1751.100000,2181.900000,1580.000000,6084,8167.000000,1811.600000,1,1814.000000,2,1814.200000,1,1814.600000,1,1814.700000,1,1818.000000,2,1820.000000,4,1822.600000,1,1822.700000,1,1823.000000,1,1815.200000
ec2506,,13:39:24.0#,1848.800000,1873.400000,1751.100000,2181.900000,1580.000000,6084,8167.000000,1814.000000,2,1814.200000,1,1814.600000,1,1814.700000,1,1814.800000,2,1818.000000,2,1820.000000,4,1822.600000,1,1822.700000,1,1823.000000,1,1815.200000
ec2506,,13:39:24.500#,1848.800000,1873.400000,1751.100000,2181.900000,1580.000000,6084,8167.000000,1814.000000,2,1814.200000,1,1814.600000,1,1814.700000,1,1815.300000,1,1818.000000,2,1820.000000,4,1822.600000,1,1822.700000,1,1823.000000,1,1815.200000
ec2506,,13:39:25.0#,1848.800000,1873.400000,1751.100000,2181.900000,1580.000000,6084,8167.000000,1814.200000,1,1814.600000,1,1814.700000,1,1815.300000,1,1815.400000,2,1818.000000,2,1820.000000,4,1822.600000,1,1822.700000,1,1823.000000,1,1815.200000
ec2506,,13:39:25.500#,1848.800000,1873.400000,1751.100000,2181.900000,1580.000000,6084,8167.000000,1814.000000,2,1814.200000,1,1814.600000,1,1814.700000,1,1815.400000,2,1818.000000,2,1820.000000,4,1822.600000,1,1822.700000,1,1823.000000,1,1815.200000
ec2506,,13:39:26.0#,1848.800000,1873.400000,1751.100000,2181.900000,1580.000000,6084,8167.000000,1814.000000,2,1814.200000,1,1814.600000,1,1814.700000,1,1815.600000,1,1818.000000,2,1820.000000,4,1822.600000,1,1822.700000,1,1823.000000,1,1815.200000
ec2506,,13:39:26.500#,1848.800000,1873.400000,1751.100000,2181.900000,1580.000000,6084,8167.000000,1814.000000,2,1814.600000,1,1814.700000,1,1815.700000,2,1816.300000,1,1818.000000,2,1820.000000,4,1822.600000,1,1822.700000,1,1823.000000,1,1815.200000
ec2506,,13:39:27.0#,1848.800000,1873.400000,1751.100000,2181.900000,1580.000000,6086,8165.000000,1814.000000,2,1814.600000,1,1814.700000,1,1816.100000,1,1816.300000,1,1820.000000,4,1822.600000,1,1822.700000,1,1823.000000,1,1823.300000,1,1818.000000
ec2506,,13:39:27.500#,1848.800000,1873.400000,1751.100000,2181.900000,1580.000000,6086,8165.000000,1814.000000,2,1814.600000,1,1814.700000,1,1816.300000,1,1816.400000,2,1820.000000,4,1822.600000,1,1822.700000,1,1823.000000,1,1823.300000,1,1818.000000
ec2506,,13:39:28.0#,1848.800000,1873.400000,1751.100000,2181.900000,1580.000000,6086,8165.000000,1814.000000,2,1814.600000,1,1814.700000,1,1816.300000,1,1816.400000,2,1820.000000,4,1822.600000,1,1822.700000,1,1823.000000,1,1823.300000,1,1818.000000
ec2506,,13:39:31.500#,1848.800000,1873.400000,1751.100000,2181.900000,1580.000000,6086,8165.000000,1814.000000,2,1814.600000,1,1814.700000,1,1816.300000,1,1816.400000,2,1820.000000,4,1822.600000,1,1822.700000,1,1823.000000,1,1823.300000,1,1818.000000
ec2506,,13:39:32.0#,1848.800000,1873.400000,1751.100000,2181.900000,1580.000000,6086,8165.000000,1814.000000,2,1814.600000,1,1814.700000,1,1816.300000,1,1816.400000,2,1820.000000,4,1822.600000,1,1822.700000,1,1823.000000,1,1823.300000,1,1818.000000
ec2506,,13:39:32.500#,1848.800000,1873.400000,1751.100000,2181.900000,1580.000000,6086,8165.000000,1814.000000,2,1814.600000,1,1814.700000,1,1816.300000,1,1816.400000,2,1820.000000,4,1822.600000,1,1822.700000,1,1823.000000,1,1823.300000,1,1818.000000
ec2506,,13:39:33.0#,1848.800000,1873.400000,1751.100000,2181.900000,1580.000000,6086,8165.000000,1811.700000,1,1814.000000,2,1814.600000,1,1814.700000,1,1816.300000,1,1820.000000,4,1822.600000,1,1822.700000,1,1823.000000,1,1823.300000,1,1818.000000
ec2506,,13:39:33.500#,1848.800000,1873.400000,1751.100000,2181.900000,1580.000000,6086,8165.000000,1810.000000,2,1814.000000,2,1814.600000,1,1814.700000,1,1816.300000,1,1819.800000,1,1819.900000,1,1820.000000,4,1822.600000,1,1822.700000,1,1818.000000
ec2506,,13:39:34.0#,1848.800000,1873.400000,1751.100000,2181.900000,1580.000000,6086,8165.000000,1812.000000,1,1814.000000,2,1814.600000,1,1814.700000,1,1816.300000,1,1819.800000,1,1819.900000,1,1820.000000,4,1822.600000,1,1822.700000,1,1818.000000
ec2506,,13:39:34.500#,1848.800000,1873.400000,1751.100000,2181.900000,1580.000000,6087,8166.000000,1814.000000,2,1814.600000,1,1814.700000,1,1816.300000,1,1816.400000,1,1819.900000,1,1820.000000,4,1822.600000,1,1822.700000,1,1823.000000,1,1819.800000
ec2506,,13:39:35.0#,1848.800000,1873.400000,1751.100000,2181.900000,1580.000000,6087,8166.000000,1814.600000,1,1814.700000,1,1816.300000,1,1816.400000,1,1818.000000,1,1819.900000,1,1820.000000,4,1822.600000,1,1822.700000,1,1823.000000,1,1819.800000
ec2506,,13:39:35.500#,1848.800000,1873.400000,1751.100000,2181.900000,1580.000000,6087,8166.000000,1814.000000,1,1814.600000,1,1814.700000,1,1818.000000,1,1818.200000,1,1819.900000,1,1820.000000,4,1822.600000,1,1822.700000,1,1823.000000,1,1819.800000
ec2506,,13:39:36.0#,1848.800000,1873.400000,1751.100000,2181.900000,1580.000000,6088,8166.000000,1814.600000,1,1814.700000,1,1818.000000,1,1818.200000,1,1819.900000,3,1820.000000,4,1822.600000,1,1822.700000,1,1823.000000,1,1823.300000,1,1819.900000
ec2506,,13:39:36.500#,1848.800000,1873.400000,1751.100000,2181.900000,1580.000000,6090,8167.000000,1814.000000,1,1814.600000,1,1814.700000,1,1818.000000,1,1819.900000,3,1820.000000,2,1822.600000,1,1822.700000,1,1823.000000,1,1823.300000,1,1820.000000
ec2506,,13:39:37.500#,1848.800000,1873.400000,1751.100000,2181.900000,1580.000000,6090,8167.000000,1814.000000,1,1814.600000,1,1814.700000,1,1818.000000,1,1819.900000,3,1820.000000,2,1822.600000,1,1822.700000,1,1823.000000,1,1823.300000,1,1820.000000
ec2506,,13:39:38.0#,1848.800000,1873.400000,1751.100000,2181.900000,1580.000000,6090,8167.000000,1814.000000,1,1814.600000,1,1814.700000,1,1818.000000,1,1819.900000,3,1820.000000,2,1822.600000,1,1822.700000,1,1823.000000,1,1823.300000,1,1820.000000
ec2506,,13:39:38.500#,1848.800000,1873.400000,1751.100000,2181.900000,1580.000000,6090,8167.000000,1814.000000,1,1814.600000,1,1814.700000,1,1818.000000,1,1819.900000,3,1820.000000,2,1822.600000,1,1822.700000,1,1823.000000,1,1824.000000,1,1820.000000
ec2506,,13:39:39.0#,1848.800000,1873.400000,1751.100000,2181.900000,1580.000000,6090,8167.000000,1814.600000,1,1814.700000,1,1814.800000,1,1818.000000,1,1819.900000,3,1820.000000,2,1822.600000,1,1822.700000,1,1823.000000,1,1824.000000,1,1820.000000
ec2506,,13:39:42.0#,1848.800000,1873.400000,1751.100000,2181.900000,1580.000000,6090,8167.000000,1814.000000,1,1814.600000,1,1814.700000,1,1818.000000,1,1819.900000,3,1820.000000,2,1822.600000,1,1822.700000,1,1823.000000,1,1824.000000,1,1820.000000
ec2506,,13:39:42.500#,1848.800000,1873.400000,1751.100000,2181.900000,1580.000000,6092,8168.000000,1814.600000,1,1814.700000,1,1815.100000,1,1818.000000,1,1819.900000,3,1822.600000,1,1822.700000,1,1823.000000,1,1824.000000,1,1825.000000,3,1820.000000
ec2506,,13:39:43.0#,1848.800000,1873.400000,1751.100000,2181.900000,1580.000000,6092,8168.000000,1814.000000,1,1814.600000,1,1814.700000,1,1818.000000,1,1819.900000,3,1822.500000,2,1822.700000,1,1823.000000,1,1824.000000,1,1825.000000,3,1820.000000
ec2506,,13:39:43.500#,1848.800000,1873.400000,1751.100000,2181.900000,1580.000000,6092,8168.000000,1814.600000,1,1814.700000,1,1814.800000,1,1818.000000,1,1819.900000,3,1820.000000,2,1822.700000,1,1823.000000,1,1824.000000,1,1825.000000,3,1820.000000
ec2506,,13:39:44.500#,1848.800000,1873.400000,1751.100000,2181.900000,1580.000000,6092,8168.000000,1814.000000,1,1814.600000,1,1814.700000,1,1818.000000,1,1819.900000,3,1820.000000,2,1822.700000,1,1823.000000,1,1824.000000,1,1825.000000,3,1820.000000
ec2506,,13:39:45.0#,1848.800000,1873.400000,1751.100000,2181.900000,1580.000000,6092,8168.000000,1814.000000,1,1814.600000,1,1814.700000,1,1818.000000,1,1819.900000,3,1820.000000,2,1822.700000,1,1823.000000,1,1824.000000,1,1825.000000,3,1820.000000
ec2506,,13:39:49.0#,1848.800000,1873.400000,1751.100000,2181.900000,1580.000000,6093,8169.000000,1814.000000,1,1814.600000,1,1814.700000,1,1818.000000,1,1819.900000,3,1820.000000,1,1822.700000,1,1823.000000,1,1824.000000,1,1825.000000,3,1820.000000
ec2506,,13:39:49.500#,1848.800000,1873.400000,1751.100000,2181.900000,1580.000000,6093,8169.000000,1814.000000,1,1814.600000,1,1814.700000,1,1818.000000,1,1819.900000,3,1820.000000,1,1822.700000,1,1823.000000,1,1824.000000,1,1825.000000,3,1820.000000
ec2506,,13:39:51.0#,1848.800000,1873.400000,1751.100000,2181.900000,1580.000000,6097,8169.000000,1808.300000,1,1810.000000,2,1814.000000,1,1814.700000,1,1818.000000,1,1819.900000,3,1820.000000,1,1822.700000,1,1823.000000,1,1824.000000,1,1819.900000
ec2506,,13:39:51.500#,1848.800000,1873.400000,1751.100000,2181.900000,1580.000000,6097,8169.000000,1808.300000,1,1810.000000,2,1814.000000,1,1814.700000,1,1818.000000,1,1819.800000,3,1819.900000,3,1820.000000,1,1822.700000,1,1823.000000,1,1819.900000
ec2506,,13:39:52.500#,1848.800000,1873.400000,1751.100000,2181.900000,1580.000000,6097,8169.000000,1810.000000,2,1810.800000,1,1814.000000,1,1814.700000,1,1818.000000,1,1819.800000,2,1819.900000,1,1820.000000,1,1822.700000,1,1823.000000,1,1819.900000
ec2506,,13:39:53.0#,1848.800000,1873.400000,1751.100000,2181.900000,1580.000000,6097,8169.000000,1810.000000,2,1810.800000,1,1814.000000,1,1814.700000,1,1818.000000,1,1819.800000,1,1819.900000,1,1820.000000,1,1822.700000,1,1823.000000,1,1819.900000
ec2506,,13:39:55.0#,1848.800000,1873.400000,1751.100000,2181.900000,1580.000000,6097,8169.000000,1808.300000,1,1810.000000,2,1814.000000,1,1814.700000,1,1818.000000,1,1819.900000,1,1820.000000,1,1822.700000,1,1823.000000,1,1824.000000,1,1819.900000
ec2506,,13:39:55.500#,1848.800000,1873.400000,1751.100000,2181.900000,1580.000000,6097,8169.000000,1810.000000,2,1811.000000,1,1814.000000,1,1814.700000,1,1818.000000,1,1819.900000,1,1820.000000,1,1822.700000,1,1823.000000,1,1824.000000,1,1819.900000
ec2506,,13:39:57.0#,1848.800000,1873.400000,1751.100000,2181.900000,1580.000000,6097,8169.000000,1810.000000,2,1811.000000,1,1814.000000,1,1814.700000,1,1818.000000,1,1819.900000,1,1820.000000,1,1822.700000,1,1823.000000,1,1824.000000,1,1819.900000
ec2506,,13:39:57.500#,1848.800000,1873.400000,1751.100000,2181.900000,1580.000000,6097,8169.000000,1808.300000,1,1810.000000,3,1814.000000,1,1814.700000,1,1818.000000,1,1819.900000,1,1820.000000,1,1822.700000,1,1823.000000,1,1824.000000,1,1819.900000
ec2506,,13:39:58.0#,1848.800000,1873.400000,1751.100000,2181.900000,1580.000000,6097,8169.000000,1810.000000,3,1811.200000,1,1814.000000,1,1814.700000,1,1818.000000,1,1820.000000,1,1822.700000,1,1823.000000,1,1824.000000,1,1825.000000,3,1819.900000
ec2506,,13:39:59.500#,1848.800000,1873.400000,1751.100000,2181.900000,1580.000000,6097,8169.000000,1810.000000,3,1811.200000,1,1814.000000,1,1814.700000,1,1818.000000,1,1820.000000,1,1822.700000,1,1823.000000,1,1824.000000,1,1825.000000,3,1819.900000
ec2506,,13:40:00.0#,1848.800000,1873.400000,1751.100000,2181.900000,1580.000000,6097,8169.000000,1808.300000,1,1810.000000,2,1814.000000,1,1814.700000,1,1818.000000,1,1819.900000,1,1820.000000,1,1822.700000,1,1823.000000,1,1824.000000,1,1819.900000
ec2506,,13:40:00.500#,1848.800000,1873.400000,1751.100000,2181.900000,1580.000000,6097,8169.000000,1810.000000,3,1811.200000,1,1814.000000,1,1814.700000,1,1818.000000,1,1819.900000,1,1820.000000,1,1822.700000,1,1823.000000,1,1824.000000,1,1819.900000
ec2506,,13:40:01.0#,1848.800000,1873.400000,1751.100000,2181.900000,1580.000000,6097,8169.000000,1810.000000,3,1811.200000,1,1814.000000,1,1814.700000,1,1818.000000,1,1819.900000,1,1820.000000,1,1822.700000,1,1823.000000,1,1824.000000,1,1819.900000
ec2506,,13:40:01.500#,1848.800000,1873.400000,1751.100000,2181.900000,1580.000000,6098,8170.000000,1808.000000,1,1808.300000,1,1810.000000,3,1814.000000,1,1814.700000,1,1818.000000,1,1820.000000,1,1822.700000,1,1823.000000,1,1824.000000,1,1818.000000
ec2506,,13:40:02.0#,1848.800000,1873.400000,1751.100000,2181.900000,1580.000000,6098,8170.000000,1808.900000,1,1809.600000,1,1810.000000,2,1810.600000,1,1814.000000,1,1817.900000,1,1818.000000,1,1820.000000,1,1822.700000,1,1823.000000,1,1818.000000
ec2506,,13:40:02.500#,1848.800000,1873.400000,1751.100000,2181.900000,1580.000000,6100,8170.000000,1808.900000,1,1809.600000,1,1810.000000,2,1810.600000,1,1814.000000,1,1820.000000,1,1822.700000,1,1823.000000,1,1824.000000,1,1825.000000,3,1818.000000
ec2506,,13:40:03.0#,1848.800000,1873.400000,1751.100000,2181.900000,1580.000000,6100,8170.000000,1808.300000,1,1808.700000,1,1810.000000,2,1810.600000,1,1814.000000,1,1817.700000,1,1819.900000,1,1820.000000,1,1822.700000,1,1823.000000,1,1818.000000
ec2506,,13:40:03.500#,1848.800000,1873.400000,1751.100000,2181.900000,1580.000000,6100,8170.000000,1808.900000,1,1809.600000,1,1810.000000,2,1810.600000,1,1814.000000,1,1819.500000,1,1819.800000,1,1820.000000,1,1822.700000,1,1823.000000,1,1818.000000
ec2506,,13:40:04.0#,1848.800000,1873.400000,1751.100000,2181.900000,1580.000000,6101,8171.000000,1808.000000,1,1808.300000,1,1808.700000,1,1810.000000,2,1811.200000,1,1817.500000,1,1819.100000,1,1819.400000,1,1820.000000,1,1822.700000,1,1814.000000
ec2506,,13:40:04.500#,1848.800000,1873.400000,1751.100000,2181.900000,1580.000000,6101,8171.000000,1809.600000,2,1810.000000,2,1810.600000,1,1811.200000,1,1814.600000,1,1816.800000,1,1817.500000,1,1819.300000,1,1820.000000,1,1822.700000,1,1814.000000
ec2506,,13:40:05.0#,1848.800000,1873.400000,1751.100000,2181.900000,1580.000000,6101,8171.000000,1808.000000,1,1808.300000,1,1808.700000,1,1810.000000,2,1811.200000,1,1816.700000,1,1816.800000,1,1817.300000,1,1817.500000,1,1820.000000,1,1814.000000
ec2506,,13:40:05.500#,1848.800000,1873.400000,1751.100000,2181.900000,1580.000000,6101,8171.000000,1807.400000,1,1808.000000,1,1808.300000,1,1810.000000,2,1811.200000,1,1816.100000,1,1816.700000,2,1820.000000,1,1822.700000,1,1823.000000,1,1814.000000
ec2506,,13:40:06.0#,1848.800000,1873.400000,1751.100000,2181.900000,1580.000000,6101,8171.000000,1808.000000,1,1808.100000,1,1808.300000,1,1810.000000,2,1811.200000,1,1816.000000,1,1816.500000,1,1816.700000,1,1820.000000,1,1822.700000,1,1814.000000
ec2506,,13:40:06.500#,1848.800000,1873.400000,1751.100000,2181.900000,1580.000000,6101,8171.000000,1808.100000,1,1808.300000,1,1810.000000,2,1811.200000,1,1812.000000,1,1815.900000,2,1820.000000,1,1822.700000,1,1823.000000,1,1824.000000,1,1814.000000
ec2506,,13:40:07.0#,1848.800000,1873.400000,1751.100000,2181.900000,1580.000000,6101,8171.000000,1808.100000,1,1808.300000,1,1810.000000,2,1811.200000,1,1812.000000,1,1815.700000,1,1815.800000,2,1815.900000,1,1820.000000,1,1822.700000,1,1814.000000
ec2506,,13:40:07.500#,1848.800000,1873.400000,1751.100000,2181.900000,1580.000000,6101,8171.000000,1808.000000,1,1808.300000,1,1810.000000,2,1811.200000,1,1812.000000,1,1815.500000,1,1815.900000,1,1820.000000,1,1822.700000,1,1823.000000,1,1814.000000
ec2506,,13:40:08.0#,1848.800000,1873.400000,1751.100000,2181.900000,1580.000000,6103,8170.000000,1805.000000,1,1806.200000,1,1806.700000,1,1808.000000,1,1810.000000,2,1812.000000,11,1815.300000,1,1815.400000,1,1820.000000,1,1822.700000,1,1811.200000
ec2506,,13:40:08.500#,1848.800000,1873.400000,1751.100000,2181.900000,1580.000000,6105,8169.000000,1805.000000,1,1806.000000,1,1806.700000,2,1807.700000,1,1808.000000,1,1812.000000,11,1812.400000,1,1820.000000,1,1822.700000,1,1823.000000,1,1810.000000
ec2506,,13:40:09.0#,1848.800000,1873.400000,1751.100000,2181.900000,1580.000000,6105,8169.000000,1805.000000,1,1806.000000,1,1806.700000,2,1807.700000,1,1808.000000,1,1812.000000,11,1812.400000,1,1820.000000,1,1822.700000,1,1823.000000,1,1810.000000
ec2506,,13:40:09.500#,1848.800000,1873.400000,1751.100000,2181.900000,1580.000000,6105,8169.000000,1806.000000,1,1806.700000,2,1807.700000,1,1808.000000,1,1808.100000,2,1812.000000,11,1812.400000,1,1820.000000,1,1822.700000,1,1823.000000,1,1810.000000
ec2506,,13:40:10.500#,1848.800000,1873.400000,1751.100000,2181.900000,1580.000000,6107,8168.000000,1805.000000,1,1806.000000,1,1806.700000,2,1807.700000,1,1808.000000,1,1812.000000,11,1812.400000,1,1820.000000,1,1822.700000,1,1823.000000,1,1811.800000
ec2506,,13:40:11.0#,1848.800000,1873.400000,1751.100000,2181.900000,1580.000000,6107,8168.000000,1805.000000,1,1806.000000,1,1806.700000,2,1807.700000,1,1808.000000,1,1812.000000,11,1812.400000,1,1820.000000,1,1822.700000,1,1823.000000,1,1811.800000
ec2506,,13:40:12.0#,1848.800000,1873.400000,1751.100000,2181.900000,1580.000000,6108,8168.000000,1805.000000,1,1806.000000,1,1806.700000,2,1807.700000,1,1808.000000,1,1812.000000,11,1812.400000,1,1820.000000,1,1822.700000,1,1823.000000,1,1810.000000
ec2506,,13:40:12.500#,1848.800000,1873.400000,1751.100000,2181.900000,1580.000000,6108,8168.000000,1801.800000,1,1802.000000,1,1805.000000,1,1805.800000,1,1808.000000,1,1811.900000,2,1812.000000,11,1812.400000,1,1820.000000,1,1822.700000,1,1810.000000
ec2506,,13:40:13.0#,1848.800000,1873.400000,1751.100000,2181.900000,1580.000000,6108,8168.000000,1802.000000,1,1805.000000,1,1805.800000,1,1806.400000,1,1808.000000,1,1811.900000,2,1812.000000,11,1812.400000,1,1820.000000,1,1822.700000,1,1810.000000
ec2506,,13:40:13.500#,1848.800000,1873.400000,1751.100000,2181.900000,1580.000000,6108,8168.000000,1806.400000,1,1807.100000,1,1808.000000,1,1808.100000,1,1808.200000,2,1812.000000,11,1812.400000,1,1820.000000,1,1822.700000,1,1823.000000,1,1810.000000
ec2506,,13:40:14.0#,1848.800000,1873.400000,1751.100000,2181.900000,1580.000000,6108,8168.000000,1807.100000,1,1808.000000,1,1808.100000,1,1808.200000,3,1808.500000,1,1812.000000,11,1812.400000,1,1820.000000,1,1822.700000,1,1823.000000,1,1810.000000
ec2506,,13:40:14.500#,1848.800000,1873.400000,1751.100000,2181.900000,1580.000000,6108,8168.000000,1807.100000,2,1808.000000,1,1808.100000,1,1808.200000,1,1808.500000,1,1812.000000,11,1812.400000,1,1820.000000,1,1822.700000,1,1823.000000,1,1810.000000
ec2506,,13:40:15.0#,1848.800000,1873.400000,1751.100000,2181.900000,1580.000000,6108,8168.000000,1806.400000,1,1807.100000,1,1808.000000,1,1808.100000,1,1808.600000,3,1812.000000,11,1812.400000,1,1822.700000,1,1823.000000,1,1824.000000,1,1810.000000
ec2506,,13:40:15.500#,1848.800000,1873.400000,1751.100000,2181.900000,1580.000000,6108,8168.000000,1806.400000,1,1807.200000,1,1808.000000,1,1808.100000,1,1808.600000,3,1812.000000,11,1812.400000,1,1822.700000,1,1823.000000,1,1824.000000,1,1810.000000
ec2506,,13:40:16.0#,1848.800000,1873.400000,1751.100000,2181.900000,1580.000000,6108,8168.000000,1805.000000,1,1806.400000,1,1807.200000,1,1808.000000,1,1808.100000,1,1811.000000,2,1812.000000,10,1812.400000,1,1822.700000,1,1823.000000,1,1810.000000
ec2506,,13:40:16.500#,1848.800000,1873.400000,1751.100000,2181.900000,1580.000000,6108,8168.000000,1806.400000,1,1807.200000,2,1808.000000,1,1808.100000,1,1808.200000,2,1811.000000,2,1812.000000,11,1812.400000,1,1822.700000,1,1823.000000,1,1810.000000
ec2506,,13:40:17.0#,1848.800000,1873.400000,1751.100000,2181.900000,1580.000000,6108,8168.000000,1801.800000,1,1802.000000,1,1805.000000,1,1806.200000,1,1808.000000,1,1811.000000,2,1812.000000,11,1822.700000,1,1823.000000,1,1824.000000,1,1810.000000
ec2506,,13:40:17.500#,1848.800000,1873.400000,1751.100000,2181.900000,1580.000000,6108,8168.000000,1806.200000,1,1806.300000,1,1807.200000,1,1808.000000,1,1808.500000,1,1811.000000,2,1812.000000,11,1822.700000,1,1823.000000,1,1824.000000,1,1810.000000
ec2506,,13:40:18.0#,1848.800000,1873.400000,1751.100000,2181.900000,1580.000000,6108,8168.000000,1802.000000,1,1805.000000,1,1806.200000,1,1806.400000,1,1808.000000,1,1811.000000,2,1812.000000,11,1822.700000,1,1823.000000,1,1824.000000,1,1810.000000
ec2506,,13:40:18.500#,1848.800000,1873.400000,1751.100000,2181.900000,1580.000000,6108,8168.000000,1805.000000,1,1806.200000,1,1806.500000,1,1807.400000,1,1808.000000,1,1811.000000,2,1812.000000,11,1822.700000,1,1823.000000,1,1824.000000,1,1810.000000
ec2506,,13:40:19.0#,1848.800000,1873.400000,1751.100000,2181.900000,1580.000000,6108,8168.000000,1805.000000,1,1806.200000,1,1806.600000,1,1808.000000,1,1808.200000,1,1811.000000,2,1812.000000,11,1822.700000,1,1823.000000,1,1824.000000,1,1810.000000
ec2506,,13:40:19.500#,1848.800000,1873.400000,1751.100000,2181.900000,1580.000000,6108,8168.000000,1806.500000,1,1806.600000,1,1807.400000,1,1808.000000,1,1808.300000,2,1811.000000,2,1812.000000,11,1822.700000,1,1823.000000,1,1824.000000,1,1810.000000
ec2506,,13:40:20.0#,1848.800000,1873.400000,1751.100000,2181.900000,1580.000000,6108,8168.000000,1801.800000,1,1802.000000,1,1805.000000,1,1806.200000,1,1808.000000,1,1811.000000,2,1812.000000,11,1822.700000,1,1823.000000,1,1824.000000,1,1810.000000
ec2506,,13:40:20.500#,1848.800000,1873.400000,1751.100000,2181.900000,1580.000000,6108,8168.000000,1806.200000,1,1806.300000,1,1807.100000,2,1808.000000,2,1808.100000,2,1811.000000,2,1812.000000,11,1822.700000,1,1823.000000,1,1824.000000,1,1810.000000
ec2506,,13:40:21.500#,1848.800000,1873.400000,1751.100000,2181.900000,1580.000000,6108,8168.000000,1805.000000,1,1806.300000,1,1807.100000,2,1808.000000,2,1808.400000,1,1811.000000,2,1812.000000,11,1822.700000,1,1823.000000,1,1824.000000,1,1810.000000
ec2506,,13:40:22.0#,1848.800000,1873.400000,1751.100000,2181.900000,1580.000000,6108,8168.000000,1802.000000,1,1805.000000,1,1808.000000,1,1808.400000,1,1808.500000,2,1811.000000,2,1812.000000,11,1822.700000,1,1823.000000,1,1824.000000,1,1810.000000
ec2506,,13:40:22.500#,1848.800000,1873.400000,1751.100000,2181.900000,1580.000000,6108,8168.000000,1806.100000,1,1806.600000,2,1807.500000,1,1808.000000,1,1808.500000,2,1811.000000,2,1812.000000,11,1822.700000,1,1823.000000,1,1824.000000,1,1810.000000
ec2506,,13:40:24.500#,1848.800000,1873.400000,1751.100000,2181.900000,1580.000000,6108,8168.000000,1805.000000,1,1806.100000,1,1806.600000,1,1808.000000,1,1808.700000,1,1811.000000,2,1812.000000,11,1822.700000,1,1823.000000,1,1824.000000,1,1810.000000
ec2506,,13:40:25.0#,1848.800000,1873.400000,1751.100000,2181.900000,1580.000000,6108,8168.000000,1806.100000,1,1807.700000,1,1808.000000,1,1808.700000,1,1808.800000,2,1811.000000,2,1812.000000,11,1822.700000,1,1823.000000,1,1824.000000,1,1810.000000
ec2506,,13:40:25.500#,1848.800000,1873.400000,1751.100000,2181.900000,1580.000000,6108,8168.000000,1806.800000,1,1807.700000,1,1808.000000,1,1808.700000,1,1808.800000,2,1811.000000,2,1812.000000,11,1822.700000,1,1823.000000,1,1824.000000,1,1810.000000
ec2506,,13:40:26.0#,1848.800000,1873.400000,1751.100000,2181.900000,1580.000000,6108,8168.000000,1806.100000,1,1806.800000,1,1806.900000,1,1808.000000,1,1808.700000,1,1811.000000,2,1812.000000,11,1822.700000,1,1823.000000,1,1824.000000,1,1810.000000
ec2506,,13:40:26.500#,1848.800000,1873.400000,1751.100000,2181.900000,1580.000000,6108,8168.000000,1806.400000,1,1806.900000,1,1808.000000,2,1808.700000,1,1808.800000,2,1811.000000,2,1812.000000,11,1822.700000,1,1823.000000,1,1824.000000,1,1810.000000
ec2506,,13:40:27.0#,1848.800000,1873.400000,1751.100000,2181.900000,1580.000000,6108,8168.000000,1802.000000,1,1805.000000,1,1806.100000,1,1808.000000,1,1808.700000,1,1811.000000,2,1812.000000,11,1822.700000,1,1823.000000,1,1824.000000,1,1810.000000
ec2506,,13:40:27.500#,1848.800000,1873.400000,1751.100000,2181.900000,1580.000000,6109,8167.000000,1806.500000,1,1807.400000,1,1808.000000,1,1808.700000,1,1808.800000,1,1811.000000,1,1812.000000,11,1822.700000,1,1823.000000,1,1824.000000,1,1811.000000
ec2506,,13:40:28.0#,1848.800000,1873.400000,1751.100000,2181.900000,1580.000000,6110,8167.000000,1808.000000,1,1808.700000,1,1808.800000,1,1808.900000,2,1809.700000,1,1811.000000,1,1812.000000,1,1822.700000,1,1823.000000,1,1824.000000,1,1811.000000
ec2506,,13:40:28.500#,1848.800000,1873.400000,1751.100000,2181.900000,1580.000000,6112,8169.000000,1809.700000,1,1811.000000,4,1812.000000,5,1812.200000,1,1812.400000,1,1822.700000,1,1823.000000,1,1824.000000,1,1825.000000,3,1827.600000,2,1812.000000
ec2506,,13:40:29.0#,1848.800000,1873.400000,1751.100000,2181.900000,1580.000000,6112,8169.000000,1811.400000,1,1812.000000,2,1812.500000,1,1813.100000,1,1813.200000,1,1821.900000,1,1822.600000,1,1822.700000,1,1823.000000,1,1824.000000,1,1812.000000
ec2506,,13:40:29.500#,1848.800000,1873.400000,1751.100000,2181.900000,1580.000000,6112,8169.000000,1812.000000,1,1812.500000,1,1813.200000,1,1813.400000,1,1814.700000,1,1821.900000,1,1822.600000,1,1822.700000,1,1823.000000,1,1824.000000,1,1812.000000
ec2506,,13:40:30.0#,1848.800000,1873.400000,1751.100000,2181.900000,1580.000000,6112,8169.000000,1812.500000,1,1813.200000,1,1814.700000,1,1814.900000,1,1815.000000,2,1821.800000,2,1822.600000,1,1822.700000,1,1823.000000,1,1824.000000,1,1812.000000
ec2506,,13:40:30.500#,1848.800000,1873.400000,1751.100000,2181.900000,1580.000000,6112,8169.000000,1812.000000,1,1812.500000,1,1813.200000,1,1815.000000,2,1815.200000,1,1822.600000,1,1822.700000,1,1823.000000,1,1824.000000,1,1825.000000,3,1812.000000
ec2506,,13:40:31.0#,1848.800000,1873.400000,1751.100000,2181.900000,1580.000000,6112,8169.000000,1813.200000,1,1815.100000,1,1815.400000,1,1815.800000,1,1815.900000,1,1822.400000,1,1822.500000,1,1822.700000,1,1823.000000,1,1824.000000,1,1812.000000
ec2506,,13:40:31.500#,1848.800000,1873.400000,1751.100000,2181.900000,1580.000000,6112,8169.000000,1813.200000,1,1815.100000,1,1815.800000,1,1815.900000,1,1816.100000,1,1822.300000,1,1822.400000,1,1822.700000,1,1823.000000,1,1824.000000,1,1812.000000
ec2506,,13:40:32.0#,1848.800000,1873.400000,1751.100000,2181.900000,1580.000000,6112,8169.000000,1813.200000,1,1815.100000,1,1815.800000,1,1816.300000,1,1816.400000,1,1822.300000,1,1822.400000,1,1822.700000,1,1823.000000,1,1824.000000,1,1812.000000
ec2506,,13:40:32.500#,1848.800000,1873.400000,1751.100000,2181.900000,1580.000000,6112,8169.000000,1813.200000,1,1815.100000,1,1815.800000,1,1816.400000,1,1816.600000,1,1822.300000,1,1822.400000,1,1822.600000,1,1822.700000,1,1823.000000,1,1812.000000
ec2506,,13:40:33.0#,1848.800000,1873.400000,1751.100000,2181.900000,1580.000000,6112,8169.000000,1812.500000,1,1813.200000,1,1815.100000,1,1815.800000,1,1816.800000,1,1821.800000,1,1821.900000,1,1822.400000,1,1822.600000,1,1822.700000,1,1812.000000
ec2506,,13:40:33.500#,1848.800000,1873.400000,1751.100000,2181.900000,1580.000000,6112,8169.000000,1813.200000,1,1815.100000,1,1815.800000,1,1816.900000,1,1817.000000,1,1821.800000,1,1821.900000,1,1822.400000,1,1822.600000,1,1822.700000,1,1812.000000
ec2506,,13:40:34.0#,1848.800000,1873.400000,1751.100000,2181.900000,1580.000000,6112,8169.000000,1812.500000,1,1813.200000,1,1815.100000,1,1815.800000,1,1817.200000,1,1821.800000,1,1821.900000,1,1822.400000,1,1822.600000,2,1822.700000,1,1812.000000
ec2506,,13:40:34.500#,1848.800000,1873.400000,1751.100000,2181.900000,1580.000000,6112,8169.000000,1813.200000,1,1815.100000,1,1815.800000,1,1817.400000,1,1817.500000,1,1821.600000,1,1821.700000,1,1821.900000,1,1822.400000,1,1822.600000,2,1812.000000
ec2506,,13:40:35.0#,1848.800000,1873.400000,1751.100000,2181.900000,1580.000000,6112,8169.000000,1813.200000,1,1815.100000,1,1815.800000,1,1817.500000,1,1817.700000,1,1821.900000,1,1822.400000,1,1822.600000,2,1822.700000,1,1823.000000,1,1812.000000
ec2506,,13:40:35.500#,1848.800000,1873.400000,1751.100000,2181.900000,1580.000000,6112,8169.000000,1812.500000,1,1813.200000,1,1815.100000,1,1817.900000,1,1818.000000,1,1821.000000,1,1821.900000,1,1822.400000,1,1822.600000,2,1822.700000,1,1812.000000
ec2506,,13:40:36.0#,1848.800000,1873.400000,1751.100000,2181.900000,1580.000000,6112,8169.000000,1812.500000,1,1813.200000,1,1815.100000,1,1818.000000,1,1818.200000,1,1821.000000,1,1822.400000,1,1822.600000,2,1822.700000,1,1823.000000,1,1812.000000
ec2506,,13:40:37.0#,1848.800000,1873.400000,1751.100000,2181.900000,1580.000000,6112,8169.000000,1811.400000,1,1812.500000,1,1813.200000,1,1815.100000,1,1818.400000,1,1821.000000,1,1822.400000,1,1822.600000,2,1822.700000,1,1823.000000,1,1812.000000
ec2506,,13:40:37.500#,1848.800000,1873.400000,1751.100000,2181.900000,1580.000000,6112,8169.000000,1811.400000,1,1812.500000,1,1813.200000,1,1815.100000,1,1818.400000,1,1821.000000,1,1822.400000,1,1822.600000,2,1822.700000,1,1823.000000,1,1812.000000
ec2506,,13:40:38.500#,1848.800000,1873.400000,1751.100000,2181.900000,1580.000000,6112,8169.000000,1811.400000,1,1812.500000,1,1813.300000,1,1813.400000,2,1813.800000,1,1820.900000,1,1821.000000,1,1822.400000,1,1822.600000,2,1822.700000,1,1812.000000
ec2506,,13:40:39.0#,1848.800000,1873.400000,1751.100000,2181.900000,1580.000000,6112,8169.000000,1813.300000,1,1813.400000,1,1813.800000,1,1813.900000,1,1814.000000,1,1820.400000,1,1820.800000,1,1820.900000,1,1821.000000,1,1822.400000,1,1812.000000
ec2506,,13:40:39.500#,1848.800000,1873.400000,1751.100000,2181.900000,1580.000000,6112,8169.000000,1812.500000,1,1813.300000,1,1813.800000,1,1814.200000,1,1814.300000,1,1820.900000,1,1821.000000,1,1822.400000,1,1822.600000,2,1822.700000,1,1812.000000
ec2506,,13:40:40.0#,1848.800000,1873.400000,1751.100000,2181.900000,1580.000000,6112,8169.000000,1811.000000,1,1811.400000,1,1812.500000,1,1814.300000,2,1814.500000,1,1820.800000,1,1820.900000,1,1821.000000,1,1822.400000,1,1822.600000,2,1812.000000
ec2506,,13:40:40.500#,1848.800000,1873.400000,1751.100000,2181.900000,1580.000000,6112,8169.000000,1811.000000,1,1811.400000,1,1812.500000,1,1814.300000,2,1814.700000,1,1820.100000,1,1820.900000,1,1821.000000,1,1822.400000,1,1822.600000,2,1812.000000
ec2506,,13:40:41.0#,1848.800000,1873.400000,1751.100000,2181.900000,1580.000000,6112,8169.000000,1811.400000,1,1812.500000,1,1814.300000,2,1814.700000,1,1814.800000,1,1820.100000,1,1820.900000,1,1821.000000,1,1822.400000,1,1822.600000,2,1812.000000
ec2506,,13:40:41.500#,1848.800000,1873.400000,1751.100000,2181.900000,1580.000000,6112,8169.000000,1811.000000,1,1811.400000,1,1812.500000,1,1814.300000,2,1814.900000,1,1820.100000,1,1821.000000,1,1822.400000,1,1822.600000,2,1822.700000,1,1812.000000
ec2506,,13:40:42.0#,1848.800000,1873.400000,1751.100000,2181.900000,1580.000000,6112,8169.000000,1811.400000,1,1812.500000,1,1814.300000,2,1815.000000,1,1815.100000,1,1821.000000,1,1822.400000,1,1822.600000,2,1822.700000,1,1823.000000,1,1812.000000
ec2506,,13:40:42.500#,1848.800000,1873.400000,1751.100000,2181.900000,1580.000000,6112,8169.000000,1808.000000,1,1811.000000,1,1811.400000,1,1812.500000,1,1814.300000,2,1820.900000,1,1821.000000,1,1822.400000,1,1822.600000,2,1822.700000,1,1812.000000
ec2506,,13:40:43.0#,1848.800000,1873.400000,1751.100000,2181.900000,1580.000000,6113,8169.000000,1805.000000,1,1806.100000,1,1808.000000,1,1811.000000,1,1811.400000,1,1820.500000,2,1820.600000,1,1820.800000,1,1820.900000,1,1821.000000,1,1814.300000
ec2506,,13:40:43.500#,1848.800000,1873.400000,1751.100000,2181.900000,1580.000000,6114,8168.000000,1808.000000,2,1808.300000,1,1809.600000,1,1811.000000,1,1811.600000,1,1818.700000,1,1819.800000,3,1819.900000,1,1820.100000,1,1820.400000,1,1811.400000
ec2506,,13:40:44.0#,1848.800000,1873.400000,1751.100000,2181.900000,1580.000000,6114,8168.000000,1808.200000,1,1808.300000,2,1809.600000,1,1811.000000,1,1811.800000,1,1817.700000,1,1817.800000,1,1818.600000,1,1819.800000,2,1820.100000,1,1811.400000
ec2506,,13:40:44.500#,1848.800000,1873.400000,1751.100000,2181.900000,1580.000000,6114,8168.000000,1808.200000,1,1808.300000,2,1809.600000,1,1811.000000,1,1811.800000,1,1817.400000,1,1817.600000,1,1817.700000,1,1817.800000,1,1819.800000,2,1811.400000
ec2506,,13:40:45.0#,1848.800000,1873.400000,1751.100000,2181.900000,1580.000000,6114,8168.000000,1808.200000,1,1808.300000,2,1809.600000,1,1811.000000,1,1812.000000,1,1817.400000,1,1817.600000,1,1817.800000,1,1819.800000,2,1820.400000,1,1811.400000
ec2506,,13:40:45.500#,1848.800000,1873.400000,1751.100000,2181.900000,1580.000000,6114,8168.000000,1808.200000,1,1808.300000,2,1809.600000,1,1811.000000,1,1812.200000,1,1817.300000,1,1817.400000,1,1817.600000,1,1817.800000,1,1819.800000,2,1811.400000
ec2506,,13:40:46.0#,1848.800000,1873.400000,1751.100000,2181.900000,1580.000000,6114,8168.000000,1808.200000,1,1808.300000,2,1809.600000,1,1811.000000,1,1812.400000,1,1817.600000,1,1817.800000,1,1819.800000,2,1820.000000,1,1820.400000,1,1811.400000
ec2506,,13:40:46.500#,1848.800000,1873.400000,1751.100000,2181.900000,1580.000000,6114,8168.000000,1808.200000,1,1808.300000,2,1809.600000,1,1811.000000,1,1812.600000,1,1817.500000,1,1817.600000,1,1817.800000,1,1819.800000,2,1820.000000,1,1811.400000
ec2506,,13:40:47.0#,1848.800000,1873.400000,1751.100000,2181.900000,1580.000000,6114,8168.000000,1808.200000,1,1808.300000,2,1809.600000,1,1811.000000,1,1812.800000,1,1817.600000,1,1817.800000,1,1819.800000,2,1820.000000,1,1820.400000,1,1811.400000
ec2506,,13:40:47.500#,1848.800000,1873.400000,1751.100000,2181.900000,1580.000000,6114,8168.000000,1808.300000,2,1809.600000,1,1811.000000,1,1812.800000,1,1812.900000,1,1817.500000,1,1819.800000,2,1820.000000,1,1820.400000,1,1820.900000,1,1811.400000
ec2506,,13:40:48.500#,1848.800000,1873.400000,1751.100000,2181.900000,1580.000000,6114,8168.000000,1808.200000,1,1808.300000,2,1809.600000,1,1811.000000,1,1812.800000,1,1819.800000,2,1820.000000,1,1820.400000,1,1820.900000,1,1822.600000,2,1811.400000
ec2506,,13:40:49.0#,1848.800000,1873.400000,1751.100000,2181.900000,1580.000000,6116,8169.000000,1808.200000,1,1808.300000,2,1809.600000,1,1811.000000,1,1812.900000,1,1818.700000,3,1818.800000,1,1819.500000,3,1819.700000,1,1819.800000,1,1812.800000
ec2506,,13:40:49.500#,1848.800000,1873.400000,1751.100000,2181.900000,1580.000000,6116,8169.000000,1808.000000,2,1808.200000,1,1808.300000,2,1809.600000,1,1811.000000,1,1812.800000,10,1818.300000,1,1818.500000,2,1818.600000,1,1818.700000,2,1812.800000
ec2506,,13:40:50.0#,1848.800000,1873.400000,1751.100000,2181.900000,1580.000000,6116,8169.000000,1808.200000,1,1808.300000,2,1809.600000,1,1811.000000,1,1811.300000,2,1812.800000,10,1818.500000,2,1819.500000,1,1820.000000,1,1820.400000,1,1812.800000
ec2506,,13:40:50.500#,1848.800000,1873.400000,1751.100000,2181.900000,1580.000000,6117,8169.000000,1808.200000,1,1808.300000,2,1809.600000,1,1811.000000,1,1811.100000,3,1812.800000,9,1818.500000,2,1819.500000,1,1820.000000,1,1820.400000,1,1812.800000
ec2506,,13:40:51.0#,1848.800000,1873.400000,1751.100000,2181.900000,1580.000000,6117,8169.000000,1808.300000,1,1808.400000,2,1809.700000,1,1811.000000,1,1811.100000,3,1812.800000,9,1818.500000,2,1819.500000,1,1820.000000,1,1820.400000,1,1812.800000
ec2506,,13:40:51.500#,1848.800000,1873.400000,1751.100000,2181.900000,1580.000000,6117,8169.000000,1808.300000,1,1808.400000,2,1809.700000,1,1811.000000,1,1811.100000,2,1812.800000,9,1818.500000,2,1820.000000,1,1820.400000,1,1820.900000,1,1812.800000
ec2506,,13:40:52.0#,1848.800000,1873.400000,1751.100000,2181.900000,1580.000000,6117,8169.000000,1807.500000,1,1808.000000,1,1808.300000,1,1809.600000,1,1811.000000,1,1812.800000,9,1818.500000,2,1820.000000,1,1820.400000,1,1820.900000,1,1812.800000
ec2506,,13:40:52.500#,1848.800000,1873.400000,1751.100000,2181.900000,1580.000000,6117,8169.000000,1807.700000,1,1808.000000,1,1808.300000,2,1809.600000,1,1811.000000,1,1812.800000,9,1818.500000,2,1820.000000,1,1820.400000,1,1820.900000,1,1812.800000
ec2506,,13:40:53.0#,1848.800000,1873.400000,1751.100000,2181.900000,1580.000000,6117,8169.000000,1807.700000,1,1808.000000,1,1808.300000,2,1809.600000,1,1811.000000,1,1812.800000,9,1818.500000,2,1820.000000,1,1820.400000,1,1822.600000,2,1812.800000
ec2506,,13:40:53.500#,1848.800000,1873.400000,1751.100000,2181.900000,1580.000000,6117,8169.000000,1807.700000,1,1808.000000,1,1808.300000,2,1809.600000,1,1811.000000,1,1812.800000,9,1818.500000,2,1820.000000,1,1820.400000,1,1822.600000,2,1812.800000
ec2506,,13:40:54.0#,1848.800000,1873.400000,1751.100000,2181.900000,1580.000000,6117,8169.000000,1807.700000,1,1808.000000,1,1808.300000,2,1809.600000,1,1811.000000,1,1812.800000,9,1818.500000,2,1820.000000,1,1820.400000,1,1822.600000,2,1812.800000
ec2506,,13:40:54.500#,1848.800000,1873.400000,1751.100000,2181.900000,1580.000000,6117,8169.000000,1807.700000,1,1808.000000,1,1808.300000,2,1809.600000,1,1811.000000,1,1812.800000,9,1818.500000,2,1820.000000,1,1820.400000,1,1822.600000,2,1812.800000
ec2506,,13:40:55.0#,1848.800000,1873.400000,1751.100000,2181.900000,1580.000000,6117,8169.000000,1807.700000,1,1808.000000,1,1808.300000,2,1809.600000,1,1811.000000,1,1812.800000,9,1818.500000,2,1820.000000,1,1820.400000,1,1822.000000,1,1812.800000
ec2506,,13:40:55.500#,1848.800000,1873.400000,1751.100000,2181.900000,1580.000000,6117,8169.000000,1807.700000,1,1808.000000,1,1808.300000,2,1809.600000,1,1811.000000,1,1812.800000,9,1818.500000,2,1820.000000,1,1820.400000,1,1822.000000,1,1812.800000
ec2506,,13:40:56.0#,1848.800000,1873.400000,1751.100000,2181.900000,1580.000000,6117,8169.000000,1807.700000,1,1808.000000,1,1808.300000,2,1809.600000,1,1811.000000,1,1812.800000,9,1818.300000,1,1818.500000,2,1820.000000,1,1820.400000,1,1812.800000
ec2506,,13:40:56.500#,1848.800000,1873.400000,1751.100000,2181.900000,1580.000000,6117,8169.000000,1807.700000,1,1808.000000,1,1808.300000,2,1809.000000,1,1811.000000,1,1812.800000,9,1818.300000,1,1818.500000,2,1820.000000,1,1820.400000,1,1812.800000
ec2506,,13:40:58.0#,1848.800000,1873.400000,1751.100000,2181.900000,1580.000000,6117,8169.000000,1808.000000,1,1808.300000,2,1809.000000,1,1811.000000,1,1811.100000,2,1812.800000,9,1818.300000,1,1818.500000,2,1820.000000,1,1820.400000,1,1812.800000
ec2506,,13:40:58.500#,1848.800000,1873.400000,1751.100000,2181.900000,1580.000000,6117,8169.000000,1808.000000,1,1808.300000,2,1809.000000,1,1811.000000,1,1811.100000,2,1812.800000,9,1818.300000,1,1818.500000,2,1820.000000,1,1820.400000,1,1812.800000
ec2506,,13:40:59.500#,1848.800000,1873.400000,1751.100000,2181.900000,1580.000000,6117,8169.000000,1807.700000,1,1808.000000,1,1808.300000,1,1811.000000,1,1811.100000,2,1812.800000,9,1818.300000,1,1818.500000,2,1820.000000,1,1820.400000,1,1812.800000
ec2506,,13:41:00.0#,1848.800000,1873.400000,1751.100000,2181.900000,1580.000000,6117,8169.000000,1806.500000,1,1807.200000,1,1808.000000,1,1811.000000,1,1811.100000,2,1812.800000,9,1818.300000,1,1818.500000,2,1820.000000,1,1820.400000,1,1812.800000
ec2506,,13:41:00.500#,1848.800000,1873.400000,1751.100000,2181.900000,1580.000000,6117,8169.000000,1806.500000,1,1807.200000,1,1808.000000,1,1811.000000,1,1811.100000,2,1812.800000,9,1818.300000,1,1818.500000,2,1820.000000,1,1820.400000,1,1812.800000
ec2506,,13:41:02.0#,1848.800000,1873.400000,1751.100000,2181.900000,1580.000000,6117,8169.000000,1808.000000,1,1810.200000,1,1810.400000,1,1811.000000,3,1811.700000,1,1812.800000,9,1818.300000,1,1818.500000,2,1820.000000,1,1820.400000,1,1812.800000
ec2506,,13:41:03.0#,1848.800000,1873.400000,1751.100000,2181.900000,1580.000000,6118,8168.000000,1808.000000,1,1810.200000,1,1810.400000,1,1811.000000,3,1811.700000,1,1812.800000,8,1815.000000,1,1818.300000,1,1818.500000,2,1820.000000,1,1812.800000
ec2506,,13:41:03.500#,1848.800000,1873.400000,1751.100000,2181.900000,1580.000000,6119,8168.000000,1808.000000,1,1810.200000,1,1810.400000,1,1811.000000,3,1811.700000,1,1812.800000,7,1815.000000,1,1818.300000,1,1818.500000,2,1820.000000,1,1812.800000
ec2506,,13:41:04.0#,1848.800000,1873.400000,1751.100000,2181.900000,1580.000000,6120,8168.000000,1810.200000,1,1810.400000,1,1811.000000,3,1811.700000,1,1811.800000,2,1812.800000,6,1815.000000,1,1818.300000,1,1818.500000,2,1820.400000,1,1812.800000
ec2506,,13:41:04.500#,1848.800000,1873.400000,1751.100000,2181.900000,1580.000000,6120,8168.000000,1810.200000,1,1810.400000,1,1811.000000,3,1811.700000,1,1811.800000,2,1812.800000,6,1815.000000,1,1818.300000,1,1818.500000,2,1820.400000,1,1812.800000
ec2506,,13:41:06.0#,1848.800000,1873.400000,1751.100000,2181.900000,1580.000000,6120,8168.000000,1810.200000,1,1810.400000,1,1811.000000,3,1811.700000,1,1811.800000,2,1812.800000,6,1815.000000,1,1818.300000,1,1818.500000,2,1820.400000,1,1812.800000
ec2506,,13:41:06.500#,1848.800000,1873.400000,1751.100000,2181.900000,1580.000000,6120,8168.000000,1810.200000,1,1810.400000,1,1811.000000,3,1811.700000,1,1811.800000,2,1812.800000,6,1815.000000,1,1818.300000,1,1818.500000,2,1820.400000,1,1812.800000
ec2506,,13:41:07.0#,1848.800000,1873.400000,1751.100000,2181.900000,1580.000000,6121,8168.000000,1808.000000,1,1808.100000,1,1810.400000,1,1811.000000,1,1811.800000,2,1812.800000,5,1815.000000,1,1818.300000,1,1818.500000,2,1820.400000,1,1812.800000
ec2506,,13:41:07.500#,1848.800000,1873.400000,1751.100000,2181.900000,1580.000000,6121,8168.000000,1808.000000,1,1808.100000,1,1810.400000,1,1811.000000,1,1811.800000,2,1812.800000,5,1815.000000,1,1818.300000,1,1818.500000,2,1820.400000,1,1812.800000
ec2506,,13:41:08.0#,1848.800000,1873.400000,1751.100000,2181.900000,1580.000000,6121,8168.000000,1807.900000,1,1808.000000,1,1808.100000,1,1811.000000,1,1811.800000,2,1812.800000,5,1815.000000,1,1818.300000,1,1818.500000,2,1820.400000,1,1812.800000
ec2506,,13:41:08.500#,1848.800000,1873.400000,1751.100000,2181.900000,1580.000000,6121,8168.000000,1805.000000,1,1808.000000,1,1808.100000,1,1811.000000,1,1811.800000,2,1812.800000,5,1815.000000,1,1818.300000,1,1818.500000,2,1820.400000,1,1812.800000
ec2506,,13:41:09.0#,1848.800000,1873.400000,1751.100000,2181.900000,1580.000000,6121,8168.000000,1807.300000,1,1808.000000,2,1808.100000,1,1811.000000,1,1811.800000,2,1812.800000,5,1815.000000,1,1818.300000,1,1818.500000,2,1820.400000,1,1812.800000
ec2506,,13:41:09.500#,1848.800000,1873.400000,1751.100000,2181.900000,1580.000000,6121,8168.000000,1807.300000,1,1808.000000,2,1808.100000,1,1811.000000,1,1811.800000,2,1812.800000,5,1815.000000,1,1818.300000,1,1818.500000,2,1820.400000,1,1812.800000
ec2506,,13:41:10.0#,1848.800000,1873.400000,1751.100000,2181.900000,1580.000000,6121,8168.000000,1807.300000,1,1808.000000,2,1808.100000,1,1811.000000,1,1811.800000,2,1812.800000,5,1815.000000,1,1818.300000,1,1818.500000,2,1820.400000,1,1812.800000
ec2506,,13:41:10.500#,1848.800000,1873.400000,1751.100000,2181.900000,1580.000000,6121,8168.000000,1805.000000,1,1808.000000,1,1808.100000,1,1811.000000,1,1811.800000,2,1812.800000,5,1815.000000,1,1818.300000,1,1818.500000,2,1820.400000,1,1812.800000
ec2506,,13:41:11.0#,1848.800000,1873.400000,1751.100000,2181.900000,1580.000000,6121,8168.000000,1807.800000,2,1808.000000,1,1808.100000,1,1811.000000,1,1811.800000,2,1812.800000,5,1815.000000,1,1818.300000,1,1818.500000,2,1820.400000,1,1812.800000
ec2506,,13:41:11.500#,1848.800000,1873.400000,1751.100000,2181.900000,1580.000000,6122,8168.000000,1807.800000,2,1808.000000,1,1808.100000,1,1811.000000,1,1811.800000,2,1812.800000,4,1815.000000,1,1818.300000,1,1818.500000,2,1820.400000,1,1812.800000
ec2506,,13:41:12.0#,1848.800000,1873.400000,1751.100000,2181.900000,1580.000000,6122,8168.000000,1805.000000,1,1808.000000,1,1808.100000,2,1811.000000,1,1811.800000,2,1812.800000,4,1815.000000,1,1818.300000,1,1818.500000,2,1820.400000,1,1812.800000
ec2506,,13:41:13.0#,1848.800000,1873.400000,1751.100000,2181.900000,1580.000000,6126,8168.000000,1808.000000,1,1808.100000,2,1811.000000,1,1811.800000,2,1811.900000,1,1815.000000,1,1818.300000,1,1818.500000,1,1820.400000,1,1822.000000,1,1812.800000
ec2506,,13:41:13.500#,1848.800000,1873.400000,1751.100000,2181.900000,1580.000000,6126,8168.000000,1808.000000,1,1808.100000,2,1811.000000,1,1811.900000,1,1812.000000,1,1815.000000,1,1818.300000,1,1818.500000,1,1820.400000,1,1822.000000,1,1812.800000
ec2506,,13:41:14.500#,1848.800000,1873.400000,1751.100000,2181.900000,1580.000000,6126,8168.000000,1808.000000,1,1808.100000,2,1811.000000,1,1811.900000,1,1812.000000,1,1815.000000,1,1818.300000,1,1818.500000,1,1820.400000,1,1822.000000,1,1812.800000
ec2506,,13:41:15.0#,1848.800000,1873.400000,1751.100000,2181.900000,1580.000000,6126,8168.000000,1808.000000,1,1808.100000,2,1811.000000,1,1811.900000,1,1812.000000,1,1815.000000,1,1818.300000,1,1818.500000,1,1820.400000,1,1822.000000,1,1812.800000
ec2506,,13:41:15.500#,1848.800000,1873.400000,1751.100000,2181.900000,1580.000000,6126,8168.000000,1808.000000,1,1808.100000,2,1811.000000,1,1811.900000,1,1812.000000,1,1815.000000,1,1818.300000,1,1818.500000,1,1820.400000,1,1822.000000,1,1812.800000
ec2506,,13:41:16.0#,1848.800000,1873.400000,1751.100000,2181.900000,1580.000000,6126,8168.000000,1808.100000,2,1811.000000,1,1811.900000,1,1812.000000,1,1812.100000,1,1815.000000,1,1818.300000,1,1818.500000,1,1822.000000,1,1822.600000,2,1812.800000
ec2506,,13:41:16.500#,1848.800000,1873.400000,1751.100000,2181.900000,1580.000000,6126,8168.000000,1808.100000,1,1811.000000,1,1811.900000,1,1812.100000,2,1812.200000,2,1815.000000,1,1818.300000,1,1818.500000,1,1822.000000,1,1822.600000,2,1812.800000
ec2506,,13:41:17.0#,1848.800000,1873.400000,1751.100000,2181.900000,1580.000000,6127,8167.000000,1811.000000,1,1811.900000,1,1812.200000,3,1812.300000,1,1812.400000,1,1818.500000,1,1822.000000,1,1822.600000,2,1822.700000,1,1823.000000,1,1815.000000
ec2506,,13:41:17.500#,1848.800000,1873.400000,1751.100000,2181.900000,1580.000000,6127,8167.000000,1811.900000,1,1812.600000,1,1812.900000,2,1813.000000,4,1814.100000,1,1818.000000,1,1822.000000,1,1822.600000,2,1822.700000,1,1823.000000,1,1815.000000
ec2506,,13:41:18.0#,1848.800000,1873.400000,1751.100000,2181.900000,1580.000000,6127,8167.000000,1811.900000,1,1812.900000,1,1813.000000,3,1814.300000,2,1814.400000,1,1818.000000,1,1822.000000,1,1822.600000,2,1822.700000,1,1823.000000,1,1815.000000
ec2506,,13:41:18.500#,1848.800000,1873.400000,1751.100000,2181.900000,1580.000000,6127,8167.000000,1811.000000,1,1811.900000,1,1813.000000,1,1814.400000,1,1814.500000,1,1818.000000,1,1822.000000,1,1822.600000,2,1822.700000,1,1823.000000,1,1815.000000
ec2506,,13:41:19.0#,1848.800000,1873.400000,1751.100000,2181.900000,1580.000000,6127,8167.000000,1808.100000,1,1811.000000,1,1811.900000,1,1813.000000,1,1814.500000,1,1818.000000,1,1822.000000,1,1822.600000,2,1822.700000,1,1823.000000,1,1815.000000
ec2506,,13:41:19.500#,1848.800000,1873.400000,1751.100000,2181.900000,1580.000000,6127,8167.000000,1811.000000,1,1811.900000,1,1813.000000,1,1814.600000,1,1814.800000,1,1818.900000,1,1822.000000,1,1822.600000,2,1822.700000,1,1823.000000,1,1815.000000
ec2506,,13:41:20.0#,1848.800000,1873.400000,1751.100000,2181.900000,1580.000000,6127,8167.000000,1811.900000,1,1813.000000,1,1814.600000,1,1814.900000,1,1815.000000,1,1818.900000,1,1822.000000,1,1822.600000,2,1822.700000,1,1823.000000,1,1815.000000
ec2506,,13:41:20.500#,1848.800000,1873.400000,1751.100000,2181.900000,1580.000000,6130,8170.000000,1810.400000,1,1810.800000,1,1811.000000,1,1811.900000,1,1813.000000,1,1814.500000,11,1818.900000,1,1822.000000,1,1822.600000,2,1822.700000,1,1815.000000
ec2506,,13:41:21.0#,1848.800000,1873.400000,1751.100000,2181.900000,1580.000000,6130,8170.000000,1810.400000,1,1810.800000,1,1811.000000,1,1811.900000,1,1813.100000,2,1814.500000,11,1822.000000,1,1822.600000,2,1822.700000,1,1823.000000,1,1815.000000
ec2506,,13:41:21.500#,1848.800000,1873.400000,1751.100000,2181.900000,1580.000000,6130,8170.000000,1810.400000,2,1810.800000,1,1811.000000,1,1811.900000,1,1813.100000,2,1814.500000,11,1822.000000,1,1822.600000,2,1822.700000,1,1823.000000,1,1815.000000
ec2506,,13:41:22.0#,1848.800000,1873.400000,1751.100000,2181.900000,1580.000000,6130,8170.000000,1810.400000,2,1810.800000,1,1811.000000,1,1811.900000,1,1813.100000,2,1814.500000,11,1822.000000,1,1822.600000,2,1822.700000,1,1823.000000,1,1815.000000
ec2506,,13:41:22.500#,1848.800000,1873.400000,1751.100000,2181.900000,1580.000000,6130,8170.000000,1810.400000,2,1810.800000,1,1811.000000,1,1811.900000,1,1813.100000,2,1814.500000,11,1822.000000,1,1822.600000,2,1822.700000,1,1823.000000,1,1815.000000
ec2506,,13:41:23.0#,1848.800000,1873.400000,1751.100000,2181.900000,1580.000000,6130,8170.000000,1810.400000,2,1810.800000,1,1811.000000,1,1811.900000,1,1813.100000,2,1814.500000,11,1821.900000,1,1822.000000,1,1822.600000,2,1822.700000,1,1815.000000
ec2506,,13:41:23.500#,1848.800000,1873.400000,1751.100000,2181.900000,1580.000000,6130,8170.000000,1810.400000,2,1810.800000,1,1811.000000,1,1811.900000,1,1813.100000,2,1814.500000,11,1821.900000,1,1822.000000,1,1822.600000,2,1822.700000,1,1815.000000
ec2506,,13:41:25.0#,1848.800000,1873.400000,1751.100000,2181.900000,1580.000000,6130,8170.000000,1810.400000,2,1810.800000,1,1811.000000,1,1811.900000,1,1813.100000,2,1814.500000,11,1821.900000,1,1822.000000,1,1822.600000,2,1822.700000,1,1815.000000
ec2506,,13:41:25.500#,1848.800000,1873.400000,1751.100000,2181.900000,1580.000000,6132,8172.000000,1808.900000,1,1809.100000,1,1810.400000,2,1811.000000,1,1811.900000,1,1813.100000,9,1818.600000,1,1821.000000,1,1821.800000,2,1821.900000,2,1813.100000
ec2506,,13:41:26.0#,1848.800000,1873.400000,1751.100000,2181.900000,1580.000000,6132,8172.000000,1808.900000,1,1809.100000,1,1810.400000,2,1811.000000,1,1811.100000,2,1813.100000,9,1821.800000,2,1821.900000,1,1822.000000,1,1822.600000,2,1813.100000
ec2506,,13:41:26.500#,1848.800000,1873.400000,1751.100000,2181.900000,1580.000000,6132,8172.000000,1809.100000,1,1810.300000,1,1810.400000,2,1811.000000,1,1811.100000,2,1813.100000,9,1821.800000,2,1821.900000,1,1822.000000,1,1822.600000,2,1813.100000
ec2506,,13:41:27.0#,1848.800000,1873.400000,1751.100000,2181.900000,1580.000000,6132,8172.000000,1808.100000,1,1809.100000,1,1810.400000,1,1811.000000,1,1811.100000,2,1813.100000,9,1821.800000,2,1821.900000,1,1822.000000,1,1822.600000,2,1813.100000
ec2506,,13:41:27.500#,1848.800000,1873.400000,1751.100000,2181.900000,1580.000000,6132,8172.000000,1809.100000,1,1810.200000,1,1810.300000,1,1811.000000,1,1811.100000,2,1813.100000,9,1821.800000,2,1821.900000,1,1822.000000,1,1822.600000,2,1813.100000
ec2506,,13:41:28.0#,1848.800000,1873.400000,1751.100000,2181.900000,1580.000000,6132,8172.000000,1808.800000,1,1810.200000,1,1810.300000,2,1811.000000,1,1811.100000,2,1813.100000,9,1821.800000,2,1821.900000,1,1822.000000,1,1822.600000,2,1813.100000
ec2506,,13:41:28.500#,1848.800000,1873.400000,1751.100000,2181.900000,1580.000000,6132,8172.000000,1808.800000,1,1810.200000,1,1810.300000,2,1811.000000,1,1811.100000,2,1813.100000,9,1821.600000,1,1821.800000,2,1822.000000,1,1822.600000,2,1813.100000
ec2506,,13:41:29.0#,1848.800000,1873.400000,1751.100000,2181.900000,1580.000000,6132,8172.000000,1810.300000,2,1811.000000,1,1811.100000,2,1811.200000,1,1811.400000,1,1818.500000,1,1819.500000,1,1820.400000,1,1821.500000,3,1821.600000,1,1813.100000
ec2506,,13:41:29.500#,1848.800000,1873.400000,1751.100000,2181.900000,1580.000000,6132,8172.000000,1810.300000,2,1811.000000,1,1811.400000,2,1811.500000,1,1811.700000,1,1817.100000,1,1818.300000,1,1818.400000,1,1818.500000,1,1821.500000,3,1813.100000
ec2506,,13:41:30.0#,1848.800000,1873.400000,1751.100000,2181.900000,1580.000000,6132,8172.000000,1810.300000,2,1811.000000,1,1811.400000,1,1811.500000,1,1811.800000,1,1816.900000,1,1817.100000,1,1821.500000,3,1821.600000,1,1821.800000,1,1813.100000
ec2506,,13:41:30.500#,1848.800000,1873.400000,1751.100000,2181.900000,1580.000000,6132,8172.000000,1810.200000,1,1810.300000,2,1811.000000,1,1811.500000,1,1811.800000,1,1816.400000,1,1816.700000,1,1816.800000,1,1817.100000,1,1821.500000,2,1813.100000
ec2506,,13:41:31.0#,1848.800000,1873.400000,1751.100000,2181.900000,1580.000000,6132,8172.000000,1808.800000,1,1809.000000,1,1810.200000,1,1810.300000,2,1811.000000,1,1816.200000,1,1816.400000,1,1817.100000,1,1821.500000,2,1821.600000,1,1813.100000
ec2506,,13:41:31.500#,1848.800000,1873.400000,1751.100000,2181.900000,1580.000000,6132,8172.000000,1808.800000,1,1809.000000,1,1810.200000,1,1810.300000,2,1811.000000,1,1815.700000,1,1816.000000,1,1816.100000,1,1816.400000,1,1821.500000,2,1813.100000
ec2506,,13:41:32.0#,1848.800000,1873.400000,1751.100000,2181.900000,1580.000000,6132,8172.000000,1808.800000,1,1809.000000,1,1810.200000,1,1810.300000,2,1811.000000,1,1815.500000,1,1815.700000,1,1816.400000,1,1821.500000,2,1821.600000,1,1813.100000
ec2506,,13:41:32.500#,1848.800000,1873.400000,1751.100000,2181.900000,1580.000000,6132,8172.000000,1808.800000,1,1809.000000,1,1810.200000,1,1810.300000,2,1811.000000,1,1815.300000,1,1815.400000,1,1815.700000,1,1816.400000,1,1821.500000,2,1813.100000
ec2506,,13:41:33.0#,1848.800000,1873.400000,1751.100000,2181.900000,1580.000000,6132,8172.000000,1808.800000,1,1809.000000,1,1810.200000,1,1810.300000,2,1811.000000,1,1815.100000,1,1815.700000,1,1816.400000,1,1821.500000,2,1821.600000,1,1813.100000
ec2506,,13:41:33.500#,1848.800000,1873.400000,1751.100000,2181.900000,1580.000000,6132,8172.000000,1808.800000,1,1809.000000,1,1810.200000,1,1810.300000,2,1811.000000,1,1814.900000,1,1815.000000,1,1815.700000,1,1816.400000,1,1821.500000,2,1813.100000
ec2506,,13:41:34.0#,1848.800000,1873.400000,1751.100000,2181.900000,1580.000000,6133,8173.000000,1808.000000,1,1808.800000,1,1809.000000,1,1810.200000,1,1810.300000,2,1811.000000,8,1814.700000,1,1815.700000,1,1816.400000,1,1821.300000,1,1811.000000
ec2506,,13:41:34.500#,1848.800000,1873.400000,1751.100000,2181.900000,1580.000000,6135,8171.000000,1805.000000,1,1808.000000,1,1808.800000,1,1809.000000,1,1810.200000,1,1810.300000,1,1811.000000,9,1821.300000,1,1821.500000,1,1821.800000,1,1810.300000
ec2506,,13:41:35.0#,1848.800000,1873.400000,1751.100000,2181.900000,1580.000000,6136,8171.000000,1801.800000,1,1802.000000,2,1805.000000,1,1808.000000,1,1809.000000,1,1811.000000,9,1821.300000,1,1821.500000,1,1821.800000,1,1822.000000,1,1810.200000
ec2506,,13:41:36.0#,1848.800000,1873.400000,1751.100000,2181.900000,1580.000000,6136,8171.000000,1801.800000,1,1802.000000,2,1805.000000,1,1806.200000,1,1808.000000,1,1810.900000,1,1811.000000,9,1821.300000,1,1821.500000,1,1821.800000,1,1810.200000
ec2506,,13:41:36.500#,1848.800000,1873.400000,1751.100000,2181.900000,1580.000000,6136,8171.000000,1802.000000,2,1805.000000,1,1806.200000,1,1806.400000,1,1808.000000,1,1810.900000,1,1811.000000,9,1817.400000,1,1821.300000,1,1821.500000,1,1810.200000
ec2506,,13:41:37.0#,1848.800000,1873.400000,1751.100000,2181.900000,1580.000000,6136,8171.000000,1802.000000,2,1802.400000,1,1805.000000,1,1806.400000,1,1808.000000,1,1809.000000,1,1810.900000,1,1811.000000,9,1817.400000,1,1821.300000,1,1810.200000
ec2506,,13:41:37.500#,1848.800000,1873.400000,1751.100000,2181.900000,1580.000000,6136,8171.000000,1802.000000,2,1802.400000,1,1805.000000,1,1806.400000,1,1808.000000,1,1809.000000,1,1811.000000,9,1817.400000,1,1821.300000,1,1821.500000,1,1810.200000
ec2506,,13:41:38.0#,1848.800000,1873.400000,1751.100000,2181.900000,1580.000000,6136,8171.000000,1802.000000,3,1802.400000,1,1805.000000,1,1805.200000,1,1808.000000,1,1809.000000,1,1811.000000,9,1817.200000,1,1817.400000,1,1821.500000,1,1810.200000
ec2506,,13:41:38.500#,1848.800000,1873.400000,1751.100000,2181.900000,1580.000000,6137,8171.000000,1801.700000,2,1801.800000,1,1802.000000,3,1805.000000,1,1808.000000,1,1811.000000,9,1817.200000,1,1817.400000,1,1821.500000,1,1821.800000,1,1809.300000
ec2506,,13:41:39.0#,1848.800000,1873.400000,1751.100000,2181.900000,1580.000000,6137,8171.000000,1802.000000,3,1805.000000,1,1805.700000,1,1808.000000,1,1808.100000,2,1811.000000,8,1817.200000,1,1817.400000,1,1821.500000,1,1821.800000,1,1809.300000
ec2506,,13:41:39.500#,1848.800000,1873.400000,1751.100000,2181.900000,1580.000000,6137,8171.000000,1803.500000,1,1805.000000,1,1805.700000,1,1805.900000,1,1808.000000,1,1817.200000,1,1817.400000,1,1821.500000,1,1821.800000,1,1822.000000,1,1809.300000
ec2506,,13:41:40.0#,1848.800000,1873.400000,1751.100000,2181.900000,1580.000000,6140,8172.000000,1802.000000,3,1802.100000,1,1805.000000,1,1805.700000,1,1805.900000,1,1808.000000,5,1815.900000,1,1817.000000,1,1817.100000,1,1817.200000,1,1808.000000
ec2506,,13:41:40.500#,1848.800000,1873.400000,1751.100000,2181.900000,1580.000000,6141,8173.000000,1805.000000,1,1805.700000,1,1805.900000,1,1806.300000,1,1806.400000,1,1808.000000,4,1817.100000,1,1817.200000,1,1817.400000,1,1821.500000,1,1808.000000
ec2506,,13:41:41.0#,1848.800000,1873.400000,1751.100000,2181.900000,1580.000000,6142,8173.000000,1805.700000,1,1805.900000,1,1806.400000,1,1806.600000,3,1806.700000,1,1807.900000,1,1808.000000,3,1815.000000,1,1817.100000,1,1817.200000,1,1808.000000
ec2506,,13:41:41.500#,1848.800000,1873.400000,1751.100000,2181.900000,1580.000000,6142,8173.000000,1805.900000,1,1806.400000,1,1806.600000,1,1806.900000,1,1807.000000,2,1808.000000,3,1815.000000,1,1817.100000,1,1817.200000,1,1821.500000,1,1808.000000
ec2506,,13:41:42.0#,1848.800000,1873.400000,1751.100000,2181.900000,1580.000000,6145,8174.000000,1805.000000,1,1805.700000,1,1805.900000,1,1806.400000,1,1807.000000,2,1808.000000,1,1815.000000,1,1817.100000,1,1817.200000,1,1821.500000,1,1808.000000
ec2506,,13:41:42.500#,1848.800000,1873.400000,1751.100000,2181.900000,1580.000000,6146,8174.000000,1802.100000,1,1805.000000,1,1805.700000,1,1805.900000,1,1807.100000,3,1813.100000,1,1814.900000,1,1815.000000,1,1817.200000,1,1821.500000,1,1808.000000
ec2506,,13:41:43.0#,1848.800000,1873.400000,1751.100000,2181.900000,1580.000000,6146,8174.000000,1805.000000,1,1805.700000,1,1805.900000,1,1807.200000,4,1808.000000,1,1812.900000,1,1813.100000,1,1814.900000,1,1815.000000,1,1817.200000,1,1808.000000
ec2506,,13:41:44.0#,1848.800000,1873.400000,1751.100000,2181.900000,1580.000000,6146,8174.000000,1807.000000,1,1807.200000,1,1808.000000,3,1808.100000,2,1808.200000,1,1812.700000,1,1812.800000,1,1817.200000,1,1821.500000,1,1821.800000,1,1808.000000
ec2506,,13:41:44.500#,1848.800000,1873.400000,1751.100000,2181.900000,1580.000000,6146,8174.000000,1807.000000,1,1807.200000,1,1808.000000,2,1808.200000,1,1808.300000,2,1812.500000,1,1812.800000,1,1817.200000,1,1821.500000,1,1821.800000,1,1808.000000
ec2506,,13:41:45.0#,1848.800000,1873.400000,1751.100000,2181.900000,1580.000000,6146,8174.000000,1807.200000,1,1808.000000,1,1808.300000,2,1808.400000,2,1808.500000,2,1812.300000,1,1812.800000,1,1817.200000,1,1821.500000,1,1821.800000,1,1808.000000
ec2506,,13:41:45.500#,1848.800000,1873.400000,1751.100000,2181.900000,1580.000000,6146,8174.000000,1808.000000,1,1808.300000,1,1808.500000,2,1808.700000,1,1808.800000,1,1812.300000,1,1812.800000,1,1817.000000,1,1817.200000,1,1821.500000,1,1808.000000
ec2506,,13:41:46.0#,1848.800000,1873.400000,1751.100000,2181.900000,1580.000000,6146,8174.000000,1808.000000,1,1808.500000,2,1808.700000,1,1808.800000,2,1808.900000,1,1812.300000,1,1812.800000,1,1817.000000,1,1817.200000,1,1821.500000,1,1808.000000
ec2506,,13:41:46.500#,1848.800000,1873.400000,1751.100000,2181.900000,1580.000000,6146,8174.000000,1808.500000,1,1808.700000,1,1808.800000,1,1808.900000,1,1809.000000,1,1817.000000,1,1817.200000,1,1821.500000,1,1821.800000,1,1822.000000,1,1808.000000
ec2506,,13:41:47.0#,1848.800000,1873.400000,1751.100000,2181.900000,1580.000000,6149,8176.000000,1807.300000,1,1808.000000,1,1808.800000,1,1809.100000,1,1809.200000,1,1814.300000,1,1815.800000,1,1815.900000,1,1816.200000,1,1816.800000,1,1809.000000
ec2506,,13:41:47.500#,1848.800000,1873.400000,1751.100000,2181.900000,1580.000000,6149,8176.000000,1807.300000,1,1808.000000,1,1808.100000,1,1809.100000,1,1809.200000,1,1813.800000,2,1813.900000,1,1814.100000,1,1817.200000,1,1821.500000,1,1809.000000
ec2506,,13:41:48.0#,1848.800000,1873.400000,1751.100000,2181.900000,1580.000000,6149,8176.000000,1807.200000,1,1807.300000,1,1808.000000,1,1808.100000,1,1809.400000,1,1812.900000,1,1813.000000,1,1813.600000,1,1813.700000,1,1813.800000,1,1809.000000
ec2506,,13:41:48.500#,1848.800000,1873.400000,1751.100000,2181.900000,1580.000000,6149,8176.000000,1807.200000,1,1807.300000,1,1808.000000,1,1808.100000,1,1809.500000,1,1812.400000,1,1812.900000,1,1813.900000,1,1817.200000,1,1821.500000,1,1809.000000
ec2506,,13:41:49.0#,1848.800000,1873.400000,1751.100000,2181.900000,1580.000000,6149,8176.000000,1807.200000,1,1807.300000,1,1808.000000,1,1808.100000,1,1809.500000,1,1812.400000,1,1812.900000,1,1817.200000,1,1821.500000,1,1821.800000,1,1809.000000
ec2506,,13:41:49.500#,1848.800000,1873.400000,1751.100000,2181.900000,1580.000000,6149,8176.000000,1805.000000,1,1807.000000,1,1807.200000,1,1808.000000,1,1808.100000,1,1812.400000,1,1812.900000,1,1817.200000,1,1821.500000,1,1821.800000,1,1809.000000
ec2506,,13:41:50.0#,1848.800000,1873.400000,1751.100000,2181.900000,1580.000000,6149,8176.000000,1807.000000,1,1807.200000,1,1808.000000,1,1808.100000,1,1808.200000,1,1812.200000,1,1812.300000,1,1812.900000,1,1817.200000,1,1821.500000,1,1809.000000
ec2506,,13:41:50.500#,1848.800000,1873.400000,1751.100000,2181.900000,1580.000000,6150,8177.000000,1806.000000,1,1807.000000,1,1808.000000,1,1808.100000,1,1808.200000,1,1812.900000,1,1817.200000,1,1821.500000,1,1821.800000,1,1822.000000,1,1809.500000
ec2506,,13:41:51.0#,1848.800000,1873.400000,1751.100000,2181.900000,1580.000000,6150,8177.000000,1807.000000,1,1808.000000,1,1808.100000,1,1808.200000,1,1808.400000,1,1817.200000,1,1821.500000,1,1821.800000,1,1822.000000,1,1822.600000,2,1809.500000
ec2506,,13:41:51.500#,1848.800000,1873.400000,1751.100000,2181.900000,1580.000000,6150,8177.000000,1808.000000,1,1808.100000,1,1808.200000,1,1808.400000,1,1808.500000,1,1812.700000,1,1812.800000,1,1816.100000,1,1816.200000,1,1817.100000,1,1809.500000
ec2506,,13:41:52.0#,1848.800000,1873.400000,1751.100000,2181.900000,1580.000000,6150,8177.000000,1807.000000,1,1808.000000,1,1808.400000,1,1808.500000,2,1808.600000,1,1812.700000,1,1816.100000,1,1817.000000,1,1817.100000,1,1817.200000,1,1809.500000
ec2506,,13:41:52.500#,1848.800000,1873.400000,1751.100000,2181.900000,1580.000000,6150,8177.000000,1807.000000,1,1808.000000,1,1808.400000,1,1808.500000,3,1808.600000,1,1812.700000,1,1816.100000,1,1817.100000,1,1817.200000,1,1821.500000,1,1809.500000
ec2506,,13:41:53.0#,1848.800000,1873.400000,1751.100000,2181.900000,1580.000000,6150,8177.000000,1807.000000,1,1808.000000,1,1808.400000,1,1808.500000,2,1808.800000,1,1812.700000,1,1816.100000,1,1817.100000,1,1817.200000,1,1821.500000,1,1809.500000
ec2506,,13:41:53.500#,1848.800000,1873.400000,1751.100000,2181.900000,1580.000000,6150,8177.000000,1808.000000,1,1808.400000,1,1808.500000,2,1808.800000,1,1808.900000,1,1812.700000,1,1816.100000,1,1817.100000,1,1817.200000,1,1821.500000,1,1809.500000
ec2506,,13:41:54.0#,1848.800000,1873.400000,1751.100000,2181.900000,1580.000000,6150,8177.000000,1806.700000,1,1808.000000,1,1808.500000,2,1808.900000,1,1809.000000,1,1812.700000,1,1816.100000,1,1817.100000,1,1817.200000,1,1821.500000,1,1809.500000
ec2506,,13:41:54.500#,1848.800000,1873.400000,1751.100000,2181.900000,1580.000000,6150,8177.000000,1808.000000,1,1808.500000,2,1808.900000,1,1809.000000,1,1809.100000,1,1812.700000,1,1816.100000,1,1817.100000,1,1817.200000,1,1821.500000,1,1809.500000
ec2506,,13:41:55.0#,1848.800000,1873.400000,1751.100000,2181.900000,1580.000000,6150,8177.000000,1806.000000,1,1806.700000,1,1808.000000,1,1808.500000,2,1809.000000,1,1812.300000,1,1812.600000,1,1812.700000,1,1816.000000,1,1816.100000,1,1809.500000
ec2506,,13:41:55.500#,1848.800000,1873.400000,1751.100000,2181.900000,1580.000000,6152,8176.000000,1802.000000,2,1806.000000,1,1806.700000,1,1808.000000,1,1808.500000,1,1809.000000,8,1812.300000,1,1816.000000,1,1817.100000,1,1821.500000,1,1809.000000
ec2506,,13:41:56.0#,1848.800000,1873.400000,1751.100000,2181.900000,1580.000000,6153,8177.000000,1801.900000,1,1802.000000,2,1806.000000,1,1806.700000,1,1808.000000,1,1809.000000,8,1816.000000,1,1817.100000,1,1821.500000,1,1821.800000,1,1808.500000
ec2506,,13:41:56.500#,1848.800000,1873.400000,1751.100000,2181.900000,1580.000000,6153,8177.000000,1802.000000,2,1802.200000,1,1806.000000,1,1806.700000,1,1808.000000,1,1809.000000,8,1816.000000,1,1817.100000,1,1821.500000,1,1821.800000,1,1808.500000
ec2506,,13:41:57.0#,1848.800000,1873.400000,1751.100000,2181.900000,1580.000000,6153,8177.000000,1802.200000,2,1803.000000,1,1806.000000,1,1806.700000,1,1808.000000,1,1808.800000,1,1809.000000,8,1816.000000,1,1817.100000,1,1821.500000,1,1808.500000
ec2506,,13:41:58.0#,1848.800000,1873.400000,1751.100000,2181.900000,1580.000000,6153,8177.000000,1802.200000,2,1803.000000,1,1806.000000,1,1806.700000,1,1808.000000,1,1808.800000,1,1809.000000,8,1816.000000,1,1817.100000,1,1821.500000,1,1808.500000
ec2506,,13:41:58.500#,1848.800000,1873.400000,1751.100000,2181.900000,1580.000000,6153,8177.000000,1802.200000,2,1803.000000,1,1806.000000,1,1806.700000,1,1808.000000,1,1808.800000,1,1809.000000,8,1816.000000,1,1817.100000,1,1821.500000,1,1808.500000
ec2506,,13:41:59.0#,1848.800000,1873.400000,1751.100000,2181.900000,1580.000000,6153,8177.000000,1802.200000,2,1803.000000,1,1806.000000,1,1806.700000,1,1808.000000,1,1808.800000,1,1809.000000,8,1816.000000,1,1817.100000,1,1821.500000,1,1808.500000
ec2506,,13:41:59.500#,1848.800000,1873.400000,1751.100000,2181.900000,1580.000000,6157,8177.000000,1802.000000,2,1802.200000,2,1803.000000,1,1806.000000,1,1806.700000,1,1808.800000,1,1809.000000,8,1816.000000,1,1817.100000,1,1821.500000,1,1808.000000
ec2506,,13:42:00.0#,1848.800000,1873.400000,1751.100000,2181.900000,1580.000000,6157,8177.000000,1802.200000,2,1803.000000,1,1806.000000,1,1806.700000,1,1807.300000,1,1809.000000,8,1816.000000,1,1817.100000,1,1821.500000,1,1821.800000,1,1808.000000
ec2506,,13:42:00.500#,1848.800000,1873.400000,1751.100000,2181.900000,1580.000000,6157,8177.000000,1802.200000,2,1803.000000,1,1806.000000,1,1806.700000,1,1807.400000,2,1809.000000,8,1816.000000,1,1817.100000,1,1821.500000,1,1821.800000,1,1808.000000
ec2506,,13:42:01.0#,1848.800000,1873.400000,1751.100000,2181.900000,1580.000000,6157,8177.000000,1802.200000,2,1803.000000,1,1806.000000,1,1806.700000,1,1807.600000,1,1809.000000,8,1816.000000,1,1817.100000,1,1821.500000,1,1821.800000,1,1808.000000
ec2506,,13:42:02.0#,1848.800000,1873.400000,1751.100000,2181.900000,1580.000000,6157,8177.000000,1802.200000,2,1803.000000,1,1806.000000,1,1806.700000,1,1807.600000,1,1809.000000,8,1816.000000,1,1817.100000,1,1821.500000,1,1821.800000,1,1808.000000
ec2506,,13:42:02.500#,1848.800000,1873.400000,1751.100000,2181.900000,1580.000000,6157,8177.000000,1802.200000,2,1803.000000,1,1806.000000,1,1806.700000,1,1807.600000,1,1809.000000,8,1816.000000,1,1817.100000,1,1821.500000,1,1821.800000,1,1808.000000
ec2506,,13:42:04.0#,1848.800000,1873.400000,1751.100000,2181.900000,1580.000000,6157,8177.000000,1802.200000,2,1803.000000,1,1806.000000,1,1806.700000,1,1807.600000,1,1809.000000,8,1816.000000,1,1817.100000,1,1821.500000,1,1821.800000,1,1808.000000
ec2506,,13:42:04.500#,1848.800000,1873.400000,1751.100000,2181.900000,1580.000000,6157,8177.000000,1802.200000,2,1803.000000,1,1803.400000,1,1806.000000,1,1806.700000,1,1809.000000,8,1816.000000,1,1817.100000,1,1821.500000,1,1821.800000,1,1808.000000
ec2506,,13:42:05.0#,1848.800000,1873.400000,1751.100000,2181.900000,1580.000000,6157,8177.000000,1803.000000,1,1803.400000,1,1806.000000,1,1806.700000,1,1806.800000,2,1809.000000,8,1816.000000,1,1817.100000,1,1821.500000,1,1821.800000,1,1808.000000
ec2506,,13:42:05.500#,1848.800000,1873.400000,1751.100000,2181.900000,1580.000000,6157,8177.000000,1802.200000,1,1803.400000,1,1806.000000,1,1806.700000,1,1807.500000,1,1809.000000,8,1816.000000,1,1817.100000,1,1821.500000,1,1821.800000,1,1808.000000
ec2506,,13:42:06.0#,1848.800000,1873.400000,1751.100000,2181.900000,1580.000000,6157,8177.000000,1802.200000,1,1803.400000,1,1806.000000,1,1806.700000,1,1807.600000,2,1809.000000,8,1816.000000,1,1817.100000,1,1821.500000,1,1821.800000,1,1808.000000
ec2506,,13:42:06.500#,1848.800000,1873.400000,1751.100000,2181.900000,1580.000000,6157,8177.000000,1802.200000,1,1803.400000,1,1806.000000,1,1806.700000,1,1807.600000,2,1809.000000,8,1816.000000,1,1817.100000,1,1821.500000,1,1821.800000,1,1808.000000
ec2506,,13:42:07.0#,1848.800000,1873.400000,1751.100000,2181.900000,1580.000000,6157,8177.000000,1802.200000,1,1803.400000,1,1806.000000,1,1806.700000,1,1807.600000,2,1809.000000,8,1816.000000,1,1817.100000,1,1821.500000,1,1821.800000,1,1808.000000
ec2506,,13:42:07.500#,1848.800000,1873.400000,1751.100000,2181.900000,1580.000000,6157,8177.000000,1802.200000,1,1803.400000,1,1806.000000,1,1806.700000,1,1807.600000,2,1809.000000,8,1816.000000,1,1817.100000,1,1821.500000,1,1821.800000,1,1808.000000
ec2506,,13:42:08.0#,1848.800000,1873.400000,1751.100000,2181.900000,1580.000000,6157,8177.000000,1802.200000,1,1803.400000,1,1806.000000,1,1806.700000,1,1807.600000,2,1809.000000,8,1816.000000,1,1817.100000,1,1821.500000,1,1821.800000,1,1808.000000
ec2506,,13:42:09.500#,1848.800000,1873.400000,1751.100000,2181.900000,1580.000000,6157,8177.000000,1802.000000,2,1802.200000,1,1803.400000,1,1804.400000,1,1806.000000,1,1809.000000,8,1816.000000,1,1817.100000,1,1821.500000,1,1821.800000,1,1808.000000
ec2506,,13:42:10.0#,1848.800000,1873.400000,1751.100000,2181.900000,1580.000000,6157,8177.000000,1802.000000,2,1802.200000,1,1803.400000,1,1806.000000,1,1806.100000,2,1808.500000,1,1808.800000,1,1809.000000,8,1816.000000,1,1817.100000,1,1808.000000
ec2506,,13:42:10.500#,1848.800000,1873.400000,1751.100000,2181.900000,1580.000000,6157,8177.000000,1802.000000,2,1802.200000,1,1803.400000,1,1806.000000,1,1806.500000,1,1808.500000,1,1808.800000,1,1809.000000,8,1816.000000,1,1817.100000,1,1808.000000
ec2506,,13:42:11.0#,1848.800000,1873.400000,1751.100000,2181.900000,1580.000000,6157,8177.000000,1802.200000,2,1803.400000,1,1806.000000,1,1806.500000,1,1807.200000,2,1809.000000,8,1816.000000,1,1817.100000,1,1821.500000,1,1821.800000,1,1808.000000
ec2506,,13:42:12.0#,1848.800000,1873.400000,1751.100000,2181.900000,1580.000000,6157,8177.000000,1806.000000,1,1806.500000,1,1806.700000,1,1807.200000,1,1807.300000,1,1809.000000,8,1816.000000,1,1817.100000,1,1821.500000,1,1821.800000,1,1808.000000
ec2506,,13:42:13.500#,1848.800000,1873.400000,1751.100000,2181.900000,1580.000000,6157,8177.000000,1802.200000,1,1803.400000,1,1806.000000,1,1806.700000,1,1807.300000,1,1809.000000,8,1816.000000,1,1817.100000,1,1821.500000,1,1821.800000,1,1808.000000
ec2506,,13:42:14.0#,1848.800000,1873.400000,1751.100000,2181.900000,1580.000000,6157,8177.000000,1802.200000,1,1803.400000,1,1806.000000,1,1806.700000,1,1807.300000,1,1816.000000,1,1817.100000,1,1821.500000,1,1821.800000,1,1822.000000,1,1808.000000
ec2506,,13:42:15.500#,1848.800000,1873.400000,1751.100000,2181.900000,1580.000000,6157,8177.000000,1803.400000,1,1804.300000,1,1806.000000,1,1807.000000,1,1807.700000,1,1811.100000,1,1811.300000,1,1811.400000,1,1815.900000,1,1816.000000,1,1808.000000
ec2506,,13:42:16.500#,1848.800000,1873.400000,1751.100000,2181.900000,1580.000000,6159,8177.000000,1802.000000,2,1802.200000,1,1804.300000,1,1806.000000,1,1807.000000,1,1807.700000,6,1811.100000,1,1811.300000,1,1811.400000,1,1815.900000,1,1807.700000
ec2506,,13:42:17.0#,1848.800000,1873.400000,1751.100000,2181.900000,1580.000000,6159,8177.000000,1801.800000,1,1802.000000,2,1802.200000,1,1804.300000,1,1806.000000,1,1807.700000,6,1811.300000,1,1816.000000,1,1821.500000,1,1821.800000,1,1807.700000
ec2506,,13:42:22.0#,1848.800000,1873.400000,1751.100000,2181.900000,1580.000000,6159,8177.000000,1801.800000,1,1802.000000,2,1802.200000,1,1804.500000,1,1806.000000,1,1807.500000,1,1807.700000,6,1810.000000,1,1811.300000,1,1816.000000,1,1807.700000
ec2506,,13:42:22.500#,1848.800000,1873.400000,1751.100000,2181.900000,1580.000000,6160,8178.000000,1798.500000,1,1801.700000,2,1802.000000,2,1802.200000,1,1804.500000,1,1807.300000,1,1807.500000,1,1807.700000,6,1810.000000,1,1816.000000,1,1806.000000
ec2506,,13:42:23.0#,1848.800000,1873.400000,1751.100000,2181.900000,1580.000000,6161,8178.000000,1801.700000,2,1802.000000,2,1802.200000,1,1802.300000,1,1802.700000,1,1804.700000,1,1805.900000,1,1807.100000,1,1807.700000,6,1810.000000,1,1804.500000
ec2506,,13:42:23.500#,1848.800000,1873.400000,1751.100000,2181.900000,1580.000000,6161,8178.000000,1801.700000,2,1802.000000,2,1802.200000,1,1802.300000,1,1802.700000,1,1804.500000,1,1805.900000,1,1807.700000,6,1810.000000,1,1816.000000,1,1804.500000
ec2506,,13:42:24.0#,1848.800000,1873.400000,1751.100000,2181.900000,1580.000000,6161,8178.000000,1797.000000,1,1798.500000,1,1801.700000,2,1802.000000,2,1802.200000,1,1802.600000,1,1804.500000,1,1805.900000,1,1807.700000,6,1810.000000,1,1804.500000
ec2506,,13:42:24.500#,1848.800000,1873.400000,1751.100000,2181.900000,1580.000000,6162,8179.000000,1798.500000,1,1801.500000,1,1801.700000,2,1802.000000,2,1802.200000,1,1804.800000,1,1807.700000,6,1810.000000,1,1816.000000,1,1821.500000,1,1802.700000
ec2506,,13:42:25.0#,1848.800000,1873.400000,1751.100000,2181.900000,1580.000000,6162,8179.000000,1797.000000,1,1798.500000,1,1801.700000,2,1802.000000,2,1802.200000,1,1807.700000,6,1810.000000,1,1816.000000,1,1821.500000,1,1821.800000,1,1802.700000
ec2506,,13:42:25.500#,1848.800000,1873.400000,1751.100000,2181.900000,1580.000000,6163,8179.000000,1798.500000,1,1801.700000,2,1802.000000,2,1802.200000,1,1802.300000,2,1807.500000,1,1807.700000,6,1810.000000,1,1816.000000,1,1821.500000,1,1805.000000
ec2506,,13:42:26.0#,1848.800000,1873.400000,1751.100000,2181.900000,1580.000000,6163,8179.000000,1798.500000,1,1801.700000,2,1802.000000,2,1802.200000,1,1802.500000,1,1807.200000,2,1807.300000,1,1807.700000,6,1810.000000,1,1816.000000,1,1805.000000
ec2506,,13:42:26.500#,1848.800000,1873.400000,1751.100000,2181.900000,1580.000000,6163,8179.000000,1801.100000,1,1801.700000,2,1802.000000,2,1802.200000,2,1802.700000,1,1807.000000,1,1807.200000,2,1807.300000,1,1807.700000,6,1810.000000,1,1805.000000
ec2506,,13:42:27.0#,1848.800000,1873.400000,1751.100000,2181.900000,1580.000000,6163,8179.000000,1801.700000,2,1802.000000,2,1802.200000,1,1802.600000,1,1802.700000,2,1806.700000,2,1806.800000,1,1807.300000,1,1807.700000,6,1810.000000,1,1805.000000
ec2506,,13:42:27.500#,1848.800000,1873.400000,1751.100000,2181.900000,1580.000000,6163,8179.000000,1801.700000,2,1802.000000,2,1802.200000,1,1802.600000,1,1802.700000,2,1806.500000,1,1806.600000,1,1806.700000,2,1807.300000,1,1807.700000,6,1805.000000
ec2506,,13:42:28.0#,1848.800000,1873.400000,1751.100000,2181.900000,1580.000000,6163,8179.000000,1799.500000,1,1801.700000,2,1802.000000,2,1802.200000,1,1802.700000,1,1806.500000,1,1806.600000,1,1807.700000,6,1810.000000,1,1821.500000,1,1805.000000
ec2506,,13:42:28.500#,1848.800000,1873.400000,1751.100000,2181.900000,1580.000000,6163,8179.000000,1799.500000,1,1801.700000,2,1802.000000,2,1802.200000,1,1802.700000,1,1806.400000,1,1806.500000,1,1806.600000,1,1807.700000,6,1810.000000,1,1805.000000
ec2506,,13:42:29.0#,1848.800000,1873.400000,1751.100000,2181.900000,1580.000000,6163,8179.000000,1799.500000,1,1801.700000,2,1802.000000,2,1802.200000,1,1802.700000,1,1806.300000,1,1806.400000,2,1806.500000,1,1806.600000,1,1807.700000,6,1805.000000
ec2506,,13:42:30.500#,1848.800000,1873.400000,1751.100000,2181.900000,1580.000000,6163,8179.000000,1799.500000,1,1801.700000,2,1802.000000,2,1802.200000,1,1802.700000,1,1806.000000,1,1806.100000,1,1806.600000,1,1807.700000,6,1810.000000,1,1805.000000
ec2506,,13:42:31.0#,1848.800000,1873.400000,1751.100000,2181.900000,1580.000000,6163,8179.000000,1799.500000,1,1801.700000,2,1802.000000,2,1802.200000,1,1802.700000,1,1805.900000,1,1806.000000,1,1806.100000,1,1806.600000,1,1807.700000,6,1805.000000
ec2506,,13:42:31.500#,1848.800000,1873.400000,1751.100000,2181.900000,1580.000000,6163,8179.000000,1801.700000,2,1802.000000,2,1802.200000,1,1802.600000,1,1802.700000,1,1805.800000,1,1805.900000,2,1806.000000,1,1806.100000,1,1806.600000,1,1805.000000
ec2506,,13:42:32.0#,1848.800000,1873.400000,1751.100000,2181.900000,1580.000000,6163,8179.000000,1801.700000,2,1802.000000,2,1802.200000,1,1802.600000,1,1802.700000,1,1805.700000,1,1805.800000,1,1806.000000,1,1806.100000,1,1806.600000,1,1805.000000
ec2506,,13:42:32.500#,1848.800000,1873.400000,1751.100000,2181.900000,1580.000000,6164,8180.000000,1801.700000,2,1802.000000,2,1802.200000,1,1802.600000,1,1802.700000,1,1806.000000,1,1806.100000,1,1810.000000,1,1821.500000,1,1821.800000,1,1805.500000
ec2506,,13:42:33.0#,1848.800000,1873.400000,1751.100000,2181.900000,1580.000000,6164,8180.000000,1802.000000,2,1802.200000,1,1802.600000,1,1802.700000,1,1802.900000,1,1805.900000,1,1806.100000,1,1810.000000,1,1821.500000,1,1821.800000,1,1805.500000
ec2506,,13:42:33.500#,1848.800000,1873.400000,1751.100000,2181.900000,1580.000000,6166,8182.000000,1802.000000,2,1802.200000,1,1802.600000,1,1802.700000,1,1802.900000,1,1806.100000,1,1810.000000,1,1821.500000,1,1821.800000,1,1822.000000,1,1805.900000
ec2506,,13:42:34.0#,1848.800000,1873.400000,1751.100000,2181.900000,1580.000000,6166,8182.000000,1802.000000,2,1802.200000,1,1802.600000,1,1802.700000,1,1802.900000,1,1806.100000,1,1810.000000,1,1821.500000,1,1821.800000,1,1822.000000,1,1805.900000
ec2506,,13:42:34.500#,1848.800000,1873.400000,1751.100000,2181.900000,1580.000000,6166,8182.000000,1802.000000,2,1802.200000,1,1802.600000,1,1802.700000,1,1802.900000,1,1809.600000,1,1809.800000,1,1809.900000,1,1810.000000,1,1821.500000,1,1805.900000
ec2506,,13:42:35.0#,1848.800000,1873.400000,1751.100000,2181.900000,1580.000000,6166,8182.000000,1801.700000,2,1802.000000,2,1802.200000,1,1802.600000,1,1802.700000,1,1807.200000,1,1807.600000,1,1809.500000,1,1809.900000,1,1810.000000,1,1805.900000
ec2506,,13:42:35.500#,1848.800000,1873.400000,1751.100000,2181.900000,1580.000000,6166,8182.000000,1802.000000,2,1802.200000,1,1802.600000,1,1802.700000,1,1803.100000,1,1807.000000,1,1807.100000,1,1807.200000,1,1807.600000,1,1809.500000,2,1805.900000
ec2506,,13:42:36.0#,1848.800000,1873.400000,1751.100000,2181.900000,1580.000000,6166,8182.000000,1801.700000,2,1802.000000,2,1802.200000,1,1802.600000,1,1802.700000,1,1807.000000,1,1807.100000,1,1807.200000,1,1807.600000,1,1809.500000,2,1805.900000
ec2506,,13:42:36.500#,1848.800000,1873.400000,1751.100000,2181.900000,1580.000000,6166,8182.000000,1802.000000,2,1802.200000,1,1802.600000,1,1802.700000,1,1802.800000,1,1807.100000,1,1807.200000,1,1807.600000,1,1809.500000,2,1810.000000,1,1805.900000
ec2506,,13:42:37.0#,1848.800000,1873.400000,1751.100000,2181.900000,1580.000000,6166,8182.000000,1802.700000,1,1802.900000,1,1803.000000,2,1803.100000,2,1803.300000,1,1809.500000,2,1810.000000,1,1821.500000,1,1821.800000,1,1822.000000,1,1805.900000
ec2506,,13:42:37.500#,1848.800000,1873.400000,1751.100000,2181.900000,1580.000000,6166,8182.000000,1803.100000,1,1803.300000,1,1803.400000,1,1803.500000,1,1804.100000,1,1809.500000,1,1810.000000,1,1821.500000,1,1821.800000,1,1822.000000,1,1805.900000
ec2506,,13:42:38.0#,1848.800000,1873.400000,1751.100000,2181.900000,1580.000000,6166,8182.000000,1803.300000,1,1803.400000,1,1803.500000,1,1804.300000,1,1804.400000,1,1809.500000,1,1810.000000,1,1821.500000,1,1821.800000,1,1822.000000,1,1805.900000
ec2506,,13:42:38.500#,1848.800000,1873.400000,1751.100000,2181.900000,1580.000000,6166,8182.000000,1803.400000,1,1803.500000,1,1804.400000,1,1804.600000,1,1804.700000,1,1810.000000,1,1821.500000,1,1821.800000,1,1822.000000,1,1822.600000,1,1805.900000
ec2506,,13:42:39.0#,1848.800000,1873.400000,1751.100000,2181.900000,1580.000000,6166,8182.000000,1803.400000,1,1803.500000,1,1804.700000,1,1804.900000,1,1805.800000,1,1810.000000,1,1821.500000,1,1821.800000,1,1822.000000,1,1822.600000,1,1805.900000
ec2506,,13:42:39.500#,1848.800000,1873.400000,1751.100000,2181.900000,1580.000000,6166,8182.000000,1802.700000,1,1803.400000,1,1804.700000,1,1805.800000,1,1805.900000,1,1810.000000,1,1821.500000,1,1821.800000,1,1822.000000,1,1822.600000,1,1805.900000
