Symbol,ShortName,SecurityID,TradingTime,TradingDate,LastPrice,OpenPrice,HighPrice,LowPrice,TradeVolume,TotalVolume,PreTotalPosition,TotalPosition,TotalAmount,TradeAmount,PriceUpLimit,PriceDownLimit,PreSettlePrice,PreClosePrice,ClosePrice,SettlePrice,AveragePrice,BuyOrSell,SellPrice01,BuyPrice01,SellVolume01,BuyVolume01,SellPrice05,SellPrice04,SellPrice03,SellPrice02,BuyPrice02,BuyPrice03,BuyPrice04,BuyPrice05,SellVolume05,SellVolume04,SellVolume03,SellVolume02,BuyVolume02,BuyVolume03,BuyVolume04,BuyVolume05,PreDelta,Delta,VolumeMultiple,UnderlyingMultiple,IsTrading,Currency,TickSize,CodecPrice,CenterChangeNo,SnapNo,PacketNo,ChangeNo,SettleGroupID,SettleID,ContinueSign,Market,UNIX
EC2506,SCFIS,205000008436.0,2024-07-08 08:59:00.500,20240708,3260.0,3260.0,3260.0,3260.0,58.0,58.0,7144.0,7160.0,9454000.0,9454000.0,4188.4,3032.9,3610.7,3463.7,0.0,0.0,3260.0,S,3288.0,3260.0,2.0,4.0,3313.0,3311.0,3300.0,3298.0,3256.0,3255.0,3252.0,3251.6,25.0,1.0,10.0,1.0,18.0,3.0,1.0,1.0,0.0,0.0,50,1.0,1,CNY,0.1,3610.7,0,39569,54406,2,00000001,1,ECL5,INE,1720400340500.0
EC2506,SCFIS,205000008436.0,2024-07-08 09:00:00.500,20240708,3260.7,3260.0,3300.0,3260.0,11.0,69.0,7144.0,7165.0,11259970.0,1805970.0,4188.4,3032.9,3610.7,3463.7,0.0,0.0,3263.76,S,3299.9,3264.6,1.0,1.0,3338.7,3313.0,3311.0,3300.0,3260.5,3260.4,3260.1,3260.0,1.0,25.0,1.0,8.0,1.0,3.0,1.0,8.0,0.0,0.0,50,1.0,1,CNY,0.1,3610.7,0,39570,54414,3,00000001,1,ECL5,INE,1720400400500.0
EC2506,SCFIS,205000008436.0,2024-07-08 09:00:01.000,20240708,3259.6,3260.0,3300.0,3259.6,23.0,92.0,7144.0,7159.0,15009235.0,3749265.0,4188.4,3032.9,3610.7,3463.7,0.0,0.0,3262.88,S,3260.0,3259.6,2.0,12.0,3313.0,3311.0,3300.0,3264.6,3257.1,3256.1,3256.0,3255.0,25.0,1.0,8.0,19.0,2.0,2.0,18.0,3.0,0.0,0.0,50,1.0,1,CNY,0.1,3610.7,0,39571,54421,4,00000001,1,ECL5,INE,1720400401000.0
EC2506,SCFIS,205000008436.0,2024-07-08 09:00:01.500,20240708,3259.3,3260.0,3300.0,3257.1,17.0,109.0,7144.0,7159.0,17779670.0,2770435.0,4188.4,3032.9,3610.7,3463.7,0.0,0.0,3262.32,S,3259.5,3256.1,1.0,2.0,3264.6,3260.0,3259.9,3259.6,3256.0,3255.0,3251.6,3250.0,19.0,2.0,1.0,1.0,18.0,3.0,1.0,28.0,0.0,0.0,50,1.0,1,CNY,0.1,3610.7,0,39572,54427,5,00000001,1,ECL5,INE,1720400401500.0
EC2506,SCFIS,205000008436.0,2024-07-08 09:00:02.000,20240708,3260.0,3260.0,3300.0,3256.0,5.0,114.0,7144.0,7156.0,18593880.0,814210.0,4188.4,3032.9,3610.7,3463.7,0.0,0.0,3262.08,B,3260.0,3256.0,1.0,16.0,3311.0,3300.0,3288.0,3264.6,3255.0,3251.6,3250.0,3237.0,1.0,8.0,2.0,19.0,3.0,1.0,28.0,1.0,0.0,0.0,50,1.0,1,CNY,0.1,3610.7,0,39573,54432,6,00000001,1,ECL5,INE,1720400402000.0
EC2506,SCFIS,205000008436.0,2024-07-08 09:00:02.500,20240708,3257.0,3260.0,3300.0,3256.0,4.0,118.0,7144.0,7155.0,19245530.0,651650.0,4188.4,3032.9,3610.7,3463.7,0.0,0.0,3261.95,S,3259.2,3256.0,1.0,15.0,3300.0,3264.6,3260.0,3259.5,3255.0,3251.6,3250.0,3237.0,8.0,19.0,1.0,1.0,3.0,1.0,28.0,1.0,0.0,0.0,50,1.0,1,CNY,0.1,3610.7,0,39574,54438,7,00000001,1,ECL5,INE,1720400402500.0
EC2506,SCFIS,205000008436.0,2024-07-08 09:00:03.000,20240708,3259.3,3260.0,3300.0,3256.0,25.0,143.0,7144.0,7151.0,23316395.0,4070865.0,4188.4,3032.9,3610.7,3463.7,0.0,0.0,3261.03,B,3260.0,3256.4,2.0,1.0,3311.0,3300.0,3264.6,3260.7,3255.0,3251.6,3250.0,3237.0,1.0,8.0,19.0,1.0,3.0,1.0,28.0,1.0,0.0,0.0,50,1.0,1,CNY,0.1,3610.7,0,39575,54444,8,00000001,1,ECL5,INE,1720400403000.0
EC2506,SCFIS,205000008436.0,2024-07-08 09:00:03.500,20240708,3256.1,3260.0,3300.0,3256.0,12.0,155.0,7144.0,7149.0,25271825.0,1955430.0,4188.4,3032.9,3610.7,3463.7,0.0,0.0,3260.88,S,3256.4,3255.0,28.0,3.0,3300.0,3264.6,3260.7,3260.0,3251.6,3250.0,3237.0,3233.0,8.0,19.0,1.0,1.0,1.0,28.0,1.0,1.0,0.0,0.0,50,1.0,1,CNY,0.1,3610.7,0,39576,54448,9,00000001,1,ECL5,INE,1720400403500.0
EC2506,SCFIS,205000008436.0,2024-07-08 09:00:04.000,20240708,3256.4,3260.0,3300.0,3255.0,5.0,160.0,7144.0,7148.0,26085855.0,814030.0,4188.4,3032.9,3610.7,3463.7,0.0,0.0,3260.73,B,3256.4,3255.0,25.0,3.0,3300.0,3264.6,3260.7,3260.0,3251.6,3250.0,3237.0,3233.0,8.0,19.0,1.0,1.0,1.0,28.0,1.0,1.0,0.0,0.0,50,1.0,1,CNY,0.1,3610.7,0,39577,54453,10,00000001,1,ECL5,INE,1720400404000.0
EC2506,SCFIS,205000008436.0,2024-07-08 09:00:04.500,20240708,3256.4,3260.0,3300.0,3255.0,14.0,174.0,7144.0,7140.0,28365155.0,2279300.0,4188.4,3032.9,3610.7,3463.7,0.0,0.0,3260.36,B,3256.4,3256.0,16.0,1.0,3264.6,3260.7,3260.0,3259.0,3255.6,3255.0,3251.6,3250.0,19.0,1.0,4.0,1.0,2.0,1.0,1.0,28.0,0.0,0.0,50,1.0,1,CNY,0.1,3610.7,0,39578,54457,11,00000001,1,ECL5,INE,1720400404500.0
EC2506,SCFIS,205000008436.0,2024-07-08 09:00:05.000,20240708,3259.0,3260.0,3300.0,3255.0,17.0,191.0,7144.0,7126.0,31133225.0,2768070.0,4188.4,3032.9,3610.7,3463.7,0.0,0.0,3260.02,B,3260.0,3256.4,4.0,1.0,3311.0,3300.0,3264.6,3260.7,3255.0,3251.6,3250.0,3241.7,1.0,8.0,19.0,1.0,1.0,1.0,28.0,1.0,0.0,0.0,50,1.0,1,CNY,0.1,3610.7,0,39579,54460,12,00000001,1,ECL5,INE,1720400405000.0
EC2506,SCFIS,205000008436.0,2024-07-08 09:00:05.500,20240708,3256.0,3260.0,3300.0,3255.0,18.0,209.0,7144.0,7120.0,34064300.0,2931075.0,4188.4,3032.9,3610.7,3463.7,0.0,0.0,3259.74,S,3256.0,3253.8,16.0,1.0,3300.0,3264.6,3260.7,3260.0,3251.6,3250.0,3241.7,3237.0,8.0,19.0,1.0,1.0,1.0,29.0,1.0,1.0,0.0,0.0,50,1.0,1,CNY,0.1,3610.7,0,39580,54464,13,00000001,1,ECL5,INE,1720400405500.0
EC2506,SCFIS,205000008436.0,2024-07-08 09:00:06.000,20240708,3256.0,3260.0,3300.0,3255.0,10.0,219.0,7144.0,7115.0,35692300.0,1628000.0,4188.4,3032.9,3610.7,3463.7,0.0,0.0,3259.57,B,3256.0,3253.8,6.0,1.0,3264.6,3260.7,3260.0,3259.8,3251.6,3250.0,3237.0,3233.0,20.0,1.0,1.0,2.0,1.0,29.0,1.0,1.0,0.0,0.0,50,1.0,1,CNY,0.1,3610.7,0,39581,54467,14,00000001,1,ECL5,INE,1720400406000.0
EC2506,SCFIS,205000008436.0,2024-07-08 09:00:06.500,20240708,3256.0,3260.0,3300.0,3255.0,7.0,226.0,7144.0,7109.0,36831900.0,1139600.0,4188.4,3032.9,3610.7,3463.7,0.0,0.0,3259.46,B,3256.0,3253.4,1.0,1.0,3264.6,3260.7,3260.0,3256.4,3251.7,3251.6,3250.0,3237.0,20.0,1.0,1.0,1.0,2.0,1.0,29.0,1.0,0.0,0.0,50,1.0,1,CNY,0.1,3610.7,0,39582,54470,15,00000001,1,ECL5,INE,1720400406500.0
EC2506,SCFIS,205000008436.0,2024-07-08 09:00:07.000,20240708,3260.7,3260.0,3300.0,3255.0,4.0,230.0,7144.0,7109.0,37483555.0,651655.0,4188.4,3032.9,3610.7,3463.7,0.0,0.0,3259.44,B,3264.6,3260.7,20.0,2.0,3350.0,3338.7,3311.0,3300.0,3260.1,3260.0,3256.0,3251.6,1.0,1.0,1.0,8.0,2.0,9.0,9.0,1.0,0.0,0.0,50,1.0,1,CNY,0.1,3610.7,0,39583,54473,16,00000001,1,ECL5,INE,1720400407000.0
EC2506,SCFIS,205000008436.0,2024-07-08 09:00:07.500,20240708,3264.6,3260.0,3300.0,3255.0,3.0,233.0,7144.0,7107.0,37972855.0,489300.0,4188.4,3032.9,3610.7,3463.7,0.0,0.0,3259.47,B,3264.6,3261.0,19.0,1.0,3350.0,3338.7,3311.0,3300.0,3260.0,3256.1,3256.0,3251.6,1.0,1.0,1.0,8.0,9.0,1.0,13.0,1.0,0.0,0.0,50,1.0,1,CNY,0.1,3610.7,0,39584,54477,17,00000001,1,ECL5,INE,1720400407500.0
EC2506,SCFIS,205000008436.0,2024-07-08 09:00:08.000,20240708,3264.6,3260.0,3300.0,3255.0,16.0,249.0,7144.0,7106.0,40580890.0,2608035.0,4188.4,3032.9,3610.7,3463.7,0.0,0.0,3259.51,B,3264.6,3264.0,17.0,3.0,3350.0,3338.7,3311.0,3300.0,3262.6,3259.2,3256.0,3251.6,1.0,1.0,1.0,8.0,2.0,2.0,13.0,1.0,0.0,0.0,50,1.0,1,CNY,0.1,3610.7,0,39585,54481,18,00000001,1,ECL5,INE,1720400408000.0
EC2506,SCFIS,205000008436.0,2024-07-08 09:00:08.500,20240708,3264.6,3260.0,3300.0,3255.0,19.0,268.0,7144.0,7097.0,43682215.0,3101325.0,4188.4,3032.9,3610.7,3463.7,0.0,0.0,3259.87,B,3300.0,3265.6,8.0,1.0,3350.7,3350.0,3338.7,3311.0,3264.6,3264.2,3264.0,3262.6,1.0,1.0,1.0,1.0,7.0,1.0,1.0,2.0,0.0,0.0,50,1.0,1,CNY,0.1,3610.7,0,39586,54484,19,00000001,1,ECL5,INE,1720400408500.0
EC2506,SCFIS,205000008436.0,2024-07-08 09:00:09.000,20240708,3264.6,3260.0,3300.0,3255.0,2.0,270.0,7144.0,7097.0,44008675.0,326460.0,4188.4,3032.9,3610.7,3463.7,0.0,0.0,3259.9,S,3283.2,3264.6,1.0,7.0,3311.0,3300.0,3289.6,3284.6,3262.6,3256.0,3253.7,3251.6,1.0,8.0,2.0,1.0,2.0,17.0,1.0,1.0,0.0,0.0,50,1.0,1,CNY,0.1,3610.7,0,39587,54487,20,00000001,1,ECL5,INE,1720400409000.0
EC2506,SCFIS,205000008436.0,2024-07-08 09:00:09.500,20240708,3284.6,3260.0,3300.0,3255.0,3.0,273.0,7144.0,7096.0,44500815.0,492140.0,4188.4,3032.9,3610.7,3463.7,0.0,0.0,3260.13,B,3300.0,3266.0,8.0,1.0,3350.7,3350.0,3338.7,3311.0,3264.6,3262.6,3256.0,3253.7,1.0,1.0,1.0,1.0,10.0,2.0,17.0,1.0,0.0,0.0,50,1.0,1,CNY,0.1,3610.7,0,39588,54490,21,00000001,1,ECL5,INE,1720400409500.0
EC2506,SCFIS,205000008436.0,2024-07-08 09:00:10.000,20240708,3296.4,3260.0,3300.0,3255.0,3.0,276.0,7144.0,7094.0,44995225.0,494410.0,4188.4,3032.9,3610.7,3463.7,0.0,0.0,3260.52,B,3299.7,3283.2,1.0,1.0,3350.0,3338.7,3311.0,3300.0,3270.6,3266.0,3265.3,3264.6,1.0,1.0,1.0,8.0,1.0,1.0,1.0,9.0,0.0,0.0,50,1.0,1,CNY,0.1,3610.7,0,39589,54493,22,00000001,1,ECL5,INE,1720400410000.0
EC2506,SCFIS,205000008436.0,2024-07-08 09:00:10.500,20240708,3296.4,3260.0,3300.0,3255.0,0.0,276.0,7144.0,7094.0,44995225.0,0.0,4188.4,3032.9,3610.7,3463.7,0.0,0.0,3260.52,N,3299.2,3285.4,2.0,3.0,3350.7,3350.0,3338.7,3300.0,3283.2,3270.6,3270.0,3266.0,1.0,1.0,1.0,8.0,6.0,1.0,1.0,1.0,0.0,0.0,50,1.0,1,CNY,0.1,3610.7,0,39590,54497,23,00000001,1,ECL5,INE,1720400410500.0
EC2506,SCFIS,205000008436.0,2024-07-08 09:00:11.000,20240708,3299.2,3260.0,3300.0,3255.0,8.0,284.0,7144.0,7089.0,46314565.0,1319340.0,4188.4,3032.9,3610.7,3463.7,0.0,0.0,3261.59,B,3299.4,3283.2,1.0,6.0,3350.7,3350.0,3338.7,3300.0,3271.5,3270.7,3270.6,3270.0,1.0,1.0,1.0,8.0,1.0,1.0,1.0,1.0,0.0,0.0,50,1.0,1,CNY,0.1,3610.7,0,39591,54501,24,00000001,1,ECL5,INE,1720400411000.0
EC2506,SCFIS,205000008436.0,2024-07-08 09:00:11.500,20240708,3299.5,3260.0,3300.0,3255.0,2.0,286.0,7144.0,7088.0,46644515.0,329950.0,4188.4,3032.9,3610.7,3463.7,0.0,0.0,3261.85,B,3300.0,3299.2,8.0,1.0,3360.0,3350.7,3350.0,3338.7,3283.2,3280.0,3277.7,3273.1,1.0,1.0,1.0,1.0,6.0,1.0,1.0,1.0,0.0,0.0,50,1.0,1,CNY,0.1,3610.7,0,39592,54504,25,00000001,1,ECL5,INE,1720400411500.0
EC2506,SCFIS,205000008436.0,2024-07-08 09:00:12.000,20240708,3300.0,3260.0,3300.0,3255.0,9.0,295.0,7144.0,7090.0,48129475.0,1484960.0,4188.4,3032.9,3610.7,3463.7,0.0,0.0,3263.02,B,3338.7,3300.3,1.0,4.0,3375.0,3366.0,3360.0,3350.7,3300.0,3299.5,3299.4,3299.3,1.0,1.0,1.0,1.0,2.0,1.0,2.0,1.0,0.0,0.0,50,1.0,1,CNY,0.1,3610.7,0,39593,54507,26,00000001,1,ECL5,INE,1720400412000.0
EC2506,SCFIS,205000008436.0,2024-07-08 09:00:12.500,20240708,3331.0,3260.0,3331.0,3255.0,2.0,297.0,7144.0,7090.0,48461040.0,331565.0,4188.4,3032.9,3610.7,3463.7,0.0,0.0,3263.37,B,3338.2,3301.8,1.0,1.0,3366.0,3360.0,3350.7,3338.7,3300.0,3299.5,3299.4,3299.3,1.0,1.0,1.0,3.0,3.0,2.0,3.0,1.0,0.0,0.0,50,1.0,1,CNY,0.1,3610.7,0,39594,54510,27,00000001,1,ECL5,INE,1720400412500.0
EC2506,SCFIS,205000008436.0,2024-07-08 09:00:13.000,20240708,3338.2,3260.0,3338.2,3255.0,16.0,313.0,7144.0,7089.0,51128145.0,2667105.0,4188.4,3032.9,3610.7,3463.7,0.0,0.0,3266.97,B,3338.7,3318.7,1.0,1.0,3375.0,3366.0,3360.0,3350.7,3303.9,3300.0,3299.5,3299.4,1.0,1.0,1.0,1.0,1.0,4.0,3.0,3.0,0.0,0.0,50,1.0,1,CNY,0.1,3610.7,0,39595,54513,28,00000001,1,ECL5,INE,1720400413000.0
EC2506,SCFIS,205000008436.0,2024-07-08 09:00:13.500,20240708,3338.6,3260.0,3338.6,3255.0,7.0,320.0,7144.0,7090.0,52293600.0,1165455.0,4188.4,3032.9,3610.7,3463.7,0.0,0.0,3268.35,B,3338.6,3338.2,1.0,1.0,3366.0,3360.0,3350.7,3338.7,3328.3,3325.6,3315.0,3314.0,1.0,1.0,1.0,1.0,1.0,1.0,1.0,1.0,0.0,0.0,50,1.0,1,CNY,0.1,3610.7,0,39596,54517,29,00000001,1,ECL5,INE,1720400413500.0
EC2506,SCFIS,205000008436.0,2024-07-08 09:00:14.000,20240708,3305.7,3260.0,3338.6,3255.0,6.0,326.0,7144.0,7088.0,53291950.0,998350.0,4188.4,3032.9,3610.7,3463.7,0.0,0.0,3269.44,S,3338.2,3310.1,4.0,1.0,3360.0,3350.7,3338.7,3338.6,3300.0,3299.7,3299.5,3299.4,1.0,1.0,1.0,1.0,5.0,1.0,3.0,3.0,0.0,0.0,50,1.0,1,CNY,0.1,3610.7,0,39597,54521,30,00000001,1,ECL5,INE,1720400414000.0
EC2506,SCFIS,205000008436.0,2024-07-08 09:00:14.500,20240708,3338.7,3260.0,3338.7,3255.0,5.0,331.0,7144.0,7089.0,54126525.0,834575.0,4188.4,3032.9,3610.7,3463.7,0.0,0.0,3270.48,B,3350.7,3338.3,1.0,1.0,3386.6,3375.0,3366.0,3360.0,3331.1,3331.0,3317.8,3310.1,1.0,1.0,1.0,1.0,1.0,1.0,1.0,1.0,0.0,0.0,50,1.0,1,CNY,0.1,3610.7,0,39598,54524,31,00000001,1,ECL5,INE,1720400414500.0
EC2506,SCFIS,205000008436.0,2024-07-08 09:00:15.000,20240708,3332.7,3260.0,3338.7,3255.0,7.0,338.0,7144.0,7091.0,55294380.0,1167855.0,4188.4,3032.9,3610.7,3463.7,0.0,0.0,3271.86,S,3338.1,3331.0,1.0,1.0,3360.0,3350.7,3348.3,3338.3,3317.8,3310.1,3301.8,3300.0,1.0,1.0,1.0,1.0,1.0,1.0,1.0,5.0,0.0,0.0,50,1.0,1,CNY,0.1,3610.7,0,39599,54528,32,00000001,1,ECL5,INE,1720400415000.0
EC2506,SCFIS,205000008436.0,2024-07-08 09:00:15.500,20240708,3337.9,3260.0,3338.7,3255.0,3.0,341.0,7144.0,7089.0,55795065.0,500685.0,4188.4,3032.9,3610.7,3463.7,0.0,0.0,3272.44,B,3338.1,3331.0,1.0,1.0,3348.3,3340.5,3338.3,3338.2,3317.8,3301.8,3300.0,3299.7,1.0,1.0,1.0,1.0,1.0,1.0,5.0,1.0,0.0,0.0,50,1.0,1,CNY,0.1,3610.7,0,39600,54532,33,00000001,1,ECL5,INE,1720400415500.0
EC2506,SCFIS,205000008436.0,2024-07-08 09:00:16.000,20240708,3337.9,3260.0,3338.7,3255.0,5.0,346.0,7144.0,7088.0,56629180.0,834115.0,4188.4,3032.9,3610.7,3463.7,0.0,0.0,3273.36,B,3331.0,3322.0,1.0,1.0,3338.2,3338.1,3338.0,3337.9,3321.9,3318.7,3317.9,3317.8,3.0,1.0,1.0,1.0,1.0,1.0,1.0,1.0,0.0,0.0,50,1.0,1,CNY,0.1,3610.7,0,39601,54535,34,00000001,1,ECL5,INE,1720400416000.0
EC2506,SCFIS,205000008436.0,2024-07-08 09:00:16.500,20240708,3338.1,3260.0,3338.7,3255.0,6.0,352.0,7144.0,7087.0,57630265.0,1001085.0,4188.4,3032.9,3610.7,3463.7,0.0,0.0,3274.45,B,3337.8,3317.8,1.0,1.0,3360.0,3350.7,3350.0,3338.2,3312.6,3301.8,3300.0,3299.7,1.0,1.0,1.0,2.0,2.0,1.0,4.0,1.0,0.0,0.0,50,1.0,1,CNY,0.1,3610.7,0,39602,54538,35,00000001,1,ECL5,INE,1720400416500.0
EC2506,SCFIS,205000008436.0,2024-07-08 09:00:17.000,20240708,3338.1,3260.0,3338.7,3255.0,1.0,353.0,7144.0,7087.0,57797170.0,166905.0,4188.4,3032.9,3610.7,3463.7,0.0,0.0,3274.63,B,3338.2,3338.0,2.0,3.0,3366.0,3360.0,3350.7,3350.0,3331.0,3326.3,3325.2,3317.8,1.0,1.0,1.0,1.0,6.0,1.0,3.0,1.0,0.0,0.0,50,1.0,1,CNY,0.1,3610.7,0,39603,54541,36,00000001,1,ECL5,INE,1720400417000.0
EC2506,SCFIS,205000008436.0,2024-07-08 09:00:17.500,20240708,3338.0,3260.0,3338.7,3255.0,11.0,364.0,7144.0,7091.0,59633130.0,1835960.0,4188.4,3032.9,3610.7,3463.7,0.0,0.0,3276.55,S,3350.0,3338.2,1.0,2.0,3375.0,3366.0,3360.0,3350.7,3338.1,3331.0,3317.8,3310.0,1.0,1.0,1.0,1.0,2.0,7.0,1.0,1.0,0.0,0.0,50,1.0,1,CNY,0.1,3610.7,0,39604,54544,37,00000001,1,ECL5,INE,1720400417500.0
EC2506,SCFIS,205000008436.0,2024-07-08 09:00:18.000,20240708,3338.1,3260.0,3338.7,3255.0,4.0,368.0,7144.0,7092.0,60300760.0,667630.0,4188.4,3032.9,3610.7,3463.7,0.0,0.0,3277.22,S,3343.4,3339.2,1.0,1.0,3360.0,3350.7,3350.0,3343.5,3331.5,3331.0,3330.6,3325.0,1.0,1.0,3.0,1.0,1.0,7.0,1.0,1.0,0.0,0.0,50,1.0,1,CNY,0.1,3610.7,0,39605,54548,38,00000001,1,ECL5,INE,1720400418000.0
EC2506,SCFIS,205000008436.0,2024-07-08 09:00:18.500,20240708,3338.1,3260.0,3343.5,3255.0,4.0,372.0,7144.0,7092.0,60968780.0,668020.0,4188.4,3032.9,3610.7,3463.7,0.0,0.0,3277.89,S,3350.0,3338.2,3.0,5.0,3375.0,3366.0,3360.0,3350.7,3338.1,3332.5,3331.6,3331.5,1.0,1.0,1.0,1.0,2.0,1.0,1.0,1.0,0.0,0.0,50,1.0,1,CNY,0.1,3610.7,0,39606,54552,39,00000001,1,ECL5,INE,1720400418500.0
EC2506,SCFIS,205000008436.0,2024-07-08 09:00:19.000,20240708,3339.2,3260.0,3343.5,3255.0,2.0,374.0,7144.0,7092.0,61302650.0,333870.0,4188.4,3032.9,3610.7,3463.7,0.0,0.0,3278.22,S,3349.9,3343.4,1.0,2.0,3366.0,3360.0,3350.7,3350.0,3338.2,3338.1,3337.8,3331.0,1.0,1.0,1.0,4.0,5.0,2.0,1.0,8.0,0.0,0.0,50,1.0,1,CNY,0.1,3610.7,0,39607,54555,40,00000001,1,ECL5,INE,1720400419000.0
EC2506,SCFIS,205000008436.0,2024-07-08 09:00:19.500,20240708,3339.1,3260.0,3349.9,3255.0,9.0,383.0,7144.0,7093.0,62805990.0,1503340.0,4188.4,3032.9,3610.7,3463.7,0.0,0.0,3279.69,S,3349.9,3338.2,1.0,2.0,3366.0,3360.0,3350.7,3350.0,3338.1,3337.8,3331.0,3325.8,1.0,1.0,1.0,4.0,2.0,1.0,8.0,3.0,0.0,0.0,50,1.0,1,CNY,0.1,3610.7,0,39608,54558,41,00000001,1,ECL5,INE,1720400419500.0
EC2506,SCFIS,205000008436.0,2024-07-08 09:00:20.000,20240708,3348.9,3260.0,3349.9,3255.0,2.0,385.0,7144.0,7092.0,63140390.0,334400.0,4188.4,3032.9,3610.7,3463.7,0.0,0.0,3280.02,B,3350.0,3349.9,4.0,1.0,3375.0,3366.0,3360.0,3350.7,3338.2,3338.1,3337.8,3331.0,1.0,1.0,1.0,1.0,1.0,8.0,1.0,8.0,0.0,0.0,50,1.0,1,CNY,0.1,3610.7,0,39609,54561,42,00000001,1,ECL5,INE,1720400420000.0
EC2506,SCFIS,205000008436.0,2024-07-08 09:00:20.500,20240708,3338.7,3260.0,3349.9,3255.0,5.0,390.0,7144.0,7091.0,63976440.0,836050.0,4188.4,3032.9,3610.7,3463.7,0.0,0.0,3280.84,S,3343.4,3339.1,1.0,1.0,3360.0,3350.7,3350.0,3349.9,3338.3,3338.2,3338.1,3337.8,1.0,1.0,4.0,1.0,1.0,1.0,8.0,4.0,0.0,0.0,50,1.0,1,CNY,0.1,3610.7,0,39610,54563,43,00000001,1,ECL5,INE,1720400420500.0
EC2506,SCFIS,205000008436.0,2024-07-08 09:00:21.000,20240708,3340.3,3260.0,3349.9,3255.0,3.0,393.0,7144.0,7089.0,64477780.0,501340.0,4188.4,3032.9,3610.7,3463.7,0.0,0.0,3281.31,S,3349.7,3343.4,1.0,1.0,3360.0,3350.7,3350.0,3349.9,3340.4,3339.1,3339.0,3338.2,1.0,1.0,4.0,1.0,1.0,1.0,1.0,1.0,0.0,0.0,50,1.0,1,CNY,0.1,3610.7,0,39611,54566,44,00000001,1,ECL5,INE,1720400421000.0
EC2506,SCFIS,205000008436.0,2024-07-08 09:00:21.500,20240708,3350.0,3260.0,3350.0,3255.0,4.0,397.0,7144.0,7086.0,65147435.0,669655.0,4188.4,3032.9,3610.7,3463.7,0.0,0.0,3281.99,B,3349.9,3343.4,1.0,1.0,3366.0,3360.0,3350.7,3350.0,3338.2,3338.1,3337.8,3331.0,1.0,1.0,1.0,3.0,1.0,8.0,4.0,3.0,0.0,0.0,50,1.0,1,CNY,0.1,3610.7,0,39612,54570,45,00000001,1,ECL5,INE,1720400421500.0
EC2506,SCFIS,205000008436.0,2024-07-08 09:00:22.000,20240708,3343.4,3260.0,3350.0,3255.0,2.0,399.0,7144.0,7086.0,65481775.0,334340.0,4188.4,3032.9,3610.7,3463.7,0.0,0.0,3282.29,S,3343.4,3338.2,1.0,1.0,3360.0,3350.7,3350.0,3349.9,3338.1,3337.8,3331.0,3325.0,1.0,1.0,3.0,1.0,8.0,4.0,3.0,1.0,0.0,0.0,50,1.0,1,CNY,0.1,3610.7,0,39613,54575,46,00000001,1,ECL5,INE,1720400422000.0
EC2506,SCFIS,205000008436.0,2024-07-08 09:00:22.500,20240708,3343.4,3260.0,3350.0,3255.0,2.0,401.0,7144.0,7086.0,65816115.0,334340.0,4188.4,3032.9,3610.7,3463.7,0.0,0.0,3282.6,B,3343.3,3338.2,1.0,1.0,3350.0,3349.9,3349.7,3343.4,3338.1,3337.8,3331.0,3325.0,3.0,1.0,2.0,1.0,8.0,4.0,3.0,1.0,0.0,0.0,50,1.0,1,CNY,0.1,3610.7,0,39614,54579,47,00000001,1,ECL5,INE,1720400422500.0
EC2506,SCFIS,205000008436.0,2024-07-08 09:00:23.000,20240708,3343.4,3260.0,3350.0,3255.0,5.0,406.0,7144.0,7087.0,66651965.0,835850.0,4188.4,3032.9,3610.7,3463.7,0.0,0.0,3283.35,B,3345.5,3338.2,1.0,1.0,3350.7,3350.0,3349.9,3349.2,3338.1,3337.8,3331.0,3325.0,1.0,3.0,1.0,1.0,8.0,4.0,3.0,1.0,0.0,0.0,50,1.0,1,CNY,0.1,3610.7,0,39615,54584,48,00000001,1,ECL5,INE,1720400423000.0
EC2506,SCFIS,205000008436.0,2024-07-08 09:00:23.500,20240708,3343.3,3260.0,3350.0,3255.0,4.0,410.0,7144.0,7086.0,67320115.0,668150.0,4188.4,3032.9,3610.7,3463.7,0.0,0.0,3283.91,B,3345.5,3343.3,1.0,6.0,3350.7,3350.0,3349.9,3349.2,3338.1,3337.8,3331.0,3325.0,1.0,3.0,1.0,1.0,8.0,4.0,3.0,1.0,0.0,0.0,50,1.0,1,CNY,0.1,3610.7,0,39616,54589,49,00000001,1,ECL5,INE,1720400423500.0
EC2506,SCFIS,205000008436.0,2024-07-08 09:00:24.000,20240708,3343.3,3260.0,3350.0,3255.0,1.0,411.0,7144.0,7086.0,67487280.0,167165.0,4188.4,3032.9,3610.7,3463.7,0.0,0.0,3284.05,S,3345.5,3343.3,1.0,6.0,3350.7,3350.0,3349.9,3349.2,3338.1,3337.8,3331.0,3325.0,1.0,3.0,1.0,1.0,8.0,4.0,3.0,1.0,0.0,0.0,50,1.0,1,CNY,0.1,3610.7,0,39617,54594,50,00000001,1,ECL5,INE,1720400424000.0
EC2506,SCFIS,205000008436.0,2024-07-08 09:00:24.500,20240708,3345.5,3260.0,3350.0,3255.0,1.0,412.0,7144.0,7086.0,67654555.0,167275.0,4188.4,3032.9,3610.7,3463.7,0.0,0.0,3284.2,B,3349.9,3349.0,1.0,7.0,3366.0,3360.0,3350.7,3350.0,3343.3,3338.1,3337.8,3331.0,2.0,1.0,1.0,3.0,7.0,8.0,4.0,3.0,0.0,0.0,50,1.0,1,CNY,0.1,3610.7,0,39618,54597,51,00000001,1,ECL5,INE,1720400424500.0
EC2506,SCFIS,205000008436.0,2024-07-08 09:00:25.000,20240708,3345.5,3260.0,3350.0,3255.0,9.0,421.0,7144.0,7092.0,69161255.0,1506700.0,4188.4,3032.9,3610.7,3463.7,0.0,0.0,3285.57,S,3349.0,3345.5,1.0,2.0,3360.0,3350.7,3350.0,3349.9,3343.3,3338.1,3337.8,3331.0,1.0,1.0,3.0,1.0,7.0,8.0,4.0,2.0,0.0,0.0,50,1.0,1,CNY,0.1,3610.7,0,39619,54600,52,00000001,1,ECL5,INE,1720400425000.0
EC2506,SCFIS,205000008436.0,2024-07-08 09:00:25.500,20240708,3345.5,3260.0,3350.0,3255.0,2.0,423.0,7144.0,7092.0,69495980.0,334725.0,4188.4,3032.9,3610.7,3463.7,0.0,0.0,3285.86,S,3348.2,3345.5,1.0,1.0,3360.0,3350.7,3350.0,3349.9,3343.3,3338.1,3337.8,3331.0,1.0,1.0,3.0,2.0,7.0,8.0,4.0,2.0,0.0,0.0,50,1.0,1,CNY,0.1,3610.7,0,39620,54604,53,00000001,1,ECL5,INE,1720400425500.0
EC2506,SCFIS,205000008436.0,2024-07-08 09:00:26.000,20240708,3349.9,3260.0,3350.0,3255.0,3.0,426.0,7144.0,7091.0,69998160.0,502180.0,4188.4,3032.9,3610.7,3463.7,0.0,0.0,3286.3,B,3349.9,3349.0,1.0,1.0,3366.0,3360.0,3350.7,3350.0,3345.5,3343.3,3338.1,3337.8,2.0,1.0,1.0,3.0,1.0,7.0,8.0,4.0,0.0,0.0,50,1.0,1,CNY,0.1,3610.7,0,39621,54607,54,00000001,1,ECL5,INE,1720400426000.0
EC2506,SCFIS,205000008436.0,2024-07-08 09:00:26.500,20240708,3350.7,3260.0,3350.7,3255.0,7.0,433.0,7144.0,7089.0,71170640.0,1172480.0,4188.4,3032.9,3610.7,3463.7,0.0,0.0,3287.33,B,3360.0,3349.0,1.0,1.0,3388.0,3386.6,3375.0,3366.0,3345.5,3343.3,3338.1,3337.8,9.0,1.0,1.0,2.0,1.0,7.0,8.0,3.0,0.0,0.0,50,1.0,1,CNY,0.1,3610.7,0,39622,54609,55,00000001,1,ECL5,INE,1720400426500.0
EC2506,SCFIS,205000008436.0,2024-07-08 09:00:27.000,20240708,3349.0,3260.0,3350.7,3255.0,3.0,436.0,7144.0,7089.0,71673065.0,502425.0,4188.4,3032.9,3610.7,3463.7,0.0,0.0,3287.76,S,3349.7,3349.0,10.0,1.0,3375.0,3366.0,3360.0,3358.0,3348.2,3345.5,3343.3,3338.1,1.0,2.0,1.0,1.0,1.0,1.0,7.0,8.0,0.0,0.0,50,1.0,1,CNY,0.1,3610.7,0,39623,54611,56,00000001,1,ECL5,INE,1720400427000.0
EC2506,SCFIS,205000008436.0,2024-07-08 09:00:27.500,20240708,3349.0,3260.0,3350.7,3255.0,1.0,437.0,7144.0,7089.0,71840515.0,167450.0,4188.4,3032.9,3610.7,3463.7,0.0,0.0,3287.9,S,3349.7,3349.0,10.0,1.0,3375.0,3366.0,3360.0,3358.0,3348.2,3345.5,3343.3,3339.2,1.0,2.0,1.0,1.0,3.0,1.0,7.0,1.0,0.0,0.0,50,1.0,1,CNY,0.1,3610.7,0,39624,54613,57,00000001,1,ECL5,INE,1720400427500.0
EC2506,SCFIS,205000008436.0,2024-07-08 09:00:28.000,20240708,3348.2,3260.0,3350.7,3255.0,2.0,439.0,7144.0,7089.0,72175375.0,334860.0,4188.4,3032.9,3610.7,3463.7,0.0,0.0,3288.17,S,3349.7,3349.0,10.0,1.0,3386.6,3375.0,3366.0,3360.0,3348.2,3345.5,3343.3,3339.2,1.0,1.0,2.0,1.0,2.0,1.0,4.0,1.0,0.0,0.0,50,1.0,1,CNY,0.1,3610.7,0,39625,54615,58,00000001,1,ECL5,INE,1720400428000.0
EC2506,SCFIS,205000008436.0,2024-07-08 09:00:28.500,20240708,3349.7,3260.0,3350.7,3255.0,2.0,441.0,7144.0,7090.0,72510310.0,334935.0,4188.4,3032.9,3610.7,3463.7,0.0,0.0,3288.45,B,3349.7,3348.2,9.0,2.0,3386.6,3375.0,3366.0,3360.0,3345.5,3343.3,3339.2,3338.1,1.0,1.0,2.0,1.0,1.0,4.0,1.0,8.0,0.0,0.0,50,1.0,1,CNY,0.1,3610.7,0,39626,54617,59,00000001,1,ECL5,INE,1720400428500.0
EC2506,SCFIS,205000008436.0,2024-07-08 09:00:29.000,20240708,3347.9,3260.0,3350.7,3255.0,6.0,447.0,7144.0,7089.0,73514620.0,1004310.0,4188.4,3032.9,3610.7,3463.7,0.0,0.0,3289.24,S,3348.2,3343.3,2.0,4.0,3349.7,3349.0,3348.8,3348.7,3338.1,3331.0,3325.0,3320.0,9.0,20.0,1.0,1.0,8.0,2.0,1.0,1.0,0.0,0.0,50,1.0,1,CNY,0.1,3610.7,0,39627,54620,60,00000001,1,ECL5,INE,1720400429000.0
EC2506,SCFIS,205000008436.0,2024-07-08 09:00:29.500,20240708,3343.3,3260.0,3350.7,3255.0,5.0,452.0,7144.0,7088.0,74350720.0,836100.0,4188.4,3032.9,3610.7,3463.7,0.0,0.0,3289.85,S,3344.0,3343.3,1.0,1.0,3349.7,3349.0,3348.8,3345.5,3338.1,3331.0,3325.0,3320.0,9.0,20.0,1.0,3.0,6.0,2.0,1.0,1.0,0.0,0.0,50,1.0,1,CNY,0.1,3610.7,0,39628,54623,61,00000001,1,ECL5,INE,1720400429500.0
EC2506,SCFIS,205000008436.0,2024-07-08 09:00:30.000,20240708,3343.2,3260.0,3350.7,3255.0,7.0,459.0,7144.0,7087.0,75520030.0,1169310.0,4188.4,3032.9,3610.7,3463.7,0.0,0.0,3290.63,S,3343.3,3338.1,2.0,3.0,3349.0,3348.8,3348.2,3345.5,3331.0,3325.0,3320.0,3300.1,20.0,1.0,5.0,3.0,2.0,1.0,1.0,1.0,0.0,0.0,50,1.0,1,CNY,0.1,3610.7,0,39629,54626,62,00000001,1,ECL5,INE,1720400430000.0
EC2506,SCFIS,205000008436.0,2024-07-08 09:00:30.500,20240708,3338.1,3260.0,3350.7,3255.0,4.0,463.0,7144.0,7088.0,76187745.0,667715.0,4188.4,3032.9,3610.7,3463.7,0.0,0.0,3291.05,S,3338.1,3331.0,2.0,2.0,3343.3,3343.1,3342.4,3338.2,3325.0,3320.0,3300.1,3300.0,5.0,1.0,3.0,3.0,1.0,1.0,1.0,5.0,0.0,0.0,50,1.0,1,CNY,0.1,3610.7,0,39630,54629,63,00000001,1,ECL5,INE,1720400430500.0
EC2506,SCFIS,205000008436.0,2024-07-08 09:00:31.000,20240708,3338.1,3260.0,3350.7,3255.0,1.0,464.0,7144.0,7089.0,76354650.0,166905.0,4188.4,3032.9,3610.7,3463.7,0.0,0.0,3291.15,B,3338.2,3331.0,3.0,2.0,3348.2,3345.5,3344.0,3343.3,3325.0,3320.0,3300.1,3300.0,5.0,3.0,1.0,5.0,1.0,1.0,1.0,5.0,0.0,0.0,50,1.0,1,CNY,0.1,3610.7,0,39631,54633,64,00000001,1,ECL5,INE,1720400431000.0
EC2506,SCFIS,205000008436.0,2024-07-08 09:00:31.500,20240708,3331.0,3260.0,3350.7,3255.0,1.0,465.0,7144.0,7089.0,76521200.0,166550.0,4188.4,3032.9,3610.7,3463.7,0.0,0.0,3291.23,S,3336.4,3331.0,1.0,1.0,3338.7,3338.2,3338.1,3337.7,3325.0,3320.0,3300.1,3300.0,1.0,3.0,1.0,1.0,1.0,1.0,1.0,5.0,0.0,0.0,50,1.0,1,CNY,0.1,3610.7,0,39632,54636,65,00000001,1,ECL5,INE,1720400431500.0
EC2506,SCFIS,205000008436.0,2024-07-08 09:00:32.000,20240708,3331.0,3260.0,3350.7,3255.0,0.0,465.0,7144.0,7089.0,76521200.0,0.0,4188.4,3032.9,3610.7,3463.7,0.0,0.0,3291.23,N,3336.3,3331.0,2.0,1.0,3344.0,3343.3,3338.2,3338.1,3320.0,3300.1,3300.0,3299.4,1.0,5.0,3.0,1.0,1.0,1.0,5.0,3.0,0.0,0.0,50,1.0,1,CNY,0.1,3610.7,0,39633,54639,66,00000001,1,ECL5,INE,1720400432000.0
EC2506,SCFIS,205000008436.0,2024-07-08 09:00:32.500,20240708,3338.1,3260.0,3350.7,3255.0,8.0,473.0,7144.0,7091.0,77855895.0,1334695.0,4188.4,3032.9,3610.7,3463.7,0.0,0.0,3292.0,B,3330.9,3322.2,1.0,1.0,3343.2,3336.7,3336.6,3335.6,3321.2,3320.1,3320.0,3300.1,1.0,1.0,1.0,1.0,1.0,1.0,1.0,1.0,0.0,0.0,50,1.0,1,CNY,0.1,3610.7,0,39634,54642,67,00000001,1,ECL5,INE,1720400432500.0
EC2506,SCFIS,205000008436.0,2024-07-08 09:00:33.000,20240708,3338.1,3260.0,3350.7,3255.0,0.0,473.0,7144.0,7091.0,77855895.0,0.0,4188.4,3032.9,3610.7,3463.7,0.0,0.0,3292.0,N,3327.1,3322.4,1.0,2.0,3345.5,3344.0,3343.3,3330.9,3322.3,3320.0,3313.5,3300.1,3.0,1.0,5.0,1.0,1.0,1.0,1.0,1.0,0.0,0.0,50,1.0,1,CNY,0.1,3610.7,0,39635,54645,68,00000001,1,ECL5,INE,1720400433000.0
EC2506,SCFIS,205000008436.0,2024-07-08 09:00:33.500,20240708,3327.4,3260.0,3350.7,3255.0,2.0,475.0,7144.0,7092.0,78188635.0,332740.0,4188.4,3032.9,3610.7,3463.7,0.0,0.0,3292.15,B,3330.9,3322.3,1.0,1.0,3349.0,3345.5,3344.0,3343.3,3320.0,3313.5,3300.1,3300.0,21.0,3.0,1.0,5.0,1.0,1.0,1.0,5.0,0.0,0.0,50,1.0,1,CNY,0.1,3610.7,0,39636,54648,69,00000001,1,ECL5,INE,1720400433500.0
EC2506,SCFIS,205000008436.0,2024-07-08 09:00:34.000,20240708,3331.0,3260.0,3350.7,3255.0,6.0,481.0,7144.0,7094.0,79187505.0,998870.0,4188.4,3032.9,3610.7,3463.7,0.0,0.0,3292.62,B,3331.0,3322.5,1.0,1.0,3344.0,3343.3,3340.0,3331.6,3322.3,3320.0,3313.5,3300.1,1.0,5.0,1.0,1.0,1.0,1.0,1.0,1.0,0.0,0.0,50,1.0,1,CNY,0.1,3610.7,0,39637,54650,70,00000001,1,ECL5,INE,1720400434000.0
EC2506,SCFIS,205000008436.0,2024-07-08 09:00:34.500,20240708,3322.7,3260.0,3350.7,3255.0,2.0,483.0,7144.0,7095.0,79520190.0,332685.0,4188.4,3032.9,3610.7,3463.7,0.0,0.0,3292.76,S,3330.7,3322.3,1.0,1.0,3343.3,3340.0,3331.6,3331.0,3313.5,3300.1,3300.0,3299.4,5.0,1.0,1.0,1.0,1.0,1.0,5.0,3.0,0.0,0.0,50,1.0,1,CNY,0.1,3610.7,0,39638,54653,71,00000001,1,ECL5,INE,1720400434500.0
EC2506,SCFIS,205000008436.0,2024-07-08 09:00:35.000,20240708,3322.5,3260.0,3350.7,3255.0,3.0,486.0,7144.0,7092.0,80018560.0,498370.0,4188.4,3032.9,3610.7,3463.7,0.0,0.0,3292.94,S,3322.4,3313.5,1.0,1.0,3343.3,3340.0,3331.0,3330.5,3300.1,3300.0,3299.4,3299.1,5.0,1.0,1.0,2.0,1.0,5.0,3.0,1.0,0.0,0.0,50,1.0,1,CNY,0.1,3610.7,0,39639,54655,72,00000001,1,ECL5,INE,1720400435000.0
EC2506,SCFIS,205000008436.0,2024-07-08 09:00:35.500,20240708,3322.5,3260.0,3350.7,3255.0,0.0,486.0,7144.0,7092.0,80018560.0,0.0,4188.4,3032.9,3610.7,3463.7,0.0,0.0,3292.94,N,3319.7,3306.3,1.0,1.0,3322.3,3322.2,3322.1,3320.6,3305.3,3305.2,3302.3,3300.3,1.0,2.0,1.0,1.0,1.0,1.0,1.0,1.0,0.0,0.0,50,1.0,1,CNY,0.1,3610.7,0,39640,54657,73,00000001,1,ECL5,INE,1720400435500.0
EC2506,SCFIS,205000008436.0,2024-07-08 09:00:36.000,20240708,3319.6,3260.0,3350.7,3255.0,2.0,488.0,7144.0,7091.0,80350520.0,331960.0,4188.4,3032.9,3610.7,3463.7,0.0,0.0,3293.05,B,3322.3,3319.6,1.0,1.0,3344.0,3343.3,3340.0,3331.0,3309.1,3307.8,3307.7,3306.8,1.0,3.0,1.0,1.0,1.0,1.0,1.0,1.0,0.0,0.0,50,1.0,1,CNY,0.1,3610.7,0,39641,54660,74,00000001,1,ECL5,INE,1720400436000.0
EC2506,SCFIS,205000008436.0,2024-07-08 09:00:36.500,20240708,3322.3,3260.0,3350.7,3255.0,1.0,489.0,7144.0,7091.0,80516635.0,166115.0,4188.4,3032.9,3610.7,3463.7,0.0,0.0,3293.11,B,3329.0,3319.7,1.0,1.0,3343.3,3340.0,3331.0,3330.0,3319.6,3300.1,3300.0,3299.4,3.0,1.0,1.0,1.0,1.0,1.0,5.0,3.0,0.0,0.0,50,1.0,1,CNY,0.1,3610.7,0,39642,54663,75,00000001,1,ECL5,INE,1720400436500.0
EC2506,SCFIS,205000008436.0,2024-07-08 09:00:37.000,20240708,3320.0,3260.0,3350.7,3255.0,1.0,490.0,7144.0,7091.0,80682635.0,166000.0,4188.4,3032.9,3610.7,3463.7,0.0,0.0,3293.17,S,3322.3,3319.6,1.0,1.0,3343.3,3340.0,3331.0,3328.8,3300.1,3300.0,3299.4,3299.1,3.0,1.0,1.0,2.0,1.0,5.0,3.0,1.0,0.0,0.0,50,1.0,1,CNY,0.1,3610.7,0,39643,54666,76,00000001,1,ECL5,INE,1720400437000.0
EC2506,SCFIS,205000008436.0,2024-07-08 09:00:37.500,20240708,3320.0,3260.0,3350.7,3255.0,0.0,490.0,7144.0,7091.0,80682635.0,0.0,4188.4,3032.9,3610.7,3463.7,0.0,0.0,3293.17,N,3322.1,3319.6,2.0,1.0,3343.3,3340.0,3331.0,3322.3,3300.1,3300.0,3299.4,3299.1,3.0,1.0,1.0,1.0,1.0,5.0,3.0,1.0,0.0,0.0,50,1.0,1,CNY,0.1,3610.7,0,39644,54669,77,00000001,1,ECL5,INE,1720400437500.0
EC2506,SCFIS,205000008436.0,2024-07-08 09:00:38.000,20240708,3319.6,3260.0,3350.7,3255.0,3.0,493.0,7144.0,7089.0,81180805.0,498170.0,4188.4,3032.9,3610.7,3463.7,0.0,0.0,3293.34,S,3322.3,3300.1,1.0,1.0,3344.0,3343.3,3340.0,3331.0,3300.0,3299.4,3299.1,3288.0,1.0,3.0,1.0,1.0,5.0,3.0,1.0,1.0,0.0,0.0,50,1.0,1,CNY,0.1,3610.7,0,39645,54672,78,00000001,1,ECL5,INE,1720400438000.0
EC2506,SCFIS,205000008436.0,2024-07-08 09:00:38.500,20240708,3319.6,3260.0,3350.7,3255.0,1.0,494.0,7144.0,7089.0,81346785.0,165980.0,4188.4,3032.9,3610.7,3463.7,0.0,0.0,3293.39,B,3319.6,3310.6,1.0,1.0,3322.4,3322.3,3322.2,3321.4,3308.0,3304.0,3300.2,3300.1,1.0,1.0,1.0,1.0,1.0,1.0,2.0,3.0,0.0,0.0,50,1.0,1,CNY,0.1,3610.7,0,39646,54675,79,00000001,1,ECL5,INE,1720400438500.0
EC2506,SCFIS,205000008436.0,2024-07-08 09:00:39.000,20240708,3311.4,3260.0,3350.7,3255.0,2.0,496.0,7144.0,7088.0,81678335.0,331550.0,4188.4,3032.9,3610.7,3463.7,0.0,0.0,3293.48,S,3319.6,3311.4,1.0,1.0,3331.0,3322.4,3322.3,3321.4,3310.8,3310.7,3310.6,3308.0,1.0,1.0,1.0,1.0,2.0,1.0,3.0,1.0,0.0,0.0,50,1.0,1,CNY,0.1,3610.7,0,39647,54677,80,00000001,1,ECL5,INE,1720400439000.0
EC2506,SCFIS,205000008436.0,2024-07-08 09:00:39.500,20240708,3311.5,3260.0,3350.7,3255.0,3.0,499.0,7144.0,7088.0,82175850.0,497515.0,4188.4,3032.9,3610.7,3463.7,0.0,0.0,3293.62,S,3319.6,3311.5,1.0,1.0,3343.3,3340.0,3331.0,3322.3,3310.7,3305.2,3300.1,3300.0,3.0,1.0,1.0,1.0,1.0,1.0,1.0,4.0,0.0,0.0,50,1.0,1,CNY,0.1,3610.7,0,39648,54679,81,00000001,1,ECL5,INE,1720400439500.0
EC2506,SCFIS,205000008436.0,2024-07-08 09:00:40.000,20240708,3319.6,3260.0,3350.7,3255.0,4.0,503.0,7144.0,7087.0,82839055.0,663205.0,4188.4,3032.9,3610.7,3463.7,0.0,0.0,3293.8,B,3322.3,3312.1,1.0,1.0,3343.3,3340.0,3331.0,3322.5,3311.6,3311.5,3300.1,3300.0,3.0,1.0,1.0,1.0,3.0,3.0,1.0,3.0,0.0,0.0,50,1.0,1,CNY,0.1,3610.7,0,39649,54682,82,00000001,1,ECL5,INE,1720400440000.0
EC2506,SCFIS,205000008436.0,2024-07-08 09:00:40.500,20240708,3320.1,3260.0,3350.7,3255.0,2.0,505.0,7144.0,7085.0,83171065.0,332010.0,4188.4,3032.9,3610.7,3463.7,0.0,0.0,3293.9,B,3322.2,3320.1,1.0,2.0,3340.0,3331.0,3322.5,3322.3,3319.9,3319.6,3312.1,3311.6,1.0,1.0,1.0,1.0,1.0,10.0,1.0,1.0,0.0,0.0,50,1.0,1,CNY,0.1,3610.7,0,39650,54685,83,00000001,1,ECL5,INE,1720400440500.0
EC2506,SCFIS,205000008436.0,2024-07-08 09:00:41.000,20240708,3322.5,3260.0,3350.7,3255.0,15.0,520.0,7144.0,7092.0,85661270.0,2490205.0,4188.4,3032.9,3610.7,3463.7,0.0,0.0,3294.66,B,3331.0,3323.9,1.0,1.0,3345.5,3344.0,3343.3,3340.0,3319.6,3318.1,3312.1,3311.6,3.0,1.0,3.0,1.0,3.0,2.0,1.0,1.0,0.0,0.0,50,1.0,1,CNY,0.1,3610.7,0,39651,54688,84,00000001,1,ECL5,INE,1720400441000.0
EC2506,SCFIS,205000008436.0,2024-07-08 09:00:41.500,20240708,3319.6,3260.0,3350.7,3255.0,2.0,522.0,7144.0,7092.0,85993375.0,332105.0,4188.4,3032.9,3610.7,3463.7,0.0,0.0,3294.77,S,3328.8,3319.6,1.0,2.0,3340.0,3331.0,3330.9,3330.5,3314.7,3311.5,3306.3,3300.1,1.0,1.0,2.0,1.0,1.0,1.0,1.0,1.0,0.0,0.0,50,1.0,1,CNY,0.1,3610.7,0,39652,54691,85,00000001,1,ECL5,INE,1720400441500.0
EC2506,SCFIS,205000008436.0,2024-07-08 09:00:42.000,20240708,3325.3,3260.0,3350.7,3255.0,2.0,524.0,7144.0,7091.0,86325895.0,332520.0,4188.4,3032.9,3610.7,3463.7,0.0,0.0,3294.88,B,3328.7,3323.4,2.0,1.0,3343.3,3340.0,3331.0,3330.9,3322.4,3322.2,3319.8,3319.6,3.0,1.0,1.0,1.0,1.0,1.0,2.0,5.0,0.0,0.0,50,1.0,1,CNY,0.1,3610.7,0,39653,54694,86,00000001,1,ECL5,INE,1720400442000.0
EC2506,SCFIS,205000008436.0,2024-07-08 09:00:42.500,20240708,3325.3,3260.0,3350.7,3255.0,0.0,524.0,7144.0,7091.0,86325895.0,0.0,4188.4,3032.9,3610.7,3463.7,0.0,0.0,3294.88,N,3331.0,3324.5,1.0,1.0,3345.5,3344.0,3343.3,3340.0,3323.4,3322.2,3321.4,3320.1,3.0,1.0,3.0,1.0,1.0,1.0,1.0,2.0,0.0,0.0,50,1.0,1,CNY,0.1,3610.7,0,39654,54696,87,00000001,1,ECL5,INE,1720400442500.0
EC2506,SCFIS,205000008436.0,2024-07-08 09:00:43.500,20240708,3324.5,3260.0,3350.7,3255.0,2.0,526.0,7144.0,7091.0,86658385.0,332490.0,4188.4,3032.9,3610.7,3463.7,0.0,0.0,3295.0,S,3331.0,3328.8,1.0,1.0,3345.5,3344.0,3343.3,3340.0,3324.2,3323.2,3322.3,3322.2,3.0,1.0,3.0,1.0,1.0,1.0,1.0,1.0,0.0,0.0,50,1.0,1,CNY,0.1,3610.7,0,39656,54701,89,00000001,1,ECL5,INE,1720400443500.0
EC2506,SCFIS,205000008436.0,2024-07-08 09:00:44.000,20240708,3331.0,3260.0,3350.7,3255.0,1.0,527.0,7144.0,7091.0,86824935.0,166550.0,4188.4,3032.9,3610.7,3463.7,0.0,0.0,3295.06,B,3339.4,3329.8,1.0,1.0,3345.5,3344.0,3343.3,3340.0,3328.8,3324.7,3322.2,3321.4,3.0,1.0,3.0,1.0,2.0,2.0,1.0,1.0,0.0,0.0,50,1.0,1,CNY,0.1,3610.7,0,39657,54703,90,00000001,1,ECL5,INE,1720400444000.0
EC2506,SCFIS,205000008436.0,2024-07-08 09:00:44.500,20240708,3331.0,3260.0,3350.7,3255.0,0.0,527.0,7144.0,7091.0,86824935.0,0.0,4188.4,3032.9,3610.7,3463.7,0.0,0.0,3295.06,N,3339.4,3332.6,1.0,1.0,3345.5,3344.0,3343.3,3340.0,3328.8,3322.2,3321.4,3320.1,3.0,1.0,3.0,1.0,1.0,1.0,1.0,2.0,0.0,0.0,50,1.0,1,CNY,0.1,3610.7,0,39658,54706,91,00000001,1,ECL5,INE,1720400444500.0
EC2506,SCFIS,205000008436.0,2024-07-08 09:00:45.000,20240708,3331.0,3260.0,3350.7,3255.0,0.0,527.0,7144.0,7091.0,86824935.0,0.0,4188.4,3032.9,3610.7,3463.7,0.0,0.0,3295.06,N,3337.2,3332.7,1.0,1.0,3345.5,3343.3,3340.0,3339.4,3332.6,3330.0,3328.8,3322.2,3.0,3.0,1.0,1.0,1.0,2.0,1.0,1.0,0.0,0.0,50,1.0,1,CNY,0.1,3610.7,0,39659,54709,92,00000001,1,ECL5,INE,1720400445000.0
EC2506,SCFIS,205000008436.0,2024-07-08 09:00:45.500,20240708,3337.2,3260.0,3350.7,3255.0,2.0,529.0,7144.0,7091.0,87158345.0,333410.0,4188.4,3032.9,3610.7,3463.7,0.0,0.0,3295.21,B,3340.0,3339.4,1.0,1.0,3349.6,3349.0,3345.5,3343.3,3332.8,3332.6,3328.8,3322.2,2.0,20.0,3.0,3.0,1.0,1.0,1.0,1.0,0.0,0.0,50,1.0,1,CNY,0.1,3610.7,0,39660,54711,93,00000001,1,ECL5,INE,1720400445500.0
EC2506,SCFIS,205000008436.0,2024-07-08 09:00:46.000,20240708,3338.5,3260.0,3350.7,3255.0,3.0,532.0,7144.0,7089.0,87659200.0,500855.0,4188.4,3032.9,3610.7,3463.7,0.0,0.0,3295.46,S,3339.7,3337.2,1.0,2.0,3349.0,3345.5,3343.3,3340.0,3331.0,3328.8,3322.2,3321.4,20.0,3.0,3.0,1.0,1.0,1.0,1.0,1.0,0.0,0.0,50,1.0,1,CNY,0.1,3610.7,0,39661,54713,94,00000001,1,ECL5,INE,1720400446000.0
EC2506,SCFIS,205000008436.0,2024-07-08 09:00:46.500,20240708,3338.5,3260.0,3350.7,3255.0,0.0,532.0,7144.0,7089.0,87659200.0,0.0,4188.4,3032.9,3610.7,3463.7,0.0,0.0,3295.46,N,3339.7,3339.4,1.0,2.0,3349.0,3345.5,3343.3,3340.0,3337.2,3331.0,3328.8,3322.2,20.0,3.0,3.0,1.0,2.0,1.0,1.0,1.0,0.0,0.0,50,1.0,1,CNY,0.1,3610.7,0,39662,54715,95,00000001,1,ECL5,INE,1720400446500.0
EC2506,SCFIS,205000008436.0,2024-07-08 09:00:47.000,20240708,3339.4,3260.0,3350.7,3255.0,1.0,533.0,7144.0,7089.0,87826170.0,166970.0,4188.4,3032.9,3610.7,3463.7,0.0,0.0,3295.54,S,3340.0,3339.4,1.0,1.0,3349.6,3349.0,3345.5,3343.3,3337.2,3331.0,3328.8,3322.2,2.0,20.0,3.0,3.0,2.0,1.0,1.0,1.0,0.0,0.0,50,1.0,1,CNY,0.1,3610.7,0,39663,54718,96,00000001,1,ECL5,INE,1720400447000.0
EC2506,SCFIS,205000008436.0,2024-07-08 09:00:47.500,20240708,3337.2,3260.0,3350.7,3255.0,9.0,542.0,7144.0,7086.0,89328280.0,1502110.0,4188.4,3032.9,3610.7,3463.7,0.0,0.0,3296.25,S,3337.2,3331.0,1.0,1.0,3343.3,3340.0,3338.5,3338.4,3328.8,3322.2,3321.4,3319.6,3.0,1.0,66.0,2.0,1.0,1.0,1.0,5.0,0.0,0.0,50,1.0,1,CNY,0.1,3610.7,0,39664,54720,97,00000001,1,ECL5,INE,1720400447500.0
EC2506,SCFIS,205000008436.0,2024-07-08 09:00:48.000,20240708,3337.2,3260.0,3350.7,3255.0,1.0,543.0,7144.0,7085.0,89495140.0,166860.0,4188.4,3032.9,3610.7,3463.7,0.0,0.0,3296.32,B,3337.2,3331.2,2.0,1.0,3345.5,3343.3,3340.0,3338.5,3328.8,3324.9,3322.2,3321.4,3.0,3.0,1.0,66.0,1.0,1.0,1.0,1.0,0.0,0.0,50,1.0,1,CNY,0.1,3610.7,0,39665,54722,98,00000001,1,ECL5,INE,1720400448000.0
EC2506,SCFIS,205000008436.0,2024-07-08 09:00:48.500,20240708,3337.2,3260.0,3350.7,3255.0,1.0,544.0,7144.0,7085.0,89662000.0,166860.0,4188.4,3032.9,3610.7,3463.7,0.0,0.0,3296.4,B,3337.2,3331.4,2.0,1.0,3345.5,3343.3,3340.0,3338.5,3328.8,3324.9,3322.2,3321.4,3.0,3.0,1.0,66.0,1.0,1.0,1.0,1.0,0.0,0.0,50,1.0,1,CNY,0.1,3610.7,0,39666,54724,99,00000001,1,ECL5,INE,1720400448500.0
EC2506,SCFIS,205000008436.0,2024-07-08 09:00:49.000,20240708,3338.5,3260.0,3350.7,3255.0,4.0,548.0,7144.0,7086.0,90329570.0,667570.0,4188.4,3032.9,3610.7,3463.7,0.0,0.0,3296.7,B,3338.5,3331.6,64.0,1.0,3349.0,3345.5,3343.3,3340.0,3328.8,3324.9,3322.2,3321.4,20.0,3.0,3.0,1.0,1.0,1.0,1.0,1.0,0.0,0.0,50,1.0,1,CNY,0.1,3610.7,0,39667,54726,100,00000001,1,ECL5,INE,1720400449000.0
EC2506,SCFIS,205000008436.0,2024-07-08 09:00:49.500,20240708,3338.5,3260.0,3350.7,3255.0,0.0,548.0,7144.0,7086.0,90329570.0,0.0,4188.4,3032.9,3610.7,3463.7,0.0,0.0,3296.7,N,3338.5,3331.8,64.0,1.0,3349.0,3345.5,3343.3,3340.0,3328.8,3324.9,3322.2,3321.4,20.0,3.0,3.0,1.0,1.0,1.0,1.0,1.0,0.0,0.0,50,1.0,1,CNY,0.1,3610.7,0,39668,54728,101,00000001,1,ECL5,INE,1720400449500.0
EC2506,SCFIS,205000008436.0,2024-07-08 09:00:50.000,20240708,3337.2,3260.0,3350.7,3255.0,5.0,553.0,7144.0,7090.0,91163870.0,834300.0,4188.4,3032.9,3610.7,3463.7,0.0,0.0,3297.07,B,3338.5,3337.2,64.0,1.0,3349.0,3345.5,3343.3,3340.0,3332.0,3328.8,3324.9,3324.3,20.0,3.0,3.0,1.0,1.0,1.0,1.0,1.0,0.0,0.0,50,1.0,1,CNY,0.1,3610.7,0,39669,54730,102,00000001,1,ECL5,INE,1720400450000.0
EC2506,SCFIS,205000008436.0,2024-07-08 09:00:50.500,20240708,3337.2,3260.0,3350.7,3255.0,0.0,553.0,7144.0,7090.0,91163870.0,0.0,4188.4,3032.9,3610.7,3463.7,0.0,0.0,3297.07,N,3338.4,3337.2,1.0,1.0,3345.5,3343.3,3340.0,3338.5,3328.8,3324.9,3324.3,3322.2,3.0,3.0,2.0,64.0,1.0,1.0,1.0,1.0,0.0,0.0,50,1.0,1,CNY,0.1,3610.7,0,39670,54732,103,00000001,1,ECL5,INE,1720400450500.0
EC2506,SCFIS,205000008436.0,2024-07-08 09:00:51.000,20240708,3338.5,3260.0,3350.7,3255.0,9.0,562.0,7144.0,7084.0,92666190.0,1502320.0,4188.4,3032.9,3610.7,3463.7,0.0,0.0,3297.73,B,3338.5,3337.2,56.0,1.0,3349.0,3345.5,3343.3,3340.0,3328.8,3324.9,3322.2,3321.4,20.0,3.0,3.0,2.0,1.0,1.0,1.0,1.0,0.0,0.0,50,1.0,1,CNY,0.1,3610.7,0,39671,54734,104,00000001,1,ECL5,INE,1720400451000.0
EC2506,SCFIS,205000008436.0,2024-07-08 09:00:51.500,20240708,3337.2,3260.0,3350.7,3255.0,1.0,563.0,7144.0,7084.0,92833050.0,166860.0,4188.4,3032.9,3610.7,3463.7,0.0,0.0,3297.8,S,3338.5,3331.4,56.0,2.0,3349.0,3345.5,3343.3,3340.0,3328.8,3324.9,3321.4,3319.6,20.0,3.0,3.0,2.0,1.0,1.0,1.0,5.0,0.0,0.0,50,1.0,1,CNY,0.1,3610.7,0,39672,54736,105,00000001,1,ECL5,INE,1720400451500.0
EC2506,SCFIS,205000008436.0,2024-07-08 09:00:52.000,20240708,3331.7,3260.0,3350.7,3255.0,3.0,566.0,7144.0,7083.0,93333485.0,500435.0,4188.4,3032.9,3610.7,3463.7,0.0,0.0,3298.0,S,3338.5,3331.6,54.0,2.0,3349.0,3345.5,3343.3,3340.0,3331.4,3328.8,3324.9,3321.4,20.0,3.0,3.0,2.0,2.0,1.0,1.0,1.0,0.0,0.0,50,1.0,1,CNY,0.1,3610.7,0,39673,54738,106,00000001,1,ECL5,INE,1720400452000.0
EC2506,SCFIS,205000008436.0,2024-07-08 09:00:52.500,20240708,3338.5,3260.0,3350.7,3255.0,2.0,568.0,7144.0,7082.0,93667335.0,333850.0,4188.4,3032.9,3610.7,3463.7,0.0,0.0,3298.15,B,3337.2,3331.8,1.0,1.0,3343.3,3343.0,3340.0,3338.5,3331.4,3330.0,3328.8,3324.9,3.0,1.0,2.0,53.0,2.0,1.0,1.0,1.0,0.0,0.0,50,1.0,1,CNY,0.1,3610.7,0,39674,54740,107,00000001,1,ECL5,INE,1720400452500.0
EC2506,SCFIS,205000008436.0,2024-07-08 09:00:53.000,20240708,3338.5,3260.0,3350.7,3255.0,1.0,569.0,7144.0,7082.0,93834260.0,166925.0,4188.4,3032.9,3610.7,3463.7,0.0,0.0,3298.22,B,3338.5,3333.5,53.0,1.0,3345.5,3343.3,3343.0,3340.0,3332.0,3331.4,3330.0,3328.8,3.0,3.0,1.0,2.0,1.0,2.0,1.0,1.0,0.0,0.0,50,1.0,1,CNY,0.1,3610.7,0,39675,54742,108,00000001,1,ECL5,INE,1720400453000.0
EC2506,SCFIS,205000008436.0,2024-07-08 09:00:53.500,20240708,3338.4,3260.0,3350.7,3255.0,1.0,570.0,7144.0,7082.0,94001180.0,166920.0,4188.4,3032.9,3610.7,3463.7,0.0,0.0,3298.29,B,3338.3,3331.4,1.0,2.0,3343.3,3343.0,3340.0,3338.5,3330.0,3328.8,3324.9,3321.4,3.0,1.0,2.0,53.0,1.0,1.0,1.0,1.0,0.0,0.0,50,1.0,1,CNY,0.1,3610.7,0,39676,54744,109,00000001,1,ECL5,INE,1720400453500.0
EC2506,SCFIS,205000008436.0,2024-07-08 09:00:54.000,20240708,3338.3,3260.0,3350.7,3255.0,1.0,571.0,7144.0,7082.0,94168095.0,166915.0,4188.4,3032.9,3610.7,3463.7,0.0,0.0,3298.36,B,3338.5,3333.7,53.0,3.0,3345.5,3343.3,3343.0,3340.0,3331.4,3330.0,3328.8,3324.9,3.0,3.0,1.0,2.0,2.0,1.0,1.0,1.0,0.0,0.0,50,1.0,1,CNY,0.1,3610.7,0,39677,54746,110,00000001,1,ECL5,INE,1720400454000.0
EC2506,SCFIS,205000008436.0,2024-07-08 09:00:54.500,20240708,3338.3,3260.0,3350.7,3255.0,0.0,571.0,7144.0,7082.0,94168095.0,0.0,4188.4,3032.9,3610.7,3463.7,0.0,0.0,3298.36,N,3338.5,3338.3,53.0,1.0,3345.5,3343.3,3343.0,3340.0,3333.7,3331.6,3331.4,3330.0,3.0,3.0,1.0,2.0,2.0,1.0,2.0,1.0,0.0,0.0,50,1.0,1,CNY,0.1,3610.7,0,39678,54748,111,00000001,1,ECL5,INE,1720400454500.0
EC2506,SCFIS,205000008436.0,2024-07-08 09:00:55.000,20240708,3338.3,3260.0,3350.7,3255.0,4.0,575.0,7144.0,7078.0,94835785.0,667690.0,4188.4,3032.9,3610.7,3463.7,0.0,0.0,3298.64,S,3338.5,3337.2,50.0,1.0,3345.5,3343.3,3343.0,3340.0,3335.3,3333.9,3333.0,3331.4,3.0,3.0,1.0,2.0,1.0,3.0,2.0,2.0,0.0,0.0,50,1.0,1,CNY,0.1,3610.7,0,39679,54750,112,00000001,1,ECL5,INE,1720400455000.0
EC2506,SCFIS,205000008436.0,2024-07-08 09:00:55.500,20240708,3338.5,3260.0,3350.7,3255.0,11.0,586.0,7144.0,7069.0,96671960.0,1836175.0,4188.4,3032.9,3610.7,3463.7,0.0,0.0,3299.38,B,3338.5,3337.2,39.0,1.0,3345.5,3343.3,3343.0,3340.0,3335.3,3333.0,3331.4,3330.0,3.0,3.0,1.0,2.0,1.0,2.0,2.0,1.0,0.0,0.0,50,1.0,1,CNY,0.1,3610.7,0,39680,54755,113,00000001,1,ECL5,INE,1720400455500.0
EC2506,SCFIS,205000008436.0,2024-07-08 09:00:56.000,20240708,3338.5,3260.0,3350.7,3255.0,1.0,587.0,7144.0,7068.0,96838885.0,166925.0,4188.4,3032.9,3610.7,3463.7,0.0,0.0,3299.45,B,3338.5,3337.2,38.0,3.0,3345.5,3343.3,3343.0,3340.0,3335.3,3333.0,3331.4,3330.0,3.0,3.0,1.0,2.0,1.0,2.0,2.0,1.0,0.0,0.0,50,1.0,1,CNY,0.1,3610.7,0,39681,54758,114,00000001,1,ECL5,INE,1720400456000.0
EC2506,SCFIS,205000008436.0,2024-07-08 09:00:56.500,20240708,3338.5,3260.0,3350.7,3255.0,7.0,594.0,7144.0,7066.0,98007295.0,1168410.0,4188.4,3032.9,3610.7,3463.7,0.0,0.0,3299.91,B,3338.5,3337.2,32.0,4.0,3345.5,3343.3,3343.0,3340.0,3335.3,3333.0,3331.4,3330.0,3.0,3.0,1.0,2.0,1.0,2.0,2.0,1.0,0.0,0.0,50,1.0,1,CNY,0.1,3610.7,0,39682,54760,115,00000001,1,ECL5,INE,1720400456500.0
EC2506,SCFIS,205000008436.0,2024-07-08 09:00:57.000,20240708,3338.5,3260.0,3350.7,3255.0,8.0,602.0,7144.0,7064.0,99342695.0,1335400.0,4188.4,3032.9,3610.7,3463.7,0.0,0.0,3300.42,B,3338.5,3338.3,24.0,1.0,3345.5,3343.3,3343.0,3340.0,3337.2,3335.3,3333.0,3331.4,3.0,3.0,1.0,2.0,5.0,1.0,2.0,2.0,0.0,0.0,50,1.0,1,CNY,0.1,3610.7,0,39683,54762,116,00000001,1,ECL5,INE,1720400457000.0
EC2506,SCFIS,205000008436.0,2024-07-08 09:00:57.500,20240708,3337.2,3260.0,3350.7,3255.0,20.0,622.0,7144.0,7050.0,102680775.0,3338080.0,4188.4,3032.9,3610.7,3463.7,0.0,0.0,3301.63,S,3337.2,3335.3,6.0,1.0,3343.3,3343.0,3340.0,3338.5,3333.0,3331.4,3330.0,3328.8,3.0,1.0,2.0,13.0,2.0,2.0,1.0,1.0,0.0,0.0,50,1.0,1,CNY,0.1,3610.7,0,39684,54764,117,00000001,1,ECL5,INE,1720400457500.0
EC2506,SCFIS,205000008436.0,2024-07-08 09:00:58.000,20240708,3337.2,3260.0,3350.7,3255.0,6.0,628.0,7144.0,7045.0,103681935.0,1001160.0,4188.4,3032.9,3610.7,3463.7,0.0,0.0,3301.97,B,3338.5,3335.3,13.0,2.0,3345.5,3343.3,3343.0,3340.0,3333.0,3331.4,3330.0,3328.8,3.0,3.0,1.0,2.0,2.0,2.0,1.0,1.0,0.0,0.0,50,1.0,1,CNY,0.1,3610.7,0,39685,54766,118,00000001,1,ECL5,INE,1720400458000.0
EC2506,SCFIS,205000008436.0,2024-07-08 09:00:58.500,20240708,3338.5,3260.0,3350.7,3255.0,3.0,631.0,7144.0,7043.0,104182710.0,500775.0,4188.4,3032.9,3610.7,3463.7,0.0,0.0,3302.15,B,3338.4,3338.0,1.0,1.0,3343.3,3343.0,3340.0,3338.5,3337.2,3336.0,3335.3,3333.0,3.0,1.0,2.0,10.0,1.0,2.0,2.0,2.0,0.0,0.0,50,1.0,1,CNY,0.1,3610.7,0,39686,54768,119,00000001,1,ECL5,INE,1720400458500.0
EC2506,SCFIS,205000008436.0,2024-07-08 09:00:59.000,20240708,3338.1,3260.0,3350.7,3255.0,9.0,640.0,7144.0,7036.0,105685015.0,1502305.0,4188.4,3032.9,3610.7,3463.7,0.0,0.0,3302.66,S,3338.5,3338.0,3.0,2.0,3345.5,3343.3,3343.0,3340.0,3337.2,3333.0,3331.4,3330.0,3.0,3.0,1.0,2.0,1.0,2.0,2.0,1.0,0.0,0.0,50,1.0,1,CNY,0.1,3610.7,0,39687,54769,120,00000001,1,ECL5,INE,1720400459000.0
EC2506,SCFIS,205000008436.0,2024-07-08 09:00:59.500,20240708,3340.0,3260.0,3350.7,3255.0,5.0,645.0,7144.0,7036.0,106519790.0,834775.0,4188.4,3032.9,3610.7,3463.7,0.0,0.0,3302.94,B,3343.0,3338.1,1.0,1.0,3349.6,3349.0,3345.5,3343.3,3338.0,3337.5,3337.2,3333.0,2.0,20.0,3.0,3.0,2.0,1.0,1.0,2.0,0.0,0.0,50,1.0,1,CNY,0.1,3610.7,0,39688,54771,121,00000001,1,ECL5,INE,1720400459500.0
EC2506,SCFIS,205000008436.0,2024-07-08 09:01:00.000,20240708,3340.0,3260.0,3350.7,3255.0,0.0,645.0,7144.0,7036.0,106519790.0,0.0,4188.4,3032.9,3610.7,3463.7,0.0,0.0,3302.94,N,3343.0,3342.1,1.0,2.0,3349.6,3349.0,3345.5,3343.3,3338.5,3338.1,3337.5,3337.2,2.0,20.0,3.0,3.0,2.0,2.0,1.0,1.0,0.0,0.0,50,1.0,1,CNY,0.1,3610.7,0,39689,54775,122,00000001,1,ECL5,INE,1720400460000.0
EC2506,SCFIS,205000008436.0,2024-07-08 09:01:00.500,20240708,3342.3,3260.0,3350.7,3255.0,3.0,648.0,7144.0,7038.0,107021220.0,501430.0,4188.4,3032.9,3610.7,3463.7,0.0,0.0,3303.12,S,3343.3,3342.3,2.0,1.0,3349.8,3349.6,3349.0,3345.5,3342.1,3339.3,3338.5,3337.2,3.0,2.0,20.0,3.0,2.0,1.0,3.0,11.0,0.0,0.0,50,1.0,1,CNY,0.1,3610.7,0,39690,54779,123,00000001,1,ECL5,INE,1720400460500.0
EC2506,SCFIS,205000008436.0,2024-07-08 09:01:01.000,20240708,3342.4,3260.0,3350.7,3255.0,3.0,651.0,7144.0,7036.0,107522670.0,501450.0,4188.4,3032.9,3610.7,3463.7,0.0,0.0,3303.31,S,3345.5,3343.0,3.0,1.0,3350.0,3349.8,3349.6,3349.0,3342.3,3338.5,3337.2,3333.0,2.0,3.0,2.0,20.0,2.0,3.0,11.0,2.0,0.0,0.0,50,1.0,1,CNY,0.1,3610.7,0,39691,54782,124,00000001,1,ECL5,INE,1720400461000.0
EC2506,SCFIS,205000008436.0,2024-07-08 09:01:01.500,20240708,3345.5,3260.0,3350.7,3255.0,2.0,653.0,7144.0,7037.0,107857220.0,334550.0,4188.4,3032.9,3610.7,3463.7,0.0,0.0,3303.44,B,3345.5,3343.0,1.0,3.0,3350.0,3349.8,3349.6,3349.0,3338.5,3337.2,3333.0,3331.4,2.0,3.0,2.0,20.0,2.0,11.0,2.0,2.0,0.0,0.0,50,1.0,1,CNY,0.1,3610.7,0,39692,54784,125,00000001,1,ECL5,INE,1720400461500.0
EC2506,SCFIS,205000008436.0,2024-07-08 09:01:02.000,20240708,3343.0,3260.0,3350.7,3255.0,3.0,656.0,7144.0,7038.0,108358795.0,501575.0,4188.4,3032.9,3610.7,3463.7,0.0,0.0,3303.62,S,3349.0,3343.0,20.0,1.0,3356.0,3350.0,3349.8,3349.6,3338.5,3337.2,3333.0,3331.4,1.0,2.0,3.0,2.0,2.0,11.0,3.0,2.0,0.0,0.0,50,1.0,1,CNY,0.1,3610.7,0,39693,54787,126,00000001,1,ECL5,INE,1720400462000.0
EC2506,SCFIS,205000008436.0,2024-07-08 09:01:02.500,20240708,3343.0,3260.0,3350.7,3255.0,0.0,656.0,7144.0,7038.0,108358795.0,0.0,4188.4,3032.9,3610.7,3463.7,0.0,0.0,3303.62,N,3349.0,3345.5,20.0,8.0,3356.0,3350.0,3349.8,3349.6,3343.0,3338.5,3337.2,3333.0,1.0,2.0,3.0,2.0,1.0,2.0,11.0,3.0,0.0,0.0,50,1.0,1,CNY,0.1,3610.7,0,39694,54789,127,00000001,1,ECL5,INE,1720400462500.0
EC2506,SCFIS,205000008436.0,2024-07-08 09:01:03.000,20240708,3345.5,3260.0,3350.7,3255.0,2.0,658.0,7144.0,7037.0,108693515.0,334720.0,4188.4,3032.9,3610.7,3463.7,0.0,0.0,3303.75,S,3348.9,3345.5,1.0,7.0,3350.0,3349.8,3349.6,3349.0,3338.5,3337.2,3333.0,3331.4,2.0,3.0,2.0,20.0,2.0,11.0,3.0,2.0,0.0,0.0,50,1.0,1,CNY,0.1,3610.7,0,39695,54792,128,00000001,1,ECL5,INE,1720400463000.0
EC2506,SCFIS,205000008436.0,2024-07-08 09:01:03.500,20240708,3349.0,3260.0,3350.7,3255.0,4.0,662.0,7144.0,7033.0,109362790.0,669275.0,4188.4,3032.9,3610.7,3463.7,0.0,0.0,3304.01,B,3349.0,3345.5,20.0,4.0,3360.0,3350.0,3349.8,3349.6,3338.6,3338.5,3337.2,3333.0,2.0,2.0,3.0,2.0,1.0,2.0,11.0,3.0,0.0,0.0,50,1.0,1,CNY,0.1,3610.7,0,39696,54794,129,00000001,1,ECL5,INE,1720400463500.0
EC2506,SCFIS,205000008436.0,2024-07-08 09:01:04.000,20240708,3345.5,3260.0,3350.7,3255.0,4.0,666.0,7144.0,7029.0,110032415.0,669625.0,4188.4,3032.9,3610.7,3463.7,0.0,0.0,3304.28,S,3348.9,3345.5,1.0,3.0,3350.0,3349.8,3349.6,3349.0,3338.6,3338.5,3337.2,3333.0,2.0,3.0,2.0,17.0,1.0,2.0,11.0,3.0,0.0,0.0,50,1.0,1,CNY,0.1,3610.7,0,39697,54797,130,00000001,1,ECL5,INE,1720400464000.0
EC2506,SCFIS,205000008436.0,2024-07-08 09:01:04.500,20240708,3345.5,3260.0,3350.7,3255.0,4.0,670.0,7144.0,7027.0,110701685.0,669270.0,4188.4,3032.9,3610.7,3463.7,0.0,0.0,3304.53,S,3349.0,3338.5,17.0,2.0,3360.0,3350.0,3349.8,3349.6,3337.2,3333.0,3331.4,3330.0,2.0,2.0,3.0,2.0,11.0,3.0,2.0,1.0,0.0,0.0,50,1.0,1,CNY,0.1,3610.7,0,39698,54799,131,00000001,1,ECL5,INE,1720400464500.0
EC2506,SCFIS,205000008436.0,2024-07-08 09:01:05.000,20240708,3345.5,3260.0,3350.7,3255.0,1.0,671.0,7144.0,7026.0,110868960.0,167275.0,4188.4,3032.9,3610.7,3463.7,0.0,0.0,3304.59,B,3345.3,3338.5,3.0,2.0,3348.4,3348.1,3348.0,3345.6,3337.2,3333.0,3331.4,3330.0,3.0,1.0,1.0,2.0,11.0,3.0,2.0,1.0,0.0,0.0,50,1.0,1,CNY,0.1,3610.7,0,39699,54801,132,00000001,1,ECL5,INE,1720400465000.0
EC2506,SCFIS,205000008436.0,2024-07-08 09:01:05.500,20240708,3337.2,3260.0,3350.7,3255.0,5.0,676.0,7144.0,7026.0,111703730.0,834770.0,4188.4,3032.9,3610.7,3463.7,0.0,0.0,3304.84,S,3343.8,3337.2,1.0,9.0,3345.6,3345.3,3345.2,3344.2,3333.0,3331.4,3330.0,3328.8,1.0,4.0,2.0,1.0,3.0,2.0,1.0,1.0,0.0,0.0,50,1.0,1,CNY,0.1,3610.7,0,39700,54803,133,00000001,1,ECL5,INE,1720400465500.0
EC2506,SCFIS,205000008436.0,2024-07-08 09:01:06.000,20240708,3337.2,3260.0,3350.7,3255.0,6.0,682.0,7144.0,7026.0,112705360.0,1001630.0,4188.4,3032.9,3610.7,3463.7,0.0,0.0,3305.14,S,3340.0,3337.2,3.0,5.0,3344.2,3343.8,3343.7,3343.3,3333.0,3331.4,3330.0,3328.8,1.0,1.0,1.0,2.0,3.0,2.0,1.0,1.0,0.0,0.0,50,1.0,1,CNY,0.1,3610.7,0,39701,54805,134,00000001,1,ECL5,INE,1720400466000.0
EC2506,SCFIS,205000008436.0,2024-07-08 09:01:06.500,20240708,3337.2,3260.0,3350.7,3255.0,5.0,687.0,7144.0,7026.0,113539660.0,834300.0,4188.4,3032.9,3610.7,3463.7,0.0,0.0,3305.38,S,3334.9,3333.0,2.0,3.0,3340.0,3339.8,3339.7,3337.2,3331.4,3330.0,3328.8,3324.9,3.0,1.0,1.0,1.0,2.0,1.0,1.0,1.0,0.0,0.0,50,1.0,1,CNY,0.1,3610.7,0,39702,54808,135,00000001,1,ECL5,INE,1720400466500.0
EC2506,SCFIS,205000008436.0,2024-07-08 09:01:07.000,20240708,3334.5,3260.0,3350.7,3255.0,3.0,690.0,7144.0,7026.0,114039685.0,500025.0,4188.4,3032.9,3610.7,3463.7,0.0,0.0,3305.5,B,3334.5,3333.0,1.0,1.0,3339.9,3338.5,3334.9,3334.8,3331.4,3330.0,3328.8,3324.9,1.0,1.0,1.0,2.0,2.0,1.0,1.0,1.0,0.0,0.0,50,1.0,1,CNY,0.1,3610.7,0,39703,54811,136,00000001,1,ECL5,INE,1720400467000.0
EC2506,SCFIS,205000008436.0,2024-07-08 09:01:07.500,20240708,3331.4,3260.0,3350.7,3255.0,2.0,692.0,7144.0,7025.0,114372905.0,333220.0,4188.4,3032.9,3610.7,3463.7,0.0,0.0,3305.58,S,3333.0,3331.4,1.0,1.0,3340.0,3338.5,3334.9,3334.5,3330.0,3328.8,3324.9,3320.0,3.0,1.0,1.0,1.0,1.0,1.0,1.0,1.0,0.0,0.0,50,1.0,1,CNY,0.1,3610.7,0,39704,54813,137,00000001,1,ECL5,INE,1720400467500.0
EC2506,SCFIS,205000008436.0,2024-07-08 09:01:08.000,20240708,3330.0,3260.0,3350.7,3255.0,4.0,696.0,7144.0,7023.0,115039195.0,666290.0,4188.4,3032.9,3610.7,3463.7,0.0,0.0,3305.72,S,3333.4,3328.8,2.0,1.0,3343.8,3338.5,3334.9,3334.5,3324.9,3320.0,3319.6,3310.0,2.0,1.0,1.0,1.0,1.0,1.0,1.0,4.0,0.0,0.0,50,1.0,1,CNY,0.1,3610.7,0,39705,54817,138,00000001,1,ECL5,INE,1720400468000.0
EC2506,SCFIS,205000008436.0,2024-07-08 09:01:08.500,20240708,3331.4,3260.0,3350.7,3255.0,3.0,699.0,7144.0,7023.0,115538760.0,499565.0,4188.4,3032.9,3610.7,3463.7,0.0,0.0,3305.83,B,3329.6,3324.9,1.0,1.0,3346.8,3345.3,3334.5,3333.4,3320.0,3319.6,3310.0,3304.3,1.0,1.0,1.0,2.0,1.0,1.0,4.0,3.0,0.0,0.0,50,1.0,1,CNY,0.1,3610.7,0,39706,54820,139,00000001,1,ECL5,INE,1720400468500.0
EC2506,SCFIS,205000008436.0,2024-07-08 09:01:09.000,20240708,3331.4,3260.0,3350.7,3255.0,0.0,699.0,7144.0,7023.0,115538760.0,0.0,4188.4,3032.9,3610.7,3463.7,0.0,0.0,3305.83,N,3329.3,3324.9,1.0,1.0,3334.5,3333.4,3331.4,3329.6,3320.0,3319.6,3310.0,3300.1,1.0,1.0,1.0,2.0,1.0,1.0,4.0,1.0,0.0,0.0,50,1.0,1,CNY,0.1,3610.7,0,39707,54824,140,00000001,1,ECL5,INE,1720400469000.0
EC2506,SCFIS,205000008436.0,2024-07-08 09:01:09.500,20240708,3324.9,3260.0,3350.7,3255.0,2.0,701.0,7144.0,7023.0,115871445.0,332685.0,4188.4,3032.9,3610.7,3463.7,0.0,0.0,3305.89,S,3325.5,3320.0,1.0,1.0,3331.4,3329.6,3329.3,3328.8,3319.6,3310.0,3300.1,3300.0,1.0,1.0,1.0,1.0,1.0,4.0,1.0,3.0,0.0,0.0,50,1.0,1,CNY,0.1,3610.7,0,39708,54827,141,00000001,1,ECL5,INE,1720400469500.0
EC2506,SCFIS,205000008436.0,2024-07-08 09:01:10.000,20240708,3320.0,3260.0,3350.7,3255.0,1.0,702.0,7144.0,7024.0,116037445.0,166000.0,4188.4,3032.9,3610.7,3463.7,0.0,0.0,3305.91,S,3324.0,3319.6,1.0,1.0,3325.9,3325.5,3324.9,3324.1,3310.0,3300.1,3300.0,3289.0,1.0,1.0,3.0,1.0,4.0,1.0,3.0,1.0,0.0,0.0,50,1.0,1,CNY,0.1,3610.7,0,39709,54831,142,00000001,1,ECL5,INE,1720400470000.0
EC2506,SCFIS,205000008436.0,2024-07-08 09:01:10.500,20240708,3320.0,3260.0,3350.7,3255.0,0.0,702.0,7144.0,7024.0,116037445.0,0.0,4188.4,3032.9,3610.7,3463.7,0.0,0.0,3305.91,N,3323.8,3319.6,2.0,1.0,3325.5,3324.9,3324.1,3324.0,3310.0,3301.0,3300.1,3300.0,1.0,3.0,1.0,1.0,4.0,1.0,1.0,3.0,0.0,0.0,50,1.0,1,CNY,0.1,3610.7,0,39710,54834,143,00000001,1,ECL5,INE,1720400470500.0
EC2506,SCFIS,205000008436.0,2024-07-08 09:01:11.000,20240708,3319.6,3260.0,3350.7,3255.0,1.0,703.0,7144.0,7024.0,116203425.0,165980.0,4188.4,3032.9,3610.7,3463.7,0.0,0.0,3305.93,S,3322.1,3313.6,1.0,1.0,3324.9,3324.1,3324.0,3323.6,3313.2,3312.4,3311.7,3311.3,3.0,2.0,1.0,1.0,1.0,1.0,1.0,1.0,0.0,0.0,50,1.0,1,CNY,0.1,3610.7,0,39711,54838,144,00000001,1,ECL5,INE,1720400471000.0
EC2506,SCFIS,205000008436.0,2024-07-08 09:01:11.500,20240708,3320.0,3260.0,3350.7,3255.0,1.0,704.0,7144.0,7025.0,116369425.0,166000.0,4188.4,3032.9,3610.7,3463.7,0.0,0.0,3305.95,B,3319.6,3314.4,1.0,1.0,3324.9,3324.1,3324.0,3323.6,3310.0,3301.0,3300.1,3300.0,3.0,1.0,1.0,1.0,4.0,1.0,1.0,3.0,0.0,0.0,50,1.0,1,CNY,0.1,3610.7,0,39712,54840,145,00000001,1,ECL5,INE,1720400471500.0
EC2506,SCFIS,205000008436.0,2024-07-08 09:01:12.000,20240708,3310.0,3260.0,3350.7,3255.0,2.0,706.0,7144.0,7024.0,116700645.0,331220.0,4188.4,3032.9,3610.7,3463.7,0.0,0.0,3305.97,S,3313.2,3310.0,2.0,3.0,3321.3,3319.6,3318.3,3318.2,3301.0,3300.1,3300.0,3289.0,1.0,11.0,1.0,2.0,1.0,1.0,3.0,1.0,0.0,0.0,50,1.0,1,CNY,0.1,3610.7,0,39713,54842,146,00000001,1,ECL5,INE,1720400472000.0
EC2506,SCFIS,205000008436.0,2024-07-08 09:01:12.500,20240708,3312.8,3260.0,3350.7,3255.0,3.0,709.0,7144.0,7023.0,117197505.0,496860.0,4188.4,3032.9,3610.7,3463.7,0.0,0.0,3305.99,B,3312.0,3310.0,2.0,3.0,3319.6,3319.4,3313.6,3313.2,3301.0,3300.1,3300.0,3289.0,11.0,2.0,1.0,1.0,1.0,1.0,3.0,1.0,0.0,0.0,50,1.0,1,CNY,0.1,3610.7,0,39714,54844,147,00000001,1,ECL5,INE,1720400472500.0
EC2506,SCFIS,205000008436.0,2024-07-08 09:01:13.000,20240708,3302.0,3260.0,3350.7,3255.0,4.0,713.0,7144.0,7024.0,117859105.0,661600.0,4188.4,3032.9,3610.7,3463.7,0.0,0.0,3306.01,S,3307.0,3301.0,1.0,1.0,3309.5,3309.4,3308.5,3308.4,3300.6,3300.1,3300.0,3289.0,2.0,1.0,1.0,2.0,1.0,1.0,3.0,1.0,0.0,0.0,50,1.0,1,CNY,0.1,3610.7,0,39715,54846,148,00000001,1,ECL5,INE,1720400473000.0
EC2506,SCFIS,205000008436.0,2024-07-08 09:01:13.500,20240708,3301.0,3260.0,3350.7,3255.0,1.0,714.0,7144.0,7023.0,118024155.0,165050.0,4188.4,3032.9,3610.7,3463.7,0.0,0.0,3306.0,S,3305.3,3300.1,1.0,1.0,3308.5,3307.0,3306.8,3306.5,3300.0,3289.0,3288.0,3283.2,1.0,1.0,2.0,1.0,3.0,1.0,1.0,1.0,0.0,0.0,50,1.0,1,CNY,0.1,3610.7,0,39716,54850,149,00000001,1,ECL5,INE,1720400473500.0
EC2506,SCFIS,205000008436.0,2024-07-08 09:01:14.000,20240708,3300.1,3260.0,3350.7,3255.0,1.0,715.0,7144.0,7022.0,118189160.0,165005.0,4188.4,3032.9,3610.7,3463.7,0.0,0.0,3305.99,S,3301.0,3300.0,1.0,3.0,3309.5,3307.0,3305.3,3303.3,3289.0,3288.0,3283.2,3275.0,2.0,1.0,1.0,1.0,1.0,1.0,1.0,1.0,0.0,0.0,50,1.0,1,CNY,0.1,3610.7,0,39717,54852,150,00000001,1,ECL5,INE,1720400474000.0
EC2506,SCFIS,205000008436.0,2024-07-08 09:01:14.500,20240708,3300.0,3260.0,3350.7,3255.0,4.0,719.0,7144.0,7024.0,118849160.0,660000.0,4188.4,3032.9,3610.7,3463.7,0.0,0.0,3305.96,S,3295.1,3289.0,2.0,1.0,3301.0,3300.1,3300.0,3298.9,3288.0,3283.2,3275.0,3272.0,1.0,2.0,3.0,1.0,1.0,1.0,1.0,35.0,0.0,0.0,50,1.0,1,CNY,0.1,3610.7,0,39718,54855,151,00000001,1,ECL5,INE,1720400474500.0
EC2506,SCFIS,205000008436.0,2024-07-08 09:01:15.000,20240708,3300.0,3260.0,3350.7,3255.0,1.0,720.0,7144.0,7024.0,119014160.0,165000.0,4188.4,3032.9,3610.7,3463.7,0.0,0.0,3305.95,B,3293.8,3289.0,1.0,1.0,3300.1,3300.0,3299.7,3298.9,3288.0,3283.2,3275.0,3272.0,2.0,1.0,2.0,1.0,1.0,1.0,1.0,35.0,0.0,0.0,50,1.0,1,CNY,0.1,3610.7,0,39719,54858,152,00000001,1,ECL5,INE,1720400475000.0
EC2506,SCFIS,205000008436.0,2024-07-08 09:01:15.500,20240708,3299.7,3260.0,3350.7,3255.0,5.0,725.0,7144.0,7022.0,119837020.0,822860.0,4188.4,3032.9,3610.7,3463.7,0.0,0.0,3305.85,B,3299.7,3290.0,1.0,1.0,3310.0,3301.0,3300.1,3300.0,3288.0,3283.2,3275.0,3272.0,21.0,1.0,2.0,1.0,1.0,1.0,1.0,35.0,0.0,0.0,50,1.0,1,CNY,0.1,3610.7,0,39720,54861,153,00000001,1,ECL5,INE,1720400475500.0
EC2506,SCFIS,205000008436.0,2024-07-08 09:01:16.000,20240708,3289.3,3260.0,3350.7,3255.0,2.0,727.0,7144.0,7021.0,120165950.0,328930.0,4188.4,3032.9,3610.7,3463.7,0.0,0.0,3305.8,S,3299.5,3293.8,2.0,1.0,3301.0,3300.1,3300.0,3299.7,3289.3,3288.0,3283.2,3275.0,1.0,2.0,1.0,1.0,1.0,1.0,1.0,1.0,0.0,0.0,50,1.0,1,CNY,0.1,3610.7,0,39721,54864,154,00000001,1,ECL5,INE,1720400476000.0
EC2506,SCFIS,205000008436.0,2024-07-08 09:01:16.500,20240708,3290.0,3260.0,3350.7,3255.0,2.0,729.0,7144.0,7019.0,120495135.0,329185.0,4188.4,3032.9,3610.7,3463.7,0.0,0.0,3305.77,S,3299.5,3290.0,2.0,1.0,3301.0,3300.1,3300.0,3299.7,3288.0,3283.2,3275.0,3272.3,1.0,2.0,1.0,1.0,1.0,1.0,1.0,1.0,0.0,0.0,50,1.0,1,CNY,0.1,3610.7,0,39722,54867,155,00000001,1,ECL5,INE,1720400476500.0
EC2506,SCFIS,205000008436.0,2024-07-08 09:01:17.000,20240708,3290.0,3260.0,3350.7,3255.0,1.0,730.0,7144.0,7019.0,120659635.0,164500.0,4188.4,3032.9,3610.7,3463.7,0.0,0.0,3305.74,S,3293.8,3288.0,1.0,1.0,3298.0,3297.9,3297.2,3296.1,3283.2,3275.0,3272.3,3272.0,2.0,2.0,1.0,2.0,1.0,1.0,1.0,35.0,0.0,0.0,50,1.0,1,CNY,0.1,3610.7,0,39723,54870,156,00000001,1,ECL5,INE,1720400477000.0
EC2506,SCFIS,205000008436.0,2024-07-08 09:01:17.500,20240708,3290.0,3260.0,3350.7,3255.0,0.0,730.0,7144.0,7019.0,120659635.0,0.0,4188.4,3032.9,3610.7,3463.7,0.0,0.0,3305.74,N,3290.0,3288.0,1.0,1.0,3293.8,3293.6,3293.5,3293.3,3283.2,3275.0,3272.3,3272.0,2.0,2.0,1.0,1.0,1.0,1.0,1.0,35.0,0.0,0.0,50,1.0,1,CNY,0.1,3610.7,0,39724,54874,157,00000001,1,ECL5,INE,1720400477500.0
EC2506,SCFIS,205000008436.0,2024-07-08 09:01:18.000,20240708,3289.9,3260.0,3350.7,3255.0,3.0,733.0,7144.0,7017.0,121153025.0,493390.0,4188.4,3032.9,3610.7,3463.7,0.0,0.0,3305.68,B,3286.6,3283.2,1.0,1.0,3299.7,3293.8,3293.3,3290.0,3282.7,3275.0,3272.3,3272.0,1.0,7.0,1.0,1.0,1.0,1.0,1.0,35.0,0.0,0.0,50,1.0,1,CNY,0.1,3610.7,0,39725,54879,158,00000001,1,ECL5,INE,1720400478000.0
EC2506,SCFIS,205000008436.0,2024-07-08 09:01:18.500,20240708,3290.0,3260.0,3350.7,3255.0,2.0,735.0,7144.0,7017.0,121482020.0,328995.0,4188.4,3032.9,3610.7,3463.7,0.0,0.0,3305.63,B,3289.8,3283.3,1.0,1.0,3299.7,3293.8,3293.3,3290.8,3283.2,3275.0,3272.3,3272.0,1.0,7.0,1.0,1.0,1.0,1.0,1.0,35.0,0.0,0.0,50,1.0,1,CNY,0.1,3610.7,0,39726,54882,159,00000001,1,ECL5,INE,1720400478500.0
EC2506,SCFIS,205000008436.0,2024-07-08 09:01:19.000,20240708,3289.9,3260.0,3350.7,3255.0,1.0,736.0,7144.0,7017.0,121646515.0,164495.0,4188.4,3032.9,3610.7,3463.7,0.0,0.0,3305.61,B,3287.5,3286.6,1.0,1.0,3299.7,3293.8,3289.6,3289.0,3283.2,3275.0,3272.0,3260.5,1.0,7.0,1.0,1.0,1.0,1.0,35.0,1.0,0.0,0.0,50,1.0,1,CNY,0.1,3610.7,0,39727,54884,160,00000001,1,ECL5,INE,1720400479000.0
EC2506,SCFIS,205000008436.0,2024-07-08 09:01:19.500,20240708,3286.6,3260.0,3350.7,3255.0,5.0,741.0,7144.0,7017.0,122468095.0,821580.0,4188.4,3032.9,3610.7,3463.7,0.0,0.0,3305.48,S,3286.6,3280.2,1.0,1.0,3310.0,3299.7,3293.8,3289.0,3280.1,3280.0,3275.0,3272.0,21.0,1.0,7.0,1.0,1.0,1.0,1.0,35.0,0.0,0.0,50,1.0,1,CNY,0.1,3610.7,0,39728,54886,161,00000001,1,ECL5,INE,1720400479500.0
EC2506,SCFIS,205000008436.0,2024-07-08 09:01:20.000,20240708,3289.0,3260.0,3350.7,3255.0,2.0,743.0,7144.0,7018.0,122796875.0,328780.0,4188.4,3032.9,3610.7,3463.7,0.0,0.0,3305.43,B,3286.6,3282.1,1.0,1.0,3299.7,3293.8,3293.3,3292.3,3280.3,3280.0,3275.0,3272.0,1.0,7.0,1.0,1.0,1.0,1.0,1.0,35.0,0.0,0.0,50,1.0,1,CNY,0.1,3610.7,0,39729,54888,162,00000001,1,ECL5,INE,1720400480000.0
EC2506,SCFIS,205000008436.0,2024-07-08 09:01:20.500,20240708,3287.5,3260.0,3350.7,3255.0,2.0,745.0,7144.0,7019.0,123125625.0,328750.0,4188.4,3032.9,3610.7,3463.7,0.0,0.0,3305.39,B,3293.8,3280.8,7.0,1.0,3313.6,3312.8,3310.0,3299.7,3280.3,3280.0,3275.0,3272.0,1.0,3.0,20.0,1.0,1.0,1.0,1.0,35.0,0.0,0.0,50,1.0,1,CNY,0.1,3610.7,0,39730,54890,163,00000001,1,ECL5,INE,1720400480500.0
EC2506,SCFIS,205000008436.0,2024-07-08 09:01:21.000,20240708,3282.0,3260.0,3350.7,3255.0,2.0,747.0,7144.0,7018.0,123454100.0,328475.0,4188.4,3032.9,3610.7,3463.7,0.0,0.0,3305.33,S,3292.4,3284.6,1.0,2.0,3312.8,3310.0,3299.7,3293.8,3280.9,3280.0,3275.0,3272.0,3.0,20.0,1.0,7.0,1.0,1.0,1.0,35.0,0.0,0.0,50,1.0,1,CNY,0.1,3610.7,0,39731,54894,164,00000001,1,ECL5,INE,1720400481000.0
EC2506,SCFIS,205000008436.0,2024-07-08 09:01:21.500,20240708,3280.9,3260.0,3350.7,3255.0,3.0,750.0,7144.0,7016.0,123946515.0,492415.0,4188.4,3032.9,3610.7,3463.7,0.0,0.0,3305.24,S,3280.7,3280.0,1.0,1.0,3293.8,3292.2,3290.8,3289.0,3275.0,3272.0,3260.5,3260.0,7.0,1.0,1.0,1.0,1.0,35.0,1.0,4.0,0.0,0.0,50,1.0,1,CNY,0.1,3610.7,0,39732,54897,165,00000001,1,ECL5,INE,1720400481500.0
EC2506,SCFIS,205000008436.0,2024-07-08 09:01:22.000,20240708,3282.1,3260.0,3350.7,3255.0,6.0,756.0,7144.0,7017.0,124931025.0,984510.0,4188.4,3032.9,3610.7,3463.7,0.0,0.0,3305.05,B,3289.0,3280.0,1.0,4.0,3313.6,3312.8,3310.0,3293.8,3275.0,3272.0,3260.5,3260.0,1.0,3.0,20.0,7.0,1.0,35.0,1.0,4.0,0.0,0.0,50,1.0,1,CNY,0.1,3610.7,0,39733,54900,166,00000001,1,ECL5,INE,1720400482000.0
EC2506,SCFIS,205000008436.0,2024-07-08 09:01:22.500,20240708,3282.1,3260.0,3350.7,3255.0,0.0,756.0,7144.0,7017.0,124931025.0,0.0,4188.4,3032.9,3610.7,3463.7,0.0,0.0,3305.05,N,3288.8,3280.2,1.0,1.0,3310.0,3293.8,3289.0,3288.9,3280.0,3275.0,3272.0,3260.5,20.0,7.0,1.0,1.0,4.0,1.0,35.0,1.0,0.0,0.0,50,1.0,1,CNY,0.1,3610.7,0,39734,54903,167,00000001,1,ECL5,INE,1720400482500.0
EC2506,SCFIS,205000008436.0,2024-07-08 09:01:23.000,20240708,3280.2,3260.0,3350.7,3255.0,1.0,757.0,7144.0,7017.0,125095035.0,164010.0,4188.4,3032.9,3610.7,3463.7,0.0,0.0,3305.02,S,3280.7,3280.0,5.0,4.0,3293.8,3289.0,3288.6,3288.5,3275.0,3272.0,3260.5,3260.0,7.0,1.0,1.0,1.0,1.0,35.0,1.0,4.0,0.0,0.0,50,1.0,1,CNY,0.1,3610.7,0,39735,54906,168,00000001,1,ECL5,INE,1720400483000.0
EC2506,SCFIS,205000008436.0,2024-07-08 09:01:23.500,20240708,3280.0,3260.0,3350.7,3255.0,5.0,762.0,7144.0,7015.0,125915150.0,820115.0,4188.4,3032.9,3610.7,3463.7,0.0,0.0,3304.86,S,3280.7,3280.0,2.0,3.0,3310.0,3293.8,3289.0,3286.6,3275.0,3272.0,3260.5,3260.0,20.0,7.0,1.0,2.0,1.0,35.0,1.0,4.0,0.0,0.0,50,1.0,1,CNY,0.1,3610.7,0,39736,54910,169,00000001,1,ECL5,INE,1720400483500.0
EC2506,SCFIS,205000008436.0,2024-07-08 09:01:24.000,20240708,3280.2,3260.0,3350.7,3255.0,2.0,764.0,7144.0,7014.0,126243170.0,328020.0,4188.4,3032.9,3610.7,3463.7,0.0,0.0,3304.8,S,3280.7,3280.0,2.0,4.0,3310.0,3293.8,3289.0,3286.6,3275.0,3272.0,3260.5,3260.0,20.0,7.0,1.0,2.0,1.0,35.0,1.0,4.0,0.0,0.0,50,1.0,1,CNY,0.1,3610.7,0,39737,54912,170,00000001,1,ECL5,INE,1720400484000.0
EC2506,SCFIS,205000008436.0,2024-07-08 09:01:24.500,20240708,3280.0,3260.0,3350.7,3255.0,6.0,770.0,7144.0,7013.0,127227240.0,984070.0,4188.4,3032.9,3610.7,3463.7,0.0,0.0,3304.6,S,3280.0,3275.0,1.0,1.0,3293.5,3289.0,3286.6,3280.6,3272.0,3260.5,3260.0,3256.0,1.0,1.0,2.0,1.0,35.0,1.0,4.0,7.0,0.0,0.0,50,1.0,1,CNY,0.1,3610.7,0,39738,54915,171,00000001,1,ECL5,INE,1720400484500.0
EC2506,SCFIS,205000008436.0,2024-07-08 09:01:25.000,20240708,3280.0,3260.0,3350.7,3255.0,1.0,771.0,7144.0,7013.0,127391240.0,164000.0,4188.4,3032.9,3610.7,3463.7,0.0,0.0,3304.57,B,3280.6,3275.0,1.0,1.0,3293.8,3293.5,3289.0,3286.6,3272.0,3260.5,3260.0,3256.0,7.0,1.0,1.0,2.0,35.0,1.0,4.0,7.0,0.0,0.0,50,1.0,1,CNY,0.1,3610.7,0,39739,54917,172,00000001,1,ECL5,INE,1720400485000.0
EC2506,SCFIS,205000008436.0,2024-07-08 09:01:25.500,20240708,3275.0,3260.0,3350.7,3255.0,1.0,772.0,7144.0,7012.0,127554990.0,163750.0,4188.4,3032.9,3610.7,3463.7,0.0,0.0,3304.53,S,3275.0,3272.0,2.0,35.0,3286.6,3280.7,3280.5,3280.0,3260.5,3260.0,3256.0,3253.7,2.0,1.0,1.0,4.0,1.0,4.0,7.0,1.0,0.0,0.0,50,1.0,1,CNY,0.1,3610.7,0,39740,54919,173,00000001,1,ECL5,INE,1720400485500.0
EC2506,SCFIS,205000008436.0,2024-07-08 09:01:26.000,20240708,3280.0,3260.0,3350.7,3255.0,7.0,779.0,7144.0,7007.0,128702490.0,1147500.0,4188.4,3032.9,3610.7,3463.7,0.0,0.0,3304.3,B,3280.0,3272.0,4.0,35.0,3280.7,3280.5,3280.4,3280.2,3260.5,3260.0,3256.0,3253.7,1.0,1.0,2.0,5.0,1.0,4.0,7.0,1.0,0.0,0.0,50,1.0,1,CNY,0.1,3610.7,0,39741,54922,174,00000001,1,ECL5,INE,1720400486000.0
EC2506,SCFIS,205000008436.0,2024-07-08 09:01:26.500,20240708,3272.0,3260.0,3350.7,3255.0,4.0,783.0,7144.0,7005.0,129356890.0,654400.0,4188.4,3032.9,3610.7,3463.7,0.0,0.0,3304.14,S,3275.0,3272.0,2.0,31.0,3279.8,3279.4,3278.5,3278.4,3260.5,3260.0,3256.0,3253.7,2.0,1.0,1.0,1.0,1.0,4.0,7.0,1.0,0.0,0.0,50,1.0,1,CNY,0.1,3610.7,0,39742,54924,175,00000001,1,ECL5,INE,1720400486500.0
EC2506,SCFIS,205000008436.0,2024-07-08 09:01:27.000,20240708,3275.0,3260.0,3350.7,3255.0,11.0,794.0,7144.0,6996.0,131156790.0,1799900.0,4188.4,3032.9,3610.7,3463.7,0.0,0.0,3303.7,B,3278.4,3272.0,1.0,22.0,3280.0,3279.9,3279.4,3278.5,3260.5,3260.0,3256.0,3253.7,4.0,1.0,1.0,1.0,1.0,4.0,7.0,1.0,0.0,0.0,50,1.0,1,CNY,0.1,3610.7,0,39743,54927,176,00000001,1,ECL5,INE,1720400487000.0
EC2506,SCFIS,205000008436.0,2024-07-08 09:01:27.500,20240708,3272.0,3260.0,3350.7,3255.0,12.0,806.0,7144.0,6995.0,133120140.0,1963350.0,4188.4,3032.9,3610.7,3463.7,0.0,0.0,3303.23,S,3275.0,3272.0,1.0,11.0,3278.4,3278.2,3277.6,3277.5,3260.5,3260.0,3256.0,3253.7,1.0,2.0,1.0,1.0,1.0,4.0,7.0,1.0,0.0,0.0,50,1.0,1,CNY,0.1,3610.7,0,39744,54929,177,00000001,1,ECL5,INE,1720400487500.0
EC2506,SCFIS,205000008436.0,2024-07-08 09:01:28.000,20240708,3278.4,3260.0,3350.7,3255.0,12.0,818.0,7144.0,6988.0,135084775.0,1964635.0,4188.4,3032.9,3610.7,3463.7,0.0,0.0,3302.81,B,3279.5,3275.0,1.0,1.0,3280.7,3280.2,3280.0,3279.9,3272.0,3260.5,3260.0,3256.0,6.0,5.0,6.0,1.0,7.0,1.0,4.0,7.0,0.0,0.0,50,1.0,1,CNY,0.1,3610.7,0,39745,54932,178,00000001,1,ECL5,INE,1720400488000.0
EC2506,SCFIS,205000008436.0,2024-07-08 09:01:28.500,20240708,3272.0,3260.0,3350.7,3255.0,2.0,820.0,7144.0,6987.0,135412125.0,327350.0,4188.4,3032.9,3610.7,3463.7,0.0,0.0,3302.73,S,3278.2,3272.0,1.0,6.0,3280.2,3280.0,3279.5,3279.3,3260.5,3260.0,3256.0,3253.7,5.0,6.0,1.0,2.0,1.0,4.0,7.0,1.0,0.0,0.0,50,1.0,1,CNY,0.1,3610.7,0,39746,54936,179,00000001,1,ECL5,INE,1720400488500.0
EC2506,SCFIS,205000008436.0,2024-07-08 09:01:29.000,20240708,3272.0,3260.0,3350.7,3255.0,0.0,820.0,7144.0,6987.0,135412125.0,0.0,4188.4,3032.9,3610.7,3463.7,0.0,0.0,3302.73,N,3278.0,3272.0,2.0,6.0,3280.2,3280.0,3279.5,3278.2,3260.5,3260.0,3256.0,3253.7,5.0,6.0,1.0,1.0,1.0,4.0,7.0,1.0,0.0,0.0,50,1.0,1,CNY,0.1,3610.7,0,39747,54938,180,00000001,1,ECL5,INE,1720400489000.0
EC2506,SCFIS,205000008436.0,2024-07-08 09:01:29.500,20240708,3275.9,3260.0,3350.7,3255.0,4.0,824.0,7144.0,6984.0,136066720.0,654595.0,4188.4,3032.9,3610.7,3463.7,0.0,0.0,3302.59,B,3277.8,3272.0,2.0,3.0,3280.2,3280.0,3278.2,3278.1,3260.5,3260.0,3256.0,3253.7,5.0,6.0,1.0,1.0,1.0,4.0,7.0,1.0,0.0,0.0,50,1.0,1,CNY,0.1,3610.7,0,39748,54940,181,00000001,1,ECL5,INE,1720400489500.0
EC2506,SCFIS,205000008436.0,2024-07-08 09:01:30.000,20240708,3272.0,3260.0,3350.7,3255.0,8.0,832.0,7144.0,6979.0,137376270.0,1309550.0,4188.4,3032.9,3610.7,3463.7,0.0,0.0,3302.31,S,3275.7,3260.5,2.0,1.0,3278.2,3277.5,3277.4,3276.5,3260.0,3256.0,3253.7,3251.6,1.0,1.0,1.0,1.0,4.0,7.0,1.0,1.0,0.0,0.0,50,1.0,1,CNY,0.1,3610.7,0,39749,54942,182,00000001,1,ECL5,INE,1720400490000.0
EC2506,SCFIS,205000008436.0,2024-07-08 09:01:30.500,20240708,3270.0,3260.0,3350.7,3255.0,3.0,835.0,7144.0,6978.0,137866770.0,490500.0,4188.4,3032.9,3610.7,3463.7,0.0,0.0,3302.2,B,3270.0,3261.0,1.0,1.0,3274.8,3274.0,3272.0,3271.8,3260.5,3260.0,3256.0,3253.7,1.0,1.0,6.0,1.0,1.0,4.0,7.0,1.0,0.0,0.0,50,1.0,1,CNY,0.1,3610.7,0,39750,54944,183,00000001,1,ECL5,INE,1720400490500.0
EC2506,SCFIS,205000008436.0,2024-07-08 09:01:31.000,20240708,3270.0,3260.0,3350.7,3255.0,2.0,837.0,7144.0,6976.0,138193770.0,327000.0,4188.4,3032.9,3610.7,3463.7,0.0,0.0,3302.12,B,3266.2,3261.0,1.0,1.0,3274.5,3274.0,3272.0,3269.8,3260.5,3260.0,3256.0,3253.7,2.0,1.0,10.0,2.0,1.0,4.0,7.0,1.0,0.0,0.0,50,1.0,1,CNY,0.1,3610.7,0,39751,54947,184,00000001,1,ECL5,INE,1720400491000.0
EC2506,SCFIS,205000008436.0,2024-07-08 09:01:31.500,20240708,3261.2,3260.0,3350.7,3255.0,1.0,838.0,7144.0,6975.0,138356830.0,163060.0,4188.4,3032.9,3610.7,3463.7,0.0,0.0,3302.07,S,3264.8,3261.0,4.0,1.0,3272.5,3272.0,3268.2,3266.2,3260.5,3260.0,3256.0,3253.7,1.0,9.0,1.0,1.0,1.0,4.0,7.0,1.0,0.0,0.0,50,1.0,1,CNY,0.1,3610.7,0,39752,54949,185,00000001,1,ECL5,INE,1720400491500.0
EC2506,SCFIS,205000008436.0,2024-07-08 09:01:32.000,20240708,3260.4,3260.0,3350.7,3255.0,7.0,845.0,7144.0,6968.0,139497925.0,1141095.0,4188.4,3032.9,3610.7,3463.7,0.0,0.0,3301.73,S,3261.0,3256.0,2.0,7.0,3274.5,3272.0,3266.2,3266.1,3253.7,3251.6,3250.0,3244.5,1.0,9.0,1.0,1.0,1.0,1.0,54.0,1.0,0.0,0.0,50,1.0,1,CNY,0.1,3610.7,0,39753,54952,186,00000001,1,ECL5,INE,1720400492000.0
EC2506,SCFIS,205000008436.0,2024-07-08 09:01:32.500,20240708,3260.4,3260.0,3350.7,3255.0,1.0,846.0,7144.0,6968.0,139660945.0,163020.0,4188.4,3032.9,3610.7,3463.7,0.0,0.0,3301.68,B,3258.4,3256.0,1.0,7.0,3266.1,3264.6,3261.0,3259.0,3253.7,3251.6,3250.0,3244.5,1.0,2.0,5.0,1.0,1.0,1.0,53.0,1.0,0.0,0.0,50,1.0,1,CNY,0.1,3610.7,0,39754,54954,187,00000001,1,ECL5,INE,1720400492500.0
EC2506,SCFIS,205000008436.0,2024-07-08 09:01:33.000,20240708,3250.0,3260.0,3350.7,3250.0,23.0,869.0,7144.0,6962.0,143401340.0,3740395.0,4188.4,3032.9,3610.7,3463.7,0.0,0.0,3300.38,S,3255.2,3250.0,1.0,41.0,3271.2,3266.1,3264.8,3261.0,3244.5,3233.0,3230.0,3217.2,1.0,1.0,2.0,5.0,1.0,1.0,1.0,3.0,0.0,0.0,50,1.0,1,CNY,0.1,3610.7,0,39755,54957,188,00000001,1,ECL5,INE,1720400493000.0
EC2506,SCFIS,205000008436.0,2024-07-08 09:01:33.500,20240708,3250.0,3260.0,3350.7,3250.0,14.0,883.0,7144.0,6962.0,145676340.0,2275000.0,4188.4,3032.9,3610.7,3463.7,0.0,0.0,3299.58,S,3255.2,3250.0,1.0,27.0,3271.2,3264.8,3261.0,3260.4,3244.5,3233.0,3230.0,3217.2,1.0,2.0,5.0,1.0,1.0,1.0,1.0,3.0,0.0,0.0,50,1.0,1,CNY,0.1,3610.7,0,39756,54960,189,00000001,1,ECL5,INE,1720400493500.0
EC2506,SCFIS,205000008436.0,2024-07-08 09:01:34.000,20240708,3250.0,3260.0,3350.7,3250.0,12.0,895.0,7144.0,6957.0,147628320.0,1951980.0,4188.4,3032.9,3610.7,3463.7,0.0,0.0,3298.96,S,3256.0,3250.0,7.0,23.0,3271.2,3264.8,3261.0,3260.4,3244.5,3233.0,3230.0,3217.2,1.0,2.0,5.0,2.0,1.0,1.0,1.0,3.0,0.0,0.0,50,1.0,1,CNY,0.1,3610.7,0,39757,54964,190,00000001,1,ECL5,INE,1720400494000.0
EC2506,SCFIS,205000008436.0,2024-07-08 09:01:34.500,20240708,3250.0,3260.0,3350.7,3250.0,4.0,899.0,7144.0,6955.0,148278620.0,650300.0,4188.4,3032.9,3610.7,3463.7,0.0,0.0,3298.75,S,3256.0,3250.0,6.0,21.0,3271.2,3264.8,3261.0,3260.4,3244.5,3233.0,3230.0,3217.2,1.0,2.0,5.0,2.0,1.0,1.0,1.0,3.0,0.0,0.0,50,1.0,1,CNY,0.1,3610.7,0,39758,54967,191,00000001,1,ECL5,INE,1720400494500.0
EC2506,SCFIS,205000008436.0,2024-07-08 09:01:35.000,20240708,3250.0,3260.0,3350.7,3250.0,0.0,899.0,7144.0,6955.0,148278620.0,0.0,4188.4,3032.9,3610.7,3463.7,0.0,0.0,3298.75,N,3256.0,3250.6,6.0,1.0,3271.2,3264.8,3261.0,3260.4,3250.0,3244.5,3233.0,3230.0,1.0,2.0,5.0,2.0,23.0,1.0,1.0,1.0,0.0,0.0,50,1.0,1,CNY,0.1,3610.7,0,39759,54970,192,00000001,1,ECL5,INE,1720400495000.0
EC2506,SCFIS,205000008436.0,2024-07-08 09:01:35.500,20240708,3250.0,3260.0,3350.7,3250.0,1.0,900.0,7144.0,6955.0,148441120.0,162500.0,4188.4,3032.9,3610.7,3463.7,0.0,0.0,3298.69,S,3256.0,3254.4,6.0,2.0,3272.0,3264.8,3261.0,3260.4,3251.3,3250.9,3250.6,3250.0,9.0,2.0,5.0,2.0,1.0,1.0,1.0,23.0,0.0,0.0,50,1.0,1,CNY,0.1,3610.7,0,39760,54973,193,00000001,1,ECL5,INE,1720400495500.0
EC2506,SCFIS,205000008436.0,2024-07-08 09:01:36.000,20240708,3260.4,3260.0,3350.7,3250.0,8.0,908.0,7144.0,6949.0,149743740.0,1302620.0,4188.4,3032.9,3610.7,3463.7,0.0,0.0,3298.32,B,3260.2,3258.2,1.0,1.0,3272.0,3264.8,3261.0,3260.4,3256.0,3255.2,3254.4,3250.6,9.0,2.0,5.0,1.0,1.0,1.0,2.0,1.0,0.0,0.0,50,1.0,1,CNY,0.1,3610.7,0,39761,54975,194,00000001,1,ECL5,INE,1720400496000.0
EC2506,SCFIS,205000008436.0,2024-07-08 09:01:36.500,20240708,3256.0,3260.0,3350.7,3250.0,22.0,930.0,7144.0,6951.0,153321410.0,3577670.0,4188.4,3032.9,3610.7,3463.7,0.0,0.0,3297.23,S,3260.4,3250.0,2.0,21.0,3275.9,3272.0,3264.8,3261.0,3244.5,3233.0,3230.0,3217.2,1.0,8.0,2.0,5.0,1.0,1.0,1.0,3.0,0.0,0.0,50,1.0,1,CNY,0.1,3610.7,0,39762,54977,195,00000001,1,ECL5,INE,1720400496500.0
EC2506,SCFIS,205000008436.0,2024-07-08 09:01:37.000,20240708,3250.0,3260.0,3350.7,3250.0,4.0,934.0,7144.0,6949.0,153971895.0,650485.0,4188.4,3032.9,3610.7,3463.7,0.0,0.0,3297.04,S,3258.1,3256.0,1.0,1.0,3260.3,3259.8,3258.9,3258.2,3250.0,3244.5,3233.0,3230.0,1.0,1.0,1.0,1.0,19.0,1.0,1.0,1.0,0.0,0.0,50,1.0,1,CNY,0.1,3610.7,0,39763,54979,196,00000001,1,ECL5,INE,1720400497000.0
EC2506,SCFIS,205000008436.0,2024-07-08 09:01:37.500,20240708,3258.0,3260.0,3350.7,3250.0,2.0,936.0,7144.0,6949.0,154297595.0,325700.0,4188.4,3032.9,3610.7,3463.7,0.0,0.0,3296.96,B,3258.2,3253.8,1.0,1.0,3261.0,3260.4,3260.3,3258.9,3250.0,3244.5,3233.0,3230.0,4.0,2.0,1.0,1.0,19.0,1.0,1.0,1.0,0.0,0.0,50,1.0,1,CNY,0.1,3610.7,0,39764,54982,197,00000001,1,ECL5,INE,1720400497500.0
EC2506,SCFIS,205000008436.0,2024-07-08 09:01:38.000,20240708,3253.8,3260.0,3350.7,3250.0,2.0,938.0,7144.0,6949.0,154623195.0,325600.0,4188.4,3032.9,3610.7,3463.7,0.0,0.0,3296.87,S,3256.0,3251.0,1.0,1.0,3260.4,3260.3,3258.9,3258.0,3250.0,3244.5,3240.0,3233.0,2.0,1.0,1.0,4.0,19.0,1.0,2.0,1.0,0.0,0.0,50,1.0,1,CNY,0.1,3610.7,0,39765,54984,198,00000001,1,ECL5,INE,1720400498000.0
EC2506,SCFIS,205000008436.0,2024-07-08 09:01:38.500,20240708,3256.0,3260.0,3350.7,3250.0,1.0,939.0,7144.0,6948.0,154785995.0,162800.0,4188.4,3032.9,3610.7,3463.7,0.0,0.0,3296.83,B,3253.8,3252.3,1.0,1.0,3260.4,3260.3,3258.0,3256.0,3251.0,3250.0,3244.5,3240.0,2.0,1.0,4.0,1.0,1.0,20.0,1.0,2.0,0.0,0.0,50,1.0,1,CNY,0.1,3610.7,0,39766,54986,199,00000001,1,ECL5,INE,1720400498500.0
EC2506,SCFIS,205000008436.0,2024-07-08 09:01:39.000,20240708,3256.0,3260.0,3350.7,3250.0,4.0,943.0,7144.0,6949.0,155436835.0,650840.0,4188.4,3032.9,3610.7,3463.7,0.0,0.0,3296.65,B,3256.8,3250.0,2.0,21.0,3272.0,3264.8,3260.4,3258.0,3244.5,3240.0,3233.0,3230.0,8.0,2.0,2.0,4.0,1.0,2.0,1.0,1.0,0.0,0.0,50,1.0,1,CNY,0.1,3610.7,0,39767,54989,200,00000001,1,ECL5,INE,1720400499000.0
EC2506,SCFIS,205000008436.0,2024-07-08 09:01:39.500,20240708,3256.0,3260.0,3350.7,3250.0,0.0,943.0,7144.0,6949.0,155436835.0,0.0,4188.4,3032.9,3610.7,3463.7,0.0,0.0,3296.65,N,3251.0,3250.0,10.0,21.0,3264.8,3260.4,3258.0,3256.8,3244.5,3240.0,3233.0,3230.0,2.0,2.0,4.0,2.0,1.0,2.0,1.0,1.0,0.0,0.0,50,1.0,1,CNY,0.1,3610.7,0,39768,54992,201,00000001,1,ECL5,INE,1720400499500.0
EC2506,SCFIS,205000008436.0,2024-07-08 09:01:40.000,20240708,3250.0,3260.0,3350.7,3250.0,5.0,948.0,7144.0,6950.0,156249385.0,812550.0,4188.4,3032.9,3610.7,3463.7,0.0,0.0,3296.4,S,3251.0,3250.0,9.0,17.0,3260.4,3258.0,3256.8,3253.8,3244.5,3240.0,3233.0,3230.0,2.0,4.0,2.0,1.0,1.0,2.0,1.0,1.0,0.0,0.0,50,1.0,1,CNY,0.1,3610.7,0,39769,54996,202,00000001,1,ECL5,INE,1720400500000.0
EC2506,SCFIS,205000008436.0,2024-07-08 09:01:40.500,20240708,3251.0,3260.0,3350.7,3250.0,8.0,956.0,7144.0,6948.0,157549635.0,1300250.0,4188.4,3032.9,3610.7,3463.7,0.0,0.0,3296.02,B,3251.0,3250.0,7.0,11.0,3260.4,3258.0,3256.8,3253.8,3244.5,3240.0,3233.0,3230.0,2.0,4.0,2.0,1.0,1.0,2.0,1.0,1.0,0.0,0.0,50,1.0,1,CNY,0.1,3610.7,0,39770,54999,203,00000001,1,ECL5,INE,1720400500500.0
EC2506,SCFIS,205000008436.0,2024-07-08 09:01:41.000,20240708,3250.0,3260.0,3350.7,3250.0,5.0,961.0,7144.0,6946.0,158362185.0,812550.0,4188.4,3032.9,3610.7,3463.7,0.0,0.0,3295.78,S,3251.0,3250.0,6.0,7.0,3256.8,3256.0,3253.8,3252.3,3244.5,3240.0,3233.0,3230.0,2.0,1.0,1.0,1.0,1.0,2.0,1.0,1.0,0.0,0.0,50,1.0,1,CNY,0.1,3610.7,0,39771,55001,204,00000001,1,ECL5,INE,1720400501000.0
EC2506,SCFIS,205000008436.0,2024-07-08 09:01:41.500,20240708,3250.0,3260.0,3350.7,3250.0,7.0,968.0,7144.0,6947.0,159499785.0,1137600.0,4188.4,3032.9,3610.7,3463.7,0.0,0.0,3295.45,S,3251.0,3250.0,4.0,3.0,3256.8,3256.0,3253.8,3252.3,3244.5,3240.0,3233.0,3230.0,2.0,1.0,1.0,1.0,1.0,2.0,1.0,2.0,0.0,0.0,50,1.0,1,CNY,0.1,3610.7,0,39772,55003,205,00000001,1,ECL5,INE,1720400501500.0
EC2506,SCFIS,205000008436.0,2024-07-08 09:01:42.000,20240708,3246.7,3260.0,3350.7,3246.7,11.0,979.0,7144.0,6944.0,161287925.0,1788140.0,4188.4,3032.9,3610.7,3463.7,0.0,0.0,3294.95,S,3250.0,3244.6,1.0,1.0,3272.0,3271.6,3260.4,3258.0,3244.5,3240.0,3233.0,3230.0,8.0,1.0,2.0,4.0,1.0,2.0,1.0,2.0,0.0,0.0,50,1.0,1,CNY,0.1,3610.7,0,39773,55007,206,00000001,1,ECL5,INE,1720400502000.0
EC2506,SCFIS,205000008436.0,2024-07-08 09:01:42.500,20240708,3246.7,3260.0,3350.7,3246.7,0.0,979.0,7144.0,6944.0,161287925.0,0.0,4188.4,3032.9,3610.7,3463.7,0.0,0.0,3294.95,N,3249.7,3244.7,2.0,3.0,3272.0,3260.4,3258.0,3250.0,3244.5,3240.0,3233.0,3230.0,8.0,2.0,4.0,1.0,1.0,2.0,1.0,2.0,0.0,0.0,50,1.0,1,CNY,0.1,3610.7,0,39774,55012,207,00000001,1,ECL5,INE,1720400502500.0
EC2506,SCFIS,205000008436.0,2024-07-08 09:01:43.000,20240708,3250.0,3260.0,3350.7,3246.7,8.0,987.0,7144.0,6937.0,162587895.0,1299970.0,4188.4,3032.9,3610.7,3463.7,0.0,0.0,3294.59,B,3251.0,3248.4,1.0,1.0,3280.0,3272.0,3260.4,3258.0,3248.0,3247.0,3246.4,3246.3,5.0,8.0,2.0,4.0,1.0,1.0,1.0,1.0,0.0,0.0,50,1.0,1,CNY,0.1,3610.7,0,39775,55016,208,00000001,1,ECL5,INE,1720400503000.0
EC2506,SCFIS,205000008436.0,2024-07-08 09:01:43.500,20240708,3251.0,3260.0,3350.7,3246.7,1.0,988.0,7144.0,6936.0,162750445.0,162550.0,4188.4,3032.9,3610.7,3463.7,0.0,0.0,3294.54,B,3258.0,3251.1,4.0,3.0,3280.2,3280.0,3272.0,3260.4,3251.0,3244.5,3240.0,3239.0,5.0,5.0,5.0,2.0,1.0,1.0,2.0,1.0,0.0,0.0,50,1.0,1,CNY,0.1,3610.7,0,39776,55020,209,00000001,1,ECL5,INE,1720400503500.0
EC2506,SCFIS,205000008436.0,2024-07-08 09:01:44.000,20240708,3251.1,3260.0,3350.7,3246.7,5.0,993.0,7144.0,6934.0,163563205.0,812760.0,4188.4,3032.9,3610.7,3463.7,0.0,0.0,3294.32,S,3258.0,3251.1,4.0,1.0,3280.2,3280.0,3272.0,3260.4,3251.0,3244.5,3240.0,3239.0,5.0,5.0,5.0,2.0,1.0,1.0,2.0,1.0,0.0,0.0,50,1.0,1,CNY,0.1,3610.7,0,39777,55022,210,00000001,1,ECL5,INE,1720400504000.0
EC2506,SCFIS,205000008436.0,2024-07-08 09:01:44.500,20240708,3248.4,3260.0,3350.7,3244.5,4.0,997.0,7144.0,6930.0,164212955.0,649750.0,4188.4,3032.9,3610.7,3463.7,0.0,0.0,3294.14,S,3248.4,3240.0,7.0,2.0,3272.0,3260.4,3258.0,3250.0,3239.0,3234.9,3233.0,3230.0,5.0,2.0,4.0,5.0,1.0,1.0,1.0,26.0,0.0,0.0,50,1.0,1,CNY,0.1,3610.7,0,39778,55024,211,00000001,1,ECL5,INE,1720400504500.0
EC2506,SCFIS,205000008436.0,2024-07-08 09:01:45.000,20240708,3248.4,3260.0,3350.7,3244.5,1.0,998.0,7144.0,6930.0,164375375.0,162420.0,4188.4,3032.9,3610.7,3463.7,0.0,0.0,3294.1,B,3244.7,3240.2,1.0,2.0,3251.1,3250.0,3248.4,3248.3,3240.0,3239.0,3234.9,3233.0,1.0,5.0,6.0,1.0,2.0,1.0,1.0,2.0,0.0,0.0,50,1.0,1,CNY,0.1,3610.7,0,39779,55027,212,00000001,1,ECL5,INE,1720400505000.0
EC2506,SCFIS,205000008436.0,2024-07-08 09:01:45.500,20240708,3248.4,3260.0,3350.7,3244.5,4.0,1002.0,7144.0,6927.0,165025055.0,649680.0,4188.4,3032.9,3610.7,3463.7,0.0,0.0,3293.91,B,3248.4,3240.0,4.0,3.0,3258.0,3257.6,3251.1,3250.0,3239.0,3233.0,3230.0,3217.2,4.0,1.0,1.0,5.0,1.0,2.0,25.0,3.0,0.0,0.0,50,1.0,1,CNY,0.1,3610.7,0,39780,55029,213,00000001,1,ECL5,INE,1720400505500.0
EC2506,SCFIS,205000008436.0,2024-07-08 09:01:46.000,20240708,3248.4,3260.0,3350.7,3244.5,0.0,1002.0,7144.0,6927.0,165025055.0,0.0,4188.4,3032.9,3610.7,3463.7,0.0,0.0,3293.91,N,3246.5,3240.0,1.0,3.0,3256.2,3251.1,3250.0,3248.4,3239.0,3233.0,3230.0,3217.2,1.0,1.0,5.0,4.0,1.0,2.0,25.0,3.0,0.0,0.0,50,1.0,1,CNY,0.1,3610.7,0,39781,55031,214,00000001,1,ECL5,INE,1720400506000.0
EC2506,SCFIS,205000008436.0,2024-07-08 09:01:46.500,20240708,3248.4,3260.0,3350.7,3240.0,6.0,1008.0,7144.0,6922.0,165998220.0,973165.0,4188.4,3032.9,3610.7,3463.7,0.0,0.0,3293.62,B,3248.4,3239.0,2.0,1.0,3258.0,3256.2,3251.1,3250.0,3238.7,3237.0,3233.0,3230.0,4.0,1.0,1.0,5.0,1.0,1.0,2.0,25.0,0.0,0.0,50,1.0,1,CNY,0.1,3610.7,0,39782,55033,215,00000001,1,ECL5,INE,1720400506500.0
EC2506,SCFIS,205000008436.0,2024-07-08 09:01:47.000,20240708,3248.4,3260.0,3350.7,3239.1,4.0,1012.0,7144.0,6919.0,166647015.0,648795.0,4188.4,3032.9,3610.7,3463.7,0.0,0.0,3293.42,B,3248.4,3240.3,2.0,1.0,3258.0,3256.2,3251.1,3250.0,3240.0,3239.0,3237.0,3233.0,4.0,1.0,1.0,5.0,1.0,1.0,1.0,2.0,0.0,0.0,50,1.0,1,CNY,0.1,3610.7,0,39783,55036,216,00000001,1,ECL5,INE,1720400507000.0
EC2506,SCFIS,205000008436.0,2024-07-08 09:01:47.500,20240708,3240.0,3260.0,3350.7,3239.1,6.0,1018.0,7144.0,6916.0,167620710.0,973695.0,4188.4,3032.9,3610.7,3463.7,0.0,0.0,3293.14,S,3240.0,3239.0,3.0,1.0,3256.2,3251.1,3250.0,3240.3,3237.0,3233.0,3230.0,3217.2,1.0,1.0,5.0,13.0,1.0,2.0,25.0,3.0,0.0,0.0,50,1.0,1,CNY,0.1,3610.7,0,39784,55041,217,00000001,1,ECL5,INE,1720400507500.0
EC2506,SCFIS,205000008436.0,2024-07-08 09:01:48.000,20240708,3237.0,3260.0,3350.7,3237.0,4.0,1022.0,7144.0,6913.0,168268410.0,647700.0,4188.4,3032.9,3610.7,3463.7,0.0,0.0,3292.92,S,3240.0,3233.0,5.0,2.0,3256.2,3251.1,3250.0,3240.3,3230.0,3210.0,3206.7,3204.4,1.0,1.0,5.0,14.0,25.0,2.0,1.0,1.0,0.0,0.0,50,1.0,1,CNY,0.1,3610.7,0,39785,55045,218,00000001,1,ECL5,INE,1720400508000.0
EC2506,SCFIS,205000008436.0,2024-07-08 09:01:48.500,20240708,3233.0,3260.0,3350.7,3233.0,1.0,1023.0,7144.0,6912.0,168430060.0,161650.0,4188.4,3032.9,3610.7,3463.7,0.0,0.0,3292.87,S,3238.9,3233.0,1.0,1.0,3245.8,3240.3,3240.0,3239.0,3230.0,3210.0,3206.7,3204.4,1.0,14.0,5.0,1.0,25.0,2.0,1.0,1.0,0.0,0.0,50,1.0,1,CNY,0.1,3610.7,0,39786,55049,219,00000001,1,ECL5,INE,1720400508500.0
EC2506,SCFIS,205000008436.0,2024-07-08 09:01:49.000,20240708,3233.0,3260.0,3350.7,3233.0,1.0,1024.0,7144.0,6911.0,168591710.0,161650.0,4188.4,3032.9,3610.7,3463.7,0.0,0.0,3292.81,S,3233.0,3230.0,2.0,25.0,3250.0,3240.3,3240.0,3239.0,3210.0,3206.7,3204.4,3203.0,5.0,14.0,6.0,1.0,2.0,1.0,1.0,2.0,0.0,0.0,50,1.0,1,CNY,0.1,3610.7,0,39787,55053,220,00000001,1,ECL5,INE,1720400509000.0
EC2506,SCFIS,205000008436.0,2024-07-08 09:01:49.500,20240708,3238.7,3260.0,3350.7,3233.0,4.0,1028.0,7144.0,6908.0,169238595.0,646885.0,4188.4,3032.9,3610.7,3463.7,0.0,0.0,3292.58,B,3238.7,3230.0,1.0,25.0,3251.1,3250.0,3240.3,3240.0,3210.0,3206.7,3204.4,3203.0,4.0,5.0,14.0,6.0,2.0,1.0,1.0,2.0,0.0,0.0,50,1.0,1,CNY,0.1,3610.7,0,39788,55056,221,00000001,1,ECL5,INE,1720400509500.0
EC2506,SCFIS,205000008436.0,2024-07-08 09:01:50.000,20240708,3232.9,3260.0,3350.7,3230.0,10.0,1038.0,7144.0,6902.0,170853740.0,1615145.0,4188.4,3032.9,3610.7,3463.7,0.0,0.0,3291.98,S,3232.9,3230.1,2.0,1.0,3238.5,3238.2,3237.0,3233.0,3230.0,3210.0,3206.7,3204.4,1.0,1.0,1.0,14.0,16.0,2.0,1.0,1.0,0.0,0.0,50,1.0,1,CNY,0.1,3610.7,0,39789,55060,222,00000001,1,ECL5,INE,1720400510000.0
EC2506,SCFIS,205000008436.0,2024-07-08 09:01:50.500,20240708,3230.0,3260.0,3350.7,3230.0,10.0,1048.0,7144.0,6901.0,172468745.0,1615005.0,4188.4,3032.9,3610.7,3463.7,0.0,0.0,3291.39,S,3230.1,3230.0,1.0,7.0,3240.3,3240.0,3233.0,3232.9,3210.0,3206.7,3204.4,3203.0,14.0,11.0,14.0,1.0,2.0,1.0,1.0,2.0,0.0,0.0,50,1.0,1,CNY,0.1,3610.7,0,39790,55066,223,00000001,1,ECL5,INE,1720400510500.0
EC2506,SCFIS,205000008436.0,2024-07-08 09:01:51.000,20240708,3230.1,3260.0,3350.7,3230.0,8.0,1056.0,7144.0,6897.0,173760750.0,1292005.0,4188.4,3032.9,3610.7,3463.7,0.0,0.0,3290.92,B,3230.0,3210.0,4.0,2.0,3240.0,3238.7,3233.0,3232.9,3206.7,3204.4,3203.0,3201.1,11.0,1.0,14.0,1.0,1.0,1.0,2.0,1.0,0.0,0.0,50,1.0,1,CNY,0.1,3610.7,0,39791,55070,224,00000001,1,ECL5,INE,1720400511000.0
EC2506,SCFIS,205000008436.0,2024-07-08 09:01:51.500,20240708,3218.1,3260.0,3350.7,3218.1,1.0,1057.0,7144.0,6897.0,173921655.0,160905.0,4188.4,3032.9,3610.7,3463.7,0.0,0.0,3290.85,S,3224.3,3210.0,1.0,2.0,3228.0,3227.8,3227.7,3224.7,3206.7,3204.4,3203.0,3201.1,1.0,1.0,1.0,2.0,1.0,1.0,2.0,1.0,0.0,0.0,50,1.0,1,CNY,0.1,3610.7,0,39792,55073,225,00000001,1,ECL5,INE,1720400511500.0
EC2506,SCFIS,205000008436.0,2024-07-08 09:01:52.000,20240708,3223.4,3260.0,3350.7,3210.1,5.0,1062.0,7144.0,6894.0,174726365.0,804710.0,4188.4,3032.9,3610.7,3463.7,0.0,0.0,3290.52,B,3224.2,3213.1,1.0,1.0,3228.0,3227.7,3224.7,3224.3,3213.0,3211.8,3210.0,3206.7,1.0,1.0,2.0,1.0,1.0,1.0,2.0,1.0,0.0,0.0,50,1.0,1,CNY,0.1,3610.7,0,39793,55075,226,00000001,1,ECL5,INE,1720400512000.0
EC2506,SCFIS,205000008436.0,2024-07-08 09:01:52.500,20240708,3214.0,3260.0,3350.7,3210.1,5.0,1067.0,7144.0,6892.0,175531500.0,805135.0,4188.4,3032.9,3610.7,3463.7,0.0,0.0,3290.19,S,3224.7,3212.6,1.0,1.0,3229.8,3229.6,3228.0,3227.7,3210.1,3210.0,3206.7,3204.4,1.0,1.0,1.0,1.0,1.0,2.0,1.0,1.0,0.0,0.0,50,1.0,1,CNY,0.1,3610.7,0,39794,55080,227,00000001,1,ECL5,INE,1720400512500.0
EC2506,SCFIS,205000008436.0,2024-07-08 09:01:53.000,20240708,3210.0,3260.0,3350.7,3210.0,3.0,1070.0,7144.0,6889.0,176013135.0,481635.0,4188.4,3032.9,3610.7,3463.7,0.0,0.0,3289.97,S,3210.0,3209.4,2.0,1.0,3223.4,3221.6,3221.4,3221.3,3207.7,3206.8,3206.7,3204.4,1.0,1.0,2.0,1.0,1.0,1.0,2.0,1.0,0.0,0.0,50,1.0,1,CNY,0.1,3610.7,0,39795,55084,228,00000001,1,ECL5,INE,1720400513000.0
EC2506,SCFIS,205000008436.0,2024-07-08 09:01:53.500,20240708,3213.1,3260.0,3350.7,3210.0,12.0,1082.0,7144.0,6884.0,177940530.0,1927395.0,4188.4,3032.9,3610.7,3463.7,0.0,0.0,3289.1,B,3221.4,3213.2,2.0,1.0,3229.6,3228.0,3226.3,3223.4,3211.1,3210.2,3210.0,3206.8,1.0,1.0,1.0,1.0,1.0,1.0,6.0,1.0,0.0,0.0,50,1.0,1,CNY,0.1,3610.7,0,39796,55087,229,00000001,1,ECL5,INE,1720400513500.0
EC2506,SCFIS,205000008436.0,2024-07-08 09:01:54.000,20240708,3213.1,3260.0,3350.7,3210.0,4.0,1086.0,7144.0,6881.0,178583150.0,642620.0,4188.4,3032.9,3610.7,3463.7,0.0,0.0,3288.82,S,3212.6,3210.0,6.0,1.0,3228.0,3223.4,3221.4,3221.2,3206.7,3204.4,3203.0,3201.1,1.0,1.0,2.0,1.0,1.0,1.0,2.0,1.0,0.0,0.0,50,1.0,1,CNY,0.1,3610.7,0,39797,55089,230,00000001,1,ECL5,INE,1720400514000.0
EC2506,SCFIS,205000008436.0,2024-07-08 09:01:54.500,20240708,3212.6,3260.0,3350.7,3206.7,5.0,1091.0,7144.0,6879.0,179385745.0,802595.0,4188.4,3032.9,3610.7,3463.7,0.0,0.0,3288.46,B,3212.6,3204.4,5.0,1.0,3230.1,3230.0,3228.0,3223.4,3203.0,3201.1,3201.0,3200.2,3.0,5.0,1.0,1.0,2.0,1.0,3.0,1.0,0.0,0.0,50,1.0,1,CNY,0.1,3610.7,0,39798,55091,231,00000001,1,ECL5,INE,1720400514500.0
EC2506,SCFIS,205000008436.0,2024-07-08 09:01:55.000,20240708,3212.6,3260.0,3350.7,3206.7,2.0,1093.0,7144.0,6879.0,179707005.0,321260.0,4188.4,3032.9,3610.7,3463.7,0.0,0.0,3288.33,B,3208.8,3204.5,1.0,1.0,3228.0,3223.4,3212.6,3212.5,3204.4,3203.0,3201.1,3201.0,1.0,1.0,5.0,1.0,1.0,2.0,1.0,3.0,0.0,0.0,50,1.0,1,CNY,0.1,3610.7,0,39799,55094,232,00000001,1,ECL5,INE,1720400515000.0
EC2506,SCFIS,205000008436.0,2024-07-08 09:01:55.500,20240708,3212.6,3260.0,3350.7,3206.7,2.0,1095.0,7144.0,6878.0,180028075.0,321070.0,4188.4,3032.9,3610.7,3463.7,0.0,0.0,3288.18,B,3212.6,3206.5,4.0,1.0,3230.0,3228.0,3221.2,3213.1,3204.7,3204.6,3204.4,3203.0,5.0,1.0,1.0,1.0,1.0,1.0,1.0,2.0,0.0,0.0,50,1.0,1,CNY,0.1,3610.7,0,39800,55098,233,00000001,1,ECL5,INE,1720400515500.0
EC2506,SCFIS,205000008436.0,2024-07-08 09:01:56.000,20240708,3210.0,3260.0,3350.7,3206.7,2.0,1097.0,7144.0,6877.0,180349075.0,321000.0,4188.4,3032.9,3610.7,3463.7,0.0,0.0,3288.04,B,3212.5,3206.5,1.0,1.0,3221.2,3213.2,3213.1,3212.6,3204.4,3203.0,3201.1,3201.0,1.0,3.0,1.0,4.0,1.0,2.0,1.0,3.0,0.0,0.0,50,1.0,1,CNY,0.1,3610.7,0,39801,55102,234,00000001,1,ECL5,INE,1720400516000.0
EC2506,SCFIS,205000008436.0,2024-07-08 09:01:56.500,20240708,3210.0,3260.0,3350.7,3206.7,0.0,1097.0,7144.0,6877.0,180349075.0,0.0,4188.4,3032.9,3610.7,3463.7,0.0,0.0,3288.04,N,3212.5,3206.0,1.0,1.0,3225.3,3213.2,3213.1,3212.6,3204.5,3204.4,3203.0,3201.1,1.0,3.0,1.0,4.0,1.0,1.0,2.0,1.0,0.0,0.0,50,1.0,1,CNY,0.1,3610.7,0,39802,55105,235,00000001,1,ECL5,INE,1720400516500.0
EC2506,SCFIS,205000008436.0,2024-07-08 09:01:57.000,20240708,3206.5,3260.0,3350.7,3204.5,3.0,1100.0,7144.0,6875.0,180829950.0,480875.0,4188.4,3032.9,3610.7,3463.7,0.0,0.0,3287.82,S,3212.5,3206.4,1.0,1.0,3225.3,3213.2,3213.1,3212.6,3205.6,3204.4,3203.0,3201.1,1.0,3.0,1.0,4.0,1.0,1.0,2.0,1.0,0.0,0.0,50,1.0,1,CNY,0.1,3610.7,0,39803,55107,236,00000001,1,ECL5,INE,1720400517000.0
EC2506,SCFIS,205000008436.0,2024-07-08 09:01:57.500,20240708,3212.5,3260.0,3350.7,3204.5,3.0,1103.0,7144.0,6876.0,181311220.0,481270.0,4188.4,3032.9,3610.7,3463.7,0.0,0.0,3287.6,B,3211.7,3206.2,1.0,2.0,3225.3,3213.2,3213.1,3212.6,3204.4,3203.0,3201.1,3201.0,1.0,3.0,1.0,4.0,1.0,2.0,1.0,3.0,0.0,0.0,50,1.0,1,CNY,0.1,3610.7,0,39804,55111,237,00000001,1,ECL5,INE,1720400517500.0
EC2506,SCFIS,205000008436.0,2024-07-08 09:01:58.000,20240708,3206.0,3260.0,3350.7,3204.4,3.0,1106.0,7144.0,6874.0,181791960.0,480740.0,4188.4,3032.9,3610.7,3463.7,0.0,0.0,3287.38,S,3206.0,3203.0,9.0,2.0,3213.1,3212.6,3211.7,3206.5,3201.1,3201.0,3200.2,3200.0,1.0,4.0,1.0,1.0,1.0,3.0,1.0,12.0,0.0,0.0,50,1.0,1,CNY,0.1,3610.7,0,39805,55113,238,00000001,1,ECL5,INE,1720400518000.0
EC2506,SCFIS,205000008436.0,2024-07-08 09:01:58.500,20240708,3203.0,3260.0,3350.7,3203.0,9.0,1115.0,7144.0,6865.0,183234210.0,1442250.0,4188.4,3032.9,3610.7,3463.7,0.0,0.0,3286.71,S,3203.0,3201.1,1.0,1.0,3212.2,3211.7,3206.5,3206.0,3201.0,3200.2,3200.0,3193.0,1.0,1.0,1.0,3.0,3.0,1.0,12.0,1.0,0.0,0.0,50,1.0,1,CNY,0.1,3610.7,0,39806,55115,239,00000001,1,ECL5,INE,1720400518500.0
EC2506,SCFIS,205000008436.0,2024-07-08 09:01:59.000,20240708,3206.1,3260.0,3350.7,3203.0,9.0,1124.0,7144.0,6862.0,184677195.0,1442985.0,4188.4,3032.9,3610.7,3463.7,0.0,0.0,3286.07,B,3211.7,3201.2,1.0,1.0,3225.3,3213.2,3213.1,3212.6,3201.1,3201.0,3200.2,3200.0,1.0,3.0,1.0,4.0,1.0,3.0,1.0,12.0,0.0,0.0,50,1.0,1,CNY,0.1,3610.7,0,39807,55119,240,00000001,1,ECL5,INE,1720400519000.0
EC2506,SCFIS,205000008436.0,2024-07-08 09:01:59.500,20240708,3212.6,3260.0,3350.7,3203.0,4.0,1128.0,7144.0,6858.0,185319580.0,642385.0,4188.4,3032.9,3610.7,3463.7,0.0,0.0,3285.81,B,3203.0,3202.8,1.0,1.0,3213.2,3213.1,3212.6,3206.2,3202.7,3201.9,3201.1,3201.0,3.0,1.0,3.0,1.0,1.0,1.0,1.0,3.0,0.0,0.0,50,1.0,1,CNY,0.1,3610.7,0,39808,55121,241,00000001,1,ECL5,INE,1720400519500.0
EC2506,SCFIS,205000008436.0,2024-07-08 09:02:00.000,20240708,3203.3,3260.0,3350.7,3203.0,5.0,1133.0,7144.0,6857.0,186121005.0,801425.0,4188.4,3032.9,3610.7,3463.7,0.0,0.0,3285.45,B,3212.6,3203.1,2.0,1.0,3228.0,3225.3,3213.2,3213.1,3203.0,3202.7,3201.1,3201.0,1.0,1.0,3.0,1.0,2.0,1.0,1.0,3.0,0.0,0.0,50,1.0,1,CNY,0.1,3610.7,0,39809,55125,242,00000001,1,ECL5,INE,1720400520000.0
EC2506,SCFIS,205000008436.0,2024-07-08 09:02:00.500,20240708,3201.1,3260.0,3350.7,3201.1,6.0,1139.0,7144.0,6854.0,187081815.0,960810.0,4188.4,3032.9,3610.7,3463.7,0.0,0.0,3285.02,S,3206.2,3203.2,1.0,1.0,3212.6,3212.0,3211.9,3209.4,3201.0,3200.2,3200.0,3193.0,2.0,1.0,1.0,1.0,3.0,1.0,14.0,1.0,0.0,0.0,50,1.0,1,CNY,0.1,3610.7,0,39810,55127,243,00000001,1,ECL5,INE,1720400520500.0
EC2506,SCFIS,205000008436.0,2024-07-08 09:02:01.000,20240708,3203.2,3260.0,3350.7,3201.1,9.0,1148.0,7144.0,6848.0,188524915.0,1443100.0,4188.4,3032.9,3610.7,3463.7,0.0,0.0,3284.41,S,3202.8,3201.0,9.0,3.0,3213.2,3213.1,3212.6,3211.7,3200.2,3200.0,3193.0,3190.0,3.0,1.0,2.0,1.0,1.0,15.0,1.0,1.0,0.0,0.0,50,1.0,1,CNY,0.1,3610.7,0,39811,55130,244,00000001,1,ECL5,INE,1720400521000.0
EC2506,SCFIS,205000008436.0,2024-07-08 09:02:01.500,20240708,3201.1,3260.0,3350.7,3201.1,11.0,1159.0,7144.0,6838.0,190286580.0,1761665.0,4188.4,3032.9,3610.7,3463.7,0.0,0.0,3283.63,S,3202.8,3201.0,1.0,3.0,3213.2,3213.1,3212.6,3212.5,3200.2,3200.0,3193.0,3190.0,3.0,1.0,2.0,1.0,1.0,15.0,1.0,1.0,0.0,0.0,50,1.0,1,CNY,0.1,3610.7,0,39812,55132,245,00000001,1,ECL5,INE,1720400521500.0
EC2506,SCFIS,205000008436.0,2024-07-08 09:02:02.000,20240708,3201.1,3260.0,3350.7,3201.1,2.0,1161.0,7144.0,6837.0,190606775.0,320195.0,4188.4,3032.9,3610.7,3463.7,0.0,0.0,3283.49,S,3203.2,3201.0,2.0,3.0,3225.3,3213.2,3213.1,3212.6,3200.2,3200.0,3193.0,3190.0,1.0,3.0,1.0,2.0,1.0,18.0,1.0,1.0,0.0,0.0,50,1.0,1,CNY,0.1,3610.7,0,39813,55135,246,00000001,1,ECL5,INE,1720400522000.0
EC2506,SCFIS,205000008436.0,2024-07-08 09:02:02.500,20240708,3201.0,3260.0,3350.7,3201.0,6.0,1167.0,7144.0,6836.0,191567300.0,960525.0,4188.4,3032.9,3610.7,3463.7,0.0,0.0,3283.07,S,3202.8,3201.0,1.0,1.0,3212.7,3212.6,3212.5,3211.7,3200.2,3200.0,3193.0,3190.0,1.0,2.0,1.0,1.0,1.0,19.0,1.0,1.0,0.0,0.0,50,1.0,1,CNY,0.1,3610.7,0,39814,55138,247,00000001,1,ECL5,INE,1720400522500.0
EC2506,SCFIS,205000008436.0,2024-07-08 09:02:03.000,20240708,3201.0,3260.0,3350.7,3201.0,2.0,1169.0,7144.0,6836.0,191887490.0,320190.0,4188.4,3032.9,3610.7,3463.7,0.0,0.0,3282.93,S,3210.5,3200.2,1.0,1.0,3212.5,3212.0,3211.9,3211.8,3200.0,3193.0,3190.0,3188.0,1.0,1.0,1.0,1.0,19.0,1.0,1.0,1.0,0.0,0.0,50,1.0,1,CNY,0.1,3610.7,0,39815,55140,248,00000001,1,ECL5,INE,1720400523000.0
EC2506,SCFIS,205000008436.0,2024-07-08 09:02:03.500,20240708,3200.0,3260.0,3350.7,3200.0,5.0,1174.0,7144.0,6832.0,192687550.0,800060.0,4188.4,3032.9,3610.7,3463.7,0.0,0.0,3282.58,S,3207.0,3202.4,1.0,1.0,3213.1,3212.6,3210.5,3207.1,3200.0,3193.0,3190.0,3188.0,1.0,2.0,2.0,1.0,16.0,1.0,1.0,1.0,0.0,0.0,50,1.0,1,CNY,0.1,3610.7,0,39816,55142,249,00000001,1,ECL5,INE,1720400523500.0
EC2506,SCFIS,205000008436.0,2024-07-08 09:02:04.000,20240708,3200.0,3260.0,3350.7,3200.0,19.0,1193.0,7144.0,6826.0,195727665.0,3040115.0,4188.4,3032.9,3610.7,3463.7,0.0,0.0,3281.27,S,3199.7,3193.0,1.0,1.0,3200.4,3200.3,3200.1,3200.0,3190.0,3188.0,3186.0,3180.0,2.0,1.0,1.0,2.0,1.0,1.0,1.0,2.0,0.0,0.0,50,1.0,1,CNY,0.1,3610.7,0,39817,55145,250,00000001,1,ECL5,INE,1720400524000.0
EC2506,SCFIS,205000008436.0,2024-07-08 09:02:04.500,20240708,3193.0,3260.0,3350.7,3193.0,3.0,1196.0,7144.0,6826.0,196206615.0,478950.0,4188.4,3032.9,3610.7,3463.7,0.0,0.0,3281.05,S,3199.6,3190.0,3.0,2.0,3200.4,3200.2,3200.1,3200.0,3188.0,3186.0,3180.0,3169.1,1.0,1.0,1.0,2.0,1.0,1.0,2.0,1.0,0.0,0.0,50,1.0,1,CNY,0.1,3610.7,0,39818,55147,251,00000001,1,ECL5,INE,1720400524500.0
EC2506,SCFIS,205000008436.0,2024-07-08 09:02:05.000,20240708,3195.0,3260.0,3350.7,3190.0,5.0,1201.0,7144.0,6826.0,197004710.0,798095.0,4188.4,3032.9,3610.7,3463.7,0.0,0.0,3280.68,B,3190.0,3188.0,3.0,1.0,3196.9,3196.8,3196.0,3193.0,3186.0,3180.0,3169.1,3167.0,3.0,1.0,1.0,1.0,1.0,2.0,1.0,1.0,0.0,0.0,50,1.0,1,CNY,0.1,3610.7,0,39819,55151,252,00000001,1,ECL5,INE,1720400525000.0
EC2506,SCFIS,205000008436.0,2024-07-08 09:02:05.500,20240708,3188.0,3260.0,3350.7,3188.0,1.0,1202.0,7144.0,6825.0,197164110.0,159400.0,4188.4,3032.9,3610.7,3463.7,0.0,0.0,3280.6,S,3186.2,3186.0,1.0,1.0,3198.2,3196.9,3193.0,3190.0,3180.0,3169.1,3167.0,3166.0,1.0,2.0,3.0,5.0,2.0,1.0,1.0,1.0,0.0,0.0,50,1.0,1,CNY,0.1,3610.7,0,39820,55154,253,00000001,1,ECL5,INE,1720400525500.0
EC2506,SCFIS,205000008436.0,2024-07-08 09:02:06.000,20240708,3131.9,3260.0,3350.7,3131.9,24.0,1226.0,7144.0,6812.0,200958870.0,3794760.0,4188.4,3032.9,3610.7,3463.7,0.0,0.0,3278.28,S,3172.7,3166.4,1.0,1.0,3186.0,3185.9,3173.7,3172.8,3166.1,3164.8,3164.1,3162.4,5.0,1.0,1.0,1.0,1.0,1.0,1.0,1.0,0.0,0.0,50,1.0,1,CNY,0.1,3610.7,0,39821,55156,254,00000001,1,ECL5,INE,1720400526000.0
EC2506,SCFIS,205000008436.0,2024-07-08 09:02:06.500,20240708,3169.0,3260.0,3350.7,3131.9,6.0,1232.0,7144.0,6809.0,201908320.0,949450.0,4188.4,3032.9,3610.7,3463.7,0.0,0.0,3277.73,S,3168.9,3150.0,1.0,1.0,3187.1,3186.0,3178.2,3172.7,3134.5,3133.3,3132.7,3131.9,1.0,6.0,3.0,3.0,7.0,1.0,1.0,1.0,0.0,0.0,50,1.0,1,CNY,0.1,3610.7,0,39822,55158,255,00000001,1,ECL5,INE,1720400526500.0
EC2506,SCFIS,205000008436.0,2024-07-08 09:02:07.000,20240708,3163.7,3260.0,3350.7,3131.9,3.0,1235.0,7144.0,6809.0,202382715.0,474395.0,4188.4,3032.9,3610.7,3463.7,0.0,0.0,3277.45,B,3165.1,3155.2,1.0,1.0,3168.9,3168.8,3166.4,3165.9,3150.0,3131.9,3130.0,3126.6,1.0,2.0,1.0,1.0,1.0,1.0,1.0,1.0,0.0,0.0,50,1.0,1,CNY,0.1,3610.7,0,39823,55162,256,00000001,1,ECL5,INE,1720400527000.0
EC2506,SCFIS,205000008436.0,2024-07-08 09:02:07.500,20240708,3154.8,3260.0,3350.7,3131.9,4.0,1239.0,7144.0,6809.0,203014700.0,631985.0,4188.4,3032.9,3610.7,3463.7,0.0,0.0,3277.07,S,3155.2,3154.8,1.0,1.0,3166.4,3165.9,3165.8,3159.8,3153.5,3153.2,3152.8,3152.0,2.0,1.0,1.0,1.0,1.0,1.0,1.0,1.0,0.0,0.0,50,1.0,1,CNY,0.1,3610.7,0,39824,55166,257,00000001,1,ECL5,INE,1720400527500.0
EC2506,SCFIS,205000008436.0,2024-07-08 09:02:08.000,20240708,3166.4,3260.0,3350.7,3131.9,3.0,1242.0,7144.0,6808.0,203488540.0,473840.0,4188.4,3032.9,3610.7,3463.7,0.0,0.0,3276.79,B,3166.4,3165.2,2.0,1.0,3186.0,3174.2,3169.2,3167.6,3155.3,3155.2,3150.2,3150.0,7.0,3.0,1.0,2.0,3.0,1.0,1.0,1.0,0.0,0.0,50,1.0,1,CNY,0.1,3610.7,0,39825,55169,258,00000001,1,ECL5,INE,1720400528000.0
EC2506,SCFIS,205000008436.0,2024-07-08 09:02:08.500,20240708,3154.8,3260.0,3350.7,3131.9,7.0,1249.0,7144.0,6804.0,204593020.0,1104480.0,4188.4,3032.9,3610.7,3463.7,0.0,0.0,3276.11,S,3154.8,3150.9,1.0,1.0,3170.2,3167.6,3167.4,3166.4,3149.2,3146.1,3142.0,3141.7,3.0,2.0,1.0,2.0,1.0,1.0,1.0,1.0,0.0,0.0,50,1.0,1,CNY,0.1,3610.7,0,39826,55172,259,00000001,1,ECL5,INE,1720400528500.0
EC2506,SCFIS,205000008436.0,2024-07-08 09:02:09.000,20240708,3154.8,3260.0,3350.7,3131.9,1.0,1250.0,7144.0,6804.0,204750760.0,157740.0,4188.4,3032.9,3610.7,3463.7,0.0,0.0,3276.01,B,3154.8,3151.5,1.0,1.0,3170.2,3167.4,3166.4,3165.2,3151.3,3151.0,3136.3,3131.9,3.0,1.0,2.0,1.0,1.0,2.0,1.0,1.0,0.0,0.0,50,1.0,1,CNY,0.1,3610.7,0,39827,55174,260,00000001,1,ECL5,INE,1720400529000.0
EC2506,SCFIS,205000008436.0,2024-07-08 09:02:09.500,20240708,3151.6,3260.0,3350.7,3131.9,2.0,1252.0,7144.0,6802.0,205066080.0,315320.0,4188.4,3032.9,3610.7,3463.7,0.0,0.0,3275.82,S,3150.5,3136.3,1.0,1.0,3166.1,3165.2,3163.6,3150.9,3131.9,3130.0,3126.6,3123.0,3.0,3.0,1.0,9.0,1.0,1.0,1.0,1.0,0.0,0.0,50,1.0,1,CNY,0.1,3610.7,0,39828,55176,261,00000001,1,ECL5,INE,1720400529500.0
EC2506,SCFIS,205000008436.0,2024-07-08 09:02:10.000,20240708,3150.5,3260.0,3350.7,3131.9,2.0,1254.0,7144.0,6801.0,205381130.0,315050.0,4188.4,3032.9,3610.7,3463.7,0.0,0.0,3275.62,B,3150.9,3146.4,10.0,1.0,3166.1,3165.4,3165.2,3164.8,3145.9,3145.7,3141.6,3136.3,3.0,1.0,3.0,1.0,1.0,1.0,1.0,1.0,0.0,0.0,50,1.0,1,CNY,0.1,3610.7,0,39829,55178,262,00000001,1,ECL5,INE,1720400530000.0
EC2506,SCFIS,205000008436.0,2024-07-08 09:02:10.500,20240708,3145.7,3260.0,3350.7,3131.9,5.0,1259.0,7144.0,6800.0,206168115.0,786985.0,4188.4,3032.9,3610.7,3463.7,0.0,0.0,3275.11,S,3150.9,3131.9,9.0,1.0,3164.6,3162.1,3151.5,3151.4,3130.0,3126.6,3123.0,3120.0,1.0,3.0,18.0,1.0,1.0,1.0,1.0,1.0,0.0,0.0,50,1.0,1,CNY,0.1,3610.7,0,39830,55182,263,00000001,1,ECL5,INE,1720400530500.0
EC2506,SCFIS,205000008436.0,2024-07-08 09:02:11.000,20240708,3136.3,3260.0,3350.7,3131.9,9.0,1268.0,7144.0,6804.0,207584700.0,1416585.0,4188.4,3032.9,3610.7,3463.7,0.0,0.0,3274.21,S,3136.3,3135.0,2.0,1.0,3151.5,3151.4,3150.9,3149.1,3131.9,3130.0,3126.6,3123.0,18.0,1.0,6.0,1.0,1.0,1.0,1.0,1.0,0.0,0.0,50,1.0,1,CNY,0.1,3610.7,0,39831,55186,264,00000001,1,ECL5,INE,1720400531000.0
EC2506,SCFIS,205000008436.0,2024-07-08 09:02:11.500,20240708,3135.7,3260.0,3350.7,3131.9,9.0,1277.0,7144.0,6802.0,208996385.0,1411685.0,4188.4,3032.9,3610.7,3463.7,0.0,0.0,3273.24,B,3144.1,3134.0,1.0,1.0,3149.8,3149.1,3146.4,3145.9,3131.9,3130.0,3126.6,3123.0,2.0,1.0,1.0,1.0,1.0,1.0,1.0,1.0,0.0,0.0,50,1.0,1,CNY,0.1,3610.7,0,39832,55188,265,00000001,1,ECL5,INE,1720400531500.0
