InstrumentId,ExchangeId,Datetime,OpenPrice,HighestPrice,LowestPrice,UpperLimitPrice,LowerLimitPrice,Volume,OpenInterest,BidPrice5,BidVolume5,BidPrice4,BidVolume4,BidPrice3,BidVolume3,BidPrice2,BidVolume2,BidPrice1,BidVolume1,AskPrice1,AskVolume1,AskPrice2,AskVolume2,AskPrice3,AskVolume3,AskPrice4,AskVolume4,AskPrice5,AskVolume5,LastPrice
ag2408,,13:38:35.0#,7618.000000,7708.000000,7574.000000,8596.000000,7033.000000,670983,194624.000000,7621.000000,131,7622.000000,55,7623.000000,48,7624.000000,80,7625.000000,29,7626.000000,41,7627.000000,53,7628.000000,60,7629.000000,61,7630.000000,240,7625.000000
ag2408,,13:38:35.500#,7618.000000,7708.000000,7574.000000,8596.000000,7033.000000,671025,194623.000000,7622.000000,55,7623.000000,48,7624.000000,80,7625.000000,33,7626.000000,41,7627.000000,53,7628.000000,60,7629.000000,61,7630.000000,240,7631.000000,62,7626.000000
ag2408,,13:38:36.0#,7618.000000,7708.000000,7574.000000,8596.000000,7033.000000,671031,194622.000000,7622.000000,83,7623.000000,57,7624.000000,71,7625.000000,36,7626.000000,35,7627.000000,34,7628.000000,61,7629.000000,52,7630.000000,153,7631.000000,130,7626.000000
ag2408,,13:38:36.500#,7618.000000,7708.000000,7574.000000,8596.000000,7033.000000,671038,194617.000000,7622.000000,83,7623.000000,66,7624.000000,72,7625.000000,47,7626.000000,49,7627.000000,35,7628.000000,60,7629.000000,52,7630.000000,129,7631.000000,130,7626.000000
ag2408,,13:38:37.0#,7618.000000,7708.000000,7574.000000,8596.000000,7033.000000,671040,194617.000000,7622.000000,126,7623.000000,76,7624.000000,72,7625.000000,51,7626.000000,49,7627.000000,28,7628.000000,60,7629.000000,51,7630.000000,110,7631.000000,129,7626.000000
ag2408,,13:38:37.500#,7618.000000,7708.000000,7574.000000,8596.000000,7033.000000,671055,194615.000000,7622.000000,142,7623.000000,76,7624.000000,71,7625.000000,51,7626.000000,65,7627.000000,13,7628.000000,60,7629.000000,51,7630.000000,110,7631.000000,144,7627.000000
ag2408,,13:38:38.0#,7618.000000,7708.000000,7574.000000,8596.000000,7033.000000,671071,194625.000000,7623.000000,76,7624.000000,71,7625.000000,53,7626.000000,65,7627.000000,82,7628.000000,57,7629.000000,51,7630.000000,110,7631.000000,144,7632.000000,72,7628.000000
ag2408,,13:38:38.500#,7618.000000,7708.000000,7574.000000,8596.000000,7033.000000,671077,194626.000000,7623.000000,147,7624.000000,95,7625.000000,53,7626.000000,65,7627.000000,83,7628.000000,17,7629.000000,51,7630.000000,98,7631.000000,58,7632.000000,110,7628.000000
ag2408,,13:38:39.0#,7618.000000,7708.000000,7574.000000,8596.000000,7033.000000,671099,194614.000000,7624.000000,108,7625.000000,55,7626.000000,65,7627.000000,77,7628.000000,24,7629.000000,45,7630.000000,98,7631.000000,57,7632.000000,97,7633.000000,88,7627.000000
ag2408,,13:38:39.500#,7618.000000,7708.000000,7574.000000,8596.000000,7033.000000,671141,194600.000000,7625.000000,77,7626.000000,65,7627.000000,65,7628.000000,16,7629.000000,48,7630.000000,97,7631.000000,48,7632.000000,45,7633.000000,105,7634.000000,91,7629.000000
ag2408,,13:38:40.0#,7618.000000,7708.000000,7574.000000,8596.000000,7033.000000,671169,194586.000000,7625.000000,123,7626.000000,65,7627.000000,57,7628.000000,17,7629.000000,21,7630.000000,84,7631.000000,48,7632.000000,29,7633.000000,44,7634.000000,139,7629.000000
ag2408,,13:38:40.500#,7618.000000,7708.000000,7574.000000,8596.000000,7033.000000,671180,194583.000000,7625.000000,125,7626.000000,80,7627.000000,49,7628.000000,12,7629.000000,19,7630.000000,73,7631.000000,48,7632.000000,15,7633.000000,38,7634.000000,145,7630.000000
ag2408,,13:38:41.0#,7618.000000,7708.000000,7574.000000,8596.000000,7033.000000,671184,194582.000000,7625.000000,154,7626.000000,80,7627.000000,56,7628.000000,12,7629.000000,17,7630.000000,78,7631.000000,48,7632.000000,14,7633.000000,17,7634.000000,183,7629.000000
ag2408,,13:38:41.500#,7618.000000,7708.000000,7574.000000,8596.000000,7033.000000,671185,194581.000000,7625.000000,176,7626.000000,80,7627.000000,56,7628.000000,13,7629.000000,16,7630.000000,79,7631.000000,48,7632.000000,14,7633.000000,18,7634.000000,198,7629.000000
ag2408,,13:38:42.0#,7618.000000,7708.000000,7574.000000,8596.000000,7033.000000,671187,194582.000000,7625.000000,177,7626.000000,80,7627.000000,61,7628.000000,13,7629.000000,17,7630.000000,78,7631.000000,48,7632.000000,14,7633.000000,18,7634.000000,198,7630.000000
ag2408,,13:38:42.500#,7618.000000,7708.000000,7574.000000,8596.000000,7033.000000,671189,194581.000000,7625.000000,177,7626.000000,91,7627.000000,61,7628.000000,13,7629.000000,15,7630.000000,78,7631.000000,48,7632.000000,14,7633.000000,18,7634.000000,198,7629.000000
ag2408,,13:38:43.0#,7618.000000,7708.000000,7574.000000,8596.000000,7033.000000,671211,194584.000000,7625.000000,177,7626.000000,93,7627.000000,61,7628.000000,14,7629.000000,3,7630.000000,68,7631.000000,48,7632.000000,14,7633.000000,18,7634.000000,198,7630.000000
ag2408,,13:38:43.500#,7618.000000,7708.000000,7574.000000,8596.000000,7033.000000,671303,194572.000000,7626.000000,93,7627.000000,61,7628.000000,14,7629.000000,4,7630.000000,45,7631.000000,49,7632.000000,14,7633.000000,18,7634.000000,198,7635.000000,66,7630.000000
ag2408,,13:38:44.0#,7618.000000,7708.000000,7574.000000,8596.000000,7033.000000,671350,194572.000000,7625.000000,175,7626.000000,140,7627.000000,61,7628.000000,13,7629.000000,2,7630.000000,5,7631.000000,51,7632.000000,14,7633.000000,17,7634.000000,116,7629.000000
ag2408,,13:38:44.500#,7618.000000,7708.000000,7574.000000,8596.000000,7033.000000,671386,194569.000000,7624.000000,118,7625.000000,155,7626.000000,103,7627.000000,61,7628.000000,9,7629.000000,6,7630.000000,9,7631.000000,51,7632.000000,14,7633.000000,17,7628.000000
ag2408,,13:38:45.0#,7618.000000,7708.000000,7574.000000,8596.000000,7033.000000,671397,194570.000000,7625.000000,112,7626.000000,93,7627.000000,61,7628.000000,31,7629.000000,12,7630.000000,8,7631.000000,49,7632.000000,16,7633.000000,48,7634.000000,124,7630.000000
ag2408,,13:38:45.500#,7618.000000,7708.000000,7574.000000,8596.000000,7033.000000,671398,194570.000000,7625.000000,214,7626.000000,76,7627.000000,60,7628.000000,31,7629.000000,12,7630.000000,21,7631.000000,49,7632.000000,16,7633.000000,33,7634.000000,138,7629.000000
ag2408,,13:38:46.0#,7618.000000,7708.000000,7574.000000,8596.000000,7033.000000,671399,194570.000000,7625.000000,164,7626.000000,80,7627.000000,61,7628.000000,31,7629.000000,10,7630.000000,27,7631.000000,52,7632.000000,16,7633.000000,32,7634.000000,143,7630.000000
ag2408,,13:38:46.500#,7618.000000,7708.000000,7574.000000,8596.000000,7033.000000,671403,194568.000000,7625.000000,163,7626.000000,82,7627.000000,61,7628.000000,29,7629.000000,11,7630.000000,27,7631.000000,54,7632.000000,16,7633.000000,33,7634.000000,171,7630.000000
ag2408,,13:38:47.0#,7618.000000,7708.000000,7574.000000,8596.000000,7033.000000,671421,194570.000000,7624.000000,133,7625.000000,164,7626.000000,83,7627.000000,61,7628.000000,29,7629.000000,17,7630.000000,30,7631.000000,55,7632.000000,16,7633.000000,18,7629.000000
ag2408,,13:38:47.500#,7618.000000,7708.000000,7574.000000,8596.000000,7033.000000,671471,194556.000000,7624.000000,126,7625.000000,127,7626.000000,83,7627.000000,59,7628.000000,28,7630.000000,4,7631.000000,55,7632.000000,16,7633.000000,58,7634.000000,145,7630.000000
ag2408,,13:38:48.0#,7618.000000,7708.000000,7574.000000,8596.000000,7033.000000,671472,194555.000000,7625.000000,166,7626.000000,83,7627.000000,60,7628.000000,28,7629.000000,13,7630.000000,16,7631.000000,55,7632.000000,17,7633.000000,18,7634.000000,186,7630.000000
ag2408,,13:38:48.500#,7618.000000,7708.000000,7574.000000,8596.000000,7033.000000,671473,194554.000000,7625.000000,180,7626.000000,83,7627.000000,60,7628.000000,29,7629.000000,12,7630.000000,11,7631.000000,55,7632.000000,16,7633.000000,18,7634.000000,186,7629.000000
ag2408,,13:38:49.0#,7618.000000,7708.000000,7574.000000,8596.000000,7033.000000,671473,194554.000000,7625.000000,218,7626.000000,83,7627.000000,60,7628.000000,29,7629.000000,13,7630.000000,12,7631.000000,55,7632.000000,16,7633.000000,18,7634.000000,156,7629.000000
ag2408,,13:38:49.500#,7618.000000,7708.000000,7574.000000,8596.000000,7033.000000,671477,194552.000000,7625.000000,209,7626.000000,97,7627.000000,61,7628.000000,29,7629.000000,13,7630.000000,15,7631.000000,55,7632.000000,16,7633.000000,17,7634.000000,143,7630.000000
ag2408,,13:38:50.0#,7618.000000,7708.000000,7574.000000,8596.000000,7033.000000,671482,194551.000000,7625.000000,170,7626.000000,106,7627.000000,61,7628.000000,30,7629.000000,7,7630.000000,22,7631.000000,55,7632.000000,16,7633.000000,17,7634.000000,173,7629.000000
ag2408,,13:38:50.500#,7618.000000,7708.000000,7574.000000,8596.000000,7033.000000,671496,194558.000000,7625.000000,184,7626.000000,93,7627.000000,60,7628.000000,30,7629.000000,1,7630.000000,15,7631.000000,56,7632.000000,17,7633.000000,18,7634.000000,186,7630.000000
ag2408,,13:38:51.0#,7618.000000,7708.000000,7574.000000,8596.000000,7033.000000,671506,194559.000000,7625.000000,202,7626.000000,68,7627.000000,60,7628.000000,30,7629.000000,2,7630.000000,26,7631.000000,56,7632.000000,17,7633.000000,33,7634.000000,171,7630.000000
ag2408,,13:38:51.500#,7618.000000,7708.000000,7574.000000,8596.000000,7033.000000,671521,194558.000000,7625.000000,187,7626.000000,68,7627.000000,60,7628.000000,31,7629.000000,1,7630.000000,15,7631.000000,56,7632.000000,20,7633.000000,33,7634.000000,171,7629.000000
ag2408,,13:38:52.0#,7618.000000,7708.000000,7574.000000,8596.000000,7033.000000,671524,194557.000000,7625.000000,172,7626.000000,83,7627.000000,60,7628.000000,31,7629.000000,23,7630.000000,17,7631.000000,57,7632.000000,20,7633.000000,18,7634.000000,171,7630.000000
ag2408,,13:38:52.500#,7618.000000,7708.000000,7574.000000,8596.000000,7033.000000,671529,194556.000000,7625.000000,214,7626.000000,77,7627.000000,60,7628.000000,30,7629.000000,20,7630.000000,15,7631.000000,57,7632.000000,35,7633.000000,20,7634.000000,141,7630.000000
ag2408,,13:38:53.0#,7618.000000,7708.000000,7574.000000,8596.000000,7033.000000,671533,194555.000000,7625.000000,194,7626.000000,96,7627.000000,61,7628.000000,30,7629.000000,15,7630.000000,14,7631.000000,59,7632.000000,20,7633.000000,19,7634.000000,128,7630.000000
ag2408,,13:38:53.500#,7618.000000,7708.000000,7574.000000,8596.000000,7033.000000,671553,194547.000000,7626.000000,105,7627.000000,61,7628.000000,30,7629.000000,26,7630.000000,121,7631.000000,60,7632.000000,20,7633.000000,19,7634.000000,128,7635.000000,112,7630.000000
ag2408,,13:38:54.0#,7618.000000,7708.000000,7574.000000,8596.000000,7033.000000,671566,194539.000000,7626.000000,178,7627.000000,71,7628.000000,28,7629.000000,26,7630.000000,113,7631.000000,70,7632.000000,20,7633.000000,19,7634.000000,106,7635.000000,105,7630.000000
ag2408,,13:38:54.500#,7618.000000,7708.000000,7574.000000,8596.000000,7033.000000,671651,194498.000000,7626.000000,165,7627.000000,86,7628.000000,28,7629.000000,26,7630.000000,105,7632.000000,19,7633.000000,20,7634.000000,91,7635.000000,120,7636.000000,134,7630.000000
ag2408,,13:38:55.0#,7618.000000,7708.000000,7574.000000,8596.000000,7033.000000,671662,194504.000000,7627.000000,151,7628.000000,29,7629.000000,25,7630.000000,108,7631.000000,8,7632.000000,21,7633.000000,20,7634.000000,65,7635.000000,79,7636.000000,142,7631.000000
ag2408,,13:38:55.500#,7618.000000,7708.000000,7574.000000,8596.000000,7033.000000,671723,194488.000000,7626.000000,142,7627.000000,147,7628.000000,29,7629.000000,24,7630.000000,76,7631.000000,4,7632.000000,24,7633.000000,19,7634.000000,80,7635.000000,56,7630.000000
ag2408,,13:38:56.0#,7618.000000,7708.000000,7574.000000,8596.000000,7033.000000,671732,194487.000000,7626.000000,144,7627.000000,101,7628.000000,29,7629.000000,24,7630.000000,73,7631.000000,14,7632.000000,23,7633.000000,21,7634.000000,65,7635.000000,95,7630.000000
ag2408,,13:38:56.500#,7618.000000,7708.000000,7574.000000,8596.000000,7033.000000,671805,194446.000000,7627.000000,80,7628.000000,33,7629.000000,31,7630.000000,65,7631.000000,1,7632.000000,23,7633.000000,22,7634.000000,81,7635.000000,101,7636.000000,149,7631.000000
ag2408,,13:38:57.0#,7618.000000,7708.000000,7574.000000,8596.000000,7033.000000,671834,194461.000000,7626.000000,177,7627.000000,98,7628.000000,32,7629.000000,31,7630.000000,43,7631.000000,34,7632.000000,28,7633.000000,21,7634.000000,81,7635.000000,84,7631.000000
ag2408,,13:38:57.500#,7618.000000,7708.000000,7574.000000,8596.000000,7033.000000,671879,194489.000000,7625.000000,124,7626.000000,150,7627.000000,80,7628.000000,32,7629.000000,30,7630.000000,4,7631.000000,42,7632.000000,28,7633.000000,23,7634.000000,80,7630.000000
ag2408,,13:38:58.0#,7618.000000,7708.000000,7574.000000,8596.000000,7033.000000,671884,194491.000000,7625.000000,157,7626.000000,127,7627.000000,57,7628.000000,31,7629.000000,10,7630.000000,32,7631.000000,23,7632.000000,24,7633.000000,23,7634.000000,112,7630.000000
ag2408,,13:38:58.500#,7618.000000,7708.000000,7574.000000,8596.000000,7033.000000,671916,194477.000000,7624.000000,116,7625.000000,172,7626.000000,97,7627.000000,57,7628.000000,28,7629.000000,2,7630.000000,31,7631.000000,28,7632.000000,29,7633.000000,38,7628.000000
ag2408,,13:38:59.0#,7618.000000,7708.000000,7574.000000,8596.000000,7033.000000,671932,194471.000000,7624.000000,103,7625.000000,126,7626.000000,82,7627.000000,56,7628.000000,11,7629.000000,6,7630.000000,22,7631.000000,18,7632.000000,30,7633.000000,56,7629.000000
ag2408,,13:38:59.500#,7618.000000,7708.000000,7574.000000,8596.000000,7033.000000,671934,194472.000000,7624.000000,124,7625.000000,135,7626.000000,82,7627.000000,56,7628.000000,7,7629.000000,26,7630.000000,22,7631.000000,20,7632.000000,31,7633.000000,71,7629.000000
ag2408,,13:39:00.0#,7618.000000,7708.000000,7574.000000,8596.000000,7033.000000,671945,194476.000000,7624.000000,148,7625.000000,110,7626.000000,69,7627.000000,55,7628.000000,1,7629.000000,27,7630.000000,22,7631.000000,20,7632.000000,46,7633.000000,81,7629.000000
ag2408,,13:39:00.500#,7618.000000,7708.000000,7574.000000,8596.000000,7033.000000,671968,194462.000000,7624.000000,133,7625.000000,110,7626.000000,69,7627.000000,55,7628.000000,4,7629.000000,21,7630.000000,22,7631.000000,23,7632.000000,62,7633.000000,93,7629.000000
ag2408,,13:39:01.0#,7618.000000,7708.000000,7574.000000,8596.000000,7033.000000,671970,194461.000000,7624.000000,163,7625.000000,110,7626.000000,69,7627.000000,55,7628.000000,81,7629.000000,23,7630.000000,22,7631.000000,25,7632.000000,62,7633.000000,86,7628.000000
ag2408,,13:39:01.500#,7618.000000,7708.000000,7574.000000,8596.000000,7033.000000,671995,194471.000000,7625.000000,119,7626.000000,69,7627.000000,57,7628.000000,90,7629.000000,16,7630.000000,22,7631.000000,22,7632.000000,61,7633.000000,71,7634.000000,138,7629.000000
ag2408,,13:39:02.0#,7618.000000,7708.000000,7574.000000,8596.000000,7033.000000,671998,194470.000000,7625.000000,201,7626.000000,71,7627.000000,57,7628.000000,63,7629.000000,61,7630.000000,21,7631.000000,22,7632.000000,31,7633.000000,41,7634.000000,155,7629.000000
ag2408,,13:39:02.500#,7618.000000,7708.000000,7574.000000,8596.000000,7033.000000,672021,194489.000000,7625.000000,208,7626.000000,93,7627.000000,58,7628.000000,63,7629.000000,55,7630.000000,4,7631.000000,22,7632.000000,30,7633.000000,55,7634.000000,112,7629.000000
ag2408,,13:39:03.0#,7618.000000,7708.000000,7574.000000,8596.000000,7033.000000,672028,194492.000000,7625.000000,172,7626.000000,114,7627.000000,59,7628.000000,15,7629.000000,96,7631.000000,21,7632.000000,30,7633.000000,25,7634.000000,121,7635.000000,126,7630.000000
ag2408,,13:39:03.500#,7618.000000,7708.000000,7574.000000,8596.000000,7033.000000,672030,194491.000000,7626.000000,151,7627.000000,60,7628.000000,15,7629.000000,104,7630.000000,12,7631.000000,20,7632.000000,30,7633.000000,23,7634.000000,96,7635.000000,129,7630.000000
ag2408,,13:39:04.0#,7618.000000,7708.000000,7574.000000,8596.000000,7033.000000,672033,194491.000000,7626.000000,175,7627.000000,60,7628.000000,13,7629.000000,75,7630.000000,44,7631.000000,19,7632.000000,30,7633.000000,22,7634.000000,96,7635.000000,124,7630.000000
ag2408,,13:39:04.500#,7618.000000,7708.000000,7574.000000,8596.000000,7033.000000,672086,194494.000000,7625.000000,125,7626.000000,167,7627.000000,83,7628.000000,15,7629.000000,69,7630.000000,20,7631.000000,20,7632.000000,30,7633.000000,23,7634.000000,80,7629.000000
ag2408,,13:39:05.0#,7618.000000,7708.000000,7574.000000,8596.000000,7033.000000,672096,194502.000000,7625.000000,178,7626.000000,123,7627.000000,61,7628.000000,14,7629.000000,70,7630.000000,13,7631.000000,19,7632.000000,30,7633.000000,27,7634.000000,112,7630.000000
ag2408,,13:39:05.500#,7618.000000,7708.000000,7574.000000,8596.000000,7033.000000,672112,194501.000000,7626.000000,129,7627.000000,61,7628.000000,14,7629.000000,60,7630.000000,8,7631.000000,20,7632.000000,30,7633.000000,27,7634.000000,122,7635.000000,145,7630.000000
ag2408,,13:39:06.0#,7618.000000,7708.000000,7574.000000,8596.000000,7033.000000,672127,194500.000000,7625.000000,170,7626.000000,151,7627.000000,61,7628.000000,15,7629.000000,59,7630.000000,16,7631.000000,25,7632.000000,34,7633.000000,26,7634.000000,83,7630.000000
ag2408,,13:39:06.500#,7618.000000,7708.000000,7574.000000,8596.000000,7033.000000,672156,194488.000000,7626.000000,108,7627.000000,61,7628.000000,15,7629.000000,54,7630.000000,6,7631.000000,24,7632.000000,34,7633.000000,27,7634.000000,113,7635.000000,139,7630.000000
ag2408,,13:39:07.0#,7618.000000,7708.000000,7574.000000,8596.000000,7033.000000,672174,194483.000000,7626.000000,147,7627.000000,61,7628.000000,16,7629.000000,12,7630.000000,43,7631.000000,26,7632.000000,34,7633.000000,27,7634.000000,105,7635.000000,149,7630.000000
ag2408,,13:39:07.500#,7618.000000,7708.000000,7574.000000,8596.000000,7033.000000,672213,194483.000000,7626.000000,166,7627.000000,77,7628.000000,16,7629.000000,12,7630.000000,8,7631.000000,19,7632.000000,34,7633.000000,26,7634.000000,68,7635.000000,133,7631.000000
ag2408,,13:39:08.0#,7618.000000,7708.000000,7574.000000,8596.000000,7033.000000,672218,194481.000000,7626.000000,145,7627.000000,77,7628.000000,16,7629.000000,12,7630.000000,5,7631.000000,20,7632.000000,34,7633.000000,26,7634.000000,68,7635.000000,172,7630.000000
ag2408,,13:39:08.500#,7618.000000,7708.000000,7574.000000,8596.000000,7033.000000,672222,194479.000000,7626.000000,132,7627.000000,76,7628.000000,17,7629.000000,12,7630.000000,3,7631.000000,23,7632.000000,34,7633.000000,27,7634.000000,82,7635.000000,173,7630.000000
ag2408,,13:39:09.0#,7618.000000,7708.000000,7574.000000,8596.000000,7033.000000,672232,194483.000000,7625.000000,171,7626.000000,126,7627.000000,77,7628.000000,17,7629.000000,12,7630.000000,1,7631.000000,21,7632.000000,34,7633.000000,27,7634.000000,81,7630.000000
ag2408,,13:39:09.500#,7618.000000,7708.000000,7574.000000,8596.000000,7033.000000,672236,194481.000000,7626.000000,114,7627.000000,78,7628.000000,16,7629.000000,41,7630.000000,1,7631.000000,21,7632.000000,35,7633.000000,27,7634.000000,108,7635.000000,147,7630.000000
ag2408,,13:39:10.0#,7618.000000,7708.000000,7574.000000,8596.000000,7033.000000,672245,194484.000000,7625.000000,171,7626.000000,126,7627.000000,77,7628.000000,16,7629.000000,41,7630.000000,4,7631.000000,15,7632.000000,35,7633.000000,27,7634.000000,81,7630.000000
ag2408,,13:39:10.500#,7618.000000,7708.000000,7574.000000,8596.000000,7033.000000,672251,194480.000000,7626.000000,100,7627.000000,91,7628.000000,17,7629.000000,44,7630.000000,22,7631.000000,15,7632.000000,34,7633.000000,26,7634.000000,107,7635.000000,134,7631.000000
ag2408,,13:39:11.0#,7618.000000,7708.000000,7574.000000,8596.000000,7033.000000,672255,194480.000000,7626.000000,175,7627.000000,77,7628.000000,15,7629.000000,44,7630.000000,31,7631.000000,22,7632.000000,34,7633.000000,26,7634.000000,68,7635.000000,143,7630.000000
ag2408,,13:39:11.500#,7618.000000,7708.000000,7574.000000,8596.000000,7033.000000,672255,194480.000000,7626.000000,190,7627.000000,77,7628.000000,15,7629.000000,45,7630.000000,29,7631.000000,25,7632.000000,34,7633.000000,26,7634.000000,68,7635.000000,143,7630.000000
ag2408,,13:39:12.0#,7618.000000,7708.000000,7574.000000,8596.000000,7033.000000,672263,194477.000000,7626.000000,190,7627.000000,77,7628.000000,15,7629.000000,46,7630.000000,25,7631.000000,19,7632.000000,34,7633.000000,26,7634.000000,68,7635.000000,143,7630.000000
ag2408,,13:39:12.500#,7618.000000,7708.000000,7574.000000,8596.000000,7033.000000,672287,194473.000000,7626.000000,190,7627.000000,62,7628.000000,15,7629.000000,54,7630.000000,1,7631.000000,24,7632.000000,34,7633.000000,40,7634.000000,69,7635.000000,128,7630.000000
ag2408,,13:39:13.0#,7618.000000,7708.000000,7574.000000,8596.000000,7033.000000,672290,194471.000000,7625.000000,161,7626.000000,154,7627.000000,62,7628.000000,15,7629.000000,52,7630.000000,13,7631.000000,24,7632.000000,34,7633.000000,34,7634.000000,83,7630.000000
ag2408,,13:39:13.500#,7618.000000,7708.000000,7574.000000,8596.000000,7033.000000,672310,194466.000000,7626.000000,123,7627.000000,62,7628.000000,15,7629.000000,30,7630.000000,2,7631.000000,20,7632.000000,35,7633.000000,35,7634.000000,124,7635.000000,148,7631.000000
ag2408,,13:39:14.0#,7618.000000,7708.000000,7574.000000,8596.000000,7033.000000,672319,194465.000000,7625.000000,169,7626.000000,117,7627.000000,61,7628.000000,15,7629.000000,26,7630.000000,10,7631.000000,24,7632.000000,35,7633.000000,37,7634.000000,97,7630.000000
ag2408,,13:39:14.500#,7618.000000,7708.000000,7574.000000,8596.000000,7033.000000,672324,194465.000000,7625.000000,193,7626.000000,108,7627.000000,62,7628.000000,15,7629.000000,28,7630.000000,6,7631.000000,21,7632.000000,35,7633.000000,35,7634.000000,145,7630.000000
ag2408,,13:39:15.0#,7618.000000,7708.000000,7574.000000,8596.000000,7033.000000,672352,194467.000000,7627.000000,62,7628.000000,15,7629.000000,28,7630.000000,23,7631.000000,14,7632.000000,35,7633.000000,36,7634.000000,130,7635.000000,127,7636.000000,94,7631.000000
ag2408,,13:39:15.500#,7618.000000,7708.000000,7574.000000,8596.000000,7033.000000,672377,194453.000000,7626.000000,100,7627.000000,108,7628.000000,15,7629.000000,27,7630.000000,21,7631.000000,11,7632.000000,32,7633.000000,35,7634.000000,82,7635.000000,70,7631.000000
ag2408,,13:39:16.0#,7618.000000,7708.000000,7574.000000,8596.000000,7033.000000,672388,194452.000000,7626.000000,160,7627.000000,78,7628.000000,16,7629.000000,25,7630.000000,32,7632.000000,32,7633.000000,34,7634.000000,69,7635.000000,130,7636.000000,153,7631.000000
ag2408,,13:39:16.500#,7618.000000,7708.000000,7574.000000,8596.000000,7033.000000,672390,194450.000000,7627.000000,93,7628.000000,16,7629.000000,25,7630.000000,32,7631.000000,16,7632.000000,30,7633.000000,34,7634.000000,69,7635.000000,109,7636.000000,174,7632.000000
ag2408,,13:39:17.0#,7618.000000,7708.000000,7574.000000,8596.000000,7033.000000,672410,194444.000000,7627.000000,133,7628.000000,17,7629.000000,25,7630.000000,32,7631.000000,24,7632.000000,18,7633.000000,34,7634.000000,69,7635.000000,93,7636.000000,193,7631.000000
ag2408,,13:39:17.500#,7618.000000,7708.000000,7574.000000,8596.000000,7033.000000,672413,194444.000000,7627.000000,154,7628.000000,17,7629.000000,25,7630.000000,32,7631.000000,22,7632.000000,20,7633.000000,34,7634.000000,69,7635.000000,93,7636.000000,163,7631.000000
ag2408,,13:39:18.0#,7618.000000,7708.000000,7574.000000,8596.000000,7033.000000,672416,194447.000000,7627.000000,140,7628.000000,32,7629.000000,45,7630.000000,33,7631.000000,22,7632.000000,20,7633.000000,34,7634.000000,69,7635.000000,78,7636.000000,178,7631.000000
ag2408,,13:39:18.500#,7618.000000,7708.000000,7574.000000,8596.000000,7033.000000,672425,194446.000000,7627.000000,140,7628.000000,32,7629.000000,45,7630.000000,31,7631.000000,22,7632.000000,13,7633.000000,33,7634.000000,69,7635.000000,78,7636.000000,178,7632.000000
ag2408,,13:39:19.0#,7618.000000,7708.000000,7574.000000,8596.000000,7033.000000,672428,194448.000000,7627.000000,144,7628.000000,33,7629.000000,45,7630.000000,31,7631.000000,21,7632.000000,18,7633.000000,34,7634.000000,68,7635.000000,56,7636.000000,162,7632.000000
ag2408,,13:39:19.500#,7618.000000,7708.000000,7574.000000,8596.000000,7033.000000,672450,194444.000000,7626.000000,144,7627.000000,153,7628.000000,18,7629.000000,45,7630.000000,22,7631.000000,1,7632.000000,8,7633.000000,34,7634.000000,84,7635.000000,56,7631.000000
ag2408,,13:39:20.0#,7618.000000,7708.000000,7574.000000,8596.000000,7033.000000,672462,194440.000000,7628.000000,32,7629.000000,45,7630.000000,26,7631.000000,1,7632.000000,19,7633.000000,34,7634.000000,69,7635.000000,96,7636.000000,190,7637.000000,70,7632.000000
ag2408,,13:39:20.500#,7618.000000,7708.000000,7574.000000,8596.000000,7033.000000,672483,194439.000000,7626.000000,85,7627.000000,128,7628.000000,43,7629.000000,45,7630.000000,25,7631.000000,4,7632.000000,164,7633.000000,38,7634.000000,70,7635.000000,81,7630.000000
ag2408,,13:39:21.0#,7618.000000,7708.000000,7574.000000,8596.000000,7033.000000,672501,194438.000000,7626.000000,147,7627.000000,78,7628.000000,32,7629.000000,41,7630.000000,8,7631.000000,7,7632.000000,159,7633.000000,34,7634.000000,70,7635.000000,127,7631.000000
ag2408,,13:39:21.500#,7618.000000,7708.000000,7574.000000,8596.000000,7033.000000,672514,194437.000000,7626.000000,134,7627.000000,92,7628.000000,17,7629.000000,41,7630.000000,12,7631.000000,9,7632.000000,158,7633.000000,38,7634.000000,83,7635.000000,128,7630.000000
ag2408,,13:39:22.0#,7618.000000,7708.000000,7574.000000,8596.000000,7033.000000,672524,194438.000000,7626.000000,134,7627.000000,77,7628.000000,17,7629.000000,41,7630.000000,16,7631.000000,2,7632.000000,158,7633.000000,38,7634.000000,98,7635.000000,99,7630.000000
ag2408,,13:39:22.500#,7618.000000,7708.000000,7574.000000,8596.000000,7033.000000,672527,194438.000000,7626.000000,149,7627.000000,62,7628.000000,17,7629.000000,41,7630.000000,16,7632.000000,159,7633.000000,38,7634.000000,107,7635.000000,99,7636.000000,161,7631.000000
ag2408,,13:39:23.0#,7618.000000,7708.000000,7574.000000,8596.000000,7033.000000,672535,194439.000000,7626.000000,164,7627.000000,62,7628.000000,17,7629.000000,42,7630.000000,16,7631.000000,1,7632.000000,157,7633.000000,38,7634.000000,98,7635.000000,126,7630.000000
ag2408,,13:39:23.500#,7618.000000,7708.000000,7574.000000,8596.000000,7033.000000,672535,194439.000000,7627.000000,62,7628.000000,17,7629.000000,42,7630.000000,23,7631.000000,4,7632.000000,123,7633.000000,38,7634.000000,107,7635.000000,141,7636.000000,131,7630.000000
ag2408,,13:39:24.0#,7618.000000,7708.000000,7574.000000,8596.000000,7033.000000,672548,194448.000000,7626.000000,138,7627.000000,102,7628.000000,18,7629.000000,42,7630.000000,16,7631.000000,5,7632.000000,118,7633.000000,39,7634.000000,102,7635.000000,80,7630.000000
ag2408,,13:39:24.500#,7618.000000,7708.000000,7574.000000,8596.000000,7033.000000,672554,194451.000000,7626.000000,192,7627.000000,63,7628.000000,18,7629.000000,42,7630.000000,15,7631.000000,2,7632.000000,119,7633.000000,38,7634.000000,98,7635.000000,147,7631.000000
ag2408,,13:39:25.0#,7618.000000,7708.000000,7574.000000,8596.000000,7033.000000,672556,194451.000000,7627.000000,62,7628.000000,17,7629.000000,42,7630.000000,18,7631.000000,3,7632.000000,121,7633.000000,39,7634.000000,111,7635.000000,127,7636.000000,146,7631.000000
ag2408,,13:39:25.500#,7618.000000,7708.000000,7574.000000,8596.000000,7033.000000,672573,194457.000000,7626.000000,140,7627.000000,102,7628.000000,17,7629.000000,42,7630.000000,17,7632.000000,112,7633.000000,39,7634.000000,102,7635.000000,81,7636.000000,142,7632.000000
ag2408,,13:39:26.0#,7618.000000,7708.000000,7574.000000,8596.000000,7033.000000,672581,194457.000000,7626.000000,181,7627.000000,62,7628.000000,18,7629.000000,43,7630.000000,17,7631.000000,1,7632.000000,112,7633.000000,38,7634.000000,102,7635.000000,143,7631.000000
ag2408,,13:39:26.500#,7618.000000,7708.000000,7574.000000,8596.000000,7033.000000,672582,194456.000000,7627.000000,62,7628.000000,17,7629.000000,44,7630.000000,27,7631.000000,1,7632.000000,113,7633.000000,38,7634.000000,111,7635.000000,128,7636.000000,146,7630.000000
ag2408,,13:39:27.0#,7618.000000,7708.000000,7574.000000,8596.000000,7033.000000,672583,194456.000000,7626.000000,155,7627.000000,102,7628.000000,19,7629.000000,44,7630.000000,27,7631.000000,3,7632.000000,113,7633.000000,38,7634.000000,102,7635.000000,82,7631.000000
ag2408,,13:39:27.500#,7618.000000,7708.000000,7574.000000,8596.000000,7033.000000,672586,194458.000000,7626.000000,185,7627.000000,72,7628.000000,19,7629.000000,44,7630.000000,27,7632.000000,113,7633.000000,37,7634.000000,98,7635.000000,142,7636.000000,146,7631.000000
ag2408,,13:39:28.0#,7618.000000,7708.000000,7574.000000,8596.000000,7033.000000,672592,194456.000000,7627.000000,77,7628.000000,19,7629.000000,44,7630.000000,29,7631.000000,1,7632.000000,113,7633.000000,38,7634.000000,89,7635.000000,158,7636.000000,140,7631.000000
ag2408,,13:39:28.500#,7618.000000,7708.000000,7574.000000,8596.000000,7033.000000,672597,194455.000000,7626.000000,141,7627.000000,118,7628.000000,19,7629.000000,44,7630.000000,29,7631.000000,3,7632.000000,113,7633.000000,38,7634.000000,89,7635.000000,97,7630.000000
ag2408,,13:39:29.0#,7618.000000,7708.000000,7574.000000,8596.000000,7033.000000,672601,194456.000000,7626.000000,180,7627.000000,94,7628.000000,19,7629.000000,44,7630.000000,31,7631.000000,1,7632.000000,112,7633.000000,42,7634.000000,86,7635.000000,142,7632.000000
ag2408,,13:39:29.500#,7618.000000,7708.000000,7574.000000,8596.000000,7033.000000,672688,194430.000000,7626.000000,195,7627.000000,79,7628.000000,19,7629.000000,44,7630.000000,29,7631.000000,14,7632.000000,31,7633.000000,42,7634.000000,86,7635.000000,141,7631.000000
ag2408,,13:39:30.0#,7618.000000,7708.000000,7574.000000,8596.000000,7033.000000,672707,194427.000000,7627.000000,79,7628.000000,17,7629.000000,44,7630.000000,31,7631.000000,7,7632.000000,30,7633.000000,43,7634.000000,77,7635.000000,157,7636.000000,155,7632.000000
ag2408,,13:39:30.500#,7618.000000,7708.000000,7574.000000,8596.000000,7033.000000,672710,194425.000000,7627.000000,119,7628.000000,17,7629.000000,45,7630.000000,32,7631.000000,25,7632.000000,29,7633.000000,43,7634.000000,77,7635.000000,90,7636.000000,178,7631.000000
ag2408,,13:39:31.0#,7618.000000,7708.000000,7574.000000,8596.000000,7033.000000,672731,194426.000000,7627.000000,140,7628.000000,17,7629.000000,45,7630.000000,33,7631.000000,32,7632.000000,9,7633.000000,43,7634.000000,77,7635.000000,91,7636.000000,193,7632.000000
ag2408,,13:39:31.500#,7618.000000,7708.000000,7574.000000,8596.000000,7033.000000,672740,194427.000000,7628.000000,32,7629.000000,45,7630.000000,31,7631.000000,27,7632.000000,105,7633.000000,43,7634.000000,76,7635.000000,76,7636.000000,149,7637.000000,131,7632.000000
ag2408,,13:39:32.0#,7618.000000,7708.000000,7574.000000,8596.000000,7033.000000,672750,194436.000000,7628.000000,98,7629.000000,55,7630.000000,31,7631.000000,29,7632.000000,85,7633.000000,41,7634.000000,76,7635.000000,68,7636.000000,107,7637.000000,123,7632.000000
ag2408,,13:39:32.500#,7618.000000,7708.000000,7574.000000,8596.000000,7033.000000,672760,194443.000000,7628.000000,113,7629.000000,46,7630.000000,31,7631.000000,29,7632.000000,68,7633.000000,39,7634.000000,76,7635.000000,67,7636.000000,113,7637.000000,123,7632.000000
ag2408,,13:39:33.0#,7618.000000,7708.000000,7574.000000,8596.000000,7033.000000,672761,194444.000000,7628.000000,123,7629.000000,46,7630.000000,32,7631.000000,31,7632.000000,67,7633.000000,40,7634.000000,76,7635.000000,52,7636.000000,122,7637.000000,124,7632.000000
ag2408,,13:39:33.500#,7618.000000,7708.000000,7574.000000,8596.000000,7033.000000,672810,194487.000000,7629.000000,45,7630.000000,32,7631.000000,31,7632.000000,61,7633.000000,9,7634.000000,76,7635.000000,52,7636.000000,122,7637.000000,139,7638.000000,115,7633.000000
ag2408,,13:39:34.0#,7618.000000,7708.000000,7574.000000,8596.000000,7033.000000,672858,194457.000000,7628.000000,121,7629.000000,77,7630.000000,32,7631.000000,31,7632.000000,32,7633.000000,11,7634.000000,75,7635.000000,51,7636.000000,113,7637.000000,102,7632.000000
ag2408,,13:39:34.500#,7618.000000,7708.000000,7574.000000,8596.000000,7033.000000,672869,194467.000000,7629.000000,46,7630.000000,48,7631.000000,31,7632.000000,36,7633.000000,24,7634.000000,74,7635.000000,50,7636.000000,107,7637.000000,139,7638.000000,132,7633.000000
ag2408,,13:39:35.0#,7618.000000,7708.000000,7574.000000,8596.000000,7033.000000,672891,194460.000000,7629.000000,71,7630.000000,49,7631.000000,31,7632.000000,33,7633.000000,10,7634.000000,48,7635.000000,50,7636.000000,98,7637.000000,96,7638.000000,125,7634.000000
ag2408,,13:39:35.500#,7618.000000,7708.000000,7574.000000,8596.000000,7033.000000,672955,194414.000000,7630.000000,64,7631.000000,31,7632.000000,33,7633.000000,45,7634.000000,33,7635.000000,50,7636.000000,98,7637.000000,87,7638.000000,140,7639.000000,55,7634.000000
ag2408,,13:39:36.0#,7618.000000,7708.000000,7574.000000,8596.000000,7033.000000,672984,194424.000000,7630.000000,112,7631.000000,31,7632.000000,28,7633.000000,46,7634.000000,37,7635.000000,20,7636.000000,96,7637.000000,73,7638.000000,81,7639.000000,124,7634.000000
ag2408,,13:39:36.500#,7618.000000,7708.000000,7574.000000,8596.000000,7033.000000,672996,194418.000000,7630.000000,152,7631.000000,32,7632.000000,28,7633.000000,46,7634.000000,34,7635.000000,21,7636.000000,97,7637.000000,73,7638.000000,72,7639.000000,88,7634.000000
ag2408,,13:39:37.0#,7618.000000,7708.000000,7574.000000,8596.000000,7033.000000,673001,194416.000000,7630.000000,122,7631.000000,47,7632.000000,28,7633.000000,44,7634.000000,38,7635.000000,17,7636.000000,97,7637.000000,73,7638.000000,57,7639.000000,88,7635.000000
ag2408,,13:39:37.500#,7618.000000,7708.000000,7574.000000,8596.000000,7033.000000,673036,194405.000000,7631.000000,63,7632.000000,28,7633.000000,44,7634.000000,36,7635.000000,26,7636.000000,93,7637.000000,72,7638.000000,44,7639.000000,102,7640.000000,133,7635.000000
ag2408,,13:39:38.0#,7618.000000,7708.000000,7574.000000,8596.000000,7033.000000,673041,194405.000000,7631.000000,109,7632.000000,30,7633.000000,41,7634.000000,39,7635.000000,28,7636.000000,94,7637.000000,72,7638.000000,44,7639.000000,65,7640.000000,141,7635.000000
ag2408,,13:39:38.500#,7618.000000,7708.000000,7574.000000,8596.000000,7033.000000,673065,194384.000000,7631.000000,109,7632.000000,31,7633.000000,41,7634.000000,40,7635.000000,13,7636.000000,76,7637.000000,72,7638.000000,43,7639.000000,65,7640.000000,141,7635.000000
ag2408,,13:39:39.0#,7618.000000,7708.000000,7574.000000,8596.000000,7033.000000,673087,194381.000000,7631.000000,104,7632.000000,31,7633.000000,44,7634.000000,40,7635.000000,3,7636.000000,69,7637.000000,72,7638.000000,42,7639.000000,71,7640.000000,135,7635.000000
ag2408,,13:39:39.500#,7618.000000,7708.000000,7574.000000,8596.000000,7033.000000,673165,194322.000000,7632.000000,31,7633.000000,44,7634.000000,40,7635.000000,25,7636.000000,72,7637.000000,73,7638.000000,42,7639.000000,71,7640.000000,135,7641.000000,25,7636.000000
ag2408,,13:39:40.0#,7618.000000,7708.000000,7574.000000,8596.000000,7033.000000,673250,194303.000000,7632.000000,92,7633.000000,45,7634.000000,40,7635.000000,25,7636.000000,3,7637.000000,52,7638.000000,41,7639.000000,42,7640.000000,69,7641.000000,108,7636.000000
ag2408,,13:39:40.500#,7618.000000,7708.000000,7574.000000,8596.000000,7033.000000,673269,194296.000000,7631.000000,142,7632.000000,73,7633.000000,44,7634.000000,40,7635.000000,15,7636.000000,7,7637.000000,52,7638.000000,41,7639.000000,43,7640.000000,88,7636.000000
ag2408,,13:39:41.0#,7618.000000,7708.000000,7574.000000,8596.000000,7033.000000,673281,194298.000000,7631.000000,168,7632.000000,33,7633.000000,44,7634.000000,40,7635.000000,29,7636.000000,4,7637.000000,53,7638.000000,42,7639.000000,39,7640.000000,119,7636.000000
ag2408,,13:39:41.500#,7618.000000,7708.000000,7574.000000,8596.000000,7033.000000,673287,194299.000000,7631.000000,167,7632.000000,33,7633.000000,44,7634.000000,40,7635.000000,28,7636.000000,1,7637.000000,54,7638.000000,45,7639.000000,42,7640.000000,113,7636.000000
ag2408,,13:39:42.0#,7618.000000,7708.000000,7574.000000,8596.000000,7033.000000,673296,194292.000000,7632.000000,34,7633.000000,44,7634.000000,32,7635.000000,28,7636.000000,62,7637.000000,50,7638.000000,44,7639.000000,42,7640.000000,113,7641.000000,77,7636.000000
ag2408,,13:39:42.500#,7618.000000,7708.000000,7574.000000,8596.000000,7033.000000,673341,194283.000000,7632.000000,123,7633.000000,45,7634.000000,32,7635.000000,28,7636.000000,24,7637.000000,51,7638.000000,44,7639.000000,41,7640.000000,60,7641.000000,72,7636.000000
ag2408,,13:39:43.0#,7618.000000,7708.000000,7574.000000,8596.000000,7033.000000,673368,194272.000000,7632.000000,93,7633.000000,60,7634.000000,32,7635.000000,29,7636.000000,6,7637.000000,50,7638.000000,43,7639.000000,28,7640.000000,69,7641.000000,108,7636.000000
ag2408,,13:39:43.500#,7618.000000,7708.000000,7574.000000,8596.000000,7033.000000,673448,194219.000000,7633.000000,44,7634.000000,32,7635.000000,39,7636.000000,1,7637.000000,13,7638.000000,43,7639.000000,29,7640.000000,73,7641.000000,88,7642.000000,45,7637.000000
ag2408,,13:39:44.0#,7618.000000,7708.000000,7574.000000,8596.000000,7033.000000,673484,194211.000000,7632.000000,121,7633.000000,63,7634.000000,32,7635.000000,37,7636.000000,1,7637.000000,23,7638.000000,46,7639.000000,28,7640.000000,60,7641.000000,50,7637.000000
ag2408,,13:39:44.500#,7618.000000,7708.000000,7574.000000,8596.000000,7033.000000,673492,194208.000000,7631.000000,94,7632.000000,117,7633.000000,47,7634.000000,32,7635.000000,36,7636.000000,1,7637.000000,26,7638.000000,48,7639.000000,28,7640.000000,60,7635.000000
ag2408,,13:39:45.0#,7618.000000,7708.000000,7574.000000,8596.000000,7033.000000,673503,194212.000000,7631.000000,96,7632.000000,86,7633.000000,47,7634.000000,35,7635.000000,30,7636.000000,5,7637.000000,42,7638.000000,50,7639.000000,29,7640.000000,93,7636.000000
ag2408,,13:39:45.500#,7618.000000,7708.000000,7574.000000,8596.000000,7033.000000,673523,194214.000000,7631.000000,96,7632.000000,85,7633.000000,47,7634.000000,35,7635.000000,66,7636.000000,6,7637.000000,42,7638.000000,50,7639.000000,29,7640.000000,102,7636.000000
ag2408,,13:39:46.0#,7618.000000,7708.000000,7574.000000,8596.000000,7033.000000,673540,194218.000000,7631.000000,112,7632.000000,85,7633.000000,47,7634.000000,35,7635.000000,50,7636.000000,2,7637.000000,44,7638.000000,50,7639.000000,30,7640.000000,103,7637.000000
ag2408,,13:39:46.500#,7618.000000,7708.000000,7574.000000,8596.000000,7033.000000,673546,194215.000000,7631.000000,106,7632.000000,76,7633.000000,47,7634.000000,35,7635.000000,52,7636.000000,1,7637.000000,44,7638.000000,50,7639.000000,31,7640.000000,103,7635.000000
ag2408,,13:39:47.0#,7618.000000,7708.000000,7574.000000,8596.000000,7033.000000,673552,194212.000000,7631.000000,106,7632.000000,91,7633.000000,45,7634.000000,37,7635.000000,47,7637.000000,44,7638.000000,50,7639.000000,31,7640.000000,103,7641.000000,106,7635.000000
ag2408,,13:39:47.500#,7618.000000,7708.000000,7574.000000,8596.000000,7033.000000,673553,194213.000000,7632.000000,110,7633.000000,44,7634.000000,37,7635.000000,64,7636.000000,61,7637.000000,48,7638.000000,50,7639.000000,32,7640.000000,100,7641.000000,94,7637.000000
ag2408,,13:39:48.0#,7618.000000,7708.000000,7574.000000,8596.000000,7033.000000,673571,194224.000000,7632.000000,158,7633.000000,44,7634.000000,37,7635.000000,65,7636.000000,38,7637.000000,44,7638.000000,50,7639.000000,31,7640.000000,63,7641.000000,102,7636.000000
ag2408,,13:39:48.500#,7618.000000,7708.000000,7574.000000,8596.000000,7033.000000,673577,194224.000000,7632.000000,138,7633.000000,51,7634.000000,34,7635.000000,63,7636.000000,38,7637.000000,41,7638.000000,51,7639.000000,31,7640.000000,50,7641.000000,117,7636.000000
ag2408,,13:39:49.0#,7618.000000,7708.000000,7574.000000,8596.000000,7033.000000,673601,194204.000000,7632.000000,123,7633.000000,50,7634.000000,33,7635.000000,63,7636.000000,30,7637.000000,42,7638.000000,55,7639.000000,31,7640.000000,50,7641.000000,102,7636.000000
ag2408,,13:39:49.500#,7618.000000,7708.000000,7574.000000,8596.000000,7033.000000,673609,194201.000000,7632.000000,95,7633.000000,65,7634.000000,33,7635.000000,63,7636.000000,26,7637.000000,43,7638.000000,55,7639.000000,31,7640.000000,50,7641.000000,118,7636.000000
ag2408,,13:39:50.0#,7618.000000,7708.000000,7574.000000,8596.000000,7033.000000,673615,194199.000000,7632.000000,110,7633.000000,36,7634.000000,33,7635.000000,63,7636.000000,23,7637.000000,39,7638.000000,56,7639.000000,33,7640.000000,65,7641.000000,103,7637.000000
ag2408,,13:39:50.500#,7618.000000,7708.000000,7574.000000,8596.000000,7033.000000,673624,194193.000000,7632.000000,125,7633.000000,36,7634.000000,33,7635.000000,64,7636.000000,16,7637.000000,46,7638.000000,56,7639.000000,33,7640.000000,74,7641.000000,109,7636.000000
ag2408,,13:39:51.0#,7618.000000,7708.000000,7574.000000,8596.000000,7033.000000,673627,194191.000000,7632.000000,125,7633.000000,36,7634.000000,33,7635.000000,64,7636.000000,25,7637.000000,51,7638.000000,56,7639.000000,34,7640.000000,74,7641.000000,124,7636.000000
ag2408,,13:39:51.500#,7618.000000,7708.000000,7574.000000,8596.000000,7033.000000,673629,194190.000000,7632.000000,125,7633.000000,36,7634.000000,33,7635.000000,21,7636.000000,67,7637.000000,56,7638.000000,56,7639.000000,34,7640.000000,74,7641.000000,124,7636.000000
ag2408,,13:39:52.0#,7618.000000,7708.000000,7574.000000,8596.000000,7033.000000,673637,194188.000000,7632.000000,140,7633.000000,36,7634.000000,33,7635.000000,21,7636.000000,66,7637.000000,73,7638.000000,64,7639.000000,34,7640.000000,74,7641.000000,94,7637.000000
ag2408,,13:39:52.500#,7618.000000,7708.000000,7574.000000,8596.000000,7033.000000,673642,194187.000000,7632.000000,125,7633.000000,36,7634.000000,34,7635.000000,21,7636.000000,65,7637.000000,69,7638.000000,64,7639.000000,34,7640.000000,74,7641.000000,124,7637.000000
ag2408,,13:39:53.0#,7618.000000,7708.000000,7574.000000,8596.000000,7033.000000,673662,194190.000000,7632.000000,125,7633.000000,36,7634.000000,34,7635.000000,21,7636.000000,63,7637.000000,61,7638.000000,64,7639.000000,34,7640.000000,74,7641.000000,124,7636.000000
ag2408,,13:39:53.500#,7618.000000,7708.000000,7574.000000,8596.000000,7033.000000,673670,194190.000000,7632.000000,140,7633.000000,36,7634.000000,34,7635.000000,21,7636.000000,60,7637.000000,57,7638.000000,66,7639.000000,34,7640.000000,74,7641.000000,94,7637.000000
ag2408,,13:39:54.0#,7618.000000,7708.000000,7574.000000,8596.000000,7033.000000,673673,194191.000000,7632.000000,140,7633.000000,36,7634.000000,34,7635.000000,21,7636.000000,61,7637.000000,55,7638.000000,66,7639.000000,35,7640.000000,77,7641.000000,94,7637.000000
ag2408,,13:39:54.500#,7618.000000,7708.000000,7574.000000,8596.000000,7033.000000,673693,194178.000000,7632.000000,140,7633.000000,35,7634.000000,34,7635.000000,21,7636.000000,63,7637.000000,38,7638.000000,66,7639.000000,35,7640.000000,77,7641.000000,93,7637.000000
ag2408,,13:39:55.0#,7618.000000,7708.000000,7574.000000,8596.000000,7033.000000,673701,194181.000000,7632.000000,155,7633.000000,35,7634.000000,34,7635.000000,21,7636.000000,58,7637.000000,40,7638.000000,64,7639.000000,35,7640.000000,77,7641.000000,78,7636.000000
ag2408,,13:39:55.500#,7618.000000,7708.000000,7574.000000,8596.000000,7033.000000,673726,194161.000000,7632.000000,170,7633.000000,35,7634.000000,34,7635.000000,21,7636.000000,58,7637.000000,23,7638.000000,64,7639.000000,35,7640.000000,79,7641.000000,78,7637.000000
ag2408,,13:39:56.0#,7618.000000,7708.000000,7574.000000,8596.000000,7033.000000,673729,194163.000000,7632.000000,170,7633.000000,35,7634.000000,34,7635.000000,21,7636.000000,57,7637.000000,25,7638.000000,64,7639.000000,35,7640.000000,79,7641.000000,78,7637.000000
ag2408,,13:39:56.500#,7618.000000,7708.000000,7574.000000,8596.000000,7033.000000,673747,194161.000000,7632.000000,170,7633.000000,35,7634.000000,34,7635.000000,20,7636.000000,59,7637.000000,7,7638.000000,64,7639.000000,35,7640.000000,79,7641.000000,79,7637.000000
ag2408,,13:39:57.0#,7618.000000,7708.000000,7574.000000,8596.000000,7033.000000,673758,194165.000000,7632.000000,155,7633.000000,50,7634.000000,34,7635.000000,22,7636.000000,59,7637.000000,1,7638.000000,64,7639.000000,35,7640.000000,55,7641.000000,97,7637.000000
ag2408,,13:39:57.500#,7618.000000,7708.000000,7574.000000,8596.000000,7033.000000,673766,194166.000000,7633.000000,35,7634.000000,49,7635.000000,22,7636.000000,61,7637.000000,15,7638.000000,64,7639.000000,35,7640.000000,55,7641.000000,68,7642.000000,102,7637.000000
ag2408,,13:39:58.0#,7618.000000,7708.000000,7574.000000,8596.000000,7033.000000,673771,194164.000000,7633.000000,76,7634.000000,47,7635.000000,22,7636.000000,58,7637.000000,14,7638.000000,65,7639.000000,35,7640.000000,56,7641.000000,37,7642.000000,119,7637.000000
ag2408,,13:39:58.500#,7618.000000,7708.000000,7574.000000,8596.000000,7033.000000,673776,194163.000000,7633.000000,88,7634.000000,47,7635.000000,22,7636.000000,58,7637.000000,38,7638.000000,64,7639.000000,36,7640.000000,57,7641.000000,28,7642.000000,134,7637.000000
ag2408,,13:39:59.0#,7618.000000,7708.000000,7574.000000,8596.000000,7033.000000,673783,194162.000000,7633.000000,95,7634.000000,48,7635.000000,22,7636.000000,58,7637.000000,33,7638.000000,63,7639.000000,61,7640.000000,57,7641.000000,15,7642.000000,142,7637.000000
ag2408,,13:39:59.500#,7618.000000,7708.000000,7574.000000,8596.000000,7033.000000,673788,194164.000000,7633.000000,95,7634.000000,64,7635.000000,22,7636.000000,14,7637.000000,73,7638.000000,64,7639.000000,61,7640.000000,57,7641.000000,24,7642.000000,133,7637.000000
ag2408,,13:40:00.0#,7618.000000,7708.000000,7574.000000,8596.000000,7033.000000,673791,194165.000000,7633.000000,111,7634.000000,64,7635.000000,23,7636.000000,13,7637.000000,81,7638.000000,62,7639.000000,61,7640.000000,77,7641.000000,24,7642.000000,103,7638.000000
ag2408,,13:40:00.500#,7618.000000,7708.000000,7574.000000,8596.000000,7033.000000,673818,194161.000000,7633.000000,97,7634.000000,64,7635.000000,23,7636.000000,12,7637.000000,71,7638.000000,48,7639.000000,61,7640.000000,77,7641.000000,12,7642.000000,97,7637.000000
ag2408,,13:40:01.0#,7618.000000,7708.000000,7574.000000,8596.000000,7033.000000,673821,194163.000000,7633.000000,97,7634.000000,64,7635.000000,24,7636.000000,12,7637.000000,69,7638.000000,48,7639.000000,61,7640.000000,82,7641.000000,12,7642.000000,82,7637.000000
ag2408,,13:40:01.500#,7618.000000,7708.000000,7574.000000,8596.000000,7033.000000,673839,194165.000000,7633.000000,112,7634.000000,64,7635.000000,24,7636.000000,12,7637.000000,69,7638.000000,33,7639.000000,61,7640.000000,81,7641.000000,21,7642.000000,88,7638.000000
ag2408,,13:40:02.0#,7618.000000,7708.000000,7574.000000,8596.000000,7033.000000,673869,194149.000000,7633.000000,103,7634.000000,49,7635.000000,25,7636.000000,12,7637.000000,69,7638.000000,2,7639.000000,60,7640.000000,81,7641.000000,12,7642.000000,88,7638.000000
ag2408,,13:40:02.500#,7618.000000,7708.000000,7574.000000,8596.000000,7033.000000,673890,194152.000000,7634.000000,49,7635.000000,39,7636.000000,13,7637.000000,62,7638.000000,17,7639.000000,60,7640.000000,81,7641.000000,13,7642.000000,76,7643.000000,124,7638.000000
ag2408,,13:40:03.0#,7618.000000,7708.000000,7574.000000,8596.000000,7033.000000,673912,194155.000000,7633.000000,116,7634.000000,74,7635.000000,39,7636.000000,13,7637.000000,59,7639.000000,64,7640.000000,79,7641.000000,12,7642.000000,45,7643.000000,113,7638.000000
ag2408,,13:40:03.500#,7618.000000,7708.000000,7574.000000,8596.000000,7033.000000,673930,194151.000000,7633.000000,127,7634.000000,47,7635.000000,39,7636.000000,13,7637.000000,56,7638.000000,4,7639.000000,64,7640.000000,81,7641.000000,12,7642.000000,82,7638.000000
ag2408,,13:40:04.0#,7618.000000,7708.000000,7574.000000,8596.000000,7033.000000,673943,194155.000000,7633.000000,112,7634.000000,62,7635.000000,24,7636.000000,6,7637.000000,53,7638.000000,6,7639.000000,63,7640.000000,82,7641.000000,12,7642.000000,91,7637.000000
ag2408,,13:40:04.500#,7618.000000,7708.000000,7574.000000,8596.000000,7033.000000,673948,194159.000000,7633.000000,112,7634.000000,61,7635.000000,24,7636.000000,7,7637.000000,51,7638.000000,18,7639.000000,63,7640.000000,83,7641.000000,12,7642.000000,91,7638.000000
ag2408,,13:40:05.0#,7618.000000,7708.000000,7574.000000,8596.000000,7033.000000,673953,194160.000000,7633.000000,112,7634.000000,46,7635.000000,39,7636.000000,7,7637.000000,53,7638.000000,5,7639.000000,64,7640.000000,83,7641.000000,11,7642.000000,83,7638.000000
ag2408,,13:40:05.500#,7618.000000,7708.000000,7574.000000,8596.000000,7033.000000,673966,194155.000000,7633.000000,112,7634.000000,61,7635.000000,24,7636.000000,8,7637.000000,49,7638.000000,6,7639.000000,77,7640.000000,83,7641.000000,11,7642.000000,96,7638.000000
ag2408,,13:40:06.0#,7618.000000,7708.000000,7574.000000,8596.000000,7033.000000,674016,194112.000000,7632.000000,76,7633.000000,112,7634.000000,61,7635.000000,24,7636.000000,8,7637.000000,10,7638.000000,11,7639.000000,77,7640.000000,83,7641.000000,11,7637.000000
ag2408,,13:40:06.500#,7618.000000,7708.000000,7574.000000,8596.000000,7033.000000,674024,194118.000000,7631.000000,88,7632.000000,83,7633.000000,62,7634.000000,45,7635.000000,24,7636.000000,8,7637.000000,17,7638.000000,12,7639.000000,78,7640.000000,84,7636.000000
ag2408,,13:40:07.0#,7618.000000,7708.000000,7574.000000,8596.000000,7033.000000,674026,194117.000000,7631.000000,95,7632.000000,55,7633.000000,53,7634.000000,30,7635.000000,25,7636.000000,8,7637.000000,17,7638.000000,12,7639.000000,78,7640.000000,135,7636.000000
ag2408,,13:40:07.500#,7618.000000,7708.000000,7574.000000,8596.000000,7033.000000,674067,194111.000000,7631.000000,73,7632.000000,48,7633.000000,52,7634.000000,30,7635.000000,6,7636.000000,13,7637.000000,17,7638.000000,14,7639.000000,79,7640.000000,133,7635.000000
ag2408,,13:40:08.0#,7618.000000,7708.000000,7574.000000,8596.000000,7033.000000,674076,194105.000000,7630.000000,109,7631.000000,58,7632.000000,33,7633.000000,36,7634.000000,30,7635.000000,42,7636.000000,15,7637.000000,17,7638.000000,30,7639.000000,79,7635.000000
ag2408,,13:40:08.500#,7618.000000,7708.000000,7574.000000,8596.000000,7033.000000,674104,194093.000000,7630.000000,111,7631.000000,29,7632.000000,31,7633.000000,35,7634.000000,7,7635.000000,38,7636.000000,14,7637.000000,18,7638.000000,35,7639.000000,147,7635.000000
ag2408,,13:40:09.0#,7618.000000,7708.000000,7574.000000,8596.000000,7033.000000,674110,194089.000000,7630.000000,96,7631.000000,29,7632.000000,31,7633.000000,35,7634.000000,1,7635.000000,44,7636.000000,14,7637.000000,18,7638.000000,46,7639.000000,138,7634.000000
ag2408,,13:40:09.500#,7618.000000,7708.000000,7574.000000,8596.000000,7033.000000,674117,194089.000000,7629.000000,121,7630.000000,83,7631.000000,28,7632.000000,31,7633.000000,32,7634.000000,1,7635.000000,44,7636.000000,14,7637.000000,19,7638.000000,73,7634.000000
ag2408,,13:40:10.0#,7618.000000,7708.000000,7574.000000,8596.000000,7033.000000,674120,194089.000000,7629.000000,103,7630.000000,65,7631.000000,29,7632.000000,31,7633.000000,20,7634.000000,10,7635.000000,42,7636.000000,14,7637.000000,18,7638.000000,102,7633.000000
ag2408,,13:40:10.500#,7618.000000,7708.000000,7574.000000,8596.000000,7033.000000,674130,194091.000000,7629.000000,109,7630.000000,50,7631.000000,29,7632.000000,32,7633.000000,1,7634.000000,13,7635.000000,42,7636.000000,15,7637.000000,35,7638.000000,82,7633.000000
ag2408,,13:40:11.0#,7618.000000,7708.000000,7574.000000,8596.000000,7033.000000,674140,194094.000000,7628.000000,71,7629.000000,111,7630.000000,37,7631.000000,28,7632.000000,32,7634.000000,17,7635.000000,40,7636.000000,17,7637.000000,36,7638.000000,135,7633.000000
ag2408,,13:40:11.500#,7618.000000,7708.000000,7574.000000,8596.000000,7033.000000,674145,194094.000000,7629.000000,102,7630.000000,36,7631.000000,28,7632.000000,32,7633.000000,18,7634.000000,17,7635.000000,40,7636.000000,17,7637.000000,36,7638.000000,120,7633.000000
ag2408,,13:40:12.0#,7618.000000,7708.000000,7574.000000,8596.000000,7033.000000,674168,194109.000000,7629.000000,117,7630.000000,36,7631.000000,28,7632.000000,32,7633.000000,10,7634.000000,2,7635.000000,40,7636.000000,32,7637.000000,23,7638.000000,121,7633.000000
ag2408,,13:40:12.500#,7618.000000,7708.000000,7574.000000,8596.000000,7033.000000,674170,194109.000000,7629.000000,118,7630.000000,36,7631.000000,28,7632.000000,32,7633.000000,15,7634.000000,8,7635.000000,42,7636.000000,17,7637.000000,38,7638.000000,107,7634.000000
ag2408,,13:40:13.0#,7618.000000,7708.000000,7574.000000,8596.000000,7033.000000,674192,194116.000000,7630.000000,36,7631.000000,28,7632.000000,32,7633.000000,7,7634.000000,13,7635.000000,39,7636.000000,17,7637.000000,39,7638.000000,123,7639.000000,136,7634.000000
ag2408,,13:40:13.500#,7618.000000,7708.000000,7574.000000,8596.000000,7033.000000,674206,194116.000000,7629.000000,108,7630.000000,61,7631.000000,32,7632.000000,33,7633.000000,7,7634.000000,11,7635.000000,42,7636.000000,17,7637.000000,38,7638.000000,86,7634.000000
ag2408,,13:40:14.0#,7618.000000,7708.000000,7574.000000,8596.000000,7033.000000,674210,194112.000000,7629.000000,104,7630.000000,36,7631.000000,32,7632.000000,38,7633.000000,5,7634.000000,22,7635.000000,39,7636.000000,7,7637.000000,38,7638.000000,117,7633.000000
ag2408,,13:40:14.500#,7618.000000,7708.000000,7574.000000,8596.000000,7033.000000,674213,194110.000000,7629.000000,104,7630.000000,36,7631.000000,32,7632.000000,38,7633.000000,2,7634.000000,25,7635.000000,39,7636.000000,21,7637.000000,24,7638.000000,138,7633.000000
ag2408,,13:40:15.0#,7618.000000,7708.000000,7574.000000,8596.000000,7033.000000,674213,194110.000000,7629.000000,84,7630.000000,35,7631.000000,32,7632.000000,38,7633.000000,2,7634.000000,25,7635.000000,39,7636.000000,21,7637.000000,24,7638.000000,123,7633.000000
ag2408,,13:40:15.500#,7618.000000,7708.000000,7574.000000,8596.000000,7033.000000,674239,194111.000000,7629.000000,75,7630.000000,35,7631.000000,32,7632.000000,39,7633.000000,5,7634.000000,26,7635.000000,39,7636.000000,21,7637.000000,39,7638.000000,113,7633.000000
ag2408,,13:40:16.0#,7618.000000,7708.000000,7574.000000,8596.000000,7033.000000,674244,194107.000000,7628.000000,88,7629.000000,84,7630.000000,35,7631.000000,32,7632.000000,39,7633.000000,6,7634.000000,28,7635.000000,41,7636.000000,21,7637.000000,24,7633.000000
ag2408,,13:40:16.500#,7618.000000,7708.000000,7574.000000,8596.000000,7033.000000,674272,194099.000000,7628.000000,69,7629.000000,44,7630.000000,35,7631.000000,32,7632.000000,21,7633.000000,5,7634.000000,21,7635.000000,38,7636.000000,37,7637.000000,51,7632.000000
ag2408,,13:40:17.0#,7618.000000,7708.000000,7574.000000,8596.000000,7033.000000,674275,194099.000000,7628.000000,90,7629.000000,44,7630.000000,35,7631.000000,32,7632.000000,22,7633.000000,7,7634.000000,22,7635.000000,38,7636.000000,37,7637.000000,57,7633.000000
ag2408,,13:40:17.500#,7618.000000,7708.000000,7574.000000,8596.000000,7033.000000,674277,194098.000000,7628.000000,88,7629.000000,44,7630.000000,35,7631.000000,32,7632.000000,22,7633.000000,7,7634.000000,23,7635.000000,53,7636.000000,22,7637.000000,84,7632.000000
ag2408,,13:40:18.0#,7618.000000,7708.000000,7574.000000,8596.000000,7033.000000,674282,194099.000000,7628.000000,93,7629.000000,30,7630.000000,34,7631.000000,32,7632.000000,21,7633.000000,4,7634.000000,23,7635.000000,53,7636.000000,23,7637.000000,89,7633.000000
ag2408,,13:40:18.500#,7618.000000,7708.000000,7574.000000,8596.000000,7033.000000,674285,194099.000000,7628.000000,102,7629.000000,30,7630.000000,34,7631.000000,32,7632.000000,23,7633.000000,3,7634.000000,23,7635.000000,53,7636.000000,24,7637.000000,98,7632.000000
ag2408,,13:40:19.0#,7618.000000,7708.000000,7574.000000,8596.000000,7033.000000,674293,194097.000000,7628.000000,102,7629.000000,30,7630.000000,34,7631.000000,32,7632.000000,18,7634.000000,23,7635.000000,53,7636.000000,24,7637.000000,97,7638.000000,97,7632.000000
ag2408,,13:40:19.500#,7618.000000,7708.000000,7574.000000,8596.000000,7033.000000,674311,194084.000000,7629.000000,30,7630.000000,34,7631.000000,32,7632.000000,21,7633.000000,2,7634.000000,16,7635.000000,53,7636.000000,23,7637.000000,79,7638.000000,91,7633.000000
ag2408,,13:40:20.0#,7618.000000,7708.000000,7574.000000,8596.000000,7033.000000,674323,194083.000000,7628.000000,91,7629.000000,55,7630.000000,34,7631.000000,33,7632.000000,19,7634.000000,16,7635.000000,38,7636.000000,38,7637.000000,57,7638.000000,78,7633.000000
ag2408,,13:40:20.500#,7618.000000,7708.000000,7574.000000,8596.000000,7033.000000,674328,194081.000000,7629.000000,47,7630.000000,33,7631.000000,35,7632.000000,21,7633.000000,8,7634.000000,15,7635.000000,38,7636.000000,23,7637.000000,57,7638.000000,108,7633.000000
ag2408,,13:40:21.0#,7618.000000,7708.000000,7574.000000,8596.000000,7033.000000,674331,194082.000000,7629.000000,47,7630.000000,33,7631.000000,35,7632.000000,22,7633.000000,16,7634.000000,14,7635.000000,39,7636.000000,23,7637.000000,72,7638.000000,63,7634.000000
ag2408,,13:40:21.500#,7618.000000,7708.000000,7574.000000,8596.000000,7033.000000,674332,194083.000000,7629.000000,84,7630.000000,34,7631.000000,46,7632.000000,23,7633.000000,27,7634.000000,13,7635.000000,38,7636.000000,22,7637.000000,59,7638.000000,93,7633.000000
ag2408,,13:40:22.0#,7618.000000,7708.000000,7574.000000,8596.000000,7033.000000,674351,194079.000000,7629.000000,105,7630.000000,34,7631.000000,46,7632.000000,26,7633.000000,22,7635.000000,37,7636.000000,22,7637.000000,59,7638.000000,108,7639.000000,96,7635.000000
ag2408,,13:40:22.500#,7618.000000,7708.000000,7574.000000,8596.000000,7033.000000,674352,194078.000000,7630.000000,49,7631.000000,46,7632.000000,26,7633.000000,25,7634.000000,3,7635.000000,37,7636.000000,9,7637.000000,58,7638.000000,123,7639.000000,96,7634.000000
ag2408,,13:40:23.0#,7618.000000,7708.000000,7574.000000,8596.000000,7033.000000,674377,194081.000000,7629.000000,79,7630.000000,74,7631.000000,48,7632.000000,27,7633.000000,5,7634.000000,5,7635.000000,30,7636.000000,8,7637.000000,42,7638.000000,92,7633.000000
ag2408,,13:40:23.500#,7618.000000,7708.000000,7574.000000,8596.000000,7033.000000,674387,194081.000000,7629.000000,91,7630.000000,79,7631.000000,49,7632.000000,27,7633.000000,24,7635.000000,30,7636.000000,9,7637.000000,42,7638.000000,104,7639.000000,131,7633.000000
ag2408,,13:40:24.0#,7618.000000,7708.000000,7574.000000,8596.000000,7033.000000,674389,194079.000000,7630.000000,67,7631.000000,48,7632.000000,28,7633.000000,26,7634.000000,11,7635.000000,33,7636.000000,9,7637.000000,42,7638.000000,93,7639.000000,141,7633.000000
ag2408,,13:40:24.500#,7618.000000,7708.000000,7574.000000,8596.000000,7033.000000,674406,194076.000000,7629.000000,93,7630.000000,107,7631.000000,48,7632.000000,28,7633.000000,11,7635.000000,29,7636.000000,13,7637.000000,42,7638.000000,77,7639.000000,143,7633.000000
ag2408,,13:40:25.0#,7618.000000,7708.000000,7574.000000,8596.000000,7033.000000,674421,194068.000000,7630.000000,68,7631.000000,48,7632.000000,28,7633.000000,17,7634.000000,18,7635.000000,25,7636.000000,14,7637.000000,43,7638.000000,84,7639.000000,132,7634.000000
ag2408,,13:40:25.500#,7618.000000,7708.000000,7574.000000,8596.000000,7033.000000,674427,194064.000000,7630.000000,108,7631.000000,48,7632.000000,28,7633.000000,18,7634.000000,13,7635.000000,24,7636.000000,13,7637.000000,42,7638.000000,67,7639.000000,128,7634.000000
ag2408,,13:40:26.0#,7618.000000,7708.000000,7574.000000,8596.000000,7033.000000,674464,194035.000000,7629.000000,73,7630.000000,127,7631.000000,49,7632.000000,28,7633.000000,20,7634.000000,2,7635.000000,9,7636.000000,14,7637.000000,41,7638.000000,54,7635.000000
ag2408,,13:40:26.500#,7618.000000,7708.000000,7574.000000,8596.000000,7033.000000,674467,194033.000000,7630.000000,82,7631.000000,62,7632.000000,29,7633.000000,18,7634.000000,17,7635.000000,11,7636.000000,17,7637.000000,41,7638.000000,93,7639.000000,103,7634.000000
ag2408,,13:40:27.0#,7618.000000,7708.000000,7574.000000,8596.000000,7033.000000,674469,194035.000000,7630.000000,127,7631.000000,49,7632.000000,28,7633.000000,19,7634.000000,26,7635.000000,18,7636.000000,18,7637.000000,41,7638.000000,54,7639.000000,112,7635.000000
ag2408,,13:40:27.500#,7618.000000,7708.000000,7574.000000,8596.000000,7033.000000,674478,194035.000000,7630.000000,127,7631.000000,49,7632.000000,29,7633.000000,20,7634.000000,25,7635.000000,9,7636.000000,17,7637.000000,41,7638.000000,55,7639.000000,112,7634.000000
ag2408,,13:40:28.0#,7618.000000,7708.000000,7574.000000,8596.000000,7033.000000,674483,194035.000000,7631.000000,61,7632.000000,30,7633.000000,28,7634.000000,27,7635.000000,10,7636.000000,18,7637.000000,41,7638.000000,39,7639.000000,127,7640.000000,120,7635.000000
ag2408,,13:40:28.500#,7618.000000,7708.000000,7574.000000,8596.000000,7033.000000,674485,194033.000000,7631.000000,102,7632.000000,30,7633.000000,27,7634.000000,28,7635.000000,19,7636.000000,17,7637.000000,40,7638.000000,39,7639.000000,90,7640.000000,143,7635.000000
ag2408,,13:40:29.0#,7618.000000,7708.000000,7574.000000,8596.000000,7033.000000,674485,194033.000000,7631.000000,138,7632.000000,30,7633.000000,27,7634.000000,28,7635.000000,19,7636.000000,17,7637.000000,40,7638.000000,39,7639.000000,81,7640.000000,137,7635.000000
ag2408,,13:40:29.500#,7618.000000,7708.000000,7574.000000,8596.000000,7033.000000,674489,194029.000000,7631.000000,151,7632.000000,31,7633.000000,27,7634.000000,26,7635.000000,16,7636.000000,17,7637.000000,40,7638.000000,37,7639.000000,68,7640.000000,151,7635.000000
ag2408,,13:40:30.0#,7618.000000,7708.000000,7574.000000,8596.000000,7033.000000,674493,194028.000000,7631.000000,136,7632.000000,31,7633.000000,27,7634.000000,26,7635.000000,28,7636.000000,17,7637.000000,40,7638.000000,37,7639.000000,68,7640.000000,182,7635.000000
ag2408,,13:40:30.500#,7618.000000,7708.000000,7574.000000,8596.000000,7033.000000,674493,194028.000000,7631.000000,136,7632.000000,46,7633.000000,27,7634.000000,24,7635.000000,30,7636.000000,10,7637.000000,40,7638.000000,37,7639.000000,53,7640.000000,167,7635.000000
ag2408,,13:40:31.0#,7618.000000,7708.000000,7574.000000,8596.000000,7033.000000,674507,194038.000000,7632.000000,46,7633.000000,27,7634.000000,24,7635.000000,28,7636.000000,11,7637.000000,40,7638.000000,38,7639.000000,53,7640.000000,167,7641.000000,58,7636.000000
ag2408,,13:40:31.500#,7618.000000,7708.000000,7574.000000,8596.000000,7033.000000,674509,194038.000000,7632.000000,69,7633.000000,27,7634.000000,23,7635.000000,24,7636.000000,22,7637.000000,28,7638.000000,38,7639.000000,52,7640.000000,115,7641.000000,52,7636.000000
ag2408,,13:40:32.0#,7618.000000,7708.000000,7574.000000,8596.000000,7033.000000,674518,194031.000000,7632.000000,90,7633.000000,27,7634.000000,23,7635.000000,24,7636.000000,35,7637.000000,17,7638.000000,38,7639.000000,52,7640.000000,106,7641.000000,82,7637.000000
ag2408,,13:40:32.500#,7618.000000,7708.000000,7574.000000,8596.000000,7033.000000,674533,194017.000000,7633.000000,41,7634.000000,23,7635.000000,22,7636.000000,31,7637.000000,11,7638.000000,38,7639.000000,52,7640.000000,100,7641.000000,82,7642.000000,77,7637.000000
ag2408,,13:40:33.0#,7618.000000,7708.000000,7574.000000,8596.000000,7033.000000,674534,194017.000000,7633.000000,67,7634.000000,23,7635.000000,21,7636.000000,31,7637.000000,10,7638.000000,37,7639.000000,51,7640.000000,78,7641.000000,53,7642.000000,70,7637.000000
ag2408,,13:40:33.500#,7618.000000,7708.000000,7574.000000,8596.000000,7033.000000,674534,194017.000000,7633.000000,88,7634.000000,21,7635.000000,21,7636.000000,36,7637.000000,14,7638.000000,37,7639.000000,51,7640.000000,77,7641.000000,45,7642.000000,100,7637.000000
ag2408,,13:40:34.0#,7618.000000,7708.000000,7574.000000,8596.000000,7033.000000,674538,194017.000000,7633.000000,83,7634.000000,36,7635.000000,21,7636.000000,36,7637.000000,20,7638.000000,31,7639.000000,51,7640.000000,77,7641.000000,39,7642.000000,130,7638.000000
ag2408,,13:40:34.500#,7618.000000,7708.000000,7574.000000,8596.000000,7033.000000,674541,194017.000000,7633.000000,80,7634.000000,36,7635.000000,21,7636.000000,34,7637.000000,20,7638.000000,31,7639.000000,51,7640.000000,77,7641.000000,30,7642.000000,130,7638.000000
ag2408,,13:40:35.0#,7618.000000,7708.000000,7574.000000,8596.000000,7033.000000,674543,194018.000000,7633.000000,83,7634.000000,35,7635.000000,21,7636.000000,34,7637.000000,20,7638.000000,30,7639.000000,51,7640.000000,77,7641.000000,30,7642.000000,139,7638.000000
ag2408,,13:40:35.500#,7618.000000,7708.000000,7574.000000,8596.000000,7033.000000,674547,194018.000000,7633.000000,59,7634.000000,36,7635.000000,21,7636.000000,39,7637.000000,21,7638.000000,27,7639.000000,51,7640.000000,77,7641.000000,30,7642.000000,115,7637.000000
ag2408,,13:40:36.0#,7618.000000,7708.000000,7574.000000,8596.000000,7033.000000,674549,194016.000000,7633.000000,68,7634.000000,36,7635.000000,21,7636.000000,41,7637.000000,10,7638.000000,33,7639.000000,52,7640.000000,92,7641.000000,30,7642.000000,109,7637.000000
ag2408,,13:40:36.500#,7618.000000,7708.000000,7574.000000,8596.000000,7033.000000,674561,194015.000000,7633.000000,68,7634.000000,36,7635.000000,21,7636.000000,36,7637.000000,3,7638.000000,31,7639.000000,52,7640.000000,77,7641.000000,39,7642.000000,115,7638.000000
ag2408,,13:40:37.0#,7618.000000,7708.000000,7574.000000,8596.000000,7033.000000,674564,194016.000000,7632.000000,91,7633.000000,75,7634.000000,34,7635.000000,21,7636.000000,34,7637.000000,14,7638.000000,33,7639.000000,51,7640.000000,77,7641.000000,51,7636.000000
ag2408,,13:40:37.500#,7618.000000,7708.000000,7574.000000,8596.000000,7033.000000,674564,194016.000000,7632.000000,102,7633.000000,44,7634.000000,19,7635.000000,21,7636.000000,31,7637.000000,14,7638.000000,34,7639.000000,51,7640.000000,77,7641.000000,91,7636.000000
ag2408,,13:40:38.0#,7618.000000,7708.000000,7574.000000,8596.000000,7033.000000,674567,194016.000000,7632.000000,102,7633.000000,59,7634.000000,19,7635.000000,21,7636.000000,24,7637.000000,21,7638.000000,34,7639.000000,51,7640.000000,77,7641.000000,91,7636.000000
ag2408,,13:40:38.500#,7618.000000,7708.000000,7574.000000,8596.000000,7033.000000,674569,194016.000000,7632.000000,102,7633.000000,61,7634.000000,19,7635.000000,21,7636.000000,22,7637.000000,20,7638.000000,34,7639.000000,51,7640.000000,92,7641.000000,91,7637.000000
ag2408,,13:40:39.0#,7618.000000,7708.000000,7574.000000,8596.000000,7033.000000,674573,194018.000000,7632.000000,119,7633.000000,45,7634.000000,19,7635.000000,21,7636.000000,22,7637.000000,24,7638.000000,32,7639.000000,52,7640.000000,129,7641.000000,68,7637.000000
ag2408,,13:40:39.500#,7618.000000,7708.000000,7574.000000,8596.000000,7033.000000,674576,194020.000000,7632.000000,119,7633.000000,30,7634.000000,19,7635.000000,21,7636.000000,21,7637.000000,23,7638.000000,32,7639.000000,67,7640.000000,114,7641.000000,99,7637.000000
ag2408,,13:40:40.0#,7618.000000,7708.000000,7574.000000,8596.000000,7033.000000,674577,194020.000000,7632.000000,119,7633.000000,30,7634.000000,19,7635.000000,21,7636.000000,21,7637.000000,24,7638.000000,34,7639.000000,66,7640.000000,114,7641.000000,98,7637.000000
ag2408,,13:40:40.500#,7618.000000,7708.000000,7574.000000,8596.000000,7033.000000,674598,194030.000000,7632.000000,119,7633.000000,30,7634.000000,19,7635.000000,21,7636.000000,21,7637.000000,4,7638.000000,34,7639.000000,66,7640.000000,116,7641.000000,98,7636.000000
ag2408,,13:40:41.0#,7618.000000,7708.000000,7574.000000,8596.000000,7033.000000,674626,194040.000000,7631.000000,109,7632.000000,119,7633.000000,30,7634.000000,19,7635.000000,16,7636.000000,2,7637.000000,30,7638.000000,35,7639.000000,66,7640.000000,116,7636.000000
ag2408,,13:40:41.500#,7618.000000,7708.000000,7574.000000,8596.000000,7033.000000,674631,194038.000000,7631.000000,111,7632.000000,59,7633.000000,30,7634.000000,19,7635.000000,26,7636.000000,11,7637.000000,29,7638.000000,34,7639.000000,66,7640.000000,146,7636.000000
ag2408,,13:40:42.0#,7618.000000,7708.000000,7574.000000,8596.000000,7033.000000,674633,194039.000000,7631.000000,127,7632.000000,59,7633.000000,30,7634.000000,19,7635.000000,20,7636.000000,10,7637.000000,29,7638.000000,34,7639.000000,81,7640.000000,134,7636.000000
ag2408,,13:40:42.500#,7618.000000,7708.000000,7574.000000,8596.000000,7033.000000,674656,194039.000000,7630.000000,84,7631.000000,127,7632.000000,44,7633.000000,30,7634.000000,19,7635.000000,30,7636.000000,11,7637.000000,29,7638.000000,34,7639.000000,81,7635.000000
ag2408,,13:40:43.0#,7618.000000,7708.000000,7574.000000,8596.000000,7033.000000,674657,194038.000000,7630.000000,92,7631.000000,105,7632.000000,28,7633.000000,29,7634.000000,20,7635.000000,30,7636.000000,11,7637.000000,29,7638.000000,34,7639.000000,136,7634.000000
ag2408,,13:40:43.500#,7618.000000,7708.000000,7574.000000,8596.000000,7033.000000,674679,194036.000000,7630.000000,115,7631.000000,68,7632.000000,27,7633.000000,29,7634.000000,4,7635.000000,38,7636.000000,11,7637.000000,29,7638.000000,65,7639.000000,126,7634.000000
ag2408,,13:40:44.0#,7618.000000,7708.000000,7574.000000,8596.000000,7033.000000,674694,194043.000000,7629.000000,78,7630.000000,109,7631.000000,53,7632.000000,27,7633.000000,29,7634.000000,3,7635.000000,38,7636.000000,11,7637.000000,29,7638.000000,65,7635.000000
ag2408,,13:40:44.500#,7618.000000,7708.000000,7574.000000,8596.000000,7033.000000,674701,194044.000000,7630.000000,99,7631.000000,52,7632.000000,27,7633.000000,32,7634.000000,24,7635.000000,36,7636.000000,6,7637.000000,28,7638.000000,106,7639.000000,114,7634.000000
ag2408,,13:40:45.0#,7618.000000,7708.000000,7574.000000,8596.000000,7033.000000,674701,194044.000000,7630.000000,130,7631.000000,52,7632.000000,27,7633.000000,31,7634.000000,26,7635.000000,36,7636.000000,6,7637.000000,28,7638.000000,66,7639.000000,140,7634.000000
ag2408,,13:40:45.500#,7618.000000,7708.000000,7574.000000,8596.000000,7033.000000,674705,194043.000000,7630.000000,115,7631.000000,67,7632.000000,27,7633.000000,35,7634.000000,27,7635.000000,33,7636.000000,6,7637.000000,28,7638.000000,51,7639.000000,155,7635.000000
ag2408,,13:40:46.0#,7618.000000,7708.000000,7574.000000,8596.000000,7033.000000,674740,194031.000000,7631.000000,67,7632.000000,27,7633.000000,33,7634.000000,23,7635.000000,25,7636.000000,5,7637.000000,27,7638.000000,51,7639.000000,155,7640.000000,121,7636.000000
ag2408,,13:40:46.500#,7618.000000,7708.000000,7574.000000,8596.000000,7033.000000,674741,194032.000000,7631.000000,122,7632.000000,28,7633.000000,33,7634.000000,21,7635.000000,29,7636.000000,3,7637.000000,61,7638.000000,34,7639.000000,104,7640.000000,115,7636.000000
ag2408,,13:40:47.0#,7618.000000,7708.000000,7574.000000,8596.000000,7033.000000,674742,194031.000000,7631.000000,128,7632.000000,43,7633.000000,35,7634.000000,21,7635.000000,28,7636.000000,1,7637.000000,61,7638.000000,34,7639.000000,90,7640.000000,139,7635.000000
ag2408,,13:40:47.500#,7618.000000,7708.000000,7574.000000,8596.000000,7033.000000,674743,194031.000000,7632.000000,59,7633.000000,35,7634.000000,28,7635.000000,29,7636.000000,3,7637.000000,61,7638.000000,33,7639.000000,68,7640.000000,162,7641.000000,65,7636.000000
ag2408,,13:40:48.0#,7618.000000,7708.000000,7574.000000,8596.000000,7033.000000,674748,194029.000000,7632.000000,99,7633.000000,35,7634.000000,28,7635.000000,29,7636.000000,3,7637.000000,53,7638.000000,34,7639.000000,81,7640.000000,123,7641.000000,76,7636.000000
ag2408,,13:40:48.500#,7618.000000,7708.000000,7574.000000,8596.000000,7033.000000,674750,194028.000000,7632.000000,91,7633.000000,35,7634.000000,28,7635.000000,28,7636.000000,10,7637.000000,48,7638.000000,32,7639.000000,68,7640.000000,128,7641.000000,76,7636.000000
ag2408,,13:40:49.0#,7618.000000,7708.000000,7574.000000,8596.000000,7033.000000,674751,194028.000000,7632.000000,100,7633.000000,35,7634.000000,28,7635.000000,29,7636.000000,13,7637.000000,48,7638.000000,35,7639.000000,68,7640.000000,130,7641.000000,82,7636.000000
ag2408,,13:40:49.500#,7618.000000,7708.000000,7574.000000,8596.000000,7033.000000,674756,194024.000000,7632.000000,106,7633.000000,35,7634.000000,28,7635.000000,29,7636.000000,10,7637.000000,50,7638.000000,35,7639.000000,68,7640.000000,115,7641.000000,82,7636.000000
ag2408,,13:40:50.0#,7618.000000,7708.000000,7574.000000,8596.000000,7033.000000,674758,194023.000000,7632.000000,121,7633.000000,36,7634.000000,28,7635.000000,29,7636.000000,1,7637.000000,50,7638.000000,35,7639.000000,68,7640.000000,115,7641.000000,97,7636.000000
ag2408,,13:40:50.500#,7618.000000,7708.000000,7574.000000,8596.000000,7033.000000,674764,194027.000000,7631.000000,101,7632.000000,115,7633.000000,36,7634.000000,28,7635.000000,29,7636.000000,1,7637.000000,49,7638.000000,34,7639.000000,68,7640.000000,121,7636.000000
ag2408,,13:40:51.0#,7618.000000,7708.000000,7574.000000,8596.000000,7033.000000,674764,194027.000000,7631.000000,112,7632.000000,90,7633.000000,36,7634.000000,27,7635.000000,117,7636.000000,1,7637.000000,49,7638.000000,35,7639.000000,68,7640.000000,147,7636.000000
ag2408,,13:40:51.500#,7618.000000,7708.000000,7574.000000,8596.000000,7033.000000,674769,194026.000000,7632.000000,88,7633.000000,51,7634.000000,27,7635.000000,106,7636.000000,7,7637.000000,45,7638.000000,35,7639.000000,52,7640.000000,164,7641.000000,94,7637.000000
ag2408,,13:40:52.0#,7618.000000,7708.000000,7574.000000,8596.000000,7033.000000,674770,194027.000000,7632.000000,99,7633.000000,47,7634.000000,27,7635.000000,74,7636.000000,52,7637.000000,43,7638.000000,35,7639.000000,52,7640.000000,124,7641.000000,90,7636.000000
ag2408,,13:40:52.500#,7618.000000,7708.000000,7574.000000,8596.000000,7033.000000,674774,194026.000000,7632.000000,111,7633.000000,75,7634.000000,31,7635.000000,72,7636.000000,55,7637.000000,40,7638.000000,35,7639.000000,52,7640.000000,103,7641.000000,96,7636.000000
ag2408,,13:40:53.0#,7618.000000,7708.000000,7574.000000,8596.000000,7033.000000,674810,194028.000000,7632.000000,126,7633.000000,60,7634.000000,46,7635.000000,72,7636.000000,54,7637.000000,10,7638.000000,36,7639.000000,53,7640.000000,88,7641.000000,126,7636.000000
ag2408,,13:40:53.500#,7618.000000,7708.000000,7574.000000,8596.000000,7033.000000,674821,194030.000000,7633.000000,60,7634.000000,46,7635.000000,77,7636.000000,52,7637.000000,25,7638.000000,36,7639.000000,53,7640.000000,79,7641.000000,135,7642.000000,90,7637.000000
ag2408,,13:40:54.0#,7618.000000,7708.000000,7574.000000,8596.000000,7033.000000,674825,194030.000000,7633.000000,102,7634.000000,55,7635.000000,77,7636.000000,16,7637.000000,40,7638.000000,34,7639.000000,53,7640.000000,77,7641.000000,55,7642.000000,128,7638.000000
ag2408,,13:40:54.500#,7618.000000,7708.000000,7574.000000,8596.000000,7033.000000,674835,194034.000000,7633.000000,141,7634.000000,46,7635.000000,77,7636.000000,17,7637.000000,29,7638.000000,32,7639.000000,56,7640.000000,77,7641.000000,55,7642.000000,113,7637.000000
ag2408,,13:40:55.0#,7618.000000,7708.000000,7574.000000,8596.000000,7033.000000,674838,194035.000000,7633.000000,131,7634.000000,43,7635.000000,25,7636.000000,17,7637.000000,80,7638.000000,30,7639.000000,56,7640.000000,77,7641.000000,55,7642.000000,143,7638.000000
ag2408,,13:40:55.500#,7618.000000,7708.000000,7574.000000,8596.000000,7033.000000,674842,194033.000000,7633.000000,131,7634.000000,43,7635.000000,25,7636.000000,17,7637.000000,77,7638.000000,28,7639.000000,56,7640.000000,77,7641.000000,55,7642.000000,113,7637.000000
ag2408,,13:40:56.0#,7618.000000,7708.000000,7574.000000,8596.000000,7033.000000,674842,194033.000000,7633.000000,116,7634.000000,58,7635.000000,25,7636.000000,15,7637.000000,81,7638.000000,25,7639.000000,56,7640.000000,79,7641.000000,40,7642.000000,128,7637.000000
ag2408,,13:40:56.500#,7618.000000,7708.000000,7574.000000,8596.000000,7033.000000,674857,194023.000000,7633.000000,107,7634.000000,58,7635.000000,25,7636.000000,15,7637.000000,77,7638.000000,16,7639.000000,56,7640.000000,79,7641.000000,31,7642.000000,128,7638.000000
ag2408,,13:40:57.0#,7618.000000,7708.000000,7574.000000,8596.000000,7033.000000,674861,194026.000000,7633.000000,116,7634.000000,58,7635.000000,25,7636.000000,15,7637.000000,75,7638.000000,12,7639.000000,59,7640.000000,79,7641.000000,31,7642.000000,137,7638.000000
ag2408,,13:40:57.500#,7618.000000,7708.000000,7574.000000,8596.000000,7033.000000,674878,194032.000000,7633.000000,116,7634.000000,58,7635.000000,25,7636.000000,15,7637.000000,64,7638.000000,6,7639.000000,59,7640.000000,79,7641.000000,31,7642.000000,130,7637.000000
ag2408,,13:40:58.0#,7618.000000,7708.000000,7574.000000,8596.000000,7033.000000,674884,194034.000000,7633.000000,116,7634.000000,58,7635.000000,25,7636.000000,15,7637.000000,64,7638.000000,14,7639.000000,59,7640.000000,79,7641.000000,31,7642.000000,130,7638.000000
ag2408,,13:40:58.500#,7618.000000,7708.000000,7574.000000,8596.000000,7033.000000,674885,194034.000000,7633.000000,116,7634.000000,58,7635.000000,25,7636.000000,15,7637.000000,63,7638.000000,14,7639.000000,59,7640.000000,79,7641.000000,31,7642.000000,136,7637.000000
ag2408,,13:40:59.0#,7618.000000,7708.000000,7574.000000,8596.000000,7033.000000,674900,194025.000000,7633.000000,116,7634.000000,58,7635.000000,25,7636.000000,15,7637.000000,48,7638.000000,23,7639.000000,59,7640.000000,79,7641.000000,31,7642.000000,136,7637.000000
ag2408,,13:40:59.500#,7618.000000,7708.000000,7574.000000,8596.000000,7033.000000,674914,194019.000000,7633.000000,146,7634.000000,28,7635.000000,25,7636.000000,15,7637.000000,34,7638.000000,23,7639.000000,59,7640.000000,97,7641.000000,40,7642.000000,112,7637.000000
ag2408,,13:41:00.0#,7618.000000,7708.000000,7574.000000,8596.000000,7033.000000,674920,194015.000000,7633.000000,132,7634.000000,28,7635.000000,25,7636.000000,15,7637.000000,34,7638.000000,27,7639.000000,59,7640.000000,98,7641.000000,54,7642.000000,98,7638.000000
ag2408,,13:41:00.500#,7618.000000,7708.000000,7574.000000,8596.000000,7033.000000,674932,194013.000000,7633.000000,132,7634.000000,28,7635.000000,25,7636.000000,15,7637.000000,42,7638.000000,26,7639.000000,59,7640.000000,99,7641.000000,54,7642.000000,98,7637.000000
ag2408,,13:41:01.0#,7618.000000,7708.000000,7574.000000,8596.000000,7033.000000,674959,193991.000000,7633.000000,132,7634.000000,28,7635.000000,25,7636.000000,15,7637.000000,18,7638.000000,24,7639.000000,60,7640.000000,99,7641.000000,54,7642.000000,98,7637.000000
ag2408,,13:41:01.500#,7618.000000,7708.000000,7574.000000,8596.000000,7033.000000,674959,193991.000000,7633.000000,117,7634.000000,29,7635.000000,25,7636.000000,15,7637.000000,6,7638.000000,26,7639.000000,60,7640.000000,99,7641.000000,54,7642.000000,128,7637.000000
ag2408,,13:41:02.0#,7618.000000,7708.000000,7574.000000,8596.000000,7033.000000,674961,193989.000000,7633.000000,102,7634.000000,29,7635.000000,25,7636.000000,15,7637.000000,34,7638.000000,25,7639.000000,60,7640.000000,100,7641.000000,45,7642.000000,128,7638.000000
ag2408,,13:41:02.500#,7618.000000,7708.000000,7574.000000,8596.000000,7033.000000,674963,193990.000000,7633.000000,117,7634.000000,44,7635.000000,25,7636.000000,15,7637.000000,35,7638.000000,23,7639.000000,60,7640.000000,100,7641.000000,39,7642.000000,113,7637.000000
ag2408,,13:41:03.0#,7618.000000,7708.000000,7574.000000,8596.000000,7033.000000,674964,193989.000000,7633.000000,117,7634.000000,44,7635.000000,25,7636.000000,15,7637.000000,35,7638.000000,22,7639.000000,60,7640.000000,100,7641.000000,39,7642.000000,113,7638.000000
ag2408,,13:41:03.500#,7618.000000,7708.000000,7574.000000,8596.000000,7033.000000,674966,193988.000000,7633.000000,117,7634.000000,44,7635.000000,25,7636.000000,15,7637.000000,34,7638.000000,25,7639.000000,61,7640.000000,101,7641.000000,39,7642.000000,113,7637.000000
ag2408,,13:41:04.0#,7618.000000,7708.000000,7574.000000,8596.000000,7033.000000,674993,193985.000000,7634.000000,45,7635.000000,25,7636.000000,14,7637.000000,30,7638.000000,3,7639.000000,61,7640.000000,99,7641.000000,39,7642.000000,113,7643.000000,102,7638.000000
ag2408,,13:41:04.500#,7618.000000,7708.000000,7574.000000,8596.000000,7033.000000,675005,193983.000000,7633.000000,91,7634.000000,70,7635.000000,26,7636.000000,19,7637.000000,29,7638.000000,17,7639.000000,61,7640.000000,98,7641.000000,30,7642.000000,91,7638.000000
ag2408,,13:41:05.0#,7618.000000,7708.000000,7574.000000,8596.000000,7033.000000,675021,193979.000000,7633.000000,117,7634.000000,45,7635.000000,27,7636.000000,19,7637.000000,13,7638.000000,34,7639.000000,60,7640.000000,98,7641.000000,39,7642.000000,113,7637.000000
ag2408,,13:41:05.500#,7618.000000,7708.000000,7574.000000,8596.000000,7033.000000,675038,193967.000000,7632.000000,101,7633.000000,102,7634.000000,30,7635.000000,26,7636.000000,18,7637.000000,160,7638.000000,34,7639.000000,60,7640.000000,98,7641.000000,54,7637.000000
ag2408,,13:41:06.0#,7618.000000,7708.000000,7574.000000,8596.000000,7033.000000,675061,193972.000000,7631.000000,110,7632.000000,89,7633.000000,40,7634.000000,29,7635.000000,19,7636.000000,131,7637.000000,159,7638.000000,37,7639.000000,76,7640.000000,111,7635.000000
ag2408,,13:41:06.500#,7618.000000,7708.000000,7574.000000,8596.000000,7033.000000,675090,193973.000000,7630.000000,120,7631.000000,99,7632.000000,31,7633.000000,25,7634.000000,22,7635.000000,29,7636.000000,106,7637.000000,139,7638.000000,52,7639.000000,86,7635.000000
ag2408,,13:41:07.0#,7618.000000,7708.000000,7574.000000,8596.000000,7033.000000,675093,193976.000000,7630.000000,96,7631.000000,67,7632.000000,30,7633.000000,24,7634.000000,28,7635.000000,28,7636.000000,78,7637.000000,138,7638.000000,51,7639.000000,119,7634.000000
ag2408,,13:41:07.500#,7618.000000,7708.000000,7574.000000,8596.000000,7033.000000,675125,193978.000000,7631.000000,67,7632.000000,30,7633.000000,24,7634.000000,31,7635.000000,19,7636.000000,74,7637.000000,139,7638.000000,57,7639.000000,111,7640.000000,128,7636.000000
ag2408,,13:41:08.0#,7618.000000,7708.000000,7574.000000,8596.000000,7033.000000,675140,193987.000000,7631.000000,122,7632.000000,30,7633.000000,24,7634.000000,24,7635.000000,18,7636.000000,44,7637.000000,104,7638.000000,65,7639.000000,83,7640.000000,151,7635.000000
ag2408,,13:41:08.500#,7618.000000,7708.000000,7574.000000,8596.000000,7033.000000,675186,194023.000000,7632.000000,31,7633.000000,39,7634.000000,25,7635.000000,20,7636.000000,25,7637.000000,67,7638.000000,52,7639.000000,82,7640.000000,151,7641.000000,60,7636.000000
ag2408,,13:41:09.0#,7618.000000,7708.000000,7574.000000,8596.000000,7033.000000,675203,194025.000000,7632.000000,72,7633.000000,39,7634.000000,25,7635.000000,10,7636.000000,18,7637.000000,5,7638.000000,36,7639.000000,74,7640.000000,106,7641.000000,69,7636.000000
ag2408,,13:41:09.500#,7618.000000,7708.000000,7574.000000,8596.000000,7033.000000,675209,194030.000000,7633.000000,39,7634.000000,40,7635.000000,10,7636.000000,20,7637.000000,7,7638.000000,36,7639.000000,74,7640.000000,96,7641.000000,54,7642.000000,105,7637.000000
ag2408,,13:41:10.0#,7618.000000,7708.000000,7574.000000,8596.000000,7033.000000,675216,194030.000000,7633.000000,67,7634.000000,40,7635.000000,21,7636.000000,16,7637.000000,16,7638.000000,18,7639.000000,74,7640.000000,95,7641.000000,26,7642.000000,113,7637.000000
ag2408,,13:41:10.500#,7618.000000,7708.000000,7574.000000,8596.000000,7033.000000,675220,194028.000000,7633.000000,89,7634.000000,40,7635.000000,24,7636.000000,17,7637.000000,16,7638.000000,16,7639.000000,58,7640.000000,97,7641.000000,31,7642.000000,128,7637.000000
ag2408,,13:41:11.0#,7618.000000,7708.000000,7574.000000,8596.000000,7033.000000,675224,194027.000000,7633.000000,98,7634.000000,40,7635.000000,25,7636.000000,17,7637.000000,13,7638.000000,16,7639.000000,58,7640.000000,97,7641.000000,40,7642.000000,98,7637.000000
ag2408,,13:41:11.500#,7618.000000,7708.000000,7574.000000,8596.000000,7033.000000,675224,194027.000000,7633.000000,89,7634.000000,40,7635.000000,25,7636.000000,17,7637.000000,13,7638.000000,28,7639.000000,59,7640.000000,97,7641.000000,31,7642.000000,143,7637.000000
ag2408,,13:41:12.0#,7618.000000,7708.000000,7574.000000,8596.000000,7033.000000,675236,194019.000000,7633.000000,98,7634.000000,40,7635.000000,25,7636.000000,17,7637.000000,5,7638.000000,26,7639.000000,59,7640.000000,97,7641.000000,40,7642.000000,143,7637.000000
ag2408,,13:41:12.500#,7618.000000,7708.000000,7574.000000,8596.000000,7033.000000,675240,194022.000000,7633.000000,89,7634.000000,40,7635.000000,26,7636.000000,17,7637.000000,13,7638.000000,26,7639.000000,59,7640.000000,99,7641.000000,31,7642.000000,158,7637.000000
ag2408,,13:41:13.0#,7618.000000,7708.000000,7574.000000,8596.000000,7033.000000,675243,194020.000000,7633.000000,99,7634.000000,47,7635.000000,26,7636.000000,17,7637.000000,13,7638.000000,19,7639.000000,59,7640.000000,100,7641.000000,40,7642.000000,146,7637.000000
ag2408,,13:41:13.500#,7618.000000,7708.000000,7574.000000,8596.000000,7033.000000,675245,194021.000000,7633.000000,105,7634.000000,47,7635.000000,36,7636.000000,17,7637.000000,14,7638.000000,18,7639.000000,59,7640.000000,100,7641.000000,40,7642.000000,146,7637.000000
ag2408,,13:41:14.0#,7618.000000,7708.000000,7574.000000,8596.000000,7033.000000,675256,194020.000000,7633.000000,105,7634.000000,47,7635.000000,48,7636.000000,17,7637.000000,4,7638.000000,20,7639.000000,58,7640.000000,101,7641.000000,40,7642.000000,146,7637.000000
ag2408,,13:41:14.500#,7618.000000,7708.000000,7574.000000,8596.000000,7033.000000,675258,194022.000000,7633.000000,105,7634.000000,47,7635.000000,49,7636.000000,12,7637.000000,2,7638.000000,22,7639.000000,58,7640.000000,101,7641.000000,40,7642.000000,161,7638.000000
ag2408,,13:41:15.0#,7618.000000,7708.000000,7574.000000,8596.000000,7033.000000,675262,194021.000000,7633.000000,99,7634.000000,48,7635.000000,49,7636.000000,12,7637.000000,2,7638.000000,25,7639.000000,58,7640.000000,101,7641.000000,46,7642.000000,155,7637.000000
ag2408,,13:41:15.500#,7618.000000,7708.000000,7574.000000,8596.000000,7033.000000,675264,194020.000000,7632.000000,129,7633.000000,103,7634.000000,48,7635.000000,49,7636.000000,12,7637.000000,1,7638.000000,27,7639.000000,58,7640.000000,101,7641.000000,46,7637.000000
ag2408,,13:41:16.0#,7618.000000,7708.000000,7574.000000,8596.000000,7033.000000,675266,194022.000000,7633.000000,91,7634.000000,49,7635.000000,49,7636.000000,21,7637.000000,2,7638.000000,27,7639.000000,58,7640.000000,101,7641.000000,58,7642.000000,158,7637.000000
ag2408,,13:41:16.500#,7618.000000,7708.000000,7574.000000,8596.000000,7033.000000,675268,194024.000000,7632.000000,128,7633.000000,103,7634.000000,48,7635.000000,49,7636.000000,21,7637.000000,7,7638.000000,32,7639.000000,58,7640.000000,102,7641.000000,46,7637.000000
ag2408,,13:41:17.0#,7618.000000,7708.000000,7574.000000,8596.000000,7033.000000,675268,194024.000000,7632.000000,145,7633.000000,72,7634.000000,48,7635.000000,48,7636.000000,21,7637.000000,7,7638.000000,34,7639.000000,58,7640.000000,111,7641.000000,68,7637.000000
ag2408,,13:41:17.500#,7618.000000,7708.000000,7574.000000,8596.000000,7033.000000,675269,194025.000000,7632.000000,154,7633.000000,63,7634.000000,48,7635.000000,48,7636.000000,19,7637.000000,6,7638.000000,34,7639.000000,60,7640.000000,111,7641.000000,68,7637.000000
ag2408,,13:41:18.0#,7618.000000,7708.000000,7574.000000,8596.000000,7033.000000,675271,194025.000000,7632.000000,154,7633.000000,63,7634.000000,48,7635.000000,48,7636.000000,19,7637.000000,9,7638.000000,34,7639.000000,60,7640.000000,111,7641.000000,68,7637.000000
ag2408,,13:41:18.500#,7618.000000,7708.000000,7574.000000,8596.000000,7033.000000,675274,194025.000000,7632.000000,154,7633.000000,63,7634.000000,48,7635.000000,48,7636.000000,18,7637.000000,1,7638.000000,34,7639.000000,60,7640.000000,111,7641.000000,68,7637.000000
ag2408,,13:41:19.0#,7618.000000,7708.000000,7574.000000,8596.000000,7033.000000,675275,194024.000000,7632.000000,153,7633.000000,78,7634.000000,33,7635.000000,48,7636.000000,17,7637.000000,3,7638.000000,34,7639.000000,61,7640.000000,111,7641.000000,77,7636.000000
ag2408,,13:41:19.500#,7618.000000,7708.000000,7574.000000,8596.000000,7033.000000,675278,194024.000000,7632.000000,138,7633.000000,78,7634.000000,33,7635.000000,48,7636.000000,17,7637.000000,2,7638.000000,35,7639.000000,61,7640.000000,111,7641.000000,69,7637.000000
ag2408,,13:41:20.0#,7618.000000,7708.000000,7574.000000,8596.000000,7033.000000,675281,194022.000000,7632.000000,153,7633.000000,77,7634.000000,33,7635.000000,68,7636.000000,16,7637.000000,1,7638.000000,35,7639.000000,61,7640.000000,111,7641.000000,78,7636.000000
ag2408,,13:41:20.500#,7618.000000,7708.000000,7574.000000,8596.000000,7033.000000,675286,194023.000000,7632.000000,144,7633.000000,86,7634.000000,30,7635.000000,68,7636.000000,14,7637.000000,10,7638.000000,35,7639.000000,60,7640.000000,111,7641.000000,78,7636.000000
ag2408,,13:41:21.0#,7618.000000,7708.000000,7574.000000,8596.000000,7033.000000,675287,194024.000000,7632.000000,144,7633.000000,62,7634.000000,30,7635.000000,68,7636.000000,8,7637.000000,11,7638.000000,34,7639.000000,60,7640.000000,102,7641.000000,84,7637.000000
ag2408,,13:41:21.500#,7618.000000,7708.000000,7574.000000,8596.000000,7033.000000,675291,194020.000000,7632.000000,153,7633.000000,62,7634.000000,30,7635.000000,68,7636.000000,23,7637.000000,7,7638.000000,34,7639.000000,60,7640.000000,111,7641.000000,114,7637.000000
ag2408,,13:41:22.0#,7618.000000,7708.000000,7574.000000,8596.000000,7033.000000,675294,194020.000000,7632.000000,168,7633.000000,62,7634.000000,30,7635.000000,68,7636.000000,22,7637.000000,3,7638.000000,35,7639.000000,61,7640.000000,111,7641.000000,114,7636.000000
ag2408,,13:41:22.500#,7618.000000,7708.000000,7574.000000,8596.000000,7033.000000,675301,194024.000000,7632.000000,168,7633.000000,62,7634.000000,30,7635.000000,68,7636.000000,17,7637.000000,2,7638.000000,35,7639.000000,61,7640.000000,114,7641.000000,108,7636.000000
ag2408,,13:41:23.0#,7618.000000,7708.000000,7574.000000,8596.000000,7033.000000,675301,194024.000000,7632.000000,168,7633.000000,62,7634.000000,30,7635.000000,68,7636.000000,17,7637.000000,4,7638.000000,35,7639.000000,61,7640.000000,114,7641.000000,108,7636.000000
ag2408,,13:41:23.500#,7618.000000,7708.000000,7574.000000,8596.000000,7033.000000,675308,194031.000000,7632.000000,169,7633.000000,62,7634.000000,30,7635.000000,68,7636.000000,6,7637.000000,2,7638.000000,37,7639.000000,60,7640.000000,114,7641.000000,114,7636.000000
ag2408,,13:41:24.0#,7618.000000,7708.000000,7574.000000,8596.000000,7033.000000,675310,194030.000000,7632.000000,169,7633.000000,62,7634.000000,30,7635.000000,68,7636.000000,7,7637.000000,16,7638.000000,37,7639.000000,59,7640.000000,114,7641.000000,114,7637.000000
ag2408,,13:41:24.500#,7618.000000,7708.000000,7574.000000,8596.000000,7033.000000,675316,194031.000000,7632.000000,154,7633.000000,62,7634.000000,30,7635.000000,68,7636.000000,2,7637.000000,16,7638.000000,38,7639.000000,59,7640.000000,114,7641.000000,129,7637.000000
ag2408,,13:41:25.0#,7618.000000,7708.000000,7574.000000,8596.000000,7033.000000,675320,194033.000000,7632.000000,148,7633.000000,47,7634.000000,45,7635.000000,68,7636.000000,7,7637.000000,9,7638.000000,38,7639.000000,58,7640.000000,120,7641.000000,108,7636.000000
ag2408,,13:41:25.500#,7618.000000,7708.000000,7574.000000,8596.000000,7033.000000,675324,194034.000000,7632.000000,139,7633.000000,62,7634.000000,30,7635.000000,68,7636.000000,18,7637.000000,5,7638.000000,39,7639.000000,58,7640.000000,114,7641.000000,114,7637.000000
ag2408,,13:41:26.0#,7618.000000,7708.000000,7574.000000,8596.000000,7033.000000,675328,194032.000000,7633.000000,62,7634.000000,30,7635.000000,68,7636.000000,21,7637.000000,4,7638.000000,40,7639.000000,62,7640.000000,113,7641.000000,114,7642.000000,128,7637.000000
ag2408,,13:41:26.500#,7618.000000,7708.000000,7574.000000,8596.000000,7033.000000,675332,194028.000000,7632.000000,143,7633.000000,102,7634.000000,30,7635.000000,68,7636.000000,22,7637.000000,38,7638.000000,43,7639.000000,62,7640.000000,104,7641.000000,77,7637.000000
ag2408,,13:41:27.0#,7618.000000,7708.000000,7574.000000,8596.000000,7033.000000,675333,194029.000000,7632.000000,145,7633.000000,71,7634.000000,30,7635.000000,68,7636.000000,13,7637.000000,37,7638.000000,43,7639.000000,62,7640.000000,113,7641.000000,129,7637.000000
ag2408,,13:41:27.500#,7618.000000,7708.000000,7574.000000,8596.000000,7033.000000,675370,194027.000000,7633.000000,62,7634.000000,30,7635.000000,68,7636.000000,10,7637.000000,4,7638.000000,44,7639.000000,62,7640.000000,113,7641.000000,129,7642.000000,113,7637.000000
ag2408,,13:41:28.0#,7618.000000,7708.000000,7574.000000,8596.000000,7033.000000,675396,194017.000000,7633.000000,92,7634.000000,30,7635.000000,68,7636.000000,9,7637.000000,1,7638.000000,28,7639.000000,65,7640.000000,117,7641.000000,33,7642.000000,145,7638.000000
ag2408,,13:41:28.500#,7618.000000,7708.000000,7574.000000,8596.000000,7033.000000,675419,194005.000000,7633.000000,93,7634.000000,30,7635.000000,68,7636.000000,9,7637.000000,3,7638.000000,7,7639.000000,63,7640.000000,104,7641.000000,62,7642.000000,145,7638.000000
ag2408,,13:41:29.0#,7618.000000,7708.000000,7574.000000,8596.000000,7033.000000,675443,193995.000000,7632.000000,136,7633.000000,93,7634.000000,31,7635.000000,68,7636.000000,9,7637.000000,3,7638.000000,13,7639.000000,63,7640.000000,104,7641.000000,62,7637.000000
ag2408,,13:41:29.500#,7618.000000,7708.000000,7574.000000,8596.000000,7033.000000,675454,193994.000000,7633.000000,69,7634.000000,31,7635.000000,68,7636.000000,18,7637.000000,12,7638.000000,14,7639.000000,63,7640.000000,128,7641.000000,81,7642.000000,142,7637.000000
ag2408,,13:41:30.0#,7618.000000,7708.000000,7574.000000,8596.000000,7033.000000,675478,193977.000000,7633.000000,108,7634.000000,30,7635.000000,68,7636.000000,18,7637.000000,3,7638.000000,4,7639.000000,63,7640.000000,114,7641.000000,57,7642.000000,136,7637.000000
ag2408,,13:41:30.500#,7618.000000,7708.000000,7574.000000,8596.000000,7033.000000,675494,193976.000000,7633.000000,93,7634.000000,45,7635.000000,70,7636.000000,17,7637.000000,5,7639.000000,63,7640.000000,114,7641.000000,56,7642.000000,151,7643.000000,72,7637.000000
ag2408,,13:41:31.0#,7618.000000,7708.000000,7574.000000,8596.000000,7033.000000,675505,193965.000000,7633.000000,108,7634.000000,30,7635.000000,70,7636.000000,17,7637.000000,4,7638.000000,35,7639.000000,64,7640.000000,128,7641.000000,31,7642.000000,115,7637.000000
ag2408,,13:41:31.500#,7618.000000,7708.000000,7574.000000,8596.000000,7033.000000,675506,193966.000000,7632.000000,142,7633.000000,87,7634.000000,45,7635.000000,70,7636.000000,17,7637.000000,2,7638.000000,34,7639.000000,63,7640.000000,113,7641.000000,61,7637.000000
ag2408,,13:41:32.0#,7618.000000,7708.000000,7574.000000,8596.000000,7033.000000,675526,193968.000000,7633.000000,77,7634.000000,30,7635.000000,70,7636.000000,43,7637.000000,5,7638.000000,16,7639.000000,63,7640.000000,121,7641.000000,77,7642.000000,149,7638.000000
ag2408,,13:41:32.500#,7618.000000,7708.000000,7574.000000,8596.000000,7033.000000,675530,193968.000000,7633.000000,93,7634.000000,45,7635.000000,70,7636.000000,43,7637.000000,1,7638.000000,16,7639.000000,63,7640.000000,97,7641.000000,85,7642.000000,136,7637.000000
ag2408,,13:41:33.0#,7618.000000,7708.000000,7574.000000,8596.000000,7033.000000,675533,193968.000000,7633.000000,72,7634.000000,60,7635.000000,70,7636.000000,41,7637.000000,4,7638.000000,12,7639.000000,63,7640.000000,97,7641.000000,76,7642.000000,145,7637.000000
ag2408,,13:41:33.500#,7618.000000,7708.000000,7574.000000,8596.000000,7033.000000,675541,193969.000000,7633.000000,78,7634.000000,60,7635.000000,70,7636.000000,45,7637.000000,2,7638.000000,14,7639.000000,63,7640.000000,97,7641.000000,55,7642.000000,151,7637.000000
ag2408,,13:41:34.0#,7618.000000,7708.000000,7574.000000,8596.000000,7033.000000,675544,193969.000000,7633.000000,93,7634.000000,60,7635.000000,71,7636.000000,45,7637.000000,4,7638.000000,26,7639.000000,63,7640.000000,97,7641.000000,55,7642.000000,167,7637.000000
ag2408,,13:41:34.500#,7618.000000,7708.000000,7574.000000,8596.000000,7033.000000,675553,193968.000000,7633.000000,87,7634.000000,60,7635.000000,71,7636.000000,45,7637.000000,1,7638.000000,25,7639.000000,63,7640.000000,98,7641.000000,61,7642.000000,161,7637.000000
ag2408,,13:41:35.0#,7618.000000,7708.000000,7574.000000,8596.000000,7033.000000,675555,193966.000000,7632.000000,143,7633.000000,87,7634.000000,64,7635.000000,72,7636.000000,45,7637.000000,3,7638.000000,28,7639.000000,63,7640.000000,98,7641.000000,61,7637.000000
ag2408,,13:41:35.500#,7618.000000,7708.000000,7574.000000,8596.000000,7033.000000,675559,193965.000000,7632.000000,140,7633.000000,90,7634.000000,50,7635.000000,73,7636.000000,36,7637.000000,8,7638.000000,29,7639.000000,63,7640.000000,106,7641.000000,79,7637.000000
ag2408,,13:41:36.0#,7618.000000,7708.000000,7574.000000,8596.000000,7033.000000,675559,193965.000000,7632.000000,131,7633.000000,69,7634.000000,50,7635.000000,73,7636.000000,14,7637.000000,15,7638.000000,29,7639.000000,63,7640.000000,106,7641.000000,85,7637.000000
ag2408,,13:41:36.500#,7618.000000,7708.000000,7574.000000,8596.000000,7033.000000,675574,193961.000000,7631.000000,98,7632.000000,146,7633.000000,71,7634.000000,34,7635.000000,73,7637.000000,23,7638.000000,29,7639.000000,62,7640.000000,125,7641.000000,113,7637.000000
ag2408,,13:41:37.0#,7618.000000,7708.000000,7574.000000,8596.000000,7033.000000,675576,193962.000000,7631.000000,99,7632.000000,155,7633.000000,61,7634.000000,34,7635.000000,69,7636.000000,13,7637.000000,26,7638.000000,30,7639.000000,63,7640.000000,139,7637.000000
ag2408,,13:41:37.500#,7618.000000,7708.000000,7574.000000,8596.000000,7033.000000,675590,193961.000000,7631.000000,116,7632.000000,94,7633.000000,46,7634.000000,34,7635.000000,70,7636.000000,14,7637.000000,26,7638.000000,30,7639.000000,64,7640.000000,163,7636.000000
ag2408,,13:41:38.0#,7618.000000,7708.000000,7574.000000,8596.000000,7033.000000,675593,193962.000000,7632.000000,79,7633.000000,61,7634.000000,34,7635.000000,72,7636.000000,26,7637.000000,29,7638.000000,30,7639.000000,64,7640.000000,163,7641.000000,105,7637.000000
ag2408,,13:41:38.500#,7618.000000,7708.000000,7574.000000,8596.000000,7033.000000,675606,193970.000000,7632.000000,116,7633.000000,66,7634.000000,34,7635.000000,72,7636.000000,22,7638.000000,30,7639.000000,62,7640.000000,126,7641.000000,113,7642.000000,114,7637.000000
ag2408,,13:41:39.0#,7618.000000,7708.000000,7574.000000,8596.000000,7033.000000,675607,193969.000000,7633.000000,81,7634.000000,34,7635.000000,72,7636.000000,30,7637.000000,6,7638.000000,25,7639.000000,62,7640.000000,116,7641.000000,108,7642.000000,145,7637.000000
ag2408,,13:41:39.500#,7618.000000,7708.000000,7574.000000,8596.000000,7033.000000,675632,193954.000000,7634.000000,49,7635.000000,72,7636.000000,30,7637.000000,9,7638.000000,13,7639.000000,62,7640.000000,102,7641.000000,71,7642.000000,153,7643.000000,73,7638.000000
ag2408,,13:41:40.0#,7618.000000,7708.000000,7574.000000,8596.000000,7033.000000,675635,193953.000000,7634.000000,88,7635.000000,73,7636.000000,26,7637.000000,13,7638.000000,13,7639.000000,62,7640.000000,101,7641.000000,62,7642.000000,95,7643.000000,111,7638.000000
ag2408,,13:41:40.500#,7618.000000,7708.000000,7574.000000,8596.000000,7033.000000,675637,193951.000000,7634.000000,95,7635.000000,70,7636.000000,29,7637.000000,15,7638.000000,11,7639.000000,63,7640.000000,100,7641.000000,49,7642.000000,109,7643.000000,126,7638.000000
ag2408,,13:41:41.0#,7618.000000,7708.000000,7574.000000,8596.000000,7033.000000,675641,193948.000000,7634.000000,89,7635.000000,70,7636.000000,29,7637.000000,15,7638.000000,7,7639.000000,63,7640.000000,100,7641.000000,49,7642.000000,115,7643.000000,120,7638.000000
ag2408,,13:41:41.500#,7618.000000,7708.000000,7574.000000,8596.000000,7033.000000,675644,193946.000000,7634.000000,103,7635.000000,70,7636.000000,29,7637.000000,15,7638.000000,4,7639.000000,63,7640.000000,101,7641.000000,47,7642.000000,116,7643.000000,120,7638.000000
ag2408,,13:41:42.0#,7618.000000,7708.000000,7574.000000,8596.000000,7033.000000,675646,193944.000000,7634.000000,103,7635.000000,70,7636.000000,29,7637.000000,15,7638.000000,12,7639.000000,63,7640.000000,101,7641.000000,46,7642.000000,116,7643.000000,120,7638.000000
