InstrumentId,ExchangeId,Datetime,OpenPrice,HighestPrice,LowestPrice,UpperLimitPrice,LowerLimitPrice,Volume,OpenInterest,BidPrice5,BidVolume5,BidPrice4,BidVolume4,BidPrice3,BidVolume3,BidPrice2,BidVolume2,BidPrice1,BidVolume1,AskPrice1,AskVolume1,AskPrice2,AskVolume2,AskPrice3,AskVolume3,AskPrice4,AskVolume4,AskPrice5,AskVolume5,LastPrice
ag2410,,13:38:35.0#,7623.0,7725.0,7586.0,8605.0,7040.0,276049,207520.0,7635.0,43,7636.0,72,7637.0,120,7638.0,116,7639.0,43,7640.0,2,7641.0,13,7642.0,16,7643.0,72,7644.0,64,7640.0
ag2410,,13:38:35.500#,7623.0,7725.0,7586.0,8605.0,7040.0,276060,207511.0,7636.0,25,7637.0,124,7638.0,93,7639.0,43,7640.0,1,7641.0,14,7642.0,29,7643.0,42,7644.0,81,7645.0,72,7641.0
ag2410,,13:38:36.0#,7623.0,7725.0,7586.0,8605.0,7040.0,276067,207507.0,7636.0,71,7637.0,103,7638.0,117,7639.0,61,7640.0,16,7641.0,6,7642.0,17,7643.0,63,7644.0,63,7645.0,103,7640.0
ag2410,,13:38:36.500#,7623.0,7725.0,7586.0,8605.0,7040.0,276074,207511.0,7636.0,84,7637.0,85,7638.0,141,7639.0,46,7640.0,33,7642.0,17,7643.0,38,7644.0,57,7645.0,88,7646.0,26,7640.0
ag2410,,13:38:37.0#,7623.0,7725.0,7586.0,8605.0,7040.0,276075,207512.0,7637.0,86,7638.0,137,7639.0,94,7640.0,19,7641.0,3,7642.0,14,7643.0,17,7644.0,73,7645.0,66,7646.0,87,7640.0
ag2410,,13:38:37.500#,7623.0,7725.0,7586.0,8605.0,7040.0,276075,207512.0,7637.0,103,7638.0,123,7639.0,82,7640.0,29,7641.0,3,7642.0,10,7643.0,17,7644.0,71,7645.0,54,7646.0,95,7640.0
ag2410,,13:38:38.0#,7623.0,7725.0,7586.0,8605.0,7040.0,276075,207512.0,7637.0,103,7638.0,127,7639.0,83,7640.0,31,7641.0,7,7642.0,11,7643.0,17,7644.0,72,7645.0,54,7646.0,100,7640.0
ag2410,,13:38:38.500#,7623.0,7725.0,7586.0,8605.0,7040.0,276085,207515.0,7638.0,112,7639.0,68,7640.0,30,7641.0,34,7642.0,24,7643.0,15,7644.0,57,7645.0,39,7646.0,100,7647.0,22,7642.0
ag2410,,13:38:39.0#,7623.0,7725.0,7586.0,8605.0,7040.0,276117,207512.0,7637.0,85,7638.0,138,7639.0,51,7640.0,81,7641.0,36,7642.0,5,7643.0,5,7644.0,20,7645.0,55,7646.0,92,7642.0
ag2410,,13:38:39.500#,7623.0,7725.0,7586.0,8605.0,7040.0,276137,207509.0,7638.0,63,7639.0,97,7640.0,43,7641.0,52,7642.0,44,7644.0,18,7645.0,67,7646.0,52,7647.0,65,7648.0,75,7643.0
ag2410,,13:38:40.0#,7623.0,7725.0,7586.0,8605.0,7040.0,276148,207515.0,7640.0,67,7641.0,36,7642.0,95,7643.0,8,7644.0,2,7645.0,14,7646.0,71,7647.0,26,7648.0,106,7649.0,38,7644.0
ag2410,,13:38:40.500#,7623.0,7725.0,7586.0,8605.0,7040.0,276152,207514.0,7639.0,53,7640.0,76,7641.0,43,7642.0,91,7643.0,18,7644.0,13,7645.0,14,7646.0,27,7647.0,48,7648.0,66,7644.0
ag2410,,13:38:41.0#,7623.0,7725.0,7586.0,8605.0,7040.0,276153,207513.0,7639.0,71,7640.0,27,7641.0,84,7642.0,56,7643.0,18,7644.0,11,7645.0,15,7646.0,47,7647.0,23,7648.0,74,7644.0
ag2410,,13:38:41.500#,7623.0,7725.0,7586.0,8605.0,7040.0,276163,207517.0,7639.0,60,7640.0,47,7641.0,97,7642.0,55,7643.0,2,7644.0,11,7645.0,18,7646.0,50,7647.0,24,7648.0,117,7643.0
ag2410,,13:38:42.0#,7623.0,7725.0,7586.0,8605.0,7040.0,276164,207516.0,7639.0,47,7640.0,61,7641.0,82,7642.0,70,7643.0,2,7644.0,13,7645.0,18,7646.0,66,7647.0,10,7648.0,143,7644.0
ag2410,,13:38:42.500#,7623.0,7725.0,7586.0,8605.0,7040.0,276164,207516.0,7639.0,47,7640.0,62,7641.0,82,7642.0,69,7643.0,3,7644.0,13,7645.0,20,7646.0,67,7647.0,10,7648.0,143,7644.0
ag2410,,13:38:43.0#,7623.0,7725.0,7586.0,8605.0,7040.0,276174,207520.0,7639.0,47,7640.0,76,7641.0,72,7642.0,53,7643.0,16,7644.0,13,7645.0,22,7646.0,67,7647.0,10,7648.0,143,7644.0
ag2410,,13:38:43.500#,7623.0,7725.0,7586.0,8605.0,7040.0,276187,207510.0,7640.0,63,7641.0,86,7642.0,68,7643.0,1,7644.0,6,7645.0,22,7646.0,53,7647.0,24,7648.0,128,7649.0,52,7644.0
ag2410,,13:38:44.0#,7623.0,7725.0,7586.0,8605.0,7040.0,276204,207504.0,7640.0,86,7641.0,63,7642.0,62,7643.0,31,7644.0,12,7645.0,13,7646.0,15,7647.0,49,7648.0,82,7649.0,84,7644.0
ag2410,,13:38:44.500#,7623.0,7725.0,7586.0,8605.0,7040.0,276213,207506.0,7639.0,47,7640.0,70,7641.0,84,7642.0,71,7643.0,30,7644.0,25,7645.0,14,7646.0,30,7647.0,38,7648.0,84,7644.0
ag2410,,13:38:45.0#,7623.0,7725.0,7586.0,8605.0,7040.0,276248,207506.0,7639.0,62,7640.0,60,7641.0,103,7642.0,32,7643.0,24,7645.0,11,7646.0,50,7647.0,39,7648.0,119,7649.0,37,7644.0
ag2410,,13:38:45.500#,7623.0,7725.0,7586.0,8605.0,7040.0,276252,207510.0,7639.0,47,7640.0,69,7641.0,63,7642.0,75,7643.0,20,7644.0,8,7645.0,10,7646.0,15,7647.0,48,7648.0,97,7644.0
ag2410,,13:38:46.0#,7623.0,7725.0,7586.0,8605.0,7040.0,276252,207510.0,7639.0,62,7640.0,40,7641.0,106,7642.0,61,7643.0,19,7644.0,14,7645.0,12,7646.0,44,7647.0,31,7648.0,102,7644.0
ag2410,,13:38:46.500#,7623.0,7725.0,7586.0,8605.0,7040.0,276255,207510.0,7639.0,77,7640.0,46,7641.0,103,7642.0,59,7643.0,18,7644.0,7,7645.0,12,7646.0,51,7647.0,23,7648.0,131,7644.0
ag2410,,13:38:47.0#,7623.0,7725.0,7586.0,8605.0,7040.0,276255,207510.0,7639.0,77,7640.0,47,7641.0,103,7642.0,59,7643.0,18,7644.0,4,7645.0,13,7646.0,52,7647.0,23,7648.0,131,7644.0
ag2410,,13:38:47.500#,7623.0,7725.0,7586.0,8605.0,7040.0,276258,207509.0,7639.0,77,7640.0,63,7641.0,101,7642.0,30,7643.0,34,7644.0,8,7645.0,12,7646.0,51,7647.0,40,7648.0,116,7644.0
ag2410,,13:38:48.0#,7623.0,7725.0,7586.0,8605.0,7040.0,276261,207512.0,7639.0,77,7640.0,49,7641.0,101,7642.0,45,7643.0,17,7644.0,3,7645.0,12,7646.0,36,7647.0,39,7648.0,116,7643.0
ag2410,,13:38:48.500#,7623.0,7725.0,7586.0,8605.0,7040.0,276267,207512.0,7639.0,77,7640.0,65,7641.0,101,7642.0,60,7643.0,13,7644.0,2,7645.0,12,7646.0,44,7647.0,47,7648.0,129,7643.0
ag2410,,13:38:49.0#,7623.0,7725.0,7586.0,8605.0,7040.0,276273,207510.0,7639.0,77,7640.0,58,7641.0,107,7642.0,60,7643.0,11,7644.0,2,7645.0,15,7646.0,49,7647.0,39,7648.0,132,7643.0
ag2410,,13:38:49.500#,7623.0,7725.0,7586.0,8605.0,7040.0,276274,207510.0,7639.0,77,7640.0,64,7641.0,101,7642.0,46,7643.0,27,7644.0,2,7645.0,15,7646.0,50,7647.0,39,7648.0,131,7644.0
ag2410,,13:38:50.0#,7623.0,7725.0,7586.0,8605.0,7040.0,276274,207510.0,7639.0,77,7640.0,50,7641.0,116,7642.0,60,7643.0,13,7644.0,3,7645.0,15,7646.0,50,7647.0,41,7648.0,131,7644.0
ag2410,,13:38:50.500#,7623.0,7725.0,7586.0,8605.0,7040.0,276274,207510.0,7639.0,77,7640.0,52,7641.0,114,7642.0,60,7643.0,11,7644.0,12,7645.0,15,7646.0,49,7647.0,41,7648.0,132,7644.0
ag2410,,13:38:51.0#,7623.0,7725.0,7586.0,8605.0,7040.0,276274,207510.0,7639.0,64,7640.0,81,7641.0,88,7642.0,59,7643.0,10,7644.0,14,7645.0,16,7646.0,66,7647.0,25,7648.0,144,7644.0
ag2410,,13:38:51.500#,7623.0,7725.0,7586.0,8605.0,7040.0,276283,207507.0,7639.0,64,7640.0,86,7641.0,83,7642.0,59,7643.0,7,7644.0,8,7645.0,16,7646.0,66,7647.0,40,7648.0,129,7644.0
ag2410,,13:38:52.0#,7623.0,7725.0,7586.0,8605.0,7040.0,276290,207502.0,7639.0,64,7640.0,87,7641.0,85,7642.0,44,7643.0,22,7644.0,4,7645.0,16,7646.0,68,7647.0,40,7648.0,127,7644.0
ag2410,,13:38:52.500#,7623.0,7725.0,7586.0,8605.0,7040.0,276292,207501.0,7639.0,77,7640.0,79,7641.0,95,7642.0,45,7643.0,6,7644.0,4,7645.0,16,7646.0,53,7647.0,39,7648.0,115,7644.0
ag2410,,13:38:53.0#,7623.0,7725.0,7586.0,8605.0,7040.0,276292,207501.0,7639.0,77,7640.0,67,7641.0,83,7642.0,60,7643.0,23,7644.0,5,7645.0,17,7646.0,51,7647.0,39,7648.0,123,7644.0
ag2410,,13:38:53.500#,7623.0,7725.0,7586.0,8605.0,7040.0,276296,207500.0,7639.0,77,7640.0,60,7641.0,97,7642.0,61,7643.0,24,7644.0,7,7645.0,16,7646.0,50,7647.0,41,7648.0,132,7644.0
ag2410,,13:38:54.0#,7623.0,7725.0,7586.0,8605.0,7040.0,276307,207500.0,7640.0,46,7641.0,88,7642.0,54,7643.0,43,7644.0,43,7645.0,15,7646.0,37,7647.0,37,7648.0,116,7649.0,69,7644.0
ag2410,,13:38:54.500#,7623.0,7725.0,7586.0,8605.0,7040.0,276317,207496.0,7640.0,72,7641.0,43,7642.0,125,7643.0,44,7644.0,25,7645.0,1,7646.0,17,7647.0,45,7648.0,100,7649.0,87,7645.0
ag2410,,13:38:55.0#,7623.0,7725.0,7586.0,8605.0,7040.0,276326,207497.0,7641.0,25,7642.0,126,7643.0,46,7644.0,25,7645.0,8,7646.0,11,7647.0,22,7648.0,102,7649.0,95,7650.0,139,7645.0
ag2410,,13:38:55.500#,7623.0,7725.0,7586.0,8605.0,7040.0,276341,207502.0,7640.0,57,7641.0,71,7642.0,101,7643.0,48,7644.0,33,7645.0,2,7646.0,22,7647.0,24,7648.0,108,7649.0,60,7644.0
ag2410,,13:38:56.0#,7623.0,7725.0,7586.0,8605.0,7040.0,276342,207501.0,7640.0,88,7641.0,24,7642.0,106,7643.0,73,7644.0,11,7645.0,25,7646.0,12,7647.0,22,7648.0,118,7649.0,110,7645.0
ag2410,,13:38:56.500#,7623.0,7725.0,7586.0,8605.0,7040.0,276363,207497.0,7639.0,33,7640.0,77,7641.0,53,7642.0,93,7643.0,57,7645.0,26,7646.0,13,7647.0,38,7648.0,107,7649.0,117,7644.0
ag2410,,13:38:57.0#,7623.0,7725.0,7586.0,8605.0,7040.0,276389,207485.0,7640.0,44,7641.0,83,7642.0,81,7643.0,26,7644.0,16,7645.0,5,7646.0,13,7647.0,59,7648.0,89,7649.0,115,7645.0
ag2410,,13:38:57.500#,7623.0,7725.0,7586.0,8605.0,7040.0,276400,207480.0,7639.0,34,7640.0,74,7641.0,38,7642.0,105,7643.0,25,7644.0,4,7645.0,23,7646.0,13,7647.0,38,7648.0,87,7644.0
ag2410,,13:38:58.0#,7623.0,7725.0,7586.0,8605.0,7040.0,276404,207481.0,7639.0,64,7640.0,39,7641.0,88,7642.0,65,7643.0,24,7644.0,3,7645.0,25,7646.0,25,7647.0,60,7648.0,95,7644.0
ag2410,,13:38:58.500#,7623.0,7725.0,7586.0,8605.0,7040.0,276411,207482.0,7639.0,67,7640.0,73,7641.0,82,7642.0,62,7643.0,9,7644.0,4,7645.0,25,7646.0,25,7647.0,62,7648.0,147,7644.0
ag2410,,13:38:59.0#,7623.0,7725.0,7586.0,8605.0,7040.0,276417,207484.0,7639.0,79,7640.0,75,7641.0,100,7642.0,43,7643.0,2,7644.0,11,7645.0,20,7646.0,56,7647.0,48,7648.0,129,7643.0
ag2410,,13:38:59.500#,7623.0,7725.0,7586.0,8605.0,7040.0,276420,207486.0,7638.0,70,7639.0,66,7640.0,86,7641.0,82,7642.0,12,7643.0,25,7644.0,28,7645.0,15,7646.0,78,7647.0,24,7643.0
ag2410,,13:39:00.0#,7623.0,7725.0,7586.0,8605.0,7040.0,276423,207486.0,7638.0,88,7639.0,66,7640.0,124,7641.0,26,7642.0,3,7643.0,19,7644.0,24,7645.0,59,7646.0,66,7647.0,71,7643.0
ag2410,,13:39:00.500#,7623.0,7725.0,7586.0,8605.0,7040.0,276432,207484.0,7637.0,55,7638.0,103,7639.0,95,7640.0,95,7641.0,26,7642.0,1,7643.0,13,7644.0,14,7645.0,70,7646.0,73,7643.0
ag2410,,13:39:01.0#,7623.0,7725.0,7586.0,8605.0,7040.0,276442,207480.0,7638.0,57,7639.0,123,7640.0,70,7641.0,26,7642.0,23,7643.0,6,7644.0,12,7645.0,69,7646.0,97,7647.0,65,7642.0
ag2410,,13:39:01.500#,7623.0,7725.0,7586.0,8605.0,7040.0,276445,207482.0,7639.0,65,7640.0,122,7641.0,29,7642.0,38,7643.0,3,7644.0,14,7645.0,53,7646.0,95,7647.0,52,7648.0,77,7643.0
ag2410,,13:39:02.0#,7623.0,7725.0,7586.0,8605.0,7040.0,276445,207482.0,7639.0,62,7640.0,104,7641.0,62,7642.0,36,7643.0,13,7644.0,11,7645.0,17,7646.0,90,7647.0,53,7648.0,107,7643.0
ag2410,,13:39:02.500#,7623.0,7725.0,7586.0,8605.0,7040.0,276452,207486.0,7639.0,62,7640.0,93,7641.0,87,7642.0,42,7643.0,10,7645.0,17,7646.0,53,7647.0,83,7648.0,100,7649.0,70,7644.0
ag2410,,13:39:03.0#,7623.0,7725.0,7586.0,8605.0,7040.0,276453,207487.0,7640.0,67,7641.0,119,7642.0,42,7643.0,10,7644.0,1,7645.0,15,7646.0,33,7647.0,90,7648.0,84,7649.0,70,7644.0
ag2410,,13:39:03.500#,7623.0,7725.0,7586.0,8605.0,7040.0,276466,207493.0,7639.0,45,7640.0,95,7641.0,107,7642.0,70,7643.0,2,7645.0,14,7646.0,17,7647.0,109,7648.0,76,7649.0,91,7643.0
ag2410,,13:39:04.0#,7623.0,7725.0,7586.0,8605.0,7040.0,276467,207493.0,7640.0,49,7641.0,120,7642.0,58,7643.0,41,7644.0,3,7645.0,15,7646.0,32,7647.0,82,7648.0,94,7649.0,70,7645.0
ag2410,,13:39:04.500#,7623.0,7725.0,7586.0,8605.0,7040.0,276470,207494.0,7640.0,80,7641.0,90,7642.0,84,7643.0,44,7644.0,2,7645.0,17,7646.0,15,7647.0,94,7648.0,76,7649.0,91,7644.0
ag2410,,13:39:05.0#,7623.0,7725.0,7586.0,8605.0,7040.0,276472,207496.0,7639.0,31,7640.0,90,7641.0,98,7642.0,66,7643.0,36,7644.0,15,7645.0,18,7646.0,15,7647.0,95,7648.0,52,7644.0
ag2410,,13:39:05.500#,7623.0,7725.0,7586.0,8605.0,7040.0,276472,207496.0,7639.0,62,7640.0,52,7641.0,146,7642.0,42,7643.0,28,7644.0,7,7645.0,25,7646.0,43,7647.0,80,7648.0,83,7644.0
ag2410,,13:39:06.0#,7623.0,7725.0,7586.0,8605.0,7040.0,276479,207492.0,7640.0,49,7641.0,107,7642.0,71,7643.0,13,7644.0,6,7645.0,26,7646.0,28,7647.0,66,7648.0,108,7649.0,55,7644.0
ag2410,,13:39:06.500#,7623.0,7725.0,7586.0,8605.0,7040.0,276482,207494.0,7639.0,46,7640.0,90,7641.0,103,7642.0,62,7643.0,22,7644.0,13,7645.0,24,7646.0,29,7647.0,97,7648.0,66,7643.0
ag2410,,13:39:07.0#,7623.0,7725.0,7586.0,8605.0,7040.0,276495,207495.0,7640.0,49,7641.0,107,7642.0,71,7643.0,6,7644.0,5,7645.0,27,7646.0,28,7647.0,68,7648.0,108,7649.0,55,7644.0
ag2410,,13:39:07.500#,7623.0,7725.0,7586.0,8605.0,7040.0,276496,207496.0,7640.0,80,7641.0,83,7642.0,92,7643.0,19,7644.0,10,7645.0,24,7646.0,14,7647.0,82,7648.0,97,7649.0,86,7644.0
ag2410,,13:39:08.0#,7623.0,7725.0,7586.0,8605.0,7040.0,276497,207497.0,7640.0,80,7641.0,80,7642.0,94,7643.0,22,7644.0,11,7645.0,22,7646.0,14,7647.0,82,7648.0,97,7649.0,86,7644.0
ag2410,,13:39:08.500#,7623.0,7725.0,7586.0,8605.0,7040.0,276497,207497.0,7640.0,87,7641.0,75,7642.0,92,7643.0,22,7644.0,11,7645.0,22,7646.0,14,7647.0,64,7648.0,108,7649.0,93,7644.0
ag2410,,13:39:09.0#,7623.0,7725.0,7586.0,8605.0,7040.0,276501,207497.0,7640.0,87,7641.0,75,7642.0,92,7643.0,22,7644.0,8,7645.0,21,7646.0,14,7647.0,56,7648.0,122,7649.0,87,7645.0
ag2410,,13:39:09.500#,7623.0,7725.0,7586.0,8605.0,7040.0,276504,207498.0,7640.0,80,7641.0,95,7642.0,64,7643.0,21,7644.0,6,7645.0,20,7646.0,14,7647.0,64,7648.0,100,7649.0,86,7645.0
ag2410,,13:39:10.0#,7623.0,7725.0,7586.0,8605.0,7040.0,276505,207499.0,7640.0,83,7641.0,87,7642.0,84,7643.0,21,7644.0,5,7645.0,20,7646.0,15,7647.0,63,7648.0,108,7649.0,79,7644.0
ag2410,,13:39:10.500#,7623.0,7725.0,7586.0,8605.0,7040.0,276506,207500.0,7640.0,81,7641.0,96,7642.0,63,7643.0,21,7644.0,5,7645.0,20,7646.0,15,7647.0,64,7648.0,100,7649.0,86,7645.0
ag2410,,13:39:11.0#,7623.0,7725.0,7586.0,8605.0,7040.0,276509,207501.0,7640.0,74,7641.0,87,7642.0,94,7643.0,22,7644.0,9,7645.0,18,7646.0,16,7647.0,63,7648.0,108,7649.0,94,7644.0
ag2410,,13:39:11.500#,7623.0,7725.0,7586.0,8605.0,7040.0,276510,207500.0,7640.0,78,7641.0,75,7642.0,102,7643.0,22,7644.0,11,7645.0,21,7646.0,14,7647.0,56,7648.0,122,7649.0,87,7644.0
ag2410,,13:39:12.0#,7623.0,7725.0,7586.0,8605.0,7040.0,276513,207503.0,7640.0,64,7641.0,88,7642.0,104,7643.0,22,7644.0,12,7645.0,20,7646.0,14,7647.0,55,7648.0,109,7649.0,101,7644.0
ag2410,,13:39:12.500#,7623.0,7725.0,7586.0,8605.0,7040.0,276515,207504.0,7640.0,57,7641.0,109,7642.0,104,7643.0,7,7644.0,9,7645.0,21,7646.0,29,7647.0,57,7648.0,93,7649.0,117,7645.0
ag2410,,13:39:13.0#,7623.0,7725.0,7586.0,8605.0,7040.0,276524,207504.0,7640.0,71,7641.0,95,7642.0,89,7643.0,22,7644.0,3,7645.0,17,7646.0,14,7647.0,82,7648.0,99,7649.0,86,7645.0
ag2410,,13:39:13.500#,7623.0,7725.0,7586.0,8605.0,7040.0,276528,207504.0,7639.0,50,7640.0,70,7641.0,110,7642.0,74,7643.0,7,7644.0,1,7645.0,18,7646.0,14,7647.0,82,7648.0,85,7644.0
ag2410,,13:39:14.0#,7623.0,7725.0,7586.0,8605.0,7040.0,276548,207510.0,7641.0,118,7642.0,86,7643.0,7,7644.0,2,7645.0,31,7646.0,27,7647.0,67,7648.0,103,7649.0,63,7650.0,137,7645.0
ag2410,,13:39:14.500#,7623.0,7725.0,7586.0,8605.0,7040.0,276581,207527.0,7640.0,51,7641.0,122,7642.0,78,7643.0,49,7644.0,4,7645.0,25,7646.0,34,7647.0,43,7648.0,110,7649.0,20,7645.0
ag2410,,13:39:15.0#,7623.0,7725.0,7586.0,8605.0,7040.0,276591,207520.0,7641.0,106,7642.0,90,7643.0,33,7644.0,1,7645.0,3,7646.0,28,7647.0,80,7648.0,57,7649.0,79,7650.0,122,7645.0
ag2410,,13:39:15.500#,7623.0,7725.0,7586.0,8605.0,7040.0,276598,207515.0,7641.0,81,7642.0,88,7643.0,79,7644.0,29,7645.0,17,7646.0,10,7647.0,12,7648.0,122,7649.0,52,7650.0,167,7646.0
ag2410,,13:39:16.0#,7623.0,7725.0,7586.0,8605.0,7040.0,276604,207511.0,7641.0,88,7642.0,97,7643.0,89,7644.0,45,7645.0,7,7646.0,4,7647.0,25,7648.0,105,7649.0,73,7650.0,154,7645.0
ag2410,,13:39:16.500#,7623.0,7725.0,7586.0,8605.0,7040.0,276607,207510.0,7642.0,64,7643.0,106,7644.0,44,7645.0,8,7646.0,6,7647.0,10,7648.0,97,7649.0,83,7650.0,154,7651.0,44,7646.0
ag2410,,13:39:17.0#,7623.0,7725.0,7586.0,8605.0,7040.0,276615,207510.0,7641.0,57,7642.0,67,7643.0,105,7644.0,48,7645.0,11,7646.0,1,7647.0,8,7648.0,71,7649.0,124,7650.0,123,7646.0
ag2410,,13:39:17.500#,7623.0,7725.0,7586.0,8605.0,7040.0,276618,207509.0,7642.0,41,7643.0,121,7644.0,42,7645.0,10,7646.0,7,7647.0,9,7648.0,90,7649.0,91,7650.0,170,7651.0,41,7646.0
ag2410,,13:39:18.0#,7623.0,7725.0,7586.0,8605.0,7040.0,276624,207509.0,7641.0,57,7642.0,52,7643.0,107,7644.0,60,7645.0,12,7646.0,1,7647.0,8,7648.0,56,7649.0,141,7650.0,123,7646.0
ag2410,,13:39:18.500#,7623.0,7725.0,7586.0,8605.0,7040.0,276625,207508.0,7642.0,34,7643.0,113,7644.0,42,7645.0,26,7646.0,1,7647.0,9,7648.0,73,7649.0,107,7650.0,153,7651.0,26,7646.0
ag2410,,13:39:19.0#,7623.0,7725.0,7586.0,8605.0,7040.0,276625,207508.0,7642.0,66,7643.0,90,7644.0,62,7645.0,29,7646.0,2,7647.0,8,7648.0,53,7649.0,129,7650.0,121,7651.0,59,7646.0
ag2410,,13:39:19.500#,7623.0,7725.0,7586.0,8605.0,7040.0,276629,207505.0,7641.0,43,7642.0,81,7643.0,103,7644.0,49,7645.0,11,7646.0,11,7647.0,41,7648.0,53,7649.0,114,7650.0,121,7646.0
ag2410,,13:39:20.0#,7623.0,7725.0,7586.0,8605.0,7040.0,276631,207504.0,7641.0,60,7642.0,55,7643.0,106,7644.0,33,7645.0,7,7646.0,13,7647.0,12,7648.0,91,7649.0,89,7650.0,167,7646.0
ag2410,,13:39:20.500#,7623.0,7725.0,7586.0,8605.0,7040.0,276646,207503.0,7642.0,44,7643.0,76,7644.0,50,7645.0,61,7646.0,10,7647.0,13,7648.0,93,7649.0,69,7650.0,168,7651.0,23,7646.0
ag2410,,13:39:21.0#,7623.0,7725.0,7586.0,8605.0,7040.0,276656,207506.0,7641.0,43,7642.0,80,7643.0,89,7644.0,57,7645.0,57,7646.0,41,7647.0,12,7648.0,68,7649.0,112,7650.0,123,7646.0
ag2410,,13:39:21.500#,7623.0,7725.0,7586.0,8605.0,7040.0,276661,207506.0,7641.0,74,7642.0,64,7643.0,84,7644.0,33,7645.0,49,7646.0,41,7647.0,13,7648.0,93,7649.0,70,7650.0,154,7646.0
ag2410,,13:39:22.0#,7623.0,7725.0,7586.0,8605.0,7040.0,276670,207500.0,7641.0,89,7642.0,82,7643.0,83,7644.0,18,7645.0,40,7646.0,41,7647.0,48,7648.0,90,7649.0,72,7650.0,140,7645.0
ag2410,,13:39:22.500#,7623.0,7725.0,7586.0,8605.0,7040.0,276674,207498.0,7641.0,76,7642.0,99,7643.0,50,7644.0,18,7645.0,36,7646.0,39,7647.0,33,7648.0,114,7649.0,49,7650.0,154,7645.0
ag2410,,13:39:23.0#,7623.0,7725.0,7586.0,8605.0,7040.0,276677,207499.0,7641.0,77,7642.0,125,7643.0,38,7644.0,18,7645.0,34,7646.0,38,7647.0,48,7648.0,126,7649.0,37,7650.0,155,7646.0
ag2410,,13:39:23.500#,7623.0,7725.0,7586.0,8605.0,7040.0,276677,207499.0,7641.0,76,7642.0,103,7643.0,46,7644.0,18,7645.0,34,7646.0,39,7647.0,34,7648.0,116,7649.0,49,7650.0,155,7646.0
ag2410,,13:39:24.0#,7623.0,7725.0,7586.0,8605.0,7040.0,276678,207499.0,7641.0,83,7642.0,81,7643.0,75,7644.0,18,7645.0,34,7646.0,35,7647.0,34,7648.0,115,7649.0,66,7650.0,155,7646.0
ag2410,,13:39:24.500#,7623.0,7725.0,7586.0,8605.0,7040.0,276678,207499.0,7641.0,75,7642.0,100,7643.0,64,7644.0,18,7645.0,34,7646.0,35,7647.0,34,7648.0,147,7649.0,34,7650.0,155,7646.0
ag2410,,13:39:25.0#,7623.0,7725.0,7586.0,8605.0,7040.0,276679,207500.0,7641.0,77,7642.0,101,7643.0,63,7644.0,18,7645.0,34,7646.0,29,7647.0,34,7648.0,132,7649.0,49,7650.0,155,7646.0
ag2410,,13:39:25.500#,7623.0,7725.0,7586.0,8605.0,7040.0,276683,207501.0,7641.0,97,7642.0,67,7643.0,91,7644.0,18,7645.0,34,7646.0,27,7647.0,34,7648.0,100,7649.0,80,7650.0,142,7646.0
ag2410,,13:39:26.0#,7623.0,7725.0,7586.0,8605.0,7040.0,276684,207501.0,7641.0,90,7642.0,85,7643.0,65,7644.0,18,7645.0,34,7646.0,27,7647.0,34,7648.0,109,7649.0,56,7650.0,142,7645.0
ag2410,,13:39:26.500#,7623.0,7725.0,7586.0,8605.0,7040.0,276684,207501.0,7641.0,90,7642.0,87,7643.0,78,7644.0,18,7645.0,34,7646.0,27,7647.0,34,7648.0,116,7649.0,64,7650.0,142,7645.0
ag2410,,13:39:27.0#,7623.0,7725.0,7586.0,8605.0,7040.0,276684,207501.0,7641.0,96,7642.0,67,7643.0,92,7644.0,18,7645.0,34,7646.0,27,7647.0,19,7648.0,115,7649.0,81,7650.0,142,7645.0
ag2410,,13:39:27.500#,7623.0,7725.0,7586.0,8605.0,7040.0,276687,207504.0,7641.0,90,7642.0,61,7643.0,104,7644.0,18,7645.0,2,7646.0,25,7647.0,19,7648.0,115,7649.0,80,7650.0,141,7645.0
ag2410,,13:39:28.0#,7623.0,7725.0,7586.0,8605.0,7040.0,276688,207504.0,7641.0,84,7642.0,97,7643.0,46,7644.0,18,7645.0,11,7646.0,25,7647.0,20,7648.0,137,7649.0,44,7650.0,154,7645.0
ag2410,,13:39:28.500#,7623.0,7725.0,7586.0,8605.0,7040.0,276689,207505.0,7641.0,81,7642.0,93,7643.0,68,7644.0,18,7645.0,12,7646.0,24,7647.0,20,7648.0,144,7649.0,52,7650.0,154,7646.0
ag2410,,13:39:29.0#,7623.0,7725.0,7586.0,8605.0,7040.0,276691,207504.0,7641.0,77,7642.0,89,7643.0,76,7644.0,18,7645.0,11,7646.0,23,7647.0,20,7648.0,162,7649.0,34,7650.0,154,7645.0
ag2410,,13:39:29.500#,7623.0,7725.0,7586.0,8605.0,7040.0,276691,207504.0,7641.0,77,7642.0,88,7643.0,77,7644.0,18,7645.0,12,7646.0,23,7647.0,19,7648.0,162,7649.0,34,7650.0,154,7645.0
ag2410,,13:39:30.0#,7623.0,7725.0,7586.0,8605.0,7040.0,276697,207498.0,7641.0,77,7642.0,88,7643.0,62,7644.0,33,7645.0,18,7646.0,11,7647.0,19,7648.0,162,7649.0,34,7650.0,154,7646.0
ag2410,,13:39:30.500#,7623.0,7725.0,7586.0,8605.0,7040.0,276706,207495.0,7641.0,90,7642.0,58,7643.0,92,7644.0,35,7645.0,13,7646.0,11,7647.0,19,7648.0,117,7649.0,78,7650.0,141,7645.0
ag2410,,13:39:31.0#,7623.0,7725.0,7586.0,8605.0,7040.0,276730,207490.0,7641.0,90,7642.0,40,7643.0,110,7644.0,42,7645.0,11,7647.0,10,7648.0,83,7649.0,111,7650.0,141,7651.0,38,7647.0
ag2410,,13:39:31.500#,7623.0,7725.0,7586.0,8605.0,7040.0,276731,207490.0,7642.0,44,7643.0,76,7644.0,59,7645.0,27,7646.0,20,7647.0,6,7648.0,44,7649.0,138,7650.0,111,7651.0,70,7647.0
ag2410,,13:39:32.0#,7623.0,7725.0,7586.0,8605.0,7040.0,276754,207475.0,7642.0,103,7643.0,53,7644.0,80,7645.0,29,7646.0,28,7647.0,3,7648.0,56,7649.0,67,7650.0,186,7651.0,72,7647.0
ag2410,,13:39:32.500#,7623.0,7725.0,7586.0,8605.0,7040.0,276754,207475.0,7642.0,80,7643.0,27,7644.0,114,7645.0,44,7646.0,30,7647.0,1,7648.0,41,7649.0,66,7650.0,187,7651.0,72,7647.0
ag2410,,13:39:33.0#,7623.0,7725.0,7586.0,8605.0,7040.0,276755,207474.0,7642.0,97,7643.0,8,7644.0,131,7645.0,43,7646.0,62,7647.0,17,7648.0,41,7649.0,62,7650.0,191,7651.0,72,7647.0
ag2410,,13:39:33.500#,7623.0,7725.0,7586.0,8605.0,7040.0,276764,207474.0,7643.0,18,7644.0,134,7645.0,46,7646.0,65,7647.0,200,7648.0,29,7649.0,60,7650.0,178,7651.0,86,7652.0,29,7648.0
ag2410,,13:39:34.0#,7623.0,7725.0,7586.0,8605.0,7040.0,276798,207491.0,7644.0,56,7645.0,104,7646.0,61,7647.0,200,7648.0,46,7649.0,35,7650.0,138,7651.0,55,7652.0,61,7653.0,70,7648.0
ag2410,,13:39:34.500#,7623.0,7725.0,7586.0,8605.0,7040.0,276823,207500.0,7644.0,97,7645.0,58,7646.0,141,7647.0,200,7648.0,6,7649.0,15,7650.0,123,7651.0,56,7652.0,45,7653.0,73,7649.0
ag2410,,13:39:35.0#,7623.0,7725.0,7586.0,8605.0,7040.0,276830,207499.0,7644.0,47,7645.0,102,7646.0,126,7647.0,200,7648.0,5,7649.0,7,7650.0,108,7651.0,86,7652.0,31,7653.0,101,7649.0
ag2410,,13:39:35.500#,7623.0,7725.0,7586.0,8605.0,7040.0,276831,207500.0,7644.0,62,7645.0,87,7646.0,132,7647.0,217,7648.0,8,7649.0,8,7650.0,111,7651.0,103,7652.0,29,7653.0,97,7648.0
ag2410,,13:39:36.0#,7623.0,7725.0,7586.0,8605.0,7040.0,276849,207497.0,7645.0,42,7646.0,174,7647.0,217,7648.0,9,7649.0,10,7650.0,92,7651.0,43,7652.0,88,7653.0,85,7654.0,17,7649.0
ag2410,,13:39:36.500#,7623.0,7725.0,7586.0,8605.0,7040.0,276852,207496.0,7645.0,56,7646.0,168,7647.0,252,7648.0,9,7649.0,9,7650.0,101,7651.0,29,7652.0,109,7653.0,34,7654.0,71,7649.0
ag2410,,13:39:37.0#,7623.0,7725.0,7586.0,8605.0,7040.0,276854,207496.0,7645.0,65,7646.0,129,7647.0,282,7648.0,8,7649.0,9,7650.0,89,7651.0,14,7652.0,133,7653.0,25,7654.0,71,7649.0
ag2410,,13:39:37.500#,7623.0,7725.0,7586.0,8605.0,7040.0,276857,207496.0,7645.0,65,7646.0,126,7647.0,282,7648.0,8,7649.0,14,7650.0,88,7651.0,15,7652.0,133,7653.0,10,7654.0,71,7649.0
ag2410,,13:39:38.0#,7623.0,7725.0,7586.0,8605.0,7040.0,276857,207496.0,7645.0,56,7646.0,113,7647.0,288,7648.0,7,7649.0,17,7650.0,90,7651.0,13,7652.0,103,7653.0,25,7654.0,82,7649.0
ag2410,,13:39:38.500#,7623.0,7725.0,7586.0,8605.0,7040.0,276862,207496.0,7645.0,56,7646.0,88,7647.0,267,7648.0,22,7649.0,12,7650.0,92,7651.0,13,7652.0,108,7653.0,20,7654.0,82,7649.0
ag2410,,13:39:39.0#,7623.0,7725.0,7586.0,8605.0,7040.0,276864,207494.0,7645.0,64,7646.0,79,7647.0,67,7648.0,22,7649.0,10,7650.0,93,7651.0,13,7652.0,118,7653.0,13,7654.0,82,7649.0
ag2410,,13:39:39.500#,7623.0,7725.0,7586.0,8605.0,7040.0,276879,207496.0,7644.0,43,7645.0,70,7646.0,68,7647.0,56,7648.0,22,7649.0,3,7650.0,89,7651.0,14,7652.0,118,7653.0,26,7649.0
ag2410,,13:39:40.0#,7623.0,7725.0,7586.0,8605.0,7040.0,276973,207473.0,7646.0,81,7647.0,25,7648.0,22,7649.0,97,7650.0,3,7651.0,37,7652.0,55,7653.0,66,7654.0,51,7655.0,56,7650.0
ag2410,,13:39:40.500#,7623.0,7725.0,7586.0,8605.0,7040.0,276984,207467.0,7645.0,37,7646.0,97,7647.0,23,7648.0,76,7649.0,29,7650.0,1,7651.0,16,7652.0,29,7653.0,66,7654.0,62,7650.0
ag2410,,13:39:41.0#,7623.0,7725.0,7586.0,8605.0,7040.0,276986,207466.0,7645.0,54,7646.0,52,7647.0,92,7648.0,25,7649.0,16,7650.0,25,7651.0,21,7652.0,44,7653.0,38,7654.0,76,7650.0
ag2410,,13:39:41.500#,7623.0,7725.0,7586.0,8605.0,7040.0,276986,207466.0,7645.0,41,7646.0,73,7647.0,79,7648.0,46,7649.0,13,7650.0,18,7651.0,21,7652.0,67,7653.0,61,7654.0,103,7650.0
ag2410,,13:39:42.0#,7623.0,7725.0,7586.0,8605.0,7040.0,276990,207465.0,7645.0,47,7646.0,84,7647.0,81,7648.0,30,7649.0,12,7650.0,17,7651.0,23,7652.0,68,7653.0,74,7654.0,89,7649.0
ag2410,,13:39:42.500#,7623.0,7725.0,7586.0,8605.0,7040.0,277011,207473.0,7646.0,104,7647.0,52,7648.0,31,7649.0,15,7650.0,8,7651.0,24,7652.0,72,7653.0,56,7654.0,90,7655.0,52,7650.0
ag2410,,13:39:43.0#,7623.0,7725.0,7586.0,8605.0,7040.0,277014,207476.0,7646.0,112,7647.0,24,7648.0,64,7649.0,33,7650.0,201,7651.0,21,7652.0,19,7653.0,81,7654.0,60,7655.0,84,7650.0
ag2410,,13:39:43.500#,7623.0,7725.0,7586.0,8605.0,7040.0,277026,207473.0,7646.0,79,7647.0,30,7648.0,133,7649.0,20,7650.0,201,7651.0,7,7652.0,16,7653.0,67,7654.0,59,7655.0,73,7650.0
ag2410,,13:39:44.0#,7623.0,7725.0,7586.0,8605.0,7040.0,277053,207471.0,7646.0,70,7647.0,39,7648.0,102,7649.0,34,7650.0,194,7651.0,2,7652.0,16,7653.0,52,7654.0,24,7655.0,109,7650.0
ag2410,,13:39:44.500#,7623.0,7725.0,7586.0,8605.0,7040.0,277055,207472.0,7646.0,70,7647.0,54,7648.0,102,7649.0,32,7650.0,193,7652.0,16,7653.0,65,7654.0,24,7655.0,110,7656.0,53,7650.0
ag2410,,13:39:45.0#,7623.0,7725.0,7586.0,8605.0,7040.0,277065,207467.0,7646.0,55,7647.0,63,7648.0,108,7649.0,45,7650.0,186,7651.0,16,7652.0,27,7653.0,61,7654.0,48,7655.0,74,7650.0
ag2410,,13:39:45.500#,7623.0,7725.0,7586.0,8605.0,7040.0,277074,207465.0,7646.0,70,7647.0,63,7648.0,123,7649.0,15,7650.0,187,7651.0,16,7652.0,31,7653.0,83,7654.0,48,7655.0,82,7650.0
ag2410,,13:39:46.0#,7623.0,7725.0,7586.0,8605.0,7040.0,277076,207465.0,7646.0,70,7647.0,54,7648.0,131,7649.0,15,7650.0,185,7651.0,9,7652.0,31,7653.0,85,7654.0,45,7655.0,84,7650.0
ag2410,,13:39:46.500#,7623.0,7725.0,7586.0,8605.0,7040.0,277076,207465.0,7646.0,70,7647.0,39,7648.0,125,7649.0,30,7650.0,187,7651.0,7,7652.0,21,7653.0,85,7654.0,39,7655.0,86,7650.0
ag2410,,13:39:47.0#,7623.0,7725.0,7586.0,8605.0,7040.0,277080,207463.0,7646.0,70,7647.0,39,7648.0,131,7649.0,30,7650.0,187,7651.0,1,7652.0,21,7653.0,83,7654.0,24,7655.0,108,7651.0
ag2410,,13:39:47.500#,7623.0,7725.0,7586.0,8605.0,7040.0,277083,207462.0,7647.0,39,7648.0,116,7649.0,45,7650.0,187,7651.0,4,7652.0,19,7653.0,82,7654.0,24,7655.0,110,7656.0,68,7652.0
ag2410,,13:39:48.0#,7623.0,7725.0,7586.0,8605.0,7040.0,277089,207463.0,7647.0,56,7648.0,86,7649.0,57,7650.0,189,7651.0,14,7652.0,9,7653.0,30,7654.0,52,7655.0,77,7656.0,99,7651.0
ag2410,,13:39:48.500#,7623.0,7725.0,7586.0,8605.0,7040.0,277090,207463.0,7647.0,54,7648.0,52,7649.0,119,7650.0,189,7651.0,13,7652.0,8,7653.0,29,7654.0,49,7655.0,85,7656.0,68,7652.0
ag2410,,13:39:49.0#,7623.0,7725.0,7586.0,8605.0,7040.0,277107,207464.0,7646.0,35,7647.0,54,7648.0,37,7649.0,104,7650.0,186,7651.0,7,7652.0,8,7653.0,14,7654.0,41,7655.0,82,7650.0
ag2410,,13:39:49.500#,7623.0,7725.0,7586.0,8605.0,7040.0,277110,207462.0,7646.0,66,7647.0,6,7648.0,87,7649.0,74,7650.0,185,7651.0,5,7652.0,9,7653.0,27,7654.0,64,7655.0,96,7650.0
ag2410,,13:39:50.0#,7623.0,7725.0,7586.0,8605.0,7040.0,277114,207464.0,7646.0,67,7647.0,21,7648.0,116,7649.0,46,7650.0,184,7651.0,1,7652.0,11,7653.0,57,7654.0,32,7655.0,111,7651.0
ag2410,,13:39:50.500#,7623.0,7725.0,7586.0,8605.0,7040.0,277118,207463.0,7646.0,67,7647.0,21,7648.0,116,7649.0,46,7650.0,181,7651.0,1,7652.0,9,7653.0,63,7654.0,26,7655.0,112,7650.0
ag2410,,13:39:51.0#,7623.0,7725.0,7586.0,8605.0,7040.0,277121,207460.0,7646.0,67,7647.0,21,7648.0,116,7649.0,44,7650.0,179,7651.0,1,7652.0,7,7653.0,63,7654.0,26,7655.0,112,7650.0
ag2410,,13:39:51.500#,7623.0,7725.0,7586.0,8605.0,7040.0,277121,207460.0,7646.0,67,7647.0,21,7648.0,116,7649.0,47,7650.0,179,7651.0,1,7652.0,8,7653.0,65,7654.0,26,7655.0,112,7650.0
ag2410,,13:39:52.0#,7623.0,7725.0,7586.0,8605.0,7040.0,277121,207460.0,7646.0,82,7647.0,20,7648.0,101,7649.0,47,7650.0,180,7651.0,1,7652.0,10,7653.0,49,7654.0,26,7655.0,112,7650.0
ag2410,,13:39:52.500#,7623.0,7725.0,7586.0,8605.0,7040.0,277121,207460.0,7646.0,82,7647.0,20,7648.0,101,7649.0,62,7650.0,184,7651.0,1,7652.0,12,7653.0,46,7654.0,41,7655.0,113,7650.0
ag2410,,13:39:53.0#,7623.0,7725.0,7586.0,8605.0,7040.0,277122,207459.0,7646.0,82,7647.0,20,7648.0,101,7649.0,62,7650.0,184,7651.0,1,7652.0,12,7653.0,47,7654.0,41,7655.0,113,7651.0
ag2410,,13:39:53.500#,7623.0,7725.0,7586.0,8605.0,7040.0,277124,207459.0,7647.0,20,7648.0,101,7649.0,62,7650.0,183,7651.0,1,7652.0,12,7653.0,47,7654.0,41,7655.0,111,7656.0,57,7650.0
ag2410,,13:39:54.0#,7623.0,7725.0,7586.0,8605.0,7040.0,277124,207459.0,7647.0,37,7648.0,101,7649.0,90,7650.0,185,7651.0,2,7652.0,13,7653.0,30,7654.0,79,7655.0,74,7656.0,87,7650.0
ag2410,,13:39:54.500#,7623.0,7725.0,7586.0,8605.0,7040.0,277124,207459.0,7647.0,37,7648.0,101,7649.0,90,7650.0,185,7651.0,2,7652.0,15,7653.0,30,7654.0,81,7655.0,74,7656.0,87,7650.0
ag2410,,13:39:55.0#,7623.0,7725.0,7586.0,8605.0,7040.0,277124,207459.0,7647.0,52,7648.0,86,7649.0,90,7650.0,185,7651.0,7,7652.0,16,7653.0,30,7654.0,82,7655.0,71,7656.0,87,7650.0
ag2410,,13:39:55.500#,7623.0,7725.0,7586.0,8605.0,7040.0,277125,207458.0,7647.0,52,7648.0,86,7649.0,90,7650.0,185,7651.0,4,7652.0,19,7653.0,30,7654.0,82,7655.0,71,7656.0,87,7651.0
ag2410,,13:39:56.0#,7623.0,7725.0,7586.0,8605.0,7040.0,277125,207458.0,7647.0,52,7648.0,86,7649.0,90,7650.0,185,7651.0,8,7652.0,18,7653.0,30,7654.0,82,7655.0,71,7656.0,90,7651.0
ag2410,,13:39:56.500#,7623.0,7725.0,7586.0,8605.0,7040.0,277132,207454.0,7647.0,52,7648.0,86,7649.0,90,7650.0,185,7651.0,3,7652.0,18,7653.0,30,7654.0,82,7655.0,71,7656.0,90,7652.0
ag2410,,13:39:57.0#,7623.0,7725.0,7586.0,8605.0,7040.0,277132,207454.0,7647.0,52,7648.0,56,7649.0,120,7650.0,183,7651.0,21,7652.0,16,7653.0,14,7654.0,97,7655.0,71,7656.0,90,7652.0
ag2410,,13:39:57.500#,7623.0,7725.0,7586.0,8605.0,7040.0,277133,207453.0,7647.0,50,7648.0,57,7649.0,118,7650.0,199,7651.0,30,7652.0,19,7653.0,13,7654.0,66,7655.0,87,7656.0,77,7652.0
ag2410,,13:39:58.0#,7623.0,7725.0,7586.0,8605.0,7040.0,277140,207454.0,7647.0,50,7648.0,28,7649.0,116,7650.0,215,7651.0,18,7652.0,18,7653.0,13,7654.0,47,7655.0,82,7656.0,72,7651.0
ag2410,,13:39:58.500#,7623.0,7725.0,7586.0,8605.0,7040.0,277142,207455.0,7647.0,37,7648.0,20,7649.0,116,7650.0,222,7651.0,14,7652.0,16,7653.0,14,7654.0,47,7655.0,77,7656.0,91,7652.0
ag2410,,13:39:59.0#,7623.0,7725.0,7586.0,8605.0,7040.0,277158,207449.0,7648.0,36,7649.0,101,7650.0,225,7651.0,15,7652.0,2,7653.0,14,7654.0,55,7655.0,72,7656.0,88,7657.0,37,7652.0
ag2410,,13:39:59.500#,7623.0,7725.0,7586.0,8605.0,7040.0,277162,207447.0,7647.0,18,7648.0,37,7649.0,101,7650.0,240,7651.0,29,7653.0,14,7654.0,25,7655.0,94,7656.0,52,7657.0,84,7652.0
ag2410,,13:40:00.0#,7623.0,7725.0,7586.0,8605.0,7040.0,277163,207448.0,7648.0,22,7649.0,85,7650.0,242,7651.0,26,7652.0,8,7653.0,13,7654.0,10,7655.0,77,7656.0,64,7657.0,90,7652.0
ag2410,,13:40:00.500#,7623.0,7725.0,7586.0,8605.0,7040.0,277186,207441.0,7647.0,18,7648.0,37,7649.0,55,7650.0,253,7651.0,15,7652.0,7,7653.0,12,7654.0,10,7655.0,89,7656.0,34,7651.0
ag2410,,13:40:01.0#,7623.0,7725.0,7586.0,8605.0,7040.0,277193,207441.0,7647.0,50,7648.0,7,7649.0,85,7650.0,241,7651.0,3,7652.0,1,7653.0,12,7654.0,10,7655.0,78,7656.0,85,7652.0
ag2410,,13:40:01.500#,7623.0,7725.0,7586.0,8605.0,7040.0,277213,207457.0,7647.0,50,7648.0,11,7649.0,100,7650.0,228,7651.0,15,7652.0,7,7653.0,15,7654.0,9,7655.0,93,7656.0,104,7651.0
ag2410,,13:40:02.0#,7623.0,7725.0,7586.0,8605.0,7040.0,277215,207457.0,7647.0,50,7648.0,26,7649.0,102,7650.0,241,7651.0,6,7652.0,7,7653.0,17,7654.0,25,7655.0,66,7656.0,115,7652.0
ag2410,,13:40:02.500#,7623.0,7725.0,7586.0,8605.0,7040.0,277218,207460.0,7647.0,37,7648.0,40,7649.0,87,7650.0,243,7651.0,6,7652.0,5,7653.0,17,7654.0,40,7655.0,52,7656.0,128,7652.0
ag2410,,13:40:03.0#,7623.0,7725.0,7586.0,8605.0,7040.0,277224,207462.0,7647.0,50,7648.0,26,7649.0,102,7650.0,214,7651.0,41,7652.0,1,7653.0,17,7654.0,25,7655.0,66,7656.0,115,7652.0
ag2410,,13:40:03.500#,7623.0,7725.0,7586.0,8605.0,7040.0,277229,207462.0,7647.0,72,7648.0,26,7649.0,100,7650.0,215,7651.0,41,7652.0,3,7653.0,18,7654.0,24,7655.0,65,7656.0,118,7652.0
ag2410,,13:40:04.0#,7623.0,7725.0,7586.0,8605.0,7040.0,277231,207462.0,7647.0,72,7648.0,26,7649.0,100,7650.0,230,7651.0,22,7652.0,1,7653.0,18,7654.0,24,7655.0,65,7656.0,118,7652.0
ag2410,,13:40:04.500#,7623.0,7725.0,7586.0,8605.0,7040.0,277245,207462.0,7647.0,58,7648.0,26,7649.0,100,7650.0,230,7651.0,17,7652.0,1,7653.0,18,7654.0,24,7655.0,65,7656.0,118,7652.0
ag2410,,13:40:05.0#,7623.0,7725.0,7586.0,8605.0,7040.0,277247,207460.0,7647.0,59,7648.0,26,7649.0,105,7650.0,215,7651.0,33,7652.0,11,7653.0,18,7654.0,26,7655.0,66,7656.0,116,7652.0
ag2410,,13:40:05.500#,7623.0,7725.0,7586.0,8605.0,7040.0,277249,207460.0,7646.0,36,7647.0,59,7648.0,26,7649.0,102,7650.0,245,7651.0,4,7652.0,11,7653.0,25,7654.0,26,7655.0,64,7651.0
ag2410,,13:40:06.0#,7623.0,7725.0,7586.0,8605.0,7040.0,277254,207458.0,7646.0,81,7647.0,14,7648.0,70,7649.0,46,7650.0,243,7652.0,13,7653.0,38,7654.0,32,7655.0,83,7656.0,92,7651.0
ag2410,,13:40:06.500#,7623.0,7725.0,7586.0,8605.0,7040.0,277255,207458.0,7646.0,66,7647.0,29,7648.0,85,7649.0,69,7650.0,210,7651.0,55,7652.0,20,7653.0,26,7654.0,56,7655.0,71,7651.0
ag2410,,13:40:07.0#,7623.0,7725.0,7586.0,8605.0,7040.0,277270,207453.0,7646.0,81,7647.0,59,7648.0,100,7649.0,25,7650.0,34,7651.0,62,7652.0,14,7653.0,78,7654.0,36,7655.0,101,7650.0
ag2410,,13:40:07.500#,7623.0,7725.0,7586.0,8605.0,7040.0,277318,207469.0,7644.0,16,7645.0,45,7646.0,82,7647.0,79,7648.0,49,7650.0,15,7651.0,57,7652.0,17,7653.0,115,7654.0,40,7649.0
ag2410,,13:40:08.0#,7623.0,7725.0,7586.0,8605.0,7040.0,277326,207472.0,7644.0,62,7645.0,47,7646.0,80,7647.0,86,7648.0,6,7649.0,4,7650.0,21,7651.0,44,7652.0,68,7653.0,48,7649.0
ag2410,,13:40:08.500#,7623.0,7725.0,7586.0,8605.0,7040.0,277334,207475.0,7643.0,4,7644.0,62,7645.0,62,7646.0,113,7647.0,53,7649.0,22,7650.0,18,7651.0,65,7652.0,79,7653.0,78,7649.0
ag2410,,13:40:09.0#,7623.0,7725.0,7586.0,8605.0,7040.0,277339,207476.0,7643.0,33,7644.0,47,7645.0,92,7646.0,85,7647.0,55,7649.0,19,7650.0,19,7651.0,84,7652.0,69,7653.0,82,7648.0
ag2410,,13:40:09.500#,7623.0,7725.0,7586.0,8605.0,7040.0,277340,207476.0,7643.0,48,7644.0,32,7645.0,122,7646.0,72,7647.0,54,7648.0,6,7649.0,20,7650.0,16,7651.0,98,7652.0,78,7647.0
ag2410,,13:40:10.0#,7623.0,7725.0,7586.0,8605.0,7040.0,277340,207476.0,7644.0,17,7645.0,152,7646.0,56,7647.0,36,7648.0,130,7649.0,22,7650.0,28,7651.0,98,7652.0,85,7653.0,66,7647.0
ag2410,,13:40:10.500#,7623.0,7725.0,7586.0,8605.0,7040.0,277385,207508.0,7644.0,77,7645.0,91,7646.0,114,7647.0,38,7648.0,86,7649.0,19,7650.0,13,7651.0,107,7652.0,58,7653.0,84,7648.0
ag2410,,13:40:11.0#,7623.0,7725.0,7586.0,8605.0,7040.0,277472,207545.0,7643.0,4,7644.0,62,7645.0,106,7646.0,99,7647.0,38,7648.0,22,7649.0,22,7650.0,28,7651.0,67,7652.0,52,7648.0
ag2410,,13:40:11.500#,7623.0,7725.0,7586.0,8605.0,7040.0,277478,207545.0,7643.0,50,7644.0,49,7645.0,121,7646.0,39,7647.0,35,7648.0,24,7649.0,18,7650.0,58,7651.0,66,7652.0,84,7648.0
ag2410,,13:40:12.0#,7623.0,7725.0,7586.0,8605.0,7040.0,277480,207545.0,7643.0,65,7644.0,63,7645.0,123,7646.0,23,7647.0,39,7648.0,17,7649.0,18,7650.0,66,7651.0,69,7652.0,71,7648.0
ag2410,,13:40:12.500#,7623.0,7725.0,7586.0,8605.0,7040.0,277481,207546.0,7643.0,65,7644.0,48,7645.0,117,7646.0,39,7647.0,36,7648.0,15,7649.0,20,7650.0,39,7651.0,93,7652.0,86,7648.0
ag2410,,13:40:13.0#,7623.0,7725.0,7586.0,8605.0,7040.0,277485,207550.0,7643.0,65,7644.0,50,7645.0,121,7646.0,53,7647.0,34,7648.0,12,7649.0,20,7650.0,46,7651.0,110,7652.0,83,7647.0
ag2410,,13:40:13.500#,7623.0,7725.0,7586.0,8605.0,7040.0,277497,207555.0,7643.0,65,7644.0,48,7645.0,108,7646.0,75,7647.0,38,7648.0,2,7649.0,19,7650.0,54,7651.0,92,7652.0,84,7647.0
ag2410,,13:40:14.0#,7623.0,7725.0,7586.0,8605.0,7040.0,277502,207558.0,7643.0,65,7644.0,61,7645.0,109,7646.0,44,7647.0,35,7648.0,5,7649.0,16,7650.0,46,7651.0,103,7652.0,70,7647.0
ag2410,,13:40:14.500#,7623.0,7725.0,7586.0,8605.0,7040.0,277513,207550.0,7643.0,65,7644.0,63,7645.0,137,7646.0,28,7647.0,17,7648.0,12,7649.0,30,7650.0,46,7651.0,100,7652.0,73,7648.0
ag2410,,13:40:15.0#,7623.0,7725.0,7586.0,8605.0,7040.0,277523,207542.0,7643.0,65,7644.0,78,7645.0,123,7646.0,28,7647.0,2,7648.0,12,7649.0,31,7650.0,53,7651.0,95,7652.0,68,7647.0
ag2410,,13:40:15.500#,7623.0,7725.0,7586.0,8605.0,7040.0,277525,207541.0,7642.0,32,7643.0,52,7644.0,85,7645.0,115,7646.0,28,7647.0,17,7648.0,14,7649.0,31,7650.0,69,7651.0,80,7647.0
ag2410,,13:40:16.0#,7623.0,7725.0,7586.0,8605.0,7040.0,277526,207541.0,7642.0,80,7643.0,35,7644.0,92,7645.0,81,7646.0,29,7647.0,16,7648.0,12,7649.0,42,7650.0,72,7651.0,90,7647.0
ag2410,,13:40:16.500#,7623.0,7725.0,7586.0,8605.0,7040.0,277527,207541.0,7642.0,80,7643.0,51,7644.0,92,7645.0,64,7646.0,17,7647.0,17,7648.0,10,7649.0,47,7650.0,101,7651.0,85,7647.0
ag2410,,13:40:17.0#,7623.0,7725.0,7586.0,8605.0,7040.0,277531,207542.0,7642.0,67,7643.0,66,7644.0,77,7645.0,63,7646.0,9,7647.0,17,7648.0,11,7649.0,43,7650.0,121,7651.0,82,7646.0
ag2410,,13:40:17.500#,7623.0,7725.0,7586.0,8605.0,7040.0,277540,207540.0,7641.0,41,7642.0,56,7643.0,78,7644.0,73,7645.0,34,7646.0,17,7647.0,19,7648.0,25,7649.0,42,7650.0,92,7646.0
ag2410,,13:40:18.0#,7623.0,7725.0,7586.0,8605.0,7040.0,277540,207540.0,7641.0,56,7642.0,47,7643.0,81,7644.0,77,7645.0,35,7646.0,26,7647.0,15,7648.0,43,7649.0,44,7650.0,128,7646.0
ag2410,,13:40:18.500#,7623.0,7725.0,7586.0,8605.0,7040.0,277576,207525.0,7641.0,71,7642.0,47,7643.0,81,7644.0,77,7645.0,36,7647.0,6,7648.0,45,7649.0,59,7650.0,111,7651.0,66,7647.0
ag2410,,13:40:19.0#,7623.0,7725.0,7586.0,8605.0,7040.0,277586,207522.0,7643.0,81,7644.0,92,7645.0,37,7646.0,1,7647.0,9,7648.0,25,7649.0,70,7650.0,90,7651.0,97,7652.0,19,7647.0
ag2410,,13:40:19.500#,7623.0,7725.0,7586.0,8605.0,7040.0,277595,207518.0,7642.0,46,7643.0,82,7644.0,103,7645.0,55,7646.0,2,7647.0,15,7648.0,35,7649.0,27,7650.0,105,7651.0,65,7647.0
ag2410,,13:40:20.0#,7623.0,7725.0,7586.0,8605.0,7040.0,277610,207511.0,7643.0,66,7644.0,59,7645.0,69,7646.0,19,7647.0,8,7648.0,9,7649.0,63,7650.0,55,7651.0,110,7652.0,34,7647.0
ag2410,,13:40:20.500#,7623.0,7725.0,7586.0,8605.0,7040.0,277624,207512.0,7642.0,46,7643.0,80,7644.0,85,7645.0,91,7646.0,21,7647.0,1,7648.0,1,7649.0,29,7650.0,101,7651.0,84,7647.0
ag2410,,13:40:21.0#,7623.0,7725.0,7586.0,8605.0,7040.0,277632,207508.0,7643.0,21,7644.0,104,7645.0,83,7646.0,20,7647.0,14,7648.0,3,7649.0,43,7650.0,70,7651.0,103,7652.0,72,7647.0
ag2410,,13:40:21.500#,7623.0,7725.0,7586.0,8605.0,7040.0,277632,207508.0,7643.0,81,7644.0,66,7645.0,122,7646.0,24,7647.0,15,7648.0,7,7649.0,30,7650.0,69,7651.0,116,7652.0,76,7647.0
ag2410,,13:40:22.0#,7623.0,7725.0,7586.0,8605.0,7040.0,277639,207503.0,7643.0,67,7644.0,93,7645.0,124,7646.0,24,7647.0,15,7649.0,28,7650.0,58,7651.0,113,7652.0,76,7653.0,50,7648.0
ag2410,,13:40:22.500#,7623.0,7725.0,7586.0,8605.0,7040.0,277642,207503.0,7643.0,67,7644.0,66,7645.0,136,7646.0,38,7647.0,17,7649.0,11,7650.0,60,7651.0,113,7652.0,45,7653.0,67,7648.0
ag2410,,13:40:23.0#,7623.0,7725.0,7586.0,8605.0,7040.0,277647,207503.0,7643.0,52,7644.0,67,7645.0,96,7646.0,81,7647.0,15,7649.0,11,7650.0,30,7651.0,98,7652.0,63,7653.0,97,7647.0
ag2410,,13:40:23.500#,7623.0,7725.0,7586.0,8605.0,7040.0,277648,207503.0,7643.0,52,7644.0,65,7645.0,128,7646.0,64,7647.0,16,7648.0,1,7649.0,12,7650.0,44,7651.0,99,7652.0,63,7647.0
ag2410,,13:40:24.0#,7623.0,7725.0,7586.0,8605.0,7040.0,277650,207502.0,7644.0,51,7645.0,144,7646.0,49,7647.0,16,7648.0,3,7649.0,13,7650.0,57,7651.0,88,7652.0,87,7653.0,63,7649.0
ag2410,,13:40:24.500#,7623.0,7725.0,7586.0,8605.0,7040.0,277651,207502.0,7644.0,71,7645.0,99,7646.0,74,7647.0,31,7648.0,6,7649.0,11,7650.0,29,7651.0,80,7652.0,80,7653.0,95,7648.0
ag2410,,13:40:25.0#,7623.0,7725.0,7586.0,8605.0,7040.0,277653,207503.0,7644.0,70,7645.0,120,7646.0,67,7647.0,31,7648.0,3,7649.0,11,7650.0,44,7651.0,94,7652.0,65,7653.0,95,7648.0
ag2410,,13:40:25.500#,7623.0,7725.0,7586.0,8605.0,7040.0,277653,207503.0,7644.0,70,7645.0,100,7646.0,88,7647.0,16,7648.0,2,7649.0,15,7650.0,29,7651.0,79,7652.0,73,7653.0,100,7648.0
ag2410,,13:40:26.0#,7623.0,7725.0,7586.0,8605.0,7040.0,277654,207503.0,7644.0,71,7645.0,100,7646.0,88,7647.0,33,7648.0,1,7649.0,14,7650.0,29,7651.0,92,7652.0,73,7653.0,101,7649.0
ag2410,,13:40:26.500#,7623.0,7725.0,7586.0,8605.0,7040.0,277658,207504.0,7643.0,38,7644.0,70,7645.0,106,7646.0,83,7647.0,18,7648.0,1,7649.0,11,7650.0,29,7651.0,95,7652.0,62,7648.0
ag2410,,13:40:27.0#,7623.0,7725.0,7586.0,8605.0,7040.0,277683,207498.0,7645.0,113,7646.0,93,7647.0,18,7648.0,13,7649.0,97,7650.0,42,7651.0,79,7652.0,79,7653.0,76,7654.0,48,7649.0
ag2410,,13:40:27.500#,7623.0,7725.0,7586.0,8605.0,7040.0,277684,207498.0,7645.0,110,7646.0,96,7647.0,75,7648.0,15,7649.0,97,7650.0,26,7651.0,50,7652.0,60,7653.0,79,7654.0,50,7649.0
ag2410,,13:40:28.0#,7623.0,7725.0,7586.0,8605.0,7040.0,277688,207498.0,7645.0,97,7646.0,105,7647.0,80,7648.0,15,7649.0,98,7650.0,22,7651.0,35,7652.0,70,7653.0,70,7654.0,64,7650.0
ag2410,,13:40:28.500#,7623.0,7725.0,7586.0,8605.0,7040.0,277702,207505.0,7645.0,82,7646.0,92,7647.0,107,7648.0,17,7649.0,97,7650.0,9,7651.0,22,7652.0,52,7653.0,96,7654.0,71,7649.0
ag2410,,13:40:29.0#,7623.0,7725.0,7586.0,8605.0,7040.0,277720,207504.0,7645.0,82,7646.0,61,7647.0,152,7648.0,18,7649.0,87,7650.0,1,7651.0,22,7652.0,60,7653.0,95,7654.0,66,7650.0
ag2410,,13:40:29.500#,7623.0,7725.0,7586.0,8605.0,7040.0,277721,207504.0,7646.0,47,7647.0,150,7648.0,33,7649.0,89,7650.0,33,7651.0,22,7652.0,60,7653.0,80,7654.0,66,7655.0,65,7650.0
ag2410,,13:40:30.0#,7623.0,7725.0,7586.0,8605.0,7040.0,277727,207504.0,7646.0,87,7647.0,121,7648.0,60,7649.0,92,7650.0,27,7651.0,21,7652.0,46,7653.0,72,7654.0,73,7655.0,68,7650.0
ag2410,,13:40:30.500#,7623.0,7725.0,7586.0,8605.0,7040.0,277735,207511.0,7646.0,72,7647.0,119,7648.0,77,7649.0,92,7650.0,20,7651.0,19,7652.0,32,7653.0,76,7654.0,84,7655.0,67,7650.0
ag2410,,13:40:31.0#,7623.0,7725.0,7586.0,8605.0,7040.0,277739,207513.0,7646.0,72,7647.0,89,7648.0,92,7649.0,72,7650.0,20,7651.0,15,7652.0,19,7653.0,75,7654.0,85,7655.0,67,7651.0
ag2410,,13:40:31.500#,7623.0,7725.0,7586.0,8605.0,7040.0,277739,207513.0,7646.0,87,7647.0,47,7648.0,137,7649.0,72,7650.0,20,7651.0,5,7652.0,18,7653.0,74,7654.0,102,7655.0,67,7651.0
ag2410,,13:40:32.0#,7623.0,7725.0,7586.0,8605.0,7040.0,277744,207511.0,7647.0,47,7648.0,122,7649.0,85,7650.0,22,7651.0,11,7652.0,18,7653.0,64,7654.0,94,7655.0,70,7656.0,87,7651.0
ag2410,,13:40:32.500#,7623.0,7725.0,7586.0,8605.0,7040.0,277745,207510.0,7647.0,61,7648.0,112,7649.0,108,7650.0,24,7651.0,14,7652.0,14,7653.0,35,7654.0,111,7655.0,52,7656.0,130,7652.0
ag2410,,13:40:33.0#,7623.0,7725.0,7586.0,8605.0,7040.0,277746,207509.0,7647.0,61,7648.0,40,7649.0,166,7650.0,24,7651.0,14,7652.0,11,7653.0,20,7654.0,65,7655.0,98,7656.0,108,7652.0
ag2410,,13:40:33.500#,7623.0,7725.0,7586.0,8605.0,7040.0,277747,207509.0,7647.0,75,7648.0,44,7649.0,176,7650.0,38,7651.0,16,7652.0,12,7653.0,21,7654.0,65,7655.0,97,7656.0,96,7652.0
ag2410,,13:40:34.0#,7623.0,7725.0,7586.0,8605.0,7040.0,277759,207511.0,7648.0,43,7649.0,192,7650.0,23,7651.0,17,7652.0,21,7653.0,21,7654.0,57,7655.0,99,7656.0,102,7657.0,44,7652.0
ag2410,,13:40:34.500#,7623.0,7725.0,7586.0,8605.0,7040.0,277760,207512.0,7648.0,61,7649.0,157,7650.0,71,7651.0,19,7652.0,20,7653.0,17,7654.0,37,7655.0,99,7656.0,93,7657.0,76,7652.0
ag2410,,13:40:35.0#,7623.0,7725.0,7586.0,8605.0,7040.0,277760,207512.0,7648.0,89,7649.0,139,7650.0,90,7651.0,17,7652.0,22,7653.0,17,7654.0,37,7655.0,91,7656.0,100,7657.0,44,7652.0
ag2410,,13:40:35.500#,7623.0,7725.0,7586.0,8605.0,7040.0,277784,207518.0,7647.0,28,7648.0,75,7649.0,139,7650.0,93,7651.0,17,7652.0,6,7653.0,17,7654.0,37,7655.0,79,7656.0,90,7652.0
ag2410,,13:40:36.0#,7623.0,7725.0,7586.0,8605.0,7040.0,277787,207518.0,7647.0,73,7648.0,45,7649.0,189,7650.0,23,7651.0,11,7652.0,8,7653.0,49,7654.0,51,7655.0,65,7656.0,113,7651.0
ag2410,,13:40:36.500#,7623.0,7725.0,7586.0,8605.0,7040.0,277792,207515.0,7647.0,73,7648.0,44,7649.0,191,7650.0,22,7651.0,6,7652.0,9,7653.0,36,7654.0,57,7655.0,99,7656.0,101,7652.0
ag2410,,13:40:37.0#,7623.0,7725.0,7586.0,8605.0,7040.0,277795,207514.0,7647.0,60,7648.0,73,7649.0,162,7650.0,22,7651.0,3,7652.0,12,7653.0,36,7654.0,90,7655.0,76,7656.0,106,7651.0
ag2410,,13:40:37.500#,7623.0,7725.0,7586.0,8605.0,7040.0,277802,207514.0,7646.0,58,7647.0,60,7648.0,90,7649.0,146,7650.0,20,7651.0,3,7652.0,10,7653.0,37,7654.0,109,7655.0,55,7650.0
ag2410,,13:40:38.0#,7623.0,7725.0,7586.0,8605.0,7040.0,277804,207515.0,7646.0,91,7647.0,29,7648.0,136,7649.0,104,7650.0,19,7651.0,2,7652.0,12,7653.0,50,7654.0,105,7655.0,78,7651.0
ag2410,,13:40:38.500#,7623.0,7725.0,7586.0,8605.0,7040.0,277804,207515.0,7646.0,91,7647.0,29,7648.0,136,7649.0,88,7650.0,20,7652.0,12,7653.0,50,7654.0,96,7655.0,74,7656.0,76,7651.0
ag2410,,13:40:39.0#,7623.0,7725.0,7586.0,8605.0,7040.0,277804,207515.0,7646.0,76,7647.0,43,7648.0,138,7649.0,87,7650.0,20,7651.0,4,7652.0,10,7653.0,67,7654.0,91,7655.0,60,7651.0
ag2410,,13:40:39.500#,7623.0,7725.0,7586.0,8605.0,7040.0,277804,207515.0,7646.0,76,7647.0,43,7648.0,253,7649.0,72,7650.0,18,7651.0,6,7652.0,15,7653.0,80,7654.0,82,7655.0,85,7651.0
ag2410,,13:40:40.0#,7623.0,7725.0,7586.0,8605.0,7040.0,277804,207515.0,7646.0,76,7647.0,29,7648.0,266,7649.0,73,7650.0,18,7651.0,6,7652.0,15,7653.0,87,7654.0,68,7655.0,76,7651.0
ag2410,,13:40:40.500#,7623.0,7725.0,7586.0,8605.0,7040.0,277816,207517.0,7646.0,76,7647.0,29,7648.0,266,7649.0,73,7650.0,7,7651.0,25,7652.0,15,7653.0,87,7654.0,68,7655.0,77,7650.0
ag2410,,13:40:41.0#,7623.0,7725.0,7586.0,8605.0,7040.0,277819,207519.0,7646.0,78,7647.0,102,7648.0,163,7649.0,73,7650.0,7,7651.0,37,7652.0,30,7653.0,76,7654.0,74,7655.0,80,7650.0
ag2410,,13:40:41.500#,7623.0,7725.0,7586.0,8605.0,7040.0,277829,207524.0,7645.0,65,7646.0,78,7647.0,89,7648.0,177,7649.0,86,7650.0,30,7651.0,23,7652.0,17,7653.0,132,7654.0,47,7650.0
ag2410,,13:40:42.0#,7623.0,7725.0,7586.0,8605.0,7040.0,277831,207523.0,7645.0,82,7646.0,38,7647.0,149,7648.0,142,7649.0,68,7650.0,10,7651.0,25,7652.0,52,7653.0,105,7654.0,69,7650.0
ag2410,,13:40:42.500#,7623.0,7725.0,7586.0,8605.0,7040.0,277831,207523.0,7645.0,82,7646.0,38,7647.0,148,7648.0,126,7649.0,68,7650.0,10,7651.0,25,7652.0,46,7653.0,94,7654.0,86,7650.0
ag2410,,13:40:43.0#,7623.0,7725.0,7586.0,8605.0,7040.0,277838,207525.0,7645.0,82,7646.0,83,7647.0,118,7648.0,126,7649.0,67,7650.0,6,7651.0,41,7652.0,63,7653.0,81,7654.0,84,7650.0
ag2410,,13:40:43.500#,7623.0,7725.0,7586.0,8605.0,7040.0,277845,207522.0,7645.0,82,7646.0,98,7647.0,103,7648.0,126,7649.0,60,7650.0,15,7651.0,56,7652.0,57,7653.0,70,7654.0,84,7649.0
ag2410,,13:40:44.0#,7623.0,7725.0,7586.0,8605.0,7040.0,277850,207517.0,7645.0,82,7646.0,127,7647.0,75,7648.0,117,7649.0,55,7650.0,10,7651.0,57,7652.0,59,7653.0,84,7654.0,82,7649.0
ag2410,,13:40:44.500#,7623.0,7725.0,7586.0,8605.0,7040.0,277864,207525.0,7646.0,98,7647.0,75,7648.0,117,7649.0,53,7650.0,22,7651.0,72,7652.0,44,7653.0,84,7654.0,84,7655.0,65,7650.0
ag2410,,13:40:45.0#,7623.0,7725.0,7586.0,8605.0,7040.0,277876,207536.0,7646.0,116,7647.0,75,7648.0,145,7649.0,55,7650.0,11,7651.0,37,7652.0,50,7653.0,101,7654.0,68,7655.0,83,7650.0
ag2410,,13:40:45.500#,7623.0,7725.0,7586.0,8605.0,7040.0,277878,207537.0,7646.0,96,7647.0,103,7648.0,146,7649.0,55,7650.0,10,7651.0,29,7652.0,65,7653.0,94,7654.0,55,7655.0,81,7650.0
ag2410,,13:40:46.0#,7623.0,7725.0,7586.0,8605.0,7040.0,277878,207537.0,7646.0,81,7647.0,118,7648.0,146,7649.0,55,7650.0,12,7651.0,37,7652.0,65,7653.0,94,7654.0,55,7655.0,81,7650.0
ag2410,,13:40:46.500#,7623.0,7725.0,7586.0,8605.0,7040.0,277878,207537.0,7646.0,66,7647.0,88,7648.0,182,7649.0,55,7650.0,14,7651.0,28,7652.0,21,7653.0,109,7654.0,69,7655.0,83,7650.0
ag2410,,13:40:47.0#,7623.0,7725.0,7586.0,8605.0,7040.0,277878,207537.0,7646.0,66,7647.0,86,7648.0,198,7649.0,56,7650.0,13,7651.0,25,7652.0,20,7653.0,121,7654.0,73,7655.0,83,7650.0
ag2410,,13:40:47.500#,7623.0,7725.0,7586.0,8605.0,7040.0,277886,207537.0,7646.0,66,7647.0,86,7648.0,198,7649.0,56,7650.0,5,7651.0,25,7652.0,20,7653.0,122,7654.0,72,7655.0,83,7650.0
ag2410,,13:40:48.0#,7623.0,7725.0,7586.0,8605.0,7040.0,277899,207544.0,7646.0,66,7647.0,71,7648.0,213,7649.0,56,7650.0,3,7651.0,26,7652.0,20,7653.0,107,7654.0,87,7655.0,83,7650.0
ag2410,,13:40:48.500#,7623.0,7725.0,7586.0,8605.0,7040.0,277899,207544.0,7646.0,66,7647.0,86,7648.0,198,7649.0,56,7650.0,11,7651.0,26,7652.0,20,7653.0,115,7654.0,79,7655.0,83,7650.0
ag2410,,13:40:49.0#,7623.0,7725.0,7586.0,8605.0,7040.0,277905,207544.0,7646.0,66,7647.0,56,7648.0,228,7649.0,56,7650.0,14,7651.0,4,7652.0,20,7653.0,104,7654.0,75,7655.0,83,7651.0
ag2410,,13:40:49.500#,7623.0,7725.0,7586.0,8605.0,7040.0,277911,207548.0,7646.0,64,7647.0,57,7648.0,243,7649.0,56,7650.0,14,7652.0,20,7653.0,89,7654.0,88,7655.0,70,7656.0,61,7651.0
ag2410,,13:40:50.0#,7623.0,7725.0,7586.0,8605.0,7040.0,277913,207546.0,7646.0,64,7647.0,42,7648.0,258,7649.0,56,7650.0,13,7651.0,1,7652.0,20,7653.0,79,7654.0,85,7655.0,67,7651.0
ag2410,,13:40:50.500#,7623.0,7725.0,7586.0,8605.0,7040.0,277914,207546.0,7646.0,64,7647.0,43,7648.0,256,7649.0,57,7650.0,9,7651.0,5,7652.0,22,7653.0,84,7654.0,69,7655.0,62,7650.0
ag2410,,13:40:51.0#,7623.0,7725.0,7586.0,8605.0,7040.0,277914,207546.0,7646.0,64,7647.0,58,7648.0,240,7649.0,57,7650.0,7,7651.0,7,7652.0,23,7653.0,101,7654.0,75,7655.0,57,7650.0
ag2410,,13:40:51.500#,7623.0,7725.0,7586.0,8605.0,7040.0,277914,207546.0,7646.0,51,7647.0,71,7648.0,212,7649.0,56,7650.0,8,7651.0,2,7652.0,23,7653.0,103,7654.0,60,7655.0,83,7650.0
ag2410,,13:40:52.0#,7623.0,7725.0,7586.0,8605.0,7040.0,277920,207548.0,7647.0,57,7648.0,242,7649.0,56,7650.0,3,7651.0,1,7652.0,25,7653.0,71,7654.0,100,7655.0,76,7656.0,62,7650.0
ag2410,,13:40:52.500#,7623.0,7725.0,7586.0,8605.0,7040.0,277920,207548.0,7647.0,87,7648.0,177,7649.0,104,7650.0,5,7651.0,12,7652.0,23,7653.0,34,7654.0,130,7655.0,37,7656.0,95,7650.0
ag2410,,13:40:53.0#,7623.0,7725.0,7586.0,8605.0,7040.0,277920,207548.0,7647.0,58,7648.0,200,7649.0,125,7650.0,5,7651.0,9,7652.0,21,7653.0,34,7654.0,129,7655.0,39,7656.0,109,7650.0
ag2410,,13:40:53.500#,7623.0,7725.0,7586.0,8605.0,7040.0,277920,207548.0,7647.0,59,7648.0,198,7649.0,126,7650.0,5,7651.0,11,7652.0,21,7653.0,36,7654.0,129,7655.0,39,7656.0,109,7650.0
ag2410,,13:40:54.0#,7623.0,7725.0,7586.0,8605.0,7040.0,277921,207548.0,7647.0,59,7648.0,174,7649.0,150,7650.0,6,7651.0,10,7652.0,19,7653.0,36,7654.0,99,7655.0,69,7656.0,109,7651.0
ag2410,,13:40:54.500#,7623.0,7725.0,7586.0,8605.0,7040.0,277955,207559.0,7647.0,59,7648.0,169,7649.0,126,7650.0,21,7651.0,9,7652.0,1,7653.0,36,7654.0,64,7655.0,84,7656.0,99,7652.0
ag2410,,13:40:55.0#,7623.0,7725.0,7586.0,8605.0,7040.0,277958,207557.0,7648.0,172,7649.0,137,7650.0,37,7651.0,3,7652.0,6,7653.0,35,7654.0,46,7655.0,122,7656.0,81,7657.0,39,7652.0
ag2410,,13:40:55.500#,7623.0,7725.0,7586.0,8605.0,7040.0,277960,207556.0,7648.0,196,7649.0,126,7650.0,55,7651.0,5,7652.0,8,7653.0,33,7654.0,25,7655.0,145,7656.0,48,7657.0,70,7653.0
ag2410,,13:40:56.0#,7623.0,7725.0,7586.0,8605.0,7040.0,277970,207552.0,7648.0,175,7649.0,125,7650.0,73,7651.0,6,7652.0,5,7653.0,27,7654.0,27,7655.0,130,7656.0,63,7657.0,70,7652.0
ag2410,,13:40:56.500#,7623.0,7725.0,7586.0,8605.0,7040.0,277972,207552.0,7648.0,168,7649.0,123,7650.0,87,7651.0,7,7652.0,1,7653.0,27,7654.0,27,7655.0,130,7656.0,63,7657.0,70,7652.0
ag2410,,13:40:57.0#,7623.0,7725.0,7586.0,8605.0,7040.0,277972,207552.0,7648.0,168,7649.0,123,7650.0,88,7651.0,7,7652.0,1,7653.0,27,7654.0,27,7655.0,130,7656.0,63,7657.0,70,7652.0
ag2410,,13:40:57.500#,7623.0,7725.0,7586.0,8605.0,7040.0,277973,207552.0,7647.0,27,7648.0,168,7649.0,74,7650.0,88,7651.0,7,7652.0,4,7653.0,27,7654.0,27,7655.0,115,7656.0,78,7652.0
ag2410,,13:40:58.0#,7623.0,7725.0,7586.0,8605.0,7040.0,277975,207554.0,7647.0,60,7648.0,152,7649.0,80,7650.0,67,7651.0,5,7652.0,3,7653.0,29,7654.0,40,7655.0,130,7656.0,81,7652.0
ag2410,,13:40:58.500#,7623.0,7725.0,7586.0,8605.0,7040.0,277975,207554.0,7647.0,60,7648.0,162,7649.0,74,7650.0,67,7651.0,17,7652.0,3,7653.0,29,7654.0,40,7655.0,128,7656.0,82,7652.0
ag2410,,13:40:59.0#,7623.0,7725.0,7586.0,8605.0,7040.0,277975,207554.0,7647.0,60,7648.0,170,7649.0,63,7650.0,67,7651.0,17,7652.0,5,7653.0,29,7654.0,39,7655.0,128,7656.0,82,7652.0
ag2410,,13:40:59.500#,7623.0,7725.0,7586.0,8605.0,7040.0,277975,207554.0,7647.0,60,7648.0,169,7649.0,93,7650.0,36,7651.0,8,7652.0,14,7653.0,27,7654.0,45,7655.0,122,7656.0,80,7652.0
ag2410,,13:41:00.0#,7623.0,7725.0,7586.0,8605.0,7040.0,277976,207553.0,7647.0,62,7648.0,169,7649.0,78,7650.0,21,7651.0,8,7652.0,12,7653.0,27,7654.0,61,7655.0,92,7656.0,93,7651.0
ag2410,,13:41:00.500#,7623.0,7725.0,7586.0,8605.0,7040.0,277976,207553.0,7647.0,62,7648.0,176,7649.0,87,7650.0,20,7651.0,8,7652.0,15,7653.0,28,7654.0,77,7655.0,82,7656.0,101,7651.0
ag2410,,13:41:01.0#,7623.0,7725.0,7586.0,8605.0,7040.0,277976,207553.0,7647.0,62,7648.0,173,7649.0,90,7650.0,20,7651.0,6,7652.0,15,7653.0,30,7654.0,94,7655.0,72,7656.0,93,7651.0
ag2410,,13:41:01.500#,7623.0,7725.0,7586.0,8605.0,7040.0,277976,207553.0,7647.0,61,7648.0,173,7649.0,75,7650.0,36,7651.0,9,7652.0,13,7653.0,30,7654.0,81,7655.0,85,7656.0,93,7651.0
ag2410,,13:41:02.0#,7623.0,7725.0,7586.0,8605.0,7040.0,277976,207553.0,7647.0,61,7648.0,173,7649.0,74,7650.0,38,7651.0,9,7652.0,13,7653.0,29,7654.0,76,7655.0,85,7656.0,100,7651.0
ag2410,,13:41:02.500#,7623.0,7725.0,7586.0,8605.0,7040.0,277977,207552.0,7647.0,61,7648.0,173,7649.0,74,7650.0,37,7651.0,9,7652.0,12,7653.0,29,7654.0,76,7655.0,85,7656.0,100,7651.0
ag2410,,13:41:03.0#,7623.0,7725.0,7586.0,8605.0,7040.0,277977,207552.0,7647.0,61,7648.0,173,7649.0,74,7650.0,37,7651.0,11,7652.0,14,7653.0,29,7654.0,76,7655.0,85,7656.0,100,7651.0
ag2410,,13:41:03.500#,7623.0,7725.0,7586.0,8605.0,7040.0,277977,207552.0,7647.0,61,7648.0,173,7649.0,74,7650.0,37,7651.0,13,7652.0,15,7653.0,30,7654.0,76,7655.0,85,7656.0,100,7651.0
ag2410,,13:41:04.0#,7623.0,7725.0,7586.0,8605.0,7040.0,277980,207551.0,7647.0,61,7648.0,173,7649.0,73,7650.0,37,7651.0,9,7652.0,17,7653.0,30,7654.0,76,7655.0,85,7656.0,101,7651.0
ag2410,,13:41:04.500#,7623.0,7725.0,7586.0,8605.0,7040.0,277980,207551.0,7647.0,61,7648.0,173,7649.0,44,7650.0,53,7651.0,12,7652.0,18,7653.0,31,7654.0,65,7655.0,73,7656.0,109,7651.0
ag2410,,13:41:05.0#,7623.0,7725.0,7586.0,8605.0,7040.0,277988,207551.0,7647.0,61,7648.0,172,7649.0,74,7650.0,38,7651.0,8,7652.0,17,7653.0,30,7654.0,79,7655.0,90,7656.0,94,7652.0
ag2410,,13:41:05.500#,7623.0,7725.0,7586.0,8605.0,7040.0,278001,207558.0,7646.0,31,7647.0,61,7648.0,173,7649.0,90,7650.0,9,7651.0,33,7652.0,20,7653.0,31,7654.0,95,7655.0,72,7651.0
ag2410,,13:41:06.0#,7623.0,7725.0,7586.0,8605.0,7040.0,278014,207556.0,7645.0,66,7646.0,47,7647.0,71,7648.0,183,7649.0,19,7650.0,13,7651.0,41,7652.0,18,7653.0,76,7654.0,70,7650.0
ag2410,,13:41:06.500#,7623.0,7725.0,7586.0,8605.0,7040.0,278034,207571.0,7644.0,23,7645.0,83,7646.0,31,7647.0,116,7648.0,136,7649.0,3,7650.0,17,7651.0,20,7652.0,64,7653.0,71,7649.0
ag2410,,13:41:07.0#,7623.0,7725.0,7586.0,8605.0,7040.0,278086,207589.0,7646.0,89,7647.0,45,7648.0,121,7650.0,15,7651.0,48,7652.0,73,7653.0,71,7654.0,79,7655.0,61,7656.0,33,7651.0
ag2410,,13:41:07.500#,7623.0,7725.0,7586.0,8605.0,7040.0,278142,207607.0,7646.0,74,7647.0,88,7648.0,169,7649.0,1,7650.0,10,7651.0,79,7652.0,98,7653.0,31,7654.0,74,7655.0,63,7650.0
ag2410,,13:41:08.0#,7623.0,7725.0,7586.0,8605.0,7040.0,278147,207607.0,7646.0,62,7647.0,75,7648.0,151,7649.0,1,7650.0,5,7651.0,34,7652.0,61,7653.0,79,7654.0,72,7655.0,108,7650.0
ag2410,,13:41:08.500#,7623.0,7725.0,7586.0,8605.0,7040.0,278173,207594.0,7646.0,62,7647.0,92,7648.0,151,7649.0,16,7650.0,14,7651.0,1,7652.0,41,7653.0,94,7654.0,66,7655.0,93,7651.0
ag2410,,13:41:09.0#,7623.0,7725.0,7586.0,8605.0,7040.0,278175,207593.0,7647.0,27,7648.0,214,7649.0,18,7650.0,15,7651.0,48,7652.0,22,7653.0,43,7654.0,87,7655.0,94,7656.0,78,7651.0
ag2410,,13:41:09.500#,7623.0,7725.0,7586.0,8605.0,7040.0,278182,207591.0,7647.0,85,7648.0,165,7649.0,54,7650.0,39,7651.0,46,7652.0,13,7653.0,35,7654.0,74,7655.0,100,7656.0,83,7651.0
ag2410,,13:41:10.0#,7623.0,7725.0,7586.0,8605.0,7040.0,278183,207591.0,7647.0,71,7648.0,158,7649.0,75,7650.0,41,7651.0,43,7652.0,12,7653.0,35,7654.0,46,7655.0,114,7656.0,98,7652.0
ag2410,,13:41:11.0#,7623.0,7725.0,7586.0,8605.0,7040.0,278189,207591.0,7647.0,71,7648.0,144,7649.0,100,7650.0,41,7651.0,41,7652.0,9,7653.0,35,7654.0,52,7655.0,123,7656.0,99,7652.0
ag2410,,13:41:11.500#,7623.0,7725.0,7586.0,8605.0,7040.0,278190,207592.0,7647.0,73,7648.0,143,7649.0,100,7650.0,41,7651.0,40,7652.0,8,7653.0,35,7654.0,52,7655.0,124,7656.0,98,7652.0
ag2410,,13:41:12.0#,7623.0,7725.0,7586.0,8605.0,7040.0,278190,207592.0,7647.0,73,7648.0,143,7649.0,100,7650.0,41,7651.0,35,7652.0,7,7653.0,35,7654.0,52,7655.0,124,7656.0,98,7652.0
ag2410,,13:41:12.500#,7623.0,7725.0,7586.0,8605.0,7040.0,278191,207591.0,7647.0,73,7648.0,140,7649.0,103,7650.0,41,7651.0,29,7652.0,7,7653.0,35,7654.0,60,7655.0,116,7656.0,98,7651.0
ag2410,,13:41:13.0#,7623.0,7725.0,7586.0,8605.0,7040.0,278191,207591.0,7647.0,73,7648.0,140,7649.0,102,7650.0,43,7651.0,29,7652.0,7,7653.0,36,7654.0,52,7655.0,124,7656.0,98,7651.0
ag2410,,13:41:13.500#,7623.0,7725.0,7586.0,8605.0,7040.0,278191,207591.0,7647.0,73,7648.0,140,7649.0,102,7650.0,43,7651.0,29,7652.0,9,7653.0,36,7654.0,52,7655.0,124,7656.0,98,7651.0
ag2410,,13:41:14.0#,7623.0,7725.0,7586.0,8605.0,7040.0,278191,207591.0,7647.0,73,7648.0,140,7649.0,102,7650.0,43,7651.0,29,7652.0,11,7653.0,21,7654.0,52,7655.0,124,7656.0,98,7651.0
ag2410,,13:41:14.500#,7623.0,7725.0,7586.0,8605.0,7040.0,278201,207596.0,7647.0,73,7648.0,137,7649.0,105,7650.0,43,7651.0,17,7652.0,11,7653.0,22,7654.0,59,7655.0,117,7656.0,98,7651.0
ag2410,,13:41:15.0#,7623.0,7725.0,7586.0,8605.0,7040.0,278203,207596.0,7647.0,73,7648.0,153,7649.0,90,7650.0,43,7651.0,11,7652.0,13,7653.0,21,7654.0,60,7655.0,116,7656.0,98,7651.0
ag2410,,13:41:15.500#,7623.0,7725.0,7586.0,8605.0,7040.0,278208,207601.0,7647.0,60,7648.0,171,7649.0,69,7650.0,43,7651.0,6,7652.0,28,7653.0,21,7654.0,67,7655.0,109,7656.0,112,7651.0
ag2410,,13:41:16.0#,7623.0,7725.0,7586.0,8605.0,7040.0,278208,207601.0,7647.0,60,7648.0,188,7649.0,52,7650.0,42,7651.0,7,7652.0,27,7653.0,22,7654.0,93,7655.0,83,7656.0,111,7651.0
ag2410,,13:41:16.500#,7623.0,7725.0,7586.0,8605.0,7040.0,278208,207601.0,7647.0,60,7648.0,176,7649.0,63,7650.0,42,7651.0,9,7652.0,30,7653.0,22,7654.0,86,7655.0,90,7656.0,112,7651.0
ag2410,,13:41:17.0#,7623.0,7725.0,7586.0,8605.0,7040.0,278209,207602.0,7647.0,60,7648.0,188,7649.0,52,7650.0,42,7651.0,7,7652.0,30,7653.0,22,7654.0,95,7655.0,81,7656.0,112,7651.0
ag2410,,13:41:17.500#,7623.0,7725.0,7586.0,8605.0,7040.0,278210,207602.0,7647.0,60,7648.0,190,7649.0,50,7650.0,42,7651.0,6,7652.0,30,7653.0,22,7654.0,104,7655.0,72,7656.0,113,7651.0
ag2410,,13:41:18.0#,7623.0,7725.0,7586.0,8605.0,7040.0,278213,207604.0,7647.0,74,7648.0,177,7649.0,49,7650.0,42,7651.0,3,7652.0,34,7653.0,22,7654.0,106,7655.0,84,7656.0,99,7651.0
ag2410,,13:41:18.500#,7623.0,7725.0,7586.0,8605.0,7040.0,278213,207604.0,7647.0,74,7648.0,177,7649.0,49,7650.0,42,7651.0,5,7652.0,37,7653.0,22,7654.0,106,7655.0,83,7656.0,99,7651.0
ag2410,,13:41:19.0#,7623.0,7725.0,7586.0,8605.0,7040.0,278213,207604.0,7647.0,74,7648.0,177,7649.0,49,7650.0,42,7651.0,7,7652.0,37,7653.0,22,7654.0,112,7655.0,77,7656.0,99,7651.0
ag2410,,13:41:19.500#,7623.0,7725.0,7586.0,8605.0,7040.0,278213,207604.0,7647.0,74,7648.0,177,7649.0,49,7650.0,42,7651.0,5,7652.0,37,7653.0,22,7654.0,127,7655.0,62,7656.0,99,7651.0
ag2410,,13:41:20.0#,7623.0,7725.0,7586.0,8605.0,7040.0,278213,207604.0,7647.0,74,7648.0,177,7649.0,49,7650.0,43,7651.0,4,7652.0,37,7653.0,22,7654.0,128,7655.0,61,7656.0,99,7651.0
ag2410,,13:41:20.500#,7623.0,7725.0,7586.0,8605.0,7040.0,278213,207604.0,7647.0,74,7648.0,177,7649.0,49,7650.0,43,7651.0,5,7652.0,37,7653.0,22,7654.0,128,7655.0,61,7656.0,99,7651.0
ag2410,,13:41:21.0#,7623.0,7725.0,7586.0,8605.0,7040.0,278215,207604.0,7647.0,74,7648.0,177,7649.0,34,7650.0,43,7651.0,2,7652.0,39,7653.0,22,7654.0,112,7655.0,61,7656.0,99,7651.0
ag2410,,13:41:21.500#,7623.0,7725.0,7586.0,8605.0,7040.0,278222,207608.0,7646.0,45,7647.0,59,7648.0,193,7649.0,36,7650.0,43,7652.0,35,7653.0,37,7654.0,108,7655.0,62,7656.0,114,7652.0
ag2410,,13:41:22.0#,7623.0,7725.0,7586.0,8605.0,7040.0,278231,207603.0,7647.0,44,7648.0,200,7649.0,32,7650.0,24,7651.0,1,7652.0,29,7653.0,22,7654.0,109,7655.0,61,7656.0,114,7651.0
ag2410,,13:41:22.500#,7623.0,7725.0,7586.0,8605.0,7040.0,278231,207603.0,7647.0,60,7648.0,199,7649.0,39,7650.0,41,7651.0,7,7652.0,29,7653.0,24,7654.0,116,7655.0,69,7656.0,113,7651.0
ag2410,,13:41:23.0#,7623.0,7725.0,7586.0,8605.0,7040.0,278233,207604.0,7647.0,75,7648.0,193,7649.0,56,7650.0,26,7651.0,2,7652.0,29,7653.0,24,7654.0,123,7655.0,62,7656.0,98,7651.0
ag2410,,13:41:23.500#,7623.0,7725.0,7586.0,8605.0,7040.0,278233,207604.0,7646.0,30,7647.0,75,7648.0,193,7649.0,56,7650.0,26,7652.0,29,7653.0,24,7654.0,124,7655.0,61,7656.0,98,7651.0
ag2410,,13:41:24.0#,7623.0,7725.0,7586.0,8605.0,7040.0,278233,207604.0,7646.0,60,7647.0,44,7648.0,215,7649.0,36,7650.0,23,7651.0,1,7652.0,29,7653.0,35,7654.0,110,7655.0,79,7651.0
ag2410,,13:41:24.500#,7623.0,7725.0,7586.0,8605.0,7040.0,278254,207611.0,7646.0,60,7647.0,44,7648.0,215,7649.0,20,7650.0,23,7651.0,14,7652.0,14,7653.0,31,7654.0,95,7655.0,96,7652.0
ag2410,,13:41:25.0#,7623.0,7725.0,7586.0,8605.0,7040.0,278269,207617.0,7646.0,60,7647.0,59,7648.0,200,7649.0,5,7650.0,54,7652.0,9,7653.0,46,7654.0,90,7655.0,101,7656.0,50,7651.0
ag2410,,13:41:25.500#,7623.0,7725.0,7586.0,8605.0,7040.0,278269,207617.0,7647.0,45,7648.0,219,7649.0,21,7650.0,38,7651.0,7,7652.0,10,7653.0,36,7654.0,94,7655.0,57,7656.0,96,7651.0
ag2410,,13:41:26.0#,7623.0,7725.0,7586.0,8605.0,7040.0,278269,207617.0,7647.0,62,7648.0,207,7649.0,41,7650.0,25,7651.0,16,7652.0,10,7653.0,21,7654.0,95,7655.0,67,7656.0,96,7651.0
ag2410,,13:41:26.500#,7623.0,7725.0,7586.0,8605.0,7040.0,278270,207617.0,7647.0,75,7648.0,177,7649.0,86,7650.0,26,7651.0,9,7652.0,10,7653.0,19,7654.0,75,7655.0,95,7656.0,90,7651.0
ag2410,,13:41:27.0#,7623.0,7725.0,7586.0,8605.0,7040.0,278273,207619.0,7646.0,30,7647.0,62,7648.0,201,7649.0,30,7650.0,35,7651.0,16,7652.0,11,7653.0,19,7654.0,91,7655.0,72,7651.0
ag2410,,13:41:27.500#,7623.0,7725.0,7586.0,8605.0,7040.0,278274,207620.0,7646.0,60,7647.0,30,7648.0,243,7649.0,6,7650.0,32,7651.0,15,7652.0,13,7653.0,48,7654.0,77,7655.0,102,7651.0
ag2410,,13:41:28.0#,7623.0,7725.0,7586.0,8605.0,7040.0,278302,207638.0,7647.0,59,7648.0,170,7649.0,43,7650.0,22,7652.0,17,7653.0,33,7654.0,82,7655.0,96,7656.0,50,7657.0,70,7652.0
ag2410,,13:41:28.500#,7623.0,7725.0,7586.0,8605.0,7040.0,278322,207638.0,7647.0,43,7648.0,193,7649.0,66,7650.0,53,7651.0,53,7652.0,8,7653.0,20,7654.0,51,7655.0,110,7656.0,51,7651.0
ag2410,,13:41:29.0#,7623.0,7725.0,7586.0,8605.0,7040.0,278326,207634.0,7647.0,60,7648.0,139,7649.0,130,7650.0,24,7651.0,50,7652.0,3,7653.0,19,7654.0,73,7655.0,72,7656.0,85,7652.0
ag2410,,13:41:29.500#,7623.0,7725.0,7586.0,8605.0,7040.0,278326,207634.0,7647.0,75,7648.0,182,7649.0,88,7650.0,20,7651.0,50,7652.0,10,7653.0,21,7654.0,90,7655.0,65,7656.0,105,7652.0
ag2410,,13:41:30.0#,7623.0,7725.0,7586.0,8605.0,7040.0,278328,207636.0,7647.0,75,7648.0,145,7649.0,126,7650.0,20,7651.0,49,7652.0,8,7653.0,21,7654.0,77,7655.0,100,7656.0,83,7651.0
ag2410,,13:41:30.500#,7623.0,7725.0,7586.0,8605.0,7040.0,278331,207638.0,7647.0,90,7648.0,137,7649.0,103,7650.0,35,7651.0,66,7652.0,3,7653.0,21,7654.0,60,7655.0,102,7656.0,98,7652.0
ag2410,,13:41:31.0#,7623.0,7725.0,7586.0,8605.0,7040.0,278332,207638.0,7647.0,60,7648.0,152,7649.0,133,7650.0,20,7651.0,49,7652.0,4,7653.0,37,7654.0,58,7655.0,89,7656.0,98,7652.0
ag2410,,13:41:31.500#,7623.0,7725.0,7586.0,8605.0,7040.0,278332,207638.0,7647.0,90,7648.0,137,7649.0,103,7650.0,35,7651.0,66,7652.0,2,7653.0,22,7654.0,59,7655.0,103,7656.0,98,7652.0
ag2410,,13:41:32.0#,7623.0,7725.0,7586.0,8605.0,7040.0,278334,207640.0,7647.0,60,7648.0,152,7649.0,103,7650.0,35,7651.0,51,7652.0,2,7653.0,23,7654.0,88,7655.0,59,7656.0,98,7652.0
ag2410,,13:41:32.500#,7623.0,7725.0,7586.0,8605.0,7040.0,278335,207641.0,7647.0,60,7648.0,137,7649.0,133,7650.0,35,7651.0,50,7653.0,25,7654.0,75,7655.0,81,7656.0,104,7657.0,54,7651.0
ag2410,,13:41:33.0#,7623.0,7725.0,7586.0,8605.0,7040.0,278335,207641.0,7647.0,60,7648.0,137,7649.0,103,7650.0,50,7651.0,76,7652.0,1,7653.0,21,7654.0,38,7655.0,123,7656.0,69,7651.0
ag2410,,13:41:33.500#,7623.0,7725.0,7586.0,8605.0,7040.0,278335,207641.0,7647.0,60,7648.0,123,7649.0,131,7650.0,37,7651.0,76,7652.0,7,7653.0,23,7654.0,50,7655.0,107,7656.0,87,7651.0
ag2410,,13:41:34.500#,7623.0,7725.0,7586.0,8605.0,7040.0,278335,207641.0,7647.0,60,7648.0,123,7649.0,131,7650.0,37,7651.0,76,7652.0,7,7653.0,23,7654.0,50,7655.0,107,7656.0,87,7651.0
ag2410,,13:41:35.0#,7623.0,7725.0,7586.0,8605.0,7040.0,278340,207645.0,7647.0,60,7648.0,123,7649.0,131,7650.0,37,7651.0,73,7652.0,6,7653.0,23,7654.0,60,7655.0,107,7656.0,87,7652.0
ag2410,,13:41:35.500#,7623.0,7725.0,7586.0,8605.0,7040.0,278340,207645.0,7647.0,60,7648.0,152,7649.0,118,7650.0,36,7651.0,58,7652.0,6,7653.0,24,7654.0,97,7655.0,74,7656.0,97,7652.0
ag2410,,13:41:36.0#,7623.0,7725.0,7586.0,8605.0,7040.0,278354,207654.0,7647.0,75,7648.0,137,7649.0,118,7650.0,29,7651.0,44,7652.0,16,7653.0,24,7654.0,101,7655.0,70,7656.0,97,7651.0
ag2410,,13:41:36.500#,7623.0,7725.0,7586.0,8605.0,7040.0,278408,207685.0,7646.0,16,7647.0,76,7648.0,152,7649.0,96,7650.0,29,7652.0,16,7653.0,24,7654.0,102,7655.0,84,7656.0,82,7651.0
ag2410,,13:41:37.0#,7623.0,7725.0,7586.0,8605.0,7040.0,278428,207695.0,7648.0,167,7649.0,66,7650.0,10,7651.0,1,7652.0,3,7653.0,39,7654.0,110,7655.0,41,7656.0,95,7657.0,40,7652.0
ag2410,,13:41:37.500#,7623.0,7725.0,7586.0,8605.0,7040.0,278434,207693.0,7646.0,31,7647.0,58,7648.0,180,7649.0,53,7650.0,9,7652.0,74,7653.0,76,7654.0,31,7655.0,104,7656.0,67,7651.0
ag2410,,13:41:38.0#,7623.0,7725.0,7586.0,8605.0,7040.0,278434,207693.0,7647.0,60,7648.0,189,7649.0,24,7650.0,32,7651.0,10,7652.0,50,7653.0,77,7654.0,69,7655.0,75,7656.0,80,7651.0
ag2410,,13:41:38.500#,7623.0,7725.0,7586.0,8605.0,7040.0,278458,207672.0,7647.0,63,7648.0,198,7649.0,45,7650.0,34,7651.0,15,7653.0,30,7654.0,84,7655.0,90,7656.0,96,7657.0,25,7652.0
ag2410,,13:41:39.0#,7623.0,7725.0,7586.0,8605.0,7040.0,278459,207673.0,7648.0,193,7649.0,79,7650.0,20,7651.0,28,7652.0,23,7653.0,26,7654.0,69,7655.0,108,7656.0,67,7657.0,71,7652.0
ag2410,,13:41:39.500#,7623.0,7725.0,7586.0,8605.0,7040.0,278459,207673.0,7648.0,195,7649.0,108,7650.0,34,7651.0,26,7652.0,23,7653.0,28,7654.0,39,7655.0,123,7656.0,67,7657.0,71,7652.0
ag2410,,13:41:40.0#,7623.0,7725.0,7586.0,8605.0,7040.0,278465,207674.0,7648.0,187,7649.0,79,7650.0,57,7651.0,26,7652.0,23,7653.0,25,7654.0,24,7655.0,93,7656.0,97,7657.0,71,7653.0
ag2410,,13:41:40.500#,7623.0,7725.0,7586.0,8605.0,7040.0,278476,207670.0,7648.0,173,7649.0,90,7650.0,76,7651.0,26,7652.0,24,7653.0,14,7654.0,26,7655.0,104,7656.0,87,7657.0,85,7653.0
ag2410,,13:41:41.0#,7623.0,7725.0,7586.0,8605.0,7040.0,278491,207660.0,7649.0,72,7650.0,94,7651.0,27,7652.0,20,7653.0,3,7654.0,25,7655.0,97,7656.0,94,7657.0,72,7658.0,68,7653.0
ag2410,,13:41:41.500#,7623.0,7725.0,7586.0,8605.0,7040.0,278494,207659.0,7648.0,154,7649.0,66,7650.0,103,7651.0,40,7652.0,22,7654.0,25,7655.0,64,7656.0,143,7657.0,41,7658.0,85,7653.0
ag2410,,13:41:42.0#,7623.0,7725.0,7586.0,8605.0,7040.0,278497,207659.0,7648.0,186,7649.0,42,7650.0,124,7651.0,27,7652.0,15,7653.0,1,7654.0,25,7655.0,78,7656.0,114,7657.0,55,7652.0
ag2410,,13:41:42.500#,7623.0,7725.0,7586.0,8605.0,7040.0,278503,207658.0,7648.0,190,7649.0,38,7650.0,117,7651.0,27,7652.0,18,7654.0,25,7655.0,76,7656.0,108,7657.0,72,7658.0,68,7653.0
ag2410,,13:41:43.0#,7623.0,7725.0,7586.0,8605.0,7040.0,278504,207658.0,7649.0,45,7650.0,120,7651.0,27,7652.0,18,7653.0,1,7654.0,23,7655.0,77,7656.0,114,7657.0,55,7658.0,86,7653.0
ag2410,,13:41:43.500#,7623.0,7725.0,7586.0,8605.0,7040.0,278514,207654.0,7648.0,169,7649.0,59,7650.0,109,7651.0,40,7652.0,16,7654.0,20,7655.0,63,7656.0,142,7657.0,27,7658.0,101,7652.0
ag2410,,13:41:44.0#,7623.0,7725.0,7586.0,8605.0,7040.0,278515,207654.0,7649.0,39,7650.0,98,7651.0,44,7652.0,14,7653.0,54,7654.0,20,7655.0,62,7656.0,100,7657.0,68,7658.0,86,7653.0
ag2410,,13:41:45.0#,7623.0,7725.0,7586.0,8605.0,7040.0,278530,207645.0,7649.0,70,7650.0,85,7651.0,96,7652.0,15,7653.0,42,7654.0,10,7655.0,31,7656.0,75,7657.0,92,7658.0,63,7654.0
ag2410,,13:41:45.500#,7623.0,7725.0,7586.0,8605.0,7040.0,278546,207641.0,7649.0,71,7650.0,83,7651.0,98,7652.0,15,7653.0,39,7655.0,29,7656.0,76,7657.0,91,7658.0,63,7659.0,49,7655.0
ag2410,,13:41:46.0#,7623.0,7725.0,7586.0,8605.0,7040.0,278548,207642.0,7650.0,87,7651.0,92,7652.0,28,7653.0,39,7654.0,3,7655.0,30,7656.0,53,7657.0,116,7658.0,45,7659.0,82,7654.0
ag2410,,13:41:46.500#,7623.0,7725.0,7586.0,8605.0,7040.0,278548,207642.0,7650.0,87,7651.0,108,7652.0,26,7653.0,42,7654.0,2,7655.0,27,7656.0,53,7657.0,101,7658.0,60,7659.0,82,7654.0
ag2410,,13:41:47.0#,7623.0,7725.0,7586.0,8605.0,7040.0,278550,207642.0,7650.0,80,7651.0,115,7652.0,26,7653.0,42,7654.0,1,7655.0,26,7656.0,53,7657.0,101,7658.0,60,7659.0,78,7654.0
ag2410,,13:41:47.500#,7623.0,7725.0,7586.0,8605.0,7040.0,278550,207642.0,7650.0,80,7651.0,94,7652.0,32,7653.0,41,7654.0,16,7655.0,26,7656.0,53,7657.0,86,7658.0,75,7659.0,78,7654.0
ag2410,,13:41:48.0#,7623.0,7725.0,7586.0,8605.0,7040.0,278572,207646.0,7650.0,95,7651.0,71,7652.0,33,7653.0,38,7654.0,19,7655.0,15,7656.0,38,7657.0,79,7658.0,76,7659.0,78,7655.0
ag2410,,13:41:48.500#,7623.0,7725.0,7586.0,8605.0,7040.0,278588,207646.0,7651.0,34,7652.0,62,7653.0,55,7654.0,18,7655.0,20,7656.0,38,7657.0,37,7658.0,138,7659.0,65,7660.0,48,7655.0
ag2410,,13:41:49.0#,7623.0,7725.0,7586.0,8605.0,7040.0,278595,207641.0,7651.0,65,7652.0,65,7653.0,75,7654.0,3,7655.0,20,7656.0,29,7657.0,12,7658.0,123,7659.0,61,7660.0,79,7656.0
ag2410,,13:41:49.500#,7623.0,7725.0,7586.0,8605.0,7040.0,278610,207633.0,7651.0,80,7652.0,65,7653.0,60,7654.0,3,7655.0,34,7656.0,17,7657.0,14,7658.0,117,7659.0,53,7660.0,94,7656.0
ag2410,,13:41:50.0#,7623.0,7725.0,7586.0,8605.0,7040.0,278610,207633.0,7651.0,79,7652.0,40,7653.0,90,7654.0,4,7655.0,23,7656.0,17,7657.0,13,7658.0,89,7659.0,86,7660.0,62,7656.0
ag2410,,13:41:50.500#,7623.0,7725.0,7586.0,8605.0,7040.0,278615,207631.0,7651.0,77,7652.0,49,7653.0,92,7654.0,19,7655.0,2,7656.0,17,7657.0,13,7658.0,87,7659.0,97,7660.0,47,7655.0
ag2410,,13:41:51.0#,7623.0,7725.0,7586.0,8605.0,7040.0,278619,207631.0,7651.0,65,7652.0,65,7653.0,76,7654.0,3,7655.0,16,7656.0,13,7657.0,14,7658.0,103,7659.0,81,7660.0,60,7656.0
ag2410,,13:41:51.500#,7623.0,7725.0,7586.0,8605.0,7040.0,278630,207633.0,7651.0,81,7652.0,52,7653.0,86,7654.0,3,7655.0,16,7656.0,3,7657.0,14,7658.0,87,7659.0,90,7660.0,53,7656.0
ag2410,,13:41:52.0#,7623.0,7725.0,7586.0,8605.0,7040.0,278633,207632.0,7651.0,78,7652.0,48,7653.0,90,7654.0,4,7655.0,19,7657.0,14,7658.0,86,7659.0,98,7660.0,43,7661.0,75,7656.0
ag2410,,13:41:52.500#,7623.0,7725.0,7586.0,8605.0,7040.0,278633,207632.0,7651.0,78,7652.0,48,7653.0,90,7654.0,4,7655.0,20,7656.0,1,7657.0,15,7658.0,64,7659.0,122,7660.0,12,7656.0
ag2410,,13:41:53.0#,7623.0,7725.0,7586.0,8605.0,7040.0,278633,207632.0,7651.0,63,7652.0,61,7653.0,92,7654.0,4,7655.0,18,7656.0,3,7657.0,17,7658.0,84,7659.0,87,7660.0,59,7656.0
ag2410,,13:41:53.500#,7623.0,7725.0,7586.0,8605.0,7040.0,278634,207631.0,7651.0,71,7652.0,54,7653.0,91,7654.0,4,7655.0,17,7656.0,4,7657.0,17,7658.0,87,7659.0,98,7660.0,45,7655.0
ag2410,,13:41:54.0#,7623.0,7725.0,7586.0,8605.0,7040.0,278634,207631.0,7651.0,74,7652.0,49,7653.0,88,7654.0,4,7655.0,18,7656.0,4,7657.0,17,7658.0,77,7659.0,100,7660.0,46,7655.0
ag2410,,13:41:54.500#,7623.0,7725.0,7586.0,8605.0,7040.0,278635,207631.0,7651.0,80,7652.0,49,7653.0,88,7654.0,4,7655.0,18,7656.0,3,7657.0,17,7658.0,84,7659.0,92,7660.0,53,7656.0
ag2410,,13:41:55.0#,7623.0,7725.0,7586.0,8605.0,7040.0,278638,207631.0,7651.0,81,7652.0,49,7653.0,88,7654.0,4,7655.0,17,7656.0,1,7657.0,18,7658.0,84,7659.0,92,7660.0,53,7655.0
ag2410,,13:41:55.500#,7623.0,7725.0,7586.0,8605.0,7040.0,278638,207631.0,7651.0,82,7652.0,49,7653.0,88,7654.0,4,7655.0,43,7656.0,5,7657.0,18,7658.0,84,7659.0,92,7660.0,53,7655.0
ag2410,,13:41:56.0#,7623.0,7725.0,7586.0,8605.0,7040.0,278639,207632.0,7651.0,60,7652.0,68,7653.0,88,7654.0,4,7655.0,44,7656.0,5,7657.0,18,7658.0,83,7659.0,79,7660.0,68,7656.0
ag2410,,13:41:56.500#,7623.0,7725.0,7586.0,8605.0,7040.0,278639,207632.0,7651.0,54,7652.0,72,7653.0,90,7654.0,4,7655.0,44,7656.0,6,7657.0,18,7658.0,85,7659.0,85,7660.0,60,7656.0
ag2410,,13:41:57.0#,7623.0,7725.0,7586.0,8605.0,7040.0,278641,207633.0,7651.0,60,7652.0,68,7653.0,88,7654.0,4,7655.0,42,7656.0,9,7657.0,18,7658.0,86,7659.0,80,7660.0,68,7656.0
ag2410,,13:41:57.500#,7623.0,7725.0,7586.0,8605.0,7040.0,278647,207637.0,7651.0,69,7652.0,57,7653.0,60,7654.0,19,7655.0,41,7656.0,9,7657.0,33,7658.0,56,7659.0,86,7660.0,60,7656.0
ag2410,,13:41:58.0#,7623.0,7725.0,7586.0,8605.0,7040.0,278648,207637.0,7651.0,74,7652.0,53,7653.0,75,7654.0,19,7655.0,41,7656.0,9,7657.0,33,7658.0,71,7659.0,87,7660.0,60,7655.0
ag2410,,13:41:58.500#,7623.0,7725.0,7586.0,8605.0,7040.0,278653,207637.0,7651.0,60,7652.0,68,7653.0,73,7654.0,19,7655.0,36,7656.0,10,7657.0,18,7658.0,86,7659.0,80,7660.0,67,7655.0
ag2410,,13:41:59.0#,7623.0,7725.0,7586.0,8605.0,7040.0,278654,207638.0,7651.0,60,7652.0,68,7653.0,73,7654.0,19,7655.0,35,7656.0,10,7657.0,18,7658.0,86,7659.0,80,7660.0,67,7655.0
ag2410,,13:41:59.500#,7623.0,7725.0,7586.0,8605.0,7040.0,278668,207630.0,7652.0,68,7653.0,72,7654.0,19,7655.0,34,7656.0,19,7657.0,18,7658.0,86,7659.0,80,7660.0,67,7661.0,75,7656.0
ag2410,,13:42:00.0#,7623.0,7725.0,7586.0,8605.0,7040.0,278686,207630.0,7652.0,91,7653.0,71,7654.0,47,7655.0,36,7656.0,1,7657.0,13,7658.0,64,7659.0,80,7660.0,56,7661.0,80,7656.0
ag2410,,13:42:00.500#,7623.0,7725.0,7586.0,8605.0,7040.0,278687,207629.0,7651.0,40,7652.0,83,7653.0,73,7654.0,39,7655.0,37,7657.0,19,7658.0,64,7659.0,87,7660.0,50,7661.0,93,7656.0
ag2410,,13:42:01.0#,7623.0,7725.0,7586.0,8605.0,7040.0,278699,207621.0,7652.0,46,7653.0,76,7654.0,34,7655.0,35,7656.0,91,7657.0,35,7658.0,49,7659.0,85,7660.0,43,7661.0,93,7656.0
ag2410,,13:42:01.500#,7623.0,7725.0,7586.0,8605.0,7040.0,278745,207602.0,7652.0,51,7653.0,63,7654.0,62,7655.0,38,7656.0,45,7657.0,38,7658.0,35,7659.0,77,7660.0,46,7661.0,109,7656.0
ag2410,,13:42:02.0#,7623.0,7725.0,7586.0,8605.0,7040.0,278755,207600.0,7652.0,80,7653.0,57,7654.0,60,7655.0,38,7656.0,35,7657.0,19,7658.0,63,7659.0,62,7660.0,66,7661.0,95,7656.0
ag2410,,13:42:02.500#,7623.0,7725.0,7586.0,8605.0,7040.0,278757,207598.0,7652.0,80,7653.0,52,7654.0,59,7655.0,38,7656.0,33,7657.0,15,7658.0,48,7659.0,61,7660.0,76,7661.0,95,7656.0
ag2410,,13:42:03.0#,7623.0,7725.0,7586.0,8605.0,7040.0,278773,207598.0,7652.0,80,7653.0,52,7654.0,74,7655.0,40,7656.0,17,7657.0,15,7658.0,48,7659.0,74,7660.0,79,7661.0,80,7656.0
ag2410,,13:42:03.500#,7623.0,7725.0,7586.0,8605.0,7040.0,278774,207598.0,7652.0,80,7653.0,54,7654.0,73,7655.0,39,7656.0,16,7657.0,17,7658.0,49,7659.0,76,7660.0,76,7661.0,80,7656.0
ag2410,,13:42:04.0#,7623.0,7725.0,7586.0,8605.0,7040.0,278774,207598.0,7652.0,67,7653.0,66,7654.0,59,7655.0,40,7656.0,16,7657.0,18,7658.0,50,7659.0,116,7660.0,37,7661.0,93,7656.0
ag2410,,13:42:04.500#,7623.0,7725.0,7586.0,8605.0,7040.0,278794,207607.0,7652.0,67,7653.0,67,7654.0,58,7655.0,40,7656.0,17,7658.0,51,7659.0,125,7660.0,28,7661.0,93,7662.0,32,7657.0
ag2410,,13:42:05.0#,7623.0,7725.0,7586.0,8605.0,7040.0,278800,207602.0,7652.0,80,7653.0,53,7654.0,58,7655.0,40,7656.0,14,7657.0,3,7658.0,56,7659.0,67,7660.0,74,7661.0,62,7656.0
ag2410,,13:42:05.500#,7623.0,7725.0,7586.0,8605.0,7040.0,278800,207602.0,7652.0,87,7653.0,42,7654.0,73,7655.0,40,7656.0,14,7657.0,4,7658.0,57,7659.0,76,7660.0,72,7661.0,65,7656.0
ag2410,,13:42:06.0#,7623.0,7725.0,7586.0,8605.0,7040.0,278800,207602.0,7652.0,85,7653.0,33,7654.0,90,7655.0,40,7656.0,14,7657.0,3,7658.0,57,7659.0,61,7660.0,93,7661.0,65,7656.0
ag2410,,13:42:06.500#,7623.0,7725.0,7586.0,8605.0,7040.0,278801,207602.0,7652.0,84,7653.0,24,7654.0,100,7655.0,25,7656.0,31,7657.0,4,7658.0,56,7659.0,60,7660.0,94,7661.0,66,7657.0
ag2410,,13:42:07.0#,7623.0,7725.0,7586.0,8605.0,7040.0,278801,207602.0,7652.0,67,7653.0,39,7654.0,102,7655.0,24,7656.0,31,7657.0,6,7658.0,57,7659.0,59,7660.0,81,7661.0,80,7657.0
ag2410,,13:42:07.500#,7623.0,7725.0,7586.0,8605.0,7040.0,278805,207599.0,7652.0,67,7653.0,39,7654.0,102,7655.0,24,7656.0,31,7657.0,5,7658.0,57,7659.0,59,7660.0,81,7661.0,81,7657.0
ag2410,,13:42:08.0#,7623.0,7725.0,7586.0,8605.0,7040.0,278808,207597.0,7652.0,67,7653.0,39,7654.0,102,7655.0,25,7656.0,30,7657.0,13,7658.0,57,7659.0,59,7660.0,82,7661.0,77,7657.0
ag2410,,13:42:08.500#,7623.0,7725.0,7586.0,8605.0,7040.0,278808,207597.0,7652.0,81,7653.0,26,7654.0,101,7655.0,40,7656.0,15,7657.0,14,7658.0,57,7659.0,61,7660.0,93,7661.0,71,7657.0
ag2410,,13:42:09.0#,7623.0,7725.0,7586.0,8605.0,7040.0,278821,207596.0,7651.0,57,7652.0,66,7653.0,50,7654.0,62,7655.0,40,7656.0,7,7657.0,33,7658.0,43,7659.0,62,7660.0,78,7656.0
ag2410,,13:42:09.500#,7623.0,7725.0,7586.0,8605.0,7040.0,278821,207596.0,7651.0,86,7652.0,31,7653.0,101,7654.0,20,7655.0,37,7656.0,3,7657.0,36,7658.0,79,7659.0,73,7660.0,74,7656.0
ag2410,,13:42:10.0#,7623.0,7725.0,7586.0,8605.0,7040.0,278828,207599.0,7651.0,85,7652.0,31,7653.0,101,7654.0,20,7655.0,33,7656.0,1,7657.0,36,7658.0,82,7659.0,84,7660.0,60,7655.0
ag2410,,13:42:10.500#,7623.0,7725.0,7586.0,8605.0,7040.0,278830,207601.0,7651.0,69,7652.0,40,7653.0,77,7654.0,20,7655.0,32,7656.0,42,7657.0,23,7658.0,67,7659.0,84,7660.0,60,7656.0
ag2410,,13:42:11.0#,7623.0,7725.0,7586.0,8605.0,7040.0,278832,207600.0,7651.0,59,7652.0,63,7653.0,74,7654.0,5,7655.0,32,7657.0,18,7658.0,126,7659.0,60,7660.0,59,7661.0,37,7656.0
ag2410,,13:42:11.500#,7623.0,7725.0,7586.0,8605.0,7040.0,278832,207600.0,7651.0,89,7652.0,40,7653.0,72,7654.0,35,7655.0,17,7656.0,19,7657.0,34,7658.0,74,7659.0,109,7660.0,14,7656.0
ag2410,,13:42:12.0#,7623.0,7725.0,7586.0,8605.0,7040.0,278834,207602.0,7651.0,67,7652.0,64,7653.0,43,7654.0,25,7655.0,15,7656.0,36,7657.0,22,7658.0,113,7659.0,54,7660.0,74,7655.0
ag2410,,13:42:12.500#,7623.0,7725.0,7586.0,8605.0,7040.0,278836,207603.0,7651.0,69,7652.0,79,7653.0,40,7654.0,25,7655.0,13,7656.0,34,7657.0,35,7658.0,131,7659.0,36,7660.0,74,7655.0
ag2410,,13:42:13.0#,7623.0,7725.0,7586.0,8605.0,7040.0,278840,207605.0,7651.0,69,7652.0,64,7653.0,40,7654.0,25,7655.0,9,7656.0,34,7657.0,20,7658.0,117,7659.0,50,7660.0,74,7655.0
ag2410,,13:42:13.500#,7623.0,7725.0,7586.0,8605.0,7040.0,278841,207606.0,7651.0,73,7652.0,67,7653.0,48,7654.0,25,7655.0,8,7656.0,37,7657.0,20,7658.0,131,7659.0,51,7660.0,74,7655.0
ag2410,,13:42:14.0#,7623.0,7725.0,7586.0,8605.0,7040.0,278842,207606.0,7651.0,69,7652.0,64,7653.0,40,7654.0,25,7655.0,7,7656.0,35,7657.0,19,7658.0,117,7659.0,50,7660.0,89,7655.0
ag2410,,13:42:14.500#,7623.0,7725.0,7586.0,8605.0,7040.0,278842,207606.0,7651.0,94,7652.0,55,7653.0,54,7654.0,25,7655.0,12,7656.0,20,7657.0,34,7658.0,131,7659.0,51,7660.0,89,7655.0
ag2410,,13:42:15.0#,7623.0,7725.0,7586.0,8605.0,7040.0,278843,207607.0,7651.0,85,7652.0,64,7653.0,56,7654.0,25,7655.0,13,7656.0,18,7657.0,34,7658.0,132,7659.0,50,7660.0,89,7655.0
ag2410,,13:42:15.500#,7623.0,7725.0,7586.0,8605.0,7040.0,278843,207607.0,7651.0,85,7652.0,64,7653.0,56,7654.0,25,7655.0,13,7656.0,17,7657.0,34,7658.0,132,7659.0,50,7660.0,74,7655.0
ag2410,,13:42:16.0#,7623.0,7725.0,7586.0,8605.0,7040.0,278846,207609.0,7651.0,85,7652.0,64,7653.0,56,7654.0,25,7655.0,7,7656.0,17,7657.0,34,7658.0,147,7659.0,35,7660.0,74,7655.0
ag2410,,13:42:16.500#,7623.0,7725.0,7586.0,8605.0,7040.0,278846,207609.0,7651.0,86,7652.0,64,7653.0,55,7654.0,25,7655.0,6,7656.0,17,7657.0,34,7658.0,147,7659.0,35,7660.0,74,7655.0
ag2410,,13:42:17.0#,7623.0,7725.0,7586.0,8605.0,7040.0,278846,207609.0,7651.0,86,7652.0,55,7653.0,55,7654.0,25,7655.0,4,7656.0,18,7657.0,34,7658.0,138,7659.0,35,7660.0,74,7655.0
ag2410,,13:42:17.500#,7623.0,7725.0,7586.0,8605.0,7040.0,278846,207609.0,7651.0,95,7652.0,55,7653.0,55,7654.0,25,7655.0,4,7656.0,18,7657.0,35,7658.0,147,7659.0,35,7660.0,74,7655.0
ag2410,,13:42:18.0#,7623.0,7725.0,7586.0,8605.0,7040.0,278849,207607.0,7651.0,95,7652.0,54,7653.0,55,7654.0,25,7655.0,4,7656.0,16,7657.0,36,7658.0,148,7659.0,35,7660.0,74,7656.0
ag2410,,13:42:18.500#,7623.0,7725.0,7586.0,8605.0,7040.0,278849,207607.0,7651.0,95,7652.0,54,7653.0,56,7654.0,25,7655.0,7,7656.0,21,7657.0,38,7658.0,149,7659.0,35,7660.0,73,7656.0
ag2410,,13:42:19.0#,7623.0,7725.0,7586.0,8605.0,7040.0,278849,207607.0,7651.0,86,7652.0,63,7653.0,56,7654.0,25,7655.0,7,7656.0,22,7657.0,38,7658.0,149,7659.0,35,7660.0,73,7656.0
ag2410,,13:42:19.500#,7623.0,7725.0,7586.0,8605.0,7040.0,278851,207606.0,7651.0,85,7652.0,63,7653.0,56,7654.0,25,7655.0,5,7656.0,23,7657.0,38,7658.0,149,7659.0,35,7660.0,73,7655.0
ag2410,,13:42:20.0#,7623.0,7725.0,7586.0,8605.0,7040.0,278851,207606.0,7651.0,85,7652.0,54,7653.0,56,7654.0,25,7655.0,2,7656.0,25,7657.0,38,7658.0,140,7659.0,35,7660.0,73,7655.0
ag2410,,13:42:20.500#,7623.0,7725.0,7586.0,8605.0,7040.0,278852,207605.0,7651.0,94,7652.0,54,7653.0,56,7654.0,26,7655.0,7,7656.0,25,7657.0,38,7658.0,149,7659.0,35,7660.0,73,7655.0
ag2410,,13:42:21.0#,7623.0,7725.0,7586.0,8605.0,7040.0,278854,207604.0,7651.0,85,7652.0,63,7653.0,56,7654.0,25,7655.0,7,7656.0,26,7657.0,29,7658.0,149,7659.0,35,7660.0,73,7655.0
ag2410,,13:42:21.500#,7623.0,7725.0,7586.0,8605.0,7040.0,278882,207587.0,7652.0,78,7653.0,41,7654.0,10,7655.0,34,7656.0,11,7657.0,12,7658.0,132,7659.0,50,7660.0,73,7661.0,22,7656.0
ag2410,,13:42:22.0#,7623.0,7725.0,7586.0,8605.0,7040.0,278892,207593.0,7652.0,50,7653.0,47,7654.0,41,7655.0,24,7656.0,36,7657.0,6,7658.0,52,7659.0,109,7660.0,13,7661.0,66,7657.0
ag2410,,13:42:23.0#,7623.0,7725.0,7586.0,8605.0,7040.0,278942,207606.0,7654.0,38,7655.0,53,7656.0,44,7657.0,128,7658.0,53,7659.0,12,7660.0,54,7661.0,50,7662.0,80,7663.0,46,7658.0
ag2410,,13:42:23.500#,7623.0,7725.0,7586.0,8605.0,7040.0,278962,207608.0,7655.0,39,7656.0,75,7657.0,92,7658.0,91,7659.0,31,7660.0,7,7661.0,42,7662.0,52,7663.0,75,7664.0,49,7659.0
ag2410,,13:42:24.0#,7623.0,7725.0,7586.0,8605.0,7040.0,278970,207605.0,7656.0,43,7657.0,119,7658.0,53,7659.0,50,7660.0,9,7661.0,16,7662.0,39,7663.0,40,7664.0,73,7665.0,134,7661.0
ag2410,,13:42:24.500#,7623.0,7725.0,7586.0,8605.0,7040.0,279038,207554.0,7655.0,68,7656.0,46,7657.0,83,7658.0,72,7659.0,44,7663.0,53,7664.0,17,7665.0,201,7666.0,40,7667.0,20,7663.0
ag2410,,13:42:25.0#,7623.0,7725.0,7586.0,8605.0,7040.0,279065,207535.0,7656.0,58,7657.0,78,7658.0,48,7659.0,51,7660.0,56,7662.0,23,7663.0,27,7664.0,18,7665.0,165,7666.0,86,7660.0
ag2410,,13:42:25.500#,7623.0,7725.0,7586.0,8605.0,7040.0,279067,207535.0,7657.0,95,7658.0,62,7659.0,81,7660.0,57,7661.0,2,7662.0,35,7663.0,13,7664.0,67,7665.0,159,7666.0,86,7662.0
ag2410,,13:42:26.0#,7623.0,7725.0,7586.0,8605.0,7040.0,279076,207540.0,7657.0,91,7658.0,64,7659.0,72,7660.0,50,7661.0,6,7662.0,24,7663.0,3,7664.0,71,7665.0,155,7666.0,86,7662.0
ag2410,,13:42:26.500#,7623.0,7725.0,7586.0,8605.0,7040.0,279078,207541.0,7656.0,41,7657.0,100,7658.0,53,7659.0,71,7660.0,43,7661.0,1,7662.0,16,7663.0,3,7664.0,69,7665.0,157,7660.0
ag2410,,13:42:27.0#,7623.0,7725.0,7586.0,8605.0,7040.0,279085,207544.0,7656.0,71,7657.0,55,7658.0,85,7659.0,63,7660.0,10,7661.0,3,7662.0,19,7663.0,1,7664.0,68,7665.0,171,7660.0
ag2410,,13:42:27.500#,7623.0,7725.0,7586.0,8605.0,7040.0,279093,207545.0,7657.0,67,7658.0,74,7659.0,62,7660.0,13,7661.0,11,7662.0,10,7663.0,2,7664.0,69,7665.0,189,7666.0,53,7661.0
ag2410,,13:42:28.0#,7623.0,7725.0,7586.0,8605.0,7040.0,279107,207534.0,7656.0,27,7657.0,118,7658.0,47,7659.0,99,7660.0,17,7661.0,2,7662.0,9,7663.0,5,7664.0,56,7665.0,187,7661.0
ag2410,,13:42:28.500#,7623.0,7725.0,7586.0,8605.0,7040.0,279109,207533.0,7656.0,73,7657.0,61,7658.0,94,7659.0,50,7660.0,30,7662.0,10,7663.0,3,7664.0,68,7665.0,193,7666.0,82,7661.0
ag2410,,13:42:29.0#,7623.0,7725.0,7586.0,8605.0,7040.0,279111,207533.0,7657.0,84,7658.0,70,7659.0,64,7660.0,30,7661.0,2,7662.0,7,7663.0,5,7664.0,68,7665.0,175,7666.0,101,7661.0
ag2410,,13:42:30.0#,7623.0,7725.0,7586.0,8605.0,7040.0,279119,207532.0,7658.0,54,7659.0,67,7660.0,29,7661.0,15,7662.0,24,7663.0,3,7664.0,43,7665.0,187,7666.0,73,7667.0,18,7662.0
ag2410,,13:42:30.500#,7623.0,7725.0,7586.0,8605.0,7040.0,279130,207538.0,7658.0,107,7659.0,41,7660.0,63,7661.0,34,7662.0,14,7664.0,16,7665.0,191,7666.0,58,7667.0,36,7668.0,46,7662.0
ag2410,,13:42:31.0#,7623.0,7725.0,7586.0,8605.0,7040.0,279135,207540.0,7659.0,50,7660.0,66,7661.0,19,7662.0,28,7663.0,3,7664.0,17,7665.0,156,7666.0,78,7667.0,35,7668.0,64,7662.0
ag2410,,13:42:31.500#,7623.0,7725.0,7586.0,8605.0,7040.0,279137,207540.0,7659.0,79,7660.0,37,7661.0,37,7662.0,17,7663.0,18,7664.0,18,7665.0,124,7666.0,95,7667.0,5,7668.0,63,7662.0
ag2410,,13:42:32.0#,7623.0,7725.0,7586.0,8605.0,7040.0,279163,207526.0,7660.0,10,7661.0,72,7662.0,17,7663.0,18,7664.0,2,7665.0,122,7666.0,65,7667.0,35,7668.0,63,7669.0,26,7663.0
ag2410,,13:42:32.500#,7623.0,7725.0,7586.0,8605.0,7040.0,279168,207523.0,7659.0,92,7660.0,53,7661.0,47,7662.0,31,7663.0,4,7665.0,122,7666.0,22,7667.0,80,7668.0,17,7669.0,71,7663.0
ag2410,,13:42:33.0#,7623.0,7725.0,7586.0,8605.0,7040.0,279180,207525.0,7659.0,124,7660.0,24,7661.0,74,7662.0,18,7663.0,29,7664.0,1,7665.0,120,7666.0,54,7667.0,63,7668.0,30,7663.0
ag2410,,13:42:33.500#,7623.0,7725.0,7586.0,8605.0,7040.0,279182,207526.0,7660.0,33,7661.0,62,7662.0,33,7663.0,32,7664.0,4,7665.0,122,7666.0,52,7667.0,63,7668.0,45,7669.0,32,7664.0
ag2410,,13:42:34.0#,7623.0,7725.0,7586.0,8605.0,7040.0,279204,207528.0,7660.0,50,7661.0,52,7662.0,67,7663.0,32,7664.0,1,7665.0,108,7666.0,9,7667.0,114,7668.0,23,7669.0,49,7665.0
ag2410,,13:42:34.500#,7623.0,7725.0,7586.0,8605.0,7040.0,279215,207530.0,7660.0,90,7661.0,38,7662.0,68,7663.0,32,7664.0,6,7665.0,102,7666.0,7,7667.0,112,7668.0,28,7669.0,64,7665.0
ag2410,,13:42:35.0#,7623.0,7725.0,7586.0,8605.0,7040.0,279223,207533.0,7660.0,80,7661.0,48,7662.0,54,7663.0,26,7664.0,15,7665.0,98,7666.0,7,7667.0,82,7668.0,43,7669.0,64,7665.0
ag2410,,13:42:35.500#,7623.0,7725.0,7586.0,8605.0,7040.0,279228,207533.0,7660.0,81,7661.0,39,7662.0,38,7663.0,41,7664.0,30,7665.0,92,7666.0,7,7667.0,73,7668.0,59,7669.0,64,7665.0
ag2410,,13:42:36.0#,7623.0,7725.0,7586.0,8605.0,7040.0,279230,207532.0,7660.0,67,7661.0,62,7662.0,38,7663.0,35,7664.0,29,7665.0,110,7666.0,7,7667.0,54,7668.0,87,7669.0,64,7664.0
ag2410,,13:42:36.500#,7623.0,7725.0,7586.0,8605.0,7040.0,279231,207532.0,7660.0,65,7661.0,62,7662.0,39,7663.0,35,7664.0,17,7665.0,111,7666.0,8,7667.0,57,7668.0,84,7669.0,64,7664.0
ag2410,,13:42:37.0#,7623.0,7725.0,7586.0,8605.0,7040.0,279269,207551.0,7659.0,70,7660.0,90,7661.0,38,7662.0,39,7663.0,2,7664.0,29,7665.0,114,7666.0,9,7667.0,82,7668.0,28,7664.0
ag2410,,13:42:37.500#,7623.0,7725.0,7586.0,8605.0,7040.0,279279,207557.0,7659.0,104,7660.0,38,7661.0,49,7662.0,15,7663.0,15,7664.0,36,7665.0,117,7666.0,82,7667.0,22,7668.0,55,7663.0
ag2410,,13:42:38.0#,7623.0,7725.0,7586.0,8605.0,7040.0,279280,207556.0,7659.0,98,7660.0,23,7661.0,42,7662.0,30,7663.0,6,7664.0,15,7665.0,120,7666.0,82,7667.0,6,7668.0,70,7664.0
ag2410,,13:42:38.500#,7623.0,7725.0,7586.0,8605.0,7040.0,279297,207546.0,7659.0,113,7660.0,23,7661.0,42,7662.0,32,7663.0,25,7664.0,9,7665.0,120,7666.0,84,7667.0,36,7668.0,70,7664.0
ag2410,,13:42:39.0#,7623.0,7725.0,7586.0,8605.0,7040.0,279302,207544.0,7659.0,123,7660.0,25,7661.0,57,7662.0,33,7663.0,4,7664.0,8,7665.0,119,7666.0,42,7667.0,79,7668.0,57,7664.0
ag2410,,13:42:39.500#,7623.0,7725.0,7586.0,8605.0,7040.0,279304,207544.0,7659.0,126,7660.0,24,7661.0,42,7662.0,33,7663.0,17,7664.0,8,7665.0,120,7666.0,63,7667.0,60,7668.0,70,7663.0
ag2410,,13:42:40.0#,7623.0,7725.0,7586.0,8605.0,7040.0,279304,207544.0,7659.0,140,7660.0,10,7661.0,55,7662.0,33,7663.0,18,7664.0,10,7665.0,122,7666.0,38,7667.0,81,7668.0,57,7663.0
ag2410,,13:42:40.500#,7623.0,7725.0,7586.0,8605.0,7040.0,279305,207545.0,7659.0,139,7660.0,10,7661.0,56,7662.0,49,7663.0,3,7664.0,13,7665.0,122,7666.0,36,7667.0,83,7668.0,57,7664.0
ag2410,,13:42:41.0#,7623.0,7725.0,7586.0,8605.0,7040.0,279307,207545.0,7659.0,124,7660.0,24,7661.0,43,7662.0,49,7663.0,2,7664.0,17,7665.0,122,7666.0,60,7667.0,60,7668.0,70,7663.0
ag2410,,13:42:41.500#,7623.0,7725.0,7586.0,8605.0,7040.0,279309,207546.0,7658.0,68,7659.0,125,7660.0,24,7661.0,42,7662.0,34,7664.0,17,7665.0,122,7666.0,64,7667.0,44,7668.0,70,7663.0
ag2410,,13:42:42.0#,7623.0,7725.0,7586.0,8605.0,7040.0,279309,207546.0,7658.0,69,7659.0,109,7660.0,31,7661.0,52,7662.0,25,7663.0,4,7664.0,21,7665.0,122,7666.0,103,7667.0,21,7663.0
ag2410,,13:42:42.500#,7623.0,7725.0,7586.0,8605.0,7040.0,279310,207546.0,7658.0,84,7659.0,92,7660.0,48,7661.0,28,7662.0,25,7663.0,20,7664.0,19,7665.0,145,7666.0,77,7667.0,52,7663.0
ag2410,,13:42:43.0#,7623.0,7725.0,7586.0,8605.0,7040.0,279326,207556.0,7657.0,46,7658.0,83,7659.0,81,7660.0,47,7661.0,27,7662.0,6,7663.0,17,7664.0,35,7665.0,156,7666.0,64,7662.0
ag2410,,13:42:43.500#,7623.0,7725.0,7586.0,8605.0,7040.0,279332,207562.0,7657.0,76,7658.0,62,7659.0,94,7660.0,40,7661.0,12,7662.0,3,7663.0,18,7664.0,57,7665.0,177,7666.0,66,7662.0
ag2410,,13:42:44.0#,7623.0,7725.0,7586.0,8605.0,7040.0,279333,207561.0,7657.0,90,7658.0,58,7659.0,83,7660.0,40,7661.0,9,7662.0,6,7663.0,18,7664.0,60,7665.0,196,7666.0,58,7661.0
ag2410,,13:42:44.500#,7623.0,7725.0,7586.0,8605.0,7040.0,279339,207560.0,7657.0,96,7658.0,70,7659.0,65,7660.0,25,7661.0,7,7662.0,6,7663.0,29,7664.0,46,7665.0,182,7666.0,59,7662.0
ag2410,,13:42:45.0#,7623.0,7725.0,7586.0,8605.0,7040.0,279345,207562.0,7657.0,107,7658.0,63,7659.0,79,7660.0,26,7661.0,1,7662.0,7,7663.0,30,7664.0,62,7665.0,178,7666.0,59,7661.0
ag2410,,13:42:45.500#,7623.0,7725.0,7586.0,8605.0,7040.0,279347,207561.0,7656.0,52,7657.0,84,7658.0,80,7659.0,64,7660.0,26,7661.0,1,7662.0,15,7663.0,30,7664.0,78,7665.0,157,7661.0
ag2410,,13:42:46.0#,7623.0,7725.0,7586.0,8605.0,7040.0,279349,207562.0,7656.0,84,7657.0,47,7658.0,130,7659.0,43,7660.0,26,7662.0,17,7663.0,43,7664.0,80,7665.0,193,7666.0,56,7661.0
ag2410,,13:42:46.500#,7623.0,7725.0,7586.0,8605.0,7040.0,279349,207562.0,7656.0,54,7657.0,61,7658.0,116,7659.0,58,7660.0,26,7661.0,1,7662.0,15,7663.0,30,7664.0,95,7665.0,176,7661.0
ag2410,,13:42:47.0#,7623.0,7725.0,7586.0,8605.0,7040.0,279352,207560.0,7657.0,46,7658.0,130,7659.0,43,7660.0,27,7661.0,1,7662.0,17,7663.0,43,7664.0,83,7665.0,208,7666.0,41,7661.0
ag2410,,13:42:47.500#,7623.0,7725.0,7586.0,8605.0,7040.0,279355,207559.0,7656.0,22,7657.0,104,7658.0,90,7659.0,70,7660.0,10,7661.0,6,7662.0,7,7663.0,30,7664.0,119,7665.0,169,7660.0
ag2410,,13:42:48.0#,7623.0,7725.0,7586.0,8605.0,7040.0,279355,207559.0,7656.0,52,7657.0,78,7658.0,94,7659.0,57,7660.0,10,7661.0,8,7662.0,7,7663.0,42,7664.0,124,7665.0,176,7660.0
ag2410,,13:42:48.500#,7623.0,7725.0,7586.0,8605.0,7040.0,279359,207561.0,7656.0,52,7657.0,85,7658.0,93,7659.0,57,7660.0,8,7661.0,9,7662.0,7,7663.0,46,7664.0,126,7665.0,175,7661.0
ag2410,,13:42:49.0#,7623.0,7725.0,7586.0,8605.0,7040.0,279368,207568.0,7657.0,99,7658.0,68,7659.0,44,7660.0,14,7661.0,9,7662.0,7,7663.0,63,7664.0,82,7665.0,189,7666.0,43,7661.0
ag2410,,13:42:49.500#,7623.0,7725.0,7586.0,8605.0,7040.0,279375,207563.0,7656.0,23,7657.0,103,7658.0,92,7659.0,60,7660.0,26,7661.0,1,7662.0,7,7663.0,31,7664.0,121,7665.0,167,7661.0
ag2410,,13:42:50.0#,7623.0,7725.0,7586.0,8605.0,7040.0,279376,207564.0,7656.0,70,7657.0,62,7658.0,137,7659.0,27,7660.0,28,7661.0,2,7662.0,8,7663.0,44,7664.0,108,7665.0,199,7660.0
ag2410,,13:42:50.500#,7623.0,7725.0,7586.0,8605.0,7040.0,279380,207561.0,7657.0,47,7658.0,151,7659.0,27,7660.0,29,7661.0,11,7662.0,8,7663.0,43,7664.0,109,7665.0,198,7666.0,72,7662.0
ag2410,,13:42:51.0#,7623.0,7725.0,7586.0,8605.0,7040.0,279380,207561.0,7657.0,93,7658.0,108,7659.0,54,7660.0,31,7661.0,11,7662.0,6,7663.0,15,7664.0,105,7665.0,183,7666.0,76,7662.0
ag2410,,13:42:51.500#,7623.0,7725.0,7586.0,8605.0,7040.0,279380,207561.0,7657.0,94,7658.0,105,7659.0,70,7660.0,32,7661.0,13,7662.0,6,7663.0,14,7664.0,107,7665.0,182,7666.0,91,7662.0
ag2410,,13:42:52.0#,7623.0,7725.0,7586.0,8605.0,7040.0,279380,207561.0,7657.0,99,7658.0,92,7659.0,78,7660.0,35,7661.0,14,7662.0,7,7663.0,14,7664.0,112,7665.0,182,7666.0,91,7662.0
ag2410,,13:42:52.500#,7623.0,7725.0,7586.0,8605.0,7040.0,279382,207563.0,7657.0,107,7658.0,81,7659.0,96,7660.0,18,7661.0,14,7662.0,8,7663.0,29,7664.0,100,7665.0,179,7666.0,76,7662.0
ag2410,,13:42:53.0#,7623.0,7725.0,7586.0,8605.0,7040.0,279385,207563.0,7657.0,113,7658.0,79,7659.0,93,7660.0,17,7661.0,12,7662.0,8,7663.0,30,7664.0,101,7665.0,194,7666.0,76,7661.0
ag2410,,13:42:53.500#,7623.0,7725.0,7586.0,8605.0,7040.0,279385,207563.0,7657.0,115,7658.0,79,7659.0,77,7660.0,18,7661.0,13,7662.0,8,7663.0,30,7664.0,86,7665.0,194,7666.0,76,7661.0
ag2410,,13:42:54.0#,7623.0,7725.0,7586.0,8605.0,7040.0,279388,207564.0,7657.0,116,7658.0,79,7659.0,91,7660.0,18,7661.0,13,7662.0,5,7663.0,30,7664.0,98,7665.0,195,7666.0,76,7662.0
ag2410,,13:42:54.500#,7623.0,7725.0,7586.0,8605.0,7040.0,279390,207563.0,7657.0,123,7658.0,69,7659.0,79,7660.0,18,7661.0,12,7662.0,6,7663.0,45,7664.0,71,7665.0,192,7666.0,76,7661.0
ag2410,,13:42:55.0#,7623.0,7725.0,7586.0,8605.0,7040.0,279390,207563.0,7657.0,114,7658.0,79,7659.0,93,7660.0,18,7661.0,13,7662.0,6,7663.0,30,7664.0,96,7665.0,178,7666.0,91,7661.0
ag2410,,13:42:55.500#,7623.0,7725.0,7586.0,8605.0,7040.0,279391,207563.0,7657.0,100,7658.0,94,7659.0,92,7660.0,18,7661.0,13,7662.0,5,7663.0,30,7664.0,96,7665.0,179,7666.0,91,7662.0
ag2410,,13:42:56.0#,7623.0,7725.0,7586.0,8605.0,7040.0,279391,207563.0,7657.0,100,7658.0,94,7659.0,94,7660.0,18,7661.0,13,7662.0,5,7663.0,31,7664.0,97,7665.0,179,7666.0,91,7662.0
ag2410,,13:42:56.500#,7623.0,7725.0,7586.0,8605.0,7040.0,279394,207562.0,7657.0,100,7658.0,94,7659.0,94,7660.0,18,7661.0,12,7662.0,20,7663.0,31,7664.0,97,7665.0,179,7666.0,91,7662.0
ag2410,,13:42:57.0#,7623.0,7725.0,7586.0,8605.0,7040.0,279395,207562.0,7657.0,87,7658.0,108,7659.0,79,7660.0,18,7661.0,11,7662.0,20,7663.0,31,7664.0,121,7665.0,155,7666.0,105,7661.0
ag2410,,13:42:57.500#,7623.0,7725.0,7586.0,8605.0,7040.0,279396,207562.0,7657.0,80,7658.0,114,7659.0,80,7660.0,18,7661.0,11,7662.0,20,7663.0,16,7664.0,147,7665.0,145,7666.0,105,7661.0
ag2410,,13:42:58.0#,7623.0,7725.0,7586.0,8605.0,7040.0,279397,207562.0,7657.0,80,7658.0,123,7659.0,75,7660.0,18,7661.0,12,7662.0,21,7663.0,16,7664.0,147,7665.0,147,7666.0,105,7661.0
ag2410,,13:42:58.500#,7623.0,7725.0,7586.0,8605.0,7040.0,279398,207562.0,7657.0,80,7658.0,110,7659.0,82,7660.0,18,7661.0,10,7662.0,22,7663.0,32,7664.0,133,7665.0,147,7666.0,105,7661.0
ag2410,,13:42:59.0#,7623.0,7725.0,7586.0,8605.0,7040.0,279411,207568.0,7657.0,80,7658.0,117,7659.0,75,7660.0,18,7661.0,5,7662.0,24,7663.0,32,7664.0,134,7665.0,147,7666.0,90,7661.0
ag2410,,13:42:59.500#,7623.0,7725.0,7586.0,8605.0,7040.0,279415,207572.0,7657.0,95,7658.0,95,7659.0,83,7660.0,18,7661.0,1,7662.0,24,7663.0,47,7664.0,120,7665.0,144,7666.0,90,7661.0
ag2410,,13:43:00.0#,7623.0,7725.0,7586.0,8605.0,7040.0,279416,207572.0,7656.0,38,7657.0,95,7658.0,93,7659.0,70,7660.0,18,7661.0,2,7662.0,24,7663.0,47,7664.0,104,7665.0,144,7661.0
ag2410,,13:43:00.500#,7623.0,7725.0,7586.0,8605.0,7040.0,279419,207571.0,7656.0,56,7657.0,80,7658.0,129,7659.0,33,7660.0,16,7661.0,1,7662.0,26,7663.0,75,7664.0,105,7665.0,178,7661.0
ag2410,,13:43:01.0#,7623.0,7725.0,7586.0,8605.0,7040.0,279419,207571.0,7656.0,56,7657.0,77,7658.0,117,7659.0,48,7660.0,19,7661.0,1,7662.0,36,7663.0,84,7664.0,101,7665.0,175,7661.0
ag2410,,13:43:01.500#,7623.0,7725.0,7586.0,8605.0,7040.0,279420,207571.0,7657.0,62,7658.0,117,7659.0,48,7660.0,22,7661.0,12,7662.0,36,7663.0,55,7664.0,112,7665.0,175,7666.0,60,7661.0
ag2410,,13:43:02.0#,7623.0,7725.0,7586.0,8605.0,7040.0,279422,207573.0,7657.0,81,7658.0,115,7659.0,76,7660.0,24,7661.0,11,7662.0,34,7663.0,32,7664.0,135,7665.0,159,7666.0,77,7661.0
ag2410,,13:43:02.500#,7623.0,7725.0,7586.0,8605.0,7040.0,279424,207574.0,7657.0,79,7658.0,110,7659.0,83,7660.0,24,7661.0,11,7662.0,34,7663.0,32,7664.0,120,7665.0,160,7666.0,92,7661.0
ag2410,,13:43:03.0#,7623.0,7725.0,7586.0,8605.0,7040.0,279424,207574.0,7657.0,79,7658.0,109,7659.0,84,7660.0,24,7661.0,12,7662.0,35,7663.0,33,7664.0,120,7665.0,161,7666.0,93,7661.0
ag2410,,13:43:03.500#,7623.0,7725.0,7586.0,8605.0,7040.0,279429,207569.0,7657.0,79,7658.0,109,7659.0,84,7660.0,24,7661.0,7,7662.0,35,7663.0,33,7664.0,120,7665.0,160,7666.0,93,7661.0
ag2410,,13:43:04.0#,7623.0,7725.0,7586.0,8605.0,7040.0,279432,207570.0,7657.0,86,7658.0,102,7659.0,90,7660.0,24,7661.0,4,7662.0,33,7663.0,33,7664.0,135,7665.0,145,7666.0,93,7661.0
ag2410,,13:43:04.500#,7623.0,7725.0,7586.0,8605.0,7040.0,279432,207570.0,7657.0,86,7658.0,87,7659.0,112,7660.0,24,7661.0,4,7662.0,33,7663.0,33,7664.0,135,7665.0,145,7666.0,93,7661.0
ag2410,,13:43:05.0#,7623.0,7725.0,7586.0,8605.0,7040.0,279465,207576.0,7658.0,90,7659.0,101,7660.0,33,7661.0,22,7662.0,5,7663.0,31,7664.0,121,7665.0,158,7666.0,93,7667.0,23,7662.0
ag2410,,13:43:05.500#,7623.0,7725.0,7586.0,8605.0,7040.0,279465,207576.0,7658.0,80,7659.0,112,7660.0,46,7661.0,18,7662.0,33,7663.0,28,7664.0,32,7665.0,234,7666.0,47,7667.0,53,7662.0
ag2410,,13:43:06.0#,7623.0,7725.0,7586.0,8605.0,7040.0,279470,207577.0,7658.0,100,7659.0,106,7660.0,76,7661.0,31,7662.0,3,7663.0,27,7664.0,31,7665.0,191,7666.0,90,7667.0,40,7662.0
ag2410,,13:43:06.500#,7623.0,7725.0,7586.0,8605.0,7040.0,279470,207577.0,7658.0,72,7659.0,120,7660.0,61,7661.0,31,7662.0,3,7663.0,27,7664.0,31,7665.0,206,7666.0,61,7667.0,68,7662.0
ag2410,,13:43:07.0#,7623.0,7725.0,7586.0,8605.0,7040.0,279472,207578.0,7658.0,72,7659.0,120,7660.0,61,7661.0,34,7662.0,3,7663.0,25,7664.0,31,7665.0,206,7666.0,61,7667.0,68,7662.0
ag2410,,13:43:07.500#,7623.0,7725.0,7586.0,8605.0,7040.0,279472,207578.0,7658.0,71,7659.0,121,7660.0,61,7661.0,34,7662.0,2,7663.0,28,7664.0,31,7665.0,205,7666.0,61,7667.0,68,7662.0
ag2410,,13:43:08.0#,7623.0,7725.0,7586.0,8605.0,7040.0,279472,207578.0,7657.0,91,7658.0,71,7659.0,121,7660.0,77,7661.0,21,7662.0,8,7663.0,28,7664.0,31,7665.0,220,7666.0,46,7662.0
ag2410,,13:43:08.500#,7623.0,7725.0,7586.0,8605.0,7040.0,279476,207577.0,7657.0,123,7658.0,55,7659.0,121,7660.0,64,7661.0,19,7663.0,28,7664.0,50,7665.0,214,7666.0,62,7667.0,52,7663.0
ag2410,,13:43:09.0#,7623.0,7725.0,7586.0,8605.0,7040.0,279476,207577.0,7657.0,108,7658.0,56,7659.0,120,7660.0,64,7661.0,20,7663.0,27,7664.0,47,7665.0,220,7666.0,61,7667.0,39,7663.0
ag2410,,13:43:09.500#,7623.0,7725.0,7586.0,8605.0,7040.0,279476,207577.0,7658.0,56,7659.0,135,7660.0,49,7661.0,20,7662.0,1,7663.0,27,7664.0,47,7665.0,220,7666.0,61,7667.0,39,7663.0
ag2410,,13:43:10.0#,7623.0,7725.0,7586.0,8605.0,7040.0,279477,207578.0,7657.0,76,7658.0,86,7659.0,120,7660.0,62,7661.0,22,7662.0,3,7663.0,27,7664.0,32,7665.0,236,7666.0,46,7662.0
ag2410,,13:43:10.500#,7623.0,7725.0,7586.0,8605.0,7040.0,279479,207578.0,7657.0,94,7658.0,55,7659.0,136,7660.0,49,7661.0,19,7662.0,2,7663.0,29,7664.0,50,7665.0,216,7666.0,78,7661.0
ag2410,,13:43:11.0#,7623.0,7725.0,7586.0,8605.0,7040.0,279480,207577.0,7657.0,94,7658.0,55,7659.0,136,7660.0,48,7661.0,17,7662.0,5,7663.0,31,7664.0,53,7665.0,215,7666.0,78,7661.0
ag2410,,13:43:11.500#,7623.0,7725.0,7586.0,8605.0,7040.0,279480,207577.0,7657.0,94,7658.0,55,7659.0,136,7660.0,48,7661.0,12,7662.0,5,7663.0,31,7664.0,53,7665.0,215,7666.0,78,7661.0
ag2410,,13:43:12.0#,7623.0,7725.0,7586.0,8605.0,7040.0,279480,207577.0,7657.0,94,7658.0,55,7659.0,136,7660.0,48,7661.0,12,7662.0,6,7663.0,31,7664.0,53,7665.0,215,7666.0,78,7661.0
ag2410,,13:43:12.500#,7623.0,7725.0,7586.0,8605.0,7040.0,279480,207577.0,7657.0,94,7658.0,55,7659.0,136,7660.0,48,7661.0,12,7662.0,6,7663.0,32,7664.0,54,7665.0,214,7666.0,78,7661.0
ag2410,,13:43:13.0#,7623.0,7725.0,7586.0,8605.0,7040.0,279482,207578.0,7657.0,94,7658.0,55,7659.0,136,7660.0,33,7661.0,9,7662.0,7,7663.0,32,7664.0,68,7665.0,184,7666.0,78,7661.0
ag2410,,13:43:13.500#,7623.0,7725.0,7586.0,8605.0,7040.0,279482,207578.0,7657.0,108,7658.0,42,7659.0,135,7660.0,48,7661.0,10,7662.0,8,7663.0,32,7664.0,70,7665.0,211,7666.0,64,7661.0
ag2410,,13:43:14.0#,7623.0,7725.0,7586.0,8605.0,7040.0,279482,207578.0,7657.0,93,7658.0,57,7659.0,135,7660.0,18,7661.0,8,7662.0,8,7663.0,32,7664.0,70,7665.0,196,7666.0,64,7661.0
