InstrumentId,ExchangeId,Datetime,OpenPrice,HighestPrice,LowestPrice,UpperLimitPrice,LowerLimitPrice,Volume,OpenInterest,BidPrice5,BidVolume5,BidPrice4,BidVolume4,BidPrice3,BidVolume3,BidPrice2,BidVolume2,BidPrice1,BidVolume1,AskPrice1,AskVolume1,AskPrice2,AskVolume2,AskPrice3,AskVolume3,AskPrice4,AskVolume4,AskPrice5,AskVolume5,LastPrice
ao2408,,13:38:35.0#,3733.0,3752.0,3701.0,4005.0,3480.0,11376,11969.0,3727.0,72,3728.0,18,3729.0,16,3730.0,8,3731.0,2,3732.0,11,3733.0,1,3734.0,6,3735.0,8,3736.0,17,3732.0
ao2408,,13:38:35.500#,3733.0,3752.0,3701.0,4005.0,3480.0,11376,11969.0,3727.0,15,3728.0,18,3729.0,2,3730.0,7,3731.0,2,3732.0,5,3733.0,1,3734.0,7,3735.0,21,3736.0,29,3732.0
ao2408,,13:38:36.0#,3733.0,3752.0,3701.0,4005.0,3480.0,11376,11969.0,3727.0,15,3728.0,18,3729.0,2,3730.0,7,3731.0,2,3732.0,5,3733.0,1,3734.0,7,3735.0,21,3736.0,44,3732.0
ao2408,,13:38:36.500#,3733.0,3752.0,3701.0,4005.0,3480.0,11376,11969.0,3727.0,15,3728.0,18,3729.0,2,3730.0,7,3731.0,1,3732.0,5,3733.0,1,3734.0,7,3735.0,21,3736.0,59,3732.0
ao2408,,13:38:37.0#,3733.0,3752.0,3701.0,4005.0,3480.0,11376,11969.0,3727.0,15,3728.0,18,3729.0,2,3730.0,7,3731.0,2,3732.0,5,3733.0,1,3734.0,7,3735.0,21,3736.0,59,3732.0
ao2408,,13:38:38.0#,3733.0,3752.0,3701.0,4005.0,3480.0,11376,11969.0,3727.0,15,3728.0,18,3729.0,2,3730.0,7,3731.0,2,3732.0,5,3733.0,1,3734.0,7,3735.0,21,3736.0,59,3732.0
ao2408,,13:38:38.500#,3733.0,3752.0,3701.0,4005.0,3480.0,11377,11970.0,3727.0,15,3728.0,18,3729.0,2,3730.0,7,3731.0,1,3732.0,5,3733.0,1,3734.0,7,3735.0,21,3736.0,59,3731.0
ao2408,,13:38:39.0#,3733.0,3752.0,3701.0,4005.0,3480.0,11377,11970.0,3727.0,15,3728.0,18,3729.0,2,3730.0,7,3731.0,1,3732.0,5,3733.0,1,3734.0,7,3735.0,21,3736.0,59,3731.0
ao2408,,13:38:39.500#,3733.0,3752.0,3701.0,4005.0,3480.0,11377,11970.0,3727.0,15,3728.0,18,3729.0,2,3730.0,7,3731.0,1,3732.0,5,3733.0,1,3734.0,7,3735.0,21,3736.0,59,3731.0
ao2408,,13:38:40.0#,3733.0,3752.0,3701.0,4005.0,3480.0,11377,11970.0,3727.0,15,3728.0,18,3729.0,2,3730.0,7,3731.0,1,3732.0,5,3733.0,1,3734.0,7,3735.0,21,3736.0,59,3731.0
ao2408,,13:38:40.500#,3733.0,3752.0,3701.0,4005.0,3480.0,11377,11970.0,3726.0,72,3727.0,15,3728.0,18,3729.0,2,3730.0,7,3731.0,1,3732.0,5,3733.0,1,3734.0,7,3735.0,21,3731.0
ao2408,,13:38:41.0#,3733.0,3752.0,3701.0,4005.0,3480.0,11379,11968.0,3726.0,42,3727.0,30,3728.0,4,3729.0,1,3730.0,7,3732.0,5,3733.0,2,3734.0,21,3735.0,6,3736.0,74,3731.0
ao2408,,13:38:41.500#,3733.0,3752.0,3701.0,4005.0,3480.0,11379,11968.0,3726.0,27,3727.0,30,3728.0,3,3729.0,2,3730.0,7,3732.0,5,3733.0,1,3734.0,7,3735.0,21,3736.0,59,3731.0
ao2408,,13:38:42.0#,3733.0,3752.0,3701.0,4005.0,3480.0,11379,11968.0,3726.0,27,3727.0,30,3728.0,3,3729.0,2,3730.0,7,3732.0,5,3733.0,1,3734.0,7,3735.0,21,3736.0,59,3731.0
ao2408,,13:38:42.500#,3733.0,3752.0,3701.0,4005.0,3480.0,11379,11968.0,3726.0,27,3727.0,30,3728.0,3,3729.0,2,3730.0,7,3732.0,5,3733.0,1,3734.0,7,3735.0,21,3736.0,59,3731.0
ao2408,,13:38:43.0#,3733.0,3752.0,3701.0,4005.0,3480.0,11379,11968.0,3726.0,27,3727.0,30,3728.0,3,3729.0,2,3730.0,7,3732.0,5,3733.0,1,3734.0,7,3735.0,21,3736.0,59,3731.0
ao2408,,13:38:43.500#,3733.0,3752.0,3701.0,4005.0,3480.0,11379,11968.0,3726.0,27,3727.0,30,3728.0,3,3729.0,2,3730.0,7,3732.0,5,3733.0,1,3734.0,7,3735.0,21,3736.0,59,3731.0
ao2408,,13:38:44.0#,3733.0,3752.0,3701.0,4005.0,3480.0,11379,11968.0,3726.0,27,3727.0,30,3728.0,3,3729.0,2,3730.0,7,3732.0,5,3733.0,1,3734.0,7,3735.0,21,3736.0,59,3731.0
ao2408,,13:38:45.0#,3733.0,3752.0,3701.0,4005.0,3480.0,11379,11968.0,3726.0,27,3727.0,30,3728.0,3,3729.0,2,3730.0,7,3732.0,5,3733.0,1,3734.0,7,3735.0,21,3736.0,59,3731.0
ao2408,,13:38:45.500#,3733.0,3752.0,3701.0,4005.0,3480.0,11379,11968.0,3727.0,30,3728.0,3,3729.0,2,3730.0,9,3731.0,4,3732.0,5,3733.0,1,3734.0,7,3735.0,21,3736.0,59,3731.0
ao2408,,13:38:46.0#,3733.0,3752.0,3701.0,4005.0,3480.0,11379,11968.0,3727.0,15,3728.0,18,3729.0,2,3730.0,9,3731.0,4,3732.0,5,3733.0,1,3734.0,7,3735.0,21,3736.0,59,3731.0
ao2408,,13:38:46.500#,3733.0,3752.0,3701.0,4005.0,3480.0,11379,11968.0,3727.0,15,3728.0,18,3729.0,2,3730.0,9,3731.0,4,3732.0,5,3733.0,1,3734.0,7,3735.0,21,3736.0,44,3731.0
ao2408,,13:38:47.0#,3733.0,3752.0,3701.0,4005.0,3480.0,11379,11968.0,3727.0,15,3728.0,18,3729.0,2,3730.0,9,3731.0,4,3732.0,5,3733.0,1,3734.0,7,3735.0,21,3736.0,59,3731.0
ao2408,,13:38:47.500#,3733.0,3752.0,3701.0,4005.0,3480.0,11380,11967.0,3727.0,15,3728.0,18,3729.0,2,3730.0,9,3731.0,3,3732.0,5,3733.0,1,3734.0,7,3735.0,21,3736.0,59,3731.0
ao2408,,13:38:48.0#,3733.0,3752.0,3701.0,4005.0,3480.0,11380,11967.0,3727.0,15,3728.0,18,3729.0,2,3730.0,9,3731.0,3,3732.0,5,3733.0,1,3734.0,7,3735.0,21,3736.0,59,3731.0
ao2408,,13:38:48.500#,3733.0,3752.0,3701.0,4005.0,3480.0,11380,11967.0,3727.0,15,3728.0,18,3729.0,2,3730.0,9,3731.0,3,3732.0,5,3733.0,1,3734.0,7,3735.0,21,3736.0,59,3731.0
ao2408,,13:38:49.0#,3733.0,3752.0,3701.0,4005.0,3480.0,11380,11967.0,3727.0,15,3728.0,17,3729.0,1,3730.0,8,3731.0,3,3732.0,4,3734.0,6,3735.0,21,3736.0,47,3737.0,46,3731.0
ao2408,,13:38:49.500#,3733.0,3752.0,3701.0,4005.0,3480.0,11383,11964.0,3726.0,45,3727.0,15,3728.0,17,3729.0,1,3730.0,8,3731.0,4,3732.0,7,3734.0,6,3735.0,6,3736.0,62,3731.0
ao2408,,13:38:50.0#,3733.0,3752.0,3701.0,4005.0,3480.0,11387,11962.0,3726.0,15,3727.0,30,3728.0,3,3730.0,8,3731.0,2,3733.0,1,3734.0,5,3735.0,21,3736.0,32,3737.0,61,3731.0
ao2408,,13:38:50.500#,3733.0,3752.0,3701.0,4005.0,3480.0,11387,11962.0,3726.0,15,3727.0,30,3728.0,3,3730.0,8,3731.0,2,3733.0,4,3734.0,2,3735.0,6,3736.0,32,3737.0,16,3731.0
ao2408,,13:38:51.0#,3733.0,3752.0,3701.0,4005.0,3480.0,11387,11962.0,3726.0,31,3727.0,30,3728.0,2,3730.0,8,3731.0,2,3733.0,1,3734.0,2,3735.0,6,3736.0,33,3737.0,1,3731.0
ao2408,,13:38:51.500#,3733.0,3752.0,3701.0,4005.0,3480.0,11387,11962.0,3726.0,15,3727.0,30,3728.0,2,3730.0,9,3731.0,2,3733.0,1,3734.0,2,3735.0,7,3736.0,32,3737.0,1,3731.0
ao2408,,13:38:53.0#,3733.0,3752.0,3701.0,4005.0,3480.0,11387,11962.0,3726.0,15,3727.0,15,3728.0,2,3730.0,9,3731.0,2,3733.0,1,3734.0,2,3735.0,7,3736.0,17,3737.0,1,3731.0
ao2408,,13:38:53.500#,3733.0,3752.0,3701.0,4005.0,3480.0,11387,11962.0,3726.0,15,3727.0,30,3728.0,2,3730.0,9,3731.0,2,3733.0,1,3734.0,2,3735.0,7,3736.0,32,3737.0,1,3731.0
ao2408,,13:38:54.500#,3733.0,3752.0,3701.0,4005.0,3480.0,11387,11962.0,3726.0,15,3727.0,30,3728.0,2,3730.0,9,3731.0,2,3733.0,3,3734.0,2,3735.0,7,3736.0,32,3737.0,1,3731.0
ao2408,,13:38:55.0#,3733.0,3752.0,3701.0,4005.0,3480.0,11387,11962.0,3727.0,30,3728.0,2,3729.0,1,3730.0,8,3731.0,2,3733.0,6,3734.0,3,3735.0,6,3736.0,32,3737.0,1,3731.0
ao2408,,13:38:55.500#,3733.0,3752.0,3701.0,4005.0,3480.0,11387,11962.0,3727.0,15,3728.0,17,3729.0,1,3730.0,8,3731.0,2,3733.0,3,3734.0,3,3735.0,6,3736.0,32,3737.0,1,3731.0
ao2408,,13:38:56.0#,3733.0,3752.0,3701.0,4005.0,3480.0,11387,11962.0,3727.0,15,3728.0,17,3729.0,1,3730.0,8,3731.0,3,3733.0,3,3734.0,3,3735.0,6,3736.0,32,3737.0,1,3731.0
ao2408,,13:38:56.500#,3733.0,3752.0,3701.0,4005.0,3480.0,11387,11962.0,3726.0,45,3727.0,15,3728.0,17,3730.0,9,3731.0,3,3733.0,3,3734.0,2,3735.0,7,3736.0,32,3737.0,1,3731.0
ao2408,,13:38:57.0#,3733.0,3752.0,3701.0,4005.0,3480.0,11387,11962.0,3726.0,30,3727.0,30,3728.0,2,3730.0,9,3731.0,3,3733.0,3,3734.0,2,3735.0,7,3736.0,32,3737.0,1,3731.0
ao2408,,13:38:57.500#,3733.0,3752.0,3701.0,4005.0,3480.0,11387,11962.0,3726.0,15,3727.0,30,3728.0,2,3730.0,9,3731.0,3,3733.0,3,3734.0,2,3735.0,7,3736.0,32,3737.0,1,3731.0
ao2408,,13:39:07.0#,3733.0,3752.0,3701.0,4005.0,3480.0,11390,11961.0,3726.0,15,3727.0,30,3728.0,2,3730.0,9,3731.0,2,3733.0,1,3734.0,2,3735.0,7,3736.0,32,3737.0,1,3733.0
ao2408,,13:39:07.500#,3733.0,3752.0,3701.0,4005.0,3480.0,11390,11961.0,3726.0,15,3727.0,30,3728.0,2,3730.0,9,3731.0,2,3733.0,2,3734.0,2,3735.0,7,3736.0,32,3737.0,1,3733.0
ao2408,,13:39:08.500#,3733.0,3752.0,3701.0,4005.0,3480.0,11390,11961.0,3726.0,15,3727.0,30,3728.0,2,3730.0,9,3731.0,2,3733.0,2,3734.0,1,3735.0,7,3736.0,32,3737.0,1,3733.0
ao2408,,13:39:09.0#,3733.0,3752.0,3701.0,4005.0,3480.0,11390,11961.0,3726.0,15,3727.0,30,3728.0,2,3730.0,9,3731.0,2,3733.0,3,3734.0,1,3735.0,7,3736.0,32,3737.0,1,3733.0
ao2408,,13:39:09.500#,3733.0,3752.0,3701.0,4005.0,3480.0,11390,11961.0,3727.0,30,3728.0,2,3729.0,1,3730.0,8,3731.0,2,3733.0,6,3734.0,2,3735.0,6,3736.0,32,3737.0,1,3733.0
ao2408,,13:39:10.0#,3733.0,3752.0,3701.0,4005.0,3480.0,11390,11961.0,3727.0,15,3728.0,17,3729.0,1,3730.0,8,3731.0,3,3733.0,3,3734.0,2,3735.0,6,3736.0,32,3737.0,1,3733.0
ao2408,,13:39:10.500#,3733.0,3752.0,3701.0,4005.0,3480.0,11390,11961.0,3726.0,45,3727.0,15,3728.0,17,3730.0,9,3731.0,3,3733.0,3,3734.0,1,3735.0,7,3736.0,32,3737.0,1,3733.0
ao2408,,13:39:11.0#,3733.0,3752.0,3701.0,4005.0,3480.0,11390,11961.0,3726.0,30,3727.0,30,3728.0,2,3730.0,9,3731.0,3,3733.0,3,3734.0,1,3735.0,7,3736.0,32,3737.0,1,3733.0
ao2408,,13:39:11.500#,3733.0,3752.0,3701.0,4005.0,3480.0,11390,11961.0,3726.0,15,3727.0,30,3728.0,2,3730.0,9,3731.0,3,3733.0,3,3734.0,1,3735.0,7,3736.0,32,3737.0,1,3733.0
ao2408,,13:39:13.500#,3733.0,3752.0,3701.0,4005.0,3480.0,11390,11961.0,3727.0,42,3728.0,2,3729.0,1,3730.0,10,3731.0,4,3733.0,4,3734.0,2,3735.0,8,3736.0,32,3737.0,13,3733.0
ao2408,,13:39:14.0#,3733.0,3752.0,3701.0,4005.0,3480.0,11390,11961.0,3727.0,42,3728.0,17,3729.0,1,3730.0,10,3731.0,4,3733.0,4,3734.0,2,3735.0,8,3736.0,32,3737.0,28,3733.0
ao2408,,13:39:14.500#,3733.0,3752.0,3701.0,4005.0,3480.0,11390,11961.0,3727.0,42,3728.0,17,3729.0,1,3730.0,10,3731.0,4,3733.0,4,3734.0,2,3735.0,8,3736.0,32,3737.0,28,3733.0
ao2408,,13:39:15.0#,3733.0,3752.0,3701.0,4005.0,3480.0,11390,11961.0,3727.0,42,3728.0,17,3729.0,1,3730.0,10,3731.0,4,3733.0,4,3734.0,2,3735.0,8,3736.0,32,3737.0,28,3733.0
ao2408,,13:39:15.500#,3733.0,3752.0,3701.0,4005.0,3480.0,11390,11961.0,3727.0,42,3728.0,17,3729.0,1,3730.0,10,3731.0,4,3733.0,4,3734.0,2,3735.0,8,3736.0,32,3737.0,28,3733.0
ao2408,,13:39:16.0#,3733.0,3752.0,3701.0,4005.0,3480.0,11390,11961.0,3727.0,42,3728.0,17,3729.0,1,3730.0,10,3731.0,4,3733.0,3,3734.0,2,3735.0,8,3736.0,32,3737.0,28,3733.0
ao2408,,13:39:16.500#,3733.0,3752.0,3701.0,4005.0,3480.0,11390,11961.0,3727.0,42,3728.0,17,3729.0,1,3730.0,10,3731.0,4,3733.0,3,3734.0,2,3735.0,9,3736.0,32,3737.0,28,3733.0
ao2408,,13:39:17.0#,3733.0,3752.0,3701.0,4005.0,3480.0,11390,11961.0,3727.0,42,3728.0,17,3729.0,1,3730.0,10,3731.0,4,3733.0,3,3734.0,2,3735.0,9,3736.0,32,3737.0,28,3733.0
ao2408,,13:39:17.500#,3733.0,3752.0,3701.0,4005.0,3480.0,11390,11961.0,3727.0,42,3728.0,17,3729.0,1,3730.0,10,3731.0,4,3733.0,3,3734.0,2,3735.0,9,3736.0,32,3737.0,28,3733.0
ao2408,,13:39:18.0#,3733.0,3752.0,3701.0,4005.0,3480.0,11390,11961.0,3727.0,42,3728.0,17,3729.0,1,3730.0,10,3731.0,4,3733.0,3,3734.0,2,3735.0,10,3736.0,32,3737.0,28,3733.0
ao2408,,13:39:18.500#,3733.0,3752.0,3701.0,4005.0,3480.0,11390,11961.0,3727.0,42,3728.0,17,3729.0,1,3730.0,10,3731.0,4,3733.0,3,3734.0,2,3735.0,10,3736.0,32,3737.0,43,3733.0
ao2408,,13:39:19.0#,3733.0,3752.0,3701.0,4005.0,3480.0,11390,11961.0,3727.0,42,3728.0,17,3729.0,1,3730.0,10,3731.0,4,3733.0,3,3734.0,2,3735.0,10,3736.0,32,3737.0,43,3733.0
ao2408,,13:39:19.500#,3733.0,3752.0,3701.0,4005.0,3480.0,11393,11959.0,3727.0,42,3728.0,17,3729.0,1,3730.0,10,3731.0,4,3734.0,2,3735.0,10,3736.0,32,3737.0,43,3738.0,61,3733.0
ao2408,,13:39:20.0#,3733.0,3752.0,3701.0,4005.0,3480.0,11393,11959.0,3728.0,32,3729.0,1,3730.0,10,3731.0,7,3732.0,8,3734.0,3,3735.0,10,3736.0,2,3737.0,46,3738.0,16,3733.0
ao2408,,13:39:20.500#,3733.0,3752.0,3701.0,4005.0,3480.0,11393,11959.0,3729.0,15,3730.0,9,3731.0,5,3732.0,5,3733.0,1,3734.0,3,3735.0,9,3736.0,4,3737.0,31,3738.0,43,3733.0
ao2408,,13:39:21.0#,3733.0,3752.0,3701.0,4005.0,3480.0,11395,11959.0,3727.0,15,3728.0,74,3729.0,1,3730.0,24,3731.0,5,3732.0,3,3733.0,6,3734.0,6,3735.0,5,3736.0,4,3732.0
ao2408,,13:39:21.500#,3733.0,3752.0,3701.0,4005.0,3480.0,11398,11959.0,3727.0,16,3728.0,32,3729.0,1,3730.0,9,3731.0,5,3734.0,6,3735.0,20,3736.0,2,3737.0,62,3738.0,16,3732.0
ao2408,,13:39:22.0#,3733.0,3752.0,3701.0,4005.0,3480.0,11398,11959.0,3727.0,16,3728.0,32,3729.0,1,3730.0,9,3731.0,2,3734.0,9,3735.0,5,3736.0,2,3737.0,47,3738.0,31,3732.0
ao2408,,13:39:22.500#,3733.0,3752.0,3701.0,4005.0,3480.0,11398,11959.0,3727.0,15,3728.0,32,3729.0,1,3730.0,10,3731.0,5,3734.0,9,3735.0,6,3736.0,2,3737.0,46,3738.0,16,3732.0
ao2408,,13:39:23.0#,3733.0,3752.0,3701.0,4005.0,3480.0,11398,11959.0,3727.0,15,3728.0,32,3729.0,1,3730.0,10,3731.0,5,3733.0,1,3734.0,9,3735.0,6,3736.0,2,3737.0,46,3732.0
ao2408,,13:39:23.500#,3733.0,3752.0,3701.0,4005.0,3480.0,11398,11959.0,3727.0,15,3728.0,32,3729.0,1,3730.0,10,3731.0,5,3733.0,2,3734.0,9,3735.0,6,3736.0,17,3737.0,31,3732.0
ao2408,,13:39:24.0#,3733.0,3752.0,3701.0,4005.0,3480.0,11398,11959.0,3727.0,27,3728.0,32,3729.0,1,3730.0,10,3731.0,3,3733.0,3,3734.0,10,3735.0,6,3736.0,17,3737.0,43,3732.0
ao2408,,13:39:24.500#,3733.0,3752.0,3701.0,4005.0,3480.0,11399,11959.0,3727.0,27,3728.0,32,3729.0,1,3730.0,10,3731.0,2,3733.0,3,3734.0,10,3735.0,6,3736.0,17,3737.0,58,3731.0
ao2408,,13:39:25.0#,3733.0,3752.0,3701.0,4005.0,3480.0,11399,11959.0,3727.0,42,3728.0,17,3729.0,2,3730.0,9,3731.0,3,3733.0,3,3734.0,11,3735.0,5,3736.0,32,3737.0,43,3731.0
ao2408,,13:39:25.500#,3733.0,3752.0,3701.0,4005.0,3480.0,11399,11959.0,3727.0,42,3728.0,17,3729.0,1,3730.0,10,3731.0,3,3733.0,3,3734.0,10,3735.0,6,3736.0,32,3737.0,43,3731.0
ao2408,,13:39:26.0#,3733.0,3752.0,3701.0,4005.0,3480.0,11399,11959.0,3727.0,42,3728.0,17,3729.0,1,3730.0,10,3731.0,3,3733.0,3,3734.0,10,3735.0,6,3736.0,32,3737.0,43,3731.0
ao2408,,13:39:26.500#,3733.0,3752.0,3701.0,4005.0,3480.0,11399,11959.0,3727.0,42,3728.0,17,3729.0,1,3730.0,10,3731.0,3,3733.0,3,3734.0,10,3735.0,6,3736.0,32,3737.0,43,3731.0
ao2408,,13:39:27.0#,3733.0,3752.0,3701.0,4005.0,3480.0,11399,11959.0,3727.0,42,3728.0,17,3729.0,1,3730.0,10,3731.0,3,3733.0,3,3734.0,10,3735.0,6,3736.0,32,3737.0,43,3731.0
ao2408,,13:39:27.500#,3733.0,3752.0,3701.0,4005.0,3480.0,11399,11959.0,3727.0,42,3728.0,17,3729.0,1,3730.0,10,3731.0,3,3733.0,3,3734.0,10,3735.0,6,3736.0,32,3737.0,43,3731.0
ao2408,,13:39:28.0#,3733.0,3752.0,3701.0,4005.0,3480.0,11399,11959.0,3727.0,42,3728.0,17,3729.0,1,3730.0,10,3731.0,3,3733.0,3,3734.0,10,3735.0,6,3736.0,32,3737.0,43,3731.0
ao2408,,13:39:28.500#,3733.0,3752.0,3701.0,4005.0,3480.0,11399,11959.0,3727.0,42,3728.0,17,3729.0,1,3730.0,10,3731.0,3,3733.0,3,3734.0,10,3735.0,6,3736.0,32,3737.0,43,3731.0
ao2408,,13:39:29.0#,3733.0,3752.0,3701.0,4005.0,3480.0,11399,11959.0,3727.0,42,3728.0,17,3729.0,1,3730.0,10,3731.0,3,3733.0,3,3734.0,10,3735.0,6,3736.0,32,3737.0,43,3731.0
ao2408,,13:39:29.500#,3733.0,3752.0,3701.0,4005.0,3480.0,11399,11959.0,3727.0,42,3728.0,17,3729.0,1,3730.0,10,3731.0,3,3733.0,3,3734.0,10,3735.0,6,3736.0,32,3737.0,43,3731.0
ao2408,,13:39:30.500#,3733.0,3752.0,3701.0,4005.0,3480.0,11399,11959.0,3727.0,42,3728.0,17,3729.0,1,3730.0,10,3731.0,3,3733.0,3,3734.0,10,3735.0,6,3736.0,32,3737.0,43,3731.0
ao2408,,13:39:31.0#,3733.0,3752.0,3701.0,4005.0,3480.0,11399,11959.0,3727.0,42,3728.0,17,3729.0,1,3730.0,10,3731.0,3,3733.0,3,3734.0,10,3735.0,6,3736.0,32,3737.0,43,3731.0
ao2408,,13:39:31.500#,3733.0,3752.0,3701.0,4005.0,3480.0,11399,11959.0,3727.0,42,3728.0,17,3729.0,1,3730.0,10,3731.0,3,3733.0,3,3734.0,10,3735.0,6,3736.0,32,3737.0,43,3731.0
ao2408,,13:39:32.500#,3733.0,3752.0,3701.0,4005.0,3480.0,11399,11959.0,3727.0,42,3728.0,17,3729.0,1,3730.0,10,3731.0,3,3733.0,3,3734.0,10,3735.0,6,3736.0,32,3737.0,43,3731.0
ao2408,,13:39:33.0#,3733.0,3752.0,3701.0,4005.0,3480.0,11399,11959.0,3727.0,42,3728.0,17,3729.0,1,3730.0,10,3731.0,3,3733.0,3,3734.0,10,3735.0,6,3736.0,32,3737.0,43,3731.0
ao2408,,13:39:33.500#,3733.0,3752.0,3701.0,4005.0,3480.0,11399,11959.0,3727.0,42,3728.0,17,3729.0,1,3730.0,10,3731.0,3,3733.0,3,3734.0,10,3735.0,6,3736.0,32,3737.0,43,3731.0
ao2408,,13:39:34.0#,3733.0,3752.0,3701.0,4005.0,3480.0,11399,11959.0,3727.0,42,3728.0,17,3729.0,1,3730.0,10,3731.0,3,3733.0,3,3734.0,10,3735.0,6,3736.0,32,3737.0,43,3731.0
ao2408,,13:39:34.500#,3733.0,3752.0,3701.0,4005.0,3480.0,11399,11959.0,3727.0,42,3728.0,17,3729.0,1,3730.0,10,3731.0,3,3733.0,3,3734.0,10,3735.0,6,3736.0,32,3737.0,43,3731.0
ao2408,,13:39:35.0#,3733.0,3752.0,3701.0,4005.0,3480.0,11399,11959.0,3727.0,42,3728.0,17,3729.0,1,3730.0,10,3731.0,3,3733.0,3,3734.0,10,3735.0,6,3736.0,32,3737.0,43,3731.0
ao2408,,13:39:35.500#,3733.0,3752.0,3701.0,4005.0,3480.0,11399,11959.0,3727.0,42,3728.0,17,3729.0,1,3730.0,10,3731.0,3,3733.0,3,3734.0,10,3735.0,6,3736.0,32,3737.0,43,3731.0
ao2408,,13:39:36.0#,3733.0,3752.0,3701.0,4005.0,3480.0,11399,11959.0,3727.0,42,3728.0,17,3729.0,1,3730.0,10,3731.0,3,3733.0,3,3734.0,10,3735.0,6,3736.0,32,3737.0,43,3731.0
ao2408,,13:39:36.500#,3733.0,3752.0,3701.0,4005.0,3480.0,11399,11959.0,3727.0,42,3728.0,17,3729.0,1,3730.0,10,3731.0,3,3733.0,3,3734.0,10,3735.0,6,3736.0,32,3737.0,43,3731.0
ao2408,,13:39:37.0#,3733.0,3752.0,3701.0,4005.0,3480.0,11399,11959.0,3727.0,42,3728.0,17,3729.0,1,3730.0,10,3731.0,3,3733.0,3,3734.0,10,3735.0,6,3736.0,32,3737.0,43,3731.0
ao2408,,13:39:37.500#,3733.0,3752.0,3701.0,4005.0,3480.0,11399,11959.0,3727.0,42,3728.0,17,3729.0,1,3730.0,10,3731.0,3,3733.0,3,3734.0,10,3735.0,6,3736.0,32,3737.0,43,3731.0
ao2408,,13:39:38.0#,3733.0,3752.0,3701.0,4005.0,3480.0,11399,11959.0,3727.0,42,3728.0,17,3729.0,1,3730.0,10,3731.0,3,3733.0,3,3734.0,10,3735.0,6,3736.0,32,3737.0,43,3731.0
ao2408,,13:39:38.500#,3733.0,3752.0,3701.0,4005.0,3480.0,11399,11959.0,3727.0,42,3728.0,17,3729.0,1,3730.0,10,3731.0,3,3733.0,3,3734.0,10,3735.0,6,3736.0,32,3737.0,43,3731.0
ao2408,,13:39:39.500#,3733.0,3752.0,3701.0,4005.0,3480.0,11399,11959.0,3727.0,42,3728.0,17,3729.0,1,3730.0,10,3731.0,3,3733.0,3,3734.0,10,3735.0,6,3736.0,32,3737.0,28,3731.0
ao2408,,13:39:40.0#,3733.0,3752.0,3701.0,4005.0,3480.0,11399,11959.0,3727.0,42,3728.0,17,3729.0,1,3730.0,10,3731.0,3,3733.0,3,3734.0,10,3735.0,6,3736.0,32,3737.0,43,3731.0
ao2408,,13:39:40.500#,3733.0,3752.0,3701.0,4005.0,3480.0,11399,11959.0,3727.0,42,3728.0,17,3729.0,1,3730.0,10,3731.0,3,3733.0,3,3734.0,10,3735.0,6,3736.0,32,3737.0,43,3731.0
ao2408,,13:39:41.0#,3733.0,3752.0,3701.0,4005.0,3480.0,11399,11959.0,3727.0,42,3728.0,17,3729.0,1,3730.0,10,3731.0,3,3733.0,3,3734.0,10,3735.0,6,3736.0,32,3737.0,43,3731.0
ao2408,,13:39:41.500#,3733.0,3752.0,3701.0,4005.0,3480.0,11399,11959.0,3727.0,42,3728.0,17,3729.0,1,3730.0,10,3731.0,3,3733.0,3,3734.0,10,3735.0,6,3736.0,32,3737.0,43,3731.0
ao2408,,13:39:42.0#,3733.0,3752.0,3701.0,4005.0,3480.0,11399,11959.0,3727.0,42,3728.0,17,3729.0,1,3730.0,10,3731.0,3,3733.0,3,3734.0,10,3735.0,6,3736.0,32,3737.0,43,3731.0
ao2408,,13:39:43.0#,3733.0,3752.0,3701.0,4005.0,3480.0,11399,11959.0,3727.0,42,3728.0,17,3729.0,1,3730.0,10,3731.0,3,3733.0,3,3734.0,10,3735.0,6,3736.0,32,3737.0,43,3731.0
ao2408,,13:39:43.500#,3733.0,3752.0,3701.0,4005.0,3480.0,11402,11957.0,3727.0,42,3728.0,17,3729.0,1,3730.0,10,3731.0,3,3734.0,10,3735.0,6,3736.0,32,3737.0,43,3738.0,61,3733.0
ao2408,,13:39:44.0#,3733.0,3752.0,3701.0,4005.0,3480.0,11402,11957.0,3728.0,17,3729.0,1,3730.0,10,3731.0,6,3732.0,1,3734.0,10,3735.0,6,3736.0,17,3737.0,58,3738.0,16,3733.0
ao2408,,13:39:44.500#,3733.0,3752.0,3701.0,4005.0,3480.0,11402,11957.0,3728.0,29,3729.0,16,3730.0,10,3731.0,6,3732.0,2,3734.0,10,3735.0,6,3736.0,3,3737.0,46,3738.0,28,3733.0
ao2408,,13:39:45.0#,3733.0,3752.0,3701.0,4005.0,3480.0,11402,11957.0,3728.0,44,3729.0,15,3730.0,10,3731.0,6,3732.0,3,3734.0,7,3735.0,6,3736.0,3,3737.0,31,3738.0,43,3733.0
ao2408,,13:39:45.500#,3733.0,3752.0,3701.0,4005.0,3480.0,11402,11957.0,3728.0,59,3729.0,15,3730.0,10,3731.0,6,3732.0,3,3734.0,7,3735.0,6,3736.0,3,3737.0,31,3738.0,43,3733.0
ao2408,,13:39:46.0#,3733.0,3752.0,3701.0,4005.0,3480.0,11402,11957.0,3728.0,59,3729.0,15,3730.0,10,3731.0,6,3732.0,3,3734.0,7,3735.0,6,3736.0,3,3737.0,31,3738.0,43,3733.0
ao2408,,13:39:46.500#,3733.0,3752.0,3701.0,4005.0,3480.0,11402,11957.0,3728.0,59,3729.0,15,3730.0,10,3731.0,6,3732.0,3,3734.0,7,3735.0,6,3736.0,3,3737.0,31,3738.0,43,3733.0
ao2408,,13:39:47.500#,3733.0,3752.0,3701.0,4005.0,3480.0,11402,11957.0,3728.0,59,3729.0,15,3730.0,10,3731.0,6,3732.0,3,3734.0,7,3735.0,6,3736.0,3,3737.0,31,3738.0,43,3733.0
ao2408,,13:39:48.0#,3733.0,3752.0,3701.0,4005.0,3480.0,11402,11957.0,3728.0,59,3729.0,15,3730.0,10,3731.0,6,3732.0,3,3734.0,7,3735.0,5,3736.0,3,3737.0,31,3738.0,43,3733.0
ao2408,,13:39:48.500#,3733.0,3752.0,3701.0,4005.0,3480.0,11402,11957.0,3728.0,59,3729.0,15,3730.0,10,3731.0,6,3732.0,3,3734.0,7,3735.0,5,3736.0,3,3737.0,31,3738.0,43,3733.0
ao2408,,13:39:49.0#,3733.0,3752.0,3701.0,4005.0,3480.0,11402,11957.0,3728.0,59,3729.0,15,3730.0,10,3731.0,6,3732.0,3,3734.0,7,3735.0,5,3736.0,3,3737.0,31,3738.0,43,3733.0
ao2408,,13:39:49.500#,3733.0,3752.0,3701.0,4005.0,3480.0,11402,11957.0,3728.0,59,3729.0,15,3730.0,10,3731.0,6,3732.0,4,3734.0,7,3735.0,5,3736.0,3,3737.0,31,3738.0,43,3733.0
ao2408,,13:39:50.0#,3733.0,3752.0,3701.0,4005.0,3480.0,11402,11957.0,3728.0,59,3729.0,15,3730.0,10,3731.0,6,3732.0,4,3734.0,7,3735.0,5,3736.0,3,3737.0,31,3738.0,43,3733.0
ao2408,,13:39:50.500#,3733.0,3752.0,3701.0,4005.0,3480.0,11402,11957.0,3728.0,59,3729.0,15,3730.0,10,3731.0,6,3732.0,4,3734.0,7,3735.0,5,3736.0,3,3737.0,31,3738.0,43,3733.0
ao2408,,13:39:51.0#,3733.0,3752.0,3701.0,4005.0,3480.0,11402,11957.0,3728.0,59,3729.0,15,3730.0,10,3731.0,6,3732.0,4,3734.0,3,3735.0,5,3736.0,3,3737.0,31,3738.0,43,3733.0
ao2408,,13:39:51.500#,3733.0,3752.0,3701.0,4005.0,3480.0,11402,11957.0,3728.0,59,3729.0,15,3730.0,9,3731.0,7,3732.0,4,3734.0,3,3735.0,4,3736.0,4,3737.0,31,3738.0,43,3733.0
ao2408,,13:39:52.0#,3733.0,3752.0,3701.0,4005.0,3480.0,11402,11957.0,3728.0,59,3729.0,15,3730.0,9,3731.0,7,3732.0,4,3734.0,3,3735.0,4,3736.0,4,3737.0,31,3738.0,43,3733.0
ao2408,,13:39:52.500#,3733.0,3752.0,3701.0,4005.0,3480.0,11402,11957.0,3728.0,59,3729.0,15,3730.0,9,3731.0,7,3732.0,4,3734.0,3,3735.0,4,3736.0,4,3737.0,31,3738.0,43,3733.0
ao2408,,13:39:53.0#,3733.0,3752.0,3701.0,4005.0,3480.0,11402,11957.0,3728.0,59,3729.0,15,3730.0,9,3731.0,7,3732.0,4,3734.0,3,3735.0,4,3736.0,4,3737.0,31,3738.0,43,3733.0
ao2408,,13:39:53.500#,3733.0,3752.0,3701.0,4005.0,3480.0,11402,11957.0,3728.0,59,3729.0,15,3730.0,9,3731.0,7,3732.0,4,3734.0,3,3735.0,4,3736.0,4,3737.0,31,3738.0,43,3733.0
ao2408,,13:39:54.500#,3733.0,3752.0,3701.0,4005.0,3480.0,11402,11957.0,3728.0,59,3729.0,15,3730.0,9,3731.0,7,3732.0,4,3734.0,3,3735.0,4,3736.0,4,3737.0,31,3738.0,43,3733.0
ao2408,,13:39:55.0#,3733.0,3752.0,3701.0,4005.0,3480.0,11402,11957.0,3728.0,59,3729.0,15,3730.0,9,3731.0,7,3732.0,4,3734.0,3,3735.0,4,3736.0,4,3737.0,31,3738.0,43,3733.0
ao2408,,13:39:55.500#,3733.0,3752.0,3701.0,4005.0,3480.0,11402,11957.0,3728.0,59,3729.0,15,3730.0,9,3731.0,7,3732.0,4,3734.0,3,3735.0,4,3736.0,4,3737.0,31,3738.0,43,3733.0
ao2408,,13:39:56.0#,3733.0,3752.0,3701.0,4005.0,3480.0,11402,11957.0,3728.0,59,3729.0,15,3730.0,9,3731.0,7,3732.0,4,3734.0,3,3735.0,4,3736.0,4,3737.0,31,3738.0,43,3733.0
ao2408,,13:39:56.500#,3733.0,3752.0,3701.0,4005.0,3480.0,11402,11957.0,3728.0,59,3729.0,15,3730.0,9,3731.0,7,3732.0,4,3734.0,3,3735.0,4,3736.0,4,3737.0,31,3738.0,43,3733.0
ao2408,,13:39:57.0#,3733.0,3752.0,3701.0,4005.0,3480.0,11402,11957.0,3728.0,59,3729.0,15,3730.0,9,3731.0,7,3732.0,4,3734.0,3,3735.0,4,3736.0,4,3737.0,31,3738.0,43,3733.0
ao2408,,13:39:57.500#,3733.0,3752.0,3701.0,4005.0,3480.0,11402,11957.0,3728.0,59,3729.0,15,3730.0,9,3731.0,7,3732.0,4,3734.0,3,3735.0,4,3736.0,4,3737.0,31,3738.0,43,3733.0
ao2408,,13:39:58.0#,3733.0,3752.0,3701.0,4005.0,3480.0,11402,11957.0,3728.0,59,3729.0,15,3730.0,9,3731.0,7,3732.0,4,3734.0,3,3735.0,4,3736.0,4,3737.0,31,3738.0,43,3733.0
ao2408,,13:39:58.500#,3733.0,3752.0,3701.0,4005.0,3480.0,11402,11957.0,3728.0,59,3729.0,15,3730.0,9,3731.0,7,3732.0,4,3734.0,3,3735.0,4,3736.0,4,3737.0,31,3738.0,43,3733.0
ao2408,,13:39:59.0#,3733.0,3752.0,3701.0,4005.0,3480.0,11402,11957.0,3728.0,59,3729.0,15,3730.0,9,3731.0,7,3732.0,3,3734.0,3,3735.0,4,3736.0,4,3737.0,31,3738.0,43,3733.0
ao2408,,13:39:59.500#,3733.0,3752.0,3701.0,4005.0,3480.0,11402,11957.0,3728.0,59,3729.0,15,3730.0,9,3731.0,7,3732.0,3,3734.0,3,3735.0,4,3736.0,4,3737.0,31,3738.0,43,3733.0
ao2408,,13:40:00.500#,3733.0,3752.0,3701.0,4005.0,3480.0,11402,11957.0,3728.0,59,3729.0,15,3730.0,9,3731.0,7,3732.0,3,3734.0,3,3735.0,4,3736.0,4,3737.0,31,3738.0,43,3733.0
ao2408,,13:40:01.500#,3733.0,3752.0,3701.0,4005.0,3480.0,11402,11957.0,3728.0,59,3729.0,15,3730.0,9,3731.0,7,3732.0,3,3734.0,3,3735.0,4,3736.0,4,3737.0,31,3738.0,43,3733.0
ao2408,,13:40:02.0#,3733.0,3752.0,3701.0,4005.0,3480.0,11402,11957.0,3728.0,59,3729.0,15,3730.0,9,3731.0,7,3732.0,3,3734.0,3,3735.0,4,3736.0,4,3737.0,31,3738.0,43,3733.0
ao2408,,13:40:02.500#,3733.0,3752.0,3701.0,4005.0,3480.0,11402,11957.0,3728.0,59,3729.0,15,3730.0,9,3731.0,7,3732.0,3,3734.0,3,3735.0,4,3736.0,4,3737.0,31,3738.0,43,3733.0
ao2408,,13:40:03.0#,3733.0,3752.0,3701.0,4005.0,3480.0,11402,11957.0,3728.0,59,3729.0,15,3730.0,9,3731.0,7,3732.0,3,3734.0,3,3735.0,4,3736.0,4,3737.0,31,3738.0,43,3733.0
ao2408,,13:40:03.500#,3733.0,3752.0,3701.0,4005.0,3480.0,11402,11957.0,3728.0,59,3729.0,15,3730.0,9,3731.0,7,3732.0,3,3734.0,3,3735.0,4,3736.0,4,3737.0,31,3738.0,43,3733.0
ao2408,,13:40:04.0#,3733.0,3752.0,3701.0,4005.0,3480.0,11402,11957.0,3728.0,59,3729.0,15,3730.0,9,3731.0,7,3732.0,3,3734.0,3,3735.0,4,3736.0,4,3737.0,31,3738.0,43,3733.0
ao2408,,13:40:04.500#,3733.0,3752.0,3701.0,4005.0,3480.0,11402,11957.0,3728.0,59,3729.0,15,3730.0,9,3731.0,7,3732.0,3,3734.0,3,3735.0,4,3736.0,4,3737.0,31,3738.0,43,3733.0
ao2408,,13:40:05.0#,3733.0,3752.0,3701.0,4005.0,3480.0,11402,11957.0,3728.0,59,3729.0,15,3730.0,9,3731.0,7,3732.0,3,3734.0,3,3735.0,4,3736.0,4,3737.0,31,3738.0,43,3733.0
ao2408,,13:40:05.500#,3733.0,3752.0,3701.0,4005.0,3480.0,11402,11957.0,3728.0,59,3729.0,15,3730.0,9,3731.0,7,3732.0,3,3734.0,3,3735.0,4,3736.0,4,3737.0,31,3738.0,43,3733.0
ao2408,,13:40:06.0#,3733.0,3752.0,3701.0,4005.0,3480.0,11402,11957.0,3728.0,59,3729.0,15,3730.0,9,3731.0,7,3732.0,3,3734.0,3,3735.0,4,3736.0,4,3737.0,31,3738.0,43,3733.0
ao2408,,13:40:06.500#,3733.0,3752.0,3701.0,4005.0,3480.0,11402,11957.0,3728.0,59,3729.0,15,3730.0,9,3731.0,7,3732.0,3,3734.0,3,3735.0,4,3736.0,4,3737.0,31,3738.0,43,3733.0
ao2408,,13:40:07.500#,3733.0,3752.0,3701.0,4005.0,3480.0,11402,11957.0,3728.0,59,3729.0,15,3730.0,9,3731.0,7,3732.0,3,3734.0,3,3735.0,4,3736.0,4,3737.0,31,3738.0,43,3733.0
ao2408,,13:40:08.500#,3733.0,3752.0,3701.0,4005.0,3480.0,11402,11957.0,3728.0,59,3729.0,15,3730.0,9,3731.0,7,3732.0,3,3734.0,3,3735.0,4,3736.0,4,3737.0,31,3738.0,43,3733.0
ao2408,,13:40:09.0#,3733.0,3752.0,3701.0,4005.0,3480.0,11402,11957.0,3728.0,59,3729.0,15,3730.0,9,3731.0,7,3732.0,3,3734.0,3,3735.0,4,3736.0,4,3737.0,31,3738.0,43,3733.0
ao2408,,13:40:09.500#,3733.0,3752.0,3701.0,4005.0,3480.0,11402,11957.0,3728.0,59,3729.0,15,3730.0,9,3731.0,7,3732.0,3,3734.0,3,3735.0,4,3736.0,4,3737.0,31,3738.0,43,3733.0
ao2408,,13:40:10.0#,3733.0,3752.0,3701.0,4005.0,3480.0,11402,11957.0,3728.0,59,3729.0,15,3730.0,9,3731.0,7,3732.0,3,3734.0,3,3735.0,4,3736.0,4,3737.0,31,3738.0,43,3733.0
ao2408,,13:40:10.500#,3733.0,3752.0,3701.0,4005.0,3480.0,11402,11957.0,3728.0,44,3729.0,15,3730.0,9,3731.0,7,3732.0,3,3734.0,3,3735.0,4,3736.0,4,3737.0,31,3738.0,28,3733.0
ao2408,,13:40:11.0#,3733.0,3752.0,3701.0,4005.0,3480.0,11402,11957.0,3728.0,59,3729.0,15,3730.0,9,3731.0,7,3732.0,3,3734.0,3,3735.0,4,3736.0,4,3737.0,31,3738.0,28,3733.0
ao2408,,13:40:11.500#,3733.0,3752.0,3701.0,4005.0,3480.0,11402,11957.0,3728.0,59,3729.0,16,3730.0,9,3731.0,7,3732.0,2,3734.0,7,3735.0,4,3736.0,4,3737.0,31,3738.0,28,3733.0
ao2408,,13:40:12.0#,3733.0,3752.0,3701.0,4005.0,3480.0,11402,11957.0,3728.0,59,3729.0,15,3730.0,10,3731.0,6,3732.0,3,3734.0,10,3735.0,5,3736.0,3,3737.0,31,3738.0,28,3733.0
ao2408,,13:40:12.500#,3733.0,3752.0,3701.0,4005.0,3480.0,11402,11957.0,3728.0,59,3729.0,15,3730.0,10,3731.0,6,3732.0,3,3734.0,7,3735.0,5,3736.0,3,3737.0,31,3738.0,43,3733.0
ao2408,,13:40:13.0#,3733.0,3752.0,3701.0,4005.0,3480.0,11402,11957.0,3728.0,59,3729.0,15,3730.0,10,3731.0,6,3732.0,3,3734.0,7,3735.0,5,3736.0,3,3737.0,31,3738.0,43,3733.0
ao2408,,13:40:13.500#,3733.0,3752.0,3701.0,4005.0,3480.0,11402,11957.0,3728.0,59,3729.0,15,3730.0,10,3731.0,6,3732.0,3,3734.0,7,3735.0,5,3736.0,3,3737.0,31,3738.0,43,3733.0
ao2408,,13:40:14.500#,3733.0,3752.0,3701.0,4005.0,3480.0,11402,11957.0,3728.0,59,3729.0,15,3730.0,10,3731.0,6,3732.0,3,3734.0,7,3735.0,5,3736.0,3,3737.0,31,3738.0,43,3733.0
ao2408,,13:40:15.0#,3733.0,3752.0,3701.0,4005.0,3480.0,11402,11957.0,3728.0,59,3729.0,15,3730.0,10,3731.0,6,3732.0,3,3734.0,7,3735.0,5,3736.0,3,3737.0,31,3738.0,43,3733.0
ao2408,,13:40:15.500#,3733.0,3752.0,3701.0,4005.0,3480.0,11402,11957.0,3728.0,59,3729.0,15,3730.0,10,3731.0,6,3732.0,3,3734.0,7,3735.0,5,3736.0,3,3737.0,31,3738.0,43,3733.0
ao2408,,13:40:16.0#,3733.0,3752.0,3701.0,4005.0,3480.0,11402,11957.0,3728.0,59,3729.0,15,3730.0,10,3731.0,6,3732.0,3,3734.0,7,3735.0,5,3736.0,3,3737.0,31,3738.0,43,3733.0
ao2408,,13:40:16.500#,3733.0,3752.0,3701.0,4005.0,3480.0,11402,11957.0,3728.0,59,3729.0,15,3730.0,10,3731.0,6,3732.0,3,3734.0,7,3735.0,5,3736.0,3,3737.0,31,3738.0,43,3733.0
ao2408,,13:40:17.0#,3733.0,3752.0,3701.0,4005.0,3480.0,11402,11957.0,3728.0,59,3729.0,15,3730.0,10,3731.0,6,3732.0,3,3734.0,7,3735.0,5,3736.0,3,3737.0,31,3738.0,43,3733.0
ao2408,,13:40:17.500#,3733.0,3752.0,3701.0,4005.0,3480.0,11402,11957.0,3728.0,59,3729.0,15,3730.0,10,3731.0,6,3732.0,3,3734.0,7,3735.0,5,3736.0,3,3737.0,31,3738.0,43,3733.0
ao2408,,13:40:18.500#,3733.0,3752.0,3701.0,4005.0,3480.0,11402,11957.0,3728.0,59,3729.0,15,3730.0,10,3731.0,6,3732.0,3,3734.0,7,3735.0,5,3736.0,3,3737.0,31,3738.0,43,3733.0
ao2408,,13:40:19.500#,3733.0,3752.0,3701.0,4005.0,3480.0,11402,11957.0,3728.0,59,3729.0,15,3730.0,10,3731.0,6,3732.0,3,3734.0,7,3735.0,5,3736.0,3,3737.0,31,3738.0,43,3733.0
ao2408,,13:40:20.0#,3733.0,3752.0,3701.0,4005.0,3480.0,11402,11957.0,3728.0,59,3729.0,15,3730.0,10,3731.0,6,3732.0,3,3734.0,7,3735.0,5,3736.0,3,3737.0,31,3738.0,43,3733.0
ao2408,,13:40:20.500#,3733.0,3752.0,3701.0,4005.0,3480.0,11402,11957.0,3728.0,59,3729.0,15,3730.0,10,3731.0,6,3732.0,3,3734.0,7,3735.0,5,3736.0,3,3737.0,31,3738.0,43,3733.0
ao2408,,13:40:21.0#,3733.0,3752.0,3701.0,4005.0,3480.0,11402,11957.0,3728.0,59,3729.0,15,3730.0,10,3731.0,6,3732.0,3,3734.0,7,3735.0,5,3736.0,3,3737.0,31,3738.0,43,3733.0
ao2408,,13:40:21.500#,3733.0,3752.0,3701.0,4005.0,3480.0,11402,11957.0,3728.0,59,3729.0,15,3730.0,10,3731.0,6,3732.0,3,3734.0,7,3735.0,5,3736.0,3,3737.0,31,3738.0,43,3733.0
ao2408,,13:40:22.0#,3733.0,3752.0,3701.0,4005.0,3480.0,11402,11957.0,3728.0,59,3729.0,15,3730.0,10,3731.0,6,3732.0,3,3734.0,7,3735.0,5,3736.0,3,3737.0,31,3738.0,43,3733.0
ao2408,,13:40:22.500#,3733.0,3752.0,3701.0,4005.0,3480.0,11402,11957.0,3728.0,59,3729.0,15,3730.0,10,3731.0,6,3732.0,3,3734.0,7,3735.0,5,3736.0,3,3737.0,31,3738.0,43,3733.0
ao2408,,13:40:23.0#,3733.0,3752.0,3701.0,4005.0,3480.0,11402,11957.0,3728.0,59,3729.0,15,3730.0,10,3731.0,6,3732.0,3,3734.0,7,3735.0,5,3736.0,3,3737.0,31,3738.0,43,3733.0
ao2408,,13:40:23.500#,3733.0,3752.0,3701.0,4005.0,3480.0,11402,11957.0,3728.0,59,3729.0,15,3730.0,10,3731.0,6,3732.0,4,3734.0,7,3735.0,5,3736.0,3,3737.0,31,3738.0,43,3733.0
ao2408,,13:40:24.0#,3733.0,3752.0,3701.0,4005.0,3480.0,11402,11957.0,3728.0,59,3729.0,15,3730.0,10,3731.0,6,3732.0,4,3734.0,7,3735.0,5,3736.0,3,3737.0,31,3738.0,43,3733.0
ao2408,,13:40:24.500#,3733.0,3752.0,3701.0,4005.0,3480.0,11402,11957.0,3728.0,59,3729.0,15,3730.0,10,3731.0,6,3732.0,4,3734.0,7,3735.0,5,3736.0,3,3737.0,31,3738.0,43,3733.0
ao2408,,13:40:25.500#,3733.0,3752.0,3701.0,4005.0,3480.0,11402,11957.0,3728.0,59,3729.0,15,3730.0,10,3731.0,6,3732.0,3,3734.0,7,3735.0,5,3736.0,3,3737.0,31,3738.0,43,3733.0
ao2408,,13:40:26.0#,3733.0,3752.0,3701.0,4005.0,3480.0,11402,11957.0,3728.0,59,3729.0,15,3730.0,10,3731.0,6,3732.0,3,3734.0,7,3735.0,5,3736.0,3,3737.0,31,3738.0,43,3733.0
ao2408,,13:40:26.500#,3733.0,3752.0,3701.0,4005.0,3480.0,11402,11957.0,3728.0,59,3729.0,15,3730.0,10,3731.0,6,3732.0,3,3734.0,7,3735.0,5,3736.0,3,3737.0,31,3738.0,43,3733.0
ao2408,,13:40:27.0#,3733.0,3752.0,3701.0,4005.0,3480.0,11402,11957.0,3728.0,59,3729.0,15,3730.0,10,3731.0,6,3732.0,3,3734.0,7,3735.0,5,3736.0,3,3737.0,31,3738.0,43,3733.0
ao2408,,13:40:27.500#,3733.0,3752.0,3701.0,4005.0,3480.0,11402,11957.0,3728.0,59,3729.0,15,3730.0,10,3731.0,6,3732.0,3,3734.0,7,3735.0,5,3736.0,3,3737.0,31,3738.0,43,3733.0
ao2408,,13:40:28.0#,3733.0,3752.0,3701.0,4005.0,3480.0,11402,11957.0,3728.0,59,3729.0,15,3730.0,10,3731.0,6,3732.0,3,3734.0,7,3735.0,5,3736.0,3,3737.0,31,3738.0,43,3733.0
ao2408,,13:40:28.500#,3733.0,3752.0,3701.0,4005.0,3480.0,11402,11957.0,3728.0,59,3729.0,15,3730.0,10,3731.0,6,3732.0,3,3734.0,7,3735.0,5,3736.0,3,3737.0,31,3738.0,43,3733.0
ao2408,,13:40:29.0#,3733.0,3752.0,3701.0,4005.0,3480.0,11402,11957.0,3728.0,59,3729.0,15,3730.0,10,3731.0,6,3732.0,3,3734.0,7,3735.0,5,3736.0,3,3737.0,31,3738.0,43,3733.0
ao2408,,13:40:29.500#,3733.0,3752.0,3701.0,4005.0,3480.0,11402,11957.0,3728.0,59,3729.0,15,3730.0,10,3731.0,6,3732.0,3,3734.0,7,3735.0,5,3736.0,3,3737.0,31,3738.0,43,3733.0
ao2408,,13:40:30.0#,3733.0,3752.0,3701.0,4005.0,3480.0,11402,11957.0,3728.0,59,3729.0,15,3730.0,10,3731.0,6,3732.0,4,3734.0,7,3735.0,5,3736.0,3,3737.0,31,3738.0,43,3733.0
ao2408,,13:40:30.500#,3733.0,3752.0,3701.0,4005.0,3480.0,11402,11957.0,3728.0,59,3729.0,15,3730.0,10,3731.0,6,3732.0,4,3734.0,7,3735.0,5,3736.0,3,3737.0,31,3738.0,43,3733.0
ao2408,,13:40:31.0#,3733.0,3752.0,3701.0,4005.0,3480.0,11402,11957.0,3728.0,59,3729.0,15,3730.0,10,3731.0,6,3732.0,4,3734.0,7,3735.0,5,3736.0,3,3737.0,31,3738.0,43,3733.0
ao2408,,13:40:31.500#,3733.0,3752.0,3701.0,4005.0,3480.0,11402,11957.0,3728.0,59,3729.0,15,3730.0,10,3731.0,6,3732.0,4,3734.0,7,3735.0,5,3736.0,3,3737.0,31,3738.0,43,3733.0
ao2408,,13:40:32.0#,3733.0,3752.0,3701.0,4005.0,3480.0,11402,11957.0,3728.0,59,3729.0,15,3730.0,10,3731.0,6,3732.0,4,3734.0,7,3735.0,5,3736.0,3,3737.0,31,3738.0,43,3733.0
ao2408,,13:40:32.500#,3733.0,3752.0,3701.0,4005.0,3480.0,11402,11957.0,3728.0,59,3729.0,15,3730.0,10,3731.0,6,3732.0,4,3734.0,7,3735.0,5,3736.0,3,3737.0,31,3738.0,43,3733.0
ao2408,,13:40:33.0#,3733.0,3752.0,3701.0,4005.0,3480.0,11402,11957.0,3728.0,59,3729.0,15,3730.0,10,3731.0,6,3732.0,4,3734.0,7,3735.0,5,3736.0,3,3737.0,31,3738.0,43,3733.0
ao2408,,13:40:33.500#,3733.0,3752.0,3701.0,4005.0,3480.0,11402,11957.0,3728.0,59,3729.0,15,3730.0,10,3731.0,6,3732.0,4,3733.0,1,3734.0,3,3735.0,5,3736.0,3,3737.0,31,3733.0
ao2408,,13:40:34.0#,3733.0,3752.0,3701.0,4005.0,3480.0,11403,11956.0,3728.0,59,3729.0,15,3730.0,10,3731.0,6,3732.0,4,3734.0,3,3735.0,5,3736.0,18,3737.0,16,3738.0,73,3733.0
ao2408,,13:40:34.500#,3733.0,3752.0,3701.0,4005.0,3480.0,11403,11956.0,3728.0,59,3729.0,15,3730.0,9,3731.0,7,3732.0,3,3733.0,1,3734.0,3,3735.0,4,3736.0,4,3737.0,31,3733.0
ao2408,,13:40:35.0#,3733.0,3752.0,3701.0,4005.0,3480.0,11404,11956.0,3728.0,59,3729.0,15,3730.0,10,3731.0,6,3732.0,3,3734.0,3,3735.0,5,3736.0,25,3737.0,16,3738.0,73,3733.0
ao2408,,13:40:35.500#,3733.0,3752.0,3701.0,4005.0,3480.0,11404,11956.0,3728.0,59,3729.0,15,3730.0,9,3731.0,7,3732.0,3,3734.0,3,3735.0,4,3736.0,11,3737.0,31,3738.0,58,3733.0
ao2408,,13:40:36.0#,3733.0,3752.0,3701.0,4005.0,3480.0,11404,11956.0,3728.0,59,3729.0,15,3730.0,9,3731.0,7,3732.0,3,3734.0,3,3735.0,4,3736.0,11,3737.0,31,3738.0,58,3733.0
ao2408,,13:40:36.500#,3733.0,3752.0,3701.0,4005.0,3480.0,11404,11956.0,3728.0,59,3729.0,15,3730.0,9,3731.0,7,3732.0,3,3734.0,3,3735.0,4,3736.0,11,3737.0,31,3738.0,58,3733.0
ao2408,,13:40:37.500#,3733.0,3752.0,3701.0,4005.0,3480.0,11404,11956.0,3728.0,59,3729.0,15,3730.0,9,3731.0,7,3732.0,3,3734.0,4,3735.0,3,3736.0,11,3737.0,31,3738.0,58,3733.0
ao2408,,13:40:38.0#,3733.0,3752.0,3701.0,4005.0,3480.0,11405,11956.0,3728.0,59,3729.0,15,3730.0,10,3731.0,6,3732.0,3,3734.0,3,3735.0,4,3736.0,10,3737.0,31,3738.0,58,3734.0
ao2408,,13:40:38.500#,3733.0,3752.0,3701.0,4005.0,3480.0,11405,11956.0,3728.0,59,3729.0,15,3730.0,9,3731.0,7,3732.0,3,3734.0,3,3735.0,3,3736.0,11,3737.0,31,3738.0,58,3734.0
ao2408,,13:40:39.0#,3733.0,3752.0,3701.0,4005.0,3480.0,11405,11956.0,3728.0,59,3729.0,15,3730.0,9,3731.0,7,3732.0,3,3734.0,3,3735.0,3,3736.0,11,3737.0,31,3738.0,58,3734.0
ao2408,,13:40:39.500#,3733.0,3752.0,3701.0,4005.0,3480.0,11405,11956.0,3728.0,59,3729.0,15,3730.0,9,3731.0,7,3732.0,3,3734.0,3,3735.0,3,3736.0,11,3737.0,31,3738.0,58,3734.0
ao2408,,13:40:40.0#,3733.0,3752.0,3701.0,4005.0,3480.0,11406,11956.0,3728.0,59,3729.0,15,3730.0,9,3731.0,7,3732.0,3,3734.0,2,3735.0,3,3736.0,11,3737.0,31,3738.0,58,3734.0
ao2408,,13:40:40.500#,3733.0,3752.0,3701.0,4005.0,3480.0,11406,11956.0,3728.0,59,3729.0,15,3730.0,9,3731.0,7,3732.0,3,3734.0,3,3735.0,3,3736.0,11,3737.0,31,3738.0,58,3734.0
ao2408,,13:40:41.0#,3733.0,3752.0,3701.0,4005.0,3480.0,11406,11956.0,3728.0,59,3729.0,15,3730.0,9,3731.0,7,3732.0,3,3734.0,3,3735.0,3,3736.0,11,3737.0,31,3738.0,58,3734.0
ao2408,,13:40:41.500#,3733.0,3752.0,3701.0,4005.0,3480.0,11406,11956.0,3728.0,59,3729.0,15,3730.0,9,3731.0,7,3732.0,3,3734.0,3,3735.0,3,3736.0,11,3737.0,31,3738.0,58,3734.0
ao2408,,13:40:42.0#,3733.0,3752.0,3701.0,4005.0,3480.0,11407,11955.0,3728.0,59,3729.0,15,3730.0,9,3731.0,7,3732.0,3,3734.0,2,3735.0,3,3736.0,11,3737.0,31,3738.0,58,3734.0
ao2408,,13:40:42.500#,3733.0,3752.0,3701.0,4005.0,3480.0,11407,11955.0,3728.0,59,3729.0,15,3730.0,9,3731.0,4,3732.0,6,3734.0,2,3735.0,3,3736.0,11,3737.0,31,3738.0,58,3734.0
ao2408,,13:40:43.0#,3733.0,3752.0,3701.0,4005.0,3480.0,11407,11955.0,3728.0,59,3729.0,15,3730.0,9,3731.0,4,3732.0,3,3734.0,3,3735.0,3,3736.0,11,3737.0,31,3738.0,58,3734.0
ao2408,,13:40:43.500#,3733.0,3752.0,3701.0,4005.0,3480.0,11407,11955.0,3728.0,59,3729.0,15,3730.0,9,3731.0,4,3732.0,3,3734.0,3,3735.0,3,3736.0,11,3737.0,31,3738.0,58,3734.0
ao2408,,13:40:44.0#,3733.0,3752.0,3701.0,4005.0,3480.0,11407,11955.0,3728.0,59,3729.0,15,3730.0,9,3731.0,4,3732.0,3,3734.0,3,3735.0,3,3736.0,11,3737.0,31,3738.0,58,3734.0
ao2408,,13:40:44.500#,3733.0,3752.0,3701.0,4005.0,3480.0,11407,11955.0,3728.0,59,3729.0,15,3730.0,9,3731.0,4,3732.0,2,3734.0,3,3735.0,3,3736.0,11,3737.0,31,3738.0,58,3734.0
ao2408,,13:40:45.0#,3733.0,3752.0,3701.0,4005.0,3480.0,11408,11954.0,3728.0,59,3729.0,15,3730.0,10,3731.0,3,3732.0,2,3734.0,2,3735.0,4,3736.0,10,3737.0,31,3738.0,58,3734.0
ao2408,,13:40:45.500#,3733.0,3752.0,3701.0,4005.0,3480.0,11408,11954.0,3728.0,59,3729.0,15,3730.0,9,3731.0,4,3732.0,2,3734.0,2,3735.0,3,3736.0,11,3737.0,31,3738.0,58,3734.0
ao2408,,13:40:46.0#,3733.0,3752.0,3701.0,4005.0,3480.0,11408,11954.0,3728.0,59,3729.0,15,3730.0,9,3731.0,4,3732.0,2,3734.0,2,3735.0,3,3736.0,11,3737.0,31,3738.0,58,3734.0
ao2408,,13:40:46.500#,3733.0,3752.0,3701.0,4005.0,3480.0,11408,11954.0,3728.0,59,3729.0,15,3730.0,9,3731.0,4,3732.0,2,3734.0,2,3735.0,3,3736.0,11,3737.0,31,3738.0,58,3734.0
ao2408,,13:40:47.500#,3733.0,3752.0,3701.0,4005.0,3480.0,11408,11954.0,3728.0,59,3729.0,15,3730.0,9,3731.0,4,3732.0,2,3734.0,2,3735.0,3,3736.0,11,3737.0,31,3738.0,58,3734.0
ao2408,,13:40:48.500#,3733.0,3752.0,3701.0,4005.0,3480.0,11408,11954.0,3728.0,59,3729.0,15,3730.0,9,3731.0,4,3732.0,2,3734.0,2,3735.0,3,3736.0,11,3737.0,31,3738.0,58,3734.0
ao2408,,13:40:49.0#,3733.0,3752.0,3701.0,4005.0,3480.0,11408,11954.0,3728.0,59,3729.0,15,3730.0,9,3731.0,4,3732.0,2,3734.0,2,3735.0,3,3736.0,11,3737.0,31,3738.0,58,3734.0
ao2408,,13:40:49.500#,3733.0,3752.0,3701.0,4005.0,3480.0,11408,11954.0,3728.0,59,3729.0,15,3730.0,9,3731.0,4,3732.0,2,3734.0,2,3735.0,3,3736.0,11,3737.0,31,3738.0,58,3734.0
ao2408,,13:40:50.0#,3733.0,3752.0,3701.0,4005.0,3480.0,11408,11954.0,3728.0,59,3729.0,15,3730.0,9,3731.0,4,3732.0,2,3734.0,2,3735.0,3,3736.0,11,3737.0,31,3738.0,58,3734.0
ao2408,,13:40:50.500#,3733.0,3752.0,3701.0,4005.0,3480.0,11408,11954.0,3728.0,59,3729.0,15,3730.0,9,3731.0,4,3732.0,2,3734.0,2,3735.0,3,3736.0,11,3737.0,31,3738.0,58,3734.0
ao2408,,13:40:51.0#,3733.0,3752.0,3701.0,4005.0,3480.0,11408,11954.0,3728.0,59,3729.0,15,3730.0,9,3731.0,4,3732.0,2,3734.0,2,3735.0,3,3736.0,11,3737.0,31,3738.0,58,3734.0
ao2408,,13:40:52.0#,3733.0,3752.0,3701.0,4005.0,3480.0,11408,11954.0,3728.0,59,3729.0,15,3730.0,9,3731.0,4,3732.0,2,3734.0,2,3735.0,3,3736.0,11,3737.0,31,3738.0,58,3734.0
ao2408,,13:40:53.0#,3733.0,3752.0,3701.0,4005.0,3480.0,11409,11954.0,3728.0,59,3729.0,15,3730.0,9,3731.0,4,3732.0,2,3734.0,1,3735.0,3,3736.0,11,3737.0,31,3738.0,58,3734.0
ao2408,,13:40:53.500#,3733.0,3752.0,3701.0,4005.0,3480.0,11409,11954.0,3728.0,59,3729.0,15,3730.0,9,3731.0,4,3732.0,5,3734.0,2,3735.0,3,3736.0,11,3737.0,31,3738.0,58,3734.0
ao2408,,13:40:54.0#,3733.0,3752.0,3701.0,4005.0,3480.0,11409,11954.0,3728.0,59,3729.0,15,3730.0,9,3731.0,4,3732.0,2,3734.0,2,3735.0,3,3736.0,11,3737.0,31,3738.0,58,3734.0
ao2408,,13:40:54.500#,3733.0,3752.0,3701.0,4005.0,3480.0,11409,11954.0,3728.0,59,3729.0,15,3730.0,9,3731.0,4,3732.0,2,3734.0,2,3735.0,3,3736.0,11,3737.0,31,3738.0,58,3734.0
ao2408,,13:40:55.0#,3733.0,3752.0,3701.0,4005.0,3480.0,11409,11954.0,3728.0,59,3729.0,15,3730.0,9,3731.0,4,3732.0,2,3734.0,2,3735.0,3,3736.0,11,3737.0,31,3738.0,58,3734.0
ao2408,,13:40:55.500#,3733.0,3752.0,3701.0,4005.0,3480.0,11409,11954.0,3728.0,59,3729.0,15,3730.0,9,3731.0,4,3732.0,2,3734.0,2,3735.0,3,3736.0,11,3737.0,31,3738.0,58,3734.0
ao2408,,13:40:56.0#,3733.0,3752.0,3701.0,4005.0,3480.0,11409,11954.0,3728.0,59,3729.0,15,3730.0,9,3731.0,4,3732.0,2,3734.0,2,3735.0,3,3736.0,11,3737.0,31,3738.0,58,3734.0
ao2408,,13:40:56.500#,3733.0,3752.0,3701.0,4005.0,3480.0,11409,11954.0,3728.0,59,3729.0,15,3730.0,9,3731.0,4,3732.0,2,3734.0,2,3735.0,3,3736.0,11,3737.0,31,3738.0,58,3734.0
ao2408,,13:40:57.0#,3733.0,3752.0,3701.0,4005.0,3480.0,11409,11954.0,3728.0,59,3729.0,15,3730.0,9,3731.0,4,3732.0,2,3734.0,2,3735.0,3,3736.0,11,3737.0,31,3738.0,58,3734.0
ao2408,,13:40:57.500#,3733.0,3752.0,3701.0,4005.0,3480.0,11409,11954.0,3728.0,59,3729.0,15,3730.0,9,3731.0,4,3732.0,2,3734.0,2,3735.0,3,3736.0,11,3737.0,31,3738.0,58,3734.0
ao2408,,13:40:58.0#,3733.0,3752.0,3701.0,4005.0,3480.0,11409,11954.0,3728.0,59,3729.0,15,3730.0,9,3731.0,4,3732.0,2,3734.0,2,3735.0,3,3736.0,11,3737.0,31,3738.0,58,3734.0
ao2408,,13:40:58.500#,3733.0,3752.0,3701.0,4005.0,3480.0,11409,11954.0,3728.0,59,3729.0,15,3730.0,9,3731.0,4,3732.0,2,3734.0,2,3735.0,3,3736.0,11,3737.0,31,3738.0,58,3734.0
ao2408,,13:40:59.500#,3733.0,3752.0,3701.0,4005.0,3480.0,11409,11954.0,3728.0,59,3729.0,15,3730.0,9,3731.0,4,3732.0,2,3734.0,2,3735.0,3,3736.0,11,3737.0,31,3738.0,58,3734.0
ao2408,,13:41:00.0#,3733.0,3752.0,3701.0,4005.0,3480.0,11409,11954.0,3728.0,59,3729.0,15,3730.0,9,3731.0,4,3732.0,3,3734.0,2,3735.0,3,3736.0,11,3737.0,31,3738.0,58,3734.0
ao2408,,13:41:00.500#,3733.0,3752.0,3701.0,4005.0,3480.0,11409,11954.0,3728.0,59,3729.0,15,3730.0,9,3731.0,4,3732.0,3,3734.0,2,3735.0,3,3736.0,11,3737.0,31,3738.0,58,3734.0
ao2408,,13:41:01.0#,3733.0,3752.0,3701.0,4005.0,3480.0,11409,11954.0,3728.0,59,3729.0,15,3730.0,9,3731.0,4,3732.0,53,3734.0,2,3735.0,3,3736.0,11,3737.0,31,3738.0,58,3734.0
ao2408,,13:41:01.500#,3733.0,3752.0,3701.0,4005.0,3480.0,11410,11954.0,3728.0,59,3729.0,45,3730.0,24,3731.0,4,3732.0,57,3734.0,1,3735.0,3,3736.0,11,3737.0,16,3738.0,73,3734.0
ao2408,,13:41:02.0#,3733.0,3752.0,3701.0,4005.0,3480.0,11410,11954.0,3728.0,44,3729.0,60,3730.0,39,3731.0,4,3732.0,57,3734.0,2,3735.0,3,3736.0,11,3737.0,16,3738.0,73,3734.0
ao2408,,13:41:02.500#,3733.0,3752.0,3701.0,4005.0,3480.0,11410,11954.0,3728.0,44,3729.0,60,3730.0,39,3731.0,4,3732.0,57,3734.0,2,3735.0,3,3736.0,11,3737.0,16,3738.0,73,3734.0
ao2408,,13:41:03.0#,3733.0,3752.0,3701.0,4005.0,3480.0,11410,11954.0,3728.0,44,3729.0,60,3730.0,39,3731.0,4,3732.0,57,3734.0,2,3735.0,3,3736.0,11,3737.0,16,3738.0,73,3734.0
ao2408,,13:41:03.500#,3733.0,3752.0,3701.0,4005.0,3480.0,11410,11954.0,3728.0,44,3729.0,60,3730.0,39,3731.0,4,3732.0,57,3734.0,2,3735.0,3,3736.0,11,3737.0,16,3738.0,73,3734.0
ao2408,,13:41:04.0#,3733.0,3752.0,3701.0,4005.0,3480.0,11410,11954.0,3728.0,44,3729.0,60,3730.0,39,3731.0,4,3732.0,57,3734.0,2,3735.0,3,3736.0,11,3737.0,16,3738.0,73,3734.0
ao2408,,13:41:04.500#,3733.0,3752.0,3701.0,4005.0,3480.0,11410,11954.0,3728.0,44,3729.0,60,3730.0,39,3731.0,4,3732.0,57,3734.0,2,3735.0,3,3736.0,11,3737.0,16,3738.0,73,3734.0
ao2408,,13:41:05.0#,3733.0,3752.0,3701.0,4005.0,3480.0,11410,11954.0,3728.0,44,3729.0,60,3730.0,39,3731.0,4,3732.0,57,3734.0,2,3735.0,3,3736.0,11,3737.0,16,3738.0,73,3734.0
ao2408,,13:41:05.500#,3733.0,3752.0,3701.0,4005.0,3480.0,11410,11954.0,3728.0,44,3729.0,46,3730.0,39,3731.0,4,3732.0,56,3733.0,1,3734.0,2,3735.0,3,3736.0,11,3737.0,16,3734.0
ao2408,,13:41:06.0#,3733.0,3752.0,3701.0,4005.0,3480.0,11411,11953.0,3728.0,29,3729.0,46,3730.0,25,3731.0,3,3732.0,56,3734.0,2,3735.0,4,3736.0,25,3737.0,1,3738.0,88,3733.0
ao2408,,13:41:06.500#,3733.0,3752.0,3701.0,4005.0,3480.0,11411,11953.0,3728.0,30,3729.0,50,3730.0,39,3731.0,4,3732.0,55,3734.0,1,3735.0,3,3736.0,11,3737.0,17,3738.0,77,3733.0
ao2408,,13:41:07.0#,3733.0,3752.0,3701.0,4005.0,3480.0,11411,11953.0,3728.0,44,3729.0,46,3730.0,39,3731.0,4,3732.0,55,3734.0,5,3735.0,3,3736.0,11,3737.0,17,3738.0,73,3733.0
ao2408,,13:41:07.500#,3733.0,3752.0,3701.0,4005.0,3480.0,11411,11953.0,3728.0,44,3729.0,61,3730.0,39,3731.0,4,3732.0,55,3734.0,6,3735.0,3,3736.0,11,3737.0,16,3738.0,73,3733.0
ao2408,,13:41:08.0#,3733.0,3752.0,3701.0,4005.0,3480.0,11411,11953.0,3728.0,44,3729.0,61,3730.0,39,3731.0,4,3732.0,55,3734.0,6,3735.0,3,3736.0,11,3737.0,16,3738.0,73,3733.0
ao2408,,13:41:08.500#,3733.0,3752.0,3701.0,4005.0,3480.0,11411,11953.0,3728.0,44,3729.0,60,3730.0,39,3731.0,4,3732.0,56,3734.0,6,3735.0,3,3736.0,11,3737.0,16,3738.0,73,3733.0
ao2408,,13:41:09.0#,3733.0,3752.0,3701.0,4005.0,3480.0,11411,11953.0,3728.0,44,3729.0,60,3730.0,39,3731.0,4,3732.0,56,3734.0,6,3735.0,3,3736.0,11,3737.0,16,3738.0,73,3733.0
ao2408,,13:41:10.0#,3733.0,3752.0,3701.0,4005.0,3480.0,11411,11953.0,3728.0,44,3729.0,60,3730.0,39,3731.0,4,3732.0,56,3734.0,6,3735.0,3,3736.0,11,3737.0,16,3738.0,73,3733.0
ao2408,,13:41:10.500#,3733.0,3752.0,3701.0,4005.0,3480.0,11411,11953.0,3728.0,44,3729.0,60,3730.0,39,3731.0,4,3732.0,56,3734.0,6,3735.0,3,3736.0,11,3737.0,16,3738.0,73,3733.0
ao2408,,13:41:11.0#,3733.0,3752.0,3701.0,4005.0,3480.0,11411,11953.0,3728.0,44,3729.0,60,3730.0,39,3731.0,4,3732.0,56,3734.0,6,3735.0,3,3736.0,11,3737.0,16,3738.0,73,3733.0
ao2408,,13:41:11.500#,3733.0,3752.0,3701.0,4005.0,3480.0,11411,11953.0,3728.0,44,3729.0,60,3730.0,39,3731.0,4,3732.0,56,3734.0,6,3735.0,3,3736.0,11,3737.0,16,3738.0,73,3733.0
ao2408,,13:41:12.0#,3733.0,3752.0,3701.0,4005.0,3480.0,11411,11953.0,3728.0,44,3729.0,60,3730.0,39,3731.0,4,3732.0,56,3734.0,6,3735.0,3,3736.0,11,3737.0,16,3738.0,73,3733.0
ao2408,,13:41:12.500#,3733.0,3752.0,3701.0,4005.0,3480.0,11411,11953.0,3728.0,44,3729.0,60,3730.0,39,3731.0,4,3732.0,56,3734.0,6,3735.0,3,3736.0,11,3737.0,16,3738.0,73,3733.0
ao2408,,13:41:13.0#,3733.0,3752.0,3701.0,4005.0,3480.0,11411,11953.0,3728.0,44,3729.0,60,3730.0,39,3731.0,4,3732.0,56,3734.0,6,3735.0,3,3736.0,11,3737.0,16,3738.0,73,3733.0
ao2408,,13:41:13.500#,3733.0,3752.0,3701.0,4005.0,3480.0,11411,11953.0,3728.0,44,3729.0,60,3730.0,39,3731.0,4,3732.0,56,3734.0,6,3735.0,3,3736.0,11,3737.0,16,3738.0,73,3733.0
ao2408,,13:41:14.0#,3733.0,3752.0,3701.0,4005.0,3480.0,11411,11953.0,3728.0,44,3729.0,60,3730.0,39,3731.0,4,3732.0,56,3734.0,6,3735.0,3,3736.0,11,3737.0,16,3738.0,73,3733.0
ao2408,,13:41:15.0#,3733.0,3752.0,3701.0,4005.0,3480.0,11411,11953.0,3728.0,44,3729.0,60,3730.0,39,3731.0,4,3732.0,56,3734.0,6,3735.0,3,3736.0,11,3737.0,16,3738.0,73,3733.0
ao2408,,13:41:15.500#,3733.0,3752.0,3701.0,4005.0,3480.0,11411,11953.0,3728.0,44,3729.0,60,3730.0,39,3731.0,4,3732.0,56,3734.0,6,3735.0,3,3736.0,11,3737.0,16,3738.0,73,3733.0
ao2408,,13:41:16.0#,3733.0,3752.0,3701.0,4005.0,3480.0,11411,11953.0,3728.0,44,3729.0,60,3730.0,39,3731.0,4,3732.0,56,3734.0,6,3735.0,3,3736.0,11,3737.0,16,3738.0,73,3733.0
ao2408,,13:41:16.500#,3733.0,3752.0,3701.0,4005.0,3480.0,11411,11953.0,3728.0,44,3729.0,46,3730.0,39,3731.0,4,3732.0,55,3734.0,6,3735.0,3,3736.0,11,3737.0,16,3738.0,73,3733.0
ao2408,,13:41:17.0#,3733.0,3752.0,3701.0,4005.0,3480.0,11411,11953.0,3728.0,44,3729.0,46,3730.0,39,3731.0,4,3732.0,55,3734.0,16,3735.0,3,3736.0,11,3737.0,16,3738.0,73,3733.0
ao2408,,13:41:17.500#,3733.0,3752.0,3701.0,4005.0,3480.0,11411,11953.0,3728.0,44,3729.0,61,3730.0,24,3731.0,4,3732.0,52,3734.0,16,3735.0,3,3736.0,11,3737.0,31,3738.0,58,3733.0
ao2408,,13:41:18.0#,3733.0,3752.0,3701.0,4005.0,3480.0,11411,11953.0,3728.0,59,3729.0,46,3730.0,24,3731.0,4,3732.0,52,3734.0,16,3735.0,3,3736.0,11,3737.0,31,3738.0,58,3733.0
ao2408,,13:41:18.500#,3733.0,3752.0,3701.0,4005.0,3480.0,11411,11953.0,3728.0,74,3729.0,46,3730.0,24,3731.0,4,3732.0,52,3734.0,16,3735.0,3,3736.0,11,3737.0,31,3738.0,58,3733.0
ao2408,,13:41:19.0#,3733.0,3752.0,3701.0,4005.0,3480.0,11411,11953.0,3728.0,74,3729.0,46,3730.0,24,3731.0,4,3732.0,55,3733.0,10,3734.0,6,3735.0,3,3736.0,11,3737.0,31,3733.0
ao2408,,13:41:19.500#,3733.0,3752.0,3701.0,4005.0,3480.0,11415,11950.0,3728.0,62,3729.0,61,3730.0,10,3731.0,3,3732.0,48,3733.0,11,3734.0,2,3735.0,4,3736.0,24,3737.0,28,3732.0
ao2408,,13:41:20.0#,3733.0,3752.0,3701.0,4005.0,3480.0,11415,11950.0,3728.0,77,3729.0,31,3730.0,10,3731.0,3,3732.0,48,3733.0,12,3734.0,2,3735.0,4,3736.0,25,3737.0,28,3732.0
ao2408,,13:41:20.500#,3733.0,3752.0,3701.0,4005.0,3480.0,11415,11950.0,3728.0,62,3729.0,46,3730.0,11,3731.0,3,3732.0,48,3733.0,15,3734.0,2,3735.0,4,3736.0,24,3737.0,28,3732.0
ao2408,,13:41:21.0#,3733.0,3752.0,3701.0,4005.0,3480.0,11415,11950.0,3728.0,62,3729.0,46,3730.0,11,3731.0,3,3732.0,48,3733.0,15,3734.0,2,3735.0,4,3736.0,24,3737.0,28,3732.0
ao2408,,13:41:21.500#,3733.0,3752.0,3701.0,4005.0,3480.0,11415,11950.0,3728.0,62,3729.0,46,3730.0,11,3731.0,3,3732.0,48,3733.0,15,3734.0,2,3735.0,4,3736.0,24,3737.0,28,3732.0
ao2408,,13:41:22.500#,3733.0,3752.0,3701.0,4005.0,3480.0,11415,11950.0,3728.0,62,3729.0,46,3730.0,11,3731.0,3,3732.0,48,3733.0,15,3734.0,2,3735.0,4,3736.0,24,3737.0,28,3732.0
ao2408,,13:41:23.0#,3733.0,3752.0,3701.0,4005.0,3480.0,11415,11950.0,3728.0,62,3729.0,46,3730.0,11,3731.0,3,3732.0,48,3733.0,15,3734.0,2,3735.0,4,3736.0,24,3737.0,28,3732.0
ao2408,,13:41:23.500#,3733.0,3752.0,3701.0,4005.0,3480.0,11415,11950.0,3728.0,74,3729.0,45,3730.0,11,3731.0,3,3732.0,49,3733.0,14,3734.0,2,3735.0,4,3736.0,25,3737.0,16,3732.0
ao2408,,13:41:24.0#,3733.0,3752.0,3701.0,4005.0,3480.0,11415,11950.0,3728.0,89,3729.0,45,3730.0,11,3731.0,3,3732.0,49,3733.0,14,3734.0,2,3735.0,4,3736.0,25,3737.0,16,3732.0
ao2408,,13:41:24.500#,3733.0,3752.0,3701.0,4005.0,3480.0,11415,11950.0,3728.0,89,3729.0,45,3730.0,11,3731.0,3,3732.0,49,3733.0,14,3734.0,2,3735.0,4,3736.0,25,3737.0,16,3732.0
ao2408,,13:41:25.0#,3733.0,3752.0,3701.0,4005.0,3480.0,11415,11950.0,3728.0,89,3729.0,45,3730.0,11,3731.0,3,3732.0,49,3733.0,15,3734.0,2,3735.0,4,3736.0,25,3737.0,16,3732.0
ao2408,,13:41:25.500#,3733.0,3752.0,3701.0,4005.0,3480.0,11415,11950.0,3728.0,77,3729.0,46,3730.0,11,3731.0,3,3732.0,48,3733.0,16,3734.0,2,3735.0,4,3736.0,24,3737.0,28,3732.0
ao2408,,13:41:26.0#,3733.0,3752.0,3701.0,4005.0,3480.0,11415,11950.0,3728.0,89,3729.0,45,3730.0,11,3731.0,3,3732.0,49,3733.0,15,3734.0,2,3735.0,4,3736.0,25,3737.0,16,3732.0
ao2408,,13:41:26.500#,3733.0,3752.0,3701.0,4005.0,3480.0,11415,11950.0,3728.0,89,3729.0,45,3730.0,11,3731.0,3,3732.0,49,3733.0,15,3734.0,2,3735.0,4,3736.0,25,3737.0,16,3732.0
ao2408,,13:41:27.0#,3733.0,3752.0,3701.0,4005.0,3480.0,11415,11950.0,3728.0,89,3729.0,45,3730.0,11,3731.0,3,3732.0,49,3733.0,15,3734.0,2,3735.0,4,3736.0,25,3737.0,16,3732.0
ao2408,,13:41:27.500#,3733.0,3752.0,3701.0,4005.0,3480.0,11415,11950.0,3728.0,89,3729.0,45,3730.0,11,3731.0,3,3732.0,49,3733.0,15,3734.0,2,3735.0,4,3736.0,25,3737.0,16,3732.0
ao2408,,13:41:28.0#,3733.0,3752.0,3701.0,4005.0,3480.0,11415,11950.0,3728.0,89,3729.0,45,3730.0,11,3731.0,3,3732.0,49,3733.0,15,3734.0,2,3735.0,4,3736.0,25,3737.0,16,3732.0
ao2408,,13:41:28.500#,3733.0,3752.0,3701.0,4005.0,3480.0,11415,11950.0,3728.0,77,3729.0,46,3730.0,11,3731.0,3,3732.0,48,3733.0,16,3734.0,2,3735.0,4,3736.0,24,3737.0,28,3732.0
ao2408,,13:41:29.0#,3733.0,3752.0,3701.0,4005.0,3480.0,11415,11950.0,3728.0,89,3729.0,45,3730.0,11,3731.0,3,3732.0,49,3733.0,15,3734.0,2,3735.0,4,3736.0,25,3737.0,16,3732.0
ao2408,,13:41:29.500#,3733.0,3752.0,3701.0,4005.0,3480.0,11416,11950.0,3728.0,89,3729.0,45,3730.0,11,3731.0,3,3732.0,49,3733.0,14,3734.0,2,3735.0,4,3736.0,25,3737.0,16,3733.0
ao2408,,13:41:30.0#,3733.0,3752.0,3701.0,4005.0,3480.0,11416,11950.0,3728.0,89,3729.0,45,3730.0,11,3731.0,3,3732.0,49,3733.0,14,3734.0,2,3735.0,4,3736.0,25,3737.0,16,3733.0
ao2408,,13:41:30.500#,3733.0,3752.0,3701.0,4005.0,3480.0,11416,11950.0,3728.0,89,3729.0,45,3730.0,11,3731.0,3,3732.0,49,3733.0,14,3734.0,2,3735.0,4,3736.0,25,3737.0,16,3733.0
ao2408,,13:41:31.0#,3733.0,3752.0,3701.0,4005.0,3480.0,11416,11950.0,3728.0,89,3729.0,45,3730.0,10,3731.0,3,3732.0,49,3733.0,10,3734.0,2,3735.0,4,3736.0,25,3737.0,16,3733.0
ao2408,,13:41:31.500#,3733.0,3752.0,3701.0,4005.0,3480.0,11416,11950.0,3728.0,74,3729.0,60,3730.0,10,3731.0,3,3732.0,49,3733.0,10,3734.0,2,3735.0,4,3736.0,25,3737.0,16,3733.0
ao2408,,13:41:32.0#,3733.0,3752.0,3701.0,4005.0,3480.0,11416,11950.0,3728.0,74,3729.0,60,3730.0,10,3731.0,3,3732.0,49,3733.0,1,3734.0,2,3735.0,4,3736.0,25,3737.0,16,3733.0
ao2408,,13:41:32.500#,3733.0,3752.0,3701.0,4005.0,3480.0,11417,11950.0,3728.0,59,3729.0,60,3730.0,10,3731.0,3,3732.0,52,3734.0,2,3735.0,4,3736.0,25,3737.0,16,3738.0,88,3733.0
ao2408,,13:41:33.0#,3733.0,3752.0,3701.0,4005.0,3480.0,11417,11950.0,3728.0,70,3729.0,79,3730.0,9,3731.0,4,3732.0,49,3734.0,15,3735.0,3,3736.0,11,3737.0,31,3738.0,77,3733.0
ao2408,,13:41:33.500#,3733.0,3752.0,3701.0,4005.0,3480.0,11417,11950.0,3728.0,70,3729.0,79,3730.0,9,3731.0,4,3732.0,49,3734.0,15,3735.0,3,3736.0,11,3737.0,31,3738.0,77,3733.0
ao2408,,13:41:34.0#,3733.0,3752.0,3701.0,4005.0,3480.0,11417,11950.0,3728.0,70,3729.0,79,3730.0,9,3731.0,4,3732.0,49,3734.0,15,3735.0,3,3736.0,11,3737.0,31,3738.0,77,3733.0
ao2408,,13:41:34.500#,3733.0,3752.0,3701.0,4005.0,3480.0,11417,11950.0,3728.0,70,3729.0,79,3730.0,9,3731.0,4,3732.0,49,3734.0,15,3735.0,3,3736.0,11,3737.0,31,3738.0,77,3733.0
ao2408,,13:41:35.0#,3733.0,3752.0,3701.0,4005.0,3480.0,11417,11950.0,3728.0,70,3729.0,79,3730.0,9,3731.0,4,3732.0,49,3734.0,15,3735.0,3,3736.0,11,3737.0,31,3738.0,77,3733.0
ao2408,,13:41:35.500#,3733.0,3752.0,3701.0,4005.0,3480.0,11417,11950.0,3728.0,70,3729.0,79,3730.0,9,3731.0,4,3732.0,49,3734.0,15,3735.0,3,3736.0,11,3737.0,31,3738.0,77,3733.0
ao2408,,13:41:36.0#,3733.0,3752.0,3701.0,4005.0,3480.0,11417,11950.0,3729.0,79,3730.0,9,3731.0,4,3732.0,49,3733.0,1,3734.0,15,3735.0,3,3736.0,11,3737.0,31,3738.0,77,3733.0
ao2408,,13:41:36.500#,3733.0,3752.0,3701.0,4005.0,3480.0,11417,11950.0,3728.0,70,3729.0,64,3730.0,24,3731.0,4,3732.0,49,3734.0,15,3735.0,3,3736.0,11,3737.0,31,3738.0,77,3733.0
ao2408,,13:41:37.0#,3733.0,3752.0,3701.0,4005.0,3480.0,11417,11950.0,3728.0,70,3729.0,49,3730.0,24,3731.0,4,3732.0,52,3734.0,2,3735.0,3,3736.0,11,3737.0,31,3738.0,77,3733.0
ao2408,,13:41:37.500#,3733.0,3752.0,3701.0,4005.0,3480.0,11417,11950.0,3728.0,63,3729.0,49,3730.0,24,3731.0,4,3732.0,52,3734.0,2,3735.0,3,3736.0,11,3737.0,31,3738.0,62,3733.0
ao2408,,13:41:38.0#,3733.0,3752.0,3701.0,4005.0,3480.0,11417,11950.0,3728.0,59,3729.0,60,3730.0,24,3731.0,4,3732.0,52,3734.0,2,3735.0,3,3736.0,11,3737.0,31,3738.0,58,3733.0
ao2408,,13:41:38.500#,3733.0,3752.0,3701.0,4005.0,3480.0,11417,11950.0,3728.0,44,3729.0,75,3730.0,24,3731.0,4,3732.0,52,3734.0,11,3735.0,3,3736.0,11,3737.0,31,3738.0,58,3733.0
ao2408,,13:41:39.0#,3733.0,3752.0,3701.0,4005.0,3480.0,11417,11950.0,3728.0,59,3729.0,60,3730.0,9,3731.0,4,3732.0,49,3734.0,11,3735.0,3,3736.0,11,3737.0,31,3738.0,43,3733.0
ao2408,,13:41:39.500#,3733.0,3752.0,3701.0,4005.0,3480.0,11418,11949.0,3728.0,74,3729.0,60,3730.0,9,3731.0,4,3732.0,51,3734.0,15,3735.0,3,3736.0,11,3737.0,31,3738.0,43,3732.0
ao2408,,13:41:40.0#,3733.0,3752.0,3701.0,4005.0,3480.0,11418,11949.0,3728.0,74,3729.0,60,3730.0,9,3731.0,4,3732.0,48,3734.0,15,3735.0,3,3736.0,11,3737.0,31,3738.0,58,3732.0
ao2408,,13:41:40.500#,3733.0,3752.0,3701.0,4005.0,3480.0,11418,11949.0,3728.0,74,3729.0,60,3730.0,9,3731.0,4,3732.0,48,3734.0,15,3735.0,3,3736.0,11,3737.0,31,3738.0,58,3732.0
ao2408,,13:41:41.0#,3733.0,3752.0,3701.0,4005.0,3480.0,11418,11949.0,3728.0,74,3729.0,60,3730.0,9,3731.0,4,3732.0,48,3734.0,15,3735.0,3,3736.0,11,3737.0,31,3738.0,58,3732.0
ao2408,,13:41:41.500#,3733.0,3752.0,3701.0,4005.0,3480.0,11418,11949.0,3728.0,74,3729.0,60,3730.0,9,3731.0,4,3732.0,48,3734.0,15,3735.0,3,3736.0,11,3737.0,31,3738.0,58,3732.0
ao2408,,13:41:42.0#,3733.0,3752.0,3701.0,4005.0,3480.0,11418,11949.0,3728.0,74,3729.0,60,3730.0,9,3731.0,4,3732.0,48,3734.0,15,3735.0,3,3736.0,11,3737.0,31,3738.0,58,3732.0
ao2408,,13:41:42.500#,3733.0,3752.0,3701.0,4005.0,3480.0,11418,11949.0,3728.0,74,3729.0,61,3730.0,9,3731.0,4,3732.0,47,3734.0,15,3735.0,3,3736.0,11,3737.0,31,3738.0,58,3732.0
ao2408,,13:41:43.0#,3733.0,3752.0,3701.0,4005.0,3480.0,11418,11949.0,3728.0,74,3729.0,60,3730.0,9,3731.0,4,3732.0,48,3733.0,9,3734.0,6,3735.0,3,3736.0,11,3737.0,31,3732.0
ao2408,,13:41:43.500#,3733.0,3752.0,3701.0,4005.0,3480.0,11418,11949.0,3728.0,62,3729.0,61,3730.0,10,3731.0,3,3732.0,47,3733.0,1,3734.0,6,3735.0,4,3736.0,24,3737.0,28,3732.0
ao2408,,13:41:44.0#,3733.0,3752.0,3701.0,4005.0,3480.0,11419,11949.0,3728.0,74,3729.0,60,3730.0,10,3731.0,3,3732.0,48,3734.0,6,3735.0,4,3736.0,25,3737.0,16,3738.0,88,3733.0
ao2408,,13:41:44.500#,3733.0,3752.0,3701.0,4005.0,3480.0,11419,11949.0,3728.0,85,3729.0,49,3730.0,9,3731.0,4,3732.0,51,3734.0,15,3735.0,3,3736.0,11,3737.0,31,3738.0,77,3733.0
ao2408,,13:41:45.0#,3733.0,3752.0,3701.0,4005.0,3480.0,11419,11949.0,3728.0,85,3729.0,49,3730.0,9,3731.0,4,3732.0,48,3734.0,15,3735.0,3,3736.0,11,3737.0,31,3738.0,77,3733.0
ao2408,,13:41:45.500#,3733.0,3752.0,3701.0,4005.0,3480.0,11419,11949.0,3728.0,85,3729.0,64,3730.0,9,3731.0,4,3732.0,51,3734.0,15,3735.0,3,3736.0,11,3737.0,31,3738.0,77,3733.0
ao2408,,13:41:46.0#,3733.0,3752.0,3701.0,4005.0,3480.0,11419,11949.0,3729.0,64,3730.0,9,3731.0,4,3732.0,51,3733.0,1,3734.0,15,3735.0,3,3736.0,11,3737.0,31,3738.0,77,3733.0
ao2408,,13:41:46.500#,3733.0,3752.0,3701.0,4005.0,3480.0,11419,11949.0,3728.0,74,3729.0,49,3730.0,24,3731.0,4,3732.0,48,3734.0,15,3735.0,3,3736.0,11,3737.0,31,3738.0,77,3733.0
ao2408,,13:41:47.0#,3733.0,3752.0,3701.0,4005.0,3480.0,11419,11949.0,3729.0,34,3730.0,24,3731.0,4,3732.0,51,3733.0,1,3734.0,2,3735.0,3,3736.0,11,3737.0,31,3738.0,77,3733.0
ao2408,,13:41:47.500#,3733.0,3752.0,3701.0,4005.0,3480.0,11420,11948.0,3728.0,74,3729.0,30,3730.0,39,3731.0,4,3732.0,51,3734.0,15,3735.0,3,3736.0,11,3737.0,31,3738.0,43,3733.0
ao2408,,13:41:48.0#,3733.0,3752.0,3701.0,4005.0,3480.0,11420,11948.0,3728.0,74,3729.0,30,3730.0,24,3731.0,4,3732.0,48,3734.0,15,3735.0,3,3736.0,11,3737.0,31,3738.0,58,3733.0
ao2408,,13:41:48.500#,3733.0,3752.0,3701.0,4005.0,3480.0,11420,11948.0,3728.0,74,3729.0,30,3730.0,24,3731.0,4,3732.0,48,3734.0,16,3735.0,3,3736.0,11,3737.0,31,3738.0,58,3733.0
ao2408,,13:41:49.0#,3733.0,3752.0,3701.0,4005.0,3480.0,11420,11948.0,3728.0,74,3729.0,30,3730.0,24,3731.0,4,3732.0,51,3734.0,16,3735.0,3,3736.0,11,3737.0,31,3738.0,58,3733.0
ao2408,,13:41:49.500#,3733.0,3752.0,3701.0,4005.0,3480.0,11420,11948.0,3728.0,74,3729.0,30,3730.0,24,3731.0,4,3732.0,51,3734.0,16,3735.0,3,3736.0,11,3737.0,31,3738.0,58,3733.0
ao2408,,13:41:50.0#,3733.0,3752.0,3701.0,4005.0,3480.0,11420,11948.0,3728.0,74,3729.0,45,3730.0,24,3731.0,4,3732.0,51,3734.0,16,3735.0,3,3736.0,11,3737.0,31,3738.0,58,3733.0
ao2408,,13:41:50.500#,3733.0,3752.0,3701.0,4005.0,3480.0,11420,11948.0,3728.0,74,3729.0,45,3730.0,24,3731.0,4,3732.0,51,3734.0,15,3735.0,3,3736.0,11,3737.0,31,3738.0,58,3733.0
ao2408,,13:41:51.0#,3733.0,3752.0,3701.0,4005.0,3480.0,11420,11948.0,3728.0,74,3729.0,45,3730.0,24,3731.0,4,3732.0,51,3734.0,15,3735.0,3,3736.0,11,3737.0,31,3738.0,58,3733.0
ao2408,,13:41:51.500#,3733.0,3752.0,3701.0,4005.0,3480.0,11420,11948.0,3728.0,74,3729.0,45,3730.0,24,3731.0,4,3732.0,51,3734.0,15,3735.0,3,3736.0,11,3737.0,31,3738.0,58,3733.0
ao2408,,13:41:52.0#,3733.0,3752.0,3701.0,4005.0,3480.0,11420,11948.0,3728.0,74,3729.0,45,3730.0,24,3731.0,4,3732.0,51,3734.0,15,3735.0,3,3736.0,11,3737.0,31,3738.0,58,3733.0
ao2408,,13:41:53.0#,3733.0,3752.0,3701.0,4005.0,3480.0,11420,11948.0,3728.0,74,3729.0,45,3730.0,24,3731.0,4,3732.0,51,3734.0,15,3735.0,3,3736.0,11,3737.0,31,3738.0,58,3733.0
ao2408,,13:41:53.500#,3733.0,3752.0,3701.0,4005.0,3480.0,11420,11948.0,3728.0,74,3729.0,45,3730.0,24,3731.0,4,3732.0,51,3734.0,15,3735.0,3,3736.0,11,3737.0,31,3738.0,58,3733.0
ao2408,,13:41:54.0#,3733.0,3752.0,3701.0,4005.0,3480.0,11420,11948.0,3728.0,74,3729.0,45,3730.0,24,3731.0,4,3732.0,51,3734.0,15,3735.0,3,3736.0,11,3737.0,31,3738.0,58,3733.0
ao2408,,13:41:54.500#,3733.0,3752.0,3701.0,4005.0,3480.0,11420,11948.0,3728.0,74,3729.0,45,3730.0,24,3731.0,4,3732.0,51,3734.0,15,3735.0,3,3736.0,11,3737.0,31,3738.0,58,3733.0
ao2408,,13:41:55.0#,3733.0,3752.0,3701.0,4005.0,3480.0,11420,11948.0,3728.0,74,3729.0,45,3730.0,24,3731.0,4,3732.0,51,3734.0,15,3735.0,3,3736.0,11,3737.0,31,3738.0,58,3733.0
ao2408,,13:41:55.500#,3733.0,3752.0,3701.0,4005.0,3480.0,11420,11948.0,3728.0,74,3729.0,45,3730.0,24,3731.0,4,3732.0,51,3734.0,15,3735.0,3,3736.0,11,3737.0,31,3738.0,58,3733.0
ao2408,,13:41:56.0#,3733.0,3752.0,3701.0,4005.0,3480.0,11420,11948.0,3728.0,74,3729.0,45,3730.0,24,3731.0,4,3732.0,51,3734.0,15,3735.0,3,3736.0,11,3737.0,31,3738.0,58,3733.0
ao2408,,13:41:57.0#,3733.0,3752.0,3701.0,4005.0,3480.0,11420,11948.0,3728.0,74,3729.0,45,3730.0,24,3731.0,4,3732.0,51,3734.0,15,3735.0,3,3736.0,11,3737.0,31,3738.0,58,3733.0
ao2408,,13:41:57.500#,3733.0,3752.0,3701.0,4005.0,3480.0,11420,11948.0,3728.0,74,3729.0,45,3730.0,24,3731.0,4,3732.0,51,3734.0,15,3735.0,3,3736.0,11,3737.0,31,3738.0,58,3733.0
ao2408,,13:41:58.0#,3733.0,3752.0,3701.0,4005.0,3480.0,11420,11948.0,3728.0,74,3729.0,45,3730.0,24,3731.0,4,3732.0,51,3734.0,15,3735.0,3,3736.0,11,3737.0,31,3738.0,58,3733.0
ao2408,,13:41:58.500#,3733.0,3752.0,3701.0,4005.0,3480.0,11420,11948.0,3728.0,74,3729.0,45,3730.0,24,3731.0,4,3732.0,51,3734.0,15,3735.0,3,3736.0,11,3737.0,31,3738.0,58,3733.0
ao2408,,13:41:59.0#,3733.0,3752.0,3701.0,4005.0,3480.0,11420,11948.0,3728.0,74,3729.0,45,3730.0,24,3731.0,4,3732.0,51,3734.0,15,3735.0,3,3736.0,11,3737.0,31,3738.0,58,3733.0
ao2408,,13:41:59.500#,3733.0,3752.0,3701.0,4005.0,3480.0,11420,11948.0,3728.0,74,3729.0,45,3730.0,24,3731.0,4,3732.0,51,3733.0,9,3734.0,7,3735.0,3,3736.0,11,3737.0,31,3733.0
ao2408,,13:42:00.0#,3733.0,3752.0,3701.0,4005.0,3480.0,11420,11948.0,3728.0,74,3729.0,60,3730.0,10,3731.0,3,3732.0,48,3733.0,13,3734.0,3,3735.0,4,3736.0,25,3737.0,16,3733.0
ao2408,,13:42:00.500#,3733.0,3752.0,3701.0,4005.0,3480.0,11420,11948.0,3728.0,89,3729.0,30,3730.0,10,3731.0,3,3732.0,48,3733.0,14,3734.0,3,3735.0,4,3736.0,25,3737.0,16,3733.0
ao2408,,13:42:01.0#,3733.0,3752.0,3701.0,4005.0,3480.0,11420,11948.0,3728.0,89,3729.0,45,3730.0,10,3731.0,3,3732.0,48,3733.0,14,3734.0,3,3735.0,4,3736.0,25,3737.0,16,3733.0
ao2408,,13:42:01.500#,3733.0,3752.0,3701.0,4005.0,3480.0,11420,11948.0,3728.0,89,3729.0,45,3730.0,10,3731.0,3,3732.0,48,3733.0,14,3734.0,3,3735.0,4,3736.0,25,3737.0,16,3733.0
ao2408,,13:42:02.0#,3733.0,3752.0,3701.0,4005.0,3480.0,11420,11948.0,3728.0,89,3729.0,45,3730.0,10,3731.0,3,3732.0,48,3733.0,14,3734.0,3,3735.0,4,3736.0,25,3737.0,16,3733.0
ao2408,,13:42:02.500#,3733.0,3752.0,3701.0,4005.0,3480.0,11420,11948.0,3728.0,89,3729.0,45,3730.0,10,3731.0,3,3732.0,48,3733.0,14,3734.0,3,3735.0,4,3736.0,25,3737.0,16,3733.0
ao2408,,13:42:03.0#,3733.0,3752.0,3701.0,4005.0,3480.0,11420,11948.0,3728.0,89,3729.0,45,3730.0,10,3731.0,3,3732.0,48,3733.0,14,3734.0,3,3735.0,4,3736.0,25,3737.0,16,3733.0
ao2408,,13:42:03.500#,3733.0,3752.0,3701.0,4005.0,3480.0,11420,11948.0,3728.0,89,3729.0,45,3730.0,10,3731.0,3,3732.0,48,3733.0,14,3734.0,3,3735.0,4,3736.0,25,3737.0,16,3733.0
ao2408,,13:42:04.0#,3733.0,3752.0,3701.0,4005.0,3480.0,11420,11948.0,3728.0,89,3729.0,45,3730.0,10,3731.0,3,3732.0,48,3733.0,14,3734.0,3,3735.0,4,3736.0,25,3737.0,16,3733.0
ao2408,,13:42:04.500#,3733.0,3752.0,3701.0,4005.0,3480.0,11420,11948.0,3728.0,89,3729.0,45,3730.0,10,3731.0,3,3732.0,48,3733.0,14,3734.0,3,3735.0,4,3736.0,25,3737.0,16,3733.0
ao2408,,13:42:05.0#,3733.0,3752.0,3701.0,4005.0,3480.0,11420,11948.0,3728.0,74,3729.0,46,3730.0,10,3731.0,3,3732.0,47,3733.0,10,3734.0,3,3735.0,4,3736.0,25,3737.0,16,3733.0
ao2408,,13:42:05.500#,3733.0,3752.0,3701.0,4005.0,3480.0,11420,11948.0,3728.0,74,3729.0,45,3730.0,10,3731.0,3,3732.0,48,3733.0,14,3734.0,3,3735.0,4,3736.0,25,3737.0,16,3733.0
ao2408,,13:42:06.0#,3733.0,3752.0,3701.0,4005.0,3480.0,11420,11948.0,3728.0,74,3729.0,45,3730.0,10,3731.0,3,3732.0,48,3733.0,14,3734.0,3,3735.0,4,3736.0,25,3737.0,16,3733.0
ao2408,,13:42:06.500#,3733.0,3752.0,3701.0,4005.0,3480.0,11420,11948.0,3728.0,74,3729.0,45,3730.0,10,3731.0,3,3732.0,48,3733.0,10,3734.0,3,3735.0,4,3736.0,25,3737.0,16,3733.0
ao2408,,13:42:07.0#,3733.0,3752.0,3701.0,4005.0,3480.0,11420,11948.0,3728.0,74,3729.0,60,3730.0,10,3731.0,3,3732.0,48,3733.0,10,3734.0,3,3735.0,4,3736.0,25,3737.0,16,3733.0
ao2408,,13:42:07.500#,3733.0,3752.0,3701.0,4005.0,3480.0,11421,11947.0,3728.0,74,3729.0,60,3730.0,10,3731.0,3,3732.0,48,3734.0,3,3735.0,4,3736.0,25,3737.0,16,3738.0,88,3733.0
ao2408,,13:42:08.0#,3733.0,3752.0,3701.0,4005.0,3480.0,11421,11947.0,3728.0,70,3729.0,79,3730.0,9,3731.0,4,3732.0,48,3734.0,15,3735.0,3,3736.0,11,3737.0,31,3738.0,77,3733.0
ao2408,,13:42:08.500#,3733.0,3752.0,3701.0,4005.0,3480.0,11421,11947.0,3728.0,70,3729.0,79,3730.0,9,3731.0,4,3732.0,48,3734.0,15,3735.0,3,3736.0,11,3737.0,31,3738.0,77,3733.0
ao2408,,13:42:09.0#,3733.0,3752.0,3701.0,4005.0,3480.0,11421,11947.0,3728.0,70,3729.0,79,3730.0,9,3731.0,4,3732.0,48,3734.0,15,3735.0,3,3736.0,11,3737.0,31,3738.0,77,3733.0
ao2408,,13:42:09.500#,3733.0,3752.0,3701.0,4005.0,3480.0,11421,11947.0,3728.0,70,3729.0,79,3730.0,9,3731.0,4,3732.0,48,3734.0,15,3735.0,3,3736.0,11,3737.0,31,3738.0,77,3733.0
ao2408,,13:42:10.0#,3733.0,3752.0,3701.0,4005.0,3480.0,11421,11947.0,3728.0,70,3729.0,79,3730.0,9,3731.0,4,3732.0,48,3734.0,15,3735.0,3,3736.0,11,3737.0,31,3738.0,77,3733.0
ao2408,,13:42:11.0#,3733.0,3752.0,3701.0,4005.0,3480.0,11421,11947.0,3728.0,70,3729.0,79,3730.0,9,3731.0,4,3732.0,48,3734.0,15,3735.0,3,3736.0,11,3737.0,31,3738.0,77,3733.0
ao2408,,13:42:11.500#,3733.0,3752.0,3701.0,4005.0,3480.0,11421,11947.0,3728.0,70,3729.0,79,3730.0,9,3731.0,4,3732.0,48,3733.0,1,3734.0,15,3735.0,3,3736.0,11,3737.0,31,3733.0
ao2408,,13:42:12.0#,3733.0,3752.0,3701.0,4005.0,3480.0,11421,11947.0,3728.0,59,3729.0,75,3730.0,10,3731.0,3,3732.0,48,3733.0,1,3734.0,6,3735.0,4,3736.0,25,3737.0,16,3733.0
ao2408,,13:42:12.500#,3733.0,3752.0,3701.0,4005.0,3480.0,11421,11947.0,3728.0,59,3729.0,75,3730.0,10,3731.0,3,3732.0,48,3733.0,1,3734.0,6,3735.0,4,3736.0,25,3737.0,16,3733.0
ao2408,,13:42:13.0#,3733.0,3752.0,3701.0,4005.0,3480.0,11421,11947.0,3728.0,59,3729.0,75,3730.0,10,3731.0,3,3732.0,48,3733.0,1,3734.0,6,3735.0,4,3736.0,25,3737.0,16,3733.0
ao2408,,13:42:13.500#,3733.0,3752.0,3701.0,4005.0,3480.0,11421,11947.0,3728.0,59,3729.0,75,3730.0,10,3731.0,3,3732.0,48,3733.0,1,3734.0,6,3735.0,4,3736.0,25,3737.0,16,3733.0
ao2408,,13:42:14.0#,3733.0,3752.0,3701.0,4005.0,3480.0,11421,11947.0,3728.0,59,3729.0,75,3730.0,10,3731.0,3,3732.0,48,3733.0,1,3734.0,6,3735.0,4,3736.0,25,3737.0,16,3733.0
ao2408,,13:42:14.500#,3733.0,3752.0,3701.0,4005.0,3480.0,11421,11947.0,3728.0,59,3729.0,75,3730.0,10,3731.0,3,3732.0,48,3733.0,1,3734.0,6,3735.0,4,3736.0,25,3737.0,16,3733.0
ao2408,,13:42:15.0#,3733.0,3752.0,3701.0,4005.0,3480.0,11421,11947.0,3728.0,59,3729.0,75,3730.0,10,3731.0,3,3732.0,48,3733.0,1,3734.0,6,3735.0,4,3736.0,25,3737.0,16,3733.0
ao2408,,13:42:15.500#,3733.0,3752.0,3701.0,4005.0,3480.0,11421,11947.0,3728.0,59,3729.0,75,3730.0,10,3731.0,3,3732.0,48,3733.0,1,3734.0,6,3735.0,4,3736.0,25,3737.0,16,3733.0
ao2408,,13:42:16.0#,3733.0,3752.0,3701.0,4005.0,3480.0,11421,11947.0,3728.0,59,3729.0,75,3730.0,10,3731.0,3,3732.0,48,3733.0,1,3734.0,6,3735.0,4,3736.0,25,3737.0,16,3733.0
ao2408,,13:42:16.500#,3733.0,3752.0,3701.0,4005.0,3480.0,11421,11947.0,3728.0,59,3729.0,75,3730.0,10,3731.0,3,3732.0,48,3733.0,1,3734.0,6,3735.0,4,3736.0,18,3737.0,16,3733.0
ao2408,,13:42:17.0#,3733.0,3752.0,3701.0,4005.0,3480.0,11421,11947.0,3728.0,44,3729.0,75,3730.0,10,3731.0,3,3732.0,48,3733.0,1,3734.0,6,3735.0,4,3736.0,18,3737.0,16,3733.0
ao2408,,13:42:17.500#,3733.0,3752.0,3701.0,4005.0,3480.0,11421,11947.0,3728.0,44,3729.0,75,3730.0,10,3731.0,3,3732.0,48,3733.0,1,3734.0,6,3735.0,4,3736.0,18,3737.0,16,3733.0
ao2408,,13:42:18.0#,3733.0,3752.0,3701.0,4005.0,3480.0,11421,11947.0,3728.0,44,3729.0,75,3730.0,10,3731.0,3,3732.0,48,3733.0,1,3734.0,6,3735.0,4,3736.0,18,3737.0,16,3733.0
ao2408,,13:42:18.500#,3733.0,3752.0,3701.0,4005.0,3480.0,11421,11947.0,3728.0,44,3729.0,75,3730.0,10,3731.0,3,3732.0,48,3733.0,1,3734.0,6,3735.0,4,3736.0,18,3737.0,16,3733.0
ao2408,,13:42:19.0#,3733.0,3752.0,3701.0,4005.0,3480.0,11421,11947.0,3728.0,44,3729.0,75,3730.0,10,3731.0,3,3732.0,48,3733.0,1,3734.0,6,3735.0,4,3736.0,18,3737.0,16,3733.0
ao2408,,13:42:19.500#,3733.0,3752.0,3701.0,4005.0,3480.0,11421,11947.0,3728.0,44,3729.0,75,3730.0,10,3731.0,3,3732.0,48,3733.0,1,3734.0,6,3735.0,4,3736.0,18,3737.0,16,3733.0
ao2408,,13:42:20.0#,3733.0,3752.0,3701.0,4005.0,3480.0,11421,11947.0,3728.0,44,3729.0,75,3730.0,10,3731.0,3,3732.0,48,3733.0,1,3734.0,6,3735.0,4,3736.0,18,3737.0,16,3733.0
ao2408,,13:42:20.500#,3733.0,3752.0,3701.0,4005.0,3480.0,11422,11948.0,3728.0,44,3729.0,75,3730.0,10,3731.0,3,3732.0,48,3734.0,6,3735.0,4,3736.0,18,3737.0,16,3738.0,88,3733.0
ao2408,,13:42:21.0#,3733.0,3752.0,3701.0,4005.0,3480.0,11422,11948.0,3728.0,46,3729.0,94,3730.0,9,3731.0,4,3732.0,51,3734.0,15,3735.0,3,3736.0,4,3737.0,31,3738.0,77,3733.0
ao2408,,13:42:22.0#,3733.0,3752.0,3701.0,4005.0,3480.0,11422,11948.0,3728.0,63,3729.0,79,3730.0,9,3731.0,4,3732.0,51,3734.0,15,3735.0,3,3736.0,4,3737.0,31,3738.0,77,3733.0
ao2408,,13:42:23.0#,3733.0,3752.0,3701.0,4005.0,3480.0,11427,11950.0,3729.0,49,3730.0,24,3731.0,4,3732.0,48,3733.0,3,3735.0,3,3736.0,4,3737.0,32,3738.0,77,3739.0,30,3734.0
ao2408,,13:42:23.500#,3733.0,3752.0,3701.0,4005.0,3480.0,11427,11950.0,3730.0,53,3731.0,3,3732.0,49,3733.0,3,3734.0,1,3735.0,11,3736.0,3,3737.0,3,3738.0,50,3739.0,61,3734.0
ao2408,,13:42:24.0#,3733.0,3752.0,3701.0,4005.0,3480.0,11427,11950.0,3729.0,60,3730.0,23,3731.0,18,3732.0,49,3733.0,3,3735.0,10,3736.0,3,3737.0,3,3738.0,31,3739.0,30,3734.0
ao2408,,13:42:24.500#,3733.0,3752.0,3701.0,4005.0,3480.0,11427,11950.0,3730.0,53,3731.0,4,3732.0,48,3733.0,3,3734.0,1,3735.0,10,3736.0,4,3737.0,2,3738.0,31,3739.0,30,3734.0
ao2408,,13:42:25.0#,3733.0,3752.0,3701.0,4005.0,3480.0,11427,11950.0,3729.0,72,3730.0,38,3731.0,18,3732.0,49,3733.0,4,3735.0,11,3736.0,3,3737.0,3,3738.0,31,3739.0,42,3734.0
ao2408,,13:42:25.500#,3733.0,3752.0,3701.0,4005.0,3480.0,11427,11950.0,3729.0,72,3730.0,53,3731.0,4,3732.0,48,3733.0,3,3735.0,11,3736.0,4,3737.0,2,3738.0,31,3739.0,42,3734.0
ao2408,,13:42:26.0#,3733.0,3752.0,3701.0,4005.0,3480.0,11427,11950.0,3729.0,72,3730.0,53,3731.0,4,3732.0,48,3733.0,3,3735.0,11,3736.0,4,3737.0,2,3738.0,31,3739.0,42,3734.0
ao2408,,13:42:26.500#,3733.0,3752.0,3701.0,4005.0,3480.0,11427,11950.0,3729.0,72,3730.0,53,3731.0,4,3732.0,48,3733.0,3,3735.0,11,3736.0,4,3737.0,2,3738.0,31,3739.0,42,3734.0
ao2408,,13:42:27.500#,3733.0,3752.0,3701.0,4005.0,3480.0,11427,11950.0,3729.0,72,3730.0,68,3731.0,4,3732.0,48,3733.0,3,3735.0,11,3736.0,4,3737.0,2,3738.0,31,3739.0,42,3734.0
ao2408,,13:42:28.0#,3733.0,3752.0,3701.0,4005.0,3480.0,11430,11947.0,3729.0,72,3730.0,68,3731.0,4,3732.0,48,3733.0,3,3734.0,6,3735.0,2,3736.0,4,3737.0,2,3738.0,31,3734.0
ao2408,,13:42:28.500#,3733.0,3752.0,3701.0,4005.0,3480.0,11430,11947.0,3729.0,57,3730.0,53,3731.0,4,3732.0,48,3733.0,3,3734.0,6,3735.0,2,3736.0,4,3737.0,17,3738.0,16,3734.0
ao2408,,13:42:29.500#,3733.0,3752.0,3701.0,4005.0,3480.0,11430,11947.0,3729.0,30,3730.0,54,3731.0,4,3732.0,48,3733.0,1,3734.0,7,3735.0,2,3736.0,4,3737.0,16,3738.0,28,3734.0
ao2408,,13:42:30.0#,3733.0,3752.0,3701.0,4005.0,3480.0,11431,11947.0,3729.0,30,3730.0,54,3731.0,4,3732.0,48,3733.0,1,3734.0,7,3735.0,2,3736.0,4,3737.0,16,3738.0,43,3733.0
ao2408,,13:42:30.500#,3733.0,3752.0,3701.0,4005.0,3480.0,11431,11947.0,3729.0,60,3730.0,39,3731.0,4,3732.0,48,3733.0,1,3734.0,7,3735.0,2,3736.0,4,3737.0,16,3738.0,43,3733.0
ao2408,,13:42:31.0#,3733.0,3752.0,3701.0,4005.0,3480.0,11431,11947.0,3729.0,60,3730.0,39,3731.0,4,3732.0,48,3733.0,1,3734.0,7,3735.0,2,3736.0,4,3737.0,16,3738.0,43,3733.0
ao2408,,13:42:31.500#,3733.0,3752.0,3701.0,4005.0,3480.0,11431,11947.0,3729.0,60,3730.0,39,3731.0,4,3732.0,48,3733.0,2,3734.0,7,3735.0,2,3736.0,4,3737.0,16,3738.0,43,3733.0
ao2408,,13:42:32.0#,3733.0,3752.0,3701.0,4005.0,3480.0,11431,11947.0,3729.0,72,3730.0,39,3731.0,4,3732.0,48,3733.0,4,3735.0,2,3736.0,4,3737.0,17,3738.0,31,3739.0,87,3733.0
ao2408,,13:42:32.500#,3733.0,3752.0,3701.0,4005.0,3480.0,11431,11947.0,3729.0,113,3730.0,42,3731.0,3,3732.0,49,3733.0,5,3735.0,8,3736.0,3,3737.0,3,3738.0,31,3739.0,91,3733.0
ao2408,,13:42:33.0#,3733.0,3752.0,3701.0,4005.0,3480.0,11431,11947.0,3729.0,113,3730.0,42,3731.0,4,3732.0,48,3733.0,5,3735.0,8,3736.0,4,3737.0,2,3738.0,31,3739.0,76,3733.0
ao2408,,13:42:33.500#,3733.0,3752.0,3701.0,4005.0,3480.0,11431,11947.0,3729.0,106,3730.0,42,3731.0,4,3732.0,48,3733.0,5,3735.0,8,3736.0,4,3737.0,2,3738.0,31,3739.0,61,3733.0
ao2408,,13:42:34.0#,3733.0,3752.0,3701.0,4005.0,3480.0,11431,11947.0,3729.0,102,3730.0,38,3731.0,4,3732.0,48,3733.0,5,3735.0,8,3736.0,4,3737.0,2,3738.0,31,3739.0,57,3733.0
ao2408,,13:42:34.500#,3733.0,3752.0,3701.0,4005.0,3480.0,11431,11947.0,3729.0,102,3730.0,38,3731.0,4,3732.0,48,3733.0,5,3735.0,8,3736.0,4,3737.0,2,3738.0,31,3739.0,57,3733.0
ao2408,,13:42:35.500#,3733.0,3752.0,3701.0,4005.0,3480.0,11431,11947.0,3729.0,102,3730.0,38,3731.0,4,3732.0,48,3733.0,5,3735.0,8,3736.0,4,3737.0,2,3738.0,31,3739.0,57,3733.0
ao2408,,13:42:36.0#,3733.0,3752.0,3701.0,4005.0,3480.0,11431,11947.0,3729.0,102,3730.0,38,3731.0,4,3732.0,48,3733.0,4,3735.0,8,3736.0,4,3737.0,2,3738.0,31,3739.0,57,3733.0
ao2408,,13:42:36.500#,3733.0,3752.0,3701.0,4005.0,3480.0,11431,11947.0,3729.0,102,3730.0,38,3731.0,4,3732.0,48,3733.0,4,3735.0,8,3736.0,5,3737.0,2,3738.0,31,3739.0,57,3733.0
ao2408,,13:42:37.0#,3733.0,3752.0,3701.0,4005.0,3480.0,11431,11947.0,3729.0,102,3730.0,38,3731.0,4,3732.0,48,3733.0,4,3735.0,8,3736.0,5,3737.0,2,3738.0,31,3739.0,57,3733.0
ao2408,,13:42:37.500#,3733.0,3752.0,3701.0,4005.0,3480.0,11431,11947.0,3729.0,102,3730.0,38,3731.0,4,3732.0,48,3733.0,4,3735.0,8,3736.0,5,3737.0,2,3738.0,31,3739.0,57,3733.0
ao2408,,13:42:38.0#,3733.0,3752.0,3701.0,4005.0,3480.0,11431,11947.0,3729.0,102,3730.0,38,3731.0,4,3732.0,48,3733.0,4,3734.0,6,3735.0,2,3736.0,5,3737.0,2,3738.0,31,3733.0
ao2408,,13:42:38.500#,3733.0,3752.0,3701.0,4005.0,3480.0,11431,11947.0,3729.0,72,3730.0,38,3731.0,4,3732.0,48,3733.0,4,3734.0,6,3735.0,2,3736.0,5,3737.0,17,3738.0,16,3733.0
ao2408,,13:42:39.0#,3733.0,3752.0,3701.0,4005.0,3480.0,11431,11947.0,3729.0,72,3730.0,38,3731.0,4,3732.0,48,3733.0,3,3734.0,6,3735.0,2,3736.0,5,3737.0,17,3738.0,16,3733.0
ao2408,,13:42:39.500#,3733.0,3752.0,3701.0,4005.0,3480.0,11431,11947.0,3729.0,72,3730.0,38,3731.0,4,3732.0,48,3733.0,3,3734.0,6,3735.0,2,3736.0,5,3737.0,17,3738.0,16,3733.0
ao2408,,13:42:40.0#,3733.0,3752.0,3701.0,4005.0,3480.0,11431,11947.0,3729.0,72,3730.0,38,3731.0,4,3732.0,48,3733.0,4,3734.0,6,3735.0,2,3736.0,5,3737.0,17,3738.0,16,3733.0
ao2408,,13:42:40.500#,3733.0,3752.0,3701.0,4005.0,3480.0,11431,11947.0,3729.0,72,3730.0,38,3731.0,4,3732.0,48,3733.0,4,3734.0,6,3735.0,2,3736.0,5,3737.0,17,3738.0,16,3733.0
ao2408,,13:42:41.500#,3733.0,3752.0,3701.0,4005.0,3480.0,11431,11947.0,3729.0,72,3730.0,38,3731.0,4,3732.0,48,3733.0,4,3734.0,6,3735.0,2,3736.0,5,3737.0,17,3738.0,16,3733.0
ao2408,,13:42:42.0#,3733.0,3752.0,3701.0,4005.0,3480.0,11431,11947.0,3729.0,72,3730.0,38,3731.0,4,3732.0,48,3733.0,4,3734.0,6,3735.0,2,3736.0,5,3737.0,17,3738.0,16,3733.0
ao2408,,13:42:42.500#,3733.0,3752.0,3701.0,4005.0,3480.0,11431,11947.0,3729.0,72,3730.0,38,3731.0,4,3732.0,48,3733.0,4,3734.0,6,3735.0,2,3736.0,5,3737.0,17,3738.0,16,3733.0
ao2408,,13:42:43.0#,3733.0,3752.0,3701.0,4005.0,3480.0,11431,11947.0,3729.0,72,3730.0,38,3731.0,4,3732.0,48,3733.0,3,3734.0,6,3735.0,2,3736.0,5,3737.0,17,3738.0,16,3733.0
ao2408,,13:42:43.500#,3733.0,3752.0,3701.0,4005.0,3480.0,11431,11947.0,3729.0,72,3730.0,38,3731.0,4,3732.0,48,3733.0,3,3734.0,6,3735.0,2,3736.0,5,3737.0,17,3738.0,16,3733.0
ao2408,,13:42:44.0#,3733.0,3752.0,3701.0,4005.0,3480.0,11431,11947.0,3729.0,72,3730.0,38,3731.0,4,3732.0,48,3733.0,3,3734.0,6,3735.0,2,3736.0,5,3737.0,17,3738.0,16,3733.0
ao2408,,13:42:44.500#,3733.0,3752.0,3701.0,4005.0,3480.0,11434,11946.0,3728.0,14,3729.0,60,3730.0,39,3731.0,4,3732.0,48,3733.0,8,3734.0,1,3735.0,2,3736.0,5,3737.0,17,3733.0
ao2408,,13:42:45.0#,3733.0,3752.0,3701.0,4005.0,3480.0,11434,11946.0,3728.0,29,3729.0,60,3730.0,10,3731.0,3,3732.0,48,3733.0,9,3734.0,1,3735.0,3,3736.0,19,3737.0,16,3733.0
ao2408,,13:42:45.500#,3733.0,3752.0,3701.0,4005.0,3480.0,11434,11946.0,3728.0,44,3729.0,45,3730.0,10,3731.0,3,3732.0,48,3733.0,9,3734.0,2,3735.0,3,3736.0,19,3737.0,16,3733.0
ao2408,,13:42:46.0#,3733.0,3752.0,3701.0,4005.0,3480.0,11434,11946.0,3728.0,44,3729.0,60,3730.0,10,3731.0,3,3732.0,48,3733.0,9,3734.0,2,3735.0,3,3736.0,19,3737.0,16,3733.0
ao2408,,13:42:46.500#,3733.0,3752.0,3701.0,4005.0,3480.0,11434,11946.0,3728.0,47,3729.0,60,3730.0,10,3731.0,3,3732.0,47,3733.0,9,3734.0,2,3735.0,3,3736.0,19,3737.0,16,3733.0
ao2408,,13:42:47.0#,3733.0,3752.0,3701.0,4005.0,3480.0,11434,11946.0,3728.0,47,3729.0,61,3730.0,10,3731.0,3,3732.0,47,3733.0,9,3734.0,2,3735.0,3,3736.0,19,3737.0,28,3733.0
ao2408,,13:42:47.500#,3733.0,3752.0,3701.0,4005.0,3480.0,11440,11940.0,3728.0,62,3729.0,61,3730.0,10,3731.0,3,3732.0,41,3733.0,4,3734.0,1,3735.0,3,3736.0,19,3737.0,28,3732.0
ao2408,,13:42:48.0#,3733.0,3752.0,3701.0,4005.0,3480.0,11440,11940.0,3728.0,74,3729.0,60,3730.0,10,3731.0,3,3732.0,42,3733.0,2,3734.0,1,3735.0,3,3736.0,19,3737.0,16,3732.0
ao2408,,13:42:48.500#,3733.0,3752.0,3701.0,4005.0,3480.0,11440,11940.0,3728.0,44,3729.0,60,3730.0,10,3731.0,3,3732.0,42,3733.0,2,3734.0,1,3735.0,3,3736.0,19,3737.0,16,3732.0
ao2408,,13:42:49.0#,3733.0,3752.0,3701.0,4005.0,3480.0,11440,11940.0,3728.0,44,3729.0,60,3730.0,10,3731.0,3,3732.0,42,3733.0,2,3734.0,1,3735.0,3,3736.0,19,3737.0,16,3732.0
ao2408,,13:42:49.500#,3733.0,3752.0,3701.0,4005.0,3480.0,11440,11940.0,3728.0,44,3729.0,60,3730.0,10,3731.0,3,3732.0,42,3733.0,2,3734.0,1,3735.0,3,3736.0,19,3737.0,16,3732.0
ao2408,,13:42:50.0#,3733.0,3752.0,3701.0,4005.0,3480.0,11440,11940.0,3728.0,44,3729.0,60,3730.0,10,3731.0,3,3732.0,42,3733.0,2,3734.0,1,3735.0,3,3736.0,19,3737.0,16,3732.0
ao2408,,13:42:50.500#,3733.0,3752.0,3701.0,4005.0,3480.0,11440,11940.0,3728.0,44,3729.0,60,3730.0,10,3731.0,3,3732.0,42,3733.0,3,3734.0,1,3735.0,3,3736.0,19,3737.0,16,3732.0
ao2408,,13:42:51.0#,3733.0,3752.0,3701.0,4005.0,3480.0,11440,11940.0,3728.0,44,3729.0,60,3730.0,10,3731.0,3,3732.0,42,3733.0,3,3734.0,1,3735.0,3,3736.0,19,3737.0,16,3732.0
ao2408,,13:42:51.500#,3733.0,3752.0,3701.0,4005.0,3480.0,11440,11940.0,3728.0,44,3729.0,60,3730.0,10,3731.0,3,3732.0,42,3733.0,3,3734.0,1,3735.0,3,3736.0,19,3737.0,16,3732.0
ao2408,,13:42:52.0#,3733.0,3752.0,3701.0,4005.0,3480.0,11440,11940.0,3728.0,44,3729.0,60,3730.0,10,3731.0,3,3732.0,42,3733.0,3,3734.0,1,3735.0,3,3736.0,19,3737.0,16,3732.0
ao2408,,13:42:52.500#,3733.0,3752.0,3701.0,4005.0,3480.0,11440,11940.0,3728.0,44,3729.0,60,3730.0,10,3731.0,3,3732.0,42,3733.0,2,3734.0,1,3735.0,3,3736.0,19,3737.0,16,3732.0
ao2408,,13:42:53.0#,3733.0,3752.0,3701.0,4005.0,3480.0,11440,11940.0,3728.0,29,3729.0,60,3730.0,10,3731.0,3,3732.0,42,3733.0,2,3734.0,1,3735.0,3,3736.0,19,3737.0,16,3732.0
ao2408,,13:42:53.500#,3733.0,3752.0,3701.0,4005.0,3480.0,11440,11940.0,3728.0,44,3729.0,60,3730.0,10,3731.0,3,3732.0,42,3733.0,2,3734.0,1,3735.0,3,3736.0,19,3737.0,16,3732.0
ao2408,,13:42:54.500#,3733.0,3752.0,3701.0,4005.0,3480.0,11440,11940.0,3728.0,44,3729.0,60,3730.0,10,3731.0,3,3732.0,42,3733.0,2,3734.0,1,3735.0,3,3736.0,18,3737.0,16,3732.0
ao2408,,13:42:55.500#,3733.0,3752.0,3701.0,4005.0,3480.0,11440,11940.0,3728.0,44,3729.0,60,3730.0,10,3731.0,3,3732.0,42,3733.0,2,3734.0,1,3735.0,3,3736.0,18,3737.0,16,3732.0
ao2408,,13:42:56.0#,3733.0,3752.0,3701.0,4005.0,3480.0,11440,11940.0,3728.0,44,3729.0,60,3730.0,10,3731.0,3,3732.0,42,3733.0,2,3734.0,1,3735.0,3,3736.0,18,3737.0,16,3732.0
ao2408,,13:42:56.500#,3733.0,3752.0,3701.0,4005.0,3480.0,11440,11940.0,3728.0,44,3729.0,60,3730.0,10,3731.0,3,3732.0,42,3733.0,2,3734.0,1,3735.0,3,3736.0,18,3737.0,16,3732.0
ao2408,,13:42:57.0#,3733.0,3752.0,3701.0,4005.0,3480.0,11440,11940.0,3728.0,44,3729.0,60,3730.0,10,3731.0,3,3732.0,42,3733.0,2,3734.0,1,3735.0,3,3736.0,18,3737.0,16,3732.0
ao2408,,13:42:57.500#,3733.0,3752.0,3701.0,4005.0,3480.0,11440,11940.0,3728.0,44,3729.0,60,3730.0,10,3731.0,3,3732.0,42,3733.0,2,3734.0,1,3735.0,3,3736.0,18,3737.0,16,3732.0
ao2408,,13:42:58.0#,3733.0,3752.0,3701.0,4005.0,3480.0,11440,11940.0,3728.0,44,3729.0,60,3730.0,10,3731.0,3,3732.0,42,3733.0,2,3734.0,1,3735.0,3,3736.0,18,3737.0,16,3732.0
ao2408,,13:42:58.500#,3733.0,3752.0,3701.0,4005.0,3480.0,11440,11940.0,3728.0,44,3729.0,60,3730.0,10,3731.0,3,3732.0,42,3733.0,2,3734.0,1,3735.0,3,3736.0,18,3737.0,16,3732.0
ao2408,,13:42:59.0#,3733.0,3752.0,3701.0,4005.0,3480.0,11440,11940.0,3728.0,44,3729.0,60,3730.0,10,3731.0,3,3732.0,42,3733.0,2,3734.0,1,3735.0,3,3736.0,18,3737.0,16,3732.0
ao2408,,13:42:59.500#,3733.0,3752.0,3701.0,4005.0,3480.0,11440,11940.0,3728.0,44,3729.0,60,3730.0,10,3731.0,3,3732.0,42,3733.0,2,3734.0,1,3735.0,3,3736.0,18,3737.0,16,3732.0
ao2408,,13:43:00.0#,3733.0,3752.0,3701.0,4005.0,3480.0,11440,11940.0,3728.0,44,3729.0,60,3730.0,10,3731.0,3,3732.0,42,3733.0,2,3734.0,1,3735.0,3,3736.0,18,3737.0,16,3732.0
ao2408,,13:43:00.500#,3733.0,3752.0,3701.0,4005.0,3480.0,11440,11940.0,3728.0,44,3729.0,60,3730.0,10,3731.0,3,3732.0,42,3733.0,2,3734.0,1,3735.0,3,3736.0,18,3737.0,16,3732.0
ao2408,,13:43:01.0#,3733.0,3752.0,3701.0,4005.0,3480.0,11440,11940.0,3728.0,44,3729.0,60,3730.0,10,3731.0,3,3732.0,42,3734.0,1,3735.0,3,3736.0,18,3737.0,16,3738.0,73,3732.0
ao2408,,13:43:01.500#,3733.0,3752.0,3701.0,4005.0,3480.0,11440,11940.0,3728.0,59,3729.0,60,3730.0,9,3731.0,4,3732.0,42,3734.0,3,3735.0,2,3736.0,4,3737.0,31,3738.0,58,3732.0
ao2408,,13:43:02.0#,3733.0,3752.0,3701.0,4005.0,3480.0,11440,11940.0,3729.0,75,3730.0,9,3731.0,4,3732.0,45,3733.0,1,3734.0,3,3735.0,2,3736.0,4,3737.0,31,3738.0,43,3732.0
ao2408,,13:43:02.500#,3733.0,3752.0,3701.0,4005.0,3480.0,11440,11940.0,3729.0,75,3730.0,24,3731.0,4,3732.0,42,3733.0,1,3734.0,2,3735.0,2,3736.0,4,3737.0,31,3738.0,43,3732.0
ao2408,,13:43:03.0#,3733.0,3752.0,3701.0,4005.0,3480.0,11440,11940.0,3729.0,60,3730.0,24,3731.0,4,3732.0,42,3733.0,1,3734.0,1,3735.0,2,3736.0,4,3737.0,31,3738.0,43,3732.0
ao2408,,13:43:03.500#,3733.0,3752.0,3701.0,4005.0,3480.0,11440,11940.0,3729.0,87,3730.0,23,3731.0,4,3732.0,42,3733.0,2,3734.0,1,3735.0,2,3736.0,4,3737.0,32,3738.0,16,3732.0
ao2408,,13:43:04.0#,3733.0,3752.0,3701.0,4005.0,3480.0,11440,11940.0,3729.0,87,3730.0,23,3731.0,4,3732.0,42,3733.0,2,3734.0,1,3735.0,2,3736.0,4,3737.0,32,3738.0,1,3732.0
ao2408,,13:43:04.500#,3733.0,3752.0,3701.0,4005.0,3480.0,11440,11940.0,3729.0,87,3730.0,23,3731.0,4,3732.0,42,3733.0,2,3734.0,1,3735.0,2,3736.0,4,3737.0,32,3738.0,2,3732.0
ao2408,,13:43:05.0#,3733.0,3752.0,3701.0,4005.0,3480.0,11440,11940.0,3729.0,87,3730.0,23,3731.0,4,3732.0,42,3733.0,2,3734.0,1,3735.0,2,3736.0,4,3737.0,32,3738.0,2,3732.0
ao2408,,13:43:06.0#,3733.0,3752.0,3701.0,4005.0,3480.0,11440,11940.0,3729.0,87,3730.0,23,3731.0,4,3732.0,42,3733.0,2,3734.0,1,3735.0,2,3736.0,4,3737.0,32,3738.0,2,3732.0
ao2408,,13:43:06.500#,3733.0,3752.0,3701.0,4005.0,3480.0,11440,11940.0,3729.0,87,3730.0,23,3731.0,4,3732.0,42,3733.0,2,3734.0,1,3735.0,2,3736.0,4,3737.0,32,3738.0,2,3732.0
ao2408,,13:43:07.0#,3733.0,3752.0,3701.0,4005.0,3480.0,11440,11940.0,3729.0,87,3730.0,23,3731.0,4,3732.0,42,3733.0,2,3734.0,1,3735.0,2,3736.0,4,3737.0,32,3738.0,2,3732.0
ao2408,,13:43:07.500#,3733.0,3752.0,3701.0,4005.0,3480.0,11440,11940.0,3729.0,87,3730.0,23,3731.0,4,3732.0,42,3733.0,2,3734.0,1,3735.0,2,3736.0,4,3737.0,32,3738.0,2,3732.0
ao2408,,13:43:08.0#,3733.0,3752.0,3701.0,4005.0,3480.0,11440,11940.0,3729.0,87,3730.0,23,3731.0,4,3732.0,42,3733.0,2,3734.0,1,3735.0,2,3736.0,4,3737.0,32,3738.0,2,3732.0
ao2408,,13:43:08.500#,3733.0,3752.0,3701.0,4005.0,3480.0,11440,11940.0,3729.0,87,3730.0,23,3731.0,4,3732.0,42,3733.0,1,3734.0,1,3735.0,2,3736.0,4,3737.0,32,3738.0,2,3732.0
ao2408,,13:43:09.0#,3733.0,3752.0,3701.0,4005.0,3480.0,11440,11940.0,3729.0,87,3730.0,23,3731.0,4,3732.0,42,3733.0,1,3734.0,1,3735.0,2,3736.0,4,3737.0,32,3738.0,2,3732.0
ao2408,,13:43:10.0#,3733.0,3752.0,3701.0,4005.0,3480.0,11440,11940.0,3729.0,87,3730.0,23,3731.0,4,3732.0,42,3733.0,1,3734.0,1,3735.0,2,3736.0,4,3737.0,32,3738.0,2,3732.0
ao2408,,13:43:10.500#,3733.0,3752.0,3701.0,4005.0,3480.0,11440,11940.0,3729.0,87,3730.0,23,3731.0,4,3732.0,42,3733.0,1,3734.0,1,3735.0,2,3736.0,4,3737.0,32,3738.0,2,3732.0
ao2408,,13:43:11.0#,3733.0,3752.0,3701.0,4005.0,3480.0,11440,11940.0,3729.0,87,3730.0,23,3731.0,4,3732.0,42,3733.0,1,3734.0,1,3735.0,2,3736.0,4,3737.0,32,3738.0,2,3732.0
ao2408,,13:43:11.500#,3733.0,3752.0,3701.0,4005.0,3480.0,11440,11940.0,3729.0,87,3730.0,23,3731.0,4,3732.0,42,3733.0,1,3734.0,1,3735.0,2,3736.0,4,3737.0,32,3738.0,2,3732.0
ao2408,,13:43:12.0#,3733.0,3752.0,3701.0,4005.0,3480.0,11440,11940.0,3729.0,87,3730.0,23,3731.0,4,3732.0,42,3733.0,1,3734.0,1,3735.0,2,3736.0,4,3737.0,32,3738.0,2,3732.0
ao2408,,13:43:12.500#,3733.0,3752.0,3701.0,4005.0,3480.0,11440,11940.0,3729.0,87,3730.0,23,3731.0,4,3732.0,42,3733.0,1,3734.0,1,3735.0,2,3736.0,4,3737.0,32,3738.0,2,3732.0
ao2408,,13:43:13.0#,3733.0,3752.0,3701.0,4005.0,3480.0,11440,11940.0,3729.0,87,3730.0,23,3731.0,4,3732.0,42,3733.0,1,3734.0,1,3735.0,2,3736.0,4,3737.0,32,3738.0,2,3732.0
ao2408,,13:43:13.500#,3733.0,3752.0,3701.0,4005.0,3480.0,11440,11940.0,3728.0,44,3729.0,60,3730.0,24,3731.0,4,3732.0,43,3733.0,1,3734.0,2,3735.0,2,3736.0,4,3737.0,32,3732.0
ao2408,,13:43:14.0#,3733.0,3752.0,3701.0,4005.0,3480.0,11440,11940.0,3728.0,44,3729.0,60,3730.0,10,3731.0,3,3732.0,43,3733.0,2,3734.0,3,3735.0,3,3736.0,18,3737.0,16,3732.0
ao2408,,13:43:14.500#,3733.0,3752.0,3701.0,4005.0,3480.0,11440,11940.0,3728.0,44,3729.0,60,3730.0,10,3731.0,3,3732.0,43,3733.0,2,3734.0,3,3735.0,3,3736.0,18,3737.0,16,3732.0
ao2408,,13:43:15.0#,3733.0,3752.0,3701.0,4005.0,3480.0,11440,11940.0,3728.0,44,3729.0,60,3730.0,10,3731.0,3,3732.0,43,3733.0,2,3734.0,3,3735.0,3,3736.0,18,3737.0,16,3732.0
ao2408,,13:43:15.500#,3733.0,3752.0,3701.0,4005.0,3480.0,11440,11940.0,3728.0,44,3729.0,60,3730.0,10,3731.0,3,3732.0,43,3733.0,2,3734.0,3,3735.0,3,3736.0,18,3737.0,16,3732.0
ao2408,,13:43:16.0#,3733.0,3752.0,3701.0,4005.0,3480.0,11440,11940.0,3728.0,44,3729.0,60,3730.0,10,3731.0,3,3732.0,43,3733.0,2,3734.0,3,3735.0,3,3736.0,18,3737.0,16,3732.0
ao2408,,13:43:16.500#,3733.0,3752.0,3701.0,4005.0,3480.0,11440,11940.0,3728.0,44,3729.0,60,3730.0,10,3731.0,3,3732.0,43,3733.0,2,3734.0,3,3735.0,3,3736.0,18,3737.0,16,3732.0
ao2408,,13:43:17.0#,3733.0,3752.0,3701.0,4005.0,3480.0,11440,11940.0,3728.0,44,3729.0,60,3730.0,10,3731.0,3,3732.0,43,3733.0,2,3734.0,3,3735.0,3,3736.0,18,3737.0,16,3732.0
ao2408,,13:43:17.500#,3733.0,3752.0,3701.0,4005.0,3480.0,11440,11940.0,3728.0,44,3729.0,60,3730.0,10,3731.0,3,3732.0,43,3733.0,2,3734.0,3,3735.0,3,3736.0,18,3737.0,16,3732.0
ao2408,,13:43:18.0#,3733.0,3752.0,3701.0,4005.0,3480.0,11440,11940.0,3728.0,44,3729.0,60,3730.0,10,3731.0,3,3732.0,43,3733.0,3,3734.0,3,3735.0,3,3736.0,18,3737.0,16,3732.0
ao2408,,13:43:19.0#,3733.0,3752.0,3701.0,4005.0,3480.0,11440,11940.0,3728.0,44,3729.0,60,3730.0,10,3731.0,3,3732.0,43,3733.0,3,3734.0,3,3735.0,3,3736.0,18,3737.0,16,3732.0
ao2408,,13:43:19.500#,3733.0,3752.0,3701.0,4005.0,3480.0,11440,11940.0,3728.0,44,3729.0,60,3730.0,10,3731.0,3,3732.0,43,3733.0,3,3734.0,1,3735.0,3,3736.0,18,3737.0,16,3732.0
ao2408,,13:43:20.0#,3733.0,3752.0,3701.0,4005.0,3480.0,11440,11940.0,3728.0,44,3729.0,60,3730.0,10,3731.0,3,3732.0,43,3733.0,3,3734.0,1,3735.0,3,3736.0,18,3737.0,16,3732.0
ao2408,,13:43:20.500#,3733.0,3752.0,3701.0,4005.0,3480.0,11440,11940.0,3728.0,44,3729.0,60,3730.0,10,3731.0,3,3732.0,43,3733.0,4,3734.0,1,3735.0,3,3736.0,18,3737.0,16,3732.0
ao2408,,13:43:21.0#,3733.0,3752.0,3701.0,4005.0,3480.0,11440,11940.0,3728.0,44,3729.0,60,3730.0,10,3731.0,3,3732.0,43,3733.0,3,3734.0,1,3735.0,3,3736.0,18,3737.0,16,3732.0
ao2408,,13:43:21.500#,3733.0,3752.0,3701.0,4005.0,3480.0,11440,11940.0,3728.0,44,3729.0,60,3730.0,10,3731.0,3,3732.0,43,3733.0,2,3734.0,1,3735.0,3,3736.0,18,3737.0,16,3732.0
ao2408,,13:43:22.0#,3733.0,3752.0,3701.0,4005.0,3480.0,11442,11939.0,3728.0,44,3729.0,60,3730.0,10,3731.0,3,3732.0,43,3733.0,1,3734.0,1,3735.0,3,3736.0,18,3737.0,16,3733.0
ao2408,,13:43:22.500#,3733.0,3752.0,3701.0,4005.0,3480.0,11442,11939.0,3728.0,44,3729.0,60,3730.0,10,3731.0,3,3732.0,43,3733.0,1,3734.0,1,3735.0,3,3736.0,18,3737.0,16,3733.0
ao2408,,13:43:23.0#,3733.0,3752.0,3701.0,4005.0,3480.0,11442,11939.0,3728.0,44,3729.0,60,3730.0,10,3731.0,3,3732.0,43,3733.0,1,3734.0,1,3735.0,3,3736.0,18,3737.0,16,3733.0
ao2408,,13:43:23.500#,3733.0,3752.0,3701.0,4005.0,3480.0,11442,11939.0,3728.0,44,3729.0,60,3730.0,10,3731.0,3,3732.0,43,3733.0,1,3734.0,1,3735.0,3,3736.0,18,3737.0,16,3733.0
ao2408,,13:43:24.0#,3733.0,3752.0,3701.0,4005.0,3480.0,11442,11939.0,3728.0,44,3729.0,60,3730.0,10,3731.0,3,3732.0,43,3733.0,1,3734.0,1,3735.0,3,3736.0,18,3737.0,16,3733.0
ao2408,,13:43:24.500#,3733.0,3752.0,3701.0,4005.0,3480.0,11442,11939.0,3728.0,44,3729.0,60,3730.0,10,3731.0,3,3732.0,43,3733.0,1,3734.0,1,3735.0,3,3736.0,18,3737.0,16,3733.0
ao2408,,13:43:25.500#,3733.0,3752.0,3701.0,4005.0,3480.0,11442,11939.0,3728.0,44,3729.0,60,3730.0,10,3731.0,3,3732.0,43,3733.0,1,3734.0,1,3735.0,3,3736.0,18,3737.0,16,3733.0
ao2408,,13:43:26.500#,3733.0,3752.0,3701.0,4005.0,3480.0,11443,11938.0,3729.0,60,3730.0,10,3731.0,3,3732.0,43,3733.0,1,3734.0,1,3735.0,3,3736.0,18,3737.0,16,3738.0,74,3733.0
ao2408,,13:43:27.0#,3733.0,3752.0,3701.0,4005.0,3480.0,11443,11938.0,3729.0,60,3730.0,24,3731.0,4,3732.0,43,3733.0,1,3734.0,3,3735.0,2,3736.0,4,3737.0,31,3738.0,29,3733.0
ao2408,,13:43:27.500#,3733.0,3752.0,3701.0,4005.0,3480.0,11443,11938.0,3729.0,30,3730.0,24,3731.0,4,3732.0,43,3733.0,1,3734.0,3,3735.0,2,3736.0,4,3737.0,31,3738.0,29,3733.0
ao2408,,13:43:28.0#,3733.0,3752.0,3701.0,4005.0,3480.0,11444,11937.0,3728.0,74,3729.0,45,3730.0,24,3731.0,4,3732.0,43,3734.0,3,3735.0,2,3736.0,4,3737.0,31,3738.0,29,3733.0
ao2408,,13:43:28.500#,3733.0,3752.0,3701.0,4005.0,3480.0,11444,11937.0,3728.0,74,3729.0,60,3730.0,9,3731.0,4,3732.0,46,3734.0,3,3735.0,2,3736.0,4,3737.0,31,3738.0,29,3733.0
ao2408,,13:43:29.0#,3733.0,3752.0,3701.0,4005.0,3480.0,11444,11937.0,3728.0,59,3729.0,75,3730.0,9,3731.0,4,3732.0,46,3734.0,3,3735.0,2,3736.0,4,3737.0,31,3738.0,29,3733.0
ao2408,,13:43:29.500#,3733.0,3752.0,3701.0,4005.0,3480.0,11444,11937.0,3728.0,59,3729.0,75,3730.0,9,3731.0,4,3732.0,46,3734.0,3,3735.0,2,3736.0,4,3737.0,31,3738.0,29,3733.0
ao2408,,13:43:30.0#,3733.0,3752.0,3701.0,4005.0,3480.0,11444,11937.0,3728.0,59,3729.0,75,3730.0,9,3731.0,4,3732.0,46,3734.0,3,3735.0,2,3736.0,4,3737.0,31,3738.0,29,3733.0
ao2408,,13:43:30.500#,3733.0,3752.0,3701.0,4005.0,3480.0,11444,11937.0,3728.0,59,3729.0,75,3730.0,9,3731.0,4,3732.0,46,3734.0,3,3735.0,2,3736.0,4,3737.0,31,3738.0,29,3733.0
ao2408,,13:43:31.0#,3733.0,3752.0,3701.0,4005.0,3480.0,11444,11937.0,3728.0,59,3729.0,75,3730.0,9,3731.0,4,3732.0,46,3734.0,3,3735.0,2,3736.0,4,3737.0,31,3738.0,29,3733.0
ao2408,,13:43:31.500#,3733.0,3752.0,3701.0,4005.0,3480.0,11444,11937.0,3728.0,59,3729.0,75,3730.0,9,3731.0,4,3732.0,46,3734.0,3,3735.0,2,3736.0,4,3737.0,31,3738.0,29,3733.0
ao2408,,13:43:32.0#,3733.0,3752.0,3701.0,4005.0,3480.0,11444,11937.0,3728.0,59,3729.0,75,3730.0,9,3731.0,4,3732.0,46,3734.0,3,3735.0,2,3736.0,4,3737.0,31,3738.0,29,3733.0
ao2408,,13:43:32.500#,3733.0,3752.0,3701.0,4005.0,3480.0,11444,11937.0,3729.0,75,3730.0,9,3731.0,4,3732.0,46,3733.0,1,3734.0,3,3735.0,2,3736.0,4,3737.0,31,3738.0,29,3733.0
ao2408,,13:43:33.0#,3733.0,3752.0,3701.0,4005.0,3480.0,11444,11937.0,3728.0,59,3729.0,60,3730.0,24,3731.0,4,3732.0,46,3734.0,3,3735.0,2,3736.0,4,3737.0,31,3738.0,29,3733.0
ao2408,,13:43:33.500#,3733.0,3752.0,3701.0,4005.0,3480.0,11444,11937.0,3728.0,59,3729.0,60,3730.0,9,3731.0,4,3732.0,46,3734.0,3,3735.0,2,3736.0,4,3737.0,31,3738.0,29,3733.0
ao2408,,13:43:34.0#,3733.0,3752.0,3701.0,4005.0,3480.0,11444,11937.0,3728.0,59,3729.0,60,3730.0,9,3731.0,4,3732.0,46,3734.0,3,3735.0,2,3736.0,4,3737.0,31,3738.0,29,3733.0
ao2408,,13:43:34.500#,3733.0,3752.0,3701.0,4005.0,3480.0,11444,11937.0,3728.0,59,3729.0,75,3730.0,9,3731.0,4,3732.0,46,3734.0,3,3735.0,2,3736.0,4,3737.0,31,3738.0,29,3733.0
ao2408,,13:43:35.0#,3733.0,3752.0,3701.0,4005.0,3480.0,11444,11937.0,3728.0,59,3729.0,75,3730.0,9,3731.0,4,3732.0,46,3734.0,3,3735.0,2,3736.0,4,3737.0,31,3738.0,29,3733.0
ao2408,,13:43:35.500#,3733.0,3752.0,3701.0,4005.0,3480.0,11444,11937.0,3728.0,59,3729.0,75,3730.0,9,3731.0,4,3732.0,46,3734.0,3,3735.0,2,3736.0,4,3737.0,31,3738.0,29,3733.0
ao2408,,13:43:36.0#,3733.0,3752.0,3701.0,4005.0,3480.0,11444,11937.0,3728.0,59,3729.0,75,3730.0,9,3731.0,4,3732.0,46,3734.0,3,3735.0,2,3736.0,4,3737.0,31,3738.0,29,3733.0
ao2408,,13:43:36.500#,3733.0,3752.0,3701.0,4005.0,3480.0,11444,11937.0,3728.0,59,3729.0,75,3730.0,9,3731.0,4,3732.0,46,3734.0,3,3735.0,2,3736.0,4,3737.0,31,3738.0,29,3733.0
ao2408,,13:43:37.0#,3733.0,3752.0,3701.0,4005.0,3480.0,11444,11937.0,3728.0,59,3729.0,75,3730.0,9,3731.0,4,3732.0,46,3734.0,4,3735.0,2,3736.0,4,3737.0,31,3738.0,29,3733.0
ao2408,,13:43:37.500#,3733.0,3752.0,3701.0,4005.0,3480.0,11444,11937.0,3728.0,59,3729.0,75,3730.0,9,3731.0,4,3732.0,46,3734.0,4,3735.0,2,3736.0,4,3737.0,31,3738.0,29,3733.0
ao2408,,13:43:38.500#,3733.0,3752.0,3701.0,4005.0,3480.0,11444,11937.0,3728.0,59,3729.0,75,3730.0,9,3731.0,4,3732.0,46,3734.0,4,3735.0,2,3736.0,4,3737.0,31,3738.0,29,3733.0
ao2408,,13:43:39.500#,3733.0,3752.0,3701.0,4005.0,3480.0,11444,11937.0,3728.0,59,3729.0,75,3730.0,9,3731.0,4,3732.0,46,3734.0,4,3735.0,2,3736.0,4,3737.0,31,3738.0,29,3733.0
ao2408,,13:43:40.0#,3733.0,3752.0,3701.0,4005.0,3480.0,11444,11937.0,3728.0,59,3729.0,75,3730.0,9,3731.0,4,3732.0,46,3734.0,4,3735.0,2,3736.0,4,3737.0,31,3738.0,29,3733.0
ao2408,,13:43:40.500#,3733.0,3752.0,3701.0,4005.0,3480.0,11444,11937.0,3728.0,59,3729.0,75,3730.0,9,3731.0,4,3732.0,46,3734.0,4,3735.0,2,3736.0,4,3737.0,31,3738.0,29,3733.0
ao2408,,13:43:41.0#,3733.0,3752.0,3701.0,4005.0,3480.0,11444,11937.0,3728.0,59,3729.0,75,3730.0,9,3731.0,4,3732.0,46,3734.0,4,3735.0,2,3736.0,4,3737.0,31,3738.0,29,3733.0
ao2408,,13:43:41.500#,3733.0,3752.0,3701.0,4005.0,3480.0,11444,11937.0,3728.0,59,3729.0,75,3730.0,9,3731.0,4,3732.0,46,3734.0,4,3735.0,2,3736.0,4,3737.0,31,3738.0,29,3733.0
ao2408,,13:43:42.0#,3733.0,3752.0,3701.0,4005.0,3480.0,11444,11937.0,3728.0,59,3729.0,75,3730.0,9,3731.0,4,3732.0,46,3734.0,4,3735.0,2,3736.0,4,3737.0,31,3738.0,29,3733.0
ao2408,,13:43:42.500#,3733.0,3752.0,3701.0,4005.0,3480.0,11444,11937.0,3728.0,59,3729.0,75,3730.0,9,3731.0,4,3732.0,46,3734.0,4,3735.0,2,3736.0,4,3737.0,31,3738.0,29,3733.0
ao2408,,13:43:43.500#,3733.0,3752.0,3701.0,4005.0,3480.0,11444,11937.0,3728.0,59,3729.0,75,3730.0,9,3731.0,4,3732.0,46,3734.0,4,3735.0,2,3736.0,4,3737.0,31,3738.0,29,3733.0
ao2408,,13:43:44.0#,3733.0,3752.0,3701.0,4005.0,3480.0,11444,11937.0,3728.0,59,3729.0,75,3730.0,9,3731.0,4,3732.0,46,3734.0,4,3735.0,2,3736.0,4,3737.0,31,3738.0,29,3733.0
ao2408,,13:43:44.500#,3733.0,3752.0,3701.0,4005.0,3480.0,11444,11937.0,3728.0,59,3729.0,75,3730.0,9,3731.0,4,3732.0,46,3734.0,4,3735.0,2,3736.0,4,3737.0,31,3738.0,29,3733.0
ao2408,,13:43:45.0#,3733.0,3752.0,3701.0,4005.0,3480.0,11444,11937.0,3728.0,59,3729.0,75,3730.0,9,3731.0,4,3732.0,46,3734.0,4,3735.0,2,3736.0,4,3737.0,31,3738.0,29,3733.0
ao2408,,13:43:45.500#,3733.0,3752.0,3701.0,4005.0,3480.0,11444,11937.0,3728.0,59,3729.0,75,3730.0,9,3731.0,4,3732.0,46,3734.0,4,3735.0,2,3736.0,4,3737.0,31,3738.0,29,3733.0
ao2408,,13:43:46.0#,3733.0,3752.0,3701.0,4005.0,3480.0,11444,11937.0,3728.0,59,3729.0,75,3730.0,9,3731.0,4,3732.0,46,3734.0,4,3735.0,2,3736.0,4,3737.0,31,3738.0,29,3733.0
ao2408,,13:43:46.500#,3733.0,3752.0,3701.0,4005.0,3480.0,11444,11937.0,3728.0,59,3729.0,75,3730.0,9,3731.0,4,3732.0,46,3734.0,4,3735.0,2,3736.0,4,3737.0,31,3738.0,29,3733.0
ao2408,,13:43:47.0#,3733.0,3752.0,3701.0,4005.0,3480.0,11444,11937.0,3728.0,59,3729.0,75,3730.0,9,3731.0,4,3732.0,46,3734.0,4,3735.0,2,3736.0,4,3737.0,31,3738.0,29,3733.0
ao2408,,13:43:47.500#,3733.0,3752.0,3701.0,4005.0,3480.0,11444,11937.0,3728.0,59,3729.0,75,3730.0,9,3731.0,4,3732.0,46,3734.0,4,3735.0,2,3736.0,4,3737.0,31,3738.0,29,3733.0
ao2408,,13:43:48.500#,3733.0,3752.0,3701.0,4005.0,3480.0,11444,11937.0,3728.0,59,3729.0,75,3730.0,9,3731.0,4,3732.0,46,3734.0,4,3735.0,2,3736.0,4,3737.0,31,3738.0,29,3733.0
ao2408,,13:43:49.0#,3733.0,3752.0,3701.0,4005.0,3480.0,11444,11937.0,3728.0,59,3729.0,75,3730.0,9,3731.0,4,3732.0,46,3734.0,4,3735.0,2,3736.0,4,3737.0,31,3738.0,29,3733.0
ao2408,,13:43:49.500#,3733.0,3752.0,3701.0,4005.0,3480.0,11444,11937.0,3728.0,59,3729.0,75,3730.0,9,3731.0,4,3732.0,46,3734.0,4,3735.0,2,3736.0,4,3737.0,31,3738.0,29,3733.0
ao2408,,13:43:50.0#,3733.0,3752.0,3701.0,4005.0,3480.0,11444,11937.0,3728.0,59,3729.0,75,3730.0,9,3731.0,4,3732.0,46,3734.0,4,3735.0,2,3736.0,4,3737.0,31,3738.0,29,3733.0
ao2408,,13:43:51.0#,3733.0,3752.0,3701.0,4005.0,3480.0,11444,11937.0,3728.0,59,3729.0,75,3730.0,9,3731.0,4,3732.0,46,3734.0,4,3735.0,2,3736.0,4,3737.0,31,3738.0,29,3733.0
ao2408,,13:43:51.500#,3733.0,3752.0,3701.0,4005.0,3480.0,11444,11937.0,3728.0,59,3729.0,75,3730.0,9,3731.0,4,3732.0,46,3734.0,4,3735.0,2,3736.0,4,3737.0,31,3738.0,29,3733.0
ao2408,,13:43:52.0#,3733.0,3752.0,3701.0,4005.0,3480.0,11444,11937.0,3728.0,59,3729.0,75,3730.0,9,3731.0,4,3732.0,46,3734.0,4,3735.0,2,3736.0,4,3737.0,31,3738.0,29,3733.0
ao2408,,13:43:52.500#,3733.0,3752.0,3701.0,4005.0,3480.0,11444,11937.0,3728.0,59,3729.0,75,3730.0,9,3731.0,4,3732.0,46,3734.0,4,3735.0,2,3736.0,4,3737.0,31,3738.0,29,3733.0
ao2408,,13:43:53.0#,3733.0,3752.0,3701.0,4005.0,3480.0,11444,11937.0,3728.0,59,3729.0,75,3730.0,9,3731.0,4,3732.0,46,3734.0,4,3735.0,2,3736.0,4,3737.0,31,3738.0,29,3733.0
ao2408,,13:43:53.500#,3733.0,3752.0,3701.0,4005.0,3480.0,11444,11937.0,3728.0,59,3729.0,75,3730.0,9,3731.0,4,3732.0,46,3734.0,4,3735.0,2,3736.0,4,3737.0,31,3738.0,29,3733.0
ao2408,,13:43:54.0#,3733.0,3752.0,3701.0,4005.0,3480.0,11444,11937.0,3728.0,59,3729.0,75,3730.0,9,3731.0,4,3732.0,46,3734.0,4,3735.0,2,3736.0,4,3737.0,31,3738.0,29,3733.0
ao2408,,13:43:54.500#,3733.0,3752.0,3701.0,4005.0,3480.0,11444,11937.0,3728.0,59,3729.0,75,3730.0,9,3731.0,4,3732.0,46,3734.0,4,3735.0,2,3736.0,4,3737.0,31,3738.0,29,3733.0
ao2408,,13:43:55.0#,3733.0,3752.0,3701.0,4005.0,3480.0,11444,11937.0,3728.0,59,3729.0,75,3730.0,9,3731.0,4,3732.0,46,3734.0,4,3735.0,2,3736.0,4,3737.0,31,3738.0,29,3733.0
ao2408,,13:43:55.500#,3733.0,3752.0,3701.0,4005.0,3480.0,11444,11937.0,3728.0,59,3729.0,75,3730.0,9,3731.0,4,3732.0,46,3733.0,25,3734.0,4,3735.0,2,3736.0,4,3737.0,31,3733.0
ao2408,,13:43:56.0#,3733.0,3752.0,3701.0,4005.0,3480.0,11444,11937.0,3728.0,89,3729.0,45,3730.0,10,3731.0,3,3732.0,43,3733.0,25,3734.0,4,3735.0,3,3736.0,18,3737.0,16,3733.0
ao2408,,13:43:56.500#,3733.0,3752.0,3701.0,4005.0,3480.0,11444,11937.0,3728.0,74,3729.0,45,3730.0,10,3731.0,3,3732.0,43,3733.0,25,3734.0,4,3735.0,3,3736.0,18,3737.0,16,3733.0
ao2408,,13:43:57.0#,3733.0,3752.0,3701.0,4005.0,3480.0,11444,11937.0,3728.0,59,3729.0,45,3730.0,10,3731.0,3,3732.0,43,3733.0,25,3734.0,4,3735.0,3,3736.0,18,3737.0,16,3733.0
ao2408,,13:43:57.500#,3733.0,3752.0,3701.0,4005.0,3480.0,11444,11937.0,3728.0,59,3729.0,45,3730.0,10,3731.0,3,3732.0,43,3733.0,25,3734.0,4,3735.0,3,3736.0,18,3737.0,16,3733.0
ao2408,,13:43:58.0#,3733.0,3752.0,3701.0,4005.0,3480.0,11444,11937.0,3728.0,59,3729.0,45,3730.0,10,3731.0,3,3732.0,43,3733.0,25,3734.0,4,3735.0,3,3736.0,18,3737.0,16,3733.0
ao2408,,13:43:58.500#,3733.0,3752.0,3701.0,4005.0,3480.0,11444,11937.0,3728.0,59,3729.0,45,3730.0,10,3731.0,3,3732.0,43,3733.0,25,3734.0,4,3735.0,3,3736.0,18,3737.0,16,3733.0
