InstrumentId,ExchangeId,Datetime,OpenPrice,HighestPrice,LowestPrice,UpperLimitPrice,LowerLimitPrice,Volume,OpenInterest,BidPrice5,BidVolume5,BidPrice4,BidVolume4,BidPrice3,BidVolume3,BidPrice2,BidVolume2,BidPrice1,BidVolume1,AskPrice1,AskVolume1,AskPrice2,AskVolume2,AskPrice3,AskVolume3,AskPrice4,AskVolume4,AskPrice5,AskVolume5,LastPrice
ao2409,,13:38:35.0#,3707.0,3729.0,3657.0,3983.0,3462.0,237633,97766.0,3696.0,100,3697.0,135,3698.0,71,3699.0,42,3700.0,208,3701.0,50,3702.0,68,3703.0,54,3704.0,79,3705.0,199,3700.0
ao2409,,13:38:35.500#,3707.0,3729.0,3657.0,3983.0,3462.0,237660,97761.0,3696.0,100,3697.0,150,3698.0,56,3699.0,42,3700.0,197,3701.0,69,3702.0,68,3703.0,56,3704.0,94,3705.0,164,3701.0
ao2409,,13:38:36.0#,3707.0,3729.0,3657.0,3983.0,3462.0,237660,97761.0,3696.0,100,3697.0,150,3698.0,73,3699.0,42,3700.0,197,3701.0,74,3702.0,68,3703.0,56,3704.0,93,3705.0,164,3701.0
ao2409,,13:38:36.500#,3707.0,3729.0,3657.0,3983.0,3462.0,237664,97761.0,3696.0,100,3697.0,165,3698.0,58,3699.0,42,3700.0,194,3701.0,73,3702.0,69,3703.0,56,3704.0,93,3705.0,179,3701.0
ao2409,,13:38:37.0#,3707.0,3729.0,3657.0,3983.0,3462.0,237668,97759.0,3696.0,100,3697.0,180,3698.0,73,3699.0,42,3700.0,191,3701.0,74,3702.0,69,3703.0,56,3704.0,123,3705.0,179,3700.0
ao2409,,13:38:37.500#,3707.0,3729.0,3657.0,3983.0,3462.0,237669,97759.0,3696.0,100,3697.0,195,3698.0,58,3699.0,42,3700.0,190,3701.0,74,3702.0,69,3703.0,56,3704.0,123,3705.0,184,3700.0
ao2409,,13:38:38.0#,3707.0,3729.0,3657.0,3983.0,3462.0,237670,97759.0,3696.0,100,3697.0,195,3698.0,58,3699.0,42,3700.0,190,3701.0,81,3702.0,69,3703.0,62,3704.0,123,3705.0,184,3700.0
ao2409,,13:38:38.500#,3707.0,3729.0,3657.0,3983.0,3462.0,237675,97760.0,3696.0,100,3697.0,195,3698.0,58,3699.0,42,3700.0,190,3701.0,79,3702.0,69,3703.0,61,3704.0,121,3705.0,185,3701.0
ao2409,,13:38:39.0#,3707.0,3729.0,3657.0,3983.0,3462.0,237676,97760.0,3696.0,100,3697.0,195,3698.0,59,3699.0,42,3700.0,192,3701.0,88,3702.0,59,3703.0,62,3704.0,121,3705.0,185,3701.0
ao2409,,13:38:39.500#,3707.0,3729.0,3657.0,3983.0,3462.0,237677,97760.0,3696.0,100,3697.0,195,3698.0,59,3699.0,42,3700.0,193,3701.0,89,3702.0,60,3703.0,62,3704.0,115,3705.0,182,3701.0
ao2409,,13:38:40.0#,3707.0,3729.0,3657.0,3983.0,3462.0,237681,97761.0,3696.0,100,3697.0,195,3698.0,59,3699.0,42,3700.0,191,3701.0,89,3702.0,60,3703.0,62,3704.0,114,3705.0,182,3700.0
ao2409,,13:38:40.500#,3707.0,3729.0,3657.0,3983.0,3462.0,237691,97760.0,3696.0,100,3697.0,195,3698.0,59,3699.0,47,3700.0,189,3701.0,83,3702.0,62,3703.0,62,3704.0,113,3705.0,132,3701.0
ao2409,,13:38:41.0#,3707.0,3729.0,3657.0,3983.0,3462.0,237692,97760.0,3696.0,100,3697.0,195,3698.0,59,3699.0,47,3700.0,189,3701.0,78,3702.0,62,3703.0,62,3704.0,113,3705.0,132,3701.0
ao2409,,13:38:41.500#,3707.0,3729.0,3657.0,3983.0,3462.0,237695,97761.0,3696.0,100,3697.0,195,3698.0,67,3699.0,47,3700.0,190,3701.0,77,3702.0,61,3703.0,60,3704.0,118,3705.0,132,3701.0
ao2409,,13:38:42.0#,3707.0,3729.0,3657.0,3983.0,3462.0,237696,97762.0,3696.0,99,3697.0,195,3698.0,67,3699.0,47,3700.0,197,3701.0,78,3702.0,61,3703.0,60,3704.0,118,3705.0,133,3700.0
ao2409,,13:38:42.500#,3707.0,3729.0,3657.0,3983.0,3462.0,237699,97764.0,3696.0,99,3697.0,194,3698.0,68,3699.0,47,3700.0,197,3701.0,75,3702.0,137,3703.0,60,3704.0,118,3705.0,133,3701.0
ao2409,,13:38:43.0#,3707.0,3729.0,3657.0,3983.0,3462.0,237702,97764.0,3696.0,99,3697.0,194,3698.0,68,3699.0,47,3700.0,198,3701.0,72,3702.0,137,3703.0,60,3704.0,119,3705.0,132,3701.0
ao2409,,13:38:43.500#,3707.0,3729.0,3657.0,3983.0,3462.0,237707,97769.0,3696.0,99,3697.0,194,3698.0,68,3699.0,47,3700.0,193,3701.0,73,3702.0,137,3703.0,60,3704.0,119,3705.0,132,3700.0
ao2409,,13:38:44.0#,3707.0,3729.0,3657.0,3983.0,3462.0,237709,97770.0,3696.0,99,3697.0,194,3698.0,68,3699.0,47,3700.0,192,3701.0,82,3702.0,138,3703.0,60,3704.0,119,3705.0,132,3700.0
ao2409,,13:38:44.500#,3707.0,3729.0,3657.0,3983.0,3462.0,237733,97783.0,3696.0,99,3697.0,194,3698.0,68,3699.0,47,3700.0,180,3701.0,73,3702.0,138,3703.0,60,3704.0,119,3705.0,132,3700.0
ao2409,,13:38:45.0#,3707.0,3729.0,3657.0,3983.0,3462.0,237735,97785.0,3696.0,99,3697.0,194,3698.0,68,3699.0,47,3700.0,180,3701.0,72,3702.0,138,3703.0,60,3704.0,119,3705.0,132,3701.0
ao2409,,13:38:45.500#,3707.0,3729.0,3657.0,3983.0,3462.0,237738,97787.0,3696.0,99,3697.0,194,3698.0,68,3699.0,47,3700.0,180,3701.0,75,3702.0,138,3703.0,60,3704.0,119,3705.0,132,3701.0
ao2409,,13:38:46.0#,3707.0,3729.0,3657.0,3983.0,3462.0,237738,97787.0,3696.0,64,3697.0,196,3698.0,68,3699.0,47,3700.0,183,3701.0,85,3702.0,138,3703.0,60,3704.0,119,3705.0,132,3701.0
ao2409,,13:38:46.500#,3707.0,3729.0,3657.0,3983.0,3462.0,237751,97791.0,3696.0,64,3697.0,206,3698.0,70,3699.0,47,3700.0,171,3701.0,85,3702.0,138,3703.0,60,3704.0,119,3705.0,132,3700.0
ao2409,,13:38:47.0#,3707.0,3729.0,3657.0,3983.0,3462.0,237753,97791.0,3696.0,64,3697.0,205,3698.0,69,3699.0,48,3700.0,170,3701.0,85,3702.0,138,3703.0,60,3704.0,119,3705.0,132,3700.0
ao2409,,13:38:47.500#,3707.0,3729.0,3657.0,3983.0,3462.0,237755,97793.0,3696.0,64,3697.0,205,3698.0,72,3699.0,48,3700.0,169,3701.0,86,3702.0,138,3703.0,60,3704.0,119,3705.0,132,3700.0
ao2409,,13:38:48.0#,3707.0,3729.0,3657.0,3983.0,3462.0,237757,97795.0,3696.0,64,3697.0,203,3698.0,72,3699.0,48,3700.0,170,3701.0,85,3702.0,138,3703.0,60,3704.0,119,3705.0,132,3701.0
ao2409,,13:38:48.500#,3707.0,3729.0,3657.0,3983.0,3462.0,237859,97834.0,3696.0,64,3697.0,203,3698.0,72,3699.0,48,3700.0,68,3701.0,85,3702.0,139,3703.0,60,3704.0,119,3705.0,132,3700.0
ao2409,,13:38:49.0#,3707.0,3729.0,3657.0,3983.0,3462.0,237928,97871.0,3695.0,71,3696.0,94,3697.0,131,3698.0,71,3699.0,47,3700.0,47,3701.0,86,3702.0,138,3703.0,59,3704.0,118,3700.0
ao2409,,13:38:49.500#,3707.0,3729.0,3657.0,3983.0,3462.0,237952,97864.0,3695.0,116,3696.0,79,3697.0,102,3698.0,71,3699.0,41,3700.0,17,3701.0,89,3702.0,139,3703.0,113,3704.0,58,3700.0
ao2409,,13:38:50.0#,3707.0,3729.0,3657.0,3983.0,3462.0,237982,97871.0,3695.0,116,3696.0,79,3697.0,102,3698.0,70,3699.0,52,3700.0,2,3701.0,89,3702.0,96,3703.0,113,3704.0,58,3700.0
ao2409,,13:38:50.500#,3707.0,3729.0,3657.0,3983.0,3462.0,238013,97850.0,3696.0,94,3697.0,102,3698.0,70,3699.0,52,3700.0,35,3701.0,90,3702.0,96,3703.0,53,3704.0,103,3705.0,100,3700.0
ao2409,,13:38:51.0#,3707.0,3729.0,3657.0,3983.0,3462.0,238014,97850.0,3696.0,79,3697.0,131,3698.0,72,3699.0,56,3700.0,60,3701.0,93,3702.0,95,3703.0,54,3704.0,118,3705.0,100,3700.0
ao2409,,13:38:51.500#,3707.0,3729.0,3657.0,3983.0,3462.0,238022,97849.0,3696.0,94,3697.0,146,3698.0,72,3699.0,57,3700.0,52,3701.0,94,3702.0,95,3703.0,69,3704.0,118,3705.0,85,3700.0
ao2409,,13:38:52.0#,3707.0,3729.0,3657.0,3983.0,3462.0,238027,97849.0,3696.0,94,3697.0,176,3698.0,72,3699.0,59,3700.0,50,3701.0,90,3702.0,98,3703.0,69,3704.0,133,3705.0,87,3701.0
ao2409,,13:38:52.500#,3707.0,3729.0,3657.0,3983.0,3462.0,238031,97853.0,3696.0,109,3697.0,161,3698.0,72,3699.0,59,3700.0,57,3701.0,88,3702.0,98,3703.0,69,3704.0,148,3705.0,72,3700.0
ao2409,,13:38:53.0#,3707.0,3729.0,3657.0,3983.0,3462.0,238034,97853.0,3696.0,109,3697.0,146,3698.0,72,3699.0,59,3700.0,54,3701.0,89,3702.0,98,3703.0,70,3704.0,133,3705.0,61,3700.0
ao2409,,13:38:53.500#,3707.0,3729.0,3657.0,3983.0,3462.0,238036,97855.0,3696.0,109,3697.0,161,3698.0,71,3699.0,59,3700.0,52,3701.0,104,3702.0,98,3703.0,70,3704.0,147,3705.0,61,3700.0
ao2409,,13:38:54.0#,3707.0,3729.0,3657.0,3983.0,3462.0,238038,97855.0,3696.0,109,3697.0,161,3698.0,71,3699.0,59,3700.0,54,3701.0,103,3702.0,98,3703.0,70,3704.0,147,3705.0,61,3700.0
ao2409,,13:38:54.500#,3707.0,3729.0,3657.0,3983.0,3462.0,238053,97848.0,3696.0,109,3697.0,161,3698.0,71,3699.0,59,3700.0,40,3701.0,93,3702.0,98,3703.0,70,3704.0,147,3705.0,58,3700.0
ao2409,,13:38:55.0#,3707.0,3729.0,3657.0,3983.0,3462.0,238055,97848.0,3696.0,104,3697.0,161,3698.0,71,3699.0,59,3700.0,39,3701.0,93,3702.0,98,3703.0,70,3704.0,147,3705.0,58,3700.0
ao2409,,13:38:55.500#,3707.0,3729.0,3657.0,3983.0,3462.0,238056,97848.0,3696.0,89,3697.0,161,3698.0,72,3699.0,59,3700.0,40,3701.0,94,3702.0,98,3703.0,70,3704.0,147,3705.0,73,3700.0
ao2409,,13:38:56.0#,3707.0,3729.0,3657.0,3983.0,3462.0,238058,97846.0,3696.0,104,3697.0,161,3698.0,73,3699.0,59,3700.0,39,3701.0,94,3702.0,98,3703.0,70,3704.0,147,3705.0,57,3700.0
ao2409,,13:38:56.500#,3707.0,3729.0,3657.0,3983.0,3462.0,238058,97846.0,3696.0,89,3697.0,161,3698.0,80,3699.0,59,3700.0,42,3701.0,94,3702.0,98,3703.0,70,3704.0,147,3705.0,72,3700.0
ao2409,,13:38:57.0#,3707.0,3729.0,3657.0,3983.0,3462.0,238058,97846.0,3696.0,104,3697.0,161,3698.0,80,3699.0,60,3700.0,64,3701.0,97,3702.0,98,3703.0,69,3704.0,145,3705.0,57,3700.0
ao2409,,13:38:57.500#,3707.0,3729.0,3657.0,3983.0,3462.0,238079,97850.0,3696.0,104,3697.0,161,3698.0,80,3699.0,61,3700.0,54,3701.0,81,3702.0,102,3703.0,69,3704.0,145,3705.0,57,3701.0
ao2409,,13:38:58.0#,3707.0,3729.0,3657.0,3983.0,3462.0,238091,97853.0,3696.0,104,3697.0,161,3698.0,80,3699.0,61,3700.0,54,3701.0,72,3702.0,102,3703.0,69,3704.0,145,3705.0,62,3701.0
ao2409,,13:38:58.500#,3707.0,3729.0,3657.0,3983.0,3462.0,238102,97854.0,3696.0,104,3697.0,161,3698.0,80,3699.0,61,3700.0,51,3701.0,63,3702.0,102,3703.0,70,3704.0,144,3705.0,62,3701.0
ao2409,,13:38:59.0#,3707.0,3729.0,3657.0,3983.0,3462.0,238102,97854.0,3696.0,104,3697.0,161,3698.0,80,3699.0,61,3700.0,51,3701.0,63,3702.0,102,3703.0,70,3704.0,144,3705.0,62,3701.0
ao2409,,13:38:59.500#,3707.0,3729.0,3657.0,3983.0,3462.0,238106,97850.0,3696.0,104,3697.0,161,3698.0,80,3699.0,61,3700.0,49,3701.0,104,3702.0,102,3703.0,70,3704.0,144,3705.0,62,3701.0
ao2409,,13:39:00.0#,3707.0,3729.0,3657.0,3983.0,3462.0,238117,97860.0,3696.0,104,3697.0,161,3698.0,82,3699.0,61,3700.0,46,3701.0,93,3702.0,102,3703.0,70,3704.0,144,3705.0,62,3701.0
ao2409,,13:39:00.500#,3707.0,3729.0,3657.0,3983.0,3462.0,238127,97858.0,3696.0,104,3697.0,161,3698.0,82,3699.0,61,3700.0,47,3701.0,84,3702.0,104,3703.0,70,3704.0,144,3705.0,62,3701.0
ao2409,,13:39:01.0#,3707.0,3729.0,3657.0,3983.0,3462.0,238137,97850.0,3696.0,104,3697.0,161,3698.0,82,3699.0,61,3700.0,46,3701.0,95,3702.0,104,3703.0,70,3704.0,144,3705.0,62,3701.0
ao2409,,13:39:01.500#,3707.0,3729.0,3657.0,3983.0,3462.0,238141,97849.0,3696.0,104,3697.0,161,3698.0,82,3699.0,61,3700.0,50,3701.0,91,3702.0,104,3703.0,70,3704.0,144,3705.0,62,3701.0
ao2409,,13:39:02.0#,3707.0,3729.0,3657.0,3983.0,3462.0,238147,97851.0,3696.0,104,3697.0,161,3698.0,82,3699.0,61,3700.0,45,3701.0,91,3702.0,103,3703.0,70,3704.0,144,3705.0,61,3701.0
ao2409,,13:39:02.500#,3707.0,3729.0,3657.0,3983.0,3462.0,238148,97852.0,3696.0,104,3697.0,161,3698.0,82,3699.0,61,3700.0,52,3701.0,91,3702.0,103,3703.0,70,3704.0,144,3705.0,61,3700.0
ao2409,,13:39:03.0#,3707.0,3729.0,3657.0,3983.0,3462.0,238149,97853.0,3696.0,104,3697.0,161,3698.0,82,3699.0,63,3700.0,52,3701.0,91,3702.0,102,3703.0,70,3704.0,144,3705.0,61,3700.0
ao2409,,13:39:03.500#,3707.0,3729.0,3657.0,3983.0,3462.0,238150,97853.0,3696.0,104,3697.0,162,3698.0,82,3699.0,63,3700.0,55,3701.0,95,3702.0,102,3703.0,70,3704.0,144,3705.0,61,3700.0
ao2409,,13:39:04.0#,3707.0,3729.0,3657.0,3983.0,3462.0,238150,97853.0,3696.0,104,3697.0,162,3698.0,83,3699.0,64,3700.0,58,3701.0,96,3702.0,102,3703.0,70,3704.0,144,3705.0,61,3700.0
ao2409,,13:39:04.500#,3707.0,3729.0,3657.0,3983.0,3462.0,238150,97853.0,3696.0,104,3697.0,162,3698.0,84,3699.0,64,3700.0,68,3701.0,99,3702.0,102,3703.0,70,3704.0,141,3705.0,61,3700.0
ao2409,,13:39:05.0#,3707.0,3729.0,3657.0,3983.0,3462.0,238154,97853.0,3696.0,104,3697.0,162,3698.0,84,3699.0,63,3700.0,66,3701.0,99,3702.0,104,3703.0,70,3704.0,141,3705.0,61,3700.0
ao2409,,13:39:05.500#,3707.0,3729.0,3657.0,3983.0,3462.0,238162,97858.0,3696.0,104,3697.0,164,3698.0,83,3699.0,63,3700.0,67,3701.0,91,3702.0,104,3703.0,71,3704.0,141,3705.0,61,3701.0
ao2409,,13:39:06.0#,3707.0,3729.0,3657.0,3983.0,3462.0,238163,97857.0,3696.0,89,3697.0,164,3698.0,83,3699.0,63,3700.0,71,3701.0,91,3702.0,104,3703.0,71,3704.0,126,3705.0,61,3700.0
ao2409,,13:39:06.500#,3707.0,3729.0,3657.0,3983.0,3462.0,238164,97857.0,3696.0,104,3697.0,164,3698.0,83,3699.0,62,3700.0,74,3701.0,90,3702.0,104,3703.0,71,3704.0,141,3705.0,61,3701.0
ao2409,,13:39:07.0#,3707.0,3729.0,3657.0,3983.0,3462.0,238169,97857.0,3696.0,89,3697.0,165,3698.0,82,3699.0,63,3700.0,75,3701.0,85,3702.0,104,3703.0,70,3704.0,126,3705.0,61,3701.0
ao2409,,13:39:07.500#,3707.0,3729.0,3657.0,3983.0,3462.0,238174,97860.0,3696.0,89,3697.0,165,3698.0,83,3699.0,64,3700.0,74,3701.0,85,3702.0,104,3703.0,71,3704.0,141,3705.0,61,3700.0
ao2409,,13:39:08.0#,3707.0,3729.0,3657.0,3983.0,3462.0,238175,97860.0,3696.0,105,3697.0,165,3698.0,83,3699.0,64,3700.0,76,3701.0,84,3702.0,104,3703.0,71,3704.0,141,3705.0,61,3701.0
ao2409,,13:39:08.500#,3707.0,3729.0,3657.0,3983.0,3462.0,238177,97860.0,3696.0,105,3697.0,150,3698.0,98,3699.0,64,3700.0,75,3701.0,85,3702.0,104,3703.0,56,3704.0,156,3705.0,61,3700.0
ao2409,,13:39:09.0#,3707.0,3729.0,3657.0,3983.0,3462.0,238178,97860.0,3696.0,105,3697.0,167,3698.0,83,3699.0,64,3700.0,84,3701.0,85,3702.0,105,3703.0,71,3704.0,141,3705.0,61,3701.0
ao2409,,13:39:09.500#,3707.0,3729.0,3657.0,3983.0,3462.0,238179,97861.0,3696.0,105,3697.0,152,3698.0,90,3699.0,64,3700.0,103,3701.0,86,3702.0,105,3703.0,56,3704.0,156,3705.0,61,3700.0
ao2409,,13:39:10.0#,3707.0,3729.0,3657.0,3983.0,3462.0,238192,97861.0,3696.0,75,3697.0,182,3698.0,90,3699.0,64,3700.0,94,3701.0,83,3702.0,105,3703.0,56,3704.0,126,3705.0,91,3700.0
ao2409,,13:39:10.500#,3707.0,3729.0,3657.0,3983.0,3462.0,238194,97861.0,3696.0,75,3697.0,182,3698.0,91,3699.0,64,3700.0,93,3701.0,84,3702.0,105,3703.0,54,3704.0,126,3705.0,91,3701.0
ao2409,,13:39:11.0#,3707.0,3729.0,3657.0,3983.0,3462.0,238200,97867.0,3696.0,75,3697.0,182,3698.0,91,3699.0,64,3700.0,95,3701.0,78,3702.0,105,3703.0,54,3704.0,131,3705.0,91,3701.0
ao2409,,13:39:11.500#,3707.0,3729.0,3657.0,3983.0,3462.0,238223,97849.0,3696.0,75,3697.0,182,3698.0,91,3699.0,64,3700.0,79,3701.0,78,3702.0,105,3703.0,54,3704.0,131,3705.0,91,3700.0
ao2409,,13:39:12.0#,3707.0,3729.0,3657.0,3983.0,3462.0,238228,97846.0,3696.0,75,3697.0,182,3698.0,90,3699.0,64,3700.0,74,3701.0,78,3702.0,105,3703.0,54,3704.0,131,3705.0,91,3700.0
ao2409,,13:39:12.500#,3707.0,3729.0,3657.0,3983.0,3462.0,238236,97852.0,3696.0,105,3697.0,153,3698.0,90,3699.0,64,3700.0,71,3701.0,78,3702.0,105,3703.0,54,3704.0,161,3705.0,61,3700.0
ao2409,,13:39:13.0#,3707.0,3729.0,3657.0,3983.0,3462.0,238240,97853.0,3696.0,117,3697.0,154,3698.0,91,3699.0,66,3700.0,72,3701.0,81,3702.0,106,3703.0,55,3704.0,173,3705.0,61,3701.0
ao2409,,13:39:13.500#,3707.0,3729.0,3657.0,3983.0,3462.0,238240,97853.0,3696.0,117,3697.0,169,3698.0,76,3699.0,66,3700.0,72,3701.0,80,3702.0,107,3703.0,70,3704.0,158,3705.0,61,3701.0
ao2409,,13:39:14.0#,3707.0,3729.0,3657.0,3983.0,3462.0,238241,97854.0,3696.0,119,3697.0,154,3698.0,91,3699.0,66,3700.0,72,3701.0,79,3702.0,107,3703.0,55,3704.0,173,3705.0,61,3701.0
ao2409,,13:39:14.500#,3707.0,3729.0,3657.0,3983.0,3462.0,238241,97854.0,3696.0,119,3697.0,155,3698.0,91,3699.0,66,3700.0,92,3701.0,80,3702.0,108,3703.0,55,3704.0,173,3705.0,61,3701.0
ao2409,,13:39:15.0#,3707.0,3729.0,3657.0,3983.0,3462.0,238246,97854.0,3696.0,89,3697.0,185,3698.0,90,3699.0,66,3700.0,96,3701.0,80,3702.0,107,3703.0,55,3704.0,143,3705.0,91,3700.0
ao2409,,13:39:15.500#,3707.0,3729.0,3657.0,3983.0,3462.0,238248,97856.0,3696.0,89,3697.0,185,3698.0,90,3699.0,66,3700.0,98,3701.0,79,3702.0,107,3703.0,55,3704.0,143,3705.0,90,3700.0
ao2409,,13:39:16.0#,3707.0,3729.0,3657.0,3983.0,3462.0,238249,97857.0,3696.0,89,3697.0,185,3698.0,90,3699.0,66,3700.0,97,3701.0,79,3702.0,112,3703.0,55,3704.0,143,3705.0,90,3700.0
ao2409,,13:39:16.500#,3707.0,3729.0,3657.0,3983.0,3462.0,238250,97857.0,3696.0,89,3697.0,185,3698.0,90,3699.0,67,3700.0,96,3701.0,79,3702.0,112,3703.0,55,3704.0,143,3705.0,90,3700.0
ao2409,,13:39:17.0#,3707.0,3729.0,3657.0,3983.0,3462.0,238255,97858.0,3696.0,89,3697.0,185,3698.0,90,3699.0,67,3700.0,96,3701.0,75,3702.0,112,3703.0,55,3704.0,143,3705.0,90,3701.0
ao2409,,13:39:17.500#,3707.0,3729.0,3657.0,3983.0,3462.0,238255,97858.0,3696.0,89,3697.0,185,3698.0,91,3699.0,67,3700.0,98,3701.0,75,3702.0,112,3703.0,55,3704.0,143,3705.0,90,3701.0
ao2409,,13:39:18.0#,3707.0,3729.0,3657.0,3983.0,3462.0,238255,97858.0,3696.0,89,3697.0,185,3698.0,91,3699.0,67,3700.0,99,3701.0,77,3702.0,112,3703.0,55,3704.0,143,3705.0,90,3701.0
ao2409,,13:39:18.500#,3707.0,3729.0,3657.0,3983.0,3462.0,238275,97858.0,3696.0,89,3697.0,185,3698.0,91,3699.0,67,3700.0,98,3701.0,57,3702.0,112,3703.0,55,3704.0,143,3705.0,90,3701.0
ao2409,,13:39:19.0#,3707.0,3729.0,3657.0,3983.0,3462.0,238284,97864.0,3696.0,74,3697.0,200,3698.0,91,3699.0,67,3700.0,129,3701.0,48,3702.0,36,3703.0,55,3704.0,128,3705.0,105,3701.0
ao2409,,13:39:19.500#,3707.0,3729.0,3657.0,3983.0,3462.0,238343,97917.0,3697.0,211,3698.0,107,3699.0,65,3700.0,132,3701.0,50,3702.0,25,3703.0,55,3704.0,102,3705.0,117,3706.0,109,3702.0
ao2409,,13:39:20.0#,3707.0,3729.0,3657.0,3983.0,3462.0,238366,97915.0,3697.0,124,3698.0,151,3699.0,67,3700.0,132,3701.0,42,3702.0,4,3703.0,54,3704.0,43,3705.0,90,3706.0,94,3702.0
ao2409,,13:39:20.500#,3707.0,3729.0,3657.0,3983.0,3462.0,238409,97921.0,3696.0,62,3697.0,125,3698.0,136,3699.0,82,3700.0,133,3701.0,58,3702.0,5,3703.0,54,3704.0,43,3705.0,75,3701.0
ao2409,,13:39:21.0#,3707.0,3729.0,3657.0,3983.0,3462.0,238418,97921.0,3696.0,47,3697.0,140,3698.0,106,3699.0,66,3700.0,139,3701.0,50,3702.0,11,3703.0,54,3704.0,58,3705.0,75,3701.0
ao2409,,13:39:21.500#,3707.0,3729.0,3657.0,3983.0,3462.0,238425,97927.0,3696.0,47,3697.0,140,3698.0,91,3699.0,65,3700.0,142,3701.0,43,3702.0,11,3703.0,54,3704.0,43,3705.0,90,3701.0
ao2409,,13:39:22.0#,3707.0,3729.0,3657.0,3983.0,3462.0,238431,97927.0,3696.0,47,3697.0,185,3698.0,123,3699.0,65,3700.0,142,3701.0,37,3702.0,11,3703.0,55,3704.0,73,3705.0,120,3701.0
ao2409,,13:39:22.500#,3707.0,3729.0,3657.0,3983.0,3462.0,238432,97927.0,3696.0,48,3697.0,185,3698.0,93,3699.0,65,3700.0,143,3701.0,40,3702.0,11,3703.0,55,3704.0,58,3705.0,135,3700.0
ao2409,,13:39:23.0#,3707.0,3729.0,3657.0,3983.0,3462.0,238434,97929.0,3696.0,48,3697.0,200,3698.0,93,3699.0,65,3700.0,143,3701.0,39,3702.0,12,3703.0,55,3704.0,73,3705.0,135,3701.0
ao2409,,13:39:23.500#,3707.0,3729.0,3657.0,3983.0,3462.0,238434,97929.0,3696.0,48,3697.0,200,3698.0,92,3699.0,65,3700.0,144,3701.0,39,3702.0,12,3703.0,55,3704.0,73,3705.0,136,3701.0
ao2409,,13:39:24.0#,3707.0,3729.0,3657.0,3983.0,3462.0,238434,97929.0,3696.0,48,3697.0,212,3698.0,92,3699.0,65,3700.0,145,3701.0,39,3702.0,17,3703.0,55,3704.0,73,3705.0,148,3701.0
ao2409,,13:39:24.500#,3707.0,3729.0,3657.0,3983.0,3462.0,238459,97919.0,3696.0,48,3697.0,212,3698.0,92,3699.0,65,3700.0,122,3701.0,38,3702.0,17,3703.0,55,3704.0,73,3705.0,147,3700.0
ao2409,,13:39:25.0#,3707.0,3729.0,3657.0,3983.0,3462.0,238460,97920.0,3696.0,48,3697.0,182,3698.0,106,3699.0,65,3700.0,122,3701.0,37,3702.0,20,3703.0,56,3704.0,58,3705.0,132,3701.0
ao2409,,13:39:25.500#,3707.0,3729.0,3657.0,3983.0,3462.0,238461,97921.0,3696.0,48,3697.0,182,3698.0,106,3699.0,65,3700.0,123,3701.0,36,3702.0,20,3703.0,56,3704.0,58,3705.0,132,3701.0
ao2409,,13:39:26.0#,3707.0,3729.0,3657.0,3983.0,3462.0,238467,97921.0,3696.0,48,3697.0,197,3698.0,106,3699.0,65,3700.0,122,3701.0,34,3702.0,20,3703.0,56,3704.0,73,3705.0,131,3700.0
ao2409,,13:39:26.500#,3707.0,3729.0,3657.0,3983.0,3462.0,238473,97921.0,3696.0,48,3697.0,212,3698.0,91,3699.0,65,3700.0,116,3701.0,36,3702.0,18,3703.0,56,3704.0,73,3705.0,146,3700.0
ao2409,,13:39:27.0#,3707.0,3729.0,3657.0,3983.0,3462.0,238476,97921.0,3696.0,48,3697.0,227,3698.0,76,3699.0,65,3700.0,119,3701.0,33,3702.0,18,3703.0,56,3704.0,73,3705.0,161,3701.0
ao2409,,13:39:27.500#,3707.0,3729.0,3657.0,3983.0,3462.0,238476,97921.0,3696.0,48,3697.0,212,3698.0,86,3699.0,65,3700.0,119,3701.0,33,3702.0,18,3703.0,56,3704.0,72,3705.0,146,3701.0
ao2409,,13:39:28.0#,3707.0,3729.0,3657.0,3983.0,3462.0,238482,97921.0,3696.0,48,3697.0,212,3698.0,86,3699.0,65,3700.0,118,3701.0,28,3702.0,18,3703.0,56,3704.0,72,3705.0,146,3700.0
ao2409,,13:39:28.500#,3707.0,3729.0,3657.0,3983.0,3462.0,238485,97924.0,3696.0,48,3697.0,212,3698.0,86,3699.0,65,3700.0,118,3701.0,23,3702.0,18,3703.0,56,3704.0,72,3705.0,146,3701.0
ao2409,,13:39:29.0#,3707.0,3729.0,3657.0,3983.0,3462.0,238499,97934.0,3696.0,48,3697.0,197,3698.0,101,3699.0,65,3700.0,117,3701.0,11,3702.0,20,3703.0,56,3704.0,72,3705.0,146,3700.0
ao2409,,13:39:29.500#,3707.0,3729.0,3657.0,3983.0,3462.0,238522,97940.0,3696.0,48,3697.0,212,3698.0,87,3699.0,65,3700.0,116,3702.0,20,3703.0,56,3704.0,72,3705.0,146,3706.0,109,3700.0
ao2409,,13:39:30.0#,3707.0,3729.0,3657.0,3983.0,3462.0,238532,97941.0,3697.0,182,3698.0,115,3699.0,66,3700.0,110,3701.0,1,3702.0,26,3703.0,55,3704.0,43,3705.0,176,3706.0,79,3700.0
ao2409,,13:39:30.500#,3707.0,3729.0,3657.0,3983.0,3462.0,238534,97941.0,3697.0,167,3698.0,130,3699.0,66,3700.0,114,3701.0,1,3702.0,25,3703.0,53,3704.0,43,3705.0,176,3706.0,79,3701.0
ao2409,,13:39:31.0#,3707.0,3729.0,3657.0,3983.0,3462.0,238538,97941.0,3697.0,166,3698.0,130,3699.0,65,3700.0,114,3701.0,6,3702.0,34,3703.0,53,3704.0,43,3705.0,176,3706.0,79,3701.0
ao2409,,13:39:31.500#,3707.0,3729.0,3657.0,3983.0,3462.0,238538,97941.0,3697.0,166,3698.0,130,3699.0,66,3700.0,114,3701.0,7,3702.0,34,3703.0,53,3704.0,43,3705.0,176,3706.0,79,3701.0
ao2409,,13:39:32.0#,3707.0,3729.0,3657.0,3983.0,3462.0,238541,97941.0,3697.0,166,3698.0,130,3699.0,66,3700.0,116,3701.0,6,3702.0,28,3703.0,53,3704.0,43,3705.0,176,3706.0,79,3702.0
ao2409,,13:39:32.500#,3707.0,3729.0,3657.0,3983.0,3462.0,238543,97942.0,3697.0,166,3698.0,130,3699.0,66,3700.0,117,3701.0,5,3702.0,42,3703.0,53,3704.0,43,3705.0,176,3706.0,79,3701.0
ao2409,,13:39:33.0#,3707.0,3729.0,3657.0,3983.0,3462.0,238543,97942.0,3697.0,166,3698.0,130,3699.0,66,3700.0,117,3701.0,7,3702.0,42,3703.0,53,3704.0,43,3705.0,176,3706.0,79,3701.0
ao2409,,13:39:33.500#,3707.0,3729.0,3657.0,3983.0,3462.0,238552,97939.0,3697.0,166,3698.0,130,3699.0,66,3700.0,117,3701.0,5,3702.0,36,3703.0,53,3704.0,43,3705.0,176,3706.0,77,3701.0
ao2409,,13:39:34.0#,3707.0,3729.0,3657.0,3983.0,3462.0,238553,97940.0,3697.0,166,3698.0,130,3699.0,66,3700.0,117,3701.0,8,3702.0,36,3703.0,53,3704.0,43,3705.0,176,3706.0,77,3701.0
ao2409,,13:39:34.500#,3707.0,3729.0,3657.0,3983.0,3462.0,238555,97940.0,3697.0,166,3698.0,130,3699.0,66,3700.0,122,3701.0,8,3702.0,35,3703.0,53,3704.0,43,3705.0,176,3706.0,77,3701.0
ao2409,,13:39:35.0#,3707.0,3729.0,3657.0,3983.0,3462.0,238555,97940.0,3697.0,151,3698.0,145,3699.0,61,3700.0,122,3701.0,11,3702.0,35,3703.0,53,3704.0,43,3705.0,161,3706.0,92,3701.0
ao2409,,13:39:35.500#,3707.0,3729.0,3657.0,3983.0,3462.0,238555,97940.0,3697.0,151,3698.0,145,3699.0,61,3700.0,123,3701.0,12,3702.0,36,3703.0,53,3704.0,43,3705.0,161,3706.0,92,3701.0
ao2409,,13:39:36.0#,3707.0,3729.0,3657.0,3983.0,3462.0,238557,97942.0,3697.0,151,3698.0,145,3699.0,61,3700.0,123,3701.0,50,3702.0,36,3703.0,53,3704.0,43,3705.0,161,3706.0,92,3701.0
ao2409,,13:39:36.500#,3707.0,3729.0,3657.0,3983.0,3462.0,238573,97944.0,3697.0,124,3698.0,171,3699.0,76,3700.0,103,3701.0,35,3702.0,28,3703.0,53,3704.0,43,3705.0,119,3706.0,119,3701.0
ao2409,,13:39:37.0#,3707.0,3729.0,3657.0,3983.0,3462.0,238574,97944.0,3697.0,109,3698.0,181,3699.0,77,3700.0,103,3701.0,34,3702.0,27,3703.0,53,3704.0,43,3705.0,119,3706.0,134,3701.0
ao2409,,13:39:37.500#,3707.0,3729.0,3657.0,3983.0,3462.0,238576,97944.0,3697.0,109,3698.0,181,3699.0,77,3700.0,103,3701.0,37,3702.0,26,3703.0,53,3704.0,43,3705.0,119,3706.0,134,3701.0
ao2409,,13:39:38.0#,3707.0,3729.0,3657.0,3983.0,3462.0,238576,97944.0,3697.0,124,3698.0,171,3699.0,77,3700.0,103,3701.0,38,3702.0,26,3703.0,53,3704.0,43,3705.0,119,3706.0,119,3701.0
ao2409,,13:39:38.500#,3707.0,3729.0,3657.0,3983.0,3462.0,238576,97944.0,3697.0,124,3698.0,171,3699.0,77,3700.0,103,3701.0,39,3702.0,26,3703.0,53,3704.0,43,3705.0,120,3706.0,119,3701.0
ao2409,,13:39:39.0#,3707.0,3729.0,3657.0,3983.0,3462.0,238580,97944.0,3697.0,124,3698.0,171,3699.0,77,3700.0,103,3701.0,36,3702.0,26,3703.0,53,3704.0,43,3705.0,120,3706.0,119,3701.0
ao2409,,13:39:39.500#,3707.0,3729.0,3657.0,3983.0,3462.0,238581,97944.0,3697.0,124,3698.0,171,3699.0,77,3700.0,104,3701.0,36,3702.0,26,3703.0,53,3704.0,43,3705.0,120,3706.0,119,3702.0
ao2409,,13:39:40.0#,3707.0,3729.0,3657.0,3983.0,3462.0,238582,97944.0,3697.0,124,3698.0,171,3699.0,77,3700.0,104,3701.0,37,3702.0,26,3703.0,53,3704.0,43,3705.0,120,3706.0,119,3701.0
ao2409,,13:39:40.500#,3707.0,3729.0,3657.0,3983.0,3462.0,238583,97945.0,3697.0,124,3698.0,171,3699.0,77,3700.0,104,3701.0,37,3702.0,27,3703.0,54,3704.0,43,3705.0,120,3706.0,117,3702.0
ao2409,,13:39:41.0#,3707.0,3729.0,3657.0,3983.0,3462.0,238584,97944.0,3697.0,124,3698.0,171,3699.0,77,3700.0,105,3701.0,38,3702.0,30,3703.0,54,3704.0,43,3705.0,120,3706.0,117,3702.0
ao2409,,13:39:41.500#,3707.0,3729.0,3657.0,3983.0,3462.0,238584,97944.0,3697.0,109,3698.0,172,3699.0,76,3700.0,97,3701.0,39,3702.0,30,3703.0,54,3704.0,43,3705.0,120,3706.0,132,3702.0
ao2409,,13:39:42.0#,3707.0,3729.0,3657.0,3983.0,3462.0,238585,97944.0,3697.0,124,3698.0,172,3699.0,76,3700.0,95,3701.0,39,3702.0,29,3703.0,54,3704.0,43,3705.0,120,3706.0,117,3702.0
ao2409,,13:39:42.500#,3707.0,3729.0,3657.0,3983.0,3462.0,238586,97943.0,3697.0,124,3698.0,172,3699.0,76,3700.0,96,3701.0,39,3702.0,28,3703.0,54,3704.0,43,3705.0,119,3706.0,117,3702.0
ao2409,,13:39:43.0#,3707.0,3729.0,3657.0,3983.0,3462.0,238587,97943.0,3697.0,124,3698.0,172,3699.0,76,3700.0,96,3701.0,39,3702.0,27,3703.0,54,3704.0,43,3705.0,119,3706.0,117,3702.0
ao2409,,13:39:43.500#,3707.0,3729.0,3657.0,3983.0,3462.0,238590,97943.0,3697.0,124,3698.0,172,3699.0,76,3700.0,96,3701.0,41,3702.0,28,3703.0,54,3704.0,43,3705.0,119,3706.0,117,3702.0
ao2409,,13:39:44.0#,3707.0,3729.0,3657.0,3983.0,3462.0,238597,97945.0,3697.0,109,3698.0,172,3699.0,76,3700.0,96,3701.0,48,3702.0,24,3703.0,53,3704.0,43,3705.0,119,3706.0,117,3701.0
ao2409,,13:39:44.500#,3707.0,3729.0,3657.0,3983.0,3462.0,238597,97945.0,3697.0,124,3698.0,172,3699.0,76,3700.0,95,3701.0,48,3702.0,24,3703.0,54,3704.0,43,3705.0,104,3706.0,132,3701.0
ao2409,,13:39:45.0#,3707.0,3729.0,3657.0,3983.0,3462.0,238598,97945.0,3697.0,124,3698.0,172,3699.0,76,3700.0,95,3701.0,49,3702.0,23,3703.0,54,3704.0,43,3705.0,104,3706.0,132,3702.0
ao2409,,13:39:45.500#,3707.0,3729.0,3657.0,3983.0,3462.0,238618,97927.0,3697.0,124,3698.0,172,3699.0,76,3700.0,95,3701.0,29,3702.0,23,3703.0,54,3704.0,43,3705.0,104,3706.0,132,3701.0
ao2409,,13:39:46.0#,3707.0,3729.0,3657.0,3983.0,3462.0,238630,97930.0,3697.0,124,3698.0,174,3699.0,76,3700.0,98,3701.0,19,3702.0,26,3703.0,54,3704.0,43,3705.0,104,3706.0,131,3701.0
ao2409,,13:39:46.500#,3707.0,3729.0,3657.0,3983.0,3462.0,238631,97931.0,3697.0,124,3698.0,162,3699.0,61,3700.0,99,3701.0,18,3702.0,26,3703.0,54,3704.0,43,3705.0,118,3706.0,119,3702.0
ao2409,,13:39:47.0#,3707.0,3729.0,3657.0,3983.0,3462.0,238632,97931.0,3697.0,136,3698.0,163,3699.0,61,3700.0,99,3701.0,19,3702.0,26,3703.0,54,3704.0,43,3705.0,145,3706.0,104,3702.0
ao2409,,13:39:47.500#,3707.0,3729.0,3657.0,3983.0,3462.0,238632,97931.0,3697.0,151,3698.0,148,3699.0,61,3700.0,100,3701.0,19,3702.0,23,3703.0,54,3704.0,43,3705.0,160,3706.0,89,3702.0
ao2409,,13:39:48.0#,3707.0,3729.0,3657.0,3983.0,3462.0,238632,97931.0,3697.0,151,3698.0,150,3699.0,59,3700.0,100,3701.0,20,3702.0,23,3703.0,54,3704.0,43,3705.0,160,3706.0,89,3702.0
ao2409,,13:39:48.500#,3707.0,3729.0,3657.0,3983.0,3462.0,238634,97932.0,3697.0,151,3698.0,150,3699.0,59,3700.0,100,3701.0,28,3702.0,23,3703.0,54,3704.0,43,3705.0,160,3706.0,89,3701.0
ao2409,,13:39:49.0#,3707.0,3729.0,3657.0,3983.0,3462.0,238658,97945.0,3697.0,134,3698.0,180,3699.0,59,3700.0,101,3701.0,18,3702.0,8,3703.0,54,3704.0,43,3705.0,130,3706.0,103,3701.0
ao2409,,13:39:49.500#,3707.0,3729.0,3657.0,3983.0,3462.0,238659,97945.0,3697.0,122,3698.0,192,3699.0,59,3700.0,102,3701.0,32,3702.0,7,3703.0,54,3704.0,43,3705.0,104,3706.0,130,3701.0
ao2409,,13:39:50.0#,3707.0,3729.0,3657.0,3983.0,3462.0,238659,97945.0,3697.0,122,3698.0,191,3699.0,59,3700.0,107,3701.0,34,3702.0,7,3703.0,54,3704.0,43,3705.0,105,3706.0,130,3701.0
ao2409,,13:39:50.500#,3707.0,3729.0,3657.0,3983.0,3462.0,238666,97944.0,3698.0,176,3699.0,74,3700.0,111,3701.0,34,3702.0,1,3703.0,54,3704.0,43,3705.0,105,3706.0,130,3707.0,74,3702.0
ao2409,,13:39:51.0#,3707.0,3729.0,3657.0,3983.0,3462.0,238667,97945.0,3697.0,151,3698.0,146,3699.0,103,3700.0,115,3701.0,37,3703.0,57,3704.0,42,3705.0,77,3706.0,160,3707.0,44,3702.0
ao2409,,13:39:51.500#,3707.0,3729.0,3657.0,3983.0,3462.0,238669,97945.0,3698.0,161,3699.0,74,3700.0,114,3701.0,35,3702.0,2,3703.0,53,3704.0,43,3705.0,76,3706.0,145,3707.0,59,3703.0
ao2409,,13:39:52.0#,3707.0,3729.0,3657.0,3983.0,3462.0,238670,97945.0,3698.0,146,3699.0,88,3700.0,116,3701.0,38,3702.0,2,3703.0,53,3704.0,42,3705.0,62,3706.0,160,3707.0,44,3703.0
ao2409,,13:39:52.500#,3707.0,3729.0,3657.0,3983.0,3462.0,238681,97946.0,3697.0,150,3698.0,131,3699.0,103,3700.0,118,3701.0,30,3703.0,49,3704.0,42,3705.0,62,3706.0,160,3707.0,44,3703.0
ao2409,,13:39:53.0#,3707.0,3729.0,3657.0,3983.0,3462.0,238682,97947.0,3697.0,135,3698.0,161,3699.0,74,3700.0,116,3701.0,30,3703.0,49,3704.0,43,3705.0,76,3706.0,146,3707.0,59,3702.0
ao2409,,13:39:53.500#,3707.0,3729.0,3657.0,3983.0,3462.0,238682,97947.0,3697.0,135,3698.0,176,3699.0,59,3700.0,116,3701.0,27,3703.0,50,3704.0,44,3705.0,76,3706.0,146,3707.0,59,3702.0
ao2409,,13:39:54.0#,3707.0,3729.0,3657.0,3983.0,3462.0,238684,97947.0,3698.0,176,3699.0,59,3700.0,116,3701.0,37,3702.0,1,3703.0,48,3704.0,44,3705.0,76,3706.0,146,3707.0,59,3703.0
ao2409,,13:39:54.500#,3707.0,3729.0,3657.0,3983.0,3462.0,238684,97947.0,3698.0,146,3699.0,88,3700.0,119,3701.0,40,3702.0,1,3703.0,49,3704.0,43,3705.0,62,3706.0,161,3707.0,44,3703.0
ao2409,,13:39:55.0#,3707.0,3729.0,3657.0,3983.0,3462.0,238686,97947.0,3698.0,115,3699.0,103,3700.0,119,3701.0,42,3702.0,1,3703.0,47,3704.0,43,3705.0,62,3706.0,146,3707.0,44,3703.0
ao2409,,13:39:55.500#,3707.0,3729.0,3657.0,3983.0,3462.0,238687,97947.0,3698.0,127,3699.0,118,3700.0,122,3701.0,45,3702.0,1,3703.0,46,3704.0,43,3705.0,62,3706.0,176,3707.0,44,3703.0
ao2409,,13:39:56.0#,3707.0,3729.0,3657.0,3983.0,3462.0,238687,97947.0,3698.0,97,3699.0,148,3700.0,132,3701.0,46,3702.0,2,3703.0,47,3704.0,43,3705.0,62,3706.0,146,3707.0,74,3703.0
ao2409,,13:39:56.500#,3707.0,3729.0,3657.0,3983.0,3462.0,238687,97947.0,3698.0,97,3699.0,148,3700.0,132,3701.0,47,3702.0,2,3703.0,48,3704.0,42,3705.0,62,3706.0,145,3707.0,74,3703.0
ao2409,,13:39:57.0#,3707.0,3729.0,3657.0,3983.0,3462.0,238689,97949.0,3698.0,97,3699.0,148,3700.0,132,3701.0,47,3702.0,1,3703.0,48,3704.0,42,3705.0,62,3706.0,145,3707.0,74,3702.0
ao2409,,13:39:57.500#,3707.0,3729.0,3657.0,3983.0,3462.0,238689,97949.0,3698.0,97,3699.0,147,3700.0,132,3701.0,51,3702.0,1,3703.0,48,3704.0,42,3705.0,62,3706.0,145,3707.0,74,3702.0
ao2409,,13:39:58.0#,3707.0,3729.0,3657.0,3983.0,3462.0,238689,97949.0,3698.0,97,3699.0,147,3700.0,131,3701.0,51,3702.0,1,3703.0,49,3704.0,42,3705.0,62,3706.0,145,3707.0,74,3702.0
ao2409,,13:39:58.500#,3707.0,3729.0,3657.0,3983.0,3462.0,238690,97949.0,3697.0,150,3698.0,97,3699.0,146,3700.0,129,3701.0,52,3702.0,3,3703.0,49,3704.0,42,3705.0,62,3706.0,145,3702.0
ao2409,,13:39:59.0#,3707.0,3729.0,3657.0,3983.0,3462.0,238698,97949.0,3698.0,142,3699.0,102,3700.0,125,3701.0,53,3702.0,8,3703.0,48,3704.0,43,3705.0,141,3706.0,130,3707.0,89,3702.0
ao2409,,13:39:59.500#,3707.0,3729.0,3657.0,3983.0,3462.0,238705,97953.0,3698.0,127,3699.0,101,3700.0,125,3701.0,56,3702.0,1,3703.0,48,3704.0,42,3705.0,112,3706.0,160,3707.0,44,3702.0
ao2409,,13:40:00.0#,3707.0,3729.0,3657.0,3983.0,3462.0,238706,97954.0,3698.0,112,3699.0,116,3700.0,125,3701.0,57,3702.0,2,3703.0,48,3704.0,42,3705.0,112,3706.0,145,3707.0,59,3702.0
ao2409,,13:40:00.500#,3707.0,3729.0,3657.0,3983.0,3462.0,238706,97954.0,3698.0,112,3699.0,131,3700.0,125,3701.0,57,3702.0,4,3703.0,48,3704.0,42,3705.0,127,3706.0,145,3707.0,59,3702.0
ao2409,,13:40:01.0#,3707.0,3729.0,3657.0,3983.0,3462.0,238710,97954.0,3697.0,150,3698.0,127,3699.0,116,3700.0,126,3701.0,59,3702.0,16,3703.0,48,3704.0,42,3705.0,130,3706.0,160,3702.0
ao2409,,13:40:01.500#,3707.0,3729.0,3657.0,3983.0,3462.0,238710,97954.0,3697.0,120,3698.0,172,3699.0,57,3700.0,125,3701.0,54,3702.0,24,3703.0,47,3704.0,43,3705.0,129,3706.0,130,3702.0
ao2409,,13:40:02.0#,3707.0,3729.0,3657.0,3983.0,3462.0,238713,97955.0,3697.0,120,3698.0,172,3699.0,57,3700.0,125,3701.0,54,3702.0,22,3703.0,47,3704.0,43,3705.0,146,3706.0,115,3702.0
ao2409,,13:40:02.500#,3707.0,3729.0,3657.0,3983.0,3462.0,238714,97955.0,3697.0,120,3698.0,172,3699.0,72,3700.0,127,3701.0,53,3702.0,21,3703.0,47,3704.0,43,3705.0,161,3706.0,115,3702.0
ao2409,,13:40:03.0#,3707.0,3729.0,3657.0,3983.0,3462.0,238716,97956.0,3697.0,120,3698.0,172,3699.0,72,3700.0,127,3701.0,53,3702.0,20,3703.0,47,3704.0,43,3705.0,161,3706.0,115,3702.0
ao2409,,13:40:03.500#,3707.0,3729.0,3657.0,3983.0,3462.0,238716,97956.0,3697.0,120,3698.0,173,3699.0,72,3700.0,127,3701.0,54,3702.0,20,3703.0,47,3704.0,43,3705.0,161,3706.0,115,3702.0
ao2409,,13:40:04.0#,3707.0,3729.0,3657.0,3983.0,3462.0,238720,97954.0,3697.0,120,3698.0,173,3699.0,72,3700.0,127,3701.0,54,3702.0,17,3703.0,47,3704.0,43,3705.0,161,3706.0,115,3702.0
ao2409,,13:40:04.500#,3707.0,3729.0,3657.0,3983.0,3462.0,238720,97954.0,3697.0,120,3698.0,173,3699.0,72,3700.0,127,3701.0,54,3702.0,17,3703.0,47,3704.0,43,3705.0,154,3706.0,115,3702.0
ao2409,,13:40:05.0#,3707.0,3729.0,3657.0,3983.0,3462.0,238723,97953.0,3697.0,120,3698.0,173,3699.0,72,3700.0,126,3701.0,53,3702.0,14,3703.0,48,3704.0,43,3705.0,154,3706.0,115,3702.0
ao2409,,13:40:05.500#,3707.0,3729.0,3657.0,3983.0,3462.0,238724,97953.0,3697.0,120,3698.0,173,3699.0,72,3700.0,126,3701.0,53,3702.0,15,3703.0,48,3704.0,43,3705.0,154,3706.0,115,3701.0
ao2409,,13:40:06.0#,3707.0,3729.0,3657.0,3983.0,3462.0,238732,97955.0,3697.0,120,3698.0,173,3699.0,72,3700.0,119,3701.0,44,3702.0,10,3703.0,48,3704.0,43,3705.0,154,3706.0,115,3702.0
ao2409,,13:40:06.500#,3707.0,3729.0,3657.0,3983.0,3462.0,238732,97955.0,3697.0,120,3698.0,173,3699.0,72,3700.0,119,3701.0,45,3702.0,24,3703.0,47,3704.0,43,3705.0,154,3706.0,115,3702.0
ao2409,,13:40:07.0#,3707.0,3729.0,3657.0,3983.0,3462.0,238732,97955.0,3697.0,120,3698.0,173,3699.0,72,3700.0,119,3701.0,41,3702.0,24,3703.0,49,3704.0,43,3705.0,154,3706.0,115,3702.0
ao2409,,13:40:07.500#,3707.0,3729.0,3657.0,3983.0,3462.0,238733,97954.0,3697.0,120,3698.0,173,3699.0,72,3700.0,119,3701.0,41,3702.0,23,3703.0,49,3704.0,43,3705.0,155,3706.0,115,3702.0
ao2409,,13:40:08.0#,3707.0,3729.0,3657.0,3983.0,3462.0,238734,97954.0,3697.0,120,3698.0,173,3699.0,72,3700.0,119,3701.0,41,3702.0,26,3703.0,49,3704.0,43,3705.0,155,3706.0,115,3702.0
ao2409,,13:40:08.500#,3707.0,3729.0,3657.0,3983.0,3462.0,238734,97954.0,3697.0,120,3698.0,173,3699.0,72,3700.0,119,3701.0,41,3702.0,26,3703.0,49,3704.0,43,3705.0,155,3706.0,115,3702.0
ao2409,,13:40:09.0#,3707.0,3729.0,3657.0,3983.0,3462.0,238735,97954.0,3697.0,120,3698.0,173,3699.0,72,3700.0,119,3701.0,41,3702.0,25,3703.0,49,3704.0,43,3705.0,155,3706.0,115,3702.0
ao2409,,13:40:09.500#,3707.0,3729.0,3657.0,3983.0,3462.0,238736,97954.0,3697.0,120,3698.0,173,3699.0,72,3700.0,119,3701.0,41,3702.0,24,3703.0,50,3704.0,43,3705.0,155,3706.0,115,3702.0
ao2409,,13:40:10.0#,3707.0,3729.0,3657.0,3983.0,3462.0,238758,97945.0,3697.0,120,3698.0,173,3699.0,72,3700.0,118,3701.0,24,3702.0,20,3703.0,50,3704.0,43,3705.0,155,3706.0,115,3701.0
ao2409,,13:40:10.500#,3707.0,3729.0,3657.0,3983.0,3462.0,238780,97935.0,3697.0,105,3698.0,161,3699.0,72,3700.0,118,3701.0,2,3702.0,20,3703.0,50,3704.0,43,3705.0,156,3706.0,118,3701.0
ao2409,,13:40:11.0#,3707.0,3729.0,3657.0,3983.0,3462.0,238784,97933.0,3696.0,75,3697.0,147,3698.0,147,3699.0,57,3700.0,118,3701.0,18,3702.0,22,3703.0,50,3704.0,42,3705.0,203,3701.0
ao2409,,13:40:11.500#,3707.0,3729.0,3657.0,3983.0,3462.0,238785,97933.0,3696.0,45,3697.0,192,3698.0,103,3699.0,56,3700.0,123,3701.0,19,3702.0,16,3703.0,51,3704.0,71,3705.0,188,3701.0
ao2409,,13:40:12.0#,3707.0,3729.0,3657.0,3983.0,3462.0,238793,97939.0,3696.0,45,3697.0,192,3698.0,103,3699.0,56,3700.0,117,3701.0,17,3702.0,21,3703.0,51,3704.0,71,3705.0,172,3700.0
ao2409,,13:40:12.500#,3707.0,3729.0,3657.0,3983.0,3462.0,238795,97939.0,3696.0,45,3697.0,207,3698.0,88,3699.0,56,3700.0,118,3701.0,23,3702.0,21,3703.0,51,3704.0,71,3705.0,187,3701.0
ao2409,,13:40:13.0#,3707.0,3729.0,3657.0,3983.0,3462.0,238801,97936.0,3696.0,45,3697.0,207,3698.0,88,3699.0,56,3700.0,118,3701.0,19,3702.0,22,3703.0,51,3704.0,71,3705.0,187,3701.0
ao2409,,13:40:13.500#,3707.0,3729.0,3657.0,3983.0,3462.0,238805,97937.0,3696.0,45,3697.0,207,3698.0,88,3699.0,56,3700.0,118,3701.0,10,3702.0,22,3703.0,51,3704.0,71,3705.0,187,3701.0
ao2409,,13:40:14.0#,3707.0,3729.0,3657.0,3983.0,3462.0,238816,97928.0,3696.0,45,3697.0,192,3698.0,103,3699.0,56,3700.0,108,3701.0,9,3702.0,22,3703.0,51,3704.0,71,3705.0,187,3700.0
ao2409,,13:40:14.500#,3707.0,3729.0,3657.0,3983.0,3462.0,238816,97928.0,3696.0,45,3697.0,207,3698.0,88,3699.0,61,3700.0,114,3701.0,13,3702.0,35,3703.0,52,3704.0,71,3705.0,202,3700.0
ao2409,,13:40:15.0#,3707.0,3729.0,3657.0,3983.0,3462.0,238816,97928.0,3696.0,45,3697.0,192,3698.0,103,3699.0,61,3700.0,116,3701.0,14,3702.0,35,3703.0,52,3704.0,70,3705.0,187,3700.0
ao2409,,13:40:15.500#,3707.0,3729.0,3657.0,3983.0,3462.0,238816,97928.0,3696.0,45,3697.0,192,3698.0,103,3699.0,61,3700.0,117,3701.0,14,3702.0,35,3703.0,62,3704.0,70,3705.0,187,3700.0
ao2409,,13:40:16.0#,3707.0,3729.0,3657.0,3983.0,3462.0,238817,97928.0,3696.0,45,3697.0,207,3698.0,88,3699.0,61,3700.0,116,3701.0,23,3702.0,35,3703.0,62,3704.0,70,3705.0,202,3700.0
ao2409,,13:40:16.500#,3707.0,3729.0,3657.0,3983.0,3462.0,238818,97928.0,3696.0,45,3697.0,222,3698.0,73,3699.0,61,3700.0,114,3701.0,31,3702.0,35,3703.0,62,3704.0,70,3705.0,202,3701.0
ao2409,,13:40:17.0#,3707.0,3729.0,3657.0,3983.0,3462.0,238818,97928.0,3696.0,45,3697.0,222,3698.0,73,3699.0,61,3700.0,113,3701.0,38,3702.0,35,3703.0,62,3704.0,70,3705.0,202,3701.0
ao2409,,13:40:17.500#,3707.0,3729.0,3657.0,3983.0,3462.0,238818,97928.0,3696.0,45,3697.0,222,3698.0,73,3699.0,61,3700.0,113,3701.0,40,3702.0,35,3703.0,62,3704.0,85,3705.0,187,3701.0
ao2409,,13:40:18.0#,3707.0,3729.0,3657.0,3983.0,3462.0,238820,97929.0,3696.0,45,3697.0,222,3698.0,73,3699.0,61,3700.0,113,3701.0,32,3702.0,35,3703.0,62,3704.0,85,3705.0,187,3701.0
ao2409,,13:40:18.500#,3707.0,3729.0,3657.0,3983.0,3462.0,238823,97929.0,3696.0,45,3697.0,222,3698.0,73,3699.0,61,3700.0,112,3701.0,21,3702.0,35,3703.0,62,3704.0,85,3705.0,187,3701.0
ao2409,,13:40:19.0#,3707.0,3729.0,3657.0,3983.0,3462.0,238823,97929.0,3696.0,45,3697.0,222,3698.0,73,3699.0,61,3700.0,112,3701.0,21,3702.0,35,3703.0,62,3704.0,85,3705.0,187,3701.0
ao2409,,13:40:19.500#,3707.0,3729.0,3657.0,3983.0,3462.0,238823,97929.0,3696.0,45,3697.0,222,3698.0,73,3699.0,61,3700.0,112,3701.0,21,3702.0,35,3703.0,62,3704.0,85,3705.0,187,3701.0
ao2409,,13:40:20.0#,3707.0,3729.0,3657.0,3983.0,3462.0,238825,97929.0,3696.0,45,3697.0,222,3698.0,72,3699.0,61,3700.0,111,3701.0,12,3702.0,35,3703.0,62,3704.0,85,3705.0,187,3701.0
ao2409,,13:40:20.500#,3707.0,3729.0,3657.0,3983.0,3462.0,238825,97929.0,3696.0,46,3697.0,207,3698.0,87,3699.0,61,3700.0,113,3701.0,14,3702.0,35,3703.0,62,3704.0,70,3705.0,202,3701.0
ao2409,,13:40:21.0#,3707.0,3729.0,3657.0,3983.0,3462.0,238825,97929.0,3696.0,46,3697.0,207,3698.0,87,3699.0,62,3700.0,103,3701.0,14,3702.0,35,3703.0,62,3704.0,70,3705.0,202,3701.0
ao2409,,13:40:21.500#,3707.0,3729.0,3657.0,3983.0,3462.0,238825,97929.0,3696.0,46,3697.0,222,3698.0,72,3699.0,62,3700.0,101,3701.0,14,3702.0,35,3703.0,62,3704.0,70,3705.0,202,3701.0
ao2409,,13:40:22.0#,3707.0,3729.0,3657.0,3983.0,3462.0,238834,97923.0,3696.0,46,3697.0,222,3698.0,72,3699.0,63,3700.0,101,3701.0,7,3702.0,28,3703.0,61,3704.0,70,3705.0,202,3701.0
ao2409,,13:40:22.500#,3707.0,3729.0,3657.0,3983.0,3462.0,238866,97916.0,3697.0,222,3698.0,72,3699.0,63,3700.0,103,3701.0,7,3702.0,31,3703.0,61,3704.0,70,3705.0,202,3706.0,87,3701.0
ao2409,,13:40:23.0#,3707.0,3729.0,3657.0,3983.0,3462.0,238870,97916.0,3697.0,162,3698.0,115,3699.0,64,3700.0,98,3701.0,28,3702.0,32,3703.0,60,3704.0,42,3705.0,202,3706.0,72,3702.0
ao2409,,13:40:23.500#,3707.0,3729.0,3657.0,3983.0,3462.0,238870,97916.0,3697.0,162,3698.0,116,3699.0,65,3700.0,98,3701.0,20,3702.0,29,3703.0,60,3704.0,42,3705.0,202,3706.0,72,3702.0
ao2409,,13:40:24.0#,3707.0,3729.0,3657.0,3983.0,3462.0,238870,97916.0,3697.0,162,3698.0,131,3699.0,63,3700.0,98,3701.0,22,3702.0,29,3703.0,60,3704.0,42,3705.0,217,3706.0,72,3702.0
ao2409,,13:40:24.500#,3707.0,3729.0,3657.0,3983.0,3462.0,238873,97916.0,3697.0,162,3698.0,131,3699.0,63,3700.0,98,3701.0,21,3702.0,29,3703.0,60,3704.0,42,3705.0,217,3706.0,72,3701.0
ao2409,,13:40:25.0#,3707.0,3729.0,3657.0,3983.0,3462.0,238875,97917.0,3697.0,162,3698.0,131,3699.0,63,3700.0,98,3701.0,10,3702.0,29,3703.0,60,3704.0,42,3705.0,217,3706.0,72,3701.0
ao2409,,13:40:25.500#,3707.0,3729.0,3657.0,3983.0,3462.0,238876,97916.0,3697.0,162,3698.0,131,3699.0,63,3700.0,98,3701.0,11,3702.0,28,3703.0,60,3704.0,42,3705.0,217,3706.0,72,3702.0
ao2409,,13:40:26.0#,3707.0,3729.0,3657.0,3983.0,3462.0,238879,97919.0,3697.0,162,3698.0,131,3699.0,67,3700.0,98,3701.0,9,3702.0,28,3703.0,60,3704.0,42,3705.0,217,3706.0,72,3701.0
ao2409,,13:40:26.500#,3707.0,3729.0,3657.0,3983.0,3462.0,238879,97919.0,3697.0,162,3698.0,133,3699.0,67,3700.0,100,3701.0,9,3702.0,28,3703.0,60,3704.0,42,3705.0,217,3706.0,72,3701.0
ao2409,,13:40:27.0#,3707.0,3729.0,3657.0,3983.0,3462.0,238884,97921.0,3697.0,162,3698.0,133,3699.0,67,3700.0,105,3701.0,10,3702.0,24,3703.0,60,3704.0,42,3705.0,217,3706.0,72,3702.0
ao2409,,13:40:27.500#,3707.0,3729.0,3657.0,3983.0,3462.0,238888,97922.0,3697.0,162,3698.0,133,3699.0,67,3700.0,105,3701.0,9,3702.0,21,3703.0,60,3704.0,42,3705.0,217,3706.0,72,3701.0
ao2409,,13:40:28.0#,3707.0,3729.0,3657.0,3983.0,3462.0,238891,97922.0,3697.0,162,3698.0,133,3699.0,67,3700.0,106,3701.0,17,3702.0,20,3703.0,60,3704.0,42,3705.0,217,3706.0,72,3701.0
ao2409,,13:40:28.500#,3707.0,3729.0,3657.0,3983.0,3462.0,238891,97922.0,3697.0,162,3698.0,133,3699.0,67,3700.0,106,3701.0,17,3702.0,20,3703.0,60,3704.0,42,3705.0,217,3706.0,72,3701.0
ao2409,,13:40:29.0#,3707.0,3729.0,3657.0,3983.0,3462.0,238898,97929.0,3697.0,162,3698.0,133,3699.0,67,3700.0,105,3701.0,17,3702.0,13,3703.0,80,3704.0,42,3705.0,217,3706.0,72,3702.0
ao2409,,13:40:29.500#,3707.0,3729.0,3657.0,3983.0,3462.0,238898,97929.0,3697.0,135,3698.0,174,3699.0,67,3700.0,105,3701.0,23,3702.0,13,3703.0,80,3704.0,42,3705.0,175,3706.0,99,3702.0
ao2409,,13:40:30.0#,3707.0,3729.0,3657.0,3983.0,3462.0,238898,97929.0,3697.0,120,3698.0,189,3699.0,67,3700.0,105,3701.0,24,3702.0,12,3703.0,80,3704.0,42,3705.0,161,3706.0,114,3702.0
ao2409,,13:40:30.500#,3707.0,3729.0,3657.0,3983.0,3462.0,238898,97929.0,3697.0,120,3698.0,189,3699.0,67,3700.0,105,3701.0,24,3702.0,12,3703.0,80,3704.0,42,3705.0,161,3706.0,114,3702.0
ao2409,,13:40:31.0#,3707.0,3729.0,3657.0,3983.0,3462.0,238898,97929.0,3697.0,120,3698.0,189,3699.0,67,3700.0,105,3701.0,26,3702.0,12,3703.0,80,3704.0,42,3705.0,161,3706.0,114,3702.0
ao2409,,13:40:31.500#,3707.0,3729.0,3657.0,3983.0,3462.0,238899,97929.0,3697.0,120,3698.0,189,3699.0,73,3700.0,105,3701.0,27,3702.0,19,3703.0,80,3704.0,42,3705.0,161,3706.0,114,3701.0
ao2409,,13:40:32.0#,3707.0,3729.0,3657.0,3983.0,3462.0,238911,97929.0,3697.0,120,3698.0,174,3699.0,88,3700.0,108,3701.0,27,3702.0,7,3703.0,80,3704.0,42,3705.0,161,3706.0,114,3702.0
ao2409,,13:40:32.500#,3707.0,3729.0,3657.0,3983.0,3462.0,238913,97930.0,3697.0,120,3698.0,174,3699.0,88,3700.0,108,3701.0,28,3702.0,5,3703.0,80,3704.0,42,3705.0,161,3706.0,114,3702.0
ao2409,,13:40:33.0#,3707.0,3729.0,3657.0,3983.0,3462.0,238914,97930.0,3697.0,120,3698.0,174,3699.0,88,3700.0,108,3701.0,29,3702.0,4,3703.0,80,3704.0,42,3705.0,161,3706.0,114,3702.0
ao2409,,13:40:33.500#,3707.0,3729.0,3657.0,3983.0,3462.0,238918,97928.0,3698.0,174,3699.0,88,3700.0,108,3701.0,29,3702.0,6,3703.0,80,3704.0,42,3705.0,161,3706.0,114,3707.0,73,3702.0
ao2409,,13:40:34.0#,3707.0,3729.0,3657.0,3983.0,3462.0,238922,97928.0,3698.0,144,3699.0,117,3700.0,109,3701.0,32,3702.0,13,3703.0,80,3704.0,41,3705.0,117,3706.0,159,3707.0,43,3702.0
ao2409,,13:40:34.500#,3707.0,3729.0,3657.0,3983.0,3462.0,238924,97928.0,3698.0,129,3699.0,132,3700.0,109,3701.0,36,3702.0,12,3703.0,80,3704.0,41,3705.0,117,3706.0,159,3707.0,43,3702.0
ao2409,,13:40:35.0#,3707.0,3729.0,3657.0,3983.0,3462.0,238924,97928.0,3698.0,129,3699.0,132,3700.0,109,3701.0,36,3702.0,12,3703.0,80,3704.0,41,3705.0,117,3706.0,159,3707.0,43,3702.0
ao2409,,13:40:35.500#,3707.0,3729.0,3657.0,3983.0,3462.0,238924,97928.0,3698.0,129,3699.0,132,3700.0,109,3701.0,36,3702.0,12,3703.0,80,3704.0,41,3705.0,117,3706.0,159,3707.0,43,3702.0
ao2409,,13:40:36.0#,3707.0,3729.0,3657.0,3983.0,3462.0,238925,97929.0,3698.0,129,3699.0,132,3700.0,106,3701.0,35,3702.0,4,3703.0,80,3704.0,41,3705.0,117,3706.0,159,3707.0,43,3702.0
ao2409,,13:40:36.500#,3707.0,3729.0,3657.0,3983.0,3462.0,238928,97928.0,3698.0,129,3699.0,114,3700.0,106,3701.0,35,3702.0,1,3703.0,80,3704.0,41,3705.0,117,3706.0,159,3707.0,43,3702.0
ao2409,,13:40:37.0#,3707.0,3729.0,3657.0,3983.0,3462.0,238928,97928.0,3698.0,144,3699.0,99,3700.0,106,3701.0,35,3702.0,1,3703.0,80,3704.0,47,3705.0,117,3706.0,153,3707.0,43,3702.0
ao2409,,13:40:37.500#,3707.0,3729.0,3657.0,3983.0,3462.0,238928,97928.0,3698.0,144,3699.0,99,3700.0,106,3701.0,38,3702.0,1,3703.0,80,3704.0,47,3705.0,132,3706.0,138,3707.0,44,3702.0
ao2409,,13:40:38.0#,3707.0,3729.0,3657.0,3983.0,3462.0,238928,97928.0,3698.0,144,3699.0,99,3700.0,106,3701.0,39,3702.0,1,3703.0,80,3704.0,47,3705.0,132,3706.0,138,3707.0,44,3702.0
ao2409,,13:40:38.500#,3707.0,3729.0,3657.0,3983.0,3462.0,238929,97928.0,3698.0,144,3699.0,99,3700.0,106,3701.0,39,3702.0,2,3703.0,80,3704.0,47,3705.0,132,3706.0,138,3707.0,44,3703.0
ao2409,,13:40:39.0#,3707.0,3729.0,3657.0,3983.0,3462.0,238932,97931.0,3698.0,144,3699.0,99,3700.0,106,3701.0,39,3702.0,2,3703.0,77,3704.0,47,3705.0,132,3706.0,138,3707.0,38,3703.0
ao2409,,13:40:39.500#,3707.0,3729.0,3657.0,3983.0,3462.0,238932,97931.0,3698.0,144,3699.0,99,3700.0,106,3701.0,38,3702.0,6,3703.0,65,3704.0,53,3705.0,132,3706.0,137,3707.0,38,3703.0
ao2409,,13:40:40.0#,3707.0,3729.0,3657.0,3983.0,3462.0,238938,97928.0,3697.0,149,3698.0,129,3699.0,114,3700.0,107,3701.0,38,3703.0,65,3704.0,53,3705.0,117,3706.0,152,3707.0,38,3702.0
ao2409,,13:40:40.500#,3707.0,3729.0,3657.0,3983.0,3462.0,238939,97928.0,3697.0,134,3698.0,174,3699.0,70,3700.0,104,3701.0,37,3703.0,64,3704.0,54,3705.0,131,3706.0,137,3707.0,53,3703.0
ao2409,,13:40:41.0#,3707.0,3729.0,3657.0,3983.0,3462.0,238939,97928.0,3698.0,159,3699.0,70,3700.0,104,3701.0,35,3702.0,1,3703.0,64,3704.0,54,3705.0,161,3706.0,107,3707.0,53,3703.0
ao2409,,13:40:41.500#,3707.0,3729.0,3657.0,3983.0,3462.0,238947,97936.0,3698.0,144,3699.0,99,3700.0,105,3701.0,38,3702.0,1,3703.0,56,3704.0,53,3705.0,117,3706.0,152,3707.0,38,3703.0
ao2409,,13:40:42.0#,3707.0,3729.0,3657.0,3983.0,3462.0,238949,97937.0,3698.0,129,3699.0,114,3700.0,105,3701.0,38,3702.0,10,3703.0,59,3704.0,53,3705.0,117,3706.0,152,3707.0,38,3702.0
ao2409,,13:40:42.500#,3707.0,3729.0,3657.0,3983.0,3462.0,238949,97937.0,3698.0,129,3699.0,114,3700.0,106,3701.0,38,3702.0,10,3703.0,59,3704.0,53,3705.0,117,3706.0,152,3707.0,38,3702.0
ao2409,,13:40:43.0#,3707.0,3729.0,3657.0,3983.0,3462.0,238950,97938.0,3698.0,129,3699.0,114,3700.0,106,3701.0,38,3702.0,10,3703.0,58,3704.0,53,3705.0,117,3706.0,152,3707.0,38,3703.0
ao2409,,13:40:43.500#,3707.0,3729.0,3657.0,3983.0,3462.0,238950,97938.0,3698.0,129,3699.0,114,3700.0,106,3701.0,39,3702.0,5,3703.0,58,3704.0,59,3705.0,117,3706.0,152,3707.0,38,3703.0
ao2409,,13:40:44.0#,3707.0,3729.0,3657.0,3983.0,3462.0,238950,97938.0,3698.0,129,3699.0,114,3700.0,106,3701.0,39,3702.0,1,3703.0,58,3704.0,59,3705.0,117,3706.0,152,3707.0,38,3703.0
ao2409,,13:40:44.500#,3707.0,3729.0,3657.0,3983.0,3462.0,238953,97937.0,3698.0,129,3699.0,114,3700.0,108,3701.0,39,3702.0,1,3703.0,55,3704.0,59,3705.0,117,3706.0,152,3707.0,38,3703.0
ao2409,,13:40:45.0#,3707.0,3729.0,3657.0,3983.0,3462.0,238953,97937.0,3698.0,129,3699.0,114,3700.0,107,3701.0,40,3702.0,1,3703.0,54,3704.0,59,3705.0,117,3706.0,152,3707.0,38,3703.0
ao2409,,13:40:45.500#,3707.0,3729.0,3657.0,3983.0,3462.0,238953,97937.0,3698.0,129,3699.0,114,3700.0,107,3701.0,41,3702.0,1,3703.0,54,3704.0,59,3705.0,117,3706.0,152,3707.0,38,3703.0
ao2409,,13:40:46.0#,3707.0,3729.0,3657.0,3983.0,3462.0,238954,97937.0,3697.0,150,3698.0,129,3699.0,114,3700.0,108,3701.0,41,3702.0,7,3703.0,55,3704.0,59,3705.0,117,3706.0,152,3702.0
ao2409,,13:40:46.500#,3707.0,3729.0,3657.0,3983.0,3462.0,238956,97936.0,3697.0,120,3698.0,174,3699.0,70,3700.0,107,3701.0,36,3702.0,9,3703.0,57,3704.0,60,3705.0,146,3706.0,122,3701.0
ao2409,,13:40:47.0#,3707.0,3729.0,3657.0,3983.0,3462.0,238957,97936.0,3697.0,120,3698.0,174,3699.0,70,3700.0,107,3701.0,36,3702.0,10,3703.0,57,3704.0,52,3705.0,161,3706.0,107,3702.0
ao2409,,13:40:47.500#,3707.0,3729.0,3657.0,3983.0,3462.0,238960,97937.0,3697.0,120,3698.0,174,3699.0,71,3700.0,107,3701.0,36,3702.0,5,3703.0,57,3704.0,52,3705.0,161,3706.0,107,3702.0
ao2409,,13:40:48.0#,3707.0,3729.0,3657.0,3983.0,3462.0,238960,97937.0,3697.0,120,3698.0,174,3699.0,71,3700.0,108,3701.0,37,3702.0,5,3703.0,57,3704.0,53,3705.0,158,3706.0,107,3702.0
ao2409,,13:40:48.500#,3707.0,3729.0,3657.0,3983.0,3462.0,238966,97935.0,3698.0,174,3699.0,71,3700.0,108,3701.0,37,3702.0,3,3703.0,57,3704.0,53,3705.0,158,3706.0,107,3707.0,67,3702.0
ao2409,,13:40:49.0#,3707.0,3729.0,3657.0,3983.0,3462.0,238968,97935.0,3698.0,144,3699.0,100,3700.0,110,3701.0,40,3702.0,3,3703.0,54,3704.0,52,3705.0,129,3706.0,137,3707.0,36,3702.0
ao2409,,13:40:49.500#,3707.0,3729.0,3657.0,3983.0,3462.0,238968,97935.0,3698.0,144,3699.0,100,3700.0,110,3701.0,91,3702.0,4,3703.0,54,3704.0,52,3705.0,114,3706.0,152,3707.0,36,3702.0
ao2409,,13:40:50.0#,3707.0,3729.0,3657.0,3983.0,3462.0,238973,97935.0,3698.0,129,3699.0,115,3700.0,111,3701.0,91,3702.0,6,3703.0,49,3704.0,52,3705.0,114,3706.0,152,3707.0,36,3703.0
ao2409,,13:40:50.500#,3707.0,3729.0,3657.0,3983.0,3462.0,238973,97935.0,3698.0,129,3699.0,115,3700.0,111,3701.0,92,3702.0,6,3703.0,49,3704.0,53,3705.0,114,3706.0,152,3707.0,36,3703.0
ao2409,,13:40:51.0#,3707.0,3729.0,3657.0,3983.0,3462.0,238976,97935.0,3698.0,129,3699.0,115,3700.0,111,3701.0,92,3702.0,7,3703.0,50,3704.0,53,3705.0,114,3706.0,152,3707.0,36,3702.0
ao2409,,13:40:51.500#,3707.0,3729.0,3657.0,3983.0,3462.0,238976,97935.0,3698.0,129,3699.0,120,3700.0,111,3701.0,92,3702.0,8,3703.0,50,3704.0,53,3705.0,114,3706.0,152,3707.0,36,3702.0
ao2409,,13:40:52.0#,3707.0,3729.0,3657.0,3983.0,3462.0,238982,97939.0,3698.0,144,3699.0,105,3700.0,111,3701.0,93,3702.0,3,3703.0,61,3704.0,53,3705.0,114,3706.0,152,3707.0,36,3702.0
ao2409,,13:40:52.500#,3707.0,3729.0,3657.0,3983.0,3462.0,238982,97939.0,3698.0,144,3699.0,105,3700.0,112,3701.0,93,3702.0,3,3703.0,64,3704.0,53,3705.0,114,3706.0,152,3707.0,36,3702.0
ao2409,,13:40:53.0#,3707.0,3729.0,3657.0,3983.0,3462.0,238983,97940.0,3698.0,144,3699.0,105,3700.0,112,3701.0,93,3702.0,3,3703.0,65,3704.0,53,3705.0,114,3706.0,152,3707.0,36,3703.0
ao2409,,13:40:53.500#,3707.0,3729.0,3657.0,3983.0,3462.0,238984,97941.0,3698.0,129,3699.0,120,3700.0,112,3701.0,93,3702.0,3,3703.0,54,3704.0,53,3705.0,114,3706.0,152,3707.0,36,3702.0
ao2409,,13:40:54.0#,3707.0,3729.0,3657.0,3983.0,3462.0,238984,97941.0,3698.0,144,3699.0,105,3700.0,113,3701.0,93,3702.0,3,3703.0,54,3704.0,54,3705.0,114,3706.0,152,3707.0,36,3702.0
ao2409,,13:40:54.500#,3707.0,3729.0,3657.0,3983.0,3462.0,238984,97941.0,3698.0,144,3699.0,105,3700.0,113,3701.0,94,3702.0,4,3703.0,54,3704.0,54,3705.0,114,3706.0,152,3707.0,36,3702.0
ao2409,,13:40:55.0#,3707.0,3729.0,3657.0,3983.0,3462.0,238989,97939.0,3698.0,144,3699.0,105,3700.0,113,3701.0,94,3702.0,4,3703.0,49,3704.0,54,3705.0,114,3706.0,152,3707.0,36,3703.0
ao2409,,13:40:55.500#,3707.0,3729.0,3657.0,3983.0,3462.0,238991,97941.0,3698.0,144,3699.0,105,3700.0,113,3701.0,94,3702.0,16,3703.0,48,3704.0,54,3705.0,114,3706.0,152,3707.0,36,3702.0
ao2409,,13:40:56.0#,3707.0,3729.0,3657.0,3983.0,3462.0,239001,97936.0,3698.0,114,3699.0,135,3700.0,113,3701.0,94,3702.0,15,3703.0,49,3704.0,54,3705.0,114,3706.0,137,3707.0,51,3702.0
ao2409,,13:40:56.500#,3707.0,3729.0,3657.0,3983.0,3462.0,239001,97936.0,3698.0,114,3699.0,135,3700.0,112,3701.0,95,3702.0,15,3703.0,49,3704.0,54,3705.0,114,3706.0,138,3707.0,51,3702.0
ao2409,,13:40:57.0#,3707.0,3729.0,3657.0,3983.0,3462.0,239001,97936.0,3698.0,114,3699.0,135,3700.0,112,3701.0,95,3702.0,25,3703.0,49,3704.0,54,3705.0,114,3706.0,138,3707.0,51,3702.0
ao2409,,13:40:57.500#,3707.0,3729.0,3657.0,3983.0,3462.0,239002,97937.0,3698.0,114,3699.0,135,3700.0,113,3701.0,95,3702.0,28,3703.0,102,3704.0,54,3705.0,114,3706.0,138,3707.0,51,3702.0
ao2409,,13:40:58.0#,3707.0,3729.0,3657.0,3983.0,3462.0,239010,97943.0,3698.0,129,3699.0,120,3700.0,116,3701.0,95,3702.0,66,3703.0,92,3704.0,54,3705.0,114,3706.0,153,3707.0,36,3703.0
ao2409,,13:40:58.500#,3707.0,3729.0,3657.0,3983.0,3462.0,239014,97945.0,3698.0,114,3699.0,150,3700.0,116,3701.0,95,3702.0,68,3703.0,89,3704.0,54,3705.0,114,3706.0,123,3707.0,51,3703.0
ao2409,,13:40:59.0#,3707.0,3729.0,3657.0,3983.0,3462.0,239015,97946.0,3698.0,114,3699.0,150,3700.0,116,3701.0,95,3702.0,70,3703.0,89,3704.0,57,3705.0,114,3706.0,123,3707.0,51,3703.0
ao2409,,13:40:59.500#,3707.0,3729.0,3657.0,3983.0,3462.0,239015,97946.0,3698.0,114,3699.0,150,3700.0,116,3701.0,94,3702.0,70,3703.0,89,3704.0,57,3705.0,114,3706.0,123,3707.0,51,3703.0
ao2409,,13:41:00.0#,3707.0,3729.0,3657.0,3983.0,3462.0,239016,97946.0,3698.0,114,3699.0,150,3700.0,116,3701.0,94,3702.0,70,3703.0,88,3704.0,57,3705.0,114,3706.0,123,3707.0,51,3703.0
ao2409,,13:41:00.500#,3707.0,3729.0,3657.0,3983.0,3462.0,239016,97946.0,3698.0,114,3699.0,150,3700.0,116,3701.0,94,3702.0,70,3703.0,108,3704.0,57,3705.0,114,3706.0,123,3707.0,51,3703.0
ao2409,,13:41:01.0#,3707.0,3729.0,3657.0,3983.0,3462.0,239018,97946.0,3698.0,129,3699.0,135,3700.0,116,3701.0,94,3702.0,66,3703.0,107,3704.0,57,3705.0,114,3706.0,138,3707.0,36,3703.0
ao2409,,13:41:01.500#,3707.0,3729.0,3657.0,3983.0,3462.0,239018,97946.0,3698.0,129,3699.0,135,3700.0,116,3701.0,94,3702.0,66,3703.0,109,3704.0,57,3705.0,114,3706.0,138,3707.0,36,3703.0
ao2409,,13:41:02.0#,3707.0,3729.0,3657.0,3983.0,3462.0,239019,97947.0,3698.0,129,3699.0,135,3700.0,116,3701.0,94,3702.0,65,3703.0,107,3704.0,57,3705.0,114,3706.0,138,3707.0,36,3702.0
ao2409,,13:41:02.500#,3707.0,3729.0,3657.0,3983.0,3462.0,239020,97948.0,3698.0,129,3699.0,135,3700.0,116,3701.0,96,3702.0,65,3703.0,106,3704.0,57,3705.0,114,3706.0,138,3707.0,36,3703.0
ao2409,,13:41:03.0#,3707.0,3729.0,3657.0,3983.0,3462.0,239020,97948.0,3698.0,114,3699.0,150,3700.0,114,3701.0,96,3702.0,65,3703.0,95,3704.0,57,3705.0,114,3706.0,123,3707.0,51,3703.0
ao2409,,13:41:03.500#,3707.0,3729.0,3657.0,3983.0,3462.0,239020,97948.0,3698.0,112,3699.0,150,3700.0,114,3701.0,96,3702.0,69,3703.0,97,3704.0,57,3705.0,114,3706.0,123,3707.0,51,3703.0
ao2409,,13:41:04.0#,3707.0,3729.0,3657.0,3983.0,3462.0,239020,97948.0,3698.0,112,3699.0,150,3700.0,114,3701.0,37,3702.0,70,3703.0,97,3704.0,58,3705.0,114,3706.0,122,3707.0,51,3703.0
ao2409,,13:41:04.500#,3707.0,3729.0,3657.0,3983.0,3462.0,239029,97948.0,3698.0,127,3699.0,135,3700.0,114,3701.0,37,3702.0,62,3703.0,101,3704.0,58,3705.0,114,3706.0,137,3707.0,36,3702.0
ao2409,,13:41:05.0#,3707.0,3729.0,3657.0,3983.0,3462.0,239089,97897.0,3697.0,137,3698.0,127,3699.0,134,3700.0,114,3701.0,36,3702.0,30,3703.0,102,3704.0,58,3705.0,114,3706.0,137,3702.0
ao2409,,13:41:05.500#,3707.0,3729.0,3657.0,3983.0,3462.0,239091,97897.0,3697.0,137,3698.0,127,3699.0,60,3700.0,113,3701.0,25,3702.0,44,3703.0,99,3704.0,59,3705.0,143,3706.0,77,3701.0
ao2409,,13:41:06.0#,3707.0,3729.0,3657.0,3983.0,3462.0,239106,97892.0,3697.0,164,3698.0,86,3699.0,58,3700.0,114,3701.0,11,3702.0,48,3703.0,99,3704.0,56,3705.0,184,3706.0,50,3702.0
ao2409,,13:41:06.500#,3707.0,3729.0,3657.0,3983.0,3462.0,239119,97896.0,3696.0,63,3697.0,164,3698.0,101,3699.0,58,3700.0,111,3701.0,11,3702.0,48,3703.0,99,3704.0,56,3705.0,199,3700.0
ao2409,,13:41:07.0#,3707.0,3729.0,3657.0,3983.0,3462.0,239120,97896.0,3696.0,48,3697.0,224,3698.0,57,3699.0,57,3700.0,109,3701.0,26,3702.0,36,3703.0,92,3704.0,85,3705.0,184,3701.0
ao2409,,13:41:07.500#,3707.0,3729.0,3657.0,3983.0,3462.0,239121,97897.0,3696.0,48,3697.0,224,3698.0,72,3699.0,57,3700.0,109,3701.0,25,3702.0,36,3703.0,92,3704.0,100,3705.0,184,3701.0
ao2409,,13:41:08.0#,3707.0,3729.0,3657.0,3983.0,3462.0,239121,97897.0,3696.0,48,3697.0,224,3698.0,72,3699.0,57,3700.0,109,3701.0,25,3702.0,37,3703.0,92,3704.0,115,3705.0,169,3701.0
ao2409,,13:41:08.500#,3707.0,3729.0,3657.0,3983.0,3462.0,239121,97897.0,3696.0,48,3697.0,224,3698.0,72,3699.0,57,3700.0,109,3701.0,25,3702.0,37,3703.0,92,3704.0,115,3705.0,169,3701.0
ao2409,,13:41:09.0#,3707.0,3729.0,3657.0,3983.0,3462.0,239121,97897.0,3696.0,47,3697.0,224,3698.0,71,3699.0,57,3700.0,109,3701.0,25,3702.0,39,3703.0,92,3704.0,115,3705.0,169,3701.0
ao2409,,13:41:09.500#,3707.0,3729.0,3657.0,3983.0,3462.0,239125,97898.0,3696.0,47,3697.0,224,3698.0,71,3699.0,57,3700.0,107,3701.0,11,3702.0,39,3703.0,92,3704.0,115,3705.0,169,3701.0
ao2409,,13:41:10.0#,3707.0,3729.0,3657.0,3983.0,3462.0,239128,97898.0,3696.0,47,3697.0,224,3698.0,71,3699.0,57,3700.0,109,3701.0,7,3702.0,17,3703.0,93,3704.0,115,3705.0,169,3701.0
ao2409,,13:41:11.0#,3707.0,3729.0,3657.0,3983.0,3462.0,239136,97901.0,3696.0,46,3697.0,224,3698.0,70,3699.0,57,3700.0,105,3702.0,8,3703.0,93,3704.0,100,3705.0,184,3706.0,65,3701.0
ao2409,,13:41:11.500#,3707.0,3729.0,3657.0,3983.0,3462.0,239141,97902.0,3696.0,46,3697.0,222,3698.0,84,3699.0,58,3700.0,103,3702.0,62,3703.0,42,3704.0,81,3705.0,214,3706.0,35,3700.0
ao2409,,13:41:12.0#,3707.0,3729.0,3657.0,3983.0,3462.0,239143,97902.0,3696.0,61,3697.0,192,3698.0,104,3699.0,53,3700.0,101,3701.0,2,3702.0,62,3703.0,42,3704.0,66,3705.0,229,3701.0
ao2409,,13:41:12.500#,3707.0,3729.0,3657.0,3983.0,3462.0,239145,97902.0,3697.0,207,3698.0,90,3699.0,52,3700.0,103,3701.0,1,3702.0,27,3703.0,43,3704.0,96,3705.0,199,3706.0,65,3701.0
ao2409,,13:41:13.0#,3707.0,3729.0,3657.0,3983.0,3462.0,239146,97902.0,3697.0,192,3698.0,89,3699.0,53,3700.0,105,3701.0,7,3702.0,56,3703.0,42,3704.0,67,3705.0,214,3706.0,50,3701.0
ao2409,,13:41:13.500#,3707.0,3729.0,3657.0,3983.0,3462.0,239147,97902.0,3696.0,76,3697.0,162,3698.0,119,3699.0,53,3700.0,105,3701.0,16,3702.0,57,3703.0,44,3704.0,67,3705.0,199,3700.0
ao2409,,13:41:14.0#,3707.0,3729.0,3657.0,3983.0,3462.0,239147,97902.0,3696.0,46,3697.0,222,3698.0,60,3699.0,52,3700.0,100,3701.0,56,3702.0,29,3703.0,45,3704.0,90,3705.0,184,3700.0
ao2409,,13:41:14.500#,3707.0,3729.0,3657.0,3983.0,3462.0,239153,97896.0,3696.0,61,3697.0,192,3698.0,59,3699.0,52,3700.0,94,3701.0,60,3702.0,29,3703.0,44,3704.0,105,3705.0,153,3700.0
ao2409,,13:41:15.0#,3707.0,3729.0,3657.0,3983.0,3462.0,239162,97888.0,3696.0,61,3697.0,207,3698.0,60,3699.0,52,3700.0,88,3701.0,44,3702.0,29,3703.0,45,3704.0,105,3705.0,168,3700.0
ao2409,,13:41:15.500#,3707.0,3729.0,3657.0,3983.0,3462.0,239184,97889.0,3696.0,61,3697.0,207,3698.0,60,3699.0,52,3700.0,67,3701.0,52,3702.0,32,3703.0,46,3704.0,104,3705.0,168,3701.0
ao2409,,13:41:16.0#,3707.0,3729.0,3657.0,3983.0,3462.0,239261,97901.0,3695.0,114,3696.0,62,3697.0,210,3698.0,60,3699.0,35,3701.0,63,3702.0,32,3703.0,49,3704.0,118,3705.0,156,3700.0
ao2409,,13:41:16.500#,3707.0,3729.0,3657.0,3983.0,3462.0,239268,97900.0,3695.0,99,3696.0,105,3697.0,132,3698.0,59,3699.0,27,3700.0,38,3701.0,63,3702.0,35,3703.0,46,3704.0,130,3699.0
ao2409,,13:41:17.0#,3707.0,3729.0,3657.0,3983.0,3462.0,239278,97898.0,3695.0,141,3696.0,78,3697.0,117,3698.0,59,3699.0,18,3700.0,66,3701.0,31,3702.0,35,3703.0,103,3704.0,87,3699.0
ao2409,,13:41:17.500#,3707.0,3729.0,3657.0,3983.0,3462.0,239278,97898.0,3695.0,126,3696.0,93,3697.0,117,3698.0,59,3699.0,18,3700.0,68,3701.0,31,3702.0,35,3703.0,117,3704.0,102,3699.0
ao2409,,13:41:18.0#,3707.0,3729.0,3657.0,3983.0,3462.0,239292,97904.0,3695.0,141,3696.0,93,3697.0,117,3698.0,59,3699.0,4,3700.0,68,3701.0,32,3702.0,35,3703.0,132,3704.0,102,3699.0
ao2409,,13:41:18.500#,3707.0,3729.0,3657.0,3983.0,3462.0,239296,97902.0,3694.0,56,3695.0,156,3696.0,93,3697.0,117,3698.0,59,3699.0,2,3700.0,68,3701.0,32,3702.0,35,3703.0,162,3699.0
ao2409,,13:41:19.0#,3707.0,3729.0,3657.0,3983.0,3462.0,239296,97902.0,3694.0,56,3695.0,186,3696.0,64,3697.0,116,3698.0,61,3699.0,14,3700.0,40,3701.0,33,3702.0,64,3703.0,131,3699.0
ao2409,,13:41:19.500#,3707.0,3729.0,3657.0,3983.0,3462.0,239300,97904.0,3694.0,56,3695.0,186,3696.0,64,3697.0,116,3698.0,59,3699.0,44,3700.0,40,3701.0,33,3702.0,64,3703.0,132,3699.0
ao2409,,13:41:20.0#,3707.0,3729.0,3657.0,3983.0,3462.0,239301,97904.0,3694.0,77,3695.0,190,3696.0,49,3697.0,116,3698.0,58,3699.0,45,3700.0,40,3701.0,33,3702.0,80,3703.0,135,3699.0
ao2409,,13:41:20.500#,3707.0,3729.0,3657.0,3983.0,3462.0,239302,97903.0,3694.0,77,3695.0,190,3696.0,49,3697.0,116,3698.0,57,3699.0,45,3700.0,40,3701.0,32,3702.0,80,3703.0,135,3698.0
ao2409,,13:41:21.0#,3707.0,3729.0,3657.0,3983.0,3462.0,239315,97901.0,3694.0,77,3695.0,190,3696.0,49,3697.0,116,3698.0,51,3699.0,38,3700.0,41,3701.0,32,3702.0,80,3703.0,135,3698.0
ao2409,,13:41:21.500#,3707.0,3729.0,3657.0,3983.0,3462.0,239322,97906.0,3694.0,77,3695.0,190,3696.0,49,3697.0,117,3698.0,45,3699.0,38,3700.0,41,3701.0,32,3702.0,78,3703.0,135,3698.0
ao2409,,13:41:22.0#,3707.0,3729.0,3657.0,3983.0,3462.0,239332,97908.0,3694.0,77,3695.0,190,3696.0,49,3697.0,117,3698.0,37,3699.0,38,3700.0,41,3701.0,32,3702.0,78,3703.0,131,3698.0
ao2409,,13:41:22.500#,3707.0,3729.0,3657.0,3983.0,3462.0,239333,97908.0,3694.0,77,3695.0,176,3696.0,49,3697.0,117,3698.0,40,3699.0,38,3700.0,41,3701.0,32,3702.0,95,3703.0,131,3698.0
ao2409,,13:41:23.0#,3707.0,3729.0,3657.0,3983.0,3462.0,239344,97907.0,3694.0,77,3695.0,191,3696.0,49,3697.0,117,3698.0,39,3699.0,26,3700.0,41,3701.0,32,3702.0,95,3703.0,116,3699.0
ao2409,,13:41:23.500#,3707.0,3729.0,3657.0,3983.0,3462.0,239352,97900.0,3694.0,62,3695.0,191,3696.0,49,3697.0,117,3698.0,41,3699.0,18,3700.0,41,3701.0,32,3702.0,80,3703.0,145,3699.0
ao2409,,13:41:24.0#,3707.0,3729.0,3657.0,3983.0,3462.0,239360,97898.0,3694.0,65,3695.0,202,3696.0,49,3697.0,119,3698.0,40,3699.0,13,3700.0,41,3701.0,32,3702.0,69,3703.0,142,3698.0
ao2409,,13:41:24.500#,3707.0,3729.0,3657.0,3983.0,3462.0,239368,97896.0,3694.0,65,3695.0,202,3696.0,49,3697.0,119,3698.0,38,3699.0,9,3700.0,40,3701.0,32,3702.0,69,3703.0,141,3698.0
ao2409,,13:41:25.0#,3707.0,3729.0,3657.0,3983.0,3462.0,239382,97896.0,3694.0,65,3695.0,202,3696.0,49,3697.0,118,3698.0,25,3699.0,19,3700.0,40,3701.0,33,3702.0,69,3703.0,141,3698.0
ao2409,,13:41:25.500#,3707.0,3729.0,3657.0,3983.0,3462.0,239382,97896.0,3694.0,65,3695.0,203,3696.0,34,3697.0,118,3698.0,39,3699.0,11,3700.0,40,3701.0,33,3702.0,84,3703.0,141,3698.0
ao2409,,13:41:26.0#,3707.0,3729.0,3657.0,3983.0,3462.0,239382,97896.0,3694.0,80,3695.0,202,3696.0,34,3697.0,118,3698.0,40,3699.0,11,3700.0,40,3701.0,33,3702.0,84,3703.0,126,3698.0
ao2409,,13:41:26.500#,3707.0,3729.0,3657.0,3983.0,3462.0,239386,97895.0,3694.0,80,3695.0,202,3696.0,34,3697.0,118,3698.0,37,3699.0,13,3700.0,40,3701.0,33,3702.0,84,3703.0,126,3698.0
ao2409,,13:41:27.0#,3707.0,3729.0,3657.0,3983.0,3462.0,239391,97895.0,3694.0,80,3695.0,202,3696.0,34,3697.0,118,3698.0,38,3699.0,13,3700.0,41,3701.0,33,3702.0,85,3703.0,126,3698.0
ao2409,,13:41:27.500#,3707.0,3729.0,3657.0,3983.0,3462.0,239397,97894.0,3694.0,80,3695.0,202,3696.0,34,3697.0,119,3698.0,32,3699.0,13,3700.0,42,3701.0,33,3702.0,85,3703.0,129,3698.0
ao2409,,13:41:28.0#,3707.0,3729.0,3657.0,3983.0,3462.0,239403,97894.0,3694.0,80,3695.0,202,3696.0,34,3697.0,119,3698.0,29,3699.0,12,3700.0,51,3701.0,30,3702.0,85,3703.0,129,3699.0
ao2409,,13:41:28.500#,3707.0,3729.0,3657.0,3983.0,3462.0,239403,97894.0,3694.0,80,3695.0,202,3696.0,34,3697.0,119,3698.0,40,3699.0,12,3700.0,62,3701.0,30,3702.0,85,3703.0,129,3699.0
ao2409,,13:41:29.0#,3707.0,3729.0,3657.0,3983.0,3462.0,239403,97894.0,3694.0,80,3695.0,202,3696.0,34,3697.0,121,3698.0,52,3699.0,13,3700.0,62,3701.0,30,3702.0,85,3703.0,129,3699.0
ao2409,,13:41:29.500#,3707.0,3729.0,3657.0,3983.0,3462.0,239407,97893.0,3694.0,80,3695.0,187,3696.0,49,3697.0,121,3698.0,53,3699.0,10,3700.0,62,3701.0,30,3702.0,85,3703.0,128,3699.0
ao2409,,13:41:30.0#,3707.0,3729.0,3657.0,3983.0,3462.0,239409,97893.0,3694.0,80,3695.0,187,3696.0,49,3697.0,121,3698.0,53,3699.0,10,3700.0,53,3701.0,30,3702.0,85,3703.0,128,3699.0
ao2409,,13:41:30.500#,3707.0,3729.0,3657.0,3983.0,3462.0,239416,97889.0,3694.0,80,3695.0,187,3696.0,49,3697.0,121,3698.0,52,3699.0,4,3700.0,56,3701.0,30,3702.0,85,3703.0,128,3698.0
ao2409,,13:41:31.0#,3707.0,3729.0,3657.0,3983.0,3462.0,239420,97889.0,3694.0,80,3695.0,187,3696.0,49,3697.0,121,3698.0,55,3699.0,2,3700.0,56,3701.0,30,3702.0,85,3703.0,128,3699.0
ao2409,,13:41:31.500#,3707.0,3729.0,3657.0,3983.0,3462.0,239426,97888.0,3695.0,172,3696.0,64,3697.0,121,3698.0,66,3699.0,1,3700.0,58,3701.0,30,3702.0,85,3703.0,113,3704.0,118,3699.0
ao2409,,13:41:32.0#,3707.0,3729.0,3657.0,3983.0,3462.0,239426,97888.0,3695.0,127,3696.0,110,3697.0,122,3698.0,64,3699.0,10,3700.0,61,3701.0,29,3702.0,56,3703.0,128,3704.0,103,3699.0
ao2409,,13:41:32.500#,3707.0,3729.0,3657.0,3983.0,3462.0,239426,97888.0,3695.0,127,3696.0,110,3697.0,121,3698.0,64,3699.0,17,3700.0,57,3701.0,29,3702.0,42,3703.0,128,3704.0,103,3699.0
ao2409,,13:41:33.0#,3707.0,3729.0,3657.0,3983.0,3462.0,239426,97888.0,3695.0,129,3696.0,125,3697.0,122,3698.0,64,3699.0,21,3700.0,52,3701.0,29,3702.0,43,3703.0,143,3704.0,103,3699.0
ao2409,,13:41:33.500#,3707.0,3729.0,3657.0,3983.0,3462.0,239426,97888.0,3695.0,129,3696.0,125,3697.0,122,3698.0,68,3699.0,22,3700.0,53,3701.0,29,3702.0,43,3703.0,143,3704.0,103,3699.0
ao2409,,13:41:34.0#,3707.0,3729.0,3657.0,3983.0,3462.0,239427,97889.0,3695.0,129,3696.0,125,3697.0,122,3698.0,68,3699.0,22,3700.0,52,3701.0,29,3702.0,43,3703.0,143,3704.0,103,3700.0
ao2409,,13:41:34.500#,3707.0,3729.0,3657.0,3983.0,3462.0,239445,97881.0,3695.0,129,3696.0,125,3697.0,122,3698.0,68,3699.0,23,3700.0,34,3701.0,29,3702.0,43,3703.0,143,3704.0,103,3700.0
ao2409,,13:41:35.0#,3707.0,3729.0,3657.0,3983.0,3462.0,239460,97879.0,3695.0,114,3696.0,141,3697.0,122,3698.0,68,3699.0,43,3700.0,28,3701.0,29,3702.0,43,3703.0,128,3704.0,118,3699.0
ao2409,,13:41:35.500#,3707.0,3729.0,3657.0,3983.0,3462.0,239470,97881.0,3695.0,102,3696.0,140,3697.0,137,3698.0,67,3699.0,48,3700.0,19,3701.0,31,3702.0,43,3703.0,86,3704.0,143,3700.0
ao2409,,13:41:36.0#,3707.0,3729.0,3657.0,3983.0,3462.0,239483,97877.0,3695.0,102,3696.0,152,3697.0,137,3698.0,66,3699.0,50,3700.0,6,3701.0,31,3702.0,43,3703.0,72,3704.0,170,3700.0
ao2409,,13:41:36.500#,3707.0,3729.0,3657.0,3983.0,3462.0,239489,97876.0,3696.0,152,3697.0,137,3698.0,66,3699.0,50,3700.0,9,3701.0,31,3702.0,43,3703.0,72,3704.0,170,3705.0,89,3700.0
ao2409,,13:41:37.0#,3707.0,3729.0,3657.0,3983.0,3462.0,239489,97876.0,3696.0,122,3697.0,164,3698.0,67,3699.0,49,3700.0,9,3701.0,29,3702.0,42,3703.0,43,3704.0,200,3705.0,74,3700.0
ao2409,,13:41:37.500#,3707.0,3729.0,3657.0,3983.0,3462.0,239490,97876.0,3696.0,107,3697.0,179,3698.0,68,3699.0,49,3700.0,9,3701.0,29,3702.0,42,3703.0,43,3704.0,200,3705.0,74,3700.0
ao2409,,13:41:38.0#,3707.0,3729.0,3657.0,3983.0,3462.0,239496,97875.0,3695.0,117,3696.0,107,3697.0,179,3698.0,68,3699.0,49,3700.0,3,3701.0,30,3702.0,42,3703.0,43,3704.0,200,3700.0
ao2409,,13:41:38.500#,3707.0,3729.0,3657.0,3983.0,3462.0,239497,97875.0,3695.0,102,3696.0,152,3697.0,135,3698.0,67,3699.0,45,3700.0,3,3701.0,33,3702.0,43,3703.0,72,3704.0,170,3700.0
ao2409,,13:41:39.0#,3707.0,3729.0,3657.0,3983.0,3462.0,239497,97875.0,3695.0,102,3696.0,153,3697.0,135,3698.0,67,3699.0,43,3700.0,14,3701.0,33,3702.0,43,3703.0,72,3704.0,170,3700.0
ao2409,,13:41:39.500#,3707.0,3729.0,3657.0,3983.0,3462.0,239500,97874.0,3695.0,102,3696.0,153,3697.0,135,3698.0,67,3699.0,42,3700.0,12,3701.0,33,3702.0,43,3703.0,72,3704.0,170,3700.0
ao2409,,13:41:40.0#,3707.0,3729.0,3657.0,3983.0,3462.0,239506,97869.0,3695.0,102,3696.0,153,3697.0,135,3698.0,67,3699.0,40,3700.0,11,3701.0,32,3702.0,43,3703.0,72,3704.0,170,3699.0
ao2409,,13:41:40.500#,3707.0,3729.0,3657.0,3983.0,3462.0,239506,97869.0,3695.0,102,3696.0,148,3697.0,135,3698.0,67,3699.0,40,3700.0,12,3701.0,32,3702.0,43,3703.0,72,3704.0,171,3699.0
ao2409,,13:41:41.0#,3707.0,3729.0,3657.0,3983.0,3462.0,239506,97869.0,3695.0,102,3696.0,148,3697.0,135,3698.0,67,3699.0,40,3700.0,20,3701.0,32,3702.0,43,3703.0,73,3704.0,170,3699.0
ao2409,,13:41:41.500#,3707.0,3729.0,3657.0,3983.0,3462.0,239506,97869.0,3695.0,102,3696.0,148,3697.0,135,3698.0,68,3699.0,37,3700.0,21,3701.0,32,3702.0,44,3703.0,73,3704.0,170,3699.0
ao2409,,13:41:42.0#,3707.0,3729.0,3657.0,3983.0,3462.0,239537,97890.0,3694.0,66,3695.0,102,3696.0,146,3697.0,136,3698.0,68,3700.0,22,3701.0,22,3702.0,44,3703.0,73,3704.0,170,3699.0
ao2409,,13:41:42.500#,3707.0,3729.0,3657.0,3983.0,3462.0,239539,97890.0,3694.0,81,3695.0,132,3696.0,89,3697.0,121,3698.0,68,3699.0,3,3700.0,53,3701.0,23,3702.0,44,3703.0,72,3699.0
ao2409,,13:41:43.0#,3707.0,3729.0,3657.0,3983.0,3462.0,239540,97890.0,3695.0,159,3696.0,61,3697.0,120,3698.0,67,3699.0,2,3700.0,54,3701.0,21,3702.0,58,3703.0,84,3704.0,154,3699.0
ao2409,,13:41:43.500#,3707.0,3729.0,3657.0,3983.0,3462.0,239542,97889.0,3695.0,144,3696.0,90,3697.0,124,3698.0,71,3699.0,9,3700.0,51,3701.0,20,3702.0,44,3703.0,114,3704.0,124,3700.0
ao2409,,13:41:44.0#,3707.0,3729.0,3657.0,3983.0,3462.0,239542,97889.0,3695.0,144,3696.0,90,3697.0,124,3698.0,71,3699.0,22,3700.0,52,3701.0,22,3702.0,43,3703.0,114,3704.0,124,3700.0
ao2409,,13:41:44.500#,3707.0,3729.0,3657.0,3983.0,3462.0,239547,97889.0,3695.0,129,3696.0,120,3697.0,124,3698.0,72,3699.0,11,3700.0,26,3701.0,22,3702.0,44,3703.0,129,3704.0,124,3699.0
ao2409,,13:41:45.0#,3707.0,3729.0,3657.0,3983.0,3462.0,239547,97889.0,3695.0,129,3696.0,120,3697.0,124,3698.0,72,3699.0,13,3700.0,25,3701.0,22,3702.0,44,3703.0,129,3704.0,124,3699.0
ao2409,,13:41:45.500#,3707.0,3729.0,3657.0,3983.0,3462.0,239548,97888.0,3695.0,129,3696.0,120,3697.0,124,3698.0,72,3699.0,30,3700.0,24,3701.0,22,3702.0,44,3703.0,129,3704.0,124,3700.0
ao2409,,13:41:46.0#,3707.0,3729.0,3657.0,3983.0,3462.0,239555,97888.0,3695.0,104,3696.0,135,3697.0,138,3698.0,73,3699.0,35,3700.0,16,3701.0,22,3702.0,44,3703.0,99,3704.0,154,3700.0
ao2409,,13:41:46.500#,3707.0,3729.0,3657.0,3983.0,3462.0,239571,97886.0,3695.0,107,3696.0,146,3697.0,138,3698.0,73,3699.0,38,3701.0,22,3702.0,44,3703.0,73,3704.0,166,3705.0,106,3700.0
ao2409,,13:41:47.0#,3707.0,3729.0,3657.0,3983.0,3462.0,239582,97896.0,3695.0,122,3696.0,116,3697.0,167,3698.0,77,3699.0,26,3700.0,9,3701.0,38,3702.0,43,3703.0,44,3704.0,181,3699.0
ao2409,,13:41:47.500#,3707.0,3729.0,3657.0,3983.0,3462.0,239582,97896.0,3695.0,108,3696.0,146,3697.0,123,3698.0,76,3699.0,14,3700.0,37,3701.0,38,3702.0,44,3703.0,73,3704.0,151,3699.0
ao2409,,13:41:48.0#,3707.0,3729.0,3657.0,3983.0,3462.0,239583,97896.0,3695.0,124,3696.0,120,3697.0,123,3698.0,76,3699.0,8,3700.0,40,3701.0,38,3702.0,44,3703.0,99,3704.0,139,3699.0
ao2409,,13:41:48.500#,3707.0,3729.0,3657.0,3983.0,3462.0,239583,97896.0,3695.0,124,3696.0,135,3697.0,123,3698.0,73,3699.0,12,3700.0,41,3701.0,38,3702.0,44,3703.0,114,3704.0,139,3699.0
ao2409,,13:41:49.0#,3707.0,3729.0,3657.0,3983.0,3462.0,239592,97898.0,3695.0,124,3696.0,135,3697.0,123,3698.0,74,3699.0,3,3700.0,36,3701.0,39,3702.0,43,3703.0,114,3704.0,139,3699.0
ao2409,,13:41:49.500#,3707.0,3729.0,3657.0,3983.0,3462.0,239597,97894.0,3695.0,139,3696.0,121,3697.0,123,3698.0,74,3699.0,2,3700.0,32,3701.0,39,3702.0,43,3703.0,114,3704.0,139,3700.0
ao2409,,13:41:50.0#,3707.0,3729.0,3657.0,3983.0,3462.0,239597,97894.0,3695.0,139,3696.0,121,3697.0,123,3698.0,74,3699.0,12,3700.0,41,3701.0,24,3702.0,43,3703.0,114,3704.0,139,3700.0
ao2409,,13:41:50.500#,3707.0,3729.0,3657.0,3983.0,3462.0,239598,97894.0,3695.0,124,3696.0,137,3697.0,123,3698.0,74,3699.0,11,3700.0,41,3701.0,24,3702.0,43,3703.0,115,3704.0,139,3699.0
ao2409,,13:41:51.0#,3707.0,3729.0,3657.0,3983.0,3462.0,239604,97893.0,3695.0,124,3696.0,137,3697.0,123,3698.0,74,3699.0,9,3700.0,44,3701.0,24,3702.0,43,3703.0,115,3704.0,139,3700.0
ao2409,,13:41:51.500#,3707.0,3729.0,3657.0,3983.0,3462.0,239606,97892.0,3695.0,124,3696.0,137,3697.0,123,3698.0,75,3699.0,8,3700.0,46,3701.0,25,3702.0,44,3703.0,115,3704.0,139,3699.0
ao2409,,13:41:52.0#,3707.0,3729.0,3657.0,3983.0,3462.0,239606,97892.0,3695.0,140,3696.0,122,3697.0,123,3698.0,75,3699.0,8,3700.0,46,3701.0,25,3702.0,44,3703.0,115,3704.0,139,3699.0
ao2409,,13:41:52.500#,3707.0,3729.0,3657.0,3983.0,3462.0,239606,97892.0,3695.0,140,3696.0,122,3697.0,134,3698.0,76,3699.0,8,3700.0,49,3701.0,25,3702.0,43,3703.0,115,3704.0,139,3699.0
ao2409,,13:41:53.0#,3707.0,3729.0,3657.0,3983.0,3462.0,239607,97892.0,3695.0,140,3696.0,122,3697.0,134,3698.0,76,3699.0,7,3700.0,49,3701.0,25,3702.0,43,3703.0,115,3704.0,139,3699.0
ao2409,,13:41:53.500#,3707.0,3729.0,3657.0,3983.0,3462.0,239609,97892.0,3695.0,140,3696.0,122,3697.0,134,3698.0,79,3699.0,37,3700.0,49,3701.0,25,3702.0,43,3703.0,114,3704.0,139,3699.0
ao2409,,13:41:54.0#,3707.0,3729.0,3657.0,3983.0,3462.0,239609,97892.0,3695.0,125,3696.0,137,3697.0,134,3698.0,79,3699.0,42,3700.0,41,3701.0,25,3702.0,43,3703.0,114,3704.0,139,3699.0
ao2409,,13:41:54.500#,3707.0,3729.0,3657.0,3983.0,3462.0,239613,97891.0,3695.0,125,3696.0,137,3697.0,149,3698.0,78,3699.0,40,3700.0,33,3701.0,25,3702.0,43,3703.0,99,3704.0,139,3699.0
ao2409,,13:41:55.0#,3707.0,3729.0,3657.0,3983.0,3462.0,239620,97897.0,3695.0,125,3696.0,137,3697.0,149,3698.0,78,3699.0,38,3700.0,38,3701.0,25,3702.0,43,3703.0,99,3704.0,139,3699.0
ao2409,,13:41:55.500#,3707.0,3729.0,3657.0,3983.0,3462.0,239623,97900.0,3695.0,110,3696.0,137,3697.0,149,3698.0,80,3699.0,40,3700.0,39,3701.0,25,3702.0,44,3703.0,99,3704.0,154,3699.0
ao2409,,13:41:56.0#,3707.0,3729.0,3657.0,3983.0,3462.0,239627,97904.0,3695.0,125,3696.0,137,3697.0,149,3698.0,65,3699.0,38,3700.0,38,3701.0,25,3702.0,44,3703.0,99,3704.0,139,3699.0
ao2409,,13:41:56.500#,3707.0,3729.0,3657.0,3983.0,3462.0,239634,97906.0,3695.0,110,3696.0,137,3697.0,149,3698.0,65,3699.0,32,3700.0,37,3701.0,25,3702.0,44,3703.0,99,3704.0,154,3699.0
ao2409,,13:41:57.0#,3707.0,3729.0,3657.0,3983.0,3462.0,239645,97905.0,3695.0,125,3696.0,136,3697.0,134,3698.0,65,3699.0,33,3700.0,26,3701.0,25,3702.0,44,3703.0,114,3704.0,139,3700.0
ao2409,,13:41:57.500#,3707.0,3729.0,3657.0,3983.0,3462.0,239647,97903.0,3695.0,98,3696.0,135,3697.0,149,3698.0,65,3699.0,33,3700.0,33,3701.0,25,3702.0,44,3703.0,87,3704.0,154,3700.0
ao2409,,13:41:58.0#,3707.0,3729.0,3657.0,3983.0,3462.0,239661,97908.0,3695.0,110,3696.0,135,3697.0,149,3698.0,64,3699.0,20,3700.0,34,3701.0,25,3702.0,44,3703.0,84,3704.0,169,3699.0
ao2409,,13:41:58.500#,3707.0,3729.0,3657.0,3983.0,3462.0,239680,97909.0,3694.0,97,3695.0,125,3696.0,136,3697.0,134,3698.0,55,3700.0,34,3701.0,25,3702.0,44,3703.0,99,3704.0,154,3699.0
ao2409,,13:41:59.0#,3707.0,3729.0,3657.0,3983.0,3462.0,239680,97909.0,3694.0,83,3695.0,155,3696.0,106,3697.0,134,3698.0,54,3699.0,14,3700.0,55,3701.0,25,3702.0,44,3703.0,114,3699.0
ao2409,,13:41:59.500#,3707.0,3729.0,3657.0,3983.0,3462.0,239681,97909.0,3694.0,68,3695.0,185,3696.0,77,3697.0,133,3698.0,50,3699.0,15,3700.0,61,3701.0,25,3702.0,73,3703.0,114,3698.0
ao2409,,13:42:00.0#,3707.0,3729.0,3657.0,3983.0,3462.0,239683,97910.0,3694.0,68,3695.0,200,3696.0,62,3697.0,133,3698.0,50,3699.0,36,3700.0,56,3701.0,25,3702.0,73,3703.0,129,3699.0
ao2409,,13:42:00.500#,3707.0,3729.0,3657.0,3983.0,3462.0,239688,97912.0,3694.0,68,3695.0,215,3696.0,47,3697.0,133,3698.0,47,3699.0,34,3700.0,57,3701.0,25,3702.0,73,3703.0,144,3699.0
ao2409,,13:42:01.0#,3707.0,3729.0,3657.0,3983.0,3462.0,239691,97912.0,3694.0,68,3695.0,215,3696.0,47,3697.0,133,3698.0,47,3699.0,32,3700.0,57,3701.0,25,3702.0,73,3703.0,144,3699.0
ao2409,,13:42:01.500#,3707.0,3729.0,3657.0,3983.0,3462.0,239702,97913.0,3694.0,68,3695.0,216,3696.0,47,3697.0,132,3698.0,60,3699.0,32,3700.0,57,3701.0,25,3702.0,73,3703.0,143,3699.0
ao2409,,13:42:02.0#,3707.0,3729.0,3657.0,3983.0,3462.0,239702,97913.0,3694.0,68,3695.0,201,3696.0,62,3697.0,132,3698.0,59,3699.0,30,3700.0,57,3701.0,25,3702.0,73,3703.0,128,3699.0
ao2409,,13:42:02.500#,3707.0,3729.0,3657.0,3983.0,3462.0,239709,97911.0,3694.0,68,3695.0,201,3696.0,62,3697.0,132,3698.0,55,3699.0,36,3700.0,57,3701.0,25,3702.0,73,3703.0,128,3698.0
ao2409,,13:42:03.0#,3707.0,3729.0,3657.0,3983.0,3462.0,239709,97911.0,3694.0,68,3695.0,216,3696.0,47,3697.0,132,3698.0,56,3699.0,40,3700.0,57,3701.0,29,3702.0,73,3703.0,143,3698.0
ao2409,,13:42:03.500#,3707.0,3729.0,3657.0,3983.0,3462.0,239711,97911.0,3694.0,68,3695.0,216,3696.0,49,3697.0,149,3698.0,55,3699.0,43,3700.0,57,3701.0,29,3702.0,73,3703.0,143,3698.0
ao2409,,13:42:04.0#,3707.0,3729.0,3657.0,3983.0,3462.0,239713,97911.0,3694.0,80,3695.0,190,3696.0,64,3697.0,149,3698.0,52,3699.0,44,3700.0,57,3701.0,29,3702.0,99,3703.0,101,3698.0
ao2409,,13:42:04.500#,3707.0,3729.0,3657.0,3983.0,3462.0,239765,97878.0,3694.0,80,3695.0,205,3696.0,49,3697.0,149,3698.0,50,3699.0,2,3700.0,57,3701.0,29,3702.0,99,3703.0,116,3699.0
ao2409,,13:42:05.0#,3707.0,3729.0,3657.0,3983.0,3462.0,239772,97880.0,3694.0,68,3695.0,159,3696.0,49,3697.0,149,3698.0,50,3699.0,8,3700.0,57,3701.0,29,3702.0,57,3703.0,86,3698.0
ao2409,,13:42:05.500#,3707.0,3729.0,3657.0,3983.0,3462.0,239772,97880.0,3694.0,68,3695.0,172,3696.0,49,3697.0,149,3698.0,49,3699.0,8,3700.0,57,3701.0,29,3702.0,58,3703.0,83,3698.0
ao2409,,13:42:06.0#,3707.0,3729.0,3657.0,3983.0,3462.0,239782,97884.0,3694.0,68,3695.0,187,3696.0,62,3697.0,149,3698.0,48,3699.0,3,3700.0,57,3701.0,29,3702.0,73,3703.0,83,3698.0
ao2409,,13:42:06.500#,3707.0,3729.0,3657.0,3983.0,3462.0,239784,97882.0,3694.0,68,3695.0,202,3696.0,47,3697.0,149,3698.0,49,3699.0,2,3700.0,62,3701.0,30,3702.0,73,3703.0,113,3699.0
ao2409,,13:42:07.0#,3707.0,3729.0,3657.0,3983.0,3462.0,239787,97880.0,3695.0,202,3696.0,62,3697.0,149,3698.0,49,3699.0,48,3700.0,63,3701.0,30,3702.0,73,3703.0,128,3704.0,105,3699.0
ao2409,,13:42:07.500#,3707.0,3729.0,3657.0,3983.0,3462.0,239788,97879.0,3695.0,157,3696.0,121,3697.0,150,3698.0,54,3699.0,47,3700.0,59,3701.0,29,3702.0,44,3703.0,143,3704.0,90,3699.0
ao2409,,13:42:08.0#,3707.0,3729.0,3657.0,3983.0,3462.0,239791,97876.0,3695.0,157,3696.0,121,3697.0,150,3698.0,54,3699.0,51,3700.0,62,3701.0,29,3702.0,44,3703.0,143,3704.0,90,3699.0
ao2409,,13:42:08.500#,3707.0,3729.0,3657.0,3983.0,3462.0,239793,97876.0,3695.0,157,3696.0,121,3697.0,151,3698.0,56,3699.0,50,3700.0,61,3701.0,29,3702.0,44,3703.0,143,3704.0,90,3699.0
ao2409,,13:42:09.0#,3707.0,3729.0,3657.0,3983.0,3462.0,239793,97876.0,3695.0,157,3696.0,121,3697.0,151,3698.0,56,3699.0,54,3700.0,62,3701.0,29,3702.0,44,3703.0,143,3704.0,90,3699.0
ao2409,,13:42:09.500#,3707.0,3729.0,3657.0,3983.0,3462.0,239799,97872.0,3695.0,157,3696.0,121,3697.0,151,3698.0,56,3699.0,48,3700.0,62,3701.0,29,3702.0,44,3703.0,143,3704.0,90,3699.0
ao2409,,13:42:10.0#,3707.0,3729.0,3657.0,3983.0,3462.0,239800,97871.0,3695.0,157,3696.0,121,3697.0,151,3698.0,57,3699.0,47,3700.0,63,3701.0,29,3702.0,44,3703.0,143,3704.0,90,3699.0
ao2409,,13:42:10.500#,3707.0,3729.0,3657.0,3983.0,3462.0,239801,97871.0,3695.0,157,3696.0,122,3697.0,151,3698.0,57,3699.0,61,3700.0,57,3701.0,29,3702.0,44,3703.0,143,3704.0,90,3699.0
ao2409,,13:42:11.0#,3707.0,3729.0,3657.0,3983.0,3462.0,239814,97870.0,3695.0,115,3696.0,148,3697.0,166,3698.0,57,3699.0,62,3700.0,35,3701.0,28,3702.0,44,3703.0,102,3704.0,132,3700.0
ao2409,,13:42:11.500#,3707.0,3729.0,3657.0,3983.0,3462.0,239814,97870.0,3695.0,115,3696.0,148,3697.0,166,3698.0,57,3699.0,66,3700.0,37,3701.0,28,3702.0,44,3703.0,87,3704.0,147,3700.0
ao2409,,13:42:12.0#,3707.0,3729.0,3657.0,3983.0,3462.0,239814,97870.0,3695.0,115,3696.0,148,3697.0,166,3698.0,57,3699.0,64,3700.0,38,3701.0,28,3702.0,44,3703.0,72,3704.0,162,3700.0
ao2409,,13:42:12.500#,3707.0,3729.0,3657.0,3983.0,3462.0,239814,97870.0,3695.0,117,3696.0,148,3697.0,160,3698.0,57,3699.0,64,3700.0,39,3701.0,28,3702.0,44,3703.0,72,3704.0,162,3700.0
ao2409,,13:42:13.0#,3707.0,3729.0,3657.0,3983.0,3462.0,239820,97870.0,3695.0,117,3696.0,148,3697.0,160,3698.0,57,3699.0,59,3700.0,39,3701.0,28,3702.0,44,3703.0,72,3704.0,162,3699.0
ao2409,,13:42:13.500#,3707.0,3729.0,3657.0,3983.0,3462.0,239820,97870.0,3695.0,117,3696.0,148,3697.0,160,3698.0,57,3699.0,59,3700.0,45,3701.0,28,3702.0,44,3703.0,72,3704.0,162,3699.0
ao2409,,13:42:14.0#,3707.0,3729.0,3657.0,3983.0,3462.0,239822,97868.0,3695.0,117,3696.0,150,3697.0,160,3698.0,58,3699.0,58,3700.0,45,3701.0,28,3702.0,44,3703.0,72,3704.0,162,3699.0
ao2409,,13:42:14.500#,3707.0,3729.0,3657.0,3983.0,3462.0,239823,97868.0,3695.0,117,3696.0,150,3697.0,160,3698.0,59,3699.0,58,3700.0,45,3701.0,28,3702.0,44,3703.0,72,3704.0,162,3699.0
ao2409,,13:42:15.500#,3707.0,3729.0,3657.0,3983.0,3462.0,239827,97866.0,3695.0,117,3696.0,150,3697.0,160,3698.0,60,3699.0,58,3700.0,43,3701.0,38,3702.0,44,3703.0,72,3704.0,162,3699.0
ao2409,,13:42:16.0#,3707.0,3729.0,3657.0,3983.0,3462.0,239828,97866.0,3695.0,117,3696.0,150,3697.0,160,3698.0,60,3699.0,57,3700.0,44,3701.0,38,3702.0,44,3703.0,72,3704.0,162,3699.0
ao2409,,13:42:16.500#,3707.0,3729.0,3657.0,3983.0,3462.0,239830,97867.0,3695.0,117,3696.0,150,3697.0,161,3698.0,64,3699.0,56,3700.0,43,3701.0,38,3702.0,44,3703.0,72,3704.0,162,3700.0
ao2409,,13:42:17.0#,3707.0,3729.0,3657.0,3983.0,3462.0,239837,97866.0,3695.0,117,3696.0,150,3697.0,161,3698.0,64,3699.0,50,3700.0,73,3701.0,38,3702.0,44,3703.0,72,3704.0,162,3699.0
ao2409,,13:42:17.500#,3707.0,3729.0,3657.0,3983.0,3462.0,239881,97864.0,3695.0,144,3696.0,139,3697.0,146,3698.0,65,3699.0,10,3700.0,64,3701.0,38,3702.0,44,3703.0,113,3704.0,120,3700.0
ao2409,,13:42:18.0#,3707.0,3729.0,3657.0,3983.0,3462.0,239883,97863.0,3695.0,144,3696.0,94,3697.0,146,3698.0,65,3699.0,8,3700.0,59,3701.0,38,3702.0,45,3703.0,113,3704.0,104,3699.0
ao2409,,13:42:18.500#,3707.0,3729.0,3657.0,3983.0,3462.0,239883,97863.0,3695.0,144,3696.0,94,3697.0,146,3698.0,65,3699.0,8,3700.0,64,3701.0,38,3702.0,45,3703.0,113,3704.0,104,3699.0
ao2409,,13:42:19.0#,3707.0,3729.0,3657.0,3983.0,3462.0,239883,97863.0,3695.0,144,3696.0,124,3697.0,140,3698.0,74,3699.0,16,3700.0,78,3701.0,38,3702.0,45,3703.0,127,3704.0,119,3699.0
ao2409,,13:42:19.500#,3707.0,3729.0,3657.0,3983.0,3462.0,239885,97861.0,3695.0,129,3696.0,139,3697.0,140,3698.0,74,3699.0,15,3700.0,78,3701.0,38,3702.0,45,3703.0,127,3704.0,117,3699.0
ao2409,,13:42:20.0#,3707.0,3729.0,3657.0,3983.0,3462.0,239890,97865.0,3695.0,129,3696.0,139,3697.0,140,3698.0,78,3699.0,15,3700.0,73,3701.0,38,3702.0,45,3703.0,127,3704.0,117,3700.0
ao2409,,13:42:20.500#,3707.0,3729.0,3657.0,3983.0,3462.0,239891,97865.0,3695.0,129,3696.0,139,3697.0,140,3698.0,78,3699.0,27,3700.0,73,3701.0,38,3702.0,45,3703.0,127,3704.0,117,3699.0
ao2409,,13:42:21.0#,3707.0,3729.0,3657.0,3983.0,3462.0,239892,97866.0,3695.0,129,3696.0,139,3697.0,140,3698.0,79,3699.0,30,3700.0,73,3701.0,38,3702.0,45,3703.0,127,3704.0,117,3699.0
ao2409,,13:42:22.0#,3707.0,3729.0,3657.0,3983.0,3462.0,239916,97864.0,3695.0,144,3696.0,139,3697.0,140,3698.0,79,3699.0,48,3700.0,50,3701.0,28,3702.0,53,3703.0,127,3704.0,102,3700.0
ao2409,,13:42:23.0#,3707.0,3729.0,3657.0,3983.0,3462.0,239972,97890.0,3696.0,63,3697.0,199,3698.0,80,3699.0,39,3700.0,50,3701.0,21,3702.0,52,3703.0,41,3704.0,102,3705.0,84,3700.0
ao2409,,13:42:23.500#,3707.0,3729.0,3657.0,3983.0,3462.0,239986,97896.0,3696.0,48,3697.0,213,3698.0,80,3699.0,50,3700.0,48,3701.0,7,3702.0,57,3703.0,42,3704.0,72,3705.0,114,3701.0
ao2409,,13:42:24.0#,3707.0,3729.0,3657.0,3983.0,3462.0,239987,97897.0,3696.0,48,3697.0,228,3698.0,79,3699.0,48,3700.0,49,3701.0,7,3702.0,57,3703.0,41,3704.0,87,3705.0,99,3700.0
ao2409,,13:42:24.500#,3707.0,3729.0,3657.0,3983.0,3462.0,239988,97896.0,3696.0,48,3697.0,228,3698.0,78,3699.0,49,3700.0,45,3701.0,12,3702.0,57,3703.0,41,3704.0,87,3705.0,114,3700.0
ao2409,,13:42:25.0#,3707.0,3729.0,3657.0,3983.0,3462.0,239990,97897.0,3696.0,48,3697.0,270,3698.0,78,3699.0,50,3700.0,14,3701.0,24,3702.0,57,3703.0,43,3704.0,88,3705.0,156,3700.0
ao2409,,13:42:25.500#,3707.0,3729.0,3657.0,3983.0,3462.0,239992,97895.0,3696.0,75,3697.0,244,3698.0,78,3699.0,50,3700.0,2,3701.0,24,3702.0,57,3703.0,43,3704.0,130,3705.0,114,3700.0
ao2409,,13:42:26.0#,3707.0,3729.0,3657.0,3983.0,3462.0,239993,97895.0,3696.0,90,3697.0,214,3698.0,78,3699.0,50,3700.0,3,3701.0,25,3702.0,57,3703.0,43,3704.0,159,3705.0,99,3701.0
ao2409,,13:42:26.500#,3707.0,3729.0,3657.0,3983.0,3462.0,239995,97895.0,3696.0,90,3697.0,214,3698.0,78,3699.0,50,3700.0,3,3701.0,23,3702.0,57,3703.0,43,3704.0,159,3705.0,99,3701.0
ao2409,,13:42:27.0#,3707.0,3729.0,3657.0,3983.0,3462.0,239995,97895.0,3696.0,90,3697.0,213,3698.0,78,3699.0,51,3700.0,3,3701.0,60,3702.0,57,3703.0,43,3704.0,159,3705.0,99,3701.0
ao2409,,13:42:27.500#,3707.0,3729.0,3657.0,3983.0,3462.0,239998,97896.0,3695.0,136,3696.0,105,3697.0,198,3698.0,79,3699.0,51,3700.0,1,3701.0,59,3702.0,57,3703.0,43,3704.0,174,3700.0
ao2409,,13:42:28.500#,3707.0,3729.0,3657.0,3983.0,3462.0,240001,97893.0,3695.0,121,3696.0,150,3697.0,144,3698.0,79,3699.0,50,3700.0,36,3701.0,23,3702.0,58,3703.0,72,3704.0,159,3700.0
ao2409,,13:42:30.0#,3707.0,3729.0,3657.0,3983.0,3462.0,240005,97891.0,3695.0,121,3696.0,150,3697.0,126,3698.0,79,3699.0,45,3700.0,39,3701.0,23,3702.0,58,3703.0,72,3704.0,159,3700.0
ao2409,,13:42:30.500#,3707.0,3729.0,3657.0,3983.0,3462.0,240007,97889.0,3695.0,121,3696.0,150,3697.0,126,3698.0,79,3699.0,45,3700.0,38,3701.0,22,3702.0,58,3703.0,72,3704.0,159,3700.0
ao2409,,13:42:31.0#,3707.0,3729.0,3657.0,3983.0,3462.0,240025,97889.0,3695.0,121,3696.0,150,3697.0,126,3698.0,79,3699.0,45,3700.0,20,3701.0,22,3702.0,58,3703.0,72,3704.0,159,3700.0
ao2409,,13:42:31.500#,3707.0,3729.0,3657.0,3983.0,3462.0,240046,97874.0,3696.0,150,3697.0,126,3698.0,81,3699.0,50,3700.0,15,3701.0,22,3702.0,58,3703.0,72,3704.0,159,3705.0,99,3700.0
ao2409,,13:42:32.0#,3707.0,3729.0,3657.0,3983.0,3462.0,240046,97874.0,3696.0,120,3697.0,170,3698.0,92,3699.0,53,3700.0,17,3701.0,20,3702.0,57,3703.0,43,3704.0,190,3705.0,54,3700.0
ao2409,,13:42:32.500#,3707.0,3729.0,3657.0,3983.0,3462.0,240047,97874.0,3696.0,105,3697.0,185,3698.0,92,3699.0,53,3700.0,16,3701.0,20,3702.0,57,3703.0,43,3704.0,175,3705.0,69,3700.0
ao2409,,13:42:33.0#,3707.0,3729.0,3657.0,3983.0,3462.0,240047,97874.0,3696.0,94,3697.0,196,3698.0,92,3699.0,53,3700.0,14,3701.0,20,3702.0,57,3703.0,43,3704.0,163,3705.0,81,3700.0
ao2409,,13:42:33.500#,3707.0,3729.0,3657.0,3983.0,3462.0,240049,97875.0,3696.0,106,3697.0,185,3698.0,91,3699.0,54,3700.0,16,3701.0,20,3702.0,57,3703.0,43,3704.0,174,3705.0,69,3700.0
ao2409,,13:42:34.0#,3707.0,3729.0,3657.0,3983.0,3462.0,240050,97875.0,3696.0,94,3697.0,196,3698.0,91,3699.0,54,3700.0,16,3701.0,19,3702.0,57,3703.0,43,3704.0,163,3705.0,81,3700.0
ao2409,,13:42:34.500#,3707.0,3729.0,3657.0,3983.0,3462.0,240051,97875.0,3696.0,94,3697.0,196,3698.0,91,3699.0,54,3700.0,15,3701.0,19,3702.0,57,3703.0,43,3704.0,163,3705.0,79,3700.0
ao2409,,13:42:35.0#,3707.0,3729.0,3657.0,3983.0,3462.0,240061,97876.0,3696.0,94,3697.0,196,3698.0,93,3699.0,54,3700.0,18,3701.0,5,3702.0,57,3703.0,43,3704.0,163,3705.0,79,3700.0
ao2409,,13:42:35.500#,3707.0,3729.0,3657.0,3983.0,3462.0,240061,97876.0,3696.0,50,3697.0,241,3698.0,93,3699.0,54,3700.0,19,3701.0,37,3702.0,57,3703.0,43,3704.0,118,3705.0,124,3700.0
ao2409,,13:42:36.0#,3707.0,3729.0,3657.0,3983.0,3462.0,240067,97880.0,3696.0,62,3697.0,215,3698.0,93,3699.0,54,3700.0,1,3701.0,37,3702.0,57,3703.0,42,3704.0,144,3705.0,112,3701.0
ao2409,,13:42:36.500#,3707.0,3729.0,3657.0,3983.0,3462.0,240068,97879.0,3696.0,107,3697.0,170,3698.0,93,3699.0,54,3700.0,1,3701.0,37,3702.0,57,3703.0,43,3704.0,174,3705.0,82,3700.0
ao2409,,13:42:37.0#,3707.0,3729.0,3657.0,3983.0,3462.0,240070,97881.0,3696.0,107,3697.0,170,3698.0,93,3699.0,54,3700.0,1,3701.0,35,3702.0,57,3703.0,42,3704.0,174,3705.0,87,3701.0
ao2409,,13:42:37.500#,3707.0,3729.0,3657.0,3983.0,3462.0,240073,97880.0,3695.0,149,3696.0,106,3697.0,170,3698.0,93,3699.0,55,3700.0,1,3701.0,35,3702.0,57,3703.0,42,3704.0,174,3700.0
ao2409,,13:42:38.0#,3707.0,3729.0,3657.0,3983.0,3462.0,240073,97880.0,3695.0,120,3696.0,136,3697.0,141,3698.0,91,3699.0,52,3700.0,3,3701.0,36,3702.0,58,3703.0,71,3704.0,144,3700.0
ao2409,,13:42:38.500#,3707.0,3729.0,3657.0,3983.0,3462.0,240073,97880.0,3695.0,120,3696.0,151,3697.0,126,3698.0,91,3699.0,52,3700.0,18,3701.0,23,3702.0,58,3703.0,71,3704.0,159,3700.0
ao2409,,13:42:39.0#,3707.0,3729.0,3657.0,3983.0,3462.0,240074,97881.0,3695.0,119,3696.0,151,3697.0,126,3698.0,91,3699.0,50,3700.0,18,3701.0,23,3702.0,58,3703.0,71,3704.0,160,3699.0
ao2409,,13:42:39.500#,3707.0,3729.0,3657.0,3983.0,3462.0,240074,97881.0,3695.0,119,3696.0,151,3697.0,126,3698.0,92,3699.0,50,3700.0,20,3701.0,23,3702.0,60,3703.0,71,3704.0,160,3699.0
ao2409,,13:42:40.0#,3707.0,3729.0,3657.0,3983.0,3462.0,240074,97881.0,3695.0,119,3696.0,151,3697.0,126,3698.0,92,3699.0,50,3700.0,20,3701.0,23,3702.0,60,3703.0,71,3704.0,160,3699.0
ao2409,,13:42:40.500#,3707.0,3729.0,3657.0,3983.0,3462.0,240076,97879.0,3695.0,119,3696.0,151,3697.0,126,3698.0,95,3699.0,51,3700.0,18,3701.0,23,3702.0,60,3703.0,71,3704.0,160,3700.0
ao2409,,13:42:41.0#,3707.0,3729.0,3657.0,3983.0,3462.0,240079,97878.0,3695.0,119,3696.0,151,3697.0,126,3698.0,95,3699.0,48,3700.0,18,3701.0,23,3702.0,60,3703.0,71,3704.0,160,3699.0
ao2409,,13:42:41.500#,3707.0,3729.0,3657.0,3983.0,3462.0,240079,97878.0,3695.0,119,3696.0,151,3697.0,126,3698.0,95,3699.0,48,3700.0,21,3701.0,23,3702.0,60,3703.0,71,3704.0,160,3699.0
ao2409,,13:42:42.0#,3707.0,3729.0,3657.0,3983.0,3462.0,240081,97876.0,3695.0,119,3696.0,151,3697.0,126,3698.0,95,3699.0,39,3700.0,19,3701.0,23,3702.0,60,3703.0,80,3704.0,160,3700.0
ao2409,,13:42:42.500#,3707.0,3729.0,3657.0,3983.0,3462.0,240086,97871.0,3695.0,104,3696.0,151,3697.0,126,3698.0,97,3699.0,39,3700.0,23,3701.0,23,3702.0,60,3703.0,80,3704.0,175,3700.0
ao2409,,13:42:43.0#,3707.0,3729.0,3657.0,3983.0,3462.0,240086,97871.0,3695.0,104,3696.0,151,3697.0,126,3698.0,97,3699.0,31,3700.0,23,3701.0,23,3702.0,60,3703.0,80,3704.0,175,3700.0
ao2409,,13:42:43.500#,3707.0,3729.0,3657.0,3983.0,3462.0,240098,97863.0,3695.0,104,3696.0,151,3697.0,126,3698.0,97,3699.0,19,3700.0,23,3701.0,23,3702.0,60,3703.0,80,3704.0,175,3699.0
ao2409,,13:42:44.0#,3707.0,3729.0,3657.0,3983.0,3462.0,240117,97860.0,3694.0,99,3695.0,119,3696.0,151,3697.0,111,3698.0,97,3699.0,51,3700.0,29,3701.0,23,3702.0,60,3703.0,95,3699.0
ao2409,,13:42:44.500#,3707.0,3729.0,3657.0,3983.0,3462.0,240118,97860.0,3694.0,69,3695.0,179,3696.0,80,3697.0,110,3698.0,93,3699.0,78,3700.0,32,3701.0,24,3702.0,89,3703.0,109,3698.0
ao2409,,13:42:45.0#,3707.0,3729.0,3657.0,3983.0,3462.0,240142,97868.0,3694.0,69,3695.0,221,3696.0,51,3697.0,110,3698.0,70,3699.0,77,3700.0,33,3701.0,24,3702.0,104,3703.0,122,3699.0
ao2409,,13:42:45.500#,3707.0,3729.0,3657.0,3983.0,3462.0,240168,97875.0,3694.0,96,3695.0,195,3696.0,51,3697.0,110,3698.0,44,3699.0,77,3700.0,33,3701.0,24,3702.0,130,3703.0,110,3699.0
ao2409,,13:42:46.0#,3707.0,3729.0,3657.0,3983.0,3462.0,240188,97880.0,3694.0,111,3695.0,165,3696.0,36,3697.0,110,3698.0,24,3699.0,86,3700.0,33,3701.0,24,3702.0,130,3703.0,80,3698.0
ao2409,,13:42:46.500#,3707.0,3729.0,3657.0,3983.0,3462.0,240217,97872.0,3693.0,109,3694.0,96,3695.0,165,3696.0,36,3697.0,110,3699.0,88,3700.0,24,3701.0,29,3702.0,130,3703.0,95,3698.0
ao2409,,13:42:47.0#,3707.0,3729.0,3657.0,3983.0,3462.0,240219,97870.0,3693.0,109,3694.0,126,3695.0,150,3696.0,36,3697.0,112,3698.0,5,3699.0,88,3700.0,24,3701.0,29,3702.0,145,3698.0
ao2409,,13:42:47.500#,3707.0,3729.0,3657.0,3983.0,3462.0,240225,97867.0,3694.0,126,3695.0,151,3696.0,35,3697.0,112,3698.0,5,3699.0,74,3700.0,25,3701.0,43,3702.0,130,3703.0,110,3699.0
ao2409,,13:42:48.0#,3707.0,3729.0,3657.0,3983.0,3462.0,240225,97867.0,3694.0,111,3695.0,165,3696.0,36,3697.0,112,3698.0,5,3699.0,67,3700.0,24,3701.0,29,3702.0,145,3703.0,95,3699.0
ao2409,,13:42:48.500#,3707.0,3729.0,3657.0,3983.0,3462.0,240226,97867.0,3694.0,111,3695.0,165,3696.0,37,3697.0,112,3698.0,4,3699.0,67,3700.0,25,3701.0,29,3702.0,143,3703.0,95,3698.0
ao2409,,13:42:49.0#,3707.0,3729.0,3657.0,3983.0,3462.0,240231,97867.0,3694.0,111,3695.0,180,3696.0,37,3697.0,112,3698.0,9,3699.0,67,3700.0,25,3701.0,29,3702.0,158,3703.0,95,3698.0
ao2409,,13:42:49.500#,3707.0,3729.0,3657.0,3983.0,3462.0,240232,97867.0,3693.0,109,3694.0,111,3695.0,180,3696.0,37,3697.0,112,3698.0,2,3699.0,67,3700.0,24,3701.0,29,3702.0,159,3698.0
ao2409,,13:42:50.0#,3707.0,3729.0,3657.0,3983.0,3462.0,240233,97867.0,3693.0,94,3694.0,141,3695.0,136,3696.0,36,3697.0,112,3698.0,6,3699.0,68,3700.0,25,3701.0,58,3702.0,114,3698.0
ao2409,,13:42:50.500#,3707.0,3729.0,3657.0,3983.0,3462.0,240235,97865.0,3693.0,94,3694.0,141,3695.0,136,3696.0,35,3697.0,112,3698.0,8,3699.0,68,3700.0,26,3701.0,58,3702.0,114,3698.0
ao2409,,13:42:51.0#,3707.0,3729.0,3657.0,3983.0,3462.0,240236,97865.0,3693.0,94,3694.0,141,3695.0,151,3696.0,35,3697.0,112,3698.0,7,3699.0,68,3700.0,26,3701.0,58,3702.0,129,3698.0
ao2409,,13:42:51.500#,3707.0,3729.0,3657.0,3983.0,3462.0,240241,97865.0,3693.0,94,3694.0,141,3695.0,151,3696.0,35,3697.0,110,3698.0,7,3699.0,68,3700.0,28,3701.0,58,3702.0,129,3697.0
ao2409,,13:42:52.0#,3707.0,3729.0,3657.0,3983.0,3462.0,240264,97862.0,3694.0,141,3695.0,151,3696.0,35,3697.0,94,3698.0,1,3699.0,67,3700.0,32,3701.0,58,3702.0,129,3703.0,112,3699.0
ao2409,,13:42:52.500#,3707.0,3729.0,3657.0,3983.0,3462.0,240266,97863.0,3693.0,109,3694.0,126,3695.0,150,3696.0,36,3697.0,96,3699.0,78,3700.0,29,3701.0,29,3702.0,161,3703.0,81,3697.0
ao2409,,13:42:53.0#,3707.0,3729.0,3657.0,3983.0,3462.0,240269,97861.0,3693.0,109,3694.0,141,3695.0,135,3696.0,37,3697.0,96,3698.0,4,3699.0,87,3700.0,28,3701.0,29,3702.0,161,3697.0
ao2409,,13:42:53.500#,3707.0,3729.0,3657.0,3983.0,3462.0,240269,97861.0,3693.0,94,3694.0,156,3695.0,121,3696.0,36,3697.0,95,3698.0,4,3699.0,90,3700.0,30,3701.0,58,3702.0,131,3697.0
ao2409,,13:42:54.0#,3707.0,3729.0,3657.0,3983.0,3462.0,240269,97861.0,3693.0,94,3694.0,141,3695.0,120,3696.0,36,3697.0,97,3698.0,4,3699.0,90,3700.0,29,3701.0,58,3702.0,116,3697.0
ao2409,,13:42:54.500#,3707.0,3729.0,3657.0,3983.0,3462.0,240271,97861.0,3693.0,94,3694.0,172,3695.0,136,3696.0,36,3697.0,102,3698.0,4,3699.0,90,3700.0,31,3701.0,58,3702.0,146,3697.0
ao2409,,13:42:55.0#,3707.0,3729.0,3657.0,3983.0,3462.0,240272,97862.0,3693.0,94,3694.0,172,3695.0,136,3696.0,36,3697.0,108,3698.0,3,3699.0,90,3700.0,33,3701.0,58,3702.0,147,3698.0
ao2409,,13:42:55.500#,3707.0,3729.0,3657.0,3983.0,3462.0,240276,97862.0,3694.0,172,3695.0,136,3696.0,35,3697.0,108,3698.0,1,3699.0,90,3700.0,33,3701.0,58,3702.0,147,3703.0,111,3698.0
ao2409,,13:42:56.0#,3707.0,3729.0,3657.0,3983.0,3462.0,240278,97864.0,3693.0,124,3694.0,142,3695.0,165,3696.0,36,3697.0,108,3699.0,88,3700.0,32,3701.0,29,3702.0,177,3703.0,81,3698.0
ao2409,,13:42:56.500#,3707.0,3729.0,3657.0,3983.0,3462.0,240278,97864.0,3693.0,124,3694.0,142,3695.0,150,3696.0,36,3697.0,108,3699.0,88,3700.0,32,3701.0,30,3702.0,147,3703.0,96,3698.0
ao2409,,13:42:57.0#,3707.0,3729.0,3657.0,3983.0,3462.0,240279,97863.0,3693.0,124,3694.0,127,3695.0,165,3696.0,35,3697.0,108,3699.0,87,3700.0,32,3701.0,31,3702.0,148,3703.0,96,3699.0
ao2409,,13:42:57.500#,3707.0,3729.0,3657.0,3983.0,3462.0,240279,97863.0,3694.0,127,3695.0,180,3696.0,36,3697.0,108,3698.0,4,3699.0,87,3700.0,32,3701.0,32,3702.0,148,3703.0,111,3699.0
ao2409,,13:42:58.0#,3707.0,3729.0,3657.0,3983.0,3462.0,240282,97863.0,3694.0,127,3695.0,165,3696.0,36,3697.0,110,3698.0,2,3699.0,87,3700.0,32,3701.0,32,3702.0,149,3703.0,96,3698.0
ao2409,,13:42:58.500#,3707.0,3729.0,3657.0,3983.0,3462.0,240284,97863.0,3693.0,124,3694.0,127,3695.0,180,3696.0,36,3697.0,114,3699.0,87,3700.0,40,3701.0,32,3702.0,164,3703.0,96,3698.0
ao2409,,13:42:59.0#,3707.0,3729.0,3657.0,3983.0,3462.0,240287,97862.0,3693.0,124,3694.0,127,3695.0,165,3696.0,36,3697.0,114,3698.0,2,3699.0,62,3700.0,40,3701.0,32,3702.0,134,3698.0
ao2409,,13:42:59.500#,3707.0,3729.0,3657.0,3983.0,3462.0,240290,97862.0,3694.0,157,3695.0,151,3696.0,35,3697.0,132,3698.0,1,3699.0,63,3700.0,41,3701.0,61,3702.0,134,3703.0,126,3698.0
ao2409,,13:43:00.0#,3707.0,3729.0,3657.0,3983.0,3462.0,240293,97863.0,3694.0,112,3695.0,180,3696.0,36,3697.0,132,3698.0,7,3699.0,59,3700.0,41,3701.0,33,3702.0,134,3703.0,111,3699.0
ao2409,,13:43:00.500#,3707.0,3729.0,3657.0,3983.0,3462.0,240293,97863.0,3694.0,112,3695.0,180,3696.0,36,3697.0,133,3698.0,25,3699.0,60,3700.0,40,3701.0,33,3702.0,134,3703.0,111,3699.0
ao2409,,13:43:01.0#,3707.0,3729.0,3657.0,3983.0,3462.0,240298,97862.0,3694.0,97,3695.0,210,3696.0,36,3697.0,133,3698.0,39,3699.0,41,3700.0,40,3701.0,33,3702.0,149,3703.0,111,3698.0
ao2409,,13:43:01.500#,3707.0,3729.0,3657.0,3983.0,3462.0,240305,97866.0,3694.0,97,3695.0,195,3696.0,52,3697.0,134,3698.0,40,3699.0,10,3700.0,40,3701.0,33,3702.0,149,3703.0,111,3699.0
ao2409,,13:43:02.0#,3707.0,3729.0,3657.0,3983.0,3462.0,240317,97871.0,3694.0,85,3695.0,221,3696.0,52,3697.0,132,3698.0,46,3699.0,8,3700.0,40,3701.0,33,3702.0,108,3703.0,138,3698.0
ao2409,,13:43:02.500#,3707.0,3729.0,3657.0,3983.0,3462.0,240332,97866.0,3694.0,85,3695.0,221,3696.0,52,3697.0,134,3698.0,45,3699.0,3,3700.0,40,3701.0,33,3702.0,93,3703.0,153,3698.0
ao2409,,13:43:03.0#,3707.0,3729.0,3657.0,3983.0,3462.0,240332,97866.0,3694.0,85,3695.0,191,3696.0,82,3697.0,135,3698.0,45,3699.0,14,3700.0,41,3701.0,34,3702.0,93,3703.0,123,3698.0
ao2409,,13:43:03.500#,3707.0,3729.0,3657.0,3983.0,3462.0,240334,97866.0,3694.0,85,3695.0,207,3696.0,66,3697.0,135,3698.0,42,3699.0,15,3700.0,44,3701.0,34,3702.0,93,3703.0,138,3698.0
ao2409,,13:43:04.0#,3707.0,3729.0,3657.0,3983.0,3462.0,240334,97866.0,3694.0,85,3695.0,222,3696.0,51,3697.0,135,3698.0,44,3699.0,15,3700.0,44,3701.0,34,3702.0,93,3703.0,153,3698.0
ao2409,,13:43:04.500#,3707.0,3729.0,3657.0,3983.0,3462.0,240334,97866.0,3694.0,85,3695.0,222,3696.0,51,3697.0,136,3698.0,45,3699.0,20,3700.0,44,3701.0,35,3702.0,93,3703.0,153,3698.0
ao2409,,13:43:05.0#,3707.0,3729.0,3657.0,3983.0,3462.0,240335,97865.0,3694.0,85,3695.0,222,3696.0,53,3697.0,135,3698.0,45,3699.0,19,3700.0,44,3701.0,35,3702.0,93,3703.0,153,3699.0
ao2409,,13:43:05.500#,3707.0,3729.0,3657.0,3983.0,3462.0,240335,97865.0,3694.0,85,3695.0,222,3696.0,52,3697.0,135,3698.0,47,3699.0,19,3700.0,46,3701.0,35,3702.0,92,3703.0,153,3699.0
ao2409,,13:43:06.0#,3707.0,3729.0,3657.0,3983.0,3462.0,240335,97865.0,3694.0,85,3695.0,222,3696.0,52,3697.0,135,3698.0,48,3699.0,24,3700.0,46,3701.0,35,3702.0,92,3703.0,153,3699.0
ao2409,,13:43:06.500#,3707.0,3729.0,3657.0,3983.0,3462.0,240337,97863.0,3694.0,85,3695.0,222,3696.0,52,3697.0,135,3698.0,49,3699.0,22,3700.0,46,3701.0,35,3702.0,92,3703.0,153,3699.0
ao2409,,13:43:07.0#,3707.0,3729.0,3657.0,3983.0,3462.0,240337,97863.0,3694.0,85,3695.0,222,3696.0,53,3697.0,135,3698.0,49,3699.0,24,3700.0,46,3701.0,35,3702.0,92,3703.0,153,3699.0
ao2409,,13:43:07.500#,3707.0,3729.0,3657.0,3983.0,3462.0,240338,97862.0,3694.0,85,3695.0,222,3696.0,53,3697.0,134,3698.0,51,3699.0,24,3700.0,46,3701.0,35,3702.0,92,3703.0,153,3699.0
ao2409,,13:43:08.0#,3707.0,3729.0,3657.0,3983.0,3462.0,240338,97862.0,3694.0,85,3695.0,222,3696.0,53,3697.0,134,3698.0,51,3699.0,24,3700.0,47,3701.0,35,3702.0,92,3703.0,153,3699.0
ao2409,,13:43:08.500#,3707.0,3729.0,3657.0,3983.0,3462.0,240338,97862.0,3694.0,85,3695.0,222,3696.0,53,3697.0,134,3698.0,51,3699.0,24,3700.0,47,3701.0,35,3702.0,92,3703.0,153,3699.0
ao2409,,13:43:09.0#,3707.0,3729.0,3657.0,3983.0,3462.0,240338,97862.0,3694.0,85,3695.0,222,3696.0,53,3697.0,134,3698.0,51,3699.0,24,3700.0,47,3701.0,35,3702.0,92,3703.0,153,3699.0
ao2409,,13:43:09.500#,3707.0,3729.0,3657.0,3983.0,3462.0,240339,97861.0,3694.0,85,3695.0,222,3696.0,53,3697.0,134,3698.0,51,3699.0,24,3700.0,50,3701.0,35,3702.0,92,3703.0,153,3699.0
ao2409,,13:43:10.0#,3707.0,3729.0,3657.0,3983.0,3462.0,240340,97860.0,3694.0,85,3695.0,222,3696.0,53,3697.0,133,3698.0,47,3699.0,23,3700.0,50,3701.0,35,3702.0,107,3703.0,138,3699.0
ao2409,,13:43:10.500#,3707.0,3729.0,3657.0,3983.0,3462.0,240340,97860.0,3694.0,85,3695.0,222,3696.0,53,3697.0,133,3698.0,47,3699.0,23,3700.0,50,3701.0,35,3702.0,108,3703.0,138,3699.0
ao2409,,13:43:11.0#,3707.0,3729.0,3657.0,3983.0,3462.0,240344,97860.0,3694.0,85,3695.0,222,3696.0,53,3697.0,133,3698.0,44,3699.0,24,3700.0,51,3701.0,35,3702.0,108,3703.0,138,3698.0
ao2409,,13:43:11.500#,3707.0,3729.0,3657.0,3983.0,3462.0,240347,97857.0,3694.0,90,3695.0,222,3696.0,57,3697.0,133,3698.0,40,3699.0,24,3700.0,54,3701.0,35,3702.0,108,3703.0,138,3698.0
ao2409,,13:43:12.0#,3707.0,3729.0,3657.0,3983.0,3462.0,240348,97857.0,3694.0,90,3695.0,222,3696.0,57,3697.0,133,3698.0,39,3699.0,34,3700.0,55,3701.0,35,3702.0,108,3703.0,138,3698.0
