InstrumentId,ExchangeId,Datetime,OpenPrice,HighestPrice,LowestPrice,UpperLimitPrice,LowerLimitPrice,Volume,OpenInterest,BidPrice5,BidVolume5,BidPrice4,BidVolume4,BidPrice3,BidVolume3,BidPrice2,BidVolume2,BidPrice1,BidVolume1,AskPrice1,AskVolume1,AskPrice2,AskVolume2,AskPrice3,AskVolume3,AskPrice4,AskVolume4,AskPrice5,AskVolume5,LastPrice
AP410,,13:38:35.0#,7001.0,7080.0,6980.0,7656.0,6390.0,81880,160648,7062.0,25,7063.0,24,7064.0,14,7065.0,16,7066.0,27,7068.0,35,7069.0,5,7070.0,110,7071.0,10,7072.0,14,7068.0
AP410,,13:38:35.250#,7001.0,7080.0,6980.0,7656.0,6390.0,81880,160648,7062.0,25,7063.0,24,7064.0,14,7065.0,16,7066.0,27,7067.0,2,7068.0,35,7069.0,5,7070.0,110,7071.0,10,7068.0
AP410,,13:38:35.500#,7001.0,7080.0,6980.0,7656.0,6390.0,81880,160648,7062.0,25,7063.0,24,7064.0,14,7065.0,16,7066.0,27,7068.0,35,7069.0,5,7070.0,110,7071.0,10,7072.0,14,7068.0
AP410,,13:38:35.750#,7001.0,7080.0,6980.0,7656.0,6390.0,81880,160648,7062.0,25,7063.0,24,7064.0,14,7065.0,16,7066.0,27,7067.0,2,7068.0,35,7069.0,5,7070.0,110,7071.0,10,7068.0
AP410,,13:38:36.0#,7001.0,7080.0,6980.0,7656.0,6390.0,81880,160648,7062.0,25,7063.0,24,7064.0,14,7065.0,16,7066.0,27,7068.0,35,7069.0,5,7070.0,110,7071.0,10,7072.0,14,7068.0
AP410,,13:38:36.250#,7001.0,7080.0,6980.0,7656.0,6390.0,81881,160649,7062.0,25,7063.0,24,7064.0,14,7065.0,16,7066.0,30,7067.0,2,7068.0,35,7069.0,5,7070.0,110,7071.0,10,7068.0
AP410,,13:38:36.500#,7001.0,7080.0,6980.0,7656.0,6390.0,81882,160649,7062.0,25,7063.0,24,7064.0,14,7065.0,16,7066.0,30,7067.0,1,7068.0,35,7069.0,5,7070.0,110,7071.0,10,7066.0
AP410,,13:38:36.750#,7001.0,7080.0,6980.0,7656.0,6390.0,81888,160653,7062.0,25,7063.0,24,7064.0,14,7065.0,16,7066.0,25,7068.0,35,7069.0,5,7070.0,110,7071.0,10,7072.0,14,7066.0
AP410,,13:38:37.0#,7001.0,7080.0,6980.0,7656.0,6390.0,81888,160653,7063.0,24,7064.0,14,7065.0,16,7066.0,25,7067.0,1,7068.0,36,7069.0,5,7070.0,110,7071.0,10,7072.0,14,7066.0
AP410,,13:38:37.250#,7001.0,7080.0,6980.0,7656.0,6390.0,81901,160665,7062.0,25,7063.0,24,7064.0,14,7065.0,16,7066.0,25,7068.0,28,7069.0,5,7070.0,110,7071.0,10,7072.0,14,7068.0
AP410,,13:38:37.500#,7001.0,7080.0,6980.0,7656.0,6390.0,81904,160665,7062.0,25,7063.0,24,7064.0,14,7065.0,16,7066.0,22,7068.0,27,7069.0,5,7070.0,110,7071.0,10,7072.0,14,7066.0
AP410,,13:38:38.250#,7001.0,7080.0,6980.0,7656.0,6390.0,81909,160670,7062.0,25,7063.0,24,7064.0,14,7065.0,16,7066.0,17,7068.0,27,7069.0,5,7070.0,110,7071.0,10,7072.0,14,7066.0
AP410,,13:38:38.500#,7001.0,7080.0,6980.0,7656.0,6390.0,81909,160670,7062.0,25,7063.0,24,7064.0,14,7065.0,17,7066.0,17,7068.0,27,7069.0,5,7070.0,111,7071.0,10,7072.0,14,7066.0
AP410,,13:38:38.750#,7001.0,7080.0,6980.0,7656.0,6390.0,81921,160679,7062.0,25,7063.0,24,7064.0,14,7065.0,17,7066.0,7,7067.0,1,7068.0,25,7069.0,5,7070.0,111,7071.0,10,7068.0
AP410,,13:38:39.0#,7001.0,7080.0,6980.0,7656.0,6390.0,81921,160679,7062.0,25,7063.0,24,7064.0,14,7065.0,17,7066.0,7,7067.0,2,7068.0,25,7069.0,5,7070.0,111,7071.0,10,7068.0
AP410,,13:38:39.250#,7001.0,7080.0,6980.0,7656.0,6390.0,81924,160676,7062.0,25,7063.0,24,7064.0,14,7065.0,17,7066.0,7,7068.0,25,7069.0,5,7070.0,111,7071.0,10,7072.0,14,7067.0
AP410,,13:38:39.500#,7001.0,7080.0,6980.0,7656.0,6390.0,81924,160676,7062.0,25,7063.0,24,7064.0,14,7065.0,17,7066.0,7,7067.0,1,7068.0,25,7069.0,5,7070.0,111,7071.0,10,7067.0
AP410,,13:38:39.750#,7001.0,7080.0,6980.0,7656.0,6390.0,81924,160676,7062.0,25,7063.0,24,7064.0,14,7065.0,17,7066.0,7,7067.0,1,7068.0,25,7069.0,5,7070.0,112,7071.0,10,7067.0
AP410,,13:38:40.0#,7001.0,7080.0,6980.0,7656.0,6390.0,81924,160676,7062.0,25,7063.0,24,7064.0,14,7065.0,17,7066.0,8,7067.0,1,7068.0,26,7069.0,6,7070.0,112,7071.0,10,7067.0
AP410,,13:38:40.500#,7001.0,7080.0,6980.0,7656.0,6390.0,81924,160676,7062.0,25,7063.0,24,7064.0,14,7065.0,17,7066.0,8,7067.0,1,7068.0,26,7069.0,6,7070.0,112,7071.0,10,7067.0
AP410,,13:38:40.750#,7001.0,7080.0,6980.0,7656.0,6390.0,81926,160677,7062.0,25,7063.0,24,7064.0,14,7065.0,17,7066.0,6,7067.0,1,7068.0,28,7069.0,6,7070.0,112,7071.0,10,7066.0
AP410,,13:38:41.0#,7001.0,7080.0,6980.0,7656.0,6390.0,81926,160677,7062.0,25,7063.0,24,7064.0,14,7065.0,17,7066.0,6,7067.0,2,7068.0,28,7069.0,6,7070.0,112,7071.0,10,7066.0
AP410,,13:38:41.250#,7001.0,7080.0,6980.0,7656.0,6390.0,81928,160677,7063.0,24,7064.0,14,7065.0,17,7066.0,6,7067.0,2,7068.0,28,7069.0,6,7070.0,112,7071.0,10,7072.0,14,7067.0
AP410,,13:38:41.500#,7001.0,7080.0,6980.0,7656.0,6390.0,81930,160677,7062.0,25,7063.0,24,7064.0,14,7065.0,17,7066.0,5,7067.0,2,7068.0,28,7069.0,6,7070.0,112,7071.0,10,7067.0
AP410,,13:38:41.750#,7001.0,7080.0,6980.0,7656.0,6390.0,81930,160677,7062.0,25,7063.0,24,7064.0,15,7065.0,17,7066.0,5,7067.0,2,7068.0,28,7069.0,6,7070.0,112,7071.0,10,7067.0
AP410,,13:38:42.0#,7001.0,7080.0,6980.0,7656.0,6390.0,81931,160677,7062.0,25,7063.0,24,7064.0,15,7065.0,17,7066.0,5,7067.0,2,7068.0,28,7069.0,6,7070.0,112,7071.0,10,7066.0
AP410,,13:38:42.500#,7001.0,7080.0,6980.0,7656.0,6390.0,81931,160677,7062.0,25,7063.0,24,7064.0,15,7065.0,17,7066.0,6,7067.0,2,7068.0,28,7069.0,7,7070.0,112,7071.0,10,7066.0
AP410,,13:38:43.250#,7001.0,7080.0,6980.0,7656.0,6390.0,81931,160677,7062.0,25,7063.0,24,7064.0,15,7065.0,18,7066.0,6,7067.0,2,7068.0,28,7069.0,7,7070.0,112,7071.0,10,7066.0
AP410,,13:38:44.0#,7001.0,7080.0,6980.0,7656.0,6390.0,81931,160677,7062.0,25,7063.0,24,7064.0,15,7065.0,18,7066.0,6,7067.0,2,7068.0,28,7069.0,7,7070.0,112,7071.0,10,7066.0
AP410,,13:38:44.250#,7001.0,7080.0,6980.0,7656.0,6390.0,81931,160677,7062.0,25,7063.0,24,7064.0,15,7065.0,18,7066.0,7,7067.0,2,7068.0,28,7069.0,7,7070.0,112,7071.0,10,7066.0
AP410,,13:38:44.500#,7001.0,7080.0,6980.0,7656.0,6390.0,81931,160677,7062.0,25,7063.0,24,7064.0,15,7065.0,14,7066.0,7,7068.0,28,7069.0,7,7070.0,112,7071.0,10,7072.0,14,7066.0
AP410,,13:38:44.750#,7001.0,7080.0,6980.0,7656.0,6390.0,81931,160677,7062.0,25,7063.0,24,7064.0,15,7065.0,14,7066.0,7,7068.0,28,7069.0,7,7070.0,113,7071.0,10,7072.0,14,7066.0
AP410,,13:38:45.250#,7001.0,7080.0,6980.0,7656.0,6390.0,81931,160677,7062.0,25,7063.0,24,7064.0,15,7065.0,14,7066.0,7,7068.0,28,7069.0,7,7070.0,113,7071.0,10,7072.0,15,7066.0
AP410,,13:38:45.500#,7001.0,7080.0,6980.0,7656.0,6390.0,81939,160675,7061.0,7,7062.0,25,7063.0,24,7064.0,15,7065.0,15,7066.0,7,7068.0,28,7069.0,7,7070.0,113,7071.0,10,7066.0
AP410,,13:38:45.750#,7001.0,7080.0,6980.0,7656.0,6390.0,81945,160673,7061.0,7,7062.0,25,7063.0,24,7064.0,15,7065.0,15,7066.0,1,7067.0,1,7068.0,28,7069.0,7,7070.0,113,7066.0
AP410,,13:38:46.0#,7001.0,7080.0,6980.0,7656.0,6390.0,81945,160673,7061.0,7,7062.0,25,7063.0,24,7064.0,15,7065.0,14,7066.0,1,7067.0,1,7068.0,28,7069.0,7,7070.0,113,7066.0
AP410,,13:38:46.250#,7001.0,7080.0,6980.0,7656.0,6390.0,81945,160673,7061.0,7,7062.0,25,7063.0,24,7064.0,15,7065.0,14,7066.0,1,7067.0,1,7068.0,18,7069.0,7,7070.0,113,7066.0
AP410,,13:38:47.500#,7001.0,7080.0,6980.0,7656.0,6390.0,81945,160673,7061.0,7,7062.0,25,7063.0,24,7064.0,15,7065.0,14,7066.0,1,7067.0,1,7068.0,18,7069.0,7,7070.0,113,7066.0
AP410,,13:38:47.750#,7001.0,7080.0,6980.0,7656.0,6390.0,81946,160672,7062.0,25,7063.0,24,7064.0,15,7065.0,14,7066.0,7,7067.0,1,7068.0,18,7069.0,7,7070.0,113,7071.0,10,7066.0
AP410,,13:38:48.0#,7001.0,7080.0,6980.0,7656.0,6390.0,81947,160671,7062.0,25,7063.0,24,7064.0,14,7065.0,14,7066.0,11,7067.0,1,7068.0,18,7069.0,7,7070.0,113,7071.0,10,7066.0
AP410,,13:38:48.500#,7001.0,7080.0,6980.0,7656.0,6390.0,81950,160668,7062.0,25,7063.0,24,7064.0,14,7065.0,14,7066.0,8,7067.0,1,7068.0,18,7069.0,7,7070.0,113,7071.0,10,7066.0
AP410,,13:38:48.750#,7001.0,7080.0,6980.0,7656.0,6390.0,81951,160667,7062.0,25,7063.0,24,7064.0,14,7065.0,14,7066.0,8,7068.0,18,7069.0,7,7070.0,113,7071.0,10,7072.0,15,7067.0
AP410,,13:38:49.500#,7001.0,7080.0,6980.0,7656.0,6390.0,81951,160667,7062.0,25,7063.0,24,7064.0,14,7065.0,14,7066.0,8,7068.0,18,7069.0,7,7070.0,113,7071.0,10,7072.0,15,7067.0
AP410,,13:38:49.750#,7001.0,7080.0,6980.0,7656.0,6390.0,81959,160672,7061.0,7,7062.0,25,7063.0,24,7064.0,14,7065.0,15,7066.0,2,7068.0,18,7069.0,7,7070.0,113,7071.0,10,7066.0
AP410,,13:38:50.0#,7001.0,7080.0,6980.0,7656.0,6390.0,81960,160673,7061.0,7,7062.0,25,7063.0,24,7064.0,14,7065.0,15,7066.0,1,7068.0,18,7069.0,7,7070.0,113,7071.0,10,7066.0
AP410,,13:38:50.750#,7001.0,7080.0,6980.0,7656.0,6390.0,81961,160674,7061.0,7,7062.0,25,7063.0,24,7064.0,14,7065.0,15,7068.0,18,7069.0,7,7070.0,113,7071.0,10,7072.0,15,7066.0
AP410,,13:38:51.0#,7001.0,7080.0,6980.0,7656.0,6390.0,81961,160674,7061.0,7,7062.0,25,7063.0,24,7064.0,14,7065.0,15,7067.0,1,7068.0,18,7069.0,7,7070.0,113,7071.0,10,7066.0
AP410,,13:38:51.250#,7001.0,7080.0,6980.0,7656.0,6390.0,81961,160674,7061.0,7,7062.0,25,7063.0,24,7064.0,14,7065.0,16,7067.0,1,7068.0,18,7069.0,7,7070.0,113,7071.0,10,7066.0
AP410,,13:38:51.500#,7001.0,7080.0,6980.0,7656.0,6390.0,81961,160674,7062.0,25,7063.0,24,7064.0,14,7065.0,15,7066.0,7,7067.0,1,7068.0,18,7069.0,7,7070.0,113,7071.0,10,7066.0
AP410,,13:38:52.0#,7001.0,7080.0,6980.0,7656.0,6390.0,81961,160674,7062.0,25,7063.0,25,7064.0,14,7065.0,15,7066.0,7,7067.0,2,7068.0,18,7069.0,7,7070.0,113,7071.0,10,7066.0
AP410,,13:38:53.0#,7001.0,7080.0,6980.0,7656.0,6390.0,81961,160674,7062.0,25,7063.0,25,7064.0,14,7065.0,15,7066.0,7,7067.0,2,7068.0,18,7069.0,7,7070.0,113,7071.0,10,7066.0
AP410,,13:38:53.500#,7001.0,7080.0,6980.0,7656.0,6390.0,81962,160673,7062.0,25,7063.0,25,7064.0,14,7065.0,15,7066.0,7,7067.0,1,7068.0,18,7069.0,7,7070.0,113,7071.0,10,7067.0
AP410,,13:38:54.250#,7001.0,7080.0,6980.0,7656.0,6390.0,81963,160673,7062.0,25,7063.0,25,7064.0,14,7065.0,17,7066.0,7,7067.0,1,7068.0,18,7069.0,7,7070.0,113,7071.0,10,7066.0
AP410,,13:38:54.750#,7001.0,7080.0,6980.0,7656.0,6390.0,81970,160670,7061.0,7,7062.0,25,7063.0,25,7064.0,14,7065.0,18,7066.0,8,7067.0,1,7068.0,18,7069.0,7,7070.0,113,7066.0
AP410,,13:38:55.0#,7001.0,7080.0,6980.0,7656.0,6390.0,81971,160671,7061.0,7,7062.0,25,7063.0,25,7064.0,14,7065.0,17,7066.0,11,7067.0,1,7068.0,18,7069.0,7,7070.0,113,7065.0
AP410,,13:38:55.250#,7001.0,7080.0,6980.0,7656.0,6390.0,81971,160671,7061.0,7,7062.0,25,7063.0,25,7064.0,14,7065.0,18,7066.0,11,7067.0,1,7068.0,18,7069.0,7,7070.0,113,7065.0
AP410,,13:38:55.500#,7001.0,7080.0,6980.0,7656.0,6390.0,81973,160669,7061.0,7,7062.0,25,7063.0,25,7064.0,14,7065.0,18,7066.0,9,7067.0,2,7068.0,18,7069.0,7,7070.0,113,7066.0
AP410,,13:38:55.750#,7001.0,7080.0,6980.0,7656.0,6390.0,81973,160669,7061.0,7,7062.0,25,7063.0,25,7064.0,14,7065.0,18,7066.0,10,7067.0,2,7068.0,18,7069.0,7,7070.0,113,7066.0
AP410,,13:38:56.0#,7001.0,7080.0,6980.0,7656.0,6390.0,81977,160665,7061.0,7,7062.0,25,7063.0,25,7064.0,14,7065.0,18,7066.0,6,7067.0,2,7068.0,18,7069.0,7,7070.0,114,7066.0
AP410,,13:38:56.250#,7001.0,7080.0,6980.0,7656.0,6390.0,81981,160661,7061.0,7,7062.0,25,7063.0,25,7064.0,14,7065.0,17,7066.0,6,7067.0,2,7068.0,18,7069.0,7,7070.0,114,7065.0
AP410,,13:38:56.500#,7001.0,7080.0,6980.0,7656.0,6390.0,81981,160661,7061.0,7,7062.0,25,7063.0,25,7064.0,14,7065.0,17,7066.0,6,7067.0,13,7068.0,18,7069.0,7,7070.0,114,7065.0
AP410,,13:38:57.0#,7001.0,7080.0,6980.0,7656.0,6390.0,81983,160661,7061.0,7,7062.0,25,7063.0,25,7064.0,14,7065.0,17,7066.0,4,7067.0,13,7068.0,18,7069.0,7,7070.0,114,7066.0
AP410,,13:38:57.250#,7001.0,7080.0,6980.0,7656.0,6390.0,81984,160661,7061.0,7,7062.0,25,7063.0,25,7064.0,14,7065.0,17,7066.0,3,7067.0,13,7068.0,18,7069.0,7,7070.0,114,7066.0
AP410,,13:38:57.500#,7001.0,7080.0,6980.0,7656.0,6390.0,81987,160660,7061.0,7,7062.0,25,7063.0,25,7064.0,14,7065.0,15,7066.0,2,7067.0,13,7068.0,18,7069.0,7,7070.0,114,7065.0
AP410,,13:38:57.750#,7001.0,7080.0,6980.0,7656.0,6390.0,81987,160660,7061.0,7,7062.0,25,7063.0,25,7064.0,14,7065.0,15,7066.0,3,7067.0,13,7068.0,18,7069.0,7,7070.0,114,7065.0
AP410,,13:38:58.250#,7001.0,7080.0,6980.0,7656.0,6390.0,81987,160660,7061.0,7,7062.0,25,7063.0,25,7064.0,14,7065.0,15,7066.0,3,7067.0,13,7068.0,18,7069.0,7,7070.0,114,7065.0
AP410,,13:38:58.500#,7001.0,7080.0,6980.0,7656.0,6390.0,81988,160660,7061.0,7,7062.0,25,7063.0,25,7064.0,14,7065.0,14,7066.0,3,7067.0,13,7068.0,18,7069.0,7,7070.0,114,7065.0
AP410,,13:38:58.750#,7001.0,7080.0,6980.0,7656.0,6390.0,81996,160654,7061.0,7,7062.0,25,7063.0,25,7064.0,14,7065.0,6,7066.0,4,7067.0,13,7068.0,18,7069.0,7,7070.0,114,7065.0
AP410,,13:38:59.0#,7001.0,7080.0,6980.0,7656.0,6390.0,81997,160654,7061.0,7,7062.0,25,7063.0,25,7064.0,14,7065.0,9,7066.0,4,7067.0,15,7068.0,18,7069.0,7,7070.0,114,7065.0
AP410,,13:38:59.250#,7001.0,7080.0,6980.0,7656.0,6390.0,82000,160652,7061.0,7,7062.0,25,7063.0,25,7064.0,14,7065.0,9,7066.0,1,7067.0,15,7068.0,18,7069.0,7,7070.0,114,7066.0
AP410,,13:38:59.500#,7001.0,7080.0,6980.0,7656.0,6390.0,82000,160652,7061.0,7,7062.0,25,7063.0,25,7064.0,14,7065.0,9,7066.0,1,7067.0,13,7068.0,18,7069.0,7,7070.0,114,7066.0
AP410,,13:38:59.750#,7001.0,7080.0,6980.0,7656.0,6390.0,82001,160653,7061.0,7,7062.0,25,7063.0,25,7064.0,14,7065.0,8,7066.0,1,7067.0,13,7068.0,18,7069.0,7,7070.0,114,7065.0
AP410,,13:39:00.0#,7001.0,7080.0,6980.0,7656.0,6390.0,82003,160654,7061.0,7,7062.0,25,7063.0,25,7064.0,14,7065.0,6,7066.0,1,7067.0,13,7068.0,18,7069.0,7,7070.0,104,7065.0
AP410,,13:39:00.250#,7001.0,7080.0,6980.0,7656.0,6390.0,82004,160653,7062.0,25,7063.0,25,7064.0,14,7065.0,6,7066.0,1,7067.0,13,7068.0,18,7069.0,7,7070.0,104,7071.0,10,7066.0
AP410,,13:39:00.500#,7001.0,7080.0,6980.0,7656.0,6390.0,82005,160654,7061.0,7,7062.0,25,7063.0,25,7064.0,14,7065.0,6,7067.0,13,7068.0,18,7069.0,7,7070.0,104,7071.0,10,7066.0
AP410,,13:39:00.750#,7001.0,7080.0,6980.0,7656.0,6390.0,82005,160654,7061.0,7,7062.0,25,7063.0,25,7064.0,14,7065.0,6,7067.0,63,7068.0,18,7069.0,7,7070.0,104,7071.0,10,7066.0
AP410,,13:39:01.0#,7001.0,7080.0,6980.0,7656.0,6390.0,82011,160654,7060.0,26,7061.0,7,7062.0,25,7063.0,25,7064.0,16,7065.0,1,7066.0,7,7067.0,75,7068.0,18,7069.0,7,7065.0
AP410,,13:39:01.250#,7001.0,7080.0,6980.0,7656.0,6390.0,82011,160654,7060.0,26,7061.0,7,7062.0,25,7063.0,25,7064.0,17,7065.0,1,7066.0,12,7067.0,75,7068.0,18,7069.0,7,7065.0
AP410,,13:39:01.750#,7001.0,7080.0,6980.0,7656.0,6390.0,82021,160662,7060.0,26,7061.0,7,7062.0,25,7063.0,25,7064.0,17,7066.0,3,7067.0,75,7068.0,18,7069.0,7,7070.0,114,7066.0
AP410,,13:39:02.0#,7001.0,7080.0,6980.0,7656.0,6390.0,82022,160663,7060.0,26,7061.0,7,7062.0,25,7063.0,25,7064.0,17,7067.0,75,7068.0,18,7069.0,7,7070.0,114,7071.0,10,7066.0
AP410,,13:39:02.250#,7001.0,7080.0,6980.0,7656.0,6390.0,82022,160663,7060.0,26,7061.0,7,7062.0,25,7063.0,25,7064.0,17,7067.0,75,7068.0,18,7069.0,7,7070.0,114,7071.0,10,7066.0
AP410,,13:39:02.500#,7001.0,7080.0,6980.0,7656.0,6390.0,82027,160665,7060.0,26,7061.0,7,7062.0,25,7063.0,25,7064.0,12,7067.0,75,7068.0,18,7069.0,7,7070.0,114,7071.0,10,7064.0
AP410,,13:39:02.750#,7001.0,7080.0,6980.0,7656.0,6390.0,82027,160665,7061.0,7,7062.0,25,7063.0,25,7064.0,10,7066.0,1,7067.0,75,7068.0,18,7069.0,7,7070.0,114,7071.0,10,7064.0
AP410,,13:39:03.0#,7001.0,7080.0,6980.0,7656.0,6390.0,82035,160668,7060.0,26,7061.0,7,7062.0,25,7063.0,25,7064.0,5,7066.0,8,7067.0,75,7068.0,18,7069.0,7,7070.0,114,7064.0
AP410,,13:39:03.250#,7001.0,7080.0,6980.0,7656.0,6390.0,82035,160668,7060.0,26,7061.0,7,7062.0,25,7063.0,25,7064.0,5,7065.0,1,7066.0,11,7067.0,75,7068.0,18,7069.0,7,7064.0
AP410,,13:39:03.500#,7001.0,7080.0,6980.0,7656.0,6390.0,82041,160672,7059.0,23,7060.0,26,7061.0,7,7062.0,25,7063.0,25,7066.0,11,7067.0,75,7068.0,18,7069.0,7,7070.0,114,7065.0
AP410,,13:39:03.750#,7001.0,7080.0,6980.0,7656.0,6390.0,82041,160672,7059.0,23,7060.0,26,7061.0,7,7062.0,25,7063.0,25,7066.0,28,7067.0,64,7068.0,18,7069.0,7,7070.0,114,7065.0
AP410,,13:39:04.0#,7001.0,7080.0,6980.0,7656.0,6390.0,82041,160672,7059.0,23,7060.0,26,7061.0,7,7062.0,25,7063.0,20,7065.0,5,7066.0,28,7067.0,64,7068.0,18,7069.0,7,7065.0
AP410,,13:39:04.250#,7001.0,7080.0,6980.0,7656.0,6390.0,82041,160672,7059.0,23,7060.0,26,7061.0,7,7062.0,25,7063.0,21,7064.0,2,7065.0,7,7066.0,28,7067.0,64,7068.0,18,7065.0
AP410,,13:39:04.500#,7001.0,7080.0,6980.0,7656.0,6390.0,82042,160672,7060.0,26,7061.0,7,7062.0,25,7063.0,21,7064.0,1,7065.0,5,7066.0,28,7067.0,64,7068.0,18,7069.0,7,7064.0
AP410,,13:39:04.750#,7001.0,7080.0,6980.0,7656.0,6390.0,82042,160672,7059.0,23,7060.0,26,7061.0,7,7062.0,25,7063.0,21,7066.0,28,7067.0,66,7068.0,18,7069.0,7,7070.0,114,7064.0
AP410,,13:39:05.250#,7001.0,7080.0,6980.0,7656.0,6390.0,82043,160671,7059.0,23,7060.0,26,7061.0,7,7062.0,25,7063.0,20,7066.0,28,7067.0,66,7068.0,18,7069.0,7,7070.0,114,7063.0
AP410,,13:39:05.500#,7001.0,7080.0,6980.0,7656.0,6390.0,82044,160671,7059.0,23,7060.0,25,7061.0,7,7062.0,25,7063.0,20,7066.0,27,7067.0,66,7068.0,18,7069.0,7,7070.0,114,7066.0
AP410,,13:39:05.750#,7001.0,7080.0,6980.0,7656.0,6390.0,82044,160671,7060.0,25,7061.0,7,7062.0,25,7063.0,22,7064.0,1,7065.0,3,7066.0,27,7067.0,66,7068.0,18,7069.0,7,7066.0
AP410,,13:39:06.0#,7001.0,7080.0,6980.0,7656.0,6390.0,82049,160673,7059.0,23,7060.0,25,7061.0,7,7062.0,25,7063.0,22,7065.0,1,7066.0,24,7067.0,66,7068.0,18,7069.0,7,7064.0
AP410,,13:39:06.250#,7001.0,7080.0,6980.0,7656.0,6390.0,82052,160672,7059.0,23,7060.0,25,7061.0,7,7062.0,25,7063.0,22,7065.0,1,7066.0,24,7067.0,66,7068.0,18,7069.0,7,7064.0
AP410,,13:39:06.500#,7001.0,7080.0,6980.0,7656.0,6390.0,82052,160672,7059.0,23,7060.0,25,7061.0,7,7062.0,25,7063.0,27,7064.0,14,7065.0,1,7066.0,24,7067.0,66,7068.0,18,7064.0
AP410,,13:39:07.0#,7001.0,7080.0,6980.0,7656.0,6390.0,82059,160679,7059.0,23,7060.0,25,7061.0,7,7062.0,25,7063.0,27,7064.0,7,7065.0,1,7066.0,24,7067.0,66,7068.0,18,7064.0
AP410,,13:39:07.250#,7001.0,7080.0,6980.0,7656.0,6390.0,82061,160681,7059.0,23,7060.0,25,7061.0,7,7062.0,25,7063.0,28,7064.0,6,7065.0,1,7066.0,24,7067.0,66,7068.0,18,7064.0
AP410,,13:39:07.500#,7001.0,7080.0,6980.0,7656.0,6390.0,82061,160681,7059.0,23,7060.0,25,7061.0,7,7062.0,25,7063.0,28,7064.0,6,7065.0,1,7066.0,24,7067.0,71,7068.0,18,7064.0
AP410,,13:39:07.750#,7001.0,7080.0,6980.0,7656.0,6390.0,82066,160682,7059.0,23,7060.0,25,7061.0,7,7062.0,25,7063.0,26,7064.0,4,7065.0,1,7066.0,24,7067.0,71,7068.0,18,7064.0
AP410,,13:39:08.0#,7001.0,7080.0,6980.0,7656.0,6390.0,82066,160682,7059.0,23,7060.0,25,7061.0,7,7062.0,25,7063.0,26,7064.0,4,7065.0,1,7066.0,24,7067.0,71,7068.0,18,7064.0
AP410,,13:39:08.250#,7001.0,7080.0,6980.0,7656.0,6390.0,82066,160682,7059.0,23,7060.0,25,7061.0,7,7062.0,25,7063.0,26,7064.0,4,7065.0,1,7066.0,24,7067.0,71,7068.0,18,7064.0
AP410,,13:39:08.500#,7001.0,7080.0,6980.0,7656.0,6390.0,82066,160682,7059.0,23,7060.0,25,7061.0,7,7062.0,25,7063.0,26,7064.0,5,7065.0,1,7066.0,24,7067.0,71,7068.0,18,7064.0
AP410,,13:39:08.750#,7001.0,7080.0,6980.0,7656.0,6390.0,82066,160682,7059.0,23,7060.0,25,7061.0,7,7062.0,25,7063.0,26,7064.0,5,7065.0,1,7066.0,24,7067.0,71,7068.0,18,7064.0
AP410,,13:39:09.0#,7001.0,7080.0,6980.0,7656.0,6390.0,82067,160683,7059.0,23,7060.0,25,7061.0,7,7062.0,25,7063.0,27,7064.0,4,7065.0,1,7066.0,24,7067.0,71,7068.0,18,7064.0
AP410,,13:39:09.250#,7001.0,7080.0,6980.0,7656.0,6390.0,82070,160683,7059.0,23,7060.0,25,7061.0,7,7062.0,25,7063.0,27,7064.0,1,7065.0,1,7066.0,24,7067.0,71,7068.0,18,7064.0
AP410,,13:39:09.500#,7001.0,7080.0,6980.0,7656.0,6390.0,82100,160695,7058.0,24,7059.0,23,7060.0,25,7061.0,7,7062.0,26,7063.0,20,7064.0,2,7065.0,1,7066.0,24,7067.0,71,7063.0
AP410,,13:39:09.750#,7001.0,7080.0,6980.0,7656.0,6390.0,82104,160697,7058.0,24,7059.0,23,7060.0,25,7061.0,7,7062.0,20,7063.0,25,7064.0,3,7066.0,16,7067.0,71,7068.0,18,7063.0
AP410,,13:39:10.0#,7001.0,7080.0,6980.0,7656.0,6390.0,82119,160697,7058.0,24,7059.0,23,7060.0,25,7061.0,7,7062.0,19,7063.0,10,7064.0,3,7066.0,16,7067.0,71,7068.0,18,7063.0
AP410,,13:39:10.250#,7001.0,7080.0,6980.0,7656.0,6390.0,82122,160700,7058.0,24,7059.0,23,7060.0,25,7061.0,7,7062.0,19,7063.0,7,7064.0,3,7066.0,16,7067.0,71,7068.0,18,7063.0
AP410,,13:39:10.500#,7001.0,7080.0,6980.0,7656.0,6390.0,82124,160700,7058.0,24,7059.0,23,7060.0,25,7061.0,7,7062.0,20,7063.0,6,7064.0,3,7066.0,16,7067.0,71,7068.0,18,7062.0
AP410,,13:39:10.750#,7001.0,7080.0,6980.0,7656.0,6390.0,82126,160700,7058.0,24,7059.0,23,7060.0,25,7061.0,7,7062.0,18,7063.0,6,7064.0,3,7066.0,16,7067.0,71,7068.0,18,7062.0
AP410,,13:39:11.0#,7001.0,7080.0,6980.0,7656.0,6390.0,82127,160700,7058.0,24,7059.0,23,7060.0,25,7061.0,7,7062.0,17,7063.0,6,7064.0,3,7066.0,16,7067.0,71,7068.0,18,7062.0
AP410,,13:39:11.250#,7001.0,7080.0,6980.0,7656.0,6390.0,82127,160700,7058.0,24,7059.0,23,7060.0,25,7061.0,7,7062.0,17,7063.0,6,7064.0,3,7065.0,2,7066.0,16,7067.0,70,7062.0
AP410,,13:39:11.500#,7001.0,7080.0,6980.0,7656.0,6390.0,82128,160701,7058.0,24,7059.0,23,7060.0,25,7061.0,7,7062.0,16,7063.0,6,7064.0,3,7065.0,2,7066.0,16,7067.0,70,7062.0
AP410,,13:39:11.750#,7001.0,7080.0,6980.0,7656.0,6390.0,82137,160703,7058.0,24,7059.0,23,7060.0,25,7061.0,7,7062.0,8,7063.0,5,7064.0,3,7065.0,2,7066.0,16,7067.0,70,7063.0
AP410,,13:39:12.0#,7001.0,7080.0,6980.0,7656.0,6390.0,82137,160703,7058.0,24,7059.0,23,7060.0,26,7061.0,7,7062.0,8,7063.0,5,7064.0,3,7065.0,2,7066.0,16,7067.0,70,7063.0
AP410,,13:39:12.250#,7001.0,7080.0,6980.0,7656.0,6390.0,82139,160704,7058.0,24,7059.0,23,7060.0,26,7061.0,7,7062.0,11,7063.0,5,7064.0,3,7065.0,2,7066.0,16,7067.0,70,7062.0
AP410,,13:39:12.500#,7001.0,7080.0,6980.0,7656.0,6390.0,82140,160704,7058.0,24,7059.0,23,7060.0,26,7061.0,7,7062.0,11,7063.0,4,7064.0,3,7065.0,2,7066.0,16,7067.0,70,7063.0
AP410,,13:39:12.750#,7001.0,7080.0,6980.0,7656.0,6390.0,82141,160705,7058.0,24,7059.0,23,7060.0,30,7061.0,7,7062.0,10,7063.0,4,7064.0,3,7065.0,2,7066.0,16,7067.0,70,7062.0
AP410,,13:39:13.0#,7001.0,7080.0,6980.0,7656.0,6390.0,82147,160708,7058.0,24,7059.0,23,7060.0,30,7061.0,7,7062.0,4,7063.0,4,7064.0,3,7065.0,2,7066.0,16,7067.0,70,7062.0
AP410,,13:39:13.250#,7001.0,7080.0,6980.0,7656.0,6390.0,82147,160708,7058.0,24,7059.0,23,7060.0,30,7061.0,7,7062.0,4,7063.0,4,7064.0,3,7065.0,2,7066.0,16,7067.0,70,7062.0
AP410,,13:39:13.500#,7001.0,7080.0,6980.0,7656.0,6390.0,82147,160708,7058.0,24,7059.0,23,7060.0,30,7061.0,7,7062.0,9,7063.0,4,7064.0,3,7065.0,2,7066.0,16,7067.0,70,7062.0
AP410,,13:39:13.750#,7001.0,7080.0,6980.0,7656.0,6390.0,82148,160707,7058.0,24,7059.0,23,7060.0,30,7061.0,7,7062.0,8,7063.0,4,7064.0,3,7065.0,2,7066.0,16,7067.0,70,7062.0
AP410,,13:39:14.0#,7001.0,7080.0,6980.0,7656.0,6390.0,82150,160707,7058.0,24,7059.0,23,7060.0,30,7061.0,7,7062.0,8,7063.0,3,7064.0,3,7065.0,2,7066.0,16,7067.0,70,7063.0
AP410,,13:39:14.500#,7001.0,7080.0,6980.0,7656.0,6390.0,82154,160709,7059.0,23,7060.0,30,7061.0,7,7062.0,8,7063.0,2,7064.0,3,7065.0,2,7066.0,16,7067.0,70,7068.0,18,7063.0
AP410,,13:39:14.750#,7001.0,7080.0,6980.0,7656.0,6390.0,82155,160710,7059.0,23,7060.0,30,7061.0,7,7062.0,8,7063.0,1,7064.0,3,7065.0,2,7066.0,16,7067.0,70,7068.0,18,7063.0
AP410,,13:39:15.0#,7001.0,7080.0,6980.0,7656.0,6390.0,82164,160711,7057.0,6,7058.0,24,7059.0,23,7060.0,30,7061.0,8,7062.0,2,7064.0,3,7065.0,2,7066.0,16,7067.0,70,7062.0
AP410,,13:39:15.250#,7001.0,7080.0,6980.0,7656.0,6390.0,82166,160713,7058.0,24,7059.0,23,7060.0,30,7061.0,8,7062.0,13,7064.0,3,7065.0,2,7066.0,16,7067.0,70,7068.0,18,7062.0
AP410,,13:39:15.500#,7001.0,7080.0,6980.0,7656.0,6390.0,82166,160713,7059.0,23,7060.0,30,7061.0,8,7062.0,9,7063.0,1,7064.0,3,7065.0,2,7066.0,16,7067.0,70,7068.0,18,7062.0
AP410,,13:39:15.750#,7001.0,7080.0,6980.0,7656.0,6390.0,82166,160713,7059.0,23,7060.0,30,7061.0,8,7062.0,10,7063.0,1,7064.0,3,7065.0,2,7066.0,16,7067.0,70,7068.0,18,7062.0
AP410,,13:39:16.0#,7001.0,7080.0,6980.0,7656.0,6390.0,82166,160713,7059.0,23,7060.0,30,7061.0,8,7062.0,10,7063.0,1,7064.0,4,7065.0,2,7066.0,16,7067.0,70,7068.0,18,7062.0
AP410,,13:39:16.250#,7001.0,7080.0,6980.0,7656.0,6390.0,82166,160713,7059.0,23,7060.0,30,7061.0,8,7062.0,11,7063.0,1,7064.0,5,7065.0,2,7066.0,16,7067.0,70,7068.0,18,7062.0
AP410,,13:39:16.500#,7001.0,7080.0,6980.0,7656.0,6390.0,82166,160713,7059.0,23,7060.0,30,7061.0,8,7062.0,11,7063.0,2,7064.0,5,7065.0,2,7066.0,16,7067.0,70,7068.0,18,7062.0
AP410,,13:39:16.750#,7001.0,7080.0,6980.0,7656.0,6390.0,82168,160712,7059.0,23,7060.0,30,7061.0,8,7062.0,11,7063.0,1,7064.0,5,7065.0,2,7066.0,16,7067.0,70,7068.0,18,7063.0
AP410,,13:39:17.0#,7001.0,7080.0,6980.0,7656.0,6390.0,82178,160721,7058.0,24,7059.0,23,7060.0,30,7061.0,8,7062.0,2,7064.0,5,7065.0,2,7066.0,16,7067.0,70,7068.0,18,7062.0
AP410,,13:39:17.500#,7001.0,7080.0,6980.0,7656.0,6390.0,82178,160721,7058.0,24,7059.0,23,7060.0,30,7061.0,8,7062.0,4,7064.0,5,7065.0,2,7066.0,16,7067.0,70,7068.0,18,7062.0
AP410,,13:39:17.750#,7001.0,7080.0,6980.0,7656.0,6390.0,82178,160721,7059.0,23,7060.0,30,7061.0,8,7062.0,4,7063.0,1,7064.0,5,7065.0,2,7066.0,16,7067.0,71,7068.0,18,7062.0
AP410,,13:39:18.250#,7001.0,7080.0,6980.0,7656.0,6390.0,82178,160721,7059.0,23,7060.0,31,7061.0,8,7062.0,18,7063.0,1,7064.0,5,7065.0,2,7066.0,16,7067.0,71,7068.0,18,7062.0
AP410,,13:39:18.500#,7001.0,7080.0,6980.0,7656.0,6390.0,82179,160721,7059.0,23,7060.0,31,7061.0,8,7062.0,18,7063.0,1,7064.0,5,7065.0,2,7066.0,16,7067.0,71,7068.0,18,7063.0
AP410,,13:39:19.0#,7001.0,7080.0,6980.0,7656.0,6390.0,82179,160721,7059.0,23,7060.0,31,7061.0,8,7062.0,19,7063.0,1,7064.0,5,7065.0,2,7066.0,16,7067.0,71,7068.0,18,7063.0
AP410,,13:39:19.250#,7001.0,7080.0,6980.0,7656.0,6390.0,82180,160722,7058.0,24,7059.0,23,7060.0,31,7061.0,8,7062.0,19,7064.0,5,7065.0,2,7066.0,16,7067.0,71,7068.0,18,7063.0
AP410,,13:39:19.500#,7001.0,7080.0,6980.0,7656.0,6390.0,82180,160722,7058.0,24,7059.0,23,7060.0,31,7061.0,8,7062.0,19,7063.0,2,7064.0,5,7065.0,2,7066.0,16,7067.0,71,7063.0
AP410,,13:39:19.750#,7001.0,7080.0,6980.0,7656.0,6390.0,82180,160722,7058.0,24,7059.0,23,7060.0,31,7061.0,8,7062.0,19,7063.0,2,7064.0,5,7065.0,3,7066.0,16,7067.0,71,7063.0
AP410,,13:39:20.0#,7001.0,7080.0,6980.0,7656.0,6390.0,82180,160722,7058.0,24,7059.0,23,7060.0,31,7061.0,8,7062.0,19,7063.0,3,7064.0,5,7065.0,3,7066.0,16,7067.0,71,7063.0
AP410,,13:39:20.250#,7001.0,7080.0,6980.0,7656.0,6390.0,82185,160718,7058.0,24,7059.0,23,7060.0,31,7061.0,8,7062.0,14,7063.0,3,7064.0,5,7065.0,3,7066.0,16,7067.0,71,7062.0
AP410,,13:39:20.500#,7001.0,7080.0,6980.0,7656.0,6390.0,82186,160719,7058.0,24,7059.0,23,7060.0,32,7061.0,8,7062.0,14,7063.0,10,7064.0,5,7065.0,3,7066.0,16,7067.0,71,7063.0
AP410,,13:39:20.750#,7001.0,7080.0,6980.0,7656.0,6390.0,82186,160719,7058.0,24,7059.0,23,7060.0,32,7061.0,8,7062.0,14,7063.0,11,7064.0,5,7065.0,3,7066.0,16,7067.0,71,7063.0
AP410,,13:39:21.0#,7001.0,7080.0,6980.0,7656.0,6390.0,82189,160717,7058.0,24,7059.0,23,7060.0,32,7061.0,8,7062.0,12,7063.0,12,7064.0,5,7065.0,3,7066.0,16,7067.0,71,7063.0
AP410,,13:39:21.250#,7001.0,7080.0,6980.0,7656.0,6390.0,82189,160717,7058.0,24,7059.0,23,7060.0,32,7061.0,8,7062.0,12,7063.0,12,7064.0,6,7065.0,3,7066.0,16,7067.0,71,7063.0
AP410,,13:39:21.500#,7001.0,7080.0,6980.0,7656.0,6390.0,82189,160717,7058.0,24,7059.0,23,7060.0,31,7061.0,8,7062.0,12,7063.0,12,7064.0,6,7065.0,3,7066.0,17,7067.0,71,7063.0
AP410,,13:39:21.750#,7001.0,7080.0,6980.0,7656.0,6390.0,82198,160717,7058.0,24,7059.0,23,7060.0,31,7061.0,8,7062.0,12,7063.0,4,7064.0,7,7065.0,3,7066.0,17,7067.0,71,7063.0
AP410,,13:39:22.250#,7001.0,7080.0,6980.0,7656.0,6390.0,82198,160717,7058.0,24,7059.0,23,7060.0,31,7061.0,8,7062.0,12,7063.0,5,7064.0,7,7065.0,3,7066.0,17,7067.0,71,7063.0
AP410,,13:39:22.500#,7001.0,7080.0,6980.0,7656.0,6390.0,82200,160717,7058.0,24,7059.0,23,7060.0,31,7061.0,8,7062.0,11,7063.0,4,7064.0,7,7065.0,3,7066.0,17,7067.0,71,7063.0
AP410,,13:39:22.750#,7001.0,7080.0,6980.0,7656.0,6390.0,82203,160715,7058.0,24,7059.0,23,7060.0,31,7061.0,8,7062.0,11,7063.0,1,7064.0,7,7065.0,3,7066.0,17,7067.0,60,7063.0
AP410,,13:39:23.250#,7001.0,7080.0,6980.0,7656.0,6390.0,82205,160715,7058.0,24,7059.0,23,7060.0,31,7061.0,8,7062.0,11,7064.0,8,7065.0,3,7066.0,17,7067.0,60,7068.0,18,7063.0
AP410,,13:39:23.500#,7001.0,7080.0,6980.0,7656.0,6390.0,82205,160715,7058.0,24,7059.0,23,7060.0,31,7061.0,8,7062.0,11,7064.0,18,7065.0,3,7066.0,17,7067.0,60,7068.0,18,7063.0
AP410,,13:39:23.750#,7001.0,7080.0,6980.0,7656.0,6390.0,82205,160715,7058.0,24,7059.0,23,7060.0,31,7061.0,8,7062.0,11,7064.0,18,7065.0,3,7066.0,17,7067.0,60,7068.0,18,7063.0
AP410,,13:39:24.0#,7001.0,7080.0,6980.0,7656.0,6390.0,82205,160715,7058.0,24,7059.0,23,7060.0,31,7061.0,8,7062.0,11,7064.0,18,7065.0,3,7066.0,17,7067.0,60,7068.0,18,7063.0
AP410,,13:39:24.250#,7001.0,7080.0,6980.0,7656.0,6390.0,82205,160715,7058.0,24,7059.0,23,7060.0,31,7061.0,8,7062.0,11,7064.0,18,7065.0,3,7066.0,17,7067.0,60,7068.0,18,7063.0
AP410,,13:39:24.500#,7001.0,7080.0,6980.0,7656.0,6390.0,82206,160714,7058.0,24,7059.0,23,7060.0,31,7061.0,8,7062.0,11,7064.0,18,7065.0,3,7066.0,17,7067.0,60,7068.0,18,7064.0
AP410,,13:39:24.750#,7001.0,7080.0,6980.0,7656.0,6390.0,82207,160714,7058.0,24,7059.0,27,7060.0,31,7061.0,8,7062.0,11,7063.0,3,7064.0,17,7065.0,3,7066.0,17,7067.0,60,7064.0
AP410,,13:39:25.0#,7001.0,7080.0,6980.0,7656.0,6390.0,82208,160714,7058.0,24,7059.0,27,7060.0,31,7061.0,8,7062.0,10,7063.0,1,7064.0,17,7065.0,3,7066.0,17,7067.0,60,7062.0
AP410,,13:39:25.250#,7001.0,7080.0,6980.0,7656.0,6390.0,82208,160714,7058.0,24,7059.0,27,7060.0,31,7061.0,8,7062.0,10,7063.0,1,7064.0,16,7065.0,3,7066.0,17,7067.0,60,7062.0
AP410,,13:39:25.500#,7001.0,7080.0,6980.0,7656.0,6390.0,82208,160714,7058.0,25,7059.0,27,7060.0,31,7061.0,8,7062.0,10,7063.0,1,7064.0,16,7065.0,3,7066.0,18,7067.0,60,7062.0
AP410,,13:39:25.750#,7001.0,7080.0,6980.0,7656.0,6390.0,82218,160714,7057.0,6,7058.0,25,7059.0,27,7060.0,31,7061.0,8,7062.0,10,7063.0,1,7064.0,16,7065.0,3,7066.0,18,7062.0
AP410,,13:39:26.0#,7001.0,7080.0,6980.0,7656.0,6390.0,82218,160714,7057.0,6,7058.0,25,7059.0,27,7060.0,31,7061.0,5,7062.0,10,7063.0,1,7064.0,16,7065.0,3,7066.0,18,7062.0
AP410,,13:39:26.250#,7001.0,7080.0,6980.0,7656.0,6390.0,82223,160717,7056.0,7,7057.0,6,7058.0,25,7059.0,27,7060.0,31,7061.0,15,7062.0,10,7063.0,1,7064.0,16,7065.0,3,7061.0
AP410,,13:39:26.500#,7001.0,7080.0,6980.0,7656.0,6390.0,82230,160714,7056.0,7,7057.0,6,7058.0,25,7059.0,27,7060.0,28,7061.0,11,7062.0,10,7063.0,1,7064.0,16,7065.0,3,7061.0
AP410,,13:39:26.750#,7001.0,7080.0,6980.0,7656.0,6390.0,82230,160714,7056.0,7,7057.0,6,7058.0,25,7059.0,27,7060.0,28,7061.0,11,7062.0,12,7063.0,1,7064.0,16,7065.0,3,7061.0
AP410,,13:39:27.0#,7001.0,7080.0,6980.0,7656.0,6390.0,82231,160715,7056.0,7,7057.0,6,7058.0,25,7059.0,27,7060.0,28,7061.0,13,7062.0,12,7063.0,1,7064.0,16,7065.0,3,7061.0
AP410,,13:39:27.250#,7001.0,7080.0,6980.0,7656.0,6390.0,82232,160715,7056.0,7,7057.0,6,7058.0,25,7059.0,27,7060.0,28,7061.0,12,7062.0,12,7063.0,1,7064.0,16,7065.0,3,7061.0
AP410,,13:39:27.500#,7001.0,7080.0,6980.0,7656.0,6390.0,82232,160715,7056.0,7,7057.0,6,7058.0,25,7059.0,27,7060.0,30,7061.0,12,7062.0,12,7063.0,1,7064.0,16,7065.0,3,7061.0
AP410,,13:39:27.750#,7001.0,7080.0,6980.0,7656.0,6390.0,82232,160715,7056.0,7,7057.0,6,7058.0,25,7059.0,27,7060.0,30,7061.0,12,7062.0,12,7063.0,1,7064.0,17,7065.0,3,7061.0
AP410,,13:39:28.0#,7001.0,7080.0,6980.0,7656.0,6390.0,82233,160715,7056.0,7,7057.0,6,7058.0,25,7059.0,27,7060.0,30,7061.0,11,7062.0,12,7063.0,1,7064.0,17,7065.0,3,7061.0
AP410,,13:39:28.500#,7001.0,7080.0,6980.0,7656.0,6390.0,82233,160715,7056.0,7,7057.0,6,7058.0,25,7059.0,27,7060.0,28,7061.0,11,7062.0,12,7063.0,1,7064.0,17,7065.0,3,7061.0
AP410,,13:39:28.750#,7001.0,7080.0,6980.0,7656.0,6390.0,82240,160722,7056.0,7,7057.0,6,7058.0,25,7059.0,27,7060.0,28,7061.0,4,7062.0,12,7063.0,1,7064.0,17,7065.0,3,7061.0
AP410,,13:39:29.0#,7001.0,7080.0,6980.0,7656.0,6390.0,82247,160721,7056.0,7,7057.0,6,7058.0,25,7059.0,27,7060.0,26,7062.0,12,7063.0,1,7064.0,17,7065.0,3,7066.0,18,7060.0
AP410,,13:39:29.250#,7001.0,7080.0,6980.0,7656.0,6390.0,82258,160715,7056.0,7,7057.0,6,7058.0,25,7059.0,27,7060.0,26,7062.0,8,7063.0,1,7064.0,17,7065.0,3,7066.0,18,7061.0
AP410,,13:39:29.500#,7001.0,7080.0,6980.0,7656.0,6390.0,82258,160715,7057.0,6,7058.0,25,7059.0,27,7060.0,26,7061.0,2,7062.0,8,7063.0,2,7064.0,16,7065.0,3,7066.0,18,7061.0
AP410,,13:39:29.750#,7001.0,7080.0,6980.0,7656.0,6390.0,82259,160714,7057.0,6,7058.0,25,7059.0,27,7060.0,37,7061.0,2,7062.0,8,7063.0,2,7064.0,16,7065.0,3,7066.0,18,7061.0
AP410,,13:39:30.0#,7001.0,7080.0,6980.0,7656.0,6390.0,82262,160714,7057.0,6,7058.0,25,7059.0,27,7060.0,37,7061.0,3,7062.0,7,7063.0,2,7064.0,16,7065.0,3,7066.0,18,7061.0
AP410,,13:39:30.500#,7001.0,7080.0,6980.0,7656.0,6390.0,82262,160714,7057.0,6,7058.0,25,7059.0,27,7060.0,37,7061.0,4,7062.0,7,7063.0,2,7064.0,16,7065.0,3,7066.0,18,7061.0
AP410,,13:39:30.750#,7001.0,7080.0,6980.0,7656.0,6390.0,82262,160714,7057.0,6,7058.0,30,7059.0,27,7060.0,37,7061.0,4,7062.0,8,7063.0,2,7064.0,16,7065.0,3,7066.0,18,7061.0
AP410,,13:39:31.0#,7001.0,7080.0,6980.0,7656.0,6390.0,82263,160714,7057.0,6,7058.0,30,7059.0,27,7060.0,37,7061.0,4,7062.0,7,7063.0,2,7064.0,16,7065.0,4,7066.0,18,7062.0
AP410,,13:39:31.250#,7001.0,7080.0,6980.0,7656.0,6390.0,82265,160712,7057.0,6,7058.0,30,7059.0,27,7060.0,37,7061.0,8,7062.0,7,7063.0,2,7064.0,16,7065.0,4,7066.0,18,7061.0
AP410,,13:39:31.500#,7001.0,7080.0,6980.0,7656.0,6390.0,82265,160712,7057.0,6,7058.0,30,7059.0,27,7060.0,37,7061.0,13,7062.0,7,7063.0,2,7064.0,16,7065.0,4,7066.0,18,7061.0
AP410,,13:39:31.750#,7001.0,7080.0,6980.0,7656.0,6390.0,82266,160712,7057.0,6,7058.0,30,7059.0,27,7060.0,38,7061.0,13,7062.0,6,7063.0,2,7064.0,16,7065.0,4,7066.0,18,7062.0
AP410,,13:39:32.0#,7001.0,7080.0,6980.0,7656.0,6390.0,82267,160713,7057.0,6,7058.0,30,7059.0,27,7060.0,38,7061.0,12,7062.0,6,7063.0,2,7064.0,16,7065.0,4,7066.0,18,7061.0
AP410,,13:39:32.250#,7001.0,7080.0,6980.0,7656.0,6390.0,82270,160714,7057.0,6,7058.0,30,7059.0,27,7060.0,38,7061.0,11,7062.0,4,7063.0,4,7064.0,16,7065.0,4,7066.0,18,7061.0
AP410,,13:39:32.500#,7001.0,7080.0,6980.0,7656.0,6390.0,82278,160717,7057.0,6,7058.0,30,7059.0,27,7060.0,38,7061.0,9,7062.0,3,7063.0,4,7064.0,16,7065.0,4,7066.0,18,7062.0
AP410,,13:39:32.750#,7001.0,7080.0,6980.0,7656.0,6390.0,82290,160713,7056.0,7,7057.0,6,7058.0,30,7059.0,27,7060.0,38,7063.0,6,7064.0,16,7065.0,4,7066.0,18,7067.0,60,7062.0
AP410,,13:39:33.0#,7001.0,7080.0,6980.0,7656.0,6390.0,82290,160713,7057.0,6,7058.0,30,7059.0,27,7060.0,39,7061.0,4,7062.0,1,7063.0,6,7064.0,15,7065.0,5,7066.0,16,7062.0
AP410,,13:39:33.250#,7001.0,7080.0,6980.0,7656.0,6390.0,82292,160714,7057.0,6,7058.0,30,7059.0,27,7060.0,39,7061.0,3,7062.0,1,7063.0,4,7064.0,15,7065.0,5,7066.0,16,7061.0
AP410,,13:39:33.500#,7001.0,7080.0,6980.0,7656.0,6390.0,82292,160714,7057.0,6,7058.0,30,7059.0,27,7060.0,39,7061.0,5,7062.0,1,7063.0,4,7064.0,15,7065.0,5,7066.0,16,7061.0
AP410,,13:39:33.750#,7001.0,7080.0,6980.0,7656.0,6390.0,82293,160713,7058.0,30,7059.0,27,7060.0,39,7061.0,5,7062.0,1,7063.0,6,7064.0,15,7065.0,5,7066.0,16,7067.0,60,7062.0
AP410,,13:39:34.0#,7001.0,7080.0,6980.0,7656.0,6390.0,82294,160713,7057.0,6,7058.0,30,7059.0,27,7060.0,39,7061.0,5,7063.0,13,7064.0,15,7065.0,5,7066.0,16,7067.0,60,7062.0
AP410,,13:39:34.250#,7001.0,7080.0,6980.0,7656.0,6390.0,82294,160713,7057.0,6,7058.0,30,7059.0,27,7060.0,39,7061.0,3,7063.0,13,7064.0,15,7065.0,5,7066.0,16,7067.0,60,7062.0
AP410,,13:39:34.500#,7001.0,7080.0,6980.0,7656.0,6390.0,82296,160712,7057.0,6,7058.0,30,7059.0,27,7060.0,39,7061.0,1,7063.0,15,7064.0,15,7065.0,5,7066.0,16,7067.0,60,7061.0
AP410,,13:39:34.750#,7001.0,7080.0,6980.0,7656.0,6390.0,82296,160712,7057.0,6,7058.0,30,7059.0,27,7060.0,39,7061.0,1,7062.0,2,7063.0,13,7064.0,15,7065.0,5,7066.0,16,7061.0
AP410,,13:39:35.250#,7001.0,7080.0,6980.0,7656.0,6390.0,82296,160712,7057.0,6,7058.0,30,7059.0,27,7060.0,39,7061.0,2,7062.0,2,7063.0,13,7064.0,15,7065.0,5,7066.0,16,7061.0
AP410,,13:39:35.500#,7001.0,7080.0,6980.0,7656.0,6390.0,82296,160712,7057.0,6,7058.0,30,7059.0,27,7060.0,40,7061.0,2,7062.0,4,7063.0,13,7064.0,15,7065.0,5,7066.0,16,7061.0
AP410,,13:39:35.750#,7001.0,7080.0,6980.0,7656.0,6390.0,82296,160712,7057.0,6,7058.0,30,7059.0,27,7060.0,41,7061.0,2,7062.0,4,7063.0,13,7064.0,15,7065.0,5,7066.0,16,7061.0
AP410,,13:39:36.250#,7001.0,7080.0,6980.0,7656.0,6390.0,82305,160704,7058.0,30,7059.0,27,7060.0,41,7061.0,3,7062.0,7,7063.0,15,7064.0,15,7065.0,5,7066.0,16,7067.0,60,7062.0
AP410,,13:39:36.500#,7001.0,7080.0,6980.0,7656.0,6390.0,82306,160703,7058.0,30,7059.0,27,7060.0,41,7061.0,3,7062.0,8,7063.0,13,7064.0,15,7065.0,5,7066.0,16,7067.0,60,7062.0
AP410,,13:39:36.750#,7001.0,7080.0,6980.0,7656.0,6390.0,82306,160703,7058.0,30,7059.0,27,7060.0,41,7061.0,3,7062.0,8,7063.0,13,7064.0,14,7065.0,5,7066.0,16,7067.0,60,7062.0
AP410,,13:39:37.0#,7001.0,7080.0,6980.0,7656.0,6390.0,82306,160703,7058.0,30,7059.0,27,7060.0,41,7061.0,3,7062.0,8,7063.0,13,7064.0,14,7065.0,5,7066.0,16,7067.0,60,7062.0
AP410,,13:39:37.250#,7001.0,7080.0,6980.0,7656.0,6390.0,82307,160703,7058.0,30,7059.0,27,7060.0,41,7061.0,3,7062.0,7,7063.0,13,7064.0,14,7065.0,5,7066.0,16,7067.0,60,7062.0
AP410,,13:39:37.500#,7001.0,7080.0,6980.0,7656.0,6390.0,82307,160703,7058.0,30,7059.0,27,7060.0,41,7061.0,4,7062.0,7,7063.0,13,7064.0,14,7065.0,5,7066.0,16,7067.0,60,7062.0
AP410,,13:39:37.750#,7001.0,7080.0,6980.0,7656.0,6390.0,82308,160703,7058.0,30,7059.0,27,7060.0,41,7061.0,4,7062.0,7,7063.0,12,7064.0,14,7065.0,5,7066.0,16,7067.0,60,7063.0
AP410,,13:39:38.0#,7001.0,7080.0,6980.0,7656.0,6390.0,82308,160703,7058.0,30,7059.0,27,7060.0,41,7061.0,4,7062.0,7,7063.0,21,7064.0,14,7065.0,5,7066.0,16,7067.0,60,7063.0
AP410,,13:39:38.250#,7001.0,7080.0,6980.0,7656.0,6390.0,82308,160703,7058.0,30,7059.0,27,7060.0,41,7061.0,4,7062.0,7,7063.0,21,7064.0,14,7065.0,5,7066.0,17,7067.0,60,7063.0
AP410,,13:39:38.750#,7001.0,7080.0,6980.0,7656.0,6390.0,82314,160698,7058.0,30,7059.0,27,7060.0,41,7061.0,4,7062.0,3,7063.0,20,7064.0,14,7065.0,5,7066.0,17,7067.0,60,7063.0
AP410,,13:39:39.0#,7001.0,7080.0,6980.0,7656.0,6390.0,82318,160700,7057.0,6,7058.0,30,7059.0,27,7060.0,41,7061.0,3,7063.0,20,7064.0,14,7065.0,5,7066.0,17,7067.0,60,7061.0
AP410,,13:39:39.250#,7001.0,7080.0,6980.0,7656.0,6390.0,82319,160700,7057.0,6,7058.0,30,7059.0,27,7060.0,41,7061.0,3,7063.0,24,7064.0,14,7065.0,5,7066.0,17,7067.0,60,7063.0
AP410,,13:39:39.500#,7001.0,7080.0,6980.0,7656.0,6390.0,82319,160700,7057.0,6,7058.0,30,7059.0,27,7060.0,41,7061.0,4,7062.0,2,7063.0,24,7064.0,14,7065.0,5,7066.0,17,7063.0
AP410,,13:39:39.750#,7001.0,7080.0,6980.0,7656.0,6390.0,82320,160700,7057.0,6,7058.0,30,7059.0,27,7060.0,41,7061.0,4,7062.0,1,7063.0,24,7064.0,14,7065.0,5,7066.0,17,7062.0
AP410,,13:39:40.0#,7001.0,7080.0,6980.0,7656.0,6390.0,82320,160700,7057.0,6,7058.0,30,7059.0,27,7060.0,41,7061.0,4,7062.0,2,7063.0,24,7064.0,14,7065.0,5,7066.0,17,7062.0
AP410,,13:39:40.250#,7001.0,7080.0,6980.0,7656.0,6390.0,82320,160700,7057.0,6,7058.0,30,7059.0,27,7060.0,41,7061.0,4,7062.0,2,7063.0,26,7064.0,14,7065.0,5,7066.0,17,7062.0
AP410,,13:39:40.750#,7001.0,7080.0,6980.0,7656.0,6390.0,82321,160700,7057.0,6,7058.0,30,7059.0,27,7060.0,41,7061.0,4,7062.0,1,7063.0,26,7064.0,14,7065.0,6,7066.0,17,7062.0
AP410,,13:39:41.250#,7001.0,7080.0,6980.0,7656.0,6390.0,82322,160699,7058.0,30,7059.0,27,7060.0,41,7061.0,4,7062.0,1,7063.0,26,7064.0,14,7065.0,6,7066.0,17,7067.0,60,7062.0
AP410,,13:39:41.500#,7001.0,7080.0,6980.0,7656.0,6390.0,82327,160695,7056.0,7,7057.0,6,7058.0,30,7059.0,27,7060.0,41,7061.0,2,7062.0,1,7063.0,26,7064.0,14,7065.0,6,7061.0
AP410,,13:39:41.750#,7001.0,7080.0,6980.0,7656.0,6390.0,82329,160694,7056.0,7,7057.0,6,7058.0,30,7059.0,27,7060.0,41,7062.0,1,7063.0,26,7064.0,14,7065.0,6,7066.0,17,7061.0
AP410,,13:39:42.0#,7001.0,7080.0,6980.0,7656.0,6390.0,82329,160694,7057.0,6,7058.0,30,7059.0,27,7060.0,41,7061.0,11,7062.0,1,7063.0,26,7064.0,14,7065.0,6,7066.0,17,7061.0
AP410,,13:39:42.250#,7001.0,7080.0,6980.0,7656.0,6390.0,82329,160694,7057.0,6,7058.0,30,7059.0,27,7060.0,41,7061.0,11,7063.0,27,7064.0,14,7065.0,6,7066.0,17,7067.0,60,7061.0
AP410,,13:39:42.500#,7001.0,7080.0,6980.0,7656.0,6390.0,82329,160694,7057.0,6,7058.0,30,7059.0,27,7060.0,41,7061.0,12,7063.0,27,7064.0,14,7065.0,6,7066.0,17,7067.0,60,7061.0
AP410,,13:39:43.250#,7001.0,7080.0,6980.0,7656.0,6390.0,82330,160693,7057.0,6,7058.0,30,7059.0,27,7060.0,41,7061.0,11,7063.0,26,7064.0,14,7065.0,6,7066.0,17,7067.0,60,7061.0
AP410,,13:39:43.500#,7001.0,7080.0,6980.0,7656.0,6390.0,82332,160691,7058.0,30,7059.0,27,7060.0,41,7061.0,10,7062.0,1,7063.0,26,7064.0,14,7065.0,6,7066.0,17,7067.0,60,7061.0
AP410,,13:39:43.750#,7001.0,7080.0,6980.0,7656.0,6390.0,82332,160691,7058.0,31,7059.0,27,7060.0,41,7061.0,10,7062.0,1,7063.0,26,7064.0,14,7065.0,6,7066.0,17,7067.0,60,7061.0
AP410,,13:39:44.250#,7001.0,7080.0,6980.0,7656.0,6390.0,82332,160691,7058.0,31,7059.0,27,7060.0,41,7061.0,10,7062.0,1,7063.0,26,7064.0,14,7065.0,6,7066.0,17,7067.0,60,7061.0
AP410,,13:39:44.750#,7001.0,7080.0,6980.0,7656.0,6390.0,82332,160691,7058.0,31,7059.0,27,7060.0,41,7061.0,10,7062.0,1,7063.0,26,7064.0,14,7065.0,6,7066.0,17,7067.0,60,7061.0
AP410,,13:39:45.0#,7001.0,7080.0,6980.0,7656.0,6390.0,82338,160692,7057.0,6,7058.0,31,7059.0,27,7060.0,41,7061.0,5,7062.0,10,7063.0,26,7064.0,14,7065.0,6,7066.0,17,7061.0
AP410,,13:39:45.250#,7001.0,7080.0,6980.0,7656.0,6390.0,82338,160692,7057.0,6,7058.0,31,7059.0,27,7060.0,41,7061.0,5,7062.0,10,7063.0,25,7064.0,14,7065.0,6,7066.0,17,7061.0
AP410,,13:39:45.500#,7001.0,7080.0,6980.0,7656.0,6390.0,82338,160692,7057.0,6,7058.0,31,7059.0,27,7060.0,41,7061.0,8,7062.0,11,7063.0,25,7064.0,14,7065.0,6,7066.0,17,7061.0
AP410,,13:39:46.250#,7001.0,7080.0,6980.0,7656.0,6390.0,82346,160692,7056.0,7,7057.0,6,7058.0,31,7059.0,27,7060.0,42,7061.0,2,7062.0,11,7063.0,25,7064.0,14,7065.0,6,7061.0
AP410,,13:39:46.500#,7001.0,7080.0,6980.0,7656.0,6390.0,82357,160692,7056.0,7,7057.0,6,7058.0,31,7059.0,27,7060.0,42,7062.0,2,7063.0,25,7064.0,14,7065.0,8,7066.0,17,7062.0
AP410,,13:39:46.750#,7001.0,7080.0,6980.0,7656.0,6390.0,82357,160692,7056.0,7,7057.0,6,7058.0,31,7059.0,27,7060.0,42,7062.0,2,7063.0,25,7064.0,14,7065.0,8,7066.0,17,7062.0
AP410,,13:39:47.0#,7001.0,7080.0,6980.0,7656.0,6390.0,82357,160692,7056.0,7,7057.0,6,7058.0,32,7059.0,27,7060.0,42,7062.0,2,7063.0,25,7064.0,14,7065.0,8,7066.0,17,7062.0
AP410,,13:39:47.250#,7001.0,7080.0,6980.0,7656.0,6390.0,82364,160692,7056.0,7,7057.0,6,7058.0,32,7059.0,27,7060.0,40,7062.0,47,7063.0,25,7064.0,14,7065.0,8,7066.0,17,7062.0
AP410,,13:39:47.500#,7001.0,7080.0,6980.0,7656.0,6390.0,82364,160692,7056.0,7,7057.0,6,7058.0,32,7059.0,27,7060.0,39,7062.0,55,7063.0,18,7064.0,14,7065.0,8,7066.0,17,7062.0
AP410,,13:39:48.0#,7001.0,7080.0,6980.0,7656.0,6390.0,82364,160692,7056.0,7,7057.0,6,7058.0,32,7059.0,27,7060.0,39,7062.0,56,7063.0,18,7064.0,14,7065.0,8,7066.0,17,7062.0
AP410,,13:39:48.250#,7001.0,7080.0,6980.0,7656.0,6390.0,82364,160692,7056.0,7,7057.0,6,7058.0,32,7059.0,27,7060.0,40,7061.0,1,7062.0,56,7063.0,18,7064.0,14,7065.0,8,7062.0
AP410,,13:39:48.500#,7001.0,7080.0,6980.0,7656.0,6390.0,82367,160690,7056.0,7,7057.0,6,7058.0,32,7059.0,27,7060.0,40,7061.0,1,7062.0,57,7063.0,18,7064.0,14,7065.0,8,7060.0
AP410,,13:39:48.750#,7001.0,7080.0,6980.0,7656.0,6390.0,82368,160689,7056.0,7,7057.0,6,7058.0,32,7059.0,27,7060.0,39,7061.0,1,7062.0,57,7063.0,18,7064.0,14,7065.0,8,7060.0
AP410,,13:39:49.0#,7001.0,7080.0,6980.0,7656.0,6390.0,82386,160683,7056.0,7,7057.0,6,7058.0,32,7059.0,27,7060.0,21,7061.0,1,7062.0,57,7063.0,18,7064.0,14,7065.0,8,7060.0
AP410,,13:39:49.250#,7001.0,7080.0,6980.0,7656.0,6390.0,82387,160682,7056.0,7,7057.0,6,7058.0,32,7059.0,27,7060.0,20,7061.0,10,7062.0,50,7063.0,18,7064.0,14,7065.0,8,7060.0
AP410,,13:39:49.500#,7001.0,7080.0,6980.0,7656.0,6390.0,82389,160682,7056.0,7,7057.0,6,7058.0,32,7059.0,27,7060.0,19,7061.0,10,7062.0,50,7063.0,18,7064.0,14,7065.0,8,7060.0
AP410,,13:39:50.0#,7001.0,7080.0,6980.0,7656.0,6390.0,82391,160680,7056.0,7,7057.0,6,7058.0,32,7059.0,27,7060.0,17,7061.0,10,7062.0,50,7063.0,18,7064.0,14,7065.0,8,7060.0
AP410,,13:39:50.500#,7001.0,7080.0,6980.0,7656.0,6390.0,82396,160679,7056.0,7,7057.0,6,7058.0,32,7059.0,27,7060.0,17,7061.0,5,7062.0,50,7063.0,18,7064.0,14,7065.0,8,7061.0
AP410,,13:39:50.750#,7001.0,7080.0,6980.0,7656.0,6390.0,82396,160679,7056.0,7,7057.0,6,7058.0,31,7059.0,27,7060.0,17,7061.0,5,7062.0,50,7063.0,18,7064.0,14,7065.0,8,7061.0
AP410,,13:39:51.0#,7001.0,7080.0,6980.0,7656.0,6390.0,82396,160679,7056.0,7,7057.0,6,7058.0,31,7059.0,27,7060.0,17,7061.0,8,7062.0,50,7063.0,18,7064.0,14,7065.0,8,7061.0
AP410,,13:39:51.250#,7001.0,7080.0,6980.0,7656.0,6390.0,82398,160679,7056.0,7,7057.0,6,7058.0,31,7059.0,27,7060.0,17,7061.0,7,7062.0,50,7063.0,18,7064.0,14,7065.0,8,7061.0
AP410,,13:39:51.500#,7001.0,7080.0,6980.0,7656.0,6390.0,82399,160678,7056.0,7,7057.0,6,7058.0,31,7059.0,27,7060.0,16,7061.0,7,7062.0,50,7063.0,18,7064.0,14,7065.0,8,7060.0
AP410,,13:39:51.750#,7001.0,7080.0,6980.0,7656.0,6390.0,82400,160678,7056.0,7,7057.0,6,7058.0,31,7059.0,27,7060.0,16,7061.0,6,7062.0,50,7063.0,18,7064.0,14,7065.0,8,7061.0
AP410,,13:39:52.0#,7001.0,7080.0,6980.0,7656.0,6390.0,82401,160677,7056.0,7,7057.0,6,7058.0,31,7059.0,27,7060.0,15,7061.0,6,7062.0,50,7063.0,18,7064.0,14,7065.0,8,7060.0
AP410,,13:39:52.250#,7001.0,7080.0,6980.0,7656.0,6390.0,82408,160676,7056.0,7,7057.0,6,7058.0,31,7059.0,27,7060.0,12,7061.0,5,7062.0,50,7063.0,19,7064.0,14,7065.0,8,7060.0
AP410,,13:39:52.750#,7001.0,7080.0,6980.0,7656.0,6390.0,82408,160676,7056.0,7,7057.0,6,7058.0,31,7059.0,27,7060.0,13,7061.0,5,7062.0,50,7063.0,19,7064.0,14,7065.0,8,7060.0
AP410,,13:39:53.0#,7001.0,7080.0,6980.0,7656.0,6390.0,82409,160675,7056.0,7,7057.0,6,7058.0,31,7059.0,27,7060.0,13,7061.0,4,7062.0,50,7063.0,19,7064.0,13,7065.0,8,7061.0
AP410,,13:39:53.500#,7001.0,7080.0,6980.0,7656.0,6390.0,82423,160667,7055.0,8,7056.0,7,7057.0,6,7058.0,31,7059.0,28,7060.0,8,7061.0,4,7062.0,50,7063.0,19,7064.0,13,7060.0
AP410,,13:39:53.750#,7001.0,7080.0,6980.0,7656.0,6390.0,82423,160667,7055.0,8,7056.0,7,7057.0,6,7058.0,31,7059.0,28,7060.0,28,7061.0,4,7062.0,50,7063.0,19,7064.0,13,7060.0
AP410,,13:39:54.0#,7001.0,7080.0,6980.0,7656.0,6390.0,82426,160668,7055.0,8,7056.0,7,7057.0,6,7058.0,31,7059.0,26,7060.0,28,7061.0,4,7062.0,50,7063.0,19,7064.0,13,7060.0
AP410,,13:39:54.250#,7001.0,7080.0,6980.0,7656.0,6390.0,82428,160666,7055.0,8,7056.0,7,7057.0,6,7058.0,31,7059.0,26,7060.0,26,7061.0,4,7062.0,50,7063.0,19,7064.0,13,7060.0
AP410,,13:39:54.500#,7001.0,7080.0,6980.0,7656.0,6390.0,82429,160666,7055.0,8,7056.0,7,7057.0,6,7058.0,31,7059.0,25,7060.0,26,7061.0,4,7062.0,50,7063.0,19,7064.0,13,7059.0
AP410,,13:39:54.750#,7001.0,7080.0,6980.0,7656.0,6390.0,82430,160666,7055.0,8,7056.0,7,7057.0,6,7058.0,31,7059.0,24,7060.0,26,7061.0,4,7062.0,50,7063.0,19,7064.0,13,7059.0
AP410,,13:39:55.0#,7001.0,7080.0,6980.0,7656.0,6390.0,82432,160666,7055.0,8,7056.0,7,7057.0,6,7058.0,31,7059.0,23,7060.0,30,7061.0,4,7062.0,50,7063.0,19,7064.0,13,7060.0
AP410,,13:39:55.250#,7001.0,7080.0,6980.0,7656.0,6390.0,82455,160687,7054.0,6,7055.0,8,7056.0,7,7057.0,6,7058.0,31,7060.0,31,7061.0,4,7062.0,50,7063.0,19,7064.0,13,7059.0
AP410,,13:39:55.500#,7001.0,7080.0,6980.0,7656.0,6390.0,82455,160687,7054.0,6,7055.0,8,7056.0,7,7057.0,5,7058.0,32,7059.0,1,7060.0,31,7061.0,4,7062.0,50,7063.0,19,7059.0
AP410,,13:39:55.750#,7001.0,7080.0,6980.0,7656.0,6390.0,82459,160685,7054.0,6,7055.0,8,7056.0,7,7057.0,5,7058.0,32,7060.0,29,7061.0,4,7062.0,50,7063.0,19,7064.0,13,7060.0
AP410,,13:39:56.0#,7001.0,7080.0,6980.0,7656.0,6390.0,82462,160683,7054.0,6,7055.0,8,7056.0,7,7057.0,5,7058.0,31,7059.0,7,7060.0,28,7061.0,4,7062.0,50,7063.0,19,7058.0
AP410,,13:39:56.250#,7001.0,7080.0,6980.0,7656.0,6390.0,82463,160682,7054.0,6,7055.0,8,7056.0,7,7057.0,5,7058.0,32,7059.0,6,7060.0,28,7061.0,4,7062.0,50,7063.0,19,7059.0
AP410,,13:39:56.500#,7001.0,7080.0,6980.0,7656.0,6390.0,82464,160681,7054.0,6,7055.0,8,7056.0,8,7057.0,5,7058.0,31,7059.0,6,7060.0,28,7061.0,4,7062.0,50,7063.0,19,7058.0
AP410,,13:39:56.750#,7001.0,7080.0,6980.0,7656.0,6390.0,82464,160681,7054.0,6,7055.0,8,7056.0,8,7057.0,5,7058.0,31,7059.0,7,7060.0,28,7061.0,4,7062.0,50,7063.0,19,7058.0
AP410,,13:39:57.0#,7001.0,7080.0,6980.0,7656.0,6390.0,82474,160677,7054.0,6,7055.0,8,7056.0,8,7057.0,5,7058.0,21,7059.0,14,7060.0,28,7061.0,4,7062.0,50,7063.0,19,7058.0
AP410,,13:39:57.250#,7001.0,7080.0,6980.0,7656.0,6390.0,82496,160692,7053.0,2,7054.0,6,7055.0,8,7056.0,8,7057.0,6,7058.0,25,7059.0,14,7060.0,28,7061.0,4,7062.0,49,7058.0
AP410,,13:39:57.500#,7001.0,7080.0,6980.0,7656.0,6390.0,82503,160695,7052.0,5,7053.0,2,7054.0,6,7055.0,8,7056.0,11,7058.0,35,7059.0,14,7060.0,29,7061.0,4,7062.0,49,7057.0
AP410,,13:39:57.750#,7001.0,7080.0,6980.0,7656.0,6390.0,82506,160696,7052.0,5,7053.0,2,7054.0,6,7055.0,8,7056.0,11,7057.0,5,7058.0,35,7059.0,14,7060.0,29,7061.0,4,7057.0
AP410,,13:39:58.0#,7001.0,7080.0,6980.0,7656.0,6390.0,82510,160695,7052.0,5,7053.0,2,7054.0,6,7055.0,8,7056.0,10,7057.0,2,7058.0,35,7059.0,14,7060.0,29,7061.0,4,7057.0
AP410,,13:39:58.250#,7001.0,7080.0,6980.0,7656.0,6390.0,82517,160692,7052.0,5,7053.0,2,7054.0,6,7055.0,8,7056.0,8,7058.0,32,7059.0,14,7060.0,29,7061.0,4,7062.0,49,7058.0
AP410,,13:39:58.500#,7001.0,7080.0,6980.0,7656.0,6390.0,82518,160693,7052.0,5,7053.0,2,7054.0,6,7055.0,8,7056.0,8,7058.0,31,7059.0,14,7060.0,29,7061.0,4,7062.0,49,7058.0
AP410,,13:39:58.750#,7001.0,7080.0,6980.0,7656.0,6390.0,82525,160692,7052.0,5,7053.0,2,7054.0,6,7055.0,8,7056.0,5,7058.0,26,7059.0,14,7060.0,29,7061.0,4,7062.0,49,7058.0
AP410,,13:39:59.0#,7001.0,7080.0,6980.0,7656.0,6390.0,82528,160692,7052.0,5,7053.0,2,7054.0,6,7055.0,8,7056.0,5,7057.0,18,7058.0,25,7059.0,14,7060.0,28,7061.0,4,7056.0
AP410,,13:39:59.250#,7001.0,7080.0,6980.0,7656.0,6390.0,82531,160691,7052.0,5,7053.0,2,7054.0,6,7055.0,8,7056.0,4,7057.0,16,7058.0,26,7059.0,7,7060.0,28,7061.0,4,7057.0
AP410,,13:39:59.500#,7001.0,7080.0,6980.0,7656.0,6390.0,82533,160690,7052.0,5,7053.0,2,7054.0,6,7055.0,8,7056.0,2,7057.0,16,7058.0,31,7059.0,7,7060.0,28,7061.0,4,7056.0
AP410,,13:39:59.750#,7001.0,7080.0,6980.0,7656.0,6390.0,82533,160690,7052.0,5,7053.0,2,7054.0,6,7055.0,8,7056.0,4,7057.0,17,7058.0,31,7059.0,7,7060.0,28,7061.0,4,7056.0
AP410,,13:40:00.0#,7001.0,7080.0,6980.0,7656.0,6390.0,82549,160681,7051.0,35,7052.0,5,7053.0,2,7054.0,6,7055.0,7,7057.0,8,7058.0,31,7059.0,7,7060.0,30,7061.0,4,7055.0
AP410,,13:40:00.250#,7001.0,7080.0,6980.0,7656.0,6390.0,82553,160680,7052.0,5,7053.0,2,7054.0,8,7055.0,7,7056.0,2,7057.0,12,7058.0,31,7059.0,7,7060.0,9,7061.0,4,7056.0
AP410,,13:40:00.500#,7001.0,7080.0,6980.0,7656.0,6390.0,82559,160680,7051.0,35,7052.0,5,7053.0,2,7054.0,6,7055.0,8,7056.0,1,7057.0,14,7058.0,31,7059.0,7,7060.0,9,7056.0
AP410,,13:40:00.750#,7001.0,7080.0,6980.0,7656.0,6390.0,82566,160678,7051.0,35,7052.0,5,7053.0,2,7054.0,6,7055.0,8,7056.0,2,7057.0,14,7058.0,31,7059.0,7,7060.0,9,7056.0
AP410,,13:40:01.0#,7001.0,7080.0,6980.0,7656.0,6390.0,82570,160675,7052.0,5,7053.0,2,7054.0,6,7055.0,7,7056.0,3,7057.0,13,7058.0,31,7059.0,7,7060.0,9,7061.0,4,7056.0
AP410,,13:40:01.250#,7001.0,7080.0,6980.0,7656.0,6390.0,82582,160669,7052.0,5,7053.0,2,7054.0,6,7055.0,7,7056.0,3,7057.0,11,7058.0,31,7059.0,7,7060.0,9,7061.0,4,7057.0
AP410,,13:40:01.500#,7001.0,7080.0,6980.0,7656.0,6390.0,82589,160662,7052.0,5,7053.0,2,7054.0,6,7055.0,7,7056.0,5,7057.0,6,7058.0,31,7059.0,7,7060.0,9,7061.0,4,7056.0
AP410,,13:40:01.750#,7001.0,7080.0,6980.0,7656.0,6390.0,82593,160658,7052.0,5,7053.0,2,7054.0,6,7055.0,7,7056.0,7,7057.0,2,7058.0,36,7059.0,7,7060.0,9,7061.0,4,7057.0
AP410,,13:40:02.0#,7001.0,7080.0,6980.0,7656.0,6390.0,82595,160658,7053.0,2,7054.0,6,7055.0,7,7056.0,7,7057.0,3,7058.0,36,7059.0,7,7060.0,9,7061.0,4,7062.0,49,7057.0
AP410,,13:40:02.250#,7001.0,7080.0,6980.0,7656.0,6390.0,82595,160658,7053.0,2,7054.0,6,7055.0,7,7056.0,8,7057.0,3,7058.0,33,7059.0,7,7060.0,9,7061.0,4,7062.0,49,7057.0
AP410,,13:40:02.500#,7001.0,7080.0,6980.0,7656.0,6390.0,82595,160658,7053.0,2,7054.0,6,7055.0,7,7056.0,9,7057.0,22,7058.0,33,7059.0,7,7060.0,9,7061.0,4,7062.0,49,7057.0
AP410,,13:40:02.750#,7001.0,7080.0,6980.0,7656.0,6390.0,82612,160669,7053.0,2,7054.0,6,7055.0,7,7056.0,9,7057.0,23,7058.0,16,7059.0,7,7060.0,9,7061.0,4,7062.0,49,7058.0
AP410,,13:40:03.0#,7001.0,7080.0,6980.0,7656.0,6390.0,82650,160684,7054.0,6,7055.0,8,7056.0,8,7057.0,24,7058.0,28,7059.0,7,7060.0,9,7061.0,4,7062.0,49,7063.0,14,7058.0
AP410,,13:40:03.250#,7001.0,7080.0,6980.0,7656.0,6390.0,82651,160683,7054.0,6,7055.0,8,7056.0,8,7057.0,24,7058.0,21,7059.0,7,7060.0,8,7061.0,4,7062.0,49,7063.0,14,7058.0
AP410,,13:40:03.500#,7001.0,7080.0,6980.0,7656.0,6390.0,82662,160683,7054.0,6,7055.0,8,7056.0,8,7057.0,24,7058.0,11,7059.0,7,7060.0,8,7061.0,4,7062.0,49,7063.0,5,7058.0
AP410,,13:40:03.750#,7001.0,7080.0,6980.0,7656.0,6390.0,82667,160680,7054.0,6,7055.0,8,7056.0,8,7057.0,26,7058.0,16,7059.0,7,7060.0,8,7061.0,4,7062.0,49,7063.0,6,7058.0
AP410,,13:40:04.0#,7001.0,7080.0,6980.0,7656.0,6390.0,82672,160676,7054.0,6,7055.0,8,7056.0,10,7057.0,27,7058.0,20,7059.0,3,7060.0,8,7061.0,4,7062.0,49,7063.0,6,7059.0
AP410,,13:40:04.250#,7001.0,7080.0,6980.0,7656.0,6390.0,82674,160674,7054.0,6,7055.0,8,7056.0,10,7057.0,27,7058.0,20,7059.0,2,7060.0,8,7061.0,4,7062.0,49,7063.0,6,7059.0
AP410,,13:40:04.500#,7001.0,7080.0,6980.0,7656.0,6390.0,82674,160674,7054.0,6,7055.0,8,7056.0,10,7057.0,27,7058.0,20,7059.0,3,7060.0,8,7061.0,4,7062.0,49,7063.0,6,7059.0
AP410,,13:40:05.0#,7001.0,7080.0,6980.0,7656.0,6390.0,82675,160673,7054.0,6,7055.0,8,7056.0,10,7057.0,25,7058.0,20,7059.0,2,7060.0,8,7061.0,4,7062.0,49,7063.0,6,7059.0
AP410,,13:40:05.250#,7001.0,7080.0,6980.0,7656.0,6390.0,82689,160680,7054.0,6,7055.0,8,7056.0,11,7057.0,25,7058.0,6,7059.0,2,7060.0,8,7061.0,4,7062.0,49,7063.0,6,7058.0
AP410,,13:40:05.500#,7001.0,7080.0,6980.0,7656.0,6390.0,82692,160682,7054.0,6,7055.0,8,7056.0,11,7057.0,25,7058.0,6,7059.0,4,7060.0,8,7061.0,4,7062.0,49,7063.0,6,7059.0
AP410,,13:40:05.750#,7001.0,7080.0,6980.0,7656.0,6390.0,82695,160682,7054.0,6,7055.0,8,7056.0,11,7057.0,25,7058.0,17,7059.0,1,7060.0,8,7061.0,4,7062.0,49,7063.0,6,7059.0
AP410,,13:40:06.0#,7001.0,7080.0,6980.0,7656.0,6390.0,82696,160683,7055.0,8,7056.0,11,7057.0,25,7058.0,17,7059.0,1,7060.0,8,7061.0,4,7062.0,49,7063.0,6,7064.0,12,7059.0
AP410,,13:40:06.250#,7001.0,7080.0,6980.0,7656.0,6390.0,82696,160683,7055.0,8,7056.0,11,7057.0,25,7058.0,16,7059.0,4,7060.0,8,7061.0,4,7062.0,49,7063.0,6,7064.0,12,7059.0
AP410,,13:40:06.500#,7001.0,7080.0,6980.0,7656.0,6390.0,82700,160687,7055.0,8,7056.0,11,7057.0,25,7058.0,16,7059.0,4,7060.0,4,7061.0,4,7062.0,49,7063.0,6,7064.0,12,7060.0
AP410,,13:40:06.750#,7001.0,7080.0,6980.0,7656.0,6390.0,82702,160688,7055.0,8,7056.0,11,7057.0,25,7058.0,16,7059.0,3,7060.0,4,7061.0,4,7062.0,49,7063.0,6,7064.0,12,7059.0
AP410,,13:40:07.0#,7001.0,7080.0,6980.0,7656.0,6390.0,82702,160688,7055.0,9,7056.0,11,7057.0,24,7058.0,16,7059.0,6,7060.0,4,7061.0,4,7062.0,49,7063.0,6,7064.0,11,7059.0
AP410,,13:40:07.500#,7001.0,7080.0,6980.0,7656.0,6390.0,82704,160690,7055.0,8,7056.0,11,7057.0,24,7058.0,16,7059.0,6,7060.0,2,7061.0,4,7062.0,49,7063.0,6,7064.0,11,7060.0
AP410,,13:40:08.0#,7001.0,7080.0,6980.0,7656.0,6390.0,82706,160689,7055.0,8,7056.0,11,7057.0,24,7058.0,16,7059.0,6,7061.0,5,7062.0,49,7063.0,6,7064.0,13,7065.0,8,7060.0
AP410,,13:40:08.250#,7001.0,7080.0,6980.0,7656.0,6390.0,82706,160689,7055.0,8,7056.0,11,7057.0,23,7058.0,16,7059.0,6,7060.0,2,7061.0,11,7062.0,49,7063.0,6,7064.0,13,7060.0
AP410,,13:40:08.500#,7001.0,7080.0,6980.0,7656.0,6390.0,82708,160691,7055.0,8,7056.0,11,7057.0,23,7058.0,16,7059.0,6,7060.0,1,7061.0,11,7062.0,49,7063.0,6,7064.0,13,7060.0
AP410,,13:40:08.750#,7001.0,7080.0,6980.0,7656.0,6390.0,82709,160691,7055.0,8,7056.0,11,7057.0,23,7058.0,16,7059.0,6,7061.0,11,7062.0,49,7063.0,6,7064.0,13,7065.0,8,7060.0
AP410,,13:40:09.0#,7001.0,7080.0,6980.0,7656.0,6390.0,82709,160691,7055.0,9,7056.0,11,7057.0,23,7058.0,16,7059.0,6,7061.0,11,7062.0,49,7063.0,6,7064.0,13,7065.0,8,7060.0
AP410,,13:40:09.250#,7001.0,7080.0,6980.0,7656.0,6390.0,82710,160691,7055.0,11,7056.0,11,7057.0,23,7058.0,16,7059.0,6,7061.0,11,7062.0,49,7063.0,6,7064.0,13,7065.0,8,7060.0
AP410,,13:40:09.500#,7001.0,7080.0,6980.0,7656.0,6390.0,82710,160691,7055.0,11,7056.0,11,7057.0,23,7058.0,16,7059.0,7,7060.0,4,7061.0,11,7062.0,49,7063.0,6,7064.0,13,7060.0
AP410,,13:40:09.750#,7001.0,7080.0,6980.0,7656.0,6390.0,82711,160692,7055.0,11,7056.0,11,7057.0,23,7058.0,16,7059.0,7,7060.0,3,7061.0,11,7062.0,49,7063.0,6,7064.0,13,7060.0
AP410,,13:40:10.250#,7001.0,7080.0,6980.0,7656.0,6390.0,82713,160694,7055.0,11,7056.0,13,7057.0,23,7058.0,16,7059.0,7,7060.0,2,7061.0,11,7062.0,49,7063.0,6,7064.0,13,7060.0
AP410,,13:40:10.500#,7001.0,7080.0,6980.0,7656.0,6390.0,82713,160694,7055.0,11,7056.0,13,7057.0,23,7058.0,16,7059.0,11,7060.0,2,7061.0,11,7062.0,49,7063.0,5,7064.0,13,7060.0
AP410,,13:40:10.750#,7001.0,7080.0,6980.0,7656.0,6390.0,82716,160692,7055.0,11,7056.0,13,7057.0,23,7058.0,16,7059.0,8,7060.0,3,7061.0,11,7062.0,49,7063.0,5,7064.0,13,7059.0
AP410,,13:40:11.0#,7001.0,7080.0,6980.0,7656.0,6390.0,82719,160693,7055.0,11,7056.0,13,7057.0,23,7058.0,16,7059.0,8,7061.0,11,7062.0,49,7063.0,5,7064.0,13,7065.0,8,7060.0
AP410,,13:40:11.500#,7001.0,7080.0,6980.0,7656.0,6390.0,82719,160693,7055.0,11,7056.0,13,7057.0,23,7058.0,16,7059.0,8,7061.0,11,7062.0,50,7063.0,5,7064.0,13,7065.0,8,7060.0
AP410,,13:40:11.750#,7001.0,7080.0,6980.0,7656.0,6390.0,82719,160693,7056.0,13,7057.0,23,7058.0,16,7059.0,8,7060.0,1,7061.0,11,7062.0,50,7063.0,5,7064.0,13,7065.0,8,7060.0
AP410,,13:40:12.0#,7001.0,7080.0,6980.0,7656.0,6390.0,82730,160702,7054.0,6,7055.0,11,7056.0,13,7057.0,23,7058.0,15,7061.0,11,7062.0,50,7063.0,5,7064.0,13,7065.0,8,7058.0
AP410,,13:40:12.250#,7001.0,7080.0,6980.0,7656.0,6390.0,82730,160702,7055.0,11,7056.0,13,7057.0,23,7058.0,15,7059.0,1,7060.0,5,7061.0,11,7062.0,50,7063.0,5,7064.0,13,7058.0
AP410,,13:40:12.500#,7001.0,7080.0,6980.0,7656.0,6390.0,82732,160701,7054.0,6,7055.0,11,7056.0,13,7057.0,23,7058.0,15,7059.0,38,7060.0,8,7061.0,11,7062.0,50,7063.0,5,7059.0
AP410,,13:40:12.750#,7001.0,7080.0,6980.0,7656.0,6390.0,82736,160705,7054.0,6,7055.0,11,7056.0,13,7057.0,23,7058.0,11,7059.0,39,7060.0,8,7061.0,11,7062.0,50,7063.0,5,7058.0
AP410,,13:40:13.0#,7001.0,7080.0,6980.0,7656.0,6390.0,82739,160708,7054.0,6,7055.0,11,7056.0,13,7057.0,23,7058.0,8,7059.0,39,7060.0,8,7061.0,11,7062.0,50,7063.0,5,7058.0
AP410,,13:40:13.250#,7001.0,7080.0,6980.0,7656.0,6390.0,82744,160713,7054.0,6,7055.0,11,7056.0,13,7057.0,23,7058.0,3,7059.0,40,7060.0,8,7061.0,11,7062.0,50,7063.0,5,7058.0
AP410,,13:40:13.500#,7001.0,7080.0,6980.0,7656.0,6390.0,82747,160713,7053.0,3,7054.0,6,7055.0,11,7056.0,13,7057.0,23,7058.0,15,7059.0,40,7060.0,8,7061.0,11,7062.0,50,7058.0
AP410,,13:40:13.750#,7001.0,7080.0,6980.0,7656.0,6390.0,82747,160713,7053.0,3,7054.0,6,7055.0,11,7056.0,13,7057.0,23,7058.0,12,7059.0,43,7060.0,8,7061.0,11,7062.0,50,7058.0
AP410,,13:40:14.0#,7001.0,7080.0,6980.0,7656.0,6390.0,82747,160713,7053.0,3,7054.0,6,7055.0,11,7056.0,13,7057.0,23,7058.0,12,7059.0,43,7060.0,8,7061.0,11,7062.0,50,7058.0
AP410,,13:40:14.250#,7001.0,7080.0,6980.0,7656.0,6390.0,82747,160713,7053.0,3,7054.0,6,7055.0,11,7056.0,13,7057.0,23,7058.0,12,7059.0,43,7060.0,8,7061.0,11,7062.0,50,7058.0
AP410,,13:40:14.500#,7001.0,7080.0,6980.0,7656.0,6390.0,82747,160713,7053.0,3,7054.0,6,7055.0,11,7056.0,9,7057.0,23,7058.0,12,7059.0,43,7060.0,8,7061.0,11,7062.0,50,7058.0
AP410,,13:40:14.750#,7001.0,7080.0,6980.0,7656.0,6390.0,82747,160713,7053.0,3,7054.0,6,7055.0,11,7056.0,9,7057.0,23,7058.0,10,7059.0,43,7060.0,8,7061.0,11,7062.0,50,7058.0
AP410,,13:40:15.0#,7001.0,7080.0,6980.0,7656.0,6390.0,82747,160713,7053.0,3,7054.0,6,7055.0,11,7056.0,9,7057.0,23,7058.0,10,7059.0,43,7060.0,8,7061.0,11,7062.0,50,7058.0
AP410,,13:40:15.250#,7001.0,7080.0,6980.0,7656.0,6390.0,82747,160713,7053.0,3,7054.0,6,7055.0,11,7056.0,9,7057.0,23,7058.0,11,7059.0,43,7060.0,8,7061.0,11,7062.0,50,7058.0
AP410,,13:40:15.500#,7001.0,7080.0,6980.0,7656.0,6390.0,82747,160713,7053.0,3,7054.0,6,7055.0,11,7056.0,9,7057.0,23,7058.0,11,7059.0,43,7060.0,8,7061.0,11,7062.0,50,7058.0
AP410,,13:40:15.750#,7001.0,7080.0,6980.0,7656.0,6390.0,82748,160713,7053.0,3,7054.0,6,7055.0,11,7056.0,9,7057.0,23,7058.0,10,7059.0,43,7060.0,8,7061.0,11,7062.0,50,7058.0
AP410,,13:40:16.0#,7001.0,7080.0,6980.0,7656.0,6390.0,82749,160713,7053.0,3,7054.0,6,7055.0,11,7056.0,9,7057.0,23,7058.0,9,7059.0,43,7060.0,8,7061.0,11,7062.0,50,7058.0
AP410,,13:40:16.250#,7001.0,7080.0,6980.0,7656.0,6390.0,82758,160717,7054.0,6,7055.0,11,7056.0,9,7057.0,23,7058.0,4,7059.0,43,7060.0,8,7061.0,11,7062.0,50,7063.0,6,7058.0
AP410,,13:40:16.500#,7001.0,7080.0,6980.0,7656.0,6390.0,82762,160717,7054.0,6,7055.0,11,7056.0,9,7057.0,23,7058.0,7,7059.0,39,7060.0,9,7061.0,11,7062.0,50,7063.0,6,7059.0
AP410,,13:40:16.750#,7001.0,7080.0,6980.0,7656.0,6390.0,82762,160717,7054.0,6,7055.0,11,7056.0,9,7057.0,24,7058.0,10,7059.0,39,7060.0,9,7061.0,11,7062.0,50,7063.0,6,7059.0
AP410,,13:40:17.0#,7001.0,7080.0,6980.0,7656.0,6390.0,82763,160716,7054.0,6,7055.0,11,7056.0,9,7057.0,24,7058.0,14,7059.0,38,7060.0,9,7061.0,11,7062.0,50,7063.0,6,7059.0
AP410,,13:40:17.500#,7001.0,7080.0,6980.0,7656.0,6390.0,82763,160716,7054.0,6,7055.0,11,7056.0,9,7057.0,24,7058.0,16,7059.0,38,7060.0,9,7061.0,11,7062.0,50,7063.0,6,7059.0
AP410,,13:40:17.750#,7001.0,7080.0,6980.0,7656.0,6390.0,82764,160715,7054.0,6,7055.0,11,7056.0,10,7057.0,24,7058.0,16,7059.0,37,7060.0,9,7061.0,11,7062.0,50,7063.0,6,7059.0
AP410,,13:40:18.0#,7001.0,7080.0,6980.0,7656.0,6390.0,82771,160714,7054.0,6,7055.0,11,7056.0,10,7057.0,24,7058.0,11,7059.0,35,7060.0,9,7061.0,11,7062.0,50,7063.0,6,7058.0
AP410,,13:40:18.500#,7001.0,7080.0,6980.0,7656.0,6390.0,82771,160714,7054.0,6,7055.0,11,7056.0,10,7057.0,24,7058.0,12,7059.0,35,7060.0,10,7061.0,11,7062.0,50,7063.0,6,7058.0
AP410,,13:40:18.750#,7001.0,7080.0,6980.0,7656.0,6390.0,82772,160714,7054.0,6,7055.0,11,7056.0,10,7057.0,24,7058.0,11,7059.0,35,7060.0,10,7061.0,11,7062.0,50,7063.0,6,7058.0
AP410,,13:40:19.0#,7001.0,7080.0,6980.0,7656.0,6390.0,82774,160712,7054.0,6,7055.0,11,7056.0,10,7057.0,24,7058.0,11,7059.0,33,7060.0,11,7061.0,11,7062.0,50,7063.0,6,7059.0
AP410,,13:40:19.250#,7001.0,7080.0,6980.0,7656.0,6390.0,82775,160712,7054.0,6,7055.0,11,7056.0,10,7057.0,24,7058.0,12,7059.0,32,7060.0,11,7061.0,11,7062.0,50,7063.0,6,7059.0
AP410,,13:40:19.500#,7001.0,7080.0,6980.0,7656.0,6390.0,82775,160712,7054.0,6,7055.0,11,7056.0,10,7057.0,24,7058.0,12,7059.0,31,7060.0,11,7061.0,11,7062.0,50,7063.0,6,7059.0
AP410,,13:40:20.0#,7001.0,7080.0,6980.0,7656.0,6390.0,82780,160712,7054.0,6,7055.0,11,7056.0,10,7057.0,24,7058.0,12,7059.0,26,7060.0,11,7061.0,11,7062.0,50,7063.0,6,7059.0
AP410,,13:40:20.250#,7001.0,7080.0,6980.0,7656.0,6390.0,82781,160712,7054.0,6,7055.0,11,7056.0,10,7057.0,24,7058.0,11,7059.0,26,7060.0,11,7061.0,11,7062.0,50,7063.0,6,7058.0
AP410,,13:40:20.500#,7001.0,7080.0,6980.0,7656.0,6390.0,82784,160714,7054.0,6,7055.0,11,7056.0,10,7057.0,24,7058.0,8,7059.0,26,7060.0,11,7061.0,11,7062.0,50,7063.0,6,7058.0
AP410,,13:40:21.0#,7001.0,7080.0,6980.0,7656.0,6390.0,82784,160714,7054.0,6,7055.0,11,7056.0,10,7057.0,24,7058.0,9,7059.0,26,7060.0,11,7061.0,11,7062.0,50,7063.0,6,7058.0
AP410,,13:40:21.250#,7001.0,7080.0,6980.0,7656.0,6390.0,82784,160714,7054.0,6,7055.0,11,7056.0,10,7057.0,28,7058.0,11,7059.0,26,7060.0,12,7061.0,11,7062.0,50,7063.0,6,7058.0
AP410,,13:40:21.500#,7001.0,7080.0,6980.0,7656.0,6390.0,82786,160714,7054.0,6,7055.0,11,7056.0,13,7057.0,28,7058.0,11,7059.0,24,7060.0,12,7061.0,11,7062.0,50,7063.0,6,7059.0
AP410,,13:40:21.750#,7001.0,7080.0,6980.0,7656.0,6390.0,82786,160714,7054.0,6,7055.0,11,7056.0,13,7057.0,28,7058.0,11,7059.0,24,7060.0,13,7061.0,11,7062.0,50,7063.0,6,7059.0
AP410,,13:40:22.250#,7001.0,7080.0,6980.0,7656.0,6390.0,82789,160714,7054.0,6,7055.0,11,7056.0,13,7057.0,28,7058.0,11,7059.0,21,7060.0,13,7061.0,11,7062.0,50,7063.0,6,7059.0
AP410,,13:40:22.750#,7001.0,7080.0,6980.0,7656.0,6390.0,82789,160714,7054.0,6,7055.0,11,7056.0,13,7057.0,28,7058.0,11,7059.0,21,7060.0,13,7061.0,11,7062.0,50,7063.0,6,7059.0
AP410,,13:40:23.250#,7001.0,7080.0,6980.0,7656.0,6390.0,82790,160713,7054.0,6,7055.0,11,7056.0,13,7057.0,28,7058.0,10,7059.0,21,7060.0,13,7061.0,11,7062.0,50,7063.0,6,7058.0
AP410,,13:40:23.500#,7001.0,7080.0,6980.0,7656.0,6390.0,82791,160713,7054.0,6,7055.0,11,7056.0,13,7057.0,28,7058.0,10,7059.0,20,7060.0,13,7061.0,11,7062.0,50,7063.0,6,7059.0
AP410,,13:40:23.750#,7001.0,7080.0,6980.0,7656.0,6390.0,82791,160713,7054.0,6,7055.0,10,7056.0,13,7057.0,28,7058.0,10,7059.0,19,7060.0,13,7061.0,11,7062.0,50,7063.0,6,7059.0
AP410,,13:40:24.0#,7001.0,7080.0,6980.0,7656.0,6390.0,82791,160713,7054.0,6,7055.0,10,7056.0,13,7057.0,28,7058.0,10,7059.0,19,7060.0,13,7061.0,11,7062.0,50,7063.0,6,7059.0
AP410,,13:40:24.250#,7001.0,7080.0,6980.0,7656.0,6390.0,82791,160713,7054.0,6,7055.0,10,7056.0,13,7057.0,28,7058.0,10,7059.0,19,7060.0,13,7061.0,11,7062.0,50,7063.0,6,7059.0
AP410,,13:40:24.750#,7001.0,7080.0,6980.0,7656.0,6390.0,82792,160713,7054.0,6,7055.0,10,7056.0,13,7057.0,28,7058.0,10,7059.0,18,7060.0,13,7061.0,11,7062.0,50,7063.0,6,7059.0
AP410,,13:40:25.0#,7001.0,7080.0,6980.0,7656.0,6390.0,82793,160712,7054.0,6,7055.0,10,7056.0,13,7057.0,28,7058.0,11,7059.0,17,7060.0,13,7061.0,11,7062.0,50,7063.0,6,7059.0
AP410,,13:40:25.250#,7001.0,7080.0,6980.0,7656.0,6390.0,82793,160712,7054.0,4,7055.0,12,7056.0,13,7057.0,28,7058.0,11,7059.0,17,7060.0,13,7061.0,11,7062.0,50,7063.0,6,7059.0
AP410,,13:40:25.750#,7001.0,7080.0,6980.0,7656.0,6390.0,82793,160712,7054.0,4,7055.0,12,7056.0,13,7057.0,28,7058.0,13,7059.0,17,7060.0,13,7061.0,11,7062.0,50,7063.0,6,7059.0
AP410,,13:40:26.0#,7001.0,7080.0,6980.0,7656.0,6390.0,82794,160712,7054.0,4,7055.0,12,7056.0,13,7057.0,28,7058.0,13,7059.0,16,7060.0,13,7061.0,11,7062.0,50,7063.0,6,7059.0
AP410,,13:40:26.250#,7001.0,7080.0,6980.0,7656.0,6390.0,82796,160712,7054.0,4,7055.0,12,7056.0,13,7057.0,28,7058.0,13,7059.0,14,7060.0,13,7061.0,11,7062.0,50,7063.0,6,7059.0
AP410,,13:40:26.500#,7001.0,7080.0,6980.0,7656.0,6390.0,82799,160713,7054.0,4,7055.0,12,7056.0,13,7057.0,28,7058.0,13,7059.0,12,7060.0,13,7061.0,11,7062.0,50,7063.0,6,7059.0
AP410,,13:40:26.750#,7001.0,7080.0,6980.0,7656.0,6390.0,82801,160712,7054.0,4,7055.0,12,7056.0,13,7057.0,28,7058.0,15,7059.0,10,7060.0,13,7061.0,11,7062.0,50,7063.0,6,7059.0
AP410,,13:40:27.0#,7001.0,7080.0,6980.0,7656.0,6390.0,82807,160711,7054.0,4,7055.0,12,7056.0,13,7057.0,28,7058.0,14,7059.0,5,7060.0,9,7061.0,11,7062.0,50,7063.0,6,7058.0
AP410,,13:40:27.250#,7001.0,7080.0,6980.0,7656.0,6390.0,82812,160714,7055.0,12,7056.0,13,7057.0,28,7058.0,14,7059.0,9,7060.0,9,7061.0,11,7062.0,50,7063.0,6,7064.0,10,7059.0
AP410,,13:40:27.500#,7001.0,7080.0,6980.0,7656.0,6390.0,82817,160719,7055.0,12,7056.0,13,7057.0,28,7058.0,14,7059.0,1,7060.0,5,7061.0,11,7062.0,50,7063.0,6,7064.0,10,7059.0
AP410,,13:40:27.750#,7001.0,7080.0,6980.0,7656.0,6390.0,82817,160719,7055.0,13,7056.0,13,7057.0,28,7058.0,14,7059.0,2,7060.0,5,7061.0,11,7062.0,50,7063.0,6,7064.0,10,7059.0
AP410,,13:40:28.250#,7001.0,7080.0,6980.0,7656.0,6390.0,82818,160720,7055.0,13,7056.0,13,7057.0,28,7058.0,14,7059.0,4,7060.0,4,7061.0,11,7062.0,50,7063.0,6,7064.0,10,7060.0
AP410,,13:40:28.750#,7001.0,7080.0,6980.0,7656.0,6390.0,82818,160720,7055.0,13,7056.0,13,7057.0,28,7058.0,14,7059.0,5,7060.0,4,7061.0,11,7062.0,50,7063.0,6,7064.0,10,7060.0
AP410,,13:40:29.0#,7001.0,7080.0,6980.0,7656.0,6390.0,82820,160720,7055.0,13,7056.0,13,7057.0,28,7058.0,14,7059.0,5,7060.0,3,7061.0,11,7062.0,50,7063.0,6,7064.0,10,7060.0
AP410,,13:40:29.250#,7001.0,7080.0,6980.0,7656.0,6390.0,82821,160721,7055.0,13,7056.0,13,7057.0,28,7058.0,14,7059.0,5,7060.0,2,7061.0,11,7062.0,50,7063.0,6,7064.0,10,7060.0
AP410,,13:40:29.500#,7001.0,7080.0,6980.0,7656.0,6390.0,82822,160722,7055.0,13,7056.0,15,7057.0,28,7058.0,14,7059.0,4,7060.0,2,7061.0,16,7062.0,50,7063.0,6,7064.0,10,7059.0
AP410,,13:40:30.0#,7001.0,7080.0,6980.0,7656.0,6390.0,82822,160722,7055.0,13,7056.0,15,7057.0,28,7058.0,14,7059.0,9,7060.0,2,7061.0,16,7062.0,50,7063.0,6,7064.0,10,7059.0
AP410,,13:40:30.250#,7001.0,7080.0,6980.0,7656.0,6390.0,82822,160722,7055.0,13,7056.0,15,7057.0,28,7058.0,14,7059.0,9,7060.0,2,7061.0,16,7062.0,51,7063.0,6,7064.0,10,7059.0
AP410,,13:40:30.500#,7001.0,7080.0,6980.0,7656.0,6390.0,82822,160722,7055.0,13,7056.0,15,7057.0,28,7058.0,14,7059.0,9,7060.0,3,7061.0,16,7062.0,51,7063.0,6,7064.0,10,7059.0
AP410,,13:40:30.750#,7001.0,7080.0,6980.0,7656.0,6390.0,82825,160722,7056.0,15,7057.0,28,7058.0,14,7059.0,9,7060.0,7,7061.0,16,7062.0,51,7063.0,6,7064.0,10,7065.0,8,7060.0
AP410,,13:40:31.0#,7001.0,7080.0,6980.0,7656.0,6390.0,82826,160721,7056.0,16,7057.0,28,7058.0,14,7059.0,9,7060.0,7,7061.0,9,7062.0,51,7063.0,6,7064.0,10,7065.0,8,7060.0
AP410,,13:40:31.250#,7001.0,7080.0,6980.0,7656.0,6390.0,82826,160721,7056.0,16,7057.0,28,7058.0,14,7059.0,9,7060.0,15,7061.0,9,7062.0,51,7063.0,6,7064.0,10,7065.0,8,7060.0
AP410,,13:40:31.750#,7001.0,7080.0,6980.0,7656.0,6390.0,82826,160721,7056.0,16,7057.0,28,7058.0,14,7059.0,9,7060.0,15,7061.0,9,7062.0,51,7063.0,6,7064.0,10,7065.0,10,7060.0
AP410,,13:40:32.0#,7001.0,7080.0,6980.0,7656.0,6390.0,82829,160721,7056.0,16,7057.0,28,7058.0,13,7059.0,9,7060.0,17,7061.0,6,7062.0,51,7063.0,6,7064.0,10,7065.0,11,7061.0
AP410,,13:40:32.250#,7001.0,7080.0,6980.0,7656.0,6390.0,82830,160721,7056.0,16,7057.0,28,7058.0,13,7059.0,9,7060.0,19,7061.0,6,7062.0,51,7063.0,6,7064.0,10,7065.0,11,7061.0
AP410,,13:40:32.500#,7001.0,7080.0,6980.0,7656.0,6390.0,82833,160724,7056.0,16,7057.0,28,7058.0,13,7059.0,9,7060.0,19,7061.0,3,7062.0,51,7063.0,6,7064.0,10,7065.0,11,7061.0
AP410,,13:40:32.750#,7001.0,7080.0,6980.0,7656.0,6390.0,82836,160725,7056.0,16,7057.0,28,7058.0,13,7059.0,9,7060.0,19,7062.0,51,7063.0,6,7064.0,10,7065.0,9,7066.0,15,7061.0
AP410,,13:40:33.0#,7001.0,7080.0,6980.0,7656.0,6390.0,82836,160725,7057.0,28,7058.0,13,7059.0,9,7060.0,17,7061.0,1,7062.0,51,7063.0,6,7064.0,10,7065.0,9,7066.0,15,7061.0
AP410,,13:40:33.250#,7001.0,7080.0,6980.0,7656.0,6390.0,82837,160725,7057.0,28,7058.0,13,7059.0,9,7060.0,9,7061.0,6,7062.0,51,7063.0,6,7064.0,10,7065.0,9,7066.0,15,7061.0
AP410,,13:40:33.500#,7001.0,7080.0,6980.0,7656.0,6390.0,82837,160725,7057.0,28,7058.0,13,7059.0,9,7060.0,9,7061.0,6,7062.0,51,7063.0,6,7064.0,10,7065.0,9,7066.0,15,7061.0
AP410,,13:40:34.0#,7001.0,7080.0,6980.0,7656.0,6390.0,82837,160725,7057.0,28,7058.0,13,7059.0,9,7060.0,10,7061.0,6,7062.0,51,7063.0,6,7064.0,10,7065.0,9,7066.0,15,7061.0
AP410,,13:40:34.500#,7001.0,7080.0,6980.0,7656.0,6390.0,82838,160725,7057.0,28,7058.0,13,7059.0,9,7060.0,10,7061.0,5,7062.0,51,7063.0,6,7064.0,10,7065.0,9,7066.0,15,7061.0
AP410,,13:40:34.750#,7001.0,7080.0,6980.0,7656.0,6390.0,82838,160725,7057.0,28,7058.0,13,7059.0,9,7060.0,10,7061.0,5,7062.0,51,7063.0,6,7064.0,10,7065.0,9,7066.0,15,7061.0
AP410,,13:40:35.250#,7001.0,7080.0,6980.0,7656.0,6390.0,82839,160725,7057.0,28,7058.0,13,7059.0,9,7060.0,8,7061.0,5,7062.0,51,7063.0,6,7064.0,10,7065.0,9,7066.0,15,7061.0
AP410,,13:40:35.500#,7001.0,7080.0,6980.0,7656.0,6390.0,82842,160728,7057.0,28,7058.0,14,7059.0,9,7060.0,8,7061.0,5,7062.0,48,7063.0,6,7064.0,10,7065.0,9,7066.0,15,7062.0
AP410,,13:40:36.0#,7001.0,7080.0,6980.0,7656.0,6390.0,82843,160728,7057.0,28,7058.0,14,7059.0,9,7060.0,8,7061.0,6,7062.0,54,7063.0,6,7064.0,10,7065.0,9,7066.0,15,7062.0
AP410,,13:40:36.250#,7001.0,7080.0,6980.0,7656.0,6390.0,82843,160728,7057.0,29,7058.0,14,7059.0,9,7060.0,8,7061.0,6,7062.0,54,7063.0,6,7064.0,10,7065.0,9,7066.0,15,7062.0
AP410,,13:40:37.0#,7001.0,7080.0,6980.0,7656.0,6390.0,82843,160728,7057.0,30,7058.0,14,7059.0,9,7060.0,8,7061.0,6,7062.0,54,7063.0,6,7064.0,10,7065.0,9,7066.0,15,7062.0
AP410,,13:40:37.250#,7001.0,7080.0,6980.0,7656.0,6390.0,82844,160728,7057.0,29,7058.0,14,7059.0,9,7060.0,8,7061.0,6,7062.0,53,7063.0,6,7065.0,9,7066.0,15,7067.0,5,7062.0
AP410,,13:40:37.500#,7001.0,7080.0,6980.0,7656.0,6390.0,82844,160728,7057.0,29,7058.0,14,7059.0,9,7060.0,8,7061.0,6,7062.0,63,7063.0,5,7065.0,9,7066.0,15,7067.0,5,7062.0
AP410,,13:40:37.750#,7001.0,7080.0,6980.0,7656.0,6390.0,82844,160728,7057.0,29,7058.0,14,7059.0,9,7060.0,8,7061.0,6,7062.0,64,7063.0,5,7065.0,9,7066.0,15,7067.0,5,7062.0
AP410,,13:40:38.0#,7001.0,7080.0,6980.0,7656.0,6390.0,82844,160728,7057.0,29,7058.0,14,7059.0,9,7060.0,8,7061.0,6,7062.0,63,7063.0,5,7065.0,9,7066.0,15,7067.0,5,7062.0
AP410,,13:40:38.250#,7001.0,7080.0,6980.0,7656.0,6390.0,82845,160729,7057.0,29,7058.0,14,7059.0,9,7060.0,8,7061.0,5,7062.0,62,7063.0,5,7065.0,9,7066.0,15,7067.0,5,7062.0
AP410,,13:40:38.500#,7001.0,7080.0,6980.0,7656.0,6390.0,82846,160730,7057.0,29,7058.0,14,7059.0,9,7060.0,8,7061.0,5,7062.0,61,7063.0,5,7065.0,9,7066.0,15,7067.0,5,7062.0
AP410,,13:40:39.0#,7001.0,7080.0,6980.0,7656.0,6390.0,82847,160731,7057.0,29,7058.0,14,7059.0,9,7060.0,8,7061.0,5,7062.0,60,7063.0,4,7065.0,9,7066.0,15,7067.0,5,7062.0
AP410,,13:40:39.250#,7001.0,7080.0,6980.0,7656.0,6390.0,82848,160732,7057.0,29,7058.0,14,7059.0,9,7060.0,8,7061.0,5,7062.0,59,7063.0,4,7065.0,9,7066.0,15,7067.0,5,7062.0
AP410,,13:40:39.500#,7001.0,7080.0,6980.0,7656.0,6390.0,82849,160733,7057.0,29,7058.0,14,7059.0,9,7060.0,8,7061.0,4,7062.0,59,7063.0,4,7065.0,9,7066.0,15,7067.0,5,7061.0
AP410,,13:40:40.0#,7001.0,7080.0,6980.0,7656.0,6390.0,82850,160733,7057.0,29,7058.0,14,7059.0,9,7060.0,8,7061.0,3,7062.0,59,7063.0,4,7065.0,9,7066.0,15,7067.0,5,7061.0
AP410,,13:40:40.250#,7001.0,7080.0,6980.0,7656.0,6390.0,82850,160733,7057.0,29,7058.0,12,7059.0,9,7060.0,8,7061.0,3,7062.0,59,7063.0,4,7065.0,9,7066.0,15,7067.0,5,7061.0
AP410,,13:40:40.500#,7001.0,7080.0,6980.0,7656.0,6390.0,82850,160733,7057.0,28,7058.0,12,7059.0,9,7060.0,8,7061.0,3,7062.0,59,7063.0,4,7065.0,9,7066.0,15,7067.0,5,7061.0
AP410,,13:40:40.750#,7001.0,7080.0,6980.0,7656.0,6390.0,82850,160733,7057.0,28,7058.0,12,7059.0,9,7060.0,8,7061.0,8,7062.0,59,7063.0,4,7065.0,9,7066.0,15,7067.0,5,7061.0
AP410,,13:40:41.0#,7001.0,7080.0,6980.0,7656.0,6390.0,82852,160735,7057.0,28,7058.0,12,7059.0,9,7060.0,8,7061.0,11,7062.0,59,7063.0,4,7065.0,9,7066.0,15,7067.0,5,7061.0
AP410,,13:40:41.250#,7001.0,7080.0,6980.0,7656.0,6390.0,82853,160736,7057.0,28,7058.0,12,7059.0,9,7060.0,8,7061.0,11,7062.0,59,7063.0,4,7065.0,9,7066.0,15,7067.0,5,7061.0
AP410,,13:40:41.750#,7001.0,7080.0,6980.0,7656.0,6390.0,82855,160738,7057.0,28,7058.0,12,7059.0,9,7060.0,8,7061.0,10,7062.0,58,7063.0,4,7065.0,9,7066.0,15,7067.0,5,7061.0
AP410,,13:40:42.0#,7001.0,7080.0,6980.0,7656.0,6390.0,82855,160738,7057.0,28,7058.0,12,7059.0,9,7060.0,8,7061.0,10,7062.0,59,7063.0,4,7065.0,9,7066.0,15,7067.0,5,7061.0
AP410,,13:40:42.500#,7001.0,7080.0,6980.0,7656.0,6390.0,82855,160738,7057.0,28,7058.0,12,7059.0,9,7060.0,8,7061.0,10,7062.0,60,7063.0,4,7065.0,9,7066.0,15,7067.0,5,7061.0
AP410,,13:40:43.0#,7001.0,7080.0,6980.0,7656.0,6390.0,82862,160743,7057.0,28,7058.0,12,7059.0,9,7060.0,8,7061.0,10,7062.0,53,7063.0,4,7065.0,9,7066.0,15,7067.0,5,7062.0
AP410,,13:40:43.500#,7001.0,7080.0,6980.0,7656.0,6390.0,82867,160748,7057.0,28,7058.0,12,7059.0,9,7060.0,8,7061.0,5,7062.0,53,7063.0,4,7065.0,9,7066.0,15,7067.0,5,7061.0
AP410,,13:40:43.750#,7001.0,7080.0,6980.0,7656.0,6390.0,82867,160748,7057.0,28,7058.0,9,7059.0,9,7060.0,8,7061.0,5,7062.0,53,7063.0,4,7065.0,9,7066.0,14,7067.0,5,7061.0
AP410,,13:40:44.0#,7001.0,7080.0,6980.0,7656.0,6390.0,82867,160748,7057.0,28,7058.0,9,7059.0,9,7060.0,9,7061.0,5,7062.0,53,7063.0,4,7065.0,9,7066.0,14,7067.0,5,7061.0
AP410,,13:40:44.250#,7001.0,7080.0,6980.0,7656.0,6390.0,82867,160748,7057.0,28,7058.0,9,7059.0,9,7060.0,9,7061.0,5,7062.0,53,7063.0,4,7065.0,9,7066.0,14,7067.0,5,7061.0
AP410,,13:40:44.500#,7001.0,7080.0,6980.0,7656.0,6390.0,82867,160748,7057.0,28,7058.0,9,7059.0,9,7060.0,9,7061.0,4,7062.0,53,7063.0,4,7065.0,9,7066.0,14,7067.0,5,7061.0
AP410,,13:40:44.750#,7001.0,7080.0,6980.0,7656.0,6390.0,82868,160749,7057.0,28,7058.0,9,7059.0,9,7060.0,9,7061.0,6,7062.0,52,7063.0,4,7065.0,9,7066.0,14,7067.0,5,7062.0
AP410,,13:40:45.500#,7001.0,7080.0,6980.0,7656.0,6390.0,82868,160749,7057.0,28,7058.0,9,7059.0,9,7060.0,9,7061.0,7,7062.0,52,7063.0,4,7065.0,9,7066.0,14,7067.0,5,7062.0
AP410,,13:40:45.750#,7001.0,7080.0,6980.0,7656.0,6390.0,82869,160749,7057.0,28,7058.0,9,7059.0,9,7060.0,9,7061.0,7,7062.0,51,7063.0,4,7065.0,9,7066.0,14,7067.0,5,7062.0
AP410,,13:40:46.250#,7001.0,7080.0,6980.0,7656.0,6390.0,82870,160750,7057.0,28,7058.0,9,7059.0,9,7060.0,9,7061.0,7,7062.0,50,7063.0,4,7065.0,9,7066.0,14,7067.0,5,7062.0
AP410,,13:40:46.750#,7001.0,7080.0,6980.0,7656.0,6390.0,82870,160750,7057.0,28,7058.0,9,7059.0,9,7060.0,9,7061.0,8,7062.0,50,7063.0,4,7065.0,9,7066.0,14,7067.0,5,7062.0
AP410,,13:40:47.0#,7001.0,7080.0,6980.0,7656.0,6390.0,82870,160750,7057.0,28,7058.0,9,7059.0,9,7060.0,9,7061.0,8,7062.0,50,7063.0,4,7065.0,9,7066.0,14,7067.0,5,7062.0
AP410,,13:40:47.250#,7001.0,7080.0,6980.0,7656.0,6390.0,82875,160751,7057.0,28,7058.0,9,7059.0,9,7060.0,9,7061.0,8,7062.0,46,7063.0,4,7065.0,9,7066.0,14,7067.0,5,7061.0
AP410,,13:40:47.750#,7001.0,7080.0,6980.0,7656.0,6390.0,82876,160752,7057.0,28,7058.0,9,7059.0,9,7060.0,9,7061.0,8,7062.0,45,7063.0,4,7065.0,9,7066.0,14,7067.0,5,7062.0
AP410,,13:40:48.0#,7001.0,7080.0,6980.0,7656.0,6390.0,82877,160753,7057.0,28,7058.0,9,7059.0,9,7060.0,9,7061.0,8,7062.0,44,7063.0,4,7065.0,9,7066.0,14,7067.0,5,7062.0
AP410,,13:40:48.250#,7001.0,7080.0,6980.0,7656.0,6390.0,82877,160753,7057.0,24,7058.0,9,7059.0,9,7060.0,9,7061.0,8,7062.0,44,7063.0,4,7065.0,9,7066.0,14,7067.0,5,7062.0
AP410,,13:40:48.500#,7001.0,7080.0,6980.0,7656.0,6390.0,82877,160753,7057.0,24,7058.0,9,7059.0,9,7060.0,9,7061.0,9,7062.0,44,7063.0,4,7065.0,9,7066.0,14,7067.0,5,7062.0
AP410,,13:40:48.750#,7001.0,7080.0,6980.0,7656.0,6390.0,82880,160756,7057.0,24,7058.0,9,7059.0,9,7060.0,9,7061.0,6,7062.0,44,7063.0,4,7065.0,9,7066.0,14,7067.0,5,7061.0
AP410,,13:40:49.0#,7001.0,7080.0,6980.0,7656.0,6390.0,82880,160756,7057.0,24,7058.0,9,7059.0,9,7060.0,9,7061.0,6,7062.0,44,7063.0,4,7065.0,9,7066.0,14,7067.0,5,7061.0
AP410,,13:40:49.250#,7001.0,7080.0,6980.0,7656.0,6390.0,82880,160756,7057.0,24,7058.0,9,7059.0,9,7060.0,9,7061.0,6,7062.0,50,7063.0,4,7065.0,9,7066.0,14,7067.0,5,7061.0
AP410,,13:40:49.750#,7001.0,7080.0,6980.0,7656.0,6390.0,82880,160756,7057.0,24,7058.0,9,7059.0,9,7060.0,9,7061.0,6,7062.0,50,7063.0,4,7065.0,9,7066.0,14,7067.0,5,7061.0
AP410,,13:40:50.250#,7001.0,7080.0,6980.0,7656.0,6390.0,82880,160756,7057.0,24,7058.0,9,7059.0,9,7060.0,9,7061.0,6,7062.0,50,7063.0,4,7065.0,9,7066.0,14,7067.0,5,7061.0
AP410,,13:40:50.500#,7001.0,7080.0,6980.0,7656.0,6390.0,82881,160757,7057.0,24,7058.0,9,7059.0,9,7060.0,9,7061.0,5,7062.0,50,7063.0,4,7065.0,9,7066.0,14,7067.0,5,7061.0
AP410,,13:40:50.750#,7001.0,7080.0,6980.0,7656.0,6390.0,82881,160757,7057.0,24,7058.0,9,7059.0,9,7060.0,9,7061.0,6,7062.0,50,7063.0,4,7065.0,9,7066.0,14,7067.0,5,7061.0
AP410,,13:40:51.0#,7001.0,7080.0,6980.0,7656.0,6390.0,82881,160757,7057.0,24,7058.0,9,7059.0,9,7060.0,9,7061.0,7,7062.0,50,7063.0,4,7065.0,9,7066.0,14,7067.0,5,7061.0
AP410,,13:40:51.250#,7001.0,7080.0,6980.0,7656.0,6390.0,82881,160757,7057.0,24,7058.0,9,7059.0,9,7060.0,9,7061.0,7,7062.0,51,7063.0,4,7065.0,9,7066.0,14,7067.0,5,7061.0
AP410,,13:40:51.500#,7001.0,7080.0,6980.0,7656.0,6390.0,82890,160761,7056.0,18,7057.0,24,7058.0,9,7059.0,9,7060.0,11,7061.0,3,7062.0,49,7063.0,4,7065.0,9,7066.0,14,7061.0
AP410,,13:40:51.750#,7001.0,7080.0,6980.0,7656.0,6390.0,82890,160761,7056.0,18,7057.0,24,7058.0,9,7059.0,9,7060.0,11,7061.0,3,7062.0,49,7063.0,4,7065.0,9,7066.0,14,7061.0
AP410,,13:40:52.0#,7001.0,7080.0,6980.0,7656.0,6390.0,82890,160761,7056.0,18,7057.0,24,7058.0,9,7059.0,9,7060.0,11,7061.0,3,7062.0,39,7063.0,4,7065.0,9,7066.0,14,7061.0
AP410,,13:40:53.250#,7001.0,7080.0,6980.0,7656.0,6390.0,82890,160761,7056.0,18,7057.0,24,7058.0,9,7059.0,9,7060.0,11,7061.0,9,7062.0,39,7063.0,4,7065.0,9,7066.0,14,7061.0
AP410,,13:40:53.500#,7001.0,7080.0,6980.0,7656.0,6390.0,82890,160761,7056.0,18,7057.0,24,7058.0,9,7059.0,9,7060.0,12,7061.0,9,7062.0,39,7063.0,4,7065.0,9,7066.0,14,7061.0
AP410,,13:40:53.750#,7001.0,7080.0,6980.0,7656.0,6390.0,82890,160761,7056.0,18,7057.0,24,7058.0,9,7059.0,9,7060.0,12,7061.0,9,7062.0,39,7063.0,4,7065.0,9,7066.0,14,7061.0
AP410,,13:40:54.0#,7001.0,7080.0,6980.0,7656.0,6390.0,82890,160761,7056.0,18,7057.0,24,7058.0,9,7059.0,9,7060.0,12,7061.0,11,7062.0,39,7063.0,4,7065.0,9,7066.0,14,7061.0
AP410,,13:40:54.500#,7001.0,7080.0,6980.0,7656.0,6390.0,82900,160765,7056.0,18,7057.0,24,7058.0,9,7059.0,9,7060.0,10,7061.0,11,7062.0,39,7063.0,4,7065.0,9,7066.0,14,7061.0
AP410,,13:40:54.750#,7001.0,7080.0,6980.0,7656.0,6390.0,82901,160764,7056.0,18,7057.0,24,7058.0,9,7059.0,9,7060.0,9,7061.0,11,7062.0,39,7063.0,4,7065.0,9,7066.0,14,7060.0
AP410,,13:40:55.0#,7001.0,7080.0,6980.0,7656.0,6390.0,82902,160764,7056.0,18,7057.0,24,7058.0,9,7059.0,9,7060.0,8,7061.0,11,7062.0,39,7063.0,4,7065.0,9,7066.0,14,7060.0
AP410,,13:40:55.250#,7001.0,7080.0,6980.0,7656.0,6390.0,82908,160770,7056.0,18,7057.0,24,7058.0,9,7059.0,9,7060.0,8,7061.0,5,7062.0,39,7063.0,4,7065.0,9,7066.0,14,7061.0
AP410,,13:40:56.0#,7001.0,7080.0,6980.0,7656.0,6390.0,82908,160770,7056.0,18,7057.0,24,7058.0,9,7059.0,9,7060.0,8,7061.0,5,7062.0,39,7063.0,6,7065.0,9,7066.0,14,7061.0
AP410,,13:40:56.250#,7001.0,7080.0,6980.0,7656.0,6390.0,82908,160770,7056.0,18,7057.0,24,7058.0,9,7059.0,9,7060.0,7,7061.0,5,7062.0,39,7063.0,6,7065.0,8,7066.0,14,7061.0
AP410,,13:40:56.500#,7001.0,7080.0,6980.0,7656.0,6390.0,82908,160770,7056.0,18,7057.0,24,7058.0,9,7059.0,9,7060.0,7,7061.0,5,7062.0,39,7063.0,6,7065.0,8,7066.0,14,7061.0
AP410,,13:40:56.750#,7001.0,7080.0,6980.0,7656.0,6390.0,82909,160769,7056.0,18,7057.0,24,7058.0,9,7059.0,9,7060.0,6,7061.0,5,7062.0,39,7063.0,6,7065.0,8,7066.0,14,7060.0
AP410,,13:40:57.0#,7001.0,7080.0,6980.0,7656.0,6390.0,82915,160771,7055.0,15,7056.0,18,7057.0,24,7058.0,9,7059.0,11,7060.0,4,7061.0,5,7062.0,39,7063.0,6,7065.0,8,7060.0
AP410,,13:40:57.250#,7001.0,7080.0,6980.0,7656.0,6390.0,82915,160771,7055.0,15,7056.0,18,7057.0,24,7058.0,9,7059.0,10,7060.0,4,7061.0,11,7062.0,39,7063.0,6,7065.0,8,7060.0
AP410,,13:40:57.500#,7001.0,7080.0,6980.0,7656.0,6390.0,82915,160771,7055.0,15,7056.0,18,7057.0,24,7058.0,9,7059.0,10,7060.0,4,7061.0,11,7062.0,39,7063.0,6,7065.0,8,7060.0
AP410,,13:40:57.750#,7001.0,7080.0,6980.0,7656.0,6390.0,82915,160771,7055.0,15,7056.0,18,7057.0,24,7058.0,9,7059.0,10,7060.0,5,7061.0,11,7062.0,39,7063.0,6,7065.0,8,7060.0
AP410,,13:40:58.0#,7001.0,7080.0,6980.0,7656.0,6390.0,82915,160771,7055.0,15,7056.0,18,7057.0,24,7058.0,9,7059.0,10,7060.0,5,7061.0,11,7062.0,40,7063.0,6,7065.0,8,7060.0
AP410,,13:40:58.750#,7001.0,7080.0,6980.0,7656.0,6390.0,82915,160771,7055.0,15,7056.0,18,7057.0,24,7058.0,9,7059.0,10,7060.0,5,7061.0,11,7062.0,40,7063.0,6,7065.0,8,7060.0
AP410,,13:40:59.0#,7001.0,7080.0,6980.0,7656.0,6390.0,82916,160772,7055.0,15,7056.0,18,7057.0,24,7058.0,9,7059.0,10,7060.0,4,7061.0,11,7062.0,40,7063.0,6,7065.0,8,7060.0
AP410,,13:40:59.250#,7001.0,7080.0,6980.0,7656.0,6390.0,82922,160777,7055.0,15,7056.0,18,7057.0,24,7058.0,9,7059.0,4,7060.0,6,7061.0,11,7062.0,34,7063.0,6,7065.0,8,7059.0
AP410,,13:40:59.500#,7001.0,7080.0,6980.0,7656.0,6390.0,82922,160777,7055.0,15,7056.0,18,7057.0,24,7058.0,9,7059.0,4,7060.0,6,7061.0,12,7062.0,33,7063.0,6,7065.0,8,7059.0
AP410,,13:40:59.750#,7001.0,7080.0,6980.0,7656.0,6390.0,82923,160778,7055.0,15,7056.0,18,7057.0,24,7058.0,9,7059.0,4,7060.0,5,7061.0,12,7062.0,33,7063.0,6,7065.0,8,7060.0
AP410,,13:41:00.250#,7001.0,7080.0,6980.0,7656.0,6390.0,82923,160778,7055.0,15,7056.0,18,7057.0,24,7058.0,9,7059.0,4,7060.0,5,7061.0,13,7062.0,33,7063.0,6,7065.0,8,7060.0
AP410,,13:41:00.500#,7001.0,7080.0,6980.0,7656.0,6390.0,82928,160780,7056.0,18,7057.0,24,7058.0,9,7059.0,4,7060.0,1,7061.0,13,7062.0,33,7063.0,6,7065.0,8,7066.0,14,7060.0
AP410,,13:41:00.750#,7001.0,7080.0,6980.0,7656.0,6390.0,82931,160781,7055.0,15,7056.0,18,7057.0,24,7058.0,9,7059.0,4,7060.0,3,7061.0,13,7062.0,33,7063.0,6,7065.0,8,7060.0
AP410,,13:41:01.0#,7001.0,7080.0,6980.0,7656.0,6390.0,82931,160781,7055.0,15,7056.0,18,7057.0,24,7058.0,10,7059.0,5,7060.0,3,7061.0,13,7062.0,33,7063.0,6,7065.0,8,7060.0
AP410,,13:41:01.250#,7001.0,7080.0,6980.0,7656.0,6390.0,82931,160781,7055.0,15,7056.0,18,7057.0,24,7058.0,10,7059.0,14,7060.0,9,7061.0,13,7062.0,33,7063.0,6,7065.0,8,7060.0
AP410,,13:41:01.500#,7001.0,7080.0,6980.0,7656.0,6390.0,82931,160781,7055.0,15,7056.0,18,7057.0,24,7058.0,10,7059.0,17,7060.0,6,7061.0,13,7062.0,26,7063.0,6,7065.0,8,7060.0
AP410,,13:41:01.750#,7001.0,7080.0,6980.0,7656.0,6390.0,82932,160782,7055.0,15,7056.0,18,7057.0,24,7058.0,10,7059.0,20,7060.0,6,7061.0,13,7062.0,26,7063.0,6,7065.0,8,7060.0
AP410,,13:41:02.250#,7001.0,7080.0,6980.0,7656.0,6390.0,82932,160782,7055.0,15,7056.0,18,7057.0,24,7058.0,10,7059.0,20,7060.0,6,7061.0,13,7062.0,26,7063.0,6,7065.0,8,7060.0
AP410,,13:41:02.500#,7001.0,7080.0,6980.0,7656.0,6390.0,82932,160782,7055.0,13,7056.0,18,7057.0,24,7058.0,10,7059.0,20,7060.0,6,7061.0,13,7062.0,26,7063.0,6,7065.0,8,7060.0
AP410,,13:41:03.250#,7001.0,7080.0,6980.0,7656.0,6390.0,82932,160782,7055.0,13,7056.0,18,7057.0,24,7058.0,10,7059.0,20,7060.0,8,7061.0,10,7062.0,26,7063.0,6,7065.0,7,7060.0
AP410,,13:41:03.500#,7001.0,7080.0,6980.0,7656.0,6390.0,82936,160781,7055.0,13,7056.0,18,7057.0,24,7058.0,10,7059.0,16,7060.0,8,7061.0,10,7062.0,25,7063.0,6,7065.0,7,7059.0
AP410,,13:41:03.750#,7001.0,7080.0,6980.0,7656.0,6390.0,82938,160783,7055.0,13,7056.0,18,7057.0,24,7058.0,10,7059.0,19,7060.0,7,7061.0,10,7062.0,25,7063.0,6,7065.0,7,7059.0
AP410,,13:41:04.500#,7001.0,7080.0,6980.0,7656.0,6390.0,82940,160785,7055.0,13,7056.0,18,7057.0,24,7058.0,10,7059.0,18,7060.0,7,7061.0,10,7062.0,25,7063.0,6,7065.0,7,7060.0
AP410,,13:41:05.0#,7001.0,7080.0,6980.0,7656.0,6390.0,82941,160786,7055.0,13,7056.0,18,7057.0,24,7058.0,10,7059.0,17,7060.0,7,7061.0,10,7062.0,25,7063.0,6,7065.0,7,7059.0
AP410,,13:41:05.250#,7001.0,7080.0,6980.0,7656.0,6390.0,82941,160786,7055.0,13,7056.0,18,7057.0,24,7058.0,10,7059.0,16,7060.0,13,7061.0,12,7062.0,25,7063.0,6,7065.0,7,7059.0
AP410,,13:41:05.500#,7001.0,7080.0,6980.0,7656.0,6390.0,82943,160787,7055.0,13,7056.0,18,7057.0,24,7058.0,10,7059.0,15,7060.0,13,7061.0,12,7062.0,25,7063.0,6,7065.0,7,7059.0
AP410,,13:41:05.750#,7001.0,7080.0,6980.0,7656.0,6390.0,82943,160787,7055.0,13,7056.0,18,7057.0,24,7058.0,10,7059.0,15,7060.0,13,7061.0,12,7062.0,25,7063.0,6,7065.0,7,7059.0
AP410,,13:41:06.250#,7001.0,7080.0,6980.0,7656.0,6390.0,82943,160787,7055.0,13,7056.0,18,7057.0,24,7058.0,10,7059.0,16,7060.0,13,7061.0,12,7062.0,25,7063.0,6,7065.0,7,7059.0
AP410,,13:41:06.500#,7001.0,7080.0,6980.0,7656.0,6390.0,82943,160787,7055.0,13,7056.0,18,7057.0,24,7058.0,10,7059.0,16,7060.0,13,7061.0,11,7062.0,25,7063.0,6,7065.0,7,7059.0
AP410,,13:41:06.750#,7001.0,7080.0,6980.0,7656.0,6390.0,82945,160787,7055.0,13,7056.0,18,7057.0,24,7058.0,10,7059.0,16,7060.0,12,7061.0,11,7062.0,25,7063.0,6,7065.0,7,7060.0
AP410,,13:41:07.250#,7001.0,7080.0,6980.0,7656.0,6390.0,82946,160787,7055.0,13,7056.0,18,7057.0,24,7058.0,10,7059.0,16,7060.0,11,7061.0,5,7062.0,25,7063.0,6,7065.0,7,7060.0
AP410,,13:41:07.500#,7001.0,7080.0,6980.0,7656.0,6390.0,82952,160787,7055.0,13,7056.0,18,7057.0,24,7058.0,10,7059.0,10,7060.0,11,7061.0,5,7062.0,25,7063.0,6,7065.0,7,7059.0
AP410,,13:41:07.750#,7001.0,7080.0,6980.0,7656.0,6390.0,82962,160791,7055.0,13,7056.0,18,7057.0,24,7058.0,10,7059.0,1,7060.0,11,7061.0,5,7062.0,25,7063.0,6,7065.0,7,7059.0
AP410,,13:41:08.0#,7001.0,7080.0,6980.0,7656.0,6390.0,82963,160792,7054.0,3,7055.0,13,7056.0,18,7057.0,24,7058.0,11,7060.0,25,7061.0,5,7062.0,25,7063.0,6,7065.0,7,7059.0
AP410,,13:41:08.250#,7001.0,7080.0,6980.0,7656.0,6390.0,82963,160792,7054.0,3,7055.0,13,7056.0,18,7057.0,24,7058.0,11,7059.0,8,7060.0,25,7061.0,5,7062.0,25,7063.0,6,7059.0
AP410,,13:41:08.500#,7001.0,7080.0,6980.0,7656.0,6390.0,82965,160794,7054.0,3,7055.0,13,7056.0,18,7057.0,24,7058.0,11,7059.0,11,7060.0,25,7061.0,5,7062.0,25,7063.0,6,7059.0
AP410,,13:41:09.0#,7001.0,7080.0,6980.0,7656.0,6390.0,82965,160794,7054.0,3,7055.0,13,7056.0,18,7057.0,24,7058.0,11,7059.0,12,7060.0,27,7061.0,5,7062.0,25,7063.0,4,7059.0
AP410,,13:41:09.250#,7001.0,7080.0,6980.0,7656.0,6390.0,82966,160794,7054.0,3,7055.0,13,7056.0,18,7057.0,24,7058.0,11,7059.0,16,7060.0,27,7061.0,5,7062.0,25,7063.0,4,7059.0
AP410,,13:41:09.500#,7001.0,7080.0,6980.0,7656.0,6390.0,82966,160794,7054.0,3,7055.0,13,7056.0,18,7057.0,24,7058.0,11,7059.0,16,7060.0,27,7061.0,5,7062.0,25,7063.0,4,7059.0
AP410,,13:41:09.750#,7001.0,7080.0,6980.0,7656.0,6390.0,82966,160794,7054.0,3,7055.0,13,7056.0,18,7057.0,24,7058.0,11,7059.0,16,7060.0,27,7061.0,5,7062.0,25,7063.0,4,7059.0
AP410,,13:41:10.0#,7001.0,7080.0,6980.0,7656.0,6390.0,82966,160794,7054.0,3,7055.0,13,7056.0,18,7057.0,24,7058.0,11,7059.0,16,7060.0,32,7061.0,5,7062.0,25,7063.0,4,7059.0
AP410,,13:41:10.250#,7001.0,7080.0,6980.0,7656.0,6390.0,82967,160794,7054.0,3,7055.0,13,7056.0,18,7057.0,24,7058.0,10,7059.0,16,7060.0,32,7061.0,5,7062.0,25,7063.0,4,7058.0
AP410,,13:41:10.500#,7001.0,7080.0,6980.0,7656.0,6390.0,82981,160800,7054.0,3,7055.0,13,7056.0,18,7057.0,24,7058.0,2,7059.0,19,7060.0,29,7061.0,5,7062.0,25,7063.0,4,7059.0
AP410,,13:41:10.750#,7001.0,7080.0,6980.0,7656.0,6390.0,82983,160798,7053.0,5,7054.0,3,7055.0,13,7056.0,18,7057.0,28,7058.0,25,7059.0,25,7060.0,23,7061.0,5,7062.0,25,7058.0
AP410,,13:41:11.0#,7001.0,7080.0,6980.0,7656.0,6390.0,82994,160796,7053.0,5,7054.0,3,7055.0,13,7056.0,18,7057.0,17,7058.0,23,7059.0,25,7060.0,28,7061.0,5,7062.0,25,7058.0
AP410,,13:41:11.250#,7001.0,7080.0,6980.0,7656.0,6390.0,83013,160796,7052.0,6,7053.0,5,7054.0,3,7055.0,13,7056.0,22,7057.0,2,7058.0,24,7059.0,25,7060.0,28,7061.0,5,7056.0
AP410,,13:41:11.500#,7001.0,7080.0,6980.0,7656.0,6390.0,83013,160796,7052.0,6,7053.0,5,7054.0,3,7055.0,13,7056.0,21,7057.0,2,7058.0,19,7059.0,25,7060.0,27,7061.0,5,7056.0
AP410,,13:41:11.750#,7001.0,7080.0,6980.0,7656.0,6390.0,83013,160796,7052.0,6,7053.0,5,7054.0,3,7055.0,13,7056.0,22,7057.0,2,7058.0,19,7059.0,25,7060.0,27,7061.0,5,7056.0
AP410,,13:41:12.0#,7001.0,7080.0,6980.0,7656.0,6390.0,83013,160796,7052.0,6,7053.0,5,7054.0,3,7055.0,13,7056.0,22,7057.0,2,7058.0,19,7059.0,26,7060.0,26,7061.0,5,7056.0
AP410,,13:41:12.250#,7001.0,7080.0,6980.0,7656.0,6390.0,83013,160796,7052.0,6,7053.0,5,7054.0,3,7055.0,13,7056.0,22,7057.0,5,7058.0,19,7059.0,26,7060.0,26,7061.0,5,7056.0
AP410,,13:41:12.500#,7001.0,7080.0,6980.0,7656.0,6390.0,83013,160796,7052.0,6,7053.0,5,7054.0,3,7055.0,13,7056.0,22,7057.0,15,7058.0,19,7059.0,16,7060.0,26,7061.0,5,7056.0
AP410,,13:41:12.750#,7001.0,7080.0,6980.0,7656.0,6390.0,83015,160795,7052.0,6,7053.0,5,7054.0,3,7055.0,13,7056.0,21,7057.0,14,7058.0,20,7059.0,17,7060.0,26,7061.0,5,7056.0
AP410,,13:41:13.250#,7001.0,7080.0,6980.0,7656.0,6390.0,83016,160796,7052.0,6,7053.0,5,7054.0,3,7055.0,13,7056.0,22,7057.0,18,7058.0,20,7059.0,17,7060.0,26,7061.0,5,7057.0
AP410,,13:41:13.500#,7001.0,7080.0,6980.0,7656.0,6390.0,83017,160795,7052.0,6,7053.0,5,7054.0,3,7055.0,13,7056.0,22,7057.0,17,7058.0,20,7059.0,17,7060.0,26,7061.0,5,7057.0
AP410,,13:41:13.750#,7001.0,7080.0,6980.0,7656.0,6390.0,83019,160793,7052.0,6,7053.0,5,7054.0,3,7055.0,13,7056.0,22,7057.0,17,7058.0,18,7059.0,17,7060.0,26,7061.0,5,7056.0
AP410,,13:41:14.0#,7001.0,7080.0,6980.0,7656.0,6390.0,83021,160793,7052.0,6,7053.0,5,7054.0,3,7055.0,13,7056.0,21,7057.0,16,7058.0,18,7059.0,17,7060.0,26,7061.0,5,7056.0
AP410,,13:41:14.250#,7001.0,7080.0,6980.0,7656.0,6390.0,83021,160793,7052.0,6,7053.0,5,7054.0,3,7055.0,13,7056.0,22,7057.0,16,7058.0,18,7059.0,17,7060.0,26,7061.0,5,7056.0
AP410,,13:41:14.500#,7001.0,7080.0,6980.0,7656.0,6390.0,83030,160800,7052.0,6,7053.0,5,7054.0,3,7055.0,13,7056.0,23,7057.0,8,7058.0,18,7059.0,17,7060.0,26,7061.0,3,7056.0
AP410,,13:41:14.750#,7001.0,7080.0,6980.0,7656.0,6390.0,83032,160798,7052.0,6,7053.0,5,7054.0,3,7055.0,13,7056.0,22,7057.0,8,7058.0,37,7059.0,17,7060.0,26,7061.0,3,7056.0
AP410,,13:41:15.0#,7001.0,7080.0,6980.0,7656.0,6390.0,83037,160795,7052.0,6,7053.0,5,7054.0,3,7055.0,13,7056.0,17,7057.0,8,7058.0,37,7059.0,17,7060.0,26,7061.0,3,7056.0
AP410,,13:41:15.250#,7001.0,7080.0,6980.0,7656.0,6390.0,83044,160800,7052.0,6,7053.0,5,7054.0,3,7055.0,13,7056.0,12,7057.0,9,7058.0,37,7059.0,17,7060.0,20,7061.0,3,7056.0
AP410,,13:41:15.500#,7001.0,7080.0,6980.0,7656.0,6390.0,83045,160800,7052.0,6,7053.0,5,7054.0,3,7055.0,13,7056.0,12,7057.0,9,7058.0,42,7059.0,17,7060.0,20,7061.0,3,7056.0
AP410,,13:41:15.750#,7001.0,7080.0,6980.0,7656.0,6390.0,83045,160800,7052.0,6,7053.0,5,7054.0,3,7055.0,13,7056.0,12,7057.0,9,7058.0,40,7059.0,17,7060.0,20,7061.0,3,7056.0
AP410,,13:41:16.0#,7001.0,7080.0,6980.0,7656.0,6390.0,83046,160800,7052.0,6,7053.0,5,7054.0,3,7055.0,13,7056.0,12,7057.0,8,7058.0,40,7059.0,17,7060.0,20,7061.0,3,7057.0
AP410,,13:41:16.250#,7001.0,7080.0,6980.0,7656.0,6390.0,83053,160802,7052.0,6,7053.0,5,7054.0,3,7055.0,13,7056.0,5,7057.0,8,7058.0,40,7059.0,17,7060.0,20,7061.0,3,7056.0
AP410,,13:41:16.500#,7001.0,7080.0,6980.0,7656.0,6390.0,83056,160802,7052.0,6,7053.0,5,7054.0,3,7055.0,13,7056.0,2,7057.0,12,7058.0,40,7059.0,17,7060.0,20,7061.0,3,7056.0
AP410,,13:41:16.750#,7001.0,7080.0,6980.0,7656.0,6390.0,83059,160803,7051.0,37,7052.0,6,7053.0,5,7054.0,3,7055.0,13,7056.0,10,7057.0,12,7058.0,39,7059.0,17,7060.0,20,7056.0
AP410,,13:41:17.0#,7001.0,7080.0,6980.0,7656.0,6390.0,83061,160801,7051.0,37,7052.0,6,7053.0,5,7054.0,3,7055.0,10,7056.0,5,7057.0,12,7058.0,39,7059.0,17,7060.0,20,7056.0
AP410,,13:41:17.250#,7001.0,7080.0,6980.0,7656.0,6390.0,83061,160801,7051.0,37,7052.0,6,7053.0,5,7054.0,3,7055.0,10,7056.0,5,7057.0,17,7058.0,39,7059.0,17,7060.0,20,7056.0
AP410,,13:41:17.500#,7001.0,7080.0,6980.0,7656.0,6390.0,83064,160802,7051.0,37,7052.0,6,7053.0,5,7054.0,3,7055.0,10,7057.0,17,7058.0,39,7059.0,17,7060.0,20,7061.0,3,7056.0
AP410,,13:41:17.750#,7001.0,7080.0,6980.0,7656.0,6390.0,83064,160802,7051.0,37,7052.0,6,7053.0,5,7054.0,3,7055.0,10,7057.0,17,7058.0,39,7059.0,16,7060.0,20,7061.0,3,7056.0
AP410,,13:41:18.0#,7001.0,7080.0,6980.0,7656.0,6390.0,83066,160802,7051.0,37,7052.0,6,7053.0,5,7054.0,3,7055.0,9,7057.0,16,7058.0,39,7059.0,16,7060.0,20,7061.0,3,7057.0
AP410,,13:41:18.250#,7001.0,7080.0,6980.0,7656.0,6390.0,83075,160803,7050.0,40,7051.0,37,7052.0,6,7053.0,5,7054.0,4,7055.0,31,7057.0,16,7058.0,39,7059.0,16,7060.0,20,7055.0
AP410,,13:41:18.500#,7001.0,7080.0,6980.0,7656.0,6390.0,83075,160803,7050.0,40,7051.0,37,7052.0,6,7053.0,5,7054.0,4,7055.0,32,7057.0,16,7058.0,39,7059.0,16,7060.0,20,7055.0
AP410,,13:41:18.750#,7001.0,7080.0,6980.0,7656.0,6390.0,83081,160803,7049.0,6,7050.0,40,7051.0,37,7052.0,6,7053.0,5,7055.0,30,7057.0,16,7058.0,39,7059.0,16,7060.0,20,7055.0
AP410,,13:41:19.0#,7001.0,7080.0,6980.0,7656.0,6390.0,83082,160803,7049.0,6,7050.0,40,7051.0,37,7052.0,8,7053.0,5,7055.0,29,7057.0,16,7058.0,39,7059.0,16,7060.0,20,7055.0
AP410,,13:41:19.250#,7001.0,7080.0,6980.0,7656.0,6390.0,83088,160804,7050.0,40,7051.0,37,7052.0,8,7053.0,6,7054.0,10,7055.0,29,7056.0,1,7057.0,16,7058.0,39,7059.0,11,7054.0
AP410,,13:41:19.500#,7001.0,7080.0,6980.0,7656.0,6390.0,83088,160804,7050.0,40,7051.0,37,7052.0,8,7053.0,6,7054.0,10,7055.0,29,7056.0,1,7057.0,18,7058.0,39,7059.0,11,7054.0
AP410,,13:41:20.0#,7001.0,7080.0,6980.0,7656.0,6390.0,83108,160794,7048.0,15,7049.0,6,7050.0,40,7051.0,37,7052.0,9,7053.0,30,7055.0,29,7056.0,1,7057.0,18,7058.0,39,7053.0
AP410,,13:41:20.250#,7001.0,7080.0,6980.0,7656.0,6390.0,83117,160787,7048.0,15,7049.0,6,7050.0,40,7051.0,37,7052.0,9,7053.0,22,7054.0,1,7055.0,29,7056.0,1,7057.0,18,7053.0
AP410,,13:41:20.500#,7001.0,7080.0,6980.0,7656.0,6390.0,83123,160785,7048.0,15,7049.0,6,7050.0,40,7051.0,37,7052.0,11,7053.0,17,7054.0,1,7055.0,29,7056.0,1,7057.0,18,7053.0
AP410,,13:41:20.750#,7001.0,7080.0,6980.0,7656.0,6390.0,83140,160787,7048.0,15,7049.0,6,7050.0,40,7051.0,37,7052.0,12,7054.0,1,7055.0,29,7056.0,1,7057.0,18,7058.0,37,7053.0
AP410,,13:41:21.0#,7001.0,7080.0,6980.0,7656.0,6390.0,83141,160787,7049.0,6,7050.0,40,7051.0,37,7052.0,11,7053.0,10,7054.0,1,7055.0,29,7056.0,1,7057.0,18,7058.0,37,7054.0
AP410,,13:41:21.250#,7001.0,7080.0,6980.0,7656.0,6390.0,83144,160786,7049.0,6,7050.0,40,7051.0,37,7052.0,11,7053.0,13,7054.0,5,7055.0,28,7056.0,1,7057.0,18,7058.0,37,7054.0
AP410,,13:41:21.500#,7001.0,7080.0,6980.0,7656.0,6390.0,83145,160785,7049.0,6,7050.0,40,7051.0,37,7052.0,10,7053.0,13,7054.0,5,7055.0,29,7056.0,1,7057.0,18,7058.0,37,7053.0
AP410,,13:41:21.750#,7001.0,7080.0,6980.0,7656.0,6390.0,83145,160785,7049.0,6,7050.0,40,7051.0,37,7052.0,10,7053.0,14,7054.0,5,7055.0,29,7056.0,1,7057.0,18,7058.0,37,7053.0
AP410,,13:41:22.0#,7001.0,7080.0,6980.0,7656.0,6390.0,83151,160784,7050.0,40,7051.0,37,7052.0,10,7053.0,15,7054.0,17,7055.0,29,7056.0,1,7057.0,18,7058.0,37,7059.0,11,7054.0
AP410,,13:41:22.250#,7001.0,7080.0,6980.0,7656.0,6390.0,83163,160784,7050.0,40,7051.0,37,7052.0,10,7053.0,12,7054.0,18,7055.0,17,7056.0,1,7057.0,18,7058.0,37,7059.0,11,7055.0
AP410,,13:41:22.500#,7001.0,7080.0,6980.0,7656.0,6390.0,83165,160784,7050.0,40,7051.0,37,7052.0,9,7053.0,12,7054.0,19,7055.0,15,7056.0,1,7057.0,18,7058.0,37,7059.0,11,7055.0
AP410,,13:41:22.750#,7001.0,7080.0,6980.0,7656.0,6390.0,83165,160784,7050.0,40,7051.0,37,7052.0,9,7053.0,12,7054.0,19,7055.0,15,7056.0,1,7057.0,18,7058.0,37,7059.0,11,7055.0
AP410,,13:41:23.0#,7001.0,7080.0,6980.0,7656.0,6390.0,83165,160784,7050.0,40,7051.0,37,7052.0,9,7053.0,12,7054.0,19,7055.0,15,7056.0,1,7057.0,18,7058.0,37,7059.0,11,7055.0
AP410,,13:41:23.250#,7001.0,7080.0,6980.0,7656.0,6390.0,83170,160785,7050.0,40,7051.0,38,7052.0,10,7053.0,12,7054.0,14,7055.0,15,7056.0,1,7057.0,13,7058.0,37,7059.0,11,7054.0
AP410,,13:41:23.500#,7001.0,7080.0,6980.0,7656.0,6390.0,83170,160785,7050.0,40,7051.0,38,7052.0,10,7053.0,12,7054.0,14,7055.0,15,7056.0,1,7057.0,13,7058.0,37,7059.0,11,7054.0
AP410,,13:41:23.750#,7001.0,7080.0,6980.0,7656.0,6390.0,83170,160785,7050.0,40,7051.0,38,7052.0,10,7053.0,12,7054.0,15,7055.0,15,7056.0,1,7057.0,13,7058.0,37,7059.0,11,7054.0
AP410,,13:41:24.0#,7001.0,7080.0,6980.0,7656.0,6390.0,83173,160784,7050.0,40,7051.0,38,7052.0,10,7053.0,12,7054.0,14,7055.0,13,7056.0,1,7057.0,13,7058.0,37,7059.0,10,7054.0
AP410,,13:41:24.250#,7001.0,7080.0,6980.0,7656.0,6390.0,83173,160784,7050.0,40,7051.0,39,7052.0,10,7053.0,12,7054.0,15,7055.0,13,7056.0,1,7057.0,13,7058.0,37,7059.0,10,7054.0
AP410,,13:41:24.500#,7001.0,7080.0,6980.0,7656.0,6390.0,83189,160770,7049.0,6,7050.0,42,7051.0,39,7052.0,10,7053.0,14,7054.0,4,7055.0,13,7056.0,2,7057.0,13,7058.0,37,7054.0
AP410,,13:41:24.750#,7001.0,7080.0,6980.0,7656.0,6390.0,83189,160770,7049.0,6,7050.0,42,7051.0,39,7052.0,10,7053.0,15,7054.0,4,7055.0,13,7056.0,2,7057.0,13,7058.0,37,7054.0
AP410,,13:41:25.0#,7001.0,7080.0,6980.0,7656.0,6390.0,83191,160768,7049.0,6,7050.0,42,7051.0,39,7052.0,11,7053.0,15,7054.0,2,7055.0,13,7056.0,2,7057.0,13,7058.0,37,7054.0
AP410,,13:41:25.250#,7001.0,7080.0,6980.0,7656.0,6390.0,83194,160770,7049.0,6,7050.0,42,7051.0,39,7052.0,11,7053.0,20,7054.0,5,7055.0,13,7056.0,2,7057.0,13,7058.0,37,7054.0
AP410,,13:41:25.500#,7001.0,7080.0,6980.0,7656.0,6390.0,83200,160774,7049.0,6,7050.0,42,7051.0,39,7052.0,11,7053.0,20,7054.0,1,7055.0,13,7056.0,2,7057.0,13,7058.0,37,7054.0
AP410,,13:41:25.750#,7001.0,7080.0,6980.0,7656.0,6390.0,83201,160775,7050.0,42,7051.0,39,7052.0,11,7053.0,20,7054.0,32,7055.0,13,7056.0,2,7057.0,13,7058.0,37,7059.0,10,7054.0
AP410,,13:41:26.0#,7001.0,7080.0,6980.0,7656.0,6390.0,83202,160775,7050.0,42,7051.0,39,7052.0,11,7053.0,19,7054.0,32,7055.0,12,7056.0,2,7057.0,13,7058.0,37,7059.0,10,7055.0
AP410,,13:41:26.250#,7001.0,7080.0,6980.0,7656.0,6390.0,83202,160775,7050.0,42,7051.0,39,7052.0,11,7053.0,19,7054.0,33,7055.0,12,7056.0,2,7057.0,11,7058.0,37,7059.0,10,7055.0
AP410,,13:41:26.500#,7001.0,7080.0,6980.0,7656.0,6390.0,83202,160775,7050.0,42,7051.0,39,7052.0,11,7053.0,19,7054.0,33,7055.0,12,7056.0,4,7057.0,11,7058.0,37,7059.0,10,7055.0
AP410,,13:41:26.750#,7001.0,7080.0,6980.0,7656.0,6390.0,83206,160778,7050.0,42,7051.0,39,7052.0,11,7053.0,20,7054.0,34,7055.0,8,7056.0,4,7057.0,11,7058.0,37,7059.0,10,7055.0
AP410,,13:41:27.0#,7001.0,7080.0,6980.0,7656.0,6390.0,83206,160778,7050.0,42,7051.0,39,7052.0,11,7053.0,20,7054.0,36,7055.0,8,7056.0,4,7057.0,11,7058.0,37,7059.0,10,7055.0
AP410,,13:41:27.250#,7001.0,7080.0,6980.0,7656.0,6390.0,83213,160783,7050.0,42,7051.0,39,7052.0,11,7053.0,18,7054.0,31,7055.0,11,7056.0,5,7057.0,6,7058.0,37,7059.0,10,7054.0
AP410,,13:41:27.500#,7001.0,7080.0,6980.0,7656.0,6390.0,83213,160783,7050.0,43,7051.0,39,7052.0,11,7053.0,18,7054.0,33,7055.0,11,7056.0,5,7057.0,6,7058.0,37,7059.0,10,7054.0
AP410,,13:41:27.750#,7001.0,7080.0,6980.0,7656.0,6390.0,83214,160784,7050.0,43,7051.0,39,7052.0,11,7053.0,18,7054.0,33,7055.0,10,7056.0,5,7057.0,6,7058.0,37,7059.0,10,7055.0
AP410,,13:41:28.0#,7001.0,7080.0,6980.0,7656.0,6390.0,83214,160784,7050.0,43,7051.0,39,7052.0,11,7053.0,18,7054.0,34,7055.0,10,7056.0,5,7057.0,6,7058.0,18,7059.0,10,7055.0
