InstrumentId,ExchangeId,Datetime,OpenPrice,HighestPrice,LowestPrice,UpperLimitPrice,LowerLimitPrice,Volume,OpenInterest,BidPrice5,BidVolume5,BidPrice4,BidVolume4,BidPrice3,BidVolume3,BidPrice2,BidVolume2,BidPrice1,BidVolume1,AskPrice1,AskVolume1,AskPrice2,AskVolume2,AskPrice3,AskVolume3,AskPrice4,AskVolume4,AskPrice5,AskVolume5,LastPrice
AP411,,13:38:35.0#,6717.0,6800.0,6710.0,7351.0,6137.0,3267,14136,6777.0,1,6779.0,1,6780.0,1,6782.0,1,6786.0,2,6791.0,2,6796.0,1,6797.0,2,6798.0,9,6799.0,5,6788.0
AP411,,13:38:35.250#,6717.0,6800.0,6710.0,7351.0,6137.0,3267,14136,6777.0,1,6779.0,1,6780.0,1,6782.0,1,6786.0,2,6790.0,1,6791.0,1,6796.0,1,6797.0,2,6798.0,9,6788.0
AP411,,13:38:35.500#,6717.0,6800.0,6710.0,7351.0,6137.0,3267,14136,6777.0,1,6779.0,1,6780.0,1,6782.0,1,6786.0,2,6791.0,2,6796.0,1,6797.0,2,6798.0,9,6799.0,5,6788.0
AP411,,13:38:35.750#,6717.0,6800.0,6710.0,7351.0,6137.0,3267,14136,6777.0,1,6779.0,1,6780.0,1,6782.0,1,6786.0,2,6790.0,1,6791.0,1,6796.0,1,6797.0,2,6798.0,9,6788.0
AP411,,13:38:36.0#,6717.0,6800.0,6710.0,7351.0,6137.0,3267,14136,6777.0,1,6779.0,1,6780.0,1,6782.0,1,6786.0,2,6791.0,2,6796.0,1,6797.0,2,6798.0,9,6799.0,5,6788.0
AP411,,13:38:36.250#,6717.0,6800.0,6710.0,7351.0,6137.0,3267,14136,6777.0,1,6779.0,1,6780.0,1,6782.0,1,6786.0,2,6790.0,1,6791.0,1,6796.0,1,6797.0,2,6798.0,9,6788.0
AP411,,13:38:36.750#,6717.0,6800.0,6710.0,7351.0,6137.0,3267,14136,6777.0,1,6779.0,1,6780.0,1,6782.0,1,6786.0,2,6791.0,2,6796.0,1,6797.0,2,6798.0,9,6799.0,5,6788.0
AP411,,13:38:38.750#,6717.0,6800.0,6710.0,7351.0,6137.0,3267,14136,6777.0,1,6779.0,1,6780.0,1,6782.0,1,6786.0,2,6790.0,1,6791.0,1,6796.0,1,6797.0,2,6798.0,9,6788.0
AP411,,13:38:39.0#,6717.0,6800.0,6710.0,7351.0,6137.0,3267,14136,6777.0,1,6779.0,1,6780.0,1,6782.0,1,6787.0,1,6790.0,1,6791.0,1,6796.0,1,6797.0,2,6798.0,9,6788.0
AP411,,13:38:39.250#,6717.0,6800.0,6710.0,7351.0,6137.0,3267,14136,6777.0,1,6779.0,1,6780.0,1,6782.0,1,6787.0,1,6791.0,2,6796.0,1,6797.0,2,6798.0,9,6799.0,5,6788.0
AP411,,13:38:39.500#,6717.0,6800.0,6710.0,7351.0,6137.0,3267,14136,6777.0,1,6779.0,1,6780.0,1,6782.0,1,6787.0,1,6790.0,1,6791.0,1,6796.0,1,6797.0,2,6798.0,9,6788.0
AP411,,13:38:40.750#,6717.0,6800.0,6710.0,7351.0,6137.0,3267,14136,6777.0,1,6779.0,1,6780.0,1,6782.0,1,6786.0,4,6790.0,1,6791.0,1,6796.0,1,6797.0,2,6798.0,9,6788.0
AP411,,13:38:41.250#,6717.0,6800.0,6710.0,7351.0,6137.0,3267,14136,6777.0,1,6779.0,1,6780.0,1,6782.0,1,6787.0,2,6791.0,2,6796.0,1,6797.0,2,6798.0,9,6799.0,5,6788.0
AP411,,13:38:41.500#,6717.0,6800.0,6710.0,7351.0,6137.0,3267,14136,6777.0,1,6779.0,1,6780.0,1,6782.0,1,6786.0,4,6790.0,1,6791.0,1,6796.0,1,6797.0,2,6798.0,9,6788.0
AP411,,13:38:44.250#,6717.0,6800.0,6710.0,7351.0,6137.0,3267,14136,6777.0,1,6779.0,1,6780.0,1,6782.0,1,6787.0,2,6790.0,1,6791.0,1,6796.0,1,6797.0,2,6798.0,9,6788.0
AP411,,13:38:44.500#,6717.0,6800.0,6710.0,7351.0,6137.0,3267,14136,6777.0,1,6779.0,1,6780.0,1,6782.0,1,6787.0,2,6791.0,2,6796.0,1,6797.0,2,6798.0,9,6799.0,5,6788.0
AP411,,13:38:45.500#,6717.0,6800.0,6710.0,7351.0,6137.0,3267,14136,6777.0,1,6779.0,1,6780.0,1,6782.0,1,6786.0,2,6789.0,1,6791.0,1,6796.0,1,6797.0,2,6798.0,9,6788.0
AP411,,13:38:45.750#,6717.0,6800.0,6710.0,7351.0,6137.0,3267,14136,6777.0,1,6779.0,1,6780.0,1,6782.0,1,6788.0,2,6789.0,1,6791.0,1,6796.0,1,6797.0,2,6798.0,9,6788.0
AP411,,13:38:46.0#,6717.0,6800.0,6710.0,7351.0,6137.0,3267,14136,6777.0,1,6779.0,1,6780.0,1,6782.0,1,6786.0,2,6789.0,1,6791.0,1,6796.0,1,6797.0,2,6798.0,9,6788.0
AP411,,13:38:46.500#,6717.0,6800.0,6710.0,7351.0,6137.0,3267,14136,6777.0,1,6779.0,1,6780.0,1,6782.0,1,6786.0,2,6789.0,1,6791.0,1,6796.0,1,6797.0,2,6798.0,10,6788.0
AP411,,13:38:47.0#,6717.0,6800.0,6710.0,7351.0,6137.0,3267,14136,6777.0,1,6779.0,1,6780.0,1,6782.0,1,6786.0,2,6789.0,1,6791.0,1,6796.0,32,6797.0,2,6798.0,10,6788.0
AP411,,13:38:47.750#,6717.0,6800.0,6710.0,7351.0,6137.0,3267,14136,6777.0,1,6779.0,1,6780.0,1,6782.0,1,6786.0,4,6790.0,1,6791.0,1,6796.0,32,6797.0,2,6798.0,10,6788.0
AP411,,13:38:48.500#,6717.0,6800.0,6710.0,7351.0,6137.0,3267,14136,6777.0,1,6779.0,1,6780.0,1,6782.0,1,6788.0,1,6790.0,1,6791.0,1,6796.0,32,6797.0,2,6798.0,10,6788.0
AP411,,13:38:48.750#,6717.0,6800.0,6710.0,7351.0,6137.0,3267,14136,6777.0,1,6779.0,1,6780.0,1,6782.0,1,6788.0,1,6791.0,2,6796.0,32,6797.0,2,6798.0,10,6799.0,5,6788.0
AP411,,13:38:49.250#,6717.0,6800.0,6710.0,7351.0,6137.0,3267,14136,6777.0,1,6779.0,1,6780.0,1,6782.0,1,6788.0,2,6791.0,2,6796.0,32,6797.0,2,6798.0,10,6799.0,5,6788.0
AP411,,13:38:49.750#,6717.0,6800.0,6710.0,7351.0,6137.0,3267,14136,6777.0,1,6779.0,1,6780.0,1,6782.0,1,6788.0,2,6789.0,1,6791.0,1,6796.0,32,6797.0,2,6798.0,10,6788.0
AP411,,13:38:50.750#,6717.0,6800.0,6710.0,7351.0,6137.0,3267,14136,6777.0,1,6779.0,1,6780.0,1,6782.0,1,6788.0,2,6791.0,2,6796.0,32,6797.0,2,6798.0,10,6799.0,4,6788.0
AP411,,13:38:51.0#,6717.0,6800.0,6710.0,7351.0,6137.0,3267,14136,6777.0,1,6779.0,1,6780.0,1,6782.0,1,6788.0,2,6790.0,1,6791.0,1,6796.0,32,6797.0,2,6798.0,10,6788.0
AP411,,13:38:52.0#,6717.0,6800.0,6710.0,7351.0,6137.0,3267,14136,6777.0,1,6779.0,1,6780.0,1,6782.0,1,6788.0,2,6790.0,1,6791.0,1,6796.0,32,6797.0,2,6798.0,9,6788.0
AP411,,13:38:54.0#,6717.0,6800.0,6710.0,7351.0,6137.0,3267,14136,6777.0,1,6779.0,1,6780.0,1,6782.0,1,6788.0,2,6790.0,1,6791.0,1,6795.0,1,6796.0,32,6797.0,2,6788.0
AP411,,13:38:54.750#,6717.0,6800.0,6710.0,7351.0,6137.0,3267,14136,6777.0,1,6779.0,1,6780.0,1,6782.0,1,6788.0,2,6789.0,1,6791.0,1,6795.0,1,6796.0,32,6797.0,2,6788.0
AP411,,13:38:56.0#,6717.0,6800.0,6710.0,7351.0,6137.0,3267,14136,6773.0,1,6777.0,1,6779.0,1,6782.0,1,6788.0,2,6789.0,1,6791.0,1,6795.0,1,6796.0,32,6797.0,2,6788.0
AP411,,13:38:56.250#,6717.0,6800.0,6710.0,7351.0,6137.0,3267,14136,6773.0,1,6777.0,1,6779.0,1,6782.0,1,6788.0,1,6789.0,1,6791.0,1,6795.0,1,6796.0,32,6797.0,2,6788.0
AP411,,13:38:58.250#,6717.0,6800.0,6710.0,7351.0,6137.0,3267,14136,6773.0,1,6777.0,1,6779.0,1,6782.0,1,6788.0,1,6789.0,2,6791.0,1,6795.0,1,6796.0,32,6797.0,2,6788.0
AP411,,13:38:58.750#,6717.0,6800.0,6710.0,7351.0,6137.0,3268,14137,6773.0,1,6777.0,1,6779.0,1,6782.0,1,6786.0,2,6789.0,2,6791.0,1,6795.0,1,6796.0,32,6797.0,2,6788.0
AP411,,13:39:00.250#,6717.0,6800.0,6710.0,7351.0,6137.0,3270,14138,6773.0,1,6777.0,1,6779.0,1,6782.0,1,6789.0,3,6790.0,1,6791.0,1,6795.0,1,6796.0,32,6797.0,2,6789.0
AP411,,13:39:00.500#,6717.0,6800.0,6710.0,7351.0,6137.0,3273,14141,6773.0,1,6777.0,1,6779.0,1,6782.0,1,6785.0,2,6790.0,2,6791.0,1,6795.0,1,6796.0,32,6797.0,2,6789.0
AP411,,13:39:01.0#,6717.0,6800.0,6710.0,7351.0,6137.0,3273,14141,6773.0,1,6777.0,1,6779.0,1,6782.0,1,6784.0,2,6788.0,1,6791.0,1,6795.0,1,6796.0,32,6797.0,2,6789.0
AP411,,13:39:01.500#,6717.0,6800.0,6710.0,7351.0,6137.0,3273,14141,6773.0,1,6777.0,1,6779.0,1,6782.0,1,6785.0,2,6788.0,1,6791.0,1,6795.0,1,6796.0,32,6797.0,2,6789.0
AP411,,13:39:01.750#,6717.0,6800.0,6710.0,7351.0,6137.0,3273,14141,6773.0,1,6777.0,1,6779.0,1,6782.0,1,6785.0,2,6789.0,2,6791.0,1,6795.0,1,6796.0,32,6797.0,2,6789.0
AP411,,13:39:02.0#,6717.0,6800.0,6710.0,7351.0,6137.0,3273,14141,6773.0,1,6777.0,1,6779.0,1,6782.0,1,6785.0,2,6790.0,2,6791.0,1,6795.0,1,6796.0,32,6797.0,2,6789.0
AP411,,13:39:02.750#,6717.0,6800.0,6710.0,7351.0,6137.0,3273,14141,6773.0,1,6777.0,1,6779.0,1,6782.0,1,6786.0,1,6790.0,2,6791.0,1,6795.0,1,6796.0,32,6797.0,2,6789.0
AP411,,13:39:03.0#,6717.0,6800.0,6710.0,7351.0,6137.0,3273,14141,6773.0,1,6777.0,1,6779.0,1,6782.0,1,6785.0,2,6789.0,2,6791.0,1,6795.0,1,6796.0,32,6797.0,2,6789.0
AP411,,13:39:03.250#,6717.0,6800.0,6710.0,7351.0,6137.0,3273,14141,6773.0,1,6777.0,1,6779.0,1,6782.0,1,6785.0,2,6788.0,1,6791.0,1,6795.0,1,6796.0,32,6797.0,2,6789.0
AP411,,13:39:03.500#,6717.0,6800.0,6710.0,7351.0,6137.0,3273,14141,6773.0,1,6777.0,1,6779.0,1,6782.0,1,6784.0,1,6789.0,2,6791.0,1,6795.0,1,6796.0,32,6797.0,2,6789.0
AP411,,13:39:04.0#,6717.0,6800.0,6710.0,7351.0,6137.0,3273,14141,6773.0,1,6777.0,1,6779.0,1,6782.0,1,6784.0,1,6788.0,2,6791.0,1,6795.0,1,6796.0,32,6797.0,2,6789.0
AP411,,13:39:04.250#,6717.0,6800.0,6710.0,7351.0,6137.0,3273,14141,6773.0,1,6777.0,1,6779.0,1,6782.0,1,6784.0,1,6787.0,2,6791.0,1,6795.0,1,6796.0,32,6797.0,2,6789.0
AP411,,13:39:04.500#,6717.0,6800.0,6710.0,7351.0,6137.0,3273,14141,6773.0,1,6777.0,1,6779.0,1,6782.0,1,6786.0,1,6788.0,2,6791.0,1,6795.0,1,6796.0,32,6797.0,2,6789.0
AP411,,13:39:04.750#,6717.0,6800.0,6710.0,7351.0,6137.0,3273,14141,6773.0,1,6777.0,1,6779.0,1,6782.0,1,6784.0,1,6789.0,2,6791.0,1,6795.0,1,6796.0,32,6797.0,2,6789.0
AP411,,13:39:05.750#,6717.0,6800.0,6710.0,7351.0,6137.0,3273,14141,6773.0,1,6777.0,1,6779.0,1,6782.0,1,6784.0,2,6788.0,2,6791.0,1,6795.0,1,6796.0,32,6797.0,2,6789.0
AP411,,13:39:06.0#,6717.0,6800.0,6710.0,7351.0,6137.0,3273,14141,6773.0,1,6777.0,1,6779.0,1,6782.0,1,6784.0,1,6788.0,1,6791.0,1,6795.0,1,6796.0,32,6797.0,2,6789.0
AP411,,13:39:06.500#,6717.0,6800.0,6710.0,7351.0,6137.0,3273,14141,6773.0,1,6777.0,1,6779.0,1,6782.0,1,6784.0,1,6787.0,2,6791.0,1,6795.0,1,6796.0,32,6797.0,2,6789.0
AP411,,13:39:07.250#,6717.0,6800.0,6710.0,7351.0,6137.0,3275,14143,6773.0,1,6777.0,1,6779.0,1,6782.0,1,6787.0,2,6788.0,1,6791.0,1,6795.0,1,6796.0,32,6797.0,2,6787.0
AP411,,13:39:07.750#,6717.0,6800.0,6710.0,7351.0,6137.0,3277,14145,6773.0,1,6777.0,1,6779.0,1,6782.0,1,6784.0,1,6788.0,4,6791.0,1,6795.0,1,6796.0,32,6797.0,2,6787.0
AP411,,13:39:08.500#,6717.0,6800.0,6710.0,7351.0,6137.0,3277,14145,6773.0,1,6777.0,1,6779.0,1,6782.0,1,6784.0,1,6788.0,5,6791.0,1,6795.0,1,6796.0,32,6797.0,2,6787.0
AP411,,13:39:09.0#,6717.0,6800.0,6710.0,7351.0,6137.0,3277,14145,6773.0,1,6777.0,1,6779.0,1,6782.0,1,6784.0,1,6788.0,4,6791.0,1,6795.0,1,6796.0,32,6797.0,2,6787.0
AP411,,13:39:09.250#,6717.0,6800.0,6710.0,7351.0,6137.0,3277,14145,6773.0,1,6777.0,1,6779.0,1,6782.0,1,6784.0,1,6788.0,1,6791.0,1,6795.0,1,6796.0,32,6797.0,2,6787.0
AP411,,13:39:09.500#,6717.0,6800.0,6710.0,7351.0,6137.0,3277,14145,6773.0,1,6777.0,1,6779.0,1,6782.0,1,6784.0,1,6787.0,6,6791.0,1,6795.0,1,6796.0,32,6797.0,2,6787.0
AP411,,13:39:10.0#,6717.0,6800.0,6710.0,7351.0,6137.0,3277,14145,6773.0,1,6777.0,1,6779.0,1,6782.0,1,6783.0,5,6787.0,6,6791.0,1,6795.0,1,6796.0,32,6797.0,2,6787.0
AP411,,13:39:11.750#,6717.0,6800.0,6710.0,7351.0,6137.0,3277,14145,6773.0,1,6777.0,1,6779.0,1,6782.0,1,6783.0,5,6787.0,5,6791.0,1,6795.0,1,6796.0,32,6797.0,2,6787.0
AP411,,13:39:12.500#,6717.0,6800.0,6710.0,7351.0,6137.0,3277,14145,6773.0,1,6777.0,1,6779.0,1,6782.0,1,6783.0,5,6787.0,4,6791.0,1,6795.0,1,6796.0,32,6797.0,2,6787.0
AP411,,13:39:14.0#,6717.0,6800.0,6710.0,7351.0,6137.0,3277,14145,6773.0,1,6777.0,1,6779.0,1,6782.0,1,6783.0,5,6787.0,3,6791.0,1,6795.0,1,6796.0,32,6797.0,2,6787.0
AP411,,13:39:14.500#,6717.0,6800.0,6710.0,7351.0,6137.0,3277,14145,6773.0,1,6777.0,1,6779.0,1,6782.0,1,6784.0,2,6788.0,3,6791.0,1,6795.0,1,6796.0,32,6797.0,2,6787.0
AP411,,13:39:14.750#,6717.0,6800.0,6710.0,7351.0,6137.0,3278,14145,6773.0,1,6777.0,1,6779.0,1,6782.0,1,6784.0,1,6788.0,3,6791.0,1,6795.0,1,6796.0,32,6797.0,2,6784.0
AP411,,13:39:15.0#,6717.0,6800.0,6710.0,7351.0,6137.0,3281,14145,6772.0,1,6773.0,1,6777.0,1,6779.0,1,6782.0,2,6786.0,2,6791.0,1,6795.0,1,6796.0,32,6797.0,2,6783.0
AP411,,13:39:15.250#,6717.0,6800.0,6710.0,7351.0,6137.0,3281,14145,6773.0,1,6777.0,1,6779.0,1,6782.0,1,6783.0,1,6788.0,3,6791.0,1,6795.0,1,6796.0,32,6797.0,2,6783.0
AP411,,13:39:15.500#,6717.0,6800.0,6710.0,7351.0,6137.0,3281,14145,6773.0,1,6777.0,1,6779.0,1,6782.0,1,6784.0,1,6788.0,3,6791.0,1,6795.0,1,6796.0,32,6797.0,2,6783.0
AP411,,13:39:16.0#,6717.0,6800.0,6710.0,7351.0,6137.0,3281,14145,6773.0,1,6777.0,1,6779.0,1,6782.0,1,6784.0,1,6788.0,4,6791.0,1,6795.0,1,6796.0,32,6797.0,2,6783.0
AP411,,13:39:16.250#,6717.0,6800.0,6710.0,7351.0,6137.0,3281,14145,6773.0,1,6777.0,1,6779.0,1,6782.0,1,6784.0,1,6788.0,5,6791.0,1,6795.0,1,6796.0,32,6797.0,2,6783.0
AP411,,13:39:17.0#,6717.0,6800.0,6710.0,7351.0,6137.0,3281,14145,6773.0,1,6777.0,1,6779.0,1,6782.0,1,6783.0,1,6788.0,5,6791.0,1,6795.0,1,6796.0,32,6797.0,2,6783.0
AP411,,13:39:17.750#,6717.0,6800.0,6710.0,7351.0,6137.0,3281,14145,6773.0,1,6777.0,1,6779.0,1,6782.0,1,6784.0,1,6788.0,5,6791.0,1,6795.0,1,6796.0,32,6797.0,2,6783.0
AP411,,13:39:19.250#,6717.0,6800.0,6710.0,7351.0,6137.0,3281,14145,6773.0,1,6777.0,1,6779.0,1,6782.0,1,6783.0,1,6788.0,5,6791.0,1,6795.0,1,6796.0,32,6797.0,2,6783.0
AP411,,13:39:19.500#,6717.0,6800.0,6710.0,7351.0,6137.0,3281,14145,6773.0,1,6777.0,1,6779.0,1,6782.0,1,6783.0,1,6787.0,2,6791.0,1,6795.0,1,6796.0,32,6797.0,2,6783.0
AP411,,13:39:20.0#,6717.0,6800.0,6710.0,7351.0,6137.0,3281,14145,6773.0,1,6777.0,1,6779.0,1,6782.0,1,6783.0,1,6784.0,5,6791.0,1,6795.0,1,6796.0,32,6797.0,2,6783.0
AP411,,13:39:20.250#,6717.0,6800.0,6710.0,7351.0,6137.0,3281,14145,6773.0,1,6777.0,1,6779.0,1,6782.0,1,6783.0,1,6784.0,5,6791.0,1,6795.0,1,6796.0,32,6797.0,2,6783.0
AP411,,13:39:20.500#,6717.0,6800.0,6710.0,7351.0,6137.0,3282,14146,6773.0,1,6777.0,1,6779.0,1,6782.0,1,6783.0,3,6784.0,4,6791.0,1,6795.0,1,6796.0,32,6797.0,2,6784.0
AP411,,13:39:20.750#,6717.0,6800.0,6710.0,7351.0,6137.0,3282,14146,6773.0,1,6777.0,1,6779.0,1,6782.0,1,6783.0,3,6784.0,4,6791.0,1,6795.0,1,6796.0,32,6797.0,2,6784.0
AP411,,13:39:21.0#,6717.0,6800.0,6710.0,7351.0,6137.0,3283,14147,6773.0,1,6777.0,1,6779.0,1,6782.0,1,6783.0,2,6784.0,3,6791.0,1,6795.0,1,6796.0,32,6797.0,2,6784.0
AP411,,13:39:21.750#,6717.0,6800.0,6710.0,7351.0,6137.0,3285,14149,6772.0,1,6773.0,1,6777.0,1,6779.0,1,6782.0,4,6784.0,1,6791.0,1,6795.0,1,6796.0,32,6797.0,2,6784.0
AP411,,13:39:22.0#,6717.0,6800.0,6710.0,7351.0,6137.0,3285,14149,6772.0,1,6773.0,1,6777.0,1,6779.0,1,6782.0,5,6784.0,1,6791.0,1,6795.0,1,6796.0,32,6797.0,2,6784.0
AP411,,13:39:22.500#,6717.0,6800.0,6710.0,7351.0,6137.0,3285,14149,6772.0,1,6773.0,1,6777.0,1,6779.0,1,6782.0,5,6784.0,1,6791.0,1,6795.0,1,6796.0,32,6797.0,2,6784.0
AP411,,13:39:24.0#,6717.0,6800.0,6710.0,7351.0,6137.0,3285,14149,6772.0,1,6773.0,1,6777.0,1,6779.0,1,6782.0,5,6784.0,1,6791.0,1,6795.0,1,6796.0,32,6797.0,2,6784.0
AP411,,13:39:24.500#,6717.0,6800.0,6710.0,7351.0,6137.0,3286,14149,6772.0,1,6773.0,1,6777.0,1,6779.0,1,6782.0,2,6787.0,3,6791.0,1,6795.0,1,6796.0,32,6797.0,2,6784.0
AP411,,13:39:24.750#,6717.0,6800.0,6710.0,7351.0,6137.0,3286,14149,6772.0,1,6773.0,1,6777.0,1,6779.0,1,6782.0,2,6786.0,3,6791.0,1,6795.0,1,6796.0,32,6797.0,2,6784.0
AP411,,13:39:25.0#,6717.0,6800.0,6710.0,7351.0,6137.0,3286,14149,6772.0,1,6773.0,1,6777.0,1,6779.0,1,6782.0,2,6786.0,1,6791.0,1,6795.0,1,6796.0,32,6797.0,2,6784.0
AP411,,13:39:25.750#,6717.0,6800.0,6710.0,7351.0,6137.0,3286,14149,6772.0,1,6773.0,1,6777.0,1,6779.0,1,6782.0,1,6785.0,3,6791.0,1,6795.0,1,6796.0,32,6797.0,2,6784.0
AP411,,13:39:26.250#,6717.0,6800.0,6710.0,7351.0,6137.0,3286,14149,6772.0,1,6773.0,1,6777.0,1,6779.0,1,6782.0,1,6784.0,3,6791.0,1,6795.0,1,6796.0,32,6797.0,2,6784.0
AP411,,13:39:26.500#,6717.0,6800.0,6710.0,7351.0,6137.0,3286,14149,6772.0,1,6773.0,1,6777.0,1,6779.0,1,6782.0,1,6784.0,3,6791.0,1,6795.0,1,6796.0,32,6797.0,2,6784.0
AP411,,13:39:27.500#,6717.0,6800.0,6710.0,7351.0,6137.0,3286,14149,6772.0,1,6773.0,1,6777.0,1,6779.0,1,6782.0,1,6784.0,3,6791.0,1,6795.0,1,6796.0,32,6797.0,2,6784.0
AP411,,13:39:28.750#,6717.0,6800.0,6710.0,7351.0,6137.0,3289,14149,6772.0,1,6773.0,1,6777.0,1,6779.0,1,6782.0,1,6784.0,3,6791.0,1,6795.0,1,6796.0,32,6797.0,2,6784.0
AP411,,13:39:29.0#,6717.0,6800.0,6710.0,7351.0,6137.0,3289,14149,6772.0,1,6773.0,1,6777.0,1,6779.0,1,6782.0,1,6785.0,3,6791.0,1,6795.0,1,6796.0,32,6797.0,2,6784.0
AP411,,13:39:29.750#,6717.0,6800.0,6710.0,7351.0,6137.0,3289,14149,6773.0,1,6777.0,1,6779.0,1,6782.0,1,6784.0,1,6785.0,3,6791.0,1,6795.0,1,6796.0,32,6797.0,2,6784.0
AP411,,13:39:30.0#,6717.0,6800.0,6710.0,7351.0,6137.0,3290,14149,6772.0,1,6773.0,1,6777.0,1,6779.0,1,6782.0,1,6785.0,2,6791.0,1,6795.0,1,6796.0,32,6797.0,2,6784.0
AP411,,13:39:30.250#,6717.0,6800.0,6710.0,7351.0,6137.0,3290,14149,6772.0,1,6773.0,1,6777.0,1,6779.0,1,6782.0,2,6785.0,2,6791.0,1,6795.0,1,6796.0,32,6797.0,2,6784.0
AP411,,13:39:31.250#,6717.0,6800.0,6710.0,7351.0,6137.0,3290,14149,6772.0,1,6773.0,1,6777.0,1,6779.0,1,6782.0,5,6785.0,2,6791.0,1,6795.0,1,6796.0,32,6797.0,2,6784.0
AP411,,13:39:32.250#,6717.0,6800.0,6710.0,7351.0,6137.0,3291,14149,6772.0,1,6773.0,1,6777.0,1,6779.0,1,6782.0,5,6785.0,1,6791.0,1,6795.0,1,6796.0,32,6797.0,2,6785.0
AP411,,13:39:32.750#,6717.0,6800.0,6710.0,7351.0,6137.0,3291,14149,6772.0,1,6773.0,1,6777.0,1,6779.0,1,6782.0,2,6786.0,1,6791.0,1,6795.0,1,6796.0,32,6797.0,2,6785.0
AP411,,13:39:33.0#,6717.0,6800.0,6710.0,7351.0,6137.0,3291,14149,6772.0,1,6773.0,1,6777.0,1,6779.0,1,6782.0,5,6785.0,1,6791.0,1,6795.0,1,6796.0,32,6797.0,2,6785.0
AP411,,13:39:33.750#,6717.0,6800.0,6710.0,7351.0,6137.0,3291,14149,6773.0,1,6777.0,1,6779.0,1,6782.0,2,6783.0,1,6786.0,1,6791.0,1,6795.0,1,6796.0,32,6797.0,2,6785.0
AP411,,13:39:34.0#,6717.0,6800.0,6710.0,7351.0,6137.0,3291,14149,6772.0,1,6773.0,1,6777.0,1,6779.0,1,6782.0,5,6786.0,1,6791.0,1,6795.0,1,6796.0,32,6797.0,2,6785.0
AP411,,13:39:34.500#,6717.0,6800.0,6710.0,7351.0,6137.0,3291,14149,6772.0,1,6773.0,1,6777.0,1,6779.0,1,6782.0,3,6786.0,1,6791.0,1,6795.0,1,6796.0,32,6797.0,2,6785.0
AP411,,13:39:34.750#,6717.0,6800.0,6710.0,7351.0,6137.0,3291,14149,6772.0,1,6773.0,1,6777.0,1,6779.0,1,6782.0,3,6785.0,1,6791.0,1,6795.0,1,6796.0,32,6797.0,2,6785.0
AP411,,13:39:35.250#,6717.0,6800.0,6710.0,7351.0,6137.0,3291,14149,6772.0,1,6773.0,1,6777.0,1,6779.0,1,6782.0,4,6785.0,1,6791.0,1,6795.0,1,6796.0,32,6797.0,2,6785.0
AP411,,13:39:36.250#,6717.0,6800.0,6710.0,7351.0,6137.0,3291,14149,6773.0,1,6777.0,1,6779.0,1,6782.0,2,6783.0,3,6786.0,1,6791.0,1,6795.0,1,6796.0,32,6797.0,2,6785.0
AP411,,13:39:39.0#,6717.0,6800.0,6710.0,7351.0,6137.0,3291,14149,6772.0,1,6773.0,1,6777.0,1,6779.0,1,6782.0,5,6786.0,1,6791.0,1,6795.0,1,6796.0,32,6797.0,2,6785.0
AP411,,13:39:39.500#,6717.0,6800.0,6710.0,7351.0,6137.0,3291,14149,6772.0,1,6773.0,1,6777.0,1,6779.0,1,6782.0,5,6785.0,1,6791.0,1,6795.0,1,6796.0,32,6797.0,2,6785.0
AP411,,13:39:41.250#,6717.0,6800.0,6710.0,7351.0,6137.0,3291,14149,6773.0,1,6777.0,1,6779.0,1,6782.0,2,6783.0,1,6786.0,1,6791.0,1,6795.0,1,6796.0,32,6797.0,2,6785.0
AP411,,13:39:41.500#,6717.0,6800.0,6710.0,7351.0,6137.0,3291,14149,6772.0,1,6773.0,1,6777.0,1,6779.0,1,6782.0,2,6784.0,1,6791.0,1,6795.0,1,6796.0,32,6797.0,2,6785.0
AP411,,13:39:41.750#,6717.0,6800.0,6710.0,7351.0,6137.0,3291,14149,6772.0,1,6773.0,1,6777.0,1,6779.0,1,6782.0,2,6785.0,1,6791.0,1,6795.0,1,6796.0,32,6797.0,2,6785.0
AP411,,13:39:42.0#,6717.0,6800.0,6710.0,7351.0,6137.0,3291,14149,6772.0,1,6773.0,1,6777.0,1,6779.0,1,6782.0,5,6785.0,1,6791.0,1,6795.0,1,6796.0,32,6797.0,2,6785.0
AP411,,13:39:42.250#,6717.0,6800.0,6710.0,7351.0,6137.0,3291,14149,6772.0,1,6773.0,1,6777.0,1,6779.0,1,6782.0,5,6786.0,1,6791.0,1,6795.0,1,6796.0,32,6797.0,2,6785.0
AP411,,13:39:43.500#,6717.0,6800.0,6710.0,7351.0,6137.0,3291,14149,6773.0,1,6777.0,1,6779.0,1,6782.0,2,6783.0,1,6786.0,1,6791.0,1,6795.0,1,6796.0,32,6797.0,2,6785.0
AP411,,13:39:43.750#,6717.0,6800.0,6710.0,7351.0,6137.0,3291,14149,6773.0,1,6777.0,1,6779.0,1,6782.0,2,6783.0,2,6786.0,1,6791.0,1,6795.0,1,6796.0,32,6797.0,2,6785.0
AP411,,13:39:45.0#,6717.0,6800.0,6710.0,7351.0,6137.0,3291,14149,6773.0,1,6777.0,1,6779.0,1,6782.0,2,6783.0,1,6785.0,1,6791.0,1,6795.0,1,6796.0,1,6797.0,2,6785.0
AP411,,13:39:46.250#,6717.0,6800.0,6710.0,7351.0,6137.0,3291,14149,6773.0,1,6777.0,1,6779.0,1,6782.0,2,6783.0,1,6784.0,1,6791.0,1,6795.0,1,6796.0,1,6797.0,2,6785.0
AP411,,13:39:46.500#,6717.0,6800.0,6710.0,7351.0,6137.0,3291,14149,6773.0,1,6777.0,1,6779.0,1,6782.0,2,6783.0,1,6785.0,1,6791.0,1,6795.0,1,6796.0,1,6797.0,2,6785.0
AP411,,13:39:47.500#,6717.0,6800.0,6710.0,7351.0,6137.0,3291,14149,6772.0,1,6773.0,1,6777.0,1,6779.0,1,6782.0,2,6785.0,1,6791.0,1,6795.0,1,6796.0,1,6797.0,2,6785.0
AP411,,13:39:48.250#,6717.0,6800.0,6710.0,7351.0,6137.0,3291,14149,6772.0,1,6773.0,1,6777.0,1,6779.0,1,6782.0,2,6784.0,1,6791.0,1,6795.0,1,6796.0,1,6797.0,2,6785.0
AP411,,13:39:49.500#,6717.0,6800.0,6710.0,7351.0,6137.0,3291,14149,6772.0,1,6773.0,1,6777.0,1,6779.0,1,6782.0,1,6784.0,1,6791.0,1,6795.0,1,6796.0,1,6797.0,2,6785.0
AP411,,13:39:53.500#,6717.0,6800.0,6710.0,7351.0,6137.0,3291,14149,6772.0,1,6773.0,1,6777.0,1,6779.0,1,6782.0,1,6783.0,1,6791.0,1,6795.0,1,6796.0,1,6797.0,2,6785.0
AP411,,13:39:55.0#,6717.0,6800.0,6710.0,7351.0,6137.0,3291,14149,6773.0,1,6777.0,1,6779.0,1,6780.0,1,6782.0,1,6783.0,1,6791.0,1,6795.0,1,6796.0,1,6797.0,2,6785.0
AP411,,13:39:55.250#,6717.0,6800.0,6710.0,7351.0,6137.0,3292,14150,6772.0,1,6773.0,1,6777.0,1,6779.0,1,6780.0,1,6783.0,1,6789.0,1,6791.0,1,6795.0,1,6796.0,1,6782.0
AP411,,13:39:55.500#,6717.0,6800.0,6710.0,7351.0,6137.0,3292,14150,6772.0,1,6773.0,1,6777.0,1,6779.0,1,6780.0,1,6782.0,1,6789.0,1,6791.0,1,6795.0,1,6796.0,1,6782.0
AP411,,13:39:55.750#,6717.0,6800.0,6710.0,7351.0,6137.0,3292,14150,6772.0,1,6773.0,1,6777.0,1,6779.0,1,6780.0,1,6783.0,1,6789.0,1,6791.0,1,6795.0,1,6796.0,1,6782.0
AP411,,13:39:56.0#,6717.0,6800.0,6710.0,7351.0,6137.0,3292,14150,6772.0,1,6773.0,1,6777.0,1,6779.0,1,6780.0,1,6782.0,1,6789.0,1,6791.0,1,6795.0,1,6796.0,1,6782.0
AP411,,13:39:57.250#,6717.0,6800.0,6710.0,7351.0,6137.0,3292,14150,6772.0,1,6773.0,1,6777.0,1,6779.0,1,6780.0,1,6781.0,1,6789.0,1,6791.0,1,6795.0,1,6796.0,1,6782.0
AP411,,13:39:57.500#,6717.0,6800.0,6710.0,7351.0,6137.0,3293,14150,6771.0,2,6772.0,1,6773.0,1,6777.0,1,6779.0,1,6781.0,2,6789.0,1,6791.0,1,6795.0,1,6796.0,1,6780.0
AP411,,13:39:57.750#,6717.0,6800.0,6710.0,7351.0,6137.0,3293,14150,6771.0,2,6772.0,1,6773.0,1,6777.0,1,6779.0,1,6780.0,2,6789.0,1,6791.0,1,6795.0,1,6796.0,1,6780.0
AP411,,13:39:58.0#,6717.0,6800.0,6710.0,7351.0,6137.0,3293,14150,6771.0,2,6772.0,1,6773.0,1,6777.0,1,6779.0,1,6780.0,2,6789.0,1,6791.0,1,6795.0,1,6796.0,1,6780.0
AP411,,13:39:58.250#,6717.0,6800.0,6710.0,7351.0,6137.0,3293,14150,6771.0,2,6772.0,1,6773.0,1,6777.0,1,6779.0,1,6781.0,2,6789.0,1,6791.0,1,6795.0,1,6796.0,1,6780.0
AP411,,13:39:58.500#,6717.0,6800.0,6710.0,7351.0,6137.0,3293,14150,6771.0,2,6772.0,1,6773.0,1,6777.0,1,6779.0,1,6781.0,2,6789.0,1,6791.0,1,6795.0,1,6796.0,1,6780.0
AP411,,13:39:58.750#,6717.0,6800.0,6710.0,7351.0,6137.0,3293,14150,6771.0,2,6772.0,1,6773.0,1,6777.0,1,6779.0,1,6782.0,6,6789.0,1,6791.0,1,6795.0,1,6796.0,1,6780.0
AP411,,13:39:59.0#,6717.0,6800.0,6710.0,7351.0,6137.0,3293,14150,6771.0,2,6772.0,1,6773.0,1,6777.0,1,6779.0,1,6781.0,6,6789.0,1,6791.0,1,6795.0,1,6796.0,1,6780.0
AP411,,13:40:00.500#,6717.0,6800.0,6710.0,7351.0,6137.0,3293,14150,6771.0,2,6772.0,1,6773.0,1,6777.0,1,6779.0,1,6780.0,1,6789.0,1,6791.0,1,6795.0,1,6796.0,1,6780.0
AP411,,13:40:00.750#,6717.0,6800.0,6710.0,7351.0,6137.0,3293,14150,6771.0,2,6772.0,1,6773.0,1,6777.0,1,6779.0,1,6780.0,2,6789.0,1,6791.0,1,6795.0,1,6796.0,1,6780.0
AP411,,13:40:01.0#,6717.0,6800.0,6710.0,7351.0,6137.0,3293,14150,6771.0,2,6772.0,1,6773.0,1,6777.0,1,6779.0,1,6781.0,6,6789.0,1,6791.0,1,6795.0,1,6796.0,1,6780.0
AP411,,13:40:01.750#,6717.0,6800.0,6710.0,7351.0,6137.0,3293,14150,6771.0,2,6772.0,1,6773.0,1,6777.0,1,6779.0,1,6781.0,2,6789.0,1,6791.0,1,6795.0,1,6796.0,1,6780.0
AP411,,13:40:02.0#,6717.0,6800.0,6710.0,7351.0,6137.0,3293,14150,6771.0,2,6772.0,1,6773.0,1,6777.0,1,6779.0,1,6782.0,6,6789.0,1,6791.0,1,6795.0,1,6796.0,1,6780.0
AP411,,13:40:03.0#,6717.0,6800.0,6710.0,7351.0,6137.0,3293,14150,6771.0,2,6772.0,1,6773.0,1,6777.0,1,6779.0,4,6783.0,6,6789.0,1,6791.0,1,6795.0,1,6796.0,1,6780.0
AP411,,13:40:04.0#,6717.0,6800.0,6710.0,7351.0,6137.0,3293,14150,6771.0,2,6772.0,1,6773.0,1,6777.0,1,6779.0,4,6783.0,3,6789.0,1,6791.0,1,6795.0,1,6796.0,1,6780.0
AP411,,13:40:04.250#,6717.0,6800.0,6710.0,7351.0,6137.0,3293,14150,6771.0,2,6772.0,1,6773.0,1,6777.0,1,6779.0,4,6783.0,2,6789.0,1,6791.0,1,6795.0,1,6796.0,1,6780.0
AP411,,13:40:04.500#,6717.0,6800.0,6710.0,7351.0,6137.0,3293,14150,6771.0,2,6772.0,1,6773.0,1,6777.0,1,6779.0,4,6783.0,3,6789.0,1,6791.0,1,6795.0,1,6796.0,1,6780.0
AP411,,13:40:05.0#,6717.0,6800.0,6710.0,7351.0,6137.0,3293,14150,6771.0,2,6772.0,1,6773.0,1,6777.0,1,6779.0,4,6783.0,2,6789.0,1,6791.0,1,6795.0,1,6796.0,1,6780.0
AP411,,13:40:05.500#,6717.0,6800.0,6710.0,7351.0,6137.0,3293,14150,6771.0,2,6772.0,1,6773.0,1,6777.0,1,6779.0,4,6783.0,4,6789.0,1,6791.0,1,6795.0,1,6796.0,1,6780.0
AP411,,13:40:05.750#,6717.0,6800.0,6710.0,7351.0,6137.0,3293,14150,6771.0,2,6772.0,1,6773.0,1,6777.0,1,6779.0,4,6783.0,1,6789.0,1,6791.0,1,6795.0,1,6796.0,1,6780.0
AP411,,13:40:06.0#,6717.0,6800.0,6710.0,7351.0,6137.0,3293,14150,6772.0,1,6773.0,1,6777.0,1,6779.0,1,6780.0,1,6784.0,6,6789.0,1,6791.0,1,6795.0,1,6796.0,1,6780.0
AP411,,13:40:06.250#,6717.0,6800.0,6710.0,7351.0,6137.0,3293,14150,6772.0,1,6773.0,1,6777.0,1,6779.0,1,6780.0,3,6784.0,6,6789.0,1,6791.0,1,6795.0,1,6796.0,1,6780.0
AP411,,13:40:06.500#,6717.0,6800.0,6710.0,7351.0,6137.0,3293,14150,6772.0,1,6773.0,1,6777.0,1,6779.0,1,6780.0,3,6784.0,4,6789.0,1,6791.0,1,6795.0,1,6796.0,1,6780.0
AP411,,13:40:06.750#,6717.0,6800.0,6710.0,7351.0,6137.0,3293,14150,6772.0,1,6773.0,1,6777.0,1,6779.0,1,6781.0,1,6784.0,4,6789.0,1,6791.0,1,6795.0,1,6796.0,1,6780.0
AP411,,13:40:07.500#,6717.0,6800.0,6710.0,7351.0,6137.0,3293,14150,6772.0,1,6773.0,1,6777.0,1,6779.0,1,6781.0,1,6784.0,2,6789.0,1,6791.0,1,6795.0,1,6796.0,1,6780.0
AP411,,13:40:08.0#,6717.0,6800.0,6710.0,7351.0,6137.0,3293,14150,6772.0,1,6773.0,1,6777.0,1,6779.0,1,6781.0,1,6785.0,4,6789.0,1,6791.0,1,6795.0,1,6796.0,1,6780.0
AP411,,13:40:08.250#,6717.0,6800.0,6710.0,7351.0,6137.0,3293,14150,6772.0,1,6773.0,1,6777.0,1,6779.0,1,6781.0,1,6784.0,2,6789.0,1,6791.0,1,6795.0,1,6796.0,1,6780.0
AP411,,13:40:08.500#,6717.0,6800.0,6710.0,7351.0,6137.0,3293,14150,6772.0,1,6773.0,1,6777.0,1,6779.0,1,6781.0,1,6784.0,1,6789.0,1,6791.0,1,6795.0,1,6796.0,1,6780.0
AP411,,13:40:08.750#,6717.0,6800.0,6710.0,7351.0,6137.0,3293,14150,6772.0,1,6773.0,1,6777.0,1,6779.0,1,6781.0,1,6785.0,6,6789.0,1,6791.0,1,6795.0,1,6796.0,1,6780.0
AP411,,13:40:09.500#,6717.0,6800.0,6710.0,7351.0,6137.0,3293,14150,6772.0,1,6773.0,1,6777.0,1,6779.0,1,6781.0,1,6784.0,4,6789.0,1,6791.0,1,6795.0,1,6796.0,1,6780.0
AP411,,13:40:09.750#,6717.0,6800.0,6710.0,7351.0,6137.0,3293,14150,6772.0,1,6773.0,1,6777.0,1,6779.0,1,6781.0,1,6784.0,3,6789.0,1,6791.0,1,6795.0,1,6796.0,1,6780.0
AP411,,13:40:10.250#,6717.0,6800.0,6710.0,7351.0,6137.0,3293,14150,6772.0,1,6773.0,1,6777.0,1,6779.0,1,6781.0,1,6784.0,2,6789.0,1,6791.0,1,6795.0,1,6796.0,1,6780.0
AP411,,13:40:10.750#,6717.0,6800.0,6710.0,7351.0,6137.0,3293,14150,6772.0,1,6773.0,1,6777.0,1,6779.0,1,6781.0,1,6784.0,3,6789.0,1,6791.0,1,6795.0,1,6796.0,1,6780.0
AP411,,13:40:11.0#,6717.0,6800.0,6710.0,7351.0,6137.0,3293,14150,6772.0,1,6773.0,1,6777.0,1,6779.0,1,6781.0,1,6785.0,6,6789.0,1,6791.0,1,6795.0,1,6796.0,1,6780.0
AP411,,13:40:11.250#,6717.0,6800.0,6710.0,7351.0,6137.0,3293,14150,6772.0,1,6773.0,1,6777.0,1,6779.0,1,6780.0,3,6785.0,6,6789.0,1,6791.0,1,6795.0,1,6796.0,1,6780.0
AP411,,13:40:11.750#,6717.0,6800.0,6710.0,7351.0,6137.0,3293,14150,6772.0,1,6773.0,1,6777.0,1,6779.0,1,6781.0,1,6785.0,6,6789.0,1,6791.0,1,6795.0,1,6796.0,1,6780.0
AP411,,13:40:12.0#,6717.0,6800.0,6710.0,7351.0,6137.0,3294,14149,6771.0,2,6772.0,1,6773.0,1,6777.0,1,6779.0,4,6785.0,5,6789.0,1,6791.0,1,6795.0,1,6796.0,1,6784.0
AP411,,13:40:12.250#,6717.0,6800.0,6710.0,7351.0,6137.0,3294,14149,6772.0,1,6773.0,1,6777.0,1,6779.0,1,6780.0,1,6784.0,5,6789.0,1,6791.0,1,6795.0,1,6796.0,1,6784.0
AP411,,13:40:12.500#,6717.0,6800.0,6710.0,7351.0,6137.0,3294,14149,6771.0,2,6772.0,1,6773.0,1,6777.0,1,6779.0,4,6783.0,5,6789.0,1,6791.0,1,6795.0,1,6796.0,1,6784.0
AP411,,13:40:13.500#,6717.0,6800.0,6710.0,7351.0,6137.0,3294,14149,6771.0,2,6772.0,1,6773.0,1,6777.0,1,6779.0,1,6782.0,5,6789.0,1,6791.0,1,6795.0,1,6796.0,1,6784.0
AP411,,13:40:14.0#,6717.0,6800.0,6710.0,7351.0,6137.0,3294,14149,6771.0,2,6772.0,1,6773.0,1,6777.0,1,6779.0,1,6781.0,3,6789.0,1,6791.0,1,6795.0,1,6796.0,1,6784.0
AP411,,13:40:16.250#,6717.0,6800.0,6710.0,7351.0,6137.0,3294,14149,6771.0,2,6772.0,1,6773.0,1,6777.0,1,6779.0,4,6782.0,3,6789.0,1,6791.0,1,6795.0,1,6796.0,1,6784.0
AP411,,13:40:27.250#,6717.0,6800.0,6710.0,7351.0,6137.0,3294,14149,6772.0,1,6773.0,1,6777.0,1,6779.0,1,6780.0,3,6783.0,3,6789.0,1,6791.0,1,6795.0,1,6796.0,1,6784.0
AP411,,13:40:27.500#,6717.0,6800.0,6710.0,7351.0,6137.0,3294,14149,6772.0,1,6773.0,1,6777.0,1,6779.0,1,6780.0,1,6783.0,3,6789.0,1,6791.0,1,6795.0,1,6796.0,1,6784.0
AP411,,13:40:27.750#,6717.0,6800.0,6710.0,7351.0,6137.0,3294,14149,6772.0,1,6773.0,1,6777.0,1,6779.0,1,6780.0,2,6783.0,3,6789.0,1,6791.0,1,6795.0,1,6796.0,1,6784.0
AP411,,13:40:28.250#,6717.0,6800.0,6710.0,7351.0,6137.0,3294,14149,6772.0,1,6773.0,1,6777.0,1,6779.0,1,6780.0,3,6783.0,3,6789.0,1,6791.0,1,6795.0,1,6796.0,1,6784.0
AP411,,13:40:29.250#,6717.0,6800.0,6710.0,7351.0,6137.0,3294,14149,6772.0,1,6773.0,1,6777.0,1,6779.0,1,6780.0,3,6783.0,2,6789.0,1,6791.0,1,6795.0,1,6796.0,1,6784.0
AP411,,13:40:30.500#,6717.0,6800.0,6710.0,7351.0,6137.0,3294,14149,6772.0,1,6773.0,1,6777.0,1,6779.0,1,6780.0,3,6783.0,3,6789.0,1,6791.0,1,6795.0,1,6796.0,1,6784.0
AP411,,13:40:30.750#,6717.0,6800.0,6710.0,7351.0,6137.0,3294,14149,6772.0,1,6773.0,1,6777.0,1,6779.0,1,6781.0,3,6784.0,3,6789.0,1,6791.0,1,6795.0,1,6796.0,1,6784.0
AP411,,13:40:32.0#,6717.0,6800.0,6710.0,7351.0,6137.0,3297,14149,6772.0,1,6773.0,1,6777.0,1,6779.0,1,6784.0,2,6785.0,5,6789.0,1,6791.0,1,6795.0,1,6796.0,1,6784.0
AP411,,13:40:32.500#,6717.0,6800.0,6710.0,7351.0,6137.0,3297,14149,6772.0,1,6773.0,1,6777.0,1,6779.0,1,6784.0,2,6785.0,3,6789.0,1,6791.0,1,6795.0,1,6796.0,1,6784.0
AP411,,13:40:32.750#,6717.0,6800.0,6710.0,7351.0,6137.0,3297,14149,6772.0,1,6773.0,1,6777.0,1,6779.0,1,6784.0,2,6786.0,5,6789.0,1,6791.0,1,6795.0,1,6796.0,1,6784.0
AP411,,13:40:37.750#,6717.0,6800.0,6710.0,7351.0,6137.0,3297,14149,6772.0,1,6773.0,1,6777.0,1,6779.0,1,6784.0,2,6786.0,6,6789.0,1,6791.0,1,6795.0,1,6796.0,1,6784.0
AP411,,13:40:38.0#,6717.0,6800.0,6710.0,7351.0,6137.0,3297,14149,6772.0,1,6773.0,1,6777.0,1,6779.0,1,6784.0,2,6786.0,5,6789.0,1,6791.0,1,6795.0,1,6796.0,1,6784.0
AP411,,13:40:51.500#,6717.0,6800.0,6710.0,7351.0,6137.0,3297,14149,6772.0,1,6773.0,1,6777.0,1,6779.0,1,6784.0,2,6785.0,3,6789.0,1,6791.0,1,6795.0,1,6796.0,1,6784.0
AP411,,13:40:53.250#,6717.0,6800.0,6710.0,7351.0,6137.0,3297,14149,6772.0,1,6773.0,1,6777.0,1,6779.0,1,6784.0,2,6785.0,5,6789.0,1,6791.0,1,6795.0,1,6796.0,1,6784.0
AP411,,13:40:54.500#,6717.0,6800.0,6710.0,7351.0,6137.0,3307,14153,6772.0,1,6773.0,1,6777.0,1,6779.0,1,6784.0,2,6786.0,3,6789.0,1,6791.0,1,6795.0,1,6796.0,1,6786.0
AP411,,13:40:57.0#,6717.0,6800.0,6710.0,7351.0,6137.0,3307,14153,6772.0,1,6773.0,1,6777.0,1,6779.0,1,6784.0,2,6785.0,3,6789.0,1,6791.0,1,6795.0,1,6796.0,1,6786.0
AP411,,13:40:59.250#,6717.0,6800.0,6710.0,7351.0,6137.0,3309,14153,6772.0,1,6773.0,1,6777.0,1,6779.0,1,6782.0,4,6785.0,1,6789.0,1,6791.0,1,6795.0,1,6796.0,1,6784.0
AP411,,13:41:00.500#,6717.0,6800.0,6710.0,7351.0,6137.0,3309,14153,6772.0,1,6773.0,1,6777.0,1,6779.0,1,6783.0,1,6786.0,1,6789.0,1,6791.0,1,6795.0,1,6796.0,1,6784.0
AP411,,13:41:00.750#,6717.0,6800.0,6710.0,7351.0,6137.0,3309,14153,6772.0,1,6773.0,1,6777.0,1,6779.0,1,6782.0,4,6785.0,1,6789.0,1,6791.0,1,6795.0,1,6796.0,1,6784.0
AP411,,13:41:01.0#,6717.0,6800.0,6710.0,7351.0,6137.0,3309,14153,6772.0,1,6773.0,1,6777.0,1,6779.0,1,6782.0,5,6785.0,1,6789.0,1,6791.0,1,6795.0,1,6796.0,1,6784.0
AP411,,13:41:03.750#,6717.0,6800.0,6710.0,7351.0,6137.0,3311,14155,6772.0,1,6773.0,1,6777.0,1,6779.0,1,6785.0,18,6786.0,3,6789.0,1,6791.0,1,6795.0,1,6796.0,1,6785.0
AP411,,13:41:04.500#,6717.0,6800.0,6710.0,7351.0,6137.0,3312,14156,6772.0,1,6773.0,1,6777.0,1,6779.0,1,6785.0,17,6786.0,2,6789.0,1,6791.0,1,6795.0,1,6796.0,1,6785.0
AP411,,13:41:05.0#,6717.0,6800.0,6710.0,7351.0,6137.0,3313,14157,6772.0,1,6773.0,1,6777.0,1,6779.0,1,6785.0,16,6786.0,1,6789.0,1,6791.0,1,6795.0,1,6796.0,1,6785.0
AP411,,13:41:05.250#,6717.0,6800.0,6710.0,7351.0,6137.0,3313,14157,6772.0,1,6773.0,1,6777.0,1,6779.0,1,6785.0,16,6787.0,1,6789.0,1,6791.0,1,6795.0,1,6796.0,1,6785.0
AP411,,13:41:08.250#,6717.0,6800.0,6710.0,7351.0,6137.0,3313,14157,6772.0,1,6773.0,1,6777.0,1,6779.0,1,6785.0,16,6786.0,1,6789.0,1,6791.0,1,6795.0,1,6796.0,1,6785.0
AP411,,13:41:10.250#,6717.0,6800.0,6710.0,7351.0,6137.0,3313,14157,6773.0,1,6777.0,1,6779.0,1,6780.0,1,6785.0,16,6786.0,1,6789.0,1,6791.0,1,6795.0,1,6796.0,1,6785.0
AP411,,13:41:10.500#,6717.0,6800.0,6710.0,7351.0,6137.0,3317,14157,6773.0,1,6777.0,1,6779.0,1,6780.0,1,6785.0,12,6787.0,2,6789.0,1,6791.0,1,6795.0,1,6796.0,1,6785.0
AP411,,13:41:10.750#,6717.0,6800.0,6710.0,7351.0,6137.0,3317,14157,6773.0,1,6777.0,1,6779.0,1,6780.0,1,6785.0,12,6786.0,2,6789.0,1,6791.0,1,6795.0,1,6796.0,1,6785.0
AP411,,13:41:12.250#,6717.0,6800.0,6710.0,7351.0,6137.0,3321,14157,6773.0,1,6777.0,1,6779.0,1,6780.0,1,6785.0,8,6786.0,3,6789.0,1,6791.0,1,6795.0,1,6796.0,1,6785.0
AP411,,13:41:12.750#,6717.0,6800.0,6710.0,7351.0,6137.0,3322,14157,6773.0,1,6777.0,1,6779.0,1,6780.0,1,6785.0,7,6786.0,2,6789.0,1,6791.0,1,6795.0,1,6796.0,1,6785.0
AP411,,13:41:14.0#,6717.0,6800.0,6710.0,7351.0,6137.0,3325,14157,6773.0,1,6777.0,1,6779.0,1,6780.0,1,6785.0,4,6786.0,1,6789.0,1,6791.0,1,6795.0,1,6796.0,1,6785.0
AP411,,13:41:14.500#,6717.0,6800.0,6710.0,7351.0,6137.0,3326,14157,6773.0,1,6777.0,1,6779.0,1,6780.0,1,6785.0,3,6786.0,2,6789.0,1,6791.0,1,6795.0,1,6796.0,1,6785.0
AP411,,13:41:14.750#,6717.0,6800.0,6710.0,7351.0,6137.0,3328,14157,6773.0,1,6777.0,1,6779.0,1,6780.0,1,6785.0,1,6786.0,2,6789.0,1,6791.0,1,6795.0,1,6796.0,1,6785.0
AP411,,13:41:15.0#,6717.0,6800.0,6710.0,7351.0,6137.0,3329,14158,6772.0,1,6773.0,1,6777.0,1,6779.0,1,6780.0,4,6786.0,1,6789.0,1,6791.0,1,6795.0,1,6796.0,1,6785.0
AP411,,13:41:15.500#,6717.0,6800.0,6710.0,7351.0,6137.0,3329,14158,6772.0,1,6773.0,1,6777.0,1,6779.0,1,6780.0,4,6786.0,3,6789.0,1,6791.0,1,6795.0,1,6796.0,1,6785.0
AP411,,13:41:16.500#,6717.0,6800.0,6710.0,7351.0,6137.0,3329,14158,6772.0,1,6773.0,1,6777.0,1,6779.0,1,6780.0,3,6786.0,3,6789.0,1,6791.0,1,6795.0,1,6796.0,1,6785.0
AP411,,13:41:16.750#,6717.0,6800.0,6710.0,7351.0,6137.0,3329,14158,6772.0,1,6773.0,1,6777.0,1,6779.0,1,6780.0,1,6785.0,2,6789.0,1,6791.0,1,6795.0,1,6796.0,1,6785.0
AP411,,13:41:17.500#,6717.0,6800.0,6710.0,7351.0,6137.0,3329,14158,6772.0,1,6773.0,1,6777.0,1,6779.0,1,6780.0,1,6785.0,1,6789.0,1,6791.0,1,6795.0,1,6796.0,1,6785.0
AP411,,13:41:18.250#,6717.0,6800.0,6710.0,7351.0,6137.0,3329,14158,6772.0,1,6773.0,1,6777.0,1,6779.0,1,6780.0,1,6784.0,1,6789.0,1,6791.0,1,6795.0,1,6796.0,1,6785.0
AP411,,13:41:18.500#,6717.0,6800.0,6710.0,7351.0,6137.0,3329,14158,6772.0,1,6773.0,1,6777.0,1,6779.0,1,6780.0,1,6784.0,2,6789.0,1,6791.0,1,6795.0,1,6796.0,1,6785.0
AP411,,13:41:18.750#,6717.0,6800.0,6710.0,7351.0,6137.0,3329,14158,6772.0,1,6773.0,1,6777.0,1,6779.0,1,6780.0,1,6784.0,1,6789.0,1,6791.0,1,6795.0,1,6796.0,1,6785.0
AP411,,13:41:19.0#,6717.0,6800.0,6710.0,7351.0,6137.0,3329,14158,6772.0,1,6773.0,1,6777.0,1,6779.0,1,6780.0,1,6784.0,2,6789.0,1,6791.0,1,6795.0,1,6796.0,1,6785.0
AP411,,13:41:19.250#,6717.0,6800.0,6710.0,7351.0,6137.0,3329,14158,6772.0,1,6773.0,1,6777.0,1,6779.0,1,6780.0,1,6784.0,1,6789.0,1,6791.0,1,6795.0,1,6796.0,1,6785.0
AP411,,13:41:20.0#,6717.0,6800.0,6710.0,7351.0,6137.0,3329,14158,6772.0,1,6773.0,1,6777.0,1,6779.0,1,6780.0,1,6782.0,1,6789.0,1,6791.0,1,6795.0,1,6796.0,1,6785.0
AP411,,13:41:20.750#,6717.0,6800.0,6710.0,7351.0,6137.0,3329,14158,6772.0,1,6773.0,1,6777.0,1,6779.0,1,6780.0,1,6783.0,1,6789.0,1,6791.0,1,6795.0,1,6796.0,1,6785.0
AP411,,13:41:22.0#,6717.0,6800.0,6710.0,7351.0,6137.0,3329,14158,6772.0,1,6773.0,1,6777.0,1,6779.0,1,6780.0,1,6784.0,1,6789.0,1,6791.0,1,6795.0,1,6796.0,1,6785.0
AP411,,13:41:22.500#,6717.0,6800.0,6710.0,7351.0,6137.0,3329,14158,6772.0,1,6773.0,1,6777.0,1,6779.0,1,6780.0,2,6784.0,1,6789.0,1,6791.0,1,6795.0,1,6796.0,1,6785.0
AP411,,13:41:24.500#,6717.0,6800.0,6710.0,7351.0,6137.0,3329,14158,6772.0,1,6773.0,1,6777.0,1,6779.0,1,6780.0,2,6783.0,1,6789.0,1,6791.0,1,6795.0,1,6796.0,1,6785.0
AP411,,13:41:25.750#,6717.0,6800.0,6710.0,7351.0,6137.0,3329,14158,6772.0,1,6773.0,1,6777.0,1,6779.0,1,6780.0,2,6784.0,1,6789.0,1,6791.0,1,6795.0,1,6796.0,1,6785.0
AP411,,13:41:28.0#,6717.0,6800.0,6710.0,7351.0,6137.0,3329,14158,6773.0,1,6777.0,1,6779.0,1,6780.0,2,6783.0,2,6784.0,1,6789.0,1,6791.0,1,6795.0,1,6796.0,1,6785.0
AP411,,13:41:28.250#,6717.0,6800.0,6710.0,7351.0,6137.0,3331,14160,6772.0,1,6773.0,1,6777.0,1,6779.0,1,6780.0,2,6785.0,2,6789.0,1,6791.0,1,6795.0,1,6796.0,1,6783.0
AP411,,13:41:28.500#,6717.0,6800.0,6710.0,7351.0,6137.0,3331,14160,6772.0,1,6773.0,1,6777.0,1,6779.0,1,6780.0,2,6784.0,2,6789.0,1,6791.0,1,6795.0,1,6796.0,1,6783.0
AP411,,13:41:28.750#,6717.0,6800.0,6710.0,7351.0,6137.0,3331,14160,6772.0,1,6773.0,1,6777.0,1,6779.0,1,6780.0,2,6785.0,2,6789.0,1,6791.0,1,6795.0,1,6796.0,1,6783.0
AP411,,13:41:29.0#,6717.0,6800.0,6710.0,7351.0,6137.0,3331,14160,6772.0,1,6773.0,1,6777.0,1,6779.0,1,6780.0,2,6784.0,1,6789.0,1,6791.0,1,6795.0,1,6796.0,1,6783.0
AP411,,13:41:29.250#,6717.0,6800.0,6710.0,7351.0,6137.0,3331,14160,6772.0,1,6773.0,1,6777.0,1,6779.0,1,6780.0,2,6784.0,2,6789.0,1,6791.0,1,6795.0,1,6796.0,1,6783.0
AP411,,13:41:29.500#,6717.0,6800.0,6710.0,7351.0,6137.0,3331,14160,6772.0,1,6773.0,1,6777.0,1,6779.0,1,6780.0,2,6785.0,2,6789.0,1,6791.0,1,6795.0,1,6796.0,1,6783.0
AP411,,13:41:29.750#,6717.0,6800.0,6710.0,7351.0,6137.0,3331,14160,6772.0,1,6773.0,1,6777.0,1,6779.0,1,6780.0,3,6785.0,2,6789.0,1,6791.0,1,6795.0,1,6796.0,1,6783.0
AP411,,13:41:30.750#,6717.0,6800.0,6710.0,7351.0,6137.0,3331,14160,6772.0,1,6773.0,1,6777.0,1,6779.0,1,6780.0,4,6785.0,2,6789.0,1,6791.0,1,6795.0,1,6796.0,1,6783.0
AP411,,13:41:31.500#,6717.0,6800.0,6710.0,7351.0,6137.0,3331,14160,6772.0,1,6773.0,1,6777.0,1,6779.0,1,6780.0,7,6785.0,2,6789.0,1,6791.0,1,6795.0,1,6796.0,1,6783.0
AP411,,13:41:32.500#,6717.0,6800.0,6710.0,7351.0,6137.0,3331,14160,6773.0,1,6777.0,1,6779.0,1,6780.0,2,6781.0,5,6786.0,3,6789.0,1,6791.0,1,6795.0,1,6796.0,1,6783.0
AP411,,13:41:32.750#,6717.0,6800.0,6710.0,7351.0,6137.0,3331,14160,6773.0,1,6777.0,1,6779.0,1,6780.0,2,6781.0,5,6786.0,2,6789.0,1,6791.0,1,6795.0,1,6796.0,1,6783.0
AP411,,13:41:33.0#,6717.0,6800.0,6710.0,7351.0,6137.0,3331,14160,6773.0,1,6777.0,1,6779.0,1,6780.0,2,6782.0,3,6786.0,1,6789.0,1,6791.0,1,6795.0,1,6796.0,1,6783.0
AP411,,13:41:33.250#,6717.0,6800.0,6710.0,7351.0,6137.0,3331,14160,6773.0,1,6777.0,1,6779.0,1,6780.0,2,6782.0,2,6786.0,1,6789.0,1,6791.0,1,6795.0,1,6796.0,1,6783.0
AP411,,13:41:33.750#,6717.0,6800.0,6710.0,7351.0,6137.0,3331,14160,6773.0,1,6777.0,1,6779.0,1,6780.0,2,6782.0,5,6786.0,1,6789.0,1,6791.0,1,6795.0,1,6796.0,1,6783.0
AP411,,13:41:39.250#,6717.0,6800.0,6710.0,7351.0,6137.0,3331,14160,6773.0,1,6777.0,1,6779.0,1,6780.0,2,6782.0,5,6787.0,5,6789.0,1,6791.0,1,6795.0,1,6796.0,1,6783.0
AP411,,13:41:44.0#,6717.0,6800.0,6710.0,7351.0,6137.0,3331,14160,6773.0,1,6777.0,1,6779.0,1,6780.0,2,6782.0,5,6787.0,6,6789.0,1,6791.0,1,6795.0,1,6796.0,1,6783.0
AP411,,13:41:45.500#,6717.0,6800.0,6710.0,7351.0,6137.0,3331,14160,6773.0,1,6777.0,1,6779.0,1,6780.0,2,6781.0,5,6786.0,2,6789.0,1,6791.0,1,6795.0,1,6796.0,1,6783.0
AP411,,13:41:45.750#,6717.0,6800.0,6710.0,7351.0,6137.0,3331,14160,6772.0,1,6773.0,1,6777.0,1,6779.0,1,6780.0,5,6785.0,2,6789.0,1,6791.0,1,6795.0,1,6796.0,1,6783.0
AP411,,13:41:46.0#,6717.0,6800.0,6710.0,7351.0,6137.0,3331,14160,6772.0,1,6773.0,1,6777.0,1,6779.0,1,6780.0,5,6786.0,2,6789.0,1,6791.0,1,6795.0,1,6796.0,1,6783.0
AP411,,13:41:46.750#,6717.0,6800.0,6710.0,7351.0,6137.0,3331,14160,6772.0,1,6773.0,1,6777.0,1,6779.0,1,6780.0,7,6786.0,2,6789.0,1,6791.0,1,6795.0,1,6796.0,1,6783.0
AP411,,13:41:47.250#,6717.0,6800.0,6710.0,7351.0,6137.0,3331,14160,6773.0,1,6777.0,1,6779.0,1,6780.0,2,6781.0,2,6787.0,7,6789.0,1,6791.0,1,6795.0,1,6796.0,1,6783.0
AP411,,13:41:47.500#,6717.0,6800.0,6710.0,7351.0,6137.0,3331,14160,6773.0,1,6777.0,1,6779.0,1,6780.0,2,6781.0,2,6786.0,2,6789.0,1,6791.0,1,6795.0,1,6796.0,1,6783.0
AP411,,13:41:47.750#,6717.0,6800.0,6710.0,7351.0,6137.0,3331,14160,6773.0,1,6777.0,1,6779.0,1,6780.0,2,6781.0,5,6786.0,2,6789.0,1,6791.0,1,6795.0,1,6796.0,1,6783.0
AP411,,13:41:48.0#,6717.0,6800.0,6710.0,7351.0,6137.0,3346,14153,6771.0,2,6772.0,1,6773.0,1,6777.0,1,6779.0,3,6780.0,16,6789.0,1,6791.0,1,6795.0,1,6796.0,1,6780.0
AP411,,13:41:48.250#,6717.0,6800.0,6710.0,7351.0,6137.0,3348,14153,6771.0,2,6772.0,1,6773.0,1,6777.0,1,6779.0,3,6780.0,14,6789.0,1,6791.0,1,6795.0,1,6796.0,1,6780.0
AP411,,13:41:49.0#,6717.0,6800.0,6710.0,7351.0,6137.0,3349,14152,6771.0,2,6772.0,1,6773.0,1,6777.0,1,6779.0,2,6780.0,13,6789.0,1,6791.0,1,6795.0,1,6796.0,1,6780.0
AP411,,13:41:49.250#,6717.0,6800.0,6710.0,7351.0,6137.0,3349,14152,6771.0,2,6772.0,1,6773.0,1,6777.0,1,6779.0,4,6780.0,13,6789.0,1,6791.0,1,6795.0,1,6796.0,1,6780.0
AP411,,13:41:49.750#,6717.0,6800.0,6710.0,7351.0,6137.0,3349,14152,6771.0,2,6772.0,1,6773.0,1,6777.0,1,6779.0,2,6780.0,13,6789.0,1,6791.0,1,6795.0,1,6796.0,1,6780.0
AP411,,13:41:50.0#,6717.0,6800.0,6710.0,7351.0,6137.0,3349,14152,6771.0,2,6772.0,1,6773.0,1,6777.0,1,6779.0,1,6780.0,13,6789.0,1,6791.0,1,6795.0,1,6796.0,1,6780.0
AP411,,13:41:52.250#,6717.0,6800.0,6710.0,7351.0,6137.0,3349,14152,6771.0,2,6772.0,1,6773.0,1,6777.0,1,6779.0,2,6780.0,13,6789.0,1,6791.0,1,6795.0,1,6796.0,1,6780.0
AP411,,13:41:53.0#,6717.0,6800.0,6710.0,7351.0,6137.0,3350,14151,6771.0,2,6772.0,1,6773.0,1,6777.0,1,6779.0,2,6780.0,12,6789.0,1,6791.0,1,6795.0,1,6796.0,1,6780.0
AP411,,13:41:53.250#,6717.0,6800.0,6710.0,7351.0,6137.0,3350,14151,6771.0,2,6772.0,1,6773.0,1,6777.0,1,6779.0,1,6780.0,12,6789.0,1,6791.0,1,6795.0,1,6796.0,1,6780.0
AP411,,13:41:54.0#,6717.0,6800.0,6710.0,7351.0,6137.0,3350,14151,6771.0,2,6772.0,1,6773.0,1,6777.0,1,6779.0,3,6780.0,12,6789.0,1,6791.0,1,6795.0,1,6796.0,1,6780.0
AP411,,13:41:54.250#,6717.0,6800.0,6710.0,7351.0,6137.0,3350,14151,6771.0,2,6772.0,1,6773.0,1,6777.0,1,6779.0,1,6780.0,12,6789.0,1,6791.0,1,6795.0,1,6796.0,1,6780.0
AP411,,13:41:56.500#,6717.0,6800.0,6710.0,7351.0,6137.0,3351,14151,6768.0,1,6771.0,2,6772.0,1,6773.0,1,6777.0,5,6780.0,12,6789.0,1,6791.0,1,6795.0,1,6796.0,1,6779.0
AP411,,13:41:57.0#,6717.0,6800.0,6710.0,7351.0,6137.0,3351,14151,6768.0,1,6771.0,2,6772.0,1,6773.0,1,6777.0,3,6780.0,12,6789.0,1,6791.0,1,6795.0,1,6796.0,1,6779.0
AP411,,13:41:57.500#,6717.0,6800.0,6710.0,7351.0,6137.0,3351,14151,6771.0,2,6772.0,1,6773.0,1,6777.0,1,6778.0,1,6780.0,12,6789.0,1,6791.0,1,6795.0,1,6796.0,1,6779.0
AP411,,13:41:59.0#,6717.0,6800.0,6710.0,7351.0,6137.0,3352,14150,6768.0,1,6771.0,2,6772.0,1,6773.0,1,6777.0,2,6780.0,12,6789.0,1,6791.0,1,6795.0,1,6796.0,1,6780.0
AP411,,13:41:59.250#,6717.0,6800.0,6710.0,7351.0,6137.0,3352,14150,6768.0,1,6771.0,2,6772.0,1,6773.0,1,6777.0,2,6780.0,12,6789.0,1,6791.0,1,6795.0,1,6796.0,1,6780.0
AP411,,13:42:00.250#,6717.0,6800.0,6710.0,7351.0,6137.0,3352,14150,6768.0,1,6771.0,2,6772.0,1,6773.0,1,6777.0,2,6779.0,1,6780.0,11,6789.0,1,6791.0,1,6795.0,1,6780.0
AP411,,13:42:00.750#,6717.0,6800.0,6710.0,7351.0,6137.0,3354,14149,6768.0,1,6771.0,2,6772.0,1,6773.0,1,6776.0,2,6777.0,1,6779.0,1,6780.0,11,6789.0,1,6791.0,1,6777.0
AP411,,13:42:01.0#,6717.0,6800.0,6710.0,7351.0,6137.0,3355,14148,6768.0,1,6771.0,2,6772.0,1,6773.0,1,6777.0,1,6779.0,1,6780.0,11,6789.0,1,6791.0,1,6795.0,1,6777.0
AP411,,13:42:01.250#,6717.0,6800.0,6710.0,7351.0,6137.0,3355,14148,6768.0,1,6771.0,2,6772.0,1,6773.0,1,6776.0,1,6779.0,1,6780.0,11,6789.0,1,6791.0,1,6795.0,1,6777.0
AP411,,13:42:01.500#,6717.0,6800.0,6710.0,7351.0,6137.0,3355,14148,6768.0,1,6771.0,2,6772.0,1,6773.0,1,6777.0,1,6779.0,1,6780.0,11,6789.0,1,6791.0,1,6795.0,1,6777.0
AP411,,13:42:02.0#,6717.0,6800.0,6710.0,7351.0,6137.0,3355,14148,6771.0,2,6772.0,1,6773.0,1,6775.0,5,6776.0,1,6779.0,1,6780.0,11,6789.0,1,6791.0,1,6795.0,1,6777.0
AP411,,13:42:02.250#,6717.0,6800.0,6710.0,7351.0,6137.0,3355,14148,6771.0,2,6772.0,1,6773.0,1,6775.0,5,6776.0,2,6780.0,12,6789.0,1,6791.0,1,6795.0,1,6796.0,1,6777.0
AP411,,13:42:02.500#,6717.0,6800.0,6710.0,7351.0,6137.0,3355,14148,6772.0,1,6773.0,1,6775.0,5,6776.0,1,6777.0,1,6780.0,11,6789.0,1,6791.0,1,6795.0,1,6796.0,1,6777.0
AP411,,13:42:02.750#,6717.0,6800.0,6710.0,7351.0,6137.0,3355,14148,6772.0,1,6773.0,1,6775.0,5,6776.0,1,6777.0,2,6780.0,11,6789.0,1,6791.0,1,6795.0,1,6796.0,1,6777.0
AP411,,13:42:03.250#,6717.0,6800.0,6710.0,7351.0,6137.0,3355,14148,6772.0,1,6773.0,1,6775.0,5,6776.0,1,6777.0,1,6779.0,1,6780.0,11,6789.0,1,6791.0,1,6795.0,1,6777.0
AP411,,13:42:03.500#,6717.0,6800.0,6710.0,7351.0,6137.0,3355,14148,6771.0,2,6772.0,1,6773.0,1,6775.0,5,6776.0,1,6779.0,1,6780.0,11,6789.0,1,6791.0,1,6795.0,1,6777.0
AP411,,13:42:03.750#,6717.0,6800.0,6710.0,7351.0,6137.0,3355,14148,6768.0,1,6771.0,2,6772.0,1,6773.0,1,6775.0,8,6779.0,1,6780.0,11,6789.0,1,6791.0,1,6795.0,1,6777.0
AP411,,13:42:04.0#,6717.0,6800.0,6710.0,7351.0,6137.0,3355,14148,6768.0,1,6771.0,2,6772.0,1,6773.0,1,6775.0,8,6779.0,1,6780.0,11,6789.0,1,6791.0,1,6795.0,1,6777.0
AP411,,13:42:12.750#,6717.0,6800.0,6710.0,7351.0,6137.0,3355,14148,6768.0,1,6771.0,2,6772.0,1,6773.0,1,6775.0,7,6778.0,1,6780.0,11,6789.0,1,6791.0,1,6795.0,1,6777.0
AP411,,13:42:13.0#,6717.0,6800.0,6710.0,7351.0,6137.0,3355,14148,6768.0,1,6771.0,2,6772.0,1,6773.0,1,6775.0,7,6778.0,1,6780.0,11,6789.0,1,6791.0,1,6795.0,1,6777.0
AP411,,13:42:13.250#,6717.0,6800.0,6710.0,7351.0,6137.0,3355,14148,6768.0,1,6771.0,2,6772.0,1,6773.0,1,6775.0,7,6778.0,1,6780.0,11,6789.0,1,6791.0,1,6795.0,1,6777.0
AP411,,13:42:14.0#,6717.0,6800.0,6710.0,7351.0,6137.0,3355,14148,6768.0,1,6771.0,2,6772.0,1,6773.0,1,6775.0,6,6777.0,1,6780.0,11,6789.0,1,6791.0,1,6795.0,1,6777.0
AP411,,13:42:14.250#,6717.0,6800.0,6710.0,7351.0,6137.0,3355,14148,6768.0,1,6771.0,2,6772.0,1,6773.0,1,6775.0,5,6777.0,1,6780.0,11,6789.0,1,6791.0,1,6795.0,1,6777.0
AP411,,13:42:15.500#,6717.0,6800.0,6710.0,7351.0,6137.0,3356,14148,6768.0,1,6771.0,2,6772.0,1,6773.0,1,6775.0,5,6777.0,1,6780.0,11,6789.0,1,6791.0,1,6795.0,1,6777.0
AP411,,13:42:15.750#,6717.0,6800.0,6710.0,7351.0,6137.0,3356,14148,6768.0,1,6771.0,2,6772.0,1,6773.0,1,6775.0,5,6777.0,2,6780.0,11,6789.0,1,6791.0,1,6795.0,1,6777.0
AP411,,13:42:16.0#,6717.0,6800.0,6710.0,7351.0,6137.0,3356,14148,6768.0,1,6771.0,2,6772.0,1,6773.0,1,6775.0,5,6778.0,3,6780.0,11,6789.0,1,6791.0,1,6795.0,1,6777.0
AP411,,13:42:17.250#,6717.0,6800.0,6710.0,7351.0,6137.0,3356,14148,6771.0,2,6772.0,1,6773.0,1,6775.0,5,6777.0,1,6778.0,3,6780.0,11,6789.0,1,6791.0,1,6795.0,1,6777.0
AP411,,13:42:17.500#,6717.0,6800.0,6710.0,7351.0,6137.0,3357,14147,6768.0,1,6771.0,2,6772.0,1,6773.0,1,6775.0,5,6778.0,2,6780.0,11,6789.0,1,6791.0,1,6795.0,1,6777.0
AP411,,13:42:18.750#,6717.0,6800.0,6710.0,7351.0,6137.0,3358,14146,6768.0,1,6771.0,2,6772.0,1,6773.0,1,6775.0,5,6778.0,1,6780.0,11,6789.0,1,6791.0,1,6795.0,1,6778.0
AP411,,13:42:21.250#,6717.0,6800.0,6710.0,7351.0,6137.0,3358,14146,6768.0,1,6771.0,2,6772.0,1,6773.0,1,6775.0,7,6777.0,1,6780.0,11,6789.0,1,6791.0,1,6795.0,1,6778.0
AP411,,13:42:22.750#,6717.0,6800.0,6710.0,7351.0,6137.0,3362,14146,6768.0,1,6771.0,2,6772.0,1,6773.0,1,6775.0,3,6777.0,3,6780.0,11,6789.0,1,6791.0,1,6795.0,1,6775.0
AP411,,13:42:23.250#,6717.0,6800.0,6710.0,7351.0,6137.0,3365,14146,6768.0,1,6771.0,2,6772.0,1,6773.0,1,6777.0,1,6778.0,1,6780.0,11,6789.0,1,6791.0,1,6795.0,1,6777.0
AP411,,13:42:23.500#,6717.0,6800.0,6710.0,7351.0,6137.0,3366,14147,6768.0,1,6771.0,2,6772.0,1,6773.0,1,6775.0,2,6778.0,1,6780.0,11,6789.0,1,6791.0,1,6795.0,1,6777.0
AP411,,13:42:24.0#,6717.0,6800.0,6710.0,7351.0,6137.0,3366,14147,6768.0,1,6771.0,2,6772.0,1,6773.0,1,6776.0,2,6778.0,1,6780.0,11,6789.0,1,6791.0,1,6795.0,1,6777.0
AP411,,13:42:25.0#,6717.0,6800.0,6710.0,7351.0,6137.0,3366,14147,6768.0,1,6771.0,2,6772.0,1,6773.0,1,6776.0,2,6779.0,1,6780.0,11,6789.0,1,6791.0,1,6795.0,1,6777.0
AP411,,13:42:25.750#,6717.0,6800.0,6710.0,7351.0,6137.0,3366,14147,6768.0,1,6771.0,2,6772.0,1,6773.0,1,6776.0,1,6777.0,1,6780.0,11,6789.0,1,6791.0,1,6795.0,1,6777.0
AP411,,13:42:26.0#,6717.0,6800.0,6710.0,7351.0,6137.0,3366,14147,6768.0,1,6771.0,2,6772.0,1,6773.0,1,6776.0,1,6778.0,1,6780.0,11,6789.0,1,6791.0,1,6795.0,1,6777.0
AP411,,13:42:26.250#,6717.0,6800.0,6710.0,7351.0,6137.0,3366,14147,6768.0,1,6771.0,2,6772.0,1,6773.0,1,6776.0,2,6777.0,1,6780.0,11,6789.0,1,6791.0,1,6795.0,1,6777.0
AP411,,13:42:29.0#,6717.0,6800.0,6710.0,7351.0,6137.0,3367,14147,6768.0,1,6771.0,2,6772.0,1,6773.0,1,6776.0,1,6778.0,1,6780.0,11,6789.0,1,6791.0,1,6795.0,1,6777.0
AP411,,13:42:29.500#,6717.0,6800.0,6710.0,7351.0,6137.0,3367,14147,6768.0,1,6771.0,2,6772.0,1,6773.0,1,6776.0,1,6777.0,2,6780.0,11,6789.0,1,6791.0,1,6795.0,1,6777.0
AP411,,13:42:30.500#,6717.0,6800.0,6710.0,7351.0,6137.0,3367,14147,6768.0,1,6771.0,2,6772.0,1,6773.0,1,6775.0,1,6777.0,1,6780.0,11,6789.0,1,6791.0,1,6795.0,1,6777.0
AP411,,13:42:31.0#,6717.0,6800.0,6710.0,7351.0,6137.0,3367,14147,6768.0,1,6771.0,2,6772.0,1,6773.0,1,6775.0,4,6779.0,2,6780.0,11,6789.0,1,6791.0,1,6795.0,1,6777.0
AP411,,13:42:31.250#,6717.0,6800.0,6710.0,7351.0,6137.0,3367,14147,6768.0,1,6771.0,2,6772.0,1,6773.0,1,6775.0,1,6778.0,2,6780.0,11,6789.0,1,6791.0,1,6795.0,1,6777.0
AP411,,13:42:32.750#,6717.0,6800.0,6710.0,7351.0,6137.0,3367,14147,6768.0,1,6771.0,2,6772.0,1,6773.0,1,6776.0,1,6778.0,2,6780.0,11,6789.0,1,6791.0,1,6795.0,1,6777.0
AP411,,13:42:35.250#,6717.0,6800.0,6710.0,7351.0,6137.0,3367,14147,6768.0,1,6771.0,2,6772.0,1,6773.0,1,6776.0,1,6777.0,2,6780.0,11,6789.0,1,6791.0,1,6795.0,1,6777.0
AP411,,13:42:35.500#,6717.0,6800.0,6710.0,7351.0,6137.0,3367,14147,6768.0,1,6771.0,2,6772.0,1,6773.0,1,6775.0,1,6777.0,2,6780.0,11,6789.0,1,6791.0,1,6795.0,1,6777.0
AP411,,13:42:37.250#,6717.0,6800.0,6710.0,7351.0,6137.0,3371,14147,6768.0,1,6771.0,2,6772.0,1,6773.0,1,6777.0,5,6778.0,1,6780.0,11,6789.0,1,6791.0,1,6795.0,1,6777.0
AP411,,13:42:37.500#,6717.0,6800.0,6710.0,7351.0,6137.0,3371,14147,6768.0,1,6771.0,2,6772.0,1,6773.0,1,6777.0,5,6779.0,1,6780.0,11,6789.0,1,6791.0,1,6795.0,1,6777.0
AP411,,13:42:37.750#,6717.0,6800.0,6710.0,7351.0,6137.0,3373,14147,6768.0,1,6771.0,2,6772.0,1,6773.0,1,6777.0,3,6779.0,7,6780.0,11,6789.0,1,6791.0,1,6795.0,1,6777.0
AP411,,13:42:38.500#,6717.0,6800.0,6710.0,7351.0,6137.0,3373,14147,6768.0,1,6771.0,2,6772.0,1,6773.0,1,6777.0,3,6778.0,1,6780.0,11,6789.0,1,6791.0,1,6795.0,1,6777.0
AP411,,13:42:39.0#,6717.0,6800.0,6710.0,7351.0,6137.0,3373,14147,6768.0,1,6771.0,2,6772.0,1,6773.0,1,6777.0,3,6778.0,2,6780.0,11,6789.0,1,6791.0,1,6795.0,1,6777.0
AP411,,13:42:40.0#,6717.0,6800.0,6710.0,7351.0,6137.0,3374,14147,6768.0,1,6771.0,2,6772.0,1,6773.0,1,6777.0,2,6778.0,2,6780.0,11,6789.0,1,6791.0,1,6795.0,1,6777.0
AP411,,13:42:40.500#,6717.0,6800.0,6710.0,7351.0,6137.0,3374,14147,6768.0,1,6771.0,2,6772.0,1,6773.0,1,6777.0,2,6778.0,1,6780.0,11,6789.0,1,6791.0,1,6795.0,1,6777.0
AP411,,13:42:41.250#,6717.0,6800.0,6710.0,7351.0,6137.0,3375,14147,6768.0,1,6771.0,2,6772.0,1,6773.0,1,6777.0,1,6778.0,1,6780.0,11,6789.0,1,6791.0,1,6795.0,1,6777.0
AP411,,13:42:43.750#,6717.0,6800.0,6710.0,7351.0,6137.0,3375,14147,6771.0,2,6772.0,1,6773.0,1,6775.0,1,6777.0,1,6778.0,1,6780.0,11,6789.0,1,6791.0,1,6795.0,1,6777.0
AP411,,13:42:50.750#,6717.0,6800.0,6710.0,7351.0,6137.0,3376,14146,6768.0,1,6771.0,2,6772.0,1,6773.0,1,6775.0,2,6778.0,1,6780.0,11,6789.0,1,6791.0,1,6795.0,1,6777.0
AP411,,13:42:51.500#,6717.0,6800.0,6710.0,7351.0,6137.0,3376,14146,6771.0,2,6772.0,1,6773.0,1,6775.0,1,6776.0,1,6778.0,1,6780.0,11,6789.0,1,6791.0,1,6795.0,1,6777.0
AP411,,13:42:52.250#,6717.0,6800.0,6710.0,7351.0,6137.0,3376,14146,6771.0,2,6772.0,1,6773.0,1,6775.0,1,6777.0,1,6778.0,1,6780.0,11,6789.0,1,6791.0,1,6795.0,1,6777.0
AP411,,13:42:52.500#,6717.0,6800.0,6710.0,7351.0,6137.0,3376,14146,6771.0,2,6772.0,1,6773.0,1,6775.0,1,6777.0,1,6780.0,15,6789.0,1,6791.0,1,6795.0,1,6796.0,1,6777.0
AP411,,13:42:53.250#,6717.0,6800.0,6710.0,7351.0,6137.0,3376,14146,6771.0,2,6772.0,1,6773.0,1,6775.0,1,6778.0,1,6780.0,15,6789.0,1,6791.0,1,6795.0,1,6796.0,1,6777.0
AP411,,13:42:53.750#,6717.0,6800.0,6710.0,7351.0,6137.0,3376,14146,6771.0,2,6772.0,1,6773.0,1,6775.0,1,6778.0,1,6780.0,12,6789.0,1,6791.0,1,6795.0,1,6796.0,1,6777.0
AP411,,13:42:54.0#,6717.0,6800.0,6710.0,7351.0,6137.0,3376,14146,6771.0,2,6772.0,1,6773.0,1,6775.0,1,6778.0,1,6780.0,11,6789.0,1,6791.0,1,6795.0,1,6796.0,1,6777.0
AP411,,13:42:56.750#,6717.0,6800.0,6710.0,7351.0,6137.0,3376,14146,6771.0,2,6772.0,1,6773.0,1,6775.0,1,6778.0,1,6780.0,18,6789.0,1,6791.0,1,6795.0,1,6796.0,1,6777.0
AP411,,13:42:57.0#,6717.0,6800.0,6710.0,7351.0,6137.0,3376,14146,6771.0,2,6772.0,1,6773.0,1,6775.0,1,6777.0,1,6778.0,1,6780.0,11,6789.0,1,6791.0,1,6795.0,1,6777.0
AP411,,13:42:57.250#,6717.0,6800.0,6710.0,7351.0,6137.0,3376,14146,6771.0,2,6772.0,1,6773.0,1,6775.0,1,6776.0,1,6780.0,18,6789.0,1,6791.0,1,6795.0,1,6796.0,1,6777.0
AP411,,13:42:57.750#,6717.0,6800.0,6710.0,7351.0,6137.0,3376,14146,6771.0,2,6772.0,1,6773.0,1,6775.0,1,6776.0,1,6779.0,7,6780.0,11,6789.0,1,6791.0,1,6795.0,1,6777.0
AP411,,13:42:58.250#,6717.0,6800.0,6710.0,7351.0,6137.0,3376,14146,6771.0,2,6772.0,1,6773.0,1,6775.0,1,6776.0,1,6780.0,18,6789.0,1,6791.0,1,6795.0,1,6796.0,1,6777.0
AP411,,13:42:58.500#,6717.0,6800.0,6710.0,7351.0,6137.0,3376,14146,6771.0,2,6772.0,1,6773.0,1,6775.0,1,6776.0,1,6779.0,1,6780.0,11,6789.0,1,6791.0,1,6795.0,1,6777.0
AP411,,13:42:58.750#,6717.0,6800.0,6710.0,7351.0,6137.0,3376,14146,6771.0,2,6772.0,1,6773.0,1,6775.0,1,6776.0,1,6779.0,5,6780.0,11,6789.0,1,6791.0,1,6795.0,1,6777.0
AP411,,13:42:59.0#,6717.0,6800.0,6710.0,7351.0,6137.0,3376,14146,6771.0,2,6772.0,1,6773.0,1,6775.0,1,6776.0,1,6779.0,7,6780.0,11,6789.0,1,6791.0,1,6795.0,1,6777.0
AP411,,13:43:00.500#,6717.0,6800.0,6710.0,7351.0,6137.0,3376,14146,6771.0,2,6772.0,1,6773.0,1,6775.0,1,6776.0,1,6779.0,4,6780.0,11,6789.0,1,6791.0,1,6795.0,1,6777.0
AP411,,13:43:00.750#,6717.0,6800.0,6710.0,7351.0,6137.0,3376,14146,6768.0,1,6771.0,2,6772.0,1,6773.0,1,6775.0,1,6779.0,4,6780.0,11,6789.0,1,6791.0,1,6795.0,1,6777.0
AP411,,13:43:01.0#,6717.0,6800.0,6710.0,7351.0,6137.0,3378,14148,6771.0,2,6772.0,1,6773.0,1,6775.0,1,6779.0,3,6780.0,13,6789.0,1,6791.0,1,6795.0,1,6796.0,1,6779.0
AP411,,13:43:01.250#,6717.0,6800.0,6710.0,7351.0,6137.0,3378,14148,6771.0,2,6772.0,1,6773.0,1,6775.0,1,6779.0,3,6780.0,12,6789.0,1,6791.0,1,6795.0,1,6796.0,1,6779.0
AP411,,13:43:01.500#,6717.0,6800.0,6710.0,7351.0,6137.0,3378,14148,6771.0,2,6772.0,1,6773.0,1,6775.0,1,6779.0,3,6780.0,11,6789.0,1,6791.0,1,6795.0,1,6796.0,1,6779.0
AP411,,13:43:02.0#,6717.0,6800.0,6710.0,7351.0,6137.0,3378,14148,6771.0,2,6772.0,1,6773.0,1,6775.0,1,6779.0,3,6780.0,11,6789.0,1,6791.0,1,6795.0,1,6796.0,1,6779.0
AP411,,13:43:03.250#,6717.0,6800.0,6710.0,7351.0,6137.0,3379,14148,6771.0,2,6772.0,1,6773.0,1,6775.0,1,6779.0,2,6780.0,17,6789.0,1,6791.0,1,6795.0,1,6796.0,1,6779.0
AP411,,13:43:03.500#,6717.0,6800.0,6710.0,7351.0,6137.0,3380,14149,6771.0,2,6772.0,1,6773.0,1,6775.0,1,6779.0,1,6780.0,17,6789.0,1,6791.0,1,6795.0,1,6796.0,1,6779.0
AP411,,13:43:03.750#,6717.0,6800.0,6710.0,7351.0,6137.0,3380,14149,6771.0,2,6772.0,1,6773.0,1,6775.0,1,6779.0,1,6780.0,17,6789.0,1,6791.0,1,6795.0,1,6796.0,1,6779.0
AP411,,13:43:04.0#,6717.0,6800.0,6710.0,7351.0,6137.0,3380,14149,6771.0,2,6772.0,1,6773.0,1,6775.0,1,6779.0,1,6780.0,11,6789.0,1,6791.0,1,6795.0,1,6796.0,1,6779.0
AP411,,13:43:04.250#,6717.0,6800.0,6710.0,7351.0,6137.0,3380,14149,6771.0,2,6772.0,1,6773.0,1,6775.0,1,6779.0,1,6780.0,11,6789.0,1,6791.0,1,6795.0,1,6796.0,1,6779.0
AP411,,13:43:06.250#,6717.0,6800.0,6710.0,7351.0,6137.0,3385,14144,6771.0,2,6772.0,1,6773.0,1,6775.0,1,6779.0,1,6780.0,6,6789.0,1,6791.0,1,6795.0,1,6796.0,1,6780.0
AP411,,13:43:09.750#,6717.0,6800.0,6710.0,7351.0,6137.0,3385,14144,6771.0,2,6772.0,1,6773.0,1,6775.0,1,6779.0,1,6780.0,6,6789.0,1,6791.0,1,6795.0,1,6796.0,1,6780.0
AP411,,13:43:11.0#,6717.0,6800.0,6710.0,7351.0,6137.0,3390,14144,6771.0,2,6772.0,1,6773.0,1,6775.0,1,6779.0,1,6780.0,1,6789.0,1,6791.0,1,6795.0,1,6796.0,1,6780.0
AP411,,13:43:11.250#,6717.0,6800.0,6710.0,7351.0,6137.0,3391,14144,6771.0,2,6772.0,1,6773.0,1,6775.0,1,6779.0,1,6783.0,1,6789.0,1,6791.0,1,6795.0,1,6796.0,1,6780.0
AP411,,13:43:11.500#,6717.0,6800.0,6710.0,7351.0,6137.0,3391,14144,6771.0,2,6772.0,1,6773.0,1,6775.0,1,6779.0,3,6782.0,3,6789.0,1,6791.0,1,6795.0,1,6796.0,1,6780.0
AP411,,13:43:11.750#,6717.0,6800.0,6710.0,7351.0,6137.0,3391,14144,6771.0,2,6772.0,1,6773.0,1,6775.0,1,6779.0,3,6783.0,2,6789.0,1,6791.0,1,6795.0,1,6796.0,1,6780.0
AP411,,13:43:12.0#,6717.0,6800.0,6710.0,7351.0,6137.0,3391,14144,6771.0,2,6772.0,1,6773.0,1,6775.0,1,6779.0,3,6783.0,3,6789.0,1,6791.0,1,6795.0,1,6796.0,1,6780.0
AP411,,13:43:12.250#,6717.0,6800.0,6710.0,7351.0,6137.0,3391,14144,6771.0,2,6772.0,1,6773.0,1,6775.0,1,6779.0,3,6783.0,4,6789.0,1,6791.0,1,6795.0,1,6796.0,1,6780.0
AP411,,13:43:12.500#,6717.0,6800.0,6710.0,7351.0,6137.0,3391,14144,6771.0,2,6772.0,1,6773.0,1,6775.0,1,6779.0,3,6783.0,1,6789.0,1,6791.0,1,6795.0,1,6796.0,1,6780.0
AP411,,13:43:12.750#,6717.0,6800.0,6710.0,7351.0,6137.0,3391,14144,6771.0,2,6772.0,1,6773.0,1,6775.0,1,6779.0,3,6784.0,6,6789.0,1,6791.0,1,6795.0,1,6796.0,1,6780.0
AP411,,13:43:13.250#,6717.0,6800.0,6710.0,7351.0,6137.0,3391,14144,6771.0,2,6772.0,1,6773.0,1,6775.0,1,6779.0,6,6784.0,6,6789.0,1,6791.0,1,6795.0,1,6796.0,1,6780.0
AP411,,13:43:14.0#,6717.0,6800.0,6710.0,7351.0,6137.0,3391,14144,6771.0,2,6772.0,1,6773.0,1,6775.0,1,6779.0,6,6784.0,6,6789.0,1,6791.0,1,6795.0,1,6796.0,1,6780.0
AP411,,13:43:14.500#,6717.0,6800.0,6710.0,7351.0,6137.0,3391,14144,6772.0,1,6773.0,1,6775.0,1,6779.0,1,6780.0,1,6785.0,1,6789.0,1,6791.0,1,6795.0,1,6796.0,1,6780.0
AP411,,13:43:14.750#,6717.0,6800.0,6710.0,7351.0,6137.0,3391,14144,6772.0,1,6773.0,1,6775.0,1,6779.0,1,6780.0,1,6789.0,7,6791.0,1,6795.0,1,6796.0,1,6797.0,2,6780.0
AP411,,13:43:15.0#,6717.0,6800.0,6710.0,7351.0,6137.0,3391,14144,6772.0,1,6773.0,1,6775.0,1,6779.0,1,6780.0,4,6788.0,6,6789.0,1,6791.0,1,6795.0,1,6796.0,1,6780.0
AP411,,13:43:15.250#,6717.0,6800.0,6710.0,7351.0,6137.0,3391,14144,6772.0,1,6773.0,1,6775.0,1,6779.0,1,6780.0,4,6787.0,4,6789.0,1,6791.0,1,6795.0,1,6796.0,1,6780.0
AP411,,13:43:15.500#,6717.0,6800.0,6710.0,7351.0,6137.0,3391,14144,6772.0,1,6773.0,1,6775.0,1,6779.0,1,6780.0,4,6786.0,6,6789.0,1,6791.0,1,6795.0,1,6796.0,1,6780.0
AP411,,13:43:15.750#,6717.0,6800.0,6710.0,7351.0,6137.0,3391,14144,6772.0,1,6773.0,1,6775.0,1,6779.0,1,6780.0,2,6786.0,6,6789.0,1,6791.0,1,6795.0,1,6796.0,1,6780.0
AP411,,13:43:16.0#,6717.0,6800.0,6710.0,7351.0,6137.0,3391,14144,6772.0,1,6773.0,1,6775.0,1,6779.0,1,6780.0,3,6786.0,5,6789.0,1,6791.0,1,6795.0,1,6796.0,1,6780.0
AP411,,13:43:16.250#,6717.0,6800.0,6710.0,7351.0,6137.0,3391,14144,6772.0,1,6773.0,1,6775.0,1,6779.0,1,6780.0,3,6786.0,4,6789.0,1,6791.0,1,6795.0,1,6796.0,1,6780.0
AP411,,13:43:16.500#,6717.0,6800.0,6710.0,7351.0,6137.0,3391,14144,6772.0,1,6773.0,1,6775.0,1,6779.0,1,6781.0,1,6786.0,4,6789.0,1,6791.0,1,6795.0,1,6796.0,1,6780.0
AP411,,13:43:16.750#,6717.0,6800.0,6710.0,7351.0,6137.0,3391,14144,6772.0,1,6773.0,1,6775.0,1,6779.0,1,6782.0,3,6787.0,6,6789.0,1,6791.0,1,6795.0,1,6796.0,1,6780.0
AP411,,13:43:17.250#,6717.0,6800.0,6710.0,7351.0,6137.0,3391,14144,6772.0,1,6773.0,1,6775.0,1,6779.0,1,6780.0,3,6786.0,1,6789.0,1,6791.0,1,6795.0,1,6796.0,1,6780.0
AP411,,13:43:17.500#,6717.0,6800.0,6710.0,7351.0,6137.0,3391,14144,6772.0,1,6773.0,1,6775.0,1,6779.0,1,6780.0,3,6786.0,3,6789.0,1,6791.0,1,6795.0,1,6796.0,1,6780.0
AP411,,13:43:17.750#,6717.0,6800.0,6710.0,7351.0,6137.0,3391,14144,6772.0,1,6773.0,1,6775.0,1,6779.0,1,6780.0,3,6785.0,4,6789.0,1,6791.0,1,6795.0,1,6796.0,1,6780.0
AP411,,13:43:18.0#,6717.0,6800.0,6710.0,7351.0,6137.0,3391,14144,6772.0,1,6773.0,1,6775.0,1,6779.0,1,6780.0,3,6786.0,4,6789.0,1,6791.0,1,6795.0,1,6796.0,1,6780.0
AP411,,13:43:18.250#,6717.0,6800.0,6710.0,7351.0,6137.0,3391,14144,6772.0,1,6773.0,1,6775.0,1,6779.0,1,6780.0,3,6785.0,4,6789.0,1,6791.0,1,6795.0,1,6796.0,1,6780.0
AP411,,13:43:18.500#,6717.0,6800.0,6710.0,7351.0,6137.0,3391,14144,6772.0,1,6773.0,1,6775.0,1,6779.0,1,6780.0,3,6786.0,2,6789.0,1,6791.0,1,6795.0,1,6796.0,1,6780.0
AP411,,13:43:18.750#,6717.0,6800.0,6710.0,7351.0,6137.0,3391,14144,6772.0,1,6773.0,1,6775.0,1,6779.0,1,6780.0,3,6786.0,4,6789.0,1,6791.0,1,6795.0,1,6796.0,1,6780.0
AP411,,13:43:19.0#,6717.0,6800.0,6710.0,7351.0,6137.0,3391,14144,6772.0,1,6773.0,1,6775.0,1,6779.0,1,6780.0,3,6785.0,4,6789.0,1,6791.0,1,6795.0,1,6796.0,1,6780.0
AP411,,13:43:19.250#,6717.0,6800.0,6710.0,7351.0,6137.0,3391,14144,6772.0,1,6773.0,1,6775.0,1,6779.0,1,6780.0,3,6787.0,6,6789.0,1,6791.0,1,6795.0,1,6796.0,1,6780.0
AP411,,13:43:19.500#,6717.0,6800.0,6710.0,7351.0,6137.0,3391,14144,6772.0,1,6773.0,1,6775.0,1,6779.0,1,6782.0,1,6787.0,6,6789.0,1,6791.0,1,6795.0,1,6796.0,1,6780.0
AP411,,13:43:20.500#,6717.0,6800.0,6710.0,7351.0,6137.0,3391,14144,6772.0,1,6773.0,1,6775.0,1,6779.0,1,6782.0,2,6787.0,6,6789.0,1,6791.0,1,6795.0,1,6796.0,1,6780.0
AP411,,13:43:20.750#,6717.0,6800.0,6710.0,7351.0,6137.0,3391,14144,6772.0,1,6773.0,1,6775.0,1,6779.0,1,6782.0,3,6787.0,6,6789.0,1,6791.0,1,6795.0,1,6796.0,1,6780.0
AP411,,13:43:21.0#,6717.0,6800.0,6710.0,7351.0,6137.0,3391,14144,6772.0,1,6773.0,1,6775.0,1,6779.0,1,6782.0,3,6788.0,3,6789.0,1,6791.0,1,6795.0,1,6796.0,1,6780.0
AP411,,13:43:21.250#,6717.0,6800.0,6710.0,7351.0,6137.0,3391,14144,6772.0,1,6773.0,1,6775.0,1,6779.0,1,6782.0,3,6788.0,6,6789.0,1,6791.0,1,6795.0,1,6796.0,1,6780.0
AP411,,13:43:23.750#,6717.0,6800.0,6710.0,7351.0,6137.0,3391,14144,6772.0,1,6773.0,1,6775.0,1,6779.0,1,6782.0,3,6788.0,3,6789.0,1,6791.0,1,6795.0,1,6796.0,1,6780.0
AP411,,13:43:24.250#,6717.0,6800.0,6710.0,7351.0,6137.0,3391,14144,6773.0,1,6775.0,1,6779.0,1,6780.0,5,6782.0,3,6788.0,1,6789.0,1,6791.0,1,6795.0,1,6796.0,1,6780.0
AP411,,13:43:24.500#,6717.0,6800.0,6710.0,7351.0,6137.0,3391,14144,6773.0,1,6775.0,1,6779.0,1,6780.0,5,6782.0,3,6788.0,4,6789.0,1,6791.0,1,6795.0,1,6796.0,1,6780.0
AP411,,13:43:27.250#,6717.0,6800.0,6710.0,7351.0,6137.0,3391,14144,6773.0,1,6775.0,1,6779.0,1,6780.0,5,6783.0,1,6788.0,4,6789.0,1,6791.0,1,6795.0,1,6796.0,1,6780.0
AP411,,13:43:27.500#,6717.0,6800.0,6710.0,7351.0,6137.0,3391,14144,6773.0,1,6775.0,1,6779.0,1,6780.0,5,6782.0,3,6787.0,1,6789.0,1,6791.0,1,6795.0,1,6796.0,1,6780.0
AP411,,13:43:29.0#,6717.0,6800.0,6710.0,7351.0,6137.0,3391,14144,6773.0,1,6775.0,1,6779.0,1,6780.0,5,6782.0,3,6788.0,3,6789.0,1,6791.0,1,6795.0,1,6796.0,1,6780.0
AP411,,13:43:29.250#,6717.0,6800.0,6710.0,7351.0,6137.0,3391,14144,6773.0,1,6775.0,1,6779.0,1,6780.0,5,6782.0,3,6788.0,8,6789.0,1,6791.0,1,6795.0,1,6796.0,1,6780.0
AP411,,13:43:29.500#,6717.0,6800.0,6710.0,7351.0,6137.0,3394,14144,6773.0,1,6775.0,1,6779.0,1,6780.0,5,6781.0,1,6782.0,7,6788.0,5,6789.0,1,6791.0,1,6795.0,1,6782.0
AP411,,13:43:29.750#,6717.0,6800.0,6710.0,7351.0,6137.0,3394,14144,6773.0,1,6775.0,1,6779.0,1,6780.0,5,6781.0,3,6782.0,7,6788.0,5,6789.0,1,6791.0,1,6795.0,1,6782.0
AP411,,13:43:30.0#,6717.0,6800.0,6710.0,7351.0,6137.0,3395,14143,6773.0,1,6775.0,1,6779.0,1,6780.0,5,6781.0,4,6782.0,6,6788.0,5,6789.0,1,6791.0,1,6795.0,1,6782.0
AP411,,13:43:30.250#,6717.0,6800.0,6710.0,7351.0,6137.0,3396,14143,6773.0,1,6775.0,1,6779.0,1,6780.0,5,6781.0,3,6782.0,5,6788.0,5,6789.0,1,6791.0,1,6795.0,1,6782.0
AP411,,13:43:30.750#,6717.0,6800.0,6710.0,7351.0,6137.0,3401,14140,6773.0,1,6775.0,1,6779.0,1,6780.0,5,6782.0,1,6788.0,11,6789.0,1,6791.0,1,6795.0,1,6796.0,1,6782.0
AP411,,13:43:31.0#,6717.0,6800.0,6710.0,7351.0,6137.0,3401,14140,6773.0,1,6775.0,1,6779.0,1,6780.0,5,6782.0,1,6788.0,11,6789.0,1,6791.0,1,6797.0,2,6798.0,9,6782.0
AP411,,13:43:31.250#,6717.0,6800.0,6710.0,7351.0,6137.0,3401,14140,6772.0,1,6773.0,1,6775.0,1,6779.0,1,6780.0,6,6786.0,1,6788.0,5,6789.0,1,6791.0,1,6797.0,2,6782.0
AP411,,13:43:31.750#,6717.0,6800.0,6710.0,7351.0,6137.0,3401,14140,6772.0,1,6773.0,1,6775.0,1,6779.0,1,6780.0,6,6787.0,6,6788.0,5,6789.0,1,6791.0,1,6797.0,2,6782.0
AP411,,13:43:34.250#,6717.0,6800.0,6710.0,7351.0,6137.0,3401,14140,6772.0,1,6773.0,1,6775.0,1,6779.0,1,6780.0,6,6786.0,1,6788.0,5,6789.0,1,6791.0,1,6797.0,2,6782.0
AP411,,13:43:38.0#,6717.0,6800.0,6710.0,7351.0,6137.0,3401,14140,6772.0,1,6773.0,1,6775.0,1,6779.0,1,6780.0,6,6785.0,1,6788.0,5,6789.0,1,6791.0,1,6797.0,2,6782.0
AP411,,13:43:39.0#,6717.0,6800.0,6710.0,7351.0,6137.0,3401,14140,6772.0,1,6773.0,1,6775.0,1,6779.0,1,6780.0,6,6786.0,1,6788.0,5,6789.0,1,6791.0,1,6797.0,2,6782.0
AP411,,13:43:39.250#,6717.0,6800.0,6710.0,7351.0,6137.0,3401,14140,6772.0,1,6773.0,1,6775.0,1,6779.0,1,6780.0,6,6785.0,3,6788.0,5,6789.0,1,6791.0,1,6797.0,2,6782.0
AP411,,13:43:39.750#,6717.0,6800.0,6710.0,7351.0,6137.0,3401,14140,6772.0,1,6773.0,1,6775.0,1,6779.0,1,6780.0,6,6784.0,1,6788.0,5,6789.0,1,6791.0,1,6797.0,2,6782.0
AP411,,13:43:40.250#,6717.0,6800.0,6710.0,7351.0,6137.0,3401,14140,6773.0,1,6775.0,1,6779.0,1,6780.0,5,6781.0,1,6784.0,1,6788.0,5,6789.0,1,6791.0,1,6797.0,2,6782.0
AP411,,13:43:41.500#,6717.0,6800.0,6710.0,7351.0,6137.0,3401,14140,6773.0,1,6775.0,1,6779.0,1,6780.0,5,6781.0,1,6785.0,3,6788.0,5,6789.0,1,6791.0,1,6797.0,2,6782.0
AP411,,13:43:46.250#,6717.0,6800.0,6710.0,7351.0,6137.0,3401,14140,6773.0,1,6775.0,1,6779.0,1,6780.0,5,6781.0,2,6785.0,3,6788.0,5,6789.0,1,6791.0,1,6797.0,2,6782.0
AP411,,13:43:46.500#,6717.0,6800.0,6710.0,7351.0,6137.0,3401,14140,6773.0,1,6775.0,1,6779.0,1,6780.0,5,6781.0,3,6785.0,3,6788.0,5,6789.0,1,6791.0,1,6797.0,2,6782.0
AP411,,13:43:47.750#,6717.0,6800.0,6710.0,7351.0,6137.0,3401,14140,6773.0,1,6775.0,1,6779.0,1,6780.0,5,6781.0,3,6783.0,3,6788.0,5,6789.0,1,6791.0,1,6797.0,2,6782.0
AP411,,13:43:48.0#,6717.0,6800.0,6710.0,7351.0,6137.0,3401,14140,6773.0,1,6775.0,1,6779.0,1,6780.0,5,6781.0,2,6784.0,1,6788.0,5,6789.0,1,6791.0,1,6797.0,2,6782.0
AP411,,13:43:48.250#,6717.0,6800.0,6710.0,7351.0,6137.0,3401,14140,6773.0,1,6775.0,1,6779.0,1,6780.0,5,6781.0,2,6785.0,3,6788.0,5,6789.0,1,6791.0,1,6797.0,2,6782.0
AP411,,13:43:48.500#,6717.0,6800.0,6710.0,7351.0,6137.0,3402,14141,6773.0,1,6775.0,1,6779.0,1,6780.0,5,6781.0,2,6785.0,2,6788.0,5,6789.0,1,6791.0,1,6797.0,2,6784.0
AP411,,13:43:48.750#,6717.0,6800.0,6710.0,7351.0,6137.0,3402,14141,6773.0,1,6775.0,1,6779.0,1,6780.0,5,6781.0,3,6785.0,2,6788.0,5,6789.0,1,6791.0,1,6797.0,2,6784.0
AP411,,13:43:52.500#,6717.0,6800.0,6710.0,7351.0,6137.0,3402,14141,6775.0,1,6779.0,1,6780.0,5,6781.0,1,6782.0,2,6785.0,2,6788.0,5,6789.0,1,6791.0,1,6797.0,2,6784.0
AP411,,13:43:52.750#,6717.0,6800.0,6710.0,7351.0,6137.0,3402,14141,6775.0,1,6779.0,1,6780.0,5,6781.0,1,6783.0,2,6786.0,2,6788.0,5,6789.0,1,6791.0,1,6797.0,2,6784.0
AP411,,13:43:54.0#,6717.0,6800.0,6710.0,7351.0,6137.0,3402,14141,6775.0,1,6779.0,1,6780.0,5,6781.0,1,6783.0,2,6786.0,2,6788.0,5,6789.0,1,6791.0,1,6797.0,2,6784.0
AP411,,13:43:54.500#,6717.0,6800.0,6710.0,7351.0,6137.0,3402,14141,6775.0,1,6779.0,1,6780.0,5,6781.0,1,6783.0,2,6785.0,2,6788.0,5,6789.0,1,6791.0,1,6797.0,2,6784.0
AP411,,13:43:54.750#,6717.0,6800.0,6710.0,7351.0,6137.0,3402,14141,6775.0,1,6779.0,1,6780.0,5,6781.0,1,6783.0,2,6785.0,2,6788.0,5,6789.0,1,6791.0,1,6797.0,2,6784.0
AP411,,13:43:55.250#,6717.0,6800.0,6710.0,7351.0,6137.0,3402,14141,6775.0,1,6779.0,1,6780.0,5,6781.0,1,6782.0,1,6785.0,2,6788.0,5,6789.0,1,6791.0,1,6797.0,2,6784.0
AP411,,13:43:56.250#,6717.0,6800.0,6710.0,7351.0,6137.0,3402,14141,6775.0,1,6779.0,1,6780.0,5,6781.0,1,6782.0,2,6786.0,2,6788.0,5,6789.0,1,6791.0,1,6797.0,2,6784.0
AP411,,13:43:58.500#,6717.0,6800.0,6710.0,7351.0,6137.0,3402,14141,6775.0,1,6779.0,1,6780.0,5,6781.0,1,6782.0,3,6786.0,2,6788.0,5,6789.0,1,6791.0,1,6797.0,2,6784.0
AP411,,13:43:59.0#,6717.0,6800.0,6710.0,7351.0,6137.0,3402,14141,6775.0,1,6779.0,1,6780.0,5,6781.0,1,6782.0,2,6785.0,2,6788.0,5,6789.0,1,6791.0,1,6797.0,2,6784.0
AP411,,13:43:59.500#,6717.0,6800.0,6710.0,7351.0,6137.0,3402,14141,6775.0,1,6779.0,1,6780.0,5,6781.0,1,6782.0,1,6785.0,2,6788.0,5,6789.0,1,6791.0,1,6797.0,2,6784.0
AP411,,13:44:00.750#,6717.0,6800.0,6710.0,7351.0,6137.0,3402,14141,6775.0,1,6779.0,1,6780.0,5,6781.0,1,6782.0,1,6786.0,2,6788.0,5,6789.0,1,6791.0,1,6797.0,2,6784.0
AP411,,13:44:02.0#,6717.0,6800.0,6710.0,7351.0,6137.0,3402,14141,6775.0,1,6779.0,1,6780.0,5,6781.0,1,6782.0,1,6785.0,2,6788.0,5,6789.0,1,6791.0,1,6797.0,2,6784.0
AP411,,13:44:05.0#,6717.0,6800.0,6710.0,7351.0,6137.0,3402,14141,6775.0,1,6779.0,1,6780.0,5,6781.0,1,6782.0,2,6786.0,2,6788.0,5,6789.0,1,6791.0,1,6797.0,2,6784.0
AP411,,13:44:12.0#,6717.0,6800.0,6710.0,7351.0,6137.0,3402,14141,6775.0,1,6779.0,1,6780.0,5,6781.0,1,6782.0,2,6784.0,2,6788.0,5,6789.0,1,6791.0,1,6797.0,2,6784.0
AP411,,13:44:12.250#,6717.0,6800.0,6710.0,7351.0,6137.0,3402,14141,6775.0,1,6779.0,1,6780.0,5,6781.0,1,6782.0,1,6784.0,2,6788.0,5,6789.0,1,6791.0,1,6797.0,2,6784.0
AP411,,13:44:13.0#,6717.0,6800.0,6710.0,7351.0,6137.0,3402,14141,6775.0,1,6779.0,1,6780.0,5,6781.0,1,6782.0,1,6783.0,1,6788.0,5,6789.0,1,6791.0,1,6797.0,2,6784.0
AP411,,13:44:13.250#,6717.0,6800.0,6710.0,7351.0,6137.0,3402,14141,6775.0,1,6779.0,1,6780.0,5,6781.0,1,6782.0,1,6784.0,2,6788.0,5,6789.0,1,6791.0,1,6797.0,2,6784.0
AP411,,13:44:15.0#,6717.0,6800.0,6710.0,7351.0,6137.0,3402,14141,6775.0,1,6779.0,1,6780.0,5,6781.0,1,6782.0,1,6784.0,1,6788.0,5,6789.0,1,6791.0,1,6797.0,2,6784.0
AP411,,13:44:15.500#,6717.0,6800.0,6710.0,7351.0,6137.0,3402,14141,6775.0,1,6779.0,1,6780.0,5,6781.0,1,6782.0,1,6786.0,2,6788.0,5,6789.0,1,6791.0,1,6797.0,2,6784.0
AP411,,13:44:19.250#,6717.0,6800.0,6710.0,7351.0,6137.0,3402,14141,6775.0,1,6779.0,1,6780.0,5,6781.0,1,6782.0,1,6786.0,1,6788.0,5,6789.0,1,6791.0,1,6797.0,2,6784.0
AP411,,13:44:19.500#,6717.0,6800.0,6710.0,7351.0,6137.0,3402,14141,6775.0,1,6779.0,1,6780.0,5,6781.0,1,6782.0,2,6787.0,2,6788.0,5,6789.0,1,6791.0,1,6797.0,2,6784.0
AP411,,13:44:20.250#,6717.0,6800.0,6710.0,7351.0,6137.0,3402,14141,6779.0,1,6780.0,5,6781.0,1,6782.0,1,6783.0,1,6787.0,2,6788.0,5,6789.0,1,6791.0,1,6797.0,2,6784.0
AP411,,13:44:23.500#,6717.0,6800.0,6710.0,7351.0,6137.0,3402,14141,6779.0,1,6780.0,5,6781.0,1,6782.0,1,6784.0,1,6788.0,7,6789.0,1,6791.0,1,6797.0,2,6798.0,8,6784.0
AP411,,13:44:23.750#,6717.0,6800.0,6710.0,7351.0,6137.0,3402,14141,6779.0,1,6780.0,5,6781.0,1,6782.0,1,6784.0,1,6788.0,6,6789.0,1,6791.0,1,6797.0,2,6798.0,8,6784.0
AP411,,13:44:24.500#,6717.0,6800.0,6710.0,7351.0,6137.0,3402,14141,6779.0,1,6780.0,5,6781.0,1,6782.0,1,6784.0,1,6788.0,7,6789.0,1,6791.0,1,6797.0,2,6798.0,8,6784.0
AP411,,13:44:26.250#,6717.0,6800.0,6710.0,7351.0,6137.0,3402,14141,6779.0,1,6780.0,5,6781.0,1,6782.0,1,6785.0,1,6788.0,5,6789.0,1,6791.0,1,6797.0,2,6798.0,8,6784.0
AP411,,13:44:26.500#,6717.0,6800.0,6710.0,7351.0,6137.0,3402,14141,6779.0,1,6780.0,5,6781.0,1,6782.0,1,6783.0,1,6787.0,2,6788.0,5,6789.0,1,6791.0,1,6797.0,2,6784.0
AP411,,13:44:26.750#,6717.0,6800.0,6710.0,7351.0,6137.0,3402,14141,6780.0,5,6781.0,1,6782.0,1,6783.0,1,6784.0,1,6788.0,5,6789.0,1,6791.0,1,6797.0,2,6798.0,8,6784.0
AP411,,13:44:27.250#,6717.0,6800.0,6710.0,7351.0,6137.0,3402,14141,6780.0,5,6781.0,1,6782.0,1,6783.0,1,6784.0,1,6788.0,5,6789.0,1,6791.0,1,6797.0,2,6798.0,8,6784.0
AP411,,13:44:27.750#,6717.0,6800.0,6710.0,7351.0,6137.0,3402,14141,6780.0,5,6781.0,1,6782.0,1,6783.0,1,6785.0,1,6788.0,5,6789.0,1,6791.0,1,6797.0,2,6798.0,8,6784.0
AP411,,13:44:28.250#,6717.0,6800.0,6710.0,7351.0,6137.0,3402,14141,6780.0,5,6781.0,1,6782.0,1,6783.0,1,6785.0,1,6788.0,5,6789.0,1,6791.0,1,6797.0,2,6798.0,8,6784.0
AP411,,13:44:34.0#,6717.0,6800.0,6710.0,7351.0,6137.0,3402,14141,6780.0,5,6781.0,1,6782.0,1,6783.0,1,6786.0,1,6788.0,5,6789.0,1,6791.0,1,6797.0,2,6798.0,8,6784.0
AP411,,13:44:34.250#,6717.0,6800.0,6710.0,7351.0,6137.0,3402,14141,6780.0,5,6781.0,1,6782.0,1,6783.0,1,6785.0,1,6788.0,6,6789.0,1,6791.0,1,6797.0,2,6798.0,8,6784.0
AP411,,13:44:34.500#,6717.0,6800.0,6710.0,7351.0,6137.0,3402,14141,6780.0,5,6781.0,1,6782.0,1,6783.0,1,6785.0,1,6788.0,6,6789.0,1,6791.0,1,6797.0,2,6798.0,8,6784.0
AP411,,13:44:35.500#,6717.0,6800.0,6710.0,7351.0,6137.0,3403,14140,6780.0,5,6781.0,1,6782.0,1,6783.0,1,6785.0,2,6788.0,5,6789.0,1,6791.0,1,6797.0,2,6798.0,8,6785.0
AP411,,13:44:35.750#,6717.0,6800.0,6710.0,7351.0,6137.0,3403,14140,6780.0,5,6781.0,1,6782.0,1,6783.0,1,6786.0,2,6788.0,5,6789.0,1,6791.0,1,6797.0,2,6798.0,8,6785.0
AP411,,13:44:36.0#,6717.0,6800.0,6710.0,7351.0,6137.0,3403,14140,6780.0,5,6781.0,1,6782.0,1,6783.0,1,6785.0,2,6788.0,5,6789.0,1,6791.0,1,6797.0,2,6798.0,8,6785.0
AP411,,13:44:36.500#,6717.0,6800.0,6710.0,7351.0,6137.0,3403,14140,6780.0,5,6781.0,1,6782.0,1,6783.0,1,6786.0,1,6788.0,5,6789.0,1,6791.0,1,6797.0,2,6798.0,8,6785.0
AP411,,13:44:36.750#,6717.0,6800.0,6710.0,7351.0,6137.0,3403,14140,6779.0,1,6781.0,1,6782.0,1,6783.0,1,6785.0,2,6788.0,5,6789.0,1,6791.0,1,6797.0,2,6798.0,8,6785.0
AP411,,13:44:37.0#,6717.0,6800.0,6710.0,7351.0,6137.0,3406,14140,6779.0,1,6781.0,1,6782.0,1,6783.0,1,6785.0,2,6788.0,2,6789.0,1,6791.0,1,6797.0,2,6798.0,8,6788.0
AP411,,13:44:37.750#,6717.0,6800.0,6710.0,7351.0,6137.0,3408,14140,6779.0,1,6781.0,1,6782.0,1,6783.0,1,6784.0,4,6785.0,1,6788.0,2,6789.0,1,6791.0,1,6797.0,2,6785.0
AP411,,13:44:38.0#,6717.0,6800.0,6710.0,7351.0,6137.0,3409,14141,6779.0,1,6781.0,1,6782.0,1,6783.0,1,6784.0,1,6788.0,2,6789.0,1,6791.0,1,6797.0,2,6798.0,8,6785.0
AP411,,13:44:38.250#,6717.0,6800.0,6710.0,7351.0,6137.0,3409,14141,6775.0,1,6779.0,1,6781.0,1,6782.0,1,6783.0,6,6788.0,4,6789.0,1,6791.0,1,6797.0,2,6798.0,8,6785.0
AP411,,13:44:40.500#,6717.0,6800.0,6710.0,7351.0,6137.0,3409,14141,6775.0,1,6779.0,1,6781.0,1,6782.0,1,6783.0,6,6788.0,3,6789.0,1,6791.0,1,6797.0,2,6798.0,8,6785.0
AP411,,13:44:43.250#,6717.0,6800.0,6710.0,7351.0,6137.0,3409,14141,6779.0,1,6781.0,1,6782.0,1,6783.0,1,6784.0,1,6788.0,2,6789.0,1,6791.0,1,6797.0,2,6798.0,8,6785.0
AP411,,13:44:43.500#,6717.0,6800.0,6710.0,7351.0,6137.0,3409,14141,6779.0,1,6781.0,1,6782.0,1,6783.0,1,6784.0,2,6788.0,2,6789.0,1,6791.0,1,6797.0,2,6798.0,8,6785.0
AP411,,13:44:44.750#,6717.0,6800.0,6710.0,7351.0,6137.0,3409,14141,6779.0,1,6781.0,1,6782.0,1,6783.0,1,6784.0,4,6788.0,2,6789.0,1,6791.0,1,6797.0,2,6798.0,8,6785.0
AP411,,13:44:46.250#,6717.0,6800.0,6710.0,7351.0,6137.0,3409,14141,6779.0,1,6781.0,1,6782.0,1,6783.0,1,6784.0,3,6788.0,2,6789.0,1,6791.0,1,6797.0,2,6798.0,8,6785.0
AP411,,13:44:47.0#,6717.0,6800.0,6710.0,7351.0,6137.0,3409,14141,6775.0,1,6779.0,1,6781.0,1,6782.0,1,6783.0,6,6788.0,4,6789.0,1,6791.0,1,6797.0,2,6798.0,8,6785.0
AP411,,13:44:51.0#,6717.0,6800.0,6710.0,7351.0,6137.0,3409,14141,6775.0,1,6779.0,1,6781.0,1,6782.0,1,6783.0,6,6788.0,3,6789.0,1,6791.0,1,6797.0,2,6798.0,8,6785.0
AP411,,13:44:52.500#,6717.0,6800.0,6710.0,7351.0,6137.0,3409,14141,6775.0,1,6779.0,1,6781.0,1,6782.0,1,6783.0,6,6788.0,4,6789.0,1,6791.0,1,6797.0,2,6798.0,8,6785.0
AP411,,13:44:55.250#,6717.0,6800.0,6710.0,7351.0,6137.0,3409,14141,6775.0,1,6779.0,1,6781.0,1,6782.0,1,6783.0,1,6787.0,1,6788.0,2,6789.0,1,6791.0,1,6797.0,2,6785.0
AP411,,13:44:55.500#,6717.0,6800.0,6710.0,7351.0,6137.0,3409,14141,6773.0,1,6775.0,1,6779.0,1,6781.0,1,6782.0,4,6787.0,1,6788.0,2,6789.0,1,6791.0,1,6797.0,2,6785.0
AP411,,13:44:55.750#,6717.0,6800.0,6710.0,7351.0,6137.0,3409,14141,6773.0,1,6775.0,1,6779.0,1,6781.0,1,6782.0,4,6788.0,4,6789.0,1,6791.0,1,6797.0,2,6798.0,8,6785.0
AP411,,13:44:56.250#,6717.0,6800.0,6710.0,7351.0,6137.0,3409,14141,6773.0,1,6775.0,1,6779.0,1,6781.0,1,6782.0,4,6787.0,1,6788.0,2,6789.0,1,6791.0,1,6797.0,2,6785.0
AP411,,13:44:56.500#,6717.0,6800.0,6710.0,7351.0,6137.0,3409,14141,6773.0,1,6775.0,1,6779.0,1,6781.0,1,6782.0,2,6787.0,1,6788.0,2,6789.0,1,6791.0,1,6797.0,2,6785.0
AP411,,13:44:56.750#,6717.0,6800.0,6710.0,7351.0,6137.0,3409,14141,6773.0,1,6775.0,1,6779.0,1,6781.0,1,6782.0,3,6787.0,2,6788.0,2,6789.0,1,6791.0,1,6797.0,2,6785.0
AP411,,13:44:58.500#,6717.0,6800.0,6710.0,7351.0,6137.0,3409,14141,6773.0,1,6775.0,1,6779.0,1,6781.0,1,6782.0,3,6787.0,1,6788.0,2,6789.0,1,6791.0,1,6797.0,2,6785.0
AP411,,13:44:59.500#,6717.0,6800.0,6710.0,7351.0,6137.0,3409,14141,6773.0,1,6775.0,1,6779.0,1,6781.0,1,6782.0,3,6787.0,2,6788.0,2,6789.0,1,6791.0,1,6797.0,2,6785.0
AP411,,13:45:00.250#,6717.0,6800.0,6710.0,7351.0,6137.0,3409,14141,6773.0,1,6775.0,1,6779.0,1,6781.0,1,6782.0,6,6787.0,2,6788.0,2,6789.0,1,6791.0,1,6797.0,2,6785.0
AP411,,13:45:00.750#,6717.0,6800.0,6710.0,7351.0,6137.0,3409,14141,6773.0,1,6775.0,1,6779.0,1,6781.0,1,6782.0,6,6787.0,1,6788.0,2,6789.0,1,6791.0,1,6797.0,2,6785.0
AP411,,13:45:01.0#,6717.0,6800.0,6710.0,7351.0,6137.0,3409,14141,6773.0,1,6775.0,1,6779.0,1,6781.0,1,6782.0,6,6787.0,2,6788.0,2,6789.0,1,6791.0,1,6797.0,2,6785.0
AP411,,13:45:01.250#,6717.0,6800.0,6710.0,7351.0,6137.0,3409,14141,6775.0,1,6779.0,1,6781.0,1,6782.0,1,6783.0,4,6788.0,4,6789.0,1,6791.0,1,6797.0,2,6798.0,8,6785.0
AP411,,13:45:01.500#,6717.0,6800.0,6710.0,7351.0,6137.0,3409,14141,6775.0,1,6779.0,1,6781.0,1,6782.0,1,6783.0,4,6788.0,2,6789.0,1,6791.0,1,6797.0,2,6798.0,8,6785.0
AP411,,13:45:01.750#,6717.0,6800.0,6710.0,7351.0,6137.0,3413,14142,6775.0,1,6779.0,1,6781.0,1,6782.0,1,6783.0,1,6795.0,2,6797.0,2,6798.0,8,6799.0,4,6800.0,9,6791.0
AP411,,13:45:02.0#,6717.0,6800.0,6710.0,7351.0,6137.0,3413,14142,6775.0,1,6779.0,1,6781.0,1,6782.0,1,6784.0,2,6791.0,1,6797.0,2,6798.0,8,6799.0,4,6800.0,9,6791.0
AP411,,13:45:02.250#,6717.0,6800.0,6710.0,7351.0,6137.0,3413,14142,6779.0,1,6781.0,1,6782.0,1,6784.0,1,6785.0,1,6792.0,1,6797.0,2,6798.0,8,6799.0,4,6800.0,9,6791.0
AP411,,13:45:02.500#,6717.0,6800.0,6710.0,7351.0,6137.0,3413,14142,6781.0,1,6782.0,1,6784.0,1,6785.0,1,6786.0,1,6792.0,2,6797.0,2,6798.0,8,6799.0,4,6800.0,9,6791.0
AP411,,13:45:03.750#,6717.0,6800.0,6710.0,7351.0,6137.0,3413,14142,6781.0,1,6782.0,1,6784.0,1,6785.0,1,6786.0,2,6792.0,2,6797.0,2,6798.0,8,6799.0,4,6800.0,9,6791.0
AP411,,13:45:04.500#,6717.0,6800.0,6710.0,7351.0,6137.0,3413,14142,6782.0,1,6784.0,1,6785.0,1,6786.0,1,6787.0,1,6792.0,1,6797.0,2,6798.0,8,6799.0,4,6800.0,9,6791.0
AP411,,13:45:05.0#,6717.0,6800.0,6710.0,7351.0,6137.0,3413,14142,6782.0,1,6784.0,1,6785.0,1,6786.0,1,6787.0,1,6793.0,2,6797.0,2,6798.0,8,6799.0,4,6800.0,9,6791.0
AP411,,13:45:05.250#,6717.0,6800.0,6710.0,7351.0,6137.0,3413,14142,6782.0,1,6784.0,1,6785.0,1,6786.0,1,6788.0,1,6793.0,2,6797.0,2,6798.0,8,6799.0,4,6800.0,9,6791.0
AP411,,13:45:05.500#,6717.0,6800.0,6710.0,7351.0,6137.0,3413,14142,6782.0,1,6784.0,1,6785.0,1,6786.0,1,6788.0,1,6794.0,3,6797.0,2,6798.0,8,6799.0,4,6800.0,9,6791.0
AP411,,13:45:06.0#,6717.0,6800.0,6710.0,7351.0,6137.0,3413,14142,6782.0,1,6784.0,1,6785.0,1,6786.0,1,6788.0,1,6793.0,2,6797.0,2,6798.0,8,6799.0,4,6800.0,9,6791.0
AP411,,13:45:06.250#,6717.0,6800.0,6710.0,7351.0,6137.0,3413,14142,6782.0,1,6784.0,1,6785.0,1,6786.0,1,6788.0,1,6793.0,2,6797.0,2,6798.0,8,6799.0,4,6800.0,9,6791.0
AP411,,13:45:06.750#,6717.0,6800.0,6710.0,7351.0,6137.0,3413,14142,6782.0,1,6784.0,1,6785.0,1,6786.0,1,6788.0,1,6795.0,4,6797.0,2,6798.0,8,6799.0,4,6800.0,9,6791.0
AP411,,13:45:07.0#,6717.0,6800.0,6710.0,7351.0,6137.0,3413,14142,6782.0,1,6784.0,1,6785.0,1,6786.0,1,6788.0,1,6794.0,2,6797.0,2,6798.0,8,6799.0,4,6800.0,9,6791.0
AP411,,13:45:07.250#,6717.0,6800.0,6710.0,7351.0,6137.0,3413,14142,6782.0,1,6784.0,1,6785.0,1,6786.0,1,6789.0,1,6794.0,2,6797.0,2,6798.0,8,6799.0,4,6800.0,9,6791.0
AP411,,13:45:09.250#,6717.0,6800.0,6710.0,7351.0,6137.0,3413,14142,6782.0,1,6784.0,1,6785.0,1,6786.0,1,6788.0,1,6793.0,2,6797.0,2,6798.0,8,6799.0,4,6800.0,9,6791.0
AP411,,13:45:09.500#,6717.0,6800.0,6710.0,7351.0,6137.0,3413,14142,6782.0,1,6784.0,1,6785.0,1,6786.0,1,6787.0,1,6793.0,2,6797.0,2,6798.0,8,6799.0,4,6800.0,9,6791.0
AP411,,13:45:10.0#,6717.0,6800.0,6710.0,7351.0,6137.0,3413,14142,6781.0,1,6782.0,1,6784.0,1,6785.0,1,6786.0,2,6791.0,2,6797.0,2,6798.0,8,6799.0,4,6800.0,9,6791.0
AP411,,13:45:10.250#,6717.0,6800.0,6710.0,7351.0,6137.0,3413,14142,6782.0,1,6784.0,1,6785.0,1,6786.0,1,6787.0,1,6793.0,2,6797.0,2,6798.0,8,6799.0,4,6800.0,9,6791.0
AP411,,13:45:10.500#,6717.0,6800.0,6710.0,7351.0,6137.0,3413,14142,6782.0,1,6784.0,1,6785.0,1,6786.0,1,6787.0,1,6792.0,2,6797.0,2,6798.0,8,6799.0,4,6800.0,9,6791.0
AP411,,13:45:10.750#,6717.0,6800.0,6710.0,7351.0,6137.0,3413,14142,6782.0,1,6784.0,1,6785.0,1,6786.0,1,6787.0,1,6793.0,2,6797.0,2,6798.0,8,6799.0,4,6800.0,9,6791.0
AP411,,13:45:11.250#,6717.0,6800.0,6710.0,7351.0,6137.0,3413,14142,6782.0,1,6784.0,1,6785.0,1,6786.0,1,6787.0,1,6793.0,2,6797.0,2,6798.0,8,6799.0,4,6800.0,9,6791.0
AP411,,13:45:14.750#,6717.0,6800.0,6710.0,7351.0,6137.0,3413,14142,6782.0,1,6784.0,1,6785.0,1,6786.0,1,6788.0,1,6793.0,2,6797.0,2,6798.0,8,6799.0,4,6800.0,9,6791.0
AP411,,13:45:16.0#,6717.0,6800.0,6710.0,7351.0,6137.0,3413,14142,6782.0,1,6784.0,1,6785.0,1,6786.0,1,6787.0,1,6793.0,2,6797.0,2,6798.0,8,6799.0,4,6800.0,9,6791.0
AP411,,13:45:17.250#,6717.0,6800.0,6710.0,7351.0,6137.0,3413,14142,6782.0,1,6784.0,1,6785.0,1,6786.0,1,6787.0,1,6793.0,1,6797.0,2,6798.0,8,6799.0,4,6800.0,9,6791.0
AP411,,13:45:17.750#,6717.0,6800.0,6710.0,7351.0,6137.0,3413,14142,6782.0,1,6784.0,1,6785.0,1,6786.0,1,6788.0,1,6793.0,1,6797.0,2,6798.0,8,6799.0,4,6800.0,9,6791.0
AP411,,13:45:18.500#,6717.0,6800.0,6710.0,7351.0,6137.0,3413,14142,6782.0,1,6784.0,1,6785.0,1,6786.0,1,6788.0,1,6794.0,2,6797.0,2,6798.0,8,6799.0,4,6800.0,9,6791.0
AP411,,13:45:19.750#,6717.0,6800.0,6710.0,7351.0,6137.0,3413,14142,6782.0,1,6784.0,1,6785.0,1,6786.0,1,6787.0,1,6794.0,2,6797.0,2,6798.0,8,6799.0,4,6800.0,9,6791.0
AP411,,13:45:20.0#,6717.0,6800.0,6710.0,7351.0,6137.0,3413,14142,6782.0,1,6784.0,1,6785.0,1,6786.0,1,6788.0,1,6794.0,2,6797.0,2,6798.0,8,6799.0,4,6800.0,9,6791.0
AP411,,13:45:20.750#,6717.0,6800.0,6710.0,7351.0,6137.0,3413,14142,6782.0,1,6784.0,1,6785.0,1,6786.0,1,6788.0,1,6795.0,2,6797.0,2,6798.0,8,6799.0,4,6800.0,9,6791.0
AP411,,13:45:21.0#,6717.0,6800.0,6710.0,7351.0,6137.0,3413,14142,6782.0,1,6784.0,1,6785.0,1,6786.0,1,6790.0,1,6795.0,2,6797.0,2,6798.0,8,6799.0,4,6800.0,9,6791.0
AP411,,13:45:21.250#,6717.0,6800.0,6710.0,7351.0,6137.0,3413,14142,6782.0,1,6784.0,1,6785.0,1,6786.0,1,6787.0,1,6794.0,2,6797.0,2,6798.0,8,6799.0,4,6800.0,9,6791.0
AP411,,13:45:21.500#,6717.0,6800.0,6710.0,7351.0,6137.0,3413,14142,6782.0,1,6784.0,1,6785.0,1,6786.0,1,6788.0,1,6794.0,2,6797.0,2,6798.0,8,6799.0,4,6800.0,9,6791.0
AP411,,13:45:23.750#,6717.0,6800.0,6710.0,7351.0,6137.0,3413,14142,6782.0,1,6784.0,1,6785.0,1,6786.0,1,6787.0,1,6792.0,2,6797.0,2,6798.0,8,6799.0,4,6800.0,9,6791.0
AP411,,13:45:24.0#,6717.0,6800.0,6710.0,7351.0,6137.0,3413,14142,6782.0,1,6784.0,1,6785.0,1,6786.0,1,6788.0,1,6794.0,2,6797.0,2,6798.0,8,6799.0,4,6800.0,9,6791.0
AP411,,13:45:24.500#,6717.0,6800.0,6710.0,7351.0,6137.0,3413,14142,6782.0,1,6784.0,1,6785.0,1,6786.0,1,6788.0,1,6793.0,2,6797.0,2,6798.0,8,6799.0,4,6800.0,9,6791.0
AP411,,13:45:26.500#,6717.0,6800.0,6710.0,7351.0,6137.0,3413,14142,6782.0,1,6784.0,1,6785.0,1,6786.0,1,6787.0,1,6792.0,2,6794.0,1,6797.0,2,6798.0,8,6799.0,4,6791.0
AP411,,13:45:29.750#,6717.0,6800.0,6710.0,7351.0,6137.0,3413,14142,6782.0,1,6784.0,1,6785.0,1,6786.0,1,6787.0,1,6792.0,2,6793.0,1,6794.0,1,6797.0,2,6798.0,8,6791.0
AP411,,13:45:34.250#,6717.0,6800.0,6710.0,7351.0,6137.0,3413,14142,6782.0,1,6784.0,1,6785.0,1,6786.0,1,6788.0,1,6793.0,3,6794.0,1,6797.0,2,6798.0,8,6799.0,4,6791.0
AP411,,13:45:34.500#,6717.0,6800.0,6710.0,7351.0,6137.0,3413,14142,6782.0,1,6784.0,1,6785.0,1,6786.0,1,6788.0,1,6793.0,1,6794.0,1,6797.0,2,6798.0,8,6799.0,4,6791.0
AP411,,13:45:35.750#,6717.0,6800.0,6710.0,7351.0,6137.0,3413,14142,6782.0,1,6784.0,1,6785.0,1,6786.0,1,6788.0,1,6793.0,2,6794.0,1,6797.0,2,6798.0,8,6799.0,4,6791.0
AP411,,13:45:37.250#,6717.0,6800.0,6710.0,7351.0,6137.0,3413,14142,6782.0,1,6784.0,1,6785.0,1,6786.0,1,6788.0,1,6793.0,3,6794.0,1,6797.0,2,6798.0,8,6799.0,4,6791.0
AP411,,13:45:38.0#,6717.0,6800.0,6710.0,7351.0,6137.0,3413,14142,6782.0,1,6784.0,1,6785.0,1,6786.0,1,6788.0,1,6793.0,2,6794.0,1,6797.0,2,6798.0,8,6799.0,4,6791.0
AP411,,13:45:41.250#,6717.0,6800.0,6710.0,7351.0,6137.0,3413,14142,6782.0,1,6784.0,1,6785.0,1,6786.0,1,6789.0,1,6793.0,2,6794.0,1,6797.0,2,6798.0,8,6799.0,4,6791.0
AP411,,13:45:43.500#,6717.0,6800.0,6710.0,7351.0,6137.0,3413,14142,6782.0,1,6784.0,1,6785.0,1,6786.0,1,6788.0,1,6793.0,4,6794.0,1,6797.0,2,6798.0,8,6799.0,4,6791.0
AP411,,13:45:47.500#,6717.0,6800.0,6710.0,7351.0,6137.0,3413,14142,6782.0,1,6784.0,1,6785.0,1,6786.0,1,6787.0,1,6792.0,2,6793.0,2,6794.0,1,6797.0,2,6798.0,8,6791.0
AP411,,13:45:47.750#,6717.0,6800.0,6710.0,7351.0,6137.0,3413,14142,6781.0,1,6782.0,1,6784.0,1,6785.0,1,6786.0,2,6792.0,2,6793.0,2,6794.0,1,6797.0,2,6798.0,8,6791.0
AP411,,13:45:48.0#,6717.0,6800.0,6710.0,7351.0,6137.0,3413,14142,6781.0,1,6782.0,1,6784.0,1,6785.0,1,6786.0,1,6791.0,2,6793.0,2,6794.0,1,6797.0,2,6798.0,8,6791.0
AP411,,13:45:48.250#,6717.0,6800.0,6710.0,7351.0,6137.0,3413,14142,6781.0,1,6782.0,1,6784.0,1,6785.0,1,6786.0,1,6791.0,1,6793.0,2,6794.0,1,6797.0,2,6798.0,8,6791.0
AP411,,13:45:49.250#,6717.0,6800.0,6710.0,7351.0,6137.0,3413,14142,6779.0,1,6781.0,1,6782.0,1,6784.0,1,6785.0,2,6791.0,1,6793.0,2,6794.0,1,6797.0,2,6798.0,8,6791.0
AP411,,13:45:50.0#,6717.0,6800.0,6710.0,7351.0,6137.0,3413,14142,6779.0,1,6781.0,1,6782.0,1,6784.0,1,6785.0,2,6792.0,2,6793.0,2,6794.0,1,6797.0,2,6798.0,8,6791.0
AP411,,13:45:50.250#,6717.0,6800.0,6710.0,7351.0,6137.0,3413,14142,6779.0,1,6781.0,1,6782.0,1,6784.0,1,6785.0,2,6791.0,2,6793.0,2,6794.0,1,6797.0,2,6798.0,8,6791.0
AP411,,13:45:50.500#,6717.0,6800.0,6710.0,7351.0,6137.0,3413,14142,6779.0,1,6781.0,1,6782.0,1,6784.0,1,6785.0,2,6790.0,1,6793.0,2,6794.0,1,6797.0,2,6798.0,8,6791.0
AP411,,13:45:50.750#,6717.0,6800.0,6710.0,7351.0,6137.0,3413,14142,6779.0,1,6781.0,1,6782.0,1,6784.0,1,6785.0,1,6790.0,2,6793.0,2,6794.0,1,6797.0,2,6798.0,8,6791.0
AP411,,13:45:51.250#,6717.0,6800.0,6710.0,7351.0,6137.0,3413,14142,6779.0,1,6781.0,1,6782.0,1,6784.0,1,6785.0,1,6790.0,1,6793.0,2,6794.0,1,6797.0,2,6798.0,8,6791.0
AP411,,13:45:52.0#,6717.0,6800.0,6710.0,7351.0,6137.0,3413,14142,6779.0,1,6781.0,1,6782.0,1,6784.0,1,6785.0,1,6790.0,2,6793.0,2,6794.0,1,6797.0,2,6798.0,8,6791.0
AP411,,13:45:52.250#,6717.0,6800.0,6710.0,7351.0,6137.0,3413,14142,6779.0,1,6781.0,1,6782.0,1,6784.0,1,6785.0,1,6790.0,2,6793.0,2,6794.0,1,6797.0,2,6798.0,8,6791.0
AP411,,13:45:58.250#,6717.0,6800.0,6710.0,7351.0,6137.0,3413,14142,6779.0,1,6781.0,1,6782.0,1,6784.0,1,6785.0,1,6790.0,2,6791.0,1,6793.0,2,6794.0,1,6797.0,2,6791.0
AP411,,13:46:00.250#,6717.0,6800.0,6710.0,7351.0,6137.0,3413,14142,6779.0,1,6781.0,1,6782.0,1,6784.0,1,6785.0,1,6790.0,2,6791.0,2,6793.0,2,6794.0,1,6797.0,2,6791.0
AP411,,13:46:02.250#,6717.0,6800.0,6710.0,7351.0,6137.0,3413,14142,6779.0,1,6781.0,1,6782.0,1,6784.0,1,6785.0,1,6790.0,2,6791.0,2,6793.0,3,6794.0,1,6797.0,2,6791.0
AP411,,13:46:02.500#,6717.0,6800.0,6710.0,7351.0,6137.0,3413,14142,6779.0,1,6781.0,1,6782.0,1,6784.0,1,6785.0,1,6790.0,1,6791.0,2,6793.0,3,6794.0,1,6797.0,2,6791.0
AP411,,13:46:03.0#,6717.0,6800.0,6710.0,7351.0,6137.0,3413,14142,6779.0,1,6781.0,1,6782.0,1,6784.0,1,6785.0,1,6791.0,4,6793.0,3,6794.0,1,6797.0,2,6798.0,8,6791.0
AP411,,13:46:03.250#,6717.0,6800.0,6710.0,7351.0,6137.0,3413,14142,6779.0,1,6781.0,1,6782.0,1,6784.0,1,6786.0,1,6791.0,4,6793.0,3,6794.0,1,6797.0,2,6798.0,8,6791.0
AP411,,13:46:04.250#,6717.0,6800.0,6710.0,7351.0,6137.0,3413,14142,6779.0,1,6781.0,1,6782.0,1,6784.0,1,6786.0,1,6791.0,3,6793.0,3,6794.0,1,6797.0,2,6798.0,8,6791.0
AP411,,13:46:04.500#,6717.0,6800.0,6710.0,7351.0,6137.0,3413,14142,6781.0,1,6782.0,1,6784.0,1,6786.0,1,6787.0,1,6791.0,2,6793.0,3,6794.0,1,6797.0,2,6798.0,8,6791.0
AP411,,13:46:05.0#,6717.0,6800.0,6710.0,7351.0,6137.0,3413,14142,6781.0,1,6782.0,1,6784.0,1,6786.0,1,6788.0,1,6791.0,2,6793.0,3,6794.0,1,6797.0,2,6798.0,8,6791.0
AP411,,13:46:07.0#,6717.0,6800.0,6710.0,7351.0,6137.0,3413,14142,6781.0,1,6782.0,1,6784.0,1,6786.0,1,6787.0,1,6791.0,2,6793.0,3,6794.0,1,6797.0,2,6798.0,8,6791.0
AP411,,13:46:07.500#,6717.0,6800.0,6710.0,7351.0,6137.0,3413,14142,6782.0,1,6784.0,1,6785.0,18,6786.0,1,6787.0,1,6791.0,2,6793.0,3,6794.0,1,6797.0,2,6798.0,8,6791.0
AP411,,13:46:09.0#,6717.0,6800.0,6710.0,7351.0,6137.0,3413,14142,6782.0,1,6784.0,1,6785.0,18,6786.0,1,6788.0,1,6791.0,2,6793.0,3,6794.0,1,6797.0,2,6798.0,8,6791.0
AP411,,13:46:09.250#,6717.0,6800.0,6710.0,7351.0,6137.0,3413,14142,6782.0,1,6784.0,1,6785.0,18,6786.0,1,6787.0,1,6791.0,2,6793.0,3,6794.0,1,6797.0,2,6798.0,8,6791.0
AP411,,13:46:11.0#,6717.0,6800.0,6710.0,7351.0,6137.0,3413,14142,6782.0,1,6784.0,1,6785.0,18,6786.0,1,6787.0,1,6791.0,3,6793.0,3,6794.0,1,6797.0,2,6798.0,8,6791.0
AP411,,13:46:12.500#,6717.0,6800.0,6710.0,7351.0,6137.0,3413,14142,6782.0,1,6784.0,1,6785.0,18,6786.0,1,6787.0,1,6791.0,4,6793.0,3,6794.0,1,6797.0,2,6798.0,8,6791.0
AP411,,13:46:12.750#,6717.0,6800.0,6710.0,7351.0,6137.0,3413,14142,6782.0,1,6784.0,1,6785.0,18,6786.0,1,6788.0,1,6791.0,2,6793.0,3,6794.0,1,6797.0,2,6798.0,8,6791.0
AP411,,13:46:13.250#,6717.0,6800.0,6710.0,7351.0,6137.0,3413,14142,6782.0,1,6784.0,1,6785.0,18,6786.0,1,6787.0,1,6791.0,2,6793.0,3,6794.0,1,6797.0,2,6798.0,8,6791.0
AP411,,13:46:13.750#,6717.0,6800.0,6710.0,7351.0,6137.0,3413,14142,6782.0,1,6784.0,1,6785.0,18,6786.0,1,6787.0,1,6791.0,3,6793.0,3,6794.0,1,6797.0,2,6798.0,8,6791.0
AP411,,13:46:14.500#,6717.0,6800.0,6710.0,7351.0,6137.0,3413,14142,6782.0,1,6784.0,1,6785.0,18,6786.0,1,6787.0,1,6791.0,2,6793.0,3,6794.0,1,6797.0,2,6798.0,8,6791.0
AP411,,13:46:17.250#,6717.0,6800.0,6710.0,7351.0,6137.0,3413,14142,6782.0,1,6784.0,1,6785.0,18,6786.0,1,6787.0,2,6791.0,2,6793.0,3,6794.0,1,6797.0,2,6798.0,8,6791.0
AP411,,13:46:20.500#,6717.0,6800.0,6710.0,7351.0,6137.0,3413,14142,6784.0,1,6785.0,18,6786.0,1,6787.0,1,6788.0,1,6791.0,2,6793.0,3,6794.0,1,6797.0,2,6798.0,8,6791.0
AP411,,13:46:20.750#,6717.0,6800.0,6710.0,7351.0,6137.0,3413,14142,6784.0,1,6785.0,18,6786.0,1,6787.0,1,6788.0,1,6791.0,2,6793.0,3,6794.0,1,6795.0,1,6797.0,2,6791.0
AP411,,13:46:24.750#,6717.0,6800.0,6710.0,7351.0,6137.0,3413,14142,6782.0,1,6784.0,1,6785.0,18,6786.0,1,6787.0,2,6791.0,5,6793.0,3,6794.0,1,6795.0,1,6797.0,2,6791.0
AP411,,13:46:26.0#,6717.0,6800.0,6710.0,7351.0,6137.0,3413,14142,6782.0,1,6784.0,1,6785.0,18,6786.0,1,6787.0,2,6791.0,5,6793.0,3,6794.0,1,6795.0,1,6797.0,2,6791.0
AP411,,13:46:26.750#,6717.0,6800.0,6710.0,7351.0,6137.0,3413,14142,6782.0,1,6784.0,1,6785.0,18,6786.0,1,6787.0,2,6791.0,3,6793.0,3,6794.0,1,6795.0,1,6797.0,2,6791.0
AP411,,13:46:28.0#,6717.0,6800.0,6710.0,7351.0,6137.0,3414,14142,6782.0,1,6784.0,1,6785.0,18,6786.0,1,6787.0,2,6791.0,3,6793.0,3,6794.0,1,6795.0,1,6797.0,2,6787.0
AP411,,13:46:28.500#,6717.0,6800.0,6710.0,7351.0,6137.0,3414,14142,6784.0,1,6785.0,18,6786.0,1,6787.0,1,6788.0,1,6791.0,2,6793.0,3,6794.0,1,6795.0,1,6797.0,2,6787.0
AP411,,13:46:29.500#,6717.0,6800.0,6710.0,7351.0,6137.0,3414,14142,6782.0,1,6784.0,1,6785.0,18,6786.0,1,6787.0,2,6791.0,2,6793.0,3,6794.0,1,6795.0,1,6797.0,2,6787.0
AP411,,13:46:30.0#,6717.0,6800.0,6710.0,7351.0,6137.0,3414,14142,6784.0,1,6785.0,18,6786.0,1,6787.0,1,6788.0,1,6791.0,2,6793.0,3,6794.0,1,6795.0,1,6797.0,2,6787.0
AP411,,13:46:32.500#,6717.0,6800.0,6710.0,7351.0,6137.0,3414,14142,6784.0,1,6785.0,18,6786.0,1,6787.0,1,6788.0,1,6791.0,2,6793.0,3,6795.0,1,6797.0,2,6798.0,8,6787.0
AP411,,13:46:32.750#,6717.0,6800.0,6710.0,7351.0,6137.0,3414,14142,6784.0,1,6785.0,18,6786.0,1,6787.0,1,6788.0,1,6790.0,1,6791.0,2,6793.0,3,6795.0,1,6797.0,2,6787.0
AP411,,13:46:34.500#,6717.0,6800.0,6710.0,7351.0,6137.0,3414,14142,6782.0,1,6784.0,1,6785.0,18,6786.0,1,6787.0,2,6790.0,1,6791.0,2,6793.0,3,6795.0,1,6797.0,2,6787.0
AP411,,13:46:47.500#,6717.0,6800.0,6710.0,7351.0,6137.0,3414,14142,6784.0,1,6785.0,18,6786.0,1,6787.0,1,6788.0,1,6790.0,1,6791.0,2,6793.0,3,6795.0,1,6797.0,2,6787.0
AP411,,13:46:54.250#,6717.0,6800.0,6710.0,7351.0,6137.0,3414,14142,6784.0,1,6785.0,18,6786.0,1,6787.0,1,6788.0,2,6790.0,1,6791.0,2,6793.0,3,6795.0,1,6797.0,2,6787.0
AP411,,13:47:00.750#,6717.0,6800.0,6710.0,7351.0,6137.0,3415,14141,6784.0,1,6785.0,18,6786.0,1,6787.0,1,6788.0,3,6790.0,1,6791.0,2,6793.0,3,6795.0,1,6797.0,2,6788.0
AP411,,13:47:01.250#,6717.0,6800.0,6710.0,7351.0,6137.0,3415,14141,6784.0,1,6785.0,18,6786.0,1,6787.0,1,6788.0,1,6790.0,1,6791.0,2,6793.0,3,6795.0,1,6797.0,2,6788.0
AP411,,13:47:01.750#,6717.0,6800.0,6710.0,7351.0,6137.0,3415,14141,6782.0,1,6784.0,1,6785.0,18,6786.0,1,6787.0,3,6790.0,1,6791.0,2,6793.0,3,6795.0,1,6797.0,2,6788.0
AP411,,13:47:06.250#,6717.0,6800.0,6710.0,7351.0,6137.0,3415,14141,6782.0,1,6784.0,1,6785.0,18,6786.0,1,6787.0,3,6790.0,1,6791.0,2,6793.0,3,6797.0,2,6798.0,8,6788.0
AP411,,13:47:07.250#,6717.0,6800.0,6710.0,7351.0,6137.0,3416,14142,6781.0,1,6782.0,1,6784.0,1,6785.0,18,6786.0,3,6790.0,1,6791.0,2,6793.0,3,6797.0,2,6798.0,8,6787.0
AP411,,13:47:07.750#,6717.0,6800.0,6710.0,7351.0,6137.0,3416,14142,6781.0,1,6782.0,1,6784.0,1,6785.0,18,6786.0,3,6790.0,2,6791.0,2,6793.0,3,6797.0,2,6798.0,8,6787.0
AP411,,13:47:08.250#,6717.0,6800.0,6710.0,7351.0,6137.0,3416,14142,6781.0,1,6782.0,1,6784.0,1,6785.0,18,6786.0,3,6790.0,3,6791.0,2,6793.0,3,6797.0,2,6798.0,8,6787.0
AP411,,13:47:08.750#,6717.0,6800.0,6710.0,7351.0,6137.0,3416,14142,6781.0,1,6782.0,1,6784.0,1,6785.0,18,6786.0,3,6790.0,4,6791.0,2,6793.0,3,6797.0,2,6798.0,8,6787.0
AP411,,13:47:10.0#,6717.0,6800.0,6710.0,7351.0,6137.0,3416,14142,6779.0,1,6781.0,1,6784.0,1,6785.0,18,6786.0,3,6790.0,4,6791.0,2,6793.0,3,6797.0,2,6798.0,8,6787.0
AP411,,13:47:11.750#,6717.0,6800.0,6710.0,7351.0,6137.0,3416,14142,6781.0,1,6784.0,1,6785.0,18,6786.0,1,6787.0,2,6790.0,1,6791.0,2,6793.0,3,6797.0,2,6798.0,8,6787.0
AP411,,13:47:14.0#,6717.0,6800.0,6710.0,7351.0,6137.0,3416,14142,6779.0,1,6784.0,1,6785.0,18,6786.0,1,6787.0,2,6790.0,1,6791.0,2,6793.0,3,6797.0,2,6798.0,8,6787.0
AP411,,13:47:14.750#,6717.0,6800.0,6710.0,7351.0,6137.0,3416,14142,6775.0,1,6779.0,1,6784.0,1,6785.0,18,6786.0,3,6790.0,4,6791.0,2,6793.0,3,6797.0,2,6798.0,8,6787.0
AP411,,13:47:15.250#,6717.0,6800.0,6710.0,7351.0,6137.0,3416,14142,6775.0,1,6779.0,1,6784.0,1,6785.0,18,6786.0,1,6789.0,3,6790.0,1,6791.0,2,6793.0,3,6797.0,2,6787.0
AP411,,13:47:15.500#,6717.0,6800.0,6710.0,7351.0,6137.0,3416,14142,6773.0,1,6775.0,1,6779.0,1,6784.0,1,6785.0,20,6789.0,1,6790.0,1,6791.0,2,6793.0,3,6797.0,2,6787.0
AP411,,13:47:15.750#,6717.0,6800.0,6710.0,7351.0,6137.0,3416,14142,6773.0,1,6775.0,1,6779.0,1,6784.0,1,6785.0,20,6790.0,4,6791.0,2,6793.0,3,6797.0,2,6798.0,8,6787.0
AP411,,13:47:18.250#,6717.0,6800.0,6710.0,7351.0,6137.0,3416,14142,6773.0,1,6775.0,1,6779.0,1,6784.0,1,6785.0,20,6789.0,1,6790.0,1,6791.0,2,6793.0,3,6797.0,2,6787.0
AP411,,13:47:18.500#,6717.0,6800.0,6710.0,7351.0,6137.0,3416,14142,6773.0,1,6775.0,1,6779.0,1,6784.0,1,6785.0,20,6790.0,4,6791.0,2,6793.0,3,6797.0,2,6798.0,8,6787.0
AP411,,13:47:19.250#,6717.0,6800.0,6710.0,7351.0,6137.0,3416,14142,6773.0,1,6775.0,1,6779.0,1,6784.0,1,6785.0,20,6790.0,4,6791.0,2,6793.0,3,6797.0,2,6798.0,8,6787.0
AP411,,13:47:21.750#,6717.0,6800.0,6710.0,7351.0,6137.0,3416,14142,6773.0,1,6775.0,1,6779.0,1,6784.0,1,6785.0,20,6789.0,1,6790.0,1,6791.0,2,6793.0,3,6797.0,2,6787.0
AP411,,13:47:23.500#,6717.0,6800.0,6710.0,7351.0,6137.0,3416,14142,6775.0,1,6779.0,1,6784.0,1,6785.0,18,6786.0,2,6790.0,4,6791.0,2,6793.0,3,6797.0,2,6798.0,8,6787.0
AP411,,13:47:32.750#,6717.0,6800.0,6710.0,7351.0,6137.0,3416,14142,6775.0,1,6779.0,1,6784.0,1,6785.0,18,6787.0,2,6790.0,1,6791.0,2,6793.0,3,6797.0,2,6798.0,8,6787.0
AP411,,13:47:33.0#,6717.0,6800.0,6710.0,7351.0,6137.0,3416,14142,6775.0,1,6779.0,1,6784.0,1,6785.0,18,6788.0,2,6790.0,1,6791.0,2,6793.0,3,6797.0,2,6798.0,8,6787.0
AP411,,13:47:33.250#,6717.0,6800.0,6710.0,7351.0,6137.0,3416,14142,6775.0,1,6779.0,1,6784.0,1,6785.0,18,6789.0,2,6790.0,1,6791.0,2,6793.0,3,6797.0,2,6798.0,8,6787.0
AP411,,13:47:35.250#,6717.0,6800.0,6710.0,7351.0,6137.0,3417,14143,6775.0,1,6779.0,1,6784.0,1,6785.0,18,6789.0,1,6791.0,2,6793.0,3,6797.0,2,6798.0,8,6799.0,4,6790.0
AP411,,13:47:35.500#,6717.0,6800.0,6710.0,7351.0,6137.0,3417,14143,6775.0,1,6779.0,1,6784.0,1,6785.0,18,6789.0,2,6791.0,2,6793.0,3,6797.0,2,6798.0,8,6799.0,4,6790.0
AP411,,13:47:36.250#,6717.0,6800.0,6710.0,7351.0,6137.0,3417,14143,6779.0,1,6784.0,1,6785.0,18,6789.0,1,6790.0,1,6791.0,2,6793.0,3,6797.0,2,6798.0,8,6799.0,4,6790.0
AP411,,13:47:36.750#,6717.0,6800.0,6710.0,7351.0,6137.0,3417,14143,6779.0,1,6784.0,1,6785.0,18,6789.0,1,6790.0,2,6791.0,2,6792.0,1,6793.0,3,6797.0,2,6798.0,8,6790.0
AP411,,13:47:37.0#,6717.0,6800.0,6710.0,7351.0,6137.0,3417,14143,6779.0,1,6784.0,1,6785.0,18,6789.0,1,6790.0,2,6791.0,3,6793.0,3,6797.0,2,6798.0,8,6799.0,4,6790.0
AP411,,13:47:38.0#,6717.0,6800.0,6710.0,7351.0,6137.0,3418,14143,6779.0,1,6784.0,1,6785.0,18,6789.0,1,6790.0,2,6791.0,2,6793.0,3,6797.0,2,6798.0,8,6799.0,4,6790.0
AP411,,13:47:38.250#,6717.0,6800.0,6710.0,7351.0,6137.0,3418,14143,6779.0,1,6784.0,1,6785.0,18,6789.0,1,6790.0,2,6791.0,2,6793.0,3,6797.0,2,6798.0,8,6799.0,4,6790.0
AP411,,13:47:40.0#,6717.0,6800.0,6710.0,7351.0,6137.0,3418,14143,6779.0,1,6784.0,1,6785.0,18,6789.0,1,6790.0,1,6791.0,2,6793.0,3,6797.0,2,6798.0,8,6799.0,4,6790.0
AP411,,13:47:42.0#,6717.0,6800.0,6710.0,7351.0,6137.0,3418,14143,6775.0,1,6779.0,1,6784.0,1,6785.0,18,6789.0,2,6791.0,2,6793.0,3,6797.0,2,6798.0,8,6799.0,4,6790.0
AP411,,13:47:45.250#,6717.0,6800.0,6710.0,7351.0,6137.0,3418,14143,6779.0,1,6784.0,1,6785.0,18,6789.0,1,6790.0,1,6791.0,2,6793.0,3,6797.0,2,6798.0,8,6799.0,4,6790.0
AP411,,13:47:46.500#,6717.0,6800.0,6710.0,7351.0,6137.0,3418,14143,6775.0,1,6779.0,1,6784.0,1,6785.0,18,6789.0,2,6791.0,2,6793.0,3,6797.0,2,6798.0,8,6799.0,4,6790.0
AP411,,13:47:51.0#,6717.0,6800.0,6710.0,7351.0,6137.0,3418,14143,6775.0,1,6779.0,1,6784.0,1,6785.0,18,6789.0,2,6791.0,2,6793.0,3,6797.0,2,6798.0,8,6799.0,5,6790.0
AP411,,13:47:51.750#,6717.0,6800.0,6710.0,7351.0,6137.0,3418,14143,6779.0,1,6784.0,1,6785.0,18,6789.0,1,6790.0,1,6791.0,2,6793.0,3,6797.0,2,6798.0,8,6799.0,5,6790.0
AP411,,13:47:53.250#,6717.0,6800.0,6710.0,7351.0,6137.0,3419,14143,6775.0,1,6779.0,1,6784.0,1,6785.0,18,6789.0,4,6791.0,2,6793.0,3,6797.0,2,6798.0,8,6799.0,5,6790.0
AP411,,13:47:54.250#,6717.0,6800.0,6710.0,7351.0,6137.0,3419,14143,6775.0,1,6779.0,1,6784.0,1,6785.0,18,6789.0,3,6791.0,2,6793.0,3,6797.0,2,6798.0,8,6799.0,5,6790.0
AP411,,13:47:54.500#,6717.0,6800.0,6710.0,7351.0,6137.0,3419,14143,6775.0,1,6779.0,1,6784.0,1,6785.0,18,6789.0,1,6791.0,2,6793.0,3,6797.0,2,6798.0,8,6799.0,5,6790.0
AP411,,13:47:55.750#,6717.0,6800.0,6710.0,7351.0,6137.0,3419,14143,6775.0,1,6779.0,1,6784.0,1,6785.0,18,6787.0,13,6791.0,2,6793.0,3,6797.0,2,6798.0,8,6799.0,5,6790.0
AP411,,13:47:56.0#,6717.0,6800.0,6710.0,7351.0,6137.0,3419,14143,6775.0,1,6779.0,1,6784.0,1,6785.0,18,6787.0,9,6791.0,2,6793.0,3,6797.0,2,6798.0,8,6799.0,5,6790.0
AP411,,13:47:56.250#,6717.0,6800.0,6710.0,7351.0,6137.0,3419,14143,6775.0,1,6779.0,1,6784.0,1,6785.0,18,6787.0,18,6791.0,2,6793.0,3,6797.0,2,6798.0,8,6799.0,5,6790.0
AP411,,13:47:58.0#,6717.0,6800.0,6710.0,7351.0,6137.0,3419,14143,6775.0,1,6779.0,1,6784.0,1,6785.0,18,6787.0,18,6791.0,2,6793.0,2,6797.0,2,6798.0,8,6799.0,5,6790.0
AP411,,13:48:00.250#,6717.0,6800.0,6710.0,7351.0,6137.0,3419,14143,6775.0,1,6779.0,1,6784.0,1,6785.0,18,6789.0,4,6791.0,2,6793.0,2,6797.0,2,6798.0,8,6799.0,5,6790.0
AP411,,13:48:00.750#,6717.0,6800.0,6710.0,7351.0,6137.0,3419,14143,6775.0,1,6779.0,1,6784.0,1,6785.0,18,6789.0,16,6791.0,2,6793.0,2,6797.0,2,6798.0,8,6799.0,5,6790.0
AP411,,13:48:01.0#,6717.0,6800.0,6710.0,7351.0,6137.0,3419,14143,6775.0,1,6779.0,1,6784.0,1,6785.0,18,6789.0,17,6791.0,2,6793.0,2,6797.0,2,6798.0,8,6799.0,5,6790.0
AP411,,13:48:01.750#,6717.0,6800.0,6710.0,7351.0,6137.0,3419,14143,6775.0,1,6779.0,1,6784.0,1,6785.0,18,6789.0,14,6791.0,2,6793.0,2,6797.0,2,6798.0,8,6799.0,5,6790.0
AP411,,13:48:02.0#,6717.0,6800.0,6710.0,7351.0,6137.0,3419,14143,6775.0,1,6779.0,1,6784.0,1,6785.0,18,6789.0,15,6791.0,2,6793.0,2,6797.0,2,6798.0,8,6799.0,5,6790.0
AP411,,13:48:02.250#,6717.0,6800.0,6710.0,7351.0,6137.0,3419,14143,6775.0,1,6779.0,1,6784.0,1,6785.0,18,6789.0,18,6791.0,2,6793.0,2,6797.0,2,6798.0,8,6799.0,5,6790.0
AP411,,13:48:02.500#,6717.0,6800.0,6710.0,7351.0,6137.0,3419,14143,6775.0,1,6779.0,1,6784.0,1,6785.0,18,6789.0,20,6791.0,2,6793.0,2,6797.0,2,6798.0,8,6799.0,5,6790.0
AP411,,13:48:03.750#,6717.0,6800.0,6710.0,7351.0,6137.0,3419,14143,6775.0,1,6779.0,1,6784.0,1,6785.0,18,6789.0,18,6791.0,2,6793.0,2,6797.0,2,6798.0,8,6799.0,5,6790.0
AP411,,13:48:04.0#,6717.0,6800.0,6710.0,7351.0,6137.0,3419,14143,6775.0,1,6779.0,1,6784.0,1,6785.0,18,6789.0,16,6791.0,2,6793.0,2,6797.0,2,6798.0,8,6799.0,5,6790.0
AP411,,13:48:04.250#,6717.0,6800.0,6710.0,7351.0,6137.0,3419,14143,6775.0,1,6779.0,1,6784.0,1,6785.0,18,6789.0,20,6791.0,2,6793.0,2,6797.0,2,6798.0,8,6799.0,5,6790.0
AP411,,13:48:05.750#,6717.0,6800.0,6710.0,7351.0,6137.0,3419,14143,6775.0,1,6779.0,1,6784.0,1,6785.0,18,6789.0,18,6791.0,2,6793.0,2,6797.0,2,6798.0,8,6799.0,5,6790.0
AP411,,13:48:06.0#,6717.0,6800.0,6710.0,7351.0,6137.0,3419,14143,6775.0,1,6779.0,1,6784.0,1,6785.0,18,6789.0,16,6791.0,2,6793.0,2,6797.0,2,6798.0,8,6799.0,5,6790.0
AP411,,13:48:06.500#,6717.0,6800.0,6710.0,7351.0,6137.0,3419,14143,6775.0,1,6779.0,1,6784.0,1,6785.0,18,6789.0,15,6791.0,2,6793.0,2,6797.0,2,6798.0,8,6799.0,5,6790.0
