InstrumentId,ExchangeId,Datetime,OpenPrice,HighestPrice,LowestPrice,UpperLimitPrice,LowerLimitPrice,Volume,OpenInterest,BidPrice5,BidVolume5,BidPrice4,BidVolume4,BidPrice3,BidVolume3,BidPrice2,BidVolume2,BidPrice1,BidVolume1,AskPrice1,AskVolume1,AskPrice2,AskVolume2,AskPrice3,AskVolume3,AskPrice4,AskVolume4,AskPrice5,AskVolume5,LastPrice
AP501,,13:38:35.0#,6929.0,6986.0,6909.0,7553.0,6305.0,10447,41580,6973.0,1,6974.0,8,6975.0,1,6976.0,1,6977.0,1,6979.0,4,6980.0,1,6981.0,2,6982.0,1,6983.0,9,6978.0
AP501,,13:38:35.250#,6929.0,6986.0,6909.0,7553.0,6305.0,10447,41580,6973.0,1,6974.0,8,6975.0,1,6976.0,1,6977.0,1,6978.0,2,6979.0,2,6980.0,1,6981.0,2,6982.0,1,6978.0
AP501,,13:38:35.500#,6929.0,6986.0,6909.0,7553.0,6305.0,10447,41580,6973.0,1,6974.0,8,6975.0,1,6976.0,1,6977.0,1,6979.0,4,6980.0,1,6981.0,2,6982.0,1,6983.0,9,6978.0
AP501,,13:38:35.750#,6929.0,6986.0,6909.0,7553.0,6305.0,10447,41580,6973.0,1,6974.0,8,6975.0,1,6976.0,1,6977.0,1,6978.0,2,6979.0,2,6980.0,1,6981.0,2,6982.0,1,6978.0
AP501,,13:38:36.0#,6929.0,6986.0,6909.0,7553.0,6305.0,10447,41580,6973.0,1,6974.0,8,6975.0,1,6976.0,1,6977.0,1,6979.0,4,6980.0,1,6981.0,2,6982.0,1,6983.0,9,6978.0
AP501,,13:38:36.250#,6929.0,6986.0,6909.0,7553.0,6305.0,10447,41580,6973.0,1,6974.0,8,6975.0,1,6976.0,1,6977.0,1,6978.0,2,6979.0,2,6980.0,1,6981.0,2,6982.0,1,6978.0
AP501,,13:38:36.500#,6929.0,6986.0,6909.0,7553.0,6305.0,10447,41580,6973.0,1,6974.0,8,6975.0,1,6976.0,1,6977.0,1,6978.0,1,6979.0,2,6980.0,1,6981.0,2,6982.0,1,6978.0
AP501,,13:38:36.750#,6929.0,6986.0,6909.0,7553.0,6305.0,10448,41581,6972.0,1,6973.0,1,6974.0,8,6975.0,1,6976.0,1,6979.0,3,6980.0,1,6981.0,2,6982.0,1,6983.0,9,6977.0
AP501,,13:38:37.0#,6929.0,6986.0,6909.0,7553.0,6305.0,10448,41581,6973.0,1,6974.0,8,6975.0,1,6976.0,1,6978.0,3,6979.0,3,6980.0,1,6981.0,2,6982.0,1,6983.0,9,6977.0
AP501,,13:38:37.250#,6929.0,6986.0,6909.0,7553.0,6305.0,10450,41581,6973.0,1,6974.0,8,6975.0,1,6976.0,1,6978.0,1,6980.0,2,6981.0,2,6982.0,1,6983.0,9,6984.0,4,6978.0
AP501,,13:38:37.750#,6929.0,6986.0,6909.0,7553.0,6305.0,10450,41581,6974.0,8,6975.0,1,6976.0,1,6977.0,3,6978.0,1,6980.0,2,6981.0,2,6982.0,1,6983.0,9,6984.0,4,6978.0
AP501,,13:38:38.0#,6929.0,6986.0,6909.0,7553.0,6305.0,10450,41581,6974.0,8,6975.0,1,6976.0,1,6977.0,3,6978.0,1,6980.0,2,6981.0,2,6982.0,1,6983.0,9,6984.0,4,6978.0
AP501,,13:38:38.750#,6929.0,6986.0,6909.0,7553.0,6305.0,10450,41581,6974.0,8,6975.0,1,6976.0,1,6977.0,3,6978.0,1,6979.0,1,6980.0,1,6981.0,2,6982.0,1,6983.0,9,6978.0
AP501,,13:38:39.250#,6929.0,6986.0,6909.0,7553.0,6305.0,10450,41581,6974.0,8,6975.0,1,6976.0,1,6977.0,3,6978.0,1,6980.0,2,6981.0,2,6982.0,1,6983.0,9,6984.0,4,6978.0
AP501,,13:38:39.500#,6929.0,6986.0,6909.0,7553.0,6305.0,10450,41581,6974.0,8,6975.0,1,6976.0,1,6977.0,3,6978.0,1,6979.0,1,6980.0,1,6981.0,2,6982.0,1,6983.0,9,6978.0
AP501,,13:38:40.750#,6929.0,6986.0,6909.0,7553.0,6305.0,10451,41581,6972.0,1,6974.0,8,6975.0,1,6976.0,1,6977.0,3,6979.0,1,6980.0,1,6981.0,2,6982.0,1,6983.0,9,6978.0
AP501,,13:38:41.0#,6929.0,6986.0,6909.0,7553.0,6305.0,10451,41581,6972.0,1,6974.0,8,6975.0,1,6976.0,1,6977.0,3,6979.0,1,6980.0,1,6981.0,2,6982.0,1,6983.0,9,6978.0
AP501,,13:38:41.250#,6929.0,6986.0,6909.0,7553.0,6305.0,10451,41581,6972.0,1,6974.0,8,6975.0,1,6976.0,1,6977.0,3,6980.0,2,6981.0,2,6982.0,1,6983.0,9,6984.0,4,6978.0
AP501,,13:38:41.500#,6929.0,6986.0,6909.0,7553.0,6305.0,10451,41581,6972.0,1,6974.0,8,6975.0,1,6976.0,1,6977.0,3,6979.0,2,6980.0,1,6981.0,2,6982.0,1,6983.0,9,6978.0
AP501,,13:38:43.250#,6929.0,6986.0,6909.0,7553.0,6305.0,10452,41582,6972.0,1,6974.0,8,6975.0,1,6976.0,1,6977.0,2,6979.0,2,6980.0,1,6981.0,2,6982.0,1,6983.0,9,6977.0
AP501,,13:38:44.250#,6929.0,6986.0,6909.0,7553.0,6305.0,10452,41582,6974.0,8,6975.0,1,6976.0,1,6977.0,2,6978.0,2,6979.0,2,6980.0,1,6981.0,2,6982.0,1,6983.0,9,6977.0
AP501,,13:38:44.500#,6929.0,6986.0,6909.0,7553.0,6305.0,10452,41582,6974.0,5,6975.0,1,6976.0,1,6977.0,2,6978.0,2,6979.0,1,6980.0,1,6981.0,2,6982.0,1,6983.0,9,6977.0
AP501,,13:38:45.500#,6929.0,6986.0,6909.0,7553.0,6305.0,10454,41584,6972.0,1,6974.0,5,6975.0,1,6976.0,1,6977.0,2,6978.0,1,6979.0,1,6980.0,1,6981.0,2,6982.0,1,6978.0
AP501,,13:38:45.750#,6929.0,6986.0,6909.0,7553.0,6305.0,10459,41582,6974.0,5,6975.0,1,6976.0,1,6977.0,2,6979.0,3,6980.0,2,6981.0,2,6982.0,1,6983.0,9,6984.0,4,6979.0
AP501,,13:38:46.0#,6929.0,6986.0,6909.0,7553.0,6305.0,10462,41580,6972.0,1,6974.0,5,6975.0,1,6976.0,1,6977.0,2,6980.0,2,6981.0,2,6982.0,1,6983.0,9,6984.0,4,6979.0
AP501,,13:38:46.250#,6929.0,6986.0,6909.0,7553.0,6305.0,10462,41580,6972.0,1,6974.0,5,6975.0,1,6976.0,1,6977.0,2,6979.0,1,6980.0,3,6981.0,2,6982.0,1,6983.0,9,6979.0
AP501,,13:38:48.500#,6929.0,6986.0,6909.0,7553.0,6305.0,10463,41580,6974.0,5,6975.0,1,6976.0,1,6977.0,2,6979.0,1,6980.0,3,6981.0,2,6982.0,1,6983.0,9,6984.0,4,6979.0
AP501,,13:38:49.250#,6929.0,6986.0,6909.0,7553.0,6305.0,10463,41580,6974.0,5,6975.0,1,6976.0,1,6977.0,2,6979.0,3,6980.0,3,6981.0,2,6982.0,1,6983.0,9,6984.0,4,6979.0
AP501,,13:38:49.500#,6929.0,6986.0,6909.0,7553.0,6305.0,10463,41580,6974.0,5,6975.0,1,6976.0,1,6977.0,2,6979.0,3,6980.0,1,6981.0,2,6982.0,1,6983.0,9,6984.0,4,6979.0
AP501,,13:38:49.750#,6929.0,6986.0,6909.0,7553.0,6305.0,10463,41580,6974.0,5,6975.0,1,6976.0,1,6977.0,2,6979.0,3,6980.0,2,6981.0,2,6982.0,1,6983.0,9,6984.0,4,6979.0
AP501,,13:38:50.750#,6929.0,6986.0,6909.0,7553.0,6305.0,10464,41581,6974.0,5,6975.0,1,6976.0,1,6977.0,2,6979.0,2,6980.0,1,6981.0,2,6982.0,1,6983.0,9,6984.0,4,6979.0
AP501,,13:38:54.750#,6929.0,6986.0,6909.0,7553.0,6305.0,10464,41581,6974.0,5,6975.0,1,6976.0,1,6977.0,2,6979.0,2,6980.0,2,6981.0,2,6982.0,1,6983.0,9,6984.0,4,6979.0
AP501,,13:38:55.0#,6929.0,6986.0,6909.0,7553.0,6305.0,10464,41581,6974.0,5,6975.0,1,6976.0,1,6977.0,2,6979.0,2,6980.0,2,6981.0,2,6982.0,1,6983.0,9,6984.0,1,6979.0
AP501,,13:38:55.750#,6929.0,6986.0,6909.0,7553.0,6305.0,10464,41581,6974.0,5,6975.0,1,6976.0,1,6977.0,2,6979.0,3,6980.0,2,6981.0,2,6982.0,1,6983.0,9,6984.0,1,6979.0
AP501,,13:38:56.250#,6929.0,6986.0,6909.0,7553.0,6305.0,10467,41581,6972.0,1,6974.0,5,6975.0,1,6976.0,1,6977.0,2,6980.0,5,6981.0,2,6982.0,1,6983.0,9,6984.0,1,6979.0
AP501,,13:38:56.500#,6929.0,6986.0,6909.0,7553.0,6305.0,10467,41581,6972.0,1,6974.0,5,6975.0,1,6976.0,1,6977.0,2,6980.0,5,6981.0,2,6982.0,1,6983.0,9,6984.0,1,6979.0
AP501,,13:38:57.250#,6929.0,6986.0,6909.0,7553.0,6305.0,10467,41581,6972.0,1,6974.0,5,6975.0,1,6976.0,1,6977.0,2,6980.0,4,6981.0,2,6982.0,1,6983.0,9,6984.0,1,6979.0
AP501,,13:38:57.500#,6929.0,6986.0,6909.0,7553.0,6305.0,10467,41581,6972.0,1,6974.0,5,6975.0,1,6976.0,1,6977.0,2,6980.0,3,6981.0,2,6982.0,1,6983.0,9,6984.0,1,6979.0
AP501,,13:38:57.750#,6929.0,6986.0,6909.0,7553.0,6305.0,10467,41581,6972.0,1,6974.0,5,6975.0,1,6976.0,1,6977.0,2,6980.0,4,6981.0,2,6982.0,1,6983.0,9,6984.0,1,6979.0
AP501,,13:38:58.250#,6929.0,6986.0,6909.0,7553.0,6305.0,10467,41581,6972.0,1,6974.0,5,6975.0,1,6976.0,1,6977.0,2,6980.0,5,6981.0,2,6982.0,1,6983.0,9,6984.0,1,6979.0
AP501,,13:38:58.750#,6929.0,6986.0,6909.0,7553.0,6305.0,10467,41581,6972.0,1,6974.0,5,6975.0,1,6976.0,1,6977.0,2,6980.0,6,6981.0,2,6983.0,9,6984.0,1,6985.0,4,6979.0
AP501,,13:38:59.250#,6929.0,6986.0,6909.0,7553.0,6305.0,10467,41581,6972.0,1,6974.0,5,6975.0,1,6976.0,1,6977.0,2,6979.0,1,6980.0,1,6981.0,2,6983.0,9,6984.0,1,6979.0
AP501,,13:39:00.250#,6929.0,6986.0,6909.0,7553.0,6305.0,10467,41581,6972.0,1,6974.0,5,6975.0,1,6976.0,1,6977.0,2,6980.0,3,6981.0,2,6983.0,9,6984.0,1,6985.0,4,6979.0
AP501,,13:39:01.0#,6929.0,6986.0,6909.0,7553.0,6305.0,10467,41581,6972.0,1,6974.0,5,6975.0,1,6976.0,1,6977.0,2,6978.0,1,6980.0,1,6981.0,2,6983.0,9,6984.0,1,6979.0
AP501,,13:39:01.750#,6929.0,6986.0,6909.0,7553.0,6305.0,10467,41581,6972.0,1,6974.0,5,6975.0,1,6976.0,1,6977.0,2,6979.0,2,6980.0,1,6981.0,2,6983.0,9,6984.0,1,6979.0
AP501,,13:39:02.0#,6929.0,6986.0,6909.0,7553.0,6305.0,10467,41581,6972.0,1,6974.0,5,6975.0,1,6976.0,1,6977.0,2,6980.0,3,6981.0,2,6983.0,9,6984.0,1,6985.0,4,6979.0
AP501,,13:39:02.250#,6929.0,6986.0,6909.0,7553.0,6305.0,10467,41581,6972.0,1,6974.0,5,6975.0,1,6976.0,1,6977.0,2,6979.0,1,6980.0,1,6981.0,2,6983.0,9,6984.0,1,6979.0
AP501,,13:39:03.0#,6929.0,6986.0,6909.0,7553.0,6305.0,10467,41581,6972.0,1,6974.0,5,6975.0,1,6976.0,1,6977.0,2,6979.0,3,6980.0,1,6981.0,2,6983.0,9,6984.0,1,6979.0
AP501,,13:39:03.250#,6929.0,6986.0,6909.0,7553.0,6305.0,10467,41581,6972.0,1,6974.0,5,6975.0,1,6976.0,1,6977.0,2,6978.0,1,6979.0,1,6980.0,1,6981.0,2,6983.0,9,6979.0
AP501,,13:39:03.500#,6929.0,6986.0,6909.0,7553.0,6305.0,10470,41584,6971.0,1,6972.0,1,6974.0,5,6975.0,1,6976.0,1,6979.0,1,6980.0,1,6981.0,2,6983.0,9,6984.0,1,6978.0
AP501,,13:39:04.0#,6929.0,6986.0,6909.0,7553.0,6305.0,10470,41584,6971.0,1,6972.0,1,6974.0,5,6975.0,1,6976.0,1,6979.0,5,6980.0,1,6981.0,2,6983.0,9,6984.0,1,6978.0
AP501,,13:39:04.250#,6929.0,6986.0,6909.0,7553.0,6305.0,10470,41584,6971.0,1,6972.0,1,6974.0,5,6975.0,1,6976.0,1,6978.0,2,6979.0,1,6980.0,1,6981.0,2,6983.0,9,6978.0
AP501,,13:39:04.500#,6929.0,6986.0,6909.0,7553.0,6305.0,10471,41584,6972.0,1,6974.0,5,6975.0,1,6976.0,1,6978.0,1,6979.0,4,6980.0,1,6981.0,2,6983.0,9,6984.0,1,6978.0
AP501,,13:39:04.750#,6929.0,6986.0,6909.0,7553.0,6305.0,10472,41584,6971.0,1,6972.0,1,6974.0,5,6975.0,1,6976.0,1,6979.0,1,6980.0,1,6981.0,2,6983.0,9,6984.0,1,6978.0
AP501,,13:39:05.500#,6929.0,6986.0,6909.0,7553.0,6305.0,10472,41584,6971.0,1,6972.0,1,6974.0,5,6975.0,2,6976.0,1,6979.0,1,6980.0,1,6981.0,2,6983.0,9,6984.0,1,6978.0
AP501,,13:39:05.750#,6929.0,6986.0,6909.0,7553.0,6305.0,10472,41584,6971.0,1,6972.0,1,6974.0,5,6975.0,2,6976.0,1,6979.0,4,6980.0,1,6981.0,2,6983.0,9,6984.0,1,6978.0
AP501,,13:39:06.0#,6929.0,6986.0,6909.0,7553.0,6305.0,10472,41584,6971.0,1,6972.0,1,6974.0,5,6975.0,2,6976.0,1,6979.0,3,6980.0,1,6981.0,2,6983.0,9,6984.0,1,6978.0
AP501,,13:39:06.500#,6929.0,6986.0,6909.0,7553.0,6305.0,10472,41584,6971.0,1,6972.0,1,6974.0,5,6975.0,2,6976.0,1,6978.0,3,6979.0,2,6980.0,1,6981.0,2,6983.0,9,6978.0
AP501,,13:39:09.250#,6929.0,6986.0,6909.0,7553.0,6305.0,10472,41584,6971.0,1,6972.0,1,6974.0,5,6975.0,2,6976.0,1,6978.0,1,6979.0,2,6980.0,1,6981.0,2,6983.0,9,6978.0
AP501,,13:39:09.500#,6929.0,6986.0,6909.0,7553.0,6305.0,10472,41584,6971.0,1,6972.0,1,6974.0,5,6975.0,2,6976.0,1,6977.0,3,6979.0,2,6980.0,1,6981.0,2,6983.0,9,6978.0
AP501,,13:39:10.0#,6929.0,6986.0,6909.0,7553.0,6305.0,10473,41584,6970.0,4,6971.0,1,6972.0,1,6974.0,5,6975.0,2,6977.0,3,6979.0,2,6980.0,1,6981.0,2,6983.0,9,6976.0
AP501,,13:39:10.500#,6929.0,6986.0,6909.0,7553.0,6305.0,10473,41584,6970.0,4,6971.0,1,6972.0,1,6974.0,5,6975.0,2,6977.0,3,6979.0,2,6980.0,1,6981.0,2,6982.0,5,6976.0
AP501,,13:39:11.750#,6929.0,6986.0,6909.0,7553.0,6305.0,10473,41584,6970.0,4,6971.0,1,6972.0,1,6974.0,5,6975.0,3,6977.0,3,6979.0,2,6980.0,1,6981.0,2,6982.0,5,6976.0
AP501,,13:39:13.0#,6929.0,6986.0,6909.0,7553.0,6305.0,10473,41584,6970.0,3,6971.0,1,6972.0,1,6974.0,5,6975.0,3,6977.0,3,6979.0,2,6980.0,1,6981.0,2,6982.0,5,6976.0
AP501,,13:39:14.500#,6929.0,6986.0,6909.0,7553.0,6305.0,10473,41584,6970.0,3,6971.0,1,6972.0,1,6974.0,5,6975.0,3,6978.0,3,6979.0,2,6980.0,1,6981.0,2,6982.0,5,6976.0
AP501,,13:39:15.0#,6929.0,6986.0,6909.0,7553.0,6305.0,10475,41586,6970.0,3,6971.0,1,6972.0,1,6974.0,5,6975.0,1,6976.0,2,6979.0,2,6980.0,1,6981.0,2,6982.0,5,6975.0
AP501,,13:39:15.250#,6929.0,6986.0,6909.0,7553.0,6305.0,10475,41586,6970.0,3,6971.0,1,6972.0,1,6974.0,5,6975.0,1,6978.0,3,6979.0,2,6980.0,1,6981.0,2,6982.0,5,6975.0
AP501,,13:39:17.750#,6929.0,6986.0,6909.0,7553.0,6305.0,10475,41586,6970.0,3,6971.0,1,6972.0,1,6974.0,5,6975.0,1,6978.0,3,6979.0,2,6980.0,1,6981.0,2,6982.0,5,6975.0
AP501,,13:39:19.500#,6929.0,6986.0,6909.0,7553.0,6305.0,10475,41586,6970.0,3,6971.0,1,6972.0,1,6974.0,5,6975.0,1,6977.0,2,6979.0,2,6980.0,1,6981.0,2,6982.0,5,6975.0
AP501,,13:39:20.500#,6929.0,6986.0,6909.0,7553.0,6305.0,10475,41586,6970.0,3,6971.0,1,6972.0,1,6974.0,5,6975.0,1,6977.0,5,6979.0,2,6980.0,1,6981.0,2,6982.0,5,6975.0
AP501,,13:39:21.750#,6929.0,6986.0,6909.0,7553.0,6305.0,10477,41586,6970.0,3,6971.0,1,6972.0,1,6974.0,5,6975.0,1,6977.0,2,6979.0,2,6980.0,1,6981.0,2,6982.0,5,6977.0
AP501,,13:39:22.0#,6929.0,6986.0,6909.0,7553.0,6305.0,10477,41586,6970.0,3,6971.0,1,6972.0,1,6974.0,5,6975.0,2,6977.0,2,6979.0,2,6980.0,1,6981.0,2,6982.0,5,6977.0
AP501,,13:39:22.500#,6929.0,6986.0,6909.0,7553.0,6305.0,10477,41586,6970.0,3,6971.0,1,6972.0,1,6974.0,5,6975.0,2,6977.0,3,6979.0,2,6980.0,1,6981.0,2,6982.0,5,6977.0
AP501,,13:39:22.750#,6929.0,6986.0,6909.0,7553.0,6305.0,10480,41584,6970.0,3,6971.0,1,6972.0,1,6974.0,5,6975.0,2,6977.0,4,6979.0,2,6980.0,1,6981.0,2,6982.0,5,6977.0
AP501,,13:39:23.0#,6929.0,6986.0,6909.0,7553.0,6305.0,10480,41584,6970.0,3,6971.0,1,6972.0,1,6974.0,5,6975.0,2,6977.0,2,6979.0,2,6980.0,1,6981.0,2,6982.0,5,6977.0
AP501,,13:39:23.250#,6929.0,6986.0,6909.0,7553.0,6305.0,10480,41584,6970.0,3,6971.0,1,6972.0,1,6974.0,5,6975.0,2,6977.0,1,6979.0,2,6980.0,1,6981.0,2,6982.0,5,6977.0
AP501,,13:39:24.500#,6929.0,6986.0,6909.0,7553.0,6305.0,10482,41586,6969.0,1,6970.0,3,6971.0,1,6972.0,1,6974.0,5,6975.0,48,6979.0,2,6980.0,1,6981.0,2,6982.0,5,6975.0
AP501,,13:39:24.750#,6929.0,6986.0,6909.0,7553.0,6305.0,10486,41590,6969.0,1,6970.0,3,6971.0,1,6972.0,1,6973.0,1,6975.0,48,6979.0,2,6980.0,1,6981.0,2,6982.0,5,6974.0
AP501,,13:39:25.250#,6929.0,6986.0,6909.0,7553.0,6305.0,10486,41590,6969.0,1,6970.0,3,6971.0,1,6972.0,1,6973.0,1,6975.0,48,6979.0,2,6980.0,1,6981.0,2,6982.0,5,6974.0
AP501,,13:39:25.500#,6929.0,6986.0,6909.0,7553.0,6305.0,10486,41590,6966.0,1,6969.0,1,6970.0,3,6971.0,1,6972.0,3,6975.0,48,6978.0,1,6979.0,2,6980.0,1,6981.0,2,6974.0
AP501,,13:39:25.750#,6929.0,6986.0,6909.0,7553.0,6305.0,10486,41590,6969.0,1,6970.0,3,6971.0,1,6972.0,1,6973.0,6,6975.0,48,6978.0,1,6979.0,2,6980.0,1,6981.0,2,6974.0
AP501,,13:39:26.0#,6929.0,6986.0,6909.0,7553.0,6305.0,10486,41590,6969.0,1,6970.0,3,6971.0,1,6972.0,1,6973.0,6,6975.0,48,6978.0,1,6979.0,2,6980.0,1,6981.0,2,6974.0
AP501,,13:39:26.250#,6929.0,6986.0,6909.0,7553.0,6305.0,10486,41590,6969.0,1,6970.0,3,6971.0,1,6972.0,1,6973.0,6,6975.0,50,6978.0,1,6979.0,2,6980.0,1,6981.0,2,6974.0
AP501,,13:39:26.500#,6929.0,6986.0,6909.0,7553.0,6305.0,10486,41590,6969.0,1,6970.0,3,6971.0,1,6972.0,1,6973.0,6,6975.0,50,6978.0,1,6979.0,2,6980.0,1,6981.0,2,6974.0
AP501,,13:39:27.250#,6929.0,6986.0,6909.0,7553.0,6305.0,10486,41590,6969.0,1,6970.0,3,6971.0,1,6972.0,1,6973.0,6,6975.0,50,6978.0,1,6979.0,2,6980.0,1,6981.0,2,6974.0
AP501,,13:39:29.0#,6929.0,6986.0,6909.0,7553.0,6305.0,10486,41590,6969.0,1,6970.0,3,6971.0,1,6972.0,1,6973.0,6,6975.0,48,6978.0,1,6979.0,2,6980.0,1,6981.0,2,6974.0
AP501,,13:39:29.250#,6929.0,6986.0,6909.0,7553.0,6305.0,10486,41590,6969.0,1,6970.0,3,6971.0,1,6972.0,1,6973.0,6,6975.0,48,6979.0,2,6980.0,1,6981.0,2,6982.0,8,6974.0
AP501,,13:39:30.500#,6929.0,6986.0,6909.0,7553.0,6305.0,10487,41590,6969.0,1,6970.0,3,6971.0,1,6972.0,1,6973.0,5,6975.0,48,6979.0,2,6980.0,1,6981.0,2,6982.0,8,6973.0
AP501,,13:39:30.750#,6929.0,6986.0,6909.0,7553.0,6305.0,10492,41595,6966.0,1,6969.0,1,6970.0,3,6971.0,1,6972.0,2,6973.0,43,6979.0,2,6980.0,1,6981.0,2,6982.0,8,6973.0
AP501,,13:39:31.0#,6929.0,6986.0,6909.0,7553.0,6305.0,10492,41595,6966.0,1,6969.0,1,6970.0,3,6971.0,1,6972.0,2,6973.0,43,6979.0,2,6980.0,1,6981.0,2,6982.0,8,6973.0
AP501,,13:39:31.250#,6929.0,6986.0,6909.0,7553.0,6305.0,10492,41595,6966.0,1,6969.0,1,6970.0,3,6971.0,1,6972.0,2,6973.0,43,6979.0,2,6980.0,1,6981.0,2,6982.0,8,6973.0
AP501,,13:39:32.750#,6929.0,6986.0,6909.0,7553.0,6305.0,10492,41595,6966.0,1,6969.0,1,6970.0,3,6971.0,1,6972.0,1,6973.0,43,6979.0,2,6980.0,1,6981.0,2,6982.0,8,6973.0
AP501,,13:39:33.0#,6929.0,6986.0,6909.0,7553.0,6305.0,10492,41595,6966.0,1,6969.0,1,6970.0,3,6971.0,1,6972.0,1,6973.0,43,6979.0,2,6980.0,1,6981.0,2,6982.0,8,6973.0
AP501,,13:39:33.750#,6929.0,6986.0,6909.0,7553.0,6305.0,10492,41595,6966.0,1,6969.0,1,6970.0,3,6971.0,1,6972.0,2,6973.0,43,6979.0,2,6980.0,1,6981.0,2,6982.0,8,6973.0
AP501,,13:39:34.0#,6929.0,6986.0,6909.0,7553.0,6305.0,10492,41595,6966.0,1,6969.0,1,6970.0,3,6971.0,1,6972.0,1,6973.0,43,6979.0,2,6980.0,1,6981.0,2,6982.0,8,6973.0
AP501,,13:39:34.500#,6929.0,6986.0,6909.0,7553.0,6305.0,10492,41595,6966.0,1,6969.0,1,6970.0,3,6971.0,1,6972.0,1,6973.0,43,6979.0,2,6980.0,1,6981.0,2,6982.0,8,6973.0
AP501,,13:39:35.500#,6929.0,6986.0,6909.0,7553.0,6305.0,10492,41595,6966.0,1,6969.0,1,6970.0,3,6971.0,1,6972.0,1,6973.0,43,6979.0,2,6980.0,1,6981.0,2,6982.0,8,6973.0
AP501,,13:39:36.0#,6929.0,6986.0,6909.0,7553.0,6305.0,10492,41595,6966.0,1,6969.0,1,6970.0,3,6971.0,1,6972.0,1,6973.0,43,6979.0,2,6980.0,1,6981.0,2,6982.0,8,6973.0
AP501,,13:39:36.250#,6929.0,6986.0,6909.0,7553.0,6305.0,10492,41595,6966.0,1,6969.0,1,6970.0,3,6971.0,1,6972.0,3,6973.0,43,6979.0,2,6980.0,1,6981.0,2,6982.0,8,6973.0
AP501,,13:39:37.750#,6929.0,6986.0,6909.0,7553.0,6305.0,10493,41596,6966.0,1,6969.0,1,6970.0,3,6971.0,1,6972.0,2,6973.0,42,6979.0,2,6980.0,1,6981.0,2,6982.0,8,6973.0
AP501,,13:39:38.750#,6929.0,6986.0,6909.0,7553.0,6305.0,10494,41597,6966.0,1,6969.0,1,6970.0,3,6971.0,1,6972.0,1,6973.0,41,6979.0,2,6980.0,1,6981.0,2,6982.0,8,6973.0
AP501,,13:39:40.0#,6929.0,6986.0,6909.0,7553.0,6305.0,10494,41597,6966.0,1,6969.0,1,6970.0,3,6971.0,1,6972.0,2,6973.0,41,6979.0,2,6980.0,1,6981.0,2,6982.0,8,6973.0
AP501,,13:39:41.0#,6929.0,6986.0,6909.0,7553.0,6305.0,10494,41597,6966.0,1,6969.0,1,6970.0,3,6971.0,1,6972.0,2,6973.0,41,6979.0,2,6980.0,1,6981.0,2,6982.0,8,6973.0
AP501,,13:39:41.500#,6929.0,6986.0,6909.0,7553.0,6305.0,10496,41597,6965.0,32,6966.0,1,6969.0,1,6970.0,3,6971.0,1,6972.0,1,6973.0,41,6979.0,2,6980.0,1,6981.0,2,6972.0
AP501,,13:39:41.750#,6929.0,6986.0,6909.0,7553.0,6305.0,10496,41597,6965.0,32,6966.0,1,6969.0,1,6970.0,3,6971.0,1,6972.0,1,6973.0,41,6979.0,2,6980.0,1,6981.0,2,6972.0
AP501,,13:39:43.250#,6929.0,6986.0,6909.0,7553.0,6305.0,10497,41596,6966.0,1,6969.0,1,6970.0,3,6971.0,1,6972.0,4,6973.0,41,6979.0,2,6980.0,1,6981.0,2,6982.0,8,6972.0
AP501,,13:39:43.500#,6929.0,6986.0,6909.0,7553.0,6305.0,10497,41596,6966.0,1,6969.0,1,6970.0,3,6971.0,1,6972.0,4,6973.0,41,6979.0,2,6980.0,1,6981.0,2,6982.0,8,6972.0
AP501,,13:39:46.0#,6929.0,6986.0,6909.0,7553.0,6305.0,10497,41596,6966.0,1,6969.0,1,6970.0,3,6971.0,1,6972.0,4,6973.0,41,6979.0,2,6980.0,1,6981.0,2,6982.0,8,6972.0
AP501,,13:39:46.250#,6929.0,6986.0,6909.0,7553.0,6305.0,10497,41596,6966.0,1,6969.0,1,6970.0,3,6971.0,1,6972.0,4,6973.0,42,6979.0,2,6980.0,1,6981.0,2,6982.0,8,6972.0
AP501,,13:39:47.500#,6929.0,6986.0,6909.0,7553.0,6305.0,10497,41596,6966.0,1,6969.0,1,6970.0,3,6971.0,1,6972.0,4,6973.0,42,6979.0,2,6980.0,1,6981.0,2,6982.0,8,6972.0
AP501,,13:39:49.0#,6929.0,6986.0,6909.0,7553.0,6305.0,10497,41596,6966.0,1,6969.0,1,6970.0,3,6971.0,1,6972.0,4,6973.0,42,6979.0,2,6980.0,1,6981.0,2,6982.0,8,6972.0
AP501,,13:39:50.250#,6929.0,6986.0,6909.0,7553.0,6305.0,10497,41596,6966.0,1,6969.0,1,6970.0,3,6971.0,1,6972.0,4,6973.0,42,6975.0,1,6979.0,2,6980.0,1,6981.0,2,6972.0
AP501,,13:39:51.250#,6929.0,6986.0,6909.0,7553.0,6305.0,10498,41596,6965.0,32,6969.0,1,6970.0,3,6971.0,1,6972.0,3,6973.0,42,6975.0,1,6979.0,2,6980.0,1,6981.0,2,6972.0
AP501,,13:39:51.500#,6929.0,6986.0,6909.0,7553.0,6305.0,10498,41596,6965.0,32,6969.0,1,6970.0,3,6971.0,1,6972.0,3,6973.0,42,6975.0,1,6979.0,2,6980.0,1,6981.0,2,6972.0
AP501,,13:39:51.750#,6929.0,6986.0,6909.0,7553.0,6305.0,10498,41596,6965.0,32,6969.0,1,6970.0,3,6971.0,1,6972.0,3,6973.0,42,6975.0,1,6979.0,2,6980.0,1,6981.0,2,6972.0
AP501,,13:39:52.500#,6929.0,6986.0,6909.0,7553.0,6305.0,10498,41596,6964.0,2,6965.0,32,6970.0,3,6971.0,1,6972.0,3,6973.0,42,6975.0,1,6979.0,2,6980.0,1,6981.0,2,6972.0
AP501,,13:39:53.0#,6929.0,6986.0,6909.0,7553.0,6305.0,10499,41595,6964.0,2,6965.0,32,6970.0,3,6971.0,1,6972.0,2,6973.0,42,6975.0,1,6979.0,2,6980.0,1,6981.0,2,6972.0
AP501,,13:39:54.0#,6929.0,6986.0,6909.0,7553.0,6305.0,10501,41593,6962.0,1,6964.0,2,6965.0,32,6970.0,3,6971.0,1,6973.0,42,6975.0,1,6979.0,2,6980.0,1,6981.0,2,6972.0
AP501,,13:39:54.250#,6929.0,6986.0,6909.0,7553.0,6305.0,10501,41593,6962.0,1,6964.0,2,6965.0,32,6970.0,3,6971.0,2,6972.0,1,6973.0,42,6975.0,1,6979.0,2,6980.0,1,6972.0
AP501,,13:39:54.750#,6929.0,6986.0,6909.0,7553.0,6305.0,10501,41593,6962.0,1,6964.0,2,6965.0,32,6970.0,3,6971.0,2,6972.0,1,6973.0,42,6975.0,1,6979.0,2,6980.0,1,6972.0
AP501,,13:39:55.250#,6929.0,6986.0,6909.0,7553.0,6305.0,10503,41593,6960.0,17,6962.0,1,6964.0,2,6965.0,32,6970.0,3,6972.0,1,6973.0,42,6975.0,1,6979.0,2,6980.0,1,6971.0
AP501,,13:39:57.0#,6929.0,6986.0,6909.0,7553.0,6305.0,10503,41593,6960.0,17,6962.0,1,6964.0,2,6965.0,32,6970.0,3,6972.0,1,6973.0,42,6975.0,1,6979.0,2,6980.0,1,6971.0
AP501,,13:39:57.250#,6929.0,6986.0,6909.0,7553.0,6305.0,10503,41593,6960.0,17,6962.0,1,6964.0,2,6965.0,32,6970.0,3,6972.0,3,6973.0,42,6975.0,1,6979.0,2,6980.0,1,6971.0
AP501,,13:39:57.500#,6929.0,6986.0,6909.0,7553.0,6305.0,10503,41593,6960.0,17,6962.0,1,6964.0,2,6965.0,32,6970.0,4,6972.0,4,6973.0,42,6975.0,1,6979.0,2,6980.0,1,6971.0
AP501,,13:39:57.750#,6929.0,6986.0,6909.0,7553.0,6305.0,10503,41593,6960.0,17,6962.0,1,6964.0,2,6965.0,32,6970.0,4,6971.0,2,6972.0,2,6973.0,42,6975.0,1,6979.0,2,6971.0
AP501,,13:39:58.250#,6929.0,6986.0,6909.0,7553.0,6305.0,10503,41593,6960.0,17,6962.0,1,6964.0,2,6965.0,32,6970.0,4,6972.0,4,6973.0,42,6975.0,1,6979.0,2,6980.0,1,6971.0
AP501,,13:39:58.750#,6929.0,6986.0,6909.0,7553.0,6305.0,10504,41593,6960.0,17,6962.0,1,6964.0,2,6965.0,32,6970.0,3,6972.0,3,6973.0,42,6975.0,1,6979.0,2,6980.0,1,6970.0
AP501,,13:39:59.0#,6929.0,6986.0,6909.0,7553.0,6305.0,10507,41595,6960.0,17,6962.0,1,6964.0,2,6965.0,32,6969.0,1,6971.0,1,6972.0,3,6973.0,42,6975.0,1,6979.0,2,6970.0
AP501,,13:39:59.250#,6929.0,6986.0,6909.0,7553.0,6305.0,10507,41595,6960.0,17,6962.0,1,6964.0,2,6965.0,32,6969.0,1,6971.0,1,6972.0,3,6973.0,42,6975.0,1,6979.0,2,6970.0
AP501,,13:39:59.750#,6929.0,6986.0,6909.0,7553.0,6305.0,10507,41595,6960.0,17,6962.0,1,6964.0,2,6965.0,32,6969.0,1,6971.0,2,6972.0,3,6973.0,42,6975.0,1,6979.0,2,6970.0
AP501,,13:40:00.250#,6929.0,6986.0,6909.0,7553.0,6305.0,10507,41595,6960.0,17,6962.0,1,6964.0,2,6965.0,32,6969.0,1,6972.0,4,6973.0,42,6975.0,1,6979.0,2,6980.0,1,6970.0
AP501,,13:40:00.500#,6929.0,6986.0,6909.0,7553.0,6305.0,10507,41595,6960.0,17,6962.0,1,6964.0,2,6965.0,32,6969.0,1,6971.0,1,6972.0,2,6973.0,42,6975.0,1,6979.0,2,6970.0
AP501,,13:40:00.750#,6929.0,6986.0,6909.0,7553.0,6305.0,10512,41594,6960.0,17,6962.0,1,6964.0,2,6965.0,32,6969.0,1,6971.0,2,6972.0,2,6973.0,42,6975.0,1,6979.0,2,6971.0
AP501,,13:40:01.0#,6929.0,6986.0,6909.0,7553.0,6305.0,10512,41594,6960.0,17,6962.0,1,6964.0,2,6965.0,32,6969.0,1,6972.0,5,6973.0,42,6975.0,1,6979.0,2,6980.0,1,6971.0
AP501,,13:40:01.250#,6929.0,6986.0,6909.0,7553.0,6305.0,10513,41593,6960.0,17,6962.0,1,6964.0,2,6965.0,32,6968.0,1,6969.0,9,6972.0,1,6973.0,42,6975.0,1,6979.0,2,6969.0
AP501,,13:40:01.500#,6929.0,6986.0,6909.0,7553.0,6305.0,10515,41593,6960.0,17,6962.0,1,6964.0,2,6965.0,32,6968.0,1,6969.0,7,6972.0,1,6973.0,42,6975.0,1,6979.0,2,6969.0
AP501,,13:40:01.750#,6929.0,6986.0,6909.0,7553.0,6305.0,10515,41593,6960.0,17,6962.0,1,6964.0,2,6965.0,32,6968.0,5,6969.0,7,6972.0,1,6973.0,42,6975.0,1,6979.0,2,6969.0
AP501,,13:40:02.0#,6929.0,6986.0,6909.0,7553.0,6305.0,10517,41591,6960.0,17,6962.0,1,6964.0,2,6965.0,32,6968.0,5,6969.0,5,6972.0,1,6973.0,42,6975.0,2,6979.0,2,6969.0
AP501,,13:40:02.250#,6929.0,6986.0,6909.0,7553.0,6305.0,10522,41586,6960.0,17,6962.0,1,6964.0,2,6965.0,32,6968.0,5,6972.0,1,6973.0,42,6975.0,2,6979.0,2,6980.0,1,6969.0
AP501,,13:40:02.500#,6929.0,6986.0,6909.0,7553.0,6305.0,10522,41586,6962.0,1,6964.0,2,6965.0,32,6968.0,2,6969.0,3,6973.0,46,6975.0,2,6979.0,2,6980.0,1,6981.0,2,6969.0
AP501,,13:40:02.750#,6929.0,6986.0,6909.0,7553.0,6305.0,10522,41586,6964.0,2,6965.0,32,6968.0,2,6969.0,3,6970.0,1,6973.0,46,6975.0,2,6979.0,2,6980.0,1,6981.0,2,6969.0
AP501,,13:40:03.0#,6929.0,6986.0,6909.0,7553.0,6305.0,10522,41586,6964.0,2,6965.0,32,6968.0,2,6969.0,3,6971.0,1,6973.0,42,6975.0,2,6979.0,2,6980.0,1,6981.0,2,6969.0
AP501,,13:40:03.250#,6929.0,6986.0,6909.0,7553.0,6305.0,10522,41586,6964.0,2,6965.0,32,6968.0,2,6969.0,3,6971.0,3,6973.0,42,6975.0,2,6979.0,2,6980.0,1,6981.0,2,6969.0
AP501,,13:40:04.0#,6929.0,6986.0,6909.0,7553.0,6305.0,10523,41586,6964.0,2,6965.0,32,6968.0,2,6969.0,3,6971.0,2,6973.0,42,6975.0,2,6979.0,2,6980.0,1,6981.0,2,6969.0
AP501,,13:40:04.750#,6929.0,6986.0,6909.0,7553.0,6305.0,10523,41586,6962.0,1,6964.0,2,6965.0,32,6968.0,2,6969.0,4,6973.0,42,6975.0,2,6979.0,2,6980.0,1,6981.0,2,6969.0
AP501,,13:40:05.0#,6929.0,6986.0,6909.0,7553.0,6305.0,10523,41586,6964.0,2,6965.0,32,6968.0,2,6969.0,3,6970.0,3,6973.0,42,6975.0,2,6979.0,2,6980.0,1,6981.0,2,6969.0
AP501,,13:40:05.500#,6929.0,6986.0,6909.0,7553.0,6305.0,10523,41586,6965.0,32,6967.0,1,6968.0,2,6969.0,3,6970.0,3,6973.0,42,6975.0,2,6979.0,2,6980.0,1,6981.0,2,6969.0
AP501,,13:40:06.0#,6929.0,6986.0,6909.0,7553.0,6305.0,10523,41586,6965.0,32,6967.0,1,6968.0,2,6969.0,3,6970.0,4,6973.0,42,6975.0,2,6979.0,2,6980.0,1,6981.0,2,6969.0
AP501,,13:40:06.500#,6929.0,6986.0,6909.0,7553.0,6305.0,10523,41586,6965.0,32,6967.0,1,6968.0,2,6969.0,3,6970.0,4,6973.0,1,6975.0,2,6979.0,2,6980.0,1,6981.0,2,6969.0
AP501,,13:40:06.750#,6929.0,6986.0,6909.0,7553.0,6305.0,10523,41586,6967.0,1,6968.0,2,6969.0,3,6970.0,3,6971.0,4,6972.0,41,6975.0,2,6979.0,2,6980.0,1,6981.0,2,6969.0
AP501,,13:40:07.0#,6929.0,6986.0,6909.0,7553.0,6305.0,10523,41586,6965.0,32,6967.0,1,6968.0,2,6969.0,3,6970.0,1,6972.0,42,6975.0,2,6979.0,2,6980.0,1,6981.0,2,6969.0
AP501,,13:40:07.500#,6929.0,6986.0,6909.0,7553.0,6305.0,10523,41586,6965.0,32,6967.0,1,6968.0,2,6969.0,5,6970.0,1,6972.0,42,6975.0,2,6979.0,2,6980.0,1,6981.0,2,6969.0
AP501,,13:40:08.500#,6929.0,6986.0,6909.0,7553.0,6305.0,10524,41587,6964.0,2,6965.0,32,6967.0,1,6968.0,2,6969.0,6,6972.0,42,6975.0,2,6979.0,2,6980.0,1,6981.0,2,6971.0
AP501,,13:40:09.250#,6929.0,6986.0,6909.0,7553.0,6305.0,10524,41587,6964.0,2,6965.0,32,6967.0,1,6968.0,2,6969.0,6,6972.0,42,6975.0,2,6979.0,2,6980.0,1,6981.0,2,6971.0
AP501,,13:40:10.0#,6929.0,6986.0,6909.0,7553.0,6305.0,10526,41589,6964.0,2,6965.0,32,6967.0,1,6968.0,2,6969.0,6,6972.0,40,6975.0,2,6979.0,2,6980.0,1,6981.0,2,6972.0
AP501,,13:40:10.250#,6929.0,6986.0,6909.0,7553.0,6305.0,10526,41589,6965.0,32,6967.0,1,6968.0,2,6969.0,5,6970.0,3,6972.0,40,6975.0,2,6979.0,2,6980.0,1,6981.0,2,6972.0
AP501,,13:40:10.500#,6929.0,6986.0,6909.0,7553.0,6305.0,10526,41589,6967.0,1,6968.0,2,6969.0,5,6970.0,3,6971.0,2,6972.0,40,6975.0,2,6979.0,2,6980.0,1,6981.0,2,6972.0
AP501,,13:40:12.500#,6929.0,6986.0,6909.0,7553.0,6305.0,10527,41589,6967.0,1,6968.0,2,6969.0,5,6970.0,3,6971.0,1,6972.0,40,6975.0,2,6979.0,2,6980.0,1,6981.0,2,6971.0
AP501,,13:40:12.750#,6929.0,6986.0,6909.0,7553.0,6305.0,10528,41589,6964.0,2,6965.0,32,6967.0,1,6968.0,2,6969.0,5,6972.0,40,6975.0,2,6979.0,2,6980.0,1,6981.0,2,6971.0
AP501,,13:40:13.0#,6929.0,6986.0,6909.0,7553.0,6305.0,10528,41589,6964.0,2,6965.0,32,6967.0,1,6968.0,2,6969.0,5,6971.0,11,6972.0,40,6975.0,2,6979.0,2,6980.0,1,6971.0
AP501,,13:40:13.250#,6929.0,6986.0,6909.0,7553.0,6305.0,10528,41589,6964.0,2,6965.0,32,6967.0,1,6968.0,2,6969.0,4,6971.0,11,6972.0,40,6975.0,2,6979.0,2,6980.0,1,6971.0
AP501,,13:40:14.500#,6929.0,6986.0,6909.0,7553.0,6305.0,10528,41589,6964.0,2,6965.0,32,6967.0,1,6968.0,2,6969.0,4,6971.0,11,6972.0,40,6975.0,2,6979.0,2,6980.0,1,6971.0
AP501,,13:40:15.0#,6929.0,6986.0,6909.0,7553.0,6305.0,10529,41589,6964.0,2,6965.0,32,6967.0,1,6968.0,2,6969.0,3,6971.0,11,6972.0,40,6975.0,2,6979.0,2,6980.0,1,6969.0
AP501,,13:40:15.250#,6929.0,6986.0,6909.0,7553.0,6305.0,10529,41589,6965.0,32,6967.0,1,6968.0,2,6969.0,3,6970.0,2,6971.0,11,6972.0,40,6975.0,2,6979.0,2,6980.0,1,6969.0
AP501,,13:40:15.500#,6929.0,6986.0,6909.0,7553.0,6305.0,10530,41590,6965.0,32,6967.0,1,6968.0,2,6969.0,3,6970.0,2,6971.0,10,6972.0,40,6975.0,2,6979.0,2,6980.0,1,6971.0
AP501,,13:40:16.250#,6929.0,6986.0,6909.0,7553.0,6305.0,10530,41590,6965.0,32,6967.0,1,6968.0,2,6969.0,3,6970.0,2,6972.0,40,6975.0,2,6979.0,2,6980.0,1,6981.0,2,6971.0
AP501,,13:40:16.500#,6929.0,6986.0,6909.0,7553.0,6305.0,10530,41590,6965.0,32,6967.0,1,6968.0,2,6969.0,3,6970.0,2,6972.0,40,6975.0,2,6979.0,2,6980.0,1,6981.0,2,6971.0
AP501,,13:40:18.750#,6929.0,6986.0,6909.0,7553.0,6305.0,10530,41590,6965.0,32,6967.0,1,6968.0,2,6969.0,4,6970.0,2,6972.0,40,6973.0,1,6975.0,2,6979.0,2,6980.0,1,6971.0
AP501,,13:40:19.0#,6929.0,6986.0,6909.0,7553.0,6305.0,10532,41590,6964.0,2,6965.0,32,6967.0,1,6968.0,2,6969.0,4,6970.0,8,6972.0,40,6973.0,1,6975.0,2,6979.0,2,6970.0
AP501,,13:40:19.500#,6929.0,6986.0,6909.0,7553.0,6305.0,10532,41590,6964.0,2,6965.0,32,6967.0,1,6968.0,2,6969.0,4,6970.0,8,6972.0,42,6973.0,1,6975.0,2,6979.0,2,6970.0
AP501,,13:40:20.250#,6929.0,6986.0,6909.0,7553.0,6305.0,10532,41590,6964.0,2,6965.0,32,6967.0,1,6968.0,2,6969.0,4,6970.0,8,6972.0,42,6973.0,1,6975.0,2,6979.0,2,6970.0
AP501,,13:40:21.0#,6929.0,6986.0,6909.0,7553.0,6305.0,10533,41589,6964.0,2,6965.0,32,6967.0,1,6968.0,2,6969.0,4,6970.0,7,6972.0,42,6973.0,1,6975.0,2,6979.0,2,6970.0
AP501,,13:40:23.0#,6929.0,6986.0,6909.0,7553.0,6305.0,10533,41589,6964.0,2,6965.0,32,6967.0,1,6968.0,2,6969.0,4,6970.0,7,6972.0,42,6973.0,1,6975.0,2,6979.0,2,6970.0
AP501,,13:40:26.500#,6929.0,6986.0,6909.0,7553.0,6305.0,10534,41590,6964.0,2,6965.0,32,6967.0,1,6968.0,2,6969.0,4,6970.0,7,6972.0,42,6973.0,1,6975.0,2,6979.0,2,6969.0
AP501,,13:40:27.750#,6929.0,6986.0,6909.0,7553.0,6305.0,10534,41590,6964.0,2,6965.0,32,6967.0,1,6968.0,2,6969.0,4,6972.0,42,6973.0,1,6975.0,2,6979.0,2,6980.0,1,6969.0
AP501,,13:40:28.500#,6929.0,6986.0,6909.0,7553.0,6305.0,10534,41590,6965.0,32,6967.0,1,6968.0,2,6969.0,4,6970.0,1,6972.0,42,6973.0,1,6975.0,2,6979.0,2,6980.0,1,6969.0
AP501,,13:40:29.0#,6929.0,6986.0,6909.0,7553.0,6305.0,10534,41590,6965.0,32,6967.0,1,6968.0,2,6969.0,4,6970.0,2,6972.0,42,6973.0,1,6975.0,2,6979.0,2,6980.0,1,6969.0
AP501,,13:40:29.250#,6929.0,6986.0,6909.0,7553.0,6305.0,10534,41590,6967.0,1,6968.0,2,6969.0,4,6970.0,2,6971.0,2,6972.0,42,6973.0,1,6975.0,2,6979.0,2,6980.0,1,6969.0
AP501,,13:40:31.750#,6929.0,6986.0,6909.0,7553.0,6305.0,10535,41590,6967.0,1,6968.0,2,6969.0,4,6970.0,2,6971.0,2,6972.0,41,6973.0,1,6975.0,2,6979.0,2,6980.0,1,6972.0
AP501,,13:40:32.0#,6929.0,6986.0,6909.0,7553.0,6305.0,10557,41590,6967.0,1,6968.0,2,6969.0,4,6970.0,2,6971.0,2,6972.0,19,6973.0,1,6975.0,2,6979.0,2,6980.0,1,6972.0
AP501,,13:40:32.250#,6929.0,6986.0,6909.0,7553.0,6305.0,10577,41593,6967.0,1,6968.0,2,6969.0,4,6970.0,2,6971.0,3,6973.0,1,6975.0,2,6979.0,2,6980.0,1,6981.0,2,6971.0
AP501,,13:40:32.500#,6929.0,6986.0,6909.0,7553.0,6305.0,10578,41593,6968.0,2,6969.0,4,6970.0,2,6971.0,1,6972.0,4,6975.0,4,6979.0,2,6980.0,1,6981.0,2,6982.0,8,6973.0
AP501,,13:40:32.750#,6929.0,6986.0,6909.0,7553.0,6305.0,10578,41593,6968.0,2,6969.0,4,6970.0,2,6971.0,1,6972.0,4,6975.0,2,6979.0,2,6980.0,1,6981.0,2,6982.0,8,6973.0
AP501,,13:40:33.0#,6929.0,6986.0,6909.0,7553.0,6305.0,10578,41593,6969.0,4,6970.0,2,6971.0,1,6972.0,4,6973.0,1,6975.0,2,6979.0,2,6980.0,1,6981.0,2,6982.0,8,6973.0
AP501,,13:40:33.250#,6929.0,6986.0,6909.0,7553.0,6305.0,10578,41593,6969.0,4,6970.0,2,6971.0,1,6972.0,3,6973.0,3,6975.0,2,6979.0,2,6980.0,1,6981.0,2,6982.0,8,6973.0
AP501,,13:40:33.500#,6929.0,6986.0,6909.0,7553.0,6305.0,10585,41592,6967.0,1,6968.0,2,6969.0,4,6970.0,2,6971.0,1,6975.0,2,6979.0,2,6980.0,1,6981.0,2,6982.0,8,6972.0
AP501,,13:40:36.250#,6929.0,6986.0,6909.0,7553.0,6305.0,10585,41592,6967.0,1,6968.0,2,6969.0,4,6970.0,2,6971.0,1,6975.0,2,6979.0,2,6980.0,1,6981.0,2,6982.0,8,6972.0
AP501,,13:40:36.750#,6929.0,6986.0,6909.0,7553.0,6305.0,10585,41592,6967.0,1,6968.0,2,6969.0,4,6970.0,2,6971.0,1,6975.0,4,6979.0,2,6980.0,1,6981.0,2,6982.0,8,6972.0
AP501,,13:40:37.0#,6929.0,6986.0,6909.0,7553.0,6305.0,10585,41592,6967.0,1,6968.0,2,6969.0,4,6970.0,2,6971.0,1,6974.0,1,6975.0,4,6979.0,2,6980.0,1,6981.0,2,6972.0
AP501,,13:40:37.250#,6929.0,6986.0,6909.0,7553.0,6305.0,10585,41592,6967.0,1,6968.0,2,6969.0,4,6970.0,2,6971.0,1,6974.0,1,6975.0,4,6979.0,1,6980.0,1,6981.0,2,6972.0
AP501,,13:40:37.750#,6929.0,6986.0,6909.0,7553.0,6305.0,10586,41592,6965.0,32,6967.0,1,6968.0,2,6969.0,4,6970.0,3,6971.0,1,6974.0,1,6975.0,4,6979.0,1,6980.0,1,6971.0
AP501,,13:40:38.0#,6929.0,6986.0,6909.0,7553.0,6305.0,10587,41591,6967.0,1,6968.0,2,6969.0,4,6970.0,2,6971.0,1,6974.0,1,6975.0,4,6979.0,1,6980.0,1,6981.0,2,6971.0
AP501,,13:40:38.500#,6929.0,6986.0,6909.0,7553.0,6305.0,10587,41591,6967.0,1,6968.0,2,6969.0,4,6970.0,3,6971.0,1,6974.0,1,6975.0,4,6979.0,1,6980.0,1,6981.0,2,6971.0
AP501,,13:40:41.750#,6929.0,6986.0,6909.0,7553.0,6305.0,10587,41591,6967.0,1,6968.0,2,6969.0,4,6970.0,3,6971.0,1,6974.0,1,6975.0,4,6979.0,1,6980.0,1,6981.0,2,6971.0
AP501,,13:40:43.500#,6929.0,6986.0,6909.0,7553.0,6305.0,10587,41591,6967.0,1,6968.0,2,6969.0,4,6970.0,3,6971.0,1,6974.0,1,6975.0,3,6979.0,1,6980.0,1,6981.0,2,6971.0
AP501,,13:40:43.750#,6929.0,6986.0,6909.0,7553.0,6305.0,10588,41592,6968.0,2,6969.0,4,6970.0,3,6971.0,1,6974.0,1,6975.0,3,6979.0,1,6980.0,1,6981.0,2,6982.0,8,6974.0
AP501,,13:40:44.0#,6929.0,6986.0,6909.0,7553.0,6305.0,10589,41593,6967.0,1,6968.0,2,6969.0,4,6970.0,2,6971.0,1,6975.0,3,6979.0,1,6980.0,1,6981.0,2,6982.0,8,6974.0
AP501,,13:40:44.250#,6929.0,6986.0,6909.0,7553.0,6305.0,10589,41593,6967.0,1,6968.0,2,6969.0,4,6970.0,2,6971.0,2,6975.0,3,6979.0,1,6980.0,1,6981.0,2,6982.0,8,6974.0
AP501,,13:40:44.500#,6929.0,6986.0,6909.0,7553.0,6305.0,10589,41593,6968.0,2,6969.0,4,6970.0,2,6971.0,2,6972.0,1,6975.0,3,6979.0,1,6980.0,1,6981.0,2,6982.0,8,6974.0
AP501,,13:40:44.750#,6929.0,6986.0,6909.0,7553.0,6305.0,10589,41593,6969.0,4,6970.0,2,6971.0,2,6972.0,1,6974.0,1,6975.0,3,6979.0,1,6980.0,1,6981.0,2,6982.0,8,6974.0
AP501,,13:40:47.0#,6929.0,6986.0,6909.0,7553.0,6305.0,10589,41593,6969.0,4,6970.0,2,6971.0,4,6972.0,1,6974.0,1,6975.0,3,6979.0,1,6980.0,1,6981.0,2,6982.0,8,6974.0
AP501,,13:40:47.250#,6929.0,6986.0,6909.0,7553.0,6305.0,10593,41596,6967.0,1,6968.0,2,6969.0,4,6970.0,2,6971.0,3,6975.0,3,6979.0,1,6981.0,2,6982.0,8,6983.0,8,6971.0
AP501,,13:40:47.500#,6929.0,6986.0,6909.0,7553.0,6305.0,10593,41596,6967.0,1,6968.0,2,6969.0,4,6970.0,2,6971.0,3,6974.0,1,6975.0,3,6979.0,1,6981.0,2,6982.0,8,6971.0
AP501,,13:40:48.750#,6929.0,6986.0,6909.0,7553.0,6305.0,10594,41596,6967.0,1,6968.0,2,6969.0,4,6970.0,2,6971.0,2,6974.0,1,6975.0,3,6979.0,1,6981.0,2,6982.0,8,6971.0
AP501,,13:40:50.0#,6929.0,6986.0,6909.0,7553.0,6305.0,10595,41596,6967.0,1,6968.0,2,6969.0,4,6970.0,2,6971.0,2,6975.0,3,6979.0,1,6981.0,2,6982.0,8,6983.0,8,6974.0
AP501,,13:40:51.500#,6929.0,6986.0,6909.0,7553.0,6305.0,10595,41596,6967.0,1,6968.0,2,6969.0,4,6970.0,2,6971.0,2,6975.0,5,6979.0,1,6981.0,2,6982.0,8,6983.0,8,6974.0
AP501,,13:40:53.0#,6929.0,6986.0,6909.0,7553.0,6305.0,10595,41596,6967.0,1,6968.0,2,6969.0,4,6970.0,2,6971.0,2,6975.0,5,6979.0,1,6981.0,2,6982.0,8,6983.0,8,6974.0
AP501,,13:40:54.250#,6929.0,6986.0,6909.0,7553.0,6305.0,10595,41596,6967.0,1,6968.0,2,6969.0,4,6970.0,2,6971.0,2,6975.0,6,6979.0,1,6981.0,2,6982.0,8,6983.0,8,6974.0
AP501,,13:40:54.500#,6929.0,6986.0,6909.0,7553.0,6305.0,10595,41596,6967.0,1,6968.0,2,6969.0,4,6970.0,2,6971.0,2,6974.0,1,6975.0,4,6979.0,1,6981.0,2,6982.0,8,6974.0
AP501,,13:40:54.750#,6929.0,6986.0,6909.0,7553.0,6305.0,10595,41596,6967.0,1,6968.0,2,6969.0,2,6970.0,2,6971.0,2,6974.0,1,6975.0,4,6979.0,1,6981.0,2,6982.0,8,6974.0
AP501,,13:40:57.0#,6929.0,6986.0,6909.0,7553.0,6305.0,10595,41596,6967.0,1,6968.0,2,6969.0,2,6970.0,2,6971.0,2,6974.0,3,6975.0,4,6979.0,1,6981.0,2,6982.0,8,6974.0
AP501,,13:40:57.250#,6929.0,6986.0,6909.0,7553.0,6305.0,10595,41596,6967.0,1,6968.0,2,6969.0,2,6970.0,2,6971.0,2,6973.0,5,6974.0,1,6975.0,4,6979.0,1,6981.0,2,6974.0
AP501,,13:40:58.500#,6929.0,6986.0,6909.0,7553.0,6305.0,10596,41596,6967.0,1,6968.0,2,6969.0,2,6970.0,2,6971.0,2,6973.0,4,6974.0,1,6975.0,4,6979.0,1,6981.0,2,6973.0
AP501,,13:40:58.750#,6929.0,6986.0,6909.0,7553.0,6305.0,10596,41596,6967.0,1,6968.0,2,6969.0,2,6970.0,2,6971.0,2,6973.0,4,6974.0,1,6975.0,4,6979.0,1,6981.0,2,6973.0
AP501,,13:41:00.500#,6929.0,6986.0,6909.0,7553.0,6305.0,10596,41596,6967.0,1,6968.0,2,6969.0,2,6970.0,2,6971.0,2,6973.0,4,6974.0,1,6975.0,4,6979.0,1,6981.0,2,6973.0
AP501,,13:41:03.500#,6929.0,6986.0,6909.0,7553.0,6305.0,10597,41596,6967.0,1,6968.0,2,6969.0,2,6970.0,2,6971.0,2,6973.0,3,6974.0,1,6975.0,4,6979.0,1,6981.0,2,6973.0
AP501,,13:41:03.750#,6929.0,6986.0,6909.0,7553.0,6305.0,10597,41596,6967.0,1,6968.0,2,6969.0,2,6970.0,2,6971.0,2,6973.0,1,6974.0,1,6975.0,4,6979.0,1,6981.0,2,6973.0
AP501,,13:41:04.750#,6929.0,6986.0,6909.0,7553.0,6305.0,10597,41596,6967.0,1,6968.0,2,6969.0,2,6970.0,2,6971.0,2,6973.0,1,6974.0,1,6975.0,4,6979.0,1,6981.0,2,6973.0
AP501,,13:41:07.250#,6929.0,6986.0,6909.0,7553.0,6305.0,10597,41596,6967.0,1,6968.0,2,6969.0,2,6970.0,2,6971.0,3,6973.0,1,6974.0,1,6975.0,4,6979.0,1,6981.0,2,6973.0
AP501,,13:41:07.500#,6929.0,6986.0,6909.0,7553.0,6305.0,10597,41596,6967.0,1,6968.0,2,6969.0,2,6970.0,2,6971.0,3,6974.0,3,6975.0,4,6979.0,1,6981.0,2,6982.0,8,6973.0
AP501,,13:41:07.750#,6929.0,6986.0,6909.0,7553.0,6305.0,10597,41596,6967.0,1,6968.0,2,6969.0,2,6970.0,2,6971.0,3,6973.0,1,6974.0,2,6975.0,4,6979.0,1,6981.0,2,6973.0
AP501,,13:41:08.250#,6929.0,6986.0,6909.0,7553.0,6305.0,10597,41596,6967.0,1,6968.0,2,6969.0,2,6970.0,2,6971.0,3,6973.0,5,6974.0,2,6975.0,4,6979.0,1,6981.0,2,6973.0
AP501,,13:41:10.750#,6929.0,6986.0,6909.0,7553.0,6305.0,10597,41596,6967.0,1,6968.0,2,6969.0,2,6970.0,2,6971.0,3,6972.0,2,6973.0,3,6974.0,2,6975.0,4,6979.0,1,6973.0
AP501,,13:41:11.0#,6929.0,6986.0,6909.0,7553.0,6305.0,10600,41599,6965.0,32,6967.0,1,6968.0,2,6969.0,2,6970.0,8,6972.0,2,6973.0,3,6974.0,2,6975.0,4,6979.0,1,6971.0
AP501,,13:41:11.500#,6929.0,6986.0,6909.0,7553.0,6305.0,10600,41599,6965.0,32,6967.0,1,6968.0,2,6969.0,2,6970.0,7,6971.0,2,6973.0,3,6974.0,1,6975.0,4,6979.0,1,6971.0
AP501,,13:41:11.750#,6929.0,6986.0,6909.0,7553.0,6305.0,10600,41599,6965.0,32,6967.0,1,6968.0,2,6969.0,2,6970.0,10,6971.0,2,6973.0,3,6974.0,1,6975.0,4,6979.0,1,6971.0
AP501,,13:41:14.0#,6929.0,6986.0,6909.0,7553.0,6305.0,10600,41599,6965.0,32,6967.0,1,6968.0,2,6969.0,2,6970.0,8,6971.0,2,6973.0,3,6974.0,1,6975.0,4,6979.0,1,6971.0
AP501,,13:41:14.250#,6929.0,6986.0,6909.0,7553.0,6305.0,10600,41599,6965.0,32,6967.0,1,6968.0,2,6969.0,2,6970.0,8,6971.0,3,6973.0,3,6974.0,1,6975.0,4,6979.0,1,6971.0
AP501,,13:41:14.500#,6929.0,6986.0,6909.0,7553.0,6305.0,10600,41599,6965.0,32,6967.0,1,6968.0,2,6969.0,2,6970.0,7,6971.0,3,6973.0,3,6974.0,1,6975.0,4,6979.0,1,6971.0
AP501,,13:41:15.0#,6929.0,6986.0,6909.0,7553.0,6305.0,10600,41599,6965.0,32,6967.0,1,6968.0,2,6969.0,2,6970.0,4,6971.0,3,6973.0,3,6974.0,1,6975.0,4,6979.0,1,6971.0
AP501,,13:41:15.250#,6929.0,6986.0,6909.0,7553.0,6305.0,10603,41602,6965.0,32,6967.0,1,6968.0,2,6969.0,2,6970.0,1,6971.0,1,6973.0,3,6974.0,1,6975.0,4,6979.0,1,6970.0
AP501,,13:41:15.500#,6929.0,6986.0,6909.0,7553.0,6305.0,10603,41602,6965.0,32,6967.0,1,6968.0,2,6969.0,2,6970.0,1,6971.0,3,6973.0,3,6974.0,1,6975.0,4,6979.0,1,6970.0
AP501,,13:41:15.750#,6929.0,6986.0,6909.0,7553.0,6305.0,10603,41602,6965.0,32,6967.0,1,6968.0,2,6969.0,2,6970.0,1,6971.0,3,6973.0,3,6974.0,1,6975.0,4,6979.0,1,6970.0
AP501,,13:41:16.500#,6929.0,6986.0,6909.0,7553.0,6305.0,10604,41603,6964.0,3,6965.0,32,6967.0,1,6968.0,2,6969.0,2,6971.0,3,6973.0,3,6974.0,1,6975.0,4,6979.0,1,6970.0
AP501,,13:41:16.750#,6929.0,6986.0,6909.0,7553.0,6305.0,10604,41603,6964.0,3,6965.0,32,6967.0,1,6968.0,2,6969.0,2,6970.0,2,6971.0,2,6973.0,3,6974.0,1,6975.0,4,6970.0
AP501,,13:41:17.500#,6929.0,6986.0,6909.0,7553.0,6305.0,10604,41603,6964.0,3,6965.0,32,6967.0,1,6968.0,2,6969.0,2,6970.0,1,6971.0,2,6973.0,3,6974.0,1,6975.0,4,6970.0
AP501,,13:41:18.250#,6929.0,6986.0,6909.0,7553.0,6305.0,10605,41604,6964.0,3,6965.0,32,6967.0,1,6968.0,2,6969.0,1,6970.0,5,6971.0,2,6973.0,3,6974.0,1,6975.0,4,6969.0
AP501,,13:41:18.500#,6929.0,6986.0,6909.0,7553.0,6305.0,10606,41605,6962.0,1,6964.0,3,6965.0,32,6967.0,1,6968.0,3,6969.0,1,6970.0,1,6971.0,2,6973.0,3,6974.0,1,6969.0
AP501,,13:41:19.0#,6929.0,6986.0,6909.0,7553.0,6305.0,10607,41604,6962.0,1,6964.0,3,6965.0,32,6967.0,1,6968.0,1,6969.0,1,6970.0,1,6971.0,2,6973.0,3,6974.0,1,6969.0
AP501,,13:41:19.250#,6929.0,6986.0,6909.0,7553.0,6305.0,10607,41604,6962.0,1,6964.0,3,6965.0,32,6967.0,1,6968.0,1,6970.0,5,6971.0,2,6973.0,3,6974.0,1,6975.0,4,6969.0
AP501,,13:41:19.500#,6929.0,6986.0,6909.0,7553.0,6305.0,10607,41604,6962.0,1,6964.0,3,6965.0,32,6967.0,1,6968.0,3,6970.0,5,6971.0,2,6973.0,3,6974.0,1,6975.0,4,6969.0
AP501,,13:41:19.750#,6929.0,6986.0,6909.0,7553.0,6305.0,10607,41604,6962.0,1,6964.0,3,6965.0,32,6967.0,1,6968.0,3,6970.0,5,6971.0,2,6972.0,2,6973.0,3,6974.0,1,6969.0
AP501,,13:41:20.0#,6929.0,6986.0,6909.0,7553.0,6305.0,10610,41604,6961.0,2,6962.0,1,6964.0,3,6965.0,32,6967.0,1,6968.0,1,6970.0,1,6971.0,2,6972.0,2,6973.0,3,6968.0
AP501,,13:41:20.250#,6929.0,6986.0,6909.0,7553.0,6305.0,10610,41604,6961.0,2,6962.0,1,6964.0,3,6965.0,32,6967.0,1,6968.0,1,6970.0,1,6971.0,2,6972.0,2,6973.0,3,6968.0
AP501,,13:41:20.750#,6929.0,6986.0,6909.0,7553.0,6305.0,10610,41604,6961.0,2,6962.0,1,6964.0,3,6965.0,32,6967.0,1,6969.0,1,6970.0,1,6971.0,2,6972.0,2,6973.0,3,6968.0
AP501,,13:41:22.0#,6929.0,6986.0,6909.0,7553.0,6305.0,10610,41604,6962.0,1,6964.0,3,6965.0,32,6967.0,1,6969.0,1,6970.0,2,6971.0,2,6972.0,2,6973.0,3,6974.0,1,6968.0
AP501,,13:41:23.250#,6929.0,6986.0,6909.0,7553.0,6305.0,10611,41604,6961.0,2,6962.0,1,6964.0,3,6965.0,32,6967.0,1,6970.0,3,6971.0,2,6972.0,2,6973.0,3,6974.0,1,6969.0
AP501,,13:41:23.500#,6929.0,6986.0,6909.0,7553.0,6305.0,10611,41604,6962.0,1,6964.0,3,6965.0,32,6967.0,2,6968.0,2,6970.0,3,6971.0,2,6972.0,2,6973.0,3,6974.0,1,6969.0
AP501,,13:41:24.500#,6929.0,6986.0,6909.0,7553.0,6305.0,10611,41604,6962.0,1,6964.0,3,6965.0,32,6967.0,2,6968.0,2,6969.0,2,6970.0,1,6971.0,2,6972.0,2,6973.0,3,6969.0
AP501,,13:41:25.500#,6929.0,6986.0,6909.0,7553.0,6305.0,10611,41604,6962.0,1,6964.0,3,6965.0,32,6967.0,2,6968.0,2,6969.0,1,6970.0,1,6971.0,2,6972.0,2,6973.0,3,6969.0
AP501,,13:41:25.750#,6929.0,6986.0,6909.0,7553.0,6305.0,10611,41604,6962.0,1,6964.0,3,6965.0,32,6967.0,2,6968.0,2,6970.0,3,6971.0,2,6972.0,2,6973.0,3,6974.0,1,6969.0
AP501,,13:41:27.0#,6929.0,6986.0,6909.0,7553.0,6305.0,10611,41604,6962.0,1,6964.0,3,6965.0,32,6967.0,2,6968.0,2,6970.0,2,6971.0,2,6972.0,2,6973.0,3,6974.0,1,6969.0
AP501,,13:41:27.750#,6929.0,6986.0,6909.0,7553.0,6305.0,10612,41604,6962.0,1,6964.0,3,6965.0,32,6967.0,2,6968.0,2,6970.0,1,6971.0,2,6972.0,3,6973.0,3,6974.0,1,6970.0
AP501,,13:41:28.0#,6929.0,6986.0,6909.0,7553.0,6305.0,10612,41604,6962.0,1,6964.0,3,6965.0,32,6967.0,2,6968.0,4,6970.0,1,6971.0,2,6972.0,3,6973.0,3,6974.0,1,6970.0
AP501,,13:41:28.250#,6929.0,6986.0,6909.0,7553.0,6305.0,10612,41604,6962.0,1,6964.0,3,6965.0,32,6967.0,2,6968.0,2,6971.0,3,6972.0,3,6973.0,3,6974.0,1,6975.0,3,6970.0
AP501,,13:41:28.500#,6929.0,6986.0,6909.0,7553.0,6305.0,10612,41604,6964.0,3,6965.0,32,6967.0,2,6968.0,2,6969.0,2,6970.0,1,6971.0,1,6972.0,3,6973.0,3,6974.0,1,6970.0
AP501,,13:41:28.750#,6929.0,6986.0,6909.0,7553.0,6305.0,10612,41604,6964.0,3,6965.0,32,6967.0,2,6968.0,2,6969.0,2,6971.0,1,6972.0,3,6973.0,3,6974.0,1,6975.0,3,6970.0
AP501,,13:41:29.0#,6929.0,6986.0,6909.0,7553.0,6305.0,10612,41604,6964.0,3,6965.0,32,6967.0,2,6968.0,2,6969.0,2,6970.0,1,6972.0,3,6973.0,3,6974.0,1,6975.0,3,6970.0
AP501,,13:41:29.250#,6929.0,6986.0,6909.0,7553.0,6305.0,10612,41604,6962.0,1,6964.0,3,6965.0,32,6967.0,2,6968.0,2,6970.0,1,6972.0,3,6973.0,3,6974.0,1,6975.0,3,6970.0
AP501,,13:41:29.500#,6929.0,6986.0,6909.0,7553.0,6305.0,10612,41604,6962.0,1,6964.0,3,6965.0,32,6967.0,2,6968.0,2,6971.0,1,6972.0,3,6973.0,3,6974.0,1,6975.0,3,6970.0
AP501,,13:41:30.500#,6929.0,6986.0,6909.0,7553.0,6305.0,10613,41605,6964.0,3,6965.0,32,6967.0,2,6968.0,2,6970.0,4,6971.0,1,6972.0,3,6973.0,3,6974.0,1,6975.0,3,6970.0
AP501,,13:41:31.250#,6929.0,6986.0,6909.0,7553.0,6305.0,10615,41606,6964.0,3,6965.0,32,6967.0,2,6968.0,2,6970.0,2,6971.0,1,6972.0,3,6973.0,3,6974.0,1,6975.0,3,6970.0
AP501,,13:41:31.750#,6929.0,6986.0,6909.0,7553.0,6305.0,10615,41606,6964.0,3,6965.0,32,6967.0,2,6968.0,2,6970.0,2,6971.0,2,6972.0,3,6973.0,3,6974.0,1,6975.0,3,6970.0
AP501,,13:41:32.500#,6929.0,6986.0,6909.0,7553.0,6305.0,10615,41606,6964.0,3,6965.0,32,6967.0,2,6968.0,2,6970.0,2,6971.0,1,6972.0,3,6973.0,3,6974.0,1,6975.0,3,6970.0
AP501,,13:41:34.750#,6929.0,6986.0,6909.0,7553.0,6305.0,10615,41606,6964.0,3,6965.0,32,6967.0,2,6968.0,3,6970.0,2,6971.0,1,6972.0,3,6973.0,3,6974.0,1,6975.0,3,6970.0
AP501,,13:41:38.250#,6929.0,6986.0,6909.0,7553.0,6305.0,10615,41606,6964.0,3,6965.0,32,6967.0,2,6968.0,3,6970.0,2,6971.0,1,6972.0,3,6973.0,3,6974.0,1,6975.0,3,6970.0
AP501,,13:41:39.0#,6929.0,6986.0,6909.0,7553.0,6305.0,10615,41606,6964.0,3,6965.0,32,6967.0,2,6968.0,3,6970.0,12,6971.0,1,6972.0,3,6973.0,3,6974.0,1,6975.0,3,6970.0
AP501,,13:41:39.250#,6929.0,6986.0,6909.0,7553.0,6305.0,10616,41605,6965.0,32,6967.0,2,6968.0,3,6970.0,12,6971.0,2,6972.0,3,6973.0,3,6974.0,1,6975.0,3,6979.0,1,6971.0
AP501,,13:41:39.750#,6929.0,6986.0,6909.0,7553.0,6305.0,10616,41605,6966.0,2,6967.0,2,6968.0,3,6970.0,12,6971.0,2,6972.0,3,6973.0,3,6974.0,1,6975.0,3,6979.0,1,6971.0
AP501,,13:41:40.0#,6929.0,6986.0,6909.0,7553.0,6305.0,10616,41605,6966.0,2,6967.0,2,6968.0,3,6970.0,12,6971.0,2,6972.0,3,6973.0,3,6974.0,1,6975.0,3,6979.0,1,6971.0
AP501,,13:41:40.250#,6929.0,6986.0,6909.0,7553.0,6305.0,10616,41605,6966.0,2,6967.0,2,6968.0,3,6970.0,12,6971.0,1,6972.0,3,6973.0,3,6974.0,1,6975.0,3,6979.0,1,6971.0
AP501,,13:41:41.0#,6929.0,6986.0,6909.0,7553.0,6305.0,10616,41605,6966.0,2,6967.0,2,6968.0,3,6970.0,12,6971.0,1,6972.0,3,6973.0,3,6974.0,1,6975.0,3,6981.0,2,6971.0
AP501,,13:41:42.0#,6929.0,6986.0,6909.0,7553.0,6305.0,10617,41606,6965.0,32,6966.0,2,6967.0,2,6968.0,3,6970.0,12,6972.0,3,6973.0,3,6974.0,1,6975.0,3,6981.0,2,6971.0
AP501,,13:41:42.500#,6929.0,6986.0,6909.0,7553.0,6305.0,10617,41606,6965.0,33,6966.0,2,6967.0,2,6968.0,3,6970.0,12,6972.0,3,6973.0,3,6974.0,1,6975.0,3,6981.0,2,6971.0
AP501,,13:41:43.500#,6929.0,6986.0,6909.0,7553.0,6305.0,10618,41607,6965.0,33,6966.0,2,6967.0,2,6968.0,3,6970.0,11,6972.0,3,6973.0,3,6974.0,1,6975.0,3,6981.0,2,6970.0
AP501,,13:41:44.250#,6929.0,6986.0,6909.0,7553.0,6305.0,10618,41607,6965.0,33,6966.0,2,6967.0,2,6968.0,3,6970.0,20,6972.0,4,6973.0,3,6974.0,1,6975.0,3,6981.0,2,6970.0
AP501,,13:41:45.0#,6929.0,6986.0,6909.0,7553.0,6305.0,10618,41607,6965.0,33,6966.0,2,6967.0,2,6968.0,3,6970.0,26,6972.0,4,6973.0,3,6974.0,1,6975.0,3,6981.0,2,6970.0
AP501,,13:41:45.250#,6929.0,6986.0,6909.0,7553.0,6305.0,10618,41607,6965.0,33,6966.0,2,6967.0,2,6968.0,3,6970.0,26,6972.0,4,6973.0,3,6974.0,1,6975.0,3,6981.0,2,6970.0
AP501,,13:41:45.500#,6929.0,6986.0,6909.0,7553.0,6305.0,10618,41607,6965.0,33,6966.0,2,6967.0,2,6968.0,3,6970.0,26,6972.0,5,6973.0,3,6974.0,1,6975.0,3,6981.0,2,6970.0
AP501,,13:41:45.750#,6929.0,6986.0,6909.0,7553.0,6305.0,10618,41607,6965.0,33,6966.0,2,6967.0,2,6968.0,3,6970.0,26,6971.0,1,6972.0,4,6973.0,3,6974.0,1,6975.0,3,6970.0
AP501,,13:41:46.0#,6929.0,6986.0,6909.0,7553.0,6305.0,10618,41607,6965.0,33,6966.0,2,6967.0,2,6968.0,3,6970.0,26,6972.0,6,6973.0,3,6974.0,1,6975.0,3,6978.0,1,6970.0
AP501,,13:41:47.500#,6929.0,6986.0,6909.0,7553.0,6305.0,10618,41607,6965.0,33,6966.0,2,6967.0,2,6968.0,3,6970.0,26,6972.0,6,6973.0,3,6974.0,1,6975.0,3,6978.0,1,6970.0
AP501,,13:41:48.0#,6929.0,6986.0,6909.0,7553.0,6305.0,10619,41608,6965.0,33,6966.0,2,6967.0,2,6968.0,3,6970.0,26,6972.0,5,6973.0,3,6974.0,1,6975.0,3,6978.0,1,6971.0
AP501,,13:41:48.250#,6929.0,6986.0,6909.0,7553.0,6305.0,10621,41608,6965.0,33,6966.0,2,6967.0,2,6968.0,3,6970.0,24,6972.0,5,6973.0,3,6974.0,1,6975.0,3,6978.0,1,6970.0
AP501,,13:41:48.500#,6929.0,6986.0,6909.0,7553.0,6305.0,10621,41608,6965.0,33,6966.0,2,6967.0,2,6968.0,3,6970.0,25,6972.0,6,6973.0,3,6974.0,1,6975.0,3,6978.0,1,6970.0
AP501,,13:41:50.0#,6929.0,6986.0,6909.0,7553.0,6305.0,10621,41608,6965.0,33,6966.0,2,6967.0,2,6968.0,3,6970.0,25,6971.0,1,6972.0,5,6973.0,3,6974.0,1,6975.0,2,6970.0
AP501,,13:41:50.250#,6929.0,6986.0,6909.0,7553.0,6305.0,10623,41608,6965.0,33,6966.0,2,6967.0,2,6968.0,3,6970.0,23,6971.0,1,6972.0,5,6973.0,3,6974.0,1,6975.0,2,6970.0
AP501,,13:41:50.500#,6929.0,6986.0,6909.0,7553.0,6305.0,10624,41608,6965.0,33,6966.0,2,6967.0,2,6968.0,3,6970.0,22,6972.0,6,6973.0,3,6974.0,1,6975.0,2,6978.0,1,6970.0
AP501,,13:41:50.750#,6929.0,6986.0,6909.0,7553.0,6305.0,10624,41608,6965.0,33,6966.0,2,6967.0,2,6968.0,3,6970.0,22,6971.0,1,6972.0,5,6973.0,3,6974.0,1,6975.0,2,6970.0
AP501,,13:41:51.0#,6929.0,6986.0,6909.0,7553.0,6305.0,10624,41608,6965.0,33,6966.0,2,6967.0,2,6968.0,3,6970.0,22,6971.0,2,6972.0,5,6973.0,3,6974.0,1,6975.0,2,6970.0
AP501,,13:41:51.250#,6929.0,6986.0,6909.0,7553.0,6305.0,10626,41609,6965.0,33,6966.0,2,6967.0,2,6968.0,3,6970.0,20,6971.0,1,6972.0,5,6973.0,3,6974.0,1,6975.0,2,6970.0
AP501,,13:41:52.0#,6929.0,6986.0,6909.0,7553.0,6305.0,10626,41609,6965.0,33,6966.0,2,6967.0,2,6968.0,3,6970.0,20,6971.0,1,6972.0,6,6973.0,3,6974.0,1,6975.0,2,6970.0
AP501,,13:41:53.0#,6929.0,6986.0,6909.0,7553.0,6305.0,10626,41609,6965.0,33,6966.0,2,6967.0,2,6968.0,3,6970.0,21,6971.0,1,6972.0,6,6973.0,3,6974.0,1,6975.0,2,6970.0
AP501,,13:41:53.250#,6929.0,6986.0,6909.0,7553.0,6305.0,10626,41609,6965.0,33,6966.0,2,6967.0,2,6968.0,3,6970.0,26,6971.0,1,6972.0,6,6973.0,3,6974.0,1,6975.0,2,6970.0
AP501,,13:41:53.500#,6929.0,6986.0,6909.0,7553.0,6305.0,10626,41609,6965.0,33,6966.0,2,6967.0,2,6968.0,3,6970.0,26,6972.0,7,6973.0,3,6974.0,1,6975.0,2,6978.0,1,6970.0
AP501,,13:41:54.0#,6929.0,6986.0,6909.0,7553.0,6305.0,10626,41609,6965.0,33,6966.0,2,6967.0,2,6968.0,3,6970.0,26,6972.0,6,6973.0,3,6974.0,1,6975.0,2,6978.0,1,6970.0
AP501,,13:41:54.250#,6929.0,6986.0,6909.0,7553.0,6305.0,10627,41609,6965.0,33,6966.0,2,6967.0,2,6968.0,3,6970.0,25,6972.0,7,6973.0,3,6974.0,1,6975.0,2,6978.0,1,6970.0
AP501,,13:41:54.500#,6929.0,6986.0,6909.0,7553.0,6305.0,10627,41609,6965.0,33,6966.0,2,6967.0,2,6968.0,3,6970.0,25,6971.0,8,6972.0,6,6973.0,3,6974.0,1,6975.0,2,6970.0
AP501,,13:41:55.0#,6929.0,6986.0,6909.0,7553.0,6305.0,10627,41609,6965.0,33,6966.0,2,6967.0,2,6968.0,3,6970.0,25,6971.0,12,6972.0,6,6973.0,3,6974.0,1,6975.0,2,6970.0
AP501,,13:41:55.250#,6929.0,6986.0,6909.0,7553.0,6305.0,10632,41612,6965.0,33,6966.0,2,6967.0,2,6968.0,3,6970.0,20,6971.0,12,6972.0,6,6973.0,3,6974.0,1,6975.0,2,6970.0
AP501,,13:41:55.500#,6929.0,6986.0,6909.0,7553.0,6305.0,10635,41613,6965.0,33,6966.0,2,6967.0,2,6968.0,3,6970.0,17,6971.0,12,6972.0,6,6973.0,3,6974.0,1,6975.0,2,6970.0
AP501,,13:41:56.0#,6929.0,6986.0,6909.0,7553.0,6305.0,10636,41613,6965.0,33,6966.0,2,6967.0,2,6968.0,3,6970.0,16,6971.0,12,6972.0,6,6973.0,3,6974.0,1,6975.0,2,6970.0
AP501,,13:41:56.250#,6929.0,6986.0,6909.0,7553.0,6305.0,10637,41614,6965.0,33,6966.0,2,6967.0,2,6968.0,3,6970.0,15,6971.0,12,6972.0,6,6973.0,3,6974.0,1,6975.0,2,6970.0
AP501,,13:41:56.500#,6929.0,6986.0,6909.0,7553.0,6305.0,10640,41614,6965.0,33,6966.0,2,6967.0,2,6968.0,3,6970.0,12,6971.0,6,6972.0,6,6973.0,3,6974.0,1,6975.0,2,6970.0
AP501,,13:41:56.750#,6929.0,6986.0,6909.0,7553.0,6305.0,10642,41616,6965.0,33,6966.0,2,6967.0,2,6968.0,3,6970.0,10,6971.0,6,6972.0,6,6973.0,3,6974.0,1,6975.0,2,6970.0
AP501,,13:41:57.0#,6929.0,6986.0,6909.0,7553.0,6305.0,10652,41623,6964.0,3,6965.0,33,6966.0,2,6967.0,2,6968.0,3,6970.0,1,6971.0,6,6972.0,6,6973.0,3,6974.0,1,6970.0
AP501,,13:41:57.250#,6929.0,6986.0,6909.0,7553.0,6305.0,10652,41623,6964.0,3,6965.0,33,6966.0,2,6967.0,2,6968.0,3,6971.0,6,6972.0,6,6973.0,3,6974.0,1,6975.0,2,6970.0
AP501,,13:41:59.250#,6929.0,6986.0,6909.0,7553.0,6305.0,10652,41623,6964.0,3,6965.0,33,6966.0,2,6967.0,2,6968.0,3,6970.0,5,6971.0,6,6972.0,6,6973.0,3,6974.0,1,6970.0
AP501,,13:42:00.250#,6929.0,6986.0,6909.0,7553.0,6305.0,10652,41623,6964.0,3,6965.0,33,6966.0,2,6967.0,2,6968.0,8,6970.0,3,6971.0,6,6972.0,6,6973.0,3,6974.0,1,6970.0
AP501,,13:42:00.500#,6929.0,6986.0,6909.0,7553.0,6305.0,10652,41623,6964.0,3,6965.0,33,6966.0,2,6967.0,2,6968.0,8,6970.0,1,6971.0,6,6972.0,6,6973.0,3,6974.0,1,6970.0
AP501,,13:42:00.750#,6929.0,6986.0,6909.0,7553.0,6305.0,10652,41623,6964.0,3,6965.0,33,6966.0,2,6967.0,2,6968.0,8,6970.0,2,6971.0,6,6972.0,6,6973.0,3,6974.0,1,6970.0
AP501,,13:42:01.0#,6929.0,6986.0,6909.0,7553.0,6305.0,10652,41623,6964.0,3,6965.0,33,6966.0,2,6967.0,2,6968.0,8,6970.0,1,6971.0,6,6972.0,6,6973.0,3,6974.0,1,6970.0
AP501,,13:42:01.250#,6929.0,6986.0,6909.0,7553.0,6305.0,10652,41623,6964.0,3,6965.0,33,6966.0,2,6967.0,2,6968.0,8,6970.0,2,6971.0,6,6972.0,5,6973.0,3,6974.0,1,6970.0
AP501,,13:42:03.250#,6929.0,6986.0,6909.0,7553.0,6305.0,10652,41623,6964.0,3,6965.0,33,6966.0,2,6967.0,2,6968.0,8,6970.0,4,6971.0,6,6972.0,5,6973.0,3,6974.0,1,6970.0
AP501,,13:42:05.0#,6929.0,6986.0,6909.0,7553.0,6305.0,10652,41623,6964.0,3,6965.0,33,6966.0,2,6967.0,2,6968.0,9,6970.0,4,6971.0,6,6972.0,5,6973.0,3,6974.0,1,6970.0
AP501,,13:42:08.0#,6929.0,6986.0,6909.0,7553.0,6305.0,10652,41623,6964.0,3,6965.0,33,6966.0,2,6967.0,2,6968.0,9,6970.0,5,6971.0,6,6972.0,4,6973.0,3,6974.0,1,6970.0
AP501,,13:42:08.250#,6929.0,6986.0,6909.0,7553.0,6305.0,10652,41623,6964.0,3,6965.0,33,6966.0,2,6967.0,2,6968.0,9,6970.0,5,6971.0,6,6972.0,4,6973.0,3,6974.0,1,6970.0
AP501,,13:42:12.750#,6929.0,6986.0,6909.0,7553.0,6305.0,10652,41623,6964.0,3,6965.0,33,6966.0,2,6967.0,2,6968.0,9,6969.0,1,6970.0,4,6971.0,6,6972.0,4,6973.0,3,6970.0
AP501,,13:42:13.0#,6929.0,6986.0,6909.0,7553.0,6305.0,10652,41623,6964.0,3,6965.0,33,6966.0,2,6967.0,2,6968.0,9,6969.0,4,6970.0,3,6971.0,6,6972.0,4,6973.0,3,6970.0
AP501,,13:42:13.250#,6929.0,6986.0,6909.0,7553.0,6305.0,10655,41626,6964.0,3,6965.0,33,6966.0,2,6967.0,2,6968.0,6,6969.0,4,6970.0,3,6971.0,6,6972.0,4,6973.0,3,6968.0
AP501,,13:42:13.500#,6929.0,6986.0,6909.0,7553.0,6305.0,10657,41627,6964.0,3,6965.0,33,6966.0,2,6967.0,2,6968.0,4,6969.0,5,6970.0,3,6971.0,6,6972.0,4,6973.0,3,6968.0
AP501,,13:42:13.750#,6929.0,6986.0,6909.0,7553.0,6305.0,10659,41627,6964.0,3,6965.0,33,6966.0,2,6967.0,2,6968.0,2,6969.0,3,6970.0,3,6971.0,6,6972.0,4,6973.0,3,6968.0
AP501,,13:42:14.0#,6929.0,6986.0,6909.0,7553.0,6305.0,10660,41627,6964.0,3,6965.0,33,6966.0,2,6967.0,2,6968.0,1,6969.0,4,6970.0,3,6971.0,6,6972.0,4,6973.0,3,6968.0
AP501,,13:42:14.250#,6929.0,6986.0,6909.0,7553.0,6305.0,10661,41627,6962.0,1,6964.0,3,6965.0,33,6966.0,2,6967.0,2,6968.0,1,6969.0,3,6970.0,3,6971.0,6,6972.0,4,6968.0
AP501,,13:42:14.500#,6929.0,6986.0,6909.0,7553.0,6305.0,10661,41627,6962.0,1,6964.0,3,6965.0,33,6966.0,2,6967.0,1,6969.0,4,6970.0,3,6971.0,5,6972.0,4,6973.0,2,6968.0
AP501,,13:42:14.750#,6929.0,6986.0,6909.0,7553.0,6305.0,10661,41627,6962.0,1,6964.0,3,6965.0,33,6966.0,2,6967.0,1,6968.0,2,6969.0,3,6970.0,3,6971.0,5,6972.0,4,6968.0
AP501,,13:42:15.250#,6929.0,6986.0,6909.0,7553.0,6305.0,10662,41628,6961.0,2,6962.0,1,6964.0,3,6965.0,33,6966.0,4,6968.0,2,6969.0,3,6970.0,3,6971.0,5,6972.0,4,6967.0
AP501,,13:42:15.500#,6929.0,6986.0,6909.0,7553.0,6305.0,10662,41628,6961.0,2,6962.0,1,6964.0,3,6965.0,33,6966.0,4,6968.0,3,6969.0,3,6970.0,3,6971.0,5,6972.0,4,6967.0
AP501,,13:42:16.0#,6929.0,6986.0,6909.0,7553.0,6305.0,10662,41628,6961.0,2,6962.0,1,6964.0,3,6965.0,33,6966.0,4,6968.0,2,6969.0,3,6970.0,3,6971.0,5,6972.0,4,6967.0
AP501,,13:42:16.750#,6929.0,6986.0,6909.0,7553.0,6305.0,10663,41628,6961.0,2,6962.0,1,6964.0,3,6965.0,33,6966.0,4,6968.0,1,6969.0,3,6970.0,3,6971.0,5,6972.0,4,6968.0
AP501,,13:42:18.250#,6929.0,6986.0,6909.0,7553.0,6305.0,10663,41628,6961.0,2,6962.0,1,6964.0,3,6965.0,33,6966.0,4,6968.0,2,6969.0,3,6970.0,3,6971.0,5,6972.0,4,6968.0
AP501,,13:42:18.500#,6929.0,6986.0,6909.0,7553.0,6305.0,10665,41629,6961.0,2,6962.0,1,6964.0,3,6965.0,33,6966.0,4,6969.0,4,6970.0,3,6971.0,5,6972.0,4,6973.0,2,6968.0
AP501,,13:42:19.250#,6929.0,6986.0,6909.0,7553.0,6305.0,10665,41629,6961.0,2,6962.0,1,6964.0,3,6965.0,33,6966.0,4,6969.0,2,6970.0,3,6971.0,5,6972.0,4,6973.0,2,6968.0
AP501,,13:42:20.0#,6929.0,6986.0,6909.0,7553.0,6305.0,10665,41629,6961.0,2,6962.0,1,6964.0,3,6965.0,33,6966.0,4,6968.0,4,6969.0,1,6970.0,3,6971.0,5,6972.0,4,6968.0
AP501,,13:42:20.250#,6929.0,6986.0,6909.0,7553.0,6305.0,10666,41630,6961.0,2,6962.0,1,6964.0,3,6965.0,33,6966.0,3,6968.0,4,6969.0,1,6970.0,3,6971.0,5,6972.0,4,6966.0
AP501,,13:42:20.500#,6929.0,6986.0,6909.0,7553.0,6305.0,10666,41630,6961.0,2,6962.0,1,6964.0,3,6965.0,33,6966.0,3,6968.0,2,6969.0,1,6970.0,3,6971.0,5,6972.0,4,6966.0
AP501,,13:42:21.250#,6929.0,6986.0,6909.0,7553.0,6305.0,10669,41630,6962.0,1,6964.0,3,6965.0,33,6966.0,1,6968.0,14,6969.0,3,6970.0,3,6971.0,5,6972.0,4,6973.0,2,6968.0
AP501,,13:42:21.500#,6929.0,6986.0,6909.0,7553.0,6305.0,10677,41628,6962.0,1,6964.0,3,6965.0,33,6966.0,1,6968.0,6,6969.0,2,6970.0,3,6971.0,5,6972.0,4,6973.0,2,6968.0
AP501,,13:42:21.750#,6929.0,6986.0,6909.0,7553.0,6305.0,10680,41628,6962.0,1,6964.0,3,6965.0,33,6966.0,1,6968.0,3,6969.0,2,6970.0,3,6971.0,5,6972.0,4,6973.0,2,6968.0
AP501,,13:42:22.0#,6929.0,6986.0,6909.0,7553.0,6305.0,10681,41627,6962.0,1,6964.0,3,6965.0,33,6966.0,1,6968.0,2,6969.0,1,6970.0,2,6971.0,5,6972.0,4,6973.0,2,6968.0
AP501,,13:42:23.500#,6929.0,6986.0,6909.0,7553.0,6305.0,10681,41627,6962.0,1,6964.0,3,6965.0,33,6966.0,116,6968.0,2,6969.0,1,6970.0,2,6971.0,5,6972.0,4,6973.0,2,6968.0
AP501,,13:42:23.750#,6929.0,6986.0,6909.0,7553.0,6305.0,10682,41627,6962.0,1,6964.0,3,6965.0,33,6966.0,116,6968.0,2,6970.0,2,6971.0,5,6972.0,4,6973.0,2,6974.0,1,6969.0
AP501,,13:42:24.0#,6929.0,6986.0,6909.0,7553.0,6305.0,10682,41627,6964.0,3,6965.0,33,6966.0,116,6968.0,2,6969.0,4,6970.0,2,6971.0,5,6972.0,4,6973.0,2,6974.0,1,6969.0
AP501,,13:42:24.250#,6929.0,6986.0,6909.0,7553.0,6305.0,10683,41626,6964.0,3,6965.0,33,6966.0,116,6968.0,2,6969.0,4,6970.0,2,6971.0,5,6972.0,4,6973.0,2,6974.0,1,6970.0
AP501,,13:42:25.750#,6929.0,6986.0,6909.0,7553.0,6305.0,10686,41624,6964.0,3,6965.0,33,6966.0,116,6968.0,2,6969.0,1,6970.0,3,6971.0,5,6972.0,4,6973.0,2,6974.0,1,6969.0
AP501,,13:42:26.0#,6929.0,6986.0,6909.0,7553.0,6305.0,10686,41624,6964.0,3,6965.0,33,6966.0,116,6968.0,2,6969.0,1,6970.0,2,6971.0,5,6972.0,4,6973.0,2,6974.0,1,6969.0
AP501,,13:42:26.250#,6929.0,6986.0,6909.0,7553.0,6305.0,10686,41624,6964.0,3,6965.0,33,6966.0,116,6968.0,2,6969.0,2,6970.0,3,6971.0,5,6972.0,4,6973.0,2,6974.0,1,6969.0
AP501,,13:42:27.750#,6929.0,6986.0,6909.0,7553.0,6305.0,10686,41624,6964.0,3,6965.0,33,6966.0,116,6968.0,2,6969.0,2,6970.0,2,6971.0,5,6972.0,4,6973.0,2,6974.0,1,6969.0
AP501,,13:42:29.0#,6929.0,6986.0,6909.0,7553.0,6305.0,10688,41625,6964.0,3,6965.0,33,6966.0,116,6968.0,2,6969.0,2,6970.0,1,6971.0,5,6972.0,4,6973.0,2,6974.0,1,6970.0
AP501,,13:42:29.500#,6929.0,6986.0,6909.0,7553.0,6305.0,10689,41625,6964.0,3,6965.0,33,6966.0,116,6968.0,2,6969.0,1,6970.0,1,6971.0,5,6972.0,4,6973.0,2,6974.0,1,6969.0
AP501,,13:42:31.0#,6929.0,6986.0,6909.0,7553.0,6305.0,10690,41625,6962.0,1,6964.0,3,6965.0,33,6966.0,116,6968.0,2,6969.0,9,6970.0,1,6971.0,5,6972.0,4,6973.0,2,6969.0
AP501,,13:42:31.500#,6929.0,6986.0,6909.0,7553.0,6305.0,10690,41625,6962.0,1,6964.0,3,6965.0,33,6966.0,116,6968.0,2,6969.0,9,6970.0,1,6971.0,5,6972.0,4,6973.0,2,6969.0
AP501,,13:42:32.0#,6929.0,6986.0,6909.0,7553.0,6305.0,10692,41625,6962.0,1,6964.0,3,6965.0,33,6966.0,116,6968.0,2,6969.0,7,6970.0,1,6971.0,5,6972.0,4,6973.0,2,6969.0
AP501,,13:42:32.250#,6929.0,6986.0,6909.0,7553.0,6305.0,10698,41622,6962.0,1,6964.0,3,6965.0,33,6966.0,116,6968.0,4,6969.0,1,6970.0,1,6971.0,5,6972.0,4,6973.0,2,6969.0
AP501,,13:42:32.500#,6929.0,6986.0,6909.0,7553.0,6305.0,10699,41621,6962.0,1,6964.0,3,6965.0,33,6966.0,116,6968.0,4,6970.0,1,6971.0,5,6972.0,4,6973.0,2,6974.0,1,6969.0
AP501,,13:42:32.750#,6929.0,6986.0,6909.0,7553.0,6305.0,10699,41621,6964.0,3,6965.0,33,6966.0,116,6968.0,4,6969.0,1,6970.0,1,6971.0,5,6972.0,4,6973.0,2,6974.0,1,6969.0
AP501,,13:42:35.0#,6929.0,6986.0,6909.0,7553.0,6305.0,10699,41621,6964.0,3,6965.0,33,6966.0,116,6968.0,4,6969.0,1,6970.0,2,6971.0,5,6972.0,4,6973.0,2,6974.0,1,6969.0
AP501,,13:42:35.250#,6929.0,6986.0,6909.0,7553.0,6305.0,10699,41621,6964.0,3,6965.0,33,6966.0,116,6968.0,4,6969.0,1,6970.0,3,6971.0,5,6972.0,4,6973.0,2,6974.0,1,6969.0
AP501,,13:42:35.500#,6929.0,6986.0,6909.0,7553.0,6305.0,10700,41622,6962.0,1,6964.0,3,6965.0,33,6966.0,116,6968.0,4,6970.0,3,6971.0,5,6972.0,4,6973.0,2,6974.0,1,6969.0
AP501,,13:42:37.250#,6929.0,6986.0,6909.0,7553.0,6305.0,10707,41621,6962.0,1,6964.0,3,6965.0,33,6966.0,116,6968.0,4,6971.0,6,6972.0,4,6973.0,2,6974.0,1,6975.0,2,6970.0
AP501,,13:42:37.500#,6929.0,6986.0,6909.0,7553.0,6305.0,10707,41621,6964.0,3,6965.0,33,6966.0,116,6968.0,4,6969.0,3,6971.0,5,6972.0,4,6973.0,2,6974.0,1,6975.0,2,6970.0
AP501,,13:42:38.500#,6929.0,6986.0,6909.0,7553.0,6305.0,10707,41621,6964.0,3,6965.0,33,6966.0,116,6968.0,4,6969.0,3,6971.0,6,6972.0,4,6973.0,2,6974.0,1,6975.0,2,6970.0
AP501,,13:42:38.750#,6929.0,6986.0,6909.0,7553.0,6305.0,10707,41621,6964.0,3,6965.0,33,6966.0,116,6968.0,4,6969.0,1,6971.0,6,6972.0,4,6973.0,2,6974.0,1,6975.0,2,6970.0
AP501,,13:42:39.0#,6929.0,6986.0,6909.0,7553.0,6305.0,10707,41621,6964.0,3,6965.0,33,6966.0,116,6968.0,4,6969.0,1,6971.0,7,6972.0,4,6973.0,2,6974.0,1,6975.0,2,6970.0
AP501,,13:42:39.250#,6929.0,6986.0,6909.0,7553.0,6305.0,10707,41621,6962.0,1,6964.0,3,6965.0,33,6966.0,116,6968.0,4,6971.0,7,6972.0,4,6973.0,2,6974.0,1,6975.0,2,6970.0
AP501,,13:42:40.0#,6929.0,6986.0,6909.0,7553.0,6305.0,10707,41621,6962.0,2,6964.0,3,6965.0,33,6966.0,116,6968.0,4,6971.0,7,6972.0,4,6973.0,2,6974.0,1,6975.0,2,6970.0
AP501,,13:42:40.500#,6929.0,6986.0,6909.0,7553.0,6305.0,10707,41621,6962.0,2,6964.0,3,6965.0,33,6966.0,116,6968.0,4,6971.0,6,6972.0,4,6973.0,2,6974.0,1,6975.0,2,6970.0
AP501,,13:42:40.750#,6929.0,6986.0,6909.0,7553.0,6305.0,10708,41620,6962.0,2,6964.0,3,6965.0,33,6966.0,116,6968.0,3,6971.0,6,6972.0,4,6973.0,2,6974.0,1,6975.0,2,6968.0
AP501,,13:42:41.500#,6929.0,6986.0,6909.0,7553.0,6305.0,10708,41620,6962.0,2,6964.0,3,6965.0,33,6966.0,116,6968.0,4,6971.0,6,6972.0,4,6973.0,2,6974.0,1,6975.0,2,6968.0
AP501,,13:42:43.0#,6929.0,6986.0,6909.0,7553.0,6305.0,10708,41620,6962.0,2,6964.0,3,6965.0,33,6966.0,116,6968.0,7,6971.0,6,6972.0,4,6973.0,2,6974.0,1,6975.0,2,6968.0
AP501,,13:42:43.250#,6929.0,6986.0,6909.0,7553.0,6305.0,10708,41620,6964.0,3,6965.0,33,6966.0,116,6968.0,7,6969.0,4,6971.0,6,6972.0,4,6973.0,2,6974.0,1,6975.0,2,6968.0
AP501,,13:42:49.250#,6929.0,6986.0,6909.0,7553.0,6305.0,10708,41620,6964.0,3,6965.0,33,6966.0,116,6968.0,7,6969.0,4,6971.0,7,6972.0,4,6973.0,2,6974.0,1,6975.0,2,6968.0
AP501,,13:42:49.500#,6929.0,6986.0,6909.0,7553.0,6305.0,10708,41620,6964.0,3,6965.0,33,6966.0,116,6968.0,7,6969.0,7,6971.0,7,6972.0,4,6973.0,2,6974.0,1,6975.0,2,6968.0
AP501,,13:42:50.0#,6929.0,6986.0,6909.0,7553.0,6305.0,10708,41620,6964.0,3,6965.0,33,6966.0,116,6968.0,7,6969.0,7,6971.0,7,6972.0,4,6973.0,2,6974.0,1,6975.0,2,6968.0
AP501,,13:42:50.250#,6929.0,6986.0,6909.0,7553.0,6305.0,10708,41620,6964.0,3,6965.0,33,6966.0,116,6968.0,7,6969.0,7,6971.0,6,6972.0,4,6973.0,2,6974.0,1,6975.0,2,6968.0
AP501,,13:42:50.750#,6929.0,6986.0,6909.0,7553.0,6305.0,10715,41619,6962.0,2,6964.0,3,6965.0,33,6966.0,116,6968.0,7,6969.0,3,6971.0,5,6972.0,4,6973.0,2,6974.0,1,6969.0
AP501,,13:42:51.0#,6929.0,6986.0,6909.0,7553.0,6305.0,10718,41616,6962.0,2,6964.0,3,6965.0,33,6966.0,116,6968.0,6,6971.0,7,6972.0,4,6973.0,2,6974.0,1,6975.0,2,6969.0
AP501,,13:42:51.250#,6929.0,6986.0,6909.0,7553.0,6305.0,10722,41616,6962.0,2,6964.0,3,6965.0,33,6966.0,116,6968.0,6,6971.0,3,6972.0,4,6973.0,2,6974.0,1,6975.0,2,6971.0
AP501,,13:42:51.500#,6929.0,6986.0,6909.0,7553.0,6305.0,10722,41616,6964.0,3,6965.0,33,6966.0,116,6968.0,6,6969.0,6,6971.0,2,6972.0,4,6973.0,2,6974.0,1,6975.0,2,6971.0
AP501,,13:42:51.750#,6929.0,6986.0,6909.0,7553.0,6305.0,10722,41616,6964.0,3,6965.0,33,6966.0,116,6968.0,6,6969.0,6,6971.0,3,6972.0,4,6973.0,2,6974.0,1,6975.0,2,6971.0
AP501,,13:42:52.0#,6929.0,6986.0,6909.0,7553.0,6305.0,10722,41616,6964.0,3,6965.0,33,6966.0,116,6968.0,6,6969.0,6,6971.0,2,6972.0,4,6973.0,2,6974.0,1,6975.0,2,6971.0
AP501,,13:42:52.250#,6929.0,6986.0,6909.0,7553.0,6305.0,10722,41616,6965.0,33,6966.0,116,6968.0,6,6969.0,6,6970.0,1,6971.0,2,6972.0,4,6973.0,2,6974.0,1,6975.0,2,6971.0
AP501,,13:42:52.500#,6929.0,6986.0,6909.0,7553.0,6305.0,10722,41616,6965.0,33,6966.0,116,6968.0,6,6969.0,4,6970.0,1,6971.0,1,6972.0,4,6973.0,2,6974.0,1,6975.0,2,6971.0
AP501,,13:42:53.250#,6929.0,6986.0,6909.0,7553.0,6305.0,10723,41617,6966.0,116,6968.0,6,6969.0,4,6970.0,1,6971.0,1,6972.0,5,6973.0,2,6974.0,1,6975.0,2,6978.0,1,6971.0
AP501,,13:42:54.0#,6929.0,6986.0,6909.0,7553.0,6305.0,10723,41617,6966.0,116,6968.0,6,6969.0,4,6970.0,1,6971.0,1,6972.0,4,6973.0,2,6974.0,1,6975.0,2,6978.0,1,6971.0
AP501,,13:42:56.750#,6929.0,6986.0,6909.0,7553.0,6305.0,10723,41617,6966.0,116,6968.0,6,6969.0,4,6970.0,1,6971.0,1,6972.0,5,6973.0,2,6974.0,1,6975.0,2,6978.0,1,6971.0
AP501,,13:42:57.0#,6929.0,6986.0,6909.0,7553.0,6305.0,10724,41618,6965.0,33,6966.0,116,6968.0,6,6969.0,4,6970.0,1,6971.0,3,6972.0,4,6973.0,2,6974.0,1,6975.0,2,6971.0
AP501,,13:42:57.250#,6929.0,6986.0,6909.0,7553.0,6305.0,10724,41618,6964.0,3,6965.0,33,6966.0,116,6968.0,6,6969.0,4,6971.0,1,6972.0,4,6973.0,2,6974.0,1,6975.0,2,6971.0
AP501,,13:42:57.750#,6929.0,6986.0,6909.0,7553.0,6305.0,10724,41618,6964.0,3,6965.0,33,6966.0,116,6968.0,6,6969.0,4,6971.0,2,6972.0,4,6973.0,2,6974.0,1,6975.0,2,6971.0
AP501,,13:42:58.250#,6929.0,6986.0,6909.0,7553.0,6305.0,10724,41618,6964.0,3,6965.0,33,6966.0,116,6968.0,6,6969.0,4,6971.0,1,6972.0,4,6973.0,2,6974.0,1,6975.0,2,6971.0
AP501,,13:42:58.500#,6929.0,6986.0,6909.0,7553.0,6305.0,10724,41618,6964.0,3,6965.0,33,6966.0,116,6968.0,6,6969.0,4,6971.0,2,6972.0,4,6973.0,2,6974.0,1,6975.0,2,6971.0
AP501,,13:42:58.750#,6929.0,6986.0,6909.0,7553.0,6305.0,10724,41618,6964.0,3,6965.0,33,6966.0,116,6968.0,6,6969.0,4,6971.0,3,6972.0,4,6973.0,2,6974.0,1,6975.0,2,6971.0
AP501,,13:43:00.0#,6929.0,6986.0,6909.0,7553.0,6305.0,10724,41618,6964.0,3,6965.0,33,6966.0,116,6968.0,9,6969.0,4,6971.0,3,6972.0,4,6973.0,2,6974.0,1,6975.0,2,6971.0
AP501,,13:43:01.0#,6929.0,6986.0,6909.0,7553.0,6305.0,10724,41618,6964.0,3,6965.0,33,6966.0,116,6968.0,9,6969.0,4,6971.0,2,6972.0,4,6973.0,2,6974.0,1,6975.0,2,6971.0
AP501,,13:43:01.250#,6929.0,6986.0,6909.0,7553.0,6305.0,10724,41618,6965.0,33,6966.0,116,6968.0,9,6969.0,4,6970.0,1,6971.0,1,6972.0,4,6973.0,2,6974.0,1,6975.0,2,6971.0
AP501,,13:43:01.500#,6929.0,6986.0,6909.0,7553.0,6305.0,10724,41618,6965.0,33,6966.0,116,6968.0,9,6969.0,4,6970.0,2,6971.0,1,6972.0,4,6973.0,2,6974.0,1,6975.0,2,6971.0
AP501,,13:43:01.750#,6929.0,6986.0,6909.0,7553.0,6305.0,10725,41618,6965.0,33,6966.0,116,6968.0,9,6969.0,4,6970.0,2,6972.0,4,6973.0,2,6974.0,1,6975.0,2,6978.0,1,6971.0
AP501,,13:43:03.250#,6929.0,6986.0,6909.0,7553.0,6305.0,10725,41618,6965.0,33,6966.0,116,6968.0,9,6969.0,4,6970.0,1,6972.0,5,6973.0,2,6974.0,1,6975.0,2,6978.0,1,6971.0
AP501,,13:43:04.0#,6929.0,6986.0,6909.0,7553.0,6305.0,10725,41618,6965.0,33,6966.0,116,6968.0,9,6969.0,4,6970.0,2,6972.0,4,6973.0,2,6974.0,1,6975.0,2,6978.0,1,6971.0
AP501,,13:43:04.250#,6929.0,6986.0,6909.0,7553.0,6305.0,10725,41618,6966.0,116,6968.0,9,6969.0,4,6970.0,2,6971.0,3,6972.0,4,6973.0,2,6974.0,1,6975.0,2,6978.0,1,6971.0
AP501,,13:43:05.0#,6929.0,6986.0,6909.0,7553.0,6305.0,10725,41618,6966.0,116,6968.0,9,6969.0,4,6970.0,3,6971.0,3,6972.0,4,6973.0,2,6974.0,1,6975.0,2,6978.0,1,6971.0
AP501,,13:43:06.500#,6929.0,6986.0,6909.0,7553.0,6305.0,10726,41619,6966.0,116,6968.0,8,6969.0,4,6970.0,3,6971.0,2,6972.0,4,6973.0,2,6974.0,1,6975.0,2,6978.0,1,6971.0
AP501,,13:43:06.750#,6929.0,6986.0,6909.0,7553.0,6305.0,10726,41619,6966.0,116,6968.0,8,6969.0,4,6970.0,3,6971.0,2,6972.0,4,6973.0,2,6974.0,1,6975.0,2,6978.0,1,6971.0
AP501,,13:43:07.0#,6929.0,6986.0,6909.0,7553.0,6305.0,10726,41619,6966.0,116,6968.0,8,6969.0,4,6970.0,3,6971.0,2,6972.0,4,6973.0,2,6974.0,1,6975.0,2,6978.0,1,6971.0
AP501,,13:43:08.0#,6929.0,6986.0,6909.0,7553.0,6305.0,10730,41621,6966.0,116,6968.0,8,6969.0,4,6970.0,3,6971.0,2,6973.0,2,6974.0,1,6975.0,2,6978.0,1,6981.0,2,6972.0
AP501,,13:43:08.250#,6929.0,6986.0,6909.0,7553.0,6305.0,10730,41621,6967.0,1,6968.0,8,6969.0,4,6970.0,3,6971.0,2,6974.0,4,6975.0,2,6978.0,1,6981.0,2,6982.0,5,6972.0
AP501,,13:43:08.500#,6929.0,6986.0,6909.0,7553.0,6305.0,10730,41621,6967.0,1,6968.0,8,6969.0,4,6970.0,3,6971.0,2,6974.0,3,6975.0,2,6978.0,1,6981.0,2,6982.0,5,6972.0
AP501,,13:43:09.0#,6929.0,6986.0,6909.0,7553.0,6305.0,10730,41621,6968.0,8,6969.0,4,6970.0,3,6971.0,2,6973.0,1,6974.0,3,6975.0,2,6978.0,1,6981.0,2,6982.0,5,6972.0
AP501,,13:43:09.250#,6929.0,6986.0,6909.0,7553.0,6305.0,10731,41622,6967.0,1,6968.0,8,6969.0,4,6970.0,3,6971.0,2,6973.0,1,6975.0,2,6978.0,1,6981.0,2,6982.0,5,6973.0
AP501,,13:43:11.0#,6929.0,6986.0,6909.0,7553.0,6305.0,10731,41622,6967.0,1,6968.0,8,6969.0,4,6970.0,3,6971.0,3,6974.0,2,6975.0,2,6978.0,1,6981.0,2,6982.0,5,6973.0
AP501,,13:43:11.250#,6929.0,6986.0,6909.0,7553.0,6305.0,10731,41622,6968.0,8,6969.0,4,6970.0,3,6971.0,2,6972.0,2,6975.0,4,6978.0,1,6981.0,2,6982.0,5,6983.0,8,6973.0
AP501,,13:43:11.500#,6929.0,6986.0,6909.0,7553.0,6305.0,10731,41622,6969.0,4,6970.0,3,6971.0,2,6972.0,2,6973.0,3,6974.0,2,6975.0,2,6978.0,1,6981.0,2,6982.0,5,6973.0
AP501,,13:43:11.750#,6929.0,6986.0,6909.0,7553.0,6305.0,10732,41623,6969.0,4,6970.0,3,6971.0,2,6972.0,2,6973.0,2,6974.0,1,6975.0,2,6978.0,1,6981.0,2,6982.0,5,6973.0
AP501,,13:43:12.0#,6929.0,6986.0,6909.0,7553.0,6305.0,10732,41623,6968.0,8,6969.0,4,6970.0,3,6971.0,2,6973.0,2,6974.0,1,6975.0,2,6978.0,1,6981.0,2,6982.0,5,6973.0
AP501,,13:43:13.250#,6929.0,6986.0,6909.0,7553.0,6305.0,10732,41623,6968.0,8,6969.0,4,6970.0,3,6971.0,2,6973.0,3,6974.0,1,6975.0,2,6978.0,1,6981.0,2,6982.0,5,6973.0
AP501,,13:43:13.500#,6929.0,6986.0,6909.0,7553.0,6305.0,10732,41623,6968.0,8,6969.0,4,6970.0,3,6971.0,2,6973.0,3,6975.0,3,6978.0,1,6981.0,2,6982.0,5,6983.0,8,6973.0
AP501,,13:43:13.750#,6929.0,6986.0,6909.0,7553.0,6305.0,10732,41623,6968.0,8,6969.0,4,6970.0,3,6971.0,4,6973.0,3,6975.0,3,6978.0,1,6981.0,2,6982.0,5,6983.0,8,6973.0
AP501,,13:43:14.250#,6929.0,6986.0,6909.0,7553.0,6305.0,10732,41623,6968.0,8,6969.0,4,6970.0,3,6971.0,4,6973.0,3,6975.0,3,6978.0,1,6981.0,2,6982.0,5,6983.0,8,6973.0
AP501,,13:43:14.500#,6929.0,6986.0,6909.0,7553.0,6305.0,10732,41623,6969.0,4,6970.0,3,6971.0,4,6973.0,2,6974.0,1,6975.0,3,6978.0,1,6981.0,2,6982.0,5,6983.0,8,6973.0
AP501,,13:43:14.750#,6929.0,6986.0,6909.0,7553.0,6305.0,10733,41623,6968.0,8,6969.0,4,6970.0,3,6971.0,4,6973.0,2,6975.0,2,6978.0,1,6981.0,2,6982.0,5,6983.0,8,6975.0
AP501,,13:43:15.0#,6929.0,6986.0,6909.0,7553.0,6305.0,10733,41623,6969.0,4,6970.0,3,6971.0,4,6973.0,2,6974.0,1,6975.0,2,6978.0,1,6981.0,2,6982.0,5,6983.0,8,6975.0
AP501,,13:43:15.250#,6929.0,6986.0,6909.0,7553.0,6305.0,10733,41623,6969.0,4,6970.0,3,6971.0,4,6973.0,2,6974.0,1,6975.0,2,6978.0,1,6981.0,2,6982.0,5,6983.0,8,6975.0
AP501,,13:43:15.750#,6929.0,6986.0,6909.0,7553.0,6305.0,10734,41623,6969.0,4,6970.0,3,6971.0,4,6973.0,2,6974.0,1,6975.0,1,6978.0,1,6981.0,2,6982.0,5,6983.0,8,6975.0
AP501,,13:43:16.0#,6929.0,6986.0,6909.0,7553.0,6305.0,10734,41623,6968.0,8,6969.0,4,6970.0,3,6971.0,4,6973.0,2,6975.0,1,6978.0,1,6981.0,2,6982.0,5,6983.0,8,6975.0
AP501,,13:43:16.250#,6929.0,6986.0,6909.0,7553.0,6305.0,10734,41623,6968.0,8,6969.0,4,6970.0,3,6971.0,4,6973.0,2,6975.0,1,6978.0,1,6981.0,2,6982.0,5,6983.0,8,6975.0
AP501,,13:43:16.500#,6929.0,6986.0,6909.0,7553.0,6305.0,10734,41623,6969.0,4,6970.0,3,6971.0,4,6973.0,2,6974.0,1,6975.0,1,6978.0,1,6981.0,2,6982.0,5,6983.0,8,6975.0
AP501,,13:43:18.500#,6929.0,6986.0,6909.0,7553.0,6305.0,10734,41623,6969.0,4,6970.0,3,6971.0,4,6973.0,2,6974.0,1,6975.0,1,6978.0,1,6981.0,2,6982.0,5,6983.0,8,6975.0
AP501,,13:43:23.500#,6929.0,6986.0,6909.0,7553.0,6305.0,10734,41623,6969.0,4,6970.0,3,6971.0,4,6973.0,2,6974.0,1,6975.0,1,6978.0,1,6981.0,2,6982.0,5,6983.0,8,6975.0
AP501,,13:43:27.250#,6929.0,6986.0,6909.0,7553.0,6305.0,10734,41623,6969.0,4,6970.0,3,6971.0,4,6973.0,2,6974.0,2,6975.0,1,6978.0,1,6981.0,2,6982.0,5,6983.0,8,6975.0
AP501,,13:43:27.500#,6929.0,6986.0,6909.0,7553.0,6305.0,10735,41623,6969.0,4,6970.0,3,6971.0,4,6973.0,2,6974.0,1,6978.0,2,6981.0,2,6982.0,5,6983.0,8,6984.0,1,6975.0
AP501,,13:43:27.750#,6929.0,6986.0,6909.0,7553.0,6305.0,10735,41623,6970.0,3,6971.0,4,6973.0,2,6974.0,1,6975.0,2,6978.0,3,6981.0,2,6982.0,5,6983.0,8,6984.0,1,6975.0
AP501,,13:43:28.0#,6929.0,6986.0,6909.0,7553.0,6305.0,10735,41623,6970.0,3,6971.0,4,6973.0,2,6974.0,1,6975.0,2,6977.0,1,6978.0,2,6981.0,2,6982.0,5,6983.0,8,6975.0
AP501,,13:43:29.750#,6929.0,6986.0,6909.0,7553.0,6305.0,10735,41623,6970.0,3,6971.0,4,6973.0,2,6974.0,1,6975.0,2,6976.0,2,6977.0,1,6978.0,2,6981.0,2,6982.0,5,6975.0
AP501,,13:43:30.0#,6929.0,6986.0,6909.0,7553.0,6305.0,10735,41623,6970.0,3,6971.0,4,6973.0,2,6974.0,1,6975.0,1,6976.0,2,6977.0,1,6978.0,2,6981.0,2,6982.0,5,6975.0
AP501,,13:43:30.750#,6929.0,6986.0,6909.0,7553.0,6305.0,10735,41623,6970.0,3,6971.0,4,6973.0,25,6974.0,1,6975.0,1,6977.0,1,6978.0,2,6981.0,2,6982.0,5,6983.0,8,6975.0
AP501,,13:43:31.250#,6929.0,6986.0,6909.0,7553.0,6305.0,10735,41623,6970.0,3,6971.0,4,6973.0,25,6974.0,1,6975.0,1,6977.0,2,6978.0,2,6981.0,2,6982.0,5,6983.0,8,6975.0
AP501,,13:43:31.750#,6929.0,6986.0,6909.0,7553.0,6305.0,10735,41623,6970.0,3,6971.0,4,6973.0,25,6974.0,1,6975.0,1,6977.0,1,6978.0,2,6981.0,2,6982.0,5,6983.0,8,6975.0
AP501,,13:43:33.250#,6929.0,6986.0,6909.0,7553.0,6305.0,10735,41623,6969.0,3,6970.0,3,6971.0,4,6973.0,25,6975.0,1,6977.0,1,6978.0,2,6981.0,2,6982.0,5,6983.0,8,6975.0
AP501,,13:43:35.250#,6929.0,6986.0,6909.0,7553.0,6305.0,10735,41623,6969.0,3,6970.0,3,6971.0,4,6973.0,25,6975.0,1,6977.0,1,6978.0,2,6981.0,2,6982.0,5,6983.0,8,6975.0
AP501,,13:43:35.500#,6929.0,6986.0,6909.0,7553.0,6305.0,10735,41623,6969.0,3,6970.0,3,6971.0,4,6973.0,25,6975.0,1,6977.0,1,6978.0,2,6981.0,2,6982.0,5,6983.0,8,6975.0
AP501,,13:43:37.250#,6929.0,6986.0,6909.0,7553.0,6305.0,10736,41623,6968.0,8,6969.0,3,6970.0,3,6971.0,4,6973.0,25,6977.0,1,6978.0,2,6981.0,2,6982.0,5,6983.0,8,6975.0
AP501,,13:43:37.500#,6929.0,6986.0,6909.0,7553.0,6305.0,10736,41623,6969.0,3,6970.0,3,6971.0,4,6973.0,25,6974.0,1,6977.0,1,6978.0,2,6981.0,2,6982.0,5,6983.0,8,6975.0
AP501,,13:43:37.750#,6929.0,6986.0,6909.0,7553.0,6305.0,10736,41623,6969.0,3,6970.0,2,6971.0,4,6973.0,25,6974.0,1,6977.0,1,6978.0,2,6981.0,2,6982.0,5,6983.0,8,6975.0
AP501,,13:43:38.0#,6929.0,6986.0,6909.0,7553.0,6305.0,10736,41623,6969.0,3,6970.0,2,6971.0,4,6973.0,25,6974.0,1,6977.0,3,6978.0,2,6981.0,2,6982.0,5,6983.0,8,6975.0
AP501,,13:43:38.500#,6929.0,6986.0,6909.0,7553.0,6305.0,10736,41623,6969.0,3,6970.0,2,6971.0,4,6973.0,25,6974.0,1,6977.0,2,6978.0,2,6981.0,2,6982.0,5,6983.0,8,6975.0
AP501,,13:43:38.750#,6929.0,6986.0,6909.0,7553.0,6305.0,10736,41623,6970.0,2,6971.0,4,6973.0,25,6974.0,1,6975.0,1,6977.0,2,6978.0,2,6981.0,2,6982.0,5,6983.0,8,6975.0
AP501,,13:43:39.0#,6929.0,6986.0,6909.0,7553.0,6305.0,10736,41623,6970.0,2,6971.0,4,6973.0,25,6974.0,1,6975.0,1,6977.0,1,6978.0,2,6981.0,2,6982.0,5,6983.0,8,6975.0
AP501,,13:43:39.750#,6929.0,6986.0,6909.0,7553.0,6305.0,10736,41623,6970.0,2,6971.0,4,6973.0,25,6974.0,1,6975.0,1,6977.0,2,6978.0,2,6981.0,2,6982.0,5,6983.0,8,6975.0
AP501,,13:43:41.500#,6929.0,6986.0,6909.0,7553.0,6305.0,10736,41623,6970.0,2,6971.0,4,6973.0,25,6974.0,1,6975.0,1,6977.0,1,6978.0,2,6981.0,2,6982.0,5,6983.0,8,6975.0
AP501,,13:43:42.250#,6929.0,6986.0,6909.0,7553.0,6305.0,10736,41623,6970.0,2,6971.0,4,6973.0,25,6974.0,1,6975.0,1,6977.0,1,6978.0,1,6981.0,2,6982.0,5,6983.0,8,6975.0
AP501,,13:43:44.750#,6929.0,6986.0,6909.0,7553.0,6305.0,10739,41626,6970.0,2,6971.0,4,6973.0,25,6974.0,1,6975.0,1,6978.0,2,6981.0,2,6982.0,5,6983.0,8,6984.0,1,6977.0
AP501,,13:43:45.0#,6929.0,6986.0,6909.0,7553.0,6305.0,10739,41626,6970.0,2,6971.0,4,6973.0,25,6974.0,1,6975.0,1,6978.0,1,6981.0,2,6982.0,5,6983.0,8,6984.0,1,6977.0
AP501,,13:43:46.250#,6929.0,6986.0,6909.0,7553.0,6305.0,10739,41626,6970.0,2,6971.0,4,6973.0,25,6974.0,1,6975.0,2,6978.0,1,6981.0,2,6982.0,5,6983.0,8,6984.0,1,6977.0
AP501,,13:43:46.500#,6929.0,6986.0,6909.0,7553.0,6305.0,10739,41626,6970.0,3,6971.0,4,6973.0,25,6974.0,1,6975.0,2,6978.0,1,6981.0,2,6982.0,5,6983.0,8,6984.0,1,6977.0
AP501,,13:43:47.750#,6929.0,6986.0,6909.0,7553.0,6305.0,10739,41626,6970.0,3,6971.0,4,6973.0,25,6974.0,1,6975.0,2,6976.0,1,6981.0,2,6982.0,5,6983.0,8,6984.0,1,6977.0
AP501,,13:43:48.0#,6929.0,6986.0,6909.0,7553.0,6305.0,10739,41626,6970.0,3,6971.0,4,6973.0,25,6974.0,1,6975.0,1,6977.0,1,6981.0,2,6982.0,5,6983.0,8,6984.0,1,6977.0
AP501,,13:43:48.250#,6929.0,6986.0,6909.0,7553.0,6305.0,10739,41626,6970.0,3,6971.0,4,6973.0,25,6974.0,1,6975.0,1,6979.0,1,6981.0,2,6982.0,5,6983.0,8,6984.0,1,6977.0
AP501,,13:43:48.500#,6929.0,6986.0,6909.0,7553.0,6305.0,10739,41626,6970.0,3,6971.0,4,6973.0,25,6974.0,1,6975.0,1,6978.0,1,6979.0,1,6981.0,2,6982.0,5,6983.0,8,6977.0
AP501,,13:43:52.250#,6929.0,6986.0,6909.0,7553.0,6305.0,10740,41626,6970.0,3,6971.0,4,6973.0,25,6974.0,1,6975.0,1,6979.0,2,6981.0,2,6982.0,5,6983.0,8,6984.0,1,6978.0
AP501,,13:43:52.500#,6929.0,6986.0,6909.0,7553.0,6305.0,10740,41626,6971.0,4,6973.0,25,6974.0,1,6975.0,1,6976.0,2,6979.0,1,6981.0,2,6982.0,5,6983.0,8,6984.0,1,6978.0
AP501,,13:43:52.750#,6929.0,6986.0,6909.0,7553.0,6305.0,10740,41626,6973.0,25,6974.0,1,6975.0,1,6976.0,2,6977.0,2,6980.0,2,6981.0,2,6982.0,5,6983.0,8,6984.0,1,6978.0
AP501,,13:43:54.500#,6929.0,6986.0,6909.0,7553.0,6305.0,10740,41626,6973.0,25,6974.0,1,6975.0,1,6976.0,2,6977.0,2,6979.0,1,6981.0,2,6982.0,5,6983.0,8,6984.0,1,6978.0
AP501,,13:43:54.750#,6929.0,6986.0,6909.0,7553.0,6305.0,10740,41626,6971.0,4,6973.0,25,6975.0,1,6976.0,1,6977.0,2,6979.0,2,6981.0,2,6982.0,5,6983.0,8,6984.0,1,6978.0
AP501,,13:43:55.250#,6929.0,6986.0,6909.0,7553.0,6305.0,10742,41628,6970.0,3,6971.0,4,6973.0,25,6975.0,1,6976.0,1,6979.0,2,6981.0,2,6982.0,5,6983.0,8,6984.0,1,6977.0
AP501,,13:43:55.500#,6929.0,6986.0,6909.0,7553.0,6305.0,10742,41628,6970.0,3,6971.0,4,6973.0,25,6975.0,1,6976.0,1,6978.0,1,6979.0,1,6981.0,2,6982.0,5,6983.0,8,6977.0
AP501,,13:43:57.750#,6929.0,6986.0,6909.0,7553.0,6305.0,10743,41628,6970.0,3,6971.0,4,6973.0,25,6975.0,1,6976.0,1,6979.0,2,6981.0,2,6982.0,5,6983.0,8,6984.0,1,6978.0
AP501,,13:43:59.0#,6929.0,6986.0,6909.0,7553.0,6305.0,10743,41628,6970.0,3,6971.0,4,6973.0,25,6975.0,1,6976.0,1,6979.0,3,6981.0,2,6982.0,5,6983.0,8,6984.0,1,6978.0
AP501,,13:43:59.250#,6929.0,6986.0,6909.0,7553.0,6305.0,10743,41628,6970.0,3,6971.0,4,6973.0,25,6975.0,1,6976.0,1,6979.0,4,6981.0,2,6982.0,5,6983.0,8,6984.0,1,6978.0
AP501,,13:43:59.500#,6929.0,6986.0,6909.0,7553.0,6305.0,10743,41628,6969.0,3,6970.0,3,6971.0,4,6973.0,25,6975.0,1,6979.0,4,6981.0,2,6982.0,5,6983.0,8,6984.0,1,6978.0
AP501,,13:43:59.750#,6929.0,6986.0,6909.0,7553.0,6305.0,10743,41628,6969.0,3,6970.0,3,6971.0,4,6973.0,25,6975.0,1,6978.0,1,6979.0,2,6981.0,2,6982.0,5,6983.0,8,6978.0
AP501,,13:44:00.750#,6929.0,6986.0,6909.0,7553.0,6305.0,10743,41628,6969.0,3,6970.0,3,6971.0,4,6973.0,25,6975.0,1,6978.0,1,6979.0,2,6981.0,2,6982.0,5,6983.0,11,6978.0
AP501,,13:44:12.0#,6929.0,6986.0,6909.0,7553.0,6305.0,10743,41628,6969.0,3,6970.0,3,6971.0,4,6973.0,25,6975.0,1,6977.0,2,6978.0,1,6979.0,2,6981.0,2,6982.0,15,6978.0
AP501,,13:44:12.500#,6929.0,6986.0,6909.0,7553.0,6305.0,10743,41628,6969.0,3,6970.0,3,6971.0,4,6973.0,25,6975.0,1,6977.0,2,6978.0,2,6979.0,2,6981.0,2,6982.0,15,6978.0
AP501,,13:44:13.0#,6929.0,6986.0,6909.0,7553.0,6305.0,10743,41628,6969.0,3,6970.0,3,6971.0,4,6973.0,25,6975.0,1,6976.0,1,6978.0,2,6979.0,2,6981.0,2,6982.0,15,6978.0
AP501,,13:44:13.250#,6929.0,6986.0,6909.0,7553.0,6305.0,10743,41628,6969.0,3,6970.0,3,6971.0,4,6973.0,25,6975.0,1,6977.0,2,6978.0,2,6979.0,1,6981.0,2,6982.0,15,6978.0
AP501,,13:44:13.500#,6929.0,6986.0,6909.0,7553.0,6305.0,10744,41628,6969.0,3,6970.0,3,6971.0,4,6973.0,25,6975.0,1,6977.0,1,6978.0,2,6979.0,1,6981.0,2,6982.0,15,6978.0
AP501,,13:44:13.750#,6929.0,6986.0,6909.0,7553.0,6305.0,10744,41628,6968.0,8,6969.0,3,6970.0,3,6971.0,4,6973.0,25,6977.0,1,6978.0,2,6979.0,1,6981.0,2,6982.0,15,6978.0
AP501,,13:44:14.0#,6929.0,6986.0,6909.0,7553.0,6305.0,10744,41628,6969.0,3,6970.0,3,6971.0,4,6973.0,25,6974.0,2,6977.0,1,6978.0,2,6979.0,1,6981.0,2,6982.0,15,6978.0
AP501,,13:44:14.250#,6929.0,6986.0,6909.0,7553.0,6305.0,10744,41628,6970.0,3,6971.0,4,6973.0,25,6974.0,2,6975.0,1,6977.0,1,6978.0,2,6979.0,1,6981.0,2,6982.0,15,6978.0
AP501,,13:44:15.500#,6929.0,6986.0,6909.0,7553.0,6305.0,10745,41628,6971.0,4,6973.0,25,6974.0,2,6975.0,1,6977.0,1,6978.0,2,6979.0,1,6981.0,2,6982.0,15,6983.0,11,6977.0
AP501,,13:44:15.750#,6929.0,6986.0,6909.0,7553.0,6305.0,10746,41628,6970.0,3,6971.0,4,6973.0,25,6974.0,2,6975.0,1,6977.0,1,6978.0,1,6979.0,1,6981.0,2,6982.0,15,6977.0
AP501,,13:44:17.750#,6929.0,6986.0,6909.0,7553.0,6305.0,10746,41628,6970.0,2,6971.0,4,6973.0,25,6974.0,2,6975.0,2,6977.0,1,6978.0,1,6979.0,1,6981.0,2,6982.0,15,6977.0
AP501,,13:44:19.0#,6929.0,6986.0,6909.0,7553.0,6305.0,10746,41628,6970.0,2,6971.0,4,6973.0,25,6974.0,2,6975.0,2,6978.0,1,6979.0,1,6981.0,2,6982.0,15,6983.0,11,6977.0
AP501,,13:44:19.250#,6929.0,6986.0,6909.0,7553.0,6305.0,10746,41628,6971.0,4,6973.0,25,6974.0,2,6975.0,2,6976.0,1,6978.0,1,6979.0,1,6981.0,2,6982.0,15,6983.0,11,6977.0
AP501,,13:44:19.750#,6929.0,6986.0,6909.0,7553.0,6305.0,10746,41628,6971.0,4,6973.0,25,6974.0,2,6975.0,2,6976.0,1,6978.0,1,6979.0,1,6981.0,2,6982.0,15,6983.0,11,6977.0
AP501,,13:44:20.250#,6929.0,6986.0,6909.0,7553.0,6305.0,10746,41628,6971.0,4,6973.0,25,6974.0,2,6975.0,2,6976.0,2,6978.0,1,6979.0,1,6981.0,2,6982.0,15,6983.0,11,6977.0
AP501,,13:44:20.750#,6929.0,6986.0,6909.0,7553.0,6305.0,10746,41628,6971.0,4,6973.0,25,6974.0,2,6975.0,2,6976.0,2,6978.0,1,6979.0,1,6981.0,2,6982.0,15,6983.0,11,6977.0
AP501,,13:44:22.250#,6929.0,6986.0,6909.0,7553.0,6305.0,10746,41628,6971.0,4,6973.0,25,6974.0,2,6975.0,2,6976.0,2,6978.0,1,6979.0,1,6981.0,2,6982.0,15,6983.0,11,6977.0
AP501,,13:44:22.750#,6929.0,6986.0,6909.0,7553.0,6305.0,10746,41628,6971.0,4,6973.0,25,6974.0,2,6975.0,2,6976.0,2,6978.0,1,6979.0,1,6981.0,2,6982.0,15,6983.0,11,6977.0
AP501,,13:44:23.500#,6929.0,6986.0,6909.0,7553.0,6305.0,10746,41628,6971.0,4,6973.0,25,6974.0,2,6975.0,2,6976.0,3,6978.0,1,6979.0,1,6981.0,2,6982.0,15,6983.0,11,6977.0
AP501,,13:44:23.750#,6929.0,6986.0,6909.0,7553.0,6305.0,10751,41627,6971.0,4,6973.0,25,6974.0,1,6975.0,2,6976.0,1,6978.0,1,6979.0,1,6981.0,2,6982.0,15,6983.0,11,6976.0
AP501,,13:44:24.500#,6929.0,6986.0,6909.0,7553.0,6305.0,10751,41627,6970.0,2,6971.0,4,6973.0,25,6974.0,1,6975.0,3,6978.0,1,6979.0,1,6981.0,2,6982.0,15,6983.0,11,6976.0
AP501,,13:44:24.750#,6929.0,6986.0,6909.0,7553.0,6305.0,10752,41628,6970.0,2,6971.0,4,6973.0,25,6974.0,1,6975.0,3,6978.0,1,6979.0,1,6981.0,2,6982.0,15,6983.0,11,6976.0
AP501,,13:44:26.250#,6929.0,6986.0,6909.0,7553.0,6305.0,10752,41628,6971.0,4,6973.0,25,6974.0,1,6975.0,2,6976.0,1,6978.0,1,6979.0,1,6981.0,2,6982.0,15,6983.0,11,6976.0
AP501,,13:44:26.500#,6929.0,6986.0,6909.0,7553.0,6305.0,10752,41628,6971.0,4,6973.0,25,6974.0,1,6975.0,2,6977.0,1,6978.0,1,6979.0,1,6981.0,2,6982.0,15,6983.0,11,6976.0
AP501,,13:44:26.750#,6929.0,6986.0,6909.0,7553.0,6305.0,10752,41628,6971.0,4,6973.0,25,6975.0,1,6976.0,1,6977.0,1,6978.0,1,6979.0,1,6981.0,2,6982.0,15,6983.0,11,6976.0
AP501,,13:44:28.250#,6929.0,6986.0,6909.0,7553.0,6305.0,10752,41628,6971.0,4,6973.0,25,6975.0,1,6976.0,1,6977.0,1,6978.0,1,6979.0,1,6981.0,2,6982.0,15,6983.0,11,6976.0
AP501,,13:44:28.500#,6929.0,6986.0,6909.0,7553.0,6305.0,10752,41628,6971.0,4,6973.0,25,6975.0,1,6976.0,1,6977.0,1,6978.0,1,6979.0,1,6980.0,1,6981.0,2,6982.0,15,6976.0
AP501,,13:44:29.750#,6929.0,6986.0,6909.0,7553.0,6305.0,10754,41628,6970.0,2,6971.0,4,6973.0,25,6975.0,1,6976.0,2,6977.0,8,6978.0,1,6979.0,1,6980.0,1,6981.0,2,6977.0
AP501,,13:44:30.250#,6929.0,6986.0,6909.0,7553.0,6305.0,10754,41628,6970.0,2,6971.0,4,6973.0,25,6975.0,1,6976.0,2,6977.0,8,6978.0,1,6979.0,1,6980.0,1,6981.0,2,6977.0
AP501,,13:44:31.0#,6929.0,6986.0,6909.0,7553.0,6305.0,10755,41628,6970.0,2,6971.0,4,6973.0,25,6975.0,1,6976.0,1,6977.0,7,6978.0,1,6979.0,1,6980.0,1,6981.0,2,6977.0
AP501,,13:44:31.250#,6929.0,6986.0,6909.0,7553.0,6305.0,10756,41628,6970.0,2,6971.0,4,6973.0,25,6975.0,1,6976.0,1,6977.0,6,6978.0,1,6979.0,1,6980.0,1,6981.0,2,6977.0
AP501,,13:44:34.0#,6929.0,6986.0,6909.0,7553.0,6305.0,10756,41628,6970.0,2,6971.0,4,6973.0,25,6975.0,1,6976.0,2,6977.0,6,6978.0,1,6979.0,1,6980.0,1,6981.0,2,6977.0
AP501,,13:44:34.250#,6929.0,6986.0,6909.0,7553.0,6305.0,10756,41628,6970.0,2,6971.0,4,6973.0,25,6975.0,1,6976.0,1,6977.0,6,6978.0,1,6979.0,1,6980.0,1,6981.0,2,6977.0
AP501,,13:44:35.750#,6929.0,6986.0,6909.0,7553.0,6305.0,10756,41628,6970.0,2,6971.0,4,6973.0,25,6975.0,1,6976.0,2,6977.0,6,6978.0,1,6979.0,1,6980.0,1,6981.0,2,6977.0
AP501,,13:44:36.0#,6929.0,6986.0,6909.0,7553.0,6305.0,10756,41628,6970.0,2,6971.0,4,6973.0,25,6975.0,1,6976.0,1,6977.0,6,6978.0,1,6979.0,1,6980.0,1,6981.0,2,6977.0
AP501,,13:44:36.500#,6929.0,6986.0,6909.0,7553.0,6305.0,10756,41628,6970.0,2,6971.0,4,6973.0,25,6975.0,1,6976.0,2,6977.0,6,6978.0,1,6979.0,1,6980.0,1,6981.0,2,6977.0
AP501,,13:44:36.750#,6929.0,6986.0,6909.0,7553.0,6305.0,10756,41628,6970.0,2,6971.0,4,6973.0,25,6975.0,1,6976.0,1,6977.0,6,6978.0,1,6979.0,1,6980.0,1,6981.0,2,6977.0
AP501,,13:44:37.250#,6929.0,6986.0,6909.0,7553.0,6305.0,10757,41628,6969.0,3,6970.0,2,6971.0,4,6973.0,25,6975.0,2,6977.0,6,6979.0,1,6980.0,1,6981.0,2,6982.0,15,6976.0
AP501,,13:44:38.250#,6929.0,6986.0,6909.0,7553.0,6305.0,10757,41628,6969.0,3,6970.0,2,6971.0,4,6973.0,25,6975.0,1,6977.0,6,6979.0,1,6980.0,1,6981.0,2,6982.0,15,6976.0
AP501,,13:44:40.0#,6929.0,6986.0,6909.0,7553.0,6305.0,10757,41628,6969.0,3,6970.0,2,6971.0,4,6973.0,25,6975.0,1,6977.0,6,6979.0,1,6980.0,1,6981.0,2,6982.0,15,6976.0
AP501,,13:44:45.750#,6929.0,6986.0,6909.0,7553.0,6305.0,10757,41628,6969.0,3,6970.0,2,6971.0,4,6973.0,25,6975.0,1,6977.0,7,6979.0,1,6980.0,1,6981.0,2,6982.0,15,6976.0
AP501,,13:44:46.0#,6929.0,6986.0,6909.0,7553.0,6305.0,10757,41628,6969.0,3,6970.0,2,6971.0,4,6973.0,25,6975.0,1,6977.0,7,6979.0,1,6980.0,1,6981.0,2,6982.0,15,6976.0
AP501,,13:44:48.0#,6929.0,6986.0,6909.0,7553.0,6305.0,10758,41628,6969.0,3,6970.0,2,6971.0,4,6973.0,25,6975.0,1,6977.0,6,6979.0,1,6980.0,1,6981.0,2,6982.0,15,6977.0
AP501,,13:44:57.0#,6929.0,6986.0,6909.0,7553.0,6305.0,10759,41628,6969.0,3,6970.0,2,6971.0,4,6973.0,25,6975.0,1,6977.0,5,6979.0,1,6980.0,1,6981.0,2,6982.0,15,6977.0
AP501,,13:44:57.250#,6929.0,6986.0,6909.0,7553.0,6305.0,10759,41628,6968.0,5,6970.0,2,6971.0,4,6973.0,25,6975.0,1,6977.0,5,6979.0,1,6980.0,1,6981.0,2,6982.0,15,6977.0
AP501,,13:44:58.250#,6929.0,6986.0,6909.0,7553.0,6305.0,10759,41628,6968.0,5,6970.0,2,6971.0,4,6973.0,25,6975.0,1,6977.0,5,6979.0,1,6980.0,1,6981.0,2,6982.0,15,6977.0
AP501,,13:45:01.750#,6929.0,6986.0,6909.0,7553.0,6305.0,10766,41628,6968.0,5,6970.0,2,6971.0,4,6973.0,25,6975.0,1,6979.0,1,6981.0,2,6982.0,15,6983.0,11,6984.0,1,6980.0
AP501,,13:45:02.0#,6929.0,6986.0,6909.0,7553.0,6305.0,10766,41628,6970.0,2,6971.0,4,6973.0,25,6975.0,3,6976.0,3,6979.0,1,6980.0,2,6981.0,2,6982.0,15,6983.0,11,6980.0
AP501,,13:45:02.250#,6929.0,6986.0,6909.0,7553.0,6305.0,10766,41628,6970.0,2,6971.0,4,6973.0,25,6975.0,3,6976.0,4,6979.0,2,6980.0,2,6981.0,2,6982.0,15,6983.0,11,6980.0
AP501,,13:45:02.500#,6929.0,6986.0,6909.0,7553.0,6305.0,10766,41628,6970.0,2,6971.0,4,6973.0,25,6975.0,3,6976.0,3,6979.0,2,6980.0,2,6981.0,2,6982.0,15,6983.0,11,6980.0
AP501,,13:45:02.750#,6929.0,6986.0,6909.0,7553.0,6305.0,10766,41628,6971.0,4,6973.0,25,6975.0,3,6976.0,3,6977.0,1,6979.0,2,6980.0,2,6981.0,2,6982.0,15,6983.0,11,6980.0
AP501,,13:45:03.0#,6929.0,6986.0,6909.0,7553.0,6305.0,10766,41628,6971.0,4,6973.0,25,6975.0,3,6976.0,1,6977.0,1,6979.0,2,6980.0,2,6981.0,2,6982.0,15,6983.0,11,6980.0
AP501,,13:45:05.250#,6929.0,6986.0,6909.0,7553.0,6305.0,10766,41628,6971.0,4,6973.0,25,6975.0,3,6976.0,1,6977.0,2,6979.0,2,6980.0,2,6981.0,2,6982.0,15,6983.0,11,6980.0
AP501,,13:45:05.500#,6929.0,6986.0,6909.0,7553.0,6305.0,10766,41628,6970.0,2,6971.0,4,6973.0,25,6975.0,3,6977.0,3,6979.0,2,6980.0,2,6981.0,2,6982.0,15,6983.0,11,6980.0
AP501,,13:45:05.750#,6929.0,6986.0,6909.0,7553.0,6305.0,10766,41628,6970.0,2,6971.0,4,6973.0,25,6975.0,3,6977.0,3,6979.0,2,6980.0,2,6981.0,2,6982.0,15,6983.0,11,6980.0
AP501,,13:45:06.750#,6929.0,6986.0,6909.0,7553.0,6305.0,10767,41629,6970.0,2,6971.0,4,6973.0,25,6975.0,3,6977.0,2,6979.0,1,6980.0,2,6981.0,2,6982.0,15,6983.0,11,6979.0
AP501,,13:45:07.0#,6929.0,6986.0,6909.0,7553.0,6305.0,10767,41629,6971.0,4,6973.0,25,6975.0,3,6977.0,2,6978.0,2,6979.0,1,6980.0,2,6981.0,2,6982.0,15,6983.0,11,6979.0
AP501,,13:45:07.250#,6929.0,6986.0,6909.0,7553.0,6305.0,10767,41629,6971.0,4,6973.0,25,6975.0,3,6977.0,2,6978.0,2,6979.0,1,6980.0,3,6981.0,2,6982.0,15,6983.0,11,6979.0
AP501,,13:45:09.250#,6929.0,6986.0,6909.0,7553.0,6305.0,10768,41629,6971.0,4,6973.0,25,6975.0,3,6977.0,2,6978.0,2,6980.0,4,6981.0,2,6982.0,15,6983.0,11,6984.0,1,6979.0
AP501,,13:45:09.500#,6929.0,6986.0,6909.0,7553.0,6305.0,10769,41628,6970.0,2,6971.0,2,6973.0,25,6975.0,3,6977.0,2,6980.0,4,6981.0,2,6982.0,15,6983.0,11,6984.0,1,6978.0
AP501,,13:45:09.750#,6929.0,6986.0,6909.0,7553.0,6305.0,10769,41628,6970.0,2,6971.0,2,6973.0,25,6975.0,3,6977.0,1,6980.0,4,6981.0,2,6982.0,15,6983.0,11,6984.0,1,6978.0
AP501,,13:45:10.0#,6929.0,6986.0,6909.0,7553.0,6305.0,10769,41628,6970.0,2,6971.0,2,6973.0,25,6975.0,3,6977.0,1,6979.0,1,6980.0,3,6981.0,2,6982.0,15,6983.0,11,6978.0
AP501,,13:45:12.0#,6929.0,6986.0,6909.0,7553.0,6305.0,10770,41629,6970.0,2,6971.0,2,6973.0,25,6975.0,3,6977.0,1,6980.0,4,6981.0,2,6982.0,15,6983.0,11,6984.0,1,6979.0
AP501,,13:45:13.500#,6929.0,6986.0,6909.0,7553.0,6305.0,10770,41629,6971.0,2,6973.0,25,6975.0,3,6977.0,2,6979.0,3,6980.0,4,6981.0,2,6982.0,15,6983.0,11,6984.0,1,6979.0
AP501,,13:45:17.0#,6929.0,6986.0,6909.0,7553.0,6305.0,10772,41629,6971.0,2,6973.0,25,6975.0,3,6977.0,2,6979.0,1,6980.0,4,6981.0,2,6982.0,15,6983.0,11,6984.0,1,6979.0
AP501,,13:45:17.250#,6929.0,6986.0,6909.0,7553.0,6305.0,10772,41629,6971.0,2,6973.0,23,6975.0,3,6977.0,2,6979.0,1,6980.0,4,6981.0,2,6982.0,15,6983.0,11,6984.0,1,6979.0
AP501,,13:45:17.750#,6929.0,6986.0,6909.0,7553.0,6305.0,10773,41629,6970.0,2,6971.0,2,6973.0,23,6975.0,3,6977.0,2,6980.0,3,6981.0,2,6982.0,15,6983.0,11,6984.0,1,6979.0
AP501,,13:45:18.750#,6929.0,6986.0,6909.0,7553.0,6305.0,10776,41630,6971.0,2,6973.0,23,6975.0,3,6977.0,2,6980.0,7,6981.0,3,6982.0,15,6983.0,11,6984.0,1,6985.0,10,6980.0
AP501,,13:45:19.0#,6929.0,6986.0,6909.0,7553.0,6305.0,10776,41630,6971.0,2,6973.0,23,6975.0,3,6977.0,2,6980.0,7,6981.0,1,6982.0,15,6983.0,11,6984.0,1,6985.0,10,6980.0
AP501,,13:45:20.250#,6929.0,6986.0,6909.0,7553.0,6305.0,10777,41631,6973.0,23,6975.0,3,6977.0,2,6980.0,7,6981.0,9,6982.0,15,6983.0,11,6984.0,1,6985.0,10,6986.0,19,6981.0
AP501,,13:45:20.500#,6929.0,6986.0,6909.0,7553.0,6305.0,10779,41633,6973.0,23,6975.0,3,6977.0,2,6980.0,7,6981.0,7,6982.0,15,6983.0,11,6984.0,1,6985.0,10,6986.0,19,6981.0
AP501,,13:45:23.500#,6929.0,6986.0,6909.0,7553.0,6305.0,10779,41633,6973.0,23,6975.0,3,6977.0,1,6980.0,7,6981.0,7,6982.0,15,6983.0,11,6984.0,1,6985.0,10,6986.0,19,6981.0
AP501,,13:45:23.750#,6929.0,6986.0,6909.0,7553.0,6305.0,10781,41633,6973.0,23,6975.0,3,6977.0,1,6980.0,7,6981.0,5,6982.0,16,6983.0,11,6984.0,1,6985.0,10,6986.0,19,6981.0
AP501,,13:45:24.0#,6929.0,6986.0,6909.0,7553.0,6305.0,10786,41634,6971.0,2,6973.0,23,6975.0,3,6977.0,1,6980.0,7,6981.0,2,6982.0,15,6983.0,11,6984.0,1,6985.0,10,6981.0
AP501,,13:45:24.500#,6929.0,6986.0,6909.0,7553.0,6305.0,10790,41634,6971.0,2,6973.0,23,6975.0,3,6977.0,1,6980.0,3,6981.0,2,6982.0,15,6983.0,11,6984.0,1,6985.0,10,6980.0
AP501,,13:45:24.750#,6929.0,6986.0,6909.0,7553.0,6305.0,10790,41634,6971.0,2,6973.0,23,6975.0,3,6977.0,1,6980.0,3,6981.0,2,6982.0,15,6983.0,11,6984.0,1,6985.0,10,6980.0
AP501,,13:45:26.750#,6929.0,6986.0,6909.0,7553.0,6305.0,10793,41637,6970.0,2,6971.0,2,6973.0,23,6975.0,3,6977.0,1,6981.0,2,6982.0,15,6983.0,11,6984.0,1,6985.0,10,6980.0
AP501,,13:45:27.0#,6929.0,6986.0,6909.0,7553.0,6305.0,10793,41637,6970.0,2,6971.0,2,6973.0,23,6975.0,3,6977.0,1,6980.0,2,6981.0,2,6982.0,15,6983.0,11,6984.0,1,6980.0
AP501,,13:45:30.0#,6929.0,6986.0,6909.0,7553.0,6305.0,10795,41638,6971.0,2,6973.0,23,6975.0,3,6977.0,1,6980.0,2,6981.0,2,6982.0,15,6983.0,11,6984.0,1,6985.0,10,6980.0
AP501,,13:45:32.750#,6929.0,6986.0,6909.0,7553.0,6305.0,10795,41638,6971.0,2,6973.0,23,6975.0,3,6977.0,1,6980.0,2,6981.0,2,6982.0,15,6983.0,11,6984.0,1,6985.0,10,6980.0
AP501,,13:45:36.0#,6929.0,6986.0,6909.0,7553.0,6305.0,10795,41638,6971.0,2,6973.0,23,6975.0,3,6977.0,1,6980.0,3,6981.0,2,6982.0,15,6983.0,11,6984.0,1,6985.0,10,6980.0
AP501,,13:45:37.750#,6929.0,6986.0,6909.0,7553.0,6305.0,10795,41638,6971.0,2,6973.0,23,6975.0,3,6977.0,1,6980.0,3,6981.0,2,6982.0,15,6983.0,11,6984.0,1,6985.0,11,6980.0
AP501,,13:45:43.750#,6929.0,6986.0,6909.0,7553.0,6305.0,10795,41638,6971.0,2,6973.0,23,6975.0,3,6977.0,1,6980.0,3,6981.0,3,6982.0,15,6983.0,11,6984.0,1,6985.0,11,6980.0
AP501,,13:45:44.750#,6929.0,6986.0,6909.0,7553.0,6305.0,10795,41638,6971.0,2,6973.0,23,6975.0,3,6977.0,1,6980.0,3,6981.0,3,6982.0,16,6983.0,11,6984.0,1,6985.0,11,6980.0
AP501,,13:45:46.500#,6929.0,6986.0,6909.0,7553.0,6305.0,10796,41639,6971.0,2,6973.0,23,6975.0,3,6977.0,1,6980.0,3,6981.0,2,6982.0,16,6983.0,11,6984.0,1,6985.0,11,6981.0
AP501,,13:45:47.750#,6929.0,6986.0,6909.0,7553.0,6305.0,10799,41641,6970.0,2,6971.0,2,6973.0,23,6975.0,3,6977.0,1,6981.0,2,6982.0,16,6983.0,11,6984.0,1,6985.0,11,6980.0
AP501,,13:45:48.0#,6929.0,6986.0,6909.0,7553.0,6305.0,10799,41641,6970.0,2,6971.0,2,6973.0,23,6975.0,3,6977.0,3,6980.0,2,6981.0,2,6982.0,16,6983.0,11,6984.0,1,6980.0
AP501,,13:45:48.250#,6929.0,6986.0,6909.0,7553.0,6305.0,10800,41642,6970.0,2,6971.0,2,6973.0,23,6975.0,3,6977.0,1,6980.0,1,6981.0,2,6982.0,16,6983.0,11,6984.0,1,6980.0
AP501,,13:45:48.500#,6929.0,6986.0,6909.0,7553.0,6305.0,10800,41642,6971.0,2,6973.0,23,6975.0,3,6977.0,1,6978.0,1,6980.0,1,6981.0,2,6982.0,16,6983.0,11,6984.0,1,6980.0
AP501,,13:45:48.750#,6929.0,6986.0,6909.0,7553.0,6305.0,10800,41642,6971.0,2,6973.0,23,6975.0,3,6977.0,1,6978.0,1,6980.0,2,6981.0,2,6982.0,16,6983.0,11,6984.0,1,6980.0
AP501,,13:45:49.0#,6929.0,6986.0,6909.0,7553.0,6305.0,10800,41642,6971.0,2,6973.0,23,6975.0,3,6977.0,1,6978.0,1,6980.0,1,6981.0,2,6982.0,16,6983.0,11,6984.0,1,6980.0
AP501,,13:45:49.500#,6929.0,6986.0,6909.0,7553.0,6305.0,10800,41642,6971.0,2,6973.0,23,6975.0,3,6977.0,1,6978.0,1,6980.0,2,6981.0,2,6982.0,16,6983.0,11,6984.0,1,6980.0
AP501,,13:45:50.0#,6929.0,6986.0,6909.0,7553.0,6305.0,10800,41642,6971.0,2,6973.0,23,6975.0,3,6977.0,1,6978.0,1,6980.0,2,6981.0,3,6982.0,16,6983.0,11,6984.0,1,6980.0
AP501,,13:45:50.250#,6929.0,6986.0,6909.0,7553.0,6305.0,10800,41642,6972.0,2,6973.0,23,6975.0,3,6977.0,1,6978.0,1,6980.0,2,6981.0,3,6982.0,16,6983.0,11,6984.0,1,6980.0
AP501,,13:45:50.500#,6929.0,6986.0,6909.0,7553.0,6305.0,10800,41642,6972.0,2,6973.0,23,6975.0,3,6977.0,1,6978.0,1,6980.0,3,6981.0,3,6982.0,16,6983.0,11,6984.0,1,6980.0
AP501,,13:45:52.250#,6929.0,6986.0,6909.0,7553.0,6305.0,10800,41642,6971.0,2,6972.0,2,6973.0,23,6975.0,3,6977.0,1,6980.0,3,6981.0,3,6982.0,16,6983.0,11,6984.0,1,6980.0
AP501,,13:45:52.500#,6929.0,6986.0,6909.0,7553.0,6305.0,10800,41642,6971.0,2,6972.0,2,6973.0,23,6975.0,3,6977.0,1,6979.0,1,6980.0,2,6981.0,3,6982.0,16,6983.0,11,6980.0
AP501,,13:45:52.750#,6929.0,6986.0,6909.0,7553.0,6305.0,10800,41642,6971.0,2,6972.0,2,6973.0,23,6975.0,3,6977.0,1,6979.0,1,6980.0,2,6981.0,2,6982.0,16,6983.0,11,6980.0
AP501,,13:45:55.500#,6929.0,6986.0,6909.0,7553.0,6305.0,10800,41642,6971.0,2,6972.0,2,6973.0,23,6975.0,3,6977.0,1,6979.0,2,6980.0,2,6981.0,2,6982.0,16,6983.0,11,6980.0
AP501,,13:45:58.0#,6929.0,6986.0,6909.0,7553.0,6305.0,10800,41642,6971.0,2,6972.0,2,6973.0,23,6975.0,3,6977.0,1,6979.0,2,6980.0,2,6981.0,2,6982.0,16,6983.0,11,6980.0
AP501,,13:45:59.250#,6929.0,6986.0,6909.0,7553.0,6305.0,10800,41642,6971.0,2,6972.0,2,6973.0,23,6975.0,3,6977.0,1,6979.0,2,6980.0,2,6981.0,2,6982.0,16,6983.0,11,6980.0
AP501,,13:46:03.500#,6929.0,6986.0,6909.0,7553.0,6305.0,10800,41642,6971.0,2,6972.0,2,6973.0,23,6975.0,3,6977.0,1,6979.0,1,6980.0,2,6981.0,2,6982.0,16,6983.0,11,6980.0
AP501,,13:46:05.0#,6929.0,6986.0,6909.0,7553.0,6305.0,10800,41642,6971.0,2,6972.0,2,6973.0,23,6975.0,3,6977.0,2,6979.0,1,6980.0,2,6981.0,2,6982.0,16,6983.0,11,6980.0
AP501,,13:46:05.250#,6929.0,6986.0,6909.0,7553.0,6305.0,10801,41643,6972.0,2,6973.0,23,6975.0,3,6977.0,1,6978.0,1,6980.0,2,6981.0,2,6982.0,16,6983.0,11,6984.0,1,6979.0
AP501,,13:46:05.500#,6929.0,6986.0,6909.0,7553.0,6305.0,10801,41643,6972.0,2,6973.0,23,6975.0,3,6977.0,1,6978.0,1,6981.0,2,6982.0,16,6983.0,11,6984.0,1,6985.0,10,6979.0
AP501,,13:46:06.750#,6929.0,6986.0,6909.0,7553.0,6305.0,10801,41643,6972.0,2,6973.0,23,6975.0,3,6977.0,1,6978.0,2,6981.0,2,6982.0,16,6983.0,11,6984.0,1,6985.0,10,6979.0
AP501,,13:46:08.500#,6929.0,6986.0,6909.0,7553.0,6305.0,10801,41643,6972.0,2,6973.0,23,6975.0,3,6977.0,1,6978.0,2,6981.0,2,6982.0,16,6983.0,11,6984.0,1,6985.0,10,6979.0
AP501,,13:46:11.500#,6929.0,6986.0,6909.0,7553.0,6305.0,10801,41643,6972.0,2,6973.0,23,6975.0,3,6977.0,1,6978.0,2,6981.0,2,6982.0,16,6983.0,11,6984.0,1,6985.0,10,6979.0
AP501,,13:46:12.750#,6929.0,6986.0,6909.0,7553.0,6305.0,10801,41643,6972.0,2,6973.0,23,6975.0,2,6977.0,1,6978.0,2,6981.0,3,6982.0,16,6983.0,10,6984.0,1,6985.0,10,6979.0
AP501,,13:46:13.0#,6929.0,6986.0,6909.0,7553.0,6305.0,10801,41643,6972.0,2,6973.0,23,6975.0,2,6977.0,1,6978.0,1,6981.0,3,6982.0,16,6983.0,10,6984.0,1,6985.0,10,6979.0
AP501,,13:46:13.250#,6929.0,6986.0,6909.0,7553.0,6305.0,10801,41643,6972.0,2,6973.0,23,6975.0,2,6977.0,1,6978.0,1,6981.0,2,6982.0,16,6983.0,10,6984.0,1,6985.0,10,6979.0
AP501,,13:46:13.500#,6929.0,6986.0,6909.0,7553.0,6305.0,10801,41643,6972.0,2,6973.0,23,6975.0,2,6977.0,1,6978.0,1,6981.0,3,6982.0,16,6983.0,10,6984.0,1,6985.0,10,6979.0
AP501,,13:46:17.250#,6929.0,6986.0,6909.0,7553.0,6305.0,10801,41643,6972.0,2,6973.0,23,6975.0,2,6977.0,1,6978.0,1,6981.0,2,6982.0,16,6983.0,10,6984.0,1,6985.0,10,6979.0
AP501,,13:46:18.750#,6929.0,6986.0,6909.0,7553.0,6305.0,10801,41643,6972.0,2,6973.0,23,6975.0,2,6977.0,1,6978.0,1,6981.0,7,6982.0,16,6983.0,10,6984.0,1,6985.0,10,6979.0
AP501,,13:46:19.0#,6929.0,6986.0,6909.0,7553.0,6305.0,10801,41643,6972.0,2,6973.0,23,6975.0,1,6977.0,1,6978.0,1,6981.0,7,6982.0,16,6983.0,10,6984.0,1,6985.0,10,6979.0
AP501,,13:46:20.750#,6929.0,6986.0,6909.0,7553.0,6305.0,10801,41643,6972.0,2,6973.0,23,6975.0,1,6977.0,1,6978.0,1,6981.0,6,6982.0,16,6983.0,10,6984.0,1,6985.0,10,6979.0
AP501,,13:46:21.0#,6929.0,6986.0,6909.0,7553.0,6305.0,10801,41643,6972.0,2,6973.0,23,6975.0,1,6977.0,1,6978.0,2,6981.0,6,6982.0,16,6983.0,10,6984.0,1,6985.0,10,6979.0
AP501,,13:46:24.250#,6929.0,6986.0,6909.0,7553.0,6305.0,10801,41643,6972.0,2,6973.0,23,6975.0,1,6977.0,1,6978.0,2,6981.0,6,6982.0,17,6983.0,10,6984.0,1,6985.0,10,6979.0
AP501,,13:46:24.750#,6929.0,6986.0,6909.0,7553.0,6305.0,10801,41643,6972.0,2,6973.0,23,6975.0,1,6977.0,1,6978.0,1,6981.0,6,6982.0,17,6983.0,10,6984.0,1,6985.0,10,6979.0
AP501,,13:46:25.0#,6929.0,6986.0,6909.0,7553.0,6305.0,10801,41643,6972.0,2,6973.0,23,6975.0,1,6977.0,1,6978.0,1,6980.0,3,6981.0,6,6982.0,17,6983.0,10,6984.0,1,6979.0
AP501,,13:46:27.750#,6929.0,6986.0,6909.0,7553.0,6305.0,10802,41644,6972.0,2,6973.0,23,6975.0,1,6977.0,1,6978.0,1,6980.0,2,6981.0,6,6982.0,17,6983.0,10,6984.0,1,6980.0
AP501,,13:46:28.0#,6929.0,6986.0,6909.0,7553.0,6305.0,10802,41644,6972.0,2,6973.0,23,6975.0,1,6977.0,1,6978.0,1,6981.0,6,6982.0,17,6983.0,10,6984.0,1,6985.0,10,6980.0
AP501,,13:46:30.500#,6929.0,6986.0,6909.0,7553.0,6305.0,10802,41644,6972.0,2,6973.0,23,6975.0,1,6977.0,1,6978.0,2,6981.0,6,6982.0,17,6983.0,10,6984.0,1,6985.0,10,6980.0
AP501,,13:46:32.0#,6929.0,6986.0,6909.0,7553.0,6305.0,10802,41644,6972.0,2,6973.0,23,6975.0,1,6977.0,1,6978.0,2,6981.0,6,6982.0,17,6983.0,10,6984.0,1,6985.0,10,6980.0
AP501,,13:46:32.250#,6929.0,6986.0,6909.0,7553.0,6305.0,10802,41644,6972.0,2,6973.0,23,6975.0,1,6977.0,1,6978.0,2,6981.0,6,6982.0,17,6983.0,10,6984.0,1,6985.0,10,6980.0
AP501,,13:46:32.500#,6929.0,6986.0,6909.0,7553.0,6305.0,10802,41644,6972.0,2,6973.0,23,6975.0,1,6977.0,1,6978.0,2,6981.0,6,6982.0,17,6983.0,10,6984.0,1,6985.0,10,6980.0
AP501,,13:46:41.250#,6929.0,6986.0,6909.0,7553.0,6305.0,10802,41644,6973.0,23,6975.0,1,6977.0,1,6978.0,2,6979.0,1,6981.0,6,6982.0,17,6983.0,10,6984.0,1,6985.0,10,6980.0
AP501,,13:46:44.250#,6929.0,6986.0,6909.0,7553.0,6305.0,10803,41645,6972.0,2,6973.0,23,6975.0,1,6977.0,1,6978.0,2,6981.0,6,6982.0,17,6983.0,10,6984.0,1,6985.0,10,6979.0
