InstrumentId,ExchangeId,Datetime,OpenPrice,HighestPrice,LowestPrice,UpperLimitPrice,LowerLimitPrice,Volume,OpenInterest,BidPrice5,BidVolume5,BidPrice4,BidVolume4,BidPrice3,BidVolume3,BidPrice2,BidVolume2,BidPrice1,BidVolume1,AskPrice1,AskVolume1,AskPrice2,AskVolume2,AskPrice3,AskVolume3,AskPrice4,AskVolume4,AskPrice5,AskVolume5,LastPrice
AP505,,13:38:38.250#,7117.0,7239.0,7106.0,7783.0,6497.0,299,1253,7216.0,13,7218.0,1,7221.0,1,7235.0,5,7238.0,1,7244.0,4,7250.0,3,7251.0,1,7255.0,1,7256.0,9,7239.0
AP505,,13:38:47.250#,7117.0,7244.0,7106.0,7783.0,6497.0,300,1254,7216.0,13,7218.0,1,7221.0,1,7235.0,5,7238.0,1,7244.0,3,7250.0,3,7251.0,1,7255.0,1,7256.0,9,7244.0
AP505,,13:39:22.500#,7117.0,7244.0,7106.0,7783.0,6497.0,300,1254,7216.0,13,7218.0,1,7221.0,1,7235.0,5,7238.0,1,7244.0,4,7250.0,3,7251.0,1,7255.0,1,7256.0,9,7244.0
AP505,,13:39:23.0#,7117.0,7244.0,7106.0,7783.0,6497.0,300,1254,7216.0,13,7218.0,1,7221.0,1,7235.0,5,7238.0,1,7244.0,3,7250.0,3,7251.0,1,7255.0,1,7256.0,9,7244.0
AP505,,13:39:23.750#,7117.0,7244.0,7106.0,7783.0,6497.0,301,1255,7215.0,4,7216.0,13,7218.0,1,7221.0,1,7235.0,5,7244.0,3,7250.0,3,7251.0,1,7255.0,1,7256.0,9,7238.0
AP505,,13:39:24.500#,7117.0,7244.0,7106.0,7783.0,6497.0,301,1255,7215.0,4,7216.0,13,7218.0,1,7221.0,1,7235.0,5,7242.0,1,7244.0,3,7250.0,3,7251.0,1,7255.0,1,7238.0
AP505,,13:39:30.250#,7117.0,7244.0,7106.0,7783.0,6497.0,301,1255,7215.0,4,7216.0,13,7218.0,1,7221.0,1,7235.0,5,7242.0,1,7244.0,3,7250.0,3,7251.0,1,7255.0,1,7238.0
AP505,,13:39:30.750#,7117.0,7244.0,7106.0,7783.0,6497.0,301,1255,7215.0,4,7216.0,13,7218.0,1,7221.0,1,7235.0,5,7240.0,1,7244.0,3,7250.0,3,7251.0,1,7255.0,1,7238.0
AP505,,13:39:41.500#,7117.0,7244.0,7106.0,7783.0,6497.0,301,1255,7215.0,4,7216.0,13,7218.0,1,7221.0,1,7235.0,5,7239.0,1,7244.0,3,7250.0,3,7251.0,1,7255.0,1,7238.0
AP505,,13:39:43.250#,7117.0,7244.0,7106.0,7783.0,6497.0,301,1255,7215.0,4,7216.0,13,7218.0,1,7221.0,1,7235.0,5,7240.0,1,7244.0,3,7250.0,3,7251.0,1,7255.0,1,7238.0
AP505,,13:39:46.250#,7117.0,7244.0,7106.0,7783.0,6497.0,301,1255,7215.0,4,7216.0,13,7218.0,1,7221.0,1,7235.0,5,7240.0,1,7244.0,3,7250.0,3,7251.0,1,7255.0,1,7238.0
AP505,,13:39:54.250#,7117.0,7244.0,7106.0,7783.0,6497.0,301,1255,7215.0,4,7216.0,13,7218.0,1,7221.0,1,7235.0,5,7239.0,1,7244.0,3,7250.0,3,7251.0,1,7255.0,1,7238.0
AP505,,13:39:55.500#,7117.0,7244.0,7106.0,7783.0,6497.0,301,1255,7215.0,4,7216.0,13,7218.0,1,7221.0,1,7235.0,5,7239.0,1,7244.0,3,7250.0,3,7251.0,1,7255.0,1,7238.0
AP505,,13:39:57.0#,7117.0,7244.0,7106.0,7783.0,6497.0,301,1255,7215.0,4,7216.0,13,7218.0,1,7221.0,1,7235.0,5,7239.0,1,7244.0,3,7250.0,3,7251.0,1,7255.0,1,7238.0
AP505,,13:39:59.750#,7117.0,7244.0,7106.0,7783.0,6497.0,301,1255,7215.0,4,7216.0,13,7218.0,1,7221.0,1,7235.0,5,7238.0,1,7244.0,3,7250.0,3,7251.0,1,7255.0,1,7238.0
AP505,,13:40:00.250#,7117.0,7244.0,7106.0,7783.0,6497.0,301,1255,7215.0,4,7216.0,13,7218.0,1,7221.0,1,7235.0,5,7239.0,1,7244.0,3,7250.0,3,7251.0,1,7255.0,1,7238.0
AP505,,13:40:01.250#,7117.0,7244.0,7106.0,7783.0,6497.0,301,1255,7215.0,4,7216.0,13,7218.0,1,7221.0,1,7235.0,5,7236.0,1,7244.0,3,7250.0,3,7251.0,1,7255.0,1,7238.0
AP505,,13:40:02.250#,7117.0,7244.0,7106.0,7783.0,6497.0,301,1255,7215.0,4,7216.0,13,7218.0,1,7221.0,1,7235.0,5,7239.0,1,7244.0,3,7250.0,3,7251.0,1,7255.0,1,7238.0
AP505,,13:40:02.500#,7117.0,7244.0,7106.0,7783.0,6497.0,301,1255,7215.0,4,7216.0,13,7218.0,1,7221.0,1,7235.0,5,7240.0,1,7244.0,3,7250.0,3,7251.0,1,7255.0,1,7238.0
AP505,,13:40:06.750#,7117.0,7244.0,7106.0,7783.0,6497.0,301,1255,7215.0,4,7216.0,13,7218.0,1,7221.0,1,7235.0,5,7239.0,1,7244.0,3,7250.0,3,7251.0,1,7255.0,1,7238.0
AP505,,13:40:13.0#,7117.0,7244.0,7106.0,7783.0,6497.0,301,1255,7215.0,4,7216.0,13,7218.0,1,7221.0,1,7235.0,5,7238.0,1,7244.0,3,7250.0,3,7251.0,1,7255.0,1,7238.0
AP505,,13:40:16.250#,7117.0,7244.0,7106.0,7783.0,6497.0,301,1255,7215.0,4,7216.0,13,7218.0,1,7221.0,1,7235.0,5,7239.0,1,7244.0,3,7250.0,3,7251.0,1,7255.0,1,7238.0
AP505,,13:40:19.0#,7117.0,7244.0,7106.0,7783.0,6497.0,301,1255,7215.0,4,7216.0,13,7218.0,1,7221.0,1,7235.0,5,7237.0,1,7244.0,3,7250.0,3,7251.0,1,7255.0,1,7238.0
AP505,,13:40:27.750#,7117.0,7244.0,7106.0,7783.0,6497.0,301,1255,7215.0,4,7216.0,13,7218.0,1,7221.0,1,7235.0,5,7239.0,1,7244.0,3,7250.0,3,7251.0,1,7255.0,1,7238.0
AP505,,13:40:32.250#,7117.0,7244.0,7106.0,7783.0,6497.0,301,1255,7215.0,4,7216.0,13,7218.0,1,7221.0,1,7235.0,5,7240.0,1,7244.0,3,7250.0,3,7251.0,1,7255.0,1,7238.0
AP505,,13:40:32.500#,7117.0,7244.0,7106.0,7783.0,6497.0,301,1255,7215.0,4,7216.0,13,7218.0,1,7221.0,1,7235.0,5,7242.0,1,7244.0,3,7250.0,3,7251.0,1,7255.0,1,7238.0
AP505,,13:40:37.0#,7117.0,7244.0,7106.0,7783.0,6497.0,301,1255,7215.0,4,7216.0,13,7218.0,1,7221.0,1,7235.0,5,7241.0,1,7244.0,3,7250.0,3,7251.0,1,7255.0,1,7238.0
AP505,,13:40:37.750#,7117.0,7244.0,7106.0,7783.0,6497.0,301,1255,7215.0,4,7216.0,13,7218.0,1,7221.0,1,7235.0,5,7238.0,1,7244.0,3,7250.0,3,7251.0,1,7255.0,1,7238.0
AP505,,13:40:38.0#,7117.0,7244.0,7106.0,7783.0,6497.0,301,1255,7215.0,4,7216.0,13,7218.0,1,7221.0,1,7235.0,5,7241.0,1,7244.0,3,7250.0,3,7251.0,1,7255.0,1,7238.0
AP505,,13:40:43.750#,7117.0,7244.0,7106.0,7783.0,6497.0,301,1255,7215.0,4,7216.0,13,7218.0,1,7221.0,1,7235.0,5,7242.0,1,7244.0,3,7250.0,3,7251.0,1,7255.0,1,7238.0
AP505,,13:40:47.500#,7117.0,7244.0,7106.0,7783.0,6497.0,301,1255,7215.0,4,7216.0,13,7218.0,1,7221.0,1,7235.0,5,7241.0,1,7244.0,3,7250.0,3,7251.0,1,7255.0,1,7238.0
AP505,,13:40:50.0#,7117.0,7244.0,7106.0,7783.0,6497.0,301,1255,7215.0,4,7216.0,13,7218.0,1,7221.0,1,7235.0,5,7242.0,1,7244.0,3,7250.0,3,7251.0,1,7255.0,1,7238.0
AP505,,13:40:54.500#,7117.0,7244.0,7106.0,7783.0,6497.0,301,1255,7215.0,4,7216.0,13,7218.0,1,7221.0,1,7235.0,5,7241.0,1,7244.0,3,7250.0,3,7251.0,1,7255.0,1,7238.0
AP505,,13:40:57.250#,7117.0,7244.0,7106.0,7783.0,6497.0,301,1255,7215.0,4,7216.0,13,7218.0,1,7221.0,1,7235.0,5,7240.0,1,7244.0,3,7250.0,3,7251.0,1,7255.0,1,7238.0
AP505,,13:41:07.500#,7117.0,7244.0,7106.0,7783.0,6497.0,301,1255,7215.0,4,7216.0,13,7218.0,1,7221.0,1,7235.0,5,7241.0,1,7244.0,3,7250.0,3,7251.0,1,7255.0,1,7238.0
AP505,,13:41:15.500#,7117.0,7244.0,7106.0,7783.0,6497.0,301,1255,7215.0,4,7216.0,13,7218.0,1,7221.0,1,7235.0,5,7238.0,1,7244.0,3,7250.0,3,7251.0,1,7255.0,1,7238.0
AP505,,13:41:16.750#,7117.0,7244.0,7106.0,7783.0,6497.0,301,1255,7215.0,4,7216.0,13,7218.0,1,7221.0,1,7235.0,5,7237.0,1,7244.0,3,7250.0,3,7251.0,1,7255.0,1,7238.0
AP505,,13:41:18.500#,7117.0,7244.0,7106.0,7783.0,6497.0,301,1255,7215.0,4,7216.0,13,7218.0,1,7221.0,1,7235.0,5,7236.0,1,7244.0,3,7250.0,3,7251.0,1,7255.0,1,7238.0
AP505,,13:41:19.0#,7117.0,7244.0,7106.0,7783.0,6497.0,301,1255,7215.0,4,7216.0,13,7218.0,1,7221.0,1,7235.0,5,7236.0,1,7244.0,3,7250.0,3,7251.0,1,7255.0,1,7238.0
AP505,,13:41:20.0#,7117.0,7244.0,7106.0,7783.0,6497.0,302,1254,7215.0,4,7216.0,13,7218.0,1,7221.0,1,7235.0,4,7239.0,1,7244.0,3,7250.0,3,7251.0,1,7255.0,1,7235.0
AP505,,13:41:27.0#,7117.0,7244.0,7106.0,7783.0,6497.0,302,1254,7215.0,4,7216.0,13,7218.0,1,7221.0,1,7235.0,4,7240.0,1,7244.0,3,7250.0,3,7251.0,1,7255.0,1,7235.0
AP505,,13:41:28.750#,7117.0,7244.0,7106.0,7783.0,6497.0,302,1254,7215.0,4,7216.0,13,7218.0,1,7221.0,1,7235.0,4,7241.0,1,7244.0,3,7250.0,3,7251.0,1,7255.0,1,7235.0
AP505,,13:41:31.750#,7117.0,7244.0,7106.0,7783.0,6497.0,302,1254,7215.0,4,7216.0,13,7218.0,1,7221.0,1,7235.0,4,7240.0,1,7244.0,3,7250.0,3,7251.0,1,7255.0,1,7235.0
AP505,,13:41:39.250#,7117.0,7244.0,7106.0,7783.0,6497.0,302,1254,7215.0,4,7216.0,13,7218.0,1,7221.0,1,7235.0,4,7241.0,1,7244.0,3,7250.0,3,7251.0,1,7255.0,1,7235.0
AP505,,13:41:48.250#,7117.0,7244.0,7106.0,7783.0,6497.0,306,1254,7215.0,4,7216.0,13,7218.0,1,7221.0,1,7231.0,1,7241.0,1,7244.0,3,7250.0,3,7251.0,1,7255.0,1,7235.0
AP505,,13:41:50.750#,7117.0,7244.0,7106.0,7783.0,6497.0,306,1254,7215.0,4,7216.0,13,7218.0,1,7221.0,1,7231.0,1,7240.0,1,7244.0,3,7250.0,3,7251.0,1,7255.0,1,7235.0
AP505,,13:41:53.500#,7117.0,7244.0,7106.0,7783.0,6497.0,306,1254,7215.0,4,7216.0,13,7218.0,1,7221.0,1,7231.0,1,7241.0,1,7244.0,3,7250.0,3,7251.0,1,7255.0,1,7235.0
AP505,,13:41:54.500#,7117.0,7244.0,7106.0,7783.0,6497.0,306,1254,7215.0,4,7216.0,13,7218.0,1,7221.0,1,7231.0,1,7240.0,1,7244.0,3,7250.0,3,7251.0,1,7255.0,1,7235.0
AP505,,13:41:57.0#,7117.0,7244.0,7106.0,7783.0,6497.0,306,1254,7215.0,4,7216.0,13,7218.0,1,7221.0,1,7231.0,1,7239.0,1,7244.0,3,7250.0,3,7251.0,1,7255.0,1,7235.0
AP505,,13:41:57.250#,7117.0,7244.0,7106.0,7783.0,6497.0,306,1254,7215.0,4,7216.0,13,7218.0,1,7221.0,1,7231.0,1,7240.0,1,7244.0,3,7250.0,3,7251.0,1,7255.0,1,7235.0
AP505,,13:42:02.500#,7117.0,7244.0,7106.0,7783.0,6497.0,306,1254,7215.0,4,7216.0,13,7218.0,1,7221.0,1,7231.0,1,7239.0,1,7243.0,1,7244.0,3,7250.0,3,7251.0,1,7235.0
AP505,,13:42:13.0#,7117.0,7244.0,7106.0,7783.0,6497.0,306,1254,7215.0,4,7216.0,13,7218.0,1,7221.0,1,7231.0,1,7238.0,1,7243.0,1,7244.0,3,7250.0,3,7251.0,1,7235.0
AP505,,13:42:13.250#,7117.0,7244.0,7106.0,7783.0,6497.0,306,1254,7215.0,4,7216.0,13,7218.0,1,7221.0,1,7231.0,1,7238.0,1,7243.0,1,7244.0,3,7250.0,3,7251.0,1,7235.0
AP505,,13:42:14.250#,7117.0,7244.0,7106.0,7783.0,6497.0,306,1254,7215.0,4,7216.0,13,7218.0,1,7221.0,1,7231.0,1,7237.0,1,7243.0,1,7244.0,3,7250.0,3,7251.0,1,7235.0
AP505,,13:42:14.500#,7117.0,7244.0,7106.0,7783.0,6497.0,306,1254,7215.0,4,7216.0,13,7218.0,1,7221.0,1,7231.0,1,7238.0,1,7243.0,1,7244.0,3,7250.0,3,7251.0,1,7235.0
AP505,,13:42:14.750#,7117.0,7244.0,7106.0,7783.0,6497.0,306,1254,7215.0,4,7216.0,13,7218.0,1,7221.0,1,7231.0,1,7237.0,1,7243.0,1,7244.0,3,7250.0,3,7251.0,1,7235.0
AP505,,13:42:20.0#,7117.0,7244.0,7106.0,7783.0,6497.0,306,1254,7215.0,4,7216.0,13,7218.0,1,7221.0,1,7231.0,1,7237.0,1,7243.0,1,7244.0,3,7250.0,3,7251.0,1,7235.0
AP505,,13:42:21.250#,7117.0,7244.0,7106.0,7783.0,6497.0,306,1254,7215.0,4,7216.0,13,7218.0,1,7221.0,1,7231.0,1,7238.0,1,7243.0,1,7244.0,3,7250.0,3,7251.0,1,7235.0
AP505,,13:42:23.750#,7117.0,7244.0,7106.0,7783.0,6497.0,306,1254,7215.0,4,7216.0,13,7218.0,1,7221.0,1,7231.0,1,7239.0,1,7243.0,1,7244.0,3,7250.0,3,7251.0,1,7235.0
AP505,,13:42:25.0#,7117.0,7244.0,7106.0,7783.0,6497.0,306,1254,7215.0,4,7216.0,13,7218.0,1,7221.0,1,7231.0,6,7239.0,1,7243.0,1,7244.0,3,7250.0,3,7251.0,1,7235.0
AP505,,13:42:28.750#,7117.0,7244.0,7106.0,7783.0,6497.0,306,1254,7215.0,4,7216.0,13,7218.0,1,7221.0,1,7231.0,6,7240.0,1,7243.0,1,7244.0,3,7250.0,3,7251.0,1,7235.0
AP505,,13:42:29.750#,7117.0,7244.0,7106.0,7783.0,6497.0,306,1254,7215.0,4,7216.0,13,7218.0,1,7221.0,1,7231.0,6,7240.0,1,7243.0,1,7244.0,3,7250.0,3,7251.0,1,7235.0
AP505,,13:42:32.500#,7117.0,7244.0,7106.0,7783.0,6497.0,306,1254,7215.0,4,7216.0,13,7218.0,1,7221.0,1,7231.0,6,7239.0,1,7243.0,1,7244.0,3,7250.0,3,7251.0,1,7235.0
AP505,,13:42:37.250#,7117.0,7244.0,7106.0,7783.0,6497.0,306,1254,7215.0,4,7216.0,13,7218.0,1,7221.0,1,7231.0,6,7240.0,1,7243.0,1,7244.0,3,7250.0,3,7251.0,1,7235.0
AP505,,13:42:47.500#,7117.0,7244.0,7106.0,7783.0,6497.0,306,1254,7215.0,4,7216.0,13,7218.0,1,7221.0,1,7231.0,6,7240.0,1,7243.0,1,7244.0,3,7248.0,1,7250.0,3,7235.0
AP505,,13:42:48.250#,7117.0,7244.0,7106.0,7783.0,6497.0,306,1254,7215.0,4,7216.0,13,7218.0,1,7221.0,1,7231.0,6,7240.0,1,7243.0,1,7244.0,3,7248.0,1,7250.0,3,7235.0
AP505,,13:42:49.750#,7117.0,7244.0,7106.0,7783.0,6497.0,306,1254,7215.0,4,7216.0,13,7218.0,1,7221.0,1,7231.0,6,7240.0,1,7243.0,1,7244.0,3,7248.0,1,7250.0,3,7235.0
AP505,,13:42:50.750#,7117.0,7244.0,7106.0,7783.0,6497.0,306,1254,7215.0,4,7216.0,13,7218.0,1,7221.0,1,7231.0,6,7238.0,1,7243.0,1,7244.0,3,7248.0,1,7250.0,3,7235.0
AP505,,13:42:51.0#,7117.0,7244.0,7106.0,7783.0,6497.0,306,1254,7215.0,4,7216.0,13,7218.0,1,7221.0,1,7231.0,6,7240.0,1,7243.0,1,7244.0,3,7248.0,1,7250.0,3,7235.0
AP505,,13:42:53.250#,7117.0,7244.0,7106.0,7783.0,6497.0,306,1254,7215.0,4,7216.0,13,7218.0,1,7221.0,1,7231.0,6,7241.0,1,7243.0,1,7244.0,3,7248.0,1,7250.0,3,7235.0
AP505,,13:42:57.0#,7117.0,7244.0,7106.0,7783.0,6497.0,306,1254,7215.0,4,7216.0,13,7218.0,1,7221.0,1,7231.0,6,7240.0,1,7243.0,1,7244.0,3,7248.0,1,7250.0,3,7235.0
AP505,,13:43:00.750#,7117.0,7244.0,7106.0,7783.0,6497.0,306,1254,7215.0,4,7216.0,13,7218.0,1,7221.0,1,7231.0,5,7239.0,1,7243.0,1,7244.0,3,7248.0,1,7250.0,3,7235.0
AP505,,13:43:05.750#,7117.0,7244.0,7106.0,7783.0,6497.0,306,1254,7215.0,4,7216.0,13,7218.0,1,7221.0,1,7231.0,5,7239.0,1,7243.0,1,7244.0,3,7248.0,1,7250.0,3,7235.0
AP505,,13:43:06.750#,7117.0,7244.0,7106.0,7783.0,6497.0,306,1254,7215.0,4,7216.0,13,7218.0,1,7221.0,1,7231.0,5,7239.0,1,7243.0,1,7244.0,3,7248.0,1,7250.0,3,7235.0
AP505,,13:43:07.250#,7117.0,7244.0,7106.0,7783.0,6497.0,306,1254,7215.0,4,7216.0,13,7218.0,1,7221.0,1,7231.0,5,7237.0,1,7243.0,1,7244.0,3,7248.0,1,7250.0,3,7235.0
AP505,,13:43:08.0#,7117.0,7244.0,7106.0,7783.0,6497.0,306,1254,7215.0,4,7216.0,13,7218.0,1,7221.0,1,7231.0,5,7238.0,1,7243.0,1,7244.0,3,7248.0,1,7250.0,3,7235.0
AP505,,13:43:08.250#,7117.0,7244.0,7106.0,7783.0,6497.0,306,1254,7215.0,4,7216.0,13,7218.0,1,7221.0,1,7231.0,5,7239.0,2,7243.0,1,7244.0,3,7248.0,1,7250.0,3,7235.0
AP505,,13:43:08.500#,7117.0,7244.0,7106.0,7783.0,6497.0,306,1254,7215.0,4,7216.0,13,7218.0,1,7221.0,1,7231.0,5,7239.0,1,7243.0,1,7244.0,3,7248.0,1,7250.0,3,7235.0
AP505,,13:43:09.0#,7117.0,7244.0,7106.0,7783.0,6497.0,306,1254,7216.0,13,7218.0,1,7221.0,1,7231.0,5,7238.0,1,7239.0,1,7243.0,1,7244.0,3,7248.0,1,7250.0,3,7235.0
AP505,,13:43:09.250#,7117.0,7244.0,7106.0,7783.0,6497.0,307,1255,7215.0,4,7216.0,13,7218.0,1,7221.0,1,7231.0,5,7239.0,1,7243.0,1,7244.0,3,7248.0,1,7250.0,3,7238.0
AP505,,13:43:14.750#,7117.0,7244.0,7106.0,7783.0,6497.0,307,1255,7215.0,4,7216.0,13,7218.0,1,7221.0,1,7231.0,5,7239.0,1,7243.0,1,7244.0,3,7248.0,1,7250.0,3,7238.0
AP505,,13:43:15.750#,7117.0,7244.0,7106.0,7783.0,6497.0,307,1255,7215.0,4,7216.0,13,7218.0,1,7221.0,1,7231.0,5,7239.0,1,7243.0,1,7244.0,3,7248.0,1,7250.0,3,7238.0
AP505,,13:43:18.750#,7117.0,7244.0,7106.0,7783.0,6497.0,307,1255,7215.0,4,7216.0,13,7218.0,1,7221.0,1,7231.0,5,7239.0,1,7243.0,1,7244.0,3,7248.0,1,7250.0,3,7238.0
AP505,,13:43:19.750#,7117.0,7244.0,7106.0,7783.0,6497.0,307,1255,7215.0,4,7216.0,13,7218.0,1,7221.0,1,7231.0,5,7239.0,1,7243.0,1,7244.0,3,7248.0,1,7250.0,3,7238.0
AP505,,13:43:25.250#,7117.0,7244.0,7106.0,7783.0,6497.0,307,1255,7216.0,13,7218.0,1,7221.0,1,7231.0,5,7234.0,10,7239.0,1,7243.0,1,7244.0,3,7248.0,1,7250.0,3,7238.0
AP505,,13:43:27.500#,7117.0,7244.0,7106.0,7783.0,6497.0,307,1255,7216.0,13,7218.0,1,7221.0,1,7231.0,5,7234.0,10,7242.0,1,7243.0,1,7244.0,3,7248.0,1,7250.0,3,7238.0
AP505,,13:43:33.0#,7117.0,7244.0,7106.0,7783.0,6497.0,307,1255,7216.0,13,7218.0,1,7221.0,1,7231.0,5,7234.0,10,7242.0,1,7243.0,1,7244.0,3,7250.0,3,7251.0,1,7238.0
AP505,,13:43:54.0#,7117.0,7244.0,7106.0,7783.0,6497.0,307,1255,7216.0,13,7218.0,1,7221.0,1,7234.0,10,7235.0,5,7242.0,1,7243.0,1,7244.0,3,7250.0,3,7251.0,1,7238.0
AP505,,13:44:01.250#,7117.0,7244.0,7106.0,7783.0,6497.0,307,1255,7216.0,13,7218.0,1,7221.0,1,7234.0,10,7235.0,5,7242.0,1,7244.0,3,7250.0,3,7251.0,1,7255.0,1,7238.0
AP505,,13:44:22.0#,7117.0,7244.0,7106.0,7783.0,6497.0,311,1255,7216.0,13,7218.0,1,7221.0,1,7234.0,10,7235.0,1,7242.0,1,7244.0,3,7250.0,3,7251.0,1,7255.0,1,7235.0
AP505,,13:44:22.250#,7117.0,7244.0,7106.0,7783.0,6497.0,312,1256,7215.0,4,7216.0,13,7218.0,1,7221.0,1,7234.0,10,7235.0,3,7241.0,1,7244.0,3,7250.0,3,7251.0,1,7235.0
AP505,,13:44:22.500#,7117.0,7244.0,7106.0,7783.0,6497.0,315,1256,7215.0,4,7216.0,13,7218.0,1,7221.0,1,7234.0,10,7241.0,1,7244.0,3,7250.0,3,7251.0,1,7255.0,1,7235.0
AP505,,13:44:27.250#,7117.0,7244.0,7106.0,7783.0,6497.0,315,1256,7215.0,4,7216.0,13,7218.0,1,7221.0,1,7234.0,10,7241.0,1,7244.0,3,7250.0,3,7251.0,1,7255.0,1,7235.0
AP505,,13:44:28.750#,7117.0,7244.0,7106.0,7783.0,6497.0,315,1256,7215.0,4,7216.0,13,7218.0,1,7221.0,1,7234.0,10,7241.0,1,7244.0,3,7250.0,3,7251.0,1,7255.0,1,7235.0
AP505,,13:44:45.0#,7117.0,7244.0,7106.0,7783.0,6497.0,315,1256,7216.0,13,7218.0,1,7221.0,1,7234.0,10,7235.0,10,7241.0,1,7244.0,3,7250.0,3,7251.0,1,7255.0,1,7235.0
AP505,,13:44:53.250#,7117.0,7244.0,7106.0,7783.0,6497.0,315,1256,7216.0,13,7218.0,1,7221.0,1,7234.0,10,7235.0,10,7242.0,1,7244.0,3,7250.0,3,7251.0,1,7255.0,1,7235.0
AP505,,13:44:56.250#,7117.0,7244.0,7106.0,7783.0,6497.0,316,1256,7216.0,13,7218.0,1,7221.0,1,7234.0,10,7235.0,10,7244.0,3,7250.0,3,7251.0,1,7255.0,1,7256.0,9,7242.0
AP505,,13:45:19.0#,7117.0,7244.0,7106.0,7783.0,6497.0,316,1256,7216.0,13,7218.0,1,7221.0,1,7234.0,10,7235.0,11,7244.0,3,7250.0,3,7251.0,1,7255.0,1,7256.0,9,7242.0
AP505,,13:45:22.750#,7117.0,7244.0,7106.0,7783.0,6497.0,316,1256,7216.0,13,7218.0,1,7221.0,1,7234.0,10,7235.0,10,7244.0,3,7250.0,3,7251.0,1,7255.0,1,7256.0,9,7242.0
AP505,,13:45:24.0#,7117.0,7244.0,7106.0,7783.0,6497.0,316,1256,7216.0,13,7218.0,1,7221.0,1,7234.0,10,7235.0,11,7244.0,3,7250.0,3,7251.0,1,7255.0,1,7256.0,9,7242.0
AP505,,13:45:24.500#,7117.0,7244.0,7106.0,7783.0,6497.0,317,1256,7216.0,13,7218.0,1,7221.0,1,7234.0,10,7235.0,10,7244.0,3,7250.0,3,7251.0,1,7255.0,1,7256.0,9,7235.0
AP505,,13:45:29.0#,7117.0,7244.0,7106.0,7783.0,6497.0,317,1256,7216.0,13,7218.0,1,7221.0,1,7234.0,10,7235.0,9,7244.0,3,7250.0,3,7251.0,1,7255.0,1,7256.0,9,7235.0
AP505,,13:46:14.250#,7117.0,7244.0,7106.0,7783.0,6497.0,317,1256,7216.0,3,7218.0,1,7221.0,1,7234.0,10,7235.0,9,7244.0,3,7250.0,3,7251.0,1,7255.0,1,7256.0,9,7235.0
AP505,,13:46:19.500#,7117.0,7244.0,7106.0,7783.0,6497.0,317,1256,7216.0,3,7218.0,1,7221.0,1,7234.0,10,7235.0,9,7244.0,3,7250.0,3,7251.0,1,7255.0,1,7256.0,9,7235.0
AP505,,13:46:22.0#,7117.0,7244.0,7106.0,7783.0,6497.0,317,1256,7216.0,3,7218.0,1,7221.0,1,7234.0,10,7235.0,9,7244.0,3,7250.0,3,7251.0,1,7255.0,1,7256.0,9,7235.0
AP505,,13:46:28.750#,7117.0,7244.0,7106.0,7783.0,6497.0,317,1256,7216.0,3,7218.0,1,7221.0,1,7234.0,10,7235.0,9,7244.0,3,7250.0,3,7251.0,1,7255.0,1,7256.0,9,7235.0
AP505,,13:47:10.500#,7117.0,7244.0,7106.0,7783.0,6497.0,317,1256,7216.0,3,7218.0,1,7221.0,1,7234.0,10,7235.0,9,7244.0,3,7250.0,3,7251.0,1,7255.0,1,7256.0,9,7235.0
AP505,,13:47:14.250#,7117.0,7244.0,7106.0,7783.0,6497.0,317,1256,7216.0,3,7218.0,1,7221.0,1,7234.0,10,7235.0,9,7243.0,1,7244.0,3,7250.0,3,7251.0,1,7255.0,1,7235.0
AP505,,13:47:26.750#,7117.0,7244.0,7106.0,7783.0,6497.0,318,1257,7216.0,3,7218.0,1,7221.0,1,7234.0,10,7235.0,9,7244.0,3,7250.0,3,7251.0,1,7255.0,1,7256.0,9,7243.0
AP505,,13:47:36.0#,7117.0,7244.0,7106.0,7783.0,6497.0,318,1257,7218.0,1,7221.0,1,7234.0,10,7235.0,9,7236.0,1,7244.0,3,7250.0,3,7251.0,1,7255.0,1,7256.0,9,7243.0
AP505,,13:48:08.750#,7117.0,7244.0,7106.0,7783.0,6497.0,318,1257,7218.0,1,7221.0,1,7234.0,10,7235.0,9,7236.0,1,7244.0,3,7250.0,3,7251.0,1,7255.0,1,7256.0,9,7243.0
AP505,,13:48:13.500#,7117.0,7244.0,7106.0,7783.0,6497.0,318,1257,7218.0,1,7221.0,1,7234.0,10,7235.0,9,7236.0,1,7244.0,3,7250.0,3,7251.0,1,7255.0,1,7256.0,9,7243.0
AP505,,13:48:51.750#,7117.0,7244.0,7106.0,7783.0,6497.0,318,1257,7218.0,1,7221.0,1,7234.0,10,7235.0,9,7236.0,1,7243.0,1,7244.0,3,7250.0,3,7251.0,1,7255.0,1,7243.0
AP505,,13:48:56.500#,7117.0,7244.0,7106.0,7783.0,6497.0,318,1257,7218.0,1,7221.0,1,7234.0,10,7235.0,10,7236.0,1,7243.0,1,7244.0,3,7250.0,3,7251.0,1,7255.0,1,7243.0
AP505,,13:48:59.500#,7117.0,7244.0,7106.0,7783.0,6497.0,318,1257,7221.0,1,7228.0,1,7234.0,10,7235.0,10,7236.0,1,7243.0,1,7244.0,3,7250.0,3,7251.0,1,7255.0,1,7243.0
AP505,,13:49:26.250#,7117.0,7244.0,7106.0,7783.0,6497.0,318,1257,7221.0,1,7228.0,1,7234.0,10,7235.0,10,7236.0,1,7243.0,1,7250.0,3,7251.0,1,7255.0,1,7256.0,9,7243.0
AP505,,13:49:26.750#,7117.0,7244.0,7106.0,7783.0,6497.0,318,1257,7221.0,1,7228.0,1,7234.0,10,7235.0,10,7236.0,1,7243.0,2,7250.0,3,7251.0,1,7255.0,1,7256.0,9,7243.0
