InstrumentId,ExchangeId,Datetime,OpenPrice,HighestPrice,LowestPrice,UpperLimitPrice,LowerLimitPrice,Volume,OpenInterest,BidPrice5,BidVolume5,BidPrice4,BidVolume4,BidPrice3,BidVolume3,BidPrice2,BidVolume2,BidPrice1,BidVolume1,AskPrice1,AskVolume1,AskPrice2,AskVolume2,AskPrice3,AskVolume3,AskPrice4,AskVolume4,AskPrice5,AskVolume5,LastPrice
au2410,,13:38:35.0#,562.2,567.22,559.7,630.7,516.04,213659,171706.0,566.1,14,566.12,27,566.14,8,566.16,23,566.18,7,566.2,7,566.22,13,566.24,11,566.26,11,566.28,30,566.2
au2410,,13:38:35.500#,562.2,567.22,559.7,630.7,516.04,213663,171705.0,566.1,11,566.12,27,566.14,8,566.16,23,566.18,6,566.2,4,566.22,13,566.24,11,566.26,11,566.28,30,566.2
au2410,,13:38:36.0#,562.2,567.22,559.7,630.7,516.04,213665,171707.0,566.12,24,566.14,8,566.16,23,566.18,6,566.2,1,566.22,14,566.24,11,566.26,11,566.28,30,566.3,16,566.2
au2410,,13:38:36.500#,562.2,567.22,559.7,630.7,516.04,213665,171707.0,566.12,17,566.14,18,566.16,23,566.18,6,566.2,1,566.22,15,566.24,8,566.26,7,566.28,36,566.3,14,566.2
au2410,,13:38:37.0#,562.2,567.22,559.7,630.7,516.04,213666,171707.0,566.1,11,566.12,22,566.14,11,566.16,21,566.18,12,566.22,15,566.24,8,566.26,10,566.28,33,566.3,14,566.2
au2410,,13:38:37.500#,562.2,567.22,559.7,630.7,516.04,213666,171707.0,566.1,15,566.12,27,566.14,5,566.16,17,566.18,12,566.22,15,566.24,8,566.26,11,566.28,32,566.3,14,566.2
au2410,,13:38:38.0#,562.2,567.22,559.7,630.7,516.04,213666,171707.0,566.1,12,566.12,27,566.14,5,566.16,23,566.18,6,566.22,15,566.24,8,566.26,11,566.28,32,566.3,14,566.2
au2410,,13:38:38.500#,562.2,567.22,559.7,630.7,516.04,213668,171707.0,566.1,12,566.12,27,566.14,5,566.16,23,566.18,7,566.22,13,566.24,8,566.26,11,566.28,29,566.3,11,566.22
au2410,,13:38:39.0#,562.2,567.22,559.7,630.7,516.04,213678,171697.0,566.12,27,566.14,8,566.16,23,566.18,8,566.2,8,566.22,1,566.24,8,566.26,8,566.28,35,566.3,11,566.22
au2410,,13:38:39.500#,562.2,567.22,559.7,630.7,516.04,213685,171697.0,566.14,22,566.16,7,566.18,14,566.2,21,566.22,6,566.24,8,566.26,4,566.28,28,566.3,19,566.32,13,566.22
au2410,,13:38:40.0#,562.2,567.22,559.7,630.7,516.04,213703,171684.0,566.14,21,566.16,13,566.18,9,566.2,27,566.22,3,566.26,1,566.28,15,566.3,28,566.32,14,566.34,13,566.22
au2410,,13:38:40.500#,562.2,567.22,559.7,630.7,516.04,213703,171684.0,566.16,23,566.18,16,566.2,21,566.22,9,566.24,4,566.26,3,566.28,11,566.3,6,566.32,31,566.34,11,566.22
au2410,,13:38:41.0#,562.2,567.22,559.7,630.7,516.04,213704,171684.0,566.16,9,566.18,30,566.2,21,566.22,3,566.24,8,566.26,2,566.28,8,566.3,6,566.32,18,566.34,19,566.22
au2410,,13:38:41.500#,562.2,567.22,559.7,630.7,516.04,213704,171684.0,566.16,10,566.18,32,566.2,25,566.22,3,566.24,7,566.26,2,566.28,8,566.3,6,566.32,18,566.34,22,566.22
au2410,,13:38:42.0#,562.2,567.22,559.7,630.7,516.04,213708,171685.0,566.14,6,566.16,13,566.18,32,566.2,25,566.22,3,566.26,4,566.28,8,566.3,6,566.32,18,566.34,22,566.24
au2410,,13:38:42.500#,562.2,567.22,559.7,630.7,516.04,213708,171685.0,566.14,6,566.16,21,566.18,15,566.2,21,566.22,10,566.26,4,566.28,8,566.3,13,566.32,22,566.34,14,566.24
au2410,,13:38:43.0#,562.2,567.22,559.7,630.7,516.04,213708,171685.0,566.14,3,566.16,23,566.18,16,566.2,27,566.22,4,566.24,8,566.26,4,566.28,8,566.3,6,566.32,32,566.24
au2410,,13:38:43.500#,562.2,567.22,559.7,630.7,516.04,213708,171685.0,566.14,14,566.16,16,566.18,12,566.2,27,566.22,6,566.24,8,566.26,4,566.28,11,566.3,19,566.32,17,566.24
au2410,,13:38:44.0#,562.2,567.22,559.7,630.7,516.04,213716,171682.0,566.16,19,566.18,12,566.2,27,566.22,6,566.24,4,566.26,4,566.28,11,566.3,24,566.32,16,566.34,15,566.24
au2410,,13:38:44.500#,562.2,567.22,559.7,630.7,516.04,213720,171682.0,566.16,11,566.18,27,566.2,27,566.22,6,566.24,1,566.26,4,566.28,8,566.3,6,566.32,21,566.34,19,566.24
au2410,,13:38:45.0#,562.2,567.22,559.7,630.7,516.04,213722,171682.0,566.14,8,566.16,13,566.18,25,566.2,27,566.22,5,566.26,4,566.28,8,566.3,9,566.32,26,566.34,14,566.22
au2410,,13:38:45.500#,562.2,567.22,559.7,630.7,516.04,213722,171682.0,566.14,6,566.16,16,566.18,19,566.2,27,566.22,5,566.26,4,566.28,8,566.3,9,566.32,26,566.34,14,566.22
au2410,,13:38:46.0#,562.2,567.22,559.7,630.7,516.04,213722,171682.0,566.14,6,566.16,19,566.18,16,566.2,27,566.22,6,566.24,1,566.26,4,566.28,8,566.3,9,566.32,26,566.22
au2410,,13:38:46.500#,562.2,567.22,559.7,630.7,516.04,213722,171682.0,566.14,9,566.16,20,566.18,15,566.2,27,566.22,6,566.24,1,566.26,4,566.28,11,566.3,11,566.32,25,566.22
au2410,,13:38:47.0#,562.2,567.22,559.7,630.7,516.04,213724,171682.0,566.14,9,566.16,23,566.18,11,566.2,27,566.22,4,566.24,1,566.26,4,566.28,11,566.3,12,566.32,25,566.22
au2410,,13:38:47.500#,562.2,567.22,559.7,630.7,516.04,213727,171683.0,566.14,9,566.16,26,566.18,11,566.2,27,566.22,1,566.24,1,566.26,4,566.28,11,566.3,15,566.32,25,566.22
au2410,,13:38:48.0#,562.2,567.22,559.7,630.7,516.04,213728,171684.0,566.12,5,566.14,9,566.16,26,566.18,11,566.2,27,566.24,1,566.26,4,566.28,11,566.3,15,566.32,25,566.22
au2410,,13:38:48.500#,562.2,567.22,559.7,630.7,516.04,213730,171686.0,566.12,7,566.14,18,566.16,13,566.18,7,566.2,26,566.26,5,566.28,11,566.3,23,566.32,17,566.34,16,566.24
au2410,,13:38:49.0#,562.2,567.22,559.7,630.7,516.04,213733,171687.0,566.12,7,566.14,7,566.16,21,566.18,7,566.2,23,566.24,4,566.26,5,566.28,7,566.3,13,566.32,22,566.22
au2410,,13:38:49.500#,562.2,567.22,559.7,630.7,516.04,213735,171687.0,566.12,7,566.14,15,566.16,13,566.18,7,566.2,23,566.24,2,566.26,5,566.28,10,566.3,16,566.32,12,566.22
au2410,,13:38:50.0#,562.2,567.22,559.7,630.7,516.04,213735,171687.0,566.14,21,566.16,10,566.18,7,566.2,23,566.22,1,566.24,2,566.26,5,566.28,13,566.3,21,566.32,15,566.22
au2410,,13:38:50.500#,562.2,567.22,559.7,630.7,516.04,213735,171687.0,566.12,7,566.14,18,566.16,14,566.18,7,566.2,23,566.24,2,566.26,5,566.28,10,566.3,27,566.32,12,566.22
au2410,,13:38:51.0#,562.2,567.22,559.7,630.7,516.04,213735,171687.0,566.12,7,566.14,24,566.16,8,566.18,7,566.2,23,566.24,2,566.26,5,566.28,10,566.3,27,566.32,12,566.22
au2410,,13:38:51.500#,562.2,567.22,559.7,630.7,516.04,213735,171687.0,566.12,7,566.14,24,566.16,8,566.18,7,566.2,23,566.24,3,566.26,5,566.28,10,566.3,27,566.32,12,566.22
au2410,,13:38:52.0#,562.2,567.22,559.7,630.7,516.04,213737,171688.0,566.12,7,566.14,24,566.16,8,566.18,7,566.2,23,566.24,1,566.26,5,566.28,13,566.3,21,566.32,12,566.24
au2410,,13:38:52.500#,562.2,567.22,559.7,630.7,516.04,213737,171688.0,566.14,27,566.16,8,566.18,7,566.2,23,566.22,1,566.24,1,566.26,5,566.28,13,566.3,24,566.32,12,566.24
au2410,,13:38:53.0#,562.2,567.22,559.7,630.7,516.04,213737,171688.0,566.12,7,566.14,10,566.16,22,566.18,7,566.2,23,566.22,1,566.24,1,566.26,5,566.28,10,566.3,19,566.24
au2410,,13:38:53.500#,562.2,567.22,559.7,630.7,516.04,213738,171688.0,566.12,10,566.14,16,566.16,16,566.18,4,566.2,24,566.24,1,566.26,5,566.28,18,566.3,19,566.32,18,566.22
au2410,,13:38:54.0#,562.2,567.22,559.7,630.7,516.04,213740,171687.0,566.12,7,566.14,15,566.16,20,566.18,4,566.2,24,566.24,3,566.26,6,566.28,10,566.3,27,566.32,12,566.22
au2410,,13:38:54.500#,562.2,567.22,559.7,630.7,516.04,213740,171687.0,566.14,18,566.16,15,566.18,7,566.2,24,566.22,1,566.24,3,566.26,5,566.28,13,566.3,18,566.32,15,566.22
au2410,,13:38:55.0#,562.2,567.22,559.7,630.7,516.04,213742,171688.0,566.14,15,566.16,21,566.18,7,566.2,24,566.22,1,566.24,3,566.26,5,566.28,10,566.3,24,566.32,15,566.22
au2410,,13:38:55.500#,562.2,567.22,559.7,630.7,516.04,213743,171689.0,566.12,9,566.14,12,566.16,24,566.18,7,566.2,24,566.22,2,566.24,3,566.26,5,566.28,10,566.3,24,566.22
au2410,,13:38:56.0#,562.2,567.22,559.7,630.7,516.04,213745,171689.0,566.12,10,566.14,19,566.16,14,566.18,5,566.2,22,566.24,3,566.26,8,566.28,15,566.3,23,566.32,14,566.22
au2410,,13:38:56.500#,562.2,567.22,559.7,630.7,516.04,213745,171689.0,566.12,7,566.14,24,566.16,15,566.18,5,566.2,22,566.22,2,566.24,3,566.26,5,566.28,10,566.3,30,566.22
au2410,,13:38:57.0#,562.2,567.22,559.7,630.7,516.04,213746,171689.0,566.12,10,566.14,25,566.16,11,566.18,5,566.2,21,566.24,3,566.26,5,566.28,18,566.3,21,566.32,16,566.2
au2410,,13:38:57.500#,562.2,567.22,559.7,630.7,516.04,213746,171689.0,566.12,7,566.14,24,566.16,15,566.18,5,566.2,21,566.22,9,566.24,4,566.26,5,566.28,10,566.3,27,566.2
au2410,,13:38:58.0#,562.2,567.22,559.7,630.7,516.04,213769,171707.0,566.1,9,566.12,10,566.14,25,566.16,11,566.18,3,566.2,5,566.22,7,566.24,4,566.26,8,566.28,15,566.18
au2410,,13:38:58.500#,562.2,567.22,559.7,630.7,516.04,213778,171712.0,566.08,22,566.1,21,566.12,10,566.14,8,566.16,4,566.18,4,566.2,5,566.22,7,566.24,7,566.26,22,566.18
au2410,,13:38:59.0#,562.2,567.22,559.7,630.7,516.04,213783,171714.0,566.06,11,566.08,14,566.1,31,566.12,9,566.14,1,566.18,4,566.2,5,566.22,6,566.24,15,566.26,23,566.16
au2410,,13:38:59.500#,562.2,567.22,559.7,630.7,516.04,213783,171714.0,566.06,11,566.08,29,566.1,13,566.12,9,566.14,1,566.16,3,566.18,5,566.2,5,566.22,10,566.24,23,566.16
au2410,,13:39:00.0#,562.2,567.22,559.7,630.7,516.04,213784,171715.0,566.06,11,566.08,27,566.1,7,566.12,9,566.14,1,566.16,2,566.18,6,566.2,8,566.22,20,566.24,15,566.14
au2410,,13:39:00.500#,562.2,567.22,559.7,630.7,516.04,213785,171715.0,566.04,15,566.06,11,566.08,27,566.1,7,566.12,9,566.16,4,566.18,6,566.2,5,566.22,27,566.24,12,566.14
au2410,,13:39:01.0#,562.2,567.22,559.7,630.7,516.04,213786,171714.0,566.04,6,566.06,17,566.08,24,566.1,7,566.12,10,566.16,3,566.18,6,566.2,5,566.22,27,566.24,9,566.16
au2410,,13:39:01.500#,562.2,567.22,559.7,630.7,516.04,213789,171714.0,566.06,26,566.08,18,566.1,7,566.12,10,566.14,9,566.18,6,566.2,8,566.22,30,566.24,6,566.26,19,566.16
au2410,,13:39:02.0#,562.2,567.22,559.7,630.7,516.04,213790,171713.0,566.08,35,566.1,11,566.12,10,566.14,10,566.16,2,566.18,4,566.2,5,566.22,12,566.24,24,566.26,8,566.18
au2410,,13:39:02.500#,562.2,567.22,559.7,630.7,516.04,213794,171713.0,566.08,33,566.1,16,566.12,8,566.14,16,566.16,5,566.2,5,566.22,9,566.24,33,566.26,10,566.28,21,566.18
au2410,,13:39:03.0#,562.2,567.22,559.7,630.7,516.04,213794,171713.0,566.08,22,566.1,23,566.12,12,566.14,16,566.16,5,566.2,5,566.22,6,566.24,15,566.26,23,566.28,18,566.18
au2410,,13:39:03.500#,562.2,567.22,559.7,630.7,516.04,213796,171711.0,566.08,22,566.1,26,566.12,12,566.14,15,566.16,3,566.2,5,566.22,6,566.24,12,566.26,26,566.28,15,566.16
au2410,,13:39:04.0#,562.2,567.22,559.7,630.7,516.04,213796,171711.0,566.08,22,566.1,27,566.12,11,566.14,15,566.16,3,566.18,1,566.2,5,566.22,6,566.24,13,566.26,25,566.16
au2410,,13:39:04.500#,562.2,567.22,559.7,630.7,516.04,213796,171711.0,566.08,19,566.1,24,566.12,11,566.14,15,566.16,3,566.2,5,566.22,6,566.24,17,566.26,20,566.28,24,566.16
au2410,,13:39:05.0#,562.2,567.22,559.7,630.7,516.04,213797,171712.0,566.08,22,566.1,27,566.12,11,566.14,15,566.16,3,566.18,5,566.2,5,566.22,6,566.24,13,566.26,29,566.18
au2410,,13:39:05.500#,562.2,567.22,559.7,630.7,516.04,213798,171713.0,566.08,27,566.1,19,566.12,11,566.14,15,566.16,3,566.18,1,566.2,5,566.22,9,566.24,22,566.26,17,566.18
au2410,,13:39:06.0#,562.2,567.22,559.7,630.7,516.04,213800,171715.0,566.08,19,566.1,27,566.12,11,566.14,8,566.16,2,566.2,5,566.22,9,566.24,16,566.26,24,566.28,19,566.16
au2410,,13:39:06.500#,562.2,567.22,559.7,630.7,516.04,213807,171717.0,566.08,19,566.1,30,566.12,8,566.14,2,566.16,6,566.2,5,566.22,6,566.24,16,566.26,23,566.28,17,566.16
au2410,,13:39:07.0#,562.2,567.22,559.7,630.7,516.04,213807,171717.0,566.1,23,566.12,9,566.14,2,566.16,10,566.18,1,566.2,5,566.22,6,566.24,15,566.26,21,566.28,17,566.16
au2410,,13:39:07.500#,562.2,567.22,559.7,630.7,516.04,213810,171717.0,566.1,23,566.12,13,566.14,6,566.16,10,566.18,2,566.22,6,566.24,15,566.26,27,566.28,14,566.3,11,566.2
au2410,,13:39:08.0#,562.2,567.22,559.7,630.7,516.04,213811,171717.0,566.1,21,566.12,18,566.14,6,566.16,10,566.18,5,566.22,6,566.24,9,566.26,16,566.28,21,566.3,9,566.18
au2410,,13:39:08.500#,562.2,567.22,559.7,630.7,516.04,213811,171717.0,566.12,28,566.14,6,566.16,10,566.18,5,566.2,1,566.22,6,566.24,6,566.26,16,566.28,24,566.3,9,566.18
au2410,,13:39:09.0#,562.2,567.22,559.7,630.7,516.04,213811,171717.0,566.1,9,566.12,24,566.14,8,566.16,8,566.18,12,566.2,1,566.22,6,566.24,6,566.26,15,566.28,25,566.18
au2410,,13:39:09.500#,562.2,567.22,559.7,630.7,516.04,213812,171717.0,566.1,12,566.12,25,566.14,6,566.16,4,566.18,12,566.22,6,566.24,6,566.26,20,566.28,19,566.3,15,566.2
au2410,,13:39:10.0#,562.2,567.22,559.7,630.7,516.04,213812,171717.0,566.1,9,566.12,30,566.14,7,566.16,4,566.18,12,566.22,6,566.24,6,566.26,12,566.28,31,566.3,9,566.2
au2410,,13:39:10.500#,562.2,567.22,559.7,630.7,516.04,213812,171717.0,566.1,9,566.12,30,566.14,10,566.16,4,566.18,12,566.22,6,566.24,6,566.26,9,566.28,37,566.3,9,566.2
au2410,,13:39:11.0#,562.2,567.22,559.7,630.7,516.04,213812,171717.0,566.1,9,566.12,30,566.14,10,566.16,4,566.18,12,566.22,6,566.24,6,566.26,9,566.28,37,566.3,9,566.2
au2410,,13:39:11.500#,562.2,567.22,559.7,630.7,516.04,213813,171718.0,566.1,9,566.12,30,566.14,10,566.16,5,566.18,11,566.22,6,566.24,6,566.26,9,566.28,37,566.3,9,566.18
au2410,,13:39:12.0#,562.2,567.22,559.7,630.7,516.04,213813,171718.0,566.1,9,566.12,27,566.14,16,566.16,5,566.18,3,566.22,6,566.24,6,566.26,9,566.28,34,566.3,9,566.18
au2410,,13:39:12.500#,562.2,567.22,559.7,630.7,516.04,213814,171718.0,566.1,12,566.12,28,566.14,9,566.16,11,566.18,3,566.22,5,566.24,6,566.26,16,566.28,30,566.3,9,566.22
au2410,,13:39:13.0#,562.2,567.22,559.7,630.7,516.04,213821,171716.0,566.08,19,566.1,12,566.12,31,566.14,6,566.16,10,566.2,1,566.22,5,566.24,6,566.26,19,566.28,27,566.22
au2410,,13:39:13.500#,562.2,567.22,559.7,630.7,516.04,213822,171715.0,566.1,23,566.12,17,566.14,6,566.16,10,566.18,1,566.2,3,566.22,5,566.24,6,566.26,28,566.28,14,566.2
au2410,,13:39:14.0#,562.2,567.22,559.7,630.7,516.04,213822,171715.0,566.1,20,566.12,20,566.14,6,566.16,4,566.18,9,566.22,5,566.24,9,566.26,36,566.28,7,566.3,17,566.2
au2410,,13:39:14.500#,562.2,567.22,559.7,630.7,516.04,213822,171715.0,566.1,12,566.12,26,566.14,10,566.16,5,566.18,9,566.22,5,566.24,6,566.26,15,566.28,28,566.3,9,566.2
au2410,,13:39:15.0#,562.2,567.22,559.7,630.7,516.04,213825,171712.0,566.1,9,566.12,29,566.14,10,566.16,4,566.18,10,566.22,2,566.24,6,566.26,12,566.28,31,566.3,9,566.22
au2410,,13:39:15.500#,562.2,567.22,559.7,630.7,516.04,213830,171714.0,566.14,10,566.16,4,566.18,10,566.2,14,566.22,9,566.24,4,566.26,9,566.28,34,566.3,6,566.32,11,566.24
au2410,,13:39:16.0#,562.2,567.22,559.7,630.7,516.04,213837,171713.0,566.16,19,566.18,14,566.2,11,566.22,9,566.24,4,566.26,4,566.28,13,566.3,19,566.32,15,566.34,10,566.26
au2410,,13:39:16.500#,562.2,567.22,559.7,630.7,516.04,213846,171715.0,566.16,16,566.18,25,566.2,17,566.22,8,566.24,4,566.28,7,566.3,9,566.32,24,566.34,12,566.36,15,566.26
au2410,,13:39:17.0#,562.2,567.22,559.7,630.7,516.04,213850,171715.0,566.16,9,566.18,30,566.2,20,566.22,8,566.24,2,566.28,7,566.3,3,566.32,15,566.34,21,566.36,9,566.24
au2410,,13:39:17.500#,562.2,567.22,559.7,630.7,516.04,213851,171716.0,566.16,9,566.18,27,566.2,23,566.22,8,566.24,1,566.28,7,566.3,3,566.32,15,566.34,21,566.36,12,566.24
au2410,,13:39:18.0#,562.2,567.22,559.7,630.7,516.04,213851,171716.0,566.16,9,566.18,27,566.2,23,566.22,8,566.24,2,566.26,2,566.28,9,566.3,3,566.32,15,566.34,21,566.24
au2410,,13:39:18.500#,562.2,567.22,559.7,630.7,516.04,213853,171717.0,566.14,5,566.16,9,566.18,27,566.2,20,566.22,8,566.26,2,566.28,9,566.3,6,566.32,16,566.34,20,566.24
au2410,,13:39:19.0#,562.2,567.22,559.7,630.7,516.04,213855,171715.0,566.14,5,566.16,21,566.18,20,566.2,16,566.22,9,566.24,2,566.26,2,566.28,9,566.3,6,566.32,26,566.24
au2410,,13:39:19.500#,562.2,567.22,559.7,630.7,516.04,213859,171712.0,566.14,8,566.16,25,566.18,10,566.2,16,566.22,5,566.24,1,566.26,2,566.28,9,566.3,14,566.32,18,566.22
au2410,,13:39:20.0#,562.2,567.22,559.7,630.7,516.04,213864,171708.0,566.12,5,566.14,8,566.16,25,566.18,10,566.2,16,566.22,2,566.24,6,566.26,2,566.28,12,566.3,12,566.22
au2410,,13:39:20.500#,562.2,567.22,559.7,630.7,516.04,213865,171707.0,566.12,12,566.14,20,566.16,14,566.18,6,566.2,16,566.22,2,566.24,4,566.26,1,566.28,24,566.3,12,566.22
au2410,,13:39:21.0#,562.2,567.22,559.7,630.7,516.04,213870,171708.0,566.12,10,566.14,23,566.16,11,566.18,3,566.2,7,566.22,4,566.24,4,566.26,4,566.28,21,566.3,21,566.2
au2410,,13:39:21.500#,562.2,567.22,559.7,630.7,516.04,213877,171713.0,566.1,12,566.12,10,566.14,29,566.16,8,566.18,3,566.2,15,566.22,4,566.24,5,566.26,5,566.28,28,566.2
au2410,,13:39:22.0#,562.2,567.22,559.7,630.7,516.04,213881,171714.0,566.08,18,566.1,21,566.12,16,566.14,2,566.16,4,566.18,3,566.2,15,566.22,4,566.24,14,566.26,9,566.18
au2410,,13:39:22.500#,562.2,567.22,559.7,630.7,516.04,213884,171711.0,566.1,28,566.12,3,566.14,2,566.16,11,566.18,1,566.2,9,566.22,4,566.24,21,566.26,16,566.28,20,566.18
au2410,,13:39:23.0#,562.2,567.22,559.7,630.7,516.04,213885,171712.0,566.1,26,566.12,11,566.14,2,566.16,5,566.18,7,566.2,10,566.22,4,566.24,11,566.26,20,566.28,12,566.18
au2410,,13:39:23.500#,562.2,567.22,559.7,630.7,516.04,213885,171712.0,566.1,28,566.12,15,566.14,2,566.16,5,566.18,7,566.2,8,566.22,4,566.24,5,566.26,32,566.28,9,566.18
au2410,,13:39:24.0#,562.2,567.22,559.7,630.7,516.04,213885,171712.0,566.1,25,566.12,18,566.14,2,566.16,5,566.18,7,566.2,8,566.22,4,566.24,5,566.26,32,566.28,9,566.18
au2410,,13:39:24.500#,562.2,567.22,559.7,630.7,516.04,213885,171712.0,566.1,25,566.12,18,566.14,2,566.16,5,566.18,7,566.2,8,566.22,4,566.24,5,566.26,29,566.28,12,566.18
au2410,,13:39:25.0#,562.2,567.22,559.7,630.7,516.04,213886,171711.0,566.1,25,566.12,18,566.14,2,566.16,5,566.18,7,566.2,7,566.22,4,566.24,5,566.26,32,566.28,9,566.2
au2410,,13:39:25.500#,562.2,567.22,559.7,630.7,516.04,213886,171711.0,566.1,23,566.12,20,566.14,6,566.16,5,566.18,7,566.2,7,566.22,4,566.24,8,566.26,25,566.28,18,566.2
au2410,,13:39:26.0#,562.2,567.22,559.7,630.7,516.04,213889,171712.0,566.1,22,566.12,24,566.14,6,566.16,5,566.18,7,566.2,4,566.22,4,566.24,8,566.26,28,566.28,18,566.2
au2410,,13:39:26.500#,562.2,567.22,559.7,630.7,516.04,213893,171711.0,566.12,27,566.14,6,566.16,5,566.18,7,566.2,2,566.22,4,566.24,8,566.26,25,566.28,21,566.3,17,566.2
au2410,,13:39:27.0#,562.2,567.22,559.7,630.7,516.04,213895,171710.0,566.1,7,566.12,28,566.14,11,566.16,9,566.18,7,566.22,4,566.24,5,566.26,9,566.28,33,566.3,12,566.2
au2410,,13:39:27.500#,562.2,567.22,559.7,630.7,516.04,213895,171710.0,566.1,11,566.12,32,566.14,10,566.16,5,566.18,7,566.22,4,566.24,5,566.26,6,566.28,39,566.3,9,566.2
au2410,,13:39:28.0#,562.2,567.22,559.7,630.7,516.04,213895,171710.0,566.1,12,566.12,32,566.14,10,566.16,5,566.18,7,566.2,2,566.22,4,566.24,5,566.26,6,566.28,39,566.2
au2410,,13:39:28.500#,562.2,567.22,559.7,630.7,516.04,213895,171710.0,566.1,15,566.12,33,566.14,6,566.16,5,566.18,7,566.2,2,566.22,4,566.24,5,566.26,14,566.28,28,566.2
au2410,,13:39:29.0#,562.2,567.22,559.7,630.7,516.04,213895,171710.0,566.1,14,566.12,30,566.14,6,566.16,5,566.18,7,566.2,2,566.22,4,566.24,8,566.26,12,566.28,31,566.2
au2410,,13:39:29.500#,562.2,567.22,559.7,630.7,516.04,213895,171710.0,566.1,17,566.12,27,566.14,6,566.16,5,566.18,7,566.2,2,566.22,4,566.24,8,566.26,12,566.28,31,566.2
au2410,,13:39:30.0#,562.2,567.22,559.7,630.7,516.04,213895,171710.0,566.1,17,566.12,30,566.14,6,566.16,5,566.18,7,566.2,2,566.22,4,566.24,8,566.26,15,566.28,31,566.2
au2410,,13:39:30.500#,562.2,567.22,559.7,630.7,516.04,213895,171710.0,566.1,10,566.12,34,566.14,8,566.16,5,566.18,1,566.2,2,566.22,4,566.24,8,566.26,18,566.28,28,566.2
au2410,,13:39:31.0#,562.2,567.22,559.7,630.7,516.04,213897,171710.0,566.1,27,566.12,19,566.14,6,566.16,11,566.18,1,566.22,4,566.24,8,566.26,29,566.28,17,566.3,15,566.2
au2410,,13:39:31.500#,562.2,567.22,559.7,630.7,516.04,213897,171710.0,566.1,19,566.12,27,566.14,6,566.16,11,566.18,2,566.22,4,566.24,5,566.26,19,566.28,23,566.3,10,566.2
au2410,,13:39:32.0#,562.2,567.22,559.7,630.7,516.04,213897,171710.0,566.12,27,566.14,6,566.16,5,566.18,8,566.2,1,566.22,5,566.24,5,566.26,16,566.28,26,566.3,10,566.2
au2410,,13:39:32.500#,562.2,567.22,559.7,630.7,516.04,213897,171710.0,566.1,14,566.12,20,566.14,14,566.16,9,566.18,8,566.22,5,566.24,5,566.26,12,566.28,33,566.3,10,566.2
au2410,,13:39:33.0#,562.2,567.22,559.7,630.7,516.04,213897,171710.0,566.1,15,566.12,23,566.14,10,566.16,5,566.18,8,566.22,5,566.24,5,566.26,9,566.28,36,566.3,10,566.2
au2410,,13:39:33.500#,562.2,567.22,559.7,630.7,516.04,213897,171710.0,566.12,23,566.14,10,566.16,5,566.18,8,566.2,1,566.22,5,566.24,5,566.26,9,566.28,36,566.3,10,566.2
au2410,,13:39:34.0#,562.2,567.22,559.7,630.7,516.04,213902,171714.0,566.12,21,566.14,11,566.16,9,566.18,8,566.2,3,566.22,1,566.24,5,566.26,6,566.28,39,566.3,4,566.22
au2410,,13:39:34.500#,562.2,567.22,559.7,630.7,516.04,213904,171714.0,566.14,16,566.16,9,566.18,2,566.2,14,566.22,5,566.24,5,566.26,3,566.28,31,566.3,12,566.32,13,566.22
au2410,,13:39:35.0#,562.2,567.22,559.7,630.7,516.04,213911,171718.0,566.14,19,566.16,20,566.18,5,566.2,14,566.22,5,566.26,6,566.28,12,566.3,24,566.32,10,566.34,15,566.24
au2410,,13:39:35.500#,562.2,567.22,559.7,630.7,516.04,213912,171717.0,566.16,27,566.18,8,566.2,14,566.22,4,566.24,1,566.26,3,566.28,9,566.3,17,566.32,19,566.34,11,566.24
au2410,,13:39:36.0#,562.2,567.22,559.7,630.7,516.04,213917,171718.0,566.18,10,566.2,18,566.22,5,566.24,3,566.26,2,566.28,9,566.3,10,566.32,26,566.34,8,566.36,10,566.24
au2410,,13:39:36.500#,562.2,567.22,559.7,630.7,516.04,213919,171719.0,566.16,15,566.18,10,566.2,30,566.22,4,566.24,3,566.28,9,566.3,7,566.32,8,566.34,29,566.36,1,566.26
au2410,,13:39:37.0#,562.2,567.22,559.7,630.7,516.04,213920,171719.0,566.16,12,566.18,19,566.2,8,566.22,4,566.24,10,566.28,9,566.3,4,566.32,12,566.34,21,566.36,5,566.26
au2410,,13:39:37.500#,562.2,567.22,559.7,630.7,516.04,213920,171719.0,566.16,12,566.18,21,566.2,9,566.22,4,566.24,9,566.28,7,566.3,4,566.32,8,566.34,28,566.36,5,566.26
au2410,,13:39:38.0#,562.2,567.22,559.7,630.7,516.04,213921,171719.0,566.18,24,566.2,6,566.22,4,566.24,9,566.26,4,566.28,6,566.3,4,566.32,8,566.34,28,566.36,5,566.28
au2410,,13:39:38.500#,562.2,567.22,559.7,630.7,516.04,213924,171721.0,566.18,19,566.2,14,566.22,4,566.24,3,566.26,7,566.28,4,566.3,4,566.32,5,566.34,34,566.36,5,566.28
au2410,,13:39:39.0#,562.2,567.22,559.7,630.7,516.04,213930,171720.0,566.2,15,566.22,8,566.24,3,566.26,7,566.28,1,566.3,3,566.32,5,566.34,26,566.36,13,566.38,14,566.3
au2410,,13:39:39.500#,562.2,567.22,559.7,630.7,516.04,213933,171719.0,566.18,3,566.2,20,566.22,16,566.24,3,566.26,6,566.3,4,566.32,5,566.34,7,566.36,29,566.38,3,566.28
au2410,,13:39:40.0#,562.2,567.22,559.7,630.7,516.04,213947,171724.0,566.18,6,566.2,17,566.22,18,566.24,3,566.28,6,566.32,2,566.34,7,566.36,31,566.38,3,566.4,19,566.26
au2410,,13:39:40.500#,562.2,567.22,559.7,630.7,516.04,213953,171726.0,566.18,10,566.2,9,566.22,22,566.24,4,566.26,3,566.3,7,566.32,6,566.34,4,566.36,10,566.38,19,566.28
au2410,,13:39:41.0#,562.2,567.22,559.7,630.7,516.04,213957,171729.0,566.18,12,566.2,15,566.22,14,566.24,3,566.26,6,566.28,1,566.3,4,566.32,5,566.34,11,566.36,13,566.26
au2410,,13:39:41.500#,562.2,567.22,559.7,630.7,516.04,213959,171730.0,566.16,8,566.18,6,566.2,21,566.22,8,566.24,9,566.3,4,566.32,7,566.34,13,566.36,17,566.38,13,566.28
au2410,,13:39:42.0#,562.2,567.22,559.7,630.7,516.04,213965,171731.0,566.2,25,566.22,4,566.24,9,566.26,3,566.3,10,566.32,4,566.34,14,566.36,18,566.38,9,566.4,14,566.3
au2410,,13:39:42.500#,562.2,567.22,559.7,630.7,516.04,213970,171734.0,566.2,13,566.22,13,566.24,18,566.26,8,566.3,6,566.32,2,566.34,7,566.36,7,566.38,19,566.4,13,566.3
au2410,,13:39:43.0#,562.2,567.22,559.7,630.7,516.04,213971,171735.0,566.2,3,566.22,15,566.24,18,566.26,14,566.3,7,566.32,4,566.34,7,566.36,1,566.38,22,566.4,10,566.3
au2410,,13:39:43.500#,562.2,567.22,559.7,630.7,516.04,213978,171735.0,566.2,9,566.22,10,566.24,28,566.26,4,566.28,6,566.32,4,566.34,7,566.36,1,566.38,22,566.4,13,566.3
au2410,,13:39:44.0#,562.2,567.22,559.7,630.7,516.04,213978,171735.0,566.2,7,566.22,18,566.24,14,566.26,4,566.28,6,566.32,4,566.34,4,566.36,7,566.38,22,566.4,11,566.3
au2410,,13:39:44.500#,562.2,567.22,559.7,630.7,516.04,213980,171735.0,566.2,7,566.22,24,566.24,11,566.26,4,566.28,6,566.3,1,566.32,4,566.34,4,566.36,7,566.38,28,566.28
au2410,,13:39:45.0#,562.2,567.22,559.7,630.7,516.04,213983,171735.0,566.18,4,566.2,7,566.22,27,566.24,7,566.26,4,566.3,1,566.32,4,566.34,7,566.36,12,566.38,24,566.28
au2410,,13:39:45.500#,562.2,567.22,559.7,630.7,516.04,213985,171733.0,566.18,3,566.2,17,566.22,17,566.24,3,566.26,1,566.3,3,566.32,4,566.34,10,566.36,18,566.38,15,566.3
au2410,,13:39:46.0#,562.2,567.22,559.7,630.7,516.04,213999,171732.0,566.16,11,566.18,10,566.2,24,566.22,6,566.24,3,566.32,2,566.34,14,566.36,25,566.38,10,566.4,7,566.32
au2410,,13:39:46.500#,562.2,567.22,559.7,630.7,516.04,213999,171732.0,566.18,4,566.2,17,566.22,4,566.24,9,566.26,7,566.3,4,566.32,3,566.34,5,566.36,23,566.38,4,566.32
au2410,,13:39:47.0#,562.2,567.22,559.7,630.7,516.04,214003,171732.0,566.22,7,566.24,3,566.26,13,566.28,1,566.3,12,566.32,2,566.34,5,566.36,27,566.38,1,566.4,19,566.3
au2410,,13:39:47.500#,562.2,567.22,559.7,630.7,516.04,214008,171733.0,566.2,12,566.22,8,566.24,13,566.26,15,566.3,10,566.32,1,566.34,5,566.36,8,566.38,14,566.4,10,566.3
au2410,,13:39:48.0#,562.2,567.22,559.7,630.7,516.04,214011,171731.0,566.22,7,566.24,20,566.26,9,566.28,6,566.3,10,566.34,5,566.36,5,566.38,16,566.4,11,566.42,19,566.32
au2410,,13:39:48.500#,562.2,567.22,559.7,630.7,516.04,214013,171732.0,566.22,4,566.24,23,566.26,10,566.28,6,566.3,8,566.34,5,566.36,5,566.38,4,566.4,23,566.42,8,566.3
au2410,,13:39:49.0#,562.2,567.22,559.7,630.7,516.04,214013,171732.0,566.24,22,566.26,10,566.28,6,566.3,8,566.32,1,566.34,4,566.36,5,566.38,4,566.4,26,566.42,8,566.3
au2410,,13:39:49.500#,562.2,567.22,559.7,630.7,516.04,214014,171733.0,566.22,7,566.24,21,566.26,12,566.3,8,566.32,6,566.34,4,566.36,5,566.38,4,566.4,20,566.42,5,566.32
au2410,,13:39:50.0#,562.2,567.22,559.7,630.7,516.04,214016,171735.0,566.22,7,566.24,18,566.26,15,566.28,4,566.3,8,566.34,2,566.36,5,566.38,4,566.4,18,566.42,13,566.32
au2410,,13:39:50.500#,562.2,567.22,559.7,630.7,516.04,214018,171737.0,566.22,10,566.24,22,566.26,14,566.3,8,566.32,7,566.36,8,566.38,1,566.4,28,566.42,3,566.44,18,566.34
au2410,,13:39:51.0#,562.2,567.22,559.7,630.7,516.04,214022,171734.0,566.24,14,566.26,19,566.28,9,566.3,8,566.34,1,566.36,4,566.38,4,566.4,15,566.42,21,566.44,10,566.36
au2410,,13:39:51.500#,562.2,567.22,559.7,630.7,516.04,214025,171734.0,566.24,11,566.26,20,566.28,14,566.3,8,566.32,7,566.36,4,566.38,4,566.4,8,566.42,31,566.44,7,566.34
au2410,,13:39:52.0#,562.2,567.22,559.7,630.7,516.04,214026,171734.0,566.26,26,566.28,8,566.3,8,566.32,7,566.34,4,566.36,3,566.38,1,566.4,8,566.42,29,566.44,7,566.36
au2410,,13:39:52.500#,562.2,567.22,559.7,630.7,516.04,214027,171735.0,566.24,12,566.26,16,566.28,18,566.3,8,566.32,7,566.36,3,566.38,4,566.4,2,566.42,31,566.44,9,566.34
au2410,,13:39:53.0#,562.2,567.22,559.7,630.7,516.04,214031,171735.0,566.22,4,566.24,9,566.26,23,566.28,8,566.3,8,566.32,1,566.36,3,566.38,1,566.4,9,566.42,23,566.32
au2410,,13:39:53.500#,562.2,567.22,559.7,630.7,516.04,214033,171735.0,566.22,9,566.24,17,566.26,16,566.3,14,566.32,8,566.36,6,566.38,9,566.4,12,566.42,16,566.44,13,566.32
au2410,,13:39:54.0#,562.2,567.22,559.7,630.7,516.04,214034,171736.0,566.24,16,566.26,20,566.28,8,566.3,8,566.32,9,566.34,5,566.36,3,566.38,4,566.4,6,566.42,27,566.32
au2410,,13:39:54.500#,562.2,567.22,559.7,630.7,516.04,214039,171738.0,566.24,10,566.26,33,566.28,4,566.3,8,566.32,7,566.36,1,566.38,4,566.4,14,566.42,22,566.44,13,566.36
au2410,,13:39:55.0#,562.2,567.22,559.7,630.7,516.04,214041,171736.0,566.26,32,566.28,5,566.3,8,566.32,6,566.36,1,566.38,1,566.4,9,566.42,23,566.44,7,566.46,12,566.36
au2410,,13:39:55.500#,562.2,567.22,559.7,630.7,516.04,214042,171736.0,566.24,11,566.26,20,566.28,6,566.3,21,566.32,6,566.36,6,566.38,2,566.4,6,566.42,7,566.44,18,566.36
au2410,,13:39:56.0#,562.2,567.22,559.7,630.7,516.04,214043,171737.0,566.26,18,566.28,12,566.3,11,566.32,7,566.34,4,566.36,5,566.38,2,566.4,12,566.42,11,566.44,15,566.34
au2410,,13:39:56.500#,562.2,567.22,559.7,630.7,516.04,214047,171739.0,566.26,18,566.28,21,566.3,8,566.32,7,566.34,1,566.36,1,566.38,2,566.4,6,566.42,21,566.44,15,566.36
au2410,,13:39:57.0#,562.2,567.22,559.7,630.7,516.04,214048,171740.0,566.26,9,566.28,28,566.3,12,566.32,7,566.34,4,566.38,2,566.4,6,566.42,19,566.44,17,566.46,11,566.36
au2410,,13:39:57.500#,562.2,567.22,559.7,630.7,516.04,214050,171740.0,566.26,6,566.28,24,566.3,19,566.32,7,566.34,3,566.38,2,566.4,6,566.42,4,566.44,29,566.48,11,566.34
au2410,,13:39:58.0#,562.2,567.22,559.7,630.7,516.04,214057,171743.0,566.24,10,566.26,9,566.28,18,566.3,19,566.32,7,566.34,3,566.38,3,566.4,6,566.42,4,566.44,26,566.34
au2410,,13:39:58.500#,562.2,567.22,559.7,630.7,516.04,214064,171741.0,566.26,19,566.28,8,566.3,11,566.32,7,566.34,2,566.38,5,566.4,10,566.42,11,566.44,22,566.46,6,566.38
au2410,,13:39:59.0#,562.2,567.22,559.7,630.7,516.04,214065,171741.0,566.26,14,566.28,22,566.3,8,566.32,7,566.34,3,566.36,7,566.38,3,566.4,6,566.42,5,566.44,31,566.34
au2410,,13:39:59.500#,562.2,567.22,559.7,630.7,516.04,214065,171741.0,566.26,17,566.28,17,566.3,11,566.32,7,566.34,3,566.36,4,566.38,3,566.4,6,566.42,14,566.44,18,566.34
au2410,,13:40:00.0#,562.2,567.22,559.7,630.7,516.04,214068,171740.0,566.26,14,566.28,20,566.3,11,566.32,7,566.34,3,566.36,3,566.38,3,566.4,6,566.42,15,566.44,18,566.36
au2410,,13:40:00.500#,562.2,567.22,559.7,630.7,516.04,214071,171742.0,566.24,4,566.26,9,566.28,25,566.3,11,566.32,7,566.34,5,566.38,3,566.4,6,566.42,13,566.44,17,566.34
au2410,,13:40:01.0#,562.2,567.22,559.7,630.7,516.04,214076,171743.0,566.28,11,566.3,7,566.32,7,566.34,20,566.36,3,566.38,6,566.4,10,566.42,13,566.44,18,566.46,3,566.34
au2410,,13:40:01.500#,562.2,567.22,559.7,630.7,516.04,214077,171743.0,566.28,15,566.3,21,566.32,9,566.34,20,566.36,2,566.38,4,566.4,6,566.42,2,566.44,26,566.46,3,566.36
au2410,,13:40:02.0#,562.2,567.22,559.7,630.7,516.04,214081,171741.0,566.26,10,566.28,9,566.3,27,566.32,9,566.34,20,566.36,5,566.38,3,566.4,3,566.42,4,566.44,20,566.36
au2410,,13:40:02.500#,562.2,567.22,559.7,630.7,516.04,214089,171737.0,566.28,16,566.3,17,566.32,6,566.34,22,566.36,1,566.4,6,566.42,9,566.44,19,566.46,9,566.48,9,566.36
au2410,,13:40:03.0#,562.2,567.22,559.7,630.7,516.04,214094,171737.0,566.28,4,566.3,29,566.32,12,566.34,22,566.36,19,566.38,3,566.4,3,566.42,4,566.44,6,566.46,27,566.38
au2410,,13:40:03.500#,562.2,567.22,559.7,630.7,516.04,214100,171738.0,566.28,4,566.3,29,566.32,12,566.34,22,566.36,19,566.4,2,566.42,4,566.44,10,566.46,17,566.48,11,566.38
au2410,,13:40:04.0#,562.2,567.22,559.7,630.7,516.04,214101,171739.0,566.3,28,566.32,13,566.34,25,566.36,19,566.38,1,566.4,6,566.42,4,566.44,5,566.46,16,566.48,11,566.38
au2410,,13:40:04.500#,562.2,567.22,559.7,630.7,516.04,214101,171739.0,566.28,6,566.3,15,566.32,20,566.34,28,566.36,19,566.38,2,566.4,5,566.42,4,566.44,5,566.46,15,566.38
au2410,,13:40:05.0#,562.2,567.22,559.7,630.7,516.04,214103,171738.0,566.28,6,566.3,22,566.32,10,566.34,28,566.36,19,566.38,1,566.4,5,566.42,4,566.44,13,566.46,14,566.38
au2410,,13:40:05.500#,562.2,567.22,559.7,630.7,516.04,214106,171740.0,566.28,6,566.3,25,566.32,16,566.34,25,566.36,16,566.38,2,566.4,5,566.42,5,566.44,17,566.46,10,566.36
au2410,,13:40:06.0#,562.2,567.22,559.7,630.7,516.04,214122,171751.0,566.26,12,566.28,6,566.3,28,566.32,10,566.34,28,566.36,3,566.38,8,566.4,5,566.42,5,566.44,17,566.36
au2410,,13:40:06.500#,562.2,567.22,559.7,630.7,516.04,214159,171778.0,566.22,13,566.24,5,566.26,14,566.28,16,566.3,15,566.34,7,566.36,3,566.38,8,566.4,8,566.42,14,566.34
au2410,,13:40:07.0#,562.2,567.22,559.7,630.7,516.04,214160,171778.0,566.22,7,566.24,16,566.26,12,566.28,1,566.3,7,566.32,6,566.34,6,566.38,10,566.4,17,566.42,12,566.3
au2410,,13:40:07.500#,562.2,567.22,559.7,630.7,516.04,214167,171783.0,566.2,7,566.22,1,566.24,26,566.26,4,566.28,1,566.3,9,566.32,3,566.34,6,566.38,18,566.4,18,566.3
au2410,,13:40:08.0#,562.2,567.22,559.7,630.7,516.04,214170,171783.0,566.2,10,566.22,13,566.24,5,566.26,4,566.28,6,566.3,9,566.32,3,566.34,9,566.36,12,566.38,17,566.3
au2410,,13:40:08.500#,562.2,567.22,559.7,630.7,516.04,214176,171782.0,566.18,5,566.2,14,566.22,10,566.24,5,566.26,10,566.3,3,566.32,3,566.34,6,566.36,21,566.38,8,566.3
au2410,,13:40:09.0#,562.2,567.22,559.7,630.7,516.04,214176,171782.0,566.2,18,566.22,5,566.24,8,566.26,4,566.28,3,566.3,4,566.32,3,566.34,9,566.36,21,566.38,8,566.3
au2410,,13:40:09.500#,562.2,567.22,559.7,630.7,516.04,214177,171782.0,566.18,4,566.2,13,566.22,12,566.24,8,566.26,3,566.3,4,566.32,3,566.34,6,566.36,24,566.38,8,566.26
au2410,,13:40:10.0#,562.2,567.22,559.7,630.7,516.04,214178,171783.0,566.16,10,566.18,5,566.2,16,566.22,4,566.24,8,566.28,1,566.3,3,566.32,2,566.34,13,566.36,17,566.3
au2410,,13:40:10.500#,562.2,567.22,559.7,630.7,516.04,214180,171783.0,566.18,16,566.2,21,566.22,1,566.24,2,566.26,1,566.28,3,566.3,2,566.32,8,566.34,19,566.36,14,566.28
au2410,,13:40:11.0#,562.2,567.22,559.7,630.7,516.04,214181,171782.0,566.16,7,566.18,13,566.2,16,566.22,5,566.24,1,566.28,4,566.3,2,566.32,8,566.34,23,566.36,7,566.24
au2410,,13:40:11.500#,562.2,567.22,559.7,630.7,516.04,214181,171782.0,566.16,10,566.18,17,566.2,8,566.22,1,566.24,6,566.28,4,566.3,2,566.32,12,566.34,20,566.36,6,566.24
au2410,,13:40:12.0#,562.2,567.22,559.7,630.7,516.04,214182,171781.0,566.14,6,566.16,11,566.18,15,566.2,18,566.22,1,566.24,1,566.28,4,566.3,2,566.32,8,566.34,27,566.24
au2410,,13:40:12.500#,562.2,567.22,559.7,630.7,516.04,214184,171780.0,566.16,16,566.18,9,566.2,7,566.22,3,566.24,6,566.28,3,566.3,12,566.32,8,566.34,20,566.36,6,566.24
au2410,,13:40:13.0#,562.2,567.22,559.7,630.7,516.04,214185,171779.0,566.16,5,566.18,21,566.2,11,566.22,2,566.24,13,566.26,3,566.28,3,566.3,5,566.32,2,566.34,30,566.24
au2410,,13:40:13.500#,562.2,567.22,559.7,630.7,516.04,214190,171780.0,566.16,7,566.18,27,566.2,7,566.22,2,566.24,14,566.28,1,566.3,5,566.32,13,566.34,19,566.36,9,566.26
au2410,,13:40:14.0#,562.2,567.22,559.7,630.7,516.04,214194,171776.0,566.16,8,566.18,22,566.2,15,566.22,2,566.24,13,566.28,1,566.3,2,566.32,5,566.34,27,566.36,3,566.24
au2410,,13:40:14.500#,562.2,567.22,559.7,630.7,516.04,214194,171776.0,566.16,8,566.18,19,566.2,18,566.22,2,566.24,13,566.28,1,566.3,2,566.32,5,566.34,27,566.36,3,566.24
au2410,,13:40:15.0#,562.2,567.22,559.7,630.7,516.04,214194,171776.0,566.16,8,566.18,19,566.2,15,566.22,2,566.24,13,566.28,1,566.3,2,566.32,5,566.34,27,566.36,3,566.24
au2410,,13:40:15.500#,562.2,567.22,559.7,630.7,516.04,214194,171776.0,566.16,8,566.18,20,566.2,18,566.22,2,566.24,13,566.28,1,566.3,2,566.32,5,566.34,30,566.36,3,566.24
au2410,,13:40:16.0#,562.2,567.22,559.7,630.7,516.04,214199,171776.0,566.16,8,566.18,20,566.2,21,566.22,2,566.24,8,566.28,6,566.3,2,566.32,5,566.34,30,566.36,6,566.24
au2410,,13:40:16.500#,562.2,567.22,559.7,630.7,516.04,214204,171774.0,566.16,11,566.18,20,566.2,18,566.22,2,566.24,3,566.26,15,566.28,6,566.3,2,566.32,8,566.34,29,566.24
au2410,,13:40:17.0#,562.2,567.22,559.7,630.7,516.04,214208,171775.0,566.12,8,566.14,6,566.16,16,566.18,19,566.2,11,566.24,21,566.26,8,566.28,6,566.3,9,566.32,16,566.22
au2410,,13:40:17.500#,562.2,567.22,559.7,630.7,516.04,214208,171775.0,566.12,13,566.14,19,566.16,11,566.18,3,566.2,7,566.22,2,566.24,17,566.26,7,566.28,16,566.3,17,566.22
au2410,,13:40:18.0#,562.2,567.22,559.7,630.7,516.04,214208,171775.0,566.14,22,566.16,8,566.18,3,566.2,7,566.22,2,566.24,16,566.26,4,566.28,28,566.3,14,566.32,11,566.22
au2410,,13:40:18.500#,562.2,567.22,559.7,630.7,516.04,214211,171774.0,566.12,11,566.14,14,566.16,13,566.18,7,566.2,6,566.24,17,566.26,4,566.28,13,566.3,22,566.32,3,566.2
au2410,,13:40:19.0#,562.2,567.22,559.7,630.7,516.04,214211,171774.0,566.14,19,566.16,11,566.18,3,566.2,6,566.22,6,566.24,17,566.26,4,566.28,17,566.3,21,566.32,3,566.2
au2410,,13:40:19.500#,562.2,567.22,559.7,630.7,516.04,214226,171773.0,566.14,16,566.16,13,566.18,7,566.2,6,566.22,1,566.26,4,566.28,7,566.3,31,566.32,3,566.34,16,566.24
au2410,,13:40:20.0#,562.2,567.22,559.7,630.7,516.04,214228,171774.0,566.12,13,566.14,18,566.16,20,566.18,6,566.2,1,566.26,1,566.28,4,566.3,23,566.32,11,566.34,13,566.22
au2410,,13:40:20.500#,562.2,567.22,559.7,630.7,516.04,214229,171774.0,566.14,14,566.16,18,566.18,9,566.2,5,566.22,3,566.26,2,566.28,4,566.3,20,566.32,8,566.34,16,566.22
au2410,,13:40:21.0#,562.2,567.22,559.7,630.7,516.04,214229,171774.0,566.14,9,566.16,19,566.18,11,566.2,11,566.22,3,566.26,1,566.28,4,566.3,10,566.32,15,566.34,11,566.22
au2410,,13:40:21.500#,562.2,567.22,559.7,630.7,516.04,214230,171775.0,566.14,6,566.16,25,566.18,14,566.2,11,566.22,3,566.26,2,566.28,4,566.3,7,566.32,23,566.34,12,566.22
au2410,,13:40:22.0#,562.2,567.22,559.7,630.7,516.04,214230,171775.0,566.14,9,566.16,22,566.18,14,566.2,11,566.22,3,566.26,2,566.28,4,566.3,10,566.32,24,566.34,9,566.22
au2410,,13:40:22.500#,562.2,567.22,559.7,630.7,516.04,214233,171775.0,566.14,9,566.16,22,566.18,14,566.2,10,566.22,3,566.24,1,566.26,1,566.28,4,566.3,10,566.32,24,566.24
au2410,,13:40:23.0#,562.2,567.22,559.7,630.7,516.04,214236,171773.0,566.14,9,566.16,29,566.18,7,566.2,10,566.22,2,566.28,7,566.3,15,566.32,17,566.34,12,566.36,6,566.22
au2410,,13:40:23.500#,562.2,567.22,559.7,630.7,516.04,214237,171773.0,566.16,19,566.18,14,566.2,10,566.22,2,566.24,1,566.26,5,566.28,5,566.3,10,566.32,18,566.34,14,566.22
au2410,,13:40:24.0#,562.2,567.22,559.7,630.7,516.04,214239,171773.0,566.16,20,566.18,15,566.2,14,566.22,2,566.24,3,566.26,2,566.28,5,566.3,9,566.32,24,566.34,11,566.26
au2410,,13:40:24.500#,562.2,567.22,559.7,630.7,516.04,214241,171772.0,566.18,21,566.2,14,566.22,2,566.24,3,566.26,1,566.28,5,566.3,6,566.32,19,566.34,19,566.36,14,566.26
au2410,,13:40:25.0#,562.2,567.22,559.7,630.7,516.04,214242,171772.0,566.16,11,566.18,15,566.2,23,566.22,2,566.24,3,566.28,5,566.3,6,566.32,3,566.34,32,566.38,17,566.26
au2410,,13:40:25.500#,562.2,567.22,559.7,630.7,516.04,214242,171772.0,566.16,14,566.18,25,566.2,8,566.22,2,566.24,10,566.26,1,566.28,5,566.3,2,566.32,13,566.34,23,566.26
au2410,,13:40:26.0#,562.2,567.22,559.7,630.7,516.04,214243,171772.0,566.18,25,566.2,14,566.22,2,566.24,3,566.26,4,566.28,5,566.3,5,566.32,8,566.34,21,566.36,6,566.26
au2410,,13:40:26.500#,562.2,567.22,559.7,630.7,516.04,214245,171772.0,566.18,25,566.2,16,566.22,6,566.24,3,566.26,2,566.28,5,566.3,2,566.32,3,566.34,27,566.36,3,566.26
au2410,,13:40:27.0#,562.2,567.22,559.7,630.7,516.04,214247,171774.0,566.18,25,566.2,13,566.22,6,566.24,9,566.26,2,566.28,3,566.3,4,566.32,3,566.34,30,566.36,3,566.28
au2410,,13:40:27.500#,562.2,567.22,559.7,630.7,516.04,214250,171774.0,566.18,22,566.2,16,566.22,6,566.24,3,566.26,2,566.3,4,566.32,3,566.34,24,566.36,6,566.38,17,566.28
au2410,,13:40:28.0#,562.2,567.22,559.7,630.7,516.04,214251,171775.0,566.18,17,566.2,21,566.22,9,566.24,3,566.26,1,566.3,4,566.32,3,566.34,13,566.36,20,566.38,11,566.26
au2410,,13:40:28.500#,562.2,567.22,559.7,630.7,516.04,214251,171775.0,566.18,10,566.2,22,566.22,9,566.24,9,566.26,3,566.3,4,566.34,13,566.36,20,566.38,16,566.4,18,566.26
au2410,,13:40:29.0#,562.2,567.22,559.7,630.7,516.04,214254,171774.0,566.2,32,566.22,5,566.24,3,566.26,3,566.28,3,566.3,4,566.34,13,566.36,17,566.38,19,566.4,18,566.28
au2410,,13:40:29.500#,562.2,567.22,559.7,630.7,516.04,214261,171773.0,566.18,6,566.2,26,566.22,11,566.24,3,566.26,3,566.34,9,566.36,21,566.38,16,566.4,18,566.42,4,566.3
au2410,,13:40:30.0#,562.2,567.22,559.7,630.7,516.04,214262,171773.0,566.18,12,566.2,13,566.22,15,566.24,3,566.26,10,566.28,9,566.32,8,566.34,6,566.36,7,566.38,16,566.28
au2410,,13:40:30.500#,562.2,567.22,559.7,630.7,516.04,214271,171766.0,566.2,31,566.22,6,566.24,3,566.26,3,566.28,7,566.32,8,566.34,19,566.36,12,566.38,17,566.4,10,566.28
au2410,,13:40:31.0#,562.2,567.22,559.7,630.7,516.04,214277,171770.0,566.2,21,566.22,19,566.24,3,566.26,3,566.28,1,566.32,5,566.34,9,566.36,10,566.38,24,566.4,7,566.3
au2410,,13:40:31.500#,562.2,567.22,559.7,630.7,516.04,214278,171770.0,566.22,22,566.24,7,566.26,9,566.28,1,566.3,3,566.34,9,566.36,7,566.38,30,566.4,7,566.42,12,566.32
au2410,,13:40:32.0#,562.2,567.22,559.7,630.7,516.04,214279,171770.0,566.22,12,566.24,26,566.26,3,566.28,1,566.3,1,566.34,6,566.38,19,566.4,13,566.42,9,566.44,12,566.32
au2410,,13:40:32.500#,562.2,567.22,559.7,630.7,516.04,214280,171770.0,566.24,23,566.26,7,566.28,8,566.3,2,566.32,1,566.34,4,566.38,13,566.4,18,566.42,12,566.44,14,566.32
au2410,,13:40:33.0#,562.2,567.22,559.7,630.7,516.04,214282,171771.0,566.22,9,566.24,16,566.26,16,566.28,2,566.3,8,566.34,3,566.38,9,566.4,25,566.42,9,566.44,14,566.32
au2410,,13:40:33.500#,562.2,567.22,559.7,630.7,516.04,214288,171774.0,566.24,23,566.26,12,566.28,1,566.3,8,566.32,2,566.38,6,566.4,28,566.42,9,566.44,14,566.46,12,566.34
au2410,,13:40:34.0#,562.2,567.22,559.7,630.7,516.04,214290,171774.0,566.22,12,566.24,13,566.26,14,566.28,8,566.3,8,566.38,3,566.4,16,566.42,16,566.44,15,566.46,3,566.32
au2410,,13:40:34.500#,562.2,567.22,559.7,630.7,516.04,214290,171774.0,566.24,6,566.26,20,566.28,5,566.3,8,566.32,13,566.36,2,566.38,4,566.4,4,566.42,22,566.44,6,566.32
au2410,,13:40:35.0#,562.2,567.22,559.7,630.7,516.04,214291,171775.0,566.24,6,566.26,27,566.28,8,566.3,8,566.32,13,566.36,2,566.38,4,566.4,7,566.42,23,566.44,10,566.32
au2410,,13:40:35.500#,562.2,567.22,559.7,630.7,516.04,214293,171776.0,566.24,6,566.26,29,566.28,8,566.3,8,566.32,5,566.36,2,566.38,4,566.4,7,566.42,25,566.44,9,566.32
au2410,,13:40:36.0#,562.2,567.22,559.7,630.7,516.04,214294,171775.0,566.24,6,566.26,29,566.28,8,566.3,8,566.32,3,566.36,5,566.38,4,566.4,7,566.42,28,566.44,6,566.34
au2410,,13:40:36.500#,562.2,567.22,559.7,630.7,516.04,214295,171776.0,566.22,11,566.24,9,566.26,33,566.28,1,566.3,8,566.32,1,566.34,4,566.36,5,566.38,4,566.4,17,566.32
au2410,,13:40:37.0#,562.2,567.22,559.7,630.7,516.04,214295,171776.0,566.22,9,566.24,21,566.26,12,566.28,1,566.3,1,566.32,1,566.34,2,566.36,8,566.38,11,566.4,14,566.32
au2410,,13:40:37.500#,562.2,567.22,559.7,630.7,516.04,214296,171775.0,566.2,8,566.22,9,566.24,21,566.26,9,566.28,7,566.3,2,566.32,5,566.34,3,566.36,8,566.38,15,566.3
au2410,,13:40:38.0#,562.2,567.22,559.7,630.7,516.04,214299,171776.0,566.2,8,566.22,14,566.24,10,566.26,5,566.28,6,566.32,5,566.34,5,566.36,13,566.38,14,566.4,16,566.3
au2410,,13:40:38.500#,562.2,567.22,559.7,630.7,516.04,214300,171777.0,566.2,11,566.22,19,566.24,11,566.26,5,566.28,6,566.3,10,566.32,4,566.34,2,566.36,17,566.38,24,566.32
au2410,,13:40:39.0#,562.2,567.22,559.7,630.7,516.04,214300,171777.0,566.18,6,566.2,16,566.22,18,566.24,13,566.26,5,566.3,10,566.32,4,566.34,5,566.36,32,566.38,11,566.32
au2410,,13:40:39.500#,562.2,567.22,559.7,630.7,516.04,214301,171777.0,566.18,13,566.2,24,566.22,9,566.24,3,566.26,12,566.3,10,566.32,4,566.34,15,566.36,25,566.38,11,566.28
au2410,,13:40:40.0#,562.2,567.22,559.7,630.7,516.04,214302,171777.0,566.18,13,566.2,17,566.22,16,566.24,3,566.26,12,566.3,9,566.32,4,566.34,8,566.36,32,566.38,11,566.3
au2410,,13:40:40.500#,562.2,567.22,559.7,630.7,516.04,214311,171775.0,566.18,11,566.2,20,566.22,10,566.24,3,566.26,1,566.32,4,566.34,11,566.36,29,566.38,11,566.4,13,566.26
au2410,,13:40:41.0#,562.2,567.22,559.7,630.7,516.04,214311,171775.0,566.18,8,566.2,20,566.22,10,566.24,3,566.26,7,566.3,8,566.32,4,566.34,5,566.36,26,566.38,15,566.26
au2410,,13:40:41.500#,562.2,567.22,559.7,630.7,516.04,214311,171775.0,566.18,11,566.2,24,566.22,6,566.24,9,566.26,1,566.28,1,566.3,7,566.32,4,566.34,9,566.36,28,566.26
au2410,,13:40:42.0#,562.2,567.22,559.7,630.7,516.04,214311,171775.0,566.18,11,566.2,27,566.22,6,566.24,9,566.26,1,566.3,4,566.32,7,566.34,13,566.36,26,566.38,12,566.26
au2410,,13:40:42.500#,562.2,567.22,559.7,630.7,516.04,214312,171774.0,566.18,11,566.2,33,566.22,6,566.24,3,566.26,1,566.3,3,566.32,4,566.34,12,566.36,28,566.38,11,566.3
au2410,,13:40:43.0#,562.2,567.22,559.7,630.7,516.04,214312,171774.0,566.18,11,566.2,30,566.22,6,566.24,3,566.26,1,566.28,2,566.3,3,566.32,4,566.34,15,566.36,25,566.3
au2410,,13:40:43.500#,562.2,567.22,559.7,630.7,516.04,214312,171774.0,566.18,19,566.2,19,566.22,6,566.24,9,566.26,6,566.28,2,566.3,3,566.32,7,566.34,21,566.36,21,566.3
au2410,,13:40:44.0#,562.2,567.22,559.7,630.7,516.04,214312,171774.0,566.18,7,566.2,37,566.22,2,566.24,3,566.26,6,566.28,2,566.3,3,566.32,7,566.34,18,566.36,25,566.3
au2410,,13:40:44.500#,562.2,567.22,559.7,630.7,516.04,214312,171774.0,566.18,11,566.2,33,566.22,7,566.24,3,566.26,6,566.28,2,566.3,3,566.32,7,566.34,17,566.36,26,566.3
au2410,,13:40:45.0#,562.2,567.22,559.7,630.7,516.04,214313,171774.0,566.18,11,566.2,27,566.22,7,566.24,9,566.26,6,566.28,1,566.3,3,566.32,7,566.34,17,566.36,26,566.28
au2410,,13:40:45.500#,562.2,567.22,559.7,630.7,516.04,214314,171774.0,566.18,11,566.2,30,566.22,7,566.24,3,566.26,6,566.3,3,566.32,7,566.34,14,566.36,26,566.38,12,566.28
au2410,,13:40:46.0#,562.2,567.22,559.7,630.7,516.04,214315,171774.0,566.2,29,566.22,14,566.24,3,566.26,6,566.28,4,566.3,2,566.32,7,566.34,2,566.36,41,566.38,6,566.3
au2410,,13:40:46.500#,562.2,567.22,559.7,630.7,516.04,214317,171773.0,566.22,21,566.24,9,566.26,6,566.28,4,566.3,2,566.32,6,566.34,2,566.36,33,566.38,11,566.4,18,566.3
au2410,,13:40:47.0#,562.2,567.22,559.7,630.7,516.04,214319,171773.0,566.2,7,566.22,18,566.24,17,566.26,6,566.28,4,566.32,3,566.34,2,566.36,14,566.38,27,566.4,9,566.3
au2410,,13:40:47.500#,562.2,567.22,559.7,630.7,516.04,214319,171773.0,566.2,10,566.22,20,566.24,11,566.26,6,566.28,10,566.32,3,566.34,5,566.36,17,566.38,27,566.4,9,566.3
au2410,,13:40:48.0#,562.2,567.22,559.7,630.7,516.04,214320,171773.0,566.2,7,566.22,23,566.24,11,566.26,12,566.28,4,566.32,2,566.34,5,566.36,11,566.38,30,566.4,7,566.32
au2410,,13:40:48.500#,562.2,567.22,559.7,630.7,516.04,214320,171773.0,566.2,7,566.22,27,566.24,11,566.26,12,566.28,4,566.32,2,566.34,5,566.36,11,566.38,33,566.4,7,566.32
au2410,,13:40:49.0#,562.2,567.22,559.7,630.7,516.04,214320,171773.0,566.2,7,566.22,27,566.24,11,566.26,12,566.28,4,566.32,2,566.34,2,566.36,14,566.38,30,566.4,11,566.32
au2410,,13:40:49.500#,562.2,567.22,559.7,630.7,516.04,214324,171776.0,566.18,15,566.2,7,566.22,27,566.24,11,566.26,12,566.32,2,566.34,2,566.36,14,566.38,30,566.4,11,566.28
au2410,,13:40:50.0#,562.2,567.22,559.7,630.7,516.04,214324,171776.0,566.18,13,566.2,4,566.22,26,566.24,3,566.26,12,566.28,10,566.3,3,566.32,3,566.34,2,566.36,21,566.28
au2410,,13:40:50.500#,562.2,567.22,559.7,630.7,516.04,214335,171767.0,566.18,10,566.2,21,566.22,13,566.24,9,566.26,1,566.28,3,566.3,4,566.32,4,566.34,16,566.36,24,566.28
au2410,,13:40:51.0#,562.2,567.22,559.7,630.7,516.04,214336,171767.0,566.18,12,566.2,25,566.22,10,566.24,3,566.26,1,566.28,2,566.3,4,566.32,10,566.34,16,566.36,25,566.28
au2410,,13:40:51.500#,562.2,567.22,559.7,630.7,516.04,214338,171767.0,566.18,18,566.2,22,566.22,10,566.24,3,566.26,3,566.3,4,566.32,6,566.34,22,566.36,22,566.38,11,566.28
au2410,,13:40:52.0#,562.2,567.22,559.7,630.7,516.04,214339,171767.0,566.18,10,566.2,24,566.22,13,566.24,9,566.26,2,566.3,2,566.32,3,566.34,12,566.36,28,566.38,11,566.26
au2410,,13:40:52.500#,562.2,567.22,559.7,630.7,516.04,214339,171767.0,566.2,20,566.22,17,566.24,9,566.26,2,566.28,5,566.3,2,566.32,3,566.34,8,566.36,32,566.38,11,566.26
au2410,,13:40:53.0#,562.2,567.22,559.7,630.7,516.04,214343,171769.0,566.2,11,566.22,24,566.24,13,566.26,2,566.28,2,566.32,3,566.34,5,566.36,27,566.38,16,566.4,13,566.28
au2410,,13:40:53.500#,562.2,567.22,559.7,630.7,516.04,214343,171769.0,566.18,12,566.2,8,566.22,30,566.24,13,566.26,2,566.32,3,566.34,2,566.36,21,566.38,21,566.4,11,566.28
au2410,,13:40:54.0#,562.2,567.22,559.7,630.7,516.04,214343,171769.0,566.22,23,566.24,9,566.26,4,566.28,3,566.3,1,566.32,2,566.34,2,566.36,26,566.38,15,566.4,11,566.28
au2410,,13:40:54.500#,562.2,567.22,559.7,630.7,516.04,214344,171769.0,566.2,5,566.22,22,566.24,21,566.26,3,566.28,2,566.32,2,566.34,2,566.36,14,566.38,30,566.4,11,566.3
au2410,,13:40:55.0#,562.2,567.22,559.7,630.7,516.04,214344,171769.0,566.2,8,566.22,23,566.24,17,566.26,4,566.28,4,566.32,2,566.34,2,566.36,17,566.38,27,566.4,11,566.3
au2410,,13:40:55.500#,562.2,567.22,559.7,630.7,516.04,214344,171769.0,566.2,5,566.22,26,566.24,17,566.26,4,566.28,4,566.34,2,566.36,14,566.38,27,566.4,8,566.42,19,566.3
au2410,,13:40:56.0#,562.2,567.22,559.7,630.7,516.04,214345,171768.0,566.22,18,566.24,25,566.26,4,566.28,4,566.32,1,566.34,3,566.36,14,566.38,16,566.4,19,566.42,10,566.34
au2410,,13:40:56.500#,562.2,567.22,559.7,630.7,516.04,214347,171768.0,566.22,8,566.24,24,566.26,12,566.28,4,566.3,1,566.34,3,566.36,11,566.38,6,566.4,28,566.42,14,566.32
au2410,,13:40:57.0#,562.2,567.22,559.7,630.7,516.04,214349,171768.0,566.22,11,566.24,27,566.26,8,566.28,4,566.3,1,566.32,2,566.34,3,566.36,11,566.38,10,566.4,24,566.3
au2410,,13:40:57.500#,562.2,567.22,559.7,630.7,516.04,214350,171769.0,566.2,3,566.22,19,566.24,13,566.26,14,566.28,4,566.32,2,566.34,4,566.36,14,566.38,16,566.4,18,566.3
au2410,,13:40:58.0#,562.2,567.22,559.7,630.7,516.04,214351,171769.0,566.2,6,566.22,26,566.24,14,566.26,4,566.28,4,566.32,2,566.34,3,566.36,14,566.38,24,566.4,8,566.32
au2410,,13:40:58.500#,562.2,567.22,559.7,630.7,516.04,214352,171770.0,566.2,6,566.22,29,566.24,17,566.26,4,566.28,3,566.3,1,566.32,2,566.34,3,566.36,14,566.38,30,566.28
au2410,,13:40:59.0#,562.2,567.22,559.7,630.7,516.04,214353,171769.0,566.22,30,566.24,13,566.26,4,566.28,3,566.3,1,566.32,2,566.34,2,566.36,25,566.38,15,566.4,14,566.3
au2410,,13:40:59.500#,562.2,567.22,559.7,630.7,516.04,214357,171766.0,566.18,12,566.2,3,566.22,26,566.24,18,566.26,8,566.28,7,566.32,5,566.34,2,566.36,14,566.38,24,566.28
au2410,,13:41:00.0#,562.2,567.22,559.7,630.7,516.04,214365,171758.0,566.2,21,566.22,16,566.24,9,566.26,3,566.28,6,566.3,10,566.32,4,566.34,12,566.36,17,566.38,16,566.32
au2410,,13:41:00.500#,562.2,567.22,559.7,630.7,516.04,214366,171758.0,566.2,19,566.22,11,566.24,13,566.26,3,566.28,4,566.3,11,566.32,4,566.34,4,566.36,32,566.38,11,566.28
au2410,,13:41:01.0#,562.2,567.22,559.7,630.7,516.04,214370,171760.0,566.18,6,566.2,20,566.22,18,566.24,13,566.26,3,566.3,11,566.32,4,566.34,4,566.36,38,566.38,8,566.28
au2410,,13:41:01.500#,562.2,567.22,559.7,630.7,516.04,214370,171760.0,566.18,10,566.2,24,566.22,10,566.24,3,566.26,10,566.3,11,566.32,4,566.34,14,566.36,28,566.38,8,566.28
au2410,,13:41:02.0#,562.2,567.22,559.7,630.7,516.04,214370,171760.0,566.18,13,566.2,21,566.22,13,566.24,3,566.26,10,566.3,11,566.32,4,566.34,11,566.36,31,566.38,8,566.28
au2410,,13:41:02.500#,562.2,567.22,559.7,630.7,516.04,214380,171757.0,566.16,10,566.18,13,566.2,24,566.22,10,566.24,3,566.3,1,566.32,4,566.34,11,566.36,31,566.38,8,566.26
au2410,,13:41:03.0#,562.2,567.22,559.7,630.7,516.04,214380,171757.0,566.18,10,566.2,27,566.22,6,566.24,3,566.26,1,566.28,2,566.3,4,566.32,4,566.34,11,566.36,25,566.26
au2410,,13:41:03.500#,562.2,567.22,559.7,630.7,516.04,214381,171758.0,566.16,9,566.18,15,566.2,19,566.22,10,566.24,9,566.28,2,566.3,4,566.32,6,566.34,20,566.36,22,566.26
au2410,,13:41:04.0#,562.2,567.22,559.7,630.7,516.04,214381,171758.0,566.16,7,566.18,18,566.2,13,566.22,6,566.24,9,566.28,4,566.3,4,566.32,6,566.34,21,566.36,22,566.26
au2410,,13:41:04.500#,562.2,567.22,559.7,630.7,516.04,214381,171758.0,566.16,7,566.18,24,566.2,17,566.22,6,566.24,3,566.26,2,566.28,4,566.3,4,566.32,6,566.34,28,566.26
au2410,,13:41:05.0#,562.2,567.22,559.7,630.7,516.04,214391,171760.0,566.14,2,566.16,10,566.18,25,566.2,13,566.22,3,566.24,4,566.26,7,566.28,4,566.3,7,566.32,12,566.24
au2410,,13:41:05.500#,562.2,567.22,559.7,630.7,516.04,214396,171758.0,566.12,5,566.14,12,566.16,14,566.18,7,566.2,9,566.22,8,566.24,5,566.26,6,566.28,4,566.3,18,566.22
au2410,,13:41:06.0#,562.2,567.22,559.7,630.7,516.04,214408,171767.0,566.1,11,566.12,11,566.14,20,566.16,4,566.18,1,566.2,10,566.22,8,566.24,4,566.26,6,566.28,13,566.18
au2410,,13:41:06.500#,562.2,567.22,559.7,630.7,516.04,214409,171767.0,566.08,18,566.1,20,566.12,18,566.14,1,566.16,14,566.18,6,566.2,9,566.22,7,566.24,10,566.26,17,566.18
au2410,,13:41:07.0#,562.2,567.22,559.7,630.7,516.04,214412,171767.0,566.08,18,566.1,33,566.12,9,566.14,1,566.16,4,566.18,2,566.2,7,566.22,7,566.24,19,566.26,16,566.18
au2410,,13:41:07.500#,562.2,567.22,559.7,630.7,516.04,214415,171768.0,566.08,28,566.1,30,566.12,13,566.14,1,566.16,4,566.2,6,566.22,10,566.24,24,566.26,15,566.28,13,566.2
au2410,,13:41:08.0#,562.2,567.22,559.7,630.7,516.04,214418,171768.0,566.12,13,566.14,1,566.16,4,566.18,3,566.2,4,566.22,7,566.24,15,566.26,18,566.28,5,566.3,11,566.2
au2410,,13:41:08.500#,562.2,567.22,559.7,630.7,516.04,214420,171768.0,566.12,13,566.14,15,566.16,4,566.18,3,566.2,6,566.24,5,566.26,7,566.28,20,566.3,1,566.32,13,566.22
au2410,,13:41:09.0#,562.2,567.22,559.7,630.7,516.04,214425,171769.0,566.16,17,566.18,3,566.2,6,566.22,3,566.24,2,566.26,4,566.28,8,566.3,19,566.32,1,566.34,9,566.24
au2410,,13:41:09.500#,562.2,567.22,559.7,630.7,516.04,214428,171770.0,566.16,17,566.18,22,566.2,4,566.22,2,566.24,1,566.26,2,566.28,2,566.3,1,566.32,23,566.34,2,566.24
au2410,,13:41:10.0#,562.2,567.22,559.7,630.7,516.04,214429,171769.0,566.16,13,566.18,26,566.2,4,566.22,3,566.24,1,566.26,1,566.28,2,566.3,4,566.32,21,566.34,8,566.26
au2410,,13:41:10.500#,562.2,567.22,559.7,630.7,516.04,214429,171769.0,566.16,11,566.18,35,566.2,8,566.22,3,566.24,1,566.26,1,566.28,2,566.3,4,566.32,16,566.34,16,566.26
au2410,,13:41:11.0#,562.2,567.22,559.7,630.7,516.04,214429,171769.0,566.16,11,566.18,35,566.2,8,566.22,3,566.24,1,566.26,1,566.28,2,566.3,4,566.32,16,566.34,16,566.26
au2410,,13:41:11.500#,562.2,567.22,559.7,630.7,516.04,214429,171769.0,566.16,11,566.18,32,566.2,8,566.22,3,566.24,1,566.26,1,566.28,2,566.3,4,566.32,13,566.34,16,566.26
au2410,,13:41:12.0#,562.2,567.22,559.7,630.7,516.04,214429,171769.0,566.16,11,566.18,35,566.2,8,566.22,3,566.24,1,566.26,1,566.28,2,566.3,4,566.32,15,566.34,16,566.26
au2410,,13:41:12.500#,562.2,567.22,559.7,630.7,516.04,214429,171769.0,566.16,12,566.18,35,566.2,8,566.22,3,566.24,1,566.28,2,566.3,4,566.32,15,566.34,16,566.36,23,566.26
au2410,,13:41:13.0#,562.2,567.22,559.7,630.7,516.04,214429,171769.0,566.16,12,566.18,35,566.2,8,566.22,3,566.24,1,566.28,4,566.3,4,566.32,7,566.34,21,566.36,15,566.26
au2410,,13:41:13.500#,562.2,567.22,559.7,630.7,516.04,214429,171769.0,566.16,12,566.18,35,566.2,8,566.22,3,566.24,1,566.28,4,566.3,1,566.32,7,566.34,15,566.36,15,566.26
au2410,,13:41:14.0#,562.2,567.22,559.7,630.7,516.04,214429,171769.0,566.16,12,566.18,32,566.2,8,566.22,3,566.24,1,566.28,4,566.3,1,566.32,4,566.34,14,566.36,19,566.26
au2410,,13:41:14.500#,562.2,567.22,559.7,630.7,516.04,214429,171769.0,566.16,12,566.18,37,566.2,8,566.22,2,566.24,1,566.26,2,566.28,4,566.3,1,566.32,7,566.34,17,566.26
au2410,,13:41:15.0#,562.2,567.22,559.7,630.7,516.04,214429,171769.0,566.16,17,566.18,29,566.2,8,566.22,2,566.24,1,566.26,3,566.28,4,566.3,1,566.32,16,566.34,6,566.26
au2410,,13:41:15.500#,562.2,567.22,559.7,630.7,516.04,214430,171769.0,566.14,3,566.16,17,566.18,29,566.2,8,566.22,2,566.26,4,566.28,4,566.3,4,566.32,17,566.34,9,566.24
au2410,,13:41:16.0#,562.2,567.22,559.7,630.7,516.04,214430,171769.0,566.14,6,566.16,23,566.18,19,566.2,4,566.22,2,566.26,4,566.28,4,566.3,11,566.32,10,566.34,15,566.24
au2410,,13:41:16.500#,562.2,567.22,559.7,630.7,516.04,214430,171769.0,566.14,7,566.16,26,566.18,17,566.2,4,566.22,2,566.26,4,566.28,4,566.3,11,566.32,13,566.34,12,566.24
au2410,,13:41:17.0#,562.2,567.22,559.7,630.7,516.04,214430,171769.0,566.14,7,566.16,29,566.18,17,566.2,4,566.22,2,566.24,4,566.26,4,566.28,4,566.3,11,566.32,16,566.24
au2410,,13:41:17.500#,562.2,567.22,559.7,630.7,516.04,214430,171769.0,566.12,5,566.14,12,566.16,24,566.18,17,566.2,4,566.22,1,566.26,4,566.28,4,566.3,18,566.32,7,566.24
au2410,,13:41:18.0#,562.2,567.22,559.7,630.7,516.04,214431,171769.0,566.14,19,566.16,17,566.18,7,566.2,4,566.22,2,566.26,4,566.28,14,566.3,8,566.32,20,566.34,4,566.22
au2410,,13:41:18.500#,562.2,567.22,559.7,630.7,516.04,214432,171768.0,566.12,9,566.14,5,566.16,35,566.18,10,566.2,3,566.24,8,566.26,5,566.28,4,566.3,8,566.32,20,566.2
au2410,,13:41:19.0#,562.2,567.22,559.7,630.7,516.04,214432,171768.0,566.12,10,566.14,16,566.16,21,566.18,7,566.2,3,566.24,4,566.26,6,566.28,14,566.3,13,566.32,11,566.2
au2410,,13:41:19.500#,562.2,567.22,559.7,630.7,516.04,214433,171768.0,566.12,10,566.14,22,566.16,18,566.18,8,566.2,3,566.24,3,566.26,5,566.28,14,566.3,21,566.32,7,566.24
au2410,,13:41:20.0#,562.2,567.22,559.7,630.7,516.04,214436,171766.0,566.12,10,566.14,21,566.16,19,566.18,8,566.2,3,566.24,1,566.26,6,566.28,13,566.3,22,566.32,7,566.24
au2410,,13:41:20.500#,562.2,567.22,559.7,630.7,516.04,214437,171766.0,566.14,24,566.16,19,566.18,8,566.2,4,566.22,1,566.24,1,566.26,6,566.28,10,566.3,25,566.32,4,566.22
au2410,,13:41:21.0#,562.2,567.22,559.7,630.7,516.04,214437,171766.0,566.14,11,566.16,25,566.18,8,566.2,4,566.22,1,566.24,1,566.26,6,566.28,7,566.3,23,566.32,9,566.22
au2410,,13:41:21.500#,562.2,567.22,559.7,630.7,516.04,214440,171763.0,566.12,6,566.14,7,566.16,29,566.18,8,566.2,3,566.26,6,566.28,7,566.3,16,566.32,12,566.34,13,566.24
au2410,,13:41:22.0#,562.2,567.22,559.7,630.7,516.04,214440,171763.0,566.14,13,566.16,25,566.18,8,566.2,3,566.22,1,566.24,2,566.26,6,566.28,7,566.3,12,566.32,13,566.24
au2410,,13:41:22.500#,562.2,567.22,559.7,630.7,516.04,214440,171763.0,566.14,12,566.16,22,566.18,8,566.2,3,566.22,1,566.24,4,566.26,6,566.28,4,566.3,19,566.32,7,566.24
au2410,,13:41:23.0#,562.2,567.22,559.7,630.7,516.04,214440,171763.0,566.14,11,566.16,27,566.18,12,566.2,3,566.22,1,566.24,4,566.26,6,566.28,10,566.3,21,566.32,8,566.24
au2410,,13:41:23.500#,562.2,567.22,559.7,630.7,516.04,214440,171763.0,566.14,11,566.16,27,566.18,12,566.2,3,566.22,1,566.24,4,566.26,6,566.28,10,566.3,21,566.32,8,566.24
au2410,,13:41:24.0#,562.2,567.22,559.7,630.7,516.04,214441,171763.0,566.14,11,566.16,27,566.18,12,566.2,3,566.22,1,566.24,3,566.26,6,566.28,10,566.3,21,566.32,8,566.24
au2410,,13:41:24.500#,562.2,567.22,559.7,630.7,516.04,214441,171763.0,566.14,14,566.16,27,566.18,12,566.2,4,566.22,1,566.24,4,566.26,6,566.28,7,566.3,24,566.32,8,566.24
au2410,,13:41:25.0#,562.2,567.22,559.7,630.7,516.04,214443,171763.0,566.12,9,566.14,11,566.16,24,566.18,12,566.2,4,566.24,3,566.26,6,566.28,10,566.3,18,566.32,8,566.24
au2410,,13:41:25.500#,562.2,567.22,559.7,630.7,516.04,214444,171762.0,566.12,9,566.14,20,566.16,18,566.18,12,566.2,3,566.24,3,566.26,6,566.28,13,566.3,18,566.32,8,566.2
au2410,,13:41:26.0#,562.2,567.22,559.7,630.7,516.04,214446,171763.0,566.12,8,566.14,18,566.16,21,566.18,8,566.2,3,566.22,4,566.24,3,566.26,6,566.28,10,566.3,24,566.22
au2410,,13:41:26.500#,562.2,567.22,559.7,630.7,516.04,214446,171763.0,566.12,13,566.14,20,566.16,14,566.18,8,566.2,3,566.24,2,566.26,5,566.28,23,566.3,7,566.32,14,566.22
au2410,,13:41:27.0#,562.2,567.22,559.7,630.7,516.04,214446,171763.0,566.12,8,566.14,18,566.16,21,566.18,8,566.2,3,566.22,3,566.24,3,566.26,8,566.28,7,566.3,24,566.22
au2410,,13:41:27.500#,562.2,567.22,559.7,630.7,516.04,214446,171763.0,566.12,8,566.14,22,566.16,14,566.18,8,566.2,3,566.22,3,566.24,2,566.26,5,566.28,18,566.3,12,566.22
au2410,,13:41:28.0#,562.2,567.22,559.7,630.7,516.04,214446,171763.0,566.12,8,566.14,25,566.16,14,566.18,8,566.2,3,566.22,2,566.24,2,566.26,8,566.28,19,566.3,15,566.22
au2410,,13:41:28.500#,562.2,567.22,559.7,630.7,516.04,214448,171762.0,566.12,8,566.14,25,566.16,14,566.18,8,566.2,2,566.22,3,566.24,2,566.26,8,566.28,20,566.3,15,566.22
au2410,,13:41:29.0#,562.2,567.22,559.7,630.7,516.04,214449,171762.0,566.12,13,566.14,20,566.16,14,566.18,8,566.2,2,566.22,2,566.24,2,566.26,8,566.28,26,566.3,9,566.22
au2410,,13:41:29.500#,562.2,567.22,559.7,630.7,516.04,214451,171763.0,566.1,17,566.12,8,566.14,25,566.16,14,566.18,8,566.22,5,566.24,2,566.26,8,566.28,21,566.3,14,566.2
au2410,,13:41:30.0#,562.2,567.22,559.7,630.7,516.04,214451,171763.0,566.1,15,566.12,19,566.14,8,566.16,14,566.18,8,566.22,5,566.24,2,566.26,11,566.28,23,566.3,6,566.2
au2410,,13:41:30.500#,562.2,567.22,559.7,630.7,516.04,214451,171763.0,566.1,16,566.12,23,566.14,9,566.16,10,566.18,8,566.2,1,566.22,5,566.24,2,566.26,11,566.28,29,566.2
au2410,,13:41:31.0#,562.2,567.22,559.7,630.7,516.04,214451,171763.0,566.1,16,566.12,27,566.14,5,566.16,10,566.18,8,566.2,1,566.22,5,566.24,2,566.26,19,566.28,18,566.2
au2410,,13:41:31.500#,562.2,567.22,559.7,630.7,516.04,214459,171757.0,566.12,27,566.14,5,566.16,10,566.18,8,566.2,1,566.24,5,566.26,17,566.28,20,566.3,6,566.32,7,566.22
au2410,,13:41:32.0#,562.2,567.22,559.7,630.7,516.04,214460,171757.0,566.1,16,566.12,16,566.14,16,566.16,13,566.18,8,566.2,2,566.22,8,566.24,7,566.26,5,566.28,21,566.2
au2410,,13:41:32.500#,562.2,567.22,559.7,630.7,516.04,214460,171757.0,566.1,12,566.12,27,566.14,1,566.16,14,566.18,8,566.2,2,566.24,3,566.26,20,566.28,17,566.3,11,566.2
au2410,,13:41:33.0#,562.2,567.22,559.7,630.7,516.04,214461,171756.0,566.1,14,566.12,27,566.14,5,566.16,10,566.18,7,566.2,2,566.24,6,566.26,18,566.28,23,566.3,8,566.18
au2410,,13:41:33.500#,562.2,567.22,559.7,630.7,516.04,214463,171755.0,566.1,14,566.12,27,566.14,5,566.16,10,566.18,6,566.2,1,566.24,6,566.26,18,566.28,23,566.3,11,566.2
au2410,,13:41:34.0#,562.2,567.22,559.7,630.7,516.04,214465,171754.0,566.1,14,566.12,27,566.14,5,566.16,10,566.18,5,566.22,1,566.24,6,566.26,18,566.28,23,566.3,11,566.18
au2410,,13:41:34.500#,562.2,567.22,559.7,630.7,516.04,214466,171754.0,566.1,11,566.12,26,566.14,9,566.16,10,566.18,4,566.2,2,566.22,4,566.24,6,566.26,5,566.28,33,566.18
au2410,,13:41:35.0#,562.2,567.22,559.7,630.7,516.04,214470,171756.0,566.1,14,566.12,24,566.14,5,566.16,10,566.18,2,566.2,4,566.22,4,566.24,3,566.26,19,566.28,18,566.18
au2410,,13:41:35.500#,562.2,567.22,559.7,630.7,516.04,214478,171758.0,566.06,16,566.08,17,566.1,22,566.12,19,566.14,5,566.16,1,566.18,14,566.2,5,566.22,4,566.24,6,566.16
au2410,,13:41:36.0#,562.2,567.22,559.7,630.7,516.04,214485,171762.0,566.02,20,566.06,7,566.08,30,566.1,14,566.12,3,566.16,5,566.18,12,566.2,5,566.22,15,566.24,12,566.14
au2410,,13:41:36.500#,562.2,567.22,559.7,630.7,516.04,214485,171762.0,566.04,3,566.06,29,566.08,18,566.1,13,566.12,4,566.14,14,566.16,5,566.18,9,566.2,18,566.22,17,566.14
au2410,,13:41:37.0#,562.2,567.22,559.7,630.7,516.04,214489,171762.0,566.02,18,566.04,12,566.06,20,566.08,19,566.1,9,566.12,3,566.14,12,566.16,4,566.18,12,566.2,26,566.12
au2410,,13:41:37.500#,562.2,567.22,559.7,630.7,516.04,214494,171763.0,566.04,22,566.06,7,566.08,19,566.1,8,566.12,7,566.14,10,566.16,4,566.18,23,566.2,14,566.22,20,566.12
au2410,,13:41:38.0#,562.2,567.22,559.7,630.7,516.04,214505,171763.0,566.04,14,566.06,21,566.08,15,566.1,8,566.12,4,566.16,7,566.18,6,566.2,32,566.22,6,566.24,12,566.14
au2410,,13:41:38.500#,562.2,567.22,559.7,630.7,516.04,214511,171758.0,566.06,19,566.08,22,566.1,8,566.12,5,566.14,3,566.16,1,566.18,6,566.2,18,566.22,20,566.24,3,566.16
au2410,,13:41:39.0#,562.2,567.22,559.7,630.7,516.04,214512,171757.0,566.08,37,566.1,8,566.12,5,566.14,5,566.16,8,566.18,6,566.2,8,566.22,25,566.24,13,566.26,10,566.16
au2410,,13:41:39.500#,562.2,567.22,559.7,630.7,516.04,214512,171757.0,566.08,25,566.1,26,566.12,5,566.14,4,566.16,9,566.18,4,566.2,7,566.22,3,566.24,27,566.26,7,566.16
au2410,,13:41:40.0#,562.2,567.22,559.7,630.7,516.04,214522,171751.0,566.1,29,566.12,9,566.14,4,566.16,10,566.18,3,566.2,3,566.22,6,566.24,22,566.26,13,566.28,15,566.2
au2410,,13:41:40.500#,562.2,567.22,559.7,630.7,516.04,214524,171753.0,566.1,18,566.12,23,566.14,1,566.16,8,566.18,1,566.2,3,566.22,6,566.24,3,566.26,24,566.28,9,566.18
au2410,,13:41:41.0#,562.2,567.22,559.7,630.7,516.04,214526,171755.0,566.08,20,566.1,27,566.12,15,566.14,5,566.16,9,566.2,3,566.22,3,566.24,6,566.26,25,566.28,8,566.18
au2410,,13:41:41.500#,562.2,567.22,559.7,630.7,516.04,214528,171756.0,566.1,31,566.12,6,566.14,5,566.16,10,566.18,1,566.2,1,566.22,3,566.24,6,566.26,25,566.28,8,566.2
au2410,,13:41:42.0#,562.2,567.22,559.7,630.7,516.04,214531,171753.0,566.08,25,566.1,19,566.12,20,566.14,1,566.16,10,566.22,3,566.24,6,566.26,20,566.28,13,566.3,11,566.18
au2410,,13:41:42.500#,562.2,567.22,559.7,630.7,516.04,214531,171753.0,566.08,21,566.1,16,566.12,23,566.14,5,566.16,12,566.18,1,566.22,3,566.24,6,566.26,11,566.28,22,566.18
au2410,,13:41:43.0#,562.2,567.22,559.7,630.7,516.04,214532,171753.0,566.1,27,566.12,12,566.14,1,566.16,12,566.18,13,566.22,3,566.24,13,566.26,13,566.28,14,566.3,10,566.18
au2410,,13:41:43.500#,562.2,567.22,559.7,630.7,516.04,214532,171753.0,566.1,15,566.12,27,566.14,5,566.16,12,566.18,12,566.22,4,566.24,6,566.26,1,566.28,34,566.3,3,566.18
au2410,,13:41:44.0#,562.2,567.22,559.7,630.7,516.04,214534,171753.0,566.12,28,566.14,6,566.16,12,566.18,11,566.2,10,566.22,1,566.24,3,566.26,4,566.28,28,566.3,5,566.22
au2410,,13:41:44.500#,562.2,567.22,559.7,630.7,516.04,214535,171753.0,566.14,20,566.16,9,566.18,11,566.2,5,566.22,8,566.24,2,566.26,4,566.28,17,566.3,16,566.32,12,566.22
au2410,,13:41:45.0#,562.2,567.22,559.7,630.7,516.04,214536,171753.0,566.14,10,566.16,28,566.18,8,566.2,5,566.22,7,566.26,4,566.28,7,566.3,21,566.32,14,566.34,14,566.22
au2410,,13:41:45.500#,562.2,567.22,559.7,630.7,516.04,214539,171755.0,566.14,1,566.16,30,566.18,15,566.2,5,566.22,6,566.26,3,566.28,4,566.3,5,566.32,25,566.34,5,566.22
au2410,,13:41:46.0#,562.2,567.22,559.7,630.7,516.04,214539,171755.0,566.16,33,566.18,14,566.2,5,566.22,6,566.24,4,566.28,7,566.32,32,566.34,5,566.36,20,566.38,9,566.22
au2410,,13:41:46.500#,562.2,567.22,559.7,630.7,516.04,214539,171755.0,566.14,7,566.16,18,566.18,19,566.2,8,566.22,6,566.24,1,566.26,2,566.28,4,566.3,3,566.32,7,566.22
au2410,,13:41:47.0#,562.2,567.22,559.7,630.7,516.04,214540,171755.0,566.18,14,566.2,5,566.22,6,566.24,1,566.26,1,566.28,4,566.3,14,566.32,7,566.34,20,566.36,19,566.24
au2410,,13:41:47.500#,562.2,567.22,559.7,630.7,516.04,214544,171756.0,566.14,13,566.16,9,566.18,21,566.2,13,566.22,5,566.26,10,566.28,8,566.32,6,566.34,23,566.36,15,566.26
au2410,,13:41:48.0#,562.2,567.22,559.7,630.7,516.04,214545,171756.0,566.14,4,566.16,31,566.18,10,566.2,9,566.22,5,566.24,1,566.26,5,566.28,5,566.3,13,566.32,8,566.26
au2410,,13:41:48.500#,562.2,567.22,559.7,630.7,516.04,214551,171754.0,566.14,7,566.16,27,566.18,11,566.2,5,566.22,3,566.26,5,566.28,5,566.3,14,566.32,9,566.34,14,566.22
au2410,,13:41:49.0#,562.2,567.22,559.7,630.7,516.04,214552,171755.0,566.14,7,566.16,27,566.18,13,566.2,5,566.22,2,566.26,5,566.28,8,566.3,7,566.32,17,566.34,8,566.22
au2410,,13:41:49.500#,562.2,567.22,559.7,630.7,516.04,214554,171755.0,566.12,10,566.14,7,566.16,27,566.18,13,566.2,5,566.22,3,566.26,5,566.28,8,566.3,7,566.32,20,566.22
au2410,,13:41:50.0#,562.2,567.22,559.7,630.7,516.04,214558,171752.0,566.14,22,566.16,9,566.18,10,566.2,5,566.22,1,566.26,5,566.28,15,566.3,10,566.32,13,566.34,11,566.22
au2410,,13:41:50.500#,562.2,567.22,559.7,630.7,516.04,214559,171752.0,566.12,11,566.14,11,566.16,24,566.18,9,566.2,5,566.22,2,566.24,6,566.26,8,566.28,5,566.3,15,566.22
au2410,,13:41:51.0#,562.2,567.22,559.7,630.7,516.04,214560,171752.0,566.12,8,566.14,23,566.16,9,566.18,10,566.2,3,566.22,1,566.24,2,566.26,5,566.28,20,566.3,9,566.22
au2410,,13:41:51.500#,562.2,567.22,559.7,630.7,516.04,214561,171752.0,566.12,15,566.14,25,566.16,10,566.18,6,566.2,2,566.22,1,566.24,2,566.26,8,566.28,20,566.3,15,566.2
au2410,,13:41:52.0#,562.2,567.22,559.7,630.7,516.04,214562,171752.0,566.12,12,566.14,25,566.16,11,566.18,6,566.2,2,566.24,2,566.26,8,566.28,20,566.3,15,566.32,11,566.22
au2410,,13:41:52.500#,562.2,567.22,559.7,630.7,516.04,214562,171752.0,566.12,12,566.14,21,566.16,15,566.18,6,566.2,2,566.24,3,566.26,7,566.28,8,566.3,24,566.32,3,566.22
au2410,,13:41:53.0#,562.2,567.22,559.7,630.7,516.04,214562,171752.0,566.12,12,566.14,25,566.16,11,566.18,6,566.2,2,566.24,3,566.26,7,566.28,16,566.3,17,566.32,3,566.22
au2410,,13:41:53.500#,562.2,567.22,559.7,630.7,516.04,214562,171752.0,566.12,12,566.14,22,566.16,11,566.18,6,566.2,2,566.24,3,566.26,4,566.28,17,566.3,17,566.32,8,566.22
au2410,,13:41:54.0#,562.2,567.22,559.7,630.7,516.04,214562,171752.0,566.12,12,566.14,25,566.16,11,566.18,5,566.2,2,566.24,3,566.26,4,566.28,17,566.3,20,566.32,8,566.22
au2410,,13:41:54.500#,562.2,567.22,559.7,630.7,516.04,214562,171752.0,566.12,12,566.14,25,566.16,11,566.18,5,566.2,4,566.24,3,566.26,4,566.28,20,566.3,17,566.32,8,566.22
au2410,,13:41:55.0#,562.2,567.22,559.7,630.7,516.04,214562,171752.0,566.12,12,566.14,18,566.16,18,566.18,5,566.2,4,566.24,3,566.26,4,566.28,13,566.3,24,566.32,5,566.22
au2410,,13:41:55.500#,562.2,567.22,559.7,630.7,516.04,214562,171752.0,566.12,12,566.14,21,566.16,15,566.18,5,566.2,4,566.24,4,566.26,4,566.28,13,566.3,24,566.32,5,566.22
au2410,,13:41:56.0#,562.2,567.22,559.7,630.7,516.04,214562,171752.0,566.12,12,566.14,18,566.16,15,566.18,5,566.2,4,566.22,1,566.24,3,566.26,4,566.28,13,566.3,21,566.22
au2410,,13:41:56.500#,562.2,567.22,559.7,630.7,516.04,214563,171752.0,566.12,12,566.14,25,566.16,11,566.18,6,566.2,3,566.22,1,566.24,3,566.26,4,566.28,25,566.3,12,566.2
au2410,,13:41:57.0#,562.2,567.22,559.7,630.7,516.04,214563,171752.0,566.12,11,566.14,26,566.16,11,566.18,6,566.2,2,566.22,1,566.24,3,566.26,7,566.28,23,566.3,14,566.2
au2410,,13:41:57.500#,562.2,567.22,559.7,630.7,516.04,214563,171752.0,566.12,14,566.14,23,566.16,11,566.18,6,566.2,2,566.22,1,566.24,3,566.26,6,566.28,26,566.3,11,566.2
au2410,,13:41:58.0#,562.2,567.22,559.7,630.7,516.04,214563,171752.0,566.12,14,566.14,23,566.16,11,566.18,6,566.2,2,566.22,1,566.24,3,566.26,6,566.28,26,566.3,11,566.2
au2410,,13:41:58.500#,562.2,567.22,559.7,630.7,516.04,214564,171752.0,566.14,20,566.16,11,566.18,6,566.2,2,566.22,1,566.24,3,566.26,6,566.28,23,566.3,11,566.32,6,566.22
au2410,,13:41:59.0#,562.2,567.22,559.7,630.7,516.04,214566,171753.0,566.12,10,566.14,20,566.16,23,566.18,6,566.2,4,566.24,3,566.26,6,566.28,10,566.3,30,566.34,13,566.22
au2410,,13:41:59.500#,562.2,567.22,559.7,630.7,516.04,214566,171753.0,566.14,23,566.16,14,566.18,10,566.2,4,566.22,2,566.24,1,566.26,3,566.28,16,566.3,24,566.32,5,566.22
au2410,,13:42:00.0#,562.2,567.22,559.7,630.7,516.04,214567,171753.0,566.14,15,566.16,25,566.18,6,566.2,4,566.22,4,566.26,3,566.28,13,566.3,19,566.32,13,566.34,10,566.24
au2410,,13:42:00.500#,562.2,567.22,559.7,630.7,516.04,214567,171753.0,566.14,8,566.16,24,566.18,17,566.2,4,566.22,4,566.24,1,566.26,3,566.28,10,566.3,9,566.32,24,566.24
au2410,,13:42:01.0#,562.2,567.22,559.7,630.7,516.04,214568,171753.0,566.14,8,566.16,26,566.18,13,566.2,4,566.22,3,566.26,3,566.28,7,566.3,14,566.32,15,566.34,11,566.24
au2410,,13:42:01.500#,562.2,567.22,559.7,630.7,516.04,214569,171752.0,566.14,8,566.16,28,566.18,14,566.2,4,566.22,2,566.26,3,566.28,10,566.3,6,566.32,25,566.34,5,566.22
au2410,,13:42:02.0#,562.2,567.22,559.7,630.7,516.04,214569,171752.0,566.14,8,566.16,29,566.18,13,566.2,4,566.22,2,566.26,3,566.28,7,566.3,10,566.32,23,566.34,6,566.22
au2410,,13:42:02.500#,562.2,567.22,559.7,630.7,516.04,214569,171752.0,566.14,8,566.16,32,566.18,10,566.2,4,566.22,2,566.26,3,566.28,7,566.3,10,566.32,23,566.34,6,566.22
au2410,,13:42:03.0#,562.2,567.22,559.7,630.7,516.04,214569,171752.0,566.14,11,566.16,29,566.18,13,566.2,4,566.22,2,566.26,3,566.28,7,566.3,10,566.32,23,566.34,6,566.22
au2410,,13:42:03.500#,562.2,567.22,559.7,630.7,516.04,214569,171752.0,566.14,11,566.16,29,566.18,10,566.2,4,566.22,2,566.26,3,566.28,7,566.3,10,566.32,20,566.34,6,566.22
au2410,,13:42:04.0#,562.2,567.22,559.7,630.7,516.04,214569,171752.0,566.14,11,566.16,30,566.18,10,566.2,4,566.22,2,566.26,3,566.28,7,566.3,10,566.32,23,566.34,6,566.22
au2410,,13:42:04.500#,562.2,567.22,559.7,630.7,516.04,214569,171752.0,566.14,11,566.16,30,566.18,10,566.2,4,566.22,2,566.26,3,566.28,7,566.3,10,566.32,23,566.34,6,566.22
au2410,,13:42:05.0#,562.2,567.22,559.7,630.7,516.04,214569,171752.0,566.14,11,566.16,27,566.18,9,566.2,4,566.22,3,566.26,3,566.28,7,566.3,10,566.32,20,566.34,6,566.22
au2410,,13:42:05.500#,562.2,567.22,559.7,630.7,516.04,214571,171752.0,566.14,11,566.16,23,566.18,16,566.2,4,566.22,1,566.26,3,566.28,7,566.3,6,566.32,27,566.34,6,566.22
au2410,,13:42:06.0#,562.2,567.22,559.7,630.7,516.04,214571,171752.0,566.14,11,566.16,21,566.18,15,566.2,4,566.22,1,566.24,2,566.26,3,566.28,7,566.3,10,566.32,20,566.22
au2410,,13:42:06.500#,562.2,567.22,559.7,630.7,516.04,214572,171751.0,566.12,9,566.14,19,566.16,19,566.18,12,566.2,4,566.24,3,566.26,3,566.28,7,566.3,25,566.32,7,566.22
au2410,,13:42:07.0#,562.2,567.22,559.7,630.7,516.04,214572,171751.0,566.12,7,566.14,25,566.16,10,566.18,9,566.2,4,566.24,3,566.26,3,566.28,16,566.3,24,566.32,5,566.22
au2410,,13:42:07.500#,562.2,567.22,559.7,630.7,516.04,214572,171751.0,566.12,10,566.14,25,566.16,11,566.18,5,566.2,4,566.24,3,566.26,3,566.28,16,566.3,24,566.32,5,566.22
au2410,,13:42:08.0#,562.2,567.22,559.7,630.7,516.04,214572,171751.0,566.12,10,566.14,25,566.16,11,566.18,5,566.2,4,566.22,4,566.24,5,566.26,3,566.28,15,566.3,25,566.22
au2410,,13:42:08.500#,562.2,567.22,559.7,630.7,516.04,214574,171749.0,566.12,13,566.14,26,566.16,7,566.18,3,566.2,4,566.22,2,566.24,5,566.26,3,566.28,26,566.3,10,566.22
au2410,,13:42:09.0#,562.2,567.22,559.7,630.7,516.04,214574,171749.0,566.12,13,566.14,29,566.16,7,566.18,3,566.2,2,566.22,2,566.24,7,566.26,6,566.28,28,566.3,13,566.22
au2410,,13:42:09.500#,562.2,567.22,559.7,630.7,516.04,214576,171749.0,566.1,20,566.12,16,566.14,26,566.16,7,566.18,3,566.22,2,566.24,7,566.26,6,566.28,31,566.3,10,566.2
au2410,,13:42:10.0#,562.2,567.22,559.7,630.7,516.04,214576,171749.0,566.1,18,566.12,24,566.14,12,566.16,7,566.18,3,566.22,2,566.24,7,566.26,9,566.28,33,566.3,5,566.2
au2410,,13:42:10.500#,562.2,567.22,559.7,630.7,516.04,214576,171749.0,566.1,18,566.12,27,566.14,13,566.16,3,566.18,3,566.22,3,566.24,8,566.26,9,566.28,33,566.3,5,566.2
au2410,,13:42:11.500#,562.2,567.22,559.7,630.7,516.04,214578,171751.0,566.1,14,566.12,20,566.14,26,566.16,3,566.18,3,566.22,2,566.24,6,566.26,6,566.28,31,566.3,10,566.2
au2410,,13:42:12.0#,562.2,567.22,559.7,630.7,516.04,214578,171751.0,566.1,12,566.12,26,566.14,9,566.16,8,566.18,3,566.22,2,566.24,6,566.26,9,566.28,30,566.3,5,566.2
au2410,,13:42:12.500#,562.2,567.22,559.7,630.7,516.04,214578,171751.0,566.12,27,566.14,10,566.16,4,566.18,3,566.2,2,566.22,2,566.24,6,566.26,9,566.28,30,566.3,5,566.2
au2410,,13:42:13.0#,562.2,567.22,559.7,630.7,516.04,214579,171752.0,566.12,21,566.14,16,566.16,7,566.18,3,566.2,3,566.22,2,566.24,6,566.26,6,566.28,28,566.3,10,566.2
au2410,,13:42:13.500#,562.2,567.22,559.7,630.7,516.04,214581,171753.0,566.14,16,566.16,11,566.18,3,566.2,2,566.22,2,566.24,6,566.26,6,566.28,25,566.3,10,566.32,9,566.22
au2410,,13:42:14.0#,562.2,567.22,559.7,630.7,516.04,214583,171752.0,566.14,15,566.16,19,566.18,3,566.2,2,566.22,2,566.24,5,566.26,6,566.28,12,566.3,23,566.34,16,566.24
au2410,,13:42:14.500#,562.2,567.22,559.7,630.7,516.04,214586,171750.0,566.14,20,566.16,18,566.18,7,566.2,2,566.22,4,566.24,2,566.26,6,566.28,6,566.3,32,566.34,13,566.24
au2410,,13:42:15.0#,562.2,567.22,559.7,630.7,516.04,214588,171751.0,566.16,29,566.18,7,566.2,2,566.22,4,566.24,2,566.26,3,566.28,9,566.3,23,566.32,11,566.34,10,566.24
au2410,,13:42:15.500#,562.2,567.22,559.7,630.7,516.04,214589,171751.0,566.16,25,566.18,15,566.2,2,566.22,5,566.24,1,566.26,4,566.28,9,566.3,4,566.32,27,566.34,2,566.24
au2410,,13:42:16.0#,562.2,567.22,559.7,630.7,516.04,214589,171751.0,566.14,10,566.16,20,566.18,15,566.2,6,566.22,5,566.26,4,566.28,6,566.3,7,566.32,24,566.34,6,566.24
au2410,,13:42:16.500#,562.2,567.22,559.7,630.7,516.04,214589,171751.0,566.14,8,566.16,25,566.18,7,566.2,6,566.22,4,566.24,1,566.26,4,566.28,6,566.3,10,566.32,21,566.24
au2410,,13:42:17.0#,562.2,567.22,559.7,630.7,516.04,214589,171751.0,566.14,8,566.16,27,566.18,7,566.2,2,566.22,2,566.24,2,566.26,4,566.28,6,566.3,12,566.32,18,566.24
au2410,,13:42:17.500#,562.2,567.22,559.7,630.7,516.04,214589,171751.0,566.14,11,566.16,27,566.18,7,566.2,2,566.22,2,566.24,1,566.26,4,566.28,9,566.3,13,566.32,23,566.24
au2410,,13:42:18.0#,562.2,567.22,559.7,630.7,516.04,214589,171751.0,566.14,8,566.16,30,566.18,7,566.2,2,566.22,2,566.24,1,566.26,4,566.28,9,566.3,13,566.32,20,566.24
au2410,,13:42:18.500#,562.2,567.22,559.7,630.7,516.04,214590,171751.0,566.14,8,566.16,33,566.18,7,566.2,2,566.22,2,566.24,2,566.26,4,566.28,8,566.3,16,566.32,20,566.24
au2410,,13:42:19.0#,562.2,567.22,559.7,630.7,516.04,214590,171751.0,566.14,11,566.16,30,566.18,8,566.2,2,566.22,2,566.24,3,566.26,4,566.28,8,566.3,22,566.32,14,566.24
au2410,,13:42:19.500#,562.2,567.22,559.7,630.7,516.04,214592,171750.0,566.14,16,566.16,25,566.18,8,566.2,2,566.22,2,566.24,1,566.26,4,566.28,8,566.3,28,566.32,8,566.24
au2410,,13:42:20.0#,562.2,567.22,559.7,630.7,516.04,214593,171749.0,566.14,11,566.16,30,566.18,8,566.2,2,566.22,4,566.26,4,566.28,8,566.3,23,566.32,13,566.34,13,566.24
au2410,,13:42:20.500#,562.2,567.22,559.7,630.7,516.04,214593,171749.0,566.14,8,566.16,23,566.18,15,566.2,2,566.22,4,566.26,4,566.28,7,566.3,7,566.32,26,566.34,2,566.24
au2410,,13:42:21.0#,562.2,567.22,559.7,630.7,516.04,214593,171749.0,566.14,8,566.16,26,566.18,15,566.2,2,566.22,4,566.26,4,566.28,4,566.3,4,566.32,30,566.34,2,566.24
au2410,,13:42:22.0#,562.2,567.22,559.7,630.7,516.04,214604,171748.0,566.2,10,566.22,5,566.24,7,566.26,4,566.28,5,566.3,4,566.32,6,566.34,25,566.36,10,566.38,15,566.28
au2410,,13:42:23.0#,562.2,567.22,559.7,630.7,516.04,214613,171743.0,566.24,24,566.26,1,566.28,5,566.3,6,566.32,6,566.34,5,566.36,11,566.38,22,566.4,7,566.42,10,566.32
au2410,,13:42:23.500#,562.2,567.22,559.7,630.7,516.04,214623,171745.0,566.24,21,566.26,17,566.28,5,566.3,6,566.32,3,566.36,8,566.38,3,566.4,24,566.42,9,566.44,10,566.32
au2410,,13:42:24.0#,562.2,567.22,559.7,630.7,516.04,214626,171745.0,566.22,7,566.24,21,566.26,25,566.28,6,566.3,6,566.34,2,566.36,8,566.4,15,566.42,16,566.44,2,566.32
au2410,,13:42:24.500#,562.2,567.22,559.7,630.7,516.04,214627,171744.0,566.22,7,566.24,31,566.26,15,566.28,6,566.3,5,566.34,2,566.36,8,566.4,20,566.42,10,566.44,12,566.3
au2410,,13:42:25.0#,562.2,567.22,559.7,630.7,516.04,214627,171744.0,566.22,11,566.24,27,566.26,12,566.28,6,566.3,5,566.32,7,566.34,2,566.36,8,566.4,26,566.42,4,566.3
au2410,,13:42:25.500#,562.2,567.22,559.7,630.7,516.04,214631,171743.0,566.22,17,566.24,26,566.26,2,566.28,6,566.3,1,566.32,4,566.34,2,566.36,8,566.38,15,566.4,14,566.3
au2410,,13:42:26.0#,562.2,567.22,559.7,630.7,516.04,214634,171741.0,566.2,8,566.22,17,566.24,26,566.26,2,566.28,4,566.32,3,566.34,3,566.36,11,566.38,19,566.4,10,566.32
au2410,,13:42:26.500#,562.2,567.22,559.7,630.7,516.04,214634,171741.0,566.2,3,566.22,26,566.24,14,566.26,2,566.28,5,566.32,3,566.34,3,566.36,11,566.38,27,566.4,3,566.32
au2410,,13:42:27.0#,562.2,567.22,559.7,630.7,516.04,214634,171741.0,566.2,9,566.22,21,566.24,11,566.26,2,566.28,5,566.32,4,566.34,3,566.36,11,566.38,27,566.4,3,566.32
au2410,,13:42:27.500#,562.2,567.22,559.7,630.7,516.04,214634,171741.0,566.2,9,566.22,21,566.24,11,566.26,2,566.28,5,566.3,2,566.32,4,566.34,3,566.36,11,566.38,27,566.32
au2410,,13:42:28.500#,562.2,567.22,559.7,630.7,516.04,214642,171743.0,566.2,11,566.22,19,566.24,18,566.28,3,566.3,1,566.32,3,566.34,2,566.36,14,566.38,24,566.4,13,566.3
au2410,,13:42:30.0#,562.2,567.22,559.7,630.7,516.04,214647,171746.0,566.24,27,566.26,4,566.28,2,566.3,17,566.32,4,566.34,1,566.36,11,566.38,22,566.4,15,566.42,9,566.3
au2410,,13:42:30.500#,562.2,567.22,559.7,630.7,516.04,214649,171748.0,566.26,17,566.28,6,566.3,17,566.32,4,566.34,3,566.36,11,566.4,26,566.42,9,566.44,8,566.46,12,566.34
au2410,,13:42:31.0#,562.2,567.22,559.7,630.7,516.04,214654,171750.0,566.26,12,566.28,14,566.3,17,566.32,5,566.34,2,566.36,4,566.4,8,566.42,22,566.44,9,566.46,17,566.36
au2410,,13:42:31.500#,562.2,567.22,559.7,630.7,516.04,214660,171750.0,566.26,11,566.28,18,566.3,17,566.32,5,566.36,1,566.38,1,566.4,5,566.42,19,566.44,15,566.46,11,566.34
au2410,,13:42:32.0#,562.2,567.22,559.7,630.7,516.04,214662,171751.0,566.26,3,566.28,14,566.3,25,566.32,10,566.34,3,566.36,1,566.38,2,566.4,5,566.42,1,566.44,22,566.34
au2410,,13:42:32.500#,562.2,567.22,559.7,630.7,516.04,214663,171751.0,566.26,6,566.28,20,566.3,19,566.32,10,566.34,3,566.38,2,566.4,2,566.42,18,566.44,12,566.46,17,566.36
au2410,,13:42:33.0#,562.2,567.22,559.7,630.7,516.04,214665,171751.0,566.26,6,566.28,22,566.3,20,566.32,10,566.34,2,566.38,5,566.4,3,566.42,10,566.44,20,566.46,9,566.34
au2410,,13:42:33.500#,562.2,567.22,559.7,630.7,516.04,214665,171751.0,566.28,23,566.3,19,566.32,10,566.34,4,566.36,1,566.38,6,566.4,2,566.42,11,566.44,22,566.46,6,566.34
au2410,,13:42:34.0#,562.2,567.22,559.7,630.7,516.04,214668,171750.0,566.28,16,566.3,23,566.32,10,566.34,4,566.36,1,566.38,5,566.4,2,566.42,7,566.44,23,566.46,6,566.36
au2410,,13:42:34.500#,562.2,567.22,559.7,630.7,516.04,214674,171752.0,566.28,10,566.3,26,566.32,9,566.34,4,566.36,2,566.38,5,566.4,2,566.42,7,566.44,20,566.46,9,566.38
au2410,,13:42:35.0#,562.2,567.22,559.7,630.7,516.04,214681,171748.0,566.3,29,566.32,5,566.34,8,566.36,5,566.38,4,566.4,2,566.42,4,566.44,26,566.46,9,566.48,18,566.38
au2410,,13:42:35.500#,562.2,567.22,559.7,630.7,516.04,214683,171749.0,566.32,16,566.34,8,566.36,4,566.38,3,566.4,1,566.42,4,566.44,4,566.46,20,566.48,9,566.5,10,566.4
au2410,,13:42:36.0#,562.2,567.22,559.7,630.7,516.04,214686,171747.0,566.3,21,566.32,17,566.34,19,566.36,4,566.38,3,566.4,1,566.42,2,566.44,4,566.46,4,566.48,32,566.4
au2410,,13:42:36.500#,562.2,567.22,559.7,630.7,516.04,214688,171745.0,566.28,1,566.3,22,566.32,25,566.34,7,566.36,8,566.38,1,566.4,1,566.42,2,566.44,1,566.46,15,566.38
au2410,,13:42:37.0#,562.2,567.22,559.7,630.7,516.04,214690,171745.0,566.28,7,566.3,34,566.32,10,566.34,4,566.36,8,566.4,5,566.42,2,566.44,18,566.46,12,566.48,18,566.38
au2410,,13:42:37.500#,562.2,567.22,559.7,630.7,516.04,214693,171744.0,566.28,11,566.3,36,566.32,5,566.34,8,566.36,1,566.38,1,566.4,7,566.42,5,566.44,4,566.46,23,566.36
au2410,,13:42:38.0#,562.2,567.22,559.7,630.7,516.04,214696,171743.0,566.28,8,566.3,37,566.32,4,566.34,8,566.38,1,566.4,7,566.42,2,566.44,12,566.46,17,566.48,17,566.36
au2410,,13:42:38.500#,562.2,567.22,559.7,630.7,516.04,214700,171742.0,566.28,11,566.3,33,566.32,11,566.34,9,566.36,1,566.38,2,566.4,8,566.42,5,566.44,4,566.46,30,566.38
au2410,,13:42:39.0#,562.2,567.22,559.7,630.7,516.04,214702,171741.0,566.28,13,566.3,29,566.32,4,566.34,9,566.36,2,566.4,8,566.42,2,566.44,17,566.46,12,566.48,15,566.36
au2410,,13:42:39.500#,562.2,567.22,559.7,630.7,516.04,214704,171742.0,566.28,8,566.3,34,566.32,7,566.34,9,566.36,2,566.4,7,566.42,2,566.44,11,566.46,18,566.48,12,566.36
au2410,,13:42:40.0#,562.2,567.22,559.7,630.7,516.04,214705,171741.0,566.28,8,566.3,40,566.32,4,566.34,9,566.36,4,566.38,1,566.4,7,566.42,2,566.44,11,566.46,24,566.38
au2410,,13:42:40.500#,562.2,567.22,559.7,630.7,516.04,214706,171741.0,566.28,8,566.3,40,566.32,4,566.34,9,566.36,6,566.4,7,566.42,4,566.44,15,566.46,16,566.48,15,566.38
au2410,,13:42:41.0#,562.2,567.22,559.7,630.7,516.04,214707,171742.0,566.28,8,566.3,37,566.32,7,566.34,9,566.36,6,566.4,8,566.42,7,566.44,11,566.46,22,566.48,4,566.38
au2410,,13:42:41.500#,562.2,567.22,559.7,630.7,516.04,214708,171742.0,566.28,8,566.3,37,566.32,4,566.34,9,566.36,5,566.38,3,566.4,8,566.42,4,566.44,14,566.46,18,566.36
au2410,,13:42:42.0#,562.2,567.22,559.7,630.7,516.04,214715,171746.0,566.26,5,566.28,8,566.3,40,566.32,4,566.34,8,566.38,5,566.4,9,566.42,4,566.44,17,566.46,16,566.34
au2410,,13:42:42.500#,562.2,567.22,559.7,630.7,516.04,214723,171745.0,566.24,16,566.26,3,566.28,17,566.3,20,566.32,4,566.36,1,566.38,6,566.4,10,566.42,13,566.44,18,566.34
au2410,,13:42:43.0#,562.2,567.22,559.7,630.7,516.04,214728,171745.0,566.24,7,566.26,17,566.28,8,566.3,20,566.32,2,566.36,4,566.38,7,566.4,12,566.42,20,566.44,13,566.36
au2410,,13:42:43.500#,562.2,567.22,559.7,630.7,516.04,214729,171746.0,566.24,9,566.26,21,566.28,8,566.3,13,566.32,3,566.34,3,566.36,4,566.38,7,566.4,19,566.42,24,566.32
au2410,,13:42:44.0#,562.2,567.22,559.7,630.7,516.04,214732,171747.0,566.22,8,566.24,7,566.26,28,566.28,1,566.3,10,566.32,7,566.36,6,566.38,6,566.4,28,566.42,15,566.32
au2410,,13:42:44.500#,562.2,567.22,559.7,630.7,516.04,214749,171753.0,566.18,15,566.2,6,566.22,8,566.24,25,566.26,7,566.3,2,566.32,8,566.36,6,566.38,17,566.4,26,566.3
au2410,,13:42:45.0#,562.2,567.22,559.7,630.7,516.04,214752,171755.0,566.18,12,566.2,18,566.22,7,566.24,7,566.26,4,566.28,3,566.3,3,566.32,6,566.34,4,566.36,17,566.28
au2410,,13:42:45.500#,562.2,567.22,559.7,630.7,516.04,214754,171755.0,566.18,11,566.2,28,566.22,5,566.24,4,566.26,1,566.28,1,566.3,1,566.32,6,566.34,15,566.36,18,566.28
au2410,,13:42:46.0#,562.2,567.22,559.7,630.7,516.04,214754,171755.0,566.18,11,566.2,28,566.22,5,566.24,4,566.26,1,566.28,1,566.3,1,566.32,9,566.34,18,566.36,18,566.28
au2410,,13:42:46.500#,562.2,567.22,559.7,630.7,516.04,214755,171755.0,566.18,11,566.2,28,566.22,5,566.24,4,566.26,1,566.3,2,566.32,9,566.34,18,566.36,18,566.38,21,566.28
au2410,,13:42:47.0#,562.2,567.22,559.7,630.7,516.04,214755,171755.0,566.18,11,566.2,25,566.22,8,566.24,4,566.26,1,566.3,2,566.32,9,566.34,10,566.36,23,566.38,10,566.28
au2410,,13:42:47.500#,562.2,567.22,559.7,630.7,516.04,214755,171755.0,566.18,11,566.2,25,566.22,5,566.24,4,566.26,1,566.3,2,566.32,6,566.34,10,566.36,22,566.38,11,566.28
au2410,,13:42:48.0#,562.2,567.22,559.7,630.7,516.04,214757,171755.0,566.16,16,566.18,11,566.2,28,566.22,5,566.24,4,566.3,1,566.32,6,566.34,10,566.36,26,566.38,11,566.3
au2410,,13:42:48.500#,562.2,567.22,559.7,630.7,516.04,214757,171755.0,566.18,12,566.2,25,566.22,5,566.24,4,566.26,1,566.3,2,566.32,6,566.34,10,566.36,26,566.38,11,566.3
au2410,,13:42:49.0#,562.2,567.22,559.7,630.7,516.04,214758,171756.0,566.16,16,566.18,10,566.2,26,566.22,1,566.24,4,566.3,2,566.32,6,566.34,10,566.36,26,566.38,11,566.26
au2410,,13:42:49.500#,562.2,567.22,559.7,630.7,516.04,214758,171756.0,566.16,11,566.18,17,566.2,19,566.22,5,566.24,4,566.28,1,566.3,4,566.32,6,566.34,13,566.36,23,566.26
au2410,,13:42:50.0#,562.2,567.22,559.7,630.7,516.04,214758,171756.0,566.16,15,566.18,21,566.2,15,566.22,1,566.24,4,566.28,2,566.3,4,566.32,6,566.34,20,566.36,13,566.26
au2410,,13:42:50.500#,562.2,567.22,559.7,630.7,516.04,214758,171756.0,566.16,15,566.18,27,566.2,12,566.22,1,566.24,4,566.28,2,566.3,4,566.32,9,566.34,26,566.36,10,566.26
au2410,,13:42:51.0#,562.2,567.22,559.7,630.7,516.04,214758,171756.0,566.16,15,566.18,30,566.2,9,566.22,1,566.24,4,566.26,3,566.28,2,566.3,4,566.32,9,566.34,27,566.26
au2410,,13:42:51.500#,562.2,567.22,559.7,630.7,516.04,214761,171753.0,566.16,12,566.18,31,566.2,5,566.22,1,566.24,2,566.28,1,566.3,4,566.32,20,566.34,13,566.36,21,566.26
au2410,,13:42:52.0#,562.2,567.22,559.7,630.7,516.04,214761,171753.0,566.16,9,566.18,27,566.2,12,566.22,1,566.24,4,566.28,2,566.3,6,566.32,9,566.34,24,566.36,12,566.26
au2410,,13:42:52.500#,562.2,567.22,559.7,630.7,516.04,214762,171753.0,566.16,15,566.18,24,566.2,12,566.22,1,566.24,4,566.28,1,566.3,2,566.32,9,566.34,24,566.36,11,566.26
au2410,,13:42:53.0#,562.2,567.22,559.7,630.7,516.04,214762,171753.0,566.18,27,566.2,12,566.22,2,566.24,4,566.26,3,566.28,2,566.3,2,566.32,9,566.34,27,566.36,11,566.26
au2410,,13:42:53.500#,562.2,567.22,559.7,630.7,516.04,214776,171757.0,566.2,15,566.22,6,566.24,4,566.26,3,566.32,41,566.34,25,566.36,11,566.38,21,566.4,16,566.42,13,566.32
au2410,,13:42:54.0#,562.2,567.22,559.7,630.7,516.04,214804,171760.0,566.2,7,566.22,12,566.24,10,566.26,18,566.32,15,566.34,3,566.36,10,566.38,9,566.4,28,566.42,15,566.32
au2410,,13:42:54.500#,562.2,567.22,559.7,630.7,516.04,214820,171772.0,566.22,8,566.24,15,566.26,12,566.28,3,566.3,4,566.34,4,566.36,6,566.38,9,566.4,22,566.42,17,566.32
au2410,,13:42:55.0#,562.2,567.22,559.7,630.7,516.04,214820,171772.0,566.2,5,566.22,5,566.24,24,566.26,4,566.3,4,566.32,3,566.34,1,566.36,6,566.38,10,566.4,27,566.32
au2410,,13:42:55.500#,562.2,567.22,559.7,630.7,516.04,214825,171774.0,566.18,9,566.2,7,566.22,10,566.24,28,566.26,7,566.32,3,566.34,1,566.36,6,566.38,22,566.4,21,566.32
au2410,,13:42:56.0#,562.2,567.22,559.7,630.7,516.04,214826,171774.0,566.2,3,566.22,18,566.24,13,566.26,7,566.28,1,566.32,2,566.34,1,566.36,16,566.38,18,566.4,17,566.32
au2410,,13:42:56.500#,562.2,567.22,559.7,630.7,516.04,214826,171774.0,566.2,5,566.22,25,566.24,7,566.26,3,566.28,2,566.32,3,566.34,1,566.36,19,566.38,22,566.4,13,566.32
au2410,,13:42:57.0#,562.2,567.22,559.7,630.7,516.04,214826,171774.0,566.2,8,566.22,23,566.24,11,566.26,3,566.28,2,566.32,3,566.34,3,566.36,19,566.38,21,566.4,13,566.32
au2410,,13:42:57.500#,562.2,567.22,559.7,630.7,516.04,214826,171774.0,566.2,9,566.22,23,566.24,11,566.26,3,566.28,2,566.32,3,566.34,3,566.36,19,566.38,18,566.4,13,566.32
au2410,,13:42:58.0#,562.2,567.22,559.7,630.7,516.04,214826,171774.0,566.2,9,566.22,26,566.24,11,566.26,3,566.28,2,566.32,3,566.34,3,566.36,19,566.38,21,566.4,13,566.32
au2410,,13:42:58.500#,562.2,567.22,559.7,630.7,516.04,214827,171773.0,566.2,9,566.22,26,566.24,11,566.26,3,566.28,1,566.32,3,566.34,3,566.36,19,566.38,21,566.4,13,566.28
au2410,,13:42:59.0#,562.2,567.22,559.7,630.7,516.04,214828,171773.0,566.18,14,566.2,9,566.22,27,566.24,11,566.26,3,566.3,3,566.32,3,566.34,3,566.36,19,566.38,21,566.28
au2410,,13:42:59.500#,562.2,567.22,559.7,630.7,516.04,214828,171773.0,566.18,12,566.2,17,566.22,13,566.24,11,566.26,4,566.3,3,566.32,2,566.34,5,566.36,26,566.38,8,566.28
au2410,,13:43:00.0#,562.2,567.22,559.7,630.7,516.04,214828,171773.0,566.18,16,566.2,20,566.22,14,566.24,7,566.26,4,566.3,4,566.32,3,566.34,9,566.36,29,566.38,8,566.28
au2410,,13:43:00.500#,562.2,567.22,559.7,630.7,516.04,214831,171773.0,566.2,23,566.22,14,566.24,7,566.26,4,566.28,1,566.32,3,566.34,9,566.36,29,566.38,8,566.4,23,566.28
au2410,,13:43:01.0#,562.2,567.22,559.7,630.7,516.04,214831,171773.0,566.2,16,566.22,21,566.24,7,566.26,4,566.28,3,566.32,3,566.34,6,566.36,18,566.38,20,566.4,12,566.28
au2410,,13:43:01.500#,562.2,567.22,559.7,630.7,516.04,214831,171773.0,566.22,23,566.24,15,566.26,4,566.28,3,566.3,1,566.32,4,566.34,3,566.36,14,566.38,26,566.4,13,566.28
au2410,,13:43:02.0#,562.2,567.22,559.7,630.7,516.04,214831,171773.0,566.2,16,566.22,12,566.24,23,566.26,4,566.28,3,566.3,1,566.32,4,566.34,4,566.36,11,566.38,29,566.28
au2410,,13:43:02.500#,562.2,567.22,559.7,630.7,516.04,214832,171773.0,566.2,12,566.22,24,566.24,10,566.26,8,566.28,3,566.3,4,566.32,4,566.34,4,566.36,20,566.38,20,566.3
au2410,,13:43:03.0#,562.2,567.22,559.7,630.7,516.04,214832,171773.0,566.2,17,566.22,19,566.24,11,566.26,4,566.28,2,566.3,4,566.32,5,566.34,7,566.36,25,566.38,15,566.3
au2410,,13:43:03.500#,562.2,567.22,559.7,630.7,516.04,214832,171773.0,566.2,20,566.22,16,566.24,11,566.26,4,566.28,2,566.3,4,566.32,5,566.34,7,566.36,29,566.38,8,566.3
au2410,,13:43:04.0#,562.2,567.22,559.7,630.7,516.04,214836,171774.0,566.22,19,566.24,11,566.26,4,566.28,4,566.3,7,566.32,5,566.34,7,566.36,35,566.38,8,566.4,20,566.3
au2410,,13:43:04.500#,562.2,567.22,559.7,630.7,516.04,214841,171775.0,566.22,13,566.24,25,566.26,4,566.28,4,566.3,4,566.34,7,566.36,11,566.38,23,566.4,14,566.42,13,566.32
au2410,,13:43:05.0#,562.2,567.22,559.7,630.7,516.04,214842,171774.0,566.24,31,566.26,8,566.28,4,566.3,4,566.32,4,566.34,4,566.36,8,566.38,17,566.4,29,566.42,4,566.32
au2410,,13:43:05.500#,562.2,567.22,559.7,630.7,516.04,214847,171775.0,566.26,22,566.28,3,566.3,4,566.32,5,566.34,2,566.36,5,566.38,10,566.4,31,566.42,13,566.44,9,566.34
au2410,,13:43:06.0#,562.2,567.22,559.7,630.7,516.04,214848,171774.0,566.24,13,566.26,24,566.28,12,566.3,4,566.32,4,566.34,1,566.36,5,566.38,7,566.4,18,566.42,29,566.32
au2410,,13:43:06.500#,562.2,567.22,559.7,630.7,516.04,214848,171774.0,566.24,14,566.26,28,566.28,8,566.3,4,566.32,4,566.34,1,566.36,5,566.38,4,566.4,30,566.42,16,566.32
au2410,,13:43:07.0#,562.2,567.22,559.7,630.7,516.04,214848,171774.0,566.24,14,566.26,28,566.28,8,566.3,4,566.32,4,566.34,1,566.36,5,566.38,7,566.4,25,566.42,19,566.32
au2410,,13:43:07.500#,562.2,567.22,559.7,630.7,516.04,214848,171774.0,566.24,14,566.26,31,566.28,8,566.3,4,566.32,3,566.34,1,566.36,6,566.38,7,566.4,28,566.42,19,566.32
au2410,,13:43:08.0#,562.2,567.22,559.7,630.7,516.04,214848,171774.0,566.24,14,566.26,31,566.28,8,566.3,4,566.32,38,566.34,1,566.36,6,566.38,7,566.4,28,566.42,19,566.32
au2410,,13:43:08.500#,562.2,567.22,559.7,630.7,516.04,214849,171774.0,566.26,28,566.28,11,566.3,3,566.32,38,566.34,12,566.36,6,566.38,7,566.4,25,566.42,22,566.44,9,566.34
au2410,,13:43:09.0#,562.2,567.22,559.7,630.7,516.04,214855,171777.0,566.26,7,566.28,32,566.3,3,566.32,38,566.34,6,566.38,7,566.4,9,566.42,24,566.44,12,566.46,9,566.36
au2410,,13:43:09.500#,562.2,567.22,559.7,630.7,516.04,214855,171777.0,566.26,7,566.28,26,566.3,9,566.32,38,566.34,7,566.36,1,566.38,5,566.4,12,566.42,8,566.44,27,566.36
au2410,,13:43:10.0#,562.2,567.22,559.7,630.7,516.04,214856,171776.0,566.28,22,566.3,13,566.32,37,566.34,6,566.36,1,566.38,5,566.4,9,566.42,16,566.44,13,566.46,16,566.36
au2410,,13:43:10.500#,562.2,567.22,559.7,630.7,516.04,214858,171776.0,566.26,10,566.28,15,566.3,21,566.32,37,566.34,6,566.38,6,566.4,12,566.42,7,566.44,27,566.46,6,566.36
au2410,,13:43:11.0#,562.2,567.22,559.7,630.7,516.04,214860,171774.0,566.26,10,566.28,18,566.3,17,566.32,37,566.34,5,566.38,5,566.4,9,566.42,13,566.44,19,566.46,11,566.34
au2410,,13:43:11.500#,562.2,567.22,559.7,630.7,516.04,214860,171774.0,566.26,10,566.28,17,566.3,14,566.32,37,566.34,5,566.38,6,566.4,9,566.42,7,566.44,22,566.46,6,566.34
au2410,,13:43:12.0#,562.2,567.22,559.7,630.7,516.04,214863,171774.0,566.26,10,566.28,21,566.3,13,566.32,37,566.34,3,566.38,5,566.4,9,566.42,14,566.44,18,566.46,10,566.34
au2410,,13:43:12.500#,562.2,567.22,559.7,630.7,516.04,214865,171773.0,566.24,12,566.26,10,566.28,18,566.3,16,566.32,37,566.36,1,566.38,5,566.4,9,566.42,11,566.44,21,566.34
au2410,,13:43:13.0#,562.2,567.22,559.7,630.7,516.04,214866,171774.0,566.26,21,566.28,7,566.3,13,566.32,37,566.34,2,566.36,5,566.38,5,566.4,12,566.42,17,566.44,8,566.34
au2410,,13:43:13.500#,562.2,567.22,559.7,630.7,516.04,214867,171773.0,566.24,16,566.26,12,566.28,23,566.3,9,566.32,37,566.34,6,566.36,5,566.38,3,566.4,12,566.42,24,566.34
au2410,,13:43:14.0#,562.2,567.22,559.7,630.7,516.04,214867,171773.0,566.24,10,566.26,24,566.28,9,566.3,7,566.32,37,566.34,7,566.36,4,566.38,3,566.4,24,566.42,15,566.34
au2410,,13:43:14.500#,562.2,567.22,559.7,630.7,516.04,214878,171778.0,566.28,10,566.3,3,566.32,37,566.34,8,566.36,2,566.38,6,566.4,25,566.42,21,566.44,9,566.46,10,566.36
au2410,,13:43:15.0#,562.2,567.22,559.7,630.7,516.04,214887,171776.0,566.26,4,566.28,21,566.3,13,566.32,37,566.34,3,566.36,1,566.4,12,566.42,3,566.44,31,566.46,3,566.36
au2410,,13:43:15.500#,562.2,567.22,559.7,630.7,516.04,214889,171776.0,566.28,23,566.3,6,566.32,37,566.34,16,566.36,8,566.4,9,566.42,16,566.44,15,566.46,19,566.48,10,566.36
au2410,,13:43:16.0#,562.2,567.22,559.7,630.7,516.04,214891,171775.0,566.28,6,566.3,15,566.32,47,566.34,11,566.36,4,566.4,9,566.42,6,566.44,7,566.46,20,566.48,7,566.36
au2410,,13:43:16.500#,562.2,567.22,559.7,630.7,516.04,214891,171775.0,566.28,9,566.3,18,566.32,46,566.34,14,566.36,5,566.4,9,566.42,3,566.44,10,566.46,21,566.48,11,566.36
au2410,,13:43:17.0#,562.2,567.22,559.7,630.7,516.04,214896,171778.0,566.26,12,566.28,9,566.3,21,566.32,43,566.34,14,566.4,9,566.42,3,566.44,10,566.46,21,566.48,11,566.36
au2410,,13:43:17.500#,562.2,567.22,559.7,630.7,516.04,214897,171779.0,566.26,10,566.28,12,566.3,15,566.32,43,566.34,14,566.38,2,566.4,9,566.42,3,566.44,13,566.46,18,566.38
au2410,,13:43:18.0#,562.2,567.22,559.7,630.7,516.04,214897,171779.0,566.26,14,566.28,17,566.3,7,566.32,47,566.34,4,566.36,2,566.38,1,566.4,9,566.42,6,566.44,14,566.38
au2410,,13:43:18.500#,562.2,567.22,559.7,630.7,516.04,214900,171779.0,566.26,11,566.28,18,566.3,3,566.32,44,566.34,4,566.38,2,566.4,9,566.42,14,566.44,10,566.46,16,566.36
au2410,,13:43:19.0#,562.2,567.22,559.7,630.7,516.04,214903,171778.0,566.26,8,566.28,20,566.3,10,566.32,44,566.34,2,566.38,2,566.4,9,566.42,6,566.44,18,566.46,17,566.34
au2410,,13:43:19.500#,562.2,567.22,559.7,630.7,516.04,214903,171778.0,566.26,11,566.28,17,566.3,13,566.32,41,566.34,4,566.38,2,566.4,9,566.42,9,566.44,18,566.46,14,566.34
au2410,,13:43:20.0#,562.2,567.22,559.7,630.7,516.04,214903,171778.0,566.26,8,566.28,20,566.3,13,566.32,41,566.34,4,566.36,1,566.38,4,566.4,9,566.42,6,566.44,21,566.34
au2410,,13:43:20.500#,562.2,567.22,559.7,630.7,516.04,214903,171778.0,566.26,11,566.28,27,566.3,6,566.32,41,566.34,4,566.36,1,566.38,4,566.4,9,566.42,18,566.44,12,566.34
au2410,,13:43:21.0#,562.2,567.22,559.7,630.7,516.04,214903,171778.0,566.26,11,566.28,24,566.3,6,566.32,41,566.34,4,566.36,1,566.38,4,566.4,12,566.42,16,566.44,16,566.34
au2410,,13:43:21.500#,562.2,567.22,559.7,630.7,516.04,214903,171778.0,566.26,11,566.28,27,566.3,6,566.32,41,566.34,4,566.36,1,566.38,4,566.4,12,566.42,20,566.44,15,566.34
au2410,,13:43:22.0#,562.2,567.22,559.7,630.7,516.04,214903,171778.0,566.26,11,566.28,30,566.3,3,566.32,41,566.34,4,566.36,1,566.38,5,566.4,13,566.42,20,566.44,18,566.34
au2410,,13:43:22.500#,562.2,567.22,559.7,630.7,516.04,214903,171778.0,566.26,11,566.28,30,566.3,3,566.32,41,566.34,4,566.36,1,566.38,5,566.4,13,566.42,20,566.44,18,566.34
au2410,,13:43:23.0#,562.2,567.22,559.7,630.7,516.04,214903,171778.0,566.26,11,566.28,30,566.3,3,566.32,41,566.34,4,566.36,1,566.38,5,566.4,13,566.42,20,566.44,18,566.34
au2410,,13:43:23.500#,562.2,567.22,559.7,630.7,516.04,214903,171778.0,566.26,11,566.28,24,566.3,3,566.32,41,566.34,4,566.36,1,566.38,5,566.4,13,566.42,17,566.44,18,566.34
au2410,,13:43:24.0#,562.2,567.22,559.7,630.7,516.04,214903,171778.0,566.26,11,566.28,27,566.3,3,566.32,41,566.34,4,566.36,1,566.38,5,566.4,13,566.42,20,566.44,18,566.34
au2410,,13:43:24.500#,562.2,567.22,559.7,630.7,516.04,214903,171778.0,566.26,11,566.28,27,566.3,3,566.32,41,566.34,4,566.36,1,566.38,5,566.4,13,566.42,21,566.44,18,566.34
au2410,,13:43:25.0#,562.2,567.22,559.7,630.7,516.04,214903,171778.0,566.26,11,566.28,27,566.3,3,566.32,41,566.34,4,566.36,1,566.38,5,566.4,13,566.42,21,566.44,18,566.34
au2410,,13:43:25.500#,562.2,567.22,559.7,630.7,516.04,214903,171778.0,566.26,11,566.28,27,566.3,3,566.32,41,566.34,4,566.36,1,566.38,5,566.4,13,566.42,21,566.44,18,566.34
au2410,,13:43:26.0#,562.2,567.22,559.7,630.7,516.04,214903,171778.0,566.26,11,566.28,24,566.3,3,566.32,41,566.34,4,566.36,1,566.38,5,566.4,13,566.42,18,566.44,18,566.34
au2410,,13:43:26.500#,562.2,567.22,559.7,630.7,516.04,214903,171778.0,566.26,11,566.28,27,566.3,3,566.32,41,566.34,4,566.36,2,566.38,4,566.4,12,566.42,21,566.44,18,566.34
au2410,,13:43:27.0#,562.2,567.22,559.7,630.7,516.04,214905,171778.0,566.28,27,566.3,3,566.32,41,566.34,4,566.36,2,566.38,4,566.4,12,566.42,21,566.44,18,566.46,10,566.36
au2410,,13:43:27.500#,562.2,567.22,559.7,630.7,516.04,214905,171778.0,566.28,17,566.3,13,566.32,41,566.34,5,566.36,3,566.38,1,566.4,12,566.42,5,566.44,31,566.46,3,566.36
au2410,,13:43:28.0#,562.2,567.22,559.7,630.7,516.04,214906,171777.0,566.28,9,566.3,27,566.32,38,566.34,9,566.36,3,566.4,9,566.42,8,566.44,19,566.46,18,566.48,15,566.38
au2410,,13:43:28.500#,562.2,567.22,559.7,630.7,516.04,214906,171777.0,566.28,9,566.3,27,566.32,38,566.34,9,566.36,3,566.4,9,566.42,8,566.44,13,566.46,21,566.48,7,566.38
au2410,,13:43:29.0#,562.2,567.22,559.7,630.7,516.04,214906,171777.0,566.28,9,566.3,24,566.32,41,566.34,9,566.36,4,566.4,9,566.42,5,566.44,13,566.46,20,566.48,10,566.38
au2410,,13:43:29.500#,562.2,567.22,559.7,630.7,516.04,214906,171777.0,566.28,9,566.3,21,566.32,44,566.34,9,566.36,4,566.4,9,566.42,5,566.44,13,566.46,17,566.48,13,566.38
au2410,,13:43:30.0#,562.2,567.22,559.7,630.7,516.04,214906,171777.0,566.28,9,566.3,18,566.32,44,566.34,10,566.36,5,566.38,1,566.4,9,566.42,5,566.44,13,566.46,17,566.38
au2410,,13:43:30.500#,562.2,567.22,559.7,630.7,516.04,214907,171777.0,566.28,9,566.3,21,566.32,44,566.34,10,566.36,4,566.4,9,566.42,5,566.44,18,566.46,15,566.48,21,566.38
au2410,,13:43:31.0#,562.2,567.22,559.7,630.7,516.04,214907,171777.0,566.28,9,566.3,24,566.32,41,566.34,10,566.36,4,566.4,9,566.42,5,566.44,13,566.46,17,566.48,13,566.38
au2410,,13:43:31.500#,562.2,567.22,559.7,630.7,516.04,214908,171778.0,566.28,9,566.3,21,566.32,44,566.34,10,566.36,3,566.4,10,566.42,5,566.44,10,566.46,20,566.48,13,566.36
au2410,,13:43:32.0#,562.2,567.22,559.7,630.7,516.04,214914,171778.0,566.26,9,566.28,9,566.3,18,566.32,47,566.34,10,566.36,7,566.4,7,566.42,5,566.44,10,566.46,20,566.36
au2410,,13:43:32.500#,562.2,567.22,559.7,630.7,516.04,214921,171773.0,566.24,7,566.26,13,566.28,24,566.32,44,566.34,10,566.4,7,566.42,15,566.44,10,566.46,16,566.48,17,566.36
au2410,,13:43:33.0#,562.2,567.22,559.7,630.7,516.04,214921,171773.0,566.28,12,566.3,15,566.32,45,566.34,6,566.36,2,566.38,2,566.4,10,566.42,5,566.44,17,566.46,17,566.36
