InstrumentId,ExchangeId,Datetime,OpenPrice,HighestPrice,LowestPrice,UpperLimitPrice,LowerLimitPrice,Volume,OpenInterest,BidPrice5,BidVolume5,BidPrice4,BidVolume4,BidPrice3,BidVolume3,BidPrice2,BidVolume2,BidPrice1,BidVolume1,AskPrice1,AskVolume1,AskPrice2,AskVolume2,AskPrice3,AskVolume3,AskPrice4,AskVolume4,AskPrice5,AskVolume5,LastPrice
au2408,,13:38:35.0#,560.2,565.18,557.7,627.76,513.62,27249,40542.0,563.94,9,563.96,1,564.0,1,564.02,10,564.04,1,564.08,2,564.12,1,564.14,2,564.18,12,564.2,10,564.02
au2408,,13:38:35.500#,560.2,565.18,557.7,627.76,513.62,27249,40542.0,563.94,6,563.96,4,564.0,1,564.02,10,564.04,1,564.08,2,564.12,1,564.14,2,564.18,9,564.2,10,564.02
au2408,,13:38:36.0#,560.2,565.18,557.7,627.76,513.62,27249,40542.0,563.94,9,563.96,1,564.0,1,564.02,10,564.04,1,564.08,2,564.12,1,564.14,2,564.18,9,564.2,10,564.02
au2408,,13:38:36.500#,560.2,565.18,557.7,627.76,513.62,27249,40542.0,563.94,6,563.96,4,564.0,1,564.02,10,564.04,1,564.08,2,564.12,1,564.14,2,564.18,9,564.2,7,564.02
au2408,,13:38:37.0#,560.2,565.18,557.7,627.76,513.62,27249,40542.0,563.94,6,563.96,4,564.0,1,564.02,10,564.04,1,564.08,2,564.12,1,564.14,2,564.18,9,564.2,7,564.02
au2408,,13:38:37.500#,560.2,565.18,557.7,627.76,513.62,27249,40542.0,563.94,6,563.96,4,564.0,1,564.02,10,564.04,1,564.08,2,564.12,1,564.14,2,564.18,9,564.2,7,564.02
au2408,,13:38:38.0#,560.2,565.18,557.7,627.76,513.62,27249,40542.0,563.94,6,563.96,4,564.0,1,564.02,10,564.04,1,564.08,2,564.12,1,564.14,2,564.18,9,564.2,7,564.02
au2408,,13:38:38.500#,560.2,565.18,557.7,627.76,513.62,27249,40542.0,563.94,6,563.96,4,564.0,1,564.02,10,564.04,1,564.08,2,564.12,1,564.14,2,564.18,9,564.2,10,564.02
au2408,,13:38:39.0#,560.2,565.18,557.7,627.76,513.62,27249,40542.0,563.96,4,564.0,1,564.02,10,564.04,1,564.06,2,564.08,2,564.12,1,564.14,2,564.18,9,564.2,10,564.02
au2408,,13:38:39.500#,560.2,565.18,557.7,627.76,513.62,27251,40543.0,563.94,12,563.96,10,564.0,1,564.02,10,564.06,2,564.12,1,564.14,2,564.18,3,564.2,10,564.22,10,564.08
au2408,,13:38:40.0#,560.2,565.18,557.7,627.76,513.62,27252,40543.0,563.98,6,564.0,1,564.02,10,564.06,2,564.08,1,564.14,2,564.2,4,564.22,10,564.24,15,564.32,1,564.12
au2408,,13:38:40.500#,560.2,565.18,557.7,627.76,513.62,27252,40543.0,563.98,9,564.0,4,564.02,10,564.06,2,564.08,1,564.14,2,564.2,1,564.22,7,564.24,12,564.26,3,564.12
au2408,,13:38:41.0#,560.2,565.18,557.7,627.76,513.62,27252,40543.0,563.98,9,564.0,4,564.02,10,564.06,2,564.08,1,564.14,2,564.2,1,564.22,7,564.24,9,564.26,6,564.12
au2408,,13:38:41.500#,560.2,565.18,557.7,627.76,513.62,27252,40543.0,563.98,9,564.0,4,564.02,10,564.06,2,564.08,1,564.14,2,564.2,1,564.22,7,564.24,9,564.26,3,564.12
au2408,,13:38:42.0#,560.2,565.18,557.7,627.76,513.62,27252,40543.0,563.98,9,564.0,4,564.02,10,564.06,2,564.08,1,564.14,2,564.2,1,564.22,7,564.24,9,564.26,3,564.12
au2408,,13:38:42.500#,560.2,565.18,557.7,627.76,513.62,27252,40543.0,563.98,12,564.0,1,564.02,10,564.06,2,564.08,1,564.14,2,564.2,4,564.22,4,564.24,9,564.26,6,564.12
au2408,,13:38:43.0#,560.2,565.18,557.7,627.76,513.62,27252,40543.0,563.98,9,564.0,4,564.02,10,564.06,2,564.08,1,564.14,2,564.2,1,564.22,7,564.24,9,564.26,6,564.12
au2408,,13:38:43.500#,560.2,565.18,557.7,627.76,513.62,27252,40543.0,563.98,12,564.0,1,564.02,10,564.06,2,564.08,1,564.12,2,564.14,2,564.2,4,564.22,4,564.24,12,564.12
au2408,,13:38:44.0#,560.2,565.18,557.7,627.76,513.62,27252,40543.0,563.98,9,564.0,1,564.02,10,564.06,2,564.08,1,564.14,2,564.2,4,564.22,7,564.24,12,564.26,6,564.12
au2408,,13:38:44.500#,560.2,565.18,557.7,627.76,513.62,27252,40543.0,563.98,9,564.0,4,564.02,10,564.06,2,564.08,1,564.14,2,564.2,1,564.22,7,564.24,9,564.26,9,564.12
au2408,,13:38:45.0#,560.2,565.18,557.7,627.76,513.62,27252,40543.0,563.98,9,564.0,4,564.02,10,564.06,2,564.08,1,564.14,2,564.2,1,564.22,7,564.24,9,564.26,6,564.12
au2408,,13:38:45.500#,560.2,565.18,557.7,627.76,513.62,27252,40543.0,563.98,9,564.0,4,564.02,10,564.06,2,564.08,1,564.14,2,564.2,1,564.22,7,564.24,9,564.26,6,564.12
au2408,,13:38:46.0#,560.2,565.18,557.7,627.76,513.62,27252,40543.0,563.98,9,564.0,4,564.02,10,564.06,2,564.08,1,564.14,2,564.2,1,564.22,7,564.24,9,564.26,6,564.12
au2408,,13:38:46.500#,560.2,565.18,557.7,627.76,513.62,27252,40543.0,563.98,12,564.0,1,564.02,10,564.06,2,564.08,1,564.14,2,564.2,4,564.22,4,564.24,9,564.26,6,564.12
au2408,,13:38:47.0#,560.2,565.18,557.7,627.76,513.62,27252,40543.0,563.98,12,564.0,1,564.02,10,564.06,2,564.08,1,564.14,2,564.2,4,564.22,4,564.24,9,564.26,6,564.12
au2408,,13:38:47.500#,560.2,565.18,557.7,627.76,513.62,27253,40542.0,563.98,12,564.0,1,564.02,10,564.06,2,564.08,1,564.14,1,564.2,4,564.22,4,564.24,12,564.26,3,564.14
au2408,,13:38:48.0#,560.2,565.18,557.7,627.76,513.62,27254,40541.0,563.98,12,564.0,4,564.02,10,564.06,2,564.08,1,564.12,1,564.2,1,564.22,4,564.24,12,564.26,6,564.14
au2408,,13:38:48.500#,560.2,565.18,557.7,627.76,513.62,27255,40540.0,563.96,10,563.98,12,564.0,1,564.02,10,564.06,2,564.2,4,564.22,4,564.24,9,564.26,6,564.28,6,564.12
au2408,,13:38:49.0#,560.2,565.18,557.7,627.76,513.62,27256,40539.0,563.98,3,564.0,10,564.02,10,564.06,2,564.08,1,564.18,10,564.2,1,564.22,4,564.24,6,564.26,9,564.18
au2408,,13:38:49.500#,560.2,565.18,557.7,627.76,513.62,27256,40539.0,563.96,7,563.98,9,564.0,7,564.02,10,564.06,2,564.16,1,564.18,14,564.2,4,564.22,1,564.24,9,564.18
au2408,,13:38:50.0#,560.2,565.18,557.7,627.76,513.62,27256,40539.0,563.96,7,563.98,9,564.0,4,564.02,10,564.06,2,564.16,3,564.18,10,564.2,4,564.22,1,564.24,12,564.18
au2408,,13:38:50.500#,560.2,565.18,557.7,627.76,513.62,27256,40539.0,563.96,10,563.98,6,564.0,4,564.02,10,564.06,2,564.14,2,564.16,3,564.18,10,564.2,1,564.22,7,564.18
au2408,,13:38:51.0#,560.2,565.18,557.7,627.76,513.62,27256,40539.0,563.98,9,564.0,1,564.02,10,564.06,2,564.08,1,564.14,2,564.16,2,564.18,7,564.2,1,564.22,10,564.18
au2408,,13:38:51.500#,560.2,565.18,557.7,627.76,513.62,27256,40539.0,563.98,9,564.0,4,564.02,10,564.06,2,564.08,1,564.14,2,564.16,2,564.18,7,564.2,1,564.22,10,564.18
au2408,,13:38:52.0#,560.2,565.18,557.7,627.76,513.62,27256,40539.0,563.98,9,564.0,4,564.02,10,564.06,2,564.08,1,564.14,2,564.16,2,564.18,7,564.2,1,564.22,10,564.18
au2408,,13:38:52.500#,560.2,565.18,557.7,627.76,513.62,27257,40538.0,563.96,10,563.98,12,564.0,1,564.02,10,564.06,2,564.14,2,564.16,2,564.18,7,564.2,4,564.22,7,564.08
au2408,,13:38:53.0#,560.2,565.18,557.7,627.76,513.62,27257,40538.0,563.98,6,564.0,4,564.02,10,564.06,2,564.08,1,564.14,2,564.16,2,564.18,7,564.2,1,564.22,10,564.08
au2408,,13:38:53.500#,560.2,565.18,557.7,627.76,513.62,27258,40538.0,563.96,10,563.98,12,564.0,2,564.02,10,564.06,2,564.14,1,564.16,2,564.18,5,564.2,4,564.22,7,564.14
au2408,,13:38:54.0#,560.2,565.18,557.7,627.76,513.62,27258,40538.0,563.98,6,564.0,5,564.02,10,564.06,2,564.08,1,564.14,1,564.16,2,564.18,5,564.2,1,564.22,10,564.14
au2408,,13:38:54.500#,560.2,565.18,557.7,627.76,513.62,27258,40538.0,563.98,12,564.0,5,564.02,10,564.06,2,564.08,1,564.14,1,564.16,2,564.18,5,564.2,4,564.22,4,564.14
au2408,,13:38:55.0#,560.2,565.18,557.7,627.76,513.62,27259,40538.0,563.98,9,564.0,8,564.02,10,564.06,2,564.08,1,564.16,2,564.18,5,564.2,1,564.22,7,564.24,15,564.14
au2408,,13:38:55.500#,560.2,565.18,557.7,627.76,513.62,27259,40538.0,563.98,12,564.0,8,564.02,10,564.06,2,564.08,1,564.16,2,564.18,5,564.2,1,564.22,4,564.24,15,564.14
au2408,,13:38:56.0#,560.2,565.18,557.7,627.76,513.62,27260,40537.0,563.98,15,564.0,5,564.02,10,564.06,2,564.08,1,564.16,2,564.18,5,564.2,4,564.22,1,564.24,15,564.14
au2408,,13:38:56.500#,560.2,565.18,557.7,627.76,513.62,27260,40537.0,563.98,12,564.0,8,564.02,10,564.06,2,564.08,1,564.16,2,564.18,5,564.2,1,564.22,4,564.24,15,564.14
au2408,,13:38:57.0#,560.2,565.18,557.7,627.76,513.62,27260,40537.0,563.98,15,564.0,5,564.02,10,564.06,2,564.08,1,564.14,1,564.16,2,564.18,5,564.2,1,564.22,4,564.14
au2408,,13:38:57.500#,560.2,565.18,557.7,627.76,513.62,27260,40537.0,563.96,7,563.98,9,564.0,8,564.02,10,564.08,1,564.16,2,564.18,5,564.2,1,564.22,7,564.24,15,564.14
au2408,,13:38:58.0#,560.2,565.18,557.7,627.76,513.62,27260,40537.0,563.96,10,563.98,6,564.0,8,564.02,10,564.04,2,564.14,1,564.16,2,564.18,5,564.2,1,564.22,7,564.14
au2408,,13:38:58.500#,560.2,565.18,557.7,627.76,513.62,27260,40537.0,563.96,16,563.98,3,564.0,2,564.02,10,564.04,2,564.1,2,564.12,3,564.14,2,564.16,1,564.18,8,564.14
au2408,,13:38:59.0#,560.2,565.18,557.7,627.76,513.62,27260,40537.0,563.92,7,563.94,3,563.96,10,564.0,2,564.02,10,564.1,2,564.12,1,564.18,14,564.2,10,564.22,8,564.14
au2408,,13:38:59.500#,560.2,565.18,557.7,627.76,513.62,27260,40537.0,563.92,13,563.94,6,563.96,1,564.0,2,564.02,10,564.08,1,564.1,2,564.12,1,564.16,9,564.18,8,564.14
au2408,,13:39:00.0#,560.2,565.18,557.7,627.76,513.62,27260,40537.0,563.92,10,563.94,6,563.96,1,564.0,2,564.02,10,564.08,3,564.12,1,564.16,9,564.18,9,564.2,11,564.14
au2408,,13:39:00.500#,560.2,565.18,557.7,627.76,513.62,27260,40537.0,563.92,13,563.94,6,563.96,1,564.0,2,564.02,10,564.08,1,564.12,1,564.16,9,564.18,9,564.2,14,564.14
au2408,,13:39:01.0#,560.2,565.18,557.7,627.76,513.62,27260,40537.0,563.92,16,563.94,6,563.96,1,564.0,2,564.02,10,564.08,4,564.12,1,564.16,9,564.18,9,564.2,14,564.14
au2408,,13:39:01.500#,560.2,565.18,557.7,627.76,513.62,27260,40537.0,563.94,3,563.96,1,564.0,2,564.02,10,564.04,1,564.08,2,564.12,1,564.14,3,564.16,6,564.18,9,564.14
au2408,,13:39:02.0#,560.2,565.18,557.7,627.76,513.62,27260,40537.0,563.94,6,563.96,4,564.0,2,564.02,10,564.04,3,564.08,1,564.12,1,564.16,4,564.18,18,564.2,10,564.14
au2408,,13:39:02.500#,560.2,565.18,557.7,627.76,513.62,27261,40537.0,563.94,9,563.96,4,564.0,2,564.02,10,564.04,3,564.12,1,564.16,1,564.18,12,564.2,16,564.22,4,564.08
au2408,,13:39:03.0#,560.2,565.18,557.7,627.76,513.62,27261,40537.0,563.94,9,563.96,10,564.0,2,564.02,10,564.04,3,564.12,1,564.16,1,564.18,6,564.2,13,564.22,13,564.08
au2408,,13:39:03.500#,560.2,565.18,557.7,627.76,513.62,27261,40537.0,563.94,12,563.96,10,564.0,2,564.02,10,564.04,3,564.12,1,564.16,1,564.18,6,564.2,10,564.22,16,564.08
au2408,,13:39:04.0#,560.2,565.18,557.7,627.76,513.62,27261,40537.0,563.94,12,563.96,10,564.0,2,564.02,10,564.04,3,564.12,3,564.16,1,564.18,6,564.2,10,564.22,16,564.08
au2408,,13:39:04.500#,560.2,565.18,557.7,627.76,513.62,27261,40537.0,563.94,12,563.96,10,564.0,2,564.02,10,564.04,3,564.1,1,564.12,3,564.16,1,564.18,6,564.2,10,564.08
au2408,,13:39:05.0#,560.2,565.18,557.7,627.76,513.62,27261,40537.0,563.94,9,563.96,7,564.0,2,564.02,10,564.04,3,564.12,3,564.16,1,564.18,3,564.2,16,564.22,10,564.08
au2408,,13:39:05.500#,560.2,565.18,557.7,627.76,513.62,27261,40537.0,563.94,12,563.96,7,564.0,2,564.02,10,564.04,3,564.1,1,564.12,3,564.16,1,564.18,9,564.2,7,564.08
au2408,,13:39:06.0#,560.2,565.18,557.7,627.76,513.62,27261,40537.0,563.94,9,563.96,7,564.0,2,564.02,10,564.04,3,564.1,1,564.12,1,564.16,1,564.18,6,564.2,13,564.08
au2408,,13:39:06.500#,560.2,565.18,557.7,627.76,513.62,27261,40537.0,563.94,12,563.96,7,564.0,2,564.02,10,564.04,3,564.1,1,564.12,1,564.16,1,564.18,6,564.2,16,564.08
au2408,,13:39:07.0#,560.2,565.18,557.7,627.76,513.62,27261,40537.0,563.94,12,563.96,7,564.0,2,564.02,10,564.04,3,564.1,1,564.12,1,564.16,1,564.18,6,564.2,16,564.08
au2408,,13:39:07.500#,560.2,565.18,557.7,627.76,513.62,27261,40537.0,563.98,3,564.0,2,564.02,10,564.04,3,564.06,2,564.1,1,564.12,1,564.16,1,564.18,3,564.2,19,564.08
au2408,,13:39:08.0#,560.2,565.18,557.7,627.76,513.62,27262,40536.0,564.0,2,564.02,10,564.04,3,564.06,2,564.1,1,564.12,1,564.16,1,564.18,3,564.2,10,564.22,16,564.1
au2408,,13:39:08.500#,560.2,565.18,557.7,627.76,513.62,27263,40536.0,563.96,7,563.98,9,564.0,8,564.02,10,564.04,3,564.12,1,564.16,1,564.18,3,564.2,4,564.22,10,564.1
au2408,,13:39:09.0#,560.2,565.18,557.7,627.76,513.62,27263,40536.0,564.0,5,564.02,10,564.04,3,564.06,3,564.08,1,564.12,1,564.16,1,564.18,3,564.2,4,564.22,19,564.1
au2408,,13:39:09.500#,560.2,565.18,557.7,627.76,513.62,27264,40536.0,563.98,9,564.0,5,564.02,10,564.04,3,564.06,2,564.16,1,564.18,3,564.2,4,564.22,13,564.24,9,564.12
au2408,,13:39:10.0#,560.2,565.18,557.7,627.76,513.62,27264,40536.0,563.98,15,564.0,5,564.02,10,564.04,3,564.06,2,564.14,1,564.16,3,564.18,3,564.2,4,564.22,7,564.12
au2408,,13:39:10.500#,560.2,565.18,557.7,627.76,513.62,27264,40536.0,564.0,2,564.02,10,564.04,3,564.06,2,564.08,2,564.14,1,564.16,3,564.18,3,564.2,4,564.22,13,564.12
au2408,,13:39:11.0#,560.2,565.18,557.7,627.76,513.62,27264,40536.0,563.98,9,564.0,8,564.02,10,564.04,3,564.06,2,564.14,1,564.16,3,564.18,3,564.2,4,564.22,10,564.12
au2408,,13:39:11.500#,560.2,565.18,557.7,627.76,513.62,27264,40536.0,563.98,12,564.0,2,564.02,5,564.04,3,564.06,2,564.14,1,564.16,3,564.18,3,564.2,4,564.22,13,564.12
au2408,,13:39:12.0#,560.2,565.18,557.7,627.76,513.62,27264,40536.0,563.98,12,564.0,2,564.02,5,564.04,3,564.06,2,564.14,1,564.16,3,564.18,3,564.2,4,564.22,13,564.12
au2408,,13:39:12.500#,560.2,565.18,557.7,627.76,513.62,27264,40536.0,563.98,12,564.0,2,564.02,5,564.04,3,564.06,2,564.14,1,564.16,3,564.18,3,564.2,4,564.22,13,564.12
au2408,,13:39:13.0#,560.2,565.18,557.7,627.76,513.62,27264,40536.0,563.98,12,564.0,2,564.02,5,564.04,3,564.06,2,564.14,1,564.16,3,564.18,3,564.2,4,564.22,13,564.12
au2408,,13:39:13.500#,560.2,565.18,557.7,627.76,513.62,27264,40536.0,563.96,13,563.98,9,564.0,2,564.02,5,564.04,3,564.14,3,564.16,1,564.18,6,564.2,1,564.22,13,564.12
au2408,,13:39:14.0#,560.2,565.18,557.7,627.76,513.62,27264,40536.0,563.98,6,564.0,2,564.02,5,564.04,3,564.06,2,564.14,3,564.16,1,564.18,3,564.2,7,564.22,13,564.12
au2408,,13:39:14.500#,560.2,565.18,557.7,627.76,513.62,27264,40536.0,564.0,2,564.02,5,564.04,3,564.06,2,564.08,2,564.14,1,564.16,1,564.18,3,564.2,4,564.22,16,564.12
au2408,,13:39:15.0#,560.2,565.18,557.7,627.76,513.62,27264,40536.0,564.0,8,564.02,5,564.04,3,564.06,2,564.08,2,564.14,1,564.16,1,564.18,3,564.2,1,564.22,13,564.12
au2408,,13:39:15.500#,560.2,565.18,557.7,627.76,513.62,27264,40536.0,564.0,11,564.02,5,564.04,3,564.06,2,564.08,2,564.14,1,564.16,1,564.18,3,564.2,1,564.22,7,564.12
au2408,,13:39:16.0#,560.2,565.18,557.7,627.76,513.62,27264,40536.0,564.02,8,564.04,3,564.06,2,564.08,2,564.14,1,564.16,1,564.18,3,564.2,1,564.22,4,564.24,9,564.12
au2408,,13:39:16.500#,560.2,565.18,557.7,627.76,513.62,27265,40536.0,563.98,6,564.0,5,564.02,11,564.04,9,564.08,2,564.16,1,564.18,3,564.2,1,564.22,1,564.24,3,564.14
au2408,,13:39:17.0#,560.2,565.18,557.7,627.76,513.62,27266,40535.0,564.02,5,564.04,4,564.08,2,564.1,2,564.12,3,564.18,3,564.2,1,564.22,1,564.24,3,564.26,12,564.16
au2408,,13:39:17.500#,560.2,565.18,557.7,627.76,513.62,27267,40534.0,564.02,14,564.04,7,564.08,2,564.1,1,564.12,3,564.2,1,564.22,1,564.26,6,564.28,18,564.3,3,564.18
au2408,,13:39:18.0#,560.2,565.18,557.7,627.76,513.62,27267,40534.0,564.02,11,564.04,10,564.08,2,564.1,1,564.12,3,564.2,3,564.22,1,564.26,3,564.28,6,564.3,9,564.18
au2408,,13:39:18.500#,560.2,565.18,557.7,627.76,513.62,27267,40534.0,564.04,10,564.08,2,564.1,1,564.12,1,564.18,1,564.2,3,564.22,1,564.26,3,564.28,9,564.3,9,564.18
au2408,,13:39:19.0#,560.2,565.18,557.7,627.76,513.62,27270,40533.0,564.0,4,564.02,14,564.04,7,564.06,6,564.08,1,564.14,1,564.18,3,564.2,3,564.22,1,564.24,3,564.08
au2408,,13:39:19.500#,560.2,565.18,557.7,627.76,513.62,27272,40532.0,564.0,7,564.02,8,564.04,1,564.08,1,564.1,1,564.18,7,564.2,3,564.22,1,564.24,9,564.26,9,564.14
au2408,,13:39:20.0#,560.2,565.18,557.7,627.76,513.62,27273,40531.0,564.0,13,564.02,11,564.04,1,564.08,1,564.1,1,564.18,4,564.2,3,564.22,1,564.24,3,564.26,15,564.14
au2408,,13:39:20.500#,560.2,565.18,557.7,627.76,513.62,27273,40531.0,563.98,6,564.0,16,564.02,8,564.04,1,564.08,1,564.12,1,564.16,5,564.18,6,564.2,1,564.22,4,564.14
au2408,,13:39:21.0#,560.2,565.18,557.7,627.76,513.62,27273,40531.0,564.0,7,564.02,5,564.04,1,564.08,1,564.12,1,564.18,6,564.2,1,564.22,10,564.24,12,564.26,6,564.14
au2408,,13:39:21.500#,560.2,565.18,557.7,627.76,513.62,27275,40530.0,563.9,2,563.92,8,563.98,6,564.0,13,564.02,11,564.14,1,564.16,3,564.18,7,564.2,1,564.22,7,564.04
au2408,,13:39:22.0#,560.2,565.18,557.7,627.76,513.62,27275,40530.0,563.96,6,563.98,3,564.0,4,564.02,5,564.04,5,564.12,4,564.14,4,564.16,2,564.18,5,564.2,10,564.04
au2408,,13:39:22.500#,560.2,565.18,557.7,627.76,513.62,27275,40530.0,563.94,6,563.96,9,564.0,4,564.02,5,564.04,5,564.12,5,564.18,5,564.2,16,564.22,10,564.3,1,564.04
au2408,,13:39:23.0#,560.2,565.18,557.7,627.76,513.62,27275,40530.0,563.96,3,564.0,7,564.02,5,564.04,5,564.06,2,564.12,2,564.18,5,564.2,10,564.22,13,564.3,4,564.04
au2408,,13:39:23.500#,560.2,565.18,557.7,627.76,513.62,27275,40530.0,563.98,3,564.0,7,564.02,5,564.04,5,564.06,2,564.12,2,564.18,5,564.2,1,564.22,19,564.24,3,564.04
au2408,,13:39:24.0#,560.2,565.18,557.7,627.76,513.62,27275,40530.0,563.98,9,564.0,4,564.02,5,564.04,5,564.06,2,564.12,1,564.18,5,564.2,4,564.22,13,564.24,9,564.04
au2408,,13:39:24.500#,560.2,565.18,557.7,627.76,513.62,27275,40530.0,563.98,9,564.0,4,564.02,5,564.04,5,564.06,2,564.16,1,564.18,4,564.2,4,564.22,13,564.24,9,564.04
au2408,,13:39:25.0#,560.2,565.18,557.7,627.76,513.62,27275,40530.0,563.98,12,564.0,7,564.02,5,564.04,5,564.06,2,564.14,4,564.16,3,564.18,4,564.2,4,564.22,7,564.04
au2408,,13:39:25.500#,560.2,565.18,557.7,627.76,513.62,27275,40530.0,563.98,9,564.0,4,564.02,5,564.04,5,564.06,2,564.12,1,564.14,5,564.16,5,564.18,3,564.2,4,564.04
au2408,,13:39:26.0#,560.2,565.18,557.7,627.76,513.62,27275,40530.0,563.98,9,564.0,4,564.02,5,564.04,5,564.06,2,564.12,2,564.16,3,564.18,3,564.2,7,564.22,16,564.04
au2408,,13:39:26.500#,560.2,565.18,557.7,627.76,513.62,27275,40530.0,563.98,9,564.0,4,564.02,5,564.04,5,564.06,2,564.12,1,564.16,3,564.18,3,564.2,4,564.22,16,564.04
au2408,,13:39:27.0#,560.2,565.18,557.7,627.76,513.62,27277,40529.0,564.0,7,564.02,5,564.04,5,564.06,2,564.08,1,564.16,3,564.18,2,564.2,1,564.22,16,564.24,12,564.08
au2408,,13:39:27.500#,560.2,565.18,557.7,627.76,513.62,27277,40529.0,563.98,9,564.0,13,564.02,5,564.04,3,564.06,1,564.16,3,564.18,2,564.2,1,564.22,7,564.24,12,564.08
au2408,,13:39:28.0#,560.2,565.18,557.7,627.76,513.62,27277,40529.0,563.98,12,564.0,7,564.02,5,564.04,3,564.06,1,564.14,1,564.16,3,564.18,2,564.2,1,564.22,10,564.08
au2408,,13:39:28.500#,560.2,565.18,557.7,627.76,513.62,27277,40529.0,563.98,12,564.0,4,564.02,5,564.04,3,564.06,1,564.14,2,564.16,3,564.18,2,564.2,4,564.22,13,564.08
au2408,,13:39:29.0#,560.2,565.18,557.7,627.76,513.62,27277,40529.0,563.98,9,564.0,4,564.02,5,564.04,3,564.06,1,564.14,1,564.16,3,564.18,2,564.2,4,564.22,16,564.08
au2408,,13:39:29.500#,560.2,565.18,557.7,627.76,513.62,27277,40529.0,563.98,9,564.0,4,564.02,5,564.04,3,564.06,1,564.14,1,564.16,3,564.18,2,564.2,4,564.22,13,564.08
au2408,,13:39:30.0#,560.2,565.18,557.7,627.76,513.62,27277,40529.0,563.98,12,564.0,4,564.02,5,564.04,3,564.06,1,564.14,1,564.16,3,564.18,2,564.2,4,564.22,13,564.08
au2408,,13:39:30.500#,560.2,565.18,557.7,627.76,513.62,27277,40529.0,563.98,12,564.0,4,564.02,5,564.04,3,564.06,1,564.14,1,564.16,3,564.18,2,564.2,4,564.22,13,564.08
au2408,,13:39:31.0#,560.2,565.18,557.7,627.76,513.62,27277,40529.0,564.0,4,564.02,5,564.04,3,564.06,6,564.08,2,564.12,1,564.14,3,564.16,1,564.18,2,564.2,4,564.08
au2408,,13:39:31.500#,560.2,565.18,557.7,627.76,513.62,27277,40529.0,563.98,3,564.0,10,564.02,5,564.06,6,564.08,2,564.16,1,564.18,2,564.2,4,564.22,10,564.24,9,564.08
au2408,,13:39:32.0#,560.2,565.18,557.7,627.76,513.62,27277,40529.0,563.98,6,564.0,13,564.02,5,564.06,6,564.08,2,564.14,1,564.16,3,564.18,2,564.2,1,564.22,10,564.08
au2408,,13:39:32.500#,560.2,565.18,557.7,627.76,513.62,27277,40529.0,563.98,9,564.0,10,564.02,5,564.06,6,564.08,2,564.14,1,564.16,3,564.18,2,564.2,1,564.22,10,564.08
au2408,,13:39:33.0#,560.2,565.18,557.7,627.76,513.62,27277,40529.0,563.98,9,564.0,10,564.02,5,564.06,6,564.08,2,564.14,1,564.16,1,564.18,2,564.2,1,564.22,10,564.08
au2408,,13:39:33.500#,560.2,565.18,557.7,627.76,513.62,27277,40529.0,563.98,9,564.0,10,564.02,5,564.06,6,564.08,2,564.14,1,564.16,1,564.18,2,564.2,1,564.22,10,564.08
au2408,,13:39:34.0#,560.2,565.18,557.7,627.76,513.62,27277,40529.0,563.98,9,564.0,10,564.02,5,564.06,6,564.08,2,564.14,1,564.16,1,564.18,2,564.2,1,564.22,7,564.08
au2408,,13:39:34.500#,560.2,565.18,557.7,627.76,513.62,27277,40529.0,564.0,10,564.02,5,564.06,6,564.08,2,564.1,2,564.14,1,564.16,1,564.18,2,564.2,1,564.22,7,564.08
au2408,,13:39:35.0#,560.2,565.18,557.7,627.76,513.62,27277,40529.0,564.02,8,564.06,6,564.08,2,564.1,2,564.14,1,564.16,1,564.18,2,564.2,1,564.22,4,564.24,9,564.08
au2408,,13:39:35.500#,560.2,565.18,557.7,627.76,513.62,27278,40528.0,564.0,7,564.02,14,564.04,6,564.06,6,564.1,2,564.18,2,564.2,1,564.22,1,564.24,3,564.26,3,564.12
au2408,,13:39:36.0#,560.2,565.18,557.7,627.76,513.62,27279,40527.0,564.02,5,564.04,3,564.06,6,564.1,2,564.12,4,564.2,1,564.22,1,564.26,6,564.28,12,564.34,1,564.18
au2408,,13:39:36.500#,560.2,565.18,557.7,627.76,513.62,27279,40527.0,564.06,8,564.1,2,564.12,4,564.14,2,564.2,1,564.22,1,564.28,6,564.3,9,564.34,4,564.36,3,564.18
au2408,,13:39:37.0#,560.2,565.18,557.7,627.76,513.62,27281,40525.0,564.04,3,564.06,8,564.08,3,564.1,5,564.12,1,564.18,1,564.2,1,564.22,3,564.26,3,564.28,3,564.14
au2408,,13:39:37.500#,560.2,565.18,557.7,627.76,513.62,27281,40525.0,564.04,3,564.06,8,564.1,2,564.12,1,564.14,2,564.18,1,564.2,3,564.22,3,564.28,9,564.3,12,564.14
au2408,,13:39:38.0#,560.2,565.18,557.7,627.76,513.62,27281,40525.0,564.06,8,564.1,2,564.12,1,564.14,2,564.16,1,564.18,1,564.2,1,564.22,3,564.28,6,564.3,15,564.14
au2408,,13:39:38.500#,560.2,565.18,557.7,627.76,513.62,27282,40525.0,564.04,9,564.06,14,564.1,2,564.12,1,564.16,1,564.2,1,564.22,1,564.28,3,564.3,15,564.32,9,564.18
au2408,,13:39:39.0#,560.2,565.18,557.7,627.76,513.62,27283,40524.0,564.04,6,564.06,14,564.1,2,564.12,1,564.16,1,564.22,1,564.28,3,564.3,9,564.32,9,564.34,7,564.2
au2408,,13:39:39.500#,560.2,565.18,557.7,627.76,513.62,27283,40524.0,564.06,11,564.08,6,564.1,2,564.12,1,564.16,1,564.22,1,564.3,3,564.32,9,564.34,10,564.36,3,564.2
au2408,,13:39:40.0#,560.2,565.18,557.7,627.76,513.62,27283,40524.0,564.06,11,564.08,6,564.1,2,564.12,1,564.16,1,564.3,3,564.32,6,564.34,7,564.36,6,564.38,3,564.2
au2408,,13:39:40.500#,560.2,565.18,557.7,627.76,513.62,27283,40524.0,564.08,6,564.1,5,564.12,1,564.16,1,564.18,1,564.26,8,564.28,7,564.32,3,564.34,9,564.36,4,564.2
au2408,,13:39:41.0#,560.2,565.18,557.7,627.76,513.62,27284,40523.0,564.02,5,564.04,3,564.06,14,564.08,6,564.1,5,564.22,2,564.24,2,564.26,9,564.28,13,564.3,3,564.12
au2408,,13:39:41.500#,560.2,565.18,557.7,627.76,513.62,27285,40523.0,564.04,9,564.06,8,564.1,1,564.12,7,564.14,1,564.2,1,564.22,2,564.24,2,564.28,9,564.3,15,564.12
au2408,,13:39:42.0#,560.2,565.18,557.7,627.76,513.62,27286,40523.0,564.04,9,564.06,11,564.1,1,564.12,6,564.14,1,564.22,2,564.24,2,564.28,9,564.3,6,564.32,12,564.12
au2408,,13:39:42.500#,560.2,565.18,557.7,627.76,513.62,27286,40523.0,564.12,6,564.14,1,564.16,1,564.18,1,564.22,1,564.28,6,564.3,3,564.32,9,564.34,12,564.36,1,564.12
au2408,,13:39:43.0#,560.2,565.18,557.7,627.76,513.62,27288,40522.0,564.0,4,564.02,9,564.06,8,564.1,10,564.12,5,564.26,7,564.28,8,564.32,3,564.34,3,564.36,7,564.12
au2408,,13:39:43.500#,560.2,565.18,557.7,627.76,513.62,27288,40522.0,564.06,14,564.1,4,564.12,2,564.14,9,564.16,1,564.22,1,564.24,1,564.26,8,564.28,5,564.3,3,564.12
au2408,,13:39:44.0#,560.2,565.18,557.7,627.76,513.62,27288,40522.0,564.08,3,564.1,4,564.12,2,564.14,7,564.16,1,564.24,1,564.26,2,564.28,5,564.3,3,564.32,12,564.12
au2408,,13:39:44.500#,560.2,565.18,557.7,627.76,513.62,27292,40520.0,564.06,14,564.08,12,564.1,1,564.12,2,564.14,4,564.22,2,564.24,1,564.26,2,564.28,5,564.32,9,564.12
au2408,,13:39:45.0#,560.2,565.18,557.7,627.76,513.62,27292,40520.0,564.06,20,564.08,3,564.1,1,564.12,2,564.14,2,564.22,2,564.26,2,564.28,5,564.3,6,564.32,10,564.12
au2408,,13:39:45.500#,560.2,565.18,557.7,627.76,513.62,27292,40520.0,564.04,15,564.06,17,564.1,1,564.12,2,564.14,1,564.2,2,564.22,2,564.26,2,564.28,8,564.3,3,564.12
au2408,,13:39:46.0#,560.2,565.18,557.7,627.76,513.62,27294,40520.0,563.98,3,564.0,4,564.02,17,564.04,9,564.06,8,564.18,1,564.2,2,564.22,2,564.26,2,564.28,11,564.1
au2408,,13:39:46.500#,560.2,565.18,557.7,627.76,513.62,27294,40520.0,564.0,10,564.02,8,564.06,5,564.08,9,564.1,2,564.18,1,564.22,2,564.24,6,564.26,6,564.28,9,564.1
au2408,,13:39:47.0#,560.2,565.18,557.7,627.76,513.62,27295,40519.0,564.0,19,564.02,11,564.06,9,564.08,4,564.1,2,564.22,2,564.26,5,564.28,14,564.3,8,564.32,6,564.14
au2408,,13:39:47.500#,560.2,565.18,557.7,627.76,513.62,27296,40518.0,564.06,5,564.08,7,564.1,3,564.12,5,564.14,1,564.2,1,564.22,2,564.26,2,564.28,7,564.3,4,564.2
au2408,,13:39:48.0#,560.2,565.18,557.7,627.76,513.62,27297,40517.0,564.04,16,564.06,11,564.08,7,564.12,5,564.14,1,564.2,1,564.22,2,564.26,2,564.28,4,564.3,9,564.2
au2408,,13:39:48.500#,560.2,565.18,557.7,627.76,513.62,27297,40517.0,564.08,7,564.12,5,564.14,1,564.16,1,564.2,1,564.22,2,564.26,2,564.28,4,564.3,6,564.32,15,564.2
au2408,,13:39:49.0#,560.2,565.18,557.7,627.76,513.62,27299,40516.0,564.02,5,564.04,9,564.06,14,564.08,11,564.12,1,564.24,2,564.26,2,564.28,4,564.3,3,564.32,6,564.12
au2408,,13:39:49.500#,560.2,565.18,557.7,627.76,513.62,27300,40515.0,564.06,8,564.08,2,564.1,3,564.14,8,564.16,4,564.24,1,564.26,2,564.28,4,564.3,6,564.32,12,564.24
au2408,,13:39:50.0#,560.2,565.18,557.7,627.76,513.62,27301,40514.0,564.1,3,564.12,1,564.14,5,564.16,4,564.18,1,564.26,2,564.28,4,564.32,9,564.34,13,564.36,6,564.24
au2408,,13:39:50.500#,560.2,565.18,557.7,627.76,513.62,27302,40513.0,564.04,6,564.06,7,564.08,14,564.1,6,564.14,5,564.24,3,564.26,2,564.28,4,564.3,3,564.34,6,564.18
au2408,,13:39:51.0#,560.2,565.18,557.7,627.76,513.62,27303,40513.0,564.08,4,564.1,3,564.14,2,564.16,3,564.18,2,564.26,2,564.28,2,564.32,3,564.34,15,564.36,4,564.24
au2408,,13:39:51.500#,560.2,565.18,557.7,627.76,513.62,27304,40513.0,564.1,3,564.12,3,564.14,2,564.16,2,564.18,2,564.26,1,564.28,2,564.34,6,564.36,8,564.38,14,564.26
au2408,,13:39:52.0#,560.2,565.18,557.7,627.76,513.62,27304,40513.0,564.08,16,564.1,12,564.14,1,564.16,2,564.18,4,564.26,1,564.28,2,564.32,3,564.34,3,564.36,8,564.26
au2408,,13:39:52.500#,560.2,565.18,557.7,627.76,513.62,27304,40513.0,564.14,1,564.16,2,564.18,4,564.2,1,564.26,1,564.28,2,564.34,6,564.36,11,564.38,14,564.4,1,564.26
au2408,,13:39:53.0#,560.2,565.18,557.7,627.76,513.62,27306,40511.0,564.1,3,564.12,9,564.14,7,564.16,1,564.18,2,564.28,1,564.32,3,564.36,1,564.38,6,564.4,14,564.18
au2408,,13:39:53.500#,560.2,565.18,557.7,627.76,513.62,27306,40511.0,564.12,3,564.14,1,564.16,1,564.18,2,564.2,1,564.24,1,564.26,10,564.28,3,564.3,3,564.34,3,564.18
au2408,,13:39:54.0#,560.2,565.18,557.7,627.76,513.62,27306,40511.0,564.14,1,564.16,1,564.18,2,564.2,1,564.24,1,564.26,1,564.28,1,564.34,6,564.36,11,564.38,8,564.18
au2408,,13:39:54.500#,560.2,565.18,557.7,627.76,513.62,27308,40511.0,564.1,5,564.12,7,564.14,4,564.16,1,564.18,1,564.26,1,564.28,1,564.32,3,564.36,4,564.38,6,564.18
au2408,,13:39:55.0#,560.2,565.18,557.7,627.76,513.62,27308,40511.0,564.12,3,564.14,1,564.16,1,564.18,1,564.2,1,564.22,1,564.26,1,564.28,1,564.34,6,564.36,5,564.18
au2408,,13:39:55.500#,560.2,565.18,557.7,627.76,513.62,27309,40511.0,564.12,3,564.14,4,564.16,1,564.18,1,564.2,1,564.26,1,564.28,1,564.34,3,564.36,13,564.38,6,564.22
au2408,,13:39:56.0#,560.2,565.18,557.7,627.76,513.62,27309,40511.0,564.12,3,564.14,1,564.16,1,564.18,1,564.2,1,564.26,1,564.28,1,564.32,3,564.36,4,564.38,15,564.22
au2408,,13:39:56.500#,560.2,565.18,557.7,627.76,513.62,27309,40511.0,564.12,6,564.14,1,564.16,1,564.18,2,564.2,1,564.26,1,564.28,1,564.34,3,564.36,4,564.38,15,564.22
au2408,,13:39:57.0#,560.2,565.18,557.7,627.76,513.62,27310,40510.0,564.12,6,564.14,1,564.16,1,564.18,2,564.2,1,564.28,1,564.34,3,564.36,4,564.38,15,564.4,4,564.26
au2408,,13:39:57.500#,560.2,565.18,557.7,627.76,513.62,27311,40510.0,564.12,6,564.14,4,564.16,1,564.18,2,564.2,1,564.36,4,564.38,7,564.4,9,564.42,3,564.46,1,564.28
au2408,,13:39:58.0#,560.2,565.18,557.7,627.76,513.62,27311,40510.0,564.14,8,564.16,4,564.18,2,564.2,1,564.22,1,564.3,4,564.32,7,564.34,5,564.36,1,564.38,6,564.28
au2408,,13:39:58.500#,560.2,565.18,557.7,627.76,513.62,27312,40509.0,564.1,8,564.12,7,564.14,7,564.16,1,564.18,2,564.26,1,564.28,2,564.3,6,564.32,5,564.34,3,564.2
au2408,,13:39:59.0#,560.2,565.18,557.7,627.76,513.62,27312,40509.0,564.14,4,564.16,1,564.18,1,564.2,4,564.26,1,564.28,1,564.3,5,564.32,1,564.34,7,564.36,11,564.2
au2408,,13:39:59.500#,560.2,565.18,557.7,627.76,513.62,27314,40508.0,564.08,3,564.12,8,564.14,8,564.16,1,564.18,1,564.26,8,564.28,1,564.3,5,564.32,1,564.34,4,564.2
au2408,,13:40:00.0#,560.2,565.18,557.7,627.76,513.62,27315,40508.0,564.12,3,564.14,1,564.16,1,564.18,1,564.2,3,564.26,2,564.3,5,564.32,1,564.34,10,564.36,16,564.26
au2408,,13:40:00.500#,560.2,565.18,557.7,627.76,513.62,27315,40508.0,564.14,1,564.16,1,564.18,1,564.2,3,564.26,1,564.3,9,564.32,1,564.34,4,564.36,7,564.38,15,564.26
au2408,,13:40:01.0#,560.2,565.18,557.7,627.76,513.62,27316,40508.0,564.12,5,564.14,11,564.16,1,564.18,1,564.2,2,564.26,4,564.28,6,564.3,6,564.32,4,564.34,1,564.26
au2408,,13:40:01.500#,560.2,565.18,557.7,627.76,513.62,27316,40508.0,564.16,4,564.18,1,564.2,2,564.22,1,564.26,1,564.28,3,564.3,4,564.32,1,564.34,7,564.36,11,564.26
au2408,,13:40:02.0#,560.2,565.18,557.7,627.76,513.62,27318,40506.0,564.12,9,564.14,7,564.16,4,564.18,1,564.2,1,564.28,1,564.3,4,564.32,1,564.34,1,564.36,7,564.2
au2408,,13:40:02.500#,560.2,565.18,557.7,627.76,513.62,27318,40506.0,564.1,9,564.12,9,564.14,4,564.16,1,564.2,1,564.26,1,564.28,1,564.3,4,564.32,1,564.34,1,564.2
au2408,,13:40:03.0#,560.2,565.18,557.7,627.76,513.62,27318,40506.0,564.14,1,564.16,4,564.2,2,564.22,1,564.26,1,564.28,1,564.3,4,564.32,1,564.34,4,564.36,7,564.2
au2408,,13:40:03.500#,560.2,565.18,557.7,627.76,513.62,27319,40505.0,564.08,3,564.12,8,564.14,14,564.16,1,564.2,2,564.28,1,564.3,4,564.32,1,564.34,1,564.36,7,564.26
au2408,,13:40:04.0#,560.2,565.18,557.7,627.76,513.62,27320,40505.0,564.12,9,564.14,1,564.16,4,564.2,1,564.22,1,564.32,1,564.34,1,564.36,7,564.38,16,564.4,3,564.28
au2408,,13:40:04.500#,560.2,565.18,557.7,627.76,513.62,27320,40505.0,564.12,8,564.14,5,564.16,7,564.2,2,564.22,1,564.3,2,564.32,1,564.34,1,564.36,1,564.38,3,564.28
au2408,,13:40:05.0#,560.2,565.18,557.7,627.76,513.62,27321,40505.0,564.12,13,564.14,4,564.16,1,564.2,1,564.22,2,564.28,1,564.3,3,564.32,1,564.34,1,564.36,4,564.28
au2408,,13:40:05.500#,560.2,565.18,557.7,627.76,513.62,27321,40505.0,564.16,1,564.2,1,564.22,2,564.24,1,564.28,1,564.3,3,564.32,1,564.34,1,564.36,7,564.38,6,564.28
au2408,,13:40:06.0#,560.2,565.18,557.7,627.76,513.62,27322,40504.0,564.14,13,564.16,4,564.2,1,564.22,1,564.24,1,564.26,7,564.28,2,564.3,3,564.32,1,564.34,1,564.28
au2408,,13:40:06.500#,560.2,565.18,557.7,627.76,513.62,27324,40505.0,564.1,12,564.12,9,564.14,4,564.16,1,564.2,1,564.24,3,564.26,1,564.28,5,564.32,1,564.34,4,564.22
au2408,,13:40:07.0#,560.2,565.18,557.7,627.76,513.62,27326,40504.0,564.02,8,564.06,7,564.08,10,564.1,9,564.14,1,564.24,8,564.26,1,564.28,2,564.32,7,564.34,7,564.2
au2408,,13:40:07.500#,560.2,565.18,557.7,627.76,513.62,27327,40504.0,564.02,11,564.04,6,564.06,8,564.1,3,564.14,1,564.22,3,564.24,9,564.26,1,564.28,2,564.3,6,564.16
au2408,,13:40:08.0#,560.2,565.18,557.7,627.76,513.62,27327,40504.0,564.02,10,564.04,4,564.06,8,564.08,3,564.14,1,564.2,3,564.22,3,564.24,8,564.26,1,564.28,2,564.16
au2408,,13:40:08.500#,560.2,565.18,557.7,627.76,513.62,27327,40504.0,564.02,14,564.04,6,564.06,5,564.08,3,564.14,1,564.2,4,564.22,2,564.24,6,564.26,1,564.28,8,564.16
au2408,,13:40:09.0#,560.2,565.18,557.7,627.76,513.62,27327,40504.0,564.0,13,564.02,14,564.04,6,564.06,8,564.14,2,564.2,4,564.22,2,564.24,6,564.26,1,564.28,11,564.16
au2408,,13:40:09.500#,560.2,565.18,557.7,627.76,513.62,27327,40504.0,564.02,14,564.04,6,564.06,5,564.08,3,564.14,2,564.2,4,564.22,2,564.24,6,564.26,1,564.28,8,564.16
au2408,,13:40:10.0#,560.2,565.18,557.7,627.76,513.62,27327,40504.0,564.0,7,564.02,17,564.04,6,564.06,8,564.14,1,564.18,2,564.2,4,564.22,2,564.24,6,564.26,1,564.16
au2408,,13:40:10.500#,560.2,565.18,557.7,627.76,513.62,27327,40504.0,564.0,12,564.02,15,564.04,3,564.06,5,564.14,1,564.18,2,564.2,4,564.22,1,564.24,9,564.26,4,564.16
au2408,,13:40:11.0#,560.2,565.18,557.7,627.76,513.62,27327,40504.0,564.0,9,564.02,12,564.04,3,564.06,8,564.14,1,564.16,2,564.2,3,564.24,6,564.26,4,564.28,20,564.16
au2408,,13:40:11.500#,560.2,565.18,557.7,627.76,513.62,27327,40504.0,563.98,6,564.0,13,564.02,11,564.06,8,564.14,1,564.16,1,564.2,3,564.24,6,564.26,4,564.28,24,564.16
au2408,,13:40:12.0#,560.2,565.18,557.7,627.76,513.62,27328,40504.0,563.98,9,564.0,6,564.02,12,564.04,6,564.06,5,564.16,1,564.2,3,564.24,6,564.26,1,564.28,20,564.14
au2408,,13:40:12.500#,560.2,565.18,557.7,627.76,513.62,27328,40504.0,563.98,16,564.0,4,564.02,8,564.06,5,564.08,4,564.14,1,564.2,3,564.24,15,564.26,10,564.28,11,564.14
au2408,,13:40:13.0#,560.2,565.18,557.7,627.76,513.62,27328,40504.0,563.98,19,564.0,4,564.02,5,564.06,9,564.08,4,564.14,2,564.2,3,564.24,12,564.26,7,564.28,14,564.14
au2408,,13:40:13.500#,560.2,565.18,557.7,627.76,513.62,27328,40504.0,563.98,16,564.0,4,564.02,8,564.06,6,564.08,4,564.14,2,564.2,3,564.24,12,564.26,10,564.28,14,564.14
au2408,,13:40:14.0#,560.2,565.18,557.7,627.76,513.62,27328,40504.0,564.0,4,564.02,5,564.04,3,564.06,6,564.08,4,564.14,2,564.2,3,564.24,12,564.26,10,564.28,11,564.14
au2408,,13:40:14.500#,560.2,565.18,557.7,627.76,513.62,27329,40504.0,564.0,7,564.02,5,564.04,3,564.06,6,564.08,4,564.14,1,564.2,3,564.24,12,564.26,10,564.28,11,564.14
au2408,,13:40:15.0#,560.2,565.18,557.7,627.76,513.62,27329,40504.0,564.0,7,564.02,8,564.06,6,564.08,4,564.1,1,564.14,1,564.2,3,564.24,12,564.26,10,564.28,11,564.14
au2408,,13:40:15.500#,560.2,565.18,557.7,627.76,513.62,27329,40504.0,564.0,10,564.02,8,564.06,5,564.08,3,564.1,1,564.14,1,564.2,3,564.24,12,564.26,8,564.28,13,564.14
au2408,,13:40:16.0#,560.2,565.18,557.7,627.76,513.62,27329,40504.0,564.0,10,564.02,8,564.06,5,564.08,3,564.1,1,564.14,1,564.2,3,564.24,12,564.26,8,564.28,16,564.14
au2408,,13:40:16.500#,560.2,565.18,557.7,627.76,513.62,27330,40503.0,563.96,6,563.98,18,564.0,10,564.02,8,564.06,5,564.12,3,564.14,1,564.2,3,564.24,12,564.26,8,564.1
au2408,,13:40:17.0#,560.2,565.18,557.7,627.76,513.62,27330,40503.0,564.0,1,564.02,8,564.06,5,564.08,3,564.1,1,564.12,4,564.14,1,564.2,3,564.22,6,564.24,18,564.1
au2408,,13:40:17.500#,560.2,565.18,557.7,627.76,513.62,27331,40504.0,563.96,18,563.98,9,564.0,4,564.02,5,564.06,5,564.1,3,564.12,3,564.18,3,564.2,3,564.22,6,564.1
au2408,,13:40:18.0#,560.2,565.18,557.7,627.76,513.62,27331,40504.0,563.96,15,563.98,3,564.0,1,564.02,5,564.06,5,564.1,2,564.12,1,564.2,9,564.22,16,564.24,15,564.1
au2408,,13:40:18.500#,560.2,565.18,557.7,627.76,513.62,27331,40504.0,563.94,15,563.96,15,564.0,4,564.02,5,564.06,5,564.08,1,564.1,1,564.12,1,564.2,6,564.22,13,564.1
au2408,,13:40:19.0#,560.2,565.18,557.7,627.76,513.62,27332,40503.0,563.98,3,564.0,1,564.02,5,564.06,5,564.08,1,564.1,1,564.12,1,564.2,12,564.22,12,564.24,16,564.08
au2408,,13:40:19.500#,560.2,565.18,557.7,627.76,513.62,27333,40502.0,563.98,9,564.0,1,564.02,5,564.06,5,564.08,1,564.12,1,564.2,6,564.22,6,564.24,22,564.26,1,564.1
au2408,,13:40:20.0#,560.2,565.18,557.7,627.76,513.62,27334,40501.0,563.98,9,564.0,4,564.02,5,564.06,5,564.08,1,564.2,3,564.22,6,564.24,20,564.26,9,564.28,4,564.12
au2408,,13:40:20.500#,560.2,565.18,557.7,627.76,513.62,27335,40501.0,563.98,11,564.0,8,564.02,8,564.06,5,564.08,1,564.16,2,564.18,7,564.2,3,564.22,3,564.24,5,564.16
au2408,,13:40:21.0#,560.2,565.18,557.7,627.76,513.62,27335,40501.0,563.98,16,564.0,7,564.02,5,564.06,5,564.08,1,564.16,2,564.18,5,564.2,3,564.22,3,564.24,14,564.16
au2408,,13:40:21.500#,560.2,565.18,557.7,627.76,513.62,27335,40501.0,563.98,16,564.0,7,564.02,5,564.06,5,564.08,1,564.16,2,564.18,5,564.2,3,564.22,3,564.24,11,564.16
au2408,,13:40:22.0#,560.2,565.18,557.7,627.76,513.62,27335,40501.0,563.98,16,564.0,7,564.02,5,564.06,5,564.08,1,564.14,2,564.16,2,564.18,5,564.2,3,564.22,3,564.16
au2408,,13:40:22.500#,560.2,565.18,557.7,627.76,513.62,27336,40501.0,563.98,6,564.0,4,564.02,5,564.06,5,564.08,1,564.14,1,564.16,2,564.18,5,564.2,3,564.22,9,564.14
au2408,,13:40:23.0#,560.2,565.18,557.7,627.76,513.62,27337,40501.0,563.98,10,564.0,7,564.02,5,564.06,5,564.08,1,564.16,2,564.18,5,564.2,3,564.22,6,564.24,8,564.14
au2408,,13:40:23.500#,560.2,565.18,557.7,627.76,513.62,27338,40501.0,563.98,10,564.0,4,564.02,8,564.06,5,564.08,1,564.16,1,564.18,5,564.2,3,564.24,11,564.26,22,564.16
au2408,,13:40:24.0#,560.2,565.18,557.7,627.76,513.62,27339,40500.0,564.0,7,564.02,8,564.06,5,564.08,1,564.1,1,564.18,5,564.2,3,564.24,8,564.26,23,564.28,3,564.16
au2408,,13:40:24.500#,560.2,565.18,557.7,627.76,513.62,27340,40500.0,564.02,11,564.06,5,564.08,1,564.1,4,564.12,2,564.18,2,564.2,3,564.24,5,564.26,16,564.28,16,564.18
au2408,,13:40:25.0#,560.2,565.18,557.7,627.76,513.62,27340,40500.0,564.06,5,564.08,1,564.1,3,564.12,2,564.18,1,564.2,3,564.24,2,564.26,7,564.28,19,564.3,9,564.18
au2408,,13:40:25.500#,560.2,565.18,557.7,627.76,513.62,27341,40500.0,564.02,11,564.04,9,564.06,14,564.08,1,564.1,3,564.2,3,564.24,5,564.26,4,564.28,4,564.3,6,564.18
au2408,,13:40:26.0#,560.2,565.18,557.7,627.76,513.62,27341,40500.0,564.04,3,564.06,5,564.08,1,564.1,3,564.12,3,564.18,3,564.2,3,564.24,5,564.26,4,564.28,10,564.18
au2408,,13:40:26.500#,560.2,565.18,557.7,627.76,513.62,27341,40500.0,564.08,1,564.1,3,564.12,3,564.14,2,564.18,1,564.2,3,564.24,2,564.26,7,564.28,10,564.3,18,564.18
au2408,,13:40:27.0#,560.2,565.18,557.7,627.76,513.62,27342,40499.0,564.02,5,564.04,12,564.06,8,564.08,4,564.1,3,564.2,3,564.24,2,564.26,4,564.28,4,564.3,6,564.18
au2408,,13:40:27.500#,560.2,565.18,557.7,627.76,513.62,27342,40499.0,564.06,5,564.08,1,564.1,3,564.12,3,564.14,2,564.18,1,564.24,2,564.26,4,564.28,10,564.3,15,564.18
au2408,,13:40:28.0#,560.2,565.18,557.7,627.76,513.62,27342,40499.0,564.06,11,564.08,1,564.1,3,564.14,2,564.18,1,564.24,2,564.26,1,564.28,10,564.3,13,564.32,8,564.18
au2408,,13:40:28.500#,560.2,565.18,557.7,627.76,513.62,27342,40499.0,564.04,6,564.06,20,564.08,7,564.1,3,564.18,1,564.22,3,564.24,2,564.26,1,564.28,7,564.3,3,564.18
au2408,,13:40:29.0#,560.2,565.18,557.7,627.76,513.62,27343,40498.0,564.02,8,564.04,11,564.06,15,564.08,3,564.1,3,564.2,2,564.22,3,564.24,2,564.26,1,564.28,7,564.18
au2408,,13:40:29.500#,560.2,565.18,557.7,627.76,513.62,27343,40498.0,564.04,3,564.06,8,564.1,3,564.12,4,564.14,4,564.2,2,564.24,2,564.26,1,564.28,10,564.3,18,564.18
au2408,,13:40:30.0#,560.2,565.18,557.7,627.76,513.62,27343,40498.0,564.06,8,564.08,3,564.1,3,564.14,3,564.16,2,564.24,2,564.26,1,564.28,1,564.3,18,564.32,12,564.18
au2408,,13:40:30.500#,560.2,565.18,557.7,627.76,513.62,27343,40498.0,564.04,9,564.06,17,564.08,6,564.1,3,564.14,3,564.2,1,564.22,3,564.24,4,564.26,4,564.28,1,564.18
au2408,,13:40:31.0#,560.2,565.18,557.7,627.76,513.62,27343,40498.0,564.06,8,564.08,3,564.1,3,564.14,2,564.16,2,564.24,4,564.26,1,564.28,4,564.3,15,564.32,12,564.18
au2408,,13:40:31.500#,560.2,565.18,557.7,627.76,513.62,27343,40498.0,564.04,8,564.06,18,564.08,6,564.1,3,564.14,2,564.24,4,564.26,1,564.28,1,564.3,6,564.32,15,564.18
au2408,,13:40:32.0#,560.2,565.18,557.7,627.76,513.62,27343,40498.0,564.04,15,564.06,14,564.1,6,564.14,2,564.16,6,564.24,2,564.26,1,564.28,1,564.3,3,564.32,16,564.18
au2408,,13:40:32.500#,560.2,565.18,557.7,627.76,513.62,27343,40498.0,564.08,6,564.1,6,564.14,2,564.16,5,564.18,1,564.24,2,564.26,1,564.28,1,564.32,9,564.34,23,564.18
au2408,,13:40:33.0#,560.2,565.18,557.7,627.76,513.62,27344,40498.0,564.08,12,564.1,6,564.16,3,564.18,1,564.2,2,564.24,1,564.26,1,564.28,1,564.32,6,564.34,17,564.24
au2408,,13:40:33.500#,560.2,565.18,557.7,627.76,513.62,27344,40498.0,564.04,6,564.06,11,564.08,12,564.1,12,564.16,3,564.24,1,564.26,1,564.28,1,564.32,3,564.34,10,564.24
au2408,,13:40:34.0#,560.2,565.18,557.7,627.76,513.62,27345,40497.0,564.1,3,564.12,3,564.16,3,564.18,3,564.2,2,564.26,1,564.28,1,564.32,3,564.34,17,564.36,15,564.24
au2408,,13:40:34.500#,560.2,565.18,557.7,627.76,513.62,27346,40497.0,564.08,8,564.1,18,564.12,3,564.16,3,564.2,1,564.28,1,564.34,4,564.36,16,564.38,13,564.4,1,564.2
au2408,,13:40:35.0#,560.2,565.18,557.7,627.76,513.62,27346,40497.0,564.1,6,564.12,9,564.16,3,564.2,1,564.22,2,564.28,1,564.34,4,564.36,7,564.38,14,564.4,6,564.2
au2408,,13:40:35.500#,560.2,565.18,557.7,627.76,513.62,27346,40497.0,564.1,8,564.12,10,564.14,3,564.16,3,564.2,1,564.28,1,564.34,4,564.36,4,564.38,10,564.4,16,564.2
au2408,,13:40:36.0#,560.2,565.18,557.7,627.76,513.62,27346,40497.0,564.06,11,564.08,3,564.1,9,564.12,9,564.16,3,564.24,1,564.26,1,564.28,3,564.34,4,564.36,7,564.2
au2408,,13:40:36.500#,560.2,565.18,557.7,627.76,513.62,27346,40497.0,564.08,6,564.12,3,564.16,3,564.18,4,564.24,1,564.26,1,564.28,3,564.32,3,564.34,11,564.36,15,564.2
au2408,,13:40:37.0#,560.2,565.18,557.7,627.76,513.62,27347,40497.0,564.08,6,564.1,5,564.12,4,564.14,3,564.16,3,564.24,2,564.26,3,564.28,1,564.3,3,564.34,7,564.22
au2408,,13:40:37.500#,560.2,565.18,557.7,627.76,513.62,27347,40497.0,564.02,8,564.04,3,564.06,20,564.08,9,564.16,3,564.22,2,564.24,2,564.26,3,564.28,1,564.3,3,564.22
au2408,,13:40:38.0#,560.2,565.18,557.7,627.76,513.62,27347,40497.0,564.02,8,564.04,8,564.06,9,564.08,3,564.16,3,564.24,1,564.26,2,564.28,1,564.3,6,564.32,6,564.22
au2408,,13:40:38.500#,560.2,565.18,557.7,627.76,513.62,27347,40497.0,564.02,17,564.04,3,564.06,11,564.08,9,564.16,3,564.22,1,564.24,3,564.28,1,564.3,3,564.32,6,564.22
au2408,,13:40:39.0#,560.2,565.18,557.7,627.76,513.62,27347,40497.0,564.02,20,564.04,2,564.06,12,564.08,6,564.16,1,564.22,1,564.24,3,564.28,1,564.3,3,564.32,15,564.22
au2408,,13:40:39.500#,560.2,565.18,557.7,627.76,513.62,27347,40497.0,564.02,17,564.04,2,564.06,15,564.08,3,564.16,1,564.22,1,564.24,3,564.28,4,564.3,3,564.32,15,564.22
au2408,,13:40:40.0#,560.2,565.18,557.7,627.76,513.62,27347,40497.0,564.02,17,564.04,2,564.06,12,564.08,6,564.16,1,564.22,1,564.24,3,564.28,1,564.3,3,564.32,18,564.22
au2408,,13:40:40.500#,560.2,565.18,557.7,627.76,513.62,27348,40497.0,564.0,4,564.02,17,564.04,2,564.06,15,564.08,3,564.22,1,564.24,3,564.28,4,564.32,18,564.34,10,564.16
au2408,,13:40:41.0#,560.2,565.18,557.7,627.76,513.62,27348,40497.0,564.04,3,564.06,8,564.1,9,564.12,2,564.14,1,564.22,2,564.24,1,564.28,7,564.3,9,564.32,3,564.16
au2408,,13:40:41.500#,560.2,565.18,557.7,627.76,513.62,27348,40497.0,564.06,11,564.08,1,564.1,5,564.12,1,564.14,1,564.2,1,564.24,1,564.28,4,564.3,6,564.32,12,564.16
au2408,,13:40:42.0#,560.2,565.18,557.7,627.76,513.62,27348,40497.0,564.04,10,564.06,14,564.1,5,564.12,1,564.14,1,564.24,1,564.28,4,564.3,6,564.32,12,564.34,7,564.16
au2408,,13:40:42.500#,560.2,565.18,557.7,627.76,513.62,27348,40497.0,564.06,9,564.08,3,564.1,5,564.12,1,564.14,1,564.22,4,564.24,1,564.28,4,564.3,3,564.32,6,564.16
au2408,,13:40:43.0#,560.2,565.18,557.7,627.76,513.62,27348,40497.0,564.04,13,564.06,14,564.1,5,564.12,1,564.14,1,564.22,2,564.24,1,564.28,4,564.3,9,564.32,12,564.16
au2408,,13:40:43.500#,560.2,565.18,557.7,627.76,513.62,27348,40497.0,564.04,13,564.06,11,564.1,5,564.12,1,564.14,1,564.22,4,564.24,1,564.28,4,564.3,9,564.32,12,564.16
au2408,,13:40:44.0#,560.2,565.18,557.7,627.76,513.62,27348,40497.0,564.06,11,564.1,5,564.12,1,564.14,1,564.16,2,564.22,2,564.24,1,564.28,4,564.3,9,564.32,15,564.16
au2408,,13:40:44.500#,560.2,565.18,557.7,627.76,513.62,27348,40497.0,564.04,8,564.06,18,564.08,3,564.1,5,564.14,1,564.22,2,564.24,1,564.28,4,564.3,3,564.32,15,564.16
au2408,,13:40:45.0#,560.2,565.18,557.7,627.76,513.62,27348,40497.0,564.04,13,564.06,11,564.1,5,564.14,1,564.16,1,564.22,1,564.24,1,564.28,4,564.3,9,564.32,12,564.16
au2408,,13:40:45.500#,560.2,565.18,557.7,627.76,513.62,27348,40497.0,564.04,8,564.06,15,564.08,3,564.1,5,564.16,3,564.22,1,564.24,1,564.28,4,564.3,3,564.32,12,564.16
au2408,,13:40:46.0#,560.2,565.18,557.7,627.76,513.62,27348,40497.0,564.04,8,564.06,12,564.08,6,564.1,5,564.16,3,564.22,1,564.24,1,564.28,1,564.3,3,564.32,15,564.16
au2408,,13:40:46.500#,560.2,565.18,557.7,627.76,513.62,27348,40497.0,564.04,11,564.06,12,564.08,6,564.1,5,564.16,3,564.22,1,564.24,1,564.28,1,564.3,3,564.32,12,564.16
au2408,,13:40:47.0#,560.2,565.18,557.7,627.76,513.62,27348,40497.0,564.06,12,564.08,3,564.1,8,564.16,3,564.18,1,564.24,1,564.28,1,564.32,12,564.34,19,564.36,1,564.16
au2408,,13:40:47.500#,560.2,565.18,557.7,627.76,513.62,27348,40497.0,564.06,10,564.08,7,564.1,11,564.16,3,564.18,1,564.24,1,564.28,1,564.32,3,564.34,13,564.36,13,564.16
au2408,,13:40:48.0#,560.2,565.18,557.7,627.76,513.62,27348,40497.0,564.06,13,564.08,7,564.1,11,564.16,3,564.18,1,564.24,1,564.28,1,564.32,3,564.34,13,564.36,13,564.16
au2408,,13:40:48.500#,560.2,565.18,557.7,627.76,513.62,27348,40497.0,564.06,16,564.08,7,564.1,11,564.16,3,564.18,1,564.24,1,564.28,1,564.32,3,564.34,13,564.36,16,564.16
au2408,,13:40:49.0#,560.2,565.18,557.7,627.76,513.62,27348,40497.0,564.06,16,564.08,7,564.1,11,564.16,3,564.18,1,564.24,1,564.28,1,564.32,3,564.34,13,564.36,16,564.16
au2408,,13:40:49.500#,560.2,565.18,557.7,627.76,513.62,27348,40497.0,564.06,16,564.08,7,564.1,11,564.16,3,564.18,1,564.24,1,564.28,1,564.32,3,564.34,13,564.36,16,564.16
au2408,,13:40:50.0#,560.2,565.18,557.7,627.76,513.62,27348,40497.0,564.06,16,564.08,10,564.1,8,564.16,2,564.18,1,564.22,2,564.24,1,564.28,1,564.3,3,564.34,10,564.16
au2408,,13:40:50.500#,560.2,565.18,557.7,627.76,513.62,27348,40497.0,564.02,5,564.04,5,564.06,24,564.08,3,564.1,5,564.2,2,564.22,5,564.24,3,564.28,4,564.3,6,564.16
au2408,,13:40:51.0#,560.2,565.18,557.7,627.76,513.62,27348,40497.0,564.02,21,564.04,6,564.06,8,564.1,5,564.12,3,564.2,2,564.22,4,564.24,1,564.28,7,564.3,21,564.16
au2408,,13:40:51.500#,560.2,565.18,557.7,627.76,513.62,27348,40497.0,564.04,6,564.06,8,564.1,5,564.12,2,564.14,3,564.2,1,564.22,3,564.24,1,564.28,7,564.3,22,564.16
au2408,,13:40:52.0#,560.2,565.18,557.7,627.76,513.62,27348,40497.0,564.06,8,564.08,3,564.1,5,564.12,1,564.14,3,564.22,1,564.24,1,564.28,1,564.3,15,564.32,18,564.16
au2408,,13:40:52.500#,560.2,565.18,557.7,627.76,513.62,27348,40497.0,564.06,14,564.08,3,564.1,5,564.12,1,564.14,3,564.22,1,564.24,1,564.28,1,564.3,6,564.32,22,564.16
au2408,,13:40:53.0#,560.2,565.18,557.7,627.76,513.62,27348,40497.0,564.08,3,564.1,5,564.12,1,564.14,2,564.16,2,564.22,1,564.24,1,564.28,1,564.3,6,564.32,22,564.16
au2408,,13:40:53.500#,560.2,565.18,557.7,627.76,513.62,27348,40497.0,564.06,15,564.08,9,564.1,5,564.14,2,564.16,2,564.22,1,564.24,1,564.28,1,564.32,18,564.34,13,564.16
au2408,,13:40:54.0#,560.2,565.18,557.7,627.76,513.62,27348,40497.0,564.06,21,564.08,6,564.1,5,564.14,2,564.16,2,564.22,1,564.24,1,564.28,1,564.3,3,564.32,9,564.16
au2408,,13:40:54.500#,560.2,565.18,557.7,627.76,513.62,27348,40497.0,564.06,21,564.08,3,564.1,8,564.14,2,564.16,2,564.22,1,564.24,1,564.28,1,564.32,12,564.34,22,564.16
au2408,,13:40:55.0#,560.2,565.18,557.7,627.76,513.62,27348,40497.0,564.06,21,564.08,6,564.1,5,564.14,2,564.16,2,564.22,1,564.24,1,564.28,1,564.3,3,564.32,6,564.16
au2408,,13:40:55.500#,560.2,565.18,557.7,627.76,513.62,27348,40497.0,564.08,6,564.1,5,564.14,2,564.16,2,564.18,1,564.22,1,564.24,1,564.28,1,564.3,3,564.32,9,564.16
au2408,,13:40:56.0#,560.2,565.18,557.7,627.76,513.62,27349,40497.0,564.08,9,564.1,8,564.14,2,564.16,1,564.18,1,564.24,1,564.28,1,564.32,9,564.34,14,564.36,6,564.22
au2408,,13:40:56.500#,560.2,565.18,557.7,627.76,513.62,27349,40497.0,564.1,8,564.12,3,564.14,2,564.18,1,564.24,1,564.28,1,564.34,13,564.36,19,564.38,4,564.4,1,564.22
au2408,,13:40:57.0#,560.2,565.18,557.7,627.76,513.62,27350,40496.0,564.06,5,564.08,3,564.1,8,564.12,6,564.14,8,564.26,2,564.28,3,564.32,3,564.34,7,564.36,1,564.24
au2408,,13:40:57.500#,560.2,565.18,557.7,627.76,513.62,27350,40496.0,564.08,6,564.1,5,564.14,4,564.16,2,564.18,2,564.24,2,564.26,5,564.28,1,564.32,6,564.34,14,564.24
au2408,,13:40:58.0#,560.2,565.18,557.7,627.76,513.62,27350,40496.0,564.06,16,564.08,13,564.1,5,564.14,2,564.18,1,564.26,3,564.28,1,564.3,3,564.34,19,564.36,13,564.24
au2408,,13:40:58.500#,560.2,565.18,557.7,627.76,513.62,27350,40496.0,564.06,16,564.08,10,564.1,5,564.14,2,564.18,1,564.24,1,564.26,3,564.28,1,564.32,3,564.34,16,564.24
au2408,,13:40:59.0#,560.2,565.18,557.7,627.76,513.62,27350,40496.0,564.06,16,564.08,10,564.1,5,564.14,2,564.18,1,564.24,3,564.26,3,564.28,1,564.3,3,564.32,3,564.24
au2408,,13:40:59.500#,560.2,565.18,557.7,627.76,513.62,27350,40496.0,564.06,20,564.08,6,564.1,5,564.14,2,564.18,1,564.24,2,564.26,3,564.28,1,564.32,9,564.34,23,564.24
au2408,,13:41:00.0#,560.2,565.18,557.7,627.76,513.62,27350,40496.0,564.06,23,564.08,6,564.1,2,564.14,2,564.18,1,564.22,6,564.24,4,564.26,3,564.28,4,564.3,3,564.24
au2408,,13:41:00.500#,560.2,565.18,557.7,627.76,513.62,27350,40496.0,564.04,11,564.06,15,564.08,6,564.1,2,564.14,2,564.22,4,564.24,1,564.26,2,564.28,1,564.3,9,564.24
au2408,,13:41:01.0#,560.2,565.18,557.7,627.76,513.62,27350,40496.0,564.04,16,564.06,8,564.08,3,564.14,2,564.16,1,564.2,1,564.22,4,564.24,1,564.26,2,564.28,1,564.24
au2408,,13:41:01.500#,560.2,565.18,557.7,627.76,513.62,27350,40496.0,564.04,9,564.06,8,564.08,3,564.14,2,564.16,1,564.24,1,564.26,2,564.28,4,564.3,12,564.32,7,564.24
au2408,,13:41:02.0#,560.2,565.18,557.7,627.76,513.62,27350,40496.0,564.04,6,564.06,8,564.08,9,564.14,2,564.16,1,564.22,2,564.24,3,564.28,1,564.3,6,564.32,9,564.24
au2408,,13:41:02.500#,560.2,565.18,557.7,627.76,513.62,27350,40496.0,564.04,12,564.06,11,564.08,3,564.14,2,564.16,1,564.22,2,564.24,3,564.28,1,564.3,9,564.32,16,564.24
au2408,,13:41:03.0#,560.2,565.18,557.7,627.76,513.62,27350,40496.0,564.02,11,564.04,12,564.06,11,564.14,2,564.16,1,564.22,2,564.24,3,564.28,4,564.3,6,564.32,13,564.24
au2408,,13:41:03.500#,560.2,565.18,557.7,627.76,513.62,27350,40496.0,564.02,14,564.04,6,564.06,11,564.14,2,564.16,1,564.22,2,564.24,3,564.28,1,564.3,12,564.32,10,564.24
au2408,,13:41:04.0#,560.2,565.18,557.7,627.76,513.62,27350,40496.0,564.02,14,564.04,6,564.06,11,564.14,2,564.16,1,564.22,2,564.24,3,564.28,4,564.3,9,564.32,10,564.24
au2408,,13:41:04.500#,560.2,565.18,557.7,627.76,513.62,27350,40496.0,564.02,14,564.04,6,564.06,14,564.14,2,564.16,1,564.18,1,564.2,1,564.22,4,564.24,1,564.28,4,564.24
au2408,,13:41:05.0#,560.2,565.18,557.7,627.76,513.62,27351,40495.0,563.96,6,564.0,4,564.02,13,564.04,7,564.06,8,564.14,2,564.16,3,564.2,2,564.22,2,564.24,1,564.16
au2408,,13:41:05.500#,560.2,565.18,557.7,627.76,513.62,27351,40495.0,564.0,1,564.02,5,564.04,3,564.06,5,564.08,4,564.16,4,564.2,1,564.22,2,564.24,11,564.26,14,564.16
au2408,,13:41:06.0#,560.2,565.18,557.7,627.76,513.62,27351,40495.0,563.98,15,564.0,7,564.02,8,564.06,5,564.08,2,564.14,3,564.16,5,564.2,1,564.24,13,564.26,13,564.16
au2408,,13:41:06.500#,560.2,565.18,557.7,627.76,513.62,27351,40495.0,563.96,12,563.98,15,564.0,1,564.02,5,564.06,5,564.14,6,564.16,5,564.2,4,564.22,6,564.24,8,564.16
au2408,,13:41:07.0#,560.2,565.18,557.7,627.76,513.62,27351,40495.0,563.96,13,563.98,9,564.0,1,564.02,5,564.06,5,564.12,4,564.14,5,564.16,5,564.2,7,564.22,3,564.16
au2408,,13:41:07.500#,560.2,565.18,557.7,627.76,513.62,27351,40495.0,563.98,6,564.0,1,564.02,5,564.06,5,564.08,1,564.12,5,564.14,4,564.16,2,564.2,7,564.22,15,564.16
au2408,,13:41:08.0#,560.2,565.18,557.7,627.76,513.62,27351,40495.0,563.98,9,564.0,1,564.02,5,564.06,5,564.08,2,564.12,4,564.14,4,564.16,2,564.2,1,564.22,21,564.16
au2408,,13:41:08.500#,560.2,565.18,557.7,627.76,513.62,27353,40495.0,564.0,1,564.02,8,564.06,5,564.08,2,564.12,1,564.14,2,564.16,2,564.2,1,564.22,6,564.24,22,564.14
au2408,,13:41:09.0#,560.2,565.18,557.7,627.76,513.62,27355,40496.0,564.02,8,564.06,5,564.08,1,564.1,2,564.12,1,564.16,2,564.2,1,564.24,10,564.26,13,564.28,6,564.14
au2408,,13:41:09.500#,560.2,565.18,557.7,627.76,513.62,27355,40496.0,564.04,3,564.06,5,564.08,1,564.1,2,564.12,1,564.2,1,564.24,1,564.26,3,564.28,19,564.3,6,564.14
au2408,,13:41:10.0#,560.2,565.18,557.7,627.76,513.62,27355,40496.0,564.06,5,564.08,1,564.1,2,564.12,1,564.14,2,564.18,1,564.24,1,564.26,3,564.28,7,564.3,13,564.14
au2408,,13:41:11.0#,560.2,565.18,557.7,627.76,513.62,27355,40496.0,564.06,5,564.08,1,564.1,2,564.12,1,564.14,1,564.18,1,564.24,1,564.26,3,564.28,10,564.3,15,564.14
au2408,,13:41:11.500#,560.2,565.18,557.7,627.76,513.62,27355,40496.0,564.04,9,564.06,8,564.08,1,564.1,2,564.12,1,564.18,1,564.24,1,564.26,3,564.28,4,564.3,13,564.14
au2408,,13:41:12.0#,560.2,565.18,557.7,627.76,513.62,27355,40496.0,564.04,9,564.06,5,564.08,1,564.1,2,564.12,1,564.18,1,564.24,1,564.26,3,564.28,7,564.3,12,564.14
au2408,,13:41:12.500#,560.2,565.18,557.7,627.76,513.62,27355,40496.0,564.04,9,564.06,5,564.08,1,564.1,2,564.12,1,564.18,1,564.24,1,564.26,3,564.28,7,564.3,15,564.14
au2408,,13:41:13.0#,560.2,565.18,557.7,627.76,513.62,27355,40496.0,564.04,6,564.06,8,564.08,1,564.1,2,564.12,1,564.24,1,564.28,7,564.3,18,564.32,6,564.34,1,564.14
au2408,,13:41:13.500#,560.2,565.18,557.7,627.76,513.62,27355,40496.0,564.04,9,564.06,11,564.08,1,564.1,2,564.12,1,564.2,1,564.22,10,564.24,1,564.28,7,564.3,6,564.14
au2408,,13:41:14.0#,560.2,565.18,557.7,627.76,513.62,27355,40496.0,564.06,8,564.08,1,564.1,2,564.12,1,564.14,2,564.2,1,564.22,7,564.24,1,564.28,10,564.3,13,564.14
au2408,,13:41:14.500#,560.2,565.18,557.7,627.76,513.62,27355,40496.0,564.04,10,564.06,14,564.08,1,564.1,2,564.12,1,564.2,1,564.22,6,564.24,1,564.28,7,564.3,12,564.14
au2408,,13:41:15.0#,560.2,565.18,557.7,627.76,513.62,27355,40496.0,564.04,12,564.06,5,564.08,1,564.1,2,564.12,1,564.2,1,564.22,6,564.24,1,564.26,3,564.28,7,564.14
au2408,,13:41:15.500#,560.2,565.18,557.7,627.76,513.62,27355,40496.0,564.04,12,564.06,5,564.08,1,564.1,2,564.12,1,564.2,1,564.22,6,564.24,1,564.26,3,564.28,10,564.14
au2408,,13:41:16.0#,560.2,565.18,557.7,627.76,513.62,27355,40496.0,564.04,12,564.06,5,564.08,1,564.1,2,564.12,1,564.2,3,564.22,4,564.24,1,564.26,3,564.28,13,564.14
au2408,,13:41:16.500#,560.2,565.18,557.7,627.76,513.62,27355,40496.0,564.04,9,564.06,5,564.08,1,564.1,2,564.12,1,564.2,3,564.22,4,564.24,1,564.26,3,564.28,16,564.14
au2408,,13:41:17.0#,560.2,565.18,557.7,627.76,513.62,27355,40496.0,564.04,9,564.06,5,564.08,1,564.1,2,564.12,1,564.2,3,564.22,4,564.24,1,564.26,3,564.28,16,564.14
au2408,,13:41:17.500#,560.2,565.18,557.7,627.76,513.62,27355,40496.0,564.04,9,564.06,5,564.08,1,564.1,2,564.12,1,564.18,2,564.2,3,564.22,4,564.24,1,564.26,6,564.14
au2408,,13:41:18.0#,560.2,565.18,557.7,627.76,513.62,27355,40496.0,564.04,3,564.06,5,564.08,1,564.1,2,564.12,1,564.16,2,564.18,1,564.2,2,564.24,4,564.26,9,564.14
au2408,,13:41:18.500#,560.2,565.18,557.7,627.76,513.62,27356,40495.0,564.02,8,564.04,3,564.06,8,564.08,1,564.1,2,564.2,1,564.24,1,564.26,9,564.28,19,564.3,3,564.2
au2408,,13:41:19.0#,560.2,565.18,557.7,627.76,513.62,27356,40495.0,564.02,21,564.04,3,564.06,5,564.08,1,564.1,2,564.16,1,564.18,5,564.2,1,564.24,7,564.28,13,564.2
au2408,,13:41:19.500#,560.2,565.18,557.7,627.76,513.62,27356,40495.0,564.02,14,564.04,3,564.06,5,564.08,1,564.1,2,564.16,1,564.18,3,564.2,1,564.24,1,564.26,15,564.2
au2408,,13:41:20.0#,560.2,565.18,557.7,627.76,513.62,27356,40495.0,564.0,14,564.02,14,564.06,5,564.08,1,564.1,2,564.16,1,564.18,2,564.2,1,564.24,4,564.26,15,564.2
au2408,,13:41:20.500#,560.2,565.18,557.7,627.76,513.62,27356,40495.0,564.0,17,564.02,11,564.06,5,564.08,1,564.1,2,564.16,1,564.18,2,564.24,4,564.26,9,564.28,19,564.2
au2408,,13:41:21.0#,560.2,565.18,557.7,627.76,513.62,27356,40495.0,564.02,8,564.04,3,564.06,5,564.08,1,564.1,2,564.16,1,564.18,2,564.24,1,564.26,9,564.28,19,564.2
au2408,,13:41:21.500#,560.2,565.18,557.7,627.76,513.62,27356,40495.0,564.02,11,564.04,3,564.06,5,564.08,1,564.1,2,564.16,1,564.18,2,564.24,1,564.26,9,564.28,19,564.2
au2408,,13:41:22.0#,560.2,565.18,557.7,627.76,513.62,27356,40495.0,564.02,11,564.04,3,564.06,5,564.08,1,564.1,2,564.18,2,564.24,1,564.26,12,564.28,19,564.3,3,564.2
au2408,,13:41:22.500#,560.2,565.18,557.7,627.76,513.62,27356,40495.0,564.0,16,564.02,17,564.06,5,564.08,1,564.1,2,564.16,1,564.18,2,564.24,1,564.26,9,564.28,17,564.2
au2408,,13:41:23.0#,560.2,565.18,557.7,627.76,513.62,27356,40495.0,564.0,14,564.02,14,564.06,5,564.08,1,564.1,2,564.16,1,564.18,2,564.24,1,564.26,12,564.28,19,564.2
au2408,,13:41:23.500#,560.2,565.18,557.7,627.76,513.62,27356,40495.0,564.0,17,564.02,11,564.06,5,564.08,1,564.1,2,564.16,1,564.18,2,564.24,4,564.26,9,564.28,19,564.2
au2408,,13:41:24.0#,560.2,565.18,557.7,627.76,513.62,27356,40495.0,564.0,17,564.02,11,564.06,5,564.08,1,564.1,2,564.16,1,564.18,2,564.24,4,564.26,9,564.28,19,564.2
au2408,,13:41:24.500#,560.2,565.18,557.7,627.76,513.62,27356,40495.0,564.0,17,564.02,11,564.06,5,564.08,1,564.1,2,564.16,1,564.18,2,564.24,4,564.26,9,564.28,19,564.2
au2408,,13:41:25.0#,560.2,565.18,557.7,627.76,513.62,27356,40495.0,564.0,17,564.02,11,564.06,5,564.08,1,564.1,2,564.16,1,564.18,2,564.24,4,564.26,9,564.28,19,564.2
au2408,,13:41:25.500#,560.2,565.18,557.7,627.76,513.62,27356,40495.0,564.0,17,564.02,11,564.06,5,564.08,1,564.1,2,564.16,1,564.18,2,564.24,4,564.26,9,564.28,19,564.2
au2408,,13:41:26.0#,560.2,565.18,557.7,627.76,513.62,27356,40495.0,564.0,17,564.02,11,564.06,5,564.08,1,564.1,2,564.16,1,564.18,2,564.24,4,564.26,9,564.28,19,564.2
au2408,,13:41:26.500#,560.2,565.18,557.7,627.76,513.62,27356,40495.0,563.98,8,564.0,20,564.02,8,564.06,5,564.08,1,564.16,1,564.18,2,564.22,3,564.24,1,564.26,9,564.2
au2408,,13:41:27.0#,560.2,565.18,557.7,627.76,513.62,27356,40495.0,564.0,10,564.02,8,564.06,5,564.08,1,564.1,2,564.16,1,564.18,2,564.24,7,564.26,13,564.28,12,564.2
au2408,,13:41:27.500#,560.2,565.18,557.7,627.76,513.62,27356,40495.0,563.98,11,564.0,17,564.02,8,564.06,5,564.08,1,564.16,1,564.18,2,564.22,3,564.24,1,564.26,9,564.2
au2408,,13:41:28.0#,560.2,565.18,557.7,627.76,513.62,27356,40495.0,563.98,15,564.0,10,564.02,8,564.06,5,564.08,1,564.16,1,564.18,2,564.24,7,564.26,13,564.28,12,564.2
au2408,,13:41:28.500#,560.2,565.18,557.7,627.76,513.62,27358,40497.0,563.98,15,564.0,7,564.02,8,564.06,5,564.08,1,564.16,1,564.18,2,564.24,7,564.26,7,564.28,15,564.1
au2408,,13:41:29.0#,560.2,565.18,557.7,627.76,513.62,27358,40497.0,563.98,15,564.0,10,564.02,5,564.06,5,564.08,1,564.14,2,564.16,1,564.18,2,564.24,7,564.26,7,564.1
au2408,,13:41:29.500#,560.2,565.18,557.7,627.76,513.62,27358,40497.0,563.98,18,564.0,4,564.02,5,564.06,5,564.08,1,564.14,2,564.18,1,564.22,3,564.24,11,564.26,11,564.1
au2408,,13:41:30.0#,560.2,565.18,557.7,627.76,513.62,27358,40497.0,563.98,15,564.0,4,564.02,5,564.06,5,564.08,1,564.14,2,564.18,1,564.22,6,564.24,11,564.26,11,564.1
au2408,,13:41:30.500#,560.2,565.18,557.7,627.76,513.62,27358,40497.0,563.98,15,564.0,4,564.02,5,564.06,5,564.08,1,564.14,2,564.18,1,564.22,6,564.24,11,564.26,14,564.1
au2408,,13:41:31.0#,560.2,565.18,557.7,627.76,513.62,27358,40497.0,563.98,15,564.0,4,564.02,5,564.06,5,564.08,1,564.12,1,564.14,2,564.18,1,564.22,6,564.24,11,564.1
au2408,,13:41:31.500#,560.2,565.18,557.7,627.76,513.62,27358,40497.0,563.98,12,564.0,4,564.02,5,564.06,5,564.08,1,564.12,1,564.14,2,564.18,1,564.22,6,564.24,17,564.1
au2408,,13:41:32.0#,560.2,565.18,557.7,627.76,513.62,27358,40497.0,564.0,1,564.02,8,564.06,5,564.08,1,564.12,1,564.18,1,564.22,3,564.24,17,564.26,14,564.28,1,564.1
au2408,,13:41:32.500#,560.2,565.18,557.7,627.76,513.62,27359,40496.0,564.0,6,564.02,12,564.04,3,564.06,5,564.08,1,564.14,7,564.16,5,564.18,3,564.2,3,564.24,4,564.12
au2408,,13:41:33.0#,560.2,565.18,557.7,627.76,513.62,27359,40496.0,563.98,12,564.0,7,564.02,5,564.06,5,564.08,1,564.12,1,564.14,6,564.16,3,564.18,4,564.22,6,564.12
au2408,,13:41:33.500#,560.2,565.18,557.7,627.76,513.62,27359,40496.0,563.98,9,564.0,4,564.02,5,564.06,5,564.08,1,564.14,1,564.16,3,564.18,4,564.22,9,564.24,17,564.12
au2408,,13:41:34.0#,560.2,565.18,557.7,627.76,513.62,27359,40496.0,563.98,10,564.0,7,564.02,5,564.06,5,564.08,1,564.12,1,564.14,1,564.16,3,564.18,4,564.22,3,564.12
au2408,,13:41:34.500#,560.2,565.18,557.7,627.76,513.62,27359,40496.0,563.98,9,564.0,4,564.02,5,564.06,5,564.08,1,564.14,1,564.16,3,564.18,4,564.22,9,564.24,11,564.12
au2408,,13:41:35.0#,560.2,565.18,557.7,627.76,513.62,27359,40496.0,563.96,14,563.98,10,564.0,7,564.02,5,564.06,5,564.12,3,564.14,1,564.16,3,564.18,4,564.22,3,564.12
au2408,,13:41:35.500#,560.2,565.18,557.7,627.76,513.62,27359,40496.0,563.96,13,563.98,3,564.0,4,564.02,5,564.06,5,564.12,3,564.14,1,564.18,4,564.22,15,564.24,19,564.12
au2408,,13:41:36.0#,560.2,565.18,557.7,627.76,513.62,27363,40492.0,563.96,19,563.98,3,564.0,1,564.02,5,564.06,1,564.1,6,564.12,5,564.14,1,564.18,5,564.2,6,564.06
au2408,,13:41:36.500#,560.2,565.18,557.7,627.76,513.62,27364,40491.0,563.92,6,563.94,15,563.96,7,564.0,1,564.02,5,564.06,1,564.08,6,564.1,5,564.12,5,564.16,3,564.06
au2408,,13:41:37.0#,560.2,565.18,557.7,627.76,513.62,27364,40491.0,563.9,17,563.92,10,563.94,3,564.0,1,564.02,5,564.06,1,564.08,5,564.1,2,564.12,4,564.14,1,564.06
au2408,,13:41:37.500#,560.2,565.18,557.7,627.76,513.62,27367,40488.0,563.88,11,563.9,11,563.92,10,564.0,1,564.02,2,564.04,3,564.08,4,564.1,2,564.12,4,564.14,7,564.02
au2408,,13:41:38.0#,560.2,565.18,557.7,627.76,513.62,27368,40488.0,563.9,8,563.92,1,563.94,3,564.0,1,564.02,2,564.08,3,564.1,2,564.12,4,564.14,6,564.16,19,564.04
au2408,,13:41:38.500#,560.2,565.18,557.7,627.76,513.62,27369,40487.0,563.92,7,563.96,3,564.0,1,564.02,2,564.04,1,564.08,2,564.1,2,564.12,4,564.16,6,564.18,17,564.08
au2408,,13:41:39.0#,560.2,565.18,557.7,627.76,513.62,27370,40486.0,563.92,14,563.94,3,563.96,3,564.0,1,564.02,2,564.08,1,564.1,2,564.12,2,564.18,16,564.2,12,564.04
au2408,,13:41:39.500#,560.2,565.18,557.7,627.76,513.62,27370,40486.0,563.94,3,563.98,3,564.0,1,564.02,2,564.04,2,564.08,1,564.1,2,564.12,2,564.18,7,564.2,18,564.04
au2408,,13:41:40.0#,560.2,565.18,557.7,627.76,513.62,27370,40486.0,563.94,6,563.98,3,564.0,1,564.02,2,564.04,2,564.1,2,564.12,2,564.18,1,564.2,16,564.22,8,564.04
au2408,,13:41:40.500#,560.2,565.18,557.7,627.76,513.62,27370,40486.0,563.96,6,564.0,4,564.02,2,564.04,2,564.1,1,564.12,2,564.18,1,564.2,6,564.22,12,564.24,10,564.04
au2408,,13:41:41.0#,560.2,565.18,557.7,627.76,513.62,27371,40485.0,563.96,12,563.98,9,564.0,1,564.02,2,564.04,1,564.14,2,564.18,1,564.2,3,564.22,3,564.24,14,564.1
au2408,,13:41:41.500#,560.2,565.18,557.7,627.76,513.62,27371,40485.0,563.96,12,563.98,3,564.0,1,564.02,2,564.04,1,564.1,1,564.12,2,564.14,2,564.18,1,564.2,6,564.1
au2408,,13:41:42.0#,560.2,565.18,557.7,627.76,513.62,27371,40485.0,563.98,3,564.0,1,564.02,2,564.04,1,564.06,1,564.14,2,564.18,1,564.2,12,564.22,9,564.24,7,564.1
au2408,,13:41:42.500#,560.2,565.18,557.7,627.76,513.62,27371,40485.0,563.98,6,564.0,1,564.02,2,564.04,1,564.06,1,564.14,2,564.18,1,564.2,3,564.22,3,564.24,13,564.1
au2408,,13:41:43.0#,560.2,565.18,557.7,627.76,513.62,27372,40484.0,563.96,16,563.98,3,564.0,1,564.02,2,564.04,1,564.1,1,564.12,4,564.14,2,564.18,4,564.22,6,564.06
au2408,,13:41:43.500#,560.2,565.18,557.7,627.76,513.62,27372,40484.0,563.94,17,563.96,10,564.0,4,564.02,2,564.04,1,564.18,1,564.2,9,564.22,12,564.24,7,564.26,6,564.06
au2408,,13:41:44.0#,560.2,565.18,557.7,627.76,513.62,27372,40484.0,563.98,4,564.0,7,564.02,2,564.04,1,564.06,2,564.14,1,564.16,11,564.18,3,564.22,3,564.24,7,564.06
au2408,,13:41:44.500#,560.2,565.18,557.7,627.76,513.62,27372,40484.0,564.0,4,564.02,2,564.04,1,564.06,2,564.08,1,564.14,1,564.16,8,564.22,6,564.24,11,564.26,11,564.06
au2408,,13:41:45.0#,560.2,565.18,557.7,627.76,513.62,27372,40484.0,564.02,5,564.04,1,564.06,1,564.08,1,564.14,1,564.16,5,564.24,7,564.26,12,564.28,7,564.32,1,564.06
au2408,,13:41:45.500#,560.2,565.18,557.7,627.76,513.62,27374,40484.0,564.0,10,564.02,8,564.04,4,564.06,1,564.08,1,564.16,2,564.24,1,564.26,3,564.28,17,564.3,2,564.14
au2408,,13:41:46.0#,560.2,565.18,557.7,627.76,513.62,27374,40484.0,564.02,5,564.04,1,564.06,1,564.08,1,564.1,1,564.22,2,564.24,10,564.26,6,564.28,4,564.3,6,564.14
au2408,,13:41:46.500#,560.2,565.18,557.7,627.76,513.62,27374,40484.0,564.02,12,564.04,4,564.06,1,564.08,1,564.1,1,564.2,6,564.22,4,564.24,1,564.26,3,564.28,7,564.14
au2408,,13:41:47.0#,560.2,565.18,557.7,627.76,513.62,27375,40484.0,564.02,14,564.04,1,564.06,1,564.08,1,564.1,1,564.18,5,564.2,6,564.22,5,564.24,4,564.26,3,564.18
au2408,,13:41:47.500#,560.2,565.18,557.7,627.76,513.62,27375,40484.0,564.04,1,564.06,4,564.08,1,564.1,1,564.12,1,564.18,2,564.2,5,564.22,5,564.24,1,564.26,9,564.18
au2408,,13:41:48.0#,560.2,565.18,557.7,627.76,513.62,27375,40484.0,564.0,10,564.02,8,564.04,9,564.06,1,564.08,1,564.18,2,564.2,5,564.22,5,564.24,4,564.26,3,564.18
au2408,,13:41:48.500#,560.2,565.18,557.7,627.76,513.62,27375,40484.0,564.02,5,564.04,6,564.06,1,564.08,1,564.1,1,564.16,1,564.18,2,564.2,5,564.22,5,564.24,7,564.18
au2408,,13:41:49.0#,560.2,565.18,557.7,627.76,513.62,27375,40484.0,564.02,11,564.04,6,564.06,1,564.08,1,564.1,1,564.18,2,564.2,3,564.22,5,564.24,7,564.26,9,564.18
au2408,,13:41:49.500#,560.2,565.18,557.7,627.76,513.62,27375,40484.0,564.02,8,564.04,9,564.06,1,564.08,1,564.1,1,564.16,2,564.18,2,564.2,3,564.22,5,564.24,1,564.18
au2408,,13:41:50.0#,560.2,565.18,557.7,627.76,513.62,27376,40484.0,564.0,10,564.02,5,564.04,6,564.06,1,564.08,1,564.14,3,564.16,3,564.18,2,564.22,6,564.24,7,564.1
au2408,,13:41:50.500#,560.2,565.18,557.7,627.76,513.62,27376,40484.0,564.0,4,564.02,2,564.04,9,564.06,1,564.08,1,564.16,2,564.18,2,564.22,6,564.24,8,564.26,8,564.1
au2408,,13:41:51.0#,560.2,565.18,557.7,627.76,513.62,27376,40484.0,564.0,10,564.02,2,564.04,6,564.06,1,564.08,1,564.14,3,564.18,2,564.22,6,564.24,4,564.26,18,564.1
au2408,,13:41:51.500#,560.2,565.18,557.7,627.76,513.62,27376,40484.0,564.0,7,564.02,2,564.04,6,564.06,1,564.08,1,564.14,3,564.18,2,564.2,1,564.22,9,564.24,5,564.1
au2408,,13:41:52.0#,560.2,565.18,557.7,627.76,513.62,27376,40484.0,564.0,7,564.02,2,564.04,6,564.06,1,564.08,1,564.14,3,564.18,2,564.2,1,564.22,9,564.24,14,564.1
au2408,,13:41:52.500#,560.2,565.18,557.7,627.76,513.62,27376,40484.0,564.0,7,564.02,2,564.04,6,564.06,1,564.08,1,564.18,2,564.22,9,564.24,14,564.26,14,564.28,1,564.1
au2408,,13:41:53.0#,560.2,565.18,557.7,627.76,513.62,27376,40484.0,564.0,13,564.02,2,564.04,6,564.06,1,564.08,1,564.16,3,564.18,4,564.22,4,564.24,4,564.26,19,564.1
au2408,,13:41:53.500#,560.2,565.18,557.7,627.76,513.62,27376,40484.0,564.0,10,564.02,2,564.04,6,564.06,1,564.08,1,564.14,2,564.16,3,564.18,4,564.22,4,564.24,7,564.1
au2408,,13:41:54.0#,560.2,565.18,557.7,627.76,513.62,27376,40484.0,564.0,7,564.02,2,564.04,6,564.06,1,564.08,1,564.14,2,564.16,2,564.18,4,564.22,7,564.24,14,564.1
au2408,,13:41:54.500#,560.2,565.18,557.7,627.76,513.62,27376,40484.0,564.0,7,564.02,2,564.04,6,564.06,1,564.08,1,564.14,2,564.16,2,564.18,4,564.22,7,564.24,14,564.1
au2408,,13:41:55.0#,560.2,565.18,557.7,627.76,513.62,27376,40484.0,564.0,7,564.02,2,564.04,6,564.06,1,564.08,1,564.16,2,564.18,2,564.22,7,564.24,14,564.26,14,564.1
au2408,,13:41:55.500#,560.2,565.18,557.7,627.76,513.62,27376,40484.0,564.0,10,564.02,2,564.04,6,564.06,1,564.08,1,564.16,2,564.18,2,564.22,4,564.24,7,564.26,21,564.1
au2408,,13:41:56.0#,560.2,565.18,557.7,627.76,513.62,27376,40484.0,564.0,10,564.02,2,564.04,6,564.06,1,564.08,1,564.14,2,564.16,2,564.18,2,564.22,4,564.24,7,564.1
au2408,,13:41:56.500#,560.2,565.18,557.7,627.76,513.62,27376,40484.0,564.0,7,564.02,2,564.04,6,564.06,2,564.08,1,564.14,2,564.16,2,564.18,2,564.22,7,564.24,11,564.1
au2408,,13:41:57.0#,560.2,565.18,557.7,627.76,513.62,27376,40484.0,563.98,9,564.0,7,564.02,2,564.04,6,564.06,2,564.14,2,564.16,2,564.18,2,564.22,7,564.24,14,564.1
au2408,,13:41:57.500#,560.2,565.18,557.7,627.76,513.62,27376,40484.0,563.98,9,564.0,4,564.02,2,564.04,6,564.06,2,564.14,2,564.16,2,564.18,2,564.22,7,564.24,14,564.1
au2408,,13:41:58.0#,560.2,565.18,557.7,627.76,513.62,27376,40484.0,563.98,9,564.0,4,564.02,2,564.04,6,564.06,2,564.14,2,564.16,2,564.18,2,564.22,7,564.24,14,564.1
au2408,,13:41:58.500#,560.2,565.18,557.7,627.76,513.62,27376,40484.0,563.98,9,564.0,4,564.02,2,564.04,6,564.06,2,564.14,3,564.16,2,564.18,2,564.22,7,564.24,14,564.1
au2408,,13:41:59.0#,560.2,565.18,557.7,627.76,513.62,27377,40483.0,564.0,1,564.02,5,564.04,6,564.06,2,564.08,3,564.16,2,564.18,2,564.22,7,564.24,16,564.26,12,564.14
au2408,,13:41:59.500#,560.2,565.18,557.7,627.76,513.62,27377,40483.0,564.0,13,564.02,2,564.04,6,564.06,2,564.08,2,564.16,2,564.18,2,564.22,4,564.24,4,564.26,22,564.14
au2408,,13:42:00.0#,560.2,565.18,557.7,627.76,513.62,27377,40483.0,564.0,10,564.02,5,564.04,6,564.06,2,564.08,2,564.16,2,564.18,2,564.22,1,564.24,7,564.26,19,564.14
au2408,,13:42:00.500#,560.2,565.18,557.7,627.76,513.62,27377,40483.0,564.0,10,564.02,5,564.04,6,564.06,2,564.08,2,564.18,2,564.22,1,564.24,7,564.26,16,564.28,12,564.14
au2408,,13:42:01.0#,560.2,565.18,557.7,627.76,513.62,27377,40483.0,564.0,14,564.02,8,564.04,6,564.06,2,564.08,2,564.16,3,564.18,2,564.22,1,564.24,4,564.26,6,564.14
au2408,,13:42:01.500#,560.2,565.18,557.7,627.76,513.62,27377,40483.0,564.0,10,564.02,5,564.04,6,564.06,2,564.08,2,564.18,2,564.22,1,564.24,10,564.26,12,564.28,13,564.14
au2408,,13:42:02.0#,560.2,565.18,557.7,627.76,513.62,27377,40483.0,564.02,8,564.04,6,564.06,2,564.08,2,564.1,1,564.18,2,564.22,1,564.24,4,564.26,6,564.28,22,564.14
au2408,,13:42:02.500#,560.2,565.18,557.7,627.76,513.62,27377,40483.0,564.0,17,564.02,11,564.04,6,564.06,2,564.1,1,564.18,2,564.22,1,564.24,4,564.26,6,564.28,22,564.14
au2408,,13:42:03.0#,560.2,565.18,557.7,627.76,513.62,27377,40483.0,563.98,8,564.0,17,564.02,8,564.04,6,564.06,2,564.18,2,564.22,1,564.24,4,564.26,6,564.28,22,564.14
au2408,,13:42:03.500#,560.2,565.18,557.7,627.76,513.62,27377,40483.0,564.0,13,564.02,5,564.04,6,564.06,2,564.08,4,564.18,2,564.22,1,564.24,7,564.26,7,564.28,18,564.14
au2408,,13:42:04.0#,560.2,565.18,557.7,627.76,513.62,27377,40483.0,564.0,17,564.02,8,564.04,6,564.06,2,564.08,4,564.18,2,564.22,1,564.24,4,564.26,6,564.28,22,564.14
au2408,,13:42:04.500#,560.2,565.18,557.7,627.76,513.62,27377,40483.0,564.0,17,564.02,8,564.04,6,564.06,2,564.08,4,564.18,2,564.22,1,564.24,4,564.26,6,564.28,22,564.14
au2408,,13:42:05.0#,560.2,565.18,557.7,627.76,513.62,27377,40483.0,564.0,17,564.02,8,564.04,6,564.06,2,564.08,4,564.18,2,564.22,1,564.24,4,564.26,6,564.28,22,564.14
au2408,,13:42:05.500#,560.2,565.18,557.7,627.76,513.62,27377,40483.0,564.0,17,564.02,8,564.04,6,564.06,2,564.08,4,564.16,2,564.18,2,564.22,1,564.24,4,564.26,6,564.14
au2408,,13:42:06.0#,560.2,565.18,557.7,627.76,513.62,27377,40483.0,564.0,13,564.02,5,564.04,6,564.06,2,564.08,4,564.16,2,564.18,2,564.22,1,564.24,7,564.26,10,564.14
au2408,,13:42:06.500#,560.2,565.18,557.7,627.76,513.62,27377,40483.0,564.0,16,564.02,2,564.04,6,564.06,2,564.08,4,564.16,2,564.18,2,564.22,1,564.24,7,564.26,16,564.14
au2408,,13:42:07.0#,560.2,565.18,557.7,627.76,513.62,27377,40483.0,564.0,16,564.02,2,564.04,6,564.06,2,564.08,3,564.14,1,564.16,2,564.18,2,564.22,4,564.24,4,564.14
au2408,,13:42:07.500#,560.2,565.18,557.7,627.76,513.62,27377,40483.0,564.0,10,564.02,2,564.04,6,564.06,2,564.08,2,564.14,1,564.16,2,564.18,2,564.22,4,564.24,10,564.14
au2408,,13:42:08.0#,560.2,565.18,557.7,627.76,513.62,27377,40483.0,564.0,10,564.02,2,564.04,6,564.06,2,564.08,2,564.14,1,564.16,2,564.18,2,564.22,4,564.24,10,564.14
au2408,,13:42:08.500#,560.2,565.18,557.7,627.76,513.62,27377,40483.0,564.0,10,564.02,2,564.04,6,564.06,2,564.08,2,564.14,1,564.16,2,564.18,2,564.22,4,564.24,10,564.14
au2408,,13:42:09.0#,560.2,565.18,557.7,627.76,513.62,27377,40483.0,564.0,10,564.02,2,564.04,6,564.06,2,564.08,2,564.14,1,564.16,2,564.18,2,564.22,4,564.24,10,564.14
au2408,,13:42:09.500#,560.2,565.18,557.7,627.76,513.62,27377,40483.0,564.0,10,564.02,2,564.04,6,564.06,2,564.08,2,564.14,1,564.16,2,564.18,2,564.22,4,564.24,10,564.14
au2408,,13:42:10.0#,560.2,565.18,557.7,627.76,513.62,27377,40483.0,563.98,19,564.0,7,564.02,2,564.04,6,564.06,2,564.14,1,564.16,2,564.18,2,564.2,3,564.22,1,564.14
au2408,,13:42:10.500#,560.2,565.18,557.7,627.76,513.62,27377,40483.0,563.98,9,564.0,1,564.02,2,564.04,6,564.06,2,564.14,1,564.16,2,564.18,2,564.2,3,564.22,4,564.14
au2408,,13:42:11.500#,560.2,565.18,557.7,627.76,513.62,27377,40483.0,564.0,4,564.02,2,564.04,6,564.06,2,564.12,1,564.14,1,564.18,2,564.2,3,564.22,10,564.24,7,564.14
au2408,,13:42:12.0#,560.2,565.18,557.7,627.76,513.62,27378,40482.0,563.98,8,564.0,8,564.02,5,564.04,6,564.06,2,564.14,1,564.18,2,564.2,3,564.24,7,564.26,12,564.12
au2408,,13:42:12.500#,560.2,565.18,557.7,627.76,513.62,27378,40482.0,563.98,9,564.0,1,564.02,2,564.04,6,564.06,2,564.12,2,564.14,1,564.18,2,564.2,3,564.22,3,564.12
au2408,,13:42:13.0#,560.2,565.18,557.7,627.76,513.62,27378,40482.0,564.0,4,564.02,2,564.04,6,564.06,2,564.12,1,564.14,1,564.18,2,564.22,6,564.24,10,564.26,6,564.12
au2408,,13:42:13.500#,560.2,565.18,557.7,627.76,513.62,27379,40481.0,563.98,8,564.0,14,564.02,5,564.04,6,564.06,2,564.18,2,564.22,3,564.24,1,564.26,15,564.28,13,564.12
au2408,,13:42:14.0#,560.2,565.18,557.7,627.76,513.62,27380,40480.0,564.0,10,564.02,5,564.04,6,564.06,2,564.08,4,564.18,2,564.24,7,564.26,13,564.28,12,564.32,2,564.16
au2408,,13:42:14.500#,560.2,565.18,557.7,627.76,513.62,27380,40480.0,564.0,14,564.02,8,564.04,6,564.06,2,564.08,4,564.16,1,564.18,2,564.24,4,564.26,12,564.28,10,564.16
au2408,,13:42:15.500#,560.2,565.18,557.7,627.76,513.62,27380,40480.0,564.02,2,564.04,9,564.06,2,564.08,4,564.16,1,564.18,2,564.24,4,564.26,10,564.28,15,564.3,6,564.16
au2408,,13:42:16.0#,560.2,565.18,557.7,627.76,513.62,27381,40480.0,563.98,3,564.0,7,564.02,14,564.04,15,564.06,2,564.2,2,564.24,1,564.26,3,564.28,10,564.3,13,564.16
au2408,,13:42:16.500#,560.2,565.18,557.7,627.76,513.62,27381,40480.0,564.0,11,564.02,8,564.04,6,564.06,2,564.08,8,564.16,2,564.2,2,564.24,4,564.26,6,564.28,13,564.16
au2408,,13:42:17.0#,560.2,565.18,557.7,627.76,513.62,27381,40480.0,564.0,10,564.02,5,564.04,6,564.06,2,564.08,8,564.18,4,564.2,2,564.24,7,564.26,7,564.28,12,564.16
au2408,,13:42:17.500#,560.2,565.18,557.7,627.76,513.62,27381,40480.0,564.0,11,564.02,8,564.04,6,564.06,2,564.08,8,564.16,2,564.18,3,564.2,2,564.24,4,564.26,3,564.16
au2408,,13:42:18.0#,560.2,565.18,557.7,627.76,513.62,27381,40480.0,564.0,13,564.02,5,564.04,6,564.06,2,564.08,8,564.16,2,564.18,3,564.2,2,564.24,7,564.26,10,564.16
au2408,,13:42:18.500#,560.2,565.18,557.7,627.76,513.62,27381,40480.0,564.0,13,564.02,5,564.04,6,564.06,2,564.08,8,564.16,2,564.18,3,564.2,2,564.24,7,564.26,10,564.16
au2408,,13:42:19.0#,560.2,565.18,557.7,627.76,513.62,27381,40480.0,564.0,13,564.02,5,564.04,6,564.06,2,564.08,8,564.16,2,564.18,3,564.2,2,564.24,7,564.26,10,564.16
au2408,,13:42:19.500#,560.2,565.18,557.7,627.76,513.62,27381,40480.0,564.0,13,564.02,5,564.04,6,564.06,2,564.08,8,564.16,2,564.18,3,564.2,2,564.24,7,564.26,10,564.16
au2408,,13:42:20.0#,560.2,565.18,557.7,627.76,513.62,27381,40480.0,564.0,13,564.02,5,564.04,6,564.06,2,564.08,8,564.18,3,564.2,2,564.24,7,564.26,10,564.28,15,564.16
au2408,,13:42:20.500#,560.2,565.18,557.7,627.76,513.62,27381,40480.0,564.0,14,564.02,8,564.04,6,564.06,2,564.08,8,564.18,3,564.2,2,564.24,4,564.26,6,564.28,19,564.16
au2408,,13:42:21.0#,560.2,565.18,557.7,627.76,513.62,27381,40480.0,564.02,8,564.04,6,564.06,2,564.08,8,564.1,1,564.18,3,564.2,2,564.24,4,564.26,6,564.28,19,564.16
au2408,,13:42:22.0#,560.2,565.18,557.7,627.76,513.62,27382,40480.0,564.02,11,564.04,9,564.06,2,564.1,1,564.12,6,564.2,1,564.24,1,564.26,6,564.28,14,564.3,8,564.2
au2408,,13:42:23.0#,560.2,565.18,557.7,627.76,513.62,27383,40480.0,564.1,2,564.12,2,564.14,5,564.16,2,564.18,1,564.28,1,564.3,3,564.32,7,564.34,16,564.36,4,564.24
au2408,,13:42:23.500#,560.2,565.18,557.7,627.76,513.62,27384,40479.0,564.12,5,564.14,2,564.16,1,564.18,2,564.2,1,564.28,1,564.32,3,564.34,1,564.36,13,564.38,12,564.26
au2408,,13:42:24.0#,560.2,565.18,557.7,627.76,513.62,27384,40479.0,564.14,1,564.16,1,564.18,2,564.2,1,564.22,1,564.26,2,564.28,1,564.34,4,564.36,1,564.38,16,564.26
au2408,,13:42:24.500#,560.2,565.18,557.7,627.76,513.62,27384,40479.0,564.1,8,564.12,4,564.14,4,564.16,1,564.18,2,564.26,3,564.28,1,564.32,3,564.34,1,564.36,1,564.26
au2408,,13:42:25.0#,560.2,565.18,557.7,627.76,513.62,27384,40479.0,564.1,7,564.12,1,564.14,1,564.16,1,564.18,2,564.24,2,564.26,3,564.28,1,564.32,3,564.34,4,564.26
au2408,,13:42:25.500#,560.2,565.18,557.7,627.76,513.62,27384,40479.0,564.1,7,564.12,1,564.14,1,564.16,1,564.18,2,564.26,3,564.28,1,564.3,3,564.34,13,564.36,16,564.26
au2408,,13:42:26.0#,560.2,565.18,557.7,627.76,513.62,27385,40478.0,564.1,10,564.12,1,564.14,1,564.16,1,564.18,2,564.24,1,564.26,5,564.28,1,564.32,3,564.34,13,564.26
au2408,,13:42:26.500#,560.2,565.18,557.7,627.76,513.62,27385,40478.0,564.1,7,564.12,1,564.14,1,564.16,1,564.18,2,564.24,1,564.26,3,564.28,1,564.3,3,564.34,16,564.26
au2408,,13:42:27.0#,560.2,565.18,557.7,627.76,513.62,27385,40478.0,564.1,7,564.12,1,564.14,1,564.16,1,564.18,2,564.24,1,564.26,3,564.28,1,564.3,3,564.34,16,564.26
au2408,,13:42:27.500#,560.2,565.18,557.7,627.76,513.62,27385,40478.0,564.1,7,564.12,1,564.14,1,564.16,1,564.18,2,564.26,3,564.28,1,564.3,3,564.34,16,564.36,13,564.26
au2408,,13:42:28.500#,560.2,565.18,557.7,627.76,513.62,27387,40477.0,564.08,6,564.1,4,564.12,1,564.14,1,564.16,1,564.26,1,564.28,1,564.3,3,564.32,12,564.34,13,564.18
au2408,,13:42:30.0#,560.2,565.18,557.7,627.76,513.62,27387,40477.0,564.08,6,564.1,4,564.12,1,564.14,1,564.16,1,564.24,1,564.26,1,564.28,1,564.32,9,564.34,16,564.18
au2408,,13:42:30.500#,560.2,565.18,557.7,627.76,513.62,27387,40477.0,564.12,4,564.14,1,564.16,1,564.18,4,564.24,1,564.26,1,564.28,1,564.32,3,564.34,11,564.36,9,564.18
au2408,,13:42:31.0#,560.2,565.18,557.7,627.76,513.62,27388,40476.0,564.08,3,564.1,6,564.12,14,564.14,1,564.16,2,564.26,1,564.28,1,564.34,1,564.36,7,564.38,12,564.24
au2408,,13:42:31.500#,560.2,565.18,557.7,627.76,513.62,27389,40475.0,564.12,1,564.14,4,564.16,2,564.18,5,564.2,4,564.28,1,564.34,7,564.36,10,564.38,6,564.4,7,564.26
au2408,,13:42:32.0#,560.2,565.18,557.7,627.76,513.62,27389,40475.0,564.14,4,564.16,2,564.18,1,564.2,4,564.22,1,564.24,2,564.28,1,564.34,1,564.36,7,564.38,7,564.26
au2408,,13:42:32.500#,560.2,565.18,557.7,627.76,513.62,27392,40474.0,564.12,7,564.14,4,564.16,2,564.18,1,564.24,2,564.28,2,564.34,7,564.36,8,564.38,5,564.4,13,564.24
au2408,,13:42:33.0#,560.2,565.18,557.7,627.76,513.62,27393,40473.0,564.12,10,564.14,10,564.16,2,564.18,1,564.24,2,564.28,1,564.34,1,564.36,4,564.38,3,564.4,20,564.28
au2408,,13:42:33.500#,560.2,565.18,557.7,627.76,513.62,27393,40473.0,564.1,10,564.12,13,564.14,10,564.16,2,564.18,1,564.26,1,564.28,1,564.34,1,564.36,4,564.38,3,564.28
au2408,,13:42:34.0#,560.2,565.18,557.7,627.76,513.62,27393,40473.0,564.16,2,564.18,1,564.2,4,564.22,4,564.26,1,564.28,1,564.34,1,564.36,8,564.38,5,564.4,10,564.28
au2408,,13:42:34.500#,560.2,565.18,557.7,627.76,513.62,27394,40472.0,564.1,4,564.12,6,564.14,14,564.16,8,564.18,1,564.34,1,564.36,4,564.4,16,564.42,12,564.48,1,564.26
au2408,,13:42:35.0#,560.2,565.18,557.7,627.76,513.62,27395,40471.0,564.14,7,564.16,2,564.18,1,564.2,5,564.22,4,564.32,3,564.34,2,564.36,4,564.38,3,564.4,4,564.32
au2408,,13:42:35.500#,560.2,565.18,557.7,627.76,513.62,27395,40471.0,564.16,8,564.18,1,564.2,4,564.22,4,564.24,2,564.36,1,564.38,3,564.4,6,564.42,12,564.44,6,564.32
au2408,,13:42:36.0#,560.2,565.18,557.7,627.76,513.62,27395,40471.0,564.16,11,564.18,7,564.2,4,564.24,1,564.26,1,564.34,2,564.36,1,564.4,3,564.42,3,564.44,13,564.32
au2408,,13:42:36.500#,560.2,565.18,557.7,627.76,513.62,27395,40471.0,564.14,12,564.16,12,564.18,4,564.2,4,564.26,1,564.32,1,564.34,7,564.36,1,564.38,3,564.42,3,564.32
au2408,,13:42:37.0#,560.2,565.18,557.7,627.76,513.62,27396,40471.0,564.12,4,564.14,15,564.16,9,564.18,4,564.2,4,564.3,2,564.32,1,564.34,6,564.36,1,564.38,3,564.26
au2408,,13:42:37.500#,560.2,565.18,557.7,627.76,513.62,27396,40471.0,564.14,7,564.16,5,564.18,1,564.2,4,564.22,4,564.3,2,564.34,2,564.36,1,564.38,12,564.4,12,564.26
au2408,,13:42:38.0#,560.2,565.18,557.7,627.76,513.62,27396,40471.0,564.14,13,564.16,2,564.18,1,564.2,4,564.22,4,564.28,1,564.3,2,564.36,1,564.38,6,564.4,13,564.26
au2408,,13:42:38.500#,560.2,565.18,557.7,627.76,513.62,27396,40471.0,564.16,5,564.18,1,564.2,4,564.22,4,564.24,1,564.36,1,564.38,9,564.4,12,564.42,9,564.46,1,564.26
au2408,,13:42:39.0#,560.2,565.18,557.7,627.76,513.62,27397,40470.0,564.12,1,564.14,7,564.16,8,564.18,7,564.2,4,564.32,7,564.34,9,564.36,1,564.38,3,564.4,3,564.32
au2408,,13:42:39.500#,560.2,565.18,557.7,627.76,513.62,27397,40470.0,564.14,4,564.16,5,564.18,1,564.2,4,564.22,6,564.32,7,564.34,7,564.36,2,564.38,9,564.4,12,564.32
au2408,,13:42:40.0#,560.2,565.18,557.7,627.76,513.62,27397,40470.0,564.16,5,564.18,1,564.2,4,564.22,5,564.24,1,564.32,7,564.34,6,564.36,1,564.38,6,564.4,16,564.32
au2408,,13:42:40.500#,560.2,565.18,557.7,627.76,513.62,27397,40470.0,564.14,11,564.16,11,564.18,1,564.2,4,564.24,1,564.32,7,564.34,6,564.36,1,564.38,3,564.4,12,564.32
au2408,,13:42:41.0#,560.2,565.18,557.7,627.76,513.62,27398,40470.0,564.12,9,564.14,11,564.16,8,564.18,1,564.2,4,564.3,1,564.32,7,564.34,6,564.36,1,564.38,3,564.24
au2408,,13:42:41.500#,560.2,565.18,557.7,627.76,513.62,27398,40470.0,564.14,4,564.16,5,564.18,1,564.2,4,564.22,5,564.3,1,564.32,6,564.34,6,564.36,1,564.38,12,564.24
au2408,,13:42:42.0#,560.2,565.18,557.7,627.76,513.62,27399,40469.0,564.14,10,564.16,5,564.18,1,564.2,4,564.22,4,564.3,1,564.32,6,564.34,6,564.36,1,564.38,9,564.22
au2408,,13:42:42.500#,560.2,565.18,557.7,627.76,513.62,27399,40469.0,564.14,13,564.16,2,564.18,1,564.2,4,564.22,2,564.28,3,564.3,1,564.32,4,564.34,6,564.36,4,564.22
au2408,,13:42:43.0#,560.2,565.18,557.7,627.76,513.62,27399,40469.0,564.12,13,564.14,4,564.16,2,564.18,1,564.2,1,564.24,3,564.28,3,564.3,1,564.32,2,564.34,9,564.22
au2408,,13:42:43.500#,560.2,565.18,557.7,627.76,513.62,27400,40468.0,564.1,4,564.12,7,564.14,1,564.16,2,564.18,1,564.28,3,564.3,1,564.32,2,564.34,18,564.36,13,564.24
au2408,,13:42:44.0#,560.2,565.18,557.7,627.76,513.62,27405,40465.0,564.04,6,564.06,4,564.08,15,564.1,10,564.12,4,564.14,50,564.26,4,564.28,3,564.3,1,564.32,2,564.14
au2408,,13:42:44.500#,560.2,565.18,557.7,627.76,513.62,27455,40454.0,564.08,3,564.1,1,564.12,2,564.14,2,564.16,1,564.22,3,564.26,8,564.28,10,564.3,4,564.32,6,564.14
au2408,,13:42:45.0#,560.2,565.18,557.7,627.76,513.62,27455,40454.0,564.06,7,564.1,1,564.12,1,564.14,2,564.16,1,564.18,2,564.2,1,564.26,3,564.28,7,564.3,1,564.14
au2408,,13:42:45.500#,560.2,565.18,557.7,627.76,513.62,27456,40455.0,564.04,9,564.06,7,564.1,1,564.12,1,564.14,2,564.18,2,564.2,1,564.26,3,564.28,7,564.3,8,564.16
au2408,,13:42:46.0#,560.2,565.18,557.7,627.76,513.62,27456,40455.0,564.02,11,564.04,9,564.06,4,564.1,1,564.12,1,564.18,2,564.2,1,564.26,3,564.28,7,564.3,8,564.16
au2408,,13:42:46.500#,560.2,565.18,557.7,627.76,513.62,27456,40455.0,564.02,8,564.04,6,564.06,4,564.1,1,564.12,1,564.18,2,564.2,1,564.26,3,564.28,10,564.3,9,564.16
au2408,,13:42:47.0#,560.2,565.18,557.7,627.76,513.62,27456,40455.0,564.02,11,564.04,6,564.06,4,564.1,1,564.12,1,564.2,1,564.26,6,564.28,10,564.3,9,564.32,9,564.16
au2408,,13:42:47.500#,560.2,565.18,557.7,627.76,513.62,27456,40455.0,564.02,8,564.04,12,564.06,4,564.1,1,564.12,1,564.18,2,564.2,1,564.26,3,564.28,9,564.3,8,564.16
au2408,,13:42:48.0#,560.2,565.18,557.7,627.76,513.62,27457,40455.0,564.02,11,564.04,6,564.06,4,564.1,1,564.12,1,564.18,3,564.2,1,564.26,6,564.28,13,564.3,9,564.18
au2408,,13:42:48.500#,560.2,565.18,557.7,627.76,513.62,27457,40455.0,564.02,14,564.04,9,564.06,1,564.1,1,564.12,1,564.18,3,564.2,1,564.26,6,564.28,13,564.3,12,564.18
au2408,,13:42:49.0#,560.2,565.18,557.7,627.76,513.62,27458,40455.0,564.04,6,564.06,4,564.1,1,564.12,1,564.14,2,564.18,2,564.2,1,564.26,6,564.28,13,564.3,12,564.18
au2408,,13:42:49.500#,560.2,565.18,557.7,627.76,513.62,27458,40455.0,564.02,14,564.04,18,564.06,1,564.1,1,564.12,1,564.18,2,564.2,1,564.26,6,564.28,6,564.3,17,564.18
au2408,,13:42:50.0#,560.2,565.18,557.7,627.76,513.62,27458,40455.0,564.02,17,564.04,9,564.06,1,564.1,1,564.12,1,564.18,2,564.2,1,564.26,9,564.28,10,564.3,15,564.18
au2408,,13:42:50.500#,560.2,565.18,557.7,627.76,513.62,27458,40455.0,564.02,14,564.04,9,564.06,1,564.1,1,564.12,1,564.18,2,564.2,1,564.26,9,564.28,10,564.3,18,564.18
au2408,,13:42:51.0#,560.2,565.18,557.7,627.76,513.62,27458,40455.0,564.02,11,564.04,9,564.06,1,564.1,1,564.12,1,564.18,2,564.2,1,564.26,9,564.28,10,564.3,15,564.18
au2408,,13:42:51.500#,560.2,565.18,557.7,627.76,513.62,27458,40455.0,564.0,15,564.02,14,564.04,6,564.06,1,564.1,1,564.18,2,564.2,1,564.26,9,564.28,10,564.3,14,564.18
au2408,,13:42:52.0#,560.2,565.18,557.7,627.76,513.62,27460,40455.0,564.02,5,564.04,9,564.06,1,564.1,1,564.12,2,564.2,1,564.26,12,564.28,9,564.3,15,564.34,2,564.18
au2408,,13:42:52.500#,560.2,565.18,557.7,627.76,513.62,27460,40455.0,564.02,11,564.04,15,564.06,1,564.1,1,564.12,2,564.2,1,564.26,6,564.28,6,564.3,16,564.32,2,564.18
au2408,,13:42:53.0#,560.2,565.18,557.7,627.76,513.62,27460,40455.0,564.04,15,564.06,1,564.1,1,564.12,2,564.14,2,564.2,1,564.26,6,564.28,6,564.3,13,564.32,11,564.18
au2408,,13:42:53.500#,560.2,565.18,557.7,627.76,513.62,27460,40455.0,564.04,19,564.06,4,564.1,1,564.12,2,564.14,2,564.2,1,564.26,3,564.28,6,564.3,9,564.32,15,564.18
au2408,,13:42:54.0#,560.2,565.18,557.7,627.76,513.62,27461,40455.0,564.12,2,564.14,4,564.16,9,564.18,2,564.2,2,564.26,3,564.28,3,564.3,6,564.32,15,564.34,8,564.2
au2408,,13:42:54.500#,560.2,565.18,557.7,627.76,513.62,27463,40454.0,564.08,12,564.1,10,564.12,3,564.14,2,564.16,1,564.24,1,564.26,3,564.28,3,564.32,3,564.34,8,564.2
au2408,,13:42:55.0#,560.2,565.18,557.7,627.76,513.62,27463,40454.0,564.06,13,564.08,9,564.1,4,564.14,2,564.16,1,564.22,1,564.24,1,564.26,2,564.28,3,564.32,6,564.2
au2408,,13:42:55.500#,560.2,565.18,557.7,627.76,513.62,27463,40454.0,564.06,11,564.08,6,564.1,1,564.14,2,564.16,1,564.24,1,564.26,2,564.28,3,564.3,3,564.32,9,564.2
au2408,,13:42:56.0#,560.2,565.18,557.7,627.76,513.62,27463,40454.0,564.06,10,564.08,6,564.1,1,564.14,2,564.16,1,564.24,1,564.26,2,564.28,6,564.32,6,564.34,15,564.2
au2408,,13:42:56.500#,560.2,565.18,557.7,627.76,513.62,27463,40454.0,564.06,7,564.08,9,564.1,1,564.14,2,564.16,1,564.24,1,564.26,2,564.28,3,564.3,3,564.32,3,564.2
au2408,,13:42:57.0#,560.2,565.18,557.7,627.76,513.62,27463,40454.0,564.06,7,564.08,9,564.1,1,564.14,2,564.16,1,564.24,1,564.26,2,564.28,3,564.3,3,564.32,6,564.2
au2408,,13:42:57.500#,560.2,565.18,557.7,627.76,513.62,27463,40454.0,564.06,7,564.08,9,564.1,1,564.14,2,564.16,1,564.24,1,564.26,2,564.28,3,564.3,3,564.32,6,564.2
au2408,,13:42:58.0#,560.2,565.18,557.7,627.76,513.62,27463,40454.0,564.06,7,564.08,9,564.1,1,564.14,2,564.16,1,564.24,1,564.26,2,564.28,3,564.3,3,564.32,6,564.2
au2408,,13:42:58.500#,560.2,565.18,557.7,627.76,513.62,27463,40454.0,564.06,7,564.08,9,564.1,1,564.14,2,564.16,1,564.24,1,564.26,2,564.28,3,564.3,3,564.32,6,564.2
au2408,,13:42:59.0#,560.2,565.18,557.7,627.76,513.62,27463,40454.0,564.04,15,564.06,7,564.08,9,564.1,1,564.14,2,564.24,1,564.26,2,564.28,3,564.3,3,564.32,6,564.2
au2408,,13:42:59.500#,560.2,565.18,557.7,627.76,513.62,27463,40454.0,564.04,14,564.06,11,564.08,3,564.1,1,564.14,2,564.22,2,564.24,3,564.26,2,564.28,6,564.32,15,564.2
au2408,,13:43:00.0#,560.2,565.18,557.7,627.76,513.62,27463,40454.0,564.02,8,564.04,18,564.06,10,564.1,1,564.14,2,564.22,2,564.24,3,564.26,2,564.28,6,564.3,3,564.2
au2408,,13:43:00.500#,560.2,565.18,557.7,627.76,513.62,27463,40454.0,564.04,15,564.06,10,564.1,1,564.14,2,564.16,2,564.22,2,564.24,3,564.26,2,564.28,6,564.3,6,564.2
au2408,,13:43:01.0#,560.2,565.18,557.7,627.76,513.62,27463,40454.0,564.06,8,564.08,6,564.1,1,564.14,2,564.16,2,564.24,1,564.26,2,564.28,3,564.3,6,564.32,15,564.2
au2408,,13:43:01.500#,560.2,565.18,557.7,627.76,513.62,27463,40454.0,564.06,10,564.08,9,564.1,1,564.14,2,564.16,2,564.24,1,564.26,2,564.28,3,564.3,3,564.32,6,564.2
au2408,,13:43:02.0#,560.2,565.18,557.7,627.76,513.62,27463,40454.0,564.06,10,564.08,6,564.1,4,564.14,2,564.16,2,564.24,1,564.26,2,564.28,3,564.32,9,564.34,19,564.2
au2408,,13:43:02.500#,560.2,565.18,557.7,627.76,513.62,27463,40454.0,564.06,10,564.08,9,564.1,1,564.14,2,564.16,2,564.22,2,564.24,1,564.26,2,564.28,3,564.3,3,564.2
au2408,,13:43:03.0#,560.2,565.18,557.7,627.76,513.62,27463,40454.0,564.06,11,564.08,3,564.1,1,564.14,2,564.16,2,564.22,2,564.24,1,564.26,2,564.28,3,564.3,6,564.2
au2408,,13:43:03.500#,560.2,565.18,557.7,627.76,513.62,27463,40454.0,564.04,17,564.06,11,564.08,6,564.1,1,564.14,2,564.22,2,564.24,1,564.26,2,564.28,3,564.3,6,564.2
au2408,,13:43:04.0#,560.2,565.18,557.7,627.76,513.62,27463,40454.0,564.06,7,564.08,3,564.1,1,564.14,2,564.16,2,564.22,2,564.24,1,564.26,2,564.28,3,564.3,9,564.2
au2408,,13:43:04.500#,560.2,565.18,557.7,627.76,513.62,27463,40454.0,564.06,11,564.08,3,564.1,4,564.14,2,564.16,3,564.24,1,564.26,2,564.28,3,564.3,3,564.32,15,564.2
au2408,,13:43:05.0#,560.2,565.18,557.7,627.76,513.62,27463,40454.0,564.08,6,564.1,4,564.14,2,564.16,3,564.18,2,564.24,1,564.26,2,564.28,3,564.32,9,564.34,16,564.2
au2408,,13:43:05.500#,560.2,565.18,557.7,627.76,513.62,27464,40453.0,564.12,3,564.14,2,564.16,3,564.18,2,564.2,1,564.26,2,564.28,3,564.34,15,564.36,16,564.38,3,564.24
au2408,,13:43:06.0#,560.2,565.18,557.7,627.76,513.62,27464,40453.0,564.12,6,564.14,2,564.16,1,564.18,2,564.2,1,564.28,3,564.34,3,564.36,8,564.38,11,564.4,3,564.24
au2408,,13:43:06.500#,560.2,565.18,557.7,627.76,513.62,27464,40453.0,564.12,6,564.14,2,564.16,1,564.18,2,564.2,1,564.26,2,564.28,1,564.32,3,564.36,7,564.38,9,564.24
au2408,,13:43:07.0#,560.2,565.18,557.7,627.76,513.62,27464,40453.0,564.12,6,564.14,2,564.16,1,564.18,2,564.2,1,564.26,2,564.28,1,564.34,6,564.36,8,564.38,8,564.24
au2408,,13:43:07.500#,560.2,565.18,557.7,627.76,513.62,27464,40453.0,564.12,6,564.14,2,564.16,1,564.18,2,564.2,1,564.26,2,564.28,1,564.34,6,564.36,8,564.38,8,564.24
au2408,,13:43:08.0#,560.2,565.18,557.7,627.76,513.62,27464,40453.0,564.12,6,564.14,2,564.16,1,564.18,2,564.2,1,564.26,2,564.28,1,564.34,6,564.36,8,564.38,8,564.24
au2408,,13:43:08.500#,560.2,565.18,557.7,627.76,513.62,27465,40452.0,564.12,6,564.14,2,564.16,1,564.18,2,564.2,1,564.26,1,564.28,1,564.34,6,564.36,8,564.38,8,564.26
au2408,,13:43:09.0#,560.2,565.18,557.7,627.76,513.62,27465,40452.0,564.16,1,564.18,2,564.2,1,564.22,2,564.26,1,564.28,1,564.36,10,564.38,9,564.4,12,564.46,2,564.26
au2408,,13:43:09.500#,560.2,565.18,557.7,627.76,513.62,27466,40451.0,564.14,10,564.16,4,564.18,2,564.2,1,564.22,2,564.28,1,564.36,4,564.4,6,564.42,9,564.46,4,564.26
au2408,,13:43:10.0#,560.2,565.18,557.7,627.76,513.62,27466,40451.0,564.14,9,564.16,1,564.18,2,564.2,1,564.22,2,564.28,1,564.36,4,564.38,6,564.4,12,564.44,3,564.26
au2408,,13:43:10.500#,560.2,565.18,557.7,627.76,513.62,27466,40451.0,564.14,9,564.16,1,564.18,2,564.2,2,564.22,2,564.28,1,564.36,1,564.38,9,564.4,12,564.44,3,564.26
au2408,,13:43:11.0#,560.2,565.18,557.7,627.76,513.62,27467,40451.0,564.14,9,564.16,1,564.18,2,564.2,2,564.22,2,564.36,4,564.38,6,564.4,12,564.44,3,564.46,1,564.28
au2408,,13:43:11.500#,560.2,565.18,557.7,627.76,513.62,27467,40451.0,564.16,7,564.18,2,564.2,2,564.22,2,564.24,1,564.32,9,564.34,10,564.36,1,564.38,3,564.4,9,564.28
au2408,,13:43:12.0#,560.2,565.18,557.7,627.76,513.62,27469,40451.0,564.12,5,564.14,13,564.16,7,564.18,2,564.2,2,564.22,33,564.3,2,564.32,12,564.34,9,564.36,4,564.22
au2408,,13:43:12.500#,560.2,565.18,557.7,627.76,513.62,27470,40450.0,564.12,3,564.14,3,564.16,1,564.18,2,564.2,2,564.22,32,564.3,2,564.32,5,564.34,12,564.36,12,564.22
au2408,,13:43:13.0#,560.2,565.18,557.7,627.76,513.62,27471,40449.0,564.1,7,564.12,6,564.16,1,564.18,2,564.2,2,564.22,31,564.3,2,564.32,2,564.34,12,564.36,6,564.22
au2408,,13:43:13.500#,560.2,565.18,557.7,627.76,513.62,27472,40449.0,564.1,7,564.12,3,564.16,1,564.18,2,564.2,2,564.22,30,564.3,2,564.32,5,564.34,9,564.36,15,564.22
au2408,,13:43:14.0#,560.2,565.18,557.7,627.76,513.62,27472,40449.0,564.08,9,564.1,7,564.16,1,564.18,2,564.2,2,564.22,30,564.3,2,564.32,5,564.34,12,564.36,18,564.22
au2408,,13:43:14.500#,560.2,565.18,557.7,627.76,513.62,27490,40446.0,564.08,9,564.1,4,564.16,1,564.18,2,564.2,2,564.22,12,564.3,2,564.32,5,564.34,18,564.36,12,564.22
au2408,,13:43:15.0#,560.2,565.18,557.7,627.76,513.62,27502,40445.0,564.14,3,564.16,1,564.18,2,564.2,2,564.22,3,564.3,2,564.32,5,564.34,12,564.36,12,564.38,3,564.22
au2408,,13:43:15.500#,560.2,565.18,557.7,627.76,513.62,27503,40444.0,564.14,6,564.16,1,564.18,2,564.2,2,564.22,1,564.3,1,564.34,5,564.36,1,564.38,6,564.4,13,564.3
au2408,,13:43:16.0#,560.2,565.18,557.7,627.76,513.62,27503,40444.0,564.14,9,564.16,4,564.18,2,564.2,2,564.22,1,564.3,1,564.34,2,564.36,1,564.38,6,564.4,10,564.3
au2408,,13:43:16.500#,560.2,565.18,557.7,627.76,513.62,27503,40444.0,564.14,9,564.16,4,564.18,2,564.2,2,564.22,1,564.3,1,564.34,2,564.36,1,564.38,6,564.4,10,564.3
au2408,,13:43:17.0#,560.2,565.18,557.7,627.76,513.62,27503,40444.0,564.14,12,564.16,1,564.18,2,564.2,2,564.22,1,564.3,1,564.34,2,564.36,1,564.38,6,564.4,10,564.3
au2408,,13:43:17.500#,560.2,565.18,557.7,627.76,513.62,27503,40444.0,564.14,12,564.16,1,564.18,2,564.2,2,564.22,1,564.3,1,564.34,2,564.36,4,564.38,3,564.4,10,564.3
au2408,,13:43:18.0#,560.2,565.18,557.7,627.76,513.62,27503,40444.0,564.14,9,564.16,1,564.18,2,564.2,2,564.22,1,564.3,1,564.34,5,564.36,1,564.38,3,564.4,10,564.3
au2408,,13:43:18.500#,560.2,565.18,557.7,627.76,513.62,27504,40443.0,564.12,12,564.14,9,564.16,1,564.18,2,564.2,2,564.22,1,564.28,2,564.3,1,564.34,5,564.36,1,564.22
au2408,,13:43:19.0#,560.2,565.18,557.7,627.76,513.62,27505,40443.0,564.14,3,564.16,1,564.18,2,564.2,2,564.22,4,564.3,1,564.34,5,564.36,13,564.38,9,564.46,2,564.22
au2408,,13:43:19.500#,560.2,565.18,557.7,627.76,513.62,27505,40443.0,564.14,12,564.16,1,564.18,2,564.2,2,564.22,2,564.28,2,564.3,1,564.34,2,564.36,4,564.38,9,564.22
au2408,,13:43:20.0#,560.2,565.18,557.7,627.76,513.62,27505,40443.0,564.14,9,564.16,1,564.18,2,564.2,2,564.22,2,564.28,2,564.3,1,564.34,2,564.36,4,564.38,15,564.22
au2408,,13:43:20.500#,560.2,565.18,557.7,627.76,513.62,27505,40443.0,564.14,6,564.16,1,564.18,2,564.2,2,564.22,2,564.28,2,564.3,1,564.34,5,564.36,1,564.38,15,564.22
au2408,,13:43:21.0#,560.2,565.18,557.7,627.76,513.62,27505,40443.0,564.14,6,564.16,1,564.18,2,564.2,2,564.22,2,564.28,2,564.3,1,564.34,5,564.36,1,564.38,15,564.22
au2408,,13:43:21.500#,560.2,565.18,557.7,627.76,513.62,27505,40443.0,564.14,6,564.16,1,564.18,2,564.2,2,564.22,2,564.28,2,564.3,1,564.34,2,564.36,4,564.38,15,564.22
au2408,,13:43:22.0#,560.2,565.18,557.7,627.76,513.62,27505,40443.0,564.14,9,564.16,1,564.18,2,564.2,2,564.22,2,564.28,2,564.3,1,564.34,2,564.36,4,564.38,15,564.22
au2408,,13:43:22.500#,560.2,565.18,557.7,627.76,513.62,27505,40443.0,564.14,9,564.16,1,564.18,2,564.2,2,564.22,2,564.28,2,564.3,1,564.34,2,564.36,4,564.38,15,564.22
au2408,,13:43:23.0#,560.2,565.18,557.7,627.76,513.62,27505,40443.0,564.14,9,564.16,1,564.18,2,564.2,2,564.22,2,564.28,2,564.3,1,564.34,2,564.36,4,564.38,15,564.22
au2408,,13:43:23.500#,560.2,565.18,557.7,627.76,513.62,27505,40443.0,564.14,9,564.16,1,564.18,2,564.2,2,564.22,2,564.28,2,564.3,1,564.34,2,564.36,4,564.38,15,564.22
au2408,,13:43:24.0#,560.2,565.18,557.7,627.76,513.62,27505,40443.0,564.14,9,564.16,1,564.18,2,564.2,2,564.22,2,564.28,2,564.3,1,564.34,2,564.36,4,564.38,15,564.22
au2408,,13:43:24.500#,560.2,565.18,557.7,627.76,513.62,27505,40443.0,564.14,9,564.16,1,564.18,2,564.2,2,564.22,2,564.28,2,564.3,1,564.34,2,564.36,4,564.38,15,564.22
au2408,,13:43:25.0#,560.2,565.18,557.7,627.76,513.62,27505,40443.0,564.14,9,564.16,1,564.18,2,564.2,2,564.22,2,564.28,2,564.3,1,564.34,2,564.36,4,564.38,15,564.22
au2408,,13:43:25.500#,560.2,565.18,557.7,627.76,513.62,27505,40443.0,564.14,9,564.16,1,564.18,2,564.2,2,564.22,2,564.3,1,564.34,2,564.36,4,564.38,15,564.4,12,564.22
au2408,,13:43:26.0#,560.2,565.18,557.7,627.76,513.62,27505,40443.0,564.14,12,564.16,1,564.18,2,564.2,2,564.22,2,564.3,1,564.34,2,564.36,4,564.38,9,564.4,13,564.22
au2408,,13:43:26.500#,560.2,565.18,557.7,627.76,513.62,27505,40443.0,564.14,12,564.16,1,564.18,2,564.2,2,564.22,2,564.28,2,564.3,1,564.34,2,564.36,4,564.38,9,564.22
au2408,,13:43:27.0#,560.2,565.18,557.7,627.76,513.62,27505,40443.0,564.14,9,564.16,1,564.18,2,564.2,2,564.22,2,564.28,2,564.3,1,564.34,2,564.36,4,564.38,15,564.22
au2408,,13:43:27.500#,560.2,565.18,557.7,627.76,513.62,27505,40443.0,564.16,4,564.18,2,564.2,2,564.22,2,564.24,1,564.3,1,564.34,2,564.36,1,564.38,15,564.4,15,564.22
au2408,,13:43:28.0#,560.2,565.18,557.7,627.76,513.62,27505,40443.0,564.16,7,564.18,2,564.2,2,564.22,2,564.24,1,564.32,1,564.34,2,564.36,1,564.38,3,564.4,12,564.22
au2408,,13:43:28.500#,560.2,565.18,557.7,627.76,513.62,27505,40443.0,564.16,13,564.18,2,564.2,2,564.22,2,564.24,1,564.32,1,564.34,2,564.36,1,564.38,3,564.4,9,564.22
au2408,,13:43:29.0#,560.2,565.18,557.7,627.76,513.62,27506,40442.0,564.16,13,564.18,2,564.2,2,564.22,1,564.24,1,564.34,2,564.36,1,564.38,3,564.4,9,564.42,13,564.32
au2408,,13:43:29.500#,560.2,565.18,557.7,627.76,513.62,27506,40442.0,564.16,13,564.18,2,564.2,2,564.22,1,564.24,1,564.32,4,564.34,4,564.36,1,564.38,3,564.4,6,564.32
au2408,,13:43:30.0#,560.2,565.18,557.7,627.76,513.62,27506,40442.0,564.16,10,564.18,2,564.2,2,564.22,1,564.24,1,564.32,4,564.34,4,564.36,1,564.38,3,564.4,15,564.32
au2408,,13:43:30.500#,560.2,565.18,557.7,627.76,513.62,27506,40442.0,564.16,10,564.18,2,564.2,2,564.22,1,564.24,1,564.32,4,564.34,4,564.36,1,564.38,3,564.4,12,564.32
au2408,,13:43:31.0#,560.2,565.18,557.7,627.76,513.62,27506,40442.0,564.16,10,564.18,2,564.2,2,564.22,1,564.24,1,564.32,4,564.34,4,564.36,1,564.38,3,564.4,12,564.32
au2408,,13:43:31.500#,560.2,565.18,557.7,627.76,513.62,27506,40442.0,564.16,10,564.18,2,564.2,2,564.22,1,564.24,1,564.32,4,564.34,4,564.36,1,564.38,3,564.4,12,564.32
au2408,,13:43:32.0#,560.2,565.18,557.7,627.76,513.62,27506,40442.0,564.16,7,564.18,5,564.2,2,564.22,1,564.24,1,564.32,4,564.34,4,564.36,1,564.4,15,564.42,15,564.32
au2408,,13:43:32.500#,560.2,565.18,557.7,627.76,513.62,27506,40442.0,564.14,16,564.16,7,564.18,2,564.2,2,564.22,1,564.3,6,564.32,6,564.34,4,564.36,4,564.38,3,564.32
au2408,,13:43:33.0#,560.2,565.18,557.7,627.76,513.62,27506,40442.0,564.14,6,564.16,4,564.18,2,564.2,2,564.22,1,564.32,2,564.34,4,564.36,1,564.38,15,564.4,12,564.32
au2408,,13:43:33.500#,560.2,565.18,557.7,627.76,513.62,27506,40442.0,564.14,9,564.16,4,564.18,2,564.2,2,564.22,1,564.3,2,564.32,2,564.34,4,564.36,1,564.38,6,564.32
au2408,,13:43:34.0#,560.2,565.18,557.7,627.76,513.62,27506,40442.0,564.14,9,564.16,1,564.18,2,564.2,1,564.22,1,564.3,2,564.32,2,564.34,4,564.36,4,564.38,9,564.32
au2408,,13:43:34.500#,560.2,565.18,557.7,627.76,513.62,27506,40442.0,564.14,6,564.16,4,564.18,2,564.2,1,564.22,1,564.3,2,564.32,2,564.34,4,564.36,1,564.38,12,564.32
au2408,,13:43:35.0#,560.2,565.18,557.7,627.76,513.62,27506,40442.0,564.14,9,564.16,1,564.18,2,564.2,1,564.22,1,564.3,2,564.32,2,564.34,4,564.36,1,564.38,12,564.32
au2408,,13:43:35.500#,560.2,565.18,557.7,627.76,513.62,27506,40442.0,564.14,9,564.16,1,564.18,2,564.2,1,564.22,1,564.3,3,564.32,2,564.34,2,564.36,4,564.38,12,564.32
au2408,,13:43:36.0#,560.2,565.18,557.7,627.76,513.62,27506,40442.0,564.14,9,564.16,1,564.18,2,564.2,1,564.22,1,564.3,3,564.32,2,564.34,2,564.36,4,564.38,12,564.32
au2408,,13:43:36.500#,560.2,565.18,557.7,627.76,513.62,27506,40442.0,564.14,9,564.16,1,564.18,2,564.2,1,564.22,1,564.3,3,564.34,2,564.36,4,564.38,12,564.4,12,564.32
au2408,,13:43:37.0#,560.2,565.18,557.7,627.76,513.62,27506,40442.0,564.14,6,564.16,4,564.18,2,564.2,1,564.22,2,564.3,3,564.34,2,564.36,1,564.38,9,564.4,15,564.32
au2408,,13:43:37.500#,560.2,565.18,557.7,627.76,513.62,27506,40442.0,564.16,1,564.18,5,564.2,1,564.22,2,564.3,1,564.34,2,564.36,1,564.38,6,564.4,18,564.42,6,564.32
au2408,,13:43:38.0#,560.2,565.18,557.7,627.76,513.62,27507,40442.0,564.16,6,564.18,12,564.2,1,564.22,2,564.24,1,564.32,2,564.36,1,564.4,3,564.42,6,564.44,6,564.3
au2408,,13:43:38.500#,560.2,565.18,557.7,627.76,513.62,27507,40442.0,564.2,4,564.22,2,564.24,1,564.26,2,564.28,2,564.32,1,564.36,1,564.4,6,564.42,9,564.44,12,564.3
au2408,,13:43:39.0#,560.2,565.18,557.7,627.76,513.62,27507,40442.0,564.22,5,564.24,1,564.26,1,564.28,2,564.32,1,564.36,1,564.44,13,564.46,9,564.48,4,564.54,1,564.3
au2408,,13:43:39.500#,560.2,565.18,557.7,627.76,513.62,27508,40441.0,564.2,10,564.22,8,564.24,1,564.26,1,564.28,2,564.36,1,564.44,3,564.46,1,564.48,11,564.5,2,564.32
au2408,,13:43:40.0#,560.2,565.18,557.7,627.76,513.62,27508,40441.0,564.2,16,564.22,3,564.24,1,564.26,1,564.28,2,564.34,2,564.36,1,564.42,3,564.44,3,564.46,11,564.32
au2408,,13:43:40.500#,560.2,565.18,557.7,627.76,513.62,27508,40441.0,564.2,10,564.22,3,564.24,1,564.26,1,564.28,2,564.36,1,564.42,3,564.44,9,564.46,13,564.48,10,564.32
au2408,,13:43:41.0#,560.2,565.18,557.7,627.76,513.62,27508,40441.0,564.18,15,564.2,13,564.22,3,564.24,1,564.26,1,564.34,4,564.36,1,564.42,3,564.44,9,564.46,11,564.32
