InstrumentId,ExchangeId,Datetime,OpenPrice,HighestPrice,LowestPrice,UpperLimitPrice,LowerLimitPrice,Volume,OpenInterest,BidPrice5,BidVolume5,BidPrice4,BidVolume4,BidPrice3,BidVolume3,BidPrice2,BidVolume2,BidPrice1,BidVolume1,AskPrice1,AskVolume1,AskPrice2,AskVolume2,AskPrice3,AskVolume3,AskPrice4,AskVolume4,AskPrice5,AskVolume5,LastPrice
br2409,,13:38:35.0#,14735.0,14955.0,14670.0,16050.0,13135.0,125065,56579.0,14820.0,30,14825.0,96,14830.0,104,14835.0,29,14840.0,58,14850.0,134,14855.0,50,14860.0,109,14865.0,43,14870.0,39,14840.0
br2409,,13:38:35.500#,14735.0,14955.0,14670.0,16050.0,13135.0,125066,56579.0,14825.0,84,14830.0,128,14835.0,29,14840.0,58,14845.0,11,14850.0,131,14855.0,51,14860.0,110,14865.0,55,14870.0,39,14850.0
br2409,,13:38:36.0#,14735.0,14955.0,14670.0,16050.0,13135.0,125094,56589.0,14825.0,85,14830.0,111,14835.0,47,14840.0,51,14845.0,16,14850.0,128,14855.0,47,14860.0,93,14865.0,75,14870.0,27,14850.0
br2409,,13:38:36.500#,14735.0,14955.0,14670.0,16050.0,13135.0,125099,56590.0,14825.0,61,14830.0,147,14835.0,36,14840.0,52,14845.0,16,14850.0,126,14855.0,47,14860.0,80,14865.0,87,14870.0,39,14850.0
br2409,,13:38:37.0#,14735.0,14955.0,14670.0,16050.0,13135.0,125099,56590.0,14825.0,73,14830.0,135,14835.0,37,14840.0,53,14845.0,25,14850.0,123,14855.0,46,14860.0,80,14865.0,87,14870.0,40,14850.0
br2409,,13:38:37.500#,14735.0,14955.0,14670.0,16050.0,13135.0,125100,56590.0,14825.0,61,14830.0,150,14835.0,37,14840.0,54,14845.0,25,14850.0,121,14855.0,41,14860.0,80,14865.0,87,14870.0,40,14850.0
br2409,,13:38:38.0#,14735.0,14955.0,14670.0,16050.0,13135.0,125101,56591.0,14825.0,61,14830.0,161,14835.0,37,14840.0,57,14845.0,28,14850.0,121,14855.0,41,14860.0,91,14865.0,87,14870.0,40,14845.0
br2409,,13:38:38.500#,14735.0,14955.0,14670.0,16050.0,13135.0,125101,56591.0,14825.0,37,14830.0,185,14835.0,36,14840.0,58,14845.0,29,14850.0,122,14855.0,41,14860.0,91,14865.0,87,14870.0,40,14845.0
br2409,,13:38:39.0#,14735.0,14955.0,14670.0,16050.0,13135.0,125102,56591.0,14825.0,37,14830.0,185,14835.0,36,14840.0,61,14845.0,28,14850.0,122,14855.0,41,14860.0,92,14865.0,87,14870.0,40,14845.0
br2409,,13:38:39.500#,14735.0,14955.0,14670.0,16050.0,13135.0,125103,56591.0,14825.0,49,14830.0,173,14835.0,36,14840.0,35,14845.0,28,14850.0,121,14855.0,42,14860.0,92,14865.0,99,14870.0,28,14845.0
br2409,,13:38:40.0#,14735.0,14955.0,14670.0,16050.0,13135.0,125114,56588.0,14825.0,61,14830.0,161,14835.0,36,14840.0,36,14845.0,26,14850.0,117,14855.0,41,14860.0,104,14865.0,75,14870.0,40,14845.0
br2409,,13:38:40.500#,14735.0,14955.0,14670.0,16050.0,13135.0,125122,56588.0,14825.0,61,14830.0,161,14835.0,36,14840.0,36,14845.0,26,14850.0,111,14855.0,41,14860.0,104,14865.0,75,14870.0,40,14850.0
br2409,,13:38:41.0#,14735.0,14955.0,14670.0,16050.0,13135.0,125122,56588.0,14825.0,61,14830.0,161,14835.0,36,14840.0,41,14845.0,26,14850.0,111,14855.0,41,14860.0,104,14865.0,75,14870.0,40,14850.0
br2409,,13:38:41.500#,14735.0,14955.0,14670.0,16050.0,13135.0,125122,56588.0,14825.0,61,14830.0,161,14835.0,36,14840.0,41,14845.0,26,14850.0,113,14855.0,41,14860.0,104,14865.0,75,14870.0,40,14850.0
br2409,,13:38:42.0#,14735.0,14955.0,14670.0,16050.0,13135.0,125124,56588.0,14825.0,65,14830.0,161,14835.0,32,14840.0,41,14845.0,24,14850.0,113,14855.0,41,14860.0,104,14865.0,75,14870.0,40,14845.0
br2409,,13:38:42.500#,14735.0,14955.0,14670.0,16050.0,13135.0,125124,56588.0,14825.0,65,14830.0,161,14835.0,32,14840.0,41,14845.0,24,14850.0,114,14855.0,41,14860.0,104,14865.0,75,14870.0,40,14845.0
br2409,,13:38:43.0#,14735.0,14955.0,14670.0,16050.0,13135.0,125124,56588.0,14825.0,65,14830.0,161,14835.0,32,14840.0,41,14845.0,24,14850.0,115,14855.0,41,14860.0,104,14865.0,75,14870.0,40,14845.0
br2409,,13:38:43.500#,14735.0,14955.0,14670.0,16050.0,13135.0,125124,56588.0,14825.0,65,14830.0,161,14835.0,32,14840.0,41,14845.0,26,14850.0,116,14855.0,41,14860.0,104,14865.0,75,14870.0,40,14845.0
br2409,,13:38:44.0#,14735.0,14955.0,14670.0,16050.0,13135.0,125125,56588.0,14825.0,65,14830.0,161,14835.0,34,14840.0,40,14845.0,27,14850.0,115,14855.0,41,14860.0,106,14865.0,75,14870.0,40,14850.0
br2409,,13:38:44.500#,14735.0,14955.0,14670.0,16050.0,13135.0,125125,56588.0,14825.0,65,14830.0,161,14835.0,34,14840.0,40,14845.0,28,14850.0,119,14855.0,41,14860.0,106,14865.0,75,14870.0,40,14850.0
br2409,,13:38:45.0#,14735.0,14955.0,14670.0,16050.0,13135.0,125125,56588.0,14825.0,65,14830.0,161,14835.0,34,14840.0,40,14845.0,25,14850.0,122,14855.0,42,14860.0,106,14865.0,75,14870.0,41,14850.0
br2409,,13:38:45.500#,14735.0,14955.0,14670.0,16050.0,13135.0,125127,56588.0,14825.0,77,14830.0,149,14835.0,34,14840.0,39,14845.0,25,14850.0,119,14855.0,43,14860.0,106,14865.0,87,14870.0,29,14850.0
br2409,,13:38:46.0#,14735.0,14955.0,14670.0,16050.0,13135.0,125127,56588.0,14825.0,65,14830.0,161,14835.0,34,14840.0,40,14845.0,25,14850.0,120,14855.0,42,14860.0,106,14865.0,75,14870.0,41,14850.0
br2409,,13:38:46.500#,14735.0,14955.0,14670.0,16050.0,13135.0,125127,56588.0,14825.0,77,14830.0,154,14835.0,34,14840.0,41,14845.0,25,14850.0,119,14855.0,43,14860.0,107,14865.0,87,14870.0,29,14850.0
br2409,,13:38:47.0#,14735.0,14955.0,14670.0,16050.0,13135.0,125127,56588.0,14825.0,65,14830.0,166,14835.0,34,14840.0,42,14845.0,24,14850.0,120,14855.0,42,14860.0,107,14865.0,75,14870.0,41,14850.0
br2409,,13:38:47.500#,14735.0,14955.0,14670.0,16050.0,13135.0,125127,56588.0,14825.0,65,14830.0,166,14835.0,34,14840.0,42,14845.0,25,14850.0,120,14855.0,42,14860.0,107,14865.0,75,14870.0,41,14850.0
br2409,,13:38:48.0#,14735.0,14955.0,14670.0,16050.0,13135.0,125127,56588.0,14825.0,65,14830.0,166,14835.0,34,14840.0,44,14845.0,25,14850.0,120,14855.0,42,14860.0,107,14865.0,75,14870.0,41,14850.0
br2409,,13:38:48.500#,14735.0,14955.0,14670.0,16050.0,13135.0,125128,56588.0,14825.0,65,14830.0,166,14835.0,34,14840.0,44,14845.0,25,14850.0,119,14855.0,42,14860.0,107,14865.0,75,14870.0,41,14850.0
br2409,,13:38:49.0#,14735.0,14955.0,14670.0,16050.0,13135.0,125128,56588.0,14825.0,65,14830.0,166,14835.0,34,14840.0,44,14845.0,25,14850.0,118,14855.0,41,14860.0,107,14865.0,75,14870.0,41,14850.0
br2409,,13:38:49.500#,14735.0,14955.0,14670.0,16050.0,13135.0,125130,56587.0,14825.0,65,14830.0,166,14835.0,34,14840.0,44,14845.0,24,14850.0,117,14855.0,41,14860.0,107,14865.0,75,14870.0,41,14845.0
br2409,,13:38:50.0#,14735.0,14955.0,14670.0,16050.0,13135.0,125130,56587.0,14825.0,65,14830.0,166,14835.0,34,14840.0,44,14845.0,24,14850.0,117,14855.0,41,14860.0,107,14865.0,75,14870.0,41,14845.0
br2409,,13:38:50.500#,14735.0,14955.0,14670.0,16050.0,13135.0,125140,56594.0,14825.0,65,14830.0,166,14835.0,34,14840.0,44,14845.0,14,14850.0,118,14855.0,41,14860.0,107,14865.0,75,14870.0,41,14845.0
br2409,,13:38:51.0#,14735.0,14955.0,14670.0,16050.0,13135.0,125155,56602.0,14825.0,65,14830.0,155,14835.0,34,14840.0,42,14845.0,2,14850.0,118,14855.0,41,14860.0,96,14865.0,75,14870.0,41,14845.0
br2409,,13:38:51.500#,14735.0,14955.0,14670.0,16050.0,13135.0,125159,56601.0,14825.0,65,14830.0,155,14835.0,37,14840.0,44,14845.0,15,14850.0,118,14855.0,41,14860.0,96,14865.0,75,14870.0,41,14845.0
br2409,,13:38:52.0#,14735.0,14955.0,14670.0,16050.0,13135.0,125162,56602.0,14825.0,65,14830.0,143,14835.0,37,14840.0,43,14845.0,18,14850.0,114,14855.0,41,14860.0,84,14865.0,75,14870.0,41,14850.0
br2409,,13:38:52.500#,14735.0,14955.0,14670.0,16050.0,13135.0,125164,56604.0,14825.0,65,14830.0,155,14835.0,37,14840.0,44,14845.0,18,14850.0,114,14855.0,41,14860.0,96,14865.0,75,14870.0,41,14850.0
br2409,,13:38:53.0#,14735.0,14955.0,14670.0,16050.0,13135.0,125164,56604.0,14825.0,65,14830.0,154,14835.0,36,14840.0,43,14845.0,15,14850.0,113,14855.0,41,14860.0,95,14865.0,75,14870.0,41,14850.0
br2409,,13:38:53.500#,14735.0,14955.0,14670.0,16050.0,13135.0,125165,56604.0,14825.0,77,14830.0,154,14835.0,36,14840.0,43,14845.0,16,14850.0,112,14855.0,42,14860.0,107,14865.0,87,14870.0,29,14850.0
br2409,,13:38:54.0#,14735.0,14955.0,14670.0,16050.0,13135.0,125167,56606.0,14825.0,65,14830.0,154,14835.0,36,14840.0,42,14845.0,15,14850.0,111,14855.0,42,14860.0,95,14865.0,75,14870.0,41,14845.0
br2409,,13:38:54.500#,14735.0,14955.0,14670.0,16050.0,13135.0,125168,56606.0,14825.0,65,14830.0,166,14835.0,36,14840.0,48,14845.0,14,14850.0,113,14855.0,41,14860.0,107,14865.0,75,14870.0,41,14850.0
br2409,,13:38:55.0#,14735.0,14955.0,14670.0,16050.0,13135.0,125174,56606.0,14825.0,65,14830.0,154,14835.0,36,14840.0,47,14845.0,20,14850.0,113,14855.0,42,14860.0,95,14865.0,75,14870.0,41,14845.0
br2409,,13:38:55.500#,14735.0,14955.0,14670.0,16050.0,13135.0,125174,56606.0,14825.0,65,14830.0,166,14835.0,36,14840.0,47,14845.0,20,14850.0,114,14855.0,42,14860.0,107,14865.0,75,14870.0,41,14845.0
br2409,,13:38:56.0#,14735.0,14955.0,14670.0,16050.0,13135.0,125174,56606.0,14825.0,65,14830.0,166,14835.0,36,14840.0,47,14845.0,25,14850.0,114,14855.0,42,14860.0,107,14865.0,75,14870.0,41,14845.0
br2409,,13:38:56.500#,14735.0,14955.0,14670.0,16050.0,13135.0,125177,56606.0,14825.0,53,14830.0,178,14835.0,36,14840.0,47,14845.0,25,14850.0,111,14855.0,42,14860.0,107,14865.0,75,14870.0,41,14850.0
br2409,,13:38:57.0#,14735.0,14955.0,14670.0,16050.0,13135.0,125177,56606.0,14825.0,53,14830.0,179,14835.0,36,14840.0,48,14845.0,26,14850.0,111,14855.0,42,14860.0,107,14865.0,75,14870.0,41,14850.0
br2409,,13:38:57.500#,14735.0,14955.0,14670.0,16050.0,13135.0,125177,56606.0,14825.0,53,14830.0,182,14835.0,36,14840.0,48,14845.0,26,14850.0,111,14855.0,42,14860.0,107,14865.0,75,14870.0,41,14850.0
br2409,,13:38:58.0#,14735.0,14955.0,14670.0,16050.0,13135.0,125177,56606.0,14825.0,53,14830.0,182,14835.0,36,14840.0,56,14845.0,25,14850.0,111,14855.0,42,14860.0,107,14865.0,75,14870.0,41,14850.0
br2409,,13:38:58.500#,14735.0,14955.0,14670.0,16050.0,13135.0,125177,56606.0,14825.0,53,14830.0,182,14835.0,36,14840.0,56,14845.0,26,14850.0,111,14855.0,42,14860.0,107,14865.0,75,14870.0,41,14850.0
br2409,,13:38:59.0#,14735.0,14955.0,14670.0,16050.0,13135.0,125179,56607.0,14825.0,53,14830.0,182,14835.0,36,14840.0,56,14845.0,25,14850.0,111,14855.0,42,14860.0,107,14865.0,75,14870.0,41,14850.0
br2409,,13:38:59.500#,14735.0,14955.0,14670.0,16050.0,13135.0,125181,56607.0,14825.0,53,14830.0,182,14835.0,36,14840.0,56,14845.0,24,14850.0,111,14855.0,42,14860.0,107,14865.0,75,14870.0,41,14845.0
br2409,,13:39:00.0#,14735.0,14955.0,14670.0,16050.0,13135.0,125181,56607.0,14825.0,53,14830.0,182,14835.0,36,14840.0,56,14845.0,24,14850.0,111,14855.0,42,14860.0,107,14865.0,75,14870.0,42,14845.0
br2409,,13:39:00.500#,14735.0,14955.0,14670.0,16050.0,13135.0,125181,56607.0,14825.0,53,14830.0,182,14835.0,36,14840.0,56,14845.0,25,14850.0,111,14855.0,42,14860.0,107,14865.0,75,14870.0,42,14845.0
br2409,,13:39:01.0#,14735.0,14955.0,14670.0,16050.0,13135.0,125183,56607.0,14825.0,53,14830.0,182,14835.0,36,14840.0,56,14845.0,24,14850.0,111,14855.0,42,14860.0,107,14865.0,75,14870.0,42,14850.0
br2409,,13:39:01.500#,14735.0,14955.0,14670.0,16050.0,13135.0,125183,56607.0,14825.0,53,14830.0,182,14835.0,36,14840.0,56,14845.0,24,14850.0,111,14855.0,42,14860.0,107,14865.0,75,14870.0,42,14850.0
br2409,,13:39:02.0#,14735.0,14955.0,14670.0,16050.0,13135.0,125211,56622.0,14820.0,33,14825.0,53,14830.0,171,14835.0,36,14840.0,54,14845.0,1,14850.0,112,14855.0,42,14860.0,95,14865.0,75,14845.0
br2409,,13:39:02.500#,14735.0,14955.0,14670.0,16050.0,13135.0,125213,56622.0,14820.0,34,14825.0,101,14830.0,128,14835.0,32,14840.0,50,14845.0,21,14850.0,113,14855.0,46,14860.0,100,14865.0,66,14845.0
br2409,,13:39:03.0#,14735.0,14955.0,14670.0,16050.0,13135.0,125214,56623.0,14820.0,46,14825.0,100,14830.0,127,14835.0,32,14840.0,50,14845.0,27,14850.0,111,14855.0,59,14860.0,98,14865.0,54,14845.0
br2409,,13:39:03.500#,14735.0,14955.0,14670.0,16050.0,13135.0,125214,56623.0,14820.0,46,14825.0,88,14830.0,139,14835.0,32,14840.0,46,14845.0,28,14850.0,111,14855.0,59,14860.0,86,14865.0,66,14845.0
br2409,,13:39:04.0#,14735.0,14955.0,14670.0,16050.0,13135.0,125217,56625.0,14820.0,46,14825.0,100,14830.0,127,14835.0,32,14840.0,46,14845.0,25,14850.0,111,14855.0,59,14860.0,98,14865.0,54,14845.0
br2409,,13:39:04.500#,14735.0,14955.0,14670.0,16050.0,13135.0,125217,56625.0,14820.0,46,14825.0,100,14830.0,137,14835.0,32,14840.0,48,14845.0,25,14850.0,112,14855.0,59,14860.0,108,14865.0,54,14845.0
br2409,,13:39:05.0#,14735.0,14955.0,14670.0,16050.0,13135.0,125218,56625.0,14820.0,34,14825.0,112,14830.0,137,14835.0,33,14840.0,48,14845.0,25,14850.0,112,14855.0,47,14860.0,132,14865.0,51,14845.0
br2409,,13:39:05.500#,14735.0,14955.0,14670.0,16050.0,13135.0,125219,56625.0,14820.0,34,14825.0,112,14830.0,125,14835.0,33,14840.0,47,14845.0,24,14850.0,111,14855.0,48,14860.0,120,14865.0,51,14845.0
br2409,,13:39:06.0#,14735.0,14955.0,14670.0,16050.0,13135.0,125245,56602.0,14825.0,100,14830.0,126,14835.0,31,14840.0,49,14845.0,37,14850.0,113,14855.0,48,14860.0,110,14865.0,51,14870.0,29,14845.0
br2409,,13:39:06.500#,14735.0,14955.0,14670.0,16050.0,13135.0,125250,56601.0,14825.0,89,14830.0,145,14835.0,34,14840.0,53,14845.0,38,14850.0,104,14855.0,45,14860.0,94,14865.0,84,14870.0,29,14845.0
br2409,,13:39:07.0#,14735.0,14955.0,14670.0,16050.0,13135.0,125250,56601.0,14825.0,77,14830.0,157,14835.0,35,14840.0,52,14845.0,40,14850.0,104,14855.0,44,14860.0,83,14865.0,96,14870.0,30,14845.0
br2409,,13:39:07.500#,14735.0,14955.0,14670.0,16050.0,13135.0,125250,56601.0,14825.0,77,14830.0,157,14835.0,35,14840.0,56,14845.0,39,14850.0,104,14855.0,44,14860.0,83,14865.0,96,14870.0,30,14845.0
br2409,,13:39:08.0#,14735.0,14955.0,14670.0,16050.0,13135.0,125250,56601.0,14825.0,77,14830.0,168,14835.0,35,14840.0,58,14845.0,38,14850.0,104,14855.0,44,14860.0,94,14865.0,96,14870.0,30,14845.0
br2409,,13:39:08.500#,14735.0,14955.0,14670.0,16050.0,13135.0,125254,56605.0,14825.0,77,14830.0,168,14835.0,35,14840.0,57,14845.0,39,14850.0,110,14855.0,45,14860.0,93,14865.0,96,14870.0,30,14850.0
br2409,,13:39:09.0#,14735.0,14955.0,14670.0,16050.0,13135.0,125255,56604.0,14825.0,65,14830.0,180,14835.0,35,14840.0,58,14845.0,39,14850.0,111,14855.0,45,14860.0,105,14865.0,84,14870.0,30,14845.0
br2409,,13:39:09.500#,14735.0,14955.0,14670.0,16050.0,13135.0,125255,56604.0,14825.0,65,14830.0,180,14835.0,35,14840.0,57,14845.0,39,14850.0,110,14855.0,45,14860.0,105,14865.0,84,14870.0,30,14845.0
br2409,,13:39:10.0#,14735.0,14955.0,14670.0,16050.0,13135.0,125255,56604.0,14825.0,69,14830.0,180,14835.0,35,14840.0,58,14845.0,39,14850.0,111,14855.0,45,14860.0,105,14865.0,84,14870.0,30,14845.0
br2409,,13:39:10.500#,14735.0,14955.0,14670.0,16050.0,13135.0,125264,56595.0,14825.0,69,14830.0,180,14835.0,35,14840.0,57,14845.0,30,14850.0,112,14855.0,45,14860.0,105,14865.0,84,14870.0,30,14845.0
br2409,,13:39:11.0#,14735.0,14955.0,14670.0,16050.0,13135.0,125295,56589.0,14820.0,33,14825.0,69,14830.0,169,14835.0,35,14840.0,57,14845.0,1,14850.0,114,14855.0,45,14860.0,94,14865.0,84,14845.0
br2409,,13:39:11.500#,14735.0,14955.0,14670.0,16050.0,13135.0,125302,56589.0,14820.0,33,14825.0,128,14830.0,114,14835.0,32,14840.0,59,14845.0,18,14850.0,117,14855.0,47,14860.0,111,14865.0,63,14845.0
br2409,,13:39:12.0#,14735.0,14955.0,14670.0,16050.0,13135.0,125303,56589.0,14820.0,34,14825.0,116,14830.0,114,14835.0,31,14840.0,59,14845.0,17,14850.0,115,14855.0,38,14860.0,111,14865.0,51,14845.0
br2409,,13:39:12.500#,14735.0,14955.0,14670.0,16050.0,13135.0,125318,56592.0,14825.0,128,14830.0,114,14835.0,31,14840.0,64,14845.0,14,14850.0,116,14855.0,43,14860.0,111,14865.0,63,14870.0,29,14845.0
br2409,,13:39:13.0#,14735.0,14955.0,14670.0,16050.0,13135.0,125318,56592.0,14825.0,93,14830.0,146,14835.0,34,14840.0,64,14845.0,23,14850.0,112,14855.0,40,14860.0,95,14865.0,84,14870.0,29,14845.0
br2409,,13:39:13.500#,14735.0,14955.0,14670.0,16050.0,13135.0,125318,56592.0,14825.0,69,14830.0,170,14835.0,34,14840.0,65,14845.0,24,14850.0,112,14855.0,40,14860.0,71,14865.0,108,14870.0,29,14845.0
br2409,,13:39:14.0#,14735.0,14955.0,14670.0,16050.0,13135.0,125318,56592.0,14825.0,81,14830.0,158,14835.0,35,14840.0,65,14845.0,26,14850.0,113,14855.0,39,14860.0,83,14865.0,96,14870.0,30,14845.0
br2409,,13:39:14.500#,14735.0,14955.0,14670.0,16050.0,13135.0,125318,56592.0,14825.0,81,14830.0,169,14835.0,35,14840.0,65,14845.0,22,14850.0,113,14855.0,39,14860.0,94,14865.0,96,14870.0,30,14845.0
br2409,,13:39:15.0#,14735.0,14955.0,14670.0,16050.0,13135.0,125318,56592.0,14825.0,81,14830.0,169,14835.0,35,14840.0,64,14845.0,22,14850.0,113,14855.0,35,14860.0,93,14865.0,96,14870.0,30,14845.0
br2409,,13:39:15.500#,14735.0,14955.0,14670.0,16050.0,13135.0,125320,56592.0,14825.0,69,14830.0,170,14835.0,35,14840.0,66,14845.0,20,14850.0,114,14855.0,35,14860.0,94,14865.0,84,14870.0,30,14845.0
br2409,,13:39:16.0#,14735.0,14955.0,14670.0,16050.0,13135.0,125321,56592.0,14825.0,69,14830.0,158,14835.0,35,14840.0,65,14845.0,20,14850.0,114,14855.0,34,14860.0,82,14865.0,84,14870.0,30,14845.0
br2409,,13:39:16.500#,14735.0,14955.0,14670.0,16050.0,13135.0,125321,56592.0,14825.0,69,14830.0,170,14835.0,35,14840.0,67,14845.0,50,14850.0,115,14855.0,34,14860.0,89,14865.0,84,14870.0,30,14845.0
br2409,,13:39:17.0#,14735.0,14955.0,14670.0,16050.0,13135.0,125321,56592.0,14825.0,69,14830.0,170,14835.0,33,14840.0,70,14845.0,50,14850.0,115,14855.0,22,14860.0,101,14865.0,84,14870.0,30,14845.0
br2409,,13:39:17.500#,14735.0,14955.0,14670.0,16050.0,13135.0,125321,56592.0,14825.0,69,14830.0,181,14835.0,33,14840.0,71,14845.0,50,14850.0,120,14855.0,24,14860.0,112,14865.0,84,14870.0,30,14845.0
br2409,,13:39:18.0#,14735.0,14955.0,14670.0,16050.0,13135.0,125321,56592.0,14825.0,69,14830.0,181,14835.0,33,14840.0,71,14845.0,50,14850.0,120,14855.0,24,14860.0,112,14865.0,84,14870.0,30,14845.0
br2409,,13:39:18.500#,14735.0,14955.0,14670.0,16050.0,13135.0,125321,56592.0,14825.0,69,14830.0,181,14835.0,33,14840.0,71,14845.0,50,14850.0,130,14855.0,24,14860.0,112,14865.0,84,14870.0,30,14845.0
br2409,,13:39:19.0#,14735.0,14955.0,14670.0,16050.0,13135.0,125327,56593.0,14825.0,69,14830.0,181,14835.0,33,14840.0,71,14845.0,50,14850.0,126,14855.0,24,14860.0,112,14865.0,84,14870.0,30,14845.0
br2409,,13:39:19.500#,14735.0,14955.0,14670.0,16050.0,13135.0,125327,56593.0,14825.0,57,14830.0,193,14835.0,33,14840.0,71,14845.0,51,14850.0,126,14855.0,24,14860.0,100,14865.0,96,14870.0,30,14845.0
br2409,,13:39:20.0#,14735.0,14955.0,14670.0,16050.0,13135.0,125327,56593.0,14825.0,57,14830.0,193,14835.0,35,14840.0,70,14845.0,51,14850.0,126,14855.0,24,14860.0,100,14865.0,96,14870.0,30,14845.0
br2409,,13:39:20.500#,14735.0,14955.0,14670.0,16050.0,13135.0,125333,56593.0,14825.0,57,14830.0,194,14835.0,35,14840.0,70,14845.0,54,14850.0,121,14855.0,24,14860.0,100,14865.0,96,14870.0,30,14850.0
br2409,,13:39:21.0#,14735.0,14955.0,14670.0,16050.0,13135.0,125339,56599.0,14825.0,57,14830.0,194,14835.0,35,14840.0,70,14845.0,57,14850.0,115,14855.0,24,14860.0,100,14865.0,96,14870.0,30,14850.0
br2409,,13:39:21.500#,14735.0,14955.0,14670.0,16050.0,13135.0,125343,56600.0,14825.0,57,14830.0,194,14835.0,35,14840.0,70,14845.0,58,14850.0,112,14855.0,24,14860.0,100,14865.0,96,14870.0,30,14850.0
br2409,,13:39:22.0#,14735.0,14955.0,14670.0,16050.0,13135.0,125343,56600.0,14825.0,57,14830.0,194,14835.0,35,14840.0,70,14845.0,60,14850.0,112,14855.0,24,14860.0,100,14865.0,96,14870.0,30,14850.0
br2409,,13:39:22.500#,14735.0,14955.0,14670.0,16050.0,13135.0,125343,56600.0,14825.0,57,14830.0,194,14835.0,35,14840.0,68,14845.0,60,14850.0,112,14855.0,24,14860.0,100,14865.0,96,14870.0,30,14850.0
br2409,,13:39:23.0#,14735.0,14955.0,14670.0,16050.0,13135.0,125343,56600.0,14825.0,57,14830.0,194,14835.0,34,14840.0,68,14845.0,60,14850.0,113,14855.0,24,14860.0,100,14865.0,96,14870.0,30,14850.0
br2409,,13:39:23.500#,14735.0,14955.0,14670.0,16050.0,13135.0,125344,56600.0,14825.0,57,14830.0,194,14835.0,34,14840.0,68,14845.0,60,14850.0,112,14855.0,24,14860.0,100,14865.0,96,14870.0,30,14850.0
br2409,,13:39:24.0#,14735.0,14955.0,14670.0,16050.0,13135.0,125345,56600.0,14825.0,58,14830.0,194,14835.0,34,14840.0,68,14845.0,59,14850.0,112,14855.0,24,14860.0,100,14865.0,96,14870.0,30,14845.0
br2409,,13:39:24.500#,14735.0,14955.0,14670.0,16050.0,13135.0,125345,56600.0,14825.0,58,14830.0,194,14835.0,34,14840.0,68,14845.0,59,14850.0,112,14855.0,24,14860.0,100,14865.0,96,14870.0,30,14845.0
br2409,,13:39:25.0#,14735.0,14955.0,14670.0,16050.0,13135.0,125345,56600.0,14825.0,58,14830.0,194,14835.0,34,14840.0,68,14845.0,59,14850.0,112,14855.0,25,14860.0,99,14865.0,96,14870.0,30,14845.0
br2409,,13:39:25.500#,14735.0,14955.0,14670.0,16050.0,13135.0,125345,56600.0,14825.0,58,14830.0,194,14835.0,34,14840.0,68,14845.0,59,14850.0,112,14855.0,25,14860.0,99,14865.0,96,14870.0,30,14845.0
br2409,,13:39:26.0#,14735.0,14955.0,14670.0,16050.0,13135.0,125345,56600.0,14825.0,58,14830.0,194,14835.0,34,14840.0,68,14845.0,60,14850.0,112,14855.0,25,14860.0,99,14865.0,96,14870.0,30,14845.0
br2409,,13:39:26.500#,14735.0,14955.0,14670.0,16050.0,13135.0,125348,56600.0,14825.0,58,14830.0,194,14835.0,34,14840.0,67,14845.0,58,14850.0,112,14855.0,25,14860.0,99,14865.0,96,14870.0,30,14845.0
br2409,,13:39:27.0#,14735.0,14955.0,14670.0,16050.0,13135.0,125349,56600.0,14825.0,58,14830.0,194,14835.0,34,14840.0,66,14845.0,60,14850.0,110,14855.0,26,14860.0,99,14865.0,96,14870.0,30,14850.0
br2409,,13:39:27.500#,14735.0,14955.0,14670.0,16050.0,13135.0,125459,56679.0,14830.0,170,14835.0,34,14840.0,66,14845.0,62,14850.0,5,14855.0,26,14860.0,74,14865.0,97,14870.0,30,14875.0,19,14850.0
br2409,,13:39:28.0#,14735.0,14955.0,14670.0,16050.0,13135.0,125485,56683.0,14835.0,52,14840.0,69,14845.0,62,14850.0,49,14855.0,4,14860.0,30,14865.0,48,14870.0,61,14875.0,24,14880.0,113,14855.0
br2409,,13:39:28.500#,14735.0,14955.0,14670.0,16050.0,13135.0,125506,56678.0,14835.0,61,14840.0,100,14845.0,66,14850.0,52,14855.0,15,14860.0,25,14865.0,31,14870.0,60,14875.0,78,14880.0,116,14860.0
br2409,,13:39:29.0#,14735.0,14955.0,14670.0,16050.0,13135.0,125515,56669.0,14835.0,50,14840.0,111,14845.0,69,14850.0,52,14855.0,6,14860.0,26,14865.0,30,14870.0,48,14875.0,91,14880.0,117,14855.0
br2409,,13:39:29.500#,14735.0,14955.0,14670.0,16050.0,13135.0,125522,56664.0,14830.0,89,14835.0,62,14840.0,99,14845.0,69,14850.0,53,14855.0,11,14860.0,25,14865.0,30,14870.0,36,14875.0,91,14855.0
br2409,,13:39:30.0#,14735.0,14955.0,14670.0,16050.0,13135.0,125522,56664.0,14830.0,89,14835.0,73,14840.0,105,14845.0,65,14850.0,53,14855.0,18,14860.0,23,14865.0,34,14870.0,33,14875.0,101,14855.0
br2409,,13:39:30.500#,14735.0,14955.0,14670.0,16050.0,13135.0,125534,56662.0,14830.0,89,14835.0,85,14840.0,93,14845.0,65,14850.0,54,14855.0,4,14860.0,26,14865.0,34,14870.0,33,14875.0,101,14855.0
br2409,,13:39:31.0#,14735.0,14955.0,14670.0,16050.0,13135.0,125538,56664.0,14835.0,85,14840.0,93,14845.0,66,14850.0,54,14855.0,11,14860.0,26,14865.0,34,14870.0,33,14875.0,101,14880.0,117,14855.0
br2409,,13:39:31.500#,14735.0,14955.0,14670.0,16050.0,13135.0,125538,56664.0,14835.0,62,14840.0,111,14845.0,70,14850.0,54,14855.0,13,14860.0,27,14865.0,30,14870.0,36,14875.0,91,14880.0,129,14855.0
br2409,,13:39:32.0#,14735.0,14955.0,14670.0,16050.0,13135.0,125538,56664.0,14835.0,62,14840.0,122,14845.0,70,14850.0,55,14855.0,6,14860.0,30,14865.0,31,14870.0,36,14875.0,102,14880.0,129,14855.0
br2409,,13:39:32.500#,14735.0,14955.0,14670.0,16050.0,13135.0,125539,56664.0,14835.0,62,14840.0,110,14845.0,82,14850.0,55,14855.0,1,14860.0,30,14865.0,30,14870.0,35,14875.0,102,14880.0,129,14860.0
br2409,,13:39:33.0#,14735.0,14955.0,14670.0,16050.0,13135.0,125539,56664.0,14835.0,62,14840.0,121,14845.0,82,14850.0,55,14855.0,4,14860.0,31,14865.0,30,14870.0,46,14875.0,102,14880.0,129,14860.0
br2409,,13:39:33.500#,14735.0,14955.0,14670.0,16050.0,13135.0,125540,56663.0,14835.0,62,14840.0,110,14845.0,82,14850.0,55,14855.0,4,14860.0,31,14865.0,31,14870.0,34,14875.0,102,14880.0,129,14855.0
br2409,,13:39:34.0#,14735.0,14955.0,14670.0,16050.0,13135.0,125541,56664.0,14835.0,50,14840.0,134,14845.0,70,14850.0,48,14855.0,10,14860.0,37,14865.0,30,14870.0,47,14875.0,102,14880.0,117,14855.0
br2409,,13:39:34.500#,14735.0,14955.0,14670.0,16050.0,13135.0,125541,56664.0,14835.0,50,14840.0,134,14845.0,70,14850.0,46,14855.0,4,14860.0,37,14865.0,30,14870.0,47,14875.0,102,14880.0,117,14855.0
br2409,,13:39:35.0#,14735.0,14955.0,14670.0,16050.0,13135.0,125550,56662.0,14830.0,89,14835.0,50,14840.0,122,14845.0,69,14850.0,46,14860.0,34,14865.0,30,14870.0,34,14875.0,102,14880.0,117,14860.0
br2409,,13:39:35.500#,14735.0,14955.0,14670.0,16050.0,13135.0,125550,56662.0,14830.0,89,14835.0,50,14840.0,135,14845.0,70,14850.0,47,14855.0,2,14860.0,35,14865.0,30,14870.0,46,14875.0,102,14860.0
br2409,,13:39:36.0#,14735.0,14955.0,14670.0,16050.0,13135.0,125554,56662.0,14835.0,96,14840.0,91,14845.0,66,14850.0,45,14855.0,4,14860.0,33,14865.0,38,14870.0,48,14875.0,96,14880.0,116,14855.0
br2409,,13:39:36.500#,14735.0,14955.0,14670.0,16050.0,13135.0,125557,56659.0,14835.0,74,14840.0,108,14845.0,70,14850.0,46,14855.0,20,14860.0,30,14865.0,35,14870.0,34,14875.0,114,14880.0,116,14860.0
br2409,,13:39:37.0#,14735.0,14955.0,14670.0,16050.0,13135.0,125557,56659.0,14835.0,63,14840.0,131,14845.0,67,14850.0,46,14855.0,20,14860.0,28,14865.0,35,14870.0,45,14875.0,102,14880.0,128,14860.0
br2409,,13:39:37.500#,14735.0,14955.0,14670.0,16050.0,13135.0,125557,56659.0,14835.0,63,14840.0,131,14845.0,66,14850.0,48,14855.0,21,14860.0,28,14865.0,35,14870.0,45,14875.0,102,14880.0,129,14860.0
br2409,,13:39:38.0#,14735.0,14955.0,14670.0,16050.0,13135.0,125557,56659.0,14835.0,63,14840.0,131,14845.0,66,14850.0,46,14855.0,22,14860.0,26,14865.0,36,14870.0,45,14875.0,102,14880.0,129,14860.0
br2409,,13:39:38.500#,14735.0,14955.0,14670.0,16050.0,13135.0,125557,56659.0,14835.0,63,14840.0,107,14845.0,91,14850.0,46,14855.0,22,14860.0,26,14865.0,35,14870.0,50,14875.0,90,14880.0,142,14860.0
br2409,,13:39:39.0#,14735.0,14955.0,14670.0,16050.0,13135.0,125558,56660.0,14835.0,51,14840.0,119,14845.0,90,14850.0,47,14855.0,22,14860.0,25,14865.0,35,14870.0,62,14875.0,90,14880.0,130,14860.0
br2409,,13:39:39.500#,14735.0,14955.0,14670.0,16050.0,13135.0,125559,56660.0,14835.0,39,14840.0,131,14845.0,90,14850.0,48,14855.0,27,14860.0,23,14865.0,35,14870.0,62,14875.0,78,14880.0,142,14860.0
br2409,,13:39:40.0#,14735.0,14955.0,14670.0,16050.0,13135.0,125570,56661.0,14835.0,31,14840.0,116,14845.0,113,14850.0,47,14855.0,27,14860.0,10,14865.0,36,14870.0,39,14875.0,93,14880.0,150,14855.0
br2409,,13:39:40.500#,14735.0,14955.0,14670.0,16050.0,13135.0,125581,56655.0,14840.0,115,14845.0,102,14850.0,47,14855.0,27,14860.0,6,14865.0,36,14870.0,39,14875.0,83,14880.0,150,14885.0,32,14860.0
br2409,,13:39:41.0#,14735.0,14955.0,14670.0,16050.0,13135.0,125584,56655.0,14840.0,82,14845.0,132,14850.0,51,14855.0,34,14860.0,5,14865.0,32,14870.0,34,14875.0,54,14880.0,183,14885.0,33,14860.0
br2409,,13:39:41.500#,14735.0,14955.0,14670.0,16050.0,13135.0,125586,56654.0,14840.0,94,14845.0,120,14850.0,51,14855.0,34,14860.0,4,14865.0,32,14870.0,34,14875.0,30,14880.0,208,14885.0,33,14860.0
br2409,,13:39:42.0#,14735.0,14955.0,14670.0,16050.0,13135.0,125586,56654.0,14840.0,94,14845.0,119,14850.0,52,14855.0,35,14860.0,4,14865.0,34,14870.0,34,14875.0,30,14880.0,196,14885.0,45,14860.0
br2409,,13:39:42.500#,14735.0,14955.0,14670.0,16050.0,13135.0,125590,56654.0,14835.0,30,14840.0,94,14845.0,120,14850.0,52,14855.0,40,14860.0,1,14865.0,34,14870.0,34,14875.0,30,14880.0,195,14860.0
br2409,,13:39:43.0#,14735.0,14955.0,14670.0,16050.0,13135.0,125590,56654.0,14835.0,30,14840.0,116,14845.0,102,14850.0,49,14855.0,39,14860.0,11,14865.0,34,14870.0,38,14875.0,38,14880.0,182,14860.0
br2409,,13:39:43.500#,14735.0,14955.0,14670.0,16050.0,13135.0,125590,56654.0,14835.0,31,14840.0,128,14845.0,101,14850.0,48,14855.0,37,14860.0,16,14865.0,21,14870.0,39,14875.0,66,14880.0,176,14860.0
br2409,,13:39:44.0#,14735.0,14955.0,14670.0,16050.0,13135.0,125592,56653.0,14835.0,31,14840.0,128,14845.0,101,14850.0,49,14855.0,57,14860.0,7,14865.0,21,14870.0,40,14875.0,69,14880.0,174,14860.0
br2409,,13:39:44.500#,14735.0,14955.0,14670.0,16050.0,13135.0,125596,56654.0,14840.0,128,14845.0,90,14850.0,49,14855.0,48,14860.0,17,14865.0,18,14870.0,40,14875.0,59,14880.0,174,14885.0,32,14865.0
br2409,,13:39:45.0#,14735.0,14955.0,14670.0,16050.0,13135.0,125597,56654.0,14840.0,106,14845.0,108,14850.0,51,14855.0,53,14860.0,17,14865.0,22,14870.0,36,14875.0,30,14880.0,207,14885.0,32,14860.0
br2409,,13:39:45.500#,14735.0,14955.0,14670.0,16050.0,13135.0,125605,56652.0,14835.0,30,14840.0,94,14845.0,120,14850.0,52,14855.0,54,14860.0,2,14865.0,22,14870.0,35,14875.0,31,14880.0,208,14860.0
br2409,,13:39:46.0#,14735.0,14955.0,14670.0,16050.0,13135.0,125605,56652.0,14835.0,30,14840.0,116,14845.0,105,14850.0,49,14855.0,55,14860.0,12,14865.0,24,14870.0,40,14875.0,40,14880.0,195,14860.0
br2409,,13:39:46.500#,14735.0,14955.0,14670.0,16050.0,13135.0,125605,56652.0,14835.0,30,14840.0,116,14845.0,105,14850.0,49,14855.0,55,14860.0,16,14865.0,24,14870.0,41,14875.0,45,14880.0,189,14860.0
br2409,,13:39:47.0#,14735.0,14955.0,14670.0,16050.0,13135.0,125606,56652.0,14835.0,30,14840.0,127,14845.0,93,14850.0,50,14855.0,55,14860.0,15,14865.0,24,14870.0,40,14875.0,57,14880.0,177,14860.0
br2409,,13:39:47.500#,14735.0,14955.0,14670.0,16050.0,13135.0,125609,56651.0,14835.0,30,14840.0,127,14845.0,104,14850.0,50,14855.0,54,14860.0,16,14865.0,24,14870.0,40,14875.0,71,14880.0,175,14860.0
br2409,,13:39:48.0#,14735.0,14955.0,14670.0,16050.0,13135.0,125614,56656.0,14835.0,31,14840.0,139,14845.0,92,14850.0,50,14855.0,54,14860.0,9,14865.0,27,14870.0,41,14875.0,95,14880.0,151,14860.0
br2409,,13:39:48.500#,14735.0,14955.0,14670.0,16050.0,13135.0,125615,56655.0,14835.0,31,14840.0,127,14845.0,116,14850.0,50,14855.0,54,14860.0,8,14865.0,27,14870.0,40,14875.0,108,14880.0,138,14860.0
br2409,,13:39:49.0#,14735.0,14955.0,14670.0,16050.0,13135.0,125615,56655.0,14835.0,31,14840.0,127,14845.0,115,14850.0,50,14855.0,56,14860.0,3,14865.0,29,14870.0,40,14875.0,120,14880.0,138,14860.0
br2409,,13:39:49.500#,14735.0,14955.0,14670.0,16050.0,13135.0,125619,56651.0,14835.0,31,14840.0,116,14845.0,115,14850.0,49,14855.0,56,14865.0,25,14870.0,40,14875.0,125,14880.0,138,14885.0,24,14865.0
br2409,,13:39:50.0#,14735.0,14955.0,14670.0,16050.0,13135.0,125619,56651.0,14840.0,93,14845.0,134,14850.0,64,14855.0,57,14860.0,14,14865.0,26,14870.0,36,14875.0,94,14880.0,173,14885.0,26,14865.0
br2409,,13:39:50.500#,14735.0,14955.0,14670.0,16050.0,13135.0,125639,56634.0,14835.0,30,14840.0,105,14845.0,110,14850.0,65,14855.0,56,14860.0,1,14865.0,21,14870.0,35,14875.0,71,14880.0,186,14860.0
br2409,,13:39:51.0#,14735.0,14955.0,14670.0,16050.0,13135.0,125640,56633.0,14840.0,127,14845.0,92,14850.0,62,14855.0,55,14860.0,1,14865.0,23,14870.0,39,14875.0,75,14880.0,178,14885.0,27,14860.0
br2409,,13:39:51.500#,14735.0,14955.0,14670.0,16050.0,13135.0,125640,56633.0,14840.0,117,14845.0,108,14850.0,67,14855.0,59,14860.0,10,14865.0,23,14870.0,39,14875.0,69,14880.0,197,14885.0,27,14860.0
br2409,,13:39:52.0#,14735.0,14955.0,14670.0,16050.0,13135.0,125640,56633.0,14840.0,105,14845.0,120,14850.0,67,14855.0,59,14860.0,21,14865.0,23,14870.0,39,14875.0,69,14880.0,198,14885.0,27,14860.0
br2409,,13:39:52.500#,14735.0,14955.0,14670.0,16050.0,13135.0,125742,56586.0,14830.0,84,14835.0,28,14840.0,103,14845.0,82,14850.0,60,14860.0,9,14865.0,31,14870.0,39,14875.0,57,14880.0,187,14850.0
br2409,,13:39:53.0#,14735.0,14955.0,14670.0,16050.0,13135.0,125746,56587.0,14830.0,87,14835.0,50,14840.0,130,14845.0,65,14850.0,30,14855.0,10,14860.0,23,14865.0,23,14870.0,54,14875.0,75,14855.0
br2409,,13:39:53.500#,14735.0,14955.0,14670.0,16050.0,13135.0,125762,56583.0,14835.0,62,14840.0,110,14845.0,61,14850.0,26,14855.0,1,14860.0,25,14865.0,27,14870.0,48,14875.0,77,14880.0,142,14860.0
br2409,,13:39:54.0#,14735.0,14955.0,14670.0,16050.0,13135.0,125762,56583.0,14835.0,50,14840.0,118,14845.0,65,14850.0,29,14855.0,1,14860.0,23,14865.0,25,14870.0,44,14875.0,86,14880.0,142,14860.0
br2409,,13:39:54.500#,14735.0,14955.0,14670.0,16050.0,13135.0,125762,56583.0,14835.0,63,14840.0,106,14845.0,65,14850.0,31,14855.0,7,14860.0,31,14865.0,26,14870.0,45,14875.0,98,14880.0,130,14860.0
br2409,,13:39:55.0#,14735.0,14955.0,14670.0,16050.0,13135.0,125763,56582.0,14835.0,51,14840.0,119,14845.0,65,14850.0,31,14855.0,7,14860.0,30,14865.0,26,14870.0,45,14875.0,86,14880.0,142,14860.0
br2409,,13:39:55.500#,14735.0,14955.0,14670.0,16050.0,13135.0,125771,56575.0,14830.0,87,14835.0,51,14840.0,107,14845.0,65,14850.0,32,14855.0,7,14860.0,32,14865.0,25,14870.0,45,14875.0,75,14855.0
br2409,,13:39:56.0#,14735.0,14955.0,14670.0,16050.0,13135.0,125776,56574.0,14830.0,87,14835.0,75,14840.0,100,14845.0,61,14850.0,32,14855.0,11,14860.0,27,14865.0,29,14870.0,44,14875.0,95,14855.0
br2409,,13:39:56.500#,14735.0,14955.0,14670.0,16050.0,13135.0,125776,56574.0,14830.0,87,14835.0,98,14840.0,88,14845.0,62,14850.0,32,14855.0,12,14860.0,27,14865.0,29,14870.0,60,14875.0,102,14855.0
br2409,,13:39:57.0#,14735.0,14955.0,14670.0,16050.0,13135.0,125776,56574.0,14830.0,88,14835.0,86,14840.0,100,14845.0,61,14850.0,32,14855.0,13,14860.0,27,14865.0,30,14870.0,72,14875.0,78,14855.0
br2409,,13:39:57.500#,14735.0,14955.0,14670.0,16050.0,13135.0,125776,56574.0,14830.0,88,14835.0,86,14840.0,111,14845.0,61,14850.0,32,14855.0,13,14860.0,27,14865.0,29,14870.0,86,14875.0,75,14855.0
br2409,,13:39:58.0#,14735.0,14955.0,14670.0,16050.0,13135.0,125776,56574.0,14830.0,88,14835.0,86,14840.0,110,14845.0,61,14850.0,28,14855.0,13,14860.0,27,14865.0,29,14870.0,98,14875.0,63,14855.0
br2409,,13:39:58.500#,14735.0,14955.0,14670.0,16050.0,13135.0,125778,56573.0,14830.0,88,14835.0,86,14840.0,110,14845.0,61,14850.0,28,14855.0,11,14860.0,27,14865.0,29,14870.0,122,14875.0,39,14855.0
br2409,,13:39:59.0#,14735.0,14955.0,14670.0,16050.0,13135.0,125778,56573.0,14830.0,88,14835.0,98,14840.0,98,14845.0,61,14850.0,30,14855.0,11,14860.0,28,14865.0,29,14870.0,122,14875.0,51,14855.0
br2409,,13:39:59.500#,14735.0,14955.0,14670.0,16050.0,13135.0,125778,56573.0,14830.0,88,14835.0,98,14840.0,98,14845.0,61,14850.0,31,14855.0,12,14860.0,28,14865.0,29,14870.0,122,14875.0,51,14855.0
br2409,,13:40:00.0#,14735.0,14955.0,14670.0,16050.0,13135.0,125778,56573.0,14830.0,88,14835.0,98,14840.0,98,14845.0,61,14850.0,31,14855.0,12,14860.0,28,14865.0,29,14870.0,122,14875.0,51,14855.0
br2409,,13:40:00.500#,14735.0,14955.0,14670.0,16050.0,13135.0,125778,56573.0,14830.0,88,14835.0,98,14840.0,98,14845.0,61,14850.0,33,14855.0,13,14860.0,28,14865.0,29,14870.0,122,14875.0,51,14855.0
br2409,,13:40:01.0#,14735.0,14955.0,14670.0,16050.0,13135.0,125779,56573.0,14830.0,88,14835.0,98,14840.0,98,14845.0,61,14850.0,33,14855.0,14,14860.0,28,14865.0,29,14870.0,122,14875.0,51,14855.0
br2409,,13:40:01.500#,14735.0,14955.0,14670.0,16050.0,13135.0,125779,56573.0,14830.0,88,14835.0,98,14840.0,98,14845.0,61,14850.0,33,14855.0,15,14860.0,28,14865.0,29,14870.0,121,14875.0,52,14855.0
br2409,,13:40:02.0#,14735.0,14955.0,14670.0,16050.0,13135.0,125779,56573.0,14830.0,88,14835.0,98,14840.0,98,14845.0,61,14850.0,34,14855.0,17,14860.0,28,14865.0,29,14870.0,121,14875.0,52,14855.0
br2409,,13:40:02.500#,14735.0,14955.0,14670.0,16050.0,13135.0,125779,56573.0,14830.0,88,14835.0,98,14840.0,98,14845.0,61,14850.0,35,14855.0,31,14860.0,28,14865.0,29,14870.0,121,14875.0,52,14855.0
br2409,,13:40:03.0#,14735.0,14955.0,14670.0,16050.0,13135.0,125811,56561.0,14825.0,48,14830.0,88,14835.0,98,14840.0,74,14845.0,61,14850.0,2,14855.0,34,14860.0,27,14865.0,29,14870.0,98,14850.0
br2409,,13:40:03.500#,14735.0,14955.0,14670.0,16050.0,13135.0,125817,56565.0,14825.0,52,14830.0,132,14835.0,83,14840.0,59,14845.0,60,14850.0,26,14855.0,28,14860.0,36,14865.0,40,14870.0,102,14850.0
br2409,,13:40:04.0#,14735.0,14955.0,14670.0,16050.0,13135.0,125817,56565.0,14825.0,52,14830.0,156,14835.0,59,14840.0,59,14845.0,60,14850.0,27,14855.0,27,14860.0,35,14865.0,72,14870.0,70,14850.0
br2409,,13:40:04.500#,14735.0,14955.0,14670.0,16050.0,13135.0,125817,56565.0,14825.0,52,14830.0,156,14835.0,59,14840.0,59,14845.0,62,14850.0,18,14855.0,27,14860.0,35,14865.0,84,14870.0,58,14850.0
br2409,,13:40:05.0#,14735.0,14955.0,14670.0,16050.0,13135.0,125819,56565.0,14825.0,52,14830.0,168,14835.0,47,14840.0,59,14845.0,62,14850.0,17,14855.0,27,14860.0,35,14865.0,84,14870.0,70,14850.0
br2409,,13:40:05.500#,14735.0,14955.0,14670.0,16050.0,13135.0,125823,56562.0,14825.0,52,14830.0,156,14835.0,69,14840.0,59,14845.0,63,14850.0,15,14855.0,27,14860.0,35,14865.0,97,14870.0,58,14850.0
br2409,,13:40:06.0#,14735.0,14955.0,14670.0,16050.0,13135.0,125887,56512.0,14820.0,27,14825.0,52,14830.0,132,14835.0,83,14840.0,60,14845.0,4,14850.0,20,14855.0,27,14860.0,35,14865.0,86,14845.0
br2409,,13:40:06.500#,14735.0,14955.0,14670.0,16050.0,13135.0,125897,56510.0,14820.0,31,14825.0,95,14830.0,143,14835.0,30,14840.0,53,14845.0,26,14850.0,19,14855.0,36,14860.0,43,14865.0,91,14845.0
br2409,,13:40:07.0#,14735.0,14955.0,14670.0,16050.0,13135.0,125897,56510.0,14820.0,31,14825.0,108,14830.0,130,14835.0,30,14840.0,53,14845.0,28,14850.0,18,14855.0,36,14860.0,60,14865.0,74,14845.0
br2409,,13:40:07.500#,14735.0,14955.0,14670.0,16050.0,13135.0,125898,56509.0,14820.0,31,14825.0,108,14830.0,130,14835.0,30,14840.0,53,14845.0,27,14850.0,18,14855.0,36,14860.0,63,14865.0,71,14840.0
br2409,,13:40:08.0#,14735.0,14955.0,14670.0,16050.0,13135.0,125901,56506.0,14820.0,31,14825.0,108,14830.0,130,14835.0,28,14840.0,52,14845.0,25,14850.0,18,14855.0,36,14860.0,75,14865.0,59,14845.0
br2409,,13:40:08.500#,14735.0,14955.0,14670.0,16050.0,13135.0,125906,56503.0,14820.0,32,14825.0,108,14830.0,140,14835.0,27,14840.0,48,14845.0,25,14850.0,20,14855.0,37,14860.0,88,14865.0,59,14840.0
br2409,,13:40:09.0#,14735.0,14955.0,14670.0,16050.0,13135.0,125906,56503.0,14820.0,32,14825.0,108,14830.0,140,14835.0,27,14840.0,50,14845.0,25,14850.0,21,14855.0,37,14860.0,100,14865.0,59,14840.0
br2409,,13:40:09.500#,14735.0,14955.0,14670.0,16050.0,13135.0,125907,56504.0,14820.0,32,14825.0,108,14830.0,141,14835.0,27,14840.0,49,14845.0,26,14850.0,21,14855.0,37,14860.0,100,14865.0,59,14840.0
br2409,,13:40:10.0#,14735.0,14955.0,14670.0,16050.0,13135.0,125908,56505.0,14820.0,32,14825.0,108,14830.0,141,14835.0,27,14840.0,48,14845.0,26,14850.0,21,14855.0,37,14860.0,100,14865.0,59,14840.0
br2409,,13:40:10.500#,14735.0,14955.0,14670.0,16050.0,13135.0,125908,56505.0,14820.0,32,14825.0,108,14830.0,141,14835.0,27,14840.0,48,14845.0,27,14850.0,21,14855.0,37,14860.0,100,14865.0,59,14840.0
br2409,,13:40:11.0#,14735.0,14955.0,14670.0,16050.0,13135.0,125910,56505.0,14820.0,32,14825.0,120,14830.0,129,14835.0,27,14840.0,47,14845.0,26,14850.0,21,14855.0,39,14860.0,112,14865.0,47,14840.0
br2409,,13:40:11.500#,14735.0,14955.0,14670.0,16050.0,13135.0,125911,56504.0,14820.0,33,14825.0,120,14830.0,129,14835.0,27,14840.0,45,14845.0,26,14850.0,21,14855.0,39,14860.0,112,14865.0,47,14840.0
br2409,,13:40:12.0#,14735.0,14955.0,14670.0,16050.0,13135.0,125912,56504.0,14820.0,33,14825.0,120,14830.0,129,14835.0,28,14840.0,45,14845.0,26,14850.0,21,14855.0,39,14860.0,112,14865.0,47,14840.0
br2409,,13:40:12.500#,14735.0,14955.0,14670.0,16050.0,13135.0,125912,56504.0,14820.0,33,14825.0,120,14830.0,129,14835.0,28,14840.0,47,14845.0,27,14850.0,21,14855.0,39,14860.0,112,14865.0,47,14840.0
br2409,,13:40:13.0#,14735.0,14955.0,14670.0,16050.0,13135.0,125912,56504.0,14820.0,33,14825.0,120,14830.0,129,14835.0,28,14840.0,47,14845.0,28,14850.0,21,14855.0,38,14860.0,112,14865.0,46,14840.0
br2409,,13:40:13.500#,14735.0,14955.0,14670.0,16050.0,13135.0,125912,56504.0,14820.0,33,14825.0,108,14830.0,153,14835.0,28,14840.0,47,14845.0,29,14850.0,21,14855.0,50,14860.0,112,14865.0,34,14840.0
br2409,,13:40:14.0#,14735.0,14955.0,14670.0,16050.0,13135.0,125912,56504.0,14820.0,33,14825.0,108,14830.0,153,14835.0,28,14840.0,47,14845.0,29,14850.0,21,14855.0,50,14860.0,112,14865.0,34,14840.0
br2409,,13:40:14.500#,14735.0,14955.0,14670.0,16050.0,13135.0,125917,56508.0,14820.0,33,14825.0,108,14830.0,153,14835.0,28,14840.0,42,14845.0,29,14850.0,24,14855.0,50,14860.0,112,14865.0,34,14840.0
br2409,,13:40:15.0#,14735.0,14955.0,14670.0,16050.0,13135.0,125920,56506.0,14820.0,33,14825.0,108,14830.0,153,14835.0,28,14840.0,36,14845.0,29,14850.0,24,14855.0,50,14860.0,112,14865.0,34,14840.0
br2409,,13:40:15.500#,14735.0,14955.0,14670.0,16050.0,13135.0,125921,56507.0,14820.0,33,14825.0,120,14830.0,141,14835.0,28,14840.0,34,14845.0,29,14850.0,24,14855.0,50,14860.0,112,14865.0,46,14840.0
br2409,,13:40:16.0#,14735.0,14955.0,14670.0,16050.0,13135.0,125921,56507.0,14820.0,33,14825.0,120,14830.0,141,14835.0,28,14840.0,34,14845.0,29,14850.0,26,14855.0,50,14860.0,112,14865.0,46,14840.0
br2409,,13:40:16.500#,14735.0,14955.0,14670.0,16050.0,13135.0,125921,56507.0,14820.0,33,14825.0,120,14830.0,141,14835.0,28,14840.0,36,14845.0,29,14850.0,26,14855.0,50,14860.0,112,14865.0,46,14840.0
br2409,,13:40:17.0#,14735.0,14955.0,14670.0,16050.0,13135.0,125922,56508.0,14820.0,33,14825.0,120,14830.0,141,14835.0,28,14840.0,36,14845.0,29,14850.0,26,14855.0,50,14860.0,112,14865.0,46,14840.0
br2409,,13:40:17.500#,14735.0,14955.0,14670.0,16050.0,13135.0,125923,56507.0,14820.0,33,14825.0,120,14830.0,141,14835.0,28,14840.0,36,14845.0,28,14850.0,26,14855.0,50,14860.0,112,14865.0,46,14845.0
br2409,,13:40:18.0#,14735.0,14955.0,14670.0,16050.0,13135.0,125924,56507.0,14820.0,33,14825.0,120,14830.0,151,14835.0,29,14840.0,36,14845.0,29,14850.0,25,14855.0,51,14860.0,121,14865.0,46,14840.0
br2409,,13:40:18.500#,14735.0,14955.0,14670.0,16050.0,13135.0,125926,56507.0,14820.0,33,14825.0,120,14830.0,151,14835.0,29,14840.0,34,14845.0,30,14850.0,25,14855.0,51,14860.0,121,14865.0,46,14840.0
br2409,,13:40:19.0#,14735.0,14955.0,14670.0,16050.0,13135.0,125926,56507.0,14820.0,33,14825.0,120,14830.0,151,14835.0,29,14840.0,34,14845.0,30,14850.0,25,14855.0,51,14860.0,121,14865.0,46,14840.0
br2409,,13:40:19.500#,14735.0,14955.0,14670.0,16050.0,13135.0,125927,56507.0,14820.0,33,14825.0,120,14830.0,150,14835.0,31,14840.0,35,14845.0,29,14850.0,25,14855.0,51,14860.0,121,14865.0,46,14845.0
br2409,,13:40:20.0#,14735.0,14955.0,14670.0,16050.0,13135.0,125927,56507.0,14820.0,33,14825.0,120,14830.0,151,14835.0,31,14840.0,34,14845.0,18,14850.0,25,14855.0,51,14860.0,121,14865.0,46,14845.0
br2409,,13:40:20.500#,14735.0,14955.0,14670.0,16050.0,13135.0,125928,56508.0,14820.0,33,14825.0,120,14830.0,151,14835.0,31,14840.0,33,14845.0,18,14850.0,25,14855.0,51,14860.0,121,14865.0,43,14840.0
br2409,,13:40:21.0#,14735.0,14955.0,14670.0,16050.0,13135.0,125938,56499.0,14820.0,33,14825.0,120,14830.0,151,14835.0,32,14840.0,35,14845.0,16,14850.0,25,14855.0,51,14860.0,121,14865.0,43,14845.0
br2409,,13:40:21.500#,14735.0,14955.0,14670.0,16050.0,13135.0,125955,56487.0,14825.0,120,14830.0,127,14835.0,32,14840.0,36,14845.0,10,14850.0,26,14855.0,50,14860.0,98,14865.0,43,14870.0,34,14845.0
br2409,,13:40:22.0#,14735.0,14955.0,14670.0,16050.0,13135.0,125958,56487.0,14825.0,73,14830.0,170,14835.0,35,14840.0,39,14845.0,17,14850.0,19,14855.0,35,14860.0,80,14865.0,66,14870.0,46,14845.0
br2409,,13:40:22.500#,14735.0,14955.0,14670.0,16050.0,13135.0,125958,56487.0,14825.0,73,14830.0,181,14835.0,35,14840.0,39,14845.0,26,14850.0,18,14855.0,35,14860.0,57,14865.0,102,14870.0,46,14845.0
br2409,,13:40:23.0#,14735.0,14955.0,14670.0,16050.0,13135.0,125959,56487.0,14825.0,53,14830.0,191,14835.0,45,14840.0,38,14845.0,26,14850.0,17,14855.0,35,14860.0,48,14865.0,79,14870.0,79,14845.0
br2409,,13:40:23.500#,14735.0,14955.0,14670.0,16050.0,13135.0,125959,56487.0,14825.0,53,14830.0,179,14835.0,68,14840.0,38,14845.0,26,14850.0,17,14855.0,35,14860.0,48,14865.0,90,14870.0,79,14845.0
br2409,,13:40:24.0#,14735.0,14955.0,14670.0,16050.0,13135.0,125960,56487.0,14825.0,53,14830.0,167,14835.0,80,14840.0,38,14845.0,26,14850.0,12,14855.0,35,14860.0,47,14865.0,90,14870.0,79,14850.0
br2409,,13:40:24.500#,14735.0,14955.0,14670.0,16050.0,13135.0,125960,56487.0,14825.0,53,14830.0,167,14835.0,80,14840.0,38,14845.0,26,14850.0,9,14855.0,35,14860.0,47,14865.0,103,14870.0,67,14850.0
br2409,,13:40:25.0#,14735.0,14955.0,14670.0,16050.0,13135.0,125960,56487.0,14825.0,53,14830.0,155,14835.0,92,14840.0,38,14845.0,27,14850.0,18,14855.0,36,14860.0,47,14865.0,115,14870.0,55,14850.0
br2409,,13:40:25.500#,14735.0,14955.0,14670.0,16050.0,13135.0,125960,56487.0,14825.0,53,14830.0,155,14835.0,92,14840.0,38,14845.0,17,14850.0,19,14855.0,36,14860.0,47,14865.0,114,14870.0,55,14850.0
br2409,,13:40:26.0#,14735.0,14955.0,14670.0,16050.0,13135.0,125960,56487.0,14825.0,62,14830.0,179,14835.0,60,14840.0,37,14845.0,12,14850.0,20,14855.0,35,14860.0,79,14865.0,90,14870.0,47,14850.0
br2409,,13:40:26.500#,14735.0,14955.0,14670.0,16050.0,13135.0,125960,56487.0,14825.0,62,14830.0,179,14835.0,60,14840.0,37,14845.0,14,14850.0,26,14855.0,34,14860.0,79,14865.0,90,14870.0,35,14850.0
br2409,,13:40:27.0#,14735.0,14955.0,14670.0,16050.0,13135.0,125961,56486.0,14825.0,62,14830.0,180,14835.0,60,14840.0,37,14845.0,13,14850.0,28,14855.0,34,14860.0,79,14865.0,90,14870.0,35,14850.0
br2409,,13:40:27.500#,14735.0,14955.0,14670.0,16050.0,13135.0,125962,56485.0,14825.0,62,14830.0,192,14835.0,48,14840.0,36,14845.0,18,14850.0,26,14855.0,38,14860.0,79,14865.0,90,14870.0,47,14850.0
br2409,,13:40:28.0#,14735.0,14955.0,14670.0,16050.0,13135.0,125962,56485.0,14825.0,62,14830.0,203,14835.0,36,14840.0,37,14845.0,19,14850.0,27,14855.0,37,14860.0,79,14865.0,90,14870.0,47,14850.0
br2409,,13:40:28.500#,14735.0,14955.0,14670.0,16050.0,13135.0,125985,56471.0,14820.0,31,14825.0,62,14830.0,192,14835.0,36,14840.0,37,14850.0,27,14855.0,37,14860.0,68,14865.0,90,14870.0,47,14845.0
br2409,,13:40:29.0#,14735.0,14955.0,14670.0,16050.0,13135.0,125985,56471.0,14820.0,31,14825.0,74,14830.0,181,14835.0,36,14840.0,37,14845.0,15,14850.0,31,14855.0,38,14860.0,80,14865.0,78,14845.0
br2409,,13:40:29.500#,14735.0,14955.0,14670.0,16050.0,13135.0,125985,56471.0,14820.0,31,14825.0,109,14830.0,151,14835.0,34,14840.0,34,14845.0,16,14850.0,32,14855.0,41,14860.0,99,14865.0,55,14845.0
br2409,,13:40:30.0#,14735.0,14955.0,14670.0,16050.0,13135.0,126052,56447.0,14810.0,46,14815.0,27,14820.0,32,14825.0,110,14830.0,127,14835.0,33,14840.0,7,14845.0,20,14850.0,39,14855.0,48,14835.0
br2409,,13:40:30.500#,14735.0,14955.0,14670.0,16050.0,13135.0,126087,56417.0,14810.0,50,14815.0,58,14820.0,72,14825.0,77,14830.0,64,14835.0,31,14840.0,14,14845.0,25,14850.0,58,14855.0,84,14830.0
br2409,,13:40:31.0#,14735.0,14955.0,14670.0,16050.0,13135.0,126109,56396.0,14810.0,36,14815.0,58,14820.0,83,14825.0,53,14830.0,44,14835.0,34,14840.0,15,14845.0,24,14850.0,75,14855.0,67,14830.0
br2409,,13:40:31.500#,14735.0,14955.0,14670.0,16050.0,13135.0,126112,56395.0,14810.0,36,14815.0,82,14820.0,71,14825.0,53,14830.0,39,14835.0,40,14840.0,15,14845.0,24,14850.0,102,14855.0,52,14835.0
br2409,,13:40:32.0#,14735.0,14955.0,14670.0,16050.0,13135.0,126132,56386.0,14810.0,57,14815.0,52,14820.0,72,14825.0,52,14830.0,39,14835.0,20,14840.0,15,14845.0,25,14850.0,100,14855.0,44,14835.0
br2409,,13:40:32.500#,14735.0,14955.0,14670.0,16050.0,13135.0,126153,56390.0,14815.0,84,14820.0,60,14825.0,52,14830.0,34,14835.0,13,14840.0,17,14845.0,26,14850.0,79,14855.0,76,14860.0,29,14840.0
br2409,,13:40:33.0#,14735.0,14955.0,14670.0,16050.0,13135.0,126160,56390.0,14815.0,48,14820.0,92,14825.0,56,14830.0,42,14835.0,17,14840.0,19,14845.0,21,14850.0,48,14855.0,99,14860.0,41,14835.0
br2409,,13:40:33.500#,14735.0,14955.0,14670.0,16050.0,13135.0,126160,56390.0,14815.0,48,14820.0,92,14825.0,57,14830.0,42,14835.0,19,14840.0,20,14845.0,24,14850.0,48,14855.0,99,14860.0,41,14835.0
br2409,,13:40:34.0#,14735.0,14955.0,14670.0,16050.0,13135.0,126160,56390.0,14815.0,48,14820.0,114,14825.0,57,14830.0,43,14835.0,19,14840.0,20,14845.0,25,14850.0,59,14855.0,110,14860.0,41,14835.0
br2409,,13:40:34.500#,14735.0,14955.0,14670.0,16050.0,13135.0,126160,56390.0,14815.0,48,14820.0,114,14825.0,58,14830.0,45,14835.0,19,14840.0,21,14845.0,24,14850.0,58,14855.0,110,14860.0,42,14835.0
br2409,,13:40:35.0#,14735.0,14955.0,14670.0,16050.0,13135.0,126162,56390.0,14815.0,48,14820.0,114,14825.0,58,14830.0,45,14835.0,12,14840.0,20,14845.0,25,14850.0,58,14855.0,110,14860.0,42,14835.0
br2409,,13:40:35.500#,14735.0,14955.0,14670.0,16050.0,13135.0,126162,56390.0,14815.0,48,14820.0,114,14825.0,58,14830.0,44,14835.0,15,14840.0,36,14845.0,25,14850.0,58,14855.0,110,14860.0,42,14835.0
br2409,,13:40:36.0#,14735.0,14955.0,14670.0,16050.0,13135.0,126162,56390.0,14815.0,36,14820.0,126,14825.0,58,14830.0,46,14835.0,16,14840.0,38,14845.0,25,14850.0,70,14855.0,98,14860.0,42,14835.0
br2409,,13:40:36.500#,14735.0,14955.0,14670.0,16050.0,13135.0,126164,56390.0,14815.0,36,14820.0,126,14825.0,58,14830.0,46,14835.0,17,14840.0,39,14845.0,25,14850.0,69,14855.0,98,14860.0,42,14835.0
br2409,,13:40:37.0#,14735.0,14955.0,14670.0,16050.0,13135.0,126164,56390.0,14815.0,36,14820.0,126,14825.0,58,14830.0,46,14835.0,17,14840.0,40,14845.0,25,14850.0,69,14855.0,98,14860.0,42,14835.0
br2409,,13:40:37.500#,14735.0,14955.0,14670.0,16050.0,13135.0,126164,56390.0,14815.0,36,14820.0,126,14825.0,70,14830.0,46,14835.0,17,14840.0,40,14845.0,25,14850.0,81,14855.0,98,14860.0,42,14835.0
br2409,,13:40:38.0#,14735.0,14955.0,14670.0,16050.0,13135.0,126164,56390.0,14815.0,36,14820.0,136,14825.0,71,14830.0,47,14835.0,17,14840.0,40,14845.0,25,14850.0,102,14855.0,86,14860.0,42,14835.0
br2409,,13:40:38.500#,14735.0,14955.0,14670.0,16050.0,13135.0,126164,56390.0,14815.0,36,14820.0,136,14825.0,71,14830.0,47,14835.0,18,14840.0,43,14845.0,25,14850.0,102,14855.0,86,14860.0,42,14835.0
br2409,,13:40:39.0#,14735.0,14955.0,14670.0,16050.0,13135.0,126166,56390.0,14815.0,36,14820.0,136,14825.0,71,14830.0,47,14835.0,16,14840.0,43,14845.0,25,14850.0,102,14855.0,86,14860.0,42,14835.0
br2409,,13:40:39.500#,14735.0,14955.0,14670.0,16050.0,13135.0,126172,56390.0,14815.0,36,14820.0,136,14825.0,71,14830.0,47,14835.0,20,14840.0,38,14845.0,25,14850.0,102,14855.0,86,14860.0,42,14840.0
br2409,,13:40:40.0#,14735.0,14955.0,14670.0,16050.0,13135.0,126172,56390.0,14815.0,36,14820.0,136,14825.0,71,14830.0,47,14835.0,29,14840.0,24,14845.0,25,14850.0,102,14855.0,86,14860.0,42,14840.0
br2409,,13:40:40.500#,14735.0,14955.0,14670.0,16050.0,13135.0,126172,56390.0,14815.0,28,14820.0,121,14825.0,94,14830.0,45,14835.0,31,14840.0,23,14845.0,27,14850.0,79,14855.0,101,14860.0,50,14840.0
br2409,,13:40:41.0#,14735.0,14955.0,14670.0,16050.0,13135.0,126196,56395.0,14815.0,28,14820.0,109,14825.0,95,14830.0,45,14835.0,32,14840.0,3,14845.0,27,14850.0,64,14855.0,102,14860.0,50,14840.0
br2409,,13:40:41.500#,14735.0,14955.0,14670.0,16050.0,13135.0,126228,56405.0,14815.0,28,14820.0,100,14825.0,104,14830.0,45,14835.0,33,14840.0,8,14845.0,24,14850.0,51,14855.0,112,14860.0,50,14840.0
br2409,,13:40:42.0#,14735.0,14955.0,14670.0,16050.0,13135.0,126244,56403.0,14815.0,28,14820.0,77,14825.0,128,14830.0,45,14835.0,25,14840.0,11,14845.0,24,14850.0,39,14855.0,112,14860.0,50,14835.0
br2409,,13:40:42.500#,14735.0,14955.0,14670.0,16050.0,13135.0,126246,56403.0,14815.0,28,14820.0,77,14825.0,125,14830.0,45,14835.0,26,14840.0,17,14845.0,24,14850.0,38,14855.0,112,14860.0,50,14840.0
br2409,,13:40:43.0#,14735.0,14955.0,14670.0,16050.0,13135.0,126247,56403.0,14815.0,32,14820.0,77,14825.0,125,14830.0,45,14835.0,26,14840.0,16,14845.0,24,14850.0,38,14855.0,112,14860.0,50,14840.0
br2409,,13:40:43.500#,14735.0,14955.0,14670.0,16050.0,13135.0,126249,56403.0,14815.0,31,14820.0,78,14825.0,125,14830.0,45,14835.0,26,14840.0,14,14845.0,28,14850.0,38,14855.0,112,14860.0,50,14840.0
br2409,,13:40:44.0#,14735.0,14955.0,14670.0,16050.0,13135.0,126252,56402.0,14815.0,31,14820.0,78,14825.0,136,14830.0,46,14835.0,27,14840.0,13,14845.0,29,14850.0,38,14855.0,123,14860.0,50,14835.0
br2409,,13:40:44.500#,14735.0,14955.0,14670.0,16050.0,13135.0,126263,56398.0,14815.0,31,14820.0,78,14825.0,135,14830.0,46,14835.0,20,14840.0,15,14845.0,29,14850.0,38,14855.0,123,14860.0,50,14835.0
br2409,,13:40:45.0#,14735.0,14955.0,14670.0,16050.0,13135.0,126263,56398.0,14815.0,31,14820.0,78,14825.0,135,14830.0,46,14835.0,20,14840.0,17,14845.0,29,14850.0,38,14855.0,123,14860.0,50,14835.0
br2409,,13:40:45.500#,14735.0,14955.0,14670.0,16050.0,13135.0,126263,56398.0,14815.0,41,14820.0,87,14825.0,126,14830.0,47,14835.0,20,14840.0,18,14845.0,29,14850.0,47,14855.0,113,14860.0,50,14835.0
br2409,,13:40:46.0#,14735.0,14955.0,14670.0,16050.0,13135.0,126266,56395.0,14815.0,41,14820.0,87,14825.0,126,14830.0,49,14835.0,20,14840.0,15,14845.0,29,14850.0,59,14855.0,101,14860.0,50,14840.0
br2409,,13:40:46.500#,14735.0,14955.0,14670.0,16050.0,13135.0,126268,56395.0,14815.0,41,14820.0,87,14825.0,126,14830.0,50,14835.0,20,14840.0,14,14845.0,29,14850.0,59,14855.0,101,14860.0,50,14840.0
br2409,,13:40:47.0#,14735.0,14955.0,14670.0,16050.0,13135.0,126270,56394.0,14815.0,41,14820.0,87,14825.0,126,14830.0,50,14835.0,58,14840.0,12,14845.0,29,14850.0,59,14855.0,101,14860.0,50,14840.0
br2409,,13:40:47.500#,14735.0,14955.0,14670.0,16050.0,13135.0,126282,56402.0,14820.0,77,14825.0,124,14830.0,51,14835.0,60,14840.0,20,14845.0,29,14850.0,38,14855.0,112,14860.0,70,14865.0,33,14840.0
br2409,,13:40:48.0#,14735.0,14955.0,14670.0,16050.0,13135.0,126282,56402.0,14820.0,53,14825.0,132,14830.0,67,14835.0,61,14840.0,26,14845.0,25,14850.0,36,14855.0,70,14860.0,117,14865.0,33,14840.0
br2409,,13:40:48.500#,14735.0,14955.0,14670.0,16050.0,13135.0,126288,56404.0,14820.0,34,14825.0,130,14830.0,87,14835.0,60,14840.0,19,14845.0,24,14850.0,37,14855.0,49,14860.0,118,14865.0,53,14840.0
br2409,,13:40:49.0#,14735.0,14955.0,14670.0,16050.0,13135.0,126300,56395.0,14820.0,54,14825.0,108,14830.0,91,14835.0,61,14840.0,22,14845.0,13,14850.0,33,14855.0,59,14860.0,117,14865.0,46,14845.0
br2409,,13:40:49.500#,14735.0,14955.0,14670.0,16050.0,13135.0,126300,56395.0,14820.0,34,14825.0,93,14830.0,126,14835.0,65,14840.0,23,14845.0,13,14850.0,33,14855.0,49,14860.0,96,14865.0,66,14845.0
br2409,,13:40:50.0#,14735.0,14955.0,14670.0,16050.0,13135.0,126303,56394.0,14820.0,34,14825.0,102,14830.0,135,14835.0,65,14840.0,23,14845.0,12,14850.0,33,14855.0,49,14860.0,106,14865.0,66,14845.0
br2409,,13:40:50.500#,14735.0,14955.0,14670.0,16050.0,13135.0,126303,56394.0,14820.0,34,14825.0,114,14830.0,123,14835.0,65,14840.0,24,14845.0,12,14850.0,36,14855.0,49,14860.0,142,14865.0,30,14845.0
br2409,,13:40:51.0#,14735.0,14955.0,14670.0,16050.0,13135.0,126303,56394.0,14820.0,34,14825.0,114,14830.0,123,14835.0,66,14840.0,23,14845.0,13,14850.0,36,14855.0,49,14860.0,142,14865.0,30,14845.0
br2409,,13:40:51.500#,14735.0,14955.0,14670.0,16050.0,13135.0,126306,56391.0,14820.0,36,14825.0,114,14830.0,123,14835.0,65,14840.0,23,14845.0,10,14850.0,37,14855.0,49,14860.0,142,14865.0,30,14840.0
br2409,,13:40:52.0#,14735.0,14955.0,14670.0,16050.0,13135.0,126310,56389.0,14820.0,36,14825.0,114,14830.0,123,14835.0,65,14840.0,24,14845.0,6,14850.0,37,14855.0,49,14860.0,142,14865.0,30,14845.0
br2409,,13:40:52.500#,14735.0,14955.0,14670.0,16050.0,13135.0,126313,56390.0,14820.0,36,14825.0,113,14830.0,123,14835.0,65,14840.0,23,14845.0,3,14850.0,37,14855.0,49,14860.0,142,14865.0,30,14845.0
br2409,,13:40:53.0#,14735.0,14955.0,14670.0,16050.0,13135.0,126316,56392.0,14825.0,113,14830.0,123,14835.0,65,14840.0,27,14845.0,2,14850.0,37,14855.0,49,14860.0,142,14865.0,30,14870.0,45,14845.0
br2409,,13:40:53.500#,14735.0,14955.0,14670.0,16050.0,13135.0,126319,56390.0,14825.0,91,14830.0,142,14835.0,69,14840.0,28,14845.0,3,14850.0,30,14855.0,33,14860.0,111,14865.0,77,14870.0,46,14850.0
br2409,,13:40:54.0#,14735.0,14955.0,14670.0,16050.0,13135.0,126319,56390.0,14825.0,91,14830.0,142,14835.0,72,14840.0,27,14845.0,10,14850.0,34,14855.0,33,14860.0,111,14865.0,77,14870.0,46,14850.0
br2409,,13:40:54.500#,14735.0,14955.0,14670.0,16050.0,13135.0,126319,56390.0,14825.0,91,14830.0,130,14835.0,77,14840.0,29,14845.0,29,14850.0,34,14855.0,33,14860.0,111,14865.0,77,14870.0,46,14850.0
br2409,,13:40:55.0#,14735.0,14955.0,14670.0,16050.0,13135.0,126319,56390.0,14825.0,79,14830.0,142,14835.0,77,14840.0,29,14845.0,30,14850.0,29,14855.0,33,14860.0,99,14865.0,89,14870.0,46,14850.0
br2409,,13:40:55.500#,14735.0,14955.0,14670.0,16050.0,13135.0,126324,56389.0,14825.0,59,14830.0,152,14835.0,86,14840.0,28,14845.0,32,14850.0,23,14855.0,34,14860.0,90,14865.0,78,14870.0,66,14850.0
br2409,,13:40:56.0#,14735.0,14955.0,14670.0,16050.0,13135.0,126324,56389.0,14825.0,60,14830.0,129,14835.0,109,14840.0,29,14845.0,32,14850.0,21,14855.0,34,14860.0,79,14865.0,101,14870.0,54,14850.0
br2409,,13:40:56.500#,14735.0,14955.0,14670.0,16050.0,13135.0,126325,56389.0,14825.0,60,14830.0,117,14835.0,109,14840.0,28,14845.0,32,14850.0,18,14855.0,34,14860.0,67,14865.0,102,14870.0,54,14850.0
br2409,,13:40:57.0#,14735.0,14955.0,14670.0,16050.0,13135.0,126325,56389.0,14825.0,60,14830.0,117,14835.0,123,14840.0,29,14845.0,32,14850.0,26,14855.0,34,14860.0,67,14865.0,114,14870.0,54,14850.0
br2409,,13:40:57.500#,14735.0,14955.0,14670.0,16050.0,13135.0,126325,56389.0,14825.0,60,14830.0,117,14835.0,123,14840.0,29,14845.0,32,14850.0,27,14855.0,34,14860.0,67,14865.0,114,14870.0,54,14850.0
br2409,,13:40:58.0#,14735.0,14955.0,14670.0,16050.0,13135.0,126325,56389.0,14825.0,60,14830.0,117,14835.0,123,14840.0,29,14845.0,33,14850.0,27,14855.0,34,14860.0,67,14865.0,114,14870.0,54,14850.0
br2409,,13:40:58.500#,14735.0,14955.0,14670.0,16050.0,13135.0,126346,56372.0,14825.0,60,14830.0,117,14835.0,112,14840.0,31,14845.0,17,14850.0,28,14855.0,35,14860.0,67,14865.0,103,14870.0,54,14850.0
br2409,,13:40:59.0#,14735.0,14955.0,14670.0,16050.0,13135.0,126348,56370.0,14825.0,68,14830.0,130,14835.0,92,14840.0,33,14845.0,17,14850.0,29,14855.0,34,14860.0,88,14865.0,89,14870.0,46,14850.0
br2409,,13:40:59.500#,14735.0,14955.0,14670.0,16050.0,13135.0,126349,56369.0,14825.0,68,14830.0,141,14835.0,80,14840.0,33,14845.0,17,14850.0,28,14855.0,34,14860.0,100,14865.0,79,14870.0,46,14850.0
br2409,,13:41:00.0#,14735.0,14955.0,14670.0,16050.0,13135.0,126349,56369.0,14825.0,68,14830.0,141,14835.0,80,14840.0,33,14845.0,17,14850.0,28,14855.0,35,14860.0,100,14865.0,79,14870.0,46,14850.0
br2409,,13:41:00.500#,14735.0,14955.0,14670.0,16050.0,13135.0,126351,56367.0,14825.0,68,14830.0,152,14835.0,80,14840.0,33,14845.0,21,14850.0,26,14855.0,35,14860.0,111,14865.0,79,14870.0,46,14850.0
br2409,,13:41:01.0#,14735.0,14955.0,14670.0,16050.0,13135.0,126351,56367.0,14825.0,68,14830.0,153,14835.0,54,14840.0,33,14845.0,22,14850.0,23,14855.0,35,14860.0,111,14865.0,79,14870.0,46,14850.0
br2409,,13:41:01.500#,14735.0,14955.0,14670.0,16050.0,13135.0,126351,56367.0,14825.0,75,14830.0,153,14835.0,55,14840.0,33,14845.0,24,14850.0,47,14855.0,35,14860.0,113,14865.0,79,14870.0,47,14850.0
br2409,,13:41:02.0#,14735.0,14955.0,14670.0,16050.0,13135.0,126375,56350.0,14820.0,36,14825.0,75,14830.0,142,14835.0,55,14840.0,33,14845.0,14,14850.0,42,14855.0,35,14860.0,102,14865.0,79,14845.0
br2409,,13:41:02.500#,14735.0,14955.0,14670.0,16050.0,13135.0,126377,56349.0,14820.0,36,14825.0,134,14830.0,100,14835.0,40,14840.0,27,14845.0,50,14850.0,33,14855.0,53,14860.0,121,14865.0,44,14845.0
br2409,,13:41:03.0#,14735.0,14955.0,14670.0,16050.0,13135.0,126391,56355.0,14820.0,57,14825.0,124,14830.0,92,14835.0,39,14840.0,3,14845.0,49,14850.0,33,14855.0,63,14860.0,131,14865.0,24,14840.0
br2409,,13:41:03.500#,14735.0,14955.0,14670.0,16050.0,13135.0,126395,56357.0,14815.0,38,14820.0,57,14825.0,124,14830.0,80,14835.0,39,14840.0,13,14845.0,53,14850.0,32,14855.0,75,14860.0,107,14840.0
br2409,,13:41:04.0#,14735.0,14955.0,14670.0,16050.0,13135.0,126395,56357.0,14815.0,38,14820.0,93,14825.0,140,14830.0,53,14835.0,38,14840.0,44,14845.0,23,14850.0,34,14855.0,117,14860.0,85,14840.0
br2409,,13:41:04.500#,14735.0,14955.0,14670.0,16050.0,13135.0,126395,56357.0,14815.0,58,14820.0,93,14825.0,120,14830.0,53,14835.0,31,14840.0,46,14845.0,25,14850.0,66,14855.0,104,14860.0,65,14840.0
br2409,,13:41:05.0#,14735.0,14955.0,14670.0,16050.0,13135.0,126397,56358.0,14815.0,59,14820.0,93,14825.0,120,14830.0,52,14835.0,41,14840.0,44,14845.0,25,14850.0,67,14855.0,104,14860.0,65,14840.0
br2409,,13:41:05.500#,14735.0,14955.0,14670.0,16050.0,13135.0,126397,56358.0,14815.0,59,14820.0,105,14825.0,108,14830.0,52,14835.0,41,14840.0,35,14845.0,25,14850.0,67,14855.0,106,14860.0,77,14840.0
br2409,,13:41:06.0#,14735.0,14955.0,14670.0,16050.0,13135.0,126397,56358.0,14815.0,39,14820.0,105,14825.0,128,14830.0,50,14835.0,43,14840.0,35,14845.0,25,14850.0,47,14855.0,106,14860.0,97,14840.0
br2409,,13:41:06.500#,14735.0,14955.0,14670.0,16050.0,13135.0,126397,56358.0,14815.0,39,14820.0,93,14825.0,140,14830.0,50,14835.0,46,14840.0,35,14845.0,25,14850.0,47,14855.0,118,14860.0,85,14840.0
br2409,,13:41:07.0#,14735.0,14955.0,14670.0,16050.0,13135.0,126398,56359.0,14815.0,39,14820.0,105,14825.0,128,14830.0,50,14835.0,47,14840.0,35,14845.0,26,14850.0,47,14855.0,130,14860.0,73,14835.0
br2409,,13:41:07.500#,14735.0,14955.0,14670.0,16050.0,13135.0,126398,56359.0,14815.0,39,14820.0,105,14825.0,128,14830.0,50,14835.0,47,14840.0,34,14845.0,26,14850.0,49,14855.0,130,14860.0,73,14835.0
br2409,,13:41:08.0#,14735.0,14955.0,14670.0,16050.0,13135.0,126400,56359.0,14815.0,39,14820.0,105,14825.0,128,14830.0,50,14835.0,46,14840.0,33,14845.0,26,14850.0,49,14855.0,130,14860.0,73,14840.0
br2409,,13:41:08.500#,14735.0,14955.0,14670.0,16050.0,13135.0,126400,56359.0,14815.0,39,14820.0,105,14825.0,128,14830.0,50,14835.0,46,14840.0,33,14845.0,26,14850.0,48,14855.0,130,14860.0,73,14840.0
br2409,,13:41:09.0#,14735.0,14955.0,14670.0,16050.0,13135.0,126405,56357.0,14815.0,39,14820.0,105,14825.0,128,14830.0,50,14835.0,47,14840.0,28,14845.0,26,14850.0,48,14855.0,130,14860.0,73,14840.0
br2409,,13:41:09.500#,14735.0,14955.0,14670.0,16050.0,13135.0,126405,56357.0,14815.0,39,14820.0,105,14825.0,128,14830.0,50,14835.0,47,14840.0,27,14845.0,26,14850.0,48,14855.0,131,14860.0,73,14840.0
br2409,,13:41:10.0#,14735.0,14955.0,14670.0,16050.0,13135.0,126405,56357.0,14815.0,40,14820.0,106,14825.0,128,14830.0,50,14835.0,45,14840.0,27,14845.0,26,14850.0,48,14855.0,131,14860.0,73,14840.0
br2409,,13:41:11.0#,14735.0,14955.0,14670.0,16050.0,13135.0,126422,56362.0,14815.0,40,14820.0,106,14825.0,128,14830.0,50,14835.0,29,14840.0,29,14845.0,28,14850.0,48,14855.0,130,14860.0,73,14835.0
br2409,,13:41:11.500#,14735.0,14955.0,14670.0,16050.0,13135.0,126422,56362.0,14815.0,40,14820.0,115,14825.0,119,14830.0,50,14835.0,31,14840.0,29,14845.0,28,14850.0,57,14855.0,121,14860.0,73,14835.0
br2409,,13:41:12.0#,14735.0,14955.0,14670.0,16050.0,13135.0,126424,56362.0,14815.0,40,14820.0,106,14825.0,128,14830.0,50,14835.0,30,14840.0,29,14845.0,28,14850.0,48,14855.0,130,14860.0,73,14835.0
br2409,,13:41:12.500#,14735.0,14955.0,14670.0,16050.0,13135.0,126425,56361.0,14815.0,40,14820.0,106,14825.0,128,14830.0,50,14835.0,31,14840.0,30,14845.0,29,14850.0,48,14855.0,130,14860.0,73,14835.0
br2409,,13:41:13.0#,14735.0,14955.0,14670.0,16050.0,13135.0,126425,56361.0,14815.0,40,14820.0,106,14825.0,128,14830.0,50,14835.0,31,14840.0,30,14845.0,30,14850.0,48,14855.0,130,14860.0,73,14835.0
br2409,,13:41:13.500#,14735.0,14955.0,14670.0,16050.0,13135.0,126425,56361.0,14815.0,40,14820.0,106,14825.0,128,14830.0,50,14835.0,31,14840.0,30,14845.0,30,14850.0,48,14855.0,130,14860.0,73,14835.0
br2409,,13:41:14.0#,14735.0,14955.0,14670.0,16050.0,13135.0,126425,56361.0,14815.0,40,14820.0,106,14825.0,128,14830.0,50,14835.0,31,14840.0,30,14845.0,30,14850.0,48,14855.0,130,14860.0,73,14835.0
br2409,,13:41:14.500#,14735.0,14955.0,14670.0,16050.0,13135.0,126425,56361.0,14815.0,40,14820.0,106,14825.0,128,14830.0,50,14835.0,34,14840.0,30,14845.0,30,14850.0,48,14855.0,130,14860.0,73,14835.0
br2409,,13:41:15.0#,14735.0,14955.0,14670.0,16050.0,13135.0,126425,56361.0,14815.0,40,14820.0,106,14825.0,128,14830.0,50,14835.0,34,14840.0,30,14845.0,30,14850.0,48,14855.0,130,14860.0,73,14835.0
br2409,,13:41:15.500#,14735.0,14955.0,14670.0,16050.0,13135.0,126426,56360.0,14815.0,40,14820.0,106,14825.0,128,14830.0,50,14835.0,44,14840.0,29,14845.0,30,14850.0,48,14855.0,130,14860.0,73,14840.0
br2409,,13:41:16.0#,14735.0,14955.0,14670.0,16050.0,13135.0,126426,56360.0,14815.0,40,14820.0,106,14825.0,128,14830.0,50,14835.0,44,14840.0,29,14845.0,30,14850.0,48,14855.0,130,14860.0,73,14840.0
br2409,,13:41:16.500#,14735.0,14955.0,14670.0,16050.0,13135.0,126456,56362.0,14815.0,40,14820.0,93,14825.0,130,14830.0,50,14835.0,45,14840.0,6,14845.0,31,14850.0,48,14855.0,119,14860.0,61,14840.0
br2409,,13:41:17.0#,14735.0,14955.0,14670.0,16050.0,13135.0,126462,56358.0,14820.0,93,14825.0,130,14830.0,49,14835.0,49,14840.0,5,14845.0,35,14850.0,41,14855.0,131,14860.0,61,14865.0,35,14840.0
br2409,,13:41:17.500#,14735.0,14955.0,14670.0,16050.0,13135.0,126473,56350.0,14815.0,40,14820.0,69,14825.0,149,14830.0,54,14835.0,46,14840.0,1,14845.0,30,14850.0,38,14855.0,90,14860.0,108,14835.0
br2409,,13:41:18.0#,14735.0,14955.0,14670.0,16050.0,13135.0,126473,56350.0,14815.0,40,14820.0,104,14825.0,118,14830.0,50,14835.0,45,14840.0,21,14845.0,34,14850.0,41,14855.0,108,14860.0,85,14835.0
br2409,,13:41:18.500#,14735.0,14955.0,14670.0,16050.0,13135.0,126473,56350.0,14815.0,40,14820.0,105,14825.0,129,14830.0,50,14835.0,45,14840.0,25,14845.0,31,14850.0,53,14855.0,107,14860.0,85,14835.0
br2409,,13:41:19.0#,14735.0,14955.0,14670.0,16050.0,13135.0,126473,56350.0,14815.0,40,14820.0,105,14825.0,129,14830.0,50,14835.0,45,14840.0,17,14845.0,31,14850.0,52,14855.0,107,14860.0,85,14835.0
br2409,,13:41:19.500#,14735.0,14955.0,14670.0,16050.0,13135.0,126476,56351.0,14815.0,40,14820.0,105,14825.0,129,14830.0,49,14835.0,45,14840.0,10,14845.0,32,14850.0,52,14855.0,107,14860.0,85,14840.0
br2409,,13:41:20.0#,14735.0,14955.0,14670.0,16050.0,13135.0,126485,56343.0,14820.0,105,14825.0,118,14830.0,51,14835.0,45,14840.0,4,14845.0,32,14850.0,52,14855.0,108,14860.0,73,14865.0,35,14840.0
br2409,,13:41:20.500#,14735.0,14955.0,14670.0,16050.0,13135.0,126485,56343.0,14820.0,69,14825.0,149,14830.0,55,14835.0,45,14840.0,19,14845.0,30,14850.0,38,14855.0,90,14860.0,108,14865.0,35,14840.0
br2409,,13:41:21.0#,14735.0,14955.0,14670.0,16050.0,13135.0,126487,56343.0,14820.0,45,14825.0,148,14830.0,66,14835.0,45,14840.0,18,14845.0,31,14850.0,38,14855.0,78,14860.0,108,14865.0,35,14840.0
br2409,,13:41:21.500#,14735.0,14955.0,14670.0,16050.0,13135.0,126487,56343.0,14820.0,57,14825.0,149,14830.0,67,14835.0,45,14840.0,19,14845.0,31,14850.0,38,14855.0,78,14860.0,120,14865.0,35,14840.0
br2409,,13:41:22.0#,14735.0,14955.0,14670.0,16050.0,13135.0,126487,56343.0,14820.0,57,14825.0,136,14830.0,68,14835.0,45,14840.0,22,14845.0,32,14850.0,37,14855.0,89,14860.0,96,14865.0,36,14840.0
br2409,,13:41:22.500#,14735.0,14955.0,14670.0,16050.0,13135.0,126488,56344.0,14820.0,69,14825.0,136,14830.0,68,14835.0,51,14840.0,21,14845.0,27,14850.0,37,14855.0,89,14860.0,108,14865.0,36,14840.0
br2409,,13:41:23.0#,14735.0,14955.0,14670.0,16050.0,13135.0,126489,56345.0,14820.0,57,14825.0,159,14830.0,68,14835.0,52,14840.0,20,14845.0,28,14850.0,37,14855.0,112,14860.0,96,14865.0,36,14840.0
br2409,,13:41:23.500#,14735.0,14955.0,14670.0,16050.0,13135.0,126489,56345.0,14820.0,57,14825.0,147,14830.0,68,14835.0,51,14840.0,13,14845.0,27,14850.0,37,14855.0,100,14860.0,96,14865.0,36,14840.0
br2409,,13:41:24.0#,14735.0,14955.0,14670.0,16050.0,13135.0,126489,56345.0,14820.0,57,14825.0,148,14830.0,80,14835.0,53,14840.0,10,14845.0,28,14850.0,37,14855.0,112,14860.0,96,14865.0,24,14840.0
br2409,,13:41:24.500#,14735.0,14955.0,14670.0,16050.0,13135.0,126489,56345.0,14820.0,57,14825.0,148,14830.0,69,14835.0,52,14840.0,12,14845.0,23,14850.0,37,14855.0,100,14860.0,96,14865.0,36,14840.0
br2409,,13:41:25.0#,14735.0,14955.0,14670.0,16050.0,13135.0,126501,56339.0,14815.0,39,14820.0,57,14825.0,149,14830.0,69,14835.0,53,14840.0,10,14845.0,24,14850.0,37,14855.0,101,14860.0,96,14840.0
br2409,,13:41:25.500#,14735.0,14955.0,14670.0,16050.0,13135.0,126501,56339.0,14815.0,39,14820.0,105,14825.0,107,14830.0,66,14835.0,51,14840.0,23,14845.0,28,14850.0,39,14855.0,120,14860.0,73,14840.0
br2409,,13:41:26.0#,14735.0,14955.0,14670.0,16050.0,13135.0,126502,56339.0,14815.0,39,14820.0,105,14825.0,119,14830.0,56,14835.0,52,14840.0,23,14845.0,28,14850.0,39,14855.0,120,14860.0,73,14840.0
br2409,,13:41:26.500#,14735.0,14955.0,14670.0,16050.0,13135.0,126502,56339.0,14815.0,40,14820.0,105,14825.0,119,14830.0,54,14835.0,53,14840.0,22,14845.0,29,14850.0,40,14855.0,120,14860.0,73,14840.0
br2409,,13:41:27.0#,14735.0,14955.0,14670.0,16050.0,13135.0,126502,56339.0,14815.0,40,14820.0,105,14825.0,130,14830.0,54,14835.0,53,14840.0,22,14845.0,29,14850.0,50,14855.0,131,14860.0,73,14840.0
br2409,,13:41:27.500#,14735.0,14955.0,14670.0,16050.0,13135.0,126502,56339.0,14815.0,40,14820.0,105,14825.0,129,14830.0,56,14835.0,53,14840.0,22,14845.0,29,14850.0,50,14855.0,131,14860.0,73,14840.0
br2409,,13:41:28.0#,14735.0,14955.0,14670.0,16050.0,13135.0,126502,56339.0,14815.0,40,14820.0,93,14825.0,141,14830.0,56,14835.0,54,14840.0,22,14845.0,31,14850.0,50,14855.0,143,14860.0,62,14840.0
br2409,,13:41:28.500#,14735.0,14955.0,14670.0,16050.0,13135.0,126524,56317.0,14820.0,93,14825.0,130,14830.0,56,14835.0,54,14840.0,4,14845.0,31,14850.0,50,14855.0,132,14860.0,62,14865.0,35,14840.0
br2409,,13:41:29.0#,14735.0,14955.0,14670.0,16050.0,13135.0,126525,56316.0,14820.0,69,14825.0,137,14830.0,72,14835.0,63,14840.0,17,14845.0,31,14850.0,47,14855.0,89,14860.0,109,14865.0,36,14845.0
br2409,,13:41:29.500#,14735.0,14955.0,14670.0,16050.0,13135.0,126525,56316.0,14820.0,45,14825.0,149,14830.0,71,14835.0,62,14840.0,18,14845.0,19,14850.0,48,14855.0,77,14860.0,121,14865.0,36,14845.0
br2409,,13:41:30.0#,14735.0,14955.0,14670.0,16050.0,13135.0,126525,56316.0,14820.0,69,14825.0,124,14830.0,83,14835.0,62,14840.0,8,14845.0,30,14850.0,48,14855.0,77,14860.0,121,14865.0,36,14845.0
br2409,,13:41:30.500#,14735.0,14955.0,14670.0,16050.0,13135.0,126530,56313.0,14815.0,39,14820.0,69,14825.0,137,14830.0,72,14835.0,62,14840.0,2,14845.0,35,14850.0,48,14855.0,89,14860.0,109,14840.0
br2409,,13:41:31.0#,14735.0,14955.0,14670.0,16050.0,13135.0,126530,56313.0,14815.0,40,14820.0,93,14825.0,119,14830.0,68,14835.0,61,14840.0,18,14845.0,28,14850.0,50,14855.0,108,14860.0,86,14840.0
br2409,,13:41:31.500#,14735.0,14955.0,14670.0,16050.0,13135.0,126530,56313.0,14815.0,40,14820.0,105,14825.0,119,14830.0,56,14835.0,61,14840.0,25,14845.0,28,14850.0,50,14855.0,120,14860.0,74,14840.0
br2409,,13:41:32.0#,14735.0,14955.0,14670.0,16050.0,13135.0,126530,56313.0,14815.0,40,14820.0,105,14825.0,119,14830.0,56,14835.0,60,14840.0,26,14845.0,28,14850.0,50,14855.0,108,14860.0,98,14840.0
br2409,,13:41:32.500#,14735.0,14955.0,14670.0,16050.0,13135.0,126533,56313.0,14815.0,40,14820.0,93,14825.0,119,14830.0,55,14835.0,60,14840.0,24,14845.0,28,14850.0,50,14855.0,120,14860.0,62,14840.0
br2409,,13:41:33.0#,14735.0,14955.0,14670.0,16050.0,13135.0,126533,56313.0,14815.0,40,14820.0,105,14825.0,118,14830.0,56,14835.0,61,14840.0,25,14845.0,29,14850.0,50,14855.0,120,14860.0,74,14840.0
br2409,,13:41:33.500#,14735.0,14955.0,14670.0,16050.0,13135.0,126534,56312.0,14815.0,40,14820.0,93,14825.0,130,14830.0,56,14835.0,62,14840.0,24,14845.0,30,14850.0,50,14855.0,120,14860.0,86,14840.0
br2409,,13:41:34.0#,14735.0,14955.0,14670.0,16050.0,13135.0,126534,56312.0,14815.0,40,14820.0,81,14825.0,142,14830.0,56,14835.0,62,14840.0,25,14845.0,31,14850.0,50,14855.0,120,14860.0,74,14840.0
br2409,,13:41:34.500#,14735.0,14955.0,14670.0,16050.0,13135.0,126534,56312.0,14815.0,40,14820.0,81,14825.0,153,14830.0,56,14835.0,63,14840.0,27,14845.0,31,14850.0,50,14855.0,131,14860.0,74,14840.0
br2409,,13:41:35.0#,14735.0,14955.0,14670.0,16050.0,13135.0,126534,56312.0,14815.0,40,14820.0,93,14825.0,141,14830.0,56,14835.0,65,14840.0,27,14845.0,32,14850.0,50,14855.0,143,14860.0,62,14840.0
br2409,,13:41:35.500#,14735.0,14955.0,14670.0,16050.0,13135.0,126535,56311.0,14815.0,40,14820.0,92,14825.0,141,14830.0,56,14835.0,65,14840.0,27,14845.0,32,14850.0,49,14855.0,143,14860.0,62,14840.0
br2409,,13:41:36.0#,14735.0,14955.0,14670.0,16050.0,13135.0,126535,56311.0,14815.0,40,14820.0,80,14825.0,153,14830.0,56,14835.0,65,14840.0,27,14845.0,32,14850.0,49,14855.0,132,14860.0,75,14840.0
br2409,,13:41:36.500#,14735.0,14955.0,14670.0,16050.0,13135.0,126535,56311.0,14815.0,40,14820.0,80,14825.0,153,14830.0,56,14835.0,65,14840.0,28,14845.0,32,14850.0,49,14855.0,132,14860.0,75,14840.0
br2409,,13:41:37.0#,14735.0,14955.0,14670.0,16050.0,13135.0,126535,56311.0,14815.0,40,14820.0,80,14825.0,153,14830.0,56,14835.0,65,14840.0,30,14845.0,32,14850.0,49,14855.0,132,14860.0,76,14840.0
br2409,,13:41:37.500#,14735.0,14955.0,14670.0,16050.0,13135.0,126535,56311.0,14815.0,40,14820.0,80,14825.0,153,14830.0,56,14835.0,65,14840.0,31,14845.0,32,14850.0,49,14855.0,132,14860.0,76,14840.0
br2409,,13:41:38.0#,14735.0,14955.0,14670.0,16050.0,13135.0,126536,56310.0,14815.0,40,14820.0,80,14825.0,153,14830.0,56,14835.0,67,14840.0,30,14845.0,31,14850.0,49,14855.0,132,14860.0,76,14840.0
br2409,,13:41:38.500#,14735.0,14955.0,14670.0,16050.0,13135.0,126536,56310.0,14815.0,40,14820.0,80,14825.0,153,14830.0,56,14835.0,68,14840.0,30,14845.0,31,14850.0,49,14855.0,132,14860.0,76,14840.0
br2409,,13:41:39.0#,14735.0,14955.0,14670.0,16050.0,13135.0,126536,56310.0,14815.0,40,14820.0,80,14825.0,153,14830.0,59,14835.0,69,14840.0,30,14845.0,31,14850.0,49,14855.0,132,14860.0,76,14840.0
br2409,,13:41:39.500#,14735.0,14955.0,14670.0,16050.0,13135.0,126536,56310.0,14815.0,40,14820.0,82,14825.0,153,14830.0,59,14835.0,69,14840.0,30,14845.0,31,14850.0,48,14855.0,132,14860.0,76,14840.0
br2409,,13:41:40.0#,14735.0,14955.0,14670.0,16050.0,13135.0,126536,56310.0,14815.0,40,14820.0,82,14825.0,153,14830.0,59,14835.0,90,14840.0,30,14845.0,32,14850.0,48,14855.0,132,14860.0,76,14840.0
br2409,,13:41:40.500#,14735.0,14955.0,14670.0,16050.0,13135.0,126558,56297.0,14820.0,82,14825.0,142,14830.0,59,14835.0,90,14840.0,1,14845.0,31,14850.0,48,14855.0,121,14860.0,76,14865.0,35,14840.0
br2409,,13:41:41.0#,14735.0,14955.0,14670.0,16050.0,13135.0,126560,56298.0,14820.0,58,14825.0,149,14830.0,74,14835.0,91,14840.0,19,14845.0,27,14850.0,46,14855.0,103,14860.0,99,14865.0,35,14840.0
br2409,,13:41:41.500#,14735.0,14955.0,14670.0,16050.0,13135.0,126560,56298.0,14820.0,70,14825.0,124,14830.0,85,14835.0,89,14840.0,12,14845.0,21,14850.0,46,14855.0,67,14860.0,135,14865.0,35,14840.0
br2409,,13:41:42.0#,14735.0,14955.0,14670.0,16050.0,13135.0,126561,56299.0,14820.0,58,14825.0,137,14830.0,85,14835.0,89,14840.0,10,14845.0,29,14850.0,46,14855.0,67,14860.0,135,14865.0,35,14840.0
br2409,,13:41:42.500#,14735.0,14955.0,14670.0,16050.0,13135.0,126561,56299.0,14820.0,58,14825.0,148,14830.0,85,14835.0,88,14840.0,3,14845.0,32,14850.0,45,14855.0,75,14860.0,139,14865.0,36,14840.0
br2409,,13:41:43.0#,14735.0,14955.0,14670.0,16050.0,13135.0,126563,56298.0,14815.0,39,14820.0,58,14825.0,139,14830.0,84,14835.0,89,14840.0,1,14845.0,33,14850.0,45,14855.0,74,14860.0,139,14840.0
br2409,,13:41:43.500#,14735.0,14955.0,14670.0,16050.0,13135.0,126563,56298.0,14815.0,39,14820.0,106,14825.0,96,14830.0,81,14835.0,88,14840.0,10,14845.0,28,14850.0,47,14855.0,117,14860.0,92,14840.0
br2409,,13:41:44.0#,14735.0,14955.0,14670.0,16050.0,13135.0,126563,56298.0,14815.0,39,14820.0,106,14825.0,108,14830.0,69,14835.0,88,14840.0,28,14845.0,27,14850.0,47,14855.0,129,14860.0,80,14840.0
br2409,,13:41:44.500#,14735.0,14955.0,14670.0,16050.0,13135.0,126563,56298.0,14815.0,39,14820.0,106,14825.0,120,14830.0,57,14835.0,88,14840.0,29,14845.0,27,14850.0,47,14855.0,131,14860.0,80,14840.0
br2409,,13:41:45.0#,14735.0,14955.0,14670.0,16050.0,13135.0,126563,56298.0,14815.0,40,14820.0,106,14825.0,120,14830.0,57,14835.0,87,14840.0,30,14845.0,26,14850.0,48,14855.0,131,14860.0,80,14840.0
br2409,,13:41:45.500#,14735.0,14955.0,14670.0,16050.0,13135.0,126565,56298.0,14815.0,40,14820.0,106,14825.0,120,14830.0,56,14835.0,88,14840.0,33,14845.0,27,14850.0,48,14855.0,131,14860.0,80,14840.0
br2409,,13:41:46.0#,14735.0,14955.0,14670.0,16050.0,13135.0,126565,56298.0,14815.0,40,14820.0,94,14825.0,132,14830.0,56,14835.0,79,14840.0,33,14845.0,28,14850.0,48,14855.0,119,14860.0,92,14840.0
br2409,,13:41:46.500#,14735.0,14955.0,14670.0,16050.0,13135.0,126565,56298.0,14815.0,40,14820.0,82,14825.0,144,14830.0,56,14835.0,79,14840.0,33,14845.0,32,14850.0,48,14855.0,128,14860.0,80,14840.0
br2409,,13:41:47.0#,14735.0,14955.0,14670.0,16050.0,13135.0,126565,56298.0,14815.0,40,14820.0,82,14825.0,144,14830.0,56,14835.0,80,14840.0,34,14845.0,32,14850.0,48,14855.0,128,14860.0,80,14840.0
br2409,,13:41:47.500#,14735.0,14955.0,14670.0,16050.0,13135.0,126565,56298.0,14815.0,40,14820.0,82,14825.0,144,14830.0,56,14835.0,80,14840.0,34,14845.0,32,14850.0,49,14855.0,128,14860.0,80,14840.0
br2409,,13:41:48.0#,14735.0,14955.0,14670.0,16050.0,13135.0,126565,56298.0,14815.0,40,14820.0,82,14825.0,144,14830.0,55,14835.0,81,14840.0,33,14845.0,32,14850.0,49,14855.0,128,14860.0,80,14840.0
br2409,,13:41:48.500#,14735.0,14955.0,14670.0,16050.0,13135.0,126568,56300.0,14815.0,40,14820.0,82,14825.0,144,14830.0,55,14835.0,79,14840.0,30,14845.0,32,14850.0,49,14855.0,128,14860.0,80,14840.0
br2409,,13:41:49.0#,14735.0,14955.0,14670.0,16050.0,13135.0,126568,56300.0,14815.0,40,14820.0,82,14825.0,144,14830.0,55,14835.0,80,14840.0,30,14845.0,32,14850.0,49,14855.0,128,14860.0,80,14840.0
br2409,,13:41:49.500#,14735.0,14955.0,14670.0,16050.0,13135.0,126568,56300.0,14815.0,40,14820.0,82,14825.0,144,14830.0,55,14835.0,91,14840.0,31,14845.0,32,14850.0,49,14855.0,128,14860.0,80,14840.0
br2409,,13:41:50.0#,14735.0,14955.0,14670.0,16050.0,13135.0,126584,56309.0,14815.0,40,14820.0,82,14825.0,144,14830.0,64,14835.0,90,14840.0,16,14845.0,32,14850.0,49,14855.0,128,14860.0,80,14840.0
br2409,,13:41:50.500#,14735.0,14955.0,14670.0,16050.0,13135.0,126602,56317.0,14820.0,82,14825.0,133,14830.0,64,14835.0,90,14840.0,2,14845.0,32,14850.0,49,14855.0,117,14860.0,80,14865.0,35,14840.0
br2409,,13:41:51.0#,14735.0,14955.0,14670.0,16050.0,13135.0,126602,56317.0,14820.0,70,14825.0,128,14830.0,80,14835.0,94,14840.0,9,14845.0,36,14850.0,47,14855.0,87,14860.0,115,14865.0,35,14840.0
br2409,,13:41:51.500#,14735.0,14955.0,14670.0,16050.0,13135.0,126615,56323.0,14820.0,90,14825.0,116,14830.0,91,14835.0,92,14840.0,1,14845.0,39,14850.0,47,14855.0,74,14860.0,127,14865.0,35,14845.0
br2409,,13:41:52.0#,14735.0,14955.0,14670.0,16050.0,13135.0,126616,56323.0,14815.0,39,14820.0,90,14825.0,116,14830.0,94,14835.0,92,14840.0,1,14845.0,41,14850.0,46,14855.0,73,14860.0,127,14840.0
br2409,,13:41:52.500#,14735.0,14955.0,14670.0,16050.0,13135.0,126623,56319.0,14815.0,39,14820.0,114,14825.0,110,14830.0,78,14835.0,91,14840.0,8,14845.0,37,14850.0,48,14855.0,93,14860.0,104,14840.0
br2409,,13:41:53.500#,14735.0,14955.0,14670.0,16050.0,13135.0,126623,56319.0,14815.0,39,14820.0,126,14825.0,121,14830.0,66,14835.0,89,14840.0,11,14845.0,36,14850.0,48,14855.0,128,14860.0,80,14840.0
br2409,,13:41:54.0#,14735.0,14955.0,14670.0,16050.0,13135.0,126623,56319.0,14815.0,39,14820.0,126,14825.0,120,14830.0,66,14835.0,90,14840.0,11,14845.0,33,14850.0,48,14855.0,128,14860.0,80,14840.0
br2409,,13:41:54.500#,14735.0,14955.0,14670.0,16050.0,13135.0,126623,56319.0,14815.0,40,14820.0,126,14825.0,120,14830.0,65,14835.0,90,14840.0,14,14845.0,33,14850.0,49,14855.0,128,14860.0,80,14840.0
br2409,,13:41:55.0#,14735.0,14955.0,14670.0,16050.0,13135.0,126623,56319.0,14815.0,40,14820.0,102,14825.0,144,14830.0,65,14835.0,91,14840.0,14,14845.0,35,14850.0,49,14855.0,128,14860.0,80,14840.0
br2409,,13:41:55.500#,14735.0,14955.0,14670.0,16050.0,13135.0,126625,56318.0,14815.0,40,14820.0,102,14825.0,144,14830.0,65,14835.0,90,14840.0,13,14845.0,35,14850.0,49,14855.0,128,14860.0,80,14835.0
br2409,,13:41:56.0#,14735.0,14955.0,14670.0,16050.0,13135.0,126627,56320.0,14815.0,40,14820.0,102,14825.0,144,14830.0,65,14835.0,93,14840.0,11,14845.0,35,14850.0,49,14855.0,128,14860.0,80,14840.0
br2409,,13:41:56.500#,14735.0,14955.0,14670.0,16050.0,13135.0,126627,56320.0,14815.0,40,14820.0,102,14825.0,144,14830.0,65,14835.0,93,14840.0,13,14845.0,35,14850.0,50,14855.0,128,14860.0,80,14840.0
br2409,,13:41:57.0#,14735.0,14955.0,14670.0,16050.0,13135.0,126627,56320.0,14815.0,40,14820.0,113,14825.0,120,14830.0,66,14835.0,91,14840.0,14,14845.0,33,14850.0,50,14855.0,116,14860.0,92,14840.0
br2409,,13:41:57.500#,14735.0,14955.0,14670.0,16050.0,13135.0,126627,56320.0,14815.0,52,14820.0,89,14825.0,132,14830.0,67,14835.0,92,14840.0,14,14845.0,34,14850.0,62,14855.0,104,14860.0,80,14840.0
br2409,,13:41:58.0#,14735.0,14955.0,14670.0,16050.0,13135.0,126629,56321.0,14815.0,52,14820.0,101,14825.0,120,14830.0,67,14835.0,91,14840.0,13,14845.0,34,14850.0,66,14855.0,105,14860.0,92,14840.0
br2409,,13:41:58.500#,14735.0,14955.0,14670.0,16050.0,13135.0,126632,56321.0,14815.0,52,14820.0,101,14825.0,132,14830.0,67,14835.0,92,14840.0,20,14845.0,34,14850.0,66,14855.0,117,14860.0,92,14840.0
br2409,,13:41:59.0#,14735.0,14955.0,14670.0,16050.0,13135.0,126637,56318.0,14815.0,64,14820.0,101,14825.0,97,14830.0,68,14835.0,91,14840.0,16,14845.0,33,14850.0,66,14855.0,118,14860.0,68,14840.0
br2409,,13:41:59.500#,14735.0,14955.0,14670.0,16050.0,13135.0,126639,56318.0,14815.0,64,14820.0,89,14825.0,121,14830.0,68,14835.0,91,14840.0,15,14845.0,34,14850.0,68,14855.0,118,14860.0,80,14840.0
br2409,,13:42:00.0#,14735.0,14955.0,14670.0,16050.0,13135.0,126640,56317.0,14815.0,64,14820.0,89,14825.0,121,14830.0,68,14835.0,91,14840.0,14,14845.0,34,14850.0,72,14855.0,118,14860.0,80,14840.0
br2409,,13:42:00.500#,14735.0,14955.0,14670.0,16050.0,13135.0,126640,56317.0,14815.0,40,14820.0,101,14825.0,121,14830.0,68,14835.0,91,14840.0,28,14845.0,34,14850.0,60,14855.0,106,14860.0,92,14840.0
br2409,,13:42:01.0#,14735.0,14955.0,14670.0,16050.0,13135.0,126640,56317.0,14815.0,52,14820.0,101,14825.0,108,14830.0,68,14835.0,90,14840.0,16,14845.0,33,14850.0,84,14855.0,117,14860.0,68,14840.0
br2409,,13:42:01.500#,14735.0,14955.0,14670.0,16050.0,13135.0,126650,56318.0,14815.0,52,14820.0,101,14825.0,120,14830.0,68,14835.0,85,14840.0,23,14845.0,46,14850.0,63,14855.0,141,14860.0,68,14835.0
br2409,,13:42:02.0#,14735.0,14955.0,14670.0,16050.0,13135.0,126737,56298.0,14815.0,52,14820.0,101,14825.0,97,14830.0,68,14835.0,1,14840.0,28,14845.0,53,14850.0,70,14855.0,106,14860.0,68,14835.0
br2409,,13:42:02.500#,14735.0,14955.0,14670.0,16050.0,13135.0,126740,56296.0,14810.0,42,14815.0,61,14820.0,103,14825.0,78,14830.0,66,14835.0,48,14840.0,36,14845.0,66,14850.0,67,14855.0,93,14835.0
br2409,,13:42:03.0#,14735.0,14955.0,14670.0,16050.0,13135.0,126741,56296.0,14810.0,41,14815.0,107,14820.0,86,14825.0,61,14830.0,63,14835.0,72,14840.0,27,14845.0,69,14850.0,97,14855.0,69,14835.0
br2409,,13:42:03.500#,14735.0,14955.0,14670.0,16050.0,13135.0,126742,56296.0,14810.0,62,14815.0,96,14820.0,76,14825.0,60,14830.0,57,14835.0,71,14840.0,27,14845.0,79,14850.0,108,14855.0,49,14830.0
br2409,,13:42:04.0#,14735.0,14955.0,14670.0,16050.0,13135.0,126751,56301.0,14810.0,62,14815.0,108,14820.0,76,14825.0,60,14830.0,47,14835.0,72,14840.0,27,14845.0,90,14850.0,108,14855.0,49,14830.0
br2409,,13:42:04.500#,14735.0,14955.0,14670.0,16050.0,13135.0,126799,56288.0,14805.0,53,14810.0,74,14815.0,97,14820.0,63,14825.0,60,14830.0,1,14835.0,72,14840.0,27,14845.0,91,14850.0,108,14830.0
br2409,,13:42:05.0#,14735.0,14955.0,14670.0,16050.0,13135.0,126802,56287.0,14805.0,50,14810.0,110,14815.0,66,14820.0,59,14825.0,59,14830.0,38,14835.0,52,14840.0,31,14845.0,125,14850.0,72,14830.0
br2409,,13:42:05.500#,14735.0,14955.0,14670.0,16050.0,13135.0,126802,56287.0,14805.0,50,14810.0,98,14815.0,79,14820.0,60,14825.0,55,14830.0,44,14835.0,50,14840.0,31,14845.0,125,14850.0,60,14830.0
br2409,,13:42:06.0#,14735.0,14955.0,14670.0,16050.0,13135.0,126803,56286.0,14805.0,51,14810.0,110,14815.0,67,14820.0,59,14825.0,54,14830.0,44,14835.0,50,14840.0,32,14845.0,126,14850.0,72,14825.0
br2409,,13:42:06.500#,14735.0,14955.0,14670.0,16050.0,13135.0,126818,56279.0,14805.0,51,14810.0,110,14815.0,67,14820.0,59,14825.0,43,14830.0,43,14835.0,50,14840.0,32,14845.0,126,14850.0,72,14825.0
br2409,,13:42:07.0#,14735.0,14955.0,14670.0,16050.0,13135.0,126819,56279.0,14805.0,51,14810.0,131,14815.0,57,14820.0,59,14825.0,43,14830.0,43,14835.0,50,14840.0,53,14845.0,117,14850.0,72,14825.0
br2409,,13:42:07.500#,14735.0,14955.0,14670.0,16050.0,13135.0,126830,56275.0,14805.0,51,14810.0,130,14815.0,57,14820.0,59,14825.0,42,14830.0,34,14835.0,50,14840.0,55,14845.0,117,14850.0,72,14825.0
br2409,,13:42:08.0#,14735.0,14955.0,14670.0,16050.0,13135.0,126866,56258.0,14805.0,51,14810.0,86,14815.0,66,14820.0,58,14825.0,41,14830.0,11,14835.0,50,14840.0,34,14845.0,111,14850.0,60,14825.0
br2409,,13:42:08.500#,14735.0,14955.0,14670.0,16050.0,13135.0,126879,56258.0,14805.0,51,14810.0,98,14815.0,78,14820.0,58,14825.0,41,14830.0,10,14835.0,49,14840.0,33,14845.0,135,14850.0,60,14825.0
br2409,,13:42:09.0#,14735.0,14955.0,14670.0,16050.0,13135.0,126893,56257.0,14805.0,51,14810.0,87,14815.0,90,14820.0,58,14825.0,29,14830.0,13,14835.0,53,14840.0,33,14845.0,135,14850.0,48,14825.0
br2409,,13:42:09.500#,14735.0,14955.0,14670.0,16050.0,13135.0,126893,56257.0,14805.0,51,14810.0,87,14815.0,90,14820.0,58,14825.0,30,14830.0,13,14835.0,54,14840.0,33,14845.0,135,14850.0,48,14825.0
br2409,,13:42:10.0#,14735.0,14955.0,14670.0,16050.0,13135.0,126895,56257.0,14805.0,51,14810.0,87,14815.0,101,14820.0,58,14825.0,29,14830.0,12,14835.0,54,14840.0,33,14845.0,146,14850.0,48,14825.0
br2409,,13:42:10.500#,14735.0,14955.0,14670.0,16050.0,13135.0,126899,56261.0,14805.0,51,14810.0,87,14815.0,101,14820.0,60,14825.0,37,14830.0,14,14835.0,55,14840.0,32,14845.0,146,14850.0,48,14825.0
br2409,,13:42:12.0#,14735.0,14955.0,14670.0,16050.0,13135.0,126915,56262.0,14805.0,51,14810.0,86,14815.0,90,14820.0,66,14825.0,44,14835.0,56,14840.0,32,14845.0,123,14850.0,64,14855.0,35,14830.0
br2409,,13:42:12.500#,14735.0,14955.0,14670.0,16050.0,13135.0,126916,56261.0,14810.0,74,14815.0,102,14820.0,66,14825.0,45,14830.0,13,14835.0,49,14840.0,32,14845.0,112,14850.0,76,14855.0,35,14835.0
br2409,,13:42:13.0#,14735.0,14955.0,14670.0,16050.0,13135.0,126916,56261.0,14810.0,63,14815.0,109,14820.0,71,14825.0,47,14830.0,20,14835.0,44,14840.0,28,14845.0,81,14850.0,111,14855.0,36,14835.0
br2409,,13:42:13.500#,14735.0,14955.0,14670.0,16050.0,13135.0,126916,56261.0,14810.0,62,14815.0,110,14820.0,71,14825.0,46,14830.0,21,14835.0,39,14840.0,27,14845.0,81,14850.0,111,14855.0,36,14835.0
br2409,,13:42:14.0#,14735.0,14955.0,14670.0,16050.0,13135.0,126916,56261.0,14810.0,62,14815.0,121,14820.0,72,14825.0,46,14830.0,21,14835.0,39,14840.0,27,14845.0,92,14850.0,111,14855.0,35,14835.0
br2409,,13:42:14.500#,14735.0,14955.0,14670.0,16050.0,13135.0,126920,56261.0,14810.0,50,14815.0,133,14820.0,72,14825.0,45,14830.0,22,14835.0,36,14840.0,27,14845.0,91,14850.0,99,14855.0,47,14835.0
br2409,,13:42:15.500#,14735.0,14955.0,14670.0,16050.0,13135.0,126926,56256.0,14810.0,38,14815.0,144,14820.0,72,14825.0,46,14830.0,18,14835.0,28,14840.0,27,14845.0,103,14850.0,86,14855.0,47,14830.0
br2409,,13:42:16.0#,14735.0,14955.0,14670.0,16050.0,13135.0,126927,56255.0,14810.0,38,14815.0,144,14820.0,72,14825.0,46,14830.0,17,14835.0,28,14840.0,29,14845.0,103,14850.0,86,14855.0,47,14830.0
br2409,,13:42:16.500#,14735.0,14955.0,14670.0,16050.0,13135.0,126927,56255.0,14810.0,38,14815.0,144,14820.0,72,14825.0,47,14830.0,18,14835.0,30,14840.0,30,14845.0,103,14850.0,86,14855.0,47,14830.0
br2409,,13:42:17.0#,14735.0,14955.0,14670.0,16050.0,13135.0,126927,56255.0,14810.0,50,14815.0,132,14820.0,72,14825.0,47,14830.0,22,14835.0,31,14840.0,30,14845.0,103,14850.0,98,14855.0,35,14830.0
br2409,,13:42:17.500#,14735.0,14955.0,14670.0,16050.0,13135.0,126946,56241.0,14810.0,50,14815.0,121,14820.0,72,14825.0,48,14830.0,3,14835.0,32,14840.0,30,14845.0,92,14850.0,98,14855.0,35,14830.0
br2409,,13:42:18.0#,14735.0,14955.0,14670.0,16050.0,13135.0,126946,56241.0,14810.0,50,14815.0,121,14820.0,73,14825.0,49,14830.0,16,14835.0,32,14840.0,33,14845.0,89,14850.0,98,14855.0,35,14830.0
br2409,,13:42:18.500#,14735.0,14955.0,14670.0,16050.0,13135.0,126946,56241.0,14810.0,50,14815.0,122,14820.0,73,14825.0,49,14830.0,18,14835.0,32,14840.0,33,14845.0,89,14850.0,98,14855.0,35,14830.0
br2409,,13:42:19.0#,14735.0,14955.0,14670.0,16050.0,13135.0,126946,56241.0,14810.0,50,14815.0,122,14820.0,73,14825.0,49,14830.0,18,14835.0,32,14840.0,33,14845.0,89,14850.0,98,14855.0,35,14830.0
br2409,,13:42:19.500#,14735.0,14955.0,14670.0,16050.0,13135.0,126946,56241.0,14810.0,50,14815.0,133,14820.0,73,14825.0,50,14830.0,20,14835.0,32,14840.0,33,14845.0,100,14850.0,98,14855.0,35,14830.0
br2409,,13:42:20.0#,14735.0,14955.0,14670.0,16050.0,13135.0,126946,56241.0,14810.0,50,14815.0,133,14820.0,72,14825.0,49,14830.0,21,14835.0,32,14840.0,33,14845.0,100,14850.0,98,14855.0,35,14830.0
br2409,,13:42:20.500#,14735.0,14955.0,14670.0,16050.0,13135.0,126958,56243.0,14810.0,50,14815.0,133,14820.0,72,14825.0,48,14830.0,19,14835.0,23,14840.0,33,14845.0,100,14850.0,98,14855.0,35,14830.0
br2409,,13:42:21.0#,14735.0,14955.0,14670.0,16050.0,13135.0,126981,56251.0,14810.0,38,14815.0,110,14820.0,72,14825.0,46,14830.0,21,14840.0,33,14845.0,73,14850.0,74,14855.0,47,14860.0,52,14835.0
br2409,,13:42:22.0#,14735.0,14955.0,14670.0,16050.0,13135.0,126981,56251.0,14815.0,71,14820.0,125,14825.0,50,14830.0,32,14835.0,26,14840.0,23,14845.0,48,14850.0,81,14855.0,91,14860.0,55,14835.0
br2409,,13:42:23.0#,14735.0,14955.0,14670.0,16050.0,13135.0,127001,56253.0,14815.0,52,14820.0,146,14825.0,82,14830.0,34,14835.0,32,14840.0,1,14845.0,44,14850.0,49,14855.0,115,14860.0,88,14840.0
br2409,,13:42:23.500#,14735.0,14955.0,14670.0,16050.0,13135.0,127002,56252.0,14820.0,134,14825.0,106,14830.0,35,14835.0,36,14840.0,16,14845.0,45,14850.0,48,14855.0,103,14860.0,100,14865.0,20,14840.0
br2409,,13:42:24.0#,14735.0,14955.0,14670.0,16050.0,13135.0,127002,56252.0,14820.0,98,14825.0,137,14830.0,44,14835.0,35,14840.0,18,14845.0,40,14850.0,46,14855.0,72,14860.0,135,14865.0,22,14840.0
br2409,,13:42:24.500#,14735.0,14955.0,14670.0,16050.0,13135.0,127003,56252.0,14820.0,98,14825.0,136,14830.0,43,14835.0,35,14840.0,18,14845.0,42,14850.0,46,14855.0,72,14860.0,135,14865.0,24,14840.0
br2409,,13:42:25.0#,14735.0,14955.0,14670.0,16050.0,13135.0,127003,56252.0,14820.0,86,14825.0,149,14830.0,43,14835.0,35,14840.0,18,14845.0,42,14850.0,45,14855.0,72,14860.0,123,14865.0,37,14840.0
br2409,,13:42:25.500#,14735.0,14955.0,14670.0,16050.0,13135.0,127006,56253.0,14820.0,86,14825.0,153,14830.0,43,14835.0,35,14840.0,16,14845.0,42,14850.0,45,14855.0,72,14860.0,123,14865.0,37,14840.0
br2409,,13:42:26.0#,14735.0,14955.0,14670.0,16050.0,13135.0,127006,56253.0,14820.0,86,14825.0,154,14830.0,43,14835.0,35,14840.0,15,14845.0,42,14850.0,45,14855.0,72,14860.0,123,14865.0,37,14840.0
br2409,,13:42:26.500#,14735.0,14955.0,14670.0,16050.0,13135.0,127006,56253.0,14820.0,86,14825.0,154,14830.0,43,14835.0,35,14840.0,15,14845.0,42,14850.0,45,14855.0,72,14860.0,123,14865.0,37,14840.0
br2409,,13:42:27.0#,14735.0,14955.0,14670.0,16050.0,13135.0,127006,56253.0,14820.0,74,14825.0,166,14830.0,44,14835.0,30,14840.0,21,14845.0,37,14850.0,45,14855.0,85,14860.0,111,14865.0,37,14840.0
br2409,,13:42:29.500#,14735.0,14955.0,14670.0,16050.0,13135.0,127007,56254.0,14820.0,74,14825.0,165,14830.0,41,14835.0,32,14840.0,21,14845.0,41,14850.0,33,14855.0,93,14860.0,111,14865.0,37,14840.0
br2409,,13:42:30.500#,14735.0,14955.0,14670.0,16050.0,13135.0,127016,56259.0,14820.0,74,14825.0,166,14830.0,32,14835.0,32,14840.0,34,14845.0,29,14850.0,41,14855.0,93,14860.0,111,14865.0,37,14845.0
br2409,,13:42:31.0#,14735.0,14955.0,14670.0,16050.0,13135.0,127026,56254.0,14820.0,66,14825.0,142,14830.0,64,14835.0,23,14840.0,34,14845.0,39,14850.0,41,14855.0,61,14860.0,135,14865.0,46,14845.0
br2409,,13:42:31.500#,14735.0,14955.0,14670.0,16050.0,13135.0,127026,56254.0,14820.0,74,14825.0,154,14830.0,44,14835.0,23,14840.0,34,14845.0,54,14850.0,42,14855.0,81,14860.0,123,14865.0,38,14845.0
br2409,,13:42:32.0#,14735.0,14955.0,14670.0,16050.0,13135.0,127077,56236.0,14815.0,39,14820.0,74,14825.0,131,14830.0,31,14835.0,3,14840.0,15,14845.0,61,14850.0,54,14855.0,57,14860.0,99,14840.0
br2409,,13:42:32.500#,14735.0,14955.0,14670.0,16050.0,13135.0,127084,56237.0,14815.0,47,14820.0,103,14825.0,100,14830.0,31,14835.0,15,14840.0,38,14845.0,48,14850.0,64,14855.0,80,14860.0,68,14840.0
br2409,,13:42:33.0#,14735.0,14955.0,14670.0,16050.0,13135.0,127085,56237.0,14815.0,59,14820.0,127,14825.0,52,14830.0,34,14835.0,10,14840.0,37,14845.0,52,14850.0,64,14855.0,91,14860.0,68,14840.0
br2409,,13:42:33.500#,14735.0,14955.0,14670.0,16050.0,13135.0,127085,56237.0,14815.0,71,14820.0,115,14825.0,52,14830.0,35,14835.0,11,14840.0,36,14845.0,52,14850.0,70,14855.0,79,14860.0,68,14840.0
br2409,,13:42:34.0#,14735.0,14955.0,14670.0,16050.0,13135.0,127088,56235.0,14815.0,71,14820.0,126,14825.0,52,14830.0,35,14835.0,16,14840.0,33,14845.0,52,14850.0,83,14855.0,79,14860.0,68,14835.0
br2409,,13:42:34.500#,14735.0,14955.0,14670.0,16050.0,13135.0,127088,56235.0,14815.0,84,14820.0,114,14825.0,51,14830.0,35,14835.0,16,14840.0,33,14845.0,52,14850.0,84,14855.0,91,14860.0,57,14835.0
br2409,,13:42:35.0#,14735.0,14955.0,14670.0,16050.0,13135.0,127088,56235.0,14815.0,60,14820.0,138,14825.0,51,14830.0,40,14835.0,17,14840.0,33,14845.0,52,14850.0,72,14855.0,91,14860.0,69,14835.0
br2409,,13:42:35.500#,14735.0,14955.0,14670.0,16050.0,13135.0,127088,56235.0,14815.0,60,14820.0,148,14825.0,52,14830.0,42,14835.0,18,14840.0,35,14845.0,52,14850.0,93,14855.0,91,14860.0,57,14835.0
br2409,,13:42:36.0#,14735.0,14955.0,14670.0,16050.0,13135.0,127091,56235.0,14815.0,60,14820.0,160,14825.0,52,14830.0,42,14835.0,17,14840.0,34,14845.0,52,14850.0,105,14855.0,91,14860.0,57,14840.0
br2409,,13:42:36.500#,14735.0,14955.0,14670.0,16050.0,13135.0,127092,56235.0,14815.0,60,14820.0,171,14825.0,52,14830.0,43,14835.0,16,14840.0,34,14845.0,52,14850.0,105,14855.0,102,14860.0,57,14835.0
br2409,,13:42:37.0#,14735.0,14955.0,14670.0,16050.0,13135.0,127092,56235.0,14815.0,60,14820.0,171,14825.0,52,14830.0,43,14835.0,16,14840.0,34,14845.0,52,14850.0,105,14855.0,102,14860.0,57,14835.0
br2409,,13:42:37.500#,14735.0,14955.0,14670.0,16050.0,13135.0,127093,56234.0,14815.0,60,14820.0,171,14825.0,52,14830.0,43,14835.0,16,14840.0,33,14845.0,52,14850.0,105,14855.0,102,14860.0,57,14840.0
br2409,,13:42:38.0#,14735.0,14955.0,14670.0,16050.0,13135.0,127096,56237.0,14815.0,48,14820.0,183,14825.0,52,14830.0,43,14835.0,13,14840.0,33,14845.0,52,14850.0,99,14855.0,90,14860.0,69,14835.0
br2409,,13:42:38.500#,14735.0,14955.0,14670.0,16050.0,13135.0,127096,56237.0,14815.0,60,14820.0,171,14825.0,52,14830.0,43,14835.0,13,14840.0,33,14845.0,52,14850.0,99,14855.0,104,14860.0,57,14835.0
br2409,,13:42:39.0#,14735.0,14955.0,14670.0,16050.0,13135.0,127096,56237.0,14815.0,60,14820.0,171,14825.0,52,14830.0,43,14835.0,13,14840.0,34,14845.0,52,14850.0,99,14855.0,104,14860.0,57,14835.0
br2409,,13:42:39.500#,14735.0,14955.0,14670.0,16050.0,13135.0,127096,56237.0,14815.0,60,14820.0,171,14825.0,52,14830.0,43,14835.0,13,14840.0,34,14845.0,52,14850.0,99,14855.0,104,14860.0,57,14835.0
br2409,,13:42:40.0#,14735.0,14955.0,14670.0,16050.0,13135.0,127096,56237.0,14815.0,60,14820.0,171,14825.0,52,14830.0,43,14835.0,13,14840.0,34,14845.0,52,14850.0,99,14855.0,104,14860.0,57,14835.0
br2409,,13:42:40.500#,14735.0,14955.0,14670.0,16050.0,13135.0,127096,56237.0,14815.0,60,14820.0,171,14825.0,52,14830.0,43,14835.0,13,14840.0,34,14845.0,52,14850.0,99,14855.0,104,14860.0,57,14835.0
br2409,,13:42:41.0#,14735.0,14955.0,14670.0,16050.0,13135.0,127096,56237.0,14815.0,60,14820.0,171,14825.0,52,14830.0,43,14835.0,13,14840.0,34,14845.0,52,14850.0,99,14855.0,104,14860.0,57,14835.0
br2409,,13:42:41.500#,14735.0,14955.0,14670.0,16050.0,13135.0,127096,56237.0,14815.0,60,14820.0,171,14825.0,52,14830.0,43,14835.0,15,14840.0,34,14845.0,52,14850.0,99,14855.0,104,14860.0,57,14835.0
br2409,,13:42:42.0#,14735.0,14955.0,14670.0,16050.0,13135.0,127096,56237.0,14815.0,60,14820.0,171,14825.0,52,14830.0,43,14835.0,16,14840.0,34,14845.0,52,14850.0,99,14855.0,104,14860.0,57,14835.0
br2409,,13:42:42.500#,14735.0,14955.0,14670.0,16050.0,13135.0,127096,56237.0,14815.0,60,14820.0,171,14825.0,53,14830.0,43,14835.0,16,14840.0,34,14845.0,52,14850.0,99,14855.0,104,14860.0,57,14835.0
br2409,,13:42:43.0#,14735.0,14955.0,14670.0,16050.0,13135.0,127096,56237.0,14815.0,60,14820.0,171,14825.0,53,14830.0,43,14835.0,14,14840.0,34,14845.0,54,14850.0,99,14855.0,104,14860.0,57,14835.0
br2409,,13:42:43.500#,14735.0,14955.0,14670.0,16050.0,13135.0,127110,56230.0,14810.0,28,14815.0,60,14820.0,171,14825.0,53,14830.0,43,14840.0,35,14845.0,54,14850.0,99,14855.0,104,14860.0,57,14835.0
br2409,,13:42:44.0#,14735.0,14955.0,14670.0,16050.0,13135.0,127110,56230.0,14810.0,31,14815.0,72,14820.0,160,14825.0,53,14830.0,41,14835.0,16,14840.0,36,14845.0,67,14850.0,99,14855.0,92,14835.0
br2409,,13:42:44.500#,14735.0,14955.0,14670.0,16050.0,13135.0,127110,56230.0,14810.0,31,14815.0,83,14820.0,149,14825.0,58,14830.0,36,14835.0,34,14840.0,23,14845.0,62,14850.0,122,14855.0,57,14835.0
br2409,,13:42:45.0#,14735.0,14955.0,14670.0,16050.0,13135.0,127110,56230.0,14810.0,31,14815.0,95,14820.0,137,14825.0,58,14830.0,22,14835.0,36,14840.0,24,14845.0,63,14850.0,109,14855.0,69,14835.0
br2409,,13:42:45.500#,14735.0,14955.0,14670.0,16050.0,13135.0,127110,56230.0,14810.0,51,14815.0,120,14820.0,93,14825.0,58,14830.0,21,14835.0,39,14840.0,24,14845.0,83,14850.0,121,14855.0,49,14835.0
br2409,,13:42:46.0#,14735.0,14955.0,14670.0,16050.0,13135.0,127128,56221.0,14810.0,51,14815.0,120,14820.0,93,14825.0,58,14830.0,1,14835.0,39,14840.0,24,14845.0,83,14850.0,121,14855.0,49,14830.0
br2409,,13:42:46.500#,14735.0,14955.0,14670.0,16050.0,13135.0,127131,56222.0,14805.0,50,14810.0,63,14815.0,108,14820.0,93,14825.0,58,14830.0,13,14835.0,39,14840.0,28,14845.0,84,14850.0,133,14830.0
br2409,,13:42:47.0#,14735.0,14955.0,14670.0,16050.0,13135.0,127132,56222.0,14805.0,50,14810.0,86,14815.0,86,14820.0,85,14825.0,51,14830.0,29,14835.0,26,14840.0,24,14845.0,120,14850.0,74,14825.0
br2409,,13:42:47.500#,14735.0,14955.0,14670.0,16050.0,13135.0,127133,56223.0,14805.0,50,14810.0,99,14815.0,74,14820.0,85,14825.0,49,14830.0,30,14835.0,26,14840.0,24,14845.0,119,14850.0,86,14830.0
br2409,,13:42:48.0#,14735.0,14955.0,14670.0,16050.0,13135.0,127133,56223.0,14805.0,50,14810.0,99,14815.0,74,14820.0,85,14825.0,49,14830.0,31,14835.0,26,14840.0,24,14845.0,131,14850.0,62,14830.0
br2409,,13:42:48.500#,14735.0,14955.0,14670.0,16050.0,13135.0,127134,56223.0,14805.0,50,14810.0,111,14815.0,62,14820.0,85,14825.0,43,14830.0,31,14835.0,26,14840.0,24,14845.0,131,14850.0,74,14825.0
br2409,,13:42:49.0#,14735.0,14955.0,14670.0,16050.0,13135.0,127136,56224.0,14805.0,63,14810.0,99,14815.0,73,14820.0,84,14825.0,41,14830.0,31,14835.0,26,14840.0,25,14845.0,154,14850.0,62,14825.0
br2409,,13:42:49.500#,14735.0,14955.0,14670.0,16050.0,13135.0,127136,56224.0,14805.0,63,14810.0,75,14815.0,97,14820.0,84,14825.0,42,14830.0,31,14835.0,27,14840.0,25,14845.0,154,14850.0,62,14825.0
br2409,,13:42:50.0#,14735.0,14955.0,14670.0,16050.0,13135.0,127137,56224.0,14805.0,63,14810.0,75,14815.0,97,14820.0,84,14825.0,42,14830.0,31,14835.0,27,14840.0,25,14845.0,154,14850.0,62,14825.0
br2409,,13:42:50.500#,14735.0,14955.0,14670.0,16050.0,13135.0,127137,56224.0,14805.0,63,14810.0,75,14815.0,97,14820.0,84,14825.0,42,14830.0,31,14835.0,27,14840.0,27,14845.0,154,14850.0,62,14825.0
br2409,,13:42:51.0#,14735.0,14955.0,14670.0,16050.0,13135.0,127137,56224.0,14805.0,63,14810.0,75,14815.0,109,14820.0,72,14825.0,42,14830.0,31,14835.0,27,14840.0,27,14845.0,154,14850.0,54,14825.0
br2409,,13:42:51.500#,14735.0,14955.0,14670.0,16050.0,13135.0,127138,56224.0,14805.0,63,14810.0,87,14815.0,98,14820.0,72,14825.0,41,14830.0,31,14835.0,27,14840.0,27,14845.0,166,14850.0,42,14825.0
br2409,,13:42:52.0#,14735.0,14955.0,14670.0,16050.0,13135.0,127139,56223.0,14805.0,63,14810.0,87,14815.0,98,14820.0,72,14825.0,41,14830.0,30,14835.0,27,14840.0,27,14845.0,166,14850.0,42,14830.0
br2409,,13:42:52.500#,14735.0,14955.0,14670.0,16050.0,13135.0,127139,56223.0,14805.0,63,14810.0,87,14815.0,98,14820.0,82,14825.0,41,14830.0,30,14835.0,27,14840.0,27,14845.0,166,14850.0,42,14830.0
br2409,,13:42:53.0#,14735.0,14955.0,14670.0,16050.0,13135.0,127139,56223.0,14805.0,63,14810.0,75,14815.0,110,14820.0,82,14825.0,41,14830.0,30,14835.0,27,14840.0,27,14845.0,154,14850.0,54,14830.0
br2409,,13:42:53.500#,14735.0,14955.0,14670.0,16050.0,13135.0,127139,56223.0,14805.0,63,14810.0,75,14815.0,110,14820.0,82,14825.0,41,14830.0,30,14835.0,27,14840.0,27,14845.0,154,14850.0,54,14830.0
br2409,,13:42:54.0#,14735.0,14955.0,14670.0,16050.0,13135.0,127139,56223.0,14805.0,63,14810.0,75,14815.0,110,14820.0,82,14825.0,43,14830.0,30,14835.0,27,14840.0,27,14845.0,154,14850.0,54,14830.0
br2409,,13:42:54.500#,14735.0,14955.0,14670.0,16050.0,13135.0,127139,56223.0,14805.0,63,14810.0,75,14815.0,110,14820.0,82,14825.0,44,14830.0,30,14835.0,27,14840.0,27,14845.0,154,14850.0,54,14830.0
