InstrumentId,ExchangeId,Datetime,OpenPrice,HighestPrice,LowestPrice,UpperLimitPrice,LowerLimitPrice,Volume,OpenInterest,BidPrice5,BidVolume5,BidPrice4,BidVolume4,BidPrice3,BidVolume3,BidPrice2,BidVolume2,BidPrice1,BidVolume1,AskPrice1,AskVolume1,AskPrice2,AskVolume2,AskPrice3,AskVolume3,AskPrice4,AskVolume4,AskPrice5,AskVolume5,LastPrice
br2408,,13:38:35.0#,14805.0,15055.0,14765.0,16175.0,13230.0,13200,9135.0,14925.0,54,14930.0,39,14935.0,6,14940.0,3,14945.0,1,14950.0,5,14955.0,12,14960.0,19,14965.0,63,14970.0,47,14945.0
br2408,,13:38:35.500#,14805.0,15055.0,14765.0,16175.0,13230.0,13201,9135.0,14920.0,61,14925.0,42,14930.0,51,14935.0,2,14940.0,4,14945.0,1,14950.0,8,14955.0,13,14960.0,20,14965.0,52,14945.0
br2408,,13:38:36.0#,14805.0,15055.0,14765.0,16175.0,13230.0,13202,9135.0,14920.0,62,14925.0,41,14930.0,40,14935.0,6,14940.0,3,14950.0,6,14955.0,12,14960.0,19,14965.0,52,14970.0,59,14945.0
br2408,,13:38:36.500#,14805.0,15055.0,14765.0,16175.0,13230.0,13202,9135.0,14920.0,85,14925.0,30,14930.0,40,14935.0,6,14940.0,7,14950.0,6,14955.0,12,14960.0,19,14965.0,40,14970.0,82,14945.0
br2408,,13:38:37.0#,14805.0,15055.0,14765.0,16175.0,13230.0,13202,9135.0,14920.0,85,14925.0,30,14930.0,39,14935.0,6,14940.0,6,14950.0,5,14955.0,12,14960.0,20,14965.0,40,14970.0,82,14945.0
br2408,,13:38:37.500#,14805.0,15055.0,14765.0,16175.0,13230.0,13202,9135.0,14920.0,85,14925.0,30,14930.0,39,14935.0,6,14940.0,6,14950.0,5,14955.0,12,14960.0,20,14965.0,40,14970.0,82,14945.0
br2408,,13:38:38.0#,14805.0,15055.0,14765.0,16175.0,13230.0,13203,9135.0,14920.0,85,14925.0,30,14930.0,39,14935.0,6,14940.0,6,14950.0,5,14955.0,12,14960.0,20,14965.0,40,14970.0,82,14945.0
br2408,,13:38:38.500#,14805.0,15055.0,14765.0,16175.0,13230.0,13203,9135.0,14920.0,97,14925.0,30,14930.0,39,14935.0,6,14940.0,6,14950.0,5,14955.0,12,14960.0,20,14965.0,40,14970.0,94,14945.0
br2408,,13:38:39.0#,14805.0,15055.0,14765.0,16175.0,13230.0,13203,9135.0,14925.0,30,14930.0,39,14935.0,6,14940.0,6,14945.0,1,14950.0,5,14955.0,12,14960.0,20,14965.0,40,14970.0,94,14945.0
br2408,,13:38:39.500#,14805.0,15055.0,14765.0,16175.0,13230.0,13203,9135.0,14920.0,85,14925.0,42,14930.0,39,14935.0,6,14940.0,6,14950.0,4,14955.0,12,14960.0,20,14965.0,40,14970.0,82,14945.0
br2408,,13:38:40.0#,14805.0,15055.0,14765.0,16175.0,13230.0,13203,9135.0,14920.0,85,14925.0,30,14930.0,39,14935.0,6,14940.0,6,14950.0,4,14955.0,12,14960.0,20,14965.0,40,14970.0,82,14945.0
br2408,,13:38:40.500#,14805.0,15055.0,14765.0,16175.0,13230.0,13203,9135.0,14920.0,85,14925.0,30,14930.0,39,14935.0,6,14940.0,6,14950.0,5,14955.0,12,14960.0,20,14965.0,40,14970.0,82,14945.0
br2408,,13:38:41.0#,14805.0,15055.0,14765.0,16175.0,13230.0,13203,9135.0,14920.0,85,14925.0,30,14930.0,39,14935.0,6,14940.0,6,14950.0,5,14955.0,12,14960.0,20,14965.0,40,14970.0,82,14945.0
br2408,,13:38:41.500#,14805.0,15055.0,14765.0,16175.0,13230.0,13203,9135.0,14920.0,97,14925.0,30,14930.0,39,14935.0,6,14940.0,6,14950.0,5,14955.0,12,14960.0,20,14965.0,40,14970.0,94,14945.0
br2408,,13:38:42.0#,14805.0,15055.0,14765.0,16175.0,13230.0,13203,9135.0,14920.0,97,14925.0,30,14930.0,39,14935.0,6,14940.0,6,14950.0,5,14955.0,12,14960.0,20,14965.0,40,14970.0,94,14945.0
br2408,,13:38:42.500#,14805.0,15055.0,14765.0,16175.0,13230.0,13203,9135.0,14920.0,97,14925.0,30,14930.0,39,14935.0,6,14940.0,6,14950.0,5,14955.0,12,14960.0,20,14965.0,40,14970.0,94,14945.0
br2408,,13:38:43.0#,14805.0,15055.0,14765.0,16175.0,13230.0,13203,9135.0,14920.0,97,14925.0,30,14930.0,39,14935.0,6,14940.0,6,14950.0,5,14955.0,12,14960.0,20,14965.0,40,14970.0,94,14945.0
br2408,,13:38:43.500#,14805.0,15055.0,14765.0,16175.0,13230.0,13203,9135.0,14920.0,97,14925.0,30,14930.0,39,14935.0,6,14940.0,6,14950.0,5,14955.0,12,14960.0,20,14965.0,40,14970.0,94,14945.0
br2408,,13:38:44.0#,14805.0,15055.0,14765.0,16175.0,13230.0,13203,9135.0,14920.0,97,14925.0,30,14930.0,39,14935.0,6,14940.0,6,14950.0,5,14955.0,12,14960.0,20,14965.0,40,14970.0,94,14945.0
br2408,,13:38:44.500#,14805.0,15055.0,14765.0,16175.0,13230.0,13203,9135.0,14920.0,97,14925.0,30,14930.0,39,14935.0,6,14940.0,6,14950.0,5,14955.0,12,14960.0,20,14965.0,40,14970.0,94,14945.0
br2408,,13:38:45.0#,14805.0,15055.0,14765.0,16175.0,13230.0,13203,9135.0,14925.0,30,14930.0,39,14935.0,6,14940.0,6,14945.0,1,14950.0,5,14955.0,12,14960.0,20,14965.0,40,14970.0,94,14945.0
br2408,,13:38:45.500#,14805.0,15055.0,14765.0,16175.0,13230.0,13203,9135.0,14920.0,85,14925.0,42,14930.0,39,14935.0,6,14940.0,6,14950.0,4,14955.0,12,14960.0,20,14965.0,40,14970.0,82,14945.0
br2408,,13:38:46.0#,14805.0,15055.0,14765.0,16175.0,13230.0,13203,9135.0,14925.0,30,14930.0,39,14935.0,6,14940.0,6,14945.0,1,14950.0,4,14955.0,12,14960.0,20,14965.0,40,14970.0,82,14945.0
br2408,,13:38:46.500#,14805.0,15055.0,14765.0,16175.0,13230.0,13203,9135.0,14920.0,73,14925.0,42,14930.0,39,14935.0,6,14940.0,6,14950.0,4,14955.0,12,14960.0,20,14965.0,40,14970.0,70,14945.0
br2408,,13:38:47.0#,14805.0,15055.0,14765.0,16175.0,13230.0,13203,9135.0,14920.0,85,14925.0,30,14930.0,39,14935.0,6,14940.0,6,14950.0,4,14955.0,12,14960.0,20,14965.0,40,14970.0,82,14945.0
br2408,,13:38:47.500#,14805.0,15055.0,14765.0,16175.0,13230.0,13203,9135.0,14920.0,85,14925.0,30,14930.0,39,14935.0,5,14940.0,6,14950.0,4,14955.0,12,14960.0,19,14965.0,40,14970.0,82,14945.0
br2408,,13:38:48.0#,14805.0,15055.0,14765.0,16175.0,13230.0,13203,9135.0,14920.0,97,14925.0,30,14930.0,39,14935.0,6,14940.0,6,14950.0,4,14955.0,12,14960.0,20,14965.0,40,14970.0,94,14945.0
br2408,,13:38:48.500#,14805.0,15055.0,14765.0,16175.0,13230.0,13203,9135.0,14920.0,97,14925.0,30,14930.0,39,14935.0,6,14940.0,6,14950.0,4,14955.0,12,14960.0,20,14965.0,40,14970.0,94,14945.0
br2408,,13:38:49.0#,14805.0,15055.0,14765.0,16175.0,13230.0,13203,9135.0,14920.0,97,14925.0,30,14930.0,39,14935.0,6,14940.0,6,14950.0,4,14955.0,12,14960.0,20,14965.0,40,14970.0,94,14945.0
br2408,,13:38:49.500#,14805.0,15055.0,14765.0,16175.0,13230.0,13203,9135.0,14920.0,97,14925.0,30,14930.0,39,14935.0,6,14940.0,6,14950.0,4,14955.0,12,14960.0,20,14965.0,40,14970.0,94,14945.0
br2408,,13:38:50.0#,14805.0,15055.0,14765.0,16175.0,13230.0,13203,9135.0,14920.0,97,14925.0,30,14930.0,39,14935.0,6,14940.0,6,14950.0,4,14955.0,12,14960.0,20,14965.0,40,14970.0,94,14945.0
br2408,,13:38:51.0#,14805.0,15055.0,14765.0,16175.0,13230.0,13203,9135.0,14920.0,86,14925.0,29,14930.0,39,14935.0,6,14940.0,6,14950.0,5,14955.0,12,14960.0,20,14965.0,40,14970.0,83,14945.0
br2408,,13:38:51.500#,14805.0,15055.0,14765.0,16175.0,13230.0,13203,9135.0,14920.0,97,14925.0,30,14930.0,39,14935.0,6,14940.0,6,14950.0,5,14955.0,12,14960.0,20,14965.0,40,14970.0,94,14945.0
br2408,,13:38:52.0#,14805.0,15055.0,14765.0,16175.0,13230.0,13203,9135.0,14920.0,97,14925.0,30,14930.0,39,14935.0,6,14940.0,6,14950.0,5,14955.0,12,14960.0,20,14965.0,40,14970.0,94,14945.0
br2408,,13:38:52.500#,14805.0,15055.0,14765.0,16175.0,13230.0,13203,9135.0,14920.0,97,14925.0,30,14930.0,39,14935.0,6,14940.0,6,14950.0,5,14955.0,12,14960.0,20,14965.0,40,14970.0,94,14945.0
br2408,,13:38:53.0#,14805.0,15055.0,14765.0,16175.0,13230.0,13203,9135.0,14925.0,30,14930.0,39,14935.0,6,14940.0,6,14945.0,1,14950.0,5,14955.0,12,14960.0,20,14965.0,40,14970.0,94,14945.0
br2408,,13:38:53.500#,14805.0,15055.0,14765.0,16175.0,13230.0,13203,9135.0,14925.0,42,14930.0,38,14935.0,6,14940.0,6,14945.0,1,14950.0,4,14955.0,12,14960.0,20,14965.0,40,14970.0,82,14945.0
br2408,,13:38:54.0#,14805.0,15055.0,14765.0,16175.0,13230.0,13203,9135.0,14920.0,73,14925.0,42,14930.0,39,14935.0,5,14940.0,6,14950.0,4,14955.0,12,14960.0,19,14965.0,40,14970.0,70,14945.0
br2408,,13:38:54.500#,14805.0,15055.0,14765.0,16175.0,13230.0,13203,9135.0,14920.0,85,14925.0,30,14930.0,39,14935.0,6,14940.0,6,14950.0,5,14955.0,12,14960.0,20,14965.0,40,14970.0,82,14945.0
br2408,,13:38:55.0#,14805.0,15055.0,14765.0,16175.0,13230.0,13203,9135.0,14920.0,85,14925.0,30,14930.0,39,14935.0,5,14940.0,6,14950.0,5,14955.0,12,14960.0,19,14965.0,40,14970.0,82,14945.0
br2408,,13:38:55.500#,14805.0,15055.0,14765.0,16175.0,13230.0,13203,9135.0,14920.0,85,14925.0,30,14930.0,39,14935.0,6,14940.0,6,14950.0,5,14955.0,12,14960.0,20,14965.0,40,14970.0,82,14945.0
br2408,,13:38:56.0#,14805.0,15055.0,14765.0,16175.0,13230.0,13203,9135.0,14920.0,85,14925.0,30,14930.0,39,14935.0,6,14940.0,6,14950.0,5,14955.0,12,14960.0,20,14965.0,40,14970.0,82,14945.0
br2408,,13:38:56.500#,14805.0,15055.0,14765.0,16175.0,13230.0,13203,9135.0,14920.0,97,14925.0,30,14930.0,39,14935.0,6,14940.0,6,14950.0,5,14955.0,12,14960.0,20,14965.0,40,14970.0,94,14945.0
br2408,,13:38:57.0#,14805.0,15055.0,14765.0,16175.0,13230.0,13203,9135.0,14920.0,85,14925.0,30,14930.0,39,14935.0,6,14940.0,6,14950.0,5,14955.0,12,14960.0,20,14965.0,40,14970.0,82,14945.0
br2408,,13:38:57.500#,14805.0,15055.0,14765.0,16175.0,13230.0,13203,9135.0,14920.0,97,14925.0,30,14930.0,39,14935.0,6,14940.0,6,14950.0,5,14955.0,12,14960.0,20,14965.0,40,14970.0,94,14945.0
br2408,,13:38:58.0#,14805.0,15055.0,14765.0,16175.0,13230.0,13203,9135.0,14920.0,97,14925.0,30,14930.0,39,14935.0,6,14940.0,6,14950.0,5,14955.0,12,14960.0,20,14965.0,42,14970.0,94,14945.0
br2408,,13:38:58.500#,14805.0,15055.0,14765.0,16175.0,13230.0,13203,9135.0,14920.0,97,14925.0,30,14930.0,39,14935.0,6,14940.0,6,14950.0,5,14955.0,12,14960.0,20,14965.0,42,14970.0,94,14945.0
br2408,,13:38:59.0#,14805.0,15055.0,14765.0,16175.0,13230.0,13203,9135.0,14920.0,97,14925.0,30,14930.0,39,14935.0,6,14940.0,6,14950.0,5,14955.0,12,14960.0,20,14965.0,42,14970.0,94,14945.0
br2408,,13:38:59.500#,14805.0,15055.0,14765.0,16175.0,13230.0,13203,9135.0,14920.0,97,14925.0,30,14930.0,39,14935.0,6,14940.0,6,14950.0,5,14955.0,12,14960.0,20,14965.0,42,14970.0,94,14945.0
br2408,,13:39:00.0#,14805.0,15055.0,14765.0,16175.0,13230.0,13203,9135.0,14920.0,97,14925.0,30,14930.0,39,14935.0,6,14940.0,6,14950.0,5,14955.0,12,14960.0,20,14965.0,42,14970.0,94,14945.0
br2408,,13:39:00.500#,14805.0,15055.0,14765.0,16175.0,13230.0,13203,9135.0,14920.0,97,14925.0,30,14930.0,39,14935.0,6,14940.0,6,14950.0,5,14955.0,12,14960.0,20,14965.0,42,14970.0,94,14945.0
br2408,,13:39:01.500#,14805.0,15055.0,14765.0,16175.0,13230.0,13203,9135.0,14920.0,97,14925.0,30,14930.0,39,14935.0,6,14940.0,6,14950.0,5,14955.0,12,14960.0,20,14965.0,42,14970.0,94,14945.0
br2408,,13:39:02.0#,14805.0,15055.0,14765.0,16175.0,13230.0,13203,9135.0,14920.0,86,14925.0,29,14930.0,39,14935.0,6,14940.0,6,14950.0,5,14955.0,12,14960.0,20,14965.0,42,14970.0,94,14945.0
br2408,,13:39:02.500#,14805.0,15055.0,14765.0,16175.0,13230.0,13203,9135.0,14920.0,97,14925.0,30,14930.0,39,14935.0,6,14940.0,6,14945.0,1,14950.0,14,14955.0,12,14960.0,20,14965.0,42,14945.0
br2408,,13:39:03.0#,14805.0,15055.0,14765.0,16175.0,13230.0,13203,9135.0,14920.0,97,14925.0,30,14930.0,40,14935.0,2,14940.0,3,14950.0,10,14955.0,12,14960.0,19,14965.0,42,14970.0,94,14945.0
br2408,,13:39:03.500#,14805.0,15055.0,14765.0,16175.0,13230.0,13203,9135.0,14920.0,74,14925.0,30,14930.0,40,14935.0,2,14940.0,2,14945.0,1,14950.0,25,14955.0,12,14960.0,19,14965.0,53,14945.0
br2408,,13:39:04.0#,14805.0,15055.0,14765.0,16175.0,13230.0,13203,9135.0,14920.0,85,14925.0,40,14930.0,31,14935.0,2,14940.0,1,14945.0,3,14950.0,16,14955.0,21,14960.0,9,14965.0,66,14945.0
br2408,,13:39:04.500#,14805.0,15055.0,14765.0,16175.0,13230.0,13204,9136.0,14915.0,23,14920.0,88,14925.0,15,14930.0,31,14935.0,2,14945.0,3,14950.0,16,14955.0,21,14960.0,34,14965.0,63,14940.0
br2408,,13:39:05.0#,14805.0,15055.0,14765.0,16175.0,13230.0,13204,9136.0,14915.0,23,14920.0,84,14925.0,16,14930.0,31,14935.0,4,14945.0,4,14950.0,16,14955.0,20,14960.0,34,14965.0,75,14940.0
br2408,,13:39:05.500#,14805.0,15055.0,14765.0,16175.0,13230.0,13204,9136.0,14915.0,23,14920.0,84,14925.0,15,14930.0,31,14935.0,5,14945.0,3,14950.0,16,14955.0,21,14960.0,34,14965.0,75,14940.0
br2408,,13:39:06.0#,14805.0,15055.0,14765.0,16175.0,13230.0,13204,9136.0,14915.0,23,14920.0,84,14925.0,15,14930.0,31,14935.0,5,14945.0,3,14950.0,16,14955.0,21,14960.0,33,14965.0,76,14940.0
br2408,,13:39:06.500#,14805.0,15055.0,14765.0,16175.0,13230.0,13204,9136.0,14920.0,84,14925.0,15,14930.0,31,14935.0,9,14940.0,1,14945.0,2,14950.0,6,14955.0,21,14960.0,35,14965.0,87,14940.0
br2408,,13:39:07.0#,14805.0,15055.0,14765.0,16175.0,13230.0,13204,9136.0,14920.0,84,14925.0,6,14930.0,40,14935.0,5,14940.0,1,14945.0,2,14950.0,10,14955.0,12,14960.0,44,14965.0,99,14940.0
br2408,,13:39:07.500#,14805.0,15055.0,14765.0,16175.0,13230.0,13204,9136.0,14915.0,23,14920.0,84,14925.0,6,14930.0,40,14935.0,5,14945.0,2,14950.0,10,14955.0,12,14960.0,44,14965.0,87,14940.0
br2408,,13:39:08.0#,14805.0,15055.0,14765.0,16175.0,13230.0,13204,9136.0,14915.0,23,14920.0,84,14925.0,15,14930.0,31,14935.0,5,14945.0,2,14950.0,10,14955.0,21,14960.0,35,14965.0,87,14940.0
br2408,,13:39:08.500#,14805.0,15055.0,14765.0,16175.0,13230.0,13204,9136.0,14915.0,23,14920.0,84,14925.0,15,14930.0,30,14935.0,5,14945.0,3,14950.0,10,14955.0,20,14960.0,34,14965.0,87,14940.0
br2408,,13:39:09.0#,14805.0,15055.0,14765.0,16175.0,13230.0,13204,9136.0,14915.0,23,14920.0,84,14925.0,15,14930.0,31,14935.0,5,14945.0,3,14950.0,10,14955.0,21,14960.0,34,14965.0,87,14940.0
br2408,,13:39:09.500#,14805.0,15055.0,14765.0,16175.0,13230.0,13204,9136.0,14915.0,23,14920.0,84,14925.0,15,14930.0,30,14935.0,5,14945.0,3,14950.0,10,14955.0,20,14960.0,34,14965.0,87,14940.0
br2408,,13:39:10.0#,14805.0,15055.0,14765.0,16175.0,13230.0,13204,9136.0,14915.0,35,14920.0,84,14925.0,15,14930.0,31,14935.0,5,14945.0,3,14950.0,10,14955.0,21,14960.0,34,14965.0,99,14940.0
br2408,,13:39:10.500#,14805.0,15055.0,14765.0,16175.0,13230.0,13204,9136.0,14915.0,35,14920.0,84,14925.0,15,14930.0,31,14935.0,5,14945.0,3,14950.0,10,14955.0,21,14960.0,34,14965.0,99,14940.0
br2408,,13:39:11.0#,14805.0,15055.0,14765.0,16175.0,13230.0,13204,9136.0,14915.0,24,14920.0,84,14925.0,15,14930.0,31,14935.0,5,14945.0,3,14950.0,10,14955.0,21,14960.0,34,14965.0,99,14940.0
br2408,,13:39:11.500#,14805.0,15055.0,14765.0,16175.0,13230.0,13204,9136.0,14915.0,35,14920.0,84,14925.0,15,14930.0,31,14935.0,5,14945.0,3,14950.0,10,14955.0,21,14960.0,34,14965.0,99,14940.0
br2408,,13:39:12.0#,14805.0,15055.0,14765.0,16175.0,13230.0,13204,9136.0,14915.0,39,14920.0,84,14925.0,15,14930.0,27,14935.0,5,14945.0,7,14950.0,10,14955.0,21,14960.0,34,14965.0,99,14940.0
br2408,,13:39:12.500#,14805.0,15055.0,14765.0,16175.0,13230.0,13204,9136.0,14915.0,63,14920.0,60,14925.0,16,14930.0,31,14935.0,4,14945.0,4,14950.0,10,14955.0,20,14960.0,33,14965.0,88,14940.0
br2408,,13:39:13.0#,14805.0,15055.0,14765.0,16175.0,13230.0,13204,9136.0,14920.0,60,14925.0,15,14930.0,31,14935.0,5,14940.0,1,14945.0,3,14950.0,10,14955.0,21,14960.0,34,14965.0,99,14940.0
br2408,,13:39:13.500#,14805.0,15055.0,14765.0,16175.0,13230.0,13204,9136.0,14915.0,63,14920.0,60,14925.0,15,14930.0,31,14935.0,5,14945.0,3,14950.0,10,14955.0,21,14960.0,34,14965.0,99,14940.0
br2408,,13:39:14.0#,14805.0,15055.0,14765.0,16175.0,13230.0,13204,9136.0,14915.0,51,14920.0,60,14925.0,15,14930.0,31,14935.0,5,14945.0,3,14950.0,10,14955.0,21,14960.0,34,14965.0,87,14940.0
br2408,,13:39:15.0#,14805.0,15055.0,14765.0,16175.0,13230.0,13204,9136.0,14915.0,51,14920.0,60,14925.0,15,14930.0,31,14935.0,5,14945.0,3,14950.0,10,14955.0,21,14960.0,34,14965.0,87,14940.0
br2408,,13:39:15.500#,14805.0,15055.0,14765.0,16175.0,13230.0,13205,9136.0,14915.0,40,14920.0,60,14925.0,15,14930.0,31,14935.0,5,14945.0,2,14950.0,10,14955.0,21,14960.0,34,14965.0,87,14945.0
br2408,,13:39:16.0#,14805.0,15055.0,14765.0,16175.0,13230.0,13205,9136.0,14915.0,63,14920.0,60,14925.0,15,14930.0,31,14935.0,5,14945.0,2,14950.0,10,14955.0,21,14960.0,34,14965.0,99,14945.0
br2408,,13:39:16.500#,14805.0,15055.0,14765.0,16175.0,13230.0,13205,9136.0,14915.0,63,14920.0,60,14925.0,15,14930.0,31,14935.0,5,14945.0,2,14950.0,10,14955.0,21,14960.0,34,14965.0,99,14945.0
br2408,,13:39:17.0#,14805.0,15055.0,14765.0,16175.0,13230.0,13205,9136.0,14915.0,63,14920.0,60,14925.0,15,14930.0,31,14935.0,5,14945.0,2,14950.0,10,14955.0,21,14960.0,34,14965.0,99,14945.0
br2408,,13:39:18.0#,14805.0,15055.0,14765.0,16175.0,13230.0,13205,9136.0,14915.0,63,14920.0,60,14925.0,15,14930.0,31,14935.0,5,14945.0,2,14950.0,10,14955.0,21,14960.0,34,14965.0,99,14945.0
br2408,,13:39:18.500#,14805.0,15055.0,14765.0,16175.0,13230.0,13205,9136.0,14915.0,63,14920.0,60,14925.0,15,14930.0,31,14935.0,5,14945.0,2,14950.0,10,14955.0,21,14960.0,34,14965.0,99,14945.0
br2408,,13:39:19.0#,14805.0,15055.0,14765.0,16175.0,13230.0,13205,9136.0,14915.0,63,14920.0,60,14925.0,15,14930.0,31,14935.0,5,14945.0,2,14950.0,10,14955.0,21,14960.0,34,14965.0,99,14945.0
br2408,,13:39:19.500#,14805.0,15055.0,14765.0,16175.0,13230.0,13205,9136.0,14915.0,63,14920.0,60,14925.0,15,14930.0,31,14935.0,5,14945.0,2,14950.0,10,14955.0,21,14960.0,34,14965.0,99,14945.0
br2408,,13:39:20.0#,14805.0,15055.0,14765.0,16175.0,13230.0,13205,9136.0,14915.0,63,14920.0,60,14925.0,15,14930.0,31,14935.0,5,14945.0,2,14950.0,10,14955.0,21,14960.0,34,14965.0,99,14945.0
br2408,,13:39:21.0#,14805.0,15055.0,14765.0,16175.0,13230.0,13205,9136.0,14915.0,63,14920.0,60,14925.0,15,14930.0,31,14935.0,5,14945.0,2,14950.0,10,14955.0,21,14960.0,34,14965.0,99,14945.0
br2408,,13:39:21.500#,14805.0,15055.0,14765.0,16175.0,13230.0,13205,9136.0,14915.0,63,14920.0,60,14925.0,15,14930.0,31,14935.0,5,14945.0,2,14950.0,10,14955.0,21,14960.0,47,14965.0,88,14945.0
br2408,,13:39:22.0#,14805.0,15055.0,14765.0,16175.0,13230.0,13205,9136.0,14915.0,63,14920.0,60,14925.0,15,14930.0,31,14935.0,5,14945.0,2,14950.0,10,14955.0,21,14960.0,49,14965.0,88,14945.0
br2408,,13:39:22.500#,14805.0,15055.0,14765.0,16175.0,13230.0,13205,9136.0,14915.0,63,14920.0,60,14925.0,15,14930.0,31,14935.0,5,14945.0,2,14950.0,10,14955.0,21,14960.0,49,14965.0,88,14945.0
br2408,,13:39:23.0#,14805.0,15055.0,14765.0,16175.0,13230.0,13205,9136.0,14915.0,63,14920.0,60,14925.0,15,14930.0,31,14935.0,5,14945.0,2,14950.0,10,14955.0,21,14960.0,49,14965.0,88,14945.0
br2408,,13:39:24.0#,14805.0,15055.0,14765.0,16175.0,13230.0,13205,9136.0,14915.0,63,14920.0,60,14925.0,15,14930.0,31,14935.0,5,14945.0,2,14950.0,10,14955.0,21,14960.0,49,14965.0,88,14945.0
br2408,,13:39:24.500#,14805.0,15055.0,14765.0,16175.0,13230.0,13205,9136.0,14915.0,63,14920.0,60,14925.0,15,14930.0,31,14935.0,5,14945.0,2,14950.0,10,14955.0,21,14960.0,49,14965.0,88,14945.0
br2408,,13:39:25.0#,14805.0,15055.0,14765.0,16175.0,13230.0,13205,9136.0,14915.0,63,14920.0,60,14925.0,15,14930.0,31,14935.0,5,14945.0,2,14950.0,10,14955.0,21,14960.0,49,14965.0,88,14945.0
br2408,,13:39:25.500#,14805.0,15055.0,14765.0,16175.0,13230.0,13206,9136.0,14915.0,63,14920.0,60,14925.0,15,14930.0,31,14935.0,5,14945.0,1,14950.0,10,14955.0,21,14960.0,50,14965.0,88,14945.0
br2408,,13:39:26.0#,14805.0,15055.0,14765.0,16175.0,13230.0,13208,9135.0,14915.0,52,14920.0,71,14925.0,15,14930.0,31,14935.0,7,14945.0,1,14950.0,10,14955.0,21,14960.0,50,14965.0,77,14945.0
br2408,,13:39:26.500#,14805.0,15055.0,14765.0,16175.0,13230.0,13209,9136.0,14915.0,28,14920.0,83,14925.0,15,14930.0,30,14935.0,5,14950.0,10,14955.0,20,14960.0,50,14965.0,65,14970.0,31,14945.0
br2408,,13:39:27.0#,14805.0,15055.0,14765.0,16175.0,13230.0,13209,9136.0,14920.0,84,14925.0,15,14930.0,31,14935.0,7,14940.0,1,14945.0,1,14950.0,9,14955.0,21,14960.0,39,14965.0,100,14945.0
br2408,,13:39:27.500#,14805.0,15055.0,14765.0,16175.0,13230.0,13210,9136.0,14920.0,71,14925.0,39,14930.0,31,14935.0,7,14940.0,5,14950.0,8,14955.0,21,14960.0,25,14965.0,78,14970.0,19,14945.0
br2408,,13:39:28.0#,14805.0,15055.0,14765.0,16175.0,13230.0,13210,9136.0,14925.0,42,14930.0,31,14935.0,12,14940.0,6,14945.0,1,14950.0,4,14955.0,10,14960.0,25,14965.0,55,14970.0,42,14945.0
br2408,,13:39:28.500#,14805.0,15055.0,14765.0,16175.0,13230.0,13214,9136.0,14925.0,42,14930.0,30,14935.0,21,14940.0,11,14945.0,5,14955.0,5,14960.0,27,14965.0,41,14970.0,59,14975.0,27,14950.0
br2408,,13:39:29.0#,14805.0,15055.0,14765.0,16175.0,13230.0,13214,9136.0,14930.0,66,14935.0,19,14940.0,12,14945.0,6,14950.0,1,14955.0,5,14960.0,24,14965.0,17,14970.0,74,14975.0,26,14950.0
br2408,,13:39:29.500#,14805.0,15055.0,14765.0,16175.0,13230.0,13216,9135.0,14925.0,16,14930.0,65,14935.0,32,14940.0,12,14945.0,7,14955.0,4,14960.0,24,14965.0,17,14970.0,50,14975.0,50,14955.0
br2408,,13:39:30.0#,14805.0,15055.0,14765.0,16175.0,13230.0,13216,9135.0,14925.0,27,14930.0,78,14935.0,20,14940.0,8,14945.0,7,14955.0,8,14960.0,25,14965.0,17,14970.0,38,14975.0,62,14955.0
br2408,,13:39:30.500#,14805.0,15055.0,14765.0,16175.0,13230.0,13216,9135.0,14925.0,27,14930.0,78,14935.0,21,14940.0,7,14945.0,7,14955.0,8,14960.0,26,14965.0,16,14970.0,38,14975.0,62,14955.0
br2408,,13:39:31.0#,14805.0,15055.0,14765.0,16175.0,13230.0,13216,9135.0,14925.0,39,14930.0,78,14935.0,21,14940.0,11,14945.0,7,14955.0,4,14960.0,26,14965.0,16,14970.0,37,14975.0,51,14955.0
br2408,,13:39:31.500#,14805.0,15055.0,14765.0,16175.0,13230.0,13216,9135.0,14925.0,39,14930.0,78,14935.0,20,14940.0,12,14945.0,7,14955.0,4,14960.0,25,14965.0,17,14970.0,38,14975.0,62,14955.0
br2408,,13:39:32.500#,14805.0,15055.0,14765.0,16175.0,13230.0,13216,9135.0,14925.0,62,14930.0,78,14935.0,20,14940.0,12,14945.0,8,14955.0,4,14960.0,26,14965.0,17,14970.0,38,14975.0,85,14955.0
br2408,,13:39:33.0#,14805.0,15055.0,14765.0,16175.0,13230.0,13216,9135.0,14925.0,62,14930.0,78,14935.0,20,14940.0,12,14945.0,8,14955.0,4,14960.0,26,14965.0,17,14970.0,38,14975.0,85,14955.0
br2408,,13:39:33.500#,14805.0,15055.0,14765.0,16175.0,13230.0,13216,9135.0,14925.0,51,14930.0,78,14935.0,20,14940.0,12,14945.0,8,14955.0,4,14960.0,26,14965.0,17,14970.0,38,14975.0,85,14955.0
br2408,,13:39:34.0#,14805.0,15055.0,14765.0,16175.0,13230.0,13216,9135.0,14925.0,62,14930.0,78,14935.0,20,14940.0,12,14945.0,8,14955.0,4,14960.0,26,14965.0,17,14970.0,38,14975.0,85,14955.0
br2408,,13:39:34.500#,14805.0,15055.0,14765.0,16175.0,13230.0,13216,9135.0,14925.0,62,14930.0,78,14935.0,20,14940.0,12,14945.0,8,14955.0,4,14960.0,26,14965.0,17,14970.0,38,14975.0,85,14955.0
br2408,,13:39:35.0#,14805.0,15055.0,14765.0,16175.0,13230.0,13216,9135.0,14925.0,39,14930.0,77,14935.0,20,14940.0,11,14945.0,8,14955.0,4,14960.0,26,14965.0,16,14970.0,38,14975.0,62,14955.0
br2408,,13:39:35.500#,14805.0,15055.0,14765.0,16175.0,13230.0,13216,9135.0,14925.0,62,14930.0,78,14935.0,20,14940.0,12,14945.0,8,14955.0,4,14960.0,26,14965.0,17,14970.0,38,14975.0,85,14955.0
br2408,,13:39:36.0#,14805.0,15055.0,14765.0,16175.0,13230.0,13216,9135.0,14925.0,62,14930.0,78,14935.0,20,14940.0,12,14945.0,8,14955.0,4,14960.0,26,14965.0,17,14970.0,38,14975.0,85,14955.0
br2408,,13:39:36.500#,14805.0,15055.0,14765.0,16175.0,13230.0,13216,9135.0,14925.0,62,14930.0,78,14935.0,20,14940.0,12,14945.0,8,14955.0,4,14960.0,26,14965.0,17,14970.0,38,14975.0,85,14955.0
br2408,,13:39:37.0#,14805.0,15055.0,14765.0,16175.0,13230.0,13216,9135.0,14925.0,62,14930.0,78,14935.0,20,14940.0,12,14945.0,8,14955.0,4,14960.0,26,14965.0,17,14970.0,38,14975.0,85,14955.0
br2408,,13:39:37.500#,14805.0,15055.0,14765.0,16175.0,13230.0,13216,9135.0,14930.0,78,14935.0,20,14940.0,12,14945.0,8,14950.0,1,14955.0,4,14960.0,26,14965.0,17,14970.0,38,14975.0,85,14955.0
br2408,,13:39:38.0#,14805.0,15055.0,14765.0,16175.0,13230.0,13218,9136.0,14930.0,78,14935.0,20,14940.0,12,14945.0,8,14950.0,1,14960.0,25,14965.0,17,14970.0,38,14975.0,85,14980.0,15,14955.0
br2408,,13:39:38.500#,14805.0,15055.0,14765.0,16175.0,13230.0,13218,9136.0,14930.0,52,14935.0,47,14940.0,21,14945.0,8,14950.0,4,14960.0,25,14965.0,8,14970.0,23,14975.0,75,14980.0,26,14955.0
br2408,,13:39:39.0#,14805.0,15055.0,14765.0,16175.0,13230.0,13218,9136.0,14930.0,76,14935.0,47,14940.0,21,14945.0,8,14950.0,5,14960.0,25,14965.0,8,14970.0,22,14975.0,51,14980.0,50,14955.0
br2408,,13:39:39.500#,14805.0,15055.0,14765.0,16175.0,13230.0,13218,9136.0,14930.0,76,14935.0,47,14940.0,21,14945.0,8,14950.0,5,14960.0,25,14965.0,8,14970.0,22,14975.0,51,14980.0,50,14955.0
br2408,,13:39:40.0#,14805.0,15055.0,14765.0,16175.0,13230.0,13218,9136.0,14930.0,76,14935.0,47,14940.0,21,14945.0,7,14950.0,6,14960.0,25,14965.0,8,14970.0,22,14975.0,51,14980.0,50,14955.0
br2408,,13:39:40.500#,14805.0,15055.0,14765.0,16175.0,13230.0,13218,9136.0,14930.0,88,14935.0,47,14940.0,21,14945.0,11,14950.0,6,14960.0,21,14965.0,8,14970.0,22,14975.0,53,14980.0,51,14955.0
br2408,,13:39:41.0#,14805.0,15055.0,14765.0,16175.0,13230.0,13218,9136.0,14930.0,88,14935.0,47,14940.0,21,14945.0,11,14950.0,6,14960.0,21,14965.0,8,14970.0,22,14975.0,54,14980.0,62,14955.0
br2408,,13:39:41.500#,14805.0,15055.0,14765.0,16175.0,13230.0,13218,9136.0,14930.0,77,14935.0,47,14940.0,21,14945.0,11,14950.0,6,14960.0,21,14965.0,8,14970.0,22,14975.0,54,14980.0,62,14955.0
br2408,,13:39:42.0#,14805.0,15055.0,14765.0,16175.0,13230.0,13218,9136.0,14930.0,88,14935.0,47,14940.0,21,14945.0,11,14950.0,6,14960.0,21,14965.0,8,14970.0,22,14975.0,54,14980.0,62,14955.0
br2408,,13:39:42.500#,14805.0,15055.0,14765.0,16175.0,13230.0,13218,9136.0,14930.0,88,14935.0,47,14940.0,21,14945.0,11,14950.0,6,14960.0,21,14965.0,8,14970.0,22,14975.0,54,14980.0,62,14955.0
br2408,,13:39:43.500#,14805.0,15055.0,14765.0,16175.0,13230.0,13218,9136.0,14930.0,88,14935.0,47,14940.0,21,14945.0,7,14950.0,6,14960.0,25,14965.0,8,14970.0,22,14975.0,54,14980.0,62,14955.0
br2408,,13:39:44.0#,14805.0,15055.0,14765.0,16175.0,13230.0,13218,9136.0,14930.0,88,14935.0,47,14940.0,21,14945.0,7,14950.0,6,14960.0,25,14965.0,8,14970.0,22,14975.0,54,14980.0,62,14955.0
br2408,,13:39:44.500#,14805.0,15055.0,14765.0,16175.0,13230.0,13218,9136.0,14930.0,88,14935.0,47,14940.0,21,14945.0,11,14950.0,6,14960.0,21,14965.0,4,14970.0,22,14975.0,53,14980.0,51,14955.0
br2408,,13:39:45.0#,14805.0,15055.0,14765.0,16175.0,13230.0,13218,9136.0,14930.0,88,14935.0,47,14940.0,21,14945.0,11,14950.0,7,14960.0,20,14965.0,8,14970.0,22,14975.0,55,14980.0,62,14955.0
br2408,,13:39:45.500#,14805.0,15055.0,14765.0,16175.0,13230.0,13218,9136.0,14930.0,88,14935.0,47,14940.0,21,14945.0,11,14950.0,7,14960.0,20,14965.0,8,14970.0,22,14975.0,44,14980.0,73,14955.0
br2408,,13:39:46.0#,14805.0,15055.0,14765.0,16175.0,13230.0,13218,9136.0,14930.0,111,14935.0,35,14940.0,21,14945.0,7,14950.0,6,14960.0,25,14965.0,8,14970.0,22,14975.0,31,14980.0,85,14955.0
br2408,,13:39:46.500#,14805.0,15055.0,14765.0,16175.0,13230.0,13218,9136.0,14930.0,100,14935.0,35,14940.0,21,14945.0,7,14950.0,6,14960.0,25,14965.0,8,14970.0,22,14975.0,42,14980.0,74,14955.0
br2408,,13:39:47.0#,14805.0,15055.0,14765.0,16175.0,13230.0,13218,9136.0,14930.0,88,14935.0,47,14940.0,21,14945.0,7,14950.0,6,14960.0,25,14965.0,8,14970.0,22,14975.0,54,14980.0,62,14955.0
br2408,,13:39:47.500#,14805.0,15055.0,14765.0,16175.0,13230.0,13218,9136.0,14930.0,88,14935.0,47,14940.0,21,14945.0,7,14950.0,6,14960.0,25,14965.0,8,14970.0,22,14975.0,54,14980.0,62,14955.0
br2408,,13:39:48.0#,14805.0,15055.0,14765.0,16175.0,13230.0,13218,9136.0,14930.0,88,14935.0,47,14940.0,21,14945.0,7,14950.0,6,14960.0,25,14965.0,8,14970.0,22,14975.0,54,14980.0,62,14955.0
br2408,,13:39:48.500#,14805.0,15055.0,14765.0,16175.0,13230.0,13218,9136.0,14930.0,88,14935.0,47,14940.0,21,14945.0,11,14950.0,6,14960.0,21,14965.0,8,14970.0,22,14975.0,54,14980.0,62,14955.0
br2408,,13:39:49.0#,14805.0,15055.0,14765.0,16175.0,13230.0,13218,9136.0,14930.0,88,14935.0,47,14940.0,21,14945.0,11,14950.0,6,14960.0,21,14965.0,9,14970.0,22,14975.0,54,14980.0,62,14955.0
br2408,,13:39:49.500#,14805.0,15055.0,14765.0,16175.0,13230.0,13218,9136.0,14930.0,88,14935.0,47,14940.0,21,14945.0,11,14950.0,6,14960.0,21,14965.0,9,14970.0,22,14975.0,54,14980.0,62,14955.0
br2408,,13:39:50.0#,14805.0,15055.0,14765.0,16175.0,13230.0,13218,9136.0,14930.0,88,14935.0,47,14940.0,21,14945.0,11,14950.0,6,14960.0,21,14965.0,9,14970.0,22,14975.0,54,14980.0,62,14955.0
br2408,,13:39:50.500#,14805.0,15055.0,14765.0,16175.0,13230.0,13218,9136.0,14930.0,77,14935.0,46,14940.0,21,14945.0,11,14950.0,7,14960.0,21,14965.0,9,14970.0,22,14975.0,54,14980.0,62,14955.0
br2408,,13:39:51.0#,14805.0,15055.0,14765.0,16175.0,13230.0,13218,9136.0,14930.0,99,14935.0,47,14940.0,21,14945.0,11,14950.0,6,14960.0,21,14965.0,9,14970.0,22,14975.0,43,14980.0,62,14955.0
br2408,,13:39:51.500#,14805.0,15055.0,14765.0,16175.0,13230.0,13218,9136.0,14930.0,100,14935.0,35,14940.0,21,14945.0,11,14950.0,6,14960.0,21,14965.0,9,14970.0,22,14975.0,42,14980.0,74,14955.0
br2408,,13:39:52.0#,14805.0,15055.0,14765.0,16175.0,13230.0,13218,9136.0,14930.0,100,14935.0,35,14940.0,21,14945.0,11,14950.0,6,14960.0,21,14965.0,9,14970.0,22,14975.0,42,14980.0,74,14955.0
br2408,,13:39:52.500#,14805.0,15055.0,14765.0,16175.0,13230.0,13218,9136.0,14930.0,88,14935.0,35,14940.0,17,14945.0,7,14950.0,6,14960.0,21,14965.0,9,14970.0,34,14975.0,42,14980.0,62,14955.0
br2408,,13:39:53.0#,14805.0,15055.0,14765.0,16175.0,13230.0,13218,9136.0,14930.0,76,14935.0,48,14940.0,21,14945.0,6,14950.0,4,14955.0,1,14960.0,25,14965.0,9,14970.0,22,14975.0,54,14955.0
br2408,,13:39:53.500#,14805.0,15055.0,14765.0,16175.0,13230.0,13218,9136.0,14930.0,111,14935.0,36,14940.0,8,14945.0,6,14950.0,1,14955.0,4,14960.0,25,14965.0,9,14970.0,13,14975.0,54,14955.0
br2408,,13:39:54.0#,14805.0,15055.0,14765.0,16175.0,13230.0,13218,9136.0,14930.0,102,14935.0,11,14940.0,12,14945.0,6,14950.0,2,14960.0,25,14965.0,9,14970.0,38,14975.0,52,14980.0,39,14955.0
br2408,,13:39:54.500#,14805.0,15055.0,14765.0,16175.0,13230.0,13218,9136.0,14930.0,76,14935.0,48,14940.0,12,14945.0,6,14950.0,2,14960.0,24,14965.0,9,14970.0,13,14975.0,54,14980.0,50,14955.0
br2408,,13:39:55.0#,14805.0,15055.0,14765.0,16175.0,13230.0,13218,9136.0,14930.0,76,14935.0,48,14940.0,12,14945.0,6,14950.0,2,14960.0,24,14965.0,9,14970.0,13,14975.0,54,14980.0,50,14955.0
br2408,,13:39:55.500#,14805.0,15055.0,14765.0,16175.0,13230.0,13218,9136.0,14930.0,65,14935.0,46,14940.0,12,14945.0,6,14950.0,2,14960.0,24,14965.0,9,14970.0,13,14975.0,54,14980.0,50,14955.0
br2408,,13:39:56.0#,14805.0,15055.0,14765.0,16175.0,13230.0,13218,9136.0,14930.0,64,14935.0,47,14940.0,12,14945.0,6,14950.0,2,14960.0,33,14965.0,9,14970.0,13,14975.0,54,14980.0,62,14955.0
br2408,,13:39:56.500#,14805.0,15055.0,14765.0,16175.0,13230.0,13218,9136.0,14930.0,64,14935.0,47,14940.0,12,14945.0,6,14950.0,2,14955.0,2,14960.0,35,14965.0,9,14970.0,13,14975.0,54,14955.0
br2408,,13:39:57.0#,14805.0,15055.0,14765.0,16175.0,13230.0,13219,9137.0,14930.0,77,14935.0,34,14940.0,12,14945.0,6,14950.0,2,14955.0,1,14960.0,26,14965.0,9,14970.0,14,14975.0,65,14955.0
br2408,,13:39:57.500#,14805.0,15055.0,14765.0,16175.0,13230.0,13222,9137.0,14925.0,28,14930.0,87,14935.0,35,14940.0,12,14945.0,6,14960.0,26,14965.0,9,14970.0,13,14975.0,55,14980.0,49,14950.0
br2408,,13:39:58.0#,14805.0,15055.0,14765.0,16175.0,13230.0,13222,9137.0,14925.0,26,14930.0,102,14935.0,20,14940.0,14,14945.0,5,14950.0,2,14955.0,1,14960.0,36,14965.0,18,14970.0,26,14950.0
br2408,,13:39:58.500#,14805.0,15055.0,14765.0,16175.0,13230.0,13224,9137.0,14925.0,38,14930.0,90,14935.0,21,14940.0,13,14945.0,3,14955.0,2,14960.0,27,14965.0,17,14970.0,50,14975.0,64,14950.0
br2408,,13:39:59.0#,14805.0,15055.0,14765.0,16175.0,13230.0,13224,9137.0,14925.0,50,14930.0,78,14935.0,20,14940.0,13,14945.0,4,14950.0,2,14955.0,3,14960.0,27,14965.0,18,14970.0,62,14950.0
br2408,,13:39:59.500#,14805.0,15055.0,14765.0,16175.0,13230.0,13224,9137.0,14925.0,50,14930.0,78,14935.0,21,14940.0,13,14945.0,3,14950.0,2,14955.0,4,14960.0,27,14965.0,17,14970.0,62,14950.0
br2408,,13:40:00.0#,14805.0,15055.0,14765.0,16175.0,13230.0,13224,9137.0,14925.0,50,14930.0,78,14935.0,21,14940.0,13,14945.0,3,14950.0,2,14955.0,4,14960.0,29,14965.0,17,14970.0,62,14950.0
br2408,,13:40:00.500#,14805.0,15055.0,14765.0,16175.0,13230.0,13224,9137.0,14925.0,50,14930.0,78,14935.0,21,14940.0,13,14945.0,3,14950.0,2,14955.0,5,14960.0,29,14965.0,17,14970.0,61,14950.0
br2408,,13:40:01.0#,14805.0,15055.0,14765.0,16175.0,13230.0,13224,9137.0,14925.0,62,14930.0,78,14935.0,21,14940.0,13,14945.0,3,14950.0,2,14955.0,5,14960.0,29,14965.0,17,14970.0,61,14950.0
br2408,,13:40:01.500#,14805.0,15055.0,14765.0,16175.0,13230.0,13224,9137.0,14925.0,62,14930.0,78,14935.0,21,14940.0,13,14945.0,3,14950.0,2,14955.0,5,14960.0,29,14965.0,17,14970.0,61,14950.0
br2408,,13:40:02.0#,14805.0,15055.0,14765.0,16175.0,13230.0,13224,9137.0,14925.0,62,14930.0,78,14935.0,21,14940.0,13,14945.0,3,14950.0,2,14955.0,5,14960.0,29,14965.0,17,14970.0,61,14950.0
br2408,,13:40:02.500#,14805.0,15055.0,14765.0,16175.0,13230.0,13224,9137.0,14925.0,62,14930.0,78,14935.0,21,14940.0,13,14945.0,3,14950.0,2,14955.0,5,14960.0,29,14965.0,17,14970.0,61,14950.0
br2408,,13:40:03.0#,14805.0,15055.0,14765.0,16175.0,13230.0,13224,9137.0,14925.0,39,14930.0,77,14935.0,20,14940.0,9,14945.0,3,14950.0,2,14955.0,9,14960.0,28,14965.0,17,14970.0,61,14950.0
br2408,,13:40:03.500#,14805.0,15055.0,14765.0,16175.0,13230.0,13224,9137.0,14920.0,20,14925.0,62,14930.0,88,14935.0,12,14940.0,9,14950.0,4,14955.0,9,14960.0,38,14965.0,8,14970.0,61,14950.0
br2408,,13:40:04.0#,14805.0,15055.0,14765.0,16175.0,13230.0,13224,9137.0,14920.0,42,14925.0,66,14930.0,51,14935.0,11,14940.0,8,14945.0,2,14950.0,3,14955.0,9,14960.0,38,14965.0,44,14950.0
br2408,,13:40:04.500#,14805.0,15055.0,14765.0,16175.0,13230.0,13226,9137.0,14920.0,30,14925.0,78,14930.0,40,14935.0,11,14940.0,5,14950.0,4,14955.0,9,14960.0,38,14965.0,56,14970.0,58,14945.0
br2408,,13:40:05.0#,14805.0,15055.0,14765.0,16175.0,13230.0,13226,9137.0,14920.0,30,14925.0,78,14930.0,39,14935.0,11,14940.0,6,14945.0,2,14950.0,3,14955.0,9,14960.0,39,14965.0,56,14945.0
br2408,,13:40:05.500#,14805.0,15055.0,14765.0,16175.0,13230.0,13227,9137.0,14920.0,30,14925.0,78,14930.0,40,14935.0,11,14940.0,5,14945.0,1,14950.0,4,14955.0,9,14960.0,38,14965.0,56,14945.0
br2408,,13:40:06.0#,14805.0,15055.0,14765.0,16175.0,13230.0,13229,9137.0,14920.0,19,14925.0,77,14930.0,40,14935.0,12,14940.0,5,14950.0,3,14955.0,9,14960.0,38,14965.0,56,14970.0,58,14950.0
br2408,,13:40:06.500#,14805.0,15055.0,14765.0,16175.0,13230.0,13229,9137.0,14920.0,33,14925.0,67,14930.0,39,14935.0,8,14940.0,4,14945.0,3,14950.0,16,14955.0,9,14960.0,40,14965.0,57,14950.0
br2408,,13:40:07.0#,14805.0,15055.0,14765.0,16175.0,13230.0,13229,9137.0,14920.0,57,14925.0,64,14930.0,31,14935.0,8,14940.0,3,14945.0,3,14950.0,10,14955.0,18,14960.0,30,14965.0,68,14950.0
br2408,,13:40:07.500#,14805.0,15055.0,14765.0,16175.0,13230.0,13229,9137.0,14920.0,47,14925.0,63,14930.0,31,14935.0,8,14940.0,3,14945.0,3,14950.0,10,14955.0,18,14960.0,30,14965.0,66,14950.0
br2408,,13:40:08.0#,14805.0,15055.0,14765.0,16175.0,13230.0,13229,9137.0,14920.0,47,14925.0,63,14930.0,31,14935.0,8,14940.0,3,14945.0,5,14950.0,10,14955.0,18,14960.0,30,14965.0,66,14950.0
br2408,,13:40:08.500#,14805.0,15055.0,14765.0,16175.0,13230.0,13229,9137.0,14920.0,60,14925.0,29,14930.0,40,14935.0,8,14940.0,4,14945.0,5,14950.0,10,14955.0,9,14960.0,63,14965.0,65,14950.0
br2408,,13:40:09.0#,14805.0,15055.0,14765.0,16175.0,13230.0,13229,9137.0,14920.0,84,14925.0,5,14930.0,40,14935.0,8,14940.0,4,14945.0,5,14950.0,10,14955.0,9,14960.0,63,14965.0,89,14950.0
br2408,,13:40:09.500#,14805.0,15055.0,14765.0,16175.0,13230.0,13229,9137.0,14920.0,84,14925.0,5,14930.0,40,14935.0,8,14940.0,2,14945.0,5,14950.0,10,14955.0,9,14960.0,63,14965.0,89,14950.0
br2408,,13:40:10.0#,14805.0,15055.0,14765.0,16175.0,13230.0,13229,9137.0,14920.0,84,14925.0,15,14930.0,31,14935.0,8,14940.0,1,14945.0,6,14950.0,10,14955.0,18,14960.0,53,14965.0,89,14950.0
br2408,,13:40:10.500#,14805.0,15055.0,14765.0,16175.0,13230.0,13229,9137.0,14915.0,35,14920.0,84,14925.0,15,14930.0,32,14935.0,8,14945.0,6,14950.0,10,14955.0,18,14960.0,53,14965.0,89,14950.0
br2408,,13:40:11.0#,14805.0,15055.0,14765.0,16175.0,13230.0,13229,9137.0,14915.0,35,14920.0,84,14925.0,15,14930.0,32,14935.0,8,14945.0,4,14950.0,10,14955.0,18,14960.0,53,14965.0,89,14950.0
br2408,,13:40:11.500#,14805.0,15055.0,14765.0,16175.0,13230.0,13229,9137.0,14915.0,23,14920.0,84,14925.0,15,14930.0,31,14935.0,8,14945.0,4,14950.0,11,14955.0,17,14960.0,53,14965.0,77,14950.0
br2408,,13:40:12.0#,14805.0,15055.0,14765.0,16175.0,13230.0,13229,9137.0,14915.0,23,14920.0,84,14925.0,15,14930.0,32,14935.0,8,14945.0,4,14950.0,11,14955.0,18,14960.0,53,14965.0,77,14950.0
br2408,,13:40:12.500#,14805.0,15055.0,14765.0,16175.0,13230.0,13231,9136.0,14915.0,35,14920.0,84,14925.0,15,14930.0,32,14935.0,8,14945.0,2,14950.0,10,14955.0,18,14960.0,53,14965.0,89,14945.0
br2408,,13:40:13.0#,14805.0,15055.0,14765.0,16175.0,13230.0,13231,9136.0,14915.0,24,14920.0,95,14925.0,15,14930.0,32,14935.0,8,14945.0,1,14950.0,10,14955.0,18,14960.0,54,14965.0,78,14945.0
br2408,,13:40:13.500#,14805.0,15055.0,14765.0,16175.0,13230.0,13231,9136.0,14915.0,24,14920.0,95,14925.0,15,14930.0,32,14935.0,8,14945.0,1,14950.0,10,14955.0,18,14960.0,54,14965.0,78,14945.0
br2408,,13:40:14.500#,14805.0,15055.0,14765.0,16175.0,13230.0,13231,9136.0,14915.0,24,14920.0,95,14925.0,15,14930.0,32,14935.0,8,14945.0,1,14950.0,10,14955.0,18,14960.0,54,14965.0,78,14945.0
br2408,,13:40:15.0#,14805.0,15055.0,14765.0,16175.0,13230.0,13231,9136.0,14915.0,24,14920.0,95,14925.0,15,14930.0,32,14935.0,8,14945.0,4,14950.0,10,14955.0,18,14960.0,54,14965.0,78,14945.0
br2408,,13:40:15.500#,14805.0,15055.0,14765.0,16175.0,13230.0,13231,9136.0,14915.0,35,14920.0,84,14925.0,15,14930.0,32,14935.0,8,14945.0,5,14950.0,10,14955.0,19,14960.0,53,14965.0,89,14945.0
br2408,,13:40:16.0#,14805.0,15055.0,14765.0,16175.0,13230.0,13231,9136.0,14915.0,35,14920.0,84,14925.0,15,14930.0,32,14935.0,8,14945.0,5,14950.0,10,14955.0,19,14960.0,53,14965.0,89,14945.0
br2408,,13:40:16.500#,14805.0,15055.0,14765.0,16175.0,13230.0,13231,9136.0,14915.0,35,14920.0,84,14925.0,15,14930.0,32,14935.0,8,14945.0,5,14950.0,10,14955.0,19,14960.0,53,14965.0,89,14945.0
br2408,,13:40:17.0#,14805.0,15055.0,14765.0,16175.0,13230.0,13231,9136.0,14915.0,35,14920.0,84,14925.0,15,14930.0,32,14935.0,9,14945.0,5,14950.0,10,14955.0,19,14960.0,53,14965.0,89,14945.0
br2408,,13:40:17.500#,14805.0,15055.0,14765.0,16175.0,13230.0,13231,9136.0,14915.0,35,14920.0,84,14925.0,15,14930.0,32,14935.0,9,14945.0,5,14950.0,10,14955.0,19,14960.0,53,14965.0,89,14945.0
br2408,,13:40:18.0#,14805.0,15055.0,14765.0,16175.0,13230.0,13231,9136.0,14915.0,35,14920.0,84,14925.0,15,14930.0,32,14935.0,9,14945.0,5,14950.0,10,14955.0,19,14960.0,53,14965.0,89,14945.0
br2408,,13:40:18.500#,14805.0,15055.0,14765.0,16175.0,13230.0,13231,9136.0,14915.0,35,14920.0,84,14925.0,15,14930.0,32,14935.0,9,14945.0,5,14950.0,10,14955.0,19,14960.0,53,14965.0,89,14945.0
br2408,,13:40:19.0#,14805.0,15055.0,14765.0,16175.0,13230.0,13231,9136.0,14915.0,35,14920.0,84,14925.0,15,14930.0,32,14935.0,9,14945.0,5,14950.0,10,14955.0,19,14960.0,53,14965.0,89,14945.0
br2408,,13:40:19.500#,14805.0,15055.0,14765.0,16175.0,13230.0,13231,9136.0,14915.0,35,14920.0,84,14925.0,15,14930.0,32,14935.0,9,14945.0,5,14950.0,10,14955.0,19,14960.0,53,14965.0,89,14945.0
br2408,,13:40:20.0#,14805.0,15055.0,14765.0,16175.0,13230.0,13231,9136.0,14915.0,35,14920.0,84,14925.0,15,14930.0,32,14935.0,9,14945.0,3,14950.0,10,14955.0,19,14960.0,53,14965.0,89,14945.0
br2408,,13:40:20.500#,14805.0,15055.0,14765.0,16175.0,13230.0,13231,9136.0,14915.0,24,14920.0,95,14925.0,15,14930.0,32,14935.0,9,14945.0,3,14950.0,10,14955.0,19,14960.0,53,14965.0,78,14945.0
br2408,,13:40:21.0#,14805.0,15055.0,14765.0,16175.0,13230.0,13231,9136.0,14915.0,24,14920.0,95,14925.0,15,14930.0,32,14935.0,9,14945.0,3,14950.0,10,14955.0,19,14960.0,53,14965.0,78,14945.0
br2408,,13:40:21.500#,14805.0,15055.0,14765.0,16175.0,13230.0,13231,9136.0,14915.0,1,14920.0,95,14925.0,15,14930.0,32,14935.0,9,14945.0,3,14950.0,10,14955.0,19,14960.0,52,14965.0,55,14945.0
br2408,,13:40:22.0#,14805.0,15055.0,14765.0,16175.0,13230.0,13231,9136.0,14920.0,95,14925.0,15,14930.0,32,14935.0,13,14940.0,1,14945.0,1,14950.0,6,14955.0,19,14960.0,54,14965.0,66,14945.0
br2408,,13:40:22.500#,14805.0,15055.0,14765.0,16175.0,13230.0,13232,9135.0,14920.0,71,14925.0,29,14930.0,40,14935.0,14,14940.0,6,14950.0,5,14955.0,10,14960.0,39,14965.0,90,14970.0,23,14945.0
br2408,,13:40:23.0#,14805.0,15055.0,14765.0,16175.0,13230.0,13232,9135.0,14920.0,69,14925.0,42,14930.0,39,14935.0,14,14940.0,8,14950.0,4,14955.0,9,14960.0,39,14965.0,68,14970.0,46,14945.0
br2408,,13:40:23.500#,14805.0,15055.0,14765.0,16175.0,13230.0,13232,9135.0,14920.0,57,14925.0,54,14930.0,39,14935.0,13,14940.0,9,14950.0,4,14955.0,9,14960.0,39,14965.0,56,14970.0,58,14945.0
br2408,,13:40:24.0#,14805.0,15055.0,14765.0,16175.0,13230.0,13232,9135.0,14920.0,57,14925.0,54,14930.0,39,14935.0,13,14940.0,9,14950.0,4,14955.0,9,14960.0,39,14965.0,56,14970.0,58,14945.0
br2408,,13:40:24.500#,14805.0,15055.0,14765.0,16175.0,13230.0,13232,9135.0,14920.0,69,14925.0,54,14930.0,39,14935.0,13,14940.0,8,14950.0,4,14955.0,9,14960.0,39,14965.0,56,14970.0,70,14945.0
br2408,,13:40:25.0#,14805.0,15055.0,14765.0,16175.0,13230.0,13232,9135.0,14920.0,69,14925.0,54,14930.0,39,14935.0,13,14940.0,8,14950.0,4,14955.0,9,14960.0,39,14965.0,56,14970.0,70,14945.0
br2408,,13:40:25.500#,14805.0,15055.0,14765.0,16175.0,13230.0,13232,9135.0,14920.0,69,14925.0,54,14930.0,39,14935.0,13,14940.0,8,14950.0,4,14955.0,9,14960.0,39,14965.0,56,14970.0,70,14945.0
br2408,,13:40:26.0#,14805.0,15055.0,14765.0,16175.0,13230.0,13232,9135.0,14920.0,69,14925.0,54,14930.0,39,14935.0,13,14940.0,6,14945.0,2,14950.0,4,14955.0,9,14960.0,39,14965.0,56,14945.0
br2408,,13:40:26.500#,14805.0,15055.0,14765.0,16175.0,13230.0,13233,9135.0,14920.0,69,14925.0,54,14930.0,40,14935.0,13,14940.0,5,14945.0,1,14950.0,5,14955.0,9,14960.0,38,14965.0,56,14945.0
br2408,,13:40:27.0#,14805.0,15055.0,14765.0,16175.0,13230.0,13234,9135.0,14920.0,57,14925.0,54,14930.0,40,14935.0,13,14940.0,5,14950.0,5,14955.0,9,14960.0,38,14965.0,56,14970.0,58,14945.0
br2408,,13:40:27.500#,14805.0,15055.0,14765.0,16175.0,13230.0,13234,9135.0,14920.0,57,14925.0,54,14930.0,39,14935.0,13,14940.0,6,14945.0,2,14950.0,4,14955.0,9,14960.0,39,14965.0,56,14945.0
br2408,,13:40:28.0#,14805.0,15055.0,14765.0,16175.0,13230.0,13234,9135.0,14920.0,57,14925.0,54,14930.0,40,14935.0,13,14940.0,5,14945.0,2,14950.0,6,14955.0,9,14960.0,38,14965.0,56,14945.0
br2408,,13:40:28.500#,14805.0,15055.0,14765.0,16175.0,13230.0,13234,9135.0,14920.0,46,14925.0,53,14930.0,40,14935.0,13,14940.0,5,14945.0,2,14950.0,6,14955.0,9,14960.0,38,14965.0,56,14945.0
br2408,,13:40:29.0#,14805.0,15055.0,14765.0,16175.0,13230.0,13234,9135.0,14920.0,57,14925.0,54,14930.0,40,14935.0,9,14940.0,2,14945.0,4,14950.0,10,14955.0,9,14960.0,38,14965.0,56,14945.0
br2408,,13:40:29.500#,14805.0,15055.0,14765.0,16175.0,13230.0,13234,9135.0,14920.0,60,14925.0,29,14930.0,40,14935.0,9,14940.0,2,14945.0,4,14950.0,10,14955.0,9,14960.0,63,14965.0,65,14945.0
br2408,,13:40:30.0#,14805.0,15055.0,14765.0,16175.0,13230.0,13236,9136.0,14915.0,35,14920.0,84,14925.0,1,14930.0,37,14935.0,9,14945.0,4,14950.0,10,14955.0,9,14960.0,63,14965.0,89,14940.0
br2408,,13:40:30.500#,14805.0,15055.0,14765.0,16175.0,13230.0,13245,9138.0,14910.0,18,14915.0,52,14920.0,60,14925.0,1,14930.0,27,14940.0,23,14945.0,10,14950.0,9,14955.0,9,14960.0,53,14935.0
br2408,,13:40:31.0#,14805.0,15055.0,14765.0,16175.0,13230.0,13245,9138.0,14905.0,28,14910.0,17,14915.0,67,14920.0,11,14930.0,25,14935.0,2,14940.0,28,14945.0,8,14950.0,9,14955.0,33,14935.0
br2408,,13:40:31.500#,14805.0,15055.0,14765.0,16175.0,13230.0,13247,9140.0,14905.0,42,14910.0,29,14915.0,31,14920.0,12,14930.0,25,14940.0,19,14945.0,9,14950.0,10,14955.0,44,14960.0,62,14935.0
br2408,,13:40:32.0#,14805.0,15055.0,14765.0,16175.0,13230.0,13247,9140.0,14910.0,30,14915.0,31,14920.0,10,14925.0,1,14930.0,25,14940.0,28,14945.0,8,14950.0,11,14955.0,31,14960.0,75,14935.0
br2408,,13:40:32.500#,14805.0,15055.0,14765.0,16175.0,13230.0,13247,9140.0,14905.0,43,14910.0,41,14915.0,31,14920.0,11,14930.0,25,14940.0,28,14945.0,9,14950.0,10,14955.0,32,14960.0,86,14935.0
br2408,,13:40:33.0#,14805.0,15055.0,14765.0,16175.0,13230.0,13247,9140.0,14910.0,41,14915.0,31,14920.0,12,14925.0,4,14930.0,25,14940.0,6,14945.0,10,14950.0,10,14955.0,32,14960.0,86,14935.0
br2408,,13:40:33.500#,14805.0,15055.0,14765.0,16175.0,13230.0,13247,9140.0,14910.0,53,14915.0,31,14920.0,11,14925.0,5,14930.0,25,14940.0,6,14945.0,9,14950.0,11,14955.0,32,14960.0,98,14935.0
br2408,,13:40:34.0#,14805.0,15055.0,14765.0,16175.0,13230.0,13247,9140.0,14910.0,65,14915.0,31,14920.0,11,14925.0,5,14930.0,25,14940.0,6,14945.0,9,14950.0,11,14955.0,32,14960.0,98,14935.0
br2408,,13:40:34.500#,14805.0,15055.0,14765.0,16175.0,13230.0,13247,9140.0,14910.0,77,14915.0,42,14920.0,11,14925.0,5,14930.0,26,14940.0,6,14945.0,9,14950.0,11,14955.0,32,14960.0,98,14935.0
br2408,,13:40:35.0#,14805.0,15055.0,14765.0,16175.0,13230.0,13247,9140.0,14910.0,77,14915.0,42,14920.0,11,14925.0,5,14930.0,26,14940.0,6,14945.0,9,14950.0,12,14955.0,32,14960.0,98,14935.0
br2408,,13:40:35.500#,14805.0,15055.0,14765.0,16175.0,13230.0,13247,9140.0,14910.0,77,14915.0,42,14920.0,11,14925.0,5,14930.0,26,14940.0,6,14945.0,9,14950.0,12,14955.0,32,14960.0,98,14935.0
br2408,,13:40:36.0#,14805.0,15055.0,14765.0,16175.0,13230.0,13247,9140.0,14910.0,77,14915.0,42,14920.0,11,14925.0,5,14930.0,26,14940.0,6,14945.0,9,14950.0,12,14955.0,32,14960.0,98,14935.0
br2408,,13:40:36.500#,14805.0,15055.0,14765.0,16175.0,13230.0,13247,9140.0,14910.0,77,14915.0,42,14920.0,11,14925.0,5,14930.0,26,14940.0,6,14945.0,9,14950.0,12,14955.0,32,14960.0,98,14935.0
br2408,,13:40:37.0#,14805.0,15055.0,14765.0,16175.0,13230.0,13247,9140.0,14910.0,77,14915.0,42,14920.0,11,14925.0,5,14930.0,27,14940.0,6,14945.0,9,14950.0,12,14955.0,32,14960.0,98,14935.0
br2408,,13:40:37.500#,14805.0,15055.0,14765.0,16175.0,13230.0,13247,9140.0,14910.0,77,14915.0,42,14920.0,11,14925.0,5,14930.0,27,14940.0,6,14945.0,9,14950.0,12,14955.0,32,14960.0,98,14935.0
br2408,,13:40:38.0#,14805.0,15055.0,14765.0,16175.0,13230.0,13247,9140.0,14910.0,77,14915.0,42,14920.0,21,14925.0,6,14930.0,28,14940.0,7,14945.0,10,14950.0,21,14955.0,32,14960.0,98,14935.0
br2408,,13:40:38.500#,14805.0,15055.0,14765.0,16175.0,13230.0,13247,9140.0,14910.0,53,14915.0,66,14920.0,21,14925.0,6,14930.0,28,14940.0,7,14945.0,10,14950.0,21,14955.0,32,14960.0,98,14935.0
br2408,,13:40:39.0#,14805.0,15055.0,14765.0,16175.0,13230.0,13247,9140.0,14910.0,53,14915.0,66,14920.0,21,14925.0,6,14930.0,28,14940.0,7,14945.0,10,14950.0,21,14955.0,32,14960.0,98,14935.0
br2408,,13:40:39.500#,14805.0,15055.0,14765.0,16175.0,13230.0,13247,9140.0,14910.0,53,14915.0,66,14920.0,21,14925.0,6,14930.0,28,14940.0,7,14945.0,10,14950.0,21,14955.0,32,14960.0,98,14935.0
br2408,,13:40:40.0#,14805.0,15055.0,14765.0,16175.0,13230.0,13247,9140.0,14915.0,78,14920.0,21,14925.0,6,14930.0,28,14935.0,1,14940.0,7,14945.0,10,14950.0,21,14955.0,32,14960.0,98,14935.0
br2408,,13:40:40.500#,14805.0,15055.0,14765.0,16175.0,13230.0,13248,9140.0,14915.0,79,14920.0,21,14925.0,6,14930.0,28,14935.0,3,14940.0,5,14945.0,10,14950.0,21,14955.0,32,14960.0,109,14940.0
br2408,,13:40:41.0#,14805.0,15055.0,14765.0,16175.0,13230.0,13253,9143.0,14915.0,79,14920.0,21,14925.0,6,14930.0,29,14935.0,3,14940.0,3,14945.0,10,14950.0,21,14955.0,31,14960.0,86,14940.0
br2408,,13:40:41.500#,14805.0,15055.0,14765.0,16175.0,13230.0,13256,9143.0,14915.0,66,14920.0,35,14925.0,15,14930.0,29,14935.0,7,14945.0,8,14950.0,12,14955.0,18,14960.0,110,14965.0,13,14940.0
br2408,,13:40:42.0#,14805.0,15055.0,14765.0,16175.0,13230.0,13256,9143.0,14915.0,53,14920.0,47,14925.0,15,14930.0,29,14935.0,5,14945.0,17,14950.0,11,14955.0,17,14960.0,89,14965.0,25,14940.0
br2408,,13:40:42.500#,14805.0,15055.0,14765.0,16175.0,13230.0,13256,9143.0,14915.0,41,14920.0,60,14925.0,15,14930.0,29,14935.0,5,14945.0,18,14950.0,10,14955.0,17,14960.0,112,14965.0,13,14940.0
br2408,,13:40:43.0#,14805.0,15055.0,14765.0,16175.0,13230.0,13256,9143.0,14915.0,41,14920.0,60,14925.0,15,14930.0,29,14935.0,5,14945.0,22,14950.0,10,14955.0,17,14960.0,112,14965.0,13,14940.0
br2408,,13:40:43.500#,14805.0,15055.0,14765.0,16175.0,13230.0,13256,9143.0,14915.0,53,14920.0,60,14925.0,15,14930.0,29,14935.0,5,14945.0,23,14950.0,10,14955.0,17,14960.0,112,14965.0,25,14940.0
br2408,,13:40:44.0#,14805.0,15055.0,14765.0,16175.0,13230.0,13256,9143.0,14915.0,53,14920.0,60,14925.0,15,14930.0,29,14935.0,5,14945.0,24,14950.0,10,14955.0,17,14960.0,112,14965.0,25,14940.0
br2408,,13:40:44.500#,14805.0,15055.0,14765.0,16175.0,13230.0,13256,9143.0,14915.0,53,14920.0,60,14925.0,15,14930.0,29,14935.0,7,14945.0,24,14950.0,10,14955.0,17,14960.0,112,14965.0,25,14940.0
br2408,,13:40:45.0#,14805.0,15055.0,14765.0,16175.0,13230.0,13256,9143.0,14915.0,53,14920.0,59,14925.0,16,14930.0,29,14935.0,7,14945.0,24,14950.0,10,14955.0,17,14960.0,112,14965.0,25,14940.0
br2408,,13:40:45.500#,14805.0,15055.0,14765.0,16175.0,13230.0,13256,9143.0,14915.0,53,14920.0,59,14925.0,16,14930.0,29,14935.0,7,14945.0,24,14950.0,10,14955.0,17,14960.0,112,14965.0,25,14940.0
br2408,,13:40:46.0#,14805.0,15055.0,14765.0,16175.0,13230.0,13256,9143.0,14915.0,53,14920.0,59,14925.0,16,14930.0,29,14935.0,7,14945.0,24,14950.0,10,14955.0,17,14960.0,112,14965.0,25,14940.0
br2408,,13:40:46.500#,14805.0,15055.0,14765.0,16175.0,13230.0,13256,9143.0,14915.0,53,14920.0,59,14925.0,16,14930.0,29,14935.0,7,14945.0,24,14950.0,10,14955.0,17,14960.0,112,14965.0,25,14940.0
br2408,,13:40:47.0#,14805.0,15055.0,14765.0,16175.0,13230.0,13256,9143.0,14915.0,53,14920.0,59,14925.0,16,14930.0,29,14935.0,7,14945.0,24,14950.0,10,14955.0,17,14960.0,112,14965.0,25,14940.0
br2408,,13:40:47.500#,14805.0,15055.0,14765.0,16175.0,13230.0,13256,9143.0,14915.0,53,14920.0,59,14925.0,16,14930.0,33,14935.0,7,14945.0,20,14950.0,10,14955.0,17,14960.0,111,14965.0,14,14940.0
br2408,,13:40:48.0#,14805.0,15055.0,14765.0,16175.0,13230.0,13256,9143.0,14920.0,59,14925.0,16,14930.0,33,14935.0,7,14940.0,1,14945.0,3,14950.0,10,14955.0,17,14960.0,102,14965.0,36,14940.0
br2408,,13:40:48.500#,14805.0,15055.0,14765.0,16175.0,13230.0,13257,9144.0,14920.0,47,14925.0,18,14930.0,42,14935.0,8,14940.0,3,14945.0,1,14950.0,10,14955.0,9,14960.0,99,14965.0,48,14945.0
br2408,,13:40:49.0#,14805.0,15055.0,14765.0,16175.0,13230.0,13258,9145.0,14920.0,44,14925.0,43,14930.0,41,14935.0,9,14940.0,3,14950.0,10,14955.0,9,14960.0,50,14965.0,63,14970.0,30,14945.0
br2408,,13:40:49.500#,14805.0,15055.0,14765.0,16175.0,13230.0,13258,9145.0,14920.0,45,14925.0,55,14930.0,41,14935.0,9,14940.0,6,14950.0,20,14955.0,9,14960.0,38,14965.0,86,14970.0,19,14945.0
br2408,,13:40:50.0#,14805.0,15055.0,14765.0,16175.0,13230.0,13258,9145.0,14920.0,45,14925.0,55,14930.0,41,14935.0,9,14940.0,7,14950.0,21,14955.0,9,14960.0,38,14965.0,86,14970.0,19,14945.0
br2408,,13:40:50.500#,14805.0,15055.0,14765.0,16175.0,13230.0,13258,9145.0,14920.0,56,14925.0,55,14930.0,41,14935.0,9,14940.0,7,14945.0,2,14950.0,21,14955.0,9,14960.0,38,14965.0,75,14945.0
br2408,,13:40:51.0#,14805.0,15055.0,14765.0,16175.0,13230.0,13260,9145.0,14920.0,56,14925.0,55,14930.0,41,14935.0,9,14940.0,7,14950.0,12,14955.0,9,14960.0,38,14965.0,75,14970.0,30,14945.0
br2408,,13:40:51.500#,14805.0,15055.0,14765.0,16175.0,13230.0,13260,9145.0,14920.0,56,14925.0,55,14930.0,41,14935.0,9,14940.0,7,14950.0,22,14955.0,9,14960.0,38,14965.0,75,14970.0,30,14945.0
br2408,,13:40:52.0#,14805.0,15055.0,14765.0,16175.0,13230.0,13260,9145.0,14920.0,45,14925.0,55,14930.0,41,14935.0,13,14940.0,7,14950.0,18,14955.0,9,14960.0,38,14965.0,90,14970.0,19,14945.0
br2408,,13:40:52.500#,14805.0,15055.0,14765.0,16175.0,13230.0,13260,9145.0,14920.0,56,14925.0,55,14930.0,41,14935.0,13,14940.0,7,14950.0,18,14955.0,9,14960.0,38,14965.0,79,14970.0,30,14945.0
br2408,,13:40:53.0#,14805.0,15055.0,14765.0,16175.0,13230.0,13262,9143.0,14920.0,68,14925.0,55,14930.0,41,14935.0,13,14940.0,5,14950.0,18,14955.0,9,14960.0,38,14965.0,79,14970.0,42,14940.0
br2408,,13:40:53.500#,14805.0,15055.0,14765.0,16175.0,13230.0,13262,9143.0,14920.0,57,14925.0,55,14930.0,41,14935.0,13,14940.0,5,14950.0,5,14955.0,9,14960.0,38,14965.0,90,14970.0,31,14940.0
br2408,,13:40:54.0#,14805.0,15055.0,14765.0,16175.0,13230.0,13262,9143.0,14920.0,68,14925.0,55,14930.0,40,14935.0,13,14940.0,7,14950.0,4,14955.0,9,14960.0,36,14965.0,79,14970.0,42,14940.0
br2408,,13:40:54.500#,14805.0,15055.0,14765.0,16175.0,13230.0,13262,9143.0,14920.0,65,14925.0,55,14930.0,40,14935.0,16,14940.0,7,14950.0,4,14955.0,9,14960.0,36,14965.0,55,14970.0,66,14940.0
br2408,,13:40:55.0#,14805.0,15055.0,14765.0,16175.0,13230.0,13262,9143.0,14925.0,55,14930.0,40,14935.0,16,14940.0,7,14945.0,1,14950.0,4,14955.0,9,14960.0,36,14965.0,55,14970.0,66,14940.0
br2408,,13:40:55.500#,14805.0,15055.0,14765.0,16175.0,13230.0,13262,9143.0,14920.0,65,14925.0,43,14930.0,52,14935.0,16,14940.0,7,14950.0,4,14955.0,9,14960.0,36,14965.0,43,14970.0,78,14940.0
br2408,,13:40:56.0#,14805.0,15055.0,14765.0,16175.0,13230.0,13262,9143.0,14925.0,54,14930.0,40,14935.0,16,14940.0,7,14945.0,1,14950.0,4,14955.0,9,14960.0,36,14965.0,31,14970.0,90,14940.0
br2408,,13:40:56.500#,14805.0,15055.0,14765.0,16175.0,13230.0,13262,9143.0,14920.0,53,14925.0,54,14930.0,40,14935.0,16,14940.0,8,14950.0,4,14955.0,9,14960.0,36,14965.0,31,14970.0,78,14940.0
br2408,,13:40:57.0#,14805.0,15055.0,14765.0,16175.0,13230.0,13262,9143.0,14920.0,53,14925.0,54,14930.0,40,14935.0,16,14940.0,7,14950.0,4,14955.0,9,14960.0,36,14965.0,31,14970.0,78,14940.0
br2408,,13:40:58.0#,14805.0,15055.0,14765.0,16175.0,13230.0,13262,9143.0,14920.0,53,14925.0,54,14930.0,40,14935.0,16,14940.0,7,14950.0,4,14955.0,9,14960.0,36,14965.0,31,14970.0,78,14940.0
br2408,,13:40:58.500#,14805.0,15055.0,14765.0,16175.0,13230.0,13262,9143.0,14920.0,54,14925.0,53,14930.0,40,14935.0,16,14940.0,7,14950.0,4,14955.0,9,14960.0,36,14965.0,31,14970.0,90,14940.0
br2408,,13:40:59.0#,14805.0,15055.0,14765.0,16175.0,13230.0,13262,9143.0,14920.0,65,14925.0,54,14930.0,40,14935.0,16,14940.0,7,14950.0,4,14955.0,9,14960.0,36,14965.0,31,14970.0,90,14940.0
br2408,,13:40:59.500#,14805.0,15055.0,14765.0,16175.0,13230.0,13262,9143.0,14920.0,65,14925.0,54,14930.0,40,14935.0,16,14940.0,7,14950.0,4,14955.0,9,14960.0,36,14965.0,31,14970.0,90,14940.0
br2408,,13:41:00.0#,14805.0,15055.0,14765.0,16175.0,13230.0,13262,9143.0,14920.0,65,14925.0,54,14930.0,40,14935.0,16,14940.0,7,14950.0,4,14955.0,9,14960.0,36,14965.0,31,14970.0,90,14940.0
br2408,,13:41:00.500#,14805.0,15055.0,14765.0,16175.0,13230.0,13262,9143.0,14920.0,65,14925.0,54,14930.0,40,14935.0,16,14940.0,7,14950.0,4,14955.0,9,14960.0,36,14965.0,31,14970.0,90,14940.0
br2408,,13:41:01.0#,14805.0,15055.0,14765.0,16175.0,13230.0,13262,9143.0,14920.0,65,14925.0,54,14930.0,40,14935.0,14,14940.0,9,14950.0,4,14955.0,9,14960.0,36,14965.0,31,14970.0,90,14940.0
br2408,,13:41:01.500#,14805.0,15055.0,14765.0,16175.0,13230.0,13262,9143.0,14920.0,65,14925.0,54,14930.0,40,14935.0,14,14940.0,9,14950.0,4,14955.0,9,14960.0,36,14965.0,31,14970.0,90,14940.0
br2408,,13:41:02.0#,14805.0,15055.0,14765.0,16175.0,13230.0,13262,9143.0,14920.0,54,14925.0,53,14930.0,40,14935.0,14,14940.0,9,14945.0,2,14950.0,4,14955.0,9,14960.0,36,14965.0,31,14940.0
br2408,,13:41:02.500#,14805.0,15055.0,14765.0,16175.0,13230.0,13262,9143.0,14920.0,77,14925.0,42,14930.0,41,14935.0,10,14940.0,7,14945.0,4,14950.0,9,14955.0,9,14960.0,35,14965.0,43,14940.0
br2408,,13:41:03.0#,14805.0,15055.0,14765.0,16175.0,13230.0,13262,9143.0,14920.0,53,14925.0,64,14930.0,32,14935.0,10,14940.0,5,14945.0,4,14950.0,10,14955.0,18,14960.0,26,14965.0,55,14940.0
br2408,,13:41:03.500#,14805.0,15055.0,14765.0,16175.0,13230.0,13267,9144.0,14915.0,17,14920.0,53,14925.0,64,14930.0,32,14935.0,7,14945.0,4,14950.0,10,14955.0,18,14960.0,26,14965.0,55,14940.0
br2408,,13:41:04.0#,14805.0,15055.0,14765.0,16175.0,13230.0,13267,9144.0,14915.0,27,14920.0,68,14925.0,27,14930.0,32,14935.0,7,14945.0,15,14950.0,10,14955.0,18,14960.0,62,14965.0,40,14940.0
br2408,,13:41:04.500#,14805.0,15055.0,14765.0,16175.0,13230.0,13267,9144.0,14915.0,27,14920.0,80,14925.0,16,14930.0,28,14935.0,5,14945.0,27,14950.0,10,14955.0,17,14960.0,74,14965.0,52,14940.0
br2408,,13:41:05.0#,14805.0,15055.0,14765.0,16175.0,13230.0,13267,9144.0,14915.0,40,14920.0,56,14925.0,16,14930.0,28,14935.0,5,14945.0,27,14950.0,10,14955.0,17,14960.0,97,14965.0,29,14940.0
br2408,,13:41:05.500#,14805.0,15055.0,14765.0,16175.0,13230.0,13267,9144.0,14915.0,52,14920.0,56,14925.0,16,14930.0,28,14935.0,5,14945.0,27,14950.0,10,14955.0,17,14960.0,109,14965.0,29,14940.0
br2408,,13:41:06.0#,14805.0,15055.0,14765.0,16175.0,13230.0,13267,9144.0,14915.0,52,14920.0,56,14925.0,16,14930.0,28,14935.0,5,14945.0,27,14950.0,10,14955.0,17,14960.0,109,14965.0,29,14940.0
br2408,,13:41:06.500#,14805.0,15055.0,14765.0,16175.0,13230.0,13267,9144.0,14915.0,52,14920.0,56,14925.0,16,14930.0,28,14935.0,5,14945.0,27,14950.0,10,14955.0,17,14960.0,109,14965.0,29,14940.0
br2408,,13:41:07.0#,14805.0,15055.0,14765.0,16175.0,13230.0,13267,9144.0,14915.0,52,14920.0,56,14925.0,16,14930.0,28,14935.0,5,14945.0,27,14950.0,10,14955.0,17,14960.0,109,14965.0,29,14940.0
br2408,,13:41:07.500#,14805.0,15055.0,14765.0,16175.0,13230.0,13267,9144.0,14915.0,52,14920.0,56,14925.0,16,14930.0,28,14935.0,5,14945.0,27,14950.0,10,14955.0,17,14960.0,109,14965.0,29,14940.0
br2408,,13:41:08.500#,14805.0,15055.0,14765.0,16175.0,13230.0,13267,9144.0,14915.0,52,14920.0,56,14925.0,16,14930.0,28,14935.0,5,14945.0,27,14950.0,10,14955.0,17,14960.0,109,14965.0,29,14940.0
br2408,,13:41:09.0#,14805.0,15055.0,14765.0,16175.0,13230.0,13267,9144.0,14915.0,52,14920.0,56,14925.0,16,14930.0,28,14935.0,5,14945.0,27,14950.0,10,14955.0,17,14960.0,109,14965.0,29,14940.0
br2408,,13:41:09.500#,14805.0,15055.0,14765.0,16175.0,13230.0,13267,9144.0,14915.0,52,14920.0,56,14925.0,16,14930.0,28,14935.0,5,14945.0,27,14950.0,10,14955.0,17,14960.0,109,14965.0,29,14940.0
br2408,,13:41:10.0#,14805.0,15055.0,14765.0,16175.0,13230.0,13267,9144.0,14915.0,52,14920.0,56,14925.0,16,14930.0,28,14935.0,5,14945.0,27,14950.0,10,14955.0,17,14960.0,109,14965.0,29,14940.0
br2408,,13:41:11.500#,14805.0,15055.0,14765.0,16175.0,13230.0,13267,9144.0,14915.0,52,14920.0,56,14925.0,16,14930.0,28,14935.0,7,14945.0,27,14950.0,10,14955.0,17,14960.0,109,14965.0,29,14940.0
br2408,,13:41:12.0#,14805.0,15055.0,14765.0,16175.0,13230.0,13267,9144.0,14915.0,52,14920.0,56,14925.0,16,14930.0,28,14935.0,8,14945.0,27,14950.0,10,14955.0,17,14960.0,109,14965.0,29,14940.0
br2408,,13:41:12.500#,14805.0,15055.0,14765.0,16175.0,13230.0,13267,9144.0,14915.0,52,14920.0,56,14925.0,16,14930.0,28,14935.0,8,14945.0,27,14950.0,10,14955.0,17,14960.0,109,14965.0,29,14940.0
br2408,,13:41:13.0#,14805.0,15055.0,14765.0,16175.0,13230.0,13267,9144.0,14915.0,52,14920.0,56,14925.0,16,14930.0,28,14935.0,8,14945.0,28,14950.0,10,14955.0,17,14960.0,109,14965.0,29,14940.0
br2408,,13:41:13.500#,14805.0,15055.0,14765.0,16175.0,13230.0,13267,9144.0,14915.0,52,14920.0,56,14925.0,16,14930.0,28,14935.0,8,14945.0,28,14950.0,10,14955.0,17,14960.0,109,14965.0,29,14940.0
br2408,,13:41:14.500#,14805.0,15055.0,14765.0,16175.0,13230.0,13267,9144.0,14915.0,52,14920.0,56,14925.0,16,14930.0,27,14935.0,9,14945.0,28,14950.0,10,14955.0,17,14960.0,109,14965.0,29,14940.0
br2408,,13:41:15.0#,14805.0,15055.0,14765.0,16175.0,13230.0,13267,9144.0,14915.0,52,14920.0,56,14925.0,16,14930.0,27,14935.0,9,14945.0,28,14950.0,10,14955.0,17,14960.0,109,14965.0,29,14940.0
br2408,,13:41:15.500#,14805.0,15055.0,14765.0,16175.0,13230.0,13267,9144.0,14915.0,52,14920.0,56,14925.0,16,14930.0,27,14935.0,9,14945.0,28,14950.0,10,14955.0,17,14960.0,109,14965.0,29,14940.0
br2408,,13:41:16.0#,14805.0,15055.0,14765.0,16175.0,13230.0,13267,9144.0,14915.0,52,14920.0,56,14925.0,16,14930.0,31,14935.0,9,14945.0,24,14950.0,10,14955.0,17,14960.0,109,14965.0,29,14940.0
br2408,,13:41:16.500#,14805.0,15055.0,14765.0,16175.0,13230.0,13267,9144.0,14915.0,63,14920.0,56,14925.0,16,14930.0,31,14935.0,9,14945.0,24,14950.0,10,14955.0,17,14960.0,97,14965.0,29,14940.0
br2408,,13:41:17.0#,14805.0,15055.0,14765.0,16175.0,13230.0,13268,9143.0,14915.0,63,14920.0,56,14925.0,16,14930.0,31,14935.0,9,14945.0,20,14950.0,10,14955.0,17,14960.0,98,14965.0,40,14940.0
br2408,,13:41:17.500#,14805.0,15055.0,14765.0,16175.0,13230.0,13268,9143.0,14915.0,63,14920.0,56,14925.0,16,14930.0,31,14935.0,9,14945.0,7,14950.0,10,14955.0,17,14960.0,98,14965.0,40,14940.0
br2408,,13:41:18.0#,14805.0,15055.0,14765.0,16175.0,13230.0,13268,9143.0,14915.0,63,14920.0,56,14925.0,15,14930.0,31,14935.0,10,14945.0,15,14950.0,10,14955.0,18,14960.0,98,14965.0,40,14940.0
br2408,,13:41:18.500#,14805.0,15055.0,14765.0,16175.0,13230.0,13268,9143.0,14915.0,63,14920.0,56,14925.0,16,14930.0,27,14935.0,9,14945.0,26,14950.0,10,14955.0,17,14960.0,98,14965.0,40,14940.0
br2408,,13:41:19.0#,14805.0,15055.0,14765.0,16175.0,13230.0,13268,9143.0,14915.0,63,14920.0,56,14925.0,15,14930.0,27,14935.0,9,14945.0,28,14950.0,9,14955.0,17,14960.0,98,14965.0,40,14940.0
br2408,,13:41:19.500#,14805.0,15055.0,14765.0,16175.0,13230.0,13268,9143.0,14915.0,52,14920.0,56,14925.0,16,14930.0,31,14935.0,9,14945.0,24,14950.0,10,14955.0,17,14960.0,109,14965.0,29,14940.0
br2408,,13:41:20.0#,14805.0,15055.0,14765.0,16175.0,13230.0,13268,9143.0,14915.0,63,14920.0,56,14925.0,15,14930.0,31,14935.0,9,14945.0,24,14950.0,9,14955.0,17,14960.0,97,14965.0,29,14940.0
br2408,,13:41:20.500#,14805.0,15055.0,14765.0,16175.0,13230.0,13268,9143.0,14920.0,56,14925.0,16,14930.0,31,14935.0,9,14940.0,1,14945.0,7,14950.0,10,14955.0,17,14960.0,98,14965.0,40,14940.0
br2408,,13:41:21.0#,14805.0,15055.0,14765.0,16175.0,13230.0,13268,9143.0,14920.0,44,14925.0,27,14930.0,31,14935.0,10,14940.0,1,14945.0,6,14950.0,10,14955.0,18,14960.0,86,14965.0,52,14940.0
br2408,,13:41:21.500#,14805.0,15055.0,14765.0,16175.0,13230.0,13269,9142.0,14915.0,51,14920.0,44,14925.0,27,14930.0,30,14935.0,10,14945.0,5,14950.0,10,14955.0,17,14960.0,62,14965.0,64,14945.0
br2408,,13:41:22.0#,14805.0,15055.0,14765.0,16175.0,13230.0,13269,9142.0,14915.0,51,14920.0,56,14925.0,15,14930.0,31,14935.0,10,14945.0,5,14950.0,10,14955.0,18,14960.0,50,14965.0,76,14945.0
br2408,,13:41:22.500#,14805.0,15055.0,14765.0,16175.0,13230.0,13269,9142.0,14915.0,51,14920.0,56,14925.0,15,14930.0,30,14935.0,10,14945.0,5,14950.0,10,14955.0,17,14960.0,50,14965.0,76,14945.0
br2408,,13:41:23.0#,14805.0,15055.0,14765.0,16175.0,13230.0,13269,9142.0,14915.0,51,14920.0,56,14925.0,15,14930.0,31,14935.0,10,14945.0,5,14950.0,10,14955.0,18,14960.0,50,14965.0,76,14945.0
br2408,,13:41:23.500#,14805.0,15055.0,14765.0,16175.0,13230.0,13269,9142.0,14915.0,51,14920.0,56,14925.0,15,14930.0,30,14935.0,10,14940.0,2,14945.0,5,14950.0,10,14955.0,17,14960.0,50,14945.0
br2408,,13:41:24.0#,14805.0,15055.0,14765.0,16175.0,13230.0,13271,9144.0,14915.0,75,14920.0,44,14925.0,16,14930.0,31,14935.0,9,14945.0,6,14950.0,10,14955.0,17,14960.0,62,14965.0,76,14940.0
br2408,,13:41:24.500#,14805.0,15055.0,14765.0,16175.0,13230.0,13271,9144.0,14915.0,51,14920.0,56,14925.0,15,14930.0,31,14935.0,10,14945.0,5,14950.0,10,14955.0,18,14960.0,50,14965.0,76,14940.0
br2408,,13:41:25.0#,14805.0,15055.0,14765.0,16175.0,13230.0,13271,9144.0,14915.0,40,14920.0,55,14925.0,15,14930.0,30,14935.0,10,14945.0,5,14950.0,10,14955.0,17,14960.0,50,14965.0,76,14940.0
br2408,,13:41:25.500#,14805.0,15055.0,14765.0,16175.0,13230.0,13271,9144.0,14915.0,51,14920.0,56,14925.0,15,14930.0,27,14935.0,10,14940.0,1,14945.0,18,14950.0,10,14955.0,18,14960.0,50,14940.0
br2408,,13:41:26.0#,14805.0,15055.0,14765.0,16175.0,13230.0,13272,9144.0,14915.0,51,14920.0,56,14925.0,16,14930.0,27,14935.0,9,14945.0,10,14950.0,10,14955.0,17,14960.0,74,14965.0,52,14940.0
br2408,,13:41:26.500#,14805.0,15055.0,14765.0,16175.0,13230.0,13272,9144.0,14915.0,51,14920.0,56,14925.0,16,14930.0,27,14935.0,9,14945.0,25,14950.0,10,14955.0,17,14960.0,74,14965.0,52,14940.0
br2408,,13:41:27.0#,14805.0,15055.0,14765.0,16175.0,13230.0,13272,9144.0,14915.0,51,14920.0,56,14925.0,16,14930.0,27,14935.0,9,14945.0,25,14950.0,10,14955.0,17,14960.0,74,14965.0,52,14940.0
br2408,,13:41:27.500#,14805.0,15055.0,14765.0,16175.0,13230.0,13272,9144.0,14915.0,51,14920.0,56,14925.0,16,14930.0,27,14935.0,9,14945.0,24,14950.0,10,14955.0,17,14960.0,74,14965.0,52,14940.0
br2408,,13:41:28.0#,14805.0,15055.0,14765.0,16175.0,13230.0,13272,9144.0,14915.0,51,14920.0,56,14925.0,16,14930.0,27,14935.0,9,14945.0,24,14950.0,10,14955.0,17,14960.0,74,14965.0,52,14940.0
br2408,,13:41:28.500#,14805.0,15055.0,14765.0,16175.0,13230.0,13272,9144.0,14915.0,63,14920.0,56,14925.0,16,14930.0,31,14935.0,9,14945.0,20,14950.0,10,14955.0,17,14960.0,74,14965.0,53,14940.0
br2408,,13:41:29.0#,14805.0,15055.0,14765.0,16175.0,13230.0,13272,9144.0,14920.0,56,14925.0,16,14930.0,31,14935.0,9,14940.0,1,14945.0,5,14950.0,10,14955.0,17,14960.0,74,14965.0,64,14940.0
br2408,,13:41:29.500#,14805.0,15055.0,14765.0,16175.0,13230.0,13272,9144.0,14915.0,63,14920.0,44,14925.0,27,14930.0,31,14935.0,10,14945.0,4,14950.0,10,14955.0,18,14960.0,62,14965.0,76,14940.0
br2408,,13:41:30.0#,14805.0,15055.0,14765.0,16175.0,13230.0,13272,9144.0,14915.0,51,14920.0,56,14925.0,15,14930.0,31,14935.0,10,14945.0,4,14950.0,10,14955.0,18,14960.0,50,14965.0,76,14940.0
br2408,,13:41:30.500#,14805.0,15055.0,14765.0,16175.0,13230.0,13272,9144.0,14915.0,40,14920.0,55,14925.0,15,14930.0,30,14935.0,10,14945.0,4,14950.0,10,14955.0,17,14960.0,50,14965.0,76,14940.0
br2408,,13:41:31.0#,14805.0,15055.0,14765.0,16175.0,13230.0,13272,9144.0,14915.0,51,14920.0,56,14925.0,15,14930.0,31,14935.0,10,14945.0,13,14950.0,10,14955.0,18,14960.0,50,14965.0,76,14940.0
br2408,,13:41:31.500#,14805.0,15055.0,14765.0,16175.0,13230.0,13272,9144.0,14920.0,56,14925.0,16,14930.0,31,14935.0,9,14940.0,1,14945.0,17,14950.0,10,14955.0,17,14960.0,50,14965.0,88,14940.0
br2408,,13:41:32.0#,14805.0,15055.0,14765.0,16175.0,13230.0,13273,9145.0,14915.0,63,14920.0,56,14925.0,15,14930.0,27,14935.0,10,14945.0,23,14950.0,10,14955.0,18,14960.0,50,14965.0,88,14940.0
br2408,,13:41:32.500#,14805.0,15055.0,14765.0,16175.0,13230.0,13273,9145.0,14915.0,51,14920.0,56,14925.0,16,14930.0,31,14935.0,9,14945.0,20,14950.0,10,14955.0,17,14960.0,74,14965.0,41,14940.0
br2408,,13:41:33.0#,14805.0,15055.0,14765.0,16175.0,13230.0,13274,9144.0,14920.0,56,14925.0,16,14930.0,31,14935.0,9,14940.0,1,14945.0,19,14950.0,10,14955.0,17,14960.0,74,14965.0,52,14945.0
br2408,,13:41:33.500#,14805.0,15055.0,14765.0,16175.0,13230.0,13274,9144.0,14920.0,44,14925.0,27,14930.0,31,14935.0,10,14940.0,1,14945.0,20,14950.0,10,14955.0,18,14960.0,74,14965.0,52,14945.0
br2408,,13:41:34.0#,14805.0,15055.0,14765.0,16175.0,13230.0,13276,9146.0,14920.0,44,14925.0,27,14930.0,31,14935.0,10,14940.0,1,14945.0,18,14950.0,10,14955.0,18,14960.0,62,14965.0,64,14945.0
br2408,,13:41:34.500#,14805.0,15055.0,14765.0,16175.0,13230.0,13277,9145.0,14915.0,51,14920.0,44,14925.0,27,14930.0,31,14935.0,10,14945.0,18,14950.0,10,14955.0,18,14960.0,62,14965.0,64,14940.0
br2408,,13:41:35.0#,14805.0,15055.0,14765.0,16175.0,13230.0,13277,9145.0,14915.0,51,14920.0,56,14925.0,16,14930.0,31,14935.0,9,14945.0,19,14950.0,10,14955.0,17,14960.0,74,14965.0,52,14940.0
br2408,,13:41:35.500#,14805.0,15055.0,14765.0,16175.0,13230.0,13277,9145.0,14915.0,51,14920.0,56,14925.0,16,14930.0,31,14935.0,9,14945.0,19,14950.0,10,14955.0,17,14960.0,86,14965.0,40,14940.0
br2408,,13:41:36.0#,14805.0,15055.0,14765.0,16175.0,13230.0,13277,9145.0,14915.0,51,14920.0,56,14925.0,16,14930.0,31,14935.0,9,14945.0,19,14950.0,10,14955.0,17,14960.0,98,14965.0,28,14940.0
br2408,,13:41:36.500#,14805.0,15055.0,14765.0,16175.0,13230.0,13277,9145.0,14915.0,63,14920.0,56,14925.0,16,14930.0,31,14935.0,9,14945.0,19,14950.0,10,14955.0,17,14960.0,98,14965.0,40,14940.0
br2408,,13:41:37.0#,14805.0,15055.0,14765.0,16175.0,13230.0,13277,9145.0,14915.0,63,14920.0,56,14925.0,16,14930.0,31,14935.0,9,14945.0,19,14950.0,10,14955.0,17,14960.0,98,14965.0,40,14940.0
br2408,,13:41:37.500#,14805.0,15055.0,14765.0,16175.0,13230.0,13277,9145.0,14915.0,63,14920.0,56,14925.0,16,14930.0,31,14935.0,9,14945.0,19,14950.0,10,14955.0,17,14960.0,98,14965.0,40,14940.0
br2408,,13:41:38.0#,14805.0,15055.0,14765.0,16175.0,13230.0,13279,9143.0,14915.0,63,14920.0,56,14925.0,16,14930.0,31,14935.0,9,14945.0,17,14950.0,10,14955.0,17,14960.0,98,14965.0,40,14945.0
br2408,,13:41:38.500#,14805.0,15055.0,14765.0,16175.0,13230.0,13279,9143.0,14915.0,63,14920.0,56,14925.0,16,14930.0,31,14935.0,9,14945.0,17,14950.0,10,14955.0,17,14960.0,98,14965.0,40,14945.0
br2408,,13:41:39.0#,14805.0,15055.0,14765.0,16175.0,13230.0,13279,9143.0,14915.0,63,14920.0,56,14925.0,16,14930.0,31,14935.0,9,14945.0,18,14950.0,10,14955.0,17,14960.0,98,14965.0,40,14945.0
br2408,,13:41:39.500#,14805.0,15055.0,14765.0,16175.0,13230.0,13279,9143.0,14915.0,63,14920.0,56,14925.0,16,14930.0,31,14935.0,9,14945.0,18,14950.0,10,14955.0,17,14960.0,98,14965.0,40,14945.0
br2408,,13:41:40.0#,14805.0,15055.0,14765.0,16175.0,13230.0,13279,9143.0,14915.0,63,14920.0,56,14925.0,16,14930.0,31,14935.0,9,14945.0,18,14950.0,10,14955.0,18,14960.0,98,14965.0,40,14945.0
br2408,,13:41:40.500#,14805.0,15055.0,14765.0,16175.0,13230.0,13279,9143.0,14915.0,52,14920.0,56,14925.0,16,14930.0,31,14935.0,9,14945.0,18,14950.0,10,14955.0,18,14960.0,97,14965.0,29,14945.0
br2408,,13:41:41.0#,14805.0,15055.0,14765.0,16175.0,13230.0,13279,9143.0,14915.0,63,14920.0,56,14925.0,16,14930.0,31,14935.0,9,14945.0,2,14950.0,10,14955.0,18,14960.0,98,14965.0,40,14945.0
br2408,,13:41:41.500#,14805.0,15055.0,14765.0,16175.0,13230.0,13279,9143.0,14920.0,67,14925.0,15,14930.0,31,14935.0,10,14940.0,1,14945.0,3,14950.0,10,14955.0,33,14960.0,63,14965.0,53,14945.0
br2408,,13:41:42.0#,14805.0,15055.0,14765.0,16175.0,13230.0,13279,9143.0,14920.0,56,14925.0,17,14930.0,40,14935.0,10,14940.0,1,14945.0,3,14950.0,10,14955.0,24,14960.0,60,14965.0,76,14945.0
br2408,,13:41:42.500#,14805.0,15055.0,14765.0,16175.0,13230.0,13279,9143.0,14920.0,44,14925.0,17,14930.0,40,14935.0,10,14940.0,1,14945.0,3,14950.0,10,14955.0,24,14960.0,60,14965.0,64,14945.0
br2408,,13:41:43.0#,14805.0,15055.0,14765.0,16175.0,13230.0,13279,9143.0,14915.0,51,14920.0,44,14925.0,27,14930.0,31,14935.0,10,14945.0,4,14950.0,10,14955.0,33,14960.0,50,14965.0,64,14945.0
br2408,,13:41:43.500#,14805.0,15055.0,14765.0,16175.0,13230.0,13279,9143.0,14915.0,63,14920.0,56,14925.0,15,14930.0,31,14935.0,10,14945.0,12,14950.0,10,14955.0,33,14960.0,62,14965.0,64,14945.0
br2408,,13:41:44.0#,14805.0,15055.0,14765.0,16175.0,13230.0,13280,9142.0,14915.0,51,14920.0,56,14925.0,16,14930.0,31,14935.0,9,14945.0,12,14950.0,10,14955.0,32,14960.0,62,14965.0,52,14945.0
br2408,,13:41:44.500#,14805.0,15055.0,14765.0,16175.0,13230.0,13280,9142.0,14915.0,51,14920.0,56,14925.0,16,14930.0,31,14935.0,9,14940.0,1,14945.0,16,14950.0,10,14955.0,32,14960.0,62,14945.0
br2408,,13:41:45.0#,14805.0,15055.0,14765.0,16175.0,13230.0,13281,9142.0,14915.0,51,14920.0,56,14925.0,16,14930.0,31,14935.0,9,14945.0,8,14950.0,11,14955.0,32,14960.0,74,14965.0,40,14940.0
br2408,,13:41:45.500#,14805.0,15055.0,14765.0,16175.0,13230.0,13281,9142.0,14915.0,51,14920.0,56,14925.0,15,14930.0,31,14935.0,10,14945.0,15,14950.0,10,14955.0,33,14960.0,62,14965.0,52,14940.0
br2408,,13:41:46.0#,14805.0,15055.0,14765.0,16175.0,13230.0,13281,9142.0,14915.0,51,14920.0,56,14925.0,16,14930.0,31,14935.0,9,14945.0,16,14950.0,10,14955.0,32,14960.0,74,14965.0,40,14940.0
br2408,,13:41:46.500#,14805.0,15055.0,14765.0,16175.0,13230.0,13281,9142.0,14915.0,51,14920.0,56,14925.0,16,14930.0,31,14935.0,9,14945.0,16,14950.0,10,14955.0,32,14960.0,86,14965.0,28,14940.0
br2408,,13:41:47.0#,14805.0,15055.0,14765.0,16175.0,13230.0,13281,9142.0,14915.0,51,14920.0,56,14925.0,16,14930.0,31,14935.0,9,14945.0,16,14950.0,10,14955.0,32,14960.0,86,14965.0,28,14940.0
br2408,,13:41:47.500#,14805.0,15055.0,14765.0,16175.0,13230.0,13281,9142.0,14915.0,63,14920.0,56,14925.0,16,14930.0,31,14935.0,9,14945.0,16,14950.0,10,14955.0,32,14960.0,86,14965.0,40,14940.0
br2408,,13:41:48.0#,14805.0,15055.0,14765.0,16175.0,13230.0,13282,9141.0,14915.0,63,14920.0,56,14925.0,16,14930.0,31,14935.0,8,14945.0,16,14950.0,10,14955.0,32,14960.0,86,14965.0,40,14935.0
br2408,,13:41:48.500#,14805.0,15055.0,14765.0,16175.0,13230.0,13282,9141.0,14915.0,63,14920.0,56,14925.0,16,14930.0,31,14935.0,8,14945.0,16,14950.0,10,14955.0,32,14960.0,86,14965.0,40,14935.0
br2408,,13:41:49.0#,14805.0,15055.0,14765.0,16175.0,13230.0,13282,9141.0,14915.0,63,14920.0,56,14925.0,16,14930.0,31,14935.0,9,14945.0,16,14950.0,10,14955.0,32,14960.0,86,14965.0,40,14935.0
br2408,,13:41:49.500#,14805.0,15055.0,14765.0,16175.0,13230.0,13282,9141.0,14915.0,63,14920.0,56,14925.0,16,14930.0,31,14935.0,9,14945.0,16,14950.0,10,14955.0,32,14960.0,86,14965.0,40,14935.0
br2408,,13:41:50.0#,14805.0,15055.0,14765.0,16175.0,13230.0,13282,9141.0,14915.0,63,14920.0,56,14925.0,16,14930.0,31,14935.0,9,14945.0,16,14950.0,10,14955.0,32,14960.0,86,14965.0,40,14935.0
br2408,,13:41:50.500#,14805.0,15055.0,14765.0,16175.0,13230.0,13282,9141.0,14915.0,52,14920.0,56,14925.0,16,14930.0,31,14935.0,9,14940.0,1,14945.0,16,14950.0,10,14955.0,32,14960.0,85,14935.0
br2408,,13:41:51.0#,14805.0,15055.0,14765.0,16175.0,13230.0,13283,9141.0,14915.0,63,14920.0,56,14925.0,16,14930.0,31,14935.0,9,14945.0,4,14950.0,10,14955.0,32,14960.0,86,14965.0,40,14940.0
br2408,,13:41:51.500#,14805.0,15055.0,14765.0,16175.0,13230.0,13283,9141.0,14915.0,52,14920.0,55,14925.0,15,14930.0,31,14935.0,10,14945.0,3,14950.0,10,14955.0,33,14960.0,86,14965.0,29,14940.0
br2408,,13:41:52.0#,14805.0,15055.0,14765.0,16175.0,13230.0,13283,9141.0,14915.0,40,14920.0,67,14925.0,15,14930.0,30,14935.0,10,14945.0,3,14950.0,10,14955.0,32,14960.0,86,14965.0,17,14940.0
br2408,,13:41:52.500#,14805.0,15055.0,14765.0,16175.0,13230.0,13283,9141.0,14915.0,52,14920.0,67,14925.0,15,14930.0,31,14935.0,10,14945.0,11,14950.0,10,14955.0,33,14960.0,62,14965.0,53,14940.0
br2408,,13:41:53.0#,14805.0,15055.0,14765.0,16175.0,13230.0,13283,9141.0,14915.0,63,14920.0,56,14925.0,16,14930.0,31,14935.0,9,14945.0,12,14950.0,10,14955.0,32,14960.0,62,14965.0,64,14940.0
br2408,,13:41:53.500#,14805.0,15055.0,14765.0,16175.0,13230.0,13283,9141.0,14915.0,63,14920.0,56,14925.0,16,14930.0,31,14935.0,9,14945.0,12,14950.0,10,14955.0,32,14960.0,62,14965.0,64,14940.0
br2408,,13:41:54.0#,14805.0,15055.0,14765.0,16175.0,13230.0,13283,9141.0,14915.0,63,14920.0,56,14925.0,16,14930.0,31,14935.0,9,14945.0,12,14950.0,10,14955.0,32,14960.0,62,14965.0,64,14940.0
br2408,,13:41:54.500#,14805.0,15055.0,14765.0,16175.0,13230.0,13283,9141.0,14915.0,63,14920.0,56,14925.0,16,14930.0,31,14935.0,9,14945.0,12,14950.0,10,14955.0,32,14960.0,62,14965.0,64,14940.0
br2408,,13:41:55.0#,14805.0,15055.0,14765.0,16175.0,13230.0,13283,9141.0,14915.0,63,14920.0,56,14925.0,16,14930.0,31,14935.0,9,14945.0,12,14950.0,10,14955.0,32,14960.0,62,14965.0,64,14940.0
br2408,,13:41:55.500#,14805.0,15055.0,14765.0,16175.0,13230.0,13283,9141.0,14915.0,63,14920.0,56,14925.0,16,14930.0,31,14935.0,9,14945.0,12,14950.0,10,14955.0,32,14960.0,62,14965.0,64,14940.0
br2408,,13:41:56.0#,14805.0,15055.0,14765.0,16175.0,13230.0,13283,9141.0,14915.0,63,14920.0,56,14925.0,16,14930.0,31,14935.0,9,14945.0,12,14950.0,10,14955.0,32,14960.0,62,14965.0,64,14940.0
br2408,,13:41:56.500#,14805.0,15055.0,14765.0,16175.0,13230.0,13303,9126.0,14910.0,15,14915.0,63,14920.0,56,14925.0,16,14930.0,21,14945.0,12,14950.0,10,14955.0,32,14960.0,62,14965.0,64,14930.0
br2408,,13:41:57.0#,14805.0,15055.0,14765.0,16175.0,13230.0,13303,9126.0,14910.0,15,14915.0,88,14920.0,21,14925.0,14,14930.0,20,14940.0,1,14945.0,12,14950.0,9,14955.0,32,14960.0,62,14930.0
br2408,,13:41:57.500#,14805.0,15055.0,14765.0,16175.0,13230.0,13304,9127.0,14910.0,14,14915.0,90,14920.0,17,14925.0,7,14930.0,20,14940.0,5,14945.0,4,14950.0,19,14955.0,48,14960.0,48,14940.0
br2408,,13:41:58.0#,14805.0,15055.0,14765.0,16175.0,13230.0,13324,9110.0,14905.0,19,14910.0,14,14915.0,79,14920.0,17,14925.0,7,14940.0,5,14945.0,3,14950.0,19,14955.0,48,14960.0,48,14930.0
br2408,,13:41:58.500#,14805.0,15055.0,14765.0,16175.0,13230.0,13324,9110.0,14910.0,38,14915.0,31,14920.0,18,14925.0,8,14930.0,3,14940.0,5,14945.0,8,14950.0,18,14955.0,59,14960.0,48,14930.0
br2408,,13:41:59.0#,14805.0,15055.0,14765.0,16175.0,13230.0,13324,9110.0,14910.0,27,14915.0,31,14920.0,17,14925.0,8,14930.0,3,14940.0,6,14945.0,7,14950.0,18,14955.0,46,14960.0,61,14930.0
br2408,,13:41:59.500#,14805.0,15055.0,14765.0,16175.0,13230.0,13324,9110.0,14910.0,26,14915.0,31,14920.0,18,14925.0,10,14930.0,3,14940.0,7,14945.0,8,14950.0,18,14955.0,47,14960.0,60,14930.0
br2408,,13:42:00.0#,14805.0,15055.0,14765.0,16175.0,13230.0,13343,9104.0,14900.0,14,14905.0,55,14910.0,27,14915.0,31,14920.0,18,14925.0,1,14940.0,7,14945.0,8,14950.0,18,14955.0,47,14925.0
br2408,,13:42:00.500#,14805.0,15055.0,14765.0,16175.0,13230.0,13345,9104.0,14905.0,41,14910.0,8,14915.0,5,14920.0,13,14925.0,9,14935.0,1,14940.0,9,14945.0,32,14950.0,32,14955.0,33,14930.0
br2408,,13:42:01.0#,14805.0,15055.0,14765.0,16175.0,13230.0,13348,9104.0,14905.0,27,14910.0,32,14915.0,15,14920.0,9,14925.0,30,14930.0,7,14935.0,4,14940.0,12,14945.0,16,14950.0,34,14935.0
br2408,,13:42:01.500#,14805.0,15055.0,14765.0,16175.0,13230.0,13375,9089.0,14900.0,38,14905.0,27,14910.0,33,14915.0,16,14925.0,3,14935.0,4,14940.0,13,14945.0,16,14950.0,34,14955.0,56,14915.0
br2408,,13:42:02.0#,14805.0,15055.0,14765.0,16175.0,13230.0,13375,9089.0,14905.0,27,14910.0,31,14915.0,15,14920.0,21,14925.0,9,14930.0,1,14935.0,7,14940.0,12,14945.0,16,14950.0,34,14915.0
br2408,,13:42:02.500#,14805.0,15055.0,14765.0,16175.0,13230.0,13380,9092.0,14905.0,38,14910.0,33,14915.0,12,14920.0,23,14925.0,6,14930.0,1,14935.0,11,14940.0,12,14945.0,6,14950.0,34,14930.0
br2408,,13:42:03.0#,14805.0,15055.0,14765.0,16175.0,13230.0,13382,9093.0,14900.0,14,14905.0,39,14910.0,34,14915.0,20,14920.0,30,14930.0,6,14935.0,12,14940.0,12,14945.0,6,14950.0,34,14930.0
br2408,,13:42:03.500#,14805.0,15055.0,14765.0,16175.0,13230.0,13382,9093.0,14900.0,50,14905.0,40,14910.0,17,14915.0,19,14920.0,31,14930.0,7,14935.0,12,14940.0,21,14945.0,31,14950.0,44,14930.0
br2408,,13:42:04.0#,14805.0,15055.0,14765.0,16175.0,13230.0,13382,9093.0,14900.0,26,14905.0,52,14910.0,17,14915.0,21,14920.0,11,14930.0,7,14935.0,12,14940.0,21,14945.0,31,14950.0,32,14930.0
br2408,,13:42:04.500#,14805.0,15055.0,14765.0,16175.0,13230.0,13382,9093.0,14900.0,14,14905.0,40,14910.0,19,14915.0,42,14920.0,11,14930.0,7,14935.0,12,14940.0,21,14945.0,31,14950.0,43,14930.0
br2408,,13:42:05.0#,14805.0,15055.0,14765.0,16175.0,13230.0,13382,9093.0,14900.0,37,14905.0,42,14910.0,22,14915.0,42,14920.0,8,14925.0,1,14930.0,7,14935.0,12,14940.0,21,14945.0,31,14930.0
br2408,,13:42:05.500#,14805.0,15055.0,14765.0,16175.0,13230.0,13382,9093.0,14895.0,25,14900.0,61,14905.0,39,14910.0,15,14915.0,44,14930.0,8,14935.0,20,14940.0,12,14945.0,43,14950.0,81,14930.0
br2408,,13:42:06.0#,14805.0,15055.0,14765.0,16175.0,13230.0,13382,9093.0,14900.0,50,14905.0,38,14910.0,15,14915.0,24,14920.0,1,14925.0,2,14930.0,9,14935.0,21,14940.0,13,14945.0,43,14930.0
br2408,,13:42:06.500#,14805.0,15055.0,14765.0,16175.0,13230.0,13382,9093.0,14900.0,40,14905.0,14,14910.0,36,14915.0,29,14920.0,3,14925.0,5,14930.0,11,14935.0,20,14940.0,36,14945.0,28,14930.0
br2408,,13:42:07.0#,14805.0,15055.0,14765.0,16175.0,13230.0,13382,9093.0,14900.0,53,14905.0,14,14910.0,39,14915.0,28,14920.0,3,14925.0,3,14930.0,11,14935.0,20,14940.0,36,14945.0,64,14930.0
br2408,,13:42:07.500#,14805.0,15055.0,14765.0,16175.0,13230.0,13382,9093.0,14900.0,64,14905.0,38,14910.0,40,14915.0,22,14920.0,3,14925.0,5,14930.0,11,14935.0,20,14940.0,12,14945.0,89,14930.0
br2408,,13:42:08.0#,14805.0,15055.0,14765.0,16175.0,13230.0,13382,9093.0,14900.0,52,14905.0,39,14910.0,39,14915.0,22,14920.0,3,14925.0,2,14930.0,10,14935.0,19,14940.0,35,14945.0,65,14930.0
br2408,,13:42:08.500#,14805.0,15055.0,14765.0,16175.0,13230.0,13382,9093.0,14900.0,61,14905.0,64,14910.0,40,14915.0,22,14920.0,3,14925.0,2,14930.0,10,14935.0,20,14940.0,11,14945.0,55,14930.0
br2408,,13:42:09.0#,14805.0,15055.0,14765.0,16175.0,13230.0,13383,9094.0,14900.0,49,14905.0,76,14910.0,40,14915.0,22,14920.0,3,14925.0,1,14930.0,10,14935.0,20,14940.0,11,14945.0,55,14925.0
br2408,,13:42:09.500#,14805.0,15055.0,14765.0,16175.0,13230.0,13383,9094.0,14900.0,37,14905.0,88,14910.0,39,14915.0,24,14920.0,3,14925.0,1,14930.0,10,14935.0,20,14940.0,11,14945.0,55,14925.0
br2408,,13:42:10.0#,14805.0,15055.0,14765.0,16175.0,13230.0,13383,9094.0,14900.0,38,14905.0,88,14910.0,40,14915.0,24,14920.0,3,14925.0,1,14930.0,10,14935.0,21,14940.0,11,14945.0,55,14925.0
br2408,,13:42:10.500#,14805.0,15055.0,14765.0,16175.0,13230.0,13383,9094.0,14900.0,38,14905.0,87,14910.0,41,14915.0,18,14920.0,3,14925.0,1,14930.0,10,14935.0,21,14940.0,11,14945.0,55,14925.0
br2408,,13:42:11.500#,14805.0,15055.0,14765.0,16175.0,13230.0,13384,9094.0,14905.0,87,14910.0,41,14915.0,18,14920.0,3,14925.0,1,14930.0,10,14935.0,21,14940.0,11,14945.0,55,14950.0,82,14925.0
br2408,,13:42:12.0#,14805.0,15055.0,14765.0,16175.0,13230.0,13384,9094.0,14905.0,65,14910.0,52,14915.0,18,14920.0,4,14925.0,1,14930.0,9,14935.0,12,14940.0,12,14945.0,42,14950.0,71,14925.0
br2408,,13:42:12.500#,14805.0,15055.0,14765.0,16175.0,13230.0,13384,9094.0,14905.0,77,14910.0,47,14915.0,27,14920.0,5,14925.0,4,14930.0,8,14935.0,12,14940.0,22,14945.0,31,14950.0,94,14925.0
br2408,,13:42:13.0#,14805.0,15055.0,14765.0,16175.0,13230.0,13384,9094.0,14905.0,77,14910.0,26,14915.0,28,14920.0,5,14925.0,4,14930.0,4,14935.0,12,14940.0,22,14945.0,31,14950.0,94,14925.0
br2408,,13:42:13.500#,14805.0,15055.0,14765.0,16175.0,13230.0,13384,9094.0,14905.0,65,14910.0,49,14915.0,28,14920.0,6,14925.0,4,14930.0,4,14935.0,12,14940.0,22,14945.0,7,14950.0,107,14925.0
br2408,,13:42:14.0#,14805.0,15055.0,14765.0,16175.0,13230.0,13384,9094.0,14905.0,77,14910.0,43,14915.0,34,14920.0,6,14925.0,4,14930.0,4,14935.0,12,14940.0,22,14945.0,7,14950.0,107,14925.0
br2408,,13:42:14.500#,14805.0,15055.0,14765.0,16175.0,13230.0,13384,9094.0,14905.0,65,14910.0,43,14915.0,34,14920.0,6,14925.0,4,14930.0,4,14935.0,12,14940.0,22,14945.0,7,14950.0,107,14925.0
br2408,,13:42:15.500#,14805.0,15055.0,14765.0,16175.0,13230.0,13384,9094.0,14905.0,77,14910.0,41,14915.0,35,14920.0,6,14925.0,4,14930.0,4,14935.0,11,14940.0,22,14945.0,7,14950.0,107,14925.0
br2408,,13:42:16.0#,14805.0,15055.0,14765.0,16175.0,13230.0,13384,9094.0,14905.0,77,14910.0,41,14915.0,34,14920.0,6,14925.0,4,14930.0,4,14935.0,11,14940.0,22,14945.0,7,14950.0,107,14925.0
br2408,,13:42:16.500#,14805.0,15055.0,14765.0,16175.0,13230.0,13384,9094.0,14905.0,77,14910.0,41,14915.0,34,14920.0,5,14925.0,4,14930.0,4,14935.0,11,14940.0,22,14945.0,7,14950.0,107,14925.0
br2408,,13:42:17.0#,14805.0,15055.0,14765.0,16175.0,13230.0,13384,9094.0,14905.0,77,14910.0,41,14915.0,32,14920.0,6,14925.0,4,14930.0,4,14935.0,12,14940.0,22,14945.0,7,14950.0,107,14925.0
br2408,,13:42:17.500#,14805.0,15055.0,14765.0,16175.0,13230.0,13384,9094.0,14905.0,64,14910.0,41,14915.0,32,14920.0,6,14925.0,4,14930.0,4,14935.0,12,14940.0,22,14945.0,7,14950.0,96,14925.0
br2408,,13:42:18.0#,14805.0,15055.0,14765.0,16175.0,13230.0,13384,9094.0,14905.0,77,14910.0,41,14915.0,32,14920.0,6,14925.0,4,14930.0,4,14935.0,12,14940.0,22,14945.0,7,14950.0,107,14925.0
br2408,,13:42:18.500#,14805.0,15055.0,14765.0,16175.0,13230.0,13384,9094.0,14905.0,77,14910.0,41,14915.0,32,14920.0,6,14925.0,4,14930.0,4,14935.0,12,14940.0,22,14945.0,7,14950.0,107,14925.0
br2408,,13:42:19.0#,14805.0,15055.0,14765.0,16175.0,13230.0,13384,9094.0,14905.0,77,14910.0,41,14915.0,32,14920.0,6,14925.0,4,14930.0,4,14935.0,12,14940.0,22,14945.0,8,14950.0,107,14925.0
br2408,,13:42:19.500#,14805.0,15055.0,14765.0,16175.0,13230.0,13384,9094.0,14905.0,77,14910.0,41,14915.0,32,14920.0,6,14925.0,4,14930.0,4,14935.0,12,14940.0,22,14945.0,8,14950.0,107,14925.0
br2408,,13:42:20.0#,14805.0,15055.0,14765.0,16175.0,13230.0,13385,9094.0,14905.0,77,14910.0,41,14915.0,32,14920.0,6,14925.0,4,14930.0,3,14935.0,12,14940.0,22,14945.0,8,14950.0,107,14930.0
br2408,,13:42:20.500#,14805.0,15055.0,14765.0,16175.0,13230.0,13385,9094.0,14905.0,87,14910.0,44,14915.0,32,14920.0,7,14925.0,4,14930.0,2,14935.0,12,14940.0,22,14945.0,7,14950.0,97,14930.0
br2408,,13:42:21.0#,14805.0,15055.0,14765.0,16175.0,13230.0,13387,9093.0,14905.0,64,14910.0,44,14915.0,31,14920.0,7,14925.0,4,14935.0,12,14940.0,21,14945.0,7,14950.0,96,14955.0,15,14930.0
br2408,,13:42:22.0#,14805.0,15055.0,14765.0,16175.0,13230.0,13387,9093.0,14910.0,46,14915.0,39,14920.0,8,14925.0,8,14930.0,3,14935.0,3,14940.0,11,14945.0,18,14950.0,62,14955.0,61,14930.0
br2408,,13:42:23.0#,14805.0,15055.0,14765.0,16175.0,13230.0,13388,9092.0,14910.0,78,14915.0,41,14920.0,60,14925.0,9,14930.0,6,14940.0,11,14945.0,9,14950.0,34,14955.0,76,14960.0,28,14935.0
br2408,,13:42:23.500#,14805.0,15055.0,14765.0,16175.0,13230.0,13388,9092.0,14915.0,63,14920.0,64,14925.0,9,14930.0,4,14935.0,1,14940.0,11,14945.0,9,14950.0,34,14955.0,52,14960.0,52,14935.0
br2408,,13:42:24.0#,14805.0,15055.0,14765.0,16175.0,13230.0,13388,9092.0,14915.0,68,14920.0,67,14925.0,16,14930.0,5,14935.0,4,14940.0,3,14945.0,9,14950.0,35,14955.0,44,14960.0,64,14935.0
br2408,,13:42:24.500#,14805.0,15055.0,14765.0,16175.0,13230.0,13388,9092.0,14915.0,73,14920.0,52,14925.0,48,14930.0,6,14935.0,4,14940.0,3,14945.0,8,14950.0,35,14955.0,7,14960.0,79,14935.0
br2408,,13:42:25.0#,14805.0,15055.0,14765.0,16175.0,13230.0,13388,9092.0,14915.0,47,14920.0,68,14925.0,59,14930.0,6,14935.0,4,14940.0,3,14945.0,8,14950.0,35,14955.0,7,14960.0,79,14935.0
br2408,,13:42:25.500#,14805.0,15055.0,14765.0,16175.0,13230.0,13388,9092.0,14915.0,35,14920.0,91,14925.0,60,14930.0,6,14935.0,4,14940.0,3,14945.0,8,14950.0,35,14955.0,7,14960.0,79,14935.0
br2408,,13:42:26.0#,14805.0,15055.0,14765.0,16175.0,13230.0,13388,9092.0,14915.0,35,14920.0,91,14925.0,33,14930.0,6,14935.0,4,14940.0,3,14945.0,8,14950.0,35,14955.0,13,14960.0,79,14935.0
br2408,,13:42:26.500#,14805.0,15055.0,14765.0,16175.0,13230.0,13388,9092.0,14915.0,35,14920.0,90,14925.0,29,14930.0,10,14935.0,4,14940.0,3,14945.0,8,14950.0,35,14955.0,13,14960.0,79,14935.0
br2408,,13:42:27.0#,14805.0,15055.0,14765.0,16175.0,13230.0,13388,9092.0,14915.0,35,14920.0,80,14925.0,38,14930.0,10,14935.0,5,14940.0,2,14945.0,8,14950.0,26,14955.0,23,14960.0,79,14935.0
br2408,,13:42:28.500#,14805.0,15055.0,14765.0,16175.0,13230.0,13388,9092.0,14915.0,35,14920.0,80,14925.0,37,14930.0,11,14935.0,5,14945.0,8,14950.0,25,14955.0,23,14960.0,80,14965.0,36,14935.0
br2408,,13:42:30.0#,14805.0,15055.0,14765.0,16175.0,13230.0,13388,9092.0,14915.0,35,14920.0,80,14925.0,37,14930.0,12,14935.0,5,14945.0,8,14950.0,25,14955.0,23,14960.0,80,14965.0,36,14935.0
br2408,,13:42:30.500#,14805.0,15055.0,14765.0,16175.0,13230.0,13388,9092.0,14915.0,35,14920.0,80,14925.0,37,14930.0,12,14935.0,5,14945.0,8,14950.0,25,14955.0,23,14960.0,80,14965.0,36,14935.0
br2408,,13:42:31.0#,14805.0,15055.0,14765.0,16175.0,13230.0,13388,9092.0,14915.0,35,14920.0,80,14925.0,37,14930.0,12,14935.0,5,14945.0,6,14950.0,25,14955.0,23,14960.0,80,14965.0,36,14935.0
br2408,,13:42:31.500#,14805.0,15055.0,14765.0,16175.0,13230.0,13388,9092.0,14915.0,35,14920.0,80,14925.0,39,14930.0,12,14935.0,5,14945.0,6,14950.0,25,14955.0,23,14960.0,80,14965.0,36,14935.0
br2408,,13:42:32.0#,14805.0,15055.0,14765.0,16175.0,13230.0,13393,9094.0,14910.0,18,14915.0,12,14920.0,78,14925.0,38,14930.0,13,14945.0,6,14950.0,24,14955.0,23,14960.0,80,14965.0,24,14935.0
br2408,,13:42:32.500#,14805.0,15055.0,14765.0,16175.0,13230.0,13393,9094.0,14910.0,18,14915.0,47,14920.0,55,14925.0,30,14930.0,12,14940.0,5,14945.0,18,14950.0,26,14955.0,14,14960.0,80,14935.0
br2408,,13:42:33.0#,14805.0,15055.0,14765.0,16175.0,13230.0,13393,9094.0,14910.0,28,14915.0,62,14920.0,18,14925.0,28,14930.0,6,14935.0,1,14940.0,5,14945.0,11,14950.0,25,14955.0,50,14935.0
br2408,,13:42:33.500#,14805.0,15055.0,14765.0,16175.0,13230.0,13394,9094.0,14910.0,64,14915.0,38,14920.0,7,14925.0,26,14930.0,4,14940.0,7,14945.0,11,14950.0,25,14955.0,50,14960.0,64,14935.0
br2408,,13:42:34.0#,14805.0,15055.0,14765.0,16175.0,13230.0,13394,9094.0,14910.0,76,14915.0,26,14920.0,9,14925.0,24,14930.0,3,14940.0,7,14945.0,11,14950.0,25,14955.0,38,14960.0,76,14935.0
br2408,,13:42:34.500#,14805.0,15055.0,14765.0,16175.0,13230.0,13394,9094.0,14910.0,76,14915.0,26,14920.0,8,14925.0,24,14930.0,5,14940.0,7,14945.0,11,14950.0,25,14955.0,38,14960.0,76,14935.0
br2408,,13:42:35.0#,14805.0,15055.0,14765.0,16175.0,13230.0,13394,9094.0,14910.0,76,14915.0,26,14920.0,8,14925.0,18,14930.0,3,14940.0,7,14945.0,11,14950.0,25,14955.0,38,14960.0,76,14935.0
br2408,,13:42:35.500#,14805.0,15055.0,14765.0,16175.0,13230.0,13394,9094.0,14910.0,52,14915.0,26,14920.0,24,14925.0,18,14930.0,4,14940.0,8,14945.0,11,14950.0,34,14955.0,38,14960.0,76,14935.0
br2408,,13:42:36.0#,14805.0,15055.0,14765.0,16175.0,13230.0,13394,9094.0,14910.0,64,14915.0,26,14920.0,24,14925.0,17,14930.0,4,14940.0,8,14945.0,11,14950.0,34,14955.0,38,14960.0,88,14935.0
br2408,,13:42:36.500#,14805.0,15055.0,14765.0,16175.0,13230.0,13394,9094.0,14910.0,76,14915.0,26,14920.0,24,14925.0,17,14930.0,5,14940.0,8,14945.0,11,14950.0,34,14955.0,38,14960.0,88,14935.0
br2408,,13:42:37.0#,14805.0,15055.0,14765.0,16175.0,13230.0,13394,9094.0,14910.0,76,14915.0,26,14920.0,24,14925.0,17,14930.0,5,14940.0,8,14945.0,12,14950.0,34,14955.0,38,14960.0,88,14935.0
br2408,,13:42:37.500#,14805.0,15055.0,14765.0,16175.0,13230.0,13394,9094.0,14910.0,88,14915.0,26,14920.0,24,14925.0,17,14930.0,5,14940.0,8,14945.0,11,14950.0,34,14955.0,38,14960.0,88,14935.0
br2408,,13:42:38.0#,14805.0,15055.0,14765.0,16175.0,13230.0,13394,9094.0,14910.0,88,14915.0,26,14920.0,24,14925.0,17,14930.0,5,14940.0,8,14945.0,11,14950.0,34,14955.0,38,14960.0,88,14935.0
br2408,,13:42:38.500#,14805.0,15055.0,14765.0,16175.0,13230.0,13394,9094.0,14910.0,88,14915.0,26,14920.0,24,14925.0,17,14930.0,5,14940.0,8,14945.0,11,14950.0,34,14955.0,38,14960.0,88,14935.0
br2408,,13:42:39.0#,14805.0,15055.0,14765.0,16175.0,13230.0,13394,9094.0,14910.0,88,14915.0,26,14920.0,24,14925.0,17,14930.0,5,14940.0,8,14945.0,11,14950.0,34,14955.0,38,14960.0,88,14935.0
br2408,,13:42:39.500#,14805.0,15055.0,14765.0,16175.0,13230.0,13394,9094.0,14910.0,88,14915.0,26,14920.0,24,14925.0,17,14930.0,5,14940.0,9,14945.0,11,14950.0,34,14955.0,38,14960.0,88,14935.0
br2408,,13:42:40.0#,14805.0,15055.0,14765.0,16175.0,13230.0,13394,9094.0,14910.0,88,14915.0,26,14920.0,24,14925.0,17,14930.0,5,14940.0,9,14945.0,11,14950.0,34,14955.0,38,14960.0,88,14935.0
br2408,,13:42:40.500#,14805.0,15055.0,14765.0,16175.0,13230.0,13394,9094.0,14910.0,88,14915.0,26,14920.0,24,14925.0,17,14930.0,5,14940.0,9,14945.0,11,14950.0,34,14955.0,38,14960.0,88,14935.0
br2408,,13:42:41.0#,14805.0,15055.0,14765.0,16175.0,13230.0,13394,9094.0,14910.0,88,14915.0,26,14920.0,24,14925.0,17,14930.0,5,14940.0,9,14945.0,11,14950.0,34,14955.0,38,14960.0,88,14935.0
br2408,,13:42:41.500#,14805.0,15055.0,14765.0,16175.0,13230.0,13394,9094.0,14910.0,88,14915.0,26,14920.0,18,14925.0,18,14930.0,5,14940.0,9,14945.0,11,14950.0,34,14955.0,32,14960.0,88,14935.0
br2408,,13:42:42.0#,14805.0,15055.0,14765.0,16175.0,13230.0,13394,9094.0,14910.0,88,14915.0,26,14920.0,18,14925.0,18,14930.0,5,14940.0,9,14945.0,11,14950.0,34,14955.0,32,14960.0,88,14935.0
br2408,,13:42:43.0#,14805.0,15055.0,14765.0,16175.0,13230.0,13394,9094.0,14910.0,88,14915.0,26,14920.0,18,14925.0,18,14930.0,5,14940.0,9,14945.0,11,14950.0,34,14955.0,32,14960.0,88,14935.0
br2408,,13:42:43.500#,14805.0,15055.0,14765.0,16175.0,13230.0,13394,9094.0,14910.0,88,14915.0,26,14920.0,18,14925.0,18,14930.0,5,14940.0,9,14945.0,11,14950.0,34,14955.0,32,14960.0,88,14935.0
br2408,,13:42:44.0#,14805.0,15055.0,14765.0,16175.0,13230.0,13394,9094.0,14910.0,88,14915.0,26,14920.0,18,14925.0,18,14930.0,2,14935.0,1,14940.0,12,14945.0,11,14950.0,34,14955.0,32,14935.0
br2408,,13:42:44.500#,14805.0,15055.0,14765.0,16175.0,13230.0,13394,9094.0,14910.0,88,14915.0,37,14920.0,9,14925.0,18,14930.0,1,14935.0,4,14940.0,12,14945.0,20,14950.0,25,14955.0,32,14935.0
br2408,,13:42:45.0#,14805.0,15055.0,14765.0,16175.0,13230.0,13395,9095.0,14905.0,26,14910.0,79,14915.0,12,14920.0,9,14925.0,18,14935.0,4,14940.0,12,14945.0,20,14950.0,52,14955.0,29,14930.0
br2408,,13:42:45.500#,14805.0,15055.0,14765.0,16175.0,13230.0,13395,9095.0,14905.0,39,14910.0,66,14915.0,12,14920.0,9,14925.0,13,14935.0,9,14940.0,12,14945.0,20,14950.0,52,14955.0,42,14930.0
br2408,,13:42:46.0#,14805.0,15055.0,14765.0,16175.0,13230.0,13395,9095.0,14905.0,50,14910.0,55,14915.0,14,14920.0,8,14925.0,11,14935.0,5,14940.0,12,14945.0,20,14950.0,52,14955.0,77,14930.0
br2408,,13:42:46.500#,14805.0,15055.0,14765.0,16175.0,13230.0,13395,9095.0,14905.0,74,14910.0,31,14915.0,14,14920.0,10,14925.0,7,14930.0,1,14935.0,9,14940.0,12,14945.0,20,14950.0,52,14930.0
br2408,,13:42:47.0#,14805.0,15055.0,14765.0,16175.0,13230.0,13395,9095.0,14905.0,74,14910.0,31,14915.0,15,14920.0,9,14925.0,6,14935.0,10,14940.0,12,14945.0,19,14950.0,52,14955.0,66,14930.0
br2408,,13:42:47.500#,14805.0,15055.0,14765.0,16175.0,13230.0,13396,9095.0,14905.0,74,14910.0,31,14915.0,15,14920.0,9,14925.0,4,14930.0,1,14935.0,20,14940.0,13,14945.0,19,14950.0,52,14925.0
br2408,,13:42:48.0#,14805.0,15055.0,14765.0,16175.0,13230.0,13396,9095.0,14905.0,74,14910.0,31,14915.0,15,14920.0,9,14925.0,1,14930.0,3,14935.0,12,14940.0,13,14945.0,19,14950.0,76,14925.0
br2408,,13:42:48.500#,14805.0,15055.0,14765.0,16175.0,13230.0,13396,9095.0,14905.0,53,14910.0,16,14915.0,6,14920.0,10,14925.0,3,14930.0,4,14935.0,13,14940.0,21,14945.0,34,14950.0,85,14925.0
br2408,,13:42:49.0#,14805.0,15055.0,14765.0,16175.0,13230.0,13396,9095.0,14905.0,41,14910.0,16,14915.0,9,14920.0,7,14925.0,3,14930.0,4,14935.0,13,14940.0,21,14945.0,34,14950.0,85,14925.0
br2408,,13:42:49.500#,14805.0,15055.0,14765.0,16175.0,13230.0,13396,9095.0,14900.0,73,14905.0,41,14910.0,16,14915.0,9,14920.0,7,14930.0,4,14935.0,14,14940.0,21,14945.0,34,14950.0,97,14925.0
br2408,,13:42:50.0#,14805.0,15055.0,14765.0,16175.0,13230.0,13396,9095.0,14900.0,85,14905.0,30,14910.0,16,14915.0,10,14920.0,6,14930.0,4,14935.0,14,14940.0,21,14945.0,34,14950.0,109,14925.0
br2408,,13:42:50.500#,14805.0,15055.0,14765.0,16175.0,13230.0,13396,9095.0,14900.0,73,14905.0,30,14910.0,16,14915.0,10,14920.0,6,14930.0,4,14935.0,14,14940.0,21,14945.0,34,14950.0,97,14925.0
br2408,,13:42:51.0#,14805.0,15055.0,14765.0,16175.0,13230.0,13396,9095.0,14900.0,73,14905.0,30,14910.0,17,14915.0,9,14920.0,6,14930.0,4,14935.0,14,14940.0,21,14945.0,34,14950.0,97,14925.0
br2408,,13:42:51.500#,14805.0,15055.0,14765.0,16175.0,13230.0,13396,9095.0,14900.0,85,14905.0,30,14910.0,17,14915.0,9,14920.0,6,14930.0,4,14935.0,14,14940.0,21,14945.0,34,14950.0,109,14925.0
br2408,,13:42:52.0#,14805.0,15055.0,14765.0,16175.0,13230.0,13396,9095.0,14900.0,85,14905.0,30,14910.0,18,14915.0,8,14920.0,6,14930.0,4,14935.0,14,14940.0,21,14945.0,34,14950.0,109,14925.0
br2408,,13:42:52.500#,14805.0,15055.0,14765.0,16175.0,13230.0,13396,9095.0,14900.0,85,14905.0,30,14910.0,18,14915.0,7,14920.0,6,14930.0,4,14935.0,14,14940.0,21,14945.0,34,14950.0,109,14925.0
br2408,,13:42:53.0#,14805.0,15055.0,14765.0,16175.0,13230.0,13396,9095.0,14900.0,85,14905.0,30,14910.0,18,14915.0,8,14920.0,6,14930.0,4,14935.0,14,14940.0,21,14945.0,34,14950.0,109,14925.0
br2408,,13:42:53.500#,14805.0,15055.0,14765.0,16175.0,13230.0,13396,9095.0,14900.0,85,14905.0,30,14910.0,18,14915.0,8,14920.0,7,14930.0,4,14935.0,14,14940.0,21,14945.0,34,14950.0,109,14925.0
br2408,,13:42:54.0#,14805.0,15055.0,14765.0,16175.0,13230.0,13396,9095.0,14900.0,85,14905.0,30,14910.0,18,14915.0,8,14920.0,7,14930.0,4,14935.0,14,14940.0,21,14945.0,34,14950.0,109,14925.0
br2408,,13:42:54.500#,14805.0,15055.0,14765.0,16175.0,13230.0,13396,9095.0,14900.0,85,14905.0,30,14910.0,18,14915.0,8,14920.0,7,14930.0,4,14935.0,14,14940.0,21,14945.0,34,14950.0,109,14925.0
br2408,,13:42:55.0#,14805.0,15055.0,14765.0,16175.0,13230.0,13396,9095.0,14900.0,85,14905.0,30,14910.0,18,14915.0,8,14920.0,7,14930.0,4,14935.0,14,14940.0,21,14945.0,34,14950.0,109,14925.0
br2408,,13:42:55.500#,14805.0,15055.0,14765.0,16175.0,13230.0,13396,9095.0,14900.0,85,14905.0,30,14910.0,18,14915.0,8,14920.0,7,14930.0,4,14935.0,14,14940.0,21,14945.0,34,14950.0,109,14925.0
br2408,,13:42:56.0#,14805.0,15055.0,14765.0,16175.0,13230.0,13396,9095.0,14900.0,85,14905.0,30,14910.0,18,14915.0,8,14920.0,7,14930.0,4,14935.0,14,14940.0,21,14945.0,34,14950.0,109,14925.0
br2408,,13:42:56.500#,14805.0,15055.0,14765.0,16175.0,13230.0,13396,9095.0,14900.0,85,14905.0,30,14910.0,18,14915.0,8,14920.0,7,14930.0,4,14935.0,14,14940.0,21,14945.0,34,14950.0,109,14925.0
br2408,,13:42:57.0#,14805.0,15055.0,14765.0,16175.0,13230.0,13396,9095.0,14900.0,85,14905.0,30,14910.0,18,14915.0,8,14920.0,7,14930.0,4,14935.0,14,14940.0,21,14945.0,34,14950.0,109,14925.0
br2408,,13:42:57.500#,14805.0,15055.0,14765.0,16175.0,13230.0,13396,9095.0,14900.0,85,14905.0,30,14910.0,18,14915.0,8,14920.0,7,14930.0,4,14935.0,14,14940.0,21,14945.0,34,14950.0,109,14925.0
br2408,,13:42:58.0#,14805.0,15055.0,14765.0,16175.0,13230.0,13396,9095.0,14900.0,74,14905.0,30,14910.0,18,14915.0,8,14920.0,7,14930.0,4,14935.0,14,14940.0,21,14945.0,33,14950.0,98,14925.0
br2408,,13:42:58.500#,14805.0,15055.0,14765.0,16175.0,13230.0,13396,9095.0,14900.0,85,14905.0,30,14910.0,18,14915.0,8,14920.0,7,14930.0,4,14935.0,12,14940.0,21,14945.0,34,14950.0,109,14925.0
br2408,,13:42:59.0#,14805.0,15055.0,14765.0,16175.0,13230.0,13396,9095.0,14900.0,85,14905.0,30,14910.0,18,14915.0,8,14920.0,7,14930.0,4,14935.0,12,14940.0,21,14945.0,34,14950.0,109,14925.0
br2408,,13:42:59.500#,14805.0,15055.0,14765.0,16175.0,13230.0,13396,9095.0,14900.0,85,14905.0,30,14910.0,18,14915.0,8,14920.0,7,14930.0,8,14935.0,12,14940.0,21,14945.0,34,14950.0,109,14925.0
br2408,,13:43:00.0#,14805.0,15055.0,14765.0,16175.0,13230.0,13396,9095.0,14900.0,85,14905.0,30,14910.0,19,14915.0,8,14920.0,6,14930.0,9,14935.0,12,14940.0,20,14945.0,34,14950.0,109,14925.0
br2408,,13:43:00.500#,14805.0,15055.0,14765.0,16175.0,13230.0,13396,9095.0,14900.0,85,14905.0,30,14910.0,19,14915.0,8,14920.0,6,14930.0,9,14935.0,12,14940.0,20,14945.0,34,14950.0,109,14925.0
br2408,,13:43:01.0#,14805.0,15055.0,14765.0,16175.0,13230.0,13396,9095.0,14900.0,85,14905.0,30,14910.0,19,14915.0,8,14920.0,6,14930.0,9,14935.0,12,14940.0,20,14945.0,34,14950.0,109,14925.0
br2408,,13:43:01.500#,14805.0,15055.0,14765.0,16175.0,13230.0,13396,9095.0,14900.0,85,14905.0,30,14910.0,19,14915.0,8,14920.0,6,14930.0,9,14935.0,12,14940.0,20,14945.0,34,14950.0,109,14925.0
br2408,,13:43:02.0#,14805.0,15055.0,14765.0,16175.0,13230.0,13396,9095.0,14900.0,74,14905.0,29,14910.0,18,14915.0,8,14920.0,6,14930.0,9,14935.0,12,14940.0,20,14945.0,34,14950.0,98,14925.0
br2408,,13:43:02.500#,14805.0,15055.0,14765.0,16175.0,13230.0,13396,9095.0,14900.0,85,14905.0,30,14910.0,18,14915.0,8,14920.0,6,14925.0,1,14930.0,10,14935.0,12,14940.0,20,14945.0,34,14925.0
br2408,,13:43:03.0#,14805.0,15055.0,14765.0,16175.0,13230.0,13396,9095.0,14900.0,85,14905.0,31,14910.0,18,14915.0,8,14920.0,2,14930.0,10,14935.0,12,14940.0,21,14945.0,34,14950.0,108,14925.0
br2408,,13:43:03.500#,14805.0,15055.0,14765.0,16175.0,13230.0,13396,9095.0,14900.0,62,14905.0,30,14910.0,18,14915.0,7,14920.0,2,14925.0,1,14930.0,20,14935.0,12,14940.0,21,14945.0,45,14925.0
br2408,,13:43:04.0#,14805.0,15055.0,14765.0,16175.0,13230.0,13396,9095.0,14900.0,49,14905.0,39,14910.0,9,14915.0,7,14920.0,2,14925.0,1,14930.0,12,14935.0,21,14940.0,11,14945.0,58,14925.0
br2408,,13:43:04.500#,14805.0,15055.0,14765.0,16175.0,13230.0,13396,9095.0,14900.0,49,14905.0,39,14910.0,8,14915.0,7,14920.0,2,14925.0,1,14930.0,12,14935.0,20,14940.0,11,14945.0,58,14925.0
br2408,,13:43:05.0#,14805.0,15055.0,14765.0,16175.0,13230.0,13396,9095.0,14900.0,49,14905.0,39,14910.0,12,14915.0,4,14920.0,1,14925.0,1,14930.0,12,14935.0,21,14940.0,11,14945.0,58,14925.0
br2408,,13:43:05.500#,14805.0,15055.0,14765.0,16175.0,13230.0,13396,9095.0,14900.0,51,14905.0,38,14910.0,12,14915.0,4,14920.0,1,14925.0,1,14930.0,12,14935.0,21,14940.0,12,14945.0,68,14925.0
br2408,,13:43:06.0#,14805.0,15055.0,14765.0,16175.0,13230.0,13396,9095.0,14900.0,51,14905.0,38,14910.0,12,14915.0,4,14920.0,4,14925.0,1,14930.0,12,14935.0,21,14940.0,12,14945.0,68,14925.0
br2408,,13:43:06.500#,14805.0,15055.0,14765.0,16175.0,13230.0,13397,9096.0,14900.0,61,14905.0,29,14910.0,21,14915.0,3,14920.0,5,14930.0,12,14935.0,12,14940.0,21,14945.0,58,14950.0,85,14925.0
br2408,,13:43:07.0#,14805.0,15055.0,14765.0,16175.0,13230.0,13397,9096.0,14900.0,49,14905.0,41,14910.0,22,14915.0,3,14920.0,5,14930.0,20,14935.0,12,14940.0,21,14945.0,46,14950.0,97,14925.0
br2408,,13:43:07.500#,14805.0,15055.0,14765.0,16175.0,13230.0,13397,9096.0,14900.0,38,14905.0,41,14910.0,22,14915.0,3,14920.0,5,14925.0,1,14930.0,20,14935.0,12,14940.0,21,14945.0,57,14925.0
br2408,,13:43:08.0#,14805.0,15055.0,14765.0,16175.0,13230.0,13397,9096.0,14900.0,49,14905.0,29,14910.0,22,14915.0,3,14920.0,5,14925.0,1,14930.0,12,14935.0,12,14940.0,21,14945.0,58,14925.0
br2408,,13:43:08.500#,14805.0,15055.0,14765.0,16175.0,13230.0,13397,9096.0,14900.0,49,14905.0,29,14910.0,22,14915.0,3,14920.0,5,14925.0,1,14930.0,12,14935.0,12,14940.0,21,14945.0,58,14925.0
