InstrumentId,ExchangeId,Datetime,OpenPrice,HighestPrice,LowestPrice,UpperLimitPrice,LowerLimitPrice,Volume,OpenInterest,BidPrice5,BidVolume5,BidPrice4,BidVolume4,BidPrice3,BidVolume3,BidPrice2,BidVolume2,BidPrice1,BidVolume1,AskPrice1,AskVolume1,AskPrice2,AskVolume2,AskPrice3,AskVolume3,AskPrice4,AskVolume4,AskPrice5,AskVolume5,LastPrice
CF409,,13:38:35.500#,14645.0,14680.0,14565.0,15580.0,13810.0,225807,482141,14585.0,157,14590.0,147,14595.0,125,14600.0,1743,14605.0,570,14610.0,27,14615.0,276,14620.0,231,14625.0,158,14630.0,89,14605.0
CF409,,13:38:35.750#,14645.0,14680.0,14565.0,15580.0,13810.0,225808,482140,14585.0,157,14590.0,147,14595.0,125,14600.0,1743,14605.0,574,14610.0,26,14615.0,276,14620.0,231,14625.0,158,14630.0,89,14605.0
CF409,,13:38:36.0#,14645.0,14680.0,14565.0,15580.0,13810.0,225814,482140,14585.0,157,14590.0,147,14595.0,125,14600.0,1743,14605.0,576,14610.0,22,14615.0,276,14620.0,231,14625.0,158,14630.0,89,14605.0
CF409,,13:38:36.500#,14645.0,14680.0,14565.0,15580.0,13810.0,225814,482140,14585.0,157,14590.0,147,14595.0,125,14600.0,1743,14605.0,577,14610.0,22,14615.0,276,14620.0,231,14625.0,158,14630.0,89,14605.0
CF409,,13:38:37.0#,14645.0,14680.0,14565.0,15580.0,13810.0,225814,482140,14585.0,157,14590.0,147,14595.0,125,14600.0,1743,14605.0,578,14610.0,22,14615.0,276,14620.0,231,14625.0,158,14630.0,89,14605.0
CF409,,13:38:37.500#,14645.0,14680.0,14565.0,15580.0,13810.0,225815,482141,14585.0,157,14590.0,147,14595.0,125,14600.0,1743,14605.0,578,14610.0,21,14615.0,276,14620.0,231,14625.0,158,14630.0,89,14610.0
CF409,,13:38:37.750#,14645.0,14680.0,14565.0,15580.0,13810.0,225817,482141,14585.0,157,14590.0,147,14595.0,125,14600.0,1743,14605.0,578,14610.0,21,14615.0,276,14620.0,231,14625.0,158,14630.0,89,14605.0
CF409,,13:38:38.0#,14645.0,14680.0,14565.0,15580.0,13810.0,225817,482141,14585.0,157,14590.0,147,14595.0,125,14600.0,1743,14605.0,583,14610.0,45,14615.0,276,14620.0,231,14625.0,158,14630.0,89,14605.0
CF409,,13:38:38.250#,14645.0,14680.0,14565.0,15580.0,13810.0,225817,482141,14585.0,157,14590.0,147,14595.0,125,14600.0,1743,14605.0,583,14610.0,50,14615.0,276,14620.0,231,14625.0,158,14630.0,89,14605.0
CF409,,13:38:38.500#,14645.0,14680.0,14565.0,15580.0,13810.0,225817,482141,14585.0,157,14590.0,147,14595.0,125,14600.0,1743,14605.0,583,14610.0,51,14615.0,276,14620.0,231,14625.0,158,14630.0,89,14605.0
CF409,,13:38:39.0#,14645.0,14680.0,14565.0,15580.0,13810.0,225819,482142,14585.0,157,14590.0,147,14595.0,125,14600.0,1743,14605.0,584,14610.0,49,14615.0,276,14620.0,231,14625.0,158,14630.0,89,14610.0
CF409,,13:38:39.250#,14645.0,14680.0,14565.0,15580.0,13810.0,225819,482142,14585.0,157,14590.0,147,14595.0,125,14600.0,1743,14605.0,584,14610.0,50,14615.0,276,14620.0,231,14625.0,158,14630.0,89,14610.0
CF409,,13:38:39.750#,14645.0,14680.0,14565.0,15580.0,13810.0,225819,482142,14585.0,157,14590.0,147,14595.0,125,14600.0,1743,14605.0,579,14610.0,50,14615.0,276,14620.0,231,14625.0,158,14630.0,89,14610.0
CF409,,13:38:40.750#,14645.0,14680.0,14565.0,15580.0,13810.0,225819,482142,14585.0,157,14590.0,147,14595.0,125,14600.0,1743,14605.0,580,14610.0,50,14615.0,276,14620.0,231,14625.0,158,14630.0,89,14610.0
CF409,,13:38:42.0#,14645.0,14680.0,14565.0,15580.0,13810.0,225819,482142,14585.0,157,14590.0,147,14595.0,125,14600.0,1743,14605.0,581,14610.0,50,14615.0,276,14620.0,231,14625.0,158,14630.0,89,14610.0
CF409,,13:38:42.500#,14645.0,14680.0,14565.0,15580.0,13810.0,225821,482144,14585.0,157,14590.0,147,14595.0,125,14600.0,1743,14605.0,582,14610.0,65,14615.0,276,14620.0,231,14625.0,158,14630.0,89,14610.0
CF409,,13:38:42.750#,14645.0,14680.0,14565.0,15580.0,13810.0,225821,482144,14585.0,157,14590.0,147,14595.0,125,14600.0,1743,14605.0,582,14610.0,85,14615.0,276,14620.0,231,14625.0,158,14630.0,89,14610.0
CF409,,13:38:43.0#,14645.0,14680.0,14565.0,15580.0,13810.0,225821,482144,14585.0,157,14590.0,147,14595.0,125,14600.0,1743,14605.0,582,14610.0,90,14615.0,276,14620.0,231,14625.0,158,14630.0,89,14610.0
CF409,,13:38:45.250#,14645.0,14680.0,14565.0,15580.0,13810.0,225823,482142,14585.0,157,14590.0,147,14595.0,125,14600.0,1743,14605.0,580,14610.0,90,14615.0,276,14620.0,231,14625.0,158,14630.0,89,14605.0
CF409,,13:38:45.500#,14645.0,14680.0,14565.0,15580.0,13810.0,225823,482142,14585.0,157,14590.0,147,14595.0,125,14600.0,1743,14605.0,581,14610.0,113,14615.0,276,14620.0,231,14625.0,158,14630.0,89,14605.0
CF409,,13:38:45.750#,14645.0,14680.0,14565.0,15580.0,13810.0,225823,482142,14585.0,157,14590.0,147,14595.0,125,14600.0,1743,14605.0,569,14610.0,117,14615.0,276,14620.0,231,14625.0,158,14630.0,89,14605.0
CF409,,13:38:46.0#,14645.0,14680.0,14565.0,15580.0,13810.0,225823,482142,14585.0,157,14590.0,147,14595.0,125,14600.0,1743,14605.0,569,14610.0,156,14615.0,276,14620.0,231,14625.0,158,14630.0,89,14605.0
CF409,,13:38:46.250#,14645.0,14680.0,14565.0,15580.0,13810.0,225836,482155,14585.0,157,14590.0,147,14595.0,125,14600.0,1743,14605.0,569,14610.0,166,14615.0,276,14620.0,231,14625.0,158,14630.0,89,14610.0
CF409,,13:38:46.500#,14645.0,14680.0,14565.0,15580.0,13810.0,225836,482155,14585.0,157,14590.0,147,14595.0,125,14600.0,1743,14605.0,569,14610.0,175,14615.0,276,14620.0,231,14625.0,158,14630.0,89,14610.0
CF409,,13:38:46.750#,14645.0,14680.0,14565.0,15580.0,13810.0,225846,482164,14585.0,157,14590.0,147,14595.0,125,14600.0,1743,14605.0,559,14610.0,175,14615.0,276,14620.0,231,14625.0,158,14630.0,89,14605.0
CF409,,13:38:47.0#,14645.0,14680.0,14565.0,15580.0,13810.0,225847,482164,14585.0,157,14590.0,147,14595.0,125,14600.0,1743,14605.0,560,14610.0,175,14615.0,276,14620.0,231,14625.0,158,14630.0,89,14610.0
CF409,,13:38:47.250#,14645.0,14680.0,14565.0,15580.0,13810.0,225893,482159,14585.0,157,14590.0,147,14595.0,125,14600.0,1743,14605.0,514,14610.0,175,14615.0,276,14620.0,231,14625.0,158,14630.0,89,14605.0
CF409,,13:38:47.500#,14645.0,14680.0,14565.0,15580.0,13810.0,225893,482159,14585.0,157,14590.0,147,14595.0,125,14600.0,1743,14605.0,509,14610.0,175,14615.0,276,14620.0,231,14625.0,158,14630.0,89,14605.0
CF409,,13:38:48.250#,14645.0,14680.0,14565.0,15580.0,13810.0,225893,482159,14585.0,157,14590.0,147,14595.0,125,14600.0,1743,14605.0,509,14610.0,175,14615.0,276,14620.0,231,14625.0,158,14630.0,89,14605.0
CF409,,13:38:49.250#,14645.0,14680.0,14565.0,15580.0,13810.0,225893,482159,14585.0,157,14590.0,147,14595.0,125,14600.0,1743,14605.0,510,14610.0,175,14615.0,278,14620.0,229,14625.0,158,14630.0,89,14605.0
CF409,,13:38:49.500#,14645.0,14680.0,14565.0,15580.0,13810.0,225893,482159,14585.0,157,14590.0,147,14595.0,125,14600.0,1743,14605.0,516,14610.0,175,14615.0,278,14620.0,229,14625.0,158,14630.0,89,14605.0
CF409,,13:38:50.0#,14645.0,14680.0,14565.0,15580.0,13810.0,225893,482159,14585.0,157,14590.0,147,14595.0,125,14600.0,1743,14605.0,518,14610.0,173,14615.0,278,14620.0,229,14625.0,158,14630.0,89,14605.0
CF409,,13:38:51.500#,14645.0,14680.0,14565.0,15580.0,13810.0,225893,482159,14585.0,157,14590.0,147,14595.0,125,14600.0,1743,14605.0,518,14610.0,174,14615.0,278,14620.0,229,14625.0,158,14630.0,89,14605.0
CF409,,13:38:51.750#,14645.0,14680.0,14565.0,15580.0,13810.0,225893,482159,14585.0,157,14590.0,147,14595.0,125,14600.0,1743,14605.0,518,14610.0,176,14615.0,278,14620.0,229,14625.0,158,14630.0,89,14605.0
CF409,,13:38:52.250#,14645.0,14680.0,14565.0,15580.0,13810.0,225893,482159,14585.0,157,14590.0,147,14595.0,125,14600.0,1743,14605.0,518,14610.0,179,14615.0,278,14620.0,229,14625.0,158,14630.0,89,14605.0
CF409,,13:38:52.500#,14645.0,14680.0,14565.0,15580.0,13810.0,225893,482159,14585.0,157,14590.0,147,14595.0,125,14600.0,1745,14605.0,518,14610.0,179,14615.0,278,14620.0,229,14625.0,158,14630.0,89,14605.0
CF409,,13:38:53.0#,14645.0,14680.0,14565.0,15580.0,13810.0,225893,482159,14585.0,157,14590.0,147,14595.0,125,14600.0,1745,14605.0,519,14610.0,179,14615.0,278,14620.0,229,14625.0,158,14630.0,89,14605.0
CF409,,13:38:53.250#,14645.0,14680.0,14565.0,15580.0,13810.0,225893,482159,14585.0,158,14590.0,147,14595.0,125,14600.0,1745,14605.0,519,14610.0,179,14615.0,278,14620.0,229,14625.0,158,14630.0,89,14605.0
CF409,,13:38:53.500#,14645.0,14680.0,14565.0,15580.0,13810.0,225893,482159,14585.0,158,14590.0,147,14595.0,125,14600.0,1745,14605.0,519,14610.0,183,14615.0,278,14620.0,229,14625.0,158,14630.0,89,14605.0
CF409,,13:38:54.250#,14645.0,14680.0,14565.0,15580.0,13810.0,225893,482159,14585.0,158,14590.0,147,14595.0,125,14600.0,1753,14605.0,519,14610.0,183,14615.0,278,14620.0,229,14625.0,158,14630.0,89,14605.0
CF409,,13:38:54.500#,14645.0,14680.0,14565.0,15580.0,13810.0,225893,482159,14585.0,158,14590.0,147,14595.0,125,14600.0,1753,14605.0,519,14610.0,184,14615.0,278,14620.0,229,14625.0,158,14630.0,89,14605.0
CF409,,13:38:55.0#,14645.0,14680.0,14565.0,15580.0,13810.0,225893,482159,14585.0,158,14590.0,147,14595.0,125,14600.0,1753,14605.0,519,14610.0,184,14615.0,265,14620.0,229,14625.0,145,14630.0,89,14605.0
CF409,,13:38:56.500#,14645.0,14680.0,14565.0,15580.0,13810.0,225893,482159,14585.0,158,14590.0,147,14595.0,125,14600.0,1753,14605.0,520,14610.0,184,14615.0,265,14620.0,229,14625.0,145,14630.0,89,14605.0
CF409,,13:38:57.0#,14645.0,14680.0,14565.0,15580.0,13810.0,225893,482159,14585.0,158,14590.0,147,14595.0,125,14600.0,1753,14605.0,520,14610.0,200,14615.0,233,14620.0,214,14625.0,133,14630.0,89,14605.0
CF409,,13:38:57.250#,14645.0,14680.0,14565.0,15580.0,13810.0,225894,482160,14585.0,158,14590.0,147,14595.0,125,14600.0,1753,14605.0,519,14610.0,200,14615.0,233,14620.0,214,14625.0,133,14630.0,89,14605.0
CF409,,13:38:57.500#,14645.0,14680.0,14565.0,15580.0,13810.0,225895,482160,14585.0,158,14590.0,147,14595.0,125,14600.0,1753,14605.0,518,14610.0,200,14615.0,233,14620.0,208,14625.0,133,14630.0,89,14605.0
CF409,,13:38:57.750#,14645.0,14680.0,14565.0,15580.0,13810.0,225896,482161,14585.0,158,14590.0,147,14595.0,125,14600.0,1753,14605.0,517,14610.0,201,14615.0,233,14620.0,208,14625.0,133,14630.0,89,14605.0
CF409,,13:38:58.250#,14645.0,14680.0,14565.0,15580.0,13810.0,225896,482161,14585.0,158,14590.0,146,14595.0,125,14600.0,1753,14605.0,517,14610.0,201,14615.0,233,14620.0,208,14625.0,133,14630.0,89,14605.0
CF409,,13:38:58.500#,14645.0,14680.0,14565.0,15580.0,13810.0,225896,482161,14585.0,158,14590.0,146,14595.0,125,14600.0,1753,14605.0,517,14610.0,202,14615.0,233,14620.0,208,14625.0,133,14630.0,89,14605.0
CF409,,13:38:58.750#,14645.0,14680.0,14565.0,15580.0,13810.0,225896,482161,14585.0,158,14590.0,146,14595.0,124,14600.0,1753,14605.0,517,14610.0,202,14615.0,233,14620.0,208,14625.0,133,14630.0,89,14605.0
CF409,,13:38:59.750#,14645.0,14680.0,14565.0,15580.0,13810.0,225900,482161,14585.0,158,14590.0,146,14595.0,124,14600.0,1753,14605.0,517,14610.0,198,14615.0,233,14620.0,208,14625.0,133,14630.0,89,14610.0
CF409,,13:39:00.0#,14645.0,14680.0,14565.0,15580.0,13810.0,225910,482171,14585.0,158,14590.0,146,14595.0,124,14600.0,1753,14605.0,517,14610.0,188,14615.0,233,14620.0,208,14625.0,133,14630.0,89,14610.0
CF409,,13:39:00.250#,14645.0,14680.0,14565.0,15580.0,13810.0,225914,482171,14585.0,158,14590.0,146,14595.0,124,14600.0,1753,14605.0,515,14610.0,184,14615.0,233,14620.0,208,14625.0,133,14630.0,89,14605.0
CF409,,13:39:00.500#,14645.0,14680.0,14565.0,15580.0,13810.0,225939,482164,14585.0,158,14590.0,146,14595.0,124,14600.0,1753,14605.0,486,14610.0,184,14615.0,264,14620.0,223,14625.0,133,14630.0,89,14605.0
CF409,,13:39:00.750#,14645.0,14680.0,14565.0,15580.0,13810.0,225939,482164,14585.0,158,14590.0,146,14595.0,124,14600.0,1753,14605.0,486,14610.0,202,14615.0,264,14620.0,223,14625.0,133,14630.0,89,14605.0
CF409,,13:39:01.0#,14645.0,14680.0,14565.0,15580.0,13810.0,225939,482164,14585.0,158,14590.0,146,14595.0,124,14600.0,1753,14605.0,486,14610.0,203,14615.0,262,14620.0,223,14625.0,133,14630.0,89,14605.0
CF409,,13:39:01.250#,14645.0,14680.0,14565.0,15580.0,13810.0,225939,482164,14585.0,158,14590.0,146,14595.0,124,14600.0,1753,14605.0,486,14610.0,206,14615.0,262,14620.0,223,14625.0,133,14630.0,89,14605.0
CF409,,13:39:01.500#,14645.0,14680.0,14565.0,15580.0,13810.0,225939,482164,14585.0,158,14590.0,146,14595.0,124,14600.0,1753,14605.0,488,14610.0,218,14615.0,262,14620.0,223,14625.0,133,14630.0,89,14605.0
CF409,,13:39:01.750#,14645.0,14680.0,14565.0,15580.0,13810.0,225939,482164,14585.0,159,14590.0,146,14595.0,124,14600.0,1753,14605.0,488,14610.0,219,14615.0,262,14620.0,223,14625.0,133,14630.0,86,14605.0
CF409,,13:39:02.0#,14645.0,14680.0,14565.0,15580.0,13810.0,225939,482164,14585.0,159,14590.0,146,14595.0,124,14600.0,1753,14605.0,488,14610.0,221,14615.0,262,14620.0,223,14625.0,133,14630.0,86,14605.0
CF409,,13:39:02.500#,14645.0,14680.0,14565.0,15580.0,13810.0,225939,482164,14585.0,159,14590.0,146,14595.0,124,14600.0,1753,14605.0,488,14610.0,221,14615.0,261,14620.0,223,14625.0,133,14630.0,86,14605.0
CF409,,13:39:02.750#,14645.0,14680.0,14565.0,15580.0,13810.0,225939,482164,14585.0,159,14590.0,146,14595.0,124,14600.0,1753,14605.0,488,14610.0,221,14615.0,261,14620.0,223,14625.0,133,14630.0,83,14605.0
CF409,,13:39:03.250#,14645.0,14680.0,14565.0,15580.0,13810.0,225939,482164,14585.0,159,14590.0,146,14595.0,124,14600.0,1753,14605.0,488,14610.0,221,14615.0,261,14620.0,223,14625.0,133,14630.0,83,14605.0
CF409,,13:39:03.500#,14645.0,14680.0,14565.0,15580.0,13810.0,225939,482164,14585.0,159,14590.0,146,14595.0,124,14600.0,1753,14605.0,488,14610.0,222,14615.0,261,14620.0,223,14625.0,136,14630.0,83,14605.0
CF409,,13:39:04.0#,14645.0,14680.0,14565.0,15580.0,13810.0,225939,482164,14585.0,159,14590.0,146,14595.0,124,14600.0,1753,14605.0,486,14610.0,230,14615.0,261,14620.0,223,14625.0,136,14630.0,83,14605.0
CF409,,13:39:04.250#,14645.0,14680.0,14565.0,15580.0,13810.0,225939,482164,14585.0,159,14590.0,146,14595.0,124,14600.0,1753,14605.0,486,14610.0,231,14615.0,261,14620.0,223,14625.0,136,14630.0,83,14605.0
CF409,,13:39:04.500#,14645.0,14680.0,14565.0,15580.0,13810.0,225939,482164,14585.0,159,14590.0,146,14595.0,124,14600.0,1753,14605.0,486,14610.0,231,14615.0,261,14620.0,223,14625.0,136,14630.0,83,14605.0
CF409,,13:39:04.750#,14645.0,14680.0,14565.0,15580.0,13810.0,225939,482164,14585.0,159,14590.0,146,14595.0,124,14600.0,1753,14605.0,486,14610.0,231,14615.0,261,14620.0,223,14625.0,139,14630.0,83,14605.0
CF409,,13:39:05.0#,14645.0,14680.0,14565.0,15580.0,13810.0,225939,482164,14585.0,159,14590.0,146,14595.0,124,14600.0,1753,14605.0,491,14610.0,231,14615.0,261,14620.0,223,14625.0,139,14630.0,83,14605.0
CF409,,13:39:06.750#,14645.0,14680.0,14565.0,15580.0,13810.0,225940,482165,14585.0,159,14590.0,146,14595.0,124,14600.0,1753,14605.0,490,14610.0,231,14615.0,261,14620.0,223,14625.0,139,14630.0,83,14605.0
CF409,,13:39:07.0#,14645.0,14680.0,14565.0,15580.0,13810.0,225940,482165,14585.0,159,14590.0,146,14595.0,124,14600.0,1753,14605.0,490,14610.0,262,14615.0,261,14620.0,223,14625.0,139,14630.0,83,14605.0
CF409,,13:39:07.250#,14645.0,14680.0,14565.0,15580.0,13810.0,225940,482165,14585.0,159,14590.0,146,14595.0,124,14600.0,1753,14605.0,490,14610.0,263,14615.0,261,14620.0,223,14625.0,139,14630.0,83,14605.0
CF409,,13:39:07.500#,14645.0,14680.0,14565.0,15580.0,13810.0,225940,482165,14585.0,159,14590.0,146,14595.0,124,14600.0,1753,14605.0,490,14610.0,264,14615.0,261,14620.0,223,14625.0,139,14630.0,83,14605.0
CF409,,13:39:07.750#,14645.0,14680.0,14565.0,15580.0,13810.0,225940,482165,14585.0,159,14590.0,146,14595.0,124,14600.0,1753,14605.0,490,14610.0,265,14615.0,261,14620.0,223,14625.0,139,14630.0,83,14605.0
CF409,,13:39:08.500#,14645.0,14680.0,14565.0,15580.0,13810.0,225940,482165,14585.0,159,14590.0,146,14595.0,124,14600.0,1753,14605.0,490,14610.0,271,14615.0,261,14620.0,223,14625.0,139,14630.0,83,14605.0
CF409,,13:39:08.750#,14645.0,14680.0,14565.0,15580.0,13810.0,225940,482165,14585.0,159,14590.0,146,14595.0,124,14600.0,1753,14605.0,490,14610.0,274,14615.0,261,14620.0,223,14625.0,139,14630.0,83,14605.0
CF409,,13:39:09.250#,14645.0,14680.0,14565.0,15580.0,13810.0,225940,482165,14585.0,159,14590.0,146,14595.0,124,14600.0,1753,14605.0,491,14610.0,274,14615.0,261,14620.0,223,14625.0,139,14630.0,83,14605.0
CF409,,13:39:09.500#,14645.0,14680.0,14565.0,15580.0,13810.0,225942,482167,14585.0,159,14590.0,146,14595.0,124,14600.0,1753,14605.0,491,14610.0,274,14615.0,261,14620.0,223,14625.0,139,14630.0,83,14605.0
CF409,,13:39:09.750#,14645.0,14680.0,14565.0,15580.0,13810.0,225942,482167,14585.0,159,14590.0,145,14595.0,124,14600.0,1753,14605.0,491,14610.0,274,14615.0,261,14620.0,223,14625.0,139,14630.0,83,14605.0
CF409,,13:39:10.0#,14645.0,14680.0,14565.0,15580.0,13810.0,225943,482168,14585.0,159,14590.0,145,14595.0,124,14600.0,1753,14605.0,491,14610.0,275,14615.0,261,14620.0,223,14625.0,139,14630.0,83,14605.0
CF409,,13:39:10.250#,14645.0,14680.0,14565.0,15580.0,13810.0,225943,482168,14585.0,159,14590.0,145,14595.0,124,14600.0,1753,14605.0,492,14610.0,275,14615.0,261,14620.0,223,14625.0,139,14630.0,83,14605.0
CF409,,13:39:10.500#,14645.0,14680.0,14565.0,15580.0,13810.0,225944,482168,14585.0,159,14590.0,145,14595.0,124,14600.0,1753,14605.0,491,14610.0,276,14615.0,261,14620.0,223,14625.0,139,14630.0,83,14605.0
CF409,,13:39:10.750#,14645.0,14680.0,14565.0,15580.0,13810.0,225944,482168,14585.0,159,14590.0,145,14595.0,124,14600.0,1753,14605.0,494,14610.0,276,14615.0,261,14620.0,223,14625.0,139,14630.0,83,14605.0
CF409,,13:39:11.0#,14645.0,14680.0,14565.0,15580.0,13810.0,225945,482168,14585.0,159,14590.0,145,14595.0,127,14600.0,1753,14605.0,494,14610.0,275,14615.0,261,14620.0,222,14625.0,139,14630.0,83,14610.0
CF409,,13:39:11.250#,14645.0,14680.0,14565.0,15580.0,13810.0,225947,482170,14585.0,159,14590.0,145,14595.0,127,14600.0,1753,14605.0,492,14610.0,275,14615.0,261,14620.0,222,14625.0,139,14630.0,83,14605.0
CF409,,13:39:11.500#,14645.0,14680.0,14565.0,15580.0,13810.0,225947,482170,14585.0,159,14590.0,145,14595.0,127,14600.0,1753,14605.0,493,14610.0,275,14615.0,261,14620.0,222,14625.0,139,14630.0,83,14605.0
CF409,,13:39:12.250#,14645.0,14680.0,14565.0,15580.0,13810.0,225948,482171,14585.0,159,14590.0,145,14595.0,127,14600.0,1753,14605.0,493,14610.0,275,14615.0,261,14620.0,222,14625.0,139,14630.0,83,14605.0
CF409,,13:39:12.750#,14645.0,14680.0,14565.0,15580.0,13810.0,225949,482172,14585.0,159,14590.0,145,14595.0,127,14600.0,1753,14605.0,493,14610.0,274,14615.0,261,14620.0,222,14625.0,139,14630.0,83,14610.0
CF409,,13:39:13.250#,14645.0,14680.0,14565.0,15580.0,13810.0,225949,482172,14585.0,159,14590.0,145,14595.0,127,14600.0,1753,14605.0,493,14610.0,299,14615.0,261,14620.0,222,14625.0,139,14630.0,83,14610.0
CF409,,13:39:13.500#,14645.0,14680.0,14565.0,15580.0,13810.0,225949,482172,14585.0,159,14590.0,145,14595.0,127,14600.0,1753,14605.0,493,14610.0,300,14615.0,261,14620.0,222,14625.0,139,14630.0,83,14610.0
CF409,,13:39:13.750#,14645.0,14680.0,14565.0,15580.0,13810.0,225951,482174,14585.0,159,14590.0,145,14595.0,127,14600.0,1753,14605.0,491,14610.0,301,14615.0,261,14620.0,222,14625.0,139,14630.0,83,14605.0
CF409,,13:39:14.0#,14645.0,14680.0,14565.0,15580.0,13810.0,225951,482174,14585.0,159,14590.0,145,14595.0,127,14600.0,1753,14605.0,491,14610.0,305,14615.0,261,14620.0,222,14625.0,139,14630.0,83,14605.0
CF409,,13:39:14.250#,14645.0,14680.0,14565.0,15580.0,13810.0,225951,482174,14585.0,159,14590.0,145,14595.0,130,14600.0,1753,14605.0,491,14610.0,305,14615.0,261,14620.0,222,14625.0,139,14630.0,83,14605.0
CF409,,13:39:15.0#,14645.0,14680.0,14565.0,15580.0,13810.0,225951,482174,14585.0,159,14590.0,145,14595.0,130,14600.0,1753,14605.0,492,14610.0,305,14615.0,261,14620.0,222,14625.0,139,14630.0,83,14605.0
CF409,,13:39:15.250#,14645.0,14680.0,14565.0,15580.0,13810.0,225951,482174,14585.0,159,14590.0,145,14595.0,130,14600.0,1753,14605.0,492,14610.0,302,14615.0,261,14620.0,222,14625.0,139,14630.0,83,14605.0
CF409,,13:39:15.500#,14645.0,14680.0,14565.0,15580.0,13810.0,225951,482174,14585.0,159,14590.0,145,14595.0,130,14600.0,1753,14605.0,494,14610.0,302,14615.0,261,14620.0,222,14625.0,139,14630.0,83,14605.0
CF409,,13:39:16.250#,14645.0,14680.0,14565.0,15580.0,13810.0,225951,482174,14585.0,159,14590.0,145,14595.0,130,14600.0,1753,14605.0,493,14610.0,302,14615.0,261,14620.0,222,14625.0,139,14630.0,83,14605.0
CF409,,13:39:17.0#,14645.0,14680.0,14565.0,15580.0,13810.0,225952,482175,14585.0,159,14590.0,145,14595.0,130,14600.0,1753,14605.0,492,14610.0,302,14615.0,261,14620.0,222,14625.0,139,14630.0,83,14605.0
CF409,,13:39:17.250#,14645.0,14680.0,14565.0,15580.0,13810.0,225952,482175,14585.0,159,14590.0,145,14595.0,130,14600.0,1753,14605.0,492,14610.0,303,14615.0,261,14620.0,222,14625.0,139,14630.0,83,14605.0
CF409,,13:39:17.500#,14645.0,14680.0,14565.0,15580.0,13810.0,225953,482176,14585.0,159,14590.0,145,14595.0,130,14600.0,1753,14605.0,491,14610.0,303,14615.0,261,14620.0,222,14625.0,139,14630.0,83,14605.0
CF409,,13:39:18.0#,14645.0,14680.0,14565.0,15580.0,13810.0,225963,482186,14585.0,159,14590.0,146,14595.0,130,14600.0,1753,14605.0,481,14610.0,303,14615.0,261,14620.0,222,14625.0,139,14630.0,83,14605.0
CF409,,13:39:18.250#,14645.0,14680.0,14565.0,15580.0,13810.0,225983,482206,14585.0,159,14590.0,146,14595.0,130,14600.0,1753,14605.0,461,14610.0,307,14615.0,261,14620.0,222,14625.0,139,14630.0,83,14605.0
CF409,,13:39:18.500#,14645.0,14680.0,14565.0,15580.0,13810.0,225993,482216,14585.0,159,14590.0,146,14595.0,130,14600.0,1753,14605.0,447,14610.0,344,14615.0,261,14620.0,222,14625.0,139,14630.0,83,14605.0
CF409,,13:39:18.750#,14645.0,14680.0,14565.0,15580.0,13810.0,226001,482216,14585.0,159,14590.0,146,14595.0,130,14600.0,1753,14605.0,424,14610.0,343,14615.0,261,14620.0,222,14625.0,139,14630.0,83,14605.0
CF409,,13:39:19.0#,14645.0,14680.0,14565.0,15580.0,13810.0,226002,482217,14585.0,159,14590.0,146,14595.0,130,14600.0,1753,14605.0,418,14610.0,343,14615.0,261,14620.0,222,14625.0,139,14630.0,83,14605.0
CF409,,13:39:19.250#,14645.0,14680.0,14565.0,15580.0,13810.0,226002,482217,14585.0,159,14590.0,146,14595.0,130,14600.0,1753,14605.0,418,14610.0,347,14615.0,261,14620.0,222,14625.0,139,14630.0,83,14605.0
CF409,,13:39:19.750#,14645.0,14680.0,14565.0,15580.0,13810.0,226002,482217,14585.0,159,14590.0,146,14595.0,130,14600.0,1753,14605.0,418,14610.0,349,14615.0,261,14620.0,222,14625.0,139,14630.0,83,14605.0
CF409,,13:39:20.0#,14645.0,14680.0,14565.0,15580.0,13810.0,226002,482217,14585.0,159,14590.0,146,14595.0,130,14600.0,1753,14605.0,418,14610.0,349,14615.0,261,14620.0,222,14625.0,139,14630.0,83,14605.0
CF409,,13:39:20.250#,14645.0,14680.0,14565.0,15580.0,13810.0,226002,482217,14585.0,159,14590.0,146,14595.0,130,14600.0,1753,14605.0,441,14610.0,349,14615.0,261,14620.0,222,14625.0,139,14630.0,83,14605.0
CF409,,13:39:20.500#,14645.0,14680.0,14565.0,15580.0,13810.0,226002,482217,14585.0,159,14590.0,146,14595.0,130,14600.0,1753,14605.0,451,14610.0,350,14615.0,261,14620.0,222,14625.0,139,14630.0,83,14605.0
CF409,,13:39:20.750#,14645.0,14680.0,14565.0,15580.0,13810.0,226002,482217,14585.0,159,14590.0,146,14595.0,130,14600.0,1755,14605.0,451,14610.0,350,14615.0,261,14620.0,222,14625.0,139,14630.0,83,14605.0
CF409,,13:39:21.0#,14645.0,14680.0,14565.0,15580.0,13810.0,226004,482219,14585.0,161,14590.0,146,14595.0,130,14600.0,1755,14605.0,449,14610.0,350,14615.0,261,14620.0,222,14625.0,139,14630.0,83,14605.0
CF409,,13:39:21.250#,14645.0,14680.0,14565.0,15580.0,13810.0,226004,482219,14585.0,161,14590.0,146,14595.0,130,14600.0,1757,14605.0,449,14610.0,350,14615.0,261,14620.0,222,14625.0,139,14630.0,83,14605.0
CF409,,13:39:21.500#,14645.0,14680.0,14565.0,15580.0,13810.0,226004,482219,14585.0,161,14590.0,146,14595.0,130,14600.0,1757,14605.0,448,14610.0,350,14615.0,261,14620.0,222,14625.0,139,14630.0,83,14605.0
CF409,,13:39:22.0#,14645.0,14680.0,14565.0,15580.0,13810.0,226004,482219,14585.0,161,14590.0,146,14595.0,130,14600.0,1757,14605.0,448,14610.0,351,14615.0,260,14620.0,222,14625.0,139,14630.0,83,14605.0
CF409,,13:39:22.500#,14645.0,14680.0,14565.0,15580.0,13810.0,226004,482219,14585.0,161,14590.0,146,14595.0,130,14600.0,1757,14605.0,448,14610.0,352,14615.0,260,14620.0,222,14625.0,139,14630.0,83,14605.0
CF409,,13:39:22.750#,14645.0,14680.0,14565.0,15580.0,13810.0,226005,482220,14585.0,161,14590.0,146,14595.0,130,14600.0,1757,14605.0,448,14610.0,351,14615.0,260,14620.0,222,14625.0,139,14630.0,83,14610.0
CF409,,13:39:23.0#,14645.0,14680.0,14565.0,15580.0,13810.0,226008,482220,14585.0,161,14590.0,146,14595.0,130,14600.0,1757,14605.0,445,14610.0,351,14615.0,260,14620.0,222,14625.0,139,14630.0,83,14605.0
CF409,,13:39:23.750#,14645.0,14680.0,14565.0,15580.0,13810.0,226008,482220,14585.0,161,14590.0,146,14595.0,130,14600.0,1757,14605.0,445,14610.0,351,14615.0,260,14620.0,222,14625.0,139,14630.0,83,14605.0
CF409,,13:39:24.250#,14645.0,14680.0,14565.0,15580.0,13810.0,226008,482220,14585.0,161,14590.0,146,14595.0,130,14600.0,1757,14605.0,445,14610.0,351,14615.0,260,14620.0,222,14625.0,139,14630.0,83,14605.0
CF409,,13:39:24.500#,14645.0,14680.0,14565.0,15580.0,13810.0,226008,482220,14585.0,161,14590.0,146,14595.0,130,14600.0,1757,14605.0,445,14610.0,352,14615.0,260,14620.0,222,14625.0,139,14630.0,83,14605.0
CF409,,13:39:24.750#,14645.0,14680.0,14565.0,15580.0,13810.0,226008,482220,14585.0,161,14590.0,146,14595.0,130,14600.0,1757,14605.0,445,14610.0,352,14615.0,260,14620.0,222,14625.0,139,14630.0,83,14605.0
CF409,,13:39:25.250#,14645.0,14680.0,14565.0,15580.0,13810.0,226008,482220,14585.0,161,14590.0,146,14595.0,130,14600.0,1757,14605.0,445,14610.0,352,14615.0,260,14620.0,222,14625.0,139,14630.0,83,14605.0
CF409,,13:39:25.500#,14645.0,14680.0,14565.0,15580.0,13810.0,226009,482221,14585.0,161,14590.0,146,14595.0,130,14600.0,1757,14605.0,446,14610.0,350,14615.0,260,14620.0,222,14625.0,139,14630.0,85,14610.0
CF409,,13:39:26.250#,14645.0,14680.0,14565.0,15580.0,13810.0,226010,482221,14585.0,161,14590.0,146,14595.0,130,14600.0,1757,14605.0,445,14610.0,350,14615.0,260,14620.0,222,14625.0,139,14630.0,85,14605.0
CF409,,13:39:27.250#,14645.0,14680.0,14565.0,15580.0,13810.0,226010,482221,14585.0,161,14590.0,146,14595.0,130,14600.0,1757,14605.0,447,14610.0,350,14615.0,260,14620.0,222,14625.0,141,14630.0,85,14605.0
CF409,,13:39:27.500#,14645.0,14680.0,14565.0,15580.0,13810.0,226019,482230,14585.0,161,14590.0,146,14595.0,130,14600.0,1757,14605.0,438,14610.0,350,14615.0,254,14620.0,222,14625.0,141,14630.0,85,14605.0
CF409,,13:39:28.750#,14645.0,14680.0,14565.0,15580.0,13810.0,226020,482230,14585.0,161,14590.0,146,14595.0,130,14600.0,1757,14605.0,438,14610.0,349,14615.0,254,14620.0,222,14625.0,141,14630.0,85,14610.0
CF409,,13:39:29.0#,14645.0,14680.0,14565.0,15580.0,13810.0,226021,482231,14585.0,161,14590.0,146,14595.0,130,14600.0,1757,14605.0,438,14610.0,348,14615.0,254,14620.0,222,14625.0,141,14630.0,85,14610.0
CF409,,13:39:29.500#,14645.0,14680.0,14565.0,15580.0,13810.0,226021,482231,14585.0,161,14590.0,146,14595.0,130,14600.0,1758,14605.0,439,14610.0,348,14615.0,254,14620.0,222,14625.0,141,14630.0,85,14610.0
CF409,,13:39:29.750#,14645.0,14680.0,14565.0,15580.0,13810.0,226021,482231,14585.0,161,14590.0,146,14595.0,130,14600.0,1758,14605.0,439,14610.0,351,14615.0,254,14620.0,222,14625.0,141,14630.0,85,14610.0
CF409,,13:39:30.0#,14645.0,14680.0,14565.0,15580.0,13810.0,226023,482233,14585.0,161,14590.0,146,14595.0,130,14600.0,1758,14605.0,437,14610.0,351,14615.0,254,14620.0,222,14625.0,141,14630.0,85,14605.0
CF409,,13:39:30.250#,14645.0,14680.0,14565.0,15580.0,13810.0,226023,482233,14585.0,161,14590.0,146,14595.0,130,14600.0,1759,14605.0,437,14610.0,352,14615.0,254,14620.0,222,14625.0,141,14630.0,85,14605.0
CF409,,13:39:30.500#,14645.0,14680.0,14565.0,15580.0,13810.0,226023,482233,14585.0,161,14590.0,146,14595.0,130,14600.0,1759,14605.0,436,14610.0,353,14615.0,260,14620.0,222,14625.0,141,14630.0,85,14605.0
CF409,,13:39:30.750#,14645.0,14680.0,14565.0,15580.0,13810.0,226023,482233,14585.0,161,14590.0,146,14595.0,130,14600.0,1759,14605.0,435,14610.0,353,14615.0,260,14620.0,222,14625.0,141,14630.0,85,14605.0
CF409,,13:39:31.0#,14645.0,14680.0,14565.0,15580.0,13810.0,226023,482233,14585.0,161,14590.0,146,14595.0,130,14600.0,1760,14605.0,435,14610.0,353,14615.0,260,14620.0,222,14625.0,141,14630.0,85,14605.0
CF409,,13:39:31.250#,14645.0,14680.0,14565.0,15580.0,13810.0,226023,482233,14585.0,161,14590.0,146,14595.0,130,14600.0,1760,14605.0,435,14610.0,353,14615.0,260,14620.0,222,14625.0,141,14630.0,85,14605.0
CF409,,13:39:32.750#,14645.0,14680.0,14565.0,15580.0,13810.0,226023,482233,14585.0,161,14590.0,146,14595.0,131,14600.0,1760,14605.0,435,14610.0,353,14615.0,260,14620.0,222,14625.0,141,14630.0,85,14605.0
CF409,,13:39:33.250#,14645.0,14680.0,14565.0,15580.0,13810.0,226023,482233,14585.0,160,14590.0,146,14595.0,131,14600.0,1760,14605.0,435,14610.0,353,14615.0,260,14620.0,222,14625.0,141,14630.0,85,14605.0
CF409,,13:39:33.500#,14645.0,14680.0,14565.0,15580.0,13810.0,226024,482234,14585.0,160,14590.0,146,14595.0,131,14600.0,1760,14605.0,434,14610.0,353,14615.0,260,14620.0,222,14625.0,141,14630.0,85,14605.0
CF409,,13:39:34.0#,14645.0,14680.0,14565.0,15580.0,13810.0,226024,482234,14585.0,160,14590.0,146,14595.0,131,14600.0,1760,14605.0,434,14610.0,371,14615.0,260,14620.0,222,14625.0,137,14630.0,85,14605.0
CF409,,13:39:34.500#,14645.0,14680.0,14565.0,15580.0,13810.0,226024,482234,14585.0,161,14590.0,146,14595.0,131,14600.0,1760,14605.0,434,14610.0,372,14615.0,260,14620.0,222,14625.0,137,14630.0,85,14605.0
CF409,,13:39:35.0#,14645.0,14680.0,14565.0,15580.0,13810.0,226024,482234,14585.0,161,14590.0,146,14595.0,131,14600.0,1760,14605.0,434,14610.0,373,14615.0,260,14620.0,222,14625.0,137,14630.0,85,14605.0
CF409,,13:39:35.500#,14645.0,14680.0,14565.0,15580.0,13810.0,226032,482241,14585.0,161,14590.0,146,14595.0,131,14600.0,1760,14605.0,426,14610.0,372,14615.0,260,14620.0,222,14625.0,137,14630.0,85,14610.0
CF409,,13:39:35.750#,14645.0,14680.0,14565.0,15580.0,13810.0,226034,482243,14585.0,161,14590.0,146,14595.0,131,14600.0,1760,14605.0,424,14610.0,372,14615.0,260,14620.0,222,14625.0,137,14630.0,85,14605.0
CF409,,13:39:37.250#,14645.0,14680.0,14565.0,15580.0,13810.0,226034,482243,14585.0,161,14590.0,146,14595.0,131,14600.0,1760,14605.0,422,14610.0,372,14615.0,260,14620.0,222,14625.0,137,14630.0,85,14605.0
CF409,,13:39:37.500#,14645.0,14680.0,14565.0,15580.0,13810.0,226038,482246,14585.0,161,14590.0,146,14595.0,131,14600.0,1760,14605.0,419,14610.0,384,14615.0,260,14620.0,222,14625.0,137,14630.0,85,14605.0
CF409,,13:39:37.750#,14645.0,14680.0,14565.0,15580.0,13810.0,226040,482248,14585.0,161,14590.0,146,14595.0,131,14600.0,1760,14605.0,417,14610.0,384,14615.0,260,14620.0,222,14625.0,137,14630.0,85,14605.0
CF409,,13:39:38.250#,14645.0,14680.0,14565.0,15580.0,13810.0,226050,482253,14585.0,161,14590.0,146,14595.0,131,14600.0,1760,14605.0,407,14610.0,384,14615.0,260,14620.0,222,14625.0,137,14630.0,85,14605.0
CF409,,13:39:38.500#,14645.0,14680.0,14565.0,15580.0,13810.0,226058,482255,14585.0,161,14590.0,146,14595.0,131,14600.0,1760,14605.0,391,14610.0,385,14615.0,260,14620.0,222,14625.0,137,14630.0,85,14605.0
CF409,,13:39:39.0#,14645.0,14680.0,14565.0,15580.0,13810.0,226059,482255,14585.0,161,14590.0,146,14595.0,131,14600.0,1760,14605.0,390,14610.0,385,14615.0,260,14620.0,222,14625.0,137,14630.0,85,14605.0
CF409,,13:39:39.250#,14645.0,14680.0,14565.0,15580.0,13810.0,226062,482258,14585.0,161,14590.0,146,14595.0,131,14600.0,1760,14605.0,387,14610.0,385,14615.0,260,14620.0,222,14625.0,137,14630.0,85,14605.0
CF409,,13:39:40.0#,14645.0,14680.0,14565.0,15580.0,13810.0,226062,482258,14585.0,161,14590.0,146,14595.0,131,14600.0,1760,14605.0,388,14610.0,385,14615.0,260,14620.0,222,14625.0,137,14630.0,85,14605.0
CF409,,13:39:40.250#,14645.0,14680.0,14565.0,15580.0,13810.0,226062,482258,14585.0,161,14590.0,146,14595.0,131,14600.0,1760,14605.0,389,14610.0,385,14615.0,260,14620.0,222,14625.0,137,14630.0,85,14605.0
CF409,,13:39:40.500#,14645.0,14680.0,14565.0,15580.0,13810.0,226062,482258,14585.0,161,14590.0,146,14595.0,131,14600.0,1760,14605.0,389,14610.0,386,14615.0,260,14620.0,222,14625.0,137,14630.0,83,14605.0
CF409,,13:39:40.750#,14645.0,14680.0,14565.0,15580.0,13810.0,226062,482258,14585.0,161,14590.0,146,14595.0,131,14600.0,1760,14605.0,389,14610.0,386,14615.0,260,14620.0,222,14625.0,137,14630.0,83,14605.0
CF409,,13:39:41.250#,14645.0,14680.0,14565.0,15580.0,13810.0,226063,482258,14585.0,161,14590.0,146,14595.0,131,14600.0,1760,14605.0,389,14610.0,386,14615.0,260,14620.0,222,14625.0,137,14630.0,83,14610.0
CF409,,13:39:41.500#,14645.0,14680.0,14565.0,15580.0,13810.0,226080,482258,14585.0,161,14590.0,146,14595.0,131,14600.0,1760,14605.0,394,14610.0,384,14615.0,260,14620.0,222,14625.0,137,14630.0,83,14610.0
CF409,,13:39:41.750#,14645.0,14680.0,14565.0,15580.0,13810.0,226080,482258,14585.0,161,14590.0,146,14595.0,131,14600.0,1760,14605.0,399,14610.0,384,14615.0,260,14620.0,222,14625.0,137,14630.0,83,14610.0
CF409,,13:39:42.250#,14645.0,14680.0,14565.0,15580.0,13810.0,226081,482257,14585.0,161,14590.0,146,14595.0,131,14600.0,1760,14605.0,399,14610.0,384,14615.0,260,14620.0,222,14625.0,137,14630.0,83,14605.0
CF409,,13:39:42.500#,14645.0,14680.0,14565.0,15580.0,13810.0,226083,482259,14585.0,161,14590.0,146,14595.0,131,14600.0,1760,14605.0,397,14610.0,384,14615.0,260,14620.0,222,14625.0,137,14630.0,83,14605.0
CF409,,13:39:43.0#,14645.0,14680.0,14565.0,15580.0,13810.0,226086,482262,14585.0,161,14590.0,146,14595.0,131,14600.0,1760,14605.0,394,14610.0,384,14615.0,260,14620.0,222,14625.0,137,14630.0,83,14605.0
CF409,,13:39:43.500#,14645.0,14680.0,14565.0,15580.0,13810.0,226087,482262,14585.0,161,14590.0,146,14595.0,131,14600.0,1760,14605.0,394,14610.0,407,14615.0,260,14620.0,222,14625.0,137,14630.0,83,14610.0
CF409,,13:39:44.250#,14645.0,14680.0,14565.0,15580.0,13810.0,226088,482262,14585.0,161,14590.0,146,14595.0,131,14600.0,1760,14605.0,393,14610.0,407,14615.0,260,14620.0,222,14625.0,137,14630.0,83,14605.0
CF409,,13:39:44.750#,14645.0,14680.0,14565.0,15580.0,13810.0,226089,482263,14585.0,161,14590.0,146,14595.0,131,14600.0,1760,14605.0,392,14610.0,407,14615.0,260,14620.0,222,14625.0,137,14630.0,83,14605.0
CF409,,13:39:45.0#,14645.0,14680.0,14565.0,15580.0,13810.0,226091,482265,14585.0,161,14590.0,146,14595.0,131,14600.0,1760,14605.0,390,14610.0,407,14615.0,260,14620.0,222,14625.0,137,14630.0,83,14605.0
CF409,,13:39:45.250#,14645.0,14680.0,14565.0,15580.0,13810.0,226092,482265,14585.0,161,14590.0,146,14595.0,131,14600.0,1760,14605.0,389,14610.0,407,14615.0,260,14620.0,222,14625.0,137,14630.0,83,14605.0
CF409,,13:39:45.500#,14645.0,14680.0,14565.0,15580.0,13810.0,226092,482265,14585.0,158,14590.0,146,14595.0,131,14600.0,1760,14605.0,384,14610.0,433,14615.0,260,14620.0,223,14625.0,137,14630.0,83,14605.0
CF409,,13:39:45.750#,14645.0,14680.0,14565.0,15580.0,13810.0,226092,482265,14585.0,158,14590.0,146,14595.0,131,14600.0,1760,14605.0,379,14610.0,433,14615.0,260,14620.0,223,14625.0,137,14630.0,83,14605.0
CF409,,13:39:47.250#,14645.0,14680.0,14565.0,15580.0,13810.0,226092,482265,14585.0,158,14590.0,146,14595.0,131,14600.0,1760,14605.0,381,14610.0,433,14615.0,260,14620.0,223,14625.0,137,14630.0,83,14605.0
CF409,,13:39:47.750#,14645.0,14680.0,14565.0,15580.0,13810.0,226093,482266,14585.0,158,14590.0,146,14595.0,131,14600.0,1760,14605.0,380,14610.0,433,14615.0,260,14620.0,223,14625.0,137,14630.0,83,14605.0
CF409,,13:39:48.250#,14645.0,14680.0,14565.0,15580.0,13810.0,226093,482266,14585.0,158,14590.0,146,14595.0,131,14600.0,1760,14605.0,376,14610.0,433,14615.0,260,14620.0,223,14625.0,137,14630.0,83,14605.0
CF409,,13:39:48.500#,14645.0,14680.0,14565.0,15580.0,13810.0,226094,482267,14585.0,158,14590.0,146,14595.0,131,14600.0,1760,14605.0,375,14610.0,434,14615.0,260,14620.0,223,14625.0,137,14630.0,83,14605.0
CF409,,13:39:49.0#,14645.0,14680.0,14565.0,15580.0,13810.0,226095,482267,14585.0,158,14590.0,146,14595.0,131,14600.0,1760,14605.0,374,14610.0,434,14615.0,260,14620.0,223,14625.0,137,14630.0,83,14605.0
CF409,,13:39:49.250#,14645.0,14680.0,14565.0,15580.0,13810.0,226101,482271,14585.0,158,14590.0,146,14595.0,131,14600.0,1760,14605.0,369,14610.0,434,14615.0,261,14620.0,223,14625.0,137,14630.0,83,14605.0
CF409,,13:39:49.500#,14645.0,14680.0,14565.0,15580.0,13810.0,226103,482271,14585.0,159,14590.0,146,14595.0,131,14600.0,1760,14605.0,367,14610.0,461,14615.0,261,14620.0,223,14625.0,137,14630.0,83,14605.0
CF409,,13:39:50.0#,14645.0,14680.0,14565.0,15580.0,13810.0,226106,482271,14585.0,159,14590.0,146,14595.0,131,14600.0,1760,14605.0,364,14610.0,461,14615.0,261,14620.0,223,14625.0,137,14630.0,83,14605.0
CF409,,13:39:50.250#,14645.0,14680.0,14565.0,15580.0,13810.0,226107,482272,14585.0,159,14590.0,146,14595.0,131,14600.0,1760,14605.0,364,14610.0,461,14615.0,261,14620.0,223,14625.0,137,14630.0,83,14610.0
CF409,,13:39:51.0#,14645.0,14680.0,14565.0,15580.0,13810.0,226107,482272,14585.0,159,14590.0,146,14595.0,131,14600.0,1760,14605.0,364,14610.0,462,14615.0,261,14620.0,223,14625.0,137,14630.0,83,14610.0
CF409,,13:39:51.250#,14645.0,14680.0,14565.0,15580.0,13810.0,226110,482272,14585.0,159,14590.0,146,14595.0,131,14600.0,1760,14605.0,361,14610.0,462,14615.0,261,14620.0,223,14625.0,137,14630.0,83,14605.0
CF409,,13:39:51.500#,14645.0,14680.0,14565.0,15580.0,13810.0,226119,482274,14585.0,159,14590.0,146,14595.0,131,14600.0,1760,14605.0,351,14610.0,462,14615.0,261,14620.0,223,14625.0,137,14630.0,83,14605.0
CF409,,13:39:51.750#,14645.0,14680.0,14565.0,15580.0,13810.0,226119,482274,14585.0,159,14590.0,146,14595.0,131,14600.0,1760,14605.0,352,14610.0,462,14615.0,261,14620.0,223,14625.0,137,14630.0,83,14605.0
CF409,,13:39:52.250#,14645.0,14680.0,14565.0,15580.0,13810.0,226119,482274,14585.0,159,14590.0,146,14595.0,131,14600.0,1760,14605.0,352,14610.0,463,14615.0,261,14620.0,223,14625.0,137,14630.0,83,14605.0
CF409,,13:39:52.500#,14645.0,14680.0,14565.0,15580.0,13810.0,226127,482274,14585.0,159,14590.0,146,14595.0,131,14600.0,1760,14605.0,344,14610.0,463,14615.0,261,14620.0,223,14625.0,137,14630.0,83,14605.0
CF409,,13:39:52.750#,14645.0,14680.0,14565.0,15580.0,13810.0,226129,482274,14585.0,159,14590.0,146,14595.0,131,14600.0,1760,14605.0,342,14610.0,463,14615.0,261,14620.0,223,14625.0,137,14630.0,83,14605.0
CF409,,13:39:53.250#,14645.0,14680.0,14565.0,15580.0,13810.0,226129,482274,14585.0,159,14590.0,146,14595.0,131,14600.0,1760,14605.0,343,14610.0,463,14615.0,261,14620.0,223,14625.0,137,14630.0,83,14605.0
CF409,,13:39:54.250#,14645.0,14680.0,14565.0,15580.0,13810.0,226130,482274,14585.0,159,14590.0,146,14595.0,131,14600.0,1760,14605.0,343,14610.0,462,14615.0,261,14620.0,223,14625.0,137,14630.0,83,14610.0
CF409,,13:39:54.250#,14645.0,14680.0,14565.0,15580.0,13810.0,226130,482274,14585.0,159,14590.0,146,14595.0,131,14600.0,1760,14605.0,343,14610.0,462,14615.0,261,14620.0,223,14625.0,137,14630.0,83,14610.0
CF409,,13:39:54.500#,14645.0,14680.0,14565.0,15580.0,13810.0,226130,482274,14585.0,159,14590.0,146,14595.0,131,14600.0,1760,14605.0,344,14610.0,462,14615.0,261,14620.0,223,14625.0,137,14630.0,83,14610.0
CF409,,13:39:54.750#,14645.0,14680.0,14565.0,15580.0,13810.0,226135,482270,14585.0,159,14590.0,146,14595.0,131,14600.0,1760,14605.0,344,14610.0,520,14615.0,261,14620.0,223,14625.0,137,14630.0,83,14610.0
CF409,,13:39:55.0#,14645.0,14680.0,14565.0,15580.0,13810.0,226137,482268,14585.0,159,14590.0,146,14595.0,131,14600.0,1760,14605.0,342,14610.0,520,14615.0,249,14620.0,223,14625.0,137,14630.0,83,14605.0
CF409,,13:39:55.500#,14645.0,14680.0,14565.0,15580.0,13810.0,226139,482268,14585.0,159,14590.0,146,14595.0,131,14600.0,1760,14605.0,343,14610.0,518,14615.0,237,14620.0,223,14625.0,137,14630.0,83,14610.0
CF409,,13:39:55.750#,14645.0,14680.0,14565.0,15580.0,13810.0,226139,482268,14585.0,159,14590.0,146,14595.0,131,14600.0,1760,14605.0,344,14610.0,514,14615.0,243,14620.0,223,14625.0,137,14630.0,83,14610.0
CF409,,13:39:56.250#,14645.0,14680.0,14565.0,15580.0,13810.0,226139,482268,14585.0,159,14590.0,146,14595.0,131,14600.0,1760,14605.0,344,14610.0,515,14615.0,243,14620.0,223,14625.0,137,14630.0,83,14610.0
CF409,,13:39:57.250#,14645.0,14680.0,14565.0,15580.0,13810.0,226139,482268,14585.0,159,14590.0,146,14595.0,131,14600.0,1760,14605.0,344,14610.0,515,14615.0,243,14620.0,223,14625.0,137,14630.0,83,14610.0
CF409,,13:39:57.500#,14645.0,14680.0,14565.0,15580.0,13810.0,226140,482268,14585.0,159,14590.0,146,14595.0,131,14600.0,1760,14605.0,343,14610.0,515,14615.0,237,14620.0,223,14625.0,137,14630.0,83,14605.0
CF409,,13:39:58.0#,14645.0,14680.0,14565.0,15580.0,13810.0,226145,482267,14585.0,159,14590.0,146,14595.0,131,14600.0,1760,14605.0,338,14610.0,515,14615.0,237,14620.0,223,14625.0,137,14630.0,83,14605.0
CF409,,13:39:58.500#,14645.0,14680.0,14565.0,15580.0,13810.0,226146,482267,14585.0,159,14590.0,146,14595.0,131,14600.0,1757,14605.0,337,14610.0,515,14615.0,237,14620.0,223,14625.0,133,14630.0,83,14605.0
CF409,,13:39:59.0#,14645.0,14680.0,14565.0,15580.0,13810.0,226146,482267,14585.0,159,14590.0,146,14595.0,131,14600.0,1757,14605.0,342,14610.0,525,14615.0,237,14620.0,223,14625.0,133,14630.0,83,14605.0
CF409,,13:39:59.250#,14645.0,14680.0,14565.0,15580.0,13810.0,226147,482267,14585.0,159,14590.0,146,14595.0,131,14600.0,1757,14605.0,341,14610.0,524,14615.0,237,14620.0,223,14625.0,133,14630.0,83,14605.0
CF409,,13:39:59.750#,14645.0,14680.0,14565.0,15580.0,13810.0,226147,482267,14585.0,159,14590.0,146,14595.0,131,14600.0,1747,14605.0,340,14610.0,524,14615.0,237,14620.0,223,14625.0,133,14630.0,83,14605.0
CF409,,13:40:01.0#,14645.0,14680.0,14565.0,15580.0,13810.0,226147,482267,14585.0,159,14590.0,146,14595.0,131,14600.0,1747,14605.0,340,14610.0,525,14615.0,237,14620.0,223,14625.0,133,14630.0,83,14605.0
CF409,,13:40:01.500#,14645.0,14680.0,14565.0,15580.0,13810.0,226147,482267,14585.0,159,14590.0,146,14595.0,131,14600.0,1747,14605.0,338,14610.0,525,14615.0,237,14620.0,223,14625.0,133,14630.0,83,14605.0
CF409,,13:40:01.750#,14645.0,14680.0,14565.0,15580.0,13810.0,226148,482267,14585.0,159,14590.0,146,14595.0,131,14600.0,1747,14605.0,337,14610.0,531,14615.0,237,14620.0,223,14625.0,133,14630.0,83,14605.0
CF409,,13:40:02.0#,14645.0,14680.0,14565.0,15580.0,13810.0,226148,482267,14585.0,159,14590.0,146,14595.0,131,14600.0,1747,14605.0,337,14610.0,543,14615.0,268,14620.0,223,14625.0,133,14630.0,83,14605.0
CF409,,13:40:02.250#,14645.0,14680.0,14565.0,15580.0,13810.0,226148,482267,14585.0,159,14590.0,146,14595.0,131,14600.0,1747,14605.0,342,14610.0,543,14615.0,268,14620.0,227,14625.0,133,14630.0,83,14605.0
CF409,,13:40:02.500#,14645.0,14680.0,14565.0,15580.0,13810.0,226148,482267,14585.0,159,14590.0,146,14595.0,131,14600.0,1747,14605.0,342,14610.0,543,14615.0,268,14620.0,227,14625.0,133,14630.0,83,14605.0
CF409,,13:40:02.750#,14645.0,14680.0,14565.0,15580.0,13810.0,226150,482267,14585.0,159,14590.0,146,14595.0,131,14600.0,1747,14605.0,342,14610.0,541,14615.0,268,14620.0,227,14625.0,133,14630.0,83,14610.0
CF409,,13:40:03.0#,14645.0,14680.0,14565.0,15580.0,13810.0,226150,482267,14585.0,159,14590.0,146,14595.0,131,14600.0,1747,14605.0,342,14610.0,541,14615.0,269,14620.0,229,14625.0,133,14630.0,83,14610.0
CF409,,13:40:03.250#,14645.0,14680.0,14565.0,15580.0,13810.0,226151,482267,14585.0,159,14590.0,146,14595.0,131,14600.0,1747,14605.0,341,14610.0,541,14615.0,269,14620.0,229,14625.0,133,14630.0,83,14605.0
CF409,,13:40:03.750#,14645.0,14680.0,14565.0,15580.0,13810.0,226151,482267,14585.0,159,14590.0,146,14595.0,131,14600.0,1749,14605.0,341,14610.0,541,14615.0,269,14620.0,229,14625.0,133,14630.0,83,14605.0
CF409,,13:40:04.0#,14645.0,14680.0,14565.0,15580.0,13810.0,226151,482267,14585.0,159,14590.0,146,14595.0,131,14600.0,1749,14605.0,341,14610.0,541,14615.0,269,14620.0,229,14625.0,133,14630.0,83,14605.0
CF409,,13:40:04.750#,14645.0,14680.0,14565.0,15580.0,13810.0,226153,482267,14585.0,159,14590.0,146,14595.0,131,14600.0,1750,14605.0,339,14610.0,543,14615.0,269,14620.0,229,14625.0,133,14630.0,83,14605.0
CF409,,13:40:05.0#,14645.0,14680.0,14565.0,15580.0,13810.0,226153,482267,14585.0,159,14590.0,146,14595.0,131,14600.0,1750,14605.0,348,14610.0,543,14615.0,269,14620.0,229,14625.0,133,14630.0,83,14605.0
CF409,,13:40:05.500#,14645.0,14680.0,14565.0,15580.0,13810.0,226153,482267,14585.0,159,14590.0,146,14595.0,132,14600.0,1750,14605.0,348,14610.0,543,14615.0,269,14620.0,229,14625.0,130,14630.0,83,14605.0
CF409,,13:40:05.750#,14645.0,14680.0,14565.0,15580.0,13810.0,226153,482267,14585.0,159,14590.0,146,14595.0,132,14600.0,1750,14605.0,353,14610.0,544,14615.0,269,14620.0,229,14625.0,130,14630.0,83,14605.0
CF409,,13:40:06.0#,14645.0,14680.0,14565.0,15580.0,13810.0,226153,482267,14585.0,159,14590.0,146,14595.0,132,14600.0,1750,14605.0,353,14610.0,550,14615.0,269,14620.0,229,14625.0,130,14630.0,83,14605.0
CF409,,13:40:06.250#,14645.0,14680.0,14565.0,15580.0,13810.0,226160,482267,14585.0,159,14590.0,163,14595.0,132,14600.0,1750,14605.0,353,14610.0,544,14615.0,269,14620.0,229,14625.0,130,14630.0,83,14610.0
CF409,,13:40:06.500#,14645.0,14680.0,14565.0,15580.0,13810.0,226166,482267,14585.0,159,14590.0,163,14595.0,132,14600.0,1750,14605.0,358,14610.0,547,14615.0,269,14620.0,232,14625.0,130,14630.0,83,14605.0
CF409,,13:40:07.250#,14645.0,14680.0,14565.0,15580.0,13810.0,226166,482267,14585.0,159,14590.0,163,14595.0,132,14600.0,1750,14605.0,363,14610.0,547,14615.0,269,14620.0,232,14625.0,130,14630.0,83,14605.0
CF409,,13:40:07.500#,14645.0,14680.0,14565.0,15580.0,13810.0,226166,482267,14585.0,159,14590.0,163,14595.0,132,14600.0,1750,14605.0,363,14610.0,546,14615.0,269,14620.0,233,14625.0,130,14630.0,83,14605.0
CF409,,13:40:07.750#,14645.0,14680.0,14565.0,15580.0,13810.0,226166,482267,14585.0,159,14590.0,163,14595.0,132,14600.0,1750,14605.0,366,14610.0,546,14615.0,269,14620.0,233,14625.0,130,14630.0,83,14605.0
CF409,,13:40:08.500#,14645.0,14680.0,14565.0,15580.0,13810.0,226166,482267,14585.0,159,14590.0,163,14595.0,132,14600.0,1750,14605.0,366,14610.0,546,14615.0,269,14620.0,233,14625.0,127,14630.0,83,14605.0
CF409,,13:40:08.750#,14645.0,14680.0,14565.0,15580.0,13810.0,226166,482267,14585.0,159,14590.0,163,14595.0,132,14600.0,1750,14605.0,366,14610.0,545,14615.0,269,14620.0,233,14625.0,127,14630.0,83,14605.0
CF409,,13:40:09.0#,14645.0,14680.0,14565.0,15580.0,13810.0,226166,482267,14585.0,159,14590.0,163,14595.0,133,14600.0,1750,14605.0,366,14610.0,545,14615.0,269,14620.0,233,14625.0,127,14630.0,83,14605.0
CF409,,13:40:09.500#,14645.0,14680.0,14565.0,15580.0,13810.0,226166,482267,14585.0,159,14590.0,163,14595.0,133,14600.0,1750,14605.0,366,14610.0,545,14615.0,269,14620.0,236,14625.0,127,14630.0,83,14605.0
CF409,,13:40:09.750#,14645.0,14680.0,14565.0,15580.0,13810.0,226167,482267,14585.0,159,14590.0,163,14595.0,133,14600.0,1750,14605.0,365,14610.0,545,14615.0,269,14620.0,236,14625.0,127,14630.0,83,14605.0
CF409,,13:40:10.0#,14645.0,14680.0,14565.0,15580.0,13810.0,226167,482267,14585.0,159,14590.0,163,14595.0,133,14600.0,1750,14605.0,366,14610.0,545,14615.0,269,14620.0,236,14625.0,127,14630.0,83,14605.0
CF409,,13:40:10.250#,14645.0,14680.0,14565.0,15580.0,13810.0,226167,482267,14585.0,159,14590.0,163,14595.0,133,14600.0,1750,14605.0,366,14610.0,546,14615.0,269,14620.0,235,14625.0,127,14630.0,83,14605.0
CF409,,13:40:10.500#,14645.0,14680.0,14565.0,15580.0,13810.0,226167,482267,14585.0,159,14590.0,163,14595.0,133,14600.0,1751,14605.0,366,14610.0,545,14615.0,269,14620.0,235,14625.0,127,14630.0,83,14605.0
CF409,,13:40:10.750#,14645.0,14680.0,14565.0,15580.0,13810.0,226167,482267,14585.0,159,14590.0,163,14595.0,133,14600.0,1751,14605.0,367,14610.0,545,14615.0,269,14620.0,235,14625.0,127,14630.0,83,14605.0
CF409,,13:40:11.0#,14645.0,14680.0,14565.0,15580.0,13810.0,226170,482267,14585.0,159,14590.0,163,14595.0,133,14600.0,1751,14605.0,364,14610.0,546,14615.0,269,14620.0,235,14625.0,127,14630.0,83,14605.0
CF409,,13:40:11.250#,14645.0,14680.0,14565.0,15580.0,13810.0,226170,482267,14585.0,159,14590.0,163,14595.0,133,14600.0,1751,14605.0,364,14610.0,547,14615.0,269,14620.0,235,14625.0,127,14630.0,83,14605.0
CF409,,13:40:11.500#,14645.0,14680.0,14565.0,15580.0,13810.0,226170,482267,14585.0,159,14590.0,163,14595.0,133,14600.0,1751,14605.0,364,14610.0,547,14615.0,269,14620.0,235,14625.0,127,14630.0,83,14605.0
CF409,,13:40:12.0#,14645.0,14680.0,14565.0,15580.0,13810.0,226170,482267,14585.0,159,14590.0,163,14595.0,133,14600.0,1751,14605.0,364,14610.0,548,14615.0,268,14620.0,235,14625.0,127,14630.0,83,14605.0
CF409,,13:40:12.250#,14645.0,14680.0,14565.0,15580.0,13810.0,226170,482267,14585.0,159,14590.0,163,14595.0,133,14600.0,1751,14605.0,365,14610.0,548,14615.0,267,14620.0,235,14625.0,127,14630.0,83,14605.0
CF409,,13:40:12.750#,14645.0,14680.0,14565.0,15580.0,13810.0,226172,482267,14585.0,159,14590.0,163,14595.0,133,14600.0,1751,14605.0,365,14610.0,546,14615.0,267,14620.0,235,14625.0,127,14630.0,83,14610.0
CF409,,13:40:13.500#,14645.0,14680.0,14565.0,15580.0,13810.0,226192,482267,14585.0,159,14590.0,163,14595.0,133,14600.0,1751,14605.0,345,14610.0,546,14615.0,267,14620.0,235,14625.0,127,14630.0,83,14605.0
CF409,,13:40:14.0#,14645.0,14680.0,14565.0,15580.0,13810.0,226195,482267,14585.0,159,14590.0,163,14595.0,133,14600.0,1751,14605.0,342,14610.0,546,14615.0,267,14620.0,235,14625.0,127,14630.0,83,14605.0
CF409,,13:40:14.250#,14645.0,14680.0,14565.0,15580.0,13810.0,226195,482267,14585.0,159,14590.0,163,14595.0,133,14600.0,1751,14605.0,342,14610.0,548,14615.0,267,14620.0,235,14625.0,127,14630.0,83,14605.0
CF409,,13:40:14.500#,14645.0,14680.0,14565.0,15580.0,13810.0,226195,482267,14585.0,159,14590.0,164,14595.0,133,14600.0,1751,14605.0,342,14610.0,548,14615.0,267,14620.0,235,14625.0,127,14630.0,83,14605.0
CF409,,13:40:14.750#,14645.0,14680.0,14565.0,15580.0,13810.0,226195,482267,14585.0,159,14590.0,164,14595.0,133,14600.0,1751,14605.0,344,14610.0,548,14615.0,267,14620.0,235,14625.0,127,14630.0,83,14605.0
CF409,,13:40:15.0#,14645.0,14680.0,14565.0,15580.0,13810.0,226196,482267,14585.0,159,14590.0,164,14595.0,133,14600.0,1751,14605.0,344,14610.0,547,14615.0,267,14620.0,235,14625.0,127,14630.0,83,14610.0
CF409,,13:40:15.500#,14645.0,14680.0,14565.0,15580.0,13810.0,226196,482267,14585.0,159,14590.0,174,14595.0,133,14600.0,1751,14605.0,343,14610.0,547,14615.0,267,14620.0,235,14625.0,127,14630.0,83,14610.0
CF409,,13:40:15.750#,14645.0,14680.0,14565.0,15580.0,13810.0,226196,482267,14585.0,159,14590.0,174,14595.0,133,14600.0,1751,14605.0,343,14610.0,548,14615.0,267,14620.0,235,14625.0,127,14630.0,83,14610.0
CF409,,13:40:16.500#,14645.0,14680.0,14565.0,15580.0,13810.0,226196,482267,14585.0,159,14590.0,174,14595.0,133,14600.0,1751,14605.0,344,14610.0,548,14615.0,267,14620.0,235,14625.0,127,14630.0,83,14610.0
CF409,,13:40:17.0#,14645.0,14680.0,14565.0,15580.0,13810.0,226200,482267,14585.0,159,14590.0,174,14595.0,133,14600.0,1751,14605.0,344,14610.0,544,14615.0,267,14620.0,235,14625.0,127,14630.0,83,14610.0
CF409,,13:40:17.250#,14645.0,14680.0,14565.0,15580.0,13810.0,226201,482267,14585.0,159,14590.0,174,14595.0,133,14600.0,1751,14605.0,343,14610.0,511,14615.0,267,14620.0,235,14625.0,127,14630.0,83,14605.0
CF409,,13:40:17.500#,14645.0,14680.0,14565.0,15580.0,13810.0,226202,482267,14585.0,159,14590.0,174,14595.0,133,14600.0,1751,14605.0,347,14610.0,498,14615.0,267,14620.0,235,14625.0,127,14630.0,83,14605.0
CF409,,13:40:17.750#,14645.0,14680.0,14565.0,15580.0,13810.0,226202,482267,14585.0,159,14590.0,174,14595.0,133,14600.0,1751,14605.0,350,14610.0,497,14615.0,267,14620.0,235,14625.0,127,14630.0,83,14605.0
CF409,,13:40:18.0#,14645.0,14680.0,14565.0,15580.0,13810.0,226202,482267,14585.0,159,14590.0,174,14595.0,133,14600.0,1751,14605.0,361,14610.0,497,14615.0,267,14620.0,235,14625.0,127,14630.0,83,14605.0
CF409,,13:40:18.250#,14645.0,14680.0,14565.0,15580.0,13810.0,226202,482267,14585.0,159,14590.0,174,14595.0,133,14600.0,1751,14605.0,361,14610.0,494,14615.0,267,14620.0,235,14625.0,127,14630.0,83,14605.0
CF409,,13:40:18.500#,14645.0,14680.0,14565.0,15580.0,13810.0,226202,482267,14585.0,159,14590.0,174,14595.0,133,14600.0,1751,14605.0,361,14610.0,492,14615.0,267,14620.0,235,14625.0,127,14630.0,83,14605.0
CF409,,13:40:18.750#,14645.0,14680.0,14565.0,15580.0,13810.0,226202,482267,14585.0,159,14590.0,174,14595.0,133,14600.0,1751,14605.0,361,14610.0,492,14615.0,267,14620.0,235,14625.0,127,14630.0,83,14605.0
CF409,,13:40:19.0#,14645.0,14680.0,14565.0,15580.0,13810.0,226202,482267,14585.0,159,14590.0,174,14595.0,133,14600.0,1751,14605.0,361,14610.0,492,14615.0,266,14620.0,235,14625.0,127,14630.0,83,14605.0
CF409,,13:40:19.250#,14645.0,14680.0,14565.0,15580.0,13810.0,226202,482267,14585.0,159,14590.0,174,14595.0,133,14600.0,1751,14605.0,361,14610.0,492,14615.0,266,14620.0,235,14625.0,127,14630.0,83,14605.0
CF409,,13:40:19.500#,14645.0,14680.0,14565.0,15580.0,13810.0,226202,482267,14585.0,159,14590.0,174,14595.0,133,14600.0,1751,14605.0,362,14610.0,492,14615.0,266,14620.0,235,14625.0,127,14630.0,83,14605.0
CF409,,13:40:19.750#,14645.0,14680.0,14565.0,15580.0,13810.0,226202,482267,14585.0,159,14590.0,174,14595.0,133,14600.0,1751,14605.0,366,14610.0,492,14615.0,266,14620.0,235,14625.0,127,14630.0,83,14605.0
CF409,,13:40:20.0#,14645.0,14680.0,14565.0,15580.0,13810.0,226202,482267,14585.0,159,14590.0,175,14595.0,133,14600.0,1751,14605.0,368,14610.0,492,14615.0,266,14620.0,235,14625.0,127,14630.0,83,14605.0
CF409,,13:40:20.500#,14645.0,14680.0,14565.0,15580.0,13810.0,226203,482266,14585.0,159,14590.0,175,14595.0,133,14600.0,1751,14605.0,371,14610.0,492,14615.0,266,14620.0,235,14625.0,127,14630.0,83,14605.0
CF409,,13:40:20.750#,14645.0,14680.0,14565.0,15580.0,13810.0,226204,482265,14585.0,159,14590.0,175,14595.0,133,14600.0,1751,14605.0,371,14610.0,491,14615.0,266,14620.0,235,14625.0,127,14630.0,83,14610.0
CF409,,13:40:21.0#,14645.0,14680.0,14565.0,15580.0,13810.0,226204,482265,14585.0,159,14590.0,175,14595.0,133,14600.0,1751,14605.0,372,14610.0,491,14615.0,266,14620.0,235,14625.0,127,14630.0,83,14610.0
CF409,,13:40:21.250#,14645.0,14680.0,14565.0,15580.0,13810.0,226204,482265,14585.0,159,14590.0,175,14595.0,133,14600.0,1751,14605.0,373,14610.0,491,14615.0,266,14620.0,235,14625.0,127,14630.0,83,14610.0
CF409,,13:40:21.500#,14645.0,14680.0,14565.0,15580.0,13810.0,226206,482265,14585.0,159,14590.0,175,14595.0,133,14600.0,1751,14605.0,373,14610.0,458,14615.0,266,14620.0,235,14625.0,127,14630.0,83,14610.0
CF409,,13:40:21.750#,14645.0,14680.0,14565.0,15580.0,13810.0,226206,482265,14585.0,159,14590.0,175,14595.0,133,14600.0,1751,14605.0,397,14610.0,403,14615.0,266,14620.0,235,14625.0,127,14630.0,83,14610.0
CF409,,13:40:22.0#,14645.0,14680.0,14565.0,15580.0,13810.0,226206,482265,14585.0,159,14590.0,175,14595.0,133,14600.0,1751,14605.0,407,14610.0,402,14615.0,266,14620.0,235,14625.0,127,14630.0,83,14610.0
CF409,,13:40:22.250#,14645.0,14680.0,14565.0,15580.0,13810.0,226206,482265,14585.0,159,14590.0,175,14595.0,133,14600.0,1751,14605.0,410,14610.0,402,14615.0,266,14620.0,235,14625.0,127,14630.0,83,14610.0
CF409,,13:40:22.500#,14645.0,14680.0,14565.0,15580.0,13810.0,226206,482265,14585.0,159,14590.0,175,14595.0,133,14600.0,1751,14605.0,411,14610.0,402,14615.0,266,14620.0,235,14625.0,127,14630.0,83,14610.0
CF409,,13:40:23.250#,14645.0,14680.0,14565.0,15580.0,13810.0,226208,482263,14585.0,159,14590.0,175,14595.0,133,14600.0,1751,14605.0,409,14610.0,402,14615.0,266,14620.0,235,14625.0,127,14630.0,83,14605.0
CF409,,13:40:23.500#,14645.0,14680.0,14565.0,15580.0,13810.0,226209,482263,14585.0,153,14590.0,175,14595.0,133,14600.0,1751,14605.0,408,14610.0,402,14615.0,262,14620.0,235,14625.0,127,14630.0,83,14605.0
CF409,,13:40:23.750#,14645.0,14680.0,14565.0,15580.0,13810.0,226209,482263,14585.0,153,14590.0,175,14595.0,133,14600.0,1749,14605.0,410,14610.0,402,14615.0,262,14620.0,235,14625.0,127,14630.0,83,14605.0
CF409,,13:40:24.250#,14645.0,14680.0,14565.0,15580.0,13810.0,226209,482263,14585.0,153,14590.0,175,14595.0,133,14600.0,1749,14605.0,410,14610.0,404,14615.0,262,14620.0,235,14625.0,127,14630.0,83,14605.0
CF409,,13:40:24.500#,14645.0,14680.0,14565.0,15580.0,13810.0,226209,482263,14585.0,153,14590.0,175,14595.0,132,14600.0,1749,14605.0,410,14610.0,404,14615.0,262,14620.0,235,14625.0,127,14630.0,83,14605.0
CF409,,13:40:24.750#,14645.0,14680.0,14565.0,15580.0,13810.0,226209,482263,14585.0,153,14590.0,175,14595.0,132,14600.0,1749,14605.0,413,14610.0,405,14615.0,262,14620.0,235,14625.0,127,14630.0,83,14605.0
CF409,,13:40:25.250#,14645.0,14680.0,14565.0,15580.0,13810.0,226209,482263,14585.0,153,14590.0,175,14595.0,132,14600.0,1749,14605.0,413,14610.0,405,14615.0,262,14620.0,235,14625.0,127,14630.0,83,14605.0
CF409,,13:40:25.500#,14645.0,14680.0,14565.0,15580.0,13810.0,226209,482263,14585.0,153,14590.0,175,14595.0,132,14600.0,1749,14605.0,412,14610.0,405,14615.0,262,14620.0,235,14625.0,127,14630.0,83,14605.0
CF409,,13:40:25.750#,14645.0,14680.0,14565.0,15580.0,13810.0,226209,482263,14585.0,153,14590.0,175,14595.0,132,14600.0,1749,14605.0,408,14610.0,405,14615.0,262,14620.0,235,14625.0,127,14630.0,83,14605.0
CF409,,13:40:26.0#,14645.0,14680.0,14565.0,15580.0,13810.0,226209,482263,14585.0,153,14590.0,175,14595.0,132,14600.0,1749,14605.0,412,14610.0,405,14615.0,262,14620.0,235,14625.0,127,14630.0,83,14605.0
CF409,,13:40:26.500#,14645.0,14680.0,14565.0,15580.0,13810.0,226209,482263,14585.0,153,14590.0,175,14595.0,132,14600.0,1749,14605.0,415,14610.0,405,14615.0,262,14620.0,235,14625.0,127,14630.0,83,14605.0
CF409,,13:40:28.0#,14645.0,14680.0,14565.0,15580.0,13810.0,226209,482263,14585.0,153,14590.0,175,14595.0,132,14600.0,1749,14605.0,415,14610.0,405,14615.0,256,14620.0,235,14625.0,127,14630.0,83,14605.0
CF409,,13:40:28.250#,14645.0,14680.0,14565.0,15580.0,13810.0,226209,482263,14585.0,153,14590.0,175,14595.0,132,14600.0,1749,14605.0,415,14610.0,404,14615.0,257,14620.0,235,14625.0,127,14630.0,83,14605.0
CF409,,13:40:28.500#,14645.0,14680.0,14565.0,15580.0,13810.0,226209,482263,14585.0,153,14590.0,175,14595.0,132,14600.0,1749,14605.0,419,14610.0,404,14615.0,257,14620.0,235,14625.0,127,14630.0,83,14605.0
CF409,,13:40:28.750#,14645.0,14680.0,14565.0,15580.0,13810.0,226279,482200,14585.0,153,14590.0,175,14595.0,132,14600.0,1749,14605.0,419,14610.0,334,14615.0,257,14620.0,235,14625.0,127,14630.0,83,14610.0
CF409,,13:40:29.0#,14645.0,14680.0,14565.0,15580.0,13810.0,226353,482220,14585.0,153,14590.0,175,14595.0,132,14600.0,1749,14605.0,463,14610.0,255,14615.0,257,14620.0,235,14625.0,127,14630.0,83,14610.0
CF409,,13:40:29.250#,14645.0,14680.0,14565.0,15580.0,13810.0,226624,482271,14590.0,175,14595.0,132,14600.0,1751,14605.0,401,14610.0,3,14615.0,401,14620.0,235,14625.0,127,14630.0,83,14635.0,107,14610.0
CF409,,13:40:29.500#,14645.0,14680.0,14565.0,15580.0,13810.0,226635,482274,14590.0,175,14595.0,133,14600.0,1750,14605.0,404,14610.0,13,14615.0,416,14620.0,235,14625.0,127,14630.0,83,14635.0,107,14610.0
CF409,,13:40:29.750#,14645.0,14680.0,14565.0,15580.0,13810.0,226650,482278,14585.0,153,14590.0,175,14595.0,133,14600.0,1750,14605.0,482,14610.0,61,14615.0,290,14620.0,235,14625.0,127,14630.0,83,14610.0
CF409,,13:40:30.0#,14645.0,14680.0,14565.0,15580.0,13810.0,226650,482278,14585.0,153,14590.0,175,14595.0,133,14600.0,1750,14605.0,475,14610.0,66,14615.0,291,14620.0,235,14625.0,127,14630.0,83,14610.0
CF409,,13:40:30.250#,14645.0,14680.0,14565.0,15580.0,13810.0,226650,482278,14585.0,153,14590.0,175,14595.0,133,14600.0,1750,14605.0,468,14610.0,67,14615.0,291,14620.0,235,14625.0,127,14630.0,83,14610.0
CF409,,13:40:30.500#,14645.0,14680.0,14565.0,15580.0,13810.0,226650,482278,14585.0,153,14590.0,175,14595.0,133,14600.0,1750,14605.0,470,14610.0,113,14615.0,259,14620.0,235,14625.0,127,14630.0,83,14610.0
CF409,,13:40:30.750#,14645.0,14680.0,14565.0,15580.0,13810.0,226650,482278,14585.0,153,14590.0,175,14595.0,133,14600.0,1750,14605.0,470,14610.0,114,14615.0,258,14620.0,235,14625.0,127,14630.0,83,14610.0
CF409,,13:40:31.0#,14645.0,14680.0,14565.0,15580.0,13810.0,226650,482278,14585.0,153,14590.0,175,14595.0,133,14600.0,1750,14605.0,470,14610.0,117,14615.0,258,14620.0,235,14625.0,127,14630.0,83,14610.0
CF409,,13:40:31.250#,14645.0,14680.0,14565.0,15580.0,13810.0,226650,482278,14585.0,153,14590.0,175,14595.0,133,14600.0,1750,14605.0,480,14610.0,122,14615.0,258,14620.0,235,14625.0,127,14630.0,83,14610.0
CF409,,13:40:31.500#,14645.0,14680.0,14565.0,15580.0,13810.0,226650,482278,14585.0,153,14590.0,175,14595.0,133,14600.0,1750,14605.0,481,14610.0,124,14615.0,258,14620.0,235,14625.0,127,14630.0,83,14610.0
CF409,,13:40:31.750#,14645.0,14680.0,14565.0,15580.0,13810.0,226650,482278,14585.0,153,14590.0,175,14595.0,133,14600.0,1750,14605.0,480,14610.0,125,14615.0,258,14620.0,235,14625.0,127,14630.0,83,14610.0
CF409,,13:40:32.0#,14645.0,14680.0,14565.0,15580.0,13810.0,226650,482278,14585.0,153,14590.0,175,14595.0,133,14600.0,1750,14605.0,480,14610.0,125,14615.0,258,14620.0,235,14625.0,127,14630.0,85,14610.0
CF409,,13:40:32.250#,14645.0,14680.0,14565.0,15580.0,13810.0,226650,482278,14585.0,153,14590.0,175,14595.0,133,14600.0,1750,14605.0,480,14610.0,125,14615.0,258,14620.0,235,14625.0,127,14630.0,85,14610.0
CF409,,13:40:32.500#,14645.0,14680.0,14565.0,15580.0,13810.0,226650,482278,14585.0,153,14590.0,175,14595.0,133,14600.0,1750,14605.0,486,14610.0,125,14615.0,263,14620.0,235,14625.0,127,14630.0,85,14610.0
CF409,,13:40:33.750#,14645.0,14680.0,14565.0,15580.0,13810.0,226650,482278,14585.0,153,14590.0,175,14595.0,133,14600.0,1750,14605.0,487,14610.0,125,14615.0,263,14620.0,235,14625.0,127,14630.0,85,14610.0
CF409,,13:40:34.0#,14645.0,14680.0,14565.0,15580.0,13810.0,226650,482278,14585.0,153,14590.0,175,14595.0,133,14600.0,1750,14605.0,487,14610.0,125,14615.0,263,14620.0,235,14625.0,127,14630.0,85,14610.0
CF409,,13:40:34.250#,14645.0,14680.0,14565.0,15580.0,13810.0,226653,482281,14585.0,153,14590.0,175,14595.0,133,14600.0,1750,14605.0,488,14610.0,122,14615.0,263,14620.0,235,14625.0,127,14630.0,85,14610.0
CF409,,13:40:34.500#,14645.0,14680.0,14565.0,15580.0,13810.0,226653,482281,14585.0,153,14590.0,175,14595.0,133,14600.0,1750,14605.0,488,14610.0,122,14615.0,270,14620.0,235,14625.0,127,14630.0,78,14610.0
CF409,,13:40:34.750#,14645.0,14680.0,14565.0,15580.0,13810.0,226653,482281,14585.0,153,14590.0,175,14595.0,133,14600.0,1750,14605.0,488,14610.0,116,14615.0,270,14620.0,235,14625.0,127,14630.0,78,14610.0
CF409,,13:40:35.500#,14645.0,14680.0,14565.0,15580.0,13810.0,226653,482281,14585.0,153,14590.0,175,14595.0,133,14600.0,1750,14605.0,489,14610.0,116,14615.0,270,14620.0,235,14625.0,127,14630.0,78,14610.0
CF409,,13:40:35.750#,14645.0,14680.0,14565.0,15580.0,13810.0,226654,482281,14585.0,153,14590.0,175,14595.0,133,14600.0,1750,14605.0,489,14610.0,115,14615.0,270,14620.0,235,14625.0,127,14630.0,78,14610.0
CF409,,13:40:36.250#,14645.0,14680.0,14565.0,15580.0,13810.0,226654,482281,14585.0,153,14590.0,175,14595.0,133,14600.0,1751,14605.0,489,14610.0,115,14615.0,270,14620.0,235,14625.0,127,14630.0,78,14610.0
CF409,,13:40:36.500#,14645.0,14680.0,14565.0,15580.0,13810.0,226654,482281,14585.0,153,14590.0,175,14595.0,133,14600.0,1750,14605.0,489,14610.0,115,14615.0,270,14620.0,235,14625.0,127,14630.0,78,14610.0
CF409,,13:40:36.750#,14645.0,14680.0,14565.0,15580.0,13810.0,226655,482281,14585.0,153,14590.0,175,14595.0,133,14600.0,1750,14605.0,489,14610.0,114,14615.0,270,14620.0,235,14625.0,127,14630.0,78,14610.0
CF409,,13:40:37.0#,14645.0,14680.0,14565.0,15580.0,13810.0,226657,482283,14585.0,153,14590.0,175,14595.0,133,14600.0,1750,14605.0,490,14610.0,114,14615.0,270,14620.0,235,14625.0,127,14630.0,78,14610.0
CF409,,13:40:38.0#,14645.0,14680.0,14565.0,15580.0,13810.0,226657,482283,14585.0,153,14590.0,175,14595.0,133,14600.0,1750,14605.0,490,14610.0,114,14615.0,270,14620.0,235,14625.0,127,14630.0,78,14610.0
CF409,,13:40:38.250#,14645.0,14680.0,14565.0,15580.0,13810.0,226657,482283,14585.0,153,14590.0,175,14595.0,133,14600.0,1760,14605.0,490,14610.0,114,14615.0,270,14620.0,235,14625.0,127,14630.0,78,14610.0
CF409,,13:40:38.500#,14645.0,14680.0,14565.0,15580.0,13810.0,226657,482283,14585.0,153,14590.0,175,14595.0,133,14600.0,1761,14605.0,492,14610.0,114,14615.0,270,14620.0,235,14625.0,127,14630.0,78,14610.0
CF409,,13:40:38.750#,14645.0,14680.0,14565.0,15580.0,13810.0,226657,482283,14585.0,153,14590.0,175,14595.0,133,14600.0,1761,14605.0,493,14610.0,114,14615.0,268,14620.0,235,14625.0,127,14630.0,78,14610.0
CF409,,13:40:39.750#,14645.0,14680.0,14565.0,15580.0,13810.0,226657,482283,14585.0,153,14590.0,175,14595.0,133,14600.0,1760,14605.0,493,14610.0,114,14615.0,268,14620.0,235,14625.0,127,14630.0,78,14610.0
CF409,,13:40:40.750#,14645.0,14680.0,14565.0,15580.0,13810.0,226657,482283,14585.0,153,14590.0,175,14595.0,133,14600.0,1760,14605.0,493,14610.0,115,14615.0,268,14620.0,235,14625.0,127,14630.0,78,14610.0
CF409,,13:40:41.500#,14645.0,14680.0,14565.0,15580.0,13810.0,226658,482284,14585.0,153,14590.0,175,14595.0,133,14600.0,1760,14605.0,493,14610.0,114,14615.0,268,14620.0,235,14625.0,127,14630.0,78,14610.0
CF409,,13:40:42.0#,14645.0,14680.0,14565.0,15580.0,13810.0,226660,482286,14585.0,153,14590.0,175,14595.0,133,14600.0,1760,14605.0,494,14610.0,113,14615.0,268,14620.0,235,14625.0,127,14630.0,78,14610.0
CF409,,13:40:42.250#,14645.0,14680.0,14565.0,15580.0,13810.0,226660,482286,14585.0,153,14590.0,175,14595.0,133,14600.0,1760,14605.0,496,14610.0,108,14615.0,268,14620.0,235,14625.0,127,14630.0,78,14610.0
CF409,,13:40:42.500#,14645.0,14680.0,14565.0,15580.0,13810.0,226660,482286,14585.0,153,14590.0,175,14595.0,133,14600.0,1760,14605.0,498,14610.0,109,14615.0,268,14620.0,235,14625.0,127,14630.0,78,14610.0
CF409,,13:40:43.0#,14645.0,14680.0,14565.0,15580.0,13810.0,226660,482286,14585.0,153,14590.0,175,14595.0,133,14600.0,1760,14605.0,498,14610.0,109,14615.0,268,14620.0,235,14625.0,127,14630.0,78,14610.0
CF409,,13:40:44.750#,14645.0,14680.0,14565.0,15580.0,13810.0,226660,482286,14585.0,153,14590.0,175,14595.0,133,14600.0,1760,14605.0,498,14610.0,109,14615.0,261,14620.0,235,14625.0,127,14630.0,78,14610.0
CF409,,13:40:45.0#,14645.0,14680.0,14565.0,15580.0,13810.0,226660,482286,14585.0,153,14590.0,175,14595.0,133,14600.0,1760,14605.0,498,14610.0,109,14615.0,261,14620.0,235,14625.0,134,14630.0,78,14610.0
CF409,,13:40:45.250#,14645.0,14680.0,14565.0,15580.0,13810.0,226660,482286,14585.0,153,14590.0,175,14595.0,133,14600.0,1760,14605.0,498,14610.0,109,14615.0,261,14620.0,235,14625.0,134,14630.0,78,14610.0
CF409,,13:40:46.0#,14645.0,14680.0,14565.0,15580.0,13810.0,226660,482286,14585.0,153,14590.0,175,14595.0,133,14600.0,1760,14605.0,498,14610.0,109,14615.0,261,14620.0,235,14625.0,134,14630.0,78,14610.0
CF409,,13:40:46.250#,14645.0,14680.0,14565.0,15580.0,13810.0,226660,482286,14585.0,153,14590.0,175,14595.0,133,14600.0,1760,14605.0,498,14610.0,119,14615.0,261,14620.0,235,14625.0,134,14630.0,78,14610.0
CF409,,13:40:46.500#,14645.0,14680.0,14565.0,15580.0,13810.0,226668,482286,14585.0,153,14590.0,175,14595.0,133,14600.0,1760,14605.0,500,14610.0,118,14615.0,261,14620.0,235,14625.0,134,14630.0,78,14610.0
CF409,,13:40:46.750#,14645.0,14680.0,14565.0,15580.0,13810.0,226668,482286,14585.0,153,14590.0,175,14595.0,133,14600.0,1760,14605.0,501,14610.0,125,14615.0,261,14620.0,235,14625.0,134,14630.0,78,14610.0
CF409,,13:40:47.0#,14645.0,14680.0,14565.0,15580.0,13810.0,226668,482286,14585.0,153,14590.0,175,14595.0,134,14600.0,1760,14605.0,502,14610.0,125,14615.0,261,14620.0,235,14625.0,134,14630.0,78,14610.0
CF409,,13:40:47.500#,14645.0,14680.0,14565.0,15580.0,13810.0,226673,482291,14585.0,153,14590.0,175,14595.0,134,14600.0,1760,14605.0,502,14610.0,120,14615.0,261,14620.0,235,14625.0,134,14630.0,78,14610.0
CF409,,13:40:47.750#,14645.0,14680.0,14565.0,15580.0,13810.0,226674,482292,14585.0,153,14590.0,175,14595.0,134,14600.0,1758,14605.0,501,14610.0,120,14615.0,261,14620.0,235,14625.0,134,14630.0,78,14610.0
CF409,,13:40:48.250#,14645.0,14680.0,14565.0,15580.0,13810.0,226770,482362,14585.0,153,14590.0,175,14595.0,134,14600.0,1758,14605.0,501,14610.0,24,14615.0,261,14620.0,235,14625.0,134,14630.0,78,14610.0
CF409,,13:40:48.500#,14645.0,14680.0,14565.0,15580.0,13810.0,226796,482364,14590.0,175,14595.0,134,14600.0,1758,14605.0,416,14610.0,34,14615.0,406,14620.0,236,14625.0,135,14630.0,78,14635.0,107,14610.0
CF409,,13:40:48.750#,14645.0,14680.0,14565.0,15580.0,13810.0,226796,482364,14590.0,175,14595.0,134,14600.0,1758,14605.0,410,14610.0,42,14615.0,414,14620.0,236,14625.0,135,14630.0,78,14635.0,107,14610.0
CF409,,13:40:49.0#,14645.0,14680.0,14565.0,15580.0,13810.0,226796,482364,14590.0,175,14595.0,134,14600.0,1758,14605.0,410,14610.0,42,14615.0,386,14620.0,239,14625.0,135,14630.0,78,14635.0,107,14610.0
CF409,,13:40:49.250#,14645.0,14680.0,14565.0,15580.0,13810.0,226796,482364,14590.0,175,14595.0,134,14600.0,1758,14605.0,410,14610.0,42,14615.0,376,14620.0,239,14625.0,135,14630.0,78,14635.0,107,14610.0
CF409,,13:40:49.500#,14645.0,14680.0,14565.0,15580.0,13810.0,226796,482364,14590.0,175,14595.0,134,14600.0,1758,14605.0,410,14610.0,42,14615.0,377,14620.0,239,14625.0,135,14630.0,78,14635.0,107,14610.0
CF409,,13:40:49.750#,14645.0,14680.0,14565.0,15580.0,13810.0,226796,482364,14590.0,175,14595.0,134,14600.0,1758,14605.0,410,14610.0,42,14615.0,369,14620.0,239,14625.0,135,14630.0,78,14635.0,107,14610.0
CF409,,13:40:50.0#,14645.0,14680.0,14565.0,15580.0,13810.0,226796,482364,14590.0,175,14595.0,134,14600.0,1758,14605.0,405,14610.0,42,14615.0,371,14620.0,239,14625.0,135,14630.0,78,14635.0,107,14610.0
CF409,,13:40:50.500#,14645.0,14680.0,14565.0,15580.0,13810.0,226796,482364,14590.0,175,14595.0,134,14600.0,1758,14605.0,407,14610.0,42,14615.0,371,14620.0,239,14625.0,135,14630.0,78,14635.0,107,14610.0
CF409,,13:40:50.750#,14645.0,14680.0,14565.0,15580.0,13810.0,226796,482364,14590.0,175,14595.0,134,14600.0,1758,14605.0,407,14610.0,42,14615.0,372,14620.0,239,14625.0,135,14630.0,78,14635.0,107,14610.0
CF409,,13:40:51.0#,14645.0,14680.0,14565.0,15580.0,13810.0,226796,482364,14590.0,175,14595.0,134,14600.0,1758,14605.0,407,14610.0,43,14615.0,372,14620.0,239,14625.0,135,14630.0,78,14635.0,107,14610.0
CF409,,13:40:51.250#,14645.0,14680.0,14565.0,15580.0,13810.0,226796,482364,14590.0,175,14595.0,134,14600.0,1758,14605.0,407,14610.0,44,14615.0,383,14620.0,239,14625.0,135,14630.0,78,14635.0,107,14610.0
CF409,,13:40:51.750#,14645.0,14680.0,14565.0,15580.0,13810.0,226796,482364,14590.0,175,14595.0,134,14600.0,1758,14605.0,407,14610.0,46,14615.0,383,14620.0,239,14625.0,135,14630.0,78,14635.0,107,14610.0
CF409,,13:40:52.0#,14645.0,14680.0,14565.0,15580.0,13810.0,226814,482370,14590.0,175,14595.0,134,14600.0,1758,14605.0,407,14610.0,28,14615.0,383,14620.0,239,14625.0,135,14630.0,78,14635.0,107,14610.0
CF409,,13:40:52.250#,14645.0,14680.0,14565.0,15580.0,13810.0,226815,482369,14590.0,175,14595.0,134,14600.0,1758,14605.0,407,14610.0,28,14615.0,383,14620.0,239,14625.0,135,14630.0,78,14635.0,107,14610.0
CF409,,13:40:52.500#,14645.0,14680.0,14565.0,15580.0,13810.0,226815,482369,14590.0,175,14595.0,134,14600.0,1758,14605.0,406,14610.0,66,14615.0,383,14620.0,239,14625.0,135,14630.0,78,14635.0,107,14610.0
CF409,,13:40:52.750#,14645.0,14680.0,14565.0,15580.0,13810.0,226815,482369,14590.0,175,14595.0,134,14600.0,1758,14605.0,406,14610.0,71,14615.0,384,14620.0,239,14625.0,135,14630.0,78,14635.0,107,14610.0
CF409,,13:40:53.0#,14645.0,14680.0,14565.0,15580.0,13810.0,226815,482369,14590.0,175,14595.0,134,14600.0,1758,14605.0,406,14610.0,75,14615.0,384,14620.0,239,14625.0,135,14630.0,78,14635.0,107,14610.0
CF409,,13:40:53.250#,14645.0,14680.0,14565.0,15580.0,13810.0,226815,482369,14590.0,175,14595.0,134,14600.0,1758,14605.0,406,14610.0,80,14615.0,384,14620.0,239,14625.0,135,14630.0,78,14635.0,107,14610.0
CF409,,13:40:54.250#,14645.0,14680.0,14565.0,15580.0,13810.0,226817,482368,14590.0,175,14595.0,134,14600.0,1758,14605.0,406,14610.0,80,14615.0,382,14620.0,239,14625.0,135,14630.0,78,14635.0,107,14615.0
CF409,,13:40:54.500#,14645.0,14680.0,14565.0,15580.0,13810.0,226818,482368,14590.0,175,14595.0,134,14600.0,1758,14605.0,406,14610.0,85,14615.0,382,14620.0,239,14625.0,135,14630.0,78,14635.0,107,14615.0
CF409,,13:40:54.750#,14645.0,14680.0,14565.0,15580.0,13810.0,226821,482368,14590.0,176,14595.0,134,14600.0,1758,14605.0,406,14610.0,83,14615.0,380,14620.0,239,14625.0,135,14630.0,78,14635.0,107,14615.0
CF409,,13:40:55.0#,14645.0,14680.0,14565.0,15580.0,13810.0,226821,482368,14590.0,176,14595.0,134,14600.0,1758,14605.0,406,14610.0,85,14615.0,380,14620.0,239,14625.0,135,14630.0,78,14635.0,107,14615.0
CF409,,13:40:55.250#,14645.0,14680.0,14565.0,15580.0,13810.0,226821,482368,14590.0,176,14595.0,134,14600.0,1758,14605.0,406,14610.0,86,14615.0,367,14620.0,239,14625.0,135,14630.0,78,14635.0,107,14615.0
CF409,,13:40:55.500#,14645.0,14680.0,14565.0,15580.0,13810.0,226821,482368,14590.0,176,14595.0,134,14600.0,1758,14605.0,406,14610.0,85,14615.0,367,14620.0,239,14625.0,135,14630.0,78,14635.0,107,14615.0
CF409,,13:40:55.750#,14645.0,14680.0,14565.0,15580.0,13810.0,226821,482368,14590.0,176,14595.0,134,14600.0,1758,14605.0,406,14610.0,86,14615.0,355,14620.0,241,14625.0,135,14630.0,78,14635.0,107,14615.0
CF409,,13:40:56.0#,14645.0,14680.0,14565.0,15580.0,13810.0,226821,482368,14590.0,176,14595.0,134,14600.0,1758,14605.0,406,14610.0,85,14615.0,355,14620.0,241,14625.0,135,14630.0,78,14635.0,107,14615.0
CF409,,13:40:56.250#,14645.0,14680.0,14565.0,15580.0,13810.0,226821,482368,14590.0,176,14595.0,134,14600.0,1758,14605.0,406,14610.0,86,14615.0,355,14620.0,241,14625.0,135,14630.0,78,14635.0,107,14615.0
CF409,,13:40:56.500#,14645.0,14680.0,14565.0,15580.0,13810.0,226821,482368,14590.0,176,14595.0,134,14600.0,1758,14605.0,406,14610.0,97,14615.0,355,14620.0,241,14625.0,135,14630.0,78,14635.0,107,14615.0
CF409,,13:40:56.750#,14645.0,14680.0,14565.0,15580.0,13810.0,226821,482368,14590.0,176,14595.0,134,14600.0,1758,14605.0,406,14610.0,97,14615.0,355,14620.0,241,14625.0,135,14630.0,78,14635.0,107,14615.0
CF409,,13:40:57.0#,14645.0,14680.0,14565.0,15580.0,13810.0,226821,482368,14590.0,176,14595.0,134,14600.0,1758,14605.0,406,14610.0,98,14615.0,355,14620.0,241,14625.0,135,14630.0,78,14635.0,107,14615.0
CF409,,13:40:57.250#,14645.0,14680.0,14565.0,15580.0,13810.0,226821,482368,14590.0,176,14595.0,134,14600.0,1758,14605.0,406,14610.0,99,14615.0,355,14620.0,241,14625.0,135,14630.0,78,14635.0,107,14615.0
CF409,,13:40:57.750#,14645.0,14680.0,14565.0,15580.0,13810.0,226825,482367,14590.0,176,14595.0,136,14600.0,1758,14605.0,406,14610.0,96,14615.0,354,14620.0,241,14625.0,135,14630.0,78,14635.0,107,14615.0
CF409,,13:40:58.250#,14645.0,14680.0,14565.0,15580.0,13810.0,226826,482367,14590.0,176,14595.0,136,14600.0,1758,14605.0,405,14610.0,96,14615.0,353,14620.0,241,14625.0,135,14630.0,78,14635.0,107,14615.0
CF409,,13:40:58.750#,14645.0,14680.0,14565.0,15580.0,13810.0,226827,482366,14590.0,176,14595.0,136,14600.0,1758,14605.0,404,14610.0,95,14615.0,343,14620.0,241,14625.0,135,14630.0,78,14635.0,107,14610.0
CF409,,13:40:59.0#,14645.0,14680.0,14565.0,15580.0,13810.0,226827,482366,14590.0,176,14595.0,136,14600.0,1758,14605.0,404,14610.0,95,14615.0,343,14620.0,238,14625.0,135,14630.0,78,14635.0,107,14610.0
CF409,,13:41:00.0#,14645.0,14680.0,14565.0,15580.0,13810.0,226827,482366,14590.0,176,14595.0,136,14600.0,1758,14605.0,404,14610.0,95,14615.0,353,14620.0,238,14625.0,135,14630.0,78,14635.0,107,14610.0
CF409,,13:41:00.250#,14645.0,14680.0,14565.0,15580.0,13810.0,226827,482366,14590.0,176,14595.0,136,14600.0,1758,14605.0,400,14610.0,96,14615.0,362,14620.0,238,14625.0,135,14630.0,78,14635.0,107,14610.0
CF409,,13:41:00.500#,14645.0,14680.0,14565.0,15580.0,13810.0,226827,482366,14590.0,175,14595.0,136,14600.0,1758,14605.0,400,14610.0,96,14615.0,362,14620.0,238,14625.0,135,14630.0,78,14635.0,107,14610.0
CF409,,13:41:00.750#,14645.0,14680.0,14565.0,15580.0,13810.0,226827,482366,14590.0,175,14595.0,136,14600.0,1758,14605.0,401,14610.0,95,14615.0,362,14620.0,238,14625.0,135,14630.0,78,14635.0,107,14610.0
CF409,,13:41:01.0#,14645.0,14680.0,14565.0,15580.0,13810.0,226828,482366,14590.0,175,14595.0,136,14600.0,1758,14605.0,402,14610.0,95,14615.0,362,14620.0,238,14625.0,135,14630.0,78,14635.0,107,14615.0
CF409,,13:41:01.250#,14645.0,14680.0,14565.0,15580.0,13810.0,226828,482366,14590.0,175,14595.0,136,14600.0,1758,14605.0,402,14610.0,100,14615.0,388,14620.0,238,14625.0,135,14630.0,78,14635.0,107,14615.0
CF409,,13:41:01.500#,14645.0,14680.0,14565.0,15580.0,13810.0,226828,482366,14590.0,175,14595.0,136,14600.0,1758,14605.0,402,14610.0,98,14615.0,389,14620.0,234,14625.0,139,14630.0,78,14635.0,107,14615.0
CF409,,13:41:01.750#,14645.0,14680.0,14565.0,15580.0,13810.0,226833,482366,14590.0,175,14595.0,136,14600.0,1758,14605.0,402,14610.0,93,14615.0,391,14620.0,234,14625.0,139,14630.0,81,14635.0,107,14610.0
CF409,,13:41:02.0#,14645.0,14680.0,14565.0,15580.0,13810.0,226833,482366,14590.0,175,14595.0,136,14600.0,1758,14605.0,402,14610.0,56,14615.0,391,14620.0,234,14625.0,139,14630.0,81,14635.0,107,14610.0
CF409,,13:41:02.250#,14645.0,14680.0,14565.0,15580.0,13810.0,226834,482365,14590.0,175,14595.0,136,14600.0,1758,14605.0,402,14610.0,51,14615.0,391,14620.0,234,14625.0,139,14630.0,81,14635.0,107,14610.0
CF409,,13:41:02.500#,14645.0,14680.0,14565.0,15580.0,13810.0,226836,482364,14590.0,175,14595.0,136,14600.0,1758,14605.0,402,14610.0,44,14615.0,393,14620.0,231,14625.0,139,14630.0,81,14635.0,107,14610.0
CF409,,13:41:03.0#,14645.0,14680.0,14565.0,15580.0,13810.0,226836,482364,14590.0,175,14595.0,136,14600.0,1758,14605.0,402,14610.0,44,14615.0,305,14620.0,231,14625.0,139,14630.0,81,14635.0,107,14610.0
CF409,,13:41:03.250#,14645.0,14680.0,14565.0,15580.0,13810.0,226836,482364,14590.0,175,14595.0,136,14600.0,1758,14605.0,403,14610.0,54,14615.0,305,14620.0,231,14625.0,139,14630.0,81,14635.0,107,14610.0
CF409,,13:41:03.500#,14645.0,14680.0,14565.0,15580.0,13810.0,226846,482370,14590.0,175,14595.0,136,14600.0,1758,14605.0,403,14610.0,50,14615.0,313,14620.0,231,14625.0,139,14630.0,81,14635.0,107,14610.0
CF409,,13:41:03.750#,14645.0,14680.0,14565.0,15580.0,13810.0,226846,482370,14590.0,175,14595.0,136,14600.0,1758,14605.0,403,14610.0,52,14615.0,306,14620.0,231,14625.0,139,14630.0,81,14635.0,107,14610.0
CF409,,13:41:04.0#,14645.0,14680.0,14565.0,15580.0,13810.0,226849,482371,14590.0,175,14595.0,136,14600.0,1758,14605.0,404,14610.0,49,14615.0,313,14620.0,231,14625.0,139,14630.0,84,14635.0,107,14610.0
CF409,,13:41:04.250#,14645.0,14680.0,14565.0,15580.0,13810.0,226860,482361,14590.0,175,14595.0,136,14600.0,1757,14605.0,405,14610.0,44,14615.0,339,14620.0,231,14625.0,139,14630.0,84,14635.0,107,14615.0
CF409,,13:41:04.500#,14645.0,14680.0,14565.0,15580.0,13810.0,226860,482361,14590.0,175,14595.0,136,14600.0,1757,14605.0,405,14610.0,39,14615.0,339,14620.0,231,14625.0,139,14630.0,84,14635.0,107,14615.0
CF409,,13:41:04.750#,14645.0,14680.0,14565.0,15580.0,13810.0,226860,482361,14590.0,175,14595.0,136,14600.0,1757,14605.0,405,14610.0,40,14615.0,354,14620.0,231,14625.0,139,14630.0,84,14635.0,107,14615.0
CF409,,13:41:05.0#,14645.0,14680.0,14565.0,15580.0,13810.0,226860,482361,14590.0,175,14595.0,136,14600.0,1757,14605.0,405,14610.0,41,14615.0,354,14620.0,231,14625.0,139,14630.0,84,14635.0,107,14615.0
CF409,,13:41:05.250#,14645.0,14680.0,14565.0,15580.0,13810.0,226861,482360,14590.0,175,14595.0,136,14600.0,1757,14605.0,406,14610.0,41,14615.0,353,14620.0,238,14625.0,139,14630.0,84,14635.0,107,14615.0
CF409,,13:41:05.500#,14645.0,14680.0,14565.0,15580.0,13810.0,226861,482360,14590.0,175,14595.0,136,14600.0,1757,14605.0,406,14610.0,41,14615.0,353,14620.0,252,14625.0,139,14630.0,84,14635.0,107,14615.0
CF409,,13:41:05.750#,14645.0,14680.0,14565.0,15580.0,13810.0,226861,482360,14590.0,175,14595.0,136,14600.0,1757,14605.0,406,14610.0,41,14615.0,354,14620.0,252,14625.0,139,14630.0,84,14635.0,107,14615.0
CF409,,13:41:06.250#,14645.0,14680.0,14565.0,15580.0,13810.0,226862,482360,14590.0,175,14595.0,136,14600.0,1757,14605.0,406,14610.0,40,14615.0,354,14620.0,252,14625.0,139,14630.0,84,14635.0,107,14610.0
CF409,,13:41:06.750#,14645.0,14680.0,14565.0,15580.0,13810.0,226863,482360,14590.0,175,14595.0,136,14600.0,1757,14605.0,406,14610.0,39,14615.0,354,14620.0,249,14625.0,139,14630.0,84,14635.0,107,14610.0
CF409,,13:41:07.0#,14645.0,14680.0,14565.0,15580.0,13810.0,226876,482358,14590.0,175,14595.0,136,14600.0,1757,14605.0,408,14610.0,41,14615.0,354,14620.0,249,14625.0,139,14630.0,84,14635.0,107,14610.0
CF409,,13:41:07.250#,14645.0,14680.0,14565.0,15580.0,13810.0,226876,482358,14590.0,175,14595.0,136,14600.0,1757,14605.0,407,14610.0,40,14615.0,354,14620.0,249,14625.0,139,14630.0,84,14635.0,107,14610.0
CF409,,13:41:07.500#,14645.0,14680.0,14565.0,15580.0,13810.0,226876,482358,14590.0,175,14595.0,136,14600.0,1757,14605.0,407,14610.0,40,14615.0,355,14620.0,249,14625.0,139,14630.0,84,14635.0,107,14610.0
CF409,,13:41:08.0#,14645.0,14680.0,14565.0,15580.0,13810.0,226876,482358,14590.0,175,14595.0,136,14600.0,1757,14605.0,407,14610.0,41,14615.0,356,14620.0,249,14625.0,139,14630.0,87,14635.0,107,14610.0
CF409,,13:41:08.250#,14645.0,14680.0,14565.0,15580.0,13810.0,226876,482358,14590.0,175,14595.0,136,14600.0,1757,14605.0,407,14610.0,56,14615.0,356,14620.0,249,14625.0,139,14630.0,87,14635.0,107,14610.0
CF409,,13:41:09.0#,14645.0,14680.0,14565.0,15580.0,13810.0,226877,482357,14590.0,175,14595.0,136,14600.0,1757,14605.0,407,14610.0,55,14615.0,357,14620.0,249,14625.0,139,14630.0,87,14635.0,107,14615.0
CF409,,13:41:09.250#,14645.0,14680.0,14565.0,15580.0,13810.0,226878,482358,14590.0,175,14595.0,132,14600.0,1757,14605.0,407,14610.0,55,14615.0,357,14620.0,249,14625.0,139,14630.0,87,14635.0,107,14610.0
CF409,,13:41:09.500#,14645.0,14680.0,14565.0,15580.0,13810.0,226878,482358,14590.0,175,14595.0,132,14600.0,1757,14605.0,407,14610.0,59,14615.0,357,14620.0,249,14625.0,139,14630.0,87,14635.0,107,14610.0
CF409,,13:41:10.250#,14645.0,14680.0,14565.0,15580.0,13810.0,226878,482358,14590.0,175,14595.0,132,14600.0,1757,14605.0,407,14610.0,59,14615.0,347,14620.0,249,14625.0,139,14630.0,87,14635.0,107,14610.0
CF409,,13:41:10.500#,14645.0,14680.0,14565.0,15580.0,13810.0,226888,482366,14590.0,175,14595.0,132,14600.0,1757,14605.0,407,14610.0,58,14615.0,347,14620.0,249,14625.0,139,14630.0,87,14635.0,107,14610.0
CF409,,13:41:10.750#,14645.0,14680.0,14565.0,15580.0,13810.0,226888,482366,14590.0,175,14595.0,132,14600.0,1757,14605.0,406,14610.0,58,14615.0,346,14620.0,249,14625.0,139,14630.0,87,14635.0,107,14610.0
CF409,,13:41:11.0#,14645.0,14680.0,14565.0,15580.0,13810.0,226888,482366,14590.0,175,14595.0,132,14600.0,1757,14605.0,405,14610.0,59,14615.0,347,14620.0,249,14625.0,139,14630.0,87,14635.0,107,14610.0
CF409,,13:41:11.500#,14645.0,14680.0,14565.0,15580.0,13810.0,226890,482367,14590.0,175,14595.0,132,14600.0,1757,14605.0,405,14610.0,66,14615.0,347,14620.0,249,14625.0,139,14630.0,87,14635.0,107,14615.0
CF409,,13:41:11.750#,14645.0,14680.0,14565.0,15580.0,13810.0,226890,482367,14590.0,175,14595.0,132,14600.0,1757,14605.0,405,14610.0,71,14615.0,347,14620.0,249,14625.0,139,14630.0,87,14635.0,107,14615.0
CF409,,13:41:12.0#,14645.0,14680.0,14565.0,15580.0,13810.0,226890,482367,14590.0,175,14595.0,132,14600.0,1757,14605.0,405,14610.0,80,14615.0,347,14620.0,249,14625.0,139,14630.0,87,14635.0,107,14615.0
CF409,,13:41:12.250#,14645.0,14680.0,14565.0,15580.0,13810.0,226890,482367,14590.0,175,14595.0,132,14600.0,1757,14605.0,402,14610.0,105,14615.0,347,14620.0,249,14625.0,139,14630.0,87,14635.0,107,14615.0
CF409,,13:41:12.500#,14645.0,14680.0,14565.0,15580.0,13810.0,226890,482367,14590.0,175,14595.0,132,14600.0,1756,14605.0,402,14610.0,106,14615.0,348,14620.0,249,14625.0,139,14630.0,87,14635.0,107,14615.0
CF409,,13:41:12.750#,14645.0,14680.0,14565.0,15580.0,13810.0,226890,482367,14590.0,175,14595.0,132,14600.0,1756,14605.0,402,14610.0,106,14615.0,348,14620.0,249,14625.0,139,14630.0,87,14635.0,107,14615.0
CF409,,13:41:13.0#,14645.0,14680.0,14565.0,15580.0,13810.0,226890,482367,14590.0,175,14595.0,132,14600.0,1756,14605.0,402,14610.0,106,14615.0,349,14620.0,249,14625.0,139,14630.0,87,14635.0,107,14615.0
CF409,,13:41:13.250#,14645.0,14680.0,14565.0,15580.0,13810.0,226890,482367,14590.0,175,14595.0,132,14600.0,1756,14605.0,402,14610.0,117,14615.0,349,14620.0,249,14625.0,139,14630.0,89,14635.0,107,14615.0
CF409,,13:41:13.500#,14645.0,14680.0,14565.0,15580.0,13810.0,226890,482367,14590.0,175,14595.0,132,14600.0,1756,14605.0,402,14610.0,117,14615.0,349,14620.0,249,14625.0,139,14630.0,89,14635.0,107,14615.0
CF409,,13:41:14.0#,14645.0,14680.0,14565.0,15580.0,13810.0,226893,482368,14590.0,175,14595.0,132,14600.0,1756,14605.0,402,14610.0,116,14615.0,349,14620.0,249,14625.0,139,14630.0,89,14635.0,107,14610.0
CF409,,13:41:14.250#,14645.0,14680.0,14565.0,15580.0,13810.0,226897,482370,14590.0,175,14595.0,132,14600.0,1756,14605.0,402,14610.0,113,14615.0,349,14620.0,249,14625.0,139,14630.0,89,14635.0,107,14610.0
CF409,,13:41:14.500#,14645.0,14680.0,14565.0,15580.0,13810.0,226897,482370,14590.0,175,14595.0,132,14600.0,1756,14605.0,402,14610.0,115,14615.0,349,14620.0,249,14625.0,139,14630.0,89,14635.0,107,14610.0
CF409,,13:41:15.0#,14645.0,14680.0,14565.0,15580.0,13810.0,226901,482369,14590.0,175,14595.0,132,14600.0,1756,14605.0,402,14610.0,112,14615.0,349,14620.0,249,14625.0,139,14630.0,89,14635.0,107,14610.0
CF409,,13:41:15.250#,14645.0,14680.0,14565.0,15580.0,13810.0,226902,482370,14590.0,175,14595.0,132,14600.0,1756,14605.0,402,14610.0,112,14615.0,349,14620.0,249,14625.0,139,14630.0,89,14635.0,107,14610.0
CF409,,13:41:15.500#,14645.0,14680.0,14565.0,15580.0,13810.0,226902,482370,14590.0,175,14595.0,132,14600.0,1756,14605.0,402,14610.0,113,14615.0,349,14620.0,249,14625.0,139,14630.0,89,14635.0,107,14610.0
CF409,,13:41:16.0#,14645.0,14680.0,14565.0,15580.0,13810.0,226902,482370,14590.0,175,14595.0,132,14600.0,1756,14605.0,402,14610.0,114,14615.0,349,14620.0,249,14625.0,139,14630.0,89,14635.0,107,14610.0
CF409,,13:41:16.500#,14645.0,14680.0,14565.0,15580.0,13810.0,226902,482370,14590.0,175,14595.0,132,14600.0,1756,14605.0,402,14610.0,114,14615.0,349,14620.0,249,14625.0,139,14630.0,89,14635.0,107,14610.0
CF409,,13:41:16.750#,14645.0,14680.0,14565.0,15580.0,13810.0,226902,482370,14590.0,175,14595.0,132,14600.0,1756,14605.0,402,14610.0,115,14615.0,349,14620.0,249,14625.0,139,14630.0,89,14635.0,107,14610.0
CF409,,13:41:17.0#,14645.0,14680.0,14565.0,15580.0,13810.0,226902,482370,14590.0,175,14595.0,132,14600.0,1757,14605.0,402,14610.0,115,14615.0,349,14620.0,249,14625.0,139,14630.0,89,14635.0,107,14610.0
CF409,,13:41:17.250#,14645.0,14680.0,14565.0,15580.0,13810.0,226902,482370,14590.0,175,14595.0,132,14600.0,1757,14605.0,402,14610.0,120,14615.0,349,14620.0,249,14625.0,139,14630.0,89,14635.0,107,14610.0
CF409,,13:41:17.500#,14645.0,14680.0,14565.0,15580.0,13810.0,226903,482369,14590.0,175,14595.0,132,14600.0,1757,14605.0,402,14610.0,119,14615.0,348,14620.0,249,14625.0,139,14630.0,89,14635.0,107,14615.0
CF409,,13:41:17.750#,14645.0,14680.0,14565.0,15580.0,13810.0,226906,482372,14590.0,175,14595.0,132,14600.0,1757,14605.0,402,14610.0,123,14615.0,348,14620.0,249,14625.0,139,14630.0,89,14635.0,107,14610.0
CF409,,13:41:18.250#,14645.0,14680.0,14565.0,15580.0,13810.0,226906,482372,14590.0,175,14595.0,132,14600.0,1757,14605.0,402,14610.0,125,14615.0,349,14620.0,249,14625.0,139,14630.0,89,14635.0,107,14610.0
CF409,,13:41:19.500#,14645.0,14680.0,14565.0,15580.0,13810.0,226906,482372,14590.0,174,14595.0,132,14600.0,1756,14605.0,401,14610.0,126,14615.0,359,14620.0,249,14625.0,139,14630.0,89,14635.0,107,14610.0
CF409,,13:41:19.750#,14645.0,14680.0,14565.0,15580.0,13810.0,226907,482373,14590.0,174,14595.0,132,14600.0,1756,14605.0,401,14610.0,128,14615.0,368,14620.0,249,14625.0,139,14630.0,89,14635.0,107,14610.0
CF409,,13:41:20.0#,14645.0,14680.0,14565.0,15580.0,13810.0,226907,482373,14590.0,174,14595.0,132,14600.0,1756,14605.0,401,14610.0,129,14615.0,368,14620.0,249,14625.0,139,14630.0,89,14635.0,107,14610.0
CF409,,13:41:20.250#,14645.0,14680.0,14565.0,15580.0,13810.0,226907,482373,14590.0,174,14595.0,132,14600.0,1756,14605.0,399,14610.0,129,14615.0,368,14620.0,249,14625.0,139,14630.0,89,14635.0,107,14610.0
CF409,,13:41:20.500#,14645.0,14680.0,14565.0,15580.0,13810.0,226907,482373,14590.0,174,14595.0,132,14600.0,1756,14605.0,399,14610.0,130,14615.0,368,14620.0,249,14625.0,139,14630.0,89,14635.0,107,14610.0
CF409,,13:41:20.750#,14645.0,14680.0,14565.0,15580.0,13810.0,226907,482373,14590.0,174,14595.0,132,14600.0,1755,14605.0,399,14610.0,130,14615.0,369,14620.0,249,14625.0,139,14630.0,88,14635.0,107,14610.0
CF409,,13:41:21.250#,14645.0,14680.0,14565.0,15580.0,13810.0,226907,482373,14590.0,174,14595.0,132,14600.0,1755,14605.0,399,14610.0,131,14615.0,369,14620.0,249,14625.0,139,14630.0,88,14635.0,107,14610.0
CF409,,13:41:22.750#,14645.0,14680.0,14565.0,15580.0,13810.0,226908,482373,14590.0,174,14595.0,132,14600.0,1755,14605.0,399,14610.0,132,14615.0,368,14620.0,249,14625.0,139,14630.0,88,14635.0,107,14615.0
CF409,,13:41:23.0#,14645.0,14680.0,14565.0,15580.0,13810.0,226908,482373,14590.0,174,14595.0,132,14600.0,1755,14605.0,399,14610.0,131,14615.0,368,14620.0,249,14625.0,139,14630.0,88,14635.0,107,14615.0
CF409,,13:41:23.250#,14645.0,14680.0,14565.0,15580.0,13810.0,226909,482374,14590.0,174,14595.0,132,14600.0,1755,14605.0,399,14610.0,130,14615.0,369,14620.0,249,14625.0,139,14630.0,88,14635.0,107,14610.0
CF409,,13:41:23.500#,14645.0,14680.0,14565.0,15580.0,13810.0,226909,482374,14590.0,174,14595.0,132,14600.0,1755,14605.0,399,14610.0,127,14615.0,369,14620.0,249,14625.0,139,14630.0,88,14635.0,107,14610.0
CF409,,13:41:23.750#,14645.0,14680.0,14565.0,15580.0,13810.0,226909,482374,14590.0,174,14595.0,132,14600.0,1755,14605.0,399,14610.0,127,14615.0,370,14620.0,249,14625.0,139,14630.0,88,14635.0,107,14610.0
CF409,,13:41:24.0#,14645.0,14680.0,14565.0,15580.0,13810.0,226909,482374,14590.0,174,14595.0,132,14600.0,1755,14605.0,399,14610.0,128,14615.0,370,14620.0,249,14625.0,139,14630.0,88,14635.0,107,14610.0
CF409,,13:41:24.250#,14645.0,14680.0,14565.0,15580.0,13810.0,226909,482374,14590.0,174,14595.0,132,14600.0,1755,14605.0,397,14610.0,128,14615.0,370,14620.0,249,14625.0,139,14630.0,88,14635.0,107,14610.0
CF409,,13:41:25.250#,14645.0,14680.0,14565.0,15580.0,13810.0,226910,482373,14590.0,174,14595.0,132,14600.0,1755,14605.0,397,14610.0,128,14615.0,369,14620.0,251,14625.0,139,14630.0,88,14635.0,107,14615.0
CF409,,13:41:25.500#,14645.0,14680.0,14565.0,15580.0,13810.0,226911,482373,14590.0,174,14595.0,132,14600.0,1755,14605.0,397,14610.0,128,14615.0,360,14620.0,251,14625.0,139,14630.0,88,14635.0,107,14615.0
CF409,,13:41:25.750#,14645.0,14680.0,14565.0,15580.0,13810.0,226912,482374,14590.0,174,14595.0,132,14600.0,1755,14605.0,397,14610.0,127,14615.0,360,14620.0,251,14625.0,139,14630.0,88,14635.0,107,14610.0
CF409,,13:41:26.0#,14645.0,14680.0,14565.0,15580.0,13810.0,226912,482374,14590.0,174,14595.0,132,14600.0,1755,14605.0,397,14610.0,128,14615.0,360,14620.0,251,14625.0,139,14630.0,88,14635.0,107,14610.0
CF409,,13:41:26.250#,14645.0,14680.0,14565.0,15580.0,13810.0,226913,482373,14590.0,174,14595.0,132,14600.0,1755,14605.0,397,14610.0,128,14615.0,359,14620.0,251,14625.0,139,14630.0,88,14635.0,107,14615.0
CF409,,13:41:26.500#,14645.0,14680.0,14565.0,15580.0,13810.0,226913,482373,14590.0,174,14595.0,132,14600.0,1755,14605.0,396,14610.0,128,14615.0,359,14620.0,251,14625.0,139,14630.0,88,14635.0,107,14615.0
CF409,,13:41:26.750#,14645.0,14680.0,14565.0,15580.0,13810.0,226923,482383,14590.0,174,14595.0,132,14600.0,1755,14605.0,396,14610.0,118,14615.0,359,14620.0,251,14625.0,139,14630.0,88,14635.0,107,14610.0
CF409,,13:41:27.0#,14645.0,14680.0,14565.0,15580.0,13810.0,226923,482383,14590.0,174,14595.0,132,14600.0,1755,14605.0,396,14610.0,118,14615.0,360,14620.0,251,14625.0,139,14630.0,88,14635.0,107,14610.0
CF409,,13:41:27.250#,14645.0,14680.0,14565.0,15580.0,13810.0,226923,482383,14590.0,174,14595.0,132,14600.0,1755,14605.0,406,14610.0,120,14615.0,360,14620.0,251,14625.0,139,14630.0,88,14635.0,107,14610.0
CF409,,13:41:28.250#,14645.0,14680.0,14565.0,15580.0,13810.0,226923,482383,14590.0,174,14595.0,132,14600.0,1755,14605.0,406,14610.0,120,14615.0,360,14620.0,249,14625.0,139,14630.0,88,14635.0,107,14610.0
CF409,,13:41:29.0#,14645.0,14680.0,14565.0,15580.0,13810.0,226923,482383,14590.0,174,14595.0,132,14600.0,1755,14605.0,406,14610.0,123,14615.0,361,14620.0,249,14625.0,139,14630.0,88,14635.0,107,14610.0
CF409,,13:41:29.250#,14645.0,14680.0,14565.0,15580.0,13810.0,226923,482383,14590.0,174,14595.0,132,14600.0,1755,14605.0,406,14610.0,126,14615.0,361,14620.0,249,14625.0,139,14630.0,88,14635.0,107,14610.0
CF409,,13:41:29.500#,14645.0,14680.0,14565.0,15580.0,13810.0,226923,482383,14590.0,174,14595.0,132,14600.0,1755,14605.0,406,14610.0,128,14615.0,361,14620.0,249,14625.0,139,14630.0,88,14635.0,107,14610.0
CF409,,13:41:30.500#,14645.0,14680.0,14565.0,15580.0,13810.0,226923,482383,14590.0,174,14595.0,132,14600.0,1755,14605.0,406,14610.0,128,14615.0,361,14620.0,249,14625.0,139,14630.0,88,14635.0,107,14610.0
CF409,,13:41:30.750#,14645.0,14680.0,14565.0,15580.0,13810.0,226923,482383,14590.0,174,14595.0,132,14600.0,1755,14605.0,406,14610.0,130,14615.0,361,14620.0,249,14625.0,139,14630.0,88,14635.0,107,14610.0
CF409,,13:41:31.500#,14645.0,14680.0,14565.0,15580.0,13810.0,226933,482383,14590.0,174,14595.0,132,14600.0,1755,14605.0,406,14610.0,120,14615.0,361,14620.0,249,14625.0,139,14630.0,88,14635.0,107,14610.0
CF409,,13:41:31.750#,14645.0,14680.0,14565.0,15580.0,13810.0,226933,482383,14590.0,174,14595.0,132,14600.0,1755,14605.0,406,14610.0,121,14615.0,360,14620.0,249,14625.0,139,14630.0,88,14635.0,107,14610.0
CF409,,13:41:32.0#,14645.0,14680.0,14565.0,15580.0,13810.0,226933,482383,14590.0,174,14595.0,132,14600.0,1755,14605.0,406,14610.0,121,14615.0,361,14620.0,249,14625.0,139,14630.0,88,14635.0,107,14610.0
CF409,,13:41:32.250#,14645.0,14680.0,14565.0,15580.0,13810.0,226935,482385,14590.0,174,14595.0,132,14600.0,1755,14605.0,406,14610.0,119,14615.0,361,14620.0,249,14625.0,139,14630.0,88,14635.0,107,14610.0
CF409,,13:41:32.500#,14645.0,14680.0,14565.0,15580.0,13810.0,226945,482378,14590.0,174,14595.0,132,14600.0,1755,14605.0,406,14610.0,109,14615.0,360,14620.0,249,14625.0,139,14630.0,88,14635.0,107,14610.0
CF409,,13:41:33.0#,14645.0,14680.0,14565.0,15580.0,13810.0,226945,482378,14590.0,174,14595.0,132,14600.0,1755,14605.0,406,14610.0,110,14615.0,360,14620.0,249,14625.0,139,14630.0,88,14635.0,107,14610.0
CF409,,13:41:33.500#,14645.0,14680.0,14565.0,15580.0,13810.0,226946,482378,14590.0,174,14595.0,132,14600.0,1755,14605.0,406,14610.0,110,14615.0,360,14620.0,249,14625.0,139,14630.0,88,14635.0,107,14610.0
CF409,,13:41:34.250#,14645.0,14680.0,14565.0,15580.0,13810.0,226946,482378,14590.0,174,14595.0,132,14600.0,1755,14605.0,406,14610.0,110,14615.0,359,14620.0,249,14625.0,139,14630.0,88,14635.0,107,14610.0
CF409,,13:41:34.500#,14645.0,14680.0,14565.0,15580.0,13810.0,226947,482378,14590.0,174,14595.0,132,14600.0,1755,14605.0,406,14610.0,109,14615.0,359,14620.0,249,14625.0,139,14630.0,88,14635.0,107,14610.0
CF409,,13:41:34.750#,14645.0,14680.0,14565.0,15580.0,13810.0,226947,482378,14590.0,174,14595.0,132,14600.0,1755,14605.0,406,14610.0,109,14615.0,359,14620.0,249,14625.0,139,14630.0,88,14635.0,107,14610.0
CF409,,13:41:35.0#,14645.0,14680.0,14565.0,15580.0,13810.0,226947,482378,14590.0,174,14595.0,132,14600.0,1758,14605.0,406,14610.0,109,14615.0,359,14620.0,249,14625.0,139,14630.0,88,14635.0,107,14610.0
CF409,,13:41:35.250#,14645.0,14680.0,14565.0,15580.0,13810.0,226947,482378,14590.0,174,14595.0,133,14600.0,1758,14605.0,402,14610.0,109,14615.0,359,14620.0,249,14625.0,139,14630.0,88,14635.0,107,14610.0
CF409,,13:41:35.750#,14645.0,14680.0,14565.0,15580.0,13810.0,226948,482377,14590.0,174,14595.0,133,14600.0,1758,14605.0,402,14610.0,108,14615.0,358,14620.0,249,14625.0,139,14630.0,88,14635.0,107,14610.0
CF409,,13:41:36.250#,14645.0,14680.0,14565.0,15580.0,13810.0,226948,482377,14590.0,174,14595.0,133,14600.0,1758,14605.0,402,14610.0,110,14615.0,358,14620.0,249,14625.0,139,14630.0,88,14635.0,107,14610.0
CF409,,13:41:36.500#,14645.0,14680.0,14565.0,15580.0,13810.0,226948,482377,14590.0,174,14595.0,133,14600.0,1758,14605.0,402,14610.0,110,14615.0,359,14620.0,249,14625.0,139,14630.0,88,14635.0,107,14610.0
CF409,,13:41:37.0#,14645.0,14680.0,14565.0,15580.0,13810.0,226948,482377,14590.0,174,14595.0,133,14600.0,1758,14605.0,402,14610.0,111,14615.0,359,14620.0,249,14625.0,139,14630.0,88,14635.0,107,14610.0
CF409,,13:41:37.250#,14645.0,14680.0,14565.0,15580.0,13810.0,226948,482377,14590.0,174,14595.0,133,14600.0,1758,14605.0,402,14610.0,111,14615.0,360,14620.0,249,14625.0,139,14630.0,88,14635.0,107,14610.0
CF409,,13:41:37.750#,14645.0,14680.0,14565.0,15580.0,13810.0,226948,482377,14590.0,174,14595.0,133,14600.0,1758,14605.0,402,14610.0,112,14615.0,360,14620.0,249,14625.0,139,14630.0,88,14635.0,107,14610.0
CF409,,13:41:38.500#,14645.0,14680.0,14565.0,15580.0,13810.0,226948,482377,14590.0,174,14595.0,133,14600.0,1758,14605.0,402,14610.0,114,14615.0,360,14620.0,249,14625.0,139,14630.0,88,14635.0,107,14610.0
CF409,,13:41:38.750#,14645.0,14680.0,14565.0,15580.0,13810.0,226948,482377,14590.0,174,14595.0,133,14600.0,1758,14605.0,402,14610.0,115,14615.0,360,14620.0,249,14625.0,139,14630.0,88,14635.0,107,14610.0
CF409,,13:41:39.0#,14645.0,14680.0,14565.0,15580.0,13810.0,226948,482377,14590.0,174,14595.0,133,14600.0,1758,14605.0,402,14610.0,115,14615.0,360,14620.0,249,14625.0,139,14630.0,88,14635.0,107,14610.0
CF409,,13:41:40.0#,14645.0,14680.0,14565.0,15580.0,13810.0,226948,482377,14590.0,174,14595.0,133,14600.0,1758,14605.0,402,14610.0,118,14615.0,360,14620.0,249,14625.0,139,14630.0,88,14635.0,107,14610.0
CF409,,13:41:40.250#,14645.0,14680.0,14565.0,15580.0,13810.0,226950,482377,14590.0,174,14595.0,133,14600.0,1758,14605.0,402,14610.0,116,14615.0,360,14620.0,249,14625.0,139,14630.0,88,14635.0,107,14610.0
CF409,,13:41:41.250#,14645.0,14680.0,14565.0,15580.0,13810.0,226953,482377,14590.0,174,14595.0,133,14600.0,1758,14605.0,402,14610.0,115,14615.0,356,14620.0,249,14625.0,139,14630.0,88,14635.0,107,14615.0
CF409,,13:41:41.500#,14645.0,14680.0,14565.0,15580.0,13810.0,226953,482377,14590.0,174,14595.0,133,14600.0,1758,14605.0,402,14610.0,115,14615.0,356,14620.0,249,14625.0,139,14630.0,88,14635.0,107,14615.0
CF409,,13:41:41.750#,14645.0,14680.0,14565.0,15580.0,13810.0,226955,482378,14590.0,174,14595.0,133,14600.0,1758,14605.0,402,14610.0,113,14615.0,353,14620.0,249,14625.0,139,14630.0,88,14635.0,107,14610.0
CF409,,13:41:42.0#,14645.0,14680.0,14565.0,15580.0,13810.0,226955,482378,14590.0,174,14595.0,132,14600.0,1758,14605.0,402,14610.0,113,14615.0,353,14620.0,249,14625.0,139,14630.0,88,14635.0,107,14610.0
CF409,,13:41:42.250#,14645.0,14680.0,14565.0,15580.0,13810.0,226956,482378,14590.0,175,14595.0,132,14600.0,1758,14605.0,402,14610.0,112,14615.0,353,14620.0,249,14625.0,139,14630.0,88,14635.0,107,14610.0
CF409,,13:41:42.500#,14645.0,14680.0,14565.0,15580.0,13810.0,226958,482379,14590.0,175,14595.0,132,14600.0,1758,14605.0,402,14610.0,112,14615.0,351,14620.0,249,14625.0,139,14630.0,88,14635.0,107,14615.0
CF409,,13:41:43.250#,14645.0,14680.0,14565.0,15580.0,13810.0,226961,482382,14590.0,175,14595.0,132,14600.0,1758,14605.0,402,14610.0,109,14615.0,351,14620.0,249,14625.0,139,14630.0,88,14635.0,107,14610.0
CF409,,13:41:43.500#,14645.0,14680.0,14565.0,15580.0,13810.0,226961,482382,14590.0,175,14595.0,132,14600.0,1758,14605.0,402,14610.0,109,14615.0,351,14620.0,249,14625.0,139,14630.0,88,14635.0,107,14610.0
CF409,,13:41:43.750#,14645.0,14680.0,14565.0,15580.0,13810.0,226963,482384,14590.0,175,14595.0,132,14600.0,1758,14605.0,402,14610.0,107,14615.0,349,14620.0,249,14625.0,139,14630.0,88,14635.0,107,14610.0
CF409,,13:41:44.250#,14645.0,14680.0,14565.0,15580.0,13810.0,226965,482386,14590.0,175,14595.0,132,14600.0,1758,14605.0,402,14610.0,105,14615.0,349,14620.0,249,14625.0,139,14630.0,88,14635.0,107,14610.0
CF409,,13:41:44.500#,14645.0,14680.0,14565.0,15580.0,13810.0,226965,482386,14590.0,175,14595.0,132,14600.0,1758,14605.0,402,14610.0,107,14615.0,348,14620.0,249,14625.0,139,14630.0,88,14635.0,107,14610.0
CF409,,13:41:44.750#,14645.0,14680.0,14565.0,15580.0,13810.0,226965,482386,14590.0,175,14595.0,132,14600.0,1758,14605.0,402,14610.0,107,14615.0,349,14620.0,249,14625.0,139,14630.0,88,14635.0,107,14610.0
CF409,,13:41:45.250#,14645.0,14680.0,14565.0,15580.0,13810.0,226965,482386,14590.0,175,14595.0,132,14600.0,1759,14605.0,402,14610.0,107,14615.0,349,14620.0,249,14625.0,139,14630.0,88,14635.0,107,14610.0
CF409,,13:41:45.750#,14645.0,14680.0,14565.0,15580.0,13810.0,226966,482386,14590.0,175,14595.0,132,14600.0,1759,14605.0,402,14610.0,106,14615.0,349,14620.0,249,14625.0,139,14630.0,88,14635.0,107,14610.0
