InstrumentId,ExchangeId,Datetime,OpenPrice,HighestPrice,LowestPrice,UpperLimitPrice,LowerLimitPrice,Volume,OpenInterest,BidPrice5,BidVolume5,BidPrice4,BidVolume4,BidPrice3,BidVolume3,BidPrice2,BidVolume2,BidPrice1,BidVolume1,AskPrice1,AskVolume1,AskPrice2,AskVolume2,AskPrice3,AskVolume3,AskPrice4,AskVolume4,AskPrice5,AskVolume5,LastPrice
CF411,,13:38:35.500#,14680.0,14700.0,14600.0,15605.0,13835.0,21351,9839,14610.0,21,14615.0,15,14620.0,62,14625.0,23,14630.0,322,14640.0,153,14645.0,73,14650.0,22,14655.0,11,14660.0,15,14635.0
CF411,,13:38:35.750#,14680.0,14700.0,14600.0,15605.0,13835.0,21351,9839,14610.0,21,14615.0,15,14620.0,62,14625.0,23,14630.0,326,14640.0,152,14645.0,73,14650.0,22,14655.0,11,14660.0,15,14635.0
CF411,,13:38:36.0#,14680.0,14700.0,14600.0,15605.0,13835.0,21351,9839,14610.0,21,14615.0,15,14620.0,62,14625.0,23,14630.0,326,14640.0,148,14645.0,73,14650.0,22,14655.0,11,14660.0,15,14635.0
CF411,,13:38:37.500#,14680.0,14700.0,14600.0,15605.0,13835.0,21351,9839,14610.0,21,14615.0,15,14620.0,62,14625.0,23,14630.0,326,14640.0,147,14645.0,73,14650.0,22,14655.0,11,14660.0,15,14635.0
CF411,,13:38:38.0#,14680.0,14700.0,14600.0,15605.0,13835.0,21351,9839,14610.0,21,14615.0,15,14620.0,62,14625.0,23,14630.0,326,14640.0,171,14645.0,73,14650.0,22,14655.0,11,14660.0,15,14635.0
CF411,,13:38:38.250#,14680.0,14700.0,14600.0,15605.0,13835.0,21351,9839,14610.0,21,14615.0,15,14620.0,62,14625.0,23,14630.0,326,14640.0,176,14645.0,73,14650.0,22,14655.0,11,14660.0,15,14635.0
CF411,,13:38:38.500#,14680.0,14700.0,14600.0,15605.0,13835.0,21351,9839,14610.0,21,14615.0,15,14620.0,62,14625.0,23,14630.0,326,14640.0,177,14645.0,73,14650.0,22,14655.0,11,14660.0,15,14635.0
CF411,,13:38:39.0#,14680.0,14700.0,14600.0,15605.0,13835.0,21351,9839,14610.0,21,14615.0,15,14620.0,62,14625.0,23,14630.0,326,14640.0,175,14645.0,73,14650.0,22,14655.0,11,14660.0,15,14635.0
CF411,,13:38:39.250#,14680.0,14700.0,14600.0,15605.0,13835.0,21351,9839,14610.0,21,14615.0,15,14620.0,62,14625.0,23,14630.0,326,14640.0,176,14645.0,73,14650.0,22,14655.0,11,14660.0,15,14635.0
CF411,,13:38:40.500#,14680.0,14700.0,14600.0,15605.0,13835.0,21351,9839,14610.0,21,14615.0,15,14620.0,62,14625.0,23,14630.0,327,14640.0,176,14645.0,73,14650.0,22,14655.0,11,14660.0,15,14635.0
CF411,,13:38:42.500#,14680.0,14700.0,14600.0,15605.0,13835.0,21351,9839,14610.0,21,14615.0,15,14620.0,62,14625.0,23,14630.0,327,14640.0,191,14645.0,73,14650.0,22,14655.0,11,14660.0,15,14635.0
CF411,,13:38:42.750#,14680.0,14700.0,14600.0,15605.0,13835.0,21351,9839,14610.0,21,14615.0,15,14620.0,62,14625.0,23,14630.0,327,14640.0,211,14645.0,73,14650.0,22,14655.0,11,14660.0,15,14635.0
CF411,,13:38:43.0#,14680.0,14700.0,14600.0,15605.0,13835.0,21351,9839,14610.0,21,14615.0,15,14620.0,62,14625.0,23,14630.0,327,14640.0,216,14645.0,73,14650.0,22,14655.0,11,14660.0,15,14635.0
CF411,,13:38:45.500#,14680.0,14700.0,14600.0,15605.0,13835.0,21351,9839,14610.0,21,14615.0,15,14620.0,62,14625.0,33,14630.0,317,14640.0,238,14645.0,63,14650.0,22,14655.0,11,14660.0,15,14635.0
CF411,,13:38:45.750#,14680.0,14700.0,14600.0,15605.0,13835.0,21351,9839,14610.0,21,14615.0,15,14620.0,62,14625.0,23,14630.0,318,14640.0,228,14645.0,73,14650.0,22,14655.0,11,14660.0,15,14635.0
CF411,,13:38:46.0#,14680.0,14700.0,14600.0,15605.0,13835.0,21351,9839,14610.0,21,14615.0,15,14620.0,62,14625.0,33,14630.0,308,14635.0,20,14640.0,105,14645.0,73,14650.0,22,14655.0,11,14635.0
CF411,,13:38:46.250#,14680.0,14700.0,14600.0,15605.0,13835.0,21351,9839,14610.0,21,14615.0,15,14620.0,62,14625.0,53,14630.0,288,14635.0,25,14640.0,132,14645.0,43,14650.0,22,14655.0,11,14635.0
CF411,,13:38:46.500#,14680.0,14700.0,14600.0,15605.0,13835.0,21351,9839,14610.0,21,14615.0,15,14620.0,62,14625.0,73,14630.0,268,14635.0,25,14640.0,142,14645.0,33,14650.0,22,14655.0,11,14635.0
CF411,,13:38:47.0#,14680.0,14700.0,14600.0,15605.0,13835.0,21351,9839,14610.0,21,14615.0,15,14620.0,62,14625.0,73,14630.0,267,14635.0,25,14640.0,142,14645.0,33,14650.0,22,14655.0,11,14635.0
CF411,,13:38:50.250#,14680.0,14700.0,14600.0,15605.0,13835.0,21351,9839,14610.0,21,14615.0,15,14620.0,62,14625.0,63,14630.0,277,14635.0,25,14640.0,142,14645.0,33,14650.0,22,14655.0,11,14635.0
CF411,,13:39:00.0#,14680.0,14700.0,14600.0,15605.0,13835.0,21351,9839,14610.0,21,14615.0,15,14620.0,62,14625.0,63,14630.0,277,14635.0,19,14640.0,142,14645.0,33,14650.0,22,14655.0,11,14635.0
CF411,,13:39:00.250#,14680.0,14700.0,14600.0,15605.0,13835.0,21351,9839,14610.0,21,14615.0,15,14620.0,62,14625.0,63,14630.0,277,14635.0,15,14640.0,142,14645.0,33,14650.0,22,14655.0,11,14635.0
CF411,,13:39:00.750#,14680.0,14700.0,14600.0,15605.0,13835.0,21351,9839,14610.0,21,14615.0,15,14620.0,62,14625.0,63,14630.0,277,14635.0,24,14640.0,142,14645.0,33,14650.0,22,14655.0,11,14635.0
CF411,,13:39:01.0#,14680.0,14700.0,14600.0,15605.0,13835.0,21351,9839,14610.0,21,14615.0,15,14620.0,62,14625.0,73,14630.0,267,14635.0,24,14640.0,142,14645.0,33,14650.0,22,14655.0,11,14635.0
CF411,,13:39:07.250#,14680.0,14700.0,14600.0,15605.0,13835.0,21351,9839,14610.0,21,14615.0,15,14620.0,62,14625.0,73,14630.0,267,14635.0,25,14640.0,142,14645.0,33,14650.0,22,14655.0,11,14635.0
CF411,,13:39:14.0#,14680.0,14700.0,14600.0,15605.0,13835.0,21351,9839,14610.0,21,14615.0,15,14620.0,62,14625.0,73,14630.0,267,14635.0,29,14640.0,138,14645.0,33,14650.0,22,14655.0,11,14635.0
CF411,,13:39:15.250#,14680.0,14700.0,14600.0,15605.0,13835.0,21351,9839,14610.0,21,14615.0,15,14620.0,62,14625.0,73,14630.0,267,14635.0,25,14640.0,138,14645.0,33,14650.0,22,14655.0,11,14635.0
CF411,,13:39:18.250#,14680.0,14700.0,14600.0,15605.0,13835.0,21351,9839,14610.0,21,14615.0,15,14620.0,62,14625.0,83,14630.0,257,14635.0,29,14640.0,138,14645.0,43,14650.0,12,14655.0,11,14635.0
CF411,,13:39:18.750#,14680.0,14700.0,14600.0,15605.0,13835.0,21351,9839,14610.0,21,14615.0,15,14620.0,62,14625.0,83,14630.0,257,14635.0,30,14640.0,138,14645.0,43,14650.0,12,14655.0,11,14635.0
CF411,,13:39:19.0#,14680.0,14700.0,14600.0,15605.0,13835.0,21351,9839,14610.0,21,14615.0,15,14620.0,62,14625.0,83,14630.0,256,14635.0,30,14640.0,138,14645.0,43,14650.0,12,14655.0,11,14635.0
CF411,,13:39:25.500#,14680.0,14700.0,14600.0,15605.0,13835.0,21351,9839,14610.0,21,14615.0,15,14620.0,62,14625.0,83,14630.0,256,14635.0,29,14640.0,138,14645.0,43,14650.0,12,14655.0,11,14635.0
CF411,,13:39:36.250#,14680.0,14700.0,14600.0,15605.0,13835.0,21351,9839,14610.0,21,14615.0,15,14620.0,62,14625.0,73,14630.0,266,14635.0,29,14640.0,138,14645.0,43,14650.0,12,14655.0,11,14635.0
CF411,,13:39:38.500#,14680.0,14700.0,14600.0,15605.0,13835.0,21351,9839,14610.0,21,14615.0,15,14620.0,62,14625.0,73,14630.0,266,14635.0,30,14640.0,138,14645.0,43,14650.0,12,14655.0,11,14635.0
CF411,,13:39:41.750#,14680.0,14700.0,14600.0,15605.0,13835.0,21351,9839,14610.0,21,14615.0,15,14620.0,62,14625.0,83,14630.0,256,14635.0,30,14640.0,138,14645.0,43,14650.0,12,14655.0,11,14635.0
CF411,,13:39:54.500#,14680.0,14700.0,14600.0,15605.0,13835.0,21351,9839,14610.0,21,14615.0,15,14620.0,62,14625.0,83,14630.0,256,14635.0,30,14640.0,138,14645.0,43,14650.0,12,14655.0,11,14635.0
CF411,,13:39:55.750#,14680.0,14700.0,14600.0,15605.0,13835.0,21351,9839,14610.0,21,14615.0,15,14620.0,62,14625.0,83,14630.0,256,14635.0,29,14640.0,138,14645.0,43,14650.0,12,14655.0,11,14635.0
CF411,,13:40:01.500#,14680.0,14700.0,14600.0,15605.0,13835.0,21365,9831,14610.0,21,14615.0,15,14620.0,62,14625.0,83,14630.0,242,14635.0,16,14640.0,138,14645.0,43,14650.0,12,14655.0,11,14630.0
CF411,,13:40:01.750#,14680.0,14700.0,14600.0,15605.0,13835.0,21365,9831,14610.0,21,14615.0,15,14620.0,62,14625.0,73,14630.0,253,14635.0,16,14640.0,138,14645.0,43,14650.0,12,14655.0,11,14630.0
CF411,,13:40:02.0#,14680.0,14700.0,14600.0,15605.0,13835.0,21367,9829,14610.0,21,14615.0,15,14620.0,62,14625.0,73,14630.0,251,14635.0,14,14640.0,138,14645.0,43,14650.0,12,14655.0,11,14630.0
CF411,,13:40:02.250#,14680.0,14700.0,14600.0,15605.0,13835.0,21367,9829,14610.0,21,14615.0,15,14620.0,62,14625.0,73,14630.0,251,14635.0,15,14640.0,138,14645.0,43,14650.0,12,14655.0,11,14630.0
CF411,,13:40:07.500#,14680.0,14700.0,14600.0,15605.0,13835.0,21367,9829,14610.0,21,14615.0,15,14620.0,62,14625.0,73,14630.0,251,14635.0,14,14640.0,138,14645.0,43,14650.0,12,14655.0,11,14630.0
CF411,,13:40:07.750#,14680.0,14700.0,14600.0,15605.0,13835.0,21367,9829,14610.0,21,14615.0,15,14620.0,62,14625.0,73,14630.0,251,14635.0,14,14640.0,136,14645.0,43,14650.0,12,14655.0,11,14630.0
CF411,,13:40:17.500#,14680.0,14700.0,14600.0,15605.0,13835.0,21367,9829,14610.0,21,14615.0,15,14620.0,62,14625.0,73,14630.0,253,14635.0,7,14640.0,138,14645.0,43,14650.0,12,14655.0,11,14630.0
CF411,,13:40:17.750#,14680.0,14700.0,14600.0,15605.0,13835.0,21367,9829,14610.0,21,14615.0,15,14620.0,62,14625.0,73,14630.0,257,14635.0,6,14640.0,138,14645.0,43,14650.0,12,14655.0,11,14630.0
CF411,,13:40:19.500#,14680.0,14700.0,14600.0,15605.0,13835.0,21367,9829,14610.0,21,14615.0,15,14620.0,62,14625.0,73,14630.0,258,14635.0,6,14640.0,138,14645.0,43,14650.0,12,14655.0,11,14630.0
CF411,,13:40:19.750#,14680.0,14700.0,14600.0,15605.0,13835.0,21367,9829,14610.0,21,14615.0,15,14620.0,62,14625.0,73,14630.0,261,14635.0,6,14640.0,138,14645.0,43,14650.0,12,14655.0,11,14630.0
CF411,,13:40:20.750#,14680.0,14700.0,14600.0,15605.0,13835.0,21368,9828,14610.0,21,14615.0,15,14620.0,62,14625.0,73,14630.0,260,14635.0,5,14640.0,138,14645.0,43,14650.0,12,14655.0,11,14635.0
CF411,,13:40:21.250#,14680.0,14700.0,14600.0,15605.0,13835.0,21368,9828,14610.0,21,14615.0,15,14620.0,62,14625.0,73,14630.0,259,14635.0,5,14640.0,138,14645.0,43,14650.0,12,14655.0,11,14635.0
CF411,,13:40:21.500#,14680.0,14700.0,14600.0,15605.0,13835.0,21371,9826,14610.0,21,14615.0,15,14620.0,62,14625.0,73,14630.0,256,14635.0,2,14640.0,138,14645.0,43,14650.0,12,14655.0,11,14635.0
CF411,,13:40:21.750#,14680.0,14700.0,14600.0,15605.0,13835.0,21371,9826,14610.0,21,14615.0,15,14620.0,62,14625.0,73,14630.0,256,14640.0,246,14645.0,43,14650.0,12,14655.0,11,14660.0,15,14635.0
CF411,,13:40:22.0#,14680.0,14700.0,14600.0,15605.0,13835.0,21371,9826,14610.0,21,14615.0,15,14620.0,62,14625.0,43,14630.0,286,14640.0,210,14645.0,83,14650.0,12,14655.0,11,14660.0,15,14635.0
CF411,,13:40:23.250#,14680.0,14700.0,14600.0,15605.0,13835.0,21371,9826,14610.0,21,14615.0,15,14620.0,62,14625.0,43,14630.0,287,14640.0,211,14645.0,83,14650.0,12,14655.0,11,14660.0,15,14635.0
CF411,,13:40:23.500#,14680.0,14700.0,14600.0,15605.0,13835.0,21371,9826,14610.0,21,14615.0,15,14620.0,62,14625.0,53,14630.0,277,14640.0,221,14645.0,73,14650.0,12,14655.0,11,14660.0,15,14635.0
CF411,,13:40:24.0#,14680.0,14700.0,14600.0,15605.0,13835.0,21371,9826,14610.0,21,14615.0,15,14620.0,62,14625.0,43,14630.0,287,14640.0,211,14645.0,83,14650.0,12,14655.0,11,14660.0,15,14635.0
CF411,,13:40:29.0#,14680.0,14700.0,14600.0,15605.0,13835.0,21371,9826,14610.0,21,14615.0,15,14620.0,62,14625.0,43,14630.0,288,14640.0,211,14645.0,83,14650.0,12,14655.0,11,14660.0,15,14635.0
CF411,,13:40:29.250#,14680.0,14700.0,14600.0,15605.0,13835.0,21371,9826,14615.0,15,14620.0,62,14625.0,43,14630.0,218,14635.0,3,14640.0,89,14645.0,83,14650.0,12,14655.0,11,14660.0,15,14635.0
CF411,,13:40:29.500#,14680.0,14700.0,14600.0,15605.0,13835.0,21371,9826,14615.0,15,14620.0,62,14625.0,23,14630.0,228,14635.0,13,14640.0,38,14645.0,122,14650.0,12,14655.0,11,14660.0,15,14635.0
CF411,,13:40:29.750#,14680.0,14700.0,14600.0,15605.0,13835.0,21371,9826,14615.0,15,14620.0,62,14625.0,33,14630.0,222,14635.0,6,14640.0,89,14645.0,132,14650.0,22,14655.0,11,14660.0,15,14635.0
CF411,,13:40:30.0#,14680.0,14700.0,14600.0,15605.0,13835.0,21371,9826,14610.0,21,14615.0,15,14620.0,62,14625.0,33,14630.0,273,14640.0,134,14645.0,103,14650.0,12,14655.0,11,14660.0,15,14635.0
CF411,,13:40:30.250#,14680.0,14700.0,14600.0,15605.0,13835.0,21371,9826,14610.0,21,14615.0,15,14620.0,62,14625.0,43,14630.0,289,14640.0,186,14645.0,63,14650.0,22,14655.0,11,14660.0,15,14635.0
CF411,,13:40:30.500#,14680.0,14700.0,14600.0,15605.0,13835.0,21371,9826,14610.0,21,14615.0,15,14620.0,62,14625.0,33,14630.0,299,14640.0,211,14645.0,73,14650.0,22,14655.0,11,14660.0,15,14635.0
CF411,,13:40:48.0#,14680.0,14700.0,14600.0,15605.0,13835.0,21371,9826,14610.0,21,14615.0,15,14620.0,62,14625.0,43,14630.0,289,14640.0,221,14645.0,63,14650.0,22,14655.0,11,14660.0,15,14635.0
CF411,,13:40:48.250#,14680.0,14700.0,14600.0,15605.0,13835.0,21371,9826,14610.0,21,14615.0,15,14620.0,62,14625.0,43,14630.0,289,14640.0,143,14645.0,63,14650.0,22,14655.0,11,14660.0,15,14635.0
CF411,,13:40:48.500#,14680.0,14700.0,14600.0,15605.0,13835.0,21371,9826,14615.0,15,14620.0,62,14625.0,33,14630.0,239,14635.0,34,14640.0,109,14645.0,73,14650.0,22,14655.0,11,14660.0,15,14635.0
CF411,,13:40:48.750#,14680.0,14700.0,14600.0,15605.0,13835.0,21371,9826,14615.0,15,14620.0,62,14625.0,23,14630.0,242,14635.0,49,14640.0,68,14645.0,102,14650.0,22,14655.0,11,14660.0,15,14635.0
CF411,,13:40:49.0#,14680.0,14700.0,14600.0,15605.0,13835.0,21371,9826,14615.0,15,14620.0,62,14625.0,33,14630.0,222,14635.0,59,14640.0,28,14645.0,142,14650.0,22,14655.0,11,14660.0,15,14635.0
CF411,,13:40:49.250#,14680.0,14700.0,14600.0,15605.0,13835.0,21371,9826,14615.0,15,14620.0,62,14625.0,33,14630.0,212,14635.0,69,14640.0,18,14645.0,162,14650.0,12,14655.0,11,14660.0,15,14635.0
CF411,,13:40:49.500#,14680.0,14700.0,14600.0,15605.0,13835.0,21371,9826,14615.0,15,14620.0,62,14625.0,33,14630.0,212,14635.0,70,14640.0,19,14645.0,162,14650.0,12,14655.0,11,14660.0,15,14635.0
CF411,,13:40:51.0#,14680.0,14700.0,14600.0,15605.0,13835.0,21371,9826,14615.0,15,14620.0,62,14625.0,33,14630.0,212,14635.0,71,14640.0,19,14645.0,162,14650.0,12,14655.0,11,14660.0,15,14635.0
CF411,,13:40:51.250#,14680.0,14700.0,14600.0,15605.0,13835.0,21371,9826,14615.0,15,14620.0,62,14625.0,33,14630.0,212,14635.0,72,14640.0,19,14645.0,162,14650.0,12,14655.0,11,14660.0,15,14635.0
CF411,,13:40:51.750#,14680.0,14700.0,14600.0,15605.0,13835.0,21371,9826,14615.0,15,14620.0,62,14625.0,33,14630.0,212,14635.0,74,14640.0,19,14645.0,162,14650.0,12,14655.0,11,14660.0,15,14635.0
CF411,,13:40:52.0#,14680.0,14700.0,14600.0,15605.0,13835.0,21371,9826,14615.0,15,14620.0,62,14625.0,33,14630.0,212,14635.0,56,14640.0,19,14645.0,162,14650.0,12,14655.0,11,14660.0,15,14635.0
CF411,,13:40:52.500#,14680.0,14700.0,14600.0,15605.0,13835.0,21371,9826,14615.0,15,14620.0,62,14625.0,33,14630.0,212,14635.0,78,14640.0,19,14645.0,162,14650.0,12,14655.0,11,14660.0,15,14635.0
CF411,,13:40:55.500#,14680.0,14700.0,14600.0,15605.0,13835.0,21371,9826,14615.0,15,14620.0,62,14625.0,23,14630.0,222,14635.0,78,14640.0,19,14645.0,152,14650.0,22,14655.0,11,14660.0,15,14635.0
CF411,,13:41:02.500#,14680.0,14700.0,14600.0,15605.0,13835.0,21371,9826,14615.0,15,14620.0,62,14625.0,23,14630.0,222,14635.0,72,14640.0,19,14645.0,152,14650.0,22,14655.0,11,14660.0,15,14635.0
CF411,,13:41:03.250#,14680.0,14700.0,14600.0,15605.0,13835.0,21371,9826,14615.0,15,14620.0,62,14625.0,23,14630.0,222,14635.0,78,14640.0,19,14645.0,152,14650.0,22,14655.0,11,14660.0,15,14635.0
CF411,,13:41:03.500#,14680.0,14700.0,14600.0,15605.0,13835.0,21371,9826,14615.0,15,14620.0,62,14625.0,23,14630.0,222,14635.0,78,14640.0,20,14645.0,152,14650.0,22,14655.0,11,14660.0,15,14635.0
CF411,,13:41:04.0#,14680.0,14700.0,14600.0,15605.0,13835.0,21371,9826,14615.0,15,14620.0,62,14625.0,23,14630.0,222,14635.0,77,14640.0,20,14645.0,152,14650.0,22,14655.0,11,14660.0,15,14635.0
CF411,,13:41:04.250#,14680.0,14700.0,14600.0,15605.0,13835.0,21371,9826,14615.0,15,14620.0,62,14625.0,23,14630.0,222,14635.0,72,14640.0,20,14645.0,152,14650.0,22,14655.0,11,14660.0,15,14635.0
CF411,,13:41:04.500#,14680.0,14700.0,14600.0,15605.0,13835.0,21371,9826,14615.0,15,14620.0,62,14625.0,23,14630.0,222,14635.0,67,14640.0,20,14645.0,152,14650.0,22,14655.0,11,14660.0,15,14635.0
CF411,,13:41:04.750#,14680.0,14700.0,14600.0,15605.0,13835.0,21371,9826,14615.0,15,14620.0,62,14625.0,23,14630.0,222,14635.0,68,14640.0,20,14645.0,152,14650.0,22,14655.0,11,14660.0,15,14635.0
CF411,,13:41:05.0#,14680.0,14700.0,14600.0,15605.0,13835.0,21371,9826,14615.0,15,14620.0,62,14625.0,23,14630.0,222,14635.0,69,14640.0,20,14645.0,152,14650.0,22,14655.0,11,14660.0,15,14635.0
CF411,,13:41:06.250#,14680.0,14700.0,14600.0,15605.0,13835.0,21371,9826,14615.0,15,14620.0,62,14625.0,23,14630.0,222,14635.0,68,14640.0,20,14645.0,152,14650.0,22,14655.0,11,14660.0,15,14635.0
CF411,,13:41:06.750#,14680.0,14700.0,14600.0,15605.0,13835.0,21371,9826,14615.0,15,14620.0,62,14625.0,23,14630.0,222,14635.0,67,14640.0,20,14645.0,152,14650.0,22,14655.0,11,14660.0,15,14635.0
CF411,,13:41:07.0#,14680.0,14700.0,14600.0,15605.0,13835.0,21371,9826,14615.0,15,14620.0,62,14625.0,23,14630.0,222,14635.0,69,14640.0,20,14645.0,152,14650.0,22,14655.0,11,14660.0,15,14635.0
CF411,,13:41:07.250#,14680.0,14700.0,14600.0,15605.0,13835.0,21371,9826,14615.0,15,14620.0,62,14625.0,23,14630.0,222,14635.0,68,14640.0,20,14645.0,152,14650.0,22,14655.0,11,14660.0,15,14635.0
CF411,,13:41:08.250#,14680.0,14700.0,14600.0,15605.0,13835.0,21371,9826,14615.0,15,14620.0,62,14625.0,23,14630.0,222,14635.0,78,14640.0,20,14645.0,152,14650.0,22,14655.0,11,14660.0,15,14635.0
CF411,,13:41:40.250#,14680.0,14700.0,14600.0,15605.0,13835.0,21372,9826,14615.0,15,14620.0,62,14625.0,23,14630.0,222,14635.0,77,14640.0,19,14645.0,152,14650.0,22,14655.0,11,14660.0,15,14635.0
CF411,,13:41:40.500#,14680.0,14700.0,14600.0,15605.0,13835.0,21372,9826,14615.0,15,14620.0,63,14625.0,23,14630.0,222,14635.0,77,14640.0,19,14645.0,152,14650.0,22,14655.0,11,14660.0,16,14635.0
CF411,,13:42:16.750#,14680.0,14700.0,14600.0,15605.0,13835.0,21372,9826,14615.0,15,14620.0,63,14625.0,23,14630.0,222,14635.0,77,14640.0,19,14645.0,152,14650.0,22,14655.0,11,14660.0,16,14635.0
CF411,,13:42:18.750#,14680.0,14700.0,14600.0,15605.0,13835.0,21377,9824,14615.0,15,14620.0,63,14625.0,13,14630.0,222,14635.0,105,14640.0,5,14645.0,142,14650.0,32,14655.0,11,14660.0,16,14640.0
CF411,,13:42:19.0#,14680.0,14700.0,14600.0,15605.0,13835.0,21382,9820,14620.0,63,14625.0,13,14630.0,172,14635.0,96,14640.0,1,14645.0,248,14650.0,34,14655.0,11,14660.0,16,14665.0,20,14640.0
CF411,,13:42:19.250#,14680.0,14700.0,14600.0,15605.0,13835.0,21382,9820,14620.0,63,14625.0,13,14630.0,141,14635.0,127,14640.0,1,14645.0,202,14650.0,85,14655.0,11,14660.0,16,14665.0,20,14640.0
CF411,,13:42:23.750#,14680.0,14700.0,14600.0,15605.0,13835.0,21383,9821,14620.0,63,14625.0,13,14630.0,131,14635.0,139,14640.0,2,14645.0,213,14650.0,77,14655.0,11,14660.0,16,14665.0,20,14640.0
CF411,,13:42:24.0#,14680.0,14700.0,14600.0,15605.0,13835.0,21383,9821,14620.0,63,14625.0,13,14630.0,131,14635.0,139,14640.0,2,14645.0,214,14650.0,77,14655.0,11,14660.0,16,14665.0,20,14640.0
CF411,,13:42:26.0#,14680.0,14700.0,14600.0,15605.0,13835.0,21383,9821,14620.0,63,14625.0,13,14630.0,131,14635.0,139,14640.0,2,14645.0,216,14650.0,75,14655.0,11,14660.0,16,14665.0,20,14640.0
CF411,,13:42:28.750#,14680.0,14700.0,14600.0,15605.0,13835.0,21383,9821,14620.0,63,14625.0,13,14630.0,131,14635.0,139,14640.0,2,14645.0,182,14650.0,87,14655.0,11,14660.0,16,14665.0,20,14640.0
CF411,,13:42:29.0#,14680.0,14700.0,14600.0,15605.0,13835.0,21383,9821,14620.0,63,14625.0,13,14630.0,131,14635.0,125,14640.0,57,14645.0,101,14650.0,77,14655.0,11,14660.0,16,14665.0,20,14640.0
CF411,,13:42:29.500#,14680.0,14700.0,14600.0,15605.0,13835.0,21383,9821,14620.0,63,14625.0,13,14630.0,101,14635.0,135,14640.0,102,14645.0,11,14650.0,126,14655.0,51,14660.0,16,14665.0,20,14640.0
CF411,,13:42:29.750#,14680.0,14700.0,14600.0,15605.0,13835.0,21383,9821,14620.0,63,14625.0,13,14630.0,101,14635.0,93,14640.0,143,14645.0,10,14650.0,136,14655.0,41,14660.0,16,14665.0,20,14640.0
CF411,,13:42:30.250#,14680.0,14700.0,14600.0,15605.0,13835.0,21383,9821,14620.0,63,14625.0,13,14630.0,101,14635.0,73,14640.0,163,14645.0,11,14650.0,126,14655.0,51,14660.0,16,14665.0,20,14640.0
CF411,,13:42:30.750#,14680.0,14700.0,14600.0,15605.0,13835.0,21388,9816,14620.0,63,14625.0,13,14630.0,111,14635.0,63,14640.0,164,14645.0,10,14650.0,136,14655.0,41,14660.0,16,14665.0,20,14645.0
CF411,,13:42:31.0#,14680.0,14700.0,14600.0,15605.0,13835.0,21388,9816,14620.0,63,14625.0,13,14630.0,101,14635.0,73,14640.0,164,14645.0,10,14650.0,126,14655.0,51,14660.0,16,14665.0,20,14645.0
CF411,,13:42:31.250#,14680.0,14700.0,14600.0,15605.0,13835.0,21388,9816,14620.0,63,14625.0,13,14630.0,101,14635.0,73,14640.0,164,14645.0,10,14650.0,136,14655.0,41,14660.0,16,14665.0,20,14645.0
CF411,,13:42:32.250#,14680.0,14700.0,14600.0,15605.0,13835.0,21388,9816,14620.0,63,14625.0,13,14630.0,111,14635.0,63,14640.0,164,14645.0,10,14650.0,146,14655.0,31,14660.0,16,14665.0,20,14645.0
CF411,,13:42:32.500#,14680.0,14700.0,14600.0,15605.0,13835.0,21388,9816,14620.0,63,14625.0,13,14630.0,111,14635.0,73,14640.0,154,14645.0,10,14650.0,156,14655.0,21,14660.0,16,14665.0,20,14645.0
CF411,,13:42:33.0#,14680.0,14700.0,14600.0,15605.0,13835.0,21388,9816,14620.0,63,14625.0,13,14630.0,121,14635.0,63,14640.0,154,14645.0,10,14650.0,166,14655.0,11,14660.0,16,14665.0,20,14645.0
CF411,,13:42:33.750#,14680.0,14700.0,14600.0,15605.0,13835.0,21388,9816,14620.0,63,14625.0,13,14630.0,121,14635.0,73,14640.0,134,14645.0,10,14650.0,166,14655.0,11,14660.0,16,14665.0,20,14645.0
CF411,,13:42:34.0#,14680.0,14700.0,14600.0,15605.0,13835.0,21388,9816,14620.0,63,14625.0,13,14630.0,121,14635.0,73,14640.0,132,14645.0,10,14650.0,166,14655.0,11,14660.0,16,14665.0,20,14645.0
CF411,,13:42:34.250#,14680.0,14700.0,14600.0,15605.0,13835.0,21388,9816,14620.0,63,14625.0,13,14630.0,121,14635.0,73,14640.0,131,14645.0,10,14650.0,166,14655.0,11,14660.0,16,14665.0,20,14645.0
CF411,,13:42:34.500#,14680.0,14700.0,14600.0,15605.0,13835.0,21388,9816,14620.0,63,14625.0,13,14630.0,121,14635.0,73,14640.0,84,14645.0,47,14650.0,166,14655.0,11,14660.0,16,14665.0,20,14645.0
CF411,,13:42:34.750#,14680.0,14700.0,14600.0,15605.0,13835.0,21388,9816,14620.0,63,14625.0,13,14630.0,111,14635.0,133,14640.0,24,14645.0,68,14650.0,157,14655.0,11,14660.0,16,14665.0,20,14645.0
CF411,,13:42:35.0#,14680.0,14700.0,14600.0,15605.0,13835.0,21388,9816,14620.0,63,14625.0,13,14630.0,131,14635.0,133,14640.0,9,14645.0,124,14650.0,137,14655.0,11,14660.0,16,14665.0,20,14645.0
CF411,,13:42:35.250#,14680.0,14700.0,14600.0,15605.0,13835.0,21388,9816,14620.0,63,14625.0,13,14630.0,111,14635.0,153,14640.0,9,14645.0,179,14650.0,87,14655.0,21,14660.0,16,14665.0,20,14645.0
CF411,,13:42:35.500#,14680.0,14700.0,14600.0,15605.0,13835.0,21388,9816,14620.0,63,14625.0,13,14630.0,121,14635.0,143,14640.0,9,14645.0,192,14650.0,77,14655.0,21,14660.0,16,14665.0,20,14645.0
CF411,,13:42:35.750#,14680.0,14700.0,14600.0,15605.0,13835.0,21388,9816,14620.0,63,14625.0,13,14630.0,121,14635.0,143,14640.0,9,14645.0,190,14650.0,77,14655.0,21,14660.0,16,14665.0,20,14645.0
CF411,,13:42:36.0#,14680.0,14700.0,14600.0,15605.0,13835.0,21388,9816,14620.0,63,14625.0,13,14630.0,121,14635.0,143,14640.0,9,14645.0,204,14650.0,77,14655.0,21,14660.0,16,14665.0,20,14645.0
CF411,,13:42:36.250#,14680.0,14700.0,14600.0,15605.0,13835.0,21388,9816,14620.0,63,14625.0,13,14630.0,121,14635.0,143,14640.0,9,14645.0,214,14650.0,67,14655.0,21,14660.0,16,14665.0,20,14645.0
CF411,,13:42:38.750#,14680.0,14700.0,14600.0,15605.0,13835.0,21397,9817,14615.0,15,14620.0,63,14625.0,13,14630.0,121,14635.0,201,14640.0,2,14645.0,108,14650.0,67,14655.0,21,14660.0,16,14640.0
CF411,,13:42:39.0#,14680.0,14700.0,14600.0,15605.0,13835.0,21397,9817,14615.0,15,14620.0,63,14625.0,13,14630.0,141,14635.0,185,14640.0,3,14645.0,129,14650.0,45,14655.0,21,14660.0,16,14640.0
CF411,,13:42:39.250#,14680.0,14700.0,14600.0,15605.0,13835.0,21400,9819,14615.0,15,14620.0,63,14625.0,13,14630.0,151,14635.0,177,14640.0,3,14645.0,141,14650.0,35,14655.0,21,14660.0,16,14640.0
CF411,,13:42:39.500#,14680.0,14700.0,14600.0,15605.0,13835.0,21400,9819,14615.0,15,14620.0,63,14625.0,13,14630.0,161,14635.0,167,14640.0,3,14645.0,141,14650.0,45,14655.0,11,14660.0,16,14640.0
CF411,,13:42:39.750#,14680.0,14700.0,14600.0,15605.0,13835.0,21400,9819,14615.0,15,14620.0,63,14625.0,13,14630.0,161,14635.0,168,14640.0,3,14645.0,141,14650.0,45,14655.0,11,14660.0,16,14640.0
CF411,,13:42:40.0#,14680.0,14700.0,14600.0,15605.0,13835.0,21400,9819,14615.0,15,14620.0,63,14625.0,13,14630.0,161,14635.0,169,14640.0,4,14645.0,141,14650.0,45,14655.0,11,14660.0,16,14640.0
CF411,,13:42:40.250#,14680.0,14700.0,14600.0,15605.0,13835.0,21400,9819,14615.0,15,14620.0,63,14625.0,13,14630.0,161,14635.0,169,14640.0,4,14645.0,131,14650.0,55,14655.0,11,14660.0,16,14640.0
CF411,,13:42:41.750#,14680.0,14700.0,14600.0,15605.0,13835.0,21401,9818,14615.0,15,14620.0,63,14625.0,13,14630.0,161,14635.0,168,14640.0,3,14645.0,131,14650.0,55,14655.0,11,14660.0,16,14640.0
CF411,,13:42:42.250#,14680.0,14700.0,14600.0,15605.0,13835.0,21401,9818,14615.0,15,14620.0,63,14625.0,13,14630.0,161,14635.0,169,14640.0,3,14645.0,131,14650.0,55,14655.0,11,14660.0,16,14640.0
CF411,,13:42:44.0#,14680.0,14700.0,14600.0,15605.0,13835.0,21403,9816,14615.0,15,14620.0,63,14625.0,13,14630.0,161,14635.0,167,14640.0,1,14645.0,131,14650.0,55,14655.0,11,14660.0,16,14640.0
CF411,,13:42:44.250#,14680.0,14700.0,14600.0,15605.0,13835.0,21405,9816,14615.0,15,14620.0,63,14625.0,13,14630.0,161,14635.0,165,14645.0,235,14650.0,55,14655.0,11,14660.0,16,14665.0,20,14640.0
CF411,,13:42:44.500#,14680.0,14700.0,14600.0,15605.0,13835.0,21405,9816,14615.0,15,14620.0,62,14625.0,13,14630.0,161,14635.0,165,14645.0,235,14650.0,55,14655.0,11,14660.0,16,14665.0,20,14640.0
CF411,,13:42:44.750#,14680.0,14700.0,14600.0,15605.0,13835.0,21405,9816,14615.0,15,14620.0,62,14625.0,13,14630.0,162,14635.0,165,14645.0,235,14650.0,55,14655.0,11,14660.0,16,14665.0,20,14640.0
CF411,,13:42:45.0#,14680.0,14700.0,14600.0,15605.0,13835.0,21405,9816,14615.0,15,14620.0,62,14625.0,13,14630.0,172,14635.0,155,14645.0,245,14650.0,45,14655.0,11,14660.0,16,14665.0,20,14640.0
CF411,,13:42:45.250#,14680.0,14700.0,14600.0,15605.0,13835.0,21405,9816,14615.0,15,14620.0,62,14625.0,13,14630.0,162,14635.0,165,14645.0,235,14650.0,55,14655.0,11,14660.0,16,14665.0,20,14640.0
CF411,,13:42:45.500#,14680.0,14700.0,14600.0,15605.0,13835.0,21405,9816,14615.0,15,14620.0,62,14625.0,13,14630.0,172,14635.0,156,14645.0,246,14650.0,45,14655.0,11,14660.0,16,14665.0,20,14640.0
CF411,,13:42:45.750#,14680.0,14700.0,14600.0,15605.0,13835.0,21405,9816,14615.0,15,14620.0,62,14625.0,13,14630.0,162,14635.0,166,14645.0,236,14650.0,55,14655.0,11,14660.0,16,14665.0,20,14640.0
CF411,,13:42:46.0#,14680.0,14700.0,14600.0,15605.0,13835.0,21405,9816,14615.0,15,14620.0,62,14625.0,13,14630.0,172,14635.0,156,14645.0,246,14650.0,45,14655.0,11,14660.0,16,14665.0,20,14640.0
CF411,,13:42:47.250#,14680.0,14700.0,14600.0,15605.0,13835.0,21405,9816,14615.0,15,14620.0,62,14625.0,13,14630.0,162,14635.0,166,14645.0,236,14650.0,55,14655.0,11,14660.0,16,14665.0,20,14640.0
CF411,,13:42:48.0#,14680.0,14700.0,14600.0,15605.0,13835.0,21405,9816,14615.0,15,14620.0,62,14625.0,13,14630.0,172,14635.0,156,14645.0,246,14650.0,45,14655.0,11,14660.0,16,14665.0,20,14640.0
CF411,,13:42:48.250#,14680.0,14700.0,14600.0,15605.0,13835.0,21405,9816,14615.0,15,14620.0,62,14625.0,13,14630.0,162,14635.0,166,14645.0,236,14650.0,55,14655.0,11,14660.0,16,14665.0,20,14640.0
CF411,,13:42:48.500#,14680.0,14700.0,14600.0,15605.0,13835.0,21405,9816,14615.0,15,14620.0,62,14625.0,13,14630.0,172,14635.0,156,14645.0,246,14650.0,45,14655.0,11,14660.0,16,14665.0,20,14640.0
CF411,,13:42:49.0#,14680.0,14700.0,14600.0,15605.0,13835.0,21405,9816,14615.0,15,14620.0,62,14625.0,13,14630.0,162,14635.0,166,14645.0,236,14650.0,55,14655.0,11,14660.0,16,14665.0,20,14640.0
CF411,,13:42:49.250#,14680.0,14700.0,14600.0,15605.0,13835.0,21405,9816,14615.0,15,14620.0,62,14625.0,13,14630.0,172,14635.0,156,14645.0,246,14650.0,45,14655.0,11,14660.0,16,14665.0,20,14640.0
CF411,,13:42:51.0#,14680.0,14700.0,14600.0,15605.0,13835.0,21405,9816,14615.0,15,14620.0,62,14625.0,13,14630.0,172,14635.0,156,14645.0,201,14650.0,45,14655.0,11,14660.0,16,14665.0,20,14640.0
CF411,,13:42:51.250#,14680.0,14700.0,14600.0,15605.0,13835.0,21405,9816,14615.0,15,14620.0,62,14625.0,13,14630.0,162,14635.0,166,14645.0,221,14650.0,55,14655.0,11,14660.0,16,14665.0,20,14640.0
CF411,,13:42:51.500#,14680.0,14700.0,14600.0,15605.0,13835.0,21405,9816,14615.0,15,14620.0,62,14625.0,13,14630.0,172,14635.0,156,14645.0,231,14650.0,45,14655.0,11,14660.0,16,14665.0,20,14640.0
CF411,,13:42:51.750#,14680.0,14700.0,14600.0,15605.0,13835.0,21405,9816,14615.0,15,14620.0,62,14625.0,13,14630.0,172,14635.0,156,14645.0,232,14650.0,45,14655.0,11,14660.0,16,14665.0,20,14640.0
CF411,,13:42:52.250#,14680.0,14700.0,14600.0,15605.0,13835.0,21405,9816,14615.0,15,14620.0,62,14625.0,13,14630.0,172,14635.0,156,14645.0,233,14650.0,45,14655.0,11,14660.0,16,14665.0,20,14640.0
CF411,,13:42:52.750#,14680.0,14700.0,14600.0,15605.0,13835.0,21405,9816,14615.0,15,14620.0,62,14625.0,13,14630.0,172,14635.0,156,14645.0,234,14650.0,45,14655.0,11,14660.0,16,14665.0,20,14640.0
CF411,,13:42:53.0#,14680.0,14700.0,14600.0,15605.0,13835.0,21405,9816,14615.0,15,14620.0,62,14625.0,13,14630.0,162,14635.0,166,14645.0,233,14650.0,45,14655.0,11,14660.0,16,14665.0,20,14640.0
CF411,,13:42:53.250#,14680.0,14700.0,14600.0,15605.0,13835.0,21405,9816,14615.0,15,14620.0,62,14625.0,13,14630.0,152,14635.0,176,14645.0,224,14650.0,55,14655.0,11,14660.0,16,14665.0,20,14640.0
CF411,,13:42:53.500#,14680.0,14700.0,14600.0,15605.0,13835.0,21405,9816,14615.0,15,14620.0,62,14625.0,13,14630.0,162,14635.0,166,14645.0,234,14650.0,45,14655.0,11,14660.0,16,14665.0,20,14640.0
CF411,,13:42:54.0#,14680.0,14700.0,14600.0,15605.0,13835.0,21405,9816,14615.0,15,14620.0,62,14625.0,13,14630.0,162,14635.0,168,14645.0,234,14650.0,45,14655.0,11,14660.0,16,14665.0,20,14640.0
CF411,,13:42:54.250#,14680.0,14700.0,14600.0,15605.0,13835.0,21405,9816,14615.0,15,14620.0,62,14625.0,13,14630.0,162,14635.0,168,14645.0,223,14650.0,45,14655.0,11,14660.0,16,14665.0,20,14640.0
CF411,,13:42:54.500#,14680.0,14700.0,14600.0,15605.0,13835.0,21405,9816,14615.0,15,14620.0,62,14625.0,13,14630.0,152,14635.0,178,14645.0,213,14650.0,55,14655.0,11,14660.0,16,14665.0,20,14640.0
CF411,,13:42:54.750#,14680.0,14700.0,14600.0,15605.0,13835.0,21405,9816,14615.0,15,14620.0,62,14625.0,13,14630.0,162,14635.0,168,14645.0,222,14650.0,45,14655.0,11,14660.0,16,14665.0,20,14640.0
CF411,,13:42:55.0#,14680.0,14700.0,14600.0,15605.0,13835.0,21405,9816,14615.0,15,14620.0,62,14625.0,13,14630.0,152,14635.0,178,14645.0,212,14650.0,55,14655.0,11,14660.0,16,14665.0,20,14640.0
CF411,,13:42:55.750#,14680.0,14700.0,14600.0,15605.0,13835.0,21405,9816,14615.0,15,14620.0,62,14625.0,13,14630.0,162,14635.0,168,14645.0,219,14650.0,45,14655.0,11,14660.0,16,14665.0,20,14640.0
CF411,,13:42:56.0#,14680.0,14700.0,14600.0,15605.0,13835.0,21405,9816,14615.0,15,14620.0,62,14625.0,13,14630.0,152,14635.0,178,14645.0,209,14650.0,55,14655.0,11,14660.0,16,14665.0,20,14640.0
CF411,,13:42:56.250#,14680.0,14700.0,14600.0,15605.0,13835.0,21405,9816,14615.0,15,14620.0,62,14625.0,13,14630.0,152,14635.0,178,14645.0,208,14650.0,55,14655.0,11,14660.0,16,14665.0,20,14640.0
CF411,,13:42:56.500#,14680.0,14700.0,14600.0,15605.0,13835.0,21405,9816,14615.0,15,14620.0,62,14625.0,13,14630.0,152,14635.0,178,14645.0,206,14650.0,55,14655.0,11,14660.0,16,14665.0,20,14640.0
CF411,,13:42:56.750#,14680.0,14700.0,14600.0,15605.0,13835.0,21405,9816,14615.0,15,14620.0,62,14625.0,13,14630.0,152,14635.0,178,14645.0,205,14650.0,55,14655.0,11,14660.0,16,14665.0,20,14640.0
CF411,,13:42:57.250#,14680.0,14700.0,14600.0,15605.0,13835.0,21405,9816,14615.0,15,14620.0,62,14625.0,13,14630.0,162,14635.0,168,14645.0,214,14650.0,45,14655.0,11,14660.0,16,14665.0,20,14640.0
CF411,,13:42:57.500#,14680.0,14700.0,14600.0,15605.0,13835.0,21405,9816,14615.0,15,14620.0,62,14625.0,13,14630.0,152,14635.0,178,14645.0,204,14650.0,55,14655.0,11,14660.0,16,14665.0,20,14640.0
CF411,,13:42:57.750#,14680.0,14700.0,14600.0,15605.0,13835.0,21405,9816,14615.0,15,14620.0,62,14625.0,13,14630.0,162,14635.0,168,14645.0,213,14650.0,45,14655.0,11,14660.0,16,14665.0,20,14640.0
CF411,,13:42:58.0#,14680.0,14700.0,14600.0,15605.0,13835.0,21405,9816,14615.0,15,14620.0,62,14625.0,13,14630.0,152,14635.0,178,14645.0,203,14650.0,55,14655.0,11,14660.0,16,14665.0,20,14640.0
CF411,,13:42:58.250#,14680.0,14700.0,14600.0,15605.0,13835.0,21405,9816,14615.0,15,14620.0,62,14625.0,13,14630.0,162,14635.0,168,14645.0,212,14650.0,45,14655.0,11,14660.0,16,14665.0,20,14640.0
CF411,,13:42:58.500#,14680.0,14700.0,14600.0,15605.0,13835.0,21405,9816,14615.0,15,14620.0,62,14625.0,13,14630.0,152,14635.0,178,14645.0,202,14650.0,55,14655.0,11,14660.0,16,14665.0,20,14640.0
CF411,,13:42:58.750#,14680.0,14700.0,14600.0,15605.0,13835.0,21405,9816,14615.0,15,14620.0,62,14625.0,13,14630.0,152,14635.0,178,14645.0,201,14650.0,55,14655.0,11,14660.0,16,14665.0,20,14640.0
CF411,,13:42:59.0#,14680.0,14700.0,14600.0,15605.0,13835.0,21405,9816,14615.0,15,14620.0,62,14625.0,13,14630.0,162,14635.0,168,14645.0,212,14650.0,45,14655.0,11,14660.0,16,14665.0,20,14640.0
CF411,,13:43:00.250#,14680.0,14700.0,14600.0,15605.0,13835.0,21405,9816,14615.0,15,14620.0,62,14625.0,13,14630.0,162,14635.0,168,14645.0,244,14650.0,45,14655.0,11,14660.0,16,14665.0,20,14640.0
CF411,,13:43:00.500#,14680.0,14700.0,14600.0,15605.0,13835.0,21405,9816,14615.0,15,14620.0,62,14625.0,13,14630.0,162,14635.0,168,14645.0,246,14650.0,45,14655.0,11,14660.0,16,14665.0,20,14640.0
CF411,,13:43:06.0#,14680.0,14700.0,14600.0,15605.0,13835.0,21405,9816,14615.0,15,14620.0,62,14625.0,13,14630.0,162,14635.0,168,14645.0,214,14650.0,45,14655.0,11,14660.0,16,14665.0,20,14640.0
CF411,,13:43:06.250#,14680.0,14700.0,14600.0,15605.0,13835.0,21405,9816,14615.0,15,14620.0,62,14625.0,13,14630.0,152,14635.0,178,14645.0,208,14650.0,55,14655.0,11,14660.0,16,14665.0,20,14640.0
CF411,,13:43:06.500#,14680.0,14700.0,14600.0,15605.0,13835.0,21405,9816,14615.0,15,14620.0,62,14625.0,13,14630.0,162,14635.0,168,14645.0,218,14650.0,45,14655.0,11,14660.0,16,14665.0,20,14640.0
CF411,,13:43:06.750#,14680.0,14700.0,14600.0,15605.0,13835.0,21405,9816,14615.0,15,14620.0,62,14625.0,13,14630.0,162,14635.0,168,14645.0,171,14650.0,45,14655.0,11,14660.0,16,14665.0,20,14640.0
CF411,,13:43:07.0#,14680.0,14700.0,14600.0,15605.0,13835.0,21405,9816,14615.0,15,14620.0,62,14625.0,13,14630.0,142,14635.0,188,14645.0,147,14650.0,65,14655.0,11,14660.0,16,14665.0,20,14640.0
CF411,,13:43:07.250#,14680.0,14700.0,14600.0,15605.0,13835.0,21405,9816,14615.0,15,14620.0,62,14625.0,13,14630.0,122,14635.0,208,14645.0,126,14650.0,85,14655.0,11,14660.0,16,14665.0,20,14640.0
CF411,,13:43:07.500#,14680.0,14700.0,14600.0,15605.0,13835.0,21405,9816,14615.0,15,14620.0,62,14625.0,13,14630.0,112,14635.0,219,14645.0,126,14650.0,75,14655.0,21,14660.0,16,14665.0,20,14640.0
CF411,,13:43:07.750#,14680.0,14700.0,14600.0,15605.0,13835.0,21405,9816,14615.0,15,14620.0,62,14625.0,13,14630.0,112,14635.0,219,14645.0,129,14650.0,75,14655.0,21,14660.0,16,14665.0,20,14640.0
CF411,,13:43:08.0#,14680.0,14700.0,14600.0,15605.0,13835.0,21405,9816,14615.0,15,14620.0,62,14625.0,13,14630.0,112,14635.0,219,14645.0,132,14650.0,75,14655.0,21,14660.0,16,14665.0,20,14640.0
CF411,,13:43:09.250#,14680.0,14700.0,14600.0,15605.0,13835.0,21405,9816,14615.0,15,14620.0,62,14625.0,13,14630.0,112,14635.0,219,14645.0,130,14650.0,75,14655.0,21,14660.0,16,14665.0,20,14640.0
CF411,,13:43:09.750#,14680.0,14700.0,14600.0,15605.0,13835.0,21405,9816,14615.0,15,14620.0,62,14625.0,13,14630.0,112,14635.0,219,14645.0,127,14650.0,75,14655.0,21,14660.0,16,14665.0,20,14640.0
CF411,,13:43:10.0#,14680.0,14700.0,14600.0,15605.0,13835.0,21405,9816,14615.0,15,14620.0,62,14625.0,13,14630.0,112,14635.0,219,14645.0,128,14650.0,75,14655.0,21,14660.0,16,14665.0,20,14640.0
CF411,,13:43:11.250#,14680.0,14700.0,14600.0,15605.0,13835.0,21405,9816,14615.0,15,14620.0,62,14625.0,13,14630.0,112,14635.0,218,14645.0,129,14650.0,75,14655.0,21,14660.0,16,14665.0,20,14640.0
CF411,,13:43:12.500#,14680.0,14700.0,14600.0,15605.0,13835.0,21405,9816,14615.0,15,14620.0,62,14625.0,13,14630.0,122,14635.0,208,14645.0,139,14650.0,65,14655.0,21,14660.0,16,14665.0,20,14640.0
CF411,,13:43:12.750#,14680.0,14700.0,14600.0,15605.0,13835.0,21405,9816,14615.0,15,14620.0,62,14625.0,13,14630.0,122,14635.0,208,14645.0,138,14650.0,65,14655.0,21,14660.0,16,14665.0,20,14640.0
CF411,,13:43:13.0#,14680.0,14700.0,14600.0,15605.0,13835.0,21405,9816,14615.0,15,14620.0,62,14625.0,13,14630.0,112,14635.0,218,14645.0,128,14650.0,75,14655.0,21,14660.0,16,14665.0,20,14640.0
CF411,,13:43:14.0#,14680.0,14700.0,14600.0,15605.0,13835.0,21405,9816,14615.0,15,14620.0,62,14625.0,13,14630.0,112,14635.0,218,14645.0,127,14650.0,75,14655.0,21,14660.0,16,14665.0,20,14640.0
CF411,,13:43:14.250#,14680.0,14700.0,14600.0,15605.0,13835.0,21405,9816,14615.0,15,14620.0,62,14625.0,13,14630.0,112,14635.0,218,14645.0,126,14650.0,75,14655.0,21,14660.0,16,14665.0,20,14640.0
CF411,,13:43:15.500#,14680.0,14700.0,14600.0,15605.0,13835.0,21405,9816,14615.0,15,14620.0,62,14625.0,13,14630.0,112,14635.0,218,14645.0,125,14650.0,75,14655.0,21,14660.0,16,14665.0,20,14640.0
CF411,,13:43:16.500#,14680.0,14700.0,14600.0,15605.0,13835.0,21405,9816,14615.0,15,14620.0,62,14625.0,13,14630.0,112,14635.0,218,14645.0,124,14650.0,75,14655.0,21,14660.0,16,14665.0,20,14640.0
CF411,,13:43:16.750#,14680.0,14700.0,14600.0,15605.0,13835.0,21405,9816,14615.0,15,14620.0,62,14625.0,13,14630.0,112,14635.0,218,14645.0,123,14650.0,75,14655.0,21,14660.0,16,14665.0,20,14640.0
CF411,,13:43:18.0#,14680.0,14700.0,14600.0,15605.0,13835.0,21405,9816,14615.0,15,14620.0,62,14625.0,13,14630.0,112,14635.0,218,14645.0,120,14650.0,75,14655.0,21,14660.0,16,14665.0,20,14640.0
CF411,,13:43:18.250#,14680.0,14700.0,14600.0,15605.0,13835.0,21405,9816,14615.0,15,14620.0,62,14625.0,13,14630.0,112,14635.0,218,14645.0,119,14650.0,75,14655.0,21,14660.0,16,14665.0,20,14640.0
CF411,,13:43:18.750#,14680.0,14700.0,14600.0,15605.0,13835.0,21405,9816,14615.0,15,14620.0,62,14625.0,13,14630.0,112,14635.0,218,14645.0,114,14650.0,75,14655.0,21,14660.0,16,14665.0,20,14640.0
CF411,,13:43:19.250#,14680.0,14700.0,14600.0,15605.0,13835.0,21405,9816,14615.0,15,14620.0,62,14625.0,13,14630.0,122,14635.0,208,14645.0,123,14650.0,65,14655.0,21,14660.0,16,14665.0,20,14640.0
CF411,,13:43:19.500#,14680.0,14700.0,14600.0,15605.0,13835.0,21405,9816,14615.0,15,14620.0,62,14625.0,13,14630.0,112,14635.0,218,14645.0,112,14650.0,75,14655.0,21,14660.0,16,14665.0,20,14640.0
CF411,,13:43:19.750#,14680.0,14700.0,14600.0,15605.0,13835.0,21405,9816,14620.0,62,14625.0,13,14630.0,112,14635.0,161,14640.0,1,14645.0,112,14650.0,75,14655.0,21,14660.0,16,14665.0,20,14640.0
CF411,,13:43:20.0#,14680.0,14700.0,14600.0,15605.0,13835.0,21405,9816,14620.0,62,14625.0,13,14630.0,122,14635.0,146,14640.0,40,14645.0,105,14650.0,85,14655.0,11,14660.0,16,14665.0,20,14640.0
CF411,,13:43:20.250#,14680.0,14700.0,14600.0,15605.0,13835.0,21405,9816,14620.0,62,14625.0,13,14630.0,112,14635.0,154,14640.0,56,14645.0,65,14650.0,104,14655.0,21,14660.0,16,14665.0,20,14640.0
CF411,,13:43:20.500#,14680.0,14700.0,14600.0,15605.0,13835.0,21405,9816,14620.0,62,14625.0,13,14630.0,112,14635.0,144,14640.0,67,14645.0,32,14650.0,134,14655.0,31,14660.0,16,14665.0,20,14640.0
CF411,,13:43:20.750#,14680.0,14700.0,14600.0,15605.0,13835.0,21405,9816,14620.0,62,14625.0,13,14630.0,122,14635.0,124,14640.0,77,14645.0,22,14650.0,164,14655.0,11,14660.0,16,14665.0,20,14640.0
CF411,,13:43:21.0#,14680.0,14700.0,14600.0,15605.0,13835.0,21405,9816,14620.0,62,14625.0,13,14630.0,122,14635.0,124,14640.0,77,14645.0,21,14650.0,164,14655.0,11,14660.0,16,14665.0,20,14640.0
CF411,,13:43:21.500#,14680.0,14700.0,14600.0,15605.0,13835.0,21405,9816,14620.0,62,14625.0,13,14630.0,122,14635.0,126,14640.0,77,14645.0,21,14650.0,164,14655.0,11,14660.0,16,14665.0,20,14640.0
CF411,,13:43:31.250#,14680.0,14700.0,14600.0,15605.0,13835.0,21405,9816,14620.0,62,14625.0,13,14630.0,122,14635.0,126,14640.0,76,14645.0,21,14650.0,164,14655.0,11,14660.0,16,14665.0,20,14640.0
CF411,,13:43:32.0#,14680.0,14700.0,14600.0,15605.0,13835.0,21405,9816,14620.0,62,14625.0,13,14630.0,122,14635.0,126,14640.0,29,14645.0,77,14650.0,164,14655.0,11,14660.0,16,14665.0,20,14640.0
CF411,,13:43:32.250#,14680.0,14700.0,14600.0,15605.0,13835.0,21405,9816,14620.0,62,14625.0,13,14630.0,132,14635.0,138,14640.0,1,14645.0,140,14650.0,135,14655.0,11,14660.0,16,14665.0,20,14640.0
CF411,,13:43:32.500#,14680.0,14700.0,14600.0,15605.0,13835.0,21405,9816,14620.0,62,14625.0,13,14630.0,132,14635.0,138,14640.0,1,14645.0,234,14650.0,55,14655.0,21,14660.0,16,14665.0,20,14640.0
CF411,,13:43:32.750#,14680.0,14700.0,14600.0,15605.0,13835.0,21405,9816,14615.0,15,14620.0,62,14625.0,13,14630.0,122,14635.0,205,14645.0,223,14650.0,65,14655.0,21,14660.0,16,14665.0,20,14640.0
CF411,,13:43:33.0#,14680.0,14700.0,14600.0,15605.0,13835.0,21405,9816,14615.0,15,14620.0,62,14625.0,13,14630.0,162,14635.0,169,14645.0,243,14650.0,55,14655.0,11,14660.0,16,14665.0,20,14640.0
CF411,,13:43:33.250#,14680.0,14700.0,14600.0,15605.0,13835.0,21405,9816,14615.0,15,14620.0,62,14625.0,13,14630.0,172,14635.0,159,14645.0,253,14650.0,45,14655.0,11,14660.0,16,14665.0,20,14640.0
CF411,,13:43:33.500#,14680.0,14700.0,14600.0,15605.0,13835.0,21405,9816,14615.0,15,14620.0,62,14625.0,13,14630.0,172,14635.0,160,14645.0,254,14650.0,45,14655.0,11,14660.0,16,14665.0,20,14640.0
CF411,,13:43:34.750#,14680.0,14700.0,14600.0,15605.0,13835.0,21405,9816,14615.0,15,14620.0,62,14625.0,13,14630.0,162,14635.0,170,14645.0,244,14650.0,55,14655.0,11,14660.0,16,14665.0,20,14640.0
CF411,,13:43:35.0#,14680.0,14700.0,14600.0,15605.0,13835.0,21405,9816,14615.0,15,14620.0,62,14625.0,13,14630.0,172,14635.0,160,14645.0,254,14650.0,45,14655.0,11,14660.0,16,14665.0,20,14640.0
CF411,,13:43:35.250#,14680.0,14700.0,14600.0,15605.0,13835.0,21405,9816,14615.0,15,14620.0,62,14625.0,13,14630.0,162,14635.0,170,14645.0,244,14650.0,55,14655.0,11,14660.0,16,14665.0,20,14640.0
CF411,,13:43:35.750#,14680.0,14700.0,14600.0,15605.0,13835.0,21405,9816,14615.0,15,14620.0,62,14625.0,13,14630.0,172,14635.0,160,14645.0,254,14650.0,45,14655.0,11,14660.0,16,14665.0,20,14640.0
CF411,,13:43:36.0#,14680.0,14700.0,14600.0,15605.0,13835.0,21405,9816,14615.0,15,14620.0,62,14625.0,13,14630.0,162,14635.0,170,14645.0,244,14650.0,55,14655.0,11,14660.0,16,14665.0,20,14640.0
CF411,,13:43:36.250#,14680.0,14700.0,14600.0,15605.0,13835.0,21405,9816,14615.0,15,14620.0,62,14625.0,13,14630.0,172,14635.0,160,14645.0,254,14650.0,45,14655.0,11,14660.0,16,14665.0,20,14640.0
CF411,,13:43:37.500#,14680.0,14700.0,14600.0,15605.0,13835.0,21405,9816,14615.0,15,14620.0,62,14625.0,13,14630.0,162,14635.0,170,14645.0,244,14650.0,55,14655.0,11,14660.0,16,14665.0,20,14640.0
CF411,,13:43:37.750#,14680.0,14700.0,14600.0,15605.0,13835.0,21405,9816,14615.0,15,14620.0,62,14625.0,13,14630.0,172,14635.0,160,14645.0,254,14650.0,45,14655.0,11,14660.0,16,14665.0,20,14640.0
CF411,,13:43:40.500#,14680.0,14700.0,14600.0,15605.0,13835.0,21405,9816,14615.0,15,14620.0,62,14625.0,13,14630.0,162,14635.0,170,14645.0,240,14650.0,55,14655.0,11,14660.0,16,14665.0,20,14640.0
CF411,,13:43:40.750#,14680.0,14700.0,14600.0,15605.0,13835.0,21405,9816,14615.0,15,14620.0,62,14625.0,13,14630.0,172,14635.0,160,14645.0,245,14650.0,45,14655.0,11,14660.0,16,14665.0,20,14640.0
CF411,,13:43:41.0#,14680.0,14700.0,14600.0,15605.0,13835.0,21405,9816,14615.0,15,14620.0,62,14625.0,13,14630.0,162,14635.0,170,14645.0,237,14650.0,55,14655.0,11,14660.0,16,14665.0,20,14640.0
CF411,,13:43:41.250#,14680.0,14700.0,14600.0,15605.0,13835.0,21405,9816,14615.0,15,14620.0,62,14625.0,13,14630.0,172,14635.0,160,14645.0,247,14650.0,45,14655.0,11,14660.0,16,14665.0,20,14640.0
CF411,,13:43:41.500#,14680.0,14700.0,14600.0,15605.0,13835.0,21405,9816,14615.0,15,14620.0,62,14625.0,13,14630.0,172,14635.0,160,14645.0,245,14650.0,45,14655.0,11,14660.0,16,14665.0,20,14640.0
CF411,,13:43:41.750#,14680.0,14700.0,14600.0,15605.0,13835.0,21405,9816,14615.0,15,14620.0,62,14625.0,13,14630.0,162,14635.0,170,14645.0,236,14650.0,55,14655.0,11,14660.0,16,14665.0,20,14640.0
CF411,,13:43:42.0#,14680.0,14700.0,14600.0,15605.0,13835.0,21405,9816,14615.0,15,14620.0,62,14625.0,13,14630.0,172,14635.0,158,14645.0,246,14650.0,45,14655.0,11,14660.0,16,14665.0,20,14640.0
CF411,,13:43:45.750#,14680.0,14700.0,14600.0,15605.0,13835.0,21405,9816,14615.0,15,14620.0,62,14625.0,13,14630.0,172,14635.0,158,14645.0,253,14650.0,45,14655.0,11,14660.0,16,14665.0,20,14640.0
CF411,,13:43:46.0#,14680.0,14700.0,14600.0,15605.0,13835.0,21405,9816,14615.0,15,14620.0,62,14625.0,13,14630.0,162,14635.0,168,14645.0,253,14650.0,45,14655.0,11,14660.0,16,14665.0,20,14640.0
CF411,,13:43:47.750#,14680.0,14700.0,14600.0,15605.0,13835.0,21405,9816,14615.0,15,14620.0,62,14625.0,13,14630.0,152,14635.0,178,14645.0,243,14650.0,55,14655.0,11,14660.0,16,14665.0,20,14640.0
CF411,,13:43:48.250#,14680.0,14700.0,14600.0,15605.0,13835.0,21405,9816,14615.0,15,14620.0,62,14625.0,13,14630.0,162,14635.0,168,14645.0,253,14650.0,45,14655.0,11,14660.0,16,14665.0,20,14640.0
CF411,,13:43:49.750#,14680.0,14700.0,14600.0,15605.0,13835.0,21405,9816,14615.0,15,14620.0,62,14625.0,13,14630.0,162,14635.0,168,14645.0,251,14650.0,45,14655.0,11,14660.0,16,14665.0,20,14640.0
CF411,,13:43:50.0#,14680.0,14700.0,14600.0,15605.0,13835.0,21405,9816,14615.0,15,14620.0,62,14625.0,13,14630.0,152,14635.0,178,14645.0,243,14650.0,55,14655.0,11,14660.0,16,14665.0,20,14640.0
CF411,,13:43:50.250#,14680.0,14700.0,14600.0,15605.0,13835.0,21405,9816,14615.0,15,14620.0,62,14625.0,13,14630.0,162,14635.0,168,14645.0,253,14650.0,45,14655.0,11,14660.0,16,14665.0,20,14640.0
CF411,,13:43:51.250#,14680.0,14700.0,14600.0,15605.0,13835.0,21405,9816,14615.0,15,14620.0,62,14625.0,13,14630.0,152,14635.0,178,14645.0,243,14650.0,55,14655.0,11,14660.0,16,14665.0,20,14640.0
CF411,,13:43:52.0#,14680.0,14700.0,14600.0,15605.0,13835.0,21405,9816,14615.0,15,14620.0,62,14625.0,13,14630.0,162,14635.0,168,14645.0,253,14650.0,45,14655.0,11,14660.0,16,14665.0,20,14640.0
CF411,,13:43:54.750#,14680.0,14700.0,14600.0,15605.0,13835.0,21405,9816,14615.0,15,14620.0,62,14625.0,13,14630.0,152,14635.0,178,14645.0,243,14650.0,55,14655.0,11,14660.0,16,14665.0,20,14640.0
CF411,,13:43:55.250#,14680.0,14700.0,14600.0,15605.0,13835.0,21405,9816,14615.0,15,14620.0,62,14625.0,13,14630.0,162,14635.0,168,14645.0,253,14650.0,45,14655.0,11,14660.0,16,14665.0,20,14640.0
CF411,,13:43:56.750#,14680.0,14700.0,14600.0,15605.0,13835.0,21405,9816,14615.0,15,14620.0,62,14625.0,13,14630.0,152,14635.0,178,14645.0,243,14650.0,55,14655.0,11,14660.0,16,14665.0,20,14640.0
CF411,,13:43:57.0#,14680.0,14700.0,14600.0,15605.0,13835.0,21405,9816,14615.0,15,14620.0,62,14625.0,13,14630.0,162,14635.0,168,14645.0,253,14650.0,45,14655.0,11,14660.0,16,14665.0,20,14640.0
CF411,,13:43:57.250#,14680.0,14700.0,14600.0,15605.0,13835.0,21405,9816,14615.0,15,14620.0,62,14625.0,13,14630.0,152,14635.0,178,14645.0,243,14650.0,55,14655.0,11,14660.0,16,14665.0,20,14640.0
CF411,,13:43:57.750#,14680.0,14700.0,14600.0,15605.0,13835.0,21405,9816,14615.0,15,14620.0,62,14625.0,13,14630.0,162,14635.0,168,14645.0,253,14650.0,45,14655.0,11,14660.0,16,14665.0,20,14640.0
CF411,,13:43:58.0#,14680.0,14700.0,14600.0,15605.0,13835.0,21405,9816,14615.0,15,14620.0,62,14625.0,13,14630.0,152,14635.0,178,14645.0,243,14650.0,55,14655.0,11,14660.0,16,14665.0,20,14640.0
CF411,,13:43:58.500#,14680.0,14700.0,14600.0,15605.0,13835.0,21405,9816,14615.0,15,14620.0,62,14625.0,13,14630.0,162,14635.0,168,14645.0,253,14650.0,45,14655.0,11,14660.0,16,14665.0,20,14640.0
CF411,,13:44:01.250#,14680.0,14700.0,14600.0,15605.0,13835.0,21405,9816,14615.0,15,14620.0,62,14625.0,13,14630.0,152,14635.0,178,14645.0,243,14650.0,55,14655.0,11,14660.0,16,14665.0,20,14640.0
CF411,,13:44:01.750#,14680.0,14700.0,14600.0,15605.0,13835.0,21405,9816,14615.0,15,14620.0,62,14625.0,13,14630.0,162,14635.0,168,14645.0,253,14650.0,45,14655.0,11,14660.0,16,14665.0,20,14640.0
CF411,,13:44:02.500#,14680.0,14700.0,14600.0,15605.0,13835.0,21405,9816,14615.0,15,14620.0,62,14625.0,13,14630.0,152,14635.0,178,14645.0,243,14650.0,55,14655.0,11,14660.0,16,14665.0,20,14640.0
CF411,,13:44:03.250#,14680.0,14700.0,14600.0,15605.0,13835.0,21405,9816,14615.0,15,14620.0,62,14625.0,13,14630.0,162,14635.0,168,14645.0,253,14650.0,45,14655.0,11,14660.0,16,14665.0,20,14640.0
CF411,,13:44:05.250#,14680.0,14700.0,14600.0,15605.0,13835.0,21405,9816,14615.0,15,14620.0,62,14625.0,13,14630.0,152,14635.0,178,14645.0,243,14650.0,55,14655.0,11,14660.0,16,14665.0,20,14640.0
CF411,,13:44:05.500#,14680.0,14700.0,14600.0,15605.0,13835.0,21405,9816,14615.0,15,14620.0,62,14625.0,13,14630.0,162,14635.0,168,14645.0,253,14650.0,45,14655.0,11,14660.0,16,14665.0,20,14640.0
CF411,,13:44:06.0#,14680.0,14700.0,14600.0,15605.0,13835.0,21405,9816,14615.0,15,14620.0,62,14625.0,13,14630.0,152,14635.0,178,14645.0,243,14650.0,55,14655.0,11,14660.0,16,14665.0,20,14640.0
CF411,,13:44:06.250#,14680.0,14700.0,14600.0,15605.0,13835.0,21405,9816,14615.0,15,14620.0,62,14625.0,13,14630.0,162,14635.0,168,14645.0,253,14650.0,45,14655.0,11,14660.0,16,14665.0,20,14640.0
CF411,,13:44:07.500#,14680.0,14700.0,14600.0,15605.0,13835.0,21405,9816,14615.0,15,14620.0,62,14625.0,13,14630.0,152,14635.0,178,14645.0,243,14650.0,55,14655.0,11,14660.0,16,14665.0,20,14640.0
CF411,,13:44:07.750#,14680.0,14700.0,14600.0,15605.0,13835.0,21405,9816,14615.0,15,14620.0,62,14625.0,13,14630.0,162,14635.0,168,14645.0,253,14650.0,45,14655.0,11,14660.0,16,14665.0,20,14640.0
CF411,,13:44:08.750#,14680.0,14700.0,14600.0,15605.0,13835.0,21405,9816,14620.0,62,14625.0,13,14630.0,162,14635.0,111,14640.0,1,14645.0,253,14650.0,45,14655.0,11,14660.0,16,14665.0,20,14640.0
CF411,,13:44:09.0#,14680.0,14700.0,14600.0,15605.0,13835.0,21405,9816,14620.0,62,14625.0,13,14630.0,132,14635.0,140,14640.0,1,14645.0,233,14650.0,55,14655.0,21,14660.0,16,14665.0,20,14640.0
CF411,,13:44:09.250#,14680.0,14700.0,14600.0,15605.0,13835.0,21407,9816,14615.0,15,14620.0,62,14625.0,13,14630.0,122,14635.0,207,14645.0,222,14650.0,65,14655.0,21,14660.0,16,14665.0,20,14640.0
CF411,,13:44:09.500#,14680.0,14700.0,14600.0,15605.0,13835.0,21407,9816,14615.0,15,14620.0,62,14625.0,13,14630.0,162,14635.0,167,14645.0,242,14650.0,55,14655.0,11,14660.0,16,14665.0,20,14640.0
CF411,,13:44:09.750#,14680.0,14700.0,14600.0,15605.0,13835.0,21407,9816,14615.0,15,14620.0,62,14625.0,13,14630.0,172,14635.0,157,14645.0,252,14650.0,45,14655.0,11,14660.0,16,14665.0,20,14640.0
CF411,,13:44:10.500#,14680.0,14700.0,14600.0,15605.0,13835.0,21407,9816,14615.0,15,14620.0,62,14625.0,13,14630.0,162,14635.0,168,14645.0,243,14650.0,55,14655.0,11,14660.0,16,14665.0,20,14640.0
CF411,,13:44:11.250#,14680.0,14700.0,14600.0,15605.0,13835.0,21407,9816,14615.0,15,14620.0,62,14625.0,13,14630.0,172,14635.0,158,14645.0,253,14650.0,45,14655.0,11,14660.0,16,14665.0,20,14640.0
CF411,,13:44:13.750#,14680.0,14700.0,14600.0,15605.0,13835.0,21407,9816,14615.0,15,14620.0,62,14625.0,13,14630.0,162,14635.0,168,14645.0,243,14650.0,55,14655.0,11,14660.0,16,14665.0,20,14640.0
CF411,,13:44:15.0#,14680.0,14700.0,14600.0,15605.0,13835.0,21407,9816,14615.0,15,14620.0,62,14625.0,13,14630.0,172,14635.0,158,14645.0,253,14650.0,45,14655.0,11,14660.0,16,14665.0,20,14640.0
CF411,,13:44:21.750#,14680.0,14700.0,14600.0,15605.0,13835.0,21407,9816,14615.0,15,14620.0,62,14625.0,13,14630.0,162,14635.0,168,14645.0,243,14650.0,55,14655.0,11,14660.0,16,14665.0,20,14640.0
CF411,,13:44:22.250#,14680.0,14700.0,14600.0,15605.0,13835.0,21407,9816,14615.0,15,14620.0,62,14625.0,13,14630.0,172,14635.0,158,14645.0,253,14650.0,45,14655.0,11,14660.0,16,14665.0,20,14640.0
CF411,,13:44:22.750#,14680.0,14700.0,14600.0,15605.0,13835.0,21407,9816,14615.0,15,14620.0,62,14625.0,13,14630.0,162,14635.0,168,14645.0,243,14650.0,55,14655.0,11,14660.0,16,14665.0,20,14640.0
CF411,,13:44:23.750#,14680.0,14700.0,14600.0,15605.0,13835.0,21407,9816,14615.0,15,14620.0,62,14625.0,13,14630.0,172,14635.0,158,14645.0,253,14650.0,45,14655.0,11,14660.0,16,14665.0,20,14640.0
CF411,,13:44:26.0#,14680.0,14700.0,14600.0,15605.0,13835.0,21407,9816,14615.0,15,14620.0,62,14625.0,13,14630.0,162,14635.0,168,14645.0,243,14650.0,55,14655.0,11,14660.0,16,14665.0,20,14640.0
CF411,,13:44:26.500#,14680.0,14700.0,14600.0,15605.0,13835.0,21407,9816,14615.0,15,14620.0,62,14625.0,13,14630.0,172,14635.0,158,14645.0,253,14650.0,45,14655.0,11,14660.0,16,14665.0,20,14640.0
CF411,,13:44:30.750#,14680.0,14700.0,14600.0,15605.0,13835.0,21407,9816,14615.0,15,14620.0,62,14625.0,13,14630.0,162,14635.0,168,14645.0,243,14650.0,55,14655.0,11,14660.0,16,14665.0,20,14640.0
CF411,,13:44:31.0#,14680.0,14700.0,14600.0,15605.0,13835.0,21407,9816,14615.0,15,14620.0,62,14625.0,13,14630.0,172,14635.0,158,14645.0,253,14650.0,45,14655.0,11,14660.0,16,14665.0,20,14640.0
CF411,,13:44:36.750#,14680.0,14700.0,14600.0,15605.0,13835.0,21407,9816,14615.0,15,14620.0,62,14625.0,13,14630.0,162,14635.0,168,14645.0,243,14650.0,55,14655.0,11,14660.0,16,14665.0,20,14640.0
CF411,,13:44:37.0#,14680.0,14700.0,14600.0,15605.0,13835.0,21407,9816,14615.0,15,14620.0,62,14625.0,13,14630.0,162,14635.0,168,14645.0,242,14650.0,55,14655.0,11,14660.0,16,14665.0,20,14640.0
CF411,,13:44:37.250#,14680.0,14700.0,14600.0,15605.0,13835.0,21407,9816,14615.0,15,14620.0,62,14625.0,13,14630.0,172,14635.0,158,14645.0,252,14650.0,45,14655.0,11,14660.0,16,14665.0,20,14640.0
CF411,,13:44:41.0#,14680.0,14700.0,14600.0,15605.0,13835.0,21407,9816,14615.0,15,14620.0,62,14625.0,13,14630.0,162,14635.0,168,14645.0,242,14650.0,55,14655.0,11,14660.0,16,14665.0,20,14640.0
CF411,,13:44:41.250#,14680.0,14700.0,14600.0,15605.0,13835.0,21407,9816,14615.0,15,14620.0,62,14625.0,13,14630.0,172,14635.0,158,14645.0,252,14650.0,45,14655.0,11,14660.0,16,14665.0,20,14640.0
CF411,,13:44:41.500#,14680.0,14700.0,14600.0,15605.0,13835.0,21407,9816,14615.0,15,14620.0,62,14625.0,13,14630.0,162,14635.0,168,14645.0,252,14650.0,45,14655.0,11,14660.0,16,14665.0,20,14640.0
CF411,,13:44:49.0#,14680.0,14700.0,14600.0,15605.0,13835.0,21407,9816,14615.0,15,14620.0,62,14625.0,13,14630.0,152,14635.0,178,14645.0,242,14650.0,55,14655.0,11,14660.0,16,14665.0,20,14640.0
CF411,,13:44:49.250#,14680.0,14700.0,14600.0,15605.0,13835.0,21407,9816,14615.0,15,14620.0,62,14625.0,13,14630.0,162,14635.0,168,14645.0,252,14650.0,45,14655.0,11,14660.0,16,14665.0,20,14640.0
CF411,,13:44:51.0#,14680.0,14700.0,14600.0,15605.0,13835.0,21407,9816,14615.0,15,14620.0,62,14625.0,13,14630.0,152,14635.0,178,14645.0,242,14650.0,55,14655.0,11,14660.0,16,14665.0,20,14640.0
CF411,,13:44:51.500#,14680.0,14700.0,14600.0,15605.0,13835.0,21407,9816,14615.0,15,14620.0,62,14625.0,13,14630.0,162,14635.0,168,14645.0,252,14650.0,45,14655.0,11,14660.0,16,14665.0,20,14640.0
CF411,,13:44:53.250#,14680.0,14700.0,14600.0,15605.0,13835.0,21407,9816,14615.0,15,14620.0,62,14625.0,13,14630.0,152,14635.0,178,14645.0,242,14650.0,55,14655.0,11,14660.0,16,14665.0,20,14640.0
CF411,,13:44:53.500#,14680.0,14700.0,14600.0,15605.0,13835.0,21407,9816,14615.0,15,14620.0,62,14625.0,13,14630.0,162,14635.0,168,14645.0,252,14650.0,45,14655.0,11,14660.0,16,14665.0,20,14640.0
CF411,,13:44:54.250#,14680.0,14700.0,14600.0,15605.0,13835.0,21407,9816,14615.0,15,14620.0,62,14625.0,13,14630.0,152,14635.0,178,14645.0,242,14650.0,55,14655.0,11,14660.0,16,14665.0,20,14640.0
CF411,,13:44:54.500#,14680.0,14700.0,14600.0,15605.0,13835.0,21407,9816,14615.0,15,14620.0,62,14625.0,13,14630.0,162,14635.0,168,14645.0,252,14650.0,45,14655.0,11,14660.0,16,14665.0,20,14640.0
CF411,,13:44:55.250#,14680.0,14700.0,14600.0,15605.0,13835.0,21407,9816,14615.0,15,14620.0,62,14625.0,13,14630.0,152,14635.0,178,14645.0,242,14650.0,55,14655.0,11,14660.0,16,14665.0,20,14640.0
CF411,,13:44:55.500#,14680.0,14700.0,14600.0,15605.0,13835.0,21407,9816,14615.0,15,14620.0,62,14625.0,13,14630.0,162,14635.0,168,14645.0,252,14650.0,45,14655.0,11,14660.0,16,14665.0,20,14640.0
CF411,,13:44:58.500#,14680.0,14700.0,14600.0,15605.0,13835.0,21407,9816,14615.0,15,14620.0,62,14625.0,13,14630.0,152,14635.0,178,14645.0,242,14650.0,55,14655.0,11,14660.0,16,14665.0,20,14640.0
CF411,,13:44:59.0#,14680.0,14700.0,14600.0,15605.0,13835.0,21407,9816,14615.0,15,14620.0,62,14625.0,13,14630.0,162,14635.0,168,14645.0,252,14650.0,45,14655.0,11,14660.0,16,14665.0,20,14640.0
CF411,,13:45:00.250#,14680.0,14700.0,14600.0,15605.0,13835.0,21425,9820,14615.0,15,14620.0,62,14625.0,13,14630.0,162,14635.0,140,14640.0,1,14645.0,148,14650.0,45,14655.0,11,14660.0,16,14635.0
CF411,,13:45:00.500#,14680.0,14700.0,14600.0,15605.0,13835.0,21463,9820,14615.0,15,14620.0,62,14625.0,13,14630.0,174,14635.0,47,14640.0,6,14645.0,107,14650.0,45,14655.0,11,14660.0,16,14635.0
CF411,,13:45:00.750#,14680.0,14700.0,14600.0,15605.0,13835.0,21463,9820,14615.0,15,14620.0,62,14625.0,23,14630.0,212,14635.0,22,14640.0,143,14645.0,143,14650.0,25,14655.0,11,14660.0,16,14635.0
CF411,,13:45:01.0#,14680.0,14700.0,14600.0,15605.0,13835.0,21468,9822,14610.0,21,14615.0,15,14620.0,62,14625.0,43,14630.0,245,14635.0,5,14640.0,102,14645.0,81,14650.0,14,14655.0,11,14635.0
CF411,,13:45:01.250#,14680.0,14700.0,14600.0,15605.0,13835.0,21473,9822,14610.0,21,14615.0,15,14620.0,62,14625.0,74,14630.0,230,14640.0,176,14645.0,40,14650.0,24,14655.0,11,14660.0,16,14635.0
CF411,,13:45:01.500#,14680.0,14700.0,14600.0,15605.0,13835.0,21473,9822,14610.0,21,14615.0,15,14620.0,62,14625.0,54,14630.0,262,14640.0,128,14645.0,71,14650.0,24,14655.0,11,14660.0,16,14635.0
CF411,,13:45:01.750#,14680.0,14700.0,14600.0,15605.0,13835.0,21473,9822,14615.0,15,14620.0,62,14625.0,34,14630.0,227,14635.0,14,14640.0,98,14645.0,71,14650.0,34,14655.0,11,14660.0,16,14635.0
CF411,,13:45:02.0#,14680.0,14700.0,14600.0,15605.0,13835.0,21473,9822,14610.0,21,14615.0,15,14620.0,62,14625.0,34,14630.0,281,14640.0,100,14645.0,110,14650.0,24,14655.0,11,14660.0,16,14635.0
CF411,,13:45:02.250#,14680.0,14700.0,14600.0,15605.0,13835.0,21473,9822,14610.0,21,14615.0,15,14620.0,62,14625.0,44,14630.0,271,14640.0,147,14645.0,81,14650.0,24,14655.0,11,14660.0,16,14635.0
CF411,,13:45:02.500#,14680.0,14700.0,14600.0,15605.0,13835.0,21473,9822,14610.0,21,14615.0,15,14620.0,62,14625.0,54,14630.0,272,14640.0,169,14645.0,81,14650.0,14,14655.0,11,14660.0,16,14635.0
CF411,,13:45:02.750#,14680.0,14700.0,14600.0,15605.0,13835.0,21473,9822,14610.0,21,14615.0,15,14620.0,62,14625.0,34,14630.0,292,14640.0,166,14645.0,81,14650.0,24,14655.0,11,14660.0,16,14635.0
CF411,,13:45:04.0#,14680.0,14700.0,14600.0,15605.0,13835.0,21473,9822,14610.0,21,14615.0,15,14620.0,62,14625.0,34,14630.0,292,14640.0,165,14645.0,81,14650.0,24,14655.0,11,14660.0,16,14635.0
CF411,,13:45:04.250#,14680.0,14700.0,14600.0,15605.0,13835.0,21473,9822,14610.0,21,14615.0,15,14620.0,62,14625.0,34,14630.0,292,14640.0,164,14645.0,81,14650.0,24,14655.0,11,14660.0,16,14635.0
CF411,,13:45:05.250#,14680.0,14700.0,14600.0,15605.0,13835.0,21473,9822,14610.0,21,14615.0,15,14620.0,62,14625.0,34,14630.0,292,14640.0,163,14645.0,81,14650.0,24,14655.0,11,14660.0,16,14635.0
CF411,,13:45:05.750#,14680.0,14700.0,14600.0,15605.0,13835.0,21473,9822,14610.0,21,14615.0,15,14620.0,62,14625.0,34,14630.0,292,14640.0,162,14645.0,81,14650.0,24,14655.0,11,14660.0,16,14635.0
CF411,,13:45:06.250#,14680.0,14700.0,14600.0,15605.0,13835.0,21473,9822,14610.0,21,14615.0,15,14620.0,62,14625.0,34,14630.0,292,14640.0,169,14645.0,81,14650.0,24,14655.0,11,14660.0,16,14635.0
CF411,,13:45:07.250#,14680.0,14700.0,14600.0,15605.0,13835.0,21473,9822,14610.0,21,14615.0,15,14620.0,62,14625.0,34,14630.0,292,14640.0,190,14645.0,81,14650.0,24,14655.0,11,14660.0,16,14635.0
CF411,,13:45:07.500#,14680.0,14700.0,14600.0,15605.0,13835.0,21473,9822,14610.0,21,14615.0,15,14620.0,62,14625.0,44,14630.0,282,14640.0,203,14645.0,71,14650.0,24,14655.0,11,14660.0,16,14635.0
CF411,,13:45:07.750#,14680.0,14700.0,14600.0,15605.0,13835.0,21473,9822,14610.0,21,14615.0,15,14620.0,62,14625.0,34,14630.0,292,14640.0,194,14645.0,81,14650.0,24,14655.0,11,14660.0,16,14635.0
CF411,,13:45:08.750#,14680.0,14700.0,14600.0,15605.0,13835.0,21473,9822,14610.0,21,14615.0,15,14620.0,62,14625.0,44,14630.0,282,14640.0,203,14645.0,71,14650.0,24,14655.0,11,14660.0,16,14635.0
CF411,,13:45:09.0#,14680.0,14700.0,14600.0,15605.0,13835.0,21473,9822,14610.0,21,14615.0,15,14620.0,62,14625.0,34,14630.0,292,14640.0,187,14645.0,81,14650.0,24,14655.0,11,14660.0,16,14635.0
CF411,,13:45:09.250#,14680.0,14700.0,14600.0,15605.0,13835.0,21473,9822,14610.0,21,14615.0,15,14620.0,62,14625.0,34,14630.0,292,14640.0,186,14645.0,81,14650.0,24,14655.0,11,14660.0,16,14635.0
CF411,,13:45:10.250#,14680.0,14700.0,14600.0,15605.0,13835.0,21473,9822,14610.0,21,14615.0,15,14620.0,62,14625.0,34,14630.0,292,14640.0,187,14645.0,81,14650.0,24,14655.0,11,14660.0,16,14635.0
CF411,,13:45:10.500#,14680.0,14700.0,14600.0,15605.0,13835.0,21473,9822,14610.0,21,14615.0,15,14620.0,62,14625.0,34,14630.0,292,14640.0,186,14645.0,81,14650.0,24,14655.0,11,14660.0,16,14635.0
CF411,,13:45:10.750#,14680.0,14700.0,14600.0,15605.0,13835.0,21473,9822,14610.0,21,14615.0,15,14620.0,62,14625.0,34,14630.0,292,14640.0,196,14645.0,71,14650.0,24,14655.0,11,14660.0,16,14635.0
CF411,,13:45:11.0#,14680.0,14700.0,14600.0,15605.0,13835.0,21473,9822,14610.0,21,14615.0,15,14620.0,62,14625.0,34,14630.0,292,14640.0,187,14645.0,71,14650.0,24,14655.0,11,14660.0,16,14635.0
CF411,,13:45:11.250#,14680.0,14700.0,14600.0,15605.0,13835.0,21473,9822,14610.0,21,14615.0,15,14620.0,62,14625.0,34,14630.0,292,14640.0,170,14645.0,71,14650.0,24,14655.0,11,14660.0,16,14635.0
CF411,,13:45:12.0#,14680.0,14700.0,14600.0,15605.0,13835.0,21473,9822,14610.0,21,14615.0,15,14620.0,62,14625.0,34,14630.0,292,14640.0,168,14645.0,71,14650.0,24,14655.0,11,14660.0,16,14635.0
CF411,,13:45:12.250#,14680.0,14700.0,14600.0,15605.0,13835.0,21473,9822,14610.0,21,14615.0,15,14620.0,62,14625.0,34,14630.0,292,14640.0,166,14645.0,71,14650.0,24,14655.0,11,14660.0,16,14635.0
CF411,,13:45:12.500#,14680.0,14700.0,14600.0,15605.0,13835.0,21473,9822,14610.0,21,14615.0,15,14620.0,62,14625.0,34,14630.0,292,14640.0,162,14645.0,71,14650.0,24,14655.0,11,14660.0,16,14635.0
CF411,,13:45:12.750#,14680.0,14700.0,14600.0,15605.0,13835.0,21473,9822,14615.0,15,14620.0,62,14625.0,34,14630.0,238,14635.0,44,14640.0,125,14645.0,71,14650.0,24,14655.0,11,14660.0,16,14635.0
CF411,,13:45:13.0#,14680.0,14700.0,14600.0,15605.0,13835.0,21473,9822,14615.0,15,14620.0,62,14625.0,24,14630.0,247,14635.0,39,14640.0,105,14645.0,90,14650.0,24,14655.0,11,14660.0,16,14635.0
CF411,,13:45:13.250#,14680.0,14700.0,14600.0,15605.0,13835.0,21473,9822,14615.0,15,14620.0,62,14625.0,24,14630.0,237,14635.0,21,14640.0,94,14645.0,100,14650.0,24,14655.0,11,14660.0,16,14635.0
CF411,,13:45:13.500#,14680.0,14700.0,14600.0,15605.0,13835.0,21473,9822,14615.0,15,14620.0,62,14625.0,34,14630.0,227,14635.0,13,14640.0,93,14645.0,130,14650.0,14,14655.0,11,14660.0,16,14635.0
CF411,,13:45:13.750#,14680.0,14700.0,14600.0,15605.0,13835.0,21473,9822,14615.0,15,14620.0,62,14625.0,34,14630.0,227,14635.0,2,14640.0,111,14645.0,101,14650.0,14,14655.0,11,14660.0,16,14635.0
CF411,,13:45:14.0#,14680.0,14700.0,14600.0,15605.0,13835.0,21473,9822,14615.0,15,14620.0,62,14625.0,34,14630.0,237,14635.0,2,14640.0,124,14645.0,71,14650.0,24,14655.0,11,14660.0,16,14635.0
CF411,,13:45:14.250#,14680.0,14700.0,14600.0,15605.0,13835.0,21473,9822,14615.0,15,14620.0,62,14625.0,24,14630.0,233,14635.0,38,14640.0,104,14645.0,91,14650.0,14,14655.0,11,14660.0,16,14635.0
CF411,,13:45:14.500#,14680.0,14700.0,14600.0,15605.0,13835.0,21473,9822,14615.0,15,14620.0,62,14625.0,24,14630.0,243,14635.0,44,14640.0,95,14645.0,100,14650.0,24,14655.0,11,14660.0,16,14635.0
CF411,,13:45:14.750#,14680.0,14700.0,14600.0,15605.0,13835.0,21473,9822,14615.0,15,14620.0,62,14625.0,24,14630.0,233,14635.0,28,14640.0,65,14645.0,130,14650.0,24,14655.0,11,14660.0,16,14635.0
CF411,,13:45:15.0#,14680.0,14700.0,14600.0,15605.0,13835.0,21473,9822,14615.0,15,14620.0,62,14625.0,34,14630.0,223,14635.0,23,14640.0,65,14645.0,140,14650.0,14,14655.0,11,14660.0,16,14635.0
CF411,,13:45:15.250#,14680.0,14700.0,14600.0,15605.0,13835.0,21473,9822,14615.0,15,14620.0,62,14625.0,34,14630.0,223,14635.0,56,14640.0,55,14645.0,150,14650.0,14,14655.0,11,14660.0,16,14635.0
CF411,,13:45:15.500#,14680.0,14700.0,14600.0,15605.0,13835.0,21473,9822,14615.0,15,14620.0,62,14625.0,34,14630.0,223,14635.0,59,14640.0,55,14645.0,150,14650.0,14,14655.0,11,14660.0,16,14635.0
CF411,,13:45:19.500#,14680.0,14700.0,14600.0,15605.0,13835.0,21474,9823,14615.0,15,14620.0,62,14625.0,34,14630.0,223,14635.0,59,14640.0,54,14645.0,150,14650.0,14,14655.0,11,14660.0,16,14640.0
CF411,,13:45:19.750#,14680.0,14700.0,14600.0,15605.0,13835.0,21474,9823,14615.0,15,14620.0,62,14625.0,34,14630.0,213,14635.0,69,14640.0,45,14645.0,160,14650.0,14,14655.0,11,14660.0,16,14640.0
CF411,,13:45:21.750#,14680.0,14700.0,14600.0,15605.0,13835.0,21474,9823,14615.0,15,14620.0,62,14625.0,34,14630.0,213,14635.0,25,14640.0,92,14645.0,160,14650.0,14,14655.0,11,14660.0,16,14640.0
CF411,,13:45:22.0#,14680.0,14700.0,14600.0,15605.0,13835.0,21474,9823,14615.0,15,14620.0,62,14625.0,34,14630.0,223,14635.0,4,14640.0,143,14645.0,101,14650.0,14,14655.0,11,14660.0,16,14640.0
CF411,,13:45:22.250#,14680.0,14700.0,14600.0,15605.0,13835.0,21477,9825,14610.0,21,14615.0,15,14620.0,62,14625.0,34,14630.0,287,14635.0,1,14640.0,124,14645.0,71,14650.0,24,14655.0,11,14635.0
CF411,,13:45:22.500#,14680.0,14700.0,14600.0,15605.0,13835.0,21485,9825,14610.0,21,14615.0,15,14620.0,62,14625.0,54,14630.0,261,14640.0,175,14645.0,51,14650.0,24,14655.0,11,14660.0,16,14635.0
CF411,,13:45:22.750#,14680.0,14700.0,14600.0,15605.0,13835.0,21485,9825,14610.0,21,14615.0,15,14620.0,62,14625.0,34,14630.0,291,14640.0,155,14645.0,81,14650.0,24,14655.0,11,14660.0,16,14635.0
CF411,,13:45:23.0#,14680.0,14700.0,14600.0,15605.0,13835.0,21485,9825,14610.0,21,14615.0,15,14620.0,62,14625.0,34,14630.0,291,14640.0,160,14645.0,81,14650.0,24,14655.0,11,14660.0,16,14635.0
CF411,,13:45:23.250#,14680.0,14700.0,14600.0,15605.0,13835.0,21485,9825,14610.0,21,14615.0,15,14620.0,62,14625.0,34,14630.0,291,14640.0,167,14645.0,81,14650.0,24,14655.0,11,14660.0,16,14635.0
CF411,,13:45:23.500#,14680.0,14700.0,14600.0,15605.0,13835.0,21485,9825,14610.0,21,14615.0,15,14620.0,62,14625.0,34,14630.0,292,14640.0,171,14645.0,81,14650.0,24,14655.0,11,14660.0,16,14635.0
CF411,,13:45:24.500#,14680.0,14700.0,14600.0,15605.0,13835.0,21485,9825,14610.0,21,14615.0,15,14620.0,62,14625.0,34,14630.0,292,14640.0,177,14645.0,81,14650.0,24,14655.0,11,14660.0,16,14635.0
CF411,,13:45:24.750#,14680.0,14700.0,14600.0,15605.0,13835.0,21485,9825,14610.0,21,14615.0,15,14620.0,62,14625.0,34,14630.0,292,14640.0,176,14645.0,81,14650.0,24,14655.0,11,14660.0,16,14635.0
CF411,,13:45:25.250#,14680.0,14700.0,14600.0,15605.0,13835.0,21485,9825,14610.0,21,14615.0,15,14620.0,62,14625.0,34,14630.0,292,14640.0,177,14645.0,81,14650.0,24,14655.0,11,14660.0,16,14635.0
CF411,,13:45:25.500#,14680.0,14700.0,14600.0,15605.0,13835.0,21485,9825,14610.0,21,14615.0,15,14620.0,62,14625.0,34,14630.0,292,14640.0,169,14645.0,81,14650.0,24,14655.0,11,14660.0,16,14635.0
CF411,,13:45:25.750#,14680.0,14700.0,14600.0,15605.0,13835.0,21485,9825,14610.0,21,14615.0,15,14620.0,62,14625.0,34,14630.0,292,14640.0,178,14645.0,81,14650.0,24,14655.0,11,14660.0,16,14635.0
CF411,,13:45:26.0#,14680.0,14700.0,14600.0,15605.0,13835.0,21485,9825,14610.0,21,14615.0,15,14620.0,62,14625.0,34,14630.0,292,14640.0,191,14645.0,81,14650.0,24,14655.0,11,14660.0,16,14635.0
CF411,,13:45:26.250#,14680.0,14700.0,14600.0,15605.0,13835.0,21485,9825,14610.0,21,14615.0,15,14620.0,62,14625.0,34,14630.0,292,14640.0,192,14645.0,81,14650.0,24,14655.0,11,14660.0,16,14635.0
CF411,,13:45:27.0#,14680.0,14700.0,14600.0,15605.0,13835.0,21485,9825,14610.0,21,14615.0,15,14620.0,62,14625.0,34,14630.0,292,14640.0,206,14645.0,81,14650.0,24,14655.0,11,14660.0,16,14635.0
CF411,,13:45:27.250#,14680.0,14700.0,14600.0,15605.0,13835.0,21485,9825,14610.0,21,14615.0,15,14620.0,62,14625.0,34,14630.0,292,14640.0,210,14645.0,81,14650.0,24,14655.0,11,14660.0,16,14635.0
CF411,,13:45:32.0#,14680.0,14700.0,14600.0,15605.0,13835.0,21485,9825,14610.0,21,14615.0,15,14620.0,62,14625.0,44,14630.0,282,14640.0,220,14645.0,71,14650.0,24,14655.0,11,14660.0,16,14635.0
CF411,,13:45:32.250#,14680.0,14700.0,14600.0,15605.0,13835.0,21485,9825,14610.0,21,14615.0,15,14620.0,62,14625.0,34,14630.0,292,14640.0,210,14645.0,81,14650.0,24,14655.0,11,14660.0,16,14635.0
CF411,,13:45:39.250#,14680.0,14700.0,14600.0,15605.0,13835.0,21485,9825,14615.0,15,14620.0,62,14625.0,34,14630.0,238,14635.0,5,14640.0,210,14645.0,81,14650.0,24,14655.0,11,14660.0,16,14635.0
CF411,,13:45:39.500#,14680.0,14700.0,14600.0,15605.0,13835.0,21489,9829,14615.0,15,14620.0,62,14625.0,24,14630.0,247,14635.0,2,14640.0,210,14645.0,81,14650.0,24,14655.0,11,14660.0,16,14635.0
CF411,,13:45:39.750#,14680.0,14700.0,14600.0,15605.0,13835.0,21492,9830,14610.0,21,14615.0,15,14620.0,62,14625.0,24,14630.0,301,14635.0,1,14640.0,107,14645.0,81,14650.0,24,14655.0,11,14635.0
CF411,,13:45:40.0#,14680.0,14700.0,14600.0,15605.0,13835.0,21492,9830,14610.0,21,14615.0,15,14620.0,62,14625.0,54,14630.0,271,14635.0,2,14640.0,137,14645.0,51,14650.0,24,14655.0,11,14635.0
CF411,,13:45:40.250#,14680.0,14700.0,14600.0,15605.0,13835.0,21497,9834,14610.0,21,14615.0,15,14620.0,62,14625.0,64,14630.0,261,14640.0,246,14645.0,41,14650.0,24,14655.0,11,14660.0,16,14640.0
CF411,,13:45:40.500#,14680.0,14700.0,14600.0,15605.0,13835.0,21497,9834,14610.0,21,14615.0,15,14620.0,62,14625.0,54,14630.0,271,14640.0,216,14645.0,81,14650.0,14,14655.0,11,14660.0,16,14640.0
CF411,,13:45:40.750#,14680.0,14700.0,14600.0,15605.0,13835.0,21497,9834,14610.0,21,14615.0,15,14620.0,62,14625.0,44,14630.0,281,14640.0,206,14645.0,91,14650.0,14,14655.0,11,14660.0,16,14640.0
CF411,,13:45:41.0#,14680.0,14700.0,14600.0,15605.0,13835.0,21497,9834,14610.0,21,14615.0,15,14620.0,62,14625.0,34,14630.0,292,14640.0,207,14645.0,81,14650.0,24,14655.0,11,14660.0,16,14640.0
CF411,,13:45:46.250#,14680.0,14700.0,14600.0,15605.0,13835.0,21497,9834,14610.0,21,14615.0,15,14620.0,62,14625.0,34,14630.0,292,14640.0,205,14645.0,81,14650.0,24,14655.0,11,14660.0,16,14640.0
CF411,,13:45:47.250#,14680.0,14700.0,14600.0,15605.0,13835.0,21497,9834,14610.0,21,14615.0,15,14620.0,62,14625.0,34,14630.0,292,14640.0,207,14645.0,81,14650.0,24,14655.0,11,14660.0,16,14640.0
CF411,,13:45:47.750#,14680.0,14700.0,14600.0,15605.0,13835.0,21497,9834,14610.0,21,14615.0,15,14620.0,62,14625.0,34,14630.0,292,14640.0,207,14645.0,81,14650.0,24,14655.0,11,14660.0,16,14640.0
CF411,,13:45:48.0#,14680.0,14700.0,14600.0,15605.0,13835.0,21497,9834,14610.0,21,14615.0,15,14620.0,62,14625.0,44,14630.0,282,14640.0,217,14645.0,71,14650.0,24,14655.0,11,14660.0,16,14640.0
CF411,,13:45:48.250#,14680.0,14700.0,14600.0,15605.0,13835.0,21497,9834,14610.0,21,14615.0,15,14620.0,62,14625.0,34,14630.0,292,14640.0,207,14645.0,81,14650.0,24,14655.0,11,14660.0,16,14640.0
CF411,,13:45:50.500#,14680.0,14700.0,14600.0,15605.0,13835.0,21497,9834,14610.0,21,14615.0,15,14620.0,62,14625.0,44,14630.0,282,14640.0,217,14645.0,71,14650.0,24,14655.0,11,14660.0,16,14640.0
CF411,,13:45:50.750#,14680.0,14700.0,14600.0,15605.0,13835.0,21497,9834,14610.0,21,14615.0,15,14620.0,62,14625.0,34,14630.0,292,14640.0,207,14645.0,81,14650.0,24,14655.0,11,14660.0,16,14640.0
CF411,,13:45:54.250#,14680.0,14700.0,14600.0,15605.0,13835.0,21497,9834,14610.0,21,14615.0,15,14620.0,62,14625.0,44,14630.0,282,14640.0,217,14645.0,71,14650.0,24,14655.0,11,14660.0,16,14640.0
CF411,,13:45:54.750#,14680.0,14700.0,14600.0,15605.0,13835.0,21497,9834,14610.0,21,14615.0,15,14620.0,62,14625.0,34,14630.0,292,14640.0,207,14645.0,81,14650.0,24,14655.0,11,14660.0,16,14640.0
CF411,,13:45:57.250#,14680.0,14700.0,14600.0,15605.0,13835.0,21497,9834,14610.0,21,14615.0,15,14620.0,62,14625.0,44,14630.0,282,14640.0,217,14645.0,71,14650.0,24,14655.0,11,14660.0,16,14640.0
CF411,,13:45:57.500#,14680.0,14700.0,14600.0,15605.0,13835.0,21497,9834,14610.0,21,14615.0,15,14620.0,62,14625.0,34,14630.0,292,14640.0,207,14645.0,81,14650.0,24,14655.0,11,14660.0,16,14640.0
CF411,,13:45:58.0#,14680.0,14700.0,14600.0,15605.0,13835.0,21497,9834,14610.0,21,14615.0,15,14620.0,62,14625.0,44,14630.0,282,14640.0,217,14645.0,71,14650.0,24,14655.0,11,14660.0,16,14640.0
CF411,,13:45:58.750#,14680.0,14700.0,14600.0,15605.0,13835.0,21497,9834,14610.0,21,14615.0,15,14620.0,62,14625.0,34,14630.0,292,14640.0,207,14645.0,81,14650.0,24,14655.0,11,14660.0,16,14640.0
CF411,,13:46:00.500#,14680.0,14700.0,14600.0,15605.0,13835.0,21497,9834,14610.0,21,14615.0,15,14620.0,62,14625.0,44,14630.0,282,14640.0,217,14645.0,71,14650.0,24,14655.0,11,14660.0,16,14640.0
CF411,,13:46:00.750#,14680.0,14700.0,14600.0,15605.0,13835.0,21497,9834,14610.0,21,14615.0,15,14620.0,62,14625.0,44,14630.0,282,14640.0,218,14645.0,71,14650.0,24,14655.0,11,14660.0,16,14640.0
CF411,,13:46:01.0#,14680.0,14700.0,14600.0,15605.0,13835.0,21497,9834,14610.0,21,14615.0,15,14620.0,62,14625.0,34,14630.0,292,14640.0,207,14645.0,81,14650.0,24,14655.0,11,14660.0,16,14640.0
CF411,,13:46:04.750#,14680.0,14700.0,14600.0,15605.0,13835.0,21497,9834,14610.0,21,14615.0,15,14620.0,62,14625.0,44,14630.0,282,14640.0,217,14645.0,71,14650.0,24,14655.0,11,14660.0,16,14640.0
CF411,,13:46:05.0#,14680.0,14700.0,14600.0,15605.0,13835.0,21497,9834,14610.0,21,14615.0,15,14620.0,62,14625.0,34,14630.0,292,14640.0,217,14645.0,71,14650.0,24,14655.0,11,14660.0,16,14640.0
CF411,,13:46:05.250#,14680.0,14700.0,14600.0,15605.0,13835.0,21497,9834,14610.0,21,14615.0,15,14620.0,62,14625.0,24,14630.0,302,14640.0,207,14645.0,81,14650.0,24,14655.0,11,14660.0,16,14640.0
CF411,,13:46:09.750#,14680.0,14700.0,14600.0,15605.0,13835.0,21497,9834,14610.0,21,14615.0,15,14620.0,62,14625.0,24,14630.0,302,14640.0,234,14645.0,81,14650.0,24,14655.0,11,14660.0,16,14640.0
CF411,,13:46:30.500#,14680.0,14700.0,14600.0,15605.0,13835.0,21497,9834,14610.0,21,14615.0,15,14620.0,62,14625.0,24,14630.0,302,14640.0,231,14645.0,81,14650.0,24,14655.0,11,14660.0,16,14640.0
CF411,,13:46:32.0#,14680.0,14700.0,14600.0,15605.0,13835.0,21497,9834,14610.0,21,14615.0,15,14620.0,62,14625.0,24,14630.0,302,14640.0,232,14645.0,81,14650.0,24,14655.0,11,14660.0,16,14640.0
CF411,,13:46:33.250#,14680.0,14700.0,14600.0,15605.0,13835.0,21497,9834,14610.0,21,14615.0,15,14620.0,62,14625.0,24,14630.0,302,14640.0,234,14645.0,81,14650.0,24,14655.0,11,14660.0,16,14640.0
CF411,,13:46:36.0#,14680.0,14700.0,14600.0,15605.0,13835.0,21497,9834,14610.0,21,14615.0,15,14620.0,62,14625.0,34,14630.0,292,14640.0,244,14645.0,71,14650.0,24,14655.0,11,14660.0,16,14640.0
CF411,,13:46:36.250#,14680.0,14700.0,14600.0,15605.0,13835.0,21497,9834,14610.0,21,14615.0,15,14620.0,62,14625.0,34,14630.0,292,14640.0,234,14645.0,91,14650.0,14,14655.0,11,14660.0,16,14640.0
CF411,,13:46:37.0#,14680.0,14700.0,14600.0,15605.0,13835.0,21497,9834,14610.0,21,14615.0,15,14620.0,62,14625.0,34,14630.0,292,14640.0,233,14645.0,91,14650.0,14,14655.0,11,14660.0,16,14640.0
CF411,,13:46:49.0#,14680.0,14700.0,14600.0,15605.0,13835.0,21497,9834,14610.0,21,14615.0,15,14620.0,62,14625.0,34,14630.0,292,14640.0,243,14645.0,81,14650.0,14,14655.0,11,14660.0,16,14640.0
CF411,,13:46:55.0#,14680.0,14700.0,14600.0,15605.0,13835.0,21497,9834,14610.0,21,14615.0,15,14620.0,62,14625.0,44,14630.0,282,14640.0,253,14645.0,71,14650.0,14,14655.0,11,14660.0,16,14640.0
CF411,,13:46:56.500#,14680.0,14700.0,14600.0,15605.0,13835.0,21497,9834,14610.0,21,14615.0,15,14620.0,62,14625.0,34,14630.0,292,14640.0,243,14645.0,81,14650.0,14,14655.0,11,14660.0,16,14640.0
CF411,,13:46:58.750#,14680.0,14700.0,14600.0,15605.0,13835.0,21497,9834,14610.0,21,14615.0,15,14620.0,62,14625.0,34,14630.0,292,14640.0,242,14645.0,81,14650.0,14,14655.0,11,14660.0,16,14640.0
CF411,,13:46:59.250#,14680.0,14700.0,14600.0,15605.0,13835.0,21497,9834,14610.0,21,14615.0,15,14620.0,62,14625.0,44,14630.0,282,14640.0,253,14645.0,71,14650.0,14,14655.0,11,14660.0,16,14640.0
CF411,,13:46:59.500#,14680.0,14700.0,14600.0,15605.0,13835.0,21497,9834,14610.0,21,14615.0,15,14620.0,62,14625.0,34,14630.0,292,14640.0,243,14645.0,81,14650.0,14,14655.0,11,14660.0,16,14640.0
CF411,,13:47:01.500#,14680.0,14700.0,14600.0,15605.0,13835.0,21497,9834,14610.0,21,14615.0,15,14620.0,62,14625.0,34,14630.0,292,14640.0,239,14645.0,81,14650.0,14,14655.0,11,14660.0,16,14640.0
CF411,,13:47:01.750#,14680.0,14700.0,14600.0,15605.0,13835.0,21497,9834,14610.0,21,14615.0,15,14620.0,62,14625.0,24,14630.0,302,14640.0,243,14645.0,71,14650.0,24,14655.0,11,14660.0,16,14640.0
CF411,,13:47:06.0#,14680.0,14700.0,14600.0,15605.0,13835.0,21497,9834,14610.0,21,14615.0,15,14620.0,62,14625.0,34,14630.0,292,14640.0,253,14645.0,61,14650.0,24,14655.0,11,14660.0,16,14640.0
CF411,,13:47:06.250#,14680.0,14700.0,14600.0,15605.0,13835.0,21497,9834,14610.0,21,14615.0,15,14620.0,62,14625.0,44,14630.0,282,14640.0,252,14645.0,71,14650.0,14,14655.0,11,14660.0,16,14640.0
CF411,,13:47:06.500#,14680.0,14700.0,14600.0,15605.0,13835.0,21497,9834,14610.0,21,14615.0,15,14620.0,62,14625.0,34,14630.0,292,14640.0,242,14645.0,81,14650.0,14,14655.0,11,14660.0,16,14640.0
CF411,,13:47:09.0#,14680.0,14700.0,14600.0,15605.0,13835.0,21497,9834,14610.0,21,14615.0,15,14620.0,62,14625.0,34,14630.0,292,14640.0,243,14645.0,81,14650.0,14,14655.0,11,14660.0,16,14640.0
CF411,,13:47:14.750#,14680.0,14700.0,14600.0,15605.0,13835.0,21497,9834,14610.0,21,14615.0,15,14620.0,62,14625.0,34,14630.0,292,14640.0,242,14645.0,81,14650.0,14,14655.0,11,14660.0,16,14640.0
CF411,,13:47:18.0#,14680.0,14700.0,14600.0,15605.0,13835.0,21497,9834,14610.0,21,14615.0,15,14620.0,62,14625.0,44,14630.0,282,14640.0,252,14645.0,71,14650.0,14,14655.0,11,14660.0,16,14640.0
CF411,,13:47:19.250#,14680.0,14700.0,14600.0,15605.0,13835.0,21497,9834,14610.0,21,14615.0,15,14620.0,62,14625.0,34,14630.0,292,14640.0,242,14645.0,81,14650.0,14,14655.0,11,14660.0,16,14640.0
CF411,,13:47:21.250#,14680.0,14700.0,14600.0,15605.0,13835.0,21497,9834,14610.0,21,14615.0,15,14620.0,62,14625.0,34,14630.0,292,14640.0,244,14645.0,81,14650.0,14,14655.0,11,14660.0,16,14640.0
CF411,,13:47:22.500#,14680.0,14700.0,14600.0,15605.0,13835.0,21497,9834,14610.0,21,14615.0,15,14620.0,62,14625.0,34,14630.0,292,14640.0,240,14645.0,81,14650.0,14,14655.0,11,14660.0,16,14640.0
CF411,,13:47:22.750#,14680.0,14700.0,14600.0,15605.0,13835.0,21497,9834,14610.0,21,14615.0,15,14620.0,62,14625.0,24,14630.0,302,14640.0,240,14645.0,71,14650.0,24,14655.0,11,14660.0,16,14640.0
CF411,,13:47:23.500#,14680.0,14700.0,14600.0,15605.0,13835.0,21497,9834,14610.0,21,14615.0,15,14620.0,62,14625.0,24,14630.0,302,14640.0,239,14645.0,71,14650.0,24,14655.0,11,14660.0,16,14640.0
CF411,,13:47:24.250#,14680.0,14700.0,14600.0,15605.0,13835.0,21497,9834,14610.0,21,14615.0,15,14620.0,62,14625.0,24,14630.0,302,14640.0,238,14645.0,71,14650.0,24,14655.0,11,14660.0,16,14640.0
CF411,,13:47:24.750#,14680.0,14700.0,14600.0,15605.0,13835.0,21497,9834,14610.0,21,14615.0,15,14620.0,62,14625.0,24,14630.0,302,14640.0,233,14645.0,71,14650.0,24,14655.0,11,14660.0,16,14640.0
CF411,,13:47:25.750#,14680.0,14700.0,14600.0,15605.0,13835.0,21497,9834,14610.0,21,14615.0,15,14620.0,62,14625.0,24,14630.0,302,14640.0,147,14645.0,71,14650.0,24,14655.0,11,14660.0,16,14640.0
CF411,,13:47:26.0#,14680.0,14700.0,14600.0,15605.0,13835.0,21497,9834,14615.0,15,14620.0,62,14625.0,24,14630.0,247,14635.0,44,14640.0,139,14645.0,71,14650.0,24,14655.0,11,14660.0,16,14640.0
CF411,,13:47:26.250#,14680.0,14700.0,14600.0,15605.0,13835.0,21497,9834,14615.0,15,14620.0,62,14625.0,24,14630.0,243,14635.0,51,14640.0,112,14645.0,80,14650.0,24,14655.0,11,14660.0,16,14640.0
CF411,,13:47:26.500#,14680.0,14700.0,14600.0,15605.0,13835.0,21497,9834,14615.0,15,14620.0,62,14625.0,24,14630.0,233,14635.0,62,14640.0,97,14645.0,90,14650.0,24,14655.0,11,14660.0,16,14640.0
CF411,,13:47:26.750#,14680.0,14700.0,14600.0,15605.0,13835.0,21497,9834,14615.0,15,14620.0,62,14625.0,24,14630.0,233,14635.0,63,14640.0,67,14645.0,120,14650.0,24,14655.0,11,14660.0,16,14640.0
CF411,,13:47:27.0#,14680.0,14700.0,14600.0,15605.0,13835.0,21497,9834,14615.0,15,14620.0,62,14625.0,24,14630.0,233,14635.0,63,14640.0,57,14645.0,130,14650.0,24,14655.0,11,14660.0,16,14640.0
CF411,,13:47:27.250#,14680.0,14700.0,14600.0,15605.0,13835.0,21497,9834,14615.0,15,14620.0,62,14625.0,24,14630.0,223,14635.0,73,14640.0,47,14645.0,140,14650.0,24,14655.0,11,14660.0,16,14640.0
CF411,,13:47:27.500#,14680.0,14700.0,14600.0,15605.0,13835.0,21497,9834,14615.0,15,14620.0,62,14625.0,24,14630.0,213,14635.0,83,14640.0,37,14645.0,150,14650.0,24,14655.0,11,14660.0,16,14640.0
CF411,,13:47:30.250#,14680.0,14700.0,14600.0,15605.0,13835.0,21497,9834,14615.0,15,14620.0,62,14625.0,24,14630.0,213,14635.0,92,14640.0,37,14645.0,150,14650.0,24,14655.0,11,14660.0,16,14640.0
CF411,,13:47:30.500#,14680.0,14700.0,14600.0,15605.0,13835.0,21497,9834,14615.0,15,14620.0,62,14625.0,24,14630.0,191,14635.0,107,14640.0,37,14645.0,150,14650.0,24,14655.0,11,14660.0,16,14640.0
CF411,,13:47:30.750#,14680.0,14700.0,14600.0,15605.0,13835.0,21497,9834,14615.0,15,14620.0,62,14625.0,24,14630.0,173,14635.0,125,14640.0,37,14645.0,150,14650.0,24,14655.0,11,14660.0,16,14640.0
CF411,,13:47:31.0#,14680.0,14700.0,14600.0,15605.0,13835.0,21497,9834,14615.0,15,14620.0,62,14625.0,24,14630.0,173,14635.0,129,14640.0,37,14645.0,150,14650.0,24,14655.0,11,14660.0,16,14640.0
CF411,,13:47:31.250#,14680.0,14700.0,14600.0,15605.0,13835.0,21497,9834,14615.0,15,14620.0,62,14625.0,24,14630.0,163,14635.0,132,14640.0,37,14645.0,150,14650.0,24,14655.0,11,14660.0,16,14640.0
CF411,,13:47:31.500#,14680.0,14700.0,14600.0,15605.0,13835.0,21497,9834,14615.0,15,14620.0,62,14625.0,24,14630.0,173,14635.0,131,14640.0,37,14645.0,150,14650.0,24,14655.0,11,14660.0,16,14640.0
CF411,,13:47:31.750#,14680.0,14700.0,14600.0,15605.0,13835.0,21497,9834,14615.0,15,14620.0,62,14625.0,24,14630.0,161,14635.0,143,14640.0,37,14645.0,150,14650.0,24,14655.0,11,14660.0,16,14640.0
CF411,,13:47:35.750#,14680.0,14700.0,14600.0,15605.0,13835.0,21498,9833,14615.0,15,14620.0,62,14625.0,24,14630.0,161,14635.0,142,14640.0,36,14645.0,150,14650.0,24,14655.0,11,14660.0,16,14640.0
CF411,,13:47:36.0#,14680.0,14700.0,14600.0,15605.0,13835.0,21498,9833,14615.0,15,14620.0,62,14625.0,24,14630.0,161,14635.0,142,14640.0,37,14645.0,150,14650.0,24,14655.0,11,14660.0,16,14640.0
CF411,,13:47:38.0#,14680.0,14700.0,14600.0,15605.0,13835.0,21498,9833,14615.0,15,14620.0,62,14625.0,24,14630.0,161,14635.0,133,14640.0,37,14645.0,150,14650.0,24,14655.0,11,14660.0,16,14640.0
CF411,,13:47:38.250#,14680.0,14700.0,14600.0,15605.0,13835.0,21498,9833,14615.0,15,14620.0,62,14625.0,24,14630.0,173,14635.0,121,14640.0,53,14645.0,150,14650.0,24,14655.0,11,14660.0,16,14640.0
CF411,,13:47:38.500#,14680.0,14700.0,14600.0,15605.0,13835.0,21498,9833,14615.0,15,14620.0,62,14625.0,24,14630.0,173,14635.0,121,14640.0,57,14645.0,150,14650.0,24,14655.0,11,14660.0,16,14640.0
CF411,,13:47:39.0#,14680.0,14700.0,14600.0,15605.0,13835.0,21498,9833,14615.0,15,14620.0,62,14625.0,24,14630.0,173,14635.0,121,14640.0,59,14645.0,150,14650.0,24,14655.0,11,14660.0,16,14640.0
CF411,,13:47:42.750#,14680.0,14700.0,14600.0,15605.0,13835.0,21498,9833,14615.0,15,14620.0,62,14625.0,24,14630.0,173,14635.0,121,14640.0,60,14645.0,150,14650.0,24,14655.0,11,14660.0,16,14640.0
CF411,,13:47:44.0#,14680.0,14700.0,14600.0,15605.0,13835.0,21498,9833,14615.0,15,14620.0,62,14625.0,24,14630.0,173,14635.0,121,14640.0,39,14645.0,150,14650.0,24,14655.0,11,14660.0,16,14640.0
CF411,,13:47:51.0#,14680.0,14700.0,14600.0,15605.0,13835.0,21498,9833,14615.0,15,14620.0,62,14625.0,24,14630.0,173,14635.0,121,14640.0,38,14645.0,150,14650.0,24,14655.0,11,14660.0,16,14640.0
CF411,,13:48:03.500#,14680.0,14700.0,14600.0,15605.0,13835.0,21498,9833,14615.0,15,14620.0,62,14625.0,14,14630.0,183,14635.0,121,14640.0,37,14645.0,140,14650.0,34,14655.0,11,14660.0,16,14640.0
CF411,,13:48:03.750#,14680.0,14700.0,14600.0,15605.0,13835.0,21498,9833,14615.0,15,14620.0,62,14625.0,14,14630.0,183,14635.0,122,14640.0,37,14645.0,140,14650.0,34,14655.0,11,14660.0,16,14640.0
CF411,,13:48:08.500#,14680.0,14700.0,14600.0,15605.0,13835.0,21502,9829,14615.0,15,14620.0,62,14625.0,14,14630.0,183,14635.0,118,14640.0,33,14645.0,140,14650.0,34,14655.0,11,14660.0,16,14640.0
CF411,,13:48:08.750#,14680.0,14700.0,14600.0,15605.0,13835.0,21502,9829,14615.0,15,14620.0,62,14625.0,14,14630.0,183,14635.0,118,14640.0,32,14645.0,140,14650.0,34,14655.0,11,14660.0,16,14640.0
CF411,,13:48:12.500#,14680.0,14700.0,14600.0,15605.0,13835.0,21504,9827,14615.0,15,14620.0,62,14625.0,14,14630.0,183,14635.0,116,14640.0,30,14645.0,140,14650.0,34,14655.0,11,14660.0,16,14640.0
CF411,,13:48:12.750#,14680.0,14700.0,14600.0,15605.0,13835.0,21504,9827,14615.0,15,14620.0,62,14625.0,14,14630.0,183,14635.0,126,14640.0,12,14645.0,150,14650.0,34,14655.0,11,14660.0,16,14640.0
CF411,,13:48:13.0#,14680.0,14700.0,14600.0,15605.0,13835.0,21504,9827,14615.0,15,14620.0,62,14625.0,14,14630.0,183,14635.0,126,14640.0,12,14645.0,150,14650.0,34,14655.0,11,14660.0,16,14640.0
CF411,,13:48:16.0#,14680.0,14700.0,14600.0,15605.0,13835.0,21504,9827,14615.0,15,14620.0,62,14625.0,14,14630.0,173,14635.0,136,14640.0,12,14645.0,150,14650.0,34,14655.0,11,14660.0,16,14640.0
CF411,,13:48:19.500#,14680.0,14700.0,14600.0,15605.0,13835.0,21504,9827,14615.0,15,14620.0,62,14625.0,14,14630.0,173,14635.0,126,14640.0,12,14645.0,150,14650.0,34,14655.0,11,14660.0,16,14640.0
CF411,,13:48:19.750#,14680.0,14700.0,14600.0,15605.0,13835.0,21504,9827,14615.0,15,14620.0,62,14625.0,14,14630.0,171,14635.0,128,14640.0,12,14645.0,150,14650.0,34,14655.0,11,14660.0,16,14640.0
CF411,,13:48:23.500#,14680.0,14700.0,14600.0,15605.0,13835.0,21505,9826,14615.0,15,14620.0,62,14625.0,14,14630.0,171,14635.0,127,14640.0,11,14645.0,150,14650.0,34,14655.0,11,14660.0,16,14640.0
CF411,,13:48:23.750#,14680.0,14700.0,14600.0,15605.0,13835.0,21505,9826,14615.0,15,14620.0,62,14625.0,14,14630.0,183,14635.0,115,14640.0,11,14645.0,150,14650.0,34,14655.0,11,14660.0,16,14640.0
CF411,,13:48:24.500#,14680.0,14700.0,14600.0,15605.0,13835.0,21509,9826,14615.0,15,14620.0,62,14625.0,14,14630.0,183,14635.0,111,14640.0,7,14645.0,150,14650.0,34,14655.0,11,14660.0,16,14640.0
CF411,,13:48:25.0#,14680.0,14700.0,14600.0,15605.0,13835.0,21511,9824,14615.0,15,14620.0,62,14625.0,14,14630.0,183,14635.0,109,14640.0,5,14645.0,150,14650.0,34,14655.0,11,14660.0,16,14640.0
CF411,,13:48:25.250#,14680.0,14700.0,14600.0,15605.0,13835.0,21511,9824,14615.0,15,14620.0,62,14625.0,14,14630.0,191,14635.0,99,14640.0,3,14645.0,150,14650.0,34,14655.0,11,14660.0,16,14640.0
CF411,,13:48:25.500#,14680.0,14700.0,14600.0,15605.0,13835.0,21514,9821,14620.0,62,14625.0,14,14630.0,211,14635.0,49,14640.0,2,14645.0,252,14650.0,34,14655.0,11,14660.0,16,14665.0,20,14640.0
CF411,,13:48:25.750#,14680.0,14700.0,14600.0,15605.0,13835.0,21515,9822,14620.0,62,14625.0,14,14630.0,181,14635.0,80,14640.0,1,14645.0,236,14650.0,55,14655.0,11,14660.0,16,14665.0,20,14640.0
CF411,,13:48:26.0#,14680.0,14700.0,14600.0,15605.0,13835.0,21516,9823,14620.0,62,14625.0,14,14630.0,171,14635.0,90,14640.0,1,14645.0,226,14650.0,65,14655.0,11,14660.0,16,14665.0,20,14640.0
CF411,,13:48:26.250#,14680.0,14700.0,14600.0,15605.0,13835.0,21517,9823,14615.0,15,14620.0,62,14625.0,14,14630.0,161,14635.0,128,14640.0,1,14645.0,126,14650.0,65,14655.0,11,14660.0,16,14640.0
CF411,,13:48:26.500#,14680.0,14700.0,14600.0,15605.0,13835.0,21517,9823,14615.0,15,14620.0,62,14625.0,14,14630.0,161,14635.0,127,14640.0,1,14645.0,136,14650.0,55,14655.0,11,14660.0,16,14640.0
CF411,,13:48:26.750#,14680.0,14700.0,14600.0,15605.0,13835.0,21517,9823,14615.0,15,14620.0,62,14625.0,14,14630.0,181,14635.0,109,14640.0,2,14645.0,156,14650.0,35,14655.0,11,14660.0,16,14640.0
CF411,,13:48:27.0#,14680.0,14700.0,14600.0,15605.0,13835.0,21517,9823,14615.0,15,14620.0,62,14625.0,14,14630.0,181,14635.0,117,14640.0,2,14645.0,156,14650.0,35,14655.0,11,14660.0,16,14640.0
CF411,,13:48:27.250#,14680.0,14700.0,14600.0,15605.0,13835.0,21517,9823,14615.0,15,14620.0,62,14625.0,14,14630.0,171,14635.0,127,14640.0,2,14645.0,156,14650.0,35,14655.0,11,14660.0,16,14640.0
CF411,,13:48:28.250#,14680.0,14700.0,14600.0,15605.0,13835.0,21518,9823,14615.0,15,14620.0,62,14625.0,14,14630.0,171,14635.0,126,14640.0,1,14645.0,156,14650.0,35,14655.0,11,14660.0,16,14640.0
CF411,,13:48:28.500#,14680.0,14700.0,14600.0,15605.0,13835.0,21518,9823,14615.0,15,14620.0,62,14625.0,14,14630.0,171,14635.0,126,14640.0,2,14645.0,156,14650.0,35,14655.0,11,14660.0,16,14640.0
CF411,,13:48:31.500#,14680.0,14700.0,14600.0,15605.0,13835.0,21520,9822,14620.0,62,14625.0,14,14630.0,171,14635.0,90,14640.0,1,14645.0,256,14650.0,35,14655.0,11,14660.0,16,14665.0,20,14640.0
CF411,,13:48:31.750#,14680.0,14700.0,14600.0,15605.0,13835.0,21520,9822,14620.0,62,14625.0,24,14630.0,141,14635.0,110,14640.0,3,14645.0,236,14650.0,55,14655.0,11,14660.0,16,14665.0,20,14640.0
CF411,,13:48:32.0#,14680.0,14700.0,14600.0,15605.0,13835.0,21520,9822,14620.0,62,14625.0,14,14630.0,141,14635.0,120,14640.0,3,14645.0,226,14650.0,65,14655.0,11,14660.0,16,14665.0,20,14640.0
CF411,,13:48:32.500#,14680.0,14700.0,14600.0,15605.0,13835.0,21520,9822,14620.0,62,14625.0,14,14630.0,141,14635.0,120,14640.0,3,14645.0,227,14650.0,65,14655.0,11,14660.0,16,14665.0,20,14640.0
CF411,,13:48:44.0#,14680.0,14700.0,14600.0,15605.0,13835.0,21521,9823,14620.0,62,14625.0,14,14630.0,141,14635.0,120,14640.0,2,14645.0,227,14650.0,65,14655.0,11,14660.0,16,14665.0,20,14640.0
CF411,,13:48:47.0#,14680.0,14700.0,14600.0,15605.0,13835.0,21523,9824,14615.0,15,14620.0,62,14625.0,14,14630.0,141,14635.0,145,14640.0,1,14645.0,126,14650.0,65,14655.0,11,14660.0,16,14640.0
CF411,,13:48:47.250#,14680.0,14700.0,14600.0,15605.0,13835.0,21523,9824,14615.0,15,14620.0,62,14625.0,14,14630.0,171,14635.0,115,14640.0,1,14645.0,146,14650.0,45,14655.0,11,14660.0,16,14640.0
CF411,,13:48:47.750#,14680.0,14700.0,14600.0,15605.0,13835.0,21523,9824,14615.0,15,14620.0,62,14625.0,14,14630.0,181,14635.0,105,14640.0,1,14645.0,156,14650.0,35,14655.0,11,14660.0,16,14640.0
CF411,,13:48:48.0#,14680.0,14700.0,14600.0,15605.0,13835.0,21523,9824,14615.0,15,14620.0,62,14625.0,14,14630.0,191,14635.0,95,14640.0,1,14645.0,156,14650.0,35,14655.0,11,14660.0,16,14640.0
CF411,,13:48:48.250#,14680.0,14700.0,14600.0,15605.0,13835.0,21523,9824,14615.0,15,14620.0,62,14625.0,14,14630.0,211,14635.0,75,14640.0,1,14645.0,156,14650.0,35,14655.0,11,14660.0,16,14640.0
CF411,,13:48:48.500#,14680.0,14700.0,14600.0,15605.0,13835.0,21523,9824,14615.0,15,14620.0,62,14625.0,14,14630.0,211,14635.0,76,14640.0,2,14645.0,156,14650.0,35,14655.0,11,14660.0,16,14640.0
CF411,,13:48:48.750#,14680.0,14700.0,14600.0,15605.0,13835.0,21523,9824,14615.0,15,14620.0,62,14625.0,14,14630.0,221,14635.0,66,14640.0,2,14645.0,156,14650.0,35,14655.0,11,14660.0,16,14640.0
CF411,,13:48:49.500#,14680.0,14700.0,14600.0,15605.0,13835.0,21523,9824,14615.0,15,14620.0,62,14625.0,14,14630.0,221,14635.0,70,14640.0,2,14645.0,156,14650.0,35,14655.0,11,14660.0,16,14640.0
CF411,,13:48:49.750#,14680.0,14700.0,14600.0,15605.0,13835.0,21523,9824,14615.0,15,14620.0,62,14625.0,14,14630.0,221,14635.0,75,14640.0,2,14645.0,156,14650.0,35,14655.0,11,14660.0,16,14640.0
CF411,,13:48:50.0#,14680.0,14700.0,14600.0,15605.0,13835.0,21523,9824,14615.0,15,14620.0,62,14625.0,14,14630.0,221,14635.0,68,14640.0,2,14645.0,156,14650.0,35,14655.0,11,14660.0,16,14640.0
CF411,,13:48:50.500#,14680.0,14700.0,14600.0,15605.0,13835.0,21523,9824,14615.0,15,14620.0,62,14625.0,14,14630.0,221,14635.0,66,14640.0,2,14645.0,156,14650.0,35,14655.0,11,14660.0,16,14640.0
CF411,,13:49:02.250#,14680.0,14700.0,14600.0,15605.0,13835.0,21523,9824,14615.0,15,14620.0,62,14625.0,14,14630.0,221,14635.0,66,14640.0,2,14645.0,155,14650.0,35,14655.0,11,14660.0,16,14640.0
CF411,,13:49:04.750#,14680.0,14700.0,14600.0,15605.0,13835.0,21523,9824,14615.0,15,14620.0,62,14625.0,14,14630.0,221,14635.0,66,14640.0,3,14645.0,155,14650.0,35,14655.0,11,14660.0,16,14640.0
CF411,,13:49:05.0#,14680.0,14700.0,14600.0,15605.0,13835.0,21523,9824,14615.0,15,14620.0,62,14625.0,14,14630.0,221,14635.0,66,14640.0,4,14645.0,155,14650.0,35,14655.0,11,14660.0,16,14640.0
CF411,,13:49:12.750#,14680.0,14700.0,14600.0,15605.0,13835.0,21527,9822,14615.0,15,14620.0,62,14625.0,14,14630.0,221,14635.0,62,14645.0,253,14650.0,35,14655.0,11,14660.0,16,14665.0,20,14640.0
CF411,,13:49:13.0#,14680.0,14700.0,14600.0,15605.0,13835.0,21527,9822,14615.0,15,14620.0,62,14625.0,14,14630.0,221,14635.0,63,14645.0,243,14650.0,45,14655.0,11,14660.0,16,14665.0,20,14640.0
CF411,,13:49:13.250#,14680.0,14700.0,14600.0,15605.0,13835.0,21527,9822,14615.0,15,14620.0,62,14625.0,14,14630.0,221,14635.0,68,14645.0,243,14650.0,45,14655.0,11,14660.0,16,14665.0,20,14640.0
CF411,,13:49:14.500#,14680.0,14700.0,14600.0,15605.0,13835.0,21527,9822,14615.0,15,14620.0,62,14625.0,14,14630.0,221,14635.0,69,14645.0,244,14650.0,45,14655.0,11,14660.0,16,14665.0,20,14640.0
CF411,,13:49:16.500#,14680.0,14700.0,14600.0,15605.0,13835.0,21527,9822,14615.0,15,14620.0,62,14625.0,14,14630.0,221,14635.0,72,14645.0,244,14650.0,45,14655.0,11,14660.0,16,14665.0,20,14640.0
