InstrumentId,ExchangeId,Datetime,OpenPrice,HighestPrice,LowestPrice,UpperLimitPrice,LowerLimitPrice,Volume,OpenInterest,BidPrice5,BidVolume5,BidPrice4,BidVolume4,BidPrice3,BidVolume3,BidPrice2,BidVolume2,BidPrice1,BidVolume1,AskPrice1,AskVolume1,AskPrice2,AskVolume2,AskPrice3,AskVolume3,AskPrice4,AskVolume4,AskPrice5,AskVolume5,LastPrice
CF505,,13:38:40.500#,14700.0,14720.0,14635.0,15630.0,13860.0,1433,5680,14620.0,5,14630.0,2,14635.0,6,14640.0,15,14645.0,1,14650.0,1,14655.0,1,14670.0,3,14675.0,1,14680.0,1,14645.0
CF505,,13:38:46.0#,14700.0,14720.0,14635.0,15630.0,13860.0,1433,5680,14620.0,5,14630.0,2,14635.0,6,14640.0,14,14645.0,1,14650.0,21,14655.0,1,14670.0,3,14675.0,1,14680.0,1,14645.0
CF505,,13:38:46.250#,14700.0,14720.0,14635.0,15630.0,13860.0,1433,5680,14620.0,5,14630.0,2,14635.0,6,14640.0,14,14645.0,1,14650.0,28,14655.0,1,14670.0,3,14675.0,1,14680.0,1,14645.0
CF505,,13:38:46.500#,14700.0,14720.0,14635.0,15630.0,13860.0,1433,5680,14620.0,5,14630.0,2,14635.0,7,14640.0,14,14645.0,1,14650.0,29,14655.0,1,14670.0,3,14675.0,1,14680.0,1,14645.0
CF505,,13:38:47.0#,14700.0,14720.0,14635.0,15630.0,13860.0,1434,5680,14610.0,4,14620.0,5,14630.0,2,14635.0,7,14640.0,16,14650.0,29,14655.0,1,14670.0,3,14675.0,1,14680.0,1,14645.0
CF505,,13:38:48.750#,14700.0,14720.0,14635.0,15630.0,13860.0,1434,5680,14610.0,4,14620.0,5,14630.0,2,14635.0,6,14640.0,17,14650.0,29,14655.0,1,14670.0,3,14675.0,1,14680.0,1,14645.0
CF505,,13:38:50.0#,14700.0,14720.0,14635.0,15630.0,13860.0,1434,5680,14610.0,4,14620.0,5,14630.0,2,14635.0,6,14640.0,17,14650.0,29,14655.0,1,14670.0,3,14675.0,1,14680.0,1,14645.0
CF505,,13:38:59.750#,14700.0,14720.0,14635.0,15630.0,13860.0,1434,5680,14610.0,4,14620.0,5,14630.0,2,14635.0,6,14640.0,17,14650.0,26,14655.0,1,14670.0,3,14675.0,1,14680.0,1,14645.0
CF505,,13:39:00.0#,14700.0,14720.0,14635.0,15630.0,13860.0,1434,5680,14610.0,4,14620.0,5,14630.0,2,14635.0,6,14640.0,17,14650.0,16,14655.0,1,14670.0,3,14675.0,1,14680.0,1,14645.0
CF505,,13:39:00.250#,14700.0,14720.0,14635.0,15630.0,13860.0,1434,5680,14610.0,4,14620.0,5,14630.0,2,14635.0,6,14640.0,17,14650.0,13,14655.0,1,14670.0,3,14675.0,1,14680.0,1,14645.0
CF505,,13:39:00.750#,14700.0,14720.0,14635.0,15630.0,13860.0,1434,5680,14610.0,4,14620.0,5,14630.0,2,14635.0,6,14640.0,17,14650.0,29,14655.0,1,14670.0,3,14675.0,1,14680.0,1,14645.0
CF505,,13:39:23.750#,14700.0,14720.0,14635.0,15630.0,13860.0,1434,5680,14610.0,4,14620.0,5,14630.0,2,14635.0,6,14640.0,18,14650.0,29,14655.0,1,14670.0,3,14675.0,1,14680.0,1,14645.0
CF505,,13:39:38.0#,14700.0,14720.0,14635.0,15630.0,13860.0,1434,5680,14610.0,4,14620.0,5,14630.0,2,14635.0,6,14640.0,19,14650.0,29,14655.0,1,14670.0,3,14675.0,1,14680.0,1,14645.0
CF505,,13:40:17.250#,14700.0,14720.0,14635.0,15630.0,13860.0,1434,5680,14610.0,4,14620.0,5,14630.0,2,14635.0,6,14640.0,19,14650.0,13,14655.0,1,14670.0,3,14675.0,1,14680.0,1,14645.0
CF505,,13:40:17.500#,14700.0,14720.0,14635.0,15630.0,13860.0,1434,5680,14610.0,4,14620.0,5,14630.0,2,14635.0,6,14640.0,20,14650.0,2,14655.0,1,14670.0,3,14675.0,1,14680.0,1,14645.0
CF505,,13:40:17.750#,14700.0,14720.0,14635.0,15630.0,13860.0,1434,5680,14620.0,5,14630.0,2,14635.0,6,14640.0,17,14645.0,2,14650.0,2,14655.0,1,14670.0,3,14675.0,1,14680.0,1,14645.0
CF505,,13:40:21.250#,14700.0,14720.0,14635.0,15630.0,13860.0,1434,5680,14610.0,4,14620.0,5,14630.0,2,14635.0,6,14640.0,20,14650.0,2,14655.0,1,14670.0,3,14675.0,1,14680.0,1,14645.0
CF505,,13:40:21.500#,14700.0,14720.0,14635.0,15630.0,13860.0,1434,5680,14610.0,4,14620.0,5,14630.0,2,14635.0,5,14640.0,20,14650.0,2,14655.0,1,14670.0,3,14675.0,1,14680.0,1,14645.0
CF505,,13:40:21.750#,14700.0,14720.0,14635.0,15630.0,13860.0,1434,5680,14610.0,4,14620.0,5,14630.0,2,14635.0,5,14640.0,20,14650.0,1,14655.0,1,14670.0,3,14675.0,1,14680.0,1,14645.0
CF505,,13:40:22.0#,14700.0,14720.0,14635.0,15630.0,13860.0,1434,5680,14610.0,4,14620.0,5,14630.0,2,14635.0,5,14640.0,21,14650.0,1,14655.0,1,14670.0,3,14675.0,1,14680.0,1,14645.0
CF505,,13:40:29.0#,14700.0,14720.0,14635.0,15630.0,13860.0,1434,5680,14620.0,5,14630.0,2,14635.0,5,14640.0,18,14645.0,2,14650.0,1,14655.0,1,14670.0,3,14675.0,1,14680.0,1,14645.0
CF505,,13:40:29.250#,14700.0,14720.0,14635.0,15630.0,13860.0,1434,5680,14620.0,5,14630.0,2,14635.0,5,14640.0,18,14645.0,3,14650.0,1,14655.0,1,14670.0,3,14675.0,1,14680.0,1,14645.0
CF505,,13:40:29.500#,14700.0,14720.0,14635.0,15630.0,13860.0,1434,5680,14620.0,5,14630.0,2,14635.0,4,14640.0,18,14645.0,3,14650.0,1,14670.0,3,14675.0,1,14680.0,1,14690.0,2,14645.0
CF505,,13:40:29.750#,14700.0,14720.0,14635.0,15630.0,13860.0,1434,5680,14620.0,5,14630.0,2,14635.0,4,14640.0,19,14645.0,3,14650.0,1,14670.0,3,14675.0,1,14680.0,1,14690.0,2,14645.0
CF505,,13:40:30.0#,14700.0,14720.0,14635.0,15630.0,13860.0,1434,5680,14610.0,4,14620.0,5,14630.0,2,14635.0,4,14640.0,21,14650.0,1,14655.0,1,14670.0,3,14675.0,1,14680.0,1,14645.0
CF505,,13:40:30.250#,14700.0,14720.0,14635.0,15630.0,13860.0,1434,5680,14620.0,5,14630.0,2,14635.0,5,14640.0,18,14645.0,2,14650.0,1,14655.0,1,14670.0,3,14675.0,1,14680.0,1,14645.0
CF505,,13:40:48.500#,14700.0,14720.0,14635.0,15630.0,13860.0,1434,5680,14620.0,5,14630.0,2,14635.0,5,14640.0,18,14645.0,3,14650.0,1,14655.0,1,14670.0,3,14675.0,1,14680.0,1,14645.0
CF505,,13:40:48.750#,14700.0,14720.0,14635.0,15630.0,13860.0,1434,5680,14620.0,5,14630.0,2,14635.0,4,14640.0,18,14645.0,4,14650.0,1,14670.0,3,14675.0,1,14680.0,1,14690.0,2,14645.0
CF505,,13:40:49.0#,14700.0,14720.0,14635.0,15630.0,13860.0,1434,5680,14620.0,5,14630.0,2,14635.0,4,14640.0,19,14645.0,4,14650.0,1,14670.0,3,14675.0,1,14680.0,1,14690.0,2,14645.0
CF505,,13:41:19.0#,14700.0,14720.0,14635.0,15630.0,13860.0,1434,5680,14620.0,5,14630.0,1,14635.0,4,14640.0,19,14645.0,4,14650.0,1,14670.0,3,14675.0,1,14680.0,1,14690.0,2,14645.0
CF505,,13:41:26.750#,14700.0,14720.0,14635.0,15630.0,13860.0,1434,5680,14620.0,5,14630.0,1,14635.0,4,14640.0,19,14645.0,6,14650.0,1,14670.0,3,14675.0,1,14680.0,1,14690.0,2,14645.0
CF505,,13:41:36.250#,14700.0,14720.0,14635.0,15630.0,13860.0,1434,5680,14620.0,5,14630.0,1,14635.0,4,14640.0,19,14645.0,13,14650.0,1,14670.0,3,14675.0,1,14680.0,1,14690.0,2,14645.0
CF505,,13:42:19.0#,14700.0,14720.0,14635.0,15630.0,13860.0,1435,5679,14630.0,1,14635.0,4,14640.0,19,14645.0,11,14650.0,1,14660.0,30,14670.0,3,14675.0,1,14680.0,1,14690.0,2,14650.0
CF505,,13:42:19.250#,14700.0,14720.0,14635.0,15630.0,13860.0,1435,5679,14630.0,3,14635.0,4,14640.0,19,14645.0,11,14650.0,1,14660.0,30,14670.0,3,14675.0,1,14680.0,1,14690.0,2,14650.0
CF505,,13:42:30.750#,14700.0,14720.0,14635.0,15630.0,13860.0,1435,5679,14630.0,3,14635.0,4,14640.0,19,14645.0,11,14650.0,5,14660.0,28,14665.0,1,14670.0,2,14675.0,1,14680.0,1,14650.0
CF505,,13:42:32.500#,14700.0,14720.0,14635.0,15630.0,13860.0,1435,5679,14630.0,3,14635.0,4,14640.0,19,14645.0,11,14650.0,5,14660.0,27,14665.0,1,14670.0,2,14675.0,1,14680.0,1,14650.0
CF505,,13:42:33.250#,14700.0,14720.0,14635.0,15630.0,13860.0,1435,5679,14630.0,3,14635.0,4,14640.0,19,14645.0,11,14650.0,5,14660.0,28,14665.0,1,14670.0,2,14675.0,1,14680.0,1,14650.0
CF505,,13:42:34.500#,14700.0,14720.0,14635.0,15630.0,13860.0,1435,5679,14630.0,3,14635.0,4,14640.0,19,14645.0,11,14650.0,4,14660.0,29,14665.0,1,14670.0,2,14675.0,1,14680.0,1,14650.0
CF505,,13:42:34.750#,14700.0,14720.0,14635.0,15630.0,13860.0,1435,5679,14630.0,3,14635.0,4,14640.0,19,14645.0,11,14650.0,4,14660.0,29,14670.0,2,14675.0,1,14680.0,1,14690.0,2,14650.0
CF505,,13:42:35.0#,14700.0,14720.0,14635.0,15630.0,13860.0,1435,5679,14630.0,3,14635.0,4,14640.0,19,14645.0,11,14650.0,4,14655.0,2,14660.0,1,14670.0,2,14675.0,1,14680.0,1,14650.0
CF505,,13:42:38.750#,14700.0,14720.0,14635.0,15630.0,13860.0,1435,5679,14630.0,3,14635.0,4,14640.0,19,14645.0,11,14650.0,3,14655.0,3,14660.0,1,14670.0,2,14675.0,1,14680.0,1,14650.0
CF505,,13:42:41.0#,14700.0,14720.0,14635.0,15630.0,13860.0,1435,5679,14630.0,3,14635.0,4,14640.0,19,14645.0,11,14650.0,3,14655.0,1,14660.0,1,14670.0,2,14675.0,1,14680.0,1,14650.0
CF505,,13:42:43.500#,14700.0,14720.0,14635.0,15630.0,13860.0,1435,5679,14630.0,3,14635.0,4,14640.0,19,14645.0,10,14650.0,3,14655.0,1,14660.0,1,14670.0,2,14675.0,1,14680.0,1,14650.0
CF505,,13:42:44.250#,14700.0,14720.0,14635.0,15630.0,13860.0,1435,5679,14630.0,3,14635.0,4,14640.0,19,14645.0,10,14650.0,3,14660.0,30,14670.0,2,14675.0,1,14680.0,1,14690.0,2,14650.0
CF505,,13:43:05.750#,14700.0,14720.0,14635.0,15630.0,13860.0,1435,5679,14630.0,3,14635.0,4,14640.0,19,14645.0,10,14650.0,4,14660.0,30,14670.0,2,14675.0,1,14680.0,1,14690.0,2,14650.0
CF505,,13:43:08.0#,14700.0,14720.0,14635.0,15630.0,13860.0,1435,5679,14630.0,3,14635.0,4,14640.0,19,14645.0,3,14650.0,4,14660.0,30,14670.0,2,14675.0,1,14680.0,1,14690.0,2,14650.0
CF505,,13:43:19.750#,14700.0,14720.0,14635.0,15630.0,13860.0,1435,5679,14630.0,3,14635.0,4,14640.0,19,14645.0,3,14650.0,5,14660.0,30,14670.0,2,14675.0,1,14680.0,1,14690.0,2,14650.0
CF505,,13:43:20.0#,14700.0,14720.0,14635.0,15630.0,13860.0,1435,5679,14630.0,3,14635.0,4,14640.0,19,14645.0,3,14650.0,6,14660.0,29,14670.0,2,14675.0,1,14680.0,1,14690.0,2,14650.0
CF505,,13:43:20.250#,14700.0,14720.0,14635.0,15630.0,13860.0,1435,5679,14630.0,3,14635.0,4,14640.0,18,14645.0,3,14650.0,6,14660.0,28,14670.0,2,14675.0,1,14680.0,1,14690.0,2,14650.0
CF505,,13:43:20.500#,14700.0,14720.0,14635.0,15630.0,13860.0,1435,5679,14630.0,3,14635.0,4,14640.0,18,14645.0,4,14650.0,6,14660.0,28,14670.0,3,14675.0,1,14680.0,1,14690.0,2,14650.0
CF505,,13:43:22.500#,14700.0,14720.0,14635.0,15630.0,13860.0,1435,5679,14630.0,3,14635.0,4,14640.0,18,14645.0,4,14650.0,6,14660.0,28,14670.0,3,14675.0,1,14680.0,1,14690.0,2,14650.0
CF505,,13:43:23.500#,14700.0,14720.0,14635.0,15630.0,13860.0,1435,5679,14630.0,3,14635.0,4,14640.0,18,14645.0,4,14650.0,6,14660.0,25,14670.0,3,14675.0,1,14680.0,1,14690.0,2,14650.0
CF505,,13:43:23.750#,14700.0,14720.0,14635.0,15630.0,13860.0,1435,5679,14630.0,3,14635.0,4,14640.0,18,14645.0,4,14650.0,5,14660.0,25,14670.0,3,14675.0,1,14680.0,1,14690.0,2,14650.0
CF505,,13:43:24.0#,14700.0,14720.0,14635.0,15630.0,13860.0,1435,5679,14630.0,3,14635.0,4,14640.0,18,14645.0,4,14650.0,5,14660.0,27,14670.0,3,14675.0,1,14680.0,1,14690.0,2,14650.0
CF505,,13:43:26.250#,14700.0,14720.0,14635.0,15630.0,13860.0,1435,5679,14630.0,3,14635.0,4,14640.0,18,14645.0,4,14650.0,5,14660.0,22,14670.0,3,14675.0,1,14680.0,1,14690.0,2,14650.0
CF505,,13:43:26.500#,14700.0,14720.0,14635.0,15630.0,13860.0,1435,5679,14630.0,3,14635.0,4,14640.0,18,14645.0,4,14650.0,5,14660.0,24,14670.0,3,14675.0,1,14680.0,1,14690.0,2,14650.0
CF505,,13:43:28.250#,14700.0,14720.0,14635.0,15630.0,13860.0,1435,5679,14630.0,3,14635.0,4,14640.0,18,14645.0,4,14650.0,5,14660.0,19,14670.0,3,14675.0,1,14680.0,1,14690.0,2,14650.0
CF505,,13:43:31.0#,14700.0,14720.0,14635.0,15630.0,13860.0,1435,5679,14630.0,3,14635.0,4,14640.0,18,14645.0,4,14650.0,5,14660.0,17,14670.0,3,14675.0,1,14680.0,1,14690.0,2,14650.0
CF505,,13:43:31.250#,14700.0,14720.0,14635.0,15630.0,13860.0,1435,5679,14630.0,3,14635.0,4,14640.0,18,14645.0,4,14650.0,5,14660.0,20,14670.0,3,14675.0,1,14680.0,1,14690.0,2,14650.0
CF505,,13:43:31.500#,14700.0,14720.0,14635.0,15630.0,13860.0,1435,5679,14630.0,3,14635.0,4,14640.0,18,14645.0,4,14650.0,5,14660.0,21,14670.0,3,14675.0,1,14680.0,1,14690.0,2,14650.0
CF505,,13:43:32.0#,14700.0,14720.0,14635.0,15630.0,13860.0,1435,5679,14630.0,3,14635.0,4,14640.0,18,14645.0,4,14650.0,4,14660.0,22,14670.0,3,14675.0,1,14680.0,1,14690.0,2,14650.0
CF505,,13:43:32.250#,14700.0,14720.0,14635.0,15630.0,13860.0,1435,5679,14630.0,3,14635.0,4,14640.0,18,14645.0,4,14650.0,4,14660.0,29,14670.0,2,14675.0,1,14680.0,1,14690.0,2,14650.0
CF505,,13:43:32.500#,14700.0,14720.0,14635.0,15630.0,13860.0,1435,5679,14630.0,3,14635.0,4,14640.0,18,14645.0,4,14650.0,4,14655.0,2,14665.0,1,14670.0,2,14675.0,1,14680.0,1,14650.0
CF505,,13:43:32.750#,14700.0,14720.0,14635.0,15630.0,13860.0,1435,5679,14630.0,3,14635.0,4,14640.0,18,14645.0,4,14650.0,3,14655.0,2,14665.0,1,14670.0,2,14675.0,1,14680.0,1,14650.0
CF505,,13:43:33.250#,14700.0,14720.0,14635.0,15630.0,13860.0,1435,5679,14630.0,3,14635.0,4,14640.0,18,14645.0,3,14650.0,3,14655.0,2,14665.0,1,14670.0,2,14675.0,1,14680.0,1,14650.0
CF505,,13:43:33.500#,14700.0,14720.0,14635.0,15630.0,13860.0,1435,5679,14630.0,3,14635.0,4,14640.0,18,14645.0,3,14650.0,4,14655.0,2,14665.0,1,14670.0,2,14675.0,1,14680.0,1,14650.0
CF505,,13:43:35.750#,14700.0,14720.0,14635.0,15630.0,13860.0,1435,5679,14630.0,3,14635.0,4,14640.0,18,14645.0,2,14650.0,4,14655.0,2,14665.0,1,14670.0,2,14675.0,1,14680.0,1,14650.0
CF505,,13:43:40.500#,14700.0,14720.0,14635.0,15630.0,13860.0,1435,5679,14630.0,3,14635.0,4,14640.0,18,14645.0,2,14650.0,4,14660.0,29,14665.0,1,14670.0,2,14675.0,1,14680.0,1,14650.0
CF505,,13:43:40.750#,14700.0,14720.0,14635.0,15630.0,13860.0,1435,5679,14630.0,3,14635.0,4,14640.0,19,14645.0,2,14650.0,4,14660.0,29,14665.0,1,14670.0,2,14675.0,1,14680.0,1,14650.0
CF505,,13:43:46.250#,14700.0,14720.0,14635.0,15630.0,13860.0,1435,5679,14630.0,3,14635.0,4,14640.0,19,14645.0,2,14650.0,5,14660.0,29,14665.0,1,14670.0,2,14675.0,1,14680.0,1,14650.0
CF505,,13:43:49.250#,14700.0,14720.0,14635.0,15630.0,13860.0,1435,5679,14630.0,3,14635.0,4,14640.0,20,14645.0,2,14650.0,5,14660.0,29,14665.0,1,14670.0,2,14675.0,1,14680.0,1,14650.0
CF505,,13:44:03.250#,14700.0,14720.0,14635.0,15630.0,13860.0,1435,5679,14630.0,3,14635.0,4,14640.0,20,14645.0,2,14650.0,4,14660.0,29,14665.0,1,14670.0,2,14675.0,1,14680.0,1,14650.0
CF505,,13:44:08.0#,14700.0,14720.0,14635.0,15630.0,13860.0,1435,5679,14630.0,3,14635.0,4,14640.0,20,14645.0,2,14650.0,4,14660.0,29,14665.0,1,14670.0,2,14675.0,1,14680.0,1,14650.0
CF505,,13:44:08.750#,14700.0,14720.0,14635.0,15630.0,13860.0,1435,5679,14635.0,4,14640.0,20,14645.0,2,14650.0,4,14655.0,1,14660.0,29,14665.0,1,14670.0,2,14675.0,1,14680.0,1,14650.0
CF505,,13:44:09.0#,14700.0,14720.0,14635.0,15630.0,13860.0,1436,5679,14630.0,3,14635.0,4,14640.0,20,14645.0,2,14650.0,5,14660.0,29,14665.0,1,14670.0,2,14675.0,1,14680.0,1,14655.0
CF505,,13:44:09.250#,14700.0,14720.0,14635.0,15630.0,13860.0,1436,5679,14630.0,3,14635.0,4,14640.0,20,14645.0,2,14650.0,4,14660.0,29,14665.0,1,14670.0,2,14675.0,1,14680.0,1,14655.0
CF505,,13:44:24.0#,14700.0,14720.0,14635.0,15630.0,13860.0,1436,5679,14630.0,3,14635.0,4,14640.0,20,14645.0,2,14650.0,5,14660.0,29,14665.0,1,14670.0,2,14675.0,1,14680.0,1,14655.0
CF505,,13:44:25.250#,14700.0,14720.0,14635.0,15630.0,13860.0,1436,5679,14630.0,3,14635.0,4,14640.0,20,14645.0,2,14650.0,4,14660.0,29,14665.0,1,14670.0,2,14675.0,1,14680.0,1,14655.0
CF505,,13:45:00.250#,14700.0,14720.0,14635.0,15630.0,13860.0,1440,5680,14620.0,5,14630.0,3,14635.0,4,14640.0,20,14645.0,4,14655.0,1,14665.0,1,14670.0,2,14675.0,1,14680.0,1,14650.0
CF505,,13:45:00.500#,14700.0,14720.0,14635.0,15630.0,13860.0,1440,5680,14620.0,5,14630.0,3,14635.0,4,14640.0,20,14645.0,4,14655.0,22,14665.0,1,14670.0,2,14675.0,1,14680.0,1,14650.0
CF505,,13:45:00.750#,14700.0,14720.0,14635.0,15630.0,13860.0,1440,5680,14620.0,5,14630.0,3,14635.0,4,14640.0,20,14645.0,3,14655.0,27,14665.0,1,14670.0,2,14675.0,1,14680.0,1,14650.0
CF505,,13:45:01.0#,14700.0,14720.0,14635.0,15630.0,13860.0,1440,5680,14620.0,5,14630.0,3,14635.0,4,14640.0,20,14645.0,2,14650.0,1,14655.0,2,14670.0,2,14675.0,1,14680.0,1,14650.0
CF505,,13:45:01.250#,14700.0,14720.0,14635.0,15630.0,13860.0,1440,5680,14620.0,5,14630.0,3,14635.0,4,14640.0,20,14645.0,2,14655.0,27,14670.0,3,14675.0,1,14680.0,1,14690.0,2,14650.0
CF505,,13:45:01.500#,14700.0,14720.0,14635.0,15630.0,13860.0,1440,5680,14620.0,5,14630.0,3,14635.0,4,14640.0,20,14645.0,2,14655.0,27,14660.0,1,14670.0,3,14675.0,1,14680.0,1,14650.0
CF505,,13:45:01.750#,14700.0,14720.0,14635.0,15630.0,13860.0,1440,5680,14620.0,5,14630.0,3,14635.0,4,14640.0,20,14645.0,3,14655.0,26,14660.0,1,14670.0,3,14675.0,1,14680.0,1,14650.0
CF505,,13:45:02.0#,14700.0,14720.0,14635.0,15630.0,13860.0,1440,5680,14620.0,5,14630.0,3,14635.0,4,14640.0,20,14645.0,2,14655.0,27,14670.0,3,14675.0,1,14680.0,1,14690.0,2,14650.0
CF505,,13:45:02.250#,14700.0,14720.0,14635.0,15630.0,13860.0,1440,5680,14620.0,5,14630.0,3,14635.0,4,14640.0,20,14645.0,2,14655.0,27,14660.0,1,14670.0,3,14675.0,1,14680.0,1,14650.0
CF505,,13:45:05.500#,14700.0,14720.0,14635.0,15630.0,13860.0,1440,5680,14620.0,5,14630.0,3,14635.0,4,14640.0,20,14645.0,2,14655.0,28,14660.0,1,14670.0,3,14675.0,1,14680.0,1,14650.0
CF505,,13:45:12.750#,14700.0,14720.0,14635.0,15630.0,13860.0,1440,5680,14620.0,5,14630.0,3,14635.0,4,14640.0,20,14645.0,3,14655.0,27,14660.0,1,14670.0,3,14675.0,1,14680.0,1,14650.0
CF505,,13:45:13.0#,14700.0,14720.0,14635.0,15630.0,13860.0,1440,5680,14620.0,5,14630.0,3,14635.0,4,14640.0,20,14645.0,4,14655.0,27,14670.0,3,14675.0,1,14680.0,1,14690.0,2,14650.0
CF505,,13:45:13.250#,14700.0,14720.0,14635.0,15630.0,13860.0,1440,5680,14620.0,5,14630.0,3,14635.0,4,14640.0,20,14645.0,4,14655.0,27,14665.0,1,14670.0,3,14675.0,1,14680.0,1,14650.0
CF505,,13:45:13.500#,14700.0,14720.0,14635.0,15630.0,13860.0,1440,5680,14620.0,5,14630.0,3,14635.0,4,14640.0,20,14645.0,3,14655.0,28,14665.0,1,14670.0,3,14675.0,1,14680.0,1,14650.0
CF505,,13:45:13.750#,14700.0,14720.0,14635.0,15630.0,13860.0,1440,5680,14620.0,5,14630.0,3,14635.0,4,14640.0,20,14645.0,3,14655.0,28,14670.0,3,14675.0,1,14680.0,1,14690.0,2,14650.0
CF505,,13:45:14.0#,14700.0,14720.0,14635.0,15630.0,13860.0,1440,5680,14620.0,5,14630.0,3,14635.0,4,14640.0,20,14645.0,3,14655.0,27,14660.0,1,14670.0,3,14675.0,1,14680.0,1,14650.0
CF505,,13:45:14.250#,14700.0,14720.0,14635.0,15630.0,13860.0,1440,5680,14620.0,5,14630.0,3,14635.0,4,14640.0,20,14645.0,4,14655.0,27,14660.0,1,14670.0,3,14675.0,1,14680.0,1,14650.0
CF505,,13:45:14.500#,14700.0,14720.0,14635.0,15630.0,13860.0,1440,5680,14620.0,5,14630.0,3,14635.0,4,14640.0,20,14645.0,4,14655.0,10,14670.0,3,14675.0,1,14680.0,1,14690.0,2,14650.0
CF505,,13:45:14.750#,14700.0,14720.0,14635.0,15630.0,13860.0,1440,5680,14630.0,3,14635.0,4,14640.0,20,14645.0,2,14650.0,2,14655.0,10,14665.0,1,14670.0,3,14675.0,1,14680.0,1,14650.0
CF505,,13:45:15.0#,14700.0,14720.0,14635.0,15630.0,13860.0,1440,5680,14620.0,5,14630.0,3,14635.0,4,14640.0,20,14645.0,4,14655.0,12,14665.0,1,14670.0,3,14675.0,1,14680.0,1,14650.0
CF505,,13:45:15.500#,14700.0,14720.0,14635.0,15630.0,13860.0,1440,5680,14630.0,3,14635.0,4,14640.0,20,14645.0,2,14650.0,2,14655.0,10,14665.0,1,14670.0,3,14675.0,1,14680.0,1,14650.0
CF505,,13:45:21.750#,14700.0,14720.0,14635.0,15630.0,13860.0,1440,5680,14630.0,3,14635.0,4,14640.0,20,14645.0,2,14650.0,2,14655.0,11,14665.0,1,14670.0,3,14675.0,1,14680.0,1,14650.0
CF505,,13:45:22.0#,14700.0,14720.0,14635.0,15630.0,13860.0,1440,5680,14620.0,5,14630.0,3,14635.0,4,14640.0,20,14645.0,3,14655.0,13,14670.0,3,14675.0,1,14680.0,1,14690.0,2,14650.0
CF505,,13:45:22.250#,14700.0,14720.0,14635.0,15630.0,13860.0,1440,5680,14620.0,5,14630.0,3,14635.0,4,14640.0,20,14645.0,2,14650.0,1,14655.0,1,14660.0,1,14670.0,3,14675.0,1,14650.0
CF505,,13:45:22.500#,14700.0,14720.0,14635.0,15630.0,13860.0,1440,5680,14620.0,5,14630.0,3,14635.0,4,14640.0,20,14645.0,2,14655.0,13,14660.0,1,14670.0,3,14675.0,1,14680.0,1,14650.0
CF505,,13:45:24.750#,14700.0,14720.0,14635.0,15630.0,13860.0,1440,5680,14620.0,5,14630.0,3,14635.0,4,14640.0,20,14645.0,2,14655.0,14,14660.0,1,14670.0,3,14675.0,1,14680.0,1,14650.0
CF505,,13:45:30.500#,14700.0,14720.0,14635.0,15630.0,13860.0,1440,5680,14620.0,5,14630.0,3,14635.0,4,14640.0,20,14645.0,2,14655.0,16,14660.0,1,14670.0,3,14675.0,1,14680.0,1,14650.0
CF505,,13:45:39.250#,14700.0,14720.0,14635.0,15630.0,13860.0,1440,5680,14620.0,5,14630.0,3,14635.0,4,14640.0,20,14645.0,3,14655.0,16,14660.0,1,14670.0,3,14675.0,1,14680.0,1,14650.0
CF505,,13:45:39.750#,14700.0,14720.0,14635.0,15630.0,13860.0,1440,5680,14620.0,5,14630.0,3,14635.0,4,14640.0,20,14645.0,2,14650.0,1,14655.0,1,14660.0,1,14670.0,3,14675.0,1,14650.0
CF505,,13:45:40.250#,14700.0,14720.0,14635.0,15630.0,13860.0,1440,5680,14620.0,5,14630.0,3,14635.0,4,14640.0,20,14645.0,2,14655.0,16,14660.0,1,14670.0,3,14675.0,1,14680.0,1,14650.0
CF505,,13:45:50.500#,14700.0,14720.0,14635.0,15630.0,13860.0,1440,5680,14620.0,5,14630.0,3,14635.0,4,14640.0,20,14645.0,2,14655.0,26,14660.0,1,14670.0,3,14675.0,1,14680.0,1,14650.0
CF505,,13:46:00.750#,14700.0,14720.0,14635.0,15630.0,13860.0,1440,5680,14620.0,5,14630.0,3,14635.0,4,14640.0,20,14645.0,2,14650.0,2,14655.0,1,14660.0,1,14670.0,3,14675.0,1,14650.0
CF505,,13:46:01.0#,14700.0,14720.0,14635.0,15630.0,13860.0,1440,5680,14620.0,5,14630.0,3,14635.0,4,14640.0,20,14645.0,2,14655.0,26,14660.0,1,14670.0,3,14675.0,1,14680.0,1,14650.0
CF505,,13:47:26.0#,14700.0,14720.0,14635.0,15630.0,13860.0,1440,5680,14620.0,5,14630.0,3,14635.0,4,14640.0,20,14645.0,3,14655.0,25,14660.0,1,14670.0,3,14675.0,1,14680.0,1,14650.0
CF505,,13:47:26.250#,14700.0,14720.0,14635.0,15630.0,13860.0,1440,5680,14630.0,3,14635.0,4,14640.0,20,14645.0,2,14650.0,2,14655.0,8,14670.0,3,14675.0,1,14680.0,1,14690.0,2,14650.0
CF505,,13:47:26.500#,14700.0,14720.0,14635.0,15630.0,13860.0,1440,5680,14630.0,3,14635.0,4,14640.0,20,14645.0,2,14650.0,2,14655.0,2,14670.0,3,14675.0,1,14680.0,1,14690.0,2,14650.0
CF505,,13:47:29.250#,14700.0,14720.0,14635.0,15630.0,13860.0,1440,5680,14630.0,3,14635.0,4,14640.0,20,14645.0,3,14650.0,2,14655.0,2,14670.0,3,14675.0,1,14680.0,1,14690.0,2,14650.0
CF505,,13:47:31.250#,14700.0,14720.0,14635.0,15630.0,13860.0,1440,5680,14620.0,5,14630.0,3,14635.0,4,14640.0,20,14645.0,5,14655.0,2,14670.0,3,14675.0,1,14680.0,1,14690.0,2,14650.0
CF505,,13:47:31.500#,14700.0,14720.0,14635.0,15630.0,13860.0,1440,5680,14620.0,5,14630.0,3,14635.0,4,14640.0,20,14645.0,6,14655.0,2,14665.0,1,14670.0,3,14675.0,1,14680.0,1,14650.0
CF505,,13:47:31.750#,14700.0,14720.0,14635.0,15630.0,13860.0,1440,5680,14620.0,5,14630.0,3,14635.0,4,14640.0,19,14645.0,7,14655.0,2,14665.0,1,14670.0,3,14675.0,1,14680.0,1,14650.0
CF505,,13:47:38.0#,14700.0,14720.0,14635.0,15630.0,13860.0,1440,5680,14620.0,5,14630.0,3,14635.0,4,14640.0,19,14645.0,6,14655.0,2,14665.0,1,14670.0,3,14675.0,1,14680.0,1,14650.0
CF505,,13:47:38.250#,14700.0,14720.0,14635.0,15630.0,13860.0,1440,5680,14620.0,5,14630.0,3,14635.0,4,14640.0,20,14645.0,5,14655.0,18,14665.0,1,14670.0,3,14675.0,1,14680.0,1,14650.0
CF505,,13:47:38.500#,14700.0,14720.0,14635.0,15630.0,13860.0,1440,5680,14620.0,5,14630.0,3,14635.0,4,14640.0,20,14645.0,5,14655.0,21,14665.0,1,14670.0,3,14675.0,1,14680.0,1,14650.0
CF505,,13:47:39.0#,14700.0,14720.0,14635.0,15630.0,13860.0,1440,5680,14620.0,5,14630.0,3,14635.0,4,14640.0,20,14645.0,5,14655.0,23,14665.0,1,14670.0,3,14675.0,1,14680.0,1,14650.0
CF505,,13:47:42.750#,14700.0,14720.0,14635.0,15630.0,13860.0,1440,5680,14620.0,5,14630.0,3,14635.0,4,14640.0,20,14645.0,5,14655.0,24,14665.0,1,14670.0,3,14675.0,1,14680.0,1,14650.0
CF505,,13:47:44.250#,14700.0,14720.0,14635.0,15630.0,13860.0,1440,5680,14620.0,5,14630.0,3,14635.0,4,14640.0,20,14645.0,5,14655.0,25,14665.0,1,14670.0,3,14675.0,1,14680.0,1,14650.0
CF505,,13:47:47.500#,14700.0,14720.0,14635.0,15630.0,13860.0,1440,5680,14620.0,5,14630.0,3,14635.0,4,14640.0,20,14645.0,5,14655.0,24,14665.0,1,14670.0,3,14675.0,1,14680.0,1,14650.0
CF505,,13:47:48.250#,14700.0,14720.0,14635.0,15630.0,13860.0,1440,5680,14620.0,5,14630.0,3,14635.0,4,14640.0,20,14645.0,5,14655.0,25,14665.0,1,14670.0,3,14675.0,1,14680.0,1,14650.0
CF505,,13:48:03.750#,14700.0,14720.0,14635.0,15630.0,13860.0,1440,5680,14630.0,3,14635.0,4,14640.0,20,14645.0,3,14650.0,2,14655.0,25,14665.0,1,14670.0,3,14675.0,1,14680.0,1,14650.0
CF505,,13:48:05.500#,14700.0,14720.0,14635.0,15630.0,13860.0,1440,5680,14630.0,3,14635.0,4,14640.0,20,14645.0,3,14650.0,2,14655.0,24,14665.0,1,14670.0,3,14675.0,1,14680.0,1,14650.0
CF505,,13:48:05.750#,14700.0,14720.0,14635.0,15630.0,13860.0,1440,5680,14630.0,3,14635.0,4,14640.0,20,14645.0,3,14650.0,2,14655.0,17,14665.0,1,14670.0,3,14675.0,1,14680.0,1,14650.0
CF505,,13:48:06.750#,14700.0,14720.0,14635.0,15630.0,13860.0,1440,5680,14630.0,3,14635.0,4,14640.0,20,14645.0,3,14650.0,2,14655.0,18,14665.0,1,14670.0,3,14675.0,1,14680.0,1,14650.0
CF505,,13:48:08.500#,14700.0,14720.0,14635.0,15630.0,13860.0,1440,5680,14630.0,3,14635.0,4,14640.0,20,14645.0,3,14650.0,2,14655.0,2,14665.0,1,14670.0,3,14675.0,1,14680.0,1,14650.0
CF505,,13:48:11.500#,14700.0,14720.0,14635.0,15630.0,13860.0,1441,5681,14630.0,3,14635.0,4,14640.0,20,14645.0,3,14650.0,1,14655.0,2,14665.0,1,14670.0,3,14675.0,1,14680.0,1,14650.0
CF505,,13:48:13.0#,14700.0,14720.0,14635.0,15630.0,13860.0,1441,5681,14630.0,3,14635.0,4,14640.0,20,14645.0,3,14650.0,1,14655.0,4,14665.0,1,14670.0,3,14675.0,1,14680.0,1,14650.0
CF505,,13:48:15.500#,14700.0,14720.0,14635.0,15630.0,13860.0,1441,5681,14630.0,3,14635.0,4,14640.0,20,14645.0,3,14650.0,1,14655.0,5,14665.0,1,14670.0,3,14675.0,1,14680.0,1,14650.0
CF505,,13:48:15.750#,14700.0,14720.0,14635.0,15630.0,13860.0,1441,5681,14630.0,3,14635.0,4,14640.0,20,14645.0,3,14650.0,1,14655.0,4,14665.0,1,14670.0,3,14675.0,1,14680.0,1,14650.0
CF505,,13:48:16.750#,14700.0,14720.0,14635.0,15630.0,13860.0,1441,5681,14630.0,3,14635.0,4,14640.0,20,14645.0,3,14650.0,1,14655.0,3,14665.0,1,14670.0,3,14675.0,1,14680.0,1,14650.0
CF505,,13:48:23.500#,14700.0,14720.0,14635.0,15630.0,13860.0,1441,5681,14630.0,3,14635.0,4,14640.0,20,14645.0,3,14650.0,1,14655.0,2,14665.0,1,14670.0,3,14675.0,1,14680.0,1,14650.0
CF505,,13:48:25.500#,14700.0,14720.0,14635.0,15630.0,13860.0,1441,5681,14630.0,3,14635.0,4,14640.0,20,14645.0,3,14650.0,2,14655.0,1,14665.0,1,14670.0,3,14675.0,1,14680.0,1,14650.0
CF505,,13:48:26.250#,14700.0,14720.0,14635.0,15630.0,13860.0,1441,5681,14630.0,3,14635.0,4,14640.0,20,14645.0,3,14650.0,1,14655.0,2,14665.0,1,14670.0,3,14675.0,1,14680.0,1,14650.0
CF505,,13:48:26.500#,14700.0,14720.0,14635.0,15630.0,13860.0,1441,5681,14620.0,5,14630.0,3,14635.0,4,14640.0,20,14645.0,10,14655.0,2,14665.0,1,14670.0,3,14675.0,1,14680.0,1,14650.0
CF505,,13:48:26.750#,14700.0,14720.0,14635.0,15630.0,13860.0,1441,5681,14630.0,3,14635.0,4,14640.0,20,14645.0,3,14650.0,1,14655.0,2,14665.0,1,14670.0,3,14675.0,1,14680.0,1,14650.0
CF505,,13:48:27.0#,14700.0,14720.0,14635.0,15630.0,13860.0,1441,5681,14630.0,3,14635.0,4,14640.0,20,14645.0,3,14650.0,5,14655.0,2,14665.0,1,14670.0,3,14675.0,1,14680.0,1,14650.0
CF505,,13:48:31.500#,14700.0,14720.0,14635.0,15630.0,13860.0,1441,5681,14630.0,3,14635.0,4,14640.0,20,14645.0,3,14650.0,6,14655.0,1,14665.0,1,14670.0,3,14675.0,1,14680.0,1,14650.0
CF505,,13:48:44.0#,14700.0,14720.0,14635.0,15630.0,13860.0,1442,5682,14630.0,3,14635.0,4,14640.0,20,14645.0,3,14650.0,6,14655.0,1,14665.0,1,14670.0,3,14675.0,1,14680.0,1,14650.0
CF505,,13:48:47.0#,14700.0,14720.0,14635.0,15630.0,13860.0,1442,5682,14620.0,5,14630.0,3,14635.0,4,14640.0,20,14645.0,10,14655.0,2,14665.0,1,14670.0,3,14675.0,1,14680.0,1,14650.0
CF505,,13:48:49.500#,14700.0,14720.0,14635.0,15630.0,13860.0,1442,5682,14630.0,3,14635.0,4,14640.0,20,14645.0,3,14650.0,4,14655.0,2,14665.0,1,14670.0,3,14675.0,1,14680.0,1,14650.0
CF505,,13:48:49.750#,14700.0,14720.0,14635.0,15630.0,13860.0,1442,5682,14630.0,3,14635.0,4,14640.0,20,14645.0,3,14650.0,5,14655.0,2,14665.0,1,14670.0,3,14675.0,1,14680.0,1,14650.0
CF505,,13:48:50.0#,14700.0,14720.0,14635.0,15630.0,13860.0,1442,5682,14630.0,3,14635.0,4,14640.0,20,14645.0,3,14650.0,2,14655.0,2,14665.0,1,14670.0,3,14675.0,1,14680.0,1,14650.0
CF505,,13:48:50.500#,14700.0,14720.0,14635.0,15630.0,13860.0,1442,5682,14620.0,5,14630.0,3,14635.0,4,14640.0,20,14645.0,10,14655.0,2,14665.0,1,14670.0,3,14675.0,1,14680.0,1,14650.0
CF505,,13:48:53.750#,14700.0,14720.0,14635.0,15630.0,13860.0,1442,5682,14620.0,5,14630.0,3,14635.0,4,14640.0,20,14645.0,10,14655.0,3,14665.0,1,14670.0,3,14675.0,1,14680.0,1,14650.0
CF505,,13:49:04.250#,14700.0,14720.0,14635.0,15630.0,13860.0,1442,5682,14620.0,5,14630.0,3,14635.0,4,14640.0,20,14645.0,10,14655.0,4,14665.0,1,14670.0,3,14675.0,1,14680.0,1,14650.0
CF505,,13:49:04.500#,14700.0,14720.0,14635.0,15630.0,13860.0,1442,5682,14620.0,5,14630.0,3,14635.0,4,14640.0,20,14645.0,10,14655.0,25,14665.0,1,14670.0,3,14675.0,1,14680.0,1,14650.0
CF505,,13:49:08.0#,14700.0,14720.0,14635.0,15630.0,13860.0,1442,5682,14620.0,5,14630.0,3,14635.0,4,14640.0,20,14645.0,10,14655.0,25,14665.0,1,14670.0,3,14675.0,2,14680.0,1,14650.0
CF505,,13:49:12.250#,14700.0,14720.0,14635.0,15630.0,13860.0,1442,5682,14620.0,5,14630.0,3,14635.0,4,14640.0,20,14645.0,10,14655.0,22,14665.0,1,14670.0,3,14675.0,2,14680.0,1,14650.0
CF505,,13:49:12.500#,14700.0,14720.0,14635.0,15630.0,13860.0,1442,5682,14620.0,5,14630.0,3,14635.0,4,14640.0,20,14645.0,10,14655.0,20,14665.0,1,14670.0,3,14675.0,2,14680.0,1,14650.0
CF505,,13:49:12.750#,14700.0,14720.0,14635.0,15630.0,13860.0,1442,5682,14620.0,5,14630.0,3,14635.0,4,14640.0,20,14645.0,10,14655.0,2,14665.0,1,14670.0,3,14675.0,2,14680.0,1,14650.0
CF505,,13:49:13.0#,14700.0,14720.0,14635.0,15630.0,13860.0,1442,5682,14630.0,3,14635.0,4,14640.0,20,14645.0,3,14650.0,1,14655.0,2,14665.0,1,14670.0,3,14675.0,2,14680.0,1,14650.0
CF505,,13:49:13.250#,14700.0,14720.0,14635.0,15630.0,13860.0,1442,5682,14630.0,3,14635.0,4,14640.0,20,14645.0,3,14650.0,5,14655.0,2,14665.0,1,14670.0,3,14675.0,2,14680.0,1,14650.0
