InstrumentId,ExchangeId,Datetime,OpenPrice,HighestPrice,LowestPrice,UpperLimitPrice,LowerLimitPrice,Volume,OpenInterest,BidPrice5,BidVolume5,BidPrice4,BidVolume4,BidPrice3,BidVolume3,BidPrice2,BidVolume2,BidPrice1,BidVolume1,AskPrice1,AskVolume1,AskPrice2,AskVolume2,AskPrice3,AskVolume3,AskPrice4,AskVolume4,AskPrice5,AskVolume5,LastPrice
CJ409,,13:38:35.750#,10425.0,10530.0,10335.0,11800.0,9270.0,13488,54037,10500.0,9,10505.0,3,10510.0,5,10515.0,5,10520.0,8,10525.0,1,10530.0,34,10535.0,33,10540.0,37,10545.0,20,10525.0
CJ409,,13:38:36.250#,10425.0,10530.0,10335.0,11800.0,9270.0,13488,54037,10500.0,9,10505.0,3,10510.0,5,10515.0,5,10520.0,8,10525.0,1,10530.0,34,10535.0,33,10540.0,37,10545.0,20,10525.0
CJ409,,13:38:36.500#,10425.0,10530.0,10335.0,11800.0,9270.0,13488,54037,10500.0,9,10505.0,3,10510.0,5,10515.0,5,10520.0,9,10525.0,1,10530.0,34,10535.0,33,10540.0,37,10545.0,20,10525.0
CJ409,,13:38:37.0#,10425.0,10530.0,10335.0,11800.0,9270.0,13489,54037,10500.0,9,10505.0,3,10510.0,5,10515.0,5,10520.0,9,10530.0,34,10535.0,33,10540.0,37,10545.0,20,10550.0,62,10525.0
CJ409,,13:38:38.750#,10425.0,10530.0,10335.0,11800.0,9270.0,13494,54037,10500.0,9,10505.0,3,10510.0,5,10515.0,5,10520.0,9,10530.0,29,10535.0,33,10540.0,37,10545.0,20,10550.0,62,10530.0
CJ409,,13:38:39.0#,10425.0,10530.0,10335.0,11800.0,9270.0,13495,54036,10500.0,9,10505.0,3,10510.0,5,10515.0,5,10520.0,11,10530.0,28,10535.0,33,10540.0,37,10545.0,20,10550.0,62,10530.0
CJ409,,13:38:39.750#,10425.0,10530.0,10335.0,11800.0,9270.0,13495,54036,10500.0,9,10505.0,3,10510.0,5,10515.0,5,10520.0,11,10530.0,28,10535.0,33,10540.0,42,10545.0,20,10550.0,62,10530.0
CJ409,,13:38:40.0#,10425.0,10530.0,10335.0,11800.0,9270.0,13496,54037,10500.0,9,10505.0,3,10510.0,5,10515.0,5,10520.0,9,10530.0,28,10535.0,33,10540.0,42,10545.0,20,10550.0,62,10530.0
CJ409,,13:38:40.250#,10425.0,10530.0,10335.0,11800.0,9270.0,13496,54037,10500.0,9,10505.0,3,10510.0,5,10515.0,5,10520.0,9,10525.0,2,10530.0,28,10535.0,33,10540.0,42,10545.0,20,10530.0
CJ409,,13:38:40.500#,10425.0,10530.0,10335.0,11800.0,9270.0,13496,54037,10500.0,9,10505.0,3,10510.0,5,10515.0,5,10520.0,9,10530.0,28,10535.0,33,10540.0,42,10545.0,20,10550.0,62,10530.0
CJ409,,13:38:40.750#,10425.0,10530.0,10335.0,11800.0,9270.0,13503,54041,10500.0,9,10505.0,3,10510.0,5,10515.0,5,10520.0,9,10525.0,2,10530.0,25,10535.0,33,10540.0,42,10545.0,20,10530.0
CJ409,,13:38:41.0#,10425.0,10530.0,10335.0,11800.0,9270.0,13504,54041,10500.0,9,10505.0,3,10510.0,5,10515.0,5,10520.0,9,10530.0,22,10535.0,33,10540.0,42,10545.0,20,10550.0,62,10530.0
CJ409,,13:38:41.250#,10425.0,10530.0,10335.0,11800.0,9270.0,13504,54041,10500.0,9,10505.0,3,10510.0,5,10515.0,5,10520.0,9,10525.0,2,10530.0,22,10535.0,33,10540.0,42,10545.0,20,10530.0
CJ409,,13:38:41.500#,10425.0,10530.0,10335.0,11800.0,9270.0,13505,54041,10500.0,9,10505.0,3,10510.0,5,10515.0,5,10520.0,9,10530.0,21,10535.0,33,10540.0,42,10545.0,20,10550.0,62,10530.0
CJ409,,13:38:41.750#,10425.0,10530.0,10335.0,11800.0,9270.0,13505,54041,10500.0,9,10505.0,3,10510.0,5,10515.0,5,10520.0,9,10525.0,2,10530.0,23,10535.0,33,10540.0,42,10545.0,20,10530.0
CJ409,,13:38:42.0#,10425.0,10530.0,10335.0,11800.0,9270.0,13505,54041,10500.0,9,10505.0,3,10510.0,5,10515.0,5,10520.0,10,10530.0,22,10535.0,33,10540.0,42,10545.0,20,10550.0,62,10530.0
CJ409,,13:38:42.250#,10425.0,10530.0,10335.0,11800.0,9270.0,13505,54041,10500.0,9,10505.0,3,10510.0,5,10515.0,5,10520.0,10,10525.0,2,10530.0,23,10535.0,33,10540.0,42,10545.0,20,10530.0
CJ409,,13:38:42.500#,10425.0,10530.0,10335.0,11800.0,9270.0,13505,54041,10500.0,9,10505.0,3,10510.0,5,10515.0,5,10520.0,10,10530.0,22,10535.0,33,10540.0,42,10545.0,20,10550.0,62,10530.0
CJ409,,13:38:42.750#,10425.0,10530.0,10335.0,11800.0,9270.0,13505,54041,10500.0,9,10505.0,3,10510.0,4,10515.0,5,10520.0,10,10525.0,2,10530.0,26,10535.0,33,10540.0,42,10545.0,20,10530.0
CJ409,,13:38:43.0#,10425.0,10530.0,10335.0,11800.0,9270.0,13505,54041,10500.0,9,10505.0,3,10510.0,4,10515.0,5,10520.0,9,10530.0,22,10535.0,33,10540.0,42,10545.0,20,10550.0,62,10530.0
CJ409,,13:38:43.250#,10425.0,10530.0,10335.0,11800.0,9270.0,13505,54041,10500.0,9,10505.0,3,10510.0,4,10515.0,5,10520.0,9,10525.0,8,10530.0,26,10535.0,33,10540.0,42,10545.0,20,10530.0
CJ409,,13:38:43.500#,10425.0,10530.0,10335.0,11800.0,9270.0,13505,54041,10500.0,9,10505.0,3,10510.0,4,10515.0,5,10520.0,10,10530.0,26,10535.0,33,10540.0,42,10545.0,20,10550.0,62,10530.0
CJ409,,13:38:43.750#,10425.0,10530.0,10335.0,11800.0,9270.0,13505,54041,10500.0,9,10505.0,3,10510.0,4,10515.0,5,10520.0,10,10525.0,9,10530.0,26,10535.0,33,10540.0,42,10545.0,20,10530.0
CJ409,,13:38:44.0#,10425.0,10530.0,10335.0,11800.0,9270.0,13507,54041,10500.0,9,10505.0,3,10510.0,4,10515.0,5,10520.0,9,10530.0,26,10535.0,33,10540.0,42,10545.0,20,10550.0,62,10520.0
CJ409,,13:38:44.250#,10425.0,10530.0,10335.0,11800.0,9270.0,13508,54040,10500.0,9,10505.0,3,10510.0,4,10515.0,5,10520.0,8,10525.0,1,10530.0,26,10535.0,33,10540.0,42,10545.0,20,10520.0
CJ409,,13:38:44.500#,10425.0,10530.0,10335.0,11800.0,9270.0,13508,54040,10500.0,9,10505.0,3,10510.0,4,10515.0,5,10520.0,8,10525.0,1,10530.0,22,10535.0,33,10540.0,42,10545.0,20,10520.0
CJ409,,13:38:46.0#,10425.0,10530.0,10335.0,11800.0,9270.0,13508,54040,10500.0,9,10505.0,3,10510.0,4,10515.0,5,10520.0,7,10525.0,1,10530.0,22,10535.0,33,10540.0,42,10545.0,20,10520.0
CJ409,,13:38:46.250#,10425.0,10530.0,10335.0,11800.0,9270.0,13508,54040,10500.0,9,10505.0,3,10510.0,4,10515.0,5,10520.0,7,10530.0,22,10535.0,33,10540.0,42,10545.0,20,10550.0,62,10520.0
CJ409,,13:38:46.500#,10425.0,10530.0,10335.0,11800.0,9270.0,13508,54040,10500.0,9,10505.0,3,10510.0,4,10515.0,5,10520.0,7,10525.0,3,10530.0,22,10535.0,33,10540.0,42,10545.0,20,10520.0
CJ409,,13:38:46.750#,10425.0,10530.0,10335.0,11800.0,9270.0,13509,54040,10500.0,9,10505.0,3,10510.0,4,10515.0,5,10520.0,7,10530.0,22,10535.0,33,10540.0,42,10545.0,20,10550.0,62,10525.0
CJ409,,13:38:47.0#,10425.0,10530.0,10335.0,11800.0,9270.0,13509,54040,10500.0,9,10505.0,3,10510.0,4,10515.0,5,10520.0,7,10525.0,1,10530.0,22,10535.0,33,10540.0,42,10545.0,20,10525.0
CJ409,,13:38:47.250#,10425.0,10530.0,10335.0,11800.0,9270.0,13509,54040,10500.0,9,10505.0,3,10510.0,4,10515.0,5,10520.0,8,10530.0,22,10535.0,33,10540.0,42,10545.0,20,10550.0,62,10525.0
CJ409,,13:38:47.500#,10425.0,10530.0,10335.0,11800.0,9270.0,13509,54040,10500.0,9,10505.0,3,10510.0,4,10515.0,5,10520.0,8,10530.0,26,10535.0,33,10540.0,42,10545.0,20,10550.0,62,10525.0
CJ409,,13:38:47.750#,10425.0,10530.0,10335.0,11800.0,9270.0,13510,54039,10500.0,9,10505.0,3,10510.0,4,10515.0,5,10520.0,7,10525.0,8,10530.0,26,10535.0,33,10540.0,42,10545.0,20,10520.0
CJ409,,13:38:48.0#,10425.0,10530.0,10335.0,11800.0,9270.0,13510,54039,10500.0,9,10505.0,3,10510.0,4,10515.0,5,10520.0,7,10525.0,3,10530.0,26,10535.0,33,10540.0,42,10545.0,20,10520.0
CJ409,,13:38:48.250#,10425.0,10530.0,10335.0,11800.0,9270.0,13510,54039,10500.0,9,10505.0,3,10510.0,4,10515.0,5,10520.0,7,10525.0,3,10530.0,22,10535.0,33,10540.0,42,10545.0,20,10520.0
CJ409,,13:38:48.500#,10425.0,10530.0,10335.0,11800.0,9270.0,13510,54039,10500.0,9,10505.0,3,10510.0,4,10515.0,5,10520.0,8,10525.0,3,10530.0,22,10535.0,33,10540.0,42,10545.0,20,10520.0
CJ409,,13:38:49.750#,10425.0,10530.0,10335.0,11800.0,9270.0,13511,54039,10500.0,9,10505.0,3,10510.0,4,10515.0,5,10520.0,8,10525.0,2,10530.0,22,10535.0,33,10540.0,42,10545.0,20,10525.0
CJ409,,13:38:50.750#,10425.0,10530.0,10335.0,11800.0,9270.0,13512,54038,10500.0,9,10505.0,3,10510.0,4,10515.0,5,10520.0,11,10525.0,1,10530.0,22,10535.0,33,10540.0,42,10545.0,20,10525.0
CJ409,,13:38:51.250#,10425.0,10530.0,10335.0,11800.0,9270.0,13513,54038,10505.0,3,10510.0,4,10515.0,5,10520.0,7,10525.0,1,10530.0,22,10535.0,33,10540.0,42,10545.0,20,10550.0,62,10525.0
CJ409,,13:38:51.500#,10425.0,10530.0,10335.0,11800.0,9270.0,13514,54039,10500.0,9,10505.0,3,10510.0,4,10515.0,4,10520.0,10,10530.0,22,10535.0,33,10540.0,42,10545.0,20,10550.0,62,10525.0
CJ409,,13:38:51.750#,10425.0,10530.0,10335.0,11800.0,9270.0,13514,54039,10500.0,9,10505.0,3,10510.0,4,10515.0,4,10520.0,10,10525.0,1,10530.0,22,10535.0,33,10540.0,42,10545.0,20,10525.0
CJ409,,13:38:52.0#,10425.0,10530.0,10335.0,11800.0,9270.0,13514,54039,10500.0,9,10505.0,3,10510.0,4,10515.0,4,10520.0,12,10525.0,1,10530.0,22,10535.0,33,10540.0,42,10545.0,20,10525.0
CJ409,,13:38:52.250#,10425.0,10530.0,10335.0,11800.0,9270.0,13516,54037,10500.0,9,10505.0,3,10510.0,4,10515.0,4,10520.0,10,10525.0,1,10530.0,22,10535.0,33,10540.0,42,10545.0,20,10520.0
CJ409,,13:38:53.750#,10425.0,10530.0,10335.0,11800.0,9270.0,13517,54038,10505.0,3,10510.0,4,10515.0,4,10520.0,7,10525.0,1,10530.0,22,10535.0,33,10540.0,42,10545.0,20,10550.0,62,10525.0
CJ409,,13:38:54.0#,10425.0,10530.0,10335.0,11800.0,9270.0,13518,54037,10500.0,9,10505.0,3,10510.0,4,10515.0,4,10520.0,10,10530.0,22,10535.0,33,10540.0,42,10545.0,20,10550.0,62,10525.0
CJ409,,13:38:54.750#,10425.0,10530.0,10335.0,11800.0,9270.0,13518,54037,10500.0,9,10505.0,3,10510.0,4,10515.0,4,10520.0,10,10530.0,22,10535.0,33,10540.0,42,10545.0,20,10550.0,62,10525.0
CJ409,,13:38:55.0#,10425.0,10530.0,10335.0,11800.0,9270.0,13518,54037,10500.0,9,10505.0,3,10510.0,4,10515.0,4,10520.0,9,10530.0,22,10535.0,33,10540.0,42,10545.0,20,10550.0,62,10525.0
CJ409,,13:38:55.250#,10425.0,10530.0,10335.0,11800.0,9270.0,13518,54037,10500.0,9,10505.0,3,10510.0,4,10515.0,4,10520.0,9,10525.0,1,10530.0,26,10535.0,33,10540.0,42,10545.0,20,10525.0
CJ409,,13:38:55.500#,10425.0,10530.0,10335.0,11800.0,9270.0,13519,54037,10500.0,9,10505.0,3,10510.0,4,10515.0,4,10520.0,10,10530.0,26,10535.0,33,10540.0,42,10545.0,20,10550.0,62,10525.0
CJ409,,13:38:55.750#,10425.0,10530.0,10335.0,11800.0,9270.0,13519,54037,10500.0,9,10505.0,3,10510.0,4,10515.0,4,10520.0,8,10530.0,26,10535.0,33,10540.0,42,10545.0,20,10550.0,62,10525.0
CJ409,,13:38:56.0#,10425.0,10530.0,10335.0,11800.0,9270.0,13519,54037,10500.0,9,10505.0,3,10510.0,4,10515.0,4,10520.0,7,10525.0,8,10530.0,26,10535.0,33,10540.0,42,10545.0,20,10525.0
CJ409,,13:38:56.250#,10425.0,10530.0,10335.0,11800.0,9270.0,13519,54037,10500.0,9,10505.0,3,10510.0,4,10515.0,4,10520.0,7,10530.0,26,10535.0,33,10540.0,42,10545.0,20,10550.0,62,10525.0
CJ409,,13:38:56.500#,10425.0,10530.0,10335.0,11800.0,9270.0,13519,54037,10500.0,9,10505.0,3,10510.0,4,10515.0,4,10520.0,6,10525.0,5,10530.0,26,10535.0,33,10540.0,42,10545.0,20,10525.0
CJ409,,13:38:56.750#,10425.0,10530.0,10335.0,11800.0,9270.0,13520,54037,10500.0,9,10505.0,3,10510.0,4,10515.0,4,10520.0,5,10530.0,26,10535.0,33,10540.0,42,10545.0,20,10550.0,62,10520.0
CJ409,,13:38:57.0#,10425.0,10530.0,10335.0,11800.0,9270.0,13520,54037,10500.0,9,10505.0,3,10510.0,4,10515.0,4,10520.0,5,10525.0,14,10530.0,28,10535.0,33,10540.0,42,10545.0,20,10520.0
CJ409,,13:38:57.250#,10425.0,10530.0,10335.0,11800.0,9270.0,13520,54037,10500.0,9,10505.0,3,10510.0,4,10515.0,4,10520.0,5,10525.0,4,10530.0,28,10535.0,33,10540.0,42,10545.0,20,10520.0
CJ409,,13:38:57.500#,10425.0,10530.0,10335.0,11800.0,9270.0,13520,54037,10500.0,9,10505.0,3,10510.0,4,10515.0,4,10520.0,7,10525.0,3,10530.0,28,10535.0,33,10540.0,42,10545.0,20,10520.0
CJ409,,13:38:57.750#,10425.0,10530.0,10335.0,11800.0,9270.0,13520,54037,10500.0,9,10505.0,3,10510.0,4,10515.0,4,10520.0,7,10530.0,28,10535.0,33,10540.0,42,10545.0,20,10550.0,62,10520.0
CJ409,,13:38:58.0#,10425.0,10530.0,10335.0,11800.0,9270.0,13521,54037,10500.0,9,10505.0,3,10510.0,4,10515.0,4,10520.0,6,10525.0,2,10530.0,28,10535.0,33,10540.0,42,10545.0,20,10525.0
CJ409,,13:38:58.250#,10425.0,10530.0,10335.0,11800.0,9270.0,13521,54037,10500.0,9,10505.0,3,10510.0,4,10515.0,4,10520.0,6,10525.0,1,10530.0,28,10535.0,33,10540.0,42,10545.0,20,10525.0
CJ409,,13:38:58.500#,10425.0,10530.0,10335.0,11800.0,9270.0,13521,54037,10500.0,9,10505.0,3,10510.0,4,10515.0,4,10520.0,7,10525.0,1,10530.0,28,10535.0,33,10540.0,42,10545.0,20,10525.0
CJ409,,13:38:58.750#,10425.0,10530.0,10335.0,11800.0,9270.0,13521,54037,10500.0,9,10505.0,3,10510.0,4,10515.0,4,10520.0,7,10530.0,28,10535.0,33,10540.0,42,10545.0,20,10550.0,62,10525.0
CJ409,,13:38:59.0#,10425.0,10530.0,10335.0,11800.0,9270.0,13521,54037,10500.0,9,10505.0,3,10510.0,4,10515.0,4,10520.0,7,10525.0,1,10530.0,29,10535.0,33,10540.0,42,10545.0,20,10525.0
CJ409,,13:38:59.250#,10425.0,10530.0,10335.0,11800.0,9270.0,13521,54037,10505.0,3,10510.0,4,10515.0,4,10520.0,6,10525.0,1,10530.0,25,10535.0,33,10540.0,42,10545.0,20,10550.0,62,10525.0
CJ409,,13:38:59.500#,10425.0,10530.0,10335.0,11800.0,9270.0,13522,54038,10500.0,9,10505.0,3,10510.0,4,10515.0,4,10520.0,7,10525.0,2,10530.0,25,10535.0,33,10540.0,42,10545.0,20,10525.0
CJ409,,13:38:59.750#,10425.0,10530.0,10335.0,11800.0,9270.0,13523,54038,10500.0,9,10505.0,3,10510.0,4,10515.0,4,10520.0,7,10525.0,1,10530.0,25,10535.0,33,10540.0,42,10545.0,20,10525.0
CJ409,,13:39:00.0#,10425.0,10530.0,10335.0,11800.0,9270.0,13524,54038,10500.0,9,10505.0,3,10510.0,4,10515.0,4,10520.0,7,10530.0,26,10535.0,33,10540.0,42,10545.0,20,10550.0,62,10525.0
CJ409,,13:39:00.250#,10425.0,10530.0,10335.0,11800.0,9270.0,13524,54038,10500.0,9,10505.0,3,10510.0,4,10515.0,4,10520.0,7,10530.0,30,10535.0,33,10540.0,42,10545.0,20,10550.0,62,10525.0
CJ409,,13:39:00.500#,10425.0,10530.0,10335.0,11800.0,9270.0,13524,54038,10500.0,9,10505.0,3,10510.0,4,10515.0,4,10520.0,7,10525.0,9,10530.0,30,10535.0,33,10540.0,42,10545.0,20,10525.0
CJ409,,13:39:00.750#,10425.0,10530.0,10335.0,11800.0,9270.0,13524,54038,10500.0,9,10505.0,3,10510.0,4,10515.0,4,10520.0,7,10530.0,30,10535.0,33,10540.0,42,10545.0,20,10550.0,62,10525.0
CJ409,,13:39:01.0#,10425.0,10530.0,10335.0,11800.0,9270.0,13524,54038,10500.0,9,10505.0,3,10510.0,4,10515.0,4,10520.0,7,10525.0,7,10530.0,30,10535.0,33,10540.0,42,10545.0,20,10525.0
CJ409,,13:39:01.250#,10425.0,10530.0,10335.0,11800.0,9270.0,13524,54038,10500.0,9,10505.0,3,10510.0,4,10515.0,4,10520.0,7,10525.0,2,10530.0,30,10535.0,33,10540.0,42,10545.0,20,10525.0
CJ409,,13:39:01.500#,10425.0,10530.0,10335.0,11800.0,9270.0,13524,54038,10500.0,9,10505.0,3,10510.0,4,10515.0,4,10520.0,7,10525.0,2,10530.0,26,10535.0,33,10540.0,42,10545.0,20,10525.0
CJ409,,13:39:01.750#,10425.0,10530.0,10335.0,11800.0,9270.0,13524,54038,10500.0,9,10505.0,3,10510.0,4,10515.0,4,10520.0,7,10530.0,26,10535.0,33,10540.0,42,10545.0,20,10550.0,62,10525.0
CJ409,,13:39:02.0#,10425.0,10530.0,10335.0,11800.0,9270.0,13524,54038,10500.0,9,10505.0,3,10510.0,4,10515.0,4,10520.0,7,10525.0,3,10530.0,30,10535.0,33,10540.0,42,10545.0,20,10525.0
CJ409,,13:39:02.250#,10425.0,10530.0,10335.0,11800.0,9270.0,13524,54038,10500.0,9,10505.0,3,10510.0,4,10515.0,4,10520.0,7,10525.0,2,10530.0,30,10535.0,33,10540.0,42,10545.0,20,10525.0
CJ409,,13:39:02.500#,10425.0,10530.0,10335.0,11800.0,9270.0,13524,54038,10500.0,9,10505.0,3,10510.0,4,10515.0,4,10520.0,7,10525.0,2,10530.0,31,10535.0,33,10540.0,42,10545.0,20,10525.0
CJ409,,13:39:02.750#,10425.0,10530.0,10335.0,11800.0,9270.0,13524,54038,10500.0,9,10505.0,3,10510.0,4,10515.0,4,10520.0,7,10530.0,31,10535.0,33,10540.0,42,10545.0,20,10550.0,62,10525.0
CJ409,,13:39:03.0#,10425.0,10530.0,10335.0,11800.0,9270.0,13524,54038,10500.0,9,10505.0,3,10510.0,4,10515.0,4,10520.0,7,10525.0,3,10530.0,31,10535.0,33,10540.0,42,10545.0,20,10525.0
CJ409,,13:39:03.250#,10425.0,10530.0,10335.0,11800.0,9270.0,13524,54038,10500.0,9,10505.0,3,10510.0,4,10515.0,4,10520.0,7,10525.0,6,10530.0,31,10535.0,33,10540.0,42,10545.0,20,10525.0
CJ409,,13:39:03.500#,10425.0,10530.0,10335.0,11800.0,9270.0,13524,54038,10500.0,9,10505.0,3,10510.0,4,10515.0,4,10520.0,6,10525.0,2,10530.0,31,10535.0,33,10540.0,42,10545.0,20,10525.0
CJ409,,13:39:03.750#,10425.0,10530.0,10335.0,11800.0,9270.0,13524,54038,10500.0,9,10505.0,3,10510.0,4,10515.0,4,10520.0,6,10530.0,31,10535.0,33,10540.0,42,10545.0,20,10550.0,62,10525.0
CJ409,,13:39:04.0#,10425.0,10530.0,10335.0,11800.0,9270.0,13524,54038,10500.0,9,10505.0,3,10510.0,4,10515.0,4,10520.0,6,10525.0,10,10530.0,31,10535.0,33,10540.0,42,10545.0,20,10525.0
CJ409,,13:39:04.250#,10425.0,10530.0,10335.0,11800.0,9270.0,13524,54038,10500.0,9,10505.0,3,10510.0,4,10515.0,4,10520.0,7,10525.0,3,10530.0,31,10535.0,33,10540.0,42,10545.0,20,10525.0
CJ409,,13:39:05.250#,10425.0,10530.0,10335.0,11800.0,9270.0,13524,54038,10500.0,9,10505.0,3,10510.0,4,10515.0,4,10520.0,7,10525.0,7,10530.0,31,10535.0,33,10540.0,42,10545.0,20,10525.0
CJ409,,13:39:05.500#,10425.0,10530.0,10335.0,11800.0,9270.0,13524,54038,10500.0,9,10505.0,3,10510.0,4,10515.0,4,10520.0,7,10525.0,13,10530.0,31,10535.0,33,10540.0,42,10545.0,20,10525.0
CJ409,,13:39:06.250#,10425.0,10530.0,10335.0,11800.0,9270.0,13529,54043,10500.0,9,10505.0,3,10510.0,4,10515.0,4,10520.0,2,10525.0,13,10530.0,31,10535.0,33,10540.0,42,10545.0,20,10520.0
CJ409,,13:39:06.500#,10425.0,10530.0,10335.0,11800.0,9270.0,13531,54042,10495.0,7,10500.0,9,10505.0,3,10510.0,4,10515.0,3,10520.0,1,10525.0,15,10530.0,31,10535.0,33,10540.0,42,10520.0
CJ409,,13:39:06.750#,10425.0,10530.0,10335.0,11800.0,9270.0,13531,54042,10495.0,7,10500.0,9,10505.0,3,10510.0,3,10515.0,3,10520.0,3,10525.0,13,10530.0,32,10535.0,33,10540.0,42,10520.0
CJ409,,13:39:07.0#,10425.0,10530.0,10335.0,11800.0,9270.0,13533,54042,10495.0,7,10500.0,10,10505.0,3,10510.0,3,10515.0,3,10520.0,3,10525.0,13,10530.0,32,10535.0,33,10540.0,42,10515.0
CJ409,,13:39:07.250#,10425.0,10530.0,10335.0,11800.0,9270.0,13533,54042,10495.0,7,10500.0,10,10505.0,3,10510.0,3,10515.0,3,10520.0,10,10525.0,13,10530.0,32,10535.0,33,10540.0,42,10515.0
CJ409,,13:39:07.500#,10425.0,10530.0,10335.0,11800.0,9270.0,13538,54040,10495.0,7,10500.0,10,10505.0,3,10510.0,3,10515.0,1,10520.0,11,10525.0,13,10530.0,31,10535.0,33,10540.0,42,10515.0
CJ409,,13:39:07.750#,10425.0,10530.0,10335.0,11800.0,9270.0,13539,54039,10490.0,13,10495.0,7,10500.0,10,10505.0,3,10510.0,4,10515.0,1,10520.0,11,10525.0,13,10530.0,31,10535.0,33,10515.0
CJ409,,13:39:08.0#,10425.0,10530.0,10335.0,11800.0,9270.0,13539,54039,10490.0,13,10495.0,7,10500.0,10,10505.0,3,10510.0,2,10520.0,10,10525.0,13,10530.0,32,10535.0,33,10540.0,42,10515.0
CJ409,,13:39:08.250#,10425.0,10530.0,10335.0,11800.0,9270.0,13539,54039,10490.0,13,10495.0,7,10500.0,10,10505.0,3,10510.0,2,10515.0,10,10520.0,10,10525.0,13,10530.0,32,10535.0,32,10515.0
CJ409,,13:39:08.500#,10425.0,10530.0,10335.0,11800.0,9270.0,13539,54039,10490.0,13,10495.0,7,10500.0,10,10505.0,3,10510.0,2,10520.0,10,10525.0,13,10530.0,32,10535.0,32,10540.0,41,10515.0
CJ409,,13:39:08.750#,10425.0,10530.0,10335.0,11800.0,9270.0,13539,54039,10490.0,13,10495.0,7,10500.0,10,10505.0,3,10510.0,2,10515.0,9,10520.0,14,10525.0,13,10530.0,34,10535.0,32,10515.0
CJ409,,13:39:09.0#,10425.0,10530.0,10335.0,11800.0,9270.0,13540,54039,10490.0,13,10495.0,7,10500.0,10,10505.0,3,10510.0,2,10520.0,14,10525.0,12,10530.0,34,10535.0,32,10540.0,41,10515.0
CJ409,,13:39:09.250#,10425.0,10530.0,10335.0,11800.0,9270.0,13540,54039,10490.0,13,10495.0,7,10500.0,10,10505.0,3,10510.0,2,10515.0,9,10520.0,14,10525.0,12,10530.0,34,10535.0,32,10515.0
CJ409,,13:39:09.500#,10425.0,10530.0,10335.0,11800.0,9270.0,13540,54039,10490.0,13,10495.0,7,10500.0,10,10505.0,3,10510.0,2,10520.0,14,10525.0,12,10530.0,34,10535.0,32,10540.0,41,10515.0
CJ409,,13:39:09.750#,10425.0,10530.0,10335.0,11800.0,9270.0,13540,54039,10490.0,13,10495.0,7,10500.0,10,10505.0,3,10510.0,2,10515.0,11,10520.0,14,10525.0,12,10530.0,34,10535.0,32,10515.0
CJ409,,13:39:10.0#,10425.0,10530.0,10335.0,11800.0,9270.0,13540,54039,10490.0,13,10495.0,7,10500.0,10,10505.0,3,10510.0,2,10515.0,2,10520.0,14,10525.0,12,10530.0,34,10535.0,32,10515.0
CJ409,,13:39:10.250#,10425.0,10530.0,10335.0,11800.0,9270.0,13540,54039,10490.0,13,10495.0,7,10500.0,10,10505.0,3,10510.0,2,10515.0,1,10520.0,14,10525.0,12,10530.0,34,10535.0,32,10515.0
CJ409,,13:39:10.500#,10425.0,10530.0,10335.0,11800.0,9270.0,13540,54039,10490.0,13,10495.0,7,10500.0,10,10505.0,3,10510.0,3,10520.0,14,10525.0,12,10530.0,34,10535.0,32,10540.0,41,10515.0
CJ409,,13:39:10.750#,10425.0,10530.0,10335.0,11800.0,9270.0,13540,54039,10490.0,13,10495.0,7,10500.0,10,10505.0,3,10510.0,3,10515.0,10,10520.0,14,10525.0,12,10530.0,34,10535.0,32,10515.0
CJ409,,13:39:11.0#,10425.0,10530.0,10335.0,11800.0,9270.0,13540,54039,10490.0,13,10495.0,7,10500.0,10,10505.0,3,10510.0,3,10515.0,1,10520.0,14,10525.0,12,10530.0,34,10535.0,32,10515.0
CJ409,,13:39:11.250#,10425.0,10530.0,10335.0,11800.0,9270.0,13540,54039,10490.0,13,10495.0,7,10500.0,10,10505.0,3,10510.0,3,10515.0,1,10520.0,14,10525.0,13,10530.0,34,10535.0,32,10515.0
CJ409,,13:39:11.500#,10425.0,10530.0,10335.0,11800.0,9270.0,13540,54039,10490.0,13,10495.0,7,10500.0,10,10505.0,3,10510.0,3,10520.0,14,10525.0,13,10530.0,35,10535.0,32,10540.0,41,10515.0
CJ409,,13:39:11.750#,10425.0,10530.0,10335.0,11800.0,9270.0,13540,54039,10490.0,13,10495.0,7,10500.0,10,10505.0,3,10510.0,7,10515.0,6,10520.0,14,10525.0,13,10530.0,35,10535.0,32,10515.0
CJ409,,13:39:12.0#,10425.0,10530.0,10335.0,11800.0,9270.0,13540,54039,10490.0,13,10495.0,7,10500.0,10,10505.0,3,10510.0,7,10515.0,1,10520.0,14,10525.0,13,10530.0,35,10535.0,32,10515.0
CJ409,,13:39:13.0#,10425.0,10530.0,10335.0,11800.0,9270.0,13541,54040,10495.0,7,10500.0,10,10505.0,3,10510.0,6,10515.0,19,10520.0,14,10525.0,13,10530.0,35,10535.0,32,10540.0,41,10515.0
CJ409,,13:39:13.250#,10425.0,10530.0,10335.0,11800.0,9270.0,13541,54040,10495.0,7,10500.0,10,10505.0,3,10510.0,6,10515.0,19,10520.0,8,10525.0,13,10530.0,35,10535.0,32,10540.0,41,10515.0
CJ409,,13:39:14.0#,10425.0,10530.0,10335.0,11800.0,9270.0,13541,54040,10495.0,7,10500.0,10,10505.0,3,10510.0,7,10515.0,19,10520.0,8,10525.0,13,10530.0,35,10535.0,32,10540.0,41,10515.0
CJ409,,13:39:14.750#,10425.0,10530.0,10335.0,11800.0,9270.0,13541,54040,10495.0,7,10500.0,10,10505.0,3,10510.0,7,10515.0,19,10520.0,6,10525.0,13,10530.0,35,10535.0,32,10540.0,41,10515.0
CJ409,,13:39:15.250#,10425.0,10530.0,10335.0,11800.0,9270.0,13545,54040,10495.0,7,10500.0,10,10505.0,3,10510.0,7,10515.0,19,10520.0,2,10525.0,13,10530.0,35,10535.0,32,10540.0,41,10520.0
CJ409,,13:39:15.500#,10425.0,10530.0,10335.0,11800.0,9270.0,13550,54045,10495.0,7,10500.0,10,10505.0,3,10510.0,7,10515.0,14,10520.0,1,10525.0,13,10530.0,35,10535.0,32,10540.0,41,10515.0
CJ409,,13:39:15.750#,10425.0,10530.0,10335.0,11800.0,9270.0,13550,54045,10495.0,7,10500.0,10,10505.0,3,10510.0,7,10515.0,14,10520.0,2,10525.0,13,10530.0,35,10535.0,32,10540.0,41,10515.0
CJ409,,13:39:16.750#,10425.0,10530.0,10335.0,11800.0,9270.0,13550,54045,10495.0,7,10500.0,10,10505.0,3,10510.0,7,10515.0,14,10520.0,7,10525.0,13,10530.0,35,10535.0,32,10540.0,41,10515.0
CJ409,,13:39:17.0#,10425.0,10530.0,10335.0,11800.0,9270.0,13550,54045,10495.0,7,10500.0,10,10505.0,3,10510.0,7,10515.0,14,10520.0,9,10525.0,13,10530.0,35,10535.0,32,10540.0,41,10515.0
CJ409,,13:39:17.250#,10425.0,10530.0,10335.0,11800.0,9270.0,13550,54045,10495.0,7,10500.0,10,10505.0,3,10510.0,8,10515.0,14,10520.0,9,10525.0,13,10530.0,35,10535.0,32,10540.0,41,10515.0
CJ409,,13:39:17.750#,10425.0,10530.0,10335.0,11800.0,9270.0,13550,54045,10495.0,7,10500.0,10,10505.0,3,10510.0,4,10515.0,14,10520.0,9,10525.0,13,10530.0,35,10535.0,32,10540.0,41,10515.0
CJ409,,13:39:18.750#,10425.0,10530.0,10335.0,11800.0,9270.0,13550,54045,10495.0,7,10500.0,10,10505.0,3,10510.0,4,10515.0,14,10520.0,9,10525.0,13,10530.0,30,10535.0,32,10540.0,41,10515.0
CJ409,,13:39:20.0#,10425.0,10530.0,10335.0,11800.0,9270.0,13550,54045,10495.0,7,10500.0,10,10505.0,3,10510.0,4,10515.0,14,10520.0,9,10525.0,14,10530.0,30,10535.0,32,10540.0,41,10515.0
CJ409,,13:39:24.750#,10425.0,10530.0,10335.0,11800.0,9270.0,13550,54045,10495.0,7,10500.0,10,10505.0,3,10510.0,4,10515.0,18,10520.0,9,10525.0,14,10530.0,30,10535.0,32,10540.0,41,10515.0
CJ409,,13:39:25.0#,10425.0,10530.0,10335.0,11800.0,9270.0,13551,54045,10495.0,7,10500.0,10,10505.0,3,10510.0,4,10515.0,18,10520.0,6,10525.0,14,10530.0,30,10535.0,32,10540.0,41,10520.0
CJ409,,13:39:25.250#,10425.0,10530.0,10335.0,11800.0,9270.0,13551,54045,10495.0,7,10500.0,10,10505.0,3,10510.0,4,10515.0,18,10520.0,1,10525.0,14,10530.0,30,10535.0,32,10540.0,41,10520.0
CJ409,,13:39:26.500#,10425.0,10530.0,10335.0,11800.0,9270.0,13551,54045,10495.0,7,10500.0,10,10505.0,3,10510.0,4,10515.0,18,10520.0,4,10525.0,14,10530.0,30,10535.0,32,10540.0,41,10520.0
CJ409,,13:39:30.750#,10425.0,10530.0,10335.0,11800.0,9270.0,13552,54044,10495.0,7,10500.0,10,10505.0,3,10510.0,4,10515.0,18,10520.0,3,10525.0,14,10530.0,30,10535.0,32,10540.0,41,10520.0
CJ409,,13:39:31.0#,10425.0,10530.0,10335.0,11800.0,9270.0,13552,54044,10495.0,7,10500.0,10,10505.0,3,10510.0,4,10515.0,18,10520.0,4,10525.0,14,10530.0,30,10535.0,32,10540.0,41,10520.0
CJ409,,13:39:31.250#,10425.0,10530.0,10335.0,11800.0,9270.0,13553,54043,10495.0,7,10500.0,10,10505.0,3,10510.0,4,10515.0,18,10520.0,3,10525.0,14,10530.0,30,10535.0,32,10540.0,41,10520.0
CJ409,,13:39:32.0#,10425.0,10530.0,10335.0,11800.0,9270.0,13553,54043,10495.0,7,10500.0,10,10505.0,3,10510.0,4,10515.0,18,10520.0,3,10525.0,14,10530.0,29,10535.0,32,10540.0,41,10520.0
CJ409,,13:39:33.0#,10425.0,10530.0,10335.0,11800.0,9270.0,13553,54043,10495.0,7,10500.0,10,10505.0,3,10510.0,4,10515.0,18,10520.0,3,10525.0,14,10530.0,29,10535.0,32,10540.0,41,10520.0
CJ409,,13:39:33.250#,10425.0,10530.0,10335.0,11800.0,9270.0,13553,54043,10495.0,7,10500.0,10,10505.0,3,10510.0,4,10515.0,18,10520.0,3,10525.0,14,10530.0,29,10535.0,32,10540.0,41,10520.0
CJ409,,13:39:35.250#,10425.0,10530.0,10335.0,11800.0,9270.0,13553,54043,10495.0,7,10500.0,10,10505.0,3,10510.0,4,10515.0,18,10520.0,4,10525.0,14,10530.0,29,10535.0,32,10540.0,41,10520.0
CJ409,,13:39:35.500#,10425.0,10530.0,10335.0,11800.0,9270.0,13554,54043,10495.0,7,10500.0,11,10505.0,3,10510.0,4,10515.0,17,10520.0,4,10525.0,14,10530.0,29,10535.0,32,10540.0,41,10515.0
CJ409,,13:39:36.500#,10425.0,10530.0,10335.0,11800.0,9270.0,13554,54043,10495.0,7,10500.0,11,10505.0,3,10510.0,4,10515.0,17,10520.0,12,10525.0,14,10530.0,29,10535.0,32,10540.0,41,10515.0
CJ409,,13:39:37.250#,10425.0,10530.0,10335.0,11800.0,9270.0,13554,54043,10495.0,7,10500.0,11,10505.0,3,10510.0,4,10515.0,18,10520.0,12,10525.0,14,10530.0,29,10535.0,32,10540.0,41,10515.0
CJ409,,13:39:38.750#,10425.0,10530.0,10335.0,11800.0,9270.0,13554,54043,10495.0,7,10500.0,10,10505.0,3,10510.0,4,10515.0,19,10520.0,12,10525.0,14,10530.0,29,10535.0,32,10540.0,41,10515.0
CJ409,,13:39:39.500#,10425.0,10530.0,10335.0,11800.0,9270.0,13555,54043,10495.0,7,10500.0,10,10505.0,3,10510.0,4,10515.0,18,10520.0,12,10525.0,14,10530.0,29,10535.0,32,10540.0,41,10515.0
CJ409,,13:39:42.0#,10425.0,10530.0,10335.0,11800.0,9270.0,13560,54040,10495.0,7,10500.0,10,10505.0,3,10510.0,4,10515.0,18,10520.0,7,10525.0,14,10530.0,29,10535.0,32,10540.0,41,10520.0
CJ409,,13:39:42.750#,10425.0,10530.0,10335.0,11800.0,9270.0,13560,54040,10495.0,7,10500.0,10,10505.0,3,10510.0,4,10515.0,18,10520.0,9,10525.0,14,10530.0,29,10535.0,32,10540.0,41,10520.0
CJ409,,13:39:45.0#,10425.0,10530.0,10335.0,11800.0,9270.0,13561,54040,10495.0,7,10500.0,10,10505.0,3,10510.0,4,10515.0,17,10520.0,9,10525.0,14,10530.0,29,10535.0,32,10540.0,41,10515.0
CJ409,,13:39:45.750#,10425.0,10530.0,10335.0,11800.0,9270.0,13562,54041,10495.0,7,10500.0,10,10505.0,3,10510.0,4,10515.0,16,10520.0,9,10525.0,14,10530.0,29,10535.0,32,10540.0,41,10515.0
CJ409,,13:39:46.0#,10425.0,10530.0,10335.0,11800.0,9270.0,13562,54041,10495.0,7,10500.0,10,10505.0,3,10510.0,4,10515.0,17,10520.0,9,10525.0,14,10530.0,29,10535.0,32,10540.0,41,10515.0
CJ409,,13:39:46.250#,10425.0,10530.0,10335.0,11800.0,9270.0,13562,54041,10495.0,7,10500.0,10,10505.0,3,10510.0,4,10515.0,17,10520.0,9,10525.0,14,10530.0,31,10535.0,32,10540.0,41,10515.0
CJ409,,13:39:47.250#,10425.0,10530.0,10335.0,11800.0,9270.0,13563,54041,10495.0,7,10500.0,10,10505.0,3,10510.0,4,10515.0,17,10520.0,8,10525.0,14,10530.0,31,10535.0,32,10540.0,41,10520.0
CJ409,,13:39:47.500#,10425.0,10530.0,10335.0,11800.0,9270.0,13563,54041,10495.0,7,10500.0,10,10505.0,3,10510.0,4,10515.0,17,10520.0,8,10525.0,14,10530.0,31,10535.0,32,10540.0,41,10520.0
CJ409,,13:39:49.0#,10425.0,10530.0,10335.0,11800.0,9270.0,13563,54041,10495.0,7,10500.0,10,10505.0,3,10510.0,4,10515.0,17,10520.0,8,10525.0,14,10530.0,32,10535.0,32,10540.0,41,10520.0
CJ409,,13:39:49.250#,10425.0,10530.0,10335.0,11800.0,9270.0,13578,54040,10495.0,7,10500.0,10,10505.0,3,10510.0,4,10515.0,2,10520.0,8,10525.0,14,10530.0,32,10535.0,32,10540.0,41,10515.0
CJ409,,13:39:49.500#,10425.0,10530.0,10335.0,11800.0,9270.0,13580,54041,10490.0,12,10495.0,7,10500.0,10,10505.0,3,10510.0,5,10515.0,2,10520.0,9,10525.0,14,10530.0,32,10535.0,32,10515.0
CJ409,,13:39:49.750#,10425.0,10530.0,10335.0,11800.0,9270.0,13580,54041,10490.0,12,10495.0,7,10500.0,10,10505.0,3,10510.0,9,10515.0,1,10520.0,9,10525.0,14,10530.0,32,10535.0,32,10515.0
CJ409,,13:39:50.0#,10425.0,10530.0,10335.0,11800.0,9270.0,13581,54040,10490.0,12,10495.0,7,10500.0,10,10505.0,3,10510.0,9,10520.0,9,10525.0,14,10530.0,32,10535.0,32,10540.0,41,10515.0
CJ409,,13:39:50.250#,10425.0,10530.0,10335.0,11800.0,9270.0,13581,54040,10490.0,12,10495.0,7,10500.0,10,10505.0,3,10510.0,9,10520.0,13,10525.0,14,10530.0,32,10535.0,32,10540.0,41,10515.0
CJ409,,13:39:50.500#,10425.0,10530.0,10335.0,11800.0,9270.0,13581,54040,10490.0,12,10495.0,7,10500.0,10,10505.0,3,10510.0,9,10515.0,1,10520.0,13,10525.0,14,10530.0,32,10535.0,32,10515.0
CJ409,,13:39:51.250#,10425.0,10530.0,10335.0,11800.0,9270.0,13581,54040,10490.0,12,10495.0,7,10500.0,10,10505.0,3,10510.0,9,10515.0,1,10520.0,13,10525.0,14,10530.0,32,10535.0,32,10515.0
CJ409,,13:39:52.0#,10425.0,10530.0,10335.0,11800.0,9270.0,13581,54040,10490.0,12,10495.0,7,10500.0,10,10505.0,3,10510.0,9,10515.0,1,10520.0,13,10525.0,15,10530.0,32,10535.0,32,10515.0
CJ409,,13:39:53.500#,10425.0,10530.0,10335.0,11800.0,9270.0,13581,54040,10490.0,12,10495.0,7,10500.0,10,10505.0,3,10510.0,9,10515.0,1,10520.0,13,10525.0,16,10530.0,32,10535.0,32,10515.0
CJ409,,13:39:55.500#,10425.0,10530.0,10335.0,11800.0,9270.0,13581,54040,10490.0,12,10495.0,7,10500.0,10,10505.0,3,10510.0,8,10515.0,1,10520.0,14,10525.0,16,10530.0,32,10535.0,32,10515.0
CJ409,,13:39:56.0#,10425.0,10530.0,10335.0,11800.0,9270.0,13581,54040,10490.0,12,10495.0,7,10500.0,10,10505.0,3,10510.0,8,10515.0,1,10520.0,14,10525.0,15,10530.0,32,10535.0,32,10515.0
CJ409,,13:39:56.250#,10425.0,10530.0,10335.0,11800.0,9270.0,13588,54042,10490.0,12,10495.0,7,10500.0,10,10505.0,3,10510.0,2,10515.0,1,10520.0,14,10525.0,15,10530.0,32,10535.0,32,10510.0
CJ409,,13:39:56.500#,10425.0,10530.0,10335.0,11800.0,9270.0,13588,54042,10485.0,8,10490.0,12,10495.0,7,10500.0,10,10505.0,4,10515.0,4,10520.0,14,10525.0,14,10530.0,32,10535.0,32,10510.0
CJ409,,13:39:56.750#,10425.0,10530.0,10335.0,11800.0,9270.0,13588,54042,10485.0,8,10490.0,12,10495.0,7,10500.0,9,10505.0,5,10515.0,8,10520.0,14,10525.0,14,10530.0,32,10535.0,32,10510.0
CJ409,,13:39:57.0#,10425.0,10530.0,10335.0,11800.0,9270.0,13588,54042,10485.0,8,10490.0,13,10495.0,7,10500.0,9,10505.0,5,10510.0,1,10515.0,8,10520.0,14,10525.0,14,10530.0,32,10510.0
CJ409,,13:39:57.250#,10425.0,10530.0,10335.0,11800.0,9270.0,13588,54042,10485.0,8,10490.0,13,10495.0,7,10500.0,9,10505.0,5,10515.0,8,10520.0,14,10525.0,15,10530.0,32,10535.0,32,10510.0
CJ409,,13:39:57.500#,10425.0,10530.0,10335.0,11800.0,9270.0,13588,54042,10485.0,8,10490.0,13,10495.0,7,10500.0,9,10505.0,5,10510.0,2,10515.0,8,10520.0,14,10525.0,15,10530.0,32,10510.0
CJ409,,13:39:57.750#,10425.0,10530.0,10335.0,11800.0,9270.0,13588,54042,10485.0,8,10490.0,13,10495.0,7,10500.0,9,10505.0,5,10510.0,1,10515.0,8,10520.0,14,10525.0,15,10530.0,32,10510.0
CJ409,,13:39:58.500#,10425.0,10530.0,10335.0,11800.0,9270.0,13589,54042,10490.0,13,10495.0,7,10500.0,9,10505.0,4,10510.0,5,10515.0,8,10520.0,14,10525.0,15,10530.0,32,10535.0,32,10510.0
CJ409,,13:39:58.750#,10425.0,10530.0,10335.0,11800.0,9270.0,13589,54042,10490.0,13,10495.0,7,10500.0,9,10505.0,4,10510.0,5,10515.0,4,10520.0,14,10525.0,15,10530.0,32,10535.0,32,10510.0
CJ409,,13:39:59.0#,10425.0,10530.0,10335.0,11800.0,9270.0,13589,54042,10490.0,13,10495.0,7,10500.0,9,10505.0,4,10510.0,6,10515.0,4,10520.0,14,10525.0,15,10530.0,32,10535.0,32,10510.0
CJ409,,13:40:01.250#,10425.0,10530.0,10335.0,11800.0,9270.0,13589,54042,10490.0,13,10495.0,7,10500.0,9,10505.0,4,10510.0,7,10515.0,5,10520.0,14,10525.0,15,10530.0,32,10535.0,32,10510.0
CJ409,,13:40:01.500#,10425.0,10530.0,10335.0,11800.0,9270.0,13609,54039,10490.0,13,10495.0,7,10500.0,9,10505.0,4,10510.0,9,10525.0,16,10530.0,28,10535.0,32,10540.0,41,10545.0,20,10520.0
CJ409,,13:40:01.750#,10425.0,10530.0,10335.0,11800.0,9270.0,13609,54039,10495.0,7,10500.0,9,10505.0,4,10510.0,10,10515.0,12,10520.0,14,10525.0,18,10530.0,27,10535.0,32,10540.0,41,10520.0
CJ409,,13:40:02.0#,10425.0,10530.0,10335.0,11800.0,9270.0,13609,54039,10495.0,7,10500.0,10,10505.0,4,10510.0,10,10515.0,12,10520.0,6,10525.0,19,10530.0,26,10535.0,32,10540.0,42,10520.0
CJ409,,13:40:02.250#,10425.0,10530.0,10335.0,11800.0,9270.0,13610,54039,10495.0,7,10500.0,10,10505.0,4,10510.0,10,10515.0,11,10520.0,5,10525.0,19,10530.0,26,10535.0,32,10540.0,42,10515.0
CJ409,,13:40:02.500#,10425.0,10530.0,10335.0,11800.0,9270.0,13610,54039,10495.0,7,10500.0,10,10505.0,4,10510.0,10,10515.0,1,10520.0,5,10525.0,19,10530.0,26,10535.0,32,10540.0,42,10515.0
CJ409,,13:40:02.750#,10425.0,10530.0,10335.0,11800.0,9270.0,13610,54039,10490.0,12,10495.0,7,10500.0,10,10505.0,4,10510.0,11,10520.0,1,10525.0,19,10530.0,26,10535.0,32,10540.0,42,10515.0
CJ409,,13:40:03.0#,10425.0,10530.0,10335.0,11800.0,9270.0,13610,54039,10495.0,7,10500.0,10,10505.0,4,10510.0,10,10515.0,3,10525.0,19,10530.0,26,10535.0,32,10540.0,42,10545.0,20,10515.0
CJ409,,13:40:03.250#,10425.0,10530.0,10335.0,11800.0,9270.0,13611,54038,10495.0,7,10500.0,10,10505.0,4,10510.0,10,10515.0,5,10520.0,4,10525.0,19,10530.0,26,10535.0,32,10540.0,42,10520.0
CJ409,,13:40:03.500#,10425.0,10530.0,10335.0,11800.0,9270.0,13611,54038,10495.0,7,10500.0,10,10505.0,4,10510.0,10,10515.0,5,10520.0,1,10525.0,19,10530.0,26,10535.0,32,10540.0,42,10520.0
CJ409,,13:40:03.750#,10425.0,10530.0,10335.0,11800.0,9270.0,13611,54038,10495.0,7,10500.0,10,10505.0,4,10510.0,10,10515.0,6,10525.0,19,10530.0,26,10535.0,32,10540.0,42,10545.0,20,10520.0
CJ409,,13:40:04.0#,10425.0,10530.0,10335.0,11800.0,9270.0,13611,54038,10495.0,7,10500.0,10,10505.0,4,10510.0,10,10515.0,6,10520.0,1,10525.0,19,10530.0,26,10535.0,32,10540.0,42,10520.0
CJ409,,13:40:04.250#,10425.0,10530.0,10335.0,11800.0,9270.0,13611,54038,10495.0,7,10500.0,10,10505.0,4,10510.0,10,10515.0,6,10525.0,19,10530.0,26,10535.0,32,10540.0,42,10545.0,20,10520.0
CJ409,,13:40:04.500#,10425.0,10530.0,10335.0,11800.0,9270.0,13612,54038,10495.0,7,10500.0,10,10505.0,4,10510.0,10,10515.0,5,10520.0,2,10525.0,19,10530.0,26,10535.0,32,10540.0,42,10515.0
CJ409,,13:40:04.750#,10425.0,10530.0,10335.0,11800.0,9270.0,13612,54038,10495.0,7,10500.0,10,10505.0,4,10510.0,10,10515.0,5,10520.0,1,10525.0,19,10530.0,36,10535.0,32,10540.0,42,10515.0
CJ409,,13:40:05.0#,10425.0,10530.0,10335.0,11800.0,9270.0,13612,54038,10495.0,7,10500.0,10,10505.0,4,10510.0,13,10515.0,5,10520.0,1,10525.0,19,10530.0,36,10535.0,32,10540.0,42,10515.0
CJ409,,13:40:05.250#,10425.0,10530.0,10335.0,11800.0,9270.0,13612,54038,10495.0,7,10500.0,10,10505.0,4,10510.0,13,10515.0,3,10520.0,3,10525.0,19,10530.0,36,10535.0,32,10540.0,42,10515.0
CJ409,,13:40:05.500#,10425.0,10530.0,10335.0,11800.0,9270.0,13612,54038,10495.0,7,10500.0,10,10505.0,4,10510.0,13,10515.0,2,10520.0,8,10525.0,19,10530.0,36,10535.0,32,10540.0,42,10515.0
CJ409,,13:40:05.750#,10425.0,10530.0,10335.0,11800.0,9270.0,13612,54038,10495.0,7,10500.0,10,10505.0,4,10510.0,13,10515.0,1,10520.0,8,10525.0,19,10530.0,36,10535.0,32,10540.0,42,10515.0
CJ409,,13:40:06.0#,10425.0,10530.0,10335.0,11800.0,9270.0,13612,54038,10495.0,7,10500.0,10,10505.0,4,10510.0,14,10515.0,1,10520.0,8,10525.0,19,10530.0,36,10535.0,32,10540.0,42,10515.0
CJ409,,13:40:06.250#,10425.0,10530.0,10335.0,11800.0,9270.0,13614,54037,10495.0,7,10500.0,10,10505.0,4,10510.0,14,10515.0,1,10520.0,7,10525.0,19,10530.0,36,10535.0,32,10540.0,42,10520.0
CJ409,,13:40:06.500#,10425.0,10530.0,10335.0,11800.0,9270.0,13614,54037,10495.0,7,10500.0,10,10505.0,4,10510.0,14,10515.0,3,10520.0,2,10525.0,19,10530.0,36,10535.0,32,10540.0,42,10520.0
CJ409,,13:40:06.750#,10425.0,10530.0,10335.0,11800.0,9270.0,13616,54036,10500.0,10,10505.0,4,10510.0,14,10515.0,3,10520.0,7,10525.0,19,10530.0,36,10535.0,32,10540.0,42,10545.0,20,10520.0
CJ409,,13:40:07.0#,10425.0,10530.0,10335.0,11800.0,9270.0,13616,54036,10500.0,10,10505.0,5,10510.0,14,10515.0,3,10520.0,7,10525.0,15,10530.0,36,10535.0,32,10540.0,42,10545.0,20,10520.0
CJ409,,13:40:07.250#,10425.0,10530.0,10335.0,11800.0,9270.0,13616,54036,10500.0,10,10505.0,5,10510.0,14,10515.0,1,10520.0,7,10525.0,15,10530.0,36,10535.0,32,10540.0,42,10545.0,20,10520.0
CJ409,,13:40:07.500#,10425.0,10530.0,10335.0,11800.0,9270.0,13616,54036,10495.0,7,10500.0,10,10505.0,5,10510.0,14,10515.0,2,10525.0,15,10530.0,35,10535.0,32,10540.0,42,10545.0,20,10520.0
CJ409,,13:40:07.750#,10425.0,10530.0,10335.0,11800.0,9270.0,13616,54036,10495.0,7,10500.0,10,10505.0,5,10510.0,14,10515.0,4,10525.0,19,10530.0,35,10535.0,32,10540.0,42,10545.0,20,10520.0
CJ409,,13:40:08.0#,10425.0,10530.0,10335.0,11800.0,9270.0,13617,54036,10495.0,7,10500.0,10,10505.0,5,10510.0,14,10515.0,4,10520.0,1,10525.0,19,10530.0,35,10535.0,32,10540.0,42,10520.0
CJ409,,13:40:08.250#,10425.0,10530.0,10335.0,11800.0,9270.0,13618,54035,10500.0,10,10505.0,5,10510.0,14,10515.0,10,10520.0,3,10525.0,19,10530.0,35,10535.0,32,10540.0,42,10545.0,20,10520.0
CJ409,,13:40:08.500#,10425.0,10530.0,10335.0,11800.0,9270.0,13618,54035,10500.0,10,10505.0,5,10510.0,14,10515.0,8,10520.0,3,10525.0,15,10530.0,35,10535.0,32,10540.0,42,10545.0,20,10520.0
CJ409,,13:40:10.500#,10425.0,10530.0,10335.0,11800.0,9270.0,13621,54033,10495.0,7,10500.0,10,10505.0,5,10510.0,14,10515.0,8,10520.0,2,10525.0,15,10530.0,35,10535.0,32,10540.0,42,10520.0
CJ409,,13:40:10.750#,10425.0,10530.0,10335.0,11800.0,9270.0,13621,54033,10495.0,7,10500.0,10,10505.0,6,10510.0,14,10515.0,8,10520.0,2,10525.0,15,10530.0,35,10535.0,32,10540.0,42,10520.0
CJ409,,13:40:11.250#,10425.0,10530.0,10335.0,11800.0,9270.0,13621,54033,10495.0,7,10500.0,10,10505.0,6,10510.0,14,10515.0,8,10520.0,3,10525.0,15,10530.0,35,10535.0,32,10540.0,42,10520.0
CJ409,,13:40:11.500#,10425.0,10530.0,10335.0,11800.0,9270.0,13621,54033,10495.0,7,10500.0,10,10505.0,6,10510.0,14,10515.0,4,10520.0,3,10525.0,15,10530.0,35,10535.0,32,10540.0,42,10520.0
CJ409,,13:40:11.750#,10425.0,10530.0,10335.0,11800.0,9270.0,13621,54033,10495.0,7,10500.0,10,10505.0,6,10510.0,14,10515.0,3,10520.0,3,10525.0,15,10530.0,35,10535.0,32,10540.0,42,10520.0
CJ409,,13:40:13.0#,10425.0,10530.0,10335.0,11800.0,9270.0,13621,54033,10495.0,7,10500.0,10,10505.0,6,10510.0,14,10515.0,3,10520.0,4,10525.0,15,10530.0,35,10535.0,32,10540.0,42,10520.0
CJ409,,13:40:13.250#,10425.0,10530.0,10335.0,11800.0,9270.0,13621,54033,10495.0,7,10500.0,10,10505.0,6,10510.0,14,10515.0,2,10520.0,4,10525.0,15,10530.0,35,10535.0,32,10540.0,42,10520.0
CJ409,,13:40:13.500#,10425.0,10530.0,10335.0,11800.0,9270.0,13621,54033,10495.0,7,10500.0,10,10505.0,6,10510.0,13,10515.0,3,10520.0,9,10525.0,15,10530.0,35,10535.0,32,10540.0,42,10520.0
CJ409,,13:40:14.500#,10425.0,10530.0,10335.0,11800.0,9270.0,13621,54033,10495.0,7,10500.0,10,10505.0,6,10510.0,13,10515.0,3,10520.0,9,10525.0,15,10530.0,35,10535.0,32,10540.0,42,10520.0
CJ409,,13:40:16.250#,10425.0,10530.0,10335.0,11800.0,9270.0,13623,54033,10495.0,7,10500.0,10,10505.0,6,10510.0,13,10515.0,3,10520.0,7,10525.0,15,10530.0,35,10535.0,32,10540.0,42,10520.0
CJ409,,13:40:16.500#,10425.0,10530.0,10335.0,11800.0,9270.0,13623,54033,10495.0,7,10500.0,10,10505.0,6,10510.0,13,10515.0,4,10520.0,7,10525.0,15,10530.0,35,10535.0,32,10540.0,37,10520.0
CJ409,,13:40:16.750#,10425.0,10530.0,10335.0,11800.0,9270.0,13623,54033,10495.0,7,10500.0,10,10505.0,6,10510.0,13,10515.0,4,10520.0,7,10525.0,20,10530.0,35,10535.0,32,10540.0,37,10520.0
CJ409,,13:40:20.250#,10425.0,10530.0,10335.0,11800.0,9270.0,13623,54033,10495.0,7,10500.0,10,10505.0,6,10510.0,13,10515.0,5,10520.0,7,10525.0,20,10530.0,35,10535.0,32,10540.0,37,10520.0
CJ409,,13:40:20.500#,10425.0,10530.0,10335.0,11800.0,9270.0,13623,54033,10495.0,7,10500.0,10,10505.0,6,10510.0,12,10515.0,5,10520.0,7,10525.0,20,10530.0,35,10535.0,32,10540.0,37,10520.0
CJ409,,13:40:20.750#,10425.0,10530.0,10335.0,11800.0,9270.0,13625,54034,10495.0,7,10500.0,10,10505.0,6,10510.0,12,10515.0,5,10520.0,5,10525.0,20,10530.0,35,10535.0,32,10540.0,37,10520.0
CJ409,,13:40:21.0#,10425.0,10530.0,10335.0,11800.0,9270.0,13625,54034,10495.0,7,10500.0,10,10505.0,6,10510.0,12,10515.0,6,10520.0,5,10525.0,20,10530.0,35,10535.0,32,10540.0,37,10520.0
CJ409,,13:40:21.750#,10425.0,10530.0,10335.0,11800.0,9270.0,13625,54034,10495.0,7,10500.0,10,10505.0,6,10510.0,12,10515.0,6,10525.0,21,10530.0,35,10535.0,32,10540.0,37,10545.0,20,10520.0
CJ409,,13:40:22.0#,10425.0,10530.0,10335.0,11800.0,9270.0,13625,54034,10495.0,7,10500.0,10,10505.0,6,10510.0,12,10515.0,6,10520.0,1,10525.0,24,10530.0,35,10535.0,32,10540.0,37,10520.0
CJ409,,13:40:22.250#,10425.0,10530.0,10335.0,11800.0,9270.0,13625,54034,10495.0,7,10500.0,10,10505.0,6,10510.0,12,10515.0,6,10525.0,25,10530.0,35,10535.0,32,10540.0,37,10545.0,20,10520.0
CJ409,,13:40:22.500#,10425.0,10530.0,10335.0,11800.0,9270.0,13625,54034,10495.0,7,10500.0,10,10505.0,7,10510.0,12,10515.0,6,10520.0,2,10525.0,24,10530.0,35,10535.0,32,10540.0,37,10520.0
CJ409,,13:40:22.750#,10425.0,10530.0,10335.0,11800.0,9270.0,13631,54028,10495.0,7,10500.0,10,10505.0,7,10510.0,12,10515.0,8,10525.0,18,10530.0,35,10535.0,32,10540.0,37,10545.0,20,10525.0
CJ409,,13:40:23.0#,10425.0,10530.0,10335.0,11800.0,9270.0,13632,54027,10500.0,10,10505.0,7,10510.0,12,10515.0,6,10520.0,11,10525.0,18,10530.0,35,10535.0,32,10540.0,37,10545.0,20,10520.0
CJ409,,13:40:23.250#,10425.0,10530.0,10335.0,11800.0,9270.0,13632,54027,10500.0,10,10505.0,7,10510.0,12,10515.0,6,10520.0,11,10525.0,14,10530.0,35,10535.0,32,10540.0,37,10545.0,20,10520.0
CJ409,,13:40:26.250#,10425.0,10530.0,10335.0,11800.0,9270.0,13632,54027,10500.0,10,10505.0,7,10510.0,12,10515.0,6,10520.0,12,10525.0,14,10530.0,35,10535.0,32,10540.0,37,10545.0,20,10520.0
CJ409,,13:40:26.500#,10425.0,10530.0,10335.0,11800.0,9270.0,13632,54027,10500.0,10,10505.0,7,10510.0,12,10515.0,6,10520.0,3,10525.0,10,10530.0,35,10535.0,32,10540.0,37,10545.0,20,10520.0
CJ409,,13:40:26.750#,10425.0,10530.0,10335.0,11800.0,9270.0,13632,54027,10500.0,10,10505.0,7,10510.0,12,10515.0,6,10520.0,2,10525.0,10,10530.0,35,10535.0,32,10540.0,37,10545.0,20,10520.0
CJ409,,13:40:27.0#,10425.0,10530.0,10335.0,11800.0,9270.0,13635,54028,10500.0,10,10505.0,7,10510.0,12,10515.0,6,10520.0,2,10525.0,7,10530.0,35,10535.0,32,10540.0,37,10545.0,20,10525.0
CJ409,,13:40:27.500#,10425.0,10530.0,10335.0,11800.0,9270.0,13635,54028,10500.0,10,10505.0,7,10510.0,12,10515.0,6,10520.0,2,10525.0,7,10530.0,35,10535.0,32,10540.0,37,10545.0,20,10525.0
CJ409,,13:40:28.500#,10425.0,10530.0,10335.0,11800.0,9270.0,13635,54028,10500.0,10,10505.0,7,10510.0,12,10515.0,6,10520.0,2,10525.0,7,10530.0,35,10535.0,32,10540.0,37,10545.0,20,10525.0
CJ409,,13:40:29.250#,10425.0,10530.0,10335.0,11800.0,9270.0,13635,54028,10500.0,10,10505.0,13,10510.0,12,10515.0,6,10520.0,2,10525.0,7,10530.0,35,10535.0,32,10540.0,37,10545.0,20,10525.0
CJ409,,13:40:29.500#,10425.0,10530.0,10335.0,11800.0,9270.0,13635,54028,10500.0,10,10505.0,13,10510.0,12,10515.0,6,10520.0,6,10525.0,7,10530.0,35,10535.0,32,10540.0,37,10545.0,20,10525.0
CJ409,,13:40:29.750#,10425.0,10530.0,10335.0,11800.0,9270.0,13635,54028,10500.0,10,10505.0,13,10510.0,11,10515.0,6,10520.0,11,10525.0,7,10530.0,35,10535.0,32,10540.0,37,10545.0,20,10525.0
CJ409,,13:40:33.250#,10425.0,10530.0,10335.0,11800.0,9270.0,13635,54028,10500.0,10,10505.0,13,10510.0,11,10515.0,6,10520.0,11,10525.0,7,10530.0,35,10535.0,32,10540.0,37,10545.0,20,10525.0
CJ409,,13:40:34.0#,10425.0,10530.0,10335.0,11800.0,9270.0,13635,54028,10500.0,10,10505.0,13,10510.0,11,10515.0,9,10520.0,11,10525.0,7,10530.0,35,10535.0,32,10540.0,37,10545.0,20,10525.0
CJ409,,13:40:34.250#,10425.0,10530.0,10335.0,11800.0,9270.0,13635,54028,10500.0,10,10505.0,13,10510.0,11,10515.0,9,10520.0,9,10525.0,7,10530.0,35,10535.0,32,10540.0,37,10545.0,20,10525.0
CJ409,,13:40:34.750#,10425.0,10530.0,10335.0,11800.0,9270.0,13635,54028,10500.0,10,10505.0,13,10510.0,11,10515.0,9,10520.0,9,10525.0,7,10530.0,34,10535.0,32,10540.0,37,10545.0,20,10525.0
CJ409,,13:40:36.0#,10425.0,10530.0,10335.0,11800.0,9270.0,13635,54028,10500.0,10,10505.0,13,10510.0,11,10515.0,9,10520.0,9,10525.0,7,10530.0,34,10535.0,32,10540.0,37,10545.0,20,10525.0
CJ409,,13:40:36.250#,10425.0,10530.0,10335.0,11800.0,9270.0,13636,54028,10500.0,10,10505.0,13,10510.0,11,10515.0,9,10520.0,9,10525.0,6,10530.0,34,10535.0,32,10540.0,37,10545.0,20,10525.0
CJ409,,13:40:37.750#,10425.0,10530.0,10335.0,11800.0,9270.0,13636,54028,10500.0,10,10505.0,13,10510.0,11,10515.0,9,10520.0,12,10525.0,6,10530.0,34,10535.0,32,10540.0,37,10545.0,20,10525.0
CJ409,,13:40:39.0#,10425.0,10530.0,10335.0,11800.0,9270.0,13636,54028,10500.0,10,10505.0,13,10510.0,11,10515.0,10,10520.0,12,10525.0,6,10530.0,34,10535.0,32,10540.0,37,10545.0,20,10525.0
CJ409,,13:40:40.250#,10425.0,10530.0,10335.0,11800.0,9270.0,13636,54028,10500.0,10,10505.0,13,10510.0,11,10515.0,9,10520.0,12,10525.0,6,10530.0,34,10535.0,32,10540.0,37,10545.0,20,10525.0
CJ409,,13:40:40.500#,10425.0,10530.0,10335.0,11800.0,9270.0,13637,54027,10500.0,10,10505.0,13,10510.0,11,10515.0,9,10520.0,12,10525.0,5,10530.0,34,10535.0,32,10540.0,37,10545.0,20,10525.0
CJ409,,13:40:41.500#,10425.0,10530.0,10335.0,11800.0,9270.0,13637,54027,10500.0,10,10505.0,13,10510.0,11,10515.0,9,10520.0,9,10525.0,5,10530.0,34,10535.0,32,10540.0,37,10545.0,20,10525.0
CJ409,,13:40:44.500#,10425.0,10530.0,10335.0,11800.0,9270.0,13637,54027,10500.0,10,10505.0,13,10510.0,11,10515.0,9,10520.0,10,10525.0,5,10530.0,34,10535.0,32,10540.0,37,10545.0,20,10525.0
CJ409,,13:40:45.750#,10425.0,10530.0,10335.0,11800.0,9270.0,13638,54028,10500.0,10,10505.0,13,10510.0,11,10515.0,9,10520.0,9,10525.0,5,10530.0,34,10535.0,32,10540.0,37,10545.0,20,10520.0
CJ409,,13:40:46.500#,10425.0,10530.0,10335.0,11800.0,9270.0,13638,54028,10500.0,10,10505.0,13,10510.0,11,10515.0,9,10520.0,7,10525.0,5,10530.0,34,10535.0,32,10540.0,37,10545.0,20,10520.0
CJ409,,13:40:47.750#,10425.0,10530.0,10335.0,11800.0,9270.0,13638,54028,10500.0,10,10505.0,13,10510.0,11,10515.0,9,10520.0,8,10525.0,5,10530.0,34,10535.0,32,10540.0,37,10545.0,20,10520.0
CJ409,,13:40:48.750#,10425.0,10530.0,10335.0,11800.0,9270.0,13640,54028,10500.0,10,10505.0,13,10510.0,11,10515.0,9,10520.0,6,10525.0,5,10530.0,34,10535.0,32,10540.0,37,10545.0,20,10520.0
CJ409,,13:40:49.500#,10425.0,10530.0,10335.0,11800.0,9270.0,13640,54028,10500.0,10,10505.0,13,10510.0,11,10515.0,9,10520.0,7,10525.0,5,10530.0,34,10535.0,32,10540.0,37,10545.0,20,10520.0
CJ409,,13:40:50.250#,10425.0,10530.0,10335.0,11800.0,9270.0,13640,54028,10500.0,10,10505.0,13,10510.0,11,10515.0,9,10520.0,9,10525.0,5,10530.0,34,10535.0,32,10540.0,37,10545.0,20,10520.0
CJ409,,13:40:52.750#,10425.0,10530.0,10335.0,11800.0,9270.0,13640,54028,10500.0,10,10505.0,13,10510.0,11,10515.0,9,10520.0,9,10525.0,12,10530.0,34,10535.0,32,10540.0,37,10545.0,20,10520.0
CJ409,,13:40:53.0#,10425.0,10530.0,10335.0,11800.0,9270.0,13640,54028,10500.0,10,10505.0,13,10510.0,11,10515.0,9,10520.0,3,10525.0,12,10530.0,34,10535.0,32,10540.0,37,10545.0,20,10520.0
CJ409,,13:40:53.250#,10425.0,10530.0,10335.0,11800.0,9270.0,13640,54028,10500.0,10,10505.0,13,10510.0,11,10515.0,9,10520.0,1,10525.0,12,10530.0,34,10535.0,32,10540.0,42,10545.0,20,10520.0
CJ409,,13:40:53.750#,10425.0,10530.0,10335.0,11800.0,9270.0,13641,54027,10500.0,10,10505.0,13,10510.0,11,10515.0,9,10520.0,3,10525.0,11,10530.0,34,10535.0,32,10540.0,42,10545.0,20,10525.0
CJ409,,13:40:55.0#,10425.0,10530.0,10335.0,11800.0,9270.0,13641,54027,10500.0,10,10505.0,13,10510.0,11,10515.0,9,10520.0,4,10525.0,11,10530.0,34,10535.0,32,10540.0,42,10545.0,20,10525.0
CJ409,,13:40:56.250#,10425.0,10530.0,10335.0,11800.0,9270.0,13641,54027,10500.0,10,10505.0,7,10510.0,11,10515.0,9,10520.0,4,10525.0,11,10530.0,34,10535.0,32,10540.0,42,10545.0,20,10525.0
CJ409,,13:40:56.750#,10425.0,10530.0,10335.0,11800.0,9270.0,13641,54027,10500.0,10,10505.0,7,10510.0,11,10515.0,9,10520.0,5,10525.0,12,10530.0,34,10535.0,32,10540.0,42,10545.0,20,10525.0
CJ409,,13:40:58.500#,10425.0,10530.0,10335.0,11800.0,9270.0,13641,54027,10500.0,10,10505.0,7,10510.0,6,10515.0,9,10520.0,6,10525.0,12,10530.0,34,10535.0,32,10540.0,42,10545.0,20,10525.0
CJ409,,13:40:59.0#,10425.0,10530.0,10335.0,11800.0,9270.0,13641,54027,10500.0,10,10505.0,7,10510.0,6,10515.0,9,10520.0,6,10525.0,13,10530.0,34,10535.0,32,10540.0,42,10545.0,20,10525.0
CJ409,,13:41:01.250#,10425.0,10530.0,10335.0,11800.0,9270.0,13641,54027,10500.0,10,10505.0,7,10510.0,6,10515.0,9,10520.0,6,10525.0,13,10530.0,34,10535.0,32,10540.0,42,10545.0,20,10525.0
CJ409,,13:41:01.750#,10425.0,10530.0,10335.0,11800.0,9270.0,13641,54027,10500.0,10,10505.0,7,10510.0,6,10515.0,9,10520.0,6,10525.0,19,10530.0,34,10535.0,32,10540.0,42,10545.0,20,10525.0
CJ409,,13:41:04.500#,10425.0,10530.0,10335.0,11800.0,9270.0,13641,54027,10500.0,10,10505.0,7,10510.0,6,10515.0,9,10520.0,6,10525.0,19,10530.0,34,10535.0,32,10540.0,42,10545.0,20,10525.0
CJ409,,13:41:05.250#,10425.0,10530.0,10335.0,11800.0,9270.0,13641,54027,10500.0,10,10505.0,7,10510.0,6,10515.0,9,10520.0,6,10525.0,19,10530.0,34,10535.0,34,10540.0,42,10545.0,20,10525.0
CJ409,,13:41:07.0#,10425.0,10530.0,10335.0,11800.0,9270.0,13641,54027,10500.0,10,10505.0,7,10510.0,6,10515.0,9,10520.0,6,10525.0,22,10530.0,34,10535.0,34,10540.0,42,10545.0,20,10525.0
CJ409,,13:41:07.250#,10425.0,10530.0,10335.0,11800.0,9270.0,13642,54026,10500.0,10,10505.0,7,10510.0,6,10515.0,9,10520.0,7,10525.0,21,10530.0,34,10535.0,34,10540.0,42,10545.0,20,10525.0
CJ409,,13:41:08.500#,10425.0,10530.0,10335.0,11800.0,9270.0,13642,54026,10500.0,10,10505.0,7,10510.0,7,10515.0,8,10520.0,7,10525.0,21,10530.0,34,10535.0,34,10540.0,42,10545.0,20,10525.0
CJ409,,13:41:09.500#,10425.0,10530.0,10335.0,11800.0,9270.0,13642,54026,10500.0,10,10505.0,7,10510.0,7,10515.0,8,10520.0,9,10525.0,21,10530.0,34,10535.0,34,10540.0,42,10545.0,20,10525.0
CJ409,,13:41:10.750#,10425.0,10530.0,10335.0,11800.0,9270.0,13644,54025,10500.0,10,10505.0,7,10510.0,7,10515.0,8,10520.0,7,10525.0,21,10530.0,34,10535.0,34,10540.0,42,10545.0,20,10520.0
CJ409,,13:41:12.500#,10425.0,10530.0,10335.0,11800.0,9270.0,13644,54025,10500.0,10,10505.0,7,10510.0,7,10515.0,8,10520.0,8,10525.0,21,10530.0,34,10535.0,34,10540.0,42,10545.0,20,10520.0
CJ409,,13:41:16.0#,10425.0,10530.0,10335.0,11800.0,9270.0,13644,54025,10500.0,10,10505.0,7,10510.0,7,10515.0,8,10520.0,8,10525.0,16,10530.0,34,10535.0,34,10540.0,42,10545.0,20,10520.0
CJ409,,13:41:16.250#,10425.0,10530.0,10335.0,11800.0,9270.0,13653,54030,10495.0,7,10500.0,10,10505.0,7,10510.0,7,10515.0,9,10520.0,2,10525.0,16,10530.0,34,10535.0,34,10540.0,42,10520.0
CJ409,,13:41:16.500#,10425.0,10530.0,10335.0,11800.0,9270.0,13653,54030,10495.0,7,10500.0,10,10505.0,7,10510.0,7,10515.0,8,10520.0,2,10525.0,16,10530.0,34,10535.0,34,10540.0,42,10520.0
CJ409,,13:41:17.250#,10425.0,10530.0,10335.0,11800.0,9270.0,13653,54030,10495.0,7,10500.0,10,10505.0,7,10510.0,7,10515.0,8,10520.0,3,10525.0,16,10530.0,34,10535.0,34,10540.0,42,10520.0
CJ409,,13:41:17.500#,10425.0,10530.0,10335.0,11800.0,9270.0,13653,54030,10495.0,7,10500.0,10,10505.0,7,10510.0,7,10515.0,8,10520.0,5,10525.0,16,10530.0,34,10535.0,34,10540.0,42,10520.0
CJ409,,13:41:17.750#,10425.0,10530.0,10335.0,11800.0,9270.0,13653,54030,10495.0,7,10500.0,10,10505.0,7,10510.0,7,10515.0,8,10520.0,10,10525.0,16,10530.0,34,10535.0,34,10540.0,42,10520.0
CJ409,,13:41:18.0#,10425.0,10530.0,10335.0,11800.0,9270.0,13653,54030,10495.0,7,10500.0,10,10505.0,7,10510.0,7,10515.0,7,10520.0,10,10525.0,16,10530.0,34,10535.0,34,10540.0,42,10520.0
CJ409,,13:41:20.750#,10425.0,10530.0,10335.0,11800.0,9270.0,13655,54030,10495.0,7,10500.0,10,10505.0,7,10510.0,6,10515.0,9,10520.0,9,10525.0,15,10530.0,34,10535.0,34,10540.0,42,10520.0
CJ409,,13:41:21.0#,10425.0,10530.0,10335.0,11800.0,9270.0,13655,54030,10495.0,7,10500.0,10,10505.0,7,10510.0,6,10515.0,9,10520.0,10,10525.0,15,10530.0,34,10535.0,34,10540.0,42,10520.0
CJ409,,13:41:22.500#,10425.0,10530.0,10335.0,11800.0,9270.0,13655,54030,10495.0,7,10500.0,10,10505.0,7,10510.0,6,10515.0,9,10520.0,10,10525.0,16,10530.0,34,10535.0,34,10540.0,42,10520.0
CJ409,,13:41:23.250#,10425.0,10530.0,10335.0,11800.0,9270.0,13655,54030,10495.0,7,10500.0,10,10505.0,7,10510.0,6,10515.0,10,10520.0,10,10525.0,16,10530.0,34,10535.0,34,10540.0,42,10520.0
CJ409,,13:41:23.750#,10425.0,10530.0,10335.0,11800.0,9270.0,13655,54030,10495.0,7,10500.0,10,10505.0,7,10510.0,6,10515.0,9,10520.0,10,10525.0,16,10530.0,34,10535.0,34,10540.0,42,10520.0
CJ409,,13:41:24.0#,10425.0,10530.0,10335.0,11800.0,9270.0,13655,54030,10495.0,7,10500.0,10,10505.0,7,10510.0,6,10515.0,9,10520.0,9,10525.0,16,10530.0,34,10535.0,34,10540.0,42,10520.0
CJ409,,13:41:24.250#,10425.0,10530.0,10335.0,11800.0,9270.0,13657,54030,10495.0,7,10500.0,10,10505.0,7,10510.0,6,10515.0,7,10520.0,9,10525.0,16,10530.0,34,10535.0,34,10540.0,42,10515.0
CJ409,,13:41:24.500#,10425.0,10530.0,10335.0,11800.0,9270.0,13658,54030,10495.0,7,10500.0,10,10505.0,7,10510.0,6,10515.0,7,10520.0,8,10525.0,16,10530.0,34,10535.0,34,10540.0,42,10520.0
CJ409,,13:41:26.250#,10425.0,10530.0,10335.0,11800.0,9270.0,13658,54030,10495.0,7,10500.0,10,10505.0,7,10510.0,6,10515.0,8,10520.0,8,10525.0,16,10530.0,34,10535.0,34,10540.0,42,10520.0
CJ409,,13:41:26.500#,10425.0,10530.0,10335.0,11800.0,9270.0,13660,54031,10495.0,7,10500.0,10,10505.0,7,10510.0,6,10515.0,7,10520.0,7,10525.0,16,10530.0,34,10535.0,34,10540.0,42,10515.0
CJ409,,13:41:26.750#,10425.0,10530.0,10335.0,11800.0,9270.0,13660,54031,10495.0,7,10500.0,10,10505.0,7,10510.0,6,10515.0,7,10520.0,2,10525.0,16,10530.0,34,10535.0,34,10540.0,42,10515.0
CJ409,,13:41:27.0#,10425.0,10530.0,10335.0,11800.0,9270.0,13660,54031,10495.0,7,10500.0,10,10505.0,7,10510.0,6,10515.0,8,10520.0,2,10525.0,16,10530.0,34,10535.0,34,10540.0,42,10515.0
CJ409,,13:41:27.250#,10425.0,10530.0,10335.0,11800.0,9270.0,13660,54031,10495.0,7,10500.0,10,10505.0,7,10510.0,6,10515.0,9,10520.0,2,10525.0,16,10530.0,34,10535.0,34,10540.0,42,10515.0
CJ409,,13:41:29.0#,10425.0,10530.0,10335.0,11800.0,9270.0,13660,54031,10495.0,7,10500.0,10,10505.0,7,10510.0,6,10515.0,10,10520.0,2,10525.0,16,10530.0,34,10535.0,34,10540.0,42,10515.0
CJ409,,13:41:29.750#,10425.0,10530.0,10335.0,11800.0,9270.0,13660,54031,10495.0,7,10500.0,10,10505.0,7,10510.0,6,10515.0,11,10520.0,2,10525.0,16,10530.0,34,10535.0,34,10540.0,42,10515.0
CJ409,,13:41:30.0#,10425.0,10530.0,10335.0,11800.0,9270.0,13660,54031,10495.0,7,10500.0,10,10505.0,7,10510.0,6,10515.0,11,10520.0,2,10525.0,18,10530.0,34,10535.0,34,10540.0,42,10515.0
CJ409,,13:41:30.500#,10425.0,10530.0,10335.0,11800.0,9270.0,13660,54031,10495.0,7,10500.0,10,10505.0,7,10510.0,6,10515.0,11,10520.0,2,10525.0,18,10530.0,34,10535.0,34,10540.0,42,10515.0
CJ409,,13:41:30.750#,10425.0,10530.0,10335.0,11800.0,9270.0,13660,54031,10495.0,7,10500.0,10,10505.0,7,10510.0,6,10515.0,11,10520.0,2,10525.0,18,10530.0,34,10535.0,34,10540.0,42,10515.0
CJ409,,13:41:32.250#,10425.0,10530.0,10335.0,11800.0,9270.0,13660,54031,10495.0,7,10500.0,10,10505.0,7,10510.0,6,10515.0,11,10520.0,2,10525.0,18,10530.0,34,10535.0,35,10540.0,42,10515.0
CJ409,,13:41:34.0#,10425.0,10530.0,10335.0,11800.0,9270.0,13660,54031,10495.0,7,10500.0,10,10505.0,7,10510.0,7,10515.0,11,10520.0,2,10525.0,18,10530.0,34,10535.0,35,10540.0,42,10515.0
CJ409,,13:41:34.500#,10425.0,10530.0,10335.0,11800.0,9270.0,13660,54031,10495.0,7,10500.0,10,10505.0,7,10510.0,7,10515.0,11,10520.0,2,10525.0,11,10530.0,34,10535.0,35,10540.0,42,10515.0
CJ409,,13:41:34.750#,10425.0,10530.0,10335.0,11800.0,9270.0,13660,54031,10495.0,7,10500.0,10,10505.0,7,10510.0,7,10515.0,10,10520.0,2,10525.0,12,10530.0,34,10535.0,35,10540.0,42,10515.0
CJ409,,13:41:36.0#,10425.0,10530.0,10335.0,11800.0,9270.0,13660,54031,10495.0,7,10500.0,10,10505.0,7,10510.0,9,10515.0,10,10520.0,2,10525.0,12,10530.0,34,10535.0,35,10540.0,42,10515.0
CJ409,,13:41:37.0#,10425.0,10530.0,10335.0,11800.0,9270.0,13660,54031,10495.0,7,10500.0,10,10505.0,7,10510.0,9,10515.0,10,10520.0,3,10525.0,12,10530.0,34,10535.0,35,10540.0,42,10515.0
CJ409,,13:41:37.500#,10425.0,10530.0,10335.0,11800.0,9270.0,13660,54031,10495.0,7,10500.0,10,10505.0,7,10510.0,9,10515.0,9,10520.0,3,10525.0,12,10530.0,34,10535.0,35,10540.0,42,10515.0
CJ409,,13:41:39.0#,10425.0,10530.0,10335.0,11800.0,9270.0,13665,54033,10495.0,7,10500.0,10,10505.0,7,10510.0,9,10515.0,9,10520.0,5,10525.0,12,10530.0,34,10535.0,35,10540.0,42,10520.0
CJ409,,13:41:39.250#,10425.0,10530.0,10335.0,11800.0,9270.0,13665,54033,10495.0,7,10500.0,10,10505.0,7,10510.0,9,10515.0,10,10520.0,5,10525.0,12,10530.0,34,10535.0,35,10540.0,42,10520.0
CJ409,,13:41:39.500#,10425.0,10530.0,10335.0,11800.0,9270.0,13670,54033,10500.0,10,10505.0,7,10510.0,9,10515.0,10,10520.0,1,10525.0,12,10530.0,34,10535.0,35,10540.0,42,10545.0,20,10520.0
CJ409,,13:41:39.750#,10425.0,10530.0,10335.0,11800.0,9270.0,13670,54033,10500.0,10,10505.0,7,10510.0,9,10515.0,10,10520.0,1,10525.0,13,10530.0,34,10535.0,35,10540.0,42,10545.0,20,10520.0
CJ409,,13:41:40.0#,10425.0,10530.0,10335.0,11800.0,9270.0,13670,54033,10500.0,10,10505.0,7,10510.0,9,10515.0,10,10520.0,1,10525.0,14,10530.0,34,10535.0,35,10540.0,42,10545.0,20,10520.0
CJ409,,13:41:40.250#,10425.0,10530.0,10335.0,11800.0,9270.0,13670,54033,10500.0,10,10505.0,7,10510.0,9,10515.0,10,10520.0,1,10525.0,14,10530.0,34,10535.0,35,10540.0,42,10545.0,20,10520.0
CJ409,,13:41:41.500#,10425.0,10530.0,10335.0,11800.0,9270.0,13671,54033,10495.0,7,10500.0,10,10505.0,7,10510.0,9,10515.0,11,10520.0,4,10525.0,14,10530.0,34,10535.0,35,10540.0,42,10520.0
CJ409,,13:41:42.250#,10425.0,10530.0,10335.0,11800.0,9270.0,13671,54033,10495.0,7,10500.0,10,10505.0,7,10510.0,9,10515.0,11,10520.0,4,10525.0,14,10530.0,34,10535.0,35,10540.0,42,10520.0
CJ409,,13:41:42.500#,10425.0,10530.0,10335.0,11800.0,9270.0,13672,54032,10495.0,7,10500.0,10,10505.0,7,10510.0,9,10515.0,11,10520.0,3,10525.0,14,10530.0,34,10535.0,35,10540.0,42,10520.0
CJ409,,13:41:42.750#,10425.0,10530.0,10335.0,11800.0,9270.0,13674,54030,10495.0,7,10500.0,10,10505.0,7,10510.0,9,10515.0,11,10520.0,1,10525.0,14,10530.0,34,10535.0,35,10540.0,42,10520.0
CJ409,,13:41:43.750#,10425.0,10530.0,10335.0,11800.0,9270.0,13674,54030,10495.0,7,10500.0,10,10505.0,7,10510.0,9,10515.0,11,10520.0,1,10525.0,14,10530.0,39,10535.0,35,10540.0,37,10520.0
CJ409,,13:41:46.750#,10425.0,10530.0,10335.0,11800.0,9270.0,13674,54030,10495.0,7,10500.0,11,10505.0,7,10510.0,9,10515.0,12,10520.0,1,10525.0,14,10530.0,39,10535.0,35,10540.0,37,10520.0
CJ409,,13:41:49.250#,10425.0,10530.0,10335.0,11800.0,9270.0,13674,54030,10495.0,7,10500.0,11,10505.0,7,10510.0,9,10515.0,12,10520.0,1,10525.0,14,10530.0,39,10535.0,33,10540.0,37,10520.0
CJ409,,13:41:49.500#,10425.0,10530.0,10335.0,11800.0,9270.0,13674,54030,10495.0,7,10500.0,11,10505.0,7,10510.0,9,10515.0,12,10520.0,1,10525.0,14,10530.0,40,10535.0,33,10540.0,37,10520.0
CJ409,,13:41:50.500#,10425.0,10530.0,10335.0,11800.0,9270.0,13674,54030,10495.0,7,10500.0,11,10505.0,7,10510.0,9,10515.0,12,10520.0,1,10525.0,14,10530.0,40,10535.0,33,10540.0,37,10520.0
CJ409,,13:41:52.750#,10425.0,10530.0,10335.0,11800.0,9270.0,13675,54030,10500.0,11,10505.0,7,10510.0,9,10515.0,11,10520.0,2,10525.0,17,10530.0,40,10535.0,33,10540.0,37,10545.0,20,10520.0
CJ409,,13:41:53.500#,10425.0,10530.0,10335.0,11800.0,9270.0,13675,54030,10500.0,11,10505.0,7,10510.0,9,10515.0,11,10520.0,4,10525.0,17,10530.0,40,10535.0,33,10540.0,37,10545.0,20,10520.0
CJ409,,13:41:54.500#,10425.0,10530.0,10335.0,11800.0,9270.0,13675,54030,10500.0,11,10505.0,7,10510.0,9,10515.0,11,10520.0,4,10525.0,17,10530.0,40,10535.0,33,10540.0,37,10545.0,20,10520.0
CJ409,,13:41:57.0#,10425.0,10530.0,10335.0,11800.0,9270.0,13675,54030,10500.0,11,10505.0,7,10510.0,9,10515.0,11,10520.0,4,10525.0,16,10530.0,40,10535.0,33,10540.0,37,10545.0,20,10520.0
CJ409,,13:41:58.0#,10425.0,10530.0,10335.0,11800.0,9270.0,13677,54032,10500.0,11,10505.0,7,10510.0,9,10515.0,11,10520.0,2,10525.0,14,10530.0,40,10535.0,33,10540.0,37,10545.0,20,10520.0
CJ409,,13:41:59.0#,10425.0,10530.0,10335.0,11800.0,9270.0,13679,54032,10500.0,11,10505.0,7,10510.0,9,10515.0,11,10520.0,2,10525.0,12,10530.0,40,10535.0,33,10540.0,37,10545.0,20,10525.0
CJ409,,13:41:59.500#,10425.0,10530.0,10335.0,11800.0,9270.0,13679,54032,10500.0,11,10505.0,7,10510.0,9,10515.0,11,10520.0,3,10525.0,12,10530.0,40,10535.0,33,10540.0,37,10545.0,20,10525.0
CJ409,,13:42:01.0#,10425.0,10530.0,10335.0,11800.0,9270.0,13680,54033,10500.0,11,10505.0,7,10510.0,9,10515.0,11,10520.0,2,10525.0,12,10530.0,40,10535.0,33,10540.0,37,10545.0,20,10520.0
CJ409,,13:42:05.750#,10425.0,10530.0,10335.0,11800.0,9270.0,13680,54033,10500.0,11,10505.0,7,10510.0,9,10515.0,11,10520.0,2,10525.0,12,10530.0,41,10535.0,33,10540.0,37,10545.0,20,10520.0
CJ409,,13:42:06.250#,10425.0,10530.0,10335.0,11800.0,9270.0,13680,54033,10500.0,11,10505.0,7,10510.0,9,10515.0,9,10520.0,2,10525.0,14,10530.0,41,10535.0,33,10540.0,35,10545.0,20,10520.0
CJ409,,13:42:06.500#,10425.0,10530.0,10335.0,11800.0,9270.0,13682,54032,10495.0,7,10500.0,11,10505.0,7,10510.0,9,10515.0,10,10525.0,14,10530.0,41,10535.0,33,10540.0,35,10545.0,20,10520.0
CJ409,,13:42:06.750#,10425.0,10530.0,10335.0,11800.0,9270.0,13683,54032,10495.0,7,10500.0,11,10505.0,7,10510.0,9,10515.0,10,10520.0,1,10525.0,17,10530.0,41,10535.0,33,10540.0,35,10520.0
CJ409,,13:42:07.0#,10425.0,10530.0,10335.0,11800.0,9270.0,13683,54032,10495.0,7,10500.0,11,10505.0,7,10510.0,9,10515.0,15,10520.0,1,10525.0,17,10530.0,41,10535.0,33,10540.0,35,10520.0
CJ409,,13:42:08.250#,10425.0,10530.0,10335.0,11800.0,9270.0,13684,54032,10495.0,7,10500.0,11,10505.0,7,10510.0,9,10515.0,14,10520.0,1,10525.0,18,10530.0,41,10535.0,33,10540.0,35,10515.0
CJ409,,13:42:08.500#,10425.0,10530.0,10335.0,11800.0,9270.0,13684,54032,10495.0,7,10500.0,11,10505.0,7,10510.0,9,10515.0,14,10525.0,19,10530.0,41,10535.0,33,10540.0,35,10545.0,20,10515.0
CJ409,,13:42:08.750#,10425.0,10530.0,10335.0,11800.0,9270.0,13684,54032,10495.0,7,10500.0,11,10505.0,7,10510.0,9,10515.0,14,10520.0,5,10525.0,18,10530.0,41,10535.0,33,10540.0,35,10515.0
CJ409,,13:42:09.0#,10425.0,10530.0,10335.0,11800.0,9270.0,13684,54032,10495.0,7,10500.0,11,10505.0,7,10510.0,9,10515.0,14,10520.0,4,10525.0,18,10530.0,41,10535.0,33,10540.0,35,10515.0
CJ409,,13:42:10.750#,10425.0,10530.0,10335.0,11800.0,9270.0,13685,54032,10495.0,7,10500.0,11,10505.0,7,10510.0,9,10515.0,13,10520.0,4,10525.0,18,10530.0,41,10535.0,33,10540.0,35,10515.0
CJ409,,13:42:11.0#,10425.0,10530.0,10335.0,11800.0,9270.0,13685,54032,10495.0,7,10500.0,11,10505.0,7,10510.0,9,10515.0,13,10520.0,5,10525.0,18,10530.0,41,10535.0,33,10540.0,35,10515.0
CJ409,,13:42:12.750#,10425.0,10530.0,10335.0,11800.0,9270.0,13685,54032,10495.0,7,10500.0,11,10505.0,6,10510.0,9,10515.0,13,10520.0,7,10525.0,18,10530.0,41,10535.0,33,10540.0,35,10515.0
CJ409,,13:42:15.750#,10425.0,10530.0,10335.0,11800.0,9270.0,13686,54032,10495.0,7,10500.0,11,10505.0,6,10510.0,9,10515.0,17,10520.0,3,10525.0,18,10530.0,41,10535.0,33,10540.0,35,10520.0
CJ409,,13:42:16.750#,10425.0,10530.0,10335.0,11800.0,9270.0,13686,54032,10495.0,7,10500.0,11,10505.0,6,10510.0,9,10515.0,17,10520.0,1,10525.0,18,10530.0,41,10535.0,33,10540.0,35,10520.0
CJ409,,13:42:17.0#,10425.0,10530.0,10335.0,11800.0,9270.0,13687,54033,10495.0,7,10500.0,11,10505.0,6,10510.0,9,10515.0,17,10525.0,19,10530.0,41,10535.0,33,10540.0,35,10545.0,20,10520.0
CJ409,,13:42:17.250#,10425.0,10530.0,10335.0,11800.0,9270.0,13687,54033,10495.0,7,10500.0,11,10505.0,6,10510.0,9,10515.0,17,10520.0,3,10525.0,18,10530.0,41,10535.0,33,10540.0,35,10520.0
CJ409,,13:42:18.0#,10425.0,10530.0,10335.0,11800.0,9270.0,13688,54033,10495.0,7,10500.0,11,10505.0,6,10510.0,9,10515.0,17,10520.0,6,10525.0,18,10530.0,41,10535.0,33,10540.0,35,10520.0
CJ409,,13:42:19.750#,10425.0,10530.0,10335.0,11800.0,9270.0,13692,54034,10495.0,7,10500.0,11,10505.0,6,10510.0,9,10515.0,15,10520.0,6,10525.0,18,10530.0,41,10535.0,33,10540.0,35,10515.0
CJ409,,13:42:20.0#,10425.0,10530.0,10335.0,11800.0,9270.0,13692,54034,10495.0,7,10500.0,11,10505.0,6,10510.0,9,10515.0,15,10520.0,9,10525.0,19,10530.0,41,10535.0,33,10540.0,35,10515.0
CJ409,,13:42:22.0#,10425.0,10530.0,10335.0,11800.0,9270.0,13694,54035,10495.0,7,10500.0,11,10505.0,6,10510.0,9,10515.0,13,10520.0,8,10525.0,19,10530.0,41,10535.0,33,10540.0,35,10520.0
CJ409,,13:42:22.250#,10425.0,10530.0,10335.0,11800.0,9270.0,13694,54035,10495.0,7,10500.0,11,10505.0,6,10510.0,9,10515.0,14,10520.0,8,10525.0,19,10530.0,41,10535.0,33,10540.0,35,10520.0
CJ409,,13:42:23.750#,10425.0,10530.0,10335.0,11800.0,9270.0,13694,54035,10495.0,7,10500.0,11,10505.0,6,10510.0,9,10515.0,14,10520.0,8,10525.0,19,10530.0,40,10535.0,33,10540.0,35,10520.0
CJ409,,13:42:24.250#,10425.0,10530.0,10335.0,11800.0,9270.0,13694,54035,10495.0,7,10500.0,11,10505.0,6,10510.0,9,10515.0,14,10520.0,9,10525.0,19,10530.0,40,10535.0,33,10540.0,35,10520.0
CJ409,,13:42:25.0#,10425.0,10530.0,10335.0,11800.0,9270.0,13694,54035,10495.0,7,10500.0,11,10505.0,6,10510.0,10,10515.0,14,10520.0,9,10525.0,19,10530.0,40,10535.0,33,10540.0,35,10520.0
CJ409,,13:42:25.250#,10425.0,10530.0,10335.0,11800.0,9270.0,13694,54035,10495.0,7,10500.0,11,10505.0,6,10510.0,10,10515.0,14,10520.0,4,10525.0,19,10530.0,40,10535.0,33,10540.0,35,10520.0
CJ409,,13:42:25.500#,10425.0,10530.0,10335.0,11800.0,9270.0,13694,54035,10495.0,7,10500.0,11,10505.0,6,10510.0,10,10515.0,15,10520.0,4,10525.0,19,10530.0,40,10535.0,33,10540.0,35,10520.0
CJ409,,13:42:25.750#,10425.0,10530.0,10335.0,11800.0,9270.0,13694,54035,10495.0,7,10500.0,11,10505.0,6,10510.0,10,10515.0,15,10520.0,4,10525.0,19,10530.0,41,10535.0,33,10540.0,35,10520.0
CJ409,,13:42:26.500#,10425.0,10530.0,10335.0,11800.0,9270.0,13694,54035,10495.0,7,10500.0,11,10505.0,6,10510.0,10,10515.0,15,10520.0,4,10525.0,20,10530.0,41,10535.0,33,10540.0,35,10520.0
CJ409,,13:42:28.250#,10425.0,10530.0,10335.0,11800.0,9270.0,13694,54035,10495.0,7,10500.0,11,10505.0,6,10510.0,15,10515.0,15,10520.0,6,10525.0,20,10530.0,41,10535.0,33,10540.0,35,10520.0
CJ409,,13:42:30.750#,10425.0,10530.0,10335.0,11800.0,9270.0,13697,54037,10495.0,7,10500.0,11,10505.0,6,10510.0,15,10515.0,13,10520.0,5,10525.0,22,10530.0,41,10535.0,33,10540.0,35,10520.0
CJ409,,13:42:31.0#,10425.0,10530.0,10335.0,11800.0,9270.0,13697,54037,10495.0,7,10500.0,11,10505.0,6,10510.0,15,10515.0,13,10520.0,6,10525.0,22,10530.0,41,10535.0,33,10540.0,35,10520.0
CJ409,,13:42:31.500#,10425.0,10530.0,10335.0,11800.0,9270.0,13699,54039,10495.0,7,10500.0,11,10505.0,6,10510.0,15,10515.0,11,10520.0,7,10525.0,22,10530.0,41,10535.0,33,10540.0,35,10515.0
CJ409,,13:42:31.750#,10425.0,10530.0,10335.0,11800.0,9270.0,13699,54039,10495.0,7,10500.0,11,10505.0,6,10510.0,15,10515.0,10,10520.0,8,10525.0,22,10530.0,41,10535.0,33,10540.0,35,10515.0
CJ409,,13:42:32.500#,10425.0,10530.0,10335.0,11800.0,9270.0,13701,54039,10495.0,7,10500.0,11,10505.0,6,10510.0,15,10515.0,9,10520.0,7,10525.0,22,10530.0,41,10535.0,33,10540.0,35,10520.0
CJ409,,13:42:32.750#,10425.0,10530.0,10335.0,11800.0,9270.0,13701,54039,10495.0,7,10500.0,11,10505.0,6,10510.0,15,10515.0,9,10520.0,7,10525.0,22,10530.0,41,10535.0,33,10540.0,35,10520.0
CJ409,,13:42:33.750#,10425.0,10530.0,10335.0,11800.0,9270.0,13701,54039,10495.0,7,10500.0,11,10505.0,6,10510.0,15,10515.0,10,10520.0,7,10525.0,22,10530.0,41,10535.0,33,10540.0,35,10520.0
CJ409,,13:42:34.0#,10425.0,10530.0,10335.0,11800.0,9270.0,13701,54039,10495.0,7,10500.0,11,10505.0,6,10510.0,15,10515.0,10,10520.0,7,10525.0,21,10530.0,41,10535.0,33,10540.0,35,10520.0
CJ409,,13:42:34.250#,10425.0,10530.0,10335.0,11800.0,9270.0,13701,54039,10495.0,7,10500.0,11,10505.0,6,10510.0,15,10515.0,10,10520.0,7,10525.0,21,10530.0,41,10535.0,33,10540.0,35,10520.0
CJ409,,13:42:34.500#,10425.0,10530.0,10335.0,11800.0,9270.0,13701,54039,10495.0,7,10500.0,11,10505.0,6,10510.0,15,10515.0,10,10520.0,8,10525.0,21,10530.0,41,10535.0,33,10540.0,35,10520.0
CJ409,,13:42:36.500#,10425.0,10530.0,10335.0,11800.0,9270.0,13701,54039,10495.0,7,10500.0,11,10505.0,6,10510.0,15,10515.0,10,10520.0,9,10525.0,21,10530.0,41,10535.0,33,10540.0,35,10520.0
CJ409,,13:42:39.0#,10425.0,10530.0,10335.0,11800.0,9270.0,13701,54039,10495.0,7,10500.0,11,10505.0,6,10510.0,15,10515.0,10,10520.0,9,10525.0,21,10530.0,41,10535.0,33,10540.0,35,10520.0
CJ409,,13:42:41.500#,10425.0,10530.0,10335.0,11800.0,9270.0,13701,54039,10495.0,7,10500.0,11,10505.0,6,10510.0,15,10515.0,10,10520.0,10,10525.0,21,10530.0,41,10535.0,33,10540.0,35,10520.0
CJ409,,13:42:42.750#,10425.0,10530.0,10335.0,11800.0,9270.0,13702,54039,10495.0,7,10500.0,11,10505.0,6,10510.0,15,10515.0,10,10520.0,9,10525.0,21,10530.0,41,10535.0,33,10540.0,35,10520.0
CJ409,,13:42:45.250#,10425.0,10530.0,10335.0,11800.0,9270.0,13703,54039,10495.0,7,10500.0,11,10505.0,6,10510.0,15,10515.0,9,10520.0,9,10525.0,21,10530.0,41,10535.0,33,10540.0,35,10515.0
CJ409,,13:42:45.500#,10425.0,10530.0,10335.0,11800.0,9270.0,13703,54039,10495.0,7,10500.0,11,10505.0,6,10510.0,15,10515.0,9,10520.0,10,10525.0,21,10530.0,41,10535.0,33,10540.0,35,10515.0
CJ409,,13:42:45.750#,10425.0,10530.0,10335.0,11800.0,9270.0,13703,54039,10495.0,7,10500.0,11,10505.0,6,10510.0,15,10515.0,9,10520.0,10,10525.0,22,10530.0,40,10535.0,33,10540.0,35,10515.0
CJ409,,13:42:46.500#,10425.0,10530.0,10335.0,11800.0,9270.0,13703,54039,10495.0,7,10500.0,11,10505.0,6,10510.0,13,10515.0,9,10520.0,10,10525.0,22,10530.0,40,10535.0,33,10540.0,35,10515.0
CJ409,,13:42:48.500#,10425.0,10530.0,10335.0,11800.0,9270.0,13703,54039,10495.0,7,10500.0,11,10505.0,6,10510.0,13,10515.0,10,10520.0,10,10525.0,22,10530.0,40,10535.0,33,10540.0,35,10515.0
CJ409,,13:42:49.250#,10425.0,10530.0,10335.0,11800.0,9270.0,13707,54039,10495.0,7,10500.0,11,10505.0,6,10510.0,13,10515.0,6,10520.0,10,10525.0,22,10530.0,40,10535.0,33,10540.0,35,10515.0
CJ409,,13:42:50.250#,10425.0,10530.0,10335.0,11800.0,9270.0,13708,54039,10495.0,7,10500.0,11,10505.0,6,10510.0,13,10515.0,5,10520.0,10,10525.0,22,10530.0,40,10535.0,33,10540.0,35,10515.0
CJ409,,13:42:51.0#,10425.0,10530.0,10335.0,11800.0,9270.0,13713,54036,10490.0,13,10495.0,7,10500.0,11,10505.0,6,10510.0,13,10520.0,10,10525.0,22,10530.0,40,10535.0,33,10540.0,35,10515.0
CJ409,,13:42:51.250#,10425.0,10530.0,10335.0,11800.0,9270.0,13713,54036,10490.0,13,10495.0,7,10500.0,11,10505.0,6,10510.0,14,10515.0,1,10520.0,14,10525.0,22,10530.0,40,10535.0,33,10515.0
CJ409,,13:42:51.500#,10425.0,10530.0,10335.0,11800.0,9270.0,13713,54036,10490.0,13,10495.0,7,10500.0,11,10505.0,6,10510.0,14,10520.0,14,10525.0,22,10530.0,41,10535.0,33,10540.0,35,10515.0
CJ409,,13:42:51.750#,10425.0,10530.0,10335.0,11800.0,9270.0,13713,54036,10490.0,13,10495.0,7,10500.0,11,10505.0,6,10510.0,14,10515.0,1,10520.0,18,10525.0,22,10530.0,41,10535.0,33,10515.0
CJ409,,13:42:52.0#,10425.0,10530.0,10335.0,11800.0,9270.0,13713,54036,10490.0,13,10495.0,7,10500.0,11,10505.0,6,10510.0,14,10520.0,18,10525.0,22,10530.0,41,10535.0,33,10540.0,34,10515.0
CJ409,,13:42:52.250#,10425.0,10530.0,10335.0,11800.0,9270.0,13713,54036,10490.0,13,10495.0,7,10500.0,11,10505.0,6,10510.0,14,10515.0,1,10520.0,18,10525.0,23,10530.0,41,10535.0,33,10515.0
CJ409,,13:42:52.500#,10425.0,10530.0,10335.0,11800.0,9270.0,13713,54036,10490.0,13,10495.0,7,10500.0,11,10505.0,6,10510.0,14,10520.0,18,10525.0,22,10530.0,41,10535.0,33,10540.0,34,10515.0
CJ409,,13:42:52.750#,10425.0,10530.0,10335.0,11800.0,9270.0,13713,54036,10490.0,13,10495.0,7,10500.0,11,10505.0,6,10510.0,14,10515.0,1,10520.0,18,10525.0,22,10530.0,41,10535.0,33,10515.0
CJ409,,13:42:53.0#,10425.0,10530.0,10335.0,11800.0,9270.0,13713,54036,10490.0,13,10495.0,7,10500.0,11,10505.0,6,10510.0,14,10520.0,14,10525.0,22,10530.0,41,10535.0,33,10540.0,34,10515.0
CJ409,,13:42:53.250#,10425.0,10530.0,10335.0,11800.0,9270.0,13713,54036,10490.0,13,10495.0,7,10500.0,11,10505.0,6,10510.0,14,10515.0,1,10520.0,14,10525.0,22,10530.0,41,10535.0,33,10515.0
CJ409,,13:42:53.500#,10425.0,10530.0,10335.0,11800.0,9270.0,13713,54036,10490.0,13,10495.0,7,10500.0,11,10505.0,6,10510.0,14,10520.0,15,10525.0,22,10530.0,41,10535.0,33,10540.0,34,10515.0
CJ409,,13:42:53.750#,10425.0,10530.0,10335.0,11800.0,9270.0,13713,54036,10490.0,13,10495.0,7,10500.0,11,10505.0,6,10510.0,14,10515.0,3,10520.0,14,10525.0,22,10530.0,41,10535.0,33,10515.0
CJ409,,13:42:54.0#,10425.0,10530.0,10335.0,11800.0,9270.0,13713,54036,10490.0,13,10495.0,7,10500.0,11,10505.0,6,10510.0,14,10515.0,2,10520.0,14,10525.0,22,10530.0,41,10535.0,33,10515.0
CJ409,,13:42:54.250#,10425.0,10530.0,10335.0,11800.0,9270.0,13713,54036,10490.0,13,10495.0,7,10500.0,11,10505.0,6,10510.0,14,10515.0,4,10520.0,14,10525.0,22,10530.0,41,10535.0,33,10515.0
CJ409,,13:42:54.750#,10425.0,10530.0,10335.0,11800.0,9270.0,13714,54036,10490.0,13,10495.0,7,10500.0,11,10505.0,6,10510.0,14,10515.0,3,10520.0,14,10525.0,22,10530.0,41,10535.0,33,10515.0
CJ409,,13:42:55.500#,10425.0,10530.0,10335.0,11800.0,9270.0,13714,54036,10490.0,13,10495.0,7,10500.0,11,10505.0,7,10510.0,14,10515.0,3,10520.0,14,10525.0,22,10530.0,41,10535.0,33,10515.0
CJ409,,13:42:56.500#,10425.0,10530.0,10335.0,11800.0,9270.0,13714,54036,10490.0,13,10495.0,7,10500.0,11,10505.0,11,10510.0,14,10515.0,3,10520.0,14,10525.0,22,10530.0,41,10535.0,33,10515.0
CJ409,,13:42:57.250#,10425.0,10530.0,10335.0,11800.0,9270.0,13714,54036,10490.0,13,10495.0,7,10500.0,11,10505.0,7,10510.0,14,10515.0,3,10520.0,14,10525.0,22,10530.0,41,10535.0,33,10515.0
CJ409,,13:42:59.0#,10425.0,10530.0,10335.0,11800.0,9270.0,13717,54035,10490.0,13,10495.0,7,10500.0,11,10505.0,7,10510.0,12,10515.0,2,10520.0,14,10525.0,22,10530.0,41,10535.0,33,10510.0
CJ409,,13:42:59.250#,10425.0,10530.0,10335.0,11800.0,9270.0,13732,54029,10485.0,3,10490.0,13,10495.0,7,10500.0,11,10505.0,7,10515.0,2,10520.0,14,10525.0,22,10530.0,41,10535.0,33,10505.0
CJ409,,13:42:59.500#,10425.0,10530.0,10335.0,11800.0,9270.0,13733,54029,10485.0,3,10490.0,13,10495.0,7,10500.0,10,10505.0,6,10510.0,3,10515.0,10,10520.0,15,10525.0,20,10530.0,41,10515.0
CJ409,,13:42:59.750#,10425.0,10530.0,10335.0,11800.0,9270.0,13734,54028,10485.0,3,10490.0,14,10495.0,7,10500.0,10,10505.0,4,10510.0,2,10515.0,10,10520.0,15,10525.0,22,10530.0,41,10510.0
CJ409,,13:43:00.250#,10425.0,10530.0,10335.0,11800.0,9270.0,13734,54028,10485.0,3,10490.0,14,10495.0,7,10500.0,10,10505.0,4,10510.0,2,10515.0,10,10520.0,14,10525.0,22,10530.0,41,10510.0
CJ409,,13:43:00.750#,10425.0,10530.0,10335.0,11800.0,9270.0,13734,54028,10485.0,3,10490.0,14,10495.0,7,10500.0,10,10505.0,4,10510.0,3,10515.0,11,10520.0,14,10525.0,22,10530.0,41,10510.0
CJ409,,13:43:02.500#,10425.0,10530.0,10335.0,11800.0,9270.0,13735,54027,10485.0,3,10490.0,14,10495.0,7,10500.0,10,10505.0,4,10510.0,2,10515.0,11,10520.0,14,10525.0,22,10530.0,41,10510.0
CJ409,,13:43:03.0#,10425.0,10530.0,10335.0,11800.0,9270.0,13736,54027,10485.0,3,10490.0,14,10495.0,7,10500.0,10,10505.0,4,10510.0,1,10515.0,11,10520.0,14,10525.0,22,10530.0,41,10510.0
CJ409,,13:43:03.250#,10425.0,10530.0,10335.0,11800.0,9270.0,13737,54027,10485.0,3,10490.0,14,10495.0,7,10500.0,10,10505.0,3,10510.0,1,10515.0,11,10520.0,14,10525.0,22,10530.0,41,10505.0
CJ409,,13:43:03.750#,10425.0,10530.0,10335.0,11800.0,9270.0,13738,54026,10485.0,3,10490.0,14,10495.0,7,10500.0,10,10505.0,2,10510.0,1,10515.0,11,10520.0,14,10525.0,22,10530.0,41,10505.0
CJ409,,13:43:04.0#,10425.0,10530.0,10335.0,11800.0,9270.0,13738,54026,10485.0,3,10490.0,14,10495.0,7,10500.0,10,10505.0,4,10510.0,1,10515.0,10,10520.0,13,10525.0,22,10530.0,41,10505.0
CJ409,,13:43:04.250#,10425.0,10530.0,10335.0,11800.0,9270.0,13739,54026,10485.0,3,10490.0,14,10495.0,7,10500.0,10,10505.0,3,10510.0,1,10515.0,10,10520.0,13,10525.0,22,10530.0,41,10505.0
CJ409,,13:43:05.0#,10425.0,10530.0,10335.0,11800.0,9270.0,13740,54026,10485.0,3,10490.0,14,10495.0,7,10500.0,10,10505.0,3,10515.0,10,10520.0,13,10525.0,22,10530.0,41,10535.0,33,10510.0
CJ409,,13:43:05.250#,10425.0,10530.0,10335.0,11800.0,9270.0,13740,54026,10485.0,3,10490.0,14,10495.0,7,10500.0,10,10505.0,3,10510.0,1,10515.0,10,10520.0,13,10525.0,22,10530.0,41,10510.0
CJ409,,13:43:05.500#,10425.0,10530.0,10335.0,11800.0,9270.0,13740,54026,10485.0,3,10490.0,14,10495.0,7,10500.0,10,10505.0,3,10515.0,10,10520.0,13,10525.0,22,10530.0,41,10535.0,33,10510.0
CJ409,,13:43:05.750#,10425.0,10530.0,10335.0,11800.0,9270.0,13740,54026,10485.0,3,10490.0,14,10495.0,7,10500.0,10,10505.0,3,10510.0,1,10515.0,10,10520.0,13,10525.0,22,10530.0,41,10510.0
CJ409,,13:43:06.0#,10425.0,10530.0,10335.0,11800.0,9270.0,13740,54026,10485.0,3,10490.0,14,10495.0,7,10500.0,10,10505.0,3,10515.0,10,10520.0,13,10525.0,22,10530.0,41,10535.0,33,10510.0
CJ409,,13:43:06.250#,10425.0,10530.0,10335.0,11800.0,9270.0,13740,54026,10485.0,3,10490.0,14,10495.0,7,10500.0,10,10505.0,4,10510.0,5,10515.0,10,10520.0,13,10525.0,22,10530.0,41,10510.0
CJ409,,13:43:06.500#,10425.0,10530.0,10335.0,11800.0,9270.0,13740,54026,10485.0,3,10490.0,14,10495.0,7,10500.0,10,10505.0,5,10515.0,10,10520.0,13,10525.0,22,10530.0,41,10535.0,33,10510.0
CJ409,,13:43:06.750#,10425.0,10530.0,10335.0,11800.0,9270.0,13741,54025,10485.0,3,10490.0,14,10495.0,7,10500.0,10,10505.0,5,10515.0,10,10520.0,13,10525.0,22,10530.0,41,10535.0,33,10510.0
CJ409,,13:43:07.0#,10425.0,10530.0,10335.0,11800.0,9270.0,13741,54025,10485.0,3,10490.0,11,10495.0,7,10500.0,10,10505.0,5,10515.0,10,10520.0,13,10525.0,22,10530.0,41,10535.0,33,10510.0
CJ409,,13:43:07.500#,10425.0,10530.0,10335.0,11800.0,9270.0,13743,54026,10485.0,3,10490.0,11,10495.0,7,10500.0,10,10505.0,3,10515.0,10,10520.0,13,10525.0,22,10530.0,41,10535.0,33,10505.0
CJ409,,13:43:07.750#,10425.0,10530.0,10335.0,11800.0,9270.0,13743,54026,10485.0,3,10490.0,11,10495.0,7,10500.0,10,10505.0,3,10510.0,7,10515.0,10,10520.0,13,10525.0,22,10530.0,41,10505.0
CJ409,,13:43:08.0#,10425.0,10530.0,10335.0,11800.0,9270.0,13747,54027,10480.0,35,10485.0,3,10490.0,11,10495.0,7,10500.0,11,10505.0,6,10515.0,10,10520.0,13,10525.0,22,10530.0,41,10505.0
CJ409,,13:43:08.250#,10425.0,10530.0,10335.0,11800.0,9270.0,13749,54027,10480.0,35,10485.0,3,10490.0,12,10495.0,7,10500.0,10,10505.0,4,10515.0,10,10520.0,15,10525.0,22,10530.0,41,10505.0
CJ409,,13:43:08.500#,10425.0,10530.0,10335.0,11800.0,9270.0,13749,54027,10480.0,35,10485.0,3,10490.0,12,10495.0,7,10500.0,10,10505.0,4,10515.0,10,10520.0,15,10525.0,22,10530.0,41,10505.0
CJ409,,13:43:09.0#,10425.0,10530.0,10335.0,11800.0,9270.0,13751,54027,10480.0,35,10485.0,3,10490.0,12,10495.0,7,10500.0,8,10505.0,4,10515.0,10,10520.0,15,10525.0,22,10530.0,41,10500.0
CJ409,,13:43:09.250#,10425.0,10530.0,10335.0,11800.0,9270.0,13752,54027,10480.0,35,10485.0,3,10490.0,12,10495.0,7,10500.0,7,10505.0,4,10515.0,10,10520.0,15,10525.0,22,10530.0,41,10500.0
CJ409,,13:43:09.500#,10425.0,10530.0,10335.0,11800.0,9270.0,13767,54017,10480.0,35,10485.0,3,10490.0,12,10495.0,6,10500.0,2,10505.0,4,10515.0,10,10520.0,15,10525.0,22,10530.0,41,10495.0
CJ409,,13:43:09.750#,10425.0,10530.0,10335.0,11800.0,9270.0,13774,54016,10480.0,35,10485.0,3,10490.0,12,10495.0,2,10500.0,1,10505.0,6,10515.0,10,10520.0,15,10525.0,22,10530.0,41,10505.0
CJ409,,13:43:10.0#,10425.0,10530.0,10335.0,11800.0,9270.0,13775,54015,10475.0,18,10480.0,35,10485.0,3,10490.0,12,10495.0,7,10500.0,1,10505.0,9,10515.0,20,10520.0,14,10525.0,22,10500.0
CJ409,,13:43:10.250#,10425.0,10530.0,10335.0,11800.0,9270.0,13776,54015,10480.0,35,10485.0,4,10490.0,11,10495.0,7,10500.0,1,10505.0,8,10515.0,21,10520.0,15,10525.0,22,10530.0,41,10505.0
CJ409,,13:43:10.500#,10425.0,10530.0,10335.0,11800.0,9270.0,13777,54016,10480.0,36,10485.0,4,10490.0,11,10495.0,7,10500.0,1,10505.0,6,10515.0,21,10520.0,15,10525.0,22,10530.0,40,10505.0
CJ409,,13:43:10.750#,10425.0,10530.0,10335.0,11800.0,9270.0,13777,54016,10480.0,36,10485.0,4,10490.0,11,10495.0,7,10500.0,2,10505.0,6,10515.0,21,10520.0,15,10525.0,22,10530.0,40,10505.0
CJ409,,13:43:11.250#,10425.0,10530.0,10335.0,11800.0,9270.0,13777,54016,10480.0,36,10485.0,4,10490.0,11,10495.0,7,10500.0,2,10505.0,5,10515.0,21,10520.0,15,10525.0,22,10530.0,40,10505.0
CJ409,,13:43:11.500#,10425.0,10530.0,10335.0,11800.0,9270.0,13777,54016,10480.0,36,10485.0,4,10490.0,11,10495.0,7,10500.0,2,10505.0,3,10515.0,21,10520.0,15,10525.0,22,10530.0,40,10505.0
CJ409,,13:43:11.750#,10425.0,10530.0,10335.0,11800.0,9270.0,13778,54017,10480.0,36,10485.0,4,10490.0,11,10495.0,7,10500.0,2,10505.0,1,10515.0,21,10520.0,15,10525.0,22,10530.0,40,10505.0
CJ409,,13:43:12.0#,10425.0,10530.0,10335.0,11800.0,9270.0,13778,54017,10480.0,36,10485.0,4,10490.0,11,10495.0,7,10500.0,4,10515.0,22,10520.0,15,10525.0,22,10530.0,40,10535.0,32,10505.0
CJ409,,13:43:12.250#,10425.0,10530.0,10335.0,11800.0,9270.0,13778,54017,10480.0,36,10485.0,4,10490.0,11,10495.0,7,10500.0,4,10510.0,15,10515.0,19,10520.0,14,10525.0,23,10530.0,40,10505.0
CJ409,,13:43:12.500#,10425.0,10530.0,10335.0,11800.0,9270.0,13778,54017,10480.0,36,10485.0,4,10490.0,11,10495.0,7,10500.0,3,10510.0,15,10515.0,19,10520.0,13,10525.0,23,10530.0,41,10505.0
CJ409,,13:43:12.750#,10425.0,10530.0,10335.0,11800.0,9270.0,13778,54017,10480.0,36,10485.0,4,10490.0,11,10495.0,7,10500.0,4,10505.0,4,10510.0,11,10515.0,19,10520.0,13,10525.0,23,10505.0
CJ409,,13:43:13.0#,10425.0,10530.0,10335.0,11800.0,9270.0,13778,54017,10480.0,36,10485.0,4,10490.0,11,10495.0,7,10500.0,3,10510.0,4,10515.0,19,10520.0,14,10525.0,23,10530.0,41,10505.0
CJ409,,13:43:13.250#,10425.0,10530.0,10335.0,11800.0,9270.0,13778,54017,10480.0,36,10485.0,4,10490.0,11,10495.0,7,10500.0,2,10510.0,12,10515.0,19,10520.0,14,10525.0,23,10530.0,40,10505.0
CJ409,,13:43:13.500#,10425.0,10530.0,10335.0,11800.0,9270.0,13778,54017,10480.0,36,10485.0,4,10490.0,11,10495.0,7,10500.0,1,10505.0,4,10510.0,12,10515.0,19,10520.0,14,10525.0,23,10505.0
CJ409,,13:43:13.750#,10425.0,10530.0,10335.0,11800.0,9270.0,13778,54017,10480.0,36,10485.0,4,10490.0,11,10495.0,7,10500.0,1,10505.0,1,10510.0,12,10515.0,18,10520.0,14,10525.0,23,10505.0
CJ409,,13:43:14.0#,10425.0,10530.0,10335.0,11800.0,9270.0,13778,54017,10480.0,36,10485.0,4,10490.0,11,10495.0,7,10500.0,2,10505.0,1,10510.0,11,10515.0,18,10520.0,14,10525.0,23,10505.0
CJ409,,13:43:14.250#,10425.0,10530.0,10335.0,11800.0,9270.0,13778,54017,10480.0,36,10485.0,4,10490.0,11,10495.0,7,10500.0,2,10510.0,12,10515.0,18,10520.0,14,10525.0,23,10530.0,40,10505.0
CJ409,,13:43:14.500#,10425.0,10530.0,10335.0,11800.0,9270.0,13778,54017,10480.0,36,10485.0,4,10490.0,11,10495.0,7,10500.0,2,10505.0,4,10510.0,12,10515.0,18,10520.0,14,10525.0,23,10505.0
CJ409,,13:43:14.750#,10425.0,10530.0,10335.0,11800.0,9270.0,13778,54017,10480.0,36,10485.0,5,10490.0,11,10495.0,7,10500.0,2,10510.0,12,10515.0,18,10520.0,14,10525.0,23,10530.0,40,10505.0
CJ409,,13:43:15.0#,10425.0,10530.0,10335.0,11800.0,9270.0,13778,54017,10480.0,36,10485.0,5,10490.0,11,10495.0,7,10500.0,3,10505.0,4,10510.0,12,10515.0,18,10520.0,14,10525.0,23,10505.0
CJ409,,13:43:15.250#,10425.0,10530.0,10335.0,11800.0,9270.0,13778,54017,10480.0,36,10485.0,5,10490.0,11,10495.0,7,10500.0,2,10510.0,13,10515.0,18,10520.0,14,10525.0,23,10530.0,40,10505.0
CJ409,,13:43:15.500#,10425.0,10530.0,10335.0,11800.0,9270.0,13779,54016,10480.0,36,10485.0,5,10490.0,11,10495.0,7,10500.0,1,10505.0,4,10510.0,12,10515.0,18,10520.0,14,10525.0,23,10500.0
CJ409,,13:43:15.750#,10425.0,10530.0,10335.0,11800.0,9270.0,13779,54016,10480.0,36,10485.0,5,10490.0,11,10495.0,7,10500.0,1,10505.0,7,10510.0,12,10515.0,18,10520.0,14,10525.0,23,10500.0
CJ409,,13:43:16.0#,10425.0,10530.0,10335.0,11800.0,9270.0,13779,54016,10475.0,18,10480.0,36,10485.0,5,10490.0,11,10495.0,7,10505.0,5,10510.0,12,10515.0,18,10520.0,14,10525.0,23,10500.0
CJ409,,13:43:16.750#,10425.0,10530.0,10335.0,11800.0,9270.0,13779,54016,10475.0,18,10480.0,36,10485.0,5,10490.0,11,10495.0,8,10505.0,6,10510.0,12,10515.0,18,10520.0,14,10525.0,23,10500.0
CJ409,,13:43:17.250#,10425.0,10530.0,10335.0,11800.0,9270.0,13779,54016,10475.0,18,10480.0,36,10485.0,5,10490.0,11,10495.0,8,10505.0,6,10510.0,12,10515.0,18,10520.0,14,10525.0,23,10500.0
CJ409,,13:43:18.750#,10425.0,10530.0,10335.0,11800.0,9270.0,13780,54016,10475.0,18,10480.0,36,10485.0,5,10490.0,11,10495.0,8,10505.0,5,10510.0,12,10515.0,18,10520.0,14,10525.0,23,10505.0
CJ409,,13:43:19.0#,10425.0,10530.0,10335.0,11800.0,9270.0,13780,54016,10475.0,18,10480.0,36,10485.0,5,10490.0,11,10495.0,9,10505.0,6,10510.0,12,10515.0,18,10520.0,14,10525.0,23,10505.0
CJ409,,13:43:21.0#,10425.0,10530.0,10335.0,11800.0,9270.0,13780,54016,10475.0,18,10480.0,36,10485.0,5,10490.0,11,10495.0,9,10505.0,5,10510.0,12,10515.0,18,10520.0,14,10525.0,23,10505.0
CJ409,,13:43:22.250#,10425.0,10530.0,10335.0,11800.0,9270.0,13780,54016,10475.0,18,10480.0,36,10485.0,5,10490.0,11,10495.0,10,10505.0,5,10510.0,12,10515.0,18,10520.0,14,10525.0,23,10505.0
CJ409,,13:43:22.750#,10425.0,10530.0,10335.0,11800.0,9270.0,13780,54016,10475.0,18,10480.0,36,10485.0,5,10490.0,11,10495.0,10,10505.0,6,10510.0,12,10515.0,18,10520.0,14,10525.0,23,10505.0
CJ409,,13:43:23.250#,10425.0,10530.0,10335.0,11800.0,9270.0,13780,54016,10475.0,18,10480.0,36,10485.0,5,10490.0,12,10495.0,10,10505.0,6,10510.0,12,10515.0,18,10520.0,14,10525.0,23,10505.0
CJ409,,13:43:23.500#,10425.0,10530.0,10335.0,11800.0,9270.0,13780,54016,10475.0,18,10480.0,36,10485.0,6,10490.0,12,10495.0,10,10505.0,6,10510.0,12,10515.0,18,10520.0,14,10525.0,23,10505.0
CJ409,,13:43:25.750#,10425.0,10530.0,10335.0,11800.0,9270.0,13780,54016,10475.0,18,10480.0,36,10485.0,6,10490.0,12,10495.0,10,10505.0,6,10510.0,12,10515.0,18,10520.0,14,10525.0,21,10505.0
CJ409,,13:43:26.250#,10425.0,10530.0,10335.0,11800.0,9270.0,13780,54016,10475.0,18,10480.0,36,10485.0,6,10490.0,12,10495.0,10,10505.0,4,10510.0,12,10515.0,18,10520.0,14,10525.0,21,10505.0
CJ409,,13:43:26.500#,10425.0,10530.0,10335.0,11800.0,9270.0,13780,54016,10480.0,36,10485.0,6,10490.0,12,10495.0,10,10500.0,15,10505.0,3,10510.0,12,10515.0,18,10520.0,14,10525.0,21,10505.0
CJ409,,13:43:26.750#,10425.0,10530.0,10335.0,11800.0,9270.0,13780,54016,10480.0,36,10485.0,6,10490.0,12,10495.0,10,10500.0,15,10505.0,2,10510.0,12,10515.0,18,10520.0,14,10525.0,21,10505.0
CJ409,,13:43:30.750#,10425.0,10530.0,10335.0,11800.0,9270.0,13781,54016,10480.0,36,10485.0,6,10490.0,12,10495.0,10,10500.0,15,10505.0,1,10510.0,12,10515.0,18,10520.0,14,10525.0,21,10505.0
CJ409,,13:43:31.0#,10425.0,10530.0,10335.0,11800.0,9270.0,13781,54016,10480.0,36,10485.0,6,10490.0,12,10495.0,10,10500.0,15,10505.0,1,10510.0,12,10515.0,18,10520.0,14,10525.0,21,10505.0
CJ409,,13:43:31.250#,10425.0,10530.0,10335.0,11800.0,9270.0,13781,54016,10480.0,36,10485.0,6,10490.0,12,10495.0,10,10500.0,15,10505.0,1,10510.0,12,10515.0,18,10520.0,14,10525.0,21,10505.0
CJ409,,13:43:31.500#,10425.0,10530.0,10335.0,11800.0,9270.0,13781,54016,10475.0,16,10480.0,36,10485.0,6,10490.0,12,10495.0,10,10505.0,1,10510.0,12,10515.0,18,10520.0,14,10525.0,21,10505.0
CJ409,,13:43:31.750#,10425.0,10530.0,10335.0,11800.0,9270.0,13781,54016,10475.0,16,10480.0,36,10485.0,6,10490.0,12,10495.0,10,10505.0,3,10510.0,12,10515.0,18,10520.0,14,10525.0,21,10505.0
CJ409,,13:43:32.0#,10425.0,10530.0,10335.0,11800.0,9270.0,13783,54016,10475.0,16,10480.0,36,10485.0,6,10490.0,12,10495.0,10,10505.0,2,10510.0,12,10515.0,18,10520.0,14,10525.0,21,10505.0
CJ409,,13:43:32.250#,10425.0,10530.0,10335.0,11800.0,9270.0,13783,54016,10480.0,36,10485.0,6,10490.0,12,10495.0,10,10500.0,2,10505.0,2,10510.0,12,10515.0,18,10520.0,14,10525.0,21,10505.0
CJ409,,13:43:32.500#,10425.0,10530.0,10335.0,11800.0,9270.0,13783,54016,10480.0,36,10485.0,6,10490.0,12,10495.0,9,10500.0,2,10505.0,1,10510.0,12,10515.0,18,10520.0,14,10525.0,21,10505.0
CJ409,,13:43:32.750#,10425.0,10530.0,10335.0,11800.0,9270.0,13783,54016,10480.0,36,10485.0,6,10490.0,12,10495.0,9,10500.0,3,10510.0,13,10515.0,18,10520.0,14,10525.0,21,10530.0,40,10505.0
CJ409,,13:43:33.0#,10425.0,10530.0,10335.0,11800.0,9270.0,13783,54016,10480.0,36,10485.0,6,10490.0,12,10495.0,9,10500.0,3,10505.0,1,10510.0,12,10515.0,18,10520.0,14,10525.0,21,10505.0
CJ409,,13:43:33.250#,10425.0,10530.0,10335.0,11800.0,9270.0,13783,54016,10480.0,36,10485.0,6,10490.0,12,10495.0,9,10500.0,2,10505.0,1,10510.0,12,10515.0,18,10520.0,14,10525.0,21,10505.0
CJ409,,13:43:33.500#,10425.0,10530.0,10335.0,11800.0,9270.0,13783,54016,10480.0,36,10485.0,6,10490.0,12,10495.0,9,10500.0,1,10505.0,2,10510.0,12,10515.0,18,10520.0,14,10525.0,21,10505.0
CJ409,,13:43:33.750#,10425.0,10530.0,10335.0,11800.0,9270.0,13783,54016,10480.0,36,10485.0,6,10490.0,12,10495.0,9,10500.0,1,10505.0,8,10510.0,12,10515.0,18,10520.0,14,10525.0,21,10505.0
CJ409,,13:43:34.0#,10425.0,10530.0,10335.0,11800.0,9270.0,13784,54015,10475.0,16,10480.0,36,10485.0,6,10490.0,12,10495.0,9,10500.0,2,10505.0,8,10510.0,12,10515.0,18,10520.0,14,10500.0
CJ409,,13:43:34.250#,10425.0,10530.0,10335.0,11800.0,9270.0,13784,54015,10475.0,16,10480.0,36,10485.0,6,10490.0,12,10495.0,9,10500.0,2,10505.0,8,10510.0,12,10515.0,19,10520.0,13,10500.0
CJ409,,13:43:36.0#,10425.0,10530.0,10335.0,11800.0,9270.0,13785,54014,10475.0,16,10480.0,36,10485.0,6,10490.0,12,10495.0,9,10500.0,1,10505.0,8,10510.0,12,10515.0,19,10520.0,13,10500.0
CJ409,,13:43:36.250#,10425.0,10530.0,10335.0,11800.0,9270.0,13785,54014,10475.0,16,10480.0,36,10485.0,6,10490.0,12,10495.0,9,10500.0,1,10505.0,8,10510.0,12,10515.0,19,10520.0,13,10500.0
CJ409,,13:43:36.750#,10425.0,10530.0,10335.0,11800.0,9270.0,13786,54014,10475.0,16,10480.0,36,10485.0,6,10490.0,12,10495.0,9,10505.0,8,10510.0,12,10515.0,19,10520.0,13,10525.0,15,10500.0
CJ409,,13:43:37.0#,10425.0,10530.0,10335.0,11800.0,9270.0,13786,54014,10475.0,16,10480.0,36,10485.0,6,10490.0,12,10495.0,9,10500.0,1,10505.0,8,10510.0,12,10515.0,19,10520.0,13,10500.0
CJ409,,13:43:37.250#,10425.0,10530.0,10335.0,11800.0,9270.0,13786,54014,10475.0,16,10480.0,36,10485.0,6,10490.0,12,10495.0,9,10500.0,2,10505.0,8,10510.0,12,10515.0,19,10520.0,13,10500.0
CJ409,,13:43:37.750#,10425.0,10530.0,10335.0,11800.0,9270.0,13786,54014,10475.0,16,10480.0,38,10485.0,6,10490.0,12,10495.0,9,10500.0,2,10505.0,8,10510.0,12,10515.0,19,10520.0,13,10500.0
CJ409,,13:43:38.250#,10425.0,10530.0,10335.0,11800.0,9270.0,13788,54015,10480.0,38,10485.0,6,10490.0,12,10495.0,10,10500.0,2,10505.0,8,10510.0,12,10515.0,19,10520.0,13,10525.0,15,10500.0
CJ409,,13:43:38.500#,10425.0,10530.0,10335.0,11800.0,9270.0,13788,54015,10480.0,38,10485.0,6,10490.0,12,10495.0,10,10500.0,2,10505.0,7,10510.0,12,10515.0,19,10520.0,13,10525.0,15,10500.0
CJ409,,13:43:38.750#,10425.0,10530.0,10335.0,11800.0,9270.0,13800,54010,10470.0,9,10475.0,16,10480.0,38,10485.0,6,10490.0,14,10505.0,11,10510.0,12,10515.0,19,10520.0,13,10525.0,15,10495.0
CJ409,,13:43:39.0#,10425.0,10530.0,10335.0,11800.0,9270.0,13800,54010,10475.0,16,10480.0,39,10485.0,7,10490.0,12,10495.0,2,10500.0,11,10505.0,16,10510.0,12,10515.0,19,10520.0,9,10495.0
CJ409,,13:43:39.250#,10425.0,10530.0,10335.0,11800.0,9270.0,13800,54010,10475.0,16,10480.0,39,10485.0,7,10490.0,12,10495.0,1,10500.0,1,10505.0,16,10510.0,12,10515.0,19,10520.0,9,10495.0
CJ409,,13:43:39.500#,10425.0,10530.0,10335.0,11800.0,9270.0,13800,54010,10475.0,16,10480.0,39,10485.0,7,10490.0,12,10495.0,2,10500.0,1,10505.0,16,10510.0,12,10515.0,19,10520.0,8,10495.0
CJ409,,13:43:39.750#,10425.0,10530.0,10335.0,11800.0,9270.0,13800,54010,10475.0,16,10480.0,39,10485.0,6,10490.0,16,10495.0,2,10500.0,1,10505.0,16,10510.0,12,10515.0,19,10520.0,8,10495.0
CJ409,,13:43:40.0#,10425.0,10530.0,10335.0,11800.0,9270.0,13800,54010,10475.0,16,10480.0,39,10485.0,6,10490.0,16,10495.0,3,10500.0,1,10505.0,16,10510.0,12,10515.0,19,10520.0,8,10495.0
CJ409,,13:43:40.250#,10425.0,10530.0,10335.0,11800.0,9270.0,13800,54010,10475.0,16,10480.0,39,10485.0,6,10490.0,16,10495.0,4,10500.0,5,10505.0,16,10510.0,12,10515.0,19,10520.0,8,10495.0
CJ409,,13:43:41.0#,10425.0,10530.0,10335.0,11800.0,9270.0,13800,54010,10475.0,16,10480.0,39,10485.0,6,10490.0,16,10495.0,3,10500.0,5,10505.0,16,10510.0,12,10515.0,19,10520.0,8,10495.0
CJ409,,13:43:41.250#,10425.0,10530.0,10335.0,11800.0,9270.0,13801,54010,10475.0,16,10480.0,39,10485.0,6,10490.0,16,10495.0,2,10500.0,5,10505.0,16,10510.0,12,10515.0,19,10520.0,8,10495.0
CJ409,,13:43:41.500#,10425.0,10530.0,10335.0,11800.0,9270.0,13801,54010,10470.0,9,10475.0,16,10480.0,39,10485.0,6,10490.0,21,10500.0,5,10505.0,16,10510.0,12,10515.0,19,10520.0,8,10495.0
CJ409,,13:43:41.750#,10425.0,10530.0,10335.0,11800.0,9270.0,13804,54009,10470.0,9,10475.0,16,10480.0,39,10485.0,7,10490.0,21,10495.0,20,10500.0,5,10505.0,16,10510.0,12,10515.0,19,10495.0
CJ409,,13:43:42.0#,10425.0,10530.0,10335.0,11800.0,9270.0,13804,54009,10470.0,9,10475.0,16,10480.0,39,10485.0,7,10490.0,20,10495.0,20,10500.0,5,10505.0,16,10510.0,13,10515.0,19,10495.0
CJ409,,13:43:42.250#,10425.0,10530.0,10335.0,11800.0,9270.0,13804,54009,10470.0,9,10475.0,16,10480.0,39,10485.0,7,10490.0,20,10495.0,20,10500.0,5,10505.0,16,10510.0,13,10515.0,19,10495.0
CJ409,,13:43:42.500#,10425.0,10530.0,10335.0,11800.0,9270.0,13811,54002,10470.0,9,10475.0,16,10480.0,39,10485.0,7,10490.0,20,10495.0,13,10500.0,5,10505.0,16,10510.0,13,10515.0,19,10495.0
CJ409,,13:43:42.750#,10425.0,10530.0,10335.0,11800.0,9270.0,13824,53997,10475.0,16,10480.0,39,10485.0,7,10490.0,15,10495.0,19,10500.0,5,10505.0,16,10510.0,13,10515.0,19,10520.0,7,10495.0
CJ409,,13:43:43.0#,10425.0,10530.0,10335.0,11800.0,9270.0,13826,53996,10475.0,16,10480.0,39,10485.0,7,10490.0,15,10495.0,12,10500.0,4,10505.0,16,10510.0,13,10515.0,19,10520.0,7,10495.0
CJ409,,13:43:43.500#,10425.0,10530.0,10335.0,11800.0,9270.0,13826,53996,10475.0,16,10480.0,39,10485.0,7,10490.0,15,10495.0,13,10500.0,4,10505.0,16,10510.0,13,10515.0,19,10520.0,7,10495.0
CJ409,,13:43:43.750#,10425.0,10530.0,10335.0,11800.0,9270.0,13827,53996,10475.0,16,10480.0,39,10485.0,7,10490.0,15,10495.0,10,10500.0,3,10505.0,16,10510.0,14,10515.0,19,10520.0,7,10500.0
CJ409,,13:43:45.750#,10425.0,10530.0,10335.0,11800.0,9270.0,13828,53996,10475.0,16,10480.0,39,10485.0,7,10490.0,15,10495.0,10,10500.0,2,10505.0,16,10510.0,14,10515.0,19,10520.0,7,10500.0
CJ409,,13:43:46.250#,10425.0,10530.0,10335.0,11800.0,9270.0,13828,53996,10475.0,16,10480.0,39,10485.0,7,10490.0,15,10495.0,10,10500.0,3,10505.0,16,10510.0,14,10515.0,19,10520.0,7,10500.0
CJ409,,13:43:46.500#,10425.0,10530.0,10335.0,11800.0,9270.0,13829,53996,10475.0,16,10480.0,39,10485.0,7,10490.0,15,10495.0,5,10500.0,2,10505.0,16,10510.0,14,10515.0,19,10520.0,7,10500.0
CJ409,,13:43:46.750#,10425.0,10530.0,10335.0,11800.0,9270.0,13829,53996,10475.0,16,10480.0,39,10485.0,7,10490.0,15,10495.0,6,10500.0,2,10505.0,16,10510.0,14,10515.0,19,10520.0,7,10500.0
CJ409,,13:43:47.0#,10425.0,10530.0,10335.0,11800.0,9270.0,13831,53996,10480.0,39,10485.0,7,10490.0,17,10495.0,8,10500.0,13,10505.0,16,10510.0,14,10515.0,19,10520.0,7,10525.0,15,10500.0
CJ409,,13:43:47.250#,10425.0,10530.0,10335.0,11800.0,9270.0,13831,53996,10480.0,39,10485.0,7,10490.0,17,10495.0,8,10500.0,13,10505.0,9,10510.0,13,10515.0,19,10520.0,7,10525.0,15,10500.0
CJ409,,13:43:47.500#,10425.0,10530.0,10335.0,11800.0,9270.0,13831,53996,10480.0,39,10485.0,7,10490.0,16,10495.0,9,10500.0,14,10505.0,8,10510.0,13,10515.0,19,10520.0,8,10525.0,15,10500.0
CJ409,,13:43:47.750#,10425.0,10530.0,10335.0,11800.0,9270.0,13831,53996,10480.0,39,10485.0,7,10490.0,16,10495.0,9,10500.0,14,10505.0,6,10510.0,13,10515.0,19,10520.0,8,10525.0,15,10500.0
CJ409,,13:43:48.250#,10425.0,10530.0,10335.0,11800.0,9270.0,13831,53996,10480.0,39,10485.0,7,10490.0,21,10495.0,9,10500.0,14,10505.0,6,10510.0,13,10515.0,19,10520.0,8,10525.0,15,10500.0
CJ409,,13:43:48.500#,10425.0,10530.0,10335.0,11800.0,9270.0,13831,53996,10480.0,39,10485.0,7,10490.0,21,10495.0,9,10500.0,14,10505.0,9,10510.0,13,10515.0,19,10520.0,8,10525.0,15,10500.0
CJ409,,13:43:49.500#,10425.0,10530.0,10335.0,11800.0,9270.0,13831,53996,10480.0,39,10485.0,7,10490.0,21,10495.0,10,10500.0,14,10505.0,9,10510.0,13,10515.0,19,10520.0,8,10525.0,15,10500.0
CJ409,,13:43:51.500#,10425.0,10530.0,10335.0,11800.0,9270.0,13832,53995,10480.0,39,10485.0,7,10490.0,21,10495.0,10,10500.0,13,10505.0,9,10510.0,13,10515.0,19,10520.0,8,10525.0,15,10500.0
CJ409,,13:43:51.750#,10425.0,10530.0,10335.0,11800.0,9270.0,13832,53995,10480.0,39,10485.0,7,10490.0,21,10495.0,10,10500.0,13,10505.0,9,10510.0,13,10515.0,19,10520.0,8,10525.0,15,10500.0
CJ409,,13:43:52.0#,10425.0,10530.0,10335.0,11800.0,9270.0,13832,53995,10480.0,39,10485.0,7,10490.0,21,10495.0,10,10500.0,1,10505.0,9,10510.0,13,10515.0,19,10520.0,8,10525.0,15,10500.0
CJ409,,13:43:52.250#,10425.0,10530.0,10335.0,11800.0,9270.0,13832,53995,10480.0,39,10485.0,7,10490.0,21,10495.0,10,10500.0,3,10505.0,10,10510.0,13,10515.0,19,10520.0,8,10525.0,15,10500.0
CJ409,,13:43:52.750#,10425.0,10530.0,10335.0,11800.0,9270.0,13832,53995,10480.0,39,10485.0,7,10490.0,21,10495.0,10,10500.0,3,10505.0,12,10510.0,13,10515.0,19,10520.0,8,10525.0,15,10500.0
CJ409,,13:43:53.0#,10425.0,10530.0,10335.0,11800.0,9270.0,13832,53995,10480.0,39,10485.0,7,10490.0,21,10495.0,10,10500.0,2,10505.0,12,10510.0,13,10515.0,19,10520.0,9,10525.0,15,10500.0
CJ409,,13:43:54.250#,10425.0,10530.0,10335.0,11800.0,9270.0,13832,53995,10480.0,39,10485.0,7,10490.0,21,10495.0,10,10500.0,2,10505.0,13,10510.0,13,10515.0,19,10520.0,9,10525.0,15,10500.0
CJ409,,13:43:54.500#,10425.0,10530.0,10335.0,11800.0,9270.0,13832,53995,10480.0,39,10485.0,7,10490.0,21,10495.0,10,10500.0,3,10505.0,13,10510.0,13,10515.0,19,10520.0,9,10525.0,15,10500.0
CJ409,,13:43:55.750#,10425.0,10530.0,10335.0,11800.0,9270.0,13833,53994,10480.0,39,10485.0,7,10490.0,21,10495.0,10,10500.0,3,10505.0,12,10510.0,13,10515.0,19,10520.0,9,10525.0,15,10505.0
CJ409,,13:43:56.0#,10425.0,10530.0,10335.0,11800.0,9270.0,13833,53994,10480.0,39,10485.0,7,10490.0,21,10495.0,10,10500.0,2,10505.0,12,10510.0,13,10515.0,19,10520.0,8,10525.0,15,10505.0
CJ409,,13:43:58.250#,10425.0,10530.0,10335.0,11800.0,9270.0,13835,53992,10475.0,16,10480.0,39,10485.0,7,10490.0,21,10495.0,10,10500.0,9,10505.0,12,10510.0,13,10515.0,19,10520.0,8,10500.0
CJ409,,13:43:58.500#,10425.0,10530.0,10335.0,11800.0,9270.0,13835,53992,10475.0,16,10480.0,39,10485.0,7,10490.0,22,10495.0,10,10500.0,9,10505.0,12,10510.0,13,10515.0,19,10520.0,8,10500.0
CJ409,,13:43:59.0#,10425.0,10530.0,10335.0,11800.0,9270.0,13835,53992,10475.0,16,10480.0,39,10485.0,7,10490.0,21,10495.0,10,10500.0,9,10505.0,12,10510.0,13,10515.0,19,10520.0,8,10500.0
CJ409,,13:43:59.250#,10425.0,10530.0,10335.0,11800.0,9270.0,13840,53988,10475.0,16,10480.0,39,10485.0,7,10490.0,21,10495.0,10,10500.0,4,10505.0,12,10510.0,13,10515.0,19,10520.0,8,10500.0
CJ409,,13:43:59.500#,10425.0,10530.0,10335.0,11800.0,9270.0,13842,53988,10475.0,16,10480.0,39,10485.0,7,10490.0,21,10495.0,10,10500.0,2,10505.0,12,10510.0,13,10515.0,19,10520.0,8,10500.0
CJ409,,13:44:02.0#,10425.0,10530.0,10335.0,11800.0,9270.0,13842,53988,10475.0,16,10480.0,39,10485.0,7,10490.0,21,10495.0,10,10500.0,2,10505.0,17,10510.0,13,10515.0,19,10520.0,8,10500.0
CJ409,,13:44:02.750#,10425.0,10530.0,10335.0,11800.0,9270.0,13843,53988,10475.0,16,10480.0,39,10485.0,7,10490.0,22,10495.0,9,10505.0,17,10510.0,13,10515.0,19,10520.0,8,10525.0,15,10495.0
CJ409,,13:44:03.0#,10425.0,10530.0,10335.0,11800.0,9270.0,13843,53988,10475.0,16,10480.0,39,10485.0,7,10490.0,22,10495.0,7,10505.0,19,10510.0,13,10515.0,19,10520.0,8,10525.0,15,10495.0
CJ409,,13:44:03.250#,10425.0,10530.0,10335.0,11800.0,9270.0,13844,53987,10475.0,16,10480.0,39,10485.0,7,10490.0,22,10495.0,7,10505.0,19,10510.0,13,10515.0,19,10520.0,8,10525.0,15,10500.0
CJ409,,13:44:03.500#,10425.0,10530.0,10335.0,11800.0,9270.0,13846,53986,10475.0,16,10480.0,39,10485.0,7,10490.0,21,10495.0,5,10500.0,1,10505.0,19,10510.0,13,10515.0,19,10520.0,8,10495.0
CJ409,,13:44:04.250#,10425.0,10530.0,10335.0,11800.0,9270.0,13846,53986,10475.0,16,10480.0,39,10485.0,7,10490.0,21,10495.0,6,10500.0,1,10505.0,19,10510.0,13,10515.0,19,10520.0,8,10495.0
CJ409,,13:44:04.500#,10425.0,10530.0,10335.0,11800.0,9270.0,13846,53986,10475.0,16,10480.0,39,10485.0,7,10490.0,21,10495.0,7,10500.0,1,10505.0,19,10510.0,13,10515.0,19,10520.0,8,10495.0
CJ409,,13:44:04.750#,10425.0,10530.0,10335.0,11800.0,9270.0,13846,53986,10475.0,16,10480.0,39,10485.0,7,10490.0,21,10495.0,7,10500.0,2,10505.0,19,10510.0,13,10515.0,19,10520.0,8,10495.0
CJ409,,13:44:05.750#,10425.0,10530.0,10335.0,11800.0,9270.0,13850,53984,10475.0,16,10480.0,39,10485.0,7,10490.0,21,10495.0,4,10500.0,1,10505.0,19,10510.0,14,10515.0,19,10520.0,8,10495.0
CJ409,,13:44:06.500#,10425.0,10530.0,10335.0,11800.0,9270.0,13850,53984,10475.0,16,10480.0,39,10485.0,7,10490.0,21,10495.0,5,10500.0,1,10505.0,19,10510.0,14,10515.0,19,10520.0,8,10495.0
