InstrumentId,ExchangeId,Datetime,OpenPrice,HighestPrice,LowestPrice,UpperLimitPrice,LowerLimitPrice,Volume,OpenInterest,BidPrice5,BidVolume5,BidPrice4,BidVolume4,BidPrice3,BidVolume3,BidPrice2,BidVolume2,BidPrice1,BidVolume1,AskPrice1,AskVolume1,AskPrice2,AskVolume2,AskPrice3,AskVolume3,AskPrice4,AskVolume4,AskPrice5,AskVolume5,LastPrice
CJ501,,13:38:35.250#,10750.0,10875.0,10725.0,11910.0,9740.0,9950,52091,10840.0,3,10845.0,34,10850.0,7,10855.0,22,10860.0,5,10865.0,19,10870.0,29,10875.0,16,10880.0,87,10885.0,10,10865.0
CJ501,,13:38:35.500#,10750.0,10875.0,10725.0,11910.0,9740.0,9950,52091,10840.0,3,10845.0,34,10850.0,7,10855.0,22,10860.0,6,10865.0,19,10870.0,29,10875.0,16,10880.0,87,10885.0,10,10865.0
CJ501,,13:38:35.750#,10750.0,10875.0,10725.0,11910.0,9740.0,9952,52091,10840.0,3,10845.0,34,10850.0,7,10855.0,22,10860.0,4,10865.0,19,10870.0,29,10875.0,16,10880.0,87,10885.0,10,10860.0
CJ501,,13:38:36.500#,10750.0,10875.0,10725.0,11910.0,9740.0,9952,52091,10840.0,3,10845.0,34,10850.0,7,10855.0,22,10860.0,10,10865.0,19,10870.0,29,10875.0,16,10880.0,87,10885.0,10,10860.0
CJ501,,13:38:38.0#,10750.0,10875.0,10725.0,11910.0,9740.0,9953,52091,10840.0,3,10845.0,34,10850.0,7,10855.0,22,10860.0,9,10865.0,19,10870.0,29,10875.0,16,10880.0,87,10885.0,10,10860.0
CJ501,,13:38:38.250#,10750.0,10875.0,10725.0,11910.0,9740.0,9953,52091,10840.0,3,10845.0,34,10850.0,5,10855.0,22,10860.0,9,10865.0,19,10870.0,29,10875.0,16,10880.0,87,10885.0,10,10860.0
CJ501,,13:38:38.500#,10750.0,10875.0,10725.0,11910.0,9740.0,9953,52091,10840.0,3,10845.0,34,10850.0,5,10855.0,22,10860.0,11,10865.0,19,10870.0,29,10875.0,16,10880.0,87,10885.0,10,10860.0
CJ501,,13:38:38.750#,10750.0,10875.0,10725.0,11910.0,9740.0,9953,52091,10840.0,3,10845.0,34,10850.0,5,10855.0,22,10860.0,11,10865.0,19,10870.0,29,10875.0,16,10880.0,87,10885.0,10,10860.0
CJ501,,13:38:39.0#,10750.0,10875.0,10725.0,11910.0,9740.0,9953,52091,10840.0,3,10845.0,34,10850.0,5,10855.0,22,10860.0,12,10865.0,19,10870.0,29,10875.0,16,10880.0,87,10885.0,10,10860.0
CJ501,,13:38:39.750#,10750.0,10875.0,10725.0,11910.0,9740.0,9953,52091,10840.0,3,10845.0,34,10850.0,5,10855.0,22,10860.0,13,10865.0,19,10870.0,29,10875.0,16,10880.0,87,10885.0,10,10860.0
CJ501,,13:38:41.0#,10750.0,10875.0,10725.0,11910.0,9740.0,9953,52091,10840.0,3,10845.0,34,10850.0,5,10855.0,22,10860.0,12,10865.0,19,10870.0,29,10875.0,16,10880.0,87,10885.0,10,10860.0
CJ501,,13:38:43.0#,10750.0,10875.0,10725.0,11910.0,9740.0,9953,52091,10840.0,3,10845.0,34,10850.0,5,10855.0,22,10860.0,12,10865.0,19,10870.0,29,10875.0,16,10880.0,87,10885.0,10,10860.0
CJ501,,13:38:43.750#,10750.0,10875.0,10725.0,11910.0,9740.0,9955,52091,10840.0,3,10845.0,34,10850.0,5,10855.0,22,10860.0,12,10865.0,17,10870.0,29,10875.0,16,10880.0,87,10885.0,10,10865.0
CJ501,,13:38:44.0#,10750.0,10875.0,10725.0,11910.0,9740.0,9955,52091,10840.0,3,10845.0,34,10850.0,5,10855.0,21,10860.0,14,10865.0,17,10870.0,29,10875.0,16,10880.0,87,10885.0,10,10865.0
CJ501,,13:38:45.500#,10750.0,10875.0,10725.0,11910.0,9740.0,9955,52091,10840.0,3,10845.0,34,10850.0,5,10855.0,20,10860.0,15,10865.0,18,10870.0,29,10875.0,16,10880.0,87,10885.0,10,10865.0
CJ501,,13:38:46.0#,10750.0,10875.0,10725.0,11910.0,9740.0,9956,52090,10840.0,3,10845.0,34,10850.0,4,10855.0,20,10860.0,15,10865.0,17,10870.0,29,10875.0,16,10880.0,87,10885.0,10,10865.0
CJ501,,13:38:46.250#,10750.0,10875.0,10725.0,11910.0,9740.0,9957,52090,10840.0,3,10845.0,34,10850.0,4,10855.0,20,10860.0,14,10865.0,17,10870.0,29,10875.0,16,10880.0,87,10885.0,10,10860.0
CJ501,,13:38:46.750#,10750.0,10875.0,10725.0,11910.0,9740.0,9997,52125,10840.0,3,10845.0,34,10850.0,4,10855.0,20,10860.0,14,10870.0,9,10875.0,16,10880.0,87,10885.0,10,10890.0,52,10870.0
CJ501,,13:38:47.0#,10750.0,10875.0,10725.0,11910.0,9740.0,9997,52125,10840.0,3,10845.0,34,10850.0,4,10855.0,20,10860.0,16,10865.0,2,10870.0,12,10875.0,16,10880.0,87,10885.0,10,10870.0
CJ501,,13:38:47.250#,10750.0,10875.0,10725.0,11910.0,9740.0,9999,52125,10845.0,34,10850.0,4,10855.0,20,10860.0,14,10865.0,3,10870.0,13,10875.0,16,10880.0,87,10885.0,10,10890.0,52,10865.0
CJ501,,13:38:47.500#,10750.0,10875.0,10725.0,11910.0,9740.0,9999,52125,10845.0,34,10850.0,4,10855.0,20,10860.0,14,10865.0,2,10870.0,13,10875.0,16,10880.0,87,10885.0,10,10890.0,52,10865.0
CJ501,,13:38:47.750#,10750.0,10875.0,10725.0,11910.0,9740.0,9999,52125,10845.0,34,10850.0,4,10855.0,20,10860.0,14,10865.0,5,10870.0,14,10875.0,16,10880.0,87,10885.0,10,10890.0,52,10865.0
CJ501,,13:38:48.0#,10750.0,10875.0,10725.0,11910.0,9740.0,9999,52125,10845.0,34,10850.0,4,10855.0,20,10860.0,14,10865.0,5,10870.0,12,10875.0,16,10880.0,87,10885.0,10,10890.0,52,10865.0
CJ501,,13:38:49.0#,10750.0,10875.0,10725.0,11910.0,9740.0,10001,52123,10845.0,34,10850.0,4,10855.0,20,10860.0,14,10865.0,5,10870.0,10,10875.0,16,10880.0,87,10885.0,10,10890.0,52,10870.0
CJ501,,13:38:49.250#,10750.0,10875.0,10725.0,11910.0,9740.0,10001,52123,10845.0,34,10850.0,4,10855.0,20,10860.0,14,10865.0,5,10870.0,10,10875.0,16,10880.0,87,10885.0,10,10890.0,52,10870.0
CJ501,,13:38:49.750#,10750.0,10875.0,10725.0,11910.0,9740.0,10004,52124,10845.0,34,10850.0,4,10855.0,20,10860.0,14,10865.0,4,10870.0,8,10875.0,16,10880.0,87,10885.0,10,10890.0,52,10870.0
CJ501,,13:38:50.0#,10750.0,10875.0,10725.0,11910.0,9740.0,10004,52124,10845.0,34,10850.0,4,10855.0,20,10860.0,14,10865.0,4,10870.0,8,10875.0,16,10880.0,87,10885.0,10,10890.0,52,10870.0
CJ501,,13:38:50.750#,10750.0,10875.0,10725.0,11910.0,9740.0,10007,52124,10845.0,34,10850.0,4,10855.0,20,10860.0,8,10865.0,4,10870.0,6,10875.0,16,10880.0,87,10885.0,10,10890.0,52,10870.0
CJ501,,13:38:51.0#,10750.0,10875.0,10725.0,11910.0,9740.0,10008,52124,10845.0,34,10850.0,4,10855.0,23,10860.0,8,10865.0,4,10870.0,6,10875.0,16,10880.0,87,10885.0,10,10890.0,52,10865.0
CJ501,,13:38:51.250#,10750.0,10875.0,10725.0,11910.0,9740.0,10008,52124,10845.0,34,10850.0,4,10855.0,23,10860.0,8,10865.0,3,10870.0,5,10875.0,16,10880.0,87,10885.0,10,10890.0,52,10865.0
CJ501,,13:38:51.750#,10750.0,10875.0,10725.0,11910.0,9740.0,10008,52124,10845.0,34,10850.0,4,10855.0,23,10860.0,8,10865.0,3,10870.0,8,10875.0,16,10880.0,87,10885.0,10,10890.0,52,10865.0
CJ501,,13:38:52.0#,10750.0,10875.0,10725.0,11910.0,9740.0,10008,52124,10845.0,34,10850.0,4,10855.0,23,10860.0,11,10865.0,10,10870.0,8,10875.0,16,10880.0,87,10885.0,10,10890.0,52,10865.0
CJ501,,13:38:52.250#,10750.0,10875.0,10725.0,11910.0,9740.0,10013,52124,10845.0,34,10850.0,4,10855.0,23,10860.0,11,10865.0,5,10870.0,8,10875.0,16,10880.0,87,10885.0,10,10890.0,52,10865.0
CJ501,,13:38:53.750#,10750.0,10875.0,10725.0,11910.0,9740.0,10013,52124,10845.0,34,10850.0,4,10855.0,23,10860.0,11,10865.0,5,10870.0,7,10875.0,16,10880.0,87,10885.0,10,10890.0,52,10865.0
CJ501,,13:38:54.0#,10750.0,10875.0,10725.0,11910.0,9740.0,10013,52124,10845.0,34,10850.0,4,10855.0,23,10860.0,11,10865.0,6,10870.0,7,10875.0,16,10880.0,87,10885.0,10,10890.0,52,10865.0
CJ501,,13:38:54.250#,10750.0,10875.0,10725.0,11910.0,9740.0,10013,52124,10845.0,34,10850.0,4,10855.0,23,10860.0,11,10865.0,6,10870.0,7,10875.0,17,10880.0,87,10885.0,10,10890.0,52,10865.0
CJ501,,13:38:55.0#,10750.0,10875.0,10725.0,11910.0,9740.0,10018,52129,10845.0,34,10850.0,4,10855.0,23,10860.0,11,10865.0,2,10870.0,7,10875.0,17,10880.0,87,10885.0,10,10890.0,52,10865.0
CJ501,,13:38:55.250#,10750.0,10875.0,10725.0,11910.0,9740.0,10018,52129,10845.0,34,10850.0,4,10855.0,23,10860.0,11,10865.0,2,10870.0,10,10875.0,17,10880.0,89,10885.0,10,10890.0,52,10865.0
CJ501,,13:38:55.500#,10750.0,10875.0,10725.0,11910.0,9740.0,10019,52129,10845.0,34,10850.0,4,10855.0,23,10860.0,11,10865.0,2,10870.0,9,10875.0,17,10880.0,89,10885.0,10,10890.0,52,10870.0
CJ501,,13:38:55.750#,10750.0,10875.0,10725.0,11910.0,9740.0,10021,52130,10840.0,3,10845.0,34,10850.0,4,10855.0,23,10860.0,11,10870.0,9,10875.0,17,10880.0,89,10885.0,10,10890.0,52,10865.0
CJ501,,13:38:56.0#,10750.0,10875.0,10725.0,11910.0,9740.0,10021,52130,10840.0,3,10845.0,34,10850.0,4,10855.0,23,10860.0,11,10870.0,11,10875.0,17,10880.0,89,10885.0,10,10890.0,52,10865.0
CJ501,,13:38:56.250#,10750.0,10875.0,10725.0,11910.0,9740.0,10021,52130,10840.0,3,10845.0,34,10850.0,4,10855.0,23,10860.0,11,10870.0,9,10875.0,17,10880.0,89,10885.0,10,10890.0,52,10865.0
CJ501,,13:38:56.500#,10750.0,10875.0,10725.0,11910.0,9740.0,10021,52130,10840.0,3,10845.0,34,10850.0,4,10855.0,23,10860.0,11,10870.0,11,10875.0,17,10880.0,89,10885.0,10,10890.0,52,10865.0
CJ501,,13:38:56.750#,10750.0,10875.0,10725.0,11910.0,9740.0,10021,52130,10840.0,3,10845.0,34,10850.0,4,10855.0,23,10860.0,12,10870.0,9,10875.0,17,10880.0,89,10885.0,10,10890.0,52,10865.0
CJ501,,13:38:57.0#,10750.0,10875.0,10725.0,11910.0,9740.0,10021,52130,10840.0,3,10845.0,34,10850.0,4,10855.0,23,10860.0,12,10870.0,11,10875.0,17,10880.0,89,10885.0,10,10890.0,52,10865.0
CJ501,,13:38:57.250#,10750.0,10875.0,10725.0,11910.0,9740.0,10021,52130,10840.0,3,10845.0,34,10850.0,4,10855.0,23,10860.0,12,10865.0,1,10870.0,11,10875.0,17,10880.0,89,10885.0,10,10865.0
CJ501,,13:38:57.500#,10750.0,10875.0,10725.0,11910.0,9740.0,10022,52130,10845.0,34,10850.0,4,10855.0,23,10860.0,12,10865.0,4,10870.0,13,10875.0,17,10880.0,89,10885.0,10,10890.0,52,10865.0
CJ501,,13:38:57.750#,10750.0,10875.0,10725.0,11910.0,9740.0,10022,52130,10845.0,34,10850.0,4,10855.0,23,10860.0,12,10865.0,4,10870.0,11,10875.0,17,10880.0,89,10885.0,10,10890.0,52,10865.0
CJ501,,13:38:58.0#,10750.0,10875.0,10725.0,11910.0,9740.0,10023,52130,10845.0,34,10850.0,4,10855.0,23,10860.0,12,10865.0,4,10870.0,12,10875.0,17,10880.0,89,10885.0,10,10890.0,52,10870.0
CJ501,,13:38:58.750#,10750.0,10875.0,10725.0,11910.0,9740.0,10024,52131,10845.0,34,10850.0,4,10855.0,23,10860.0,13,10865.0,4,10870.0,10,10875.0,17,10880.0,89,10885.0,10,10890.0,52,10870.0
CJ501,,13:38:59.0#,10750.0,10875.0,10725.0,11910.0,9740.0,10024,52131,10845.0,34,10850.0,4,10855.0,23,10860.0,14,10865.0,5,10870.0,11,10875.0,17,10880.0,89,10885.0,10,10890.0,52,10870.0
CJ501,,13:38:59.250#,10750.0,10875.0,10725.0,11910.0,9740.0,10024,52131,10845.0,34,10850.0,4,10855.0,23,10860.0,14,10865.0,5,10870.0,10,10875.0,17,10880.0,89,10885.0,10,10890.0,52,10870.0
CJ501,,13:38:59.500#,10750.0,10875.0,10725.0,11910.0,9740.0,10024,52131,10845.0,34,10850.0,4,10855.0,23,10860.0,14,10865.0,5,10870.0,11,10875.0,17,10880.0,89,10885.0,10,10890.0,52,10870.0
CJ501,,13:38:59.750#,10750.0,10875.0,10725.0,11910.0,9740.0,10024,52131,10845.0,34,10850.0,4,10855.0,23,10860.0,14,10865.0,5,10870.0,21,10875.0,17,10880.0,89,10885.0,10,10890.0,52,10870.0
CJ501,,13:39:00.0#,10750.0,10875.0,10725.0,11910.0,9740.0,10024,52131,10845.0,34,10850.0,4,10855.0,23,10860.0,17,10865.0,7,10870.0,20,10875.0,17,10880.0,89,10885.0,10,10890.0,52,10870.0
CJ501,,13:39:00.500#,10750.0,10875.0,10725.0,11910.0,9740.0,10024,52131,10845.0,34,10850.0,2,10855.0,23,10860.0,17,10865.0,7,10870.0,21,10875.0,17,10880.0,89,10885.0,10,10890.0,52,10870.0
CJ501,,13:39:00.750#,10750.0,10875.0,10725.0,11910.0,9740.0,10027,52128,10845.0,34,10850.0,2,10855.0,23,10860.0,17,10865.0,4,10870.0,20,10875.0,17,10880.0,89,10885.0,10,10890.0,52,10865.0
CJ501,,13:39:01.0#,10750.0,10875.0,10725.0,11910.0,9740.0,10027,52128,10845.0,34,10850.0,2,10855.0,23,10860.0,17,10865.0,4,10870.0,21,10875.0,17,10880.0,89,10885.0,10,10890.0,52,10865.0
CJ501,,13:39:01.750#,10750.0,10875.0,10725.0,11910.0,9740.0,10029,52129,10845.0,34,10850.0,2,10855.0,23,10860.0,17,10865.0,4,10870.0,20,10875.0,17,10880.0,89,10885.0,10,10890.0,52,10865.0
CJ501,,13:39:02.0#,10750.0,10875.0,10725.0,11910.0,9740.0,10029,52129,10845.0,34,10850.0,2,10855.0,23,10860.0,17,10865.0,4,10870.0,21,10875.0,17,10880.0,89,10885.0,10,10890.0,52,10865.0
CJ501,,13:39:02.250#,10750.0,10875.0,10725.0,11910.0,9740.0,10029,52129,10845.0,34,10850.0,2,10855.0,23,10860.0,17,10865.0,4,10870.0,21,10875.0,17,10880.0,89,10885.0,10,10890.0,53,10865.0
CJ501,,13:39:02.500#,10750.0,10875.0,10725.0,11910.0,9740.0,10029,52129,10845.0,34,10850.0,2,10855.0,23,10860.0,18,10865.0,4,10870.0,21,10875.0,17,10880.0,89,10885.0,10,10890.0,53,10865.0
CJ501,,13:39:02.750#,10750.0,10875.0,10725.0,11910.0,9740.0,10029,52129,10845.0,34,10850.0,2,10855.0,23,10860.0,18,10865.0,4,10870.0,20,10875.0,17,10880.0,89,10885.0,10,10890.0,53,10865.0
CJ501,,13:39:03.0#,10750.0,10875.0,10725.0,11910.0,9740.0,10029,52129,10845.0,34,10850.0,2,10855.0,23,10860.0,18,10865.0,4,10870.0,21,10875.0,17,10880.0,89,10885.0,10,10890.0,53,10865.0
CJ501,,13:39:03.250#,10750.0,10875.0,10725.0,11910.0,9740.0,10029,52129,10845.0,34,10850.0,2,10855.0,23,10860.0,18,10865.0,4,10870.0,24,10875.0,17,10880.0,89,10885.0,10,10890.0,53,10865.0
CJ501,,13:39:03.500#,10750.0,10875.0,10725.0,11910.0,9740.0,10033,52133,10840.0,3,10845.0,34,10850.0,2,10855.0,23,10860.0,18,10870.0,24,10875.0,17,10880.0,89,10885.0,10,10890.0,53,10865.0
CJ501,,13:39:03.750#,10750.0,10875.0,10725.0,11910.0,9740.0,10033,52133,10840.0,3,10845.0,34,10850.0,2,10855.0,23,10860.0,18,10870.0,23,10875.0,17,10880.0,89,10885.0,10,10890.0,53,10865.0
CJ501,,13:39:04.0#,10750.0,10875.0,10725.0,11910.0,9740.0,10033,52133,10840.0,3,10845.0,34,10850.0,2,10855.0,23,10860.0,18,10870.0,24,10875.0,17,10880.0,89,10885.0,10,10890.0,53,10865.0
CJ501,,13:39:04.250#,10750.0,10875.0,10725.0,11910.0,9740.0,10033,52133,10840.0,3,10845.0,34,10850.0,2,10855.0,23,10860.0,18,10865.0,4,10870.0,23,10875.0,17,10880.0,89,10885.0,10,10865.0
CJ501,,13:39:05.0#,10750.0,10875.0,10725.0,11910.0,9740.0,10033,52133,10840.0,3,10845.0,34,10850.0,2,10855.0,23,10860.0,18,10865.0,6,10870.0,23,10875.0,17,10880.0,89,10885.0,10,10865.0
CJ501,,13:39:05.250#,10750.0,10875.0,10725.0,11910.0,9740.0,10034,52133,10840.0,3,10845.0,34,10850.0,2,10855.0,23,10860.0,18,10865.0,5,10870.0,23,10875.0,17,10880.0,89,10885.0,10,10865.0
CJ501,,13:39:05.500#,10750.0,10875.0,10725.0,11910.0,9740.0,10034,52133,10840.0,3,10845.0,34,10850.0,2,10855.0,23,10860.0,18,10865.0,6,10870.0,23,10875.0,17,10880.0,89,10885.0,10,10865.0
CJ501,,13:39:05.750#,10750.0,10875.0,10725.0,11910.0,9740.0,10034,52133,10840.0,3,10845.0,34,10850.0,2,10855.0,23,10860.0,18,10865.0,7,10870.0,23,10875.0,17,10880.0,89,10885.0,10,10865.0
CJ501,,13:39:06.0#,10750.0,10875.0,10725.0,11910.0,9740.0,10034,52133,10840.0,3,10845.0,34,10850.0,2,10855.0,23,10860.0,18,10865.0,7,10870.0,24,10875.0,17,10880.0,89,10885.0,10,10865.0
CJ501,,13:39:06.500#,10750.0,10875.0,10725.0,11910.0,9740.0,10034,52133,10840.0,3,10845.0,34,10850.0,2,10855.0,23,10860.0,18,10865.0,8,10870.0,24,10875.0,17,10880.0,89,10885.0,10,10865.0
CJ501,,13:39:07.0#,10750.0,10875.0,10725.0,11910.0,9740.0,10036,52131,10840.0,3,10845.0,34,10850.0,2,10855.0,23,10860.0,16,10865.0,8,10870.0,24,10875.0,17,10880.0,89,10885.0,10,10860.0
CJ501,,13:39:07.250#,10750.0,10875.0,10725.0,11910.0,9740.0,10036,52131,10840.0,3,10845.0,34,10850.0,2,10855.0,23,10860.0,16,10865.0,8,10870.0,24,10875.0,16,10880.0,89,10885.0,10,10860.0
CJ501,,13:39:07.500#,10750.0,10875.0,10725.0,11910.0,9740.0,10041,52128,10840.0,3,10845.0,34,10850.0,2,10855.0,23,10860.0,11,10865.0,8,10870.0,24,10875.0,16,10880.0,89,10885.0,10,10860.0
CJ501,,13:39:07.750#,10750.0,10875.0,10725.0,11910.0,9740.0,10043,52128,10840.0,3,10845.0,34,10850.0,2,10855.0,19,10860.0,9,10865.0,8,10870.0,24,10875.0,16,10880.0,89,10885.0,10,10860.0
CJ501,,13:39:08.0#,10750.0,10875.0,10725.0,11910.0,9740.0,10047,52129,10840.0,3,10845.0,34,10850.0,2,10855.0,19,10860.0,9,10865.0,4,10870.0,24,10875.0,16,10880.0,89,10885.0,10,10865.0
CJ501,,13:39:08.250#,10750.0,10875.0,10725.0,11910.0,9740.0,10047,52129,10840.0,3,10845.0,34,10850.0,2,10855.0,19,10860.0,9,10865.0,5,10870.0,24,10875.0,16,10880.0,89,10885.0,10,10865.0
CJ501,,13:39:08.500#,10750.0,10875.0,10725.0,11910.0,9740.0,10047,52129,10840.0,3,10845.0,34,10850.0,2,10855.0,19,10860.0,9,10865.0,4,10870.0,24,10875.0,16,10880.0,89,10885.0,10,10865.0
CJ501,,13:39:08.750#,10750.0,10875.0,10725.0,11910.0,9740.0,10047,52129,10840.0,3,10845.0,34,10850.0,2,10855.0,19,10860.0,10,10865.0,5,10870.0,24,10875.0,16,10880.0,89,10885.0,10,10865.0
CJ501,,13:39:09.0#,10750.0,10875.0,10725.0,11910.0,9740.0,10048,52129,10840.0,3,10845.0,34,10850.0,2,10855.0,19,10860.0,8,10865.0,4,10870.0,21,10875.0,16,10880.0,89,10885.0,10,10860.0
CJ501,,13:39:09.250#,10750.0,10875.0,10725.0,11910.0,9740.0,10048,52129,10840.0,3,10845.0,34,10850.0,2,10855.0,19,10860.0,9,10865.0,5,10870.0,21,10875.0,16,10880.0,89,10885.0,10,10860.0
CJ501,,13:39:09.500#,10750.0,10875.0,10725.0,11910.0,9740.0,10048,52129,10840.0,3,10845.0,34,10850.0,2,10855.0,19,10860.0,8,10865.0,4,10870.0,21,10875.0,16,10880.0,89,10885.0,10,10860.0
CJ501,,13:39:09.750#,10750.0,10875.0,10725.0,11910.0,9740.0,10050,52129,10840.0,3,10845.0,34,10850.0,2,10855.0,19,10860.0,7,10865.0,6,10870.0,21,10875.0,16,10880.0,89,10885.0,10,10860.0
CJ501,,13:39:10.0#,10750.0,10875.0,10725.0,11910.0,9740.0,10050,52129,10840.0,3,10845.0,34,10850.0,2,10855.0,19,10860.0,6,10865.0,7,10870.0,21,10875.0,16,10880.0,89,10885.0,10,10860.0
CJ501,,13:39:10.500#,10750.0,10875.0,10725.0,11910.0,9740.0,10050,52129,10840.0,3,10845.0,34,10850.0,2,10855.0,19,10860.0,6,10865.0,6,10870.0,21,10875.0,16,10880.0,89,10885.0,10,10860.0
CJ501,,13:39:10.750#,10750.0,10875.0,10725.0,11910.0,9740.0,10050,52129,10840.0,3,10845.0,34,10850.0,2,10855.0,16,10860.0,7,10865.0,7,10870.0,21,10875.0,16,10880.0,89,10885.0,10,10860.0
CJ501,,13:39:11.0#,10750.0,10875.0,10725.0,11910.0,9740.0,10050,52129,10840.0,3,10845.0,34,10850.0,2,10855.0,16,10860.0,6,10865.0,7,10870.0,21,10875.0,16,10880.0,89,10885.0,10,10860.0
CJ501,,13:39:11.250#,10750.0,10875.0,10725.0,11910.0,9740.0,10050,52129,10840.0,3,10845.0,34,10850.0,2,10855.0,16,10860.0,6,10865.0,7,10870.0,21,10875.0,16,10880.0,89,10885.0,10,10860.0
CJ501,,13:39:11.500#,10750.0,10875.0,10725.0,11910.0,9740.0,10050,52129,10840.0,3,10845.0,34,10850.0,2,10855.0,16,10860.0,6,10865.0,6,10870.0,21,10875.0,16,10880.0,89,10885.0,10,10860.0
CJ501,,13:39:11.750#,10750.0,10875.0,10725.0,11910.0,9740.0,10050,52129,10840.0,3,10845.0,34,10850.0,2,10855.0,16,10860.0,7,10865.0,9,10870.0,21,10875.0,16,10880.0,89,10885.0,10,10860.0
CJ501,,13:39:12.0#,10750.0,10875.0,10725.0,11910.0,9740.0,10050,52129,10840.0,3,10845.0,34,10850.0,2,10855.0,16,10860.0,6,10865.0,9,10870.0,21,10875.0,16,10880.0,89,10885.0,10,10860.0
CJ501,,13:39:12.500#,10750.0,10875.0,10725.0,11910.0,9740.0,10050,52129,10840.0,3,10845.0,34,10850.0,2,10855.0,16,10860.0,6,10865.0,10,10870.0,22,10875.0,16,10880.0,89,10885.0,10,10860.0
CJ501,,13:39:13.0#,10750.0,10875.0,10725.0,11910.0,9740.0,10052,52128,10840.0,3,10845.0,34,10850.0,2,10855.0,16,10860.0,6,10865.0,7,10870.0,22,10875.0,16,10880.0,89,10885.0,10,10865.0
CJ501,,13:39:13.250#,10750.0,10875.0,10725.0,11910.0,9740.0,10052,52128,10840.0,3,10845.0,34,10850.0,2,10855.0,16,10860.0,7,10865.0,6,10870.0,22,10875.0,16,10880.0,89,10885.0,10,10865.0
CJ501,,13:39:15.0#,10750.0,10875.0,10725.0,11910.0,9740.0,10053,52129,10840.0,3,10845.0,34,10850.0,2,10855.0,16,10860.0,7,10865.0,9,10870.0,22,10875.0,16,10880.0,89,10885.0,10,10865.0
CJ501,,13:39:15.500#,10750.0,10875.0,10725.0,11910.0,9740.0,10053,52129,10840.0,3,10845.0,34,10850.0,2,10855.0,16,10860.0,7,10865.0,9,10870.0,22,10875.0,16,10880.0,89,10885.0,10,10865.0
CJ501,,13:39:16.500#,10750.0,10875.0,10725.0,11910.0,9740.0,10054,52130,10840.0,3,10845.0,34,10850.0,2,10855.0,16,10860.0,6,10865.0,9,10870.0,22,10875.0,16,10880.0,89,10885.0,10,10860.0
CJ501,,13:39:17.0#,10750.0,10875.0,10725.0,11910.0,9740.0,10054,52130,10840.0,3,10845.0,34,10850.0,2,10855.0,16,10860.0,7,10865.0,9,10870.0,22,10875.0,16,10880.0,89,10885.0,10,10860.0
CJ501,,13:39:17.750#,10750.0,10875.0,10725.0,11910.0,9740.0,10054,52130,10840.0,3,10845.0,34,10850.0,2,10855.0,16,10860.0,7,10865.0,10,10870.0,22,10875.0,16,10880.0,89,10885.0,10,10860.0
CJ501,,13:39:18.750#,10750.0,10875.0,10725.0,11910.0,9740.0,10054,52130,10840.0,3,10845.0,34,10850.0,2,10855.0,16,10860.0,7,10865.0,10,10870.0,23,10875.0,16,10880.0,89,10885.0,10,10860.0
CJ501,,13:39:19.500#,10750.0,10875.0,10725.0,11910.0,9740.0,10055,52131,10840.0,3,10845.0,34,10850.0,2,10855.0,16,10860.0,7,10865.0,9,10870.0,23,10875.0,16,10880.0,89,10885.0,10,10865.0
CJ501,,13:39:19.750#,10750.0,10875.0,10725.0,11910.0,9740.0,10055,52131,10840.0,3,10845.0,34,10850.0,2,10855.0,16,10860.0,7,10865.0,9,10870.0,24,10875.0,16,10880.0,89,10885.0,10,10865.0
CJ501,,13:39:20.0#,10750.0,10875.0,10725.0,11910.0,9740.0,10055,52131,10840.0,3,10845.0,34,10850.0,2,10855.0,16,10860.0,7,10865.0,10,10870.0,24,10875.0,16,10880.0,89,10885.0,10,10865.0
CJ501,,13:39:20.250#,10750.0,10875.0,10725.0,11910.0,9740.0,10056,52132,10840.0,3,10845.0,34,10850.0,2,10855.0,16,10860.0,6,10865.0,10,10870.0,24,10875.0,16,10880.0,89,10885.0,10,10860.0
CJ501,,13:39:20.750#,10750.0,10875.0,10725.0,11910.0,9740.0,10056,52132,10840.0,3,10845.0,34,10850.0,2,10855.0,16,10860.0,6,10865.0,10,10870.0,24,10875.0,16,10880.0,89,10885.0,10,10860.0
CJ501,,13:39:22.0#,10750.0,10875.0,10725.0,11910.0,9740.0,10056,52132,10840.0,3,10845.0,34,10850.0,2,10855.0,16,10860.0,6,10865.0,10,10870.0,24,10875.0,16,10880.0,89,10885.0,10,10860.0
CJ501,,13:39:23.0#,10750.0,10875.0,10725.0,11910.0,9740.0,10058,52133,10840.0,3,10845.0,34,10850.0,2,10855.0,16,10860.0,6,10865.0,8,10870.0,24,10875.0,16,10880.0,89,10885.0,10,10865.0
CJ501,,13:39:23.250#,10750.0,10875.0,10725.0,11910.0,9740.0,10058,52133,10840.0,3,10845.0,34,10850.0,5,10855.0,16,10860.0,6,10865.0,8,10870.0,24,10875.0,16,10880.0,89,10885.0,10,10865.0
CJ501,,13:39:23.750#,10750.0,10875.0,10725.0,11910.0,9740.0,10058,52133,10840.0,3,10845.0,34,10850.0,5,10855.0,16,10860.0,7,10865.0,8,10870.0,24,10875.0,16,10880.0,89,10885.0,10,10865.0
CJ501,,13:39:25.750#,10750.0,10875.0,10725.0,11910.0,9740.0,10059,52133,10840.0,3,10845.0,34,10850.0,5,10855.0,16,10860.0,9,10865.0,7,10870.0,24,10875.0,16,10880.0,89,10885.0,10,10865.0
CJ501,,13:39:29.0#,10750.0,10875.0,10725.0,11910.0,9740.0,10059,52133,10840.0,3,10845.0,34,10850.0,7,10855.0,16,10860.0,9,10865.0,7,10870.0,24,10875.0,16,10880.0,89,10885.0,10,10865.0
CJ501,,13:39:29.250#,10750.0,10875.0,10725.0,11910.0,9740.0,10061,52135,10840.0,3,10845.0,34,10850.0,7,10855.0,16,10860.0,7,10865.0,7,10870.0,24,10875.0,16,10880.0,89,10885.0,10,10860.0
CJ501,,13:39:29.750#,10750.0,10875.0,10725.0,11910.0,9740.0,10062,52135,10840.0,3,10845.0,34,10850.0,7,10855.0,16,10860.0,7,10865.0,6,10870.0,24,10875.0,16,10880.0,89,10885.0,10,10865.0
CJ501,,13:39:32.250#,10750.0,10875.0,10725.0,11910.0,9740.0,10062,52135,10840.0,3,10845.0,34,10850.0,7,10855.0,16,10860.0,7,10865.0,6,10870.0,24,10875.0,16,10880.0,89,10885.0,10,10865.0
CJ501,,13:39:33.0#,10750.0,10875.0,10725.0,11910.0,9740.0,10062,52135,10840.0,3,10845.0,34,10850.0,7,10855.0,16,10860.0,7,10865.0,6,10870.0,26,10875.0,16,10880.0,89,10885.0,10,10865.0
CJ501,,13:39:33.500#,10750.0,10875.0,10725.0,11910.0,9740.0,10063,52136,10840.0,3,10845.0,34,10850.0,7,10855.0,16,10860.0,6,10865.0,6,10870.0,25,10875.0,16,10880.0,89,10885.0,10,10860.0
CJ501,,13:39:34.750#,10750.0,10875.0,10725.0,11910.0,9740.0,10063,52136,10840.0,3,10845.0,34,10850.0,7,10855.0,16,10860.0,6,10865.0,6,10870.0,25,10875.0,16,10880.0,89,10885.0,10,10860.0
CJ501,,13:39:35.500#,10750.0,10875.0,10725.0,11910.0,9740.0,10063,52136,10840.0,3,10845.0,34,10850.0,7,10855.0,16,10860.0,6,10865.0,6,10870.0,25,10875.0,16,10880.0,89,10885.0,10,10860.0
CJ501,,13:39:36.750#,10750.0,10875.0,10725.0,11910.0,9740.0,10063,52136,10840.0,3,10845.0,34,10850.0,7,10855.0,16,10860.0,7,10865.0,7,10870.0,25,10875.0,16,10880.0,89,10885.0,10,10860.0
CJ501,,13:39:37.250#,10750.0,10875.0,10725.0,11910.0,9740.0,10064,52137,10840.0,3,10845.0,34,10850.0,7,10855.0,16,10860.0,6,10865.0,7,10870.0,25,10875.0,16,10880.0,89,10885.0,10,10860.0
CJ501,,13:39:37.500#,10750.0,10875.0,10725.0,11910.0,9740.0,10064,52137,10840.0,3,10845.0,34,10850.0,7,10855.0,16,10860.0,5,10865.0,7,10870.0,25,10875.0,16,10880.0,89,10885.0,10,10860.0
CJ501,,13:39:37.750#,10750.0,10875.0,10725.0,11910.0,9740.0,10065,52138,10840.0,3,10845.0,34,10850.0,7,10855.0,16,10860.0,5,10865.0,6,10870.0,25,10875.0,16,10880.0,89,10885.0,10,10865.0
CJ501,,13:39:38.0#,10750.0,10875.0,10725.0,11910.0,9740.0,10065,52138,10840.0,3,10845.0,34,10850.0,7,10855.0,16,10860.0,6,10865.0,6,10870.0,25,10875.0,16,10880.0,89,10885.0,10,10865.0
CJ501,,13:39:38.250#,10750.0,10875.0,10725.0,11910.0,9740.0,10065,52138,10840.0,3,10845.0,34,10850.0,7,10855.0,16,10860.0,6,10865.0,6,10870.0,27,10875.0,16,10880.0,89,10885.0,10,10865.0
CJ501,,13:39:39.500#,10750.0,10875.0,10725.0,11910.0,9740.0,10066,52137,10840.0,3,10845.0,34,10850.0,7,10855.0,16,10860.0,6,10865.0,6,10870.0,27,10875.0,16,10880.0,89,10885.0,10,10860.0
CJ501,,13:39:40.250#,10750.0,10875.0,10725.0,11910.0,9740.0,10067,52138,10840.0,3,10845.0,34,10850.0,7,10855.0,16,10860.0,5,10865.0,6,10870.0,27,10875.0,16,10880.0,89,10885.0,10,10860.0
CJ501,,13:39:40.500#,10750.0,10875.0,10725.0,11910.0,9740.0,10067,52138,10840.0,3,10845.0,34,10850.0,7,10855.0,16,10860.0,4,10865.0,6,10870.0,27,10875.0,16,10880.0,89,10885.0,10,10860.0
CJ501,,13:39:41.750#,10750.0,10875.0,10725.0,11910.0,9740.0,10067,52138,10840.0,3,10845.0,34,10850.0,7,10855.0,16,10860.0,4,10865.0,6,10870.0,27,10875.0,16,10880.0,89,10885.0,10,10860.0
CJ501,,13:39:42.250#,10750.0,10875.0,10725.0,11910.0,9740.0,10067,52138,10840.0,3,10845.0,34,10850.0,7,10855.0,16,10860.0,5,10865.0,6,10870.0,27,10875.0,16,10880.0,89,10885.0,10,10860.0
CJ501,,13:39:42.500#,10750.0,10875.0,10725.0,11910.0,9740.0,10067,52138,10840.0,3,10845.0,34,10850.0,7,10855.0,16,10860.0,7,10865.0,6,10870.0,27,10875.0,16,10880.0,89,10885.0,10,10860.0
CJ501,,13:39:45.500#,10750.0,10875.0,10725.0,11910.0,9740.0,10067,52138,10840.0,3,10845.0,34,10850.0,7,10855.0,16,10860.0,7,10865.0,6,10870.0,27,10875.0,16,10880.0,89,10885.0,10,10860.0
CJ501,,13:39:46.0#,10750.0,10875.0,10725.0,11910.0,9740.0,10068,52139,10840.0,3,10845.0,34,10850.0,10,10855.0,16,10860.0,7,10865.0,5,10870.0,27,10875.0,16,10880.0,89,10885.0,10,10865.0
CJ501,,13:39:46.250#,10750.0,10875.0,10725.0,11910.0,9740.0,10068,52139,10840.0,3,10845.0,34,10850.0,10,10855.0,16,10860.0,7,10865.0,4,10870.0,27,10875.0,16,10880.0,89,10885.0,10,10865.0
CJ501,,13:39:46.500#,10750.0,10875.0,10725.0,11910.0,9740.0,10068,52139,10840.0,3,10845.0,34,10850.0,10,10855.0,16,10860.0,8,10865.0,4,10870.0,27,10875.0,16,10880.0,89,10885.0,10,10865.0
CJ501,,13:39:48.0#,10750.0,10875.0,10725.0,11910.0,9740.0,10068,52139,10840.0,3,10845.0,34,10850.0,10,10855.0,16,10860.0,8,10865.0,5,10870.0,27,10875.0,16,10880.0,89,10885.0,10,10865.0
CJ501,,13:39:49.0#,10750.0,10875.0,10725.0,11910.0,9740.0,10071,52138,10840.0,3,10845.0,34,10850.0,10,10855.0,16,10860.0,8,10865.0,2,10870.0,27,10875.0,16,10880.0,89,10885.0,10,10865.0
CJ501,,13:39:49.500#,10750.0,10875.0,10725.0,11910.0,9740.0,10071,52138,10840.0,3,10845.0,34,10850.0,10,10855.0,16,10860.0,8,10865.0,8,10870.0,27,10875.0,16,10880.0,89,10885.0,10,10865.0
CJ501,,13:39:49.750#,10750.0,10875.0,10725.0,11910.0,9740.0,10071,52138,10840.0,3,10845.0,34,10850.0,10,10855.0,16,10860.0,7,10865.0,9,10870.0,27,10875.0,16,10880.0,89,10885.0,10,10865.0
CJ501,,13:39:50.0#,10750.0,10875.0,10725.0,11910.0,9740.0,10071,52138,10840.0,3,10845.0,34,10850.0,10,10855.0,16,10860.0,7,10865.0,8,10870.0,27,10875.0,16,10880.0,89,10885.0,10,10865.0
CJ501,,13:39:50.500#,10750.0,10875.0,10725.0,11910.0,9740.0,10071,52138,10840.0,3,10845.0,34,10850.0,10,10855.0,16,10860.0,8,10865.0,9,10870.0,27,10875.0,16,10880.0,89,10885.0,10,10865.0
CJ501,,13:39:51.250#,10750.0,10875.0,10725.0,11910.0,9740.0,10076,52143,10840.0,3,10845.0,34,10850.0,10,10855.0,16,10860.0,3,10865.0,9,10870.0,27,10875.0,16,10880.0,89,10885.0,10,10860.0
CJ501,,13:39:51.500#,10750.0,10875.0,10725.0,11910.0,9740.0,10076,52143,10840.0,3,10845.0,34,10850.0,10,10855.0,16,10860.0,2,10865.0,11,10870.0,27,10875.0,16,10880.0,89,10885.0,10,10860.0
CJ501,,13:39:52.0#,10750.0,10875.0,10725.0,11910.0,9740.0,10076,52143,10840.0,3,10845.0,34,10850.0,10,10855.0,16,10860.0,2,10865.0,12,10870.0,27,10875.0,16,10880.0,89,10885.0,10,10860.0
CJ501,,13:39:52.250#,10750.0,10875.0,10725.0,11910.0,9740.0,10076,52143,10840.0,3,10845.0,34,10850.0,10,10855.0,16,10860.0,3,10865.0,12,10870.0,27,10875.0,16,10880.0,89,10885.0,10,10860.0
CJ501,,13:39:53.0#,10750.0,10875.0,10725.0,11910.0,9740.0,10076,52143,10840.0,3,10845.0,34,10850.0,10,10855.0,18,10860.0,3,10865.0,12,10870.0,27,10875.0,16,10880.0,89,10885.0,10,10860.0
CJ501,,13:39:53.750#,10750.0,10875.0,10725.0,11910.0,9740.0,10076,52143,10840.0,3,10845.0,34,10850.0,10,10855.0,16,10860.0,3,10865.0,12,10870.0,27,10875.0,16,10880.0,89,10885.0,10,10860.0
CJ501,,13:39:54.250#,10750.0,10875.0,10725.0,11910.0,9740.0,10076,52143,10840.0,3,10845.0,34,10850.0,10,10855.0,16,10860.0,5,10865.0,12,10870.0,27,10875.0,16,10880.0,89,10885.0,10,10860.0
CJ501,,13:39:55.0#,10750.0,10875.0,10725.0,11910.0,9740.0,10077,52143,10840.0,3,10845.0,34,10850.0,10,10855.0,16,10860.0,4,10865.0,12,10870.0,27,10875.0,16,10880.0,89,10885.0,10,10860.0
CJ501,,13:39:55.250#,10750.0,10875.0,10725.0,11910.0,9740.0,10077,52143,10840.0,3,10845.0,34,10850.0,10,10855.0,16,10860.0,2,10865.0,12,10870.0,27,10875.0,16,10880.0,89,10885.0,10,10860.0
CJ501,,13:39:56.250#,10750.0,10875.0,10725.0,11910.0,9740.0,10079,52142,10835.0,2,10840.0,3,10845.0,34,10850.0,10,10855.0,16,10865.0,12,10870.0,27,10875.0,16,10880.0,89,10885.0,10,10860.0
CJ501,,13:39:56.500#,10750.0,10875.0,10725.0,11910.0,9740.0,10079,52142,10835.0,2,10840.0,3,10845.0,34,10850.0,10,10855.0,16,10860.0,4,10865.0,13,10870.0,27,10875.0,16,10880.0,89,10860.0
CJ501,,13:39:56.750#,10750.0,10875.0,10725.0,11910.0,9740.0,10079,52142,10835.0,2,10840.0,3,10845.0,34,10850.0,10,10855.0,16,10860.0,6,10865.0,13,10870.0,27,10875.0,16,10880.0,89,10860.0
CJ501,,13:39:57.0#,10750.0,10875.0,10725.0,11910.0,9740.0,10079,52142,10835.0,2,10840.0,3,10845.0,34,10850.0,12,10855.0,16,10860.0,7,10865.0,13,10870.0,27,10875.0,16,10880.0,90,10860.0
CJ501,,13:39:57.250#,10750.0,10875.0,10725.0,11910.0,9740.0,10079,52142,10835.0,2,10840.0,3,10845.0,34,10850.0,12,10855.0,16,10860.0,6,10865.0,13,10870.0,27,10875.0,16,10880.0,90,10860.0
CJ501,,13:39:57.500#,10750.0,10875.0,10725.0,11910.0,9740.0,10079,52142,10835.0,2,10840.0,3,10845.0,34,10850.0,12,10855.0,16,10860.0,7,10865.0,13,10870.0,27,10875.0,16,10880.0,90,10860.0
CJ501,,13:39:57.750#,10750.0,10875.0,10725.0,11910.0,9740.0,10079,52142,10835.0,2,10840.0,3,10845.0,34,10850.0,14,10855.0,16,10860.0,7,10865.0,13,10870.0,27,10875.0,16,10880.0,90,10860.0
CJ501,,13:39:58.500#,10750.0,10875.0,10725.0,11910.0,9740.0,10079,52142,10835.0,2,10840.0,3,10845.0,34,10850.0,14,10855.0,16,10860.0,6,10865.0,13,10870.0,27,10875.0,16,10880.0,90,10860.0
CJ501,,13:39:59.0#,10750.0,10875.0,10725.0,11910.0,9740.0,10079,52142,10835.0,2,10840.0,3,10845.0,34,10850.0,14,10855.0,16,10860.0,6,10865.0,13,10870.0,27,10875.0,16,10880.0,90,10860.0
CJ501,,13:40:01.250#,10750.0,10875.0,10725.0,11910.0,9740.0,10079,52142,10835.0,2,10840.0,3,10845.0,34,10850.0,14,10855.0,17,10860.0,6,10865.0,13,10870.0,27,10875.0,16,10880.0,90,10860.0
CJ501,,13:40:01.500#,10750.0,10875.0,10725.0,11910.0,9740.0,10080,52143,10835.0,2,10840.0,3,10845.0,34,10850.0,14,10855.0,17,10860.0,2,10865.0,13,10870.0,27,10875.0,16,10880.0,90,10860.0
CJ501,,13:40:01.750#,10750.0,10875.0,10725.0,11910.0,9740.0,10082,52144,10840.0,3,10845.0,34,10850.0,14,10855.0,17,10860.0,6,10865.0,13,10870.0,27,10875.0,16,10880.0,90,10885.0,10,10860.0
CJ501,,13:40:02.0#,10750.0,10875.0,10725.0,11910.0,9740.0,10082,52144,10840.0,3,10845.0,34,10850.0,14,10855.0,17,10860.0,7,10865.0,10,10870.0,25,10875.0,16,10880.0,90,10885.0,10,10860.0
CJ501,,13:40:02.250#,10750.0,10875.0,10725.0,11910.0,9740.0,10082,52144,10840.0,3,10845.0,34,10850.0,14,10855.0,17,10860.0,7,10865.0,9,10870.0,25,10875.0,16,10880.0,90,10885.0,10,10860.0
CJ501,,13:40:02.500#,10750.0,10875.0,10725.0,11910.0,9740.0,10082,52144,10840.0,3,10845.0,34,10850.0,14,10855.0,17,10860.0,8,10865.0,9,10870.0,25,10875.0,16,10880.0,90,10885.0,10,10860.0
CJ501,,13:40:03.0#,10750.0,10875.0,10725.0,11910.0,9740.0,10082,52144,10840.0,3,10845.0,34,10850.0,14,10855.0,17,10860.0,10,10865.0,9,10870.0,25,10875.0,16,10880.0,90,10885.0,10,10860.0
CJ501,,13:40:03.250#,10750.0,10875.0,10725.0,11910.0,9740.0,10087,52143,10840.0,3,10845.0,34,10850.0,14,10855.0,17,10860.0,5,10865.0,9,10870.0,25,10875.0,16,10880.0,90,10885.0,10,10860.0
CJ501,,13:40:03.500#,10750.0,10875.0,10725.0,11910.0,9740.0,10087,52143,10840.0,3,10845.0,34,10850.0,14,10855.0,17,10860.0,5,10865.0,10,10870.0,25,10875.0,16,10880.0,90,10885.0,10,10860.0
CJ501,,13:40:03.750#,10750.0,10875.0,10725.0,11910.0,9740.0,10088,52143,10840.0,3,10845.0,34,10850.0,14,10855.0,17,10860.0,4,10865.0,10,10870.0,25,10875.0,16,10880.0,90,10885.0,10,10860.0
CJ501,,13:40:04.750#,10750.0,10875.0,10725.0,11910.0,9740.0,10088,52143,10840.0,3,10845.0,34,10850.0,14,10855.0,17,10860.0,3,10865.0,10,10870.0,25,10875.0,16,10880.0,90,10885.0,10,10860.0
CJ501,,13:40:05.0#,10750.0,10875.0,10725.0,11910.0,9740.0,10089,52142,10840.0,3,10845.0,34,10850.0,14,10855.0,17,10860.0,2,10865.0,10,10870.0,25,10875.0,16,10880.0,90,10885.0,10,10860.0
CJ501,,13:40:05.250#,10750.0,10875.0,10725.0,11910.0,9740.0,10089,52142,10840.0,3,10845.0,34,10850.0,14,10855.0,17,10860.0,2,10865.0,11,10870.0,25,10875.0,16,10880.0,90,10885.0,10,10860.0
CJ501,,13:40:05.500#,10750.0,10875.0,10725.0,11910.0,9740.0,10089,52142,10840.0,3,10845.0,34,10850.0,14,10855.0,17,10860.0,2,10865.0,11,10870.0,24,10875.0,16,10880.0,90,10885.0,10,10860.0
CJ501,,13:40:06.250#,10750.0,10875.0,10725.0,11910.0,9740.0,10100,52146,10845.0,34,10850.0,14,10855.0,17,10860.0,2,10865.0,3,10870.0,25,10875.0,16,10880.0,90,10885.0,10,10890.0,57,10865.0
CJ501,,13:40:06.750#,10750.0,10875.0,10725.0,11910.0,9740.0,10100,52146,10845.0,34,10850.0,14,10855.0,17,10860.0,2,10865.0,3,10870.0,24,10875.0,16,10880.0,90,10885.0,10,10890.0,57,10865.0
CJ501,,13:40:07.0#,10750.0,10875.0,10725.0,11910.0,9740.0,10100,52146,10845.0,34,10850.0,14,10855.0,17,10860.0,2,10865.0,4,10870.0,24,10875.0,16,10880.0,90,10885.0,10,10890.0,57,10865.0
CJ501,,13:40:07.250#,10750.0,10875.0,10725.0,11910.0,9740.0,10100,52146,10845.0,34,10850.0,17,10855.0,17,10860.0,2,10865.0,4,10870.0,24,10875.0,16,10880.0,90,10885.0,10,10890.0,57,10865.0
CJ501,,13:40:07.750#,10750.0,10875.0,10725.0,11910.0,9740.0,10100,52146,10845.0,34,10850.0,17,10855.0,17,10860.0,2,10865.0,3,10870.0,24,10875.0,16,10880.0,90,10885.0,10,10890.0,57,10865.0
CJ501,,13:40:08.0#,10750.0,10875.0,10725.0,11910.0,9740.0,10100,52146,10845.0,34,10850.0,17,10855.0,17,10860.0,3,10865.0,3,10870.0,25,10875.0,16,10880.0,90,10885.0,10,10890.0,57,10865.0
CJ501,,13:40:08.250#,10750.0,10875.0,10725.0,11910.0,9740.0,10100,52146,10845.0,34,10850.0,17,10855.0,17,10860.0,3,10865.0,3,10870.0,24,10875.0,16,10880.0,90,10885.0,10,10890.0,57,10865.0
CJ501,,13:40:09.0#,10750.0,10875.0,10725.0,11910.0,9740.0,10102,52148,10845.0,34,10850.0,17,10855.0,17,10860.0,3,10865.0,1,10870.0,24,10875.0,16,10880.0,90,10885.0,10,10890.0,57,10865.0
CJ501,,13:40:09.500#,10750.0,10875.0,10725.0,11910.0,9740.0,10103,52149,10840.0,3,10845.0,34,10850.0,17,10855.0,17,10860.0,3,10865.0,1,10870.0,24,10875.0,16,10880.0,90,10885.0,10,10865.0
CJ501,,13:40:09.750#,10750.0,10875.0,10725.0,11910.0,9740.0,10103,52149,10840.0,3,10845.0,34,10850.0,17,10855.0,17,10860.0,6,10865.0,1,10870.0,24,10875.0,16,10880.0,90,10885.0,10,10865.0
CJ501,,13:40:10.750#,10750.0,10875.0,10725.0,11910.0,9740.0,10103,52149,10840.0,3,10845.0,34,10850.0,17,10855.0,17,10860.0,6,10865.0,5,10870.0,24,10875.0,16,10880.0,93,10885.0,10,10865.0
CJ501,,13:40:11.0#,10750.0,10875.0,10725.0,11910.0,9740.0,10103,52149,10840.0,3,10845.0,34,10850.0,17,10855.0,17,10860.0,4,10865.0,5,10870.0,24,10875.0,16,10880.0,93,10885.0,10,10865.0
CJ501,,13:40:11.250#,10750.0,10875.0,10725.0,11910.0,9740.0,10103,52149,10840.0,3,10845.0,34,10850.0,17,10855.0,17,10860.0,4,10865.0,6,10870.0,24,10875.0,16,10880.0,93,10885.0,10,10865.0
CJ501,,13:40:12.0#,10750.0,10875.0,10725.0,11910.0,9740.0,10107,52145,10835.0,2,10840.0,3,10845.0,34,10850.0,17,10855.0,17,10860.0,1,10865.0,6,10870.0,24,10875.0,16,10880.0,93,10860.0
CJ501,,13:40:12.500#,10750.0,10875.0,10725.0,11910.0,9740.0,10108,52145,10835.0,2,10840.0,3,10845.0,34,10850.0,17,10855.0,17,10860.0,1,10865.0,6,10870.0,25,10875.0,16,10880.0,93,10860.0
CJ501,,13:40:13.250#,10750.0,10875.0,10725.0,11910.0,9740.0,10109,52145,10835.0,2,10840.0,3,10845.0,34,10850.0,17,10855.0,17,10865.0,6,10870.0,25,10875.0,16,10880.0,93,10885.0,10,10860.0
CJ501,,13:40:13.500#,10750.0,10875.0,10725.0,11910.0,9740.0,10109,52145,10835.0,2,10840.0,3,10845.0,34,10850.0,17,10855.0,17,10865.0,7,10870.0,25,10875.0,16,10880.0,93,10885.0,10,10860.0
CJ501,,13:40:15.750#,10750.0,10875.0,10725.0,11910.0,9740.0,10109,52145,10835.0,2,10840.0,3,10845.0,34,10850.0,18,10855.0,17,10865.0,7,10870.0,25,10875.0,16,10880.0,93,10885.0,10,10860.0
CJ501,,13:40:16.0#,10750.0,10875.0,10725.0,11910.0,9740.0,10109,52145,10835.0,2,10840.0,3,10845.0,34,10850.0,18,10855.0,17,10865.0,7,10870.0,26,10875.0,16,10880.0,93,10885.0,10,10860.0
CJ501,,13:40:16.750#,10750.0,10875.0,10725.0,11910.0,9740.0,10109,52145,10835.0,2,10840.0,3,10845.0,34,10850.0,18,10855.0,18,10865.0,7,10870.0,26,10875.0,16,10880.0,93,10885.0,10,10860.0
CJ501,,13:40:17.0#,10750.0,10875.0,10725.0,11910.0,9740.0,10109,52145,10835.0,2,10840.0,3,10845.0,34,10850.0,18,10855.0,18,10865.0,6,10870.0,26,10875.0,16,10880.0,93,10885.0,10,10860.0
CJ501,,13:40:18.250#,10750.0,10875.0,10725.0,11910.0,9740.0,10109,52145,10835.0,2,10840.0,3,10845.0,34,10850.0,18,10855.0,18,10865.0,6,10870.0,26,10875.0,16,10880.0,93,10885.0,10,10860.0
CJ501,,13:40:19.250#,10750.0,10875.0,10725.0,11910.0,9740.0,10109,52145,10835.0,2,10840.0,3,10845.0,34,10850.0,18,10855.0,18,10860.0,5,10865.0,6,10870.0,26,10875.0,16,10880.0,93,10860.0
CJ501,,13:40:19.500#,10750.0,10875.0,10725.0,11910.0,9740.0,10109,52145,10835.0,2,10840.0,3,10845.0,34,10850.0,18,10855.0,18,10860.0,5,10865.0,6,10870.0,26,10875.0,16,10880.0,93,10860.0
CJ501,,13:40:20.0#,10750.0,10875.0,10725.0,11910.0,9740.0,10109,52145,10835.0,2,10840.0,3,10845.0,34,10850.0,18,10855.0,18,10860.0,5,10865.0,8,10870.0,26,10875.0,16,10880.0,93,10860.0
CJ501,,13:40:22.0#,10750.0,10875.0,10725.0,11910.0,9740.0,10113,52145,10835.0,2,10840.0,3,10845.0,34,10850.0,18,10855.0,18,10860.0,1,10865.0,8,10870.0,26,10875.0,16,10880.0,93,10860.0
CJ501,,13:40:22.750#,10750.0,10875.0,10725.0,11910.0,9740.0,10114,52145,10840.0,3,10845.0,34,10850.0,18,10855.0,18,10860.0,2,10865.0,8,10870.0,26,10875.0,16,10880.0,93,10885.0,10,10860.0
CJ501,,13:40:23.0#,10750.0,10875.0,10725.0,11910.0,9740.0,10114,52145,10840.0,3,10845.0,34,10850.0,18,10855.0,18,10860.0,7,10865.0,8,10870.0,26,10875.0,16,10880.0,93,10885.0,10,10860.0
CJ501,,13:40:23.250#,10750.0,10875.0,10725.0,11910.0,9740.0,10114,52145,10840.0,3,10845.0,34,10850.0,18,10855.0,18,10860.0,7,10865.0,7,10870.0,26,10875.0,16,10880.0,93,10885.0,10,10860.0
CJ501,,13:40:23.750#,10750.0,10875.0,10725.0,11910.0,9740.0,10114,52145,10840.0,3,10845.0,34,10850.0,18,10855.0,18,10860.0,9,10865.0,7,10870.0,26,10875.0,16,10880.0,93,10885.0,10,10860.0
CJ501,,13:40:25.750#,10750.0,10875.0,10725.0,11910.0,9740.0,10114,52145,10840.0,3,10845.0,34,10850.0,18,10855.0,18,10860.0,10,10865.0,7,10870.0,26,10875.0,16,10880.0,93,10885.0,10,10860.0
CJ501,,13:40:26.500#,10750.0,10875.0,10725.0,11910.0,9740.0,10114,52145,10840.0,3,10845.0,34,10850.0,18,10855.0,18,10860.0,10,10865.0,7,10870.0,27,10875.0,16,10880.0,93,10885.0,10,10860.0
CJ501,,13:40:27.0#,10750.0,10875.0,10725.0,11910.0,9740.0,10119,52146,10840.0,3,10845.0,34,10850.0,18,10855.0,18,10860.0,10,10865.0,2,10870.0,27,10875.0,16,10880.0,93,10885.0,10,10865.0
CJ501,,13:40:27.250#,10750.0,10875.0,10725.0,11910.0,9740.0,10119,52146,10840.0,3,10845.0,34,10850.0,16,10855.0,18,10860.0,10,10865.0,2,10870.0,27,10875.0,16,10880.0,93,10885.0,10,10865.0
CJ501,,13:40:30.250#,10750.0,10875.0,10725.0,11910.0,9740.0,10120,52147,10840.0,3,10845.0,34,10850.0,16,10855.0,18,10860.0,9,10865.0,2,10870.0,27,10875.0,16,10880.0,93,10885.0,10,10860.0
CJ501,,13:40:30.750#,10750.0,10875.0,10725.0,11910.0,9740.0,10120,52147,10840.0,3,10845.0,34,10850.0,16,10855.0,18,10860.0,9,10865.0,2,10870.0,27,10875.0,16,10880.0,93,10885.0,10,10860.0
CJ501,,13:40:31.500#,10750.0,10875.0,10725.0,11910.0,9740.0,10120,52147,10840.0,3,10845.0,34,10850.0,16,10855.0,18,10860.0,9,10865.0,2,10870.0,28,10875.0,16,10880.0,93,10885.0,10,10860.0
CJ501,,13:40:33.0#,10750.0,10875.0,10725.0,11910.0,9740.0,10121,52147,10840.0,3,10845.0,34,10850.0,16,10855.0,18,10860.0,8,10865.0,2,10870.0,28,10875.0,16,10880.0,93,10885.0,10,10860.0
CJ501,,13:40:33.250#,10750.0,10875.0,10725.0,11910.0,9740.0,10121,52147,10840.0,3,10845.0,34,10850.0,16,10855.0,18,10860.0,8,10865.0,3,10870.0,28,10875.0,16,10880.0,93,10885.0,10,10860.0
CJ501,,13:40:33.750#,10750.0,10875.0,10725.0,11910.0,9740.0,10124,52148,10840.0,3,10845.0,34,10850.0,16,10855.0,18,10860.0,8,10870.0,33,10875.0,16,10880.0,93,10885.0,10,10890.0,57,10865.0
CJ501,,13:40:34.0#,10750.0,10875.0,10725.0,11910.0,9740.0,10124,52148,10840.0,3,10845.0,34,10850.0,16,10855.0,18,10860.0,8,10870.0,31,10875.0,16,10880.0,93,10885.0,10,10890.0,57,10865.0
CJ501,,13:40:35.500#,10750.0,10875.0,10725.0,11910.0,9740.0,10124,52148,10840.0,3,10845.0,34,10850.0,16,10855.0,18,10860.0,9,10870.0,31,10875.0,16,10880.0,93,10885.0,10,10890.0,57,10865.0
CJ501,,13:40:36.250#,10750.0,10875.0,10725.0,11910.0,9740.0,10124,52148,10840.0,3,10845.0,34,10850.0,14,10855.0,18,10860.0,9,10870.0,31,10875.0,16,10880.0,93,10885.0,10,10890.0,57,10865.0
CJ501,,13:40:37.500#,10750.0,10875.0,10725.0,11910.0,9740.0,10134,52153,10840.0,3,10845.0,34,10850.0,14,10855.0,18,10860.0,9,10870.0,21,10875.0,16,10880.0,93,10885.0,10,10890.0,57,10870.0
CJ501,,13:40:37.750#,10750.0,10875.0,10725.0,11910.0,9740.0,10134,52153,10845.0,34,10850.0,14,10855.0,18,10860.0,11,10865.0,4,10870.0,21,10875.0,16,10880.0,93,10885.0,10,10890.0,57,10870.0
CJ501,,13:40:38.250#,10750.0,10875.0,10725.0,11910.0,9740.0,10134,52153,10845.0,34,10850.0,14,10855.0,18,10860.0,11,10865.0,4,10870.0,22,10875.0,16,10880.0,93,10885.0,10,10890.0,57,10870.0
CJ501,,13:40:39.500#,10750.0,10875.0,10725.0,11910.0,9740.0,10134,52153,10845.0,34,10850.0,14,10855.0,18,10860.0,11,10865.0,4,10870.0,22,10875.0,16,10880.0,93,10885.0,10,10890.0,57,10870.0
CJ501,,13:40:40.500#,10750.0,10875.0,10725.0,11910.0,9740.0,10134,52153,10845.0,34,10850.0,14,10855.0,18,10860.0,11,10865.0,4,10870.0,22,10875.0,16,10880.0,93,10885.0,10,10890.0,57,10870.0
CJ501,,13:40:41.0#,10750.0,10875.0,10725.0,11910.0,9740.0,10134,52153,10845.0,34,10850.0,14,10855.0,18,10860.0,11,10865.0,4,10870.0,22,10875.0,16,10880.0,101,10885.0,10,10890.0,57,10870.0
CJ501,,13:40:41.250#,10750.0,10875.0,10725.0,11910.0,9740.0,10136,52153,10845.0,34,10850.0,14,10855.0,18,10860.0,11,10865.0,4,10870.0,20,10875.0,16,10880.0,101,10885.0,10,10890.0,57,10870.0
CJ501,,13:40:41.500#,10750.0,10875.0,10725.0,11910.0,9740.0,10136,52153,10845.0,34,10850.0,14,10855.0,18,10860.0,11,10865.0,5,10870.0,17,10875.0,16,10880.0,101,10885.0,10,10890.0,57,10870.0
CJ501,,13:40:44.250#,10750.0,10875.0,10725.0,11910.0,9740.0,10139,52153,10845.0,34,10850.0,14,10855.0,18,10860.0,11,10865.0,2,10870.0,17,10875.0,16,10880.0,101,10885.0,10,10890.0,57,10865.0
CJ501,,13:40:44.500#,10750.0,10875.0,10725.0,11910.0,9740.0,10139,52153,10845.0,34,10850.0,14,10855.0,18,10860.0,11,10865.0,1,10870.0,17,10875.0,16,10880.0,101,10885.0,10,10890.0,57,10865.0
CJ501,,13:40:45.750#,10750.0,10875.0,10725.0,11910.0,9740.0,10139,52153,10845.0,34,10850.0,16,10855.0,18,10860.0,10,10865.0,1,10870.0,17,10875.0,16,10880.0,101,10885.0,10,10890.0,57,10865.0
CJ501,,13:40:46.0#,10750.0,10875.0,10725.0,11910.0,9740.0,10139,52153,10845.0,34,10850.0,14,10855.0,18,10860.0,10,10865.0,1,10870.0,17,10875.0,16,10880.0,101,10885.0,10,10890.0,57,10865.0
CJ501,,13:40:46.250#,10750.0,10875.0,10725.0,11910.0,9740.0,10140,52154,10840.0,3,10845.0,34,10850.0,14,10855.0,18,10860.0,10,10870.0,18,10875.0,16,10880.0,101,10885.0,10,10890.0,57,10865.0
CJ501,,13:40:46.500#,10750.0,10875.0,10725.0,11910.0,9740.0,10140,52154,10840.0,3,10845.0,34,10850.0,14,10855.0,18,10860.0,8,10870.0,18,10875.0,16,10880.0,101,10885.0,10,10890.0,57,10865.0
CJ501,,13:40:47.750#,10750.0,10875.0,10725.0,11910.0,9740.0,10140,52154,10840.0,3,10845.0,34,10850.0,14,10855.0,18,10860.0,10,10870.0,18,10875.0,16,10880.0,101,10885.0,10,10890.0,57,10865.0
CJ501,,13:40:48.0#,10750.0,10875.0,10725.0,11910.0,9740.0,10141,52153,10840.0,3,10845.0,34,10850.0,14,10855.0,18,10860.0,10,10870.0,17,10875.0,16,10880.0,101,10885.0,10,10890.0,57,10870.0
CJ501,,13:40:48.250#,10750.0,10875.0,10725.0,11910.0,9740.0,10141,52153,10840.0,3,10845.0,34,10850.0,14,10855.0,18,10860.0,12,10870.0,17,10875.0,16,10880.0,101,10885.0,10,10890.0,57,10870.0
CJ501,,13:40:49.0#,10750.0,10875.0,10725.0,11910.0,9740.0,10141,52153,10845.0,34,10850.0,14,10855.0,16,10860.0,12,10865.0,2,10870.0,17,10875.0,16,10880.0,101,10885.0,10,10890.0,57,10870.0
CJ501,,13:40:49.250#,10750.0,10875.0,10725.0,11910.0,9740.0,10142,52152,10845.0,34,10850.0,14,10855.0,16,10860.0,12,10865.0,1,10870.0,17,10875.0,16,10880.0,101,10885.0,10,10890.0,57,10865.0
CJ501,,13:40:50.750#,10750.0,10875.0,10725.0,11910.0,9740.0,10144,52150,10845.0,34,10850.0,14,10855.0,16,10860.0,12,10865.0,3,10870.0,15,10875.0,16,10880.0,101,10885.0,10,10890.0,57,10870.0
CJ501,,13:40:51.0#,10750.0,10875.0,10725.0,11910.0,9740.0,10145,52149,10845.0,34,10850.0,14,10855.0,16,10860.0,12,10865.0,3,10870.0,15,10875.0,16,10880.0,101,10885.0,10,10890.0,57,10865.0
CJ501,,13:40:51.250#,10750.0,10875.0,10725.0,11910.0,9740.0,10145,52149,10845.0,34,10850.0,14,10855.0,16,10860.0,12,10865.0,2,10870.0,15,10875.0,16,10880.0,101,10885.0,10,10890.0,57,10865.0
CJ501,,13:40:51.750#,10750.0,10875.0,10725.0,11910.0,9740.0,10145,52149,10845.0,34,10850.0,14,10855.0,16,10860.0,11,10865.0,2,10870.0,15,10875.0,16,10880.0,101,10885.0,10,10890.0,57,10865.0
CJ501,,13:40:52.250#,10750.0,10875.0,10725.0,11910.0,9740.0,10145,52149,10840.0,3,10845.0,34,10850.0,14,10855.0,16,10860.0,11,10870.0,15,10875.0,17,10880.0,101,10885.0,10,10890.0,57,10865.0
CJ501,,13:40:52.500#,10750.0,10875.0,10725.0,11910.0,9740.0,10145,52149,10840.0,3,10845.0,34,10850.0,14,10855.0,16,10860.0,11,10870.0,15,10875.0,17,10880.0,101,10885.0,10,10890.0,57,10865.0
CJ501,,13:40:53.0#,10750.0,10875.0,10725.0,11910.0,9740.0,10145,52149,10840.0,3,10845.0,34,10850.0,14,10855.0,16,10860.0,12,10870.0,15,10875.0,17,10880.0,101,10885.0,10,10890.0,57,10865.0
CJ501,,13:40:53.250#,10750.0,10875.0,10725.0,11910.0,9740.0,10145,52149,10840.0,3,10845.0,34,10850.0,14,10855.0,16,10860.0,12,10865.0,1,10870.0,14,10875.0,17,10880.0,101,10885.0,10,10865.0
CJ501,,13:40:53.500#,10750.0,10875.0,10725.0,11910.0,9740.0,10145,52149,10840.0,3,10845.0,34,10850.0,14,10855.0,16,10860.0,10,10865.0,4,10870.0,14,10875.0,17,10880.0,101,10885.0,10,10865.0
CJ501,,13:40:54.500#,10750.0,10875.0,10725.0,11910.0,9740.0,10146,52148,10840.0,3,10845.0,34,10850.0,14,10855.0,16,10860.0,10,10865.0,4,10870.0,14,10875.0,17,10880.0,101,10885.0,10,10865.0
CJ501,,13:40:54.750#,10750.0,10875.0,10725.0,11910.0,9740.0,10146,52148,10840.0,3,10845.0,34,10850.0,14,10855.0,16,10860.0,10,10865.0,4,10870.0,14,10875.0,22,10880.0,101,10885.0,10,10865.0
CJ501,,13:40:56.500#,10750.0,10875.0,10725.0,11910.0,9740.0,10147,52147,10840.0,3,10845.0,34,10850.0,14,10855.0,16,10860.0,9,10865.0,4,10870.0,14,10875.0,22,10880.0,101,10885.0,10,10860.0
CJ501,,13:40:57.0#,10750.0,10875.0,10725.0,11910.0,9740.0,10147,52147,10840.0,3,10845.0,34,10850.0,14,10855.0,16,10860.0,9,10865.0,4,10870.0,14,10875.0,22,10880.0,101,10885.0,10,10860.0
CJ501,,13:40:57.250#,10750.0,10875.0,10725.0,11910.0,9740.0,10147,52147,10840.0,3,10845.0,34,10850.0,14,10855.0,16,10860.0,9,10865.0,4,10870.0,14,10875.0,22,10880.0,101,10885.0,10,10860.0
CJ501,,13:40:58.750#,10750.0,10875.0,10725.0,11910.0,9740.0,10147,52147,10840.0,3,10845.0,34,10850.0,14,10855.0,16,10860.0,9,10865.0,4,10870.0,14,10875.0,22,10880.0,101,10885.0,10,10860.0
CJ501,,13:40:59.0#,10750.0,10875.0,10725.0,11910.0,9740.0,10147,52147,10840.0,3,10845.0,34,10850.0,14,10855.0,16,10860.0,9,10865.0,4,10870.0,15,10875.0,22,10880.0,101,10885.0,10,10860.0
CJ501,,13:41:00.0#,10750.0,10875.0,10725.0,11910.0,9740.0,10147,52147,10840.0,3,10845.0,34,10850.0,14,10855.0,16,10860.0,9,10865.0,4,10870.0,15,10875.0,22,10880.0,101,10885.0,10,10860.0
CJ501,,13:41:00.250#,10750.0,10875.0,10725.0,11910.0,9740.0,10147,52147,10840.0,3,10845.0,34,10850.0,14,10855.0,16,10860.0,9,10865.0,4,10870.0,15,10875.0,22,10880.0,101,10885.0,10,10860.0
CJ501,,13:41:03.250#,10750.0,10875.0,10725.0,11910.0,9740.0,10148,52147,10840.0,3,10845.0,34,10850.0,14,10855.0,16,10860.0,9,10865.0,3,10870.0,15,10875.0,22,10880.0,101,10885.0,10,10865.0
CJ501,,13:41:03.500#,10750.0,10875.0,10725.0,11910.0,9740.0,10150,52147,10840.0,3,10845.0,34,10850.0,14,10855.0,16,10860.0,7,10865.0,1,10870.0,15,10875.0,22,10880.0,101,10885.0,10,10860.0
CJ501,,13:41:03.750#,10750.0,10875.0,10725.0,11910.0,9740.0,10150,52147,10840.0,3,10845.0,34,10850.0,14,10855.0,16,10860.0,7,10865.0,5,10870.0,15,10875.0,22,10880.0,101,10885.0,10,10860.0
CJ501,,13:41:05.500#,10750.0,10875.0,10725.0,11910.0,9740.0,10152,52145,10840.0,3,10845.0,34,10850.0,14,10855.0,16,10860.0,3,10865.0,5,10870.0,15,10875.0,22,10880.0,101,10885.0,10,10860.0
CJ501,,13:41:05.750#,10750.0,10875.0,10725.0,11910.0,9740.0,10152,52145,10840.0,3,10845.0,34,10850.0,14,10855.0,16,10860.0,3,10865.0,7,10870.0,15,10875.0,22,10880.0,101,10885.0,10,10860.0
CJ501,,13:41:06.500#,10750.0,10875.0,10725.0,11910.0,9740.0,10152,52145,10840.0,3,10845.0,34,10850.0,14,10855.0,16,10860.0,4,10865.0,7,10870.0,15,10875.0,22,10880.0,101,10885.0,10,10860.0
CJ501,,13:41:06.750#,10750.0,10875.0,10725.0,11910.0,9740.0,10152,52145,10840.0,3,10845.0,34,10850.0,14,10855.0,16,10860.0,4,10865.0,6,10870.0,15,10875.0,22,10880.0,101,10885.0,10,10860.0
CJ501,,13:41:07.0#,10750.0,10875.0,10725.0,11910.0,9740.0,10152,52145,10840.0,3,10845.0,34,10850.0,14,10855.0,16,10860.0,4,10865.0,6,10870.0,17,10875.0,22,10880.0,101,10885.0,10,10860.0
CJ501,,13:41:07.250#,10750.0,10875.0,10725.0,11910.0,9740.0,10152,52145,10840.0,3,10845.0,34,10850.0,14,10855.0,16,10860.0,5,10865.0,6,10870.0,17,10875.0,22,10880.0,101,10885.0,10,10860.0
CJ501,,13:41:08.250#,10750.0,10875.0,10725.0,11910.0,9740.0,10152,52145,10840.0,3,10845.0,34,10850.0,14,10855.0,15,10860.0,5,10865.0,6,10870.0,17,10875.0,22,10880.0,101,10885.0,10,10860.0
CJ501,,13:41:09.750#,10750.0,10875.0,10725.0,11910.0,9740.0,10153,52144,10840.0,3,10845.0,35,10850.0,14,10855.0,15,10860.0,5,10865.0,6,10870.0,17,10875.0,22,10880.0,101,10885.0,10,10865.0
CJ501,,13:41:10.500#,10750.0,10875.0,10725.0,11910.0,9740.0,10153,52144,10840.0,3,10845.0,35,10850.0,14,10855.0,15,10860.0,5,10865.0,8,10870.0,17,10875.0,22,10880.0,101,10885.0,10,10865.0
CJ501,,13:41:12.750#,10750.0,10875.0,10725.0,11910.0,9740.0,10153,52144,10840.0,3,10845.0,35,10850.0,14,10855.0,15,10860.0,5,10865.0,9,10870.0,17,10875.0,22,10880.0,101,10885.0,10,10865.0
CJ501,,13:41:13.0#,10750.0,10875.0,10725.0,11910.0,9740.0,10154,52144,10840.0,3,10845.0,35,10850.0,14,10855.0,15,10860.0,5,10865.0,10,10870.0,17,10875.0,22,10880.0,101,10885.0,10,10865.0
CJ501,,13:41:16.250#,10750.0,10875.0,10725.0,11910.0,9740.0,10154,52144,10840.0,3,10845.0,35,10850.0,14,10855.0,15,10860.0,5,10865.0,11,10870.0,17,10875.0,22,10880.0,101,10885.0,10,10865.0
CJ501,,13:41:16.500#,10750.0,10875.0,10725.0,11910.0,9740.0,10159,52140,10835.0,2,10840.0,3,10845.0,35,10850.0,14,10855.0,15,10865.0,11,10870.0,17,10875.0,22,10880.0,101,10885.0,10,10860.0
CJ501,,13:41:16.750#,10750.0,10875.0,10725.0,11910.0,9740.0,10159,52140,10835.0,2,10840.0,3,10845.0,35,10850.0,14,10855.0,16,10860.0,4,10865.0,11,10870.0,17,10875.0,22,10880.0,101,10860.0
CJ501,,13:41:17.0#,10750.0,10875.0,10725.0,11910.0,9740.0,10159,52140,10835.0,2,10840.0,3,10845.0,35,10850.0,14,10855.0,15,10860.0,4,10865.0,11,10870.0,17,10875.0,22,10880.0,101,10860.0
CJ501,,13:41:20.250#,10750.0,10875.0,10725.0,11910.0,9740.0,10160,52141,10835.0,2,10840.0,3,10845.0,35,10850.0,14,10855.0,15,10860.0,3,10865.0,11,10870.0,17,10875.0,21,10880.0,101,10860.0
CJ501,,13:41:21.250#,10750.0,10875.0,10725.0,11910.0,9740.0,10160,52141,10835.0,2,10840.0,3,10845.0,35,10850.0,14,10855.0,15,10860.0,3,10865.0,11,10870.0,17,10875.0,21,10880.0,101,10860.0
CJ501,,13:41:21.500#,10750.0,10875.0,10725.0,11910.0,9740.0,10160,52141,10835.0,2,10840.0,3,10845.0,35,10850.0,14,10855.0,15,10860.0,3,10865.0,11,10870.0,17,10875.0,21,10880.0,101,10860.0
CJ501,,13:41:22.0#,10750.0,10875.0,10725.0,11910.0,9740.0,10161,52141,10835.0,2,10840.0,3,10845.0,35,10850.0,14,10855.0,14,10860.0,3,10865.0,11,10870.0,17,10875.0,21,10880.0,101,10855.0
CJ501,,13:41:23.0#,10750.0,10875.0,10725.0,11910.0,9740.0,10161,52141,10835.0,2,10840.0,3,10845.0,35,10850.0,14,10855.0,14,10860.0,4,10865.0,11,10870.0,17,10875.0,21,10880.0,101,10855.0
CJ501,,13:41:23.250#,10750.0,10875.0,10725.0,11910.0,9740.0,10165,52145,10840.0,3,10845.0,35,10850.0,14,10855.0,14,10860.0,5,10865.0,12,10870.0,17,10875.0,21,10880.0,101,10885.0,10,10860.0
CJ501,,13:41:23.500#,10750.0,10875.0,10725.0,11910.0,9740.0,10169,52147,10840.0,3,10845.0,35,10850.0,14,10855.0,14,10860.0,1,10865.0,11,10870.0,17,10875.0,21,10880.0,101,10885.0,10,10860.0
CJ501,,13:41:23.750#,10750.0,10875.0,10725.0,11910.0,9740.0,10170,52147,10835.0,2,10840.0,3,10845.0,35,10850.0,14,10855.0,14,10865.0,12,10870.0,17,10875.0,21,10880.0,101,10885.0,10,10860.0
CJ501,,13:41:24.0#,10750.0,10875.0,10725.0,11910.0,9740.0,10170,52147,10835.0,2,10840.0,3,10845.0,35,10850.0,14,10855.0,15,10860.0,2,10865.0,11,10870.0,17,10875.0,21,10880.0,101,10860.0
CJ501,,13:41:24.250#,10750.0,10875.0,10725.0,11910.0,9740.0,10170,52147,10835.0,2,10840.0,3,10845.0,35,10850.0,14,10855.0,14,10860.0,2,10865.0,11,10870.0,17,10875.0,21,10880.0,101,10860.0
CJ501,,13:41:26.250#,10750.0,10875.0,10725.0,11910.0,9740.0,10172,52149,10840.0,3,10845.0,35,10850.0,14,10855.0,14,10860.0,9,10865.0,12,10870.0,17,10875.0,21,10880.0,101,10885.0,10,10860.0
CJ501,,13:41:26.500#,10750.0,10875.0,10725.0,11910.0,9740.0,10172,52149,10840.0,3,10845.0,35,10850.0,14,10855.0,14,10860.0,9,10865.0,11,10870.0,17,10875.0,21,10880.0,101,10885.0,10,10860.0
CJ501,,13:41:27.0#,10750.0,10875.0,10725.0,11910.0,9740.0,10172,52149,10840.0,3,10845.0,35,10850.0,14,10855.0,14,10860.0,10,10865.0,11,10870.0,17,10875.0,21,10880.0,101,10885.0,10,10860.0
CJ501,,13:41:29.250#,10750.0,10875.0,10725.0,11910.0,9740.0,10172,52149,10840.0,3,10845.0,35,10850.0,14,10855.0,14,10860.0,10,10865.0,11,10870.0,17,10875.0,21,10880.0,101,10885.0,10,10860.0
CJ501,,13:41:29.500#,10750.0,10875.0,10725.0,11910.0,9740.0,10173,52150,10840.0,3,10845.0,35,10850.0,14,10855.0,14,10860.0,9,10865.0,9,10870.0,17,10875.0,21,10880.0,101,10885.0,10,10860.0
CJ501,,13:41:30.0#,10750.0,10875.0,10725.0,11910.0,9740.0,10173,52150,10840.0,3,10845.0,35,10850.0,15,10855.0,14,10860.0,9,10865.0,9,10870.0,17,10875.0,21,10880.0,101,10885.0,10,10860.0
CJ501,,13:41:30.250#,10750.0,10875.0,10725.0,11910.0,9740.0,10173,52150,10840.0,3,10845.0,35,10850.0,15,10855.0,14,10860.0,11,10865.0,9,10870.0,17,10875.0,21,10880.0,101,10885.0,10,10860.0
CJ501,,13:41:30.500#,10750.0,10875.0,10725.0,11910.0,9740.0,10173,52150,10840.0,3,10845.0,35,10850.0,15,10855.0,14,10860.0,11,10865.0,10,10870.0,17,10875.0,21,10880.0,101,10885.0,10,10860.0
CJ501,,13:41:30.750#,10750.0,10875.0,10725.0,11910.0,9740.0,10173,52150,10840.0,3,10845.0,35,10850.0,15,10855.0,14,10860.0,11,10865.0,10,10870.0,17,10875.0,21,10880.0,101,10885.0,10,10860.0
CJ501,,13:41:31.0#,10750.0,10875.0,10725.0,11910.0,9740.0,10173,52150,10840.0,3,10845.0,35,10850.0,15,10855.0,14,10860.0,11,10865.0,10,10870.0,17,10875.0,21,10880.0,101,10885.0,10,10860.0
CJ501,,13:41:32.750#,10750.0,10875.0,10725.0,11910.0,9740.0,10174,52150,10840.0,3,10845.0,35,10850.0,15,10855.0,14,10860.0,10,10865.0,10,10870.0,17,10875.0,21,10880.0,101,10885.0,10,10860.0
CJ501,,13:41:33.0#,10750.0,10875.0,10725.0,11910.0,9740.0,10174,52150,10840.0,3,10845.0,35,10850.0,15,10855.0,14,10860.0,9,10865.0,10,10870.0,17,10875.0,21,10880.0,101,10885.0,10,10860.0
CJ501,,13:41:34.250#,10750.0,10875.0,10725.0,11910.0,9740.0,10174,52150,10840.0,3,10845.0,35,10850.0,15,10855.0,14,10860.0,9,10865.0,12,10870.0,17,10875.0,21,10880.0,101,10885.0,10,10860.0
CJ501,,13:41:34.500#,10750.0,10875.0,10725.0,11910.0,9740.0,10179,52152,10840.0,3,10845.0,35,10850.0,15,10855.0,14,10860.0,7,10865.0,9,10870.0,17,10875.0,21,10880.0,101,10885.0,10,10865.0
CJ501,,13:41:35.500#,10750.0,10875.0,10725.0,11910.0,9740.0,10184,52155,10840.0,3,10845.0,35,10850.0,15,10855.0,14,10860.0,2,10865.0,10,10870.0,17,10875.0,21,10880.0,101,10885.0,10,10860.0
CJ501,,13:41:37.500#,10750.0,10875.0,10725.0,11910.0,9740.0,10184,52155,10835.0,2,10840.0,3,10845.0,35,10850.0,15,10855.0,14,10860.0,2,10865.0,7,10870.0,17,10875.0,21,10880.0,101,10860.0
CJ501,,13:41:38.500#,10750.0,10875.0,10725.0,11910.0,9740.0,10184,52155,10835.0,2,10840.0,3,10845.0,35,10850.0,15,10855.0,14,10860.0,2,10865.0,12,10870.0,17,10875.0,21,10880.0,101,10860.0
CJ501,,13:41:39.500#,10750.0,10875.0,10725.0,11910.0,9740.0,10184,52155,10835.0,2,10840.0,3,10845.0,35,10850.0,15,10855.0,15,10860.0,2,10865.0,12,10870.0,17,10875.0,21,10880.0,101,10860.0
CJ501,,13:41:39.750#,10750.0,10875.0,10725.0,11910.0,9740.0,10186,52157,10835.0,2,10840.0,3,10845.0,35,10850.0,15,10855.0,15,10860.0,1,10865.0,12,10870.0,17,10875.0,21,10880.0,101,10860.0
CJ501,,13:41:40.0#,10750.0,10875.0,10725.0,11910.0,9740.0,10187,52157,10840.0,3,10845.0,35,10850.0,15,10855.0,14,10860.0,3,10865.0,14,10870.0,17,10875.0,21,10880.0,101,10885.0,10,10860.0
CJ501,,13:41:40.750#,10750.0,10875.0,10725.0,11910.0,9740.0,10187,52157,10840.0,3,10845.0,35,10850.0,15,10855.0,14,10860.0,4,10865.0,14,10870.0,17,10875.0,21,10880.0,101,10885.0,10,10860.0
CJ501,,13:41:41.250#,10750.0,10875.0,10725.0,11910.0,9740.0,10187,52157,10840.0,3,10845.0,35,10850.0,15,10855.0,14,10860.0,14,10865.0,14,10870.0,17,10875.0,21,10880.0,101,10885.0,10,10860.0
CJ501,,13:41:41.500#,10750.0,10875.0,10725.0,11910.0,9740.0,10187,52157,10840.0,3,10845.0,35,10850.0,15,10855.0,14,10860.0,14,10865.0,15,10870.0,17,10875.0,21,10880.0,101,10885.0,10,10860.0
CJ501,,13:41:43.250#,10750.0,10875.0,10725.0,11910.0,9740.0,10187,52157,10840.0,3,10845.0,35,10850.0,15,10855.0,14,10860.0,14,10865.0,15,10870.0,17,10875.0,21,10880.0,101,10885.0,10,10860.0
CJ501,,13:41:43.500#,10750.0,10875.0,10725.0,11910.0,9740.0,10188,52157,10840.0,3,10845.0,35,10850.0,15,10855.0,14,10860.0,14,10865.0,14,10870.0,17,10875.0,21,10880.0,101,10885.0,10,10865.0
CJ501,,13:41:45.250#,10750.0,10875.0,10725.0,11910.0,9740.0,10189,52157,10840.0,3,10845.0,35,10850.0,15,10855.0,14,10860.0,13,10865.0,14,10870.0,17,10875.0,21,10880.0,101,10885.0,10,10860.0
CJ501,,13:41:45.500#,10750.0,10875.0,10725.0,11910.0,9740.0,10189,52157,10840.0,3,10845.0,35,10850.0,15,10855.0,15,10860.0,13,10865.0,14,10870.0,17,10875.0,21,10880.0,101,10885.0,10,10860.0
CJ501,,13:41:46.500#,10750.0,10875.0,10725.0,11910.0,9740.0,10190,52157,10840.0,3,10845.0,35,10850.0,15,10855.0,15,10860.0,12,10865.0,14,10870.0,17,10875.0,21,10880.0,101,10885.0,10,10860.0
CJ501,,13:41:49.500#,10750.0,10875.0,10725.0,11910.0,9740.0,10191,52156,10840.0,3,10845.0,35,10850.0,15,10855.0,15,10860.0,11,10865.0,14,10870.0,17,10875.0,21,10880.0,91,10885.0,10,10860.0
CJ501,,13:41:52.250#,10750.0,10875.0,10725.0,11910.0,9740.0,10191,52156,10840.0,3,10845.0,35,10850.0,15,10855.0,15,10860.0,12,10865.0,14,10870.0,17,10875.0,21,10880.0,91,10885.0,10,10860.0
CJ501,,13:41:52.750#,10750.0,10875.0,10725.0,11910.0,9740.0,10191,52156,10840.0,3,10845.0,35,10850.0,15,10855.0,15,10860.0,16,10865.0,13,10870.0,17,10875.0,21,10880.0,91,10885.0,10,10860.0
CJ501,,13:41:53.250#,10750.0,10875.0,10725.0,11910.0,9740.0,10191,52156,10840.0,3,10845.0,35,10850.0,15,10855.0,15,10860.0,16,10865.0,12,10870.0,17,10875.0,21,10880.0,91,10885.0,10,10860.0
CJ501,,13:41:53.500#,10750.0,10875.0,10725.0,11910.0,9740.0,10194,52156,10840.0,3,10845.0,35,10850.0,15,10855.0,15,10860.0,14,10865.0,12,10870.0,17,10875.0,21,10880.0,91,10885.0,10,10860.0
CJ501,,13:41:54.250#,10750.0,10875.0,10725.0,11910.0,9740.0,10204,52147,10840.0,3,10845.0,35,10850.0,15,10855.0,15,10860.0,4,10865.0,12,10870.0,17,10875.0,21,10880.0,91,10885.0,10,10860.0
CJ501,,13:41:54.500#,10750.0,10875.0,10725.0,11910.0,9740.0,10204,52147,10840.0,3,10845.0,35,10850.0,15,10855.0,15,10860.0,4,10865.0,12,10870.0,18,10875.0,21,10880.0,91,10885.0,10,10860.0
CJ501,,13:41:56.500#,10750.0,10875.0,10725.0,11910.0,9740.0,10204,52147,10840.0,3,10845.0,35,10850.0,15,10855.0,15,10860.0,4,10865.0,12,10870.0,18,10875.0,21,10880.0,91,10885.0,10,10860.0
CJ501,,13:41:57.0#,10750.0,10875.0,10725.0,11910.0,9740.0,10212,52145,10840.0,3,10845.0,35,10850.0,15,10855.0,15,10860.0,5,10865.0,5,10870.0,18,10875.0,21,10880.0,91,10885.0,10,10860.0
CJ501,,13:41:57.250#,10750.0,10875.0,10725.0,11910.0,9740.0,10212,52145,10840.0,3,10845.0,35,10850.0,15,10855.0,15,10860.0,5,10865.0,6,10870.0,18,10875.0,21,10880.0,91,10885.0,10,10860.0
CJ501,,13:41:58.0#,10750.0,10875.0,10725.0,11910.0,9740.0,10214,52147,10840.0,3,10845.0,35,10850.0,15,10855.0,15,10860.0,3,10865.0,6,10870.0,18,10875.0,21,10880.0,91,10885.0,10,10860.0
CJ501,,13:41:58.250#,10750.0,10875.0,10725.0,11910.0,9740.0,10214,52147,10840.0,3,10845.0,35,10850.0,15,10855.0,15,10860.0,2,10865.0,6,10870.0,18,10875.0,21,10880.0,91,10885.0,10,10860.0
CJ501,,13:41:58.500#,10750.0,10875.0,10725.0,11910.0,9740.0,10214,52147,10840.0,3,10845.0,35,10850.0,15,10855.0,15,10860.0,2,10865.0,7,10870.0,18,10875.0,21,10880.0,81,10885.0,10,10860.0
CJ501,,13:41:58.750#,10750.0,10875.0,10725.0,11910.0,9740.0,10214,52147,10840.0,3,10845.0,35,10850.0,15,10855.0,15,10860.0,2,10865.0,7,10870.0,28,10875.0,21,10880.0,81,10885.0,10,10860.0
CJ501,,13:42:00.0#,10750.0,10875.0,10725.0,11910.0,9740.0,10214,52147,10840.0,3,10845.0,35,10850.0,15,10855.0,15,10860.0,3,10865.0,6,10870.0,28,10875.0,21,10880.0,81,10885.0,10,10860.0
CJ501,,13:42:00.500#,10750.0,10875.0,10725.0,11910.0,9740.0,10214,52147,10840.0,3,10845.0,35,10850.0,15,10855.0,15,10860.0,3,10865.0,6,10870.0,28,10875.0,21,10880.0,81,10885.0,11,10860.0
CJ501,,13:42:00.750#,10750.0,10875.0,10725.0,11910.0,9740.0,10214,52147,10840.0,3,10845.0,35,10850.0,15,10855.0,15,10860.0,3,10865.0,6,10870.0,29,10875.0,21,10880.0,81,10885.0,11,10860.0
CJ501,,13:42:01.500#,10750.0,10875.0,10725.0,11910.0,9740.0,10214,52147,10840.0,3,10845.0,35,10850.0,15,10855.0,15,10860.0,5,10865.0,6,10870.0,29,10875.0,21,10880.0,81,10885.0,11,10860.0
CJ501,,13:42:02.250#,10750.0,10875.0,10725.0,11910.0,9740.0,10219,52147,10840.0,3,10845.0,35,10850.0,15,10855.0,15,10860.0,5,10865.0,1,10870.0,29,10875.0,21,10880.0,81,10885.0,11,10865.0
CJ501,,13:42:02.500#,10750.0,10875.0,10725.0,11910.0,9740.0,10219,52147,10840.0,3,10845.0,35,10850.0,15,10855.0,15,10860.0,7,10865.0,1,10870.0,29,10875.0,21,10880.0,81,10885.0,13,10865.0
CJ501,,13:42:06.500#,10750.0,10875.0,10725.0,11910.0,9740.0,10219,52147,10840.0,3,10845.0,35,10850.0,15,10855.0,15,10860.0,6,10865.0,1,10870.0,29,10875.0,21,10880.0,81,10885.0,13,10865.0
CJ501,,13:42:06.750#,10750.0,10875.0,10725.0,11910.0,9740.0,10219,52147,10840.0,3,10845.0,35,10850.0,15,10855.0,15,10860.0,7,10865.0,6,10870.0,29,10875.0,21,10880.0,81,10885.0,13,10865.0
CJ501,,13:42:08.0#,10750.0,10875.0,10725.0,11910.0,9740.0,10219,52147,10840.0,3,10845.0,35,10850.0,15,10855.0,15,10860.0,7,10865.0,6,10870.0,29,10875.0,21,10880.0,81,10885.0,13,10865.0
CJ501,,13:42:08.500#,10750.0,10875.0,10725.0,11910.0,9740.0,10219,52147,10840.0,3,10845.0,35,10850.0,15,10855.0,15,10860.0,7,10865.0,5,10870.0,29,10875.0,21,10880.0,81,10885.0,13,10865.0
CJ501,,13:42:08.750#,10750.0,10875.0,10725.0,11910.0,9740.0,10219,52147,10840.0,3,10845.0,35,10850.0,15,10855.0,15,10860.0,7,10865.0,7,10870.0,29,10875.0,21,10880.0,81,10885.0,13,10865.0
CJ501,,13:42:09.0#,10750.0,10875.0,10725.0,11910.0,9740.0,10219,52147,10840.0,3,10845.0,35,10850.0,15,10855.0,15,10860.0,6,10865.0,7,10870.0,29,10875.0,21,10880.0,81,10885.0,13,10865.0
CJ501,,13:42:11.750#,10750.0,10875.0,10725.0,11910.0,9740.0,10219,52147,10840.0,3,10845.0,35,10850.0,15,10855.0,15,10860.0,7,10865.0,7,10870.0,29,10875.0,21,10880.0,81,10885.0,13,10865.0
CJ501,,13:42:14.0#,10750.0,10875.0,10725.0,11910.0,9740.0,10219,52147,10840.0,3,10845.0,35,10850.0,15,10855.0,15,10860.0,7,10865.0,7,10870.0,29,10875.0,21,10880.0,81,10885.0,13,10865.0
CJ501,,13:42:14.250#,10750.0,10875.0,10725.0,11910.0,9740.0,10219,52147,10840.0,3,10845.0,35,10850.0,15,10855.0,15,10860.0,7,10865.0,7,10870.0,29,10875.0,21,10880.0,81,10885.0,13,10865.0
CJ501,,13:42:16.250#,10750.0,10875.0,10725.0,11910.0,9740.0,10220,52148,10840.0,3,10845.0,35,10850.0,15,10855.0,15,10860.0,6,10865.0,7,10870.0,29,10875.0,21,10880.0,81,10885.0,13,10860.0
CJ501,,13:42:16.500#,10750.0,10875.0,10725.0,11910.0,9740.0,10222,52148,10840.0,3,10845.0,35,10850.0,15,10855.0,15,10860.0,4,10865.0,7,10870.0,29,10875.0,21,10880.0,81,10885.0,13,10860.0
CJ501,,13:42:16.750#,10750.0,10875.0,10725.0,11910.0,9740.0,10222,52148,10840.0,3,10845.0,35,10850.0,15,10855.0,15,10860.0,4,10865.0,7,10870.0,29,10875.0,21,10880.0,81,10885.0,13,10860.0
CJ501,,13:42:17.0#,10750.0,10875.0,10725.0,11910.0,9740.0,10222,52148,10840.0,3,10845.0,35,10850.0,15,10855.0,15,10860.0,4,10865.0,6,10870.0,29,10875.0,21,10880.0,81,10885.0,13,10860.0
CJ501,,13:42:17.250#,10750.0,10875.0,10725.0,11910.0,9740.0,10222,52148,10840.0,3,10845.0,35,10850.0,15,10855.0,15,10860.0,4,10865.0,7,10870.0,29,10875.0,21,10880.0,81,10885.0,13,10860.0
CJ501,,13:42:19.0#,10750.0,10875.0,10725.0,11910.0,9740.0,10223,52148,10840.0,3,10845.0,35,10850.0,15,10855.0,15,10860.0,4,10865.0,9,10870.0,29,10875.0,21,10880.0,81,10885.0,13,10865.0
CJ501,,13:42:19.250#,10750.0,10875.0,10725.0,11910.0,9740.0,10224,52148,10840.0,3,10845.0,35,10850.0,15,10855.0,15,10860.0,3,10865.0,9,10870.0,29,10875.0,21,10880.0,81,10885.0,13,10860.0
CJ501,,13:42:20.0#,10750.0,10875.0,10725.0,11910.0,9740.0,10240,52145,10835.0,2,10840.0,3,10845.0,35,10850.0,15,10855.0,4,10860.0,4,10865.0,8,10870.0,29,10875.0,21,10880.0,81,10860.0
CJ501,,13:42:21.0#,10750.0,10875.0,10725.0,11910.0,9740.0,10240,52145,10835.0,2,10840.0,3,10845.0,35,10850.0,15,10855.0,4,10860.0,4,10865.0,9,10870.0,29,10875.0,21,10880.0,81,10860.0
CJ501,,13:42:22.500#,10750.0,10875.0,10725.0,11910.0,9740.0,10240,52145,10835.0,2,10840.0,3,10845.0,35,10850.0,15,10855.0,4,10860.0,4,10865.0,9,10870.0,28,10875.0,21,10880.0,81,10860.0
CJ501,,13:42:23.500#,10750.0,10875.0,10725.0,11910.0,9740.0,10240,52145,10835.0,2,10840.0,3,10845.0,35,10850.0,15,10855.0,4,10860.0,7,10865.0,9,10870.0,28,10875.0,21,10880.0,81,10860.0
CJ501,,13:42:25.250#,10750.0,10875.0,10725.0,11910.0,9740.0,10240,52145,10835.0,2,10840.0,3,10845.0,35,10850.0,15,10855.0,4,10860.0,7,10865.0,9,10870.0,27,10875.0,21,10880.0,81,10860.0
CJ501,,13:42:25.500#,10750.0,10875.0,10725.0,11910.0,9740.0,10240,52145,10835.0,2,10840.0,3,10845.0,35,10850.0,15,10855.0,4,10860.0,7,10865.0,9,10870.0,27,10875.0,21,10880.0,81,10860.0
CJ501,,13:42:26.0#,10750.0,10875.0,10725.0,11910.0,9740.0,10247,52142,10840.0,3,10845.0,35,10850.0,15,10855.0,4,10860.0,3,10865.0,10,10870.0,27,10875.0,21,10880.0,81,10885.0,13,10860.0
CJ501,,13:42:26.250#,10750.0,10875.0,10725.0,11910.0,9740.0,10250,52139,10840.0,3,10845.0,35,10850.0,17,10855.0,4,10860.0,1,10865.0,9,10870.0,27,10875.0,21,10880.0,81,10885.0,13,10860.0
CJ501,,13:42:26.500#,10750.0,10875.0,10725.0,11910.0,9740.0,10251,52138,10835.0,2,10840.0,3,10845.0,35,10850.0,17,10855.0,4,10865.0,11,10870.0,27,10875.0,21,10880.0,81,10885.0,13,10860.0
CJ501,,13:42:26.750#,10750.0,10875.0,10725.0,11910.0,9740.0,10251,52138,10835.0,2,10840.0,3,10845.0,35,10850.0,17,10855.0,3,10860.0,1,10865.0,10,10870.0,27,10875.0,21,10880.0,81,10860.0
CJ501,,13:42:27.0#,10750.0,10875.0,10725.0,11910.0,9740.0,10251,52138,10835.0,2,10840.0,3,10845.0,35,10850.0,17,10855.0,5,10860.0,1,10865.0,10,10870.0,27,10875.0,21,10880.0,81,10860.0
CJ501,,13:42:27.250#,10750.0,10875.0,10725.0,11910.0,9740.0,10251,52138,10835.0,2,10840.0,3,10845.0,34,10850.0,17,10855.0,5,10860.0,1,10865.0,10,10870.0,27,10875.0,21,10880.0,81,10860.0
CJ501,,13:42:27.750#,10750.0,10875.0,10725.0,11910.0,9740.0,10251,52138,10835.0,2,10840.0,3,10845.0,34,10850.0,17,10855.0,6,10860.0,1,10865.0,10,10870.0,27,10875.0,21,10880.0,81,10860.0
CJ501,,13:42:28.0#,10750.0,10875.0,10725.0,11910.0,9740.0,10251,52138,10835.0,2,10840.0,3,10845.0,34,10850.0,17,10855.0,7,10860.0,1,10865.0,10,10870.0,27,10875.0,21,10880.0,81,10860.0
CJ501,,13:42:33.250#,10750.0,10875.0,10725.0,11910.0,9740.0,10251,52138,10835.0,2,10840.0,3,10845.0,35,10850.0,17,10855.0,7,10860.0,1,10865.0,11,10870.0,27,10875.0,21,10880.0,81,10860.0
CJ501,,13:42:35.500#,10750.0,10875.0,10725.0,11910.0,9740.0,10251,52138,10835.0,2,10840.0,3,10845.0,35,10850.0,17,10855.0,7,10860.0,1,10865.0,13,10870.0,27,10875.0,21,10880.0,81,10860.0
CJ501,,13:42:36.0#,10750.0,10875.0,10725.0,11910.0,9740.0,10251,52138,10835.0,2,10840.0,3,10845.0,35,10850.0,17,10855.0,7,10860.0,2,10865.0,13,10870.0,26,10875.0,21,10880.0,81,10860.0
CJ501,,13:42:38.250#,10750.0,10875.0,10725.0,11910.0,9740.0,10251,52138,10835.0,2,10840.0,3,10845.0,35,10850.0,17,10855.0,7,10860.0,2,10865.0,13,10870.0,26,10875.0,21,10880.0,81,10860.0
CJ501,,13:42:39.0#,10750.0,10875.0,10725.0,11910.0,9740.0,10251,52138,10835.0,2,10840.0,3,10845.0,35,10850.0,17,10855.0,7,10860.0,2,10865.0,13,10870.0,26,10875.0,21,10880.0,81,10860.0
CJ501,,13:42:40.750#,10750.0,10875.0,10725.0,11910.0,9740.0,10251,52138,10835.0,2,10840.0,3,10845.0,35,10850.0,17,10855.0,7,10860.0,2,10865.0,13,10870.0,26,10875.0,21,10880.0,81,10860.0
CJ501,,13:42:41.250#,10750.0,10875.0,10725.0,11910.0,9740.0,10251,52138,10835.0,2,10840.0,3,10845.0,35,10850.0,17,10855.0,7,10860.0,2,10865.0,13,10870.0,26,10875.0,21,10880.0,81,10860.0
CJ501,,13:42:43.250#,10750.0,10875.0,10725.0,11910.0,9740.0,10251,52138,10835.0,2,10840.0,3,10845.0,35,10850.0,17,10855.0,7,10860.0,2,10865.0,13,10870.0,26,10875.0,21,10880.0,81,10860.0
CJ501,,13:42:43.750#,10750.0,10875.0,10725.0,11910.0,9740.0,10251,52138,10835.0,2,10840.0,3,10845.0,35,10850.0,17,10855.0,7,10860.0,2,10865.0,13,10870.0,26,10875.0,21,10880.0,81,10860.0
CJ501,,13:42:45.250#,10750.0,10875.0,10725.0,11910.0,9740.0,10251,52138,10835.0,2,10840.0,3,10845.0,35,10850.0,17,10855.0,7,10860.0,2,10865.0,13,10870.0,27,10875.0,21,10880.0,81,10860.0
CJ501,,13:42:45.500#,10750.0,10875.0,10725.0,11910.0,9740.0,10251,52138,10835.0,2,10840.0,3,10845.0,35,10850.0,18,10855.0,7,10860.0,6,10865.0,13,10870.0,27,10875.0,21,10880.0,81,10860.0
CJ501,,13:42:45.750#,10750.0,10875.0,10725.0,11910.0,9740.0,10251,52138,10835.0,2,10840.0,3,10845.0,35,10850.0,18,10855.0,5,10860.0,6,10865.0,13,10870.0,27,10875.0,21,10880.0,81,10860.0
CJ501,,13:42:46.250#,10750.0,10875.0,10725.0,11910.0,9740.0,10251,52138,10835.0,2,10840.0,4,10845.0,35,10850.0,18,10855.0,5,10860.0,6,10865.0,13,10870.0,27,10875.0,21,10880.0,81,10860.0
CJ501,,13:42:48.500#,10750.0,10875.0,10725.0,11910.0,9740.0,10251,52138,10835.0,2,10840.0,4,10845.0,35,10850.0,18,10855.0,5,10860.0,6,10865.0,13,10870.0,27,10875.0,21,10880.0,81,10860.0
CJ501,,13:42:49.500#,10750.0,10875.0,10725.0,11910.0,9740.0,10256,52135,10830.0,22,10835.0,2,10840.0,4,10845.0,35,10850.0,19,10860.0,6,10865.0,13,10870.0,27,10875.0,21,10880.0,81,10855.0
CJ501,,13:42:49.750#,10750.0,10875.0,10725.0,11910.0,9740.0,10256,52135,10830.0,22,10835.0,2,10840.0,4,10845.0,35,10850.0,21,10860.0,6,10865.0,13,10870.0,27,10875.0,21,10880.0,81,10855.0
CJ501,,13:42:50.0#,10750.0,10875.0,10725.0,11910.0,9740.0,10256,52135,10830.0,22,10835.0,2,10840.0,4,10845.0,35,10850.0,20,10860.0,6,10865.0,13,10870.0,27,10875.0,21,10880.0,81,10855.0
CJ501,,13:42:51.0#,10750.0,10875.0,10725.0,11910.0,9740.0,10256,52135,10830.0,22,10835.0,2,10840.0,4,10845.0,35,10850.0,19,10860.0,6,10865.0,13,10870.0,27,10875.0,21,10880.0,81,10855.0
CJ501,,13:42:51.250#,10750.0,10875.0,10725.0,11910.0,9740.0,10256,52135,10830.0,22,10835.0,2,10840.0,4,10845.0,35,10850.0,19,10860.0,7,10865.0,13,10870.0,27,10875.0,21,10880.0,81,10855.0
CJ501,,13:42:51.500#,10750.0,10875.0,10725.0,11910.0,9740.0,10256,52135,10830.0,22,10835.0,2,10840.0,4,10845.0,35,10850.0,19,10860.0,6,10865.0,13,10870.0,27,10875.0,21,10880.0,81,10855.0
CJ501,,13:42:51.750#,10750.0,10875.0,10725.0,11910.0,9740.0,10256,52135,10830.0,22,10835.0,2,10840.0,4,10845.0,35,10850.0,19,10860.0,7,10865.0,13,10870.0,27,10875.0,21,10880.0,81,10855.0
CJ501,,13:42:52.0#,10750.0,10875.0,10725.0,11910.0,9740.0,10256,52135,10830.0,22,10835.0,2,10840.0,4,10845.0,35,10850.0,19,10860.0,6,10865.0,13,10870.0,27,10875.0,21,10880.0,81,10855.0
CJ501,,13:42:52.250#,10750.0,10875.0,10725.0,11910.0,9740.0,10256,52135,10830.0,22,10835.0,2,10840.0,4,10845.0,35,10850.0,19,10860.0,7,10865.0,13,10870.0,27,10875.0,21,10880.0,81,10855.0
CJ501,,13:42:52.500#,10750.0,10875.0,10725.0,11910.0,9740.0,10256,52135,10830.0,22,10835.0,2,10840.0,4,10845.0,35,10850.0,19,10860.0,6,10865.0,13,10870.0,27,10875.0,21,10880.0,81,10855.0
CJ501,,13:42:52.750#,10750.0,10875.0,10725.0,11910.0,9740.0,10256,52135,10830.0,22,10835.0,2,10840.0,4,10845.0,35,10850.0,19,10860.0,7,10865.0,13,10870.0,27,10875.0,21,10880.0,81,10855.0
CJ501,,13:42:53.0#,10750.0,10875.0,10725.0,11910.0,9740.0,10256,52135,10830.0,22,10835.0,2,10840.0,4,10845.0,35,10850.0,19,10860.0,6,10865.0,13,10870.0,27,10875.0,21,10880.0,81,10855.0
CJ501,,13:42:53.250#,10750.0,10875.0,10725.0,11910.0,9740.0,10256,52135,10830.0,22,10835.0,2,10840.0,4,10845.0,35,10850.0,19,10860.0,7,10865.0,13,10870.0,27,10875.0,21,10880.0,81,10855.0
CJ501,,13:42:53.500#,10750.0,10875.0,10725.0,11910.0,9740.0,10256,52135,10830.0,22,10835.0,2,10840.0,4,10845.0,35,10850.0,19,10855.0,2,10860.0,6,10865.0,13,10870.0,27,10875.0,21,10855.0
CJ501,,13:42:53.750#,10750.0,10875.0,10725.0,11910.0,9740.0,10256,52135,10830.0,22,10835.0,2,10840.0,4,10845.0,35,10850.0,18,10855.0,2,10860.0,6,10865.0,13,10870.0,27,10875.0,21,10855.0
CJ501,,13:42:55.750#,10750.0,10875.0,10725.0,11910.0,9740.0,10257,52134,10830.0,22,10835.0,2,10840.0,4,10845.0,35,10850.0,17,10855.0,2,10860.0,6,10865.0,13,10870.0,27,10875.0,21,10850.0
CJ501,,13:42:56.0#,10750.0,10875.0,10725.0,11910.0,9740.0,10258,52133,10830.0,22,10835.0,2,10840.0,4,10845.0,35,10850.0,16,10855.0,3,10860.0,6,10865.0,13,10870.0,27,10875.0,21,10850.0
CJ501,,13:42:58.0#,10750.0,10875.0,10725.0,11910.0,9740.0,10258,52133,10830.0,22,10835.0,2,10840.0,4,10845.0,35,10850.0,16,10855.0,3,10860.0,6,10865.0,13,10870.0,27,10875.0,21,10850.0
CJ501,,13:42:59.500#,10750.0,10875.0,10725.0,11910.0,9740.0,10258,52133,10830.0,22,10835.0,2,10840.0,4,10845.0,35,10850.0,16,10855.0,6,10860.0,6,10865.0,13,10870.0,27,10875.0,21,10850.0
CJ501,,13:42:59.750#,10750.0,10875.0,10725.0,11910.0,9740.0,10260,52133,10830.0,22,10835.0,2,10840.0,4,10845.0,35,10850.0,15,10855.0,5,10860.0,6,10865.0,13,10870.0,27,10875.0,21,10855.0
CJ501,,13:43:00.250#,10750.0,10875.0,10725.0,11910.0,9740.0,10268,52130,10830.0,22,10835.0,2,10840.0,4,10845.0,35,10850.0,7,10855.0,5,10860.0,6,10865.0,13,10870.0,27,10875.0,21,10850.0
CJ501,,13:43:00.500#,10750.0,10875.0,10725.0,11910.0,9740.0,10269,52130,10830.0,22,10835.0,2,10840.0,4,10845.0,35,10850.0,6,10855.0,7,10860.0,6,10865.0,13,10870.0,27,10875.0,21,10850.0
CJ501,,13:43:01.750#,10750.0,10875.0,10725.0,11910.0,9740.0,10270,52130,10830.0,22,10835.0,2,10840.0,4,10845.0,35,10850.0,5,10855.0,7,10860.0,5,10865.0,13,10870.0,27,10875.0,21,10850.0
CJ501,,13:43:02.0#,10750.0,10875.0,10725.0,11910.0,9740.0,10270,52130,10825.0,10,10830.0,22,10840.0,4,10845.0,35,10850.0,5,10855.0,7,10860.0,5,10865.0,13,10870.0,25,10875.0,21,10850.0
CJ501,,13:43:03.0#,10750.0,10875.0,10725.0,11910.0,9740.0,10270,52130,10825.0,10,10830.0,22,10840.0,4,10845.0,35,10850.0,5,10855.0,6,10860.0,5,10865.0,13,10870.0,25,10875.0,21,10850.0
CJ501,,13:43:03.250#,10750.0,10875.0,10725.0,11910.0,9740.0,10270,52130,10825.0,10,10830.0,22,10840.0,4,10845.0,35,10850.0,5,10855.0,6,10860.0,5,10865.0,13,10870.0,25,10875.0,21,10850.0
CJ501,,13:43:03.500#,10750.0,10875.0,10725.0,11910.0,9740.0,10272,52130,10825.0,10,10830.0,22,10840.0,4,10845.0,35,10850.0,3,10855.0,4,10860.0,5,10865.0,13,10870.0,25,10875.0,21,10850.0
CJ501,,13:43:03.750#,10750.0,10875.0,10725.0,11910.0,9740.0,10273,52130,10825.0,10,10830.0,22,10840.0,4,10845.0,35,10850.0,2,10855.0,4,10860.0,5,10865.0,13,10870.0,25,10875.0,21,10850.0
CJ501,,13:43:04.250#,10750.0,10875.0,10725.0,11910.0,9740.0,10274,52130,10825.0,10,10830.0,22,10840.0,4,10845.0,35,10850.0,1,10855.0,3,10860.0,5,10865.0,13,10870.0,25,10875.0,21,10850.0
CJ501,,13:43:04.500#,10750.0,10875.0,10725.0,11910.0,9740.0,10274,52130,10825.0,10,10830.0,22,10840.0,4,10845.0,35,10850.0,1,10855.0,4,10860.0,5,10865.0,13,10870.0,25,10875.0,21,10850.0
CJ501,,13:43:06.750#,10750.0,10875.0,10725.0,11910.0,9740.0,10274,52130,10825.0,10,10830.0,22,10840.0,4,10845.0,35,10850.0,1,10855.0,4,10860.0,5,10865.0,13,10870.0,25,10875.0,21,10850.0
CJ501,,13:43:08.0#,10750.0,10875.0,10725.0,11910.0,9740.0,10274,52130,10825.0,10,10830.0,22,10840.0,4,10845.0,35,10850.0,1,10855.0,5,10860.0,5,10865.0,13,10870.0,25,10875.0,21,10850.0
CJ501,,13:43:08.250#,10750.0,10875.0,10725.0,11910.0,9740.0,10275,52130,10820.0,12,10825.0,10,10830.0,22,10840.0,4,10845.0,35,10850.0,2,10855.0,4,10860.0,5,10865.0,13,10870.0,25,10850.0
CJ501,,13:43:08.500#,10750.0,10875.0,10725.0,11910.0,9740.0,10275,52130,10820.0,12,10825.0,10,10830.0,22,10840.0,4,10845.0,35,10850.0,3,10855.0,5,10860.0,5,10865.0,13,10870.0,25,10850.0
CJ501,,13:43:09.500#,10750.0,10875.0,10725.0,11910.0,9740.0,10283,52124,10820.0,12,10825.0,10,10830.0,22,10840.0,4,10845.0,28,10850.0,2,10855.0,5,10860.0,5,10865.0,13,10870.0,25,10850.0
CJ501,,13:43:09.750#,10750.0,10875.0,10725.0,11910.0,9740.0,10283,52124,10820.0,12,10825.0,10,10830.0,22,10840.0,4,10845.0,28,10850.0,2,10855.0,5,10860.0,5,10865.0,13,10870.0,25,10850.0
CJ501,,13:43:10.0#,10750.0,10875.0,10725.0,11910.0,9740.0,10283,52124,10820.0,12,10825.0,10,10830.0,22,10840.0,4,10845.0,28,10850.0,3,10855.0,5,10860.0,5,10865.0,12,10870.0,25,10850.0
CJ501,,13:43:10.250#,10750.0,10875.0,10725.0,11910.0,9740.0,10283,52124,10820.0,12,10825.0,10,10830.0,22,10840.0,4,10845.0,28,10850.0,5,10855.0,5,10860.0,5,10865.0,12,10870.0,25,10850.0
CJ501,,13:43:11.250#,10750.0,10875.0,10725.0,11910.0,9740.0,10283,52124,10820.0,12,10825.0,10,10830.0,22,10840.0,4,10845.0,28,10850.0,5,10855.0,5,10860.0,5,10865.0,12,10870.0,25,10850.0
CJ501,,13:43:11.500#,10750.0,10875.0,10725.0,11910.0,9740.0,10284,52123,10820.0,12,10825.0,10,10830.0,22,10840.0,4,10845.0,28,10850.0,4,10855.0,5,10860.0,5,10865.0,12,10870.0,25,10850.0
CJ501,,13:43:11.750#,10750.0,10875.0,10725.0,11910.0,9740.0,10284,52123,10820.0,12,10825.0,10,10830.0,22,10840.0,4,10845.0,28,10850.0,3,10855.0,5,10860.0,5,10865.0,12,10870.0,25,10850.0
CJ501,,13:43:12.250#,10750.0,10875.0,10725.0,11910.0,9740.0,10284,52123,10820.0,12,10825.0,10,10830.0,22,10840.0,4,10845.0,28,10850.0,2,10855.0,5,10860.0,5,10865.0,12,10870.0,25,10850.0
CJ501,,13:43:13.250#,10750.0,10875.0,10725.0,11910.0,9740.0,10284,52123,10820.0,12,10825.0,10,10830.0,22,10840.0,3,10845.0,28,10850.0,2,10855.0,5,10860.0,5,10865.0,12,10870.0,25,10850.0
CJ501,,13:43:13.750#,10750.0,10875.0,10725.0,11910.0,9740.0,10284,52123,10820.0,12,10825.0,10,10830.0,22,10840.0,3,10845.0,28,10850.0,3,10855.0,5,10860.0,5,10865.0,10,10870.0,25,10850.0
CJ501,,13:43:14.250#,10750.0,10875.0,10725.0,11910.0,9740.0,10284,52123,10820.0,12,10825.0,10,10830.0,22,10840.0,3,10845.0,28,10850.0,2,10855.0,5,10860.0,5,10865.0,10,10870.0,25,10850.0
CJ501,,13:43:14.500#,10750.0,10875.0,10725.0,11910.0,9740.0,10284,52123,10820.0,12,10825.0,10,10830.0,22,10840.0,3,10845.0,28,10850.0,54,10855.0,4,10860.0,5,10865.0,10,10870.0,25,10850.0
CJ501,,13:43:14.750#,10750.0,10875.0,10725.0,11910.0,9740.0,10294,52129,10820.0,12,10825.0,10,10830.0,22,10840.0,3,10845.0,26,10850.0,54,10855.0,4,10860.0,5,10865.0,10,10870.0,25,10845.0
CJ501,,13:43:15.0#,10750.0,10875.0,10725.0,11910.0,9740.0,10304,52129,10820.0,12,10825.0,10,10830.0,22,10840.0,3,10845.0,16,10850.0,54,10855.0,4,10860.0,5,10865.0,10,10870.0,25,10845.0
CJ501,,13:43:15.250#,10750.0,10875.0,10725.0,11910.0,9740.0,10320,52129,10815.0,15,10820.0,12,10825.0,10,10830.0,22,10840.0,3,10845.0,1,10850.0,54,10855.0,4,10860.0,5,10865.0,10,10845.0
CJ501,,13:43:15.500#,10750.0,10875.0,10725.0,11910.0,9740.0,10320,52129,10815.0,15,10820.0,12,10825.0,10,10830.0,22,10840.0,6,10845.0,1,10850.0,54,10855.0,4,10860.0,5,10865.0,10,10845.0
CJ501,,13:43:15.750#,10750.0,10875.0,10725.0,11910.0,9740.0,10320,52129,10815.0,15,10820.0,12,10825.0,10,10830.0,22,10840.0,5,10845.0,2,10850.0,54,10855.0,4,10860.0,5,10865.0,10,10845.0
CJ501,,13:43:16.0#,10750.0,10875.0,10725.0,11910.0,9740.0,10320,52129,10815.0,15,10820.0,12,10825.0,10,10830.0,22,10840.0,6,10845.0,2,10850.0,54,10855.0,4,10860.0,5,10865.0,10,10845.0
CJ501,,13:43:16.250#,10750.0,10875.0,10725.0,11910.0,9740.0,10320,52129,10815.0,15,10820.0,12,10825.0,10,10830.0,22,10840.0,5,10845.0,2,10850.0,54,10855.0,4,10860.0,5,10865.0,10,10845.0
CJ501,,13:43:18.250#,10750.0,10875.0,10725.0,11910.0,9740.0,10320,52129,10815.0,15,10820.0,12,10825.0,10,10830.0,22,10840.0,5,10845.0,2,10850.0,54,10855.0,4,10860.0,5,10865.0,10,10845.0
CJ501,,13:43:19.500#,10750.0,10875.0,10725.0,11910.0,9740.0,10320,52129,10815.0,15,10820.0,12,10825.0,10,10830.0,22,10840.0,6,10845.0,2,10850.0,54,10855.0,4,10860.0,5,10865.0,10,10845.0
CJ501,,13:43:19.750#,10750.0,10875.0,10725.0,11910.0,9740.0,10321,52128,10815.0,15,10820.0,12,10825.0,10,10830.0,22,10840.0,6,10845.0,2,10850.0,54,10855.0,4,10860.0,5,10865.0,10,10840.0
CJ501,,13:43:20.0#,10750.0,10875.0,10725.0,11910.0,9740.0,10321,52128,10815.0,15,10820.0,12,10825.0,9,10830.0,22,10840.0,6,10845.0,2,10850.0,54,10855.0,4,10860.0,5,10865.0,10,10840.0
CJ501,,13:43:20.250#,10750.0,10875.0,10725.0,11910.0,9740.0,10323,52127,10820.0,12,10825.0,9,10830.0,22,10835.0,1,10840.0,4,10845.0,2,10850.0,54,10855.0,4,10860.0,5,10865.0,10,10840.0
CJ501,,13:43:20.500#,10750.0,10875.0,10725.0,11910.0,9740.0,10323,52127,10820.0,12,10825.0,9,10830.0,22,10835.0,1,10840.0,3,10845.0,3,10850.0,54,10855.0,4,10860.0,5,10865.0,10,10840.0
CJ501,,13:43:20.750#,10750.0,10875.0,10725.0,11910.0,9740.0,10323,52127,10820.0,12,10825.0,9,10830.0,22,10835.0,1,10840.0,7,10845.0,3,10850.0,54,10855.0,4,10860.0,5,10865.0,10,10840.0
CJ501,,13:43:21.0#,10750.0,10875.0,10725.0,11910.0,9740.0,10323,52127,10820.0,12,10825.0,9,10830.0,22,10835.0,1,10840.0,8,10845.0,3,10850.0,54,10855.0,4,10860.0,5,10865.0,10,10840.0
CJ501,,13:43:22.250#,10750.0,10875.0,10725.0,11910.0,9740.0,10323,52127,10820.0,12,10825.0,10,10830.0,22,10835.0,1,10840.0,8,10845.0,3,10850.0,54,10855.0,4,10860.0,5,10865.0,10,10840.0
CJ501,,13:43:22.750#,10750.0,10875.0,10725.0,11910.0,9740.0,10329,52125,10820.0,12,10825.0,10,10830.0,22,10835.0,1,10840.0,2,10845.0,3,10850.0,54,10855.0,4,10860.0,5,10865.0,10,10840.0
CJ501,,13:43:23.0#,10750.0,10875.0,10725.0,11910.0,9740.0,10329,52125,10820.0,12,10825.0,10,10830.0,22,10835.0,1,10840.0,1,10845.0,3,10850.0,54,10855.0,4,10860.0,5,10865.0,10,10840.0
CJ501,,13:43:23.250#,10750.0,10875.0,10725.0,11910.0,9740.0,10329,52125,10820.0,12,10825.0,10,10830.0,22,10835.0,1,10840.0,1,10845.0,4,10850.0,54,10855.0,4,10860.0,5,10865.0,10,10840.0
CJ501,,13:43:23.500#,10750.0,10875.0,10725.0,11910.0,9740.0,10332,52128,10820.0,12,10825.0,10,10830.0,22,10835.0,1,10840.0,2,10845.0,4,10850.0,54,10855.0,4,10860.0,5,10865.0,10,10840.0
CJ501,,13:43:23.750#,10750.0,10875.0,10725.0,11910.0,9740.0,10332,52128,10820.0,12,10825.0,10,10830.0,22,10835.0,1,10840.0,2,10845.0,3,10850.0,54,10855.0,4,10860.0,5,10865.0,10,10840.0
CJ501,,13:43:26.750#,10750.0,10875.0,10725.0,11910.0,9740.0,10332,52128,10820.0,12,10825.0,10,10830.0,22,10835.0,1,10840.0,10,10845.0,3,10850.0,54,10855.0,4,10860.0,5,10865.0,10,10840.0
CJ501,,13:43:27.0#,10750.0,10875.0,10725.0,11910.0,9740.0,10332,52128,10820.0,12,10825.0,10,10830.0,22,10835.0,1,10840.0,11,10845.0,2,10850.0,54,10855.0,4,10860.0,5,10865.0,10,10840.0
CJ501,,13:43:28.750#,10750.0,10875.0,10725.0,11910.0,9740.0,10332,52128,10820.0,12,10825.0,10,10830.0,22,10835.0,1,10840.0,11,10845.0,2,10850.0,55,10855.0,4,10860.0,5,10865.0,10,10840.0
CJ501,,13:43:29.0#,10750.0,10875.0,10725.0,11910.0,9740.0,10332,52128,10820.0,12,10825.0,10,10830.0,22,10835.0,1,10840.0,10,10845.0,2,10850.0,55,10855.0,4,10860.0,5,10865.0,10,10840.0
CJ501,,13:43:29.500#,10750.0,10875.0,10725.0,11910.0,9740.0,10332,52128,10820.0,12,10825.0,10,10830.0,22,10835.0,1,10840.0,10,10845.0,2,10850.0,55,10855.0,4,10860.0,5,10865.0,10,10840.0
CJ501,,13:43:29.750#,10750.0,10875.0,10725.0,11910.0,9740.0,10332,52128,10820.0,12,10825.0,10,10830.0,22,10835.0,1,10840.0,10,10845.0,2,10850.0,55,10855.0,4,10860.0,5,10865.0,10,10840.0
CJ501,,13:43:30.0#,10750.0,10875.0,10725.0,11910.0,9740.0,10332,52128,10820.0,12,10825.0,10,10830.0,22,10835.0,1,10840.0,8,10845.0,2,10850.0,55,10855.0,4,10860.0,5,10865.0,10,10840.0
CJ501,,13:43:30.250#,10750.0,10875.0,10725.0,11910.0,9740.0,10333,52128,10820.0,12,10825.0,10,10830.0,22,10835.0,1,10840.0,7,10845.0,2,10850.0,55,10855.0,4,10860.0,5,10865.0,10,10840.0
CJ501,,13:43:31.0#,10750.0,10875.0,10725.0,11910.0,9740.0,10333,52128,10820.0,12,10825.0,10,10830.0,22,10835.0,1,10840.0,7,10845.0,2,10850.0,55,10855.0,4,10860.0,5,10865.0,10,10840.0
CJ501,,13:43:31.250#,10750.0,10875.0,10725.0,11910.0,9740.0,10333,52128,10820.0,12,10825.0,10,10830.0,22,10835.0,1,10840.0,7,10845.0,2,10850.0,55,10855.0,4,10860.0,5,10865.0,10,10840.0
CJ501,,13:43:31.750#,10750.0,10875.0,10725.0,11910.0,9740.0,10333,52128,10820.0,12,10825.0,10,10830.0,22,10835.0,1,10840.0,2,10845.0,3,10850.0,55,10855.0,4,10860.0,5,10865.0,10,10840.0
CJ501,,13:43:32.0#,10750.0,10875.0,10725.0,11910.0,9740.0,10333,52128,10820.0,12,10825.0,10,10830.0,22,10835.0,1,10840.0,1,10845.0,4,10850.0,55,10855.0,4,10860.0,5,10865.0,10,10840.0
CJ501,,13:43:32.500#,10750.0,10875.0,10725.0,11910.0,9740.0,10333,52128,10820.0,12,10825.0,10,10830.0,22,10835.0,2,10840.0,1,10845.0,4,10850.0,55,10855.0,4,10860.0,5,10865.0,10,10840.0
CJ501,,13:43:32.750#,10750.0,10875.0,10725.0,11910.0,9740.0,10333,52128,10820.0,12,10825.0,10,10830.0,22,10835.0,2,10840.0,1,10845.0,4,10850.0,55,10855.0,4,10860.0,5,10865.0,10,10840.0
CJ501,,13:43:33.250#,10750.0,10875.0,10725.0,11910.0,9740.0,10333,52128,10820.0,12,10825.0,10,10830.0,22,10835.0,2,10840.0,1,10845.0,4,10850.0,55,10855.0,4,10860.0,5,10865.0,10,10840.0
CJ501,,13:43:33.750#,10750.0,10875.0,10725.0,11910.0,9740.0,10333,52128,10820.0,12,10825.0,10,10830.0,22,10835.0,2,10840.0,1,10845.0,4,10850.0,55,10855.0,4,10860.0,5,10865.0,10,10840.0
CJ501,,13:43:34.250#,10750.0,10875.0,10725.0,11910.0,9740.0,10333,52128,10820.0,12,10825.0,10,10830.0,22,10835.0,2,10840.0,1,10845.0,4,10850.0,55,10855.0,4,10860.0,5,10865.0,10,10840.0
CJ501,,13:43:34.500#,10750.0,10875.0,10725.0,11910.0,9740.0,10333,52128,10820.0,12,10825.0,10,10830.0,22,10835.0,2,10840.0,1,10845.0,4,10850.0,55,10855.0,4,10860.0,5,10865.0,10,10840.0
CJ501,,13:43:34.750#,10750.0,10875.0,10725.0,11910.0,9740.0,10333,52128,10820.0,12,10825.0,10,10830.0,22,10835.0,3,10840.0,1,10845.0,4,10850.0,55,10855.0,4,10860.0,5,10865.0,10,10840.0
CJ501,,13:43:35.250#,10750.0,10875.0,10725.0,11910.0,9740.0,10333,52128,10820.0,12,10825.0,10,10830.0,22,10835.0,3,10840.0,2,10845.0,4,10850.0,55,10855.0,4,10860.0,5,10865.0,10,10840.0
CJ501,,13:43:35.750#,10750.0,10875.0,10725.0,11910.0,9740.0,10333,52128,10820.0,12,10825.0,9,10830.0,22,10835.0,3,10840.0,2,10845.0,4,10850.0,55,10855.0,4,10860.0,5,10865.0,10,10840.0
CJ501,,13:43:36.250#,10750.0,10875.0,10725.0,11910.0,9740.0,10333,52128,10820.0,12,10825.0,9,10830.0,22,10835.0,3,10840.0,2,10845.0,4,10850.0,55,10855.0,4,10860.0,5,10865.0,10,10840.0
CJ501,,13:43:36.500#,10750.0,10875.0,10725.0,11910.0,9740.0,10333,52128,10820.0,12,10825.0,9,10830.0,22,10835.0,3,10840.0,2,10845.0,4,10850.0,55,10855.0,4,10860.0,5,10865.0,9,10840.0
CJ501,,13:43:36.750#,10750.0,10875.0,10725.0,11910.0,9740.0,10333,52128,10820.0,12,10825.0,9,10830.0,22,10835.0,3,10840.0,2,10845.0,3,10850.0,55,10855.0,4,10860.0,5,10865.0,9,10840.0
CJ501,,13:43:37.500#,10750.0,10875.0,10725.0,11910.0,9740.0,10333,52128,10820.0,12,10825.0,9,10830.0,22,10835.0,3,10840.0,2,10845.0,7,10850.0,55,10855.0,4,10860.0,5,10865.0,9,10840.0
CJ501,,13:43:40.0#,10750.0,10875.0,10725.0,11910.0,9740.0,10333,52128,10820.0,12,10825.0,9,10830.0,22,10835.0,3,10840.0,3,10845.0,7,10850.0,55,10855.0,4,10860.0,5,10865.0,9,10840.0
CJ501,,13:43:40.750#,10750.0,10875.0,10725.0,11910.0,9740.0,10335,52128,10820.0,12,10825.0,9,10830.0,22,10835.0,3,10840.0,1,10845.0,7,10850.0,55,10855.0,4,10860.0,5,10865.0,9,10840.0
CJ501,,13:43:41.0#,10750.0,10875.0,10725.0,11910.0,9740.0,10335,52128,10820.0,12,10825.0,9,10830.0,22,10835.0,3,10840.0,5,10845.0,7,10850.0,55,10855.0,4,10860.0,5,10865.0,9,10840.0
CJ501,,13:43:41.750#,10750.0,10875.0,10725.0,11910.0,9740.0,10335,52128,10820.0,12,10825.0,9,10830.0,22,10835.0,3,10840.0,5,10845.0,12,10850.0,55,10855.0,4,10860.0,5,10865.0,9,10840.0
CJ501,,13:43:42.250#,10750.0,10875.0,10725.0,11910.0,9740.0,10335,52128,10820.0,12,10825.0,9,10830.0,22,10835.0,4,10840.0,5,10845.0,12,10850.0,55,10855.0,4,10860.0,5,10865.0,9,10840.0
CJ501,,13:43:42.750#,10750.0,10875.0,10725.0,11910.0,9740.0,10335,52128,10820.0,12,10825.0,9,10830.0,22,10835.0,4,10840.0,5,10845.0,7,10850.0,55,10855.0,4,10860.0,5,10865.0,9,10840.0
CJ501,,13:43:43.0#,10750.0,10875.0,10725.0,11910.0,9740.0,10335,52128,10820.0,12,10825.0,9,10830.0,22,10835.0,4,10840.0,6,10845.0,7,10850.0,55,10855.0,4,10860.0,5,10865.0,9,10840.0
CJ501,,13:43:43.750#,10750.0,10875.0,10725.0,11910.0,9740.0,10335,52128,10820.0,12,10825.0,9,10830.0,22,10835.0,4,10840.0,6,10845.0,7,10850.0,55,10855.0,4,10860.0,5,10865.0,9,10840.0
CJ501,,13:43:44.750#,10750.0,10875.0,10725.0,11910.0,9740.0,10335,52128,10820.0,12,10825.0,9,10830.0,22,10835.0,5,10840.0,6,10845.0,7,10850.0,55,10855.0,4,10860.0,5,10865.0,9,10840.0
CJ501,,13:43:45.0#,10750.0,10875.0,10725.0,11910.0,9740.0,10335,52128,10820.0,12,10825.0,9,10830.0,22,10835.0,5,10840.0,6,10845.0,7,10850.0,55,10855.0,4,10860.0,5,10865.0,9,10840.0
CJ501,,13:43:47.250#,10750.0,10875.0,10725.0,11910.0,9740.0,10341,52128,10825.0,9,10830.0,22,10835.0,5,10840.0,6,10845.0,4,10850.0,55,10855.0,4,10860.0,5,10865.0,9,10870.0,24,10845.0
CJ501,,13:43:47.500#,10750.0,10875.0,10725.0,11910.0,9740.0,10341,52128,10825.0,9,10830.0,22,10835.0,5,10840.0,6,10845.0,5,10850.0,55,10855.0,4,10860.0,5,10865.0,9,10870.0,24,10845.0
CJ501,,13:43:49.250#,10750.0,10875.0,10725.0,11910.0,9740.0,10341,52128,10825.0,9,10830.0,27,10835.0,5,10840.0,6,10845.0,5,10850.0,55,10855.0,4,10860.0,5,10865.0,9,10870.0,24,10845.0
CJ501,,13:43:52.0#,10750.0,10875.0,10725.0,11910.0,9740.0,10342,52128,10825.0,9,10830.0,27,10835.0,5,10840.0,6,10845.0,4,10850.0,55,10855.0,4,10860.0,5,10865.0,9,10870.0,24,10845.0
CJ501,,13:43:52.500#,10750.0,10875.0,10725.0,11910.0,9740.0,10342,52128,10825.0,9,10830.0,27,10835.0,5,10840.0,6,10845.0,4,10850.0,55,10855.0,4,10860.0,5,10865.0,9,10870.0,24,10845.0
CJ501,,13:43:53.250#,10750.0,10875.0,10725.0,11910.0,9740.0,10342,52128,10825.0,9,10830.0,27,10835.0,5,10840.0,6,10845.0,4,10850.0,55,10855.0,4,10860.0,5,10865.0,9,10870.0,24,10845.0
CJ501,,13:43:53.500#,10750.0,10875.0,10725.0,11910.0,9740.0,10344,52130,10825.0,9,10830.0,27,10835.0,5,10840.0,6,10845.0,1,10850.0,55,10855.0,4,10860.0,5,10865.0,9,10870.0,24,10845.0
CJ501,,13:43:54.750#,10750.0,10875.0,10725.0,11910.0,9740.0,10345,52130,10820.0,12,10825.0,9,10830.0,27,10835.0,5,10840.0,6,10850.0,55,10855.0,4,10860.0,5,10865.0,9,10870.0,24,10845.0
CJ501,,13:43:55.0#,10750.0,10875.0,10725.0,11910.0,9740.0,10345,52130,10820.0,12,10825.0,9,10830.0,27,10835.0,5,10840.0,6,10850.0,53,10855.0,4,10860.0,5,10865.0,9,10870.0,24,10845.0
CJ501,,13:43:55.250#,10750.0,10875.0,10725.0,11910.0,9740.0,10345,52130,10820.0,12,10825.0,9,10830.0,27,10835.0,4,10840.0,7,10850.0,53,10855.0,4,10860.0,5,10865.0,9,10870.0,24,10845.0
CJ501,,13:43:56.750#,10750.0,10875.0,10725.0,11910.0,9740.0,10345,52130,10820.0,12,10825.0,8,10830.0,27,10835.0,4,10840.0,7,10850.0,53,10855.0,4,10860.0,5,10865.0,9,10870.0,24,10845.0
CJ501,,13:43:58.250#,10750.0,10875.0,10725.0,11910.0,9740.0,10345,52130,10820.0,12,10825.0,8,10830.0,27,10835.0,4,10840.0,7,10850.0,58,10855.0,4,10860.0,5,10865.0,9,10870.0,24,10845.0
CJ501,,13:43:58.500#,10750.0,10875.0,10725.0,11910.0,9740.0,10345,52130,10820.0,12,10825.0,8,10830.0,27,10835.0,4,10840.0,7,10845.0,3,10850.0,53,10855.0,4,10860.0,5,10865.0,9,10845.0
CJ501,,13:43:58.750#,10750.0,10875.0,10725.0,11910.0,9740.0,10345,52130,10820.0,12,10825.0,8,10830.0,27,10835.0,4,10840.0,7,10845.0,4,10850.0,53,10855.0,4,10860.0,5,10865.0,9,10845.0
CJ501,,13:43:59.750#,10750.0,10875.0,10725.0,11910.0,9740.0,10345,52130,10820.0,12,10825.0,8,10830.0,27,10835.0,4,10840.0,7,10845.0,4,10850.0,53,10855.0,4,10860.0,5,10865.0,9,10845.0
CJ501,,13:44:00.0#,10750.0,10875.0,10725.0,11910.0,9740.0,10345,52130,10820.0,12,10825.0,8,10830.0,27,10835.0,4,10840.0,9,10845.0,4,10850.0,53,10855.0,4,10860.0,5,10865.0,9,10845.0
CJ501,,13:44:00.250#,10750.0,10875.0,10725.0,11910.0,9740.0,10345,52130,10820.0,12,10825.0,8,10830.0,27,10835.0,4,10840.0,9,10845.0,3,10850.0,53,10855.0,4,10860.0,5,10865.0,9,10845.0
CJ501,,13:44:00.500#,10750.0,10875.0,10725.0,11910.0,9740.0,10345,52130,10820.0,12,10825.0,8,10830.0,27,10835.0,4,10840.0,9,10850.0,55,10855.0,4,10860.0,5,10865.0,9,10870.0,24,10845.0
CJ501,,13:44:01.0#,10750.0,10875.0,10725.0,11910.0,9740.0,10345,52130,10820.0,12,10825.0,8,10830.0,27,10835.0,4,10840.0,9,10850.0,55,10855.0,4,10860.0,5,10865.0,9,10870.0,24,10845.0
CJ501,,13:44:02.250#,10750.0,10875.0,10725.0,11910.0,9740.0,10345,52130,10820.0,12,10825.0,8,10830.0,27,10835.0,4,10840.0,10,10850.0,55,10855.0,4,10860.0,5,10865.0,9,10870.0,24,10845.0
CJ501,,13:44:02.750#,10750.0,10875.0,10725.0,11910.0,9740.0,10345,52130,10820.0,12,10825.0,8,10830.0,27,10835.0,4,10840.0,10,10850.0,53,10855.0,4,10860.0,5,10865.0,9,10870.0,24,10845.0
CJ501,,13:44:03.250#,10750.0,10875.0,10725.0,11910.0,9740.0,10345,52130,10820.0,12,10825.0,8,10830.0,27,10835.0,4,10840.0,10,10850.0,53,10855.0,4,10860.0,6,10865.0,9,10870.0,24,10845.0
CJ501,,13:44:03.500#,10750.0,10875.0,10725.0,11910.0,9740.0,10345,52130,10820.0,13,10825.0,8,10830.0,27,10835.0,4,10840.0,10,10850.0,54,10855.0,4,10860.0,6,10865.0,9,10870.0,24,10845.0
CJ501,,13:44:03.750#,10750.0,10875.0,10725.0,11910.0,9740.0,10345,52130,10820.0,13,10825.0,8,10830.0,27,10835.0,4,10840.0,10,10850.0,54,10855.0,4,10860.0,6,10865.0,9,10870.0,24,10845.0
CJ501,,13:44:04.250#,10750.0,10875.0,10725.0,11910.0,9740.0,10345,52130,10820.0,13,10825.0,8,10830.0,27,10835.0,4,10840.0,10,10850.0,54,10855.0,4,10860.0,6,10865.0,9,10870.0,24,10845.0
CJ501,,13:44:04.750#,10750.0,10875.0,10725.0,11910.0,9740.0,10345,52130,10820.0,13,10825.0,8,10830.0,27,10835.0,4,10840.0,10,10850.0,55,10855.0,4,10860.0,6,10865.0,9,10870.0,24,10845.0
CJ501,,13:44:05.0#,10750.0,10875.0,10725.0,11910.0,9740.0,10345,52130,10820.0,13,10825.0,8,10830.0,27,10835.0,4,10840.0,11,10850.0,55,10855.0,4,10860.0,6,10865.0,9,10870.0,24,10845.0
CJ501,,13:44:05.750#,10750.0,10875.0,10725.0,11910.0,9740.0,10345,52130,10820.0,13,10825.0,8,10830.0,27,10835.0,4,10840.0,11,10850.0,54,10855.0,4,10860.0,6,10865.0,9,10870.0,24,10845.0
CJ501,,13:44:06.250#,10750.0,10875.0,10725.0,11910.0,9740.0,10345,52130,10820.0,13,10825.0,8,10830.0,27,10835.0,4,10840.0,11,10850.0,54,10855.0,4,10860.0,6,10865.0,9,10870.0,24,10845.0
CJ501,,13:44:06.500#,10750.0,10875.0,10725.0,11910.0,9740.0,10345,52130,10820.0,13,10825.0,8,10830.0,27,10835.0,4,10840.0,11,10850.0,54,10855.0,4,10860.0,6,10865.0,9,10870.0,24,10845.0
CJ501,,13:44:06.750#,10750.0,10875.0,10725.0,11910.0,9740.0,10345,52130,10820.0,13,10825.0,8,10830.0,27,10835.0,4,10840.0,11,10850.0,54,10855.0,4,10860.0,6,10865.0,9,10870.0,25,10845.0
CJ501,,13:44:07.750#,10750.0,10875.0,10725.0,11910.0,9740.0,10345,52130,10820.0,13,10825.0,8,10830.0,27,10835.0,4,10840.0,11,10850.0,53,10855.0,4,10860.0,6,10865.0,9,10870.0,25,10845.0
CJ501,,13:44:08.0#,10750.0,10875.0,10725.0,11910.0,9740.0,10345,52130,10820.0,13,10825.0,8,10830.0,27,10835.0,4,10840.0,12,10850.0,53,10855.0,4,10860.0,6,10865.0,9,10870.0,25,10845.0
CJ501,,13:44:09.750#,10750.0,10875.0,10725.0,11910.0,9740.0,10345,52130,10820.0,13,10825.0,8,10830.0,27,10835.0,4,10840.0,13,10850.0,53,10855.0,4,10860.0,6,10865.0,9,10870.0,25,10845.0
CJ501,,13:44:10.500#,10750.0,10875.0,10725.0,11910.0,9740.0,10345,52130,10820.0,13,10825.0,8,10830.0,27,10835.0,4,10840.0,13,10850.0,54,10855.0,4,10860.0,6,10865.0,9,10870.0,25,10845.0
CJ501,,13:44:10.750#,10750.0,10875.0,10725.0,11910.0,9740.0,10345,52130,10825.0,8,10830.0,27,10835.0,4,10840.0,14,10845.0,2,10850.0,54,10855.0,4,10860.0,6,10865.0,9,10870.0,25,10845.0
CJ501,,13:44:11.0#,10750.0,10875.0,10725.0,11910.0,9740.0,10345,52130,10825.0,8,10830.0,27,10835.0,4,10840.0,14,10845.0,3,10850.0,54,10855.0,4,10860.0,6,10865.0,9,10870.0,25,10845.0
CJ501,,13:44:11.250#,10750.0,10875.0,10725.0,11910.0,9740.0,10345,52130,10825.0,8,10830.0,27,10835.0,4,10840.0,13,10845.0,3,10850.0,54,10855.0,4,10860.0,6,10865.0,9,10870.0,25,10845.0
CJ501,,13:44:12.0#,10750.0,10875.0,10725.0,11910.0,9740.0,10345,52130,10825.0,8,10830.0,27,10835.0,4,10840.0,13,10845.0,4,10850.0,54,10855.0,4,10860.0,6,10865.0,9,10870.0,25,10845.0
CJ501,,13:44:13.0#,10750.0,10875.0,10725.0,11910.0,9740.0,10345,52130,10825.0,8,10830.0,27,10835.0,4,10840.0,13,10845.0,9,10850.0,54,10855.0,4,10860.0,6,10865.0,9,10870.0,25,10845.0
CJ501,,13:44:14.750#,10750.0,10875.0,10725.0,11910.0,9740.0,10346,52129,10825.0,8,10830.0,27,10835.0,4,10840.0,13,10845.0,8,10850.0,54,10855.0,4,10860.0,6,10865.0,9,10870.0,25,10845.0
CJ501,,13:44:17.0#,10750.0,10875.0,10725.0,11910.0,9740.0,10346,52129,10825.0,8,10830.0,27,10835.0,4,10840.0,13,10845.0,8,10850.0,55,10855.0,4,10860.0,6,10865.0,9,10870.0,25,10845.0
CJ501,,13:44:17.500#,10750.0,10875.0,10725.0,11910.0,9740.0,10347,52129,10825.0,8,10830.0,27,10835.0,4,10840.0,13,10845.0,8,10850.0,54,10855.0,4,10860.0,6,10865.0,9,10870.0,25,10850.0
CJ501,,13:44:19.750#,10750.0,10875.0,10725.0,11910.0,9740.0,10347,52129,10825.0,8,10830.0,27,10835.0,4,10840.0,13,10845.0,8,10850.0,54,10855.0,4,10860.0,6,10865.0,9,10870.0,25,10850.0
CJ501,,13:44:21.0#,10750.0,10875.0,10725.0,11910.0,9740.0,10347,52129,10825.0,8,10830.0,27,10835.0,4,10840.0,13,10845.0,8,10850.0,54,10855.0,4,10860.0,6,10865.0,9,10870.0,25,10850.0
CJ501,,13:44:23.500#,10750.0,10875.0,10725.0,11910.0,9740.0,10347,52129,10825.0,8,10830.0,27,10835.0,4,10840.0,13,10845.0,8,10850.0,57,10855.0,4,10860.0,6,10865.0,9,10870.0,25,10850.0
CJ501,,13:44:27.500#,10750.0,10875.0,10725.0,11910.0,9740.0,10348,52129,10825.0,8,10830.0,27,10835.0,4,10840.0,13,10845.0,8,10850.0,56,10855.0,4,10860.0,6,10865.0,9,10870.0,25,10850.0
CJ501,,13:44:28.250#,10750.0,10875.0,10725.0,11910.0,9740.0,10348,52129,10825.0,8,10830.0,27,10835.0,4,10840.0,12,10845.0,9,10850.0,56,10855.0,4,10860.0,6,10865.0,9,10870.0,25,10850.0
CJ501,,13:44:29.500#,10750.0,10875.0,10725.0,11910.0,9740.0,10348,52129,10825.0,8,10830.0,22,10835.0,4,10840.0,12,10845.0,9,10850.0,56,10855.0,4,10860.0,6,10865.0,9,10870.0,25,10850.0
CJ501,,13:44:29.750#,10750.0,10875.0,10725.0,11910.0,9740.0,10348,52129,10825.0,8,10830.0,22,10835.0,4,10840.0,12,10845.0,9,10850.0,56,10855.0,4,10860.0,6,10865.0,9,10870.0,24,10850.0
CJ501,,13:44:32.500#,10750.0,10875.0,10725.0,11910.0,9740.0,10348,52129,10825.0,8,10830.0,22,10835.0,4,10840.0,12,10845.0,10,10850.0,56,10855.0,4,10860.0,6,10865.0,9,10870.0,24,10850.0
CJ501,,13:44:33.500#,10750.0,10875.0,10725.0,11910.0,9740.0,10351,52131,10825.0,8,10830.0,22,10835.0,4,10840.0,12,10845.0,7,10850.0,53,10855.0,4,10860.0,6,10865.0,9,10870.0,24,10845.0
CJ501,,13:44:33.750#,10750.0,10875.0,10725.0,11910.0,9740.0,10351,52131,10825.0,8,10830.0,22,10835.0,4,10840.0,12,10845.0,8,10850.0,53,10855.0,4,10860.0,6,10865.0,9,10870.0,24,10845.0
CJ501,,13:44:36.500#,10750.0,10875.0,10725.0,11910.0,9740.0,10352,52131,10825.0,8,10830.0,22,10835.0,4,10840.0,12,10845.0,8,10850.0,52,10855.0,4,10860.0,6,10865.0,9,10870.0,24,10850.0
CJ501,,13:44:37.500#,10750.0,10875.0,10725.0,11910.0,9740.0,10352,52131,10825.0,8,10830.0,22,10835.0,4,10840.0,12,10845.0,8,10850.0,52,10855.0,4,10860.0,6,10865.0,9,10870.0,23,10850.0
CJ501,,13:44:38.750#,10750.0,10875.0,10725.0,11910.0,9740.0,10352,52131,10825.0,8,10830.0,22,10835.0,4,10840.0,12,10845.0,8,10850.0,52,10855.0,4,10860.0,6,10865.0,9,10870.0,23,10850.0
CJ501,,13:44:39.250#,10750.0,10875.0,10725.0,11910.0,9740.0,10352,52131,10825.0,8,10830.0,22,10835.0,4,10840.0,12,10845.0,8,10850.0,52,10855.0,4,10860.0,6,10865.0,9,10870.0,25,10850.0
