InstrumentId,ExchangeId,Datetime,OpenPrice,HighestPrice,LowestPrice,UpperLimitPrice,LowerLimitPrice,Volume,OpenInterest,BidPrice5,BidVolume5,BidPrice4,BidVolume4,BidPrice3,BidVolume3,BidPrice2,BidVolume2,BidPrice1,BidVolume1,AskPrice1,AskVolume1,AskPrice2,AskVolume2,AskPrice3,AskVolume3,AskPrice4,AskVolume4,AskPrice5,AskVolume5,LastPrice
cu2409,,13:38:35.0#,76120.0,76610.0,76080.0,82310.0,71540.0,94152,180589.0,76140.0,12,76150.0,66,76160.0,38,76170.0,43,76180.0,4,76190.0,2,76200.0,17,76210.0,25,76220.0,8,76230.0,19,76180.0
cu2409,,13:38:35.500#,76120.0,76610.0,76080.0,82310.0,71540.0,94162,180593.0,76140.0,12,76150.0,66,76160.0,38,76170.0,42,76180.0,9,76200.0,16,76210.0,25,76220.0,8,76230.0,19,76240.0,37,76190.0
cu2409,,13:38:36.0#,76120.0,76610.0,76080.0,82310.0,71540.0,94162,180593.0,76140.0,12,76150.0,66,76160.0,38,76170.0,43,76180.0,13,76200.0,16,76210.0,25,76220.0,8,76230.0,19,76240.0,37,76190.0
cu2409,,13:38:36.500#,76120.0,76610.0,76080.0,82310.0,71540.0,94162,180593.0,76140.0,12,76150.0,66,76160.0,38,76170.0,43,76180.0,13,76200.0,17,76210.0,25,76220.0,8,76230.0,19,76240.0,37,76190.0
cu2409,,13:38:37.0#,76120.0,76610.0,76080.0,82310.0,71540.0,94170,180594.0,76140.0,12,76150.0,66,76160.0,38,76170.0,43,76180.0,13,76200.0,12,76210.0,25,76220.0,8,76230.0,19,76240.0,37,76200.0
cu2409,,13:38:37.500#,76120.0,76610.0,76080.0,82310.0,71540.0,94170,180594.0,76140.0,12,76150.0,66,76160.0,38,76170.0,46,76180.0,13,76200.0,17,76210.0,25,76220.0,8,76230.0,19,76240.0,37,76200.0
cu2409,,13:38:38.0#,76120.0,76610.0,76080.0,82310.0,71540.0,94177,180595.0,76140.0,12,76150.0,66,76160.0,38,76170.0,48,76180.0,16,76200.0,12,76210.0,25,76220.0,8,76230.0,19,76240.0,37,76180.0
cu2409,,13:38:38.500#,76120.0,76610.0,76080.0,82310.0,71540.0,94177,180595.0,76150.0,66,76160.0,38,76170.0,48,76180.0,11,76190.0,12,76200.0,13,76210.0,25,76220.0,8,76230.0,19,76240.0,37,76180.0
cu2409,,13:38:39.0#,76120.0,76610.0,76080.0,82310.0,71540.0,94177,180595.0,76150.0,66,76160.0,38,76170.0,49,76180.0,9,76190.0,1,76200.0,10,76210.0,20,76220.0,8,76230.0,19,76240.0,37,76180.0
cu2409,,13:38:39.500#,76120.0,76610.0,76080.0,82310.0,71540.0,94178,180596.0,76150.0,66,76160.0,38,76170.0,49,76180.0,9,76190.0,1,76200.0,11,76210.0,20,76220.0,8,76230.0,19,76240.0,37,76190.0
cu2409,,13:38:40.0#,76120.0,76610.0,76080.0,82310.0,71540.0,94178,180596.0,76150.0,66,76160.0,38,76170.0,48,76180.0,9,76190.0,2,76200.0,11,76210.0,20,76220.0,8,76230.0,19,76240.0,37,76190.0
cu2409,,13:38:40.500#,76120.0,76610.0,76080.0,82310.0,71540.0,94180,180598.0,76150.0,66,76160.0,38,76170.0,48,76180.0,9,76190.0,2,76200.0,11,76210.0,20,76220.0,8,76230.0,19,76240.0,37,76200.0
cu2409,,13:38:41.0#,76120.0,76610.0,76080.0,82310.0,71540.0,94180,180598.0,76150.0,66,76160.0,38,76170.0,48,76180.0,9,76190.0,2,76200.0,12,76210.0,20,76220.0,8,76230.0,19,76240.0,37,76200.0
cu2409,,13:38:42.0#,76120.0,76610.0,76080.0,82310.0,71540.0,94180,180598.0,76150.0,66,76160.0,38,76170.0,48,76180.0,9,76190.0,1,76200.0,12,76210.0,20,76220.0,8,76230.0,19,76240.0,37,76200.0
cu2409,,13:38:42.500#,76120.0,76610.0,76080.0,82310.0,71540.0,94184,180602.0,76150.0,66,76160.0,38,76170.0,48,76180.0,10,76190.0,1,76200.0,8,76210.0,20,76220.0,8,76230.0,19,76240.0,37,76200.0
cu2409,,13:38:43.0#,76120.0,76610.0,76080.0,82310.0,71540.0,94188,180599.0,76150.0,66,76160.0,38,76170.0,48,76180.0,10,76190.0,1,76200.0,8,76210.0,20,76220.0,8,76230.0,19,76240.0,37,76190.0
cu2409,,13:38:43.500#,76120.0,76610.0,76080.0,82310.0,71540.0,94188,180599.0,76140.0,32,76150.0,66,76160.0,38,76170.0,48,76180.0,10,76200.0,8,76210.0,20,76220.0,8,76230.0,19,76240.0,37,76190.0
cu2409,,13:38:44.0#,76120.0,76610.0,76080.0,82310.0,71540.0,94188,180599.0,76140.0,32,76150.0,66,76160.0,38,76170.0,48,76180.0,38,76200.0,9,76210.0,20,76220.0,8,76230.0,18,76240.0,37,76190.0
cu2409,,13:38:44.500#,76120.0,76610.0,76080.0,82310.0,71540.0,94188,180599.0,76150.0,66,76160.0,38,76170.0,48,76180.0,38,76190.0,1,76200.0,8,76210.0,20,76220.0,8,76230.0,18,76240.0,37,76190.0
cu2409,,13:38:45.0#,76120.0,76610.0,76080.0,82310.0,71540.0,94196,180598.0,76160.0,38,76170.0,48,76180.0,38,76190.0,1,76200.0,4,76210.0,20,76220.0,8,76230.0,18,76240.0,37,76250.0,56,76200.0
cu2409,,13:38:45.500#,76120.0,76610.0,76080.0,82310.0,71540.0,94200,180598.0,76150.0,66,76160.0,38,76170.0,48,76180.0,40,76190.0,2,76200.0,1,76210.0,24,76220.0,7,76230.0,18,76240.0,37,76200.0
cu2409,,13:38:46.0#,76120.0,76610.0,76080.0,82310.0,71540.0,94200,180598.0,76150.0,66,76160.0,38,76170.0,50,76180.0,40,76190.0,45,76200.0,2,76210.0,22,76220.0,7,76230.0,18,76240.0,37,76200.0
cu2409,,13:38:46.500#,76120.0,76610.0,76080.0,82310.0,71540.0,94204,180599.0,76150.0,66,76160.0,38,76170.0,50,76180.0,40,76190.0,43,76210.0,22,76220.0,8,76230.0,18,76240.0,37,76250.0,56,76200.0
cu2409,,13:38:47.0#,76120.0,76610.0,76080.0,82310.0,71540.0,94205,180600.0,76150.0,66,76160.0,38,76170.0,50,76180.0,38,76190.0,42,76200.0,1,76210.0,27,76220.0,8,76230.0,18,76240.0,37,76190.0
cu2409,,13:38:47.500#,76120.0,76610.0,76080.0,82310.0,71540.0,94205,180600.0,76150.0,66,76160.0,38,76170.0,50,76180.0,43,76190.0,31,76210.0,27,76220.0,8,76230.0,18,76240.0,37,76250.0,56,76190.0
cu2409,,13:38:48.0#,76120.0,76610.0,76080.0,82310.0,71540.0,94211,180598.0,76150.0,66,76160.0,38,76170.0,50,76180.0,43,76190.0,16,76210.0,27,76220.0,8,76230.0,18,76240.0,37,76250.0,56,76190.0
cu2409,,13:38:48.500#,76120.0,76610.0,76080.0,82310.0,71540.0,94211,180598.0,76150.0,66,76160.0,38,76170.0,50,76180.0,43,76190.0,15,76200.0,6,76210.0,27,76220.0,8,76230.0,18,76240.0,37,76190.0
cu2409,,13:38:49.0#,76120.0,76610.0,76080.0,82310.0,71540.0,94211,180598.0,76150.0,66,76160.0,38,76170.0,50,76180.0,43,76190.0,12,76200.0,10,76210.0,27,76220.0,8,76230.0,18,76240.0,37,76190.0
cu2409,,13:38:49.500#,76120.0,76610.0,76080.0,82310.0,71540.0,94225,180604.0,76150.0,66,76160.0,38,76170.0,50,76180.0,43,76190.0,3,76210.0,22,76220.0,8,76230.0,18,76240.0,37,76250.0,56,76210.0
cu2409,,13:38:50.0#,76120.0,76610.0,76080.0,82310.0,71540.0,94226,180605.0,76150.0,65,76160.0,38,76170.0,50,76180.0,43,76190.0,5,76200.0,1,76210.0,23,76220.0,8,76230.0,18,76240.0,37,76190.0
cu2409,,13:38:50.500#,76120.0,76610.0,76080.0,82310.0,71540.0,94226,180605.0,76150.0,65,76160.0,38,76170.0,50,76180.0,43,76190.0,15,76200.0,2,76210.0,22,76220.0,8,76230.0,18,76240.0,37,76190.0
cu2409,,13:38:51.0#,76120.0,76610.0,76080.0,82310.0,71540.0,94226,180605.0,76150.0,65,76160.0,38,76170.0,50,76180.0,44,76190.0,15,76200.0,2,76210.0,22,76220.0,8,76230.0,18,76240.0,37,76190.0
cu2409,,13:38:52.0#,76120.0,76610.0,76080.0,82310.0,71540.0,94226,180605.0,76150.0,65,76160.0,38,76170.0,50,76180.0,44,76190.0,15,76200.0,2,76210.0,22,76220.0,7,76230.0,18,76240.0,37,76190.0
cu2409,,13:38:52.500#,76120.0,76610.0,76080.0,82310.0,71540.0,94226,180605.0,76150.0,65,76160.0,38,76170.0,50,76180.0,44,76190.0,16,76200.0,3,76210.0,22,76220.0,7,76230.0,18,76240.0,37,76190.0
cu2409,,13:38:53.500#,76120.0,76610.0,76080.0,82310.0,71540.0,94226,180605.0,76150.0,65,76160.0,38,76170.0,50,76180.0,44,76190.0,16,76200.0,4,76210.0,22,76220.0,7,76230.0,18,76240.0,37,76190.0
cu2409,,13:38:54.0#,76120.0,76610.0,76080.0,82310.0,71540.0,94228,180607.0,76150.0,65,76160.0,38,76170.0,50,76180.0,44,76190.0,14,76200.0,6,76210.0,22,76220.0,8,76230.0,18,76240.0,37,76190.0
cu2409,,13:38:54.500#,76120.0,76610.0,76080.0,82310.0,71540.0,94228,180607.0,76150.0,65,76160.0,38,76170.0,50,76180.0,44,76190.0,14,76200.0,10,76210.0,22,76220.0,7,76230.0,21,76240.0,37,76190.0
cu2409,,13:38:55.0#,76120.0,76610.0,76080.0,82310.0,71540.0,94229,180608.0,76150.0,65,76160.0,38,76170.0,50,76180.0,44,76190.0,13,76200.0,10,76210.0,22,76220.0,7,76230.0,21,76240.0,37,76190.0
cu2409,,13:38:55.500#,76120.0,76610.0,76080.0,82310.0,71540.0,94229,180608.0,76150.0,65,76160.0,38,76170.0,50,76180.0,44,76190.0,13,76200.0,10,76210.0,22,76220.0,7,76230.0,21,76240.0,37,76190.0
cu2409,,13:38:56.0#,76120.0,76610.0,76080.0,82310.0,71540.0,94229,180608.0,76150.0,65,76160.0,38,76170.0,50,76180.0,44,76190.0,13,76200.0,10,76210.0,22,76220.0,7,76230.0,20,76240.0,38,76190.0
cu2409,,13:38:56.500#,76120.0,76610.0,76080.0,82310.0,71540.0,94229,180608.0,76150.0,65,76160.0,38,76170.0,50,76180.0,44,76190.0,13,76200.0,11,76210.0,22,76220.0,7,76230.0,20,76240.0,38,76190.0
cu2409,,13:38:57.500#,76120.0,76610.0,76080.0,82310.0,71540.0,94233,180612.0,76150.0,65,76160.0,38,76170.0,50,76180.0,44,76190.0,9,76200.0,11,76210.0,22,76220.0,7,76230.0,20,76240.0,38,76190.0
cu2409,,13:38:58.0#,76120.0,76610.0,76080.0,82310.0,71540.0,94233,180612.0,76150.0,65,76160.0,38,76170.0,50,76180.0,44,76190.0,1,76200.0,11,76210.0,22,76220.0,7,76230.0,20,76240.0,38,76190.0
cu2409,,13:38:58.500#,76120.0,76610.0,76080.0,82310.0,71540.0,94234,180612.0,76150.0,65,76160.0,38,76170.0,50,76180.0,44,76190.0,1,76200.0,12,76210.0,22,76220.0,7,76230.0,20,76240.0,38,76200.0
cu2409,,13:38:59.0#,76120.0,76610.0,76080.0,82310.0,71540.0,94234,180612.0,76150.0,65,76160.0,38,76170.0,50,76180.0,44,76190.0,1,76200.0,21,76210.0,22,76220.0,7,76230.0,20,76240.0,38,76200.0
cu2409,,13:38:59.500#,76120.0,76610.0,76080.0,82310.0,71540.0,94249,180623.0,76150.0,65,76160.0,38,76170.0,45,76180.0,41,76190.0,16,76200.0,7,76210.0,22,76220.0,7,76230.0,20,76240.0,38,76200.0
cu2409,,13:39:00.0#,76120.0,76610.0,76080.0,82310.0,71540.0,94249,180623.0,76150.0,65,76160.0,38,76170.0,45,76180.0,41,76190.0,14,76200.0,9,76210.0,20,76220.0,7,76230.0,20,76240.0,39,76200.0
cu2409,,13:39:00.500#,76120.0,76610.0,76080.0,82310.0,71540.0,94249,180623.0,76150.0,65,76160.0,38,76170.0,45,76180.0,41,76190.0,14,76200.0,10,76210.0,20,76220.0,7,76230.0,20,76240.0,39,76200.0
cu2409,,13:39:01.0#,76120.0,76610.0,76080.0,82310.0,71540.0,94263,180624.0,76140.0,38,76150.0,65,76160.0,38,76170.0,45,76180.0,41,76190.0,4,76200.0,11,76210.0,20,76220.0,7,76230.0,20,76190.0
cu2409,,13:39:01.500#,76120.0,76610.0,76080.0,82310.0,71540.0,94263,180624.0,76140.0,38,76150.0,65,76160.0,38,76170.0,46,76180.0,18,76190.0,4,76200.0,11,76210.0,21,76220.0,8,76230.0,20,76190.0
cu2409,,13:39:02.0#,76120.0,76610.0,76080.0,82310.0,71540.0,94263,180624.0,76140.0,38,76150.0,65,76160.0,38,76170.0,46,76180.0,18,76190.0,17,76200.0,6,76210.0,21,76220.0,8,76230.0,20,76190.0
cu2409,,13:39:02.500#,76120.0,76610.0,76080.0,82310.0,71540.0,94263,180624.0,76140.0,37,76150.0,65,76160.0,38,76170.0,46,76180.0,14,76190.0,21,76200.0,6,76210.0,21,76220.0,8,76230.0,20,76190.0
cu2409,,13:39:03.0#,76120.0,76610.0,76080.0,82310.0,71540.0,94263,180624.0,76140.0,37,76150.0,65,76160.0,38,76170.0,46,76180.0,9,76190.0,24,76200.0,6,76210.0,21,76220.0,8,76230.0,20,76190.0
cu2409,,13:39:03.500#,76120.0,76610.0,76080.0,82310.0,71540.0,94263,180624.0,76140.0,37,76150.0,65,76160.0,38,76170.0,46,76180.0,8,76190.0,24,76200.0,6,76210.0,21,76220.0,8,76230.0,21,76190.0
cu2409,,13:39:05.500#,76120.0,76610.0,76080.0,82310.0,71540.0,94263,180624.0,76140.0,37,76150.0,65,76160.0,38,76170.0,47,76180.0,8,76190.0,24,76200.0,6,76210.0,21,76220.0,8,76230.0,21,76190.0
cu2409,,13:39:06.0#,76120.0,76610.0,76080.0,82310.0,71540.0,94263,180624.0,76140.0,37,76150.0,65,76160.0,38,76170.0,47,76180.0,8,76190.0,24,76200.0,6,76210.0,21,76220.0,8,76230.0,21,76190.0
cu2409,,13:39:07.0#,76120.0,76610.0,76080.0,82310.0,71540.0,94263,180624.0,76140.0,37,76150.0,65,76160.0,38,76170.0,47,76180.0,8,76190.0,24,76200.0,8,76210.0,21,76220.0,8,76230.0,21,76190.0
cu2409,,13:39:08.0#,76120.0,76610.0,76080.0,82310.0,71540.0,94269,180630.0,76140.0,37,76150.0,65,76160.0,38,76170.0,47,76180.0,7,76190.0,21,76200.0,8,76210.0,21,76220.0,8,76230.0,21,76180.0
cu2409,,13:39:08.500#,76120.0,76610.0,76080.0,82310.0,71540.0,94270,180631.0,76140.0,37,76150.0,64,76160.0,38,76170.0,47,76180.0,5,76190.0,21,76200.0,8,76210.0,21,76220.0,8,76230.0,21,76180.0
cu2409,,13:39:09.0#,76120.0,76610.0,76080.0,82310.0,71540.0,94271,180632.0,76140.0,38,76150.0,64,76160.0,38,76170.0,47,76180.0,4,76190.0,21,76200.0,8,76210.0,20,76220.0,8,76230.0,21,76180.0
cu2409,,13:39:09.500#,76120.0,76610.0,76080.0,82310.0,71540.0,94285,180645.0,76140.0,38,76150.0,64,76160.0,38,76170.0,47,76180.0,5,76190.0,7,76200.0,8,76210.0,20,76220.0,8,76230.0,21,76190.0
cu2409,,13:39:10.0#,76120.0,76610.0,76080.0,82310.0,71540.0,94288,180648.0,76140.0,38,76150.0,64,76160.0,38,76170.0,47,76180.0,9,76190.0,4,76200.0,8,76210.0,20,76220.0,8,76230.0,21,76190.0
cu2409,,13:39:10.500#,76120.0,76610.0,76080.0,82310.0,71540.0,94288,180648.0,76140.0,38,76150.0,64,76160.0,38,76170.0,47,76180.0,9,76190.0,7,76200.0,8,76210.0,20,76220.0,8,76230.0,21,76190.0
cu2409,,13:39:11.0#,76120.0,76610.0,76080.0,82310.0,71540.0,94288,180648.0,76140.0,38,76150.0,64,76160.0,38,76170.0,47,76180.0,7,76190.0,7,76200.0,8,76210.0,20,76220.0,8,76230.0,21,76190.0
cu2409,,13:39:12.0#,76120.0,76610.0,76080.0,82310.0,71540.0,94295,180647.0,76130.0,10,76140.0,38,76150.0,64,76160.0,38,76170.0,47,76180.0,4,76190.0,8,76200.0,8,76210.0,20,76220.0,8,76180.0
cu2409,,13:39:12.500#,76120.0,76610.0,76080.0,82310.0,71540.0,94295,180647.0,76130.0,10,76140.0,38,76150.0,64,76160.0,39,76170.0,43,76180.0,6,76190.0,6,76200.0,10,76210.0,21,76220.0,8,76180.0
cu2409,,13:39:13.0#,76120.0,76610.0,76080.0,82310.0,71540.0,94300,180649.0,76130.0,10,76140.0,37,76150.0,64,76160.0,41,76170.0,37,76180.0,8,76190.0,6,76200.0,10,76210.0,21,76220.0,9,76170.0
cu2409,,13:39:13.500#,76120.0,76610.0,76080.0,82310.0,71540.0,94301,180648.0,76130.0,10,76140.0,37,76150.0,64,76160.0,41,76170.0,31,76180.0,22,76190.0,6,76200.0,10,76210.0,21,76220.0,9,76170.0
cu2409,,13:39:14.0#,76120.0,76610.0,76080.0,82310.0,71540.0,94308,180651.0,76130.0,10,76140.0,37,76150.0,66,76160.0,41,76170.0,31,76180.0,10,76190.0,6,76200.0,9,76210.0,21,76220.0,9,76180.0
cu2409,,13:39:14.500#,76120.0,76610.0,76080.0,82310.0,71540.0,94308,180651.0,76130.0,10,76140.0,37,76150.0,66,76160.0,41,76170.0,31,76180.0,5,76190.0,6,76200.0,8,76210.0,21,76220.0,9,76180.0
cu2409,,13:39:15.0#,76120.0,76610.0,76080.0,82310.0,71540.0,94313,180651.0,76130.0,10,76140.0,37,76150.0,66,76160.0,41,76170.0,31,76190.0,6,76200.0,9,76210.0,21,76220.0,9,76230.0,21,76180.0
cu2409,,13:39:15.500#,76120.0,76610.0,76080.0,82310.0,71540.0,94314,180651.0,76130.0,10,76140.0,37,76150.0,66,76160.0,41,76170.0,30,76190.0,15,76200.0,9,76210.0,19,76220.0,9,76230.0,21,76170.0
cu2409,,13:39:16.0#,76120.0,76610.0,76080.0,82310.0,71540.0,94314,180651.0,76140.0,37,76150.0,66,76160.0,41,76170.0,30,76180.0,8,76190.0,17,76200.0,9,76210.0,19,76220.0,9,76230.0,21,76170.0
cu2409,,13:39:16.500#,76120.0,76610.0,76080.0,82310.0,71540.0,94336,180653.0,76130.0,10,76140.0,37,76150.0,66,76160.0,41,76170.0,8,76190.0,12,76200.0,9,76210.0,19,76220.0,9,76230.0,21,76170.0
cu2409,,13:39:17.0#,76120.0,76610.0,76080.0,82310.0,71540.0,94336,180653.0,76130.0,10,76140.0,37,76150.0,66,76160.0,41,76170.0,8,76180.0,2,76190.0,12,76200.0,8,76210.0,19,76220.0,9,76170.0
cu2409,,13:39:17.500#,76120.0,76610.0,76080.0,82310.0,71540.0,94338,180652.0,76130.0,10,76140.0,37,76150.0,66,76160.0,41,76170.0,20,76180.0,2,76190.0,11,76200.0,8,76210.0,19,76220.0,9,76180.0
cu2409,,13:39:18.0#,76120.0,76610.0,76080.0,82310.0,71540.0,94338,180652.0,76130.0,10,76140.0,37,76150.0,66,76160.0,41,76170.0,20,76180.0,1,76190.0,11,76200.0,8,76210.0,19,76220.0,9,76180.0
cu2409,,13:39:18.500#,76120.0,76610.0,76080.0,82310.0,71540.0,94340,180653.0,76130.0,10,76140.0,37,76150.0,66,76160.0,41,76170.0,18,76180.0,1,76190.0,11,76200.0,8,76210.0,19,76220.0,9,76170.0
cu2409,,13:39:19.0#,76120.0,76610.0,76080.0,82310.0,71540.0,94340,180653.0,76130.0,10,76140.0,37,76150.0,66,76160.0,41,76170.0,18,76180.0,3,76190.0,11,76200.0,8,76210.0,19,76220.0,9,76170.0
cu2409,,13:39:19.500#,76120.0,76610.0,76080.0,82310.0,71540.0,94358,180653.0,76120.0,18,76130.0,10,76140.0,37,76150.0,66,76160.0,41,76170.0,25,76180.0,3,76190.0,11,76200.0,8,76210.0,19,76170.0
cu2409,,13:39:20.0#,76120.0,76610.0,76080.0,82310.0,71540.0,94381,180644.0,76120.0,18,76130.0,10,76140.0,37,76150.0,72,76160.0,40,76170.0,2,76180.0,3,76190.0,11,76200.0,9,76210.0,19,76170.0
cu2409,,13:39:20.500#,76120.0,76610.0,76080.0,82310.0,71540.0,94384,180644.0,76130.0,10,76140.0,37,76150.0,72,76160.0,38,76170.0,9,76180.0,3,76190.0,11,76200.0,9,76210.0,19,76220.0,9,76170.0
cu2409,,13:39:21.0#,76120.0,76610.0,76080.0,82310.0,71540.0,94384,180644.0,76130.0,10,76140.0,37,76150.0,72,76160.0,40,76170.0,9,76180.0,5,76190.0,8,76200.0,9,76210.0,19,76220.0,9,76170.0
cu2409,,13:39:21.500#,76120.0,76610.0,76080.0,82310.0,71540.0,94384,180644.0,76130.0,10,76140.0,37,76150.0,72,76160.0,40,76170.0,9,76180.0,18,76190.0,8,76200.0,9,76210.0,19,76220.0,9,76170.0
cu2409,,13:39:22.0#,76120.0,76610.0,76080.0,82310.0,71540.0,94384,180644.0,76130.0,10,76140.0,37,76150.0,72,76160.0,40,76170.0,4,76180.0,20,76190.0,8,76200.0,9,76210.0,19,76220.0,9,76170.0
cu2409,,13:39:22.500#,76120.0,76610.0,76080.0,82310.0,71540.0,94388,180645.0,76120.0,20,76130.0,10,76140.0,37,76150.0,72,76160.0,40,76180.0,16,76190.0,8,76200.0,9,76210.0,19,76220.0,9,76170.0
cu2409,,13:39:23.0#,76120.0,76610.0,76080.0,82310.0,71540.0,94388,180645.0,76120.0,20,76130.0,10,76140.0,37,76150.0,72,76160.0,40,76180.0,17,76190.0,10,76200.0,9,76210.0,19,76220.0,9,76170.0
cu2409,,13:39:24.0#,76120.0,76610.0,76080.0,82310.0,71540.0,94388,180645.0,76120.0,20,76130.0,10,76140.0,37,76150.0,72,76160.0,40,76170.0,1,76180.0,18,76190.0,10,76200.0,9,76210.0,19,76170.0
cu2409,,13:39:24.500#,76120.0,76610.0,76080.0,82310.0,71540.0,94390,180645.0,76120.0,20,76130.0,10,76140.0,37,76150.0,72,76160.0,37,76170.0,1,76180.0,18,76190.0,10,76200.0,9,76210.0,19,76160.0
cu2409,,13:39:25.0#,76120.0,76610.0,76080.0,82310.0,71540.0,94390,180645.0,76120.0,20,76130.0,10,76140.0,37,76150.0,72,76160.0,37,76170.0,1,76180.0,18,76190.0,10,76200.0,9,76210.0,19,76160.0
cu2409,,13:39:25.500#,76120.0,76610.0,76080.0,82310.0,71540.0,94393,180646.0,76120.0,20,76130.0,10,76140.0,37,76150.0,72,76160.0,34,76170.0,1,76180.0,18,76190.0,10,76200.0,9,76210.0,19,76160.0
cu2409,,13:39:26.0#,76120.0,76610.0,76080.0,82310.0,71540.0,94393,180646.0,76120.0,20,76130.0,10,76140.0,37,76150.0,72,76160.0,35,76170.0,1,76180.0,18,76190.0,10,76200.0,9,76210.0,19,76160.0
cu2409,,13:39:26.500#,76120.0,76610.0,76080.0,82310.0,71540.0,94396,180647.0,76120.0,20,76130.0,10,76140.0,37,76150.0,74,76160.0,34,76180.0,17,76190.0,10,76200.0,11,76210.0,20,76220.0,9,76160.0
cu2409,,13:39:27.0#,76120.0,76610.0,76080.0,82310.0,71540.0,94396,180647.0,76130.0,10,76140.0,37,76150.0,74,76160.0,39,76170.0,38,76180.0,10,76190.0,10,76200.0,11,76210.0,20,76220.0,9,76160.0
cu2409,,13:39:27.500#,76120.0,76610.0,76080.0,82310.0,71540.0,94396,180647.0,76130.0,10,76140.0,37,76150.0,74,76160.0,40,76170.0,21,76180.0,8,76190.0,8,76200.0,11,76210.0,20,76220.0,9,76160.0
cu2409,,13:39:28.0#,76120.0,76610.0,76080.0,82310.0,71540.0,94396,180647.0,76130.0,10,76140.0,37,76150.0,74,76160.0,40,76170.0,21,76180.0,9,76190.0,8,76200.0,11,76210.0,20,76220.0,9,76160.0
cu2409,,13:39:28.500#,76120.0,76610.0,76080.0,82310.0,71540.0,94397,180648.0,76130.0,10,76140.0,37,76150.0,74,76160.0,40,76170.0,20,76180.0,9,76190.0,8,76200.0,11,76210.0,20,76220.0,9,76170.0
cu2409,,13:39:29.500#,76120.0,76610.0,76080.0,82310.0,71540.0,94398,180649.0,76130.0,10,76140.0,37,76150.0,74,76160.0,40,76170.0,19,76180.0,9,76190.0,8,76200.0,11,76210.0,20,76220.0,9,76170.0
cu2409,,13:39:30.0#,76120.0,76610.0,76080.0,82310.0,71540.0,94410,180660.0,76130.0,10,76140.0,37,76150.0,74,76160.0,40,76170.0,17,76190.0,5,76200.0,11,76210.0,20,76220.0,9,76230.0,21,76190.0
cu2409,,13:39:30.500#,76120.0,76610.0,76080.0,82310.0,71540.0,94410,180660.0,76130.0,10,76140.0,37,76150.0,73,76160.0,40,76170.0,17,76190.0,8,76200.0,10,76210.0,15,76220.0,9,76230.0,21,76190.0
cu2409,,13:39:31.0#,76120.0,76610.0,76080.0,82310.0,71540.0,94410,180660.0,76140.0,37,76150.0,73,76160.0,41,76170.0,17,76180.0,1,76190.0,10,76200.0,10,76210.0,15,76220.0,9,76230.0,21,76190.0
cu2409,,13:39:31.500#,76120.0,76610.0,76080.0,82310.0,71540.0,94428,180675.0,76120.0,20,76130.0,10,76140.0,37,76150.0,73,76160.0,40,76170.0,13,76190.0,3,76200.0,10,76210.0,15,76220.0,9,76170.0
cu2409,,13:39:32.0#,76120.0,76610.0,76080.0,82310.0,71540.0,94441,180685.0,76130.0,10,76140.0,37,76150.0,74,76160.0,35,76170.0,57,76190.0,3,76200.0,11,76210.0,15,76220.0,9,76230.0,21,76170.0
cu2409,,13:39:32.500#,76120.0,76610.0,76080.0,82310.0,71540.0,94443,180686.0,76140.0,37,76150.0,74,76160.0,35,76170.0,48,76180.0,23,76190.0,15,76200.0,10,76210.0,15,76220.0,9,76230.0,21,76190.0
cu2409,,13:39:33.0#,76120.0,76610.0,76080.0,82310.0,71540.0,94443,180686.0,76130.0,10,76140.0,37,76150.0,74,76160.0,35,76170.0,33,76190.0,5,76200.0,8,76210.0,15,76220.0,9,76230.0,21,76190.0
cu2409,,13:39:33.500#,76120.0,76610.0,76080.0,82310.0,71540.0,94443,180686.0,76130.0,10,76140.0,37,76150.0,74,76160.0,35,76170.0,33,76190.0,9,76200.0,8,76210.0,15,76220.0,9,76230.0,21,76190.0
cu2409,,13:39:34.0#,76120.0,76610.0,76080.0,82310.0,71540.0,94443,180686.0,76130.0,10,76140.0,37,76150.0,74,76160.0,35,76170.0,37,76190.0,9,76200.0,8,76210.0,15,76220.0,9,76230.0,21,76190.0
cu2409,,13:39:34.500#,76120.0,76610.0,76080.0,82310.0,71540.0,94444,180685.0,76130.0,10,76140.0,37,76150.0,74,76160.0,35,76170.0,37,76190.0,10,76200.0,8,76210.0,15,76220.0,9,76230.0,21,76180.0
cu2409,,13:39:35.0#,76120.0,76610.0,76080.0,82310.0,71540.0,94466,180698.0,76120.0,20,76130.0,10,76140.0,37,76150.0,74,76160.0,40,76170.0,3,76190.0,10,76200.0,8,76210.0,15,76220.0,9,76170.0
cu2409,,13:39:35.500#,76120.0,76610.0,76080.0,82310.0,71540.0,94470,180702.0,76140.0,37,76150.0,75,76160.0,43,76170.0,34,76180.0,4,76190.0,10,76200.0,11,76210.0,15,76220.0,9,76230.0,21,76170.0
cu2409,,13:39:36.0#,76120.0,76610.0,76080.0,82310.0,71540.0,94470,180702.0,76140.0,37,76150.0,74,76160.0,40,76170.0,19,76180.0,12,76190.0,7,76200.0,8,76210.0,15,76220.0,9,76230.0,21,76170.0
cu2409,,13:39:36.500#,76120.0,76610.0,76080.0,82310.0,71540.0,94470,180702.0,76140.0,37,76150.0,74,76160.0,40,76170.0,19,76180.0,2,76190.0,19,76200.0,8,76210.0,15,76220.0,9,76230.0,21,76170.0
cu2409,,13:39:37.500#,76120.0,76610.0,76080.0,82310.0,71540.0,94473,180703.0,76140.0,37,76150.0,74,76160.0,40,76170.0,16,76180.0,2,76190.0,16,76200.0,8,76210.0,15,76220.0,9,76230.0,21,76190.0
cu2409,,13:39:38.0#,76120.0,76610.0,76080.0,82310.0,71540.0,94474,180703.0,76140.0,38,76150.0,74,76160.0,40,76170.0,16,76180.0,4,76190.0,12,76200.0,8,76210.0,15,76220.0,9,76230.0,21,76180.0
cu2409,,13:39:38.500#,76120.0,76610.0,76080.0,82310.0,71540.0,94475,180702.0,76140.0,39,76150.0,74,76160.0,40,76170.0,15,76180.0,4,76190.0,11,76200.0,8,76210.0,15,76220.0,9,76230.0,21,76190.0
cu2409,,13:39:39.0#,76120.0,76610.0,76080.0,82310.0,71540.0,94475,180702.0,76140.0,39,76150.0,74,76160.0,41,76170.0,15,76180.0,12,76190.0,3,76200.0,8,76210.0,15,76220.0,9,76230.0,21,76190.0
cu2409,,13:39:39.500#,76120.0,76610.0,76080.0,82310.0,71540.0,94475,180702.0,76140.0,39,76150.0,74,76160.0,42,76170.0,15,76180.0,19,76190.0,5,76200.0,6,76210.0,15,76220.0,9,76230.0,21,76190.0
cu2409,,13:39:40.0#,76120.0,76610.0,76080.0,82310.0,71540.0,94491,180708.0,76150.0,74,76160.0,42,76170.0,17,76180.0,19,76190.0,1,76210.0,11,76220.0,9,76230.0,21,76240.0,38,76250.0,54,76210.0
cu2409,,13:39:40.500#,76120.0,76610.0,76080.0,82310.0,71540.0,94495,180710.0,76150.0,74,76160.0,42,76170.0,16,76180.0,19,76190.0,1,76200.0,27,76210.0,19,76220.0,8,76230.0,21,76240.0,39,76200.0
cu2409,,13:39:41.0#,76120.0,76610.0,76080.0,82310.0,71540.0,94495,180710.0,76140.0,39,76150.0,74,76160.0,42,76170.0,16,76180.0,18,76190.0,4,76200.0,24,76210.0,21,76220.0,8,76230.0,20,76200.0
cu2409,,13:39:41.500#,76120.0,76610.0,76080.0,82310.0,71540.0,94498,180709.0,76140.0,39,76150.0,74,76160.0,42,76170.0,16,76180.0,18,76190.0,8,76200.0,24,76210.0,19,76220.0,9,76230.0,20,76190.0
cu2409,,13:39:42.0#,76120.0,76610.0,76080.0,82310.0,71540.0,94498,180709.0,76140.0,39,76150.0,74,76160.0,42,76170.0,16,76180.0,18,76190.0,8,76200.0,24,76210.0,19,76220.0,9,76230.0,20,76190.0
cu2409,,13:39:42.500#,76120.0,76610.0,76080.0,82310.0,71540.0,94498,180709.0,76140.0,39,76150.0,74,76160.0,42,76170.0,16,76180.0,18,76190.0,8,76200.0,24,76210.0,19,76220.0,9,76230.0,20,76190.0
cu2409,,13:39:43.0#,76120.0,76610.0,76080.0,82310.0,71540.0,94499,180710.0,76140.0,39,76150.0,74,76160.0,42,76170.0,16,76180.0,18,76190.0,7,76200.0,24,76210.0,19,76220.0,9,76230.0,20,76190.0
cu2409,,13:39:44.0#,76120.0,76610.0,76080.0,82310.0,71540.0,94506,180715.0,76140.0,39,76150.0,74,76160.0,42,76170.0,16,76180.0,18,76200.0,24,76210.0,19,76220.0,9,76230.0,20,76240.0,40,76190.0
cu2409,,13:39:44.500#,76120.0,76610.0,76080.0,82310.0,71540.0,94508,180715.0,76140.0,39,76150.0,74,76160.0,42,76170.0,16,76180.0,20,76200.0,24,76210.0,19,76220.0,8,76230.0,20,76240.0,40,76180.0
cu2409,,13:39:45.0#,76120.0,76610.0,76080.0,82310.0,71540.0,94513,180715.0,76150.0,74,76160.0,42,76170.0,16,76180.0,15,76190.0,12,76200.0,24,76210.0,19,76220.0,8,76230.0,20,76240.0,40,76180.0
cu2409,,13:39:46.0#,76120.0,76610.0,76080.0,82310.0,71540.0,94516,180712.0,76150.0,74,76160.0,42,76170.0,16,76180.0,15,76190.0,9,76200.0,24,76210.0,19,76220.0,8,76230.0,20,76240.0,40,76190.0
cu2409,,13:39:46.500#,76120.0,76610.0,76080.0,82310.0,71540.0,94521,180712.0,76150.0,74,76160.0,42,76170.0,16,76180.0,15,76190.0,4,76200.0,22,76210.0,19,76220.0,8,76230.0,20,76240.0,40,76190.0
cu2409,,13:39:47.0#,76120.0,76610.0,76080.0,82310.0,71540.0,94521,180712.0,76150.0,74,76160.0,43,76170.0,16,76180.0,15,76190.0,4,76200.0,23,76210.0,19,76220.0,8,76230.0,20,76240.0,40,76190.0
cu2409,,13:39:47.500#,76120.0,76610.0,76080.0,82310.0,71540.0,94521,180712.0,76150.0,74,76160.0,43,76170.0,16,76180.0,15,76190.0,4,76200.0,24,76210.0,19,76220.0,8,76230.0,20,76240.0,41,76190.0
cu2409,,13:39:48.0#,76120.0,76610.0,76080.0,82310.0,71540.0,94521,180712.0,76150.0,74,76160.0,43,76170.0,16,76180.0,15,76190.0,4,76200.0,24,76210.0,19,76220.0,8,76230.0,20,76240.0,41,76190.0
cu2409,,13:39:49.0#,76120.0,76610.0,76080.0,82310.0,71540.0,94522,180711.0,76150.0,74,76160.0,43,76170.0,16,76180.0,15,76190.0,3,76200.0,24,76210.0,19,76220.0,8,76230.0,20,76240.0,41,76190.0
cu2409,,13:39:49.500#,76120.0,76610.0,76080.0,82310.0,71540.0,94522,180711.0,76150.0,70,76160.0,42,76170.0,16,76180.0,15,76190.0,3,76200.0,24,76210.0,19,76220.0,8,76230.0,20,76240.0,41,76190.0
cu2409,,13:39:50.0#,76120.0,76610.0,76080.0,82310.0,71540.0,94524,180711.0,76150.0,70,76160.0,42,76170.0,16,76180.0,16,76190.0,3,76200.0,22,76210.0,19,76220.0,8,76230.0,20,76240.0,41,76200.0
cu2409,,13:39:50.500#,76120.0,76610.0,76080.0,82310.0,71540.0,94524,180711.0,76150.0,70,76160.0,42,76170.0,16,76180.0,16,76190.0,11,76200.0,12,76210.0,19,76220.0,8,76230.0,20,76240.0,41,76200.0
cu2409,,13:39:51.0#,76120.0,76610.0,76080.0,82310.0,71540.0,94524,180711.0,76150.0,70,76160.0,42,76170.0,16,76180.0,16,76190.0,18,76200.0,10,76210.0,19,76220.0,7,76230.0,20,76240.0,41,76200.0
cu2409,,13:39:52.0#,76120.0,76610.0,76080.0,82310.0,71540.0,94524,180711.0,76150.0,70,76160.0,42,76170.0,16,76180.0,17,76190.0,18,76200.0,10,76210.0,19,76220.0,7,76230.0,20,76240.0,41,76200.0
cu2409,,13:39:53.0#,76120.0,76610.0,76080.0,82310.0,71540.0,94524,180711.0,76150.0,70,76160.0,42,76170.0,16,76180.0,17,76190.0,18,76200.0,12,76210.0,14,76220.0,7,76230.0,20,76240.0,41,76200.0
cu2409,,13:39:53.500#,76120.0,76610.0,76080.0,82310.0,71540.0,94524,180711.0,76150.0,70,76160.0,42,76170.0,16,76180.0,17,76190.0,11,76200.0,11,76210.0,13,76220.0,7,76230.0,20,76240.0,41,76200.0
cu2409,,13:39:54.0#,76120.0,76610.0,76080.0,82310.0,71540.0,94525,180711.0,76150.0,70,76160.0,42,76170.0,16,76180.0,17,76190.0,10,76200.0,11,76210.0,13,76220.0,7,76230.0,20,76240.0,41,76190.0
cu2409,,13:39:54.500#,76120.0,76610.0,76080.0,82310.0,71540.0,94526,180711.0,76150.0,70,76160.0,42,76170.0,16,76180.0,17,76190.0,9,76200.0,11,76210.0,13,76220.0,7,76230.0,20,76240.0,41,76190.0
cu2409,,13:39:55.0#,76120.0,76610.0,76080.0,82310.0,71540.0,94532,180714.0,76150.0,70,76160.0,42,76170.0,16,76180.0,17,76190.0,9,76200.0,6,76210.0,13,76220.0,7,76230.0,20,76240.0,41,76200.0
cu2409,,13:39:55.500#,76120.0,76610.0,76080.0,82310.0,71540.0,94532,180714.0,76150.0,70,76160.0,42,76170.0,16,76180.0,17,76190.0,35,76200.0,5,76210.0,11,76220.0,7,76230.0,20,76240.0,41,76200.0
cu2409,,13:39:56.0#,76120.0,76610.0,76080.0,82310.0,71540.0,94532,180714.0,76150.0,70,76160.0,42,76170.0,16,76180.0,17,76190.0,35,76200.0,5,76210.0,8,76220.0,7,76230.0,20,76240.0,41,76200.0
cu2409,,13:39:56.500#,76120.0,76610.0,76080.0,82310.0,71540.0,94554,180704.0,76150.0,70,76160.0,42,76170.0,16,76180.0,17,76190.0,18,76210.0,8,76220.0,7,76230.0,20,76240.0,41,76250.0,54,76200.0
cu2409,,13:39:57.0#,76120.0,76610.0,76080.0,82310.0,71540.0,94559,180703.0,76150.0,70,76160.0,42,76170.0,16,76180.0,20,76190.0,18,76210.0,15,76220.0,7,76230.0,20,76240.0,41,76250.0,54,76210.0
cu2409,,13:39:57.500#,76120.0,76610.0,76080.0,82310.0,71540.0,94562,180706.0,76150.0,68,76160.0,40,76170.0,16,76180.0,26,76190.0,15,76210.0,15,76220.0,7,76230.0,20,76240.0,41,76250.0,54,76190.0
cu2409,,13:39:58.0#,76120.0,76610.0,76080.0,82310.0,71540.0,94564,180706.0,76160.0,40,76170.0,16,76180.0,26,76190.0,18,76200.0,2,76210.0,15,76220.0,6,76230.0,20,76240.0,42,76250.0,54,76190.0
cu2409,,13:39:58.500#,76120.0,76610.0,76080.0,82310.0,71540.0,94564,180706.0,76150.0,68,76160.0,40,76170.0,13,76180.0,20,76190.0,18,76210.0,15,76220.0,6,76230.0,20,76240.0,42,76250.0,54,76190.0
cu2409,,13:39:59.0#,76120.0,76610.0,76080.0,82310.0,71540.0,94564,180706.0,76160.0,40,76170.0,13,76180.0,20,76190.0,18,76200.0,2,76210.0,15,76220.0,7,76230.0,20,76240.0,42,76250.0,54,76190.0
cu2409,,13:39:59.500#,76120.0,76610.0,76080.0,82310.0,71540.0,94564,180706.0,76150.0,68,76160.0,40,76170.0,13,76180.0,20,76190.0,18,76210.0,15,76220.0,7,76230.0,20,76240.0,42,76250.0,54,76190.0
cu2409,,13:40:00.0#,76120.0,76610.0,76080.0,82310.0,71540.0,94564,180706.0,76160.0,40,76170.0,14,76180.0,20,76190.0,20,76200.0,2,76210.0,15,76220.0,6,76230.0,20,76240.0,42,76250.0,54,76190.0
cu2409,,13:40:00.500#,76120.0,76610.0,76080.0,82310.0,71540.0,94572,180714.0,76150.0,68,76160.0,42,76170.0,14,76180.0,20,76190.0,10,76210.0,20,76220.0,6,76230.0,20,76240.0,42,76250.0,54,76190.0
cu2409,,13:40:01.0#,76120.0,76610.0,76080.0,82310.0,71540.0,94573,180714.0,76150.0,68,76160.0,42,76170.0,14,76180.0,26,76190.0,8,76200.0,2,76210.0,20,76220.0,6,76230.0,20,76240.0,42,76190.0
cu2409,,13:40:01.500#,76120.0,76610.0,76080.0,82310.0,71540.0,94577,180717.0,76150.0,68,76160.0,42,76170.0,14,76180.0,27,76190.0,25,76200.0,1,76210.0,19,76220.0,6,76230.0,20,76240.0,42,76210.0
cu2409,,13:40:02.0#,76120.0,76610.0,76080.0,82310.0,71540.0,94582,180721.0,76150.0,68,76160.0,42,76170.0,14,76180.0,27,76190.0,26,76200.0,1,76210.0,18,76220.0,6,76230.0,20,76240.0,42,76200.0
cu2409,,13:40:02.500#,76120.0,76610.0,76080.0,82310.0,71540.0,94583,180721.0,76160.0,42,76170.0,14,76180.0,21,76190.0,28,76200.0,1,76210.0,18,76220.0,6,76230.0,20,76240.0,42,76250.0,54,76200.0
cu2409,,13:40:03.0#,76120.0,76610.0,76080.0,82310.0,71540.0,94585,180721.0,76150.0,68,76160.0,42,76170.0,14,76180.0,21,76190.0,26,76210.0,18,76220.0,6,76230.0,20,76240.0,42,76250.0,54,76200.0
cu2409,,13:40:03.500#,76120.0,76610.0,76080.0,82310.0,71540.0,94585,180721.0,76150.0,68,76160.0,42,76170.0,14,76180.0,21,76190.0,26,76200.0,1,76210.0,21,76220.0,6,76230.0,21,76240.0,41,76200.0
cu2409,,13:40:04.0#,76120.0,76610.0,76080.0,82310.0,71540.0,94585,180721.0,76150.0,68,76160.0,42,76170.0,14,76180.0,21,76190.0,6,76200.0,3,76210.0,21,76220.0,6,76230.0,21,76240.0,41,76200.0
cu2409,,13:40:04.500#,76120.0,76610.0,76080.0,82310.0,71540.0,94585,180721.0,76150.0,68,76160.0,42,76170.0,14,76180.0,20,76190.0,2,76200.0,12,76210.0,21,76220.0,6,76230.0,21,76240.0,41,76200.0
cu2409,,13:40:05.0#,76120.0,76610.0,76080.0,82310.0,71540.0,94585,180721.0,76150.0,68,76160.0,42,76170.0,14,76180.0,20,76190.0,2,76200.0,12,76210.0,21,76220.0,7,76230.0,21,76240.0,36,76200.0
cu2409,,13:40:05.500#,76120.0,76610.0,76080.0,82310.0,71540.0,94586,180722.0,76150.0,68,76160.0,42,76170.0,14,76180.0,20,76190.0,2,76200.0,11,76210.0,21,76220.0,7,76230.0,21,76240.0,36,76200.0
cu2409,,13:40:06.0#,76120.0,76610.0,76080.0,82310.0,71540.0,94586,180722.0,76150.0,68,76160.0,42,76170.0,14,76180.0,20,76190.0,8,76200.0,10,76210.0,21,76220.0,7,76230.0,21,76240.0,36,76200.0
cu2409,,13:40:06.500#,76120.0,76610.0,76080.0,82310.0,71540.0,94586,180722.0,76150.0,68,76160.0,42,76170.0,14,76180.0,20,76190.0,2,76200.0,10,76210.0,21,76220.0,7,76230.0,21,76240.0,36,76200.0
cu2409,,13:40:07.0#,76120.0,76610.0,76080.0,82310.0,71540.0,94587,180723.0,76150.0,68,76160.0,42,76170.0,14,76180.0,20,76190.0,1,76200.0,17,76210.0,21,76220.0,7,76230.0,21,76240.0,36,76190.0
cu2409,,13:40:07.500#,76120.0,76610.0,76080.0,82310.0,71540.0,94588,180723.0,76140.0,39,76150.0,68,76160.0,42,76170.0,14,76180.0,20,76200.0,17,76210.0,21,76220.0,7,76230.0,21,76240.0,36,76190.0
cu2409,,13:40:08.0#,76120.0,76610.0,76080.0,82310.0,71540.0,94588,180723.0,76140.0,39,76150.0,68,76160.0,42,76170.0,17,76180.0,20,76200.0,17,76210.0,24,76220.0,7,76230.0,21,76240.0,36,76190.0
cu2409,,13:40:08.500#,76120.0,76610.0,76080.0,82310.0,71540.0,94589,180723.0,76140.0,39,76150.0,68,76160.0,42,76170.0,17,76180.0,19,76200.0,17,76210.0,24,76220.0,7,76230.0,21,76240.0,36,76180.0
cu2409,,13:40:09.0#,76120.0,76610.0,76080.0,82310.0,71540.0,94589,180723.0,76140.0,39,76150.0,68,76160.0,41,76170.0,17,76180.0,17,76200.0,17,76210.0,25,76220.0,7,76230.0,21,76240.0,36,76180.0
cu2409,,13:40:09.500#,76120.0,76610.0,76080.0,82310.0,71540.0,94599,180728.0,76140.0,40,76150.0,68,76160.0,41,76170.0,17,76180.0,6,76200.0,18,76210.0,25,76220.0,7,76230.0,21,76240.0,36,76180.0
cu2409,,13:40:10.0#,76120.0,76610.0,76080.0,82310.0,71540.0,94599,180728.0,76140.0,40,76150.0,68,76160.0,40,76170.0,14,76180.0,6,76190.0,24,76200.0,21,76210.0,25,76220.0,8,76230.0,20,76180.0
cu2409,,13:40:10.500#,76120.0,76610.0,76080.0,82310.0,71540.0,94600,180729.0,76140.0,40,76150.0,68,76160.0,39,76170.0,14,76180.0,3,76190.0,18,76200.0,21,76210.0,24,76220.0,8,76230.0,20,76190.0
cu2409,,13:40:11.0#,76120.0,76610.0,76080.0,82310.0,71540.0,94600,180729.0,76140.0,40,76150.0,68,76160.0,39,76170.0,13,76180.0,3,76190.0,19,76200.0,21,76210.0,24,76220.0,8,76230.0,20,76190.0
cu2409,,13:40:11.500#,76120.0,76610.0,76080.0,82310.0,71540.0,94604,180732.0,76140.0,41,76150.0,68,76160.0,39,76170.0,13,76180.0,1,76190.0,17,76200.0,21,76210.0,24,76220.0,8,76230.0,20,76190.0
cu2409,,13:40:12.0#,76120.0,76610.0,76080.0,82310.0,71540.0,94604,180732.0,76140.0,41,76150.0,68,76160.0,39,76170.0,12,76180.0,3,76190.0,17,76200.0,21,76210.0,24,76220.0,8,76230.0,20,76190.0
cu2409,,13:40:12.500#,76120.0,76610.0,76080.0,82310.0,71540.0,94606,180734.0,76140.0,41,76150.0,68,76160.0,39,76170.0,13,76180.0,1,76190.0,15,76200.0,22,76210.0,24,76220.0,8,76230.0,20,76190.0
cu2409,,13:40:13.0#,76120.0,76610.0,76080.0,82310.0,71540.0,94606,180734.0,76140.0,41,76150.0,68,76160.0,39,76170.0,13,76180.0,1,76190.0,15,76200.0,22,76210.0,24,76220.0,8,76230.0,20,76190.0
cu2409,,13:40:13.500#,76120.0,76610.0,76080.0,82310.0,71540.0,94611,180735.0,76130.0,11,76140.0,41,76150.0,68,76160.0,39,76170.0,13,76190.0,11,76200.0,22,76210.0,24,76220.0,8,76230.0,20,76190.0
cu2409,,13:40:14.0#,76120.0,76610.0,76080.0,82310.0,71540.0,94616,180738.0,76130.0,11,76140.0,41,76150.0,68,76160.0,40,76170.0,16,76180.0,2,76190.0,7,76200.0,24,76210.0,24,76220.0,8,76190.0
cu2409,,13:40:14.500#,76120.0,76610.0,76080.0,82310.0,71540.0,94618,180736.0,76140.0,41,76150.0,68,76160.0,40,76170.0,16,76180.0,3,76190.0,6,76200.0,24,76210.0,25,76220.0,8,76230.0,20,76180.0
cu2409,,13:40:15.0#,76120.0,76610.0,76080.0,82310.0,71540.0,94618,180736.0,76130.0,11,76140.0,41,76150.0,68,76160.0,40,76170.0,16,76190.0,29,76200.0,24,76210.0,25,76220.0,8,76230.0,20,76180.0
cu2409,,13:40:15.500#,76120.0,76610.0,76080.0,82310.0,71540.0,94618,180736.0,76130.0,11,76140.0,41,76150.0,68,76160.0,40,76170.0,8,76190.0,33,76200.0,19,76210.0,25,76220.0,8,76230.0,20,76180.0
cu2409,,13:40:16.0#,76120.0,76610.0,76080.0,82310.0,71540.0,94618,180736.0,76130.0,11,76140.0,40,76150.0,68,76160.0,40,76170.0,8,76180.0,1,76190.0,33,76200.0,21,76210.0,25,76220.0,8,76180.0
cu2409,,13:40:16.500#,76120.0,76610.0,76080.0,82310.0,71540.0,94618,180736.0,76130.0,11,76140.0,40,76150.0,68,76160.0,40,76170.0,6,76180.0,11,76190.0,33,76200.0,19,76210.0,25,76220.0,9,76180.0
cu2409,,13:40:17.0#,76120.0,76610.0,76080.0,82310.0,71540.0,94618,180736.0,76130.0,11,76140.0,40,76150.0,68,76160.0,39,76170.0,3,76180.0,12,76190.0,33,76200.0,19,76210.0,25,76220.0,9,76180.0
cu2409,,13:40:17.500#,76120.0,76610.0,76080.0,82310.0,71540.0,94620,180738.0,76130.0,11,76140.0,40,76150.0,68,76160.0,38,76170.0,11,76180.0,12,76190.0,33,76200.0,19,76210.0,25,76220.0,9,76170.0
cu2409,,13:40:18.0#,76120.0,76610.0,76080.0,82310.0,71540.0,94623,180737.0,76130.0,11,76140.0,40,76150.0,68,76160.0,33,76170.0,3,76180.0,8,76190.0,33,76200.0,99,76210.0,25,76220.0,9,76170.0
cu2409,,13:40:18.500#,76120.0,76610.0,76080.0,82310.0,71540.0,94627,180738.0,76120.0,36,76130.0,11,76140.0,40,76150.0,68,76160.0,32,76180.0,30,76190.0,28,76200.0,99,76210.0,25,76220.0,9,76180.0
cu2409,,13:40:19.0#,76120.0,76610.0,76080.0,82310.0,71540.0,94629,180738.0,76120.0,36,76130.0,11,76140.0,40,76150.0,69,76160.0,31,76180.0,28,76190.0,30,76200.0,100,76210.0,25,76220.0,9,76180.0
cu2409,,13:40:19.500#,76120.0,76610.0,76080.0,82310.0,71540.0,94629,180738.0,76120.0,36,76130.0,11,76140.0,40,76150.0,69,76160.0,31,76180.0,25,76190.0,30,76200.0,100,76210.0,25,76220.0,9,76180.0
cu2409,,13:40:20.0#,76120.0,76610.0,76080.0,82310.0,71540.0,94629,180738.0,76130.0,11,76140.0,40,76150.0,75,76160.0,36,76170.0,2,76180.0,17,76190.0,30,76200.0,100,76210.0,25,76220.0,9,76180.0
cu2409,,13:40:20.500#,76120.0,76610.0,76080.0,82310.0,71540.0,94637,180741.0,76130.0,11,76140.0,40,76150.0,75,76160.0,36,76170.0,7,76180.0,6,76190.0,30,76200.0,99,76210.0,26,76220.0,9,76170.0
cu2409,,13:40:21.0#,76120.0,76610.0,76080.0,82310.0,71540.0,94637,180741.0,76130.0,12,76140.0,38,76150.0,75,76160.0,36,76170.0,14,76180.0,3,76190.0,30,76200.0,99,76210.0,26,76220.0,9,76170.0
cu2409,,13:40:21.500#,76120.0,76610.0,76080.0,82310.0,71540.0,94650,180749.0,76130.0,13,76140.0,38,76150.0,75,76160.0,36,76170.0,15,76190.0,14,76200.0,99,76210.0,26,76220.0,9,76230.0,21,76190.0
cu2409,,13:40:22.0#,76120.0,76610.0,76080.0,82310.0,71540.0,94651,180749.0,76140.0,38,76150.0,75,76160.0,36,76170.0,15,76180.0,3,76190.0,1,76200.0,99,76210.0,26,76220.0,9,76230.0,21,76190.0
cu2409,,13:40:22.500#,76120.0,76610.0,76080.0,82310.0,71540.0,94652,180749.0,76140.0,38,76150.0,75,76160.0,38,76170.0,15,76180.0,19,76190.0,1,76200.0,101,76210.0,26,76220.0,9,76230.0,21,76190.0
cu2409,,13:40:23.0#,76120.0,76610.0,76080.0,82310.0,71540.0,94652,180749.0,76140.0,38,76150.0,75,76160.0,39,76170.0,16,76180.0,19,76190.0,1,76200.0,101,76210.0,26,76220.0,9,76230.0,21,76190.0
cu2409,,13:40:23.500#,76120.0,76610.0,76080.0,82310.0,71540.0,94662,180745.0,76140.0,38,76150.0,75,76160.0,39,76170.0,17,76180.0,3,76190.0,4,76200.0,101,76210.0,26,76220.0,9,76230.0,21,76180.0
cu2409,,13:40:24.0#,76120.0,76610.0,76080.0,82310.0,71540.0,94662,180745.0,76130.0,13,76140.0,38,76150.0,75,76160.0,38,76170.0,17,76190.0,41,76200.0,101,76210.0,26,76220.0,9,76230.0,21,76180.0
cu2409,,13:40:24.500#,76120.0,76610.0,76080.0,82310.0,71540.0,94662,180745.0,76130.0,13,76140.0,38,76150.0,75,76160.0,38,76170.0,19,76180.0,2,76190.0,40,76200.0,101,76210.0,26,76220.0,9,76180.0
cu2409,,13:40:25.0#,76120.0,76610.0,76080.0,82310.0,71540.0,94665,180748.0,76130.0,13,76140.0,38,76150.0,75,76160.0,38,76170.0,19,76180.0,11,76190.0,25,76200.0,101,76210.0,26,76220.0,9,76180.0
cu2409,,13:40:25.500#,76120.0,76610.0,76080.0,82310.0,71540.0,94666,180749.0,76130.0,13,76140.0,38,76150.0,75,76160.0,38,76170.0,19,76180.0,10,76190.0,25,76200.0,101,76210.0,26,76220.0,9,76180.0
cu2409,,13:40:26.0#,76120.0,76610.0,76080.0,82310.0,71540.0,94667,180750.0,76130.0,13,76140.0,38,76150.0,75,76160.0,38,76170.0,18,76180.0,9,76190.0,25,76200.0,101,76210.0,26,76220.0,9,76180.0
cu2409,,13:40:26.500#,76120.0,76610.0,76080.0,82310.0,71540.0,94667,180750.0,76130.0,13,76140.0,38,76150.0,75,76160.0,38,76170.0,14,76180.0,9,76190.0,25,76200.0,101,76210.0,26,76220.0,9,76180.0
cu2409,,13:40:27.0#,76120.0,76610.0,76080.0,82310.0,71540.0,94667,180750.0,76130.0,13,76140.0,38,76150.0,75,76160.0,38,76170.0,14,76180.0,13,76190.0,25,76200.0,101,76210.0,26,76220.0,9,76180.0
cu2409,,13:40:27.500#,76120.0,76610.0,76080.0,82310.0,71540.0,94668,180749.0,76130.0,13,76140.0,38,76150.0,74,76160.0,38,76170.0,9,76180.0,13,76190.0,25,76200.0,100,76210.0,26,76220.0,9,76170.0
cu2409,,13:40:28.0#,76120.0,76610.0,76080.0,82310.0,71540.0,94669,180749.0,76130.0,13,76140.0,38,76150.0,74,76160.0,37,76170.0,7,76180.0,12,76190.0,25,76200.0,100,76210.0,26,76220.0,9,76180.0
cu2409,,13:40:28.500#,76120.0,76610.0,76080.0,82310.0,71540.0,94670,180750.0,76130.0,13,76140.0,38,76150.0,74,76160.0,37,76170.0,29,76180.0,13,76190.0,25,76200.0,100,76210.0,26,76220.0,9,76180.0
cu2409,,13:40:29.0#,76120.0,76610.0,76080.0,82310.0,71540.0,94672,180751.0,76130.0,13,76140.0,38,76150.0,74,76160.0,37,76170.0,28,76180.0,11,76190.0,25,76200.0,100,76210.0,26,76220.0,9,76180.0
cu2409,,13:40:29.500#,76120.0,76610.0,76080.0,82310.0,71540.0,94672,180751.0,76130.0,13,76140.0,38,76150.0,74,76160.0,37,76170.0,27,76180.0,11,76190.0,25,76200.0,100,76210.0,26,76220.0,9,76180.0
cu2409,,13:40:30.500#,76120.0,76610.0,76080.0,82310.0,71540.0,94674,180751.0,76130.0,13,76140.0,38,76150.0,74,76160.0,37,76170.0,25,76180.0,11,76190.0,25,76200.0,100,76210.0,26,76220.0,9,76170.0
cu2409,,13:40:31.0#,76120.0,76610.0,76080.0,82310.0,71540.0,94675,180752.0,76130.0,13,76140.0,38,76150.0,74,76160.0,37,76170.0,29,76180.0,10,76190.0,25,76200.0,100,76210.0,26,76220.0,9,76180.0
cu2409,,13:40:31.500#,76120.0,76610.0,76080.0,82310.0,71540.0,94687,180762.0,76140.0,38,76150.0,74,76160.0,36,76170.0,30,76180.0,11,76190.0,22,76200.0,99,76210.0,26,76220.0,9,76230.0,21,76190.0
cu2409,,13:40:32.0#,76120.0,76610.0,76080.0,82310.0,71540.0,94689,180762.0,76140.0,38,76150.0,74,76160.0,37,76170.0,26,76180.0,11,76190.0,6,76200.0,99,76210.0,26,76220.0,9,76230.0,21,76180.0
cu2409,,13:40:32.500#,76120.0,76610.0,76080.0,82310.0,71540.0,94691,180764.0,76140.0,38,76150.0,74,76160.0,37,76170.0,26,76180.0,11,76190.0,6,76200.0,99,76210.0,25,76220.0,9,76230.0,21,76190.0
cu2409,,13:40:33.500#,76120.0,76610.0,76080.0,82310.0,71540.0,94694,180767.0,76140.0,38,76150.0,74,76160.0,37,76170.0,26,76180.0,13,76190.0,6,76200.0,94,76210.0,25,76220.0,9,76230.0,21,76180.0
cu2409,,13:40:34.0#,76120.0,76610.0,76080.0,82310.0,71540.0,94694,180767.0,76140.0,38,76150.0,74,76160.0,37,76170.0,26,76180.0,13,76190.0,9,76200.0,94,76210.0,25,76220.0,9,76230.0,21,76180.0
cu2409,,13:40:34.500#,76120.0,76610.0,76080.0,82310.0,71540.0,94694,180767.0,76140.0,38,76150.0,74,76160.0,37,76170.0,26,76180.0,14,76190.0,6,76200.0,94,76210.0,25,76220.0,9,76230.0,21,76180.0
cu2409,,13:40:36.0#,76120.0,76610.0,76080.0,82310.0,71540.0,94694,180767.0,76140.0,38,76150.0,74,76160.0,37,76170.0,26,76180.0,13,76190.0,7,76200.0,94,76210.0,25,76220.0,9,76230.0,21,76180.0
cu2409,,13:40:36.500#,76120.0,76610.0,76080.0,82310.0,71540.0,94695,180768.0,76140.0,38,76150.0,74,76160.0,37,76170.0,26,76180.0,14,76190.0,4,76200.0,94,76210.0,25,76220.0,9,76230.0,21,76190.0
cu2409,,13:40:37.0#,76120.0,76610.0,76080.0,82310.0,71540.0,94697,180768.0,76140.0,38,76150.0,74,76160.0,37,76170.0,26,76180.0,9,76190.0,3,76200.0,94,76210.0,26,76220.0,9,76230.0,21,76180.0
cu2409,,13:40:37.500#,76120.0,76610.0,76080.0,82310.0,71540.0,94697,180768.0,76140.0,38,76150.0,74,76160.0,38,76170.0,26,76180.0,9,76190.0,17,76200.0,94,76210.0,26,76220.0,9,76230.0,21,76180.0
cu2409,,13:40:38.0#,76120.0,76610.0,76080.0,82310.0,71540.0,94697,180768.0,76140.0,38,76150.0,74,76160.0,38,76170.0,26,76180.0,8,76190.0,18,76200.0,93,76210.0,26,76220.0,9,76230.0,21,76180.0
cu2409,,13:40:39.0#,76120.0,76610.0,76080.0,82310.0,71540.0,94698,180767.0,76140.0,38,76150.0,74,76160.0,38,76170.0,26,76180.0,7,76190.0,18,76200.0,93,76210.0,26,76220.0,9,76230.0,21,76180.0
cu2409,,13:40:40.500#,76120.0,76610.0,76080.0,82310.0,71540.0,94698,180767.0,76140.0,38,76150.0,74,76160.0,38,76170.0,26,76180.0,7,76190.0,18,76200.0,93,76210.0,26,76220.0,9,76230.0,21,76180.0
cu2409,,13:40:41.500#,76120.0,76610.0,76080.0,82310.0,71540.0,94700,180769.0,76140.0,38,76150.0,70,76160.0,38,76170.0,26,76180.0,7,76190.0,16,76200.0,93,76210.0,26,76220.0,9,76230.0,21,76190.0
cu2409,,13:40:42.0#,76120.0,76610.0,76080.0,82310.0,71540.0,94700,180769.0,76140.0,38,76150.0,69,76160.0,38,76170.0,26,76180.0,7,76190.0,15,76200.0,93,76210.0,26,76220.0,9,76230.0,21,76190.0
cu2409,,13:40:42.500#,76120.0,76610.0,76080.0,82310.0,71540.0,94700,180769.0,76140.0,38,76150.0,69,76160.0,38,76170.0,26,76180.0,7,76190.0,16,76200.0,93,76210.0,24,76220.0,9,76230.0,21,76190.0
cu2409,,13:40:43.0#,76120.0,76610.0,76080.0,82310.0,71540.0,94701,180770.0,76140.0,38,76150.0,69,76160.0,38,76170.0,26,76180.0,6,76190.0,16,76200.0,93,76210.0,24,76220.0,9,76230.0,21,76180.0
cu2409,,13:40:43.500#,76120.0,76610.0,76080.0,82310.0,71540.0,94703,180772.0,76140.0,38,76150.0,69,76160.0,38,76170.0,26,76180.0,4,76190.0,16,76200.0,93,76210.0,24,76220.0,9,76230.0,21,76180.0
cu2409,,13:40:44.0#,76120.0,76610.0,76080.0,82310.0,71540.0,94707,180775.0,76130.0,13,76140.0,38,76150.0,69,76160.0,38,76170.0,26,76180.0,2,76190.0,16,76200.0,93,76210.0,24,76220.0,9,76180.0
cu2409,,13:40:44.500#,76120.0,76610.0,76080.0,82310.0,71540.0,94707,180775.0,76130.0,13,76140.0,38,76150.0,69,76160.0,38,76170.0,11,76180.0,2,76190.0,16,76200.0,93,76210.0,24,76220.0,9,76180.0
cu2409,,13:40:45.0#,76120.0,76610.0,76080.0,82310.0,71540.0,94707,180775.0,76130.0,13,76140.0,38,76150.0,69,76160.0,38,76170.0,5,76180.0,13,76190.0,16,76200.0,93,76210.0,24,76220.0,9,76180.0
cu2409,,13:40:45.500#,76120.0,76610.0,76080.0,82310.0,71540.0,94707,180775.0,76130.0,13,76140.0,38,76150.0,69,76160.0,33,76170.0,5,76180.0,13,76190.0,16,76200.0,93,76210.0,24,76220.0,9,76180.0
cu2409,,13:40:46.0#,76120.0,76610.0,76080.0,82310.0,71540.0,94707,180775.0,76130.0,13,76140.0,38,76150.0,69,76160.0,32,76170.0,5,76180.0,13,76190.0,16,76200.0,93,76210.0,24,76220.0,9,76180.0
cu2409,,13:40:46.500#,76120.0,76610.0,76080.0,82310.0,71540.0,94708,180775.0,76130.0,13,76140.0,38,76150.0,69,76160.0,32,76170.0,5,76180.0,12,76190.0,16,76200.0,93,76210.0,24,76220.0,9,76180.0
cu2409,,13:40:47.0#,76120.0,76610.0,76080.0,82310.0,71540.0,94708,180775.0,76130.0,13,76140.0,38,76150.0,69,76160.0,32,76170.0,6,76180.0,12,76190.0,16,76200.0,93,76210.0,24,76220.0,9,76180.0
cu2409,,13:40:47.500#,76120.0,76610.0,76080.0,82310.0,71540.0,94709,180775.0,76130.0,13,76140.0,38,76150.0,69,76160.0,32,76170.0,5,76180.0,4,76190.0,16,76200.0,93,76210.0,24,76220.0,9,76170.0
cu2409,,13:40:48.0#,76120.0,76610.0,76080.0,82310.0,71540.0,94710,180776.0,76130.0,13,76140.0,38,76150.0,69,76160.0,32,76170.0,34,76190.0,16,76200.0,93,76210.0,24,76220.0,9,76230.0,21,76180.0
cu2409,,13:40:48.500#,76120.0,76610.0,76080.0,82310.0,71540.0,94711,180777.0,76130.0,13,76140.0,38,76150.0,69,76160.0,32,76170.0,34,76190.0,8,76200.0,93,76210.0,24,76220.0,9,76230.0,21,76180.0
cu2409,,13:40:49.0#,76120.0,76610.0,76080.0,82310.0,71540.0,94711,180777.0,76140.0,38,76150.0,69,76160.0,32,76170.0,34,76180.0,1,76190.0,10,76200.0,93,76210.0,24,76220.0,9,76230.0,21,76180.0
cu2409,,13:40:49.500#,76120.0,76610.0,76080.0,82310.0,71540.0,94712,180778.0,76140.0,38,76150.0,69,76160.0,33,76170.0,34,76180.0,2,76190.0,20,76200.0,93,76210.0,24,76220.0,9,76230.0,21,76180.0
cu2409,,13:40:50.0#,76120.0,76610.0,76080.0,82310.0,71540.0,94713,180778.0,76140.0,38,76150.0,69,76160.0,33,76170.0,34,76180.0,1,76190.0,20,76200.0,93,76210.0,24,76220.0,10,76230.0,21,76180.0
cu2409,,13:40:50.500#,76120.0,76610.0,76080.0,82310.0,71540.0,94713,180778.0,76130.0,13,76140.0,38,76150.0,69,76160.0,33,76170.0,34,76180.0,1,76190.0,20,76200.0,93,76210.0,24,76220.0,10,76180.0
cu2409,,13:40:51.0#,76120.0,76610.0,76080.0,82310.0,71540.0,94718,180781.0,76130.0,13,76140.0,38,76150.0,69,76160.0,33,76170.0,32,76180.0,2,76190.0,19,76200.0,93,76210.0,24,76220.0,10,76170.0
cu2409,,13:40:51.500#,76120.0,76610.0,76080.0,82310.0,71540.0,94723,180785.0,76130.0,13,76140.0,38,76150.0,69,76160.0,33,76170.0,31,76180.0,1,76190.0,17,76200.0,93,76210.0,24,76220.0,10,76190.0
cu2409,,13:40:52.0#,76120.0,76610.0,76080.0,82310.0,71540.0,94724,180786.0,76130.0,13,76140.0,38,76150.0,69,76160.0,33,76170.0,32,76190.0,17,76200.0,93,76210.0,24,76220.0,10,76230.0,21,76180.0
cu2409,,13:40:52.500#,76120.0,76610.0,76080.0,82310.0,71540.0,94725,180787.0,76130.0,13,76140.0,38,76150.0,69,76160.0,33,76170.0,32,76190.0,19,76200.0,93,76210.0,24,76220.0,10,76230.0,21,76190.0
cu2409,,13:40:53.0#,76120.0,76610.0,76080.0,82310.0,71540.0,94725,180787.0,76130.0,13,76140.0,38,76150.0,69,76160.0,33,76170.0,32,76190.0,19,76200.0,93,76210.0,24,76220.0,10,76230.0,21,76190.0
cu2409,,13:40:53.500#,76120.0,76610.0,76080.0,82310.0,71540.0,94725,180787.0,76140.0,38,76150.0,69,76160.0,33,76170.0,33,76180.0,1,76190.0,19,76200.0,93,76210.0,24,76220.0,10,76230.0,21,76190.0
cu2409,,13:40:54.0#,76120.0,76610.0,76080.0,82310.0,71540.0,94725,180787.0,76140.0,38,76150.0,69,76160.0,33,76170.0,31,76180.0,2,76190.0,16,76200.0,93,76210.0,24,76220.0,10,76230.0,21,76190.0
cu2409,,13:40:55.0#,76120.0,76610.0,76080.0,82310.0,71540.0,94725,180787.0,76140.0,38,76150.0,69,76160.0,33,76170.0,45,76180.0,5,76190.0,12,76200.0,93,76210.0,24,76220.0,10,76230.0,21,76190.0
cu2409,,13:40:55.500#,76120.0,76610.0,76080.0,82310.0,71540.0,94726,180787.0,76140.0,38,76150.0,69,76160.0,33,76170.0,45,76180.0,7,76190.0,5,76200.0,93,76210.0,24,76220.0,10,76230.0,21,76190.0
cu2409,,13:40:56.0#,76120.0,76610.0,76080.0,82310.0,71540.0,94726,180787.0,76140.0,38,76150.0,69,76160.0,33,76170.0,45,76180.0,30,76190.0,4,76200.0,93,76210.0,24,76220.0,10,76230.0,21,76190.0
cu2409,,13:40:56.500#,76120.0,76610.0,76080.0,82310.0,71540.0,94726,180787.0,76140.0,38,76150.0,69,76160.0,34,76170.0,45,76180.0,31,76190.0,3,76200.0,93,76210.0,24,76220.0,10,76230.0,21,76190.0
cu2409,,13:40:57.0#,76120.0,76610.0,76080.0,82310.0,71540.0,94729,180790.0,76140.0,38,76150.0,69,76160.0,34,76170.0,45,76180.0,31,76200.0,93,76210.0,24,76220.0,10,76230.0,21,76240.0,35,76190.0
cu2409,,13:40:57.500#,76120.0,76610.0,76080.0,82310.0,71540.0,94729,180790.0,76140.0,38,76150.0,69,76160.0,34,76170.0,46,76180.0,32,76190.0,1,76200.0,91,76210.0,24,76220.0,9,76230.0,21,76190.0
cu2409,,13:40:58.0#,76120.0,76610.0,76080.0,82310.0,71540.0,94731,180792.0,76140.0,38,76150.0,69,76160.0,34,76170.0,46,76180.0,31,76200.0,91,76210.0,24,76220.0,9,76230.0,21,76240.0,35,76180.0
cu2409,,13:40:59.0#,76120.0,76610.0,76080.0,82310.0,71540.0,94742,180795.0,76140.0,38,76150.0,69,76160.0,34,76170.0,46,76180.0,32,76200.0,81,76210.0,24,76220.0,9,76230.0,21,76240.0,35,76200.0
cu2409,,13:40:59.500#,76120.0,76610.0,76080.0,82310.0,71540.0,94744,180797.0,76140.0,38,76150.0,69,76160.0,34,76170.0,44,76180.0,32,76200.0,79,76210.0,24,76220.0,9,76230.0,21,76240.0,35,76200.0
cu2409,,13:41:00.0#,76120.0,76610.0,76080.0,82310.0,71540.0,94744,180797.0,76140.0,38,76150.0,69,76160.0,34,76170.0,44,76180.0,32,76200.0,79,76210.0,24,76220.0,9,76230.0,21,76240.0,35,76200.0
cu2409,,13:41:00.500#,76120.0,76610.0,76080.0,82310.0,71540.0,94744,180797.0,76140.0,38,76150.0,69,76160.0,34,76170.0,44,76180.0,32,76200.0,79,76210.0,24,76220.0,9,76230.0,21,76240.0,35,76200.0
cu2409,,13:41:01.0#,76120.0,76610.0,76080.0,82310.0,71540.0,94744,180797.0,76140.0,38,76150.0,69,76160.0,34,76170.0,44,76180.0,32,76190.0,8,76200.0,79,76210.0,24,76220.0,9,76230.0,21,76200.0
cu2409,,13:41:01.500#,76120.0,76610.0,76080.0,82310.0,71540.0,94744,180797.0,76140.0,38,76150.0,69,76160.0,34,76170.0,44,76180.0,24,76200.0,79,76210.0,24,76220.0,9,76230.0,21,76240.0,35,76200.0
cu2409,,13:41:02.0#,76120.0,76610.0,76080.0,82310.0,71540.0,94746,180799.0,76140.0,38,76150.0,69,76160.0,34,76170.0,44,76180.0,16,76190.0,15,76200.0,79,76210.0,24,76220.0,9,76230.0,21,76200.0
cu2409,,13:41:02.500#,76120.0,76610.0,76080.0,82310.0,71540.0,94746,180799.0,76140.0,38,76150.0,69,76160.0,34,76170.0,44,76180.0,9,76190.0,12,76200.0,79,76210.0,24,76220.0,9,76230.0,21,76200.0
cu2409,,13:41:03.0#,76120.0,76610.0,76080.0,82310.0,71540.0,94747,180800.0,76140.0,38,76150.0,69,76160.0,34,76170.0,44,76180.0,9,76190.0,14,76200.0,79,76210.0,24,76220.0,9,76230.0,21,76200.0
cu2409,,13:41:03.500#,76120.0,76610.0,76080.0,82310.0,71540.0,94749,180802.0,76140.0,39,76150.0,68,76160.0,34,76170.0,43,76180.0,9,76190.0,14,76200.0,81,76210.0,24,76220.0,14,76230.0,21,76200.0
cu2409,,13:41:04.0#,76120.0,76610.0,76080.0,82310.0,71540.0,94758,180806.0,76130.0,13,76140.0,39,76150.0,68,76160.0,34,76170.0,42,76190.0,29,76200.0,82,76210.0,24,76220.0,14,76230.0,21,76180.0
cu2409,,13:41:04.500#,76120.0,76610.0,76080.0,82310.0,71540.0,94759,180807.0,76130.0,13,76140.0,38,76150.0,67,76160.0,33,76170.0,17,76180.0,24,76190.0,23,76200.0,84,76210.0,24,76220.0,14,76170.0
cu2409,,13:41:05.0#,76120.0,76610.0,76080.0,82310.0,71540.0,94768,180809.0,76130.0,13,76140.0,38,76150.0,67,76160.0,31,76170.0,8,76180.0,28,76190.0,24,76200.0,87,76210.0,24,76220.0,14,76170.0
cu2409,,13:41:05.500#,76120.0,76610.0,76080.0,82310.0,71540.0,94787,180818.0,76120.0,36,76130.0,13,76140.0,38,76150.0,67,76160.0,31,76170.0,1,76180.0,27,76190.0,25,76200.0,87,76210.0,24,76170.0
cu2409,,13:41:06.0#,76120.0,76610.0,76080.0,82310.0,71540.0,94787,180818.0,76120.0,36,76130.0,13,76140.0,38,76150.0,67,76160.0,32,76170.0,1,76180.0,27,76190.0,24,76200.0,87,76210.0,24,76170.0
cu2409,,13:41:06.500#,76120.0,76610.0,76080.0,82310.0,71540.0,94788,180819.0,76120.0,36,76130.0,13,76140.0,38,76150.0,66,76160.0,31,76170.0,1,76180.0,27,76190.0,24,76200.0,87,76210.0,24,76170.0
cu2409,,13:41:07.0#,76120.0,76610.0,76080.0,82310.0,71540.0,94789,180820.0,76120.0,36,76130.0,13,76140.0,38,76150.0,66,76160.0,31,76170.0,8,76180.0,27,76190.0,24,76200.0,88,76210.0,25,76170.0
cu2409,,13:41:07.500#,76120.0,76610.0,76080.0,82310.0,71540.0,94790,180821.0,76120.0,36,76130.0,13,76140.0,38,76150.0,66,76160.0,31,76170.0,21,76180.0,22,76190.0,24,76200.0,88,76210.0,25,76170.0
cu2409,,13:41:08.0#,76120.0,76610.0,76080.0,82310.0,71540.0,94798,180825.0,76120.0,36,76130.0,13,76140.0,38,76150.0,65,76160.0,31,76170.0,9,76180.0,23,76190.0,24,76200.0,88,76210.0,25,76170.0
cu2409,,13:41:08.500#,76120.0,76610.0,76080.0,82310.0,71540.0,94798,180825.0,76130.0,13,76140.0,38,76150.0,65,76160.0,31,76170.0,2,76180.0,23,76190.0,25,76200.0,88,76210.0,25,76220.0,13,76170.0
cu2409,,13:41:09.500#,76120.0,76610.0,76080.0,82310.0,71540.0,94799,180826.0,76130.0,13,76140.0,37,76150.0,66,76160.0,31,76170.0,5,76180.0,23,76190.0,25,76200.0,88,76210.0,25,76220.0,13,76170.0
cu2409,,13:41:10.0#,76120.0,76610.0,76080.0,82310.0,71540.0,94799,180826.0,76130.0,13,76140.0,37,76150.0,66,76160.0,31,76170.0,3,76180.0,10,76190.0,24,76200.0,88,76210.0,25,76220.0,13,76170.0
cu2409,,13:41:11.0#,76120.0,76610.0,76080.0,82310.0,71540.0,94801,180828.0,76130.0,13,76140.0,37,76150.0,66,76160.0,41,76170.0,15,76180.0,14,76190.0,24,76200.0,88,76210.0,25,76220.0,13,76170.0
cu2409,,13:41:11.500#,76120.0,76610.0,76080.0,82310.0,71540.0,94802,180829.0,76130.0,13,76140.0,37,76150.0,66,76160.0,41,76170.0,16,76180.0,14,76190.0,24,76200.0,88,76210.0,25,76220.0,13,76170.0
cu2409,,13:41:13.0#,76120.0,76610.0,76080.0,82310.0,71540.0,94816,180834.0,76130.0,13,76140.0,37,76150.0,66,76160.0,41,76170.0,8,76180.0,8,76190.0,24,76200.0,88,76210.0,25,76220.0,13,76170.0
cu2409,,13:41:13.500#,76120.0,76610.0,76080.0,82310.0,71540.0,94816,180834.0,76130.0,13,76140.0,37,76150.0,66,76160.0,41,76170.0,9,76180.0,17,76190.0,24,76200.0,88,76210.0,25,76220.0,13,76170.0
cu2409,,13:41:14.0#,76120.0,76610.0,76080.0,82310.0,71540.0,94818,180836.0,76130.0,13,76140.0,37,76150.0,66,76160.0,42,76170.0,7,76180.0,17,76190.0,24,76200.0,88,76210.0,25,76220.0,13,76170.0
cu2409,,13:41:14.500#,76120.0,76610.0,76080.0,82310.0,71540.0,94820,180837.0,76130.0,13,76140.0,37,76150.0,66,76160.0,42,76170.0,5,76180.0,19,76190.0,24,76200.0,88,76210.0,25,76220.0,13,76170.0
cu2409,,13:41:15.0#,76120.0,76610.0,76080.0,82310.0,71540.0,94825,180838.0,76130.0,13,76140.0,37,76150.0,66,76160.0,42,76170.0,3,76180.0,21,76190.0,24,76200.0,88,76210.0,25,76220.0,13,76170.0
cu2409,,13:41:15.500#,76120.0,76610.0,76080.0,82310.0,71540.0,94829,180841.0,76120.0,37,76130.0,13,76140.0,37,76150.0,66,76160.0,41,76170.0,5,76180.0,19,76190.0,24,76200.0,88,76210.0,25,76160.0
cu2409,,13:41:16.0#,76120.0,76610.0,76080.0,82310.0,71540.0,94830,180841.0,76120.0,37,76130.0,13,76140.0,37,76150.0,66,76160.0,40,76170.0,13,76180.0,18,76190.0,24,76200.0,88,76210.0,25,76160.0
cu2409,,13:41:16.500#,76120.0,76610.0,76080.0,82310.0,71540.0,94830,180841.0,76120.0,37,76130.0,13,76140.0,37,76150.0,66,76160.0,40,76170.0,5,76180.0,19,76190.0,24,76200.0,88,76210.0,25,76160.0
cu2409,,13:41:17.0#,76120.0,76610.0,76080.0,82310.0,71540.0,94830,180841.0,76120.0,37,76130.0,13,76140.0,37,76150.0,66,76160.0,40,76170.0,5,76180.0,19,76190.0,24,76200.0,88,76210.0,25,76160.0
cu2409,,13:41:18.0#,76120.0,76610.0,76080.0,82310.0,71540.0,94834,180843.0,76120.0,36,76130.0,13,76140.0,37,76150.0,66,76160.0,41,76170.0,4,76180.0,19,76190.0,24,76200.0,88,76210.0,25,76170.0
cu2409,,13:41:18.500#,76120.0,76610.0,76080.0,82310.0,71540.0,94838,180844.0,76120.0,36,76130.0,13,76140.0,37,76150.0,66,76160.0,41,76180.0,19,76190.0,24,76200.0,88,76210.0,25,76220.0,13,76170.0
cu2409,,13:41:19.0#,76120.0,76610.0,76080.0,82310.0,71540.0,94838,180844.0,76130.0,13,76140.0,37,76150.0,66,76160.0,41,76170.0,1,76180.0,19,76190.0,24,76200.0,88,76210.0,25,76220.0,13,76170.0
cu2409,,13:41:19.500#,76120.0,76610.0,76080.0,82310.0,71540.0,94839,180845.0,76120.0,36,76130.0,13,76140.0,37,76150.0,66,76160.0,41,76180.0,18,76190.0,24,76200.0,88,76210.0,25,76220.0,13,76170.0
cu2409,,13:41:20.0#,76120.0,76610.0,76080.0,82310.0,71540.0,94840,180844.0,76120.0,37,76130.0,13,76140.0,37,76150.0,66,76160.0,39,76180.0,18,76190.0,24,76200.0,88,76210.0,25,76220.0,13,76160.0
cu2409,,13:41:20.500#,76120.0,76610.0,76080.0,82310.0,71540.0,94840,180844.0,76130.0,13,76140.0,37,76150.0,66,76160.0,39,76170.0,1,76180.0,20,76190.0,24,76200.0,88,76210.0,25,76220.0,13,76160.0
cu2409,,13:41:21.0#,76120.0,76610.0,76080.0,82310.0,71540.0,94841,180845.0,76120.0,37,76130.0,13,76140.0,37,76150.0,66,76160.0,39,76170.0,1,76180.0,18,76190.0,24,76200.0,88,76210.0,25,76170.0
cu2409,,13:41:21.500#,76120.0,76610.0,76080.0,82310.0,71540.0,94842,180846.0,76120.0,37,76130.0,13,76140.0,37,76150.0,66,76160.0,39,76170.0,1,76180.0,17,76190.0,24,76200.0,88,76210.0,25,76170.0
cu2409,,13:41:22.0#,76120.0,76610.0,76080.0,82310.0,71540.0,94843,180846.0,76120.0,37,76130.0,13,76140.0,37,76150.0,66,76160.0,38,76170.0,2,76180.0,17,76190.0,24,76200.0,88,76210.0,25,76160.0
cu2409,,13:41:22.500#,76120.0,76610.0,76080.0,82310.0,71540.0,94843,180846.0,76120.0,37,76130.0,13,76140.0,37,76150.0,66,76160.0,39,76170.0,2,76180.0,17,76190.0,24,76200.0,88,76210.0,25,76160.0
cu2409,,13:41:23.0#,76120.0,76610.0,76080.0,82310.0,71540.0,94845,180847.0,76120.0,37,76130.0,13,76140.0,37,76150.0,66,76160.0,38,76170.0,1,76180.0,17,76190.0,24,76200.0,88,76210.0,25,76170.0
cu2409,,13:41:23.500#,76120.0,76610.0,76080.0,82310.0,71540.0,94846,180847.0,76120.0,37,76130.0,13,76140.0,37,76150.0,66,76160.0,37,76170.0,1,76180.0,17,76190.0,24,76200.0,88,76210.0,25,76160.0
cu2409,,13:41:24.0#,76120.0,76610.0,76080.0,82310.0,71540.0,94847,180846.0,76120.0,37,76130.0,13,76140.0,37,76150.0,66,76160.0,37,76180.0,17,76190.0,24,76200.0,88,76210.0,25,76220.0,13,76170.0
cu2409,,13:41:24.500#,76120.0,76610.0,76080.0,82310.0,71540.0,94847,180846.0,76120.0,37,76130.0,13,76140.0,37,76150.0,64,76160.0,37,76180.0,17,76190.0,24,76200.0,88,76210.0,25,76220.0,13,76170.0
cu2409,,13:41:25.0#,76120.0,76610.0,76080.0,82310.0,71540.0,94848,180847.0,76120.0,37,76130.0,13,76140.0,37,76150.0,64,76160.0,37,76170.0,5,76180.0,24,76190.0,24,76200.0,88,76210.0,25,76180.0
cu2409,,13:41:25.500#,76120.0,76610.0,76080.0,82310.0,71540.0,94848,180847.0,76120.0,37,76130.0,13,76140.0,37,76150.0,64,76160.0,38,76180.0,24,76190.0,24,76200.0,88,76210.0,25,76220.0,13,76180.0
cu2409,,13:41:26.0#,76120.0,76610.0,76080.0,82310.0,71540.0,94849,180846.0,76130.0,13,76140.0,37,76150.0,64,76160.0,37,76170.0,1,76180.0,25,76190.0,24,76200.0,88,76210.0,25,76220.0,13,76160.0
cu2409,,13:41:26.500#,76120.0,76610.0,76080.0,82310.0,71540.0,94851,180847.0,76130.0,13,76140.0,37,76150.0,64,76160.0,36,76170.0,3,76180.0,25,76190.0,24,76200.0,89,76210.0,25,76220.0,13,76160.0
cu2409,,13:41:27.500#,76120.0,76610.0,76080.0,82310.0,71540.0,94852,180848.0,76130.0,13,76140.0,37,76150.0,64,76160.0,35,76170.0,3,76180.0,24,76190.0,24,76200.0,89,76210.0,25,76220.0,13,76180.0
cu2409,,13:41:28.0#,76120.0,76610.0,76080.0,82310.0,71540.0,94852,180848.0,76130.0,13,76140.0,37,76150.0,64,76160.0,35,76170.0,4,76180.0,20,76190.0,24,76200.0,89,76210.0,25,76220.0,13,76180.0
cu2409,,13:41:28.500#,76120.0,76610.0,76080.0,82310.0,71540.0,94852,180848.0,76130.0,13,76140.0,37,76150.0,64,76160.0,35,76170.0,4,76180.0,24,76190.0,24,76200.0,89,76210.0,25,76220.0,13,76180.0
cu2409,,13:41:29.500#,76120.0,76610.0,76080.0,82310.0,71540.0,94853,180849.0,76130.0,13,76140.0,37,76150.0,64,76160.0,35,76170.0,4,76180.0,19,76190.0,24,76200.0,89,76210.0,25,76220.0,13,76170.0
cu2409,,13:41:30.0#,76120.0,76610.0,76080.0,82310.0,71540.0,94853,180849.0,76130.0,12,76140.0,37,76150.0,64,76160.0,35,76170.0,5,76180.0,19,76190.0,24,76200.0,89,76210.0,24,76220.0,13,76170.0
cu2409,,13:41:31.0#,76120.0,76610.0,76080.0,82310.0,71540.0,94857,180852.0,76130.0,12,76140.0,37,76150.0,64,76160.0,35,76170.0,1,76180.0,39,76190.0,24,76200.0,89,76210.0,24,76220.0,13,76170.0
cu2409,,13:41:31.500#,76120.0,76610.0,76080.0,82310.0,71540.0,94861,180853.0,76120.0,37,76130.0,13,76140.0,37,76150.0,64,76160.0,33,76180.0,41,76190.0,24,76200.0,89,76210.0,24,76220.0,13,76170.0
cu2409,,13:41:32.0#,76120.0,76610.0,76080.0,82310.0,71540.0,94861,180853.0,76120.0,37,76130.0,13,76140.0,37,76150.0,64,76160.0,33,76170.0,2,76180.0,41,76190.0,24,76200.0,89,76210.0,24,76170.0
cu2409,,13:41:32.500#,76120.0,76610.0,76080.0,82310.0,71540.0,94861,180853.0,76120.0,37,76130.0,13,76140.0,37,76150.0,64,76160.0,33,76170.0,10,76180.0,41,76190.0,24,76200.0,89,76210.0,24,76170.0
cu2409,,13:41:33.0#,76120.0,76610.0,76080.0,82310.0,71540.0,94861,180853.0,76120.0,37,76130.0,13,76140.0,37,76150.0,64,76160.0,33,76170.0,10,76180.0,43,76190.0,24,76200.0,89,76210.0,25,76170.0
cu2409,,13:41:33.500#,76120.0,76610.0,76080.0,82310.0,71540.0,94861,180853.0,76120.0,37,76130.0,13,76140.0,37,76150.0,64,76160.0,34,76170.0,10,76180.0,43,76190.0,24,76200.0,89,76210.0,25,76170.0
cu2409,,13:41:34.0#,76120.0,76610.0,76080.0,82310.0,71540.0,94861,180853.0,76120.0,37,76130.0,13,76140.0,37,76150.0,64,76160.0,34,76170.0,11,76180.0,44,76190.0,24,76200.0,89,76210.0,25,76170.0
cu2409,,13:41:34.500#,76120.0,76610.0,76080.0,82310.0,71540.0,94862,180854.0,76120.0,37,76130.0,13,76140.0,37,76150.0,64,76160.0,34,76170.0,10,76180.0,44,76190.0,24,76200.0,89,76210.0,25,76170.0
cu2409,,13:41:35.0#,76120.0,76610.0,76080.0,82310.0,71540.0,94866,180858.0,76120.0,37,76130.0,13,76140.0,37,76150.0,64,76160.0,36,76170.0,6,76180.0,44,76190.0,24,76200.0,89,76210.0,25,76170.0
cu2409,,13:41:35.500#,76120.0,76610.0,76080.0,82310.0,71540.0,94867,180859.0,76120.0,37,76130.0,13,76140.0,37,76150.0,64,76160.0,35,76180.0,44,76190.0,24,76200.0,89,76210.0,25,76220.0,8,76170.0
cu2409,,13:41:36.0#,76120.0,76610.0,76080.0,82310.0,71540.0,94867,180859.0,76120.0,37,76130.0,13,76140.0,37,76150.0,64,76160.0,33,76170.0,6,76180.0,44,76190.0,24,76200.0,89,76210.0,25,76170.0
cu2409,,13:41:36.500#,76120.0,76610.0,76080.0,82310.0,71540.0,94867,180859.0,76120.0,37,76130.0,13,76140.0,37,76150.0,64,76160.0,33,76170.0,12,76180.0,51,76190.0,24,76200.0,89,76210.0,25,76170.0
cu2409,,13:41:37.0#,76120.0,76610.0,76080.0,82310.0,71540.0,94867,180859.0,76120.0,37,76130.0,13,76140.0,37,76150.0,64,76160.0,33,76170.0,20,76180.0,51,76190.0,21,76200.0,89,76210.0,25,76170.0
cu2409,,13:41:37.500#,76120.0,76610.0,76080.0,82310.0,71540.0,94869,180859.0,76120.0,37,76130.0,13,76140.0,37,76150.0,67,76160.0,32,76170.0,19,76180.0,52,76190.0,21,76200.0,89,76210.0,25,76160.0
cu2409,,13:41:38.0#,76120.0,76610.0,76080.0,82310.0,71540.0,94872,180859.0,76120.0,37,76130.0,13,76140.0,37,76150.0,67,76160.0,31,76170.0,13,76180.0,52,76190.0,21,76200.0,89,76210.0,25,76170.0
cu2409,,13:41:38.500#,76120.0,76610.0,76080.0,82310.0,71540.0,94877,180859.0,76120.0,37,76130.0,13,76140.0,37,76150.0,68,76160.0,26,76170.0,1,76180.0,52,76190.0,19,76200.0,89,76210.0,25,76160.0
cu2409,,13:41:39.0#,76120.0,76610.0,76080.0,82310.0,71540.0,94877,180859.0,76120.0,37,76130.0,13,76140.0,37,76150.0,68,76160.0,26,76170.0,17,76180.0,52,76190.0,19,76200.0,89,76210.0,25,76160.0
cu2409,,13:41:39.500#,76120.0,76610.0,76080.0,82310.0,71540.0,94877,180859.0,76120.0,37,76130.0,13,76140.0,37,76150.0,68,76160.0,26,76170.0,21,76180.0,52,76190.0,19,76200.0,89,76210.0,25,76160.0
cu2409,,13:41:40.0#,76120.0,76610.0,76080.0,82310.0,71540.0,94877,180859.0,76120.0,37,76130.0,13,76140.0,37,76150.0,68,76160.0,31,76170.0,20,76180.0,52,76190.0,19,76200.0,89,76210.0,25,76160.0
cu2409,,13:41:40.500#,76120.0,76610.0,76080.0,82310.0,71540.0,94877,180859.0,76120.0,37,76130.0,13,76140.0,37,76150.0,68,76160.0,31,76170.0,13,76180.0,52,76190.0,19,76200.0,89,76210.0,25,76160.0
cu2409,,13:41:41.0#,76120.0,76610.0,76080.0,82310.0,71540.0,94877,180859.0,76120.0,37,76130.0,13,76140.0,37,76150.0,69,76160.0,31,76170.0,5,76180.0,52,76190.0,19,76200.0,89,76210.0,25,76160.0
cu2409,,13:41:41.500#,76120.0,76610.0,76080.0,82310.0,71540.0,94879,180859.0,76120.0,37,76130.0,13,76140.0,37,76150.0,69,76160.0,30,76170.0,5,76180.0,52,76190.0,19,76200.0,89,76210.0,25,76160.0
cu2409,,13:41:42.0#,76120.0,76610.0,76080.0,82310.0,71540.0,94880,180859.0,76120.0,37,76130.0,13,76140.0,37,76150.0,69,76160.0,29,76170.0,5,76180.0,52,76190.0,19,76200.0,89,76210.0,25,76160.0
cu2409,,13:41:42.500#,76120.0,76610.0,76080.0,82310.0,71540.0,94883,180858.0,76120.0,37,76130.0,13,76140.0,37,76150.0,69,76160.0,29,76170.0,3,76180.0,45,76190.0,19,76200.0,89,76210.0,25,76170.0
cu2409,,13:41:43.0#,76120.0,76610.0,76080.0,82310.0,71540.0,94883,180858.0,76120.0,37,76130.0,13,76140.0,37,76150.0,69,76160.0,29,76170.0,6,76180.0,45,76190.0,19,76200.0,89,76210.0,25,76170.0
cu2409,,13:41:43.500#,76120.0,76610.0,76080.0,82310.0,71540.0,94885,180859.0,76120.0,37,76130.0,13,76140.0,38,76150.0,69,76160.0,28,76170.0,5,76180.0,45,76190.0,19,76200.0,89,76210.0,25,76170.0
cu2409,,13:41:45.0#,76120.0,76610.0,76080.0,82310.0,71540.0,94895,180857.0,76120.0,37,76130.0,13,76140.0,38,76150.0,69,76160.0,33,76170.0,5,76180.0,45,76190.0,19,76200.0,89,76210.0,25,76170.0
cu2409,,13:41:45.500#,76120.0,76610.0,76080.0,82310.0,71540.0,94895,180857.0,76120.0,37,76130.0,13,76140.0,38,76150.0,69,76160.0,34,76170.0,5,76180.0,45,76190.0,19,76200.0,89,76210.0,24,76170.0
cu2409,,13:41:46.0#,76120.0,76610.0,76080.0,82310.0,71540.0,94895,180857.0,76120.0,37,76130.0,13,76140.0,38,76150.0,69,76160.0,34,76170.0,5,76180.0,45,76190.0,19,76200.0,89,76210.0,24,76170.0
cu2409,,13:41:46.500#,76120.0,76610.0,76080.0,82310.0,71540.0,94901,180862.0,76120.0,37,76130.0,13,76140.0,38,76150.0,69,76160.0,28,76170.0,7,76180.0,45,76190.0,19,76200.0,89,76210.0,24,76160.0
cu2409,,13:41:47.0#,76120.0,76610.0,76080.0,82310.0,71540.0,94902,180863.0,76120.0,37,76130.0,13,76140.0,38,76150.0,69,76160.0,22,76170.0,12,76180.0,45,76190.0,19,76200.0,89,76210.0,24,76160.0
cu2409,,13:41:47.500#,76120.0,76610.0,76080.0,82310.0,71540.0,94903,180864.0,76120.0,37,76130.0,13,76140.0,38,76150.0,69,76160.0,21,76170.0,13,76180.0,45,76190.0,19,76200.0,89,76210.0,24,76170.0
cu2409,,13:41:48.0#,76120.0,76610.0,76080.0,82310.0,71540.0,94903,180864.0,76120.0,37,76130.0,13,76140.0,38,76150.0,69,76160.0,21,76170.0,13,76180.0,45,76190.0,19,76200.0,90,76210.0,24,76170.0
cu2409,,13:41:48.500#,76120.0,76610.0,76080.0,82310.0,71540.0,94905,180865.0,76120.0,37,76130.0,13,76140.0,38,76150.0,69,76160.0,21,76170.0,10,76180.0,45,76190.0,19,76200.0,90,76210.0,24,76170.0
cu2409,,13:41:49.0#,76120.0,76610.0,76080.0,82310.0,71540.0,94905,180865.0,76120.0,37,76130.0,13,76140.0,38,76150.0,70,76160.0,21,76170.0,7,76180.0,45,76190.0,19,76200.0,90,76210.0,24,76170.0
cu2409,,13:41:49.500#,76120.0,76610.0,76080.0,82310.0,71540.0,94906,180866.0,76120.0,37,76130.0,13,76140.0,38,76150.0,70,76160.0,21,76170.0,7,76180.0,45,76190.0,19,76200.0,90,76210.0,24,76160.0
cu2409,,13:41:50.0#,76120.0,76610.0,76080.0,82310.0,71540.0,94906,180866.0,76120.0,37,76130.0,13,76140.0,38,76150.0,70,76160.0,21,76170.0,7,76180.0,45,76190.0,19,76200.0,90,76210.0,24,76160.0
cu2409,,13:41:50.500#,76120.0,76610.0,76080.0,82310.0,71540.0,94906,180866.0,76120.0,37,76130.0,13,76140.0,38,76150.0,70,76160.0,21,76170.0,7,76180.0,45,76190.0,19,76200.0,90,76210.0,24,76160.0
cu2409,,13:41:51.500#,76120.0,76610.0,76080.0,82310.0,71540.0,94907,180867.0,76120.0,37,76130.0,13,76140.0,38,76150.0,72,76160.0,20,76170.0,6,76180.0,45,76190.0,19,76200.0,90,76210.0,24,76170.0
cu2409,,13:41:52.0#,76120.0,76610.0,76080.0,82310.0,71540.0,94908,180868.0,76120.0,37,76130.0,13,76140.0,38,76150.0,72,76160.0,19,76170.0,6,76180.0,45,76190.0,19,76200.0,90,76210.0,24,76160.0
cu2409,,13:41:52.500#,76120.0,76610.0,76080.0,82310.0,71540.0,94908,180868.0,76120.0,37,76130.0,13,76140.0,38,76150.0,72,76160.0,19,76170.0,18,76180.0,45,76190.0,19,76200.0,90,76210.0,24,76160.0
cu2409,,13:41:53.500#,76120.0,76610.0,76080.0,82310.0,71540.0,94908,180868.0,76120.0,38,76130.0,13,76140.0,37,76150.0,72,76160.0,20,76170.0,18,76180.0,45,76190.0,19,76200.0,90,76210.0,24,76160.0
cu2409,,13:41:54.0#,76120.0,76610.0,76080.0,82310.0,71540.0,94908,180868.0,76120.0,38,76130.0,13,76140.0,37,76150.0,71,76160.0,20,76170.0,22,76180.0,46,76190.0,19,76200.0,90,76210.0,24,76160.0
cu2409,,13:41:54.500#,76120.0,76610.0,76080.0,82310.0,71540.0,94908,180868.0,76120.0,38,76130.0,13,76140.0,37,76150.0,71,76160.0,20,76170.0,18,76180.0,46,76190.0,19,76200.0,90,76210.0,24,76160.0
cu2409,,13:41:55.0#,76120.0,76610.0,76080.0,82310.0,71540.0,94909,180869.0,76120.0,38,76130.0,13,76140.0,37,76150.0,71,76160.0,20,76170.0,18,76180.0,46,76190.0,19,76200.0,90,76210.0,24,76160.0
cu2409,,13:41:55.500#,76120.0,76610.0,76080.0,82310.0,71540.0,94910,180870.0,76120.0,39,76130.0,13,76140.0,37,76150.0,71,76160.0,19,76170.0,17,76180.0,46,76190.0,19,76200.0,90,76210.0,24,76170.0
cu2409,,13:41:56.0#,76120.0,76610.0,76080.0,82310.0,71540.0,94915,180875.0,76120.0,39,76130.0,13,76140.0,37,76150.0,71,76160.0,14,76170.0,5,76180.0,46,76190.0,19,76200.0,90,76210.0,24,76160.0
cu2409,,13:41:56.500#,76120.0,76610.0,76080.0,82310.0,71540.0,94919,180879.0,76120.0,39,76130.0,13,76140.0,37,76150.0,71,76160.0,12,76170.0,8,76180.0,46,76190.0,19,76200.0,90,76210.0,24,76160.0
cu2409,,13:41:57.0#,76120.0,76610.0,76080.0,82310.0,71540.0,94919,180879.0,76120.0,39,76130.0,13,76140.0,37,76150.0,71,76160.0,12,76170.0,21,76180.0,46,76190.0,19,76200.0,90,76210.0,24,76160.0
cu2409,,13:41:57.500#,76120.0,76610.0,76080.0,82310.0,71540.0,94920,180880.0,76120.0,39,76130.0,13,76140.0,37,76150.0,71,76160.0,9,76170.0,22,76180.0,46,76190.0,18,76200.0,90,76210.0,24,76160.0
cu2409,,13:41:58.0#,76120.0,76610.0,76080.0,82310.0,71540.0,94920,180880.0,76120.0,40,76130.0,13,76140.0,37,76150.0,71,76160.0,9,76170.0,22,76180.0,47,76190.0,18,76200.0,90,76210.0,24,76160.0
cu2409,,13:41:58.500#,76120.0,76610.0,76080.0,82310.0,71540.0,94920,180880.0,76120.0,40,76130.0,13,76140.0,37,76150.0,72,76160.0,9,76170.0,22,76180.0,47,76190.0,18,76200.0,90,76210.0,24,76160.0
cu2409,,13:41:59.0#,76120.0,76610.0,76080.0,82310.0,71540.0,94920,180880.0,76120.0,40,76130.0,13,76140.0,37,76150.0,72,76160.0,10,76170.0,22,76180.0,47,76190.0,18,76200.0,90,76210.0,24,76160.0
cu2409,,13:41:59.500#,76120.0,76610.0,76080.0,82310.0,71540.0,94925,180885.0,76120.0,40,76130.0,13,76140.0,36,76150.0,72,76160.0,5,76170.0,10,76180.0,47,76190.0,18,76200.0,90,76210.0,24,76160.0
cu2409,,13:42:00.0#,76120.0,76610.0,76080.0,82310.0,71540.0,94925,180885.0,76120.0,40,76130.0,13,76140.0,36,76150.0,72,76160.0,4,76170.0,10,76180.0,47,76190.0,18,76200.0,90,76210.0,24,76160.0
cu2409,,13:42:00.500#,76120.0,76610.0,76080.0,82310.0,71540.0,94926,180886.0,76120.0,40,76130.0,13,76140.0,36,76150.0,72,76160.0,5,76170.0,10,76180.0,47,76190.0,18,76200.0,90,76210.0,24,76160.0
cu2409,,13:42:01.0#,76120.0,76610.0,76080.0,82310.0,71540.0,94927,180887.0,76120.0,40,76130.0,13,76140.0,36,76150.0,71,76160.0,10,76170.0,8,76180.0,47,76190.0,18,76200.0,90,76210.0,26,76170.0
cu2409,,13:42:01.500#,76120.0,76610.0,76080.0,82310.0,71540.0,94928,180888.0,76120.0,40,76130.0,14,76140.0,36,76150.0,71,76160.0,9,76170.0,12,76180.0,47,76190.0,18,76200.0,90,76210.0,26,76160.0
cu2409,,13:42:02.0#,76120.0,76610.0,76080.0,82310.0,71540.0,94928,180888.0,76120.0,40,76130.0,14,76140.0,36,76150.0,71,76160.0,9,76170.0,16,76180.0,47,76190.0,18,76200.0,90,76210.0,26,76160.0
cu2409,,13:42:02.500#,76120.0,76610.0,76080.0,82310.0,71540.0,94928,180888.0,76120.0,40,76130.0,14,76140.0,36,76150.0,71,76160.0,9,76170.0,15,76180.0,47,76190.0,18,76200.0,90,76210.0,26,76160.0
cu2409,,13:42:03.500#,76120.0,76610.0,76080.0,82310.0,71540.0,94928,180888.0,76120.0,41,76130.0,14,76140.0,36,76150.0,70,76160.0,9,76170.0,15,76180.0,47,76190.0,18,76200.0,90,76210.0,26,76160.0
cu2409,,13:42:04.0#,76120.0,76610.0,76080.0,82310.0,71540.0,94932,180889.0,76120.0,41,76130.0,14,76140.0,36,76150.0,70,76160.0,5,76170.0,12,76180.0,47,76190.0,18,76200.0,90,76210.0,26,76160.0
cu2409,,13:42:04.500#,76120.0,76610.0,76080.0,82310.0,71540.0,94932,180889.0,76120.0,41,76130.0,14,76140.0,36,76150.0,70,76160.0,5,76170.0,16,76180.0,47,76190.0,18,76200.0,90,76210.0,26,76160.0
cu2409,,13:42:05.0#,76120.0,76610.0,76080.0,82310.0,71540.0,94932,180889.0,76120.0,41,76130.0,14,76140.0,36,76150.0,70,76160.0,5,76170.0,15,76180.0,47,76190.0,18,76200.0,90,76210.0,26,76160.0
cu2409,,13:42:05.500#,76120.0,76610.0,76080.0,82310.0,71540.0,94932,180889.0,76120.0,41,76130.0,14,76140.0,36,76150.0,70,76160.0,5,76170.0,15,76180.0,47,76190.0,18,76200.0,90,76210.0,26,76160.0
cu2409,,13:42:06.0#,76120.0,76610.0,76080.0,82310.0,71540.0,94932,180889.0,76120.0,41,76130.0,14,76140.0,36,76150.0,70,76160.0,5,76170.0,15,76180.0,47,76190.0,18,76200.0,90,76210.0,26,76160.0
cu2409,,13:42:06.500#,76120.0,76610.0,76080.0,82310.0,71540.0,94932,180889.0,76120.0,41,76130.0,14,76140.0,36,76150.0,70,76160.0,5,76170.0,15,76180.0,46,76190.0,18,76200.0,90,76210.0,26,76160.0
cu2409,,13:42:07.0#,76120.0,76610.0,76080.0,82310.0,71540.0,94932,180889.0,76120.0,41,76130.0,13,76140.0,36,76150.0,70,76160.0,5,76170.0,15,76180.0,46,76190.0,18,76200.0,90,76210.0,26,76160.0
cu2409,,13:42:07.500#,76120.0,76610.0,76080.0,82310.0,71540.0,94933,180889.0,76120.0,42,76130.0,13,76140.0,36,76150.0,70,76160.0,6,76170.0,14,76180.0,46,76190.0,18,76200.0,90,76210.0,26,76170.0
cu2409,,13:42:08.0#,76120.0,76610.0,76080.0,82310.0,71540.0,94933,180889.0,76120.0,42,76130.0,13,76140.0,36,76150.0,70,76160.0,5,76170.0,6,76180.0,46,76190.0,18,76200.0,90,76210.0,26,76170.0
cu2409,,13:42:08.500#,76120.0,76610.0,76080.0,82310.0,71540.0,94940,180890.0,76110.0,41,76120.0,42,76130.0,13,76140.0,36,76150.0,70,76160.0,3,76170.0,18,76180.0,46,76190.0,18,76200.0,90,76160.0
cu2409,,13:42:09.0#,76120.0,76610.0,76080.0,82310.0,71540.0,94943,180893.0,76120.0,43,76130.0,14,76140.0,36,76150.0,72,76160.0,2,76170.0,18,76180.0,47,76190.0,19,76200.0,90,76210.0,26,76160.0
cu2409,,13:42:09.500#,76120.0,76610.0,76080.0,82310.0,71540.0,94943,180893.0,76120.0,44,76130.0,14,76140.0,36,76150.0,70,76160.0,2,76170.0,18,76180.0,47,76190.0,19,76200.0,90,76210.0,26,76160.0
cu2409,,13:42:12.0#,76120.0,76610.0,76080.0,82310.0,71540.0,94945,180894.0,76110.0,41,76120.0,44,76130.0,13,76140.0,39,76150.0,72,76170.0,21,76180.0,147,76190.0,19,76200.0,90,76210.0,26,76160.0
cu2409,,13:42:12.500#,76120.0,76610.0,76080.0,82310.0,71540.0,94945,180894.0,76110.0,42,76120.0,44,76130.0,12,76140.0,39,76150.0,72,76170.0,21,76180.0,147,76190.0,19,76200.0,90,76210.0,26,76160.0
cu2409,,13:42:13.500#,76120.0,76610.0,76080.0,82310.0,71540.0,94946,180893.0,76110.0,42,76120.0,44,76130.0,12,76140.0,39,76150.0,72,76160.0,5,76170.0,20,76180.0,147,76190.0,19,76200.0,191,76170.0
cu2409,,13:42:14.0#,76120.0,76610.0,76080.0,82310.0,71540.0,94946,180893.0,76120.0,44,76130.0,12,76140.0,37,76150.0,72,76160.0,1,76170.0,19,76180.0,147,76190.0,19,76200.0,191,76210.0,26,76170.0
cu2409,,13:42:14.500#,76120.0,76610.0,76080.0,82310.0,71540.0,94949,180895.0,76120.0,44,76130.0,12,76140.0,38,76150.0,70,76160.0,1,76170.0,16,76180.0,147,76190.0,19,76200.0,191,76210.0,26,76170.0
cu2409,,13:42:15.500#,76120.0,76610.0,76080.0,82310.0,71540.0,94949,180895.0,76120.0,44,76130.0,12,76140.0,39,76150.0,70,76160.0,5,76170.0,12,76180.0,147,76190.0,19,76200.0,191,76210.0,26,76170.0
cu2409,,13:42:16.0#,76120.0,76610.0,76080.0,82310.0,71540.0,94949,180895.0,76120.0,44,76130.0,12,76140.0,39,76150.0,70,76160.0,5,76170.0,11,76180.0,147,76190.0,19,76200.0,191,76210.0,26,76170.0
cu2409,,13:42:16.500#,76120.0,76610.0,76080.0,82310.0,71540.0,94949,180895.0,76120.0,44,76130.0,12,76140.0,39,76150.0,70,76160.0,5,76170.0,12,76180.0,147,76190.0,19,76200.0,191,76210.0,26,76170.0
cu2409,,13:42:17.0#,76120.0,76610.0,76080.0,82310.0,71540.0,94949,180895.0,76120.0,44,76130.0,12,76140.0,39,76150.0,70,76160.0,5,76170.0,12,76180.0,147,76190.0,19,76200.0,191,76210.0,26,76170.0
cu2409,,13:42:17.500#,76120.0,76610.0,76080.0,82310.0,71540.0,94949,180895.0,76120.0,44,76130.0,12,76140.0,39,76150.0,70,76160.0,18,76170.0,4,76180.0,147,76190.0,19,76200.0,191,76210.0,26,76170.0
cu2409,,13:42:18.0#,76120.0,76610.0,76080.0,82310.0,71540.0,94962,180907.0,76120.0,44,76130.0,12,76140.0,39,76150.0,70,76160.0,13,76180.0,145,76190.0,19,76200.0,191,76210.0,26,76220.0,110,76160.0
cu2409,,13:42:19.0#,76120.0,76610.0,76080.0,82310.0,71540.0,94975,180909.0,76120.0,44,76130.0,12,76140.0,46,76150.0,71,76160.0,29,76180.0,145,76190.0,19,76200.0,191,76210.0,26,76220.0,109,76160.0
cu2409,,13:42:19.500#,76120.0,76610.0,76080.0,82310.0,71540.0,94975,180909.0,76130.0,12,76140.0,47,76150.0,69,76160.0,25,76170.0,1,76180.0,145,76190.0,19,76200.0,189,76210.0,26,76220.0,109,76160.0
cu2409,,13:42:22.0#,76120.0,76610.0,76080.0,82310.0,71540.0,94980,180912.0,76120.0,44,76130.0,12,76140.0,50,76150.0,69,76160.0,20,76180.0,140,76190.0,19,76200.0,189,76210.0,26,76220.0,108,76180.0
cu2409,,13:42:23.0#,76120.0,76610.0,76080.0,82310.0,71540.0,94987,180914.0,76130.0,12,76140.0,52,76150.0,69,76160.0,21,76170.0,22,76180.0,137,76190.0,14,76200.0,188,76210.0,26,76220.0,108,76170.0
cu2409,,13:42:23.500#,76120.0,76610.0,76080.0,82310.0,71540.0,94987,180914.0,76130.0,12,76140.0,50,76150.0,71,76160.0,18,76170.0,22,76180.0,137,76190.0,14,76200.0,188,76210.0,26,76220.0,108,76170.0
cu2409,,13:42:24.0#,76120.0,76610.0,76080.0,82310.0,71540.0,94988,180914.0,76130.0,12,76140.0,51,76150.0,71,76160.0,16,76170.0,22,76180.0,136,76190.0,14,76200.0,187,76210.0,25,76220.0,109,76180.0
cu2409,,13:42:24.500#,76120.0,76610.0,76080.0,82310.0,71540.0,94991,180914.0,76130.0,12,76140.0,51,76150.0,71,76160.0,18,76170.0,29,76180.0,136,76190.0,14,76200.0,187,76210.0,25,76220.0,109,76170.0
cu2409,,13:42:25.0#,76120.0,76610.0,76080.0,82310.0,71540.0,94991,180914.0,76130.0,12,76140.0,51,76150.0,71,76160.0,18,76170.0,27,76180.0,136,76190.0,14,76200.0,187,76210.0,25,76220.0,109,76170.0
cu2409,,13:42:25.500#,76120.0,76610.0,76080.0,82310.0,71540.0,94991,180914.0,76130.0,13,76140.0,51,76150.0,71,76160.0,18,76170.0,15,76180.0,136,76190.0,14,76200.0,187,76210.0,25,76220.0,109,76170.0
cu2409,,13:42:26.0#,76120.0,76610.0,76080.0,82310.0,71540.0,94991,180914.0,76130.0,13,76140.0,51,76150.0,71,76160.0,18,76170.0,12,76180.0,136,76190.0,14,76200.0,187,76210.0,25,76220.0,109,76170.0
cu2409,,13:42:26.500#,76120.0,76610.0,76080.0,82310.0,71540.0,94991,180914.0,76130.0,13,76140.0,51,76150.0,71,76160.0,16,76170.0,12,76180.0,136,76190.0,14,76200.0,187,76210.0,25,76220.0,109,76170.0
cu2409,,13:42:27.0#,76120.0,76610.0,76080.0,82310.0,71540.0,94991,180914.0,76130.0,13,76140.0,51,76150.0,71,76160.0,16,76170.0,10,76180.0,136,76190.0,14,76200.0,187,76210.0,25,76220.0,109,76170.0
cu2409,,13:42:30.500#,76120.0,76610.0,76080.0,82310.0,71540.0,94992,180914.0,76130.0,13,76140.0,49,76150.0,71,76160.0,16,76170.0,9,76180.0,131,76190.0,14,76200.0,212,76210.0,25,76220.0,109,76170.0
cu2409,,13:42:31.0#,76120.0,76610.0,76080.0,82310.0,71540.0,94992,180914.0,76130.0,13,76140.0,49,76150.0,71,76160.0,17,76170.0,9,76180.0,131,76190.0,14,76200.0,212,76210.0,25,76220.0,109,76170.0
cu2409,,13:42:31.500#,76120.0,76610.0,76080.0,82310.0,71540.0,94993,180914.0,76130.0,13,76140.0,49,76150.0,71,76160.0,17,76170.0,8,76180.0,131,76190.0,14,76200.0,212,76210.0,25,76220.0,109,76170.0
cu2409,,13:42:32.0#,76120.0,76610.0,76080.0,82310.0,71540.0,94993,180914.0,76130.0,13,76140.0,49,76150.0,71,76160.0,17,76170.0,16,76180.0,131,76190.0,14,76200.0,212,76210.0,25,76220.0,109,76170.0
cu2409,,13:42:32.500#,76120.0,76610.0,76080.0,82310.0,71540.0,95009,180922.0,76120.0,43,76130.0,13,76140.0,49,76150.0,71,76160.0,17,76170.0,105,76180.0,131,76190.0,14,76200.0,212,76210.0,25,76170.0
cu2409,,13:42:33.0#,76120.0,76610.0,76080.0,82310.0,71540.0,95037,180938.0,76120.0,44,76130.0,14,76140.0,50,76150.0,72,76160.0,21,76170.0,77,76180.0,133,76190.0,14,76200.0,212,76210.0,25,76170.0
cu2409,,13:42:33.500#,76120.0,76610.0,76080.0,82310.0,71540.0,95119,180954.0,76120.0,44,76130.0,14,76140.0,50,76150.0,72,76160.0,14,76180.0,133,76190.0,14,76200.0,212,76210.0,25,76220.0,109,76160.0
cu2409,,13:42:34.0#,76120.0,76610.0,76080.0,82310.0,71540.0,95125,180955.0,76130.0,14,76140.0,50,76150.0,73,76160.0,18,76170.0,21,76180.0,129,76190.0,14,76200.0,212,76210.0,25,76220.0,109,76180.0
cu2409,,13:42:34.500#,76120.0,76610.0,76080.0,82310.0,71540.0,95126,180955.0,76130.0,14,76140.0,50,76150.0,73,76160.0,19,76170.0,16,76180.0,127,76190.0,14,76200.0,212,76210.0,25,76220.0,109,76180.0
cu2409,,13:42:35.0#,76120.0,76610.0,76080.0,82310.0,71540.0,95128,180955.0,76130.0,16,76140.0,48,76150.0,73,76160.0,19,76170.0,6,76180.0,125,76190.0,14,76200.0,212,76210.0,25,76220.0,109,76180.0
cu2409,,13:42:35.500#,76120.0,76610.0,76080.0,82310.0,71540.0,95129,180955.0,76130.0,16,76140.0,43,76150.0,74,76160.0,19,76170.0,30,76180.0,124,76190.0,14,76200.0,212,76210.0,25,76220.0,110,76180.0
cu2409,,13:42:36.0#,76120.0,76610.0,76080.0,82310.0,71540.0,95132,180957.0,76130.0,16,76140.0,43,76150.0,75,76160.0,24,76170.0,29,76180.0,122,76190.0,14,76200.0,212,76210.0,22,76220.0,110,76170.0
cu2409,,13:42:36.500#,76120.0,76610.0,76080.0,82310.0,71540.0,95133,180958.0,76130.0,16,76140.0,43,76150.0,75,76160.0,24,76170.0,20,76180.0,121,76190.0,14,76200.0,212,76210.0,22,76220.0,110,76180.0
cu2409,,13:42:37.0#,76120.0,76610.0,76080.0,82310.0,71540.0,95134,180959.0,76130.0,16,76140.0,43,76150.0,75,76160.0,25,76170.0,4,76180.0,122,76190.0,14,76200.0,212,76210.0,22,76220.0,110,76180.0
cu2409,,13:42:37.500#,76120.0,76610.0,76080.0,82310.0,71540.0,95140,180959.0,76120.0,43,76130.0,16,76140.0,43,76150.0,75,76160.0,25,76170.0,1,76180.0,120,76190.0,14,76200.0,212,76210.0,22,76180.0
cu2409,,13:42:38.0#,76120.0,76610.0,76080.0,82310.0,71540.0,95141,180960.0,76130.0,16,76140.0,43,76150.0,73,76160.0,22,76170.0,2,76180.0,119,76190.0,14,76200.0,212,76210.0,22,76220.0,110,76180.0
cu2409,,13:42:38.500#,76120.0,76610.0,76080.0,82310.0,71540.0,95141,180960.0,76130.0,16,76140.0,43,76150.0,73,76160.0,20,76170.0,2,76180.0,119,76190.0,14,76200.0,212,76210.0,22,76220.0,110,76180.0
cu2409,,13:42:40.0#,76120.0,76610.0,76080.0,82310.0,71540.0,95143,180962.0,76120.0,43,76130.0,16,76140.0,43,76150.0,73,76160.0,20,76180.0,118,76190.0,14,76200.0,212,76210.0,23,76220.0,110,76180.0
cu2409,,13:42:40.500#,76120.0,76610.0,76080.0,82310.0,71540.0,95144,180963.0,76120.0,43,76130.0,16,76140.0,43,76150.0,75,76160.0,21,76170.0,8,76180.0,118,76190.0,14,76200.0,212,76210.0,23,76180.0
cu2409,,13:42:41.0#,76120.0,76610.0,76080.0,82310.0,71540.0,95153,180972.0,76130.0,16,76140.0,43,76150.0,75,76160.0,21,76170.0,9,76180.0,117,76190.0,14,76200.0,212,76210.0,23,76220.0,110,76180.0
cu2409,,13:42:41.500#,76120.0,76610.0,76080.0,82310.0,71540.0,95159,180978.0,76130.0,16,76140.0,43,76150.0,75,76160.0,15,76170.0,5,76180.0,116,76190.0,14,76200.0,212,76210.0,23,76220.0,110,76170.0
cu2409,,13:42:42.0#,76120.0,76610.0,76080.0,82310.0,71540.0,95165,180982.0,76120.0,43,76130.0,16,76140.0,43,76150.0,75,76160.0,14,76170.0,7,76180.0,116,76190.0,14,76200.0,212,76210.0,23,76160.0
cu2409,,13:42:42.500#,76120.0,76610.0,76080.0,82310.0,71540.0,95166,180983.0,76120.0,43,76130.0,16,76140.0,43,76150.0,75,76160.0,8,76170.0,7,76180.0,116,76190.0,14,76200.0,212,76210.0,23,76170.0
cu2409,,13:42:43.0#,76120.0,76610.0,76080.0,82310.0,71540.0,95174,180987.0,76120.0,43,76130.0,16,76140.0,43,76150.0,75,76160.0,3,76170.0,22,76180.0,116,76190.0,14,76200.0,212,76210.0,23,76160.0
cu2409,,13:42:43.500#,76120.0,76610.0,76080.0,82310.0,71540.0,95177,180990.0,76110.0,42,76120.0,43,76130.0,16,76140.0,42,76150.0,74,76170.0,21,76180.0,117,76190.0,14,76200.0,212,76210.0,23,76170.0
cu2409,,13:42:44.0#,76120.0,76610.0,76080.0,82310.0,71540.0,95180,180989.0,76110.0,42,76120.0,43,76130.0,16,76140.0,47,76150.0,75,76160.0,18,76170.0,29,76180.0,118,76190.0,14,76200.0,212,76170.0
cu2409,,13:42:44.500#,76120.0,76610.0,76080.0,82310.0,71540.0,95182,180987.0,76110.0,42,76120.0,43,76130.0,16,76140.0,48,76150.0,71,76160.0,12,76170.0,28,76180.0,118,76190.0,14,76200.0,212,76160.0
cu2409,,13:42:45.0#,76120.0,76610.0,76080.0,82310.0,71540.0,95247,181039.0,76110.0,42,76120.0,43,76130.0,16,76140.0,39,76150.0,6,76160.0,11,76170.0,28,76180.0,118,76190.0,14,76200.0,212,76150.0
cu2409,,13:42:45.500#,76120.0,76610.0,76080.0,82310.0,71540.0,95258,181042.0,76100.0,74,76110.0,42,76120.0,43,76130.0,16,76140.0,35,76150.0,5,76160.0,23,76170.0,29,76180.0,117,76190.0,14,76150.0
cu2409,,13:42:46.0#,76120.0,76610.0,76080.0,82310.0,71540.0,95269,181048.0,76110.0,42,76120.0,43,76130.0,16,76140.0,36,76150.0,2,76160.0,23,76170.0,30,76180.0,117,76190.0,15,76200.0,212,76160.0
cu2409,,13:42:46.500#,76120.0,76610.0,76080.0,82310.0,71540.0,95274,181053.0,76100.0,69,76110.0,43,76120.0,43,76130.0,16,76140.0,35,76150.0,5,76160.0,23,76170.0,30,76180.0,117,76190.0,16,76140.0
cu2409,,13:42:47.0#,76120.0,76610.0,76080.0,82310.0,71540.0,95291,181058.0,76100.0,69,76110.0,44,76120.0,43,76130.0,21,76140.0,31,76160.0,20,76170.0,30,76180.0,117,76190.0,16,76200.0,213,76140.0
cu2409,,13:42:47.500#,76120.0,76610.0,76080.0,82310.0,71540.0,95291,181058.0,76110.0,44,76120.0,43,76130.0,21,76140.0,25,76150.0,1,76160.0,23,76170.0,30,76180.0,117,76190.0,16,76200.0,213,76140.0
cu2409,,13:42:48.0#,76120.0,76610.0,76080.0,82310.0,71540.0,95304,181058.0,76110.0,44,76120.0,43,76130.0,21,76140.0,14,76150.0,4,76160.0,23,76170.0,30,76180.0,117,76190.0,16,76200.0,213,76150.0
cu2409,,13:42:48.500#,76120.0,76610.0,76080.0,82310.0,71540.0,95308,181058.0,76100.0,69,76110.0,44,76120.0,43,76130.0,21,76140.0,15,76150.0,1,76160.0,23,76170.0,25,76180.0,117,76190.0,16,76150.0
cu2409,,13:42:49.0#,76120.0,76610.0,76080.0,82310.0,71540.0,95309,181058.0,76100.0,69,76110.0,44,76120.0,43,76130.0,21,76140.0,15,76150.0,2,76160.0,23,76170.0,25,76180.0,116,76190.0,17,76150.0
cu2409,,13:42:49.500#,76120.0,76610.0,76080.0,82310.0,71540.0,95314,181058.0,76100.0,69,76110.0,44,76120.0,43,76130.0,21,76140.0,12,76150.0,11,76160.0,30,76170.0,25,76180.0,116,76190.0,17,76140.0
cu2409,,13:42:50.0#,76120.0,76610.0,76080.0,82310.0,71540.0,95327,181059.0,76100.0,69,76110.0,44,76120.0,43,76130.0,21,76140.0,6,76150.0,8,76160.0,30,76170.0,25,76180.0,116,76190.0,17,76140.0
cu2409,,13:42:50.500#,76120.0,76610.0,76080.0,82310.0,71540.0,95330,181061.0,76100.0,69,76110.0,44,76120.0,43,76130.0,21,76140.0,5,76150.0,16,76160.0,30,76170.0,25,76180.0,114,76190.0,17,76150.0
cu2409,,13:42:51.0#,76120.0,76610.0,76080.0,82310.0,71540.0,95332,181062.0,76100.0,69,76110.0,44,76120.0,43,76130.0,20,76140.0,4,76150.0,17,76160.0,30,76170.0,25,76180.0,114,76190.0,17,76140.0
cu2409,,13:42:51.500#,76120.0,76610.0,76080.0,82310.0,71540.0,95339,181065.0,76090.0,5,76100.0,70,76110.0,44,76120.0,42,76130.0,21,76140.0,1,76150.0,16,76160.0,31,76170.0,25,76180.0,114,76140.0
cu2409,,13:42:52.0#,76120.0,76610.0,76080.0,82310.0,71540.0,95345,181069.0,76090.0,6,76100.0,70,76110.0,43,76120.0,45,76130.0,27,76150.0,16,76160.0,32,76170.0,26,76180.0,114,76190.0,17,76140.0
cu2409,,13:42:52.500#,76120.0,76610.0,76080.0,82310.0,71540.0,95352,181076.0,76090.0,8,76100.0,70,76110.0,43,76120.0,45,76130.0,34,76140.0,9,76150.0,15,76160.0,31,76170.0,26,76180.0,114,76130.0
cu2409,,13:42:53.0#,76120.0,76610.0,76080.0,82310.0,71540.0,95372,181088.0,76100.0,70,76110.0,44,76120.0,45,76130.0,25,76140.0,1,76150.0,15,76160.0,31,76170.0,26,76180.0,114,76190.0,17,76150.0
cu2409,,13:42:53.500#,76120.0,76610.0,76080.0,82310.0,71540.0,95380,181096.0,76100.0,70,76110.0,44,76120.0,45,76130.0,25,76140.0,3,76150.0,13,76160.0,31,76170.0,26,76180.0,114,76190.0,17,76140.0
cu2409,,13:42:54.0#,76120.0,76610.0,76080.0,82310.0,71540.0,95383,181099.0,76100.0,70,76110.0,44,76120.0,46,76130.0,25,76140.0,3,76150.0,11,76160.0,31,76170.0,26,76180.0,114,76190.0,17,76140.0
cu2409,,13:42:54.500#,76120.0,76610.0,76080.0,82310.0,71540.0,95389,181105.0,76090.0,9,76100.0,70,76110.0,44,76120.0,46,76130.0,22,76150.0,13,76160.0,31,76170.0,26,76180.0,114,76190.0,17,76150.0
cu2409,,13:42:55.0#,76120.0,76610.0,76080.0,82310.0,71540.0,95389,181105.0,76090.0,9,76100.0,70,76110.0,44,76120.0,46,76130.0,23,76150.0,14,76160.0,31,76170.0,26,76180.0,114,76190.0,17,76150.0
cu2409,,13:42:55.500#,76120.0,76610.0,76080.0,82310.0,71540.0,95389,181105.0,76090.0,9,76100.0,70,76110.0,44,76120.0,46,76130.0,23,76140.0,4,76150.0,10,76160.0,31,76170.0,26,76180.0,114,76150.0
cu2409,,13:42:56.0#,76120.0,76610.0,76080.0,82310.0,71540.0,95392,181105.0,76100.0,70,76110.0,44,76120.0,46,76130.0,23,76140.0,4,76150.0,8,76160.0,29,76170.0,26,76180.0,114,76190.0,17,76150.0
cu2409,,13:42:56.500#,76120.0,76610.0,76080.0,82310.0,71540.0,95392,181105.0,76100.0,70,76110.0,44,76120.0,46,76130.0,23,76140.0,5,76150.0,15,76160.0,29,76170.0,26,76180.0,114,76190.0,17,76150.0
cu2409,,13:42:57.0#,76120.0,76610.0,76080.0,82310.0,71540.0,95392,181105.0,76100.0,70,76110.0,44,76120.0,46,76130.0,23,76140.0,4,76150.0,15,76160.0,29,76170.0,26,76180.0,114,76190.0,17,76150.0
cu2409,,13:42:57.500#,76120.0,76610.0,76080.0,82310.0,71540.0,95397,181109.0,76090.0,9,76100.0,70,76110.0,44,76120.0,46,76130.0,23,76150.0,14,76160.0,29,76170.0,26,76180.0,114,76190.0,17,76140.0
cu2409,,13:42:58.0#,76120.0,76610.0,76080.0,82310.0,71540.0,95398,181110.0,76090.0,9,76100.0,70,76110.0,44,76120.0,46,76130.0,23,76150.0,12,76160.0,29,76170.0,26,76180.0,114,76190.0,17,76150.0
cu2409,,13:42:58.500#,76120.0,76610.0,76080.0,82310.0,71540.0,95399,181111.0,76090.0,9,76100.0,70,76110.0,44,76120.0,46,76130.0,24,76150.0,13,76160.0,29,76170.0,26,76180.0,114,76190.0,17,76150.0
cu2409,,13:42:59.0#,76120.0,76610.0,76080.0,82310.0,71540.0,95400,181111.0,76090.0,9,76100.0,70,76110.0,44,76120.0,46,76130.0,24,76140.0,5,76150.0,13,76160.0,29,76170.0,26,76180.0,114,76150.0
cu2409,,13:42:59.500#,76120.0,76610.0,76080.0,82310.0,71540.0,95404,181114.0,76100.0,70,76110.0,44,76120.0,46,76130.0,24,76140.0,5,76150.0,12,76160.0,30,76170.0,26,76180.0,114,76190.0,17,76150.0
cu2409,,13:43:00.0#,76120.0,76610.0,76080.0,82310.0,71540.0,95405,181115.0,76100.0,70,76110.0,44,76120.0,44,76130.0,18,76140.0,6,76150.0,17,76160.0,30,76170.0,23,76180.0,114,76190.0,17,76150.0
cu2409,,13:43:00.500#,76120.0,76610.0,76080.0,82310.0,71540.0,95405,181115.0,76100.0,70,76110.0,44,76120.0,42,76130.0,12,76140.0,5,76150.0,18,76160.0,30,76170.0,23,76180.0,114,76190.0,17,76150.0
cu2409,,13:43:01.0#,76120.0,76610.0,76080.0,82310.0,71540.0,95407,181115.0,76100.0,70,76110.0,44,76120.0,41,76130.0,12,76140.0,3,76150.0,18,76160.0,31,76170.0,24,76180.0,114,76190.0,17,76140.0
cu2409,,13:43:01.500#,76120.0,76610.0,76080.0,82310.0,71540.0,95410,181115.0,76090.0,9,76100.0,70,76110.0,44,76120.0,41,76130.0,12,76150.0,17,76160.0,30,76170.0,24,76180.0,114,76190.0,17,76150.0
cu2409,,13:43:02.0#,76120.0,76610.0,76080.0,82310.0,71540.0,95410,181115.0,76090.0,9,76100.0,70,76110.0,44,76120.0,48,76130.0,14,76140.0,4,76150.0,16,76160.0,30,76170.0,24,76180.0,114,76150.0
cu2409,,13:43:02.500#,76120.0,76610.0,76080.0,82310.0,71540.0,95421,181123.0,76090.0,9,76100.0,70,76110.0,44,76120.0,48,76130.0,6,76140.0,9,76150.0,16,76160.0,30,76170.0,24,76180.0,114,76130.0
cu2409,,13:43:03.0#,76120.0,76610.0,76080.0,82310.0,71540.0,95425,181126.0,76090.0,9,76100.0,70,76110.0,45,76120.0,50,76130.0,1,76140.0,12,76150.0,15,76160.0,30,76170.0,24,76180.0,114,76130.0
cu2409,,13:43:03.500#,76120.0,76610.0,76080.0,82310.0,71540.0,95427,181128.0,76090.0,9,76100.0,70,76110.0,45,76120.0,51,76130.0,1,76140.0,10,76150.0,16,76160.0,33,76170.0,24,76180.0,114,76140.0
cu2409,,13:43:04.0#,76120.0,76610.0,76080.0,82310.0,71540.0,95428,181129.0,76090.0,9,76100.0,70,76110.0,45,76120.0,51,76130.0,4,76140.0,9,76150.0,16,76160.0,33,76170.0,24,76180.0,114,76140.0
cu2409,,13:43:04.500#,76120.0,76610.0,76080.0,82310.0,71540.0,95431,181131.0,76090.0,9,76100.0,70,76110.0,45,76120.0,51,76130.0,22,76140.0,3,76150.0,16,76160.0,32,76170.0,25,76180.0,114,76130.0
cu2409,,13:43:05.0#,76120.0,76610.0,76080.0,82310.0,71540.0,95443,181129.0,76090.0,9,76100.0,70,76110.0,45,76120.0,51,76130.0,12,76140.0,4,76150.0,16,76160.0,32,76170.0,25,76180.0,114,76140.0
cu2409,,13:43:05.500#,76120.0,76610.0,76080.0,82310.0,71540.0,95448,181130.0,76090.0,9,76100.0,70,76110.0,45,76120.0,51,76130.0,7,76140.0,4,76150.0,16,76160.0,32,76170.0,25,76180.0,114,76130.0
cu2409,,13:43:06.0#,76120.0,76610.0,76080.0,82310.0,71540.0,95449,181131.0,76090.0,9,76100.0,70,76110.0,45,76120.0,51,76130.0,8,76140.0,5,76150.0,16,76160.0,32,76170.0,25,76180.0,114,76140.0
cu2409,,13:43:06.500#,76120.0,76610.0,76080.0,82310.0,71540.0,95450,181132.0,76090.0,9,76100.0,70,76110.0,45,76120.0,51,76130.0,5,76140.0,23,76150.0,16,76160.0,32,76170.0,25,76180.0,114,76140.0
cu2409,,13:43:07.0#,76120.0,76610.0,76080.0,82310.0,71540.0,95452,181133.0,76090.0,9,76100.0,70,76110.0,45,76120.0,51,76130.0,2,76140.0,13,76150.0,16,76160.0,32,76170.0,25,76180.0,114,76140.0
cu2409,,13:43:07.500#,76120.0,76610.0,76080.0,82310.0,71540.0,95454,181133.0,76080.0,43,76090.0,9,76100.0,70,76110.0,45,76120.0,48,76140.0,14,76150.0,16,76160.0,32,76170.0,25,76180.0,114,76130.0
cu2409,,13:43:08.0#,76120.0,76610.0,76080.0,82310.0,71540.0,95454,181133.0,76080.0,43,76090.0,9,76100.0,71,76110.0,48,76120.0,47,76140.0,14,76150.0,18,76160.0,32,76170.0,25,76180.0,114,76130.0
cu2409,,13:43:08.500#,76120.0,76610.0,76080.0,82310.0,71540.0,95454,181133.0,76080.0,43,76090.0,9,76100.0,71,76110.0,47,76120.0,61,76130.0,2,76140.0,15,76150.0,18,76160.0,32,76170.0,25,76130.0
cu2409,,13:43:09.0#,76120.0,76610.0,76080.0,82310.0,71540.0,95459,181133.0,76090.0,9,76100.0,72,76110.0,47,76120.0,62,76130.0,13,76140.0,14,76150.0,24,76160.0,26,76170.0,25,76180.0,114,76140.0
cu2409,,13:43:09.500#,76120.0,76610.0,76080.0,82310.0,71540.0,95478,181137.0,76080.0,42,76090.0,9,76100.0,72,76110.0,47,76120.0,57,76130.0,2,76140.0,13,76150.0,23,76160.0,26,76170.0,25,76140.0
cu2409,,13:43:10.0#,76120.0,76610.0,76080.0,82310.0,71540.0,95482,181137.0,76090.0,9,76100.0,72,76110.0,47,76120.0,57,76130.0,4,76140.0,11,76150.0,24,76160.0,26,76170.0,25,76180.0,114,76140.0
cu2409,,13:43:10.500#,76120.0,76610.0,76080.0,82310.0,71540.0,95542,181163.0,76080.0,42,76090.0,9,76100.0,72,76110.0,47,76120.0,16,76140.0,15,76150.0,24,76160.0,26,76170.0,25,76180.0,114,76120.0
cu2409,,13:43:11.0#,76120.0,76610.0,76080.0,82310.0,71540.0,95545,181162.0,76080.0,42,76090.0,9,76100.0,72,76110.0,48,76120.0,22,76140.0,17,76150.0,24,76160.0,26,76170.0,25,76180.0,114,76140.0
cu2409,,13:43:11.500#,76120.0,76610.0,76080.0,82310.0,71540.0,95546,181162.0,76080.0,42,76090.0,9,76100.0,72,76110.0,47,76120.0,10,76130.0,1,76140.0,15,76150.0,24,76160.0,26,76170.0,26,76140.0
cu2409,,13:43:12.0#,76120.0,76610.0,76080.0,82310.0,71540.0,95549,181161.0,76080.0,43,76090.0,9,76100.0,73,76110.0,47,76120.0,11,76140.0,18,76150.0,24,76160.0,26,76170.0,26,76180.0,114,76130.0
cu2409,,13:43:12.500#,76120.0,76610.0,76080.0,82310.0,71540.0,95550,181162.0,76080.0,43,76090.0,9,76100.0,72,76110.0,47,76120.0,11,76140.0,17,76150.0,24,76160.0,27,76170.0,27,76180.0,114,76140.0
cu2409,,13:43:13.0#,76120.0,76610.0,76080.0,82310.0,71540.0,95551,181163.0,76080.0,43,76090.0,9,76100.0,72,76110.0,47,76120.0,14,76140.0,16,76150.0,24,76160.0,27,76170.0,27,76180.0,114,76140.0
cu2409,,13:43:13.500#,76120.0,76610.0,76080.0,82310.0,71540.0,95556,181163.0,76080.0,44,76090.0,9,76100.0,72,76110.0,47,76120.0,15,76130.0,4,76140.0,18,76150.0,24,76160.0,27,76170.0,27,76140.0
cu2409,,13:43:14.0#,76120.0,76610.0,76080.0,82310.0,71540.0,95557,181162.0,76090.0,9,76100.0,72,76110.0,45,76120.0,14,76130.0,6,76140.0,18,76150.0,24,76160.0,27,76170.0,27,76180.0,114,76130.0
cu2409,,13:43:14.500#,76120.0,76610.0,76080.0,82310.0,71540.0,95560,181162.0,76090.0,9,76100.0,72,76110.0,45,76120.0,15,76130.0,4,76140.0,18,76150.0,100,76160.0,27,76170.0,27,76180.0,114,76130.0
cu2409,,13:43:15.0#,76120.0,76610.0,76080.0,82310.0,71540.0,95564,181163.0,76080.0,44,76090.0,9,76100.0,72,76110.0,45,76120.0,15,76130.0,54,76140.0,18,76150.0,100,76160.0,27,76170.0,27,76130.0
cu2409,,13:43:15.500#,76120.0,76610.0,76080.0,82310.0,71540.0,95578,181159.0,76080.0,44,76090.0,9,76100.0,71,76110.0,46,76120.0,10,76130.0,41,76140.0,19,76150.0,100,76160.0,27,76170.0,27,76130.0
cu2409,,13:43:16.0#,76120.0,76610.0,76080.0,82310.0,71540.0,95580,181160.0,76080.0,44,76090.0,9,76100.0,71,76110.0,46,76120.0,9,76130.0,41,76140.0,19,76150.0,100,76160.0,24,76170.0,27,76120.0
cu2409,,13:43:16.500#,76120.0,76610.0,76080.0,82310.0,71540.0,95632,181155.0,76090.0,9,76100.0,72,76110.0,46,76120.0,17,76130.0,3,76140.0,8,76150.0,99,76160.0,24,76170.0,27,76180.0,114,76140.0
cu2409,,13:43:17.0#,76120.0,76610.0,76080.0,82310.0,71540.0,95634,181157.0,76090.0,9,76100.0,73,76110.0,47,76120.0,17,76130.0,1,76140.0,13,76150.0,99,76160.0,24,76170.0,27,76180.0,114,76140.0
cu2409,,13:43:17.500#,76120.0,76610.0,76080.0,82310.0,71540.0,95639,181161.0,76090.0,9,76100.0,73,76110.0,48,76120.0,14,76130.0,1,76140.0,12,76150.0,99,76160.0,24,76170.0,27,76180.0,114,76120.0
cu2409,,13:43:18.0#,76120.0,76610.0,76080.0,82310.0,71540.0,95640,181161.0,76090.0,9,76100.0,73,76110.0,48,76120.0,17,76130.0,1,76140.0,12,76150.0,99,76160.0,24,76170.0,27,76180.0,114,76140.0
cu2409,,13:43:18.500#,76120.0,76610.0,76080.0,82310.0,71540.0,95642,181161.0,76080.0,45,76090.0,9,76100.0,73,76110.0,48,76120.0,18,76130.0,3,76140.0,11,76150.0,99,76160.0,24,76170.0,27,76130.0
cu2409,,13:43:19.0#,76120.0,76610.0,76080.0,82310.0,71540.0,95648,181164.0,76090.0,9,76100.0,73,76110.0,48,76120.0,21,76130.0,2,76140.0,12,76150.0,99,76160.0,24,76170.0,27,76180.0,114,76120.0
cu2409,,13:43:19.500#,76120.0,76610.0,76080.0,82310.0,71540.0,95651,181165.0,76080.0,45,76090.0,9,76100.0,73,76110.0,48,76120.0,17,76140.0,15,76150.0,99,76160.0,24,76170.0,27,76180.0,114,76130.0
cu2409,,13:43:20.0#,76120.0,76610.0,76080.0,82310.0,71540.0,95654,181166.0,76080.0,45,76090.0,9,76100.0,73,76110.0,48,76120.0,16,76130.0,3,76140.0,15,76150.0,99,76160.0,24,76170.0,27,76120.0
cu2409,,13:43:20.500#,76120.0,76610.0,76080.0,82310.0,71540.0,95656,181167.0,76080.0,45,76090.0,9,76100.0,73,76110.0,48,76120.0,8,76130.0,11,76140.0,15,76150.0,99,76160.0,24,76170.0,27,76120.0
cu2409,,13:43:21.0#,76120.0,76610.0,76080.0,82310.0,71540.0,95662,181171.0,76070.0,38,76080.0,45,76090.0,9,76100.0,73,76110.0,48,76120.0,41,76130.0,12,76140.0,15,76150.0,97,76160.0,24,76120.0
cu2409,,13:43:21.500#,76120.0,76610.0,76080.0,82310.0,71540.0,95713,181197.0,76070.0,38,76080.0,45,76090.0,9,76100.0,72,76110.0,38,76120.0,6,76130.0,13,76140.0,19,76150.0,98,76160.0,24,76110.0
cu2409,,13:43:22.0#,76120.0,76610.0,76080.0,82310.0,71540.0,95728,181209.0,76080.0,45,76090.0,9,76100.0,72,76110.0,36,76120.0,6,76130.0,12,76140.0,19,76150.0,98,76160.0,24,76170.0,28,76130.0
cu2409,,13:43:22.500#,76120.0,76610.0,76080.0,82310.0,71540.0,95731,181210.0,76080.0,45,76090.0,9,76100.0,73,76110.0,36,76120.0,7,76130.0,13,76140.0,19,76150.0,98,76160.0,24,76170.0,28,76130.0
cu2409,,13:43:23.0#,76120.0,76610.0,76080.0,82310.0,71540.0,95734,181211.0,76080.0,45,76090.0,9,76100.0,73,76110.0,36,76120.0,8,76130.0,7,76140.0,19,76150.0,98,76160.0,24,76170.0,28,76120.0
