InstrumentId,ExchangeId,Datetime,OpenPrice,HighestPrice,LowestPrice,UpperLimitPrice,LowerLimitPrice,Volume,OpenInterest,BidPrice5,BidVolume5,BidPrice4,BidVolume4,BidPrice3,BidVolume3,BidPrice2,BidVolume2,BidPrice1,BidVolume1,AskPrice1,AskVolume1,AskPrice2,AskVolume2,AskPrice3,AskVolume3,AskPrice4,AskVolume4,AskPrice5,AskVolume5,LastPrice
cu2408,,13:38:35.0#,76350.0,76470.0,75990.0,82150.0,71400.0,60075,140555.0,76030.0,36,76040.0,24,76050.0,51,76060.0,76,76070.0,18,76090.0,13,76100.0,123,76110.0,14,76120.0,41,76130.0,14,76070.0
cu2408,,13:38:35.500#,76350.0,76470.0,75990.0,82150.0,71400.0,60075,140555.0,76040.0,24,76050.0,52,76060.0,76,76070.0,13,76080.0,6,76090.0,13,76100.0,123,76110.0,14,76120.0,41,76130.0,14,76070.0
cu2408,,13:38:36.0#,76350.0,76470.0,75990.0,82150.0,71400.0,60075,140555.0,76040.0,24,76050.0,52,76060.0,76,76070.0,12,76080.0,6,76090.0,9,76100.0,123,76110.0,14,76120.0,41,76130.0,14,76070.0
cu2408,,13:38:36.500#,76350.0,76470.0,75990.0,82150.0,71400.0,60075,140555.0,76040.0,24,76050.0,52,76060.0,76,76070.0,12,76080.0,6,76090.0,10,76100.0,123,76110.0,14,76120.0,41,76130.0,14,76070.0
cu2408,,13:38:37.0#,76350.0,76470.0,75990.0,82150.0,71400.0,60087,140546.0,76030.0,36,76040.0,24,76050.0,52,76060.0,76,76070.0,6,76090.0,6,76100.0,123,76110.0,14,76120.0,41,76130.0,14,76070.0
cu2408,,13:38:37.500#,76350.0,76470.0,75990.0,82150.0,71400.0,60087,140546.0,76040.0,24,76050.0,52,76060.0,76,76070.0,24,76080.0,22,76090.0,6,76100.0,123,76110.0,14,76120.0,41,76130.0,14,76070.0
cu2408,,13:38:38.0#,76350.0,76470.0,75990.0,82150.0,71400.0,60087,140546.0,76040.0,24,76050.0,52,76060.0,76,76070.0,18,76080.0,14,76090.0,2,76100.0,123,76110.0,14,76120.0,41,76130.0,14,76070.0
cu2408,,13:38:38.500#,76350.0,76470.0,75990.0,82150.0,71400.0,60089,140546.0,76040.0,24,76050.0,52,76060.0,76,76070.0,18,76080.0,9,76100.0,123,76110.0,14,76120.0,41,76130.0,14,76140.0,15,76090.0
cu2408,,13:38:39.0#,76350.0,76470.0,75990.0,82150.0,71400.0,60089,140546.0,76040.0,24,76050.0,52,76060.0,76,76070.0,18,76080.0,15,76100.0,123,76110.0,14,76120.0,41,76130.0,14,76140.0,15,76090.0
cu2408,,13:38:39.500#,76350.0,76470.0,75990.0,82150.0,71400.0,60089,140546.0,76040.0,24,76050.0,52,76060.0,76,76070.0,20,76080.0,15,76100.0,121,76110.0,14,76120.0,41,76130.0,14,76140.0,15,76090.0
cu2408,,13:38:42.0#,76350.0,76470.0,75990.0,82150.0,71400.0,60090,140545.0,76040.0,24,76050.0,52,76060.0,76,76070.0,20,76080.0,15,76100.0,120,76110.0,14,76120.0,41,76130.0,14,76140.0,15,76100.0
cu2408,,13:38:42.500#,76350.0,76470.0,75990.0,82150.0,71400.0,60090,140545.0,76040.0,24,76050.0,52,76060.0,76,76070.0,20,76080.0,15,76090.0,17,76100.0,120,76110.0,14,76120.0,41,76130.0,14,76100.0
cu2408,,13:38:43.0#,76350.0,76470.0,75990.0,82150.0,71400.0,60090,140545.0,76040.0,24,76050.0,52,76060.0,76,76070.0,20,76080.0,10,76090.0,7,76100.0,120,76110.0,14,76120.0,41,76130.0,14,76100.0
cu2408,,13:38:43.500#,76350.0,76470.0,75990.0,82150.0,71400.0,60092,140543.0,76040.0,24,76050.0,52,76060.0,76,76070.0,20,76080.0,2,76090.0,6,76100.0,120,76110.0,14,76120.0,41,76130.0,14,76090.0
cu2408,,13:38:44.0#,76350.0,76470.0,75990.0,82150.0,71400.0,60092,140543.0,76040.0,24,76050.0,52,76060.0,76,76070.0,20,76080.0,1,76090.0,10,76100.0,120,76110.0,14,76120.0,41,76130.0,14,76090.0
cu2408,,13:38:44.500#,76350.0,76470.0,75990.0,82150.0,71400.0,60092,140543.0,76040.0,24,76050.0,52,76060.0,76,76070.0,20,76080.0,10,76090.0,5,76100.0,120,76110.0,14,76120.0,41,76130.0,14,76090.0
cu2408,,13:38:45.0#,76350.0,76470.0,75990.0,82150.0,71400.0,60092,140543.0,76040.0,24,76050.0,52,76060.0,76,76070.0,20,76080.0,15,76090.0,1,76100.0,120,76110.0,14,76120.0,41,76130.0,14,76090.0
cu2408,,13:38:45.500#,76350.0,76470.0,75990.0,82150.0,71400.0,60093,140542.0,76050.0,52,76060.0,77,76070.0,20,76080.0,33,76090.0,2,76100.0,120,76110.0,14,76120.0,40,76130.0,14,76140.0,15,76090.0
cu2408,,13:38:46.0#,76350.0,76470.0,75990.0,82150.0,71400.0,60097,140539.0,76040.0,24,76050.0,51,76060.0,77,76070.0,20,76080.0,12,76100.0,120,76110.0,14,76120.0,40,76130.0,14,76140.0,15,76080.0
cu2408,,13:38:46.500#,76350.0,76470.0,75990.0,82150.0,71400.0,60097,140539.0,76050.0,51,76060.0,77,76070.0,20,76080.0,13,76090.0,13,76100.0,120,76110.0,14,76120.0,40,76130.0,14,76140.0,15,76080.0
cu2408,,13:38:47.0#,76350.0,76470.0,75990.0,82150.0,71400.0,60097,140539.0,76050.0,51,76060.0,77,76070.0,20,76080.0,12,76090.0,2,76100.0,120,76110.0,14,76120.0,40,76130.0,14,76140.0,15,76080.0
cu2408,,13:38:47.500#,76350.0,76470.0,75990.0,82150.0,71400.0,60097,140539.0,76040.0,24,76050.0,51,76060.0,77,76070.0,20,76080.0,12,76100.0,120,76110.0,14,76120.0,40,76130.0,14,76140.0,15,76080.0
cu2408,,13:38:48.0#,76350.0,76470.0,75990.0,82150.0,71400.0,60097,140539.0,76050.0,51,76060.0,77,76070.0,20,76080.0,18,76090.0,5,76100.0,120,76110.0,14,76120.0,40,76130.0,14,76140.0,15,76080.0
cu2408,,13:38:48.500#,76350.0,76470.0,75990.0,82150.0,71400.0,60097,140539.0,76040.0,24,76050.0,51,76060.0,77,76070.0,20,76080.0,12,76100.0,120,76110.0,14,76120.0,41,76130.0,14,76140.0,15,76080.0
cu2408,,13:38:49.0#,76350.0,76470.0,75990.0,82150.0,71400.0,60109,140530.0,76040.0,24,76050.0,51,76060.0,77,76070.0,20,76080.0,1,76090.0,4,76100.0,120,76110.0,14,76120.0,41,76130.0,14,76080.0
cu2408,,13:38:49.500#,76350.0,76470.0,75990.0,82150.0,71400.0,60115,140535.0,76040.0,24,76050.0,51,76060.0,76,76070.0,20,76080.0,5,76090.0,3,76100.0,120,76110.0,14,76120.0,41,76130.0,14,76090.0
cu2408,,13:38:50.0#,76350.0,76470.0,75990.0,82150.0,71400.0,60115,140535.0,76040.0,24,76050.0,51,76060.0,76,76070.0,20,76080.0,11,76100.0,120,76110.0,14,76120.0,41,76130.0,14,76140.0,15,76090.0
cu2408,,13:38:50.500#,76350.0,76470.0,75990.0,82150.0,71400.0,60115,140535.0,76050.0,51,76060.0,77,76070.0,20,76080.0,6,76090.0,18,76100.0,120,76110.0,14,76120.0,41,76130.0,14,76140.0,15,76090.0
cu2408,,13:38:51.0#,76350.0,76470.0,75990.0,82150.0,71400.0,60115,140535.0,76050.0,51,76060.0,77,76070.0,20,76080.0,5,76090.0,18,76100.0,120,76110.0,14,76120.0,41,76130.0,14,76140.0,15,76090.0
cu2408,,13:38:51.500#,76350.0,76470.0,75990.0,82150.0,71400.0,60115,140535.0,76050.0,51,76060.0,77,76070.0,20,76080.0,5,76090.0,18,76100.0,120,76110.0,14,76120.0,41,76130.0,14,76140.0,15,76090.0
cu2408,,13:38:52.500#,76350.0,76470.0,75990.0,82150.0,71400.0,60115,140535.0,76050.0,51,76060.0,77,76070.0,20,76080.0,5,76090.0,19,76100.0,120,76110.0,14,76120.0,41,76130.0,14,76140.0,15,76090.0
cu2408,,13:38:53.0#,76350.0,76470.0,75990.0,82150.0,71400.0,60119,140535.0,76050.0,51,76060.0,77,76070.0,20,76080.0,5,76090.0,15,76100.0,120,76110.0,14,76120.0,41,76130.0,14,76140.0,15,76090.0
cu2408,,13:38:54.0#,76350.0,76470.0,75990.0,82150.0,71400.0,60120,140535.0,76050.0,51,76060.0,77,76070.0,20,76080.0,5,76090.0,14,76100.0,120,76110.0,14,76120.0,41,76130.0,14,76140.0,15,76090.0
cu2408,,13:38:54.500#,76350.0,76470.0,75990.0,82150.0,71400.0,60121,140534.0,76050.0,51,76060.0,77,76070.0,20,76080.0,5,76090.0,14,76100.0,119,76110.0,14,76120.0,41,76130.0,14,76140.0,15,76100.0
cu2408,,13:38:55.0#,76350.0,76470.0,75990.0,82150.0,71400.0,60121,140534.0,76050.0,51,76060.0,76,76070.0,20,76080.0,5,76090.0,14,76100.0,120,76110.0,14,76120.0,41,76130.0,14,76140.0,15,76100.0
cu2408,,13:38:55.500#,76350.0,76470.0,75990.0,82150.0,71400.0,60121,140534.0,76050.0,51,76060.0,76,76070.0,20,76080.0,5,76090.0,14,76100.0,120,76110.0,14,76120.0,40,76130.0,14,76140.0,15,76100.0
cu2408,,13:38:56.0#,76350.0,76470.0,75990.0,82150.0,71400.0,60124,140533.0,76050.0,51,76060.0,76,76070.0,20,76080.0,5,76090.0,13,76100.0,118,76110.0,14,76120.0,40,76130.0,14,76140.0,15,76100.0
cu2408,,13:38:56.500#,76350.0,76470.0,75990.0,82150.0,71400.0,60124,140533.0,76050.0,51,76060.0,76,76070.0,20,76080.0,5,76090.0,13,76100.0,118,76110.0,14,76120.0,40,76130.0,14,76140.0,15,76100.0
cu2408,,13:38:58.500#,76350.0,76470.0,75990.0,82150.0,71400.0,60124,140533.0,76050.0,51,76060.0,76,76070.0,20,76080.0,4,76090.0,13,76100.0,118,76110.0,14,76120.0,40,76130.0,14,76140.0,15,76100.0
cu2408,,13:38:59.0#,76350.0,76470.0,75990.0,82150.0,71400.0,60140,140529.0,76040.0,24,76050.0,51,76060.0,76,76070.0,20,76080.0,1,76100.0,118,76110.0,14,76120.0,40,76130.0,14,76140.0,15,76080.0
cu2408,,13:38:59.500#,76350.0,76470.0,75990.0,82150.0,71400.0,60140,140529.0,76040.0,24,76050.0,51,76060.0,76,76070.0,20,76080.0,2,76100.0,118,76110.0,14,76120.0,40,76130.0,14,76140.0,15,76080.0
cu2408,,13:39:00.0#,76350.0,76470.0,75990.0,82150.0,71400.0,60141,140530.0,76050.0,51,76060.0,77,76070.0,20,76080.0,17,76090.0,4,76100.0,118,76110.0,14,76120.0,40,76130.0,14,76140.0,15,76090.0
cu2408,,13:39:00.500#,76350.0,76470.0,75990.0,82150.0,71400.0,60141,140530.0,76040.0,24,76050.0,51,76060.0,76,76070.0,20,76080.0,17,76100.0,118,76110.0,14,76120.0,40,76130.0,14,76140.0,15,76090.0
cu2408,,13:39:01.0#,76350.0,76470.0,75990.0,82150.0,71400.0,60141,140530.0,76040.0,24,76050.0,51,76060.0,76,76070.0,20,76080.0,17,76100.0,120,76110.0,12,76120.0,40,76130.0,14,76140.0,15,76090.0
cu2408,,13:39:01.500#,76350.0,76470.0,75990.0,82150.0,71400.0,60141,140530.0,76040.0,24,76050.0,51,76060.0,76,76070.0,18,76080.0,4,76090.0,4,76100.0,120,76110.0,12,76120.0,41,76130.0,14,76090.0
cu2408,,13:39:02.0#,76350.0,76470.0,75990.0,82150.0,71400.0,60141,140530.0,76030.0,36,76040.0,24,76050.0,51,76060.0,76,76070.0,18,76090.0,12,76100.0,121,76110.0,12,76120.0,41,76130.0,14,76090.0
cu2408,,13:39:02.500#,76350.0,76470.0,75990.0,82150.0,71400.0,60141,140530.0,76030.0,36,76040.0,24,76050.0,51,76060.0,76,76070.0,13,76080.0,7,76090.0,12,76100.0,122,76110.0,12,76120.0,41,76090.0
cu2408,,13:39:03.0#,76350.0,76470.0,75990.0,82150.0,71400.0,60141,140530.0,76030.0,36,76040.0,24,76050.0,51,76060.0,76,76070.0,7,76090.0,12,76100.0,122,76110.0,12,76120.0,41,76130.0,14,76090.0
cu2408,,13:39:03.500#,76350.0,76470.0,75990.0,82150.0,71400.0,60141,140530.0,76030.0,36,76040.0,24,76050.0,51,76060.0,76,76070.0,16,76080.0,7,76090.0,17,76100.0,122,76110.0,12,76120.0,41,76090.0
cu2408,,13:39:04.0#,76350.0,76470.0,75990.0,82150.0,71400.0,60141,140530.0,76030.0,36,76040.0,24,76050.0,51,76060.0,76,76070.0,8,76090.0,17,76100.0,122,76110.0,12,76120.0,41,76130.0,18,76090.0
cu2408,,13:39:04.500#,76350.0,76470.0,75990.0,82150.0,71400.0,60143,140528.0,76030.0,36,76040.0,24,76050.0,51,76060.0,76,76070.0,8,76080.0,8,76090.0,17,76100.0,122,76110.0,12,76120.0,41,76090.0
cu2408,,13:39:05.0#,76350.0,76470.0,75990.0,82150.0,71400.0,60143,140528.0,76030.0,36,76040.0,24,76050.0,51,76060.0,76,76070.0,8,76080.0,7,76090.0,17,76100.0,122,76110.0,12,76120.0,41,76090.0
cu2408,,13:39:05.500#,76350.0,76470.0,75990.0,82150.0,71400.0,60143,140528.0,76030.0,36,76040.0,24,76050.0,51,76060.0,76,76070.0,8,76080.0,12,76090.0,17,76100.0,122,76110.0,12,76120.0,41,76090.0
cu2408,,13:39:06.0#,76350.0,76470.0,75990.0,82150.0,71400.0,60143,140528.0,76030.0,36,76040.0,24,76050.0,51,76060.0,76,76070.0,8,76080.0,16,76090.0,17,76100.0,122,76110.0,12,76120.0,41,76090.0
cu2408,,13:39:06.500#,76350.0,76470.0,75990.0,82150.0,71400.0,60143,140528.0,76030.0,36,76040.0,24,76050.0,51,76060.0,76,76070.0,8,76080.0,16,76090.0,17,76100.0,122,76110.0,12,76120.0,41,76090.0
cu2408,,13:39:07.0#,76350.0,76470.0,75990.0,82150.0,71400.0,60146,140528.0,76030.0,36,76040.0,24,76050.0,51,76060.0,76,76070.0,8,76080.0,13,76090.0,17,76100.0,122,76110.0,12,76120.0,41,76080.0
cu2408,,13:39:07.500#,76350.0,76470.0,75990.0,82150.0,71400.0,60148,140528.0,76030.0,36,76040.0,24,76050.0,51,76060.0,76,76070.0,8,76080.0,11,76090.0,17,76100.0,122,76110.0,12,76120.0,41,76080.0
cu2408,,13:39:08.500#,76350.0,76470.0,75990.0,82150.0,71400.0,60148,140528.0,76030.0,36,76040.0,24,76050.0,51,76060.0,76,76070.0,8,76080.0,8,76090.0,17,76100.0,122,76110.0,12,76120.0,41,76080.0
cu2408,,13:39:09.500#,76350.0,76470.0,75990.0,82150.0,71400.0,60152,140529.0,76030.0,36,76040.0,24,76050.0,51,76060.0,76,76070.0,6,76080.0,11,76090.0,17,76100.0,122,76110.0,12,76120.0,41,76070.0
cu2408,,13:39:10.0#,76350.0,76470.0,75990.0,82150.0,71400.0,60152,140529.0,76030.0,36,76040.0,24,76050.0,51,76060.0,76,76070.0,7,76080.0,8,76090.0,17,76100.0,122,76110.0,12,76120.0,41,76070.0
cu2408,,13:39:10.500#,76350.0,76470.0,75990.0,82150.0,71400.0,60154,140529.0,76030.0,36,76040.0,24,76050.0,52,76060.0,76,76070.0,10,76080.0,2,76090.0,17,76100.0,122,76110.0,12,76120.0,41,76080.0
cu2408,,13:39:11.0#,76350.0,76470.0,75990.0,82150.0,71400.0,60154,140529.0,76030.0,36,76040.0,24,76050.0,51,76060.0,76,76070.0,8,76080.0,2,76090.0,17,76100.0,122,76110.0,12,76120.0,41,76080.0
cu2408,,13:39:12.0#,76350.0,76470.0,75990.0,82150.0,71400.0,60154,140529.0,76030.0,36,76040.0,24,76050.0,51,76060.0,76,76070.0,8,76080.0,5,76090.0,17,76100.0,122,76110.0,12,76120.0,41,76080.0
cu2408,,13:39:12.500#,76350.0,76470.0,75990.0,82150.0,71400.0,60156,140529.0,76030.0,36,76040.0,24,76050.0,51,76060.0,75,76070.0,4,76080.0,13,76090.0,17,76100.0,122,76110.0,12,76120.0,40,76080.0
cu2408,,13:39:13.0#,76350.0,76470.0,75990.0,82150.0,71400.0,60156,140529.0,76030.0,36,76040.0,25,76050.0,51,76060.0,73,76070.0,2,76080.0,13,76090.0,17,76100.0,123,76110.0,12,76120.0,40,76080.0
cu2408,,13:39:13.500#,76350.0,76470.0,75990.0,82150.0,71400.0,60158,140527.0,76030.0,36,76040.0,27,76050.0,51,76060.0,73,76070.0,1,76080.0,16,76090.0,19,76100.0,123,76110.0,12,76120.0,40,76080.0
cu2408,,13:39:14.0#,76350.0,76470.0,75990.0,82150.0,71400.0,60168,140522.0,76030.0,36,76040.0,27,76050.0,51,76060.0,73,76070.0,5,76080.0,6,76090.0,19,76100.0,123,76110.0,12,76120.0,40,76080.0
cu2408,,13:39:14.500#,76350.0,76470.0,75990.0,82150.0,71400.0,60168,140522.0,76030.0,36,76040.0,27,76050.0,51,76060.0,73,76070.0,6,76080.0,7,76090.0,19,76100.0,123,76110.0,13,76120.0,41,76080.0
cu2408,,13:39:15.500#,76350.0,76470.0,75990.0,82150.0,71400.0,60168,140522.0,76030.0,36,76040.0,27,76050.0,52,76060.0,73,76070.0,12,76090.0,19,76100.0,123,76110.0,12,76120.0,41,76130.0,17,76080.0
cu2408,,13:39:16.0#,76350.0,76470.0,75990.0,82150.0,71400.0,60168,140522.0,76040.0,27,76050.0,51,76060.0,73,76070.0,12,76080.0,10,76090.0,19,76100.0,123,76110.0,12,76120.0,42,76130.0,17,76080.0
cu2408,,13:39:16.500#,76350.0,76470.0,75990.0,82150.0,71400.0,60179,140516.0,76030.0,36,76040.0,26,76050.0,51,76060.0,73,76070.0,8,76080.0,9,76090.0,18,76100.0,122,76110.0,12,76120.0,42,76080.0
cu2408,,13:39:17.0#,76350.0,76470.0,75990.0,82150.0,71400.0,60179,140516.0,76030.0,36,76040.0,26,76050.0,52,76060.0,73,76070.0,2,76080.0,22,76090.0,18,76100.0,122,76110.0,13,76120.0,42,76080.0
cu2408,,13:39:17.500#,76350.0,76470.0,75990.0,82150.0,71400.0,60180,140515.0,76020.0,34,76030.0,36,76040.0,26,76050.0,52,76060.0,73,76070.0,8,76080.0,13,76090.0,18,76100.0,122,76110.0,13,76070.0
cu2408,,13:39:18.0#,76350.0,76470.0,75990.0,82150.0,71400.0,60189,140516.0,76020.0,34,76030.0,37,76040.0,27,76050.0,51,76060.0,73,76080.0,8,76090.0,18,76100.0,123,76110.0,13,76120.0,41,76080.0
cu2408,,13:39:18.500#,76350.0,76470.0,75990.0,82150.0,71400.0,60191,140515.0,76030.0,37,76040.0,27,76050.0,51,76060.0,73,76070.0,2,76080.0,9,76090.0,19,76100.0,123,76110.0,13,76120.0,41,76070.0
cu2408,,13:39:19.0#,76350.0,76470.0,75990.0,82150.0,71400.0,60191,140515.0,76030.0,37,76040.0,27,76050.0,51,76060.0,73,76070.0,6,76080.0,13,76090.0,19,76100.0,123,76110.0,13,76120.0,41,76070.0
cu2408,,13:39:19.500#,76350.0,76470.0,75990.0,82150.0,71400.0,60195,140511.0,76030.0,37,76040.0,27,76050.0,51,76060.0,73,76070.0,2,76080.0,13,76090.0,19,76100.0,123,76110.0,13,76120.0,41,76070.0
cu2408,,13:39:20.0#,76350.0,76470.0,75990.0,82150.0,71400.0,60197,140509.0,76020.0,35,76030.0,37,76040.0,25,76050.0,50,76060.0,73,76070.0,4,76080.0,20,76090.0,19,76100.0,124,76110.0,12,76070.0
cu2408,,13:39:20.500#,76350.0,76470.0,75990.0,82150.0,71400.0,60197,140509.0,76020.0,35,76030.0,38,76040.0,29,76050.0,50,76060.0,73,76070.0,3,76080.0,18,76090.0,20,76100.0,124,76110.0,12,76070.0
cu2408,,13:39:21.0#,76350.0,76470.0,75990.0,82150.0,71400.0,60197,140509.0,76020.0,35,76030.0,37,76040.0,30,76050.0,50,76060.0,73,76070.0,1,76080.0,18,76090.0,19,76100.0,124,76110.0,12,76070.0
cu2408,,13:39:21.500#,76350.0,76470.0,75990.0,82150.0,71400.0,60198,140509.0,76030.0,37,76040.0,31,76050.0,50,76060.0,73,76070.0,1,76080.0,18,76090.0,19,76100.0,125,76110.0,12,76120.0,41,76070.0
cu2408,,13:39:22.0#,76350.0,76470.0,75990.0,82150.0,71400.0,60198,140509.0,76030.0,37,76040.0,30,76050.0,50,76060.0,73,76070.0,2,76080.0,18,76090.0,19,76100.0,125,76110.0,12,76120.0,41,76070.0
cu2408,,13:39:23.0#,76350.0,76470.0,75990.0,82150.0,71400.0,60198,140509.0,76030.0,37,76040.0,30,76050.0,50,76060.0,73,76070.0,2,76080.0,18,76090.0,19,76100.0,125,76110.0,12,76120.0,41,76070.0
cu2408,,13:39:23.500#,76350.0,76470.0,75990.0,82150.0,71400.0,60198,140509.0,76030.0,37,76040.0,30,76050.0,50,76060.0,73,76070.0,2,76080.0,18,76090.0,19,76100.0,125,76110.0,12,76120.0,41,76070.0
cu2408,,13:39:24.0#,76350.0,76470.0,75990.0,82150.0,71400.0,60199,140509.0,76030.0,37,76040.0,30,76050.0,50,76060.0,73,76070.0,1,76080.0,17,76090.0,19,76100.0,125,76110.0,12,76120.0,41,76080.0
cu2408,,13:39:24.500#,76350.0,76470.0,75990.0,82150.0,71400.0,60199,140509.0,76030.0,37,76040.0,30,76050.0,50,76060.0,73,76070.0,1,76080.0,18,76090.0,19,76100.0,125,76110.0,12,76120.0,41,76080.0
cu2408,,13:39:25.0#,76350.0,76470.0,75990.0,82150.0,71400.0,60199,140509.0,76030.0,37,76040.0,30,76050.0,50,76060.0,73,76070.0,1,76080.0,18,76090.0,19,76100.0,125,76110.0,12,76120.0,41,76080.0
cu2408,,13:39:25.500#,76350.0,76470.0,75990.0,82150.0,71400.0,60199,140509.0,76030.0,37,76040.0,30,76050.0,50,76060.0,73,76070.0,1,76080.0,18,76090.0,19,76100.0,125,76110.0,12,76120.0,41,76080.0
cu2408,,13:39:26.0#,76350.0,76470.0,75990.0,82150.0,71400.0,60199,140509.0,76030.0,37,76040.0,30,76050.0,50,76060.0,73,76070.0,1,76080.0,18,76090.0,19,76100.0,126,76110.0,12,76120.0,40,76080.0
cu2408,,13:39:26.500#,76350.0,76470.0,75990.0,82150.0,71400.0,60218,140507.0,76040.0,30,76050.0,50,76060.0,73,76070.0,6,76080.0,2,76090.0,19,76100.0,126,76110.0,12,76120.0,40,76130.0,16,76080.0
cu2408,,13:39:27.0#,76350.0,76470.0,75990.0,82150.0,71400.0,60220,140506.0,76030.0,36,76040.0,31,76050.0,51,76060.0,73,76070.0,6,76080.0,5,76090.0,20,76100.0,125,76110.0,12,76120.0,41,76080.0
cu2408,,13:39:27.500#,76350.0,76470.0,75990.0,82150.0,71400.0,60220,140506.0,76030.0,36,76040.0,31,76050.0,55,76060.0,73,76070.0,16,76080.0,1,76090.0,19,76100.0,125,76110.0,12,76120.0,41,76080.0
cu2408,,13:39:28.0#,76350.0,76470.0,75990.0,82150.0,71400.0,60220,140506.0,76030.0,36,76040.0,31,76050.0,51,76060.0,73,76070.0,16,76080.0,9,76090.0,19,76100.0,125,76110.0,12,76120.0,41,76080.0
cu2408,,13:39:29.0#,76350.0,76470.0,75990.0,82150.0,71400.0,60221,140505.0,76030.0,36,76040.0,31,76050.0,51,76060.0,73,76070.0,16,76080.0,8,76090.0,19,76100.0,125,76110.0,12,76120.0,41,76080.0
cu2408,,13:39:29.500#,76350.0,76470.0,75990.0,82150.0,71400.0,60224,140503.0,76030.0,36,76040.0,31,76050.0,51,76060.0,73,76070.0,13,76080.0,8,76090.0,19,76100.0,125,76110.0,12,76120.0,41,76070.0
cu2408,,13:39:30.0#,76350.0,76470.0,75990.0,82150.0,71400.0,60224,140503.0,76030.0,36,76040.0,31,76050.0,51,76060.0,73,76070.0,15,76080.0,8,76090.0,19,76100.0,125,76110.0,12,76120.0,41,76070.0
cu2408,,13:39:30.500#,76350.0,76470.0,75990.0,82150.0,71400.0,60224,140503.0,76030.0,36,76040.0,31,76050.0,51,76060.0,73,76070.0,15,76080.0,8,76090.0,18,76100.0,124,76110.0,12,76120.0,41,76070.0
cu2408,,13:39:31.0#,76350.0,76470.0,75990.0,82150.0,71400.0,60224,140503.0,76030.0,36,76040.0,31,76050.0,51,76060.0,74,76070.0,15,76080.0,8,76090.0,11,76100.0,124,76110.0,12,76120.0,41,76070.0
cu2408,,13:39:31.500#,76350.0,76470.0,75990.0,82150.0,71400.0,60224,140503.0,76030.0,36,76040.0,30,76050.0,51,76060.0,75,76070.0,15,76080.0,8,76090.0,11,76100.0,123,76110.0,12,76120.0,41,76070.0
cu2408,,13:39:32.0#,76350.0,76470.0,75990.0,82150.0,71400.0,60230,140503.0,76030.0,37,76040.0,29,76050.0,51,76060.0,74,76070.0,2,76080.0,14,76090.0,12,76100.0,123,76110.0,13,76120.0,41,76080.0
cu2408,,13:39:32.500#,76350.0,76470.0,75990.0,82150.0,71400.0,60230,140503.0,76030.0,36,76040.0,30,76050.0,52,76060.0,73,76070.0,27,76080.0,2,76090.0,12,76100.0,123,76110.0,13,76120.0,41,76080.0
cu2408,,13:39:33.0#,76350.0,76470.0,75990.0,82150.0,71400.0,60232,140501.0,76040.0,26,76050.0,52,76060.0,75,76070.0,23,76080.0,18,76090.0,11,76100.0,123,76110.0,14,76120.0,41,76130.0,16,76080.0
cu2408,,13:39:33.500#,76350.0,76470.0,75990.0,82150.0,71400.0,60232,140501.0,76040.0,26,76050.0,52,76060.0,75,76070.0,23,76080.0,18,76090.0,9,76100.0,123,76110.0,14,76120.0,40,76130.0,16,76080.0
cu2408,,13:39:34.0#,76350.0,76470.0,75990.0,82150.0,71400.0,60232,140501.0,76040.0,30,76050.0,52,76060.0,75,76070.0,23,76080.0,18,76090.0,9,76100.0,123,76110.0,14,76120.0,40,76130.0,17,76080.0
cu2408,,13:39:34.500#,76350.0,76470.0,75990.0,82150.0,71400.0,60232,140501.0,76040.0,30,76050.0,52,76060.0,75,76070.0,23,76080.0,18,76090.0,6,76100.0,123,76110.0,14,76120.0,40,76130.0,17,76080.0
cu2408,,13:39:35.0#,76350.0,76470.0,75990.0,82150.0,71400.0,60234,140501.0,76040.0,30,76050.0,52,76060.0,75,76070.0,23,76080.0,16,76090.0,12,76100.0,123,76110.0,14,76120.0,40,76130.0,13,76080.0
cu2408,,13:39:35.500#,76350.0,76470.0,75990.0,82150.0,71400.0,60244,140491.0,76040.0,30,76050.0,52,76060.0,73,76070.0,23,76080.0,6,76090.0,12,76100.0,123,76110.0,13,76120.0,40,76130.0,13,76080.0
cu2408,,13:39:36.0#,76350.0,76470.0,75990.0,82150.0,71400.0,60251,140491.0,76040.0,30,76050.0,52,76060.0,73,76070.0,23,76080.0,4,76090.0,1,76100.0,123,76110.0,14,76120.0,40,76130.0,13,76080.0
cu2408,,13:39:36.500#,76350.0,76470.0,75990.0,82150.0,71400.0,60251,140491.0,76040.0,30,76050.0,52,76060.0,73,76070.0,27,76080.0,1,76090.0,1,76100.0,123,76110.0,14,76120.0,40,76130.0,13,76080.0
cu2408,,13:39:37.0#,76350.0,76470.0,75990.0,82150.0,71400.0,60251,140491.0,76030.0,36,76040.0,30,76050.0,52,76060.0,75,76070.0,27,76090.0,14,76100.0,123,76110.0,14,76120.0,40,76130.0,13,76080.0
cu2408,,13:39:37.500#,76350.0,76470.0,75990.0,82150.0,71400.0,60251,140491.0,76030.0,36,76040.0,30,76050.0,52,76060.0,75,76070.0,33,76090.0,14,76100.0,123,76110.0,14,76120.0,40,76130.0,13,76080.0
cu2408,,13:39:38.0#,76350.0,76470.0,75990.0,82150.0,71400.0,60251,140491.0,76040.0,30,76050.0,52,76060.0,75,76070.0,33,76080.0,3,76090.0,14,76100.0,123,76110.0,14,76120.0,40,76130.0,13,76080.0
cu2408,,13:39:38.500#,76350.0,76470.0,75990.0,82150.0,71400.0,60252,140491.0,76040.0,30,76050.0,52,76060.0,75,76070.0,33,76080.0,3,76090.0,11,76100.0,122,76110.0,14,76120.0,41,76130.0,13,76090.0
cu2408,,13:39:39.0#,76350.0,76470.0,75990.0,82150.0,71400.0,60252,140491.0,76040.0,30,76050.0,52,76060.0,75,76070.0,33,76080.0,7,76090.0,11,76100.0,122,76110.0,14,76120.0,41,76130.0,13,76090.0
cu2408,,13:39:39.500#,76350.0,76470.0,75990.0,82150.0,71400.0,60253,140491.0,76040.0,30,76050.0,52,76060.0,75,76070.0,33,76080.0,18,76090.0,1,76100.0,122,76110.0,14,76120.0,41,76130.0,13,76080.0
cu2408,,13:39:40.0#,76350.0,76470.0,75990.0,82150.0,71400.0,60266,140485.0,76040.0,30,76050.0,52,76060.0,75,76070.0,33,76080.0,6,76090.0,3,76100.0,122,76110.0,14,76120.0,41,76130.0,13,76090.0
cu2408,,13:39:40.500#,76350.0,76470.0,75990.0,82150.0,71400.0,60266,140485.0,76040.0,30,76050.0,51,76060.0,75,76070.0,35,76080.0,25,76100.0,120,76110.0,13,76120.0,41,76130.0,13,76140.0,15,76090.0
cu2408,,13:39:41.0#,76350.0,76470.0,75990.0,82150.0,71400.0,60269,140488.0,76040.0,30,76050.0,51,76060.0,76,76070.0,35,76080.0,16,76090.0,4,76100.0,120,76110.0,12,76120.0,42,76130.0,13,76090.0
cu2408,,13:39:41.500#,76350.0,76470.0,75990.0,82150.0,71400.0,60269,140488.0,76040.0,30,76050.0,51,76060.0,76,76070.0,35,76080.0,13,76090.0,7,76100.0,120,76110.0,12,76120.0,43,76130.0,13,76090.0
cu2408,,13:39:42.0#,76350.0,76470.0,75990.0,82150.0,71400.0,60269,140488.0,76040.0,30,76050.0,51,76060.0,76,76070.0,35,76080.0,13,76090.0,3,76100.0,120,76110.0,12,76120.0,43,76130.0,13,76090.0
cu2408,,13:39:43.500#,76350.0,76470.0,75990.0,82150.0,71400.0,60269,140488.0,76040.0,30,76050.0,51,76060.0,76,76070.0,35,76080.0,13,76100.0,120,76110.0,12,76120.0,43,76130.0,13,76140.0,15,76090.0
cu2408,,13:39:44.500#,76350.0,76470.0,75990.0,82150.0,71400.0,60270,140487.0,76040.0,30,76050.0,51,76060.0,76,76070.0,35,76080.0,12,76100.0,120,76110.0,12,76120.0,43,76130.0,13,76140.0,15,76080.0
cu2408,,13:39:45.0#,76350.0,76470.0,75990.0,82150.0,71400.0,60270,140487.0,76040.0,30,76050.0,51,76060.0,76,76070.0,35,76080.0,12,76100.0,120,76110.0,12,76120.0,43,76130.0,13,76140.0,15,76080.0
cu2408,,13:39:45.500#,76350.0,76470.0,75990.0,82150.0,71400.0,60290,140467.0,76040.0,30,76050.0,51,76060.0,76,76070.0,35,76080.0,12,76100.0,100,76110.0,12,76120.0,43,76130.0,13,76140.0,15,76100.0
cu2408,,13:39:46.0#,76350.0,76470.0,75990.0,82150.0,71400.0,60290,140467.0,76040.0,30,76050.0,52,76060.0,76,76070.0,35,76080.0,12,76100.0,100,76110.0,12,76120.0,42,76130.0,13,76140.0,15,76100.0
cu2408,,13:39:46.500#,76350.0,76470.0,75990.0,82150.0,71400.0,60293,140469.0,76040.0,30,76050.0,52,76060.0,76,76070.0,35,76080.0,12,76090.0,1,76100.0,100,76110.0,12,76120.0,42,76130.0,13,76090.0
cu2408,,13:39:47.0#,76350.0,76470.0,75990.0,82150.0,71400.0,60293,140469.0,76040.0,30,76050.0,52,76060.0,76,76070.0,35,76080.0,12,76100.0,100,76110.0,12,76120.0,42,76130.0,13,76140.0,15,76090.0
cu2408,,13:39:49.0#,76350.0,76470.0,75990.0,82150.0,71400.0,60293,140469.0,76040.0,30,76050.0,52,76060.0,76,76070.0,35,76080.0,17,76100.0,100,76110.0,12,76120.0,42,76130.0,13,76140.0,15,76090.0
cu2408,,13:39:50.0#,76350.0,76470.0,75990.0,82150.0,71400.0,60295,140469.0,76040.0,30,76050.0,52,76060.0,76,76070.0,35,76080.0,15,76100.0,100,76110.0,12,76120.0,42,76130.0,13,76140.0,15,76080.0
cu2408,,13:39:50.500#,76350.0,76470.0,75990.0,82150.0,71400.0,60295,140469.0,76050.0,52,76060.0,76,76070.0,35,76080.0,15,76090.0,13,76100.0,100,76110.0,12,76120.0,42,76130.0,13,76140.0,15,76080.0
cu2408,,13:39:51.0#,76350.0,76470.0,75990.0,82150.0,71400.0,60295,140469.0,76050.0,52,76060.0,76,76070.0,35,76080.0,10,76090.0,9,76100.0,100,76110.0,12,76120.0,42,76130.0,13,76140.0,15,76080.0
cu2408,,13:39:52.0#,76350.0,76470.0,75990.0,82150.0,71400.0,60295,140469.0,76050.0,52,76060.0,76,76070.0,34,76080.0,10,76090.0,11,76100.0,100,76110.0,12,76120.0,42,76130.0,13,76140.0,15,76080.0
cu2408,,13:39:52.500#,76350.0,76470.0,75990.0,82150.0,71400.0,60295,140469.0,76050.0,52,76060.0,76,76070.0,34,76080.0,10,76090.0,11,76100.0,100,76110.0,8,76120.0,42,76130.0,13,76140.0,15,76080.0
cu2408,,13:39:53.0#,76350.0,76470.0,75990.0,82150.0,71400.0,60297,140471.0,76050.0,52,76060.0,76,76070.0,34,76080.0,10,76090.0,9,76100.0,100,76110.0,7,76120.0,42,76130.0,13,76140.0,15,76090.0
cu2408,,13:39:53.500#,76350.0,76470.0,75990.0,82150.0,71400.0,60317,140451.0,76050.0,52,76060.0,76,76070.0,34,76080.0,10,76090.0,6,76100.0,80,76110.0,7,76120.0,42,76130.0,13,76140.0,15,76100.0
cu2408,,13:39:54.0#,76350.0,76470.0,75990.0,82150.0,71400.0,60317,140451.0,76050.0,52,76060.0,76,76070.0,34,76080.0,10,76090.0,7,76100.0,80,76110.0,7,76120.0,42,76130.0,13,76140.0,15,76100.0
cu2408,,13:39:54.500#,76350.0,76470.0,75990.0,82150.0,71400.0,60317,140451.0,76050.0,52,76060.0,76,76070.0,34,76080.0,10,76090.0,8,76100.0,80,76110.0,7,76120.0,41,76130.0,13,76140.0,15,76100.0
cu2408,,13:39:55.500#,76350.0,76470.0,75990.0,82150.0,71400.0,60317,140451.0,76050.0,52,76060.0,77,76070.0,36,76080.0,10,76090.0,15,76100.0,80,76110.0,7,76120.0,41,76130.0,13,76140.0,15,76100.0
cu2408,,13:39:56.500#,76350.0,76470.0,75990.0,82150.0,71400.0,60356,140412.0,76050.0,52,76060.0,77,76070.0,36,76080.0,10,76090.0,20,76100.0,41,76110.0,7,76120.0,41,76130.0,13,76140.0,15,76100.0
cu2408,,13:39:57.0#,76350.0,76470.0,75990.0,82150.0,71400.0,60372,140412.0,76050.0,52,76060.0,77,76070.0,36,76080.0,11,76090.0,20,76100.0,25,76110.0,6,76120.0,41,76130.0,13,76140.0,15,76100.0
cu2408,,13:39:57.500#,76350.0,76470.0,75990.0,82150.0,71400.0,60375,140409.0,76050.0,52,76060.0,77,76070.0,36,76080.0,12,76090.0,24,76100.0,22,76110.0,6,76120.0,41,76130.0,12,76140.0,15,76100.0
cu2408,,13:39:58.0#,76350.0,76470.0,75990.0,82150.0,71400.0,60376,140408.0,76050.0,52,76060.0,77,76070.0,36,76080.0,12,76090.0,21,76100.0,21,76110.0,6,76120.0,40,76130.0,12,76140.0,16,76100.0
cu2408,,13:39:58.500#,76350.0,76470.0,75990.0,82150.0,71400.0,60379,140407.0,76050.0,52,76060.0,76,76070.0,36,76080.0,12,76090.0,21,76100.0,18,76110.0,6,76120.0,39,76130.0,12,76140.0,16,76100.0
cu2408,,13:39:59.0#,76350.0,76470.0,75990.0,82150.0,71400.0,60379,140407.0,76050.0,52,76060.0,76,76070.0,37,76080.0,12,76090.0,25,76100.0,18,76110.0,6,76120.0,39,76130.0,13,76140.0,16,76100.0
cu2408,,13:39:59.500#,76350.0,76470.0,75990.0,82150.0,71400.0,60397,140390.0,76060.0,76,76070.0,37,76080.0,12,76090.0,25,76100.0,2,76110.0,6,76120.0,39,76130.0,13,76140.0,16,76150.0,20,76100.0
cu2408,,13:40:00.0#,76350.0,76470.0,75990.0,82150.0,71400.0,60397,140390.0,76060.0,76,76070.0,38,76080.0,12,76090.0,25,76100.0,3,76110.0,14,76120.0,38,76130.0,12,76140.0,18,76150.0,20,76100.0
cu2408,,13:40:00.500#,76350.0,76470.0,75990.0,82150.0,71400.0,60398,140390.0,76060.0,76,76070.0,38,76080.0,12,76090.0,25,76100.0,5,76110.0,13,76120.0,38,76130.0,12,76140.0,18,76150.0,20,76110.0
cu2408,,13:40:01.0#,76350.0,76470.0,75990.0,82150.0,71400.0,60403,140385.0,76050.0,51,76060.0,76,76070.0,38,76080.0,12,76090.0,25,76100.0,2,76110.0,14,76120.0,38,76130.0,12,76140.0,18,76100.0
cu2408,,13:40:01.500#,76350.0,76470.0,75990.0,82150.0,71400.0,60405,140384.0,76050.0,51,76060.0,76,76070.0,38,76080.0,12,76090.0,19,76110.0,14,76120.0,38,76130.0,12,76140.0,18,76150.0,20,76090.0
cu2408,,13:40:02.0#,76350.0,76470.0,75990.0,82150.0,71400.0,60405,140384.0,76060.0,76,76070.0,38,76080.0,12,76090.0,23,76100.0,11,76110.0,14,76120.0,38,76130.0,12,76140.0,18,76150.0,20,76090.0
cu2408,,13:40:02.500#,76350.0,76470.0,75990.0,82150.0,71400.0,60405,140384.0,76050.0,51,76060.0,76,76070.0,38,76080.0,12,76090.0,23,76100.0,10,76110.0,11,76120.0,38,76130.0,12,76140.0,18,76090.0
cu2408,,13:40:03.0#,76350.0,76470.0,75990.0,82150.0,71400.0,60414,140378.0,76050.0,51,76060.0,76,76070.0,38,76080.0,12,76090.0,14,76100.0,10,76110.0,10,76120.0,38,76130.0,13,76140.0,18,76090.0
cu2408,,13:40:03.500#,76350.0,76470.0,75990.0,82150.0,71400.0,60414,140378.0,76050.0,51,76060.0,76,76070.0,38,76080.0,12,76090.0,2,76100.0,18,76110.0,10,76120.0,39,76130.0,13,76140.0,17,76090.0
cu2408,,13:40:04.0#,76350.0,76470.0,75990.0,82150.0,71400.0,60414,140378.0,76050.0,51,76060.0,76,76070.0,38,76080.0,12,76090.0,2,76100.0,18,76110.0,10,76120.0,39,76130.0,13,76140.0,17,76090.0
cu2408,,13:40:04.500#,76350.0,76470.0,75990.0,82150.0,71400.0,60414,140378.0,76050.0,51,76060.0,76,76070.0,38,76080.0,12,76090.0,2,76100.0,18,76110.0,14,76120.0,39,76130.0,13,76140.0,17,76090.0
cu2408,,13:40:05.0#,76350.0,76470.0,75990.0,82150.0,71400.0,60414,140378.0,76050.0,51,76060.0,76,76070.0,38,76080.0,12,76090.0,2,76100.0,22,76110.0,14,76120.0,39,76130.0,13,76140.0,17,76090.0
cu2408,,13:40:05.500#,76350.0,76470.0,75990.0,82150.0,71400.0,60432,140377.0,76060.0,76,76070.0,38,76080.0,11,76090.0,2,76100.0,2,76110.0,14,76120.0,39,76130.0,13,76140.0,17,76150.0,20,76100.0
cu2408,,13:40:06.0#,76350.0,76470.0,75990.0,82150.0,71400.0,60434,140375.0,76050.0,51,76060.0,76,76070.0,38,76080.0,10,76090.0,6,76100.0,3,76110.0,21,76120.0,39,76130.0,13,76140.0,18,76100.0
cu2408,,13:40:06.500#,76350.0,76470.0,75990.0,82150.0,71400.0,60434,140375.0,76050.0,51,76060.0,76,76070.0,38,76080.0,10,76090.0,2,76100.0,13,76110.0,20,76120.0,39,76130.0,13,76140.0,18,76100.0
cu2408,,13:40:07.0#,76350.0,76470.0,75990.0,82150.0,71400.0,60434,140375.0,76050.0,51,76060.0,76,76070.0,38,76080.0,10,76090.0,2,76100.0,11,76110.0,20,76120.0,39,76130.0,13,76140.0,18,76100.0
cu2408,,13:40:07.500#,76350.0,76470.0,75990.0,82150.0,71400.0,60434,140375.0,76050.0,51,76060.0,76,76070.0,38,76080.0,10,76090.0,2,76100.0,15,76110.0,20,76120.0,39,76130.0,13,76140.0,18,76100.0
cu2408,,13:40:08.0#,76350.0,76470.0,75990.0,82150.0,71400.0,60434,140375.0,76050.0,51,76060.0,76,76070.0,37,76080.0,9,76090.0,2,76100.0,11,76110.0,20,76120.0,39,76130.0,12,76140.0,18,76100.0
cu2408,,13:40:08.500#,76350.0,76470.0,75990.0,82150.0,71400.0,60436,140376.0,76040.0,32,76050.0,51,76060.0,77,76070.0,37,76080.0,9,76100.0,11,76110.0,20,76120.0,40,76130.0,12,76140.0,18,76090.0
cu2408,,13:40:09.0#,76350.0,76470.0,75990.0,82150.0,71400.0,60436,140376.0,76040.0,32,76050.0,52,76060.0,77,76070.0,36,76080.0,10,76100.0,15,76110.0,20,76120.0,40,76130.0,12,76140.0,18,76090.0
cu2408,,13:40:09.500#,76350.0,76470.0,75990.0,82150.0,71400.0,60436,140376.0,76040.0,32,76050.0,52,76060.0,77,76070.0,36,76080.0,6,76100.0,15,76110.0,20,76120.0,40,76130.0,12,76140.0,18,76090.0
cu2408,,13:40:10.0#,76350.0,76470.0,75990.0,82150.0,71400.0,60436,140376.0,76040.0,32,76050.0,52,76060.0,76,76070.0,31,76080.0,6,76090.0,13,76100.0,20,76110.0,20,76120.0,40,76130.0,12,76090.0
cu2408,,13:40:10.500#,76350.0,76470.0,75990.0,82150.0,71400.0,60440,140378.0,76030.0,36,76040.0,32,76050.0,52,76060.0,76,76070.0,31,76080.0,3,76090.0,17,76100.0,19,76110.0,22,76120.0,41,76080.0
cu2408,,13:40:11.0#,76350.0,76470.0,75990.0,82150.0,71400.0,60447,140374.0,76030.0,36,76040.0,32,76050.0,52,76060.0,76,76070.0,3,76080.0,4,76090.0,17,76100.0,18,76110.0,22,76120.0,42,76070.0
cu2408,,13:40:11.500#,76350.0,76470.0,75990.0,82150.0,71400.0,60457,140372.0,76040.0,32,76050.0,52,76060.0,76,76070.0,7,76080.0,10,76090.0,17,76100.0,18,76110.0,22,76120.0,42,76130.0,12,76080.0
cu2408,,13:40:12.0#,76350.0,76470.0,75990.0,82150.0,71400.0,60459,140372.0,76040.0,32,76050.0,52,76060.0,76,76070.0,7,76080.0,8,76090.0,17,76100.0,19,76110.0,22,76120.0,43,76130.0,12,76080.0
cu2408,,13:40:12.500#,76350.0,76470.0,75990.0,82150.0,71400.0,60467,140372.0,76030.0,36,76040.0,32,76050.0,52,76060.0,76,76070.0,7,76090.0,17,76100.0,19,76110.0,22,76120.0,43,76130.0,12,76080.0
cu2408,,13:40:13.0#,76350.0,76470.0,75990.0,82150.0,71400.0,60467,140372.0,76030.0,36,76040.0,32,76050.0,52,76060.0,76,76070.0,8,76080.0,4,76090.0,18,76100.0,19,76110.0,22,76120.0,43,76080.0
cu2408,,13:40:13.500#,76350.0,76470.0,75990.0,82150.0,71400.0,60471,140368.0,76030.0,36,76040.0,32,76050.0,52,76060.0,76,76070.0,4,76090.0,18,76100.0,19,76110.0,22,76120.0,43,76130.0,12,76070.0
cu2408,,13:40:14.0#,76350.0,76470.0,75990.0,82150.0,71400.0,60471,140368.0,76030.0,36,76040.0,32,76050.0,52,76060.0,75,76070.0,4,76090.0,18,76100.0,21,76110.0,22,76120.0,42,76130.0,12,76070.0
cu2408,,13:40:14.500#,76350.0,76470.0,75990.0,82150.0,71400.0,60471,140368.0,76030.0,36,76040.0,33,76050.0,52,76060.0,75,76070.0,8,76090.0,18,76100.0,22,76110.0,22,76120.0,42,76130.0,12,76070.0
cu2408,,13:40:15.0#,76350.0,76470.0,75990.0,82150.0,71400.0,60471,140368.0,76030.0,36,76040.0,32,76050.0,52,76060.0,75,76070.0,8,76090.0,18,76100.0,21,76110.0,22,76120.0,42,76130.0,12,76070.0
cu2408,,13:40:15.500#,76350.0,76470.0,75990.0,82150.0,71400.0,60473,140368.0,76030.0,36,76040.0,32,76050.0,53,76060.0,75,76070.0,5,76080.0,5,76090.0,30,76100.0,21,76110.0,23,76120.0,42,76080.0
cu2408,,13:40:16.0#,76350.0,76470.0,75990.0,82150.0,71400.0,60475,140369.0,76030.0,36,76040.0,32,76050.0,53,76060.0,75,76070.0,1,76080.0,12,76090.0,30,76100.0,21,76110.0,23,76120.0,42,76080.0
cu2408,,13:40:17.0#,76350.0,76470.0,75990.0,82150.0,71400.0,60488,140362.0,76040.0,32,76050.0,53,76060.0,75,76070.0,5,76080.0,7,76090.0,30,76100.0,21,76110.0,23,76120.0,42,76130.0,13,76080.0
cu2408,,13:40:17.500#,76350.0,76470.0,75990.0,82150.0,71400.0,60495,140355.0,76030.0,36,76040.0,32,76050.0,53,76060.0,75,76070.0,4,76080.0,18,76090.0,31,76100.0,21,76110.0,23,76120.0,42,76080.0
cu2408,,13:40:18.0#,76350.0,76470.0,75990.0,82150.0,71400.0,60497,140355.0,76020.0,29,76030.0,36,76040.0,36,76050.0,53,76060.0,75,76070.0,4,76080.0,12,76090.0,30,76100.0,21,76110.0,23,76070.0
cu2408,,13:40:18.500#,76350.0,76470.0,75990.0,82150.0,71400.0,60497,140355.0,76020.0,29,76030.0,37,76040.0,36,76050.0,52,76060.0,75,76070.0,6,76080.0,16,76090.0,30,76100.0,22,76110.0,23,76070.0
cu2408,,13:40:19.0#,76350.0,76470.0,75990.0,82150.0,71400.0,60501,140355.0,76020.0,29,76030.0,37,76040.0,36,76050.0,51,76060.0,70,76070.0,3,76080.0,16,76090.0,29,76100.0,22,76110.0,22,76060.0
cu2408,,13:40:19.500#,76350.0,76470.0,75990.0,82150.0,71400.0,60503,140355.0,76020.0,29,76030.0,37,76040.0,37,76050.0,51,76060.0,70,76070.0,1,76080.0,16,76090.0,29,76100.0,23,76110.0,22,76070.0
cu2408,,13:40:20.0#,76350.0,76470.0,75990.0,82150.0,71400.0,60504,140355.0,76030.0,37,76040.0,37,76050.0,51,76060.0,70,76070.0,2,76080.0,16,76090.0,29,76100.0,23,76110.0,22,76120.0,41,76070.0
cu2408,,13:40:20.500#,76350.0,76470.0,75990.0,82150.0,71400.0,60504,140355.0,76030.0,37,76040.0,37,76050.0,51,76060.0,70,76070.0,5,76080.0,16,76090.0,29,76100.0,23,76110.0,22,76120.0,41,76070.0
cu2408,,13:40:21.0#,76350.0,76470.0,75990.0,82150.0,71400.0,60504,140355.0,76030.0,37,76040.0,37,76050.0,51,76060.0,70,76070.0,8,76080.0,10,76090.0,29,76100.0,23,76110.0,22,76120.0,41,76070.0
cu2408,,13:40:21.500#,76350.0,76470.0,75990.0,82150.0,71400.0,60506,140353.0,76030.0,37,76040.0,37,76050.0,51,76060.0,70,76070.0,23,76080.0,6,76090.0,24,76100.0,23,76110.0,22,76120.0,41,76070.0
cu2408,,13:40:22.0#,76350.0,76470.0,75990.0,82150.0,71400.0,60508,140353.0,76030.0,37,76040.0,37,76050.0,51,76060.0,71,76070.0,23,76080.0,4,76090.0,20,76100.0,23,76110.0,22,76120.0,41,76080.0
cu2408,,13:40:22.500#,76350.0,76470.0,75990.0,82150.0,71400.0,60514,140355.0,76040.0,36,76050.0,52,76060.0,71,76070.0,28,76080.0,2,76090.0,18,76100.0,22,76110.0,22,76120.0,41,76130.0,13,76090.0
cu2408,,13:40:23.0#,76350.0,76470.0,75990.0,82150.0,71400.0,60554,140373.0,76030.0,36,76040.0,36,76050.0,54,76060.0,71,76070.0,5,76080.0,4,76090.0,16,76100.0,19,76110.0,23,76120.0,42,76070.0
cu2408,,13:40:23.500#,76350.0,76470.0,75990.0,82150.0,71400.0,60554,140373.0,76030.0,36,76040.0,32,76050.0,54,76060.0,75,76070.0,22,76090.0,16,76100.0,19,76110.0,23,76120.0,42,76130.0,13,76070.0
cu2408,,13:40:24.0#,76350.0,76470.0,75990.0,82150.0,71400.0,60554,140373.0,76040.0,32,76050.0,53,76060.0,71,76070.0,26,76080.0,5,76090.0,16,76100.0,19,76110.0,23,76120.0,42,76130.0,13,76070.0
cu2408,,13:40:24.500#,76350.0,76470.0,75990.0,82150.0,71400.0,60556,140371.0,76040.0,32,76050.0,57,76060.0,71,76070.0,27,76080.0,3,76090.0,14,76100.0,19,76110.0,23,76120.0,42,76130.0,13,76090.0
cu2408,,13:40:25.0#,76350.0,76470.0,75990.0,82150.0,71400.0,60557,140370.0,76040.0,32,76050.0,57,76060.0,71,76070.0,23,76080.0,2,76090.0,15,76100.0,19,76110.0,23,76120.0,42,76130.0,13,76080.0
cu2408,,13:40:25.500#,76350.0,76470.0,75990.0,82150.0,71400.0,60566,140375.0,76040.0,32,76050.0,57,76060.0,74,76070.0,23,76080.0,1,76090.0,8,76100.0,19,76110.0,23,76120.0,42,76130.0,13,76090.0
cu2408,,13:40:26.0#,76350.0,76470.0,75990.0,82150.0,71400.0,60567,140374.0,76030.0,36,76040.0,32,76050.0,57,76060.0,74,76070.0,23,76090.0,9,76100.0,19,76110.0,23,76120.0,42,76130.0,13,76080.0
cu2408,,13:40:26.500#,76350.0,76470.0,75990.0,82150.0,71400.0,60567,140374.0,76030.0,36,76040.0,32,76050.0,57,76060.0,75,76070.0,27,76080.0,5,76090.0,8,76100.0,19,76110.0,23,76120.0,42,76080.0
cu2408,,13:40:27.0#,76350.0,76470.0,75990.0,82150.0,71400.0,60568,140373.0,76030.0,36,76040.0,32,76050.0,57,76060.0,75,76070.0,23,76080.0,4,76090.0,8,76100.0,19,76110.0,23,76120.0,42,76080.0
cu2408,,13:40:27.500#,76350.0,76470.0,75990.0,82150.0,71400.0,60568,140373.0,76030.0,36,76040.0,32,76050.0,57,76060.0,75,76070.0,22,76080.0,4,76090.0,8,76100.0,19,76110.0,23,76120.0,42,76080.0
cu2408,,13:40:28.0#,76350.0,76470.0,75990.0,82150.0,71400.0,60573,140373.0,76040.0,32,76050.0,53,76060.0,75,76070.0,22,76080.0,2,76090.0,8,76100.0,19,76110.0,23,76120.0,42,76130.0,17,76080.0
cu2408,,13:40:28.500#,76350.0,76470.0,75990.0,82150.0,71400.0,60574,140373.0,76040.0,32,76050.0,53,76060.0,75,76070.0,20,76080.0,1,76090.0,20,76100.0,19,76110.0,23,76120.0,42,76130.0,17,76080.0
cu2408,,13:40:29.0#,76350.0,76470.0,75990.0,82150.0,71400.0,60575,140373.0,76030.0,36,76040.0,32,76050.0,53,76060.0,75,76070.0,20,76090.0,15,76100.0,19,76110.0,23,76120.0,42,76130.0,17,76080.0
cu2408,,13:40:29.500#,76350.0,76470.0,75990.0,82150.0,71400.0,60575,140373.0,76030.0,36,76040.0,32,76050.0,53,76060.0,75,76070.0,24,76090.0,14,76100.0,19,76110.0,23,76120.0,42,76130.0,17,76080.0
cu2408,,13:40:30.500#,76350.0,76470.0,75990.0,82150.0,71400.0,60575,140373.0,76040.0,32,76050.0,53,76060.0,75,76070.0,24,76080.0,13,76090.0,14,76100.0,19,76110.0,23,76120.0,42,76130.0,17,76080.0
cu2408,,13:40:31.0#,76350.0,76470.0,75990.0,82150.0,71400.0,60576,140372.0,76040.0,32,76050.0,53,76060.0,75,76070.0,24,76080.0,12,76090.0,13,76100.0,19,76110.0,23,76120.0,42,76130.0,17,76080.0
cu2408,,13:40:31.500#,76350.0,76470.0,75990.0,82150.0,71400.0,60586,140363.0,76040.0,32,76050.0,53,76060.0,75,76070.0,24,76080.0,5,76090.0,8,76100.0,19,76110.0,23,76120.0,42,76130.0,17,76080.0
cu2408,,13:40:32.0#,76350.0,76470.0,75990.0,82150.0,71400.0,60586,140363.0,76040.0,32,76050.0,53,76060.0,75,76070.0,24,76080.0,20,76090.0,3,76100.0,19,76110.0,23,76120.0,42,76130.0,17,76080.0
cu2408,,13:40:32.500#,76350.0,76470.0,75990.0,82150.0,71400.0,60586,140363.0,76040.0,32,76050.0,53,76060.0,75,76070.0,24,76080.0,20,76090.0,2,76100.0,14,76110.0,23,76120.0,42,76130.0,17,76080.0
cu2408,,13:40:33.0#,76350.0,76470.0,75990.0,82150.0,71400.0,60586,140363.0,76040.0,32,76050.0,53,76060.0,75,76070.0,26,76080.0,20,76090.0,2,76100.0,14,76110.0,23,76120.0,42,76130.0,17,76080.0
cu2408,,13:40:33.500#,76350.0,76470.0,75990.0,82150.0,71400.0,60586,140363.0,76040.0,32,76050.0,53,76060.0,75,76070.0,26,76080.0,20,76090.0,3,76100.0,14,76110.0,23,76120.0,42,76130.0,17,76080.0
cu2408,,13:40:34.0#,76350.0,76470.0,75990.0,82150.0,71400.0,60586,140363.0,76040.0,32,76050.0,53,76060.0,76,76070.0,26,76080.0,17,76090.0,3,76100.0,14,76110.0,23,76120.0,42,76130.0,17,76080.0
cu2408,,13:40:35.0#,76350.0,76470.0,75990.0,82150.0,71400.0,60588,140365.0,76040.0,32,76050.0,53,76060.0,76,76070.0,26,76080.0,15,76090.0,1,76100.0,14,76110.0,23,76120.0,42,76130.0,17,76090.0
cu2408,,13:40:36.0#,76350.0,76470.0,75990.0,82150.0,71400.0,60589,140365.0,76050.0,53,76060.0,76,76070.0,26,76080.0,15,76090.0,2,76100.0,14,76110.0,23,76120.0,42,76130.0,17,76140.0,16,76090.0
cu2408,,13:40:36.500#,76350.0,76470.0,75990.0,82150.0,71400.0,60594,140367.0,76040.0,32,76050.0,53,76060.0,76,76070.0,26,76080.0,15,76090.0,1,76100.0,20,76110.0,23,76120.0,42,76130.0,17,76090.0
cu2408,,13:40:37.0#,76350.0,76470.0,75990.0,82150.0,71400.0,60595,140366.0,76040.0,32,76050.0,53,76060.0,76,76070.0,26,76080.0,18,76090.0,1,76100.0,19,76110.0,23,76120.0,42,76130.0,17,76080.0
cu2408,,13:40:37.500#,76350.0,76470.0,75990.0,82150.0,71400.0,60595,140366.0,76040.0,32,76050.0,56,76060.0,76,76070.0,26,76080.0,18,76090.0,1,76100.0,19,76110.0,23,76120.0,42,76130.0,17,76080.0
cu2408,,13:40:38.0#,76350.0,76470.0,75990.0,82150.0,71400.0,60606,140355.0,76030.0,36,76040.0,32,76050.0,56,76060.0,76,76070.0,26,76080.0,2,76090.0,4,76100.0,19,76110.0,23,76120.0,42,76080.0
cu2408,,13:40:38.500#,76350.0,76470.0,75990.0,82150.0,71400.0,60608,140355.0,76030.0,36,76040.0,32,76050.0,56,76060.0,76,76070.0,26,76090.0,4,76100.0,19,76110.0,23,76120.0,42,76130.0,17,76080.0
cu2408,,13:40:40.0#,76350.0,76470.0,75990.0,82150.0,71400.0,60608,140355.0,76030.0,36,76040.0,32,76050.0,56,76060.0,76,76070.0,26,76090.0,10,76100.0,19,76110.0,23,76120.0,42,76130.0,17,76080.0
cu2408,,13:40:41.0#,76350.0,76470.0,75990.0,82150.0,71400.0,60608,140355.0,76030.0,36,76040.0,32,76050.0,56,76060.0,76,76070.0,26,76090.0,16,76100.0,19,76110.0,23,76120.0,42,76130.0,17,76080.0
cu2408,,13:40:42.0#,76350.0,76470.0,75990.0,82150.0,71400.0,60608,140355.0,76030.0,36,76040.0,32,76050.0,56,76060.0,76,76070.0,26,76090.0,10,76100.0,19,76110.0,23,76120.0,42,76130.0,17,76080.0
cu2408,,13:40:42.500#,76350.0,76470.0,75990.0,82150.0,71400.0,60609,140354.0,76030.0,36,76040.0,32,76050.0,56,76060.0,76,76070.0,25,76090.0,14,76100.0,19,76110.0,23,76120.0,42,76130.0,17,76070.0
cu2408,,13:40:44.500#,76350.0,76470.0,75990.0,82150.0,71400.0,60610,140354.0,76030.0,36,76040.0,32,76050.0,56,76060.0,76,76070.0,17,76090.0,13,76100.0,19,76110.0,23,76120.0,42,76130.0,17,76090.0
cu2408,,13:40:45.0#,76350.0,76470.0,75990.0,82150.0,71400.0,60610,140354.0,76030.0,36,76040.0,32,76050.0,56,76060.0,76,76070.0,13,76080.0,11,76090.0,13,76100.0,19,76110.0,23,76120.0,42,76090.0
cu2408,,13:40:45.500#,76350.0,76470.0,75990.0,82150.0,71400.0,60610,140354.0,76030.0,36,76040.0,32,76050.0,56,76060.0,76,76070.0,3,76080.0,16,76090.0,13,76100.0,19,76110.0,23,76120.0,42,76090.0
cu2408,,13:40:46.0#,76350.0,76470.0,75990.0,82150.0,71400.0,60610,140354.0,76030.0,36,76040.0,32,76050.0,56,76060.0,76,76070.0,3,76080.0,16,76090.0,13,76100.0,21,76110.0,23,76120.0,42,76090.0
cu2408,,13:40:46.500#,76350.0,76470.0,75990.0,82150.0,71400.0,60610,140354.0,76030.0,36,76040.0,32,76050.0,56,76060.0,76,76070.0,3,76080.0,15,76090.0,13,76100.0,21,76110.0,23,76120.0,42,76090.0
cu2408,,13:40:47.0#,76350.0,76470.0,75990.0,82150.0,71400.0,60610,140354.0,76030.0,36,76040.0,32,76050.0,56,76060.0,76,76070.0,3,76080.0,6,76090.0,13,76100.0,21,76110.0,23,76120.0,42,76090.0
cu2408,,13:40:47.500#,76350.0,76470.0,75990.0,82150.0,71400.0,60620,140354.0,76040.0,32,76050.0,56,76060.0,76,76070.0,7,76080.0,10,76090.0,13,76100.0,21,76110.0,23,76120.0,42,76130.0,17,76080.0
cu2408,,13:40:48.0#,76350.0,76470.0,75990.0,82150.0,71400.0,60621,140353.0,76040.0,32,76050.0,56,76060.0,76,76070.0,7,76080.0,9,76090.0,14,76100.0,21,76110.0,23,76120.0,42,76130.0,17,76080.0
cu2408,,13:40:48.500#,76350.0,76470.0,75990.0,82150.0,71400.0,60622,140352.0,76040.0,32,76050.0,56,76060.0,76,76070.0,7,76080.0,17,76090.0,7,76100.0,21,76110.0,23,76120.0,42,76130.0,17,76080.0
cu2408,,13:40:49.0#,76350.0,76470.0,75990.0,82150.0,71400.0,60622,140352.0,76040.0,32,76050.0,56,76060.0,76,76070.0,7,76080.0,17,76090.0,7,76100.0,21,76110.0,23,76120.0,42,76130.0,17,76080.0
cu2408,,13:40:50.0#,76350.0,76470.0,75990.0,82150.0,71400.0,60622,140352.0,76040.0,32,76050.0,56,76060.0,76,76070.0,7,76080.0,17,76090.0,19,76100.0,21,76110.0,23,76120.0,42,76130.0,17,76080.0
cu2408,,13:40:50.500#,76350.0,76470.0,75990.0,82150.0,71400.0,60622,140352.0,76040.0,32,76050.0,56,76060.0,76,76070.0,8,76080.0,17,76090.0,23,76100.0,21,76110.0,23,76120.0,42,76130.0,17,76080.0
cu2408,,13:40:51.0#,76350.0,76470.0,75990.0,82150.0,71400.0,60623,140351.0,76040.0,32,76050.0,56,76060.0,76,76070.0,8,76080.0,16,76090.0,20,76100.0,21,76110.0,23,76120.0,42,76130.0,17,76080.0
cu2408,,13:40:51.500#,76350.0,76470.0,75990.0,82150.0,71400.0,60625,140349.0,76040.0,32,76050.0,56,76060.0,76,76070.0,8,76080.0,14,76090.0,20,76100.0,21,76110.0,23,76120.0,42,76130.0,17,76080.0
cu2408,,13:40:52.0#,76350.0,76470.0,75990.0,82150.0,71400.0,60626,140348.0,76040.0,32,76050.0,56,76060.0,76,76070.0,8,76080.0,13,76090.0,15,76100.0,21,76110.0,23,76120.0,42,76130.0,17,76080.0
cu2408,,13:40:52.500#,76350.0,76470.0,75990.0,82150.0,71400.0,60627,140347.0,76040.0,32,76050.0,56,76060.0,76,76070.0,8,76080.0,12,76090.0,9,76100.0,21,76110.0,23,76120.0,42,76130.0,17,76080.0
cu2408,,13:40:53.500#,76350.0,76470.0,75990.0,82150.0,71400.0,60627,140347.0,76040.0,32,76050.0,56,76060.0,76,76070.0,8,76080.0,12,76090.0,9,76100.0,21,76110.0,23,76120.0,42,76130.0,17,76080.0
cu2408,,13:40:54.500#,76350.0,76470.0,75990.0,82150.0,71400.0,60634,140347.0,76050.0,56,76060.0,76,76070.0,8,76080.0,3,76090.0,2,76100.0,21,76110.0,23,76120.0,42,76130.0,17,76140.0,16,76090.0
cu2408,,13:40:55.0#,76350.0,76470.0,75990.0,82150.0,71400.0,60636,140347.0,76040.0,32,76050.0,56,76060.0,76,76070.0,8,76080.0,3,76090.0,8,76100.0,21,76110.0,23,76120.0,42,76130.0,17,76090.0
cu2408,,13:40:55.500#,76350.0,76470.0,75990.0,82150.0,71400.0,60636,140347.0,76040.0,32,76050.0,56,76060.0,76,76070.0,8,76080.0,15,76090.0,5,76100.0,21,76110.0,23,76120.0,42,76130.0,17,76090.0
cu2408,,13:40:56.0#,76350.0,76470.0,75990.0,82150.0,71400.0,60636,140347.0,76040.0,32,76050.0,56,76060.0,76,76070.0,8,76080.0,15,76090.0,5,76100.0,21,76110.0,23,76120.0,42,76130.0,17,76090.0
cu2408,,13:40:56.500#,76350.0,76470.0,75990.0,82150.0,71400.0,60638,140347.0,76040.0,32,76050.0,56,76060.0,76,76070.0,8,76080.0,15,76090.0,3,76100.0,21,76110.0,23,76120.0,42,76130.0,17,76090.0
cu2408,,13:40:57.500#,76350.0,76470.0,75990.0,82150.0,71400.0,60638,140347.0,76040.0,32,76050.0,56,76060.0,76,76070.0,8,76080.0,15,76090.0,3,76100.0,19,76110.0,22,76120.0,41,76130.0,17,76090.0
cu2408,,13:40:58.0#,76350.0,76470.0,75990.0,82150.0,71400.0,60638,140347.0,76040.0,32,76050.0,56,76060.0,76,76070.0,8,76080.0,15,76090.0,3,76100.0,19,76110.0,22,76120.0,42,76130.0,17,76090.0
cu2408,,13:40:58.500#,76350.0,76470.0,75990.0,82150.0,71400.0,60638,140347.0,76040.0,32,76050.0,56,76060.0,76,76070.0,8,76080.0,15,76090.0,3,76100.0,19,76110.0,22,76120.0,42,76130.0,18,76090.0
cu2408,,13:40:59.500#,76350.0,76470.0,75990.0,82150.0,71400.0,60638,140347.0,76040.0,32,76050.0,56,76060.0,76,76070.0,8,76080.0,15,76090.0,2,76100.0,20,76110.0,22,76120.0,42,76130.0,18,76090.0
cu2408,,13:41:00.0#,76350.0,76470.0,75990.0,82150.0,71400.0,60638,140347.0,76040.0,32,76050.0,56,76060.0,76,76070.0,8,76080.0,15,76090.0,1,76100.0,20,76110.0,22,76120.0,42,76130.0,18,76090.0
cu2408,,13:41:01.0#,76350.0,76470.0,75990.0,82150.0,71400.0,60638,140347.0,76040.0,32,76050.0,56,76060.0,76,76070.0,8,76080.0,15,76090.0,1,76100.0,20,76110.0,22,76120.0,42,76130.0,18,76090.0
cu2408,,13:41:01.500#,76350.0,76470.0,75990.0,82150.0,71400.0,60652,140334.0,76040.0,32,76050.0,56,76060.0,76,76070.0,8,76080.0,1,76090.0,5,76100.0,20,76110.0,22,76120.0,42,76130.0,18,76080.0
cu2408,,13:41:02.0#,76350.0,76470.0,75990.0,82150.0,71400.0,60655,140331.0,76030.0,36,76040.0,32,76050.0,56,76060.0,76,76070.0,8,76080.0,2,76090.0,6,76100.0,20,76110.0,22,76120.0,42,76080.0
cu2408,,13:41:02.500#,76350.0,76470.0,75990.0,82150.0,71400.0,60655,140331.0,76030.0,36,76040.0,32,76050.0,56,76060.0,76,76070.0,20,76090.0,5,76100.0,20,76110.0,22,76120.0,42,76130.0,18,76080.0
cu2408,,13:41:03.0#,76350.0,76470.0,75990.0,82150.0,71400.0,60675,140318.0,76030.0,36,76040.0,32,76050.0,56,76060.0,76,76070.0,1,76080.0,3,76090.0,22,76100.0,20,76110.0,22,76120.0,42,76080.0
cu2408,,13:41:03.500#,76350.0,76470.0,75990.0,82150.0,71400.0,60675,140318.0,76020.0,29,76030.0,36,76040.0,32,76050.0,56,76060.0,81,76070.0,18,76080.0,5,76090.0,22,76100.0,20,76110.0,22,76080.0
cu2408,,13:41:04.0#,76350.0,76470.0,75990.0,82150.0,71400.0,60693,140311.0,76020.0,29,76030.0,37,76040.0,33,76050.0,55,76060.0,92,76080.0,3,76090.0,22,76100.0,23,76110.0,22,76120.0,41,76060.0
cu2408,,13:41:04.500#,76350.0,76470.0,75990.0,82150.0,71400.0,60715,140333.0,76020.0,29,76030.0,37,76040.0,33,76050.0,55,76060.0,51,76080.0,33,76090.0,24,76100.0,23,76110.0,19,76120.0,41,76060.0
cu2408,,13:41:05.0#,76350.0,76470.0,75990.0,82150.0,71400.0,60737,140345.0,76020.0,30,76030.0,37,76040.0,31,76050.0,55,76060.0,24,76070.0,24,76080.0,32,76090.0,24,76100.0,24,76110.0,19,76060.0
cu2408,,13:41:05.500#,76350.0,76470.0,75990.0,82150.0,71400.0,60782,140350.0,76010.0,87,76020.0,30,76030.0,38,76040.0,31,76050.0,54,76070.0,5,76080.0,32,76090.0,24,76100.0,24,76110.0,20,76070.0
cu2408,,13:41:06.0#,76350.0,76470.0,75990.0,82150.0,71400.0,60783,140350.0,76010.0,87,76020.0,30,76030.0,39,76040.0,31,76050.0,60,76070.0,10,76080.0,32,76090.0,24,76100.0,20,76110.0,20,76070.0
cu2408,,13:41:06.500#,76350.0,76470.0,75990.0,82150.0,71400.0,60784,140350.0,76010.0,87,76020.0,30,76030.0,42,76040.0,31,76050.0,51,76060.0,7,76070.0,8,76080.0,34,76090.0,24,76100.0,21,76070.0
cu2408,,13:41:07.0#,76350.0,76470.0,75990.0,82150.0,71400.0,60784,140350.0,76010.0,87,76020.0,30,76030.0,42,76040.0,31,76050.0,51,76060.0,7,76070.0,8,76080.0,34,76090.0,24,76100.0,21,76070.0
cu2408,,13:41:07.500#,76350.0,76470.0,75990.0,82150.0,71400.0,60784,140350.0,76010.0,87,76020.0,30,76030.0,42,76040.0,31,76050.0,51,76060.0,7,76070.0,8,76080.0,34,76090.0,24,76100.0,21,76070.0
cu2408,,13:41:08.0#,76350.0,76470.0,75990.0,82150.0,71400.0,60786,140350.0,76010.0,87,76020.0,30,76030.0,42,76040.0,31,76050.0,51,76060.0,5,76070.0,8,76080.0,34,76090.0,24,76100.0,21,76060.0
cu2408,,13:41:08.500#,76350.0,76470.0,75990.0,82150.0,71400.0,60786,140350.0,76010.0,87,76020.0,30,76030.0,42,76040.0,31,76050.0,51,76060.0,2,76070.0,8,76080.0,34,76090.0,24,76100.0,21,76060.0
cu2408,,13:41:09.500#,76350.0,76470.0,75990.0,82150.0,71400.0,60787,140351.0,76020.0,30,76030.0,42,76040.0,31,76050.0,67,76060.0,5,76070.0,9,76080.0,29,76090.0,24,76100.0,22,76110.0,20,76060.0
cu2408,,13:41:10.0#,76350.0,76470.0,75990.0,82150.0,71400.0,60787,140351.0,76020.0,30,76030.0,42,76040.0,31,76050.0,67,76060.0,5,76070.0,9,76080.0,29,76090.0,24,76100.0,22,76110.0,20,76060.0
cu2408,,13:41:11.0#,76350.0,76470.0,75990.0,82150.0,71400.0,60791,140354.0,76020.0,30,76030.0,42,76040.0,32,76050.0,67,76060.0,2,76070.0,5,76080.0,29,76090.0,24,76100.0,22,76110.0,20,76060.0
cu2408,,13:41:11.500#,76350.0,76470.0,75990.0,82150.0,71400.0,60791,140354.0,76020.0,30,76030.0,42,76040.0,31,76050.0,67,76060.0,2,76070.0,5,76080.0,29,76090.0,24,76100.0,22,76110.0,20,76060.0
cu2408,,13:41:12.500#,76350.0,76470.0,75990.0,82150.0,71400.0,60791,140354.0,76020.0,30,76030.0,42,76040.0,31,76050.0,67,76060.0,3,76070.0,5,76080.0,29,76090.0,24,76100.0,22,76110.0,20,76060.0
cu2408,,13:41:13.0#,76350.0,76470.0,75990.0,82150.0,71400.0,60791,140354.0,76020.0,30,76030.0,42,76040.0,31,76050.0,67,76060.0,7,76070.0,5,76080.0,29,76090.0,24,76100.0,22,76110.0,20,76060.0
cu2408,,13:41:13.500#,76350.0,76470.0,75990.0,82150.0,71400.0,60792,140355.0,76020.0,30,76030.0,42,76040.0,31,76050.0,67,76060.0,6,76070.0,2,76080.0,29,76090.0,24,76100.0,22,76110.0,20,76060.0
cu2408,,13:41:14.0#,76350.0,76470.0,75990.0,82150.0,71400.0,60797,140356.0,76020.0,30,76030.0,42,76040.0,31,76050.0,67,76060.0,1,76070.0,3,76080.0,29,76090.0,24,76100.0,22,76110.0,20,76060.0
cu2408,,13:41:14.500#,76350.0,76470.0,75990.0,82150.0,71400.0,60797,140356.0,76010.0,87,76020.0,30,76030.0,42,76040.0,31,76050.0,61,76060.0,4,76070.0,13,76080.0,29,76090.0,24,76100.0,22,76060.0
cu2408,,13:41:15.0#,76350.0,76470.0,75990.0,82150.0,71400.0,60801,140359.0,76010.0,87,76020.0,30,76030.0,42,76040.0,31,76050.0,67,76070.0,13,76080.0,29,76090.0,24,76100.0,21,76110.0,20,76050.0
cu2408,,13:41:15.500#,76350.0,76470.0,75990.0,82150.0,71400.0,60807,140359.0,76010.0,87,76020.0,30,76030.0,42,76040.0,31,76050.0,65,76070.0,15,76080.0,29,76090.0,24,76100.0,21,76110.0,20,76050.0
cu2408,,13:41:16.0#,76350.0,76470.0,75990.0,82150.0,71400.0,60807,140359.0,76010.0,87,76020.0,30,76030.0,42,76040.0,31,76050.0,46,76070.0,15,76080.0,29,76090.0,24,76100.0,21,76110.0,20,76050.0
cu2408,,13:41:18.0#,76350.0,76470.0,75990.0,82150.0,71400.0,60807,140359.0,76020.0,30,76030.0,42,76040.0,28,76050.0,46,76060.0,2,76070.0,22,76080.0,29,76090.0,24,76100.0,21,76110.0,20,76050.0
cu2408,,13:41:18.500#,76350.0,76470.0,75990.0,82150.0,71400.0,60807,140359.0,76010.0,87,76020.0,30,76030.0,43,76040.0,28,76050.0,46,76070.0,22,76080.0,29,76090.0,24,76100.0,21,76110.0,20,76050.0
cu2408,,13:41:19.0#,76350.0,76470.0,75990.0,82150.0,71400.0,60807,140359.0,76020.0,30,76030.0,43,76040.0,28,76050.0,51,76060.0,8,76070.0,17,76080.0,29,76090.0,24,76100.0,21,76110.0,20,76050.0
cu2408,,13:41:19.500#,76350.0,76470.0,75990.0,82150.0,71400.0,60807,140359.0,76020.0,30,76030.0,43,76040.0,28,76050.0,46,76060.0,2,76070.0,15,76080.0,29,76090.0,24,76100.0,21,76110.0,20,76050.0
cu2408,,13:41:20.0#,76350.0,76470.0,75990.0,82150.0,71400.0,60807,140359.0,76010.0,87,76020.0,30,76030.0,43,76040.0,28,76050.0,46,76060.0,4,76070.0,15,76080.0,29,76090.0,23,76100.0,21,76050.0
cu2408,,13:41:20.500#,76350.0,76470.0,75990.0,82150.0,71400.0,60811,140362.0,76010.0,87,76020.0,30,76030.0,43,76040.0,30,76050.0,47,76070.0,15,76080.0,29,76090.0,23,76100.0,21,76110.0,20,76050.0
cu2408,,13:41:21.0#,76350.0,76470.0,75990.0,82150.0,71400.0,60812,140362.0,76020.0,30,76030.0,43,76040.0,30,76050.0,61,76060.0,8,76070.0,14,76080.0,29,76090.0,23,76100.0,21,76110.0,20,76070.0
cu2408,,13:41:21.500#,76350.0,76470.0,75990.0,82150.0,71400.0,60814,140361.0,76010.0,87,76020.0,30,76030.0,43,76040.0,30,76050.0,42,76070.0,12,76080.0,29,76090.0,23,76100.0,21,76110.0,20,76070.0
cu2408,,13:41:22.0#,76350.0,76470.0,75990.0,82150.0,71400.0,60835,140361.0,76030.0,43,76040.0,30,76050.0,42,76060.0,3,76070.0,1,76080.0,29,76090.0,23,76100.0,21,76110.0,20,76120.0,39,76060.0
cu2408,,13:41:22.500#,76350.0,76470.0,75990.0,82150.0,71400.0,60841,140357.0,76010.0,87,76020.0,30,76030.0,42,76040.0,30,76050.0,42,76070.0,4,76080.0,30,76090.0,23,76100.0,21,76110.0,20,76070.0
cu2408,,13:41:23.0#,76350.0,76470.0,75990.0,82150.0,71400.0,60842,140357.0,76010.0,87,76020.0,30,76030.0,43,76040.0,30,76050.0,46,76070.0,7,76080.0,29,76090.0,23,76100.0,21,76110.0,21,76070.0
cu2408,,13:41:23.500#,76350.0,76470.0,75990.0,82150.0,71400.0,60842,140357.0,76010.0,87,76020.0,30,76030.0,43,76040.0,30,76050.0,46,76070.0,7,76080.0,29,76090.0,23,76100.0,21,76110.0,21,76070.0
cu2408,,13:41:24.0#,76350.0,76470.0,75990.0,82150.0,71400.0,60842,140357.0,76010.0,87,76020.0,30,76030.0,43,76040.0,30,76050.0,46,76070.0,7,76080.0,29,76090.0,23,76100.0,21,76110.0,21,76070.0
cu2408,,13:41:24.500#,76350.0,76470.0,75990.0,82150.0,71400.0,60842,140357.0,76010.0,87,76020.0,30,76030.0,44,76040.0,30,76050.0,50,76070.0,6,76080.0,29,76090.0,23,76100.0,21,76110.0,21,76070.0
cu2408,,13:41:25.0#,76350.0,76470.0,75990.0,82150.0,71400.0,60845,140356.0,76010.0,87,76020.0,30,76030.0,44,76040.0,31,76050.0,50,76070.0,3,76080.0,29,76090.0,23,76100.0,21,76110.0,21,76070.0
cu2408,,13:41:25.500#,76350.0,76470.0,75990.0,82150.0,71400.0,60846,140357.0,76010.0,87,76020.0,30,76030.0,44,76040.0,31,76050.0,50,76070.0,4,76080.0,29,76090.0,23,76100.0,21,76110.0,21,76050.0
cu2408,,13:41:26.0#,76350.0,76470.0,75990.0,82150.0,71400.0,60847,140358.0,76020.0,30,76030.0,44,76040.0,31,76050.0,49,76060.0,18,76080.0,29,76090.0,23,76100.0,21,76110.0,21,76120.0,39,76070.0
cu2408,,13:41:26.500#,76350.0,76470.0,75990.0,82150.0,71400.0,60847,140358.0,76030.0,44,76040.0,31,76050.0,44,76060.0,13,76070.0,1,76080.0,29,76090.0,23,76100.0,21,76110.0,21,76120.0,39,76070.0
cu2408,,13:41:27.0#,76350.0,76470.0,75990.0,82150.0,71400.0,60848,140358.0,76020.0,30,76030.0,43,76040.0,32,76050.0,44,76060.0,13,76080.0,29,76090.0,23,76100.0,21,76110.0,21,76120.0,39,76070.0
cu2408,,13:41:28.0#,76350.0,76470.0,75990.0,82150.0,71400.0,60849,140357.0,76020.0,30,76030.0,43,76040.0,32,76050.0,44,76060.0,13,76070.0,12,76080.0,29,76090.0,23,76100.0,20,76110.0,21,76070.0
cu2408,,13:41:28.500#,76350.0,76470.0,75990.0,82150.0,71400.0,60850,140356.0,76020.0,30,76030.0,43,76040.0,32,76050.0,44,76060.0,9,76070.0,11,76080.0,29,76090.0,23,76100.0,21,76110.0,21,76070.0
cu2408,,13:41:29.0#,76350.0,76470.0,75990.0,82150.0,71400.0,60850,140356.0,76020.0,30,76030.0,43,76040.0,32,76050.0,44,76060.0,10,76070.0,11,76080.0,29,76090.0,23,76100.0,21,76110.0,21,76070.0
cu2408,,13:41:30.0#,76350.0,76470.0,75990.0,82150.0,71400.0,60850,140356.0,76020.0,30,76030.0,43,76040.0,32,76050.0,44,76060.0,10,76070.0,11,76080.0,29,76090.0,23,76100.0,21,76110.0,20,76070.0
cu2408,,13:41:30.500#,76350.0,76470.0,75990.0,82150.0,71400.0,60850,140356.0,76020.0,30,76030.0,43,76040.0,32,76050.0,44,76060.0,10,76070.0,11,76080.0,29,76090.0,23,76100.0,21,76110.0,20,76070.0
cu2408,,13:41:31.0#,76350.0,76470.0,75990.0,82150.0,71400.0,60861,140348.0,76020.0,30,76030.0,43,76040.0,32,76050.0,44,76060.0,1,76080.0,29,76090.0,23,76100.0,21,76110.0,20,76120.0,39,76060.0
cu2408,,13:41:31.500#,76350.0,76470.0,75990.0,82150.0,71400.0,60861,140348.0,76020.0,30,76030.0,44,76040.0,32,76050.0,44,76060.0,3,76070.0,4,76080.0,29,76090.0,23,76100.0,22,76110.0,20,76060.0
cu2408,,13:41:32.0#,76350.0,76470.0,75990.0,82150.0,71400.0,60861,140348.0,76020.0,30,76030.0,43,76040.0,32,76050.0,40,76060.0,1,76070.0,13,76080.0,29,76090.0,23,76100.0,22,76110.0,20,76060.0
cu2408,,13:41:32.500#,76350.0,76470.0,75990.0,82150.0,71400.0,60862,140347.0,76010.0,87,76020.0,30,76030.0,43,76040.0,32,76050.0,40,76070.0,12,76080.0,29,76090.0,23,76100.0,22,76110.0,20,76070.0
cu2408,,13:41:33.0#,76350.0,76470.0,75990.0,82150.0,71400.0,60862,140347.0,76010.0,87,76020.0,31,76030.0,44,76040.0,32,76050.0,46,76060.0,3,76070.0,13,76080.0,29,76090.0,23,76100.0,22,76070.0
cu2408,,13:41:33.500#,76350.0,76470.0,75990.0,82150.0,71400.0,60863,140346.0,76020.0,31,76030.0,44,76040.0,32,76050.0,40,76060.0,3,76070.0,12,76080.0,29,76090.0,23,76100.0,22,76110.0,20,76070.0
cu2408,,13:41:34.0#,76350.0,76470.0,75990.0,82150.0,71400.0,60864,140345.0,76020.0,31,76030.0,44,76040.0,32,76050.0,40,76060.0,3,76070.0,12,76080.0,29,76090.0,23,76100.0,22,76110.0,20,76070.0
cu2408,,13:41:34.500#,76350.0,76470.0,75990.0,82150.0,71400.0,60876,140342.0,76030.0,44,76040.0,36,76050.0,40,76060.0,6,76070.0,8,76080.0,29,76090.0,23,76100.0,22,76110.0,20,76120.0,39,76070.0
cu2408,,13:41:35.0#,76350.0,76470.0,75990.0,82150.0,71400.0,60880,140339.0,76030.0,43,76040.0,36,76050.0,40,76060.0,4,76070.0,4,76080.0,29,76090.0,23,76100.0,22,76110.0,20,76120.0,39,76070.0
cu2408,,13:41:35.500#,76350.0,76470.0,75990.0,82150.0,71400.0,60885,140340.0,76020.0,31,76030.0,43,76040.0,34,76050.0,44,76060.0,3,76070.0,9,76080.0,29,76090.0,23,76100.0,21,76110.0,20,76060.0
cu2408,,13:41:36.0#,76350.0,76470.0,75990.0,82150.0,71400.0,60890,140344.0,76010.0,87,76020.0,31,76030.0,43,76040.0,34,76050.0,44,76070.0,5,76080.0,28,76090.0,23,76100.0,21,76110.0,20,76060.0
cu2408,,13:41:36.500#,76350.0,76470.0,75990.0,82150.0,71400.0,60890,140344.0,76020.0,31,76030.0,44,76040.0,34,76050.0,45,76060.0,1,76070.0,29,76080.0,28,76090.0,23,76100.0,21,76110.0,20,76060.0
cu2408,,13:41:37.0#,76350.0,76470.0,75990.0,82150.0,71400.0,60890,140344.0,76020.0,31,76030.0,44,76040.0,34,76050.0,45,76060.0,8,76070.0,29,76080.0,28,76090.0,23,76100.0,22,76110.0,20,76060.0
cu2408,,13:41:37.500#,76350.0,76470.0,75990.0,82150.0,71400.0,60894,140344.0,76020.0,31,76030.0,44,76040.0,34,76050.0,45,76060.0,4,76070.0,29,76080.0,28,76090.0,23,76100.0,22,76110.0,20,76060.0
cu2408,,13:41:38.0#,76350.0,76470.0,75990.0,82150.0,71400.0,60904,140348.0,76020.0,31,76030.0,44,76040.0,34,76050.0,45,76060.0,3,76070.0,19,76080.0,28,76090.0,23,76100.0,22,76110.0,20,76060.0
cu2408,,13:41:38.500#,76350.0,76470.0,75990.0,82150.0,71400.0,60904,140348.0,76010.0,87,76020.0,31,76030.0,44,76040.0,34,76050.0,45,76070.0,15,76080.0,28,76090.0,23,76100.0,22,76110.0,20,76060.0
cu2408,,13:41:40.0#,76350.0,76470.0,75990.0,82150.0,71400.0,60904,140348.0,76010.0,87,76020.0,31,76030.0,43,76040.0,34,76050.0,45,76070.0,15,76080.0,28,76090.0,23,76100.0,22,76110.0,20,76060.0
cu2408,,13:41:40.500#,76350.0,76470.0,75990.0,82150.0,71400.0,60904,140348.0,76010.0,87,76020.0,31,76030.0,44,76040.0,34,76050.0,51,76070.0,16,76080.0,28,76090.0,23,76100.0,22,76110.0,20,76060.0
cu2408,,13:41:41.0#,76350.0,76470.0,75990.0,82150.0,71400.0,60904,140348.0,76010.0,87,76020.0,31,76030.0,44,76040.0,34,76050.0,51,76070.0,14,76080.0,28,76090.0,23,76100.0,22,76110.0,20,76060.0
cu2408,,13:41:42.0#,76350.0,76470.0,75990.0,82150.0,71400.0,60904,140348.0,76010.0,87,76020.0,31,76030.0,44,76040.0,34,76050.0,51,76070.0,13,76080.0,28,76090.0,23,76100.0,22,76110.0,20,76060.0
cu2408,,13:41:42.500#,76350.0,76470.0,75990.0,82150.0,71400.0,60904,140348.0,76010.0,87,76020.0,31,76030.0,44,76040.0,38,76050.0,51,76070.0,13,76080.0,28,76090.0,23,76100.0,22,76110.0,20,76060.0
cu2408,,13:41:43.0#,76350.0,76470.0,75990.0,82150.0,71400.0,60904,140348.0,76010.0,87,76020.0,31,76030.0,44,76040.0,38,76050.0,51,76070.0,7,76080.0,28,76090.0,23,76100.0,22,76110.0,20,76060.0
cu2408,,13:41:43.500#,76350.0,76470.0,75990.0,82150.0,71400.0,60904,140348.0,76020.0,31,76030.0,44,76040.0,38,76050.0,51,76060.0,2,76070.0,5,76080.0,28,76090.0,23,76100.0,22,76110.0,20,76060.0
cu2408,,13:41:44.0#,76350.0,76470.0,75990.0,82150.0,71400.0,60904,140348.0,76020.0,31,76030.0,44,76040.0,38,76050.0,51,76060.0,16,76070.0,1,76080.0,28,76090.0,23,76100.0,22,76110.0,20,76060.0
cu2408,,13:41:44.500#,76350.0,76470.0,75990.0,82150.0,71400.0,60905,140349.0,76020.0,31,76030.0,44,76040.0,38,76050.0,52,76060.0,19,76080.0,28,76090.0,23,76100.0,22,76110.0,20,76120.0,39,76070.0
cu2408,,13:41:45.0#,76350.0,76470.0,75990.0,82150.0,71400.0,60905,140349.0,76020.0,31,76030.0,44,76040.0,38,76050.0,52,76060.0,20,76080.0,17,76090.0,23,76100.0,22,76110.0,20,76120.0,39,76070.0
cu2408,,13:41:45.500#,76350.0,76470.0,75990.0,82150.0,71400.0,60905,140349.0,76020.0,31,76030.0,44,76040.0,38,76050.0,52,76060.0,20,76070.0,5,76080.0,17,76090.0,23,76100.0,22,76110.0,20,76070.0
cu2408,,13:41:47.0#,76350.0,76470.0,75990.0,82150.0,71400.0,60910,140344.0,76020.0,31,76030.0,44,76040.0,38,76050.0,52,76060.0,20,76080.0,17,76090.0,23,76100.0,52,76110.0,20,76120.0,39,76070.0
cu2408,,13:41:47.500#,76350.0,76470.0,75990.0,82150.0,71400.0,60910,140344.0,76020.0,31,76030.0,44,76040.0,38,76050.0,52,76060.0,17,76080.0,23,76090.0,23,76100.0,52,76110.0,20,76120.0,39,76070.0
cu2408,,13:41:48.0#,76350.0,76470.0,75990.0,82150.0,71400.0,60914,140346.0,76020.0,31,76030.0,44,76040.0,38,76050.0,46,76060.0,8,76080.0,23,76090.0,23,76100.0,52,76110.0,20,76120.0,39,76060.0
cu2408,,13:41:48.500#,76350.0,76470.0,75990.0,82150.0,71400.0,60915,140346.0,76020.0,31,76030.0,44,76040.0,38,76050.0,46,76060.0,5,76070.0,1,76080.0,23,76090.0,23,76100.0,52,76110.0,20,76070.0
cu2408,,13:41:49.0#,76350.0,76470.0,75990.0,82150.0,71400.0,60915,140346.0,76020.0,31,76030.0,44,76040.0,38,76050.0,46,76060.0,8,76080.0,23,76090.0,23,76100.0,52,76110.0,20,76120.0,39,76070.0
cu2408,,13:41:50.0#,76350.0,76470.0,75990.0,82150.0,71400.0,60916,140345.0,76020.0,31,76030.0,44,76040.0,38,76050.0,46,76060.0,8,76080.0,22,76090.0,23,76100.0,52,76110.0,20,76120.0,39,76080.0
cu2408,,13:41:50.500#,76350.0,76470.0,75990.0,82150.0,71400.0,60917,140344.0,76020.0,31,76030.0,44,76040.0,38,76050.0,46,76060.0,8,76070.0,9,76080.0,23,76090.0,23,76100.0,52,76110.0,20,76080.0
cu2408,,13:41:51.0#,76350.0,76470.0,75990.0,82150.0,71400.0,60917,140344.0,76020.0,31,76030.0,44,76040.0,38,76050.0,46,76060.0,8,76070.0,1,76080.0,23,76090.0,23,76100.0,52,76110.0,20,76080.0
cu2408,,13:41:52.0#,76350.0,76470.0,75990.0,82150.0,71400.0,60917,140344.0,76020.0,31,76030.0,44,76040.0,38,76050.0,46,76060.0,8,76070.0,4,76080.0,23,76090.0,23,76100.0,51,76110.0,20,76080.0
cu2408,,13:41:52.500#,76350.0,76470.0,75990.0,82150.0,71400.0,60919,140342.0,76020.0,31,76030.0,44,76040.0,38,76050.0,46,76060.0,6,76070.0,6,76080.0,23,76090.0,23,76100.0,51,76110.0,20,76070.0
cu2408,,13:41:53.500#,76350.0,76470.0,75990.0,82150.0,71400.0,60919,140342.0,76020.0,31,76030.0,43,76040.0,38,76050.0,46,76060.0,2,76070.0,15,76080.0,23,76090.0,23,76100.0,51,76110.0,20,76070.0
cu2408,,13:41:54.0#,76350.0,76470.0,75990.0,82150.0,71400.0,60922,140342.0,76020.0,31,76030.0,43,76040.0,38,76050.0,46,76060.0,1,76070.0,9,76080.0,23,76090.0,23,76100.0,51,76110.0,20,76060.0
cu2408,,13:41:54.500#,76350.0,76470.0,75990.0,82150.0,71400.0,60922,140342.0,76020.0,31,76030.0,43,76040.0,38,76050.0,46,76060.0,1,76070.0,8,76080.0,23,76090.0,23,76100.0,51,76110.0,20,76060.0
cu2408,,13:41:55.0#,76350.0,76470.0,75990.0,82150.0,71400.0,60922,140342.0,76020.0,31,76030.0,43,76040.0,38,76050.0,46,76060.0,3,76070.0,8,76080.0,23,76090.0,23,76100.0,51,76110.0,20,76060.0
cu2408,,13:41:55.500#,76350.0,76470.0,75990.0,82150.0,71400.0,60922,140342.0,76020.0,31,76030.0,43,76040.0,38,76050.0,46,76060.0,3,76070.0,4,76080.0,23,76090.0,23,76100.0,51,76110.0,20,76060.0
cu2408,,13:41:56.0#,76350.0,76470.0,75990.0,82150.0,71400.0,60922,140342.0,76020.0,31,76030.0,43,76040.0,38,76050.0,46,76060.0,7,76070.0,4,76080.0,23,76090.0,23,76100.0,51,76110.0,20,76060.0
cu2408,,13:41:56.500#,76350.0,76470.0,75990.0,82150.0,71400.0,60922,140342.0,76020.0,31,76030.0,43,76040.0,38,76050.0,46,76060.0,3,76070.0,4,76080.0,23,76090.0,23,76100.0,51,76110.0,20,76060.0
cu2408,,13:41:57.0#,76350.0,76470.0,75990.0,82150.0,71400.0,60922,140342.0,76020.0,31,76030.0,43,76040.0,38,76050.0,46,76060.0,5,76070.0,13,76080.0,23,76090.0,23,76100.0,51,76110.0,20,76060.0
cu2408,,13:41:57.500#,76350.0,76470.0,75990.0,82150.0,71400.0,60924,140340.0,76020.0,31,76030.0,43,76040.0,38,76050.0,42,76060.0,9,76070.0,11,76080.0,23,76090.0,23,76100.0,52,76110.0,20,76070.0
cu2408,,13:41:58.0#,76350.0,76470.0,75990.0,82150.0,71400.0,60924,140340.0,76020.0,31,76030.0,43,76040.0,38,76050.0,42,76060.0,9,76070.0,7,76080.0,23,76090.0,23,76100.0,52,76110.0,20,76070.0
cu2408,,13:41:58.500#,76350.0,76470.0,75990.0,82150.0,71400.0,60924,140340.0,76020.0,31,76030.0,43,76040.0,38,76050.0,42,76060.0,10,76070.0,7,76080.0,23,76090.0,23,76100.0,52,76110.0,20,76070.0
cu2408,,13:41:59.0#,76350.0,76470.0,75990.0,82150.0,71400.0,60928,140340.0,76020.0,31,76030.0,43,76040.0,38,76050.0,42,76060.0,10,76080.0,21,76090.0,23,76100.0,52,76110.0,20,76120.0,39,76080.0
cu2408,,13:41:59.500#,76350.0,76470.0,75990.0,82150.0,71400.0,60931,140343.0,76020.0,31,76030.0,43,76040.0,38,76050.0,42,76060.0,14,76070.0,6,76080.0,21,76090.0,23,76100.0,52,76110.0,20,76070.0
cu2408,,13:42:00.0#,76350.0,76470.0,75990.0,82150.0,71400.0,60932,140342.0,76020.0,31,76030.0,43,76040.0,38,76050.0,42,76060.0,14,76070.0,3,76080.0,21,76090.0,19,76100.0,52,76110.0,20,76070.0
cu2408,,13:42:01.0#,76350.0,76470.0,75990.0,82150.0,71400.0,60932,140342.0,76020.0,31,76030.0,43,76040.0,38,76050.0,43,76060.0,14,76070.0,3,76080.0,21,76090.0,19,76100.0,52,76110.0,20,76070.0
cu2408,,13:42:01.500#,76350.0,76470.0,75990.0,82150.0,71400.0,60932,140342.0,76020.0,31,76030.0,43,76040.0,38,76050.0,43,76060.0,14,76080.0,21,76090.0,19,76100.0,51,76110.0,20,76120.0,39,76070.0
cu2408,,13:42:02.500#,76350.0,76470.0,75990.0,82150.0,71400.0,60932,140342.0,76020.0,31,76030.0,44,76040.0,38,76050.0,43,76060.0,14,76080.0,21,76090.0,19,76100.0,51,76110.0,20,76120.0,39,76070.0
cu2408,,13:42:03.500#,76350.0,76470.0,75990.0,82150.0,71400.0,60932,140342.0,76020.0,31,76030.0,44,76040.0,42,76050.0,43,76060.0,14,76070.0,1,76080.0,21,76090.0,19,76100.0,51,76110.0,20,76070.0
cu2408,,13:42:04.0#,76350.0,76470.0,75990.0,82150.0,71400.0,60932,140342.0,76020.0,31,76030.0,44,76040.0,42,76050.0,43,76060.0,14,76070.0,1,76080.0,21,76090.0,19,76100.0,51,76110.0,20,76070.0
cu2408,,13:42:04.500#,76350.0,76470.0,75990.0,82150.0,71400.0,60932,140342.0,76020.0,31,76030.0,44,76040.0,42,76050.0,43,76060.0,10,76070.0,4,76080.0,21,76090.0,19,76100.0,51,76110.0,20,76070.0
cu2408,,13:42:05.0#,76350.0,76470.0,75990.0,82150.0,71400.0,60932,140342.0,76020.0,31,76030.0,44,76040.0,42,76050.0,43,76060.0,10,76070.0,9,76080.0,21,76090.0,19,76100.0,51,76110.0,20,76070.0
cu2408,,13:42:05.500#,76350.0,76470.0,75990.0,82150.0,71400.0,60932,140342.0,76020.0,31,76030.0,44,76040.0,42,76050.0,43,76060.0,11,76070.0,6,76080.0,21,76090.0,19,76100.0,51,76110.0,20,76070.0
cu2408,,13:42:06.0#,76350.0,76470.0,75990.0,82150.0,71400.0,60932,140342.0,76020.0,31,76030.0,44,76040.0,42,76050.0,43,76060.0,11,76070.0,44,76080.0,21,76090.0,19,76100.0,51,76110.0,20,76070.0
cu2408,,13:42:06.500#,76350.0,76470.0,75990.0,82150.0,71400.0,60934,140340.0,76020.0,31,76030.0,44,76040.0,42,76050.0,43,76060.0,10,76070.0,42,76080.0,21,76090.0,19,76100.0,51,76110.0,20,76070.0
cu2408,,13:42:07.0#,76350.0,76470.0,75990.0,82150.0,71400.0,60934,140340.0,76020.0,31,76030.0,44,76040.0,42,76050.0,43,76060.0,10,76070.0,42,76080.0,21,76090.0,19,76100.0,51,76110.0,20,76070.0
cu2408,,13:42:07.500#,76350.0,76470.0,75990.0,82150.0,71400.0,60935,140341.0,76020.0,31,76030.0,44,76040.0,42,76050.0,43,76060.0,9,76070.0,42,76080.0,21,76090.0,19,76100.0,51,76110.0,20,76060.0
cu2408,,13:42:08.0#,76350.0,76470.0,75990.0,82150.0,71400.0,60935,140341.0,76020.0,35,76030.0,44,76040.0,42,76050.0,43,76060.0,9,76070.0,44,76080.0,21,76090.0,19,76100.0,51,76110.0,20,76060.0
cu2408,,13:42:08.500#,76350.0,76470.0,75990.0,82150.0,71400.0,60935,140341.0,76020.0,35,76030.0,48,76040.0,42,76050.0,43,76060.0,9,76070.0,44,76080.0,21,76090.0,19,76100.0,51,76110.0,20,76060.0
cu2408,,13:42:09.0#,76350.0,76470.0,75990.0,82150.0,71400.0,60936,140341.0,76020.0,35,76030.0,44,76040.0,42,76050.0,43,76060.0,8,76070.0,45,76080.0,21,76090.0,19,76100.0,51,76110.0,20,76060.0
cu2408,,13:42:09.500#,76350.0,76470.0,75990.0,82150.0,71400.0,60937,140342.0,76020.0,35,76030.0,44,76040.0,42,76050.0,43,76060.0,7,76070.0,44,76080.0,21,76090.0,19,76100.0,52,76110.0,20,76060.0
cu2408,,13:42:10.0#,76350.0,76470.0,75990.0,82150.0,71400.0,60937,140342.0,76020.0,35,76030.0,44,76040.0,42,76050.0,43,76060.0,7,76070.0,44,76080.0,21,76090.0,19,76100.0,52,76110.0,20,76060.0
cu2408,,13:42:12.0#,76350.0,76470.0,75990.0,82150.0,71400.0,60957,140322.0,76020.0,35,76030.0,43,76040.0,40,76050.0,43,76060.0,8,76070.0,24,76080.0,21,76090.0,19,76100.0,52,76110.0,20,76070.0
cu2408,,13:42:12.500#,76350.0,76470.0,75990.0,82150.0,71400.0,60960,140319.0,76020.0,35,76030.0,47,76040.0,40,76050.0,43,76060.0,8,76070.0,21,76080.0,21,76090.0,19,76100.0,52,76110.0,20,76070.0
cu2408,,13:42:13.0#,76350.0,76470.0,75990.0,82150.0,71400.0,60962,140317.0,76020.0,35,76030.0,47,76040.0,40,76050.0,43,76060.0,12,76070.0,19,76080.0,21,76090.0,19,76100.0,52,76110.0,20,76070.0
cu2408,,13:42:13.500#,76350.0,76470.0,75990.0,82150.0,71400.0,60962,140317.0,76020.0,35,76030.0,47,76040.0,40,76050.0,47,76060.0,12,76070.0,19,76080.0,21,76090.0,19,76100.0,52,76110.0,20,76070.0
cu2408,,13:42:14.0#,76350.0,76470.0,75990.0,82150.0,71400.0,60963,140317.0,76020.0,31,76030.0,47,76040.0,40,76050.0,47,76060.0,11,76070.0,20,76080.0,21,76090.0,19,76100.0,51,76110.0,20,76060.0
cu2408,,13:42:14.500#,76350.0,76470.0,75990.0,82150.0,71400.0,60963,140317.0,76020.0,31,76030.0,47,76040.0,42,76050.0,47,76060.0,12,76070.0,19,76080.0,21,76090.0,19,76100.0,52,76110.0,20,76060.0
cu2408,,13:42:17.0#,76350.0,76470.0,75990.0,82150.0,71400.0,60965,140315.0,76020.0,31,76030.0,47,76040.0,42,76050.0,47,76060.0,12,76070.0,17,76080.0,16,76090.0,19,76100.0,52,76110.0,20,76070.0
cu2408,,13:42:17.500#,76350.0,76470.0,75990.0,82150.0,71400.0,60967,140313.0,76020.0,31,76030.0,43,76040.0,42,76050.0,47,76060.0,12,76070.0,15,76080.0,16,76090.0,19,76100.0,52,76110.0,20,76070.0
cu2408,,13:42:18.0#,76350.0,76470.0,75990.0,82150.0,71400.0,60968,140313.0,76020.0,31,76030.0,43,76040.0,42,76050.0,47,76060.0,17,76070.0,14,76080.0,15,76090.0,19,76100.0,52,76110.0,20,76070.0
cu2408,,13:42:18.500#,76350.0,76470.0,75990.0,82150.0,71400.0,60986,140317.0,76020.0,31,76030.0,43,76040.0,42,76050.0,47,76060.0,17,76080.0,13,76090.0,19,76100.0,52,76110.0,20,76120.0,39,76060.0
cu2408,,13:42:19.0#,76350.0,76470.0,75990.0,82150.0,71400.0,60988,140318.0,76020.0,31,76030.0,47,76040.0,42,76050.0,47,76060.0,13,76070.0,1,76080.0,16,76090.0,19,76100.0,51,76110.0,21,76060.0
cu2408,,13:42:19.500#,76350.0,76470.0,75990.0,82150.0,71400.0,60988,140318.0,76020.0,31,76030.0,47,76040.0,42,76050.0,47,76060.0,15,76080.0,15,76090.0,19,76100.0,52,76110.0,21,76120.0,39,76060.0
cu2408,,13:42:20.500#,76350.0,76470.0,75990.0,82150.0,71400.0,60988,140318.0,76020.0,31,76030.0,46,76040.0,43,76050.0,49,76060.0,13,76080.0,15,76090.0,19,76100.0,51,76110.0,21,76120.0,39,76060.0
cu2408,,13:42:21.0#,76350.0,76470.0,75990.0,82150.0,71400.0,60988,140318.0,76020.0,31,76030.0,46,76040.0,43,76050.0,49,76060.0,16,76080.0,15,76090.0,19,76100.0,51,76110.0,21,76120.0,39,76060.0
cu2408,,13:42:22.0#,76350.0,76470.0,75990.0,82150.0,71400.0,60988,140318.0,76030.0,46,76040.0,43,76050.0,49,76060.0,13,76070.0,10,76080.0,9,76090.0,19,76100.0,51,76110.0,20,76120.0,39,76060.0
cu2408,,13:42:23.0#,76350.0,76470.0,75990.0,82150.0,71400.0,60990,140318.0,76030.0,47,76040.0,43,76050.0,49,76060.0,12,76070.0,14,76090.0,17,76100.0,51,76110.0,20,76120.0,39,76130.0,8,76080.0
cu2408,,13:42:23.500#,76350.0,76470.0,75990.0,82150.0,71400.0,60990,140318.0,76030.0,47,76040.0,44,76050.0,49,76060.0,12,76070.0,14,76090.0,8,76100.0,50,76110.0,20,76120.0,40,76130.0,8,76080.0
cu2408,,13:42:24.0#,76350.0,76470.0,75990.0,82150.0,71400.0,60990,140318.0,76030.0,47,76040.0,44,76050.0,49,76060.0,15,76070.0,14,76090.0,9,76100.0,50,76110.0,20,76120.0,40,76130.0,8,76080.0
cu2408,,13:42:25.0#,76350.0,76470.0,75990.0,82150.0,71400.0,60990,140318.0,76030.0,47,76040.0,44,76050.0,49,76060.0,15,76070.0,14,76090.0,9,76100.0,50,76110.0,20,76120.0,40,76130.0,9,76080.0
cu2408,,13:42:26.500#,76350.0,76470.0,75990.0,82150.0,71400.0,60991,140318.0,76030.0,47,76040.0,44,76050.0,49,76060.0,15,76070.0,14,76090.0,8,76100.0,50,76110.0,20,76120.0,40,76130.0,9,76090.0
cu2408,,13:42:27.0#,76350.0,76470.0,75990.0,82150.0,71400.0,60991,140318.0,76030.0,47,76040.0,44,76050.0,49,76060.0,15,76070.0,14,76080.0,3,76090.0,9,76100.0,50,76110.0,20,76120.0,40,76090.0
cu2408,,13:42:29.500#,76350.0,76470.0,75990.0,82150.0,71400.0,60991,140318.0,76030.0,47,76040.0,44,76050.0,49,76060.0,15,76070.0,14,76080.0,2,76090.0,10,76100.0,50,76110.0,20,76120.0,40,76090.0
cu2408,,13:42:30.500#,76350.0,76470.0,75990.0,82150.0,71400.0,60993,140318.0,76030.0,47,76040.0,44,76050.0,49,76060.0,15,76070.0,14,76080.0,1,76090.0,10,76100.0,50,76110.0,20,76120.0,40,76080.0
cu2408,,13:42:31.0#,76350.0,76470.0,75990.0,82150.0,71400.0,60993,140318.0,76030.0,47,76040.0,44,76050.0,49,76060.0,15,76070.0,15,76090.0,10,76100.0,50,76110.0,20,76120.0,40,76130.0,9,76080.0
cu2408,,13:42:31.500#,76350.0,76470.0,75990.0,82150.0,71400.0,60993,140318.0,76030.0,47,76040.0,44,76050.0,49,76060.0,15,76070.0,15,76090.0,9,76100.0,50,76110.0,20,76120.0,40,76130.0,9,76080.0
cu2408,,13:42:32.500#,76350.0,76470.0,75990.0,82150.0,71400.0,60995,140318.0,76030.0,47,76040.0,44,76050.0,49,76060.0,15,76070.0,15,76090.0,7,76100.0,50,76110.0,20,76120.0,40,76130.0,9,76090.0
cu2408,,13:42:33.0#,76350.0,76470.0,75990.0,82150.0,71400.0,60996,140317.0,76030.0,46,76040.0,44,76050.0,50,76060.0,15,76070.0,14,76080.0,6,76090.0,18,76100.0,50,76110.0,20,76120.0,40,76070.0
cu2408,,13:42:33.500#,76350.0,76470.0,75990.0,82150.0,71400.0,60997,140317.0,76030.0,46,76040.0,44,76050.0,50,76060.0,15,76070.0,12,76080.0,2,76090.0,18,76100.0,50,76110.0,20,76120.0,36,76070.0
cu2408,,13:42:34.0#,76350.0,76470.0,75990.0,82150.0,71400.0,61000,140315.0,76040.0,44,76050.0,49,76060.0,15,76070.0,14,76080.0,19,76090.0,7,76100.0,50,76110.0,16,76120.0,36,76130.0,9,76080.0
cu2408,,13:42:34.500#,76350.0,76470.0,75990.0,82150.0,71400.0,61002,140314.0,76040.0,44,76050.0,50,76060.0,15,76070.0,14,76080.0,18,76090.0,3,76100.0,50,76110.0,16,76120.0,36,76130.0,9,76090.0
cu2408,,13:42:35.0#,76350.0,76470.0,75990.0,82150.0,71400.0,61003,140313.0,76040.0,44,76050.0,50,76060.0,15,76070.0,14,76080.0,22,76090.0,1,76100.0,50,76110.0,16,76120.0,36,76130.0,9,76080.0
cu2408,,13:42:35.500#,76350.0,76470.0,75990.0,82150.0,71400.0,61004,140312.0,76040.0,44,76050.0,49,76060.0,15,76070.0,13,76080.0,23,76090.0,1,76100.0,50,76110.0,16,76120.0,36,76130.0,9,76080.0
cu2408,,13:42:36.0#,76350.0,76470.0,75990.0,82150.0,71400.0,61006,140310.0,76040.0,44,76050.0,49,76060.0,15,76070.0,13,76080.0,22,76090.0,1,76100.0,50,76110.0,16,76120.0,36,76130.0,9,76080.0
cu2408,,13:42:36.500#,76350.0,76470.0,75990.0,82150.0,71400.0,61007,140309.0,76040.0,44,76050.0,49,76060.0,15,76070.0,13,76080.0,21,76090.0,7,76100.0,50,76110.0,16,76120.0,36,76130.0,9,76080.0
cu2408,,13:42:37.0#,76350.0,76470.0,75990.0,82150.0,71400.0,61009,140307.0,76040.0,44,76050.0,49,76060.0,15,76070.0,13,76080.0,20,76090.0,6,76100.0,50,76110.0,16,76120.0,36,76130.0,9,76090.0
cu2408,,13:42:37.500#,76350.0,76470.0,75990.0,82150.0,71400.0,61012,140306.0,76040.0,44,76050.0,49,76060.0,15,76070.0,8,76080.0,17,76090.0,23,76100.0,50,76110.0,16,76120.0,36,76130.0,9,76080.0
cu2408,,13:42:38.0#,76350.0,76470.0,75990.0,82150.0,71400.0,61015,140303.0,76040.0,44,76050.0,49,76060.0,15,76070.0,8,76080.0,10,76090.0,23,76100.0,50,76110.0,16,76120.0,36,76130.0,9,76080.0
cu2408,,13:42:38.500#,76350.0,76470.0,75990.0,82150.0,71400.0,61015,140303.0,76040.0,44,76050.0,49,76060.0,15,76070.0,7,76080.0,10,76090.0,23,76100.0,50,76110.0,16,76120.0,36,76130.0,9,76080.0
cu2408,,13:42:39.0#,76350.0,76470.0,75990.0,82150.0,71400.0,61015,140303.0,76040.0,44,76050.0,49,76060.0,15,76070.0,7,76080.0,10,76090.0,23,76100.0,50,76110.0,16,76120.0,36,76130.0,9,76080.0
cu2408,,13:42:39.500#,76350.0,76470.0,75990.0,82150.0,71400.0,61015,140303.0,76040.0,44,76050.0,49,76060.0,50,76070.0,7,76080.0,10,76090.0,23,76100.0,50,76110.0,16,76120.0,36,76130.0,9,76080.0
cu2408,,13:42:40.0#,76350.0,76470.0,75990.0,82150.0,71400.0,61015,140303.0,76040.0,44,76050.0,49,76060.0,50,76070.0,7,76080.0,10,76090.0,71,76100.0,50,76110.0,16,76120.0,36,76130.0,9,76080.0
cu2408,,13:42:40.500#,76350.0,76470.0,75990.0,82150.0,71400.0,61064,140309.0,76040.0,44,76050.0,49,76060.0,50,76070.0,7,76080.0,12,76090.0,24,76100.0,49,76110.0,16,76120.0,37,76130.0,9,76090.0
cu2408,,13:42:41.0#,76350.0,76470.0,75990.0,82150.0,71400.0,61073,140301.0,76030.0,46,76040.0,44,76050.0,49,76060.0,50,76070.0,6,76080.0,2,76090.0,24,76100.0,49,76110.0,16,76120.0,37,76080.0
cu2408,,13:42:41.500#,76350.0,76470.0,75990.0,82150.0,71400.0,61075,140300.0,76030.0,46,76040.0,44,76050.0,49,76060.0,50,76070.0,21,76090.0,23,76100.0,49,76110.0,16,76120.0,37,76130.0,9,76080.0
cu2408,,13:42:42.0#,76350.0,76470.0,75990.0,82150.0,71400.0,61075,140300.0,76030.0,46,76040.0,44,76050.0,49,76060.0,50,76070.0,23,76090.0,23,76100.0,49,76110.0,16,76120.0,37,76130.0,9,76080.0
cu2408,,13:42:42.500#,76350.0,76470.0,75990.0,82150.0,71400.0,61079,140297.0,76030.0,46,76040.0,44,76050.0,49,76060.0,50,76070.0,6,76090.0,26,76100.0,49,76110.0,16,76120.0,37,76130.0,9,76090.0
cu2408,,13:42:43.0#,76350.0,76470.0,75990.0,82150.0,71400.0,61080,140297.0,76030.0,46,76040.0,44,76050.0,49,76060.0,50,76070.0,6,76080.0,13,76090.0,26,76100.0,49,76110.0,16,76120.0,37,76070.0
cu2408,,13:42:43.500#,76350.0,76470.0,75990.0,82150.0,71400.0,61081,140297.0,76030.0,46,76040.0,44,76050.0,49,76060.0,50,76070.0,1,76080.0,17,76090.0,27,76100.0,49,76110.0,16,76120.0,37,76070.0
cu2408,,13:42:44.0#,76350.0,76470.0,75990.0,82150.0,71400.0,61082,140296.0,76020.0,31,76030.0,46,76040.0,44,76050.0,49,76060.0,42,76080.0,22,76090.0,29,76100.0,49,76110.0,16,76120.0,37,76070.0
cu2408,,13:42:44.500#,76350.0,76470.0,75990.0,82150.0,71400.0,61086,140297.0,76020.0,31,76030.0,47,76040.0,44,76050.0,46,76060.0,40,76070.0,21,76080.0,31,76090.0,28,76100.0,49,76110.0,17,76070.0
cu2408,,13:42:45.0#,76350.0,76470.0,75990.0,82150.0,71400.0,61086,140297.0,76020.0,31,76030.0,48,76040.0,43,76050.0,46,76060.0,40,76070.0,21,76080.0,31,76090.0,29,76100.0,50,76110.0,17,76070.0
cu2408,,13:42:45.500#,76350.0,76470.0,75990.0,82150.0,71400.0,61087,140297.0,76020.0,31,76030.0,48,76040.0,43,76050.0,46,76060.0,36,76070.0,13,76080.0,31,76090.0,29,76100.0,50,76110.0,17,76060.0
cu2408,,13:42:46.0#,76350.0,76470.0,75990.0,82150.0,71400.0,61096,140289.0,76020.0,31,76030.0,48,76040.0,41,76050.0,46,76060.0,27,76070.0,19,76080.0,31,76090.0,28,76100.0,51,76110.0,17,76060.0
cu2408,,13:42:46.500#,76350.0,76470.0,75990.0,82150.0,71400.0,61096,140289.0,76020.0,31,76030.0,48,76040.0,41,76050.0,46,76060.0,27,76070.0,20,76080.0,31,76090.0,29,76100.0,51,76110.0,17,76060.0
cu2408,,13:42:47.0#,76350.0,76470.0,75990.0,82150.0,71400.0,61123,140282.0,76010.0,86,76020.0,31,76030.0,48,76040.0,41,76050.0,46,76070.0,19,76080.0,31,76090.0,30,76100.0,52,76110.0,16,76060.0
cu2408,,13:42:47.500#,76350.0,76470.0,75990.0,82150.0,71400.0,61125,140282.0,76010.0,86,76020.0,31,76030.0,48,76040.0,41,76050.0,52,76070.0,19,76080.0,30,76090.0,30,76100.0,51,76110.0,16,76070.0
cu2408,,13:42:48.0#,76350.0,76470.0,75990.0,82150.0,71400.0,61125,140282.0,76010.0,86,76020.0,31,76030.0,48,76040.0,41,76050.0,52,76060.0,8,76070.0,18,76080.0,30,76090.0,30,76100.0,51,76070.0
cu2408,,13:42:48.500#,76350.0,76470.0,75990.0,82150.0,71400.0,61125,140282.0,76010.0,86,76020.0,31,76030.0,48,76040.0,41,76050.0,48,76060.0,3,76070.0,17,76080.0,23,76090.0,30,76100.0,51,76070.0
cu2408,,13:42:49.0#,76350.0,76470.0,75990.0,82150.0,71400.0,61125,140282.0,76010.0,86,76020.0,31,76030.0,47,76040.0,41,76050.0,48,76060.0,2,76070.0,17,76080.0,23,76090.0,30,76100.0,51,76070.0
cu2408,,13:42:49.500#,76350.0,76470.0,75990.0,82150.0,71400.0,61125,140282.0,76010.0,86,76020.0,32,76030.0,43,76040.0,41,76050.0,52,76060.0,2,76070.0,16,76080.0,23,76090.0,30,76100.0,51,76070.0
cu2408,,13:42:50.0#,76350.0,76470.0,75990.0,82150.0,71400.0,61126,140282.0,76010.0,86,76020.0,32,76030.0,43,76040.0,41,76050.0,47,76060.0,2,76070.0,16,76080.0,23,76090.0,30,76100.0,51,76050.0
cu2408,,13:42:50.500#,76350.0,76470.0,75990.0,82150.0,71400.0,61129,140280.0,76010.0,86,76020.0,32,76030.0,43,76040.0,41,76050.0,48,76070.0,16,76080.0,23,76090.0,30,76100.0,51,76110.0,16,76060.0
cu2408,,13:42:51.0#,76350.0,76470.0,75990.0,82150.0,71400.0,61130,140280.0,76010.0,86,76020.0,32,76030.0,43,76040.0,41,76050.0,47,76060.0,1,76070.0,23,76080.0,23,76090.0,30,76100.0,51,76050.0
cu2408,,13:42:51.500#,76350.0,76470.0,75990.0,82150.0,71400.0,61131,140280.0,76010.0,86,76020.0,32,76030.0,43,76040.0,41,76050.0,46,76060.0,3,76070.0,23,76080.0,23,76090.0,30,76100.0,51,76050.0
cu2408,,13:42:52.0#,76350.0,76470.0,75990.0,82150.0,71400.0,61134,140279.0,76010.0,86,76020.0,33,76030.0,43,76040.0,41,76050.0,43,76060.0,10,76070.0,24,76080.0,23,76090.0,29,76100.0,51,76050.0
cu2408,,13:42:52.500#,76350.0,76470.0,75990.0,82150.0,71400.0,61137,140276.0,76010.0,86,76020.0,33,76030.0,43,76040.0,41,76050.0,41,76060.0,6,76070.0,24,76080.0,24,76090.0,29,76100.0,51,76060.0
cu2408,,13:42:53.0#,76350.0,76470.0,75990.0,82150.0,71400.0,61149,140264.0,76010.0,86,76020.0,34,76030.0,43,76040.0,41,76050.0,29,76060.0,10,76070.0,24,76080.0,24,76090.0,29,76100.0,51,76050.0
cu2408,,13:42:53.500#,76350.0,76470.0,75990.0,82150.0,71400.0,61165,140251.0,76010.0,86,76020.0,34,76030.0,43,76040.0,41,76050.0,19,76070.0,24,76080.0,24,76090.0,29,76100.0,51,76110.0,16,76060.0
cu2408,,13:42:54.0#,76350.0,76470.0,75990.0,82150.0,71400.0,61167,140250.0,76020.0,34,76030.0,43,76040.0,41,76050.0,22,76060.0,1,76070.0,25,76080.0,24,76090.0,29,76100.0,51,76110.0,16,76060.0
cu2408,,13:42:54.500#,76350.0,76470.0,75990.0,82150.0,71400.0,61169,140249.0,76010.0,86,76020.0,34,76030.0,43,76040.0,41,76050.0,21,76060.0,3,76070.0,25,76080.0,24,76090.0,29,76100.0,51,76050.0
cu2408,,13:42:55.0#,76350.0,76470.0,75990.0,82150.0,71400.0,61169,140249.0,76010.0,86,76020.0,34,76030.0,43,76040.0,41,76050.0,17,76060.0,7,76070.0,24,76080.0,24,76090.0,29,76100.0,51,76050.0
cu2408,,13:42:55.500#,76350.0,76470.0,75990.0,82150.0,71400.0,61169,140249.0,76010.0,86,76020.0,34,76030.0,43,76040.0,41,76050.0,17,76060.0,3,76070.0,24,76080.0,24,76090.0,29,76100.0,51,76050.0
cu2408,,13:42:56.0#,76350.0,76470.0,75990.0,82150.0,71400.0,61175,140249.0,76010.0,86,76020.0,34,76030.0,43,76040.0,41,76050.0,11,76060.0,2,76070.0,23,76080.0,24,76090.0,29,76100.0,51,76050.0
cu2408,,13:42:56.500#,76350.0,76470.0,75990.0,82150.0,71400.0,61176,140249.0,76010.0,86,76020.0,34,76030.0,43,76040.0,41,76050.0,16,76060.0,3,76070.0,23,76080.0,24,76090.0,29,76100.0,51,76060.0
cu2408,,13:42:57.0#,76350.0,76470.0,75990.0,82150.0,71400.0,61178,140248.0,76010.0,86,76020.0,34,76030.0,43,76040.0,41,76050.0,16,76060.0,1,76070.0,23,76080.0,24,76090.0,29,76100.0,51,76060.0
cu2408,,13:42:58.0#,76350.0,76470.0,75990.0,82150.0,71400.0,61179,140248.0,76010.0,86,76020.0,34,76030.0,43,76040.0,41,76050.0,15,76060.0,1,76070.0,23,76080.0,24,76090.0,29,76100.0,51,76050.0
cu2408,,13:42:58.500#,76350.0,76470.0,75990.0,82150.0,71400.0,61180,140247.0,76010.0,86,76020.0,34,76030.0,43,76040.0,35,76050.0,14,76060.0,2,76070.0,23,76080.0,24,76090.0,29,76100.0,51,76050.0
cu2408,,13:42:59.0#,76350.0,76470.0,75990.0,82150.0,71400.0,61181,140247.0,76010.0,86,76020.0,34,76030.0,43,76040.0,35,76050.0,9,76060.0,2,76070.0,23,76080.0,24,76090.0,29,76100.0,51,76050.0
cu2408,,13:42:59.500#,76350.0,76470.0,75990.0,82150.0,71400.0,61189,140239.0,76010.0,87,76020.0,34,76030.0,42,76040.0,35,76050.0,1,76060.0,8,76070.0,23,76080.0,24,76090.0,29,76100.0,51,76050.0
cu2408,,13:43:00.0#,76350.0,76470.0,75990.0,82150.0,71400.0,61190,140239.0,76000.0,227,76010.0,87,76020.0,34,76030.0,41,76040.0,35,76060.0,7,76070.0,23,76080.0,24,76090.0,28,76100.0,51,76050.0
cu2408,,13:43:00.500#,76350.0,76470.0,75990.0,82150.0,71400.0,61192,140238.0,76000.0,227,76010.0,88,76020.0,37,76030.0,44,76040.0,41,76060.0,8,76070.0,23,76080.0,25,76090.0,28,76100.0,51,76060.0
cu2408,,13:43:01.0#,76350.0,76470.0,75990.0,82150.0,71400.0,61192,140238.0,76000.0,227,76010.0,88,76020.0,37,76030.0,44,76040.0,41,76060.0,6,76070.0,23,76080.0,25,76090.0,28,76100.0,51,76060.0
cu2408,,13:43:01.500#,76350.0,76470.0,75990.0,82150.0,71400.0,61192,140238.0,76000.0,227,76010.0,88,76020.0,37,76030.0,44,76040.0,35,76060.0,6,76070.0,23,76080.0,25,76090.0,28,76100.0,51,76060.0
cu2408,,13:43:02.0#,76350.0,76470.0,75990.0,82150.0,71400.0,61192,140238.0,76000.0,227,76010.0,88,76020.0,37,76030.0,44,76040.0,41,76060.0,6,76070.0,23,76080.0,25,76090.0,28,76100.0,51,76060.0
cu2408,,13:43:02.500#,76350.0,76470.0,75990.0,82150.0,71400.0,61193,140238.0,76000.0,227,76010.0,88,76020.0,37,76030.0,44,76040.0,34,76050.0,1,76060.0,6,76070.0,23,76080.0,25,76090.0,28,76040.0
cu2408,,13:43:03.0#,76350.0,76470.0,75990.0,82150.0,71400.0,61196,140237.0,76000.0,228,76010.0,88,76020.0,36,76030.0,44,76040.0,28,76060.0,6,76070.0,17,76080.0,27,76090.0,28,76100.0,50,76050.0
cu2408,,13:43:03.500#,76350.0,76470.0,75990.0,82150.0,71400.0,61197,140237.0,76000.0,228,76010.0,90,76020.0,36,76030.0,43,76040.0,27,76050.0,1,76060.0,24,76070.0,17,76080.0,28,76090.0,28,76040.0
cu2408,,13:43:04.0#,76350.0,76470.0,75990.0,82150.0,71400.0,61198,140237.0,76000.0,228,76010.0,90,76020.0,36,76030.0,43,76040.0,29,76050.0,1,76060.0,24,76070.0,17,76080.0,28,76090.0,28,76040.0
cu2408,,13:43:04.500#,76350.0,76470.0,75990.0,82150.0,71400.0,61200,140235.0,76000.0,228,76010.0,90,76020.0,36,76030.0,43,76040.0,29,76050.0,1,76060.0,19,76070.0,18,76080.0,27,76090.0,27,76050.0
cu2408,,13:43:05.0#,76350.0,76470.0,75990.0,82150.0,71400.0,61201,140235.0,76000.0,228,76010.0,90,76020.0,36,76030.0,43,76040.0,28,76050.0,1,76060.0,17,76070.0,18,76080.0,27,76090.0,27,76040.0
cu2408,,13:43:05.500#,76350.0,76470.0,75990.0,82150.0,71400.0,61202,140235.0,76000.0,228,76010.0,90,76020.0,36,76030.0,43,76040.0,27,76050.0,1,76060.0,17,76070.0,18,76080.0,27,76090.0,27,76040.0
cu2408,,13:43:06.0#,76350.0,76470.0,75990.0,82150.0,71400.0,61205,140235.0,76000.0,228,76010.0,90,76020.0,36,76030.0,43,76040.0,24,76050.0,1,76060.0,17,76070.0,18,76080.0,27,76090.0,27,76040.0
cu2408,,13:43:06.500#,76350.0,76470.0,75990.0,82150.0,71400.0,61206,140235.0,76000.0,228,76010.0,90,76020.0,36,76030.0,43,76040.0,23,76050.0,1,76060.0,17,76070.0,18,76080.0,27,76090.0,27,76040.0
cu2408,,13:43:07.0#,76350.0,76470.0,75990.0,82150.0,71400.0,61208,140234.0,76010.0,90,76020.0,36,76030.0,43,76040.0,18,76050.0,4,76060.0,17,76070.0,18,76080.0,28,76090.0,31,76100.0,50,76050.0
cu2408,,13:43:07.500#,76350.0,76470.0,75990.0,82150.0,71400.0,61212,140234.0,76000.0,228,76010.0,90,76020.0,36,76030.0,43,76040.0,18,76050.0,3,76060.0,19,76070.0,18,76080.0,29,76090.0,31,76050.0
cu2408,,13:43:08.0#,76350.0,76470.0,75990.0,82150.0,71400.0,61212,140234.0,76000.0,228,76010.0,90,76020.0,35,76030.0,43,76040.0,22,76050.0,3,76060.0,19,76070.0,18,76080.0,27,76090.0,31,76050.0
cu2408,,13:43:08.500#,76350.0,76470.0,75990.0,82150.0,71400.0,61212,140234.0,76000.0,228,76010.0,91,76020.0,35,76030.0,43,76040.0,22,76050.0,3,76060.0,19,76070.0,19,76080.0,27,76090.0,31,76050.0
cu2408,,13:43:09.0#,76350.0,76470.0,75990.0,82150.0,71400.0,61216,140234.0,76000.0,228,76010.0,91,76020.0,35,76030.0,42,76040.0,18,76050.0,2,76060.0,18,76070.0,20,76080.0,27,76090.0,31,76040.0
cu2408,,13:43:09.500#,76350.0,76470.0,75990.0,82150.0,71400.0,61217,140234.0,76000.0,228,76010.0,91,76020.0,35,76030.0,42,76040.0,18,76050.0,3,76060.0,18,76070.0,20,76080.0,27,76090.0,31,76050.0
cu2408,,13:43:10.0#,76350.0,76470.0,75990.0,82150.0,71400.0,61222,140234.0,76000.0,228,76010.0,91,76020.0,35,76030.0,42,76040.0,9,76050.0,6,76060.0,18,76070.0,20,76080.0,28,76090.0,31,76040.0
cu2408,,13:43:10.500#,76350.0,76470.0,75990.0,82150.0,71400.0,61228,140234.0,76000.0,228,76010.0,91,76020.0,35,76030.0,42,76040.0,10,76050.0,2,76060.0,18,76070.0,20,76080.0,27,76090.0,31,76050.0
cu2408,,13:43:11.0#,76350.0,76470.0,75990.0,82150.0,71400.0,61232,140237.0,76000.0,228,76010.0,91,76020.0,35,76030.0,42,76040.0,3,76050.0,6,76060.0,18,76070.0,20,76080.0,27,76090.0,31,76040.0
cu2408,,13:43:11.500#,76350.0,76470.0,75990.0,82150.0,71400.0,61233,140237.0,76000.0,228,76010.0,93,76020.0,34,76030.0,42,76040.0,1,76050.0,12,76060.0,20,76070.0,20,76080.0,27,76090.0,31,76040.0
cu2408,,13:43:12.0#,76350.0,76470.0,75990.0,82150.0,71400.0,61235,140237.0,75990.0,3,76000.0,228,76010.0,93,76020.0,34,76030.0,42,76040.0,1,76050.0,5,76060.0,20,76070.0,20,76080.0,26,76050.0
cu2408,,13:43:12.500#,76350.0,76470.0,75990.0,82150.0,71400.0,61236,140236.0,75990.0,3,76000.0,228,76010.0,93,76020.0,34,76030.0,41,76050.0,5,76060.0,20,76070.0,18,76080.0,26,76090.0,31,76030.0
cu2408,,13:43:13.0#,76350.0,76470.0,75990.0,82150.0,71400.0,61236,140236.0,76000.0,228,76010.0,93,76020.0,34,76030.0,42,76040.0,3,76050.0,7,76060.0,20,76070.0,18,76080.0,26,76090.0,31,76030.0
cu2408,,13:43:13.500#,76350.0,76470.0,75990.0,82150.0,71400.0,61237,140235.0,76000.0,228,76010.0,93,76020.0,34,76030.0,42,76040.0,2,76050.0,12,76060.0,20,76070.0,18,76080.0,26,76090.0,31,76040.0
cu2408,,13:43:14.0#,76350.0,76470.0,75990.0,82150.0,71400.0,61240,140234.0,75990.0,3,76000.0,228,76010.0,93,76020.0,33,76030.0,42,76040.0,1,76050.0,10,76060.0,20,76070.0,18,76080.0,26,76040.0
cu2408,,13:43:14.500#,76350.0,76470.0,75990.0,82150.0,71400.0,61240,140234.0,76000.0,228,76010.0,93,76020.0,33,76030.0,42,76040.0,1,76050.0,10,76060.0,20,76070.0,18,76080.0,26,76090.0,31,76040.0
cu2408,,13:43:15.0#,76350.0,76470.0,75990.0,82150.0,71400.0,61258,140235.0,75990.0,3,76000.0,228,76010.0,93,76020.0,33,76030.0,25,76050.0,16,76060.0,20,76070.0,18,76080.0,26,76090.0,31,76030.0
cu2408,,13:43:15.500#,76350.0,76470.0,75990.0,82150.0,71400.0,61258,140235.0,75990.0,3,76000.0,228,76010.0,93,76020.0,33,76030.0,21,76040.0,22,76050.0,23,76060.0,20,76070.0,18,76080.0,26,76030.0
cu2408,,13:43:16.0#,76350.0,76470.0,75990.0,82150.0,71400.0,61259,140235.0,75990.0,3,76000.0,228,76010.0,93,76020.0,33,76030.0,21,76040.0,16,76050.0,24,76060.0,20,76070.0,18,76080.0,26,76040.0
cu2408,,13:43:16.500#,76350.0,76470.0,75990.0,82150.0,71400.0,61259,140235.0,75990.0,3,76000.0,229,76010.0,93,76020.0,33,76030.0,22,76040.0,3,76050.0,24,76060.0,20,76070.0,18,76080.0,26,76040.0
cu2408,,13:43:17.0#,76350.0,76470.0,75990.0,82150.0,71400.0,61262,140232.0,76000.0,229,76010.0,93,76020.0,33,76030.0,31,76040.0,2,76050.0,15,76060.0,20,76070.0,18,76080.0,26,76090.0,27,76040.0
cu2408,,13:43:17.500#,76350.0,76470.0,75990.0,82150.0,71400.0,61263,140232.0,76000.0,229,76010.0,93,76020.0,33,76030.0,26,76040.0,4,76050.0,12,76060.0,20,76070.0,18,76080.0,26,76090.0,27,76040.0
cu2408,,13:43:18.0#,76350.0,76470.0,75990.0,82150.0,71400.0,61264,140231.0,76000.0,229,76010.0,93,76020.0,33,76030.0,26,76040.0,3,76050.0,12,76060.0,20,76070.0,18,76080.0,26,76090.0,27,76040.0
cu2408,,13:43:18.500#,76350.0,76470.0,75990.0,82150.0,71400.0,61266,140229.0,76000.0,229,76010.0,93,76020.0,33,76030.0,26,76040.0,2,76050.0,11,76060.0,20,76070.0,18,76080.0,26,76090.0,27,76050.0
cu2408,,13:43:19.0#,76350.0,76470.0,75990.0,82150.0,71400.0,61268,140227.0,75990.0,3,76000.0,229,76010.0,93,76020.0,33,76030.0,26,76040.0,1,76050.0,10,76060.0,20,76070.0,18,76080.0,26,76040.0
cu2408,,13:43:19.500#,76350.0,76470.0,75990.0,82150.0,71400.0,61269,140226.0,75990.0,3,76000.0,229,76010.0,93,76020.0,35,76030.0,25,76050.0,10,76060.0,20,76070.0,18,76080.0,26,76090.0,27,76030.0
cu2408,,13:43:20.0#,76350.0,76470.0,75990.0,82150.0,71400.0,61269,140226.0,75990.0,3,76000.0,229,76010.0,93,76020.0,35,76030.0,26,76050.0,16,76060.0,20,76070.0,18,76080.0,26,76090.0,27,76030.0
cu2408,,13:43:20.500#,76350.0,76470.0,75990.0,82150.0,71400.0,61270,140225.0,75990.0,3,76000.0,229,76010.0,93,76020.0,35,76030.0,25,76040.0,14,76050.0,16,76060.0,20,76070.0,18,76080.0,26,76030.0
cu2408,,13:43:21.0#,76350.0,76470.0,75990.0,82150.0,71400.0,61271,140224.0,75990.0,3,76000.0,229,76010.0,93,76020.0,35,76030.0,20,76040.0,14,76050.0,16,76060.0,20,76070.0,18,76080.0,26,76030.0
cu2408,,13:43:21.500#,76350.0,76470.0,75990.0,82150.0,71400.0,61302,140213.0,75980.0,47,75990.0,3,76000.0,229,76010.0,92,76020.0,35,76040.0,6,76050.0,16,76060.0,20,76070.0,17,76080.0,26,76040.0
cu2408,,13:43:22.0#,76350.0,76470.0,75990.0,82150.0,71400.0,61313,140209.0,76000.0,229,76010.0,91,76020.0,45,76030.0,2,76040.0,11,76050.0,16,76060.0,21,76070.0,17,76080.0,26,76090.0,27,76040.0
cu2408,,13:43:22.500#,76350.0,76470.0,75990.0,82150.0,71400.0,61325,140198.0,75990.0,3,76000.0,229,76010.0,92,76020.0,41,76030.0,1,76040.0,2,76050.0,19,76060.0,21,76070.0,17,76080.0,26,76030.0
cu2408,,13:43:23.0#,76350.0,76470.0,75990.0,82150.0,71400.0,61326,140198.0,75990.0,3,76000.0,230,76010.0,92,76020.0,44,76030.0,2,76040.0,2,76050.0,18,76060.0,21,76070.0,17,76080.0,26,76030.0
cu2408,,13:43:23.500#,76350.0,76470.0,75990.0,82150.0,71400.0,61327,140198.0,75990.0,7,76000.0,230,76010.0,92,76020.0,44,76030.0,3,76040.0,3,76050.0,18,76060.0,21,76070.0,17,76080.0,26,76030.0
cu2408,,13:43:24.0#,76350.0,76470.0,75990.0,82150.0,71400.0,61329,140197.0,75990.0,7,76000.0,230,76010.0,92,76020.0,44,76030.0,2,76040.0,4,76050.0,18,76060.0,21,76070.0,17,76080.0,26,76040.0
cu2408,,13:43:24.500#,76350.0,76470.0,75990.0,82150.0,71400.0,61332,140195.0,75980.0,47,75990.0,3,76000.0,230,76010.0,92,76020.0,44,76030.0,3,76040.0,2,76050.0,18,76060.0,21,76070.0,17,76030.0
cu2408,,13:43:25.0#,76350.0,76470.0,75990.0,82150.0,71400.0,61335,140194.0,75990.0,4,76000.0,230,76010.0,91,76020.0,45,76030.0,4,76040.0,1,76050.0,16,76060.0,22,76070.0,17,76080.0,25,76030.0
cu2408,,13:43:25.500#,76350.0,76470.0,75990.0,82150.0,71400.0,61336,140194.0,75990.0,4,76000.0,229,76010.0,91,76020.0,46,76030.0,26,76050.0,16,76060.0,21,76070.0,17,76080.0,25,76090.0,23,76040.0
cu2408,,13:43:26.0#,76350.0,76470.0,75990.0,82150.0,71400.0,61344,140191.0,75980.0,47,75990.0,5,76000.0,229,76010.0,91,76020.0,44,76030.0,1,76040.0,18,76050.0,25,76060.0,21,76070.0,18,76030.0
cu2408,,13:43:26.500#,76350.0,76470.0,75990.0,82150.0,71400.0,61345,140191.0,75990.0,4,76000.0,229,76010.0,91,76020.0,48,76030.0,9,76040.0,17,76050.0,12,76060.0,22,76070.0,17,76080.0,25,76030.0
cu2408,,13:43:27.0#,76350.0,76470.0,75990.0,82150.0,71400.0,61345,140191.0,75990.0,4,76000.0,230,76010.0,91,76020.0,46,76030.0,4,76040.0,1,76050.0,12,76060.0,22,76070.0,17,76080.0,25,76030.0
cu2408,,13:43:27.500#,76350.0,76470.0,75990.0,82150.0,71400.0,61345,140191.0,75990.0,4,76000.0,230,76010.0,91,76020.0,46,76030.0,19,76040.0,1,76050.0,12,76060.0,22,76070.0,17,76080.0,25,76030.0
cu2408,,13:43:28.0#,76350.0,76470.0,75990.0,82150.0,71400.0,61350,140190.0,75980.0,48,75990.0,4,76000.0,230,76010.0,91,76020.0,46,76040.0,16,76050.0,13,76060.0,22,76070.0,17,76080.0,25,76040.0
cu2408,,13:43:28.500#,76350.0,76470.0,75990.0,82150.0,71400.0,61371,140179.0,75990.0,4,76000.0,230,76010.0,91,76020.0,39,76030.0,3,76040.0,3,76050.0,15,76060.0,22,76070.0,16,76080.0,25,76030.0
cu2408,,13:43:29.0#,76350.0,76470.0,75990.0,82150.0,71400.0,61374,140179.0,75980.0,48,75990.0,4,76000.0,230,76010.0,91,76020.0,44,76030.0,1,76040.0,3,76050.0,15,76060.0,22,76070.0,16,76030.0
cu2408,,13:43:29.500#,76350.0,76470.0,75990.0,82150.0,71400.0,61376,140179.0,76000.0,230,76010.0,91,76020.0,46,76030.0,4,76040.0,6,76050.0,13,76060.0,22,76070.0,16,76080.0,25,76090.0,23,76030.0
cu2408,,13:43:30.0#,76350.0,76470.0,75990.0,82150.0,71400.0,61378,140179.0,76000.0,230,76010.0,92,76020.0,45,76030.0,7,76040.0,4,76050.0,14,76060.0,21,76070.0,16,76080.0,26,76090.0,23,76040.0
cu2408,,13:43:30.500#,76350.0,76470.0,75990.0,82150.0,71400.0,61382,140177.0,76000.0,230,76010.0,92,76020.0,45,76030.0,6,76040.0,8,76050.0,10,76060.0,21,76070.0,16,76080.0,26,76090.0,23,76050.0
cu2408,,13:43:31.0#,76350.0,76470.0,75990.0,82150.0,71400.0,61384,140177.0,76000.0,230,76010.0,92,76020.0,45,76030.0,5,76040.0,4,76050.0,14,76060.0,21,76070.0,16,76080.0,26,76090.0,23,76040.0
cu2408,,13:43:31.500#,76350.0,76470.0,75990.0,82150.0,71400.0,61388,140177.0,75990.0,7,76000.0,230,76010.0,92,76020.0,45,76030.0,5,76040.0,3,76050.0,13,76060.0,16,76070.0,16,76080.0,26,76040.0
cu2408,,13:43:32.0#,76350.0,76470.0,75990.0,82150.0,71400.0,61391,140176.0,75990.0,7,76000.0,230,76010.0,92,76020.0,45,76030.0,10,76040.0,7,76050.0,13,76060.0,16,76070.0,16,76080.0,26,76030.0
cu2408,,13:43:32.500#,76350.0,76470.0,75990.0,82150.0,71400.0,61391,140176.0,75990.0,3,76000.0,229,76010.0,92,76020.0,46,76030.0,13,76040.0,27,76050.0,11,76060.0,15,76070.0,16,76080.0,26,76030.0
