InstrumentId,ExchangeId,Datetime,OpenPrice,HighestPrice,LowestPrice,UpperLimitPrice,LowerLimitPrice,Volume,OpenInterest,BidPrice5,BidVolume5,BidPrice4,BidVolume4,BidPrice3,BidVolume3,BidPrice2,BidVolume2,BidPrice1,BidVolume1,AskPrice1,AskVolume1,AskPrice2,AskVolume2,AskPrice3,AskVolume3,AskPrice4,AskVolume4,AskPrice5,AskVolume5,LastPrice
cu2410,,13:38:35.500#,76500.0,76660.0,76180.0,82400.0,71610.0,24788,75873.0,76190.0,4,76200.0,57,76210.0,2,76220.0,8,76230.0,4,76250.0,1,76260.0,13,76270.0,12,76280.0,8,76290.0,5,76250.0
cu2410,,13:38:36.0#,76500.0,76660.0,76180.0,82400.0,71610.0,24788,75873.0,76200.0,57,76210.0,2,76220.0,8,76230.0,8,76240.0,1,76250.0,3,76260.0,13,76270.0,12,76280.0,8,76290.0,5,76250.0
cu2410,,13:38:36.500#,76500.0,76660.0,76180.0,82400.0,71610.0,24788,75873.0,76200.0,57,76210.0,2,76220.0,8,76230.0,8,76240.0,1,76250.0,2,76260.0,13,76270.0,12,76280.0,8,76290.0,5,76250.0
cu2410,,13:38:38.0#,76500.0,76660.0,76180.0,82400.0,71610.0,24788,75873.0,76200.0,57,76210.0,2,76220.0,8,76230.0,8,76240.0,1,76250.0,1,76260.0,12,76270.0,12,76280.0,8,76290.0,5,76250.0
cu2410,,13:38:38.500#,76500.0,76660.0,76180.0,82400.0,71610.0,24788,75873.0,76200.0,57,76210.0,2,76220.0,8,76230.0,9,76240.0,2,76250.0,1,76260.0,11,76270.0,12,76280.0,8,76290.0,5,76250.0
cu2410,,13:38:39.0#,76500.0,76660.0,76180.0,82400.0,71610.0,24789,75872.0,76200.0,57,76210.0,2,76220.0,8,76230.0,10,76240.0,4,76260.0,9,76270.0,12,76280.0,8,76290.0,5,76300.0,17,76250.0
cu2410,,13:38:39.500#,76500.0,76660.0,76180.0,82400.0,71610.0,24789,75872.0,76200.0,57,76210.0,2,76220.0,8,76230.0,10,76240.0,7,76260.0,8,76270.0,8,76280.0,8,76290.0,5,76300.0,17,76250.0
cu2410,,13:38:40.0#,76500.0,76660.0,76180.0,82400.0,71610.0,24789,75872.0,76200.0,57,76210.0,2,76220.0,8,76230.0,10,76240.0,7,76260.0,8,76270.0,8,76280.0,11,76290.0,5,76300.0,17,76250.0
cu2410,,13:38:42.0#,76500.0,76660.0,76180.0,82400.0,71610.0,24789,75872.0,76200.0,57,76210.0,2,76220.0,8,76230.0,10,76240.0,6,76260.0,8,76270.0,8,76280.0,11,76290.0,5,76300.0,17,76250.0
cu2410,,13:38:43.500#,76500.0,76660.0,76180.0,82400.0,71610.0,24794,75874.0,76190.0,4,76200.0,57,76210.0,2,76220.0,8,76230.0,10,76260.0,8,76270.0,8,76280.0,11,76290.0,5,76300.0,17,76240.0
cu2410,,13:38:44.0#,76500.0,76660.0,76180.0,82400.0,71610.0,24794,75874.0,76200.0,57,76210.0,2,76220.0,9,76230.0,9,76240.0,10,76260.0,8,76270.0,9,76280.0,7,76290.0,6,76300.0,17,76240.0
cu2410,,13:38:44.500#,76500.0,76660.0,76180.0,82400.0,71610.0,24794,75874.0,76200.0,57,76210.0,2,76220.0,9,76230.0,9,76240.0,10,76260.0,8,76270.0,12,76280.0,7,76290.0,6,76300.0,17,76240.0
cu2410,,13:38:45.0#,76500.0,76660.0,76180.0,82400.0,71610.0,24794,75874.0,76200.0,57,76210.0,2,76220.0,9,76230.0,9,76240.0,3,76260.0,8,76270.0,9,76280.0,7,76290.0,6,76300.0,17,76240.0
cu2410,,13:38:45.500#,76500.0,76660.0,76180.0,82400.0,71610.0,24794,75874.0,76210.0,2,76220.0,10,76230.0,6,76240.0,7,76250.0,2,76260.0,8,76270.0,9,76280.0,7,76290.0,9,76300.0,17,76240.0
cu2410,,13:38:46.0#,76500.0,76660.0,76180.0,82400.0,71610.0,24794,75874.0,76200.0,56,76210.0,2,76220.0,10,76230.0,9,76240.0,5,76260.0,8,76270.0,8,76280.0,7,76290.0,6,76300.0,17,76240.0
cu2410,,13:38:46.500#,76500.0,76660.0,76180.0,82400.0,71610.0,24794,75874.0,76210.0,2,76220.0,10,76230.0,9,76240.0,5,76250.0,2,76260.0,8,76270.0,8,76280.0,10,76290.0,6,76300.0,17,76240.0
cu2410,,13:38:47.0#,76500.0,76660.0,76180.0,82400.0,71610.0,24794,75874.0,76210.0,2,76220.0,10,76230.0,9,76240.0,5,76250.0,1,76260.0,8,76270.0,8,76280.0,10,76290.0,6,76300.0,17,76240.0
cu2410,,13:38:47.500#,76500.0,76660.0,76180.0,82400.0,71610.0,24794,75874.0,76200.0,56,76210.0,2,76220.0,10,76230.0,9,76240.0,5,76260.0,8,76270.0,8,76280.0,10,76290.0,6,76300.0,17,76240.0
cu2410,,13:38:48.0#,76500.0,76660.0,76180.0,82400.0,71610.0,24794,75874.0,76210.0,2,76220.0,10,76230.0,9,76240.0,5,76250.0,1,76260.0,8,76270.0,8,76280.0,10,76290.0,6,76300.0,17,76240.0
cu2410,,13:38:48.500#,76500.0,76660.0,76180.0,82400.0,71610.0,24795,75873.0,76200.0,56,76210.0,2,76220.0,10,76230.0,9,76240.0,5,76260.0,7,76270.0,8,76280.0,10,76290.0,6,76300.0,17,76260.0
cu2410,,13:38:49.0#,76500.0,76660.0,76180.0,82400.0,71610.0,24795,75873.0,76200.0,56,76210.0,2,76220.0,10,76230.0,9,76240.0,6,76260.0,7,76270.0,8,76280.0,10,76290.0,6,76300.0,17,76260.0
cu2410,,13:38:49.500#,76500.0,76660.0,76180.0,82400.0,71610.0,24795,75873.0,76200.0,56,76210.0,2,76220.0,10,76230.0,9,76240.0,3,76260.0,7,76270.0,9,76280.0,10,76290.0,6,76300.0,17,76260.0
cu2410,,13:38:50.0#,76500.0,76660.0,76180.0,82400.0,71610.0,24795,75873.0,76200.0,56,76210.0,2,76220.0,10,76230.0,9,76240.0,4,76250.0,1,76260.0,8,76270.0,9,76280.0,10,76290.0,6,76260.0
cu2410,,13:38:50.500#,76500.0,76660.0,76180.0,82400.0,71610.0,24796,75872.0,76200.0,56,76210.0,2,76220.0,10,76230.0,9,76240.0,4,76260.0,8,76270.0,9,76280.0,10,76290.0,6,76300.0,17,76250.0
cu2410,,13:38:52.0#,76500.0,76660.0,76180.0,82400.0,71610.0,24796,75872.0,76200.0,56,76210.0,2,76220.0,10,76230.0,9,76240.0,4,76260.0,8,76270.0,9,76280.0,11,76290.0,6,76300.0,16,76250.0
cu2410,,13:38:53.0#,76500.0,76660.0,76180.0,82400.0,71610.0,24796,75872.0,76200.0,56,76210.0,2,76220.0,10,76230.0,9,76240.0,4,76260.0,14,76270.0,9,76280.0,11,76290.0,6,76300.0,16,76250.0
cu2410,,13:38:53.500#,76500.0,76660.0,76180.0,82400.0,71610.0,24796,75872.0,76200.0,56,76210.0,2,76220.0,10,76230.0,9,76240.0,4,76260.0,14,76270.0,9,76280.0,12,76290.0,6,76300.0,16,76250.0
cu2410,,13:38:54.500#,76500.0,76660.0,76180.0,82400.0,71610.0,24796,75872.0,76200.0,56,76210.0,2,76220.0,10,76230.0,9,76240.0,2,76260.0,14,76270.0,9,76280.0,12,76290.0,6,76300.0,16,76250.0
cu2410,,13:38:55.500#,76500.0,76660.0,76180.0,82400.0,71610.0,24798,75872.0,76190.0,4,76200.0,56,76210.0,2,76220.0,10,76230.0,9,76260.0,14,76270.0,9,76280.0,12,76290.0,6,76300.0,16,76240.0
cu2410,,13:38:56.0#,76500.0,76660.0,76180.0,82400.0,71610.0,24798,75872.0,76200.0,56,76210.0,2,76220.0,10,76230.0,11,76240.0,10,76250.0,1,76260.0,14,76270.0,9,76280.0,12,76290.0,6,76240.0
cu2410,,13:38:56.500#,76500.0,76660.0,76180.0,82400.0,71610.0,24798,75872.0,76200.0,56,76210.0,2,76220.0,10,76230.0,11,76240.0,10,76260.0,14,76270.0,9,76280.0,12,76290.0,6,76300.0,16,76240.0
cu2410,,13:38:57.0#,76500.0,76660.0,76180.0,82400.0,71610.0,24798,75872.0,76190.0,4,76200.0,56,76210.0,2,76220.0,10,76230.0,11,76260.0,14,76270.0,9,76280.0,12,76290.0,6,76300.0,16,76240.0
cu2410,,13:38:57.500#,76500.0,76660.0,76180.0,82400.0,71610.0,24798,75872.0,76200.0,56,76210.0,2,76220.0,10,76230.0,11,76240.0,12,76260.0,14,76270.0,9,76280.0,12,76290.0,6,76300.0,16,76240.0
cu2410,,13:38:58.0#,76500.0,76660.0,76180.0,82400.0,71610.0,24798,75872.0,76200.0,56,76210.0,2,76220.0,10,76230.0,11,76240.0,10,76260.0,14,76270.0,9,76280.0,12,76290.0,6,76300.0,16,76240.0
cu2410,,13:38:58.500#,76500.0,76660.0,76180.0,82400.0,71610.0,24798,75872.0,76200.0,56,76210.0,2,76220.0,10,76230.0,11,76240.0,1,76260.0,14,76270.0,9,76280.0,12,76290.0,6,76300.0,16,76240.0
cu2410,,13:38:59.500#,76500.0,76660.0,76180.0,82400.0,71610.0,24798,75872.0,76200.0,56,76210.0,2,76220.0,10,76230.0,11,76240.0,1,76250.0,2,76260.0,14,76270.0,9,76280.0,12,76290.0,6,76240.0
cu2410,,13:39:00.0#,76500.0,76660.0,76180.0,82400.0,71610.0,24798,75872.0,76200.0,56,76210.0,2,76220.0,10,76230.0,11,76240.0,1,76250.0,3,76260.0,14,76270.0,9,76280.0,12,76290.0,6,76240.0
cu2410,,13:39:00.500#,76500.0,76660.0,76180.0,82400.0,71610.0,24798,75872.0,76200.0,56,76210.0,2,76220.0,10,76230.0,11,76240.0,1,76250.0,2,76260.0,14,76270.0,9,76280.0,12,76290.0,6,76240.0
cu2410,,13:39:01.500#,76500.0,76660.0,76180.0,82400.0,71610.0,24798,75872.0,76190.0,4,76200.0,56,76210.0,2,76220.0,10,76230.0,6,76250.0,2,76260.0,14,76270.0,9,76280.0,12,76290.0,6,76240.0
cu2410,,13:39:02.0#,76500.0,76660.0,76180.0,82400.0,71610.0,24798,75872.0,76190.0,4,76200.0,56,76210.0,2,76220.0,13,76230.0,6,76250.0,5,76260.0,14,76270.0,9,76280.0,9,76290.0,6,76240.0
cu2410,,13:39:02.500#,76500.0,76660.0,76180.0,82400.0,71610.0,24798,75872.0,76190.0,4,76200.0,57,76210.0,2,76220.0,12,76230.0,4,76250.0,5,76260.0,15,76270.0,12,76280.0,9,76290.0,6,76240.0
cu2410,,13:39:03.0#,76500.0,76660.0,76180.0,82400.0,71610.0,24798,75872.0,76190.0,4,76200.0,57,76210.0,2,76220.0,12,76230.0,3,76250.0,5,76260.0,16,76270.0,12,76280.0,9,76290.0,6,76240.0
cu2410,,13:39:03.500#,76500.0,76660.0,76180.0,82400.0,71610.0,24798,75872.0,76190.0,4,76200.0,57,76210.0,2,76220.0,12,76230.0,3,76250.0,5,76260.0,16,76270.0,12,76280.0,9,76290.0,6,76240.0
cu2410,,13:39:04.0#,76500.0,76660.0,76180.0,82400.0,71610.0,24798,75872.0,76190.0,4,76200.0,57,76210.0,2,76220.0,12,76230.0,2,76250.0,5,76260.0,16,76270.0,12,76280.0,9,76290.0,6,76240.0
cu2410,,13:39:05.0#,76500.0,76660.0,76180.0,82400.0,71610.0,24798,75872.0,76190.0,4,76200.0,57,76210.0,2,76220.0,12,76230.0,1,76250.0,5,76260.0,16,76270.0,12,76280.0,9,76290.0,6,76240.0
cu2410,,13:39:05.500#,76500.0,76660.0,76180.0,82400.0,71610.0,24798,75872.0,76190.0,4,76200.0,57,76210.0,2,76220.0,12,76230.0,1,76250.0,4,76260.0,16,76270.0,12,76280.0,9,76290.0,6,76240.0
cu2410,,13:39:07.0#,76500.0,76660.0,76180.0,82400.0,71610.0,24798,75872.0,76190.0,4,76200.0,57,76210.0,2,76220.0,12,76230.0,1,76250.0,4,76260.0,12,76270.0,12,76280.0,9,76290.0,6,76240.0
cu2410,,13:39:07.500#,76500.0,76660.0,76180.0,82400.0,71610.0,24798,75872.0,76190.0,4,76200.0,57,76210.0,2,76220.0,12,76230.0,1,76250.0,5,76260.0,12,76270.0,12,76280.0,9,76290.0,6,76240.0
cu2410,,13:39:08.0#,76500.0,76660.0,76180.0,82400.0,71610.0,24798,75872.0,76190.0,4,76200.0,57,76210.0,2,76220.0,12,76230.0,1,76250.0,9,76260.0,12,76270.0,12,76280.0,9,76290.0,6,76240.0
cu2410,,13:39:09.0#,76500.0,76660.0,76180.0,82400.0,71610.0,24798,75872.0,76190.0,4,76200.0,57,76210.0,2,76220.0,12,76230.0,1,76250.0,8,76260.0,12,76270.0,12,76280.0,9,76290.0,6,76240.0
cu2410,,13:39:09.500#,76500.0,76660.0,76180.0,82400.0,71610.0,24798,75872.0,76190.0,4,76200.0,57,76210.0,2,76220.0,12,76230.0,2,76250.0,8,76260.0,12,76270.0,12,76280.0,9,76290.0,6,76240.0
cu2410,,13:39:10.0#,76500.0,76660.0,76180.0,82400.0,71610.0,24798,75872.0,76190.0,4,76200.0,57,76210.0,2,76220.0,12,76230.0,3,76250.0,8,76260.0,12,76270.0,12,76280.0,9,76290.0,6,76240.0
cu2410,,13:39:11.0#,76500.0,76660.0,76180.0,82400.0,71610.0,24799,75871.0,76190.0,4,76200.0,57,76210.0,2,76220.0,12,76230.0,3,76250.0,7,76260.0,12,76270.0,12,76280.0,9,76290.0,6,76250.0
cu2410,,13:39:11.500#,76500.0,76660.0,76180.0,82400.0,71610.0,24799,75871.0,76190.0,4,76200.0,57,76210.0,2,76220.0,12,76230.0,3,76250.0,6,76260.0,12,76270.0,12,76280.0,9,76290.0,6,76250.0
cu2410,,13:39:12.500#,76500.0,76660.0,76180.0,82400.0,71610.0,24799,75871.0,76180.0,18,76190.0,1,76200.0,57,76210.0,2,76220.0,9,76240.0,2,76250.0,6,76260.0,12,76270.0,12,76280.0,9,76250.0
cu2410,,13:39:13.0#,76500.0,76660.0,76180.0,82400.0,71610.0,24799,75871.0,76180.0,18,76190.0,1,76200.0,57,76210.0,5,76220.0,12,76240.0,4,76250.0,6,76260.0,6,76270.0,7,76280.0,10,76250.0
cu2410,,13:39:13.500#,76500.0,76660.0,76180.0,82400.0,71610.0,24799,75871.0,76180.0,18,76190.0,1,76200.0,57,76210.0,5,76220.0,10,76240.0,4,76250.0,6,76260.0,10,76270.0,7,76280.0,14,76250.0
cu2410,,13:39:14.0#,76500.0,76660.0,76180.0,82400.0,71610.0,24799,75871.0,76180.0,18,76190.0,1,76200.0,56,76210.0,5,76220.0,8,76240.0,5,76250.0,6,76260.0,9,76270.0,7,76280.0,14,76250.0
cu2410,,13:39:14.500#,76500.0,76660.0,76180.0,82400.0,71610.0,24799,75871.0,76180.0,18,76190.0,1,76200.0,56,76210.0,5,76220.0,8,76240.0,5,76250.0,6,76260.0,9,76270.0,7,76280.0,14,76250.0
cu2410,,13:39:15.0#,76500.0,76660.0,76180.0,82400.0,71610.0,24799,75871.0,76190.0,1,76200.0,56,76210.0,5,76220.0,8,76230.0,1,76240.0,4,76250.0,6,76260.0,9,76270.0,7,76280.0,14,76250.0
cu2410,,13:39:15.500#,76500.0,76660.0,76180.0,82400.0,71610.0,24799,75871.0,76190.0,1,76200.0,56,76210.0,5,76220.0,8,76230.0,2,76240.0,2,76250.0,6,76260.0,9,76270.0,7,76280.0,14,76250.0
cu2410,,13:39:16.0#,76500.0,76660.0,76180.0,82400.0,71610.0,24799,75871.0,76190.0,1,76200.0,56,76210.0,5,76220.0,10,76230.0,3,76240.0,2,76250.0,6,76260.0,9,76270.0,7,76280.0,14,76250.0
cu2410,,13:39:16.500#,76500.0,76660.0,76180.0,82400.0,71610.0,24799,75871.0,76190.0,1,76200.0,56,76210.0,2,76220.0,10,76230.0,3,76240.0,2,76250.0,6,76260.0,9,76270.0,7,76280.0,14,76250.0
cu2410,,13:39:17.0#,76500.0,76660.0,76180.0,82400.0,71610.0,24799,75871.0,76190.0,1,76200.0,56,76210.0,5,76220.0,10,76230.0,1,76240.0,2,76250.0,6,76260.0,9,76270.0,7,76280.0,14,76250.0
cu2410,,13:39:17.500#,76500.0,76660.0,76180.0,82400.0,71610.0,24799,75871.0,76190.0,1,76200.0,56,76210.0,5,76220.0,10,76230.0,1,76240.0,3,76250.0,6,76260.0,9,76270.0,7,76280.0,14,76250.0
cu2410,,13:39:18.0#,76500.0,76660.0,76180.0,82400.0,71610.0,24799,75871.0,76190.0,1,76200.0,56,76210.0,5,76220.0,8,76230.0,1,76240.0,3,76250.0,7,76260.0,9,76270.0,7,76280.0,14,76250.0
cu2410,,13:39:18.500#,76500.0,76660.0,76180.0,82400.0,71610.0,24799,75871.0,76190.0,1,76200.0,56,76210.0,5,76220.0,8,76230.0,1,76240.0,3,76250.0,8,76260.0,9,76270.0,7,76280.0,14,76250.0
cu2410,,13:39:20.0#,76500.0,76660.0,76180.0,82400.0,71610.0,24799,75871.0,76190.0,1,76200.0,51,76210.0,5,76220.0,5,76230.0,1,76240.0,3,76250.0,8,76260.0,9,76270.0,8,76280.0,14,76250.0
cu2410,,13:39:20.500#,76500.0,76660.0,76180.0,82400.0,71610.0,24799,75871.0,76180.0,18,76190.0,1,76200.0,52,76210.0,5,76220.0,5,76240.0,5,76250.0,8,76260.0,6,76270.0,8,76280.0,14,76250.0
cu2410,,13:39:21.0#,76500.0,76660.0,76180.0,82400.0,71610.0,24799,75871.0,76180.0,18,76190.0,2,76200.0,52,76210.0,5,76220.0,7,76240.0,3,76250.0,8,76260.0,9,76270.0,8,76280.0,14,76250.0
cu2410,,13:39:22.0#,76500.0,76660.0,76180.0,82400.0,71610.0,24799,75871.0,76180.0,18,76190.0,2,76200.0,52,76210.0,5,76220.0,7,76240.0,4,76250.0,8,76260.0,9,76270.0,8,76280.0,14,76250.0
cu2410,,13:39:22.500#,76500.0,76660.0,76180.0,82400.0,71610.0,24799,75871.0,76180.0,18,76190.0,2,76200.0,52,76210.0,5,76220.0,7,76240.0,5,76250.0,8,76260.0,9,76270.0,8,76280.0,14,76250.0
cu2410,,13:39:23.0#,76500.0,76660.0,76180.0,82400.0,71610.0,24799,75871.0,76180.0,18,76190.0,2,76200.0,52,76210.0,5,76220.0,7,76240.0,5,76250.0,8,76260.0,6,76270.0,8,76280.0,14,76250.0
cu2410,,13:39:23.500#,76500.0,76660.0,76180.0,82400.0,71610.0,24799,75871.0,76180.0,18,76190.0,2,76200.0,52,76210.0,5,76220.0,7,76240.0,5,76250.0,11,76260.0,6,76270.0,8,76280.0,14,76250.0
cu2410,,13:39:24.500#,76500.0,76660.0,76180.0,82400.0,71610.0,24799,75871.0,76180.0,18,76190.0,2,76200.0,52,76210.0,2,76220.0,7,76240.0,5,76250.0,11,76260.0,6,76270.0,8,76280.0,14,76250.0
cu2410,,13:39:25.0#,76500.0,76660.0,76180.0,82400.0,71610.0,24799,75871.0,76180.0,18,76190.0,2,76200.0,55,76210.0,2,76220.0,7,76240.0,6,76250.0,11,76260.0,6,76270.0,8,76280.0,14,76250.0
cu2410,,13:39:25.500#,76500.0,76660.0,76180.0,82400.0,71610.0,24799,75871.0,76180.0,18,76190.0,2,76200.0,55,76210.0,2,76220.0,7,76240.0,6,76250.0,11,76260.0,6,76270.0,8,76280.0,14,76250.0
cu2410,,13:39:26.0#,76500.0,76660.0,76180.0,82400.0,71610.0,24799,75871.0,76180.0,18,76190.0,2,76200.0,55,76210.0,2,76220.0,7,76240.0,6,76250.0,11,76260.0,6,76270.0,8,76280.0,14,76250.0
cu2410,,13:39:27.0#,76500.0,76660.0,76180.0,82400.0,71610.0,24799,75871.0,76180.0,18,76190.0,2,76200.0,55,76210.0,2,76220.0,7,76240.0,5,76250.0,11,76260.0,6,76270.0,8,76280.0,14,76250.0
cu2410,,13:39:27.500#,76500.0,76660.0,76180.0,82400.0,71610.0,24799,75871.0,76180.0,18,76190.0,2,76200.0,52,76210.0,2,76220.0,7,76240.0,4,76250.0,8,76260.0,6,76270.0,8,76280.0,14,76250.0
cu2410,,13:39:28.0#,76500.0,76660.0,76180.0,82400.0,71610.0,24799,75871.0,76190.0,2,76200.0,52,76210.0,5,76220.0,7,76230.0,4,76240.0,3,76250.0,7,76260.0,9,76270.0,8,76280.0,14,76250.0
cu2410,,13:39:30.500#,76500.0,76660.0,76180.0,82400.0,71610.0,24799,75871.0,76190.0,2,76200.0,52,76210.0,5,76220.0,7,76230.0,5,76240.0,2,76250.0,6,76260.0,9,76270.0,8,76280.0,14,76250.0
cu2410,,13:39:31.0#,76500.0,76660.0,76180.0,82400.0,71610.0,24801,75870.0,76190.0,2,76200.0,52,76210.0,5,76220.0,9,76230.0,1,76250.0,5,76260.0,9,76270.0,8,76280.0,14,76290.0,5,76240.0
cu2410,,13:39:31.500#,76500.0,76660.0,76180.0,82400.0,71610.0,24801,75870.0,76190.0,2,76200.0,52,76210.0,2,76220.0,9,76230.0,6,76250.0,5,76260.0,6,76270.0,8,76280.0,14,76290.0,5,76240.0
cu2410,,13:39:32.0#,76500.0,76660.0,76180.0,82400.0,71610.0,24801,75870.0,76190.0,2,76200.0,55,76210.0,2,76220.0,7,76230.0,2,76240.0,1,76250.0,13,76260.0,6,76270.0,8,76280.0,14,76240.0
cu2410,,13:39:32.500#,76500.0,76660.0,76180.0,82400.0,71610.0,24801,75870.0,76190.0,2,76200.0,52,76210.0,2,76220.0,7,76230.0,4,76250.0,5,76260.0,6,76270.0,8,76280.0,13,76290.0,5,76240.0
cu2410,,13:39:33.0#,76500.0,76660.0,76180.0,82400.0,71610.0,24801,75870.0,76190.0,2,76200.0,52,76210.0,2,76220.0,11,76230.0,4,76250.0,5,76260.0,6,76270.0,11,76280.0,13,76290.0,6,76240.0
cu2410,,13:39:33.500#,76500.0,76660.0,76180.0,82400.0,71610.0,24801,75870.0,76190.0,2,76200.0,52,76210.0,2,76220.0,12,76230.0,4,76250.0,5,76260.0,6,76270.0,8,76280.0,13,76290.0,6,76240.0
cu2410,,13:39:34.0#,76500.0,76660.0,76180.0,82400.0,71610.0,24801,75870.0,76190.0,2,76200.0,52,76210.0,2,76220.0,12,76230.0,4,76250.0,5,76260.0,9,76270.0,8,76280.0,13,76290.0,6,76240.0
cu2410,,13:39:35.500#,76500.0,76660.0,76180.0,82400.0,71610.0,24801,75870.0,76190.0,2,76200.0,52,76210.0,2,76220.0,9,76230.0,1,76240.0,1,76250.0,9,76260.0,9,76270.0,8,76280.0,13,76240.0
cu2410,,13:39:36.0#,76500.0,76660.0,76180.0,82400.0,71610.0,24802,75870.0,76190.0,2,76200.0,52,76210.0,2,76220.0,12,76230.0,4,76240.0,1,76250.0,5,76260.0,9,76270.0,8,76280.0,13,76240.0
cu2410,,13:39:36.500#,76500.0,76660.0,76180.0,82400.0,71610.0,24803,75870.0,76190.0,2,76200.0,52,76210.0,2,76220.0,12,76230.0,4,76250.0,5,76260.0,9,76270.0,8,76280.0,13,76290.0,6,76240.0
cu2410,,13:39:37.0#,76500.0,76660.0,76180.0,82400.0,71610.0,24803,75870.0,76200.0,52,76210.0,2,76220.0,12,76230.0,3,76240.0,4,76250.0,5,76260.0,6,76270.0,8,76280.0,13,76290.0,6,76240.0
cu2410,,13:39:38.500#,76500.0,76660.0,76180.0,82400.0,71610.0,24803,75870.0,76200.0,52,76210.0,2,76220.0,12,76230.0,3,76240.0,4,76250.0,4,76260.0,6,76270.0,8,76280.0,13,76290.0,6,76240.0
cu2410,,13:39:39.0#,76500.0,76660.0,76180.0,82400.0,71610.0,24803,75870.0,76190.0,2,76200.0,52,76210.0,2,76220.0,12,76230.0,3,76250.0,4,76260.0,6,76270.0,11,76280.0,13,76290.0,6,76240.0
cu2410,,13:39:39.500#,76500.0,76660.0,76180.0,82400.0,71610.0,24803,75870.0,76200.0,52,76210.0,2,76220.0,12,76230.0,5,76240.0,4,76250.0,4,76260.0,6,76270.0,11,76280.0,13,76290.0,6,76240.0
cu2410,,13:39:40.0#,76500.0,76660.0,76180.0,82400.0,71610.0,24803,75870.0,76200.0,52,76210.0,2,76220.0,12,76230.0,5,76240.0,4,76250.0,4,76260.0,5,76270.0,11,76280.0,13,76290.0,6,76240.0
cu2410,,13:39:40.500#,76500.0,76660.0,76180.0,82400.0,71610.0,24803,75870.0,76200.0,56,76210.0,2,76220.0,9,76230.0,7,76240.0,4,76250.0,4,76260.0,4,76270.0,11,76280.0,13,76290.0,6,76240.0
cu2410,,13:39:41.0#,76500.0,76660.0,76180.0,82400.0,71610.0,24803,75870.0,76200.0,54,76210.0,2,76220.0,9,76230.0,10,76240.0,4,76250.0,5,76260.0,4,76270.0,11,76280.0,13,76290.0,6,76240.0
cu2410,,13:39:41.500#,76500.0,76660.0,76180.0,82400.0,71610.0,24803,75870.0,76200.0,54,76210.0,2,76220.0,9,76230.0,7,76240.0,1,76250.0,5,76260.0,4,76270.0,11,76280.0,13,76290.0,6,76240.0
cu2410,,13:39:42.0#,76500.0,76660.0,76180.0,82400.0,71610.0,24803,75870.0,76200.0,54,76210.0,2,76220.0,12,76230.0,7,76240.0,1,76250.0,6,76260.0,4,76270.0,11,76280.0,13,76290.0,6,76240.0
cu2410,,13:39:43.500#,76500.0,76660.0,76180.0,82400.0,71610.0,24803,75870.0,76200.0,54,76210.0,2,76220.0,12,76230.0,7,76240.0,2,76250.0,6,76260.0,4,76270.0,11,76280.0,13,76290.0,6,76240.0
cu2410,,13:39:44.0#,76500.0,76660.0,76180.0,82400.0,71610.0,24803,75870.0,76200.0,54,76210.0,2,76220.0,12,76230.0,7,76240.0,2,76250.0,5,76260.0,4,76270.0,11,76280.0,13,76290.0,6,76240.0
cu2410,,13:39:45.0#,76500.0,76660.0,76180.0,82400.0,71610.0,24803,75870.0,76200.0,54,76210.0,2,76220.0,13,76230.0,7,76240.0,2,76250.0,5,76260.0,4,76270.0,11,76280.0,13,76290.0,6,76240.0
cu2410,,13:39:45.500#,76500.0,76660.0,76180.0,82400.0,71610.0,24803,75870.0,76200.0,54,76210.0,2,76220.0,10,76230.0,7,76240.0,1,76250.0,5,76260.0,4,76270.0,11,76280.0,13,76290.0,6,76240.0
cu2410,,13:39:46.0#,76500.0,76660.0,76180.0,82400.0,71610.0,24803,75870.0,76200.0,54,76210.0,2,76220.0,10,76230.0,7,76240.0,1,76250.0,5,76260.0,4,76270.0,11,76280.0,13,76290.0,6,76240.0
cu2410,,13:39:46.500#,76500.0,76660.0,76180.0,82400.0,71610.0,24803,75870.0,76200.0,54,76210.0,2,76220.0,10,76230.0,10,76240.0,1,76250.0,5,76260.0,4,76270.0,11,76280.0,13,76290.0,6,76240.0
cu2410,,13:39:47.0#,76500.0,76660.0,76180.0,82400.0,71610.0,24803,75870.0,76200.0,54,76210.0,2,76220.0,10,76230.0,10,76240.0,1,76250.0,5,76260.0,4,76270.0,11,76280.0,13,76290.0,6,76240.0
cu2410,,13:39:47.500#,76500.0,76660.0,76180.0,82400.0,71610.0,24803,75870.0,76200.0,54,76210.0,3,76220.0,10,76230.0,10,76240.0,1,76250.0,5,76260.0,4,76270.0,11,76280.0,13,76290.0,6,76240.0
cu2410,,13:39:49.0#,76500.0,76660.0,76180.0,82400.0,71610.0,24803,75870.0,76200.0,54,76210.0,3,76220.0,10,76230.0,10,76240.0,1,76250.0,6,76260.0,4,76270.0,11,76280.0,13,76290.0,6,76240.0
cu2410,,13:39:50.500#,76500.0,76660.0,76180.0,82400.0,71610.0,24805,75871.0,76190.0,1,76200.0,54,76210.0,3,76220.0,10,76230.0,10,76250.0,6,76260.0,4,76270.0,11,76280.0,13,76290.0,6,76240.0
cu2410,,13:39:51.0#,76500.0,76660.0,76180.0,82400.0,71610.0,24805,75871.0,76200.0,54,76210.0,3,76220.0,10,76230.0,16,76240.0,9,76250.0,6,76260.0,4,76270.0,11,76280.0,13,76290.0,6,76240.0
cu2410,,13:39:51.500#,76500.0,76660.0,76180.0,82400.0,71610.0,24806,75870.0,76200.0,55,76210.0,3,76220.0,10,76230.0,15,76240.0,9,76250.0,5,76260.0,4,76270.0,11,76280.0,13,76290.0,6,76250.0
cu2410,,13:39:52.0#,76500.0,76660.0,76180.0,82400.0,71610.0,24806,75870.0,76200.0,55,76210.0,3,76220.0,10,76230.0,15,76240.0,9,76250.0,5,76260.0,4,76270.0,9,76280.0,13,76290.0,6,76250.0
cu2410,,13:39:52.500#,76500.0,76660.0,76180.0,82400.0,71610.0,24812,75866.0,76210.0,3,76220.0,10,76230.0,15,76240.0,9,76250.0,34,76260.0,4,76270.0,9,76280.0,13,76290.0,6,76300.0,16,76250.0
cu2410,,13:39:53.0#,76500.0,76660.0,76180.0,82400.0,71610.0,24812,75866.0,76210.0,3,76220.0,10,76230.0,11,76240.0,3,76250.0,34,76260.0,7,76270.0,9,76280.0,13,76290.0,6,76300.0,16,76250.0
cu2410,,13:39:53.500#,76500.0,76660.0,76180.0,82400.0,71610.0,24812,75866.0,76210.0,3,76220.0,10,76230.0,11,76240.0,3,76250.0,34,76260.0,5,76270.0,8,76280.0,12,76290.0,7,76300.0,16,76250.0
cu2410,,13:39:54.0#,76500.0,76660.0,76180.0,82400.0,71610.0,24812,75866.0,76210.0,3,76220.0,10,76230.0,11,76240.0,3,76250.0,34,76260.0,5,76270.0,8,76280.0,12,76290.0,8,76300.0,16,76250.0
cu2410,,13:39:55.0#,76500.0,76660.0,76180.0,82400.0,71610.0,24813,75866.0,76210.0,3,76220.0,10,76230.0,11,76240.0,3,76250.0,33,76260.0,5,76270.0,8,76280.0,12,76290.0,8,76300.0,16,76250.0
cu2410,,13:39:56.500#,76500.0,76660.0,76180.0,82400.0,71610.0,24813,75866.0,76210.0,3,76220.0,10,76230.0,11,76240.0,3,76250.0,33,76260.0,4,76270.0,7,76280.0,12,76290.0,8,76300.0,16,76250.0
cu2410,,13:39:57.0#,76500.0,76660.0,76180.0,82400.0,71610.0,24816,75867.0,76210.0,3,76220.0,10,76230.0,11,76240.0,3,76250.0,33,76260.0,1,76270.0,4,76280.0,12,76290.0,7,76300.0,16,76260.0
cu2410,,13:39:57.500#,76500.0,76660.0,76180.0,82400.0,71610.0,24816,75867.0,76210.0,3,76220.0,10,76230.0,11,76240.0,4,76250.0,33,76260.0,1,76270.0,4,76280.0,15,76290.0,7,76300.0,16,76260.0
cu2410,,13:39:58.500#,76500.0,76660.0,76180.0,82400.0,71610.0,24816,75867.0,76210.0,3,76220.0,10,76230.0,10,76240.0,4,76250.0,33,76260.0,1,76270.0,4,76280.0,15,76290.0,8,76300.0,16,76260.0
cu2410,,13:39:59.500#,76500.0,76660.0,76180.0,82400.0,71610.0,24816,75867.0,76210.0,3,76220.0,10,76230.0,10,76240.0,4,76250.0,33,76260.0,1,76270.0,4,76280.0,15,76290.0,8,76300.0,16,76260.0
cu2410,,13:40:00.0#,76500.0,76660.0,76180.0,82400.0,71610.0,24816,75867.0,76210.0,3,76220.0,11,76230.0,10,76240.0,4,76250.0,33,76260.0,1,76270.0,4,76280.0,15,76290.0,8,76300.0,16,76260.0
cu2410,,13:40:01.0#,76500.0,76660.0,76180.0,82400.0,71610.0,24816,75867.0,76210.0,3,76220.0,11,76230.0,10,76240.0,4,76250.0,33,76260.0,1,76270.0,4,76280.0,15,76290.0,8,76300.0,16,76260.0
cu2410,,13:40:02.0#,76500.0,76660.0,76180.0,82400.0,71610.0,24816,75867.0,76210.0,3,76220.0,11,76230.0,10,76240.0,4,76250.0,33,76260.0,1,76270.0,4,76280.0,15,76290.0,8,76300.0,17,76260.0
cu2410,,13:40:03.0#,76500.0,76660.0,76180.0,82400.0,71610.0,24816,75867.0,76210.0,3,76220.0,11,76230.0,10,76240.0,5,76250.0,33,76260.0,1,76270.0,4,76280.0,15,76290.0,8,76300.0,17,76260.0
cu2410,,13:40:04.0#,76500.0,76660.0,76180.0,82400.0,71610.0,24816,75867.0,76210.0,3,76220.0,11,76230.0,10,76240.0,5,76250.0,33,76260.0,1,76270.0,4,76280.0,16,76290.0,7,76300.0,17,76260.0
cu2410,,13:40:05.0#,76500.0,76660.0,76180.0,82400.0,71610.0,24816,75867.0,76210.0,3,76220.0,11,76230.0,10,76240.0,5,76250.0,33,76260.0,2,76270.0,4,76280.0,16,76290.0,7,76300.0,17,76260.0
cu2410,,13:40:05.500#,76500.0,76660.0,76180.0,82400.0,71610.0,24816,75867.0,76210.0,3,76220.0,11,76230.0,10,76240.0,5,76250.0,33,76260.0,1,76270.0,4,76280.0,16,76290.0,7,76300.0,17,76260.0
cu2410,,13:40:06.500#,76500.0,76660.0,76180.0,82400.0,71610.0,24816,75867.0,76210.0,3,76220.0,11,76230.0,10,76240.0,5,76250.0,33,76260.0,1,76270.0,4,76280.0,16,76290.0,7,76300.0,17,76260.0
cu2410,,13:40:07.0#,76500.0,76660.0,76180.0,82400.0,71610.0,24816,75867.0,76210.0,3,76220.0,11,76230.0,10,76240.0,5,76250.0,33,76260.0,3,76270.0,4,76280.0,16,76290.0,7,76300.0,17,76260.0
cu2410,,13:40:07.500#,76500.0,76660.0,76180.0,82400.0,71610.0,24816,75867.0,76210.0,3,76220.0,11,76230.0,10,76240.0,5,76250.0,33,76260.0,4,76270.0,4,76280.0,16,76290.0,7,76300.0,17,76260.0
cu2410,,13:40:08.0#,76500.0,76660.0,76180.0,82400.0,71610.0,24816,75867.0,76210.0,3,76220.0,11,76230.0,10,76240.0,3,76250.0,33,76260.0,4,76270.0,4,76280.0,13,76290.0,7,76300.0,17,76260.0
cu2410,,13:40:08.500#,76500.0,76660.0,76180.0,82400.0,71610.0,24816,75867.0,76210.0,3,76220.0,11,76230.0,14,76240.0,3,76250.0,33,76260.0,4,76270.0,7,76280.0,13,76290.0,7,76300.0,17,76260.0
cu2410,,13:40:09.0#,76500.0,76660.0,76180.0,82400.0,71610.0,24832,75867.0,76210.0,3,76220.0,10,76230.0,14,76240.0,3,76250.0,17,76260.0,4,76270.0,9,76280.0,13,76290.0,7,76300.0,17,76250.0
cu2410,,13:40:09.500#,76500.0,76660.0,76180.0,82400.0,71610.0,24837,75863.0,76210.0,3,76220.0,10,76230.0,14,76240.0,3,76250.0,12,76260.0,4,76270.0,9,76280.0,13,76290.0,7,76300.0,17,76250.0
cu2410,,13:40:10.0#,76500.0,76660.0,76180.0,82400.0,71610.0,24849,75860.0,76200.0,56,76210.0,3,76220.0,10,76230.0,14,76240.0,3,76260.0,7,76270.0,9,76280.0,13,76290.0,7,76300.0,17,76250.0
cu2410,,13:40:10.500#,76500.0,76660.0,76180.0,82400.0,71610.0,24849,75860.0,76200.0,56,76210.0,3,76220.0,10,76230.0,10,76240.0,1,76250.0,1,76260.0,11,76270.0,9,76280.0,13,76290.0,7,76250.0
cu2410,,13:40:11.0#,76500.0,76660.0,76180.0,82400.0,71610.0,24849,75860.0,76200.0,56,76210.0,3,76220.0,13,76230.0,9,76240.0,1,76250.0,2,76260.0,12,76270.0,9,76280.0,13,76290.0,6,76250.0
cu2410,,13:40:13.500#,76500.0,76660.0,76180.0,82400.0,71610.0,24849,75860.0,76200.0,56,76210.0,3,76220.0,13,76230.0,8,76240.0,1,76250.0,2,76260.0,12,76270.0,9,76280.0,13,76290.0,6,76250.0
cu2410,,13:40:14.0#,76500.0,76660.0,76180.0,82400.0,71610.0,24849,75860.0,76200.0,56,76210.0,2,76220.0,13,76230.0,8,76240.0,1,76250.0,3,76260.0,12,76270.0,6,76280.0,13,76290.0,6,76250.0
cu2410,,13:40:14.500#,76500.0,76660.0,76180.0,82400.0,71610.0,24849,75860.0,76200.0,56,76210.0,2,76220.0,13,76230.0,8,76240.0,1,76250.0,4,76260.0,15,76270.0,6,76280.0,13,76290.0,6,76250.0
cu2410,,13:40:15.0#,76500.0,76660.0,76180.0,82400.0,71610.0,24849,75860.0,76200.0,57,76210.0,2,76220.0,13,76230.0,8,76240.0,1,76250.0,3,76260.0,13,76270.0,6,76280.0,13,76290.0,6,76250.0
cu2410,,13:40:15.500#,76500.0,76660.0,76180.0,82400.0,71610.0,24851,75860.0,76190.0,1,76200.0,57,76210.0,2,76220.0,13,76230.0,7,76250.0,3,76260.0,13,76270.0,6,76280.0,13,76290.0,6,76230.0
cu2410,,13:40:16.0#,76500.0,76660.0,76180.0,82400.0,71610.0,24851,75860.0,76190.0,1,76200.0,57,76210.0,2,76220.0,13,76230.0,4,76250.0,8,76260.0,13,76270.0,6,76280.0,13,76290.0,6,76230.0
cu2410,,13:40:16.500#,76500.0,76660.0,76180.0,82400.0,71610.0,24851,75860.0,76190.0,1,76200.0,57,76210.0,2,76220.0,10,76230.0,4,76250.0,9,76260.0,13,76270.0,6,76280.0,13,76290.0,6,76230.0
cu2410,,13:40:17.0#,76500.0,76660.0,76180.0,82400.0,71610.0,24851,75860.0,76190.0,1,76200.0,56,76210.0,5,76220.0,10,76230.0,4,76240.0,12,76250.0,9,76260.0,13,76270.0,6,76280.0,14,76230.0
cu2410,,13:40:17.500#,76500.0,76660.0,76180.0,82400.0,71610.0,24851,75860.0,76190.0,1,76200.0,56,76210.0,5,76220.0,10,76230.0,4,76240.0,12,76250.0,8,76260.0,12,76270.0,6,76280.0,14,76230.0
cu2410,,13:40:18.0#,76500.0,76660.0,76180.0,82400.0,71610.0,24851,75860.0,76190.0,1,76200.0,56,76210.0,5,76220.0,9,76230.0,4,76240.0,12,76250.0,8,76260.0,12,76270.0,6,76280.0,14,76230.0
cu2410,,13:40:18.500#,76500.0,76660.0,76180.0,82400.0,71610.0,24851,75860.0,76190.0,1,76200.0,56,76210.0,5,76220.0,5,76230.0,4,76240.0,12,76250.0,10,76260.0,12,76270.0,6,76280.0,14,76230.0
cu2410,,13:40:19.0#,76500.0,76660.0,76180.0,82400.0,71610.0,24851,75860.0,76190.0,1,76200.0,50,76210.0,5,76220.0,5,76230.0,4,76240.0,12,76250.0,10,76260.0,9,76270.0,6,76280.0,14,76230.0
cu2410,,13:40:19.500#,76500.0,76660.0,76180.0,82400.0,71610.0,24851,75860.0,76190.0,1,76200.0,50,76210.0,5,76220.0,5,76230.0,204,76240.0,12,76250.0,13,76260.0,9,76270.0,6,76280.0,14,76230.0
cu2410,,13:40:20.0#,76500.0,76660.0,76180.0,82400.0,71610.0,24864,75865.0,76200.0,50,76210.0,5,76220.0,5,76230.0,205,76240.0,3,76250.0,12,76260.0,9,76270.0,6,76280.0,14,76290.0,6,76240.0
cu2410,,13:40:20.500#,76500.0,76660.0,76180.0,82400.0,71610.0,24867,75864.0,76190.0,1,76200.0,50,76210.0,5,76220.0,6,76230.0,205,76250.0,4,76260.0,9,76270.0,6,76280.0,14,76290.0,6,76240.0
cu2410,,13:40:21.0#,76500.0,76660.0,76180.0,82400.0,71610.0,24867,75864.0,76200.0,50,76210.0,5,76220.0,6,76230.0,206,76240.0,1,76250.0,5,76260.0,12,76270.0,6,76280.0,14,76290.0,6,76240.0
cu2410,,13:40:22.0#,76500.0,76660.0,76180.0,82400.0,71610.0,24867,75864.0,76200.0,50,76210.0,5,76220.0,7,76230.0,206,76240.0,3,76250.0,1,76260.0,12,76270.0,6,76280.0,14,76290.0,6,76240.0
cu2410,,13:40:22.500#,76500.0,76660.0,76180.0,82400.0,71610.0,24868,75864.0,76200.0,55,76210.0,2,76220.0,7,76230.0,206,76240.0,3,76250.0,1,76260.0,8,76270.0,6,76280.0,18,76290.0,6,76250.0
cu2410,,13:40:23.0#,76500.0,76660.0,76180.0,82400.0,71610.0,24869,75864.0,76200.0,55,76210.0,6,76220.0,10,76230.0,208,76240.0,4,76260.0,6,76270.0,9,76280.0,18,76290.0,6,76300.0,16,76250.0
cu2410,,13:40:23.500#,76500.0,76660.0,76180.0,82400.0,71610.0,24869,75864.0,76200.0,55,76210.0,6,76220.0,10,76230.0,208,76240.0,4,76260.0,9,76270.0,9,76280.0,18,76290.0,6,76300.0,16,76250.0
cu2410,,13:40:24.0#,76500.0,76660.0,76180.0,82400.0,71610.0,24869,75864.0,76200.0,55,76210.0,2,76220.0,10,76230.0,208,76240.0,4,76260.0,9,76270.0,9,76280.0,18,76290.0,6,76300.0,16,76250.0
cu2410,,13:40:24.500#,76500.0,76660.0,76180.0,82400.0,71610.0,24869,75864.0,76200.0,55,76210.0,2,76220.0,10,76230.0,208,76240.0,3,76260.0,9,76270.0,13,76280.0,18,76290.0,6,76300.0,16,76250.0
cu2410,,13:40:25.0#,76500.0,76660.0,76180.0,82400.0,71610.0,24869,75864.0,76200.0,55,76210.0,2,76220.0,10,76230.0,208,76240.0,3,76260.0,16,76270.0,10,76280.0,18,76290.0,6,76300.0,16,76250.0
cu2410,,13:40:25.500#,76500.0,76660.0,76180.0,82400.0,71610.0,24869,75864.0,76200.0,55,76210.0,2,76220.0,10,76230.0,208,76240.0,3,76260.0,24,76270.0,10,76280.0,18,76290.0,6,76300.0,16,76250.0
cu2410,,13:40:26.0#,76500.0,76660.0,76180.0,82400.0,71610.0,24870,75865.0,76200.0,55,76210.0,2,76220.0,10,76230.0,208,76240.0,2,76260.0,24,76270.0,10,76280.0,18,76290.0,6,76300.0,16,76240.0
cu2410,,13:40:26.500#,76500.0,76660.0,76180.0,82400.0,71610.0,24870,75865.0,76200.0,55,76210.0,2,76220.0,10,76230.0,207,76240.0,2,76260.0,20,76270.0,10,76280.0,18,76290.0,6,76300.0,16,76240.0
cu2410,,13:40:27.0#,76500.0,76660.0,76180.0,82400.0,71610.0,24870,75865.0,76200.0,55,76210.0,3,76220.0,10,76230.0,206,76240.0,2,76260.0,21,76270.0,10,76280.0,18,76290.0,6,76300.0,16,76240.0
cu2410,,13:40:27.500#,76500.0,76660.0,76180.0,82400.0,71610.0,24870,75865.0,76200.0,55,76210.0,3,76220.0,10,76230.0,206,76240.0,2,76260.0,25,76270.0,10,76280.0,18,76290.0,6,76300.0,16,76240.0
cu2410,,13:40:28.0#,76500.0,76660.0,76180.0,82400.0,71610.0,24870,75865.0,76200.0,51,76210.0,3,76220.0,10,76230.0,206,76240.0,2,76250.0,1,76260.0,25,76270.0,10,76280.0,18,76290.0,6,76240.0
cu2410,,13:40:28.500#,76500.0,76660.0,76180.0,82400.0,71610.0,24870,75865.0,76200.0,51,76210.0,3,76220.0,10,76230.0,206,76240.0,1,76250.0,2,76260.0,21,76270.0,10,76280.0,18,76290.0,6,76240.0
cu2410,,13:40:29.0#,76500.0,76660.0,76180.0,82400.0,71610.0,24870,75865.0,76200.0,55,76210.0,3,76220.0,10,76230.0,206,76240.0,2,76250.0,3,76260.0,21,76270.0,10,76280.0,18,76290.0,6,76240.0
cu2410,,13:40:29.500#,76500.0,76660.0,76180.0,82400.0,71610.0,24870,75865.0,76200.0,51,76210.0,3,76220.0,10,76230.0,206,76240.0,2,76250.0,3,76260.0,17,76270.0,6,76280.0,14,76290.0,6,76240.0
cu2410,,13:40:30.0#,76500.0,76660.0,76180.0,82400.0,71610.0,24870,75865.0,76200.0,51,76210.0,3,76220.0,10,76230.0,206,76240.0,11,76250.0,3,76260.0,17,76270.0,6,76280.0,14,76290.0,6,76240.0
cu2410,,13:40:31.0#,76500.0,76660.0,76180.0,82400.0,71610.0,24870,75865.0,76200.0,51,76210.0,3,76220.0,10,76230.0,206,76240.0,11,76250.0,3,76260.0,16,76270.0,6,76280.0,14,76290.0,6,76240.0
cu2410,,13:40:31.500#,76500.0,76660.0,76180.0,82400.0,71610.0,24871,75866.0,76200.0,51,76210.0,3,76220.0,10,76230.0,206,76240.0,11,76250.0,2,76260.0,16,76270.0,6,76280.0,14,76290.0,6,76250.0
cu2410,,13:40:32.0#,76500.0,76660.0,76180.0,82400.0,71610.0,24875,75866.0,76200.0,51,76210.0,3,76220.0,10,76230.0,208,76240.0,11,76260.0,6,76270.0,6,76280.0,14,76290.0,6,76300.0,16,76250.0
cu2410,,13:40:32.500#,76500.0,76660.0,76180.0,82400.0,71610.0,24875,75866.0,76210.0,3,76220.0,10,76230.0,208,76240.0,11,76250.0,7,76260.0,7,76270.0,9,76280.0,14,76290.0,6,76300.0,16,76250.0
cu2410,,13:40:33.0#,76500.0,76660.0,76180.0,82400.0,71610.0,24875,75866.0,76210.0,3,76220.0,10,76230.0,208,76240.0,11,76250.0,7,76260.0,6,76270.0,9,76280.0,14,76290.0,6,76300.0,16,76250.0
cu2410,,13:40:33.500#,76500.0,76660.0,76180.0,82400.0,71610.0,24875,75866.0,76210.0,3,76220.0,10,76230.0,208,76240.0,11,76250.0,1,76260.0,6,76270.0,9,76280.0,14,76290.0,6,76300.0,16,76250.0
cu2410,,13:40:37.500#,76500.0,76660.0,76180.0,82400.0,71610.0,24875,75866.0,76210.0,3,76220.0,10,76230.0,208,76240.0,12,76250.0,1,76260.0,6,76270.0,9,76280.0,14,76290.0,6,76300.0,16,76250.0
cu2410,,13:40:38.0#,76500.0,76660.0,76180.0,82400.0,71610.0,24875,75866.0,76210.0,3,76220.0,10,76230.0,208,76240.0,12,76250.0,1,76260.0,8,76270.0,9,76280.0,14,76290.0,6,76300.0,16,76250.0
cu2410,,13:40:38.500#,76500.0,76660.0,76180.0,82400.0,71610.0,24875,75866.0,76200.0,51,76210.0,3,76220.0,10,76230.0,208,76240.0,12,76260.0,8,76270.0,9,76280.0,14,76290.0,6,76300.0,16,76250.0
cu2410,,13:40:44.500#,76500.0,76660.0,76180.0,82400.0,71610.0,24875,75866.0,76200.0,51,76210.0,3,76220.0,10,76230.0,208,76240.0,11,76260.0,13,76270.0,9,76280.0,14,76290.0,6,76300.0,16,76250.0
cu2410,,13:40:45.0#,76500.0,76660.0,76180.0,82400.0,71610.0,24875,75866.0,76200.0,51,76210.0,3,76220.0,10,76230.0,208,76240.0,11,76260.0,17,76270.0,9,76280.0,14,76290.0,6,76300.0,16,76250.0
cu2410,,13:40:45.500#,76500.0,76660.0,76180.0,82400.0,71610.0,24875,75866.0,76200.0,51,76210.0,3,76220.0,10,76230.0,206,76240.0,10,76260.0,19,76270.0,9,76280.0,14,76290.0,6,76300.0,16,76250.0
cu2410,,13:40:46.0#,76500.0,76660.0,76180.0,82400.0,71610.0,24875,75866.0,76200.0,51,76210.0,3,76220.0,10,76230.0,206,76240.0,10,76260.0,20,76270.0,9,76280.0,14,76290.0,6,76300.0,16,76250.0
cu2410,,13:40:46.500#,76500.0,76660.0,76180.0,82400.0,71610.0,24875,75866.0,76200.0,51,76210.0,3,76220.0,10,76230.0,206,76240.0,10,76260.0,21,76270.0,9,76280.0,14,76290.0,6,76300.0,16,76250.0
cu2410,,13:40:47.0#,76500.0,76660.0,76180.0,82400.0,71610.0,24875,75866.0,76200.0,51,76210.0,3,76220.0,10,76230.0,206,76240.0,10,76250.0,3,76260.0,21,76270.0,9,76280.0,14,76290.0,6,76250.0
cu2410,,13:40:47.500#,76500.0,76660.0,76180.0,82400.0,71610.0,24875,75866.0,76200.0,51,76210.0,3,76220.0,10,76230.0,206,76240.0,10,76250.0,5,76260.0,17,76270.0,9,76280.0,14,76290.0,6,76250.0
cu2410,,13:40:48.500#,76500.0,76660.0,76180.0,82400.0,71610.0,24876,75866.0,76200.0,51,76210.0,3,76220.0,10,76230.0,206,76240.0,9,76250.0,5,76260.0,9,76270.0,9,76280.0,14,76290.0,6,76240.0
cu2410,,13:40:49.0#,76500.0,76660.0,76180.0,82400.0,71610.0,24876,75866.0,76200.0,51,76210.0,3,76220.0,10,76230.0,206,76240.0,9,76250.0,5,76260.0,7,76270.0,9,76280.0,14,76290.0,6,76240.0
cu2410,,13:40:49.500#,76500.0,76660.0,76180.0,82400.0,71610.0,24876,75866.0,76200.0,51,76210.0,3,76220.0,10,76230.0,208,76240.0,9,76250.0,4,76260.0,7,76270.0,9,76280.0,14,76290.0,6,76240.0
cu2410,,13:40:52.0#,76500.0,76660.0,76180.0,82400.0,71610.0,24876,75866.0,76200.0,51,76210.0,3,76220.0,10,76230.0,211,76240.0,9,76250.0,4,76260.0,7,76270.0,9,76280.0,14,76290.0,6,76240.0
cu2410,,13:40:52.500#,76500.0,76660.0,76180.0,82400.0,71610.0,24876,75866.0,76200.0,51,76210.0,3,76220.0,10,76230.0,211,76240.0,9,76250.0,4,76260.0,8,76270.0,9,76280.0,14,76290.0,6,76240.0
cu2410,,13:40:53.500#,76500.0,76660.0,76180.0,82400.0,71610.0,24876,75866.0,76200.0,51,76210.0,3,76220.0,10,76230.0,211,76240.0,9,76250.0,5,76260.0,8,76270.0,9,76280.0,14,76290.0,6,76240.0
cu2410,,13:40:55.0#,76500.0,76660.0,76180.0,82400.0,71610.0,24876,75866.0,76200.0,55,76210.0,3,76220.0,10,76230.0,211,76240.0,9,76250.0,5,76260.0,8,76270.0,9,76280.0,14,76290.0,6,76240.0
cu2410,,13:40:55.500#,76500.0,76660.0,76180.0,82400.0,71610.0,24877,75867.0,76200.0,55,76210.0,3,76220.0,10,76230.0,211,76240.0,9,76250.0,5,76260.0,8,76270.0,9,76280.0,14,76290.0,6,76240.0
cu2410,,13:40:56.500#,76500.0,76660.0,76180.0,82400.0,71610.0,24883,75863.0,76200.0,55,76210.0,3,76220.0,10,76230.0,211,76240.0,9,76260.0,8,76270.0,9,76280.0,14,76290.0,6,76300.0,15,76250.0
cu2410,,13:40:57.0#,76500.0,76660.0,76180.0,82400.0,71610.0,24883,75863.0,76200.0,55,76210.0,3,76220.0,10,76230.0,211,76240.0,9,76260.0,10,76270.0,9,76280.0,14,76290.0,6,76300.0,15,76250.0
cu2410,,13:40:57.500#,76500.0,76660.0,76180.0,82400.0,71610.0,24883,75863.0,76200.0,55,76210.0,3,76220.0,7,76230.0,211,76240.0,9,76260.0,8,76270.0,6,76280.0,14,76290.0,6,76300.0,15,76250.0
cu2410,,13:40:58.0#,76500.0,76660.0,76180.0,82400.0,71610.0,24883,75863.0,76200.0,55,76210.0,3,76220.0,7,76230.0,214,76240.0,9,76260.0,10,76270.0,9,76280.0,14,76290.0,6,76300.0,15,76250.0
cu2410,,13:40:58.500#,76500.0,76660.0,76180.0,82400.0,71610.0,24883,75863.0,76200.0,55,76210.0,3,76220.0,7,76230.0,214,76240.0,9,76260.0,8,76270.0,6,76280.0,13,76290.0,6,76300.0,16,76250.0
cu2410,,13:40:59.0#,76500.0,76660.0,76180.0,82400.0,71610.0,24883,75863.0,76200.0,55,76210.0,3,76220.0,7,76230.0,214,76240.0,9,76260.0,10,76270.0,6,76280.0,13,76290.0,6,76300.0,16,76250.0
cu2410,,13:40:59.500#,76500.0,76660.0,76180.0,82400.0,71610.0,24883,75863.0,76200.0,55,76210.0,3,76220.0,7,76230.0,214,76240.0,9,76260.0,9,76270.0,6,76280.0,16,76290.0,6,76300.0,16,76250.0
cu2410,,13:41:00.0#,76500.0,76660.0,76180.0,82400.0,71610.0,24883,75863.0,76200.0,55,76210.0,3,76220.0,7,76230.0,214,76240.0,9,76260.0,9,76270.0,6,76280.0,16,76290.0,6,76300.0,16,76250.0
cu2410,,13:41:02.0#,76500.0,76660.0,76180.0,82400.0,71610.0,24883,75863.0,76200.0,55,76210.0,3,76220.0,7,76230.0,214,76240.0,9,76260.0,7,76270.0,6,76280.0,15,76290.0,6,76300.0,16,76250.0
cu2410,,13:41:02.500#,76500.0,76660.0,76180.0,82400.0,71610.0,24883,75863.0,76200.0,55,76210.0,3,76220.0,7,76230.0,214,76240.0,9,76260.0,10,76270.0,6,76280.0,12,76290.0,7,76300.0,16,76250.0
cu2410,,13:41:03.0#,76500.0,76660.0,76180.0,82400.0,71610.0,24883,75863.0,76200.0,55,76210.0,3,76220.0,7,76230.0,214,76240.0,9,76260.0,11,76270.0,9,76280.0,12,76290.0,7,76300.0,16,76250.0
cu2410,,13:41:04.0#,76500.0,76660.0,76180.0,82400.0,71610.0,24883,75863.0,76200.0,55,76210.0,3,76220.0,7,76230.0,212,76240.0,8,76250.0,1,76260.0,14,76270.0,9,76280.0,12,76290.0,7,76250.0
cu2410,,13:41:04.500#,76500.0,76660.0,76180.0,82400.0,71610.0,24889,75863.0,76200.0,55,76210.0,3,76220.0,7,76230.0,208,76240.0,11,76250.0,5,76260.0,12,76270.0,9,76280.0,12,76290.0,7,76240.0
cu2410,,13:41:05.0#,76500.0,76660.0,76180.0,82400.0,71610.0,24900,75873.0,76200.0,55,76210.0,6,76220.0,6,76230.0,207,76240.0,9,76250.0,5,76260.0,12,76270.0,6,76280.0,12,76290.0,7,76240.0
cu2410,,13:41:05.500#,76500.0,76660.0,76180.0,82400.0,71610.0,24908,75877.0,76200.0,55,76210.0,6,76220.0,5,76230.0,207,76240.0,8,76250.0,7,76260.0,15,76270.0,6,76280.0,12,76290.0,7,76240.0
cu2410,,13:41:06.0#,76500.0,76660.0,76180.0,82400.0,71610.0,25124,75885.0,76180.0,18,76190.0,1,76200.0,55,76210.0,6,76220.0,5,76250.0,13,76260.0,12,76270.0,6,76280.0,12,76290.0,7,76250.0
cu2410,,13:41:06.500#,76500.0,76660.0,76180.0,82400.0,71610.0,25124,75885.0,76190.0,1,76200.0,54,76210.0,4,76220.0,5,76230.0,1,76240.0,6,76250.0,19,76260.0,10,76270.0,6,76280.0,12,76250.0
cu2410,,13:41:07.0#,76500.0,76660.0,76180.0,82400.0,71610.0,25125,75886.0,76180.0,18,76190.0,3,76200.0,54,76210.0,4,76220.0,5,76230.0,1,76240.0,9,76250.0,15,76260.0,9,76270.0,8,76230.0
cu2410,,13:41:07.500#,76500.0,76660.0,76180.0,82400.0,71610.0,25125,75886.0,76180.0,19,76190.0,3,76200.0,54,76210.0,4,76220.0,5,76230.0,1,76240.0,9,76250.0,14,76260.0,6,76270.0,8,76230.0
cu2410,,13:41:08.0#,76500.0,76660.0,76180.0,82400.0,71610.0,25125,75886.0,76180.0,19,76190.0,3,76200.0,50,76210.0,4,76220.0,5,76230.0,1,76240.0,9,76250.0,15,76260.0,6,76270.0,8,76230.0
cu2410,,13:41:08.500#,76500.0,76660.0,76180.0,82400.0,71610.0,25126,75887.0,76180.0,19,76190.0,3,76200.0,50,76210.0,4,76220.0,5,76240.0,9,76250.0,15,76260.0,6,76270.0,8,76280.0,12,76230.0
cu2410,,13:41:09.500#,76500.0,76660.0,76180.0,82400.0,71610.0,25127,75888.0,76180.0,19,76190.0,3,76200.0,50,76210.0,6,76220.0,5,76240.0,7,76250.0,8,76260.0,8,76270.0,9,76280.0,12,76220.0
cu2410,,13:41:10.0#,76500.0,76660.0,76180.0,82400.0,71610.0,25127,75888.0,76190.0,3,76200.0,50,76210.0,6,76220.0,5,76230.0,1,76240.0,4,76250.0,8,76260.0,8,76270.0,9,76280.0,12,76220.0
cu2410,,13:41:11.0#,76500.0,76660.0,76180.0,82400.0,71610.0,25127,75888.0,76180.0,19,76190.0,3,76200.0,50,76210.0,6,76220.0,5,76240.0,3,76250.0,8,76260.0,8,76270.0,9,76280.0,12,76220.0
cu2410,,13:41:11.500#,76500.0,76660.0,76180.0,82400.0,71610.0,25127,75888.0,76180.0,19,76190.0,3,76200.0,50,76210.0,6,76220.0,5,76240.0,4,76250.0,7,76260.0,9,76270.0,9,76280.0,12,76220.0
cu2410,,13:41:12.0#,76500.0,76660.0,76180.0,82400.0,71610.0,25128,75888.0,76180.0,19,76190.0,3,76200.0,50,76210.0,6,76220.0,4,76230.0,5,76240.0,4,76250.0,7,76260.0,9,76270.0,9,76220.0
cu2410,,13:41:12.500#,76500.0,76660.0,76180.0,82400.0,71610.0,25128,75888.0,76180.0,19,76190.0,3,76200.0,50,76210.0,6,76220.0,4,76230.0,6,76240.0,4,76250.0,7,76260.0,9,76270.0,9,76220.0
cu2410,,13:41:13.500#,76500.0,76660.0,76180.0,82400.0,71610.0,25130,75888.0,76180.0,19,76190.0,3,76200.0,50,76210.0,6,76220.0,4,76230.0,3,76240.0,4,76250.0,7,76260.0,9,76270.0,9,76230.0
cu2410,,13:41:14.0#,76500.0,76660.0,76180.0,82400.0,71610.0,25130,75888.0,76180.0,19,76190.0,3,76200.0,50,76210.0,5,76220.0,4,76230.0,3,76240.0,4,76250.0,7,76260.0,9,76270.0,9,76230.0
cu2410,,13:41:14.500#,76500.0,76660.0,76180.0,82400.0,71610.0,25130,75888.0,76180.0,19,76190.0,3,76200.0,50,76210.0,5,76220.0,4,76230.0,3,76240.0,4,76250.0,7,76260.0,8,76270.0,9,76230.0
cu2410,,13:41:15.500#,76500.0,76660.0,76180.0,82400.0,71610.0,25130,75888.0,76180.0,19,76190.0,3,76200.0,50,76210.0,5,76220.0,2,76230.0,3,76240.0,4,76250.0,7,76260.0,8,76270.0,9,76230.0
cu2410,,13:41:16.0#,76500.0,76660.0,76180.0,82400.0,71610.0,25130,75888.0,76180.0,19,76190.0,3,76200.0,50,76210.0,2,76220.0,2,76230.0,4,76240.0,4,76250.0,7,76260.0,5,76270.0,9,76230.0
cu2410,,13:41:16.500#,76500.0,76660.0,76180.0,82400.0,71610.0,25130,75888.0,76180.0,19,76190.0,3,76200.0,53,76210.0,2,76220.0,2,76230.0,4,76240.0,4,76250.0,10,76260.0,5,76270.0,9,76230.0
cu2410,,13:41:17.0#,76500.0,76660.0,76180.0,82400.0,71610.0,25132,75888.0,76160.0,5,76170.0,15,76180.0,19,76190.0,3,76200.0,53,76220.0,18,76230.0,4,76240.0,4,76250.0,10,76260.0,5,76220.0
cu2410,,13:41:17.500#,76500.0,76660.0,76180.0,82400.0,71610.0,25138,75894.0,76170.0,10,76180.0,19,76190.0,3,76200.0,61,76210.0,21,76220.0,14,76230.0,4,76240.0,1,76250.0,10,76260.0,5,76220.0
cu2410,,13:41:18.0#,76500.0,76660.0,76180.0,82400.0,71610.0,25152,75894.0,76170.0,10,76180.0,19,76190.0,3,76200.0,61,76210.0,21,76230.0,4,76240.0,1,76250.0,10,76260.0,5,76270.0,9,76220.0
cu2410,,13:41:18.500#,76500.0,76660.0,76180.0,82400.0,71610.0,25152,75894.0,76170.0,10,76180.0,19,76190.0,3,76200.0,61,76210.0,22,76230.0,4,76240.0,1,76250.0,10,76260.0,5,76270.0,9,76220.0
cu2410,,13:41:19.500#,76500.0,76660.0,76180.0,82400.0,71610.0,25152,75894.0,76170.0,10,76180.0,19,76190.0,3,76200.0,60,76210.0,24,76230.0,4,76240.0,1,76250.0,10,76260.0,5,76270.0,9,76220.0
cu2410,,13:41:20.0#,76500.0,76660.0,76180.0,82400.0,71610.0,25152,75894.0,76170.0,10,76180.0,19,76190.0,3,76200.0,60,76210.0,23,76230.0,3,76240.0,1,76250.0,10,76260.0,5,76270.0,9,76220.0
cu2410,,13:41:20.500#,76500.0,76660.0,76180.0,82400.0,71610.0,25152,75894.0,76170.0,10,76180.0,19,76190.0,3,76200.0,60,76210.0,23,76230.0,3,76240.0,1,76250.0,10,76260.0,4,76270.0,9,76220.0
cu2410,,13:41:21.0#,76500.0,76660.0,76180.0,82400.0,71610.0,25152,75894.0,76170.0,10,76180.0,19,76190.0,3,76200.0,57,76210.0,25,76230.0,3,76240.0,1,76250.0,10,76260.0,4,76270.0,9,76220.0
cu2410,,13:41:21.500#,76500.0,76660.0,76180.0,82400.0,71610.0,25158,75900.0,76170.0,10,76180.0,19,76190.0,3,76200.0,60,76210.0,17,76230.0,3,76240.0,1,76250.0,10,76260.0,4,76270.0,9,76210.0
cu2410,,13:41:22.0#,76500.0,76660.0,76180.0,82400.0,71610.0,25158,75900.0,76180.0,19,76190.0,3,76200.0,60,76210.0,17,76220.0,2,76230.0,6,76240.0,1,76250.0,10,76260.0,4,76270.0,9,76210.0
cu2410,,13:41:22.500#,76500.0,76660.0,76180.0,82400.0,71610.0,25158,75900.0,76170.0,10,76180.0,19,76190.0,3,76200.0,53,76210.0,8,76230.0,6,76240.0,1,76250.0,10,76260.0,4,76270.0,9,76210.0
cu2410,,13:41:23.0#,76500.0,76660.0,76180.0,82400.0,71610.0,25158,75900.0,76170.0,10,76180.0,18,76190.0,3,76200.0,53,76210.0,8,76230.0,8,76240.0,1,76250.0,10,76260.0,4,76270.0,9,76210.0
cu2410,,13:41:24.500#,76500.0,76660.0,76180.0,82400.0,71610.0,25158,75900.0,76180.0,19,76190.0,3,76200.0,53,76210.0,8,76220.0,1,76230.0,6,76240.0,1,76250.0,10,76260.0,4,76270.0,9,76210.0
cu2410,,13:41:25.0#,76500.0,76660.0,76180.0,82400.0,71610.0,25159,75900.0,76170.0,10,76180.0,19,76190.0,3,76200.0,53,76210.0,8,76230.0,5,76240.0,1,76250.0,10,76260.0,4,76270.0,9,76230.0
cu2410,,13:41:25.500#,76500.0,76660.0,76180.0,82400.0,71610.0,25159,75900.0,76170.0,10,76180.0,19,76190.0,3,76200.0,53,76210.0,10,76230.0,7,76240.0,1,76250.0,10,76260.0,4,76270.0,9,76230.0
cu2410,,13:41:26.0#,76500.0,76660.0,76180.0,82400.0,71610.0,25159,75900.0,76170.0,10,76180.0,19,76190.0,3,76200.0,53,76210.0,10,76230.0,3,76240.0,1,76250.0,10,76260.0,4,76270.0,9,76230.0
cu2410,,13:41:26.500#,76500.0,76660.0,76180.0,82400.0,71610.0,25159,75900.0,76180.0,19,76190.0,3,76200.0,50,76210.0,12,76220.0,5,76230.0,5,76240.0,1,76250.0,10,76260.0,4,76270.0,9,76230.0
cu2410,,13:41:27.0#,76500.0,76660.0,76180.0,82400.0,71610.0,25159,75900.0,76180.0,19,76190.0,3,76200.0,50,76210.0,14,76220.0,5,76230.0,4,76240.0,1,76250.0,10,76260.0,4,76270.0,9,76230.0
cu2410,,13:41:27.500#,76500.0,76660.0,76180.0,82400.0,71610.0,25159,75900.0,76170.0,10,76180.0,19,76190.0,3,76200.0,50,76210.0,14,76230.0,4,76240.0,1,76250.0,10,76260.0,4,76270.0,9,76230.0
cu2410,,13:41:28.0#,76500.0,76660.0,76180.0,82400.0,71610.0,25159,75900.0,76180.0,19,76190.0,3,76200.0,50,76210.0,20,76220.0,2,76230.0,4,76240.0,1,76250.0,10,76260.0,4,76270.0,9,76230.0
cu2410,,13:41:28.500#,76500.0,76660.0,76180.0,82400.0,71610.0,25159,75900.0,76180.0,19,76190.0,3,76200.0,50,76210.0,19,76220.0,4,76230.0,4,76240.0,1,76250.0,10,76260.0,4,76270.0,9,76230.0
cu2410,,13:41:30.0#,76500.0,76660.0,76180.0,82400.0,71610.0,25159,75900.0,76180.0,18,76190.0,3,76200.0,50,76210.0,19,76220.0,4,76230.0,4,76240.0,1,76250.0,10,76260.0,4,76270.0,9,76230.0
cu2410,,13:41:32.0#,76500.0,76660.0,76180.0,82400.0,71610.0,25159,75900.0,76180.0,18,76190.0,3,76200.0,50,76210.0,14,76220.0,3,76230.0,4,76240.0,1,76250.0,10,76260.0,4,76270.0,9,76230.0
cu2410,,13:41:32.500#,76500.0,76660.0,76180.0,82400.0,71610.0,25159,75900.0,76180.0,18,76190.0,3,76200.0,50,76210.0,11,76220.0,4,76230.0,4,76240.0,1,76250.0,10,76260.0,4,76270.0,9,76230.0
cu2410,,13:41:33.0#,76500.0,76660.0,76180.0,82400.0,71610.0,25159,75900.0,76180.0,18,76190.0,4,76200.0,53,76210.0,11,76220.0,3,76230.0,4,76240.0,1,76250.0,10,76260.0,4,76270.0,9,76230.0
cu2410,,13:41:33.500#,76500.0,76660.0,76180.0,82400.0,71610.0,25159,75900.0,76180.0,18,76190.0,4,76200.0,53,76210.0,9,76220.0,3,76230.0,4,76240.0,1,76250.0,10,76260.0,4,76270.0,9,76230.0
cu2410,,13:41:34.0#,76500.0,76660.0,76180.0,82400.0,71610.0,25159,75900.0,76180.0,18,76190.0,4,76200.0,53,76210.0,9,76220.0,2,76230.0,4,76240.0,3,76250.0,10,76260.0,4,76270.0,9,76230.0
cu2410,,13:41:35.0#,76500.0,76660.0,76180.0,82400.0,71610.0,25162,75902.0,76170.0,10,76180.0,18,76190.0,4,76200.0,53,76210.0,9,76220.0,7,76230.0,4,76240.0,1,76250.0,10,76260.0,4,76220.0
cu2410,,13:41:35.500#,76500.0,76660.0,76180.0,82400.0,71610.0,25164,75904.0,76170.0,10,76180.0,18,76190.0,4,76200.0,53,76210.0,15,76220.0,5,76230.0,4,76240.0,1,76250.0,10,76260.0,4,76220.0
cu2410,,13:41:36.0#,76500.0,76660.0,76180.0,82400.0,71610.0,25164,75904.0,76170.0,10,76180.0,18,76190.0,4,76200.0,53,76210.0,15,76220.0,5,76230.0,2,76240.0,1,76250.0,10,76260.0,8,76220.0
cu2410,,13:41:36.500#,76500.0,76660.0,76180.0,82400.0,71610.0,25164,75904.0,76170.0,10,76180.0,18,76190.0,4,76200.0,53,76210.0,10,76220.0,5,76230.0,2,76240.0,1,76250.0,10,76260.0,8,76220.0
cu2410,,13:41:37.0#,76500.0,76660.0,76180.0,82400.0,71610.0,25164,75904.0,76170.0,10,76180.0,18,76190.0,4,76200.0,53,76210.0,9,76220.0,5,76230.0,2,76240.0,1,76250.0,10,76260.0,8,76220.0
cu2410,,13:41:37.500#,76500.0,76660.0,76180.0,82400.0,71610.0,25164,75904.0,76170.0,10,76180.0,18,76190.0,4,76200.0,53,76210.0,7,76220.0,5,76230.0,2,76240.0,1,76250.0,10,76260.0,8,76220.0
cu2410,,13:41:38.0#,76500.0,76660.0,76180.0,82400.0,71610.0,25164,75904.0,76170.0,10,76180.0,18,76190.0,4,76200.0,53,76210.0,6,76220.0,5,76230.0,2,76240.0,1,76250.0,10,76260.0,8,76220.0
cu2410,,13:41:39.0#,76500.0,76660.0,76180.0,82400.0,71610.0,25164,75904.0,76170.0,10,76180.0,18,76190.0,4,76200.0,53,76210.0,5,76220.0,5,76230.0,2,76240.0,1,76250.0,10,76260.0,8,76220.0
cu2410,,13:41:41.0#,76500.0,76660.0,76180.0,82400.0,71610.0,25164,75904.0,76170.0,10,76180.0,18,76190.0,4,76200.0,53,76210.0,10,76220.0,5,76230.0,2,76240.0,1,76250.0,10,76260.0,8,76220.0
cu2410,,13:41:42.0#,76500.0,76660.0,76180.0,82400.0,71610.0,25170,75905.0,76170.0,10,76180.0,18,76190.0,4,76200.0,53,76210.0,10,76230.0,2,76240.0,1,76250.0,10,76260.0,8,76270.0,9,76220.0
cu2410,,13:41:42.500#,76500.0,76660.0,76180.0,82400.0,71610.0,25170,75905.0,76170.0,10,76180.0,18,76190.0,4,76200.0,53,76210.0,10,76230.0,7,76240.0,1,76250.0,10,76260.0,8,76270.0,9,76220.0
cu2410,,13:41:43.0#,76500.0,76660.0,76180.0,82400.0,71610.0,25170,75905.0,76170.0,10,76180.0,18,76190.0,4,76200.0,53,76210.0,11,76220.0,3,76230.0,7,76240.0,1,76250.0,10,76260.0,8,76220.0
cu2410,,13:41:44.0#,76500.0,76660.0,76180.0,82400.0,71610.0,25173,75905.0,76170.0,10,76180.0,18,76190.0,4,76200.0,53,76210.0,11,76230.0,7,76240.0,1,76250.0,10,76260.0,8,76270.0,9,76220.0
cu2410,,13:41:44.500#,76500.0,76660.0,76180.0,82400.0,71610.0,25173,75905.0,76180.0,18,76190.0,4,76200.0,53,76210.0,12,76220.0,8,76230.0,5,76240.0,1,76250.0,10,76260.0,8,76270.0,9,76220.0
cu2410,,13:41:45.0#,76500.0,76660.0,76180.0,82400.0,71610.0,25173,75905.0,76180.0,18,76190.0,4,76200.0,53,76210.0,12,76220.0,8,76230.0,4,76240.0,1,76250.0,10,76260.0,8,76270.0,9,76220.0
cu2410,,13:41:45.500#,76500.0,76660.0,76180.0,82400.0,71610.0,25173,75905.0,76180.0,18,76190.0,4,76200.0,53,76210.0,12,76220.0,1,76230.0,4,76240.0,1,76250.0,10,76260.0,8,76270.0,9,76220.0
cu2410,,13:41:47.0#,76500.0,76660.0,76180.0,82400.0,71610.0,25174,75905.0,76170.0,10,76180.0,18,76190.0,4,76200.0,53,76210.0,12,76220.0,12,76230.0,4,76240.0,1,76250.0,10,76260.0,8,76220.0
cu2410,,13:41:47.500#,76500.0,76660.0,76180.0,82400.0,71610.0,25174,75905.0,76170.0,10,76180.0,18,76190.0,4,76200.0,53,76210.0,7,76220.0,12,76230.0,4,76240.0,1,76250.0,10,76260.0,8,76220.0
cu2410,,13:41:48.0#,76500.0,76660.0,76180.0,82400.0,71610.0,25174,75905.0,76170.0,10,76180.0,18,76190.0,4,76200.0,53,76210.0,5,76220.0,12,76230.0,4,76240.0,1,76250.0,10,76260.0,8,76220.0
cu2410,,13:41:48.500#,76500.0,76660.0,76180.0,82400.0,71610.0,25174,75905.0,76170.0,10,76180.0,18,76190.0,3,76200.0,53,76210.0,4,76220.0,12,76230.0,4,76240.0,1,76250.0,9,76260.0,8,76220.0
cu2410,,13:41:49.0#,76500.0,76660.0,76180.0,82400.0,71610.0,25174,75905.0,76170.0,10,76180.0,19,76190.0,3,76200.0,53,76210.0,4,76220.0,12,76230.0,4,76240.0,1,76250.0,9,76260.0,8,76220.0
cu2410,,13:41:50.0#,76500.0,76660.0,76180.0,82400.0,71610.0,25174,75905.0,76170.0,10,76180.0,19,76190.0,3,76200.0,53,76210.0,4,76220.0,12,76230.0,4,76240.0,1,76250.0,9,76260.0,8,76220.0
cu2410,,13:41:50.500#,76500.0,76660.0,76180.0,82400.0,71610.0,25174,75905.0,76170.0,10,76180.0,19,76190.0,3,76200.0,53,76210.0,4,76220.0,12,76230.0,4,76240.0,1,76250.0,9,76260.0,8,76220.0
cu2410,,13:41:51.500#,76500.0,76660.0,76180.0,82400.0,71610.0,25175,75906.0,76170.0,10,76180.0,19,76190.0,3,76200.0,58,76210.0,4,76220.0,12,76230.0,4,76240.0,1,76250.0,9,76260.0,8,76220.0
cu2410,,13:41:52.0#,76500.0,76660.0,76180.0,82400.0,71610.0,25178,75907.0,76170.0,10,76180.0,19,76190.0,3,76200.0,58,76210.0,2,76220.0,13,76230.0,4,76240.0,1,76250.0,9,76260.0,8,76210.0
cu2410,,13:41:53.500#,76500.0,76660.0,76180.0,82400.0,71610.0,25180,75906.0,76160.0,4,76170.0,10,76180.0,19,76190.0,3,76200.0,58,76210.0,4,76220.0,13,76230.0,4,76240.0,1,76250.0,9,76210.0
cu2410,,13:41:54.0#,76500.0,76660.0,76180.0,82400.0,71610.0,25188,75907.0,76160.0,4,76170.0,10,76180.0,19,76190.0,3,76200.0,66,76220.0,9,76230.0,4,76240.0,1,76250.0,9,76260.0,8,76220.0
cu2410,,13:41:54.500#,76500.0,76660.0,76180.0,82400.0,71610.0,25188,75907.0,76170.0,10,76180.0,19,76190.0,3,76200.0,66,76210.0,1,76220.0,11,76230.0,2,76240.0,1,76250.0,9,76260.0,8,76220.0
cu2410,,13:41:55.0#,76500.0,76660.0,76180.0,82400.0,71610.0,25188,75907.0,76170.0,10,76180.0,19,76190.0,3,76200.0,65,76210.0,1,76220.0,11,76230.0,2,76240.0,1,76250.0,9,76260.0,8,76220.0
cu2410,,13:41:55.500#,76500.0,76660.0,76180.0,82400.0,71610.0,25188,75907.0,76170.0,10,76180.0,19,76190.0,3,76200.0,65,76210.0,4,76220.0,11,76230.0,2,76240.0,1,76250.0,9,76260.0,8,76220.0
cu2410,,13:41:56.500#,76500.0,76660.0,76180.0,82400.0,71610.0,25188,75907.0,76170.0,10,76180.0,19,76190.0,3,76200.0,65,76210.0,4,76220.0,11,76230.0,3,76240.0,1,76250.0,9,76260.0,8,76220.0
cu2410,,13:41:57.0#,76500.0,76660.0,76180.0,82400.0,71610.0,25188,75907.0,76160.0,4,76170.0,10,76180.0,19,76190.0,3,76200.0,65,76220.0,11,76230.0,3,76240.0,1,76250.0,9,76260.0,8,76220.0
cu2410,,13:41:57.500#,76500.0,76660.0,76180.0,82400.0,71610.0,25188,75907.0,76160.0,4,76170.0,10,76180.0,19,76190.0,3,76200.0,66,76220.0,11,76230.0,3,76240.0,1,76250.0,9,76260.0,8,76220.0
cu2410,,13:42:00.0#,76500.0,76660.0,76180.0,82400.0,71610.0,25190,75907.0,76160.0,4,76170.0,10,76180.0,19,76190.0,3,76200.0,64,76220.0,9,76230.0,3,76240.0,1,76250.0,9,76260.0,8,76220.0
cu2410,,13:42:00.500#,76500.0,76660.0,76180.0,82400.0,71610.0,25190,75907.0,76160.0,4,76170.0,10,76180.0,19,76190.0,3,76200.0,64,76220.0,7,76230.0,3,76240.0,1,76250.0,9,76260.0,8,76220.0
cu2410,,13:42:02.0#,76500.0,76660.0,76180.0,82400.0,71610.0,25190,75907.0,76170.0,10,76180.0,19,76190.0,3,76200.0,64,76210.0,1,76220.0,7,76230.0,3,76240.0,1,76250.0,9,76260.0,8,76220.0
cu2410,,13:42:02.500#,76500.0,76660.0,76180.0,82400.0,71610.0,25190,75907.0,76170.0,10,76180.0,19,76190.0,3,76200.0,63,76210.0,2,76220.0,7,76230.0,3,76240.0,1,76250.0,9,76260.0,8,76220.0
cu2410,,13:42:03.0#,76500.0,76660.0,76180.0,82400.0,71610.0,25191,75908.0,76170.0,10,76180.0,19,76190.0,3,76200.0,63,76210.0,2,76220.0,6,76230.0,3,76240.0,1,76250.0,9,76260.0,8,76220.0
cu2410,,13:42:06.0#,76500.0,76660.0,76180.0,82400.0,71610.0,25191,75908.0,76170.0,10,76180.0,19,76190.0,3,76200.0,63,76210.0,2,76220.0,7,76230.0,3,76240.0,1,76250.0,9,76260.0,8,76220.0
cu2410,,13:42:06.500#,76500.0,76660.0,76180.0,82400.0,71610.0,25191,75908.0,76170.0,10,76180.0,19,76190.0,3,76200.0,63,76210.0,2,76220.0,7,76230.0,3,76240.0,1,76250.0,6,76260.0,8,76220.0
cu2410,,13:42:07.0#,76500.0,76660.0,76180.0,82400.0,71610.0,25198,75914.0,76180.0,19,76190.0,3,76200.0,63,76210.0,2,76220.0,13,76230.0,3,76240.0,4,76250.0,6,76260.0,8,76270.0,8,76220.0
cu2410,,13:42:07.500#,76500.0,76660.0,76180.0,82400.0,71610.0,25198,75914.0,76180.0,19,76190.0,3,76200.0,59,76210.0,3,76220.0,13,76230.0,7,76240.0,4,76250.0,6,76260.0,8,76270.0,8,76220.0
cu2410,,13:42:08.0#,76500.0,76660.0,76180.0,82400.0,71610.0,25198,75914.0,76180.0,19,76190.0,3,76200.0,59,76210.0,3,76220.0,13,76230.0,7,76240.0,6,76250.0,6,76260.0,8,76270.0,8,76220.0
cu2410,,13:42:09.0#,76500.0,76660.0,76180.0,82400.0,71610.0,25203,75919.0,76180.0,19,76190.0,3,76200.0,58,76210.0,3,76220.0,8,76230.0,7,76240.0,6,76250.0,6,76260.0,8,76270.0,8,76220.0
cu2410,,13:42:10.500#,76500.0,76660.0,76180.0,82400.0,71610.0,25208,75924.0,76180.0,19,76190.0,3,76200.0,58,76210.0,3,76220.0,3,76230.0,7,76240.0,6,76250.0,6,76260.0,8,76270.0,8,76220.0
cu2410,,13:42:12.0#,76500.0,76660.0,76180.0,82400.0,71610.0,25216,75929.0,76160.0,4,76170.0,9,76180.0,20,76190.0,3,76200.0,56,76230.0,6,76240.0,6,76250.0,6,76260.0,8,76270.0,8,76210.0
cu2410,,13:42:12.500#,76500.0,76660.0,76180.0,82400.0,71610.0,25216,75929.0,76160.0,4,76170.0,9,76180.0,20,76190.0,6,76200.0,56,76230.0,10,76240.0,6,76250.0,6,76260.0,8,76270.0,8,76210.0
cu2410,,13:42:13.500#,76500.0,76660.0,76180.0,82400.0,71610.0,25216,75929.0,76170.0,9,76180.0,20,76190.0,6,76200.0,56,76220.0,20,76230.0,10,76240.0,6,76250.0,6,76260.0,8,76270.0,8,76210.0
cu2410,,13:42:14.0#,76500.0,76660.0,76180.0,82400.0,71610.0,25216,75929.0,76170.0,9,76180.0,20,76190.0,6,76200.0,54,76220.0,20,76230.0,10,76240.0,3,76250.0,6,76260.0,8,76270.0,8,76210.0
cu2410,,13:42:14.500#,76500.0,76660.0,76180.0,82400.0,71610.0,25216,75929.0,76180.0,20,76190.0,6,76200.0,54,76210.0,1,76220.0,20,76230.0,8,76240.0,6,76250.0,6,76260.0,8,76270.0,8,76210.0
cu2410,,13:42:15.500#,76500.0,76660.0,76180.0,82400.0,71610.0,25216,75929.0,76180.0,20,76190.0,6,76200.0,56,76210.0,1,76220.0,20,76230.0,6,76240.0,6,76250.0,6,76260.0,8,76270.0,8,76210.0
cu2410,,13:42:16.0#,76500.0,76660.0,76180.0,82400.0,71610.0,25217,75930.0,76180.0,20,76190.0,6,76200.0,56,76210.0,1,76220.0,19,76230.0,3,76240.0,6,76250.0,6,76260.0,8,76270.0,8,76220.0
cu2410,,13:42:16.500#,76500.0,76660.0,76180.0,82400.0,71610.0,25219,75932.0,76180.0,20,76190.0,6,76200.0,56,76210.0,1,76220.0,17,76230.0,3,76240.0,6,76250.0,6,76260.0,8,76270.0,8,76220.0
cu2410,,13:42:17.0#,76500.0,76660.0,76180.0,82400.0,71610.0,25219,75932.0,76180.0,20,76190.0,6,76200.0,56,76210.0,1,76220.0,17,76230.0,6,76240.0,6,76250.0,6,76260.0,8,76270.0,8,76220.0
cu2410,,13:42:18.0#,76500.0,76660.0,76180.0,82400.0,71610.0,25219,75932.0,76180.0,20,76190.0,6,76200.0,56,76210.0,1,76220.0,17,76230.0,6,76240.0,5,76250.0,6,76260.0,8,76270.0,8,76220.0
cu2410,,13:42:18.500#,76500.0,76660.0,76180.0,82400.0,71610.0,25219,75932.0,76180.0,20,76190.0,3,76200.0,56,76210.0,1,76220.0,18,76230.0,3,76240.0,2,76250.0,6,76260.0,8,76270.0,8,76220.0
cu2410,,13:42:19.0#,76500.0,76660.0,76180.0,82400.0,71610.0,25219,75932.0,76180.0,20,76190.0,6,76200.0,56,76210.0,1,76220.0,18,76230.0,6,76240.0,2,76250.0,6,76260.0,4,76270.0,8,76220.0
cu2410,,13:42:19.500#,76500.0,76660.0,76180.0,82400.0,71610.0,25219,75932.0,76180.0,20,76190.0,3,76200.0,56,76210.0,1,76220.0,18,76230.0,3,76240.0,2,76250.0,6,76260.0,4,76270.0,7,76220.0
cu2410,,13:42:20.0#,76500.0,76660.0,76180.0,82400.0,71610.0,25219,75932.0,76180.0,20,76190.0,3,76200.0,56,76210.0,6,76220.0,18,76230.0,3,76250.0,9,76260.0,4,76270.0,8,76280.0,12,76220.0
cu2410,,13:42:20.500#,76500.0,76660.0,76180.0,82400.0,71610.0,25219,75932.0,76180.0,20,76190.0,3,76200.0,56,76210.0,3,76220.0,18,76230.0,3,76250.0,9,76260.0,4,76270.0,8,76280.0,12,76220.0
cu2410,,13:42:21.0#,76500.0,76660.0,76180.0,82400.0,71610.0,25219,75932.0,76180.0,20,76190.0,3,76200.0,59,76210.0,3,76220.0,18,76230.0,3,76250.0,9,76260.0,4,76270.0,8,76280.0,12,76220.0
cu2410,,13:42:22.0#,76500.0,76660.0,76180.0,82400.0,71610.0,25225,75930.0,76180.0,20,76190.0,3,76200.0,59,76210.0,3,76220.0,18,76230.0,2,76250.0,9,76260.0,4,76270.0,8,76280.0,12,76230.0
cu2410,,13:42:23.0#,76500.0,76660.0,76180.0,82400.0,71610.0,25228,75931.0,76190.0,3,76200.0,59,76210.0,3,76220.0,19,76230.0,3,76250.0,7,76260.0,2,76270.0,8,76280.0,12,76290.0,5,76230.0
cu2410,,13:42:23.500#,76500.0,76660.0,76180.0,82400.0,71610.0,25228,75931.0,76200.0,59,76210.0,3,76220.0,19,76230.0,4,76240.0,1,76250.0,6,76260.0,2,76270.0,8,76280.0,12,76290.0,5,76230.0
cu2410,,13:42:24.0#,76500.0,76660.0,76180.0,82400.0,71610.0,25228,75931.0,76190.0,3,76200.0,59,76210.0,3,76220.0,19,76230.0,3,76250.0,6,76260.0,2,76270.0,8,76280.0,12,76290.0,5,76230.0
cu2410,,13:42:25.500#,76500.0,76660.0,76180.0,82400.0,71610.0,25228,75931.0,76190.0,3,76200.0,59,76210.0,3,76220.0,19,76230.0,3,76250.0,7,76260.0,2,76270.0,8,76280.0,12,76290.0,5,76230.0
cu2410,,13:42:26.0#,76500.0,76660.0,76180.0,82400.0,71610.0,25228,75931.0,76190.0,3,76200.0,56,76210.0,3,76220.0,19,76230.0,2,76250.0,7,76260.0,2,76270.0,8,76280.0,12,76290.0,5,76230.0
cu2410,,13:42:26.500#,76500.0,76660.0,76180.0,82400.0,71610.0,25228,75931.0,76190.0,3,76200.0,56,76210.0,6,76220.0,19,76230.0,2,76250.0,7,76260.0,2,76270.0,8,76280.0,12,76290.0,5,76230.0
cu2410,,13:42:31.0#,76500.0,76660.0,76180.0,82400.0,71610.0,25232,75934.0,76190.0,3,76200.0,56,76210.0,6,76220.0,19,76230.0,3,76250.0,6,76260.0,3,76270.0,8,76280.0,11,76290.0,5,76230.0
cu2410,,13:42:31.500#,76500.0,76660.0,76180.0,82400.0,71610.0,25232,75934.0,76190.0,3,76200.0,56,76210.0,6,76220.0,19,76230.0,3,76250.0,3,76260.0,3,76270.0,8,76280.0,11,76290.0,5,76230.0
cu2410,,13:42:32.0#,76500.0,76660.0,76180.0,82400.0,71610.0,25232,75934.0,76200.0,56,76210.0,6,76220.0,19,76230.0,3,76240.0,1,76250.0,4,76260.0,6,76270.0,8,76280.0,11,76290.0,5,76230.0
cu2410,,13:42:32.500#,76500.0,76660.0,76180.0,82400.0,71610.0,25236,75936.0,76200.0,56,76210.0,6,76220.0,19,76230.0,2,76250.0,24,76260.0,6,76270.0,8,76280.0,11,76290.0,5,76300.0,13,76250.0
cu2410,,13:42:33.0#,76500.0,76660.0,76180.0,82400.0,71610.0,25260,75944.0,76190.0,3,76200.0,56,76210.0,6,76220.0,19,76230.0,2,76250.0,24,76260.0,49,76270.0,8,76280.0,11,76290.0,5,76250.0
cu2410,,13:42:33.500#,76500.0,76660.0,76180.0,82400.0,71610.0,25260,75944.0,76190.0,3,76200.0,56,76210.0,6,76220.0,18,76230.0,2,76250.0,28,76260.0,37,76270.0,8,76280.0,11,76290.0,5,76250.0
cu2410,,13:42:34.0#,76500.0,76660.0,76180.0,82400.0,71610.0,25260,75944.0,76190.0,3,76200.0,56,76210.0,6,76220.0,18,76230.0,7,76250.0,25,76260.0,10,76270.0,8,76280.0,11,76290.0,5,76250.0
cu2410,,13:42:34.500#,76500.0,76660.0,76180.0,82400.0,71610.0,25260,75944.0,76200.0,56,76210.0,6,76220.0,20,76230.0,8,76240.0,4,76250.0,13,76260.0,10,76270.0,8,76280.0,11,76290.0,5,76250.0
cu2410,,13:42:35.0#,76500.0,76660.0,76180.0,82400.0,71610.0,25260,75944.0,76200.0,56,76210.0,6,76220.0,20,76230.0,3,76240.0,4,76250.0,13,76260.0,13,76270.0,8,76280.0,11,76290.0,5,76250.0
cu2410,,13:42:35.500#,76500.0,76660.0,76180.0,82400.0,71610.0,25260,75944.0,76190.0,3,76200.0,56,76210.0,6,76220.0,20,76230.0,3,76250.0,13,76260.0,13,76270.0,8,76280.0,11,76290.0,5,76250.0
cu2410,,13:42:36.0#,76500.0,76660.0,76180.0,82400.0,71610.0,25260,75944.0,76190.0,3,76200.0,56,76210.0,6,76220.0,3,76230.0,9,76250.0,13,76260.0,13,76270.0,8,76280.0,11,76290.0,5,76250.0
cu2410,,13:42:37.500#,76500.0,76660.0,76180.0,82400.0,71610.0,25260,75944.0,76190.0,3,76200.0,56,76210.0,6,76220.0,3,76230.0,7,76250.0,13,76260.0,13,76270.0,8,76280.0,11,76290.0,5,76250.0
cu2410,,13:42:38.0#,76500.0,76660.0,76180.0,82400.0,71610.0,25260,75944.0,76190.0,3,76200.0,56,76210.0,6,76220.0,3,76230.0,3,76250.0,19,76260.0,9,76270.0,8,76280.0,11,76290.0,5,76250.0
cu2410,,13:42:38.500#,76500.0,76660.0,76180.0,82400.0,71610.0,25260,75944.0,76190.0,3,76200.0,56,76210.0,6,76220.0,3,76230.0,2,76250.0,14,76260.0,11,76270.0,8,76280.0,11,76290.0,5,76250.0
cu2410,,13:42:39.500#,76500.0,76660.0,76180.0,82400.0,71610.0,25260,75944.0,76190.0,3,76200.0,56,76210.0,6,76220.0,3,76230.0,2,76250.0,16,76260.0,11,76270.0,8,76280.0,11,76290.0,5,76250.0
cu2410,,13:42:41.0#,76500.0,76660.0,76180.0,82400.0,71610.0,25260,75944.0,76190.0,3,76200.0,56,76210.0,6,76220.0,3,76230.0,2,76250.0,20,76260.0,11,76270.0,8,76280.0,11,76290.0,5,76250.0
cu2410,,13:42:41.500#,76500.0,76660.0,76180.0,82400.0,71610.0,25260,75944.0,76190.0,3,76200.0,56,76210.0,6,76220.0,3,76230.0,2,76250.0,16,76260.0,11,76270.0,8,76280.0,11,76290.0,5,76250.0
cu2410,,13:42:42.0#,76500.0,76660.0,76180.0,82400.0,71610.0,25261,75944.0,76200.0,56,76210.0,6,76220.0,3,76230.0,4,76240.0,16,76250.0,16,76260.0,11,76270.0,8,76280.0,11,76290.0,5,76240.0
cu2410,,13:42:42.500#,76500.0,76660.0,76180.0,82400.0,71610.0,25269,75944.0,76200.0,56,76210.0,6,76220.0,3,76230.0,4,76240.0,8,76250.0,28,76260.0,7,76270.0,8,76280.0,11,76290.0,5,76240.0
cu2410,,13:42:43.0#,76500.0,76660.0,76180.0,82400.0,71610.0,25277,75952.0,76190.0,3,76200.0,56,76210.0,6,76220.0,1,76230.0,2,76240.0,5,76250.0,30,76260.0,7,76270.0,8,76280.0,12,76240.0
cu2410,,13:42:43.500#,76500.0,76660.0,76180.0,82400.0,71610.0,25278,75951.0,76180.0,20,76190.0,3,76200.0,56,76210.0,6,76220.0,1,76230.0,12,76240.0,6,76250.0,11,76260.0,7,76270.0,8,76230.0
cu2410,,13:42:44.0#,76500.0,76660.0,76180.0,82400.0,71610.0,25279,75952.0,76170.0,12,76180.0,20,76190.0,3,76200.0,56,76210.0,3,76230.0,11,76240.0,6,76250.0,8,76260.0,7,76270.0,8,76220.0
cu2410,,13:42:44.500#,76500.0,76660.0,76180.0,82400.0,71610.0,25279,75952.0,76170.0,9,76180.0,20,76190.0,6,76200.0,56,76210.0,2,76230.0,12,76240.0,5,76250.0,4,76260.0,7,76270.0,8,76220.0
cu2410,,13:42:45.0#,76500.0,76660.0,76180.0,82400.0,71610.0,25279,75952.0,76170.0,9,76180.0,20,76190.0,6,76200.0,56,76210.0,3,76220.0,1,76230.0,12,76240.0,10,76250.0,4,76260.0,7,76220.0
cu2410,,13:42:45.500#,76500.0,76660.0,76180.0,82400.0,71610.0,25280,75952.0,76160.0,4,76170.0,9,76180.0,20,76190.0,6,76200.0,56,76210.0,10,76220.0,4,76240.0,10,76250.0,4,76260.0,7,76210.0
cu2410,,13:42:46.0#,76500.0,76660.0,76180.0,82400.0,71610.0,25282,75951.0,76160.0,4,76170.0,9,76180.0,20,76190.0,3,76200.0,56,76210.0,8,76220.0,3,76240.0,7,76250.0,6,76260.0,4,76210.0
cu2410,,13:42:46.500#,76500.0,76660.0,76180.0,82400.0,71610.0,25290,75952.0,76170.0,9,76180.0,20,76190.0,6,76200.0,56,76210.0,1,76220.0,3,76240.0,9,76250.0,6,76260.0,4,76270.0,7,76210.0
cu2410,,13:42:47.0#,76500.0,76660.0,76180.0,82400.0,71610.0,25291,75953.0,76170.0,9,76180.0,20,76190.0,6,76200.0,56,76210.0,1,76220.0,2,76240.0,6,76250.0,7,76260.0,4,76270.0,6,76220.0
cu2410,,13:42:47.500#,76500.0,76660.0,76180.0,82400.0,71610.0,25291,75953.0,76170.0,9,76180.0,20,76190.0,6,76200.0,56,76210.0,1,76220.0,2,76240.0,9,76250.0,7,76260.0,4,76270.0,6,76220.0
cu2410,,13:42:48.0#,76500.0,76660.0,76180.0,82400.0,71610.0,25291,75953.0,76170.0,9,76180.0,20,76190.0,6,76200.0,56,76210.0,1,76220.0,2,76240.0,9,76250.0,7,76260.0,4,76270.0,6,76220.0
cu2410,,13:42:48.500#,76500.0,76660.0,76180.0,82400.0,71610.0,25291,75953.0,76170.0,9,76180.0,20,76190.0,6,76200.0,56,76210.0,1,76220.0,2,76240.0,9,76250.0,7,76260.0,4,76270.0,6,76220.0
cu2410,,13:42:49.0#,76500.0,76660.0,76180.0,82400.0,71610.0,25291,75953.0,76170.0,9,76180.0,20,76190.0,6,76200.0,54,76210.0,1,76220.0,2,76240.0,6,76250.0,8,76260.0,4,76270.0,5,76220.0
cu2410,,13:42:49.500#,76500.0,76660.0,76180.0,82400.0,71610.0,25291,75953.0,76170.0,9,76180.0,20,76190.0,6,76200.0,54,76210.0,1,76220.0,3,76230.0,3,76240.0,6,76250.0,8,76260.0,4,76220.0
cu2410,,13:42:50.0#,76500.0,76660.0,76180.0,82400.0,71610.0,25291,75953.0,76170.0,9,76180.0,20,76190.0,6,76200.0,54,76210.0,1,76220.0,3,76230.0,3,76240.0,6,76250.0,8,76260.0,4,76220.0
cu2410,,13:42:50.500#,76500.0,76660.0,76180.0,82400.0,71610.0,25291,75953.0,76170.0,9,76180.0,19,76190.0,6,76200.0,54,76210.0,1,76220.0,3,76230.0,3,76240.0,6,76250.0,8,76260.0,4,76220.0
cu2410,,13:42:51.0#,76500.0,76660.0,76180.0,82400.0,71610.0,25291,75953.0,76170.0,10,76180.0,27,76190.0,6,76200.0,54,76210.0,1,76220.0,3,76230.0,3,76240.0,6,76250.0,8,76260.0,4,76220.0
cu2410,,13:42:52.0#,76500.0,76660.0,76180.0,82400.0,71610.0,25291,75953.0,76170.0,9,76180.0,29,76190.0,6,76200.0,52,76210.0,1,76220.0,8,76230.0,5,76240.0,6,76250.0,7,76260.0,4,76220.0
cu2410,,13:42:52.500#,76500.0,76660.0,76180.0,82400.0,71610.0,25291,75953.0,76160.0,4,76170.0,9,76180.0,29,76190.0,6,76200.0,52,76220.0,3,76230.0,5,76240.0,6,76250.0,7,76260.0,4,76220.0
cu2410,,13:42:53.0#,76500.0,76660.0,76180.0,82400.0,71610.0,25292,75953.0,76160.0,4,76170.0,9,76180.0,29,76190.0,3,76200.0,52,76220.0,10,76230.0,2,76240.0,6,76250.0,7,76260.0,4,76220.0
cu2410,,13:42:53.500#,76500.0,76660.0,76180.0,82400.0,71610.0,25292,75953.0,76160.0,4,76170.0,9,76180.0,32,76190.0,3,76200.0,52,76220.0,3,76230.0,5,76240.0,6,76250.0,7,76260.0,4,76220.0
cu2410,,13:42:54.0#,76500.0,76660.0,76180.0,82400.0,71610.0,25292,75953.0,76160.0,4,76170.0,9,76180.0,32,76190.0,3,76200.0,54,76220.0,2,76230.0,5,76240.0,6,76250.0,7,76260.0,4,76220.0
cu2410,,13:42:54.500#,76500.0,76660.0,76180.0,82400.0,71610.0,25292,75953.0,76160.0,4,76170.0,9,76180.0,32,76190.0,3,76200.0,54,76220.0,4,76230.0,5,76240.0,6,76250.0,7,76260.0,4,76220.0
cu2410,,13:42:55.0#,76500.0,76660.0,76180.0,82400.0,71610.0,25292,75953.0,76170.0,9,76180.0,32,76190.0,3,76200.0,52,76210.0,1,76220.0,10,76230.0,5,76240.0,6,76250.0,7,76260.0,4,76220.0
cu2410,,13:42:56.0#,76500.0,76660.0,76180.0,82400.0,71610.0,25292,75953.0,76170.0,9,76180.0,32,76190.0,3,76200.0,52,76210.0,1,76220.0,15,76230.0,5,76240.0,6,76250.0,7,76260.0,4,76220.0
cu2410,,13:42:56.500#,76500.0,76660.0,76180.0,82400.0,71610.0,25292,75953.0,76170.0,9,76180.0,32,76190.0,3,76200.0,52,76210.0,1,76220.0,9,76230.0,5,76240.0,6,76250.0,7,76260.0,4,76220.0
cu2410,,13:42:58.0#,76500.0,76660.0,76180.0,82400.0,71610.0,25292,75953.0,76170.0,9,76180.0,32,76190.0,3,76200.0,52,76210.0,1,76220.0,9,76230.0,5,76240.0,6,76250.0,7,76260.0,8,76220.0
cu2410,,13:42:59.500#,76500.0,76660.0,76180.0,82400.0,71610.0,25293,75954.0,76160.0,4,76170.0,9,76180.0,32,76190.0,3,76200.0,52,76210.0,2,76220.0,17,76230.0,5,76240.0,6,76250.0,7,76210.0
cu2410,,13:43:00.0#,76500.0,76660.0,76180.0,82400.0,71610.0,25293,75954.0,76160.0,4,76170.0,9,76180.0,32,76190.0,3,76200.0,52,76210.0,2,76220.0,8,76230.0,5,76240.0,6,76250.0,7,76210.0
cu2410,,13:43:00.500#,76500.0,76660.0,76180.0,82400.0,71610.0,25293,75954.0,76160.0,4,76170.0,9,76180.0,28,76190.0,3,76200.0,52,76210.0,2,76220.0,8,76230.0,5,76240.0,6,76250.0,7,76210.0
cu2410,,13:43:01.0#,76500.0,76660.0,76180.0,82400.0,71610.0,25293,75954.0,76160.0,4,76170.0,9,76180.0,29,76190.0,3,76200.0,52,76210.0,2,76220.0,8,76230.0,5,76240.0,6,76250.0,7,76210.0
cu2410,,13:43:02.0#,76500.0,76660.0,76180.0,82400.0,71610.0,25293,75954.0,76160.0,4,76170.0,9,76180.0,29,76190.0,3,76200.0,52,76210.0,2,76220.0,8,76230.0,5,76240.0,6,76250.0,7,76210.0
cu2410,,13:43:02.500#,76500.0,76660.0,76180.0,82400.0,71610.0,25293,75954.0,76160.0,4,76170.0,9,76180.0,29,76190.0,3,76200.0,52,76210.0,3,76220.0,7,76230.0,2,76240.0,6,76250.0,7,76210.0
cu2410,,13:43:03.0#,76500.0,76660.0,76180.0,82400.0,71610.0,25293,75954.0,76160.0,4,76170.0,9,76180.0,29,76190.0,1,76200.0,52,76210.0,4,76220.0,10,76230.0,2,76240.0,6,76250.0,7,76210.0
cu2410,,13:43:03.500#,76500.0,76660.0,76180.0,82400.0,71610.0,25293,75954.0,76160.0,4,76170.0,9,76180.0,29,76190.0,1,76200.0,52,76210.0,4,76220.0,10,76230.0,2,76240.0,6,76250.0,7,76210.0
cu2410,,13:43:04.0#,76500.0,76660.0,76180.0,82400.0,71610.0,25293,75954.0,76160.0,4,76170.0,9,76180.0,29,76190.0,1,76200.0,52,76210.0,4,76220.0,10,76230.0,2,76240.0,6,76250.0,7,76210.0
cu2410,,13:43:05.0#,76500.0,76660.0,76180.0,82400.0,71610.0,25293,75954.0,76160.0,4,76170.0,9,76180.0,29,76190.0,1,76200.0,52,76210.0,2,76220.0,10,76230.0,2,76240.0,6,76250.0,7,76210.0
cu2410,,13:43:05.500#,76500.0,76660.0,76180.0,82400.0,71610.0,25293,75954.0,76160.0,4,76170.0,9,76180.0,29,76190.0,1,76200.0,52,76210.0,3,76220.0,10,76230.0,2,76240.0,6,76250.0,7,76210.0
cu2410,,13:43:06.500#,76500.0,76660.0,76180.0,82400.0,71610.0,25293,75954.0,76160.0,4,76170.0,9,76180.0,29,76190.0,1,76200.0,51,76210.0,3,76220.0,10,76230.0,2,76240.0,6,76250.0,7,76210.0
cu2410,,13:43:07.0#,76500.0,76660.0,76180.0,82400.0,71610.0,25294,75954.0,76160.0,4,76170.0,8,76180.0,29,76190.0,1,76200.0,50,76210.0,3,76220.0,10,76230.0,2,76240.0,6,76250.0,7,76200.0
cu2410,,13:43:07.500#,76500.0,76660.0,76180.0,82400.0,71610.0,25297,75952.0,76160.0,4,76170.0,8,76180.0,29,76190.0,1,76200.0,47,76210.0,3,76220.0,10,76230.0,2,76240.0,6,76250.0,6,76200.0
cu2410,,13:43:08.0#,76500.0,76660.0,76180.0,82400.0,71610.0,25297,75952.0,76160.0,5,76170.0,7,76180.0,28,76190.0,1,76200.0,47,76210.0,9,76220.0,12,76230.0,2,76240.0,6,76250.0,6,76200.0
cu2410,,13:43:08.500#,76500.0,76660.0,76180.0,82400.0,71610.0,25303,75955.0,76160.0,5,76170.0,7,76180.0,28,76190.0,1,76200.0,41,76210.0,10,76220.0,12,76230.0,2,76240.0,6,76250.0,6,76200.0
cu2410,,13:43:09.0#,76500.0,76660.0,76180.0,82400.0,71610.0,25303,75955.0,76160.0,5,76170.0,9,76180.0,28,76190.0,1,76200.0,41,76210.0,17,76220.0,12,76230.0,2,76240.0,6,76250.0,6,76200.0
cu2410,,13:43:09.500#,76500.0,76660.0,76180.0,82400.0,71610.0,25304,75956.0,76160.0,5,76170.0,9,76180.0,28,76190.0,1,76200.0,40,76210.0,10,76220.0,12,76230.0,2,76240.0,6,76250.0,6,76200.0
cu2410,,13:43:10.0#,76500.0,76660.0,76180.0,82400.0,71610.0,25305,75956.0,76160.0,5,76170.0,9,76180.0,28,76190.0,1,76200.0,40,76210.0,16,76220.0,12,76230.0,4,76240.0,6,76250.0,6,76210.0
cu2410,,13:43:10.500#,76500.0,76660.0,76180.0,82400.0,71610.0,25320,75965.0,76160.0,5,76170.0,9,76180.0,28,76190.0,1,76200.0,25,76210.0,9,76220.0,12,76230.0,4,76240.0,6,76250.0,5,76200.0
cu2410,,13:43:11.0#,76500.0,76660.0,76180.0,82400.0,71610.0,25346,75960.0,76140.0,11,76150.0,24,76160.0,5,76170.0,9,76180.0,28,76190.0,2,76210.0,9,76220.0,12,76230.0,4,76240.0,6,76190.0
cu2410,,13:43:11.500#,76500.0,76660.0,76180.0,82400.0,71610.0,25348,75962.0,76150.0,25,76160.0,5,76170.0,9,76180.0,26,76190.0,5,76210.0,4,76220.0,11,76230.0,4,76240.0,3,76250.0,4,76190.0
cu2410,,13:43:12.0#,76500.0,76660.0,76180.0,82400.0,71610.0,25348,75962.0,76150.0,25,76160.0,5,76170.0,12,76180.0,24,76190.0,1,76200.0,5,76210.0,11,76220.0,11,76230.0,4,76240.0,3,76190.0
cu2410,,13:43:12.500#,76500.0,76660.0,76180.0,82400.0,71610.0,25348,75962.0,76150.0,25,76160.0,5,76170.0,8,76180.0,22,76190.0,1,76200.0,6,76210.0,5,76220.0,11,76230.0,4,76240.0,3,76190.0
cu2410,,13:43:13.0#,76500.0,76660.0,76180.0,82400.0,71610.0,25348,75962.0,76150.0,25,76160.0,5,76170.0,8,76180.0,22,76190.0,1,76200.0,6,76210.0,5,76220.0,11,76230.0,4,76240.0,3,76190.0
cu2410,,13:43:13.500#,76500.0,76660.0,76180.0,82400.0,71610.0,25349,75962.0,76140.0,7,76150.0,25,76160.0,5,76170.0,8,76180.0,22,76200.0,2,76210.0,5,76220.0,11,76230.0,4,76240.0,3,76190.0
cu2410,,13:43:14.0#,76500.0,76660.0,76180.0,82400.0,71610.0,25349,75962.0,76140.0,7,76150.0,25,76160.0,5,76170.0,8,76180.0,24,76200.0,8,76210.0,5,76220.0,11,76230.0,4,76240.0,3,76190.0
cu2410,,13:43:14.500#,76500.0,76660.0,76180.0,82400.0,71610.0,25349,75962.0,76140.0,7,76150.0,25,76160.0,5,76170.0,8,76180.0,23,76200.0,8,76210.0,5,76220.0,11,76230.0,4,76240.0,3,76190.0
cu2410,,13:43:15.0#,76500.0,76660.0,76180.0,82400.0,71610.0,25349,75962.0,76140.0,7,76150.0,25,76160.0,5,76170.0,8,76180.0,28,76200.0,8,76210.0,5,76220.0,11,76230.0,4,76240.0,3,76190.0
cu2410,,13:43:15.500#,76500.0,76660.0,76180.0,82400.0,71610.0,25349,75962.0,76140.0,7,76150.0,25,76160.0,5,76170.0,8,76180.0,24,76200.0,8,76210.0,6,76220.0,11,76230.0,4,76240.0,3,76190.0
cu2410,,13:43:16.0#,76500.0,76660.0,76180.0,82400.0,71610.0,25349,75962.0,76140.0,7,76150.0,25,76160.0,7,76170.0,8,76180.0,24,76200.0,8,76210.0,7,76220.0,11,76230.0,4,76240.0,3,76190.0
cu2410,,13:43:16.500#,76500.0,76660.0,76180.0,82400.0,71610.0,25349,75962.0,76140.0,6,76150.0,25,76160.0,7,76170.0,8,76180.0,22,76200.0,8,76210.0,7,76220.0,11,76230.0,4,76240.0,3,76190.0
cu2410,,13:43:17.0#,76500.0,76660.0,76180.0,82400.0,71610.0,25349,75962.0,76140.0,6,76150.0,25,76160.0,7,76170.0,8,76180.0,25,76200.0,3,76210.0,7,76220.0,11,76230.0,4,76240.0,3,76190.0
cu2410,,13:43:17.500#,76500.0,76660.0,76180.0,82400.0,71610.0,25349,75962.0,76140.0,6,76150.0,25,76160.0,7,76170.0,8,76180.0,25,76200.0,2,76210.0,5,76220.0,11,76230.0,4,76240.0,3,76190.0
cu2410,,13:43:18.0#,76500.0,76660.0,76180.0,82400.0,71610.0,25349,75962.0,76150.0,25,76160.0,7,76170.0,8,76180.0,25,76190.0,20,76200.0,2,76210.0,5,76220.0,11,76230.0,4,76240.0,3,76190.0
cu2410,,13:43:18.500#,76500.0,76660.0,76180.0,82400.0,71610.0,25349,75962.0,76150.0,25,76160.0,7,76170.0,10,76180.0,24,76190.0,20,76200.0,2,76210.0,5,76220.0,11,76230.0,4,76240.0,3,76190.0
cu2410,,13:43:19.0#,76500.0,76660.0,76180.0,82400.0,71610.0,25349,75962.0,76150.0,25,76160.0,7,76170.0,11,76180.0,24,76190.0,20,76200.0,2,76210.0,5,76220.0,11,76230.0,4,76240.0,3,76190.0
cu2410,,13:43:20.0#,76500.0,76660.0,76180.0,82400.0,71610.0,25349,75962.0,76150.0,25,76160.0,7,76170.0,11,76180.0,24,76190.0,20,76200.0,2,76210.0,5,76220.0,11,76230.0,4,76240.0,3,76190.0
cu2410,,13:43:20.500#,76500.0,76660.0,76180.0,82400.0,71610.0,25349,75962.0,76150.0,25,76160.0,7,76170.0,11,76180.0,24,76190.0,20,76200.0,7,76210.0,5,76220.0,11,76230.0,4,76240.0,3,76190.0
cu2410,,13:43:21.0#,76500.0,76660.0,76180.0,82400.0,71610.0,25349,75962.0,76150.0,25,76160.0,7,76170.0,11,76180.0,22,76190.0,20,76200.0,7,76210.0,7,76220.0,11,76230.0,4,76240.0,3,76190.0
cu2410,,13:43:21.500#,76500.0,76660.0,76180.0,82400.0,71610.0,25349,75962.0,76150.0,25,76160.0,7,76170.0,11,76180.0,22,76190.0,20,76200.0,16,76210.0,7,76220.0,9,76230.0,6,76240.0,7,76190.0
cu2410,,13:43:22.0#,76500.0,76660.0,76180.0,82400.0,71610.0,25358,75961.0,76150.0,25,76160.0,7,76170.0,9,76180.0,22,76190.0,11,76200.0,21,76210.0,7,76220.0,9,76230.0,6,76240.0,7,76190.0
cu2410,,13:43:22.500#,76500.0,76660.0,76180.0,82400.0,71610.0,25362,75961.0,76150.0,25,76160.0,7,76170.0,11,76180.0,22,76190.0,7,76200.0,8,76210.0,7,76220.0,9,76230.0,6,76240.0,7,76190.0
cu2410,,13:43:23.0#,76500.0,76660.0,76180.0,82400.0,71610.0,25362,75961.0,76150.0,25,76160.0,7,76170.0,11,76180.0,22,76190.0,7,76200.0,7,76210.0,10,76220.0,9,76230.0,6,76240.0,7,76190.0
cu2410,,13:43:24.500#,76500.0,76660.0,76180.0,82400.0,71610.0,25363,75960.0,76150.0,25,76160.0,7,76170.0,11,76180.0,22,76190.0,7,76200.0,6,76210.0,10,76220.0,9,76230.0,6,76240.0,7,76200.0
cu2410,,13:43:25.500#,76500.0,76660.0,76180.0,82400.0,71610.0,25363,75960.0,76150.0,25,76160.0,7,76170.0,11,76180.0,22,76190.0,7,76200.0,5,76210.0,7,76220.0,9,76230.0,6,76240.0,7,76200.0
cu2410,,13:43:26.0#,76500.0,76660.0,76180.0,82400.0,71610.0,25367,75960.0,76150.0,25,76160.0,7,76170.0,11,76180.0,22,76190.0,7,76200.0,7,76210.0,7,76220.0,9,76230.0,6,76240.0,7,76200.0
cu2410,,13:43:26.500#,76500.0,76660.0,76180.0,82400.0,71610.0,25367,75960.0,76150.0,25,76160.0,7,76170.0,11,76180.0,22,76190.0,10,76210.0,7,76220.0,9,76230.0,6,76240.0,7,76250.0,3,76200.0
cu2410,,13:43:27.0#,76500.0,76660.0,76180.0,82400.0,71610.0,25367,75960.0,76150.0,25,76160.0,7,76170.0,11,76180.0,22,76190.0,10,76200.0,1,76210.0,14,76220.0,9,76230.0,6,76240.0,7,76200.0
cu2410,,13:43:27.500#,76500.0,76660.0,76180.0,82400.0,71610.0,25369,75960.0,76150.0,25,76160.0,7,76170.0,11,76180.0,22,76190.0,8,76200.0,4,76210.0,11,76220.0,9,76230.0,6,76240.0,7,76190.0
cu2410,,13:43:28.0#,76500.0,76660.0,76180.0,82400.0,71610.0,25369,75960.0,76150.0,25,76160.0,7,76170.0,11,76180.0,22,76190.0,5,76200.0,10,76210.0,9,76220.0,9,76230.0,6,76240.0,7,76190.0
cu2410,,13:43:28.500#,76500.0,76660.0,76180.0,82400.0,71610.0,25369,75960.0,76150.0,25,76160.0,7,76170.0,9,76180.0,25,76190.0,5,76200.0,14,76210.0,9,76220.0,9,76230.0,6,76240.0,7,76190.0
cu2410,,13:43:29.0#,76500.0,76660.0,76180.0,82400.0,71610.0,25372,75961.0,76150.0,25,76160.0,7,76170.0,9,76180.0,25,76190.0,3,76200.0,13,76210.0,9,76220.0,9,76230.0,6,76240.0,7,76190.0
cu2410,,13:43:29.500#,76500.0,76660.0,76180.0,82400.0,71610.0,25372,75961.0,76150.0,25,76160.0,7,76170.0,9,76180.0,25,76190.0,3,76200.0,2,76210.0,9,76220.0,9,76230.0,6,76240.0,7,76190.0
cu2410,,13:43:30.0#,76500.0,76660.0,76180.0,82400.0,71610.0,25372,75961.0,76150.0,25,76160.0,7,76170.0,11,76180.0,25,76190.0,4,76200.0,2,76210.0,9,76220.0,9,76230.0,6,76240.0,7,76190.0
cu2410,,13:43:30.500#,76500.0,76660.0,76180.0,82400.0,71610.0,25372,75961.0,76150.0,25,76160.0,7,76170.0,11,76180.0,25,76190.0,4,76200.0,2,76210.0,7,76220.0,9,76230.0,6,76240.0,7,76190.0
cu2410,,13:43:31.500#,76500.0,76660.0,76180.0,82400.0,71610.0,25372,75961.0,76150.0,25,76160.0,7,76170.0,11,76180.0,25,76190.0,5,76200.0,2,76210.0,7,76220.0,9,76230.0,6,76240.0,7,76190.0
cu2410,,13:43:32.0#,76500.0,76660.0,76180.0,82400.0,71610.0,25379,75958.0,76150.0,25,76160.0,7,76170.0,11,76180.0,25,76190.0,2,76200.0,2,76210.0,8,76220.0,9,76230.0,6,76240.0,7,76190.0
cu2410,,13:43:32.500#,76500.0,76660.0,76180.0,82400.0,71610.0,25379,75958.0,76150.0,25,76160.0,7,76170.0,11,76180.0,24,76190.0,4,76210.0,6,76220.0,9,76230.0,6,76240.0,7,76250.0,3,76190.0
cu2410,,13:43:33.0#,76500.0,76660.0,76180.0,82400.0,71610.0,25380,75957.0,76150.0,25,76160.0,7,76170.0,11,76180.0,22,76190.0,6,76210.0,11,76220.0,9,76230.0,7,76240.0,7,76250.0,3,76190.0
cu2410,,13:43:33.500#,76500.0,76660.0,76180.0,82400.0,71610.0,25380,75957.0,76150.0,25,76160.0,7,76170.0,11,76180.0,22,76190.0,4,76200.0,6,76210.0,14,76220.0,9,76230.0,7,76240.0,7,76190.0
cu2410,,13:43:34.0#,76500.0,76660.0,76180.0,82400.0,71610.0,25380,75957.0,76150.0,25,76160.0,7,76170.0,11,76180.0,22,76190.0,4,76200.0,6,76210.0,11,76220.0,9,76230.0,7,76240.0,7,76190.0
cu2410,,13:43:35.500#,76500.0,76660.0,76180.0,82400.0,71610.0,25382,75958.0,76140.0,6,76150.0,25,76160.0,7,76170.0,11,76180.0,22,76200.0,6,76210.0,11,76220.0,9,76230.0,7,76240.0,7,76190.0
cu2410,,13:43:36.0#,76500.0,76660.0,76180.0,82400.0,71610.0,25382,75958.0,76150.0,25,76160.0,7,76170.0,11,76180.0,22,76190.0,2,76200.0,6,76210.0,11,76220.0,9,76230.0,7,76240.0,7,76190.0
cu2410,,13:43:36.500#,76500.0,76660.0,76180.0,82400.0,71610.0,25382,75958.0,76150.0,25,76160.0,7,76170.0,11,76180.0,22,76190.0,2,76200.0,1,76210.0,11,76220.0,9,76230.0,7,76240.0,7,76190.0
cu2410,,13:43:37.0#,76500.0,76660.0,76180.0,82400.0,71610.0,25382,75958.0,76150.0,25,76160.0,7,76170.0,11,76180.0,22,76190.0,2,76200.0,2,76210.0,11,76220.0,9,76230.0,7,76240.0,7,76190.0
cu2410,,13:43:37.500#,76500.0,76660.0,76180.0,82400.0,71610.0,25382,75958.0,76150.0,25,76160.0,7,76170.0,11,76180.0,22,76190.0,2,76200.0,2,76210.0,10,76220.0,9,76230.0,7,76240.0,7,76190.0
cu2410,,13:43:38.500#,76500.0,76660.0,76180.0,82400.0,71610.0,25382,75958.0,76150.0,25,76160.0,7,76170.0,11,76180.0,22,76190.0,2,76200.0,1,76210.0,10,76220.0,9,76230.0,7,76240.0,8,76190.0
cu2410,,13:43:39.0#,76500.0,76660.0,76180.0,82400.0,71610.0,25382,75958.0,76150.0,25,76160.0,7,76170.0,11,76180.0,22,76190.0,1,76200.0,1,76210.0,10,76220.0,9,76230.0,7,76240.0,8,76190.0
cu2410,,13:43:39.500#,76500.0,76660.0,76180.0,82400.0,71610.0,25383,75958.0,76140.0,6,76150.0,25,76160.0,7,76170.0,11,76180.0,24,76210.0,10,76220.0,9,76230.0,7,76240.0,8,76250.0,3,76190.0
cu2410,,13:43:40.0#,76500.0,76660.0,76180.0,82400.0,71610.0,25383,75958.0,76150.0,25,76160.0,7,76170.0,11,76180.0,26,76190.0,2,76200.0,5,76210.0,13,76220.0,9,76230.0,7,76240.0,8,76190.0
cu2410,,13:43:40.500#,76500.0,76660.0,76180.0,82400.0,71610.0,25383,75958.0,76140.0,6,76150.0,25,76160.0,7,76170.0,11,76180.0,26,76200.0,8,76210.0,9,76220.0,9,76230.0,7,76240.0,8,76190.0
cu2410,,13:43:41.0#,76500.0,76660.0,76180.0,82400.0,71610.0,25383,75958.0,76140.0,6,76150.0,25,76160.0,7,76170.0,11,76180.0,26,76210.0,8,76220.0,9,76230.0,7,76240.0,8,76250.0,3,76190.0
cu2410,,13:43:41.500#,76500.0,76660.0,76180.0,82400.0,71610.0,25383,75958.0,76150.0,25,76160.0,7,76170.0,11,76180.0,26,76190.0,1,76200.0,1,76210.0,16,76220.0,8,76230.0,7,76240.0,9,76190.0
cu2410,,13:43:42.0#,76500.0,76660.0,76180.0,82400.0,71610.0,25384,75959.0,76140.0,6,76150.0,25,76160.0,7,76170.0,11,76180.0,26,76200.0,1,76210.0,12,76220.0,8,76230.0,7,76240.0,9,76190.0
cu2410,,13:43:42.500#,76500.0,76660.0,76180.0,82400.0,71610.0,25384,75959.0,76140.0,6,76150.0,25,76160.0,7,76170.0,11,76180.0,26,76190.0,1,76200.0,8,76210.0,12,76220.0,8,76230.0,7,76190.0
cu2410,,13:43:43.0#,76500.0,76660.0,76180.0,82400.0,71610.0,25385,75960.0,76140.0,6,76150.0,25,76160.0,7,76170.0,9,76180.0,24,76200.0,8,76210.0,8,76220.0,8,76230.0,7,76240.0,9,76190.0
cu2410,,13:43:43.500#,76500.0,76660.0,76180.0,82400.0,71610.0,25386,75960.0,76140.0,6,76150.0,25,76160.0,7,76170.0,9,76180.0,23,76200.0,8,76210.0,8,76220.0,8,76230.0,7,76240.0,9,76180.0
cu2410,,13:43:44.0#,76500.0,76660.0,76180.0,82400.0,71610.0,25386,75960.0,76150.0,25,76160.0,7,76170.0,9,76180.0,29,76190.0,1,76200.0,9,76210.0,8,76220.0,8,76230.0,7,76240.0,9,76180.0
cu2410,,13:43:44.500#,76500.0,76660.0,76180.0,82400.0,71610.0,25387,75961.0,76140.0,6,76150.0,25,76160.0,7,76170.0,9,76180.0,28,76200.0,3,76210.0,8,76220.0,8,76230.0,7,76240.0,9,76180.0
cu2410,,13:43:45.0#,76500.0,76660.0,76180.0,82400.0,71610.0,25387,75961.0,76150.0,25,76160.0,7,76170.0,9,76180.0,28,76190.0,2,76200.0,3,76210.0,8,76220.0,8,76230.0,7,76240.0,9,76180.0
cu2410,,13:43:45.500#,76500.0,76660.0,76180.0,82400.0,71610.0,25390,75962.0,76140.0,6,76150.0,25,76160.0,7,76170.0,9,76180.0,28,76190.0,3,76200.0,2,76210.0,8,76220.0,8,76230.0,7,76180.0
cu2410,,13:43:46.0#,76500.0,76660.0,76180.0,82400.0,71610.0,25397,75963.0,76140.0,6,76150.0,25,76160.0,7,76170.0,9,76180.0,29,76190.0,3,76200.0,2,76210.0,8,76220.0,8,76230.0,7,76180.0
cu2410,,13:43:46.500#,76500.0,76660.0,76180.0,82400.0,71610.0,25397,75963.0,76140.0,6,76150.0,25,76160.0,7,76170.0,9,76180.0,26,76190.0,1,76200.0,2,76210.0,8,76220.0,8,76230.0,7,76180.0
cu2410,,13:43:47.0#,76500.0,76660.0,76180.0,82400.0,71610.0,25399,75965.0,76140.0,6,76150.0,25,76160.0,7,76170.0,9,76180.0,24,76190.0,1,76200.0,2,76210.0,8,76220.0,8,76230.0,7,76180.0
cu2410,,13:43:47.500#,76500.0,76660.0,76180.0,82400.0,71610.0,25400,75965.0,76140.0,6,76150.0,25,76160.0,7,76170.0,9,76180.0,24,76200.0,1,76210.0,5,76220.0,8,76230.0,7,76240.0,9,76190.0
cu2410,,13:43:48.0#,76500.0,76660.0,76180.0,82400.0,71610.0,25401,75965.0,76140.0,6,76150.0,25,76160.0,7,76170.0,9,76180.0,26,76200.0,1,76210.0,5,76220.0,8,76230.0,7,76240.0,9,76190.0
cu2410,,13:43:48.500#,76500.0,76660.0,76180.0,82400.0,71610.0,25402,75964.0,76140.0,6,76150.0,25,76160.0,7,76170.0,9,76180.0,26,76190.0,99,76200.0,4,76210.0,5,76220.0,8,76230.0,7,76190.0
cu2410,,13:43:49.0#,76500.0,76660.0,76180.0,82400.0,71610.0,25403,75964.0,76140.0,6,76150.0,24,76160.0,7,76170.0,9,76180.0,29,76190.0,98,76200.0,4,76210.0,5,76220.0,8,76230.0,7,76190.0
cu2410,,13:43:49.500#,76500.0,76660.0,76180.0,82400.0,71610.0,25403,75964.0,76140.0,6,76150.0,24,76160.0,7,76170.0,9,76180.0,31,76190.0,98,76200.0,4,76210.0,5,76220.0,8,76230.0,7,76190.0
cu2410,,13:43:50.0#,76500.0,76660.0,76180.0,82400.0,71610.0,25404,75963.0,76140.0,6,76150.0,24,76160.0,7,76170.0,9,76180.0,32,76190.0,97,76200.0,4,76210.0,5,76220.0,8,76230.0,7,76190.0
cu2410,,13:43:50.500#,76500.0,76660.0,76180.0,82400.0,71610.0,25405,75964.0,76140.0,6,76150.0,24,76160.0,7,76170.0,9,76180.0,31,76190.0,97,76200.0,4,76210.0,5,76220.0,8,76230.0,7,76180.0
cu2410,,13:43:51.0#,76500.0,76660.0,76180.0,82400.0,71610.0,25405,75964.0,76140.0,6,76150.0,25,76160.0,7,76170.0,9,76180.0,31,76190.0,97,76200.0,4,76210.0,5,76220.0,8,76230.0,7,76180.0
cu2410,,13:43:51.500#,76500.0,76660.0,76180.0,82400.0,71610.0,25406,75963.0,76140.0,6,76150.0,24,76160.0,7,76170.0,9,76180.0,28,76190.0,96,76200.0,4,76210.0,5,76220.0,8,76230.0,7,76190.0
cu2410,,13:43:52.500#,76500.0,76660.0,76180.0,82400.0,71610.0,25414,75967.0,76140.0,6,76150.0,24,76160.0,7,76170.0,9,76180.0,20,76190.0,96,76200.0,3,76210.0,5,76220.0,8,76230.0,7,76180.0
cu2410,,13:43:53.0#,76500.0,76660.0,76180.0,82400.0,71610.0,25419,75972.0,76140.0,6,76150.0,24,76160.0,7,76170.0,9,76180.0,15,76190.0,96,76200.0,3,76210.0,7,76220.0,8,76230.0,7,76180.0
cu2410,,13:43:54.0#,76500.0,76660.0,76180.0,82400.0,71610.0,25499,75951.0,76140.0,6,76150.0,24,76160.0,7,76170.0,9,76180.0,10,76190.0,21,76200.0,3,76210.0,5,76220.0,8,76230.0,7,76190.0
cu2410,,13:43:55.0#,76500.0,76660.0,76180.0,82400.0,71610.0,25522,75969.0,76150.0,24,76160.0,7,76170.0,6,76180.0,11,76190.0,8,76210.0,5,76220.0,11,76230.0,6,76240.0,9,76250.0,3,76200.0
cu2410,,13:43:55.500#,76500.0,76660.0,76180.0,82400.0,71610.0,25522,75969.0,76150.0,24,76160.0,7,76170.0,6,76180.0,14,76190.0,7,76210.0,3,76220.0,8,76230.0,5,76240.0,9,76250.0,3,76200.0
cu2410,,13:43:56.0#,76500.0,76660.0,76180.0,82400.0,71610.0,25522,75969.0,76150.0,24,76160.0,7,76170.0,6,76180.0,14,76190.0,6,76200.0,1,76210.0,6,76220.0,11,76230.0,4,76240.0,9,76200.0
cu2410,,13:43:56.500#,76500.0,76660.0,76180.0,82400.0,71610.0,25522,75969.0,76140.0,7,76150.0,24,76160.0,7,76170.0,6,76180.0,14,76200.0,4,76210.0,6,76220.0,11,76230.0,4,76240.0,10,76200.0
cu2410,,13:43:57.0#,76500.0,76660.0,76180.0,82400.0,71610.0,25522,75969.0,76140.0,7,76150.0,24,76160.0,7,76170.0,6,76180.0,14,76190.0,1,76200.0,4,76210.0,6,76220.0,11,76230.0,4,76200.0
cu2410,,13:43:57.500#,76500.0,76660.0,76180.0,82400.0,71610.0,25524,75970.0,76150.0,24,76160.0,11,76170.0,6,76180.0,15,76190.0,1,76200.0,4,76210.0,6,76220.0,11,76230.0,4,76240.0,11,76190.0
cu2410,,13:43:58.0#,76500.0,76660.0,76180.0,82400.0,71610.0,25524,75970.0,76150.0,24,76160.0,11,76170.0,9,76180.0,10,76190.0,2,76200.0,4,76210.0,6,76220.0,11,76230.0,4,76240.0,11,76190.0
cu2410,,13:43:58.500#,76500.0,76660.0,76180.0,82400.0,71610.0,25524,75970.0,76140.0,7,76150.0,24,76160.0,11,76170.0,9,76180.0,8,76190.0,1,76200.0,4,76210.0,6,76220.0,11,76230.0,4,76190.0
cu2410,,13:43:59.0#,76500.0,76660.0,76180.0,82400.0,71610.0,25525,75971.0,76140.0,7,76150.0,24,76160.0,11,76170.0,9,76180.0,7,76190.0,1,76200.0,4,76210.0,6,76220.0,11,76230.0,4,76190.0
cu2410,,13:43:59.500#,76500.0,76660.0,76180.0,82400.0,71610.0,25525,75971.0,76140.0,7,76150.0,24,76160.0,11,76170.0,9,76180.0,5,76190.0,1,76200.0,4,76210.0,6,76220.0,11,76230.0,4,76190.0
cu2410,,13:44:00.0#,76500.0,76660.0,76180.0,82400.0,71610.0,25526,75972.0,76140.0,7,76150.0,24,76160.0,11,76170.0,9,76180.0,4,76190.0,1,76200.0,4,76210.0,8,76220.0,11,76230.0,4,76180.0
cu2410,,13:44:01.0#,76500.0,76660.0,76180.0,82400.0,71610.0,25527,75973.0,76140.0,7,76150.0,24,76160.0,11,76170.0,9,76180.0,3,76190.0,1,76200.0,4,76210.0,8,76220.0,11,76230.0,4,76180.0
cu2410,,13:44:01.500#,76500.0,76660.0,76180.0,82400.0,71610.0,25528,75974.0,76140.0,7,76150.0,24,76160.0,11,76170.0,9,76180.0,2,76190.0,2,76200.0,3,76210.0,8,76220.0,11,76230.0,4,76180.0
cu2410,,13:44:02.0#,76500.0,76660.0,76180.0,82400.0,71610.0,25528,75974.0,76140.0,7,76150.0,24,76160.0,11,76170.0,9,76180.0,2,76190.0,1,76200.0,3,76210.0,8,76220.0,11,76230.0,4,76180.0
cu2410,,13:44:02.500#,76500.0,76660.0,76180.0,82400.0,71610.0,25529,75975.0,76140.0,7,76150.0,24,76160.0,7,76170.0,9,76180.0,1,76190.0,1,76200.0,3,76210.0,8,76220.0,11,76230.0,4,76180.0
cu2410,,13:44:03.0#,76500.0,76660.0,76180.0,82400.0,71610.0,25531,75977.0,76130.0,1,76140.0,7,76150.0,24,76160.0,7,76170.0,9,76190.0,1,76200.0,3,76210.0,8,76220.0,11,76230.0,4,76180.0
cu2410,,13:44:03.500#,76500.0,76660.0,76180.0,82400.0,71610.0,25531,75977.0,76130.0,1,76140.0,7,76150.0,24,76160.0,7,76170.0,8,76190.0,1,76200.0,3,76210.0,8,76220.0,8,76230.0,5,76180.0
cu2410,,13:44:04.0#,76500.0,76660.0,76180.0,82400.0,71610.0,25531,75977.0,76130.0,1,76140.0,7,76150.0,24,76160.0,7,76170.0,10,76190.0,3,76200.0,4,76210.0,11,76220.0,8,76230.0,5,76180.0
cu2410,,13:44:04.500#,76500.0,76660.0,76180.0,82400.0,71610.0,25531,75977.0,76130.0,1,76140.0,7,76150.0,24,76160.0,7,76170.0,13,76190.0,4,76200.0,4,76210.0,11,76220.0,8,76230.0,5,76180.0
cu2410,,13:44:05.0#,76500.0,76660.0,76170.0,82400.0,71610.0,25532,75978.0,76130.0,1,76140.0,7,76150.0,24,76160.0,7,76170.0,7,76190.0,1,76200.0,4,76210.0,8,76220.0,8,76230.0,5,76170.0
cu2410,,13:44:05.500#,76500.0,76660.0,76170.0,82400.0,71610.0,25536,75978.0,76130.0,1,76140.0,7,76150.0,24,76160.0,7,76170.0,6,76190.0,1,76200.0,4,76210.0,8,76220.0,8,76230.0,5,76190.0
cu2410,,13:44:06.0#,76500.0,76660.0,76170.0,82400.0,71610.0,25537,75979.0,76130.0,1,76140.0,7,76150.0,24,76160.0,7,76170.0,6,76190.0,2,76200.0,4,76210.0,8,76220.0,8,76230.0,5,76170.0
cu2410,,13:44:06.500#,76500.0,76660.0,76170.0,82400.0,71610.0,25537,75979.0,76140.0,7,76150.0,24,76160.0,7,76170.0,6,76180.0,1,76190.0,4,76200.0,4,76210.0,8,76220.0,8,76230.0,5,76170.0
cu2410,,13:44:07.0#,76500.0,76660.0,76170.0,82400.0,71610.0,25537,75979.0,76140.0,7,76150.0,24,76160.0,7,76170.0,5,76180.0,1,76190.0,4,76200.0,4,76210.0,8,76220.0,8,76230.0,5,76170.0
cu2410,,13:44:07.500#,76500.0,76660.0,76170.0,82400.0,71610.0,25538,75979.0,76130.0,1,76140.0,7,76150.0,24,76160.0,7,76170.0,5,76190.0,4,76200.0,4,76210.0,8,76220.0,8,76230.0,5,76180.0
cu2410,,13:44:08.0#,76500.0,76660.0,76170.0,82400.0,71610.0,25539,75979.0,76130.0,1,76140.0,7,76150.0,24,76160.0,7,76170.0,4,76190.0,4,76200.0,4,76210.0,8,76220.0,8,76230.0,5,76180.0
cu2410,,13:44:08.500#,76500.0,76660.0,76170.0,82400.0,71610.0,25539,75979.0,76140.0,8,76150.0,24,76160.0,6,76170.0,5,76180.0,2,76190.0,4,76200.0,6,76210.0,8,76220.0,8,76230.0,5,76180.0
cu2410,,13:44:10.500#,76500.0,76660.0,76170.0,82400.0,71610.0,25539,75979.0,76140.0,8,76150.0,24,76160.0,6,76170.0,5,76180.0,2,76190.0,4,76200.0,6,76210.0,8,76220.0,9,76230.0,5,76180.0
cu2410,,13:44:11.0#,76500.0,76660.0,76170.0,82400.0,71610.0,25539,75979.0,76140.0,8,76150.0,24,76160.0,6,76170.0,5,76180.0,2,76190.0,3,76200.0,6,76210.0,8,76220.0,9,76230.0,5,76180.0
cu2410,,13:44:11.500#,76500.0,76660.0,76170.0,82400.0,71610.0,25539,75979.0,76140.0,8,76150.0,24,76160.0,6,76170.0,5,76180.0,2,76190.0,3,76200.0,4,76210.0,8,76220.0,9,76230.0,5,76180.0
cu2410,,13:44:12.500#,76500.0,76660.0,76170.0,82400.0,71610.0,25539,75979.0,76140.0,8,76150.0,24,76160.0,6,76170.0,5,76180.0,2,76190.0,3,76200.0,6,76210.0,8,76220.0,9,76230.0,5,76180.0
cu2410,,13:44:13.0#,76500.0,76660.0,76170.0,82400.0,71610.0,25540,75980.0,76140.0,8,76150.0,24,76160.0,6,76170.0,5,76180.0,1,76190.0,4,76200.0,6,76210.0,8,76220.0,9,76230.0,5,76180.0
cu2410,,13:44:13.500#,76500.0,76660.0,76170.0,82400.0,71610.0,25541,75980.0,76130.0,1,76140.0,8,76150.0,26,76160.0,6,76170.0,5,76190.0,4,76200.0,6,76210.0,8,76220.0,10,76230.0,5,76180.0
cu2410,,13:44:14.0#,76500.0,76660.0,76170.0,82400.0,71610.0,25541,75980.0,76130.0,1,76140.0,8,76150.0,26,76160.0,6,76170.0,5,76180.0,1,76190.0,4,76200.0,6,76210.0,8,76220.0,10,76180.0
cu2410,,13:44:14.500#,76500.0,76660.0,76170.0,82400.0,71610.0,25542,75981.0,76130.0,1,76140.0,8,76150.0,26,76160.0,6,76170.0,5,76190.0,4,76200.0,6,76210.0,8,76220.0,10,76230.0,5,76180.0
cu2410,,13:44:15.0#,76500.0,76660.0,76170.0,82400.0,71610.0,25543,75982.0,76130.0,1,76140.0,8,76150.0,26,76160.0,6,76170.0,4,76190.0,4,76200.0,6,76210.0,8,76220.0,10,76230.0,5,76170.0
cu2410,,13:44:15.500#,76500.0,76660.0,76170.0,82400.0,71610.0,25544,75982.0,76130.0,1,76140.0,8,76150.0,26,76160.0,6,76170.0,9,76190.0,5,76200.0,6,76210.0,8,76220.0,10,76230.0,5,76170.0
cu2410,,13:44:16.0#,76500.0,76660.0,76170.0,82400.0,71610.0,25548,75985.0,76110.0,7,76130.0,1,76140.0,8,76150.0,26,76160.0,6,76190.0,5,76200.0,6,76210.0,8,76220.0,10,76230.0,5,76170.0
cu2410,,13:44:16.500#,76500.0,76660.0,76170.0,82400.0,71610.0,25549,75986.0,76130.0,1,76140.0,8,76150.0,26,76160.0,10,76170.0,5,76190.0,6,76200.0,6,76210.0,8,76220.0,10,76230.0,5,76170.0
cu2410,,13:44:17.0#,76500.0,76660.0,76170.0,82400.0,71610.0,25549,75986.0,76130.0,1,76140.0,8,76150.0,26,76160.0,10,76170.0,4,76190.0,7,76200.0,6,76210.0,8,76220.0,10,76230.0,5,76170.0
cu2410,,13:44:17.500#,76500.0,76660.0,76170.0,82400.0,71610.0,25550,75987.0,76110.0,6,76130.0,1,76140.0,8,76150.0,26,76160.0,10,76190.0,7,76200.0,6,76210.0,8,76220.0,10,76230.0,5,76170.0
cu2410,,13:44:18.0#,76500.0,76660.0,76170.0,82400.0,71610.0,25550,75987.0,76130.0,1,76140.0,8,76150.0,26,76160.0,10,76170.0,8,76180.0,1,76190.0,7,76200.0,6,76210.0,8,76220.0,10,76170.0
cu2410,,13:44:18.500#,76500.0,76660.0,76170.0,82400.0,71610.0,25550,75987.0,76130.0,1,76140.0,8,76150.0,26,76160.0,9,76170.0,8,76190.0,7,76200.0,6,76210.0,8,76220.0,10,76230.0,5,76170.0
cu2410,,13:44:19.0#,76500.0,76660.0,76170.0,82400.0,71610.0,25550,75987.0,76110.0,6,76130.0,1,76140.0,8,76150.0,26,76160.0,9,76170.0,1,76190.0,6,76200.0,6,76210.0,8,76220.0,10,76170.0
cu2410,,13:44:19.500#,76500.0,76660.0,76170.0,82400.0,71610.0,25551,75988.0,76130.0,1,76140.0,8,76150.0,26,76160.0,10,76170.0,7,76190.0,5,76200.0,5,76210.0,8,76220.0,10,76230.0,5,76170.0
cu2410,,13:44:20.0#,76500.0,76660.0,76170.0,82400.0,71610.0,25551,75988.0,76130.0,1,76140.0,8,76150.0,26,76160.0,9,76170.0,6,76190.0,5,76200.0,5,76210.0,8,76220.0,11,76230.0,5,76170.0
cu2410,,13:44:21.500#,76500.0,76660.0,76170.0,82400.0,71610.0,25553,75988.0,76130.0,1,76140.0,8,76150.0,26,76160.0,9,76170.0,6,76190.0,3,76200.0,5,76210.0,8,76220.0,11,76230.0,5,76190.0
cu2410,,13:44:22.0#,76500.0,76660.0,76170.0,82400.0,71610.0,25553,75988.0,76130.0,1,76140.0,8,76150.0,26,76160.0,9,76170.0,7,76190.0,1,76200.0,5,76210.0,8,76220.0,11,76230.0,5,76190.0
cu2410,,13:44:22.500#,76500.0,76660.0,76170.0,82400.0,71610.0,25553,75988.0,76130.0,1,76140.0,8,76150.0,26,76160.0,9,76170.0,4,76190.0,9,76200.0,5,76210.0,8,76220.0,11,76230.0,5,76190.0
cu2410,,13:44:23.0#,76500.0,76660.0,76170.0,82400.0,71610.0,25553,75988.0,76130.0,1,76140.0,8,76150.0,26,76160.0,9,76170.0,3,76190.0,6,76200.0,5,76210.0,8,76220.0,11,76230.0,5,76190.0
cu2410,,13:44:23.500#,76500.0,76660.0,76170.0,82400.0,71610.0,25553,75988.0,76140.0,8,76150.0,26,76160.0,9,76170.0,6,76180.0,4,76190.0,4,76200.0,5,76210.0,8,76220.0,11,76230.0,5,76190.0
cu2410,,13:44:24.0#,76500.0,76660.0,76170.0,82400.0,71610.0,25553,75988.0,76140.0,8,76150.0,26,76160.0,9,76170.0,8,76180.0,4,76190.0,1,76200.0,3,76210.0,8,76220.0,11,76230.0,5,76190.0
cu2410,,13:44:24.500#,76500.0,76660.0,76170.0,82400.0,71610.0,25553,75988.0,76130.0,1,76140.0,8,76150.0,26,76160.0,9,76170.0,6,76190.0,1,76200.0,5,76210.0,8,76220.0,11,76230.0,5,76190.0
cu2410,,13:44:25.0#,76500.0,76660.0,76170.0,82400.0,71610.0,25554,75988.0,76130.0,1,76140.0,8,76150.0,26,76160.0,9,76170.0,6,76190.0,5,76200.0,5,76210.0,8,76220.0,11,76230.0,5,76190.0
cu2410,,13:44:25.500#,76500.0,76660.0,76170.0,82400.0,71610.0,25554,75988.0,76130.0,1,76140.0,8,76150.0,26,76160.0,9,76170.0,6,76190.0,5,76200.0,5,76210.0,8,76220.0,11,76230.0,5,76190.0
cu2410,,13:44:26.0#,76500.0,76660.0,76170.0,82400.0,71610.0,25554,75988.0,76130.0,1,76140.0,8,76150.0,26,76160.0,9,76170.0,6,76190.0,4,76200.0,5,76210.0,8,76220.0,11,76230.0,5,76190.0
cu2410,,13:44:26.500#,76500.0,76660.0,76170.0,82400.0,71610.0,25554,75988.0,76130.0,1,76140.0,8,76150.0,26,76160.0,9,76170.0,7,76190.0,4,76200.0,5,76210.0,8,76220.0,11,76230.0,5,76190.0
cu2410,,13:44:28.0#,76500.0,76660.0,76170.0,82400.0,71610.0,25554,75988.0,76130.0,1,76140.0,8,76150.0,26,76160.0,9,76170.0,7,76190.0,4,76200.0,5,76210.0,8,76220.0,7,76230.0,5,76190.0
cu2410,,13:44:28.500#,76500.0,76660.0,76170.0,82400.0,71610.0,25554,75988.0,76130.0,1,76140.0,8,76150.0,26,76160.0,9,76170.0,7,76180.0,4,76190.0,4,76200.0,5,76210.0,8,76220.0,7,76190.0
cu2410,,13:44:29.0#,76500.0,76660.0,76170.0,82400.0,71610.0,25558,75985.0,76130.0,1,76140.0,8,76150.0,26,76160.0,9,76170.0,7,76180.0,1,76190.0,2,76200.0,3,76210.0,8,76220.0,7,76180.0
cu2410,,13:44:29.500#,76500.0,76660.0,76170.0,82400.0,71610.0,25559,75986.0,76130.0,1,76140.0,8,76150.0,26,76160.0,9,76170.0,7,76180.0,1,76190.0,2,76200.0,3,76210.0,8,76220.0,7,76180.0
cu2410,,13:44:30.0#,76500.0,76660.0,76170.0,82400.0,71610.0,25559,75986.0,76130.0,1,76140.0,8,76150.0,26,76160.0,9,76170.0,6,76180.0,1,76190.0,2,76200.0,3,76210.0,8,76220.0,7,76180.0
cu2410,,13:44:30.500#,76500.0,76660.0,76170.0,82400.0,71610.0,25559,75986.0,76130.0,1,76140.0,8,76150.0,26,76160.0,9,76170.0,6,76180.0,1,76190.0,2,76200.0,5,76210.0,8,76220.0,7,76180.0
cu2410,,13:44:31.0#,76500.0,76660.0,76170.0,82400.0,71610.0,25559,75986.0,76130.0,1,76140.0,8,76150.0,26,76160.0,9,76170.0,3,76180.0,1,76190.0,2,76200.0,5,76210.0,8,76220.0,7,76180.0
