InstrumentId,ExchangeId,Datetime,OpenPrice,HighestPrice,LowestPrice,UpperLimitPrice,LowerLimitPrice,Volume,OpenInterest,BidPrice5,BidVolume5,BidPrice4,BidVolume4,BidPrice3,BidVolume3,BidPrice2,BidVolume2,BidPrice1,BidVolume1,AskPrice1,AskVolume1,AskPrice2,AskVolume2,AskPrice3,AskVolume3,AskPrice4,AskVolume4,AskPrice5,AskVolume5,LastPrice
ec2410,,13:38:35.0#,3699.0,3796.0,3411.1,4312.8,3123.1,36672,31989.0,3418.0,6,3418.4,1,3419.1,2,3423.0,1,3423.1,3,3428.0,1,3429.3,1,3429.4,1,3429.6,1,3430.0,2,3420.1
ec2410,,13:38:35.500#,3699.0,3796.0,3411.1,4312.8,3123.1,36673,31989.0,3419.6,3,3420.1,1,3423.1,3,3423.3,1,3423.4,3,3427.8,1,3431.1,1,3432.1,6,3433.1,5,3434.0,1,3427.5
ec2410,,13:38:36.0#,3699.0,3796.0,3411.1,4312.8,3123.1,36673,31989.0,3423.1,3,3423.4,3,3423.6,1,3423.8,1,3424.0,3,3430.9,1,3431.1,1,3433.0,3,3433.1,2,3433.2,3,3427.5
ec2410,,13:38:36.500#,3699.0,3796.0,3411.1,4312.8,3123.1,36673,31989.0,3424.0,3,3424.1,1,3424.2,1,3424.4,1,3424.5,3,3430.9,1,3433.0,1,3434.0,1,3434.2,3,3434.6,2,3427.5
ec2410,,13:38:37.0#,3699.0,3796.0,3411.1,4312.8,3123.1,36673,31989.0,3424.5,3,3424.6,1,3424.7,1,3424.9,1,3425.0,1,3430.8,1,3433.2,1,3434.0,1,3434.2,3,3434.6,2,3427.5
ec2410,,13:38:37.500#,3699.0,3796.0,3411.1,4312.8,3123.1,36673,31989.0,3424.6,1,3425.0,1,3425.2,1,3425.4,1,3425.5,1,3430.6,1,3430.8,1,3433.4,1,3433.5,1,3434.0,1,3427.5
ec2410,,13:38:38.0#,3699.0,3796.0,3411.1,4312.8,3123.1,36673,31989.0,3425.0,1,3425.5,1,3425.7,1,3425.9,1,3426.0,1,3430.6,1,3433.6,1,3434.0,1,3434.5,3,3434.6,5,3427.5
ec2410,,13:38:38.500#,3699.0,3796.0,3411.1,4312.8,3123.1,36680,31993.0,3423.1,2,3423.4,2,3423.7,3,3424.0,1,3425.0,3,3432.3,3,3433.4,1,3433.8,1,3434.0,1,3434.6,2,3425.0
ec2410,,13:38:39.0#,3699.0,3796.0,3411.1,4312.8,3123.1,36683,31996.0,3423.1,2,3423.2,1,3423.4,2,3424.0,1,3425.0,1,3431.8,1,3431.9,1,3432.1,1,3432.2,2,3434.0,1,3425.1
ec2410,,13:38:39.500#,3699.0,3796.0,3411.1,4312.8,3123.1,36683,31996.0,3423.1,2,3423.4,2,3424.0,1,3425.0,2,3425.2,1,3431.4,1,3431.6,1,3431.7,1,3431.8,1,3432.2,2,3425.1
ec2410,,13:38:40.0#,3699.0,3796.0,3411.1,4312.8,3123.1,36683,31996.0,3423.1,2,3423.4,2,3424.0,1,3425.0,2,3425.2,1,3431.0,1,3431.2,1,3431.8,1,3432.2,2,3433.8,1,3425.1
ec2410,,13:38:40.500#,3699.0,3796.0,3411.1,4312.8,3123.1,36685,31998.0,3422.6,1,3423.1,2,3423.4,2,3424.0,1,3425.0,2,3425.2,1,3430.6,1,3430.8,1,3430.9,1,3431.0,1,3425.1
ec2410,,13:38:41.0#,3699.0,3796.0,3411.1,4312.8,3123.1,36686,31999.0,3421.1,3,3423.0,1,3424.0,1,3425.0,2,3425.1,1,3425.2,2,3430.6,1,3430.8,1,3430.9,1,3431.0,1,3425.2
ec2410,,13:38:41.500#,3699.0,3796.0,3411.1,4312.8,3123.1,36687,31999.0,3419.1,4,3419.6,1,3423.0,1,3424.0,1,3425.0,1,3425.2,2,3430.6,1,3430.8,1,3430.9,1,3431.0,1,3425.0
ec2410,,13:38:42.0#,3699.0,3796.0,3411.1,4312.8,3123.1,36691,32000.0,3418.8,3,3419.1,4,3419.6,1,3423.0,1,3424.0,1,3430.6,1,3430.8,1,3430.9,1,3431.0,1,3431.2,3,3425.2
ec2410,,13:38:42.500#,3699.0,3796.0,3411.1,4312.8,3123.1,36691,32000.0,3421.0,3,3421.8,1,3423.0,1,3424.0,1,3424.2,1,3430.0,1,3430.2,1,3430.4,1,3430.5,6,3430.9,1,3425.2
ec2410,,13:38:43.0#,3699.0,3796.0,3411.1,4312.8,3123.1,36691,32000.0,3421.0,3,3421.6,1,3423.0,1,3424.0,1,3424.2,1,3429.6,1,3429.8,1,3429.9,1,3430.0,1,3430.3,2,3425.2
ec2410,,13:38:43.500#,3699.0,3796.0,3411.1,4312.8,3123.1,36692,32001.0,3419.5,3,3421.0,3,3421.4,1,3423.0,1,3424.0,1,3429.2,1,3429.4,1,3429.5,1,3429.9,1,3430.0,1,3424.2
ec2410,,13:38:44.0#,3699.0,3796.0,3411.1,4312.8,3123.1,36692,32001.0,3419.2,6,3419.3,3,3421.1,1,3423.0,1,3424.0,1,3428.8,2,3429.0,1,3429.1,1,3429.5,1,3429.9,1,3424.2
ec2410,,13:38:44.500#,3699.0,3796.0,3411.1,4312.8,3123.1,36692,32001.0,3419.2,3,3419.3,3,3420.9,1,3423.0,1,3424.0,1,3428.5,1,3428.6,1,3428.7,1,3428.8,1,3429.1,1,3424.2
ec2410,,13:38:45.0#,3699.0,3796.0,3411.1,4312.8,3123.1,36692,32001.0,3419.3,3,3420.8,1,3423.0,1,3424.0,1,3424.2,1,3428.1,1,3428.3,1,3428.8,1,3429.1,1,3429.5,1,3424.2
ec2410,,13:38:45.500#,3699.0,3796.0,3411.1,4312.8,3123.1,36692,32001.0,3419.3,3,3420.7,1,3423.0,1,3424.0,1,3424.2,1,3427.9,1,3429.5,1,3429.9,1,3430.0,4,3430.3,2,3424.2
ec2410,,13:38:46.0#,3699.0,3796.0,3411.1,4312.8,3123.1,36696,32005.0,3418.7,5,3419.1,4,3419.3,3,3420.6,1,3423.0,1,3424.0,7,3427.9,1,3429.9,1,3430.0,4,3430.3,2,3424.0
ec2410,,13:38:46.500#,3699.0,3796.0,3411.1,4312.8,3123.1,36697,32006.0,3416.0,5,3416.1,1,3416.3,3,3418.0,4,3419.1,4,3424.0,7,3427.9,1,3428.8,3,3429.0,4,3429.9,1,3423.0
ec2410,,13:38:47.0#,3699.0,3796.0,3411.1,4312.8,3123.1,36697,32006.0,3416.0,1,3416.1,1,3418.0,3,3419.1,4,3419.3,1,3423.8,1,3424.0,7,3427.0,1,3427.4,3,3428.1,3,3423.0
ec2410,,13:38:47.500#,3699.0,3796.0,3411.1,4312.8,3123.1,36698,32007.0,3415.2,1,3416.1,2,3418.0,3,3419.1,4,3419.3,1,3423.0,2,3423.8,1,3424.0,7,3427.1,1,3427.4,3,3423.5
ec2410,,13:38:48.0#,3699.0,3796.0,3411.1,4312.8,3123.1,36700,32009.0,3415.6,1,3416.1,1,3418.0,3,3419.1,4,3419.3,1,3422.8,1,3423.0,3,3424.0,7,3426.6,1,3427.4,3,3419.5
ec2410,,13:38:48.500#,3699.0,3796.0,3411.1,4312.8,3123.1,36700,32009.0,3415.6,1,3416.1,1,3418.0,3,3419.1,4,3419.2,1,3422.8,1,3423.0,3,3424.0,7,3426.6,1,3427.4,3,3419.5
ec2410,,13:38:49.0#,3699.0,3796.0,3411.1,4312.8,3123.1,36700,32009.0,3416.1,1,3418.0,3,3419.1,4,3419.2,1,3420.0,2,3422.8,1,3423.0,3,3424.0,7,3426.5,1,3427.4,3,3419.5
ec2410,,13:38:49.500#,3699.0,3796.0,3411.1,4312.8,3123.1,36700,32009.0,3416.1,1,3418.0,3,3419.1,4,3419.2,1,3420.0,3,3422.9,1,3423.0,3,3424.0,7,3426.9,1,3427.4,3,3419.5
ec2410,,13:38:50.0#,3699.0,3796.0,3411.1,4312.8,3123.1,36701,32008.0,3416.1,1,3418.0,3,3419.1,4,3419.2,1,3420.0,3,3422.9,1,3423.0,4,3424.0,7,3427.0,2,3427.4,3,3422.8
ec2410,,13:38:50.500#,3699.0,3796.0,3411.1,4312.8,3123.1,36702,32008.0,3419.1,4,3419.2,1,3420.0,3,3421.8,2,3422.8,1,3422.9,1,3423.0,3,3424.0,8,3427.0,2,3427.4,3,3422.8
ec2410,,13:38:51.0#,3699.0,3796.0,3411.1,4312.8,3123.1,36705,32005.0,3417.4,1,3418.0,3,3419.1,4,3419.5,2,3420.0,3,3422.9,2,3423.0,3,3424.0,8,3427.0,1,3427.4,3,3421.8
ec2410,,13:38:51.500#,3699.0,3796.0,3411.1,4312.8,3123.1,36706,32006.0,3416.1,1,3418.0,3,3419.1,4,3419.5,2,3420.0,2,3422.9,2,3423.0,3,3424.0,8,3427.0,2,3427.4,3,3420.0
ec2410,,13:38:52.0#,3699.0,3796.0,3411.1,4312.8,3123.1,36706,32006.0,3416.1,1,3418.0,3,3419.1,4,3419.5,3,3420.0,2,3422.9,2,3423.0,3,3424.0,8,3427.0,2,3427.4,3,3420.0
ec2410,,13:38:52.500#,3699.0,3796.0,3411.1,4312.8,3123.1,36706,32006.0,3416.1,1,3418.0,3,3419.1,4,3419.5,3,3420.0,2,3422.9,1,3423.0,3,3424.0,8,3427.0,2,3427.4,3,3420.0
ec2410,,13:38:53.0#,3699.0,3796.0,3411.1,4312.8,3123.1,36710,32010.0,3416.1,1,3418.0,3,3419.1,4,3419.5,3,3420.0,1,3423.0,4,3424.0,8,3427.0,2,3427.4,3,3428.4,3,3422.9
ec2410,,13:38:53.500#,3699.0,3796.0,3411.1,4312.8,3123.1,36711,32009.0,3416.1,1,3418.0,3,3419.1,4,3419.5,3,3420.0,1,3423.0,4,3424.0,8,3427.0,2,3427.4,3,3428.5,6,3422.9
ec2410,,13:38:54.0#,3699.0,3796.0,3411.1,4312.8,3123.1,36714,32010.0,3416.1,1,3418.0,3,3419.1,4,3419.5,3,3420.0,2,3423.0,5,3424.0,8,3427.0,2,3427.4,3,3427.8,3,3420.3
ec2410,,13:38:54.500#,3699.0,3796.0,3411.1,4312.8,3123.1,36716,32010.0,3416.1,1,3418.0,3,3419.1,4,3419.5,3,3420.0,2,3423.0,4,3424.0,8,3427.0,2,3427.4,3,3428.5,6,3422.9
ec2410,,13:38:55.0#,3699.0,3796.0,3411.1,4312.8,3123.1,36717,32011.0,3416.1,1,3418.0,3,3419.1,4,3419.5,3,3420.0,1,3423.0,4,3424.0,8,3427.0,2,3427.4,3,3428.0,3,3420.0
ec2410,,13:38:55.500#,3699.0,3796.0,3411.1,4312.8,3123.1,36717,32011.0,3416.1,1,3418.0,3,3419.1,4,3419.5,3,3420.0,1,3422.9,1,3423.0,5,3424.0,8,3427.0,2,3427.4,3,3420.0
ec2410,,13:38:56.0#,3699.0,3796.0,3411.1,4312.8,3123.1,36717,32011.0,3416.1,1,3418.0,3,3419.1,4,3419.5,3,3420.0,1,3423.0,6,3424.0,8,3427.0,2,3427.4,3,3428.1,3,3420.0
ec2410,,13:38:56.500#,3699.0,3796.0,3411.1,4312.8,3123.1,36717,32011.0,3416.1,1,3418.0,3,3419.1,4,3419.5,3,3420.0,1,3423.0,6,3424.0,8,3427.0,2,3427.4,3,3428.1,3,3420.0
ec2410,,13:38:57.0#,3699.0,3796.0,3411.1,4312.8,3123.1,36717,32011.0,3416.1,1,3418.0,3,3419.1,4,3419.5,3,3420.0,1,3423.0,6,3424.0,8,3427.0,2,3427.4,3,3428.1,3,3420.0
ec2410,,13:38:57.500#,3699.0,3796.0,3411.1,4312.8,3123.1,36719,32012.0,3416.0,2,3416.1,1,3418.0,3,3419.1,4,3419.5,3,3423.0,6,3424.0,8,3427.0,2,3427.4,3,3428.5,6,3420.0
ec2410,,13:38:58.0#,3699.0,3796.0,3411.1,4312.8,3123.1,36719,32012.0,3416.1,1,3418.0,3,3419.1,4,3419.5,4,3420.0,1,3423.0,6,3424.0,8,3426.7,1,3427.0,1,3427.4,3,3420.0
ec2410,,13:38:58.500#,3699.0,3796.0,3411.1,4312.8,3123.1,36729,32010.0,3416.1,1,3418.0,3,3419.1,4,3419.5,4,3423.0,42,3424.0,7,3427.0,2,3427.4,3,3428.5,3,3428.9,3,3424.0
ec2410,,13:38:59.0#,3699.0,3796.0,3411.1,4312.8,3123.1,36737,32017.0,3418.7,3,3419.1,4,3419.5,3,3421.0,3,3423.0,42,3427.0,1,3428.0,2,3429.0,1,3429.6,1,3429.9,1,3424.0
ec2410,,13:38:59.500#,3699.0,3796.0,3411.1,4312.8,3123.1,36740,32018.0,3419.4,3,3419.5,4,3422.5,3,3422.9,1,3423.0,41,3427.0,1,3428.0,2,3430.0,5,3430.3,2,3430.5,3,3423.0
ec2410,,13:39:00.0#,3699.0,3796.0,3411.1,4312.8,3123.1,36741,32019.0,3420.0,1,3422.5,3,3422.9,1,3423.0,41,3423.2,1,3427.0,1,3428.0,2,3430.0,5,3430.3,2,3430.5,3,3423.0
ec2410,,13:39:00.500#,3699.0,3796.0,3411.1,4312.8,3123.1,36741,32019.0,3419.6,1,3420.0,1,3422.9,1,3423.0,41,3423.2,1,3424.0,1,3426.9,1,3427.0,1,3428.0,2,3430.0,5,3423.0
ec2410,,13:39:01.0#,3699.0,3796.0,3411.1,4312.8,3123.1,36741,32019.0,3419.1,4,3419.5,3,3420.0,1,3422.9,1,3423.0,41,3424.0,1,3426.9,1,3427.0,1,3428.0,2,3429.1,1,3423.0
ec2410,,13:39:01.500#,3699.0,3796.0,3411.1,4312.8,3123.1,36742,32019.0,3420.0,1,3421.0,3,3422.9,1,3423.0,41,3424.0,1,3426.9,1,3427.0,1,3428.0,2,3429.0,1,3429.6,3,3424.0
ec2410,,13:39:02.0#,3699.0,3796.0,3411.1,4312.8,3123.1,36742,32019.0,3419.5,3,3420.0,2,3422.9,1,3423.0,41,3424.0,1,3427.0,2,3428.0,2,3430.0,5,3430.3,2,3430.5,2,3424.0
ec2410,,13:39:02.500#,3699.0,3796.0,3411.1,4312.8,3123.1,36743,32020.0,3419.5,3,3420.0,2,3422.9,1,3423.0,41,3424.0,2,3427.0,1,3428.0,2,3430.0,5,3430.3,2,3430.5,2,3424.0
ec2410,,13:39:03.0#,3699.0,3796.0,3411.1,4312.8,3123.1,36745,32022.0,3420.0,2,3422.9,1,3423.0,41,3424.0,1,3424.1,1,3428.0,1,3430.0,5,3430.3,2,3430.5,2,3431.0,1,3428.0
ec2410,,13:39:03.500#,3699.0,3796.0,3411.1,4312.8,3123.1,36745,32022.0,3423.0,41,3424.0,1,3424.2,1,3424.3,1,3427.0,1,3428.0,1,3430.0,5,3430.3,2,3431.6,1,3432.6,3,3428.0
ec2410,,13:39:04.0#,3699.0,3796.0,3411.1,4312.8,3123.1,36746,32022.0,3423.0,41,3424.0,1,3424.2,1,3424.3,1,3427.0,1,3430.0,5,3430.3,2,3433.0,1,3433.5,6,3434.0,1,3428.0
ec2410,,13:39:04.500#,3699.0,3796.0,3411.1,4312.8,3123.1,36746,32022.0,3423.0,42,3424.0,1,3424.3,1,3427.0,1,3427.1,1,3429.8,1,3430.0,5,3430.3,2,3434.0,2,3434.3,3,3428.0
ec2410,,13:39:05.0#,3699.0,3796.0,3411.1,4312.8,3123.1,36746,32022.0,3424.0,1,3424.3,1,3427.0,1,3427.1,1,3428.0,4,3429.9,1,3430.0,5,3430.3,2,3434.0,2,3434.3,3,3428.0
ec2410,,13:39:05.500#,3699.0,3796.0,3411.1,4312.8,3123.1,36746,32022.0,3424.0,1,3424.3,1,3427.0,1,3427.1,1,3428.0,4,3430.0,5,3430.3,2,3434.0,1,3434.3,3,3434.5,1,3428.0
ec2410,,13:39:06.0#,3699.0,3796.0,3411.1,4312.8,3123.1,36746,32022.0,3424.3,1,3427.0,1,3427.1,1,3428.0,4,3429.9,2,3430.0,5,3430.3,2,3434.0,1,3434.5,1,3434.6,2,3428.0
ec2410,,13:39:06.500#,3699.0,3796.0,3411.1,4312.8,3123.1,36746,32022.0,3424.4,1,3427.0,1,3427.1,1,3428.0,4,3429.9,5,3430.0,5,3434.0,1,3434.6,2,3434.8,1,3434.9,1,3428.0
ec2410,,13:39:07.0#,3699.0,3796.0,3411.1,4312.8,3123.1,36752,32021.0,3424.5,7,3427.0,1,3427.1,1,3428.0,4,3429.9,5,3434.0,1,3434.6,2,3434.8,1,3434.9,1,3435.0,5,3430.0
ec2410,,13:39:07.500#,3699.0,3796.0,3411.1,4312.8,3123.1,36754,32021.0,3426.5,1,3427.0,1,3427.1,1,3428.0,4,3429.9,4,3434.0,2,3434.6,2,3434.8,1,3434.9,1,3435.0,5,3429.9
ec2410,,13:39:08.0#,3699.0,3796.0,3411.1,4312.8,3123.1,36757,32021.0,3427.0,1,3427.1,1,3428.0,4,3429.9,4,3430.1,1,3434.5,1,3434.6,2,3434.8,1,3434.9,1,3435.0,5,3434.0
ec2410,,13:39:08.500#,3699.0,3796.0,3411.1,4312.8,3123.1,36757,32021.0,3427.0,1,3427.1,1,3428.0,4,3429.9,4,3430.1,1,3434.2,1,3434.3,1,3434.5,1,3434.6,2,3434.8,1,3434.0
ec2410,,13:39:09.0#,3699.0,3796.0,3411.1,4312.8,3123.1,36757,32021.0,3427.0,1,3427.1,1,3428.0,4,3429.9,4,3430.1,1,3434.0,1,3434.1,2,3434.2,1,3434.5,1,3434.6,2,3434.0
ec2410,,13:39:09.500#,3699.0,3796.0,3411.1,4312.8,3123.1,36759,32021.0,3426.6,1,3427.0,1,3427.1,1,3428.0,4,3429.9,4,3430.1,1,3434.1,2,3434.5,1,3434.6,2,3434.8,1,3430.1
ec2410,,13:39:10.0#,3699.0,3796.0,3411.1,4312.8,3123.1,36761,32022.0,3424.5,1,3425.2,3,3427.0,1,3428.0,4,3429.9,4,3433.9,2,3434.5,1,3434.6,2,3434.8,1,3435.0,5,3433.1
ec2410,,13:39:10.500#,3699.0,3796.0,3411.1,4312.8,3123.1,36761,32022.0,3425.2,3,3426.4,1,3427.0,1,3428.0,4,3429.9,4,3433.5,1,3433.7,1,3434.5,1,3434.6,2,3434.8,1,3433.1
ec2410,,13:39:11.0#,3699.0,3796.0,3411.1,4312.8,3123.1,36762,32023.0,3425.2,3,3426.2,1,3427.0,1,3428.0,4,3429.9,4,3433.3,1,3433.4,1,3434.5,1,3434.6,2,3434.8,1,3433.1
ec2410,,13:39:11.500#,3699.0,3796.0,3411.1,4312.8,3123.1,36763,32023.0,3425.2,3,3426.1,1,3427.0,1,3428.0,4,3429.9,4,3433.3,1,3433.4,1,3434.5,1,3434.6,2,3434.8,1,3433.3
ec2410,,13:39:12.0#,3699.0,3796.0,3411.1,4312.8,3123.1,36763,32023.0,3425.2,3,3426.1,1,3427.0,1,3428.0,4,3429.9,4,3432.9,1,3433.1,1,3433.3,1,3434.6,2,3434.8,1,3433.3
ec2410,,13:39:12.500#,3699.0,3796.0,3411.1,4312.8,3123.1,36763,32023.0,3425.2,3,3425.9,1,3427.0,1,3428.0,4,3429.9,5,3432.9,2,3433.3,1,3434.6,2,3434.8,1,3435.0,6,3433.3
ec2410,,13:39:13.0#,3699.0,3796.0,3411.1,4312.8,3123.1,36768,32024.0,3426.5,3,3427.0,1,3428.0,4,3429.9,5,3433.3,1,3434.6,2,3434.8,1,3435.0,6,3435.3,1,3436.0,1,3433.3
ec2410,,13:39:13.500#,3699.0,3796.0,3411.1,4312.8,3123.1,36769,32025.0,3426.5,3,3427.0,1,3428.0,4,3428.4,1,3429.9,5,3434.4,1,3434.6,2,3434.8,1,3435.0,6,3435.3,1,3433.3
ec2410,,13:39:14.0#,3699.0,3796.0,3411.1,4312.8,3123.1,36769,32025.0,3426.7,1,3427.0,1,3428.0,4,3429.9,5,3430.1,1,3434.4,1,3434.6,2,3434.8,1,3435.0,6,3435.3,1,3433.3
ec2410,,13:39:14.500#,3699.0,3796.0,3411.1,4312.8,3123.1,36769,32025.0,3427.0,1,3428.0,4,3429.9,5,3430.1,1,3432.9,1,3434.4,1,3434.6,2,3434.8,1,3435.0,6,3435.3,1,3433.3
ec2410,,13:39:15.0#,3699.0,3796.0,3411.1,4312.8,3123.1,36769,32025.0,3428.0,4,3428.2,1,3429.9,5,3430.1,1,3432.9,1,3434.6,2,3434.8,1,3435.0,6,3435.3,1,3436.0,1,3433.3
ec2410,,13:39:15.500#,3699.0,3796.0,3411.1,4312.8,3123.1,36769,32025.0,3428.0,4,3428.2,1,3429.9,5,3430.1,1,3432.9,1,3434.6,2,3434.8,1,3435.0,6,3435.3,1,3436.0,1,3433.3
ec2410,,13:39:16.0#,3699.0,3796.0,3411.1,4312.8,3123.1,36769,32025.0,3428.2,1,3429.9,5,3430.0,5,3430.1,1,3432.9,1,3434.6,2,3434.8,1,3435.0,6,3435.3,1,3436.0,1,3433.3
ec2410,,13:39:16.500#,3699.0,3796.0,3411.1,4312.8,3123.1,36769,32025.0,3429.0,1,3429.9,4,3430.0,5,3430.1,1,3432.9,1,3434.6,2,3434.8,1,3435.0,6,3435.3,1,3436.0,1,3433.3
ec2410,,13:39:17.0#,3699.0,3796.0,3411.1,4312.8,3123.1,36769,32025.0,3429.9,4,3430.0,5,3430.1,1,3432.9,1,3433.3,1,3434.6,2,3434.8,1,3435.0,6,3435.3,1,3436.0,1,3433.3
ec2410,,13:39:17.500#,3699.0,3796.0,3411.1,4312.8,3123.1,36771,32027.0,3428.4,1,3429.0,1,3429.9,4,3430.0,5,3430.1,1,3432.9,8,3434.6,2,3434.8,1,3435.0,6,3435.3,1,3432.9
ec2410,,13:39:18.0#,3699.0,3796.0,3411.1,4312.8,3123.1,36773,32027.0,3427.0,1,3428.0,4,3429.0,1,3429.9,4,3430.0,5,3432.9,7,3434.6,2,3434.8,1,3435.0,6,3435.3,1,3432.9
ec2410,,13:39:18.500#,3699.0,3796.0,3411.1,4312.8,3123.1,36773,32027.0,3427.0,1,3428.0,4,3429.0,1,3429.9,4,3430.0,5,3432.9,8,3433.3,1,3434.6,2,3434.8,1,3435.0,6,3432.9
ec2410,,13:39:19.0#,3699.0,3796.0,3411.1,4312.8,3123.1,36774,32028.0,3427.0,1,3428.0,4,3429.0,1,3429.9,3,3430.0,5,3432.9,7,3433.3,1,3434.6,2,3434.8,1,3435.0,6,3432.9
ec2410,,13:39:19.500#,3699.0,3796.0,3411.1,4312.8,3123.1,36774,32028.0,3427.0,1,3428.0,4,3429.0,1,3429.9,3,3430.0,5,3432.9,8,3433.3,1,3434.6,2,3434.8,1,3435.0,6,3432.9
ec2410,,13:39:20.0#,3699.0,3796.0,3411.1,4312.8,3123.1,36774,32028.0,3427.0,1,3428.0,4,3429.0,1,3429.9,3,3430.0,5,3432.9,8,3433.3,1,3434.6,2,3434.8,1,3435.0,6,3432.9
ec2410,,13:39:20.500#,3699.0,3796.0,3411.1,4312.8,3123.1,36775,32029.0,3427.0,1,3428.0,4,3429.0,1,3429.9,3,3430.0,5,3432.9,8,3433.3,1,3434.6,2,3434.8,1,3435.0,6,3430.6
ec2410,,13:39:21.0#,3699.0,3796.0,3411.1,4312.8,3123.1,36778,32032.0,3427.0,1,3428.0,4,3429.0,1,3429.9,3,3430.0,5,3432.9,5,3433.3,1,3434.6,2,3434.8,1,3435.0,6,3432.9
ec2410,,13:39:21.500#,3699.0,3796.0,3411.1,4312.8,3123.1,36778,32032.0,3427.0,1,3428.0,4,3429.0,1,3429.9,3,3430.0,5,3432.9,4,3433.3,1,3434.6,2,3434.8,1,3435.0,6,3432.9
ec2410,,13:39:22.0#,3699.0,3796.0,3411.1,4312.8,3123.1,36778,32032.0,3427.0,1,3428.0,4,3429.0,1,3429.9,3,3430.0,6,3432.9,4,3433.3,1,3434.6,2,3434.8,1,3435.0,6,3432.9
ec2410,,13:39:22.500#,3699.0,3796.0,3411.1,4312.8,3123.1,36778,32032.0,3427.0,1,3428.0,4,3429.0,1,3429.9,3,3430.0,6,3432.9,4,3433.3,1,3434.6,2,3434.8,1,3435.0,6,3432.9
ec2410,,13:39:23.0#,3699.0,3796.0,3411.1,4312.8,3123.1,36780,32034.0,3427.0,1,3428.0,4,3429.0,1,3429.9,3,3430.0,6,3432.9,2,3433.3,1,3434.6,2,3434.8,1,3435.0,6,3432.9
ec2410,,13:39:23.500#,3699.0,3796.0,3411.1,4312.8,3123.1,36780,32034.0,3427.0,1,3428.0,4,3429.0,1,3429.9,3,3430.0,6,3432.9,3,3433.3,1,3434.6,2,3434.8,1,3435.0,6,3432.9
ec2410,,13:39:24.0#,3699.0,3796.0,3411.1,4312.8,3123.1,36780,32034.0,3427.0,1,3428.0,4,3429.0,1,3429.9,3,3430.0,6,3432.9,3,3433.3,1,3434.6,2,3434.8,1,3435.0,6,3432.9
ec2410,,13:39:24.500#,3699.0,3796.0,3411.1,4312.8,3123.1,36782,32036.0,3427.0,1,3428.0,4,3429.0,1,3429.9,3,3430.0,6,3432.9,1,3433.3,1,3434.6,2,3434.8,1,3435.0,6,3432.9
ec2410,,13:39:25.0#,3699.0,3796.0,3411.1,4312.8,3123.1,36783,32036.0,3428.0,4,3428.5,1,3429.0,1,3429.9,3,3430.0,9,3433.3,1,3434.6,2,3434.8,1,3435.0,6,3435.3,1,3432.9
ec2410,,13:39:25.500#,3699.0,3796.0,3411.1,4312.8,3123.1,36783,32036.0,3428.5,1,3429.0,1,3429.9,3,3430.0,9,3432.9,1,3433.3,1,3434.6,2,3434.8,1,3435.0,6,3435.3,1,3432.9
ec2410,,13:39:26.0#,3699.0,3796.0,3411.1,4312.8,3123.1,36785,32035.0,3428.5,1,3429.0,1,3429.9,3,3430.0,9,3433.3,1,3434.6,2,3434.8,1,3435.0,6,3435.3,1,3436.0,1,3433.3
ec2410,,13:39:26.500#,3699.0,3796.0,3411.1,4312.8,3123.1,36785,32035.0,3428.5,1,3429.0,1,3429.9,3,3430.0,9,3433.3,3,3434.6,2,3434.8,1,3435.0,6,3435.3,1,3436.0,1,3433.3
ec2410,,13:39:27.0#,3699.0,3796.0,3411.1,4312.8,3123.1,36787,32034.0,3428.5,2,3429.0,1,3429.9,3,3430.0,9,3433.3,3,3434.8,1,3435.0,6,3435.3,1,3436.0,1,3436.5,1,3434.6
ec2410,,13:39:27.500#,3699.0,3796.0,3411.1,4312.8,3123.1,36787,32034.0,3428.6,1,3429.9,3,3430.0,9,3433.3,3,3434.6,2,3434.8,1,3435.0,6,3435.3,1,3436.0,1,3436.5,1,3434.6
ec2410,,13:39:28.0#,3699.0,3796.0,3411.1,4312.8,3123.1,36789,32032.0,3429.1,1,3429.2,1,3429.9,3,3430.0,9,3433.3,3,3434.8,1,3435.0,6,3435.3,1,3436.0,1,3436.5,1,3434.6
ec2410,,13:39:28.500#,3699.0,3796.0,3411.1,4312.8,3123.1,36790,32031.0,3428.6,1,3429.9,3,3430.0,9,3433.3,2,3434.8,2,3435.0,6,3435.3,1,3436.0,1,3436.5,1,3438.0,9,3434.8
ec2410,,13:39:29.0#,3699.0,3796.0,3411.1,4312.8,3123.1,36792,32030.0,3429.4,1,3429.9,3,3430.0,9,3433.3,2,3434.8,1,3435.0,6,3435.3,1,3436.0,1,3436.5,1,3438.0,9,3434.8
ec2410,,13:39:29.500#,3699.0,3796.0,3411.1,4312.8,3123.1,36793,32029.0,3429.3,1,3429.4,1,3429.9,3,3430.0,9,3433.3,2,3435.0,6,3435.3,1,3436.0,1,3436.5,1,3438.0,9,3434.8
ec2410,,13:39:30.0#,3699.0,3796.0,3411.1,4312.8,3123.1,36793,32029.0,3428.6,1,3428.8,1,3429.9,3,3430.0,9,3433.3,2,3435.0,6,3435.3,1,3436.0,1,3436.5,1,3438.0,9,3434.8
ec2410,,13:39:30.500#,3699.0,3796.0,3411.1,4312.8,3123.1,36796,32027.0,3428.6,1,3428.8,1,3429.9,3,3430.0,9,3433.3,1,3434.8,1,3435.0,4,3435.3,1,3436.0,1,3436.5,1,3435.0
ec2410,,13:39:31.0#,3699.0,3796.0,3411.1,4312.8,3123.1,36798,32026.0,3428.6,1,3428.8,1,3429.9,3,3430.0,8,3433.3,1,3435.0,3,3435.3,1,3436.0,1,3436.5,1,3438.0,9,3435.0
ec2410,,13:39:31.500#,3699.0,3796.0,3411.1,4312.8,3123.1,36800,32025.0,3428.5,1,3428.6,1,3428.8,1,3429.9,3,3430.0,8,3433.3,3,3433.8,1,3435.0,3,3435.3,1,3436.0,1,3433.3
ec2410,,13:39:32.0#,3699.0,3796.0,3411.1,4312.8,3123.1,36800,32025.0,3428.0,4,3428.5,1,3428.8,1,3429.9,3,3430.0,8,3433.3,3,3433.8,1,3435.0,3,3435.3,1,3436.0,1,3433.3
ec2410,,13:39:32.500#,3699.0,3796.0,3411.1,4312.8,3123.1,36813,32031.0,3428.0,4,3428.5,1,3428.8,1,3429.9,3,3430.0,5,3435.3,1,3436.0,1,3436.5,1,3437.2,1,3438.0,12,3430.0
ec2410,,13:39:33.0#,3699.0,3796.0,3411.1,4312.8,3123.1,36813,32031.0,3428.0,4,3428.5,1,3428.8,1,3429.9,3,3430.0,5,3435.1,2,3435.3,1,3436.0,1,3436.5,1,3438.0,12,3430.0
ec2410,,13:39:33.500#,3699.0,3796.0,3411.1,4312.8,3123.1,36813,32031.0,3428.5,1,3428.8,1,3429.9,3,3430.0,5,3433.3,1,3434.1,1,3435.1,2,3435.3,1,3436.0,1,3436.5,1,3430.0
ec2410,,13:39:34.0#,3699.0,3796.0,3411.1,4312.8,3123.1,36813,32031.0,3428.5,1,3428.8,1,3429.9,3,3430.0,5,3433.3,1,3434.1,1,3435.1,2,3435.3,1,3435.4,2,3436.0,1,3430.0
ec2410,,13:39:34.500#,3699.0,3796.0,3411.1,4312.8,3123.1,36816,32030.0,3428.5,1,3428.8,1,3429.9,3,3430.0,5,3433.3,1,3435.3,1,3435.4,2,3436.0,1,3436.5,1,3438.0,9,3435.1
ec2410,,13:39:35.0#,3699.0,3796.0,3411.1,4312.8,3123.1,36816,32030.0,3428.5,1,3428.8,2,3429.9,3,3430.0,5,3433.3,1,3435.2,3,3435.3,1,3435.4,2,3436.0,1,3436.5,1,3435.1
ec2410,,13:39:35.500#,3699.0,3796.0,3411.1,4312.8,3123.1,36817,32030.0,3428.7,1,3428.8,1,3429.9,3,3430.0,5,3434.1,3,3435.2,3,3435.3,1,3435.4,2,3436.0,1,3436.5,1,3433.3
ec2410,,13:39:36.0#,3699.0,3796.0,3411.1,4312.8,3123.1,36817,32030.0,3429.2,1,3429.9,3,3430.0,5,3434.1,3,3434.8,3,3435.2,3,3435.3,1,3435.4,2,3436.0,1,3436.5,1,3433.3
ec2410,,13:39:36.500#,3699.0,3796.0,3411.1,4312.8,3123.1,36819,32032.0,3429.5,1,3429.9,3,3430.0,5,3434.1,3,3434.8,1,3435.2,4,3435.3,1,3435.4,2,3436.0,1,3436.5,1,3433.8
ec2410,,13:39:37.0#,3699.0,3796.0,3411.1,4312.8,3123.1,36824,32031.0,3429.3,1,3429.5,1,3429.9,3,3430.0,5,3434.1,2,3435.2,2,3435.3,1,3435.4,2,3436.0,1,3436.5,1,3435.2
ec2410,,13:39:37.500#,3699.0,3796.0,3411.1,4312.8,3123.1,36825,32031.0,3428.8,1,3429.2,1,3429.9,3,3430.0,5,3434.1,2,3435.2,1,3435.3,1,3435.4,2,3436.0,1,3436.5,1,3435.2
ec2410,,13:39:38.0#,3699.0,3796.0,3411.1,4312.8,3123.1,36826,32031.0,3429.9,3,3430.0,5,3431.0,1,3434.1,2,3435.2,3,3435.3,1,3435.4,2,3436.0,1,3436.5,1,3438.0,9,3435.2
ec2410,,13:39:38.500#,3699.0,3796.0,3411.1,4312.8,3123.1,36828,32031.0,3430.0,5,3431.0,1,3432.7,1,3434.1,2,3435.2,2,3435.4,2,3436.0,1,3436.5,1,3438.0,9,3438.1,2,3435.2
ec2410,,13:39:39.0#,3699.0,3796.0,3411.1,4312.8,3123.1,36828,32031.0,3430.0,5,3431.0,1,3432.7,1,3434.1,2,3435.2,2,3435.4,3,3436.0,1,3436.5,1,3438.0,9,3438.1,2,3435.2
ec2410,,13:39:39.500#,3699.0,3796.0,3411.1,4312.8,3123.1,36828,32031.0,3430.0,5,3431.0,1,3432.7,1,3434.1,2,3435.2,2,3435.4,3,3436.0,1,3436.5,1,3438.0,9,3438.1,2,3435.2
ec2410,,13:39:40.0#,3699.0,3796.0,3411.1,4312.8,3123.1,36829,32031.0,3430.0,5,3431.0,1,3432.7,1,3434.1,2,3435.2,1,3435.4,3,3436.0,1,3436.5,1,3438.0,9,3438.1,2,3435.2
ec2410,,13:39:40.500#,3699.0,3796.0,3411.1,4312.8,3123.1,36831,32029.0,3429.9,3,3430.0,5,3431.0,1,3432.7,1,3434.1,1,3435.2,2,3435.4,4,3436.0,1,3436.5,1,3438.0,9,3434.1
ec2410,,13:39:41.0#,3699.0,3796.0,3411.1,4312.8,3123.1,36832,32028.0,3429.9,3,3430.0,5,3431.0,1,3432.7,1,3433.3,1,3434.3,1,3435.2,4,3435.4,2,3436.0,1,3436.5,1,3434.1
ec2410,,13:39:41.500#,3699.0,3796.0,3411.1,4312.8,3123.1,36836,32028.0,3428.5,1,3428.8,1,3429.9,3,3430.0,5,3431.0,1,3434.3,2,3435.2,2,3435.4,2,3436.0,1,3436.5,1,3432.7
ec2410,,13:39:42.0#,3699.0,3796.0,3411.1,4312.8,3123.1,36836,32028.0,3428.5,1,3428.8,1,3429.9,3,3430.0,5,3431.0,1,3434.1,2,3434.3,2,3435.2,2,3435.4,2,3436.0,1,3432.7
ec2410,,13:39:42.500#,3699.0,3796.0,3411.1,4312.8,3123.1,36836,32028.0,3428.5,1,3428.8,1,3429.9,3,3430.0,5,3431.0,1,3434.1,3,3435.2,2,3435.4,2,3436.0,1,3436.5,1,3432.7
ec2410,,13:39:43.0#,3699.0,3796.0,3411.1,4312.8,3123.1,36839,32029.0,3428.5,1,3428.8,1,3429.9,3,3430.0,5,3431.0,1,3434.1,1,3435.2,2,3435.4,2,3436.0,1,3436.5,1,3434.1
ec2410,,13:39:43.500#,3699.0,3796.0,3411.1,4312.8,3123.1,36839,32029.0,3428.8,1,3429.9,3,3430.0,4,3431.0,1,3431.2,1,3435.0,1,3435.2,2,3435.4,2,3436.0,1,3436.5,1,3434.1
ec2410,,13:39:44.0#,3699.0,3796.0,3411.1,4312.8,3123.1,36839,32029.0,3428.8,1,3429.9,3,3430.0,4,3431.0,1,3431.2,1,3435.0,1,3435.2,2,3435.4,2,3436.0,1,3436.5,1,3434.1
ec2410,,13:39:44.500#,3699.0,3796.0,3411.1,4312.8,3123.1,36839,32029.0,3428.8,1,3429.9,3,3430.0,4,3431.0,1,3431.2,1,3435.0,1,3435.2,2,3435.4,2,3436.0,1,3436.5,1,3434.1
ec2410,,13:39:45.0#,3699.0,3796.0,3411.1,4312.8,3123.1,36840,32029.0,3429.9,3,3430.0,4,3431.0,1,3431.2,1,3434.1,1,3435.0,1,3435.2,2,3435.4,2,3436.0,1,3436.5,1,3434.5
ec2410,,13:39:45.500#,3699.0,3796.0,3411.1,4312.8,3123.1,36841,32030.0,3429.1,1,3429.9,3,3430.0,4,3431.0,1,3431.2,1,3435.2,2,3435.4,2,3436.0,1,3436.5,1,3438.0,9,3434.1
ec2410,,13:39:46.0#,3699.0,3796.0,3411.1,4312.8,3123.1,36841,32030.0,3428.8,1,3429.9,3,3430.0,4,3431.0,1,3431.2,1,3434.4,1,3435.1,1,3435.2,2,3435.4,2,3436.0,1,3434.1
ec2410,,13:39:46.500#,3699.0,3796.0,3411.1,4312.8,3123.1,36841,32030.0,3428.8,1,3429.9,3,3430.0,4,3431.0,1,3431.2,1,3434.0,1,3434.4,1,3435.1,1,3435.2,2,3435.4,2,3434.1
ec2410,,13:39:47.0#,3699.0,3796.0,3411.1,4312.8,3123.1,36841,32030.0,3428.8,1,3429.9,3,3430.0,4,3431.0,1,3431.2,1,3434.0,1,3434.4,1,3435.0,8,3435.1,1,3435.2,2,3434.1
ec2410,,13:39:47.500#,3699.0,3796.0,3411.1,4312.8,3123.1,36842,32029.0,3429.9,3,3430.0,4,3431.0,1,3431.2,1,3434.0,1,3434.4,1,3435.0,8,3435.1,1,3435.2,2,3435.4,2,3434.1
ec2410,,13:39:48.0#,3699.0,3796.0,3411.1,4312.8,3123.1,36843,32029.0,3429.9,3,3430.0,4,3431.0,1,3431.2,1,3434.0,1,3434.4,2,3435.0,8,3435.2,2,3435.4,2,3436.5,1,3434.0
ec2410,,13:39:48.500#,3699.0,3796.0,3411.1,4312.8,3123.1,36844,32029.0,3430.0,4,3431.0,1,3431.2,1,3432.0,1,3434.0,1,3434.4,2,3435.0,8,3435.2,2,3435.4,2,3436.5,1,3434.0
ec2410,,13:39:49.0#,3699.0,3796.0,3411.1,4312.8,3123.1,36845,32029.0,3429.9,3,3430.0,4,3431.0,1,3431.2,1,3432.0,1,3434.4,2,3435.0,8,3435.2,2,3435.4,2,3436.5,1,3434.0
ec2410,,13:39:49.500#,3699.0,3796.0,3411.1,4312.8,3123.1,36846,32029.0,3429.9,3,3430.0,4,3431.0,1,3431.2,1,3432.0,1,3434.4,1,3435.0,8,3435.2,2,3435.4,2,3436.5,1,3434.4
ec2410,,13:39:50.0#,3699.0,3796.0,3411.1,4312.8,3123.1,36846,32029.0,3428.8,1,3429.9,3,3430.0,4,3431.0,1,3432.0,2,3434.0,2,3434.4,1,3435.0,8,3435.2,2,3435.4,2,3434.4
ec2410,,13:39:50.500#,3699.0,3796.0,3411.1,4312.8,3123.1,36846,32029.0,3428.0,4,3429.9,3,3430.0,4,3431.0,1,3432.0,1,3434.0,2,3434.4,1,3435.0,8,3435.2,2,3435.4,2,3434.4
ec2410,,13:39:51.0#,3699.0,3796.0,3411.1,4312.8,3123.1,36847,32029.0,3427.5,1,3428.0,4,3429.9,3,3430.0,4,3431.0,1,3434.0,2,3434.4,1,3435.0,8,3435.2,2,3435.4,2,3432.0
ec2410,,13:39:51.500#,3699.0,3796.0,3411.1,4312.8,3123.1,36848,32028.0,3427.0,2,3428.0,4,3429.9,3,3430.0,4,3431.0,1,3434.0,1,3434.4,1,3435.0,8,3435.2,2,3435.4,2,3434.0
ec2410,,13:39:52.0#,3699.0,3796.0,3411.1,4312.8,3123.1,36848,32028.0,3428.0,4,3429.9,3,3430.0,4,3431.0,1,3431.1,1,3434.0,1,3434.4,1,3435.0,8,3435.2,2,3435.4,2,3434.0
ec2410,,13:39:52.500#,3699.0,3796.0,3411.1,4312.8,3123.1,36850,32030.0,3427.0,1,3427.1,1,3428.0,4,3429.9,3,3430.0,4,3431.0,3,3434.0,1,3434.4,2,3435.0,8,3435.2,2,3431.0
ec2410,,13:39:53.0#,3699.0,3796.0,3411.1,4312.8,3123.1,36850,32030.0,3425.0,1,3427.0,1,3428.0,4,3429.9,3,3430.0,4,3431.0,3,3434.0,1,3434.4,2,3435.0,8,3435.2,2,3431.0
ec2410,,13:39:53.500#,3699.0,3796.0,3411.1,4312.8,3123.1,36850,32030.0,3425.0,1,3427.0,1,3428.0,4,3429.9,3,3430.0,4,3431.0,3,3434.0,1,3434.1,1,3434.4,2,3435.0,8,3431.0
ec2410,,13:39:54.0#,3699.0,3796.0,3411.1,4312.8,3123.1,36850,32030.0,3425.0,1,3427.0,1,3428.0,4,3429.9,3,3430.0,4,3431.0,3,3434.0,1,3434.1,1,3434.4,2,3435.0,8,3431.0
ec2410,,13:39:54.500#,3699.0,3796.0,3411.1,4312.8,3123.1,36852,32031.0,3425.0,1,3427.0,1,3428.0,4,3429.9,3,3430.0,4,3431.0,1,3434.0,1,3434.1,1,3434.4,2,3435.0,8,3431.0
ec2410,,13:39:55.0#,3699.0,3796.0,3411.1,4312.8,3123.1,36853,32032.0,3429.9,3,3430.0,4,3430.1,1,3431.0,1,3431.1,1,3434.0,1,3434.1,1,3434.4,2,3435.0,8,3435.2,2,3431.0
ec2410,,13:39:55.500#,3699.0,3796.0,3411.1,4312.8,3123.1,36853,32032.0,3428.0,4,3429.9,3,3430.0,4,3431.0,1,3431.1,2,3434.0,1,3434.1,1,3434.4,2,3435.0,8,3435.2,2,3431.0
ec2410,,13:39:56.0#,3699.0,3796.0,3411.1,4312.8,3123.1,36853,32032.0,3428.0,4,3429.9,3,3430.0,4,3431.0,1,3431.1,1,3434.0,1,3434.1,1,3434.4,2,3435.0,8,3435.2,2,3431.0
ec2410,,13:39:56.500#,3699.0,3796.0,3411.1,4312.8,3123.1,36853,32032.0,3428.0,4,3429.9,3,3430.0,4,3431.0,1,3431.1,1,3434.0,1,3434.1,1,3434.4,2,3435.0,8,3435.2,2,3431.0
ec2410,,13:39:57.0#,3699.0,3796.0,3411.1,4312.8,3123.1,36853,32032.0,3428.0,4,3429.9,3,3430.0,4,3431.0,1,3431.1,1,3434.0,1,3434.1,1,3434.4,2,3435.0,8,3435.2,2,3431.0
ec2410,,13:39:57.500#,3699.0,3796.0,3411.1,4312.8,3123.1,36853,32032.0,3428.0,4,3429.9,3,3430.0,4,3431.0,1,3431.1,1,3434.0,1,3434.1,1,3434.4,2,3435.0,8,3435.2,2,3431.0
ec2410,,13:39:58.0#,3699.0,3796.0,3411.1,4312.8,3123.1,36854,32032.0,3428.0,4,3429.9,3,3430.0,4,3431.0,1,3431.1,1,3434.1,1,3434.4,2,3435.0,8,3435.2,2,3436.5,1,3434.0
ec2410,,13:39:58.500#,3699.0,3796.0,3411.1,4312.8,3123.1,36854,32032.0,3430.0,4,3431.0,1,3431.1,1,3431.3,1,3434.0,1,3434.1,1,3434.4,2,3435.0,8,3435.2,2,3436.5,1,3434.0
ec2410,,13:39:59.0#,3699.0,3796.0,3411.1,4312.8,3123.1,36855,32033.0,3430.0,4,3431.0,1,3431.1,1,3431.3,1,3434.0,1,3434.4,1,3435.0,8,3435.2,2,3436.5,1,3438.0,9,3434.1
ec2410,,13:39:59.500#,3699.0,3796.0,3411.1,4312.8,3123.1,36856,32033.0,3429.9,3,3430.0,4,3431.0,1,3431.1,1,3431.3,1,3434.0,1,3434.4,1,3435.0,8,3435.2,2,3436.5,1,3434.0
ec2410,,13:40:00.0#,3699.0,3796.0,3411.1,4312.8,3123.1,36856,32033.0,3428.0,4,3429.9,3,3430.0,4,3431.0,1,3431.1,2,3434.0,1,3434.4,1,3435.0,8,3435.2,2,3436.5,1,3434.0
ec2410,,13:40:00.500#,3699.0,3796.0,3411.1,4312.8,3123.1,36856,32033.0,3428.0,4,3429.9,3,3430.0,4,3431.0,2,3431.1,2,3434.0,1,3434.4,1,3435.0,8,3435.2,2,3436.5,1,3434.0
ec2410,,13:40:01.0#,3699.0,3796.0,3411.1,4312.8,3123.1,36856,32033.0,3428.0,4,3429.9,3,3430.0,4,3431.0,2,3431.1,2,3434.0,1,3434.4,1,3435.0,8,3435.2,2,3436.5,1,3434.0
ec2410,,13:40:01.500#,3699.0,3796.0,3411.1,4312.8,3123.1,36856,32033.0,3428.0,4,3429.9,3,3430.0,4,3431.0,2,3431.1,2,3434.0,1,3434.4,1,3435.0,8,3435.2,2,3436.5,1,3434.0
ec2410,,13:40:02.0#,3699.0,3796.0,3411.1,4312.8,3123.1,36856,32033.0,3428.0,4,3429.9,3,3430.0,4,3431.0,2,3431.1,2,3434.0,1,3434.4,1,3435.0,8,3435.2,2,3436.5,1,3434.0
ec2410,,13:40:02.500#,3699.0,3796.0,3411.1,4312.8,3123.1,36862,32037.0,3427.0,1,3427.2,1,3428.0,4,3429.9,3,3430.0,4,3431.0,1,3431.1,7,3434.0,1,3434.4,1,3435.0,8,3431.0
ec2410,,13:40:03.0#,3699.0,3796.0,3411.1,4312.8,3123.1,36866,32038.0,3424.9,1,3425.0,1,3427.0,1,3428.0,4,3429.9,3,3431.0,5,3431.1,7,3433.8,1,3433.9,2,3434.0,1,3430.0
ec2410,,13:40:03.500#,3699.0,3796.0,3411.1,4312.8,3123.1,36876,32040.0,3421.4,3,3422.4,3,3423.0,5,3424.9,2,3427.0,1,3428.0,3,3429.7,1,3429.9,5,3430.8,1,3431.0,5,3428.0
ec2410,,13:40:04.0#,3699.0,3796.0,3411.1,4312.8,3123.1,36881,32039.0,3418.4,3,3419.1,5,3419.2,1,3419.5,3,3420.0,4,3426.5,1,3427.0,2,3427.8,1,3429.7,3,3430.8,3,3424.9
ec2410,,13:40:04.500#,3699.0,3796.0,3411.1,4312.8,3123.1,36883,32041.0,3417.1,1,3418.0,2,3419.1,5,3419.2,1,3419.5,3,3425.9,1,3426.0,4,3426.1,1,3426.2,1,3426.3,1,3420.0
ec2410,,13:40:05.0#,3699.0,3796.0,3411.1,4312.8,3123.1,36885,32043.0,3418.0,2,3419.1,5,3419.2,1,3419.5,3,3419.6,3,3425.4,1,3425.5,2,3425.7,1,3425.8,4,3425.9,1,3425.4
ec2410,,13:40:05.500#,3699.0,3796.0,3411.1,4312.8,3123.1,36890,32046.0,3417.1,1,3418.0,2,3419.1,5,3419.2,1,3419.5,2,3425.0,2,3425.2,1,3425.4,1,3425.8,4,3425.9,1,3419.5
ec2410,,13:40:06.0#,3699.0,3796.0,3411.1,4312.8,3123.1,36895,32049.0,3416.1,1,3417.1,1,3417.5,1,3418.0,2,3419.1,5,3424.8,1,3424.9,4,3425.0,2,3425.4,1,3425.8,4,3419.2
ec2410,,13:40:06.500#,3699.0,3796.0,3411.1,4312.8,3123.1,36898,32050.0,3416.1,1,3416.6,1,3417.1,1,3418.0,2,3419.1,4,3424.4,2,3424.5,1,3424.7,4,3424.8,1,3424.9,4,3419.1
ec2410,,13:40:07.0#,3699.0,3796.0,3411.1,4312.8,3123.1,36902,32050.0,3414.8,2,3415.0,13,3416.1,1,3417.1,1,3418.0,2,3418.8,1,3423.9,1,3424.0,2,3424.2,1,3424.3,3,3419.1
ec2410,,13:40:07.500#,3699.0,3796.0,3411.1,4312.8,3123.1,36906,32054.0,3414.6,1,3414.8,2,3415.0,13,3416.1,1,3417.1,1,3417.7,3,3423.6,1,3423.9,1,3424.2,1,3424.3,3,3418.0
ec2410,,13:40:08.0#,3699.0,3796.0,3411.1,4312.8,3123.1,36909,32057.0,3414.6,1,3414.8,2,3415.0,13,3416.1,1,3417.1,1,3423.9,1,3424.1,3,3424.2,1,3424.3,2,3424.7,2,3417.7
ec2410,,13:40:08.500#,3699.0,3796.0,3411.1,4312.8,3123.1,36910,32058.0,3415.2,1,3416.1,1,3417.1,1,3417.2,2,3417.3,1,3423.5,1,3423.7,1,3423.8,1,3423.9,1,3424.3,2,3423.8
ec2410,,13:40:09.0#,3699.0,3796.0,3411.1,4312.8,3123.1,36910,32058.0,3415.0,13,3416.1,1,3417.1,1,3417.2,2,3417.3,2,3419.0,1,3423.2,1,3423.3,1,3423.4,1,3423.8,1,3423.8
ec2410,,13:40:09.500#,3699.0,3796.0,3411.1,4312.8,3123.1,36911,32058.0,3417.1,1,3417.2,2,3417.3,2,3417.7,1,3418.0,1,3419.0,1,3423.3,1,3423.4,1,3423.7,1,3423.8,1,3419.0
ec2410,,13:40:10.0#,3699.0,3796.0,3411.1,4312.8,3123.1,36913,32060.0,3415.0,13,3416.1,1,3417.1,1,3417.2,2,3417.3,1,3417.7,8,3419.0,1,3423.3,1,3423.9,1,3424.0,1,3417.7
ec2410,,13:40:10.500#,3699.0,3796.0,3411.1,4312.8,3123.1,36917,32059.0,3414.6,1,3414.8,2,3415.0,13,3416.1,1,3417.1,1,3417.3,1,3417.7,7,3419.0,1,3423.0,2,3423.1,3,3417.7
ec2410,,13:40:11.0#,3699.0,3796.0,3411.1,4312.8,3123.1,36921,32060.0,3414.0,1,3414.6,1,3414.8,2,3415.0,13,3416.1,1,3417.3,2,3417.7,5,3419.0,1,3422.7,1,3423.0,1,3417.7
ec2410,,13:40:11.500#,3699.0,3796.0,3411.1,4312.8,3123.1,36921,32060.0,3414.0,1,3414.6,1,3414.8,2,3415.0,13,3416.1,1,3417.1,5,3417.3,2,3417.7,5,3419.0,1,3423.0,1,3417.7
ec2410,,13:40:12.0#,3699.0,3796.0,3411.1,4312.8,3123.1,36923,32060.0,3414.0,1,3414.6,1,3414.8,2,3415.0,13,3416.1,1,3417.1,3,3417.3,2,3417.7,5,3419.0,2,3423.0,1,3417.7
ec2410,,13:40:12.500#,3699.0,3796.0,3411.1,4312.8,3123.1,36927,32063.0,3414.0,1,3414.6,1,3414.8,2,3415.0,13,3416.1,1,3417.3,1,3417.7,5,3419.0,2,3423.0,1,3423.1,3,3417.3
ec2410,,13:40:13.0#,3699.0,3796.0,3411.1,4312.8,3123.1,36933,32069.0,3414.8,2,3415.0,13,3416.1,1,3417.1,1,3417.3,1,3419.0,2,3423.0,1,3423.1,3,3423.3,1,3423.7,3,3417.7
ec2410,,13:40:13.500#,3699.0,3796.0,3411.1,4312.8,3123.1,36937,32073.0,3414.8,2,3415.0,13,3416.1,2,3417.1,1,3417.5,1,3423.0,1,3423.3,1,3424.9,1,3425.6,6,3425.8,2,3419.0
ec2410,,13:40:14.0#,3699.0,3796.0,3411.1,4312.8,3123.1,36939,32074.0,3415.0,13,3416.1,2,3417.1,2,3417.5,1,3417.6,2,3423.0,1,3426.0,2,3426.3,3,3426.4,2,3427.7,3,3422.8
ec2410,,13:40:14.500#,3699.0,3796.0,3411.1,4312.8,3123.1,36942,32077.0,3417.6,2,3417.7,2,3417.8,2,3417.9,2,3418.0,1,3422.8,1,3423.0,1,3426.3,3,3427.8,6,3431.0,7,3417.9
ec2410,,13:40:15.0#,3699.0,3796.0,3411.1,4312.8,3123.1,36942,32077.0,3417.9,2,3418.0,1,3418.1,2,3418.2,2,3418.4,2,3422.8,1,3423.0,1,3426.3,3,3427.7,3,3427.9,6,3417.9
ec2410,,13:40:15.500#,3699.0,3796.0,3411.1,4312.8,3123.1,36942,32077.0,3418.2,1,3418.5,1,3418.6,1,3418.8,2,3419.0,2,3422.8,1,3423.0,1,3427.2,3,3427.6,3,3427.9,3,3417.9
ec2410,,13:40:16.0#,3699.0,3796.0,3411.1,4312.8,3123.1,36946,32080.0,3418.1,2,3418.2,1,3418.5,1,3419.0,2,3419.2,2,3422.8,1,3422.9,1,3423.0,1,3427.2,3,3428.2,3,3419.4
ec2410,,13:40:16.500#,3699.0,3796.0,3411.1,4312.8,3123.1,36947,32081.0,3418.2,1,3418.5,1,3419.0,2,3419.1,1,3419.2,2,3422.9,1,3423.0,1,3427.2,3,3428.1,3,3428.2,3,3422.8
ec2410,,13:40:17.0#,3699.0,3796.0,3411.1,4312.8,3123.1,36948,32082.0,3418.2,1,3418.5,1,3419.0,2,3419.2,2,3419.3,1,3423.0,2,3427.2,3,3428.5,3,3428.6,6,3431.0,4,3419.4
ec2410,,13:40:17.500#,3699.0,3796.0,3411.1,4312.8,3123.1,36949,32083.0,3418.5,1,3419.0,2,3419.2,1,3419.5,1,3420.0,1,3423.0,2,3424.0,1,3427.2,3,3428.4,3,3428.6,6,3419.4
ec2410,,13:40:18.0#,3699.0,3796.0,3411.1,4312.8,3123.1,36950,32083.0,3417.5,1,3418.0,1,3418.5,1,3419.0,2,3419.5,1,3423.0,1,3424.0,1,3427.2,3,3428.7,3,3428.9,6,3419.4
ec2410,,13:40:18.500#,3699.0,3796.0,3411.1,4312.8,3123.1,36950,32083.0,3417.5,1,3418.0,1,3418.5,1,3419.0,2,3419.5,1,3422.9,1,3423.0,1,3424.0,1,3427.2,3,3428.6,3,3419.4
ec2410,,13:40:19.0#,3699.0,3796.0,3411.1,4312.8,3123.1,36950,32083.0,3417.3,1,3417.5,1,3418.0,1,3419.0,2,3419.5,1,3422.9,1,3423.0,1,3424.0,1,3427.2,3,3427.8,3,3419.4
ec2410,,13:40:19.500#,3699.0,3796.0,3411.1,4312.8,3123.1,36950,32083.0,3417.3,1,3417.5,1,3418.0,1,3419.0,2,3419.5,1,3422.9,1,3423.0,2,3424.0,1,3427.2,3,3427.8,3,3419.4
ec2410,,13:40:20.0#,3699.0,3796.0,3411.1,4312.8,3123.1,36950,32083.0,3417.3,2,3417.5,1,3418.0,1,3419.0,2,3419.2,1,3422.9,1,3423.0,2,3424.0,1,3427.2,3,3427.5,3,3419.4
ec2410,,13:40:20.500#,3699.0,3796.0,3411.1,4312.8,3123.1,36950,32083.0,3417.3,2,3417.5,1,3418.0,1,3419.0,2,3419.2,1,3422.9,1,3423.0,2,3424.0,1,3427.2,3,3427.5,3,3419.4
ec2410,,13:40:21.0#,3699.0,3796.0,3411.1,4312.8,3123.1,36950,32083.0,3417.3,2,3417.5,1,3418.0,1,3419.0,2,3419.2,1,3422.9,1,3423.0,2,3424.0,1,3427.2,3,3427.5,3,3419.4
ec2410,,13:40:21.500#,3699.0,3796.0,3411.1,4312.8,3123.1,36950,32083.0,3417.3,2,3417.5,1,3418.0,1,3419.0,2,3419.2,1,3422.9,1,3423.0,2,3424.0,1,3427.2,3,3427.5,3,3419.4
ec2410,,13:40:22.0#,3699.0,3796.0,3411.1,4312.8,3123.1,36950,32083.0,3417.3,2,3417.5,1,3418.0,1,3419.0,2,3419.2,1,3422.9,1,3423.0,2,3424.0,1,3427.2,3,3427.5,3,3419.4
ec2410,,13:40:22.500#,3699.0,3796.0,3411.1,4312.8,3123.1,36952,32083.0,3417.3,2,3417.5,1,3418.0,1,3419.0,2,3419.2,1,3422.9,1,3423.0,2,3424.0,1,3427.2,3,3428.3,3,3422.7
ec2410,,13:40:23.0#,3699.0,3796.0,3411.1,4312.8,3123.1,36952,32083.0,3417.5,1,3418.0,1,3419.0,2,3419.2,1,3419.3,1,3422.9,1,3423.0,2,3424.0,1,3427.2,3,3427.5,3,3422.7
ec2410,,13:40:23.500#,3699.0,3796.0,3411.1,4312.8,3123.1,36952,32083.0,3417.5,1,3418.0,1,3419.0,2,3419.3,1,3419.4,1,3422.9,1,3423.0,2,3424.0,1,3427.2,3,3427.5,3,3422.7
ec2410,,13:40:24.0#,3699.0,3796.0,3411.1,4312.8,3123.1,36952,32083.0,3419.0,2,3419.2,1,3419.3,1,3419.4,1,3419.5,1,3422.9,1,3423.0,2,3424.0,1,3427.2,3,3427.5,3,3422.7
ec2410,,13:40:24.500#,3699.0,3796.0,3411.1,4312.8,3123.1,36953,32084.0,3418.0,1,3419.0,2,3419.2,1,3419.3,1,3419.5,1,3422.9,1,3423.0,2,3424.0,1,3427.2,3,3427.5,3,3419.5
ec2410,,13:40:25.0#,3699.0,3796.0,3411.1,4312.8,3123.1,36953,32084.0,3418.0,1,3419.0,2,3419.2,1,3419.3,1,3419.4,1,3422.9,1,3423.0,2,3424.0,1,3427.2,3,3428.3,3,3419.5
ec2410,,13:40:25.500#,3699.0,3796.0,3411.1,4312.8,3123.1,36953,32084.0,3419.0,2,3419.2,1,3419.3,1,3419.4,1,3420.0,1,3422.9,1,3423.0,2,3424.0,1,3427.2,3,3427.7,3,3419.5
ec2410,,13:40:26.0#,3699.0,3796.0,3411.1,4312.8,3123.1,36954,32084.0,3419.0,2,3419.2,1,3419.3,1,3419.4,1,3420.0,1,3423.0,2,3424.0,1,3427.2,3,3427.7,3,3428.4,3,3422.8
ec2410,,13:40:26.500#,3699.0,3796.0,3411.1,4312.8,3123.1,36954,32084.0,3419.0,2,3419.2,1,3419.3,1,3419.4,1,3420.0,1,3423.0,2,3424.0,1,3427.2,3,3428.3,3,3428.5,3,3422.8
ec2410,,13:40:27.0#,3699.0,3796.0,3411.1,4312.8,3123.1,36954,32084.0,3419.0,2,3419.2,1,3419.3,1,3419.4,1,3420.0,1,3423.0,2,3424.0,1,3427.2,3,3428.2,3,3428.5,1,3422.8
ec2410,,13:40:27.500#,3699.0,3796.0,3411.1,4312.8,3123.1,36954,32084.0,3419.0,2,3419.2,1,3419.3,1,3419.4,1,3420.0,1,3423.0,2,3424.0,1,3427.2,3,3428.4,3,3428.6,5,3422.8
ec2410,,13:40:28.0#,3699.0,3796.0,3411.1,4312.8,3123.1,36954,32084.0,3419.2,1,3419.3,1,3419.4,1,3420.0,1,3422.8,1,3423.0,2,3424.0,1,3427.2,3,3428.1,3,3428.6,1,3422.8
ec2410,,13:40:28.500#,3699.0,3796.0,3411.1,4312.8,3123.1,36957,32086.0,3419.3,1,3419.4,2,3420.0,2,3422.8,1,3422.9,1,3428.6,1,3428.9,2,3430.0,1,3430.3,3,3431.0,4,3424.0
ec2410,,13:40:29.0#,3699.0,3796.0,3411.1,4312.8,3123.1,36957,32086.0,3419.4,2,3420.0,4,3422.8,1,3422.9,1,3423.0,12,3428.4,1,3430.0,1,3431.0,4,3431.1,7,3431.5,3,3424.0
ec2410,,13:40:29.500#,3699.0,3796.0,3411.1,4312.8,3123.1,36970,32082.0,3419.4,2,3419.9,3,3420.0,3,3422.8,1,3423.0,5,3430.0,1,3431.0,4,3431.1,7,3432.4,3,3432.8,3,3428.4
ec2410,,13:40:30.0#,3699.0,3796.0,3411.1,4312.8,3123.1,36973,32083.0,3420.0,3,3422.2,3,3422.8,2,3423.0,5,3423.2,1,3429.9,1,3430.0,1,3431.0,4,3431.1,7,3432.2,1,3429.9
ec2410,,13:40:30.500#,3699.0,3796.0,3411.1,4312.8,3123.1,36973,32083.0,3422.2,3,3422.8,2,3423.0,5,3423.2,1,3424.0,1,3429.7,1,3430.0,1,3431.0,4,3431.1,7,3432.2,1,3429.9
ec2410,,13:40:31.0#,3699.0,3796.0,3411.1,4312.8,3123.1,36976,32086.0,3419.8,6,3420.0,3,3420.7,3,3422.8,2,3423.0,5,3429.6,1,3429.7,1,3429.8,2,3430.0,1,3431.0,4,3424.0
ec2410,,13:40:31.500#,3699.0,3796.0,3411.1,4312.8,3123.1,36976,32086.0,3420.0,3,3420.7,3,3422.8,2,3423.0,5,3423.2,2,3429.0,1,3429.2,2,3429.4,1,3429.5,1,3429.6,2,3424.0
ec2410,,13:40:32.0#,3699.0,3796.0,3411.1,4312.8,3123.1,36976,32086.0,3420.0,3,3420.7,3,3422.8,2,3423.0,5,3423.2,2,3428.8,1,3429.0,1,3429.2,1,3429.5,1,3429.6,2,3424.0
ec2410,,13:40:32.500#,3699.0,3796.0,3411.1,4312.8,3123.1,36978,32087.0,3419.9,3,3420.0,3,3422.8,2,3423.0,5,3423.2,2,3429.2,1,3429.5,1,3429.6,2,3429.8,2,3430.0,1,3429.0
ec2410,,13:40:33.0#,3699.0,3796.0,3411.1,4312.8,3123.1,36979,32086.0,3420.7,3,3422.8,2,3423.0,5,3423.2,2,3429.0,2,3429.5,1,3429.6,2,3429.8,2,3430.0,1,3431.0,4,3429.0
ec2410,,13:40:33.500#,3699.0,3796.0,3411.1,4312.8,3123.1,36981,32084.0,3422.1,3,3422.8,2,3423.0,5,3423.2,2,3423.3,2,3429.6,2,3429.8,2,3430.0,1,3431.0,4,3431.1,7,3429.0
ec2410,,13:40:34.0#,3699.0,3796.0,3411.1,4312.8,3123.1,36981,32084.0,3423.2,1,3423.3,2,3423.4,1,3423.5,1,3423.6,2,3429.4,1,3429.6,2,3429.8,2,3430.0,1,3431.0,4,3429.0
ec2410,,13:40:34.500#,3699.0,3796.0,3411.1,4312.8,3123.1,36981,32084.0,3423.3,2,3423.6,2,3423.8,1,3424.0,2,3424.1,2,3429.4,1,3429.6,2,3429.8,2,3430.0,1,3431.0,4,3429.0
ec2410,,13:40:35.0#,3699.0,3796.0,3411.1,4312.8,3123.1,36981,32084.0,3423.3,2,3423.6,2,3424.0,1,3424.1,2,3424.3,2,3429.4,1,3429.6,2,3429.8,2,3430.0,1,3431.0,4,3429.0
ec2410,,13:40:35.500#,3699.0,3796.0,3411.1,4312.8,3123.1,36981,32084.0,3423.2,1,3423.3,2,3423.6,2,3424.0,1,3424.3,2,3429.4,1,3429.6,1,3429.8,2,3430.0,1,3431.0,4,3429.0
ec2410,,13:40:36.0#,3699.0,3796.0,3411.1,4312.8,3123.1,36981,32084.0,3423.2,1,3423.3,2,3423.6,2,3424.0,1,3424.3,1,3429.4,1,3429.6,1,3429.8,2,3430.0,1,3431.0,4,3429.0
ec2410,,13:40:36.500#,3699.0,3796.0,3411.1,4312.8,3123.1,36982,32083.0,3423.3,2,3423.6,2,3424.0,1,3424.3,1,3425.0,1,3429.6,1,3429.8,2,3430.0,1,3431.0,4,3431.1,7,3429.4
ec2410,,13:40:37.0#,3699.0,3796.0,3411.1,4312.8,3123.1,36983,32084.0,3423.2,1,3423.3,2,3423.6,2,3424.0,1,3425.0,1,3429.4,1,3429.6,1,3429.8,2,3430.0,1,3431.0,4,3425.2
ec2410,,13:40:37.500#,3699.0,3796.0,3411.1,4312.8,3123.1,36984,32085.0,3423.2,1,3423.3,2,3423.6,2,3424.0,1,3425.0,1,3429.4,1,3429.6,1,3429.8,2,3430.0,1,3431.0,4,3425.2
ec2410,,13:40:38.0#,3699.0,3796.0,3411.1,4312.8,3123.1,36987,32086.0,3422.0,1,3422.8,1,3423.0,5,3423.2,1,3424.0,1,3424.3,8,3429.4,1,3429.6,1,3429.8,2,3430.0,1,3425.0
ec2410,,13:40:38.500#,3699.0,3796.0,3411.1,4312.8,3123.1,36988,32086.0,3420.0,3,3422.0,1,3422.8,1,3423.0,5,3423.2,1,3424.3,8,3429.4,1,3429.6,1,3429.8,2,3430.0,1,3424.0
ec2410,,13:40:39.0#,3699.0,3796.0,3411.1,4312.8,3123.1,36988,32086.0,3420.0,3,3422.0,1,3422.8,1,3423.0,5,3423.2,1,3424.3,8,3428.0,1,3429.4,1,3429.6,1,3429.8,2,3424.0
ec2410,,13:40:39.500#,3699.0,3796.0,3411.1,4312.8,3123.1,36989,32087.0,3419.4,2,3420.0,3,3422.0,1,3422.8,1,3423.0,5,3424.3,8,3428.0,1,3429.4,1,3429.6,1,3429.8,3,3423.2
ec2410,,13:40:40.0#,3699.0,3796.0,3411.1,4312.8,3123.1,36989,32087.0,3419.4,2,3420.0,3,3422.0,1,3422.8,1,3423.0,5,3424.3,8,3428.0,1,3429.4,1,3429.6,1,3429.8,5,3423.2
ec2410,,13:40:40.500#,3699.0,3796.0,3411.1,4312.8,3123.1,36989,32087.0,3419.4,2,3420.0,3,3422.0,1,3422.8,1,3423.0,5,3424.0,1,3424.3,8,3428.0,1,3429.4,1,3429.6,1,3423.2
ec2410,,13:40:41.0#,3699.0,3796.0,3411.1,4312.8,3123.1,36990,32087.0,3420.0,3,3422.0,1,3422.8,1,3423.0,5,3424.0,1,3424.3,8,3428.0,1,3429.4,1,3429.5,1,3429.6,3,3424.0
ec2410,,13:40:41.500#,3699.0,3796.0,3411.1,4312.8,3123.1,36995,32087.0,3419.4,2,3420.0,3,3422.0,1,3422.8,1,3423.0,1,3424.3,8,3428.0,1,3429.4,1,3429.6,1,3429.8,3,3423.0
ec2410,,13:40:42.0#,3699.0,3796.0,3411.1,4312.8,3123.1,36997,32087.0,3419.2,1,3419.3,1,3419.4,2,3420.0,3,3422.0,1,3423.0,9,3424.3,8,3428.0,1,3429.4,1,3429.5,3,3422.8
ec2410,,13:40:42.500#,3699.0,3796.0,3411.1,4312.8,3123.1,36998,32087.0,3417.3,1,3418.9,1,3419.2,1,3419.4,2,3420.0,3,3423.0,9,3424.3,8,3428.0,1,3428.1,3,3429.0,3,3422.0
ec2410,,13:40:43.0#,3699.0,3796.0,3411.1,4312.8,3123.1,36999,32088.0,3417.3,1,3418.9,1,3419.2,1,3419.4,2,3420.0,2,3423.0,10,3424.3,8,3428.0,1,3428.1,6,3428.9,3,3420.0
ec2410,,13:40:43.500#,3699.0,3796.0,3411.1,4312.8,3123.1,36999,32088.0,3417.3,1,3418.9,1,3419.2,1,3419.4,2,3420.0,2,3423.0,12,3424.3,8,3427.3,3,3428.0,1,3428.1,3,3420.0
ec2410,,13:40:44.0#,3699.0,3796.0,3411.1,4312.8,3123.1,36999,32088.0,3417.3,1,3418.9,1,3419.2,1,3419.4,2,3420.0,2,3421.6,1,3423.0,12,3424.3,8,3427.3,3,3428.0,1,3420.0
ec2410,,13:40:44.500#,3699.0,3796.0,3411.1,4312.8,3123.1,37000,32089.0,3418.9,1,3419.2,1,3419.4,2,3420.0,2,3421.3,1,3423.0,12,3424.3,8,3427.1,3,3427.3,3,3428.0,1,3421.6
ec2410,,13:40:45.0#,3699.0,3796.0,3411.1,4312.8,3123.1,37000,32089.0,3418.9,1,3419.2,1,3419.4,2,3420.0,2,3421.3,1,3423.0,11,3424.3,8,3427.3,3,3428.0,1,3428.5,6,3421.6
ec2410,,13:40:45.500#,3699.0,3796.0,3411.1,4312.8,3123.1,37000,32089.0,3418.9,1,3419.2,1,3419.4,2,3420.0,2,3421.3,1,3423.0,11,3424.3,8,3428.0,1,3428.2,3,3428.5,6,3421.6
ec2410,,13:40:46.0#,3699.0,3796.0,3411.1,4312.8,3123.1,37001,32089.0,3417.3,1,3418.9,1,3419.2,1,3419.4,2,3420.0,2,3423.0,11,3424.3,8,3428.0,1,3428.2,3,3428.5,6,3421.3
ec2410,,13:40:46.500#,3699.0,3796.0,3411.1,4312.8,3123.1,37004,32089.0,3417.3,1,3418.9,1,3419.2,1,3419.4,2,3420.0,2,3423.0,8,3424.3,8,3428.0,1,3428.2,3,3428.5,6,3423.0
ec2410,,13:40:47.0#,3699.0,3796.0,3411.1,4312.8,3123.1,37004,32089.0,3417.3,1,3418.9,1,3419.2,1,3419.4,2,3420.0,3,3421.3,3,3423.0,8,3424.3,8,3427.9,3,3428.0,1,3423.0
ec2410,,13:40:47.500#,3699.0,3796.0,3411.1,4312.8,3123.1,37006,32090.0,3417.3,1,3418.9,1,3419.2,1,3419.4,2,3420.0,1,3421.3,2,3423.0,8,3424.3,8,3426.8,3,3426.9,3,3421.3
ec2410,,13:40:48.0#,3699.0,3796.0,3411.1,4312.8,3123.1,37006,32090.0,3417.3,1,3418.9,1,3419.2,1,3419.4,2,3420.0,1,3421.3,2,3423.0,8,3424.3,8,3426.8,3,3427.0,3,3421.3
ec2410,,13:40:48.500#,3699.0,3796.0,3411.1,4312.8,3123.1,37007,32091.0,3417.1,2,3417.3,1,3418.9,1,3419.2,1,3419.4,2,3421.3,2,3423.0,8,3424.3,8,3426.8,3,3427.0,3,3420.0
ec2410,,13:40:49.0#,3699.0,3796.0,3411.1,4312.8,3123.1,37007,32091.0,3417.1,2,3417.3,1,3418.9,1,3419.2,1,3419.4,2,3421.3,2,3423.0,8,3424.3,8,3426.8,6,3427.0,3,3420.0
ec2410,,13:40:49.500#,3699.0,3796.0,3411.1,4312.8,3123.1,37007,32091.0,3417.1,2,3417.3,1,3418.9,1,3419.2,1,3419.4,2,3420.0,1,3421.3,2,3423.0,8,3424.0,4,3424.3,8,3420.0
ec2410,,13:40:50.0#,3699.0,3796.0,3411.1,4312.8,3123.1,37009,32092.0,3417.1,2,3417.3,1,3418.9,1,3419.2,1,3420.0,1,3421.3,1,3423.0,8,3424.0,4,3424.3,8,3425.5,1,3421.3
ec2410,,13:40:50.500#,3699.0,3796.0,3411.1,4312.8,3123.1,37010,32093.0,3417.1,2,3417.3,1,3418.9,1,3419.2,1,3420.0,1,3421.3,3,3423.0,8,3424.0,4,3424.3,8,3426.8,3,3420.0
ec2410,,13:40:51.0#,3699.0,3796.0,3411.1,4312.8,3123.1,37012,32095.0,3416.6,1,3417.1,2,3417.3,1,3418.9,1,3419.2,1,3420.0,4,3421.3,3,3423.0,2,3424.0,4,3424.3,8,3420.0
ec2410,,13:40:51.500#,3699.0,3796.0,3411.1,4312.8,3123.1,37012,32095.0,3416.6,1,3417.1,2,3417.3,1,3418.9,1,3419.2,1,3420.0,5,3421.3,3,3423.0,2,3424.0,4,3424.3,8,3420.0
ec2410,,13:40:52.0#,3699.0,3796.0,3411.1,4312.8,3123.1,37017,32096.0,3416.1,3,3416.6,1,3417.1,2,3417.3,1,3418.9,1,3420.0,1,3421.3,3,3423.0,2,3424.0,4,3424.3,8,3420.0
ec2410,,13:40:52.500#,3699.0,3796.0,3411.1,4312.8,3123.1,37019,32096.0,3416.1,3,3416.6,1,3417.1,2,3417.3,1,3418.9,1,3420.0,3,3421.3,3,3423.0,2,3424.0,4,3424.3,8,3420.0
ec2410,,13:40:53.0#,3699.0,3796.0,3411.1,4312.8,3123.1,37023,32099.0,3416.0,1,3416.1,3,3416.6,1,3417.1,2,3417.3,1,3420.0,1,3421.3,3,3423.0,2,3424.3,8,3425.5,3,3420.0
ec2410,,13:40:53.500#,3699.0,3796.0,3411.1,4312.8,3123.1,37025,32099.0,3416.1,3,3416.6,1,3417.1,2,3417.3,1,3417.5,1,3421.3,3,3423.0,2,3424.3,8,3425.5,3,3425.7,3,3420.0
ec2410,,13:40:54.0#,3699.0,3796.0,3411.1,4312.8,3123.1,37025,32099.0,3416.1,3,3416.6,1,3417.1,2,3417.3,1,3417.5,1,3420.0,1,3421.1,1,3421.3,3,3423.0,2,3424.3,8,3420.0
ec2410,,13:40:54.500#,3699.0,3796.0,3411.1,4312.8,3123.1,37027,32099.0,3415.8,1,3416.0,1,3416.1,3,3416.6,1,3417.1,2,3420.1,1,3421.1,1,3421.3,3,3423.0,2,3424.3,8,3420.0
ec2410,,13:40:55.0#,3699.0,3796.0,3411.1,4312.8,3123.1,37027,32099.0,3415.8,1,3416.0,1,3416.1,3,3416.6,1,3417.1,3,3420.1,1,3421.1,1,3421.3,3,3423.0,2,3424.3,8,3420.0
ec2410,,13:40:55.500#,3699.0,3796.0,3411.1,4312.8,3123.1,37027,32099.0,3415.8,1,3416.0,1,3416.1,3,3416.6,1,3417.1,3,3417.5,10,3420.1,1,3421.1,1,3421.3,3,3423.0,2,3420.0
ec2410,,13:40:56.0#,3699.0,3796.0,3411.1,4312.8,3123.1,37029,32101.0,3416.0,1,3416.1,3,3416.6,1,3416.8,1,3417.1,2,3417.5,8,3420.1,2,3421.1,1,3421.3,3,3423.0,3,3417.5
ec2410,,13:40:56.500#,3699.0,3796.0,3411.1,4312.8,3123.1,37029,32101.0,3416.0,1,3416.1,3,3416.6,1,3416.8,1,3417.1,2,3417.5,8,3420.1,2,3421.1,1,3421.3,3,3423.0,3,3417.5
ec2410,,13:40:57.0#,3699.0,3796.0,3411.1,4312.8,3123.1,37030,32101.0,3416.0,1,3416.1,3,3416.6,1,3416.8,1,3417.1,2,3417.5,7,3420.1,2,3421.1,1,3421.3,3,3423.0,3,3417.5
ec2410,,13:40:57.500#,3699.0,3796.0,3411.1,4312.8,3123.1,37037,32101.0,3416.1,3,3416.6,1,3416.8,1,3417.1,2,3417.5,4,3420.1,2,3421.1,1,3421.3,3,3423.0,3,3423.3,5,3417.5
ec2410,,13:40:58.0#,3699.0,3796.0,3411.1,4312.8,3123.1,37042,32101.0,3416.1,3,3416.6,1,3416.8,1,3417.1,2,3417.5,1,3420.1,1,3421.1,1,3421.3,3,3423.0,2,3424.3,8,3420.1
ec2410,,13:40:58.500#,3699.0,3796.0,3411.1,4312.8,3123.1,37043,32102.0,3416.6,1,3416.8,1,3417.1,2,3417.5,1,3417.6,1,3420.0,1,3420.1,1,3421.1,1,3421.3,3,3423.0,2,3418.0
ec2410,,13:40:59.0#,3699.0,3796.0,3411.1,4312.8,3123.1,37043,32102.0,3416.8,1,3417.1,2,3417.5,2,3417.6,1,3417.7,1,3420.0,1,3420.1,1,3421.1,1,3421.3,3,3423.0,2,3418.0
ec2410,,13:40:59.500#,3699.0,3796.0,3411.1,4312.8,3123.1,37046,32103.0,3416.1,3,3416.6,1,3416.8,1,3417.0,1,3417.1,2,3417.5,1,3420.0,1,3420.1,1,3421.1,1,3421.3,3,3417.5
ec2410,,13:41:00.0#,3699.0,3796.0,3411.1,4312.8,3123.1,37047,32104.0,3416.1,3,3416.6,1,3416.8,1,3417.0,1,3417.1,2,3420.0,1,3420.1,1,3421.1,1,3421.3,3,3423.0,2,3417.5
ec2410,,13:41:00.500#,3699.0,3796.0,3411.1,4312.8,3123.1,37047,32104.0,3416.1,3,3416.6,1,3416.8,1,3417.0,1,3417.1,2,3420.0,1,3420.1,1,3421.1,1,3421.3,3,3423.0,2,3417.5
ec2410,,13:41:01.0#,3699.0,3796.0,3411.1,4312.8,3123.1,37048,32103.0,3416.1,3,3416.6,1,3416.8,1,3417.0,1,3417.1,1,3420.0,1,3420.1,1,3421.1,1,3421.3,3,3423.0,2,3417.1
ec2410,,13:41:01.500#,3699.0,3796.0,3411.1,4312.8,3123.1,37048,32103.0,3416.1,3,3416.6,1,3416.8,1,3417.0,1,3417.1,1,3420.0,2,3420.1,1,3421.1,1,3421.3,3,3423.0,2,3417.1
ec2410,,13:41:02.0#,3699.0,3796.0,3411.1,4312.8,3123.1,37048,32103.0,3416.1,3,3416.6,1,3416.8,1,3417.0,1,3417.1,2,3420.0,2,3420.1,1,3421.1,1,3421.3,3,3422.7,1,3417.1
ec2410,,13:41:02.500#,3699.0,3796.0,3411.1,4312.8,3123.1,37048,32103.0,3416.6,1,3416.8,1,3417.0,1,3417.1,2,3417.2,1,3420.0,2,3420.1,1,3421.1,1,3421.3,3,3422.7,1,3417.1
ec2410,,13:41:03.0#,3699.0,3796.0,3411.1,4312.8,3123.1,37054,32107.0,3416.0,1,3416.1,3,3416.6,1,3416.8,1,3417.0,1,3417.1,4,3420.0,2,3420.1,1,3421.1,1,3421.3,3,3417.1
ec2410,,13:41:03.500#,3699.0,3796.0,3411.1,4312.8,3123.1,37055,32107.0,3416.0,1,3416.1,3,3416.6,1,3416.8,1,3417.0,1,3417.1,4,3420.0,2,3420.1,1,3421.1,1,3421.3,3,3417.1
ec2410,,13:41:04.0#,3699.0,3796.0,3411.1,4312.8,3123.1,37055,32107.0,3415.8,1,3416.1,3,3416.6,1,3416.8,1,3417.0,1,3417.1,4,3420.0,2,3420.1,1,3421.1,1,3421.3,3,3417.1
ec2410,,13:41:04.500#,3699.0,3796.0,3411.1,4312.8,3123.1,37055,32107.0,3415.8,1,3416.1,3,3416.6,1,3416.8,1,3417.0,1,3417.1,5,3420.0,2,3420.1,1,3421.1,1,3421.3,3,3417.1
ec2410,,13:41:05.0#,3699.0,3796.0,3411.1,4312.8,3123.1,37061,32113.0,3415.5,1,3415.8,1,3416.1,3,3416.6,1,3416.8,1,3417.1,2,3420.0,2,3420.1,1,3421.1,1,3421.3,3,3417.1
ec2410,,13:41:05.500#,3699.0,3796.0,3411.1,4312.8,3123.1,37064,32116.0,3415.8,1,3416.1,3,3416.6,1,3416.8,1,3417.1,2,3418.8,1,3420.0,1,3420.1,1,3421.1,1,3421.3,3,3420.0
ec2410,,13:41:06.0#,3699.0,3796.0,3411.1,4312.8,3123.1,37064,32116.0,3415.8,1,3416.1,3,3416.6,1,3416.8,1,3417.1,3,3418.8,1,3420.0,1,3420.1,1,3421.1,1,3421.3,3,3420.0
ec2410,,13:41:06.500#,3699.0,3796.0,3411.1,4312.8,3123.1,37065,32116.0,3415.8,1,3416.1,3,3416.6,1,3416.8,1,3417.1,3,3420.0,1,3420.1,1,3421.1,1,3421.3,3,3422.7,1,3418.8
ec2410,,13:41:07.0#,3699.0,3796.0,3411.1,4312.8,3123.1,37065,32116.0,3416.1,3,3416.6,1,3416.8,1,3417.1,3,3417.2,1,3420.0,1,3420.1,1,3421.1,1,3421.3,3,3422.7,1,3418.8
ec2410,,13:41:07.500#,3699.0,3796.0,3411.1,4312.8,3123.1,37066,32117.0,3416.1,3,3416.6,1,3416.8,1,3417.1,3,3418.7,3,3420.0,1,3420.1,1,3421.1,1,3421.3,3,3422.7,1,3417.7
ec2410,,13:41:08.0#,3699.0,3796.0,3411.1,4312.8,3123.1,37067,32117.0,3416.6,1,3416.8,1,3417.1,3,3418.0,2,3418.7,3,3419.9,2,3420.1,1,3421.3,3,3422.7,1,3423.0,2,3420.0
ec2410,,13:41:08.500#,3699.0,3796.0,3411.1,4312.8,3123.1,37075,32115.0,3416.8,1,3417.1,3,3417.4,1,3418.0,2,3418.7,3,3422.7,1,3423.0,2,3424.3,8,3425.4,3,3426.0,3,3421.3
ec2410,,13:41:09.0#,3699.0,3796.0,3411.1,4312.8,3123.1,37075,32115.0,3418.0,2,3418.7,3,3418.8,1,3418.9,1,3420.0,1,3422.7,1,3423.0,2,3424.3,8,3427.6,3,3427.8,3,3421.3
ec2410,,13:41:09.500#,3699.0,3796.0,3411.1,4312.8,3123.1,37078,32118.0,3417.1,3,3417.4,1,3418.0,2,3418.7,3,3420.1,2,3420.3,1,3422.7,10,3423.0,2,3424.3,8,3427.8,3,3418.8
ec2410,,13:41:10.0#,3699.0,3796.0,3411.1,4312.8,3123.1,37079,32118.0,3417.1,3,3417.4,1,3418.0,3,3418.7,3,3420.1,2,3422.7,10,3423.0,2,3424.3,8,3427.7,3,3427.8,3,3420.3
ec2410,,13:41:10.500#,3699.0,3796.0,3411.1,4312.8,3123.1,37080,32118.0,3416.8,1,3417.1,3,3417.4,1,3418.0,3,3418.7,3,3419.9,2,3422.7,11,3423.0,2,3424.3,8,3427.8,3,3422.3
ec2410,,13:41:11.0#,3699.0,3796.0,3411.1,4312.8,3123.1,37082,32120.0,3416.6,1,3416.8,1,3417.1,3,3418.0,3,3418.7,3,3422.7,11,3423.0,2,3424.3,8,3426.3,3,3426.8,3,3419.9
ec2410,,13:41:11.500#,3699.0,3796.0,3411.1,4312.8,3123.1,37082,32120.0,3416.6,1,3416.8,1,3417.1,3,3418.0,3,3418.7,3,3422.7,11,3423.0,2,3424.3,8,3426.3,3,3427.2,3,3419.9
ec2410,,13:41:12.0#,3699.0,3796.0,3411.1,4312.8,3123.1,37082,32120.0,3416.6,1,3416.8,1,3417.1,3,3418.0,3,3418.7,3,3422.7,11,3423.0,2,3424.3,8,3426.3,3,3427.2,3,3419.9
ec2410,,13:41:13.0#,3699.0,3796.0,3411.1,4312.8,3123.1,37085,32122.0,3416.6,1,3416.8,1,3417.1,2,3418.0,3,3418.7,3,3422.7,9,3423.0,2,3424.3,8,3426.3,3,3427.8,3,3422.7
ec2410,,13:41:13.500#,3699.0,3796.0,3411.1,4312.8,3123.1,37085,32122.0,3416.8,1,3417.1,2,3418.0,3,3418.7,3,3418.9,1,3422.7,9,3423.0,2,3424.3,8,3426.3,3,3427.3,3,3422.7
ec2410,,13:41:14.0#,3699.0,3796.0,3411.1,4312.8,3123.1,37085,32122.0,3416.6,1,3416.8,1,3417.1,2,3418.0,3,3418.7,4,3422.7,9,3423.0,2,3424.3,8,3426.3,3,3427.3,3,3422.7
ec2410,,13:41:14.500#,3699.0,3796.0,3411.1,4312.8,3123.1,37086,32123.0,3416.6,1,3416.8,1,3417.1,2,3418.0,3,3418.7,4,3422.7,8,3423.0,2,3424.3,8,3426.3,3,3427.3,3,3422.7
ec2410,,13:41:15.0#,3699.0,3796.0,3411.1,4312.8,3123.1,37088,32125.0,3416.8,1,3417.1,2,3418.0,4,3418.7,4,3418.8,2,3422.7,6,3423.0,2,3424.3,8,3426.3,3,3427.3,3,3422.7
ec2410,,13:41:15.500#,3699.0,3796.0,3411.1,4312.8,3123.1,37088,32125.0,3418.0,4,3418.7,3,3418.8,2,3419.0,1,3419.2,2,3422.7,6,3423.0,2,3424.3,8,3427.1,3,3427.5,3,3422.7
ec2410,,13:41:16.0#,3699.0,3796.0,3411.1,4312.8,3123.1,37089,32126.0,3419.0,1,3419.2,2,3419.6,1,3419.7,2,3419.8,1,3422.7,5,3423.0,2,3424.3,8,3427.1,3,3427.5,3,3422.7
ec2410,,13:41:16.500#,3699.0,3796.0,3411.1,4312.8,3123.1,37093,32128.0,3419.2,2,3419.7,2,3419.8,2,3419.9,1,3420.0,1,3423.0,2,3424.3,8,3427.1,3,3428.0,1,3428.2,3,3422.7
ec2410,,13:41:17.0#,3699.0,3796.0,3411.1,4312.8,3123.1,37095,32130.0,3419.8,1,3419.9,1,3420.2,1,3420.4,1,3422.7,5,3424.3,8,3428.0,1,3428.5,6,3428.9,3,3429.1,3,3423.0
ec2410,,13:41:17.500#,3699.0,3796.0,3411.1,4312.8,3123.1,37103,32138.0,3419.7,2,3420.2,1,3421.1,1,3422.7,5,3424.3,1,3428.0,1,3430.0,14,3430.2,3,3430.4,3,3430.9,3,3424.3
ec2410,,13:41:18.0#,3699.0,3796.0,3411.1,4312.8,3123.1,37117,32148.0,3417.1,3,3418.0,5,3418.8,5,3419.2,2,3419.7,2,3420.0,7,3428.0,1,3430.0,14,3431.0,4,3431.1,7,3420.1
ec2410,,13:41:18.500#,3699.0,3796.0,3411.1,4312.8,3123.1,37121,32151.0,3416.4,1,3416.6,1,3416.8,1,3417.1,3,3418.0,5,3420.0,5,3427.1,3,3428.0,1,3430.0,14,3431.0,4,3420.0
ec2410,,13:41:19.0#,3699.0,3796.0,3411.1,4312.8,3123.1,37126,32153.0,3416.8,1,3417.1,3,3418.0,5,3418.2,1,3421.0,1,3426.6,3,3427.7,3,3428.0,1,3430.0,14,3431.0,4,3420.0
ec2410,,13:41:19.500#,3699.0,3796.0,3411.1,4312.8,3123.1,37126,32153.0,3416.8,4,3417.1,3,3418.0,5,3421.0,1,3421.2,2,3426.4,1,3429.3,3,3430.0,14,3431.0,4,3431.1,7,3420.0
ec2410,,13:41:20.0#,3699.0,3796.0,3411.1,4312.8,3123.1,37127,32153.0,3416.9,3,3417.1,3,3418.0,5,3421.2,1,3426.4,1,3429.3,3,3430.0,14,3430.4,3,3431.0,4,3431.1,7,3426.4
ec2410,,13:41:20.500#,3699.0,3796.0,3411.1,4312.8,3123.1,37127,32153.0,3418.7,3,3420.0,1,3420.6,3,3421.2,4,3426.4,1,3429.8,1,3430.0,14,3431.0,4,3431.1,7,3431.2,1,3426.4
ec2410,,13:41:21.0#,3699.0,3796.0,3411.1,4312.8,3123.1,37127,32153.0,3420.0,1,3420.3,3,3420.4,3,3421.2,4,3426.4,1,3429.2,1,3429.8,1,3430.0,14,3431.0,4,3431.1,7,3426.4
ec2410,,13:41:21.500#,3699.0,3796.0,3411.1,4312.8,3123.1,37129,32152.0,3420.0,2,3420.3,4,3420.4,3,3420.8,2,3421.2,4,3426.4,1,3429.2,1,3430.0,14,3431.0,4,3431.1,7,3426.4
ec2410,,13:41:22.0#,3699.0,3796.0,3411.1,4312.8,3123.1,37129,32152.0,3418.2,2,3418.6,3,3419.4,1,3420.0,2,3421.2,1,3426.4,3,3429.2,1,3430.0,14,3431.0,7,3431.1,10,3426.4
ec2410,,13:41:22.500#,3699.0,3796.0,3411.1,4312.8,3123.1,37129,32152.0,3418.7,1,3420.0,1,3421.0,1,3421.2,1,3422.6,1,3426.2,1,3426.3,2,3426.4,3,3429.2,1,3429.7,3,3426.4
ec2410,,13:41:23.0#,3699.0,3796.0,3411.1,4312.8,3123.1,37129,32152.0,3418.7,1,3420.0,1,3421.2,1,3422.0,1,3422.6,1,3426.2,1,3426.3,2,3426.4,4,3429.2,1,3429.7,3,3426.4
ec2410,,13:41:23.500#,3699.0,3796.0,3411.1,4312.8,3123.1,37129,32152.0,3418.2,2,3420.0,1,3421.2,1,3422.0,1,3422.6,1,3426.2,1,3426.3,2,3426.4,4,3429.2,1,3429.7,3,3426.4
ec2410,,13:41:24.0#,3699.0,3796.0,3411.1,4312.8,3123.1,37129,32152.0,3418.2,2,3420.0,1,3421.2,1,3422.0,1,3422.6,1,3426.2,1,3426.3,2,3426.4,4,3429.2,1,3429.7,3,3426.4
ec2410,,13:41:24.500#,3699.0,3796.0,3411.1,4312.8,3123.1,37129,32152.0,3418.0,3,3418.2,2,3420.0,1,3421.2,1,3422.6,1,3426.2,1,3426.3,2,3426.4,4,3429.2,1,3429.7,3,3426.4
ec2410,,13:41:25.0#,3699.0,3796.0,3411.1,4312.8,3123.1,37129,32152.0,3418.0,3,3418.2,2,3420.0,1,3421.2,1,3422.6,1,3426.2,1,3426.3,2,3426.4,4,3429.2,1,3429.7,3,3426.4
ec2410,,13:41:25.500#,3699.0,3796.0,3411.1,4312.8,3123.1,37129,32152.0,3418.0,3,3418.2,2,3420.0,1,3421.2,1,3422.6,1,3426.2,2,3426.3,2,3426.4,4,3429.2,2,3429.7,3,3426.4
ec2410,,13:41:26.0#,3699.0,3796.0,3411.1,4312.8,3123.1,37130,32153.0,3418.0,3,3418.2,2,3420.0,1,3421.2,1,3422.6,1,3426.2,2,3426.3,2,3426.4,4,3429.2,1,3429.7,3,3426.2
ec2410,,13:41:26.500#,3699.0,3796.0,3411.1,4312.8,3123.1,37130,32153.0,3418.0,3,3418.2,2,3420.0,1,3421.2,1,3422.6,1,3426.2,2,3426.3,2,3426.4,4,3429.2,1,3429.7,3,3426.2
ec2410,,13:41:27.0#,3699.0,3796.0,3411.1,4312.8,3123.1,37130,32153.0,3418.0,3,3418.2,2,3420.0,1,3421.2,1,3422.6,1,3426.2,2,3426.3,2,3426.4,4,3429.2,1,3429.7,3,3426.2
ec2410,,13:41:27.500#,3699.0,3796.0,3411.1,4312.8,3123.1,37131,32154.0,3418.0,3,3418.2,2,3420.0,1,3421.2,1,3422.6,1,3426.2,2,3426.3,2,3426.4,4,3429.2,1,3429.7,3,3426.2
ec2410,,13:41:28.0#,3699.0,3796.0,3411.1,4312.8,3123.1,37132,32154.0,3418.1,3,3418.2,2,3420.0,1,3421.2,1,3422.6,1,3426.2,1,3426.3,2,3426.4,4,3429.2,1,3429.7,3,3426.2
ec2410,,13:41:28.500#,3699.0,3796.0,3411.1,4312.8,3123.1,37136,32158.0,3418.0,3,3418.1,3,3418.2,2,3418.9,1,3420.0,1,3422.6,1,3426.0,1,3426.2,1,3426.3,2,3426.4,3,3422.6
ec2410,,13:41:29.0#,3699.0,3796.0,3411.1,4312.8,3123.1,37136,32158.0,3417.1,3,3417.6,1,3418.0,3,3418.2,2,3420.0,1,3422.6,1,3426.0,2,3426.2,1,3426.3,2,3426.4,3,3422.6
ec2410,,13:41:29.500#,3699.0,3796.0,3411.1,4312.8,3123.1,37136,32158.0,3417.1,3,3417.6,1,3418.0,3,3418.2,2,3420.0,1,3422.6,1,3426.0,2,3426.2,1,3426.3,2,3426.4,3,3422.6
ec2410,,13:41:30.0#,3699.0,3796.0,3411.1,4312.8,3123.1,37137,32159.0,3417.0,2,3417.1,3,3417.6,1,3418.0,3,3418.2,2,3419.7,4,3422.6,1,3426.0,2,3426.2,2,3426.3,2,3420.0
ec2410,,13:41:30.500#,3699.0,3796.0,3411.1,4312.8,3123.1,37143,32162.0,3416.4,1,3416.8,1,3417.0,2,3417.1,3,3417.6,1,3419.7,3,3422.6,1,3424.4,1,3425.0,3,3425.9,3,3419.7
ec2410,,13:41:31.0#,3699.0,3796.0,3411.1,4312.8,3123.1,37143,32162.0,3416.4,1,3416.8,1,3417.0,2,3417.1,3,3417.6,1,3419.7,3,3422.6,1,3424.1,1,3425.0,3,3425.2,3,3419.7
ec2410,,13:41:31.500#,3699.0,3796.0,3411.1,4312.8,3123.1,37144,32163.0,3416.4,1,3416.8,1,3417.0,2,3417.1,3,3417.6,1,3419.7,3,3422.6,1,3424.1,1,3425.0,3,3425.2,4,3419.7
ec2410,,13:41:32.0#,3699.0,3796.0,3411.1,4312.8,3123.1,37148,32166.0,3416.1,3,3416.4,1,3416.8,1,3417.0,2,3417.1,3,3417.3,6,3419.7,3,3422.6,1,3424.1,1,3424.7,3,3417.6
ec2410,,13:41:32.500#,3699.0,3796.0,3411.1,4312.8,3123.1,37155,32168.0,3415.7,1,3415.8,1,3416.1,3,3416.4,1,3416.8,1,3417.3,4,3419.7,3,3422.6,1,3422.7,1,3422.8,1,3417.3
ec2410,,13:41:33.0#,3699.0,3796.0,3411.1,4312.8,3123.1,37157,32168.0,3415.0,12,3415.5,1,3415.7,1,3415.8,1,3416.1,3,3417.3,4,3417.6,1,3419.7,3,3422.5,1,3422.6,1,3416.4
ec2410,,13:41:33.500#,3699.0,3796.0,3411.1,4312.8,3123.1,37157,32168.0,3415.0,12,3415.5,1,3415.7,1,3415.8,1,3416.1,3,3417.3,4,3417.6,1,3419.7,3,3422.2,1,3422.6,1,3416.4
ec2410,,13:41:34.0#,3699.0,3796.0,3411.1,4312.8,3123.1,37159,32169.0,3415.0,12,3415.5,1,3415.7,1,3415.8,1,3416.1,2,3417.3,4,3419.7,3,3422.2,1,3422.6,1,3422.8,3,3417.0
ec2410,,13:41:34.500#,3699.0,3796.0,3411.1,4312.8,3123.1,37160,32170.0,3415.0,12,3415.5,1,3415.7,1,3415.8,1,3416.1,1,3417.3,4,3419.7,3,3422.2,1,3422.6,1,3422.8,1,3416.1
ec2410,,13:41:35.0#,3699.0,3796.0,3411.1,4312.8,3123.1,37165,32171.0,3415.5,1,3415.7,1,3415.8,1,3416.1,1,3417.3,3,3419.7,3,3422.2,1,3422.6,1,3422.8,3,3422.9,5,3417.3
ec2410,,13:41:35.500#,3699.0,3796.0,3411.1,4312.8,3123.1,37165,32171.0,3415.5,1,3415.7,1,3415.8,1,3416.1,1,3417.3,4,3419.7,3,3422.6,1,3424.0,1,3425.2,4,3426.0,10,3417.3
ec2410,,13:41:36.0#,3699.0,3796.0,3411.1,4312.8,3123.1,37165,32171.0,3415.7,1,3415.8,1,3416.0,1,3416.1,1,3417.3,3,3419.7,3,3422.6,1,3424.0,1,3425.1,3,3425.2,4,3417.3
ec2410,,13:41:36.500#,3699.0,3796.0,3411.1,4312.8,3123.1,37165,32171.0,3415.7,1,3415.8,1,3416.0,1,3416.1,1,3417.3,3,3419.7,3,3422.6,1,3424.0,1,3425.1,3,3425.2,5,3417.3
ec2410,,13:41:37.0#,3699.0,3796.0,3411.1,4312.8,3123.1,37167,32172.0,3415.7,1,3415.8,1,3416.0,1,3416.1,1,3417.3,3,3419.7,2,3422.6,1,3424.0,1,3425.2,5,3425.3,2,3417.6
ec2410,,13:41:37.500#,3699.0,3796.0,3411.1,4312.8,3123.1,37167,32172.0,3415.7,1,3415.8,1,3416.0,1,3416.1,1,3417.3,10,3419.7,1,3422.6,1,3424.0,1,3425.1,3,3425.2,4,3417.6
ec2410,,13:41:38.0#,3699.0,3796.0,3411.1,4312.8,3123.1,37170,32172.0,3415.7,1,3415.8,2,3416.0,1,3416.1,1,3417.3,8,3419.7,1,3422.6,1,3424.0,1,3425.1,3,3425.2,2,3417.3
ec2410,,13:41:38.500#,3699.0,3796.0,3411.1,4312.8,3123.1,37170,32172.0,3415.7,1,3415.8,2,3416.0,1,3416.1,1,3417.3,7,3419.2,8,3419.7,1,3422.6,1,3424.0,1,3425.1,6,3417.3
ec2410,,13:41:39.0#,3699.0,3796.0,3411.1,4312.8,3123.1,37173,32174.0,3415.7,1,3415.8,2,3416.0,1,3416.1,1,3417.3,4,3419.2,8,3419.7,1,3422.6,1,3423.7,1,3424.1,3,3417.3
ec2410,,13:41:39.500#,3699.0,3796.0,3411.1,4312.8,3123.1,37175,32176.0,3415.7,1,3415.8,2,3416.0,1,3416.1,1,3417.3,3,3419.2,8,3419.7,1,3422.6,1,3423.7,1,3424.1,3,3417.3
ec2410,,13:41:40.0#,3699.0,3796.0,3411.1,4312.8,3123.1,37180,32176.0,3415.5,1,3415.7,1,3415.8,2,3416.0,1,3416.1,1,3419.2,8,3419.7,1,3422.6,1,3423.7,1,3424.1,3,3417.3
ec2410,,13:41:40.500#,3699.0,3796.0,3411.1,4312.8,3123.1,37180,32176.0,3415.5,1,3415.7,1,3415.8,2,3416.0,1,3416.1,1,3419.0,1,3419.1,1,3419.2,8,3419.7,1,3422.6,1,3417.3
ec2410,,13:41:41.0#,3699.0,3796.0,3411.1,4312.8,3123.1,37180,32176.0,3415.5,1,3415.7,1,3415.8,2,3416.0,1,3416.1,1,3419.0,1,3419.2,8,3419.7,1,3422.6,1,3423.1,1,3417.3
ec2410,,13:41:41.500#,3699.0,3796.0,3411.1,4312.8,3123.1,37180,32176.0,3415.5,1,3415.7,1,3415.8,2,3416.0,1,3416.1,1,3419.0,1,3419.2,8,3419.7,1,3422.6,1,3423.1,1,3417.3
ec2410,,13:41:42.0#,3699.0,3796.0,3411.1,4312.8,3123.1,37180,32176.0,3415.5,1,3415.7,1,3415.8,2,3416.0,1,3416.1,1,3419.0,1,3419.2,8,3419.7,1,3422.6,1,3423.1,1,3417.3
ec2410,,13:41:42.500#,3699.0,3796.0,3411.1,4312.8,3123.1,37181,32175.0,3415.7,1,3415.8,2,3416.0,1,3416.1,1,3419.0,3,3419.2,8,3419.7,1,3422.6,1,3423.1,1,3424.1,3,3419.0
ec2410,,13:41:43.0#,3699.0,3796.0,3411.1,4312.8,3123.1,37184,32175.0,3415.5,1,3415.7,1,3415.8,2,3416.0,1,3416.1,1,3419.2,8,3419.7,1,3422.6,1,3424.6,1,3424.9,3,3419.0
ec2410,,13:41:43.500#,3699.0,3796.0,3411.1,4312.8,3123.1,37184,32175.0,3415.5,1,3415.7,1,3415.8,2,3416.0,1,3416.1,1,3419.2,8,3419.7,1,3422.6,1,3423.1,1,3424.0,3,3419.0
ec2410,,13:41:44.0#,3699.0,3796.0,3411.1,4312.8,3123.1,37184,32175.0,3415.8,2,3416.0,1,3416.1,1,3417.0,1,3417.3,2,3419.0,1,3419.1,1,3419.2,9,3419.7,1,3422.6,1,3419.0
ec2410,,13:41:44.500#,3699.0,3796.0,3411.1,4312.8,3123.1,37185,32176.0,3415.8,2,3416.0,1,3416.1,1,3417.0,1,3417.3,2,3419.0,1,3419.2,8,3419.7,1,3422.6,1,3423.7,1,3419.0
ec2410,,13:41:45.0#,3699.0,3796.0,3411.1,4312.8,3123.1,37187,32176.0,3415.8,2,3416.0,1,3416.1,1,3417.0,1,3417.3,2,3419.2,8,3419.7,1,3422.6,1,3423.7,1,3424.0,3,3419.0
ec2410,,13:41:45.500#,3699.0,3796.0,3411.1,4312.8,3123.1,37187,32176.0,3415.8,2,3416.0,1,3416.1,1,3417.0,1,3417.3,2,3419.2,8,3419.7,1,3422.6,1,3423.7,1,3424.0,3,3419.0
ec2410,,13:41:46.0#,3699.0,3796.0,3411.1,4312.8,3123.1,37187,32176.0,3415.8,3,3416.0,1,3416.1,1,3417.0,1,3417.3,2,3419.2,8,3419.7,1,3422.6,1,3423.7,1,3424.0,3,3419.0
ec2410,,13:41:46.500#,3699.0,3796.0,3411.1,4312.8,3123.1,37187,32176.0,3415.8,3,3416.0,1,3416.1,1,3417.0,1,3417.3,2,3419.2,8,3419.7,1,3422.6,1,3423.7,1,3424.0,3,3419.0
ec2410,,13:41:47.0#,3699.0,3796.0,3411.1,4312.8,3123.1,37188,32176.0,3415.8,3,3416.0,1,3416.1,1,3417.0,1,3417.3,1,3419.2,8,3419.7,1,3422.6,1,3423.7,1,3424.0,3,3417.3
ec2410,,13:41:47.500#,3699.0,3796.0,3411.1,4312.8,3123.1,37188,32176.0,3415.8,3,3416.0,1,3416.1,1,3417.0,1,3417.3,1,3419.2,8,3419.7,1,3422.6,1,3423.7,1,3424.0,3,3417.3
ec2410,,13:41:48.0#,3699.0,3796.0,3411.1,4312.8,3123.1,37188,32176.0,3415.8,3,3416.0,1,3416.1,1,3417.0,1,3417.3,1,3419.2,8,3419.7,1,3422.6,1,3423.7,1,3424.0,3,3417.3
ec2410,,13:41:48.500#,3699.0,3796.0,3411.1,4312.8,3123.1,37188,32176.0,3415.8,3,3416.0,1,3416.1,1,3417.0,1,3417.3,1,3419.2,8,3419.7,1,3422.6,1,3423.7,1,3424.0,3,3417.3
ec2410,,13:41:49.0#,3699.0,3796.0,3411.1,4312.8,3123.1,37188,32176.0,3415.8,3,3416.0,1,3416.1,1,3417.0,1,3417.3,1,3419.2,8,3419.7,1,3422.6,1,3423.7,1,3424.0,3,3417.3
ec2410,,13:41:49.500#,3699.0,3796.0,3411.1,4312.8,3123.1,37189,32177.0,3415.8,3,3416.0,1,3416.1,1,3417.0,1,3417.3,1,3419.2,7,3419.7,1,3422.6,1,3423.7,1,3424.0,3,3419.2
ec2410,,13:41:50.0#,3699.0,3796.0,3411.1,4312.8,3123.1,37189,32177.0,3415.8,3,3416.0,1,3416.1,1,3417.0,1,3417.3,1,3419.2,7,3422.6,1,3423.7,1,3424.0,3,3424.7,3,3419.2
ec2410,,13:41:50.500#,3699.0,3796.0,3411.1,4312.8,3123.1,37189,32177.0,3415.8,3,3416.0,1,3416.1,1,3417.0,1,3417.3,1,3419.2,7,3422.6,1,3423.7,1,3424.0,3,3424.7,1,3419.2
ec2410,,13:41:51.0#,3699.0,3796.0,3411.1,4312.8,3123.1,37190,32178.0,3415.7,1,3415.8,3,3416.0,1,3416.1,1,3417.0,1,3419.2,7,3422.6,1,3423.7,1,3424.0,3,3424.7,1,3417.3
ec2410,,13:41:51.500#,3699.0,3796.0,3411.1,4312.8,3123.1,37190,32178.0,3415.8,3,3416.0,1,3416.1,1,3417.0,1,3417.3,1,3419.2,7,3422.6,1,3423.6,1,3424.0,3,3424.7,1,3417.3
ec2410,,13:41:52.0#,3699.0,3796.0,3411.1,4312.8,3123.1,37192,32180.0,3415.7,1,3415.8,3,3416.0,1,3416.1,1,3417.0,1,3419.2,6,3422.6,1,3423.7,1,3424.0,3,3424.7,4,3417.3
ec2410,,13:41:52.500#,3699.0,3796.0,3411.1,4312.8,3123.1,37197,32185.0,3415.5,2,3415.7,1,3415.8,3,3416.0,1,3416.1,1,3419.2,3,3422.6,1,3423.6,1,3424.0,3,3424.7,6,3419.2
ec2410,,13:41:53.0#,3699.0,3796.0,3411.1,4312.8,3123.1,37197,32185.0,3415.8,3,3416.0,1,3416.1,1,3416.2,1,3416.3,2,3419.2,3,3422.6,1,3423.1,1,3424.3,3,3424.7,6,3419.2
ec2410,,13:41:53.500#,3699.0,3796.0,3411.1,4312.8,3123.1,37197,32185.0,3415.8,3,3416.0,1,3416.1,1,3416.2,1,3416.7,1,3419.2,4,3422.5,1,3422.6,1,3423.2,1,3424.3,3,3419.2
ec2410,,13:41:54.0#,3699.0,3796.0,3411.1,4312.8,3123.1,37197,32185.0,3415.5,2,3415.7,1,3415.8,3,3416.0,1,3416.1,1,3419.0,1,3419.2,4,3422.5,1,3422.6,1,3423.4,1,3419.2
ec2410,,13:41:54.500#,3699.0,3796.0,3411.1,4312.8,3123.1,37197,32185.0,3415.5,2,3415.7,1,3415.8,3,3416.0,1,3416.1,1,3419.0,1,3419.2,1,3422.5,1,3423.1,1,3423.9,3,3419.2
ec2410,,13:41:55.0#,3699.0,3796.0,3411.1,4312.8,3123.1,37198,32186.0,3415.5,2,3415.7,1,3415.8,3,3416.0,1,3416.1,1,3419.0,1,3419.2,2,3422.5,1,3423.1,1,3423.9,3,3419.2
ec2410,,13:41:55.500#,3699.0,3796.0,3411.1,4312.8,3123.1,37199,32187.0,3415.7,1,3415.8,3,3416.0,1,3416.1,1,3416.3,1,3419.0,1,3419.2,2,3422.5,1,3423.1,1,3423.9,3,3416.6
ec2410,,13:41:56.0#,3699.0,3796.0,3411.1,4312.8,3123.1,37199,32187.0,3415.5,2,3415.7,1,3415.8,3,3416.0,1,3416.1,2,3419.0,1,3419.2,2,3422.5,1,3423.2,1,3423.9,3,3416.6
ec2410,,13:41:56.500#,3699.0,3796.0,3411.1,4312.8,3123.1,37199,32187.0,3415.5,2,3415.7,1,3415.8,3,3416.0,1,3416.1,3,3419.0,1,3419.2,2,3422.5,1,3423.1,1,3423.9,3,3416.6
ec2410,,13:41:57.0#,3699.0,3796.0,3411.1,4312.8,3123.1,37200,32187.0,3415.5,2,3415.7,1,3415.8,3,3416.0,1,3416.1,2,3419.0,1,3419.2,2,3422.5,1,3423.1,1,3423.9,3,3418.9
ec2410,,13:41:57.500#,3699.0,3796.0,3411.1,4312.8,3123.1,37200,32187.0,3415.7,1,3415.8,3,3416.0,1,3416.1,2,3416.2,1,3419.0,1,3419.2,2,3422.5,1,3423.1,1,3423.9,3,3418.9
ec2410,,13:41:58.0#,3699.0,3796.0,3411.1,4312.8,3123.1,37202,32187.0,3415.7,1,3415.8,3,3416.0,1,3416.1,2,3419.0,1,3419.2,2,3422.5,1,3423.1,1,3423.9,3,3424.5,3,3419.0
ec2410,,13:41:58.500#,3699.0,3796.0,3411.1,4312.8,3123.1,37204,32189.0,3415.7,1,3415.8,3,3416.0,1,3416.1,2,3419.0,1,3422.5,1,3424.6,1,3425.2,1,3425.9,3,3426.0,1,3419.2
ec2410,,13:41:59.0#,3699.0,3796.0,3411.1,4312.8,3123.1,37204,32189.0,3415.7,1,3415.8,3,3416.0,1,3416.1,2,3419.0,2,3422.4,1,3422.5,1,3425.2,1,3426.0,1,3426.2,1,3419.2
ec2410,,13:41:59.500#,3699.0,3796.0,3411.1,4312.8,3123.1,37204,32189.0,3415.7,1,3415.8,3,3416.0,1,3416.1,2,3419.0,2,3422.4,1,3422.5,1,3425.2,1,3426.0,1,3426.2,2,3419.2
ec2410,,13:42:00.0#,3699.0,3796.0,3411.1,4312.8,3123.1,37204,32189.0,3416.0,1,3416.1,2,3416.6,1,3419.0,2,3419.2,1,3422.4,1,3422.5,1,3425.2,1,3426.0,1,3426.2,2,3419.2
ec2410,,13:42:00.500#,3699.0,3796.0,3411.1,4312.8,3123.1,37205,32190.0,3416.0,1,3416.1,2,3416.6,1,3419.0,2,3419.2,1,3422.4,1,3422.5,1,3425.2,1,3426.0,1,3426.2,2,3419.2
ec2410,,13:42:01.0#,3699.0,3796.0,3411.1,4312.8,3123.1,37205,32190.0,3416.0,1,3416.1,2,3416.6,1,3419.0,2,3419.2,1,3422.4,1,3425.2,1,3426.0,1,3426.2,2,3426.4,2,3419.2
ec2410,,13:42:01.500#,3699.0,3796.0,3411.1,4312.8,3123.1,37205,32190.0,3416.1,2,3416.6,1,3419.0,1,3419.2,1,3419.4,1,3420.0,1,3425.0,1,3425.2,1,3426.0,1,3426.2,1,3419.2
ec2410,,13:42:02.0#,3699.0,3796.0,3411.1,4312.8,3123.1,37206,32189.0,3415.8,3,3416.0,2,3416.1,2,3416.6,1,3419.0,1,3419.2,1,3420.0,1,3425.0,1,3425.2,2,3425.6,1,3419.2
ec2410,,13:42:02.500#,3699.0,3796.0,3411.1,4312.8,3123.1,37207,32190.0,3415.8,3,3416.0,2,3416.1,2,3416.6,1,3419.0,1,3419.2,1,3420.0,1,3424.6,1,3425.0,1,3425.2,1,3419.2
ec2410,,13:42:03.0#,3699.0,3796.0,3411.1,4312.8,3123.1,37209,32191.0,3415.7,1,3415.8,3,3416.0,2,3416.1,2,3416.6,1,3418.3,1,3420.0,1,3424.6,1,3425.0,1,3425.2,1,3419.0
ec2410,,13:42:03.500#,3699.0,3796.0,3411.1,4312.8,3123.1,37209,32191.0,3415.7,1,3415.8,3,3416.0,2,3416.1,2,3416.6,1,3418.3,1,3419.2,2,3420.0,1,3423.0,1,3424.4,3,3419.0
ec2410,,13:42:04.0#,3699.0,3796.0,3411.1,4312.8,3123.1,37212,32194.0,3415.7,1,3415.8,3,3416.0,2,3416.1,2,3416.6,1,3419.2,1,3420.0,1,3423.0,1,3423.6,3,3424.9,3,3419.2
ec2410,,13:42:04.500#,3699.0,3796.0,3411.1,4312.8,3123.1,37214,32196.0,3415.8,3,3416.0,3,3416.1,2,3416.6,2,3419.2,2,3420.0,1,3423.4,1,3424.5,3,3424.8,3,3425.0,1,3419.2
ec2410,,13:42:05.0#,3699.0,3796.0,3411.1,4312.8,3123.1,37214,32196.0,3415.8,3,3416.0,3,3416.1,2,3416.6,2,3419.2,2,3420.0,1,3425.0,1,3425.1,1,3425.2,1,3426.0,1,3419.2
ec2410,,13:42:05.500#,3699.0,3796.0,3411.1,4312.8,3123.1,37214,32196.0,3415.8,3,3416.0,3,3416.1,2,3416.6,2,3419.2,2,3420.0,1,3425.0,1,3425.1,1,3425.2,1,3426.0,1,3419.2
ec2410,,13:42:06.0#,3699.0,3796.0,3411.1,4312.8,3123.1,37216,32197.0,3416.1,2,3416.6,2,3417.0,1,3419.2,2,3420.0,1,3425.0,1,3425.1,1,3425.2,1,3426.0,1,3426.1,3,3420.0
ec2410,,13:42:06.500#,3699.0,3796.0,3411.1,4312.8,3123.1,37216,32197.0,3417.0,1,3417.2,1,3419.2,6,3420.0,1,3420.2,1,3425.0,1,3425.2,1,3426.0,1,3426.2,1,3426.4,2,3420.0
ec2410,,13:42:07.0#,3699.0,3796.0,3411.1,4312.8,3123.1,37216,32197.0,3416.6,1,3417.1,1,3419.2,6,3420.0,1,3420.2,1,3425.0,1,3425.2,1,3426.0,1,3426.2,1,3426.4,2,3420.0
ec2410,,13:42:07.500#,3699.0,3796.0,3411.1,4312.8,3123.1,37216,32197.0,3416.6,1,3417.1,1,3419.2,6,3420.0,1,3420.2,1,3424.0,1,3425.0,1,3425.2,1,3426.0,1,3426.2,1,3420.0
ec2410,,13:42:08.0#,3699.0,3796.0,3411.1,4312.8,3123.1,37216,32197.0,3416.1,2,3416.6,2,3419.2,6,3420.0,1,3420.2,1,3423.8,1,3424.0,1,3425.2,1,3426.0,1,3426.2,1,3420.0
ec2410,,13:42:08.500#,3699.0,3796.0,3411.1,4312.8,3123.1,37216,32197.0,3416.5,1,3416.6,1,3419.2,6,3420.0,1,3420.2,1,3423.8,1,3424.0,1,3425.2,1,3426.0,1,3426.2,1,3420.0
ec2410,,13:42:09.0#,3699.0,3796.0,3411.1,4312.8,3123.1,37219,32200.0,3416.0,3,3416.1,2,3416.5,1,3416.6,1,3419.2,6,3420.0,1,3423.8,1,3424.0,1,3425.2,1,3426.0,1,3420.0
ec2410,,13:42:09.500#,3699.0,3796.0,3411.1,4312.8,3123.1,37219,32200.0,3415.8,3,3416.0,3,3416.1,2,3416.6,1,3419.2,6,3420.0,1,3423.8,1,3424.0,1,3425.1,1,3425.2,1,3420.0
ec2410,,13:42:10.0#,3699.0,3796.0,3411.1,4312.8,3123.1,37219,32200.0,3415.8,3,3416.0,3,3416.1,2,3416.6,1,3419.2,6,3420.0,2,3423.8,1,3425.1,1,3425.2,1,3425.7,3,3420.0
ec2410,,13:42:10.500#,3699.0,3796.0,3411.1,4312.8,3123.1,37219,32200.0,3415.8,3,3416.0,3,3416.1,2,3416.6,1,3419.2,6,3420.0,2,3423.8,1,3425.0,2,3425.1,1,3425.2,1,3420.0
ec2410,,13:42:11.0#,3699.0,3796.0,3411.1,4312.8,3123.1,37222,32200.0,3415.8,3,3416.0,3,3416.1,2,3416.6,1,3419.2,4,3420.0,1,3423.8,1,3425.0,2,3425.1,1,3425.2,1,3419.2
ec2410,,13:42:12.0#,3699.0,3796.0,3411.1,4312.8,3123.1,37223,32201.0,3415.8,3,3416.0,4,3416.1,2,3416.6,1,3419.2,3,3420.0,1,3423.8,1,3425.0,2,3425.1,1,3425.2,1,3419.2
ec2410,,13:42:13.500#,3699.0,3796.0,3411.1,4312.8,3123.1,37226,32202.0,3416.0,4,3416.1,2,3416.6,1,3418.5,3,3419.2,3,3419.5,1,3420.0,1,3423.8,1,3424.9,1,3425.0,2,3419.2
ec2410,,13:42:14.0#,3699.0,3796.0,3411.1,4312.8,3123.1,37229,32203.0,3416.1,2,3416.6,1,3418.5,3,3419.2,2,3419.5,1,3420.0,1,3423.8,1,3424.9,1,3425.0,2,3425.1,1,3419.5
ec2410,,13:42:15.500#,3699.0,3796.0,3411.1,4312.8,3123.1,37229,32203.0,3416.1,2,3416.6,1,3418.5,3,3419.2,2,3419.5,1,3420.0,1,3423.8,1,3425.0,2,3425.2,1,3425.3,1,3419.5
ec2410,,13:42:16.0#,3699.0,3796.0,3411.1,4312.8,3123.1,37230,32204.0,3416.0,4,3416.1,2,3416.6,1,3418.5,3,3419.2,2,3420.0,1,3423.8,1,3425.0,2,3425.2,1,3425.3,1,3419.5
ec2410,,13:42:16.500#,3699.0,3796.0,3411.1,4312.8,3123.1,37230,32204.0,3416.1,2,3416.6,1,3418.5,3,3419.2,2,3419.9,1,3420.0,1,3423.8,1,3425.0,2,3425.1,1,3425.2,1,3419.5
ec2410,,13:42:17.0#,3699.0,3796.0,3411.1,4312.8,3123.1,37231,32204.0,3416.0,4,3416.1,2,3416.6,1,3418.5,3,3419.2,2,3420.0,1,3423.8,1,3424.8,1,3425.0,2,3425.2,1,3419.9
ec2410,,13:42:17.500#,3699.0,3796.0,3411.1,4312.8,3123.1,37231,32204.0,3416.0,4,3416.1,2,3416.6,1,3418.5,3,3419.2,2,3420.0,1,3423.8,1,3424.8,1,3425.0,2,3425.1,1,3419.9
ec2410,,13:42:19.0#,3699.0,3796.0,3411.1,4312.8,3123.1,37232,32204.0,3416.0,4,3416.1,2,3416.6,1,3418.5,3,3419.2,1,3419.9,1,3420.0,1,3423.8,1,3424.8,1,3425.0,2,3419.2
ec2410,,13:42:21.0#,3699.0,3796.0,3411.1,4312.8,3123.1,37244,32211.0,3415.5,1,3415.7,2,3415.8,3,3416.0,4,3416.1,2,3416.6,3,3419.2,7,3419.9,1,3420.0,1,3422.2,1,3417.2
ec2410,,13:42:22.0#,3699.0,3796.0,3411.1,4312.8,3123.1,37258,32219.0,3415.0,13,3415.5,1,3415.7,2,3415.8,1,3416.6,2,3419.2,9,3419.9,1,3420.0,1,3421.8,1,3422.8,3,3415.8
ec2410,,13:42:22.500#,3699.0,3796.0,3411.1,4312.8,3123.1,37264,32221.0,3414.6,1,3414.8,2,3415.0,13,3415.5,1,3415.7,1,3416.6,1,3418.2,1,3419.0,1,3419.2,9,3419.9,1,3415.7
ec2410,,13:42:23.0#,3699.0,3796.0,3411.1,4312.8,3123.1,37265,32220.0,3414.6,1,3414.8,2,3415.0,13,3415.5,1,3415.7,1,3416.6,1,3418.2,1,3419.0,1,3419.2,9,3419.9,1,3415.8
ec2410,,13:42:23.500#,3699.0,3796.0,3411.1,4312.8,3123.1,37266,32220.0,3414.0,1,3414.6,1,3414.8,2,3415.0,13,3415.5,1,3416.6,8,3419.0,1,3419.2,9,3419.9,1,3420.0,1,3415.7
ec2410,,13:42:24.0#,3699.0,3796.0,3411.1,4312.8,3123.1,37269,32222.0,3414.0,1,3414.6,1,3414.8,2,3415.0,13,3415.5,1,3416.6,6,3419.0,1,3419.2,9,3419.9,1,3420.0,1,3416.6
ec2410,,13:42:24.500#,3699.0,3796.0,3411.1,4312.8,3123.1,37271,32224.0,3414.0,1,3414.6,1,3414.8,2,3415.0,13,3415.5,1,3415.7,3,3416.6,6,3419.0,1,3419.2,9,3419.9,1,3415.6
ec2410,,13:42:25.0#,3699.0,3796.0,3411.1,4312.8,3123.1,37278,32230.0,3413.3,1,3414.0,1,3414.6,1,3414.8,2,3415.0,9,3415.7,2,3416.6,7,3419.0,1,3419.2,9,3419.9,1,3415.0
ec2410,,13:42:25.500#,3699.0,3796.0,3411.1,4312.8,3123.1,37286,32231.0,3413.3,1,3414.0,1,3414.6,1,3414.8,2,3415.0,6,3416.6,7,3419.0,1,3419.2,9,3419.9,1,3420.9,1,3415.7
ec2410,,13:42:26.0#,3699.0,3796.0,3411.1,4312.8,3123.1,37295,32237.0,3413.0,1,3413.3,1,3414.0,1,3414.6,1,3414.8,1,3415.0,1,3415.3,1,3415.4,1,3416.6,7,3419.0,1,3414.8
ec2410,,13:42:26.500#,3699.0,3796.0,3411.1,4312.8,3123.1,37300,32240.0,3412.0,3,3412.4,1,3412.8,1,3412.9,5,3413.0,1,3415.0,1,3415.3,1,3415.4,1,3415.7,7,3416.6,7,3413.3
ec2410,,13:42:27.0#,3699.0,3796.0,3411.1,4312.8,3123.1,37301,32241.0,3412.0,3,3412.4,1,3412.8,1,3412.9,5,3413.0,1,3415.0,3,3415.3,1,3415.4,1,3415.7,7,3416.6,7,3414.9
ec2410,,13:42:27.500#,3699.0,3796.0,3411.1,4312.8,3123.1,37303,32242.0,3412.0,3,3412.4,1,3412.8,1,3412.9,5,3413.0,1,3415.0,2,3415.3,1,3415.4,1,3415.5,1,3415.7,7,3413.2
ec2410,,13:42:28.0#,3699.0,3796.0,3411.1,4312.8,3123.1,37305,32242.0,3412.0,3,3412.4,1,3412.8,1,3412.9,5,3413.0,1,3415.0,1,3415.4,1,3415.5,1,3415.7,7,3416.6,7,3415.0
ec2410,,13:42:28.500#,3699.0,3796.0,3411.1,4312.8,3123.1,37306,32243.0,3411.7,10,3412.0,3,3412.4,1,3412.8,1,3412.9,5,3413.0,2,3415.0,7,3415.4,1,3415.5,1,3415.7,7,3413.0
ec2410,,13:42:29.0#,3699.0,3796.0,3411.1,4312.8,3123.1,37310,32246.0,3411.7,10,3412.0,3,3412.4,1,3412.8,1,3412.9,3,3413.0,2,3415.0,7,3415.4,1,3415.5,1,3415.7,7,3412.9
ec2410,,13:42:30.500#,3699.0,3796.0,3411.1,4312.8,3123.1,37318,32250.0,3411.7,10,3412.0,3,3412.4,1,3412.8,1,3412.9,2,3413.0,2,3415.0,5,3415.4,1,3415.5,1,3416.6,7,3413.0
ec2410,,13:42:31.0#,3699.0,3796.0,3411.1,4312.8,3123.1,37322,32250.0,3411.0,2,3411.7,10,3412.0,3,3412.4,1,3412.8,1,3412.9,3,3413.1,1,3415.0,5,3415.4,1,3415.5,1,3412.9
ec2410,,13:42:31.500#,3699.0,3796.0,3411.1,4312.8,3123.1,37324,32248.0,3409.0,1,3410.0,22,3411.0,2,3411.7,10,3412.0,3,3412.4,1,3412.9,5,3413.0,5,3413.1,1,3415.0,5,3412.4
ec2410,,13:42:32.0#,3699.0,3796.0,3411.1,4312.8,3123.1,37326,32248.0,3409.0,1,3410.0,22,3411.0,2,3411.7,10,3412.0,1,3412.4,1,3412.8,1,3412.9,3,3413.0,6,3413.1,1,3412.0
ec2410,,13:42:32.500#,3699.0,3796.0,3410.0,4312.8,3123.1,37346,32246.0,3407.3,1,3407.6,2,3408.0,6,3409.0,1,3410.0,17,3412.8,1,3412.9,3,3413.0,6,3413.1,1,3415.0,5,3410.0
ec2410,,13:42:33.0#,3699.0,3796.0,3410.0,4312.8,3123.1,37373,32240.0,3407.3,1,3407.6,2,3408.0,6,3408.9,3,3409.0,1,3412.5,1,3412.6,1,3412.8,4,3412.9,3,3413.0,6,3410.0
ec2410,,13:42:33.500#,3699.0,3796.0,3408.0,4312.8,3123.1,37380,32243.0,3406.2,1,3406.3,1,3407.3,1,3407.6,2,3408.0,1,3408.5,2,3409.0,2,3410.0,7,3410.1,1,3412.0,1,3408.0
ec2410,,13:42:34.0#,3699.0,3796.0,3407.3,4312.8,3123.1,37389,32238.0,3405.0,9,3405.8,1,3406.0,27,3406.2,1,3406.3,1,3408.0,1,3409.0,5,3410.0,7,3410.1,1,3411.7,3,3408.1
ec2410,,13:42:34.500#,3699.0,3796.0,3406.3,4312.8,3123.1,37390,32239.0,3405.0,9,3405.8,1,3406.0,27,3406.2,1,3407.0,2,3408.0,2,3409.0,6,3410.0,7,3411.9,2,3412.0,2,3406.3
ec2410,,13:42:35.0#,3699.0,3796.0,3406.3,4312.8,3123.1,37394,32237.0,3405.8,1,3406.0,27,3406.2,1,3407.0,2,3407.1,2,3408.0,1,3409.0,7,3410.0,7,3411.9,2,3412.0,2,3408.0
ec2410,,13:42:35.500#,3699.0,3796.0,3406.3,4312.8,3123.1,37396,32238.0,3405.8,1,3406.0,27,3406.2,1,3407.1,3,3407.2,4,3408.0,1,3408.1,1,3409.0,7,3410.0,7,3411.9,2,3407.6
ec2410,,13:42:36.0#,3699.0,3796.0,3406.3,4312.8,3123.1,37411,32236.0,3406.2,1,3407.1,2,3407.2,1,3407.4,1,3408.0,1,3409.0,5,3410.0,7,3411.9,2,3412.0,2,3412.8,5,3407.6
ec2410,,13:42:36.500#,3699.0,3796.0,3406.3,4312.8,3123.1,37414,32235.0,3407.2,1,3407.4,1,3408.0,1,3408.1,1,3408.5,1,3409.0,3,3410.0,7,3411.9,2,3412.0,2,3412.8,5,3409.0
ec2410,,13:42:37.0#,3699.0,3796.0,3406.3,4312.8,3123.1,37424,32240.0,3408.0,1,3408.1,1,3408.5,1,3408.7,1,3409.0,2,3410.0,4,3411.9,2,3412.0,2,3412.8,5,3412.9,3,3409.0
ec2410,,13:42:37.500#,3699.0,3796.0,3406.3,4312.8,3123.1,37429,32245.0,3408.5,1,3409.0,2,3409.1,1,3409.2,2,3409.5,2,3411.9,2,3412.0,2,3412.8,5,3412.9,3,3413.0,7,3410.0
ec2410,,13:42:38.0#,3699.0,3796.0,3406.3,4312.8,3123.1,37431,32247.0,3409.0,2,3409.1,1,3409.2,1,3409.5,2,3409.7,1,3412.0,2,3412.8,2,3412.9,3,3413.0,7,3413.1,1,3411.9
ec2410,,13:42:38.500#,3699.0,3796.0,3406.3,4312.8,3123.1,37435,32248.0,3407.1,2,3407.6,1,3408.0,1,3409.0,3,3409.1,1,3412.0,1,3412.8,2,3412.9,3,3413.0,7,3415.4,1,3409.5
ec2410,,13:42:39.0#,3699.0,3796.0,3406.3,4312.8,3123.1,37440,32247.0,3407.1,2,3407.6,1,3408.0,1,3409.0,3,3409.1,1,3409.5,3,3409.7,1,3412.0,1,3412.8,2,3412.9,3,3409.2
ec2410,,13:42:39.500#,3699.0,3796.0,3406.3,4312.8,3123.1,37441,32248.0,3406.2,1,3407.1,2,3407.6,1,3408.0,1,3409.0,3,3409.5,3,3409.7,2,3410.0,1,3412.0,3,3412.8,1,3409.1
ec2410,,13:42:40.0#,3699.0,3796.0,3406.3,4312.8,3123.1,37446,32246.0,3406.0,27,3406.2,1,3407.1,2,3407.6,1,3408.0,1,3409.5,2,3409.7,2,3410.0,1,3412.0,3,3412.8,1,3409.0
ec2410,,13:42:40.500#,3699.0,3796.0,3406.3,4312.8,3123.1,37448,32246.0,3406.0,27,3406.2,1,3407.1,1,3407.6,1,3408.0,2,3409.5,2,3409.7,2,3410.0,1,3412.0,3,3412.8,1,3409.2
ec2410,,13:42:41.0#,3699.0,3796.0,3406.3,4312.8,3123.1,37450,32246.0,3407.1,1,3407.5,1,3407.6,1,3408.0,2,3409.1,1,3409.5,3,3409.7,2,3410.0,1,3412.0,3,3412.8,1,3409.1
ec2410,,13:42:41.500#,3699.0,3796.0,3406.3,4312.8,3123.1,37455,32245.0,3407.1,1,3407.5,1,3407.6,1,3408.0,2,3409.5,1,3409.7,2,3410.0,1,3412.0,2,3412.8,1,3412.9,3,3409.5
ec2410,,13:42:42.0#,3699.0,3796.0,3406.3,4312.8,3123.1,37457,32246.0,3407.6,5,3408.0,2,3409.5,2,3409.6,1,3409.7,1,3410.0,1,3412.0,2,3412.8,1,3412.9,3,3413.0,6,3409.7
ec2410,,13:42:42.500#,3699.0,3796.0,3406.3,4312.8,3123.1,37459,32246.0,3408.0,2,3409.5,5,3409.6,1,3409.7,2,3409.8,1,3412.0,2,3412.8,4,3412.9,3,3413.0,6,3415.4,2,3410.0
ec2410,,13:42:43.0#,3699.0,3796.0,3406.3,4312.8,3123.1,37460,32247.0,3408.0,2,3409.5,5,3409.6,1,3409.7,2,3409.8,1,3412.0,2,3412.8,4,3412.9,3,3413.0,6,3415.4,1,3409.9
ec2410,,13:42:43.500#,3699.0,3796.0,3406.3,4312.8,3123.1,37462,32248.0,3407.6,5,3408.0,3,3409.5,5,3409.6,1,3409.7,2,3412.0,2,3412.8,3,3412.9,3,3413.0,6,3415.4,1,3409.8
ec2410,,13:42:44.0#,3699.0,3796.0,3406.3,4312.8,3123.1,37467,32246.0,3407.1,1,3407.5,1,3407.6,5,3408.0,3,3409.5,5,3412.0,2,3412.8,3,3412.9,3,3413.0,6,3415.4,1,3409.6
ec2410,,13:42:44.500#,3699.0,3796.0,3406.3,4312.8,3123.1,37470,32249.0,3407.1,1,3407.5,1,3407.6,5,3408.0,3,3409.5,3,3412.0,1,3412.8,3,3412.9,3,3413.0,6,3415.4,1,3412.0
ec2410,,13:42:45.0#,3699.0,3796.0,3406.3,4312.8,3123.1,37471,32250.0,3407.1,1,3407.5,1,3407.6,5,3408.0,3,3409.5,4,3412.8,3,3412.9,3,3413.0,6,3416.3,1,3416.6,6,3412.0
ec2410,,13:42:45.500#,3699.0,3796.0,3406.3,4312.8,3123.1,37494,32242.0,3407.1,1,3407.5,1,3407.6,5,3408.0,3,3412.0,14,3412.9,3,3413.0,6,3416.6,6,3416.7,1,3417.8,3,3412.0
ec2410,,13:42:46.0#,3699.0,3796.0,3406.3,4312.8,3123.1,37502,32242.0,3407.2,3,3407.5,1,3407.6,5,3408.0,3,3412.0,10,3413.0,6,3416.6,6,3418.0,1,3419.0,3,3419.2,7,3412.0
ec2410,,13:42:46.500#,3699.0,3796.0,3406.3,4312.8,3123.1,37503,32243.0,3407.1,1,3407.5,1,3407.6,5,3408.0,3,3412.0,11,3413.0,5,3416.6,6,3418.0,1,3418.9,3,3419.0,3,3413.0
ec2410,,13:42:47.0#,3699.0,3796.0,3406.3,4312.8,3123.1,37510,32247.0,3407.5,1,3407.6,5,3408.0,3,3412.0,11,3412.9,6,3413.0,2,3416.6,6,3418.0,1,3418.9,3,3419.2,7,3413.0
ec2410,,13:42:47.500#,3699.0,3796.0,3406.3,4312.8,3123.1,37513,32249.0,3408.0,3,3409.7,3,3412.0,11,3412.9,7,3413.0,1,3416.6,6,3418.5,1,3419.2,7,3419.9,1,3420.0,2,3413.0
ec2410,,13:42:48.0#,3699.0,3796.0,3406.3,4312.8,3123.1,37514,32250.0,3408.8,3,3409.3,1,3412.0,12,3412.9,6,3413.0,3,3415.6,1,3416.6,6,3419.2,7,3419.9,1,3420.0,2,3413.0
ec2410,,13:42:48.500#,3699.0,3796.0,3406.3,4312.8,3123.1,37520,32246.0,3408.0,3,3408.8,4,3412.0,12,3412.9,6,3413.0,6,3416.6,6,3419.2,7,3419.8,1,3419.9,1,3420.0,2,3415.6
ec2410,,13:42:49.0#,3699.0,3796.0,3406.3,4312.8,3123.1,37521,32246.0,3408.8,3,3409.3,1,3412.0,13,3412.9,6,3413.0,6,3416.6,6,3419.2,7,3419.9,1,3420.0,2,3420.3,1,3413.7
ec2410,,13:42:49.500#,3699.0,3796.0,3406.3,4312.8,3123.1,37522,32247.0,3408.8,3,3409.3,1,3412.0,12,3412.9,6,3413.0,6,3416.6,5,3419.2,7,3419.9,1,3420.0,2,3420.3,1,3416.6
ec2410,,13:42:50.0#,3699.0,3796.0,3406.3,4312.8,3123.1,37522,32247.0,3408.8,3,3409.3,1,3412.0,12,3412.9,6,3413.0,5,3416.6,5,3419.2,7,3419.9,1,3420.0,2,3420.3,1,3416.6
ec2410,,13:42:50.500#,3699.0,3796.0,3406.3,4312.8,3123.1,37523,32248.0,3408.8,3,3409.3,1,3412.0,3,3412.9,6,3413.0,5,3416.0,1,3416.6,6,3419.2,7,3419.9,1,3420.0,2,3413.4
ec2410,,13:42:51.0#,3699.0,3796.0,3406.3,4312.8,3123.1,37524,32248.0,3408.8,3,3409.0,1,3412.0,3,3412.9,6,3413.0,4,3416.0,1,3416.6,6,3419.2,7,3419.9,1,3420.0,3,3415.8
ec2410,,13:42:51.500#,3699.0,3796.0,3406.3,4312.8,3123.1,37531,32250.0,3409.0,1,3409.6,1,3412.0,3,3412.9,6,3413.0,5,3416.6,1,3419.2,7,3419.9,1,3420.0,3,3421.3,3,3416.6
ec2410,,13:42:52.0#,3699.0,3796.0,3406.3,4312.8,3123.1,37532,32251.0,3409.6,4,3412.0,3,3412.9,6,3413.0,5,3416.0,1,3419.0,1,3419.2,7,3419.9,1,3420.0,2,3420.3,1,3416.6
ec2410,,13:42:52.500#,3699.0,3796.0,3406.3,4312.8,3123.1,37532,32251.0,3410.3,3,3412.0,4,3412.9,6,3413.0,5,3416.0,1,3416.6,1,3419.0,1,3419.2,7,3419.9,1,3420.0,2,3416.6
ec2410,,13:42:53.0#,3699.0,3796.0,3406.3,4312.8,3123.1,37532,32251.0,3410.8,1,3412.0,3,3412.9,6,3413.0,5,3416.0,2,3416.6,1,3419.0,1,3419.2,7,3419.9,1,3420.0,2,3416.6
ec2410,,13:42:53.500#,3699.0,3796.0,3406.3,4312.8,3123.1,37532,32251.0,3412.0,3,3412.9,6,3413.0,5,3413.5,1,3416.0,2,3416.6,1,3419.0,1,3419.2,7,3419.9,1,3420.0,2,3416.6
ec2410,,13:42:54.0#,3699.0,3796.0,3406.3,4312.8,3123.1,37532,32251.0,3412.0,3,3412.9,6,3413.0,5,3413.5,1,3416.0,2,3416.6,1,3419.0,1,3419.2,7,3419.9,1,3420.0,2,3416.6
ec2410,,13:42:54.500#,3699.0,3796.0,3406.3,4312.8,3123.1,37536,32252.0,3412.9,6,3413.0,5,3413.5,1,3416.0,2,3416.6,3,3419.0,1,3419.2,7,3419.9,1,3420.0,2,3421.8,1,3416.6
ec2410,,13:42:55.0#,3699.0,3796.0,3406.3,4312.8,3123.1,37540,32253.0,3413.0,5,3413.5,1,3416.0,2,3416.6,3,3419.0,6,3419.2,7,3419.9,1,3420.0,2,3423.3,1,3423.8,3,3416.6
ec2410,,13:42:55.500#,3699.0,3796.0,3406.3,4312.8,3123.1,37541,32254.0,3413.5,1,3413.6,1,3416.0,2,3416.6,3,3419.0,5,3419.2,7,3419.9,1,3420.0,2,3424.6,1,3425.0,1,3416.6
ec2410,,13:42:56.0#,3699.0,3796.0,3406.3,4312.8,3123.1,37547,32257.0,3413.5,1,3413.6,1,3416.0,2,3416.6,3,3419.0,2,3419.2,7,3419.9,1,3420.0,2,3423.1,1,3424.6,1,3419.0
ec2410,,13:42:56.500#,3699.0,3796.0,3406.3,4312.8,3123.1,37550,32258.0,3413.0,5,3413.5,1,3413.6,1,3416.0,2,3416.6,2,3419.2,8,3419.9,1,3420.0,3,3423.1,1,3424.4,3,3416.6
ec2410,,13:42:57.0#,3699.0,3796.0,3406.3,4312.8,3123.1,37550,32258.0,3412.9,6,3413.0,5,3413.5,1,3416.0,2,3416.6,2,3419.2,8,3419.9,1,3420.0,3,3423.1,1,3423.4,1,3416.6
ec2410,,13:42:57.500#,3699.0,3796.0,3406.3,4312.8,3123.1,37550,32258.0,3412.9,6,3413.0,5,3413.5,1,3416.0,2,3416.6,3,3418.9,1,3419.2,8,3419.9,1,3420.0,3,3423.1,1,3416.6
ec2410,,13:42:58.0#,3699.0,3796.0,3406.3,4312.8,3123.1,37550,32258.0,3412.9,6,3413.0,4,3413.5,1,3416.0,2,3416.6,4,3418.9,1,3419.0,7,3419.2,8,3419.9,1,3420.0,3,3416.6
ec2410,,13:42:58.500#,3699.0,3796.0,3406.3,4312.8,3123.1,37551,32257.0,3412.9,6,3413.0,4,3413.5,1,3416.0,2,3416.6,4,3418.9,1,3419.0,7,3419.2,8,3419.9,1,3420.0,3,3418.6
ec2410,,13:42:59.0#,3699.0,3796.0,3406.3,4312.8,3123.1,37551,32257.0,3412.9,6,3413.0,4,3413.5,1,3416.0,2,3416.6,4,3418.6,2,3418.9,1,3419.0,7,3419.2,8,3419.9,1,3418.6
ec2410,,13:42:59.500#,3699.0,3796.0,3406.3,4312.8,3123.1,37551,32257.0,3412.9,6,3413.0,4,3413.5,1,3416.0,2,3416.6,4,3418.5,1,3418.6,2,3418.9,1,3419.0,7,3419.2,8,3418.6
ec2410,,13:43:00.0#,3699.0,3796.0,3406.3,4312.8,3123.1,37556,32261.0,3412.9,6,3413.0,4,3413.5,1,3416.0,2,3416.6,6,3418.4,1,3419.0,6,3419.2,8,3419.9,1,3420.0,3,3419.0
ec2410,,13:43:00.500#,3699.0,3796.0,3406.3,4312.8,3123.1,37559,32261.0,3412.9,6,3413.0,4,3413.5,1,3416.0,2,3416.6,5,3419.0,6,3419.2,8,3419.9,1,3420.0,3,3423.0,1,3416.6
ec2410,,13:43:01.0#,3699.0,3796.0,3406.3,4312.8,3123.1,37561,32263.0,3413.5,1,3416.0,2,3416.6,5,3418.5,2,3418.6,1,3419.0,4,3419.2,8,3419.9,1,3420.0,3,3423.1,1,3419.0
ec2410,,13:43:01.500#,3699.0,3796.0,3406.3,4312.8,3123.1,37561,32263.0,3413.5,1,3416.0,2,3416.6,4,3418.5,2,3418.6,2,3419.0,4,3419.2,8,3419.9,1,3420.0,3,3423.1,1,3419.0
ec2410,,13:43:02.0#,3699.0,3796.0,3406.3,4312.8,3123.1,37567,32269.0,3413.5,1,3416.0,2,3416.6,4,3418.5,2,3418.6,1,3419.2,7,3419.9,1,3420.0,3,3423.1,1,3424.3,1,3419.2
ec2410,,13:43:02.500#,3699.0,3796.0,3406.3,4312.8,3123.1,37568,32270.0,3413.5,1,3416.0,2,3416.6,4,3418.5,2,3418.6,1,3419.2,6,3419.9,1,3420.0,3,3423.1,1,3424.3,1,3419.2
ec2410,,13:43:03.0#,3699.0,3796.0,3406.3,4312.8,3123.1,37571,32272.0,3413.4,1,3413.5,1,3416.0,2,3416.6,4,3418.5,2,3418.8,1,3419.2,4,3419.9,1,3420.0,3,3423.1,1,3418.6
ec2410,,13:43:03.500#,3699.0,3796.0,3406.3,4312.8,3123.1,37572,32272.0,3413.2,1,3413.5,1,3416.0,2,3416.6,4,3418.5,2,3418.6,2,3419.2,4,3419.9,1,3420.0,3,3423.1,1,3418.8
ec2410,,13:43:04.0#,3699.0,3796.0,3406.3,4312.8,3123.1,37573,32273.0,3413.5,1,3415.7,1,3416.0,2,3416.6,4,3418.5,2,3418.6,1,3419.2,4,3419.9,1,3420.0,3,3423.1,1,3418.6
ec2410,,13:43:04.500#,3699.0,3796.0,3406.3,4312.8,3123.1,37574,32274.0,3415.7,1,3416.0,2,3416.6,4,3418.5,2,3418.8,2,3419.2,4,3419.9,1,3420.0,3,3423.1,1,3424.1,1,3418.6
ec2410,,13:43:05.0#,3699.0,3796.0,3406.3,4312.8,3123.1,37574,32274.0,3415.7,1,3416.0,2,3416.6,4,3418.5,2,3418.8,2,3419.0,1,3419.2,4,3419.9,1,3420.0,3,3423.1,1,3418.6
ec2410,,13:43:05.500#,3699.0,3796.0,3406.3,4312.8,3123.1,37575,32274.0,3415.7,1,3416.0,2,3416.6,4,3418.5,2,3418.8,1,3419.0,2,3419.2,4,3419.9,1,3420.0,3,3423.1,1,3418.6
ec2410,,13:43:06.0#,3699.0,3796.0,3406.3,4312.8,3123.1,37576,32274.0,3413.5,2,3415.7,1,3416.0,2,3416.6,4,3418.5,2,3418.6,1,3419.0,2,3419.2,4,3419.9,1,3420.0,3,3418.8
ec2410,,13:43:06.500#,3699.0,3796.0,3406.3,4312.8,3123.1,37579,32274.0,3413.0,5,3413.1,1,3415.7,1,3416.0,2,3416.6,4,3418.6,1,3419.0,1,3419.2,4,3419.9,1,3420.0,3,3418.6
ec2410,,13:43:07.0#,3699.0,3796.0,3406.3,4312.8,3123.1,37581,32276.0,3412.9,6,3413.0,4,3415.7,1,3416.0,2,3416.6,4,3419.0,1,3419.2,4,3419.9,1,3420.0,3,3423.1,1,3418.8
ec2410,,13:43:07.500#,3699.0,3796.0,3406.3,4312.8,3123.1,37581,32276.0,3412.9,6,3413.0,4,3415.7,1,3416.0,2,3416.6,4,3419.0,1,3419.2,4,3419.9,1,3420.0,3,3423.3,1,3418.8
ec2410,,13:43:08.0#,3699.0,3796.0,3406.3,4312.8,3123.1,37582,32277.0,3412.9,6,3413.0,4,3415.7,1,3416.0,2,3416.6,4,3419.0,1,3419.2,4,3419.9,1,3420.0,3,3423.3,1,3418.8
ec2410,,13:43:08.500#,3699.0,3796.0,3406.3,4312.8,3123.1,37582,32277.0,3412.9,6,3413.0,4,3415.7,1,3416.0,2,3416.6,4,3418.6,1,3419.0,1,3419.2,4,3419.9,1,3420.0,3,3418.8
ec2410,,13:43:09.0#,3699.0,3796.0,3406.3,4312.8,3123.1,37582,32277.0,3412.9,6,3413.0,4,3415.7,1,3416.0,2,3416.6,4,3418.6,1,3419.0,1,3419.2,4,3419.9,1,3420.0,3,3418.8
ec2410,,13:43:09.500#,3699.0,3796.0,3406.3,4312.8,3123.1,37583,32278.0,3412.9,6,3413.0,3,3415.7,1,3416.0,2,3416.6,4,3418.6,1,3419.0,1,3419.2,4,3419.9,1,3420.0,3,3418.8
ec2410,,13:43:10.0#,3699.0,3796.0,3406.3,4312.8,3123.1,37587,32282.0,3412.1,1,3412.9,6,3413.0,3,3415.7,1,3416.0,2,3416.6,1,3418.6,1,3419.0,1,3419.2,4,3419.9,1,3416.6
ec2410,,13:43:10.500#,3699.0,3796.0,3406.3,4312.8,3123.1,37588,32282.0,3412.0,3,3413.0,1,3415.7,1,3416.0,2,3416.6,3,3418.6,1,3419.0,1,3419.2,4,3419.9,1,3420.0,3,3416.6
ec2410,,13:43:11.0#,3699.0,3796.0,3406.3,4312.8,3123.1,37588,32282.0,3412.1,1,3413.0,1,3415.7,1,3416.0,2,3416.6,3,3418.6,1,3419.0,1,3419.2,4,3419.9,1,3420.0,3,3416.6
ec2410,,13:43:11.500#,3699.0,3796.0,3406.3,4312.8,3123.1,37588,32282.0,3412.1,1,3413.0,1,3415.7,1,3416.0,2,3416.6,3,3418.6,1,3419.0,1,3419.2,4,3419.9,1,3420.0,3,3416.6
ec2410,,13:43:12.0#,3699.0,3796.0,3406.3,4312.8,3123.1,37588,32282.0,3412.1,1,3413.0,1,3415.7,1,3416.0,2,3416.6,3,3418.6,1,3419.0,1,3419.2,4,3419.9,1,3420.0,3,3416.6
ec2410,,13:43:12.500#,3699.0,3796.0,3406.3,4312.8,3123.1,37588,32282.0,3412.1,1,3413.0,1,3415.7,1,3416.0,2,3416.6,3,3418.6,1,3419.0,1,3419.2,4,3419.9,1,3420.0,3,3416.6
ec2410,,13:43:13.0#,3699.0,3796.0,3406.3,4312.8,3123.1,37588,32282.0,3412.1,1,3413.0,1,3415.7,1,3416.0,2,3416.6,3,3418.6,1,3419.0,1,3419.2,4,3419.9,1,3420.0,3,3416.6
ec2410,,13:43:13.500#,3699.0,3796.0,3406.3,4312.8,3123.1,37591,32284.0,3412.0,3,3412.1,1,3413.0,1,3415.7,1,3416.0,2,3418.6,1,3419.0,1,3419.2,4,3419.9,1,3420.0,3,3416.6
ec2410,,13:43:14.0#,3699.0,3796.0,3406.3,4312.8,3123.1,37591,32284.0,3411.8,1,3412.0,3,3413.0,1,3415.7,1,3416.0,2,3418.6,1,3419.0,2,3419.2,4,3419.9,1,3420.0,3,3416.6
ec2410,,13:43:14.500#,3699.0,3796.0,3406.3,4312.8,3123.1,37591,32284.0,3411.8,1,3412.0,3,3413.0,1,3415.7,1,3416.0,2,3418.6,2,3419.0,2,3419.2,4,3419.9,1,3420.0,3,3416.6
ec2410,,13:43:15.0#,3699.0,3796.0,3406.3,4312.8,3123.1,37592,32285.0,3411.8,1,3412.0,3,3413.0,1,3415.7,1,3416.0,1,3418.6,2,3419.0,2,3419.2,4,3419.9,1,3420.0,3,3416.0
ec2410,,13:43:15.500#,3699.0,3796.0,3406.3,4312.8,3123.1,37595,32285.0,3411.8,1,3412.0,3,3413.0,1,3415.7,1,3416.0,1,3419.0,2,3419.2,4,3419.9,1,3420.0,3,3420.7,1,3418.6
ec2410,,13:43:16.0#,3699.0,3796.0,3406.3,4312.8,3123.1,37595,32285.0,3410.9,3,3412.0,4,3413.0,1,3416.0,1,3418.6,1,3419.0,2,3419.2,4,3419.9,1,3420.0,3,3420.7,1,3418.6
ec2410,,13:43:16.500#,3699.0,3796.0,3406.3,4312.8,3123.1,37596,32284.0,3411.7,3,3412.0,3,3413.0,1,3413.3,1,3416.0,1,3419.0,2,3419.2,4,3419.9,1,3420.0,3,3420.7,1,3418.6
ec2410,,13:43:17.0#,3699.0,3796.0,3406.3,4312.8,3123.1,37598,32285.0,3408.0,3,3410.0,8,3411.7,3,3412.0,4,3413.0,1,3419.0,2,3419.2,4,3419.9,1,3420.0,3,3420.7,1,3416.0
ec2410,,13:43:17.500#,3699.0,3796.0,3406.3,4312.8,3123.1,37598,32285.0,3408.7,3,3409.8,3,3410.5,1,3412.0,3,3413.0,1,3418.8,1,3419.0,2,3419.2,4,3419.9,1,3420.0,3,3416.0
ec2410,,13:43:18.0#,3699.0,3796.0,3406.3,4312.8,3123.1,37599,32285.0,3408.7,3,3409.8,3,3410.4,1,3412.0,3,3413.0,1,3418.8,1,3419.0,2,3419.2,4,3419.9,1,3420.0,3,3417.8
ec2410,,13:43:18.500#,3699.0,3796.0,3406.3,4312.8,3123.1,37604,32290.0,3408.5,8,3409.8,3,3410.4,1,3412.0,3,3413.0,1,3418.7,1,3418.8,1,3419.0,2,3419.2,4,3419.9,1,3413.2
ec2410,,13:43:19.0#,3699.0,3796.0,3406.3,4312.8,3123.1,37605,32290.0,3408.5,5,3409.8,3,3410.4,1,3412.0,3,3413.0,1,3418.0,1,3418.4,4,3418.5,3,3419.0,2,3419.2,4,3413.1
ec2410,,13:43:19.500#,3699.0,3796.0,3406.3,4312.8,3123.1,37605,32290.0,3408.1,9,3409.8,3,3410.0,1,3412.0,3,3413.0,2,3417.6,3,3417.8,1,3417.9,3,3418.0,1,3418.4,4,3413.1
ec2410,,13:43:20.0#,3699.0,3796.0,3406.3,4312.8,3123.1,37605,32290.0,3408.0,3,3408.1,3,3409.8,4,3412.0,3,3413.0,2,3417.1,3,3417.2,1,3417.4,2,3417.6,3,3417.8,1,3413.1
ec2410,,13:43:20.500#,3699.0,3796.0,3406.3,4312.8,3123.1,37605,32290.0,3407.6,14,3408.0,3,3409.5,1,3412.0,3,3413.0,1,3416.7,1,3416.9,1,3417.1,3,3417.4,1,3417.6,3,3413.1
ec2410,,13:43:21.0#,3699.0,3796.0,3406.3,4312.8,3123.1,37607,32292.0,3407.6,5,3408.0,3,3408.3,3,3409.4,1,3412.0,3,3413.0,3,3416.3,1,3416.5,1,3417.1,3,3417.6,3,3413.0
ec2410,,13:43:21.500#,3699.0,3796.0,3406.3,4312.8,3123.1,37612,32293.0,3406.0,28,3406.2,1,3407.0,1,3407.6,5,3408.0,3,3412.0,1,3413.0,2,3416.5,1,3417.1,3,3417.5,3,3413.0
ec2410,,13:43:22.0#,3699.0,3796.0,3406.3,4312.8,3123.1,37613,32293.0,3406.0,28,3406.2,1,3407.6,5,3408.0,3,3408.2,1,3412.0,1,3413.0,2,3415.5,1,3416.5,1,3417.1,3,3408.3
ec2410,,13:43:22.500#,3699.0,3796.0,3406.3,4312.8,3123.1,37614,32293.0,3405.8,2,3406.0,28,3406.2,1,3407.6,5,3408.0,3,3412.0,1,3413.0,2,3415.6,1,3416.5,1,3416.7,3,3408.2
ec2410,,13:43:23.0#,3699.0,3796.0,3406.3,4312.8,3123.1,37616,32294.0,3407.6,5,3408.0,3,3408.1,1,3408.2,1,3408.4,1,3413.0,2,3415.5,1,3416.6,3,3416.7,4,3417.1,3,3412.0
ec2410,,13:43:23.500#,3699.0,3796.0,3406.3,4312.8,3123.1,37616,32294.0,3407.6,5,3408.0,3,3408.1,1,3408.4,1,3408.6,1,3413.0,2,3416.2,1,3416.7,1,3417.1,3,3417.6,3,3412.0
ec2410,,13:43:24.0#,3699.0,3796.0,3406.3,4312.8,3123.1,37616,32294.0,3406.2,1,3407.6,5,3408.0,3,3408.4,1,3408.6,1,3413.0,2,3416.3,1,3416.7,1,3417.1,3,3417.4,3,3412.0
ec2410,,13:43:24.500#,3699.0,3796.0,3406.3,4312.8,3123.1,37617,32295.0,3406.2,1,3407.6,5,3408.0,3,3408.4,1,3408.6,1,3412.8,1,3413.0,2,3416.3,1,3416.7,1,3417.1,3,3412.7
ec2410,,13:43:25.0#,3699.0,3796.0,3406.3,4312.8,3123.1,37617,32295.0,3406.2,1,3407.6,5,3408.0,3,3408.4,1,3408.6,1,3412.8,1,3413.0,2,3416.2,1,3416.7,1,3417.1,3,3412.7
ec2410,,13:43:25.500#,3699.0,3796.0,3406.3,4312.8,3123.1,37619,32296.0,3406.2,1,3407.6,5,3408.0,3,3408.4,1,3408.6,1,3412.8,1,3413.0,2,3416.2,1,3416.7,1,3417.1,3,3408.8
ec2410,,13:43:26.0#,3699.0,3796.0,3406.3,4312.8,3123.1,37621,32297.0,3406.0,28,3406.2,1,3407.6,5,3408.0,3,3408.4,1,3412.8,2,3413.0,2,3416.2,1,3416.7,1,3417.1,3,3408.6
ec2410,,13:43:26.500#,3699.0,3796.0,3406.3,4312.8,3123.1,37622,32296.0,3406.2,1,3407.6,5,3408.0,3,3408.4,1,3408.6,1,3412.8,2,3413.0,2,3416.1,1,3416.7,1,3417.1,3,3412.6
ec2410,,13:43:27.0#,3699.0,3796.0,3406.3,4312.8,3123.1,37624,32297.0,3406.0,28,3406.2,1,3407.6,5,3408.0,3,3408.4,1,3412.8,1,3413.0,2,3416.2,1,3416.7,1,3417.1,3,3408.6
ec2410,,13:43:27.500#,3699.0,3796.0,3406.3,4312.8,3123.1,37627,32299.0,3406.0,28,3406.2,1,3407.6,5,3408.0,3,3408.5,2,3412.8,3,3412.9,1,3413.0,2,3416.1,1,3416.7,1,3412.8
ec2410,,13:43:28.0#,3699.0,3796.0,3406.3,4312.8,3123.1,37627,32299.0,3406.2,1,3407.6,5,3408.0,3,3408.5,2,3408.7,1,3412.8,3,3412.9,1,3413.0,2,3416.1,1,3416.7,1,3412.8
ec2410,,13:43:28.500#,3699.0,3796.0,3406.3,4312.8,3123.1,37631,32299.0,3406.2,1,3407.6,5,3408.0,3,3408.5,2,3408.7,1,3412.8,2,3412.9,1,3413.0,2,3416.2,1,3416.7,1,3412.8
ec2410,,13:43:29.0#,3699.0,3796.0,3406.3,4312.8,3123.1,37633,32301.0,3406.0,28,3406.2,1,3407.6,5,3408.0,2,3408.5,2,3408.6,19,3412.8,2,3412.9,1,3413.0,2,3416.2,1,3408.7
ec2410,,13:43:29.500#,3699.0,3796.0,3406.3,4312.8,3123.1,37636,32303.0,3406.2,1,3407.6,5,3408.0,2,3408.4,1,3408.5,2,3408.6,16,3411.1,3,3412.8,2,3412.9,1,3413.0,2,3408.6
ec2410,,13:43:30.0#,3699.0,3796.0,3406.3,4312.8,3123.1,37639,32305.0,3406.2,1,3406.5,1,3407.6,5,3408.0,2,3408.4,1,3408.6,14,3408.7,2,3411.1,3,3412.8,3,3412.9,1,3408.6
ec2410,,13:43:30.500#,3699.0,3796.0,3406.3,4312.8,3123.1,37640,32306.0,3406.2,1,3406.5,1,3407.6,5,3408.0,2,3408.4,1,3408.6,13,3408.7,2,3412.8,2,3412.9,1,3413.0,2,3408.6
ec2410,,13:43:31.0#,3699.0,3796.0,3406.3,4312.8,3123.1,37641,32306.0,3406.0,28,3406.2,1,3406.5,1,3407.6,5,3408.0,2,3408.4,9,3408.5,1,3408.6,13,3408.7,3,3412.8,2,3408.4
ec2410,,13:43:31.500#,3699.0,3796.0,3406.3,4312.8,3123.1,37643,32305.0,3406.0,28,3406.2,1,3406.5,1,3407.6,5,3408.0,2,3408.4,8,3408.5,1,3408.6,13,3408.7,3,3412.8,2,3408.4
ec2410,,13:43:32.0#,3699.0,3796.0,3406.3,4312.8,3123.1,37647,32304.0,3406.0,28,3406.2,1,3406.5,1,3407.6,5,3408.0,2,3408.4,4,3408.5,1,3408.6,13,3408.7,3,3412.8,2,3408.4
ec2410,,13:43:32.500#,3699.0,3796.0,3406.3,4312.8,3123.1,37652,32307.0,3406.0,28,3406.2,1,3406.5,1,3407.6,5,3408.0,1,3408.5,1,3408.6,13,3408.7,3,3412.8,2,3412.9,1,3408.0
ec2410,,13:43:33.0#,3699.0,3796.0,3406.3,4312.8,3123.1,37655,32309.0,3406.5,1,3407.6,5,3408.0,1,3408.4,6,3408.5,1,3408.6,12,3408.7,3,3412.8,2,3412.9,1,3413.0,2,3408.5
ec2410,,13:43:33.500#,3699.0,3796.0,3406.3,4312.8,3123.1,37667,32315.0,3406.2,1,3406.5,1,3407.6,5,3408.0,1,3408.4,1,3408.6,7,3408.7,8,3412.8,2,3412.9,1,3413.0,2,3408.6
ec2410,,13:43:34.0#,3699.0,3796.0,3406.3,4312.8,3123.1,37674,32318.0,3405.8,2,3406.0,28,3406.2,1,3406.5,1,3407.6,5,3408.4,1,3408.6,4,3408.7,8,3412.8,4,3412.9,1,3408.5
ec2410,,13:43:34.500#,3699.0,3796.0,3406.3,4312.8,3123.1,37677,32317.0,3405.8,2,3406.0,28,3406.2,1,3406.5,1,3407.6,4,3408.0,1,3408.6,3,3408.7,8,3412.8,4,3412.9,1,3407.6
ec2410,,13:43:35.0#,3699.0,3796.0,3406.3,4312.8,3123.1,37687,32327.0,3405.0,9,3405.8,2,3406.0,28,3406.2,1,3406.5,1,3407.6,1,3408.4,2,3408.6,3,3408.7,8,3412.8,4,3407.6
ec2410,,13:43:35.500#,3699.0,3796.0,3406.3,4312.8,3123.1,37690,32327.0,3404.0,4,3405.0,9,3405.8,2,3406.0,28,3406.2,1,3408.4,3,3408.6,3,3408.7,10,3412.6,1,3412.8,4,3406.5
ec2410,,13:43:36.0#,3699.0,3796.0,3406.2,4312.8,3123.1,37691,32328.0,3404.0,4,3405.0,9,3405.8,2,3406.0,28,3406.1,1,3406.2,1,3406.9,1,3407.6,2,3408.3,1,3408.4,3,3406.2
ec2410,,13:43:36.500#,3699.0,3796.0,3406.1,4312.8,3123.1,37695,32328.0,3403.0,8,3404.0,4,3405.0,9,3405.8,2,3406.0,28,3406.9,4,3407.6,2,3408.3,1,3408.4,3,3408.6,3,3406.9
ec2410,,13:43:37.0#,3699.0,3796.0,3406.0,4312.8,3123.1,37705,32337.0,3403.9,3,3404.0,4,3405.0,9,3405.8,2,3406.0,18,3406.1,1,3406.2,1,3406.9,4,3407.6,3,3408.4,3,3406.0
ec2410,,13:43:37.500#,3699.0,3796.0,3406.0,4312.8,3123.1,37719,32342.0,3403.5,3,3404.0,4,3405.0,9,3405.8,2,3406.0,6,3406.2,1,3407.6,3,3408.4,3,3408.6,3,3408.7,5,3406.0
ec2410,,13:43:38.0#,3699.0,3796.0,3405.8,4312.8,3123.1,37728,32346.0,3402.0,6,3403.0,8,3404.0,4,3405.0,9,3405.8,1,3406.0,6,3407.6,3,3408.4,3,3408.6,3,3408.7,5,3405.8
ec2410,,13:43:38.500#,3699.0,3796.0,3405.8,4312.8,3123.1,37733,32346.0,3401.4,1,3402.0,6,3403.0,8,3404.0,4,3405.0,9,3405.8,2,3406.0,7,3406.5,1,3407.6,3,3408.4,3,3405.8
ec2410,,13:43:39.0#,3699.0,3796.0,3405.0,4312.8,3123.1,37736,32345.0,3401.4,1,3402.0,6,3403.0,8,3404.0,4,3405.0,7,3405.8,1,3406.0,7,3406.5,1,3407.6,3,3408.4,3,3405.8
ec2410,,13:43:39.500#,3699.0,3796.0,3405.0,4312.8,3123.1,37737,32346.0,3401.4,1,3402.0,6,3403.0,8,3404.0,4,3405.0,6,3405.8,2,3406.0,10,3406.5,1,3407.6,3,3408.4,1,3405.0
