InstrumentId,ExchangeId,Datetime,OpenPrice,HighestPrice,LowestPrice,UpperLimitPrice,LowerLimitPrice,Volume,OpenInterest,BidPrice5,BidVolume5,BidPrice4,BidVolume4,BidPrice3,BidVolume3,BidPrice2,BidVolume2,BidPrice1,BidVolume1,AskPrice1,AskVolume1,AskPrice2,AskVolume2,AskPrice3,AskVolume3,AskPrice4,AskVolume4,AskPrice5,AskVolume5,LastPrice
ec2408,,13:38:35.0#,5548.0,5593.9,5471.8,6412.0,4643.1,5828,25604.0,5497.9,7,5498.0,3,5498.1,1,5499.0,8,5499.1,1,5505.2,3,5505.3,3,5505.5,3,5505.8,1,5506.6,3,5499.0
ec2408,,13:38:35.500#,5548.0,5593.9,5471.8,6412.0,4643.1,5828,25604.0,5498.0,3,5498.1,1,5499.0,8,5499.3,1,5499.5,1,5505.1,1,5506.0,3,5506.3,3,5507.1,3,5507.3,3,5499.0
ec2408,,13:38:36.0#,5548.0,5593.9,5471.8,6412.0,4643.1,5828,25604.0,5499.0,8,5499.2,1,5499.6,1,5499.7,1,5499.8,1,5505.1,1,5506.0,3,5506.3,3,5506.7,3,5507.3,6,5499.0
ec2408,,13:38:36.500#,5548.0,5593.9,5471.8,6412.0,4643.1,5828,25604.0,5498.0,3,5498.1,1,5499.0,8,5499.2,1,5500.0,2,5505.1,1,5506.4,3,5507.0,3,5507.4,1,5507.5,2,5499.0
ec2408,,13:38:37.0#,5548.0,5593.9,5471.8,6412.0,4643.1,5828,25604.0,5499.0,8,5499.2,1,5500.0,1,5500.1,1,5500.3,1,5505.1,1,5506.4,3,5506.6,3,5507.0,3,5507.5,1,5499.0
ec2408,,13:38:37.500#,5548.0,5593.9,5471.8,6412.0,4643.1,5828,25604.0,5498.1,4,5499.0,8,5499.2,1,5500.3,1,5500.5,1,5505.1,1,5506.4,3,5507.0,3,5507.6,3,5507.7,3,5499.0
ec2408,,13:38:38.0#,5548.0,5593.9,5471.8,6412.0,4643.1,5828,25604.0,5499.0,8,5499.2,1,5500.3,1,5500.5,1,5500.6,1,5505.1,1,5507.0,3,5507.5,3,5507.6,3,5507.8,3,5499.0
ec2408,,13:38:38.500#,5548.0,5593.9,5471.8,6412.0,4643.1,5828,25604.0,5498.8,6,5499.0,8,5499.2,1,5500.3,1,5500.8,1,5507.3,1,5507.6,3,5507.8,1,5507.9,2,5508.1,3,5499.0
ec2408,,13:38:39.0#,5548.0,5593.9,5471.8,6412.0,4643.1,5828,25604.0,5499.1,3,5499.2,4,5500.8,1,5500.9,1,5501.1,1,5507.3,1,5507.9,3,5508.1,3,5509.0,1,5509.1,2,5499.0
ec2408,,13:38:39.500#,5548.0,5593.9,5471.8,6412.0,4643.1,5828,25604.0,5498.8,3,5499.0,8,5499.2,3,5499.3,1,5501.3,1,5507.3,1,5507.9,3,5508.1,3,5509.2,3,5510.2,1,5499.0
ec2408,,13:38:40.0#,5548.0,5593.9,5471.8,6412.0,4643.1,5828,25604.0,5499.2,1,5499.3,2,5499.4,4,5499.5,1,5499.6,1,5507.3,1,5508.1,3,5508.4,3,5509.2,6,5509.3,3,5499.0
ec2408,,13:38:40.500#,5548.0,5593.9,5471.8,6412.0,4643.1,5828,25604.0,5498.8,6,5499.0,8,5499.2,1,5499.6,1,5499.8,1,5507.3,1,5508.1,3,5508.3,3,5508.4,7,5508.5,2,5499.0
ec2408,,13:38:41.0#,5548.0,5593.9,5471.8,6412.0,4643.1,5828,25604.0,5498.7,3,5498.8,3,5499.0,8,5499.2,1,5499.8,1,5507.3,1,5508.1,3,5508.2,3,5508.5,4,5508.6,5,5499.0
ec2408,,13:38:41.500#,5548.0,5593.9,5471.8,6412.0,4643.1,5828,25604.0,5498.7,3,5498.8,3,5499.0,8,5499.2,1,5499.8,1,5507.3,1,5508.1,6,5508.5,4,5508.6,5,5510.2,1,5499.0
ec2408,,13:38:42.0#,5548.0,5593.9,5471.8,6412.0,4643.1,5828,25604.0,5498.7,3,5498.8,6,5499.0,8,5499.2,1,5499.8,1,5507.3,1,5508.0,3,5508.1,3,5508.5,7,5508.6,5,5499.0
ec2408,,13:38:42.500#,5548.0,5593.9,5471.8,6412.0,4643.1,5828,25604.0,5498.8,3,5499.0,8,5499.2,1,5499.8,1,5499.9,1,5507.3,1,5508.0,3,5508.1,3,5508.5,4,5508.6,5,5499.0
ec2408,,13:38:43.0#,5548.0,5593.9,5471.8,6412.0,4643.1,5828,25604.0,5498.8,3,5499.0,8,5499.2,1,5499.9,1,5500.1,1,5507.3,1,5507.5,1,5508.0,3,5508.1,3,5508.5,3,5499.0
ec2408,,13:38:43.500#,5548.0,5593.9,5471.8,6412.0,4643.1,5828,25604.0,5498.9,3,5499.0,8,5499.2,1,5500.1,1,5500.2,1,5507.3,1,5507.5,1,5508.1,3,5508.4,3,5508.6,6,5499.0
ec2408,,13:38:44.0#,5548.0,5593.9,5471.8,6412.0,4643.1,5828,25604.0,5499.0,11,5499.2,1,5500.0,1,5500.2,1,5500.4,1,5507.3,1,5507.5,1,5507.8,3,5508.1,3,5508.3,3,5499.0
ec2408,,13:38:44.500#,5548.0,5593.9,5471.8,6412.0,4643.1,5828,25604.0,5499.0,14,5499.2,1,5499.4,3,5500.0,1,5500.4,1,5507.3,1,5507.5,1,5508.0,3,5508.1,3,5508.8,7,5499.0
ec2408,,13:38:45.0#,5548.0,5593.9,5471.8,6412.0,4643.1,5828,25604.0,5498.9,6,5499.0,14,5499.2,1,5500.0,1,5500.4,1,5507.3,1,5507.5,1,5508.0,3,5508.1,3,5508.7,6,5499.0
ec2408,,13:38:45.500#,5548.0,5593.9,5471.8,6412.0,4643.1,5828,25604.0,5498.9,6,5499.0,14,5499.2,1,5500.0,1,5500.4,1,5507.3,1,5507.5,1,5508.0,3,5508.1,3,5508.7,6,5499.0
ec2408,,13:38:46.0#,5548.0,5593.9,5471.8,6412.0,4643.1,5828,25604.0,5499.0,11,5499.2,1,5500.0,1,5500.4,1,5500.5,1,5507.3,1,5507.5,1,5508.0,3,5508.1,3,5508.8,4,5499.0
ec2408,,13:38:46.500#,5548.0,5593.9,5471.8,6412.0,4643.1,5828,25604.0,5498.9,2,5499.0,15,5499.2,1,5500.0,1,5500.7,1,5507.3,1,5507.5,1,5508.0,3,5508.1,3,5508.8,3,5499.0
ec2408,,13:38:47.0#,5548.0,5593.9,5471.8,6412.0,4643.1,5829,25604.0,5498.8,3,5499.0,10,5499.1,4,5499.2,1,5500.0,1,5507.3,1,5507.5,1,5508.1,3,5508.7,3,5508.9,3,5500.3
ec2408,,13:38:47.500#,5548.0,5593.9,5471.8,6412.0,4643.1,5829,25604.0,5498.8,6,5499.0,8,5499.2,1,5500.0,1,5500.2,1,5500.4,1,5505.3,3,5507.1,1,5507.3,1,5507.5,1,5500.3
ec2408,,13:38:48.0#,5548.0,5593.9,5471.8,6412.0,4643.1,5831,25604.0,5498.0,3,5498.1,1,5498.2,1,5499.0,8,5499.2,1,5500.0,10,5505.2,3,5505.3,3,5505.8,3,5507.3,1,5500.0
ec2408,,13:38:48.500#,5548.0,5593.9,5471.8,6412.0,4643.1,5831,25604.0,5498.0,3,5498.1,1,5498.2,1,5499.0,8,5499.2,1,5500.0,10,5503.5,3,5504.0,3,5504.4,3,5504.5,7,5500.0
ec2408,,13:38:49.0#,5548.0,5593.9,5471.8,6412.0,4643.1,5831,25604.0,5498.0,3,5498.1,1,5498.2,1,5499.0,8,5499.2,1,5500.0,10,5503.5,3,5504.0,3,5504.4,3,5504.5,7,5500.0
ec2408,,13:38:49.500#,5548.0,5593.9,5471.8,6412.0,4643.1,5831,25604.0,5498.0,3,5498.1,1,5498.2,1,5499.0,8,5499.2,1,5500.0,10,5503.5,3,5504.0,3,5504.2,3,5504.3,3,5500.0
ec2408,,13:38:50.0#,5548.0,5593.9,5471.8,6412.0,4643.1,5831,25604.0,5498.0,3,5498.1,1,5498.2,1,5499.0,8,5499.2,1,5500.0,10,5503.5,3,5504.0,3,5504.2,3,5504.3,3,5500.0
ec2408,,13:38:50.500#,5548.0,5593.9,5471.8,6412.0,4643.1,5831,25604.0,5498.0,3,5498.1,1,5498.2,1,5499.0,8,5499.2,1,5500.0,10,5503.5,3,5504.0,3,5504.3,3,5504.4,3,5500.0
ec2408,,13:38:51.0#,5548.0,5593.9,5471.8,6412.0,4643.1,5831,25604.0,5498.0,3,5498.1,1,5498.2,1,5499.0,8,5499.2,1,5500.0,10,5503.5,3,5504.0,3,5504.3,3,5504.5,4,5500.0
ec2408,,13:38:51.500#,5548.0,5593.9,5471.8,6412.0,4643.1,5831,25604.0,5498.0,3,5498.1,1,5498.2,1,5499.0,8,5499.2,1,5500.0,10,5503.5,3,5504.0,3,5504.3,3,5504.5,4,5500.0
ec2408,,13:38:52.0#,5548.0,5593.9,5471.8,6412.0,4643.1,5831,25604.0,5498.0,3,5498.1,1,5498.2,1,5499.0,8,5499.2,1,5500.0,10,5503.5,3,5504.0,3,5504.3,3,5504.4,3,5500.0
ec2408,,13:38:52.500#,5548.0,5593.9,5471.8,6412.0,4643.1,5831,25604.0,5498.0,3,5498.1,1,5498.2,1,5499.0,8,5499.2,1,5500.0,10,5503.5,3,5504.0,3,5504.3,3,5504.4,3,5500.0
ec2408,,13:38:53.0#,5548.0,5593.9,5471.8,6412.0,4643.1,5831,25604.0,5498.0,3,5498.1,1,5498.2,1,5499.0,8,5499.2,1,5500.0,10,5503.5,6,5504.0,3,5504.3,3,5504.4,3,5500.0
ec2408,,13:38:53.500#,5548.0,5593.9,5471.8,6412.0,4643.1,5831,25604.0,5498.0,3,5498.1,1,5498.2,1,5499.0,8,5499.2,1,5500.0,10,5503.5,3,5504.0,3,5504.3,3,5504.4,3,5500.0
ec2408,,13:38:54.0#,5548.0,5593.9,5471.8,6412.0,4643.1,5831,25604.0,5498.0,3,5498.1,1,5498.2,1,5499.0,8,5499.2,1,5500.0,10,5503.5,3,5504.0,3,5504.3,3,5504.4,3,5500.0
ec2408,,13:38:54.500#,5548.0,5593.9,5471.8,6412.0,4643.1,5832,25604.0,5497.9,7,5498.0,3,5498.1,1,5498.2,1,5499.0,8,5500.0,10,5503.5,3,5504.0,3,5504.3,3,5504.4,3,5499.2
ec2408,,13:38:55.0#,5548.0,5593.9,5471.8,6412.0,4643.1,5832,25604.0,5497.9,7,5498.0,3,5498.1,1,5498.2,1,5499.0,8,5500.0,10,5503.5,3,5504.0,3,5504.2,6,5504.4,7,5499.2
ec2408,,13:38:55.500#,5548.0,5593.9,5471.8,6412.0,4643.1,5832,25604.0,5497.9,7,5498.0,3,5498.1,1,5498.2,1,5499.0,8,5500.0,10,5503.5,3,5504.0,3,5504.2,6,5504.4,4,5499.2
ec2408,,13:38:56.0#,5548.0,5593.9,5471.8,6412.0,4643.1,5832,25604.0,5497.9,7,5498.0,3,5498.1,1,5498.2,1,5499.0,8,5500.0,10,5503.5,3,5504.0,3,5504.2,6,5504.4,4,5499.2
ec2408,,13:38:56.500#,5548.0,5593.9,5471.8,6412.0,4643.1,5832,25604.0,5497.9,7,5498.0,3,5498.1,1,5498.2,1,5499.0,8,5500.0,10,5503.5,3,5504.0,3,5504.2,6,5504.4,4,5499.2
ec2408,,13:38:57.0#,5548.0,5593.9,5471.8,6412.0,4643.1,5832,25604.0,5497.9,7,5498.0,3,5498.1,1,5498.2,1,5499.0,8,5500.0,10,5503.5,3,5504.0,3,5504.2,6,5504.4,7,5499.2
ec2408,,13:38:57.500#,5548.0,5593.9,5471.8,6412.0,4643.1,5832,25604.0,5497.9,7,5498.0,3,5498.1,1,5498.2,1,5499.0,8,5500.0,10,5503.5,3,5504.0,3,5504.2,6,5504.4,4,5499.2
ec2408,,13:38:58.0#,5548.0,5593.9,5471.8,6412.0,4643.1,5832,25604.0,5497.9,7,5498.0,3,5498.1,1,5498.2,1,5499.0,8,5500.0,10,5503.5,3,5504.0,3,5504.2,6,5504.4,7,5499.2
ec2408,,13:38:58.500#,5548.0,5593.9,5471.8,6412.0,4643.1,5834,25605.0,5497.9,7,5498.0,3,5498.1,1,5498.2,1,5499.0,7,5500.0,9,5503.5,3,5504.0,3,5504.2,3,5504.4,4,5500.0
ec2408,,13:38:59.0#,5548.0,5593.9,5471.8,6412.0,4643.1,5834,25605.0,5497.9,7,5498.0,3,5498.1,1,5498.2,1,5499.0,7,5500.0,9,5503.5,3,5504.0,3,5504.2,3,5504.4,4,5500.0
ec2408,,13:38:59.500#,5548.0,5593.9,5471.8,6412.0,4643.1,5835,25605.0,5498.0,3,5498.1,1,5498.2,1,5499.0,7,5499.3,1,5500.0,8,5503.5,3,5504.0,3,5504.2,3,5504.4,4,5500.0
ec2408,,13:39:00.0#,5548.0,5593.9,5471.8,6412.0,4643.1,5835,25605.0,5498.0,3,5498.1,1,5498.2,1,5499.0,7,5499.3,1,5500.0,8,5503.5,3,5504.0,3,5504.4,3,5504.5,3,5500.0
ec2408,,13:39:00.500#,5548.0,5593.9,5471.8,6412.0,4643.1,5835,25605.0,5498.0,3,5498.1,1,5498.2,1,5499.0,7,5499.3,1,5500.0,8,5503.5,3,5504.0,3,5504.4,3,5504.5,3,5500.0
ec2408,,13:39:01.0#,5548.0,5593.9,5471.8,6412.0,4643.1,5835,25605.0,5498.0,3,5498.1,1,5498.2,1,5499.0,7,5499.3,1,5500.0,8,5503.5,3,5504.0,3,5504.4,3,5504.5,3,5500.0
ec2408,,13:39:01.500#,5548.0,5593.9,5471.8,6412.0,4643.1,5835,25605.0,5498.0,3,5498.1,1,5498.2,1,5499.0,7,5499.3,1,5500.0,8,5503.5,3,5504.0,3,5504.4,3,5504.5,3,5500.0
ec2408,,13:39:02.0#,5548.0,5593.9,5471.8,6412.0,4643.1,5835,25605.0,5498.0,3,5498.1,1,5498.2,1,5499.0,7,5499.3,1,5500.0,8,5503.5,3,5504.0,6,5504.4,3,5504.5,3,5500.0
ec2408,,13:39:02.500#,5548.0,5593.9,5471.8,6412.0,4643.1,5835,25605.0,5498.0,3,5498.1,1,5498.2,1,5499.0,8,5499.3,1,5500.0,8,5503.5,3,5504.0,3,5504.4,3,5504.5,3,5500.0
ec2408,,13:39:03.0#,5548.0,5593.9,5471.8,6412.0,4643.1,5835,25605.0,5498.0,3,5498.1,1,5498.2,1,5499.0,8,5499.3,1,5500.0,8,5503.5,3,5503.9,3,5504.0,3,5504.4,3,5500.0
ec2408,,13:39:03.500#,5548.0,5593.9,5471.8,6412.0,4643.1,5836,25605.0,5498.0,3,5498.1,1,5498.2,1,5499.0,8,5499.3,1,5500.0,7,5503.5,3,5504.0,3,5504.4,3,5504.5,3,5500.0
ec2408,,13:39:04.0#,5548.0,5593.9,5471.8,6412.0,4643.1,5841,25605.0,5498.0,3,5498.1,1,5498.2,1,5499.0,8,5499.3,1,5500.0,2,5503.5,3,5504.0,3,5504.4,3,5504.5,3,5500.0
ec2408,,13:39:04.500#,5548.0,5593.9,5471.8,6412.0,4643.1,5843,25605.0,5498.0,3,5498.1,1,5498.2,1,5499.0,8,5499.3,1,5504.4,3,5504.5,3,5504.6,3,5505.6,3,5506.4,3,5500.0
ec2408,,13:39:05.0#,5548.0,5593.9,5471.8,6412.0,4643.1,5843,25605.0,5498.1,1,5498.2,4,5499.0,8,5499.3,1,5499.5,1,5504.2,1,5505.6,3,5505.7,3,5506.7,3,5506.8,3,5500.0
ec2408,,13:39:05.500#,5548.0,5593.9,5471.8,6412.0,4643.1,5843,25605.0,5498.2,1,5499.0,8,5499.3,1,5499.5,1,5499.9,1,5504.2,1,5505.7,3,5506.5,3,5506.7,6,5506.8,4,5500.0
ec2408,,13:39:06.0#,5548.0,5593.9,5471.8,6412.0,4643.1,5843,25605.0,5498.0,3,5498.1,1,5498.2,1,5499.0,8,5500.1,2,5504.2,1,5506.5,3,5506.6,3,5507.0,7,5507.1,2,5500.0
ec2408,,13:39:06.500#,5548.0,5593.9,5471.8,6412.0,4643.1,5843,25605.0,5498.0,3,5498.1,4,5498.2,4,5499.0,8,5500.1,2,5506.4,1,5507.0,3,5507.1,4,5507.2,2,5507.4,3,5500.0
ec2408,,13:39:07.0#,5548.0,5593.9,5471.8,6412.0,4643.1,5843,25605.0,5498.4,3,5498.5,3,5499.0,8,5500.1,1,5500.5,1,5506.4,1,5507.1,3,5507.4,3,5507.5,1,5508.2,4,5500.0
ec2408,,13:39:07.500#,5548.0,5593.9,5471.8,6412.0,4643.1,5845,25603.0,5498.2,1,5498.5,3,5498.6,3,5498.7,3,5499.0,8,5500.1,1,5506.4,1,5507.4,6,5507.5,1,5508.1,3,5500.1
ec2408,,13:39:08.0#,5548.0,5593.9,5471.8,6412.0,4643.1,5845,25603.0,5497.9,7,5498.0,3,5498.1,1,5498.2,1,5499.0,8,5500.1,1,5503.9,3,5504.5,4,5504.6,5,5506.4,1,5500.1
ec2408,,13:39:08.500#,5548.0,5593.9,5471.8,6412.0,4643.1,5845,25603.0,5497.9,7,5498.0,3,5498.1,1,5498.2,1,5499.0,8,5500.1,1,5503.9,3,5504.4,3,5504.5,4,5504.6,2,5500.1
ec2408,,13:39:09.0#,5548.0,5593.9,5471.8,6412.0,4643.1,5846,25602.0,5498.0,3,5498.1,1,5498.2,1,5499.0,8,5500.0,1,5503.9,3,5504.4,3,5504.5,4,5504.6,2,5505.9,3,5500.1
ec2408,,13:39:09.500#,5548.0,5593.9,5471.8,6412.0,4643.1,5846,25602.0,5498.0,3,5498.1,1,5498.2,1,5499.0,8,5500.0,1,5504.2,1,5506.3,3,5506.8,3,5506.9,3,5507.2,3,5500.1
ec2408,,13:39:10.0#,5548.0,5593.9,5471.8,6412.0,4643.1,5846,25602.0,5498.1,4,5498.2,4,5499.0,8,5500.0,1,5500.2,1,5506.6,1,5507.0,3,5507.1,3,5507.3,3,5507.5,1,5500.1
ec2408,,13:39:10.500#,5548.0,5593.9,5471.8,6412.0,4643.1,5846,25602.0,5498.4,5,5498.5,4,5499.0,8,5500.0,1,5500.2,1,5506.6,1,5507.3,6,5507.5,1,5508.3,3,5508.4,6,5500.1
ec2408,,13:39:11.0#,5548.0,5593.9,5471.8,6412.0,4643.1,5846,25602.0,5498.4,5,5498.5,4,5499.0,9,5500.0,5,5500.2,1,5506.6,1,5507.3,6,5507.5,1,5508.3,3,5508.4,6,5500.1
ec2408,,13:39:11.500#,5548.0,5593.9,5471.8,6412.0,4643.1,5846,25602.0,5498.4,5,5498.5,4,5499.0,9,5500.0,5,5500.2,1,5506.6,1,5507.3,6,5507.5,1,5508.3,3,5508.4,6,5500.1
ec2408,,13:39:12.0#,5548.0,5593.9,5471.8,6412.0,4643.1,5846,25602.0,5498.4,5,5498.5,4,5499.0,9,5500.0,5,5500.2,1,5506.6,1,5507.3,6,5507.5,1,5507.6,3,5508.3,3,5500.1
ec2408,,13:39:12.500#,5548.0,5593.9,5471.8,6412.0,4643.1,5846,25602.0,5498.4,5,5498.5,4,5499.0,9,5500.0,5,5500.2,1,5506.6,1,5507.3,6,5507.5,1,5508.2,3,5508.3,3,5500.1
ec2408,,13:39:13.0#,5548.0,5593.9,5471.8,6412.0,4643.1,5847,25602.0,5498.4,5,5498.5,4,5499.0,9,5500.0,5,5500.2,1,5507.3,6,5507.5,1,5508.3,3,5508.4,6,5510.2,1,5506.6
ec2408,,13:39:13.500#,5548.0,5593.9,5471.8,6412.0,4643.1,5847,25602.0,5498.8,7,5499.0,9,5499.2,3,5500.0,5,5500.2,1,5507.1,1,5507.5,1,5507.7,3,5508.5,3,5508.6,3,5506.6
ec2408,,13:39:14.0#,5548.0,5593.9,5471.8,6412.0,4643.1,5848,25601.0,5498.8,3,5499.0,9,5499.2,3,5500.0,5,5500.2,1,5507.1,1,5507.5,1,5507.7,3,5508.5,3,5508.6,4,5506.6
ec2408,,13:39:14.500#,5548.0,5593.9,5471.8,6412.0,4643.1,5848,25601.0,5499.0,12,5499.2,3,5500.0,5,5500.2,1,5506.6,1,5507.1,1,5507.5,1,5508.5,3,5508.6,4,5508.7,8,5506.6
ec2408,,13:39:15.0#,5548.0,5593.9,5471.8,6412.0,4643.1,5849,25602.0,5500.2,1,5501.4,3,5501.9,3,5502.0,3,5502.1,6,5507.5,1,5510.2,1,5510.9,3,5511.4,6,5511.5,1,5506.6
ec2408,,13:39:15.500#,5548.0,5593.9,5471.8,6412.0,4643.1,5849,25602.0,5499.9,4,5500.0,5,5500.4,3,5502.1,3,5502.3,1,5507.5,1,5509.7,3,5509.8,6,5510.2,1,5510.4,3,5506.6
ec2408,,13:39:16.0#,5548.0,5593.9,5471.8,6412.0,4643.1,5849,25602.0,5499.4,3,5499.9,2,5500.0,12,5500.6,1,5502.6,1,5507.3,1,5507.5,1,5508.6,3,5509.4,3,5509.7,3,5506.6
ec2408,,13:39:16.500#,5548.0,5593.9,5471.8,6412.0,4643.1,5849,25602.0,5499.7,3,5500.0,15,5500.1,6,5502.6,1,5502.8,1,5507.3,1,5507.5,1,5509.3,3,5509.4,3,5509.7,3,5506.6
ec2408,,13:39:17.0#,5548.0,5593.9,5471.8,6412.0,4643.1,5849,25602.0,5500.0,6,5500.1,12,5500.2,3,5502.6,1,5502.8,1,5507.3,1,5507.5,1,5509.4,3,5509.6,3,5509.7,3,5506.6
ec2408,,13:39:17.500#,5548.0,5593.9,5471.8,6412.0,4643.1,5849,25602.0,5500.0,6,5500.1,12,5500.2,3,5502.6,1,5502.8,1,5507.3,1,5507.5,1,5509.4,3,5509.5,3,5509.8,3,5506.6
ec2408,,13:39:18.0#,5548.0,5593.9,5471.8,6412.0,4643.1,5849,25602.0,5500.0,6,5500.1,12,5500.2,3,5502.6,1,5502.8,1,5507.3,1,5507.5,1,5509.4,6,5509.8,3,5510.0,4,5506.6
ec2408,,13:39:18.500#,5548.0,5593.9,5471.8,6412.0,4643.1,5849,25602.0,5500.0,6,5500.1,12,5500.2,3,5502.6,1,5502.8,1,5507.3,1,5507.5,1,5509.3,3,5509.4,3,5509.8,3,5506.6
ec2408,,13:39:19.0#,5548.0,5593.9,5471.8,6412.0,4643.1,5849,25602.0,5500.0,6,5500.1,12,5500.2,3,5502.6,1,5502.8,1,5507.3,1,5507.5,1,5509.3,3,5509.4,3,5509.8,3,5506.6
ec2408,,13:39:19.500#,5548.0,5593.9,5471.8,6412.0,4643.1,5849,25602.0,5500.0,6,5500.1,12,5500.2,3,5502.6,1,5502.8,1,5507.3,1,5507.5,1,5509.3,6,5509.4,3,5509.8,3,5506.6
ec2408,,13:39:20.0#,5548.0,5593.9,5471.8,6412.0,4643.1,5849,25602.0,5500.0,9,5500.1,12,5500.2,3,5502.6,1,5502.8,1,5507.3,1,5507.5,1,5509.2,3,5509.4,3,5509.8,3,5506.6
ec2408,,13:39:20.500#,5548.0,5593.9,5471.8,6412.0,4643.1,5849,25602.0,5500.0,9,5500.1,12,5500.2,3,5502.6,1,5502.8,1,5507.3,1,5507.5,1,5509.3,3,5509.4,3,5509.8,3,5506.6
ec2408,,13:39:21.0#,5548.0,5593.9,5471.8,6412.0,4643.1,5849,25602.0,5500.0,6,5500.1,12,5500.2,3,5502.6,1,5502.8,1,5507.3,1,5507.5,1,5509.3,3,5509.4,3,5509.8,3,5506.6
ec2408,,13:39:21.500#,5548.0,5593.9,5471.8,6412.0,4643.1,5849,25602.0,5500.0,6,5500.1,12,5500.2,3,5502.6,1,5502.8,1,5507.3,1,5507.5,1,5509.2,3,5509.3,3,5509.4,3,5506.6
ec2408,,13:39:22.0#,5548.0,5593.9,5471.8,6412.0,4643.1,5849,25602.0,5500.0,8,5500.1,12,5500.2,3,5502.6,1,5502.8,1,5507.3,1,5507.5,1,5509.2,3,5509.4,3,5509.8,3,5506.6
ec2408,,13:39:22.500#,5548.0,5593.9,5471.8,6412.0,4643.1,5849,25602.0,5500.0,8,5500.1,12,5500.2,3,5502.6,1,5502.8,1,5507.3,1,5507.5,1,5509.4,3,5509.7,3,5509.8,3,5506.6
ec2408,,13:39:23.0#,5548.0,5593.9,5471.8,6412.0,4643.1,5849,25602.0,5500.0,5,5500.1,12,5500.2,6,5502.6,1,5502.8,1,5507.3,1,5507.5,1,5509.4,3,5509.6,3,5509.8,3,5506.6
ec2408,,13:39:23.500#,5548.0,5593.9,5471.8,6412.0,4643.1,5849,25602.0,5500.0,5,5500.1,9,5500.2,6,5502.6,1,5502.8,1,5507.3,1,5507.5,1,5508.4,3,5509.4,3,5509.5,3,5506.6
ec2408,,13:39:24.0#,5548.0,5593.9,5471.8,6412.0,4643.1,5849,25602.0,5500.0,5,5500.1,9,5500.2,3,5502.6,1,5502.8,1,5507.3,1,5507.5,1,5509.3,3,5509.4,3,5509.8,3,5506.6
ec2408,,13:39:24.500#,5548.0,5593.9,5471.8,6412.0,4643.1,5850,25603.0,5500.0,5,5500.1,12,5500.2,3,5500.4,3,5502.6,1,5507.3,1,5507.5,1,5509.3,3,5509.4,3,5509.8,3,5502.8
ec2408,,13:39:25.0#,5548.0,5593.9,5471.8,6412.0,4643.1,5850,25603.0,5499.9,3,5500.0,8,5500.1,9,5502.6,1,5502.8,1,5507.3,1,5507.5,1,5507.8,3,5509.4,3,5509.8,3,5502.8
ec2408,,13:39:25.500#,5548.0,5593.9,5471.8,6412.0,4643.1,5850,25603.0,5500.0,5,5500.1,12,5500.2,3,5502.6,1,5502.8,1,5507.3,1,5507.5,1,5508.8,3,5509.3,3,5509.4,3,5502.8
ec2408,,13:39:26.0#,5548.0,5593.9,5471.8,6412.0,4643.1,5850,25603.0,5500.0,5,5500.1,12,5500.2,3,5502.6,1,5502.8,1,5507.3,1,5507.5,1,5509.2,3,5509.4,3,5509.8,3,5502.8
ec2408,,13:39:26.500#,5548.0,5593.9,5471.8,6412.0,4643.1,5850,25603.0,5500.0,5,5500.1,12,5500.2,6,5502.6,1,5502.8,1,5507.3,1,5507.5,1,5509.4,3,5509.7,3,5509.8,3,5502.8
ec2408,,13:39:27.0#,5548.0,5593.9,5471.8,6412.0,4643.1,5850,25603.0,5500.0,5,5500.1,9,5500.2,6,5502.6,1,5502.8,1,5507.3,1,5507.5,1,5509.4,3,5509.6,3,5509.8,3,5502.8
ec2408,,13:39:27.500#,5548.0,5593.9,5471.8,6412.0,4643.1,5850,25603.0,5500.2,3,5500.8,3,5502.5,1,5502.6,1,5502.8,1,5507.3,1,5507.5,1,5509.4,3,5509.5,3,5509.8,3,5502.8
ec2408,,13:39:28.0#,5548.0,5593.9,5471.8,6412.0,4643.1,5850,25603.0,5500.1,9,5500.2,12,5502.5,1,5502.6,1,5502.8,1,5507.3,1,5507.5,1,5509.4,6,5509.8,6,5510.0,4,5502.8
ec2408,,13:39:28.500#,5548.0,5593.9,5471.8,6412.0,4643.1,5850,25603.0,5500.2,9,5500.7,3,5502.5,1,5502.6,1,5502.8,1,5507.3,1,5507.5,1,5509.3,3,5509.4,3,5509.8,6,5502.8
ec2408,,13:39:29.0#,5548.0,5593.9,5471.8,6412.0,4643.1,5850,25603.0,5500.2,9,5500.5,3,5502.5,1,5502.6,1,5502.8,1,5507.3,1,5507.5,1,5509.3,3,5509.4,3,5509.8,6,5502.8
ec2408,,13:39:29.500#,5548.0,5593.9,5471.8,6412.0,4643.1,5850,25603.0,5500.1,12,5500.2,9,5502.5,1,5502.6,1,5502.8,1,5507.3,1,5507.5,1,5509.3,3,5509.4,3,5509.8,6,5502.8
ec2408,,13:39:30.0#,5548.0,5593.9,5471.8,6412.0,4643.1,5850,25603.0,5500.2,6,5500.7,3,5502.5,1,5502.6,1,5502.8,1,5507.3,1,5507.5,1,5509.4,3,5509.7,3,5509.8,6,5502.8
ec2408,,13:39:30.500#,5548.0,5593.9,5471.8,6412.0,4643.1,5850,25603.0,5500.2,9,5500.4,3,5502.5,1,5502.6,1,5502.8,1,5507.3,1,5507.5,1,5509.4,3,5509.6,3,5509.8,6,5502.8
ec2408,,13:39:31.0#,5548.0,5593.9,5471.8,6412.0,4643.1,5850,25603.0,5500.1,9,5500.2,9,5502.5,1,5502.6,1,5502.8,1,5507.3,1,5507.5,1,5509.4,3,5509.5,3,5509.8,6,5502.8
ec2408,,13:39:31.500#,5548.0,5593.9,5471.8,6412.0,4643.1,5850,25603.0,5500.2,9,5502.5,1,5502.6,1,5502.8,1,5503.0,1,5507.3,1,5507.5,1,5509.4,6,5509.8,3,5510.0,4,5502.8
ec2408,,13:39:32.0#,5548.0,5593.9,5471.8,6412.0,4643.1,5850,25603.0,5500.2,9,5500.3,3,5502.5,1,5502.6,1,5503.0,2,5507.3,1,5507.5,1,5509.3,3,5509.4,3,5509.9,3,5502.8
ec2408,,13:39:32.500#,5548.0,5593.9,5471.8,6412.0,4643.1,5850,25603.0,5500.2,9,5500.3,3,5502.5,1,5502.6,1,5503.0,2,5507.3,1,5507.5,1,5509.3,3,5509.4,3,5509.9,3,5502.8
ec2408,,13:39:33.0#,5548.0,5593.9,5471.8,6412.0,4643.1,5850,25603.0,5500.2,9,5500.3,3,5502.5,1,5502.6,1,5503.0,2,5507.3,1,5507.5,1,5509.3,3,5509.4,3,5509.9,3,5502.8
ec2408,,13:39:33.500#,5548.0,5593.9,5471.8,6412.0,4643.1,5850,25603.0,5500.2,9,5500.3,3,5502.5,1,5502.6,1,5503.0,2,5507.3,1,5507.5,1,5509.4,3,5509.8,3,5509.9,3,5502.8
ec2408,,13:39:34.0#,5548.0,5593.9,5471.8,6412.0,4643.1,5850,25603.0,5500.2,9,5500.3,3,5502.5,1,5502.6,1,5503.0,2,5507.3,1,5507.5,1,5509.4,3,5509.7,3,5509.9,3,5502.8
ec2408,,13:39:34.500#,5548.0,5593.9,5471.8,6412.0,4643.1,5850,25603.0,5500.2,9,5500.3,3,5502.5,1,5502.6,1,5503.0,2,5507.3,1,5507.5,1,5509.4,3,5509.6,3,5509.9,3,5502.8
ec2408,,13:39:35.0#,5548.0,5593.9,5471.8,6412.0,4643.1,5850,25603.0,5500.2,12,5500.3,3,5502.5,1,5502.6,1,5503.0,2,5507.3,1,5507.5,1,5509.4,3,5509.5,3,5509.9,6,5502.8
ec2408,,13:39:35.500#,5548.0,5593.9,5471.8,6412.0,4643.1,5850,25603.0,5500.2,9,5500.3,3,5502.5,1,5502.6,1,5503.0,3,5507.3,1,5507.5,1,5509.4,3,5509.8,3,5509.9,3,5502.8
ec2408,,13:39:36.0#,5548.0,5593.9,5471.8,6412.0,4643.1,5850,25603.0,5500.2,6,5500.3,6,5502.5,1,5502.6,1,5503.0,3,5507.3,1,5507.5,1,5509.4,3,5509.8,3,5509.9,3,5502.8
ec2408,,13:39:36.500#,5548.0,5593.9,5471.8,6412.0,4643.1,5850,25603.0,5500.3,6,5500.7,3,5502.5,1,5502.6,1,5503.0,3,5507.3,1,5507.5,1,5509.4,3,5509.7,3,5509.9,3,5502.8
ec2408,,13:39:37.0#,5548.0,5593.9,5471.8,6412.0,4643.1,5850,25603.0,5500.3,6,5500.4,3,5502.5,1,5502.6,1,5503.0,3,5507.3,1,5507.5,1,5509.4,3,5509.6,3,5509.9,6,5502.8
ec2408,,13:39:37.500#,5548.0,5593.9,5471.8,6412.0,4643.1,5850,25603.0,5500.2,9,5500.3,3,5502.5,1,5502.6,1,5503.0,3,5507.3,1,5507.5,1,5509.4,3,5509.5,3,5510.1,7,5502.8
ec2408,,13:39:38.0#,5548.0,5593.9,5471.8,6412.0,4643.1,5853,25601.0,5500.1,3,5500.2,3,5500.3,6,5502.5,1,5502.6,1,5503.0,2,5507.3,1,5507.5,1,5507.8,3,5509.4,3,5503.0
ec2408,,13:39:38.500#,5548.0,5593.9,5471.8,6412.0,4643.1,5854,25601.0,5498.2,1,5498.6,1,5499.0,9,5500.0,6,5502.5,1,5503.0,2,5507.0,3,5507.3,1,5507.5,1,5507.7,10,5502.6
ec2408,,13:39:39.0#,5548.0,5593.9,5471.8,6412.0,4643.1,5854,25601.0,5498.2,1,5498.6,1,5499.0,9,5500.0,6,5502.5,1,5503.0,2,5507.0,3,5507.3,1,5507.4,3,5507.5,4,5502.6
ec2408,,13:39:39.500#,5548.0,5593.9,5471.8,6412.0,4643.1,5854,25601.0,5498.2,1,5498.6,1,5499.0,9,5500.0,6,5502.5,1,5503.0,2,5507.0,3,5507.3,1,5507.4,3,5507.5,7,5502.6
ec2408,,13:39:40.0#,5548.0,5593.9,5471.8,6412.0,4643.1,5855,25600.0,5498.1,1,5498.2,1,5498.6,1,5499.0,9,5500.0,6,5503.0,2,5507.0,3,5507.3,1,5507.4,3,5507.5,7,5502.5
ec2408,,13:39:40.500#,5548.0,5593.9,5471.8,6412.0,4643.1,5855,25600.0,5498.1,1,5498.2,1,5498.6,1,5499.0,9,5500.0,6,5503.0,2,5505.7,3,5505.9,3,5506.4,6,5506.5,3,5502.5
ec2408,,13:39:41.0#,5548.0,5593.9,5471.8,6412.0,4643.1,5857,25598.0,5499.0,9,5499.6,3,5500.0,6,5500.1,1,5503.0,4,5506.3,3,5506.4,3,5506.5,3,5506.6,3,5507.3,1,5503.0
ec2408,,13:39:41.500#,5548.0,5593.9,5471.8,6412.0,4643.1,5857,25598.0,5499.8,3,5500.0,6,5500.1,1,5500.3,3,5503.0,4,5506.2,1,5507.5,1,5508.5,3,5509.0,3,5509.6,7,5503.0
ec2408,,13:39:42.0#,5548.0,5593.9,5471.8,6412.0,4643.1,5857,25598.0,5500.0,6,5500.2,3,5500.5,3,5503.0,4,5503.2,1,5506.1,2,5507.3,1,5507.5,1,5508.5,3,5509.6,9,5503.0
ec2408,,13:39:42.500#,5548.0,5593.9,5471.8,6412.0,4643.1,5857,25598.0,5499.7,1,5499.8,3,5499.9,3,5500.0,6,5503.0,4,5506.0,1,5507.5,1,5508.5,3,5508.8,3,5509.2,3,5503.0
ec2408,,13:39:43.0#,5548.0,5593.9,5471.8,6412.0,4643.1,5857,25598.0,5500.0,6,5500.3,6,5500.5,3,5503.0,4,5503.2,1,5507.3,1,5507.5,1,5509.3,3,5509.4,3,5509.5,3,5503.0
ec2408,,13:39:43.500#,5548.0,5593.9,5471.8,6412.0,4643.1,5857,25598.0,5500.3,3,5500.4,6,5500.5,6,5501.3,3,5503.0,4,5507.3,1,5507.5,1,5509.2,3,5509.8,3,5510.0,6,5503.0
ec2408,,13:39:44.0#,5548.0,5593.9,5471.8,6412.0,4643.1,5857,25598.0,5500.3,3,5500.4,3,5500.5,6,5503.0,4,5503.2,1,5507.2,1,5507.3,1,5507.5,1,5509.2,3,5509.8,3,5503.0
ec2408,,13:39:44.500#,5548.0,5593.9,5471.8,6412.0,4643.1,5857,25598.0,5500.1,3,5500.2,2,5500.3,7,5500.5,6,5503.0,4,5503.2,5,5507.0,1,5507.2,1,5507.5,1,5509.7,3,5503.0
ec2408,,13:39:45.0#,5548.0,5593.9,5471.8,6412.0,4643.1,5860,25598.0,5498.6,1,5499.0,9,5499.2,3,5500.0,6,5503.0,4,5503.2,2,5507.0,1,5507.1,3,5507.2,1,5507.5,1,5503.2
ec2408,,13:39:45.500#,5548.0,5593.9,5471.8,6412.0,4643.1,5862,25598.0,5498.7,3,5499.0,9,5499.2,3,5500.0,6,5503.0,4,5504.4,3,5507.0,1,5507.1,3,5507.2,1,5507.5,1,5503.2
ec2408,,13:39:46.0#,5548.0,5593.9,5471.8,6412.0,4643.1,5862,25598.0,5498.7,5,5498.8,4,5499.0,12,5500.0,9,5503.0,5,5504.4,3,5507.0,1,5507.2,1,5507.5,1,5507.6,3,5503.2
ec2408,,13:39:46.500#,5548.0,5593.9,5471.8,6412.0,4643.1,5862,25598.0,5498.8,4,5499.0,12,5500.0,12,5500.1,3,5503.0,5,5507.0,1,5507.2,1,5507.5,1,5508.5,3,5508.6,3,5503.2
ec2408,,13:39:47.0#,5548.0,5593.9,5471.8,6412.0,4643.1,5862,25598.0,5499.0,9,5499.1,3,5500.0,14,5500.1,10,5503.0,5,5507.0,1,5507.2,1,5507.5,1,5508.9,3,5509.3,3,5503.2
ec2408,,13:39:47.500#,5548.0,5593.9,5471.8,6412.0,4643.1,5862,25598.0,5499.0,9,5499.1,3,5500.0,14,5500.1,10,5503.0,5,5506.9,3,5507.0,1,5507.2,1,5507.5,1,5508.9,3,5503.2
ec2408,,13:39:48.0#,5548.0,5593.9,5471.8,6412.0,4643.1,5862,25598.0,5499.0,9,5499.1,3,5500.0,15,5500.1,6,5503.0,5,5506.9,3,5507.0,1,5507.2,1,5507.5,1,5508.9,3,5503.2
ec2408,,13:39:48.500#,5548.0,5593.9,5471.8,6412.0,4643.1,5862,25598.0,5499.0,9,5499.1,3,5500.0,15,5500.1,6,5503.0,5,5506.9,3,5507.0,1,5507.2,1,5507.5,1,5508.9,3,5503.2
ec2408,,13:39:49.0#,5548.0,5593.9,5471.8,6412.0,4643.1,5862,25598.0,5499.0,9,5499.1,3,5500.0,15,5500.1,6,5503.0,5,5506.9,3,5507.0,1,5507.2,1,5507.5,1,5508.6,3,5503.2
ec2408,,13:39:49.500#,5548.0,5593.9,5471.8,6412.0,4643.1,5862,25598.0,5499.1,3,5499.9,3,5500.0,15,5500.1,6,5503.0,5,5506.9,3,5507.0,1,5507.2,1,5507.5,1,5508.9,3,5503.2
ec2408,,13:39:50.0#,5548.0,5593.9,5471.8,6412.0,4643.1,5862,25598.0,5499.0,9,5499.1,3,5500.0,15,5500.1,9,5503.0,5,5506.9,3,5507.0,1,5507.2,1,5507.5,1,5508.9,3,5503.2
ec2408,,13:39:50.500#,5548.0,5593.9,5471.8,6412.0,4643.1,5862,25598.0,5499.1,3,5499.6,3,5500.0,15,5500.1,6,5503.0,5,5506.9,3,5507.0,1,5507.2,1,5507.5,1,5508.9,3,5503.2
ec2408,,13:39:51.0#,5548.0,5593.9,5471.8,6412.0,4643.1,5865,25595.0,5498.6,1,5499.0,9,5500.0,15,5500.1,6,5503.0,5,5507.0,1,5507.2,1,5507.5,1,5509.3,3,5509.7,3,5506.9
ec2408,,13:39:51.500#,5548.0,5593.9,5471.8,6412.0,4643.1,5865,25595.0,5498.6,1,5499.0,9,5500.0,12,5500.1,10,5503.0,5,5506.9,1,5507.0,1,5507.2,1,5507.5,1,5509.3,3,5506.9
ec2408,,13:39:52.0#,5548.0,5593.9,5471.8,6412.0,4643.1,5865,25595.0,5499.1,3,5500.0,16,5500.1,6,5500.2,3,5503.0,6,5506.9,1,5507.0,1,5507.2,1,5507.5,1,5509.2,3,5506.9
ec2408,,13:39:52.500#,5548.0,5593.9,5471.8,6412.0,4643.1,5865,25595.0,5499.8,3,5500.0,17,5500.1,3,5500.2,3,5503.0,6,5506.9,1,5507.0,1,5507.2,1,5507.5,1,5509.1,3,5506.9
ec2408,,13:39:53.0#,5548.0,5593.9,5471.8,6412.0,4643.1,5865,25595.0,5499.1,3,5499.9,3,5500.0,17,5500.1,3,5503.0,6,5506.9,1,5507.0,1,5507.2,1,5507.5,1,5509.0,3,5506.9
ec2408,,13:39:53.500#,5548.0,5593.9,5471.8,6412.0,4643.1,5870,25590.0,5499.1,3,5499.9,3,5500.0,17,5500.1,6,5503.0,1,5506.9,1,5507.0,1,5507.2,1,5507.5,1,5509.0,3,5503.0
ec2408,,13:39:54.0#,5548.0,5593.9,5471.8,6412.0,4643.1,5870,25590.0,5498.9,3,5499.0,9,5500.0,14,5500.1,3,5500.3,1,5506.9,1,5507.0,1,5507.2,1,5507.5,1,5508.2,3,5503.0
ec2408,,13:39:54.500#,5548.0,5593.9,5471.8,6412.0,4643.1,5870,25590.0,5498.7,4,5498.9,3,5499.0,9,5500.0,8,5500.3,1,5506.5,1,5506.9,1,5507.0,1,5507.2,1,5507.5,1,5503.0
ec2408,,13:39:55.0#,5548.0,5593.9,5471.8,6412.0,4643.1,5870,25590.0,5498.9,3,5499.0,9,5499.9,3,5500.0,8,5500.3,1,5506.3,2,5506.9,1,5507.2,1,5507.4,3,5507.5,1,5503.0
ec2408,,13:39:55.500#,5548.0,5593.9,5471.8,6412.0,4643.1,5870,25590.0,5498.6,1,5498.9,3,5499.0,12,5500.0,8,5500.3,1,5506.3,1,5507.2,1,5507.4,3,5507.5,1,5508.2,7,5503.0
ec2408,,13:39:56.0#,5548.0,5593.9,5471.8,6412.0,4643.1,5870,25590.0,5498.6,1,5498.9,3,5499.0,9,5500.0,8,5500.3,1,5506.3,1,5507.2,1,5507.4,3,5507.5,1,5508.0,3,5503.0
ec2408,,13:39:56.500#,5548.0,5593.9,5471.8,6412.0,4643.1,5870,25590.0,5499.9,3,5500.0,8,5500.2,3,5500.3,1,5503.5,5,5506.3,1,5507.1,1,5507.2,1,5507.5,1,5508.2,6,5503.0
ec2408,,13:39:57.0#,5548.0,5593.9,5471.8,6412.0,4643.1,5870,25590.0,5500.0,12,5500.2,3,5500.3,4,5500.5,3,5503.5,5,5507.0,1,5507.1,1,5507.2,1,5507.5,1,5508.8,3,5503.0
ec2408,,13:39:57.500#,5548.0,5593.9,5471.8,6412.0,4643.1,5870,25590.0,5500.2,3,5500.3,7,5500.4,6,5500.5,3,5503.5,5,5507.0,1,5507.2,1,5507.5,1,5508.8,3,5509.8,3,5503.0
ec2408,,13:39:58.0#,5548.0,5593.9,5471.8,6412.0,4643.1,5871,25591.0,5500.2,3,5500.3,7,5500.4,6,5500.5,3,5503.5,4,5507.0,1,5507.2,1,5507.5,1,5508.8,3,5509.8,3,5503.4
ec2408,,13:39:58.500#,5548.0,5593.9,5471.8,6412.0,4643.1,5872,25592.0,5500.2,3,5500.3,4,5500.4,12,5500.5,3,5503.5,3,5506.9,1,5507.0,1,5507.2,1,5507.5,1,5508.8,3,5503.4
ec2408,,13:39:59.0#,5548.0,5593.9,5471.8,6412.0,4643.1,5872,25592.0,5500.2,5,5500.3,2,5500.4,6,5500.5,3,5503.5,3,5506.9,1,5507.0,1,5507.2,1,5507.5,1,5508.8,3,5503.4
ec2408,,13:39:59.500#,5548.0,5593.9,5471.8,6412.0,4643.1,5872,25592.0,5500.2,5,5500.3,2,5500.4,6,5500.5,3,5503.5,3,5506.9,1,5507.0,1,5507.2,1,5507.5,1,5508.8,3,5503.4
ec2408,,13:40:00.0#,5548.0,5593.9,5471.8,6412.0,4643.1,5872,25592.0,5500.2,5,5500.3,2,5500.4,6,5500.5,6,5503.5,3,5506.8,2,5506.9,1,5507.0,1,5507.2,1,5507.5,1,5503.4
ec2408,,13:40:00.500#,5548.0,5593.9,5471.8,6412.0,4643.1,5872,25592.0,5500.2,3,5500.3,4,5500.4,3,5500.5,3,5503.5,3,5506.6,1,5507.2,1,5507.5,1,5508.8,3,5509.8,3,5503.4
ec2408,,13:40:01.0#,5548.0,5593.9,5471.8,6412.0,4643.1,5875,25592.0,5500.0,8,5500.1,4,5500.2,3,5500.3,4,5500.5,3,5503.5,3,5506.5,2,5507.0,4,5507.2,1,5507.5,1,5503.5
ec2408,,13:40:01.500#,5548.0,5593.9,5471.8,6412.0,4643.1,5875,25592.0,5498.2,1,5498.6,1,5499.0,9,5500.0,8,5500.1,1,5503.3,1,5503.5,3,5503.9,1,5506.1,3,5506.7,6,5503.5
ec2408,,13:40:02.0#,5548.0,5593.9,5471.8,6412.0,4643.1,5875,25592.0,5498.2,1,5498.6,1,5499.0,9,5500.0,8,5500.1,1,5503.3,1,5503.5,3,5503.9,1,5506.0,3,5506.1,3,5503.5
ec2408,,13:40:02.500#,5548.0,5593.9,5471.8,6412.0,4643.1,5875,25592.0,5498.2,1,5498.6,1,5499.0,9,5500.0,8,5500.1,1,5503.3,1,5503.5,3,5503.9,1,5506.0,3,5506.1,3,5503.5
ec2408,,13:40:03.0#,5548.0,5593.9,5471.8,6412.0,4643.1,5875,25592.0,5498.2,1,5498.6,1,5499.0,9,5500.0,8,5500.1,1,5503.3,1,5503.5,3,5503.9,1,5506.0,3,5506.1,3,5503.5
ec2408,,13:40:03.500#,5548.0,5593.9,5471.8,6412.0,4643.1,5875,25592.0,5498.2,1,5498.6,1,5499.0,9,5500.0,8,5500.1,1,5503.2,1,5503.3,1,5503.5,8,5503.9,1,5505.6,3,5503.5
ec2408,,13:40:04.0#,5548.0,5593.9,5471.8,6412.0,4643.1,5878,25591.0,5498.1,1,5498.2,1,5498.6,1,5499.0,9,5500.0,7,5503.0,2,5503.2,1,5503.5,8,5503.9,1,5505.1,3,5500.0
ec2408,,13:40:04.500#,5548.0,5593.9,5471.8,6412.0,4643.1,5879,25590.0,5498.1,1,5498.2,1,5498.6,1,5499.0,9,5500.0,6,5502.1,1,5502.8,1,5503.0,1,5503.5,8,5503.9,1,5500.0
ec2408,,13:40:05.0#,5548.0,5593.9,5471.8,6412.0,4643.1,5879,25590.0,5498.1,1,5498.2,1,5498.6,1,5499.0,9,5500.0,6,5500.1,2,5500.9,1,5502.1,1,5503.0,1,5503.5,8,5500.0
ec2408,,13:40:05.500#,5548.0,5593.9,5471.8,6412.0,4643.1,5885,25585.0,5498.0,3,5498.1,1,5498.2,1,5498.6,1,5499.0,9,5500.0,3,5500.1,2,5500.9,1,5502.1,4,5503.0,1,5500.0
ec2408,,13:40:06.0#,5548.0,5593.9,5471.8,6412.0,4643.1,5888,25582.0,5498.0,3,5498.1,1,5498.2,1,5498.6,1,5499.0,6,5500.0,3,5500.1,2,5500.9,1,5502.1,1,5503.0,4,5499.0
ec2408,,13:40:06.500#,5548.0,5593.9,5471.8,6412.0,4643.1,5894,25581.0,5497.9,7,5498.0,3,5498.1,1,5498.2,1,5498.6,1,5500.0,3,5500.1,2,5500.9,1,5502.1,1,5503.0,7,5499.0
ec2408,,13:40:07.0#,5548.0,5593.9,5471.8,6412.0,4643.1,5894,25581.0,5497.9,7,5498.0,3,5498.1,1,5498.2,1,5498.6,1,5500.0,3,5500.1,2,5500.9,1,5502.1,1,5503.0,7,5499.0
ec2408,,13:40:07.500#,5548.0,5593.9,5471.8,6412.0,4643.1,5894,25581.0,5497.9,7,5498.0,3,5498.1,1,5498.2,1,5498.6,1,5499.0,2,5500.0,3,5500.9,1,5502.1,1,5502.7,3,5499.0
ec2408,,13:40:08.0#,5548.0,5593.9,5471.8,6412.0,4643.1,5894,25581.0,5497.9,7,5498.0,3,5498.1,1,5498.2,1,5498.6,1,5499.0,2,5500.0,3,5500.9,1,5502.1,1,5502.7,3,5499.0
ec2408,,13:40:08.500#,5548.0,5593.9,5471.8,6412.0,4643.1,5894,25581.0,5497.9,7,5498.0,3,5498.1,1,5498.2,1,5498.6,1,5499.0,2,5500.0,3,5500.9,1,5502.1,1,5502.7,3,5499.0
ec2408,,13:40:09.0#,5548.0,5593.9,5471.8,6412.0,4643.1,5894,25581.0,5498.0,3,5498.1,1,5498.2,1,5498.6,1,5498.7,1,5499.0,2,5500.0,3,5501.7,3,5502.7,3,5503.0,4,5499.0
ec2408,,13:40:09.500#,5548.0,5593.9,5471.8,6412.0,4643.1,5894,25581.0,5498.0,3,5498.1,1,5498.2,1,5498.6,1,5498.7,1,5499.0,2,5500.0,3,5502.7,3,5503.0,1,5503.5,8,5499.0
ec2408,,13:40:10.0#,5548.0,5593.9,5471.8,6412.0,4643.1,5894,25581.0,5498.0,3,5498.1,1,5498.2,1,5498.6,1,5498.7,1,5499.0,2,5500.0,3,5502.7,3,5503.0,1,5503.5,8,5499.0
ec2408,,13:40:10.500#,5548.0,5593.9,5471.8,6412.0,4643.1,5894,25581.0,5498.0,3,5498.1,1,5498.2,1,5498.6,1,5498.7,1,5499.0,2,5500.0,3,5502.7,3,5503.0,1,5503.5,8,5499.0
ec2408,,13:40:11.0#,5548.0,5593.9,5471.8,6412.0,4643.1,5894,25581.0,5498.0,3,5498.1,1,5498.2,1,5498.6,1,5498.7,1,5499.0,2,5500.0,3,5502.7,3,5503.0,1,5503.5,8,5499.0
ec2408,,13:40:11.500#,5548.0,5593.9,5471.8,6412.0,4643.1,5894,25581.0,5498.0,3,5498.1,1,5498.2,1,5498.6,1,5498.7,1,5499.0,2,5500.0,3,5502.0,3,5502.7,3,5503.0,1,5499.0
ec2408,,13:40:12.0#,5548.0,5593.9,5471.8,6412.0,4643.1,5894,25581.0,5498.0,3,5498.1,1,5498.2,1,5498.6,1,5498.7,1,5499.0,2,5500.0,3,5502.7,3,5503.0,1,5503.5,8,5499.0
ec2408,,13:40:12.500#,5548.0,5593.9,5471.8,6412.0,4643.1,5894,25581.0,5498.0,3,5498.1,1,5498.2,1,5498.6,1,5498.7,1,5499.0,2,5500.0,3,5502.7,3,5503.0,1,5503.5,8,5499.0
ec2408,,13:40:13.0#,5548.0,5593.9,5471.8,6412.0,4643.1,5894,25581.0,5498.0,3,5498.1,1,5498.2,1,5498.6,1,5498.7,1,5499.0,2,5500.0,3,5502.7,3,5503.0,1,5503.5,8,5499.0
ec2408,,13:40:13.500#,5548.0,5593.9,5471.8,6412.0,4643.1,5894,25581.0,5498.0,3,5498.1,1,5498.2,1,5498.6,1,5498.7,1,5499.0,2,5500.0,3,5502.7,3,5503.0,1,5503.5,8,5499.0
ec2408,,13:40:14.0#,5548.0,5593.9,5471.8,6412.0,4643.1,5894,25581.0,5498.0,3,5498.1,1,5498.2,1,5498.6,1,5498.7,1,5499.0,2,5500.0,3,5502.7,3,5503.0,1,5503.5,8,5499.0
ec2408,,13:40:14.500#,5548.0,5593.9,5471.8,6412.0,4643.1,5894,25581.0,5498.0,3,5498.1,1,5498.2,1,5498.6,1,5498.7,1,5499.0,2,5500.0,3,5502.7,3,5503.0,1,5503.5,8,5499.0
ec2408,,13:40:15.0#,5548.0,5593.9,5471.8,6412.0,4643.1,5895,25582.0,5497.9,7,5498.0,3,5498.1,1,5498.2,1,5498.6,1,5499.0,2,5500.0,3,5502.7,3,5503.0,1,5503.5,8,5498.7
ec2408,,13:40:15.500#,5548.0,5593.9,5471.8,6412.0,4643.1,5895,25582.0,5497.9,7,5498.0,3,5498.1,1,5498.2,1,5498.6,1,5499.0,2,5500.0,3,5502.7,3,5503.0,1,5503.5,14,5498.7
ec2408,,13:40:16.0#,5548.0,5593.9,5471.8,6412.0,4643.1,5895,25582.0,5497.9,7,5498.0,3,5498.1,1,5498.2,1,5498.6,1,5499.0,2,5500.0,3,5502.7,3,5503.0,1,5503.5,14,5498.7
ec2408,,13:40:16.500#,5548.0,5593.9,5471.8,6412.0,4643.1,5895,25582.0,5497.9,7,5498.0,3,5498.1,1,5498.2,1,5498.6,1,5499.0,2,5500.0,3,5502.7,3,5503.0,1,5503.5,14,5498.7
ec2408,,13:40:17.0#,5548.0,5593.9,5471.8,6412.0,4643.1,5897,25582.0,5496.8,1,5497.9,7,5498.0,3,5498.1,1,5498.2,1,5499.0,1,5500.0,3,5503.0,1,5503.4,3,5503.5,14,5499.0
ec2408,,13:40:17.500#,5548.0,5593.9,5471.8,6412.0,4643.1,5898,25582.0,5496.8,1,5497.9,7,5498.0,3,5498.1,1,5498.2,1,5500.0,3,5502.7,3,5503.0,1,5503.4,3,5503.5,11,5499.0
ec2408,,13:40:18.0#,5548.0,5593.9,5471.8,6412.0,4643.1,5898,25582.0,5496.8,1,5497.9,7,5498.0,3,5498.1,1,5498.2,1,5500.0,3,5502.7,3,5503.0,1,5503.5,8,5503.7,3,5499.0
ec2408,,13:40:18.500#,5548.0,5593.9,5471.8,6412.0,4643.1,5899,25583.0,5496.0,3,5496.8,1,5497.9,7,5498.0,3,5498.1,1,5500.0,3,5502.7,3,5503.0,1,5503.3,3,5503.5,8,5498.2
ec2408,,13:40:19.0#,5548.0,5593.9,5471.8,6412.0,4643.1,5899,25583.0,5496.0,3,5496.8,1,5497.9,7,5498.0,3,5498.1,1,5500.0,3,5502.9,3,5503.0,1,5503.5,8,5503.6,3,5498.2
ec2408,,13:40:19.500#,5548.0,5593.9,5471.8,6412.0,4643.1,5899,25583.0,5496.0,3,5496.8,1,5497.9,7,5498.0,3,5498.1,1,5500.0,3,5502.9,3,5503.0,1,5503.5,8,5503.7,3,5498.2
ec2408,,13:40:20.0#,5548.0,5593.9,5471.8,6412.0,4643.1,5899,25583.0,5496.0,3,5496.8,1,5497.9,7,5498.0,3,5498.1,1,5500.0,3,5502.9,3,5503.0,1,5503.5,8,5503.7,3,5498.2
ec2408,,13:40:20.500#,5548.0,5593.9,5471.8,6412.0,4643.1,5899,25583.0,5496.0,3,5496.8,1,5497.9,7,5498.0,3,5498.1,1,5500.0,3,5502.9,3,5503.0,1,5503.5,8,5503.7,3,5498.2
ec2408,,13:40:21.0#,5548.0,5593.9,5471.8,6412.0,4643.1,5899,25583.0,5496.0,3,5496.8,1,5497.9,7,5498.0,3,5498.1,1,5500.0,3,5502.9,3,5503.0,1,5503.5,8,5503.6,3,5498.2
ec2408,,13:40:21.500#,5548.0,5593.9,5471.8,6412.0,4643.1,5899,25583.0,5496.0,3,5496.8,1,5497.9,7,5498.0,3,5498.1,1,5500.0,3,5502.9,3,5503.0,1,5503.5,8,5503.7,3,5498.2
ec2408,,13:40:22.0#,5548.0,5593.9,5471.8,6412.0,4643.1,5900,25582.0,5496.0,3,5496.8,1,5497.9,7,5498.0,3,5498.1,1,5500.0,7,5503.0,1,5503.4,3,5503.5,8,5503.7,3,5500.0
ec2408,,13:40:22.500#,5548.0,5593.9,5471.8,6412.0,4643.1,5900,25582.0,5496.0,3,5496.8,1,5497.9,7,5498.0,3,5498.1,1,5500.0,7,5503.0,1,5503.4,3,5503.5,8,5503.7,3,5500.0
ec2408,,13:40:23.0#,5548.0,5593.9,5471.8,6412.0,4643.1,5900,25582.0,5496.0,3,5496.8,1,5497.9,7,5498.0,3,5498.1,1,5500.0,7,5503.0,1,5503.4,3,5503.5,8,5503.7,3,5500.0
ec2408,,13:40:23.500#,5548.0,5593.9,5471.8,6412.0,4643.1,5900,25582.0,5496.0,3,5496.8,1,5497.9,7,5498.0,3,5498.1,1,5500.0,7,5503.0,1,5503.4,3,5503.5,8,5503.7,3,5500.0
ec2408,,13:40:24.0#,5548.0,5593.9,5471.8,6412.0,4643.1,5900,25582.0,5496.0,3,5496.8,1,5497.9,7,5498.0,3,5498.1,1,5500.0,7,5502.9,3,5503.0,1,5503.5,3,5503.7,3,5500.0
ec2408,,13:40:24.500#,5548.0,5593.9,5471.8,6412.0,4643.1,5900,25582.0,5496.0,3,5496.8,1,5497.9,7,5498.0,3,5498.1,1,5500.0,7,5502.9,3,5503.0,1,5503.5,3,5503.7,3,5500.0
ec2408,,13:40:25.0#,5548.0,5593.9,5471.8,6412.0,4643.1,5900,25582.0,5496.0,3,5496.8,1,5497.9,7,5498.0,3,5498.1,1,5500.0,7,5502.9,3,5503.0,1,5503.5,3,5503.7,3,5500.0
ec2408,,13:40:25.500#,5548.0,5593.9,5471.8,6412.0,4643.1,5900,25582.0,5496.0,3,5496.8,1,5497.9,7,5498.0,3,5498.1,1,5500.0,7,5502.9,3,5503.0,1,5503.5,3,5503.7,3,5500.0
ec2408,,13:40:26.0#,5548.0,5593.9,5471.8,6412.0,4643.1,5900,25582.0,5496.0,3,5496.8,1,5497.9,7,5498.0,3,5498.1,1,5500.0,7,5502.9,3,5503.0,1,5503.5,3,5503.7,3,5500.0
ec2408,,13:40:26.500#,5548.0,5593.9,5471.8,6412.0,4643.1,5900,25582.0,5496.0,3,5496.8,1,5497.9,7,5498.0,3,5498.1,1,5500.0,7,5502.9,3,5503.0,1,5503.5,3,5503.7,3,5500.0
ec2408,,13:40:27.0#,5548.0,5593.9,5471.8,6412.0,4643.1,5900,25582.0,5496.8,1,5497.9,7,5498.0,3,5498.1,1,5498.5,1,5500.0,7,5502.9,3,5503.0,1,5503.5,3,5503.7,3,5500.0
ec2408,,13:40:27.500#,5548.0,5593.9,5471.8,6412.0,4643.1,5900,25582.0,5496.8,1,5497.9,7,5498.0,3,5498.1,1,5498.5,1,5500.0,7,5502.9,3,5503.0,1,5503.5,3,5503.7,3,5500.0
ec2408,,13:40:28.0#,5548.0,5593.9,5471.8,6412.0,4643.1,5900,25582.0,5496.8,1,5497.9,7,5498.0,3,5498.1,1,5498.5,1,5500.0,7,5502.9,3,5503.0,1,5503.5,3,5503.7,3,5500.0
ec2408,,13:40:28.500#,5548.0,5593.9,5471.8,6412.0,4643.1,5907,25575.0,5497.9,7,5498.0,3,5498.1,1,5498.5,1,5500.0,1,5502.9,3,5503.0,1,5503.5,3,5503.7,3,5504.0,3,5500.0
ec2408,,13:40:29.0#,5548.0,5593.9,5471.8,6412.0,4643.1,5907,25575.0,5497.9,7,5498.0,3,5498.1,1,5498.5,1,5500.0,1,5503.5,3,5506.3,6,5506.7,3,5507.5,1,5510.2,1,5500.0
ec2408,,13:40:29.500#,5548.0,5593.9,5471.8,6412.0,4643.1,5907,25575.0,5497.9,7,5498.0,3,5498.1,1,5498.2,1,5498.5,1,5503.4,1,5503.5,3,5506.2,3,5506.3,3,5506.6,3,5500.0
ec2408,,13:40:30.0#,5548.0,5593.9,5471.8,6412.0,4643.1,5907,25575.0,5498.0,3,5498.1,1,5498.2,1,5498.5,1,5498.7,1,5503.4,1,5503.5,3,5505.3,3,5505.9,6,5506.1,6,5500.0
ec2408,,13:40:30.500#,5548.0,5593.9,5471.8,6412.0,4643.1,5907,25575.0,5498.0,3,5498.1,1,5498.2,1,5498.5,1,5498.7,1,5503.4,1,5503.5,3,5505.2,3,5505.3,3,5505.8,3,5500.0
ec2408,,13:40:31.0#,5548.0,5593.9,5471.8,6412.0,4643.1,5907,25575.0,5498.0,3,5498.1,1,5498.2,1,5498.5,1,5498.7,1,5503.4,1,5503.5,3,5505.2,3,5505.3,3,5505.8,3,5500.0
ec2408,,13:40:31.500#,5548.0,5593.9,5471.8,6412.0,4643.1,5907,25575.0,5498.0,3,5498.1,1,5498.2,1,5498.5,1,5498.7,1,5503.4,1,5503.5,3,5505.2,3,5505.3,3,5505.8,3,5500.0
ec2408,,13:40:32.0#,5548.0,5593.9,5471.8,6412.0,4643.1,5907,25575.0,5498.0,3,5498.1,1,5498.2,1,5498.5,1,5498.7,1,5503.4,1,5503.5,3,5505.2,3,5505.3,3,5505.8,3,5500.0
ec2408,,13:40:32.500#,5548.0,5593.9,5471.8,6412.0,4643.1,5907,25575.0,5498.1,1,5498.2,1,5498.5,1,5498.7,1,5498.9,1,5503.4,1,5503.5,3,5505.2,3,5505.3,3,5505.9,6,5500.0
ec2408,,13:40:33.0#,5548.0,5593.9,5471.8,6412.0,4643.1,5907,25575.0,5498.1,1,5498.2,1,5498.5,1,5498.9,1,5499.0,1,5503.4,1,5503.5,3,5505.2,3,5505.3,3,5505.9,6,5500.0
ec2408,,13:40:33.500#,5548.0,5593.9,5471.8,6412.0,4643.1,5907,25575.0,5498.2,1,5498.5,1,5498.9,1,5499.0,1,5499.1,1,5503.4,1,5503.5,3,5505.2,3,5505.3,3,5506.0,3,5500.0
ec2408,,13:40:34.0#,5548.0,5593.9,5471.8,6412.0,4643.1,5907,25575.0,5498.2,1,5498.5,1,5498.9,1,5499.1,2,5499.2,1,5503.4,1,5503.5,3,5505.2,3,5505.3,3,5506.0,3,5500.0
ec2408,,13:40:34.500#,5548.0,5593.9,5471.8,6412.0,4643.1,5907,25575.0,5498.2,1,5498.5,1,5498.9,1,5499.1,1,5499.2,2,5503.4,1,5503.5,3,5505.2,3,5505.3,3,5506.0,3,5500.0
ec2408,,13:40:35.0#,5548.0,5593.9,5471.8,6412.0,4643.1,5907,25575.0,5498.2,1,5498.5,1,5498.9,1,5499.1,1,5499.2,2,5503.4,1,5503.5,3,5505.2,3,5505.3,3,5506.0,3,5500.0
ec2408,,13:40:35.500#,5548.0,5593.9,5471.8,6412.0,4643.1,5907,25575.0,5498.2,1,5498.5,1,5498.9,1,5499.1,1,5499.2,2,5503.4,1,5503.5,3,5505.2,3,5505.3,3,5506.0,3,5500.0
ec2408,,13:40:36.0#,5548.0,5593.9,5471.8,6412.0,4643.1,5907,25575.0,5498.2,1,5498.5,1,5498.9,1,5499.1,1,5499.2,2,5503.4,1,5503.5,3,5505.2,3,5505.3,3,5505.4,3,5500.0
ec2408,,13:40:36.500#,5548.0,5593.9,5471.8,6412.0,4643.1,5907,25575.0,5498.2,1,5498.5,1,5498.9,1,5499.1,1,5499.2,2,5503.4,1,5503.5,3,5505.2,3,5505.3,3,5506.0,3,5500.0
ec2408,,13:40:37.0#,5548.0,5593.9,5471.8,6412.0,4643.1,5907,25575.0,5498.2,1,5498.5,1,5498.9,1,5499.1,1,5499.2,2,5503.4,1,5503.5,3,5505.2,3,5505.3,3,5506.0,3,5500.0
ec2408,,13:40:37.500#,5548.0,5593.9,5471.8,6412.0,4643.1,5907,25575.0,5498.2,1,5498.5,1,5498.9,1,5499.1,1,5499.2,2,5503.4,1,5503.5,3,5505.2,3,5505.3,3,5506.0,3,5500.0
ec2408,,13:40:38.0#,5548.0,5593.9,5471.8,6412.0,4643.1,5907,25575.0,5498.2,1,5498.5,1,5498.9,1,5499.1,1,5499.2,2,5503.4,1,5503.5,3,5505.2,3,5505.3,3,5506.0,3,5500.0
ec2408,,13:40:38.500#,5548.0,5593.9,5471.8,6412.0,4643.1,5907,25575.0,5498.2,1,5498.5,1,5498.9,1,5499.1,1,5499.2,1,5503.4,1,5503.5,3,5505.2,3,5505.3,3,5506.1,3,5500.0
ec2408,,13:40:39.0#,5548.0,5593.9,5471.8,6412.0,4643.1,5907,25575.0,5498.1,1,5498.2,1,5498.5,1,5498.9,1,5499.1,2,5503.4,1,5503.5,3,5505.2,3,5505.3,3,5506.1,3,5500.0
ec2408,,13:40:39.500#,5548.0,5593.9,5471.8,6412.0,4643.1,5907,25575.0,5498.1,1,5498.2,1,5498.5,1,5498.9,1,5499.1,2,5503.4,1,5503.5,3,5505.2,3,5505.3,3,5506.0,3,5500.0
ec2408,,13:40:40.0#,5548.0,5593.9,5471.8,6412.0,4643.1,5907,25575.0,5498.1,1,5498.2,1,5498.5,1,5498.9,1,5499.1,2,5503.4,1,5503.5,3,5505.2,3,5505.3,3,5506.0,3,5500.0
ec2408,,13:40:40.500#,5548.0,5593.9,5471.8,6412.0,4643.1,5907,25575.0,5498.1,1,5498.2,1,5498.5,1,5498.9,1,5499.1,2,5503.4,1,5503.5,3,5505.2,3,5505.3,3,5506.0,3,5500.0
ec2408,,13:40:41.0#,5548.0,5593.9,5471.8,6412.0,4643.1,5907,25575.0,5498.2,1,5498.5,1,5498.9,1,5499.1,2,5499.9,1,5503.4,1,5503.5,3,5505.2,3,5505.3,3,5506.0,3,5500.0
ec2408,,13:40:41.500#,5548.0,5593.9,5471.8,6412.0,4643.1,5907,25575.0,5498.2,1,5498.5,1,5498.9,1,5499.1,2,5499.9,1,5503.4,1,5503.5,3,5505.5,3,5506.1,3,5506.4,6,5500.0
ec2408,,13:40:42.0#,5548.0,5593.9,5471.8,6412.0,4643.1,5907,25575.0,5498.2,1,5498.5,1,5498.9,1,5499.1,2,5499.9,1,5503.4,1,5503.5,3,5505.5,3,5506.1,3,5506.4,3,5500.0
ec2408,,13:40:42.500#,5548.0,5593.9,5471.8,6412.0,4643.1,5907,25575.0,5498.2,1,5498.5,1,5498.9,1,5499.1,2,5499.9,1,5503.4,1,5503.5,3,5505.5,3,5506.1,3,5506.4,3,5500.0
ec2408,,13:40:43.0#,5548.0,5593.9,5471.8,6412.0,4643.1,5907,25575.0,5498.2,1,5498.5,1,5498.9,1,5499.1,2,5499.9,1,5503.4,1,5503.5,3,5505.5,3,5506.1,3,5506.4,3,5500.0
ec2408,,13:40:43.500#,5548.0,5593.9,5471.8,6412.0,4643.1,5907,25575.0,5498.1,1,5498.2,1,5498.5,1,5499.1,2,5499.9,1,5503.4,1,5503.5,3,5505.5,3,5506.1,3,5506.3,3,5500.0
ec2408,,13:40:44.0#,5548.0,5593.9,5471.8,6412.0,4643.1,5907,25575.0,5498.1,1,5498.2,1,5498.5,1,5499.1,2,5499.9,1,5503.4,1,5503.5,3,5505.5,3,5506.1,3,5506.3,3,5500.0
ec2408,,13:40:44.500#,5548.0,5593.9,5471.8,6412.0,4643.1,5907,25575.0,5498.1,1,5498.2,1,5498.5,1,5499.1,2,5499.9,1,5500.0,3,5503.4,1,5505.5,3,5506.1,3,5506.4,6,5500.0
ec2408,,13:40:45.0#,5548.0,5593.9,5471.8,6412.0,4643.1,5907,25575.0,5498.1,1,5498.2,1,5498.5,1,5499.1,1,5499.9,1,5500.0,3,5503.4,1,5504.5,6,5504.8,3,5504.9,3,5500.0
ec2408,,13:40:45.500#,5548.0,5593.9,5471.8,6412.0,4643.1,5907,25575.0,5498.1,1,5498.2,1,5498.5,1,5499.1,1,5499.9,1,5500.0,3,5503.4,1,5504.4,3,5504.5,6,5504.8,3,5500.0
ec2408,,13:40:46.0#,5548.0,5593.9,5471.8,6412.0,4643.1,5907,25575.0,5498.1,1,5498.2,1,5498.5,1,5499.1,1,5499.9,1,5500.0,3,5503.4,1,5504.4,3,5504.5,6,5504.8,3,5500.0
ec2408,,13:40:46.500#,5548.0,5593.9,5471.8,6412.0,4643.1,5907,25575.0,5498.1,1,5498.2,1,5498.5,1,5499.1,1,5499.9,1,5500.0,3,5503.4,1,5504.4,3,5504.5,3,5504.7,3,5500.0
ec2408,,13:40:47.0#,5548.0,5593.9,5471.8,6412.0,4643.1,5915,25578.0,5495.1,1,5495.2,6,5496.0,3,5496.8,1,5497.9,7,5498.0,1,5500.0,3,5503.0,3,5503.4,1,5503.8,3,5498.0
ec2408,,13:40:47.500#,5548.0,5593.9,5471.8,6412.0,4643.1,5916,25579.0,5495.0,24,5495.1,1,5496.0,3,5496.8,1,5497.9,7,5500.0,3,5502.9,3,5503.0,3,5503.4,1,5504.0,3,5498.0
ec2408,,13:40:48.0#,5548.0,5593.9,5471.8,6412.0,4643.1,5916,25579.0,5495.0,24,5495.1,1,5496.0,3,5496.8,1,5497.9,7,5500.0,3,5502.9,3,5503.0,3,5503.4,1,5503.9,6,5498.0
ec2408,,13:40:48.500#,5548.0,5593.9,5471.8,6412.0,4643.1,5916,25579.0,5495.0,24,5495.1,1,5496.0,3,5496.8,1,5497.9,7,5500.0,3,5502.9,3,5503.4,1,5503.7,9,5503.9,6,5498.0
ec2408,,13:40:49.0#,5548.0,5593.9,5471.8,6412.0,4643.1,5916,25579.0,5495.0,24,5495.1,1,5496.0,3,5496.8,1,5497.9,7,5500.0,3,5502.9,3,5503.4,1,5503.7,9,5503.9,6,5498.0
ec2408,,13:40:49.500#,5548.0,5593.9,5471.8,6412.0,4643.1,5916,25579.0,5495.0,24,5495.1,1,5496.0,3,5496.8,1,5497.9,7,5500.0,3,5502.9,3,5503.4,1,5503.7,9,5503.9,6,5498.0
ec2408,,13:40:50.0#,5548.0,5593.9,5471.8,6412.0,4643.1,5916,25579.0,5495.0,25,5495.1,1,5496.0,3,5496.8,1,5497.9,7,5500.0,3,5502.9,3,5503.4,1,5503.7,9,5503.9,3,5498.0
ec2408,,13:40:50.500#,5548.0,5593.9,5471.8,6412.0,4643.1,5917,25580.0,5495.0,25,5495.1,1,5496.0,3,5496.8,1,5497.9,7,5500.0,3,5503.0,3,5503.4,1,5503.7,6,5503.9,3,5498.0
ec2408,,13:40:51.0#,5548.0,5593.9,5471.8,6412.0,4643.1,5917,25580.0,5495.0,25,5495.1,1,5496.0,3,5496.8,1,5497.9,7,5500.0,3,5503.3,3,5503.4,1,5503.7,6,5503.8,3,5498.0
ec2408,,13:40:51.500#,5548.0,5593.9,5471.8,6412.0,4643.1,5917,25580.0,5495.0,25,5495.1,1,5496.0,3,5496.8,1,5497.9,7,5500.0,3,5503.3,3,5503.4,1,5503.7,6,5503.9,6,5498.0
ec2408,,13:40:52.0#,5548.0,5593.9,5471.8,6412.0,4643.1,5917,25580.0,5495.0,25,5495.1,1,5496.0,3,5496.8,1,5497.9,7,5500.0,3,5503.3,3,5503.4,1,5503.7,6,5503.9,3,5498.0
ec2408,,13:40:52.500#,5548.0,5593.9,5471.8,6412.0,4643.1,5917,25580.0,5495.1,1,5496.0,3,5496.8,1,5497.9,7,5498.0,1,5500.0,3,5503.3,3,5503.4,1,5503.6,3,5503.7,6,5498.0
ec2408,,13:40:53.0#,5548.0,5593.9,5471.8,6412.0,4643.1,5917,25580.0,5495.1,1,5496.0,3,5496.8,1,5497.9,7,5498.0,1,5500.0,3,5503.3,3,5503.4,1,5503.7,6,5503.9,6,5498.0
ec2408,,13:40:53.500#,5548.0,5593.9,5471.8,6412.0,4643.1,5917,25580.0,5495.1,1,5496.0,3,5496.8,1,5497.9,7,5498.0,1,5500.0,3,5503.4,1,5503.6,3,5503.7,6,5503.9,3,5498.0
ec2408,,13:40:54.0#,5548.0,5593.9,5471.8,6412.0,4643.1,5917,25580.0,5495.1,1,5496.0,3,5496.8,1,5497.9,7,5498.0,1,5500.0,3,5503.4,1,5503.5,3,5503.7,6,5503.9,3,5498.0
ec2408,,13:40:54.500#,5548.0,5593.9,5471.8,6412.0,4643.1,5917,25580.0,5495.1,1,5496.0,3,5496.8,1,5497.9,7,5498.0,1,5500.0,3,5503.4,4,5503.7,6,5503.9,3,5504.0,3,5498.0
ec2408,,13:40:55.0#,5548.0,5593.9,5471.8,6412.0,4643.1,5917,25580.0,5495.1,1,5496.0,3,5496.8,1,5497.9,7,5498.0,1,5500.0,3,5503.3,3,5503.4,1,5503.7,6,5503.9,6,5498.0
ec2408,,13:40:55.500#,5548.0,5593.9,5471.8,6412.0,4643.1,5917,25580.0,5495.1,1,5496.0,3,5496.8,1,5497.9,7,5498.0,1,5500.0,3,5503.3,3,5503.4,1,5503.7,6,5503.9,6,5498.0
ec2408,,13:40:56.0#,5548.0,5593.9,5471.8,6412.0,4643.1,5918,25580.0,5495.0,25,5495.1,1,5496.0,3,5496.8,1,5497.9,7,5500.0,3,5503.4,1,5503.6,3,5503.7,6,5503.9,3,5498.0
ec2408,,13:40:56.500#,5548.0,5593.9,5471.8,6412.0,4643.1,5918,25580.0,5495.0,25,5495.1,1,5496.0,3,5496.8,1,5497.9,7,5498.0,3,5500.0,3,5503.4,1,5503.5,3,5503.7,6,5498.0
ec2408,,13:40:57.0#,5548.0,5593.9,5471.8,6412.0,4643.1,5918,25580.0,5495.0,25,5495.1,1,5496.0,3,5496.8,1,5497.9,7,5498.0,3,5500.0,3,5502.5,3,5502.9,3,5503.0,3,5498.0
ec2408,,13:40:57.500#,5548.0,5593.9,5471.8,6412.0,4643.1,5918,25580.0,5495.0,25,5495.1,1,5496.0,3,5496.8,1,5497.9,7,5498.0,3,5500.0,3,5502.4,3,5502.5,3,5502.7,3,5498.0
ec2408,,13:40:58.0#,5548.0,5593.9,5471.8,6412.0,4643.1,5920,25578.0,5495.0,25,5495.1,1,5496.0,3,5496.8,1,5497.9,7,5498.0,1,5500.0,3,5502.4,3,5502.5,3,5502.7,3,5498.0
ec2408,,13:40:58.500#,5548.0,5593.9,5471.8,6412.0,4643.1,5921,25578.0,5495.0,25,5495.1,1,5496.0,3,5496.8,1,5497.9,7,5500.0,3,5502.7,3,5502.9,3,5503.3,3,5503.4,1,5498.0
ec2408,,13:40:59.0#,5548.0,5593.9,5471.8,6412.0,4643.1,5921,25578.0,5495.0,25,5495.1,1,5496.0,3,5496.8,1,5497.9,7,5500.0,3,5502.8,3,5503.3,3,5503.4,1,5503.7,3,5498.0
ec2408,,13:40:59.500#,5548.0,5593.9,5471.8,6412.0,4643.1,5921,25578.0,5495.0,25,5495.1,1,5496.0,3,5496.8,1,5497.9,7,5500.0,3,5502.8,3,5503.3,3,5503.4,1,5503.7,3,5498.0
ec2408,,13:41:00.0#,5548.0,5593.9,5471.8,6412.0,4643.1,5921,25578.0,5495.0,25,5495.1,1,5496.0,3,5496.8,1,5497.9,7,5500.0,3,5502.8,3,5503.3,3,5503.4,1,5503.7,3,5498.0
ec2408,,13:41:00.500#,5548.0,5593.9,5471.8,6412.0,4643.1,5921,25578.0,5495.0,25,5495.1,1,5496.0,3,5496.8,1,5497.9,7,5500.0,3,5502.8,3,5503.3,3,5503.4,1,5503.7,3,5498.0
ec2408,,13:41:01.0#,5548.0,5593.9,5471.8,6412.0,4643.1,5921,25578.0,5495.0,25,5495.1,1,5496.0,3,5496.8,1,5497.9,7,5500.0,3,5502.8,3,5503.3,3,5503.4,1,5503.7,6,5498.0
ec2408,,13:41:01.500#,5548.0,5593.9,5471.8,6412.0,4643.1,5921,25578.0,5495.0,25,5495.1,1,5496.0,3,5496.8,1,5497.9,7,5500.0,3,5502.8,3,5503.3,3,5503.4,4,5503.7,6,5498.0
ec2408,,13:41:02.0#,5548.0,5593.9,5471.8,6412.0,4643.1,5921,25578.0,5495.0,25,5495.1,1,5496.0,3,5496.8,1,5497.9,7,5500.0,3,5502.8,3,5503.3,3,5503.4,1,5503.7,6,5498.0
ec2408,,13:41:02.500#,5548.0,5593.9,5471.8,6412.0,4643.1,5921,25578.0,5495.0,25,5495.1,1,5496.0,3,5496.8,1,5497.9,7,5500.0,3,5502.8,3,5503.3,3,5503.4,1,5503.7,6,5498.0
ec2408,,13:41:03.0#,5548.0,5593.9,5471.8,6412.0,4643.1,5921,25578.0,5495.0,25,5495.1,1,5496.0,3,5496.8,1,5497.9,7,5500.0,3,5502.8,3,5503.3,3,5503.4,1,5503.7,3,5498.0
ec2408,,13:41:03.500#,5548.0,5593.9,5471.8,6412.0,4643.1,5921,25578.0,5495.0,25,5495.1,1,5496.0,3,5496.8,1,5497.9,7,5500.0,4,5502.8,3,5503.3,3,5503.4,1,5503.7,3,5498.0
ec2408,,13:41:04.0#,5548.0,5593.9,5471.8,6412.0,4643.1,5921,25578.0,5495.0,25,5495.1,1,5496.0,3,5496.8,1,5497.9,7,5500.0,4,5502.8,3,5503.3,3,5503.4,1,5503.7,6,5498.0
ec2408,,13:41:04.500#,5548.0,5593.9,5471.8,6412.0,4643.1,5921,25578.0,5495.0,25,5495.1,1,5496.0,3,5496.8,1,5497.9,7,5500.0,4,5502.8,3,5503.3,3,5503.4,1,5503.7,6,5498.0
ec2408,,13:41:05.0#,5548.0,5593.9,5471.8,6412.0,4643.1,5921,25578.0,5495.0,25,5495.1,1,5496.0,3,5496.8,1,5497.9,7,5500.0,4,5502.8,3,5503.3,3,5503.4,1,5503.7,6,5498.0
ec2408,,13:41:05.500#,5548.0,5593.9,5471.8,6412.0,4643.1,5922,25578.0,5495.0,25,5495.1,1,5496.0,3,5496.8,1,5497.9,6,5500.0,4,5502.8,3,5503.3,3,5503.4,1,5503.7,3,5497.9
ec2408,,13:41:06.0#,5548.0,5593.9,5471.8,6412.0,4643.1,5923,25578.0,5495.0,25,5495.1,1,5496.0,3,5496.8,1,5497.9,5,5500.0,4,5502.8,3,5503.3,3,5503.4,1,5503.7,3,5497.9
ec2408,,13:41:06.500#,5548.0,5593.9,5471.8,6412.0,4643.1,5923,25578.0,5495.0,25,5495.1,1,5496.0,3,5496.8,1,5497.9,5,5500.0,4,5502.8,3,5503.3,3,5503.4,1,5503.7,6,5497.9
ec2408,,13:41:07.0#,5548.0,5593.9,5471.8,6412.0,4643.1,5923,25578.0,5495.0,25,5495.1,1,5496.0,3,5496.8,1,5497.9,5,5500.0,4,5502.8,3,5503.3,3,5503.4,1,5503.7,6,5497.9
ec2408,,13:41:07.500#,5548.0,5593.9,5471.8,6412.0,4643.1,5923,25578.0,5495.0,21,5495.1,1,5496.0,3,5496.8,1,5497.9,5,5500.0,4,5502.8,3,5503.3,3,5503.4,1,5503.7,6,5497.9
ec2408,,13:41:08.0#,5548.0,5593.9,5471.8,6412.0,4643.1,5923,25578.0,5495.0,21,5495.1,1,5496.0,3,5496.8,1,5497.9,5,5500.0,4,5502.8,3,5503.3,3,5503.4,1,5503.7,6,5497.9
ec2408,,13:41:08.500#,5548.0,5593.9,5471.8,6412.0,4643.1,5923,25578.0,5495.0,21,5495.1,1,5496.0,3,5496.8,1,5497.9,5,5500.0,4,5502.8,3,5503.3,3,5503.4,1,5503.7,3,5497.9
ec2408,,13:41:09.0#,5548.0,5593.9,5471.8,6412.0,4643.1,5923,25578.0,5495.0,21,5495.1,1,5496.0,3,5496.8,1,5497.9,5,5500.0,4,5502.8,3,5503.3,3,5503.4,1,5503.7,3,5497.9
ec2408,,13:41:09.500#,5548.0,5593.9,5471.8,6412.0,4643.1,5924,25577.0,5495.0,21,5495.1,1,5496.0,3,5496.8,1,5497.9,5,5500.0,4,5502.8,3,5503.3,3,5503.4,1,5503.7,3,5499.9
ec2408,,13:41:10.0#,5548.0,5593.9,5471.8,6412.0,4643.1,5924,25577.0,5495.0,21,5495.1,1,5496.0,3,5496.8,1,5497.9,5,5500.0,4,5502.8,3,5503.3,3,5503.4,1,5503.7,3,5499.9
ec2408,,13:41:10.500#,5548.0,5593.9,5471.8,6412.0,4643.1,5926,25575.0,5495.0,21,5495.1,1,5496.0,3,5496.8,1,5497.9,5,5500.0,2,5503.3,6,5503.4,1,5503.7,3,5503.9,3,5500.0
ec2408,,13:41:11.0#,5548.0,5593.9,5471.8,6412.0,4643.1,5926,25575.0,5495.0,21,5495.1,1,5496.0,3,5496.8,1,5497.9,5,5500.0,2,5503.2,3,5503.4,1,5503.7,3,5503.9,3,5500.0
ec2408,,13:41:11.500#,5548.0,5593.9,5471.8,6412.0,4643.1,5928,25575.0,5495.0,21,5495.1,1,5496.0,3,5496.8,1,5497.9,3,5500.0,2,5503.4,1,5503.6,6,5503.9,3,5504.0,3,5497.9
ec2408,,13:41:12.0#,5548.0,5593.9,5471.8,6412.0,4643.1,5928,25575.0,5495.1,1,5496.0,3,5496.5,3,5496.8,1,5497.9,3,5500.0,2,5503.4,1,5503.5,3,5503.6,3,5503.7,3,5497.9
ec2408,,13:41:13.0#,5548.0,5593.9,5471.8,6412.0,4643.1,5929,25575.0,5495.1,1,5496.0,3,5496.8,1,5497.9,3,5498.0,1,5500.0,2,5503.4,1,5503.6,3,5503.8,3,5503.9,3,5497.9
ec2408,,13:41:13.500#,5548.0,5593.9,5471.8,6412.0,4643.1,5929,25575.0,5495.1,1,5496.0,3,5496.8,1,5497.9,3,5498.0,1,5500.0,2,5503.4,1,5503.6,3,5503.7,3,5503.8,3,5497.9
ec2408,,13:41:14.0#,5548.0,5593.9,5471.8,6412.0,4643.1,5929,25575.0,5495.1,4,5496.0,3,5496.8,1,5497.9,3,5498.0,1,5500.0,2,5503.4,1,5503.6,3,5503.7,6,5503.9,3,5497.9
ec2408,,13:41:14.500#,5548.0,5593.9,5471.8,6412.0,4643.1,5929,25575.0,5495.1,1,5496.0,3,5496.8,1,5497.9,3,5498.0,2,5500.0,2,5503.4,1,5503.6,6,5503.7,3,5503.9,3,5497.9
ec2408,,13:41:15.0#,5548.0,5593.9,5471.8,6412.0,4643.1,5929,25575.0,5495.1,1,5496.0,3,5496.8,1,5497.9,3,5498.0,2,5500.0,2,5503.4,1,5503.6,6,5503.8,3,5503.9,3,5497.9
ec2408,,13:41:15.500#,5548.0,5593.9,5471.8,6412.0,4643.1,5929,25575.0,5495.1,1,5496.0,3,5496.8,1,5497.9,3,5498.0,2,5500.0,2,5503.4,1,5503.6,3,5503.7,3,5503.8,3,5497.9
ec2408,,13:41:16.0#,5548.0,5593.9,5471.8,6412.0,4643.1,5929,25575.0,5495.1,1,5496.0,3,5496.8,1,5497.9,3,5498.0,2,5500.0,2,5503.4,1,5503.6,6,5503.8,3,5503.9,3,5497.9
ec2408,,13:41:16.500#,5548.0,5593.9,5471.8,6412.0,4643.1,5929,25575.0,5496.0,3,5496.8,1,5497.9,3,5498.0,2,5498.1,1,5500.0,2,5503.4,1,5503.5,3,5503.6,3,5503.8,3,5497.9
ec2408,,13:41:17.0#,5548.0,5593.9,5471.8,6412.0,4643.1,5929,25575.0,5496.0,3,5496.8,1,5497.9,3,5498.0,2,5498.1,1,5500.0,2,5503.4,1,5503.6,3,5503.7,3,5503.8,3,5497.9
ec2408,,13:41:17.500#,5548.0,5593.9,5471.8,6412.0,4643.1,5929,25575.0,5496.0,3,5496.8,1,5497.9,3,5498.0,2,5498.1,1,5500.0,2,5503.4,1,5503.6,6,5503.8,3,5503.9,3,5497.9
ec2408,,13:41:18.0#,5548.0,5593.9,5471.8,6412.0,4643.1,5930,25575.0,5496.8,1,5497.9,3,5498.0,2,5498.1,1,5498.2,1,5500.0,1,5503.4,1,5503.5,3,5503.6,3,5503.8,3,5500.0
ec2408,,13:41:18.500#,5548.0,5593.9,5471.8,6412.0,4643.1,5930,25575.0,5496.8,1,5496.9,1,5497.9,3,5498.0,2,5498.2,1,5500.0,1,5503.4,1,5503.6,3,5503.7,3,5503.9,3,5500.0
ec2408,,13:41:19.0#,5548.0,5593.9,5471.8,6412.0,4643.1,5930,25575.0,5496.0,3,5496.8,1,5496.9,1,5497.9,3,5498.0,2,5500.0,1,5503.4,1,5503.6,6,5503.9,3,5504.0,3,5500.0
ec2408,,13:41:19.500#,5548.0,5593.9,5471.8,6412.0,4643.1,5931,25575.0,5496.8,1,5496.9,1,5497.9,3,5498.0,2,5498.1,1,5503.4,1,5503.6,3,5503.8,3,5503.9,3,5505.7,3,5500.0
ec2408,,13:41:20.0#,5548.0,5593.9,5471.8,6412.0,4643.1,5931,25575.0,5496.9,1,5497.9,3,5498.0,2,5498.1,1,5498.3,1,5503.4,1,5504.7,3,5505.1,3,5505.3,3,5505.7,3,5500.0
ec2408,,13:41:20.500#,5548.0,5593.9,5471.8,6412.0,4643.1,5931,25575.0,5497.9,3,5498.0,2,5498.1,1,5498.3,1,5498.4,1,5503.4,1,5504.7,3,5505.1,3,5505.8,3,5505.9,3,5500.0
ec2408,,13:41:21.0#,5548.0,5593.9,5471.8,6412.0,4643.1,5931,25575.0,5497.9,3,5498.0,2,5498.1,1,5498.4,1,5498.6,1,5503.4,1,5504.7,3,5505.1,3,5505.8,3,5506.0,6,5500.0
ec2408,,13:41:21.500#,5548.0,5593.9,5471.8,6412.0,4643.1,5931,25575.0,5497.9,3,5498.0,2,5498.1,1,5498.4,1,5498.6,1,5503.4,1,5504.7,3,5505.1,3,5505.9,6,5506.0,3,5500.0
ec2408,,13:41:22.0#,5548.0,5593.9,5471.8,6412.0,4643.1,5931,25575.0,5496.8,1,5496.9,1,5497.9,3,5498.0,2,5498.6,1,5503.3,3,5503.4,1,5504.7,3,5505.1,3,5505.9,6,5500.0
ec2408,,13:41:22.500#,5548.0,5593.9,5471.8,6412.0,4643.1,5931,25575.0,5496.9,1,5497.3,3,5497.9,3,5498.0,2,5498.2,1,5503.1,1,5504.7,3,5505.1,3,5505.7,3,5505.8,3,5500.0
ec2408,,13:41:23.0#,5548.0,5593.9,5471.8,6412.0,4643.1,5931,25575.0,5496.8,1,5496.9,1,5497.9,3,5498.0,2,5498.2,1,5503.1,1,5504.7,3,5505.1,3,5505.6,6,5505.7,6,5500.0
ec2408,,13:41:23.500#,5548.0,5593.9,5471.8,6412.0,4643.1,5931,25575.0,5496.8,1,5496.9,1,5497.9,3,5498.0,2,5498.2,1,5503.1,1,5504.7,3,5505.1,3,5505.6,9,5505.7,3,5500.0
ec2408,,13:41:24.0#,5548.0,5593.9,5471.8,6412.0,4643.1,5931,25575.0,5496.8,1,5496.9,1,5497.9,3,5498.0,2,5498.2,1,5503.1,1,5504.7,3,5505.1,3,5505.6,9,5505.7,3,5500.0
ec2408,,13:41:24.500#,5548.0,5593.9,5471.8,6412.0,4643.1,5931,25575.0,5496.8,1,5496.9,1,5497.9,3,5498.0,2,5498.2,1,5503.1,1,5504.7,3,5505.1,3,5505.6,9,5505.7,3,5500.0
ec2408,,13:41:25.0#,5548.0,5593.9,5471.8,6412.0,4643.1,5931,25575.0,5496.8,1,5496.9,1,5497.9,3,5498.0,2,5498.2,1,5503.1,1,5504.7,3,5505.1,3,5505.6,9,5505.7,3,5500.0
ec2408,,13:41:25.500#,5548.0,5593.9,5471.8,6412.0,4643.1,5931,25575.0,5496.8,1,5496.9,1,5497.9,3,5498.0,2,5498.2,1,5503.1,1,5504.7,3,5505.1,3,5505.5,3,5505.6,9,5500.0
ec2408,,13:41:26.0#,5548.0,5593.9,5471.8,6412.0,4643.1,5931,25575.0,5496.8,1,5496.9,1,5497.9,3,5498.0,2,5498.2,1,5503.1,1,5504.7,3,5505.1,3,5505.6,9,5505.7,3,5500.0
ec2408,,13:41:26.500#,5548.0,5593.9,5471.8,6412.0,4643.1,5931,25575.0,5496.8,1,5496.9,1,5497.9,3,5498.0,2,5498.2,1,5503.1,1,5504.7,3,5505.1,3,5505.6,9,5505.7,3,5500.0
ec2408,,13:41:27.0#,5548.0,5593.9,5471.8,6412.0,4643.1,5932,25576.0,5496.1,3,5496.8,1,5496.9,1,5497.9,3,5498.0,2,5503.1,1,5505.1,3,5505.6,9,5506.1,6,5507.5,1,5498.2
ec2408,,13:41:27.500#,5548.0,5593.9,5471.8,6412.0,4643.1,5932,25576.0,5496.8,1,5496.9,1,5497.9,3,5498.0,2,5498.2,1,5503.1,1,5505.5,6,5505.6,3,5505.7,6,5506.2,3,5498.2
ec2408,,13:41:28.0#,5548.0,5593.9,5471.8,6412.0,4643.1,5932,25576.0,5496.9,1,5497.5,3,5497.9,3,5498.0,2,5498.2,1,5503.1,1,5505.4,3,5505.6,9,5505.7,6,5507.5,4,5498.2
ec2408,,13:41:28.500#,5548.0,5593.9,5471.8,6412.0,4643.1,5932,25576.0,5496.8,1,5496.9,1,5497.9,3,5498.0,2,5498.2,1,5503.1,1,5505.5,3,5505.6,10,5505.7,8,5506.6,3,5498.2
ec2408,,13:41:29.0#,5548.0,5593.9,5471.8,6412.0,4643.1,5932,25576.0,5496.8,1,5496.9,1,5497.9,3,5498.0,2,5498.2,1,5503.1,1,5505.5,3,5505.6,7,5505.7,8,5507.5,1,5498.2
ec2408,,13:41:29.500#,5548.0,5593.9,5471.8,6412.0,4643.1,5932,25576.0,5496.9,1,5497.9,3,5498.0,2,5498.2,2,5499.9,1,5503.1,1,5505.6,7,5505.7,5,5506.5,3,5507.5,1,5498.2
ec2408,,13:41:30.0#,5548.0,5593.9,5471.8,6412.0,4643.1,5932,25576.0,5497.9,3,5498.0,2,5498.2,1,5499.9,1,5500.1,1,5505.4,1,5506.3,3,5506.4,3,5506.5,3,5506.7,3,5498.2
ec2408,,13:41:30.500#,5548.0,5593.9,5471.8,6412.0,4643.1,5932,25576.0,5497.9,6,5498.0,2,5498.2,1,5499.9,1,5500.1,1,5505.3,1,5505.4,1,5506.6,3,5506.7,3,5507.5,1,5498.2
ec2408,,13:41:31.0#,5548.0,5593.9,5471.8,6412.0,4643.1,5933,25575.0,5497.9,6,5498.0,2,5498.2,1,5499.9,1,5500.1,1,5506.6,3,5506.7,3,5507.5,1,5507.6,3,5507.7,9,5505.1
ec2408,,13:41:31.500#,5548.0,5593.9,5471.8,6412.0,4643.1,5933,25575.0,5498.2,1,5498.3,2,5498.4,4,5499.9,1,5500.1,1,5502.2,1,5506.3,3,5506.4,1,5506.5,2,5507.4,3,5505.1
ec2408,,13:41:32.0#,5548.0,5593.9,5471.8,6412.0,4643.1,5933,25575.0,5496.9,1,5497.9,3,5498.0,2,5498.2,1,5499.9,1,5502.2,1,5505.5,3,5506.1,7,5506.2,2,5506.4,4,5505.1
ec2408,,13:41:32.500#,5548.0,5593.9,5471.8,6412.0,4643.1,5933,25575.0,5496.9,1,5497.9,3,5498.0,2,5498.2,1,5499.9,1,5502.2,1,5505.5,3,5505.6,1,5506.0,7,5506.1,5,5505.1
ec2408,,13:41:33.0#,5548.0,5593.9,5471.8,6412.0,4643.1,5933,25575.0,5496.9,1,5497.9,4,5498.0,2,5498.2,1,5499.9,1,5502.2,1,5505.5,3,5505.6,1,5506.0,10,5506.1,5,5505.1
ec2408,,13:41:33.500#,5548.0,5593.9,5471.8,6412.0,4643.1,5934,25575.0,5496.8,1,5496.9,1,5497.9,4,5498.0,2,5498.2,1,5502.2,1,5505.2,3,5505.5,3,5506.0,10,5506.1,2,5499.9
ec2408,,13:41:34.0#,5548.0,5593.9,5471.8,6412.0,4643.1,5934,25575.0,5496.9,1,5497.9,4,5498.0,2,5498.2,1,5498.4,1,5502.2,1,5505.1,3,5505.2,9,5505.4,3,5505.5,3,5499.9
ec2408,,13:41:34.500#,5548.0,5593.9,5471.8,6412.0,4643.1,5934,25575.0,5496.8,1,5496.9,1,5497.9,4,5498.0,2,5498.2,2,5502.0,1,5502.2,1,5504.7,3,5505.1,6,5505.2,9,5499.9
ec2408,,13:41:35.0#,5548.0,5593.9,5471.8,6412.0,4643.1,5934,25575.0,5496.8,1,5496.9,1,5497.9,4,5498.0,2,5498.2,2,5502.0,1,5502.2,1,5504.7,3,5504.9,3,5505.0,6,5499.9
ec2408,,13:41:35.500#,5548.0,5593.9,5471.8,6412.0,4643.1,5934,25575.0,5496.8,1,5496.9,1,5497.9,4,5498.0,2,5498.2,1,5502.0,1,5502.2,1,5504.7,3,5504.9,6,5505.0,3,5499.9
ec2408,,13:41:36.0#,5548.0,5593.9,5471.8,6412.0,4643.1,5934,25575.0,5496.8,1,5496.9,1,5497.9,4,5498.0,2,5498.2,2,5502.0,1,5502.2,1,5504.7,3,5504.8,3,5504.9,3,5499.9
ec2408,,13:41:36.500#,5548.0,5593.9,5471.8,6412.0,4643.1,5934,25575.0,5496.8,1,5496.9,1,5497.9,4,5498.0,2,5498.2,2,5502.0,1,5502.2,1,5504.7,3,5504.8,3,5504.9,6,5499.9
ec2408,,13:41:37.0#,5548.0,5593.9,5471.8,6412.0,4643.1,5934,25575.0,5496.8,1,5496.9,1,5497.9,4,5498.0,2,5498.2,2,5502.0,1,5502.2,1,5504.7,3,5504.8,3,5504.9,6,5499.9
ec2408,,13:41:37.500#,5548.0,5593.9,5471.8,6412.0,4643.1,5934,25575.0,5496.8,1,5496.9,1,5497.9,4,5498.0,2,5498.2,2,5502.0,1,5502.2,1,5504.7,3,5504.8,3,5504.9,6,5499.9
ec2408,,13:41:38.0#,5548.0,5593.9,5471.8,6412.0,4643.1,5934,25575.0,5496.8,1,5496.9,1,5497.9,4,5498.0,2,5498.2,2,5502.0,1,5502.2,1,5504.7,3,5504.8,3,5504.9,6,5499.9
ec2408,,13:41:38.500#,5548.0,5593.9,5471.8,6412.0,4643.1,5934,25575.0,5496.8,1,5496.9,1,5497.9,4,5498.0,2,5498.2,2,5502.0,1,5502.2,1,5504.7,3,5504.8,3,5504.9,6,5499.9
ec2408,,13:41:39.0#,5548.0,5593.9,5471.8,6412.0,4643.1,5934,25575.0,5496.8,1,5496.9,1,5497.9,4,5498.0,2,5498.2,2,5502.0,1,5502.2,1,5504.7,3,5504.8,3,5504.9,9,5499.9
ec2408,,13:41:39.500#,5548.0,5593.9,5471.8,6412.0,4643.1,5934,25575.0,5496.8,1,5496.9,1,5497.9,4,5498.0,2,5498.2,1,5502.0,1,5502.2,1,5504.7,3,5504.8,3,5504.9,6,5499.9
ec2408,,13:41:40.0#,5548.0,5593.9,5471.8,6412.0,4643.1,5934,25575.0,5496.8,1,5496.9,1,5497.9,4,5498.0,2,5498.2,1,5502.0,1,5502.2,1,5504.7,3,5504.8,3,5504.9,6,5499.9
ec2408,,13:41:40.500#,5548.0,5593.9,5471.8,6412.0,4643.1,5934,25575.0,5496.8,1,5496.9,1,5497.9,4,5498.0,2,5498.2,1,5502.0,1,5502.2,1,5504.7,3,5504.8,6,5504.9,3,5499.9
ec2408,,13:41:41.0#,5548.0,5593.9,5471.8,6412.0,4643.1,5934,25575.0,5496.8,1,5496.9,1,5497.9,4,5498.0,2,5498.2,1,5502.0,1,5502.2,1,5504.7,6,5504.8,3,5504.9,3,5499.9
ec2408,,13:41:41.500#,5548.0,5593.9,5471.8,6412.0,4643.1,5934,25575.0,5496.8,1,5496.9,1,5497.9,4,5498.0,2,5498.2,1,5502.0,1,5502.2,1,5504.6,3,5504.7,3,5504.8,3,5499.9
ec2408,,13:41:42.0#,5548.0,5593.9,5471.8,6412.0,4643.1,5934,25575.0,5496.8,1,5496.9,1,5497.9,4,5498.0,2,5498.2,1,5502.0,1,5502.2,1,5504.7,6,5504.9,6,5505.0,3,5499.9
ec2408,,13:41:42.500#,5548.0,5593.9,5471.8,6412.0,4643.1,5934,25575.0,5496.8,1,5496.9,1,5497.9,4,5498.0,2,5498.2,1,5502.0,1,5502.2,1,5504.6,3,5504.7,3,5504.9,6,5499.9
ec2408,,13:41:43.0#,5548.0,5593.9,5471.8,6412.0,4643.1,5934,25575.0,5496.8,1,5496.9,1,5497.9,4,5498.0,2,5498.2,1,5502.0,1,5502.2,1,5503.4,3,5504.7,3,5504.8,3,5499.9
ec2408,,13:41:43.500#,5548.0,5593.9,5471.8,6412.0,4643.1,5935,25576.0,5496.8,1,5496.9,1,5497.9,4,5498.0,2,5498.2,1,5502.0,1,5502.2,1,5504.7,3,5504.9,3,5505.0,3,5501.8
ec2408,,13:41:44.0#,5548.0,5593.9,5471.8,6412.0,4643.1,5935,25576.0,5496.8,1,5496.9,4,5497.9,4,5498.0,2,5498.2,1,5502.0,1,5502.2,1,5504.7,3,5504.8,3,5505.0,3,5501.8
ec2408,,13:41:44.500#,5548.0,5593.9,5471.8,6412.0,4643.1,5935,25576.0,5496.8,1,5496.9,1,5497.9,4,5498.0,2,5498.2,1,5502.0,1,5502.2,1,5504.7,6,5504.9,3,5505.0,3,5501.8
ec2408,,13:41:45.0#,5548.0,5593.9,5471.8,6412.0,4643.1,5935,25576.0,5496.8,1,5496.9,1,5497.9,4,5498.0,2,5498.2,1,5502.0,1,5502.2,1,5504.6,3,5504.7,3,5504.9,3,5501.8
ec2408,,13:41:45.500#,5548.0,5593.9,5471.8,6412.0,4643.1,5935,25576.0,5496.8,1,5496.9,1,5497.9,4,5498.0,2,5498.2,1,5502.0,1,5502.2,1,5504.7,3,5504.8,3,5504.9,3,5501.8
ec2408,,13:41:46.0#,5548.0,5593.9,5471.8,6412.0,4643.1,5935,25576.0,5496.8,1,5496.9,1,5497.9,4,5498.0,2,5498.2,1,5502.0,1,5502.2,1,5504.7,6,5504.9,3,5505.0,3,5501.8
ec2408,,13:41:46.500#,5548.0,5593.9,5471.8,6412.0,4643.1,5935,25576.0,5496.8,1,5496.9,1,5497.9,4,5498.0,2,5498.2,1,5502.0,1,5502.2,1,5504.6,3,5504.7,3,5504.9,3,5501.8
ec2408,,13:41:47.0#,5548.0,5593.9,5471.8,6412.0,4643.1,5935,25576.0,5496.9,1,5497.9,3,5498.0,2,5498.2,1,5498.5,1,5502.0,1,5502.2,1,5504.7,3,5504.8,3,5504.9,3,5501.8
ec2408,,13:41:47.500#,5548.0,5593.9,5471.8,6412.0,4643.1,5935,25576.0,5496.9,1,5497.9,3,5498.0,2,5498.2,1,5498.5,1,5502.0,1,5502.2,1,5504.7,6,5505.0,3,5505.2,4,5501.8
ec2408,,13:41:48.0#,5548.0,5593.9,5471.8,6412.0,4643.1,5936,25576.0,5496.9,1,5497.9,3,5498.0,2,5498.2,1,5498.5,1,5502.2,1,5504.7,3,5505.0,3,5505.2,4,5505.3,2,5502.0
ec2408,,13:41:48.500#,5548.0,5593.9,5471.8,6412.0,4643.1,5936,25576.0,5496.9,1,5497.9,3,5498.0,2,5498.2,1,5498.5,1,5502.1,1,5502.2,1,5504.7,3,5504.9,3,5505.2,3,5502.0
ec2408,,13:41:49.0#,5548.0,5593.9,5471.8,6412.0,4643.1,5936,25576.0,5496.9,1,5497.9,3,5498.0,2,5498.2,1,5498.5,1,5502.1,1,5502.2,1,5504.7,3,5504.8,3,5505.1,3,5502.0
ec2408,,13:41:49.500#,5548.0,5593.9,5471.8,6412.0,4643.1,5936,25576.0,5496.9,1,5497.9,3,5498.0,2,5498.2,1,5498.5,1,5502.1,1,5502.2,1,5504.7,6,5505.1,3,5505.3,9,5502.0
ec2408,,13:41:50.0#,5548.0,5593.9,5471.8,6412.0,4643.1,5936,25576.0,5496.9,1,5497.9,3,5498.0,2,5498.2,1,5498.5,1,5502.1,1,5502.2,1,5504.6,3,5504.7,3,5505.1,3,5502.0
ec2408,,13:41:50.500#,5548.0,5593.9,5471.8,6412.0,4643.1,5936,25576.0,5496.9,1,5497.9,3,5498.0,2,5498.2,1,5498.5,1,5502.1,1,5502.2,1,5504.6,3,5504.7,3,5505.1,3,5502.0
ec2408,,13:41:51.0#,5548.0,5593.9,5471.8,6412.0,4643.1,5936,25576.0,5496.9,1,5497.9,3,5498.0,2,5498.2,1,5498.5,1,5502.1,1,5502.2,1,5504.6,3,5504.7,3,5505.1,3,5502.0
ec2408,,13:41:51.500#,5548.0,5593.9,5471.8,6412.0,4643.1,5936,25576.0,5496.9,1,5497.9,3,5498.0,2,5498.2,1,5498.5,1,5502.1,1,5502.2,1,5504.7,3,5505.0,3,5505.1,3,5502.0
ec2408,,13:41:52.0#,5548.0,5593.9,5471.8,6412.0,4643.1,5937,25575.0,5496.9,1,5497.9,3,5498.0,2,5498.2,1,5498.5,1,5502.2,1,5504.7,3,5505.1,3,5505.3,6,5505.4,3,5502.1
ec2408,,13:41:52.500#,5548.0,5593.9,5471.8,6412.0,4643.1,5937,25575.0,5496.9,1,5497.9,3,5498.0,2,5498.2,1,5498.5,1,5502.1,1,5502.2,1,5504.7,3,5505.0,3,5505.3,10,5502.1
ec2408,,13:41:53.0#,5548.0,5593.9,5471.8,6412.0,4643.1,5938,25575.0,5496.8,1,5496.9,1,5497.9,3,5498.0,2,5498.2,1,5498.5,1,5502.1,1,5502.2,1,5503.4,3,5504.7,3,5498.5
ec2408,,13:41:53.500#,5548.0,5593.9,5471.8,6412.0,4643.1,5938,25575.0,5496.8,1,5496.9,1,5497.9,3,5498.0,2,5498.2,1,5498.5,1,5502.1,1,5502.2,1,5502.9,3,5503.3,4,5498.5
ec2408,,13:41:54.0#,5548.0,5593.9,5471.8,6412.0,4643.1,5938,25575.0,5496.8,1,5496.9,1,5497.9,3,5498.0,2,5498.2,1,5498.5,1,5502.1,1,5502.2,1,5502.9,3,5503.3,7,5498.5
ec2408,,13:41:54.500#,5548.0,5593.9,5471.8,6412.0,4643.1,5938,25575.0,5496.8,1,5496.9,1,5497.9,3,5498.0,2,5498.2,1,5498.5,1,5502.1,1,5502.2,1,5502.9,3,5503.2,3,5498.5
ec2408,,13:41:55.0#,5548.0,5593.9,5471.8,6412.0,4643.1,5938,25575.0,5496.8,1,5496.9,1,5497.9,3,5498.0,2,5498.2,1,5498.5,1,5502.1,1,5502.2,1,5502.9,3,5503.1,3,5498.5
ec2408,,13:41:55.500#,5548.0,5593.9,5471.8,6412.0,4643.1,5938,25575.0,5496.8,1,5496.9,1,5497.9,3,5498.0,2,5498.2,1,5498.5,1,5502.1,1,5502.2,1,5502.9,3,5503.0,3,5498.5
ec2408,,13:41:56.0#,5548.0,5593.9,5471.8,6412.0,4643.1,5938,25575.0,5496.8,1,5496.9,1,5497.9,3,5498.0,2,5498.2,1,5498.5,1,5502.1,1,5502.2,1,5502.9,3,5503.0,3,5498.5
ec2408,,13:41:56.500#,5548.0,5593.9,5471.8,6412.0,4643.1,5939,25575.0,5496.8,1,5496.9,1,5497.9,3,5498.0,2,5498.2,1,5502.1,1,5502.2,1,5502.9,3,5503.1,3,5503.3,4,5498.5
ec2408,,13:41:57.0#,5548.0,5593.9,5471.8,6412.0,4643.1,5939,25575.0,5496.9,1,5497.9,3,5498.0,2,5498.2,1,5498.3,1,5502.1,1,5502.2,1,5504.1,3,5504.8,3,5505.1,4,5498.5
ec2408,,13:41:57.500#,5548.0,5593.9,5471.8,6412.0,4643.1,5939,25575.0,5497.9,3,5498.0,2,5498.2,1,5498.3,1,5498.4,5,5502.1,1,5502.2,1,5504.1,3,5504.8,3,5505.1,6,5498.5
ec2408,,13:41:58.0#,5548.0,5593.9,5471.8,6412.0,4643.1,5939,25575.0,5497.9,3,5498.0,2,5498.2,1,5498.4,5,5498.6,1,5502.2,1,5504.1,3,5504.8,3,5505.2,7,5505.3,2,5498.5
ec2408,,13:41:58.500#,5548.0,5593.9,5471.8,6412.0,4643.1,5939,25575.0,5497.9,3,5498.0,2,5498.2,1,5498.4,5,5498.6,1,5502.2,1,5504.1,3,5504.8,3,5505.2,3,5505.3,3,5498.5
ec2408,,13:41:59.0#,5548.0,5593.9,5471.8,6412.0,4643.1,5939,25575.0,5497.9,3,5498.0,2,5498.2,1,5498.4,5,5498.6,1,5502.2,1,5504.1,3,5504.8,3,5505.3,3,5505.4,6,5498.5
ec2408,,13:41:59.500#,5548.0,5593.9,5471.8,6412.0,4643.1,5939,25575.0,5497.9,3,5498.0,2,5498.2,1,5498.4,5,5498.6,1,5502.2,1,5504.1,3,5504.8,3,5505.3,9,5505.4,6,5498.5
ec2408,,13:42:00.0#,5548.0,5593.9,5471.8,6412.0,4643.1,5939,25575.0,5497.9,3,5498.0,2,5498.2,1,5498.4,5,5498.6,1,5502.2,1,5504.1,3,5504.8,3,5505.3,9,5505.4,6,5498.5
ec2408,,13:42:00.500#,5548.0,5593.9,5471.8,6412.0,4643.1,5939,25575.0,5497.9,3,5498.0,2,5498.2,1,5498.4,5,5498.6,1,5502.2,1,5504.1,3,5504.8,3,5505.3,9,5505.4,6,5498.5
ec2408,,13:42:01.0#,5548.0,5593.9,5471.8,6412.0,4643.1,5939,25575.0,5497.9,3,5498.0,2,5498.2,1,5498.4,5,5498.6,1,5502.2,1,5504.1,3,5504.8,3,5505.3,9,5505.4,6,5498.5
ec2408,,13:42:01.500#,5548.0,5593.9,5471.8,6412.0,4643.1,5939,25575.0,5497.9,3,5498.0,2,5498.2,1,5498.4,5,5498.6,1,5502.2,1,5504.1,3,5504.8,3,5505.3,6,5505.4,6,5498.5
ec2408,,13:42:02.0#,5548.0,5593.9,5471.8,6412.0,4643.1,5939,25575.0,5497.9,3,5498.0,2,5498.2,1,5498.4,5,5498.6,1,5502.2,1,5504.1,3,5504.8,3,5505.3,6,5505.4,6,5498.5
ec2408,,13:42:02.500#,5548.0,5593.9,5471.8,6412.0,4643.1,5939,25575.0,5497.9,3,5498.0,2,5498.2,1,5498.4,5,5498.6,1,5502.2,1,5504.8,3,5505.2,3,5505.3,6,5505.4,3,5498.5
ec2408,,13:42:03.0#,5548.0,5593.9,5471.8,6412.0,4643.1,5939,25575.0,5497.9,3,5498.0,2,5498.2,1,5498.4,5,5498.6,1,5502.2,1,5504.8,3,5505.1,3,5505.3,6,5505.4,6,5498.5
ec2408,,13:42:03.500#,5548.0,5593.9,5471.8,6412.0,4643.1,5939,25575.0,5497.9,3,5498.0,2,5498.2,1,5498.4,5,5498.6,1,5502.2,1,5504.8,3,5505.0,3,5505.3,6,5505.4,6,5498.5
ec2408,,13:42:04.0#,5548.0,5593.9,5471.8,6412.0,4643.1,5939,25575.0,5497.9,3,5498.0,2,5498.2,1,5498.4,5,5498.6,1,5502.0,2,5502.2,1,5504.8,3,5504.9,3,5505.3,6,5498.5
ec2408,,13:42:04.500#,5548.0,5593.9,5471.8,6412.0,4643.1,5939,25575.0,5496.9,1,5497.9,3,5498.0,2,5498.2,1,5498.4,6,5502.0,2,5502.2,1,5504.8,6,5505.0,6,5505.2,7,5498.5
ec2408,,13:42:05.0#,5548.0,5593.9,5471.8,6412.0,4643.1,5939,25575.0,5497.9,3,5498.0,2,5498.2,1,5498.4,6,5498.5,1,5502.0,2,5502.2,1,5504.7,3,5504.8,3,5505.0,3,5498.5
ec2408,,13:42:05.500#,5548.0,5593.9,5471.8,6412.0,4643.1,5939,25575.0,5497.9,3,5498.0,2,5498.2,1,5498.4,6,5498.5,1,5502.0,2,5502.2,1,5504.8,3,5504.9,3,5505.0,3,5498.5
ec2408,,13:42:06.0#,5548.0,5593.9,5471.8,6412.0,4643.1,5939,25575.0,5497.9,3,5498.0,2,5498.2,1,5498.4,5,5498.5,1,5502.0,3,5502.2,1,5504.8,6,5505.0,3,5505.1,3,5498.5
ec2408,,13:42:06.500#,5548.0,5593.9,5471.8,6412.0,4643.1,5939,25575.0,5497.9,3,5498.0,2,5498.2,1,5498.4,5,5498.5,1,5502.0,3,5502.2,1,5504.7,3,5504.8,3,5505.0,3,5498.5
ec2408,,13:42:07.0#,5548.0,5593.9,5471.8,6412.0,4643.1,5939,25575.0,5497.9,3,5498.0,2,5498.2,1,5498.4,5,5498.5,1,5502.0,3,5502.2,1,5504.6,3,5504.8,3,5505.0,3,5498.5
ec2408,,13:42:07.500#,5548.0,5593.9,5471.8,6412.0,4643.1,5939,25575.0,5497.9,3,5498.0,2,5498.2,1,5498.4,5,5498.5,1,5502.0,3,5502.2,1,5504.5,3,5504.6,3,5504.8,3,5498.5
ec2408,,13:42:08.0#,5548.0,5593.9,5471.8,6412.0,4643.1,5939,25575.0,5497.9,3,5498.0,2,5498.2,1,5498.4,5,5498.5,1,5502.0,3,5502.2,1,5504.3,3,5504.8,3,5505.0,3,5498.5
ec2408,,13:42:08.500#,5548.0,5593.9,5471.8,6412.0,4643.1,5939,25575.0,5497.9,3,5498.0,2,5498.2,1,5498.4,5,5498.5,1,5502.0,3,5502.2,1,5504.3,3,5504.8,3,5505.0,3,5498.5
ec2408,,13:42:09.0#,5548.0,5593.9,5471.8,6412.0,4643.1,5939,25575.0,5497.9,3,5498.0,2,5498.2,1,5498.4,5,5498.5,1,5502.0,3,5502.2,1,5504.3,3,5504.8,3,5505.0,3,5498.5
ec2408,,13:42:09.500#,5548.0,5593.9,5471.8,6412.0,4643.1,5939,25575.0,5497.9,3,5498.0,2,5498.2,1,5498.4,5,5498.5,1,5502.0,3,5502.2,1,5504.3,3,5504.8,3,5505.0,3,5498.5
ec2408,,13:42:10.0#,5548.0,5593.9,5471.8,6412.0,4643.1,5939,25575.0,5497.9,3,5498.0,2,5498.2,1,5498.4,5,5498.5,1,5502.0,3,5502.2,1,5504.3,3,5504.8,3,5505.0,3,5498.5
ec2408,,13:42:10.500#,5548.0,5593.9,5471.8,6412.0,4643.1,5939,25575.0,5497.9,3,5498.0,2,5498.2,1,5498.4,5,5498.5,1,5502.0,3,5502.2,1,5504.3,3,5504.8,3,5505.0,6,5498.5
ec2408,,13:42:11.0#,5548.0,5593.9,5471.8,6412.0,4643.1,5939,25575.0,5497.9,3,5498.0,2,5498.2,1,5498.4,5,5498.5,1,5502.0,3,5502.2,1,5504.3,3,5504.8,3,5505.0,6,5498.5
ec2408,,13:42:12.0#,5548.0,5593.9,5471.8,6412.0,4643.1,5939,25575.0,5497.9,3,5498.0,2,5498.2,1,5498.4,5,5498.5,1,5502.0,3,5502.2,1,5504.3,3,5504.8,3,5505.0,6,5498.5
ec2408,,13:42:13.500#,5548.0,5593.9,5471.8,6412.0,4643.1,5939,25575.0,5497.9,3,5498.0,2,5498.2,1,5498.4,5,5498.5,1,5502.0,3,5502.2,1,5504.3,3,5504.8,3,5505.0,6,5498.5
ec2408,,13:42:14.0#,5548.0,5593.9,5471.8,6412.0,4643.1,5939,25575.0,5497.9,3,5498.0,2,5498.2,1,5498.4,5,5498.5,1,5502.0,3,5502.2,1,5504.3,3,5504.8,3,5505.0,6,5498.5
ec2408,,13:42:15.500#,5548.0,5593.9,5471.8,6412.0,4643.1,5939,25575.0,5498.0,2,5498.2,1,5498.4,5,5498.5,1,5499.0,1,5502.0,3,5502.2,1,5504.3,3,5504.8,3,5505.0,3,5498.5
ec2408,,13:42:16.0#,5548.0,5593.9,5471.8,6412.0,4643.1,5939,25575.0,5498.0,2,5498.2,1,5498.4,5,5498.5,1,5499.0,1,5502.0,2,5502.2,1,5504.3,3,5504.8,3,5505.1,3,5498.5
ec2408,,13:42:16.500#,5548.0,5593.9,5471.8,6412.0,4643.1,5939,25575.0,5498.0,2,5498.2,1,5498.4,5,5498.5,1,5499.0,1,5502.0,2,5502.2,1,5504.3,3,5504.8,3,5505.2,6,5498.5
ec2408,,13:42:17.0#,5548.0,5593.9,5471.8,6412.0,4643.1,5939,25575.0,5498.0,2,5498.2,1,5498.4,5,5498.5,1,5499.0,1,5502.0,2,5502.2,1,5504.3,3,5504.8,3,5505.2,3,5498.5
ec2408,,13:42:17.500#,5548.0,5593.9,5471.8,6412.0,4643.1,5939,25575.0,5498.0,2,5498.2,1,5498.4,5,5498.5,1,5499.0,1,5502.0,2,5502.2,1,5504.3,3,5504.8,3,5505.2,6,5498.5
ec2408,,13:42:19.0#,5548.0,5593.9,5471.8,6412.0,4643.1,5939,25575.0,5498.0,2,5498.2,1,5498.4,5,5498.5,1,5499.0,1,5502.0,2,5502.2,1,5504.3,3,5504.8,3,5505.2,3,5498.5
ec2408,,13:42:21.0#,5548.0,5593.9,5471.8,6412.0,4643.1,5942,25576.0,5498.0,2,5498.2,1,5498.4,5,5498.5,1,5499.0,1,5502.0,1,5502.2,1,5504.8,3,5505.4,9,5505.5,3,5501.6
ec2408,,13:42:21.500#,5548.0,5593.9,5471.8,6412.0,4643.1,5943,25577.0,5498.0,2,5498.2,1,5498.4,5,5498.5,1,5499.0,1,5502.0,1,5502.2,1,5504.8,3,5505.4,6,5505.5,6,5499.2
ec2408,,13:42:22.0#,5548.0,5593.9,5471.8,6412.0,4643.1,5945,25579.0,5497.9,3,5498.0,3,5498.2,1,5498.4,5,5498.5,1,5502.0,1,5502.2,1,5504.8,3,5505.1,3,5505.4,6,5501.3
ec2408,,13:42:22.500#,5548.0,5593.9,5471.8,6412.0,4643.1,5945,25579.0,5497.9,3,5498.0,3,5498.2,1,5498.4,5,5498.5,1,5502.0,1,5502.2,1,5504.8,3,5505.0,3,5505.1,3,5501.3
ec2408,,13:42:23.0#,5548.0,5593.9,5471.8,6412.0,4643.1,5945,25579.0,5497.9,3,5498.0,3,5498.2,1,5498.4,5,5498.5,1,5502.0,1,5502.2,1,5504.8,3,5505.0,9,5505.2,7,5501.3
ec2408,,13:42:23.500#,5548.0,5593.9,5471.8,6412.0,4643.1,5945,25579.0,5497.9,3,5498.0,3,5498.2,1,5498.4,5,5498.5,1,5502.0,1,5502.2,1,5504.8,3,5504.9,3,5505.0,6,5501.3
ec2408,,13:42:24.0#,5548.0,5593.9,5471.8,6412.0,4643.1,5945,25579.0,5497.9,3,5498.0,3,5498.2,1,5498.4,5,5498.5,1,5502.0,1,5502.2,1,5504.8,3,5504.9,3,5505.0,6,5501.3
ec2408,,13:42:24.500#,5548.0,5593.9,5471.8,6412.0,4643.1,5945,25579.0,5498.0,3,5498.2,1,5498.4,5,5498.5,1,5500.0,25,5502.0,1,5502.2,1,5504.8,6,5505.0,6,5505.2,4,5501.3
ec2408,,13:42:25.0#,5548.0,5593.9,5471.8,6412.0,4643.1,5946,25579.0,5498.0,3,5498.2,1,5498.4,5,5498.5,1,5500.0,25,5502.0,1,5502.2,1,5504.7,3,5505.8,3,5505.9,6,5500.2
ec2408,,13:42:25.500#,5548.0,5593.9,5471.8,6412.0,4643.1,5947,25580.0,5498.0,3,5498.2,1,5498.4,5,5498.5,1,5500.0,24,5502.0,1,5502.2,1,5504.7,3,5505.9,6,5506.0,9,5500.0
ec2408,,13:42:26.0#,5548.0,5593.9,5471.8,6412.0,4643.1,5947,25580.0,5498.0,3,5498.2,1,5498.4,5,5498.5,1,5500.0,24,5502.0,1,5502.2,1,5504.7,3,5505.9,9,5506.0,9,5500.0
ec2408,,13:42:26.500#,5548.0,5593.9,5471.8,6412.0,4643.1,5947,25580.0,5498.0,3,5498.2,1,5498.4,5,5498.5,1,5500.0,24,5502.0,1,5502.2,1,5504.7,3,5505.9,9,5506.0,9,5500.0
ec2408,,13:42:27.0#,5548.0,5593.9,5471.8,6412.0,4643.1,5947,25580.0,5498.0,3,5498.2,1,5498.4,5,5498.5,1,5500.0,24,5502.0,1,5502.2,1,5504.7,3,5505.9,9,5506.0,9,5500.0
ec2408,,13:42:27.500#,5548.0,5593.9,5471.8,6412.0,4643.1,5947,25580.0,5498.0,3,5498.2,1,5498.4,5,5498.5,1,5500.0,24,5502.0,1,5502.2,1,5504.7,3,5505.9,12,5506.0,6,5500.0
ec2408,,13:42:28.0#,5548.0,5593.9,5471.8,6412.0,4643.1,5947,25580.0,5498.0,3,5498.2,1,5498.4,5,5498.5,1,5500.0,24,5502.0,1,5502.2,1,5504.7,3,5505.9,9,5506.0,9,5500.0
ec2408,,13:42:28.500#,5548.0,5593.9,5471.8,6412.0,4643.1,5947,25580.0,5498.0,3,5498.2,1,5498.4,5,5498.5,1,5500.0,24,5502.0,1,5502.2,1,5504.7,3,5505.9,9,5506.0,9,5500.0
ec2408,,13:42:29.0#,5548.0,5593.9,5471.8,6412.0,4643.1,5948,25581.0,5498.0,3,5498.2,1,5498.4,5,5498.5,1,5500.0,23,5501.1,1,5502.0,1,5502.2,1,5504.7,3,5505.9,12,5500.0
ec2408,,13:42:30.500#,5548.0,5593.9,5471.8,6412.0,4643.1,5949,25582.0,5498.2,1,5498.4,5,5498.5,1,5500.0,22,5500.1,2,5501.1,1,5502.0,1,5502.2,1,5505.3,6,5505.4,3,5500.0
ec2408,,13:42:31.0#,5548.0,5593.9,5471.8,6412.0,4643.1,5949,25582.0,5498.2,1,5498.4,5,5498.5,1,5500.0,22,5500.1,2,5502.0,1,5502.2,1,5505.3,6,5505.4,3,5505.5,3,5500.0
ec2408,,13:42:31.500#,5548.0,5593.9,5471.8,6412.0,4643.1,5949,25582.0,5498.2,1,5498.4,5,5498.5,1,5500.0,22,5500.1,2,5502.0,1,5502.2,1,5505.3,6,5505.8,3,5505.9,3,5500.0
ec2408,,13:42:32.0#,5548.0,5593.9,5471.8,6412.0,4643.1,5949,25582.0,5498.2,1,5498.4,5,5498.5,1,5500.0,22,5500.1,2,5502.0,1,5502.2,1,5505.2,3,5505.3,3,5505.8,3,5500.0
ec2408,,13:42:32.500#,5548.0,5593.9,5471.8,6412.0,4643.1,5949,25582.0,5498.2,1,5498.4,5,5498.5,1,5500.0,22,5500.1,2,5502.0,1,5502.2,1,5505.2,3,5505.3,3,5505.8,3,5500.0
ec2408,,13:42:33.0#,5548.0,5593.9,5471.8,6412.0,4643.1,5949,25582.0,5498.2,1,5498.4,5,5498.5,1,5500.0,22,5500.1,2,5502.0,1,5502.2,1,5505.2,3,5505.3,3,5505.8,3,5500.0
ec2408,,13:42:33.500#,5548.0,5593.9,5471.8,6412.0,4643.1,5950,25583.0,5498.2,1,5498.4,5,5498.5,1,5500.0,22,5500.1,2,5502.2,1,5505.2,3,5505.3,3,5505.8,3,5505.9,3,5502.0
ec2408,,13:42:34.0#,5548.0,5593.9,5471.8,6412.0,4643.1,5951,25583.0,5498.2,1,5498.4,5,5498.5,1,5500.0,22,5500.1,2,5502.2,1,5505.5,3,5505.9,3,5506.1,4,5506.2,5,5502.0
ec2408,,13:42:34.500#,5548.0,5593.9,5471.8,6412.0,4643.1,5951,25583.0,5498.2,1,5498.4,5,5498.5,1,5500.0,22,5500.1,2,5502.2,1,5505.8,3,5506.1,10,5506.2,5,5506.3,3,5502.0
ec2408,,13:42:35.0#,5548.0,5593.9,5471.8,6412.0,4643.1,5951,25583.0,5498.2,1,5498.4,5,5498.5,1,5500.0,22,5500.1,2,5502.2,1,5506.0,3,5506.1,10,5506.2,5,5506.3,3,5502.0
ec2408,,13:42:35.500#,5548.0,5593.9,5471.8,6412.0,4643.1,5951,25583.0,5498.2,1,5498.4,5,5498.5,1,5500.0,22,5500.1,2,5502.1,2,5502.2,1,5506.0,3,5506.1,16,5506.3,3,5502.0
ec2408,,13:42:36.0#,5548.0,5593.9,5471.8,6412.0,4643.1,5952,25583.0,5498.2,1,5498.4,5,5498.5,1,5500.0,22,5500.1,1,5502.2,1,5506.0,3,5506.1,15,5506.3,3,5507.5,1,5500.1
ec2408,,13:42:36.500#,5548.0,5593.9,5471.8,6412.0,4643.1,5952,25583.0,5498.2,1,5498.4,5,5498.5,1,5500.0,22,5500.1,1,5502.2,1,5506.0,3,5506.1,10,5506.2,5,5506.3,3,5500.1
ec2408,,13:42:37.0#,5548.0,5593.9,5471.8,6412.0,4643.1,5952,25583.0,5498.2,1,5498.4,5,5498.5,1,5500.0,22,5500.1,1,5502.2,1,5506.0,3,5506.1,6,5506.2,5,5506.3,3,5500.1
ec2408,,13:42:37.500#,5548.0,5593.9,5471.8,6412.0,4643.1,5952,25583.0,5498.2,1,5498.4,5,5498.5,1,5500.0,22,5500.1,1,5502.2,1,5506.0,3,5506.1,4,5506.2,5,5506.3,3,5500.1
ec2408,,13:42:38.0#,5548.0,5593.9,5471.8,6412.0,4643.1,5953,25583.0,5498.2,1,5498.4,5,5498.5,1,5500.0,22,5500.1,1,5506.1,7,5506.2,2,5506.3,3,5507.5,1,5507.9,3,5502.2
ec2408,,13:42:38.500#,5548.0,5593.9,5471.8,6412.0,4643.1,5953,25583.0,5498.5,1,5500.0,22,5500.1,1,5500.2,2,5500.3,1,5505.9,1,5507.0,3,5507.3,3,5507.5,1,5508.0,4,5502.2
ec2408,,13:42:39.0#,5548.0,5593.9,5471.8,6412.0,4643.1,5953,25583.0,5498.7,3,5500.0,22,5500.1,1,5500.2,2,5500.3,1,5505.9,1,5507.0,3,5507.5,1,5508.0,6,5508.1,6,5502.2
ec2408,,13:42:39.500#,5548.0,5593.9,5471.8,6412.0,4643.1,5953,25583.0,5498.7,3,5500.0,22,5500.1,1,5500.2,2,5500.3,1,5505.9,1,5507.0,3,5507.5,1,5508.0,6,5508.1,6,5502.2
ec2408,,13:42:40.0#,5548.0,5593.9,5471.8,6412.0,4643.1,5953,25583.0,5498.7,3,5500.0,22,5500.1,1,5500.2,2,5500.3,1,5505.9,1,5507.0,3,5507.5,1,5508.0,6,5508.1,6,5502.2
ec2408,,13:42:40.500#,5548.0,5593.9,5471.8,6412.0,4643.1,5954,25583.0,5498.7,3,5500.0,22,5500.1,1,5500.2,2,5500.3,1,5507.0,3,5507.5,1,5508.0,6,5508.1,6,5508.6,3,5505.9
ec2408,,13:42:41.0#,5548.0,5593.9,5471.8,6412.0,4643.1,5954,25583.0,5499.4,3,5500.0,22,5500.1,1,5500.2,2,5500.3,1,5506.8,1,5507.5,1,5508.0,3,5508.5,3,5508.6,6,5505.9
ec2408,,13:42:41.500#,5548.0,5593.9,5471.8,6412.0,4643.1,5954,25583.0,5499.4,3,5500.0,22,5500.1,1,5500.2,2,5500.3,1,5506.8,1,5507.5,1,5508.4,3,5508.5,4,5508.6,5,5505.9
ec2408,,13:42:42.0#,5548.0,5593.9,5471.8,6412.0,4643.1,5954,25583.0,5499.4,3,5500.0,22,5500.1,1,5500.2,2,5500.3,1,5506.8,1,5507.5,1,5508.5,7,5508.6,5,5508.7,3,5505.9
ec2408,,13:42:42.500#,5548.0,5593.9,5471.8,6412.0,4643.1,5954,25583.0,5500.0,22,5500.1,1,5500.2,2,5500.3,1,5500.4,1,5506.8,1,5507.5,1,5508.5,7,5508.6,5,5508.7,3,5505.9
ec2408,,13:42:43.0#,5548.0,5593.9,5471.8,6412.0,4643.1,5954,25583.0,5500.0,22,5500.1,1,5500.2,2,5500.4,1,5500.6,1,5506.8,1,5507.5,1,5508.5,6,5508.6,3,5508.7,6,5505.9
ec2408,,13:42:43.500#,5548.0,5593.9,5471.8,6412.0,4643.1,5954,25583.0,5499.4,3,5500.0,22,5500.1,1,5500.2,2,5500.6,1,5506.8,1,5507.5,1,5508.5,6,5508.7,12,5511.0,2,5505.9
ec2408,,13:42:44.0#,5548.0,5593.9,5471.8,6412.0,4643.1,5954,25583.0,5499.4,3,5500.0,22,5500.1,1,5500.2,2,5500.6,1,5506.8,1,5507.5,1,5508.4,3,5508.5,3,5508.7,12,5505.9
ec2408,,13:42:44.500#,5548.0,5593.9,5471.8,6412.0,4643.1,5954,25583.0,5499.4,3,5500.0,22,5500.1,1,5500.2,2,5500.6,1,5506.8,1,5507.5,1,5508.5,3,5508.6,3,5508.7,12,5505.9
ec2408,,13:42:45.0#,5548.0,5593.9,5471.8,6412.0,4643.1,5954,25583.0,5499.4,3,5500.0,22,5500.1,1,5500.2,2,5500.6,1,5505.6,1,5506.8,1,5507.5,1,5508.1,3,5508.5,3,5505.9
ec2408,,13:42:45.500#,5548.0,5593.9,5471.8,6412.0,4643.1,5954,25583.0,5498.4,8,5500.0,22,5500.1,1,5500.2,2,5500.6,1,5505.4,1,5505.6,1,5507.5,1,5507.7,3,5508.0,6,5505.9
ec2408,,13:42:46.0#,5548.0,5593.9,5471.8,6412.0,4643.1,5954,25583.0,5498.4,8,5500.0,22,5500.1,1,5500.2,2,5500.6,1,5505.4,1,5505.6,1,5507.5,1,5507.7,3,5507.9,6,5505.9
ec2408,,13:42:46.500#,5548.0,5593.9,5471.8,6412.0,4643.1,5955,25584.0,5498.7,3,5500.0,22,5500.1,1,5500.2,2,5500.6,1,5507.5,1,5507.7,3,5507.8,3,5507.9,9,5508.0,6,5505.6
ec2408,,13:42:47.0#,5548.0,5593.9,5471.8,6412.0,4643.1,5955,25584.0,5499.5,3,5500.0,22,5500.1,1,5500.2,2,5500.6,1,5507.3,1,5507.5,1,5508.7,3,5509.0,7,5509.1,2,5505.6
ec2408,,13:42:47.500#,5548.0,5593.9,5471.8,6412.0,4643.1,5955,25584.0,5500.0,22,5500.1,1,5500.2,5,5500.6,1,5500.7,1,5507.3,1,5507.5,1,5508.7,3,5508.9,7,5509.0,5,5505.6
ec2408,,13:42:48.0#,5548.0,5593.9,5471.8,6412.0,4643.1,5956,25584.0,5499.9,3,5500.0,22,5500.1,1,5500.2,2,5500.7,1,5507.3,1,5507.5,1,5508.7,3,5508.9,3,5509.0,6,5500.9
ec2408,,13:42:48.500#,5548.0,5593.9,5471.8,6412.0,4643.1,5956,25584.0,5499.4,3,5500.0,22,5500.1,1,5500.2,2,5500.9,1,5507.3,1,5507.5,1,5508.7,3,5508.8,3,5508.9,3,5500.9
ec2408,,13:42:49.0#,5548.0,5593.9,5471.8,6412.0,4643.1,5956,25584.0,5499.4,3,5500.0,22,5500.1,1,5500.2,2,5500.9,1,5507.3,1,5507.5,1,5508.7,3,5508.8,3,5509.0,6,5500.9
ec2408,,13:42:49.500#,5548.0,5593.9,5471.8,6412.0,4643.1,5956,25584.0,5500.0,22,5500.1,1,5500.2,2,5500.9,1,5502.0,1,5507.3,1,5507.5,1,5508.7,3,5509.0,3,5509.1,3,5500.9
ec2408,,13:42:50.0#,5548.0,5593.9,5471.8,6412.0,4643.1,5956,25584.0,5500.0,22,5500.1,4,5500.2,2,5502.0,1,5502.2,1,5507.3,1,5507.5,1,5508.7,6,5509.4,3,5509.6,4,5500.9
ec2408,,13:42:50.500#,5548.0,5593.9,5471.8,6412.0,4643.1,5956,25584.0,5500.0,22,5500.1,4,5500.2,2,5502.0,1,5502.2,1,5507.3,1,5507.5,1,5508.7,3,5509.4,3,5509.7,4,5500.9
ec2408,,13:42:51.0#,5548.0,5593.9,5471.8,6412.0,4643.1,5956,25584.0,5500.0,22,5500.1,4,5500.2,2,5502.0,1,5502.2,1,5507.3,1,5507.5,1,5508.7,3,5509.4,3,5509.6,3,5500.9
ec2408,,13:42:51.500#,5548.0,5593.9,5471.8,6412.0,4643.1,5956,25584.0,5500.0,22,5500.1,4,5500.2,2,5502.0,1,5502.2,1,5507.3,1,5507.5,1,5508.7,3,5509.4,3,5509.7,4,5500.9
ec2408,,13:42:52.0#,5548.0,5593.9,5471.8,6412.0,4643.1,5956,25584.0,5500.0,22,5500.1,4,5500.2,2,5502.0,1,5502.2,1,5507.3,1,5507.5,1,5508.7,3,5509.4,3,5509.7,4,5500.9
ec2408,,13:42:52.500#,5548.0,5593.9,5471.8,6412.0,4643.1,5956,25584.0,5500.0,22,5500.1,4,5500.2,2,5502.0,1,5502.2,1,5507.3,1,5507.5,1,5508.7,3,5509.4,3,5509.7,4,5500.9
ec2408,,13:42:53.0#,5548.0,5593.9,5471.8,6412.0,4643.1,5956,25584.0,5500.0,22,5500.1,4,5500.2,2,5502.0,1,5502.2,1,5507.3,1,5507.5,1,5508.7,3,5509.4,3,5509.7,4,5500.9
ec2408,,13:42:53.500#,5548.0,5593.9,5471.8,6412.0,4643.1,5956,25584.0,5500.0,25,5500.1,4,5500.2,2,5502.0,1,5502.2,1,5507.3,1,5507.5,1,5508.7,3,5509.4,3,5509.7,7,5500.9
ec2408,,13:42:54.0#,5548.0,5593.9,5471.8,6412.0,4643.1,5956,25584.0,5500.0,25,5500.1,4,5500.2,2,5502.0,1,5502.2,1,5507.3,1,5507.5,1,5508.7,3,5509.4,3,5509.7,7,5500.9
ec2408,,13:42:54.500#,5548.0,5593.9,5471.8,6412.0,4643.1,5956,25584.0,5500.1,4,5500.2,2,5501.8,3,5502.0,1,5502.2,1,5507.3,1,5507.5,1,5508.7,3,5509.4,3,5509.7,4,5500.9
ec2408,,13:42:55.0#,5548.0,5593.9,5471.8,6412.0,4643.1,5956,25584.0,5500.0,22,5500.1,4,5500.2,2,5502.0,1,5502.2,1,5507.3,1,5507.5,1,5507.6,3,5508.7,3,5509.4,3,5500.9
ec2408,,13:42:55.500#,5548.0,5593.9,5471.8,6412.0,4643.1,5956,25584.0,5500.0,25,5500.1,4,5500.2,2,5502.0,1,5502.2,1,5507.3,1,5507.5,1,5508.7,3,5509.4,3,5509.7,4,5500.9
ec2408,,13:42:56.0#,5548.0,5593.9,5471.8,6412.0,4643.1,5956,25584.0,5500.0,22,5500.1,4,5500.2,2,5502.0,1,5502.2,1,5507.3,1,5507.5,1,5508.7,3,5509.4,3,5509.7,4,5500.9
ec2408,,13:42:56.500#,5548.0,5593.9,5471.8,6412.0,4643.1,5956,25584.0,5500.0,22,5500.1,4,5500.2,2,5502.0,1,5502.2,1,5507.3,1,5507.5,1,5508.7,3,5509.4,3,5509.7,4,5500.9
ec2408,,13:42:57.0#,5548.0,5593.9,5471.8,6412.0,4643.1,5956,25584.0,5500.0,22,5500.1,4,5500.2,2,5502.0,1,5502.2,1,5507.3,1,5507.5,1,5508.7,3,5509.4,3,5509.7,4,5500.9
ec2408,,13:42:57.500#,5548.0,5593.9,5471.8,6412.0,4643.1,5957,25583.0,5500.1,4,5500.2,2,5502.0,1,5502.2,1,5507.3,1,5507.5,1,5508.7,6,5509.4,3,5509.7,4,5509.8,5,5507.3
ec2408,,13:42:58.0#,5548.0,5593.9,5471.8,6412.0,4643.1,5958,25583.0,5501.4,3,5502.0,1,5502.2,1,5502.4,2,5502.5,4,5507.5,1,5510.0,3,5510.5,3,5510.7,3,5511.0,2,5507.3
ec2408,,13:42:58.500#,5548.0,5593.9,5471.8,6412.0,4643.1,5958,25583.0,5500.1,5,5500.2,2,5501.4,3,5502.0,2,5502.7,1,5507.5,1,5509.9,3,5510.0,6,5510.4,3,5510.7,3,5507.3
ec2408,,13:42:59.0#,5548.0,5593.9,5471.8,6412.0,4643.1,5958,25583.0,5500.1,6,5500.2,6,5501.4,3,5502.0,2,5502.7,1,5507.5,2,5509.9,3,5510.0,6,5510.1,6,5510.7,3,5507.3
ec2408,,13:42:59.500#,5548.0,5593.9,5471.8,6412.0,4643.1,5958,25583.0,5500.2,8,5500.3,3,5501.4,3,5502.0,2,5502.7,1,5507.5,2,5509.9,3,5510.0,7,5510.1,5,5510.3,3,5507.3
ec2408,,13:43:00.0#,5548.0,5593.9,5471.8,6412.0,4643.1,5958,25583.0,5500.1,7,5500.2,8,5500.6,3,5502.0,2,5502.7,1,5507.5,2,5509.9,6,5510.0,7,5510.1,5,5511.0,2,5507.3
ec2408,,13:43:00.500#,5548.0,5593.9,5471.8,6412.0,4643.1,5958,25583.0,5500.1,7,5500.2,8,5500.6,3,5502.0,2,5502.7,1,5507.5,2,5509.9,6,5510.0,7,5510.1,5,5511.0,2,5507.3
ec2408,,13:43:01.0#,5548.0,5593.9,5471.8,6412.0,4643.1,5958,25583.0,5500.1,7,5500.2,8,5500.6,3,5502.0,2,5502.7,1,5507.5,2,5509.9,6,5510.0,7,5510.1,5,5511.0,2,5507.3
ec2408,,13:43:01.500#,5548.0,5593.9,5471.8,6412.0,4643.1,5958,25583.0,5500.1,7,5500.2,8,5500.6,3,5502.0,2,5502.7,1,5507.5,2,5509.9,6,5510.0,7,5510.1,5,5511.0,2,5507.3
ec2408,,13:43:02.0#,5548.0,5593.9,5471.8,6412.0,4643.1,5958,25583.0,5500.1,7,5500.2,8,5500.6,3,5502.0,2,5502.7,1,5507.5,2,5509.9,6,5510.0,7,5510.1,5,5511.0,2,5507.3
ec2408,,13:43:02.500#,5548.0,5593.9,5471.8,6412.0,4643.1,5958,25583.0,5500.1,7,5500.2,8,5500.6,3,5502.0,2,5502.7,1,5507.5,2,5509.9,6,5510.0,7,5510.1,5,5511.0,2,5507.3
ec2408,,13:43:03.0#,5548.0,5593.9,5471.8,6412.0,4643.1,5958,25583.0,5500.2,8,5500.6,3,5500.7,3,5502.0,2,5502.7,1,5507.5,2,5509.9,6,5510.0,7,5510.1,5,5510.7,3,5507.3
ec2408,,13:43:03.500#,5548.0,5593.9,5471.8,6412.0,4643.1,5958,25583.0,5500.1,7,5500.2,8,5500.6,6,5502.0,2,5502.7,1,5507.5,2,5509.9,6,5510.0,7,5510.1,5,5510.6,3,5507.3
ec2408,,13:43:04.0#,5548.0,5593.9,5471.8,6412.0,4643.1,5958,25583.0,5500.2,8,5500.6,3,5500.7,3,5502.0,2,5502.7,1,5507.5,2,5509.9,6,5510.0,7,5510.1,5,5510.7,3,5507.3
ec2408,,13:43:04.500#,5548.0,5593.9,5471.8,6412.0,4643.1,5958,25583.0,5500.2,8,5500.6,3,5500.9,3,5502.0,2,5502.7,1,5507.5,2,5509.9,6,5510.0,7,5510.1,5,5510.9,3,5507.3
ec2408,,13:43:05.0#,5548.0,5593.9,5471.8,6412.0,4643.1,5958,25583.0,5500.2,8,5500.6,3,5500.9,3,5502.0,2,5502.7,1,5507.5,2,5509.9,6,5510.0,7,5510.1,5,5510.9,3,5507.3
ec2408,,13:43:05.500#,5548.0,5593.9,5471.8,6412.0,4643.1,5959,25584.0,5500.3,3,5500.6,3,5502.0,2,5502.7,1,5503.0,1,5507.5,1,5509.9,3,5510.0,7,5510.1,2,5510.3,3,5507.5
ec2408,,13:43:06.0#,5548.0,5593.9,5471.8,6412.0,4643.1,5959,25584.0,5501.4,3,5501.5,3,5502.0,2,5503.0,1,5503.2,1,5509.8,1,5510.0,3,5510.2,4,5510.3,2,5510.7,3,5507.5
ec2408,,13:43:06.500#,5548.0,5593.9,5471.8,6412.0,4643.1,5959,25584.0,5501.5,5,5501.6,4,5502.0,2,5503.0,1,5503.2,1,5509.7,1,5509.8,1,5510.4,3,5510.7,3,5511.0,2,5507.5
ec2408,,13:43:07.0#,5548.0,5593.9,5471.8,6412.0,4643.1,5959,25584.0,5501.5,3,5501.6,3,5502.0,2,5503.0,1,5503.2,1,5509.5,1,5509.7,1,5510.4,3,5510.7,3,5511.0,2,5507.5
ec2408,,13:43:07.500#,5548.0,5593.9,5471.8,6412.0,4643.1,5959,25584.0,5501.4,9,5501.5,3,5502.0,2,5503.0,1,5503.2,1,5509.5,1,5510.4,3,5510.7,3,5511.0,2,5511.3,4,5507.5
ec2408,,13:43:08.0#,5548.0,5593.9,5471.8,6412.0,4643.1,5959,25584.0,5501.4,9,5501.5,3,5502.0,2,5503.0,1,5503.2,1,5509.5,1,5510.4,3,5510.7,3,5511.0,2,5511.3,4,5507.5
ec2408,,13:43:08.500#,5548.0,5593.9,5471.8,6412.0,4643.1,5959,25584.0,5500.6,3,5501.4,9,5501.5,3,5502.0,2,5503.2,1,5509.5,1,5510.4,3,5510.7,3,5511.0,2,5511.3,4,5507.5
ec2408,,13:43:09.0#,5548.0,5593.9,5471.8,6412.0,4643.1,5959,25584.0,5501.2,3,5501.4,9,5501.5,3,5502.0,2,5503.2,1,5509.5,1,5510.4,3,5510.7,3,5511.0,2,5511.2,3,5507.5
ec2408,,13:43:09.500#,5548.0,5593.9,5471.8,6412.0,4643.1,5959,25584.0,5500.6,3,5501.4,9,5501.5,3,5502.0,2,5503.2,1,5509.5,1,5510.4,3,5510.7,3,5511.0,2,5511.3,4,5507.5
ec2408,,13:43:10.0#,5548.0,5593.9,5471.8,6412.0,4643.1,5960,25584.0,5501.4,9,5501.5,3,5502.0,2,5503.2,1,5509.5,2,5510.4,3,5510.7,3,5511.0,2,5511.3,4,5511.4,5,5509.5
ec2408,,13:43:10.500#,5548.0,5593.9,5471.8,6412.0,4643.1,5960,25584.0,5503.2,1,5504.9,2,5505.0,4,5505.4,3,5509.5,2,5511.0,2,5511.5,1,5512.4,2,5513.4,1,5514.0,1,5509.5
ec2408,,13:43:11.0#,5548.0,5593.9,5471.8,6412.0,4643.1,5960,25584.0,5503.2,1,5504.4,3,5505.3,3,5505.4,6,5509.5,2,5511.0,2,5511.5,1,5512.4,2,5513.4,1,5514.0,1,5509.5
ec2408,,13:43:11.500#,5548.0,5593.9,5471.8,6412.0,4643.1,5960,25584.0,5503.2,1,5504.4,3,5505.3,3,5505.4,9,5509.5,2,5511.0,2,5511.5,1,5512.4,2,5513.1,3,5513.4,1,5509.5
ec2408,,13:43:12.0#,5548.0,5593.9,5471.8,6412.0,4643.1,5960,25584.0,5503.6,3,5504.4,3,5505.3,3,5505.4,9,5509.5,2,5511.0,2,5511.5,1,5512.4,2,5513.4,1,5513.6,3,5509.5
ec2408,,13:43:12.500#,5548.0,5593.9,5471.8,6412.0,4643.1,5960,25584.0,5503.6,3,5504.4,3,5505.3,6,5505.4,9,5509.5,2,5511.0,2,5511.5,1,5512.4,2,5513.4,1,5513.6,3,5509.5
ec2408,,13:43:13.0#,5548.0,5593.9,5471.8,6412.0,4643.1,5960,25584.0,5503.2,1,5504.4,3,5505.3,6,5505.4,9,5509.5,2,5511.0,2,5511.5,1,5512.4,2,5513.1,3,5513.4,1,5509.5
ec2408,,13:43:13.500#,5548.0,5593.9,5471.8,6412.0,4643.1,5960,25584.0,5503.2,4,5504.4,3,5505.3,6,5505.4,9,5509.5,2,5511.0,2,5511.5,1,5512.4,2,5513.2,3,5513.4,1,5509.5
ec2408,,13:43:14.0#,5548.0,5593.9,5471.8,6412.0,4643.1,5960,25584.0,5503.6,3,5504.4,3,5505.3,6,5505.4,9,5509.5,2,5511.0,2,5511.5,1,5512.4,2,5513.4,1,5513.6,3,5509.5
ec2408,,13:43:14.500#,5548.0,5593.9,5471.8,6412.0,4643.1,5960,25584.0,5503.2,4,5504.4,3,5505.3,6,5505.4,9,5509.5,2,5511.0,2,5511.5,1,5512.4,2,5513.2,3,5513.4,1,5509.5
ec2408,,13:43:15.0#,5548.0,5593.9,5471.8,6412.0,4643.1,5960,25584.0,5503.2,1,5504.4,3,5505.3,6,5505.4,9,5509.5,2,5511.0,2,5511.5,1,5512.4,2,5513.4,1,5514.0,1,5509.5
ec2408,,13:43:15.500#,5548.0,5593.9,5471.8,6412.0,4643.1,5960,25584.0,5504.0,3,5504.4,3,5505.3,6,5505.4,9,5509.5,2,5511.0,2,5511.5,1,5512.4,2,5513.4,1,5514.0,4,5509.5
ec2408,,13:43:16.0#,5548.0,5593.9,5471.8,6412.0,4643.1,5960,25584.0,5503.9,3,5504.4,3,5505.3,6,5505.4,9,5509.5,2,5511.0,2,5511.5,1,5512.4,2,5513.4,1,5513.9,3,5509.5
ec2408,,13:43:16.500#,5548.0,5593.9,5471.8,6412.0,4643.1,5960,25584.0,5503.2,1,5504.4,3,5505.3,6,5505.4,9,5509.5,2,5511.0,2,5511.5,1,5511.9,3,5512.4,2,5513.4,1,5509.5
ec2408,,13:43:17.0#,5548.0,5593.9,5471.8,6412.0,4643.1,5960,25584.0,5503.2,1,5504.4,3,5505.3,6,5505.4,9,5509.5,2,5511.0,2,5511.5,1,5512.4,2,5513.4,1,5514.0,1,5509.5
ec2408,,13:43:17.500#,5548.0,5593.9,5471.8,6412.0,4643.1,5960,25584.0,5503.2,1,5504.4,3,5505.3,6,5505.4,9,5509.5,2,5511.0,2,5511.5,1,5512.4,2,5512.5,3,5513.4,1,5509.5
ec2408,,13:43:18.0#,5548.0,5593.9,5471.8,6412.0,4643.1,5960,25584.0,5503.5,3,5504.4,3,5505.3,6,5505.4,9,5509.5,2,5511.0,2,5511.5,1,5512.4,2,5513.4,1,5513.5,3,5509.5
ec2408,,13:43:18.500#,5548.0,5593.9,5471.8,6412.0,4643.1,5960,25584.0,5504.4,3,5505.2,3,5505.3,6,5505.4,9,5509.5,2,5511.0,2,5511.5,1,5512.4,2,5513.4,1,5514.0,1,5509.5
ec2408,,13:43:19.0#,5548.0,5593.9,5471.8,6412.0,4643.1,5960,25584.0,5504.4,3,5505.2,3,5505.3,6,5505.4,9,5509.5,2,5511.0,2,5511.5,1,5512.4,2,5512.6,3,5513.4,1,5509.5
ec2408,,13:43:19.500#,5548.0,5593.9,5471.8,6412.0,4643.1,5960,25584.0,5504.4,3,5505.2,3,5505.3,6,5505.4,9,5509.5,2,5511.0,2,5511.5,1,5512.4,2,5513.4,4,5514.0,1,5509.5
ec2408,,13:43:20.0#,5548.0,5593.9,5471.8,6412.0,4643.1,5960,25584.0,5504.5,3,5505.2,3,5505.3,6,5505.4,9,5509.5,2,5511.0,2,5511.5,1,5512.4,2,5513.4,1,5514.0,1,5509.5
ec2408,,13:43:20.500#,5548.0,5593.9,5471.8,6412.0,4643.1,5960,25584.0,5504.4,3,5505.2,3,5505.3,6,5505.4,9,5509.5,2,5511.0,2,5511.5,1,5512.4,2,5513.4,1,5513.8,3,5509.5
ec2408,,13:43:21.0#,5548.0,5593.9,5471.8,6412.0,4643.1,5960,25584.0,5503.2,1,5504.4,3,5505.3,6,5505.4,9,5509.5,2,5511.0,2,5511.2,3,5511.5,1,5512.4,2,5513.4,1,5509.5
ec2408,,13:43:21.500#,5548.0,5593.9,5471.8,6412.0,4643.1,5960,25584.0,5503.2,1,5504.4,3,5505.3,6,5505.4,9,5509.5,2,5511.0,2,5511.5,1,5512.1,3,5512.4,2,5513.4,1,5509.5
ec2408,,13:43:22.0#,5548.0,5593.9,5471.8,6412.0,4643.1,5962,25583.0,5503.2,1,5504.0,3,5505.2,3,5505.3,3,5505.4,9,5509.5,3,5511.0,2,5511.5,1,5512.4,2,5513.4,1,5509.5
ec2408,,13:43:22.500#,5548.0,5593.9,5471.8,6412.0,4643.1,5962,25583.0,5502.4,3,5502.5,3,5502.6,3,5503.0,3,5505.6,1,5509.1,1,5509.5,4,5511.0,2,5511.5,1,5512.3,6,5509.5
ec2408,,13:43:23.0#,5548.0,5593.9,5471.8,6412.0,4643.1,5962,25583.0,5501.6,3,5502.0,2,5502.4,3,5502.5,3,5502.8,1,5508.9,1,5509.1,1,5509.8,3,5510.9,3,5511.0,2,5509.5
ec2408,,13:43:23.500#,5548.0,5593.9,5471.8,6412.0,4643.1,5962,25583.0,5501.0,3,5501.1,3,5501.6,3,5502.0,2,5502.8,1,5508.5,1,5508.9,1,5510.8,4,5510.9,8,5511.0,2,5509.5
ec2408,,13:43:24.0#,5548.0,5593.9,5471.8,6412.0,4643.1,5962,25583.0,5500.8,3,5500.9,3,5501.4,3,5502.0,2,5502.8,1,5508.2,1,5508.3,1,5510.2,3,5510.6,4,5510.7,2,5509.5
ec2408,,13:43:24.500#,5548.0,5593.9,5471.8,6412.0,4643.1,5962,25583.0,5500.6,4,5500.9,3,5501.6,3,5502.0,2,5502.8,1,5507.9,1,5508.0,1,5510.2,3,5510.4,6,5510.5,6,5509.5
ec2408,,13:43:25.0#,5548.0,5593.9,5471.8,6412.0,4643.1,5962,25583.0,5500.5,3,5500.6,3,5500.9,3,5502.0,2,5502.8,1,5507.6,1,5507.7,1,5510.2,6,5510.3,7,5510.4,2,5509.5
ec2408,,13:43:25.500#,5548.0,5593.9,5471.8,6412.0,4643.1,5962,25583.0,5500.2,4,5500.3,7,5500.9,3,5502.0,2,5502.8,1,5507.4,1,5507.6,1,5510.1,9,5510.2,9,5511.0,2,5509.5
ec2408,,13:43:26.0#,5548.0,5593.9,5471.8,6412.0,4643.1,5962,25583.0,5500.2,6,5500.3,3,5500.9,3,5502.0,2,5502.8,1,5507.4,1,5507.6,1,5510.0,6,5510.1,9,5510.2,3,5509.5
ec2408,,13:43:26.500#,5548.0,5593.9,5471.8,6412.0,4643.1,5962,25583.0,5500.2,6,5500.3,3,5500.9,3,5502.0,2,5502.8,1,5507.0,1,5507.4,1,5509.9,3,5510.0,9,5510.1,3,5509.5
ec2408,,13:43:27.0#,5548.0,5593.9,5471.8,6412.0,4643.1,5962,25583.0,5500.0,36,5500.1,7,5500.2,5,5502.0,2,5502.8,1,5506.8,1,5507.0,1,5509.4,3,5509.8,6,5509.9,9,5509.5
ec2408,,13:43:27.500#,5548.0,5593.9,5471.8,6412.0,4643.1,5962,25583.0,5500.1,10,5500.2,2,5501.0,3,5502.0,2,5502.8,1,5506.8,1,5507.0,1,5509.4,3,5509.7,9,5509.8,9,5509.5
ec2408,,13:43:28.0#,5548.0,5593.9,5471.8,6412.0,4643.1,5962,25583.0,5500.0,32,5500.1,10,5500.2,2,5502.0,2,5502.8,1,5506.8,1,5507.0,1,5509.4,3,5509.6,3,5509.7,9,5509.5
ec2408,,13:43:28.500#,5548.0,5593.9,5471.8,6412.0,4643.1,5962,25583.0,5500.1,10,5500.2,2,5502.0,2,5502.8,1,5503.0,1,5506.8,1,5507.0,1,5509.4,3,5509.6,9,5509.7,3,5509.5
ec2408,,13:43:29.0#,5548.0,5593.9,5471.8,6412.0,4643.1,5963,25583.0,5500.1,13,5500.2,2,5502.0,2,5503.0,1,5503.2,1,5506.9,1,5509.4,3,5509.5,3,5509.7,3,5509.8,6,5503.3
ec2408,,13:43:29.500#,5548.0,5593.9,5471.8,6412.0,4643.1,5963,25583.0,5500.2,5,5501.5,3,5502.0,2,5503.0,1,5503.2,1,5509.3,1,5509.8,3,5510.0,7,5510.1,2,5510.8,3,5503.3
ec2408,,13:43:30.0#,5548.0,5593.9,5471.8,6412.0,4643.1,5963,25583.0,5501.4,3,5501.5,3,5502.0,2,5503.0,1,5503.2,1,5508.9,1,5509.3,1,5509.9,3,5510.8,3,5511.0,2,5503.3
ec2408,,13:43:30.500#,5548.0,5593.9,5471.8,6412.0,4643.1,5963,25583.0,5501.2,3,5501.5,3,5502.0,2,5503.0,1,5503.2,1,5508.7,1,5508.9,1,5509.9,3,5510.8,3,5511.0,9,5503.3
ec2408,,13:43:31.0#,5548.0,5593.9,5471.8,6412.0,4643.1,5963,25583.0,5501.1,3,5501.5,3,5502.0,2,5503.0,1,5503.2,1,5508.7,1,5509.9,3,5510.8,3,5510.9,4,5511.0,10,5503.3
ec2408,,13:43:31.500#,5548.0,5593.9,5471.8,6412.0,4643.1,5963,25583.0,5501.1,3,5501.5,3,5502.0,2,5503.0,1,5503.2,1,5508.3,1,5508.7,1,5510.8,9,5510.9,7,5511.0,4,5503.3
ec2408,,13:43:32.0#,5548.0,5593.9,5471.8,6412.0,4643.1,5963,25583.0,5501.0,3,5501.5,3,5502.0,2,5503.0,1,5503.2,1,5507.9,1,5508.1,1,5510.6,3,5510.7,7,5510.8,5,5503.3
ec2408,,13:43:32.500#,5548.0,5593.9,5471.8,6412.0,4643.1,5963,25583.0,5501.4,3,5501.5,3,5502.0,2,5503.0,1,5503.2,1,5507.7,1,5510.5,7,5510.6,5,5510.7,3,5510.8,3,5503.3
ec2408,,13:43:33.0#,5548.0,5593.9,5471.8,6412.0,4643.1,5963,25583.0,5501.5,3,5501.8,3,5502.0,2,5503.0,1,5503.2,1,5510.2,2,5510.3,1,5510.4,4,5510.5,5,5510.8,3,5503.3
ec2408,,13:43:33.500#,5548.0,5593.9,5471.8,6412.0,4643.1,5963,25583.0,5501.7,3,5501.8,3,5502.0,2,5503.0,1,5503.2,1,5509.8,1,5510.0,1,5510.2,2,5510.4,3,5510.8,3,5503.3
ec2408,,13:43:34.0#,5548.0,5593.9,5471.8,6412.0,4643.1,5963,25583.0,5501.5,5,5501.6,4,5502.0,2,5503.0,1,5503.2,1,5509.5,1,5509.6,1,5510.2,1,5510.4,3,5510.8,3,5503.3
ec2408,,13:43:34.500#,5548.0,5593.9,5471.8,6412.0,4643.1,5963,25583.0,5501.4,3,5501.5,6,5502.0,2,5503.0,1,5503.2,1,5509.1,1,5509.3,1,5510.2,1,5510.7,3,5510.8,3,5503.3
ec2408,,13:43:35.0#,5548.0,5593.9,5471.8,6412.0,4643.1,5963,25583.0,5501.3,3,5501.5,3,5502.0,2,5503.0,1,5503.2,1,5508.7,1,5508.9,1,5510.2,1,5510.7,3,5510.8,3,5503.3
ec2408,,13:43:35.500#,5548.0,5593.9,5471.8,6412.0,4643.1,5963,25583.0,5501.1,3,5501.5,3,5502.0,2,5503.0,1,5503.2,1,5508.3,1,5508.5,1,5510.2,1,5510.7,3,5510.8,6,5503.3
ec2408,,13:43:36.0#,5548.0,5593.9,5471.8,6412.0,4643.1,5963,25583.0,5500.9,3,5501.5,3,5502.0,2,5503.0,1,5503.2,1,5507.9,1,5508.1,1,5510.2,1,5510.6,3,5510.7,7,5503.3
ec2408,,13:43:36.500#,5548.0,5593.9,5471.8,6412.0,4643.1,5963,25583.0,5500.7,6,5501.5,3,5502.0,2,5503.0,1,5503.2,1,5507.5,1,5507.7,1,5510.2,1,5510.4,3,5510.5,4,5503.3
ec2408,,13:43:37.0#,5548.0,5593.9,5471.8,6412.0,4643.1,5963,25583.0,5500.5,3,5500.6,3,5500.8,3,5502.0,2,5503.2,1,5507.1,1,5507.3,1,5510.1,3,5510.2,4,5510.3,7,5503.3
ec2408,,13:43:37.500#,5548.0,5593.9,5471.8,6412.0,4643.1,5963,25583.0,5500.3,3,5500.4,3,5500.8,3,5502.0,2,5503.2,1,5506.8,1,5507.1,1,5510.0,3,5510.1,7,5510.2,12,5503.3
ec2408,,13:43:38.0#,5548.0,5593.9,5471.8,6412.0,4643.1,5963,25583.0,5500.2,2,5500.3,3,5500.8,3,5502.0,2,5503.2,1,5506.4,1,5507.1,1,5509.8,3,5509.9,3,5510.0,9,5503.3
ec2408,,13:43:38.500#,5548.0,5593.9,5471.8,6412.0,4643.1,5963,25583.0,5500.0,32,5500.1,4,5500.2,2,5500.8,3,5502.0,2,5506.4,1,5507.1,1,5509.2,3,5509.6,3,5509.7,3,5503.3
ec2408,,13:43:39.0#,5548.0,5593.9,5471.8,6412.0,4643.1,5963,25583.0,5500.0,32,5500.1,4,5500.2,2,5502.0,2,5502.2,1,5506.0,1,5506.3,1,5509.1,9,5509.2,6,5509.5,3,5503.3
ec2408,,13:43:39.500#,5548.0,5593.9,5471.8,6412.0,4643.1,5963,25583.0,5500.0,32,5500.1,1,5500.2,2,5502.0,2,5502.2,1,5505.6,1,5506.0,1,5508.9,3,5509.0,6,5509.1,12,5503.3
ec2408,,13:43:40.0#,5548.0,5593.9,5471.8,6412.0,4643.1,5963,25583.0,5499.8,3,5500.0,32,5500.1,1,5500.2,2,5502.0,2,5505.6,1,5506.0,1,5508.8,6,5508.9,9,5509.0,3,5503.3
ec2408,,13:43:40.500#,5548.0,5593.9,5471.8,6412.0,4643.1,5963,25583.0,5500.1,1,5500.2,2,5500.6,3,5502.0,2,5502.2,1,5505.6,1,5506.0,1,5508.7,3,5508.8,12,5508.9,3,5503.3
