InstrumentId,ExchangeId,Datetime,OpenPrice,HighestPrice,LowestPrice,UpperLimitPrice,LowerLimitPrice,Volume,OpenInterest,BidPrice5,BidVolume5,BidPrice4,BidVolume4,BidPrice3,BidVolume3,BidPrice2,BidVolume2,BidPrice1,BidVolume1,AskPrice1,AskVolume1,AskPrice2,AskVolume2,AskPrice3,AskVolume3,AskPrice4,AskVolume4,AskPrice5,AskVolume5,LastPrice
ec2412,,13:38:35.0#,2910.0,2995.4,2723.4,3488.2,2525.9,18147,18183.0,2762.2,1,2765.0,2,2768.0,11,2768.4,7,2768.5,2,2775.6,2,2776.5,2,2776.6,1,2777.3,3,2778.0,1,2770.0
ec2412,,13:38:35.500#,2910.0,2995.4,2723.4,3488.2,2525.9,18147,18183.0,2768.0,11,2768.4,7,2768.5,2,2769.6,1,2769.7,1,2773.0,1,2775.6,2,2776.5,2,2777.3,3,2778.0,1,2770.0
ec2412,,13:38:36.0#,2910.0,2995.4,2723.4,3488.2,2525.9,18149,18182.0,2765.0,2,2768.0,11,2768.4,7,2768.5,1,2769.7,1,2775.6,2,2776.5,2,2777.3,3,2778.0,1,2781.2,1,2769.8
ec2412,,13:38:36.500#,2910.0,2995.4,2723.4,3488.2,2525.9,18149,18182.0,2765.0,2,2768.0,11,2768.4,7,2768.5,1,2769.7,1,2776.5,2,2777.3,2,2778.0,1,2782.0,10,2784.5,2,2769.8
ec2412,,13:38:37.0#,2910.0,2995.4,2723.4,3488.2,2525.9,18151,18184.0,2768.0,11,2768.4,7,2768.5,2,2768.6,1,2769.3,1,2777.3,2,2778.0,1,2782.0,10,2784.5,2,2785.0,2,2769.7
ec2412,,13:38:38.0#,2910.0,2995.4,2723.4,3488.2,2525.9,18151,18184.0,2768.4,7,2768.5,2,2769.3,1,2769.4,1,2770.0,1,2777.3,2,2778.0,1,2782.0,10,2784.5,2,2785.0,2,2769.7
ec2412,,13:38:38.500#,2910.0,2995.4,2723.4,3488.2,2525.9,18151,18184.0,2768.4,7,2768.5,1,2769.3,1,2769.4,1,2770.0,1,2778.0,1,2782.0,10,2784.5,2,2785.0,2,2786.0,1,2769.7
ec2412,,13:38:39.0#,2910.0,2995.4,2723.4,3488.2,2525.9,18151,18184.0,2768.5,1,2769.3,1,2769.7,1,2770.0,1,2770.1,1,2777.3,1,2778.0,1,2782.0,10,2784.5,2,2785.0,2,2769.7
ec2412,,13:38:39.500#,2910.0,2995.4,2723.4,3488.2,2525.9,18152,18184.0,2768.4,7,2768.5,1,2769.3,1,2769.7,1,2770.0,1,2777.3,1,2778.0,1,2782.0,10,2784.5,2,2785.0,2,2770.0
ec2412,,13:38:41.0#,2910.0,2995.4,2723.4,3488.2,2525.9,18152,18184.0,2768.4,7,2768.5,1,2769.3,1,2769.7,1,2770.0,1,2776.4,1,2777.3,1,2778.0,1,2782.0,10,2784.5,2,2770.0
ec2412,,13:38:41.500#,2910.0,2995.4,2723.4,3488.2,2525.9,18152,18184.0,2768.0,11,2768.4,7,2768.5,1,2769.3,1,2770.0,1,2776.7,1,2777.3,1,2778.0,1,2782.0,10,2784.5,2,2770.0
ec2412,,13:38:42.0#,2910.0,2995.4,2723.4,3488.2,2525.9,18152,18184.0,2765.0,2,2768.0,11,2768.4,7,2768.5,1,2770.0,1,2776.9,2,2777.3,1,2778.0,1,2782.0,10,2784.5,2,2770.0
ec2412,,13:38:42.500#,2910.0,2995.4,2723.4,3488.2,2525.9,18152,18184.0,2768.0,11,2768.4,7,2768.5,1,2770.0,1,2770.1,3,2776.8,2,2776.9,2,2777.3,1,2778.0,1,2782.0,10,2770.0
ec2412,,13:38:43.0#,2910.0,2995.4,2723.4,3488.2,2525.9,18152,18184.0,2768.0,11,2768.4,7,2768.5,1,2770.0,1,2770.1,3,2776.9,1,2777.3,2,2778.0,1,2782.0,10,2784.5,2,2770.0
ec2412,,13:38:43.500#,2910.0,2995.4,2723.4,3488.2,2525.9,18152,18184.0,2768.0,11,2768.4,7,2768.5,1,2770.0,1,2770.1,3,2775.0,1,2776.9,1,2777.3,2,2778.0,1,2782.0,10,2770.0
ec2412,,13:38:44.500#,2910.0,2995.4,2723.4,3488.2,2525.9,18152,18184.0,2768.0,11,2768.4,7,2768.5,1,2770.0,2,2770.1,3,2775.0,1,2776.9,1,2777.3,2,2778.0,1,2782.0,10,2770.0
ec2412,,13:38:45.0#,2910.0,2995.4,2723.4,3488.2,2525.9,18152,18184.0,2768.0,11,2768.4,7,2768.5,1,2770.0,2,2770.1,3,2775.0,1,2776.8,1,2776.9,1,2777.3,2,2778.0,1,2770.0
ec2412,,13:38:46.0#,2910.0,2995.4,2723.4,3488.2,2525.9,18153,18184.0,2768.0,11,2768.4,7,2768.5,1,2770.0,2,2770.1,2,2775.0,1,2776.9,1,2777.3,2,2778.0,1,2782.0,10,2770.1
ec2412,,13:38:46.500#,2910.0,2995.4,2723.4,3488.2,2525.9,18153,18184.0,2768.0,11,2768.4,7,2768.5,1,2770.0,2,2770.1,2,2774.9,1,2775.0,1,2776.9,1,2777.3,2,2778.0,1,2770.1
ec2412,,13:38:47.500#,2910.0,2995.4,2723.4,3488.2,2525.9,18153,18184.0,2768.0,11,2768.4,6,2768.5,1,2770.0,2,2770.1,2,2774.2,1,2775.0,1,2776.9,1,2777.3,2,2778.0,1,2770.1
ec2412,,13:38:48.0#,2910.0,2995.4,2723.4,3488.2,2525.9,18153,18184.0,2768.0,11,2768.4,6,2768.5,1,2770.0,1,2770.1,2,2774.2,1,2775.0,1,2776.9,1,2777.3,2,2778.0,1,2770.1
ec2412,,13:38:48.500#,2910.0,2995.4,2723.4,3488.2,2525.9,18153,18184.0,2768.0,11,2768.4,6,2768.5,1,2770.0,1,2770.1,2,2774.2,1,2775.0,1,2775.1,1,2776.9,1,2777.3,2,2770.1
ec2412,,13:38:49.0#,2910.0,2995.4,2723.4,3488.2,2525.9,18153,18184.0,2765.0,2,2768.0,11,2768.4,6,2768.5,1,2770.0,1,2770.1,1,2774.2,1,2775.0,1,2775.1,1,2776.9,1,2770.1
ec2412,,13:38:49.500#,2910.0,2995.4,2723.4,3488.2,2525.9,18154,18183.0,2762.1,1,2762.2,1,2765.0,2,2768.0,11,2768.4,6,2770.1,1,2774.2,1,2775.0,1,2775.1,1,2776.9,1,2770.0
ec2412,,13:38:50.0#,2910.0,2995.4,2723.4,3488.2,2525.9,18154,18183.0,2762.1,1,2762.2,1,2765.0,2,2768.0,11,2768.4,6,2770.1,2,2774.2,1,2775.0,1,2775.1,1,2776.9,1,2770.0
ec2412,,13:38:50.500#,2910.0,2995.4,2723.4,3488.2,2525.9,18154,18183.0,2762.1,1,2762.2,1,2765.0,2,2768.0,11,2768.4,6,2770.1,2,2774.2,1,2775.0,1,2775.1,1,2776.9,1,2770.0
ec2412,,13:38:51.0#,2910.0,2995.4,2723.4,3488.2,2525.9,18155,18183.0,2762.1,1,2762.2,1,2765.0,2,2768.0,11,2768.4,5,2770.1,2,2774.2,1,2775.0,1,2775.1,1,2776.9,1,2768.4
ec2412,,13:38:52.0#,2910.0,2995.4,2723.4,3488.2,2525.9,18155,18183.0,2762.2,1,2765.0,2,2768.0,11,2768.4,2,2768.9,3,2770.1,2,2774.2,1,2775.0,1,2775.1,1,2776.9,1,2768.4
ec2412,,13:38:52.500#,2910.0,2995.4,2723.4,3488.2,2525.9,18155,18183.0,2762.2,1,2765.0,2,2768.0,11,2768.4,2,2768.9,3,2770.1,2,2774.2,1,2775.0,1,2775.1,1,2777.3,1,2768.4
ec2412,,13:38:53.500#,2910.0,2995.4,2723.4,3488.2,2525.9,18157,18183.0,2762.2,1,2765.0,2,2768.0,11,2768.4,2,2768.9,1,2770.1,2,2774.2,1,2775.0,1,2775.1,1,2777.3,1,2768.9
ec2412,,13:38:55.500#,2910.0,2995.4,2723.4,3488.2,2525.9,18157,18183.0,2762.2,1,2765.0,2,2768.0,10,2768.4,2,2768.9,1,2770.1,2,2774.6,1,2775.0,1,2775.1,1,2777.3,1,2768.9
ec2412,,13:38:56.0#,2910.0,2995.4,2723.4,3488.2,2525.9,18157,18183.0,2762.2,1,2765.0,2,2768.0,10,2768.4,2,2768.9,1,2770.1,2,2774.6,1,2775.0,1,2775.1,1,2777.3,1,2768.9
ec2412,,13:38:57.0#,2910.0,2995.4,2723.4,3488.2,2525.9,18157,18183.0,2762.2,1,2765.0,2,2768.0,10,2768.4,2,2768.9,1,2770.1,2,2774.6,1,2775.0,1,2775.1,1,2777.3,1,2768.9
ec2412,,13:38:59.0#,2910.0,2995.4,2723.4,3488.2,2525.9,18158,18182.0,2762.1,1,2762.2,1,2765.0,2,2768.0,10,2768.4,2,2770.1,2,2774.6,1,2775.0,1,2775.1,1,2777.3,1,2768.9
ec2412,,13:39:00.0#,2910.0,2995.4,2723.4,3488.2,2525.9,18158,18182.0,2762.1,1,2762.2,1,2765.0,2,2768.0,10,2768.4,2,2768.9,1,2770.1,2,2774.6,1,2775.0,1,2775.1,1,2768.9
ec2412,,13:39:00.500#,2910.0,2995.4,2723.4,3488.2,2525.9,18158,18182.0,2762.1,1,2762.2,1,2765.0,2,2768.0,10,2768.4,2,2768.9,1,2770.1,2,2774.6,1,2775.0,1,2775.1,1,2768.9
ec2412,,13:39:03.0#,2910.0,2995.4,2723.4,3488.2,2525.9,18159,18181.0,2762.1,1,2762.2,1,2765.0,2,2768.0,10,2768.4,1,2768.9,1,2770.1,2,2774.6,1,2775.0,1,2775.1,1,2768.4
ec2412,,13:39:03.500#,2910.0,2995.4,2723.4,3488.2,2525.9,18159,18181.0,2762.1,1,2762.2,1,2765.0,2,2768.0,10,2768.4,1,2768.9,1,2770.1,1,2774.6,1,2775.0,1,2775.1,1,2768.4
ec2412,,13:39:04.500#,2910.0,2995.4,2723.4,3488.2,2525.9,18160,18182.0,2762.1,1,2762.2,1,2765.0,2,2768.0,10,2768.4,1,2770.1,1,2774.6,1,2775.0,1,2775.1,1,2777.3,1,2768.9
ec2412,,13:39:05.0#,2910.0,2995.4,2723.4,3488.2,2525.9,18161,18182.0,2761.4,1,2762.1,1,2762.2,1,2765.0,2,2768.0,10,2770.1,1,2774.6,1,2775.0,1,2775.1,1,2777.3,1,2768.4
ec2412,,13:39:06.0#,2910.0,2995.4,2723.4,3488.2,2525.9,18161,18182.0,2761.4,1,2762.1,1,2762.2,1,2765.0,2,2768.0,10,2768.9,1,2770.1,1,2774.6,1,2775.0,1,2775.1,1,2768.4
ec2412,,13:39:07.0#,2910.0,2995.4,2723.4,3488.2,2525.9,18162,18183.0,2761.4,1,2762.1,1,2762.2,1,2765.0,2,2768.0,10,2770.0,1,2770.1,1,2775.0,1,2775.1,1,2777.3,1,2768.9
ec2412,,13:39:07.500#,2910.0,2995.4,2723.4,3488.2,2525.9,18162,18183.0,2761.4,1,2762.1,1,2762.2,1,2765.0,2,2768.0,10,2768.4,47,2768.6,1,2770.0,1,2770.1,1,2775.0,1,2768.9
ec2412,,13:39:08.0#,2910.0,2995.4,2723.4,3488.2,2525.9,18175,18189.0,2761.0,1,2761.4,1,2762.1,1,2762.2,1,2765.0,2,2768.4,47,2768.6,1,2770.0,1,2770.1,1,2775.0,1,2768.0
ec2412,,13:39:08.500#,2910.0,2995.4,2723.4,3488.2,2525.9,18175,18189.0,2761.0,1,2761.4,1,2762.1,1,2762.2,1,2765.0,2,2768.4,47,2768.6,1,2770.0,1,2770.1,1,2775.0,1,2768.0
ec2412,,13:39:09.0#,2910.0,2995.4,2723.4,3488.2,2525.9,18176,18188.0,2761.0,1,2761.4,1,2762.1,1,2762.2,1,2765.0,2,2768.4,46,2768.6,1,2770.0,1,2770.1,1,2775.0,1,2768.4
ec2412,,13:39:09.500#,2910.0,2995.4,2723.4,3488.2,2525.9,18176,18188.0,2761.0,1,2761.4,1,2762.1,1,2762.2,1,2765.0,2,2768.4,46,2768.6,1,2770.0,1,2770.1,1,2775.0,1,2768.4
ec2412,,13:39:10.0#,2910.0,2995.4,2723.4,3488.2,2525.9,18176,18188.0,2761.0,1,2761.4,1,2762.1,1,2762.2,1,2765.0,2,2768.1,2,2768.2,1,2768.4,46,2768.6,1,2770.0,1,2768.4
ec2412,,13:39:10.500#,2910.0,2995.4,2723.4,3488.2,2525.9,18176,18188.0,2761.0,1,2761.4,1,2762.1,1,2762.2,1,2765.0,2,2768.1,2,2768.2,1,2768.4,46,2768.6,1,2770.0,1,2768.4
ec2412,,13:39:11.0#,2910.0,2995.4,2723.4,3488.2,2525.9,18176,18188.0,2761.0,1,2761.4,1,2762.1,1,2762.2,1,2765.0,2,2768.2,1,2768.4,46,2768.6,1,2770.0,1,2770.1,1,2768.4
ec2412,,13:39:11.500#,2910.0,2995.4,2723.4,3488.2,2525.9,18179,18188.0,2761.4,1,2762.1,1,2762.2,1,2765.0,1,2768.2,2,2768.4,46,2768.6,1,2770.0,1,2770.1,1,2775.0,2,2768.2
ec2412,,13:39:12.0#,2910.0,2995.4,2723.4,3488.2,2525.9,18180,18188.0,2761.4,1,2762.1,1,2762.2,1,2765.0,1,2768.2,1,2768.4,46,2768.6,1,2770.0,1,2770.1,1,2775.0,2,2768.2
ec2412,,13:39:13.0#,2910.0,2995.4,2723.4,3488.2,2525.9,18180,18188.0,2761.4,1,2762.1,1,2762.2,1,2765.0,1,2768.2,1,2768.4,46,2770.0,1,2775.0,2,2775.1,1,2777.3,1,2768.2
ec2412,,13:39:13.500#,2910.0,2995.4,2723.4,3488.2,2525.9,18180,18188.0,2761.4,1,2762.1,1,2762.2,1,2765.0,1,2768.2,1,2768.4,46,2770.0,2,2775.0,2,2775.1,1,2777.3,1,2768.2
ec2412,,13:39:14.0#,2910.0,2995.4,2723.4,3488.2,2525.9,18191,18183.0,2761.4,1,2762.1,1,2762.2,1,2765.0,1,2768.2,1,2768.4,35,2770.0,2,2775.0,2,2775.1,1,2777.3,1,2768.4
ec2412,,13:39:14.500#,2910.0,2995.4,2723.4,3488.2,2525.9,18195,18182.0,2761.4,1,2762.1,1,2762.2,1,2765.0,1,2768.2,1,2768.4,31,2770.0,2,2775.0,2,2775.1,1,2777.3,1,2768.4
ec2412,,13:39:15.0#,2910.0,2995.4,2723.4,3488.2,2525.9,18205,18174.0,2761.4,1,2762.1,1,2762.2,1,2765.0,1,2768.2,1,2768.4,21,2770.0,2,2775.0,2,2775.1,1,2777.3,1,2768.4
ec2412,,13:39:15.500#,2910.0,2995.4,2723.4,3488.2,2525.9,18208,18173.0,2761.4,1,2762.1,1,2762.2,1,2765.0,1,2768.2,1,2768.4,18,2770.0,2,2775.0,2,2775.1,1,2777.3,1,2768.4
ec2412,,13:39:16.0#,2910.0,2995.4,2723.4,3488.2,2525.9,18212,18173.0,2761.0,1,2761.4,1,2762.1,1,2762.2,1,2765.0,1,2768.4,15,2770.0,2,2775.0,2,2775.1,1,2777.3,1,2768.2
ec2412,,13:39:16.500#,2910.0,2995.4,2723.4,3488.2,2525.9,18212,18173.0,2762.1,1,2762.2,1,2765.0,1,2765.1,1,2765.3,1,2768.4,15,2770.0,2,2775.0,2,2775.1,1,2777.3,1,2768.2
ec2412,,13:39:17.0#,2910.0,2995.4,2723.4,3488.2,2525.9,18213,18173.0,2762.1,1,2762.2,1,2765.0,1,2765.1,1,2765.3,1,2768.4,14,2770.0,2,2775.0,2,2775.1,1,2777.3,1,2768.4
ec2412,,13:39:17.500#,2910.0,2995.4,2723.4,3488.2,2525.9,18213,18173.0,2762.1,1,2762.2,1,2765.0,1,2765.3,1,2765.4,1,2768.2,1,2768.4,14,2770.0,2,2775.0,1,2777.3,1,2768.4
ec2412,,13:39:18.0#,2910.0,2995.4,2723.4,3488.2,2525.9,18213,18173.0,2762.1,1,2762.2,1,2765.0,1,2765.3,1,2765.4,1,2768.2,1,2768.4,14,2770.0,2,2775.0,1,2777.3,1,2768.4
ec2412,,13:39:18.500#,2910.0,2995.4,2723.4,3488.2,2525.9,18214,18174.0,2762.1,1,2762.2,1,2765.0,1,2765.3,1,2765.4,1,2768.4,14,2770.0,2,2775.0,1,2777.3,1,2778.0,1,2768.2
ec2412,,13:39:19.0#,2910.0,2995.4,2723.4,3488.2,2525.9,18214,18174.0,2762.1,1,2762.2,1,2765.0,1,2765.3,1,2765.4,1,2768.4,14,2770.0,2,2775.0,1,2777.3,1,2778.0,1,2768.2
ec2412,,13:39:19.500#,2910.0,2995.4,2723.4,3488.2,2525.9,18214,18174.0,2762.1,1,2762.2,1,2765.0,1,2765.3,1,2765.4,1,2768.4,14,2770.0,2,2775.0,1,2777.3,1,2778.0,1,2768.2
ec2412,,13:39:20.500#,2910.0,2995.4,2723.4,3488.2,2525.9,18214,18174.0,2762.1,1,2762.2,1,2765.0,1,2765.3,1,2765.4,1,2768.4,14,2770.0,2,2775.0,1,2777.3,1,2778.0,1,2768.2
ec2412,,13:39:21.0#,2910.0,2995.4,2723.4,3488.2,2525.9,18214,18174.0,2762.1,1,2762.2,1,2765.0,1,2765.3,1,2765.6,1,2768.4,14,2770.0,2,2775.0,1,2777.3,1,2778.0,1,2768.2
ec2412,,13:39:21.500#,2910.0,2995.4,2723.4,3488.2,2525.9,18214,18174.0,2762.1,1,2762.2,1,2765.0,1,2765.3,1,2765.6,1,2768.4,14,2770.0,2,2775.0,1,2777.3,1,2778.0,1,2768.2
ec2412,,13:39:22.0#,2910.0,2995.4,2723.4,3488.2,2525.9,18216,18174.0,2765.0,1,2765.3,1,2765.6,1,2765.7,1,2770.0,1,2775.0,1,2777.3,1,2778.0,1,2782.0,10,2785.0,2,2770.0
ec2412,,13:39:22.500#,2910.0,2995.4,2723.4,3488.2,2525.9,18216,18174.0,2765.7,1,2765.8,1,2766.4,1,2767.3,1,2768.0,1,2775.0,1,2777.3,1,2778.0,1,2782.0,10,2785.0,2,2770.0
ec2412,,13:39:23.0#,2910.0,2995.4,2723.4,3488.2,2525.9,18219,18174.0,2765.6,1,2765.8,1,2768.0,1,2768.1,1,2768.9,1,2778.0,1,2782.0,10,2785.0,2,2786.0,1,2788.0,2,2777.3
ec2412,,13:39:23.500#,2910.0,2995.4,2723.4,3488.2,2525.9,18221,18174.0,2762.2,1,2765.0,1,2765.6,1,2765.8,1,2778.0,2,2782.0,10,2785.0,2,2786.0,1,2788.0,2,2790.0,5,2778.0
ec2412,,13:39:24.0#,2910.0,2995.4,2723.4,3488.2,2525.9,18221,18174.0,2765.0,1,2765.6,1,2765.8,1,2775.1,5,2778.0,2,2781.1,1,2782.0,10,2785.0,2,2786.0,1,2788.0,2,2778.0
ec2412,,13:39:24.500#,2910.0,2995.4,2723.4,3488.2,2525.9,18221,18174.0,2765.0,1,2765.6,1,2765.8,1,2775.1,5,2778.0,3,2782.0,10,2785.0,2,2786.0,1,2788.0,2,2790.0,5,2778.0
ec2412,,13:39:25.0#,2910.0,2995.4,2723.4,3488.2,2525.9,18221,18174.0,2765.0,1,2765.6,1,2765.8,1,2775.1,5,2778.0,3,2782.0,10,2785.0,2,2786.0,1,2788.0,2,2790.0,5,2778.0
ec2412,,13:39:25.500#,2910.0,2995.4,2723.4,3488.2,2525.9,18221,18174.0,2765.0,1,2765.6,1,2765.8,1,2775.1,5,2778.0,3,2782.0,10,2785.0,2,2786.0,1,2788.0,2,2790.0,5,2778.0
ec2412,,13:39:26.0#,2910.0,2995.4,2723.4,3488.2,2525.9,18221,18174.0,2765.6,1,2765.8,1,2766.0,1,2775.1,5,2778.0,3,2781.7,1,2782.0,10,2785.0,2,2786.0,1,2788.0,2,2778.0
ec2412,,13:39:27.0#,2910.0,2995.4,2723.4,3488.2,2525.9,18221,18174.0,2765.8,1,2766.0,1,2766.7,2,2775.1,5,2778.0,3,2782.0,10,2785.0,2,2786.0,1,2788.0,2,2790.0,5,2778.0
ec2412,,13:39:27.500#,2910.0,2995.4,2723.4,3488.2,2525.9,18221,18174.0,2765.8,1,2766.0,1,2766.7,2,2775.1,5,2778.0,3,2781.6,2,2785.0,2,2786.0,1,2788.0,2,2790.0,5,2778.0
ec2412,,13:39:28.500#,2910.0,2995.4,2723.4,3488.2,2525.9,18221,18174.0,2766.0,1,2766.7,2,2767.0,1,2775.1,5,2778.0,3,2781.6,2,2785.0,2,2786.0,1,2788.0,2,2790.0,5,2778.0
ec2412,,13:39:29.0#,2910.0,2995.4,2723.4,3488.2,2525.9,18221,18174.0,2766.0,1,2766.7,2,2767.0,1,2775.1,5,2778.0,3,2781.6,2,2781.7,1,2785.0,2,2786.0,1,2788.0,2,2778.0
ec2412,,13:39:30.0#,2910.0,2995.4,2723.4,3488.2,2525.9,18221,18174.0,2766.0,1,2766.7,2,2767.0,1,2775.1,5,2778.0,3,2781.6,2,2781.7,1,2785.0,2,2786.0,1,2788.0,2,2778.0
ec2412,,13:39:30.500#,2910.0,2995.4,2723.4,3488.2,2525.9,18222,18174.0,2765.8,1,2766.0,1,2766.7,2,2767.0,1,2778.0,2,2781.6,2,2781.7,1,2785.0,2,2786.0,1,2788.0,2,2778.0
ec2412,,13:39:31.0#,2910.0,2995.4,2723.4,3488.2,2525.9,18222,18174.0,2765.8,1,2766.0,1,2766.7,2,2767.0,1,2778.0,2,2781.3,1,2781.6,2,2781.7,1,2785.0,2,2786.0,1,2778.0
ec2412,,13:39:31.500#,2910.0,2995.4,2723.4,3488.2,2525.9,18222,18174.0,2765.8,1,2766.0,1,2766.7,2,2767.0,1,2778.0,2,2781.6,2,2781.7,1,2785.0,2,2786.0,1,2788.0,2,2778.0
ec2412,,13:39:32.0#,2910.0,2995.4,2723.4,3488.2,2525.9,18223,18174.0,2765.8,1,2766.0,1,2766.7,2,2767.0,1,2778.0,1,2781.2,1,2781.6,2,2781.7,1,2785.0,2,2786.0,1,2778.0
ec2412,,13:39:32.500#,2910.0,2995.4,2723.4,3488.2,2525.9,18224,18173.0,2769.5,1,2770.0,1,2770.8,1,2771.2,1,2772.1,1,2776.2,1,2781.2,1,2781.6,2,2781.7,1,2785.0,2,2778.0
ec2412,,13:39:33.0#,2910.0,2995.4,2723.4,3488.2,2525.9,18226,18171.0,2766.7,2,2767.0,1,2767.1,1,2772.1,1,2772.2,1,2781.6,1,2781.7,1,2785.0,2,2786.0,1,2788.0,2,2781.6
ec2412,,13:39:33.500#,2910.0,2995.4,2723.4,3488.2,2525.9,18226,18171.0,2766.7,2,2767.0,1,2767.1,1,2772.1,1,2772.2,1,2781.1,2,2781.2,1,2781.5,3,2781.6,1,2781.7,1,2781.6
ec2412,,13:39:34.0#,2910.0,2995.4,2723.4,3488.2,2525.9,18226,18171.0,2766.7,2,2767.0,1,2767.1,1,2767.6,2,2772.1,1,2780.1,1,2781.0,2,2781.1,2,2781.2,1,2781.3,1,2781.6
ec2412,,13:39:34.500#,2910.0,2995.4,2723.4,3488.2,2525.9,18226,18171.0,2767.1,1,2767.6,2,2772.1,1,2772.2,1,2773.0,1,2780.0,2,2780.1,1,2781.0,2,2781.1,1,2781.2,1,2781.6
ec2412,,13:39:35.0#,2910.0,2995.4,2723.4,3488.2,2525.9,18226,18171.0,2767.1,1,2767.6,2,2772.1,1,2773.0,1,2773.1,1,2780.0,2,2781.0,2,2781.1,1,2781.2,1,2781.5,3,2781.6
ec2412,,13:39:35.500#,2910.0,2995.4,2723.4,3488.2,2525.9,18226,18171.0,2767.0,1,2767.1,1,2767.6,2,2772.1,1,2773.1,1,2780.0,2,2781.0,2,2781.1,1,2781.2,1,2781.5,3,2781.6
ec2412,,13:39:36.0#,2910.0,2995.4,2723.4,3488.2,2525.9,18226,18171.0,2767.1,1,2767.6,2,2767.8,1,2772.1,1,2773.1,1,2780.0,2,2781.0,2,2781.1,1,2781.2,1,2781.5,3,2781.6
ec2412,,13:39:36.500#,2910.0,2995.4,2723.4,3488.2,2525.9,18226,18171.0,2767.1,1,2767.6,2,2767.8,1,2772.1,1,2773.1,1,2780.0,2,2781.0,2,2781.1,1,2781.2,1,2781.5,3,2781.6
ec2412,,13:39:37.0#,2910.0,2995.4,2723.4,3488.2,2525.9,18226,18171.0,2767.6,2,2767.8,1,2767.9,1,2772.1,1,2773.1,1,2780.0,2,2781.0,2,2781.1,1,2781.2,1,2781.5,3,2781.6
ec2412,,13:39:37.500#,2910.0,2995.4,2723.4,3488.2,2525.9,18226,18171.0,2767.6,2,2767.8,1,2767.9,1,2770.0,1,2772.1,1,2780.0,2,2781.0,2,2781.1,1,2781.2,1,2781.5,3,2781.6
ec2412,,13:39:38.0#,2910.0,2995.4,2723.4,3488.2,2525.9,18226,18171.0,2767.8,1,2767.9,1,2768.0,1,2770.0,1,2772.1,1,2779.7,1,2780.0,2,2781.0,2,2781.1,1,2781.2,1,2781.6
ec2412,,13:39:38.500#,2910.0,2995.4,2723.4,3488.2,2525.9,18226,18171.0,2767.8,1,2768.0,1,2770.0,1,2772.1,1,2772.2,1,2779.4,1,2780.0,2,2781.0,2,2781.1,1,2781.2,1,2781.6
ec2412,,13:39:39.0#,2910.0,2995.4,2723.4,3488.2,2525.9,18226,18171.0,2767.8,1,2768.0,1,2768.5,1,2770.0,1,2772.1,1,2779.3,1,2780.0,2,2781.0,2,2781.1,1,2781.5,3,2781.6
ec2412,,13:39:39.500#,2910.0,2995.4,2723.4,3488.2,2525.9,18228,18172.0,2768.0,1,2768.5,1,2770.0,1,2772.1,1,2779.4,4,2780.0,2,2780.1,1,2781.0,2,2781.1,1,2781.5,3,2779.4
ec2412,,13:39:40.0#,2910.0,2995.4,2723.4,3488.2,2525.9,18230,18172.0,2768.0,1,2768.5,1,2770.0,1,2772.4,1,2779.4,2,2780.1,1,2781.5,1,2781.6,2,2781.7,1,2785.0,2,2779.4
ec2412,,13:39:40.500#,2910.0,2995.4,2723.4,3488.2,2525.9,18232,18174.0,2767.8,1,2768.0,1,2768.5,1,2770.0,1,2772.4,1,2780.1,1,2781.5,1,2781.6,2,2781.7,1,2785.0,2,2779.4
ec2412,,13:39:41.0#,2910.0,2995.4,2723.4,3488.2,2525.9,18232,18174.0,2767.8,1,2768.0,1,2768.5,1,2770.0,1,2772.4,1,2779.4,1,2780.0,3,2780.1,1,2781.5,1,2781.6,2,2779.4
ec2412,,13:39:41.500#,2910.0,2995.4,2723.4,3488.2,2525.9,18232,18174.0,2767.8,1,2768.0,1,2768.5,1,2770.0,1,2772.4,1,2779.1,1,2779.2,1,2779.3,3,2779.4,1,2780.0,3,2779.4
ec2412,,13:39:42.0#,2910.0,2995.4,2723.4,3488.2,2525.9,18232,18174.0,2765.1,1,2765.6,1,2766.0,1,2767.8,1,2770.0,1,2778.1,1,2778.4,1,2778.5,2,2779.0,2,2779.1,2,2779.4
ec2412,,13:39:42.500#,2910.0,2995.4,2723.4,3488.2,2525.9,18232,18174.0,2765.1,1,2765.6,1,2766.0,1,2770.0,1,2770.1,1,2777.2,2,2778.0,3,2778.4,2,2778.5,1,2779.0,2,2779.4
ec2412,,13:39:43.0#,2910.0,2995.4,2723.4,3488.2,2525.9,18232,18174.0,2765.1,1,2765.6,1,2766.0,1,2770.0,1,2770.1,1,2776.7,1,2777.1,2,2778.0,3,2778.4,2,2778.5,1,2779.4
ec2412,,13:39:43.500#,2910.0,2995.4,2723.4,3488.2,2525.9,18232,18174.0,2765.1,1,2765.6,1,2766.0,1,2768.0,3,2770.0,1,2777.1,2,2778.0,3,2778.4,2,2779.0,2,2779.1,1,2779.4
ec2412,,13:39:44.0#,2910.0,2995.4,2723.4,3488.2,2525.9,18232,18174.0,2765.6,1,2766.0,1,2766.3,1,2768.0,3,2770.0,1,2777.1,2,2778.0,3,2778.4,2,2779.0,2,2779.1,1,2779.4
ec2412,,13:39:44.500#,2910.0,2995.4,2723.4,3488.2,2525.9,18232,18174.0,2765.6,1,2766.0,1,2766.3,1,2768.0,3,2770.0,1,2777.1,2,2778.0,3,2778.4,2,2779.0,2,2779.1,1,2779.4
ec2412,,13:39:45.0#,2910.0,2995.4,2723.4,3488.2,2525.9,18232,18174.0,2765.6,1,2766.0,1,2766.3,1,2768.0,3,2770.0,1,2777.1,2,2778.0,3,2778.4,2,2779.0,2,2779.1,1,2779.4
ec2412,,13:39:45.500#,2910.0,2995.4,2723.4,3488.2,2525.9,18232,18174.0,2765.6,1,2766.0,1,2766.3,1,2768.0,3,2770.0,1,2777.0,1,2777.1,2,2778.0,3,2778.4,2,2779.0,2,2779.4
ec2412,,13:39:46.0#,2910.0,2995.4,2723.4,3488.2,2525.9,18232,18174.0,2765.6,1,2766.0,1,2766.3,1,2768.0,3,2770.0,1,2777.0,1,2777.1,2,2778.0,3,2778.4,1,2779.0,2,2779.4
ec2412,,13:39:46.500#,2910.0,2995.4,2723.4,3488.2,2525.9,18232,18174.0,2765.6,1,2766.0,1,2766.3,1,2768.0,3,2770.0,1,2776.9,2,2777.0,1,2777.1,2,2778.0,3,2778.4,1,2779.4
ec2412,,13:39:50.0#,2910.0,2995.4,2723.4,3488.2,2525.9,18232,18174.0,2766.0,1,2766.3,1,2768.0,3,2770.0,1,2771.0,1,2776.9,2,2777.0,1,2777.1,2,2778.0,3,2778.4,1,2779.4
ec2412,,13:39:50.500#,2910.0,2995.4,2723.4,3488.2,2525.9,18232,18174.0,2766.0,1,2766.3,1,2768.0,3,2770.0,1,2771.0,1,2776.9,2,2777.0,1,2777.1,2,2778.0,3,2778.4,1,2779.4
ec2412,,13:39:51.0#,2910.0,2995.4,2723.4,3488.2,2525.9,18232,18174.0,2766.0,1,2766.3,1,2768.0,3,2770.0,1,2771.0,1,2776.9,2,2777.1,2,2778.0,3,2778.4,1,2779.0,2,2779.4
ec2412,,13:39:52.0#,2910.0,2995.4,2723.4,3488.2,2525.9,18233,18174.0,2765.6,1,2766.0,1,2766.3,1,2768.0,3,2770.0,1,2776.9,1,2777.1,2,2778.0,3,2778.4,1,2779.0,2,2779.4
ec2412,,13:39:52.500#,2910.0,2995.4,2723.4,3488.2,2525.9,18233,18174.0,2765.6,1,2766.0,1,2766.3,1,2768.0,3,2770.0,1,2776.9,1,2777.1,2,2778.0,3,2778.4,1,2779.0,2,2779.4
ec2412,,13:39:53.0#,2910.0,2995.4,2723.4,3488.2,2525.9,18233,18174.0,2766.0,1,2766.3,1,2768.0,3,2770.0,1,2770.1,2,2776.8,1,2776.9,2,2777.1,2,2778.0,3,2778.4,1,2779.4
ec2412,,13:39:53.500#,2910.0,2995.4,2723.4,3488.2,2525.9,18233,18174.0,2766.0,1,2766.3,1,2768.0,3,2770.0,1,2770.1,2,2776.7,2,2776.8,1,2776.9,2,2777.1,2,2778.0,3,2779.4
ec2412,,13:39:54.0#,2910.0,2995.4,2723.4,3488.2,2525.9,18236,18171.0,2766.0,1,2766.3,1,2768.0,3,2770.0,1,2770.1,2,2776.6,2,2776.9,2,2777.1,2,2778.0,3,2778.4,1,2776.9
ec2412,,13:39:55.0#,2910.0,2995.4,2723.4,3488.2,2525.9,18236,18171.0,2766.3,1,2768.0,3,2770.0,1,2770.1,2,2770.2,1,2776.2,2,2776.6,2,2776.9,1,2777.1,2,2778.0,3,2776.9
ec2412,,13:39:56.0#,2910.0,2995.4,2723.4,3488.2,2525.9,18236,18171.0,2766.3,1,2768.0,3,2770.0,1,2770.1,2,2770.2,1,2776.6,2,2776.7,1,2776.9,2,2777.1,2,2778.0,3,2776.9
ec2412,,13:39:56.500#,2910.0,2995.4,2723.4,3488.2,2525.9,18236,18171.0,2766.0,1,2766.3,1,2768.0,3,2770.0,1,2770.1,2,2776.6,2,2776.7,1,2776.9,2,2777.1,2,2778.0,3,2776.9
ec2412,,13:39:57.0#,2910.0,2995.4,2723.4,3488.2,2525.9,18236,18171.0,2766.0,1,2766.3,1,2768.0,3,2770.0,1,2770.1,2,2776.2,1,2776.6,2,2776.7,1,2776.9,2,2777.1,2,2776.9
ec2412,,13:39:57.500#,2910.0,2995.4,2723.4,3488.2,2525.9,18236,18171.0,2766.3,1,2768.0,3,2770.0,1,2770.1,2,2771.0,1,2776.2,1,2776.6,2,2776.7,1,2776.9,2,2777.1,2,2776.9
ec2412,,13:39:59.0#,2910.0,2995.4,2723.4,3488.2,2525.9,18236,18171.0,2766.3,1,2768.0,3,2770.0,1,2770.1,2,2771.0,1,2776.2,1,2776.6,2,2776.7,1,2776.9,2,2777.1,2,2776.9
ec2412,,13:39:59.500#,2910.0,2995.4,2723.4,3488.2,2525.9,18236,18171.0,2766.0,1,2768.0,3,2770.0,1,2770.1,2,2771.0,1,2776.2,1,2776.6,2,2776.7,1,2776.9,2,2777.1,2,2776.9
ec2412,,13:40:00.0#,2910.0,2995.4,2723.4,3488.2,2525.9,18236,18171.0,2766.0,1,2768.0,3,2770.0,1,2770.1,2,2771.0,1,2776.2,1,2776.6,2,2776.7,1,2776.9,2,2777.1,2,2776.9
ec2412,,13:40:00.500#,2910.0,2995.4,2723.4,3488.2,2525.9,18236,18171.0,2765.6,1,2766.0,1,2768.0,3,2770.0,1,2770.1,2,2776.2,1,2776.6,2,2776.7,1,2776.9,2,2777.1,2,2776.9
ec2412,,13:40:01.500#,2910.0,2995.4,2723.4,3488.2,2525.9,18236,18171.0,2765.6,1,2766.0,1,2768.0,3,2770.0,1,2770.1,2,2775.2,1,2776.2,1,2776.6,2,2776.7,1,2776.9,2,2776.9
ec2412,,13:40:03.0#,2910.0,2995.4,2723.4,3488.2,2525.9,18236,18171.0,2765.6,1,2766.0,1,2768.0,3,2770.0,1,2770.1,2,2775.0,1,2775.1,2,2775.2,1,2776.2,1,2776.6,2,2776.9
ec2412,,13:40:03.500#,2910.0,2995.4,2723.4,3488.2,2525.9,18236,18171.0,2765.6,1,2766.0,1,2768.0,3,2770.0,1,2770.1,2,2774.8,1,2774.9,3,2775.0,1,2775.1,2,2775.2,1,2776.9
ec2412,,13:40:04.0#,2910.0,2995.4,2723.4,3488.2,2525.9,18239,18169.0,2765.0,1,2765.1,1,2765.6,1,2766.0,1,2768.0,3,2773.2,2,2774.3,1,2774.7,2,2774.8,1,2774.9,3,2770.0
ec2412,,13:40:04.500#,2910.0,2995.4,2723.4,3488.2,2525.9,18239,18169.0,2765.0,1,2765.1,1,2765.6,1,2766.0,1,2768.0,3,2770.5,1,2772.0,2,2773.1,3,2773.2,1,2774.3,1,2770.0
ec2412,,13:40:05.0#,2910.0,2995.4,2723.4,3488.2,2525.9,18239,18169.0,2765.0,1,2765.1,1,2765.6,1,2766.0,1,2768.0,3,2770.5,1,2772.0,2,2773.1,3,2773.2,1,2774.5,1,2770.0
ec2412,,13:40:05.500#,2910.0,2995.4,2723.4,3488.2,2525.9,18239,18169.0,2765.0,1,2765.1,1,2765.6,1,2766.0,1,2768.0,3,2770.5,1,2772.0,1,2773.1,3,2773.2,1,2774.7,2,2770.0
ec2412,,13:40:06.0#,2910.0,2995.4,2723.4,3488.2,2525.9,18239,18169.0,2765.0,1,2765.1,1,2765.6,1,2766.0,1,2768.0,3,2770.5,1,2772.0,1,2773.1,3,2773.2,1,2774.7,2,2770.0
ec2412,,13:40:06.500#,2910.0,2995.4,2723.4,3488.2,2525.9,18239,18169.0,2765.0,1,2765.1,1,2765.6,1,2766.0,1,2768.0,3,2770.5,2,2773.1,3,2773.2,1,2774.7,2,2774.8,1,2770.0
ec2412,,13:40:07.0#,2910.0,2995.4,2723.4,3488.2,2525.9,18240,18169.0,2765.0,1,2765.1,1,2765.6,1,2766.0,1,2768.0,3,2770.5,1,2773.1,3,2773.2,1,2774.7,2,2774.8,1,2770.5
ec2412,,13:40:07.500#,2910.0,2995.4,2723.4,3488.2,2525.9,18242,18171.0,2765.0,1,2765.1,1,2765.6,1,2766.0,1,2768.0,1,2773.1,4,2773.2,1,2774.7,2,2774.8,1,2774.9,3,2768.0
ec2412,,13:40:08.0#,2910.0,2995.4,2723.4,3488.2,2525.9,18243,18172.0,2763.0,3,2765.0,1,2765.1,1,2765.6,1,2766.0,1,2767.9,1,2771.7,1,2773.1,4,2774.7,2,2774.8,1,2768.0
ec2412,,13:40:08.500#,2910.0,2995.4,2723.4,3488.2,2525.9,18243,18172.0,2763.0,3,2765.0,1,2765.1,1,2765.6,1,2766.0,1,2773.1,4,2774.7,2,2774.8,1,2774.9,3,2775.0,1,2768.0
ec2412,,13:40:09.0#,2910.0,2995.4,2723.4,3488.2,2525.9,18243,18172.0,2763.0,3,2765.0,1,2765.1,1,2765.6,1,2766.0,1,2768.0,1,2772.0,1,2773.1,4,2774.7,2,2774.8,1,2768.0
ec2412,,13:40:09.500#,2910.0,2995.4,2723.4,3488.2,2525.9,18244,18173.0,2762.2,1,2763.0,3,2765.0,1,2765.1,1,2765.6,1,2768.0,1,2772.0,1,2773.1,4,2774.7,2,2774.8,1,2766.0
ec2412,,13:40:10.0#,2910.0,2995.4,2723.4,3488.2,2525.9,18244,18173.0,2763.0,3,2765.0,1,2765.1,1,2765.6,1,2767.0,1,2768.0,1,2772.0,1,2773.1,4,2774.7,2,2774.8,1,2766.0
ec2412,,13:40:10.500#,2910.0,2995.4,2723.4,3488.2,2525.9,18245,18173.0,2762.2,1,2763.0,3,2765.0,1,2765.1,1,2765.6,1,2768.0,1,2772.0,1,2772.9,1,2773.1,4,2774.7,2,2767.0
ec2412,,13:40:11.0#,2910.0,2995.4,2723.4,3488.2,2525.9,18245,18173.0,2762.2,1,2763.0,3,2765.0,1,2765.1,1,2765.6,1,2768.0,1,2772.0,1,2772.9,1,2773.1,4,2774.7,2,2767.0
ec2412,,13:40:12.500#,2910.0,2995.4,2723.4,3488.2,2525.9,18246,18172.0,2763.0,3,2765.0,1,2765.1,1,2765.6,1,2768.2,25,2772.0,1,2772.9,1,2773.1,4,2774.7,2,2774.8,1,2768.0
ec2412,,13:40:13.0#,2910.0,2995.4,2723.4,3488.2,2525.9,18247,18172.0,2763.0,3,2765.0,1,2765.1,1,2765.6,1,2768.2,24,2772.0,1,2772.9,1,2773.1,3,2774.7,2,2774.8,1,2768.2
ec2412,,13:40:13.500#,2910.0,2995.4,2723.4,3488.2,2525.9,18247,18172.0,2765.0,1,2765.1,1,2765.6,1,2768.0,2,2768.2,24,2773.1,3,2774.7,2,2774.8,1,2774.9,2,2775.0,1,2768.2
ec2412,,13:40:15.0#,2910.0,2995.4,2723.4,3488.2,2525.9,18247,18172.0,2765.6,1,2768.0,2,2768.2,24,2768.5,1,2770.0,2,2773.1,3,2774.7,2,2774.8,1,2774.9,2,2775.0,1,2768.2
ec2412,,13:40:15.500#,2910.0,2995.4,2723.4,3488.2,2525.9,18247,18172.0,2765.6,1,2768.0,2,2768.2,24,2768.5,1,2770.0,2,2773.1,1,2774.7,2,2774.8,1,2774.9,2,2775.0,1,2768.2
ec2412,,13:40:16.500#,2910.0,2995.4,2723.4,3488.2,2525.9,18247,18172.0,2765.6,1,2768.0,2,2768.2,24,2768.5,1,2770.0,2,2773.1,1,2774.7,2,2774.8,1,2774.9,2,2775.0,1,2768.2
ec2412,,13:40:17.500#,2910.0,2995.4,2723.4,3488.2,2525.9,18249,18170.0,2765.1,1,2765.6,1,2768.0,2,2768.2,24,2768.5,1,2770.0,1,2773.1,1,2774.7,2,2774.8,1,2774.9,2,2770.0
ec2412,,13:40:18.0#,2910.0,2995.4,2723.4,3488.2,2525.9,18249,18170.0,2765.1,1,2765.6,1,2768.0,2,2768.2,24,2768.5,1,2770.0,2,2773.1,1,2774.7,2,2774.8,1,2774.9,2,2770.0
ec2412,,13:40:18.500#,2910.0,2995.4,2723.4,3488.2,2525.9,18249,18170.0,2765.0,1,2765.1,1,2765.6,1,2768.0,2,2768.2,24,2770.0,2,2773.1,1,2774.7,2,2774.8,1,2774.9,2,2770.0
ec2412,,13:40:19.0#,2910.0,2995.4,2723.4,3488.2,2525.9,18249,18170.0,2765.0,1,2765.1,1,2765.6,1,2768.0,2,2768.2,24,2770.0,2,2773.1,1,2774.7,2,2774.8,1,2774.9,2,2770.0
ec2412,,13:40:20.0#,2910.0,2995.4,2723.4,3488.2,2525.9,18249,18170.0,2765.0,1,2765.1,1,2765.6,1,2768.0,2,2768.2,24,2770.0,2,2773.1,1,2774.7,2,2774.8,1,2774.9,2,2770.0
ec2412,,13:40:21.0#,2910.0,2995.4,2723.4,3488.2,2525.9,18249,18170.0,2765.0,1,2765.1,1,2765.6,1,2768.0,2,2768.2,24,2770.0,3,2773.1,1,2774.7,2,2774.8,1,2774.9,2,2770.0
ec2412,,13:40:21.500#,2910.0,2995.4,2723.4,3488.2,2525.9,18249,18170.0,2765.0,1,2765.1,1,2765.6,1,2768.0,2,2768.2,24,2770.0,3,2773.1,1,2774.7,2,2774.8,1,2774.9,2,2770.0
ec2412,,13:40:22.0#,2910.0,2995.4,2723.4,3488.2,2525.9,18249,18170.0,2765.1,1,2765.6,1,2768.0,2,2768.2,24,2768.3,1,2770.0,3,2773.0,1,2773.1,1,2774.7,2,2774.8,1,2770.0
ec2412,,13:40:22.500#,2910.0,2995.4,2723.4,3488.2,2525.9,18250,18169.0,2765.1,1,2765.6,1,2768.0,2,2768.2,24,2768.3,1,2770.0,2,2773.0,1,2773.1,1,2774.7,2,2774.8,1,2770.0
ec2412,,13:40:23.500#,2910.0,2995.4,2723.4,3488.2,2525.9,18250,18169.0,2765.1,1,2765.6,1,2768.0,2,2768.2,24,2768.3,1,2770.0,2,2773.0,1,2773.1,1,2774.7,2,2774.8,1,2770.0
ec2412,,13:40:25.500#,2910.0,2995.4,2723.4,3488.2,2525.9,18250,18169.0,2765.1,1,2765.6,1,2768.0,2,2768.2,24,2768.3,1,2770.0,2,2773.0,1,2773.1,1,2774.7,2,2774.8,1,2770.0
ec2412,,13:40:28.0#,2910.0,2995.4,2723.4,3488.2,2525.9,18251,18170.0,2765.0,1,2765.1,1,2765.6,1,2768.0,2,2768.2,24,2768.3,1,2770.0,2,2773.0,1,2773.1,1,2774.7,2,2768.3
ec2412,,13:40:28.500#,2910.0,2995.4,2723.4,3488.2,2525.9,18253,18170.0,2765.0,1,2765.1,1,2765.6,1,2768.0,2,2768.2,24,2770.0,1,2773.0,1,2773.1,1,2774.7,2,2774.8,1,2770.0
ec2412,,13:40:29.500#,2910.0,2995.4,2723.4,3488.2,2525.9,18253,18170.0,2765.0,1,2765.1,1,2765.6,1,2768.0,2,2768.2,24,2770.0,1,2773.0,1,2773.1,1,2774.7,2,2774.8,1,2770.0
ec2412,,13:40:30.0#,2910.0,2995.4,2723.4,3488.2,2525.9,18253,18170.0,2765.0,1,2765.1,1,2765.6,1,2768.0,2,2768.2,24,2770.0,1,2773.0,1,2773.1,1,2774.7,2,2774.8,1,2770.0
ec2412,,13:40:30.500#,2910.0,2995.4,2723.4,3488.2,2525.9,18253,18170.0,2765.0,1,2765.1,1,2765.6,1,2768.0,2,2768.2,24,2770.0,1,2773.0,1,2773.1,1,2774.7,2,2774.8,1,2770.0
ec2412,,13:40:31.0#,2910.0,2995.4,2723.4,3488.2,2525.9,18253,18170.0,2765.0,3,2765.1,1,2765.6,1,2768.0,2,2768.2,24,2770.0,1,2773.0,1,2773.1,1,2774.7,2,2774.8,1,2770.0
ec2412,,13:40:31.500#,2910.0,2995.4,2723.4,3488.2,2525.9,18254,18170.0,2765.0,3,2765.1,1,2765.6,1,2768.0,2,2768.2,23,2770.0,1,2773.0,1,2773.1,1,2774.7,2,2774.8,1,2768.2
ec2412,,13:40:33.0#,2910.0,2995.4,2723.4,3488.2,2525.9,18254,18170.0,2765.0,3,2765.1,1,2765.6,1,2768.0,2,2768.2,23,2770.0,1,2773.0,1,2773.1,1,2774.7,2,2774.8,1,2768.2
ec2412,,13:40:33.500#,2910.0,2995.4,2723.4,3488.2,2525.9,18254,18170.0,2765.0,3,2765.1,1,2765.6,1,2768.0,2,2768.2,23,2770.0,1,2773.0,1,2773.1,1,2774.8,1,2775.0,1,2768.2
ec2412,,13:40:34.500#,2910.0,2995.4,2723.4,3488.2,2525.9,18254,18170.0,2763.0,3,2765.0,3,2765.1,1,2765.6,1,2768.2,23,2770.0,1,2773.0,1,2773.1,1,2774.8,1,2775.0,1,2768.2
ec2412,,13:40:37.500#,2910.0,2995.4,2723.4,3488.2,2525.9,18255,18170.0,2763.0,3,2765.0,3,2765.1,1,2765.6,1,2768.2,22,2770.0,1,2773.0,1,2773.1,1,2774.8,1,2775.0,1,2768.2
ec2412,,13:40:38.500#,2910.0,2995.4,2723.4,3488.2,2525.9,18256,18170.0,2763.0,3,2765.0,3,2765.1,1,2765.6,1,2768.2,21,2770.0,1,2773.0,1,2773.1,1,2774.8,1,2775.0,1,2768.2
ec2412,,13:40:40.0#,2910.0,2995.4,2723.4,3488.2,2525.9,18257,18170.0,2763.0,3,2765.0,3,2765.1,1,2765.6,1,2768.2,20,2770.0,1,2773.0,1,2773.1,1,2774.8,1,2775.0,1,2768.2
ec2412,,13:40:40.500#,2910.0,2995.4,2723.4,3488.2,2525.9,18258,18171.0,2763.0,3,2765.0,3,2765.1,1,2765.6,1,2768.2,20,2773.0,1,2773.1,1,2774.8,1,2775.0,1,2775.1,2,2770.0
ec2412,,13:40:41.0#,2910.0,2995.4,2723.4,3488.2,2525.9,18258,18171.0,2763.0,3,2765.0,3,2765.1,1,2765.6,1,2768.2,20,2773.0,1,2773.1,1,2774.8,1,2775.0,1,2775.1,2,2770.0
ec2412,,13:40:42.500#,2910.0,2995.4,2723.4,3488.2,2525.9,18258,18171.0,2765.0,3,2765.1,1,2765.6,1,2768.2,20,2770.0,1,2773.0,1,2773.1,1,2774.8,1,2775.0,1,2775.1,2,2770.0
ec2412,,13:40:43.500#,2910.0,2995.4,2723.4,3488.2,2525.9,18259,18171.0,2763.0,3,2765.0,3,2765.1,1,2765.6,1,2768.2,20,2773.0,1,2773.1,1,2774.8,1,2775.0,1,2775.1,2,2770.0
ec2412,,13:40:44.0#,2910.0,2995.4,2723.4,3488.2,2525.9,18259,18171.0,2763.0,3,2765.0,3,2765.1,1,2765.6,1,2768.2,20,2770.0,1,2773.0,1,2773.1,1,2774.8,1,2775.0,1,2770.0
ec2412,,13:40:44.500#,2910.0,2995.4,2723.4,3488.2,2525.9,18260,18171.0,2763.0,3,2765.0,3,2765.1,1,2765.6,1,2768.2,19,2773.0,1,2773.1,1,2774.8,1,2775.0,1,2775.1,2,2768.2
ec2412,,13:40:45.0#,2910.0,2995.4,2723.4,3488.2,2525.9,18260,18171.0,2763.0,3,2765.0,3,2765.1,1,2765.6,1,2768.2,19,2772.2,1,2772.6,1,2773.0,1,2773.1,1,2774.8,1,2768.2
ec2412,,13:40:45.500#,2910.0,2995.4,2723.4,3488.2,2525.9,18261,18170.0,2763.0,3,2765.0,4,2765.1,1,2765.6,1,2768.2,19,2773.0,1,2773.1,1,2774.8,1,2775.0,1,2775.1,2,2772.2
ec2412,,13:40:46.0#,2910.0,2995.4,2723.4,3488.2,2525.9,18262,18170.0,2763.0,3,2765.0,4,2765.1,1,2765.6,1,2768.2,19,2772.6,1,2773.0,1,2773.1,1,2774.8,1,2775.0,1,2772.2
ec2412,,13:40:46.500#,2910.0,2995.4,2723.4,3488.2,2525.9,18264,18170.0,2763.0,3,2765.0,4,2765.1,1,2765.6,1,2768.2,19,2773.1,1,2774.8,1,2775.0,1,2775.1,2,2775.2,1,2773.0
ec2412,,13:40:47.500#,2910.0,2995.4,2723.4,3488.2,2525.9,18265,18170.0,2763.0,3,2765.0,4,2765.1,1,2765.6,1,2768.2,19,2773.0,1,2774.8,1,2775.0,1,2775.1,2,2775.2,1,2773.1
ec2412,,13:40:48.0#,2910.0,2995.4,2723.4,3488.2,2525.9,18271,18170.0,2763.0,3,2765.0,4,2765.1,1,2765.6,1,2768.2,14,2774.8,1,2775.0,1,2775.1,2,2775.2,1,2776.2,1,2768.2
ec2412,,13:40:48.500#,2910.0,2995.4,2723.4,3488.2,2525.9,18272,18169.0,2763.0,3,2765.0,4,2765.1,1,2765.6,1,2768.2,14,2774.8,1,2775.0,1,2775.1,2,2775.2,1,2776.2,1,2773.0
ec2412,,13:40:49.0#,2910.0,2995.4,2723.4,3488.2,2525.9,18273,18169.0,2765.0,4,2765.1,1,2765.6,1,2768.2,14,2769.0,1,2775.0,1,2775.1,2,2775.2,1,2776.2,1,2776.7,1,2774.8
ec2412,,13:40:49.500#,2910.0,2995.4,2723.4,3488.2,2525.9,18273,18169.0,2765.1,1,2765.6,1,2768.2,14,2769.0,1,2774.8,1,2775.0,1,2775.1,2,2775.2,1,2776.2,1,2776.7,1,2774.8
ec2412,,13:40:50.0#,2910.0,2995.4,2723.4,3488.2,2525.9,18275,18169.0,2763.0,3,2765.0,4,2765.1,1,2765.6,1,2768.2,14,2773.7,1,2774.8,1,2775.2,1,2776.2,1,2776.7,1,2769.0
ec2412,,13:40:50.500#,2910.0,2995.4,2723.4,3488.2,2525.9,18275,18169.0,2765.0,4,2765.1,1,2765.6,1,2768.2,14,2769.4,1,2773.7,1,2774.0,1,2774.8,1,2775.0,1,2775.2,1,2769.0
ec2412,,13:40:51.0#,2910.0,2995.4,2723.4,3488.2,2525.9,18275,18169.0,2765.0,4,2765.1,1,2765.6,1,2768.2,14,2769.4,1,2773.7,1,2774.0,1,2774.8,1,2775.0,1,2775.2,1,2769.0
ec2412,,13:40:51.500#,2910.0,2995.4,2723.4,3488.2,2525.9,18275,18169.0,2763.0,3,2765.0,4,2765.1,1,2765.6,1,2768.2,14,2770.0,1,2773.7,1,2774.0,1,2775.0,1,2775.2,1,2769.0
ec2412,,13:40:52.0#,2910.0,2995.4,2723.4,3488.2,2525.9,18275,18169.0,2763.0,3,2765.0,4,2765.1,1,2765.6,1,2768.2,14,2770.0,1,2772.9,2,2773.7,1,2774.0,1,2775.0,1,2769.0
ec2412,,13:40:53.0#,2910.0,2995.4,2723.4,3488.2,2525.9,18275,18169.0,2763.0,3,2765.0,4,2765.1,1,2765.6,1,2768.2,14,2770.0,2,2772.9,2,2773.7,1,2774.0,1,2775.0,1,2769.0
ec2412,,13:40:53.500#,2910.0,2995.4,2723.4,3488.2,2525.9,18276,18169.0,2763.0,3,2765.0,4,2765.1,1,2765.6,1,2768.2,13,2770.0,2,2772.9,2,2773.7,1,2774.0,1,2775.0,1,2768.2
ec2412,,13:40:54.0#,2910.0,2995.4,2723.4,3488.2,2525.9,18278,18169.0,2763.0,3,2765.0,4,2765.1,1,2765.6,1,2768.2,11,2770.0,1,2773.7,1,2774.0,1,2775.0,1,2775.2,1,2768.2
ec2412,,13:40:54.500#,2910.0,2995.4,2723.4,3488.2,2525.9,18278,18169.0,2763.0,3,2765.0,4,2765.1,1,2765.6,1,2768.2,11,2770.0,1,2773.1,1,2773.7,1,2774.0,1,2775.0,1,2768.2
ec2412,,13:40:55.500#,2910.0,2995.4,2723.4,3488.2,2525.9,18278,18169.0,2763.0,3,2765.0,4,2765.1,1,2765.6,1,2768.2,11,2770.0,4,2773.1,1,2773.7,1,2774.0,1,2775.0,1,2768.2
ec2412,,13:40:56.0#,2910.0,2995.4,2723.4,3488.2,2525.9,18279,18169.0,2763.0,3,2765.0,4,2765.1,1,2765.6,1,2768.2,10,2770.0,4,2773.1,1,2773.7,1,2774.0,1,2775.0,1,2768.2
ec2412,,13:40:56.500#,2910.0,2995.4,2723.4,3488.2,2525.9,18279,18169.0,2763.0,3,2765.0,4,2765.1,1,2765.6,1,2768.2,10,2770.0,4,2773.1,1,2773.7,1,2774.0,1,2775.0,1,2768.2
ec2412,,13:40:59.500#,2910.0,2995.4,2723.4,3488.2,2525.9,18279,18169.0,2763.0,3,2765.0,4,2765.1,1,2765.6,1,2768.2,10,2770.0,4,2773.1,1,2773.7,1,2774.0,1,2775.0,1,2768.2
ec2412,,13:41:00.0#,2910.0,2995.4,2723.4,3488.2,2525.9,18279,18169.0,2763.0,3,2765.0,4,2765.1,1,2765.6,1,2768.2,10,2770.0,4,2773.7,1,2774.0,1,2775.0,1,2775.2,1,2768.2
ec2412,,13:41:01.500#,2910.0,2995.4,2723.4,3488.2,2525.9,18280,18168.0,2763.0,3,2765.0,4,2765.1,1,2765.6,1,2768.2,9,2770.0,4,2773.7,1,2774.0,1,2775.0,1,2775.2,1,2768.2
ec2412,,13:41:02.500#,2910.0,2995.4,2723.4,3488.2,2525.9,18280,18168.0,2763.0,3,2765.0,4,2765.1,1,2765.6,1,2768.2,9,2770.0,3,2773.7,1,2774.0,1,2775.0,1,2775.2,1,2768.2
ec2412,,13:41:03.500#,2910.0,2995.4,2723.4,3488.2,2525.9,18281,18168.0,2763.0,3,2765.0,4,2765.1,1,2765.6,1,2768.2,8,2770.0,3,2773.7,1,2774.0,1,2775.0,1,2775.2,1,2768.2
ec2412,,13:41:04.0#,2910.0,2995.4,2723.4,3488.2,2525.9,18281,18168.0,2763.0,3,2765.0,4,2765.1,1,2765.6,1,2768.2,8,2770.0,3,2773.7,1,2774.0,1,2775.0,1,2775.2,1,2768.2
ec2412,,13:41:04.500#,2910.0,2995.4,2723.4,3488.2,2525.9,18281,18168.0,2763.0,3,2765.0,4,2765.1,1,2765.6,1,2768.2,8,2770.0,3,2773.7,1,2774.0,1,2775.0,1,2775.2,1,2768.2
ec2412,,13:41:05.0#,2910.0,2995.4,2723.4,3488.2,2525.9,18282,18168.0,2763.0,3,2765.0,4,2765.1,1,2765.6,1,2768.2,7,2770.0,3,2773.7,1,2774.0,1,2775.0,1,2775.2,1,2768.2
ec2412,,13:41:06.0#,2910.0,2995.4,2723.4,3488.2,2525.9,18282,18168.0,2763.0,3,2765.0,4,2765.1,1,2765.6,1,2768.2,7,2770.0,4,2773.7,1,2774.0,1,2775.0,1,2775.2,1,2768.2
ec2412,,13:41:07.0#,2910.0,2995.4,2723.4,3488.2,2525.9,18282,18168.0,2765.0,4,2765.1,1,2765.6,1,2768.0,8,2768.2,7,2770.0,4,2773.7,1,2774.0,1,2775.0,1,2775.2,1,2768.2
ec2412,,13:41:08.0#,2910.0,2995.4,2723.4,3488.2,2525.9,18283,18168.0,2765.0,4,2765.1,1,2765.6,1,2768.0,8,2768.2,7,2770.0,3,2773.7,1,2774.0,1,2775.0,1,2775.2,1,2770.0
ec2412,,13:41:08.500#,2910.0,2995.4,2723.4,3488.2,2525.9,18283,18168.0,2765.0,4,2765.1,1,2765.6,1,2768.0,8,2768.2,7,2770.0,3,2773.7,1,2774.0,1,2775.2,1,2776.9,1,2770.0
ec2412,,13:41:10.500#,2910.0,2995.4,2723.4,3488.2,2525.9,18283,18168.0,2765.0,4,2765.1,1,2765.6,1,2768.0,8,2768.2,7,2770.0,3,2773.7,1,2774.0,1,2775.2,1,2776.9,1,2770.0
ec2412,,13:41:13.0#,2910.0,2995.4,2723.4,3488.2,2525.9,18284,18169.0,2765.0,4,2765.1,1,2765.6,1,2768.0,8,2768.2,8,2770.0,2,2773.7,1,2774.0,1,2775.2,1,2776.9,1,2770.0
ec2412,,13:41:14.500#,2910.0,2995.4,2723.4,3488.2,2525.9,18284,18169.0,2765.0,4,2765.1,1,2765.6,1,2768.0,8,2768.2,8,2770.0,2,2773.7,1,2774.0,1,2775.2,1,2776.9,1,2770.0
ec2412,,13:41:15.0#,2910.0,2995.4,2723.4,3488.2,2525.9,18286,18170.0,2765.0,4,2765.1,1,2765.6,1,2768.0,8,2768.2,8,2773.7,1,2774.0,1,2775.2,1,2776.9,1,2778.0,1,2770.0
ec2412,,13:41:15.500#,2910.0,2995.4,2723.4,3488.2,2525.9,18286,18170.0,2765.1,1,2765.6,1,2768.0,8,2768.2,8,2768.3,1,2773.7,1,2774.0,1,2775.2,1,2776.9,1,2778.0,1,2770.0
ec2412,,13:41:16.0#,2910.0,2995.4,2723.4,3488.2,2525.9,18286,18170.0,2765.6,1,2768.0,8,2768.2,8,2768.3,1,2770.0,1,2773.7,1,2774.0,1,2775.2,1,2776.9,1,2778.0,1,2770.0
ec2412,,13:41:17.500#,2910.0,2995.4,2723.4,3488.2,2525.9,18287,18171.0,2768.2,8,2768.3,1,2770.0,1,2770.1,1,2770.9,1,2775.2,1,2776.9,1,2778.0,1,2779.4,1,2780.0,1,2773.7
ec2412,,13:41:18.0#,2910.0,2995.4,2723.4,3488.2,2525.9,18288,18172.0,2771.0,4,2771.7,1,2772.0,1,2772.1,2,2772.9,1,2776.9,1,2779.4,1,2780.0,1,2780.1,1,2781.6,2,2775.2
ec2412,,13:41:18.500#,2910.0,2995.4,2723.4,3488.2,2525.9,18288,18172.0,2770.9,1,2771.0,3,2771.7,1,2772.1,1,2772.9,1,2776.9,1,2779.4,1,2780.0,1,2780.1,1,2781.6,2,2775.2
ec2412,,13:41:19.0#,2910.0,2995.4,2723.4,3488.2,2525.9,18289,18172.0,2768.5,1,2770.0,1,2770.1,1,2770.9,1,2771.0,3,2772.9,2,2776.9,1,2779.4,1,2780.0,1,2780.1,1,2772.9
ec2412,,13:41:19.500#,2910.0,2995.4,2723.4,3488.2,2525.9,18289,18172.0,2768.3,1,2770.0,1,2770.1,1,2770.9,1,2771.0,1,2776.9,1,2779.4,1,2780.0,1,2780.1,1,2781.6,2,2772.9
ec2412,,13:41:20.0#,2910.0,2995.4,2723.4,3488.2,2525.9,18289,18172.0,2768.3,1,2770.0,1,2770.1,1,2770.9,1,2771.0,2,2776.9,1,2779.4,1,2780.0,1,2780.1,1,2781.6,2,2772.9
ec2412,,13:41:20.500#,2910.0,2995.4,2723.4,3488.2,2525.9,18289,18172.0,2770.9,1,2771.0,1,2771.1,1,2772.2,2,2772.9,1,2775.1,1,2776.9,1,2779.4,1,2780.0,1,2780.1,1,2772.9
ec2412,,13:41:21.0#,2910.0,2995.4,2723.4,3488.2,2525.9,18290,18171.0,2770.1,1,2770.9,1,2771.0,1,2771.1,1,2772.9,1,2776.9,1,2779.4,1,2780.0,1,2780.1,1,2781.6,2,2775.1
ec2412,,13:41:21.500#,2910.0,2995.4,2723.4,3488.2,2525.9,18290,18171.0,2770.1,1,2770.9,1,2771.0,1,2771.1,1,2772.9,1,2776.9,1,2779.4,1,2780.0,1,2780.1,1,2781.6,2,2775.1
ec2412,,13:41:22.0#,2910.0,2995.4,2723.4,3488.2,2525.9,18290,18171.0,2770.0,2,2770.1,1,2770.9,1,2771.0,1,2772.9,1,2776.9,1,2779.4,1,2780.0,1,2780.1,1,2781.6,2,2775.1
ec2412,,13:41:22.500#,2910.0,2995.4,2723.4,3488.2,2525.9,18290,18171.0,2770.0,2,2770.1,1,2770.9,1,2771.0,1,2772.9,1,2776.1,1,2776.9,1,2779.4,1,2780.0,1,2780.1,1,2775.1
ec2412,,13:41:23.500#,2910.0,2995.4,2723.4,3488.2,2525.9,18291,18172.0,2770.0,2,2770.1,1,2770.9,1,2771.0,1,2772.9,1,2776.9,1,2779.4,1,2780.0,1,2780.1,1,2781.6,2,2776.1
ec2412,,13:41:24.500#,2910.0,2995.4,2723.4,3488.2,2525.9,18291,18172.0,2770.0,2,2770.1,1,2770.9,1,2771.0,1,2772.9,1,2776.9,1,2779.4,1,2780.0,1,2780.1,1,2781.6,2,2776.1
ec2412,,13:41:25.500#,2910.0,2995.4,2723.4,3488.2,2525.9,18291,18172.0,2770.0,2,2770.1,1,2770.9,1,2771.0,1,2772.9,1,2776.9,1,2779.4,1,2780.0,1,2780.1,1,2781.6,2,2776.1
ec2412,,13:41:26.0#,2910.0,2995.4,2723.4,3488.2,2525.9,18292,18172.0,2770.0,2,2770.1,1,2770.9,1,2771.0,1,2772.9,1,2779.4,1,2780.0,1,2780.1,1,2781.6,2,2785.0,2,2776.9
ec2412,,13:41:27.0#,2910.0,2995.4,2723.4,3488.2,2525.9,18292,18172.0,2770.0,2,2770.1,1,2770.9,1,2771.0,1,2772.9,1,2779.4,1,2780.0,1,2780.1,1,2781.6,2,2785.0,2,2776.9
ec2412,,13:41:27.500#,2910.0,2995.4,2723.4,3488.2,2525.9,18293,18172.0,2770.1,1,2770.9,1,2771.0,1,2772.9,1,2779.4,1,2780.0,1,2780.1,1,2781.6,2,2785.0,2,2786.0,1,2779.4
ec2412,,13:41:28.0#,2910.0,2995.4,2723.4,3488.2,2525.9,18294,18173.0,2770.1,1,2771.0,1,2772.9,1,2773.0,1,2773.8,1,2780.0,1,2780.1,1,2781.6,2,2785.0,2,2786.0,1,2779.4
ec2412,,13:41:28.500#,2910.0,2995.4,2723.4,3488.2,2525.9,18294,18173.0,2770.1,1,2771.0,1,2772.9,1,2773.0,1,2773.8,1,2779.4,1,2780.1,1,2781.6,2,2785.0,2,2786.0,1,2779.4
ec2412,,13:41:29.0#,2910.0,2995.4,2723.4,3488.2,2525.9,18294,18173.0,2768.3,2,2770.0,2,2770.1,1,2771.0,1,2772.9,1,2774.6,1,2779.0,1,2779.3,2,2780.1,1,2781.6,2,2779.4
ec2412,,13:41:30.0#,2910.0,2995.4,2723.4,3488.2,2525.9,18295,18173.0,2768.2,8,2768.3,2,2770.0,2,2770.1,1,2771.0,1,2774.6,1,2779.0,1,2779.3,2,2780.1,1,2781.6,2,2772.9
ec2412,,13:41:30.500#,2910.0,2995.4,2723.4,3488.2,2525.9,18295,18173.0,2765.6,1,2768.0,8,2768.2,8,2768.3,1,2770.0,2,2771.7,1,2772.9,1,2779.0,1,2779.3,2,2780.1,1,2772.9
ec2412,,13:41:31.0#,2910.0,2995.4,2723.4,3488.2,2525.9,18295,18173.0,2765.6,1,2768.0,8,2768.2,8,2768.3,1,2770.0,2,2771.7,1,2772.9,1,2779.0,1,2779.3,2,2779.8,1,2772.9
ec2412,,13:41:31.500#,2910.0,2995.4,2723.4,3488.2,2525.9,18296,18174.0,2765.6,1,2768.0,8,2768.2,8,2768.3,1,2770.0,2,2772.9,1,2779.0,1,2779.3,2,2779.8,1,2780.1,1,2772.9
ec2412,,13:41:32.0#,2910.0,2995.4,2723.4,3488.2,2525.9,18296,18174.0,2765.0,4,2765.6,1,2768.0,8,2768.2,8,2770.0,2,2772.9,1,2779.0,1,2779.3,2,2779.8,1,2780.1,1,2772.9
ec2412,,13:41:32.500#,2910.0,2995.4,2723.4,3488.2,2525.9,18297,18175.0,2765.0,4,2765.6,1,2768.0,8,2768.2,8,2770.0,1,2779.0,2,2779.3,2,2779.8,1,2780.1,1,2781.6,2,2770.0
ec2412,,13:41:33.0#,2910.0,2995.4,2723.4,3488.2,2525.9,18297,18175.0,2765.0,4,2765.6,1,2768.0,8,2768.2,8,2770.0,1,2777.3,2,2778.9,2,2779.0,2,2779.3,2,2779.8,1,2770.0
ec2412,,13:41:33.500#,2910.0,2995.4,2723.4,3488.2,2525.9,18297,18175.0,2765.0,4,2765.6,1,2768.0,8,2768.2,8,2770.0,1,2777.2,2,2777.3,1,2778.9,2,2779.0,2,2779.3,2,2770.0
ec2412,,13:41:34.0#,2910.0,2995.4,2723.4,3488.2,2525.9,18301,18176.0,2763.0,3,2765.0,4,2765.6,1,2768.0,8,2768.2,5,2775.2,1,2776.8,2,2777.2,2,2777.3,1,2778.9,2,2768.2
ec2412,,13:41:34.500#,2910.0,2995.4,2723.4,3488.2,2525.9,18303,18175.0,2763.0,3,2765.0,4,2765.6,1,2768.0,8,2768.2,4,2772.9,1,2775.1,2,2775.2,1,2776.0,1,2777.2,2,2768.2
ec2412,,13:41:35.0#,2910.0,2995.4,2723.4,3488.2,2525.9,18303,18175.0,2763.0,3,2765.0,4,2765.6,1,2768.0,8,2768.2,4,2771.3,1,2772.9,1,2775.1,2,2775.2,1,2776.0,1,2768.2
ec2412,,13:41:35.500#,2910.0,2995.4,2723.4,3488.2,2525.9,18303,18175.0,2765.0,4,2765.6,1,2768.0,8,2768.2,4,2768.4,1,2775.1,2,2775.2,1,2776.0,1,2777.0,1,2777.2,2,2768.2
ec2412,,13:41:36.0#,2910.0,2995.4,2723.4,3488.2,2525.9,18303,18175.0,2765.6,1,2768.0,8,2768.2,4,2768.4,1,2771.3,1,2775.1,2,2775.2,1,2776.0,1,2777.0,1,2777.2,2,2768.2
ec2412,,13:41:36.500#,2910.0,2995.4,2723.4,3488.2,2525.9,18303,18175.0,2768.0,8,2768.2,4,2768.3,2,2768.4,1,2771.3,1,2775.1,2,2775.2,1,2777.0,1,2777.2,2,2778.9,2,2768.2
ec2412,,13:41:37.0#,2910.0,2995.4,2723.4,3488.2,2525.9,18303,18175.0,2768.0,8,2768.2,4,2768.3,2,2768.4,1,2771.3,1,2774.0,1,2775.1,2,2775.2,1,2777.2,2,2778.9,2,2768.2
ec2412,,13:41:38.0#,2910.0,2995.4,2723.4,3488.2,2525.9,18303,18175.0,2768.0,8,2768.2,4,2768.3,2,2768.4,1,2771.3,1,2775.1,2,2775.2,1,2777.2,2,2778.7,1,2778.9,2,2768.2
ec2412,,13:41:38.500#,2910.0,2995.4,2723.4,3488.2,2525.9,18303,18175.0,2768.0,8,2768.2,4,2768.3,2,2768.4,1,2771.3,1,2775.1,2,2775.2,1,2777.2,2,2778.7,1,2778.9,2,2768.2
ec2412,,13:41:39.0#,2910.0,2995.4,2723.4,3488.2,2525.9,18304,18175.0,2765.6,1,2768.0,8,2768.2,4,2768.3,2,2768.4,1,2775.1,3,2775.2,1,2777.2,2,2778.7,1,2778.9,2,2771.3
ec2412,,13:41:40.500#,2910.0,2995.4,2723.4,3488.2,2525.9,18304,18175.0,2765.6,1,2768.0,8,2768.2,4,2768.3,2,2768.4,1,2774.0,1,2775.1,3,2775.2,1,2777.2,2,2778.7,1,2771.3
ec2412,,13:41:41.0#,2910.0,2995.4,2723.4,3488.2,2525.9,18305,18175.0,2768.0,8,2768.2,4,2768.3,2,2768.4,1,2774.0,1,2775.1,3,2775.2,1,2777.2,2,2778.7,1,2778.9,2,2774.0
ec2412,,13:41:41.500#,2910.0,2995.4,2723.4,3488.2,2525.9,18306,18175.0,2765.6,1,2768.0,8,2768.2,4,2768.3,2,2768.4,1,2774.0,1,2775.1,1,2775.2,1,2777.2,2,2778.7,1,2774.0
ec2412,,13:41:42.0#,2910.0,2995.4,2723.4,3488.2,2525.9,18306,18175.0,2765.6,1,2768.0,8,2768.2,4,2768.3,2,2768.4,1,2774.0,1,2775.1,1,2775.2,1,2777.2,2,2778.7,1,2774.0
ec2412,,13:41:43.0#,2910.0,2995.4,2723.4,3488.2,2525.9,18306,18175.0,2768.0,8,2768.2,4,2768.3,2,2768.4,1,2769.0,1,2775.1,1,2775.2,1,2777.2,2,2778.7,1,2778.9,2,2774.0
ec2412,,13:41:44.500#,2910.0,2995.4,2723.4,3488.2,2525.9,18307,18175.0,2768.2,4,2768.3,2,2768.4,1,2769.0,1,2774.0,1,2777.2,2,2778.7,1,2778.9,2,2779.0,1,2779.3,2,2775.1
ec2412,,13:41:45.0#,2910.0,2995.4,2723.4,3488.2,2525.9,18310,18176.0,2765.6,1,2768.0,8,2768.2,4,2768.3,2,2768.4,1,2778.7,1,2778.9,2,2779.0,1,2779.3,2,2780.1,1,2774.0
ec2412,,13:41:45.500#,2910.0,2995.4,2723.4,3488.2,2525.9,18310,18176.0,2768.5,4,2768.8,1,2769.2,1,2769.3,1,2769.4,2,2778.7,1,2778.9,2,2779.3,2,2780.1,1,2781.6,2,2774.0
ec2412,,13:41:46.0#,2910.0,2995.4,2723.4,3488.2,2525.9,18310,18176.0,2769.2,1,2769.3,1,2769.4,1,2769.6,1,2769.7,1,2778.6,1,2778.7,1,2778.9,2,2779.3,2,2780.1,1,2774.0
ec2412,,13:41:46.500#,2910.0,2995.4,2723.4,3488.2,2525.9,18310,18176.0,2768.4,1,2768.5,4,2769.3,1,2769.4,1,2769.7,1,2778.6,2,2778.9,2,2779.3,2,2780.1,1,2781.6,2,2774.0
ec2412,,13:41:47.0#,2910.0,2995.4,2723.4,3488.2,2525.9,18310,18176.0,2768.4,1,2768.5,6,2769.3,1,2769.4,1,2769.7,1,2778.6,2,2778.9,2,2779.3,2,2780.1,1,2781.6,2,2774.0
ec2412,,13:41:47.500#,2910.0,2995.4,2723.4,3488.2,2525.9,18310,18176.0,2768.4,1,2768.5,5,2769.3,1,2769.4,1,2769.7,1,2778.0,2,2778.6,2,2778.9,2,2779.3,2,2780.1,1,2774.0
ec2412,,13:41:48.0#,2910.0,2995.4,2723.4,3488.2,2525.9,18310,18176.0,2768.4,1,2768.5,5,2769.3,1,2769.4,1,2769.7,1,2777.9,1,2778.0,2,2778.6,1,2778.9,2,2779.3,2,2774.0
ec2412,,13:41:48.500#,2910.0,2995.4,2723.4,3488.2,2525.9,18310,18176.0,2768.5,5,2768.6,1,2769.3,1,2769.4,1,2769.7,1,2777.8,3,2777.9,1,2778.0,2,2778.6,1,2778.9,2,2774.0
ec2412,,13:41:49.0#,2910.0,2995.4,2723.4,3488.2,2525.9,18310,18176.0,2768.5,5,2768.6,1,2769.3,1,2769.4,1,2769.7,1,2777.6,1,2777.8,3,2777.9,1,2778.0,2,2778.6,1,2774.0
ec2412,,13:41:49.500#,2910.0,2995.4,2723.4,3488.2,2525.9,18310,18176.0,2768.5,5,2768.6,1,2769.3,1,2769.4,1,2769.7,1,2777.8,3,2777.9,1,2778.0,2,2778.6,1,2778.9,2,2774.0
ec2412,,13:41:50.0#,2910.0,2995.4,2723.4,3488.2,2525.9,18312,18176.0,2768.5,5,2768.6,1,2769.4,1,2769.7,1,2770.0,1,2777.7,1,2777.8,2,2777.9,1,2778.0,2,2778.6,1,2777.6
ec2412,,13:41:50.500#,2910.0,2995.4,2723.4,3488.2,2525.9,18313,18176.0,2768.4,1,2768.5,5,2768.6,1,2769.4,1,2769.7,1,2777.7,1,2777.8,2,2778.0,2,2778.6,1,2778.9,2,2770.0
ec2412,,13:41:51.0#,2910.0,2995.4,2723.4,3488.2,2525.9,18313,18176.0,2768.4,1,2768.5,5,2768.6,1,2769.4,1,2769.7,1,2777.6,1,2777.7,1,2777.8,2,2778.0,2,2778.6,1,2770.0
ec2412,,13:41:51.500#,2910.0,2995.4,2723.4,3488.2,2525.9,18314,18177.0,2768.4,1,2768.5,5,2768.6,1,2769.4,1,2770.0,1,2777.3,1,2777.4,1,2777.6,1,2777.7,1,2777.8,2,2769.7
ec2412,,13:41:52.0#,2910.0,2995.4,2723.4,3488.2,2525.9,18315,18178.0,2768.3,2,2768.4,1,2768.5,5,2768.6,1,2769.4,1,2777.3,1,2777.4,1,2777.6,2,2777.7,1,2777.8,2,2770.0
ec2412,,13:41:52.500#,2910.0,2995.4,2723.4,3488.2,2525.9,18316,18179.0,2768.3,2,2768.4,1,2768.5,5,2768.6,1,2769.4,1,2775.6,1,2776.0,2,2777.3,2,2777.4,1,2777.6,2,2777.2
ec2412,,13:41:53.0#,2910.0,2995.4,2723.4,3488.2,2525.9,18316,18179.0,2768.3,2,2768.4,1,2768.5,5,2768.6,1,2769.4,1,2775.6,1,2776.0,2,2776.8,1,2777.3,1,2777.4,1,2777.2
ec2412,,13:41:53.500#,2910.0,2995.4,2723.4,3488.2,2525.9,18316,18179.0,2768.2,4,2768.3,2,2768.4,1,2768.5,5,2769.4,1,2775.6,1,2776.0,2,2776.8,1,2777.3,1,2777.4,1,2777.2
ec2412,,13:41:54.0#,2910.0,2995.4,2723.4,3488.2,2525.9,18316,18179.0,2768.2,4,2768.3,2,2768.4,1,2768.5,5,2769.4,1,2775.6,1,2776.0,2,2776.8,1,2777.3,1,2777.4,1,2777.2
ec2412,,13:41:55.0#,2910.0,2995.4,2723.4,3488.2,2525.9,18316,18179.0,2768.2,4,2768.3,2,2768.4,1,2768.5,5,2769.4,1,2775.6,1,2776.0,2,2776.8,1,2777.2,1,2777.3,1,2777.2
ec2412,,13:41:55.500#,2910.0,2995.4,2723.4,3488.2,2525.9,18316,18179.0,2768.2,4,2768.3,2,2768.4,1,2768.5,5,2769.4,1,2775.5,1,2775.6,1,2776.0,2,2776.8,1,2777.2,1,2777.2
ec2412,,13:41:56.0#,2910.0,2995.4,2723.4,3488.2,2525.9,18316,18179.0,2768.2,4,2768.3,2,2768.4,1,2768.5,5,2769.4,1,2775.5,1,2775.6,1,2776.0,2,2776.8,1,2777.2,1,2777.2
ec2412,,13:41:57.0#,2910.0,2995.4,2723.4,3488.2,2525.9,18318,18178.0,2768.0,8,2768.2,4,2768.4,1,2768.5,5,2769.4,1,2775.5,1,2776.0,2,2777.2,1,2777.3,1,2777.4,1,2775.5
ec2412,,13:41:57.500#,2910.0,2995.4,2723.4,3488.2,2525.9,18318,18178.0,2768.0,8,2768.2,4,2768.4,1,2768.5,5,2769.4,1,2775.5,2,2776.0,2,2777.2,1,2777.4,1,2777.8,2,2775.5
ec2412,,13:41:58.0#,2910.0,2995.4,2723.4,3488.2,2525.9,18318,18178.0,2768.0,8,2768.2,4,2768.4,1,2768.5,5,2769.4,1,2775.5,2,2776.0,2,2777.2,1,2777.3,1,2777.4,1,2775.5
ec2412,,13:41:58.500#,2910.0,2995.4,2723.4,3488.2,2525.9,18318,18178.0,2768.4,1,2768.5,3,2769.0,2,2769.4,1,2770.1,1,2775.5,2,2776.0,2,2777.2,1,2777.3,1,2777.4,1,2775.5
ec2412,,13:41:59.0#,2910.0,2995.4,2723.4,3488.2,2525.9,18318,18178.0,2768.4,1,2768.5,3,2769.0,2,2769.4,1,2770.1,1,2775.5,1,2776.0,2,2777.3,1,2777.4,1,2777.8,2,2775.5
ec2412,,13:41:59.500#,2910.0,2995.4,2723.4,3488.2,2525.9,18318,18178.0,2768.5,3,2769.0,2,2769.4,1,2770.1,1,2770.2,1,2775.5,1,2776.0,2,2777.3,1,2777.4,1,2777.8,2,2775.5
ec2412,,13:42:00.0#,2910.0,2995.4,2723.4,3488.2,2525.9,18318,18178.0,2768.5,3,2769.0,2,2769.4,1,2770.1,1,2770.2,1,2775.5,1,2776.0,2,2777.3,1,2777.8,2,2777.9,2,2775.5
ec2412,,13:42:00.500#,2910.0,2995.4,2723.4,3488.2,2525.9,18318,18178.0,2768.5,3,2769.0,2,2769.4,1,2770.1,1,2770.2,1,2775.5,1,2777.3,1,2777.8,2,2777.9,2,2778.8,1,2775.5
ec2412,,13:42:01.0#,2910.0,2995.4,2723.4,3488.2,2525.9,18318,18178.0,2769.0,2,2769.4,1,2770.1,1,2770.2,1,2770.3,1,2775.3,1,2777.3,1,2777.8,2,2777.9,2,2778.8,1,2775.5
ec2412,,13:42:01.500#,2910.0,2995.4,2723.4,3488.2,2525.9,18318,18178.0,2768.5,3,2768.7,1,2769.0,2,2769.4,1,2770.2,1,2775.3,1,2777.3,1,2777.8,2,2777.9,2,2778.8,1,2775.5
ec2412,,13:42:02.0#,2910.0,2995.4,2723.4,3488.2,2525.9,18318,18178.0,2768.4,1,2768.5,3,2768.7,1,2769.0,2,2770.2,1,2775.3,1,2777.3,1,2777.8,2,2777.9,2,2778.8,1,2775.5
ec2412,,13:42:02.500#,2910.0,2995.4,2723.4,3488.2,2525.9,18319,18178.0,2768.5,2,2768.7,1,2769.0,2,2769.7,1,2770.3,2,2775.3,1,2777.3,1,2777.8,2,2778.8,1,2778.9,2,2775.3
ec2412,,13:42:03.0#,2910.0,2995.4,2723.4,3488.2,2525.9,18319,18178.0,2768.4,1,2768.5,2,2768.7,1,2769.0,2,2769.7,1,2775.3,1,2777.3,1,2777.8,2,2778.8,1,2778.9,2,2775.3
ec2412,,13:42:03.500#,2910.0,2995.4,2723.4,3488.2,2525.9,18319,18178.0,2768.4,1,2768.5,2,2768.7,1,2769.0,2,2769.7,1,2774.0,1,2775.3,1,2777.3,1,2777.8,2,2778.8,1,2775.3
ec2412,,13:42:04.0#,2910.0,2995.4,2723.4,3488.2,2525.9,18321,18178.0,2768.2,4,2768.4,1,2768.7,1,2769.0,2,2775.3,20,2777.3,1,2777.8,2,2778.8,1,2778.9,2,2779.3,2,2775.3
ec2412,,13:42:04.500#,2910.0,2995.4,2723.4,3488.2,2525.9,18325,18178.0,2768.2,4,2768.4,1,2768.7,1,2769.0,2,2775.3,16,2777.3,1,2777.8,2,2778.8,1,2778.9,2,2779.3,2,2775.3
ec2412,,13:42:05.0#,2910.0,2995.4,2723.4,3488.2,2525.9,18325,18178.0,2768.4,1,2768.7,1,2769.0,3,2775.3,16,2776.3,1,2777.3,1,2778.8,1,2778.9,2,2779.3,2,2780.1,1,2775.3
ec2412,,13:42:05.500#,2910.0,2995.4,2723.4,3488.2,2525.9,18325,18178.0,2768.7,1,2769.0,3,2770.1,1,2775.3,16,2776.3,1,2777.3,1,2778.8,1,2778.9,2,2779.3,2,2780.1,1,2775.3
ec2412,,13:42:06.0#,2910.0,2995.4,2723.4,3488.2,2525.9,18326,18178.0,2768.4,1,2768.7,1,2769.0,3,2769.6,1,2775.3,16,2776.3,2,2777.3,1,2778.8,1,2779.3,2,2780.1,1,2776.3
ec2412,,13:42:06.500#,2910.0,2995.4,2723.4,3488.2,2525.9,18326,18178.0,2768.4,1,2768.7,1,2769.0,3,2769.6,1,2775.3,16,2776.3,2,2777.3,1,2778.0,1,2778.8,1,2780.1,1,2776.3
ec2412,,13:42:07.500#,2910.0,2995.4,2723.4,3488.2,2525.9,18326,18178.0,2768.7,1,2769.0,3,2769.6,1,2770.0,1,2775.3,16,2776.3,2,2777.3,1,2778.0,1,2778.8,1,2780.1,1,2776.3
ec2412,,13:42:08.0#,2910.0,2995.4,2723.4,3488.2,2525.9,18327,18178.0,2768.7,1,2769.0,3,2769.6,1,2770.0,1,2775.3,15,2776.3,2,2777.3,1,2778.0,1,2778.8,1,2780.1,1,2775.3
ec2412,,13:42:08.500#,2910.0,2995.4,2723.4,3488.2,2525.9,18327,18178.0,2769.0,3,2769.6,1,2770.0,1,2775.3,15,2776.2,1,2776.3,2,2777.3,1,2778.0,1,2778.8,1,2780.1,1,2775.3
ec2412,,13:42:09.0#,2910.0,2995.4,2723.4,3488.2,2525.9,18329,18178.0,2769.0,3,2769.6,1,2770.0,1,2775.3,15,2776.2,1,2777.3,1,2778.0,1,2778.8,1,2780.1,1,2781.6,2,2776.3
ec2412,,13:42:09.500#,2910.0,2995.4,2723.4,3488.2,2525.9,18329,18178.0,2769.0,3,2769.6,1,2770.0,1,2775.3,15,2776.2,1,2777.3,1,2778.0,1,2778.8,1,2780.1,1,2781.6,2,2776.3
ec2412,,13:42:10.0#,2910.0,2995.4,2723.4,3488.2,2525.9,18330,18179.0,2768.4,1,2768.7,1,2769.0,3,2770.0,1,2775.3,15,2777.3,1,2778.0,1,2778.8,1,2780.1,1,2781.6,2,2776.2
ec2412,,13:42:10.500#,2910.0,2995.4,2723.4,3488.2,2525.9,18330,18179.0,2768.4,1,2768.7,1,2769.0,3,2770.0,1,2775.3,15,2777.3,1,2778.0,1,2778.8,1,2780.0,1,2780.1,1,2776.2
ec2412,,13:42:11.0#,2910.0,2995.4,2723.4,3488.2,2525.9,18330,18179.0,2768.7,1,2769.0,3,2769.5,1,2770.0,1,2775.3,15,2777.3,1,2778.0,1,2778.8,1,2780.0,1,2780.1,1,2776.2
ec2412,,13:42:12.0#,2910.0,2995.4,2723.4,3488.2,2525.9,18331,18179.0,2768.7,1,2768.9,1,2769.0,1,2770.0,3,2775.3,14,2777.3,1,2778.0,1,2778.8,1,2780.0,1,2780.1,1,2775.3
ec2412,,13:42:13.500#,2910.0,2995.4,2723.4,3488.2,2525.9,18331,18179.0,2768.7,1,2769.0,1,2770.0,3,2770.2,1,2775.3,14,2777.3,1,2778.0,1,2778.8,1,2780.0,1,2780.1,1,2775.3
ec2412,,13:42:14.0#,2910.0,2995.4,2723.4,3488.2,2525.9,18331,18179.0,2768.7,1,2769.0,1,2770.0,3,2770.2,1,2775.3,14,2777.3,1,2778.0,1,2778.8,1,2780.0,1,2780.1,1,2775.3
ec2412,,13:42:16.500#,2910.0,2995.4,2723.4,3488.2,2525.9,18338,18179.0,2768.7,1,2769.0,1,2770.0,3,2770.2,1,2775.3,7,2776.8,1,2777.3,1,2778.0,1,2778.8,1,2780.0,1,2775.3
ec2412,,13:42:19.0#,2910.0,2995.4,2723.4,3488.2,2525.9,18340,18178.0,2769.0,1,2770.0,3,2770.2,1,2775.0,1,2775.3,5,2776.0,1,2776.8,1,2777.3,1,2778.0,1,2778.8,1,2775.3
ec2412,,13:42:21.0#,2910.0,2995.4,2723.4,3488.2,2525.9,18348,18176.0,2765.6,1,2768.0,9,2768.2,4,2768.7,1,2770.0,3,2774.8,1,2775.3,1,2775.6,1,2776.0,1,2776.8,1,2770.0
ec2412,,13:42:22.0#,2910.0,2995.4,2723.4,3488.2,2525.9,18350,18176.0,2765.6,1,2768.0,9,2768.2,4,2768.7,1,2770.0,1,2773.8,1,2774.8,1,2775.6,1,2776.0,1,2776.8,1,2770.0
ec2412,,13:42:23.0#,2910.0,2995.4,2723.4,3488.2,2525.9,18351,18177.0,2765.0,2,2765.6,1,2768.0,9,2768.2,4,2768.7,1,2773.7,1,2773.8,1,2774.8,1,2775.6,1,2776.0,1,2770.0
ec2412,,13:42:23.500#,2910.0,2995.4,2723.4,3488.2,2525.9,18351,18177.0,2765.0,2,2765.6,1,2768.0,9,2768.2,4,2768.7,1,2773.7,1,2773.8,1,2774.8,1,2775.6,1,2776.0,1,2770.0
ec2412,,13:42:24.0#,2910.0,2995.4,2723.4,3488.2,2525.9,18353,18175.0,2765.0,2,2765.6,1,2768.0,9,2768.2,4,2768.7,1,2774.8,1,2775.6,1,2776.0,1,2776.8,1,2777.3,1,2773.7
ec2412,,13:42:25.0#,2910.0,2995.4,2723.4,3488.2,2525.9,18354,18175.0,2765.0,2,2765.6,1,2768.0,9,2768.2,4,2770.0,1,2774.8,1,2775.6,1,2776.0,1,2776.8,1,2777.3,1,2768.7
ec2412,,13:42:25.500#,2910.0,2995.4,2723.4,3488.2,2525.9,18355,18176.0,2763.0,3,2765.0,2,2765.6,1,2768.0,9,2768.2,4,2774.7,1,2774.8,1,2775.6,1,2776.0,1,2776.8,1,2770.0
ec2412,,13:42:26.0#,2910.0,2995.4,2723.4,3488.2,2525.9,18355,18176.0,2763.0,3,2765.0,2,2765.6,1,2768.0,9,2768.2,4,2774.6,1,2774.7,1,2774.8,1,2775.6,1,2776.0,1,2770.0
ec2412,,13:42:26.500#,2910.0,2995.4,2723.4,3488.2,2525.9,18355,18176.0,2763.0,3,2765.0,2,2765.6,1,2768.0,9,2768.2,4,2773.1,1,2774.4,2,2774.5,2,2774.6,1,2774.7,1,2770.0
ec2412,,13:42:27.0#,2910.0,2995.4,2723.4,3488.2,2525.9,18355,18176.0,2763.0,3,2765.0,2,2765.6,1,2768.0,9,2768.2,4,2773.0,1,2773.1,1,2774.4,1,2774.5,2,2774.6,1,2770.0
ec2412,,13:42:27.500#,2910.0,2995.4,2723.4,3488.2,2525.9,18355,18176.0,2763.0,3,2765.0,2,2765.6,1,2768.0,9,2768.2,4,2773.0,2,2773.1,1,2774.4,1,2774.5,2,2774.6,1,2770.0
ec2412,,13:42:28.0#,2910.0,2995.4,2723.4,3488.2,2525.9,18355,18176.0,2763.0,3,2765.0,2,2765.6,1,2768.0,9,2768.2,4,2772.0,1,2773.0,1,2773.1,1,2774.4,1,2774.5,2,2770.0
ec2412,,13:42:28.500#,2910.0,2995.4,2723.4,3488.2,2525.9,18355,18176.0,2763.0,3,2765.0,2,2765.6,1,2768.0,9,2768.2,4,2772.0,1,2773.0,1,2773.1,1,2774.4,1,2774.5,2,2770.0
ec2412,,13:42:29.0#,2910.0,2995.4,2723.4,3488.2,2525.9,18355,18176.0,2763.0,3,2765.0,2,2765.6,1,2768.0,9,2768.2,4,2772.0,1,2773.0,1,2773.1,1,2774.4,1,2774.5,2,2770.0
ec2412,,13:42:31.500#,2910.0,2995.4,2723.4,3488.2,2525.9,18356,18176.0,2763.0,3,2765.0,2,2765.6,1,2768.0,9,2768.2,3,2771.5,1,2771.9,1,2772.0,1,2773.1,1,2774.4,1,2768.2
ec2412,,13:42:32.0#,2910.0,2995.4,2723.4,3488.2,2525.9,18356,18176.0,2763.0,3,2765.0,2,2765.6,1,2768.0,9,2768.2,3,2771.5,1,2771.9,1,2772.0,1,2773.1,1,2774.4,1,2768.2
ec2412,,13:42:32.500#,2910.0,2995.4,2723.4,3488.2,2525.9,18356,18176.0,2763.0,3,2765.0,2,2765.6,1,2768.0,9,2768.2,3,2771.5,1,2771.9,2,2772.0,1,2773.1,1,2774.4,1,2768.2
ec2412,,13:42:33.0#,2910.0,2995.4,2723.4,3488.2,2525.9,18357,18176.0,2763.0,3,2765.0,2,2765.6,1,2768.0,9,2768.2,2,2771.5,1,2771.9,2,2772.0,1,2773.1,1,2774.4,1,2768.2
ec2412,,13:42:33.500#,2910.0,2995.4,2723.4,3488.2,2525.9,18359,18176.0,2762.2,1,2763.0,3,2765.0,2,2765.6,1,2768.0,9,2770.4,1,2771.5,1,2771.9,2,2772.0,1,2773.0,1,2768.2
ec2412,,13:42:34.0#,2910.0,2995.4,2723.4,3488.2,2525.9,18360,18177.0,2762.2,1,2763.0,3,2765.0,2,2765.6,1,2768.0,8,2768.2,5,2770.4,1,2771.5,1,2771.9,2,2772.0,1,2768.0
ec2412,,13:42:34.500#,2910.0,2995.4,2723.4,3488.2,2525.9,18369,18176.0,2762.0,1,2762.1,1,2762.2,1,2763.0,3,2765.0,2,2765.6,1,2768.0,4,2768.2,3,2770.4,1,2771.5,1,2765.6
ec2412,,13:42:35.0#,2910.0,2995.4,2723.4,3488.2,2525.9,18371,18176.0,2762.0,1,2762.1,1,2762.2,1,2763.0,3,2765.0,2,2768.0,2,2768.2,3,2770.4,1,2771.9,1,2772.0,1,2768.0
ec2412,,13:42:35.500#,2910.0,2995.4,2723.4,3488.2,2525.9,18371,18176.0,2762.0,1,2762.1,1,2762.2,1,2763.0,3,2765.0,2,2768.0,2,2768.2,3,2770.4,1,2771.9,1,2773.0,1,2768.0
ec2412,,13:42:36.0#,2910.0,2995.4,2723.4,3488.2,2525.9,18371,18176.0,2762.0,1,2762.1,1,2762.2,1,2763.0,3,2765.0,2,2768.0,2,2768.2,3,2770.4,1,2771.9,1,2773.0,1,2768.0
ec2412,,13:42:36.500#,2910.0,2995.4,2723.4,3488.2,2525.9,18371,18176.0,2762.0,1,2762.1,1,2762.2,1,2763.0,3,2765.0,2,2768.2,3,2770.4,1,2771.9,1,2773.0,1,2774.4,1,2768.0
ec2412,,13:42:37.0#,2910.0,2995.4,2723.4,3488.2,2525.9,18372,18177.0,2762.0,1,2762.1,1,2762.2,1,2763.0,3,2765.0,1,2771.9,1,2773.0,1,2774.4,1,2774.5,2,2774.6,1,2765.0
ec2412,,13:42:37.500#,2910.0,2995.4,2723.4,3488.2,2525.9,18373,18176.0,2762.2,1,2763.0,3,2765.0,1,2765.5,2,2771.9,1,2773.0,1,2774.4,1,2774.5,2,2774.6,1,2776.0,1,2771.9
ec2412,,13:42:38.0#,2910.0,2995.4,2723.4,3488.2,2525.9,18374,18176.0,2763.0,3,2765.0,1,2765.5,1,2765.6,1,2772.3,1,2773.0,1,2774.4,1,2774.5,2,2774.6,1,2776.0,1,2771.9
ec2412,,13:42:38.500#,2910.0,2995.4,2723.4,3488.2,2525.9,18374,18176.0,2762.2,1,2763.0,3,2765.0,1,2765.5,1,2765.6,2,2773.0,1,2774.4,1,2774.6,1,2776.0,1,2777.3,1,2771.9
ec2412,,13:42:39.0#,2910.0,2995.4,2723.4,3488.2,2525.9,18375,18175.0,2763.0,3,2765.0,1,2765.5,1,2765.6,2,2766.0,1,2773.0,2,2774.4,1,2774.6,1,2776.0,1,2777.3,1,2766.4
ec2412,,13:42:39.500#,2910.0,2995.4,2723.4,3488.2,2525.9,18377,18175.0,2762.1,1,2762.2,1,2763.0,3,2765.0,1,2765.6,1,2772.0,1,2773.0,1,2774.4,1,2774.6,1,2776.0,1,2766.0
ec2412,,13:42:40.0#,2910.0,2995.4,2723.4,3488.2,2525.9,18377,18175.0,2762.1,1,2762.2,1,2763.0,4,2765.0,1,2766.2,1,2772.0,1,2773.0,2,2774.4,1,2774.6,1,2776.0,1,2766.0
ec2412,,13:42:40.500#,2910.0,2995.4,2723.4,3488.2,2525.9,18377,18175.0,2762.0,1,2762.1,1,2762.2,1,2763.0,3,2765.0,1,2772.0,1,2772.3,1,2773.0,2,2774.4,1,2774.6,1,2766.0
ec2412,,13:42:41.0#,2910.0,2995.4,2723.4,3488.2,2525.9,18377,18175.0,2762.0,1,2762.1,1,2762.2,1,2763.0,3,2765.0,1,2772.0,1,2772.3,1,2773.0,2,2774.4,1,2774.6,1,2766.0
ec2412,,13:42:41.500#,2910.0,2995.4,2723.4,3488.2,2525.9,18379,18175.0,2763.0,3,2765.0,1,2765.5,1,2766.2,2,2767.0,2,2772.0,1,2772.3,1,2773.0,2,2774.4,1,2774.6,1,2766.2
ec2412,,13:42:42.0#,2910.0,2995.4,2723.4,3488.2,2525.9,18380,18176.0,2762.2,1,2763.0,3,2765.0,1,2765.5,1,2767.0,2,2771.9,1,2772.3,1,2773.0,2,2774.4,1,2774.6,1,2772.0
ec2412,,13:42:42.500#,2910.0,2995.4,2723.4,3488.2,2525.9,18380,18176.0,2762.2,1,2763.0,3,2765.0,1,2767.0,2,2767.5,1,2771.9,1,2772.3,1,2773.0,2,2774.4,1,2774.6,1,2772.0
ec2412,,13:42:43.0#,2910.0,2995.4,2723.4,3488.2,2525.9,18380,18176.0,2762.2,1,2763.0,3,2765.0,1,2767.0,2,2767.5,1,2771.9,1,2772.3,1,2773.0,2,2774.4,1,2774.6,1,2772.0
ec2412,,13:42:43.500#,2910.0,2995.4,2723.4,3488.2,2525.9,18380,18176.0,2763.0,3,2765.0,1,2765.2,1,2767.0,2,2767.5,1,2771.9,1,2772.3,1,2773.0,3,2774.4,1,2774.6,1,2772.0
ec2412,,13:42:44.0#,2910.0,2995.4,2723.4,3488.2,2525.9,18380,18176.0,2763.0,3,2764.4,1,2765.0,1,2767.0,2,2767.5,1,2771.9,1,2772.3,1,2773.0,3,2774.4,1,2774.6,1,2772.0
ec2412,,13:42:44.500#,2910.0,2995.4,2723.4,3488.2,2525.9,18380,18176.0,2763.0,3,2764.4,1,2765.0,1,2767.0,2,2767.6,1,2771.9,1,2772.3,1,2773.0,3,2774.4,1,2774.6,1,2772.0
ec2412,,13:42:45.0#,2910.0,2995.4,2723.4,3488.2,2525.9,18382,18177.0,2762.2,1,2763.0,3,2763.2,1,2765.0,1,2767.0,2,2767.5,4,2771.9,1,2772.3,1,2773.0,3,2774.4,1,2767.6
ec2412,,13:42:45.500#,2910.0,2995.4,2723.4,3488.2,2525.9,18382,18177.0,2762.2,1,2763.0,3,2763.2,1,2765.0,1,2767.0,2,2767.5,4,2771.9,1,2772.3,1,2773.0,3,2774.4,1,2767.6
ec2412,,13:42:46.0#,2910.0,2995.4,2723.4,3488.2,2525.9,18382,18177.0,2762.2,1,2762.5,1,2763.0,3,2765.0,1,2767.0,2,2767.5,4,2771.9,1,2772.3,1,2773.0,3,2774.4,1,2767.6
ec2412,,13:42:46.500#,2910.0,2995.4,2723.4,3488.2,2525.9,18382,18177.0,2762.2,1,2763.0,3,2763.4,1,2765.0,1,2767.0,2,2767.5,4,2771.9,1,2772.3,1,2773.0,3,2774.4,1,2767.6
ec2412,,13:42:47.500#,2910.0,2995.4,2723.4,3488.2,2525.9,18383,18177.0,2762.2,1,2763.0,3,2763.4,1,2765.0,1,2767.0,2,2767.5,3,2771.9,1,2772.3,1,2773.0,3,2774.4,1,2767.6
ec2412,,13:42:48.0#,2910.0,2995.4,2723.4,3488.2,2525.9,18385,18178.0,2762.2,1,2763.0,3,2763.4,1,2765.0,1,2767.0,2,2767.5,1,2771.9,1,2772.3,1,2773.0,3,2774.4,1,2767.5
ec2412,,13:42:48.500#,2910.0,2995.4,2723.4,3488.2,2525.9,18386,18178.0,2762.2,1,2763.0,3,2763.4,1,2765.0,1,2767.0,2,2767.5,1,2771.9,1,2772.3,1,2773.0,3,2774.4,1,2767.0
ec2412,,13:42:49.0#,2910.0,2995.4,2723.4,3488.2,2525.9,18386,18178.0,2762.2,1,2763.0,3,2763.4,1,2765.0,1,2767.0,1,2767.5,1,2771.9,1,2772.3,1,2773.0,3,2774.4,1,2767.0
ec2412,,13:42:49.500#,2910.0,2995.4,2723.4,3488.2,2525.9,18387,18179.0,2762.0,1,2762.1,2,2762.2,1,2763.0,3,2765.0,1,2766.9,1,2767.5,1,2771.9,1,2772.3,1,2773.0,3,2767.0
ec2412,,13:42:51.0#,2910.0,2995.4,2723.4,3488.2,2525.9,18387,18179.0,2762.0,1,2762.1,1,2762.2,1,2763.0,3,2765.0,1,2766.9,1,2767.5,1,2771.9,1,2772.3,1,2773.0,3,2767.0
ec2412,,13:42:51.500#,2910.0,2995.4,2723.4,3488.2,2525.9,18387,18179.0,2762.1,1,2762.2,1,2763.0,3,2765.0,1,2765.3,1,2766.9,1,2767.0,1,2767.5,1,2771.9,1,2772.3,1,2767.0
ec2412,,13:42:52.0#,2910.0,2995.4,2723.4,3488.2,2525.9,18388,18180.0,2762.0,1,2762.1,1,2762.2,1,2763.0,3,2765.0,1,2766.9,1,2767.0,1,2767.5,1,2771.9,1,2772.3,1,2765.3
ec2412,,13:42:53.0#,2910.0,2995.4,2723.4,3488.2,2525.9,18389,18180.0,2762.1,1,2762.2,1,2763.0,3,2765.0,1,2766.9,1,2767.0,1,2767.5,1,2771.9,1,2772.3,1,2773.0,3,2766.9
ec2412,,13:42:53.500#,2910.0,2995.4,2723.4,3488.2,2525.9,18389,18180.0,2762.1,1,2762.2,1,2763.0,3,2765.0,1,2766.9,1,2767.0,1,2767.5,1,2771.9,1,2772.3,1,2773.0,3,2766.9
ec2412,,13:42:54.0#,2910.0,2995.4,2723.4,3488.2,2525.9,18389,18180.0,2762.1,1,2762.2,1,2763.0,3,2765.0,1,2766.9,1,2767.0,1,2767.5,1,2771.9,1,2772.3,1,2773.0,3,2766.9
ec2412,,13:42:55.0#,2910.0,2995.4,2723.4,3488.2,2525.9,18390,18179.0,2762.0,1,2762.1,1,2762.2,1,2763.0,3,2765.0,1,2767.0,1,2767.5,1,2771.9,1,2772.3,1,2773.0,3,2766.9
ec2412,,13:42:56.0#,2910.0,2995.4,2723.4,3488.2,2525.9,18392,18181.0,2762.1,1,2762.2,1,2763.0,3,2765.0,1,2765.1,1,2771.9,1,2772.3,1,2773.0,3,2774.4,1,2774.6,1,2767.5
ec2412,,13:42:56.500#,2910.0,2995.4,2723.4,3488.2,2525.9,18392,18181.0,2762.1,1,2762.2,1,2763.0,3,2765.0,1,2765.5,2,2771.9,1,2772.3,1,2773.0,3,2774.4,1,2774.6,1,2767.5
ec2412,,13:42:57.0#,2910.0,2995.4,2723.4,3488.2,2525.9,18392,18181.0,2762.2,1,2763.0,3,2765.0,1,2765.5,2,2765.7,1,2771.9,1,2772.3,1,2773.0,3,2774.4,1,2774.6,1,2767.5
ec2412,,13:42:57.500#,2910.0,2995.4,2723.4,3488.2,2525.9,18392,18181.0,2763.0,3,2765.0,1,2765.5,2,2765.6,1,2765.7,1,2771.9,1,2772.3,1,2773.0,3,2774.4,1,2774.6,1,2767.5
ec2412,,13:42:58.500#,2910.0,2995.4,2723.4,3488.2,2525.9,18392,18181.0,2763.0,3,2765.0,1,2765.6,1,2765.7,1,2767.0,1,2771.9,1,2772.3,1,2773.0,3,2774.4,1,2774.6,1,2767.5
ec2412,,13:42:59.0#,2910.0,2995.4,2723.4,3488.2,2525.9,18393,18182.0,2763.0,3,2765.0,1,2765.6,1,2765.7,1,2766.1,2,2771.9,1,2772.3,1,2773.0,3,2774.4,1,2774.6,1,2767.0
ec2412,,13:42:59.500#,2910.0,2995.4,2723.4,3488.2,2525.9,18393,18182.0,2763.0,3,2765.0,1,2765.6,1,2765.7,2,2766.1,2,2771.0,1,2771.9,1,2772.3,1,2773.0,3,2774.4,1,2767.0
ec2412,,13:43:00.0#,2910.0,2995.4,2723.4,3488.2,2525.9,18393,18182.0,2763.0,3,2765.0,1,2765.6,1,2765.7,1,2766.1,2,2771.0,1,2771.9,1,2772.3,1,2773.0,3,2774.4,1,2767.0
ec2412,,13:43:00.500#,2910.0,2995.4,2723.4,3488.2,2525.9,18393,18182.0,2765.6,1,2765.7,1,2766.1,2,2766.2,2,2766.3,1,2771.0,1,2771.9,1,2772.3,1,2773.0,3,2774.4,1,2767.0
ec2412,,13:43:01.0#,2910.0,2995.4,2723.4,3488.2,2525.9,18393,18182.0,2765.6,1,2765.7,1,2766.1,2,2766.2,2,2766.3,1,2771.0,1,2771.9,1,2772.3,1,2773.0,3,2774.4,1,2767.0
ec2412,,13:43:01.500#,2910.0,2995.4,2723.4,3488.2,2525.9,18393,18182.0,2766.1,2,2766.2,2,2766.3,1,2766.4,2,2766.5,1,2771.0,1,2771.9,1,2772.3,1,2773.0,3,2774.4,1,2767.0
ec2412,,13:43:02.0#,2910.0,2995.4,2723.4,3488.2,2525.9,18393,18182.0,2766.3,1,2766.4,2,2766.5,1,2766.6,2,2766.7,2,2771.0,1,2771.9,1,2772.3,1,2773.0,3,2774.4,1,2767.0
ec2412,,13:43:02.500#,2910.0,2995.4,2723.4,3488.2,2525.9,18393,18182.0,2766.5,1,2766.6,3,2766.7,2,2766.8,2,2766.9,1,2771.0,1,2771.9,1,2772.3,1,2773.0,3,2774.6,1,2767.0
ec2412,,13:43:03.0#,2910.0,2995.4,2723.4,3488.2,2525.9,18393,18182.0,2766.8,2,2766.9,1,2767.0,2,2767.3,2,2767.4,1,2771.0,1,2771.9,1,2772.3,1,2773.0,3,2774.6,1,2767.0
ec2412,,13:43:03.500#,2910.0,2995.4,2723.4,3488.2,2525.9,18393,18182.0,2766.8,2,2766.9,1,2767.0,2,2767.3,2,2767.4,1,2771.0,1,2771.9,1,2772.3,1,2773.0,3,2774.6,1,2767.0
ec2412,,13:43:04.0#,2910.0,2995.4,2723.4,3488.2,2525.9,18393,18182.0,2766.9,1,2767.0,2,2767.3,2,2767.4,1,2767.6,1,2771.0,1,2771.9,1,2772.3,1,2773.0,3,2774.6,1,2767.0
ec2412,,13:43:05.0#,2910.0,2995.4,2723.4,3488.2,2525.9,18394,18183.0,2766.7,1,2766.8,2,2766.9,1,2767.0,2,2767.4,1,2771.0,1,2771.9,1,2772.3,1,2773.0,3,2774.6,1,2767.6
ec2412,,13:43:06.0#,2910.0,2995.4,2723.4,3488.2,2525.9,18394,18183.0,2766.7,1,2766.8,2,2766.9,1,2767.0,2,2767.4,1,2771.0,1,2771.9,1,2772.3,1,2773.0,3,2774.6,1,2767.6
ec2412,,13:43:07.0#,2910.0,2995.4,2723.4,3488.2,2525.9,18394,18183.0,2766.7,1,2766.8,2,2766.9,1,2767.0,2,2767.4,1,2771.0,1,2771.9,1,2772.3,1,2773.0,3,2774.6,1,2767.6
ec2412,,13:43:07.500#,2910.0,2995.4,2723.4,3488.2,2525.9,18394,18183.0,2766.7,1,2766.8,2,2766.9,1,2767.0,2,2767.4,1,2771.0,1,2771.9,1,2772.3,1,2773.0,3,2774.6,1,2767.6
ec2412,,13:43:08.500#,2910.0,2995.4,2723.4,3488.2,2525.9,18394,18183.0,2766.8,2,2766.9,1,2767.0,2,2767.4,1,2767.8,2,2771.0,1,2771.9,1,2772.3,1,2773.0,3,2774.6,1,2767.6
ec2412,,13:43:09.0#,2910.0,2995.4,2723.4,3488.2,2525.9,18394,18183.0,2766.8,2,2766.9,1,2767.0,2,2767.4,1,2767.8,2,2771.0,1,2771.9,1,2772.3,1,2773.0,3,2774.6,1,2767.6
ec2412,,13:43:09.500#,2910.0,2995.4,2723.4,3488.2,2525.9,18394,18183.0,2766.8,2,2766.9,1,2767.0,2,2767.4,1,2767.8,2,2771.0,1,2771.9,1,2772.3,1,2773.0,3,2774.6,1,2767.6
ec2412,,13:43:10.0#,2910.0,2995.4,2723.4,3488.2,2525.9,18394,18183.0,2766.8,2,2766.9,1,2767.0,2,2767.4,1,2767.8,2,2771.0,2,2772.3,1,2773.0,3,2774.6,1,2776.0,1,2767.6
ec2412,,13:43:10.500#,2910.0,2995.4,2723.4,3488.2,2525.9,18395,18183.0,2766.2,2,2766.4,2,2766.5,1,2766.7,1,2767.8,1,2771.0,2,2772.3,1,2773.0,3,2774.6,1,2776.0,1,2767.8
ec2412,,13:43:11.0#,2910.0,2995.4,2723.4,3488.2,2525.9,18396,18183.0,2765.7,1,2766.2,2,2766.4,2,2766.5,1,2766.7,1,2771.0,2,2772.3,1,2773.0,3,2774.6,1,2776.0,1,2767.8
ec2412,,13:43:11.500#,2910.0,2995.4,2723.4,3488.2,2525.9,18399,18181.0,2765.0,2,2765.6,1,2765.7,1,2766.2,2,2766.4,1,2771.0,2,2772.3,1,2773.0,3,2774.6,1,2776.0,1,2766.4
ec2412,,13:43:12.0#,2910.0,2995.4,2723.4,3488.2,2525.9,18399,18181.0,2763.0,3,2765.0,2,2765.7,1,2766.2,2,2766.4,1,2771.0,2,2772.3,1,2773.0,3,2774.6,1,2776.0,1,2766.4
ec2412,,13:43:13.0#,2910.0,2995.4,2723.4,3488.2,2525.9,18399,18181.0,2763.0,3,2765.0,2,2765.7,1,2766.2,2,2766.4,1,2771.0,1,2772.3,1,2773.0,3,2774.6,1,2776.0,1,2766.4
ec2412,,13:43:13.500#,2910.0,2995.4,2723.4,3488.2,2525.9,18400,18182.0,2763.0,3,2765.0,2,2765.7,1,2766.2,2,2766.4,1,2771.0,1,2772.3,1,2773.0,3,2774.6,1,2776.0,1,2770.9
ec2412,,13:43:14.500#,2910.0,2995.4,2723.4,3488.2,2525.9,18400,18182.0,2765.0,2,2765.7,1,2766.2,2,2766.4,1,2766.5,1,2771.0,1,2772.3,1,2773.0,3,2774.6,1,2776.0,1,2770.9
ec2412,,13:43:15.500#,2910.0,2995.4,2723.4,3488.2,2525.9,18401,18183.0,2763.0,3,2765.0,2,2765.7,1,2766.2,2,2766.4,1,2771.0,1,2772.3,1,2773.0,3,2774.6,1,2776.0,1,2766.5
ec2412,,13:43:16.500#,2910.0,2995.4,2723.4,3488.2,2525.9,18401,18183.0,2765.0,2,2765.7,1,2766.2,2,2766.4,1,2767.0,5,2770.5,1,2771.0,1,2772.3,1,2773.0,3,2774.6,1,2766.5
ec2412,,13:43:17.500#,2910.0,2995.4,2723.4,3488.2,2525.9,18401,18183.0,2765.7,1,2766.2,2,2766.4,1,2766.5,1,2767.0,5,2770.5,1,2771.0,1,2772.3,1,2773.0,3,2774.6,1,2766.5
ec2412,,13:43:18.0#,2910.0,2995.4,2723.4,3488.2,2525.9,18401,18183.0,2765.7,1,2766.2,2,2766.4,1,2766.5,1,2767.0,5,2770.5,1,2771.0,1,2772.3,1,2773.0,3,2774.6,1,2766.5
ec2412,,13:43:18.500#,2910.0,2995.4,2723.4,3488.2,2525.9,18401,18183.0,2765.7,1,2766.2,2,2766.4,1,2766.5,1,2767.0,5,2770.5,1,2771.0,1,2772.3,1,2773.0,3,2774.6,1,2766.5
ec2412,,13:43:19.0#,2910.0,2995.4,2723.4,3488.2,2525.9,18401,18183.0,2765.7,1,2766.2,2,2766.4,1,2766.5,1,2767.0,5,2770.5,1,2771.0,1,2772.3,1,2773.0,3,2774.6,1,2766.5
ec2412,,13:43:19.500#,2910.0,2995.4,2723.4,3488.2,2525.9,18401,18183.0,2763.0,3,2765.0,2,2765.7,1,2766.5,1,2767.0,5,2770.5,1,2771.0,1,2772.3,1,2773.0,3,2774.6,1,2766.5
ec2412,,13:43:20.0#,2910.0,2995.4,2723.4,3488.2,2525.9,18401,18183.0,2763.0,3,2765.0,2,2765.7,1,2766.5,1,2767.0,5,2770.5,1,2771.0,1,2772.3,1,2773.0,3,2774.6,1,2766.5
ec2412,,13:43:20.500#,2910.0,2995.4,2723.4,3488.2,2525.9,18401,18183.0,2763.0,3,2765.0,2,2765.3,1,2766.5,1,2767.0,5,2770.5,1,2771.0,1,2772.3,1,2773.0,3,2774.6,1,2766.5
ec2412,,13:43:21.500#,2910.0,2995.4,2723.4,3488.2,2525.9,18403,18185.0,2763.0,3,2765.0,2,2765.3,1,2766.5,1,2767.0,3,2770.3,1,2770.5,1,2771.0,1,2772.3,1,2773.0,3,2767.0
ec2412,,13:43:22.0#,2910.0,2995.4,2723.4,3488.2,2525.9,18404,18186.0,2765.0,2,2765.3,1,2766.5,1,2766.9,2,2767.0,2,2770.3,1,2771.0,1,2772.3,1,2773.0,3,2774.6,1,2767.0
ec2412,,13:43:22.500#,2910.0,2995.4,2723.4,3488.2,2525.9,18405,18186.0,2765.0,2,2765.3,1,2766.5,1,2766.9,2,2767.0,1,2769.3,1,2770.0,1,2770.3,1,2771.0,1,2772.3,1,2767.0
ec2412,,13:43:23.0#,2910.0,2995.4,2723.4,3488.2,2525.9,18407,18188.0,2763.0,3,2765.0,3,2765.3,1,2766.5,1,2766.9,1,2769.0,1,2769.3,1,2770.0,1,2770.3,1,2772.3,1,2766.9
ec2412,,13:43:23.500#,2910.0,2995.4,2723.4,3488.2,2525.9,18407,18188.0,2765.0,3,2765.3,1,2766.4,1,2766.5,1,2766.9,1,2768.0,1,2769.3,1,2770.0,1,2770.3,1,2772.3,1,2766.9
ec2412,,13:43:24.0#,2910.0,2995.4,2723.4,3488.2,2525.9,18407,18188.0,2765.0,3,2765.3,1,2766.4,1,2766.5,1,2766.9,1,2768.0,1,2769.3,1,2772.3,1,2773.0,3,2774.6,1,2766.9
ec2412,,13:43:25.0#,2910.0,2995.4,2723.4,3488.2,2525.9,18408,18189.0,2765.0,3,2765.3,1,2766.4,1,2766.5,1,2766.9,1,2769.3,1,2772.3,1,2773.0,3,2774.6,1,2776.0,1,2768.0
ec2412,,13:43:26.0#,2910.0,2995.4,2723.4,3488.2,2525.9,18408,18189.0,2765.0,3,2765.3,1,2766.4,1,2766.5,1,2766.9,1,2772.3,1,2773.0,3,2774.6,1,2776.0,1,2777.3,1,2768.0
ec2412,,13:43:26.500#,2910.0,2995.4,2723.4,3488.2,2525.9,18408,18189.0,2765.0,3,2765.3,1,2766.4,1,2766.5,1,2766.9,2,2768.9,5,2770.3,1,2772.3,1,2773.0,3,2774.6,1,2768.0
ec2412,,13:43:27.500#,2910.0,2995.4,2723.4,3488.2,2525.9,18408,18189.0,2765.0,3,2765.3,1,2766.4,1,2766.5,1,2766.9,2,2768.7,1,2768.9,5,2772.3,1,2773.0,3,2774.6,1,2768.0
ec2412,,13:43:28.0#,2910.0,2995.4,2723.4,3488.2,2525.9,18408,18189.0,2765.0,3,2765.3,1,2766.4,1,2766.5,1,2766.9,2,2768.7,1,2768.9,5,2771.6,1,2772.3,1,2773.0,3,2768.0
ec2412,,13:43:29.500#,2910.0,2995.4,2723.4,3488.2,2525.9,18410,18190.0,2763.0,3,2765.0,3,2765.3,1,2766.4,1,2766.5,1,2768.7,1,2768.9,5,2771.6,1,2772.3,1,2773.0,3,2766.9
ec2412,,13:43:30.0#,2910.0,2995.4,2723.4,3488.2,2525.9,18411,18190.0,2762.2,1,2763.0,3,2765.0,3,2765.3,1,2766.4,1,2768.9,5,2771.6,1,2772.3,1,2773.0,3,2774.6,1,2766.5
ec2412,,13:43:31.500#,2910.0,2995.4,2723.4,3488.2,2525.9,18412,18189.0,2762.1,1,2762.2,1,2763.0,3,2765.0,3,2765.3,1,2768.9,5,2771.6,1,2772.3,1,2773.0,3,2774.6,1,2766.4
ec2412,,13:43:32.0#,2910.0,2995.4,2723.4,3488.2,2525.9,18413,18188.0,2760.0,11,2762.1,1,2762.2,1,2763.0,3,2765.0,3,2766.4,1,2768.9,5,2771.6,1,2772.3,1,2773.0,3,2765.3
ec2412,,13:43:32.500#,2910.0,2995.4,2723.4,3488.2,2525.9,18414,18187.0,2760.0,11,2762.1,1,2762.2,1,2763.0,3,2765.0,2,2766.4,1,2768.9,5,2771.6,1,2772.3,1,2773.0,3,2765.0
ec2412,,13:43:33.0#,2910.0,2995.4,2723.4,3488.2,2525.9,18416,18187.0,2759.0,2,2760.0,11,2762.1,1,2762.2,1,2763.0,3,2766.4,1,2768.9,5,2771.5,1,2772.3,1,2773.0,3,2765.0
ec2412,,13:43:33.500#,2910.0,2995.4,2723.4,3488.2,2525.9,18417,18187.0,2759.0,2,2760.0,11,2762.1,1,2762.2,1,2763.0,2,2766.4,1,2768.9,5,2771.5,1,2772.3,1,2773.0,3,2763.0
ec2412,,13:43:34.0#,2910.0,2995.4,2723.4,3488.2,2525.9,18417,18187.0,2759.0,2,2760.0,11,2762.1,1,2762.2,1,2763.0,2,2766.0,1,2766.4,1,2768.0,1,2768.9,5,2771.5,1,2763.0
ec2412,,13:43:34.500#,2910.0,2995.4,2723.4,3488.2,2525.9,18417,18187.0,2759.0,2,2760.0,11,2762.1,1,2762.2,1,2763.0,2,2765.7,1,2766.0,1,2766.4,1,2768.0,1,2768.9,5,2763.0
ec2412,,13:43:35.0#,2910.0,2995.4,2723.4,3488.2,2525.9,18417,18187.0,2759.0,2,2760.0,11,2762.1,1,2762.2,1,2763.0,2,2765.3,1,2765.7,1,2766.4,1,2768.0,1,2768.9,5,2763.0
ec2412,,13:43:35.500#,2910.0,2995.4,2723.4,3488.2,2525.9,18419,18189.0,2758.0,5,2759.0,2,2760.0,11,2762.1,1,2762.2,1,2763.0,3,2765.3,1,2765.7,1,2766.4,1,2768.9,5,2763.0
ec2412,,13:43:36.0#,2910.0,2995.4,2723.4,3488.2,2525.9,18419,18189.0,2758.0,5,2759.0,2,2760.0,11,2762.1,1,2762.2,1,2763.0,4,2765.3,1,2765.7,1,2766.4,1,2768.9,5,2763.0
ec2412,,13:43:36.500#,2910.0,2995.4,2723.4,3488.2,2525.9,18419,18189.0,2758.0,5,2759.0,2,2760.0,11,2762.1,1,2762.2,1,2763.0,4,2766.4,1,2768.9,5,2771.5,1,2772.3,1,2763.0
ec2412,,13:43:37.0#,2910.0,2995.4,2723.4,3488.2,2525.9,18421,18189.0,2755.2,1,2756.0,2,2758.0,5,2759.0,2,2760.0,11,2762.6,1,2763.0,4,2766.4,1,2768.9,5,2771.5,1,2762.1
ec2412,,13:43:37.500#,2910.0,2995.4,2723.4,3488.2,2525.9,18421,18189.0,2755.2,1,2756.0,2,2758.0,5,2759.0,2,2760.0,11,2763.0,4,2766.4,1,2768.9,5,2771.5,1,2772.3,1,2762.1
ec2412,,13:43:38.0#,2910.0,2995.4,2723.4,3488.2,2525.9,18432,18187.0,2755.0,46,2755.2,1,2756.0,2,2758.0,5,2759.0,2,2760.0,10,2763.0,4,2766.4,1,2768.9,5,2771.5,1,2760.0
ec2412,,13:43:38.500#,2910.0,2995.4,2723.4,3488.2,2525.9,18434,18189.0,2753.0,4,2755.0,46,2755.2,1,2756.0,2,2758.0,5,2758.7,1,2760.0,11,2763.0,4,2766.4,1,2768.9,5,2759.0
ec2412,,13:43:39.0#,2910.0,2995.4,2723.4,3488.2,2525.9,18435,18188.0,2753.0,4,2755.0,46,2755.2,1,2756.0,2,2758.0,5,2760.0,10,2762.0,1,2763.0,5,2766.3,1,2766.4,1,2758.7
ec2412,,13:43:39.500#,2910.0,2995.4,2723.4,3488.2,2525.9,18436,18189.0,2753.0,4,2755.0,46,2755.2,1,2756.0,2,2758.0,4,2759.6,1,2760.0,10,2762.0,1,2763.0,5,2766.3,1,2758.0
ec2412,,13:43:40.500#,2910.0,2995.4,2723.4,3488.2,2525.9,18437,18190.0,2753.0,4,2755.0,46,2755.2,1,2756.0,2,2758.0,4,2760.0,10,2762.0,1,2763.0,5,2766.3,1,2766.4,1,2758.0
ec2412,,13:43:41.500#,2910.0,2995.4,2723.4,3488.2,2525.9,18438,18190.0,2753.0,4,2755.0,46,2755.2,1,2756.0,2,2758.0,3,2760.0,10,2762.0,1,2763.0,4,2766.3,1,2766.4,1,2758.0
ec2412,,13:43:42.0#,2910.0,2995.4,2723.4,3488.2,2525.9,18438,18190.0,2753.0,4,2755.0,46,2755.2,1,2756.0,2,2758.0,3,2760.0,10,2763.0,5,2766.3,1,2766.4,1,2768.9,5,2758.0
ec2412,,13:43:42.500#,2910.0,2995.4,2723.4,3488.2,2525.9,18439,18190.0,2753.0,4,2755.0,46,2755.2,1,2756.0,2,2758.0,3,2760.0,9,2763.0,5,2766.3,1,2766.4,1,2768.9,5,2760.0
ec2412,,13:43:43.0#,2910.0,2995.4,2723.4,3488.2,2525.9,18440,18190.0,2753.0,4,2755.0,46,2755.2,1,2756.0,2,2758.0,2,2760.0,9,2763.0,5,2766.4,1,2768.9,5,2772.3,1,2758.0
ec2412,,13:43:43.500#,2910.0,2995.4,2723.4,3488.2,2525.9,18443,18189.0,2752.5,1,2753.0,4,2755.0,46,2755.2,1,2756.0,2,2760.0,8,2763.0,5,2766.4,1,2768.9,5,2772.3,1,2758.0
ec2412,,13:43:44.0#,2910.0,2995.4,2723.4,3488.2,2525.9,18444,18189.0,2752.5,1,2753.0,4,2755.0,46,2755.2,1,2756.0,1,2758.0,2,2760.0,8,2763.0,5,2766.2,1,2766.4,1,2756.0
ec2412,,13:43:44.500#,2910.0,2995.4,2723.4,3488.2,2525.9,18445,18189.0,2750.5,2,2752.5,1,2753.0,4,2755.0,46,2755.2,1,2758.0,7,2760.0,8,2763.0,5,2766.2,1,2766.4,1,2756.0
ec2412,,13:43:45.0#,2910.0,2995.4,2723.4,3488.2,2525.9,18446,18190.0,2750.5,2,2752.5,1,2753.0,4,2755.0,46,2755.2,1,2758.0,6,2760.0,8,2763.0,5,2766.2,1,2766.4,1,2758.0
ec2412,,13:43:45.500#,2910.0,2995.4,2723.4,3488.2,2525.9,18446,18190.0,2750.5,2,2752.5,1,2753.0,4,2755.0,46,2755.2,1,2758.0,6,2760.0,8,2763.0,5,2766.2,1,2766.4,1,2758.0
ec2412,,13:43:46.0#,2910.0,2995.4,2723.4,3488.2,2525.9,18453,18194.0,2758.0,6,2759.0,2,2759.1,4,2759.2,2,2759.6,1,2760.0,8,2763.0,6,2766.2,1,2766.4,1,2768.9,5,2758.0
ec2412,,13:43:46.500#,2910.0,2995.4,2723.4,3488.2,2525.9,18462,18198.0,2755.4,1,2755.9,1,2758.0,6,2759.7,1,2760.5,1,2763.0,6,2766.2,1,2766.4,1,2768.9,5,2772.3,1,2760.0
ec2412,,13:43:47.0#,2910.0,2995.4,2723.4,3488.2,2525.9,18462,18198.0,2755.9,1,2758.0,2,2759.7,1,2760.5,1,2760.6,1,2763.0,6,2766.4,1,2768.8,1,2768.9,5,2772.3,1,2760.0
ec2412,,13:43:47.500#,2910.0,2995.4,2723.4,3488.2,2525.9,18462,18198.0,2755.9,1,2758.6,1,2759.7,1,2760.5,1,2760.6,1,2763.0,6,2766.4,1,2768.9,5,2772.3,1,2773.0,3,2760.0
ec2412,,13:43:48.0#,2910.0,2995.4,2723.4,3488.2,2525.9,18463,18198.0,2756.0,1,2758.6,1,2759.7,1,2760.0,2,2760.5,1,2763.0,6,2766.4,1,2768.9,5,2772.3,1,2773.0,3,2760.5
ec2412,,13:43:48.500#,2910.0,2995.4,2723.4,3488.2,2525.9,18463,18198.0,2756.0,1,2758.6,1,2759.7,1,2760.0,2,2760.5,1,2763.0,6,2766.4,1,2768.9,5,2772.3,1,2773.0,3,2760.5
ec2412,,13:43:49.0#,2910.0,2995.4,2723.4,3488.2,2525.9,18463,18198.0,2755.9,1,2756.0,1,2759.7,1,2760.0,2,2760.5,1,2763.0,6,2766.4,1,2768.9,5,2772.3,1,2773.0,3,2760.5
ec2412,,13:43:49.500#,2910.0,2995.4,2723.4,3488.2,2525.9,18463,18198.0,2755.9,1,2756.0,1,2757.4,1,2759.7,1,2760.0,2,2763.0,6,2766.4,1,2768.9,5,2772.3,1,2773.0,3,2760.5
ec2412,,13:43:50.0#,2910.0,2995.4,2723.4,3488.2,2525.9,18463,18198.0,2755.3,1,2755.9,1,2756.0,1,2757.4,1,2760.0,2,2763.0,6,2766.4,1,2768.9,5,2772.3,1,2773.0,3,2760.5
ec2412,,13:43:51.0#,2910.0,2995.4,2723.4,3488.2,2525.9,18465,18200.0,2757.4,1,2760.0,2,2760.1,1,2760.5,5,2760.6,1,2763.0,4,2766.4,1,2768.9,5,2772.3,1,2773.0,3,2763.0
ec2412,,13:43:51.500#,2910.0,2995.4,2723.4,3488.2,2525.9,18469,18199.0,2760.0,2,2760.1,1,2760.5,5,2760.6,1,2763.2,1,2766.4,1,2768.9,5,2772.3,1,2773.0,3,2774.6,1,2763.0
ec2412,,13:43:52.0#,2910.0,2995.4,2723.4,3488.2,2525.9,18471,18199.0,2755.3,1,2756.0,1,2757.4,1,2760.0,2,2760.5,5,2766.4,1,2768.9,5,2772.3,1,2773.0,3,2774.6,1,2760.6
ec2412,,13:43:52.500#,2910.0,2995.4,2723.4,3488.2,2525.9,18471,18199.0,2756.0,1,2757.4,1,2760.0,2,2760.5,5,2761.2,1,2766.4,1,2768.9,5,2770.0,1,2772.3,1,2773.0,3,2760.6
ec2412,,13:43:53.0#,2910.0,2995.4,2723.4,3488.2,2525.9,18471,18199.0,2757.4,1,2760.0,1,2760.5,5,2761.2,2,2761.4,2,2766.4,1,2768.9,5,2770.0,1,2772.3,1,2773.0,3,2760.6
ec2412,,13:43:53.500#,2910.0,2995.4,2723.4,3488.2,2525.9,18471,18199.0,2757.4,1,2760.0,1,2760.5,5,2761.2,1,2761.4,2,2766.4,1,2768.9,5,2770.0,1,2772.3,1,2773.0,3,2760.6
ec2412,,13:43:54.0#,2910.0,2995.4,2723.4,3488.2,2525.9,18471,18199.0,2757.4,1,2760.0,1,2760.5,5,2761.2,1,2761.4,2,2766.4,1,2768.9,5,2770.0,1,2772.3,1,2773.0,3,2760.6
ec2412,,13:43:54.500#,2910.0,2995.4,2723.4,3488.2,2525.9,18472,18198.0,2757.4,1,2760.0,1,2760.5,5,2761.2,1,2761.4,3,2768.9,5,2770.0,1,2772.3,1,2773.0,3,2774.6,1,2766.4
ec2412,,13:43:55.0#,2910.0,2995.4,2723.4,3488.2,2525.9,18472,18198.0,2761.2,1,2761.4,3,2761.5,2,2761.6,1,2762.4,1,2768.9,5,2770.0,1,2772.3,1,2773.0,3,2774.6,1,2766.4
ec2412,,13:43:55.500#,2910.0,2995.4,2723.4,3488.2,2525.9,18472,18198.0,2761.4,3,2761.5,2,2761.6,1,2762.2,1,2762.5,2,2768.9,5,2770.0,1,2772.3,1,2773.0,3,2774.6,1,2766.4
ec2412,,13:43:56.0#,2910.0,2995.4,2723.4,3488.2,2525.9,18472,18198.0,2761.4,3,2761.5,2,2761.6,1,2762.2,2,2762.5,2,2768.9,5,2770.0,1,2772.3,1,2773.0,3,2774.6,1,2766.4
ec2412,,13:43:56.500#,2910.0,2995.4,2723.4,3488.2,2525.9,18472,18198.0,2761.5,2,2761.6,1,2762.2,1,2762.5,2,2762.6,2,2768.9,5,2770.0,1,2772.3,1,2773.0,3,2774.6,1,2766.4
ec2412,,13:43:57.0#,2910.0,2995.4,2723.4,3488.2,2525.9,18472,18198.0,2761.5,2,2761.6,1,2762.2,1,2762.5,2,2762.6,2,2768.9,5,2770.0,1,2772.3,1,2773.0,3,2774.6,1,2766.4
ec2412,,13:43:57.500#,2910.0,2995.4,2723.4,3488.2,2525.9,18472,18198.0,2761.5,2,2761.6,1,2762.2,1,2762.5,2,2762.6,1,2768.9,5,2770.0,1,2772.3,1,2773.0,3,2774.6,1,2766.4
ec2412,,13:43:58.0#,2910.0,2995.4,2723.4,3488.2,2525.9,18472,18198.0,2761.3,1,2761.5,2,2762.2,1,2762.5,2,2762.6,1,2768.8,1,2768.9,5,2770.0,1,2772.3,1,2773.0,3,2766.4
ec2412,,13:43:58.500#,2910.0,2995.4,2723.4,3488.2,2525.9,18472,18198.0,2761.3,1,2761.5,2,2762.2,1,2762.5,2,2762.6,1,2768.8,1,2768.9,5,2770.0,1,2772.3,1,2773.0,3,2766.4
ec2412,,13:44:00.0#,2910.0,2995.4,2723.4,3488.2,2525.9,18472,18198.0,2761.3,1,2761.5,2,2762.2,1,2762.5,2,2762.6,1,2768.8,1,2768.9,5,2772.3,1,2773.0,3,2774.6,1,2766.4
ec2412,,13:44:00.500#,2910.0,2995.4,2723.4,3488.2,2525.9,18473,18197.0,2761.5,2,2762.2,1,2762.5,2,2762.6,1,2762.7,2,2768.9,5,2772.3,1,2773.0,3,2774.6,1,2776.0,1,2768.8
ec2412,,13:44:01.0#,2910.0,2995.4,2723.4,3488.2,2525.9,18473,18197.0,2761.5,2,2762.2,1,2762.5,2,2762.6,1,2762.7,2,2768.7,1,2768.9,5,2772.3,1,2773.0,3,2774.6,1,2768.8
ec2412,,13:44:01.500#,2910.0,2995.4,2723.4,3488.2,2525.9,18473,18197.0,2761.5,2,2762.2,1,2762.5,2,2762.6,1,2762.7,2,2768.7,1,2768.9,5,2772.3,1,2773.0,3,2774.6,1,2768.8
ec2412,,13:44:02.0#,2910.0,2995.4,2723.4,3488.2,2525.9,18473,18197.0,2761.5,2,2762.2,1,2762.5,2,2762.6,1,2762.7,2,2768.0,1,2768.7,1,2768.9,5,2772.3,1,2772.4,1,2768.8
ec2412,,13:44:02.500#,2910.0,2995.4,2723.4,3488.2,2525.9,18473,18197.0,2760.5,5,2761.2,1,2761.5,2,2762.5,2,2762.7,2,2767.3,1,2768.0,1,2768.7,1,2768.9,5,2772.3,1,2768.8
ec2412,,13:44:03.500#,2910.0,2995.4,2723.4,3488.2,2525.9,18476,18197.0,2760.0,1,2760.5,5,2761.2,1,2761.5,2,2762.5,1,2767.3,1,2768.7,1,2768.8,1,2768.9,5,2772.0,1,2762.5
ec2412,,13:44:04.0#,2910.0,2995.4,2723.4,3488.2,2525.9,18477,18197.0,2760.0,1,2760.5,5,2761.2,1,2761.5,2,2762.5,1,2767.3,1,2768.7,1,2768.8,1,2768.9,5,2772.0,1,2766.1
ec2412,,13:44:04.500#,2910.0,2995.4,2723.4,3488.2,2525.9,18477,18197.0,2760.0,1,2760.5,5,2761.2,1,2761.5,2,2762.5,1,2767.3,1,2768.7,1,2768.8,1,2768.9,5,2772.0,1,2766.1
ec2412,,13:44:05.500#,2910.0,2995.4,2723.4,3488.2,2525.9,18479,18197.0,2756.0,1,2760.0,1,2760.5,5,2761.2,1,2761.5,1,2762.5,9,2767.3,1,2768.7,1,2768.8,1,2768.9,5,2761.5
ec2412,,13:44:06.0#,2910.0,2995.4,2723.4,3488.2,2525.9,18479,18197.0,2760.0,1,2760.5,5,2761.2,1,2761.5,1,2761.8,1,2762.5,9,2767.3,1,2768.7,1,2768.8,1,2768.9,5,2761.5
ec2412,,13:44:06.500#,2910.0,2995.4,2723.4,3488.2,2525.9,18479,18197.0,2760.0,1,2760.5,5,2761.0,1,2761.2,1,2761.3,1,2762.5,9,2767.3,1,2768.7,1,2768.8,1,2768.9,5,2761.5
ec2412,,13:44:07.0#,2910.0,2995.4,2723.4,3488.2,2525.9,18483,18197.0,2760.0,1,2760.5,5,2761.0,1,2761.2,1,2761.7,2,2762.5,5,2767.3,1,2768.7,1,2768.8,1,2768.9,5,2762.5
ec2412,,13:44:07.500#,2910.0,2995.4,2723.4,3488.2,2525.9,18488,18198.0,2760.0,1,2760.5,5,2761.0,1,2761.2,1,2761.7,2,2767.3,1,2768.7,1,2768.8,1,2768.9,5,2772.3,1,2762.5
ec2412,,13:44:08.0#,2910.0,2995.4,2723.4,3488.2,2525.9,18488,18198.0,2760.5,5,2761.0,1,2761.2,1,2761.7,2,2765.7,2,2767.3,1,2768.7,1,2768.8,1,2768.9,5,2772.3,1,2762.5
ec2412,,13:44:08.500#,2910.0,2995.4,2723.4,3488.2,2525.9,18488,18198.0,2761.0,1,2761.2,1,2761.7,2,2762.1,1,2765.7,2,2767.3,1,2768.7,1,2768.8,1,2768.9,5,2772.3,1,2762.5
ec2412,,13:44:09.0#,2910.0,2995.4,2723.4,3488.2,2525.9,18488,18198.0,2760.5,5,2761.0,1,2761.2,1,2761.7,2,2762.1,1,2767.3,1,2768.7,1,2768.8,1,2768.9,5,2772.3,1,2762.5
ec2412,,13:44:09.500#,2910.0,2995.4,2723.4,3488.2,2525.9,18488,18198.0,2760.5,5,2761.0,1,2761.2,1,2761.7,2,2762.1,1,2767.3,1,2768.7,1,2768.8,1,2768.9,5,2772.3,1,2762.5
ec2412,,13:44:10.0#,2910.0,2995.4,2723.4,3488.2,2525.9,18488,18198.0,2761.0,1,2761.2,1,2761.7,2,2762.1,1,2763.1,1,2767.3,1,2768.7,1,2768.8,1,2768.9,5,2772.3,1,2762.5
ec2412,,13:44:10.500#,2910.0,2995.4,2723.4,3488.2,2525.9,18488,18198.0,2761.2,1,2761.7,2,2762.1,1,2763.0,1,2763.1,1,2767.3,1,2768.7,1,2768.8,1,2768.9,5,2772.3,1,2762.5
ec2412,,13:44:11.0#,2910.0,2995.4,2723.4,3488.2,2525.9,18488,18198.0,2762.1,1,2762.7,1,2763.0,1,2763.1,1,2763.2,1,2767.3,1,2768.7,1,2768.8,1,2768.9,5,2772.3,1,2762.5
ec2412,,13:44:12.0#,2910.0,2995.4,2723.4,3488.2,2525.9,18489,18197.0,2762.1,1,2762.7,1,2763.0,1,2763.1,1,2763.2,1,2767.0,1,2768.7,1,2768.8,1,2768.9,5,2772.3,1,2767.3
ec2412,,13:44:12.500#,2910.0,2995.4,2723.4,3488.2,2525.9,18490,18198.0,2762.7,1,2763.0,1,2763.1,1,2763.2,2,2763.4,2,2768.7,1,2768.8,1,2768.9,5,2772.3,1,2773.0,3,2767.0
ec2412,,13:44:13.0#,2910.0,2995.4,2723.4,3488.2,2525.9,18490,18198.0,2763.1,1,2763.2,1,2763.4,3,2763.7,2,2766.5,1,2768.7,1,2768.8,1,2768.9,5,2772.3,1,2773.0,3,2767.0
ec2412,,13:44:13.500#,2910.0,2995.4,2723.4,3488.2,2525.9,18491,18199.0,2763.1,1,2763.4,2,2763.9,1,2766.5,1,2768.7,1,2768.8,1,2768.9,5,2772.3,1,2773.0,3,2773.8,1,2768.7
ec2412,,13:44:14.0#,2910.0,2995.4,2723.4,3488.2,2525.9,18496,18202.0,2762.7,1,2763.0,1,2763.4,2,2763.9,2,2768.7,1,2768.9,1,2772.3,1,2773.0,3,2773.8,1,2774.6,1,2768.9
ec2412,,13:44:14.500#,2910.0,2995.4,2723.4,3488.2,2525.9,18498,18203.0,2763.9,2,2768.7,1,2768.9,1,2769.7,1,2772.7,1,2773.0,3,2773.8,1,2776.0,1,2777.3,1,2778.0,3,2772.3
ec2412,,13:44:15.0#,2910.0,2995.4,2723.4,3488.2,2525.9,18502,18203.0,2763.4,2,2763.9,2,2768.7,1,2768.9,1,2769.7,1,2773.8,1,2776.0,1,2777.3,1,2778.0,3,2778.6,1,2772.7
ec2412,,13:44:15.500#,2910.0,2995.4,2723.4,3488.2,2525.9,18502,18203.0,2763.9,1,2764.2,1,2768.7,1,2768.9,2,2769.7,1,2773.8,1,2776.0,1,2777.3,1,2778.0,3,2778.6,1,2772.7
ec2412,,13:44:16.0#,2910.0,2995.4,2723.4,3488.2,2525.9,18502,18203.0,2764.2,1,2768.7,1,2768.9,3,2769.7,1,2769.8,1,2773.7,1,2773.8,1,2776.0,1,2777.3,1,2778.0,3,2772.7
ec2412,,13:44:16.500#,2910.0,2995.4,2723.4,3488.2,2525.9,18502,18203.0,2764.2,1,2768.7,1,2768.9,3,2769.7,1,2769.8,1,2773.7,1,2773.8,1,2776.0,1,2777.3,1,2778.0,3,2772.7
ec2412,,13:44:17.0#,2910.0,2995.4,2723.4,3488.2,2525.9,18502,18203.0,2763.9,1,2768.7,1,2768.9,3,2769.7,1,2769.8,1,2773.7,1,2773.8,1,2776.0,1,2777.3,1,2778.0,3,2772.7
ec2412,,13:44:17.500#,2910.0,2995.4,2723.4,3488.2,2525.9,18502,18203.0,2763.9,1,2768.7,1,2768.9,3,2769.7,1,2769.8,1,2773.7,1,2773.8,1,2776.0,1,2777.3,1,2778.0,3,2772.7
ec2412,,13:44:20.0#,2910.0,2995.4,2723.4,3488.2,2525.9,18503,18203.0,2768.7,1,2768.9,1,2769.7,1,2769.8,1,2773.7,1,2773.8,1,2776.0,1,2777.3,1,2778.0,3,2778.6,1,2773.7
ec2412,,13:44:20.500#,2910.0,2995.4,2723.4,3488.2,2525.9,18504,18203.0,2763.9,1,2768.7,1,2768.9,1,2769.7,1,2769.8,1,2773.8,1,2776.0,1,2777.3,1,2778.0,3,2778.6,1,2773.7
ec2412,,13:44:21.0#,2910.0,2995.4,2723.4,3488.2,2525.9,18507,18202.0,2761.2,1,2762.7,1,2763.9,1,2768.7,1,2768.9,1,2773.7,2,2773.8,1,2776.0,1,2777.3,1,2778.0,3,2769.7
ec2412,,13:44:21.500#,2910.0,2995.4,2723.4,3488.2,2525.9,18509,18201.0,2760.5,5,2761.0,1,2761.2,1,2762.7,1,2763.9,1,2768.9,1,2772.6,1,2773.8,1,2776.0,1,2777.3,1,2768.7
ec2412,,13:44:22.0#,2910.0,2995.4,2723.4,3488.2,2525.9,18514,18199.0,2760.5,5,2761.0,1,2761.2,1,2762.7,1,2763.6,2,2773.8,1,2776.0,1,2777.3,1,2778.0,3,2778.6,1,2763.7
ec2412,,13:44:22.500#,2910.0,2995.4,2723.4,3488.2,2525.9,18514,18199.0,2761.0,1,2762.7,1,2764.0,1,2764.1,1,2764.6,1,2773.7,1,2773.8,1,2776.0,1,2777.3,1,2778.0,3,2763.7
ec2412,,13:44:23.0#,2910.0,2995.4,2723.4,3488.2,2525.9,18514,18199.0,2760.5,5,2761.0,1,2762.7,1,2764.6,1,2764.7,1,2773.1,1,2773.4,1,2773.5,1,2773.7,1,2773.8,1,2763.7
ec2412,,13:44:23.500#,2910.0,2995.4,2723.4,3488.2,2525.9,18514,18199.0,2760.5,5,2761.0,1,2762.7,1,2764.6,1,2764.7,1,2773.0,1,2773.1,1,2773.5,1,2773.7,1,2773.8,1,2763.7
ec2412,,13:44:24.0#,2910.0,2995.4,2723.4,3488.2,2525.9,18514,18199.0,2761.0,1,2762.7,1,2764.6,1,2764.7,1,2765.3,1,2772.6,2,2772.8,1,2773.0,1,2773.7,1,2773.8,1,2763.7
ec2412,,13:44:24.500#,2910.0,2995.4,2723.4,3488.2,2525.9,18514,18199.0,2761.0,1,2762.7,1,2764.6,1,2764.7,1,2765.3,1,2772.3,1,2772.4,1,2772.6,2,2772.8,1,2772.9,1,2763.7
ec2412,,13:44:25.0#,2910.0,2995.4,2723.4,3488.2,2525.9,18514,18199.0,2760.0,2,2760.5,5,2761.0,1,2762.7,1,2766.3,1,2772.3,1,2772.6,2,2772.8,1,2772.9,1,2773.7,1,2763.7
ec2412,,13:44:25.500#,2910.0,2995.4,2723.4,3488.2,2525.9,18514,18199.0,2760.0,2,2760.5,5,2761.0,1,2762.7,1,2766.3,1,2772.3,1,2772.6,2,2772.9,1,2773.7,1,2773.8,1,2763.7
ec2412,,13:44:26.500#,2910.0,2995.4,2723.4,3488.2,2525.9,18515,18200.0,2758.0,1,2760.0,2,2760.5,5,2761.0,1,2762.7,1,2771.9,1,2772.0,2,2772.9,1,2773.7,1,2773.8,1,2765.3
ec2412,,13:44:27.0#,2910.0,2995.4,2723.4,3488.2,2525.9,18515,18200.0,2760.0,2,2760.5,5,2761.0,1,2762.7,1,2763.4,1,2771.9,1,2772.0,2,2772.9,1,2773.7,1,2773.8,1,2765.3
ec2412,,13:44:27.500#,2910.0,2995.4,2723.4,3488.2,2525.9,18515,18200.0,2760.5,5,2761.0,1,2762.7,1,2763.4,1,2764.0,2,2770.9,1,2771.9,1,2772.0,2,2772.9,1,2773.7,1,2765.3
ec2412,,13:44:28.500#,2910.0,2995.4,2723.4,3488.2,2525.9,18515,18200.0,2760.5,5,2761.0,1,2762.7,1,2763.4,1,2764.0,2,2770.9,1,2771.9,1,2772.9,1,2773.7,1,2773.8,1,2765.3
ec2412,,13:44:29.0#,2910.0,2995.4,2723.4,3488.2,2525.9,18515,18200.0,2760.5,5,2761.0,1,2762.7,1,2763.4,1,2764.0,2,2770.6,2,2770.7,1,2771.9,1,2772.9,1,2773.7,1,2765.3
ec2412,,13:44:30.0#,2910.0,2995.4,2723.4,3488.2,2525.9,18515,18200.0,2760.5,5,2761.0,1,2762.7,1,2763.4,1,2764.0,2,2770.4,1,2770.6,2,2771.9,1,2772.9,1,2773.7,1,2765.3
ec2412,,13:44:30.500#,2910.0,2995.4,2723.4,3488.2,2525.9,18517,18198.0,2761.0,1,2762.7,1,2763.4,1,2763.7,1,2764.0,2,2770.4,1,2771.9,1,2772.9,1,2773.7,1,2773.8,1,2770.4
ec2412,,13:44:31.0#,2910.0,2995.4,2723.4,3488.2,2525.9,18517,18198.0,2762.7,1,2763.4,1,2763.7,1,2764.0,2,2764.7,1,2770.4,1,2771.9,1,2772.9,1,2773.7,1,2773.8,1,2770.4
ec2412,,13:44:31.500#,2910.0,2995.4,2723.4,3488.2,2525.9,18518,18199.0,2761.0,1,2762.7,1,2763.4,1,2763.7,1,2764.0,1,2771.9,1,2772.9,1,2773.7,1,2773.8,1,2776.0,1,2764.0
ec2412,,13:44:32.0#,2910.0,2995.4,2723.4,3488.2,2525.9,18518,18199.0,2762.7,1,2763.4,1,2763.7,1,2764.0,1,2764.9,1,2772.9,1,2773.7,1,2773.8,1,2776.0,1,2777.3,1,2764.0
ec2412,,13:44:32.500#,2910.0,2995.4,2723.4,3488.2,2525.9,18519,18200.0,2762.7,1,2763.4,1,2763.7,1,2764.0,1,2765.2,1,2772.9,1,2773.7,1,2773.8,1,2776.0,1,2777.3,1,2764.0
ec2412,,13:44:33.0#,2910.0,2995.4,2723.4,3488.2,2525.9,18519,18200.0,2762.7,1,2763.4,1,2763.7,1,2764.0,1,2765.2,1,2772.5,1,2772.9,1,2773.7,1,2773.8,1,2776.0,1,2764.0
ec2412,,13:44:33.500#,2910.0,2995.4,2723.4,3488.2,2525.9,18519,18200.0,2761.0,1,2762.7,1,2763.7,1,2764.0,1,2765.2,1,2771.9,1,2772.3,1,2772.4,3,2772.5,1,2772.8,3,2764.0
ec2412,,13:44:34.0#,2910.0,2995.4,2723.4,3488.2,2525.9,18519,18200.0,2761.0,1,2762.7,1,2763.7,1,2764.0,1,2765.2,1,2771.1,1,2771.8,3,2772.3,1,2772.4,3,2772.8,3,2764.0
ec2412,,13:44:34.500#,2910.0,2995.4,2723.4,3488.2,2525.9,18519,18200.0,2761.0,1,2762.7,1,2763.7,1,2764.0,1,2765.2,1,2770.9,1,2771.5,1,2771.8,3,2771.9,1,2772.3,1,2764.0
ec2412,,13:44:35.0#,2910.0,2995.4,2723.4,3488.2,2525.9,18519,18200.0,2761.0,1,2762.7,1,2763.7,1,2764.0,1,2765.2,1,2770.7,1,2770.8,2,2770.9,1,2771.5,1,2771.8,3,2764.0
ec2412,,13:44:35.500#,2910.0,2995.4,2723.4,3488.2,2525.9,18519,18200.0,2761.0,1,2762.7,1,2763.7,1,2764.0,1,2765.2,1,2770.6,1,2770.7,1,2770.9,1,2771.5,1,2771.8,3,2764.0
ec2412,,13:44:36.0#,2910.0,2995.4,2723.4,3488.2,2525.9,18519,18200.0,2761.0,1,2762.7,1,2763.7,1,2764.0,27,2765.2,1,2770.6,1,2770.7,1,2770.9,1,2771.5,1,2771.8,3,2764.0
ec2412,,13:44:36.500#,2910.0,2995.4,2723.4,3488.2,2525.9,18519,18200.0,2760.5,5,2761.0,1,2762.7,1,2763.7,1,2764.0,27,2770.9,1,2771.8,3,2772.4,3,2772.8,3,2772.9,1,2764.0
ec2412,,13:44:37.500#,2910.0,2995.4,2723.4,3488.2,2525.9,18519,18200.0,2760.5,5,2761.0,1,2762.7,1,2763.7,1,2764.0,27,2770.4,1,2770.9,1,2771.8,3,2772.4,3,2772.8,3,2764.0
ec2412,,13:44:38.0#,2910.0,2995.4,2723.4,3488.2,2525.9,18519,18200.0,2760.5,5,2761.0,1,2762.7,1,2763.7,1,2764.0,27,2770.3,1,2770.4,1,2770.6,1,2770.8,2,2770.9,1,2764.0
ec2412,,13:44:38.500#,2910.0,2995.4,2723.4,3488.2,2525.9,18519,18200.0,2760.5,5,2761.0,1,2762.7,1,2763.7,1,2764.0,27,2770.1,1,2770.3,3,2770.4,1,2770.8,2,2770.9,1,2764.0
ec2412,,13:44:39.0#,2910.0,2995.4,2723.4,3488.2,2525.9,18519,18200.0,2761.0,1,2762.7,1,2763.7,1,2764.0,27,2765.7,1,2769.1,1,2770.0,1,2770.1,1,2770.3,3,2770.8,2,2764.0
ec2412,,13:44:39.500#,2910.0,2995.4,2723.4,3488.2,2525.9,18520,18200.0,2760.5,5,2761.0,1,2762.7,1,2763.7,1,2764.0,27,2769.1,1,2770.0,3,2770.1,1,2770.3,3,2770.8,2,2765.7
ec2412,,13:44:40.0#,2910.0,2995.4,2723.4,3488.2,2525.9,18520,18200.0,2760.5,5,2761.0,1,2762.7,1,2763.7,1,2764.0,27,2770.0,2,2770.1,1,2770.3,3,2770.8,2,2771.8,3,2765.7
ec2412,,13:44:41.0#,2910.0,2995.4,2723.4,3488.2,2525.9,18520,18200.0,2760.5,5,2761.0,1,2762.7,1,2763.7,1,2764.0,27,2769.0,1,2770.0,2,2770.1,1,2770.3,3,2770.8,2,2765.7
ec2412,,13:44:41.500#,2910.0,2995.4,2723.4,3488.2,2525.9,18522,18200.0,2760.5,5,2761.0,1,2762.7,1,2763.7,1,2764.0,27,2770.0,1,2770.3,3,2770.8,2,2771.8,3,2772.4,3,2770.0
ec2412,,13:44:43.0#,2910.0,2995.4,2723.4,3488.2,2525.9,18522,18200.0,2760.5,5,2761.0,1,2762.7,1,2763.7,1,2764.0,27,2769.7,1,2770.0,1,2770.3,3,2770.8,2,2771.8,3,2770.0
ec2412,,13:44:43.500#,2910.0,2995.4,2723.4,3488.2,2525.9,18524,18200.0,2761.0,1,2762.7,1,2763.7,1,2764.0,1,2770.0,24,2770.3,3,2770.8,2,2771.8,3,2772.4,3,2772.8,1,2770.0
ec2412,,13:44:44.0#,2910.0,2995.4,2723.4,3488.2,2525.9,18535,18193.0,2761.0,1,2762.7,1,2763.7,1,2764.0,1,2770.0,13,2772.4,2,2772.8,1,2772.9,1,2773.0,1,2773.7,1,2770.0
ec2412,,13:44:45.0#,2910.0,2995.4,2723.4,3488.2,2525.9,18541,18187.0,2761.0,1,2762.7,1,2763.7,1,2764.0,1,2770.0,7,2772.9,1,2773.0,1,2773.7,1,2773.8,1,2776.0,1,2770.0
ec2412,,13:44:47.0#,2910.0,2995.4,2723.4,3488.2,2525.9,18541,18187.0,2762.7,1,2763.7,1,2763.9,1,2764.0,1,2770.0,7,2772.9,1,2773.0,1,2773.7,1,2773.8,1,2776.0,1,2770.0
ec2412,,13:44:47.500#,2910.0,2995.4,2723.4,3488.2,2525.9,18541,18187.0,2762.7,1,2763.7,1,2764.0,1,2764.2,1,2770.0,7,2772.9,1,2773.0,1,2773.7,1,2773.8,1,2776.0,1,2770.0
ec2412,,13:44:48.0#,2910.0,2995.4,2723.4,3488.2,2525.9,18541,18187.0,2762.7,1,2763.7,1,2764.0,1,2764.2,1,2770.0,7,2772.9,1,2773.0,1,2773.8,1,2776.0,1,2777.3,1,2770.0
ec2412,,13:44:50.0#,2910.0,2995.4,2723.4,3488.2,2525.9,18542,18187.0,2762.7,1,2763.7,1,2764.0,1,2764.2,1,2770.0,6,2772.9,1,2773.0,1,2773.8,1,2776.0,1,2777.3,1,2770.0
ec2412,,13:44:51.500#,2910.0,2995.4,2723.4,3488.2,2525.9,18542,18187.0,2761.0,1,2762.7,1,2763.7,1,2764.0,2,2770.0,6,2772.9,1,2773.0,1,2773.8,1,2776.0,1,2777.3,1,2770.0
ec2412,,13:44:52.0#,2910.0,2995.4,2723.4,3488.2,2525.9,18543,18186.0,2761.0,1,2762.7,1,2763.7,1,2764.0,2,2770.0,5,2772.9,1,2773.0,1,2773.8,1,2776.0,1,2777.3,1,2770.0
ec2412,,13:44:53.500#,2910.0,2995.4,2723.4,3488.2,2525.9,18544,18186.0,2761.0,1,2762.7,1,2763.7,1,2764.0,2,2770.0,4,2772.9,1,2773.0,1,2773.8,1,2776.0,1,2777.3,1,2770.0
ec2412,,13:44:55.0#,2910.0,2995.4,2723.4,3488.2,2525.9,18548,18182.0,2762.7,1,2763.7,1,2764.0,3,2764.3,2,2767.6,1,2770.0,1,2772.9,1,2773.0,1,2773.8,1,2776.0,1,2770.0
ec2412,,13:44:55.500#,2910.0,2995.4,2723.4,3488.2,2525.9,18549,18182.0,2761.0,1,2762.7,1,2763.7,1,2764.0,2,2767.6,1,2772.9,1,2773.0,1,2773.8,1,2776.0,1,2777.3,1,2770.0
ec2412,,13:44:56.0#,2910.0,2995.4,2723.4,3488.2,2525.9,18549,18182.0,2761.0,1,2762.7,1,2763.7,1,2764.0,2,2764.9,1,2772.9,1,2773.0,1,2773.8,1,2776.0,1,2777.3,1,2770.0
ec2412,,13:44:56.500#,2910.0,2995.4,2723.4,3488.2,2525.9,18549,18182.0,2762.7,1,2763.7,1,2764.0,2,2764.9,1,2765.9,1,2772.9,1,2773.0,1,2773.8,1,2776.0,1,2777.3,1,2770.0
ec2412,,13:44:57.0#,2910.0,2995.4,2723.4,3488.2,2525.9,18549,18182.0,2762.7,1,2763.7,2,2764.0,1,2764.9,1,2765.9,1,2772.9,1,2773.0,1,2773.8,1,2776.0,1,2777.3,1,2770.0
ec2412,,13:44:57.500#,2910.0,2995.4,2723.4,3488.2,2525.9,18549,18182.0,2763.5,1,2763.7,1,2764.0,1,2764.9,1,2765.9,1,2772.9,1,2773.0,1,2773.8,1,2776.0,1,2777.3,1,2770.0
ec2412,,13:44:58.0#,2910.0,2995.4,2723.4,3488.2,2525.9,18549,18182.0,2762.7,1,2763.7,1,2764.0,2,2764.9,1,2765.9,1,2772.9,1,2773.0,1,2773.8,1,2776.0,1,2777.3,1,2770.0
ec2412,,13:44:58.500#,2910.0,2995.4,2723.4,3488.2,2525.9,18549,18182.0,2763.3,2,2763.7,1,2764.0,1,2764.9,1,2765.9,1,2772.9,1,2773.0,1,2773.8,1,2776.0,1,2777.3,1,2770.0
ec2412,,13:44:59.0#,2910.0,2995.4,2723.4,3488.2,2525.9,18549,18182.0,2762.7,1,2763.7,2,2764.0,1,2764.9,1,2765.9,1,2772.9,1,2773.0,1,2773.8,1,2776.0,1,2777.3,1,2770.0
ec2412,,13:44:59.500#,2910.0,2995.4,2723.4,3488.2,2525.9,18549,18182.0,2762.7,1,2763.7,2,2764.0,1,2764.9,1,2765.9,1,2772.8,1,2772.9,1,2773.0,1,2773.8,1,2776.0,1,2770.0
ec2412,,13:45:00.0#,2910.0,2995.4,2723.4,3488.2,2525.9,18550,18181.0,2762.7,1,2763.7,2,2764.0,1,2764.9,1,2765.9,1,2772.9,1,2773.0,1,2773.8,1,2776.0,1,2777.3,1,2772.8
ec2412,,13:45:00.500#,2910.0,2995.4,2723.4,3488.2,2525.9,18553,18183.0,2762.7,1,2762.9,1,2763.7,1,2764.0,1,2764.1,1,2772.0,1,2772.1,1,2772.2,2,2772.6,2,2772.8,2,2772.8
ec2412,,13:45:01.0#,2910.0,2995.4,2723.4,3488.2,2525.9,18553,18183.0,2763.7,1,2764.0,1,2764.1,1,2764.8,1,2766.1,1,2772.9,1,2773.0,1,2773.8,1,2776.0,1,2777.3,1,2772.8
ec2412,,13:45:01.500#,2910.0,2995.4,2723.4,3488.2,2525.9,18553,18183.0,2763.7,1,2764.0,1,2764.1,1,2764.8,1,2766.0,1,2771.9,1,2772.9,1,2773.0,1,2773.8,1,2776.0,1,2772.8
ec2412,,13:45:02.0#,2910.0,2995.4,2723.4,3488.2,2525.9,18553,18183.0,2763.7,2,2764.0,1,2764.1,1,2764.8,1,2766.0,1,2771.9,1,2772.9,1,2773.0,1,2773.8,1,2776.0,1,2772.8
ec2412,,13:45:02.500#,2910.0,2995.4,2723.4,3488.2,2525.9,18553,18183.0,2763.7,2,2764.0,1,2764.1,1,2764.8,1,2766.0,1,2771.9,1,2772.0,3,2772.9,1,2773.0,1,2773.8,1,2772.8
ec2412,,13:45:03.0#,2910.0,2995.4,2723.4,3488.2,2525.9,18554,18183.0,2761.0,1,2762.7,1,2763.7,2,2764.0,1,2764.1,1,2771.7,1,2771.9,2,2772.0,7,2772.8,1,2772.9,1,2766.0
ec2412,,13:45:03.500#,2910.0,2995.4,2723.4,3488.2,2525.9,18554,18183.0,2761.0,1,2762.7,1,2763.7,2,2764.0,1,2764.1,1,2770.9,1,2771.9,2,2772.0,7,2772.8,1,2772.9,1,2766.0
ec2412,,13:45:04.0#,2910.0,2995.4,2723.4,3488.2,2525.9,18554,18183.0,2762.7,1,2763.7,2,2764.0,1,2764.1,1,2764.2,1,2771.9,2,2772.0,7,2772.8,2,2772.9,1,2773.0,1,2766.0
ec2412,,13:45:04.500#,2910.0,2995.4,2723.4,3488.2,2525.9,18554,18183.0,2762.7,1,2763.7,1,2764.0,1,2764.1,1,2764.2,1,2771.8,1,2771.9,2,2772.0,7,2772.8,2,2772.9,1,2766.0
ec2412,,13:45:05.0#,2910.0,2995.4,2723.4,3488.2,2525.9,18554,18183.0,2762.7,1,2763.7,1,2764.0,1,2764.1,1,2764.2,1,2771.5,1,2771.8,1,2771.9,2,2772.0,7,2772.8,1,2766.0
ec2412,,13:45:05.500#,2910.0,2995.4,2723.4,3488.2,2525.9,18554,18183.0,2762.7,1,2763.7,1,2764.0,1,2764.1,1,2764.2,1,2771.5,1,2771.9,2,2772.0,7,2772.8,1,2772.9,1,2766.0
ec2412,,13:45:06.0#,2910.0,2995.4,2723.4,3488.2,2525.9,18554,18183.0,2762.7,1,2763.7,1,2764.0,1,2764.1,1,2764.2,1,2771.5,1,2771.6,1,2771.9,1,2772.0,7,2772.8,1,2766.0
ec2412,,13:45:06.500#,2910.0,2995.4,2723.4,3488.2,2525.9,18554,18183.0,2762.7,1,2763.7,1,2764.0,1,2764.1,1,2764.2,1,2770.5,1,2771.4,1,2771.5,2,2771.6,1,2771.9,1,2766.0
ec2412,,13:45:07.0#,2910.0,2995.4,2723.4,3488.2,2525.9,18554,18183.0,2762.7,1,2763.7,1,2764.0,1,2764.1,1,2764.2,1,2770.5,1,2770.6,1,2771.4,1,2771.5,2,2771.6,1,2766.0
