InstrumentId,ExchangeId,Datetime,OpenPrice,HighestPrice,LowestPrice,UpperLimitPrice,LowerLimitPrice,Volume,OpenInterest,BidPrice5,BidVolume5,BidPrice4,BidVolume4,BidPrice3,BidVolume3,BidPrice2,BidVolume2,BidPrice1,BidVolume1,AskPrice1,AskVolume1,AskPrice2,AskVolume2,AskPrice3,AskVolume3,AskPrice4,AskVolume4,AskPrice5,AskVolume5,LastPrice
ec2504,,13:38:35.0#,1850.0,1875.0,1764.0,2189.1,1585.2,14839,17289.0,1822.4,1,1823.0,2,1823.1,2,1824.1,1,1825.5,1,1828.7,1,1829.0,3,1832.7,1,1832.9,1,1833.3,1,1824.9
ec2504,,13:38:35.500#,1850.0,1875.0,1764.0,2189.1,1585.2,14840,17289.0,1823.0,2,1823.1,2,1824.1,1,1825.5,1,1825.6,1,1829.0,3,1832.9,1,1833.3,1,1833.5,1,1833.8,2,1828.7
ec2504,,13:38:36.0#,1850.0,1875.0,1764.0,2189.1,1585.2,14840,17289.0,1823.0,2,1823.1,2,1825.0,1,1825.6,1,1825.7,1,1829.0,3,1832.9,1,1833.3,1,1833.5,1,1833.8,2,1828.7
ec2504,,13:38:37.0#,1850.0,1875.0,1764.0,2189.1,1585.2,14840,17289.0,1823.1,2,1823.8,1,1825.0,1,1825.6,1,1825.7,1,1828.5,1,1829.0,3,1832.9,1,1833.3,1,1833.5,1,1828.7
ec2504,,13:38:38.0#,1850.0,1875.0,1764.0,2189.1,1585.2,14840,17289.0,1823.1,2,1823.8,1,1825.0,1,1825.6,1,1825.7,1,1829.0,3,1832.9,1,1833.3,1,1833.5,1,1833.8,2,1828.7
ec2504,,13:38:39.500#,1850.0,1875.0,1764.0,2189.1,1585.2,14840,17289.0,1823.1,2,1823.8,1,1825.0,1,1825.6,1,1825.7,1,1829.0,3,1832.9,1,1833.3,1,1833.5,1,1833.8,2,1828.7
ec2504,,13:38:40.500#,1850.0,1875.0,1764.0,2189.1,1585.2,14841,17289.0,1823.0,4,1823.1,2,1823.8,1,1825.0,1,1825.6,1,1829.0,3,1832.9,1,1833.3,1,1833.5,1,1833.8,2,1825.7
ec2504,,13:38:41.0#,1850.0,1875.0,1764.0,2189.1,1585.2,14841,17289.0,1823.0,4,1823.1,2,1823.8,1,1825.0,1,1825.6,1,1829.0,3,1832.9,1,1833.3,1,1833.5,1,1833.8,2,1825.7
ec2504,,13:38:41.500#,1850.0,1875.0,1764.0,2189.1,1585.2,14841,17289.0,1823.0,4,1823.1,2,1823.8,1,1825.0,1,1825.6,1,1829.0,3,1830.0,1,1832.9,1,1833.3,1,1833.5,1,1825.7
ec2504,,13:38:42.0#,1850.0,1875.0,1764.0,2189.1,1585.2,14841,17289.0,1823.0,4,1823.1,2,1823.8,1,1825.0,1,1825.6,1,1829.0,3,1830.0,1,1833.3,1,1833.5,1,1833.8,2,1825.7
ec2504,,13:38:42.500#,1850.0,1875.0,1764.0,2189.1,1585.2,14842,17289.0,1823.0,4,1823.1,2,1823.8,1,1825.0,1,1825.6,1,1829.0,2,1830.0,1,1833.3,1,1833.5,1,1833.8,2,1829.0
ec2504,,13:38:43.0#,1850.0,1875.0,1764.0,2189.1,1585.2,14842,17289.0,1823.0,4,1823.1,2,1823.8,1,1825.0,1,1825.6,1,1829.0,2,1830.0,1,1833.3,1,1833.5,1,1833.8,2,1829.0
ec2504,,13:38:43.500#,1850.0,1875.0,1764.0,2189.1,1585.2,14842,17289.0,1823.1,2,1823.8,1,1825.0,1,1825.6,1,1825.7,1,1829.0,2,1830.0,1,1833.3,1,1833.5,1,1833.8,2,1829.0
ec2504,,13:38:44.0#,1850.0,1875.0,1764.0,2189.1,1585.2,14842,17289.0,1823.1,2,1823.8,1,1825.0,1,1825.6,1,1825.7,1,1829.0,2,1830.0,1,1833.3,1,1833.8,2,1834.0,2,1829.0
ec2504,,13:38:44.500#,1850.0,1875.0,1764.0,2189.1,1585.2,14842,17289.0,1823.1,2,1823.8,1,1825.0,1,1825.6,1,1825.7,1,1829.0,2,1830.0,1,1833.3,1,1833.8,2,1834.0,2,1829.0
ec2504,,13:38:45.0#,1850.0,1875.0,1764.0,2189.1,1585.2,14842,17289.0,1823.1,2,1823.8,1,1825.0,1,1825.6,1,1825.7,1,1829.0,2,1830.0,1,1833.3,1,1833.8,2,1834.0,2,1829.0
ec2504,,13:38:45.500#,1850.0,1875.0,1764.0,2189.1,1585.2,14843,17290.0,1823.1,2,1823.8,1,1825.0,1,1825.6,1,1825.7,1,1829.0,1,1830.0,1,1833.3,1,1833.8,2,1834.0,2,1829.0
ec2504,,13:38:46.500#,1850.0,1875.0,1764.0,2189.1,1585.2,14843,17290.0,1823.1,2,1823.8,1,1825.0,1,1825.6,1,1825.7,1,1829.0,1,1830.0,1,1833.3,1,1833.8,2,1834.0,2,1829.0
ec2504,,13:38:47.0#,1850.0,1875.0,1764.0,2189.1,1585.2,14844,17291.0,1823.0,5,1823.1,2,1823.8,1,1825.0,1,1825.6,1,1829.0,1,1830.0,1,1833.3,1,1833.8,2,1834.0,2,1825.7
ec2504,,13:38:47.500#,1850.0,1875.0,1764.0,2189.1,1585.2,14844,17291.0,1823.0,5,1823.1,2,1823.8,1,1825.0,1,1825.6,1,1829.0,1,1830.0,1,1833.3,1,1833.8,2,1834.0,2,1825.7
ec2504,,13:38:49.500#,1850.0,1875.0,1764.0,2189.1,1585.2,14844,17291.0,1823.0,5,1823.1,2,1823.8,1,1825.0,1,1825.6,1,1828.9,2,1829.0,1,1830.0,1,1833.3,1,1833.8,2,1825.7
ec2504,,13:38:51.0#,1850.0,1875.0,1764.0,2189.1,1585.2,14845,17291.0,1822.4,1,1823.0,5,1823.1,2,1823.8,1,1825.0,1,1828.9,2,1829.0,1,1830.0,1,1833.3,1,1833.8,2,1825.6
ec2504,,13:38:52.0#,1850.0,1875.0,1764.0,2189.1,1585.2,14845,17291.0,1822.4,1,1823.0,5,1823.1,2,1823.8,1,1825.0,1,1828.7,1,1828.9,1,1829.0,1,1830.0,1,1833.3,1,1825.6
ec2504,,13:38:53.500#,1850.0,1875.0,1764.0,2189.1,1585.2,14845,17291.0,1823.0,5,1823.1,2,1823.8,1,1825.0,1,1825.5,1,1828.7,1,1829.0,1,1830.0,1,1833.3,1,1833.8,2,1825.6
ec2504,,13:38:54.0#,1850.0,1875.0,1764.0,2189.1,1585.2,14845,17291.0,1823.0,4,1823.1,2,1823.8,1,1825.0,1,1825.5,1,1828.6,1,1828.7,1,1829.0,1,1830.0,1,1833.3,1,1825.6
ec2504,,13:38:54.500#,1850.0,1875.0,1764.0,2189.1,1585.2,14845,17291.0,1823.0,4,1823.1,2,1823.8,1,1825.0,1,1825.5,1,1828.6,1,1828.7,1,1829.0,1,1830.0,1,1833.3,1,1825.6
ec2504,,13:38:55.0#,1850.0,1875.0,1764.0,2189.1,1585.2,14845,17291.0,1823.0,4,1823.1,2,1823.8,1,1825.0,1,1825.5,1,1828.6,1,1828.7,1,1829.0,1,1830.0,1,1833.3,1,1825.6
ec2504,,13:38:55.500#,1850.0,1875.0,1764.0,2189.1,1585.2,14845,17291.0,1823.0,4,1823.1,2,1823.8,1,1825.0,1,1825.5,1,1828.7,1,1829.0,1,1830.0,1,1833.3,1,1833.8,2,1825.6
ec2504,,13:38:56.500#,1850.0,1875.0,1764.0,2189.1,1585.2,14845,17291.0,1823.0,4,1823.1,2,1823.8,1,1825.0,1,1825.5,1,1828.7,1,1829.0,1,1830.0,1,1833.0,1,1833.3,1,1825.6
ec2504,,13:38:57.0#,1850.0,1875.0,1764.0,2189.1,1585.2,14845,17291.0,1823.0,4,1823.1,2,1823.8,1,1825.0,1,1825.5,1,1828.7,1,1829.0,1,1830.0,1,1833.0,1,1833.3,1,1825.6
ec2504,,13:38:59.0#,1850.0,1875.0,1764.0,2189.1,1585.2,14845,17291.0,1823.0,4,1823.1,2,1823.8,1,1825.0,1,1825.5,1,1828.7,1,1829.0,1,1830.0,1,1833.0,1,1833.3,1,1825.6
ec2504,,13:39:00.0#,1850.0,1875.0,1764.0,2189.1,1585.2,14845,17291.0,1823.0,4,1823.1,2,1823.8,1,1825.0,1,1825.5,1,1829.0,1,1830.0,1,1833.0,1,1833.3,1,1833.8,2,1825.6
ec2504,,13:39:00.500#,1850.0,1875.0,1764.0,2189.1,1585.2,14845,17291.0,1823.0,4,1823.1,2,1823.8,1,1825.0,1,1825.5,1,1825.6,2,1829.0,1,1830.0,1,1833.0,1,1833.3,1,1825.6
ec2504,,13:39:01.0#,1850.0,1875.0,1764.0,2189.1,1585.2,14847,17293.0,1823.0,4,1823.1,2,1823.8,1,1825.0,1,1825.5,1,1829.0,1,1830.0,1,1833.0,1,1833.3,1,1833.8,2,1825.6
ec2504,,13:39:01.500#,1850.0,1875.0,1764.0,2189.1,1585.2,14847,17293.0,1823.1,2,1823.8,1,1825.0,1,1825.5,1,1825.7,2,1828.7,1,1829.0,1,1830.0,1,1833.0,1,1833.3,1,1825.6
ec2504,,13:39:03.500#,1850.0,1875.0,1764.0,2189.1,1585.2,14847,17293.0,1823.1,2,1823.8,1,1825.0,1,1825.5,1,1825.7,2,1828.7,1,1829.0,1,1830.0,1,1833.0,1,1833.3,1,1825.6
ec2504,,13:39:04.500#,1850.0,1875.0,1764.0,2189.1,1585.2,14848,17293.0,1823.1,2,1823.8,1,1825.0,1,1825.5,1,1825.7,1,1828.7,1,1829.0,1,1830.0,1,1833.0,1,1833.3,1,1825.7
ec2504,,13:39:05.0#,1850.0,1875.0,1764.0,2189.1,1585.2,14848,17293.0,1823.1,2,1823.8,1,1825.0,1,1825.5,1,1825.7,1,1829.0,1,1830.0,1,1833.0,1,1833.3,1,1833.8,2,1825.7
ec2504,,13:39:05.500#,1850.0,1875.0,1764.0,2189.1,1585.2,14848,17293.0,1823.1,2,1823.8,1,1825.0,1,1825.5,1,1825.7,1,1829.0,1,1829.7,1,1830.0,1,1833.0,1,1833.3,1,1825.7
ec2504,,13:39:07.500#,1850.0,1875.0,1764.0,2189.1,1585.2,14848,17293.0,1823.1,2,1823.8,1,1825.0,1,1825.5,1,1825.7,1,1829.0,2,1829.7,1,1830.0,1,1833.0,1,1833.3,1,1825.7
ec2504,,13:39:08.0#,1850.0,1875.0,1764.0,2189.1,1585.2,14848,17293.0,1823.1,2,1823.8,1,1825.0,1,1825.5,1,1825.7,1,1828.5,1,1829.0,2,1830.0,1,1833.0,1,1833.3,1,1825.7
ec2504,,13:39:09.0#,1850.0,1875.0,1764.0,2189.1,1585.2,14849,17292.0,1823.1,2,1823.8,1,1825.0,1,1825.5,1,1825.7,1,1829.0,2,1830.0,1,1833.0,2,1833.3,1,1833.8,2,1828.5
ec2504,,13:39:09.500#,1850.0,1875.0,1764.0,2189.1,1585.2,14849,17292.0,1823.1,2,1823.8,1,1825.0,1,1825.5,1,1825.7,1,1829.0,2,1830.0,1,1832.7,1,1833.0,1,1833.3,1,1828.5
ec2504,,13:39:10.500#,1850.0,1875.0,1764.0,2189.1,1585.2,14849,17292.0,1823.8,1,1825.0,1,1825.5,1,1825.7,1,1825.8,1,1829.0,2,1830.0,1,1832.7,1,1833.0,1,1833.3,1,1828.5
ec2504,,13:39:11.0#,1850.0,1875.0,1764.0,2189.1,1585.2,14849,17292.0,1823.8,1,1825.0,1,1825.5,1,1825.7,1,1825.8,1,1828.8,1,1829.0,2,1830.0,1,1833.0,1,1833.3,1,1828.5
ec2504,,13:39:12.0#,1850.0,1875.0,1764.0,2189.1,1585.2,14849,17292.0,1823.1,2,1823.8,1,1825.0,1,1825.5,1,1825.8,1,1828.8,1,1829.0,2,1830.0,1,1833.0,1,1833.3,1,1828.5
ec2504,,13:39:12.500#,1850.0,1875.0,1764.0,2189.1,1585.2,14849,17292.0,1823.8,1,1825.0,1,1825.5,1,1825.8,1,1826.0,1,1828.8,1,1829.0,2,1830.0,1,1833.0,1,1833.3,1,1828.5
ec2504,,13:39:14.0#,1850.0,1875.0,1764.0,2189.1,1585.2,14849,17292.0,1825.0,1,1825.5,1,1825.8,1,1825.9,1,1826.0,1,1828.8,1,1829.0,2,1830.0,1,1833.0,1,1833.3,1,1828.5
ec2504,,13:39:14.500#,1850.0,1875.0,1764.0,2189.1,1585.2,14850,17292.0,1825.5,1,1825.8,1,1825.9,1,1826.0,1,1828.8,2,1829.0,2,1830.0,1,1833.0,1,1833.3,1,1833.8,2,1828.8
ec2504,,13:39:15.0#,1850.0,1875.0,1764.0,2189.1,1585.2,14850,17292.0,1825.5,1,1825.8,1,1825.9,1,1826.0,1,1828.8,2,1829.0,2,1830.0,1,1833.0,1,1833.3,1,1833.8,2,1828.8
ec2504,,13:39:16.0#,1850.0,1875.0,1764.0,2189.1,1585.2,14852,17293.0,1825.8,1,1825.9,1,1826.0,1,1828.8,2,1829.0,1,1830.0,1,1833.0,1,1833.3,1,1833.8,2,1834.0,1,1829.0
ec2504,,13:39:17.0#,1850.0,1875.0,1764.0,2189.1,1585.2,14852,17293.0,1825.8,1,1825.9,1,1826.0,1,1828.8,2,1829.0,1,1830.0,1,1833.0,1,1833.3,1,1833.8,2,1834.0,1,1829.0
ec2504,,13:39:17.500#,1850.0,1875.0,1764.0,2189.1,1585.2,14852,17293.0,1825.5,1,1825.8,1,1825.9,1,1828.8,2,1829.0,1,1830.0,1,1833.0,1,1833.3,1,1833.8,2,1834.0,1,1829.0
ec2504,,13:39:18.0#,1850.0,1875.0,1764.0,2189.1,1585.2,14852,17293.0,1825.5,1,1825.8,1,1825.9,1,1828.8,2,1829.0,1,1830.0,1,1833.0,1,1833.3,1,1833.8,2,1834.0,1,1829.0
ec2504,,13:39:19.0#,1850.0,1875.0,1764.0,2189.1,1585.2,14852,17293.0,1823.8,1,1825.0,1,1825.5,1,1825.8,1,1828.8,2,1830.0,1,1833.0,1,1833.3,1,1834.0,1,1834.3,1,1829.0
ec2504,,13:39:19.500#,1850.0,1875.0,1764.0,2189.1,1585.2,14852,17293.0,1823.8,1,1825.0,1,1825.5,1,1825.8,1,1828.8,2,1829.9,1,1830.0,1,1833.0,1,1833.3,1,1834.0,1,1829.0
ec2504,,13:39:20.0#,1850.0,1875.0,1764.0,2189.1,1585.2,14852,17293.0,1823.8,1,1825.0,1,1825.5,1,1825.8,1,1828.8,2,1830.0,1,1833.0,1,1833.3,1,1834.0,1,1834.3,1,1829.0
ec2504,,13:39:20.500#,1850.0,1875.0,1764.0,2189.1,1585.2,14852,17293.0,1823.8,1,1825.0,1,1825.5,1,1825.8,1,1828.8,2,1830.0,1,1833.0,1,1833.3,1,1834.0,1,1834.3,1,1829.0
ec2504,,13:39:21.0#,1850.0,1875.0,1764.0,2189.1,1585.2,14852,17293.0,1823.8,1,1825.0,1,1825.5,1,1825.8,1,1828.8,2,1829.9,1,1830.0,1,1833.0,1,1833.3,1,1834.0,1,1829.0
ec2504,,13:39:21.500#,1850.0,1875.0,1764.0,2189.1,1585.2,14852,17293.0,1823.1,2,1823.8,1,1825.0,1,1825.5,1,1828.8,2,1830.0,1,1833.0,1,1833.3,1,1834.0,1,1834.3,1,1829.0
ec2504,,13:39:22.500#,1850.0,1875.0,1764.0,2189.1,1585.2,14853,17293.0,1823.8,1,1825.0,1,1825.5,1,1825.8,1,1828.8,2,1830.0,1,1833.0,1,1833.3,1,1834.0,1,1834.3,1,1829.0
ec2504,,13:39:23.0#,1850.0,1875.0,1764.0,2189.1,1585.2,14853,17293.0,1823.8,1,1825.0,1,1825.5,1,1825.8,1,1828.8,2,1830.0,1,1833.0,1,1833.3,1,1834.0,1,1834.3,1,1829.0
ec2504,,13:39:23.500#,1850.0,1875.0,1764.0,2189.1,1585.2,14853,17293.0,1823.8,1,1825.0,1,1825.5,1,1825.8,1,1828.8,2,1830.0,1,1833.0,1,1833.3,1,1834.0,1,1834.3,1,1829.0
ec2504,,13:39:24.500#,1850.0,1875.0,1764.0,2189.1,1585.2,14853,17293.0,1823.8,1,1825.0,1,1825.5,1,1825.8,1,1828.8,2,1830.0,1,1833.0,1,1833.3,1,1834.0,1,1834.3,1,1829.0
ec2504,,13:39:26.0#,1850.0,1875.0,1764.0,2189.1,1585.2,14853,17293.0,1823.8,1,1825.0,1,1825.5,1,1825.8,1,1828.8,2,1830.0,1,1833.0,1,1833.3,1,1834.0,1,1834.3,1,1829.0
ec2504,,13:39:27.500#,1850.0,1875.0,1764.0,2189.1,1585.2,14853,17293.0,1823.8,1,1825.0,1,1825.5,1,1825.8,1,1825.9,1,1830.0,1,1833.0,1,1833.3,1,1834.0,1,1834.3,1,1829.0
ec2504,,13:39:28.0#,1850.0,1875.0,1764.0,2189.1,1585.2,14853,17293.0,1823.8,1,1825.0,1,1825.5,1,1825.8,1,1825.9,1,1830.0,1,1830.1,1,1833.0,1,1833.3,1,1834.0,1,1829.0
ec2504,,13:39:29.0#,1850.0,1875.0,1764.0,2189.1,1585.2,14853,17293.0,1823.8,1,1825.0,1,1825.5,1,1825.8,1,1826.1,1,1829.9,1,1830.0,1,1830.1,1,1833.0,1,1833.3,1,1829.0
ec2504,,13:39:29.500#,1850.0,1875.0,1764.0,2189.1,1585.2,14853,17293.0,1825.5,1,1825.8,1,1826.1,1,1826.2,1,1826.4,1,1829.9,1,1830.0,1,1830.1,1,1833.0,1,1833.3,1,1829.0
ec2504,,13:39:30.0#,1850.0,1875.0,1764.0,2189.1,1585.2,14854,17292.0,1825.5,1,1825.8,1,1826.1,1,1826.4,1,1826.5,1,1830.0,1,1830.1,1,1833.0,1,1833.3,1,1834.0,1,1829.9
ec2504,,13:39:30.500#,1850.0,1875.0,1764.0,2189.1,1585.2,14854,17292.0,1825.8,1,1826.1,1,1826.4,1,1826.5,1,1826.6,1,1830.0,1,1830.1,1,1833.0,1,1833.3,1,1834.0,1,1829.9
ec2504,,13:39:31.0#,1850.0,1875.0,1764.0,2189.1,1585.2,14854,17292.0,1826.1,1,1826.4,1,1826.5,1,1826.6,1,1829.9,3,1830.0,1,1830.1,1,1833.0,1,1833.3,1,1834.0,1,1829.9
ec2504,,13:39:31.500#,1850.0,1875.0,1764.0,2189.1,1585.2,14855,17292.0,1825.8,1,1826.1,1,1826.5,1,1827.4,1,1829.9,3,1830.1,1,1833.0,1,1833.3,1,1834.0,1,1834.3,1,1830.0
ec2504,,13:39:32.0#,1850.0,1875.0,1764.0,2189.1,1585.2,14855,17292.0,1826.1,1,1826.5,1,1827.4,1,1829.9,3,1830.0,1,1830.1,1,1833.0,1,1833.3,1,1834.0,1,1834.3,1,1830.0
ec2504,,13:39:32.500#,1850.0,1875.0,1764.0,2189.1,1585.2,14856,17293.0,1826.5,1,1827.4,1,1829.9,3,1830.0,2,1830.1,4,1833.0,1,1833.3,1,1834.0,1,1834.3,1,1835.0,2,1830.1
ec2504,,13:39:33.0#,1850.0,1875.0,1764.0,2189.1,1585.2,14856,17293.0,1827.4,1,1829.9,3,1830.0,2,1830.1,4,1830.2,1,1833.0,1,1833.3,1,1834.0,1,1834.3,1,1835.0,2,1830.1
ec2504,,13:39:33.500#,1850.0,1875.0,1764.0,2189.1,1585.2,14856,17293.0,1827.4,1,1829.9,3,1830.0,2,1830.1,1,1830.2,1,1833.0,1,1833.3,1,1834.0,1,1834.3,1,1835.0,2,1830.1
ec2504,,13:39:34.0#,1850.0,1875.0,1764.0,2189.1,1585.2,14856,17293.0,1826.5,1,1829.9,3,1830.0,2,1830.1,3,1830.2,1,1833.0,1,1833.3,1,1834.0,1,1834.3,1,1835.0,2,1830.1
ec2504,,13:39:34.500#,1850.0,1875.0,1764.0,2189.1,1585.2,14856,17293.0,1826.5,1,1829.9,3,1830.0,2,1830.1,3,1830.2,1,1833.0,1,1833.3,1,1834.0,1,1834.3,1,1835.0,2,1830.1
ec2504,,13:39:35.0#,1850.0,1875.0,1764.0,2189.1,1585.2,14856,17293.0,1826.5,1,1829.9,3,1830.0,2,1830.1,3,1830.2,1,1833.0,1,1833.3,1,1834.0,1,1834.3,1,1835.0,2,1830.1
ec2504,,13:39:36.500#,1850.0,1875.0,1764.0,2189.1,1585.2,14856,17293.0,1826.5,1,1829.9,3,1830.0,2,1830.1,3,1830.2,1,1833.0,1,1833.3,1,1834.0,1,1834.3,1,1835.0,2,1830.1
ec2504,,13:39:37.0#,1850.0,1875.0,1764.0,2189.1,1585.2,14857,17293.0,1825.8,1,1826.5,1,1829.9,3,1830.0,2,1830.1,3,1833.0,1,1833.3,1,1834.0,1,1834.3,1,1835.0,2,1830.2
ec2504,,13:39:37.500#,1850.0,1875.0,1764.0,2189.1,1585.2,14857,17293.0,1825.8,1,1826.5,1,1829.9,3,1830.0,2,1830.1,3,1833.0,1,1833.3,1,1834.0,1,1834.3,1,1835.0,2,1830.2
ec2504,,13:39:38.0#,1850.0,1875.0,1764.0,2189.1,1585.2,14858,17293.0,1826.5,1,1829.9,3,1830.0,2,1830.1,3,1833.0,2,1833.3,1,1834.0,1,1834.3,1,1835.0,2,1835.9,1,1833.0
ec2504,,13:39:38.500#,1850.0,1875.0,1764.0,2189.1,1585.2,14858,17293.0,1826.5,1,1829.9,3,1830.0,2,1830.1,3,1833.0,2,1833.3,1,1834.0,1,1834.3,1,1835.0,2,1835.9,1,1833.0
ec2504,,13:39:39.500#,1850.0,1875.0,1764.0,2189.1,1585.2,14858,17293.0,1826.5,1,1829.9,3,1830.0,2,1830.1,3,1833.0,2,1833.3,1,1834.0,1,1834.3,1,1835.0,2,1835.9,1,1833.0
ec2504,,13:39:40.0#,1850.0,1875.0,1764.0,2189.1,1585.2,14858,17293.0,1826.5,1,1829.9,3,1830.0,2,1830.1,3,1833.0,2,1833.3,1,1834.0,1,1834.3,1,1835.0,2,1835.9,1,1833.0
ec2504,,13:39:40.500#,1850.0,1875.0,1764.0,2189.1,1585.2,14859,17293.0,1826.5,1,1829.9,3,1830.0,2,1830.1,3,1833.0,2,1834.0,1,1834.3,1,1835.0,2,1835.9,1,1836.2,1,1833.3
ec2504,,13:39:41.0#,1850.0,1875.0,1764.0,2189.1,1585.2,14860,17293.0,1826.5,1,1829.9,3,1830.0,2,1830.1,3,1833.0,2,1833.3,2,1834.0,1,1834.3,1,1835.0,2,1835.9,1,1833.3
ec2504,,13:39:41.500#,1850.0,1875.0,1764.0,2189.1,1585.2,14863,17292.0,1829.9,3,1830.0,2,1830.1,3,1833.0,1,1833.3,1,1834.0,1,1834.3,1,1835.0,2,1835.9,1,1836.2,1,1833.3
ec2504,,13:39:42.0#,1850.0,1875.0,1764.0,2189.1,1585.2,14863,17292.0,1829.9,3,1830.0,1,1830.1,3,1833.0,1,1833.3,1,1834.0,1,1834.3,1,1835.0,2,1835.9,1,1836.2,1,1833.3
ec2504,,13:39:42.500#,1850.0,1875.0,1764.0,2189.1,1585.2,14864,17292.0,1825.8,1,1826.5,1,1829.9,3,1830.1,3,1833.0,1,1834.0,1,1834.3,1,1835.0,2,1835.9,1,1836.2,1,1833.3
ec2504,,13:39:43.0#,1850.0,1875.0,1764.0,2189.1,1585.2,14864,17292.0,1826.5,1,1826.8,1,1829.9,3,1830.1,2,1833.0,1,1833.9,1,1834.0,1,1834.3,1,1835.0,2,1835.9,1,1833.3
ec2504,,13:39:43.500#,1850.0,1875.0,1764.0,2189.1,1585.2,14864,17292.0,1826.8,1,1829.0,1,1829.9,3,1830.1,2,1833.0,1,1833.9,1,1834.0,1,1834.3,1,1835.0,2,1835.9,1,1833.3
ec2504,,13:39:44.0#,1850.0,1875.0,1764.0,2189.1,1585.2,14865,17292.0,1826.5,1,1826.8,1,1829.0,1,1829.9,3,1830.1,2,1833.8,1,1833.9,2,1834.0,1,1834.3,1,1835.0,2,1833.0
ec2504,,13:39:44.500#,1850.0,1875.0,1764.0,2189.1,1585.2,14865,17292.0,1825.8,1,1826.5,1,1826.8,1,1829.0,1,1829.9,3,1833.8,1,1833.9,2,1834.0,1,1834.3,1,1835.0,2,1833.0
ec2504,,13:39:45.0#,1850.0,1875.0,1764.0,2189.1,1585.2,14868,17295.0,1825.8,1,1826.5,1,1826.8,1,1829.0,1,1829.9,3,1833.9,1,1834.0,1,1834.3,1,1835.0,2,1836.2,1,1833.9
ec2504,,13:39:46.0#,1850.0,1875.0,1764.0,2189.1,1585.2,14868,17295.0,1825.8,1,1826.5,1,1826.8,1,1829.0,1,1829.9,3,1833.9,1,1834.0,1,1834.3,1,1835.0,2,1836.2,1,1833.9
ec2504,,13:39:48.500#,1850.0,1875.0,1764.0,2189.1,1585.2,14868,17295.0,1825.5,1,1825.8,1,1826.5,1,1826.8,1,1829.0,1,1833.9,1,1834.0,1,1834.3,1,1835.0,2,1836.2,1,1833.9
ec2504,,13:39:49.0#,1850.0,1875.0,1764.0,2189.1,1585.2,14868,17295.0,1825.5,1,1825.8,1,1826.5,1,1826.8,1,1829.0,1,1833.9,1,1834.0,1,1834.3,1,1835.0,2,1836.2,1,1833.9
ec2504,,13:39:50.0#,1850.0,1875.0,1764.0,2189.1,1585.2,14869,17296.0,1825.0,1,1825.5,1,1825.8,1,1826.5,1,1826.8,1,1829.0,1,1833.9,1,1834.0,1,1834.3,1,1835.0,2,1829.0
ec2504,,13:39:51.0#,1850.0,1875.0,1764.0,2189.1,1585.2,14869,17296.0,1826.5,1,1826.8,1,1826.9,1,1827.0,1,1827.3,1,1829.0,1,1833.8,1,1833.9,1,1834.0,1,1834.3,1,1829.0
ec2504,,13:39:52.0#,1850.0,1875.0,1764.0,2189.1,1585.2,14870,17297.0,1826.8,1,1826.9,1,1827.0,1,1827.3,1,1829.0,1,1833.8,1,1833.9,1,1834.0,1,1834.3,1,1835.0,2,1829.0
ec2504,,13:39:53.500#,1850.0,1875.0,1764.0,2189.1,1585.2,14870,17297.0,1826.8,1,1826.9,1,1827.0,1,1827.3,1,1829.0,3,1833.8,1,1833.9,1,1834.0,1,1834.3,1,1835.0,2,1829.0
ec2504,,13:39:54.500#,1850.0,1875.0,1764.0,2189.1,1585.2,14870,17297.0,1826.8,1,1827.0,1,1827.3,1,1829.0,3,1829.1,1,1833.7,1,1833.9,1,1834.0,1,1834.3,1,1835.0,2,1829.0
ec2504,,13:39:55.0#,1850.0,1875.0,1764.0,2189.1,1585.2,14870,17297.0,1827.0,1,1827.3,1,1829.0,5,1829.1,1,1829.2,1,1833.7,1,1833.9,1,1834.0,1,1834.3,1,1835.0,2,1829.0
ec2504,,13:39:56.0#,1850.0,1875.0,1764.0,2189.1,1585.2,14870,17297.0,1827.0,1,1827.3,1,1829.0,5,1829.1,1,1829.2,1,1833.7,1,1833.9,1,1834.0,1,1834.3,1,1835.0,2,1829.0
ec2504,,13:39:56.500#,1850.0,1875.0,1764.0,2189.1,1585.2,14870,17297.0,1827.0,1,1827.3,1,1829.0,5,1829.1,1,1829.3,1,1833.7,1,1833.9,1,1834.0,1,1834.3,1,1835.0,2,1829.0
ec2504,,13:39:57.0#,1850.0,1875.0,1764.0,2189.1,1585.2,14870,17297.0,1826.8,1,1827.3,1,1829.0,5,1829.3,1,1829.4,1,1833.7,1,1833.9,1,1834.0,1,1834.3,1,1835.0,2,1829.0
ec2504,,13:39:57.500#,1850.0,1875.0,1764.0,2189.1,1585.2,14870,17297.0,1826.8,1,1827.3,1,1829.0,5,1829.3,1,1829.4,1,1833.7,1,1833.9,1,1834.0,1,1834.3,1,1835.0,2,1829.0
ec2504,,13:39:58.0#,1850.0,1875.0,1764.0,2189.1,1585.2,14870,17297.0,1826.8,1,1827.3,1,1829.0,4,1829.3,1,1829.4,1,1833.7,1,1833.9,1,1834.0,1,1834.3,1,1835.0,2,1829.0
ec2504,,13:39:58.500#,1850.0,1875.0,1764.0,2189.1,1585.2,14870,17297.0,1826.8,1,1827.3,1,1829.0,4,1829.3,1,1829.4,1,1833.7,1,1833.9,1,1834.0,1,1834.3,1,1835.0,2,1829.0
ec2504,,13:39:59.0#,1850.0,1875.0,1764.0,2189.1,1585.2,14870,17297.0,1826.8,1,1827.3,1,1829.0,4,1829.3,1,1829.4,1,1833.7,1,1833.9,1,1834.0,1,1834.3,1,1835.0,2,1829.0
ec2504,,13:39:59.500#,1850.0,1875.0,1764.0,2189.1,1585.2,14870,17297.0,1826.5,1,1826.8,1,1827.3,1,1829.0,4,1829.3,1,1833.7,1,1833.9,1,1834.0,1,1834.3,1,1835.0,2,1829.0
ec2504,,13:40:00.0#,1850.0,1875.0,1764.0,2189.1,1585.2,14870,17297.0,1826.8,1,1827.3,1,1829.0,4,1829.3,1,1829.4,1,1833.6,1,1833.7,1,1833.9,1,1834.0,1,1834.3,1,1829.0
ec2504,,13:40:00.500#,1850.0,1875.0,1764.0,2189.1,1585.2,14870,17297.0,1826.8,1,1827.3,1,1829.0,4,1829.3,1,1829.4,1,1833.6,1,1833.7,1,1833.9,1,1834.0,1,1834.3,1,1829.0
ec2504,,13:40:01.0#,1850.0,1875.0,1764.0,2189.1,1585.2,14870,17297.0,1826.5,1,1826.8,1,1827.3,1,1829.0,4,1829.4,1,1833.6,1,1833.7,1,1833.9,1,1834.0,1,1834.3,1,1829.0
ec2504,,13:40:01.500#,1850.0,1875.0,1764.0,2189.1,1585.2,14870,17297.0,1826.1,1,1826.5,1,1826.8,1,1827.3,1,1829.0,4,1833.6,2,1833.7,1,1833.9,1,1834.0,1,1834.3,1,1829.0
ec2504,,13:40:02.0#,1850.0,1875.0,1764.0,2189.1,1585.2,14870,17297.0,1826.1,1,1826.5,1,1826.8,1,1827.3,1,1829.0,4,1833.0,1,1833.6,2,1833.7,1,1833.9,1,1834.0,1,1829.0
ec2504,,13:40:02.500#,1850.0,1875.0,1764.0,2189.1,1585.2,14870,17297.0,1826.5,1,1826.8,1,1827.3,1,1829.0,4,1830.1,1,1833.0,1,1833.3,1,1833.5,1,1833.6,2,1833.7,1,1829.0
ec2504,,13:40:03.0#,1850.0,1875.0,1764.0,2189.1,1585.2,14871,17298.0,1826.1,1,1826.5,1,1826.8,1,1827.3,1,1829.0,4,1833.0,1,1833.3,1,1833.5,1,1833.6,2,1833.7,1,1830.1
ec2504,,13:40:03.500#,1850.0,1875.0,1764.0,2189.1,1585.2,14871,17298.0,1826.5,1,1826.8,1,1827.3,1,1829.0,4,1829.1,1,1833.0,1,1833.6,2,1833.7,1,1833.9,1,1834.0,1,1830.1
ec2504,,13:40:04.0#,1850.0,1875.0,1764.0,2189.1,1585.2,14875,17299.0,1826.1,1,1826.5,1,1826.8,1,1827.3,1,1829.0,4,1833.0,1,1833.6,2,1833.7,1,1833.8,1,1833.9,1,1829.1
ec2504,,13:40:04.500#,1850.0,1875.0,1764.0,2189.1,1585.2,14879,17301.0,1825.8,1,1826.1,1,1826.5,1,1826.8,1,1827.3,1,1828.8,5,1829.1,1,1832.7,1,1832.8,1,1833.0,1,1829.0
ec2504,,13:40:05.0#,1850.0,1875.0,1764.0,2189.1,1585.2,14880,17301.0,1825.5,1,1825.8,1,1826.1,1,1826.5,1,1826.8,1,1828.7,2,1828.8,3,1829.1,1,1832.5,1,1832.7,1,1827.3
ec2504,,13:40:05.500#,1850.0,1875.0,1764.0,2189.1,1585.2,14883,17303.0,1825.0,1,1825.5,1,1825.8,1,1826.1,1,1826.5,1,1828.8,3,1829.1,1,1830.8,1,1831.0,1,1832.7,1,1828.7
ec2504,,13:40:06.0#,1850.0,1875.0,1764.0,2189.1,1585.2,14883,17303.0,1825.0,1,1825.5,1,1825.8,1,1826.1,1,1826.5,1,1828.8,3,1829.1,1,1830.8,1,1831.0,1,1832.7,1,1828.7
ec2504,,13:40:06.500#,1850.0,1875.0,1764.0,2189.1,1585.2,14883,17303.0,1825.0,1,1825.5,1,1825.8,1,1826.1,1,1826.5,1,1828.8,3,1829.1,1,1830.8,1,1831.0,1,1832.6,1,1828.7
ec2504,,13:40:07.0#,1850.0,1875.0,1764.0,2189.1,1585.2,14884,17302.0,1823.8,1,1825.0,1,1825.5,1,1825.8,1,1826.1,1,1828.8,3,1829.1,1,1830.8,1,1831.0,1,1832.6,1,1826.5
ec2504,,13:40:07.500#,1850.0,1875.0,1764.0,2189.1,1585.2,14884,17302.0,1823.8,1,1825.0,1,1825.5,1,1825.8,1,1826.1,1,1828.8,3,1829.1,1,1830.8,1,1831.0,1,1831.6,1,1826.5
ec2504,,13:40:08.0#,1850.0,1875.0,1764.0,2189.1,1585.2,14884,17302.0,1823.8,1,1825.0,1,1825.5,1,1825.8,1,1826.1,1,1828.8,3,1829.1,1,1830.8,1,1831.0,1,1831.5,1,1826.5
ec2504,,13:40:10.500#,1850.0,1875.0,1764.0,2189.1,1585.2,14884,17302.0,1823.8,1,1825.0,1,1825.5,1,1825.8,1,1826.1,1,1828.8,3,1829.1,1,1831.6,2,1832.6,1,1832.7,1,1826.5
ec2504,,13:40:11.0#,1850.0,1875.0,1764.0,2189.1,1585.2,14884,17302.0,1823.8,1,1825.0,1,1825.5,1,1825.8,1,1826.1,1,1828.8,3,1829.1,1,1831.5,1,1831.6,2,1832.6,1,1826.5
ec2504,,13:40:11.500#,1850.0,1875.0,1764.0,2189.1,1585.2,14884,17302.0,1823.8,1,1825.0,1,1825.5,1,1825.8,1,1826.1,1,1828.8,3,1829.1,1,1831.5,1,1831.6,2,1832.6,1,1826.5
ec2504,,13:40:12.0#,1850.0,1875.0,1764.0,2189.1,1585.2,14885,17302.0,1823.1,1,1823.8,1,1825.0,1,1825.5,1,1825.8,1,1828.8,3,1829.1,1,1831.5,1,1831.6,2,1832.6,1,1826.1
ec2504,,13:40:12.500#,1850.0,1875.0,1764.0,2189.1,1585.2,14885,17302.0,1823.1,1,1823.8,1,1825.0,1,1825.5,1,1825.8,1,1828.8,3,1829.1,1,1831.5,1,1831.6,2,1832.6,1,1826.1
ec2504,,13:40:13.0#,1850.0,1875.0,1764.0,2189.1,1585.2,14886,17302.0,1823.1,1,1823.8,1,1825.0,1,1825.5,1,1826.5,1,1828.8,3,1829.1,1,1831.4,1,1831.6,1,1832.6,1,1825.8
ec2504,,13:40:13.500#,1850.0,1875.0,1764.0,2189.1,1585.2,14886,17302.0,1823.1,1,1823.8,1,1825.0,1,1825.5,1,1826.5,1,1828.8,3,1829.1,1,1831.4,1,1831.6,1,1832.6,1,1825.8
ec2504,,13:40:14.0#,1850.0,1875.0,1764.0,2189.1,1585.2,14886,17302.0,1823.1,1,1823.8,1,1825.0,1,1825.5,1,1826.5,1,1828.8,3,1829.1,1,1831.5,1,1831.6,1,1832.6,1,1825.8
ec2504,,13:40:14.500#,1850.0,1875.0,1764.0,2189.1,1585.2,14886,17302.0,1823.1,1,1823.8,1,1825.0,1,1825.5,1,1826.5,1,1828.8,3,1829.1,1,1831.5,1,1831.6,1,1832.6,1,1825.8
ec2504,,13:40:15.0#,1850.0,1875.0,1764.0,2189.1,1585.2,14886,17302.0,1823.1,1,1823.8,1,1825.0,1,1825.5,1,1826.5,1,1828.8,3,1831.5,1,1831.6,1,1832.6,1,1832.7,1,1825.8
ec2504,,13:40:16.0#,1850.0,1875.0,1764.0,2189.1,1585.2,14886,17302.0,1823.1,1,1823.8,1,1825.0,1,1825.5,1,1826.5,1,1828.8,3,1831.6,2,1832.7,1,1833.0,1,1833.6,1,1825.8
ec2504,,13:40:16.500#,1850.0,1875.0,1764.0,2189.1,1585.2,14887,17302.0,1823.0,4,1823.1,1,1823.8,1,1825.0,1,1825.5,1,1830.3,1,1831.6,1,1832.7,1,1833.0,1,1833.6,1,1826.5
ec2504,,13:40:17.0#,1850.0,1875.0,1764.0,2189.1,1585.2,14887,17302.0,1823.1,1,1823.8,1,1825.0,1,1825.5,1,1825.6,1,1830.3,1,1832.7,1,1833.0,1,1833.6,1,1833.7,1,1826.5
ec2504,,13:40:17.500#,1850.0,1875.0,1764.0,2189.1,1585.2,14887,17302.0,1823.1,1,1823.8,1,1825.0,1,1825.5,1,1825.7,1,1830.2,1,1830.3,1,1832.7,1,1833.0,1,1833.6,1,1826.5
ec2504,,13:40:18.0#,1850.0,1875.0,1764.0,2189.1,1585.2,14887,17302.0,1823.8,1,1825.0,1,1825.5,1,1825.7,1,1825.8,1,1830.2,1,1830.3,1,1831.5,1,1832.7,1,1833.0,1,1826.5
ec2504,,13:40:18.500#,1850.0,1875.0,1764.0,2189.1,1585.2,14887,17302.0,1825.0,1,1825.5,1,1825.7,1,1825.8,1,1825.9,1,1830.3,1,1831.5,1,1832.7,1,1833.0,1,1833.6,1,1826.5
ec2504,,13:40:19.0#,1850.0,1875.0,1764.0,2189.1,1585.2,14887,17302.0,1823.8,1,1825.0,1,1825.5,1,1825.7,1,1825.8,1,1830.3,1,1831.5,1,1832.7,1,1833.0,1,1833.6,1,1826.5
ec2504,,13:40:19.500#,1850.0,1875.0,1764.0,2189.1,1585.2,14887,17302.0,1825.5,1,1825.7,1,1825.8,1,1825.9,1,1826.4,1,1830.3,1,1832.7,1,1833.0,1,1833.6,1,1833.7,1,1826.5
ec2504,,13:40:20.0#,1850.0,1875.0,1764.0,2189.1,1585.2,14887,17302.0,1823.8,1,1825.0,1,1825.5,1,1825.8,1,1826.4,1,1830.2,1,1830.3,2,1832.7,1,1833.0,1,1833.6,1,1826.5
ec2504,,13:40:21.0#,1850.0,1875.0,1764.0,2189.1,1585.2,14887,17302.0,1823.8,1,1825.0,1,1825.5,1,1825.8,1,1826.4,1,1830.2,1,1830.3,2,1832.7,1,1833.0,1,1833.6,1,1826.5
ec2504,,13:40:21.500#,1850.0,1875.0,1764.0,2189.1,1585.2,14888,17302.0,1823.1,1,1823.8,1,1825.0,1,1825.5,1,1825.8,1,1830.3,2,1832.7,1,1833.0,1,1833.6,1,1833.7,1,1826.4
ec2504,,13:40:22.0#,1850.0,1875.0,1764.0,2189.1,1585.2,14888,17302.0,1823.8,1,1825.0,1,1825.5,1,1825.8,1,1825.9,2,1830.3,2,1832.7,1,1833.0,1,1833.6,1,1833.7,1,1826.4
ec2504,,13:40:23.500#,1850.0,1875.0,1764.0,2189.1,1585.2,14889,17301.0,1823.8,1,1825.0,1,1825.5,1,1825.8,1,1825.9,1,1830.3,2,1832.7,1,1833.0,1,1833.6,1,1833.7,1,1825.9
ec2504,,13:40:24.0#,1850.0,1875.0,1764.0,2189.1,1585.2,14889,17301.0,1823.8,1,1825.0,1,1825.5,1,1825.8,1,1826.0,1,1830.3,2,1832.7,1,1833.0,1,1833.6,1,1833.7,1,1825.9
ec2504,,13:40:24.500#,1850.0,1875.0,1764.0,2189.1,1585.2,14889,17301.0,1823.8,1,1825.0,1,1825.5,1,1825.8,1,1826.1,1,1830.2,1,1830.3,2,1832.7,1,1833.0,1,1833.6,1,1825.9
ec2504,,13:40:25.0#,1850.0,1875.0,1764.0,2189.1,1585.2,14889,17301.0,1823.8,1,1825.0,1,1825.5,1,1825.8,1,1826.1,1,1830.3,2,1832.7,1,1833.0,1,1833.6,1,1833.7,1,1825.9
ec2504,,13:40:25.500#,1850.0,1875.0,1764.0,2189.1,1585.2,14889,17301.0,1823.8,1,1825.0,1,1825.5,1,1825.8,1,1826.2,1,1828.0,1,1830.3,2,1832.7,1,1833.0,1,1833.6,1,1825.9
ec2504,,13:40:26.0#,1850.0,1875.0,1764.0,2189.1,1585.2,14889,17301.0,1823.8,1,1825.0,1,1825.5,1,1825.8,1,1826.4,1,1828.0,1,1830.3,2,1832.7,1,1833.0,1,1833.6,2,1825.9
ec2504,,13:40:26.500#,1850.0,1875.0,1764.0,2189.1,1585.2,14890,17300.0,1823.1,1,1823.8,1,1825.0,1,1825.5,1,1825.8,1,1828.0,1,1830.3,2,1832.7,1,1833.0,1,1833.6,2,1825.9
ec2504,,13:40:27.0#,1850.0,1875.0,1764.0,2189.1,1585.2,14890,17300.0,1823.1,1,1823.8,1,1825.0,1,1825.5,1,1825.8,1,1828.0,1,1830.3,2,1832.7,1,1833.0,1,1833.6,2,1825.9
ec2504,,13:40:27.500#,1850.0,1875.0,1764.0,2189.1,1585.2,14892,17300.0,1823.8,1,1825.0,1,1825.5,1,1825.8,1,1825.9,1,1830.3,1,1830.6,1,1832.7,1,1833.0,1,1833.6,2,1830.3
ec2504,,13:40:28.0#,1850.0,1875.0,1764.0,2189.1,1585.2,14892,17300.0,1823.8,1,1825.0,1,1825.5,1,1825.8,1,1825.9,1,1830.3,1,1831.6,1,1832.7,1,1833.0,1,1833.6,2,1830.3
ec2504,,13:40:28.500#,1850.0,1875.0,1764.0,2189.1,1585.2,14892,17300.0,1823.8,1,1825.0,1,1825.5,1,1825.8,1,1825.9,1,1830.3,1,1831.6,1,1832.7,1,1833.0,1,1833.6,2,1830.3
ec2504,,13:40:29.0#,1850.0,1875.0,1764.0,2189.1,1585.2,14892,17300.0,1825.5,1,1825.8,1,1825.9,1,1826.1,1,1826.4,1,1830.1,1,1830.3,1,1832.7,1,1833.0,1,1833.6,2,1830.3
ec2504,,13:40:29.500#,1850.0,1875.0,1764.0,2189.1,1585.2,14893,17299.0,1825.8,1,1826.1,1,1826.4,1,1826.9,1,1827.0,1,1832.7,1,1833.0,1,1833.6,2,1833.7,1,1833.9,1,1830.3
ec2504,,13:40:30.0#,1850.0,1875.0,1764.0,2189.1,1585.2,14893,17299.0,1826.4,1,1826.9,1,1827.0,1,1827.1,1,1827.2,1,1830.3,3,1833.0,1,1833.6,2,1833.7,1,1833.9,1,1830.3
ec2504,,13:40:30.500#,1850.0,1875.0,1764.0,2189.1,1585.2,14893,17299.0,1826.4,1,1826.9,1,1827.2,1,1827.3,1,1827.4,1,1830.3,3,1833.0,1,1833.5,1,1833.6,2,1833.7,1,1830.3
ec2504,,13:40:31.0#,1850.0,1875.0,1764.0,2189.1,1585.2,14893,17299.0,1826.4,1,1826.9,1,1827.2,2,1827.3,1,1827.4,1,1830.3,3,1833.0,1,1833.5,1,1833.6,2,1833.7,1,1830.3
ec2504,,13:40:31.500#,1850.0,1875.0,1764.0,2189.1,1585.2,14893,17299.0,1826.4,1,1826.9,1,1827.2,2,1827.4,1,1827.5,1,1830.3,3,1833.0,1,1833.5,1,1833.6,2,1833.7,1,1830.3
ec2504,,13:40:32.0#,1850.0,1875.0,1764.0,2189.1,1585.2,14893,17299.0,1826.1,1,1826.4,1,1827.2,2,1827.5,1,1827.6,1,1830.3,3,1833.0,1,1833.5,1,1833.6,2,1833.7,1,1830.3
ec2504,,13:40:32.500#,1850.0,1875.0,1764.0,2189.1,1585.2,14893,17299.0,1826.1,1,1826.4,1,1827.2,2,1827.6,1,1827.7,1,1830.3,3,1833.0,1,1833.5,1,1833.6,2,1833.7,1,1830.3
ec2504,,13:40:33.0#,1850.0,1875.0,1764.0,2189.1,1585.2,14893,17299.0,1826.1,1,1826.4,1,1827.2,2,1827.8,1,1827.9,1,1830.3,3,1833.0,1,1833.5,1,1833.6,2,1833.7,1,1830.3
ec2504,,13:40:33.500#,1850.0,1875.0,1764.0,2189.1,1585.2,14895,17298.0,1826.1,1,1826.4,1,1827.2,2,1827.9,1,1828.0,1,1830.3,1,1833.0,1,1833.5,1,1833.6,2,1833.7,1,1830.3
ec2504,,13:40:34.0#,1850.0,1875.0,1764.0,2189.1,1585.2,14897,17296.0,1826.1,1,1826.4,1,1827.2,2,1828.0,1,1828.1,1,1833.0,1,1833.5,1,1833.6,2,1833.7,1,1833.9,1,1830.3
ec2504,,13:40:34.500#,1850.0,1875.0,1764.0,2189.1,1585.2,14897,17296.0,1827.2,2,1828.0,1,1828.1,1,1828.3,1,1828.6,1,1833.0,1,1833.5,1,1833.6,2,1833.7,1,1833.9,1,1830.3
ec2504,,13:40:35.0#,1850.0,1875.0,1764.0,2189.1,1585.2,14897,17296.0,1826.4,1,1827.2,2,1828.0,1,1828.6,1,1828.7,1,1833.0,1,1833.5,1,1833.6,2,1833.7,1,1833.9,1,1830.3
ec2504,,13:40:35.500#,1850.0,1875.0,1764.0,2189.1,1585.2,14897,17296.0,1826.4,1,1827.2,2,1828.0,1,1828.6,1,1828.7,1,1833.0,1,1833.5,1,1833.6,2,1833.7,1,1833.9,1,1830.3
ec2504,,13:40:36.0#,1850.0,1875.0,1764.0,2189.1,1585.2,14897,17296.0,1825.8,1,1826.1,1,1826.4,1,1827.2,2,1828.0,1,1833.0,1,1833.5,1,1833.6,2,1833.7,1,1833.9,1,1830.3
ec2504,,13:40:36.500#,1850.0,1875.0,1764.0,2189.1,1585.2,14897,17296.0,1826.1,1,1826.4,1,1827.2,2,1828.0,1,1828.1,1,1833.0,1,1833.5,1,1833.6,2,1833.7,1,1833.9,1,1830.3
ec2504,,13:40:37.0#,1850.0,1875.0,1764.0,2189.1,1585.2,14897,17296.0,1826.1,1,1827.2,2,1828.0,1,1828.1,1,1828.2,2,1832.5,1,1832.7,1,1832.9,1,1833.0,8,1833.5,1,1830.3
ec2504,,13:40:37.500#,1850.0,1875.0,1764.0,2189.1,1585.2,14897,17296.0,1825.8,1,1826.1,1,1827.2,2,1828.0,1,1828.2,2,1832.5,1,1832.7,1,1832.9,1,1833.0,8,1833.5,1,1830.3
ec2504,,13:40:38.0#,1850.0,1875.0,1764.0,2189.1,1585.2,14897,17296.0,1825.5,1,1825.8,1,1826.1,1,1827.2,2,1828.0,1,1832.5,1,1832.7,1,1832.9,1,1833.0,8,1833.5,1,1830.3
ec2504,,13:40:38.500#,1850.0,1875.0,1764.0,2189.1,1585.2,14897,17296.0,1825.5,1,1825.8,1,1826.1,1,1827.2,2,1828.0,1,1832.4,1,1832.5,1,1832.7,1,1832.9,1,1833.0,8,1830.3
ec2504,,13:40:39.0#,1850.0,1875.0,1764.0,2189.1,1585.2,14897,17296.0,1825.5,1,1825.8,1,1826.1,1,1827.2,2,1828.0,1,1832.4,1,1832.5,1,1832.9,1,1833.0,8,1833.5,1,1830.3
ec2504,,13:40:39.500#,1850.0,1875.0,1764.0,2189.1,1585.2,14897,17296.0,1825.5,1,1825.8,1,1826.1,1,1827.2,2,1828.0,1,1832.2,1,1832.3,1,1832.5,1,1832.9,1,1833.0,9,1830.3
ec2504,,13:40:40.500#,1850.0,1875.0,1764.0,2189.1,1585.2,14897,17296.0,1825.5,1,1825.8,1,1826.1,1,1827.2,2,1828.0,1,1830.0,1,1832.3,1,1832.5,1,1832.9,1,1833.0,9,1830.3
ec2504,,13:40:41.500#,1850.0,1875.0,1764.0,2189.1,1585.2,14897,17296.0,1825.5,1,1825.8,1,1826.1,1,1827.2,2,1828.0,1,1830.0,1,1832.3,1,1832.5,1,1832.9,1,1833.0,9,1830.3
ec2504,,13:40:42.0#,1850.0,1875.0,1764.0,2189.1,1585.2,14897,17296.0,1825.5,1,1825.8,1,1826.1,1,1827.2,1,1828.0,1,1830.0,1,1832.3,1,1832.5,1,1832.9,1,1833.0,9,1830.3
ec2504,,13:40:43.0#,1850.0,1875.0,1764.0,2189.1,1585.2,14898,17296.0,1825.0,1,1825.5,1,1826.1,1,1827.2,1,1828.0,1,1832.3,1,1832.5,1,1832.9,1,1833.0,9,1833.2,1,1830.1
ec2504,,13:40:43.500#,1850.0,1875.0,1764.0,2189.1,1585.2,14898,17296.0,1825.0,1,1825.5,1,1826.1,1,1827.2,1,1828.0,3,1832.1,1,1832.2,2,1832.3,1,1832.5,1,1832.9,1,1830.1
ec2504,,13:40:44.0#,1850.0,1875.0,1764.0,2189.1,1585.2,14898,17296.0,1825.0,1,1825.5,1,1826.1,1,1827.2,1,1828.0,3,1832.1,1,1832.2,1,1832.3,1,1832.5,1,1832.9,1,1830.1
ec2504,,13:40:44.500#,1850.0,1875.0,1764.0,2189.1,1585.2,14898,17296.0,1825.0,1,1825.5,1,1826.1,1,1827.2,1,1828.0,3,1831.9,1,1832.0,1,1832.5,1,1832.9,1,1833.0,9,1830.1
ec2504,,13:40:45.0#,1850.0,1875.0,1764.0,2189.1,1585.2,14898,17296.0,1825.0,1,1825.5,1,1826.1,1,1827.2,1,1828.0,3,1831.8,2,1831.9,1,1832.5,1,1832.9,1,1833.0,9,1830.1
ec2504,,13:40:45.500#,1850.0,1875.0,1764.0,2189.1,1585.2,14898,17296.0,1825.0,1,1825.5,1,1826.1,1,1827.2,1,1828.0,3,1831.6,1,1831.7,1,1831.8,1,1831.9,1,1832.5,1,1830.1
ec2504,,13:40:46.0#,1850.0,1875.0,1764.0,2189.1,1585.2,14898,17296.0,1825.0,1,1825.5,1,1826.1,1,1827.2,1,1828.0,3,1831.6,1,1831.8,1,1832.5,1,1832.9,1,1833.0,9,1830.1
ec2504,,13:40:46.500#,1850.0,1875.0,1764.0,2189.1,1585.2,14898,17296.0,1825.0,1,1825.5,1,1826.1,1,1827.2,1,1828.0,3,1831.5,2,1831.6,1,1831.8,1,1832.5,1,1832.9,1,1830.1
ec2504,,13:40:47.0#,1850.0,1875.0,1764.0,2189.1,1585.2,14898,17296.0,1825.0,1,1825.5,1,1826.1,1,1827.2,1,1828.0,3,1831.6,1,1832.5,1,1832.9,1,1833.0,9,1833.2,1,1830.1
ec2504,,13:40:47.500#,1850.0,1875.0,1764.0,2189.1,1585.2,14898,17296.0,1825.0,1,1825.5,1,1826.1,1,1827.2,1,1828.0,3,1831.4,1,1831.6,1,1832.5,1,1832.9,1,1833.0,9,1830.1
ec2504,,13:40:48.0#,1850.0,1875.0,1764.0,2189.1,1585.2,14898,17296.0,1825.0,1,1825.5,1,1826.1,1,1827.2,1,1828.0,3,1831.4,1,1831.6,1,1832.5,1,1832.9,1,1833.0,9,1830.1
ec2504,,13:40:48.500#,1850.0,1875.0,1764.0,2189.1,1585.2,14898,17296.0,1825.0,1,1825.5,1,1826.1,1,1827.2,1,1828.0,3,1831.6,1,1832.5,1,1832.9,1,1833.0,9,1833.2,1,1830.1
ec2504,,13:40:49.0#,1850.0,1875.0,1764.0,2189.1,1585.2,14898,17296.0,1825.0,1,1825.5,1,1826.1,1,1827.2,1,1828.0,3,1831.6,1,1832.5,1,1832.9,1,1833.0,9,1833.2,1,1830.1
ec2504,,13:40:49.500#,1850.0,1875.0,1764.0,2189.1,1585.2,14898,17296.0,1825.0,1,1825.5,1,1826.1,1,1827.2,1,1828.0,3,1831.6,6,1832.5,1,1832.9,1,1833.0,9,1833.2,1,1830.1
ec2504,,13:40:50.0#,1850.0,1875.0,1764.0,2189.1,1585.2,14902,17297.0,1825.0,1,1825.5,1,1826.1,1,1827.2,1,1828.0,3,1830.4,2,1830.6,1,1831.4,1,1831.6,6,1832.5,1,1831.4
ec2504,,13:40:50.500#,1850.0,1875.0,1764.0,2189.1,1585.2,14916,17288.0,1825.0,1,1825.5,1,1826.1,1,1828.0,3,1828.1,4,1833.0,5,1833.2,1,1833.5,1,1833.6,2,1833.9,1,1833.0
ec2504,,13:40:51.0#,1850.0,1875.0,1764.0,2189.1,1585.2,14917,17288.0,1825.0,1,1825.5,1,1826.1,1,1828.0,3,1828.1,3,1833.0,5,1833.2,1,1833.5,1,1833.6,2,1833.9,1,1828.2
ec2504,,13:40:51.500#,1850.0,1875.0,1764.0,2189.1,1585.2,14917,17288.0,1823.8,1,1825.0,1,1825.5,1,1826.1,1,1828.0,3,1832.8,2,1832.9,1,1833.0,5,1833.2,1,1833.5,1,1828.2
ec2504,,13:40:52.0#,1850.0,1875.0,1764.0,2189.1,1585.2,14917,17288.0,1823.8,1,1825.0,1,1825.5,1,1826.1,1,1828.0,3,1832.6,2,1832.7,3,1832.8,3,1832.9,1,1833.0,5,1828.2
ec2504,,13:40:52.500#,1850.0,1875.0,1764.0,2189.1,1585.2,14917,17288.0,1823.8,1,1825.0,1,1825.5,1,1826.1,1,1828.0,3,1832.3,1,1832.4,1,1832.6,2,1832.7,3,1832.8,1,1828.2
ec2504,,13:40:53.0#,1850.0,1875.0,1764.0,2189.1,1585.2,14917,17288.0,1823.8,1,1825.0,1,1825.5,1,1826.1,1,1828.0,3,1832.2,1,1832.3,2,1832.4,1,1832.5,1,1832.6,1,1828.2
ec2504,,13:40:53.500#,1850.0,1875.0,1764.0,2189.1,1585.2,14917,17288.0,1823.8,1,1825.0,1,1825.5,1,1826.1,1,1828.0,3,1831.8,1,1832.2,2,1832.4,1,1832.6,1,1832.7,1,1828.2
ec2504,,13:40:54.0#,1850.0,1875.0,1764.0,2189.1,1585.2,14917,17288.0,1823.8,1,1825.0,1,1825.5,1,1826.1,1,1828.0,3,1831.7,2,1831.8,1,1832.2,1,1832.4,1,1832.6,1,1828.2
ec2504,,13:40:54.500#,1850.0,1875.0,1764.0,2189.1,1585.2,14917,17288.0,1823.8,1,1825.0,1,1825.5,1,1826.1,1,1828.0,3,1831.5,1,1831.6,1,1831.7,2,1831.8,1,1832.2,1,1828.2
ec2504,,13:40:55.0#,1850.0,1875.0,1764.0,2189.1,1585.2,14917,17288.0,1823.8,1,1825.0,1,1825.5,1,1826.1,1,1828.0,3,1831.4,2,1831.5,1,1831.8,1,1832.2,1,1832.4,1,1828.2
ec2504,,13:40:55.500#,1850.0,1875.0,1764.0,2189.1,1585.2,14917,17288.0,1823.8,1,1825.0,1,1825.5,1,1826.1,1,1828.0,3,1831.2,1,1831.4,2,1831.5,1,1831.8,1,1832.2,1,1828.2
ec2504,,13:40:56.0#,1850.0,1875.0,1764.0,2189.1,1585.2,14917,17288.0,1823.8,1,1825.0,2,1825.5,1,1826.1,1,1828.0,3,1831.0,1,1831.1,2,1831.5,1,1832.2,1,1832.4,1,1828.2
ec2504,,13:40:56.500#,1850.0,1875.0,1764.0,2189.1,1585.2,14917,17288.0,1823.8,1,1825.0,2,1825.5,1,1826.1,1,1828.0,3,1831.0,1,1831.1,2,1831.5,1,1831.9,1,1832.2,1,1828.2
ec2504,,13:40:57.0#,1850.0,1875.0,1764.0,2189.1,1585.2,14917,17288.0,1823.8,1,1825.0,2,1825.5,1,1826.1,1,1828.0,3,1831.0,1,1831.9,1,1832.2,1,1832.4,1,1832.6,1,1828.2
ec2504,,13:40:57.500#,1850.0,1875.0,1764.0,2189.1,1585.2,14917,17288.0,1823.8,1,1825.0,2,1825.5,1,1826.1,1,1828.0,3,1831.0,1,1831.9,1,1832.2,1,1832.4,1,1832.6,1,1828.2
ec2504,,13:40:58.0#,1850.0,1875.0,1764.0,2189.1,1585.2,14917,17288.0,1823.8,1,1825.0,2,1825.5,1,1826.1,1,1828.0,3,1831.0,1,1831.9,1,1832.2,1,1832.4,1,1832.6,1,1828.2
ec2504,,13:40:58.500#,1850.0,1875.0,1764.0,2189.1,1585.2,14918,17288.0,1823.8,1,1825.0,2,1825.5,1,1826.1,1,1828.0,2,1830.9,2,1831.0,2,1831.9,1,1832.2,1,1832.4,1,1828.0
ec2504,,13:40:59.0#,1850.0,1875.0,1764.0,2189.1,1585.2,14918,17288.0,1823.1,1,1823.8,1,1825.0,2,1825.5,1,1826.1,1,1830.9,2,1831.0,2,1831.9,1,1832.2,1,1832.4,1,1828.0
ec2504,,13:40:59.500#,1850.0,1875.0,1764.0,2189.1,1585.2,14918,17288.0,1823.1,1,1825.0,2,1825.5,1,1826.1,1,1826.2,2,1830.9,2,1831.0,2,1831.9,1,1832.0,1,1832.2,1,1828.0
ec2504,,13:41:00.0#,1850.0,1875.0,1764.0,2189.1,1585.2,14918,17288.0,1823.1,1,1825.0,2,1825.5,1,1826.1,1,1826.2,2,1830.8,1,1830.9,2,1831.0,2,1831.9,1,1832.0,1,1828.0
ec2504,,13:41:00.500#,1850.0,1875.0,1764.0,2189.1,1585.2,14918,17288.0,1823.1,1,1825.0,2,1825.5,1,1826.1,1,1826.2,1,1830.7,1,1830.8,1,1830.9,2,1831.0,2,1831.9,2,1828.0
ec2504,,13:41:01.0#,1850.0,1875.0,1764.0,2189.1,1585.2,14918,17288.0,1823.1,1,1825.0,2,1825.5,1,1826.1,1,1826.2,1,1830.7,1,1830.8,1,1830.9,2,1831.0,1,1831.9,2,1828.0
ec2504,,13:41:01.500#,1850.0,1875.0,1764.0,2189.1,1585.2,14921,17288.0,1825.0,2,1825.5,1,1826.1,1,1826.7,1,1830.7,6,1830.8,1,1831.0,1,1831.9,2,1832.0,1,1832.7,1,1830.7
ec2504,,13:41:02.0#,1850.0,1875.0,1764.0,2189.1,1585.2,14923,17287.0,1825.0,2,1825.5,1,1826.1,1,1826.7,1,1830.7,5,1831.0,1,1831.9,2,1832.0,1,1832.7,1,1833.0,5,1830.8
ec2504,,13:41:02.500#,1850.0,1875.0,1764.0,2189.1,1585.2,14923,17287.0,1825.0,2,1825.5,1,1826.1,1,1826.7,1,1830.7,5,1831.0,1,1831.9,2,1832.0,1,1832.7,1,1833.0,5,1830.8
ec2504,,13:41:03.0#,1850.0,1875.0,1764.0,2189.1,1585.2,14925,17285.0,1825.0,2,1825.5,1,1826.1,1,1826.7,1,1830.7,3,1831.0,1,1831.9,2,1832.0,1,1832.7,1,1833.0,5,1830.7
ec2504,,13:41:03.500#,1850.0,1875.0,1764.0,2189.1,1585.2,14925,17285.0,1825.0,2,1825.5,1,1826.1,1,1826.7,1,1830.7,3,1830.9,1,1831.0,1,1831.9,2,1832.0,1,1832.7,1,1830.7
ec2504,,13:41:04.0#,1850.0,1875.0,1764.0,2189.1,1585.2,14925,17285.0,1825.0,2,1825.5,1,1826.1,1,1826.7,1,1830.7,3,1830.9,1,1831.0,1,1831.9,2,1832.0,1,1832.7,1,1830.7
ec2504,,13:41:04.500#,1850.0,1875.0,1764.0,2189.1,1585.2,14925,17285.0,1825.0,2,1825.5,1,1826.1,1,1826.7,1,1830.7,3,1831.0,1,1831.9,2,1832.0,1,1832.7,1,1833.0,5,1830.7
ec2504,,13:41:05.0#,1850.0,1875.0,1764.0,2189.1,1585.2,14926,17284.0,1825.0,2,1825.5,1,1826.1,1,1826.7,1,1830.7,2,1831.0,1,1831.9,2,1832.0,1,1832.7,1,1833.0,5,1830.7
ec2504,,13:41:06.0#,1850.0,1875.0,1764.0,2189.1,1585.2,14927,17284.0,1825.0,2,1825.5,1,1826.1,1,1826.7,1,1830.7,1,1831.0,1,1831.9,2,1832.0,1,1832.7,1,1833.0,5,1830.7
ec2504,,13:41:06.500#,1850.0,1875.0,1764.0,2189.1,1585.2,14928,17284.0,1823.1,1,1825.0,2,1825.5,1,1826.1,1,1826.7,1,1830.7,1,1831.0,1,1831.9,2,1832.0,1,1832.7,1,1830.7
ec2504,,13:41:07.0#,1850.0,1875.0,1764.0,2189.1,1585.2,14928,17284.0,1825.5,1,1826.1,1,1826.7,1,1826.8,1,1826.9,1,1830.7,1,1831.0,1,1831.9,2,1832.0,1,1832.7,1,1830.7
ec2504,,13:41:07.500#,1850.0,1875.0,1764.0,2189.1,1585.2,14928,17284.0,1825.0,2,1825.5,1,1826.1,1,1826.7,1,1826.9,1,1830.7,1,1831.0,1,1831.9,2,1832.0,1,1832.7,1,1830.7
ec2504,,13:41:08.0#,1850.0,1875.0,1764.0,2189.1,1585.2,14928,17284.0,1825.5,1,1826.1,1,1826.7,1,1826.9,1,1827.0,1,1831.0,1,1831.9,2,1832.0,1,1832.7,1,1833.0,5,1830.7
ec2504,,13:41:08.500#,1850.0,1875.0,1764.0,2189.1,1585.2,14928,17284.0,1825.5,1,1826.1,1,1826.7,1,1826.9,1,1827.0,1,1830.6,1,1831.0,1,1831.9,2,1832.0,1,1832.7,1,1830.7
ec2504,,13:41:10.0#,1850.0,1875.0,1764.0,2189.1,1585.2,14928,17284.0,1825.5,1,1826.1,1,1826.7,1,1826.9,1,1827.1,1,1830.5,1,1831.0,1,1831.9,2,1832.0,1,1833.0,5,1830.7
ec2504,,13:41:10.500#,1850.0,1875.0,1764.0,2189.1,1585.2,14928,17284.0,1825.5,1,1826.1,1,1826.7,1,1827.1,1,1827.2,1,1830.5,1,1831.0,1,1831.9,2,1832.0,1,1833.0,5,1830.7
ec2504,,13:41:11.500#,1850.0,1875.0,1764.0,2189.1,1585.2,14929,17285.0,1825.0,2,1825.5,1,1826.1,1,1826.7,1,1827.1,1,1830.5,1,1831.0,1,1831.9,2,1832.0,1,1833.0,5,1827.2
ec2504,,13:41:12.0#,1850.0,1875.0,1764.0,2189.1,1585.2,14929,17285.0,1825.0,2,1825.5,1,1826.1,1,1826.7,1,1827.1,1,1831.0,1,1831.9,2,1832.0,1,1833.0,5,1833.2,1,1827.2
ec2504,,13:41:13.0#,1850.0,1875.0,1764.0,2189.1,1585.2,14929,17285.0,1825.0,2,1825.5,1,1826.1,1,1826.7,1,1827.1,1,1830.0,1,1830.9,2,1831.0,1,1831.9,2,1832.0,1,1827.2
ec2504,,13:41:14.0#,1850.0,1875.0,1764.0,2189.1,1585.2,14929,17285.0,1825.0,2,1825.5,1,1826.1,1,1826.7,1,1827.1,1,1830.0,1,1831.0,1,1831.9,2,1832.0,1,1833.0,5,1827.2
ec2504,,13:41:16.0#,1850.0,1875.0,1764.0,2189.1,1585.2,14930,17285.0,1825.5,1,1826.1,1,1826.7,1,1827.1,1,1827.2,1,1831.0,1,1831.9,2,1832.0,1,1833.0,5,1833.2,1,1830.0
ec2504,,13:41:17.500#,1850.0,1875.0,1764.0,2189.1,1585.2,14930,17285.0,1825.5,1,1826.1,1,1827.1,1,1827.2,1,1827.7,1,1831.0,1,1831.9,2,1832.0,1,1833.0,5,1833.2,1,1830.0
ec2504,,13:41:18.0#,1850.0,1875.0,1764.0,2189.1,1585.2,14930,17285.0,1825.5,1,1826.1,1,1827.1,1,1827.7,1,1827.8,1,1831.0,1,1831.9,2,1832.0,1,1833.0,5,1833.2,1,1830.0
ec2504,,13:41:19.0#,1850.0,1875.0,1764.0,2189.1,1585.2,14930,17285.0,1826.1,1,1827.1,1,1827.7,1,1827.8,1,1829.8,1,1831.0,1,1831.9,2,1832.0,1,1833.0,5,1833.2,1,1830.0
ec2504,,13:41:19.500#,1850.0,1875.0,1764.0,2189.1,1585.2,14930,17285.0,1826.1,1,1827.1,1,1827.7,1,1828.0,1,1829.8,1,1831.0,1,1831.9,2,1832.0,1,1833.0,5,1833.2,1,1830.0
ec2504,,13:41:20.0#,1850.0,1875.0,1764.0,2189.1,1585.2,14930,17285.0,1825.5,1,1826.1,1,1827.1,1,1828.0,1,1829.8,1,1831.0,1,1831.9,2,1832.0,1,1833.0,5,1833.2,1,1830.0
ec2504,,13:41:21.0#,1850.0,1875.0,1764.0,2189.1,1585.2,14930,17285.0,1825.5,1,1826.1,1,1827.1,1,1828.0,2,1829.8,1,1831.0,1,1831.9,2,1832.0,1,1833.0,5,1833.2,1,1830.0
ec2504,,13:41:22.0#,1850.0,1875.0,1764.0,2189.1,1585.2,14930,17285.0,1825.5,1,1826.1,1,1827.1,1,1828.0,1,1829.8,1,1831.0,1,1831.9,2,1832.0,1,1833.0,5,1833.2,1,1830.0
ec2504,,13:41:23.0#,1850.0,1875.0,1764.0,2189.1,1585.2,14930,17285.0,1825.0,2,1825.5,1,1826.1,1,1827.1,1,1829.8,1,1831.0,1,1831.9,2,1832.0,1,1833.0,5,1833.2,1,1830.0
ec2504,,13:41:25.0#,1850.0,1875.0,1764.0,2189.1,1585.2,14930,17285.0,1825.0,2,1825.5,1,1826.1,1,1827.1,1,1829.8,1,1831.0,1,1831.9,2,1832.0,1,1833.0,5,1833.2,1,1830.0
ec2504,,13:41:26.0#,1850.0,1875.0,1764.0,2189.1,1585.2,14930,17285.0,1825.5,1,1826.1,1,1827.1,1,1829.7,1,1829.8,1,1831.0,1,1831.9,2,1832.0,1,1833.0,5,1833.2,1,1830.0
ec2504,,13:41:26.500#,1850.0,1875.0,1764.0,2189.1,1585.2,14930,17285.0,1825.0,2,1825.5,1,1826.1,1,1827.1,1,1829.7,1,1831.0,1,1831.9,2,1832.0,1,1833.0,5,1833.2,1,1830.0
ec2504,,13:41:27.0#,1850.0,1875.0,1764.0,2189.1,1585.2,14931,17284.0,1825.0,2,1825.5,1,1826.1,1,1827.1,1,1829.7,1,1830.9,1,1831.9,2,1832.0,1,1833.0,5,1833.2,1,1831.0
ec2504,,13:41:27.500#,1850.0,1875.0,1764.0,2189.1,1585.2,14931,17284.0,1825.0,2,1825.5,1,1826.1,1,1827.1,1,1829.7,1,1830.9,1,1831.9,2,1832.0,1,1833.0,5,1833.2,1,1831.0
ec2504,,13:41:28.500#,1850.0,1875.0,1764.0,2189.1,1585.2,14931,17284.0,1825.0,2,1825.5,1,1826.1,1,1827.1,1,1829.7,1,1830.9,1,1831.9,2,1832.0,1,1833.0,5,1833.2,1,1831.0
ec2504,,13:41:29.0#,1850.0,1875.0,1764.0,2189.1,1585.2,14931,17284.0,1825.0,2,1825.5,1,1826.1,1,1827.1,1,1829.7,1,1831.9,2,1832.0,1,1833.0,5,1833.2,1,1833.5,1,1831.0
ec2504,,13:41:30.0#,1850.0,1875.0,1764.0,2189.1,1585.2,14931,17284.0,1825.0,2,1825.5,1,1826.1,1,1827.1,1,1829.7,1,1831.8,1,1831.9,2,1832.0,1,1833.0,5,1833.2,1,1831.0
ec2504,,13:41:31.0#,1850.0,1875.0,1764.0,2189.1,1585.2,14931,17284.0,1825.0,2,1825.5,1,1826.1,1,1827.1,1,1829.7,1,1831.7,1,1831.8,1,1831.9,2,1832.0,1,1833.0,5,1831.0
ec2504,,13:41:31.500#,1850.0,1875.0,1764.0,2189.1,1585.2,14931,17284.0,1825.0,2,1825.5,1,1826.1,1,1827.1,1,1829.7,1,1831.7,1,1831.8,1,1831.9,2,1832.0,1,1833.0,5,1831.0
ec2504,,13:41:32.0#,1850.0,1875.0,1764.0,2189.1,1585.2,14931,17284.0,1825.0,2,1825.5,1,1826.1,1,1827.1,1,1829.7,1,1831.6,1,1831.7,1,1831.9,2,1832.0,1,1833.0,5,1831.0
ec2504,,13:41:32.500#,1850.0,1875.0,1764.0,2189.1,1585.2,14931,17284.0,1825.0,2,1825.5,1,1826.1,1,1827.1,1,1829.7,1,1831.6,1,1831.9,2,1832.0,1,1833.0,5,1833.2,1,1831.0
ec2504,,13:41:33.0#,1850.0,1875.0,1764.0,2189.1,1585.2,14931,17284.0,1825.0,2,1825.5,1,1826.1,1,1827.1,1,1829.7,1,1831.6,1,1831.9,2,1832.0,1,1833.0,5,1833.2,1,1831.0
ec2504,,13:41:33.500#,1850.0,1875.0,1764.0,2189.1,1585.2,14931,17284.0,1825.0,2,1825.5,1,1826.1,1,1827.1,1,1829.7,1,1831.6,1,1831.9,2,1832.0,1,1833.0,5,1833.2,1,1831.0
ec2504,,13:41:34.0#,1850.0,1875.0,1764.0,2189.1,1585.2,14931,17284.0,1825.0,2,1825.5,1,1826.1,1,1827.1,1,1829.7,1,1831.6,1,1831.9,2,1832.0,1,1833.0,5,1833.2,1,1831.0
ec2504,,13:41:34.500#,1850.0,1875.0,1764.0,2189.1,1585.2,14933,17282.0,1823.1,1,1825.0,2,1825.5,1,1826.1,1,1827.1,1,1831.6,1,1831.9,2,1832.0,1,1833.0,5,1833.2,1,1829.7
ec2504,,13:41:35.0#,1850.0,1875.0,1764.0,2189.1,1585.2,14933,17282.0,1823.1,1,1825.0,2,1825.5,1,1826.1,1,1827.1,1,1829.7,1,1831.3,1,1831.5,1,1831.6,1,1831.9,2,1829.7
ec2504,,13:41:35.500#,1850.0,1875.0,1764.0,2189.1,1585.2,14933,17282.0,1823.1,1,1825.0,2,1825.5,1,1826.1,1,1827.1,1,1828.7,1,1829.9,1,1831.3,1,1831.6,1,1831.9,2,1829.7
ec2504,,13:41:36.0#,1850.0,1875.0,1764.0,2189.1,1585.2,14933,17282.0,1823.1,1,1825.0,2,1825.5,1,1826.1,1,1827.1,1,1827.7,1,1829.9,1,1831.9,2,1832.0,1,1833.0,5,1829.7
ec2504,,13:41:36.500#,1850.0,1875.0,1764.0,2189.1,1585.2,14934,17281.0,1823.0,3,1823.1,1,1825.0,2,1825.5,1,1826.1,1,1831.4,1,1831.8,3,1831.9,2,1832.0,1,1833.0,5,1827.1
ec2504,,13:41:37.0#,1850.0,1875.0,1764.0,2189.1,1585.2,14934,17281.0,1823.0,3,1823.1,1,1825.0,2,1825.5,1,1826.1,1,1831.3,1,1831.4,1,1831.8,2,1831.9,2,1832.0,1,1827.1
ec2504,,13:41:37.500#,1850.0,1875.0,1764.0,2189.1,1585.2,14935,17280.0,1823.0,3,1823.1,1,1825.0,2,1825.5,1,1826.1,1,1831.2,2,1831.3,1,1831.4,1,1831.9,2,1832.0,1,1830.7
ec2504,,13:41:38.0#,1850.0,1875.0,1764.0,2189.1,1585.2,14935,17280.0,1823.1,1,1825.0,2,1825.5,1,1826.1,1,1826.6,1,1829.7,1,1831.1,2,1831.2,2,1831.3,1,1831.9,2,1830.7
ec2504,,13:41:38.500#,1850.0,1875.0,1764.0,2189.1,1585.2,14935,17280.0,1823.1,1,1825.0,2,1825.5,1,1826.1,1,1826.6,1,1829.7,1,1830.2,1,1830.4,1,1831.2,2,1831.3,1,1830.7
ec2504,,13:41:39.0#,1850.0,1875.0,1764.0,2189.1,1585.2,14935,17280.0,1823.1,1,1825.0,2,1825.5,1,1826.1,1,1826.6,1,1829.4,1,1829.7,1,1830.4,1,1831.2,1,1831.3,1,1830.7
ec2504,,13:41:40.0#,1850.0,1875.0,1764.0,2189.1,1585.2,14935,17280.0,1823.1,1,1825.0,2,1825.5,1,1826.1,1,1826.6,1,1829.3,1,1831.2,1,1831.3,1,1831.9,2,1832.0,1,1830.7
ec2504,,13:41:41.0#,1850.0,1875.0,1764.0,2189.1,1585.2,14935,17280.0,1823.1,1,1825.0,2,1825.5,1,1826.1,1,1826.6,1,1827.7,1,1829.3,1,1829.4,1,1831.2,1,1831.3,1,1830.7
ec2504,,13:41:42.0#,1850.0,1875.0,1764.0,2189.1,1585.2,14935,17280.0,1823.1,1,1825.0,2,1825.5,1,1826.1,1,1826.6,1,1827.7,1,1829.4,1,1830.8,2,1831.2,1,1831.3,1,1830.7
ec2504,,13:41:42.500#,1850.0,1875.0,1764.0,2189.1,1585.2,14935,17280.0,1823.0,3,1823.1,1,1825.0,2,1825.5,1,1826.6,1,1827.7,1,1829.4,1,1830.8,2,1831.2,1,1831.3,1,1830.7
ec2504,,13:41:43.0#,1850.0,1875.0,1764.0,2189.1,1585.2,14936,17281.0,1823.1,1,1825.0,2,1825.5,1,1826.6,1,1827.7,9,1829.4,1,1830.8,2,1831.2,1,1831.3,1,1831.9,2,1827.7
ec2504,,13:41:44.0#,1850.0,1875.0,1764.0,2189.1,1585.2,14936,17281.0,1823.0,3,1823.1,1,1825.0,2,1825.5,1,1827.7,9,1829.4,1,1830.8,1,1831.2,1,1831.3,1,1831.9,2,1827.7
ec2504,,13:41:44.500#,1850.0,1875.0,1764.0,2189.1,1585.2,14936,17281.0,1823.1,1,1825.0,2,1825.5,1,1827.7,9,1828.2,1,1829.4,1,1830.8,1,1831.2,1,1831.3,1,1831.9,2,1827.7
ec2504,,13:41:46.0#,1850.0,1875.0,1764.0,2189.1,1585.2,14936,17281.0,1823.1,1,1825.0,2,1825.5,1,1827.7,9,1828.2,1,1829.4,1,1830.8,1,1831.2,1,1831.3,1,1831.9,2,1827.7
ec2504,,13:41:48.500#,1850.0,1875.0,1764.0,2189.1,1585.2,14936,17281.0,1823.1,1,1825.0,2,1825.5,1,1827.7,9,1828.2,1,1829.4,1,1830.8,1,1831.2,1,1831.3,1,1831.9,2,1827.7
ec2504,,13:41:49.0#,1850.0,1875.0,1764.0,2189.1,1585.2,14937,17281.0,1823.0,3,1823.1,1,1825.0,2,1825.5,1,1827.7,9,1829.4,1,1830.8,1,1831.2,1,1831.3,1,1831.9,2,1828.2
ec2504,,13:41:51.0#,1850.0,1875.0,1764.0,2189.1,1585.2,14937,17281.0,1823.1,1,1825.0,2,1825.5,1,1827.7,9,1827.8,1,1829.4,1,1830.8,1,1831.2,1,1831.3,1,1831.9,2,1828.2
ec2504,,13:41:53.500#,1850.0,1875.0,1764.0,2189.1,1585.2,14937,17281.0,1823.0,3,1823.1,1,1825.0,2,1825.5,1,1827.7,9,1829.4,1,1830.8,1,1831.2,1,1831.3,1,1831.9,2,1828.2
ec2504,,13:41:57.0#,1850.0,1875.0,1764.0,2189.1,1585.2,14937,17281.0,1823.0,3,1823.1,1,1825.0,2,1825.5,1,1827.7,9,1829.2,1,1829.4,1,1830.8,1,1831.2,1,1831.3,1,1828.2
ec2504,,13:41:58.0#,1850.0,1875.0,1764.0,2189.1,1585.2,14937,17281.0,1823.0,3,1823.1,1,1825.0,2,1825.5,1,1827.7,9,1829.1,1,1829.2,1,1829.4,1,1830.8,1,1831.2,1,1828.2
ec2504,,13:41:59.0#,1850.0,1875.0,1764.0,2189.1,1585.2,14937,17281.0,1823.0,3,1823.1,1,1825.0,2,1825.5,1,1827.7,9,1829.2,1,1829.4,1,1830.8,1,1831.2,1,1831.3,1,1828.2
ec2504,,13:41:59.500#,1850.0,1875.0,1764.0,2189.1,1585.2,14939,17283.0,1823.0,3,1823.1,1,1825.0,2,1825.5,1,1827.7,7,1829.2,1,1829.4,1,1830.8,1,1831.2,1,1831.3,1,1827.7
ec2504,,13:42:00.500#,1850.0,1875.0,1764.0,2189.1,1585.2,14939,17283.0,1823.0,3,1823.1,1,1825.0,2,1825.5,1,1827.7,7,1829.2,1,1829.4,1,1830.0,1,1830.8,1,1831.2,1,1827.7
ec2504,,13:42:01.500#,1850.0,1875.0,1764.0,2189.1,1585.2,14939,17283.0,1823.0,3,1823.1,1,1825.0,2,1825.5,1,1827.7,7,1829.2,1,1829.4,1,1830.0,1,1830.8,1,1831.2,1,1827.7
ec2504,,13:42:02.500#,1850.0,1875.0,1764.0,2189.1,1585.2,14939,17283.0,1823.0,3,1823.1,1,1825.0,2,1825.5,1,1827.7,7,1829.2,1,1829.4,1,1830.0,1,1830.8,1,1831.2,1,1827.7
ec2504,,13:42:03.0#,1850.0,1875.0,1764.0,2189.1,1585.2,14939,17283.0,1823.0,3,1823.1,1,1825.0,2,1825.5,1,1827.7,7,1829.2,1,1829.4,1,1830.0,1,1830.8,1,1831.2,1,1827.7
ec2504,,13:42:04.0#,1850.0,1875.0,1764.0,2189.1,1585.2,14939,17283.0,1823.0,3,1823.1,1,1825.0,2,1825.5,1,1827.7,7,1829.2,1,1829.4,1,1830.0,3,1830.8,1,1831.2,1,1827.7
ec2504,,13:42:05.0#,1850.0,1875.0,1764.0,2189.1,1585.2,14939,17283.0,1821.0,4,1823.0,3,1823.1,1,1825.0,2,1825.5,1,1829.2,1,1829.4,1,1830.0,3,1830.8,1,1831.2,1,1827.7
ec2504,,13:42:05.500#,1850.0,1875.0,1764.0,2189.1,1585.2,14939,17283.0,1823.0,3,1823.1,1,1825.0,2,1825.5,1,1825.6,1,1829.2,1,1829.4,1,1830.0,3,1830.8,1,1831.2,1,1827.7
ec2504,,13:42:06.0#,1850.0,1875.0,1764.0,2189.1,1585.2,14939,17283.0,1821.0,4,1823.0,3,1823.1,1,1825.0,2,1825.5,1,1829.2,1,1829.4,1,1830.0,3,1831.2,1,1831.3,1,1827.7
ec2504,,13:42:06.500#,1850.0,1875.0,1764.0,2189.1,1585.2,14939,17283.0,1823.0,3,1823.1,1,1825.0,2,1825.5,1,1825.6,1,1829.2,1,1829.4,1,1830.0,3,1831.2,1,1831.3,1,1827.7
ec2504,,13:42:09.0#,1850.0,1875.0,1764.0,2189.1,1585.2,14939,17283.0,1823.0,3,1823.1,1,1825.0,2,1825.5,1,1825.6,1,1829.2,1,1829.4,1,1830.0,3,1831.2,1,1831.3,1,1827.7
ec2504,,13:42:09.500#,1850.0,1875.0,1764.0,2189.1,1585.2,14939,17283.0,1821.0,4,1823.0,3,1823.1,1,1825.0,2,1825.5,1,1829.2,1,1829.4,1,1830.0,3,1831.2,1,1831.3,1,1827.7
ec2504,,13:42:11.0#,1850.0,1875.0,1764.0,2189.1,1585.2,14939,17283.0,1823.0,3,1823.1,1,1825.0,2,1825.5,1,1827.7,1,1829.2,1,1829.4,1,1830.0,3,1831.2,1,1831.3,1,1827.7
ec2504,,13:42:14.0#,1850.0,1875.0,1764.0,2189.1,1585.2,14940,17283.0,1821.0,4,1823.0,3,1823.1,1,1825.0,2,1825.5,1,1829.3,1,1829.4,1,1830.0,3,1831.2,1,1831.3,1,1827.7
ec2504,,13:42:17.500#,1850.0,1875.0,1764.0,2189.1,1585.2,14940,17283.0,1821.0,4,1823.0,3,1823.1,1,1825.0,2,1825.5,1,1829.3,1,1829.4,1,1829.8,1,1830.0,3,1831.2,1,1827.7
ec2504,,13:42:19.0#,1850.0,1875.0,1764.0,2189.1,1585.2,14940,17283.0,1822.6,1,1823.0,3,1823.1,1,1825.0,2,1825.5,1,1828.6,1,1829.2,1,1829.3,1,1829.4,1,1829.8,1,1827.7
ec2504,,13:42:21.0#,1850.0,1875.0,1764.0,2189.1,1585.2,14940,17283.0,1822.6,1,1823.0,3,1823.1,1,1825.0,2,1825.5,1,1828.1,1,1828.3,1,1828.6,1,1829.4,1,1829.8,1,1827.7
ec2504,,13:42:22.0#,1850.0,1875.0,1764.0,2189.1,1585.2,14943,17284.0,1820.4,1,1821.0,4,1822.6,1,1823.0,3,1823.1,1,1827.7,1,1827.8,1,1828.0,1,1829.4,1,1829.8,1,1825.0
ec2504,,13:42:22.500#,1850.0,1875.0,1764.0,2189.1,1585.2,14943,17284.0,1820.4,1,1821.0,4,1822.6,1,1823.0,3,1823.1,1,1824.2,1,1827.8,1,1829.4,1,1829.8,1,1830.0,3,1825.0
ec2504,,13:42:23.0#,1850.0,1875.0,1764.0,2189.1,1585.2,14944,17285.0,1820.0,4,1820.4,1,1821.0,4,1822.6,1,1823.0,3,1824.1,1,1824.2,1,1825.5,1,1827.1,1,1829.4,1,1823.1
ec2504,,13:42:23.500#,1850.0,1875.0,1764.0,2189.1,1585.2,14945,17286.0,1820.0,4,1820.4,1,1821.0,4,1822.6,1,1823.0,2,1824.2,1,1824.5,1,1827.1,1,1829.4,1,1829.8,1,1823.0
ec2504,,13:42:24.0#,1850.0,1875.0,1764.0,2189.1,1585.2,14945,17286.0,1820.0,4,1820.4,1,1821.0,4,1822.6,1,1823.0,2,1823.5,1,1824.1,1,1824.2,1,1827.1,1,1829.4,1,1823.0
ec2504,,13:42:24.500#,1850.0,1875.0,1764.0,2189.1,1585.2,14947,17286.0,1818.1,2,1820.0,4,1820.4,1,1821.0,4,1822.6,1,1824.2,1,1827.1,1,1829.4,1,1829.8,1,1830.0,3,1823.0
ec2504,,13:42:26.0#,1850.0,1875.0,1764.0,2189.1,1585.2,14948,17286.0,1818.1,2,1820.0,4,1820.4,1,1821.0,4,1822.6,1,1827.0,1,1827.1,1,1829.4,1,1829.8,1,1830.0,3,1824.2
ec2504,,13:42:27.0#,1850.0,1875.0,1764.0,2189.1,1585.2,14949,17287.0,1817.7,1,1818.1,2,1820.0,4,1820.4,1,1821.0,4,1826.9,3,1827.0,1,1827.1,1,1829.4,1,1829.8,1,1822.6
ec2504,,13:42:27.500#,1850.0,1875.0,1764.0,2189.1,1585.2,14949,17287.0,1817.7,1,1818.1,2,1820.0,4,1820.4,1,1821.0,4,1826.6,1,1826.7,1,1826.8,1,1826.9,2,1827.1,1,1822.6
ec2504,,13:42:28.0#,1850.0,1875.0,1764.0,2189.1,1585.2,14949,17287.0,1817.7,1,1818.1,2,1820.0,4,1820.4,1,1821.0,4,1826.4,2,1826.5,2,1826.6,1,1826.7,1,1826.9,1,1822.6
ec2504,,13:42:28.500#,1850.0,1875.0,1764.0,2189.1,1585.2,14949,17287.0,1817.7,1,1818.1,2,1820.0,4,1820.4,1,1821.0,4,1825.9,1,1826.1,1,1826.2,2,1826.3,1,1826.4,3,1822.6
ec2504,,13:42:29.0#,1850.0,1875.0,1764.0,2189.1,1585.2,14949,17287.0,1817.7,1,1818.1,2,1820.0,4,1820.4,1,1821.0,4,1825.7,1,1825.8,1,1825.9,1,1826.1,1,1826.2,2,1822.6
ec2504,,13:42:30.500#,1850.0,1875.0,1764.0,2189.1,1585.2,14949,17287.0,1817.7,1,1818.1,2,1820.0,4,1820.4,1,1821.0,4,1825.0,1,1825.1,1,1825.4,1,1825.5,2,1826.1,1,1822.6
ec2504,,13:42:31.0#,1850.0,1875.0,1764.0,2189.1,1585.2,14949,17287.0,1817.7,1,1818.1,2,1820.0,4,1820.4,1,1821.0,4,1824.9,1,1825.0,1,1825.1,1,1825.4,1,1826.1,1,1822.6
ec2504,,13:42:31.500#,1850.0,1875.0,1764.0,2189.1,1585.2,14949,17287.0,1817.7,1,1818.1,2,1820.0,4,1820.4,1,1821.0,4,1824.8,1,1824.9,1,1825.1,1,1826.1,1,1826.2,1,1822.6
ec2504,,13:42:32.0#,1850.0,1875.0,1764.0,2189.1,1585.2,14949,17287.0,1817.7,1,1818.1,2,1820.0,4,1820.4,1,1821.0,4,1824.7,1,1824.8,1,1825.1,1,1826.1,1,1826.2,1,1822.6
ec2504,,13:42:32.500#,1850.0,1875.0,1764.0,2189.1,1585.2,14949,17287.0,1818.1,2,1820.0,4,1820.4,1,1821.0,4,1821.3,1,1824.6,1,1824.7,1,1825.1,1,1826.1,1,1826.2,1,1822.6
ec2504,,13:42:33.0#,1850.0,1875.0,1764.0,2189.1,1585.2,14949,17287.0,1818.1,2,1820.0,4,1820.4,1,1821.0,4,1821.3,1,1824.5,1,1824.6,1,1825.1,1,1826.1,1,1826.4,1,1822.6
ec2504,,13:42:33.500#,1850.0,1875.0,1764.0,2189.1,1585.2,14950,17286.0,1817.7,1,1818.1,2,1820.0,4,1820.4,1,1821.0,4,1824.4,1,1824.5,1,1825.1,1,1826.4,1,1829.4,1,1821.3
ec2504,,13:42:34.0#,1850.0,1875.0,1764.0,2189.1,1585.2,14950,17286.0,1818.1,2,1820.0,4,1820.4,1,1821.0,4,1821.3,1,1824.3,1,1824.4,1,1824.5,1,1825.1,1,1826.4,1,1821.3
ec2504,,13:42:34.500#,1850.0,1875.0,1764.0,2189.1,1585.2,14951,17286.0,1817.7,1,1818.1,2,1820.0,4,1820.4,1,1821.0,4,1824.2,1,1824.3,1,1825.1,1,1826.4,1,1829.4,1,1821.3
ec2504,,13:42:35.0#,1850.0,1875.0,1764.0,2189.1,1585.2,14951,17286.0,1817.7,1,1818.1,2,1820.0,4,1820.4,1,1821.0,4,1824.1,1,1824.2,1,1825.1,1,1826.4,1,1829.4,1,1821.3
ec2504,,13:42:35.500#,1850.0,1875.0,1764.0,2189.1,1585.2,14951,17286.0,1817.7,1,1818.1,2,1820.0,4,1820.4,1,1821.0,4,1824.1,1,1825.1,1,1826.4,1,1829.4,1,1829.8,1,1821.3
ec2504,,13:42:36.500#,1850.0,1875.0,1764.0,2189.1,1585.2,14951,17286.0,1817.7,1,1818.1,2,1820.0,4,1820.4,1,1821.0,4,1825.1,1,1826.4,1,1829.4,1,1829.8,1,1830.0,3,1821.3
ec2504,,13:42:37.0#,1850.0,1875.0,1764.0,2189.1,1585.2,14951,17286.0,1818.1,2,1820.0,4,1820.4,1,1821.0,4,1821.1,2,1826.4,1,1829.4,1,1829.8,1,1830.0,3,1831.9,2,1821.3
ec2504,,13:42:37.500#,1850.0,1875.0,1764.0,2189.1,1585.2,14952,17287.0,1820.4,1,1821.0,4,1821.1,2,1821.2,2,1821.8,1,1829.3,1,1829.4,1,1829.8,1,1830.0,3,1831.9,2,1826.4
ec2504,,13:42:38.0#,1850.0,1875.0,1764.0,2189.1,1585.2,14953,17287.0,1818.1,2,1820.0,4,1820.4,1,1821.0,4,1821.9,1,1829.3,1,1829.4,1,1829.8,1,1830.0,3,1831.9,2,1824.4
ec2504,,13:42:38.500#,1850.0,1875.0,1764.0,2189.1,1585.2,14953,17287.0,1820.0,4,1820.4,1,1821.0,4,1821.9,1,1822.0,2,1829.1,1,1829.2,2,1829.4,1,1829.8,1,1830.0,3,1824.4
ec2504,,13:42:39.0#,1850.0,1875.0,1764.0,2189.1,1585.2,14954,17288.0,1820.4,1,1821.0,4,1821.3,1,1822.0,2,1822.1,1,1829.2,3,1829.4,1,1829.8,1,1830.0,3,1831.9,2,1829.1
ec2504,,13:42:39.500#,1850.0,1875.0,1764.0,2189.1,1585.2,14954,17288.0,1820.4,1,1821.0,4,1821.3,1,1822.1,1,1824.0,1,1829.1,2,1829.2,1,1829.4,1,1829.8,1,1830.0,3,1829.1
ec2504,,13:42:40.0#,1850.0,1875.0,1764.0,2189.1,1585.2,14954,17288.0,1820.4,1,1821.0,4,1821.3,1,1822.1,1,1824.0,1,1828.8,1,1829.0,1,1829.1,1,1829.2,1,1829.4,1,1829.1
ec2504,,13:42:41.0#,1850.0,1875.0,1764.0,2189.1,1585.2,14954,17288.0,1821.0,4,1821.3,1,1821.8,1,1824.0,1,1824.1,1,1828.7,1,1828.8,1,1829.4,1,1829.8,1,1830.0,3,1829.1
ec2504,,13:42:41.500#,1850.0,1875.0,1764.0,2189.1,1585.2,14954,17288.0,1821.0,4,1821.3,1,1821.8,1,1824.0,1,1824.1,1,1828.6,1,1828.7,1,1829.4,1,1829.8,1,1830.0,3,1829.1
ec2504,,13:42:42.0#,1850.0,1875.0,1764.0,2189.1,1585.2,14954,17288.0,1820.4,1,1821.0,4,1821.3,1,1824.0,1,1824.1,1,1828.6,1,1828.7,1,1829.4,1,1829.8,1,1830.0,3,1829.1
ec2504,,13:42:42.500#,1850.0,1875.0,1764.0,2189.1,1585.2,14954,17288.0,1821.0,4,1821.3,1,1824.0,1,1824.1,1,1824.2,1,1828.2,1,1828.3,1,1828.7,1,1829.4,1,1829.8,1,1829.1
ec2504,,13:42:43.0#,1850.0,1875.0,1764.0,2189.1,1585.2,14954,17288.0,1821.0,4,1821.3,1,1824.0,1,1824.1,1,1824.2,1,1828.2,1,1829.4,1,1829.8,1,1830.0,3,1831.8,1,1829.1
ec2504,,13:42:43.500#,1850.0,1875.0,1764.0,2189.1,1585.2,14954,17288.0,1820.4,1,1821.0,4,1821.3,1,1824.0,1,1824.3,1,1828.1,1,1829.4,1,1829.8,1,1830.0,3,1831.4,1,1829.1
ec2504,,13:42:44.0#,1850.0,1875.0,1764.0,2189.1,1585.2,14954,17288.0,1821.0,4,1821.3,1,1822.0,1,1824.0,1,1824.3,1,1827.6,1,1829.3,1,1829.4,1,1829.8,1,1830.0,3,1829.1
ec2504,,13:42:44.500#,1850.0,1875.0,1764.0,2189.1,1585.2,14954,17288.0,1821.0,4,1821.3,1,1822.0,1,1824.0,1,1824.3,1,1827.6,1,1828.2,5,1829.3,1,1829.4,1,1829.8,1,1829.1
ec2504,,13:42:45.0#,1850.0,1875.0,1764.0,2189.1,1585.2,14954,17288.0,1821.0,4,1821.3,1,1822.0,1,1824.0,1,1824.3,1,1827.6,1,1828.2,5,1829.4,1,1829.8,1,1830.0,3,1829.1
ec2504,,13:42:45.500#,1850.0,1875.0,1764.0,2189.1,1585.2,14954,17288.0,1821.0,4,1821.3,1,1822.0,1,1824.0,1,1824.3,1,1827.5,1,1827.6,1,1828.2,5,1829.4,1,1829.8,1,1829.1
ec2504,,13:42:46.0#,1850.0,1875.0,1764.0,2189.1,1585.2,14954,17288.0,1820.4,1,1821.0,4,1821.3,1,1822.0,1,1824.0,1,1827.5,1,1827.6,1,1828.2,5,1829.4,1,1829.8,1,1829.1
ec2504,,13:42:46.500#,1850.0,1875.0,1764.0,2189.1,1585.2,14954,17288.0,1820.4,1,1821.0,4,1821.3,1,1822.0,1,1824.0,1,1826.4,1,1828.2,5,1829.4,1,1829.8,1,1830.0,3,1829.1
ec2504,,13:42:47.0#,1850.0,1875.0,1764.0,2189.1,1585.2,14954,17288.0,1821.0,4,1821.3,1,1822.0,1,1824.0,1,1824.1,1,1826.4,1,1828.2,5,1829.4,1,1829.8,1,1830.0,3,1829.1
ec2504,,13:42:48.500#,1850.0,1875.0,1764.0,2189.1,1585.2,14954,17288.0,1821.0,4,1821.3,1,1822.0,1,1824.0,1,1824.1,1,1826.4,1,1828.2,5,1829.1,1,1829.4,1,1829.8,1,1829.1
ec2504,,13:42:49.500#,1850.0,1875.0,1764.0,2189.1,1585.2,14954,17288.0,1821.0,4,1821.3,1,1822.0,1,1824.0,1,1824.1,1,1826.4,1,1828.2,5,1829.4,1,1829.8,1,1830.0,3,1829.1
ec2504,,13:42:50.0#,1850.0,1875.0,1764.0,2189.1,1585.2,14954,17288.0,1821.0,4,1821.3,1,1822.0,1,1824.0,1,1824.1,1,1826.4,1,1828.2,5,1829.4,1,1829.8,1,1830.0,3,1829.1
ec2504,,13:42:50.500#,1850.0,1875.0,1764.0,2189.1,1585.2,14954,17288.0,1821.0,4,1821.3,1,1822.0,1,1824.0,1,1824.1,1,1826.4,1,1828.2,5,1829.4,1,1829.8,1,1830.0,4,1829.1
ec2504,,13:42:51.0#,1850.0,1875.0,1764.0,2189.1,1585.2,14954,17288.0,1821.0,4,1821.3,1,1822.0,1,1824.0,1,1824.1,1,1826.4,1,1828.2,5,1829.4,1,1829.8,1,1830.0,4,1829.1
ec2504,,13:42:54.0#,1850.0,1875.0,1764.0,2189.1,1585.2,14955,17289.0,1821.0,4,1821.3,1,1822.0,2,1824.0,1,1824.1,1,1828.2,5,1829.4,1,1829.8,1,1830.0,4,1831.4,1,1828.5
ec2504,,13:42:54.500#,1850.0,1875.0,1764.0,2189.1,1585.2,14955,17289.0,1822.0,2,1824.0,1,1824.1,1,1824.2,2,1824.3,1,1828.2,5,1829.4,1,1829.8,1,1830.0,4,1831.4,1,1828.5
ec2504,,13:42:55.0#,1850.0,1875.0,1764.0,2189.1,1585.2,14955,17289.0,1821.3,1,1822.0,2,1824.0,2,1824.1,1,1824.3,1,1828.1,1,1828.2,5,1829.4,1,1829.8,1,1830.0,4,1828.5
ec2504,,13:42:55.500#,1850.0,1875.0,1764.0,2189.1,1585.2,14955,17289.0,1822.0,2,1824.0,1,1824.1,1,1824.4,1,1824.5,1,1828.1,1,1828.2,5,1829.4,1,1829.8,1,1830.0,4,1828.5
ec2504,,13:42:56.0#,1850.0,1875.0,1764.0,2189.1,1585.2,14955,17289.0,1822.0,2,1824.0,1,1824.1,1,1824.4,1,1824.5,1,1828.1,1,1828.2,5,1829.4,1,1829.8,1,1830.0,4,1828.5
ec2504,,13:42:56.500#,1850.0,1875.0,1764.0,2189.1,1585.2,14955,17289.0,1821.3,1,1822.0,2,1824.0,1,1824.1,1,1824.5,1,1828.1,1,1828.2,5,1829.4,1,1829.8,1,1830.0,4,1828.5
ec2504,,13:42:57.500#,1850.0,1875.0,1764.0,2189.1,1585.2,14956,17290.0,1821.0,4,1821.3,1,1822.0,2,1824.0,1,1824.1,1,1828.2,5,1829.4,1,1829.8,1,1830.0,4,1831.4,1,1824.5
ec2504,,13:42:58.0#,1850.0,1875.0,1764.0,2189.1,1585.2,14957,17289.0,1821.3,1,1822.0,2,1824.0,1,1824.1,1,1824.2,2,1828.2,4,1829.4,1,1829.8,1,1830.0,4,1831.4,1,1828.2
ec2504,,13:42:58.500#,1850.0,1875.0,1764.0,2189.1,1585.2,14957,17289.0,1821.3,1,1822.0,2,1824.0,1,1824.1,1,1824.2,2,1828.2,4,1829.4,1,1829.8,1,1830.0,4,1831.4,1,1828.2
ec2504,,13:42:59.0#,1850.0,1875.0,1764.0,2189.1,1585.2,14957,17289.0,1821.3,1,1822.0,2,1824.0,1,1824.1,1,1824.3,1,1828.2,4,1829.4,1,1829.8,1,1830.0,4,1831.4,1,1828.2
ec2504,,13:42:59.500#,1850.0,1875.0,1764.0,2189.1,1585.2,14957,17289.0,1822.0,2,1824.0,1,1824.1,1,1824.3,1,1824.4,2,1828.2,4,1829.4,1,1829.8,1,1830.0,4,1831.4,1,1828.2
ec2504,,13:43:00.0#,1850.0,1875.0,1764.0,2189.1,1585.2,14957,17289.0,1822.0,2,1824.0,1,1824.1,1,1824.3,1,1824.4,2,1828.2,4,1829.4,1,1829.8,1,1830.0,4,1831.4,1,1828.2
ec2504,,13:43:00.500#,1850.0,1875.0,1764.0,2189.1,1585.2,14957,17289.0,1824.0,1,1824.1,1,1824.3,1,1824.4,2,1824.5,1,1828.2,4,1829.4,1,1829.8,1,1830.0,4,1831.4,1,1828.2
ec2504,,13:43:01.0#,1850.0,1875.0,1764.0,2189.1,1585.2,14957,17289.0,1824.0,1,1824.1,1,1824.3,1,1824.5,1,1824.6,2,1828.2,4,1829.4,1,1829.8,1,1830.0,4,1831.4,1,1828.2
ec2504,,13:43:02.0#,1850.0,1875.0,1764.0,2189.1,1585.2,14957,17289.0,1822.0,2,1824.0,1,1824.1,1,1824.3,1,1824.6,2,1828.2,4,1829.4,1,1829.8,1,1830.0,4,1831.4,1,1828.2
ec2504,,13:43:02.500#,1850.0,1875.0,1764.0,2189.1,1585.2,14957,17289.0,1822.0,2,1824.0,1,1824.1,1,1824.3,1,1824.7,1,1828.1,2,1828.2,4,1829.4,1,1829.8,1,1830.0,4,1828.2
ec2504,,13:43:03.0#,1850.0,1875.0,1764.0,2189.1,1585.2,14957,17289.0,1824.0,1,1824.1,1,1824.3,1,1824.7,1,1824.8,2,1828.1,2,1828.2,4,1829.4,1,1829.8,1,1830.0,4,1828.2
ec2504,,13:43:03.500#,1850.0,1875.0,1764.0,2189.1,1585.2,14957,17289.0,1822.0,2,1824.0,1,1824.1,1,1824.3,1,1824.7,1,1828.1,2,1828.2,4,1829.4,1,1829.8,1,1830.0,4,1828.2
ec2504,,13:43:05.0#,1850.0,1875.0,1764.0,2189.1,1585.2,14957,17289.0,1824.0,2,1824.1,1,1824.3,1,1824.7,1,1824.8,2,1828.1,2,1828.2,4,1829.4,1,1829.8,1,1830.0,4,1828.2
ec2504,,13:43:06.500#,1850.0,1875.0,1764.0,2189.1,1585.2,14957,17289.0,1824.1,1,1824.3,1,1824.7,1,1824.8,2,1825.0,1,1828.1,2,1828.2,4,1829.4,1,1829.8,1,1830.0,4,1828.2
ec2504,,13:43:07.0#,1850.0,1875.0,1764.0,2189.1,1585.2,14957,17289.0,1824.0,2,1824.1,1,1824.3,1,1824.7,1,1825.0,1,1828.1,2,1828.2,4,1829.4,1,1829.8,1,1830.0,4,1828.2
ec2504,,13:43:07.500#,1850.0,1875.0,1764.0,2189.1,1585.2,14957,17289.0,1824.0,2,1824.1,1,1824.3,1,1824.7,1,1825.0,1,1828.1,2,1828.2,4,1829.4,1,1829.8,1,1830.0,4,1828.2
ec2504,,13:43:08.0#,1850.0,1875.0,1764.0,2189.1,1585.2,14957,17289.0,1824.0,2,1824.1,2,1824.3,1,1824.7,1,1825.0,1,1828.1,2,1828.2,4,1829.4,1,1829.8,1,1830.0,4,1828.2
ec2504,,13:43:08.500#,1850.0,1875.0,1764.0,2189.1,1585.2,14959,17290.0,1822.0,2,1824.0,2,1824.1,2,1824.3,1,1824.7,1,1828.1,1,1828.2,4,1829.4,1,1829.8,1,1830.0,4,1828.1
ec2504,,13:43:09.0#,1850.0,1875.0,1764.0,2189.1,1585.2,14959,17290.0,1822.0,2,1824.0,2,1824.1,2,1824.3,1,1824.7,1,1828.1,1,1828.2,4,1829.4,1,1829.8,1,1830.0,4,1828.1
ec2504,,13:43:09.500#,1850.0,1875.0,1764.0,2189.1,1585.2,14959,17290.0,1822.0,2,1824.0,2,1824.1,2,1824.3,1,1824.7,1,1828.1,1,1828.2,4,1829.4,1,1829.8,1,1830.0,4,1828.1
ec2504,,13:43:11.0#,1850.0,1875.0,1764.0,2189.1,1585.2,14960,17290.0,1821.3,1,1822.0,2,1824.0,2,1824.1,2,1824.3,1,1824.7,4,1828.1,1,1828.2,4,1829.4,1,1829.8,1,1824.7
ec2504,,13:43:12.0#,1850.0,1875.0,1764.0,2189.1,1585.2,14960,17290.0,1821.3,1,1822.0,2,1824.0,2,1824.1,2,1824.3,1,1824.7,4,1828.1,1,1828.2,4,1829.4,1,1829.8,1,1824.7
ec2504,,13:43:14.0#,1850.0,1875.0,1764.0,2189.1,1585.2,14962,17290.0,1821.3,1,1822.0,2,1824.0,2,1824.1,2,1824.3,1,1824.7,2,1828.1,1,1828.2,4,1829.4,1,1829.8,1,1824.7
ec2504,,13:43:16.500#,1850.0,1875.0,1764.0,2189.1,1585.2,14962,17290.0,1821.3,1,1822.0,2,1824.0,1,1824.1,2,1824.3,1,1824.7,2,1828.1,1,1828.2,4,1829.4,1,1829.8,1,1824.7
ec2504,,13:43:17.500#,1850.0,1875.0,1764.0,2189.1,1585.2,14963,17290.0,1821.3,1,1822.0,2,1824.0,1,1824.1,2,1824.3,1,1824.7,1,1828.1,1,1828.2,4,1829.4,1,1829.8,1,1824.7
ec2504,,13:43:18.0#,1850.0,1875.0,1764.0,2189.1,1585.2,14963,17290.0,1821.3,1,1822.0,2,1824.0,1,1824.1,2,1824.3,1,1824.7,1,1828.1,1,1828.2,4,1829.4,1,1829.8,1,1824.7
ec2504,,13:43:18.500#,1850.0,1875.0,1764.0,2189.1,1585.2,14963,17290.0,1821.3,1,1822.0,2,1824.0,1,1824.1,2,1824.3,1,1824.7,1,1828.1,1,1828.2,4,1829.4,1,1829.8,1,1824.7
ec2504,,13:43:19.0#,1850.0,1875.0,1764.0,2189.1,1585.2,14963,17290.0,1821.3,1,1822.0,2,1824.0,1,1824.1,2,1824.3,1,1824.7,2,1828.1,1,1828.2,4,1829.4,1,1829.8,1,1824.7
ec2504,,13:43:19.500#,1850.0,1875.0,1764.0,2189.1,1585.2,14963,17290.0,1821.8,1,1822.0,2,1824.0,1,1824.1,2,1824.3,1,1824.7,2,1828.1,1,1828.2,4,1829.4,1,1829.8,1,1824.7
ec2504,,13:43:20.0#,1850.0,1875.0,1764.0,2189.1,1585.2,14963,17290.0,1821.8,1,1822.0,2,1824.0,1,1824.1,2,1824.3,1,1824.7,2,1828.1,1,1828.2,4,1829.4,1,1829.8,1,1824.7
ec2504,,13:43:20.500#,1850.0,1875.0,1764.0,2189.1,1585.2,14963,17290.0,1821.3,1,1821.8,1,1822.0,2,1824.0,1,1824.1,2,1824.7,2,1828.1,1,1828.2,4,1829.4,1,1829.8,1,1824.7
ec2504,,13:43:21.0#,1850.0,1875.0,1764.0,2189.1,1585.2,14963,17290.0,1821.3,1,1821.8,1,1822.0,2,1824.0,1,1824.1,1,1824.7,2,1828.1,1,1828.2,4,1829.4,1,1829.8,1,1824.7
ec2504,,13:43:21.500#,1850.0,1875.0,1764.0,2189.1,1585.2,14964,17291.0,1821.0,4,1821.3,1,1821.8,1,1822.0,2,1824.0,1,1824.7,2,1828.1,1,1828.2,4,1829.4,1,1829.8,1,1824.1
ec2504,,13:43:22.0#,1850.0,1875.0,1764.0,2189.1,1585.2,14964,17291.0,1821.0,4,1821.3,1,1821.8,1,1822.0,2,1824.0,1,1824.1,1,1824.7,2,1828.1,1,1828.2,4,1829.4,1,1824.1
ec2504,,13:43:23.500#,1850.0,1875.0,1764.0,2189.1,1585.2,14964,17291.0,1821.0,4,1821.3,1,1821.8,1,1822.0,2,1824.0,1,1824.1,1,1824.7,2,1828.1,1,1828.2,4,1829.4,1,1824.1
ec2504,,13:43:25.0#,1850.0,1875.0,1764.0,2189.1,1585.2,14965,17291.0,1820.4,1,1821.0,4,1821.3,1,1821.8,1,1822.0,2,1824.1,1,1824.7,2,1828.1,1,1828.2,4,1829.4,1,1824.0
ec2504,,13:43:25.500#,1850.0,1875.0,1764.0,2189.1,1585.2,14966,17290.0,1820.4,1,1821.0,4,1821.3,1,1821.8,1,1822.0,2,1824.7,2,1828.1,1,1828.2,4,1829.4,1,1829.8,1,1824.1
ec2504,,13:43:27.0#,1850.0,1875.0,1764.0,2189.1,1585.2,14966,17290.0,1820.0,7,1820.4,1,1821.0,4,1821.8,1,1822.0,2,1824.7,2,1828.1,1,1828.2,4,1829.4,1,1829.8,1,1824.1
ec2504,,13:43:27.500#,1850.0,1875.0,1764.0,2189.1,1585.2,14966,17290.0,1820.0,7,1820.4,1,1821.0,4,1821.8,1,1822.0,2,1824.3,1,1824.7,2,1828.1,1,1828.2,4,1829.4,1,1824.1
ec2504,,13:43:28.0#,1850.0,1875.0,1764.0,2189.1,1585.2,14966,17290.0,1820.0,7,1820.4,1,1821.0,4,1821.8,1,1822.0,2,1824.3,1,1824.7,2,1828.1,1,1828.2,4,1829.4,1,1824.1
ec2504,,13:43:29.0#,1850.0,1875.0,1764.0,2189.1,1585.2,14966,17290.0,1820.4,1,1821.0,4,1821.8,1,1822.0,2,1822.1,1,1824.3,1,1824.7,2,1828.1,1,1828.2,4,1829.4,1,1824.1
ec2504,,13:43:29.500#,1850.0,1875.0,1764.0,2189.1,1585.2,14966,17290.0,1820.4,1,1821.0,4,1821.8,1,1822.0,2,1822.1,1,1824.3,1,1824.7,2,1828.1,1,1828.2,4,1829.4,1,1824.1
ec2504,,13:43:30.0#,1850.0,1875.0,1764.0,2189.1,1585.2,14966,17290.0,1820.4,1,1821.0,4,1821.8,1,1822.0,3,1822.1,1,1824.3,1,1824.7,2,1828.1,1,1828.2,4,1829.4,1,1824.1
ec2504,,13:43:32.0#,1850.0,1875.0,1764.0,2189.1,1585.2,14966,17290.0,1820.4,1,1821.0,4,1821.8,1,1822.0,3,1822.1,1,1822.4,1,1824.3,1,1824.7,2,1828.1,1,1828.2,4,1824.1
ec2504,,13:43:32.500#,1850.0,1875.0,1764.0,2189.1,1585.2,14967,17290.0,1820.4,1,1821.0,4,1821.8,1,1822.0,3,1822.1,1,1824.3,1,1824.7,2,1828.1,1,1828.2,4,1829.4,1,1822.4
ec2504,,13:43:33.0#,1850.0,1875.0,1764.0,2189.1,1585.2,14967,17290.0,1820.4,1,1821.0,4,1821.8,1,1822.0,3,1822.1,1,1824.3,1,1824.7,2,1828.1,1,1828.2,4,1829.4,1,1822.4
ec2504,,13:43:34.0#,1850.0,1875.0,1764.0,2189.1,1585.2,14967,17290.0,1820.4,1,1821.0,4,1821.8,1,1822.0,3,1822.1,1,1824.3,1,1824.7,2,1828.1,1,1828.2,4,1829.4,1,1822.4
ec2504,,13:43:36.500#,1850.0,1875.0,1764.0,2189.1,1585.2,14967,17290.0,1820.4,1,1821.0,4,1821.8,1,1822.0,3,1822.1,1,1824.3,1,1824.7,2,1828.1,1,1828.2,4,1829.4,1,1822.4
ec2504,,13:43:37.0#,1850.0,1875.0,1764.0,2189.1,1585.2,14967,17290.0,1820.4,1,1821.0,4,1821.8,1,1822.0,3,1822.1,1,1824.3,1,1824.7,2,1828.1,1,1828.2,4,1829.4,1,1822.4
ec2504,,13:43:38.500#,1850.0,1875.0,1764.0,2189.1,1585.2,14968,17290.0,1820.4,1,1821.0,4,1821.8,1,1822.0,3,1822.1,1,1824.3,1,1824.7,2,1828.1,1,1828.2,4,1829.4,1,1822.1
ec2504,,13:43:39.500#,1850.0,1875.0,1764.0,2189.1,1585.2,14969,17291.0,1820.4,1,1821.0,4,1821.8,1,1822.0,3,1822.2,1,1824.2,1,1824.3,1,1824.7,2,1828.1,1,1828.2,4,1822.1
ec2504,,13:43:40.0#,1850.0,1875.0,1764.0,2189.1,1585.2,14969,17291.0,1820.4,1,1821.0,4,1821.8,1,1822.0,5,1822.2,1,1824.2,1,1824.3,1,1824.7,2,1828.1,1,1828.2,4,1822.1
ec2504,,13:43:40.500#,1850.0,1875.0,1764.0,2189.1,1585.2,14970,17291.0,1820.0,6,1820.4,1,1821.0,4,1821.8,1,1822.0,5,1822.2,4,1824.2,1,1824.3,1,1824.7,2,1828.1,1,1822.2
ec2504,,13:43:41.0#,1850.0,1875.0,1764.0,2189.1,1585.2,14971,17291.0,1820.0,6,1820.4,1,1821.0,4,1821.8,1,1822.0,4,1822.2,4,1824.3,1,1824.7,2,1828.1,1,1828.2,4,1822.0
ec2504,,13:43:41.500#,1850.0,1875.0,1764.0,2189.1,1585.2,14973,17290.0,1820.0,6,1820.4,1,1821.0,4,1821.8,1,1822.0,2,1822.1,1,1822.2,4,1824.3,1,1824.7,2,1828.1,1,1822.0
ec2504,,13:43:42.0#,1850.0,1875.0,1764.0,2189.1,1585.2,14975,17288.0,1818.1,2,1820.0,6,1820.4,1,1821.0,4,1821.8,1,1822.0,1,1822.1,1,1822.2,4,1824.3,1,1824.7,2,1822.0
ec2504,,13:43:42.500#,1850.0,1875.0,1764.0,2189.1,1585.2,14976,17288.0,1818.1,2,1820.0,6,1820.4,1,1821.0,4,1821.8,1,1822.1,1,1822.2,4,1824.3,1,1824.7,2,1828.1,1,1822.0
ec2504,,13:43:43.0#,1850.0,1875.0,1764.0,2189.1,1585.2,14976,17288.0,1818.1,2,1820.0,6,1820.4,1,1821.0,4,1821.8,1,1822.1,1,1822.2,4,1824.3,1,1824.7,2,1828.1,1,1822.0
ec2504,,13:43:43.500#,1850.0,1875.0,1764.0,2189.1,1585.2,14977,17288.0,1817.7,2,1818.1,2,1820.0,6,1820.4,1,1821.0,4,1821.8,1,1822.0,1,1822.1,1,1822.2,4,1824.3,1,1821.8
ec2504,,13:43:44.0#,1850.0,1875.0,1764.0,2189.1,1585.2,14978,17288.0,1817.7,2,1818.1,2,1820.0,6,1820.4,1,1821.0,4,1821.8,1,1822.0,1,1822.1,2,1822.2,4,1824.3,1,1821.8
ec2504,,13:43:46.0#,1850.0,1875.0,1764.0,2189.1,1585.2,14978,17288.0,1817.7,2,1818.1,2,1820.0,6,1820.4,1,1821.0,4,1821.8,1,1822.0,1,1822.1,1,1822.2,4,1824.3,1,1821.8
ec2504,,13:43:46.500#,1850.0,1875.0,1764.0,2189.1,1585.2,14981,17288.0,1820.0,6,1820.4,1,1821.0,4,1821.8,1,1822.1,3,1822.2,4,1824.3,1,1824.7,2,1825.1,1,1828.1,1,1822.1
ec2504,,13:43:47.0#,1850.0,1875.0,1764.0,2189.1,1585.2,14986,17285.0,1820.0,6,1820.4,1,1821.0,4,1822.1,2,1822.2,4,1824.7,2,1825.1,1,1828.1,1,1828.2,4,1829.4,1,1824.3
ec2504,,13:43:47.500#,1850.0,1875.0,1764.0,2189.1,1585.2,14989,17285.0,1820.4,1,1821.0,4,1822.1,1,1822.2,4,1824.7,1,1828.1,1,1828.2,4,1829.4,1,1829.8,1,1830.0,5,1825.1
ec2504,,13:43:48.0#,1850.0,1875.0,1764.0,2189.1,1585.2,14989,17285.0,1820.0,6,1820.4,1,1821.0,4,1822.2,2,1824.7,1,1828.1,1,1828.2,4,1829.4,1,1829.8,1,1830.0,5,1825.1
ec2504,,13:43:48.500#,1850.0,1875.0,1764.0,2189.1,1585.2,14990,17285.0,1820.4,1,1821.0,4,1822.2,2,1824.7,1,1825.1,1,1828.2,4,1829.4,1,1829.8,1,1830.0,5,1831.4,1,1828.1
ec2504,,13:43:49.0#,1850.0,1875.0,1764.0,2189.1,1585.2,14991,17285.0,1818.1,2,1820.0,6,1820.4,1,1821.0,4,1822.2,1,1824.7,1,1828.2,4,1829.4,1,1829.8,1,1830.0,5,1825.1
ec2504,,13:43:49.500#,1850.0,1875.0,1764.0,2189.1,1585.2,14991,17285.0,1820.4,1,1821.0,4,1822.2,1,1822.3,1,1822.4,1,1824.7,1,1828.2,4,1829.4,1,1829.8,1,1830.0,5,1825.1
ec2504,,13:43:50.500#,1850.0,1875.0,1764.0,2189.1,1585.2,14992,17285.0,1820.4,1,1821.0,4,1822.2,1,1822.4,1,1822.5,2,1828.2,4,1829.4,1,1829.8,1,1830.0,5,1831.4,1,1824.7
ec2504,,13:43:51.0#,1850.0,1875.0,1764.0,2189.1,1585.2,14992,17285.0,1822.5,2,1822.6,2,1822.7,1,1823.0,1,1823.2,1,1828.2,4,1829.4,1,1829.8,1,1830.0,5,1831.4,1,1824.7
ec2504,,13:43:51.500#,1850.0,1875.0,1764.0,2189.1,1585.2,14992,17285.0,1822.2,1,1822.4,1,1822.5,2,1822.6,1,1822.7,1,1828.2,4,1829.4,1,1829.8,1,1830.0,5,1831.4,1,1824.7
ec2504,,13:43:52.0#,1850.0,1875.0,1764.0,2189.1,1585.2,14992,17285.0,1822.4,1,1822.5,2,1822.6,1,1822.8,1,1822.9,1,1828.2,4,1829.4,1,1829.8,1,1830.0,5,1830.2,1,1824.7
ec2504,,13:43:52.500#,1850.0,1875.0,1764.0,2189.1,1585.2,14992,17285.0,1822.4,1,1822.5,1,1822.6,1,1822.8,1,1822.9,1,1828.2,4,1829.4,1,1829.8,1,1830.0,5,1830.2,1,1824.7
ec2504,,13:43:53.0#,1850.0,1875.0,1764.0,2189.1,1585.2,14992,17285.0,1822.2,1,1822.4,1,1822.5,1,1822.9,1,1823.0,4,1828.2,4,1829.4,1,1829.8,1,1830.0,5,1830.2,1,1824.7
ec2504,,13:43:54.0#,1850.0,1875.0,1764.0,2189.1,1585.2,14992,17285.0,1822.2,1,1822.4,1,1822.5,3,1822.9,1,1823.0,4,1828.2,4,1829.4,1,1829.8,1,1830.0,5,1830.2,1,1824.7
ec2504,,13:43:54.500#,1850.0,1875.0,1764.0,2189.1,1585.2,14992,17285.0,1822.2,1,1822.5,3,1822.9,1,1823.0,8,1823.2,1,1828.2,4,1829.4,1,1829.8,1,1830.0,5,1830.2,1,1824.7
ec2504,,13:43:55.0#,1850.0,1875.0,1764.0,2189.1,1585.2,14992,17285.0,1823.0,6,1823.2,1,1823.3,1,1823.8,1,1823.9,1,1828.2,4,1829.4,1,1829.8,1,1830.0,5,1830.2,1,1824.7
ec2504,,13:43:55.500#,1850.0,1875.0,1764.0,2189.1,1585.2,14992,17285.0,1823.0,6,1823.2,1,1823.3,2,1823.8,1,1823.9,1,1828.2,4,1829.4,1,1829.8,1,1830.0,5,1830.2,1,1824.7
ec2504,,13:43:56.0#,1850.0,1875.0,1764.0,2189.1,1585.2,14992,17285.0,1822.5,3,1823.0,6,1823.3,2,1823.8,1,1823.9,1,1828.2,4,1829.4,1,1829.8,1,1830.0,5,1830.2,1,1824.7
ec2504,,13:43:56.500#,1850.0,1875.0,1764.0,2189.1,1585.2,14992,17285.0,1822.5,3,1823.0,6,1823.3,2,1823.8,1,1823.9,1,1828.2,4,1829.4,1,1829.8,1,1830.0,5,1830.2,1,1824.7
ec2504,,13:43:57.0#,1850.0,1875.0,1764.0,2189.1,1585.2,14992,17285.0,1822.5,3,1823.0,6,1823.3,2,1823.8,1,1823.9,1,1828.2,4,1829.4,1,1829.8,1,1830.0,5,1830.2,1,1824.7
ec2504,,13:43:58.500#,1850.0,1875.0,1764.0,2189.1,1585.2,14992,17285.0,1821.0,4,1821.1,1,1822.5,3,1823.0,6,1823.3,2,1828.1,1,1828.2,4,1829.4,1,1829.8,1,1830.0,5,1824.7
ec2504,,13:43:59.0#,1850.0,1875.0,1764.0,2189.1,1585.2,14992,17285.0,1822.5,3,1823.0,6,1823.3,1,1823.4,1,1823.9,2,1828.1,2,1828.2,4,1829.4,1,1829.8,1,1830.0,5,1824.7
ec2504,,13:43:59.500#,1850.0,1875.0,1764.0,2189.1,1585.2,14992,17285.0,1821.1,1,1822.5,3,1823.0,6,1823.3,1,1823.9,2,1828.1,3,1828.2,4,1829.4,1,1829.8,1,1830.0,5,1824.7
ec2504,,13:44:00.0#,1850.0,1875.0,1764.0,2189.1,1585.2,14992,17285.0,1822.5,3,1823.0,6,1823.3,1,1823.9,2,1824.0,1,1828.1,3,1828.2,4,1829.4,1,1829.8,1,1830.0,5,1824.7
ec2504,,13:44:01.0#,1850.0,1875.0,1764.0,2189.1,1585.2,14993,17285.0,1821.1,1,1822.5,3,1823.0,6,1823.3,1,1823.9,2,1828.1,3,1828.2,4,1829.4,1,1829.8,1,1830.0,5,1824.0
ec2504,,13:44:01.500#,1850.0,1875.0,1764.0,2189.1,1585.2,14993,17285.0,1821.1,1,1822.5,3,1823.0,6,1823.3,1,1823.9,2,1828.0,2,1828.1,3,1828.2,4,1829.4,1,1829.8,1,1824.0
ec2504,,13:44:02.0#,1850.0,1875.0,1764.0,2189.1,1585.2,14993,17285.0,1822.4,1,1822.5,3,1823.0,6,1823.3,1,1823.9,2,1828.0,2,1828.1,3,1828.2,4,1829.4,1,1829.8,1,1824.0
ec2504,,13:44:02.500#,1850.0,1875.0,1764.0,2189.1,1585.2,14993,17285.0,1822.4,1,1822.5,3,1823.0,6,1823.3,1,1823.9,2,1828.0,2,1828.1,3,1828.2,4,1829.4,1,1829.8,1,1824.0
ec2504,,13:44:03.0#,1850.0,1875.0,1764.0,2189.1,1585.2,14994,17285.0,1822.4,1,1822.5,3,1823.0,5,1823.3,1,1823.9,1,1828.0,2,1828.1,3,1828.2,4,1829.4,1,1829.8,1,1823.9
ec2504,,13:44:03.500#,1850.0,1875.0,1764.0,2189.1,1585.2,14994,17285.0,1822.4,1,1822.5,3,1823.0,5,1823.3,1,1823.9,1,1828.0,2,1828.1,3,1828.2,4,1829.4,1,1829.8,1,1823.9
ec2504,,13:44:05.0#,1850.0,1875.0,1764.0,2189.1,1585.2,14994,17285.0,1822.4,1,1822.5,3,1823.0,5,1823.3,1,1823.9,1,1828.1,3,1828.2,4,1829.4,1,1829.8,1,1830.0,5,1823.9
ec2504,,13:44:06.0#,1850.0,1875.0,1764.0,2189.1,1585.2,14994,17285.0,1822.5,3,1823.0,5,1823.3,1,1823.8,2,1823.9,1,1828.1,3,1828.2,4,1829.4,1,1829.8,1,1830.0,5,1823.9
ec2504,,13:44:06.500#,1850.0,1875.0,1764.0,2189.1,1585.2,14994,17285.0,1822.5,3,1823.0,5,1823.3,1,1823.8,2,1823.9,1,1828.0,2,1828.1,3,1828.2,4,1829.4,1,1829.8,1,1823.9
ec2504,,13:44:08.500#,1850.0,1875.0,1764.0,2189.1,1585.2,14994,17285.0,1822.5,3,1823.0,5,1823.3,1,1823.8,2,1823.9,1,1828.1,3,1828.2,4,1829.4,1,1829.8,1,1830.0,5,1823.9
ec2504,,13:44:09.0#,1850.0,1875.0,1764.0,2189.1,1585.2,14994,17285.0,1822.5,3,1823.0,5,1823.3,1,1823.8,2,1823.9,1,1828.1,3,1828.2,4,1829.4,1,1829.8,1,1830.0,5,1823.9
ec2504,,13:44:09.500#,1850.0,1875.0,1764.0,2189.1,1585.2,14995,17285.0,1823.0,5,1823.3,1,1823.8,2,1823.9,1,1824.0,1,1828.1,2,1828.2,4,1829.4,1,1829.8,1,1830.0,5,1828.1
ec2504,,13:44:10.0#,1850.0,1875.0,1764.0,2189.1,1585.2,14996,17286.0,1823.0,5,1823.3,1,1823.8,2,1823.9,2,1824.0,1,1828.1,1,1828.2,4,1829.4,1,1829.8,1,1830.0,5,1828.1
ec2504,,13:44:10.500#,1850.0,1875.0,1764.0,2189.1,1585.2,14996,17286.0,1823.0,5,1823.3,1,1823.8,2,1823.9,2,1824.0,2,1828.1,1,1828.2,4,1829.4,1,1829.8,1,1830.0,5,1828.1
ec2504,,13:44:11.0#,1850.0,1875.0,1764.0,2189.1,1585.2,14996,17286.0,1823.3,1,1823.8,2,1823.9,2,1824.0,2,1824.4,1,1828.1,1,1828.2,4,1829.4,1,1829.8,1,1830.0,5,1828.1
ec2504,,13:44:11.500#,1850.0,1875.0,1764.0,2189.1,1585.2,14996,17286.0,1823.8,2,1823.9,2,1824.0,2,1824.4,1,1824.9,1,1828.1,1,1828.2,4,1829.4,1,1829.8,1,1830.0,5,1828.1
ec2504,,13:44:12.0#,1850.0,1875.0,1764.0,2189.1,1585.2,14996,17286.0,1823.3,1,1823.8,2,1823.9,2,1824.0,2,1824.9,1,1828.1,1,1828.2,4,1829.4,1,1829.8,1,1830.0,5,1828.1
ec2504,,13:44:12.500#,1850.0,1875.0,1764.0,2189.1,1585.2,14996,17286.0,1823.8,2,1823.9,2,1824.0,1,1824.9,1,1825.0,1,1828.1,1,1828.2,4,1829.4,1,1829.8,1,1830.0,5,1828.1
ec2504,,13:44:13.0#,1850.0,1875.0,1764.0,2189.1,1585.2,14997,17286.0,1823.9,2,1824.0,1,1824.9,1,1825.0,1,1825.1,2,1828.2,4,1829.4,1,1829.8,1,1830.0,5,1830.2,1,1828.1
ec2504,,13:44:13.500#,1850.0,1875.0,1764.0,2189.1,1585.2,14998,17285.0,1823.9,2,1824.0,1,1824.9,1,1825.0,1,1825.1,2,1828.2,3,1829.4,1,1829.8,1,1830.0,5,1830.2,1,1828.2
ec2504,,13:44:14.0#,1850.0,1875.0,1764.0,2189.1,1585.2,14998,17285.0,1823.8,2,1823.9,1,1824.0,1,1825.1,2,1825.2,1,1828.2,3,1829.4,1,1829.8,1,1830.0,5,1830.2,1,1828.2
ec2504,,13:44:14.500#,1850.0,1875.0,1764.0,2189.1,1585.2,14999,17284.0,1823.9,1,1824.0,1,1825.1,2,1825.2,1,1825.3,1,1828.2,3,1829.4,1,1829.8,1,1830.0,5,1830.2,1,1828.2
ec2504,,13:44:15.0#,1850.0,1875.0,1764.0,2189.1,1585.2,14999,17284.0,1824.0,1,1825.1,1,1825.2,1,1825.3,1,1825.4,1,1828.2,3,1829.4,1,1829.8,1,1830.0,5,1830.2,1,1828.2
ec2504,,13:44:15.500#,1850.0,1875.0,1764.0,2189.1,1585.2,14999,17284.0,1824.0,1,1825.1,1,1825.3,1,1825.4,1,1825.5,1,1828.2,3,1829.4,1,1829.8,1,1830.0,5,1830.2,1,1828.2
ec2504,,13:44:16.0#,1850.0,1875.0,1764.0,2189.1,1585.2,14999,17284.0,1823.9,1,1824.0,1,1825.4,1,1825.5,1,1825.6,1,1828.0,1,1828.2,3,1829.4,1,1829.8,1,1830.0,5,1828.2
ec2504,,13:44:16.500#,1850.0,1875.0,1764.0,2189.1,1585.2,14999,17284.0,1823.8,2,1823.9,1,1824.0,1,1825.4,1,1825.6,1,1828.0,1,1828.2,3,1829.4,1,1829.8,1,1830.0,5,1828.2
ec2504,,13:44:17.0#,1850.0,1875.0,1764.0,2189.1,1585.2,14999,17284.0,1823.9,1,1824.0,1,1825.4,1,1825.6,1,1825.7,2,1828.0,1,1828.2,3,1829.4,1,1829.8,1,1830.0,5,1828.2
ec2504,,13:44:17.500#,1850.0,1875.0,1764.0,2189.1,1585.2,15000,17285.0,1823.9,1,1824.0,1,1825.4,1,1825.6,1,1825.7,1,1828.2,3,1829.4,1,1829.8,1,1830.0,5,1831.4,1,1828.0
ec2504,,13:44:18.0#,1850.0,1875.0,1764.0,2189.1,1585.2,15000,17285.0,1823.8,2,1823.9,1,1824.0,1,1825.6,1,1825.7,1,1828.2,3,1829.4,1,1829.8,1,1830.0,5,1831.4,1,1828.0
ec2504,,13:44:18.500#,1850.0,1875.0,1764.0,2189.1,1585.2,15000,17285.0,1823.9,1,1824.0,1,1825.6,2,1825.7,1,1828.0,1,1828.2,3,1829.4,1,1829.8,1,1830.0,5,1831.4,1,1828.0
ec2504,,13:44:19.0#,1850.0,1875.0,1764.0,2189.1,1585.2,15000,17285.0,1823.9,1,1824.0,1,1825.6,1,1825.7,1,1828.0,1,1828.2,3,1829.4,1,1829.8,1,1830.0,5,1831.4,1,1828.0
ec2504,,13:44:19.500#,1850.0,1875.0,1764.0,2189.1,1585.2,15000,17285.0,1824.0,1,1824.3,1,1825.6,1,1825.7,1,1828.0,1,1828.2,3,1829.4,1,1829.8,1,1830.0,5,1831.4,1,1828.0
ec2504,,13:44:20.0#,1850.0,1875.0,1764.0,2189.1,1585.2,15001,17286.0,1823.9,1,1824.0,1,1824.3,1,1825.6,1,1825.7,1,1828.2,3,1829.4,1,1829.8,1,1830.0,5,1831.4,1,1828.0
ec2504,,13:44:20.500#,1850.0,1875.0,1764.0,2189.1,1585.2,15001,17286.0,1823.8,2,1823.9,1,1824.0,1,1824.3,1,1825.6,1,1828.2,3,1829.4,1,1829.8,1,1830.0,5,1831.4,1,1828.0
ec2504,,13:44:21.0#,1850.0,1875.0,1764.0,2189.1,1585.2,15001,17286.0,1823.3,1,1823.8,2,1823.9,1,1824.0,1,1825.6,1,1828.2,3,1829.4,1,1829.8,1,1830.0,5,1831.4,1,1828.0
ec2504,,13:44:21.500#,1850.0,1875.0,1764.0,2189.1,1585.2,15004,17286.0,1823.3,1,1823.8,2,1823.9,1,1824.0,1,1825.6,1,1829.4,1,1829.8,1,1830.0,5,1831.4,1,1831.9,2,1828.2
ec2504,,13:44:22.0#,1850.0,1875.0,1764.0,2189.1,1585.2,15004,17286.0,1823.3,1,1823.8,2,1823.9,1,1824.0,1,1825.6,1,1828.2,1,1829.3,1,1829.4,1,1829.8,1,1830.0,5,1828.2
ec2504,,13:44:22.500#,1850.0,1875.0,1764.0,2189.1,1585.2,15004,17286.0,1823.3,1,1823.8,2,1823.9,1,1824.0,1,1825.6,3,1828.2,1,1829.3,1,1829.4,1,1829.8,1,1830.0,5,1828.2
ec2504,,13:44:23.0#,1850.0,1875.0,1764.0,2189.1,1585.2,15004,17286.0,1823.3,1,1823.8,2,1823.9,1,1824.0,1,1825.6,3,1828.2,1,1829.4,1,1829.8,1,1830.0,5,1831.4,1,1828.2
ec2504,,13:44:24.0#,1850.0,1875.0,1764.0,2189.1,1585.2,15004,17286.0,1823.8,2,1823.9,1,1824.0,1,1825.6,3,1825.7,1,1828.2,1,1829.4,1,1829.8,1,1830.0,5,1831.4,1,1828.2
ec2504,,13:44:24.500#,1850.0,1875.0,1764.0,2189.1,1585.2,15004,17286.0,1823.8,2,1823.9,1,1824.0,1,1825.6,3,1825.7,1,1828.2,1,1829.4,1,1829.8,1,1830.0,5,1831.4,1,1828.2
ec2504,,13:44:25.0#,1850.0,1875.0,1764.0,2189.1,1585.2,15004,17286.0,1823.8,2,1823.9,1,1824.0,1,1825.6,3,1825.7,1,1828.2,1,1829.4,1,1829.8,1,1830.0,5,1831.4,1,1828.2
ec2504,,13:44:27.0#,1850.0,1875.0,1764.0,2189.1,1585.2,15004,17286.0,1823.8,2,1823.9,1,1824.0,1,1825.6,3,1825.7,1,1828.2,1,1829.4,1,1829.8,1,1830.0,5,1831.4,1,1828.2
ec2504,,13:44:27.500#,1850.0,1875.0,1764.0,2189.1,1585.2,15004,17286.0,1823.8,2,1823.9,1,1824.0,1,1825.6,3,1825.7,1,1828.2,1,1829.4,1,1829.8,1,1830.0,5,1831.4,1,1828.2
ec2504,,13:44:28.0#,1850.0,1875.0,1764.0,2189.1,1585.2,15004,17286.0,1823.8,2,1823.9,1,1824.0,1,1825.6,3,1825.7,1,1828.2,1,1829.4,1,1829.8,1,1830.0,5,1831.4,1,1828.2
ec2504,,13:44:28.500#,1850.0,1875.0,1764.0,2189.1,1585.2,15004,17286.0,1823.8,2,1823.9,1,1824.0,1,1825.6,3,1825.7,1,1828.2,1,1829.4,1,1829.8,1,1830.0,5,1831.4,1,1828.2
ec2504,,13:44:30.0#,1850.0,1875.0,1764.0,2189.1,1585.2,15004,17286.0,1823.8,2,1823.9,1,1824.0,1,1825.6,3,1825.7,1,1828.2,1,1829.4,1,1829.8,1,1830.0,5,1831.4,1,1828.2
ec2504,,13:44:32.0#,1850.0,1875.0,1764.0,2189.1,1585.2,15004,17286.0,1823.8,2,1823.9,1,1824.0,1,1825.6,3,1825.7,1,1828.2,1,1829.4,1,1829.8,1,1830.0,5,1831.4,1,1828.2
ec2504,,13:44:32.500#,1850.0,1875.0,1764.0,2189.1,1585.2,15005,17286.0,1823.8,2,1823.9,1,1824.0,1,1825.6,3,1828.2,9,1829.4,1,1829.8,1,1830.0,5,1831.4,1,1831.9,2,1828.2
ec2504,,13:44:34.500#,1850.0,1875.0,1764.0,2189.1,1585.2,15005,17286.0,1823.8,2,1823.9,1,1824.0,1,1825.6,3,1828.2,9,1829.4,1,1829.8,1,1830.0,5,1831.4,1,1831.9,2,1828.2
ec2504,,13:44:35.0#,1850.0,1875.0,1764.0,2189.1,1585.2,15013,17286.0,1823.8,2,1823.9,1,1824.0,1,1825.6,3,1828.2,1,1829.4,1,1829.8,1,1830.0,5,1831.4,1,1831.9,2,1828.2
ec2504,,13:44:35.500#,1850.0,1875.0,1764.0,2189.1,1585.2,15014,17286.0,1823.3,3,1823.8,2,1823.9,1,1824.0,1,1825.6,3,1828.2,2,1829.4,1,1829.8,1,1830.0,5,1831.4,1,1828.2
ec2504,,13:44:36.0#,1850.0,1875.0,1764.0,2189.1,1585.2,15014,17286.0,1823.3,3,1823.8,2,1823.9,1,1824.0,1,1825.6,3,1828.2,1,1829.4,1,1829.8,1,1830.0,5,1831.4,1,1828.2
ec2504,,13:44:36.500#,1850.0,1875.0,1764.0,2189.1,1585.2,15014,17286.0,1823.3,3,1823.8,2,1823.9,1,1824.0,1,1825.6,3,1828.2,1,1829.4,1,1829.8,1,1830.0,5,1831.4,1,1828.2
ec2504,,13:44:37.0#,1850.0,1875.0,1764.0,2189.1,1585.2,15015,17287.0,1823.3,3,1823.8,2,1823.9,1,1824.0,1,1825.6,2,1828.2,1,1829.4,1,1829.8,1,1830.0,5,1831.4,1,1825.6
ec2504,,13:44:38.0#,1850.0,1875.0,1764.0,2189.1,1585.2,15015,17287.0,1823.3,3,1823.8,2,1823.9,1,1824.0,1,1825.6,2,1828.2,1,1829.4,1,1829.8,1,1830.0,5,1831.4,1,1825.6
ec2504,,13:44:38.500#,1850.0,1875.0,1764.0,2189.1,1585.2,15015,17287.0,1823.8,2,1823.9,1,1824.0,1,1825.6,2,1825.7,1,1828.2,1,1829.4,1,1829.8,1,1830.0,5,1831.4,1,1825.6
ec2504,,13:44:39.0#,1850.0,1875.0,1764.0,2189.1,1585.2,15015,17287.0,1823.8,2,1823.9,1,1824.0,1,1825.6,2,1825.7,1,1828.2,1,1829.4,1,1829.8,1,1830.0,5,1831.4,1,1825.6
ec2504,,13:44:39.500#,1850.0,1875.0,1764.0,2189.1,1585.2,15015,17287.0,1823.8,2,1823.9,1,1824.0,1,1825.6,2,1825.7,1,1828.2,1,1829.4,1,1829.8,1,1830.0,5,1831.4,1,1825.6
ec2504,,13:44:40.0#,1850.0,1875.0,1764.0,2189.1,1585.2,15015,17287.0,1823.3,3,1823.8,2,1824.0,1,1825.6,2,1825.7,1,1828.2,1,1829.4,1,1829.8,1,1830.0,5,1831.4,1,1825.6
ec2504,,13:44:41.0#,1850.0,1875.0,1764.0,2189.1,1585.2,15016,17287.0,1823.0,1,1823.3,3,1823.8,2,1824.0,1,1825.6,2,1828.2,1,1829.4,1,1829.8,1,1830.0,5,1831.4,1,1825.7
ec2504,,13:44:41.500#,1850.0,1875.0,1764.0,2189.1,1585.2,15016,17287.0,1823.3,3,1823.8,2,1824.0,1,1825.6,2,1825.7,1,1828.2,1,1829.4,1,1829.8,1,1830.0,5,1831.4,1,1825.7
ec2504,,13:44:42.0#,1850.0,1875.0,1764.0,2189.1,1585.2,15016,17287.0,1823.3,3,1823.8,2,1824.0,1,1825.6,2,1825.7,1,1828.2,1,1829.4,1,1829.8,1,1830.0,5,1831.4,1,1825.7
ec2504,,13:44:42.500#,1850.0,1875.0,1764.0,2189.1,1585.2,15016,17287.0,1823.3,3,1823.8,2,1824.0,1,1825.6,2,1825.7,1,1828.2,1,1829.4,1,1829.8,1,1830.0,5,1831.4,1,1825.7
ec2504,,13:44:43.0#,1850.0,1875.0,1764.0,2189.1,1585.2,15016,17287.0,1823.3,3,1823.8,2,1824.0,1,1825.6,2,1825.7,1,1828.2,1,1829.4,1,1829.8,1,1830.0,5,1831.4,1,1825.7
ec2504,,13:44:43.500#,1850.0,1875.0,1764.0,2189.1,1585.2,15016,17287.0,1823.8,2,1824.0,1,1825.6,2,1825.7,1,1825.9,1,1828.2,1,1829.4,1,1829.8,1,1830.0,5,1831.4,1,1825.7
ec2504,,13:44:46.0#,1850.0,1875.0,1764.0,2189.1,1585.2,15016,17287.0,1824.0,1,1825.6,2,1825.7,1,1825.9,1,1826.0,1,1829.4,1,1829.8,1,1830.0,5,1831.4,1,1831.9,2,1825.7
ec2504,,13:44:46.500#,1850.0,1875.0,1764.0,2189.1,1585.2,15016,17287.0,1825.6,2,1825.7,1,1826.0,2,1826.1,2,1826.3,1,1829.4,1,1829.8,1,1830.0,5,1831.4,1,1831.9,2,1825.7
ec2504,,13:44:47.0#,1850.0,1875.0,1764.0,2189.1,1585.2,15016,17287.0,1825.7,1,1826.0,2,1826.1,1,1826.3,2,1826.4,1,1829.4,1,1829.8,1,1830.0,5,1831.4,1,1831.9,2,1825.7
ec2504,,13:44:47.500#,1850.0,1875.0,1764.0,2189.1,1585.2,15016,17287.0,1825.7,1,1826.0,1,1826.1,1,1826.3,2,1826.4,1,1829.4,1,1829.8,1,1830.0,5,1831.4,1,1831.9,2,1825.7
ec2504,,13:44:48.0#,1850.0,1875.0,1764.0,2189.1,1585.2,15016,17287.0,1825.6,2,1825.7,1,1826.0,1,1826.5,2,1827.2,1,1829.4,1,1829.8,1,1830.0,5,1831.4,1,1831.9,2,1825.7
ec2504,,13:44:49.0#,1850.0,1875.0,1764.0,2189.1,1585.2,15016,17287.0,1825.7,1,1826.0,1,1826.5,1,1827.2,1,1827.3,1,1829.4,1,1829.8,1,1830.0,5,1831.4,1,1831.9,2,1825.7
ec2504,,13:44:50.0#,1850.0,1875.0,1764.0,2189.1,1585.2,15019,17289.0,1824.0,1,1825.6,2,1826.0,3,1827.2,1,1827.3,1,1829.4,1,1829.8,1,1830.0,5,1831.4,1,1831.9,2,1827.3
ec2504,,13:44:50.500#,1850.0,1875.0,1764.0,2189.1,1585.2,15019,17289.0,1823.8,2,1824.0,1,1825.6,2,1826.0,2,1827.3,1,1829.4,1,1829.8,1,1830.0,5,1831.4,1,1831.9,2,1827.3
ec2504,,13:44:51.0#,1850.0,1875.0,1764.0,2189.1,1585.2,15019,17289.0,1823.8,2,1824.0,1,1825.6,2,1826.0,2,1827.3,1,1829.4,1,1829.8,1,1830.0,5,1831.4,1,1831.9,2,1827.3
ec2504,,13:44:51.500#,1850.0,1875.0,1764.0,2189.1,1585.2,15019,17289.0,1824.0,1,1825.6,2,1826.0,2,1827.3,1,1827.4,1,1829.0,1,1829.4,1,1829.8,1,1830.0,5,1831.4,1,1827.3
ec2504,,13:44:52.0#,1850.0,1875.0,1764.0,2189.1,1585.2,15019,17289.0,1825.6,2,1826.0,2,1826.3,1,1827.3,1,1827.4,1,1829.0,1,1829.4,1,1829.8,1,1830.0,5,1831.4,1,1827.3
ec2504,,13:44:52.500#,1850.0,1875.0,1764.0,2189.1,1585.2,15019,17289.0,1826.0,2,1826.3,1,1827.3,1,1827.4,1,1827.6,1,1829.0,1,1829.4,1,1829.8,1,1830.0,5,1831.4,1,1827.3
ec2504,,13:44:53.0#,1850.0,1875.0,1764.0,2189.1,1585.2,15020,17289.0,1826.0,2,1826.3,1,1827.3,1,1827.4,1,1827.6,1,1829.4,1,1829.8,1,1830.0,5,1831.4,1,1831.9,2,1829.0
ec2504,,13:44:53.500#,1850.0,1875.0,1764.0,2189.1,1585.2,15020,17289.0,1825.6,2,1826.0,2,1826.3,1,1827.3,1,1827.6,1,1829.4,1,1829.8,1,1830.0,5,1831.4,1,1831.9,2,1829.0
ec2504,,13:44:55.0#,1850.0,1875.0,1764.0,2189.1,1585.2,15021,17290.0,1825.6,2,1826.0,2,1826.3,1,1827.3,1,1827.6,1,1829.8,1,1830.0,5,1831.4,1,1831.9,2,1832.0,1,1829.4
ec2504,,13:44:55.500#,1850.0,1875.0,1764.0,2189.1,1585.2,15022,17290.0,1826.0,2,1826.3,1,1827.3,1,1827.8,1,1829.4,1,1829.8,2,1830.0,5,1831.4,1,1831.9,2,1832.0,1,1827.6
ec2504,,13:44:56.0#,1850.0,1875.0,1764.0,2189.1,1585.2,15022,17290.0,1826.0,2,1826.3,1,1827.3,1,1827.8,1,1829.4,1,1829.8,2,1830.0,5,1831.4,1,1831.9,2,1832.0,1,1827.6
ec2504,,13:44:57.500#,1850.0,1875.0,1764.0,2189.1,1585.2,15022,17290.0,1825.6,2,1826.0,2,1826.3,1,1827.3,1,1829.4,1,1829.8,2,1830.0,5,1831.4,1,1831.9,2,1832.0,1,1827.6
ec2504,,13:44:58.0#,1850.0,1875.0,1764.0,2189.1,1585.2,15023,17290.0,1824.0,1,1825.6,2,1826.0,2,1826.3,1,1827.3,1,1829.8,2,1830.0,5,1831.4,1,1831.9,2,1832.0,1,1829.4
ec2504,,13:44:58.500#,1850.0,1875.0,1764.0,2189.1,1585.2,15026,17290.0,1823.0,1,1823.8,2,1824.0,1,1825.6,2,1826.0,2,1829.9,1,1830.0,5,1831.4,1,1831.9,2,1832.0,1,1829.9
ec2504,,13:44:59.0#,1850.0,1875.0,1764.0,2189.1,1585.2,15026,17290.0,1823.0,1,1823.8,2,1824.0,1,1825.6,2,1826.0,2,1829.9,1,1830.0,5,1831.4,1,1831.9,2,1832.0,1,1829.9
ec2504,,13:44:59.500#,1850.0,1875.0,1764.0,2189.1,1585.2,15026,17290.0,1823.0,1,1823.8,2,1824.0,1,1825.6,2,1826.0,2,1829.9,1,1830.0,5,1831.4,1,1831.9,2,1832.0,1,1829.9
ec2504,,13:45:00.0#,1850.0,1875.0,1764.0,2189.1,1585.2,15026,17290.0,1823.0,1,1823.8,2,1824.0,1,1825.6,2,1826.0,2,1827.3,1,1829.8,1,1829.9,1,1830.0,5,1831.4,1,1829.9
ec2504,,13:45:01.0#,1850.0,1875.0,1764.0,2189.1,1585.2,15026,17290.0,1823.0,1,1823.8,2,1824.0,1,1825.6,2,1826.0,4,1827.3,1,1829.9,1,1830.0,5,1831.4,1,1831.9,2,1829.9
ec2504,,13:45:01.500#,1850.0,1875.0,1764.0,2189.1,1585.2,15027,17290.0,1823.8,2,1824.0,1,1825.6,2,1826.0,4,1827.3,1,1830.0,5,1831.4,1,1831.9,2,1832.0,1,1833.0,4,1827.9
ec2504,,13:45:02.0#,1850.0,1875.0,1764.0,2189.1,1585.2,15027,17290.0,1824.0,1,1825.6,2,1826.0,4,1827.3,1,1829.9,2,1830.0,5,1831.4,1,1831.9,2,1832.0,1,1833.0,4,1827.9
ec2504,,13:45:03.0#,1850.0,1875.0,1764.0,2189.1,1585.2,15028,17291.0,1823.8,2,1824.0,1,1825.6,2,1826.0,4,1829.9,2,1830.0,4,1831.4,1,1831.9,2,1832.0,1,1833.0,4,1830.0
ec2504,,13:45:03.500#,1850.0,1875.0,1764.0,2189.1,1585.2,15029,17291.0,1823.8,2,1824.0,1,1825.6,2,1826.0,4,1829.9,1,1830.0,4,1831.4,1,1831.9,2,1832.0,1,1833.0,4,1829.9
ec2504,,13:45:04.500#,1850.0,1875.0,1764.0,2189.1,1585.2,15030,17291.0,1823.0,1,1823.8,2,1824.0,1,1825.6,2,1826.0,4,1829.9,1,1830.0,4,1831.4,1,1831.9,2,1832.0,1,1829.9
ec2504,,13:45:05.0#,1850.0,1875.0,1764.0,2189.1,1585.2,15030,17291.0,1823.0,1,1823.8,2,1824.0,1,1825.6,2,1826.0,4,1828.9,1,1830.0,4,1831.4,1,1831.9,2,1832.0,1,1829.9
ec2504,,13:45:05.500#,1850.0,1875.0,1764.0,2189.1,1585.2,15030,17291.0,1823.0,1,1823.8,2,1824.0,1,1825.6,2,1826.0,4,1827.9,1,1829.3,1,1830.0,5,1831.4,1,1831.9,2,1829.9
ec2504,,13:45:06.0#,1850.0,1875.0,1764.0,2189.1,1585.2,15031,17291.0,1823.0,1,1823.8,2,1824.0,1,1825.6,2,1826.0,3,1826.9,1,1829.0,1,1829.3,1,1830.0,5,1831.4,1,1826.0
ec2504,,13:45:06.500#,1850.0,1875.0,1764.0,2189.1,1585.2,15032,17290.0,1823.0,1,1823.8,2,1824.0,1,1825.6,2,1826.0,2,1829.0,1,1829.3,1,1830.0,5,1831.4,1,1831.9,2,1826.0
ec2504,,13:45:08.0#,1850.0,1875.0,1764.0,2189.1,1585.2,15033,17290.0,1823.0,1,1823.8,2,1824.0,1,1825.6,2,1826.0,1,1828.5,1,1829.0,1,1830.0,5,1831.4,1,1831.9,2,1826.0
ec2504,,13:45:10.500#,1850.0,1875.0,1764.0,2189.1,1585.2,15033,17290.0,1823.0,1,1823.8,2,1824.0,1,1825.6,2,1826.0,1,1828.5,1,1829.0,1,1830.0,5,1831.4,1,1831.9,2,1826.0
ec2504,,13:45:14.0#,1850.0,1875.0,1764.0,2189.1,1585.2,15034,17290.0,1822.5,1,1823.0,1,1823.8,2,1824.0,1,1825.6,2,1828.3,1,1828.5,1,1829.0,1,1830.0,5,1831.4,1,1826.0
ec2504,,13:45:15.0#,1850.0,1875.0,1764.0,2189.1,1585.2,15034,17290.0,1822.5,1,1823.0,1,1823.8,2,1824.0,1,1825.6,2,1828.3,1,1828.5,1,1829.0,1,1830.0,5,1831.4,1,1826.0
ec2504,,13:45:16.0#,1850.0,1875.0,1764.0,2189.1,1585.2,15034,17290.0,1822.5,1,1823.0,1,1823.8,2,1824.0,1,1825.6,2,1828.3,1,1828.5,1,1829.0,1,1830.0,5,1831.4,1,1826.0
ec2504,,13:45:16.500#,1850.0,1875.0,1764.0,2189.1,1585.2,15034,17290.0,1822.5,1,1823.0,1,1823.8,2,1824.0,1,1825.6,2,1828.3,1,1828.5,1,1829.0,1,1830.0,5,1831.4,1,1826.0
ec2504,,13:45:19.0#,1850.0,1875.0,1764.0,2189.1,1585.2,15034,17290.0,1822.5,1,1823.0,1,1823.8,2,1824.0,1,1825.6,2,1828.3,1,1828.5,1,1829.0,1,1830.0,5,1831.4,1,1826.0
ec2504,,13:45:20.500#,1850.0,1875.0,1764.0,2189.1,1585.2,15034,17290.0,1822.5,1,1823.0,1,1823.8,2,1824.0,1,1825.6,2,1828.3,1,1828.5,1,1829.0,1,1830.0,5,1831.4,1,1826.0
ec2504,,13:45:21.0#,1850.0,1875.0,1764.0,2189.1,1585.2,15035,17290.0,1822.5,1,1823.0,1,1823.8,2,1824.0,1,1825.6,1,1828.0,1,1828.3,1,1829.0,1,1830.0,5,1831.4,1,1825.6
ec2504,,13:45:22.0#,1850.0,1875.0,1764.0,2189.1,1585.2,15035,17290.0,1822.5,1,1823.0,2,1823.8,2,1824.0,1,1825.6,1,1828.0,1,1828.3,1,1829.0,1,1830.0,5,1831.4,1,1825.6
ec2504,,13:45:23.500#,1850.0,1875.0,1764.0,2189.1,1585.2,15036,17290.0,1822.4,1,1822.5,1,1823.0,2,1823.8,2,1824.0,1,1828.0,1,1828.3,1,1829.0,1,1830.0,5,1831.4,1,1825.6
ec2504,,13:45:24.0#,1850.0,1875.0,1764.0,2189.1,1585.2,15036,17290.0,1822.4,1,1822.5,1,1823.0,2,1823.8,2,1824.0,1,1828.0,1,1828.3,1,1829.0,1,1830.0,5,1831.4,1,1825.6
ec2504,,13:45:24.500#,1850.0,1875.0,1764.0,2189.1,1585.2,15036,17290.0,1822.4,1,1822.5,1,1823.0,2,1823.8,2,1824.9,1,1828.0,1,1828.3,1,1829.0,1,1830.0,5,1831.4,1,1825.6
ec2504,,13:45:25.0#,1850.0,1875.0,1764.0,2189.1,1585.2,15036,17290.0,1822.4,1,1822.5,1,1823.0,2,1823.8,2,1824.9,1,1828.0,1,1829.0,1,1830.0,5,1831.4,1,1831.9,2,1825.6
ec2504,,13:45:28.0#,1850.0,1875.0,1764.0,2189.1,1585.2,15036,17290.0,1822.4,1,1822.5,1,1823.0,2,1823.8,2,1824.9,1,1829.0,1,1830.0,5,1831.4,1,1831.9,2,1832.0,1,1825.6
ec2504,,13:45:28.500#,1850.0,1875.0,1764.0,2189.1,1585.2,15036,17290.0,1822.5,1,1823.0,2,1823.8,2,1824.9,1,1828.0,1,1828.9,2,1829.0,1,1830.0,5,1831.4,1,1831.9,2,1825.6
ec2504,,13:45:29.0#,1850.0,1875.0,1764.0,2189.1,1585.2,15037,17289.0,1822.4,1,1822.5,1,1823.0,2,1823.8,2,1824.9,1,1828.9,2,1829.0,1,1830.0,5,1831.4,1,1831.9,2,1828.0
ec2504,,13:45:29.500#,1850.0,1875.0,1764.0,2189.1,1585.2,15037,17289.0,1822.4,1,1822.5,1,1823.0,2,1823.8,2,1824.9,1,1827.6,1,1828.9,2,1829.0,1,1830.0,5,1831.4,1,1828.0
ec2504,,13:45:30.0#,1850.0,1875.0,1764.0,2189.1,1585.2,15037,17289.0,1822.5,1,1823.0,2,1823.8,2,1824.9,1,1825.0,1,1827.6,1,1828.9,1,1829.0,1,1830.0,5,1831.4,1,1828.0
ec2504,,13:45:30.500#,1850.0,1875.0,1764.0,2189.1,1585.2,15038,17289.0,1822.4,1,1822.5,1,1823.0,2,1823.8,2,1824.9,1,1828.9,1,1829.0,1,1830.0,5,1831.4,1,1831.9,2,1825.0
ec2504,,13:45:32.0#,1850.0,1875.0,1764.0,2189.1,1585.2,15038,17289.0,1822.4,1,1822.5,1,1823.0,2,1823.8,2,1825.3,1,1828.9,1,1829.0,1,1830.0,5,1831.4,1,1831.9,2,1825.0
ec2504,,13:45:32.500#,1850.0,1875.0,1764.0,2189.1,1585.2,15039,17288.0,1822.4,1,1822.5,1,1823.0,2,1823.8,2,1825.3,1,1829.0,1,1830.0,5,1831.4,1,1831.9,2,1832.0,1,1828.9
ec2504,,13:45:33.500#,1850.0,1875.0,1764.0,2189.1,1585.2,15039,17288.0,1822.4,1,1822.5,1,1823.0,2,1823.8,2,1825.3,1,1829.0,1,1830.0,5,1831.4,1,1831.9,2,1832.0,1,1828.9
ec2504,,13:45:34.0#,1850.0,1875.0,1764.0,2189.1,1585.2,15039,17288.0,1822.4,1,1822.5,1,1823.0,2,1823.8,2,1825.3,1,1828.9,1,1829.0,1,1830.0,5,1831.4,1,1831.9,2,1828.9
ec2504,,13:45:35.0#,1850.0,1875.0,1764.0,2189.1,1585.2,15041,17289.0,1822.1,1,1822.4,1,1822.5,1,1823.0,2,1823.8,2,1829.0,1,1830.0,5,1831.4,1,1831.9,2,1832.0,1,1828.6
ec2504,,13:45:35.500#,1850.0,1875.0,1764.0,2189.1,1585.2,15041,17289.0,1823.0,2,1823.8,2,1823.9,1,1825.0,1,1825.3,1,1829.0,1,1830.0,5,1831.4,1,1831.9,2,1832.0,1,1828.6
ec2504,,13:45:36.0#,1850.0,1875.0,1764.0,2189.1,1585.2,15041,17289.0,1823.8,2,1823.9,1,1825.0,1,1825.3,1,1825.9,2,1829.0,1,1830.0,5,1831.4,1,1831.9,2,1832.0,1,1828.6
ec2504,,13:45:36.500#,1850.0,1875.0,1764.0,2189.1,1585.2,15041,17289.0,1823.8,2,1823.9,1,1825.0,1,1825.3,1,1825.9,2,1829.0,1,1830.0,5,1831.4,1,1831.9,2,1832.0,1,1828.6
ec2504,,13:45:37.500#,1850.0,1875.0,1764.0,2189.1,1585.2,15041,17289.0,1823.8,2,1823.9,1,1825.0,1,1825.3,1,1825.9,2,1828.9,1,1829.0,1,1830.0,5,1831.4,1,1831.9,2,1828.6
ec2504,,13:45:38.500#,1850.0,1875.0,1764.0,2189.1,1585.2,15041,17289.0,1823.8,2,1823.9,1,1825.0,1,1825.3,1,1825.9,2,1828.9,1,1829.0,1,1830.0,5,1831.4,1,1831.9,2,1828.6
ec2504,,13:45:39.500#,1850.0,1875.0,1764.0,2189.1,1585.2,15042,17288.0,1823.9,1,1825.0,1,1825.3,1,1825.9,2,1828.9,2,1829.0,1,1830.0,5,1831.4,1,1831.9,2,1832.0,1,1828.9
ec2504,,13:45:40.500#,1850.0,1875.0,1764.0,2189.1,1585.2,15042,17288.0,1823.9,1,1825.0,1,1825.3,1,1825.9,3,1828.9,2,1829.0,1,1830.0,5,1831.4,1,1831.9,2,1832.0,1,1828.9
ec2504,,13:45:41.500#,1850.0,1875.0,1764.0,2189.1,1585.2,15044,17287.0,1823.8,2,1823.9,1,1825.0,1,1825.3,1,1825.9,3,1829.0,1,1830.0,5,1831.4,1,1831.9,2,1832.0,1,1828.9
ec2504,,13:45:42.0#,1850.0,1875.0,1764.0,2189.1,1585.2,15044,17287.0,1823.8,2,1823.9,1,1825.0,1,1825.3,1,1825.9,3,1829.0,1,1830.0,5,1831.4,1,1831.9,2,1832.0,1,1828.9
ec2504,,13:45:43.0#,1850.0,1875.0,1764.0,2189.1,1585.2,15044,17287.0,1823.9,1,1825.0,1,1825.3,1,1825.9,3,1826.1,1,1829.0,1,1830.0,5,1831.4,1,1831.9,2,1832.0,1,1828.9
ec2504,,13:45:43.500#,1850.0,1875.0,1764.0,2189.1,1585.2,15045,17287.0,1823.8,2,1823.9,1,1825.0,1,1825.3,1,1825.9,1,1829.0,1,1830.0,5,1831.4,1,1831.9,2,1832.0,1,1826.1
ec2504,,13:45:44.500#,1850.0,1875.0,1764.0,2189.1,1585.2,15045,17287.0,1823.9,1,1825.3,1,1825.9,1,1826.0,1,1827.0,1,1829.0,1,1830.0,5,1831.4,1,1831.9,2,1832.0,1,1826.1
ec2504,,13:45:45.500#,1850.0,1875.0,1764.0,2189.1,1585.2,15045,17287.0,1823.9,1,1825.3,1,1825.9,1,1826.0,1,1827.0,1,1828.8,1,1829.0,1,1830.0,5,1831.4,1,1831.9,2,1826.1
ec2504,,13:45:48.500#,1850.0,1875.0,1764.0,2189.1,1585.2,15045,17287.0,1823.9,1,1825.3,1,1825.9,1,1826.0,1,1827.0,1,1828.8,1,1829.0,1,1830.0,5,1831.4,1,1831.9,2,1826.1
ec2504,,13:45:49.0#,1850.0,1875.0,1764.0,2189.1,1585.2,15045,17287.0,1823.9,1,1825.3,1,1825.9,1,1826.0,1,1827.0,1,1828.8,1,1829.0,1,1830.0,5,1831.4,1,1831.9,2,1826.1
ec2504,,13:45:51.0#,1850.0,1875.0,1764.0,2189.1,1585.2,15045,17287.0,1823.9,1,1825.3,1,1825.9,1,1826.0,1,1827.0,1,1828.8,2,1829.0,1,1830.0,5,1831.4,1,1831.9,2,1826.1
ec2504,,13:45:52.0#,1850.0,1875.0,1764.0,2189.1,1585.2,15047,17286.0,1825.3,1,1825.9,1,1826.0,1,1827.0,1,1828.8,18,1829.0,1,1830.0,5,1831.4,1,1831.9,2,1832.0,1,1828.8
ec2504,,13:45:52.500#,1850.0,1875.0,1764.0,2189.1,1585.2,15049,17286.0,1827.0,1,1828.6,1,1828.8,18,1828.9,1,1829.0,1,1830.0,4,1831.4,1,1831.9,2,1832.0,1,1833.0,4,1830.0
ec2504,,13:45:53.0#,1850.0,1875.0,1764.0,2189.1,1585.2,15053,17288.0,1828.6,1,1828.8,18,1828.9,1,1829.0,1,1829.1,2,1831.4,1,1831.9,2,1832.0,1,1833.0,4,1833.9,1,1830.0
ec2504,,13:45:53.500#,1850.0,1875.0,1764.0,2189.1,1585.2,15054,17288.0,1828.9,2,1829.0,1,1829.1,2,1829.2,2,1829.7,1,1831.9,2,1832.0,1,1833.0,4,1833.9,1,1834.0,3,1831.4
