InstrumentId,ExchangeId,Datetime,OpenPrice,HighestPrice,LowestPrice,UpperLimitPrice,LowerLimitPrice,Volume,OpenInterest,BidPrice5,BidVolume5,BidPrice4,BidVolume4,BidPrice3,BidVolume3,BidPrice2,BidVolume2,BidPrice1,BidVolume1,AskPrice1,AskVolume1,AskPrice2,AskVolume2,AskPrice3,AskVolume3,AskPrice4,AskVolume4,AskPrice5,AskVolume5,LastPrice
ec2502,,13:38:35.0#,2260.0,2308.0,2110.1,2677.3,1938.8,9862,11698.0,2176.8,1,2178.0,3,2178.2,1,2178.3,1,2180.3,1,2186.0,1,2189.9,2,2192.0,2,2195.0,1,2198.3,1,2178.0
ec2502,,13:38:35.500#,2260.0,2308.0,2110.1,2677.3,1938.8,9862,11698.0,2175.0,1,2176.8,1,2178.0,3,2178.2,1,2180.3,1,2186.0,1,2189.9,2,2192.0,2,2195.0,1,2198.3,1,2178.0
ec2502,,13:38:36.0#,2260.0,2308.0,2110.1,2677.3,1938.8,9862,11698.0,2176.8,1,2178.0,3,2178.2,1,2180.3,1,2180.4,1,2186.0,1,2189.9,2,2192.0,2,2195.0,1,2198.3,1,2178.0
ec2502,,13:38:36.500#,2260.0,2308.0,2110.1,2677.3,1938.8,9862,11698.0,2176.8,1,2178.0,3,2178.6,1,2180.3,1,2180.4,1,2186.0,1,2189.9,2,2192.0,2,2195.0,1,2198.3,1,2178.0
ec2502,,13:38:37.0#,2260.0,2308.0,2110.1,2677.3,1938.8,9862,11698.0,2178.0,3,2178.5,1,2178.6,1,2180.3,1,2180.4,1,2186.0,1,2189.9,2,2192.0,2,2195.0,1,2198.3,1,2178.0
ec2502,,13:38:38.0#,2260.0,2308.0,2110.1,2677.3,1938.8,9862,11698.0,2178.0,3,2178.5,1,2178.6,1,2180.3,1,2180.4,1,2186.0,1,2189.9,2,2192.0,2,2195.0,1,2198.3,1,2178.0
ec2502,,13:38:39.0#,2260.0,2308.0,2110.1,2677.3,1938.8,9862,11698.0,2178.0,3,2178.5,1,2178.6,1,2180.3,1,2180.6,1,2186.0,1,2189.9,2,2192.0,2,2195.0,1,2198.3,1,2178.0
ec2502,,13:38:39.500#,2260.0,2308.0,2110.1,2677.3,1938.8,9862,11698.0,2178.6,1,2178.9,1,2180.3,1,2180.6,1,2180.7,1,2186.0,1,2189.9,2,2192.0,2,2195.0,1,2198.3,1,2178.0
ec2502,,13:38:40.0#,2260.0,2308.0,2110.1,2677.3,1938.8,9863,11698.0,2178.6,1,2178.9,1,2180.3,1,2180.6,1,2180.7,1,2186.0,1,2189.9,2,2192.0,2,2195.0,1,2198.3,1,2180.4
ec2502,,13:38:40.500#,2260.0,2308.0,2110.1,2677.3,1938.8,9864,11698.0,2178.6,1,2178.9,1,2180.3,1,2180.6,1,2180.7,2,2186.0,2,2189.9,2,2192.0,2,2195.0,1,2198.3,1,2180.6
ec2502,,13:38:41.0#,2260.0,2308.0,2110.1,2677.3,1938.8,9864,11698.0,2174.8,1,2175.0,1,2176.8,1,2178.0,3,2180.7,2,2186.0,2,2189.9,2,2192.0,2,2195.0,1,2198.3,1,2180.6
ec2502,,13:38:42.0#,2260.0,2308.0,2110.1,2677.3,1938.8,9864,11698.0,2172.1,9,2174.8,1,2175.0,1,2176.8,1,2178.0,3,2186.0,2,2189.9,2,2192.0,2,2195.0,1,2198.3,1,2180.6
ec2502,,13:38:42.500#,2260.0,2308.0,2110.1,2677.3,1938.8,9864,11698.0,2175.0,1,2176.8,1,2178.0,3,2178.1,2,2179.4,2,2186.0,2,2189.9,2,2192.0,2,2195.0,1,2198.3,1,2180.6
ec2502,,13:38:43.0#,2260.0,2308.0,2110.1,2677.3,1938.8,9864,11698.0,2174.8,1,2175.0,1,2176.8,1,2178.0,3,2179.4,2,2186.0,2,2189.9,2,2192.0,2,2195.0,1,2198.3,1,2180.6
ec2502,,13:38:43.500#,2260.0,2308.0,2110.1,2677.3,1938.8,9864,11698.0,2175.0,1,2176.8,1,2178.0,3,2179.4,2,2179.5,2,2186.0,2,2189.9,2,2192.0,2,2195.0,1,2198.3,1,2180.6
ec2502,,13:38:44.0#,2260.0,2308.0,2110.1,2677.3,1938.8,9864,11698.0,2175.0,1,2176.8,1,2178.0,3,2179.4,2,2179.5,2,2186.0,2,2189.9,2,2192.0,2,2195.0,1,2198.3,1,2180.6
ec2502,,13:38:44.500#,2260.0,2308.0,2110.1,2677.3,1938.8,9864,11698.0,2175.0,1,2176.8,1,2178.0,3,2179.4,2,2179.5,2,2186.0,2,2189.9,2,2192.0,2,2195.0,1,2198.3,1,2180.6
ec2502,,13:38:46.500#,2260.0,2308.0,2110.1,2677.3,1938.8,9864,11698.0,2174.8,1,2175.0,1,2176.8,1,2178.0,3,2179.4,1,2186.0,2,2189.9,2,2192.0,2,2195.0,1,2198.3,1,2180.6
ec2502,,13:38:47.0#,2260.0,2308.0,2110.1,2677.3,1938.8,9864,11698.0,2175.0,1,2176.8,1,2178.0,3,2179.4,1,2179.5,2,2186.0,2,2189.0,1,2189.9,2,2192.0,2,2195.0,1,2180.6
ec2502,,13:38:48.500#,2260.0,2308.0,2110.1,2677.3,1938.8,9864,11698.0,2175.0,1,2176.8,1,2178.0,3,2179.4,1,2179.5,2,2185.6,1,2186.0,2,2189.0,1,2189.9,2,2190.0,1,2180.6
ec2502,,13:38:49.0#,2260.0,2308.0,2110.1,2677.3,1938.8,9864,11698.0,2174.8,1,2175.0,1,2176.8,1,2178.0,3,2179.4,1,2185.5,1,2185.6,1,2186.0,2,2189.0,1,2189.9,2,2180.6
ec2502,,13:38:49.500#,2260.0,2308.0,2110.1,2677.3,1938.8,9864,11698.0,2174.8,1,2175.0,1,2176.8,1,2178.0,3,2179.4,1,2185.5,1,2185.6,1,2186.0,2,2189.0,1,2189.9,2,2180.6
ec2502,,13:38:50.0#,2260.0,2308.0,2110.1,2677.3,1938.8,9864,11698.0,2172.1,9,2174.8,1,2175.0,1,2176.8,1,2178.0,4,2185.5,1,2185.6,1,2186.0,2,2189.0,1,2189.9,2,2180.6
ec2502,,13:38:50.500#,2260.0,2308.0,2110.1,2677.3,1938.8,9864,11698.0,2172.1,9,2174.8,1,2175.0,1,2176.8,1,2178.0,4,2185.4,1,2185.5,1,2185.6,1,2186.0,2,2189.0,1,2180.6
ec2502,,13:38:51.0#,2260.0,2308.0,2110.1,2677.3,1938.8,9864,11698.0,2172.1,9,2174.8,1,2175.0,1,2176.8,1,2178.0,4,2185.1,1,2185.2,1,2185.4,1,2186.0,2,2189.0,1,2180.6
ec2502,,13:38:51.500#,2260.0,2308.0,2110.1,2677.3,1938.8,9864,11698.0,2172.1,8,2174.8,1,2175.0,1,2176.8,1,2178.0,4,2184.9,2,2185.0,1,2185.1,1,2185.2,1,2186.0,2,2180.6
ec2502,,13:38:52.0#,2260.0,2308.0,2110.1,2677.3,1938.8,9864,11698.0,2172.1,8,2174.8,1,2175.0,1,2176.8,1,2178.0,4,2184.8,1,2184.9,2,2185.0,1,2185.1,1,2186.0,2,2180.6
ec2502,,13:38:52.500#,2260.0,2308.0,2110.1,2677.3,1938.8,9864,11698.0,2172.1,8,2174.8,1,2175.0,1,2176.8,1,2178.0,4,2184.7,2,2184.8,1,2184.9,1,2185.1,1,2185.7,1,2180.6
ec2502,,13:38:53.0#,2260.0,2308.0,2110.1,2677.3,1938.8,9864,11698.0,2172.1,8,2174.8,1,2175.0,1,2176.8,1,2178.0,4,2184.7,2,2184.8,1,2184.9,1,2185.1,1,2186.0,2,2180.6
ec2502,,13:38:53.500#,2260.0,2308.0,2110.1,2677.3,1938.8,9864,11698.0,2172.1,8,2174.8,1,2175.0,1,2176.8,1,2178.0,4,2184.4,1,2184.7,2,2184.9,1,2185.1,1,2186.0,2,2180.6
ec2502,,13:38:54.0#,2260.0,2308.0,2110.1,2677.3,1938.8,9864,11698.0,2172.1,8,2174.8,1,2175.0,1,2176.8,1,2178.0,4,2184.3,2,2184.9,1,2185.1,1,2186.0,2,2189.0,1,2180.6
ec2502,,13:38:54.500#,2260.0,2308.0,2110.1,2677.3,1938.8,9864,11698.0,2172.1,8,2174.8,1,2175.0,1,2176.8,1,2178.0,4,2184.3,2,2184.9,1,2185.1,1,2185.9,1,2186.0,2,2180.6
ec2502,,13:38:55.0#,2260.0,2308.0,2110.1,2677.3,1938.8,9864,11698.0,2172.1,8,2174.8,1,2175.0,1,2176.8,1,2178.0,4,2184.8,2,2184.9,1,2185.1,1,2185.9,1,2186.0,2,2180.6
ec2502,,13:38:55.500#,2260.0,2308.0,2110.1,2677.3,1938.8,9864,11698.0,2172.1,8,2174.8,1,2175.0,1,2176.8,1,2178.0,4,2184.8,2,2184.9,1,2185.1,1,2186.0,2,2188.2,1,2180.6
ec2502,,13:38:58.0#,2260.0,2308.0,2110.1,2677.3,1938.8,9864,11698.0,2172.1,8,2174.8,1,2175.0,1,2176.8,1,2178.0,4,2184.8,2,2184.9,1,2185.1,1,2186.0,2,2189.0,1,2180.6
ec2502,,13:38:59.0#,2260.0,2308.0,2110.1,2677.3,1938.8,9864,11698.0,2174.8,1,2175.0,1,2176.8,1,2178.0,4,2178.1,2,2184.9,1,2185.1,1,2186.0,2,2189.0,1,2189.9,2,2180.6
ec2502,,13:38:59.500#,2260.0,2308.0,2110.1,2677.3,1938.8,9864,11698.0,2175.0,1,2176.8,1,2178.0,4,2178.1,2,2179.1,1,2185.1,1,2186.0,2,2189.0,1,2189.9,2,2190.0,1,2180.6
ec2502,,13:39:00.500#,2260.0,2308.0,2110.1,2677.3,1938.8,9864,11698.0,2176.8,1,2178.0,4,2178.1,2,2178.2,1,2179.1,1,2185.1,1,2186.0,2,2189.0,1,2189.9,2,2190.0,1,2180.6
ec2502,,13:39:01.0#,2260.0,2308.0,2110.1,2677.3,1938.8,9864,11698.0,2174.8,1,2175.0,1,2176.8,1,2178.0,4,2178.1,2,2185.1,1,2186.0,2,2189.0,1,2189.9,2,2190.0,1,2180.6
ec2502,,13:39:02.0#,2260.0,2308.0,2110.1,2677.3,1938.8,9864,11698.0,2174.8,1,2175.0,1,2176.8,1,2178.0,4,2178.7,1,2185.1,1,2186.0,2,2189.0,1,2189.9,2,2190.0,1,2180.6
ec2502,,13:39:02.500#,2260.0,2308.0,2110.1,2677.3,1938.8,9864,11698.0,2175.0,1,2176.8,1,2178.0,4,2178.7,1,2178.8,1,2185.1,1,2186.0,2,2189.0,1,2189.9,2,2190.0,1,2180.6
ec2502,,13:39:03.0#,2260.0,2308.0,2110.1,2677.3,1938.8,9864,11698.0,2176.8,1,2178.0,4,2178.7,1,2178.8,1,2178.9,1,2185.0,15,2185.1,1,2186.0,2,2189.0,1,2189.9,2,2180.6
ec2502,,13:39:03.500#,2260.0,2308.0,2110.1,2677.3,1938.8,9864,11698.0,2176.8,1,2178.0,4,2178.7,1,2178.9,1,2179.0,1,2185.0,15,2185.1,1,2186.0,2,2189.0,1,2189.9,2,2180.6
ec2502,,13:39:04.0#,2260.0,2308.0,2110.1,2677.3,1938.8,9864,11698.0,2176.9,1,2178.0,4,2178.7,1,2179.0,1,2179.1,1,2185.0,15,2185.1,1,2186.0,2,2189.0,1,2189.9,2,2180.6
ec2502,,13:39:04.500#,2260.0,2308.0,2110.1,2677.3,1938.8,9864,11698.0,2178.0,4,2178.7,1,2179.1,1,2179.2,1,2179.3,1,2185.0,15,2185.1,1,2186.0,2,2189.0,1,2189.9,2,2180.6
ec2502,,13:39:05.0#,2260.0,2308.0,2110.1,2677.3,1938.8,9864,11698.0,2178.0,4,2178.7,1,2179.2,1,2179.3,1,2179.4,1,2185.0,15,2186.0,2,2189.0,1,2189.9,2,2190.0,1,2180.6
ec2502,,13:39:05.500#,2260.0,2308.0,2110.1,2677.3,1938.8,9864,11698.0,2178.0,4,2178.7,1,2179.2,1,2179.4,1,2179.5,1,2185.0,15,2186.0,2,2189.0,1,2189.9,2,2190.0,1,2180.6
ec2502,,13:39:06.0#,2260.0,2308.0,2110.1,2677.3,1938.8,9864,11698.0,2178.0,4,2179.2,1,2179.5,1,2179.9,1,2180.0,1,2185.0,15,2186.0,2,2189.0,1,2189.9,2,2190.0,1,2180.6
ec2502,,13:39:06.500#,2260.0,2308.0,2110.1,2677.3,1938.8,9864,11698.0,2178.0,4,2179.2,1,2179.9,1,2180.0,1,2180.1,1,2185.0,15,2186.0,2,2189.0,1,2189.9,2,2190.0,1,2180.6
ec2502,,13:39:07.0#,2260.0,2308.0,2110.1,2677.3,1938.8,9864,11698.0,2178.0,4,2179.2,1,2179.9,1,2180.1,1,2180.2,1,2185.0,15,2186.0,2,2189.0,1,2189.9,2,2190.0,1,2180.6
ec2502,,13:39:07.500#,2260.0,2308.0,2110.1,2677.3,1938.8,9864,11698.0,2178.0,4,2179.9,1,2180.2,1,2180.8,1,2180.9,1,2185.0,15,2186.0,2,2189.0,1,2189.9,2,2190.0,1,2180.6
ec2502,,13:39:08.0#,2260.0,2308.0,2110.1,2677.3,1938.8,9866,11697.0,2174.8,1,2175.0,1,2176.8,1,2178.0,4,2179.9,1,2186.0,2,2189.0,1,2189.9,2,2190.0,1,2192.0,2,2180.6
ec2502,,13:39:08.500#,2260.0,2308.0,2110.1,2677.3,1938.8,9866,11697.0,2175.0,1,2176.8,1,2178.0,4,2179.9,1,2180.0,2,2180.2,1,2186.0,2,2189.0,1,2189.9,2,2190.0,1,2180.6
ec2502,,13:39:09.0#,2260.0,2308.0,2110.1,2677.3,1938.8,9868,11697.0,2172.1,8,2174.8,1,2175.0,1,2176.8,1,2178.0,4,2180.2,1,2186.0,2,2189.0,1,2189.9,2,2190.0,1,2180.1
ec2502,,13:39:09.500#,2260.0,2308.0,2110.1,2677.3,1938.8,9868,11697.0,2174.8,1,2175.0,1,2176.8,1,2178.0,4,2178.5,1,2180.2,4,2185.1,1,2186.0,2,2189.0,1,2189.9,2,2180.1
ec2502,,13:39:10.0#,2260.0,2308.0,2110.1,2677.3,1938.8,9868,11697.0,2172.1,8,2174.8,1,2175.0,1,2176.8,1,2178.0,4,2180.2,4,2185.1,1,2186.0,2,2189.0,1,2189.9,2,2180.1
ec2502,,13:39:10.500#,2260.0,2308.0,2110.1,2677.3,1938.8,9868,11697.0,2172.1,8,2174.8,1,2175.0,1,2176.8,1,2178.0,4,2180.2,4,2185.0,15,2185.1,1,2186.0,2,2189.0,1,2180.1
ec2502,,13:39:11.0#,2260.0,2308.0,2110.1,2677.3,1938.8,9868,11697.0,2172.1,8,2174.8,1,2175.0,1,2176.8,1,2178.0,4,2180.2,4,2185.0,15,2185.1,1,2186.0,2,2189.0,1,2180.1
ec2502,,13:39:11.500#,2260.0,2308.0,2110.1,2677.3,1938.8,9868,11697.0,2172.1,8,2174.8,1,2175.0,1,2176.8,1,2178.0,4,2180.2,4,2185.0,15,2186.0,2,2189.0,1,2189.9,2,2180.1
ec2502,,13:39:12.0#,2260.0,2308.0,2110.1,2677.3,1938.8,9868,11697.0,2172.1,8,2174.8,1,2175.0,1,2176.8,1,2178.0,4,2180.2,4,2184.0,1,2185.0,15,2186.0,1,2189.0,1,2180.1
ec2502,,13:39:12.500#,2260.0,2308.0,2110.1,2677.3,1938.8,9868,11697.0,2172.1,8,2174.8,1,2175.0,1,2176.8,1,2178.0,4,2180.2,4,2184.0,1,2185.0,16,2186.0,1,2189.0,1,2180.1
ec2502,,13:39:13.0#,2260.0,2308.0,2110.1,2677.3,1938.8,9868,11697.0,2172.2,1,2174.8,1,2175.0,1,2176.8,1,2178.0,4,2180.2,4,2184.0,1,2185.0,16,2186.0,1,2189.0,1,2180.1
ec2502,,13:39:14.500#,2260.0,2308.0,2110.1,2677.3,1938.8,9870,11696.0,2172.1,8,2174.8,1,2175.0,2,2176.8,1,2178.0,4,2180.2,2,2184.0,1,2185.0,16,2186.0,1,2189.0,1,2180.2
ec2502,,13:39:15.0#,2260.0,2308.0,2110.1,2677.3,1938.8,9870,11696.0,2174.8,1,2175.0,2,2176.8,1,2178.0,4,2178.1,2,2180.2,2,2184.0,1,2185.0,16,2186.0,1,2189.0,1,2180.2
ec2502,,13:39:15.500#,2260.0,2308.0,2110.1,2677.3,1938.8,9870,11696.0,2174.8,1,2175.0,2,2176.8,1,2178.0,4,2178.1,2,2180.2,2,2184.0,1,2185.0,16,2186.0,1,2189.0,1,2180.2
ec2502,,13:39:16.500#,2260.0,2308.0,2110.1,2677.3,1938.8,9871,11696.0,2174.8,1,2175.0,1,2176.8,1,2178.0,4,2178.1,2,2180.2,1,2184.0,1,2185.0,16,2186.0,1,2189.0,1,2180.2
ec2502,,13:39:17.0#,2260.0,2308.0,2110.1,2677.3,1938.8,9871,11696.0,2175.0,1,2175.2,1,2176.8,1,2178.0,4,2178.1,2,2180.2,1,2184.0,1,2185.0,16,2186.0,1,2189.0,1,2180.2
ec2502,,13:39:17.500#,2260.0,2308.0,2110.1,2677.3,1938.8,9871,11696.0,2175.0,1,2175.2,1,2176.8,1,2178.0,4,2178.1,2,2180.2,1,2184.0,1,2185.0,16,2186.0,1,2189.0,1,2180.2
ec2502,,13:39:19.500#,2260.0,2308.0,2110.1,2677.3,1938.8,9871,11696.0,2172.1,8,2174.8,1,2175.0,2,2176.8,1,2178.0,4,2180.2,1,2183.9,1,2184.0,1,2185.0,16,2186.0,1,2180.2
ec2502,,13:39:20.0#,2260.0,2308.0,2110.1,2677.3,1938.8,9871,11696.0,2174.6,1,2174.8,1,2175.0,2,2176.8,1,2178.0,4,2180.2,1,2183.9,1,2184.0,1,2185.0,16,2186.0,1,2180.2
ec2502,,13:39:23.0#,2260.0,2308.0,2110.1,2677.3,1938.8,9872,11695.0,2174.6,1,2174.8,1,2175.0,2,2176.8,1,2178.0,4,2183.9,1,2184.0,1,2185.0,16,2186.0,1,2188.0,1,2180.2
ec2502,,13:39:23.500#,2260.0,2308.0,2110.1,2677.3,1938.8,9872,11695.0,2177.2,1,2178.0,4,2178.1,2,2178.2,1,2178.3,1,2184.0,1,2185.0,16,2186.0,1,2188.0,1,2189.0,1,2180.2
ec2502,,13:39:24.0#,2260.0,2308.0,2110.1,2677.3,1938.8,9872,11695.0,2176.8,1,2177.2,1,2178.0,4,2178.2,1,2178.3,1,2184.0,1,2185.0,16,2186.0,1,2188.0,1,2189.0,1,2180.2
ec2502,,13:39:24.500#,2260.0,2308.0,2110.1,2677.3,1938.8,9872,11695.0,2177.2,1,2178.0,4,2178.2,2,2178.3,1,2178.4,1,2184.0,1,2185.0,16,2186.0,1,2188.0,1,2189.0,1,2180.2
ec2502,,13:39:25.0#,2260.0,2308.0,2110.1,2677.3,1938.8,9872,11695.0,2178.0,4,2178.2,1,2178.3,1,2178.4,1,2179.4,1,2184.0,1,2185.0,16,2186.0,1,2188.0,1,2189.0,1,2180.2
ec2502,,13:39:25.500#,2260.0,2308.0,2110.1,2677.3,1938.8,9872,11695.0,2178.2,1,2178.3,1,2178.6,1,2179.4,1,2179.5,1,2184.0,1,2185.0,16,2186.0,1,2188.0,1,2189.0,1,2180.2
ec2502,,13:39:26.0#,2260.0,2308.0,2110.1,2677.3,1938.8,9872,11695.0,2178.6,1,2179.4,1,2179.5,1,2179.8,1,2180.1,1,2184.0,1,2185.0,16,2186.0,1,2188.0,1,2189.0,1,2180.2
ec2502,,13:39:26.500#,2260.0,2308.0,2110.1,2677.3,1938.8,9872,11695.0,2179.4,1,2179.6,1,2179.8,1,2180.1,1,2180.2,1,2184.0,1,2185.0,16,2186.0,1,2188.0,1,2189.0,1,2180.2
ec2502,,13:39:27.0#,2260.0,2308.0,2110.1,2677.3,1938.8,9872,11695.0,2178.0,4,2179.4,1,2179.8,1,2180.1,1,2180.2,1,2184.0,1,2185.0,16,2186.0,1,2188.0,1,2189.0,1,2180.2
ec2502,,13:39:27.500#,2260.0,2308.0,2110.1,2677.3,1938.8,9872,11695.0,2178.0,4,2179.4,1,2179.8,1,2180.1,1,2180.2,1,2184.0,1,2185.0,16,2186.0,1,2188.0,1,2189.0,1,2180.2
ec2502,,13:39:28.0#,2260.0,2308.0,2110.1,2677.3,1938.8,9872,11695.0,2178.0,4,2179.8,1,2180.1,1,2180.2,1,2181.0,1,2184.0,1,2185.0,16,2186.0,1,2188.0,1,2189.0,1,2180.2
ec2502,,13:39:28.500#,2260.0,2308.0,2110.1,2677.3,1938.8,9872,11695.0,2177.2,1,2178.0,4,2179.8,1,2180.1,1,2180.2,1,2184.0,1,2185.0,16,2186.0,1,2188.0,1,2189.0,1,2180.2
ec2502,,13:39:29.0#,2260.0,2308.0,2110.1,2677.3,1938.8,9872,11695.0,2177.2,1,2178.0,4,2179.8,1,2180.1,1,2180.2,1,2184.0,1,2185.0,16,2186.0,1,2188.0,1,2189.0,1,2180.2
ec2502,,13:39:30.0#,2260.0,2308.0,2110.1,2677.3,1938.8,9873,11694.0,2177.2,1,2178.0,4,2179.8,1,2180.1,1,2180.2,1,2185.0,16,2186.0,1,2188.0,1,2189.0,1,2189.9,2,2184.0
ec2502,,13:39:30.500#,2260.0,2308.0,2110.1,2677.3,1938.8,9873,11694.0,2177.2,1,2178.0,4,2179.8,1,2180.3,1,2181.5,1,2185.0,16,2186.0,1,2188.0,1,2189.0,1,2189.9,2,2184.0
ec2502,,13:39:31.0#,2260.0,2308.0,2110.1,2677.3,1938.8,9873,11694.0,2177.2,1,2178.0,4,2179.8,1,2181.5,1,2181.6,1,2185.0,16,2186.0,1,2188.0,1,2189.0,1,2189.9,2,2184.0
ec2502,,13:39:31.500#,2260.0,2308.0,2110.1,2677.3,1938.8,9873,11694.0,2178.0,4,2179.3,1,2179.8,1,2181.5,1,2181.7,1,2185.0,16,2186.0,1,2188.0,1,2189.0,1,2189.9,2,2184.0
ec2502,,13:39:32.0#,2260.0,2308.0,2110.1,2677.3,1938.8,9873,11694.0,2178.0,4,2179.3,1,2179.8,1,2181.5,1,2181.8,1,2185.0,16,2186.0,1,2188.0,1,2189.0,1,2189.9,2,2184.0
ec2502,,13:39:32.500#,2260.0,2308.0,2110.1,2677.3,1938.8,9873,11694.0,2178.0,4,2179.3,1,2181.5,1,2181.9,1,2182.0,1,2185.0,16,2186.0,1,2188.0,1,2189.0,1,2189.9,2,2184.0
ec2502,,13:39:33.0#,2260.0,2308.0,2110.1,2677.3,1938.8,9874,11693.0,2178.0,4,2179.3,1,2182.0,1,2182.1,1,2183.1,1,2185.0,15,2186.0,1,2188.0,1,2189.0,1,2189.9,2,2185.0
ec2502,,13:39:33.500#,2260.0,2308.0,2110.1,2677.3,1938.8,9875,11693.0,2179.3,1,2182.0,1,2182.1,1,2183.1,1,2183.2,1,2185.0,14,2186.0,1,2188.0,1,2189.0,1,2189.9,2,2185.0
ec2502,,13:39:34.0#,2260.0,2308.0,2110.1,2677.3,1938.8,9875,11693.0,2178.0,4,2179.3,1,2182.0,1,2183.1,1,2184.2,1,2185.0,14,2186.0,1,2188.0,1,2189.0,1,2189.9,2,2185.0
ec2502,,13:39:34.500#,2260.0,2308.0,2110.1,2677.3,1938.8,9878,11690.0,2178.0,4,2179.3,1,2182.0,1,2183.1,1,2184.2,1,2185.0,11,2186.0,1,2188.0,1,2189.0,1,2189.9,2,2185.0
ec2502,,13:39:35.0#,2260.0,2308.0,2110.1,2677.3,1938.8,9878,11690.0,2178.0,4,2179.3,1,2182.0,1,2183.1,1,2184.2,1,2185.0,11,2186.0,1,2188.0,1,2189.0,1,2189.9,2,2185.0
ec2502,,13:39:35.500#,2260.0,2308.0,2110.1,2677.3,1938.8,9878,11690.0,2178.0,4,2179.3,1,2182.0,1,2183.1,1,2184.2,1,2185.0,11,2186.0,1,2188.0,1,2189.0,1,2189.9,2,2185.0
ec2502,,13:39:37.0#,2260.0,2308.0,2110.1,2677.3,1938.8,9878,11690.0,2178.0,4,2179.3,1,2182.0,1,2183.1,1,2184.2,1,2185.0,11,2186.0,1,2188.0,1,2189.0,1,2189.9,2,2185.0
ec2502,,13:39:37.500#,2260.0,2308.0,2110.1,2677.3,1938.8,9878,11690.0,2175.9,1,2176.0,1,2178.0,4,2179.3,1,2182.0,1,2185.0,11,2186.0,1,2188.0,1,2189.0,1,2189.9,2,2185.0
ec2502,,13:39:38.0#,2260.0,2308.0,2110.1,2677.3,1938.8,9880,11690.0,2175.0,1,2175.9,1,2176.0,1,2178.0,4,2179.3,1,2185.0,11,2186.0,1,2188.0,1,2189.0,1,2189.9,2,2182.0
ec2502,,13:39:38.500#,2260.0,2308.0,2110.1,2677.3,1938.8,9880,11690.0,2178.8,1,2179.3,1,2179.6,1,2179.9,1,2180.0,1,2185.0,11,2186.0,1,2188.0,1,2189.0,1,2189.9,2,2182.0
ec2502,,13:39:39.0#,2260.0,2308.0,2110.1,2677.3,1938.8,9880,11690.0,2178.9,1,2179.3,1,2179.6,1,2179.9,1,2180.0,1,2185.0,11,2186.0,1,2188.0,1,2189.0,1,2189.9,2,2182.0
ec2502,,13:39:40.0#,2260.0,2308.0,2110.1,2677.3,1938.8,9880,11690.0,2179.3,1,2179.6,1,2179.9,1,2180.0,1,2180.1,1,2185.0,11,2186.0,1,2188.0,1,2189.0,1,2189.9,2,2182.0
ec2502,,13:39:40.500#,2260.0,2308.0,2110.1,2677.3,1938.8,9882,11691.0,2178.9,1,2179.3,1,2179.6,1,2179.9,1,2180.0,1,2185.0,11,2186.0,1,2188.0,1,2189.0,1,2189.9,2,2180.1
ec2502,,13:39:41.0#,2260.0,2308.0,2110.1,2677.3,1938.8,9882,11691.0,2175.4,1,2178.0,4,2178.9,1,2179.3,1,2180.0,1,2185.0,11,2186.0,1,2188.0,1,2189.0,1,2189.9,2,2180.1
ec2502,,13:39:41.500#,2260.0,2308.0,2110.1,2677.3,1938.8,9882,11691.0,2175.4,1,2178.0,4,2178.8,1,2178.9,1,2179.3,1,2183.9,1,2184.0,1,2184.4,1,2185.0,11,2186.0,1,2180.1
ec2502,,13:39:42.0#,2260.0,2308.0,2110.1,2677.3,1938.8,9882,11691.0,2175.4,1,2178.0,4,2178.9,1,2179.1,1,2179.3,1,2183.6,1,2183.9,1,2184.0,1,2184.4,1,2185.0,11,2180.1
ec2502,,13:39:42.500#,2260.0,2308.0,2110.1,2677.3,1938.8,9882,11691.0,2175.4,1,2178.0,4,2178.9,1,2179.1,1,2179.3,1,2183.6,1,2184.0,1,2184.4,1,2185.0,11,2186.0,1,2180.1
ec2502,,13:39:43.0#,2260.0,2308.0,2110.1,2677.3,1938.8,9882,11691.0,2178.0,4,2178.8,1,2178.9,1,2179.3,1,2181.8,1,2184.0,1,2184.4,1,2185.0,11,2186.0,1,2188.0,1,2180.1
ec2502,,13:39:43.500#,2260.0,2308.0,2110.1,2677.3,1938.8,9882,11691.0,2178.0,4,2178.8,1,2178.9,1,2179.3,1,2181.8,1,2184.0,1,2185.0,11,2186.0,1,2188.0,1,2189.0,1,2180.1
ec2502,,13:39:44.0#,2260.0,2308.0,2110.1,2677.3,1938.8,9882,11691.0,2175.9,1,2178.0,4,2178.9,1,2179.3,1,2181.8,1,2184.0,1,2185.0,11,2186.0,1,2188.0,1,2189.0,1,2180.1
ec2502,,13:39:44.500#,2260.0,2308.0,2110.1,2677.3,1938.8,9882,11691.0,2175.0,1,2175.9,1,2178.0,4,2179.3,1,2181.8,1,2184.0,1,2185.0,11,2186.0,1,2188.0,1,2189.0,1,2180.1
ec2502,,13:39:45.0#,2260.0,2308.0,2110.1,2677.3,1938.8,9882,11691.0,2175.7,1,2175.8,1,2178.0,4,2179.3,1,2181.8,1,2184.0,1,2185.0,11,2186.0,1,2188.0,1,2189.0,1,2180.1
ec2502,,13:39:48.500#,2260.0,2308.0,2110.1,2677.3,1938.8,9883,11692.0,2175.7,1,2175.8,1,2178.0,4,2179.3,1,2181.8,1,2185.0,11,2186.0,1,2188.0,1,2189.0,1,2189.9,2,2184.0
ec2502,,13:39:49.0#,2260.0,2308.0,2110.1,2677.3,1938.8,9883,11692.0,2174.8,2,2175.0,1,2178.0,4,2179.3,3,2181.8,1,2185.0,11,2186.0,1,2188.0,1,2189.0,1,2189.9,2,2184.0
ec2502,,13:39:49.500#,2260.0,2308.0,2110.1,2677.3,1938.8,9883,11692.0,2174.8,2,2175.0,1,2178.0,4,2179.3,3,2181.8,2,2185.0,11,2186.0,1,2188.0,1,2189.0,1,2189.9,2,2184.0
ec2502,,13:39:50.500#,2260.0,2308.0,2110.1,2677.3,1938.8,9883,11692.0,2174.8,1,2175.0,1,2178.0,4,2179.3,3,2181.8,2,2184.9,5,2185.0,11,2186.0,1,2188.0,1,2189.0,1,2184.0
ec2502,,13:39:51.0#,2260.0,2308.0,2110.1,2677.3,1938.8,9883,11692.0,2174.8,1,2175.0,1,2178.0,4,2179.3,3,2181.8,2,2184.5,1,2184.9,5,2185.0,11,2186.0,1,2188.0,1,2184.0
ec2502,,13:39:51.500#,2260.0,2308.0,2110.1,2677.3,1938.8,9883,11692.0,2174.8,1,2175.0,1,2178.0,4,2179.3,3,2181.8,2,2184.9,5,2185.0,11,2186.0,1,2188.0,1,2189.0,1,2184.0
ec2502,,13:39:52.0#,2260.0,2308.0,2110.1,2677.3,1938.8,9883,11692.0,2174.8,1,2175.0,1,2178.0,4,2179.3,3,2181.8,2,2184.9,5,2185.0,11,2186.0,1,2188.0,1,2189.0,1,2184.0
ec2502,,13:39:55.0#,2260.0,2308.0,2110.1,2677.3,1938.8,9883,11692.0,2174.9,1,2175.0,1,2178.0,4,2179.3,3,2181.8,2,2185.0,11,2186.0,1,2188.0,1,2189.9,2,2190.0,1,2184.0
ec2502,,13:39:55.500#,2260.0,2308.0,2110.1,2677.3,1938.8,9883,11692.0,2174.8,1,2175.0,1,2178.0,4,2179.3,3,2181.8,2,2185.0,11,2186.0,1,2188.0,1,2189.9,2,2190.0,1,2184.0
ec2502,,13:39:56.500#,2260.0,2308.0,2110.1,2677.3,1938.8,9883,11692.0,2174.8,1,2175.0,1,2178.0,4,2179.3,3,2181.8,2,2185.0,11,2186.0,1,2188.0,1,2189.9,2,2190.0,1,2184.0
ec2502,,13:39:57.0#,2260.0,2308.0,2110.1,2677.3,1938.8,9883,11692.0,2175.0,2,2175.1,1,2178.0,4,2179.3,3,2181.8,2,2185.0,11,2186.0,1,2188.0,1,2189.9,2,2190.0,1,2184.0
ec2502,,13:39:57.500#,2260.0,2308.0,2110.1,2677.3,1938.8,9883,11692.0,2175.0,2,2175.5,1,2178.0,4,2179.3,3,2181.8,2,2185.0,11,2186.0,1,2188.0,1,2189.9,2,2190.0,1,2184.0
ec2502,,13:39:58.0#,2260.0,2308.0,2110.1,2677.3,1938.8,9883,11692.0,2175.0,2,2175.5,1,2178.0,4,2179.3,3,2181.8,2,2185.0,11,2186.0,1,2189.9,2,2190.0,1,2192.0,2,2184.0
ec2502,,13:39:58.500#,2260.0,2308.0,2110.1,2677.3,1938.8,9884,11693.0,2175.0,1,2175.5,1,2178.0,4,2179.3,3,2181.8,1,2185.0,11,2186.0,1,2189.9,2,2190.0,1,2192.0,2,2181.8
ec2502,,13:39:59.0#,2260.0,2308.0,2110.1,2677.3,1938.8,9884,11693.0,2175.1,1,2175.5,1,2178.0,4,2179.3,3,2181.8,1,2185.0,11,2186.0,1,2189.9,2,2190.0,1,2192.0,2,2181.8
ec2502,,13:39:59.500#,2260.0,2308.0,2110.1,2677.3,1938.8,9884,11693.0,2175.1,1,2175.5,1,2178.0,4,2179.3,3,2181.8,1,2185.0,11,2186.0,1,2189.9,2,2190.0,1,2192.0,2,2181.8
ec2502,,13:40:00.0#,2260.0,2308.0,2110.1,2677.3,1938.8,9884,11693.0,2175.0,1,2175.1,1,2178.0,4,2179.3,3,2181.8,1,2184.9,5,2185.0,11,2186.0,1,2189.9,2,2190.0,1,2181.8
ec2502,,13:40:00.500#,2260.0,2308.0,2110.1,2677.3,1938.8,9884,11693.0,2175.1,1,2175.5,1,2178.0,4,2179.3,3,2181.8,1,2184.4,1,2185.0,11,2186.0,1,2189.9,2,2190.0,1,2181.8
ec2502,,13:40:01.0#,2260.0,2308.0,2110.1,2677.3,1938.8,9884,11693.0,2175.1,1,2175.5,1,2178.0,4,2179.3,3,2181.8,1,2184.3,1,2184.9,1,2185.0,11,2186.0,1,2189.9,2,2181.8
ec2502,,13:40:02.0#,2260.0,2308.0,2110.1,2677.3,1938.8,9885,11693.0,2174.8,1,2175.0,1,2175.1,1,2178.0,4,2179.3,3,2184.2,1,2184.3,1,2184.9,1,2185.0,11,2186.0,1,2181.8
ec2502,,13:40:02.500#,2260.0,2308.0,2110.1,2677.3,1938.8,9885,11693.0,2174.8,1,2175.0,1,2175.1,1,2178.0,4,2179.3,3,2183.7,1,2183.8,1,2184.2,1,2184.9,1,2185.0,11,2181.8
ec2502,,13:40:03.0#,2260.0,2308.0,2110.1,2677.3,1938.8,9887,11693.0,2174.8,1,2175.0,1,2175.1,1,2178.0,4,2179.3,1,2183.6,1,2183.7,1,2183.8,1,2184.9,1,2185.0,11,2179.3
ec2502,,13:40:03.500#,2260.0,2308.0,2110.1,2677.3,1938.8,9893,11694.0,2172.1,8,2174.7,1,2174.8,1,2175.0,1,2175.1,1,2178.0,4,2179.3,3,2183.6,1,2183.8,1,2184.9,1,2178.0
ec2502,,13:40:04.0#,2260.0,2308.0,2110.1,2677.3,1938.8,9894,11695.0,2171.4,1,2172.1,8,2174.7,1,2174.8,1,2175.0,1,2177.8,1,2178.0,4,2179.3,1,2184.9,1,2185.0,11,2175.1
ec2502,,13:40:04.500#,2260.0,2308.0,2110.1,2677.3,1938.8,9894,11695.0,2171.4,1,2172.1,8,2174.7,1,2174.8,1,2175.0,1,2177.5,1,2177.6,1,2177.8,1,2179.3,1,2184.9,1,2175.1
ec2502,,13:40:05.0#,2260.0,2308.0,2110.1,2677.3,1938.8,9895,11695.0,2169.7,1,2170.0,3,2172.1,8,2174.7,1,2174.8,1,2175.0,4,2177.5,1,2177.6,1,2179.3,1,2184.9,1,2175.0
ec2502,,13:40:05.500#,2260.0,2308.0,2110.1,2677.3,1938.8,9895,11695.0,2168.0,1,2169.2,1,2170.0,3,2172.1,8,2174.8,1,2175.0,4,2179.3,1,2184.9,1,2185.0,11,2186.0,1,2175.0
ec2502,,13:40:06.0#,2260.0,2308.0,2110.1,2677.3,1938.8,9895,11695.0,2168.0,1,2168.9,1,2170.0,3,2172.1,8,2174.8,1,2175.0,4,2184.9,1,2185.0,11,2186.0,1,2189.9,2,2175.0
ec2502,,13:40:06.500#,2260.0,2308.0,2110.1,2677.3,1938.8,9895,11695.0,2168.9,1,2170.0,3,2172.1,8,2172.2,1,2174.8,1,2175.0,4,2184.9,1,2185.0,11,2186.0,1,2189.9,2,2175.0
ec2502,,13:40:07.500#,2260.0,2308.0,2110.1,2677.3,1938.8,9895,11695.0,2168.5,1,2170.0,3,2172.1,8,2172.2,1,2174.8,1,2175.0,4,2184.9,1,2185.0,11,2186.0,1,2189.9,2,2175.0
ec2502,,13:40:08.0#,2260.0,2308.0,2110.1,2677.3,1938.8,9895,11695.0,2168.0,1,2168.5,1,2170.0,3,2172.1,8,2174.8,1,2175.0,4,2185.0,11,2186.0,1,2189.9,2,2190.0,1,2175.0
ec2502,,13:40:08.500#,2260.0,2308.0,2110.1,2677.3,1938.8,9896,11696.0,2166.0,1,2168.0,1,2168.5,1,2170.0,3,2172.1,8,2175.0,4,2185.0,11,2186.0,1,2189.9,2,2190.0,1,2174.8
ec2502,,13:40:09.500#,2260.0,2308.0,2110.1,2677.3,1938.8,9896,11696.0,2166.0,1,2168.0,1,2168.5,1,2170.0,3,2172.1,8,2175.0,4,2185.0,11,2186.0,1,2189.9,2,2190.0,1,2174.8
ec2502,,13:40:10.0#,2260.0,2308.0,2110.1,2677.3,1938.8,9897,11696.0,2166.0,1,2168.0,1,2168.5,1,2170.0,3,2172.1,8,2180.9,1,2181.8,1,2182.9,1,2183.6,1,2185.0,11,2175.0
ec2502,,13:40:10.500#,2260.0,2308.0,2110.1,2677.3,1938.8,9897,11696.0,2166.0,1,2168.0,1,2168.5,1,2170.0,3,2172.1,8,2178.8,2,2178.9,1,2179.9,1,2185.0,11,2186.0,1,2175.0
ec2502,,13:40:11.0#,2260.0,2308.0,2110.1,2677.3,1938.8,9898,11695.0,2168.0,1,2168.5,1,2170.0,3,2171.8,1,2172.1,8,2178.7,1,2178.8,1,2178.9,1,2179.9,1,2185.0,11,2178.8
ec2502,,13:40:11.500#,2260.0,2308.0,2110.1,2677.3,1938.8,9898,11695.0,2168.0,1,2168.5,1,2170.0,3,2171.8,1,2172.1,8,2178.6,1,2178.7,1,2178.9,1,2179.9,1,2185.0,11,2178.8
ec2502,,13:40:12.0#,2260.0,2308.0,2110.1,2677.3,1938.8,9898,11695.0,2166.0,1,2168.0,1,2170.0,3,2171.8,1,2172.1,8,2178.3,1,2178.4,1,2178.6,1,2178.9,1,2179.9,1,2178.8
ec2502,,13:40:12.500#,2260.0,2308.0,2110.1,2677.3,1938.8,9898,11695.0,2166.0,1,2168.0,1,2170.0,3,2171.8,1,2172.1,8,2178.2,1,2178.3,1,2178.4,1,2178.9,1,2179.9,1,2178.8
ec2502,,13:40:13.0#,2260.0,2308.0,2110.1,2677.3,1938.8,9898,11695.0,2165.0,1,2166.0,1,2168.0,1,2170.0,3,2172.1,8,2178.1,1,2178.2,1,2178.9,1,2179.9,1,2185.0,11,2178.8
ec2502,,13:40:13.500#,2260.0,2308.0,2110.1,2677.3,1938.8,9898,11695.0,2165.0,1,2166.0,1,2168.0,1,2170.0,3,2172.1,8,2178.1,1,2179.9,1,2185.0,11,2186.0,1,2189.9,2,2178.8
ec2502,,13:40:14.0#,2260.0,2308.0,2110.1,2677.3,1938.8,9898,11695.0,2168.0,1,2170.0,3,2172.1,8,2172.2,1,2172.3,1,2185.0,11,2186.0,1,2189.9,2,2190.0,1,2192.0,2,2178.8
ec2502,,13:40:14.500#,2260.0,2308.0,2110.1,2677.3,1938.8,9898,11695.0,2170.0,3,2172.1,8,2172.2,1,2172.3,1,2173.2,1,2182.9,1,2183.0,1,2184.0,1,2185.0,11,2186.0,1,2178.8
ec2502,,13:40:15.0#,2260.0,2308.0,2110.1,2677.3,1938.8,9898,11695.0,2172.2,1,2172.3,1,2172.4,1,2173.0,1,2173.2,1,2182.9,1,2183.0,1,2184.0,1,2185.0,11,2186.0,1,2178.8
ec2502,,13:40:15.500#,2260.0,2308.0,2110.1,2677.3,1938.8,9898,11695.0,2172.2,1,2172.3,1,2173.2,1,2173.3,1,2173.9,1,2182.7,1,2182.9,1,2183.0,1,2184.0,1,2185.0,11,2178.8
ec2502,,13:40:16.0#,2260.0,2308.0,2110.1,2677.3,1938.8,9898,11695.0,2172.2,1,2172.3,1,2173.2,1,2173.3,1,2173.9,1,2182.9,1,2183.0,1,2184.0,1,2185.0,11,2186.0,1,2178.8
ec2502,,13:40:16.500#,2260.0,2308.0,2110.1,2677.3,1938.8,9898,11695.0,2172.2,1,2172.3,1,2173.2,1,2173.9,1,2174.0,1,2182.9,1,2183.0,1,2184.0,1,2185.0,11,2186.0,1,2178.8
ec2502,,13:40:17.0#,2260.0,2308.0,2110.1,2677.3,1938.8,9898,11695.0,2172.3,1,2173.2,1,2173.9,1,2174.0,1,2174.2,1,2182.9,1,2183.0,1,2184.0,1,2185.0,11,2186.0,1,2178.8
ec2502,,13:40:17.500#,2260.0,2308.0,2110.1,2677.3,1938.8,9898,11695.0,2173.2,1,2174.0,1,2174.2,1,2174.4,1,2174.5,1,2182.9,1,2183.0,1,2184.0,1,2185.0,11,2186.0,1,2178.8
ec2502,,13:40:18.0#,2260.0,2308.0,2110.1,2677.3,1938.8,9899,11694.0,2172.3,1,2173.2,1,2174.4,1,2174.5,2,2182.9,1,2183.0,1,2184.0,1,2184.8,1,2185.0,11,2186.0,1,2182.9
ec2502,,13:40:18.500#,2260.0,2308.0,2110.1,2677.3,1938.8,9900,11694.0,2170.0,3,2172.1,8,2172.2,1,2174.6,1,2175.8,1,2182.9,3,2184.8,1,2185.0,11,2186.0,1,2189.9,2,2182.9
ec2502,,13:40:19.500#,2260.0,2308.0,2110.1,2677.3,1938.8,9900,11694.0,2168.0,1,2170.0,3,2172.1,8,2172.2,1,2175.8,1,2182.8,1,2182.9,1,2184.8,2,2185.0,11,2186.0,1,2182.9
ec2502,,13:40:20.0#,2260.0,2308.0,2110.1,2677.3,1938.8,9900,11694.0,2170.0,3,2172.1,8,2172.2,1,2172.8,1,2175.8,1,2182.4,1,2182.7,1,2182.8,1,2182.9,1,2184.8,2,2182.9
ec2502,,13:40:20.500#,2260.0,2308.0,2110.1,2677.3,1938.8,9900,11694.0,2168.0,1,2170.0,3,2172.1,8,2172.2,1,2175.8,1,2182.1,1,2182.4,1,2182.8,1,2182.9,1,2184.6,1,2182.9
ec2502,,13:40:21.0#,2260.0,2308.0,2110.1,2677.3,1938.8,9900,11694.0,2170.0,3,2172.1,8,2172.2,1,2175.3,1,2175.9,1,2182.0,1,2182.1,1,2182.4,1,2182.8,1,2182.9,1,2182.9
ec2502,,13:40:21.500#,2260.0,2308.0,2110.1,2677.3,1938.8,9900,11694.0,2170.0,3,2172.1,9,2172.2,1,2175.9,1,2176.6,1,2182.1,1,2182.4,1,2182.8,1,2182.9,1,2184.1,1,2182.9
ec2502,,13:40:22.0#,2260.0,2308.0,2110.1,2677.3,1938.8,9900,11694.0,2168.0,1,2170.0,3,2172.1,8,2172.2,1,2175.9,1,2182.0,1,2182.8,1,2182.9,1,2183.8,1,2184.8,1,2182.9
ec2502,,13:40:22.500#,2260.0,2308.0,2110.1,2677.3,1938.8,9900,11694.0,2170.0,3,2172.1,8,2172.2,1,2175.9,1,2177.5,1,2182.8,1,2184.8,1,2185.0,11,2186.0,1,2187.1,1,2182.9
ec2502,,13:40:23.0#,2260.0,2308.0,2110.1,2677.3,1938.8,9900,11694.0,2172.1,8,2172.2,1,2172.4,1,2173.8,1,2177.5,1,2182.7,1,2183.9,1,2184.8,1,2185.0,11,2186.0,1,2182.9
ec2502,,13:40:23.500#,2260.0,2308.0,2110.1,2677.3,1938.8,9900,11694.0,2172.1,8,2172.2,1,2172.4,1,2173.8,1,2177.5,1,2182.7,1,2183.9,1,2184.8,1,2185.0,11,2186.0,1,2182.9
ec2502,,13:40:24.0#,2260.0,2308.0,2110.1,2677.3,1938.8,9900,11694.0,2172.1,8,2172.2,1,2172.4,1,2172.5,1,2173.8,1,2183.8,1,2183.9,1,2184.8,1,2185.0,11,2186.0,1,2182.9
ec2502,,13:40:24.500#,2260.0,2308.0,2110.1,2677.3,1938.8,9900,11694.0,2172.4,1,2172.5,1,2173.8,1,2173.9,1,2177.6,1,2183.8,1,2183.9,1,2184.8,1,2185.0,11,2186.0,1,2182.9
ec2502,,13:40:25.0#,2260.0,2308.0,2110.1,2677.3,1938.8,9900,11694.0,2172.5,1,2173.8,1,2173.9,1,2174.2,1,2177.6,1,2183.8,1,2183.9,1,2184.8,1,2185.0,11,2186.0,1,2182.9
ec2502,,13:40:25.500#,2260.0,2308.0,2110.1,2677.3,1938.8,9900,11694.0,2172.5,1,2173.8,1,2173.9,1,2174.5,1,2177.6,1,2183.8,1,2183.9,1,2184.8,1,2185.0,11,2186.0,1,2182.9
ec2502,,13:40:27.500#,2260.0,2308.0,2110.1,2677.3,1938.8,9900,11694.0,2173.8,1,2173.9,1,2174.3,1,2174.5,1,2177.6,1,2183.9,1,2184.8,1,2185.0,11,2186.0,1,2189.9,2,2182.9
ec2502,,13:40:28.0#,2260.0,2308.0,2110.1,2677.3,1938.8,9900,11694.0,2173.8,1,2173.9,1,2174.3,1,2174.5,1,2177.6,1,2183.8,1,2184.8,1,2185.0,11,2186.0,1,2189.9,2,2182.9
ec2502,,13:40:28.500#,2260.0,2308.0,2110.1,2677.3,1938.8,9900,11694.0,2172.5,1,2173.9,1,2174.3,1,2174.5,1,2177.6,1,2183.8,1,2184.8,1,2185.0,11,2186.0,1,2189.9,2,2182.9
ec2502,,13:40:29.0#,2260.0,2308.0,2110.1,2677.3,1938.8,9900,11694.0,2174.3,1,2174.5,1,2177.7,1,2177.9,1,2180.0,1,2184.8,1,2185.0,11,2186.0,1,2189.9,2,2190.0,1,2182.9
ec2502,,13:40:29.500#,2260.0,2308.0,2110.1,2677.3,1938.8,9900,11694.0,2172.5,1,2174.3,1,2174.5,1,2177.9,1,2180.0,1,2184.8,1,2185.0,11,2186.0,1,2189.9,2,2190.0,1,2182.9
ec2502,,13:40:30.0#,2260.0,2308.0,2110.1,2677.3,1938.8,9900,11694.0,2173.5,1,2174.5,1,2177.7,1,2177.9,1,2180.1,1,2184.8,1,2185.0,11,2186.0,1,2189.9,2,2190.0,1,2182.9
ec2502,,13:40:30.500#,2260.0,2308.0,2110.1,2677.3,1938.8,9900,11694.0,2173.5,1,2174.5,1,2177.7,1,2177.9,1,2180.7,1,2184.8,1,2185.0,11,2186.0,1,2189.9,2,2190.0,1,2182.9
ec2502,,13:40:31.0#,2260.0,2308.0,2110.1,2677.3,1938.8,9900,11694.0,2174.7,1,2176.1,1,2177.7,1,2180.7,1,2180.8,1,2184.8,1,2185.0,11,2186.0,1,2189.9,2,2190.0,1,2182.9
ec2502,,13:40:32.0#,2260.0,2308.0,2110.1,2677.3,1938.8,9900,11694.0,2172.2,1,2174.7,1,2175.3,1,2176.1,1,2177.7,1,2184.8,1,2185.0,11,2186.0,1,2189.9,2,2190.0,1,2182.9
ec2502,,13:40:32.500#,2260.0,2308.0,2110.1,2677.3,1938.8,9900,11694.0,2172.2,1,2176.1,1,2177.7,1,2177.8,1,2180.6,1,2184.8,1,2185.0,11,2186.0,1,2189.9,2,2190.0,1,2182.9
ec2502,,13:40:33.500#,2260.0,2308.0,2110.1,2677.3,1938.8,9900,11694.0,2172.2,1,2177.7,1,2177.8,1,2177.9,1,2180.6,1,2184.8,1,2185.0,11,2186.0,1,2189.9,2,2190.0,1,2182.9
ec2502,,13:40:34.0#,2260.0,2308.0,2110.1,2677.3,1938.8,9900,11694.0,2172.5,1,2177.9,1,2180.6,1,2180.7,1,2183.0,1,2184.8,1,2185.0,11,2186.0,1,2189.9,2,2190.0,1,2182.9
ec2502,,13:40:34.500#,2260.0,2308.0,2110.1,2677.3,1938.8,9900,11694.0,2172.2,1,2172.5,1,2177.9,1,2180.7,1,2183.0,1,2184.8,1,2185.0,11,2186.0,1,2189.9,2,2190.0,1,2182.9
ec2502,,13:40:35.0#,2260.0,2308.0,2110.1,2677.3,1938.8,9901,11695.0,2172.2,1,2172.5,1,2177.9,1,2180.7,1,2181.5,1,2184.8,1,2185.0,11,2186.0,1,2189.9,2,2190.0,1,2182.9
ec2502,,13:40:35.500#,2260.0,2308.0,2110.1,2677.3,1938.8,9901,11695.0,2172.5,1,2174.3,1,2177.9,1,2181.5,1,2181.6,1,2184.8,1,2185.0,11,2186.0,1,2189.9,2,2190.0,1,2182.9
ec2502,,13:40:36.500#,2260.0,2308.0,2110.1,2677.3,1938.8,9901,11695.0,2172.1,8,2172.2,1,2172.5,1,2175.6,1,2181.5,1,2184.8,1,2185.0,11,2186.0,1,2189.9,2,2190.0,1,2182.9
ec2502,,13:40:37.0#,2260.0,2308.0,2110.1,2677.3,1938.8,9901,11695.0,2172.2,1,2172.5,1,2175.6,1,2181.5,1,2181.6,1,2184.8,1,2185.0,11,2186.0,1,2189.9,2,2190.0,1,2182.9
ec2502,,13:40:37.500#,2260.0,2308.0,2110.1,2677.3,1938.8,9901,11695.0,2172.1,8,2172.2,1,2175.6,1,2181.5,1,2181.6,1,2184.8,1,2185.0,11,2186.0,1,2189.9,2,2190.0,1,2182.9
ec2502,,13:40:38.0#,2260.0,2308.0,2110.1,2677.3,1938.8,9902,11694.0,2172.2,1,2172.4,1,2175.6,1,2176.4,1,2176.6,1,2184.8,1,2185.0,11,2186.0,1,2189.9,2,2190.0,1,2181.5
ec2502,,13:40:38.500#,2260.0,2308.0,2110.1,2677.3,1938.8,9902,11694.0,2172.4,1,2173.6,1,2175.6,1,2176.4,1,2176.7,1,2183.7,1,2184.8,1,2185.0,11,2186.0,1,2189.9,2,2181.5
ec2502,,13:40:39.0#,2260.0,2308.0,2110.1,2677.3,1938.8,9902,11694.0,2173.0,1,2173.6,1,2173.9,1,2176.4,1,2176.7,1,2183.7,1,2184.8,1,2185.0,11,2186.0,1,2189.9,2,2181.5
ec2502,,13:40:39.500#,2260.0,2308.0,2110.1,2677.3,1938.8,9902,11694.0,2172.4,1,2173.0,1,2173.6,1,2173.9,1,2176.4,1,2183.0,1,2183.7,1,2184.8,1,2185.0,11,2186.0,1,2181.5
ec2502,,13:40:40.0#,2260.0,2308.0,2110.1,2677.3,1938.8,9902,11694.0,2173.0,1,2173.6,1,2173.9,1,2176.4,1,2176.5,1,2182.4,1,2183.0,1,2183.7,1,2184.8,1,2185.0,11,2181.5
ec2502,,13:40:40.500#,2260.0,2308.0,2110.1,2677.3,1938.8,9902,11694.0,2172.2,1,2173.0,1,2173.6,1,2173.9,1,2176.4,1,2182.9,1,2183.0,1,2183.7,1,2184.8,1,2185.0,11,2181.5
ec2502,,13:40:41.0#,2260.0,2308.0,2110.1,2677.3,1938.8,9902,11694.0,2172.2,1,2173.0,1,2173.6,1,2173.9,1,2176.4,1,2182.5,1,2182.9,1,2183.0,1,2183.7,1,2184.8,1,2181.5
ec2502,,13:40:41.500#,2260.0,2308.0,2110.1,2677.3,1938.8,9903,11694.0,2173.0,1,2173.6,1,2173.9,1,2176.4,1,2176.5,1,2183.0,1,2183.7,1,2184.8,1,2185.0,11,2186.0,1,2182.5
ec2502,,13:40:42.0#,2260.0,2308.0,2110.1,2677.3,1938.8,9905,11695.0,2172.2,1,2173.0,1,2173.6,1,2173.9,1,2176.4,1,2183.6,1,2183.7,1,2184.8,1,2185.0,11,2186.0,1,2176.7
ec2502,,13:40:42.500#,2260.0,2308.0,2110.1,2677.3,1938.8,9905,11695.0,2172.1,8,2172.2,1,2173.0,1,2173.6,1,2176.4,1,2182.9,1,2183.5,1,2183.7,1,2184.8,1,2185.0,11,2176.7
ec2502,,13:40:43.0#,2260.0,2308.0,2110.1,2677.3,1938.8,9905,11695.0,2172.1,8,2172.2,1,2173.0,1,2173.6,1,2176.4,1,2182.4,1,2182.9,1,2183.7,1,2184.8,1,2185.0,11,2176.7
ec2502,,13:40:43.500#,2260.0,2308.0,2110.1,2677.3,1938.8,9905,11695.0,2172.2,1,2173.0,1,2173.6,1,2176.4,1,2176.5,1,2182.3,1,2182.4,1,2182.5,1,2182.9,1,2183.7,1,2176.7
ec2502,,13:40:44.0#,2260.0,2308.0,2110.1,2677.3,1938.8,9905,11695.0,2172.1,8,2172.2,1,2173.0,1,2173.6,1,2176.4,1,2182.2,2,2182.3,1,2182.4,1,2182.9,1,2183.7,1,2176.7
ec2502,,13:40:44.500#,2260.0,2308.0,2110.1,2677.3,1938.8,9905,11695.0,2170.6,1,2172.1,8,2172.2,1,2173.0,1,2173.6,1,2181.9,1,2182.1,1,2182.2,1,2182.3,1,2182.4,1,2176.7
ec2502,,13:40:45.0#,2260.0,2308.0,2110.1,2677.3,1938.8,9905,11695.0,2170.6,1,2172.1,8,2172.2,1,2173.0,1,2173.6,1,2181.8,2,2181.9,1,2182.1,1,2182.2,1,2182.3,1,2176.7
ec2502,,13:40:45.500#,2260.0,2308.0,2110.1,2677.3,1938.8,9905,11695.0,2170.6,1,2172.1,8,2172.2,1,2173.0,1,2173.6,1,2181.8,2,2181.9,1,2182.1,1,2182.2,1,2182.4,1,2176.7
ec2502,,13:40:46.0#,2260.0,2308.0,2110.1,2677.3,1938.8,9905,11695.0,2173.0,1,2173.6,1,2173.7,2,2173.8,1,2173.9,1,2181.5,2,2181.8,2,2182.4,1,2184.8,1,2185.0,11,2176.7
ec2502,,13:40:46.500#,2260.0,2308.0,2110.1,2677.3,1938.8,9905,11695.0,2173.6,1,2173.7,2,2173.8,1,2173.9,1,2175.1,1,2181.3,1,2181.4,1,2181.5,2,2181.8,2,2184.8,1,2176.7
ec2502,,13:40:47.0#,2260.0,2308.0,2110.1,2677.3,1938.8,9905,11695.0,2173.0,1,2173.6,1,2173.9,1,2174.2,1,2175.1,1,2181.3,1,2181.4,1,2181.5,2,2181.8,2,2184.8,1,2176.7
ec2502,,13:40:47.500#,2260.0,2308.0,2110.1,2677.3,1938.8,9905,11695.0,2173.0,1,2173.6,1,2173.9,1,2175.1,1,2175.3,1,2180.8,1,2180.9,1,2181.1,1,2181.4,1,2181.8,2,2176.7
ec2502,,13:40:48.0#,2260.0,2308.0,2110.1,2677.3,1938.8,9905,11695.0,2172.2,1,2173.0,1,2173.6,1,2173.9,1,2175.8,1,2180.8,1,2180.9,1,2181.1,1,2181.4,1,2181.8,2,2176.7
ec2502,,13:40:48.500#,2260.0,2308.0,2110.1,2677.3,1938.8,9905,11695.0,2172.7,1,2173.0,1,2173.6,1,2173.9,1,2175.8,1,2180.6,1,2180.8,2,2180.9,2,2181.4,1,2181.8,2,2176.7
ec2502,,13:40:49.0#,2260.0,2308.0,2110.1,2677.3,1938.8,9905,11695.0,2172.2,1,2173.0,1,2173.6,1,2173.9,1,2175.8,1,2180.6,1,2180.8,2,2180.9,1,2181.4,1,2181.8,2,2176.7
ec2502,,13:40:49.500#,2260.0,2308.0,2110.1,2677.3,1938.8,9905,11695.0,2173.6,1,2173.9,1,2175.8,1,2175.9,1,2180.8,1,2181.4,1,2181.8,1,2184.8,1,2185.0,11,2186.0,1,2176.7
ec2502,,13:40:50.0#,2260.0,2308.0,2110.1,2677.3,1938.8,9906,11695.0,2173.0,1,2173.3,1,2173.9,1,2175.8,1,2175.9,1,2184.8,1,2185.0,11,2186.0,1,2189.9,2,2190.0,1,2180.8
ec2502,,13:40:50.500#,2260.0,2308.0,2110.1,2677.3,1938.8,9907,11695.0,2172.2,1,2173.0,1,2173.3,1,2176.0,1,2177.4,1,2184.5,1,2184.6,1,2184.7,1,2184.8,1,2185.0,11,2175.9
ec2502,,13:40:51.0#,2260.0,2308.0,2110.1,2677.3,1938.8,9907,11695.0,2173.4,1,2176.0,1,2176.3,1,2177.4,1,2177.5,1,2184.4,1,2184.5,1,2184.6,1,2184.7,1,2184.8,1,2175.9
ec2502,,13:40:51.500#,2260.0,2308.0,2110.1,2677.3,1938.8,9907,11695.0,2173.4,1,2176.0,1,2176.3,1,2177.4,1,2177.5,1,2183.7,1,2184.5,1,2184.6,1,2184.7,1,2184.8,1,2175.9
ec2502,,13:40:52.0#,2260.0,2308.0,2110.1,2677.3,1938.8,9907,11695.0,2172.1,8,2172.2,1,2173.0,1,2176.3,1,2177.9,1,2183.6,1,2183.7,1,2184.1,1,2184.5,1,2184.6,1,2175.9
ec2502,,13:40:52.500#,2260.0,2308.0,2110.1,2677.3,1938.8,9907,11695.0,2172.1,8,2172.2,1,2173.0,1,2175.3,1,2177.9,1,2183.2,1,2183.3,1,2183.7,1,2184.4,1,2184.5,1,2175.9
ec2502,,13:40:53.0#,2260.0,2308.0,2110.1,2677.3,1938.8,9907,11695.0,2172.2,1,2173.0,1,2173.3,1,2175.3,1,2177.9,1,2182.5,1,2182.9,1,2183.1,1,2183.2,1,2183.3,1,2175.9
ec2502,,13:40:54.0#,2260.0,2308.0,2110.1,2677.3,1938.8,9907,11695.0,2172.1,8,2172.2,1,2173.0,1,2173.3,1,2175.3,1,2182.0,1,2182.5,1,2182.9,1,2183.3,1,2183.7,1,2175.9
ec2502,,13:40:54.500#,2260.0,2308.0,2110.1,2677.3,1938.8,9907,11695.0,2172.1,8,2172.2,1,2173.0,1,2173.3,1,2176.5,1,2181.7,1,2181.9,1,2182.0,1,2182.5,1,2182.9,1,2175.9
ec2502,,13:40:55.0#,2260.0,2308.0,2110.1,2677.3,1938.8,9907,11695.0,2172.2,1,2173.0,1,2173.3,1,2174.5,1,2176.5,1,2181.7,1,2182.0,1,2182.5,1,2182.9,1,2184.4,1,2175.9
ec2502,,13:40:55.500#,2260.0,2308.0,2110.1,2677.3,1938.8,9907,11695.0,2172.2,1,2173.0,1,2173.3,1,2174.5,1,2176.5,1,2181.3,1,2181.6,1,2182.5,1,2182.9,1,2184.4,1,2175.9
ec2502,,13:40:56.0#,2260.0,2308.0,2110.1,2677.3,1938.8,9907,11695.0,2172.1,8,2172.2,1,2173.0,1,2173.3,1,2176.5,1,2181.1,1,2181.3,1,2182.5,1,2184.4,1,2184.8,1,2175.9
ec2502,,13:40:56.500#,2260.0,2308.0,2110.1,2677.3,1938.8,9907,11695.0,2170.0,3,2172.1,8,2172.2,1,2173.0,1,2173.3,1,2181.0,1,2181.3,1,2182.5,1,2184.4,1,2184.8,1,2175.9
ec2502,,13:40:57.0#,2260.0,2308.0,2110.1,2677.3,1938.8,9907,11695.0,2172.1,8,2172.2,1,2173.0,1,2173.3,1,2173.8,1,2181.0,1,2182.5,1,2184.4,1,2184.8,1,2185.0,11,2175.9
ec2502,,13:40:57.500#,2260.0,2308.0,2110.1,2677.3,1938.8,9907,11695.0,2173.0,1,2173.3,1,2173.9,2,2174.1,1,2175.0,1,2180.6,1,2182.5,1,2184.4,1,2184.8,1,2185.0,11,2175.9
ec2502,,13:40:58.0#,2260.0,2308.0,2110.1,2677.3,1938.8,9907,11695.0,2173.0,1,2173.3,1,2173.9,1,2174.1,2,2175.0,1,2180.6,1,2184.4,1,2184.8,1,2185.0,11,2186.0,1,2175.9
ec2502,,13:40:58.500#,2260.0,2308.0,2110.1,2677.3,1938.8,9907,11695.0,2173.3,1,2173.9,1,2174.1,2,2175.0,1,2175.1,1,2184.4,2,2184.8,1,2185.0,11,2186.0,1,2189.9,2,2175.9
ec2502,,13:40:59.0#,2260.0,2308.0,2110.1,2677.3,1938.8,9907,11695.0,2173.0,1,2173.3,1,2173.9,1,2174.1,2,2175.0,1,2182.9,1,2183.0,1,2184.4,2,2184.8,1,2185.0,11,2175.9
ec2502,,13:40:59.500#,2260.0,2308.0,2110.1,2677.3,1938.8,9907,11695.0,2172.2,1,2173.0,1,2173.9,1,2174.1,2,2175.9,2,2182.8,1,2182.9,1,2183.0,1,2184.0,1,2184.4,1,2175.9
ec2502,,13:41:00.0#,2260.0,2308.0,2110.1,2677.3,1938.8,9907,11695.0,2172.1,8,2172.2,1,2173.0,1,2174.1,2,2175.9,1,2182.8,1,2183.0,1,2184.0,1,2184.4,1,2184.8,1,2175.9
ec2502,,13:41:00.500#,2260.0,2308.0,2110.1,2677.3,1938.8,9907,11695.0,2172.1,8,2172.2,1,2173.0,1,2174.1,1,2175.9,1,2182.4,1,2183.0,1,2184.4,1,2184.8,1,2185.0,11,2175.9
ec2502,,13:41:01.0#,2260.0,2308.0,2110.1,2677.3,1938.8,9907,11695.0,2172.1,8,2172.2,1,2173.0,1,2174.1,1,2175.9,1,2182.1,1,2182.3,1,2182.4,1,2182.5,1,2182.6,1,2175.9
ec2502,,13:41:01.500#,2260.0,2308.0,2110.1,2677.3,1938.8,9907,11695.0,2170.0,3,2172.1,8,2172.2,1,2173.0,1,2175.9,1,2181.9,1,2182.1,2,2182.4,1,2183.0,1,2184.4,1,2175.9
ec2502,,13:41:02.0#,2260.0,2308.0,2110.1,2677.3,1938.8,9907,11695.0,2172.1,8,2172.2,1,2173.0,1,2175.9,1,2176.0,2,2181.9,1,2182.1,2,2183.0,1,2184.4,1,2184.8,1,2175.9
ec2502,,13:41:02.500#,2260.0,2308.0,2110.1,2677.3,1938.8,9907,11695.0,2172.2,1,2173.0,1,2174.4,1,2175.9,1,2176.0,2,2182.1,2,2183.0,1,2184.4,1,2184.8,1,2185.0,13,2175.9
ec2502,,13:41:03.0#,2260.0,2308.0,2110.1,2677.3,1938.8,9907,11695.0,2172.2,1,2173.0,1,2174.4,1,2175.9,1,2176.0,2,2181.6,1,2182.1,1,2184.4,1,2184.8,1,2185.0,13,2175.9
ec2502,,13:41:03.500#,2260.0,2308.0,2110.1,2677.3,1938.8,9907,11695.0,2172.1,8,2172.2,1,2173.0,1,2176.0,2,2176.4,1,2181.6,1,2184.4,1,2184.8,1,2185.0,13,2186.0,1,2175.9
ec2502,,13:41:04.0#,2260.0,2308.0,2110.1,2677.3,1938.8,9907,11695.0,2172.2,1,2173.0,1,2176.0,1,2176.4,1,2176.5,1,2181.6,1,2184.4,1,2184.8,1,2185.0,13,2186.0,1,2175.9
ec2502,,13:41:04.500#,2260.0,2308.0,2110.1,2677.3,1938.8,9907,11695.0,2172.2,1,2173.0,1,2176.0,1,2176.4,1,2176.5,2,2181.6,1,2184.4,1,2184.8,1,2185.0,13,2186.0,1,2175.9
ec2502,,13:41:05.0#,2260.0,2308.0,2110.1,2677.3,1938.8,9907,11695.0,2173.0,1,2174.1,1,2176.0,1,2176.5,2,2176.8,1,2181.6,1,2184.4,1,2184.7,2,2184.8,1,2185.0,11,2175.9
ec2502,,13:41:05.500#,2260.0,2308.0,2110.1,2677.3,1938.8,9907,11695.0,2173.0,1,2174.1,1,2176.0,1,2176.5,1,2176.8,1,2184.3,1,2184.4,1,2184.7,2,2184.8,1,2185.0,11,2175.9
ec2502,,13:41:06.0#,2260.0,2308.0,2110.1,2677.3,1938.8,9907,11695.0,2176.0,1,2176.8,1,2177.0,1,2177.1,1,2177.2,1,2183.2,1,2183.9,1,2184.3,1,2184.4,1,2184.7,2,2175.9
ec2502,,13:41:06.500#,2260.0,2308.0,2110.1,2677.3,1938.8,9907,11695.0,2176.0,1,2176.8,1,2177.0,1,2177.1,1,2177.2,1,2182.7,1,2184.4,1,2184.7,2,2184.8,1,2185.0,11,2175.9
ec2502,,13:41:07.0#,2260.0,2308.0,2110.1,2677.3,1938.8,9907,11695.0,2173.0,1,2174.1,1,2176.0,1,2177.0,1,2177.6,2,2182.5,1,2182.6,1,2182.7,1,2184.4,1,2184.7,2,2175.9
ec2502,,13:41:07.500#,2260.0,2308.0,2110.1,2677.3,1938.8,9907,11695.0,2173.0,1,2174.1,1,2176.0,1,2177.0,1,2177.6,1,2182.5,1,2182.7,1,2184.4,1,2184.7,2,2184.8,1,2175.9
ec2502,,13:41:08.0#,2260.0,2308.0,2110.1,2677.3,1938.8,9907,11695.0,2172.1,8,2172.2,1,2173.0,1,2175.5,1,2177.6,1,2182.6,1,2182.7,1,2184.4,1,2184.7,2,2184.8,1,2175.9
ec2502,,13:41:08.500#,2260.0,2308.0,2110.1,2677.3,1938.8,9907,11695.0,2172.1,8,2172.2,1,2173.0,1,2175.5,1,2177.6,1,2182.3,1,2182.6,1,2184.4,1,2184.7,2,2184.8,1,2175.9
ec2502,,13:41:09.0#,2260.0,2308.0,2110.1,2677.3,1938.8,9907,11695.0,2172.1,8,2172.2,1,2173.0,1,2175.9,1,2177.6,1,2182.3,1,2182.6,1,2184.4,1,2184.7,2,2184.8,1,2175.9
ec2502,,13:41:09.500#,2260.0,2308.0,2110.1,2677.3,1938.8,9907,11695.0,2172.1,8,2172.2,1,2173.0,1,2175.9,1,2177.6,1,2182.2,1,2182.3,1,2184.4,1,2184.7,2,2184.8,1,2175.9
ec2502,,13:41:10.0#,2260.0,2308.0,2110.1,2677.3,1938.8,9907,11695.0,2172.1,8,2172.2,1,2173.0,1,2175.9,1,2177.6,1,2182.2,1,2182.3,1,2184.4,1,2184.7,2,2184.8,1,2175.9
ec2502,,13:41:11.0#,2260.0,2308.0,2110.1,2677.3,1938.8,9907,11695.0,2172.2,1,2172.5,1,2173.0,1,2175.9,1,2177.6,1,2182.3,1,2184.4,1,2184.7,2,2184.8,1,2185.0,11,2175.9
ec2502,,13:41:11.500#,2260.0,2308.0,2110.1,2677.3,1938.8,9907,11695.0,2172.2,1,2172.5,1,2173.0,1,2175.9,1,2177.6,1,2182.1,1,2182.2,1,2184.4,1,2184.7,2,2184.8,1,2175.9
ec2502,,13:41:13.0#,2260.0,2308.0,2110.1,2677.3,1938.8,9907,11695.0,2172.1,8,2172.2,1,2173.0,1,2174.5,1,2176.9,1,2181.9,1,2182.0,1,2184.4,1,2184.7,2,2184.8,1,2175.9
ec2502,,13:41:13.500#,2260.0,2308.0,2110.1,2677.3,1938.8,9907,11695.0,2172.4,1,2173.0,1,2174.5,1,2176.0,1,2176.9,1,2181.9,1,2182.0,1,2184.4,1,2184.7,2,2184.8,1,2175.9
ec2502,,13:41:14.0#,2260.0,2308.0,2110.1,2677.3,1938.8,9907,11695.0,2172.4,1,2173.0,1,2173.8,1,2176.0,1,2176.9,1,2181.9,1,2182.0,1,2184.4,1,2184.7,2,2184.8,1,2175.9
ec2502,,13:41:14.500#,2260.0,2308.0,2110.1,2677.3,1938.8,9907,11695.0,2172.4,1,2173.0,1,2173.8,1,2176.0,2,2176.9,1,2181.7,1,2181.9,1,2184.4,1,2184.7,2,2184.8,1,2175.9
ec2502,,13:41:15.0#,2260.0,2308.0,2110.1,2677.3,1938.8,9907,11695.0,2172.4,1,2173.0,1,2173.8,1,2176.0,2,2176.9,1,2181.6,1,2181.7,1,2184.4,1,2184.7,2,2184.8,1,2175.9
ec2502,,13:41:15.500#,2260.0,2308.0,2110.1,2677.3,1938.8,9907,11695.0,2172.4,1,2173.0,1,2173.8,1,2176.0,2,2176.9,1,2181.6,1,2181.7,1,2184.4,1,2184.7,2,2184.8,1,2175.9
ec2502,,13:41:16.0#,2260.0,2308.0,2110.1,2677.3,1938.8,9907,11695.0,2173.0,1,2173.8,1,2176.0,2,2176.9,1,2177.0,1,2184.4,1,2184.7,2,2184.8,1,2185.0,11,2186.0,1,2175.9
ec2502,,13:41:16.500#,2260.0,2308.0,2110.1,2677.3,1938.8,9907,11695.0,2173.8,1,2176.0,2,2176.9,1,2177.0,1,2177.2,1,2184.3,1,2184.4,1,2184.7,2,2184.8,1,2185.0,11,2175.9
ec2502,,13:41:17.500#,2260.0,2308.0,2110.1,2677.3,1938.8,9907,11695.0,2173.0,1,2176.0,2,2177.2,1,2177.3,2,2178.2,1,2184.4,1,2184.7,1,2184.8,1,2185.0,11,2186.0,1,2175.9
ec2502,,13:41:18.0#,2260.0,2308.0,2110.1,2677.3,1938.8,9907,11695.0,2177.5,1,2178.2,1,2178.3,1,2178.9,1,2179.5,1,2184.4,1,2184.7,1,2184.8,1,2185.0,11,2186.0,1,2175.9
ec2502,,13:41:18.500#,2260.0,2308.0,2110.1,2677.3,1938.8,9907,11695.0,2173.0,1,2176.0,2,2178.6,1,2179.4,1,2179.5,1,2184.4,1,2184.7,1,2184.8,1,2185.0,11,2186.0,1,2175.9
ec2502,,13:41:19.0#,2260.0,2308.0,2110.1,2677.3,1938.8,9907,11695.0,2176.0,2,2176.1,1,2178.6,1,2179.4,1,2179.6,1,2184.4,1,2184.7,1,2184.8,1,2185.0,11,2186.0,1,2175.9
ec2502,,13:41:19.500#,2260.0,2308.0,2110.1,2677.3,1938.8,9907,11695.0,2173.0,1,2175.4,1,2176.0,2,2179.4,1,2179.6,1,2184.4,1,2184.7,1,2184.8,1,2185.0,11,2186.0,1,2175.9
ec2502,,13:41:20.0#,2260.0,2308.0,2110.1,2677.3,1938.8,9907,11695.0,2172.2,1,2173.0,1,2176.0,2,2176.5,1,2180.0,1,2184.4,1,2184.7,1,2184.8,1,2185.0,11,2186.0,1,2175.9
ec2502,,13:41:20.500#,2260.0,2308.0,2110.1,2677.3,1938.8,9908,11695.0,2174.6,1,2175.6,1,2176.0,2,2180.0,1,2180.1,1,2184.4,1,2184.7,1,2184.8,1,2185.0,11,2186.0,1,2180.0
ec2502,,13:41:21.0#,2260.0,2308.0,2110.1,2677.3,1938.8,9908,11695.0,2173.0,1,2174.6,1,2175.6,1,2176.0,2,2180.4,1,2184.4,1,2184.7,1,2184.8,1,2185.0,11,2186.0,1,2180.0
ec2502,,13:41:21.500#,2260.0,2308.0,2110.1,2677.3,1938.8,9908,11695.0,2174.4,1,2174.6,1,2176.0,2,2180.4,1,2180.5,1,2184.4,1,2184.7,1,2184.8,1,2185.0,11,2186.0,1,2180.0
ec2502,,13:41:22.0#,2260.0,2308.0,2110.1,2677.3,1938.8,9908,11695.0,2173.0,1,2174.4,1,2174.6,1,2176.0,2,2180.4,1,2184.4,1,2184.7,1,2184.8,1,2185.0,11,2186.0,1,2180.0
ec2502,,13:41:22.500#,2260.0,2308.0,2110.1,2677.3,1938.8,9908,11695.0,2174.4,1,2174.6,1,2176.0,2,2176.6,1,2176.7,1,2184.3,1,2184.4,1,2184.7,1,2184.8,1,2185.0,11,2180.0
ec2502,,13:41:23.0#,2260.0,2308.0,2110.1,2677.3,1938.8,9908,11695.0,2174.6,1,2176.0,2,2176.6,1,2176.7,1,2177.0,1,2184.3,1,2184.4,1,2184.7,1,2184.8,1,2185.0,11,2180.0
ec2502,,13:41:23.500#,2260.0,2308.0,2110.1,2677.3,1938.8,9908,11695.0,2174.6,1,2176.0,2,2177.0,1,2177.5,1,2178.8,1,2184.2,1,2184.3,1,2184.4,1,2184.7,1,2184.8,1,2180.0
ec2502,,13:41:24.0#,2260.0,2308.0,2110.1,2677.3,1938.8,9908,11695.0,2177.0,1,2177.4,1,2177.5,1,2178.8,1,2178.9,1,2184.2,1,2184.3,1,2184.4,1,2184.7,1,2184.8,1,2180.0
ec2502,,13:41:24.500#,2260.0,2308.0,2110.1,2677.3,1938.8,9908,11695.0,2176.0,1,2177.0,2,2177.5,1,2178.8,1,2178.9,1,2184.4,1,2184.7,1,2184.8,1,2185.0,11,2186.0,1,2180.0
ec2502,,13:41:25.0#,2260.0,2308.0,2110.1,2677.3,1938.8,9908,11695.0,2174.6,1,2176.0,2,2177.0,1,2177.5,1,2178.8,1,2184.3,1,2184.4,1,2184.7,1,2184.8,1,2185.0,11,2180.0
ec2502,,13:41:25.500#,2260.0,2308.0,2110.1,2677.3,1938.8,9908,11695.0,2174.6,1,2176.0,2,2177.0,1,2177.5,1,2179.5,1,2184.4,1,2184.7,1,2184.8,1,2185.0,11,2186.0,1,2180.0
ec2502,,13:41:26.0#,2260.0,2308.0,2110.1,2677.3,1938.8,9908,11695.0,2174.6,1,2176.0,1,2177.0,1,2177.5,1,2179.5,1,2184.3,1,2184.4,1,2184.7,1,2184.8,1,2185.0,11,2180.0
ec2502,,13:41:26.500#,2260.0,2308.0,2110.1,2677.3,1938.8,9908,11695.0,2173.0,1,2174.6,1,2176.0,1,2177.0,1,2177.5,1,2184.3,1,2184.4,1,2184.7,1,2184.8,1,2185.0,11,2180.0
ec2502,,13:41:27.0#,2260.0,2308.0,2110.1,2677.3,1938.8,9908,11695.0,2177.0,1,2177.5,1,2177.6,1,2177.9,1,2178.5,1,2184.3,1,2184.4,1,2184.7,1,2184.8,1,2185.0,11,2180.0
ec2502,,13:41:28.0#,2260.0,2308.0,2110.1,2677.3,1938.8,9908,11695.0,2176.0,1,2177.0,1,2177.5,1,2177.9,1,2178.5,1,2184.4,1,2184.7,1,2184.8,1,2185.0,11,2186.0,1,2180.0
ec2502,,13:41:28.500#,2260.0,2308.0,2110.1,2677.3,1938.8,9908,11695.0,2176.0,1,2177.0,1,2177.9,1,2178.5,1,2178.7,1,2184.3,1,2184.4,1,2184.7,1,2184.8,1,2185.0,11,2180.0
ec2502,,13:41:29.0#,2260.0,2308.0,2110.1,2677.3,1938.8,9908,11695.0,2174.5,1,2176.0,1,2178.5,1,2178.7,1,2178.8,1,2184.0,1,2184.4,1,2184.7,1,2184.8,1,2185.0,11,2180.0
ec2502,,13:41:29.500#,2260.0,2308.0,2110.1,2677.3,1938.8,9908,11695.0,2174.5,1,2176.0,1,2178.5,1,2178.7,1,2178.8,1,2183.9,1,2184.0,1,2184.2,1,2184.4,1,2184.7,1,2180.0
ec2502,,13:41:30.0#,2260.0,2308.0,2110.1,2677.3,1938.8,9908,11695.0,2172.2,1,2173.0,1,2174.5,1,2176.0,1,2178.5,1,2184.0,1,2184.2,1,2184.4,1,2184.7,1,2184.8,1,2180.0
ec2502,,13:41:30.500#,2260.0,2308.0,2110.1,2677.3,1938.8,9909,11695.0,2172.1,8,2172.2,1,2173.0,1,2174.5,1,2176.0,1,2183.0,1,2183.9,1,2184.0,1,2184.2,1,2184.4,1,2179.8
ec2502,,13:41:31.0#,2260.0,2308.0,2110.1,2677.3,1938.8,9909,11695.0,2172.1,8,2172.2,1,2173.0,1,2174.5,1,2176.0,1,2181.8,1,2183.0,1,2184.0,1,2184.2,1,2184.4,1,2179.8
ec2502,,13:41:31.500#,2260.0,2308.0,2110.1,2677.3,1938.8,9909,11695.0,2172.1,8,2172.2,1,2173.0,1,2174.5,1,2176.0,1,2181.7,1,2181.8,1,2183.0,1,2184.0,1,2184.2,1,2179.8
ec2502,,13:41:32.0#,2260.0,2308.0,2110.1,2677.3,1938.8,9909,11695.0,2172.1,8,2172.2,1,2173.0,1,2174.5,1,2176.0,1,2181.8,1,2183.0,1,2184.2,1,2184.4,1,2184.7,1,2179.8
ec2502,,13:41:32.500#,2260.0,2308.0,2110.1,2677.3,1938.8,9909,11695.0,2172.1,8,2172.2,1,2173.0,1,2174.5,1,2176.0,1,2181.7,1,2181.8,1,2183.0,1,2184.2,1,2184.4,1,2179.8
ec2502,,13:41:33.0#,2260.0,2308.0,2110.1,2677.3,1938.8,9909,11695.0,2172.1,8,2172.2,1,2173.0,1,2174.5,1,2176.0,1,2183.0,1,2184.2,1,2184.4,1,2184.7,1,2184.8,1,2179.8
ec2502,,13:41:33.500#,2260.0,2308.0,2110.1,2677.3,1938.8,9910,11695.0,2172.1,8,2172.2,2,2173.0,1,2174.5,1,2176.0,1,2181.5,1,2182.3,1,2182.9,1,2184.2,1,2184.4,1,2180.1
ec2502,,13:41:34.0#,2260.0,2308.0,2110.1,2677.3,1938.8,9910,11695.0,2172.2,2,2173.0,1,2174.5,1,2176.0,1,2176.2,1,2181.2,1,2181.5,1,2182.1,1,2182.3,1,2184.2,1,2180.1
ec2502,,13:41:34.500#,2260.0,2308.0,2110.1,2677.3,1938.8,9910,11695.0,2172.2,1,2173.0,1,2174.5,1,2176.0,1,2176.2,1,2181.1,1,2181.2,1,2181.5,1,2182.1,1,2182.3,1,2180.1
ec2502,,13:41:35.0#,2260.0,2308.0,2110.1,2677.3,1938.8,9910,11695.0,2171.7,1,2172.1,8,2172.2,1,2173.0,1,2176.0,1,2180.8,1,2180.9,1,2181.2,1,2182.1,1,2182.3,1,2180.1
ec2502,,13:41:35.500#,2260.0,2308.0,2110.1,2677.3,1938.8,9910,11695.0,2171.9,1,2172.1,8,2172.2,1,2173.0,1,2176.0,1,2180.7,1,2180.8,1,2180.9,1,2181.2,1,2182.1,1,2180.1
ec2502,,13:41:36.0#,2260.0,2308.0,2110.1,2677.3,1938.8,9910,11695.0,2171.9,1,2172.1,8,2172.2,1,2173.0,1,2176.0,1,2180.5,1,2181.2,1,2182.1,1,2184.2,1,2184.4,1,2180.1
ec2502,,13:41:36.500#,2260.0,2308.0,2110.1,2677.3,1938.8,9910,11695.0,2171.9,1,2172.1,8,2172.2,1,2173.0,1,2176.0,1,2180.4,1,2180.5,1,2181.2,1,2184.2,1,2184.4,1,2180.1
ec2502,,13:41:37.0#,2260.0,2308.0,2110.1,2677.3,1938.8,9910,11695.0,2171.7,1,2172.1,8,2172.2,1,2173.0,1,2176.0,1,2181.2,1,2184.2,1,2184.4,1,2184.7,1,2184.8,1,2180.1
ec2502,,13:41:37.500#,2260.0,2308.0,2110.1,2677.3,1938.8,9910,11695.0,2171.7,1,2172.1,8,2172.2,1,2173.0,1,2176.0,1,2181.1,1,2181.2,1,2184.2,1,2184.4,1,2184.7,1,2180.1
ec2502,,13:41:38.500#,2260.0,2308.0,2110.1,2677.3,1938.8,9910,11695.0,2172.1,8,2172.2,1,2173.0,1,2173.6,1,2176.0,1,2181.2,1,2184.2,1,2184.4,1,2184.7,1,2184.8,1,2180.1
ec2502,,13:41:39.0#,2260.0,2308.0,2110.1,2677.3,1938.8,9910,11695.0,2172.2,1,2173.0,1,2173.4,1,2173.6,1,2176.0,1,2181.1,1,2181.2,1,2184.2,1,2184.4,1,2184.7,1,2180.1
ec2502,,13:41:39.500#,2260.0,2308.0,2110.1,2677.3,1938.8,9910,11695.0,2173.0,1,2173.4,1,2173.6,1,2173.8,1,2176.0,1,2181.1,1,2181.2,1,2184.2,1,2184.4,1,2184.7,1,2180.1
ec2502,,13:41:41.0#,2260.0,2308.0,2110.1,2677.3,1938.8,9910,11695.0,2172.2,1,2173.0,1,2173.4,1,2173.8,1,2176.0,1,2181.1,1,2181.2,1,2184.2,1,2184.4,1,2184.7,1,2180.1
ec2502,,13:41:41.500#,2260.0,2308.0,2110.1,2677.3,1938.8,9910,11695.0,2172.2,1,2173.0,1,2173.4,1,2173.8,1,2176.0,1,2181.1,1,2181.2,1,2184.2,1,2184.4,1,2184.7,1,2180.1
ec2502,,13:41:43.0#,2260.0,2308.0,2110.1,2677.3,1938.8,9910,11695.0,2172.2,1,2173.0,1,2173.4,1,2173.5,1,2176.0,1,2181.2,1,2184.2,1,2184.4,1,2184.7,1,2184.8,1,2180.1
ec2502,,13:41:44.500#,2260.0,2308.0,2110.1,2677.3,1938.8,9910,11695.0,2172.7,1,2173.0,1,2173.4,1,2173.5,1,2176.0,4,2184.2,1,2184.4,1,2184.7,1,2185.0,11,2186.0,1,2180.1
ec2502,,13:41:45.0#,2260.0,2308.0,2110.1,2677.3,1938.8,9910,11695.0,2173.4,1,2176.0,4,2176.2,1,2176.7,1,2176.8,1,2184.2,1,2184.4,1,2184.7,1,2185.0,11,2186.0,1,2180.1
ec2502,,13:41:45.500#,2260.0,2308.0,2110.1,2677.3,1938.8,9910,11695.0,2176.0,4,2176.2,1,2176.7,1,2176.8,2,2177.2,1,2184.2,1,2184.4,1,2184.7,1,2185.0,11,2186.0,1,2180.1
ec2502,,13:41:46.0#,2260.0,2308.0,2110.1,2677.3,1938.8,9910,11695.0,2176.9,1,2177.0,1,2177.2,1,2177.6,1,2177.7,1,2184.2,1,2184.4,1,2184.7,1,2185.0,11,2186.0,1,2180.1
ec2502,,13:41:46.500#,2260.0,2308.0,2110.1,2677.3,1938.8,9910,11695.0,2177.2,1,2177.3,1,2177.4,1,2177.6,1,2177.7,1,2184.2,1,2184.4,1,2184.7,1,2185.0,11,2186.0,1,2180.1
ec2502,,13:41:47.0#,2260.0,2308.0,2110.1,2677.3,1938.8,9910,11695.0,2176.7,1,2176.8,1,2177.2,1,2177.4,1,2177.6,1,2184.2,1,2184.4,1,2184.7,1,2185.0,11,2186.0,1,2180.1
ec2502,,13:41:47.500#,2260.0,2308.0,2110.1,2677.3,1938.8,9910,11695.0,2176.7,1,2176.8,1,2177.2,1,2177.4,1,2177.7,1,2184.2,1,2184.4,1,2184.7,1,2185.0,11,2186.0,1,2180.1
ec2502,,13:41:48.0#,2260.0,2308.0,2110.1,2677.3,1938.8,9910,11695.0,2173.4,1,2173.7,1,2176.0,4,2176.7,1,2176.8,1,2181.0,1,2184.2,1,2184.4,1,2184.7,1,2185.0,11,2180.1
ec2502,,13:41:48.500#,2260.0,2308.0,2110.1,2677.3,1938.8,9910,11695.0,2173.4,1,2173.7,1,2176.0,4,2176.8,1,2176.9,1,2181.0,1,2184.2,1,2184.4,1,2184.7,1,2185.0,11,2180.1
ec2502,,13:41:49.0#,2260.0,2308.0,2110.1,2677.3,1938.8,9910,11695.0,2172.2,1,2173.0,1,2173.4,1,2176.0,4,2176.8,1,2181.0,1,2184.2,1,2184.4,1,2184.7,1,2185.0,11,2180.1
ec2502,,13:41:49.500#,2260.0,2308.0,2110.1,2677.3,1938.8,9910,11695.0,2172.4,1,2173.0,1,2176.0,4,2176.8,1,2176.9,1,2181.0,1,2184.2,1,2184.4,1,2184.7,1,2185.0,11,2180.1
ec2502,,13:41:50.0#,2260.0,2308.0,2110.1,2677.3,1938.8,9910,11695.0,2173.0,1,2176.0,4,2176.3,1,2176.8,1,2176.9,1,2181.0,1,2184.2,1,2184.4,1,2184.7,1,2185.0,11,2180.1
ec2502,,13:41:50.500#,2260.0,2308.0,2110.1,2677.3,1938.8,9910,11695.0,2172.4,1,2173.0,1,2176.0,4,2176.8,1,2176.9,1,2181.0,1,2184.2,1,2184.4,1,2184.7,1,2185.0,11,2180.1
ec2502,,13:41:51.0#,2260.0,2308.0,2110.1,2677.3,1938.8,9910,11695.0,2172.2,1,2172.4,1,2173.0,1,2176.0,4,2176.9,1,2181.0,1,2184.2,1,2184.4,1,2184.7,1,2185.0,11,2180.1
ec2502,,13:41:51.500#,2260.0,2308.0,2110.1,2677.3,1938.8,9910,11695.0,2172.1,8,2172.2,1,2173.0,1,2176.0,4,2176.1,1,2181.0,1,2184.2,1,2184.4,1,2184.7,1,2185.0,11,2180.1
ec2502,,13:41:54.0#,2260.0,2308.0,2110.1,2677.3,1938.8,9910,11695.0,2172.1,8,2172.2,1,2172.4,1,2173.0,1,2176.0,4,2181.0,1,2184.2,1,2184.4,1,2184.7,1,2185.0,11,2180.1
ec2502,,13:41:59.0#,2260.0,2308.0,2110.1,2677.3,1938.8,9910,11695.0,2172.1,8,2172.2,1,2172.4,1,2173.0,1,2176.0,4,2181.0,1,2184.2,1,2184.4,1,2184.7,1,2185.0,11,2180.1
ec2502,,13:41:59.500#,2260.0,2308.0,2110.1,2677.3,1938.8,9910,11695.0,2172.2,1,2172.4,1,2173.0,1,2176.0,4,2176.1,1,2181.0,1,2184.2,1,2184.4,1,2184.7,1,2185.0,11,2180.1
ec2502,,13:42:00.0#,2260.0,2308.0,2110.1,2677.3,1938.8,9910,11695.0,2172.2,1,2172.4,1,2173.0,1,2173.1,1,2176.0,4,2181.0,1,2184.2,1,2184.4,1,2184.7,1,2185.0,11,2180.1
ec2502,,13:42:00.500#,2260.0,2308.0,2110.1,2677.3,1938.8,9910,11695.0,2172.4,1,2173.0,1,2173.1,1,2176.0,4,2176.1,1,2181.0,1,2184.2,1,2184.4,1,2184.7,1,2185.0,11,2180.1
ec2502,,13:42:02.0#,2260.0,2308.0,2110.1,2677.3,1938.8,9910,11695.0,2172.4,1,2173.0,1,2173.1,1,2176.0,4,2176.1,1,2180.9,1,2181.0,1,2184.2,1,2184.4,1,2184.7,1,2180.1
ec2502,,13:42:02.500#,2260.0,2308.0,2110.1,2677.3,1938.8,9910,11695.0,2172.2,1,2172.4,1,2173.0,1,2173.1,1,2176.0,4,2180.7,1,2180.8,1,2180.9,1,2181.0,1,2184.2,1,2180.1
ec2502,,13:42:03.0#,2260.0,2308.0,2110.1,2677.3,1938.8,9910,11695.0,2172.2,1,2172.4,1,2173.0,1,2173.1,1,2176.0,4,2180.7,1,2180.8,1,2180.9,1,2181.0,1,2184.2,1,2180.1
ec2502,,13:42:03.500#,2260.0,2308.0,2110.1,2677.3,1938.8,9915,11693.0,2172.2,1,2172.4,1,2173.0,1,2173.1,1,2176.0,4,2183.7,1,2184.1,1,2184.2,1,2184.4,1,2184.7,1,2181.0
ec2502,,13:42:04.0#,2260.0,2308.0,2110.1,2677.3,1938.8,9915,11693.0,2172.1,8,2172.2,1,2172.4,1,2173.0,1,2176.0,4,2183.6,1,2183.7,1,2184.1,1,2184.2,1,2184.4,1,2181.0
ec2502,,13:42:04.500#,2260.0,2308.0,2110.1,2677.3,1938.8,9916,11693.0,2172.4,1,2173.0,1,2174.0,1,2176.0,4,2176.1,1,2183.7,1,2184.2,1,2184.4,1,2185.0,11,2186.0,1,2183.6
ec2502,,13:42:05.0#,2260.0,2308.0,2110.1,2677.3,1938.8,9916,11693.0,2174.0,1,2176.0,4,2176.1,1,2176.3,1,2177.4,1,2184.2,1,2184.4,1,2185.0,11,2186.0,1,2189.9,2,2183.6
ec2502,,13:42:05.500#,2260.0,2308.0,2110.1,2677.3,1938.8,9916,11693.0,2175.0,1,2176.0,4,2176.3,1,2177.1,1,2177.4,1,2184.2,1,2184.4,1,2185.0,11,2186.0,1,2189.9,2,2183.6
ec2502,,13:42:06.0#,2260.0,2308.0,2110.1,2677.3,1938.8,9916,11693.0,2176.0,4,2176.3,1,2177.4,1,2177.5,1,2177.6,2,2184.2,1,2184.4,1,2185.0,11,2186.0,1,2189.9,2,2183.6
ec2502,,13:42:06.500#,2260.0,2308.0,2110.1,2677.3,1938.8,9916,11693.0,2176.0,4,2177.4,1,2177.6,2,2177.7,1,2177.8,1,2184.2,1,2184.4,1,2185.0,11,2186.0,1,2189.9,2,2183.6
ec2502,,13:42:07.0#,2260.0,2308.0,2110.1,2677.3,1938.8,9916,11693.0,2176.0,4,2177.4,1,2177.6,2,2177.9,2,2178.7,1,2184.2,1,2184.4,1,2185.0,11,2186.0,1,2189.9,2,2183.6
ec2502,,13:42:08.0#,2260.0,2308.0,2110.1,2677.3,1938.8,9916,11693.0,2173.0,1,2176.0,4,2177.4,1,2177.6,1,2177.9,2,2184.2,1,2184.4,1,2185.0,11,2186.0,1,2189.9,2,2183.6
ec2502,,13:42:08.500#,2260.0,2308.0,2110.1,2677.3,1938.8,9916,11693.0,2176.0,4,2177.4,1,2177.6,1,2177.9,1,2180.0,1,2184.1,1,2184.2,1,2184.4,1,2185.0,11,2186.0,1,2183.6
ec2502,,13:42:09.0#,2260.0,2308.0,2110.1,2677.3,1938.8,9916,11693.0,2174.8,1,2176.0,4,2177.6,1,2177.9,1,2180.0,1,2184.1,1,2184.2,1,2184.4,1,2185.0,11,2186.0,1,2183.6
ec2502,,13:42:09.500#,2260.0,2308.0,2110.1,2677.3,1938.8,9916,11693.0,2174.8,1,2176.0,4,2177.6,1,2177.9,1,2180.0,1,2184.1,1,2184.2,1,2184.4,1,2185.0,11,2186.0,1,2183.6
ec2502,,13:42:10.0#,2260.0,2308.0,2110.1,2677.3,1938.8,9916,11693.0,2173.0,1,2174.8,1,2176.0,4,2177.6,1,2180.0,1,2184.1,1,2184.2,1,2184.4,1,2185.0,11,2186.0,1,2183.6
ec2502,,13:42:10.500#,2260.0,2308.0,2110.1,2677.3,1938.8,9916,11693.0,2172.2,1,2173.0,1,2176.0,4,2177.6,1,2180.0,1,2184.1,1,2184.2,1,2184.4,1,2185.0,11,2186.0,1,2183.6
ec2502,,13:42:12.0#,2260.0,2308.0,2110.1,2677.3,1938.8,9916,11693.0,2172.1,8,2172.2,1,2173.0,1,2176.0,4,2180.0,1,2184.1,1,2184.2,1,2184.4,1,2185.0,11,2186.0,1,2183.6
ec2502,,13:42:15.500#,2260.0,2308.0,2110.1,2677.3,1938.8,9917,11692.0,2172.1,8,2172.2,1,2173.0,1,2176.0,4,2180.0,1,2184.1,1,2184.2,1,2184.4,1,2185.0,12,2186.0,1,2184.1
ec2502,,13:42:16.0#,2260.0,2308.0,2110.1,2677.3,1938.8,9917,11692.0,2172.1,8,2172.2,1,2173.0,1,2176.0,4,2180.0,1,2184.1,1,2184.2,1,2184.4,1,2185.0,12,2186.0,1,2184.1
ec2502,,13:42:21.0#,2260.0,2308.0,2110.1,2677.3,1938.8,9917,11692.0,2172.1,8,2172.2,1,2176.0,4,2178.0,1,2180.0,1,2183.9,1,2184.0,1,2184.2,1,2184.4,1,2185.0,12,2184.1
ec2502,,13:42:22.0#,2260.0,2308.0,2110.1,2677.3,1938.8,9917,11692.0,2170.0,3,2172.1,8,2172.2,1,2176.0,4,2178.0,1,2183.6,2,2183.7,1,2184.0,1,2184.2,1,2184.4,1,2184.1
ec2502,,13:42:23.0#,2260.0,2308.0,2110.1,2677.3,1938.8,9917,11692.0,2170.0,3,2172.1,8,2172.2,1,2176.0,4,2178.0,1,2181.8,1,2181.9,1,2183.4,1,2183.7,1,2184.0,1,2184.1
ec2502,,13:42:23.500#,2260.0,2308.0,2110.1,2677.3,1938.8,9917,11692.0,2170.0,3,2172.1,8,2172.2,1,2176.0,4,2178.0,1,2181.8,1,2181.9,1,2182.9,1,2183.1,1,2184.0,1,2184.1
ec2502,,13:42:24.0#,2260.0,2308.0,2110.1,2677.3,1938.8,9917,11692.0,2170.0,3,2172.1,8,2172.2,1,2176.0,4,2178.0,1,2181.2,1,2181.8,1,2181.9,1,2182.9,1,2183.1,1,2184.1
ec2502,,13:42:24.500#,2260.0,2308.0,2110.1,2677.3,1938.8,9917,11692.0,2170.0,3,2172.1,8,2172.2,1,2176.0,4,2178.0,1,2181.1,1,2181.2,1,2181.5,1,2181.9,1,2183.1,1,2184.1
ec2502,,13:42:25.0#,2260.0,2308.0,2110.1,2677.3,1938.8,9917,11692.0,2170.0,3,2172.1,8,2172.2,1,2176.0,4,2178.0,1,2181.1,1,2181.9,1,2183.1,1,2184.0,1,2184.2,1,2184.1
ec2502,,13:42:25.500#,2260.0,2308.0,2110.1,2677.3,1938.8,9917,11692.0,2170.0,3,2172.1,8,2172.2,1,2176.0,4,2178.0,1,2181.1,1,2181.9,1,2184.0,1,2184.2,1,2184.4,1,2184.1
ec2502,,13:42:26.0#,2260.0,2308.0,2110.1,2677.3,1938.8,9917,11692.0,2170.0,3,2172.1,8,2172.2,1,2176.0,4,2178.0,1,2181.9,1,2184.0,1,2184.2,1,2184.4,1,2185.0,12,2184.1
ec2502,,13:42:26.500#,2260.0,2308.0,2110.1,2677.3,1938.8,9917,11692.0,2170.0,3,2172.1,8,2172.2,1,2176.0,4,2178.0,1,2181.8,1,2181.9,1,2184.0,1,2184.2,1,2184.4,1,2184.1
ec2502,,13:42:27.0#,2260.0,2308.0,2110.1,2677.3,1938.8,9918,11692.0,2169.1,3,2170.0,3,2172.1,8,2172.2,1,2176.0,4,2181.8,1,2181.9,1,2184.0,1,2184.2,1,2184.4,1,2178.0
ec2502,,13:42:27.500#,2260.0,2308.0,2110.1,2677.3,1938.8,9918,11692.0,2169.1,3,2170.0,3,2172.1,8,2172.2,1,2176.0,4,2181.5,1,2181.9,1,2184.0,1,2184.2,1,2184.4,1,2178.0
ec2502,,13:42:28.0#,2260.0,2308.0,2110.1,2677.3,1938.8,9918,11692.0,2169.1,3,2170.0,3,2172.1,8,2172.2,1,2176.0,4,2181.4,1,2181.5,1,2181.9,1,2183.9,1,2184.0,1,2178.0
ec2502,,13:42:28.500#,2260.0,2308.0,2110.1,2677.3,1938.8,9918,11692.0,2169.1,3,2170.0,3,2172.1,8,2172.2,1,2176.0,4,2181.0,1,2181.9,1,2183.9,1,2184.0,1,2184.2,1,2178.0
ec2502,,13:42:29.0#,2260.0,2308.0,2110.1,2677.3,1938.8,9919,11692.0,2170.0,3,2170.2,1,2172.1,8,2172.2,1,2176.0,3,2180.9,1,2181.0,1,2181.9,1,2183.9,1,2184.0,1,2176.0
ec2502,,13:42:30.500#,2260.0,2308.0,2110.1,2677.3,1938.8,9919,11692.0,2170.0,3,2170.2,1,2172.1,8,2172.2,1,2176.0,3,2180.4,1,2180.5,1,2181.9,1,2183.9,1,2184.0,1,2176.0
ec2502,,13:42:31.0#,2260.0,2308.0,2110.1,2677.3,1938.8,9919,11692.0,2169.1,3,2170.0,3,2172.1,8,2172.2,1,2176.0,3,2180.4,1,2180.5,1,2181.9,1,2183.9,1,2184.0,1,2176.0
ec2502,,13:42:31.500#,2260.0,2308.0,2110.1,2677.3,1938.8,9920,11692.0,2169.1,3,2170.0,3,2172.1,8,2172.2,1,2176.0,2,2180.4,1,2180.5,1,2181.9,1,2183.9,1,2184.0,1,2176.0
ec2502,,13:42:32.0#,2260.0,2308.0,2110.1,2677.3,1938.8,9920,11692.0,2169.1,3,2170.0,3,2172.1,8,2172.2,1,2176.0,2,2180.0,1,2180.4,1,2181.9,1,2183.9,1,2184.0,1,2176.0
ec2502,,13:42:32.500#,2260.0,2308.0,2110.1,2677.3,1938.8,9920,11692.0,2169.1,3,2170.0,3,2172.1,8,2172.2,1,2176.0,2,2179.9,1,2180.0,1,2181.9,1,2183.9,1,2184.0,1,2176.0
ec2502,,13:42:33.0#,2260.0,2308.0,2110.1,2677.3,1938.8,9920,11692.0,2169.1,3,2170.0,3,2172.1,8,2172.2,1,2176.0,2,2179.9,1,2180.0,1,2181.9,1,2183.9,1,2184.0,1,2176.0
ec2502,,13:42:33.500#,2260.0,2308.0,2110.1,2677.3,1938.8,9921,11692.0,2169.1,3,2170.0,3,2172.1,8,2172.2,1,2176.0,1,2179.7,1,2179.9,1,2181.9,1,2183.9,1,2184.0,1,2176.0
ec2502,,13:42:34.0#,2260.0,2308.0,2110.1,2677.3,1938.8,9922,11692.0,2168.0,1,2169.1,3,2170.0,3,2172.1,8,2172.2,1,2175.9,1,2176.0,1,2179.7,1,2183.9,1,2184.0,1,2176.0
ec2502,,13:42:34.500#,2260.0,2308.0,2110.1,2677.3,1938.8,9922,11692.0,2168.0,1,2169.1,3,2170.0,3,2172.1,8,2172.2,1,2175.9,1,2176.0,1,2179.7,1,2183.9,1,2184.0,1,2176.0
ec2502,,13:42:35.0#,2260.0,2308.0,2110.1,2677.3,1938.8,9922,11692.0,2168.0,1,2169.1,3,2170.0,3,2172.1,8,2172.2,1,2175.9,1,2176.0,1,2179.7,1,2184.0,1,2184.2,1,2176.0
ec2502,,13:42:35.500#,2260.0,2308.0,2110.1,2677.3,1938.8,9923,11692.0,2168.0,1,2169.1,3,2170.0,3,2172.1,8,2172.2,1,2176.0,1,2184.0,1,2184.2,1,2184.4,1,2185.0,12,2175.9
ec2502,,13:42:37.0#,2260.0,2308.0,2110.1,2677.3,1938.8,9924,11693.0,2170.0,3,2172.1,8,2172.2,1,2172.7,1,2172.8,1,2184.0,1,2184.2,1,2184.4,1,2185.0,12,2186.0,1,2176.0
ec2502,,13:42:37.500#,2260.0,2308.0,2110.1,2677.3,1938.8,9924,11693.0,2172.2,1,2172.7,1,2172.8,1,2173.1,1,2173.2,1,2175.0,1,2182.8,1,2183.5,1,2183.9,1,2184.0,1,2176.0
ec2502,,13:42:38.0#,2260.0,2308.0,2110.1,2677.3,1938.8,9925,11692.0,2172.2,1,2172.3,1,2172.7,1,2173.1,1,2175.0,1,2183.5,1,2183.9,1,2184.0,1,2184.2,1,2184.4,1,2175.0
ec2502,,13:42:38.500#,2260.0,2308.0,2110.1,2677.3,1938.8,9926,11693.0,2172.1,8,2172.2,1,2172.3,1,2172.7,1,2173.1,1,2183.4,1,2183.9,1,2184.0,1,2184.2,1,2184.4,1,2175.0
ec2502,,13:42:39.0#,2260.0,2308.0,2110.1,2677.3,1938.8,9926,11693.0,2169.1,3,2170.0,3,2172.1,8,2172.2,1,2172.7,1,2175.0,1,2183.1,1,2183.4,1,2183.9,1,2184.0,1,2175.0
ec2502,,13:42:39.500#,2260.0,2308.0,2110.1,2677.3,1938.8,9926,11693.0,2169.1,3,2170.0,3,2172.1,8,2172.2,1,2172.3,1,2175.0,1,2184.2,1,2184.4,1,2185.0,12,2186.0,1,2175.0
ec2502,,13:42:40.0#,2260.0,2308.0,2110.1,2677.3,1938.8,9926,11693.0,2169.1,3,2170.0,3,2172.1,8,2172.2,1,2172.3,1,2175.0,1,2183.8,1,2184.2,1,2184.4,1,2185.0,12,2175.0
ec2502,,13:42:40.500#,2260.0,2308.0,2110.1,2677.3,1938.8,9926,11693.0,2168.7,1,2169.1,3,2170.0,3,2172.1,8,2172.2,1,2175.0,1,2183.8,1,2184.2,1,2184.4,1,2185.0,12,2175.0
ec2502,,13:42:41.0#,2260.0,2308.0,2110.1,2677.3,1938.8,9926,11693.0,2168.7,1,2169.1,3,2170.0,3,2172.1,8,2172.2,1,2175.0,2,2183.8,1,2184.2,1,2184.4,1,2185.0,12,2175.0
ec2502,,13:42:41.500#,2260.0,2308.0,2110.1,2677.3,1938.8,9926,11693.0,2168.0,1,2169.1,3,2170.0,3,2172.1,8,2172.2,1,2175.0,2,2183.6,1,2183.8,1,2184.2,1,2184.4,1,2175.0
ec2502,,13:42:42.0#,2260.0,2308.0,2110.1,2677.3,1938.8,9926,11693.0,2168.8,1,2169.1,3,2170.0,3,2172.1,8,2172.2,1,2175.0,2,2183.6,1,2183.8,1,2184.2,1,2184.4,1,2175.0
ec2502,,13:42:42.500#,2260.0,2308.0,2110.1,2677.3,1938.8,9926,11693.0,2169.1,3,2170.0,3,2172.1,8,2172.2,1,2172.3,1,2175.0,2,2183.6,1,2183.8,1,2184.2,1,2184.4,1,2175.0
ec2502,,13:42:43.0#,2260.0,2308.0,2110.1,2677.3,1938.8,9926,11693.0,2169.1,3,2170.0,3,2172.1,8,2172.2,1,2172.3,1,2175.0,2,2183.6,1,2183.8,1,2184.2,1,2184.4,1,2175.0
ec2502,,13:42:43.500#,2260.0,2308.0,2110.1,2677.3,1938.8,9926,11693.0,2169.1,3,2170.0,3,2172.1,8,2172.2,1,2172.3,1,2175.0,1,2180.0,1,2183.6,1,2183.8,1,2184.2,1,2175.0
ec2502,,13:42:44.0#,2260.0,2308.0,2110.1,2677.3,1938.8,9926,11693.0,2169.1,3,2170.0,3,2172.1,8,2172.2,1,2172.3,1,2175.0,1,2180.0,1,2183.6,1,2183.8,1,2184.2,1,2175.0
ec2502,,13:42:44.500#,2260.0,2308.0,2110.1,2677.3,1938.8,9926,11693.0,2169.1,3,2169.2,1,2170.0,3,2172.1,8,2172.2,1,2175.0,1,2180.0,1,2183.6,1,2183.8,1,2184.2,1,2175.0
ec2502,,13:42:45.0#,2260.0,2308.0,2110.1,2677.3,1938.8,9926,11693.0,2169.2,1,2170.0,3,2172.1,8,2172.2,1,2172.3,1,2175.0,1,2180.0,1,2183.6,1,2183.8,1,2184.2,1,2175.0
ec2502,,13:42:45.500#,2260.0,2308.0,2110.1,2677.3,1938.8,9926,11693.0,2169.2,1,2170.0,3,2172.1,8,2172.2,1,2172.3,1,2175.0,1,2180.0,1,2183.6,1,2183.8,1,2184.2,1,2175.0
ec2502,,13:42:46.0#,2260.0,2308.0,2110.1,2677.3,1938.8,9927,11693.0,2169.1,3,2169.2,1,2170.0,3,2172.1,8,2172.2,1,2175.0,1,2180.0,1,2183.6,1,2183.8,1,2184.2,1,2172.3
ec2502,,13:42:46.500#,2260.0,2308.0,2110.1,2677.3,1938.8,9927,11693.0,2168.0,1,2169.1,3,2170.0,3,2172.1,8,2172.2,1,2175.0,1,2180.0,1,2183.8,1,2184.2,1,2184.4,1,2172.3
ec2502,,13:42:47.0#,2260.0,2308.0,2110.1,2677.3,1938.8,9927,11693.0,2168.9,1,2169.1,3,2170.0,3,2172.1,8,2172.2,1,2175.0,1,2180.0,1,2183.8,1,2184.2,1,2184.4,1,2172.3
ec2502,,13:42:47.500#,2260.0,2308.0,2110.1,2677.3,1938.8,9927,11693.0,2168.0,1,2170.0,3,2172.1,8,2172.2,1,2172.3,1,2175.0,1,2180.0,1,2183.8,1,2184.2,1,2184.4,1,2172.3
ec2502,,13:42:49.0#,2260.0,2308.0,2110.1,2677.3,1938.8,9928,11693.0,2169.0,1,2170.0,3,2172.1,8,2172.2,1,2173.0,1,2180.0,1,2183.8,1,2184.2,1,2184.4,1,2185.0,12,2175.0
ec2502,,13:42:49.500#,2260.0,2308.0,2110.1,2677.3,1938.8,9928,11693.0,2170.0,3,2172.1,8,2172.2,1,2173.0,1,2173.1,1,2180.0,1,2183.8,1,2184.2,1,2184.4,1,2185.0,12,2175.0
ec2502,,13:42:50.0#,2260.0,2308.0,2110.1,2677.3,1938.8,9928,11693.0,2169.0,1,2170.0,3,2172.1,8,2172.2,1,2173.0,1,2180.0,1,2183.8,1,2184.2,1,2184.4,1,2185.0,12,2175.0
ec2502,,13:42:50.500#,2260.0,2308.0,2110.1,2677.3,1938.8,9928,11693.0,2170.0,3,2172.1,8,2172.2,1,2173.0,1,2173.1,1,2180.0,1,2183.8,1,2184.2,1,2184.4,1,2185.0,12,2175.0
ec2502,,13:42:52.0#,2260.0,2308.0,2110.1,2677.3,1938.8,9928,11693.0,2170.0,3,2172.1,8,2172.2,1,2173.0,1,2173.1,1,2180.0,1,2183.8,1,2184.2,1,2184.4,1,2185.0,12,2175.0
ec2502,,13:42:52.500#,2260.0,2308.0,2110.1,2677.3,1938.8,9928,11693.0,2172.1,8,2172.2,1,2173.0,1,2173.6,1,2173.7,1,2180.0,1,2183.8,1,2184.2,1,2184.4,1,2185.0,12,2175.0
ec2502,,13:42:53.0#,2260.0,2308.0,2110.1,2677.3,1938.8,9928,11693.0,2170.0,3,2172.1,8,2172.2,1,2173.0,1,2173.7,1,2180.0,1,2183.8,1,2184.2,1,2184.4,1,2185.0,12,2175.0
ec2502,,13:42:54.500#,2260.0,2308.0,2110.1,2677.3,1938.8,9928,11693.0,2170.0,3,2172.1,8,2172.2,1,2173.0,1,2173.7,1,2179.0,1,2180.0,1,2183.8,1,2184.2,1,2184.4,1,2175.0
ec2502,,13:42:55.0#,2260.0,2308.0,2110.1,2677.3,1938.8,9928,11693.0,2170.0,3,2172.1,8,2172.2,1,2173.0,1,2173.7,1,2179.0,1,2180.0,1,2183.8,1,2184.2,1,2184.4,1,2175.0
ec2502,,13:42:55.500#,2260.0,2308.0,2110.1,2677.3,1938.8,9928,11693.0,2170.0,3,2172.1,8,2172.2,1,2173.0,1,2173.7,1,2179.0,1,2179.9,1,2180.0,1,2183.8,1,2184.2,1,2175.0
ec2502,,13:42:56.0#,2260.0,2308.0,2110.1,2677.3,1938.8,9928,11693.0,2170.0,3,2172.1,8,2172.2,1,2173.0,1,2173.1,1,2179.0,1,2179.9,1,2180.0,1,2183.8,1,2184.2,1,2175.0
ec2502,,13:42:56.500#,2260.0,2308.0,2110.1,2677.3,1938.8,9928,11693.0,2170.0,3,2172.1,8,2172.2,1,2173.0,1,2173.1,1,2179.0,1,2179.9,1,2180.0,1,2183.8,1,2184.2,1,2175.0
ec2502,,13:42:58.0#,2260.0,2308.0,2110.1,2677.3,1938.8,9928,11693.0,2170.0,3,2172.1,8,2172.2,1,2173.0,1,2173.1,1,2179.0,1,2179.9,1,2180.0,1,2183.8,1,2184.2,1,2175.0
ec2502,,13:42:58.500#,2260.0,2308.0,2110.1,2677.3,1938.8,9928,11693.0,2172.1,8,2172.2,1,2173.0,1,2173.1,1,2175.0,1,2179.0,1,2179.9,1,2180.0,1,2183.8,1,2184.2,1,2175.0
ec2502,,13:42:59.0#,2260.0,2308.0,2110.1,2677.3,1938.8,9928,11693.0,2172.1,8,2172.2,1,2173.0,1,2175.0,1,2175.1,1,2179.0,1,2179.9,1,2180.0,1,2183.8,1,2184.2,1,2175.0
ec2502,,13:42:59.500#,2260.0,2308.0,2110.1,2677.3,1938.8,9928,11693.0,2172.1,8,2172.2,1,2173.0,1,2175.0,1,2175.1,1,2179.0,1,2179.9,1,2180.0,1,2183.8,1,2184.2,1,2175.0
ec2502,,13:43:00.0#,2260.0,2308.0,2110.1,2677.3,1938.8,9928,11693.0,2172.1,8,2172.2,1,2173.0,1,2175.0,1,2175.1,1,2179.0,1,2179.9,1,2180.0,1,2183.8,1,2184.2,1,2175.0
ec2502,,13:43:01.0#,2260.0,2308.0,2110.1,2677.3,1938.8,9928,11693.0,2172.1,8,2172.2,1,2173.0,1,2175.0,1,2175.1,1,2179.0,1,2179.9,1,2180.0,1,2183.8,1,2184.2,1,2175.0
ec2502,,13:43:01.500#,2260.0,2308.0,2110.1,2677.3,1938.8,9928,11693.0,2172.1,8,2172.2,1,2173.0,1,2175.0,1,2175.1,1,2179.0,1,2179.9,1,2180.0,1,2183.8,1,2184.2,1,2175.0
ec2502,,13:43:03.0#,2260.0,2308.0,2110.1,2677.3,1938.8,9928,11693.0,2172.1,8,2172.2,1,2173.0,1,2175.0,1,2175.1,1,2179.0,1,2179.9,1,2180.0,1,2183.8,1,2184.2,1,2175.0
ec2502,,13:43:03.500#,2260.0,2308.0,2110.1,2677.3,1938.8,9928,11693.0,2170.0,3,2172.1,8,2172.2,1,2173.0,1,2175.0,1,2179.0,1,2179.9,1,2180.0,1,2183.8,1,2184.2,1,2175.0
ec2502,,13:43:04.0#,2260.0,2308.0,2110.1,2677.3,1938.8,9928,11693.0,2172.1,8,2172.2,1,2173.0,1,2175.0,1,2175.1,1,2179.0,1,2179.9,1,2180.0,1,2183.8,1,2184.2,1,2175.0
ec2502,,13:43:05.500#,2260.0,2308.0,2110.1,2677.3,1938.8,9928,11693.0,2172.1,8,2172.2,1,2173.0,1,2175.0,1,2175.1,1,2179.0,1,2179.9,1,2180.0,1,2183.8,1,2184.2,1,2175.0
ec2502,,13:43:06.0#,2260.0,2308.0,2110.1,2677.3,1938.8,9928,11693.0,2172.2,1,2173.0,1,2173.1,1,2175.0,1,2175.1,1,2179.0,1,2179.9,1,2180.0,1,2183.8,1,2184.2,1,2175.0
ec2502,,13:43:06.500#,2260.0,2308.0,2110.1,2677.3,1938.8,9928,11693.0,2172.1,8,2172.2,1,2173.0,1,2173.1,1,2175.0,1,2179.0,1,2179.9,1,2180.0,1,2183.8,1,2184.2,1,2175.0
ec2502,,13:43:07.0#,2260.0,2308.0,2110.1,2677.3,1938.8,9928,11693.0,2172.2,1,2173.0,1,2173.1,1,2175.0,1,2175.1,1,2179.0,1,2179.9,1,2180.0,1,2183.8,1,2184.2,1,2175.0
ec2502,,13:43:07.500#,2260.0,2308.0,2110.1,2677.3,1938.8,9928,11693.0,2172.2,1,2173.0,1,2173.1,1,2175.0,1,2175.1,1,2179.0,1,2179.9,1,2180.0,1,2183.8,1,2184.2,1,2175.0
ec2502,,13:43:08.0#,2260.0,2308.0,2110.1,2677.3,1938.8,9928,11693.0,2172.1,8,2172.2,1,2173.0,1,2173.1,1,2175.0,1,2179.0,1,2179.9,1,2180.0,1,2183.8,1,2184.2,1,2175.0
ec2502,,13:43:08.500#,2260.0,2308.0,2110.1,2677.3,1938.8,9928,11693.0,2172.2,1,2173.0,1,2173.1,1,2175.0,1,2175.1,1,2179.0,1,2179.9,1,2180.0,1,2183.8,1,2184.2,1,2175.0
ec2502,,13:43:09.0#,2260.0,2308.0,2110.1,2677.3,1938.8,9928,11693.0,2172.1,8,2172.2,1,2173.0,1,2173.1,1,2175.0,1,2179.0,1,2179.9,1,2180.0,1,2183.8,1,2184.2,1,2175.0
ec2502,,13:43:09.500#,2260.0,2308.0,2110.1,2677.3,1938.8,9928,11693.0,2172.2,1,2173.0,1,2173.1,1,2175.0,1,2175.1,1,2179.0,1,2179.9,1,2180.0,1,2183.8,1,2184.2,1,2175.0
ec2502,,13:43:10.0#,2260.0,2308.0,2110.1,2677.3,1938.8,9928,11693.0,2172.1,8,2172.2,1,2173.1,1,2175.0,2,2175.1,1,2179.0,1,2179.9,1,2180.0,1,2183.8,1,2184.2,1,2175.0
ec2502,,13:43:11.500#,2260.0,2308.0,2110.1,2677.3,1938.8,9928,11693.0,2170.0,3,2172.1,8,2172.2,1,2173.1,1,2175.0,2,2179.0,1,2179.9,1,2180.0,1,2183.8,1,2184.2,1,2175.0
ec2502,,13:43:12.500#,2260.0,2308.0,2110.1,2677.3,1938.8,9928,11693.0,2170.0,3,2172.1,8,2172.2,1,2173.1,1,2175.0,2,2178.9,1,2179.0,1,2179.9,1,2180.0,1,2183.8,1,2175.0
ec2502,,13:43:14.500#,2260.0,2308.0,2110.1,2677.3,1938.8,9928,11693.0,2170.0,3,2172.1,8,2172.2,1,2173.1,1,2175.0,2,2179.0,1,2179.9,1,2180.0,1,2183.8,1,2184.2,1,2175.0
ec2502,,13:43:15.500#,2260.0,2308.0,2110.1,2677.3,1938.8,9928,11693.0,2172.1,8,2172.2,1,2173.1,1,2175.0,2,2175.1,1,2179.0,1,2179.9,1,2180.0,1,2183.8,1,2184.2,1,2175.0
ec2502,,13:43:17.500#,2260.0,2308.0,2110.1,2677.3,1938.8,9928,11693.0,2172.1,8,2172.2,1,2173.1,1,2175.0,2,2175.1,1,2179.0,1,2179.9,1,2180.0,1,2183.8,1,2184.2,1,2175.0
ec2502,,13:43:18.0#,2260.0,2308.0,2110.1,2677.3,1938.8,9929,11694.0,2172.2,1,2173.1,1,2175.0,2,2175.1,1,2179.0,1,2179.9,1,2180.0,1,2183.8,1,2184.2,1,2184.4,1,2179.0
ec2502,,13:43:18.500#,2260.0,2308.0,2110.1,2677.3,1938.8,9929,11694.0,2172.2,1,2173.1,1,2175.0,2,2175.1,1,2179.0,1,2179.9,1,2180.0,1,2183.8,1,2184.2,1,2184.4,1,2179.0
ec2502,,13:43:19.0#,2260.0,2308.0,2110.1,2677.3,1938.8,9929,11694.0,2172.2,1,2173.1,1,2175.0,2,2175.1,1,2179.0,1,2183.8,1,2184.2,1,2184.4,1,2185.0,13,2185.5,1,2179.0
ec2502,,13:43:19.500#,2260.0,2308.0,2110.1,2677.3,1938.8,9930,11695.0,2172.1,8,2172.2,1,2173.1,1,2175.0,2,2175.1,1,2183.3,1,2183.7,1,2183.8,1,2184.2,1,2184.4,1,2179.0
ec2502,,13:43:20.0#,2260.0,2308.0,2110.1,2677.3,1938.8,9930,11695.0,2172.1,8,2172.2,1,2173.1,1,2175.0,2,2175.1,1,2183.3,1,2183.7,1,2183.8,1,2184.2,1,2184.4,1,2179.0
ec2502,,13:43:21.0#,2260.0,2308.0,2110.1,2677.3,1938.8,9930,11695.0,2172.1,8,2172.2,1,2173.1,1,2175.0,2,2175.1,1,2182.6,1,2183.3,1,2183.7,1,2183.8,1,2184.2,1,2179.0
ec2502,,13:43:21.500#,2260.0,2308.0,2110.1,2677.3,1938.8,9930,11695.0,2172.1,8,2172.2,1,2173.1,1,2175.0,2,2175.1,1,2181.3,1,2181.4,1,2182.0,1,2182.6,1,2182.7,1,2179.0
ec2502,,13:43:22.0#,2260.0,2308.0,2110.1,2677.3,1938.8,9930,11695.0,2172.1,8,2172.2,1,2173.1,1,2175.0,2,2175.1,1,2181.3,1,2181.4,1,2182.0,1,2182.6,1,2183.0,1,2179.0
ec2502,,13:43:22.500#,2260.0,2308.0,2110.1,2677.3,1938.8,9930,11695.0,2172.1,8,2172.2,1,2173.1,1,2175.0,2,2175.1,1,2181.3,2,2181.4,1,2181.8,1,2182.0,1,2182.6,1,2179.0
ec2502,,13:43:23.0#,2260.0,2308.0,2110.1,2677.3,1938.8,9930,11695.0,2172.1,8,2172.2,1,2173.1,1,2175.0,2,2175.1,1,2180.9,1,2181.4,1,2181.8,1,2182.0,1,2182.6,1,2179.0
ec2502,,13:43:23.500#,2260.0,2308.0,2110.1,2677.3,1938.8,9930,11695.0,2172.1,8,2172.2,1,2173.1,1,2175.0,2,2175.1,1,2180.8,1,2180.9,2,2181.4,1,2182.0,1,2182.6,1,2179.0
ec2502,,13:43:24.0#,2260.0,2308.0,2110.1,2677.3,1938.8,9930,11695.0,2171.8,1,2172.1,8,2172.2,1,2173.1,1,2175.0,2,2180.8,1,2180.9,1,2181.4,1,2182.0,1,2182.6,1,2179.0
ec2502,,13:43:24.500#,2260.0,2308.0,2110.1,2677.3,1938.8,9930,11695.0,2171.8,1,2172.1,8,2172.2,1,2173.1,1,2175.0,2,2180.6,1,2181.4,1,2182.0,1,2182.6,1,2183.0,1,2179.0
ec2502,,13:43:25.0#,2260.0,2308.0,2110.1,2677.3,1938.8,9930,11695.0,2171.8,1,2172.1,8,2172.2,1,2173.1,1,2175.0,2,2180.5,2,2180.6,1,2182.0,1,2182.6,1,2183.1,1,2179.0
ec2502,,13:43:25.500#,2260.0,2308.0,2110.1,2677.3,1938.8,9930,11695.0,2171.8,1,2172.1,8,2172.2,1,2173.1,1,2175.0,2,2180.4,1,2180.5,1,2180.6,1,2182.0,1,2182.6,1,2179.0
ec2502,,13:43:26.0#,2260.0,2308.0,2110.1,2677.3,1938.8,9930,11695.0,2172.1,8,2172.2,1,2173.1,1,2175.0,1,2175.1,1,2180.3,1,2180.4,1,2180.5,1,2180.6,1,2182.6,1,2179.0
ec2502,,13:43:27.0#,2260.0,2308.0,2110.1,2677.3,1938.8,9931,11694.0,2171.8,1,2172.1,8,2172.2,1,2173.1,1,2175.0,1,2180.3,1,2180.4,1,2180.5,1,2180.6,1,2182.6,1,2175.1
ec2502,,13:43:27.500#,2260.0,2308.0,2110.1,2677.3,1938.8,9931,11694.0,2171.8,1,2172.1,8,2172.2,1,2173.1,1,2175.0,1,2180.2,1,2180.3,1,2180.5,1,2180.6,1,2183.3,1,2175.1
ec2502,,13:43:28.0#,2260.0,2308.0,2110.1,2677.3,1938.8,9931,11694.0,2171.8,1,2172.1,8,2172.2,1,2173.1,1,2175.0,1,2179.9,1,2180.0,1,2180.2,1,2180.5,1,2180.6,1,2175.1
ec2502,,13:43:28.500#,2260.0,2308.0,2110.1,2677.3,1938.8,9931,11694.0,2171.8,1,2172.1,8,2172.2,1,2173.1,1,2175.0,1,2179.9,1,2180.0,1,2180.5,1,2180.6,1,2183.3,1,2175.1
ec2502,,13:43:29.0#,2260.0,2308.0,2110.1,2677.3,1938.8,9931,11694.0,2171.8,1,2172.1,8,2172.2,1,2173.1,1,2175.0,1,2179.7,1,2180.5,1,2180.6,1,2183.3,1,2183.8,1,2175.1
ec2502,,13:43:29.500#,2260.0,2308.0,2110.1,2677.3,1938.8,9931,11694.0,2171.8,1,2172.1,8,2172.2,1,2173.1,1,2175.0,1,2179.6,1,2179.7,1,2180.5,1,2180.6,1,2183.3,1,2175.1
ec2502,,13:43:30.0#,2260.0,2308.0,2110.1,2677.3,1938.8,9931,11694.0,2171.8,1,2172.1,8,2172.2,1,2173.1,1,2175.0,1,2179.6,1,2179.7,1,2180.6,1,2183.3,1,2183.8,1,2175.1
ec2502,,13:43:30.500#,2260.0,2308.0,2110.1,2677.3,1938.8,9931,11694.0,2172.1,8,2172.2,1,2173.1,1,2175.0,1,2175.1,1,2179.3,1,2179.6,1,2180.6,1,2183.3,1,2183.8,1,2175.1
ec2502,,13:43:31.0#,2260.0,2308.0,2110.1,2677.3,1938.8,9931,11694.0,2172.1,8,2172.2,1,2173.1,1,2175.0,1,2175.1,1,2179.2,1,2179.3,1,2183.3,1,2183.8,1,2184.2,1,2175.1
ec2502,,13:43:32.0#,2260.0,2308.0,2110.1,2677.3,1938.8,9931,11694.0,2172.1,8,2172.2,1,2173.1,1,2175.0,1,2175.1,1,2178.9,1,2183.3,1,2183.8,1,2184.2,1,2184.4,1,2175.1
ec2502,,13:43:32.500#,2260.0,2308.0,2110.1,2677.3,1938.8,9931,11694.0,2172.1,8,2172.2,1,2173.1,1,2175.0,1,2175.1,1,2178.8,1,2178.9,1,2183.3,1,2183.8,1,2184.2,1,2175.1
ec2502,,13:43:33.500#,2260.0,2308.0,2110.1,2677.3,1938.8,9932,11694.0,2171.8,1,2172.1,8,2172.2,1,2173.1,1,2175.0,1,2178.5,1,2178.8,1,2183.2,1,2183.3,1,2183.8,1,2175.1
ec2502,,13:43:34.0#,2260.0,2308.0,2110.1,2677.3,1938.8,9933,11693.0,2170.0,3,2171.8,1,2172.1,8,2172.2,1,2173.1,1,2178.3,1,2178.4,1,2178.5,1,2183.2,1,2183.3,1,2175.0
ec2502,,13:43:34.500#,2260.0,2308.0,2110.1,2677.3,1938.8,9933,11693.0,2170.0,3,2171.8,1,2172.1,8,2172.2,1,2173.1,1,2178.3,1,2178.4,1,2178.5,1,2183.2,1,2183.3,1,2175.0
ec2502,,13:43:35.0#,2260.0,2308.0,2110.1,2677.3,1938.8,9933,11693.0,2171.8,1,2172.1,8,2172.2,1,2173.1,1,2175.0,1,2178.4,1,2178.5,1,2183.2,1,2183.3,1,2183.8,1,2175.0
ec2502,,13:43:35.500#,2260.0,2308.0,2110.1,2677.3,1938.8,9933,11693.0,2171.8,1,2172.1,8,2172.2,1,2173.1,1,2175.0,1,2177.6,1,2178.3,1,2183.2,1,2183.3,1,2183.8,1,2175.0
ec2502,,13:43:36.0#,2260.0,2308.0,2110.1,2677.3,1938.8,9934,11693.0,2170.0,3,2171.8,1,2172.1,8,2172.2,1,2173.1,1,2174.7,1,2177.6,1,2180.0,1,2183.2,1,2183.3,1,2175.0
ec2502,,13:43:36.500#,2260.0,2308.0,2110.1,2677.3,1938.8,9934,11693.0,2170.0,3,2171.8,1,2172.1,8,2172.2,1,2173.1,1,2177.5,1,2177.6,1,2180.0,1,2183.2,1,2183.3,1,2175.0
ec2502,,13:43:37.0#,2260.0,2308.0,2110.1,2677.3,1938.8,9934,11693.0,2170.0,3,2171.8,1,2172.1,8,2172.2,1,2173.1,1,2177.5,1,2177.6,1,2180.0,1,2183.3,1,2183.8,1,2175.0
ec2502,,13:43:37.500#,2260.0,2308.0,2110.1,2677.3,1938.8,9934,11693.0,2170.0,3,2171.8,1,2172.1,8,2172.2,1,2173.1,1,2177.5,1,2177.6,1,2180.0,1,2183.3,1,2183.8,1,2175.0
ec2502,,13:43:38.0#,2260.0,2308.0,2110.1,2677.3,1938.8,9934,11693.0,2170.0,3,2171.8,1,2172.1,8,2172.2,1,2173.1,1,2177.5,1,2180.0,1,2183.3,1,2183.8,1,2184.2,1,2175.0
ec2502,,13:43:39.500#,2260.0,2308.0,2110.1,2677.3,1938.8,9934,11693.0,2170.0,3,2171.8,1,2172.1,8,2172.2,1,2173.1,1,2177.4,1,2180.0,1,2183.3,1,2183.8,1,2184.2,1,2175.0
ec2502,,13:43:40.0#,2260.0,2308.0,2110.1,2677.3,1938.8,9934,11693.0,2170.0,3,2171.8,1,2172.1,8,2172.2,1,2173.1,1,2177.3,1,2177.4,1,2180.0,1,2183.3,1,2183.8,1,2175.0
ec2502,,13:43:40.500#,2260.0,2308.0,2110.1,2677.3,1938.8,9934,11693.0,2170.0,3,2171.8,1,2172.1,8,2172.2,1,2173.1,1,2177.3,1,2177.4,1,2180.0,1,2183.3,1,2183.8,1,2175.0
ec2502,,13:43:41.0#,2260.0,2308.0,2110.1,2677.3,1938.8,9934,11693.0,2170.0,3,2171.8,1,2172.1,8,2172.2,1,2173.1,1,2177.3,1,2177.4,1,2180.0,1,2182.4,1,2183.3,1,2175.0
ec2502,,13:43:41.500#,2260.0,2308.0,2110.1,2677.3,1938.8,9934,11693.0,2170.0,3,2171.8,1,2172.1,8,2172.2,1,2172.4,1,2177.3,1,2180.0,1,2182.6,1,2183.3,1,2183.8,1,2175.0
ec2502,,13:43:42.0#,2260.0,2308.0,2110.1,2677.3,1938.8,9934,11693.0,2171.8,1,2172.1,8,2172.2,1,2172.4,1,2175.0,2,2179.9,1,2180.0,1,2182.3,1,2182.6,1,2183.3,1,2175.0
ec2502,,13:43:42.500#,2260.0,2308.0,2110.1,2677.3,1938.8,9936,11693.0,2170.0,3,2171.8,1,2172.1,8,2172.2,1,2172.4,1,2179.7,1,2179.9,1,2180.0,1,2182.3,1,2182.6,1,2175.0
ec2502,,13:43:43.0#,2260.0,2308.0,2110.1,2677.3,1938.8,9936,11693.0,2170.0,3,2171.8,1,2172.1,8,2172.2,1,2172.4,1,2179.6,1,2179.7,1,2180.0,1,2182.3,1,2183.3,1,2175.0
ec2502,,13:43:43.500#,2260.0,2308.0,2110.1,2677.3,1938.8,9936,11693.0,2170.0,3,2171.8,1,2172.1,8,2172.2,1,2172.4,1,2179.0,1,2179.6,1,2179.7,1,2180.0,1,2182.3,1,2175.0
ec2502,,13:43:44.0#,2260.0,2308.0,2110.1,2677.3,1938.8,9936,11693.0,2170.0,3,2171.8,1,2172.1,8,2172.2,1,2172.4,1,2178.4,1,2178.5,1,2179.0,1,2179.4,1,2179.5,2,2175.0
ec2502,,13:43:44.500#,2260.0,2308.0,2110.1,2677.3,1938.8,9936,11693.0,2170.0,3,2171.8,1,2172.1,8,2172.2,1,2172.4,1,2178.2,1,2178.4,1,2178.5,2,2179.4,1,2179.5,1,2175.0
ec2502,,13:43:45.0#,2260.0,2308.0,2110.1,2677.3,1938.8,9936,11693.0,2170.0,3,2171.8,1,2172.1,8,2172.2,1,2172.4,1,2177.6,1,2178.0,1,2178.1,1,2178.5,1,2179.4,1,2175.0
ec2502,,13:43:45.500#,2260.0,2308.0,2110.1,2677.3,1938.8,9936,11693.0,2170.0,3,2171.8,1,2172.1,8,2172.2,1,2172.4,1,2176.8,1,2177.6,1,2178.0,1,2178.1,2,2180.0,1,2175.0
ec2502,,13:43:46.0#,2260.0,2308.0,2110.1,2677.3,1938.8,9936,11693.0,2171.8,1,2172.1,8,2172.2,1,2172.4,1,2172.5,1,2176.8,1,2178.1,2,2180.0,1,2182.0,1,2183.3,1,2175.0
ec2502,,13:43:46.500#,2260.0,2308.0,2110.1,2677.3,1938.8,9936,11693.0,2172.1,8,2172.2,1,2172.4,1,2172.5,1,2173.8,1,2176.8,1,2178.1,1,2180.0,1,2182.2,1,2183.3,1,2175.0
ec2502,,13:43:47.0#,2260.0,2308.0,2110.1,2677.3,1938.8,9936,11693.0,2172.1,8,2172.2,1,2172.4,1,2173.8,1,2173.9,1,2180.0,1,2183.3,1,2183.8,1,2184.2,1,2184.4,1,2175.0
ec2502,,13:43:48.0#,2260.0,2308.0,2110.1,2677.3,1938.8,9936,11693.0,2172.1,8,2172.2,1,2172.4,1,2173.8,1,2173.9,1,2180.0,1,2183.3,1,2183.8,1,2184.2,1,2184.4,1,2175.0
ec2502,,13:43:48.500#,2260.0,2308.0,2110.1,2677.3,1938.8,9936,11693.0,2172.1,8,2172.2,1,2172.4,1,2173.8,1,2173.9,1,2180.0,2,2183.3,1,2183.8,1,2184.2,1,2184.4,1,2175.0
ec2502,,13:43:49.500#,2260.0,2308.0,2110.1,2677.3,1938.8,9936,11693.0,2171.8,1,2172.1,8,2172.2,1,2172.4,1,2175.0,5,2180.0,2,2183.3,1,2183.8,1,2184.2,1,2184.4,1,2175.0
ec2502,,13:43:50.0#,2260.0,2308.0,2110.1,2677.3,1938.8,9937,11693.0,2171.8,1,2172.1,8,2172.2,1,2172.4,1,2175.0,5,2180.0,2,2183.3,1,2183.8,1,2184.2,1,2184.4,1,2175.0
ec2502,,13:43:50.500#,2260.0,2308.0,2110.1,2677.3,1938.8,9938,11693.0,2171.8,1,2172.1,8,2172.2,1,2172.4,1,2175.0,4,2180.0,2,2183.3,1,2183.8,1,2184.2,1,2184.4,1,2175.0
ec2502,,13:43:51.0#,2260.0,2308.0,2110.1,2677.3,1938.8,9938,11693.0,2172.1,8,2172.2,1,2172.4,1,2175.0,4,2175.1,1,2180.0,2,2183.3,1,2183.8,1,2184.2,1,2184.4,1,2175.0
ec2502,,13:43:55.0#,2260.0,2308.0,2110.1,2677.3,1938.8,9938,11693.0,2172.2,1,2172.4,1,2175.0,4,2175.2,1,2175.3,1,2180.0,2,2183.3,1,2183.8,1,2184.2,1,2184.4,1,2175.0
ec2502,,13:43:55.500#,2260.0,2308.0,2110.1,2677.3,1938.8,9938,11693.0,2172.4,1,2175.0,4,2175.2,1,2175.3,1,2175.4,1,2180.0,2,2183.3,1,2183.8,1,2184.2,1,2184.4,1,2175.0
ec2502,,13:43:56.0#,2260.0,2308.0,2110.1,2677.3,1938.8,9938,11693.0,2172.4,1,2175.0,4,2175.2,1,2175.3,1,2175.4,1,2180.0,2,2183.3,1,2183.8,1,2184.4,1,2185.0,12,2175.0
ec2502,,13:43:56.500#,2260.0,2308.0,2110.1,2677.3,1938.8,9939,11693.0,2175.0,4,2175.2,1,2175.3,1,2175.4,1,2175.5,1,2180.0,2,2183.3,1,2183.8,1,2184.4,1,2185.0,12,2175.1
ec2502,,13:43:57.0#,2260.0,2308.0,2110.1,2677.3,1938.8,9939,11693.0,2172.2,1,2172.4,1,2175.0,4,2175.4,1,2175.5,1,2180.0,2,2183.3,1,2183.8,1,2184.4,1,2185.0,12,2175.1
ec2502,,13:44:02.500#,2260.0,2308.0,2110.1,2677.3,1938.8,9940,11693.0,2172.2,1,2172.4,1,2175.0,4,2175.4,1,2175.5,1,2180.0,1,2183.3,1,2183.8,1,2184.4,1,2185.0,12,2180.0
ec2502,,13:44:03.0#,2260.0,2308.0,2110.1,2677.3,1938.8,9940,11693.0,2171.8,1,2172.1,8,2172.2,1,2172.4,1,2175.0,4,2180.0,1,2183.3,1,2183.8,1,2184.4,1,2185.0,12,2180.0
ec2502,,13:44:03.500#,2260.0,2308.0,2110.1,2677.3,1938.8,9940,11693.0,2171.8,1,2172.1,8,2172.2,1,2172.4,1,2175.0,4,2180.0,1,2183.3,1,2183.8,1,2184.4,1,2185.0,12,2180.0
ec2502,,13:44:04.0#,2260.0,2308.0,2110.1,2677.3,1938.8,9940,11693.0,2171.8,1,2172.1,8,2172.2,1,2172.4,1,2175.0,4,2179.8,1,2180.0,1,2183.3,1,2183.8,1,2184.4,1,2180.0
ec2502,,13:44:04.500#,2260.0,2308.0,2110.1,2677.3,1938.8,9940,11693.0,2171.8,1,2172.1,8,2172.2,1,2172.4,1,2175.0,4,2179.6,1,2179.7,2,2179.8,1,2180.0,1,2183.3,1,2180.0
ec2502,,13:44:05.0#,2260.0,2308.0,2110.1,2677.3,1938.8,9940,11693.0,2171.8,1,2172.1,8,2172.2,1,2172.4,1,2175.0,4,2179.6,1,2179.8,1,2180.0,1,2183.3,1,2183.8,1,2180.0
ec2502,,13:44:05.500#,2260.0,2308.0,2110.1,2677.3,1938.8,9940,11693.0,2171.8,1,2172.1,8,2172.2,1,2172.4,1,2175.0,4,2179.4,1,2179.5,1,2180.0,1,2183.3,1,2183.8,1,2180.0
ec2502,,13:44:06.0#,2260.0,2308.0,2110.1,2677.3,1938.8,9940,11693.0,2171.8,1,2172.1,8,2172.2,1,2172.4,1,2175.0,4,2179.3,1,2179.4,1,2180.0,1,2183.3,1,2183.8,1,2180.0
ec2502,,13:44:06.500#,2260.0,2308.0,2110.1,2677.3,1938.8,9940,11693.0,2171.8,1,2172.1,8,2172.2,1,2172.4,1,2175.0,4,2179.2,1,2179.4,1,2180.0,1,2183.3,1,2183.8,1,2180.0
ec2502,,13:44:07.0#,2260.0,2308.0,2110.1,2677.3,1938.8,9940,11693.0,2171.8,1,2172.1,8,2172.2,1,2172.4,1,2175.0,4,2179.0,1,2179.1,1,2180.0,1,2183.3,1,2183.8,1,2180.0
ec2502,,13:44:07.500#,2260.0,2308.0,2110.1,2677.3,1938.8,9940,11693.0,2171.8,1,2172.1,8,2172.2,1,2172.4,1,2175.0,4,2178.9,1,2179.0,1,2180.0,1,2183.3,1,2183.8,1,2180.0
ec2502,,13:44:08.500#,2260.0,2308.0,2110.1,2677.3,1938.8,9940,11693.0,2171.8,1,2172.1,8,2172.2,1,2172.4,1,2175.0,4,2178.8,1,2178.9,1,2180.0,1,2183.3,1,2183.8,1,2180.0
ec2502,,13:44:09.0#,2260.0,2308.0,2110.1,2677.3,1938.8,9940,11693.0,2171.8,1,2172.1,8,2172.2,1,2172.4,1,2175.0,4,2178.8,1,2180.0,1,2183.3,1,2183.8,1,2184.4,1,2180.0
ec2502,,13:44:11.500#,2260.0,2308.0,2110.1,2677.3,1938.8,9941,11692.0,2172.2,1,2172.4,1,2175.0,4,2175.3,1,2175.4,1,2180.0,1,2183.3,1,2183.8,1,2184.4,1,2185.0,12,2178.8
ec2502,,13:44:12.0#,2260.0,2308.0,2110.1,2677.3,1938.8,9942,11692.0,2175.0,4,2175.1,1,2175.3,1,2175.4,2,2175.8,1,2183.3,1,2183.8,1,2184.4,1,2185.0,12,2186.0,1,2180.0
ec2502,,13:44:12.500#,2260.0,2308.0,2110.1,2677.3,1938.8,9942,11692.0,2175.3,1,2175.7,1,2175.8,1,2177.4,1,2177.5,1,2183.3,1,2183.8,1,2184.4,1,2185.0,12,2186.0,1,2180.0
ec2502,,13:44:13.0#,2260.0,2308.0,2110.1,2677.3,1938.8,9943,11692.0,2172.2,1,2175.0,4,2176.3,2,2177.4,1,2177.5,1,2183.3,1,2183.8,1,2184.4,1,2185.0,12,2186.0,1,2177.5
ec2502,,13:44:13.500#,2260.0,2308.0,2110.1,2677.3,1938.8,9943,11692.0,2172.2,1,2175.0,4,2176.3,2,2177.4,1,2177.5,1,2183.3,1,2183.8,1,2184.4,1,2185.0,12,2186.0,1,2177.5
ec2502,,13:44:14.0#,2260.0,2308.0,2110.1,2677.3,1938.8,9943,11692.0,2175.0,4,2176.3,2,2177.4,1,2177.5,1,2177.6,1,2183.3,1,2183.8,1,2184.4,1,2185.0,12,2186.0,1,2177.5
ec2502,,13:44:14.500#,2260.0,2308.0,2110.1,2677.3,1938.8,9943,11692.0,2176.3,2,2177.4,1,2177.6,1,2177.7,1,2178.0,1,2183.3,1,2183.8,1,2184.4,1,2185.0,12,2186.0,1,2177.5
ec2502,,13:44:15.0#,2260.0,2308.0,2110.1,2677.3,1938.8,9943,11692.0,2176.3,2,2177.4,1,2177.7,1,2178.0,1,2179.3,1,2183.3,1,2183.8,1,2184.4,1,2185.0,12,2186.0,1,2177.5
ec2502,,13:44:15.500#,2260.0,2308.0,2110.1,2677.3,1938.8,9943,11692.0,2175.0,4,2176.3,1,2177.4,1,2178.1,1,2178.2,1,2183.3,1,2183.8,1,2184.4,1,2185.0,12,2186.0,1,2177.5
ec2502,,13:44:16.0#,2260.0,2308.0,2110.1,2677.3,1938.8,9943,11692.0,2176.3,1,2177.4,1,2178.1,1,2178.2,1,2180.0,1,2183.3,1,2183.8,1,2184.4,1,2185.0,12,2186.0,1,2177.5
ec2502,,13:44:16.500#,2260.0,2308.0,2110.1,2677.3,1938.8,9943,11692.0,2172.2,1,2175.0,4,2176.3,1,2178.2,1,2178.3,1,2183.3,1,2183.8,1,2184.4,1,2185.0,12,2186.0,1,2177.5
ec2502,,13:44:17.0#,2260.0,2308.0,2110.1,2677.3,1938.8,9943,11692.0,2172.2,1,2175.0,4,2178.2,1,2178.3,1,2178.5,1,2183.3,1,2183.8,1,2184.4,1,2185.0,12,2186.0,1,2177.5
ec2502,,13:44:17.500#,2260.0,2308.0,2110.1,2677.3,1938.8,9943,11692.0,2172.1,8,2172.2,1,2175.0,4,2178.5,1,2178.6,1,2183.3,1,2183.8,1,2184.4,1,2185.0,12,2186.0,1,2177.5
ec2502,,13:44:18.0#,2260.0,2308.0,2110.1,2677.3,1938.8,9943,11692.0,2172.2,1,2175.0,4,2175.7,1,2178.5,1,2178.6,1,2183.3,1,2183.8,1,2184.4,1,2185.0,12,2186.0,1,2177.5
ec2502,,13:44:18.500#,2260.0,2308.0,2110.1,2677.3,1938.8,9943,11692.0,2172.2,1,2175.0,4,2175.7,1,2175.8,2,2176.2,1,2183.3,1,2183.8,1,2184.4,1,2185.0,12,2186.0,1,2177.5
ec2502,,13:44:19.500#,2260.0,2308.0,2110.1,2677.3,1938.8,9943,11692.0,2175.0,4,2175.7,1,2175.8,1,2176.2,1,2176.5,1,2183.3,1,2183.8,1,2184.4,1,2185.0,12,2186.0,1,2177.5
ec2502,,13:44:20.0#,2260.0,2308.0,2110.1,2677.3,1938.8,9943,11692.0,2175.0,4,2175.7,1,2175.8,1,2176.2,1,2176.6,1,2183.3,1,2183.8,1,2184.4,1,2185.0,12,2186.0,1,2177.5
ec2502,,13:44:20.500#,2260.0,2308.0,2110.1,2677.3,1938.8,9943,11692.0,2172.2,1,2175.0,4,2175.8,1,2176.2,1,2176.6,1,2183.3,1,2183.8,1,2184.4,1,2185.0,12,2186.0,1,2177.5
ec2502,,13:44:21.0#,2260.0,2308.0,2110.1,2677.3,1938.8,9943,11692.0,2171.8,1,2172.1,8,2172.2,1,2175.0,4,2176.7,1,2182.3,1,2182.7,1,2183.2,1,2183.3,1,2183.8,1,2177.5
ec2502,,13:44:22.0#,2260.0,2308.0,2110.1,2677.3,1938.8,9943,11692.0,2170.0,3,2171.8,1,2172.1,8,2172.2,1,2175.0,4,2181.8,1,2182.3,1,2182.7,1,2183.3,1,2183.8,1,2177.5
ec2502,,13:44:22.500#,2260.0,2308.0,2110.1,2677.3,1938.8,9943,11692.0,2171.8,1,2172.1,8,2172.2,1,2175.0,4,2175.3,1,2181.2,1,2181.7,2,2181.8,1,2182.0,1,2182.3,1,2177.5
ec2502,,13:44:23.0#,2260.0,2308.0,2110.1,2677.3,1938.8,9943,11692.0,2172.1,8,2172.2,1,2175.0,4,2175.3,1,2175.4,1,2181.2,1,2181.3,1,2182.3,1,2182.7,1,2183.3,1,2177.5
ec2502,,13:44:23.500#,2260.0,2308.0,2110.1,2677.3,1938.8,9943,11692.0,2172.1,8,2172.2,1,2175.0,4,2175.3,1,2175.4,1,2181.3,1,2182.7,1,2183.3,1,2183.8,1,2184.4,1,2177.5
ec2502,,13:44:24.0#,2260.0,2308.0,2110.1,2677.3,1938.8,9943,11692.0,2172.2,1,2175.0,4,2175.3,1,2175.6,1,2175.7,1,2180.7,1,2182.7,1,2183.3,1,2183.8,1,2184.4,1,2177.5
ec2502,,13:44:24.500#,2260.0,2308.0,2110.1,2677.3,1938.8,9943,11692.0,2172.2,1,2175.0,4,2175.3,1,2175.6,1,2175.7,1,2183.3,1,2183.8,1,2184.4,1,2185.0,12,2186.0,1,2177.5
ec2502,,13:44:25.0#,2260.0,2308.0,2110.1,2677.3,1938.8,9943,11692.0,2172.2,1,2175.0,4,2175.3,1,2175.6,1,2175.7,1,2183.3,1,2183.8,1,2184.4,1,2185.0,12,2186.0,1,2177.5
ec2502,,13:44:25.500#,2260.0,2308.0,2110.1,2677.3,1938.8,9943,11692.0,2175.0,4,2175.3,1,2175.6,1,2175.7,1,2176.5,1,2182.6,1,2182.9,1,2183.3,1,2183.8,1,2184.4,1,2177.5
ec2502,,13:44:26.0#,2260.0,2308.0,2110.1,2677.3,1938.8,9943,11692.0,2172.2,1,2175.0,4,2175.3,1,2175.6,1,2175.7,1,2182.6,1,2182.9,1,2183.3,1,2183.8,1,2184.4,1,2177.5
ec2502,,13:44:26.500#,2260.0,2308.0,2110.1,2677.3,1938.8,9943,11692.0,2172.2,1,2175.0,4,2175.3,1,2175.6,1,2175.7,1,2177.4,1,2182.0,1,2182.6,1,2183.3,1,2183.8,1,2177.5
ec2502,,13:44:27.0#,2260.0,2308.0,2110.1,2677.3,1938.8,9944,11693.0,2172.1,8,2172.2,1,2175.0,4,2175.6,1,2175.7,1,2182.0,1,2182.6,1,2183.3,1,2183.8,1,2184.4,1,2177.4
ec2502,,13:44:27.500#,2260.0,2308.0,2110.1,2677.3,1938.8,9944,11693.0,2171.8,1,2172.1,8,2172.2,1,2175.0,4,2175.6,1,2182.0,1,2182.6,1,2183.3,1,2183.8,1,2184.4,1,2177.4
ec2502,,13:44:28.0#,2260.0,2308.0,2110.1,2677.3,1938.8,9944,11693.0,2172.2,1,2173.2,1,2175.0,4,2175.6,1,2175.7,1,2182.0,1,2182.6,1,2183.3,1,2183.8,1,2184.4,1,2177.4
ec2502,,13:44:28.500#,2260.0,2308.0,2110.1,2677.3,1938.8,9944,11693.0,2172.2,1,2172.3,1,2175.0,4,2175.6,1,2175.7,1,2182.0,1,2182.6,1,2183.3,1,2183.8,1,2184.4,1,2177.4
ec2502,,13:44:29.0#,2260.0,2308.0,2110.1,2677.3,1938.8,9944,11693.0,2171.8,1,2172.1,8,2172.2,1,2172.3,1,2175.0,4,2181.9,2,2182.0,1,2182.6,1,2183.3,1,2183.8,1,2177.4
ec2502,,13:44:29.500#,2260.0,2308.0,2110.1,2677.3,1938.8,9944,11693.0,2171.8,1,2172.1,8,2172.2,1,2172.3,1,2175.0,4,2181.0,1,2181.7,1,2181.8,1,2181.9,2,2182.0,1,2177.4
ec2502,,13:44:30.0#,2260.0,2308.0,2110.1,2677.3,1938.8,9944,11693.0,2171.8,1,2172.1,8,2172.2,1,2172.3,1,2175.0,4,2180.9,1,2181.0,1,2181.7,1,2182.0,1,2183.3,1,2177.4
ec2502,,13:44:30.500#,2260.0,2308.0,2110.1,2677.3,1938.8,9944,11693.0,2170.0,3,2171.8,1,2172.1,8,2172.2,1,2175.0,4,2180.8,1,2180.9,1,2181.0,1,2181.7,1,2182.0,1,2177.4
ec2502,,13:44:31.0#,2260.0,2308.0,2110.1,2677.3,1938.8,9944,11693.0,2170.0,3,2171.8,1,2172.1,8,2172.2,1,2175.0,4,2180.8,1,2181.0,1,2181.7,1,2183.3,1,2183.8,1,2177.4
ec2502,,13:44:31.500#,2260.0,2308.0,2110.1,2677.3,1938.8,9944,11693.0,2170.0,3,2171.8,1,2172.1,8,2172.2,1,2175.0,4,2180.7,1,2181.0,1,2183.3,1,2183.8,1,2184.4,1,2177.4
ec2502,,13:44:32.0#,2260.0,2308.0,2110.1,2677.3,1938.8,9944,11693.0,2170.0,3,2171.8,1,2172.1,8,2172.2,1,2175.0,4,2180.6,1,2183.3,1,2183.8,1,2184.4,1,2185.0,12,2177.4
ec2502,,13:44:32.500#,2260.0,2308.0,2110.1,2677.3,1938.8,9944,11693.0,2171.8,1,2172.1,8,2172.2,1,2175.0,4,2175.1,1,2183.3,1,2183.8,1,2184.4,1,2185.0,12,2186.0,1,2177.4
ec2502,,13:44:33.0#,2260.0,2308.0,2110.1,2677.3,1938.8,9944,11693.0,2170.0,3,2171.8,1,2172.1,8,2172.2,1,2175.0,4,2183.0,1,2183.1,1,2183.3,1,2183.8,1,2184.4,1,2177.4
ec2502,,13:44:33.500#,2260.0,2308.0,2110.1,2677.3,1938.8,9944,11693.0,2171.8,1,2172.1,8,2172.2,1,2172.4,1,2175.0,4,2182.8,1,2182.9,2,2183.1,1,2183.3,1,2183.8,1,2177.4
ec2502,,13:44:34.0#,2260.0,2308.0,2110.1,2677.3,1938.8,9944,11693.0,2172.1,8,2172.2,1,2172.4,1,2175.0,4,2175.1,1,2180.9,1,2182.3,1,2182.8,1,2183.1,1,2183.3,1,2177.4
ec2502,,13:44:34.500#,2260.0,2308.0,2110.1,2677.3,1938.8,9944,11693.0,2172.1,8,2172.2,1,2172.4,1,2175.0,4,2175.1,1,2182.0,1,2182.3,1,2183.1,1,2183.3,1,2183.8,1,2177.4
ec2502,,13:44:35.0#,2260.0,2308.0,2110.1,2677.3,1938.8,9944,11693.0,2172.1,8,2172.2,1,2172.3,1,2172.6,1,2175.0,4,2182.0,1,2182.3,1,2183.1,1,2183.3,1,2183.8,1,2177.4
ec2502,,13:44:35.500#,2260.0,2308.0,2110.1,2677.3,1938.8,9944,11693.0,2172.1,8,2172.2,1,2172.3,1,2172.6,1,2175.0,4,2181.8,1,2181.9,2,2182.0,1,2182.3,1,2183.1,1,2177.4
ec2502,,13:44:36.0#,2260.0,2308.0,2110.1,2677.3,1938.8,9944,11693.0,2171.8,1,2172.1,8,2172.2,1,2172.3,1,2175.0,4,2181.8,1,2182.0,1,2182.3,1,2183.1,1,2183.3,1,2177.4
ec2502,,13:44:36.500#,2260.0,2308.0,2110.1,2677.3,1938.8,9944,11693.0,2171.8,1,2172.1,8,2172.2,1,2172.3,1,2175.0,4,2181.7,1,2182.0,1,2182.3,1,2183.1,1,2183.3,1,2177.4
ec2502,,13:44:37.0#,2260.0,2308.0,2110.1,2677.3,1938.8,9944,11693.0,2171.8,1,2172.1,8,2172.2,1,2172.3,1,2175.0,4,2181.0,1,2181.6,1,2182.0,1,2182.3,1,2183.3,1,2177.4
ec2502,,13:44:37.500#,2260.0,2308.0,2110.1,2677.3,1938.8,9944,11693.0,2171.8,1,2172.1,8,2172.2,1,2172.3,1,2175.0,4,2180.9,1,2181.0,1,2182.0,1,2182.3,1,2183.3,1,2177.4
ec2502,,13:44:38.0#,2260.0,2308.0,2110.1,2677.3,1938.8,9944,11693.0,2171.8,1,2172.1,8,2172.2,1,2172.3,1,2175.0,4,2180.8,1,2181.0,1,2182.0,1,2183.3,1,2183.8,1,2177.4
ec2502,,13:44:38.500#,2260.0,2308.0,2110.1,2677.3,1938.8,9944,11693.0,2171.8,1,2172.1,8,2172.2,1,2172.3,1,2175.0,4,2180.7,1,2181.0,1,2182.0,1,2183.3,1,2183.8,1,2177.4
ec2502,,13:44:39.0#,2260.0,2308.0,2110.1,2677.3,1938.8,9944,11693.0,2170.0,4,2171.8,1,2172.1,8,2172.2,1,2175.0,4,2180.6,1,2181.0,1,2182.0,1,2183.3,1,2183.8,1,2177.4
ec2502,,13:44:39.500#,2260.0,2308.0,2110.1,2677.3,1938.8,9944,11693.0,2170.0,4,2171.8,1,2172.1,8,2172.2,1,2175.0,4,2180.4,1,2180.5,2,2181.0,1,2183.3,1,2183.8,1,2177.4
ec2502,,13:44:44.0#,2260.0,2308.0,2110.1,2677.3,1938.8,9944,11693.0,2170.0,4,2171.8,1,2172.1,8,2172.2,1,2175.0,4,2180.4,1,2181.0,1,2183.3,1,2183.8,1,2184.4,1,2177.4
ec2502,,13:44:45.0#,2260.0,2308.0,2110.1,2677.3,1938.8,9944,11693.0,2172.1,8,2172.2,1,2175.0,4,2175.4,1,2176.1,1,2183.3,1,2183.8,1,2184.4,1,2185.0,12,2186.0,1,2177.4
ec2502,,13:44:45.500#,2260.0,2308.0,2110.1,2677.3,1938.8,9944,11693.0,2175.0,4,2175.4,1,2176.1,1,2176.2,1,2176.3,1,2183.3,1,2183.8,1,2184.4,1,2185.0,12,2186.0,1,2177.4
ec2502,,13:44:46.0#,2260.0,2308.0,2110.1,2677.3,1938.8,9944,11693.0,2175.4,1,2175.7,1,2176.1,1,2176.2,1,2176.3,1,2183.3,1,2183.8,1,2184.4,1,2185.0,12,2186.0,1,2177.4
ec2502,,13:44:46.500#,2260.0,2308.0,2110.1,2677.3,1938.8,9944,11693.0,2175.4,1,2175.7,1,2176.1,1,2176.3,1,2176.4,1,2183.3,1,2183.8,1,2184.4,1,2185.0,12,2186.0,1,2177.4
ec2502,,13:44:47.0#,2260.0,2308.0,2110.1,2677.3,1938.8,9944,11693.0,2176.1,1,2176.3,1,2176.4,1,2176.5,1,2177.6,1,2183.3,1,2183.8,1,2184.4,1,2185.0,12,2186.0,1,2177.4
ec2502,,13:44:47.500#,2260.0,2308.0,2110.1,2677.3,1938.8,9944,11693.0,2176.3,1,2176.5,1,2177.1,1,2177.6,1,2177.7,1,2183.3,1,2183.8,1,2184.4,1,2185.0,12,2186.0,1,2177.4
ec2502,,13:44:48.0#,2260.0,2308.0,2110.1,2677.3,1938.8,9944,11693.0,2176.3,1,2176.5,1,2177.1,1,2177.6,1,2177.7,1,2183.3,1,2183.8,1,2184.4,1,2185.0,12,2186.0,1,2177.4
ec2502,,13:44:48.500#,2260.0,2308.0,2110.1,2677.3,1938.8,9944,11693.0,2175.0,4,2176.3,1,2176.5,1,2177.1,1,2177.6,1,2183.3,1,2183.8,1,2184.4,1,2185.0,11,2186.0,1,2177.4
ec2502,,13:44:49.0#,2260.0,2308.0,2110.1,2677.3,1938.8,9944,11693.0,2175.0,5,2176.3,1,2176.5,1,2177.1,1,2177.7,1,2183.3,1,2183.8,1,2184.4,1,2185.0,11,2186.0,1,2177.4
ec2502,,13:44:50.0#,2260.0,2308.0,2110.1,2677.3,1938.8,9949,11696.0,2171.8,1,2172.1,8,2172.2,1,2175.0,5,2175.1,1,2183.3,1,2183.8,1,2184.4,1,2185.0,11,2186.0,1,2177.7
ec2502,,13:44:50.500#,2260.0,2308.0,2110.1,2677.3,1938.8,9949,11696.0,2172.1,8,2172.2,1,2175.0,5,2175.1,2,2175.2,1,2182.9,1,2183.3,1,2183.8,1,2184.4,1,2185.0,11,2177.7
ec2502,,13:44:51.0#,2260.0,2308.0,2110.1,2677.3,1938.8,9949,11696.0,2172.1,8,2172.2,1,2175.0,5,2175.1,2,2175.2,1,2183.3,1,2183.8,1,2184.4,1,2185.0,11,2186.0,1,2177.7
ec2502,,13:44:51.500#,2260.0,2308.0,2110.1,2677.3,1938.8,9949,11696.0,2172.2,1,2175.0,5,2175.1,2,2175.2,1,2175.5,1,2183.3,1,2184.4,1,2185.0,11,2186.0,1,2189.9,2,2177.7
ec2502,,13:44:52.0#,2260.0,2308.0,2110.1,2677.3,1938.8,9949,11696.0,2172.2,1,2175.0,5,2175.1,1,2175.5,1,2177.7,1,2183.3,1,2184.4,1,2185.0,11,2186.0,1,2189.9,2,2177.7
ec2502,,13:44:52.500#,2260.0,2308.0,2110.1,2677.3,1938.8,9949,11696.0,2175.0,5,2175.1,1,2175.5,1,2175.7,1,2176.3,1,2183.3,1,2184.4,1,2185.0,11,2186.0,1,2189.9,2,2177.7
ec2502,,13:44:53.0#,2260.0,2308.0,2110.1,2677.3,1938.8,9949,11696.0,2175.1,1,2175.5,1,2175.7,1,2176.3,1,2176.4,1,2183.3,1,2184.4,1,2185.0,11,2186.0,1,2189.9,2,2177.7
ec2502,,13:44:53.500#,2260.0,2308.0,2110.1,2677.3,1938.8,9949,11696.0,2175.0,5,2175.1,1,2175.5,1,2176.3,1,2176.4,1,2183.3,1,2184.4,1,2185.0,11,2186.0,1,2189.9,2,2177.7
ec2502,,13:44:54.0#,2260.0,2308.0,2110.1,2677.3,1938.8,9949,11696.0,2172.2,1,2175.0,5,2175.1,1,2176.3,1,2176.5,1,2183.3,2,2184.4,1,2185.0,11,2186.0,1,2189.9,2,2177.7
ec2502,,13:44:54.500#,2260.0,2308.0,2110.1,2677.3,1938.8,9949,11696.0,2172.1,8,2172.2,1,2175.0,5,2175.2,1,2176.5,1,2182.4,1,2183.3,2,2184.4,1,2185.0,11,2186.0,1,2177.7
ec2502,,13:44:55.0#,2260.0,2308.0,2110.1,2677.3,1938.8,9949,11696.0,2172.1,8,2172.2,1,2175.0,5,2175.2,1,2176.5,1,2183.3,2,2184.4,1,2185.0,11,2186.0,1,2189.9,2,2177.7
ec2502,,13:44:55.500#,2260.0,2308.0,2110.1,2677.3,1938.8,9949,11696.0,2170.0,4,2171.8,1,2172.1,8,2172.2,1,2175.0,5,2182.9,1,2183.0,1,2183.3,2,2184.4,1,2185.0,11,2177.7
ec2502,,13:44:56.0#,2260.0,2308.0,2110.1,2677.3,1938.8,9950,11695.0,2171.8,1,2172.1,8,2172.2,1,2173.7,1,2175.0,5,2182.8,1,2182.9,1,2183.0,1,2183.3,2,2184.4,1,2182.8
ec2502,,13:44:56.500#,2260.0,2308.0,2110.1,2677.3,1938.8,9950,11695.0,2173.7,1,2175.0,5,2175.1,1,2175.3,1,2175.4,1,2183.0,1,2183.3,2,2184.4,1,2185.0,11,2186.0,1,2182.8
ec2502,,13:44:57.0#,2260.0,2308.0,2110.1,2677.3,1938.8,9950,11695.0,2172.2,1,2173.7,1,2175.0,5,2175.4,1,2176.8,1,2183.3,1,2184.4,1,2185.0,11,2186.0,1,2189.9,3,2182.8
ec2502,,13:44:57.500#,2260.0,2308.0,2110.1,2677.3,1938.8,9950,11695.0,2172.2,1,2173.7,1,2175.0,5,2176.2,1,2176.9,1,2183.3,1,2184.4,1,2185.0,11,2186.0,1,2189.9,3,2182.8
ec2502,,13:44:58.0#,2260.0,2308.0,2110.1,2677.3,1938.8,9950,11695.0,2172.1,8,2172.2,1,2173.7,1,2175.0,5,2176.2,1,2183.2,1,2183.3,1,2184.4,1,2185.0,11,2186.0,1,2182.8
ec2502,,13:44:58.500#,2260.0,2308.0,2110.1,2677.3,1938.8,9950,11695.0,2170.0,4,2171.8,1,2172.1,8,2172.2,1,2175.0,5,2182.5,2,2182.6,1,2183.3,1,2184.4,1,2185.0,11,2182.8
