InstrumentId,ExchangeId,Datetime,OpenPrice,HighestPrice,LowestPrice,UpperLimitPrice,LowerLimitPrice,Volume,OpenInterest,BidPrice5,BidVolume5,BidPrice4,BidVolume4,BidPrice3,BidVolume3,BidPrice2,BidVolume2,BidPrice1,BidVolume1,AskPrice1,AskVolume1,AskPrice2,AskVolume2,AskPrice3,AskVolume3,AskPrice4,AskVolume4,AskPrice5,AskVolume5,LastPrice
FG409,,13:38:35.0#,1439.0,1450.0,1410.0,1590.0,1300.0,716610,787321,1431.0,953,1432.0,1095,1433.0,1249,1434.0,1330,1435.0,459,1436.0,466,1437.0,628,1438.0,360,1439.0,436,1440.0,617,1436.0
FG409,,13:38:35.250#,1439.0,1450.0,1410.0,1590.0,1300.0,716611,787321,1431.0,953,1432.0,1095,1433.0,1249,1434.0,1330,1435.0,459,1436.0,468,1437.0,628,1438.0,360,1439.0,436,1440.0,617,1436.0
FG409,,13:38:35.500#,1439.0,1450.0,1410.0,1590.0,1300.0,716612,787320,1431.0,953,1432.0,1095,1433.0,1249,1434.0,1330,1435.0,461,1436.0,468,1437.0,628,1438.0,360,1439.0,436,1440.0,617,1435.0
FG409,,13:38:35.750#,1439.0,1450.0,1410.0,1590.0,1300.0,716612,787320,1431.0,953,1432.0,1095,1433.0,1249,1434.0,1330,1435.0,461,1436.0,468,1437.0,628,1438.0,360,1439.0,436,1440.0,617,1435.0
FG409,,13:38:36.0#,1439.0,1450.0,1410.0,1590.0,1300.0,716613,787321,1431.0,953,1432.0,1095,1433.0,1249,1434.0,1330,1435.0,461,1436.0,467,1437.0,628,1438.0,360,1439.0,436,1440.0,617,1436.0
FG409,,13:38:36.250#,1439.0,1450.0,1410.0,1590.0,1300.0,716613,787321,1431.0,953,1432.0,1095,1433.0,1249,1434.0,1330,1435.0,462,1436.0,468,1437.0,628,1438.0,360,1439.0,436,1440.0,617,1436.0
FG409,,13:38:36.500#,1439.0,1450.0,1410.0,1590.0,1300.0,716614,787322,1431.0,953,1432.0,1095,1433.0,1249,1434.0,1331,1435.0,462,1436.0,469,1437.0,628,1438.0,360,1439.0,436,1440.0,617,1436.0
FG409,,13:38:36.750#,1439.0,1450.0,1410.0,1590.0,1300.0,716614,787322,1431.0,953,1432.0,1095,1433.0,1249,1434.0,1331,1435.0,464,1436.0,469,1437.0,628,1438.0,354,1439.0,436,1440.0,623,1436.0
FG409,,13:38:37.0#,1439.0,1450.0,1410.0,1590.0,1300.0,716614,787322,1431.0,953,1432.0,1095,1433.0,1249,1434.0,1331,1435.0,474,1436.0,470,1437.0,628,1438.0,354,1439.0,436,1440.0,623,1436.0
FG409,,13:38:37.250#,1439.0,1450.0,1410.0,1590.0,1300.0,716614,787322,1431.0,953,1432.0,1095,1433.0,1249,1434.0,1330,1435.0,474,1436.0,470,1437.0,628,1438.0,354,1439.0,436,1440.0,623,1436.0
FG409,,13:38:37.500#,1439.0,1450.0,1410.0,1590.0,1300.0,716614,787322,1431.0,953,1432.0,1095,1433.0,1249,1434.0,1331,1435.0,475,1436.0,470,1437.0,628,1438.0,354,1439.0,436,1440.0,623,1436.0
FG409,,13:38:37.750#,1439.0,1450.0,1410.0,1590.0,1300.0,716615,787322,1431.0,953,1432.0,1095,1433.0,1249,1434.0,1331,1435.0,475,1436.0,472,1437.0,628,1438.0,354,1439.0,436,1440.0,623,1436.0
FG409,,13:38:38.0#,1439.0,1450.0,1410.0,1590.0,1300.0,716615,787322,1431.0,953,1432.0,1095,1433.0,1247,1434.0,1331,1435.0,464,1436.0,472,1437.0,628,1438.0,354,1439.0,436,1440.0,623,1436.0
FG409,,13:38:38.250#,1439.0,1450.0,1410.0,1590.0,1300.0,716615,787322,1431.0,953,1432.0,1095,1433.0,1247,1434.0,1331,1435.0,464,1436.0,474,1437.0,628,1438.0,354,1439.0,436,1440.0,623,1436.0
FG409,,13:38:38.500#,1439.0,1450.0,1410.0,1590.0,1300.0,716615,787322,1431.0,953,1432.0,1095,1433.0,1247,1434.0,1332,1435.0,465,1436.0,478,1437.0,628,1438.0,354,1439.0,436,1440.0,623,1436.0
FG409,,13:38:38.750#,1439.0,1450.0,1410.0,1590.0,1300.0,716619,787322,1431.0,953,1432.0,1095,1433.0,1247,1434.0,1332,1435.0,460,1436.0,479,1437.0,628,1438.0,354,1439.0,436,1440.0,623,1435.0
FG409,,13:38:39.0#,1439.0,1450.0,1410.0,1590.0,1300.0,716620,787322,1431.0,953,1432.0,1095,1433.0,1247,1434.0,1332,1435.0,462,1436.0,478,1437.0,628,1438.0,354,1439.0,436,1440.0,623,1436.0
FG409,,13:38:39.250#,1439.0,1450.0,1410.0,1590.0,1300.0,716620,787322,1431.0,953,1432.0,1095,1433.0,1247,1434.0,1332,1435.0,461,1436.0,488,1437.0,628,1438.0,354,1439.0,436,1440.0,623,1436.0
FG409,,13:38:39.500#,1439.0,1450.0,1410.0,1590.0,1300.0,716620,787322,1431.0,953,1432.0,1095,1433.0,1247,1434.0,1333,1435.0,463,1436.0,488,1437.0,628,1438.0,354,1439.0,436,1440.0,623,1436.0
FG409,,13:38:39.750#,1439.0,1450.0,1410.0,1590.0,1300.0,716620,787322,1431.0,953,1432.0,1095,1433.0,1247,1434.0,1336,1435.0,465,1436.0,487,1437.0,628,1438.0,354,1439.0,436,1440.0,623,1436.0
FG409,,13:38:40.0#,1439.0,1450.0,1410.0,1590.0,1300.0,716623,787325,1431.0,953,1432.0,1095,1433.0,1247,1434.0,1336,1435.0,465,1436.0,483,1437.0,628,1438.0,354,1439.0,436,1440.0,623,1436.0
FG409,,13:38:40.250#,1439.0,1450.0,1410.0,1590.0,1300.0,716623,787325,1431.0,953,1432.0,1095,1433.0,1247,1434.0,1336,1435.0,465,1436.0,499,1437.0,628,1438.0,354,1439.0,436,1440.0,623,1436.0
FG409,,13:38:40.500#,1439.0,1450.0,1410.0,1590.0,1300.0,716623,787325,1431.0,953,1432.0,1095,1433.0,1247,1434.0,1336,1435.0,468,1436.0,502,1437.0,628,1438.0,354,1439.0,436,1440.0,623,1436.0
FG409,,13:38:40.750#,1439.0,1450.0,1410.0,1590.0,1300.0,716625,787327,1431.0,953,1432.0,1095,1433.0,1247,1434.0,1337,1435.0,468,1436.0,500,1437.0,628,1438.0,354,1439.0,436,1440.0,623,1436.0
FG409,,13:38:41.0#,1439.0,1450.0,1410.0,1590.0,1300.0,716626,787327,1431.0,953,1432.0,1095,1433.0,1247,1434.0,1337,1435.0,470,1436.0,499,1437.0,628,1438.0,354,1439.0,436,1440.0,623,1436.0
FG409,,13:38:41.250#,1439.0,1450.0,1410.0,1590.0,1300.0,716627,787328,1431.0,953,1432.0,1095,1433.0,1248,1434.0,1337,1435.0,476,1436.0,501,1437.0,628,1438.0,354,1439.0,436,1440.0,623,1436.0
FG409,,13:38:41.500#,1439.0,1450.0,1410.0,1590.0,1300.0,716627,787328,1431.0,953,1432.0,1095,1433.0,1248,1434.0,1337,1435.0,478,1436.0,502,1437.0,628,1438.0,354,1439.0,436,1440.0,623,1436.0
FG409,,13:38:41.750#,1439.0,1450.0,1410.0,1590.0,1300.0,716627,787328,1431.0,953,1432.0,1095,1433.0,1248,1434.0,1337,1435.0,478,1436.0,505,1437.0,628,1438.0,354,1439.0,436,1440.0,623,1436.0
FG409,,13:38:42.0#,1439.0,1450.0,1410.0,1590.0,1300.0,716629,787329,1431.0,953,1432.0,1095,1433.0,1257,1434.0,1337,1435.0,477,1436.0,504,1437.0,628,1438.0,354,1439.0,436,1440.0,623,1435.0
FG409,,13:38:42.250#,1439.0,1450.0,1410.0,1590.0,1300.0,716629,787329,1431.0,953,1432.0,1095,1433.0,1257,1434.0,1336,1435.0,478,1436.0,504,1437.0,628,1438.0,354,1439.0,436,1440.0,623,1435.0
FG409,,13:38:42.500#,1439.0,1450.0,1410.0,1590.0,1300.0,716629,787329,1431.0,953,1432.0,1095,1433.0,1257,1434.0,1336,1435.0,480,1436.0,504,1437.0,628,1438.0,354,1439.0,436,1440.0,623,1435.0
FG409,,13:38:42.750#,1439.0,1450.0,1410.0,1590.0,1300.0,716629,787329,1431.0,953,1432.0,1094,1433.0,1257,1434.0,1336,1435.0,479,1436.0,505,1437.0,628,1438.0,354,1439.0,436,1440.0,623,1435.0
FG409,,13:38:43.0#,1439.0,1450.0,1410.0,1590.0,1300.0,716630,787329,1431.0,953,1432.0,1094,1433.0,1257,1434.0,1336,1435.0,482,1436.0,508,1437.0,628,1438.0,354,1439.0,436,1440.0,623,1436.0
FG409,,13:38:43.250#,1439.0,1450.0,1410.0,1590.0,1300.0,716630,787329,1431.0,953,1432.0,1094,1433.0,1257,1434.0,1336,1435.0,483,1436.0,507,1437.0,628,1438.0,354,1439.0,436,1440.0,623,1436.0
FG409,,13:38:43.500#,1439.0,1450.0,1410.0,1590.0,1300.0,716636,787335,1431.0,953,1432.0,1094,1433.0,1257,1434.0,1336,1435.0,484,1436.0,501,1437.0,628,1438.0,354,1439.0,436,1440.0,623,1436.0
FG409,,13:38:43.750#,1439.0,1450.0,1410.0,1590.0,1300.0,716642,787339,1431.0,953,1432.0,1094,1433.0,1257,1434.0,1336,1435.0,489,1436.0,498,1437.0,628,1438.0,354,1439.0,436,1440.0,623,1436.0
FG409,,13:38:44.0#,1439.0,1450.0,1410.0,1590.0,1300.0,716646,787341,1431.0,953,1432.0,1094,1433.0,1257,1434.0,1336,1435.0,489,1436.0,496,1437.0,628,1438.0,354,1439.0,436,1440.0,624,1435.0
FG409,,13:38:44.250#,1439.0,1450.0,1410.0,1590.0,1300.0,716646,787341,1431.0,953,1432.0,1094,1433.0,1257,1434.0,1336,1435.0,488,1436.0,496,1437.0,628,1438.0,354,1439.0,436,1440.0,624,1435.0
FG409,,13:38:44.500#,1439.0,1450.0,1410.0,1590.0,1300.0,716646,787341,1431.0,953,1432.0,1094,1433.0,1257,1434.0,1336,1435.0,513,1436.0,496,1437.0,628,1438.0,354,1439.0,436,1440.0,624,1435.0
FG409,,13:38:44.750#,1439.0,1450.0,1410.0,1590.0,1300.0,716647,787342,1431.0,953,1432.0,1094,1433.0,1257,1434.0,1336,1435.0,549,1436.0,496,1437.0,628,1438.0,354,1439.0,436,1440.0,624,1435.0
FG409,,13:38:45.0#,1439.0,1450.0,1410.0,1590.0,1300.0,716647,787342,1431.0,953,1432.0,1089,1433.0,1257,1434.0,1337,1435.0,550,1436.0,496,1437.0,628,1438.0,351,1439.0,435,1440.0,624,1435.0
FG409,,13:38:45.250#,1439.0,1450.0,1410.0,1590.0,1300.0,716647,787342,1431.0,953,1432.0,1089,1433.0,1257,1434.0,1335,1435.0,550,1436.0,496,1437.0,628,1438.0,351,1439.0,435,1440.0,624,1435.0
FG409,,13:38:45.500#,1439.0,1450.0,1410.0,1590.0,1300.0,716648,787343,1431.0,953,1432.0,1089,1433.0,1257,1434.0,1335,1435.0,575,1436.0,495,1437.0,629,1438.0,351,1439.0,435,1440.0,624,1436.0
FG409,,13:38:45.750#,1439.0,1450.0,1410.0,1590.0,1300.0,716653,787343,1431.0,953,1432.0,1089,1433.0,1257,1434.0,1337,1435.0,576,1436.0,488,1437.0,629,1438.0,351,1439.0,435,1440.0,624,1436.0
FG409,,13:38:46.0#,1439.0,1450.0,1410.0,1590.0,1300.0,716654,787344,1431.0,953,1432.0,1089,1433.0,1257,1434.0,1336,1435.0,575,1436.0,489,1437.0,629,1438.0,351,1439.0,435,1440.0,624,1435.0
FG409,,13:38:46.250#,1439.0,1450.0,1410.0,1590.0,1300.0,716657,787346,1431.0,953,1432.0,1089,1433.0,1257,1434.0,1336,1435.0,574,1436.0,488,1437.0,629,1438.0,351,1439.0,435,1440.0,624,1435.0
FG409,,13:38:46.500#,1439.0,1450.0,1410.0,1590.0,1300.0,716699,787335,1431.0,953,1432.0,1089,1433.0,1257,1434.0,1393,1435.0,584,1436.0,446,1437.0,632,1438.0,351,1439.0,435,1440.0,624,1436.0
FG409,,13:38:46.750#,1439.0,1450.0,1410.0,1590.0,1300.0,716699,787335,1431.0,953,1432.0,1089,1433.0,1257,1434.0,1393,1435.0,596,1436.0,402,1437.0,632,1438.0,351,1439.0,435,1440.0,625,1436.0
FG409,,13:38:47.0#,1439.0,1450.0,1410.0,1590.0,1300.0,716701,787335,1431.0,953,1432.0,1088,1433.0,1257,1434.0,1393,1435.0,599,1436.0,401,1437.0,632,1438.0,358,1439.0,435,1440.0,625,1436.0
FG409,,13:38:47.250#,1439.0,1450.0,1410.0,1590.0,1300.0,716703,787335,1431.0,953,1432.0,1088,1433.0,1257,1434.0,1392,1435.0,599,1436.0,400,1437.0,632,1438.0,358,1439.0,435,1440.0,625,1435.0
FG409,,13:38:47.500#,1439.0,1450.0,1410.0,1590.0,1300.0,716707,787331,1431.0,953,1432.0,1088,1433.0,1257,1434.0,1393,1435.0,602,1436.0,396,1437.0,632,1438.0,358,1439.0,435,1440.0,625,1436.0
FG409,,13:38:47.750#,1439.0,1450.0,1410.0,1590.0,1300.0,716724,787330,1431.0,953,1432.0,1088,1433.0,1257,1434.0,1392,1435.0,601,1436.0,380,1437.0,632,1438.0,358,1439.0,435,1440.0,625,1436.0
FG409,,13:38:48.0#,1439.0,1450.0,1410.0,1590.0,1300.0,716727,787330,1431.0,953,1432.0,1088,1433.0,1257,1434.0,1386,1435.0,600,1436.0,380,1437.0,639,1438.0,358,1439.0,435,1440.0,625,1435.0
FG409,,13:38:48.250#,1439.0,1450.0,1410.0,1590.0,1300.0,716728,787331,1431.0,953,1432.0,1088,1433.0,1257,1434.0,1386,1435.0,605,1436.0,381,1437.0,639,1438.0,358,1439.0,435,1440.0,625,1435.0
FG409,,13:38:48.500#,1439.0,1450.0,1410.0,1590.0,1300.0,716729,787332,1431.0,953,1432.0,1088,1433.0,1257,1434.0,1386,1435.0,605,1436.0,381,1437.0,639,1438.0,358,1439.0,435,1440.0,625,1435.0
FG409,,13:38:48.750#,1439.0,1450.0,1410.0,1590.0,1300.0,716730,787332,1431.0,953,1432.0,1088,1433.0,1257,1434.0,1386,1435.0,606,1436.0,378,1437.0,639,1438.0,358,1439.0,435,1440.0,625,1436.0
FG409,,13:38:49.0#,1439.0,1450.0,1410.0,1590.0,1300.0,716732,787331,1431.0,953,1432.0,1088,1433.0,1257,1434.0,1386,1435.0,606,1436.0,376,1437.0,639,1438.0,358,1439.0,435,1440.0,625,1436.0
FG409,,13:38:49.250#,1439.0,1450.0,1410.0,1590.0,1300.0,716782,787367,1431.0,953,1432.0,1088,1433.0,1257,1434.0,1386,1435.0,558,1436.0,336,1437.0,639,1438.0,358,1439.0,435,1440.0,625,1435.0
FG409,,13:38:49.500#,1439.0,1450.0,1410.0,1590.0,1300.0,716782,787367,1431.0,953,1432.0,1088,1433.0,1257,1434.0,1386,1435.0,560,1436.0,355,1437.0,639,1438.0,358,1439.0,435,1440.0,625,1435.0
FG409,,13:38:49.750#,1439.0,1450.0,1410.0,1590.0,1300.0,716789,787374,1431.0,946,1432.0,1088,1433.0,1257,1434.0,1336,1435.0,558,1436.0,356,1437.0,639,1438.0,359,1439.0,435,1440.0,625,1435.0
FG409,,13:38:50.0#,1439.0,1450.0,1410.0,1590.0,1300.0,716792,787377,1431.0,946,1432.0,1085,1433.0,1257,1434.0,1336,1435.0,609,1436.0,373,1437.0,639,1438.0,359,1439.0,435,1440.0,625,1436.0
FG409,,13:38:50.250#,1439.0,1450.0,1410.0,1590.0,1300.0,716793,787377,1431.0,946,1432.0,1085,1433.0,1258,1434.0,1336,1435.0,609,1436.0,373,1437.0,640,1438.0,359,1439.0,435,1440.0,625,1436.0
FG409,,13:38:50.500#,1439.0,1450.0,1410.0,1590.0,1300.0,716794,787377,1431.0,948,1432.0,1085,1433.0,1258,1434.0,1336,1435.0,610,1436.0,373,1437.0,640,1438.0,361,1439.0,435,1440.0,625,1435.0
FG409,,13:38:50.750#,1439.0,1450.0,1410.0,1590.0,1300.0,716794,787377,1431.0,948,1432.0,1085,1433.0,1258,1434.0,1336,1435.0,610,1436.0,356,1437.0,640,1438.0,361,1439.0,435,1440.0,625,1435.0
FG409,,13:38:51.0#,1439.0,1450.0,1410.0,1590.0,1300.0,716822,787397,1431.0,948,1432.0,1085,1433.0,1258,1434.0,1336,1435.0,597,1436.0,345,1437.0,640,1438.0,361,1439.0,435,1440.0,625,1436.0
FG409,,13:38:51.250#,1439.0,1450.0,1410.0,1590.0,1300.0,716828,787398,1431.0,948,1432.0,1085,1433.0,1258,1434.0,1336,1435.0,599,1436.0,332,1437.0,640,1438.0,361,1439.0,435,1440.0,631,1436.0
FG409,,13:38:51.500#,1439.0,1450.0,1410.0,1590.0,1300.0,716832,787396,1431.0,948,1432.0,1085,1433.0,1258,1434.0,1334,1435.0,602,1436.0,328,1437.0,640,1438.0,361,1439.0,435,1440.0,631,1436.0
FG409,,13:38:51.750#,1439.0,1450.0,1410.0,1590.0,1300.0,716832,787396,1431.0,948,1432.0,1085,1433.0,1258,1434.0,1334,1435.0,602,1436.0,329,1437.0,640,1438.0,361,1439.0,435,1440.0,631,1436.0
FG409,,13:38:52.0#,1439.0,1450.0,1410.0,1590.0,1300.0,716832,787396,1431.0,948,1432.0,1085,1433.0,1258,1434.0,1334,1435.0,602,1436.0,329,1437.0,640,1438.0,361,1439.0,435,1440.0,669,1436.0
FG409,,13:38:52.250#,1439.0,1450.0,1410.0,1590.0,1300.0,716832,787396,1431.0,933,1432.0,1085,1433.0,1258,1434.0,1334,1435.0,602,1436.0,329,1437.0,642,1438.0,361,1439.0,435,1440.0,669,1436.0
FG409,,13:38:52.500#,1439.0,1450.0,1410.0,1590.0,1300.0,716834,787396,1431.0,933,1432.0,1085,1433.0,1258,1434.0,1334,1435.0,620,1436.0,330,1437.0,642,1438.0,361,1439.0,435,1440.0,631,1435.0
FG409,,13:38:52.750#,1439.0,1450.0,1410.0,1590.0,1300.0,716838,787398,1431.0,933,1432.0,1085,1433.0,1258,1434.0,1334,1435.0,622,1436.0,319,1437.0,642,1438.0,361,1439.0,435,1440.0,631,1436.0
FG409,,13:38:53.0#,1439.0,1450.0,1410.0,1590.0,1300.0,716842,787396,1431.0,933,1432.0,1085,1433.0,1258,1434.0,1334,1435.0,632,1436.0,342,1437.0,642,1438.0,361,1439.0,435,1440.0,631,1436.0
FG409,,13:38:53.250#,1439.0,1450.0,1410.0,1590.0,1300.0,716844,787396,1431.0,933,1432.0,1085,1433.0,1258,1434.0,1333,1435.0,633,1436.0,340,1437.0,642,1438.0,361,1439.0,435,1440.0,631,1436.0
FG409,,13:38:53.500#,1439.0,1450.0,1410.0,1590.0,1300.0,716845,787397,1431.0,933,1432.0,1085,1433.0,1258,1434.0,1333,1435.0,637,1436.0,348,1437.0,642,1438.0,361,1439.0,435,1440.0,631,1435.0
FG409,,13:38:53.750#,1439.0,1450.0,1410.0,1590.0,1300.0,716846,787397,1431.0,933,1432.0,1085,1433.0,1251,1434.0,1333,1435.0,637,1436.0,348,1437.0,641,1438.0,361,1439.0,435,1440.0,631,1436.0
FG409,,13:38:54.0#,1439.0,1450.0,1410.0,1590.0,1300.0,716846,787397,1431.0,933,1432.0,1085,1433.0,1251,1434.0,1333,1435.0,638,1436.0,352,1437.0,641,1438.0,361,1439.0,435,1440.0,631,1436.0
FG409,,13:38:54.250#,1439.0,1450.0,1410.0,1590.0,1300.0,716846,787397,1431.0,933,1432.0,1084,1433.0,1251,1434.0,1333,1435.0,643,1436.0,352,1437.0,641,1438.0,361,1439.0,435,1440.0,631,1436.0
FG409,,13:38:54.500#,1439.0,1450.0,1410.0,1590.0,1300.0,716846,787397,1431.0,933,1432.0,1084,1433.0,1251,1434.0,1333,1435.0,643,1436.0,352,1437.0,641,1438.0,361,1439.0,435,1440.0,631,1436.0
FG409,,13:38:54.750#,1439.0,1450.0,1410.0,1590.0,1300.0,716850,787396,1431.0,933,1432.0,1084,1433.0,1251,1434.0,1331,1435.0,644,1436.0,350,1437.0,641,1438.0,361,1439.0,435,1440.0,631,1436.0
FG409,,13:38:55.0#,1439.0,1450.0,1410.0,1590.0,1300.0,716850,787396,1431.0,933,1432.0,1084,1433.0,1251,1434.0,1330,1435.0,644,1436.0,350,1437.0,642,1438.0,361,1439.0,435,1440.0,631,1436.0
FG409,,13:38:55.250#,1439.0,1450.0,1410.0,1590.0,1300.0,716852,787396,1431.0,933,1432.0,1084,1433.0,1251,1434.0,1330,1435.0,644,1436.0,350,1437.0,642,1438.0,361,1439.0,435,1440.0,631,1436.0
FG409,,13:38:55.500#,1439.0,1450.0,1410.0,1590.0,1300.0,716852,787396,1431.0,933,1432.0,1084,1433.0,1251,1434.0,1330,1435.0,645,1436.0,350,1437.0,610,1438.0,361,1439.0,435,1440.0,631,1436.0
FG409,,13:38:55.750#,1439.0,1450.0,1410.0,1590.0,1300.0,716852,787396,1431.0,933,1432.0,1084,1433.0,1251,1434.0,1329,1435.0,649,1436.0,350,1437.0,610,1438.0,361,1439.0,440,1440.0,630,1436.0
FG409,,13:38:56.0#,1439.0,1450.0,1410.0,1590.0,1300.0,716852,787396,1431.0,933,1432.0,1084,1433.0,1253,1434.0,1328,1435.0,650,1436.0,350,1437.0,610,1438.0,361,1439.0,440,1440.0,630,1436.0
FG409,,13:38:56.250#,1439.0,1450.0,1410.0,1590.0,1300.0,716852,787396,1431.0,926,1432.0,1084,1433.0,1253,1434.0,1328,1435.0,651,1436.0,351,1437.0,610,1438.0,361,1439.0,440,1440.0,630,1436.0
FG409,,13:38:56.500#,1439.0,1450.0,1410.0,1590.0,1300.0,716852,787396,1431.0,926,1432.0,1084,1433.0,1253,1434.0,1328,1435.0,652,1436.0,351,1437.0,610,1438.0,361,1439.0,440,1440.0,630,1436.0
FG409,,13:38:56.750#,1439.0,1450.0,1410.0,1590.0,1300.0,716855,787397,1431.0,926,1432.0,1084,1433.0,1253,1434.0,1328,1435.0,651,1436.0,350,1437.0,610,1438.0,361,1439.0,440,1440.0,630,1435.0
FG409,,13:38:57.0#,1439.0,1450.0,1410.0,1590.0,1300.0,716855,787397,1431.0,926,1432.0,1084,1433.0,1254,1434.0,1328,1435.0,652,1436.0,350,1437.0,610,1438.0,361,1439.0,440,1440.0,630,1435.0
FG409,,13:38:57.250#,1439.0,1450.0,1410.0,1590.0,1300.0,716855,787397,1431.0,926,1432.0,1084,1433.0,1254,1434.0,1328,1435.0,661,1436.0,350,1437.0,610,1438.0,361,1439.0,440,1440.0,630,1435.0
FG409,,13:38:57.500#,1439.0,1450.0,1410.0,1590.0,1300.0,716857,787398,1431.0,926,1432.0,1084,1433.0,1254,1434.0,1328,1435.0,661,1436.0,349,1437.0,610,1438.0,361,1439.0,440,1440.0,630,1436.0
FG409,,13:38:57.750#,1439.0,1450.0,1410.0,1590.0,1300.0,717037,787352,1431.0,926,1432.0,1084,1433.0,1254,1434.0,1315,1435.0,660,1436.0,168,1437.0,610,1438.0,361,1439.0,440,1440.0,630,1436.0
FG409,,13:38:58.0#,1439.0,1450.0,1410.0,1590.0,1300.0,717100,787336,1431.0,926,1432.0,1084,1433.0,1254,1434.0,1316,1435.0,658,1436.0,130,1437.0,609,1438.0,361,1439.0,440,1440.0,630,1436.0
FG409,,13:38:58.250#,1439.0,1450.0,1410.0,1590.0,1300.0,717104,787337,1431.0,926,1432.0,1084,1433.0,1254,1434.0,1316,1435.0,658,1436.0,126,1437.0,609,1438.0,361,1439.0,440,1440.0,630,1436.0
FG409,,13:38:58.500#,1439.0,1450.0,1410.0,1590.0,1300.0,717104,787337,1431.0,926,1432.0,1084,1433.0,1254,1434.0,1316,1435.0,659,1436.0,226,1437.0,609,1438.0,361,1439.0,440,1440.0,630,1436.0
FG409,,13:38:58.750#,1439.0,1450.0,1410.0,1590.0,1300.0,717106,787338,1431.0,926,1432.0,1083,1433.0,1254,1434.0,1317,1435.0,658,1436.0,225,1437.0,609,1438.0,361,1439.0,440,1440.0,630,1436.0
FG409,,13:38:59.0#,1439.0,1450.0,1410.0,1590.0,1300.0,717108,787339,1431.0,926,1432.0,1083,1433.0,1254,1434.0,1318,1435.0,658,1436.0,224,1437.0,609,1438.0,361,1439.0,440,1440.0,630,1436.0
FG409,,13:38:59.250#,1439.0,1450.0,1410.0,1590.0,1300.0,717108,787339,1431.0,926,1432.0,1083,1433.0,1254,1434.0,1318,1435.0,659,1436.0,223,1437.0,609,1438.0,362,1439.0,440,1440.0,630,1436.0
FG409,,13:38:59.500#,1439.0,1450.0,1410.0,1590.0,1300.0,717108,787339,1431.0,926,1432.0,1083,1433.0,1254,1434.0,1318,1435.0,659,1436.0,246,1437.0,609,1438.0,362,1439.0,440,1440.0,630,1436.0
FG409,,13:38:59.750#,1439.0,1450.0,1410.0,1590.0,1300.0,717108,787339,1431.0,926,1432.0,1083,1433.0,1254,1434.0,1318,1435.0,659,1436.0,259,1437.0,609,1438.0,362,1439.0,440,1440.0,630,1436.0
FG409,,13:39:00.0#,1439.0,1450.0,1410.0,1590.0,1300.0,717108,787339,1431.0,926,1432.0,1083,1433.0,1254,1434.0,1318,1435.0,659,1436.0,286,1437.0,609,1438.0,362,1439.0,440,1440.0,630,1436.0
FG409,,13:39:00.250#,1439.0,1450.0,1410.0,1590.0,1300.0,717112,787341,1431.0,927,1432.0,1083,1433.0,1254,1434.0,1317,1435.0,658,1436.0,284,1437.0,609,1438.0,362,1439.0,440,1440.0,630,1436.0
FG409,,13:39:00.500#,1439.0,1450.0,1410.0,1590.0,1300.0,717114,787343,1431.0,927,1432.0,1083,1433.0,1253,1434.0,1317,1435.0,657,1436.0,285,1437.0,609,1438.0,395,1439.0,440,1440.0,630,1435.0
FG409,,13:39:00.750#,1439.0,1450.0,1410.0,1590.0,1300.0,717115,787343,1431.0,927,1432.0,1083,1433.0,1253,1434.0,1317,1435.0,658,1436.0,284,1437.0,609,1438.0,395,1439.0,440,1440.0,630,1436.0
FG409,,13:39:01.0#,1439.0,1450.0,1410.0,1590.0,1300.0,717115,787343,1431.0,927,1432.0,1083,1433.0,1253,1434.0,1317,1435.0,668,1436.0,285,1437.0,609,1438.0,395,1439.0,440,1440.0,630,1436.0
FG409,,13:39:01.250#,1439.0,1450.0,1410.0,1590.0,1300.0,717115,787343,1431.0,927,1432.0,1083,1433.0,1253,1434.0,1317,1435.0,670,1436.0,291,1437.0,609,1438.0,395,1439.0,440,1440.0,630,1436.0
FG409,,13:39:01.500#,1439.0,1450.0,1410.0,1590.0,1300.0,717117,787343,1431.0,927,1432.0,1083,1433.0,1253,1434.0,1317,1435.0,669,1436.0,292,1437.0,609,1438.0,395,1439.0,440,1440.0,630,1435.0
FG409,,13:39:01.750#,1439.0,1450.0,1410.0,1590.0,1300.0,717119,787345,1431.0,927,1432.0,1083,1433.0,1253,1434.0,1318,1435.0,669,1436.0,292,1437.0,609,1438.0,395,1439.0,440,1440.0,630,1436.0
FG409,,13:39:02.0#,1439.0,1450.0,1410.0,1590.0,1300.0,717119,787345,1431.0,927,1432.0,1083,1433.0,1253,1434.0,1318,1435.0,672,1436.0,294,1437.0,609,1438.0,395,1439.0,440,1440.0,630,1436.0
FG409,,13:39:02.250#,1439.0,1450.0,1410.0,1590.0,1300.0,717128,787345,1431.0,927,1432.0,1083,1433.0,1244,1434.0,1318,1435.0,675,1436.0,286,1437.0,609,1438.0,395,1439.0,440,1440.0,630,1436.0
FG409,,13:39:02.500#,1439.0,1450.0,1410.0,1590.0,1300.0,717131,787347,1431.0,927,1432.0,1083,1433.0,1244,1434.0,1318,1435.0,689,1436.0,284,1437.0,609,1438.0,395,1439.0,441,1440.0,630,1436.0
FG409,,13:39:02.750#,1439.0,1450.0,1410.0,1590.0,1300.0,717133,787346,1431.0,927,1432.0,1083,1433.0,1244,1434.0,1317,1435.0,690,1436.0,283,1437.0,609,1438.0,395,1439.0,438,1440.0,630,1436.0
FG409,,13:39:03.0#,1439.0,1450.0,1410.0,1590.0,1300.0,717133,787346,1431.0,927,1432.0,1083,1433.0,1244,1434.0,1317,1435.0,690,1436.0,283,1437.0,619,1438.0,395,1439.0,438,1440.0,630,1436.0
FG409,,13:39:03.250#,1439.0,1450.0,1410.0,1590.0,1300.0,717143,787349,1431.0,927,1432.0,1083,1433.0,1244,1434.0,1317,1435.0,690,1436.0,275,1437.0,619,1438.0,395,1439.0,438,1440.0,630,1436.0
FG409,,13:39:03.500#,1439.0,1450.0,1410.0,1590.0,1300.0,717144,787348,1431.0,927,1432.0,1083,1433.0,1244,1434.0,1319,1435.0,693,1436.0,269,1437.0,619,1438.0,395,1439.0,438,1440.0,630,1436.0
FG409,,13:39:03.750#,1439.0,1450.0,1410.0,1590.0,1300.0,717145,787349,1431.0,927,1432.0,1083,1433.0,1244,1434.0,1319,1435.0,693,1436.0,268,1437.0,619,1438.0,395,1439.0,438,1440.0,633,1436.0
FG409,,13:39:04.250#,1439.0,1450.0,1410.0,1590.0,1300.0,717146,787349,1431.0,927,1432.0,1083,1433.0,1244,1434.0,1317,1435.0,697,1436.0,268,1437.0,619,1438.0,395,1439.0,438,1440.0,633,1436.0
FG409,,13:39:04.500#,1439.0,1450.0,1410.0,1590.0,1300.0,717146,787349,1431.0,927,1432.0,1083,1433.0,1244,1434.0,1317,1435.0,698,1436.0,268,1437.0,619,1438.0,395,1439.0,438,1440.0,633,1436.0
FG409,,13:39:04.750#,1439.0,1450.0,1410.0,1590.0,1300.0,717146,787349,1431.0,927,1432.0,1083,1433.0,1244,1434.0,1317,1435.0,702,1436.0,268,1437.0,619,1438.0,395,1439.0,438,1440.0,633,1436.0
FG409,,13:39:05.0#,1439.0,1450.0,1410.0,1590.0,1300.0,717146,787349,1431.0,927,1432.0,1083,1433.0,1244,1434.0,1327,1435.0,699,1436.0,268,1437.0,619,1438.0,394,1439.0,438,1440.0,633,1436.0
FG409,,13:39:05.250#,1439.0,1450.0,1410.0,1590.0,1300.0,717146,787349,1431.0,927,1432.0,1083,1433.0,1244,1434.0,1326,1435.0,700,1436.0,271,1437.0,619,1438.0,394,1439.0,438,1440.0,633,1436.0
FG409,,13:39:05.500#,1439.0,1450.0,1410.0,1590.0,1300.0,717146,787349,1431.0,927,1432.0,1083,1433.0,1242,1434.0,1330,1435.0,701,1436.0,307,1437.0,619,1438.0,394,1439.0,438,1440.0,633,1436.0
FG409,,13:39:05.750#,1439.0,1450.0,1410.0,1590.0,1300.0,717149,787351,1431.0,927,1432.0,1083,1433.0,1242,1434.0,1330,1435.0,703,1436.0,312,1437.0,619,1438.0,394,1439.0,438,1440.0,633,1435.0
FG409,,13:39:06.0#,1439.0,1450.0,1410.0,1590.0,1300.0,717149,787351,1431.0,927,1432.0,1083,1433.0,1242,1434.0,1329,1435.0,703,1436.0,313,1437.0,619,1438.0,394,1439.0,438,1440.0,633,1435.0
FG409,,13:39:06.250#,1439.0,1450.0,1410.0,1590.0,1300.0,717149,787351,1431.0,927,1432.0,1082,1433.0,1242,1434.0,1331,1435.0,735,1436.0,313,1437.0,619,1438.0,394,1439.0,438,1440.0,633,1435.0
FG409,,13:39:06.500#,1439.0,1450.0,1410.0,1590.0,1300.0,717149,787351,1431.0,927,1432.0,1082,1433.0,1242,1434.0,1330,1435.0,735,1436.0,314,1437.0,619,1438.0,394,1439.0,438,1440.0,633,1435.0
FG409,,13:39:06.750#,1439.0,1450.0,1410.0,1590.0,1300.0,717150,787352,1431.0,927,1432.0,1082,1433.0,1242,1434.0,1330,1435.0,734,1436.0,314,1437.0,619,1438.0,394,1439.0,438,1440.0,633,1435.0
FG409,,13:39:07.0#,1439.0,1450.0,1410.0,1590.0,1300.0,717150,787352,1431.0,927,1432.0,1082,1433.0,1242,1434.0,1330,1435.0,736,1436.0,320,1437.0,619,1438.0,394,1439.0,438,1440.0,633,1435.0
FG409,,13:39:07.250#,1439.0,1450.0,1410.0,1590.0,1300.0,717151,787352,1431.0,927,1432.0,1082,1433.0,1242,1434.0,1330,1435.0,736,1436.0,324,1437.0,619,1438.0,394,1439.0,438,1440.0,633,1436.0
FG409,,13:39:07.500#,1439.0,1450.0,1410.0,1590.0,1300.0,717152,787353,1431.0,927,1432.0,1082,1433.0,1241,1434.0,1329,1435.0,735,1436.0,328,1437.0,619,1438.0,394,1439.0,438,1440.0,632,1435.0
FG409,,13:39:07.750#,1439.0,1450.0,1410.0,1590.0,1300.0,717156,787357,1431.0,927,1432.0,1082,1433.0,1239,1434.0,1330,1435.0,717,1436.0,328,1437.0,619,1438.0,394,1439.0,438,1440.0,632,1435.0
FG409,,13:39:08.0#,1439.0,1450.0,1410.0,1590.0,1300.0,717156,787357,1431.0,927,1432.0,1082,1433.0,1239,1434.0,1330,1435.0,719,1436.0,399,1437.0,619,1438.0,394,1439.0,438,1440.0,632,1435.0
FG409,,13:39:08.250#,1439.0,1450.0,1410.0,1590.0,1300.0,717156,787357,1431.0,927,1432.0,1082,1433.0,1239,1434.0,1330,1435.0,701,1436.0,405,1437.0,620,1438.0,393,1439.0,438,1440.0,633,1435.0
FG409,,13:39:08.500#,1439.0,1450.0,1410.0,1590.0,1300.0,717168,787361,1431.0,927,1432.0,1082,1433.0,1239,1434.0,1330,1435.0,696,1436.0,398,1437.0,620,1438.0,403,1439.0,438,1440.0,633,1435.0
FG409,,13:39:08.750#,1439.0,1450.0,1410.0,1590.0,1300.0,717169,787361,1431.0,927,1432.0,1082,1433.0,1239,1434.0,1330,1435.0,696,1436.0,397,1437.0,620,1438.0,403,1439.0,438,1440.0,633,1436.0
FG409,,13:39:09.0#,1439.0,1450.0,1410.0,1590.0,1300.0,717170,787361,1431.0,927,1432.0,1082,1433.0,1239,1434.0,1330,1435.0,698,1436.0,397,1437.0,620,1438.0,403,1439.0,438,1440.0,633,1435.0
FG409,,13:39:09.250#,1439.0,1450.0,1410.0,1590.0,1300.0,717173,787361,1431.0,927,1432.0,1082,1433.0,1239,1434.0,1330,1435.0,697,1436.0,399,1437.0,620,1438.0,403,1439.0,438,1440.0,633,1435.0
FG409,,13:39:09.500#,1439.0,1450.0,1410.0,1590.0,1300.0,717177,787363,1431.0,927,1432.0,1082,1433.0,1239,1434.0,1330,1435.0,696,1436.0,396,1437.0,620,1438.0,403,1439.0,438,1440.0,633,1436.0
FG409,,13:39:09.750#,1439.0,1450.0,1410.0,1590.0,1300.0,717177,787363,1431.0,927,1432.0,1082,1433.0,1239,1434.0,1330,1435.0,695,1436.0,398,1437.0,623,1438.0,403,1439.0,438,1440.0,633,1436.0
FG409,,13:39:10.0#,1439.0,1450.0,1410.0,1590.0,1300.0,717277,787354,1431.0,927,1432.0,1082,1433.0,1239,1434.0,1330,1435.0,597,1436.0,399,1437.0,623,1438.0,403,1439.0,438,1440.0,633,1435.0
FG409,,13:39:10.250#,1439.0,1450.0,1410.0,1590.0,1300.0,717884,787316,1430.0,1440,1431.0,927,1432.0,1082,1433.0,1239,1434.0,1329,1435.0,52,1436.0,439,1437.0,673,1438.0,403,1439.0,438,1435.0
FG409,,13:39:10.500#,1439.0,1450.0,1410.0,1590.0,1300.0,717898,787302,1430.0,1440,1431.0,927,1432.0,1082,1433.0,1239,1434.0,1328,1435.0,422,1436.0,480,1437.0,673,1438.0,403,1439.0,438,1435.0
FG409,,13:39:10.750#,1439.0,1450.0,1410.0,1590.0,1300.0,717903,787297,1430.0,1441,1431.0,927,1432.0,1082,1433.0,1239,1434.0,1286,1435.0,433,1436.0,453,1437.0,673,1438.0,403,1439.0,438,1435.0
FG409,,13:39:11.0#,1439.0,1450.0,1410.0,1590.0,1300.0,717904,787296,1430.0,1441,1431.0,927,1432.0,1083,1433.0,1239,1434.0,1286,1435.0,433,1436.0,454,1437.0,673,1438.0,403,1439.0,438,1435.0
FG409,,13:39:11.250#,1439.0,1450.0,1410.0,1590.0,1300.0,717908,787294,1430.0,1441,1431.0,927,1432.0,1083,1433.0,1239,1434.0,1283,1435.0,431,1436.0,454,1437.0,673,1438.0,403,1439.0,438,1434.0
FG409,,13:39:11.500#,1439.0,1450.0,1410.0,1590.0,1300.0,717915,787289,1430.0,1441,1431.0,927,1432.0,1083,1433.0,1239,1434.0,1458,1435.0,424,1436.0,454,1437.0,673,1438.0,403,1439.0,438,1435.0
FG409,,13:39:11.750#,1439.0,1450.0,1410.0,1590.0,1300.0,717918,787288,1430.0,1441,1431.0,927,1432.0,1083,1433.0,1239,1434.0,1466,1435.0,273,1436.0,465,1437.0,673,1438.0,403,1439.0,438,1435.0
FG409,,13:39:12.0#,1439.0,1450.0,1410.0,1590.0,1300.0,717918,787288,1430.0,1441,1431.0,927,1432.0,1083,1433.0,1239,1434.0,1465,1435.0,213,1436.0,465,1437.0,673,1438.0,403,1439.0,439,1435.0
FG409,,13:39:12.250#,1439.0,1450.0,1410.0,1590.0,1300.0,717919,787288,1430.0,1441,1431.0,927,1432.0,1088,1433.0,1239,1434.0,1466,1435.0,198,1436.0,465,1437.0,675,1438.0,403,1439.0,439,1435.0
FG409,,13:39:12.500#,1439.0,1450.0,1410.0,1590.0,1300.0,717920,787288,1430.0,1441,1431.0,927,1432.0,1094,1433.0,1239,1434.0,1465,1435.0,199,1436.0,466,1437.0,675,1438.0,403,1439.0,439,1434.0
FG409,,13:39:12.750#,1439.0,1450.0,1410.0,1590.0,1300.0,717922,787288,1430.0,1441,1431.0,927,1432.0,1094,1433.0,1239,1434.0,1466,1435.0,196,1436.0,467,1437.0,675,1438.0,403,1439.0,439,1435.0
FG409,,13:39:13.0#,1439.0,1450.0,1410.0,1590.0,1300.0,717928,787282,1430.0,1441,1431.0,927,1432.0,1094,1433.0,1239,1434.0,1466,1435.0,190,1436.0,467,1437.0,675,1438.0,403,1439.0,439,1435.0
FG409,,13:39:13.250#,1439.0,1450.0,1410.0,1590.0,1300.0,717928,787282,1430.0,1441,1431.0,927,1432.0,1094,1433.0,1239,1434.0,1468,1435.0,190,1436.0,467,1437.0,675,1438.0,403,1439.0,439,1435.0
FG409,,13:39:13.500#,1439.0,1450.0,1410.0,1590.0,1300.0,717932,787280,1430.0,1441,1431.0,927,1432.0,1094,1433.0,1239,1434.0,1468,1435.0,176,1436.0,467,1437.0,675,1438.0,403,1439.0,439,1435.0
FG409,,13:39:13.750#,1439.0,1450.0,1410.0,1590.0,1300.0,717935,787278,1430.0,1441,1431.0,927,1432.0,1094,1433.0,1239,1434.0,1469,1435.0,133,1436.0,467,1437.0,675,1438.0,403,1439.0,439,1435.0
FG409,,13:39:14.0#,1439.0,1450.0,1410.0,1590.0,1300.0,718037,787202,1431.0,927,1432.0,1094,1433.0,1238,1434.0,1518,1435.0,56,1436.0,474,1437.0,675,1438.0,403,1439.0,439,1440.0,632,1435.0
FG409,,13:39:14.250#,1439.0,1450.0,1410.0,1590.0,1300.0,718040,787204,1431.0,927,1432.0,1094,1433.0,1238,1434.0,1457,1435.0,231,1436.0,474,1437.0,675,1438.0,403,1439.0,439,1440.0,632,1435.0
FG409,,13:39:14.500#,1439.0,1450.0,1410.0,1590.0,1300.0,718040,787204,1431.0,927,1432.0,1094,1433.0,1238,1434.0,1457,1435.0,235,1436.0,475,1437.0,675,1438.0,405,1439.0,439,1440.0,632,1435.0
FG409,,13:39:14.750#,1439.0,1450.0,1410.0,1590.0,1300.0,718040,787204,1431.0,927,1432.0,1094,1433.0,1238,1434.0,1455,1435.0,236,1436.0,476,1437.0,675,1438.0,405,1439.0,439,1440.0,632,1435.0
FG409,,13:39:15.0#,1439.0,1450.0,1410.0,1590.0,1300.0,718040,787204,1431.0,927,1432.0,1094,1433.0,1238,1434.0,1455,1435.0,238,1436.0,477,1437.0,675,1438.0,405,1439.0,439,1440.0,632,1435.0
FG409,,13:39:15.250#,1439.0,1450.0,1410.0,1590.0,1300.0,718048,787212,1431.0,927,1432.0,1094,1433.0,1238,1434.0,1455,1435.0,230,1436.0,477,1437.0,675,1438.0,405,1439.0,439,1440.0,632,1435.0
FG409,,13:39:15.500#,1439.0,1450.0,1410.0,1590.0,1300.0,718058,787222,1431.0,927,1432.0,1094,1433.0,1238,1434.0,1454,1435.0,229,1436.0,476,1437.0,675,1438.0,405,1439.0,439,1440.0,632,1436.0
FG409,,13:39:15.750#,1439.0,1450.0,1410.0,1590.0,1300.0,718068,787219,1431.0,927,1432.0,1094,1433.0,1238,1434.0,1454,1435.0,229,1436.0,467,1437.0,675,1438.0,405,1439.0,439,1440.0,632,1436.0
FG409,,13:39:16.0#,1439.0,1450.0,1410.0,1590.0,1300.0,718076,787220,1431.0,927,1432.0,1094,1433.0,1238,1434.0,1452,1435.0,221,1436.0,471,1437.0,675,1438.0,405,1439.0,439,1440.0,632,1435.0
FG409,,13:39:16.250#,1439.0,1450.0,1410.0,1590.0,1300.0,718087,787221,1431.0,927,1432.0,1094,1433.0,1239,1434.0,1456,1435.0,210,1436.0,471,1437.0,675,1438.0,405,1439.0,440,1440.0,632,1435.0
FG409,,13:39:16.500#,1439.0,1450.0,1410.0,1590.0,1300.0,718087,787221,1431.0,927,1432.0,1094,1433.0,1239,1434.0,1455,1435.0,212,1436.0,471,1437.0,675,1438.0,405,1439.0,440,1440.0,632,1435.0
FG409,,13:39:16.750#,1439.0,1450.0,1410.0,1590.0,1300.0,718098,787222,1431.0,927,1432.0,1094,1433.0,1240,1434.0,1455,1435.0,201,1436.0,471,1437.0,675,1438.0,405,1439.0,440,1440.0,632,1435.0
FG409,,13:39:17.0#,1439.0,1450.0,1410.0,1590.0,1300.0,718098,787222,1431.0,927,1432.0,1094,1433.0,1240,1434.0,1456,1435.0,211,1436.0,472,1437.0,676,1438.0,405,1439.0,440,1440.0,632,1435.0
FG409,,13:39:17.250#,1439.0,1450.0,1410.0,1590.0,1300.0,718098,787222,1431.0,927,1432.0,1094,1433.0,1239,1434.0,1457,1435.0,211,1436.0,473,1437.0,676,1438.0,406,1439.0,440,1440.0,632,1435.0
FG409,,13:39:17.500#,1439.0,1450.0,1410.0,1590.0,1300.0,718099,787223,1431.0,927,1432.0,1094,1433.0,1239,1434.0,1457,1435.0,214,1436.0,473,1437.0,676,1438.0,406,1439.0,440,1440.0,632,1435.0
FG409,,13:39:17.750#,1439.0,1450.0,1410.0,1590.0,1300.0,718099,787223,1431.0,927,1432.0,1094,1433.0,1239,1434.0,1457,1435.0,214,1436.0,475,1437.0,676,1438.0,404,1439.0,440,1440.0,632,1435.0
FG409,,13:39:18.0#,1439.0,1450.0,1410.0,1590.0,1300.0,718103,787226,1431.0,927,1432.0,1094,1433.0,1239,1434.0,1454,1435.0,210,1436.0,483,1437.0,676,1438.0,404,1439.0,440,1440.0,632,1435.0
FG409,,13:39:18.250#,1439.0,1450.0,1410.0,1590.0,1300.0,718103,787226,1431.0,927,1432.0,1094,1433.0,1239,1434.0,1454,1435.0,212,1436.0,503,1437.0,676,1438.0,404,1439.0,440,1440.0,632,1435.0
FG409,,13:39:18.500#,1439.0,1450.0,1410.0,1590.0,1300.0,718148,787270,1431.0,927,1432.0,1094,1433.0,1239,1434.0,1453,1435.0,168,1436.0,506,1437.0,676,1438.0,404,1439.0,440,1440.0,632,1435.0
FG409,,13:39:18.750#,1439.0,1450.0,1410.0,1590.0,1300.0,718160,787271,1431.0,927,1432.0,1094,1433.0,1239,1434.0,1453,1435.0,77,1436.0,505,1437.0,676,1438.0,404,1439.0,439,1440.0,632,1435.0
FG409,,13:39:19.0#,1439.0,1450.0,1410.0,1590.0,1300.0,718160,787271,1431.0,927,1432.0,1094,1433.0,1241,1434.0,1453,1435.0,117,1436.0,502,1437.0,676,1438.0,404,1439.0,439,1440.0,632,1435.0
FG409,,13:39:19.250#,1439.0,1450.0,1410.0,1590.0,1300.0,718166,787277,1431.0,927,1432.0,1094,1433.0,1241,1434.0,1452,1435.0,114,1436.0,504,1437.0,676,1438.0,404,1439.0,439,1440.0,632,1435.0
FG409,,13:39:19.500#,1439.0,1450.0,1410.0,1590.0,1300.0,718167,787278,1431.0,927,1432.0,1094,1433.0,1241,1434.0,1452,1435.0,115,1436.0,504,1437.0,681,1438.0,404,1439.0,439,1440.0,632,1435.0
FG409,,13:39:19.750#,1439.0,1450.0,1410.0,1590.0,1300.0,718169,787278,1431.0,927,1432.0,1094,1433.0,1239,1434.0,1452,1435.0,118,1436.0,505,1437.0,681,1438.0,404,1439.0,439,1440.0,632,1435.0
FG409,,13:39:20.0#,1439.0,1450.0,1410.0,1590.0,1300.0,718169,787278,1431.0,927,1432.0,1094,1433.0,1239,1434.0,1452,1435.0,119,1436.0,507,1437.0,681,1438.0,404,1439.0,439,1440.0,632,1435.0
FG409,,13:39:20.250#,1439.0,1450.0,1410.0,1590.0,1300.0,718173,787280,1431.0,927,1432.0,1094,1433.0,1238,1434.0,1452,1435.0,116,1436.0,507,1437.0,681,1438.0,404,1439.0,439,1440.0,631,1435.0
FG409,,13:39:20.500#,1439.0,1450.0,1410.0,1590.0,1300.0,718174,787280,1431.0,928,1432.0,1094,1433.0,1238,1434.0,1453,1435.0,115,1436.0,506,1437.0,681,1438.0,404,1439.0,439,1440.0,631,1435.0
FG409,,13:39:20.750#,1439.0,1450.0,1410.0,1590.0,1300.0,718174,787280,1431.0,928,1432.0,1094,1433.0,1238,1434.0,1453,1435.0,115,1436.0,506,1437.0,681,1438.0,404,1439.0,439,1440.0,631,1435.0
FG409,,13:39:21.0#,1439.0,1450.0,1410.0,1590.0,1300.0,718174,787280,1431.0,928,1432.0,1094,1433.0,1238,1434.0,1453,1435.0,115,1436.0,561,1437.0,631,1438.0,404,1439.0,439,1440.0,631,1435.0
FG409,,13:39:21.250#,1439.0,1450.0,1410.0,1590.0,1300.0,718174,787280,1431.0,928,1432.0,1094,1433.0,1238,1434.0,1453,1435.0,115,1436.0,561,1437.0,631,1438.0,404,1439.0,439,1440.0,631,1435.0
FG409,,13:39:21.500#,1439.0,1450.0,1410.0,1590.0,1300.0,718219,787304,1431.0,929,1432.0,1094,1433.0,1238,1434.0,1453,1435.0,59,1436.0,580,1437.0,631,1438.0,404,1439.0,439,1440.0,631,1435.0
FG409,,13:39:21.750#,1439.0,1450.0,1410.0,1590.0,1300.0,718247,787299,1431.0,929,1432.0,1094,1433.0,1238,1434.0,1455,1435.0,32,1436.0,590,1437.0,629,1438.0,404,1439.0,439,1440.0,631,1435.0
FG409,,13:39:22.0#,1439.0,1450.0,1410.0,1590.0,1300.0,718279,787310,1430.0,1440,1431.0,929,1432.0,1094,1433.0,1238,1434.0,1456,1435.0,50,1436.0,588,1437.0,629,1438.0,404,1439.0,439,1435.0
FG409,,13:39:22.250#,1439.0,1450.0,1410.0,1590.0,1300.0,718279,787310,1430.0,1443,1431.0,929,1432.0,1094,1433.0,1238,1434.0,1454,1435.0,134,1436.0,570,1437.0,629,1438.0,404,1439.0,439,1435.0
FG409,,13:39:22.500#,1439.0,1450.0,1410.0,1590.0,1300.0,718445,787237,1430.0,1443,1431.0,929,1432.0,1096,1433.0,1238,1434.0,1454,1435.0,163,1436.0,564,1437.0,629,1438.0,404,1439.0,439,1435.0
FG409,,13:39:22.750#,1439.0,1450.0,1410.0,1590.0,1300.0,718446,787236,1430.0,1443,1431.0,929,1432.0,1096,1433.0,1238,1434.0,1456,1435.0,146,1436.0,564,1437.0,629,1438.0,404,1439.0,439,1435.0
FG409,,13:39:23.0#,1439.0,1450.0,1410.0,1590.0,1300.0,718457,787235,1430.0,1443,1431.0,929,1432.0,1097,1433.0,1244,1434.0,1460,1435.0,143,1436.0,565,1437.0,629,1438.0,404,1439.0,439,1435.0
FG409,,13:39:23.250#,1439.0,1450.0,1410.0,1590.0,1300.0,718459,787234,1430.0,1443,1431.0,929,1432.0,1097,1433.0,1244,1434.0,1460,1435.0,142,1436.0,565,1437.0,619,1438.0,404,1439.0,439,1435.0
FG409,,13:39:23.500#,1439.0,1450.0,1410.0,1590.0,1300.0,718459,787234,1430.0,1442,1431.0,929,1432.0,1097,1433.0,1244,1434.0,1460,1435.0,142,1436.0,591,1437.0,619,1438.0,404,1439.0,439,1435.0
FG409,,13:39:23.750#,1439.0,1450.0,1410.0,1590.0,1300.0,718459,787234,1430.0,1443,1431.0,929,1432.0,1097,1433.0,1247,1434.0,1460,1435.0,142,1436.0,591,1437.0,619,1438.0,404,1439.0,439,1435.0
FG409,,13:39:24.0#,1439.0,1450.0,1410.0,1590.0,1300.0,718460,787234,1430.0,1443,1431.0,929,1432.0,1097,1433.0,1247,1434.0,1464,1435.0,141,1436.0,591,1437.0,619,1438.0,404,1439.0,439,1435.0
FG409,,13:39:24.250#,1439.0,1450.0,1410.0,1590.0,1300.0,718462,787234,1430.0,1443,1431.0,930,1432.0,1097,1433.0,1247,1434.0,1462,1435.0,141,1436.0,591,1437.0,619,1438.0,404,1439.0,439,1434.0
FG409,,13:39:24.500#,1439.0,1450.0,1410.0,1590.0,1300.0,718462,787234,1430.0,1443,1431.0,930,1432.0,1097,1433.0,1247,1434.0,1463,1435.0,141,1436.0,591,1437.0,619,1438.0,404,1439.0,439,1434.0
FG409,,13:39:24.750#,1439.0,1450.0,1410.0,1590.0,1300.0,718468,787232,1430.0,1443,1431.0,930,1432.0,1097,1433.0,1247,1434.0,1487,1435.0,135,1436.0,592,1437.0,619,1438.0,404,1439.0,439,1435.0
FG409,,13:39:25.0#,1439.0,1450.0,1410.0,1590.0,1300.0,718470,787230,1430.0,1443,1431.0,930,1432.0,1097,1433.0,1247,1434.0,1487,1435.0,133,1436.0,592,1437.0,619,1438.0,404,1439.0,439,1435.0
FG409,,13:39:25.250#,1439.0,1450.0,1410.0,1590.0,1300.0,718475,787230,1430.0,1443,1431.0,930,1432.0,1097,1433.0,1247,1434.0,1488,1435.0,128,1436.0,593,1437.0,619,1438.0,404,1439.0,439,1435.0
FG409,,13:39:25.500#,1439.0,1450.0,1410.0,1590.0,1300.0,718476,787230,1430.0,1443,1431.0,930,1432.0,1097,1433.0,1247,1434.0,1488,1435.0,127,1436.0,593,1437.0,619,1438.0,404,1439.0,439,1435.0
FG409,,13:39:25.750#,1439.0,1450.0,1410.0,1590.0,1300.0,718479,787231,1430.0,1443,1431.0,930,1432.0,1097,1433.0,1247,1434.0,1494,1435.0,126,1436.0,593,1437.0,619,1438.0,404,1439.0,439,1435.0
FG409,,13:39:26.0#,1439.0,1450.0,1410.0,1590.0,1300.0,718480,787230,1430.0,1443,1431.0,930,1432.0,1097,1433.0,1249,1434.0,1494,1435.0,127,1436.0,594,1437.0,619,1438.0,404,1439.0,439,1435.0
FG409,,13:39:26.250#,1439.0,1450.0,1410.0,1590.0,1300.0,718481,787230,1430.0,1443,1431.0,930,1432.0,1097,1433.0,1249,1434.0,1494,1435.0,126,1436.0,594,1437.0,619,1438.0,404,1439.0,439,1435.0
FG409,,13:39:26.500#,1439.0,1450.0,1410.0,1590.0,1300.0,718481,787230,1430.0,1443,1431.0,930,1432.0,1097,1433.0,1249,1434.0,1494,1435.0,127,1436.0,593,1437.0,619,1438.0,404,1439.0,439,1435.0
FG409,,13:39:26.750#,1439.0,1450.0,1410.0,1590.0,1300.0,718482,787230,1430.0,1443,1431.0,930,1432.0,1097,1433.0,1249,1434.0,1493,1435.0,127,1436.0,594,1437.0,619,1438.0,404,1439.0,439,1434.0
FG409,,13:39:27.0#,1439.0,1450.0,1410.0,1590.0,1300.0,718485,787230,1430.0,1443,1431.0,930,1432.0,1097,1433.0,1250,1434.0,1493,1435.0,125,1436.0,594,1437.0,619,1438.0,404,1439.0,439,1435.0
FG409,,13:39:27.250#,1439.0,1450.0,1410.0,1590.0,1300.0,718485,787230,1430.0,1443,1431.0,929,1432.0,1097,1433.0,1250,1434.0,1493,1435.0,125,1436.0,591,1437.0,619,1438.0,404,1439.0,439,1435.0
FG409,,13:39:27.500#,1439.0,1450.0,1410.0,1590.0,1300.0,718555,787160,1430.0,1443,1431.0,930,1432.0,1097,1433.0,1250,1434.0,1493,1435.0,55,1436.0,592,1437.0,619,1438.0,404,1439.0,439,1435.0
FG409,,13:39:27.750#,1439.0,1450.0,1410.0,1590.0,1300.0,718610,787115,1431.0,930,1432.0,1097,1433.0,1247,1434.0,1491,1435.0,103,1436.0,523,1437.0,620,1438.0,404,1439.0,439,1440.0,631,1435.0
FG409,,13:39:28.0#,1439.0,1450.0,1410.0,1590.0,1300.0,718610,787115,1431.0,930,1432.0,1097,1433.0,1247,1434.0,1493,1435.0,150,1436.0,522,1437.0,620,1438.0,404,1439.0,439,1440.0,631,1435.0
FG409,,13:39:28.250#,1439.0,1450.0,1410.0,1590.0,1300.0,718616,787115,1431.0,930,1432.0,1097,1433.0,1247,1434.0,1492,1435.0,262,1436.0,522,1437.0,620,1438.0,404,1439.0,439,1440.0,631,1435.0
FG409,,13:39:28.500#,1439.0,1450.0,1410.0,1590.0,1300.0,718620,787115,1431.0,930,1432.0,1097,1433.0,1247,1434.0,1493,1435.0,314,1436.0,471,1437.0,619,1438.0,403,1439.0,438,1440.0,631,1435.0
FG409,,13:39:28.750#,1439.0,1450.0,1410.0,1590.0,1300.0,718621,787114,1431.0,930,1432.0,1097,1433.0,1248,1434.0,1493,1435.0,328,1436.0,405,1437.0,619,1438.0,403,1439.0,438,1440.0,631,1435.0
FG409,,13:39:29.0#,1439.0,1450.0,1410.0,1590.0,1300.0,718622,787113,1431.0,930,1432.0,1097,1433.0,1248,1434.0,1493,1435.0,327,1436.0,412,1437.0,619,1438.0,403,1439.0,438,1440.0,631,1435.0
FG409,,13:39:29.250#,1439.0,1450.0,1410.0,1590.0,1300.0,718622,787113,1431.0,930,1432.0,1097,1433.0,1248,1434.0,1484,1435.0,330,1436.0,412,1437.0,619,1438.0,403,1439.0,438,1440.0,631,1435.0
FG409,,13:39:29.500#,1439.0,1450.0,1410.0,1590.0,1300.0,718626,787112,1431.0,930,1432.0,1097,1433.0,1248,1434.0,1484,1435.0,331,1436.0,408,1437.0,619,1438.0,403,1439.0,438,1440.0,631,1436.0
FG409,,13:39:29.750#,1439.0,1450.0,1410.0,1590.0,1300.0,718626,787112,1431.0,930,1432.0,1097,1433.0,1248,1434.0,1484,1435.0,334,1436.0,411,1437.0,619,1438.0,403,1439.0,438,1440.0,631,1436.0
FG409,,13:39:30.0#,1439.0,1450.0,1410.0,1590.0,1300.0,718626,787112,1431.0,930,1432.0,1097,1433.0,1248,1434.0,1484,1435.0,334,1436.0,414,1437.0,619,1438.0,403,1439.0,438,1440.0,631,1436.0
FG409,,13:39:30.250#,1439.0,1450.0,1410.0,1590.0,1300.0,718630,787112,1431.0,930,1432.0,1097,1433.0,1245,1434.0,1484,1435.0,330,1436.0,436,1437.0,619,1438.0,403,1439.0,438,1440.0,631,1435.0
FG409,,13:39:30.500#,1439.0,1450.0,1410.0,1590.0,1300.0,718630,787112,1431.0,930,1432.0,1097,1433.0,1245,1434.0,1485,1435.0,330,1436.0,436,1437.0,618,1438.0,403,1439.0,438,1440.0,631,1435.0
FG409,,13:39:30.750#,1439.0,1450.0,1410.0,1590.0,1300.0,718630,787112,1431.0,930,1432.0,1097,1433.0,1240,1434.0,1485,1435.0,275,1436.0,436,1437.0,618,1438.0,403,1439.0,438,1440.0,631,1435.0
FG409,,13:39:31.0#,1439.0,1450.0,1410.0,1590.0,1300.0,718630,787112,1431.0,930,1432.0,1097,1433.0,1240,1434.0,1485,1435.0,261,1436.0,436,1437.0,618,1438.0,403,1439.0,439,1440.0,631,1435.0
FG409,,13:39:31.250#,1439.0,1450.0,1410.0,1590.0,1300.0,718631,787112,1431.0,930,1432.0,1097,1433.0,1240,1434.0,1485,1435.0,261,1436.0,442,1437.0,618,1438.0,403,1439.0,439,1440.0,631,1436.0
FG409,,13:39:31.500#,1439.0,1450.0,1410.0,1590.0,1300.0,718632,787112,1431.0,930,1432.0,1097,1433.0,1238,1434.0,1485,1435.0,292,1436.0,452,1437.0,618,1438.0,403,1439.0,434,1440.0,631,1435.0
FG409,,13:39:31.750#,1439.0,1450.0,1410.0,1590.0,1300.0,718636,787113,1431.0,930,1432.0,1099,1433.0,1238,1434.0,1485,1435.0,293,1436.0,449,1437.0,618,1438.0,403,1439.0,434,1440.0,631,1436.0
FG409,,13:39:32.0#,1439.0,1450.0,1410.0,1590.0,1300.0,718639,787113,1431.0,930,1432.0,1099,1433.0,1238,1434.0,1485,1435.0,293,1436.0,449,1437.0,618,1438.0,403,1439.0,434,1440.0,631,1435.0
FG409,,13:39:32.250#,1439.0,1450.0,1410.0,1590.0,1300.0,718643,787111,1431.0,930,1432.0,1099,1433.0,1245,1434.0,1486,1435.0,290,1436.0,465,1437.0,604,1438.0,403,1439.0,433,1440.0,631,1435.0
FG409,,13:39:32.500#,1439.0,1450.0,1410.0,1590.0,1300.0,718644,787110,1431.0,930,1432.0,1099,1433.0,1245,1434.0,1486,1435.0,289,1436.0,466,1437.0,604,1438.0,417,1439.0,433,1440.0,631,1435.0
FG409,,13:39:32.750#,1439.0,1450.0,1410.0,1590.0,1300.0,718644,787110,1431.0,930,1432.0,1099,1433.0,1245,1434.0,1486,1435.0,260,1436.0,471,1437.0,604,1438.0,417,1439.0,433,1440.0,631,1435.0
FG409,,13:39:33.0#,1439.0,1450.0,1410.0,1590.0,1300.0,718644,787110,1431.0,930,1432.0,1099,1433.0,1245,1434.0,1487,1435.0,255,1436.0,485,1437.0,604,1438.0,417,1439.0,433,1440.0,631,1435.0
FG409,,13:39:33.250#,1439.0,1450.0,1410.0,1590.0,1300.0,718644,787110,1431.0,930,1432.0,1099,1433.0,1245,1434.0,1487,1435.0,259,1436.0,504,1437.0,604,1438.0,417,1439.0,433,1440.0,631,1435.0
FG409,,13:39:33.500#,1439.0,1450.0,1410.0,1590.0,1300.0,718644,787110,1431.0,930,1432.0,1100,1433.0,1244,1434.0,1488,1435.0,259,1436.0,506,1437.0,604,1438.0,417,1439.0,433,1440.0,631,1435.0
FG409,,13:39:33.750#,1439.0,1450.0,1410.0,1590.0,1300.0,718644,787110,1431.0,930,1432.0,1100,1433.0,1244,1434.0,1488,1435.0,259,1436.0,508,1437.0,604,1438.0,417,1439.0,433,1440.0,631,1435.0
FG409,,13:39:34.250#,1439.0,1450.0,1410.0,1590.0,1300.0,718685,787127,1431.0,930,1432.0,1100,1433.0,1244,1434.0,1488,1435.0,218,1436.0,512,1437.0,603,1438.0,417,1439.0,433,1440.0,631,1435.0
FG409,,13:39:34.500#,1439.0,1450.0,1410.0,1590.0,1300.0,718685,787127,1431.0,930,1432.0,1100,1433.0,1244,1434.0,1488,1435.0,193,1436.0,512,1437.0,603,1438.0,417,1439.0,433,1440.0,631,1435.0
FG409,,13:39:34.750#,1439.0,1450.0,1410.0,1590.0,1300.0,718687,787127,1431.0,930,1432.0,1100,1433.0,1244,1434.0,1487,1435.0,192,1436.0,512,1437.0,603,1438.0,417,1439.0,433,1440.0,631,1435.0
FG409,,13:39:35.0#,1439.0,1450.0,1410.0,1590.0,1300.0,718687,787127,1431.0,930,1432.0,1100,1433.0,1244,1434.0,1369,1435.0,233,1436.0,516,1437.0,603,1438.0,417,1439.0,433,1440.0,631,1435.0
FG409,,13:39:35.250#,1439.0,1450.0,1410.0,1590.0,1300.0,718690,787130,1431.0,930,1432.0,1100,1433.0,1244,1434.0,1370,1435.0,230,1436.0,516,1437.0,603,1438.0,417,1439.0,433,1440.0,631,1435.0
FG409,,13:39:35.500#,1439.0,1450.0,1410.0,1590.0,1300.0,718691,787130,1431.0,930,1432.0,1100,1433.0,1244,1434.0,1370,1435.0,229,1436.0,523,1437.0,603,1438.0,417,1439.0,433,1440.0,631,1435.0
FG409,,13:39:35.750#,1439.0,1450.0,1410.0,1590.0,1300.0,718696,787135,1431.0,930,1432.0,1100,1433.0,1244,1434.0,1370,1435.0,224,1436.0,522,1437.0,596,1438.0,417,1439.0,432,1440.0,631,1435.0
FG409,,13:39:36.0#,1439.0,1450.0,1410.0,1590.0,1300.0,718698,787136,1431.0,931,1432.0,1100,1433.0,1244,1434.0,1362,1435.0,227,1436.0,523,1437.0,596,1438.0,417,1439.0,432,1440.0,631,1435.0
FG409,,13:39:36.250#,1439.0,1450.0,1410.0,1590.0,1300.0,718699,787136,1431.0,931,1432.0,1100,1433.0,1244,1434.0,1365,1435.0,227,1436.0,532,1437.0,596,1438.0,417,1439.0,432,1440.0,631,1436.0
FG409,,13:39:36.500#,1439.0,1450.0,1410.0,1590.0,1300.0,718699,787136,1431.0,932,1432.0,1100,1433.0,1244,1434.0,1365,1435.0,227,1436.0,535,1437.0,596,1438.0,417,1439.0,432,1440.0,631,1436.0
FG409,,13:39:36.750#,1439.0,1450.0,1410.0,1590.0,1300.0,718701,787136,1431.0,932,1432.0,1100,1433.0,1244,1434.0,1366,1435.0,225,1436.0,535,1437.0,596,1438.0,417,1439.0,432,1440.0,631,1435.0
FG409,,13:39:37.0#,1439.0,1450.0,1410.0,1590.0,1300.0,718703,787137,1431.0,932,1432.0,1100,1433.0,1244,1434.0,1366,1435.0,229,1436.0,537,1437.0,596,1438.0,417,1439.0,432,1440.0,631,1435.0
FG409,,13:39:37.250#,1439.0,1450.0,1410.0,1590.0,1300.0,718703,787137,1431.0,932,1432.0,1100,1433.0,1244,1434.0,1366,1435.0,239,1436.0,542,1437.0,596,1438.0,417,1439.0,432,1440.0,631,1435.0
FG409,,13:39:37.500#,1439.0,1450.0,1410.0,1590.0,1300.0,718703,787137,1431.0,932,1432.0,1100,1433.0,1244,1434.0,1365,1435.0,239,1436.0,542,1437.0,596,1438.0,417,1439.0,432,1440.0,631,1435.0
FG409,,13:39:37.750#,1439.0,1450.0,1410.0,1590.0,1300.0,718704,787136,1431.0,932,1432.0,1100,1433.0,1244,1434.0,1365,1435.0,239,1436.0,542,1437.0,596,1438.0,417,1439.0,432,1440.0,631,1435.0
FG409,,13:39:38.0#,1439.0,1450.0,1410.0,1590.0,1300.0,718704,787136,1431.0,932,1432.0,1100,1433.0,1244,1434.0,1364,1435.0,257,1436.0,547,1437.0,596,1438.0,417,1439.0,432,1440.0,631,1435.0
FG409,,13:39:38.250#,1439.0,1450.0,1410.0,1590.0,1300.0,718706,787135,1431.0,932,1432.0,1100,1433.0,1244,1434.0,1364,1435.0,284,1436.0,550,1437.0,596,1438.0,417,1439.0,432,1440.0,631,1435.0
FG409,,13:39:38.500#,1439.0,1450.0,1410.0,1590.0,1300.0,718706,787135,1431.0,932,1432.0,1100,1433.0,1244,1434.0,1364,1435.0,291,1436.0,550,1437.0,596,1438.0,417,1439.0,432,1440.0,631,1435.0
FG409,,13:39:38.750#,1439.0,1450.0,1410.0,1590.0,1300.0,718706,787135,1431.0,932,1432.0,1100,1433.0,1244,1434.0,1364,1435.0,291,1436.0,513,1437.0,596,1438.0,417,1439.0,432,1440.0,631,1435.0
FG409,,13:39:39.0#,1439.0,1450.0,1410.0,1590.0,1300.0,718706,787135,1431.0,932,1432.0,1100,1433.0,1244,1434.0,1364,1435.0,293,1436.0,511,1437.0,596,1438.0,418,1439.0,432,1440.0,631,1435.0
FG409,,13:39:39.250#,1439.0,1450.0,1410.0,1590.0,1300.0,718707,787134,1431.0,932,1432.0,1100,1433.0,1245,1434.0,1364,1435.0,300,1436.0,512,1437.0,596,1438.0,418,1439.0,432,1440.0,631,1435.0
FG409,,13:39:39.500#,1439.0,1450.0,1410.0,1590.0,1300.0,718709,787134,1431.0,932,1432.0,1100,1433.0,1245,1434.0,1364,1435.0,300,1436.0,510,1437.0,597,1438.0,418,1439.0,432,1440.0,631,1436.0
FG409,,13:39:39.750#,1439.0,1450.0,1410.0,1590.0,1300.0,718709,787134,1431.0,932,1432.0,1099,1433.0,1238,1434.0,1362,1435.0,302,1436.0,505,1437.0,597,1438.0,418,1439.0,432,1440.0,631,1436.0
FG409,,13:39:40.0#,1439.0,1450.0,1410.0,1590.0,1300.0,718709,787134,1431.0,932,1432.0,1099,1433.0,1238,1434.0,1364,1435.0,304,1436.0,505,1437.0,597,1438.0,418,1439.0,432,1440.0,631,1436.0
FG409,,13:39:40.250#,1439.0,1450.0,1410.0,1590.0,1300.0,718710,787134,1431.0,932,1432.0,1099,1433.0,1238,1434.0,1365,1435.0,303,1436.0,503,1437.0,597,1438.0,418,1439.0,432,1440.0,631,1435.0
FG409,,13:39:40.500#,1439.0,1450.0,1410.0,1590.0,1300.0,718710,787134,1431.0,932,1432.0,1099,1433.0,1238,1434.0,1365,1435.0,304,1436.0,503,1437.0,597,1438.0,418,1439.0,432,1440.0,631,1435.0
FG409,,13:39:40.750#,1439.0,1450.0,1410.0,1590.0,1300.0,718711,787134,1431.0,932,1432.0,1099,1433.0,1238,1434.0,1365,1435.0,308,1436.0,505,1437.0,597,1438.0,419,1439.0,432,1440.0,631,1435.0
FG409,,13:39:41.0#,1439.0,1450.0,1410.0,1590.0,1300.0,718711,787134,1431.0,932,1432.0,1099,1433.0,1238,1434.0,1365,1435.0,308,1436.0,510,1437.0,598,1438.0,419,1439.0,432,1440.0,631,1435.0
FG409,,13:39:41.250#,1439.0,1450.0,1410.0,1590.0,1300.0,718712,787134,1431.0,932,1432.0,1099,1433.0,1238,1434.0,1364,1435.0,307,1436.0,510,1437.0,598,1438.0,419,1439.0,432,1440.0,631,1435.0
FG409,,13:39:41.500#,1439.0,1450.0,1410.0,1590.0,1300.0,718714,787132,1431.0,932,1432.0,1099,1433.0,1238,1434.0,1364,1435.0,288,1436.0,510,1437.0,598,1438.0,419,1439.0,432,1440.0,631,1435.0
FG409,,13:39:41.750#,1439.0,1450.0,1410.0,1590.0,1300.0,718716,787133,1431.0,932,1432.0,1099,1433.0,1238,1434.0,1364,1435.0,286,1436.0,512,1437.0,598,1438.0,419,1439.0,432,1440.0,631,1435.0
FG409,,13:39:42.0#,1439.0,1450.0,1410.0,1590.0,1300.0,718716,787133,1431.0,932,1432.0,1099,1433.0,1237,1434.0,1364,1435.0,288,1436.0,512,1437.0,598,1438.0,419,1439.0,432,1440.0,631,1435.0
FG409,,13:39:42.250#,1439.0,1450.0,1410.0,1590.0,1300.0,718717,787134,1431.0,932,1432.0,1099,1433.0,1237,1434.0,1373,1435.0,293,1436.0,515,1437.0,598,1438.0,419,1439.0,432,1440.0,631,1436.0
FG409,,13:39:42.500#,1439.0,1450.0,1410.0,1590.0,1300.0,718717,787134,1431.0,932,1432.0,1099,1433.0,1237,1434.0,1373,1435.0,294,1436.0,516,1437.0,598,1438.0,419,1439.0,432,1440.0,631,1436.0
FG409,,13:39:42.750#,1439.0,1450.0,1410.0,1590.0,1300.0,718719,787134,1431.0,932,1432.0,1099,1433.0,1237,1434.0,1373,1435.0,292,1436.0,518,1437.0,598,1438.0,419,1439.0,432,1440.0,631,1435.0
FG409,,13:39:43.0#,1439.0,1450.0,1410.0,1590.0,1300.0,718720,787135,1431.0,932,1432.0,1099,1433.0,1237,1434.0,1372,1435.0,292,1436.0,518,1437.0,598,1438.0,419,1439.0,432,1440.0,631,1436.0
FG409,,13:39:43.250#,1439.0,1450.0,1410.0,1590.0,1300.0,718721,787135,1431.0,932,1432.0,1099,1433.0,1237,1434.0,1372,1435.0,291,1436.0,517,1437.0,598,1438.0,419,1439.0,432,1440.0,631,1435.0
FG409,,13:39:43.500#,1439.0,1450.0,1410.0,1590.0,1300.0,718722,787135,1431.0,932,1432.0,1099,1433.0,1237,1434.0,1372,1435.0,291,1436.0,524,1437.0,598,1438.0,419,1439.0,432,1440.0,631,1435.0
FG409,,13:39:43.750#,1439.0,1450.0,1410.0,1590.0,1300.0,718722,787135,1431.0,933,1432.0,1099,1433.0,1237,1434.0,1372,1435.0,291,1436.0,524,1437.0,598,1438.0,419,1439.0,432,1440.0,631,1435.0
FG409,,13:39:44.250#,1439.0,1450.0,1410.0,1590.0,1300.0,718722,787135,1431.0,933,1432.0,1099,1433.0,1237,1434.0,1372,1435.0,291,1436.0,524,1437.0,598,1438.0,419,1439.0,432,1440.0,631,1435.0
FG409,,13:39:44.500#,1439.0,1450.0,1410.0,1590.0,1300.0,718722,787135,1431.0,933,1432.0,1099,1433.0,1237,1434.0,1372,1435.0,291,1436.0,524,1437.0,598,1438.0,419,1439.0,432,1440.0,631,1435.0
FG409,,13:39:44.750#,1439.0,1450.0,1410.0,1590.0,1300.0,718722,787135,1431.0,933,1432.0,1099,1433.0,1237,1434.0,1371,1435.0,291,1436.0,525,1437.0,598,1438.0,419,1439.0,432,1440.0,631,1435.0
FG409,,13:39:45.0#,1439.0,1450.0,1410.0,1590.0,1300.0,718722,787135,1431.0,933,1432.0,1099,1433.0,1237,1434.0,1371,1435.0,292,1436.0,525,1437.0,598,1438.0,419,1439.0,432,1440.0,631,1435.0
FG409,,13:39:45.250#,1439.0,1450.0,1410.0,1590.0,1300.0,718767,787135,1431.0,933,1432.0,1105,1433.0,1237,1434.0,1371,1435.0,293,1436.0,480,1437.0,598,1438.0,419,1439.0,432,1440.0,631,1436.0
FG409,,13:39:45.500#,1439.0,1450.0,1410.0,1590.0,1300.0,718767,787135,1431.0,933,1432.0,1105,1433.0,1237,1434.0,1371,1435.0,295,1436.0,528,1437.0,598,1438.0,419,1439.0,432,1440.0,631,1436.0
FG409,,13:39:45.750#,1439.0,1450.0,1410.0,1590.0,1300.0,718767,787135,1431.0,933,1432.0,1105,1433.0,1237,1434.0,1371,1435.0,296,1436.0,530,1437.0,598,1438.0,419,1439.0,432,1440.0,631,1436.0
FG409,,13:39:46.0#,1439.0,1450.0,1410.0,1590.0,1300.0,718767,787135,1431.0,933,1432.0,1105,1433.0,1237,1434.0,1371,1435.0,296,1436.0,532,1437.0,598,1438.0,419,1439.0,432,1440.0,631,1436.0
FG409,,13:39:46.250#,1439.0,1450.0,1410.0,1590.0,1300.0,718770,787137,1431.0,933,1432.0,1105,1433.0,1237,1434.0,1372,1435.0,297,1436.0,531,1437.0,598,1438.0,418,1439.0,432,1440.0,631,1436.0
FG409,,13:39:46.500#,1439.0,1450.0,1410.0,1590.0,1300.0,718771,787138,1431.0,933,1432.0,1105,1433.0,1237,1434.0,1372,1435.0,297,1436.0,532,1437.0,598,1438.0,418,1439.0,432,1440.0,631,1436.0
FG409,,13:39:46.750#,1439.0,1450.0,1410.0,1590.0,1300.0,718771,787138,1431.0,933,1432.0,1105,1433.0,1237,1434.0,1372,1435.0,297,1436.0,532,1437.0,598,1438.0,418,1439.0,431,1440.0,631,1436.0
FG409,,13:39:47.0#,1439.0,1450.0,1410.0,1590.0,1300.0,718771,787138,1431.0,933,1432.0,1105,1433.0,1237,1434.0,1372,1435.0,298,1436.0,533,1437.0,598,1438.0,418,1439.0,431,1440.0,631,1436.0
FG409,,13:39:47.250#,1439.0,1450.0,1410.0,1590.0,1300.0,718771,787138,1431.0,933,1432.0,1105,1433.0,1237,1434.0,1375,1435.0,299,1436.0,534,1437.0,598,1438.0,418,1439.0,431,1440.0,631,1436.0
FG409,,13:39:47.500#,1439.0,1450.0,1410.0,1590.0,1300.0,718771,787138,1431.0,933,1432.0,1105,1433.0,1237,1434.0,1375,1435.0,299,1436.0,534,1437.0,598,1438.0,418,1439.0,431,1440.0,632,1436.0
FG409,,13:39:47.750#,1439.0,1450.0,1410.0,1590.0,1300.0,718771,787138,1431.0,933,1432.0,1105,1433.0,1237,1434.0,1375,1435.0,309,1436.0,535,1437.0,598,1438.0,418,1439.0,431,1440.0,632,1436.0
FG409,,13:39:48.0#,1439.0,1450.0,1410.0,1590.0,1300.0,718773,787139,1431.0,933,1432.0,1105,1433.0,1237,1434.0,1375,1435.0,308,1436.0,534,1437.0,598,1438.0,418,1439.0,431,1440.0,632,1436.0
FG409,,13:39:48.250#,1439.0,1450.0,1410.0,1590.0,1300.0,718773,787139,1431.0,933,1432.0,1104,1433.0,1237,1434.0,1375,1435.0,308,1436.0,534,1437.0,598,1438.0,418,1439.0,431,1440.0,632,1436.0
FG409,,13:39:48.500#,1439.0,1450.0,1410.0,1590.0,1300.0,718773,787139,1431.0,933,1432.0,1104,1433.0,1236,1434.0,1375,1435.0,311,1436.0,535,1437.0,598,1438.0,418,1439.0,431,1440.0,632,1436.0
FG409,,13:39:48.750#,1439.0,1450.0,1410.0,1590.0,1300.0,718773,787139,1431.0,933,1432.0,1104,1433.0,1236,1434.0,1376,1435.0,311,1436.0,535,1437.0,598,1438.0,418,1439.0,431,1440.0,632,1436.0
FG409,,13:39:49.0#,1439.0,1450.0,1410.0,1590.0,1300.0,718773,787139,1431.0,933,1432.0,1104,1433.0,1236,1434.0,1376,1435.0,311,1436.0,535,1437.0,598,1438.0,418,1439.0,431,1440.0,632,1436.0
FG409,,13:39:49.250#,1439.0,1450.0,1410.0,1590.0,1300.0,718773,787139,1431.0,933,1432.0,1104,1433.0,1236,1434.0,1376,1435.0,311,1436.0,534,1437.0,598,1438.0,418,1439.0,431,1440.0,632,1436.0
FG409,,13:39:49.500#,1439.0,1450.0,1410.0,1590.0,1300.0,718773,787139,1431.0,933,1432.0,1104,1433.0,1236,1434.0,1376,1435.0,311,1436.0,534,1437.0,598,1438.0,418,1439.0,431,1440.0,632,1436.0
FG409,,13:39:49.750#,1439.0,1450.0,1410.0,1590.0,1300.0,718773,787139,1431.0,933,1432.0,1104,1433.0,1236,1434.0,1380,1435.0,311,1436.0,538,1437.0,598,1438.0,418,1439.0,431,1440.0,632,1436.0
FG409,,13:39:50.0#,1439.0,1450.0,1410.0,1590.0,1300.0,718833,787139,1431.0,934,1432.0,1104,1433.0,1236,1434.0,1380,1435.0,311,1436.0,480,1437.0,599,1438.0,418,1439.0,431,1440.0,632,1436.0
FG409,,13:39:50.250#,1439.0,1450.0,1410.0,1590.0,1300.0,718854,787140,1431.0,934,1432.0,1104,1433.0,1236,1434.0,1369,1435.0,347,1436.0,461,1437.0,599,1438.0,418,1439.0,431,1440.0,632,1435.0
FG409,,13:39:50.500#,1439.0,1450.0,1410.0,1590.0,1300.0,718858,787140,1431.0,934,1432.0,1104,1433.0,1235,1434.0,1369,1435.0,348,1436.0,452,1437.0,599,1438.0,418,1439.0,431,1440.0,632,1436.0
FG409,,13:39:50.750#,1439.0,1450.0,1410.0,1590.0,1300.0,718859,787141,1431.0,934,1432.0,1104,1433.0,1235,1434.0,1369,1435.0,347,1436.0,452,1437.0,599,1438.0,418,1439.0,431,1440.0,632,1435.0
FG409,,13:39:51.0#,1439.0,1450.0,1410.0,1590.0,1300.0,718859,787141,1431.0,934,1432.0,1104,1433.0,1235,1434.0,1369,1435.0,351,1436.0,451,1437.0,599,1438.0,418,1439.0,431,1440.0,632,1435.0
FG409,,13:39:51.250#,1439.0,1450.0,1410.0,1590.0,1300.0,718860,787142,1431.0,934,1432.0,1104,1433.0,1235,1434.0,1369,1435.0,352,1436.0,451,1437.0,599,1438.0,418,1439.0,431,1440.0,632,1436.0
FG409,,13:39:51.500#,1439.0,1450.0,1410.0,1590.0,1300.0,718860,787142,1431.0,934,1432.0,1104,1433.0,1235,1434.0,1369,1435.0,339,1436.0,452,1437.0,599,1438.0,418,1439.0,431,1440.0,632,1436.0
FG409,,13:39:51.750#,1439.0,1450.0,1410.0,1590.0,1300.0,718861,787143,1431.0,934,1432.0,1104,1433.0,1235,1434.0,1369,1435.0,344,1436.0,482,1437.0,599,1438.0,418,1439.0,431,1440.0,632,1436.0
FG409,,13:39:52.0#,1439.0,1450.0,1410.0,1590.0,1300.0,718862,787143,1431.0,934,1432.0,1104,1433.0,1235,1434.0,1369,1435.0,343,1436.0,483,1437.0,599,1438.0,418,1439.0,431,1440.0,632,1435.0
FG409,,13:39:52.250#,1439.0,1450.0,1410.0,1590.0,1300.0,718863,787144,1431.0,934,1432.0,1104,1433.0,1235,1434.0,1369,1435.0,343,1436.0,482,1437.0,599,1438.0,418,1439.0,431,1440.0,632,1436.0
FG409,,13:39:52.500#,1439.0,1450.0,1410.0,1590.0,1300.0,718866,787144,1431.0,934,1432.0,1104,1433.0,1235,1434.0,1369,1435.0,344,1436.0,479,1437.0,599,1438.0,418,1439.0,431,1440.0,632,1436.0
FG409,,13:39:52.750#,1439.0,1450.0,1410.0,1590.0,1300.0,718867,787145,1431.0,934,1432.0,1104,1433.0,1235,1434.0,1369,1435.0,358,1436.0,478,1437.0,599,1438.0,418,1439.0,431,1440.0,632,1436.0
FG409,,13:39:53.0#,1439.0,1450.0,1410.0,1590.0,1300.0,718872,787145,1431.0,934,1432.0,1099,1433.0,1235,1434.0,1369,1435.0,353,1436.0,478,1437.0,599,1438.0,418,1439.0,431,1440.0,632,1435.0
FG409,,13:39:53.250#,1439.0,1450.0,1410.0,1590.0,1300.0,718877,787143,1431.0,934,1432.0,1099,1433.0,1235,1434.0,1369,1435.0,354,1436.0,473,1437.0,599,1438.0,418,1439.0,431,1440.0,632,1436.0
FG409,,13:39:53.500#,1439.0,1450.0,1410.0,1590.0,1300.0,718877,787143,1431.0,934,1432.0,1099,1433.0,1235,1434.0,1369,1435.0,358,1436.0,473,1437.0,599,1438.0,418,1439.0,431,1440.0,632,1436.0
FG409,,13:39:53.750#,1439.0,1450.0,1410.0,1590.0,1300.0,718894,787152,1431.0,934,1432.0,1099,1433.0,1235,1434.0,1368,1435.0,355,1436.0,462,1437.0,599,1438.0,418,1439.0,431,1440.0,632,1436.0
FG409,,13:39:54.0#,1439.0,1450.0,1410.0,1590.0,1300.0,718894,787152,1431.0,934,1432.0,1099,1433.0,1235,1434.0,1367,1435.0,368,1436.0,461,1437.0,599,1438.0,418,1439.0,431,1440.0,632,1436.0
FG409,,13:39:54.250#,1439.0,1450.0,1410.0,1590.0,1300.0,718894,787152,1431.0,934,1432.0,1099,1433.0,1235,1434.0,1367,1435.0,368,1436.0,491,1437.0,599,1438.0,418,1439.0,431,1440.0,632,1436.0
FG409,,13:39:54.500#,1439.0,1450.0,1410.0,1590.0,1300.0,718894,787152,1431.0,934,1432.0,1099,1433.0,1235,1434.0,1368,1435.0,376,1436.0,491,1437.0,599,1438.0,418,1439.0,431,1440.0,632,1436.0
FG409,,13:39:54.750#,1439.0,1450.0,1410.0,1590.0,1300.0,718894,787152,1431.0,934,1432.0,1099,1433.0,1235,1434.0,1368,1435.0,376,1436.0,491,1437.0,599,1438.0,418,1439.0,430,1440.0,632,1436.0
FG409,,13:39:55.0#,1439.0,1450.0,1410.0,1590.0,1300.0,718894,787152,1431.0,934,1432.0,1099,1433.0,1235,1434.0,1368,1435.0,376,1436.0,492,1437.0,599,1438.0,418,1439.0,430,1440.0,632,1436.0
FG409,,13:39:55.250#,1439.0,1450.0,1410.0,1590.0,1300.0,718894,787152,1431.0,934,1432.0,1099,1433.0,1235,1434.0,1368,1435.0,377,1436.0,493,1437.0,599,1438.0,418,1439.0,430,1440.0,632,1436.0
FG409,,13:39:55.500#,1439.0,1450.0,1410.0,1590.0,1300.0,718894,787152,1431.0,934,1432.0,1099,1433.0,1235,1434.0,1368,1435.0,390,1436.0,493,1437.0,599,1438.0,385,1439.0,430,1440.0,632,1436.0
FG409,,13:39:55.750#,1439.0,1450.0,1410.0,1590.0,1300.0,718894,787152,1431.0,934,1432.0,1099,1433.0,1235,1434.0,1377,1435.0,391,1436.0,492,1437.0,603,1438.0,385,1439.0,430,1440.0,632,1436.0
FG409,,13:39:56.0#,1439.0,1450.0,1410.0,1590.0,1300.0,718895,787153,1431.0,934,1432.0,1099,1433.0,1235,1434.0,1378,1435.0,393,1436.0,495,1437.0,603,1438.0,385,1439.0,430,1440.0,632,1435.0
FG409,,13:39:56.250#,1439.0,1450.0,1410.0,1590.0,1300.0,718895,787153,1431.0,934,1432.0,1099,1433.0,1235,1434.0,1378,1435.0,393,1436.0,496,1437.0,603,1438.0,385,1439.0,430,1440.0,632,1435.0
FG409,,13:39:56.750#,1439.0,1450.0,1410.0,1590.0,1300.0,718896,787152,1431.0,934,1432.0,1099,1433.0,1235,1434.0,1375,1435.0,393,1436.0,495,1437.0,603,1438.0,385,1439.0,430,1440.0,632,1436.0
FG409,,13:39:57.0#,1439.0,1450.0,1410.0,1590.0,1300.0,718939,787135,1431.0,934,1432.0,1094,1433.0,1235,1434.0,1376,1435.0,399,1436.0,456,1437.0,603,1438.0,385,1439.0,430,1440.0,632,1436.0
FG409,,13:39:57.250#,1439.0,1450.0,1410.0,1590.0,1300.0,718941,787133,1431.0,934,1432.0,1094,1433.0,1237,1434.0,1376,1435.0,402,1436.0,455,1437.0,604,1438.0,385,1439.0,419,1440.0,632,1436.0
FG409,,13:39:57.500#,1439.0,1450.0,1410.0,1590.0,1300.0,718941,787133,1431.0,934,1432.0,1094,1433.0,1237,1434.0,1377,1435.0,404,1436.0,455,1437.0,604,1438.0,385,1439.0,419,1440.0,632,1436.0
FG409,,13:39:57.750#,1439.0,1450.0,1410.0,1590.0,1300.0,718941,787133,1431.0,934,1432.0,1094,1433.0,1237,1434.0,1376,1435.0,403,1436.0,455,1437.0,604,1438.0,385,1439.0,419,1440.0,632,1436.0
FG409,,13:39:58.0#,1439.0,1450.0,1410.0,1590.0,1300.0,718941,787133,1431.0,934,1432.0,1094,1433.0,1237,1434.0,1376,1435.0,405,1436.0,456,1437.0,604,1438.0,385,1439.0,419,1440.0,632,1436.0
FG409,,13:39:58.250#,1439.0,1450.0,1410.0,1590.0,1300.0,718944,787135,1431.0,934,1432.0,1094,1433.0,1237,1434.0,1378,1435.0,402,1436.0,456,1437.0,604,1438.0,385,1439.0,419,1440.0,632,1435.0
FG409,,13:39:58.500#,1439.0,1450.0,1410.0,1590.0,1300.0,718944,787135,1431.0,934,1432.0,1094,1433.0,1237,1434.0,1379,1435.0,403,1436.0,455,1437.0,604,1438.0,385,1439.0,419,1440.0,632,1435.0
FG409,,13:39:59.250#,1439.0,1450.0,1410.0,1590.0,1300.0,718955,787125,1431.0,934,1432.0,1094,1433.0,1237,1434.0,1379,1435.0,407,1436.0,444,1437.0,604,1438.0,385,1439.0,419,1440.0,632,1436.0
FG409,,13:39:59.500#,1439.0,1450.0,1410.0,1590.0,1300.0,718956,787125,1431.0,934,1432.0,1094,1433.0,1237,1434.0,1379,1435.0,414,1436.0,443,1437.0,604,1438.0,385,1439.0,419,1440.0,632,1436.0
FG409,,13:39:59.750#,1439.0,1450.0,1410.0,1590.0,1300.0,718957,787126,1431.0,934,1432.0,1094,1433.0,1237,1434.0,1380,1435.0,413,1436.0,443,1437.0,604,1438.0,385,1439.0,419,1440.0,632,1435.0
FG409,,13:40:00.0#,1439.0,1450.0,1410.0,1590.0,1300.0,718957,787126,1431.0,934,1432.0,1094,1433.0,1237,1434.0,1376,1435.0,414,1436.0,443,1437.0,606,1438.0,385,1439.0,419,1440.0,632,1435.0
FG409,,13:40:00.250#,1439.0,1450.0,1410.0,1590.0,1300.0,718965,787131,1431.0,934,1432.0,1094,1433.0,1237,1434.0,1375,1435.0,408,1436.0,442,1437.0,606,1438.0,385,1439.0,419,1440.0,632,1435.0
FG409,,13:40:00.500#,1439.0,1450.0,1410.0,1590.0,1300.0,718982,787131,1431.0,934,1432.0,1094,1433.0,1237,1434.0,1377,1435.0,394,1436.0,508,1437.0,639,1438.0,385,1439.0,419,1440.0,633,1435.0
FG409,,13:40:00.750#,1439.0,1450.0,1410.0,1590.0,1300.0,718982,787131,1431.0,934,1432.0,1094,1433.0,1237,1434.0,1377,1435.0,388,1436.0,508,1437.0,639,1438.0,385,1439.0,419,1440.0,633,1435.0
FG409,,13:40:01.0#,1439.0,1450.0,1410.0,1590.0,1300.0,718982,787131,1431.0,934,1432.0,1094,1433.0,1237,1434.0,1377,1435.0,388,1436.0,509,1437.0,639,1438.0,385,1439.0,419,1440.0,633,1435.0
FG409,,13:40:01.250#,1439.0,1450.0,1410.0,1590.0,1300.0,718983,787130,1431.0,934,1432.0,1094,1433.0,1237,1434.0,1378,1435.0,400,1436.0,509,1437.0,639,1438.0,385,1439.0,419,1440.0,633,1436.0
FG409,,13:40:01.500#,1439.0,1450.0,1410.0,1590.0,1300.0,718984,787130,1431.0,934,1432.0,1094,1433.0,1237,1434.0,1378,1435.0,403,1436.0,508,1437.0,639,1438.0,385,1439.0,419,1440.0,633,1436.0
FG409,,13:40:01.750#,1439.0,1450.0,1410.0,1590.0,1300.0,718984,787130,1431.0,934,1432.0,1094,1433.0,1237,1434.0,1378,1435.0,408,1436.0,508,1437.0,639,1438.0,385,1439.0,419,1440.0,633,1436.0
FG409,,13:40:02.0#,1439.0,1450.0,1410.0,1590.0,1300.0,718984,787130,1431.0,938,1432.0,1094,1433.0,1237,1434.0,1378,1435.0,417,1436.0,508,1437.0,639,1438.0,385,1439.0,419,1440.0,633,1436.0
FG409,,13:40:02.250#,1439.0,1450.0,1410.0,1590.0,1300.0,718984,787130,1431.0,938,1432.0,1098,1433.0,1237,1434.0,1378,1435.0,419,1436.0,508,1437.0,640,1438.0,385,1439.0,420,1440.0,633,1436.0
FG409,,13:40:02.500#,1439.0,1450.0,1410.0,1590.0,1300.0,718984,787130,1431.0,938,1432.0,1098,1433.0,1237,1434.0,1378,1435.0,420,1436.0,508,1437.0,640,1438.0,385,1439.0,420,1440.0,633,1436.0
FG409,,13:40:02.750#,1439.0,1450.0,1410.0,1590.0,1300.0,718984,787130,1431.0,938,1432.0,1098,1433.0,1234,1434.0,1377,1435.0,419,1436.0,508,1437.0,640,1438.0,385,1439.0,420,1440.0,630,1436.0
FG409,,13:40:03.0#,1439.0,1450.0,1410.0,1590.0,1300.0,718984,787130,1431.0,938,1432.0,1098,1433.0,1239,1434.0,1383,1435.0,421,1436.0,509,1437.0,640,1438.0,385,1439.0,420,1440.0,630,1436.0
FG409,,13:40:03.250#,1439.0,1450.0,1410.0,1590.0,1300.0,718986,787129,1431.0,938,1432.0,1098,1433.0,1235,1434.0,1383,1435.0,422,1436.0,507,1437.0,640,1438.0,385,1439.0,420,1440.0,630,1436.0
FG409,,13:40:03.500#,1439.0,1450.0,1410.0,1590.0,1300.0,718987,787130,1431.0,941,1432.0,1098,1433.0,1235,1434.0,1383,1435.0,423,1436.0,506,1437.0,640,1438.0,385,1439.0,420,1440.0,630,1436.0
FG409,,13:40:03.750#,1439.0,1450.0,1410.0,1590.0,1300.0,719009,787131,1431.0,941,1432.0,1098,1433.0,1235,1434.0,1383,1435.0,414,1436.0,497,1437.0,640,1438.0,385,1439.0,423,1440.0,630,1435.0
FG409,,13:40:04.0#,1439.0,1450.0,1410.0,1590.0,1300.0,719009,787131,1431.0,941,1432.0,1098,1433.0,1225,1434.0,1393,1435.0,414,1436.0,497,1437.0,635,1438.0,385,1439.0,423,1440.0,630,1435.0
FG409,,13:40:04.250#,1439.0,1450.0,1410.0,1590.0,1300.0,719010,787130,1431.0,941,1432.0,1098,1433.0,1225,1434.0,1393,1435.0,414,1436.0,497,1437.0,635,1438.0,385,1439.0,423,1440.0,630,1435.0
FG409,,13:40:04.500#,1439.0,1450.0,1410.0,1590.0,1300.0,719015,787129,1431.0,941,1432.0,1098,1433.0,1225,1434.0,1393,1435.0,418,1436.0,492,1437.0,635,1438.0,385,1439.0,423,1440.0,630,1436.0
FG409,,13:40:04.750#,1439.0,1450.0,1410.0,1590.0,1300.0,719015,787129,1431.0,941,1432.0,1098,1433.0,1225,1434.0,1393,1435.0,418,1436.0,491,1437.0,635,1438.0,385,1439.0,423,1440.0,630,1436.0
FG409,,13:40:05.0#,1439.0,1450.0,1410.0,1590.0,1300.0,719015,787129,1431.0,941,1432.0,1098,1433.0,1225,1434.0,1393,1435.0,428,1436.0,492,1437.0,635,1438.0,385,1439.0,423,1440.0,630,1436.0
FG409,,13:40:05.250#,1439.0,1450.0,1410.0,1590.0,1300.0,719016,787130,1431.0,941,1432.0,1098,1433.0,1225,1434.0,1393,1435.0,442,1436.0,491,1437.0,635,1438.0,385,1439.0,423,1440.0,630,1436.0
FG409,,13:40:05.500#,1439.0,1450.0,1410.0,1590.0,1300.0,719016,787130,1431.0,941,1432.0,1098,1433.0,1224,1434.0,1393,1435.0,443,1436.0,491,1437.0,635,1438.0,385,1439.0,422,1440.0,630,1436.0
FG409,,13:40:05.750#,1439.0,1450.0,1410.0,1590.0,1300.0,719017,787130,1431.0,941,1432.0,1098,1433.0,1224,1434.0,1402,1435.0,443,1436.0,490,1437.0,636,1438.0,385,1439.0,422,1440.0,630,1436.0
FG409,,13:40:06.0#,1439.0,1450.0,1410.0,1590.0,1300.0,719019,787130,1431.0,941,1432.0,1098,1433.0,1224,1434.0,1402,1435.0,445,1436.0,490,1437.0,636,1438.0,385,1439.0,422,1440.0,630,1436.0
FG409,,13:40:06.250#,1439.0,1450.0,1410.0,1590.0,1300.0,719020,787130,1431.0,941,1432.0,1098,1433.0,1224,1434.0,1383,1435.0,448,1436.0,489,1437.0,636,1438.0,385,1439.0,422,1440.0,630,1436.0
FG409,,13:40:06.500#,1439.0,1450.0,1410.0,1590.0,1300.0,719021,787130,1431.0,941,1432.0,1098,1433.0,1224,1434.0,1383,1435.0,449,1436.0,488,1437.0,636,1438.0,385,1439.0,422,1440.0,630,1436.0
FG409,,13:40:06.750#,1439.0,1450.0,1410.0,1590.0,1300.0,719021,787130,1431.0,939,1432.0,1098,1433.0,1224,1434.0,1383,1435.0,450,1436.0,488,1437.0,636,1438.0,385,1439.0,422,1440.0,630,1436.0
FG409,,13:40:07.0#,1439.0,1450.0,1410.0,1590.0,1300.0,719023,787130,1431.0,939,1432.0,1098,1433.0,1224,1434.0,1383,1435.0,450,1436.0,485,1437.0,636,1438.0,385,1439.0,422,1440.0,630,1436.0
FG409,,13:40:07.250#,1439.0,1450.0,1410.0,1590.0,1300.0,719024,787130,1431.0,938,1432.0,1098,1433.0,1224,1434.0,1385,1435.0,453,1436.0,488,1437.0,636,1438.0,385,1439.0,434,1440.0,630,1436.0
FG409,,13:40:07.500#,1439.0,1450.0,1410.0,1590.0,1300.0,719025,787130,1431.0,938,1432.0,1098,1433.0,1224,1434.0,1385,1435.0,458,1436.0,488,1437.0,636,1438.0,385,1439.0,434,1440.0,631,1435.0
FG409,,13:40:07.750#,1439.0,1450.0,1410.0,1590.0,1300.0,719025,787130,1431.0,938,1432.0,1098,1433.0,1224,1434.0,1386,1435.0,468,1436.0,493,1437.0,636,1438.0,385,1439.0,434,1440.0,631,1435.0
FG409,,13:40:08.0#,1439.0,1450.0,1410.0,1590.0,1300.0,719027,787130,1431.0,938,1432.0,1098,1433.0,1224,1434.0,1385,1435.0,468,1436.0,491,1437.0,636,1438.0,385,1439.0,434,1440.0,631,1436.0
FG409,,13:40:08.250#,1439.0,1450.0,1410.0,1590.0,1300.0,719027,787130,1431.0,938,1432.0,1098,1433.0,1224,1434.0,1380,1435.0,471,1436.0,491,1437.0,633,1438.0,385,1439.0,434,1440.0,630,1436.0
FG409,,13:40:08.500#,1439.0,1450.0,1410.0,1590.0,1300.0,719039,787123,1431.0,938,1432.0,1098,1433.0,1224,1434.0,1382,1435.0,464,1436.0,491,1437.0,633,1438.0,385,1439.0,434,1440.0,630,1435.0
FG409,,13:40:08.750#,1439.0,1450.0,1410.0,1590.0,1300.0,719041,787123,1431.0,936,1432.0,1098,1433.0,1224,1434.0,1382,1435.0,464,1436.0,492,1437.0,633,1438.0,385,1439.0,434,1440.0,630,1435.0
FG409,,13:40:09.0#,1439.0,1450.0,1410.0,1590.0,1300.0,719046,787128,1431.0,936,1432.0,1098,1433.0,1224,1434.0,1382,1435.0,490,1436.0,487,1437.0,633,1438.0,385,1439.0,434,1440.0,630,1436.0
FG409,,13:40:09.250#,1439.0,1450.0,1410.0,1590.0,1300.0,719046,787128,1431.0,936,1432.0,1098,1433.0,1224,1434.0,1383,1435.0,489,1436.0,488,1437.0,633,1438.0,385,1439.0,434,1440.0,630,1436.0
FG409,,13:40:09.500#,1439.0,1450.0,1410.0,1590.0,1300.0,719046,787128,1431.0,936,1432.0,1098,1433.0,1224,1434.0,1383,1435.0,493,1436.0,488,1437.0,633,1438.0,385,1439.0,434,1440.0,630,1436.0
FG409,,13:40:09.750#,1439.0,1450.0,1410.0,1590.0,1300.0,719047,787128,1431.0,936,1432.0,1098,1433.0,1224,1434.0,1383,1435.0,493,1436.0,488,1437.0,633,1438.0,385,1439.0,434,1440.0,630,1435.0
FG409,,13:40:10.0#,1439.0,1450.0,1410.0,1590.0,1300.0,719047,787128,1431.0,936,1432.0,1098,1433.0,1224,1434.0,1383,1435.0,496,1436.0,489,1437.0,633,1438.0,385,1439.0,434,1440.0,630,1435.0
FG409,,13:40:10.250#,1439.0,1450.0,1410.0,1590.0,1300.0,719047,787128,1431.0,936,1432.0,1098,1433.0,1224,1434.0,1383,1435.0,497,1436.0,490,1437.0,633,1438.0,385,1439.0,434,1440.0,630,1435.0
FG409,,13:40:10.500#,1439.0,1450.0,1410.0,1590.0,1300.0,719047,787128,1431.0,936,1432.0,1098,1433.0,1224,1434.0,1383,1435.0,504,1436.0,490,1437.0,633,1438.0,385,1439.0,434,1440.0,630,1435.0
FG409,,13:40:10.750#,1439.0,1450.0,1410.0,1590.0,1300.0,719047,787128,1431.0,936,1432.0,1098,1433.0,1217,1434.0,1383,1435.0,511,1436.0,490,1437.0,633,1438.0,385,1439.0,434,1440.0,630,1435.0
FG409,,13:40:11.0#,1439.0,1450.0,1410.0,1590.0,1300.0,719069,787123,1431.0,936,1432.0,1098,1433.0,1217,1434.0,1384,1435.0,512,1436.0,469,1437.0,633,1438.0,385,1439.0,434,1440.0,630,1435.0
FG409,,13:40:11.250#,1439.0,1450.0,1410.0,1590.0,1300.0,719069,787123,1431.0,936,1432.0,1098,1433.0,1217,1434.0,1382,1435.0,516,1436.0,470,1437.0,633,1438.0,385,1439.0,434,1440.0,630,1435.0
FG409,,13:40:11.500#,1439.0,1450.0,1410.0,1590.0,1300.0,719086,787124,1431.0,936,1432.0,1098,1433.0,1217,1434.0,1382,1435.0,515,1436.0,455,1437.0,633,1438.0,385,1439.0,434,1440.0,630,1435.0
FG409,,13:40:11.750#,1439.0,1450.0,1410.0,1590.0,1300.0,719086,787124,1431.0,936,1432.0,1098,1433.0,1217,1434.0,1383,1435.0,516,1436.0,455,1437.0,633,1438.0,385,1439.0,434,1440.0,630,1435.0
FG409,,13:40:12.250#,1439.0,1450.0,1410.0,1590.0,1300.0,719086,787124,1431.0,936,1432.0,1098,1433.0,1217,1434.0,1382,1435.0,516,1436.0,455,1437.0,633,1438.0,385,1439.0,434,1440.0,630,1435.0
FG409,,13:40:12.500#,1439.0,1450.0,1410.0,1590.0,1300.0,719086,787124,1431.0,936,1432.0,1098,1433.0,1216,1434.0,1383,1435.0,516,1436.0,455,1437.0,633,1438.0,385,1439.0,434,1440.0,630,1435.0
FG409,,13:40:12.750#,1439.0,1450.0,1410.0,1590.0,1300.0,719087,787123,1431.0,936,1432.0,1098,1433.0,1216,1434.0,1376,1435.0,528,1436.0,455,1437.0,633,1438.0,385,1439.0,434,1440.0,630,1435.0
FG409,,13:40:13.0#,1439.0,1450.0,1410.0,1590.0,1300.0,719088,787122,1431.0,936,1432.0,1098,1433.0,1216,1434.0,1375,1435.0,529,1436.0,455,1437.0,633,1438.0,385,1439.0,434,1440.0,630,1435.0
FG409,,13:40:13.250#,1439.0,1450.0,1410.0,1590.0,1300.0,719088,787122,1431.0,936,1432.0,1098,1433.0,1216,1434.0,1374,1435.0,529,1436.0,455,1437.0,633,1438.0,385,1439.0,434,1440.0,630,1435.0
FG409,,13:40:13.500#,1439.0,1450.0,1410.0,1590.0,1300.0,719088,787122,1431.0,936,1432.0,1099,1433.0,1216,1434.0,1374,1435.0,532,1436.0,458,1437.0,633,1438.0,384,1439.0,434,1440.0,630,1435.0
FG409,,13:40:13.750#,1439.0,1450.0,1410.0,1590.0,1300.0,719098,787122,1431.0,936,1432.0,1099,1433.0,1216,1434.0,1374,1435.0,533,1436.0,448,1437.0,633,1438.0,384,1439.0,434,1440.0,630,1436.0
FG409,,13:40:14.0#,1439.0,1450.0,1410.0,1590.0,1300.0,719098,787122,1431.0,936,1432.0,1099,1433.0,1216,1434.0,1374,1435.0,533,1436.0,449,1437.0,633,1438.0,384,1439.0,434,1440.0,630,1436.0
FG409,,13:40:14.250#,1439.0,1450.0,1410.0,1590.0,1300.0,719099,787123,1431.0,936,1432.0,1099,1433.0,1216,1434.0,1374,1435.0,534,1436.0,448,1437.0,634,1438.0,384,1439.0,434,1440.0,630,1436.0
FG409,,13:40:14.500#,1439.0,1450.0,1410.0,1590.0,1300.0,719108,787125,1431.0,936,1432.0,1099,1433.0,1216,1434.0,1375,1435.0,534,1436.0,439,1437.0,634,1438.0,384,1439.0,434,1440.0,630,1436.0
FG409,,13:40:14.750#,1439.0,1450.0,1410.0,1590.0,1300.0,719120,787134,1431.0,937,1432.0,1099,1433.0,1217,1434.0,1425,1435.0,528,1436.0,427,1437.0,634,1438.0,384,1439.0,434,1440.0,630,1436.0
FG409,,13:40:15.0#,1439.0,1450.0,1410.0,1590.0,1300.0,719120,787134,1431.0,937,1432.0,1099,1433.0,1215,1434.0,1428,1435.0,525,1436.0,427,1437.0,634,1438.0,384,1439.0,434,1440.0,630,1436.0
FG409,,13:40:15.250#,1439.0,1450.0,1410.0,1590.0,1300.0,719121,787133,1431.0,937,1432.0,1099,1433.0,1215,1434.0,1431,1435.0,525,1436.0,429,1437.0,634,1438.0,384,1439.0,434,1440.0,630,1435.0
FG409,,13:40:15.500#,1439.0,1450.0,1410.0,1590.0,1300.0,719122,787133,1431.0,937,1432.0,1099,1433.0,1215,1434.0,1431,1435.0,527,1436.0,432,1437.0,634,1438.0,384,1439.0,434,1440.0,630,1436.0
FG409,,13:40:15.750#,1439.0,1450.0,1410.0,1590.0,1300.0,719122,787133,1431.0,937,1432.0,1099,1433.0,1215,1434.0,1431,1435.0,530,1436.0,432,1437.0,634,1438.0,384,1439.0,434,1440.0,630,1436.0
FG409,,13:40:16.0#,1439.0,1450.0,1410.0,1590.0,1300.0,719122,787133,1431.0,937,1432.0,1099,1433.0,1215,1434.0,1431,1435.0,530,1436.0,432,1437.0,634,1438.0,384,1439.0,434,1440.0,630,1436.0
FG409,,13:40:16.250#,1439.0,1450.0,1410.0,1590.0,1300.0,719125,787133,1431.0,937,1432.0,1099,1433.0,1215,1434.0,1431,1435.0,531,1436.0,431,1437.0,634,1438.0,384,1439.0,434,1440.0,630,1436.0
FG409,,13:40:16.500#,1439.0,1450.0,1410.0,1590.0,1300.0,719125,787133,1431.0,937,1432.0,1099,1433.0,1215,1434.0,1431,1435.0,606,1436.0,431,1437.0,634,1438.0,384,1439.0,434,1440.0,630,1436.0
FG409,,13:40:16.750#,1439.0,1450.0,1410.0,1590.0,1300.0,719196,787073,1431.0,937,1432.0,1099,1433.0,1215,1434.0,1430,1435.0,606,1436.0,360,1437.0,634,1438.0,384,1439.0,434,1440.0,630,1436.0
FG409,,13:40:17.0#,1439.0,1450.0,1410.0,1590.0,1300.0,719594,787062,1432.0,1099,1433.0,1215,1434.0,1424,1435.0,685,1436.0,271,1437.0,574,1438.0,385,1439.0,434,1440.0,630,1441.0,278,1436.0
FG409,,13:40:17.250#,1439.0,1450.0,1410.0,1590.0,1300.0,719615,787065,1432.0,1099,1433.0,1215,1434.0,1425,1435.0,747,1436.0,375,1437.0,603,1438.0,385,1439.0,423,1440.0,630,1441.0,281,1436.0
FG409,,13:40:17.500#,1439.0,1450.0,1410.0,1590.0,1300.0,719630,787071,1432.0,1099,1433.0,1215,1434.0,1426,1435.0,742,1436.0,372,1437.0,597,1438.0,385,1439.0,423,1440.0,630,1441.0,281,1436.0
FG409,,13:40:17.750#,1439.0,1450.0,1410.0,1590.0,1300.0,719630,787071,1432.0,1099,1433.0,1215,1434.0,1425,1435.0,754,1436.0,378,1437.0,597,1438.0,385,1439.0,425,1440.0,630,1441.0,281,1436.0
FG409,,13:40:18.0#,1439.0,1450.0,1410.0,1590.0,1300.0,719632,787070,1432.0,1099,1433.0,1215,1434.0,1426,1435.0,762,1436.0,376,1437.0,597,1438.0,385,1439.0,425,1440.0,630,1441.0,281,1436.0
FG409,,13:40:18.250#,1439.0,1450.0,1410.0,1590.0,1300.0,719632,787070,1432.0,1099,1433.0,1215,1434.0,1025,1435.0,1165,1436.0,377,1437.0,597,1438.0,385,1439.0,425,1440.0,630,1441.0,281,1436.0
FG409,,13:40:18.500#,1439.0,1450.0,1410.0,1590.0,1300.0,719634,787069,1432.0,1099,1433.0,1215,1434.0,1025,1435.0,1165,1436.0,377,1437.0,590,1438.0,385,1439.0,425,1440.0,630,1441.0,281,1436.0
FG409,,13:40:18.750#,1439.0,1450.0,1410.0,1590.0,1300.0,719634,787069,1432.0,1099,1433.0,1215,1434.0,1025,1435.0,1167,1436.0,420,1437.0,590,1438.0,385,1439.0,425,1440.0,630,1441.0,281,1436.0
FG409,,13:40:19.0#,1439.0,1450.0,1410.0,1590.0,1300.0,719637,787068,1432.0,1099,1433.0,1215,1434.0,1025,1435.0,1167,1436.0,449,1437.0,539,1438.0,385,1439.0,425,1440.0,630,1441.0,281,1437.0
FG409,,13:40:19.250#,1439.0,1450.0,1410.0,1590.0,1300.0,719653,787068,1432.0,1099,1433.0,1215,1434.0,1025,1435.0,1146,1436.0,473,1437.0,521,1438.0,385,1439.0,425,1440.0,630,1441.0,281,1437.0
FG409,,13:40:19.500#,1439.0,1450.0,1410.0,1590.0,1300.0,719702,787067,1432.0,1100,1433.0,1215,1434.0,1025,1435.0,1146,1436.0,475,1437.0,461,1438.0,385,1439.0,425,1440.0,630,1441.0,281,1437.0
FG409,,13:40:19.750#,1439.0,1450.0,1410.0,1590.0,1300.0,719703,787068,1432.0,1100,1433.0,1215,1434.0,1025,1435.0,1117,1436.0,506,1437.0,423,1438.0,385,1439.0,425,1440.0,630,1441.0,281,1437.0
FG409,,13:40:20.0#,1439.0,1450.0,1410.0,1590.0,1300.0,719717,787078,1432.0,1101,1433.0,1215,1434.0,1025,1435.0,1118,1436.0,262,1437.0,421,1438.0,386,1439.0,425,1440.0,630,1441.0,281,1437.0
FG409,,13:40:20.250#,1439.0,1450.0,1410.0,1590.0,1300.0,719717,787078,1432.0,1101,1433.0,1215,1434.0,1023,1435.0,1121,1436.0,302,1437.0,446,1438.0,386,1439.0,425,1440.0,630,1441.0,281,1437.0
FG409,,13:40:20.500#,1439.0,1450.0,1410.0,1590.0,1300.0,719721,787080,1432.0,1101,1433.0,1215,1434.0,973,1435.0,1171,1436.0,350,1437.0,455,1438.0,386,1439.0,425,1440.0,630,1441.0,281,1436.0
FG409,,13:40:20.750#,1439.0,1450.0,1410.0,1590.0,1300.0,719722,787080,1432.0,1101,1433.0,1215,1434.0,970,1435.0,1171,1436.0,361,1437.0,454,1438.0,386,1439.0,425,1440.0,630,1441.0,281,1437.0
FG409,,13:40:21.0#,1439.0,1450.0,1410.0,1590.0,1300.0,719723,787080,1432.0,1101,1433.0,1215,1434.0,970,1435.0,1172,1436.0,361,1437.0,453,1438.0,386,1439.0,425,1440.0,630,1441.0,281,1437.0
FG409,,13:40:21.250#,1439.0,1450.0,1410.0,1590.0,1300.0,719723,787080,1432.0,1101,1433.0,1215,1434.0,971,1435.0,1182,1436.0,361,1437.0,462,1438.0,386,1439.0,425,1440.0,630,1441.0,281,1437.0
FG409,,13:40:21.500#,1439.0,1450.0,1410.0,1590.0,1300.0,719724,787081,1432.0,1101,1433.0,1215,1434.0,972,1435.0,1182,1436.0,357,1437.0,492,1438.0,386,1439.0,425,1440.0,630,1441.0,281,1437.0
FG409,,13:40:21.750#,1439.0,1450.0,1410.0,1590.0,1300.0,719728,787085,1432.0,1101,1433.0,1215,1434.0,973,1435.0,1182,1436.0,357,1437.0,488,1438.0,386,1439.0,425,1440.0,630,1441.0,281,1437.0
FG409,,13:40:22.0#,1439.0,1450.0,1410.0,1590.0,1300.0,719738,787089,1432.0,1101,1433.0,1215,1434.0,973,1435.0,1182,1436.0,357,1437.0,481,1438.0,386,1439.0,425,1440.0,630,1441.0,281,1437.0
FG409,,13:40:22.250#,1439.0,1450.0,1410.0,1590.0,1300.0,719738,787089,1432.0,1101,1433.0,1215,1434.0,974,1435.0,1177,1436.0,357,1437.0,482,1438.0,386,1439.0,425,1440.0,630,1441.0,281,1437.0
FG409,,13:40:22.500#,1439.0,1450.0,1410.0,1590.0,1300.0,719744,787092,1432.0,1101,1433.0,1215,1434.0,974,1435.0,1177,1436.0,351,1437.0,477,1438.0,386,1439.0,425,1440.0,630,1441.0,281,1436.0
FG409,,13:40:22.750#,1439.0,1450.0,1410.0,1590.0,1300.0,719744,787092,1432.0,1101,1433.0,1208,1434.0,974,1435.0,1184,1436.0,351,1437.0,477,1438.0,386,1439.0,425,1440.0,630,1441.0,281,1436.0
FG409,,13:40:23.0#,1439.0,1450.0,1410.0,1590.0,1300.0,719753,787088,1432.0,1101,1433.0,1208,1434.0,981,1435.0,1184,1436.0,360,1437.0,470,1438.0,386,1439.0,425,1440.0,630,1441.0,281,1437.0
FG409,,13:40:23.250#,1439.0,1450.0,1410.0,1590.0,1300.0,719753,787088,1432.0,1101,1433.0,1207,1434.0,981,1435.0,1185,1436.0,361,1437.0,470,1438.0,386,1439.0,425,1440.0,630,1441.0,281,1437.0
FG409,,13:40:23.500#,1439.0,1450.0,1410.0,1590.0,1300.0,719756,787087,1432.0,1101,1433.0,1207,1434.0,981,1435.0,1184,1436.0,364,1437.0,469,1438.0,386,1439.0,425,1440.0,630,1441.0,281,1437.0
FG409,,13:40:23.750#,1439.0,1450.0,1410.0,1590.0,1300.0,719757,787086,1432.0,1101,1433.0,1207,1434.0,981,1435.0,1186,1436.0,365,1437.0,472,1438.0,387,1439.0,425,1440.0,630,1441.0,281,1437.0
FG409,,13:40:24.0#,1439.0,1450.0,1410.0,1590.0,1300.0,719757,787086,1432.0,1101,1433.0,1207,1434.0,983,1435.0,1186,1436.0,365,1437.0,503,1438.0,387,1439.0,425,1440.0,630,1441.0,281,1437.0
FG409,,13:40:24.250#,1439.0,1450.0,1410.0,1590.0,1300.0,719762,787083,1432.0,1101,1433.0,1207,1434.0,983,1435.0,1185,1436.0,365,1437.0,498,1438.0,387,1439.0,425,1440.0,630,1441.0,281,1437.0
FG409,,13:40:24.500#,1439.0,1450.0,1410.0,1590.0,1300.0,719772,787083,1432.0,1101,1433.0,1207,1434.0,983,1435.0,1173,1436.0,368,1437.0,489,1438.0,387,1439.0,425,1440.0,630,1441.0,281,1437.0
FG409,,13:40:24.750#,1439.0,1450.0,1410.0,1590.0,1300.0,719772,787083,1432.0,1101,1433.0,1207,1434.0,983,1435.0,1173,1436.0,368,1437.0,490,1438.0,387,1439.0,426,1440.0,630,1441.0,285,1437.0
FG409,,13:40:25.0#,1439.0,1450.0,1410.0,1590.0,1300.0,719773,787082,1432.0,1101,1433.0,1207,1434.0,988,1435.0,1176,1436.0,369,1437.0,490,1438.0,387,1439.0,426,1440.0,630,1441.0,285,1437.0
FG409,,13:40:25.250#,1439.0,1450.0,1410.0,1590.0,1300.0,719778,787087,1432.0,1101,1433.0,1207,1434.0,988,1435.0,1176,1436.0,394,1437.0,485,1438.0,388,1439.0,426,1440.0,630,1441.0,285,1437.0
FG409,,13:40:25.500#,1439.0,1450.0,1410.0,1590.0,1300.0,719785,787091,1432.0,1101,1433.0,1207,1434.0,988,1435.0,1180,1436.0,395,1437.0,478,1438.0,388,1439.0,426,1440.0,630,1441.0,285,1437.0
FG409,,13:40:25.750#,1439.0,1450.0,1410.0,1590.0,1300.0,719785,787091,1432.0,1101,1433.0,1206,1434.0,988,1435.0,1182,1436.0,397,1437.0,482,1438.0,388,1439.0,426,1440.0,630,1441.0,285,1437.0
FG409,,13:40:26.0#,1439.0,1450.0,1410.0,1590.0,1300.0,719793,787085,1432.0,1101,1433.0,1206,1434.0,979,1435.0,1198,1436.0,402,1437.0,475,1438.0,388,1439.0,426,1440.0,630,1441.0,285,1437.0
FG409,,13:40:26.250#,1439.0,1450.0,1410.0,1590.0,1300.0,719795,787086,1432.0,1101,1433.0,1206,1434.0,979,1435.0,1204,1436.0,403,1437.0,474,1438.0,387,1439.0,426,1440.0,630,1441.0,285,1437.0
FG409,,13:40:26.500#,1439.0,1450.0,1410.0,1590.0,1300.0,719795,787086,1432.0,1099,1433.0,1206,1434.0,979,1435.0,1204,1436.0,403,1437.0,474,1438.0,387,1439.0,426,1440.0,630,1441.0,285,1437.0
FG409,,13:40:26.750#,1439.0,1450.0,1410.0,1590.0,1300.0,719795,787086,1432.0,1099,1433.0,1206,1434.0,977,1435.0,1202,1436.0,403,1437.0,481,1438.0,387,1439.0,425,1440.0,630,1441.0,285,1437.0
FG409,,13:40:27.0#,1439.0,1450.0,1410.0,1590.0,1300.0,719796,787086,1432.0,1099,1433.0,1208,1434.0,977,1435.0,1203,1436.0,403,1437.0,480,1438.0,387,1439.0,425,1440.0,630,1441.0,285,1437.0
FG409,,13:40:27.250#,1439.0,1450.0,1410.0,1590.0,1300.0,719799,787086,1432.0,1104,1433.0,1208,1434.0,976,1435.0,1209,1436.0,403,1437.0,478,1438.0,387,1439.0,425,1440.0,630,1441.0,285,1437.0
FG409,,13:40:27.500#,1439.0,1450.0,1410.0,1590.0,1300.0,719799,787086,1432.0,1104,1433.0,1208,1434.0,975,1435.0,1209,1436.0,404,1437.0,478,1438.0,387,1439.0,425,1440.0,630,1441.0,285,1437.0
FG409,,13:40:27.750#,1439.0,1450.0,1410.0,1590.0,1300.0,719800,787085,1432.0,1104,1433.0,1208,1434.0,976,1435.0,1213,1436.0,404,1437.0,477,1438.0,389,1439.0,440,1440.0,630,1441.0,285,1437.0
FG409,,13:40:28.0#,1439.0,1450.0,1410.0,1590.0,1300.0,719800,787085,1432.0,1102,1433.0,1208,1434.0,976,1435.0,1213,1436.0,408,1437.0,477,1438.0,389,1439.0,440,1440.0,630,1441.0,285,1437.0
FG409,,13:40:28.250#,1439.0,1450.0,1410.0,1590.0,1300.0,719802,787085,1432.0,1102,1433.0,1206,1434.0,977,1435.0,1207,1436.0,426,1437.0,476,1438.0,359,1439.0,440,1440.0,630,1441.0,285,1437.0
FG409,,13:40:28.500#,1439.0,1450.0,1410.0,1590.0,1300.0,719803,787085,1432.0,1102,1433.0,1206,1434.0,977,1435.0,1207,1436.0,429,1437.0,475,1438.0,359,1439.0,440,1440.0,630,1441.0,285,1437.0
FG409,,13:40:28.750#,1439.0,1450.0,1410.0,1590.0,1300.0,719805,787084,1432.0,1102,1433.0,1206,1434.0,978,1435.0,1214,1436.0,428,1437.0,473,1438.0,368,1439.0,440,1440.0,630,1441.0,285,1437.0
FG409,,13:40:29.0#,1439.0,1450.0,1410.0,1590.0,1300.0,719809,787083,1432.0,1102,1433.0,1206,1434.0,977,1435.0,1213,1436.0,441,1437.0,469,1438.0,368,1439.0,440,1440.0,630,1441.0,285,1437.0
FG409,,13:40:29.250#,1439.0,1450.0,1410.0,1590.0,1300.0,719812,787085,1432.0,1102,1433.0,1206,1434.0,977,1435.0,1213,1436.0,443,1437.0,449,1438.0,368,1439.0,440,1440.0,630,1441.0,285,1437.0
FG409,,13:40:29.500#,1439.0,1450.0,1410.0,1590.0,1300.0,719831,787081,1432.0,1077,1433.0,1204,1434.0,977,1435.0,1211,1436.0,480,1437.0,412,1438.0,368,1439.0,440,1440.0,630,1441.0,285,1437.0
FG409,,13:40:29.750#,1439.0,1450.0,1410.0,1590.0,1300.0,719831,787081,1432.0,1077,1433.0,1204,1434.0,977,1435.0,1165,1436.0,529,1437.0,414,1438.0,370,1439.0,447,1440.0,630,1441.0,285,1437.0
FG409,,13:40:30.0#,1439.0,1450.0,1410.0,1590.0,1300.0,719837,787078,1432.0,1076,1433.0,1204,1434.0,977,1435.0,1164,1436.0,533,1437.0,410,1438.0,370,1439.0,447,1440.0,630,1441.0,285,1436.0
FG409,,13:40:30.250#,1439.0,1450.0,1410.0,1590.0,1300.0,719838,787077,1432.0,1076,1433.0,1202,1434.0,975,1435.0,1164,1436.0,537,1437.0,397,1438.0,371,1439.0,447,1440.0,630,1441.0,285,1437.0
FG409,,13:40:30.500#,1439.0,1450.0,1410.0,1590.0,1300.0,719839,787076,1432.0,1075,1433.0,1202,1434.0,977,1435.0,1164,1436.0,537,1437.0,404,1438.0,371,1439.0,447,1440.0,630,1441.0,285,1437.0
FG409,,13:40:30.750#,1439.0,1450.0,1410.0,1590.0,1300.0,719839,787076,1432.0,1075,1433.0,1202,1434.0,975,1435.0,1164,1436.0,537,1437.0,404,1438.0,372,1439.0,447,1440.0,630,1441.0,285,1437.0
FG409,,13:40:31.0#,1439.0,1450.0,1410.0,1590.0,1300.0,719845,787072,1432.0,1075,1433.0,1202,1434.0,974,1435.0,1168,1436.0,539,1437.0,399,1438.0,372,1439.0,447,1440.0,630,1441.0,285,1437.0
FG409,,13:40:31.250#,1439.0,1450.0,1410.0,1590.0,1300.0,720245,786858,1433.0,1202,1434.0,974,1435.0,1270,1436.0,542,1437.0,103,1438.0,383,1439.0,447,1440.0,630,1441.0,285,1442.0,425,1437.0
FG409,,13:40:31.500#,1439.0,1450.0,1410.0,1590.0,1300.0,720245,786858,1433.0,1202,1434.0,973,1435.0,1273,1436.0,554,1437.0,254,1438.0,489,1439.0,447,1440.0,630,1441.0,285,1442.0,431,1437.0
FG409,,13:40:31.750#,1439.0,1450.0,1410.0,1590.0,1300.0,720246,786858,1433.0,1202,1434.0,971,1435.0,1274,1436.0,558,1437.0,255,1438.0,491,1439.0,458,1440.0,631,1441.0,285,1442.0,431,1437.0
FG409,,13:40:32.0#,1439.0,1450.0,1410.0,1590.0,1300.0,720246,786858,1433.0,1200,1434.0,971,1435.0,1281,1436.0,558,1437.0,236,1438.0,496,1439.0,458,1440.0,631,1441.0,285,1442.0,431,1437.0
FG409,,13:40:32.250#,1439.0,1450.0,1410.0,1590.0,1300.0,720246,786858,1433.0,1200,1434.0,973,1435.0,1286,1436.0,563,1437.0,153,1438.0,496,1439.0,458,1440.0,631,1441.0,285,1442.0,431,1437.0
FG409,,13:40:32.500#,1439.0,1450.0,1410.0,1590.0,1300.0,720251,786857,1433.0,1200,1434.0,974,1435.0,1288,1436.0,564,1437.0,123,1438.0,487,1439.0,458,1440.0,631,1441.0,285,1442.0,431,1437.0
FG409,,13:40:32.750#,1439.0,1450.0,1410.0,1590.0,1300.0,720252,786857,1433.0,1200,1434.0,974,1435.0,1288,1436.0,565,1437.0,123,1438.0,499,1439.0,458,1440.0,631,1441.0,285,1442.0,431,1438.0
FG409,,13:40:33.0#,1439.0,1450.0,1410.0,1590.0,1300.0,720320,786851,1433.0,1200,1434.0,974,1435.0,1290,1436.0,566,1437.0,107,1438.0,496,1439.0,458,1440.0,621,1441.0,285,1442.0,425,1438.0
FG409,,13:40:33.250#,1439.0,1450.0,1410.0,1590.0,1300.0,720322,786849,1433.0,1199,1434.0,975,1435.0,1290,1436.0,568,1437.0,107,1438.0,487,1439.0,458,1440.0,621,1441.0,285,1442.0,425,1438.0
FG409,,13:40:33.500#,1439.0,1450.0,1410.0,1590.0,1300.0,720326,786846,1433.0,1199,1434.0,976,1435.0,1287,1436.0,569,1437.0,106,1438.0,492,1439.0,458,1440.0,621,1441.0,285,1442.0,425,1438.0
FG409,,13:40:33.750#,1439.0,1450.0,1410.0,1590.0,1300.0,720328,786844,1433.0,1199,1434.0,975,1435.0,1274,1436.0,582,1437.0,106,1438.0,490,1439.0,458,1440.0,621,1441.0,285,1442.0,425,1438.0
FG409,,13:40:34.0#,1439.0,1450.0,1410.0,1590.0,1300.0,720331,786841,1433.0,1199,1434.0,975,1435.0,1276,1436.0,584,1437.0,106,1438.0,487,1439.0,458,1440.0,621,1441.0,285,1442.0,425,1438.0
FG409,,13:40:34.250#,1439.0,1450.0,1410.0,1590.0,1300.0,720331,786841,1433.0,1193,1434.0,975,1435.0,1275,1436.0,583,1437.0,107,1438.0,526,1439.0,458,1440.0,621,1441.0,285,1442.0,425,1438.0
FG409,,13:40:34.500#,1439.0,1450.0,1410.0,1590.0,1300.0,720338,786839,1433.0,1193,1434.0,969,1435.0,1270,1436.0,583,1437.0,106,1438.0,523,1439.0,458,1440.0,621,1441.0,285,1442.0,425,1437.0
FG409,,13:40:34.750#,1439.0,1450.0,1410.0,1590.0,1300.0,720359,786839,1433.0,1193,1434.0,969,1435.0,1260,1436.0,583,1437.0,112,1438.0,503,1439.0,458,1440.0,621,1441.0,285,1442.0,425,1438.0
FG409,,13:40:35.0#,1439.0,1450.0,1410.0,1590.0,1300.0,720398,786827,1433.0,1193,1434.0,968,1435.0,1261,1436.0,581,1437.0,84,1438.0,492,1439.0,458,1440.0,621,1441.0,285,1442.0,425,1437.0
FG409,,13:40:35.250#,1439.0,1450.0,1410.0,1590.0,1300.0,720403,786822,1433.0,1193,1434.0,968,1435.0,1260,1436.0,583,1437.0,87,1438.0,489,1439.0,459,1440.0,621,1441.0,285,1442.0,425,1438.0
FG409,,13:40:35.500#,1439.0,1450.0,1410.0,1590.0,1300.0,720518,786835,1433.0,1193,1434.0,965,1435.0,1260,1436.0,591,1437.0,148,1438.0,381,1439.0,460,1440.0,631,1441.0,285,1442.0,425,1438.0
FG409,,13:40:35.750#,1439.0,1450.0,1410.0,1590.0,1300.0,720518,786835,1433.0,1193,1434.0,965,1435.0,1261,1436.0,512,1437.0,332,1438.0,383,1439.0,460,1440.0,631,1441.0,285,1442.0,425,1438.0
FG409,,13:40:36.0#,1439.0,1450.0,1410.0,1590.0,1300.0,720518,786835,1433.0,1193,1434.0,965,1435.0,1261,1436.0,513,1437.0,360,1438.0,386,1439.0,460,1440.0,631,1441.0,285,1442.0,425,1438.0
FG409,,13:40:36.250#,1439.0,1450.0,1410.0,1590.0,1300.0,720518,786835,1433.0,1193,1434.0,964,1435.0,1262,1436.0,513,1437.0,411,1438.0,386,1439.0,460,1440.0,631,1441.0,285,1442.0,425,1438.0
FG409,,13:40:36.500#,1439.0,1450.0,1410.0,1590.0,1300.0,720520,786834,1433.0,1193,1434.0,964,1435.0,1262,1436.0,506,1437.0,425,1438.0,384,1439.0,460,1440.0,631,1441.0,285,1442.0,425,1438.0
FG409,,13:40:36.750#,1439.0,1450.0,1410.0,1590.0,1300.0,720621,786763,1433.0,1193,1434.0,964,1435.0,1262,1436.0,506,1437.0,329,1438.0,389,1439.0,460,1440.0,631,1441.0,285,1442.0,425,1437.0
FG409,,13:40:37.0#,1439.0,1450.0,1410.0,1590.0,1300.0,720637,786759,1433.0,1197,1434.0,963,1435.0,1264,1436.0,506,1437.0,308,1438.0,385,1439.0,460,1440.0,621,1441.0,285,1442.0,425,1438.0
FG409,,13:40:37.250#,1439.0,1450.0,1410.0,1590.0,1300.0,720640,786758,1433.0,1197,1434.0,962,1435.0,1263,1436.0,508,1437.0,309,1438.0,382,1439.0,460,1440.0,621,1441.0,285,1442.0,425,1438.0
FG409,,13:40:37.500#,1439.0,1450.0,1410.0,1590.0,1300.0,720671,786759,1433.0,1196,1434.0,962,1435.0,1265,1436.0,508,1437.0,283,1438.0,382,1439.0,460,1440.0,621,1441.0,285,1442.0,425,1437.0
FG409,,13:40:37.750#,1439.0,1450.0,1410.0,1590.0,1300.0,720672,786758,1433.0,1196,1434.0,960,1435.0,1261,1436.0,509,1437.0,283,1438.0,381,1439.0,460,1440.0,621,1441.0,285,1442.0,423,1438.0
FG409,,13:40:38.0#,1439.0,1450.0,1410.0,1590.0,1300.0,720674,786757,1433.0,1196,1434.0,960,1435.0,1262,1436.0,509,1437.0,290,1438.0,382,1439.0,460,1440.0,621,1441.0,285,1442.0,423,1438.0
FG409,,13:40:38.250#,1439.0,1450.0,1410.0,1590.0,1300.0,720679,786761,1433.0,1196,1434.0,960,1435.0,1262,1436.0,508,1437.0,291,1438.0,377,1439.0,460,1440.0,621,1441.0,285,1442.0,423,1438.0
FG409,,13:40:38.500#,1439.0,1450.0,1410.0,1590.0,1300.0,720679,786761,1433.0,1196,1434.0,960,1435.0,1262,1436.0,508,1437.0,293,1438.0,381,1439.0,460,1440.0,621,1441.0,285,1442.0,423,1438.0
FG409,,13:40:38.750#,1439.0,1450.0,1410.0,1590.0,1300.0,720681,786762,1433.0,1196,1434.0,960,1435.0,1262,1436.0,508,1437.0,292,1438.0,380,1439.0,460,1440.0,621,1441.0,285,1442.0,423,1438.0
FG409,,13:40:39.0#,1439.0,1450.0,1410.0,1590.0,1300.0,720681,786762,1433.0,1196,1434.0,960,1435.0,1261,1436.0,508,1437.0,293,1438.0,380,1439.0,460,1440.0,621,1441.0,285,1442.0,423,1438.0
FG409,,13:40:39.250#,1439.0,1450.0,1410.0,1590.0,1300.0,720682,786763,1433.0,1195,1434.0,960,1435.0,1261,1436.0,513,1437.0,293,1438.0,381,1439.0,460,1440.0,621,1441.0,285,1442.0,423,1438.0
FG409,,13:40:39.500#,1439.0,1450.0,1410.0,1590.0,1300.0,720688,786767,1433.0,1193,1434.0,960,1435.0,1260,1436.0,516,1437.0,310,1438.0,376,1439.0,460,1440.0,621,1441.0,285,1442.0,423,1438.0
FG409,,13:40:39.750#,1439.0,1450.0,1410.0,1590.0,1300.0,720689,786767,1433.0,1193,1434.0,960,1435.0,1260,1436.0,517,1437.0,310,1438.0,376,1439.0,460,1440.0,621,1441.0,285,1442.0,423,1438.0
FG409,,13:40:40.0#,1439.0,1450.0,1410.0,1590.0,1300.0,720692,786770,1433.0,1193,1434.0,960,1435.0,1260,1436.0,517,1437.0,308,1438.0,378,1439.0,460,1440.0,621,1441.0,282,1442.0,423,1438.0
FG409,,13:40:40.250#,1439.0,1450.0,1410.0,1590.0,1300.0,720694,786770,1433.0,1193,1434.0,960,1435.0,1258,1436.0,518,1437.0,309,1438.0,376,1439.0,460,1440.0,620,1441.0,281,1442.0,423,1438.0
FG409,,13:40:40.500#,1439.0,1450.0,1410.0,1590.0,1300.0,720694,786770,1433.0,1194,1434.0,960,1435.0,1267,1436.0,519,1437.0,320,1438.0,377,1439.0,460,1440.0,620,1441.0,275,1442.0,423,1438.0
FG409,,13:40:40.750#,1439.0,1450.0,1410.0,1590.0,1300.0,720696,786770,1433.0,1194,1434.0,960,1435.0,1267,1436.0,520,1437.0,320,1438.0,375,1439.0,461,1440.0,620,1441.0,275,1442.0,423,1438.0
FG409,,13:40:41.0#,1439.0,1450.0,1410.0,1590.0,1300.0,720699,786769,1433.0,1194,1434.0,959,1435.0,1267,1436.0,520,1437.0,318,1438.0,377,1439.0,462,1440.0,620,1441.0,275,1442.0,423,1437.0
FG409,,13:40:41.250#,1439.0,1450.0,1410.0,1590.0,1300.0,720720,786772,1433.0,1194,1434.0,958,1435.0,1272,1436.0,526,1437.0,315,1438.0,364,1439.0,462,1440.0,620,1441.0,275,1442.0,423,1438.0
FG409,,13:40:41.500#,1439.0,1450.0,1410.0,1590.0,1300.0,720724,786772,1433.0,1169,1434.0,958,1435.0,1273,1436.0,526,1437.0,316,1438.0,358,1439.0,462,1440.0,620,1441.0,285,1442.0,423,1438.0
FG409,,13:40:41.750#,1439.0,1450.0,1410.0,1590.0,1300.0,720724,786772,1433.0,1169,1434.0,957,1435.0,1275,1436.0,532,1437.0,317,1438.0,357,1439.0,462,1440.0,620,1441.0,281,1442.0,423,1438.0
FG409,,13:40:42.0#,1439.0,1450.0,1410.0,1590.0,1300.0,720730,786775,1433.0,1169,1434.0,957,1435.0,1275,1436.0,532,1437.0,339,1438.0,452,1439.0,462,1440.0,622,1441.0,281,1442.0,423,1438.0
FG409,,13:40:42.250#,1439.0,1450.0,1410.0,1590.0,1300.0,720737,786774,1433.0,1169,1434.0,957,1435.0,1276,1436.0,528,1437.0,339,1438.0,444,1439.0,462,1440.0,622,1441.0,281,1442.0,423,1438.0
FG409,,13:40:42.500#,1439.0,1450.0,1410.0,1590.0,1300.0,720738,786775,1433.0,1169,1434.0,956,1435.0,1276,1436.0,533,1437.0,346,1438.0,444,1439.0,462,1440.0,622,1441.0,278,1442.0,423,1438.0
FG409,,13:40:43.0#,1439.0,1450.0,1410.0,1590.0,1300.0,720740,786775,1433.0,1169,1434.0,956,1435.0,1276,1436.0,533,1437.0,310,1438.0,442,1439.0,462,1440.0,622,1441.0,278,1442.0,423,1438.0
FG409,,13:40:43.250#,1439.0,1450.0,1410.0,1590.0,1300.0,720760,786795,1433.0,1169,1434.0,956,1435.0,1276,1436.0,530,1437.0,261,1438.0,446,1439.0,461,1440.0,623,1441.0,278,1442.0,423,1437.0
FG409,,13:40:43.500#,1439.0,1450.0,1410.0,1590.0,1300.0,720761,786796,1433.0,1169,1434.0,956,1435.0,1274,1436.0,530,1437.0,234,1438.0,445,1439.0,461,1440.0,624,1441.0,278,1442.0,423,1438.0
FG409,,13:40:43.750#,1439.0,1450.0,1410.0,1590.0,1300.0,720775,786799,1433.0,1169,1434.0,957,1435.0,1275,1436.0,530,1437.0,237,1438.0,434,1439.0,461,1440.0,624,1441.0,278,1442.0,423,1438.0
FG409,,13:40:44.0#,1439.0,1450.0,1410.0,1590.0,1300.0,720775,786799,1433.0,1164,1434.0,956,1435.0,1280,1436.0,530,1437.0,243,1438.0,435,1439.0,461,1440.0,624,1441.0,278,1442.0,423,1438.0
FG409,,13:40:44.250#,1439.0,1450.0,1410.0,1590.0,1300.0,720784,786792,1433.0,1164,1434.0,957,1435.0,1281,1436.0,531,1437.0,244,1438.0,426,1439.0,462,1440.0,624,1441.0,278,1442.0,423,1438.0
FG409,,13:40:44.500#,1439.0,1450.0,1410.0,1590.0,1300.0,720785,786792,1433.0,1164,1434.0,957,1435.0,1281,1436.0,531,1437.0,244,1438.0,425,1439.0,460,1440.0,624,1441.0,278,1442.0,423,1438.0
FG409,,13:40:44.750#,1439.0,1450.0,1410.0,1590.0,1300.0,720785,786792,1433.0,1164,1434.0,957,1435.0,1281,1436.0,531,1437.0,246,1438.0,425,1439.0,461,1440.0,624,1441.0,278,1442.0,423,1438.0
FG409,,13:40:45.0#,1439.0,1450.0,1410.0,1590.0,1300.0,720795,786800,1433.0,1162,1434.0,957,1435.0,1281,1436.0,531,1437.0,246,1438.0,415,1439.0,461,1440.0,624,1441.0,278,1442.0,423,1438.0
FG409,,13:40:45.250#,1439.0,1450.0,1410.0,1590.0,1300.0,720798,786797,1433.0,1162,1434.0,957,1435.0,1281,1436.0,531,1437.0,252,1438.0,412,1439.0,471,1440.0,624,1441.0,278,1442.0,423,1438.0
FG409,,13:40:45.500#,1439.0,1450.0,1410.0,1590.0,1300.0,720802,786795,1433.0,1162,1434.0,957,1435.0,1283,1436.0,531,1437.0,253,1438.0,409,1439.0,471,1440.0,624,1441.0,278,1442.0,423,1438.0
FG409,,13:40:45.750#,1439.0,1450.0,1410.0,1590.0,1300.0,720802,786795,1433.0,1162,1434.0,958,1435.0,1283,1436.0,534,1437.0,254,1438.0,410,1439.0,474,1440.0,624,1441.0,278,1442.0,424,1438.0
FG409,,13:40:46.0#,1439.0,1450.0,1410.0,1590.0,1300.0,720809,786795,1433.0,1162,1434.0,958,1435.0,1278,1436.0,534,1437.0,252,1438.0,411,1439.0,475,1440.0,625,1441.0,278,1442.0,424,1437.0
FG409,,13:40:46.250#,1439.0,1450.0,1410.0,1590.0,1300.0,720861,786795,1433.0,1162,1434.0,958,1435.0,1279,1436.0,535,1437.0,209,1438.0,410,1439.0,475,1440.0,625,1441.0,278,1442.0,425,1437.0
FG409,,13:40:46.500#,1439.0,1450.0,1410.0,1590.0,1300.0,720865,786797,1433.0,1162,1434.0,957,1435.0,1310,1436.0,551,1437.0,192,1438.0,428,1439.0,475,1440.0,625,1441.0,278,1442.0,425,1438.0
FG409,,13:40:46.750#,1439.0,1450.0,1410.0,1590.0,1300.0,720865,786797,1433.0,1163,1434.0,957,1435.0,1322,1436.0,551,1437.0,222,1438.0,417,1439.0,475,1440.0,555,1441.0,278,1442.0,425,1438.0
FG409,,13:40:47.0#,1439.0,1450.0,1410.0,1590.0,1300.0,720865,786797,1433.0,1163,1434.0,957,1435.0,1321,1436.0,551,1437.0,223,1438.0,417,1439.0,475,1440.0,551,1441.0,278,1442.0,495,1438.0
FG409,,13:40:47.250#,1439.0,1450.0,1410.0,1590.0,1300.0,720866,786797,1433.0,1163,1434.0,957,1435.0,1324,1436.0,551,1437.0,223,1438.0,417,1439.0,475,1440.0,551,1441.0,278,1442.0,496,1437.0
FG409,,13:40:47.500#,1439.0,1450.0,1410.0,1590.0,1300.0,720867,786796,1433.0,1163,1434.0,956,1435.0,1324,1436.0,551,1437.0,225,1438.0,420,1439.0,475,1440.0,551,1441.0,278,1442.0,496,1438.0
FG409,,13:40:47.750#,1439.0,1450.0,1410.0,1590.0,1300.0,720868,786796,1433.0,1163,1434.0,956,1435.0,1324,1436.0,551,1437.0,226,1438.0,419,1439.0,475,1440.0,551,1441.0,278,1442.0,496,1438.0
FG409,,13:40:48.0#,1439.0,1450.0,1410.0,1590.0,1300.0,720868,786796,1433.0,1163,1434.0,956,1435.0,1324,1436.0,551,1437.0,225,1438.0,419,1439.0,475,1440.0,551,1441.0,278,1442.0,496,1438.0
FG409,,13:40:48.250#,1439.0,1450.0,1410.0,1590.0,1300.0,720869,786795,1433.0,1168,1434.0,952,1435.0,1323,1436.0,551,1437.0,226,1438.0,421,1439.0,475,1440.0,551,1441.0,278,1442.0,496,1437.0
