InstrumentId,ExchangeId,Datetime,OpenPrice,HighestPrice,LowestPrice,UpperLimitPrice,LowerLimitPrice,Volume,OpenInterest,BidPrice5,BidVolume5,BidPrice4,BidVolume4,BidPrice3,BidVolume3,BidPrice2,BidVolume2,BidPrice1,BidVolume1,AskPrice1,AskVolume1,AskPrice2,AskVolume2,AskPrice3,AskVolume3,AskPrice4,AskVolume4,AskPrice5,AskVolume5,LastPrice
FG411,,13:38:36.0#,1488.0,1492.0,1446.0,1637.0,1339.0,1967,5543,1454.0,2,1455.0,3,1456.0,2,1458.0,6,1459.0,12,1461.0,34,1462.0,2,1463.0,8,1465.0,2,1467.0,4,1460.0
FG411,,13:38:36.250#,1488.0,1492.0,1446.0,1637.0,1339.0,1967,5543,1454.0,2,1455.0,3,1456.0,2,1458.0,6,1459.0,12,1461.0,33,1462.0,2,1463.0,8,1465.0,2,1467.0,4,1460.0
FG411,,13:38:41.750#,1488.0,1492.0,1446.0,1637.0,1339.0,1967,5543,1454.0,2,1455.0,3,1456.0,2,1458.0,6,1459.0,12,1461.0,34,1462.0,2,1463.0,8,1465.0,2,1467.0,4,1460.0
FG411,,13:38:42.250#,1488.0,1492.0,1446.0,1637.0,1339.0,1967,5543,1454.0,2,1455.0,3,1456.0,2,1458.0,6,1459.0,12,1461.0,35,1462.0,2,1463.0,8,1465.0,2,1467.0,4,1460.0
FG411,,13:38:44.250#,1488.0,1492.0,1446.0,1637.0,1339.0,1967,5543,1454.0,2,1455.0,3,1456.0,2,1458.0,6,1459.0,12,1461.0,34,1462.0,2,1463.0,8,1465.0,2,1467.0,4,1460.0
FG411,,13:38:44.500#,1488.0,1492.0,1446.0,1637.0,1339.0,1967,5543,1454.0,2,1455.0,3,1456.0,2,1458.0,6,1459.0,12,1461.0,33,1462.0,2,1463.0,8,1465.0,2,1467.0,4,1460.0
FG411,,13:38:45.250#,1488.0,1492.0,1446.0,1637.0,1339.0,1967,5543,1454.0,2,1455.0,3,1456.0,2,1458.0,6,1459.0,12,1461.0,22,1462.0,2,1463.0,8,1465.0,2,1467.0,4,1460.0
FG411,,13:38:45.500#,1488.0,1492.0,1446.0,1637.0,1339.0,1967,5543,1454.0,2,1455.0,3,1456.0,2,1458.0,6,1459.0,12,1461.0,27,1462.0,2,1463.0,8,1465.0,2,1467.0,4,1460.0
FG411,,13:38:49.500#,1488.0,1492.0,1446.0,1637.0,1339.0,1967,5543,1454.0,2,1455.0,3,1456.0,2,1458.0,6,1459.0,12,1461.0,24,1462.0,2,1463.0,8,1465.0,2,1467.0,4,1460.0
FG411,,13:38:49.750#,1488.0,1492.0,1446.0,1637.0,1339.0,1967,5543,1454.0,2,1455.0,3,1456.0,2,1458.0,6,1459.0,12,1461.0,25,1462.0,2,1463.0,8,1465.0,2,1467.0,4,1460.0
FG411,,13:38:53.0#,1488.0,1492.0,1446.0,1637.0,1339.0,1967,5543,1454.0,2,1455.0,3,1456.0,2,1458.0,6,1459.0,12,1461.0,26,1462.0,2,1463.0,8,1465.0,2,1467.0,4,1460.0
FG411,,13:38:54.500#,1488.0,1492.0,1446.0,1637.0,1339.0,1967,5543,1454.0,2,1455.0,3,1456.0,2,1458.0,6,1459.0,12,1461.0,26,1462.0,2,1463.0,8,1465.0,2,1467.0,3,1460.0
FG411,,13:38:57.0#,1488.0,1492.0,1446.0,1637.0,1339.0,1967,5543,1454.0,2,1456.0,2,1458.0,6,1459.0,1,1460.0,3,1461.0,26,1462.0,2,1463.0,8,1465.0,2,1467.0,3,1460.0
FG411,,13:38:57.500#,1488.0,1492.0,1446.0,1637.0,1339.0,1967,5543,1454.0,2,1456.0,2,1458.0,7,1459.0,1,1460.0,3,1461.0,26,1462.0,2,1463.0,8,1465.0,2,1467.0,3,1460.0
FG411,,13:38:58.0#,1488.0,1492.0,1446.0,1637.0,1339.0,1967,5543,1454.0,2,1456.0,2,1458.0,7,1459.0,1,1460.0,3,1461.0,20,1462.0,2,1463.0,8,1465.0,2,1467.0,3,1460.0
FG411,,13:38:59.500#,1488.0,1492.0,1446.0,1637.0,1339.0,1968,5543,1454.0,2,1456.0,2,1458.0,7,1459.0,1,1460.0,2,1461.0,20,1462.0,2,1463.0,8,1465.0,2,1467.0,3,1460.0
FG411,,13:38:59.750#,1488.0,1492.0,1446.0,1637.0,1339.0,1968,5543,1454.0,2,1456.0,2,1458.0,7,1459.0,1,1460.0,2,1461.0,31,1462.0,2,1463.0,8,1465.0,2,1467.0,3,1460.0
FG411,,13:39:01.250#,1488.0,1492.0,1446.0,1637.0,1339.0,1969,5543,1454.0,2,1456.0,2,1458.0,7,1459.0,1,1460.0,1,1461.0,31,1462.0,2,1463.0,8,1465.0,2,1467.0,3,1460.0
FG411,,13:39:05.0#,1488.0,1492.0,1446.0,1637.0,1339.0,1970,5543,1452.0,2,1454.0,2,1456.0,2,1458.0,7,1459.0,12,1461.0,31,1462.0,2,1463.0,8,1465.0,2,1467.0,3,1460.0
FG411,,13:39:06.250#,1488.0,1492.0,1446.0,1637.0,1339.0,1970,5543,1452.0,2,1454.0,2,1456.0,2,1458.0,7,1459.0,12,1461.0,34,1462.0,2,1463.0,8,1465.0,2,1467.0,3,1460.0
FG411,,13:39:10.250#,1488.0,1492.0,1446.0,1637.0,1339.0,1970,5543,1452.0,2,1454.0,2,1456.0,2,1458.0,7,1459.0,2,1460.0,3,1462.0,2,1463.0,8,1465.0,2,1467.0,3,1460.0
FG411,,13:39:10.500#,1488.0,1492.0,1446.0,1637.0,1339.0,1970,5543,1452.0,2,1454.0,2,1456.0,2,1458.0,1,1459.0,2,1460.0,8,1462.0,2,1463.0,8,1465.0,2,1467.0,3,1460.0
FG411,,13:39:10.750#,1488.0,1492.0,1446.0,1637.0,1339.0,1970,5543,1452.0,2,1454.0,2,1456.0,2,1458.0,1,1459.0,2,1460.0,19,1462.0,2,1463.0,8,1465.0,2,1467.0,3,1460.0
FG411,,13:39:11.750#,1488.0,1492.0,1446.0,1637.0,1339.0,1970,5543,1452.0,2,1454.0,2,1456.0,2,1458.0,1,1459.0,1,1460.0,15,1462.0,2,1463.0,8,1465.0,2,1467.0,3,1460.0
FG411,,13:39:12.0#,1488.0,1492.0,1446.0,1637.0,1339.0,1970,5543,1452.0,2,1454.0,2,1456.0,2,1458.0,1,1459.0,1,1460.0,4,1462.0,2,1463.0,8,1465.0,2,1467.0,3,1460.0
FG411,,13:39:12.500#,1488.0,1492.0,1446.0,1637.0,1339.0,1970,5543,1452.0,2,1454.0,2,1456.0,2,1458.0,1,1459.0,1,1460.0,5,1462.0,2,1463.0,8,1465.0,2,1467.0,3,1460.0
FG411,,13:39:12.750#,1488.0,1492.0,1446.0,1637.0,1339.0,1970,5543,1452.0,2,1454.0,2,1456.0,2,1458.0,1,1459.0,1,1460.0,7,1462.0,2,1463.0,8,1465.0,2,1467.0,3,1460.0
FG411,,13:39:13.500#,1488.0,1492.0,1446.0,1637.0,1339.0,1970,5543,1452.0,2,1454.0,2,1456.0,2,1458.0,1,1459.0,1,1460.0,8,1462.0,2,1463.0,8,1465.0,2,1467.0,3,1460.0
FG411,,13:39:14.0#,1488.0,1492.0,1446.0,1637.0,1339.0,1970,5543,1452.0,2,1454.0,2,1456.0,2,1458.0,1,1459.0,11,1460.0,5,1462.0,2,1463.0,8,1465.0,2,1467.0,3,1460.0
FG411,,13:39:14.250#,1488.0,1492.0,1446.0,1637.0,1339.0,1970,5543,1452.0,2,1454.0,2,1456.0,2,1458.0,7,1459.0,11,1460.0,4,1462.0,2,1463.0,8,1465.0,2,1467.0,3,1460.0
FG411,,13:39:14.500#,1488.0,1492.0,1446.0,1637.0,1339.0,1970,5543,1452.0,2,1454.0,2,1456.0,2,1458.0,7,1459.0,12,1460.0,4,1462.0,2,1463.0,8,1465.0,2,1467.0,3,1460.0
FG411,,13:39:15.500#,1488.0,1492.0,1446.0,1637.0,1339.0,1970,5543,1452.0,2,1454.0,2,1456.0,2,1458.0,7,1459.0,12,1461.0,34,1462.0,2,1463.0,8,1465.0,2,1467.0,3,1460.0
FG411,,13:39:15.750#,1488.0,1492.0,1446.0,1637.0,1339.0,1970,5543,1452.0,2,1454.0,2,1456.0,2,1458.0,6,1459.0,12,1461.0,34,1462.0,2,1463.0,8,1465.0,2,1467.0,3,1460.0
FG411,,13:39:19.0#,1488.0,1492.0,1446.0,1637.0,1339.0,1970,5543,1452.0,2,1454.0,2,1456.0,2,1458.0,6,1459.0,12,1460.0,2,1462.0,2,1463.0,8,1465.0,2,1467.0,3,1460.0
FG411,,13:39:20.0#,1488.0,1492.0,1446.0,1637.0,1339.0,1970,5543,1452.0,2,1454.0,2,1456.0,2,1458.0,6,1459.0,12,1460.0,3,1462.0,2,1463.0,8,1465.0,2,1467.0,3,1460.0
FG411,,13:39:20.500#,1488.0,1492.0,1446.0,1637.0,1339.0,1971,5543,1452.0,2,1454.0,2,1456.0,2,1458.0,6,1459.0,12,1460.0,2,1462.0,2,1463.0,8,1465.0,2,1467.0,3,1460.0
FG411,,13:39:21.250#,1488.0,1492.0,1446.0,1637.0,1339.0,1971,5543,1452.0,2,1454.0,2,1456.0,2,1458.0,6,1459.0,12,1460.0,2,1463.0,8,1465.0,2,1467.0,3,1469.0,2,1460.0
FG411,,13:39:22.0#,1488.0,1492.0,1446.0,1637.0,1339.0,1971,5543,1452.0,2,1454.0,2,1456.0,2,1458.0,6,1459.0,2,1460.0,2,1463.0,8,1465.0,2,1467.0,3,1469.0,2,1460.0
FG411,,13:39:22.250#,1488.0,1492.0,1446.0,1637.0,1339.0,1971,5543,1451.0,3,1452.0,2,1454.0,2,1456.0,2,1459.0,1,1460.0,4,1463.0,8,1465.0,2,1467.0,3,1469.0,2,1460.0
FG411,,13:39:22.500#,1488.0,1492.0,1446.0,1637.0,1339.0,1971,5543,1451.0,3,1452.0,2,1454.0,2,1456.0,2,1459.0,1,1460.0,6,1463.0,8,1465.0,2,1467.0,3,1469.0,2,1460.0
FG411,,13:39:23.500#,1488.0,1492.0,1446.0,1637.0,1339.0,1971,5543,1451.0,3,1452.0,2,1454.0,2,1456.0,5,1459.0,1,1460.0,6,1463.0,8,1465.0,2,1467.0,3,1469.0,2,1460.0
FG411,,13:39:23.750#,1488.0,1492.0,1446.0,1637.0,1339.0,1971,5543,1451.0,3,1452.0,2,1454.0,2,1456.0,5,1459.0,1,1460.0,5,1463.0,8,1465.0,2,1467.0,3,1469.0,2,1460.0
FG411,,13:39:27.750#,1488.0,1492.0,1446.0,1637.0,1339.0,1971,5543,1451.0,3,1452.0,2,1454.0,2,1456.0,5,1459.0,11,1460.0,1,1463.0,8,1465.0,2,1467.0,3,1469.0,2,1460.0
FG411,,13:39:28.0#,1488.0,1492.0,1446.0,1637.0,1339.0,1971,5543,1452.0,2,1454.0,2,1456.0,5,1458.0,6,1459.0,12,1461.0,36,1463.0,8,1465.0,2,1467.0,3,1469.0,2,1460.0
FG411,,13:39:29.250#,1488.0,1492.0,1446.0,1637.0,1339.0,1971,5543,1452.0,2,1454.0,2,1456.0,5,1458.0,6,1459.0,12,1461.0,26,1463.0,8,1465.0,2,1467.0,3,1469.0,2,1460.0
FG411,,13:39:30.250#,1488.0,1492.0,1446.0,1637.0,1339.0,1971,5543,1452.0,2,1454.0,2,1456.0,5,1458.0,6,1459.0,12,1461.0,27,1463.0,8,1465.0,2,1467.0,3,1469.0,2,1460.0
FG411,,13:39:30.500#,1488.0,1492.0,1446.0,1637.0,1339.0,1971,5543,1452.0,2,1454.0,2,1456.0,5,1458.0,6,1459.0,12,1461.0,36,1463.0,8,1465.0,2,1467.0,3,1469.0,2,1460.0
FG411,,13:39:33.750#,1488.0,1492.0,1446.0,1637.0,1339.0,1971,5543,1452.0,2,1454.0,2,1456.0,2,1458.0,6,1459.0,12,1461.0,36,1463.0,8,1465.0,2,1467.0,3,1469.0,2,1460.0
FG411,,13:39:37.750#,1488.0,1492.0,1446.0,1637.0,1339.0,1971,5543,1453.0,3,1454.0,2,1456.0,2,1458.0,6,1459.0,12,1461.0,36,1463.0,8,1465.0,2,1467.0,3,1469.0,2,1460.0
FG411,,13:39:39.250#,1488.0,1492.0,1446.0,1637.0,1339.0,1971,5543,1453.0,3,1454.0,2,1456.0,2,1458.0,6,1459.0,12,1461.0,28,1463.0,8,1465.0,2,1467.0,3,1469.0,2,1460.0
FG411,,13:39:39.750#,1488.0,1492.0,1446.0,1637.0,1339.0,1971,5543,1453.0,3,1454.0,2,1456.0,2,1458.0,6,1459.0,12,1461.0,26,1463.0,8,1465.0,2,1467.0,3,1469.0,2,1460.0
FG411,,13:39:40.0#,1488.0,1492.0,1446.0,1637.0,1339.0,1971,5543,1453.0,3,1454.0,2,1456.0,2,1458.0,6,1459.0,12,1461.0,27,1463.0,8,1465.0,2,1467.0,3,1469.0,2,1460.0
FG411,,13:39:44.750#,1488.0,1492.0,1446.0,1637.0,1339.0,1971,5543,1453.0,3,1454.0,2,1456.0,2,1458.0,6,1459.0,12,1461.0,17,1463.0,8,1465.0,2,1467.0,3,1469.0,2,1460.0
FG411,,13:39:45.500#,1488.0,1492.0,1446.0,1637.0,1339.0,1971,5543,1453.0,3,1454.0,2,1456.0,2,1458.0,6,1459.0,12,1461.0,20,1463.0,8,1465.0,2,1467.0,3,1469.0,2,1460.0
FG411,,13:39:45.750#,1488.0,1492.0,1446.0,1637.0,1339.0,1971,5543,1453.0,3,1454.0,2,1456.0,2,1458.0,6,1459.0,12,1461.0,17,1463.0,8,1465.0,2,1467.0,3,1469.0,2,1460.0
FG411,,13:39:46.250#,1488.0,1492.0,1446.0,1637.0,1339.0,1971,5543,1453.0,3,1454.0,2,1456.0,2,1458.0,6,1459.0,12,1461.0,14,1463.0,8,1465.0,2,1467.0,3,1469.0,2,1460.0
FG411,,13:39:58.500#,1488.0,1492.0,1446.0,1637.0,1339.0,1971,5543,1453.0,3,1454.0,2,1456.0,2,1458.0,6,1459.0,12,1461.0,13,1463.0,8,1465.0,2,1467.0,3,1469.0,2,1460.0
FG411,,13:40:01.250#,1488.0,1492.0,1446.0,1637.0,1339.0,1971,5543,1453.0,3,1454.0,2,1456.0,2,1458.0,6,1459.0,12,1461.0,17,1463.0,8,1465.0,2,1467.0,3,1469.0,2,1460.0
FG411,,13:40:02.250#,1488.0,1492.0,1446.0,1637.0,1339.0,1971,5543,1453.0,3,1454.0,2,1456.0,2,1458.0,6,1459.0,12,1461.0,18,1463.0,8,1465.0,2,1467.0,3,1469.0,2,1460.0
FG411,,13:40:04.250#,1488.0,1492.0,1446.0,1637.0,1339.0,1971,5543,1453.0,3,1454.0,2,1456.0,2,1458.0,6,1459.0,12,1461.0,16,1463.0,8,1465.0,2,1467.0,3,1469.0,2,1460.0
FG411,,13:40:06.250#,1488.0,1492.0,1446.0,1637.0,1339.0,1971,5543,1453.0,3,1454.0,2,1456.0,2,1458.0,6,1459.0,12,1461.0,12,1463.0,8,1465.0,2,1467.0,3,1469.0,2,1460.0
FG411,,13:40:08.250#,1488.0,1492.0,1446.0,1637.0,1339.0,1971,5543,1453.0,3,1454.0,2,1456.0,2,1458.0,6,1459.0,12,1461.0,10,1463.0,8,1465.0,2,1467.0,3,1469.0,2,1460.0
FG411,,13:40:15.500#,1488.0,1492.0,1446.0,1637.0,1339.0,1971,5543,1453.0,4,1454.0,2,1456.0,2,1458.0,6,1459.0,12,1461.0,10,1463.0,8,1465.0,2,1467.0,3,1469.0,2,1460.0
FG411,,13:40:17.0#,1488.0,1492.0,1446.0,1637.0,1339.0,1971,5543,1454.0,2,1456.0,2,1458.0,6,1459.0,1,1460.0,10,1462.0,36,1463.0,8,1465.0,2,1467.0,3,1469.0,2,1460.0
FG411,,13:40:17.250#,1488.0,1492.0,1446.0,1637.0,1339.0,1971,5543,1454.0,2,1456.0,2,1458.0,7,1459.0,1,1460.0,11,1462.0,36,1463.0,8,1465.0,2,1467.0,3,1469.0,2,1460.0
FG411,,13:40:27.250#,1488.0,1492.0,1446.0,1637.0,1339.0,1971,5543,1454.0,2,1456.0,2,1458.0,7,1459.0,1,1460.0,11,1462.0,36,1463.0,7,1465.0,2,1467.0,3,1469.0,2,1460.0
FG411,,13:40:31.250#,1488.0,1492.0,1446.0,1637.0,1339.0,1971,5543,1454.0,2,1456.0,2,1458.0,7,1459.0,1,1461.0,10,1462.0,36,1463.0,7,1465.0,2,1467.0,3,1469.0,2,1460.0
FG411,,13:40:31.500#,1488.0,1492.0,1446.0,1637.0,1339.0,1971,5543,1454.0,2,1456.0,2,1458.0,7,1459.0,1,1461.0,11,1462.0,36,1463.0,1,1465.0,2,1467.0,3,1469.0,2,1460.0
FG411,,13:40:33.0#,1488.0,1492.0,1446.0,1637.0,1339.0,1971,5543,1454.0,2,1456.0,2,1458.0,7,1459.0,1,1461.0,11,1462.0,9,1463.0,1,1465.0,2,1467.0,3,1469.0,2,1460.0
FG411,,13:40:33.250#,1488.0,1492.0,1446.0,1637.0,1339.0,1971,5543,1454.0,2,1456.0,2,1458.0,7,1459.0,1,1461.0,11,1463.0,37,1465.0,2,1467.0,3,1469.0,2,1470.0,3,1460.0
FG411,,13:40:33.500#,1488.0,1492.0,1446.0,1637.0,1339.0,1971,5543,1454.0,2,1456.0,2,1458.0,1,1459.0,1,1461.0,11,1463.0,37,1465.0,8,1467.0,3,1469.0,2,1470.0,3,1460.0
FG411,,13:40:33.750#,1488.0,1492.0,1446.0,1637.0,1339.0,1971,5543,1456.0,2,1458.0,1,1459.0,1,1460.0,6,1461.0,11,1463.0,37,1465.0,8,1467.0,3,1469.0,2,1470.0,3,1460.0
FG411,,13:40:35.0#,1488.0,1492.0,1446.0,1637.0,1339.0,1971,5543,1456.0,2,1458.0,1,1459.0,1,1460.0,6,1461.0,12,1463.0,37,1465.0,8,1467.0,3,1469.0,2,1470.0,3,1460.0
FG411,,13:40:44.250#,1488.0,1492.0,1446.0,1637.0,1339.0,1971,5543,1456.0,2,1458.0,1,1459.0,1,1460.0,6,1461.0,12,1463.0,37,1465.0,8,1467.0,3,1469.0,2,1470.0,3,1460.0
FG411,,13:40:46.500#,1488.0,1492.0,1446.0,1637.0,1339.0,1971,5543,1456.0,2,1458.0,1,1459.0,1,1460.0,6,1461.0,12,1462.0,11,1463.0,1,1465.0,8,1467.0,3,1469.0,2,1460.0
FG411,,13:40:46.750#,1488.0,1492.0,1446.0,1637.0,1339.0,1971,5543,1456.0,2,1458.0,1,1459.0,1,1460.0,6,1461.0,12,1463.0,37,1465.0,8,1467.0,3,1469.0,2,1470.0,3,1460.0
FG411,,13:40:49.750#,1488.0,1492.0,1446.0,1637.0,1339.0,1971,5543,1456.0,2,1458.0,1,1459.0,1,1460.0,6,1461.0,12,1462.0,2,1463.0,1,1465.0,8,1467.0,3,1469.0,2,1460.0
FG411,,13:40:50.0#,1488.0,1492.0,1446.0,1637.0,1339.0,1971,5543,1456.0,2,1458.0,1,1459.0,1,1460.0,6,1461.0,12,1462.0,4,1463.0,1,1465.0,8,1467.0,3,1469.0,2,1460.0
FG411,,13:40:50.500#,1488.0,1492.0,1446.0,1637.0,1339.0,1971,5543,1456.0,2,1458.0,1,1459.0,1,1460.0,6,1461.0,12,1462.0,3,1463.0,1,1465.0,8,1467.0,3,1469.0,2,1460.0
FG411,,13:40:50.750#,1488.0,1492.0,1446.0,1637.0,1339.0,1971,5543,1456.0,2,1458.0,1,1459.0,1,1460.0,6,1461.0,12,1462.0,2,1463.0,1,1465.0,8,1467.0,3,1469.0,2,1460.0
FG411,,13:40:51.0#,1488.0,1492.0,1446.0,1637.0,1339.0,1971,5543,1456.0,2,1458.0,1,1459.0,1,1460.0,6,1461.0,12,1463.0,37,1465.0,8,1467.0,3,1469.0,2,1470.0,3,1460.0
FG411,,13:40:52.0#,1488.0,1492.0,1446.0,1637.0,1339.0,1971,5543,1456.0,2,1458.0,1,1459.0,1,1460.0,6,1461.0,12,1462.0,1,1463.0,1,1465.0,8,1467.0,3,1469.0,2,1460.0
FG411,,13:40:52.250#,1488.0,1492.0,1446.0,1637.0,1339.0,1971,5543,1456.0,2,1458.0,1,1459.0,1,1460.0,6,1461.0,12,1462.0,2,1463.0,1,1465.0,8,1467.0,3,1469.0,2,1460.0
FG411,,13:40:52.500#,1488.0,1492.0,1446.0,1637.0,1339.0,1971,5543,1456.0,2,1458.0,1,1459.0,1,1460.0,6,1461.0,12,1462.0,3,1463.0,1,1465.0,8,1467.0,3,1469.0,2,1460.0
FG411,,13:40:52.750#,1488.0,1492.0,1446.0,1637.0,1339.0,1971,5543,1456.0,2,1458.0,1,1459.0,1,1460.0,6,1461.0,12,1463.0,37,1465.0,8,1467.0,3,1469.0,2,1470.0,3,1460.0
FG411,,13:40:53.750#,1488.0,1492.0,1446.0,1637.0,1339.0,1971,5543,1456.0,2,1458.0,1,1459.0,1,1460.0,6,1461.0,12,1462.0,3,1463.0,1,1465.0,8,1467.0,3,1469.0,2,1460.0
FG411,,13:40:54.0#,1488.0,1492.0,1446.0,1637.0,1339.0,1971,5543,1456.0,2,1458.0,1,1459.0,1,1460.0,6,1461.0,12,1462.0,1,1463.0,1,1465.0,8,1467.0,3,1469.0,2,1460.0
FG411,,13:40:54.500#,1488.0,1492.0,1446.0,1637.0,1339.0,1971,5543,1456.0,2,1458.0,1,1459.0,1,1460.0,6,1461.0,12,1463.0,37,1465.0,8,1467.0,3,1469.0,2,1470.0,3,1460.0
FG411,,13:41:02.250#,1488.0,1492.0,1446.0,1637.0,1339.0,1971,5543,1456.0,2,1458.0,1,1459.0,1,1460.0,6,1461.0,2,1463.0,37,1465.0,8,1467.0,3,1469.0,2,1470.0,3,1460.0
FG411,,13:41:02.500#,1488.0,1492.0,1446.0,1637.0,1339.0,1971,5543,1454.0,2,1456.0,2,1458.0,1,1459.0,1,1461.0,1,1462.0,20,1463.0,3,1465.0,2,1467.0,3,1469.0,2,1460.0
FG411,,13:41:02.750#,1488.0,1492.0,1446.0,1637.0,1339.0,1971,5543,1454.0,2,1456.0,2,1458.0,1,1459.0,1,1461.0,1,1462.0,34,1463.0,9,1465.0,2,1467.0,3,1469.0,2,1460.0
FG411,,13:41:06.500#,1488.0,1492.0,1446.0,1637.0,1339.0,1971,5543,1454.0,2,1456.0,2,1458.0,1,1459.0,1,1461.0,1,1462.0,33,1463.0,9,1465.0,2,1467.0,3,1469.0,2,1460.0
FG411,,13:41:08.500#,1488.0,1492.0,1446.0,1637.0,1339.0,1971,5543,1454.0,2,1456.0,2,1458.0,1,1459.0,1,1461.0,1,1462.0,33,1463.0,9,1465.0,2,1467.0,3,1469.0,2,1460.0
FG411,,13:41:09.0#,1488.0,1492.0,1446.0,1637.0,1339.0,1971,5543,1454.0,2,1456.0,2,1458.0,1,1459.0,1,1461.0,1,1462.0,35,1463.0,9,1465.0,2,1467.0,3,1469.0,2,1460.0
FG411,,13:41:11.750#,1488.0,1492.0,1446.0,1637.0,1339.0,1971,5543,1454.0,2,1456.0,2,1458.0,1,1459.0,1,1460.0,11,1462.0,36,1463.0,9,1465.0,2,1467.0,3,1469.0,2,1460.0
FG411,,13:41:12.0#,1488.0,1492.0,1446.0,1637.0,1339.0,1971,5543,1454.0,2,1456.0,2,1458.0,1,1459.0,7,1460.0,12,1462.0,36,1463.0,9,1465.0,2,1467.0,3,1469.0,2,1460.0
FG411,,13:41:25.0#,1488.0,1492.0,1446.0,1637.0,1339.0,1971,5543,1454.0,2,1456.0,2,1458.0,1,1459.0,7,1460.0,12,1462.0,33,1463.0,9,1465.0,2,1467.0,3,1469.0,2,1460.0
FG411,,13:41:25.250#,1488.0,1492.0,1446.0,1637.0,1339.0,1971,5543,1454.0,2,1456.0,2,1458.0,1,1459.0,7,1460.0,12,1462.0,30,1463.0,9,1465.0,2,1467.0,3,1469.0,2,1460.0
FG411,,13:41:25.750#,1488.0,1492.0,1446.0,1637.0,1339.0,1971,5543,1454.0,2,1456.0,2,1458.0,1,1459.0,7,1460.0,12,1462.0,25,1463.0,9,1465.0,2,1467.0,3,1469.0,2,1460.0
FG411,,13:41:26.0#,1488.0,1492.0,1446.0,1637.0,1339.0,1971,5543,1454.0,2,1456.0,2,1458.0,1,1459.0,7,1460.0,12,1462.0,21,1463.0,9,1465.0,2,1467.0,3,1469.0,2,1460.0
FG411,,13:41:26.250#,1488.0,1492.0,1446.0,1637.0,1339.0,1971,5543,1454.0,2,1456.0,2,1458.0,1,1459.0,7,1460.0,12,1462.0,18,1463.0,9,1465.0,2,1467.0,3,1469.0,2,1460.0
FG411,,13:41:28.500#,1488.0,1492.0,1446.0,1637.0,1339.0,1971,5543,1454.0,2,1456.0,2,1458.0,1,1459.0,7,1460.0,12,1462.0,19,1463.0,9,1465.0,2,1467.0,3,1469.0,2,1460.0
FG411,,13:41:31.500#,1488.0,1492.0,1446.0,1637.0,1339.0,1971,5543,1454.0,2,1456.0,2,1458.0,1,1459.0,7,1460.0,12,1462.0,26,1463.0,9,1465.0,2,1467.0,3,1469.0,2,1460.0
FG411,,13:41:31.750#,1488.0,1492.0,1446.0,1637.0,1339.0,1971,5543,1454.0,2,1456.0,2,1458.0,1,1459.0,7,1460.0,12,1462.0,29,1463.0,9,1465.0,2,1467.0,3,1469.0,2,1460.0
FG411,,13:41:32.500#,1488.0,1492.0,1446.0,1637.0,1339.0,1971,5543,1454.0,2,1456.0,2,1458.0,1,1459.0,7,1460.0,13,1462.0,29,1463.0,9,1465.0,2,1467.0,3,1469.0,2,1460.0
FG411,,13:41:33.500#,1488.0,1492.0,1446.0,1637.0,1339.0,1971,5543,1454.0,2,1456.0,2,1458.0,1,1459.0,7,1460.0,13,1462.0,28,1463.0,9,1465.0,2,1467.0,3,1469.0,2,1460.0
FG411,,13:41:36.0#,1488.0,1492.0,1446.0,1637.0,1339.0,1971,5543,1454.0,2,1456.0,2,1458.0,1,1459.0,7,1460.0,13,1462.0,27,1463.0,9,1465.0,2,1467.0,3,1469.0,2,1460.0
FG411,,13:41:55.250#,1488.0,1492.0,1446.0,1637.0,1339.0,1971,5543,1454.0,2,1456.0,2,1458.0,1,1459.0,7,1460.0,13,1462.0,29,1463.0,9,1465.0,2,1467.0,3,1469.0,2,1460.0
FG411,,13:42:01.750#,1488.0,1492.0,1446.0,1637.0,1339.0,1971,5543,1454.0,2,1456.0,2,1458.0,1,1459.0,7,1460.0,13,1462.0,27,1463.0,9,1465.0,2,1467.0,3,1469.0,2,1460.0
FG411,,13:42:05.250#,1488.0,1492.0,1446.0,1637.0,1339.0,1971,5543,1454.0,2,1456.0,2,1458.0,1,1459.0,7,1460.0,13,1462.0,24,1463.0,9,1465.0,2,1467.0,3,1469.0,2,1460.0
FG411,,13:42:05.500#,1488.0,1492.0,1446.0,1637.0,1339.0,1971,5543,1454.0,2,1456.0,2,1458.0,1,1459.0,7,1460.0,13,1462.0,27,1463.0,9,1465.0,2,1467.0,3,1469.0,2,1460.0
FG411,,13:42:10.0#,1488.0,1492.0,1446.0,1637.0,1339.0,1971,5543,1454.0,2,1456.0,2,1458.0,1,1459.0,7,1460.0,13,1462.0,36,1463.0,9,1465.0,2,1467.0,3,1469.0,2,1460.0
FG411,,13:42:14.250#,1488.0,1492.0,1446.0,1637.0,1339.0,1971,5543,1454.0,2,1456.0,2,1458.0,1,1459.0,7,1460.0,13,1461.0,16,1463.0,9,1465.0,2,1467.0,3,1469.0,2,1460.0
FG411,,13:42:17.750#,1488.0,1492.0,1446.0,1637.0,1339.0,1971,5543,1453.0,3,1454.0,2,1456.0,2,1458.0,1,1459.0,12,1461.0,36,1463.0,10,1465.0,2,1467.0,3,1469.0,2,1460.0
FG411,,13:42:19.250#,1488.0,1492.0,1446.0,1637.0,1339.0,1971,5543,1453.0,3,1454.0,2,1456.0,2,1458.0,7,1459.0,14,1461.0,27,1463.0,10,1465.0,2,1467.0,3,1469.0,2,1460.0
FG411,,13:42:20.0#,1488.0,1492.0,1446.0,1637.0,1339.0,1971,5543,1453.0,3,1454.0,2,1456.0,2,1458.0,7,1459.0,14,1461.0,21,1463.0,10,1465.0,2,1467.0,3,1469.0,2,1460.0
FG411,,13:42:21.250#,1488.0,1492.0,1446.0,1637.0,1339.0,1971,5543,1453.0,3,1454.0,2,1456.0,2,1458.0,7,1459.0,14,1461.0,5,1463.0,10,1465.0,2,1467.0,3,1469.0,2,1460.0
FG411,,13:42:21.500#,1488.0,1492.0,1446.0,1637.0,1339.0,1971,5543,1453.0,3,1454.0,2,1456.0,2,1458.0,7,1459.0,14,1461.0,2,1463.0,10,1465.0,2,1467.0,3,1469.0,2,1460.0
FG411,,13:42:22.0#,1488.0,1492.0,1446.0,1637.0,1339.0,1971,5543,1453.0,3,1454.0,2,1456.0,2,1458.0,7,1459.0,15,1461.0,1,1463.0,10,1465.0,2,1467.0,3,1469.0,2,1460.0
FG411,,13:42:22.250#,1488.0,1492.0,1446.0,1637.0,1339.0,1971,5543,1453.0,3,1454.0,2,1456.0,2,1458.0,7,1459.0,15,1461.0,2,1463.0,10,1465.0,2,1467.0,3,1469.0,2,1460.0
FG411,,13:42:23.750#,1488.0,1492.0,1446.0,1637.0,1339.0,1971,5543,1453.0,3,1454.0,2,1456.0,2,1458.0,7,1459.0,15,1461.0,3,1463.0,10,1465.0,2,1467.0,3,1469.0,2,1460.0
FG411,,13:42:24.750#,1488.0,1492.0,1446.0,1637.0,1339.0,1971,5543,1453.0,3,1454.0,2,1456.0,2,1458.0,7,1459.0,15,1461.0,8,1463.0,10,1465.0,2,1467.0,3,1469.0,2,1460.0
FG411,,13:42:32.250#,1488.0,1492.0,1446.0,1637.0,1339.0,1971,5543,1454.0,2,1456.0,2,1458.0,6,1459.0,3,1460.0,10,1462.0,36,1463.0,10,1465.0,2,1467.0,3,1469.0,2,1460.0
FG411,,13:42:32.500#,1488.0,1492.0,1446.0,1637.0,1339.0,1971,5543,1454.0,2,1456.0,2,1458.0,7,1459.0,2,1460.0,13,1462.0,36,1463.0,8,1465.0,2,1467.0,3,1469.0,2,1460.0
FG411,,13:42:32.750#,1488.0,1492.0,1446.0,1637.0,1339.0,1971,5543,1454.0,2,1456.0,2,1458.0,7,1459.0,2,1460.0,13,1462.0,31,1463.0,8,1465.0,2,1467.0,3,1469.0,2,1460.0
FG411,,13:42:34.750#,1488.0,1492.0,1446.0,1637.0,1339.0,1971,5543,1454.0,2,1456.0,2,1458.0,7,1459.0,2,1460.0,13,1462.0,36,1463.0,8,1465.0,2,1467.0,3,1469.0,2,1460.0
FG411,,13:42:42.750#,1488.0,1492.0,1446.0,1637.0,1339.0,1971,5543,1454.0,2,1456.0,2,1458.0,7,1459.0,2,1460.0,13,1462.0,36,1463.0,7,1465.0,2,1467.0,3,1469.0,2,1460.0
FG411,,13:42:49.0#,1488.0,1492.0,1446.0,1637.0,1339.0,1971,5543,1456.0,2,1458.0,7,1459.0,2,1460.0,1,1461.0,10,1462.0,14,1463.0,7,1465.0,2,1467.0,3,1469.0,2,1460.0
FG411,,13:42:49.250#,1488.0,1492.0,1446.0,1637.0,1339.0,1971,5543,1454.0,2,1456.0,2,1458.0,7,1459.0,2,1461.0,12,1463.0,37,1465.0,2,1467.0,3,1469.0,2,1470.0,3,1460.0
FG411,,13:42:49.500#,1488.0,1492.0,1446.0,1637.0,1339.0,1971,5543,1454.0,2,1456.0,2,1458.0,1,1459.0,2,1461.0,13,1463.0,37,1465.0,8,1467.0,3,1469.0,2,1470.0,3,1460.0
FG411,,13:42:49.750#,1488.0,1492.0,1446.0,1637.0,1339.0,1971,5543,1456.0,2,1458.0,1,1459.0,2,1460.0,6,1461.0,13,1463.0,37,1465.0,8,1467.0,3,1469.0,2,1470.0,3,1460.0
FG411,,13:42:50.0#,1488.0,1492.0,1446.0,1637.0,1339.0,1971,5543,1456.0,2,1458.0,1,1459.0,2,1460.0,6,1461.0,13,1462.0,20,1463.0,1,1465.0,8,1467.0,3,1469.0,2,1460.0
FG411,,13:42:50.250#,1488.0,1492.0,1446.0,1637.0,1339.0,1971,5543,1456.0,2,1458.0,1,1459.0,2,1460.0,6,1461.0,12,1462.0,24,1463.0,1,1465.0,8,1467.0,3,1469.0,2,1460.0
FG411,,13:42:50.500#,1488.0,1492.0,1446.0,1637.0,1339.0,1971,5543,1456.0,2,1458.0,1,1459.0,2,1460.0,6,1461.0,2,1462.0,27,1463.0,1,1465.0,8,1467.0,3,1469.0,2,1460.0
FG411,,13:42:50.750#,1488.0,1492.0,1446.0,1637.0,1339.0,1971,5543,1454.0,2,1456.0,2,1458.0,1,1459.0,2,1460.0,11,1462.0,36,1463.0,1,1465.0,8,1467.0,3,1469.0,2,1460.0
FG411,,13:42:51.0#,1488.0,1492.0,1446.0,1637.0,1339.0,1971,5543,1454.0,2,1456.0,2,1458.0,1,1459.0,8,1460.0,13,1462.0,36,1463.0,1,1465.0,2,1467.0,3,1469.0,2,1460.0
FG411,,13:42:51.250#,1488.0,1492.0,1446.0,1637.0,1339.0,1971,5543,1454.0,2,1456.0,2,1458.0,1,1459.0,8,1460.0,13,1462.0,36,1463.0,1,1464.0,6,1465.0,2,1467.0,3,1460.0
FG411,,13:42:55.500#,1488.0,1492.0,1446.0,1637.0,1339.0,1971,5543,1454.0,2,1456.0,2,1458.0,1,1459.0,8,1460.0,13,1462.0,36,1463.0,1,1464.0,6,1465.0,3,1467.0,3,1460.0
FG411,,13:43:02.750#,1488.0,1492.0,1446.0,1637.0,1339.0,1971,5543,1454.0,2,1456.0,2,1458.0,1,1459.0,8,1460.0,13,1462.0,36,1463.0,1,1464.0,6,1465.0,3,1467.0,3,1460.0
FG411,,13:43:24.750#,1488.0,1492.0,1446.0,1637.0,1339.0,1971,5543,1454.0,2,1456.0,2,1458.0,1,1459.0,8,1460.0,13,1462.0,34,1463.0,1,1464.0,6,1465.0,3,1467.0,3,1460.0
FG411,,13:43:25.250#,1488.0,1492.0,1446.0,1637.0,1339.0,1971,5543,1454.0,2,1456.0,2,1458.0,1,1459.0,8,1460.0,13,1463.0,37,1464.0,6,1465.0,3,1467.0,3,1469.0,2,1460.0
FG411,,13:43:25.750#,1488.0,1492.0,1446.0,1637.0,1339.0,1971,5543,1454.0,2,1456.0,2,1458.0,1,1459.0,8,1460.0,16,1463.0,37,1464.0,6,1465.0,3,1467.0,3,1469.0,2,1460.0
FG411,,13:43:26.0#,1488.0,1492.0,1446.0,1637.0,1339.0,1971,5543,1456.0,2,1458.0,1,1459.0,8,1460.0,1,1461.0,10,1463.0,37,1464.0,6,1465.0,3,1467.0,3,1469.0,2,1460.0
FG411,,13:43:26.250#,1488.0,1492.0,1446.0,1637.0,1339.0,1971,5543,1454.0,2,1456.0,2,1458.0,1,1459.0,8,1461.0,11,1463.0,37,1464.0,6,1465.0,3,1467.0,3,1469.0,2,1460.0
FG411,,13:43:28.500#,1488.0,1492.0,1446.0,1637.0,1339.0,1971,5543,1454.0,2,1456.0,2,1458.0,1,1459.0,8,1461.0,7,1463.0,37,1464.0,6,1465.0,3,1467.0,3,1469.0,2,1460.0
FG411,,13:43:28.750#,1488.0,1492.0,1446.0,1637.0,1339.0,1971,5543,1454.0,2,1456.0,2,1458.0,1,1459.0,8,1461.0,5,1463.0,37,1464.0,6,1465.0,3,1467.0,3,1469.0,2,1460.0
FG411,,13:43:29.0#,1488.0,1492.0,1446.0,1637.0,1339.0,1971,5543,1454.0,2,1456.0,2,1458.0,1,1459.0,8,1461.0,8,1463.0,37,1464.0,6,1465.0,3,1467.0,3,1469.0,2,1460.0
FG411,,13:43:29.750#,1488.0,1492.0,1446.0,1637.0,1339.0,1971,5543,1454.0,2,1456.0,2,1458.0,1,1459.0,8,1461.0,1,1462.0,2,1463.0,1,1464.0,6,1465.0,3,1467.0,3,1460.0
FG411,,13:43:30.0#,1488.0,1492.0,1446.0,1637.0,1339.0,1971,5543,1454.0,2,1456.0,2,1458.0,1,1459.0,8,1460.0,12,1462.0,4,1463.0,1,1464.0,6,1465.0,3,1467.0,3,1460.0
FG411,,13:43:30.250#,1488.0,1492.0,1446.0,1637.0,1339.0,1971,5543,1454.0,2,1456.0,2,1458.0,1,1459.0,8,1460.0,13,1462.0,6,1463.0,1,1464.0,6,1465.0,3,1467.0,3,1460.0
FG411,,13:43:30.500#,1488.0,1492.0,1446.0,1637.0,1339.0,1971,5543,1454.0,2,1456.0,2,1458.0,1,1459.0,8,1460.0,13,1462.0,9,1463.0,1,1464.0,6,1465.0,3,1467.0,3,1460.0
FG411,,13:43:30.750#,1488.0,1492.0,1446.0,1637.0,1339.0,1971,5543,1454.0,2,1456.0,2,1458.0,1,1459.0,8,1460.0,13,1462.0,14,1463.0,1,1464.0,6,1465.0,3,1467.0,3,1460.0
FG411,,13:43:31.0#,1488.0,1492.0,1446.0,1637.0,1339.0,1971,5543,1454.0,2,1456.0,2,1458.0,1,1459.0,8,1460.0,13,1462.0,15,1463.0,1,1464.0,6,1465.0,3,1467.0,3,1460.0
FG411,,13:43:36.250#,1488.0,1492.0,1446.0,1637.0,1339.0,1971,5543,1454.0,2,1456.0,2,1458.0,1,1459.0,8,1460.0,13,1462.0,20,1463.0,1,1464.0,6,1465.0,3,1467.0,3,1460.0
FG411,,13:43:38.250#,1488.0,1492.0,1446.0,1637.0,1339.0,1971,5543,1454.0,2,1456.0,2,1458.0,1,1459.0,8,1460.0,13,1462.0,15,1463.0,1,1464.0,6,1465.0,3,1467.0,3,1460.0
FG411,,13:43:41.500#,1488.0,1492.0,1446.0,1637.0,1339.0,1971,5543,1454.0,2,1456.0,2,1458.0,1,1459.0,8,1460.0,13,1462.0,13,1463.0,1,1464.0,6,1465.0,3,1467.0,3,1460.0
FG411,,13:43:42.250#,1488.0,1492.0,1446.0,1637.0,1339.0,1971,5543,1454.0,2,1456.0,2,1458.0,1,1459.0,8,1460.0,13,1462.0,10,1463.0,1,1464.0,6,1465.0,3,1467.0,3,1460.0
FG411,,13:43:42.500#,1488.0,1492.0,1446.0,1637.0,1339.0,1971,5543,1454.0,2,1456.0,2,1458.0,1,1459.0,8,1460.0,13,1462.0,11,1463.0,1,1464.0,6,1465.0,3,1467.0,3,1460.0
FG411,,13:43:42.750#,1488.0,1492.0,1446.0,1637.0,1339.0,1971,5543,1454.0,2,1456.0,2,1458.0,1,1459.0,8,1460.0,13,1462.0,10,1463.0,1,1464.0,6,1465.0,3,1467.0,3,1460.0
FG411,,13:43:43.250#,1488.0,1492.0,1446.0,1637.0,1339.0,1971,5543,1454.0,2,1456.0,2,1458.0,1,1459.0,8,1460.0,13,1462.0,11,1463.0,1,1464.0,6,1465.0,3,1467.0,3,1460.0
FG411,,13:43:43.750#,1488.0,1492.0,1446.0,1637.0,1339.0,1971,5543,1454.0,2,1456.0,2,1458.0,1,1459.0,8,1460.0,13,1462.0,10,1463.0,1,1464.0,6,1465.0,3,1467.0,3,1460.0
FG411,,13:43:45.0#,1488.0,1492.0,1446.0,1637.0,1339.0,1971,5543,1454.0,2,1456.0,2,1458.0,1,1459.0,8,1460.0,13,1462.0,9,1463.0,1,1464.0,6,1465.0,3,1467.0,3,1460.0
FG411,,13:43:45.250#,1488.0,1492.0,1446.0,1637.0,1339.0,1971,5543,1454.0,2,1456.0,2,1458.0,1,1459.0,8,1460.0,13,1462.0,10,1463.0,1,1464.0,6,1465.0,3,1467.0,3,1460.0
FG411,,13:43:46.750#,1488.0,1492.0,1446.0,1637.0,1339.0,1971,5543,1456.0,2,1458.0,1,1459.0,8,1460.0,1,1461.0,1,1462.0,10,1463.0,1,1464.0,6,1465.0,3,1467.0,3,1460.0
FG411,,13:43:47.250#,1488.0,1492.0,1446.0,1637.0,1339.0,1971,5543,1456.0,2,1458.0,1,1459.0,8,1460.0,1,1461.0,1,1462.0,9,1463.0,1,1464.0,6,1465.0,3,1467.0,3,1460.0
FG411,,13:43:49.0#,1488.0,1492.0,1446.0,1637.0,1339.0,1971,5543,1456.0,2,1458.0,1,1459.0,8,1460.0,1,1461.0,1,1462.0,2,1463.0,1,1464.0,6,1465.0,3,1467.0,3,1460.0
FG411,,13:43:49.250#,1488.0,1492.0,1446.0,1637.0,1339.0,1971,5543,1456.0,2,1458.0,1,1459.0,8,1460.0,1,1461.0,1,1462.0,26,1463.0,1,1464.0,6,1465.0,3,1467.0,3,1460.0
FG411,,13:43:49.500#,1488.0,1492.0,1446.0,1637.0,1339.0,1971,5543,1456.0,2,1458.0,1,1459.0,8,1460.0,1,1461.0,1,1462.0,27,1463.0,1,1464.0,6,1465.0,3,1467.0,3,1460.0
FG411,,13:43:49.750#,1488.0,1492.0,1446.0,1637.0,1339.0,1971,5543,1456.0,2,1458.0,1,1459.0,8,1460.0,1,1461.0,1,1462.0,25,1463.0,1,1464.0,6,1465.0,3,1467.0,3,1460.0
FG411,,13:43:50.750#,1488.0,1492.0,1446.0,1637.0,1339.0,1971,5543,1456.0,2,1458.0,1,1459.0,8,1460.0,1,1461.0,1,1462.0,36,1463.0,1,1464.0,6,1465.0,3,1467.0,3,1460.0
FG411,,13:43:55.0#,1488.0,1492.0,1446.0,1637.0,1339.0,1971,5543,1456.0,2,1458.0,1,1459.0,8,1460.0,1,1461.0,1,1462.0,35,1463.0,1,1464.0,6,1465.0,3,1467.0,3,1460.0
FG411,,13:43:55.500#,1488.0,1492.0,1446.0,1637.0,1339.0,1971,5543,1456.0,2,1458.0,1,1459.0,8,1460.0,1,1461.0,1,1462.0,24,1463.0,1,1464.0,6,1465.0,3,1467.0,3,1460.0
FG411,,13:43:56.750#,1488.0,1492.0,1446.0,1637.0,1339.0,1971,5543,1456.0,2,1458.0,1,1459.0,8,1460.0,1,1461.0,1,1462.0,25,1463.0,1,1464.0,6,1465.0,3,1467.0,3,1460.0
FG411,,13:43:57.250#,1488.0,1492.0,1446.0,1637.0,1339.0,1971,5543,1456.0,2,1458.0,1,1459.0,8,1460.0,1,1461.0,1,1462.0,21,1463.0,1,1464.0,6,1465.0,3,1467.0,3,1460.0
FG411,,13:43:57.500#,1488.0,1492.0,1446.0,1637.0,1339.0,1971,5543,1456.0,2,1458.0,1,1459.0,8,1460.0,1,1461.0,1,1462.0,16,1463.0,1,1464.0,6,1465.0,3,1467.0,3,1460.0
FG411,,13:43:58.0#,1488.0,1492.0,1446.0,1637.0,1339.0,1971,5543,1456.0,2,1458.0,1,1459.0,8,1460.0,1,1461.0,1,1462.0,17,1463.0,1,1464.0,6,1465.0,3,1467.0,3,1460.0
FG411,,13:44:00.750#,1488.0,1492.0,1446.0,1637.0,1339.0,1971,5543,1456.0,2,1458.0,1,1459.0,8,1460.0,1,1461.0,1,1462.0,16,1463.0,1,1464.0,6,1465.0,3,1467.0,3,1460.0
FG411,,13:44:01.0#,1488.0,1492.0,1446.0,1637.0,1339.0,1971,5543,1456.0,2,1458.0,1,1459.0,8,1460.0,1,1461.0,1,1462.0,17,1463.0,1,1464.0,6,1465.0,3,1467.0,3,1460.0
FG411,,13:44:02.750#,1488.0,1492.0,1446.0,1637.0,1339.0,1971,5543,1456.0,2,1458.0,1,1459.0,8,1460.0,1,1461.0,1,1462.0,22,1463.0,1,1464.0,6,1465.0,3,1467.0,3,1460.0
FG411,,13:44:03.250#,1488.0,1492.0,1446.0,1637.0,1339.0,1971,5543,1456.0,2,1458.0,1,1459.0,8,1460.0,1,1461.0,1,1462.0,18,1463.0,1,1464.0,6,1465.0,3,1467.0,3,1460.0
FG411,,13:44:03.500#,1488.0,1492.0,1446.0,1637.0,1339.0,1971,5543,1456.0,2,1458.0,1,1459.0,8,1460.0,1,1461.0,1,1462.0,19,1463.0,1,1464.0,6,1465.0,3,1467.0,3,1460.0
FG411,,13:44:04.0#,1488.0,1492.0,1446.0,1637.0,1339.0,1971,5543,1456.0,2,1458.0,1,1459.0,8,1460.0,1,1461.0,1,1462.0,13,1463.0,1,1464.0,6,1465.0,3,1467.0,3,1460.0
FG411,,13:44:06.250#,1488.0,1492.0,1446.0,1637.0,1339.0,1971,5543,1456.0,2,1458.0,1,1459.0,8,1460.0,1,1461.0,1,1462.0,12,1463.0,1,1464.0,6,1465.0,3,1467.0,3,1460.0
FG411,,13:44:07.500#,1488.0,1492.0,1446.0,1637.0,1339.0,1971,5543,1456.0,2,1458.0,1,1459.0,8,1460.0,1,1461.0,1,1462.0,2,1463.0,1,1464.0,6,1465.0,3,1467.0,3,1460.0
FG411,,13:44:07.750#,1488.0,1492.0,1446.0,1637.0,1339.0,1971,5543,1456.0,2,1458.0,1,1459.0,8,1460.0,1,1461.0,1,1462.0,18,1463.0,1,1464.0,6,1465.0,3,1467.0,3,1460.0
FG411,,13:44:09.250#,1488.0,1492.0,1446.0,1637.0,1339.0,1971,5543,1456.0,2,1458.0,1,1459.0,8,1460.0,1,1461.0,1,1462.0,15,1463.0,1,1464.0,6,1465.0,3,1467.0,3,1460.0
FG411,,13:44:09.750#,1488.0,1492.0,1446.0,1637.0,1339.0,1971,5543,1456.0,2,1458.0,1,1459.0,8,1460.0,1,1461.0,1,1462.0,14,1463.0,1,1464.0,6,1465.0,3,1467.0,3,1460.0
FG411,,13:44:10.500#,1488.0,1492.0,1446.0,1637.0,1339.0,1971,5543,1456.0,2,1458.0,1,1459.0,8,1460.0,1,1461.0,1,1462.0,11,1463.0,1,1464.0,6,1465.0,3,1467.0,3,1460.0
FG411,,13:44:11.500#,1488.0,1492.0,1446.0,1637.0,1339.0,1971,5543,1456.0,2,1458.0,1,1459.0,8,1460.0,1,1461.0,1,1462.0,10,1463.0,1,1464.0,6,1465.0,3,1467.0,3,1460.0
FG411,,13:44:12.500#,1488.0,1492.0,1446.0,1637.0,1339.0,1971,5543,1456.0,2,1458.0,1,1459.0,8,1460.0,1,1461.0,1,1462.0,21,1463.0,1,1464.0,6,1465.0,3,1467.0,3,1460.0
FG411,,13:44:14.250#,1488.0,1492.0,1446.0,1637.0,1339.0,1971,5543,1456.0,2,1458.0,1,1459.0,8,1460.0,1,1461.0,1,1462.0,19,1463.0,1,1464.0,6,1465.0,3,1467.0,3,1460.0
FG411,,13:44:14.750#,1488.0,1492.0,1446.0,1637.0,1339.0,1971,5543,1456.0,2,1458.0,1,1459.0,8,1460.0,1,1461.0,1,1462.0,18,1463.0,1,1464.0,6,1465.0,3,1467.0,3,1460.0
FG411,,13:44:17.500#,1488.0,1492.0,1446.0,1637.0,1339.0,1971,5543,1456.0,2,1458.0,1,1459.0,8,1460.0,1,1461.0,1,1462.0,7,1463.0,1,1464.0,6,1465.0,3,1467.0,3,1460.0
FG411,,13:44:17.750#,1488.0,1492.0,1446.0,1637.0,1339.0,1971,5543,1456.0,2,1458.0,1,1459.0,8,1460.0,1,1461.0,1,1462.0,13,1463.0,1,1464.0,6,1465.0,3,1467.0,3,1460.0
FG411,,13:44:18.0#,1488.0,1492.0,1446.0,1637.0,1339.0,1971,5543,1456.0,2,1458.0,1,1459.0,8,1460.0,1,1461.0,1,1462.0,12,1463.0,1,1464.0,6,1465.0,3,1467.0,3,1460.0
FG411,,13:44:18.500#,1488.0,1492.0,1446.0,1637.0,1339.0,1971,5543,1456.0,2,1458.0,1,1459.0,8,1460.0,1,1461.0,1,1462.0,11,1463.0,1,1464.0,6,1465.0,3,1467.0,3,1460.0
FG411,,13:44:18.750#,1488.0,1492.0,1446.0,1637.0,1339.0,1971,5543,1456.0,2,1458.0,1,1459.0,8,1460.0,1,1461.0,1,1462.0,5,1463.0,1,1464.0,6,1465.0,3,1467.0,3,1460.0
FG411,,13:44:19.0#,1488.0,1492.0,1446.0,1637.0,1339.0,1971,5543,1456.0,2,1458.0,1,1459.0,8,1460.0,1,1461.0,1,1462.0,4,1463.0,1,1464.0,6,1465.0,3,1467.0,3,1460.0
FG411,,13:44:19.250#,1488.0,1492.0,1446.0,1637.0,1339.0,1971,5543,1456.0,2,1458.0,1,1459.0,8,1460.0,1,1461.0,1,1462.0,3,1463.0,1,1464.0,6,1465.0,3,1467.0,3,1460.0
FG411,,13:44:19.500#,1488.0,1492.0,1446.0,1637.0,1339.0,1971,5543,1456.0,2,1458.0,1,1459.0,8,1460.0,1,1461.0,1,1462.0,7,1463.0,1,1464.0,6,1465.0,3,1467.0,3,1460.0
FG411,,13:44:19.750#,1488.0,1492.0,1446.0,1637.0,1339.0,1971,5543,1456.0,2,1458.0,1,1459.0,8,1460.0,1,1461.0,1,1462.0,6,1463.0,1,1464.0,6,1465.0,3,1467.0,3,1460.0
FG411,,13:44:21.500#,1488.0,1492.0,1446.0,1637.0,1339.0,1971,5543,1456.0,2,1458.0,1,1459.0,8,1460.0,1,1461.0,1,1463.0,37,1464.0,6,1465.0,3,1467.0,3,1469.0,2,1460.0
FG411,,13:44:21.750#,1488.0,1492.0,1446.0,1637.0,1339.0,1971,5543,1456.0,2,1458.0,1,1459.0,8,1460.0,1,1461.0,1,1462.0,6,1463.0,1,1464.0,6,1465.0,3,1467.0,3,1460.0
FG411,,13:44:22.500#,1488.0,1492.0,1446.0,1637.0,1339.0,1971,5543,1456.0,2,1458.0,1,1459.0,8,1460.0,1,1461.0,1,1462.0,5,1463.0,1,1464.0,6,1465.0,3,1467.0,3,1460.0
FG411,,13:44:22.750#,1488.0,1492.0,1446.0,1637.0,1339.0,1971,5543,1456.0,2,1458.0,1,1459.0,8,1460.0,1,1461.0,1,1462.0,6,1463.0,1,1464.0,6,1465.0,3,1467.0,3,1460.0
FG411,,13:44:23.250#,1488.0,1492.0,1446.0,1637.0,1339.0,1971,5543,1456.0,2,1458.0,1,1459.0,8,1460.0,1,1461.0,1,1462.0,22,1463.0,1,1464.0,6,1465.0,3,1467.0,3,1460.0
FG411,,13:44:23.750#,1488.0,1492.0,1446.0,1637.0,1339.0,1971,5543,1456.0,2,1458.0,1,1459.0,8,1460.0,1,1461.0,1,1462.0,23,1463.0,1,1464.0,6,1465.0,3,1467.0,3,1460.0
FG411,,13:44:27.250#,1488.0,1492.0,1446.0,1637.0,1339.0,1971,5543,1456.0,2,1458.0,1,1459.0,8,1460.0,1,1461.0,1,1462.0,34,1463.0,1,1464.0,6,1465.0,3,1467.0,3,1460.0
FG411,,13:44:28.0#,1488.0,1492.0,1446.0,1637.0,1339.0,1971,5543,1456.0,2,1458.0,1,1459.0,8,1460.0,1,1461.0,1,1462.0,33,1463.0,1,1464.0,6,1465.0,3,1467.0,3,1460.0
FG411,,13:44:30.0#,1488.0,1492.0,1446.0,1637.0,1339.0,1971,5543,1456.0,2,1458.0,1,1459.0,8,1460.0,1,1461.0,1,1462.0,36,1463.0,1,1464.0,6,1465.0,3,1467.0,3,1460.0
FG411,,13:44:31.0#,1488.0,1492.0,1446.0,1637.0,1339.0,1971,5543,1454.0,2,1456.0,2,1458.0,1,1459.0,8,1460.0,13,1462.0,36,1463.0,1,1464.0,6,1465.0,3,1467.0,3,1460.0
FG411,,13:44:42.500#,1488.0,1492.0,1446.0,1637.0,1339.0,1971,5543,1454.0,2,1456.0,2,1458.0,1,1459.0,8,1460.0,13,1462.0,32,1463.0,1,1464.0,6,1465.0,3,1467.0,3,1460.0
FG411,,13:44:45.500#,1488.0,1492.0,1446.0,1637.0,1339.0,1971,5543,1454.0,2,1456.0,2,1458.0,1,1459.0,8,1460.0,13,1462.0,28,1463.0,1,1464.0,6,1465.0,3,1467.0,3,1460.0
FG411,,13:44:45.750#,1488.0,1492.0,1446.0,1637.0,1339.0,1971,5543,1454.0,2,1456.0,2,1458.0,1,1459.0,8,1460.0,13,1462.0,23,1463.0,1,1464.0,6,1465.0,3,1467.0,3,1460.0
FG411,,13:44:46.0#,1488.0,1492.0,1446.0,1637.0,1339.0,1971,5543,1454.0,2,1456.0,2,1458.0,1,1459.0,8,1460.0,13,1462.0,25,1463.0,1,1464.0,6,1465.0,3,1467.0,3,1460.0
FG411,,13:44:46.250#,1488.0,1492.0,1446.0,1637.0,1339.0,1971,5543,1454.0,2,1456.0,2,1458.0,1,1459.0,8,1460.0,13,1462.0,28,1463.0,1,1464.0,6,1465.0,3,1467.0,3,1460.0
FG411,,13:44:46.500#,1488.0,1492.0,1446.0,1637.0,1339.0,1971,5543,1454.0,2,1456.0,2,1458.0,1,1459.0,8,1460.0,13,1462.0,27,1463.0,1,1464.0,6,1465.0,3,1467.0,3,1460.0
FG411,,13:44:47.0#,1488.0,1492.0,1446.0,1637.0,1339.0,1971,5543,1454.0,2,1456.0,2,1458.0,1,1459.0,8,1460.0,13,1462.0,20,1463.0,1,1464.0,6,1465.0,3,1467.0,3,1460.0
FG411,,13:44:47.500#,1488.0,1492.0,1446.0,1637.0,1339.0,1971,5543,1454.0,2,1456.0,2,1458.0,1,1459.0,8,1460.0,13,1462.0,14,1463.0,1,1464.0,6,1465.0,3,1467.0,3,1460.0
FG411,,13:44:47.750#,1488.0,1492.0,1446.0,1637.0,1339.0,1971,5543,1454.0,2,1456.0,2,1458.0,1,1459.0,8,1460.0,13,1462.0,23,1463.0,1,1464.0,6,1465.0,3,1467.0,3,1460.0
FG411,,13:44:48.250#,1488.0,1492.0,1446.0,1637.0,1339.0,1971,5543,1454.0,2,1456.0,2,1458.0,1,1459.0,8,1460.0,13,1462.0,26,1463.0,1,1464.0,6,1465.0,3,1467.0,3,1460.0
FG411,,13:44:50.500#,1488.0,1492.0,1446.0,1637.0,1339.0,1971,5543,1454.0,2,1456.0,2,1458.0,1,1459.0,8,1460.0,13,1462.0,25,1463.0,1,1464.0,6,1465.0,3,1467.0,3,1460.0
FG411,,13:44:50.750#,1488.0,1492.0,1446.0,1637.0,1339.0,1971,5543,1454.0,2,1456.0,2,1458.0,1,1459.0,8,1460.0,13,1462.0,23,1463.0,1,1464.0,6,1465.0,3,1467.0,3,1460.0
FG411,,13:44:52.0#,1488.0,1492.0,1446.0,1637.0,1339.0,1971,5543,1454.0,2,1456.0,2,1458.0,1,1459.0,8,1460.0,13,1462.0,22,1463.0,1,1464.0,6,1465.0,3,1467.0,3,1460.0
FG411,,13:44:54.250#,1488.0,1492.0,1446.0,1637.0,1339.0,1971,5543,1454.0,2,1456.0,2,1458.0,1,1459.0,8,1460.0,13,1462.0,20,1463.0,1,1464.0,6,1465.0,3,1467.0,3,1460.0
FG411,,13:44:54.750#,1488.0,1492.0,1446.0,1637.0,1339.0,1971,5543,1454.0,2,1456.0,2,1458.0,1,1459.0,8,1460.0,13,1462.0,19,1463.0,1,1464.0,6,1465.0,3,1467.0,3,1460.0
FG411,,13:44:55.0#,1488.0,1492.0,1446.0,1637.0,1339.0,1971,5543,1454.0,2,1456.0,2,1458.0,1,1459.0,8,1460.0,13,1462.0,26,1463.0,1,1464.0,6,1465.0,3,1467.0,3,1460.0
FG411,,13:44:55.250#,1488.0,1492.0,1446.0,1637.0,1339.0,1971,5543,1454.0,2,1456.0,2,1458.0,1,1459.0,8,1460.0,13,1462.0,23,1463.0,1,1464.0,6,1465.0,3,1467.0,3,1460.0
FG411,,13:44:55.500#,1488.0,1492.0,1446.0,1637.0,1339.0,1971,5543,1454.0,2,1456.0,2,1458.0,1,1459.0,8,1460.0,13,1462.0,25,1463.0,1,1464.0,6,1465.0,3,1467.0,3,1460.0
FG411,,13:44:55.750#,1488.0,1492.0,1446.0,1637.0,1339.0,1971,5543,1454.0,2,1456.0,2,1458.0,1,1459.0,8,1460.0,13,1462.0,27,1463.0,1,1464.0,6,1465.0,3,1467.0,3,1460.0
FG411,,13:44:56.250#,1488.0,1492.0,1446.0,1637.0,1339.0,1971,5543,1454.0,2,1456.0,2,1458.0,1,1459.0,8,1460.0,13,1462.0,26,1463.0,1,1464.0,6,1465.0,3,1467.0,3,1460.0
FG411,,13:44:57.500#,1488.0,1492.0,1446.0,1637.0,1339.0,1971,5543,1454.0,2,1456.0,2,1458.0,1,1459.0,8,1460.0,13,1462.0,25,1463.0,1,1464.0,6,1465.0,3,1467.0,3,1460.0
FG411,,13:44:58.0#,1488.0,1492.0,1446.0,1637.0,1339.0,1971,5543,1454.0,2,1456.0,2,1458.0,1,1459.0,8,1460.0,13,1462.0,24,1463.0,1,1464.0,6,1465.0,3,1467.0,3,1460.0
FG411,,13:44:58.250#,1488.0,1492.0,1446.0,1637.0,1339.0,1971,5543,1454.0,2,1456.0,2,1458.0,1,1459.0,8,1460.0,13,1462.0,23,1463.0,1,1464.0,6,1465.0,3,1467.0,3,1460.0
FG411,,13:44:58.750#,1488.0,1492.0,1446.0,1637.0,1339.0,1971,5543,1454.0,2,1456.0,2,1458.0,1,1459.0,8,1460.0,13,1462.0,20,1463.0,1,1464.0,6,1465.0,3,1467.0,3,1460.0
FG411,,13:44:59.750#,1488.0,1492.0,1446.0,1637.0,1339.0,1971,5543,1454.0,2,1456.0,2,1458.0,1,1459.0,8,1460.0,13,1462.0,18,1463.0,1,1464.0,6,1465.0,3,1467.0,3,1460.0
FG411,,13:45:00.250#,1488.0,1492.0,1446.0,1637.0,1339.0,1971,5543,1454.0,2,1456.0,2,1458.0,1,1459.0,8,1460.0,13,1462.0,16,1463.0,1,1464.0,6,1465.0,3,1467.0,3,1460.0
FG411,,13:45:00.500#,1488.0,1492.0,1446.0,1637.0,1339.0,1972,5544,1454.0,2,1456.0,2,1458.0,1,1459.0,8,1460.0,13,1462.0,13,1463.0,1,1464.0,6,1465.0,3,1467.0,3,1462.0
FG411,,13:45:00.750#,1488.0,1492.0,1446.0,1637.0,1339.0,1972,5544,1454.0,2,1456.0,2,1458.0,1,1459.0,8,1460.0,13,1462.0,20,1463.0,1,1464.0,6,1465.0,3,1467.0,3,1462.0
FG411,,13:45:01.250#,1488.0,1492.0,1446.0,1637.0,1339.0,1972,5544,1454.0,2,1456.0,2,1458.0,1,1459.0,8,1460.0,13,1462.0,22,1463.0,1,1464.0,6,1465.0,3,1467.0,3,1462.0
FG411,,13:45:03.250#,1488.0,1492.0,1446.0,1637.0,1339.0,1972,5544,1454.0,2,1456.0,2,1458.0,1,1459.0,8,1460.0,13,1462.0,26,1463.0,1,1464.0,6,1465.0,3,1467.0,3,1462.0
FG411,,13:45:06.750#,1488.0,1492.0,1446.0,1637.0,1339.0,1972,5544,1454.0,2,1456.0,2,1458.0,1,1459.0,8,1460.0,13,1462.0,27,1463.0,1,1464.0,6,1465.0,3,1467.0,3,1462.0
FG411,,13:45:07.0#,1488.0,1492.0,1446.0,1637.0,1339.0,1972,5544,1454.0,2,1456.0,2,1458.0,1,1459.0,8,1460.0,13,1462.0,28,1463.0,1,1464.0,6,1465.0,3,1467.0,3,1462.0
FG411,,13:45:07.250#,1488.0,1492.0,1446.0,1637.0,1339.0,1972,5544,1454.0,2,1456.0,2,1458.0,1,1459.0,8,1460.0,13,1462.0,31,1463.0,1,1464.0,6,1465.0,3,1467.0,3,1462.0
FG411,,13:45:10.500#,1488.0,1492.0,1446.0,1637.0,1339.0,1972,5544,1454.0,2,1456.0,2,1458.0,1,1459.0,8,1460.0,13,1462.0,35,1463.0,1,1464.0,6,1465.0,3,1467.0,3,1462.0
FG411,,13:45:13.0#,1488.0,1492.0,1446.0,1637.0,1339.0,1972,5544,1454.0,2,1456.0,2,1458.0,1,1459.0,8,1460.0,13,1461.0,2,1463.0,1,1464.0,6,1465.0,3,1467.0,3,1462.0
FG411,,13:45:13.250#,1488.0,1492.0,1446.0,1637.0,1339.0,1972,5544,1454.0,2,1456.0,2,1458.0,1,1459.0,8,1460.0,3,1461.0,2,1463.0,2,1464.0,6,1465.0,3,1467.0,3,1462.0
FG411,,13:45:13.750#,1488.0,1492.0,1446.0,1637.0,1339.0,1972,5544,1454.0,2,1456.0,2,1458.0,1,1459.0,2,1460.0,1,1461.0,32,1463.0,2,1464.0,6,1465.0,3,1467.0,3,1462.0
FG411,,13:45:16.0#,1488.0,1492.0,1446.0,1637.0,1339.0,1972,5544,1453.0,3,1454.0,2,1456.0,2,1458.0,1,1459.0,14,1461.0,32,1463.0,2,1464.0,6,1465.0,3,1467.0,3,1462.0
FG411,,13:45:16.250#,1488.0,1492.0,1446.0,1637.0,1339.0,1972,5544,1453.0,3,1454.0,2,1456.0,2,1458.0,7,1459.0,15,1461.0,32,1463.0,2,1465.0,3,1467.0,3,1469.0,2,1462.0
FG411,,13:45:16.500#,1488.0,1492.0,1446.0,1637.0,1339.0,1972,5544,1453.0,3,1454.0,2,1456.0,2,1458.0,7,1459.0,15,1461.0,32,1463.0,8,1465.0,3,1467.0,3,1469.0,2,1462.0
FG411,,13:45:17.0#,1488.0,1492.0,1446.0,1637.0,1339.0,1972,5544,1453.0,3,1454.0,2,1456.0,2,1458.0,7,1459.0,15,1461.0,31,1463.0,8,1465.0,3,1467.0,3,1469.0,2,1462.0
FG411,,13:45:17.250#,1488.0,1492.0,1446.0,1637.0,1339.0,1972,5544,1453.0,3,1454.0,2,1456.0,2,1458.0,7,1459.0,15,1461.0,15,1463.0,8,1465.0,3,1467.0,3,1469.0,2,1462.0
FG411,,13:45:18.250#,1488.0,1492.0,1446.0,1637.0,1339.0,1972,5544,1453.0,3,1454.0,2,1456.0,2,1458.0,7,1459.0,15,1461.0,7,1463.0,8,1465.0,3,1467.0,3,1469.0,2,1462.0
FG411,,13:45:19.0#,1488.0,1492.0,1446.0,1637.0,1339.0,1972,5544,1453.0,3,1454.0,2,1456.0,2,1458.0,7,1459.0,15,1461.0,4,1463.0,8,1465.0,3,1467.0,3,1469.0,2,1462.0
FG411,,13:45:20.750#,1488.0,1492.0,1446.0,1637.0,1339.0,1972,5544,1453.0,3,1454.0,2,1456.0,2,1458.0,7,1459.0,15,1461.0,5,1463.0,8,1465.0,3,1467.0,3,1469.0,2,1462.0
FG411,,13:45:21.0#,1488.0,1492.0,1446.0,1637.0,1339.0,1972,5544,1453.0,3,1454.0,2,1456.0,2,1458.0,7,1459.0,15,1461.0,6,1463.0,8,1465.0,3,1467.0,3,1469.0,2,1462.0
FG411,,13:45:21.750#,1488.0,1492.0,1446.0,1637.0,1339.0,1972,5544,1453.0,3,1454.0,2,1456.0,2,1458.0,7,1459.0,15,1461.0,4,1463.0,8,1465.0,3,1467.0,3,1469.0,2,1462.0
FG411,,13:45:22.500#,1488.0,1492.0,1446.0,1637.0,1339.0,1972,5544,1453.0,3,1454.0,2,1456.0,2,1458.0,7,1459.0,15,1461.0,20,1463.0,8,1465.0,3,1467.0,3,1469.0,2,1462.0
FG411,,13:45:22.750#,1488.0,1492.0,1446.0,1637.0,1339.0,1972,5544,1453.0,3,1454.0,2,1456.0,2,1458.0,7,1459.0,15,1461.0,31,1463.0,8,1465.0,3,1467.0,3,1469.0,2,1462.0
FG411,,13:45:23.250#,1488.0,1492.0,1446.0,1637.0,1339.0,1972,5544,1453.0,3,1454.0,2,1456.0,2,1458.0,7,1459.0,15,1461.0,34,1463.0,8,1465.0,3,1467.0,3,1469.0,2,1462.0
FG411,,13:45:23.750#,1488.0,1492.0,1446.0,1637.0,1339.0,1972,5544,1454.0,2,1456.0,2,1458.0,7,1459.0,3,1460.0,10,1461.0,34,1463.0,8,1465.0,3,1467.0,3,1469.0,2,1462.0
FG411,,13:45:24.0#,1488.0,1492.0,1446.0,1637.0,1339.0,1972,5544,1454.0,2,1456.0,2,1458.0,7,1459.0,2,1460.0,11,1462.0,35,1463.0,8,1465.0,3,1467.0,3,1469.0,2,1462.0
FG411,,13:45:24.250#,1488.0,1492.0,1446.0,1637.0,1339.0,1972,5544,1454.0,2,1456.0,2,1458.0,7,1459.0,2,1460.0,12,1462.0,35,1463.0,8,1465.0,3,1467.0,3,1469.0,2,1462.0
FG411,,13:45:24.750#,1488.0,1492.0,1446.0,1637.0,1339.0,1972,5544,1454.0,2,1456.0,2,1458.0,7,1459.0,2,1460.0,13,1462.0,35,1463.0,8,1465.0,3,1467.0,3,1469.0,2,1462.0
FG411,,13:45:33.500#,1488.0,1492.0,1446.0,1637.0,1339.0,1972,5544,1454.0,2,1456.0,2,1458.0,7,1459.0,2,1460.0,13,1462.0,35,1463.0,8,1465.0,3,1467.0,3,1469.0,3,1462.0
FG411,,13:45:34.250#,1488.0,1492.0,1446.0,1637.0,1339.0,1972,5544,1454.0,2,1456.0,2,1458.0,7,1459.0,2,1460.0,13,1462.0,35,1463.0,7,1465.0,3,1467.0,3,1469.0,3,1462.0
FG411,,13:45:42.0#,1488.0,1492.0,1446.0,1637.0,1339.0,1972,5544,1454.0,2,1456.0,2,1458.0,7,1459.0,2,1460.0,13,1462.0,35,1463.0,7,1465.0,3,1467.0,3,1469.0,3,1462.0
FG411,,13:46:10.250#,1488.0,1492.0,1446.0,1637.0,1339.0,1973,5545,1454.0,2,1456.0,2,1458.0,7,1459.0,2,1460.0,13,1462.0,34,1463.0,7,1465.0,3,1467.0,3,1469.0,3,1462.0
FG411,,13:46:41.750#,1488.0,1492.0,1446.0,1637.0,1339.0,1973,5545,1454.0,2,1456.0,2,1458.0,7,1459.0,1,1460.0,13,1462.0,34,1463.0,7,1465.0,3,1467.0,3,1469.0,3,1462.0
FG411,,13:46:46.500#,1488.0,1492.0,1446.0,1637.0,1339.0,1973,5545,1454.0,2,1456.0,2,1458.0,7,1459.0,1,1460.0,13,1461.0,30,1463.0,7,1465.0,3,1467.0,3,1469.0,3,1462.0
FG411,,13:46:46.750#,1488.0,1492.0,1446.0,1637.0,1339.0,1973,5545,1454.0,2,1456.0,2,1458.0,7,1459.0,1,1460.0,12,1461.0,34,1463.0,8,1465.0,3,1467.0,3,1469.0,3,1462.0
FG411,,13:46:47.0#,1488.0,1492.0,1446.0,1637.0,1339.0,1973,5545,1454.0,2,1456.0,2,1458.0,7,1459.0,1,1460.0,2,1461.0,34,1463.0,8,1465.0,3,1467.0,3,1469.0,3,1462.0
FG411,,13:46:47.250#,1488.0,1492.0,1446.0,1637.0,1339.0,1973,5545,1452.0,2,1454.0,2,1456.0,2,1458.0,7,1459.0,12,1461.0,34,1463.0,8,1465.0,3,1467.0,3,1469.0,3,1462.0
FG411,,13:46:47.500#,1488.0,1492.0,1446.0,1637.0,1339.0,1973,5545,1452.0,2,1454.0,2,1456.0,2,1458.0,7,1459.0,14,1461.0,34,1463.0,8,1465.0,3,1467.0,3,1469.0,3,1462.0
FG411,,13:46:49.750#,1488.0,1492.0,1446.0,1637.0,1339.0,1973,5545,1452.0,2,1454.0,2,1456.0,2,1458.0,7,1459.0,14,1461.0,30,1463.0,8,1465.0,3,1467.0,3,1469.0,3,1462.0
FG411,,13:46:50.0#,1488.0,1492.0,1446.0,1637.0,1339.0,1973,5545,1452.0,2,1454.0,2,1456.0,2,1458.0,7,1459.0,14,1461.0,22,1463.0,8,1465.0,3,1467.0,3,1469.0,3,1462.0
FG411,,13:46:51.250#,1488.0,1492.0,1446.0,1637.0,1339.0,1973,5545,1452.0,2,1454.0,2,1456.0,2,1458.0,7,1459.0,14,1461.0,8,1463.0,8,1465.0,3,1467.0,3,1469.0,3,1462.0
FG411,,13:46:51.500#,1488.0,1492.0,1446.0,1637.0,1339.0,1973,5545,1452.0,2,1454.0,2,1456.0,2,1458.0,7,1459.0,14,1461.0,5,1463.0,8,1465.0,3,1467.0,3,1469.0,3,1462.0
FG411,,13:46:52.250#,1488.0,1492.0,1446.0,1637.0,1339.0,1974,5545,1452.0,2,1454.0,2,1456.0,2,1458.0,7,1459.0,14,1461.0,4,1463.0,8,1465.0,3,1467.0,3,1469.0,3,1461.0
FG411,,13:46:54.0#,1488.0,1492.0,1446.0,1637.0,1339.0,1974,5545,1452.0,2,1454.0,2,1456.0,2,1458.0,7,1459.0,14,1461.0,2,1463.0,8,1465.0,3,1467.0,3,1469.0,3,1461.0
FG411,,13:46:54.500#,1488.0,1492.0,1446.0,1637.0,1339.0,1974,5545,1454.0,2,1456.0,2,1458.0,7,1459.0,2,1460.0,1,1461.0,2,1463.0,8,1465.0,3,1467.0,3,1469.0,3,1461.0
FG411,,13:46:56.500#,1488.0,1492.0,1446.0,1637.0,1339.0,1974,5545,1454.0,2,1456.0,2,1458.0,7,1459.0,2,1460.0,1,1461.0,6,1463.0,8,1465.0,3,1467.0,3,1469.0,3,1461.0
FG411,,13:46:57.500#,1488.0,1492.0,1446.0,1637.0,1339.0,1974,5545,1454.0,2,1456.0,2,1458.0,7,1459.0,2,1460.0,1,1461.0,7,1463.0,8,1465.0,3,1467.0,3,1469.0,3,1461.0
FG411,,13:46:58.250#,1488.0,1492.0,1446.0,1637.0,1339.0,1974,5545,1454.0,2,1456.0,2,1458.0,7,1459.0,2,1460.0,1,1461.0,23,1463.0,8,1465.0,3,1467.0,3,1469.0,3,1461.0
FG411,,13:47:00.0#,1488.0,1492.0,1446.0,1637.0,1339.0,1974,5545,1454.0,2,1456.0,2,1458.0,7,1459.0,2,1460.0,1,1462.0,33,1463.0,8,1465.0,3,1467.0,3,1469.0,3,1461.0
FG411,,13:47:00.250#,1488.0,1492.0,1446.0,1637.0,1339.0,1974,5545,1454.0,2,1456.0,2,1458.0,7,1459.0,2,1460.0,1,1461.0,1,1463.0,8,1465.0,3,1467.0,3,1469.0,3,1461.0
FG411,,13:47:02.250#,1488.0,1492.0,1446.0,1637.0,1339.0,1974,5545,1454.0,2,1456.0,2,1458.0,7,1459.0,2,1460.0,1,1461.0,2,1463.0,8,1465.0,3,1467.0,3,1469.0,3,1461.0
FG411,,13:47:03.750#,1488.0,1492.0,1446.0,1637.0,1339.0,1974,5545,1454.0,2,1456.0,2,1458.0,7,1459.0,2,1460.0,1,1461.0,7,1463.0,8,1465.0,3,1467.0,3,1469.0,3,1461.0
FG411,,13:47:04.500#,1488.0,1492.0,1446.0,1637.0,1339.0,1974,5545,1454.0,2,1456.0,2,1458.0,7,1459.0,2,1460.0,1,1461.0,6,1463.0,8,1465.0,3,1467.0,3,1469.0,3,1461.0
FG411,,13:47:05.0#,1488.0,1492.0,1446.0,1637.0,1339.0,1974,5545,1454.0,2,1456.0,2,1458.0,7,1459.0,2,1460.0,1,1461.0,5,1463.0,8,1465.0,3,1467.0,3,1469.0,3,1461.0
FG411,,13:47:06.0#,1488.0,1492.0,1446.0,1637.0,1339.0,1974,5545,1454.0,2,1456.0,2,1458.0,7,1459.0,2,1460.0,1,1461.0,6,1463.0,8,1465.0,3,1467.0,3,1469.0,3,1461.0
FG411,,13:47:07.0#,1488.0,1492.0,1446.0,1637.0,1339.0,1974,5545,1454.0,2,1456.0,2,1458.0,7,1459.0,2,1460.0,1,1461.0,7,1463.0,8,1465.0,3,1467.0,3,1469.0,3,1461.0
FG411,,13:47:07.500#,1488.0,1492.0,1446.0,1637.0,1339.0,1974,5545,1454.0,2,1456.0,2,1458.0,7,1459.0,2,1460.0,1,1461.0,6,1463.0,8,1465.0,3,1467.0,3,1469.0,3,1461.0
FG411,,13:47:08.250#,1488.0,1492.0,1446.0,1637.0,1339.0,1974,5545,1454.0,2,1456.0,2,1458.0,7,1459.0,2,1460.0,1,1461.0,9,1463.0,8,1465.0,3,1467.0,3,1469.0,3,1461.0
FG411,,13:47:08.500#,1488.0,1492.0,1446.0,1637.0,1339.0,1974,5545,1454.0,2,1456.0,2,1458.0,7,1459.0,2,1460.0,1,1461.0,11,1463.0,8,1465.0,3,1467.0,3,1469.0,3,1461.0
FG411,,13:47:09.250#,1488.0,1492.0,1446.0,1637.0,1339.0,1974,5545,1454.0,2,1456.0,2,1458.0,7,1459.0,2,1460.0,1,1461.0,7,1463.0,8,1465.0,3,1467.0,3,1469.0,3,1461.0
FG411,,13:47:10.0#,1488.0,1492.0,1446.0,1637.0,1339.0,1974,5545,1454.0,2,1456.0,2,1458.0,7,1459.0,2,1460.0,1,1461.0,12,1463.0,8,1465.0,3,1467.0,3,1469.0,3,1461.0
FG411,,13:47:11.250#,1488.0,1492.0,1446.0,1637.0,1339.0,1974,5545,1454.0,2,1456.0,2,1458.0,7,1459.0,2,1460.0,1,1461.0,21,1463.0,8,1465.0,3,1467.0,3,1469.0,3,1461.0
FG411,,13:47:12.250#,1488.0,1492.0,1446.0,1637.0,1339.0,1974,5545,1454.0,2,1456.0,2,1458.0,7,1459.0,2,1460.0,1,1461.0,20,1463.0,8,1465.0,3,1467.0,3,1469.0,3,1461.0
FG411,,13:47:12.500#,1488.0,1492.0,1446.0,1637.0,1339.0,1974,5545,1454.0,2,1456.0,2,1458.0,7,1459.0,2,1460.0,1,1461.0,19,1463.0,8,1465.0,3,1467.0,3,1469.0,3,1461.0
FG411,,13:47:12.750#,1488.0,1492.0,1446.0,1637.0,1339.0,1974,5545,1454.0,2,1456.0,2,1458.0,7,1459.0,2,1460.0,1,1461.0,15,1463.0,8,1465.0,3,1467.0,3,1469.0,3,1461.0
FG411,,13:47:13.0#,1488.0,1492.0,1446.0,1637.0,1339.0,1974,5545,1454.0,2,1456.0,2,1458.0,7,1459.0,2,1460.0,1,1461.0,9,1463.0,8,1465.0,3,1467.0,3,1469.0,3,1461.0
FG411,,13:47:15.0#,1488.0,1492.0,1446.0,1637.0,1339.0,1974,5545,1454.0,2,1456.0,2,1458.0,7,1459.0,2,1460.0,1,1461.0,8,1463.0,8,1465.0,3,1467.0,3,1469.0,3,1461.0
FG411,,13:47:15.250#,1488.0,1492.0,1446.0,1637.0,1339.0,1974,5545,1454.0,2,1456.0,2,1458.0,7,1459.0,2,1460.0,1,1461.0,26,1463.0,8,1465.0,3,1467.0,3,1469.0,3,1461.0
FG411,,13:47:15.500#,1488.0,1492.0,1446.0,1637.0,1339.0,1974,5545,1454.0,2,1456.0,2,1458.0,7,1459.0,2,1460.0,1,1461.0,33,1463.0,8,1465.0,3,1467.0,3,1469.0,3,1461.0
FG411,,13:47:18.500#,1488.0,1492.0,1446.0,1637.0,1339.0,1974,5545,1452.0,2,1454.0,2,1456.0,2,1458.0,7,1459.0,14,1461.0,33,1463.0,8,1465.0,3,1467.0,3,1469.0,3,1461.0
FG411,,13:47:19.0#,1488.0,1492.0,1446.0,1637.0,1339.0,1974,5545,1452.0,2,1454.0,2,1456.0,2,1458.0,7,1459.0,14,1461.0,33,1462.0,2,1463.0,8,1465.0,3,1467.0,3,1461.0
FG411,,13:47:19.250#,1488.0,1492.0,1446.0,1637.0,1339.0,1974,5545,1452.0,2,1454.0,2,1456.0,2,1458.0,7,1459.0,14,1461.0,26,1462.0,2,1463.0,8,1465.0,3,1467.0,3,1461.0
FG411,,13:47:19.500#,1488.0,1492.0,1446.0,1637.0,1339.0,1974,5545,1452.0,2,1454.0,2,1456.0,2,1458.0,7,1459.0,14,1461.0,21,1462.0,2,1463.0,8,1465.0,3,1467.0,3,1461.0
FG411,,13:47:19.750#,1488.0,1492.0,1446.0,1637.0,1339.0,1974,5545,1452.0,2,1454.0,2,1456.0,2,1458.0,7,1459.0,14,1461.0,5,1462.0,2,1463.0,8,1465.0,3,1467.0,3,1461.0
FG411,,13:47:20.500#,1488.0,1492.0,1446.0,1637.0,1339.0,1974,5545,1452.0,2,1454.0,2,1456.0,2,1458.0,7,1459.0,14,1461.0,3,1462.0,2,1463.0,8,1465.0,3,1467.0,3,1461.0
FG411,,13:47:21.500#,1488.0,1492.0,1446.0,1637.0,1339.0,1974,5545,1452.0,2,1454.0,2,1456.0,2,1458.0,7,1459.0,14,1461.0,2,1462.0,2,1463.0,8,1465.0,3,1467.0,3,1461.0
FG411,,13:47:21.750#,1488.0,1492.0,1446.0,1637.0,1339.0,1974,5545,1452.0,2,1454.0,2,1456.0,2,1458.0,7,1459.0,14,1461.0,3,1462.0,2,1463.0,8,1465.0,3,1467.0,3,1461.0
FG411,,13:47:22.250#,1488.0,1492.0,1446.0,1637.0,1339.0,1974,5545,1452.0,2,1454.0,2,1456.0,2,1458.0,7,1459.0,14,1461.0,2,1462.0,2,1463.0,8,1465.0,3,1467.0,3,1461.0
FG411,,13:47:23.500#,1488.0,1492.0,1446.0,1637.0,1339.0,1974,5545,1452.0,2,1454.0,2,1456.0,2,1458.0,7,1459.0,14,1461.0,1,1462.0,2,1463.0,8,1465.0,3,1467.0,3,1461.0
FG411,,13:47:24.0#,1488.0,1492.0,1446.0,1637.0,1339.0,1974,5545,1452.0,2,1454.0,2,1456.0,2,1458.0,7,1459.0,14,1462.0,35,1463.0,8,1465.0,3,1467.0,3,1469.0,3,1461.0
FG411,,13:47:25.500#,1488.0,1492.0,1446.0,1637.0,1339.0,1974,5545,1452.0,2,1454.0,2,1456.0,2,1458.0,7,1459.0,16,1462.0,35,1463.0,8,1465.0,3,1467.0,3,1469.0,3,1461.0
FG411,,13:47:25.750#,1488.0,1492.0,1446.0,1637.0,1339.0,1974,5545,1452.0,2,1454.0,2,1456.0,2,1458.0,7,1459.0,17,1462.0,35,1463.0,8,1465.0,3,1467.0,3,1469.0,3,1461.0
FG411,,13:47:28.750#,1488.0,1492.0,1446.0,1637.0,1339.0,1974,5545,1452.0,2,1454.0,2,1456.0,2,1458.0,6,1459.0,17,1462.0,35,1463.0,8,1465.0,3,1467.0,3,1469.0,3,1461.0
FG411,,13:47:30.250#,1488.0,1492.0,1446.0,1637.0,1339.0,1974,5545,1454.0,2,1456.0,2,1458.0,6,1459.0,2,1460.0,1,1462.0,35,1463.0,8,1465.0,3,1467.0,3,1469.0,3,1461.0
FG411,,13:47:30.500#,1488.0,1492.0,1446.0,1637.0,1339.0,1974,5545,1454.0,2,1456.0,2,1458.0,7,1459.0,2,1460.0,1,1462.0,35,1463.0,8,1465.0,3,1467.0,3,1469.0,3,1461.0
FG411,,13:47:34.250#,1488.0,1492.0,1446.0,1637.0,1339.0,1974,5545,1454.0,2,1456.0,2,1458.0,7,1459.0,2,1460.0,1,1462.0,35,1463.0,7,1465.0,3,1467.0,3,1469.0,3,1461.0
FG411,,13:47:37.750#,1488.0,1492.0,1446.0,1637.0,1339.0,1974,5545,1454.0,2,1456.0,2,1458.0,7,1459.0,2,1460.0,1,1462.0,33,1463.0,7,1465.0,3,1467.0,3,1469.0,3,1461.0
FG411,,13:48:29.0#,1488.0,1492.0,1446.0,1637.0,1339.0,1974,5545,1454.0,2,1456.0,2,1458.0,7,1459.0,2,1460.0,11,1462.0,33,1463.0,7,1465.0,3,1467.0,3,1469.0,3,1461.0
FG411,,13:48:29.250#,1488.0,1492.0,1446.0,1637.0,1339.0,1974,5545,1454.0,2,1456.0,2,1458.0,1,1459.0,1,1460.0,12,1462.0,33,1463.0,1,1465.0,3,1467.0,3,1469.0,3,1461.0
FG411,,13:48:29.500#,1488.0,1492.0,1446.0,1637.0,1339.0,1974,5545,1454.0,2,1456.0,2,1458.0,1,1459.0,7,1460.0,12,1462.0,33,1463.0,1,1464.0,6,1465.0,3,1467.0,3,1461.0
FG411,,13:48:29.750#,1488.0,1492.0,1446.0,1637.0,1339.0,1974,5545,1454.0,2,1456.0,2,1458.0,1,1459.0,7,1460.0,13,1462.0,33,1463.0,1,1464.0,6,1465.0,3,1467.0,3,1461.0
FG411,,13:48:30.0#,1488.0,1492.0,1446.0,1637.0,1339.0,1974,5545,1454.0,2,1456.0,2,1458.0,1,1459.0,7,1460.0,13,1462.0,30,1463.0,1,1464.0,6,1465.0,3,1467.0,3,1461.0
FG411,,13:48:30.250#,1488.0,1492.0,1446.0,1637.0,1339.0,1974,5545,1454.0,2,1456.0,2,1458.0,1,1459.0,7,1460.0,13,1462.0,29,1463.0,1,1464.0,6,1465.0,3,1467.0,3,1461.0
FG411,,13:48:32.750#,1488.0,1492.0,1446.0,1637.0,1339.0,1974,5545,1454.0,2,1456.0,2,1458.0,1,1459.0,7,1460.0,13,1462.0,28,1463.0,1,1464.0,6,1465.0,3,1467.0,3,1461.0
FG411,,13:48:33.0#,1488.0,1492.0,1446.0,1637.0,1339.0,1974,5545,1456.0,2,1458.0,1,1459.0,7,1460.0,1,1461.0,1,1462.0,28,1463.0,1,1464.0,6,1465.0,3,1467.0,3,1461.0
FG411,,13:48:41.750#,1488.0,1492.0,1446.0,1637.0,1339.0,1974,5545,1456.0,2,1458.0,1,1459.0,7,1460.0,6,1461.0,1,1462.0,28,1463.0,1,1464.0,6,1465.0,3,1467.0,3,1461.0
FG411,,13:48:42.250#,1488.0,1492.0,1446.0,1637.0,1339.0,1974,5545,1456.0,2,1458.0,1,1459.0,7,1460.0,6,1461.0,1,1463.0,34,1464.0,6,1465.0,3,1467.0,3,1469.0,3,1461.0
FG411,,13:49:00.500#,1488.0,1492.0,1446.0,1637.0,1339.0,1974,5545,1456.0,2,1458.0,1,1459.0,7,1460.0,6,1461.0,1,1462.0,5,1463.0,1,1464.0,6,1465.0,3,1467.0,3,1461.0
FG411,,13:49:03.500#,1488.0,1492.0,1446.0,1637.0,1339.0,1974,5545,1456.0,2,1458.0,1,1459.0,7,1460.0,6,1461.0,1,1462.0,22,1463.0,1,1464.0,6,1465.0,3,1467.0,3,1461.0
FG411,,13:49:03.750#,1488.0,1492.0,1446.0,1637.0,1339.0,1974,5545,1456.0,2,1458.0,1,1459.0,7,1460.0,6,1461.0,1,1462.0,33,1463.0,1,1464.0,6,1465.0,3,1467.0,3,1461.0
FG411,,13:49:04.250#,1488.0,1492.0,1446.0,1637.0,1339.0,1974,5545,1456.0,2,1458.0,1,1459.0,7,1460.0,6,1461.0,1,1463.0,34,1464.0,6,1465.0,3,1467.0,3,1469.0,3,1461.0
FG411,,13:49:05.250#,1488.0,1492.0,1446.0,1637.0,1339.0,1974,5545,1456.0,2,1458.0,1,1459.0,7,1460.0,6,1461.0,1,1462.0,1,1463.0,1,1464.0,6,1465.0,3,1467.0,3,1461.0
FG411,,13:49:06.500#,1488.0,1492.0,1446.0,1637.0,1339.0,1974,5545,1456.0,2,1458.0,1,1459.0,7,1460.0,6,1461.0,1,1463.0,34,1464.0,6,1465.0,3,1467.0,3,1469.0,3,1461.0
FG411,,13:49:07.250#,1488.0,1492.0,1446.0,1637.0,1339.0,1974,5545,1456.0,2,1458.0,1,1459.0,7,1460.0,6,1461.0,7,1463.0,34,1464.0,6,1465.0,3,1467.0,3,1469.0,3,1461.0
FG411,,13:49:07.500#,1488.0,1492.0,1446.0,1637.0,1339.0,1974,5545,1456.0,2,1458.0,1,1459.0,1,1460.0,5,1461.0,12,1463.0,34,1465.0,3,1467.0,3,1469.0,3,1470.0,3,1461.0
FG411,,13:49:07.750#,1488.0,1492.0,1446.0,1637.0,1339.0,1974,5545,1456.0,2,1458.0,1,1459.0,1,1460.0,11,1461.0,12,1463.0,34,1465.0,9,1467.0,3,1469.0,3,1470.0,3,1461.0
FG411,,13:49:08.750#,1488.0,1492.0,1446.0,1637.0,1339.0,1974,5545,1458.0,1,1459.0,1,1460.0,11,1461.0,1,1462.0,1,1463.0,34,1465.0,9,1467.0,3,1469.0,3,1470.0,3,1461.0
FG411,,13:49:09.0#,1488.0,1492.0,1446.0,1637.0,1339.0,1974,5545,1458.0,1,1459.0,1,1460.0,12,1461.0,1,1462.0,1,1463.0,34,1465.0,9,1467.0,3,1469.0,3,1470.0,3,1461.0
FG411,,13:49:13.250#,1488.0,1492.0,1446.0,1637.0,1339.0,1975,5544,1456.0,2,1458.0,1,1459.0,1,1460.0,12,1461.0,12,1463.0,33,1465.0,9,1467.0,3,1469.0,3,1470.0,3,1463.0
FG411,,13:49:23.250#,1488.0,1492.0,1446.0,1637.0,1339.0,1975,5544,1456.0,2,1458.0,1,1459.0,1,1460.0,12,1461.0,13,1463.0,33,1465.0,9,1467.0,3,1469.0,3,1470.0,3,1463.0
FG411,,13:49:23.500#,1488.0,1492.0,1446.0,1637.0,1339.0,1975,5544,1456.0,2,1458.0,1,1459.0,1,1460.0,11,1461.0,13,1463.0,33,1465.0,9,1467.0,3,1469.0,3,1470.0,3,1463.0
FG411,,13:49:26.500#,1488.0,1492.0,1446.0,1637.0,1339.0,1975,5544,1456.0,2,1458.0,1,1459.0,1,1460.0,11,1461.0,13,1463.0,34,1465.0,8,1467.0,3,1469.0,3,1470.0,3,1463.0
