InstrumentId,ExchangeId,Datetime,OpenPrice,HighestPrice,LowestPrice,UpperLimitPrice,LowerLimitPrice,Volume,OpenInterest,BidPrice5,BidVolume5,BidPrice4,BidVolume4,BidPrice3,BidVolume3,BidPrice2,BidVolume2,BidPrice1,BidVolume1,AskPrice1,AskVolume1,AskPrice2,AskVolume2,AskPrice3,AskVolume3,AskPrice4,AskVolume4,AskPrice5,AskVolume5,LastPrice
FG501,,13:38:35.0#,1492.0,1502.0,1469.0,1647.0,1347.0,75141,279434,1480.0,238,1481.0,129,1482.0,61,1483.0,137,1484.0,16,1485.0,32,1486.0,82,1487.0,52,1488.0,45,1489.0,89,1484.0
FG501,,13:38:36.0#,1492.0,1502.0,1469.0,1647.0,1347.0,75141,279434,1480.0,238,1481.0,129,1482.0,61,1483.0,137,1484.0,16,1485.0,34,1486.0,72,1487.0,52,1488.0,45,1489.0,89,1484.0
FG501,,13:38:36.250#,1492.0,1502.0,1469.0,1647.0,1347.0,75142,279435,1480.0,238,1481.0,129,1482.0,61,1483.0,137,1484.0,16,1485.0,33,1486.0,77,1487.0,52,1488.0,45,1489.0,89,1485.0
FG501,,13:38:38.500#,1492.0,1502.0,1469.0,1647.0,1347.0,75142,279435,1480.0,238,1481.0,129,1482.0,61,1483.0,137,1484.0,16,1485.0,33,1486.0,77,1487.0,52,1488.0,45,1489.0,88,1485.0
FG501,,13:38:39.250#,1492.0,1502.0,1469.0,1647.0,1347.0,75142,279435,1480.0,239,1481.0,129,1482.0,61,1483.0,137,1484.0,16,1485.0,33,1486.0,77,1487.0,52,1488.0,45,1489.0,88,1485.0
FG501,,13:38:39.500#,1492.0,1502.0,1469.0,1647.0,1347.0,75142,279435,1480.0,239,1481.0,129,1482.0,61,1483.0,137,1484.0,13,1485.0,33,1486.0,77,1487.0,52,1488.0,45,1489.0,88,1485.0
FG501,,13:38:40.500#,1492.0,1502.0,1469.0,1647.0,1347.0,75144,279435,1480.0,239,1481.0,129,1482.0,61,1483.0,137,1484.0,11,1485.0,33,1486.0,77,1487.0,52,1488.0,45,1489.0,88,1484.0
FG501,,13:38:41.750#,1492.0,1502.0,1469.0,1647.0,1347.0,75144,279435,1480.0,239,1481.0,129,1482.0,61,1483.0,137,1484.0,11,1485.0,34,1486.0,77,1487.0,52,1488.0,45,1489.0,88,1484.0
FG501,,13:38:42.250#,1492.0,1502.0,1469.0,1647.0,1347.0,75144,279435,1480.0,239,1481.0,129,1482.0,61,1483.0,137,1484.0,11,1485.0,35,1486.0,77,1487.0,52,1488.0,45,1489.0,88,1484.0
FG501,,13:38:43.0#,1492.0,1502.0,1469.0,1647.0,1347.0,75144,279435,1480.0,239,1481.0,129,1482.0,61,1483.0,137,1484.0,16,1485.0,35,1486.0,77,1487.0,52,1488.0,45,1489.0,88,1484.0
FG501,,13:38:43.250#,1492.0,1502.0,1469.0,1647.0,1347.0,75144,279435,1480.0,239,1481.0,129,1482.0,61,1483.0,137,1484.0,16,1485.0,35,1486.0,77,1487.0,52,1488.0,45,1489.0,88,1484.0
FG501,,13:38:44.250#,1492.0,1502.0,1469.0,1647.0,1347.0,75145,279435,1480.0,239,1481.0,129,1482.0,61,1483.0,137,1484.0,16,1485.0,34,1486.0,77,1487.0,52,1488.0,45,1489.0,88,1485.0
FG501,,13:38:44.500#,1492.0,1502.0,1469.0,1647.0,1347.0,75146,279436,1480.0,239,1481.0,129,1482.0,61,1483.0,137,1484.0,20,1485.0,33,1486.0,77,1487.0,52,1488.0,45,1489.0,88,1485.0
FG501,,13:38:45.0#,1492.0,1502.0,1469.0,1647.0,1347.0,75146,279436,1480.0,239,1481.0,129,1482.0,61,1483.0,137,1484.0,19,1485.0,33,1486.0,77,1487.0,52,1488.0,45,1489.0,88,1485.0
FG501,,13:38:45.250#,1492.0,1502.0,1469.0,1647.0,1347.0,75146,279436,1480.0,239,1481.0,129,1482.0,61,1483.0,137,1484.0,20,1485.0,22,1486.0,77,1487.0,52,1488.0,45,1489.0,88,1485.0
FG501,,13:38:45.500#,1492.0,1502.0,1469.0,1647.0,1347.0,75146,279436,1480.0,239,1481.0,129,1482.0,61,1483.0,137,1484.0,20,1485.0,27,1486.0,77,1487.0,52,1488.0,45,1489.0,88,1485.0
FG501,,13:38:45.750#,1492.0,1502.0,1469.0,1647.0,1347.0,75146,279436,1480.0,239,1481.0,129,1482.0,61,1483.0,137,1484.0,20,1485.0,27,1486.0,77,1487.0,52,1488.0,45,1489.0,88,1485.0
FG501,,13:38:47.250#,1492.0,1502.0,1469.0,1647.0,1347.0,75146,279436,1480.0,239,1481.0,129,1482.0,61,1483.0,138,1484.0,20,1485.0,27,1486.0,77,1487.0,52,1488.0,45,1489.0,88,1485.0
FG501,,13:38:47.500#,1492.0,1502.0,1469.0,1647.0,1347.0,75150,279438,1480.0,239,1481.0,129,1482.0,61,1483.0,138,1484.0,17,1485.0,27,1486.0,77,1487.0,52,1488.0,45,1489.0,88,1484.0
FG501,,13:38:47.750#,1492.0,1502.0,1469.0,1647.0,1347.0,75150,279438,1480.0,239,1481.0,129,1482.0,61,1483.0,138,1484.0,21,1485.0,27,1486.0,77,1487.0,52,1488.0,45,1489.0,88,1484.0
FG501,,13:38:48.0#,1492.0,1502.0,1469.0,1647.0,1347.0,75151,279439,1480.0,239,1481.0,129,1482.0,61,1483.0,138,1484.0,21,1485.0,27,1486.0,77,1487.0,52,1488.0,45,1489.0,88,1484.0
FG501,,13:38:48.750#,1492.0,1502.0,1469.0,1647.0,1347.0,75151,279439,1480.0,239,1481.0,129,1482.0,61,1483.0,138,1484.0,22,1485.0,27,1486.0,77,1487.0,52,1488.0,45,1489.0,88,1484.0
FG501,,13:38:49.250#,1492.0,1502.0,1469.0,1647.0,1347.0,75151,279439,1480.0,239,1481.0,129,1482.0,61,1483.0,139,1484.0,22,1485.0,27,1486.0,77,1487.0,52,1488.0,45,1489.0,88,1484.0
FG501,,13:38:49.500#,1492.0,1502.0,1469.0,1647.0,1347.0,75154,279440,1480.0,239,1481.0,129,1482.0,61,1483.0,139,1484.0,22,1485.0,24,1486.0,77,1487.0,52,1488.0,45,1489.0,88,1485.0
FG501,,13:38:49.750#,1492.0,1502.0,1469.0,1647.0,1347.0,75154,279440,1480.0,239,1481.0,129,1482.0,61,1483.0,139,1484.0,22,1485.0,25,1486.0,77,1487.0,52,1488.0,45,1489.0,88,1485.0
FG501,,13:38:50.0#,1492.0,1502.0,1469.0,1647.0,1347.0,75154,279440,1480.0,239,1481.0,129,1482.0,60,1483.0,139,1484.0,22,1485.0,25,1486.0,77,1487.0,52,1488.0,45,1489.0,88,1485.0
FG501,,13:38:50.250#,1492.0,1502.0,1469.0,1647.0,1347.0,75157,279443,1480.0,239,1481.0,129,1482.0,60,1483.0,139,1484.0,19,1485.0,25,1486.0,77,1487.0,52,1488.0,45,1489.0,88,1484.0
FG501,,13:38:51.250#,1492.0,1502.0,1469.0,1647.0,1347.0,75157,279443,1480.0,239,1481.0,129,1482.0,60,1483.0,139,1484.0,19,1485.0,25,1486.0,77,1487.0,52,1488.0,45,1489.0,88,1484.0
FG501,,13:38:51.500#,1492.0,1502.0,1469.0,1647.0,1347.0,75157,279443,1480.0,239,1481.0,129,1482.0,60,1483.0,139,1484.0,19,1485.0,25,1486.0,78,1487.0,52,1488.0,45,1489.0,88,1484.0
FG501,,13:38:52.500#,1492.0,1502.0,1469.0,1647.0,1347.0,75157,279443,1480.0,239,1481.0,129,1482.0,60,1483.0,139,1484.0,20,1485.0,25,1486.0,78,1487.0,52,1488.0,45,1489.0,88,1484.0
FG501,,13:38:53.0#,1492.0,1502.0,1469.0,1647.0,1347.0,75157,279443,1480.0,239,1481.0,129,1482.0,60,1483.0,139,1484.0,20,1485.0,26,1486.0,78,1487.0,52,1488.0,45,1489.0,88,1484.0
FG501,,13:38:53.250#,1492.0,1502.0,1469.0,1647.0,1347.0,75157,279443,1480.0,239,1481.0,129,1482.0,60,1483.0,139,1484.0,21,1485.0,26,1486.0,78,1487.0,52,1488.0,45,1489.0,88,1484.0
FG501,,13:38:55.0#,1492.0,1502.0,1469.0,1647.0,1347.0,75157,279443,1480.0,239,1481.0,129,1482.0,60,1483.0,138,1484.0,22,1485.0,26,1486.0,78,1487.0,52,1488.0,45,1489.0,88,1484.0
FG501,,13:38:55.250#,1492.0,1502.0,1469.0,1647.0,1347.0,75162,279448,1480.0,239,1481.0,129,1482.0,60,1483.0,138,1484.0,17,1485.0,26,1486.0,78,1487.0,52,1488.0,45,1489.0,88,1484.0
FG501,,13:38:56.750#,1492.0,1502.0,1469.0,1647.0,1347.0,75162,279448,1480.0,239,1481.0,129,1482.0,60,1483.0,138,1484.0,18,1485.0,26,1486.0,78,1487.0,52,1488.0,45,1489.0,88,1484.0
FG501,,13:38:57.0#,1492.0,1502.0,1469.0,1647.0,1347.0,75162,279448,1480.0,239,1481.0,129,1482.0,60,1483.0,138,1484.0,21,1485.0,26,1486.0,78,1487.0,52,1488.0,45,1489.0,88,1484.0
FG501,,13:38:57.750#,1492.0,1502.0,1469.0,1647.0,1347.0,75162,279448,1480.0,239,1481.0,129,1482.0,60,1483.0,138,1484.0,26,1485.0,26,1486.0,78,1487.0,52,1488.0,45,1489.0,88,1484.0
FG501,,13:38:58.0#,1492.0,1502.0,1469.0,1647.0,1347.0,75162,279448,1480.0,239,1481.0,129,1482.0,60,1483.0,138,1484.0,30,1485.0,20,1486.0,78,1487.0,52,1488.0,45,1489.0,88,1484.0
FG501,,13:38:59.500#,1492.0,1502.0,1469.0,1647.0,1347.0,75190,279465,1480.0,239,1481.0,129,1482.0,60,1483.0,139,1484.0,2,1485.0,28,1486.0,78,1487.0,52,1488.0,45,1489.0,88,1484.0
FG501,,13:38:59.750#,1492.0,1502.0,1469.0,1647.0,1347.0,75190,279465,1480.0,239,1481.0,129,1482.0,60,1483.0,139,1484.0,4,1485.0,39,1486.0,78,1487.0,52,1488.0,45,1489.0,88,1484.0
FG501,,13:39:00.500#,1492.0,1502.0,1469.0,1647.0,1347.0,75190,279465,1480.0,238,1481.0,129,1482.0,59,1483.0,139,1484.0,4,1485.0,39,1486.0,78,1487.0,52,1488.0,45,1489.0,88,1484.0
FG501,,13:39:00.750#,1492.0,1502.0,1469.0,1647.0,1347.0,75190,279465,1480.0,238,1481.0,129,1482.0,59,1483.0,140,1484.0,4,1485.0,39,1486.0,78,1487.0,52,1488.0,45,1489.0,88,1484.0
FG501,,13:39:01.250#,1492.0,1502.0,1469.0,1647.0,1347.0,75191,279466,1480.0,238,1481.0,129,1482.0,59,1483.0,140,1484.0,3,1485.0,39,1486.0,78,1487.0,52,1488.0,45,1489.0,88,1484.0
FG501,,13:39:01.750#,1492.0,1502.0,1469.0,1647.0,1347.0,75191,279466,1480.0,238,1481.0,129,1482.0,59,1483.0,141,1484.0,3,1485.0,39,1486.0,78,1487.0,52,1488.0,45,1489.0,88,1484.0
FG501,,13:39:03.0#,1492.0,1502.0,1469.0,1647.0,1347.0,75191,279466,1480.0,238,1481.0,129,1482.0,60,1483.0,141,1484.0,3,1485.0,39,1486.0,78,1487.0,52,1488.0,45,1489.0,88,1484.0
FG501,,13:39:03.750#,1492.0,1502.0,1469.0,1647.0,1347.0,75191,279466,1480.0,238,1481.0,129,1482.0,60,1483.0,142,1484.0,3,1485.0,39,1486.0,78,1487.0,52,1488.0,45,1489.0,88,1484.0
FG501,,13:39:04.250#,1492.0,1502.0,1469.0,1647.0,1347.0,75191,279466,1480.0,238,1481.0,129,1482.0,60,1483.0,142,1484.0,3,1485.0,39,1486.0,78,1487.0,52,1488.0,45,1489.0,88,1484.0
FG501,,13:39:04.750#,1492.0,1502.0,1469.0,1647.0,1347.0,75191,279466,1480.0,238,1481.0,130,1482.0,60,1483.0,142,1484.0,3,1485.0,39,1486.0,78,1487.0,52,1488.0,45,1489.0,88,1484.0
FG501,,13:39:05.0#,1492.0,1502.0,1469.0,1647.0,1347.0,75193,279467,1480.0,238,1481.0,130,1482.0,60,1483.0,142,1484.0,1,1485.0,39,1486.0,78,1487.0,52,1488.0,45,1489.0,88,1484.0
FG501,,13:39:06.0#,1492.0,1502.0,1469.0,1647.0,1347.0,75194,279467,1479.0,54,1480.0,238,1481.0,130,1482.0,60,1483.0,157,1484.0,19,1485.0,31,1486.0,78,1487.0,52,1488.0,45,1484.0
FG501,,13:39:06.250#,1492.0,1502.0,1469.0,1647.0,1347.0,75194,279467,1479.0,54,1480.0,238,1481.0,130,1482.0,60,1483.0,157,1484.0,19,1485.0,34,1486.0,78,1487.0,52,1488.0,45,1484.0
FG501,,13:39:07.250#,1492.0,1502.0,1469.0,1647.0,1347.0,75194,279467,1479.0,54,1480.0,238,1481.0,130,1482.0,60,1483.0,157,1484.0,19,1485.0,34,1486.0,78,1487.0,52,1488.0,45,1484.0
FG501,,13:39:07.500#,1492.0,1502.0,1469.0,1647.0,1347.0,75194,279467,1479.0,54,1480.0,238,1481.0,130,1482.0,60,1483.0,154,1484.0,19,1485.0,34,1486.0,78,1487.0,52,1488.0,45,1484.0
FG501,,13:39:08.500#,1492.0,1502.0,1469.0,1647.0,1347.0,75198,279471,1479.0,54,1480.0,238,1481.0,130,1482.0,60,1483.0,150,1484.0,19,1485.0,34,1486.0,78,1487.0,52,1488.0,45,1483.0
FG501,,13:39:09.500#,1492.0,1502.0,1469.0,1647.0,1347.0,75198,279471,1479.0,54,1480.0,239,1481.0,130,1482.0,60,1483.0,150,1484.0,19,1485.0,34,1486.0,78,1487.0,52,1488.0,45,1483.0
FG501,,13:39:10.250#,1492.0,1502.0,1469.0,1647.0,1347.0,75198,279471,1479.0,54,1480.0,239,1481.0,130,1482.0,60,1483.0,140,1484.0,22,1485.0,34,1486.0,78,1487.0,52,1488.0,45,1483.0
FG501,,13:39:10.500#,1492.0,1502.0,1469.0,1647.0,1347.0,75198,279471,1479.0,54,1480.0,239,1481.0,130,1482.0,59,1483.0,137,1484.0,27,1485.0,34,1486.0,78,1487.0,52,1488.0,45,1483.0
FG501,,13:39:10.750#,1492.0,1502.0,1469.0,1647.0,1347.0,75198,279471,1479.0,54,1480.0,236,1481.0,130,1482.0,59,1483.0,137,1484.0,40,1485.0,34,1486.0,78,1487.0,52,1488.0,45,1483.0
FG501,,13:39:11.0#,1492.0,1502.0,1469.0,1647.0,1347.0,75198,279471,1479.0,54,1480.0,236,1481.0,130,1482.0,60,1483.0,137,1484.0,38,1485.0,34,1486.0,78,1487.0,52,1488.0,45,1483.0
FG501,,13:39:11.500#,1492.0,1502.0,1469.0,1647.0,1347.0,75198,279471,1479.0,54,1480.0,236,1481.0,130,1482.0,60,1483.0,137,1484.0,38,1485.0,34,1486.0,78,1487.0,52,1488.0,46,1483.0
FG501,,13:39:11.750#,1492.0,1502.0,1469.0,1647.0,1347.0,75198,279471,1479.0,54,1480.0,236,1481.0,130,1482.0,60,1483.0,137,1484.0,34,1485.0,34,1486.0,78,1487.0,52,1488.0,46,1483.0
FG501,,13:39:12.0#,1492.0,1502.0,1469.0,1647.0,1347.0,75198,279471,1479.0,54,1480.0,236,1481.0,130,1482.0,60,1483.0,138,1484.0,23,1485.0,34,1486.0,78,1487.0,52,1488.0,46,1483.0
FG501,,13:39:12.250#,1492.0,1502.0,1469.0,1647.0,1347.0,75209,279479,1479.0,54,1480.0,236,1481.0,130,1482.0,60,1483.0,127,1484.0,23,1485.0,34,1486.0,78,1487.0,52,1488.0,46,1483.0
FG501,,13:39:12.500#,1492.0,1502.0,1469.0,1647.0,1347.0,75209,279479,1479.0,54,1480.0,236,1481.0,130,1482.0,60,1483.0,127,1484.0,24,1485.0,34,1486.0,78,1487.0,52,1488.0,46,1483.0
FG501,,13:39:12.750#,1492.0,1502.0,1469.0,1647.0,1347.0,75209,279479,1479.0,54,1480.0,236,1481.0,130,1482.0,60,1483.0,126,1484.0,26,1485.0,34,1486.0,78,1487.0,52,1488.0,46,1483.0
FG501,,13:39:13.500#,1492.0,1502.0,1469.0,1647.0,1347.0,75209,279479,1479.0,54,1480.0,236,1481.0,130,1482.0,60,1483.0,126,1484.0,27,1485.0,34,1486.0,78,1487.0,52,1488.0,46,1483.0
FG501,,13:39:14.0#,1492.0,1502.0,1469.0,1647.0,1347.0,75209,279479,1479.0,54,1480.0,236,1481.0,130,1482.0,60,1483.0,136,1484.0,24,1485.0,34,1486.0,78,1487.0,52,1488.0,46,1483.0
FG501,,13:39:14.250#,1492.0,1502.0,1469.0,1647.0,1347.0,75209,279479,1479.0,54,1480.0,236,1481.0,130,1482.0,61,1483.0,136,1484.0,23,1485.0,34,1486.0,78,1487.0,52,1488.0,46,1483.0
FG501,,13:39:14.500#,1492.0,1502.0,1469.0,1647.0,1347.0,75209,279479,1479.0,54,1480.0,236,1481.0,130,1482.0,60,1483.0,136,1484.0,23,1485.0,34,1486.0,78,1487.0,52,1488.0,46,1483.0
FG501,,13:39:15.0#,1492.0,1502.0,1469.0,1647.0,1347.0,75209,279479,1479.0,54,1480.0,236,1481.0,130,1482.0,60,1483.0,137,1484.0,23,1485.0,34,1486.0,78,1487.0,52,1488.0,46,1483.0
FG501,,13:39:15.500#,1492.0,1502.0,1469.0,1647.0,1347.0,75213,279483,1479.0,54,1480.0,236,1481.0,130,1482.0,60,1483.0,133,1484.0,19,1485.0,34,1486.0,78,1487.0,52,1488.0,46,1484.0
FG501,,13:39:17.0#,1492.0,1502.0,1469.0,1647.0,1347.0,75214,279484,1479.0,54,1480.0,236,1481.0,130,1482.0,60,1483.0,133,1484.0,18,1485.0,34,1486.0,78,1487.0,52,1488.0,46,1484.0
FG501,,13:39:17.250#,1492.0,1502.0,1469.0,1647.0,1347.0,75215,279485,1479.0,54,1480.0,236,1481.0,130,1482.0,60,1483.0,133,1484.0,17,1485.0,34,1486.0,78,1487.0,52,1488.0,46,1484.0
FG501,,13:39:18.0#,1492.0,1502.0,1469.0,1647.0,1347.0,75218,279485,1479.0,54,1480.0,236,1481.0,130,1482.0,60,1483.0,130,1484.0,17,1485.0,34,1486.0,78,1487.0,52,1488.0,46,1483.0
FG501,,13:39:18.250#,1492.0,1502.0,1469.0,1647.0,1347.0,75218,279485,1479.0,54,1480.0,236,1481.0,130,1482.0,60,1483.0,131,1484.0,17,1485.0,34,1486.0,78,1487.0,52,1488.0,46,1483.0
FG501,,13:39:19.0#,1492.0,1502.0,1469.0,1647.0,1347.0,75218,279485,1479.0,54,1480.0,236,1481.0,130,1482.0,60,1483.0,131,1484.0,19,1485.0,34,1486.0,78,1487.0,52,1488.0,46,1483.0
FG501,,13:39:19.500#,1492.0,1502.0,1469.0,1647.0,1347.0,75219,279486,1479.0,54,1480.0,236,1481.0,130,1482.0,60,1483.0,131,1484.0,18,1485.0,34,1486.0,78,1487.0,52,1488.0,46,1484.0
FG501,,13:39:19.750#,1492.0,1502.0,1469.0,1647.0,1347.0,75219,279486,1479.0,54,1480.0,236,1481.0,130,1482.0,60,1483.0,136,1484.0,18,1485.0,34,1486.0,78,1487.0,52,1488.0,46,1484.0
FG501,,13:39:20.0#,1492.0,1502.0,1469.0,1647.0,1347.0,75219,279486,1479.0,54,1480.0,236,1481.0,130,1482.0,61,1483.0,141,1484.0,19,1485.0,34,1486.0,78,1487.0,52,1488.0,46,1484.0
FG501,,13:39:20.500#,1492.0,1502.0,1469.0,1647.0,1347.0,75220,279486,1479.0,54,1480.0,236,1481.0,130,1482.0,61,1483.0,141,1484.0,18,1485.0,34,1486.0,78,1487.0,52,1488.0,46,1484.0
FG501,,13:39:22.0#,1492.0,1502.0,1469.0,1647.0,1347.0,75221,279486,1479.0,54,1480.0,236,1481.0,130,1482.0,61,1483.0,137,1484.0,18,1485.0,34,1486.0,78,1487.0,52,1488.0,46,1483.0
FG501,,13:39:22.250#,1492.0,1502.0,1469.0,1647.0,1347.0,75221,279486,1479.0,54,1480.0,236,1481.0,130,1482.0,60,1483.0,137,1484.0,20,1485.0,34,1486.0,78,1487.0,52,1488.0,46,1483.0
FG501,,13:39:22.500#,1492.0,1502.0,1469.0,1647.0,1347.0,75221,279486,1479.0,54,1480.0,236,1481.0,130,1482.0,60,1483.0,136,1484.0,22,1485.0,34,1486.0,78,1487.0,52,1488.0,46,1483.0
FG501,,13:39:23.0#,1492.0,1502.0,1469.0,1647.0,1347.0,75221,279486,1479.0,54,1480.0,236,1481.0,130,1482.0,61,1483.0,136,1484.0,23,1485.0,34,1486.0,78,1487.0,52,1488.0,46,1483.0
FG501,,13:39:23.250#,1492.0,1502.0,1469.0,1647.0,1347.0,75221,279486,1479.0,53,1480.0,236,1481.0,130,1482.0,61,1483.0,136,1484.0,23,1485.0,34,1486.0,78,1487.0,52,1488.0,46,1483.0
FG501,,13:39:23.750#,1492.0,1502.0,1469.0,1647.0,1347.0,75222,279486,1479.0,53,1480.0,236,1481.0,130,1482.0,61,1483.0,136,1484.0,22,1485.0,34,1486.0,78,1487.0,52,1488.0,46,1484.0
FG501,,13:39:24.0#,1492.0,1502.0,1469.0,1647.0,1347.0,75223,279487,1479.0,53,1480.0,236,1481.0,130,1482.0,61,1483.0,136,1484.0,21,1485.0,34,1486.0,78,1487.0,52,1488.0,46,1484.0
FG501,,13:39:25.0#,1492.0,1502.0,1469.0,1647.0,1347.0,75224,279487,1479.0,53,1480.0,236,1481.0,130,1482.0,61,1483.0,137,1484.0,20,1485.0,34,1486.0,78,1487.0,52,1488.0,46,1484.0
FG501,,13:39:25.750#,1492.0,1502.0,1469.0,1647.0,1347.0,75234,279485,1479.0,53,1480.0,236,1481.0,130,1482.0,61,1483.0,127,1484.0,20,1485.0,34,1486.0,78,1487.0,52,1488.0,46,1483.0
FG501,,13:39:27.500#,1492.0,1502.0,1469.0,1647.0,1347.0,75234,279485,1479.0,53,1480.0,236,1481.0,130,1482.0,61,1483.0,127,1484.0,20,1485.0,35,1486.0,78,1487.0,52,1488.0,46,1483.0
FG501,,13:39:27.750#,1492.0,1502.0,1469.0,1647.0,1347.0,75252,279501,1479.0,53,1480.0,236,1481.0,130,1482.0,61,1483.0,130,1484.0,1,1485.0,35,1486.0,78,1487.0,52,1488.0,46,1484.0
FG501,,13:39:28.0#,1492.0,1502.0,1469.0,1647.0,1347.0,75253,279502,1479.0,53,1480.0,236,1481.0,130,1482.0,61,1483.0,131,1485.0,48,1486.0,78,1487.0,52,1488.0,46,1489.0,88,1484.0
FG501,,13:39:28.500#,1492.0,1502.0,1469.0,1647.0,1347.0,75253,279502,1479.0,53,1480.0,236,1481.0,130,1482.0,61,1483.0,132,1485.0,48,1486.0,78,1487.0,52,1488.0,46,1489.0,88,1484.0
FG501,,13:39:29.0#,1492.0,1502.0,1469.0,1647.0,1347.0,75253,279502,1480.0,236,1481.0,130,1482.0,61,1483.0,127,1484.0,1,1485.0,40,1486.0,78,1487.0,52,1488.0,46,1489.0,88,1484.0
FG501,,13:39:29.250#,1492.0,1502.0,1469.0,1647.0,1347.0,75253,279502,1480.0,236,1481.0,130,1482.0,61,1483.0,132,1484.0,9,1485.0,29,1486.0,78,1487.0,52,1488.0,46,1489.0,88,1484.0
FG501,,13:39:29.500#,1492.0,1502.0,1469.0,1647.0,1347.0,75257,279502,1480.0,236,1481.0,130,1482.0,61,1483.0,132,1484.0,6,1485.0,29,1486.0,78,1487.0,52,1488.0,46,1489.0,88,1484.0
FG501,,13:39:29.750#,1492.0,1502.0,1469.0,1647.0,1347.0,75258,279501,1480.0,236,1481.0,130,1482.0,61,1483.0,132,1484.0,5,1485.0,29,1486.0,79,1487.0,52,1488.0,46,1489.0,88,1484.0
FG501,,13:39:30.0#,1492.0,1502.0,1469.0,1647.0,1347.0,75258,279501,1480.0,236,1481.0,130,1482.0,61,1483.0,132,1484.0,5,1485.0,27,1486.0,79,1487.0,52,1488.0,46,1489.0,88,1484.0
FG501,,13:39:30.250#,1492.0,1502.0,1469.0,1647.0,1347.0,75258,279501,1480.0,236,1481.0,130,1482.0,61,1483.0,132,1484.0,5,1485.0,28,1486.0,79,1487.0,52,1488.0,46,1489.0,88,1484.0
FG501,,13:39:30.500#,1492.0,1502.0,1469.0,1647.0,1347.0,75258,279501,1480.0,236,1481.0,130,1482.0,61,1483.0,132,1484.0,5,1485.0,39,1486.0,79,1487.0,52,1488.0,46,1489.0,88,1484.0
FG501,,13:39:30.750#,1492.0,1502.0,1469.0,1647.0,1347.0,75258,279501,1480.0,236,1481.0,130,1482.0,61,1483.0,132,1484.0,6,1485.0,39,1486.0,79,1487.0,52,1488.0,46,1489.0,88,1484.0
FG501,,13:39:31.0#,1492.0,1502.0,1469.0,1647.0,1347.0,75258,279501,1480.0,236,1481.0,130,1482.0,61,1483.0,132,1484.0,6,1485.0,39,1486.0,79,1487.0,52,1488.0,46,1489.0,88,1484.0
FG501,,13:39:31.250#,1492.0,1502.0,1469.0,1647.0,1347.0,75258,279501,1480.0,236,1481.0,130,1482.0,61,1483.0,132,1484.0,6,1485.0,40,1486.0,79,1487.0,52,1488.0,46,1489.0,88,1484.0
FG501,,13:39:31.500#,1492.0,1502.0,1469.0,1647.0,1347.0,75259,279501,1480.0,236,1481.0,130,1482.0,61,1483.0,132,1484.0,5,1485.0,40,1486.0,79,1487.0,52,1488.0,46,1489.0,88,1484.0
FG501,,13:39:32.0#,1492.0,1502.0,1469.0,1647.0,1347.0,75259,279501,1480.0,236,1481.0,130,1482.0,61,1483.0,133,1484.0,5,1485.0,40,1486.0,79,1487.0,52,1488.0,46,1489.0,88,1484.0
FG501,,13:39:32.250#,1492.0,1502.0,1469.0,1647.0,1347.0,75261,279503,1480.0,236,1481.0,130,1482.0,61,1483.0,135,1484.0,3,1485.0,39,1486.0,79,1487.0,52,1488.0,46,1489.0,88,1484.0
FG501,,13:39:33.0#,1492.0,1502.0,1469.0,1647.0,1347.0,75264,279505,1479.0,53,1480.0,236,1481.0,130,1482.0,61,1483.0,140,1484.0,1,1485.0,40,1486.0,79,1487.0,52,1488.0,46,1484.0
FG501,,13:39:33.250#,1492.0,1502.0,1469.0,1647.0,1347.0,75264,279505,1479.0,53,1480.0,236,1481.0,130,1482.0,61,1483.0,197,1484.0,1,1485.0,40,1486.0,79,1487.0,52,1488.0,46,1484.0
FG501,,13:39:33.500#,1492.0,1502.0,1469.0,1647.0,1347.0,75264,279505,1479.0,53,1480.0,236,1481.0,130,1482.0,61,1483.0,197,1484.0,1,1485.0,41,1486.0,79,1487.0,52,1488.0,46,1484.0
FG501,,13:39:34.0#,1492.0,1502.0,1469.0,1647.0,1347.0,75266,279505,1479.0,53,1480.0,236,1481.0,130,1482.0,61,1483.0,197,1485.0,43,1486.0,79,1487.0,52,1488.0,46,1489.0,88,1485.0
FG501,,13:39:34.250#,1492.0,1502.0,1469.0,1647.0,1347.0,75266,279505,1480.0,236,1481.0,130,1482.0,61,1483.0,193,1484.0,2,1485.0,45,1486.0,79,1487.0,52,1488.0,46,1489.0,88,1485.0
FG501,,13:39:34.500#,1492.0,1502.0,1469.0,1647.0,1347.0,75266,279505,1480.0,236,1481.0,130,1482.0,61,1483.0,193,1484.0,3,1485.0,45,1486.0,79,1487.0,52,1488.0,46,1489.0,88,1485.0
FG501,,13:39:35.250#,1492.0,1502.0,1469.0,1647.0,1347.0,75267,279504,1480.0,236,1481.0,130,1482.0,61,1483.0,193,1484.0,2,1485.0,45,1486.0,79,1487.0,52,1488.0,46,1489.0,88,1484.0
FG501,,13:39:36.500#,1492.0,1502.0,1469.0,1647.0,1347.0,75267,279504,1480.0,236,1481.0,130,1482.0,61,1483.0,193,1484.0,3,1485.0,45,1486.0,79,1487.0,52,1488.0,46,1489.0,88,1484.0
FG501,,13:39:36.750#,1492.0,1502.0,1469.0,1647.0,1347.0,75268,279504,1480.0,236,1481.0,130,1482.0,61,1483.0,193,1484.0,2,1485.0,45,1486.0,79,1487.0,52,1488.0,46,1489.0,88,1484.0
FG501,,13:39:37.500#,1492.0,1502.0,1469.0,1647.0,1347.0,75268,279504,1480.0,236,1481.0,130,1482.0,61,1483.0,193,1484.0,2,1485.0,45,1486.0,79,1487.0,52,1488.0,46,1489.0,88,1484.0
FG501,,13:39:38.500#,1492.0,1502.0,1469.0,1647.0,1347.0,75268,279504,1480.0,236,1481.0,130,1482.0,61,1483.0,193,1484.0,5,1485.0,45,1486.0,79,1487.0,52,1488.0,46,1489.0,88,1484.0
FG501,,13:39:38.750#,1492.0,1502.0,1469.0,1647.0,1347.0,75268,279504,1480.0,236,1481.0,130,1482.0,61,1483.0,193,1484.0,6,1485.0,45,1486.0,79,1487.0,52,1488.0,46,1489.0,88,1484.0
FG501,,13:39:39.0#,1492.0,1502.0,1469.0,1647.0,1347.0,75268,279504,1480.0,236,1481.0,130,1482.0,61,1483.0,193,1484.0,7,1485.0,43,1486.0,79,1487.0,52,1488.0,46,1489.0,88,1484.0
FG501,,13:39:39.250#,1492.0,1502.0,1469.0,1647.0,1347.0,75269,279505,1480.0,236,1481.0,130,1482.0,61,1483.0,193,1484.0,6,1485.0,30,1486.0,79,1487.0,52,1488.0,46,1489.0,88,1484.0
FG501,,13:39:39.750#,1492.0,1502.0,1469.0,1647.0,1347.0,75273,279505,1480.0,236,1481.0,130,1482.0,61,1483.0,193,1484.0,6,1485.0,26,1486.0,79,1487.0,52,1488.0,46,1489.0,88,1485.0
FG501,,13:39:40.0#,1492.0,1502.0,1469.0,1647.0,1347.0,75273,279505,1480.0,236,1481.0,130,1482.0,61,1483.0,193,1484.0,6,1485.0,27,1486.0,79,1487.0,52,1488.0,46,1489.0,88,1485.0
FG501,,13:39:40.750#,1492.0,1502.0,1469.0,1647.0,1347.0,75273,279505,1480.0,236,1481.0,130,1482.0,61,1483.0,193,1484.0,6,1485.0,27,1486.0,79,1487.0,52,1488.0,46,1489.0,88,1485.0
FG501,,13:39:41.500#,1492.0,1502.0,1469.0,1647.0,1347.0,75273,279505,1480.0,236,1481.0,130,1482.0,61,1483.0,193,1484.0,6,1485.0,27,1486.0,79,1487.0,52,1488.0,46,1489.0,88,1485.0
FG501,,13:39:41.750#,1492.0,1502.0,1469.0,1647.0,1347.0,75273,279505,1480.0,236,1481.0,130,1482.0,61,1483.0,193,1484.0,7,1485.0,27,1486.0,79,1487.0,52,1488.0,46,1489.0,88,1485.0
FG501,,13:39:43.250#,1492.0,1502.0,1469.0,1647.0,1347.0,75273,279505,1480.0,236,1481.0,130,1482.0,61,1483.0,193,1484.0,7,1485.0,27,1486.0,79,1487.0,52,1488.0,46,1489.0,88,1485.0
FG501,,13:39:43.500#,1492.0,1502.0,1469.0,1647.0,1347.0,75273,279505,1480.0,236,1481.0,130,1482.0,61,1483.0,193,1484.0,7,1485.0,27,1486.0,79,1487.0,52,1488.0,46,1489.0,88,1485.0
FG501,,13:39:44.750#,1492.0,1502.0,1469.0,1647.0,1347.0,75283,279508,1480.0,236,1481.0,130,1482.0,61,1483.0,193,1484.0,8,1485.0,17,1486.0,79,1487.0,52,1488.0,46,1489.0,88,1485.0
FG501,,13:39:45.250#,1492.0,1502.0,1469.0,1647.0,1347.0,75283,279508,1480.0,236,1481.0,130,1482.0,61,1483.0,193,1484.0,9,1485.0,17,1486.0,79,1487.0,52,1488.0,46,1489.0,88,1485.0
FG501,,13:39:45.500#,1492.0,1502.0,1469.0,1647.0,1347.0,75283,279508,1480.0,236,1481.0,130,1482.0,61,1483.0,193,1484.0,26,1485.0,20,1486.0,79,1487.0,52,1488.0,46,1489.0,88,1485.0
FG501,,13:39:45.750#,1492.0,1502.0,1469.0,1647.0,1347.0,75283,279508,1480.0,236,1481.0,130,1482.0,61,1483.0,151,1484.0,68,1485.0,17,1486.0,79,1487.0,52,1488.0,46,1489.0,88,1485.0
FG501,,13:39:46.0#,1492.0,1502.0,1469.0,1647.0,1347.0,75283,279508,1480.0,236,1481.0,130,1482.0,61,1483.0,136,1484.0,83,1485.0,17,1486.0,79,1487.0,52,1488.0,46,1489.0,88,1485.0
FG501,,13:39:46.250#,1492.0,1502.0,1469.0,1647.0,1347.0,75283,279508,1480.0,236,1481.0,130,1482.0,61,1483.0,136,1484.0,83,1485.0,14,1486.0,79,1487.0,52,1488.0,46,1489.0,88,1485.0
FG501,,13:39:46.500#,1492.0,1502.0,1469.0,1647.0,1347.0,75283,279508,1480.0,236,1481.0,130,1482.0,61,1483.0,136,1484.0,83,1485.0,14,1486.0,79,1487.0,52,1488.0,46,1489.0,88,1485.0
FG501,,13:39:47.250#,1492.0,1502.0,1469.0,1647.0,1347.0,75283,279508,1480.0,236,1481.0,130,1482.0,61,1483.0,136,1484.0,83,1485.0,14,1486.0,84,1487.0,52,1488.0,46,1489.0,88,1485.0
FG501,,13:39:47.750#,1492.0,1502.0,1469.0,1647.0,1347.0,75283,279508,1480.0,236,1481.0,130,1482.0,61,1483.0,137,1484.0,83,1485.0,14,1486.0,84,1487.0,52,1488.0,46,1489.0,88,1485.0
FG501,,13:39:48.750#,1492.0,1502.0,1469.0,1647.0,1347.0,75283,279508,1480.0,236,1481.0,130,1482.0,61,1483.0,138,1484.0,83,1485.0,14,1486.0,84,1487.0,52,1488.0,46,1489.0,88,1485.0
FG501,,13:39:50.500#,1492.0,1502.0,1469.0,1647.0,1347.0,75287,279512,1480.0,236,1481.0,130,1482.0,61,1483.0,138,1484.0,79,1485.0,14,1486.0,84,1487.0,52,1488.0,46,1489.0,88,1484.0
FG501,,13:39:50.750#,1492.0,1502.0,1469.0,1647.0,1347.0,75287,279512,1480.0,235,1481.0,130,1482.0,61,1483.0,138,1484.0,79,1485.0,14,1486.0,84,1487.0,52,1488.0,46,1489.0,88,1484.0
FG501,,13:39:51.750#,1492.0,1502.0,1469.0,1647.0,1347.0,75287,279512,1480.0,235,1481.0,130,1482.0,61,1483.0,137,1484.0,80,1485.0,14,1486.0,84,1487.0,52,1488.0,46,1489.0,88,1484.0
FG501,,13:39:54.250#,1492.0,1502.0,1469.0,1647.0,1347.0,75287,279512,1480.0,235,1481.0,130,1482.0,61,1483.0,137,1484.0,81,1485.0,14,1486.0,84,1487.0,52,1488.0,46,1489.0,88,1484.0
FG501,,13:39:54.500#,1492.0,1502.0,1469.0,1647.0,1347.0,75287,279512,1480.0,235,1481.0,130,1482.0,61,1483.0,137,1484.0,82,1485.0,14,1486.0,84,1487.0,52,1488.0,46,1489.0,88,1484.0
FG501,,13:39:55.250#,1492.0,1502.0,1469.0,1647.0,1347.0,75288,279511,1480.0,235,1481.0,130,1482.0,61,1483.0,137,1484.0,81,1485.0,14,1486.0,84,1487.0,52,1488.0,46,1489.0,88,1484.0
FG501,,13:39:56.250#,1492.0,1502.0,1469.0,1647.0,1347.0,75289,279512,1480.0,235,1481.0,130,1482.0,61,1483.0,137,1484.0,80,1485.0,14,1486.0,84,1487.0,52,1488.0,46,1489.0,88,1484.0
FG501,,13:39:56.750#,1492.0,1502.0,1469.0,1647.0,1347.0,75289,279512,1480.0,235,1481.0,130,1482.0,61,1483.0,137,1484.0,80,1485.0,14,1486.0,74,1487.0,52,1488.0,46,1489.0,88,1484.0
FG501,,13:39:58.500#,1492.0,1502.0,1469.0,1647.0,1347.0,75290,279512,1480.0,235,1481.0,130,1482.0,61,1483.0,137,1484.0,80,1485.0,13,1486.0,74,1487.0,52,1488.0,46,1489.0,88,1485.0
FG501,,13:39:59.500#,1492.0,1502.0,1469.0,1647.0,1347.0,75290,279512,1480.0,235,1481.0,130,1482.0,61,1483.0,137,1484.0,80,1485.0,13,1486.0,74,1487.0,52,1488.0,46,1489.0,88,1485.0
FG501,,13:40:01.0#,1492.0,1502.0,1469.0,1647.0,1347.0,75291,279512,1480.0,235,1481.0,130,1482.0,61,1483.0,137,1484.0,79,1485.0,13,1486.0,74,1487.0,53,1488.0,46,1489.0,88,1484.0
FG501,,13:40:01.250#,1492.0,1502.0,1469.0,1647.0,1347.0,75291,279512,1480.0,235,1481.0,130,1482.0,61,1483.0,137,1484.0,79,1485.0,17,1486.0,74,1487.0,53,1488.0,46,1489.0,88,1484.0
FG501,,13:40:01.250#,1492.0,1502.0,1469.0,1647.0,1347.0,75291,279512,1480.0,235,1481.0,130,1482.0,61,1483.0,137,1484.0,79,1485.0,17,1486.0,74,1487.0,53,1488.0,46,1489.0,88,1484.0
FG501,,13:40:02.250#,1492.0,1502.0,1469.0,1647.0,1347.0,75291,279512,1480.0,235,1481.0,130,1482.0,61,1483.0,137,1484.0,79,1485.0,18,1486.0,74,1487.0,53,1488.0,46,1489.0,88,1484.0
FG501,,13:40:02.500#,1492.0,1502.0,1469.0,1647.0,1347.0,75291,279512,1480.0,235,1481.0,130,1482.0,61,1483.0,137,1484.0,79,1485.0,18,1486.0,74,1487.0,53,1488.0,56,1489.0,88,1484.0
FG501,,13:40:02.750#,1492.0,1502.0,1469.0,1647.0,1347.0,75291,279512,1480.0,235,1481.0,130,1482.0,61,1483.0,137,1484.0,79,1485.0,18,1486.0,76,1487.0,53,1488.0,56,1489.0,88,1484.0
FG501,,13:40:04.250#,1492.0,1502.0,1469.0,1647.0,1347.0,75293,279512,1480.0,235,1481.0,130,1482.0,61,1483.0,137,1484.0,79,1485.0,16,1486.0,76,1487.0,53,1488.0,56,1489.0,88,1485.0
FG501,,13:40:04.750#,1492.0,1502.0,1469.0,1647.0,1347.0,75293,279512,1480.0,235,1481.0,130,1482.0,61,1483.0,137,1484.0,79,1485.0,16,1486.0,76,1487.0,53,1488.0,56,1489.0,88,1485.0
FG501,,13:40:06.0#,1492.0,1502.0,1469.0,1647.0,1347.0,75293,279512,1480.0,235,1481.0,130,1482.0,61,1483.0,138,1484.0,79,1485.0,16,1486.0,76,1487.0,53,1488.0,56,1489.0,88,1485.0
FG501,,13:40:06.250#,1492.0,1502.0,1469.0,1647.0,1347.0,75293,279512,1480.0,235,1481.0,130,1482.0,61,1483.0,138,1484.0,79,1485.0,12,1486.0,76,1487.0,53,1488.0,56,1489.0,88,1485.0
FG501,,13:40:06.750#,1492.0,1502.0,1469.0,1647.0,1347.0,75293,279512,1480.0,235,1481.0,130,1482.0,61,1483.0,138,1484.0,79,1485.0,12,1486.0,76,1487.0,53,1488.0,56,1489.0,88,1485.0
FG501,,13:40:07.250#,1492.0,1502.0,1469.0,1647.0,1347.0,75293,279512,1480.0,235,1481.0,130,1482.0,61,1483.0,138,1484.0,79,1485.0,12,1486.0,76,1487.0,53,1488.0,56,1489.0,88,1485.0
FG501,,13:40:08.250#,1492.0,1502.0,1469.0,1647.0,1347.0,75295,279512,1480.0,235,1481.0,130,1482.0,61,1483.0,138,1484.0,79,1485.0,10,1486.0,76,1487.0,53,1488.0,56,1489.0,88,1485.0
FG501,,13:40:09.750#,1492.0,1502.0,1469.0,1647.0,1347.0,75295,279512,1480.0,235,1481.0,130,1482.0,61,1483.0,138,1484.0,80,1485.0,10,1486.0,76,1487.0,53,1488.0,56,1489.0,88,1485.0
FG501,,13:40:10.750#,1492.0,1502.0,1469.0,1647.0,1347.0,75295,279512,1480.0,235,1481.0,130,1482.0,61,1483.0,138,1484.0,81,1485.0,10,1486.0,76,1487.0,53,1488.0,56,1489.0,88,1485.0
FG501,,13:40:11.250#,1492.0,1502.0,1469.0,1647.0,1347.0,75295,279512,1480.0,235,1481.0,130,1482.0,63,1483.0,138,1484.0,81,1485.0,10,1486.0,76,1487.0,53,1488.0,56,1489.0,88,1485.0
FG501,,13:40:11.500#,1492.0,1502.0,1469.0,1647.0,1347.0,75299,279515,1480.0,234,1481.0,130,1482.0,63,1483.0,138,1484.0,77,1485.0,10,1486.0,76,1487.0,53,1488.0,56,1489.0,88,1484.0
FG501,,13:40:11.750#,1492.0,1502.0,1469.0,1647.0,1347.0,75299,279515,1480.0,235,1481.0,130,1482.0,64,1483.0,138,1484.0,77,1485.0,10,1486.0,76,1487.0,53,1488.0,56,1489.0,88,1484.0
FG501,,13:40:12.0#,1492.0,1502.0,1469.0,1647.0,1347.0,75299,279515,1480.0,235,1481.0,130,1482.0,64,1483.0,138,1484.0,76,1485.0,10,1486.0,76,1487.0,53,1488.0,56,1489.0,88,1484.0
FG501,,13:40:12.250#,1492.0,1502.0,1469.0,1647.0,1347.0,75310,279526,1480.0,235,1481.0,130,1482.0,64,1483.0,138,1484.0,65,1485.0,10,1486.0,76,1487.0,53,1488.0,56,1489.0,88,1484.0
FG501,,13:40:13.0#,1492.0,1502.0,1469.0,1647.0,1347.0,75312,279528,1480.0,235,1481.0,130,1482.0,64,1483.0,138,1484.0,63,1485.0,10,1486.0,76,1487.0,53,1488.0,56,1489.0,88,1484.0
FG501,,13:40:13.500#,1492.0,1502.0,1469.0,1647.0,1347.0,75312,279528,1480.0,235,1481.0,131,1482.0,64,1483.0,138,1484.0,63,1485.0,10,1486.0,76,1487.0,53,1488.0,56,1489.0,88,1484.0
FG501,,13:40:15.0#,1492.0,1502.0,1469.0,1647.0,1347.0,75312,279528,1480.0,235,1481.0,131,1482.0,65,1483.0,138,1484.0,63,1485.0,10,1486.0,76,1487.0,53,1488.0,56,1489.0,88,1484.0
FG501,,13:40:15.500#,1492.0,1502.0,1469.0,1647.0,1347.0,75312,279528,1480.0,235,1481.0,131,1482.0,67,1483.0,138,1484.0,63,1485.0,10,1486.0,76,1487.0,53,1488.0,56,1489.0,88,1484.0
FG501,,13:40:16.500#,1492.0,1502.0,1469.0,1647.0,1347.0,75312,279528,1480.0,235,1481.0,131,1482.0,67,1483.0,138,1484.0,63,1485.0,10,1486.0,76,1487.0,53,1488.0,56,1489.0,88,1484.0
FG501,,13:40:17.0#,1492.0,1502.0,1469.0,1647.0,1347.0,75322,279525,1480.0,235,1481.0,131,1482.0,67,1483.0,138,1484.0,66,1486.0,86,1487.0,53,1488.0,56,1489.0,88,1490.0,65,1485.0
FG501,,13:40:17.250#,1492.0,1502.0,1469.0,1647.0,1347.0,75322,279525,1481.0,131,1482.0,67,1483.0,138,1484.0,67,1485.0,8,1486.0,77,1487.0,53,1488.0,56,1489.0,88,1490.0,65,1485.0
FG501,,13:40:17.500#,1492.0,1502.0,1469.0,1647.0,1347.0,75322,279525,1481.0,131,1482.0,67,1483.0,137,1484.0,67,1485.0,9,1486.0,74,1487.0,53,1488.0,56,1489.0,88,1490.0,65,1485.0
FG501,,13:40:17.750#,1492.0,1502.0,1469.0,1647.0,1347.0,75322,279525,1481.0,131,1482.0,67,1483.0,137,1484.0,67,1485.0,6,1486.0,74,1487.0,53,1488.0,56,1489.0,88,1490.0,65,1485.0
FG501,,13:40:18.0#,1492.0,1502.0,1469.0,1647.0,1347.0,75322,279525,1481.0,131,1482.0,67,1483.0,137,1484.0,68,1485.0,6,1486.0,74,1487.0,53,1488.0,56,1489.0,88,1490.0,65,1485.0
FG501,,13:40:19.0#,1492.0,1502.0,1469.0,1647.0,1347.0,75322,279525,1481.0,131,1482.0,67,1483.0,136,1484.0,68,1485.0,6,1486.0,74,1487.0,53,1488.0,56,1489.0,88,1490.0,65,1485.0
FG501,,13:40:19.750#,1492.0,1502.0,1469.0,1647.0,1347.0,75322,279525,1481.0,131,1482.0,67,1483.0,136,1484.0,69,1485.0,6,1486.0,74,1487.0,53,1488.0,56,1489.0,88,1490.0,65,1485.0
FG501,,13:40:20.250#,1492.0,1502.0,1469.0,1647.0,1347.0,75322,279525,1481.0,131,1482.0,67,1483.0,136,1484.0,69,1485.0,3,1486.0,74,1487.0,53,1488.0,56,1489.0,88,1490.0,65,1485.0
FG501,,13:40:20.500#,1492.0,1502.0,1469.0,1647.0,1347.0,75322,279525,1481.0,131,1482.0,67,1483.0,136,1484.0,71,1485.0,3,1486.0,74,1487.0,53,1488.0,56,1489.0,88,1490.0,65,1485.0
FG501,,13:40:21.250#,1492.0,1502.0,1469.0,1647.0,1347.0,75322,279525,1481.0,131,1482.0,67,1483.0,136,1484.0,71,1485.0,23,1486.0,74,1487.0,53,1488.0,56,1489.0,88,1490.0,65,1485.0
FG501,,13:40:23.0#,1492.0,1502.0,1469.0,1647.0,1347.0,75322,279525,1481.0,131,1482.0,67,1483.0,136,1484.0,73,1485.0,23,1486.0,74,1487.0,53,1488.0,56,1489.0,88,1490.0,65,1485.0
FG501,,13:40:23.750#,1492.0,1502.0,1469.0,1647.0,1347.0,75322,279525,1481.0,131,1482.0,67,1483.0,136,1484.0,73,1485.0,23,1486.0,74,1487.0,53,1488.0,56,1489.0,88,1490.0,65,1485.0
FG501,,13:40:24.0#,1492.0,1502.0,1469.0,1647.0,1347.0,75332,279533,1481.0,131,1482.0,67,1483.0,136,1484.0,73,1485.0,13,1486.0,74,1487.0,53,1488.0,56,1489.0,88,1490.0,65,1485.0
FG501,,13:40:24.250#,1492.0,1502.0,1469.0,1647.0,1347.0,75332,279533,1481.0,131,1482.0,67,1483.0,136,1484.0,73,1485.0,15,1486.0,74,1487.0,53,1488.0,56,1489.0,88,1490.0,65,1485.0
FG501,,13:40:24.500#,1492.0,1502.0,1469.0,1647.0,1347.0,75332,279533,1481.0,131,1482.0,67,1483.0,136,1484.0,73,1485.0,17,1486.0,74,1487.0,53,1488.0,56,1489.0,88,1490.0,65,1485.0
FG501,,13:40:24.750#,1492.0,1502.0,1469.0,1647.0,1347.0,75332,279533,1481.0,131,1482.0,67,1483.0,136,1484.0,102,1485.0,14,1486.0,74,1487.0,53,1488.0,56,1489.0,88,1490.0,65,1485.0
FG501,,13:40:25.500#,1492.0,1502.0,1469.0,1647.0,1347.0,75333,279534,1481.0,131,1482.0,67,1483.0,136,1484.0,102,1485.0,13,1486.0,74,1487.0,53,1488.0,56,1489.0,88,1490.0,65,1485.0
FG501,,13:40:25.750#,1492.0,1502.0,1469.0,1647.0,1347.0,75338,279529,1481.0,131,1482.0,67,1483.0,136,1484.0,102,1485.0,13,1486.0,69,1487.0,53,1488.0,56,1489.0,88,1490.0,65,1486.0
FG501,,13:40:26.500#,1492.0,1502.0,1469.0,1647.0,1347.0,75338,279529,1481.0,130,1482.0,67,1483.0,135,1484.0,102,1485.0,13,1486.0,69,1487.0,53,1488.0,56,1489.0,88,1490.0,65,1486.0
FG501,,13:40:26.750#,1492.0,1502.0,1469.0,1647.0,1347.0,75338,279529,1481.0,130,1482.0,68,1483.0,135,1484.0,102,1485.0,13,1486.0,69,1487.0,53,1488.0,56,1489.0,88,1490.0,65,1486.0
FG501,,13:40:27.750#,1492.0,1502.0,1469.0,1647.0,1347.0,75338,279529,1481.0,130,1482.0,68,1483.0,135,1484.0,102,1485.0,13,1486.0,69,1487.0,53,1488.0,56,1489.0,88,1490.0,65,1486.0
FG501,,13:40:28.500#,1492.0,1502.0,1469.0,1647.0,1347.0,75338,279529,1481.0,130,1482.0,68,1483.0,135,1484.0,102,1485.0,13,1486.0,69,1487.0,53,1488.0,56,1489.0,88,1490.0,65,1486.0
FG501,,13:40:29.250#,1492.0,1502.0,1469.0,1647.0,1347.0,75338,279529,1481.0,130,1482.0,68,1483.0,135,1484.0,103,1485.0,16,1486.0,69,1487.0,53,1488.0,56,1489.0,88,1490.0,65,1486.0
FG501,,13:40:29.750#,1492.0,1502.0,1469.0,1647.0,1347.0,75338,279529,1481.0,130,1482.0,68,1483.0,135,1484.0,103,1485.0,16,1486.0,69,1487.0,54,1488.0,56,1489.0,88,1490.0,65,1486.0
FG501,,13:40:30.0#,1492.0,1502.0,1469.0,1647.0,1347.0,75338,279529,1481.0,130,1482.0,68,1483.0,130,1484.0,109,1485.0,16,1486.0,69,1487.0,54,1488.0,56,1489.0,88,1490.0,65,1486.0
FG501,,13:40:30.250#,1492.0,1502.0,1469.0,1647.0,1347.0,75339,279530,1481.0,130,1482.0,68,1483.0,130,1484.0,109,1485.0,15,1486.0,69,1487.0,54,1488.0,56,1489.0,88,1490.0,65,1485.0
FG501,,13:40:31.250#,1492.0,1502.0,1469.0,1647.0,1347.0,75339,279530,1481.0,130,1482.0,68,1483.0,130,1484.0,109,1485.0,18,1486.0,69,1487.0,54,1488.0,56,1489.0,88,1490.0,65,1485.0
FG501,,13:40:31.500#,1492.0,1502.0,1469.0,1647.0,1347.0,75339,279530,1481.0,130,1482.0,68,1483.0,130,1484.0,108,1485.0,21,1486.0,69,1487.0,53,1488.0,56,1489.0,87,1490.0,66,1485.0
FG501,,13:40:31.750#,1492.0,1502.0,1469.0,1647.0,1347.0,75339,279530,1481.0,130,1482.0,68,1483.0,130,1484.0,109,1485.0,21,1486.0,69,1487.0,53,1488.0,56,1489.0,87,1490.0,66,1485.0
FG501,,13:40:32.0#,1492.0,1502.0,1469.0,1647.0,1347.0,75339,279530,1481.0,130,1482.0,68,1483.0,130,1484.0,109,1485.0,22,1486.0,69,1487.0,53,1488.0,56,1489.0,87,1490.0,66,1485.0
FG501,,13:40:32.500#,1492.0,1502.0,1469.0,1647.0,1347.0,75346,279534,1481.0,130,1482.0,68,1483.0,130,1484.0,109,1485.0,16,1486.0,66,1487.0,53,1488.0,56,1489.0,87,1490.0,66,1485.0
FG501,,13:40:32.750#,1492.0,1502.0,1469.0,1647.0,1347.0,75347,279534,1481.0,130,1482.0,68,1483.0,130,1484.0,109,1485.0,28,1486.0,65,1487.0,53,1488.0,56,1489.0,87,1490.0,66,1486.0
FG501,,13:40:33.0#,1492.0,1502.0,1469.0,1647.0,1347.0,75398,279539,1481.0,130,1482.0,68,1483.0,130,1484.0,109,1485.0,122,1486.0,14,1487.0,53,1488.0,56,1489.0,87,1490.0,66,1486.0
FG501,,13:40:33.250#,1492.0,1502.0,1469.0,1647.0,1347.0,75412,279547,1481.0,130,1482.0,68,1483.0,130,1484.0,52,1485.0,179,1487.0,58,1488.0,56,1489.0,87,1490.0,66,1491.0,27,1486.0
FG501,,13:40:33.500#,1492.0,1502.0,1469.0,1647.0,1347.0,75412,279547,1481.0,130,1482.0,67,1483.0,130,1484.0,52,1485.0,181,1487.0,58,1488.0,56,1489.0,88,1490.0,66,1491.0,27,1486.0
FG501,,13:40:33.750#,1492.0,1502.0,1469.0,1647.0,1347.0,75412,279547,1481.0,130,1482.0,67,1483.0,130,1484.0,53,1485.0,181,1487.0,58,1488.0,56,1489.0,88,1490.0,66,1491.0,27,1486.0
FG501,,13:40:34.0#,1492.0,1502.0,1469.0,1647.0,1347.0,75412,279547,1481.0,130,1482.0,67,1483.0,130,1484.0,53,1485.0,181,1487.0,59,1488.0,56,1489.0,88,1490.0,66,1491.0,27,1486.0
FG501,,13:40:34.250#,1492.0,1502.0,1469.0,1647.0,1347.0,75412,279547,1481.0,130,1482.0,67,1483.0,130,1484.0,53,1485.0,182,1487.0,60,1488.0,56,1489.0,88,1490.0,66,1491.0,27,1486.0
FG501,,13:40:34.500#,1492.0,1502.0,1469.0,1647.0,1347.0,75412,279547,1481.0,130,1482.0,67,1483.0,130,1484.0,53,1485.0,182,1487.0,60,1488.0,56,1489.0,88,1490.0,66,1491.0,27,1486.0
FG501,,13:40:34.750#,1492.0,1502.0,1469.0,1647.0,1347.0,75414,279549,1481.0,130,1482.0,67,1483.0,130,1484.0,53,1485.0,189,1487.0,60,1488.0,56,1489.0,88,1490.0,66,1491.0,27,1486.0
FG501,,13:40:35.0#,1492.0,1502.0,1469.0,1647.0,1347.0,75414,279549,1481.0,130,1482.0,67,1483.0,130,1484.0,53,1485.0,164,1487.0,60,1488.0,56,1489.0,88,1490.0,66,1491.0,27,1486.0
FG501,,13:40:35.250#,1492.0,1502.0,1469.0,1647.0,1347.0,75414,279549,1481.0,130,1482.0,67,1483.0,130,1484.0,53,1485.0,167,1487.0,60,1488.0,56,1489.0,88,1490.0,66,1491.0,27,1486.0
FG501,,13:40:35.500#,1492.0,1502.0,1469.0,1647.0,1347.0,75414,279549,1481.0,130,1482.0,67,1483.0,130,1484.0,53,1485.0,228,1487.0,60,1488.0,56,1489.0,88,1490.0,66,1491.0,27,1486.0
FG501,,13:40:35.750#,1492.0,1502.0,1469.0,1647.0,1347.0,75414,279549,1482.0,67,1483.0,130,1484.0,53,1485.0,78,1486.0,4,1487.0,60,1488.0,56,1489.0,88,1490.0,66,1491.0,27,1486.0
FG501,,13:40:36.0#,1492.0,1502.0,1469.0,1647.0,1347.0,75414,279549,1482.0,67,1483.0,130,1484.0,53,1485.0,80,1486.0,4,1487.0,56,1488.0,56,1489.0,88,1490.0,66,1491.0,27,1486.0
FG501,,13:40:36.500#,1492.0,1502.0,1469.0,1647.0,1347.0,75414,279549,1482.0,67,1483.0,130,1484.0,53,1485.0,80,1486.0,4,1487.0,53,1488.0,56,1489.0,88,1490.0,66,1491.0,27,1486.0
FG501,,13:40:36.750#,1492.0,1502.0,1469.0,1647.0,1347.0,75418,279549,1481.0,130,1482.0,67,1483.0,130,1484.0,53,1485.0,412,1487.0,62,1488.0,56,1489.0,88,1490.0,66,1491.0,27,1486.0
FG501,,13:40:37.0#,1492.0,1502.0,1469.0,1647.0,1347.0,75423,279544,1481.0,130,1482.0,67,1483.0,130,1484.0,53,1485.0,391,1487.0,57,1488.0,56,1489.0,88,1490.0,66,1491.0,27,1487.0
FG501,,13:40:37.250#,1492.0,1502.0,1469.0,1647.0,1347.0,75423,279544,1482.0,67,1483.0,130,1484.0,54,1485.0,80,1486.0,1,1487.0,57,1488.0,56,1489.0,88,1490.0,66,1491.0,27,1487.0
FG501,,13:40:37.500#,1492.0,1502.0,1469.0,1647.0,1347.0,75423,279544,1482.0,67,1483.0,130,1484.0,54,1485.0,80,1486.0,1,1487.0,57,1488.0,56,1489.0,88,1490.0,69,1491.0,27,1487.0
FG501,,13:40:37.750#,1492.0,1502.0,1469.0,1647.0,1347.0,75423,279544,1482.0,67,1483.0,130,1484.0,54,1485.0,80,1486.0,1,1487.0,57,1488.0,56,1489.0,88,1490.0,69,1491.0,30,1487.0
FG501,,13:40:39.250#,1492.0,1502.0,1469.0,1647.0,1347.0,75423,279544,1482.0,67,1483.0,130,1484.0,55,1485.0,80,1486.0,1,1487.0,58,1488.0,56,1489.0,88,1490.0,69,1491.0,30,1487.0
FG501,,13:40:39.500#,1492.0,1502.0,1469.0,1647.0,1347.0,75423,279544,1482.0,67,1483.0,130,1484.0,55,1485.0,80,1486.0,1,1487.0,61,1488.0,56,1489.0,88,1490.0,69,1491.0,30,1487.0
FG501,,13:40:39.750#,1492.0,1502.0,1469.0,1647.0,1347.0,75423,279544,1482.0,68,1483.0,130,1484.0,55,1485.0,80,1486.0,1,1487.0,61,1488.0,56,1489.0,88,1490.0,69,1491.0,30,1487.0
FG501,,13:40:40.0#,1492.0,1502.0,1469.0,1647.0,1347.0,75423,279544,1482.0,68,1483.0,130,1484.0,55,1485.0,80,1486.0,1,1487.0,62,1488.0,56,1489.0,88,1490.0,69,1491.0,30,1487.0
FG501,,13:40:40.250#,1492.0,1502.0,1469.0,1647.0,1347.0,75423,279544,1482.0,68,1483.0,130,1484.0,55,1485.0,80,1486.0,1,1487.0,63,1488.0,56,1489.0,88,1490.0,69,1491.0,30,1487.0
FG501,,13:40:40.500#,1492.0,1502.0,1469.0,1647.0,1347.0,75423,279544,1482.0,68,1483.0,127,1484.0,56,1485.0,80,1486.0,1,1487.0,63,1488.0,56,1489.0,88,1490.0,69,1491.0,30,1487.0
FG501,,13:40:40.750#,1492.0,1502.0,1469.0,1647.0,1347.0,75424,279544,1481.0,130,1482.0,68,1483.0,127,1484.0,56,1485.0,402,1487.0,63,1488.0,56,1489.0,88,1490.0,69,1491.0,30,1486.0
FG501,,13:40:41.0#,1492.0,1502.0,1469.0,1647.0,1347.0,75424,279544,1481.0,130,1482.0,68,1483.0,127,1484.0,56,1485.0,399,1487.0,62,1488.0,56,1489.0,88,1490.0,69,1491.0,30,1486.0
FG501,,13:40:41.250#,1492.0,1502.0,1469.0,1647.0,1347.0,75424,279544,1481.0,130,1482.0,68,1483.0,127,1484.0,56,1485.0,396,1487.0,62,1488.0,56,1489.0,88,1490.0,69,1491.0,30,1486.0
FG501,,13:40:41.500#,1492.0,1502.0,1469.0,1647.0,1347.0,75424,279544,1481.0,130,1482.0,68,1483.0,127,1484.0,56,1485.0,397,1487.0,63,1488.0,56,1489.0,88,1490.0,69,1491.0,30,1486.0
FG501,,13:40:41.750#,1492.0,1502.0,1469.0,1647.0,1347.0,75424,279544,1481.0,130,1482.0,68,1483.0,127,1484.0,56,1485.0,398,1487.0,63,1488.0,56,1489.0,88,1490.0,69,1491.0,30,1486.0
FG501,,13:40:42.0#,1492.0,1502.0,1469.0,1647.0,1347.0,75424,279544,1481.0,130,1482.0,68,1483.0,127,1484.0,56,1485.0,420,1487.0,60,1488.0,46,1489.0,88,1490.0,69,1491.0,30,1486.0
FG501,,13:40:42.250#,1492.0,1502.0,1469.0,1647.0,1347.0,75424,279544,1481.0,130,1482.0,68,1483.0,127,1484.0,56,1485.0,420,1487.0,60,1488.0,46,1489.0,88,1490.0,69,1491.0,30,1486.0
FG501,,13:40:42.500#,1492.0,1502.0,1469.0,1647.0,1347.0,75424,279544,1481.0,130,1482.0,68,1483.0,127,1484.0,56,1485.0,427,1487.0,60,1488.0,46,1489.0,88,1490.0,69,1491.0,30,1486.0
FG501,,13:40:43.0#,1492.0,1502.0,1469.0,1647.0,1347.0,75424,279544,1481.0,130,1482.0,68,1483.0,127,1484.0,56,1485.0,391,1487.0,63,1488.0,46,1489.0,88,1490.0,69,1491.0,30,1486.0
FG501,,13:40:43.250#,1492.0,1502.0,1469.0,1647.0,1347.0,75424,279544,1481.0,130,1482.0,68,1483.0,127,1484.0,56,1485.0,342,1487.0,67,1488.0,46,1489.0,88,1490.0,69,1491.0,30,1486.0
FG501,,13:40:43.500#,1492.0,1502.0,1469.0,1647.0,1347.0,75424,279544,1481.0,130,1482.0,68,1483.0,127,1484.0,56,1485.0,315,1487.0,67,1488.0,46,1489.0,88,1490.0,69,1491.0,30,1486.0
FG501,,13:40:43.750#,1492.0,1502.0,1469.0,1647.0,1347.0,75424,279544,1481.0,130,1482.0,68,1483.0,127,1484.0,56,1485.0,318,1487.0,67,1488.0,46,1489.0,88,1490.0,69,1491.0,30,1486.0
FG501,,13:40:44.0#,1492.0,1502.0,1469.0,1647.0,1347.0,75424,279544,1481.0,130,1482.0,68,1483.0,127,1484.0,56,1485.0,324,1487.0,67,1488.0,46,1489.0,88,1490.0,69,1491.0,30,1486.0
FG501,,13:40:44.250#,1492.0,1502.0,1469.0,1647.0,1347.0,75424,279544,1481.0,130,1482.0,69,1483.0,117,1484.0,56,1485.0,325,1487.0,67,1488.0,46,1489.0,88,1490.0,69,1491.0,30,1486.0
FG501,,13:40:44.750#,1492.0,1502.0,1469.0,1647.0,1347.0,75424,279544,1481.0,130,1482.0,69,1483.0,117,1484.0,56,1485.0,327,1487.0,67,1488.0,46,1489.0,88,1490.0,69,1491.0,30,1486.0
FG501,,13:40:45.0#,1492.0,1502.0,1469.0,1647.0,1347.0,75424,279544,1481.0,130,1482.0,69,1483.0,117,1484.0,56,1485.0,327,1487.0,67,1488.0,46,1489.0,88,1490.0,69,1491.0,30,1486.0
FG501,,13:40:45.250#,1492.0,1502.0,1469.0,1647.0,1347.0,75424,279544,1482.0,69,1483.0,118,1484.0,56,1485.0,80,1486.0,1,1487.0,67,1488.0,46,1489.0,88,1490.0,69,1491.0,30,1486.0
FG501,,13:40:45.750#,1492.0,1502.0,1469.0,1647.0,1347.0,75425,279545,1482.0,69,1483.0,119,1484.0,56,1485.0,80,1486.0,1,1487.0,66,1488.0,46,1489.0,88,1490.0,69,1491.0,30,1487.0
FG501,,13:40:46.0#,1492.0,1502.0,1469.0,1647.0,1347.0,75425,279545,1482.0,69,1483.0,120,1484.0,56,1485.0,80,1486.0,1,1487.0,64,1488.0,46,1489.0,88,1490.0,69,1491.0,30,1487.0
FG501,,13:40:46.250#,1492.0,1502.0,1469.0,1647.0,1347.0,75425,279545,1482.0,69,1483.0,120,1484.0,56,1485.0,80,1486.0,1,1487.0,66,1488.0,47,1489.0,88,1490.0,69,1491.0,30,1487.0
FG501,,13:40:46.500#,1492.0,1502.0,1469.0,1647.0,1347.0,75429,279545,1481.0,130,1482.0,69,1483.0,120,1484.0,56,1485.0,273,1486.0,11,1487.0,54,1488.0,47,1489.0,88,1490.0,69,1486.0
FG501,,13:40:46.750#,1492.0,1502.0,1469.0,1647.0,1347.0,75429,279545,1481.0,130,1482.0,69,1483.0,120,1484.0,56,1485.0,303,1487.0,66,1488.0,47,1489.0,88,1490.0,69,1491.0,30,1486.0
FG501,,13:40:47.0#,1492.0,1502.0,1469.0,1647.0,1347.0,75429,279545,1481.0,130,1482.0,69,1483.0,120,1484.0,56,1485.0,304,1487.0,76,1488.0,47,1489.0,88,1490.0,69,1491.0,30,1486.0
FG501,,13:40:47.500#,1492.0,1502.0,1469.0,1647.0,1347.0,75429,279545,1481.0,130,1482.0,69,1483.0,119,1484.0,56,1485.0,306,1487.0,76,1488.0,47,1489.0,88,1490.0,69,1491.0,30,1486.0
FG501,,13:40:47.750#,1492.0,1502.0,1469.0,1647.0,1347.0,75429,279545,1481.0,130,1482.0,69,1483.0,119,1484.0,56,1485.0,307,1487.0,76,1488.0,47,1489.0,88,1490.0,69,1491.0,30,1486.0
FG501,,13:40:48.0#,1492.0,1502.0,1469.0,1647.0,1347.0,75429,279545,1481.0,130,1482.0,69,1483.0,119,1484.0,56,1485.0,306,1487.0,77,1488.0,47,1489.0,88,1490.0,69,1491.0,30,1486.0
FG501,,13:40:48.250#,1492.0,1502.0,1469.0,1647.0,1347.0,75430,279546,1481.0,130,1482.0,69,1483.0,119,1484.0,56,1485.0,306,1487.0,78,1488.0,47,1489.0,88,1490.0,69,1491.0,30,1485.0
FG501,,13:40:48.500#,1492.0,1502.0,1469.0,1647.0,1347.0,75430,279546,1481.0,130,1482.0,69,1483.0,119,1484.0,56,1485.0,308,1487.0,77,1488.0,47,1489.0,88,1490.0,69,1491.0,30,1485.0
FG501,,13:40:48.750#,1492.0,1502.0,1469.0,1647.0,1347.0,75430,279546,1481.0,130,1482.0,69,1483.0,119,1484.0,56,1485.0,310,1487.0,77,1488.0,47,1489.0,88,1490.0,69,1491.0,30,1485.0
FG501,,13:40:49.250#,1492.0,1502.0,1469.0,1647.0,1347.0,75430,279546,1481.0,130,1482.0,69,1483.0,119,1484.0,56,1485.0,312,1487.0,77,1488.0,47,1489.0,88,1490.0,69,1491.0,30,1485.0
FG501,,13:40:49.500#,1492.0,1502.0,1469.0,1647.0,1347.0,75430,279546,1481.0,130,1482.0,69,1483.0,119,1484.0,56,1485.0,278,1487.0,77,1488.0,47,1489.0,88,1490.0,69,1491.0,30,1485.0
FG501,,13:40:49.750#,1492.0,1502.0,1469.0,1647.0,1347.0,75430,279546,1481.0,130,1482.0,69,1483.0,119,1484.0,54,1485.0,280,1486.0,2,1487.0,66,1488.0,47,1489.0,88,1490.0,69,1485.0
FG501,,13:40:50.0#,1492.0,1502.0,1469.0,1647.0,1347.0,75430,279546,1481.0,130,1482.0,69,1483.0,119,1484.0,54,1485.0,243,1486.0,4,1487.0,78,1488.0,47,1489.0,88,1490.0,69,1485.0
FG501,,13:40:50.250#,1492.0,1502.0,1469.0,1647.0,1347.0,75432,279546,1481.0,130,1482.0,69,1483.0,119,1484.0,54,1485.0,243,1486.0,4,1487.0,78,1488.0,47,1489.0,88,1490.0,69,1486.0
FG501,,13:40:50.500#,1492.0,1502.0,1469.0,1647.0,1347.0,75433,279546,1481.0,130,1482.0,69,1483.0,119,1484.0,57,1485.0,243,1486.0,3,1487.0,78,1488.0,47,1489.0,88,1490.0,69,1486.0
FG501,,13:40:50.750#,1492.0,1502.0,1469.0,1647.0,1347.0,75434,279546,1481.0,130,1482.0,69,1483.0,119,1484.0,57,1485.0,242,1486.0,2,1487.0,78,1488.0,47,1489.0,88,1490.0,69,1486.0
FG501,,13:40:51.0#,1492.0,1502.0,1469.0,1647.0,1347.0,75437,279546,1481.0,130,1482.0,69,1483.0,119,1484.0,57,1485.0,256,1487.0,87,1488.0,47,1489.0,88,1490.0,69,1491.0,30,1486.0
FG501,,13:40:51.250#,1492.0,1502.0,1469.0,1647.0,1347.0,75437,279546,1481.0,130,1482.0,69,1483.0,119,1484.0,57,1485.0,271,1487.0,87,1488.0,47,1489.0,88,1490.0,69,1491.0,30,1486.0
FG501,,13:40:51.500#,1492.0,1502.0,1469.0,1647.0,1347.0,75437,279546,1481.0,130,1482.0,69,1483.0,119,1484.0,57,1485.0,274,1487.0,87,1488.0,47,1489.0,88,1490.0,69,1491.0,30,1486.0
FG501,,13:40:51.750#,1492.0,1502.0,1469.0,1647.0,1347.0,75437,279546,1481.0,130,1482.0,69,1483.0,119,1484.0,57,1485.0,233,1487.0,87,1488.0,47,1489.0,88,1490.0,69,1491.0,30,1486.0
FG501,,13:40:52.0#,1492.0,1502.0,1469.0,1647.0,1347.0,75439,279546,1481.0,130,1482.0,69,1483.0,119,1484.0,57,1485.0,237,1486.0,1,1487.0,78,1488.0,47,1489.0,88,1490.0,69,1486.0
FG501,,13:40:52.250#,1492.0,1502.0,1469.0,1647.0,1347.0,75439,279546,1481.0,130,1482.0,69,1483.0,119,1484.0,57,1485.0,236,1486.0,2,1487.0,78,1488.0,47,1489.0,88,1490.0,69,1486.0
FG501,,13:40:52.500#,1492.0,1502.0,1469.0,1647.0,1347.0,75439,279546,1481.0,130,1482.0,69,1483.0,119,1484.0,57,1485.0,238,1486.0,3,1487.0,78,1488.0,47,1489.0,88,1490.0,69,1486.0
FG501,,13:40:52.750#,1492.0,1502.0,1469.0,1647.0,1347.0,75442,279546,1482.0,69,1483.0,118,1484.0,57,1485.0,84,1486.0,1,1487.0,87,1488.0,47,1489.0,88,1490.0,69,1491.0,30,1486.0
FG501,,13:40:53.0#,1492.0,1502.0,1469.0,1647.0,1347.0,75442,279546,1482.0,69,1483.0,118,1484.0,57,1485.0,86,1486.0,1,1487.0,87,1488.0,47,1489.0,88,1490.0,69,1491.0,30,1486.0
FG501,,13:40:53.500#,1492.0,1502.0,1469.0,1647.0,1347.0,75443,279546,1481.0,130,1482.0,69,1483.0,118,1484.0,57,1485.0,244,1487.0,86,1488.0,47,1489.0,88,1490.0,69,1491.0,30,1486.0
FG501,,13:40:53.750#,1492.0,1502.0,1469.0,1647.0,1347.0,75444,279547,1481.0,130,1482.0,69,1483.0,118,1484.0,58,1485.0,291,1486.0,3,1487.0,78,1488.0,47,1489.0,88,1490.0,69,1486.0
FG501,,13:40:54.0#,1492.0,1502.0,1469.0,1647.0,1347.0,75446,279549,1481.0,130,1482.0,69,1483.0,118,1484.0,58,1485.0,334,1486.0,1,1487.0,78,1488.0,47,1489.0,88,1490.0,69,1486.0
FG501,,13:40:54.250#,1492.0,1502.0,1469.0,1647.0,1347.0,75446,279549,1481.0,130,1482.0,69,1483.0,118,1484.0,58,1485.0,374,1486.0,1,1487.0,78,1488.0,47,1489.0,88,1490.0,69,1486.0
FG501,,13:40:54.500#,1492.0,1502.0,1469.0,1647.0,1347.0,75447,279550,1481.0,130,1482.0,69,1483.0,118,1484.0,58,1485.0,387,1487.0,87,1488.0,47,1489.0,88,1490.0,69,1491.0,30,1486.0
FG501,,13:40:54.750#,1492.0,1502.0,1469.0,1647.0,1347.0,75447,279550,1482.0,69,1483.0,118,1484.0,58,1485.0,85,1486.0,1,1487.0,87,1488.0,47,1489.0,88,1490.0,69,1491.0,30,1486.0
FG501,,13:40:55.0#,1492.0,1502.0,1469.0,1647.0,1347.0,75447,279550,1482.0,69,1483.0,118,1484.0,58,1485.0,85,1486.0,19,1487.0,87,1488.0,47,1489.0,88,1490.0,69,1491.0,30,1486.0
FG501,,13:40:55.500#,1492.0,1502.0,1469.0,1647.0,1347.0,75447,279550,1482.0,69,1483.0,118,1484.0,59,1485.0,85,1486.0,20,1487.0,87,1488.0,47,1489.0,88,1490.0,69,1491.0,30,1486.0
FG501,,13:40:56.0#,1492.0,1502.0,1469.0,1647.0,1347.0,75447,279550,1482.0,69,1483.0,118,1484.0,59,1485.0,85,1486.0,20,1487.0,87,1488.0,48,1489.0,88,1490.0,69,1491.0,30,1486.0
FG501,,13:40:56.500#,1492.0,1502.0,1469.0,1647.0,1347.0,75448,279550,1482.0,69,1483.0,118,1484.0,59,1485.0,85,1486.0,19,1487.0,86,1488.0,48,1489.0,88,1490.0,69,1491.0,30,1486.0
FG501,,13:40:56.750#,1492.0,1502.0,1469.0,1647.0,1347.0,75448,279550,1482.0,69,1483.0,118,1484.0,59,1485.0,85,1486.0,19,1487.0,86,1488.0,48,1489.0,88,1490.0,69,1491.0,30,1486.0
FG501,,13:40:57.0#,1492.0,1502.0,1469.0,1647.0,1347.0,75448,279550,1482.0,69,1483.0,118,1484.0,59,1485.0,85,1486.0,19,1487.0,84,1488.0,48,1489.0,88,1490.0,69,1491.0,30,1486.0
FG501,,13:40:57.500#,1492.0,1502.0,1469.0,1647.0,1347.0,75449,279550,1482.0,69,1483.0,118,1484.0,59,1485.0,85,1486.0,18,1487.0,83,1488.0,48,1489.0,87,1490.0,69,1491.0,30,1486.0
FG501,,13:40:58.0#,1492.0,1502.0,1469.0,1647.0,1347.0,75450,279550,1482.0,69,1483.0,118,1484.0,59,1485.0,84,1486.0,18,1487.0,82,1488.0,48,1489.0,87,1490.0,69,1491.0,30,1487.0
FG501,,13:40:58.250#,1492.0,1502.0,1469.0,1647.0,1347.0,75450,279550,1482.0,69,1483.0,118,1484.0,60,1485.0,84,1486.0,19,1487.0,82,1488.0,48,1489.0,87,1490.0,69,1491.0,30,1487.0
FG501,,13:40:58.500#,1492.0,1502.0,1469.0,1647.0,1347.0,75452,279550,1482.0,69,1483.0,118,1484.0,60,1485.0,85,1486.0,17,1487.0,84,1488.0,48,1489.0,87,1490.0,69,1491.0,30,1486.0
FG501,,13:40:58.750#,1492.0,1502.0,1469.0,1647.0,1347.0,75462,279554,1482.0,69,1483.0,118,1484.0,60,1485.0,85,1486.0,17,1487.0,74,1488.0,48,1489.0,87,1490.0,69,1491.0,30,1487.0
FG501,,13:40:59.0#,1492.0,1502.0,1469.0,1647.0,1347.0,75462,279554,1482.0,69,1483.0,118,1484.0,60,1485.0,85,1486.0,18,1487.0,74,1488.0,48,1489.0,87,1490.0,69,1491.0,31,1487.0
FG501,,13:41:00.0#,1492.0,1502.0,1469.0,1647.0,1347.0,75462,279554,1482.0,69,1483.0,119,1484.0,60,1485.0,85,1486.0,18,1487.0,74,1488.0,48,1489.0,87,1490.0,69,1491.0,31,1487.0
FG501,,13:41:00.250#,1492.0,1502.0,1469.0,1647.0,1347.0,75462,279554,1482.0,69,1483.0,119,1484.0,60,1485.0,86,1486.0,18,1487.0,74,1488.0,48,1489.0,87,1490.0,69,1491.0,31,1487.0
FG501,,13:41:00.500#,1492.0,1502.0,1469.0,1647.0,1347.0,75464,279554,1482.0,69,1483.0,119,1484.0,60,1485.0,86,1486.0,16,1487.0,72,1488.0,48,1489.0,87,1490.0,69,1491.0,31,1486.0
FG501,,13:41:01.500#,1492.0,1502.0,1469.0,1647.0,1347.0,75464,279554,1482.0,69,1483.0,119,1484.0,60,1485.0,86,1486.0,16,1487.0,72,1488.0,48,1489.0,87,1490.0,62,1491.0,31,1486.0
FG501,,13:41:01.750#,1492.0,1502.0,1469.0,1647.0,1347.0,75466,279554,1482.0,69,1483.0,119,1484.0,60,1485.0,86,1486.0,14,1487.0,83,1488.0,48,1489.0,87,1490.0,62,1491.0,31,1486.0
FG501,,13:41:02.0#,1492.0,1502.0,1469.0,1647.0,1347.0,75480,279554,1481.0,130,1482.0,69,1483.0,119,1484.0,60,1485.0,347,1487.0,71,1488.0,48,1489.0,87,1490.0,61,1491.0,31,1486.0
FG501,,13:41:02.250#,1492.0,1502.0,1469.0,1647.0,1347.0,75480,279554,1481.0,130,1482.0,69,1483.0,119,1484.0,60,1485.0,88,1486.0,1,1487.0,66,1488.0,48,1489.0,87,1490.0,61,1486.0
FG501,,13:41:02.500#,1492.0,1502.0,1469.0,1647.0,1347.0,75480,279554,1481.0,130,1482.0,68,1483.0,119,1484.0,59,1485.0,84,1486.0,21,1487.0,68,1488.0,48,1489.0,87,1490.0,61,1486.0
FG501,,13:41:02.750#,1492.0,1502.0,1469.0,1647.0,1347.0,75480,279554,1481.0,130,1482.0,68,1483.0,119,1484.0,59,1485.0,79,1486.0,35,1487.0,68,1488.0,48,1489.0,87,1490.0,61,1486.0
FG501,,13:41:03.250#,1492.0,1502.0,1469.0,1647.0,1347.0,75480,279554,1481.0,130,1482.0,68,1483.0,119,1484.0,60,1485.0,79,1486.0,35,1487.0,68,1488.0,48,1489.0,87,1490.0,61,1486.0
FG501,,13:41:03.500#,1492.0,1502.0,1469.0,1647.0,1347.0,75480,279554,1481.0,129,1482.0,68,1483.0,120,1484.0,60,1485.0,79,1486.0,35,1487.0,68,1488.0,48,1489.0,87,1490.0,61,1486.0
FG501,,13:41:05.0#,1492.0,1502.0,1469.0,1647.0,1347.0,75482,279555,1481.0,129,1482.0,68,1483.0,120,1484.0,60,1485.0,78,1486.0,37,1487.0,68,1488.0,48,1489.0,87,1490.0,61,1485.0
FG501,,13:41:05.500#,1492.0,1502.0,1469.0,1647.0,1347.0,75482,279555,1481.0,129,1482.0,68,1483.0,120,1484.0,60,1485.0,78,1486.0,37,1487.0,68,1488.0,48,1489.0,87,1490.0,61,1485.0
FG501,,13:41:05.750#,1492.0,1502.0,1469.0,1647.0,1347.0,75482,279555,1481.0,129,1482.0,68,1483.0,120,1484.0,60,1485.0,79,1486.0,37,1487.0,68,1488.0,48,1489.0,87,1490.0,61,1485.0
FG501,,13:41:06.0#,1492.0,1502.0,1469.0,1647.0,1347.0,75484,279555,1481.0,129,1482.0,67,1483.0,120,1484.0,60,1485.0,79,1486.0,35,1487.0,68,1488.0,48,1489.0,87,1490.0,61,1486.0
FG501,,13:41:06.250#,1492.0,1502.0,1469.0,1647.0,1347.0,75484,279555,1481.0,129,1482.0,67,1483.0,120,1484.0,60,1485.0,79,1486.0,35,1487.0,68,1488.0,48,1489.0,87,1490.0,61,1486.0
FG501,,13:41:06.500#,1492.0,1502.0,1469.0,1647.0,1347.0,75486,279555,1481.0,129,1482.0,67,1483.0,120,1484.0,60,1485.0,79,1486.0,33,1487.0,68,1488.0,48,1489.0,87,1490.0,61,1486.0
FG501,,13:41:06.750#,1492.0,1502.0,1469.0,1647.0,1347.0,75486,279555,1481.0,129,1482.0,67,1483.0,122,1484.0,60,1485.0,79,1486.0,33,1487.0,68,1488.0,48,1489.0,87,1490.0,61,1486.0
FG501,,13:41:08.500#,1492.0,1502.0,1469.0,1647.0,1347.0,75487,279554,1481.0,129,1482.0,67,1483.0,122,1484.0,60,1485.0,79,1486.0,33,1487.0,68,1488.0,48,1489.0,87,1490.0,61,1486.0
FG501,,13:41:09.0#,1492.0,1502.0,1469.0,1647.0,1347.0,75487,279554,1481.0,129,1482.0,67,1483.0,122,1484.0,60,1485.0,81,1486.0,35,1487.0,58,1488.0,48,1489.0,87,1490.0,63,1486.0
FG501,,13:41:09.500#,1492.0,1502.0,1469.0,1647.0,1347.0,75489,279556,1481.0,129,1482.0,67,1483.0,122,1484.0,60,1485.0,79,1486.0,42,1487.0,58,1488.0,48,1489.0,87,1490.0,83,1485.0
FG501,,13:41:10.500#,1492.0,1502.0,1469.0,1647.0,1347.0,75491,279558,1481.0,129,1482.0,67,1483.0,121,1484.0,60,1485.0,77,1486.0,42,1487.0,58,1488.0,48,1489.0,87,1490.0,83,1485.0
FG501,,13:41:11.0#,1492.0,1502.0,1469.0,1647.0,1347.0,75492,279558,1481.0,129,1482.0,67,1483.0,121,1484.0,61,1485.0,78,1486.0,45,1487.0,58,1488.0,48,1489.0,87,1490.0,83,1485.0
FG501,,13:41:12.0#,1492.0,1502.0,1469.0,1647.0,1347.0,75492,279558,1481.0,129,1482.0,67,1483.0,121,1484.0,61,1485.0,78,1486.0,45,1487.0,57,1488.0,48,1489.0,87,1490.0,83,1485.0
FG501,,13:41:12.500#,1492.0,1502.0,1469.0,1647.0,1347.0,75503,279568,1481.0,130,1482.0,67,1483.0,121,1484.0,61,1485.0,67,1486.0,45,1487.0,57,1488.0,48,1489.0,87,1490.0,83,1485.0
FG501,,13:41:13.0#,1492.0,1502.0,1469.0,1647.0,1347.0,75503,279568,1481.0,130,1482.0,66,1483.0,121,1484.0,61,1485.0,67,1486.0,46,1487.0,47,1488.0,48,1489.0,87,1490.0,83,1485.0
FG501,,13:41:13.250#,1492.0,1502.0,1469.0,1647.0,1347.0,75503,279568,1481.0,130,1482.0,66,1483.0,121,1484.0,64,1485.0,67,1486.0,56,1487.0,47,1488.0,48,1489.0,87,1490.0,83,1485.0
FG501,,13:41:13.500#,1492.0,1502.0,1469.0,1647.0,1347.0,75503,279568,1481.0,130,1482.0,66,1483.0,121,1484.0,64,1485.0,67,1486.0,56,1487.0,47,1488.0,48,1489.0,87,1490.0,83,1485.0
FG501,,13:41:15.0#,1492.0,1502.0,1469.0,1647.0,1347.0,75507,279572,1481.0,130,1482.0,66,1483.0,121,1484.0,64,1485.0,63,1486.0,57,1487.0,47,1488.0,48,1489.0,87,1490.0,83,1485.0
FG501,,13:41:15.250#,1492.0,1502.0,1469.0,1647.0,1347.0,75507,279572,1481.0,130,1482.0,66,1483.0,121,1484.0,64,1485.0,63,1486.0,58,1487.0,47,1488.0,48,1489.0,87,1490.0,83,1485.0
FG501,,13:41:16.250#,1492.0,1502.0,1469.0,1647.0,1347.0,75507,279572,1481.0,130,1482.0,66,1483.0,121,1484.0,64,1485.0,62,1486.0,58,1487.0,47,1488.0,48,1489.0,87,1490.0,83,1485.0
FG501,,13:41:17.500#,1492.0,1502.0,1469.0,1647.0,1347.0,75507,279572,1481.0,130,1482.0,65,1483.0,121,1484.0,64,1485.0,62,1486.0,58,1487.0,47,1488.0,48,1489.0,87,1490.0,83,1485.0
FG501,,13:41:18.0#,1492.0,1502.0,1469.0,1647.0,1347.0,75507,279572,1481.0,130,1482.0,65,1483.0,121,1484.0,64,1485.0,63,1486.0,58,1487.0,47,1488.0,48,1489.0,87,1490.0,83,1485.0
FG501,,13:41:18.250#,1492.0,1502.0,1469.0,1647.0,1347.0,75507,279572,1481.0,130,1482.0,65,1483.0,122,1484.0,64,1485.0,63,1486.0,58,1487.0,47,1488.0,48,1489.0,87,1490.0,83,1485.0
FG501,,13:41:19.0#,1492.0,1502.0,1469.0,1647.0,1347.0,75507,279572,1481.0,130,1482.0,65,1483.0,122,1484.0,64,1485.0,63,1486.0,59,1487.0,47,1488.0,48,1489.0,87,1490.0,83,1485.0
FG501,,13:41:20.0#,1492.0,1502.0,1469.0,1647.0,1347.0,75507,279572,1481.0,130,1482.0,65,1483.0,122,1484.0,64,1485.0,63,1486.0,59,1487.0,48,1488.0,48,1489.0,87,1490.0,82,1485.0
FG501,,13:41:20.500#,1492.0,1502.0,1469.0,1647.0,1347.0,75507,279572,1481.0,130,1482.0,65,1483.0,123,1484.0,64,1485.0,63,1486.0,59,1487.0,48,1488.0,48,1489.0,87,1490.0,82,1485.0
FG501,,13:41:22.0#,1492.0,1502.0,1469.0,1647.0,1347.0,75517,279574,1481.0,130,1482.0,65,1483.0,123,1484.0,64,1485.0,63,1486.0,49,1487.0,48,1488.0,48,1489.0,87,1490.0,82,1486.0
FG501,,13:41:22.250#,1492.0,1502.0,1469.0,1647.0,1347.0,75519,279576,1481.0,130,1482.0,65,1483.0,123,1484.0,64,1485.0,61,1486.0,49,1487.0,48,1488.0,48,1489.0,87,1490.0,82,1485.0
FG501,,13:41:23.0#,1492.0,1502.0,1469.0,1647.0,1347.0,75519,279576,1481.0,130,1482.0,65,1483.0,123,1484.0,64,1485.0,61,1486.0,49,1487.0,47,1488.0,48,1489.0,85,1490.0,82,1485.0
FG501,,13:41:23.250#,1492.0,1502.0,1469.0,1647.0,1347.0,75519,279576,1481.0,130,1482.0,65,1483.0,124,1484.0,64,1485.0,61,1486.0,49,1487.0,47,1488.0,48,1489.0,85,1490.0,82,1485.0
FG501,,13:41:23.500#,1492.0,1502.0,1469.0,1647.0,1347.0,75519,279576,1481.0,130,1482.0,65,1483.0,124,1484.0,64,1485.0,61,1486.0,49,1487.0,47,1488.0,48,1489.0,85,1490.0,82,1485.0
FG501,,13:41:25.0#,1492.0,1502.0,1469.0,1647.0,1347.0,75519,279576,1481.0,130,1482.0,65,1483.0,124,1484.0,64,1485.0,61,1486.0,41,1487.0,47,1488.0,48,1489.0,85,1490.0,82,1485.0
FG501,,13:41:25.250#,1492.0,1502.0,1469.0,1647.0,1347.0,75519,279576,1481.0,130,1482.0,65,1483.0,124,1484.0,64,1485.0,61,1486.0,38,1487.0,47,1488.0,48,1489.0,85,1490.0,82,1485.0
FG501,,13:41:25.500#,1492.0,1502.0,1469.0,1647.0,1347.0,75519,279576,1481.0,130,1482.0,65,1483.0,124,1484.0,64,1485.0,62,1486.0,38,1487.0,47,1488.0,48,1489.0,85,1490.0,82,1485.0
FG501,,13:41:25.750#,1492.0,1502.0,1469.0,1647.0,1347.0,75519,279576,1481.0,130,1482.0,65,1483.0,124,1484.0,64,1485.0,62,1486.0,33,1487.0,47,1488.0,48,1489.0,85,1490.0,82,1485.0
FG501,,13:41:26.0#,1492.0,1502.0,1469.0,1647.0,1347.0,75524,279577,1481.0,130,1482.0,65,1483.0,124,1484.0,64,1485.0,70,1486.0,29,1487.0,47,1488.0,48,1489.0,85,1490.0,82,1486.0
FG501,,13:41:26.250#,1492.0,1502.0,1469.0,1647.0,1347.0,75524,279577,1481.0,130,1482.0,65,1483.0,124,1484.0,64,1485.0,70,1486.0,26,1487.0,47,1488.0,48,1489.0,85,1490.0,82,1486.0
FG501,,13:41:26.750#,1492.0,1502.0,1469.0,1647.0,1347.0,75524,279577,1481.0,130,1482.0,65,1483.0,124,1484.0,35,1485.0,70,1486.0,26,1487.0,47,1488.0,48,1489.0,85,1490.0,82,1486.0
FG501,,13:41:27.750#,1492.0,1502.0,1469.0,1647.0,1347.0,75524,279577,1481.0,130,1482.0,65,1483.0,124,1484.0,35,1485.0,70,1486.0,26,1487.0,47,1488.0,49,1489.0,85,1490.0,82,1486.0
FG501,,13:41:28.500#,1492.0,1502.0,1469.0,1647.0,1347.0,75524,279577,1481.0,130,1482.0,65,1483.0,124,1484.0,35,1485.0,70,1486.0,27,1487.0,47,1488.0,49,1489.0,85,1490.0,82,1486.0
FG501,,13:41:29.0#,1492.0,1502.0,1469.0,1647.0,1347.0,75524,279577,1481.0,130,1482.0,65,1483.0,126,1484.0,35,1485.0,70,1486.0,27,1487.0,48,1488.0,49,1489.0,85,1490.0,82,1486.0
FG501,,13:41:30.500#,1492.0,1502.0,1469.0,1647.0,1347.0,75524,279577,1481.0,130,1482.0,65,1483.0,126,1484.0,35,1485.0,73,1486.0,27,1487.0,48,1488.0,49,1489.0,85,1490.0,82,1486.0
FG501,,13:41:31.500#,1492.0,1502.0,1469.0,1647.0,1347.0,75525,279577,1481.0,130,1482.0,65,1483.0,125,1484.0,35,1485.0,72,1486.0,34,1487.0,48,1488.0,49,1489.0,85,1490.0,82,1486.0
FG501,,13:41:31.750#,1492.0,1502.0,1469.0,1647.0,1347.0,75525,279577,1481.0,130,1482.0,65,1483.0,125,1484.0,35,1485.0,72,1486.0,37,1487.0,48,1488.0,49,1489.0,85,1490.0,82,1486.0
FG501,,13:41:32.0#,1492.0,1502.0,1469.0,1647.0,1347.0,75525,279577,1481.0,130,1482.0,65,1483.0,125,1484.0,35,1485.0,70,1486.0,37,1487.0,48,1488.0,49,1489.0,85,1490.0,82,1486.0
FG501,,13:41:32.250#,1492.0,1502.0,1469.0,1647.0,1347.0,75525,279577,1481.0,130,1482.0,65,1483.0,125,1484.0,35,1485.0,70,1486.0,37,1487.0,47,1488.0,49,1489.0,85,1490.0,82,1486.0
FG501,,13:41:33.250#,1492.0,1502.0,1469.0,1647.0,1347.0,75525,279577,1481.0,130,1482.0,65,1483.0,125,1484.0,36,1485.0,70,1486.0,37,1487.0,47,1488.0,49,1489.0,85,1490.0,82,1486.0
FG501,,13:41:33.500#,1492.0,1502.0,1469.0,1647.0,1347.0,75526,279577,1481.0,130,1482.0,65,1483.0,125,1484.0,36,1485.0,70,1486.0,36,1487.0,47,1488.0,49,1489.0,85,1490.0,82,1486.0
FG501,,13:41:34.500#,1492.0,1502.0,1469.0,1647.0,1347.0,75526,279577,1481.0,130,1482.0,65,1483.0,125,1484.0,36,1485.0,70,1486.0,36,1487.0,47,1488.0,49,1489.0,84,1490.0,82,1486.0
FG501,,13:41:35.250#,1492.0,1502.0,1469.0,1647.0,1347.0,75526,279577,1481.0,130,1482.0,65,1483.0,125,1484.0,36,1485.0,71,1486.0,36,1487.0,47,1488.0,49,1489.0,84,1490.0,82,1486.0
FG501,,13:41:35.750#,1492.0,1502.0,1469.0,1647.0,1347.0,75530,279581,1481.0,130,1482.0,65,1483.0,125,1484.0,36,1485.0,67,1486.0,36,1487.0,47,1488.0,49,1489.0,84,1490.0,82,1485.0
FG501,,13:41:36.0#,1492.0,1502.0,1469.0,1647.0,1347.0,75538,279589,1481.0,130,1482.0,65,1483.0,125,1484.0,36,1485.0,69,1486.0,28,1487.0,47,1488.0,49,1489.0,84,1490.0,82,1486.0
FG501,,13:41:36.500#,1492.0,1502.0,1469.0,1647.0,1347.0,75538,279589,1481.0,130,1482.0,65,1483.0,125,1484.0,36,1485.0,69,1486.0,28,1487.0,47,1488.0,49,1489.0,84,1490.0,82,1486.0
FG501,,13:41:37.250#,1492.0,1502.0,1469.0,1647.0,1347.0,75538,279589,1481.0,130,1482.0,65,1483.0,125,1484.0,36,1485.0,69,1486.0,28,1487.0,47,1488.0,50,1489.0,84,1490.0,82,1486.0
FG501,,13:41:38.0#,1492.0,1502.0,1469.0,1647.0,1347.0,75538,279589,1481.0,130,1482.0,66,1483.0,125,1484.0,36,1485.0,69,1486.0,28,1487.0,47,1488.0,50,1489.0,84,1490.0,82,1486.0
FG501,,13:41:39.250#,1492.0,1502.0,1469.0,1647.0,1347.0,75539,279590,1481.0,130,1482.0,66,1483.0,125,1484.0,36,1485.0,68,1486.0,28,1487.0,47,1488.0,50,1489.0,84,1490.0,82,1485.0
FG501,,13:41:40.500#,1492.0,1502.0,1469.0,1647.0,1347.0,75539,279590,1481.0,130,1482.0,66,1483.0,115,1484.0,36,1485.0,68,1486.0,28,1487.0,47,1488.0,50,1489.0,84,1490.0,82,1485.0
FG501,,13:41:41.0#,1492.0,1502.0,1469.0,1647.0,1347.0,75539,279590,1481.0,130,1482.0,66,1483.0,115,1484.0,35,1485.0,68,1486.0,28,1487.0,47,1488.0,50,1489.0,84,1490.0,82,1485.0
FG501,,13:41:41.250#,1492.0,1502.0,1469.0,1647.0,1347.0,75539,279590,1481.0,130,1482.0,66,1483.0,115,1484.0,35,1485.0,68,1486.0,28,1487.0,47,1488.0,50,1489.0,84,1490.0,82,1485.0
FG501,,13:41:41.750#,1492.0,1502.0,1469.0,1647.0,1347.0,75539,279590,1481.0,130,1482.0,66,1483.0,115,1484.0,35,1485.0,68,1486.0,28,1487.0,47,1488.0,50,1489.0,84,1490.0,82,1485.0
FG501,,13:41:43.0#,1492.0,1502.0,1469.0,1647.0,1347.0,75539,279590,1481.0,130,1482.0,66,1483.0,115,1484.0,35,1485.0,68,1486.0,28,1487.0,47,1488.0,50,1489.0,84,1490.0,82,1485.0
FG501,,13:41:43.750#,1492.0,1502.0,1469.0,1647.0,1347.0,75544,279594,1481.0,130,1482.0,67,1483.0,115,1484.0,35,1485.0,63,1486.0,28,1487.0,47,1488.0,50,1489.0,84,1490.0,82,1485.0
FG501,,13:41:44.500#,1492.0,1502.0,1469.0,1647.0,1347.0,75544,279594,1481.0,130,1482.0,70,1483.0,115,1484.0,35,1485.0,63,1486.0,31,1487.0,47,1488.0,50,1489.0,84,1490.0,82,1485.0
FG501,,13:41:45.250#,1492.0,1502.0,1469.0,1647.0,1347.0,75544,279594,1481.0,130,1482.0,70,1483.0,115,1484.0,35,1485.0,63,1486.0,31,1487.0,47,1488.0,50,1489.0,84,1490.0,82,1485.0
FG501,,13:41:48.0#,1492.0,1502.0,1469.0,1647.0,1347.0,75544,279594,1481.0,130,1482.0,70,1483.0,116,1484.0,35,1485.0,63,1486.0,31,1487.0,47,1488.0,50,1489.0,84,1490.0,82,1485.0
FG501,,13:41:51.0#,1492.0,1502.0,1469.0,1647.0,1347.0,75544,279594,1481.0,130,1482.0,70,1483.0,116,1484.0,35,1485.0,65,1486.0,31,1487.0,47,1488.0,50,1489.0,84,1490.0,82,1485.0
FG501,,13:41:51.750#,1492.0,1502.0,1469.0,1647.0,1347.0,75544,279594,1481.0,130,1482.0,70,1483.0,116,1484.0,35,1485.0,65,1486.0,31,1487.0,47,1488.0,50,1489.0,84,1490.0,82,1485.0
FG501,,13:41:53.500#,1492.0,1502.0,1469.0,1647.0,1347.0,75544,279594,1481.0,130,1482.0,70,1483.0,116,1484.0,36,1485.0,66,1486.0,31,1487.0,47,1488.0,50,1489.0,84,1490.0,82,1485.0
FG501,,13:41:54.250#,1492.0,1502.0,1469.0,1647.0,1347.0,75544,279594,1481.0,130,1482.0,70,1483.0,116,1484.0,36,1485.0,66,1486.0,31,1487.0,47,1488.0,50,1489.0,84,1490.0,82,1485.0
FG501,,13:41:55.250#,1492.0,1502.0,1469.0,1647.0,1347.0,75544,279594,1481.0,130,1482.0,70,1483.0,116,1484.0,36,1485.0,66,1486.0,30,1487.0,47,1488.0,50,1489.0,84,1490.0,82,1485.0
FG501,,13:41:56.250#,1492.0,1502.0,1469.0,1647.0,1347.0,75545,279595,1481.0,130,1482.0,70,1483.0,116,1484.0,36,1485.0,65,1486.0,30,1487.0,47,1488.0,50,1489.0,84,1490.0,82,1485.0
FG501,,13:41:57.750#,1492.0,1502.0,1469.0,1647.0,1347.0,75550,279599,1481.0,130,1482.0,70,1483.0,116,1484.0,36,1485.0,61,1486.0,29,1487.0,47,1488.0,50,1489.0,84,1490.0,82,1486.0
FG501,,13:41:58.750#,1492.0,1502.0,1469.0,1647.0,1347.0,75550,279599,1481.0,130,1482.0,74,1483.0,116,1484.0,36,1485.0,61,1486.0,29,1487.0,47,1488.0,50,1489.0,84,1490.0,82,1486.0
FG501,,13:42:01.0#,1492.0,1502.0,1469.0,1647.0,1347.0,75550,279599,1481.0,130,1482.0,74,1483.0,116,1484.0,36,1485.0,60,1486.0,29,1487.0,47,1488.0,49,1489.0,84,1490.0,82,1486.0
FG501,,13:42:01.750#,1492.0,1502.0,1469.0,1647.0,1347.0,75552,279600,1481.0,130,1482.0,74,1483.0,116,1484.0,36,1485.0,60,1486.0,27,1487.0,47,1488.0,49,1489.0,84,1490.0,82,1486.0
FG501,,13:42:05.0#,1492.0,1502.0,1469.0,1647.0,1347.0,75552,279600,1481.0,130,1482.0,74,1483.0,116,1484.0,36,1485.0,60,1486.0,27,1487.0,47,1488.0,50,1489.0,84,1490.0,82,1486.0
FG501,,13:42:05.250#,1492.0,1502.0,1469.0,1647.0,1347.0,75555,279603,1481.0,130,1482.0,74,1483.0,116,1484.0,36,1485.0,45,1486.0,24,1487.0,47,1488.0,50,1489.0,84,1490.0,82,1486.0
FG501,,13:42:05.500#,1492.0,1502.0,1469.0,1647.0,1347.0,75556,279603,1481.0,130,1482.0,74,1483.0,116,1484.0,36,1485.0,44,1486.0,27,1487.0,47,1488.0,50,1489.0,84,1490.0,82,1485.0
FG501,,13:42:06.0#,1492.0,1502.0,1469.0,1647.0,1347.0,75556,279603,1481.0,130,1482.0,74,1483.0,116,1484.0,36,1485.0,44,1486.0,27,1487.0,47,1488.0,50,1489.0,84,1490.0,82,1485.0
FG501,,13:42:06.250#,1492.0,1502.0,1469.0,1647.0,1347.0,75557,279604,1481.0,130,1482.0,74,1483.0,116,1484.0,36,1485.0,43,1486.0,27,1487.0,47,1488.0,50,1489.0,84,1490.0,82,1485.0
FG501,,13:42:08.0#,1492.0,1502.0,1469.0,1647.0,1347.0,75557,279604,1481.0,130,1482.0,74,1483.0,116,1484.0,36,1485.0,43,1486.0,27,1487.0,47,1488.0,50,1489.0,84,1490.0,82,1485.0
FG501,,13:42:08.750#,1492.0,1502.0,1469.0,1647.0,1347.0,75559,279606,1481.0,130,1482.0,74,1483.0,116,1484.0,36,1485.0,41,1486.0,27,1487.0,47,1488.0,50,1489.0,84,1490.0,82,1485.0
FG501,,13:42:09.250#,1492.0,1502.0,1469.0,1647.0,1347.0,75559,279606,1481.0,130,1482.0,74,1483.0,116,1484.0,36,1485.0,41,1486.0,27,1487.0,47,1488.0,50,1489.0,84,1490.0,82,1485.0
FG501,,13:42:10.0#,1492.0,1502.0,1469.0,1647.0,1347.0,75559,279606,1481.0,130,1482.0,74,1483.0,116,1484.0,36,1485.0,41,1486.0,44,1487.0,47,1488.0,50,1489.0,84,1490.0,82,1485.0
FG501,,13:42:10.250#,1492.0,1502.0,1469.0,1647.0,1347.0,75559,279606,1481.0,130,1482.0,74,1483.0,116,1484.0,36,1485.0,41,1486.0,44,1487.0,47,1488.0,50,1489.0,84,1490.0,82,1485.0
FG501,,13:42:12.500#,1492.0,1502.0,1469.0,1647.0,1347.0,75570,279617,1481.0,130,1482.0,74,1483.0,116,1484.0,36,1485.0,30,1486.0,44,1487.0,47,1488.0,50,1489.0,84,1490.0,82,1485.0
FG501,,13:42:13.250#,1492.0,1502.0,1469.0,1647.0,1347.0,75571,279618,1481.0,130,1482.0,74,1483.0,116,1484.0,36,1485.0,29,1486.0,47,1487.0,47,1488.0,50,1489.0,84,1490.0,82,1485.0
FG501,,13:42:13.750#,1492.0,1502.0,1469.0,1647.0,1347.0,75571,279618,1481.0,130,1482.0,74,1483.0,116,1484.0,36,1485.0,29,1486.0,47,1487.0,47,1488.0,50,1489.0,84,1490.0,82,1485.0
FG501,,13:42:14.250#,1492.0,1502.0,1469.0,1647.0,1347.0,75600,279615,1480.0,232,1481.0,130,1482.0,74,1483.0,116,1484.0,418,1485.0,16,1486.0,47,1487.0,47,1488.0,50,1489.0,84,1485.0
FG501,,13:42:15.750#,1492.0,1502.0,1469.0,1647.0,1347.0,75600,279615,1480.0,232,1481.0,130,1482.0,69,1483.0,118,1484.0,48,1485.0,38,1486.0,50,1487.0,47,1488.0,50,1489.0,84,1485.0
FG501,,13:42:17.250#,1492.0,1502.0,1469.0,1647.0,1347.0,75600,279615,1480.0,232,1481.0,130,1482.0,69,1483.0,118,1484.0,47,1485.0,38,1486.0,50,1487.0,47,1488.0,50,1489.0,84,1485.0
FG501,,13:42:17.500#,1492.0,1502.0,1469.0,1647.0,1347.0,75600,279615,1480.0,232,1481.0,130,1482.0,69,1483.0,118,1484.0,47,1485.0,38,1486.0,51,1487.0,47,1488.0,50,1489.0,84,1485.0
FG501,,13:42:19.250#,1492.0,1502.0,1469.0,1647.0,1347.0,75604,279618,1480.0,232,1481.0,130,1482.0,69,1483.0,118,1484.0,45,1485.0,27,1486.0,51,1487.0,47,1488.0,50,1489.0,84,1484.0
FG501,,13:42:20.0#,1492.0,1502.0,1469.0,1647.0,1347.0,75604,279618,1480.0,232,1481.0,130,1482.0,69,1483.0,117,1484.0,45,1485.0,21,1486.0,51,1487.0,47,1488.0,50,1489.0,84,1484.0
FG501,,13:42:21.250#,1492.0,1502.0,1469.0,1647.0,1347.0,75604,279618,1480.0,232,1481.0,130,1482.0,69,1483.0,117,1484.0,45,1485.0,5,1486.0,51,1487.0,47,1488.0,50,1489.0,84,1484.0
FG501,,13:42:21.500#,1492.0,1502.0,1469.0,1647.0,1347.0,75604,279618,1480.0,232,1481.0,130,1482.0,69,1483.0,117,1484.0,45,1485.0,2,1486.0,53,1487.0,47,1488.0,50,1489.0,84,1484.0
FG501,,13:42:22.0#,1492.0,1502.0,1469.0,1647.0,1347.0,75604,279618,1480.0,232,1481.0,130,1482.0,69,1483.0,117,1484.0,45,1485.0,1,1486.0,53,1487.0,47,1488.0,50,1489.0,84,1484.0
FG501,,13:42:22.250#,1492.0,1502.0,1469.0,1647.0,1347.0,75604,279618,1480.0,232,1481.0,130,1482.0,69,1483.0,117,1484.0,45,1485.0,2,1486.0,53,1487.0,47,1488.0,50,1489.0,84,1484.0
FG501,,13:42:23.750#,1492.0,1502.0,1469.0,1647.0,1347.0,75604,279618,1480.0,232,1481.0,130,1482.0,69,1483.0,117,1484.0,48,1485.0,3,1486.0,53,1487.0,47,1488.0,50,1489.0,84,1484.0
FG501,,13:42:24.500#,1492.0,1502.0,1469.0,1647.0,1347.0,75604,279618,1480.0,232,1481.0,130,1482.0,69,1483.0,116,1484.0,48,1485.0,3,1486.0,53,1487.0,47,1488.0,50,1489.0,84,1484.0
FG501,,13:42:24.750#,1492.0,1502.0,1469.0,1647.0,1347.0,75604,279618,1480.0,232,1481.0,130,1482.0,69,1483.0,116,1484.0,48,1485.0,8,1486.0,53,1487.0,47,1488.0,50,1489.0,84,1484.0
FG501,,13:42:26.0#,1492.0,1502.0,1469.0,1647.0,1347.0,75604,279618,1480.0,232,1481.0,130,1482.0,69,1483.0,110,1484.0,48,1485.0,8,1486.0,53,1487.0,47,1488.0,50,1489.0,84,1484.0
FG501,,13:42:26.250#,1492.0,1502.0,1469.0,1647.0,1347.0,75604,279618,1480.0,232,1481.0,130,1482.0,69,1483.0,110,1484.0,47,1485.0,8,1486.0,53,1487.0,47,1488.0,50,1489.0,84,1484.0
FG501,,13:42:26.750#,1492.0,1502.0,1469.0,1647.0,1347.0,75604,279618,1480.0,232,1481.0,130,1482.0,69,1483.0,110,1484.0,47,1485.0,8,1486.0,54,1487.0,47,1488.0,50,1489.0,84,1484.0
FG501,,13:42:27.0#,1492.0,1502.0,1469.0,1647.0,1347.0,75604,279618,1480.0,232,1481.0,130,1482.0,69,1483.0,110,1484.0,47,1485.0,8,1486.0,53,1487.0,47,1488.0,50,1489.0,84,1484.0
FG501,,13:42:27.250#,1492.0,1502.0,1469.0,1647.0,1347.0,75604,279618,1480.0,232,1481.0,130,1482.0,69,1483.0,110,1484.0,47,1485.0,8,1486.0,53,1487.0,47,1488.0,50,1489.0,84,1484.0
FG501,,13:42:30.750#,1492.0,1502.0,1469.0,1647.0,1347.0,75613,279615,1480.0,232,1481.0,130,1482.0,70,1483.0,110,1484.0,43,1485.0,4,1486.0,53,1487.0,47,1488.0,51,1489.0,84,1484.0
FG501,,13:42:31.250#,1492.0,1502.0,1469.0,1647.0,1347.0,75613,279615,1480.0,232,1481.0,130,1482.0,70,1483.0,110,1484.0,44,1485.0,4,1486.0,53,1487.0,47,1488.0,51,1489.0,84,1484.0
FG501,,13:42:32.250#,1492.0,1502.0,1469.0,1647.0,1347.0,75617,279615,1481.0,130,1482.0,70,1483.0,110,1484.0,43,1485.0,16,1486.0,53,1487.0,46,1488.0,51,1489.0,84,1490.0,84,1485.0
FG501,,13:42:32.500#,1492.0,1502.0,1469.0,1647.0,1347.0,75617,279615,1481.0,130,1482.0,70,1483.0,110,1484.0,46,1485.0,31,1486.0,45,1487.0,46,1488.0,51,1489.0,84,1490.0,84,1485.0
FG501,,13:42:32.750#,1492.0,1502.0,1469.0,1647.0,1347.0,75617,279615,1481.0,130,1482.0,70,1483.0,109,1484.0,46,1485.0,35,1486.0,31,1487.0,46,1488.0,51,1489.0,84,1490.0,84,1485.0
FG501,,13:42:33.0#,1492.0,1502.0,1469.0,1647.0,1347.0,75617,279615,1481.0,130,1482.0,70,1483.0,109,1484.0,46,1485.0,37,1486.0,31,1487.0,46,1488.0,51,1489.0,84,1490.0,84,1485.0
FG501,,13:42:33.250#,1492.0,1502.0,1469.0,1647.0,1347.0,75618,279614,1481.0,130,1482.0,70,1483.0,109,1484.0,47,1485.0,37,1486.0,31,1487.0,46,1488.0,51,1489.0,84,1490.0,84,1485.0
FG501,,13:42:33.500#,1492.0,1502.0,1469.0,1647.0,1347.0,75618,279614,1481.0,130,1482.0,70,1483.0,109,1484.0,47,1485.0,21,1486.0,31,1487.0,46,1488.0,51,1489.0,84,1490.0,84,1485.0
FG501,,13:42:34.250#,1492.0,1502.0,1469.0,1647.0,1347.0,75618,279614,1481.0,130,1482.0,70,1483.0,109,1484.0,48,1485.0,21,1486.0,31,1487.0,46,1488.0,51,1489.0,84,1490.0,84,1485.0
FG501,,13:42:34.500#,1492.0,1502.0,1469.0,1647.0,1347.0,75618,279614,1481.0,130,1482.0,70,1483.0,109,1484.0,48,1485.0,21,1486.0,31,1487.0,46,1488.0,50,1489.0,84,1490.0,84,1485.0
FG501,,13:42:34.750#,1492.0,1502.0,1469.0,1647.0,1347.0,75618,279614,1481.0,130,1482.0,70,1483.0,109,1484.0,48,1485.0,21,1486.0,42,1487.0,46,1488.0,50,1489.0,84,1490.0,84,1485.0
FG501,,13:42:35.0#,1492.0,1502.0,1469.0,1647.0,1347.0,75618,279614,1481.0,130,1482.0,69,1483.0,109,1484.0,49,1485.0,18,1486.0,42,1487.0,46,1488.0,50,1489.0,84,1490.0,84,1485.0
FG501,,13:42:35.500#,1492.0,1502.0,1469.0,1647.0,1347.0,75619,279615,1481.0,130,1482.0,69,1483.0,110,1484.0,50,1485.0,27,1486.0,42,1487.0,46,1488.0,50,1489.0,84,1490.0,84,1485.0
FG501,,13:42:35.750#,1492.0,1502.0,1469.0,1647.0,1347.0,75619,279615,1481.0,130,1482.0,69,1483.0,110,1484.0,50,1485.0,27,1486.0,42,1487.0,46,1488.0,50,1489.0,84,1490.0,84,1485.0
FG501,,13:42:36.0#,1492.0,1502.0,1469.0,1647.0,1347.0,75619,279615,1481.0,130,1482.0,69,1483.0,110,1484.0,50,1485.0,27,1486.0,42,1487.0,46,1488.0,50,1489.0,84,1490.0,84,1485.0
FG501,,13:42:38.250#,1492.0,1502.0,1469.0,1647.0,1347.0,75619,279615,1481.0,130,1482.0,69,1483.0,110,1484.0,50,1485.0,27,1486.0,42,1487.0,46,1488.0,50,1489.0,84,1490.0,84,1485.0
FG501,,13:42:38.750#,1492.0,1502.0,1469.0,1647.0,1347.0,75620,279616,1481.0,130,1482.0,69,1483.0,110,1484.0,50,1485.0,26,1486.0,42,1487.0,46,1488.0,50,1489.0,84,1490.0,84,1485.0
FG501,,13:42:39.250#,1492.0,1502.0,1469.0,1647.0,1347.0,75624,279619,1481.0,130,1482.0,69,1483.0,110,1484.0,51,1485.0,22,1486.0,43,1487.0,46,1488.0,50,1489.0,84,1490.0,84,1485.0
FG501,,13:42:39.500#,1492.0,1502.0,1469.0,1647.0,1347.0,75624,279619,1481.0,130,1482.0,69,1483.0,110,1484.0,51,1485.0,22,1486.0,42,1487.0,46,1488.0,50,1489.0,84,1490.0,84,1485.0
FG501,,13:42:40.250#,1492.0,1502.0,1469.0,1647.0,1347.0,75624,279619,1481.0,130,1482.0,69,1483.0,110,1484.0,51,1485.0,22,1486.0,41,1487.0,46,1488.0,50,1489.0,84,1490.0,84,1485.0
FG501,,13:42:40.500#,1492.0,1502.0,1469.0,1647.0,1347.0,75624,279619,1481.0,130,1482.0,69,1483.0,110,1484.0,51,1485.0,22,1486.0,41,1487.0,46,1488.0,51,1489.0,84,1490.0,84,1485.0
FG501,,13:42:42.0#,1492.0,1502.0,1469.0,1647.0,1347.0,75624,279619,1481.0,130,1482.0,69,1483.0,110,1484.0,51,1485.0,22,1486.0,42,1487.0,46,1488.0,51,1489.0,84,1490.0,84,1485.0
FG501,,13:42:43.500#,1492.0,1502.0,1469.0,1647.0,1347.0,75624,279619,1481.0,130,1482.0,69,1483.0,110,1484.0,51,1485.0,20,1486.0,42,1487.0,46,1488.0,51,1489.0,84,1490.0,84,1485.0
FG501,,13:42:43.750#,1492.0,1502.0,1469.0,1647.0,1347.0,75624,279619,1481.0,130,1482.0,69,1483.0,110,1484.0,51,1485.0,13,1486.0,45,1487.0,46,1488.0,51,1489.0,84,1490.0,84,1485.0
FG501,,13:42:44.0#,1492.0,1502.0,1469.0,1647.0,1347.0,75624,279619,1481.0,130,1482.0,69,1483.0,110,1484.0,52,1485.0,13,1486.0,45,1487.0,46,1488.0,51,1489.0,84,1490.0,84,1485.0
FG501,,13:42:45.250#,1492.0,1502.0,1469.0,1647.0,1347.0,75624,279619,1481.0,130,1482.0,69,1483.0,110,1484.0,52,1485.0,13,1486.0,45,1487.0,46,1488.0,51,1489.0,85,1490.0,84,1485.0
FG501,,13:42:46.0#,1492.0,1502.0,1469.0,1647.0,1347.0,75624,279619,1481.0,130,1482.0,69,1483.0,109,1484.0,52,1485.0,13,1486.0,45,1487.0,46,1488.0,51,1489.0,85,1490.0,84,1485.0
FG501,,13:42:46.500#,1492.0,1502.0,1469.0,1647.0,1347.0,75624,279619,1481.0,130,1482.0,69,1483.0,109,1484.0,52,1485.0,13,1486.0,45,1487.0,46,1488.0,51,1489.0,85,1490.0,84,1485.0
FG501,,13:42:46.750#,1492.0,1502.0,1469.0,1647.0,1347.0,75624,279619,1481.0,130,1482.0,69,1483.0,109,1484.0,52,1485.0,13,1486.0,45,1487.0,46,1488.0,51,1489.0,85,1490.0,84,1485.0
FG501,,13:42:47.250#,1492.0,1502.0,1469.0,1647.0,1347.0,75626,279621,1481.0,130,1482.0,69,1483.0,109,1484.0,52,1485.0,11,1486.0,45,1487.0,46,1488.0,51,1489.0,85,1490.0,84,1485.0
FG501,,13:42:48.250#,1492.0,1502.0,1469.0,1647.0,1347.0,75626,279621,1481.0,130,1482.0,69,1483.0,108,1484.0,52,1485.0,11,1486.0,45,1487.0,46,1488.0,51,1489.0,85,1490.0,85,1485.0
FG501,,13:42:48.500#,1492.0,1502.0,1469.0,1647.0,1347.0,75626,279621,1481.0,130,1482.0,69,1483.0,108,1484.0,52,1485.0,14,1486.0,45,1487.0,46,1488.0,51,1489.0,85,1490.0,85,1485.0
FG501,,13:42:48.750#,1492.0,1502.0,1469.0,1647.0,1347.0,75626,279621,1481.0,130,1482.0,69,1483.0,108,1484.0,52,1485.0,14,1486.0,42,1487.0,46,1488.0,51,1489.0,85,1490.0,85,1485.0
FG501,,13:42:49.0#,1492.0,1502.0,1469.0,1647.0,1347.0,75646,279627,1481.0,130,1482.0,69,1483.0,108,1484.0,52,1485.0,323,1486.0,14,1487.0,46,1488.0,51,1489.0,85,1490.0,85,1486.0
FG501,,13:42:49.250#,1492.0,1502.0,1469.0,1647.0,1347.0,75660,279620,1482.0,69,1483.0,108,1484.0,36,1485.0,41,1486.0,9,1487.0,43,1488.0,51,1489.0,85,1490.0,85,1491.0,28,1486.0
FG501,,13:42:49.500#,1492.0,1502.0,1469.0,1647.0,1347.0,75660,279620,1482.0,69,1483.0,108,1484.0,36,1485.0,41,1486.0,2,1487.0,43,1488.0,51,1489.0,85,1490.0,85,1491.0,28,1486.0
FG501,,13:42:49.750#,1492.0,1502.0,1469.0,1647.0,1347.0,75662,279618,1481.0,130,1482.0,69,1483.0,108,1484.0,38,1485.0,274,1487.0,46,1488.0,51,1489.0,85,1490.0,85,1491.0,28,1486.0
FG501,,13:42:50.0#,1492.0,1502.0,1469.0,1647.0,1347.0,75662,279618,1481.0,130,1482.0,69,1483.0,108,1484.0,38,1485.0,184,1486.0,20,1487.0,46,1488.0,51,1489.0,85,1490.0,85,1486.0
FG501,,13:42:50.250#,1492.0,1502.0,1469.0,1647.0,1347.0,75662,279618,1481.0,130,1482.0,69,1483.0,108,1484.0,38,1485.0,160,1486.0,24,1487.0,49,1488.0,51,1489.0,85,1490.0,85,1486.0
FG501,,13:42:50.500#,1492.0,1502.0,1469.0,1647.0,1347.0,75662,279618,1481.0,130,1482.0,69,1483.0,108,1484.0,38,1485.0,30,1486.0,27,1487.0,49,1488.0,51,1489.0,85,1490.0,85,1486.0
FG501,,13:42:50.750#,1492.0,1502.0,1469.0,1647.0,1347.0,75662,279618,1481.0,130,1482.0,69,1483.0,107,1484.0,37,1485.0,18,1486.0,45,1487.0,49,1488.0,51,1489.0,85,1490.0,85,1486.0
FG501,,13:42:51.250#,1492.0,1502.0,1469.0,1647.0,1347.0,75662,279618,1481.0,130,1482.0,69,1483.0,107,1484.0,38,1485.0,17,1486.0,45,1487.0,49,1488.0,51,1489.0,85,1490.0,85,1486.0
FG501,,13:42:52.250#,1492.0,1502.0,1469.0,1647.0,1347.0,75662,279618,1481.0,130,1482.0,69,1483.0,107,1484.0,38,1485.0,17,1486.0,45,1487.0,49,1488.0,51,1489.0,85,1490.0,85,1486.0
FG501,,13:42:52.500#,1492.0,1502.0,1469.0,1647.0,1347.0,75662,279618,1481.0,130,1482.0,69,1483.0,107,1484.0,38,1485.0,17,1486.0,46,1487.0,49,1488.0,51,1489.0,85,1490.0,85,1486.0
FG501,,13:42:52.750#,1492.0,1502.0,1469.0,1647.0,1347.0,75663,279619,1481.0,130,1482.0,69,1483.0,107,1484.0,38,1485.0,16,1486.0,47,1487.0,49,1488.0,51,1489.0,85,1490.0,85,1485.0
FG501,,13:42:53.750#,1492.0,1502.0,1469.0,1647.0,1347.0,75663,279619,1481.0,130,1482.0,69,1483.0,107,1484.0,38,1485.0,17,1486.0,47,1487.0,49,1488.0,51,1489.0,85,1490.0,85,1485.0
FG501,,13:42:54.500#,1492.0,1502.0,1469.0,1647.0,1347.0,75663,279619,1481.0,130,1482.0,69,1483.0,107,1484.0,38,1485.0,17,1486.0,52,1487.0,49,1488.0,51,1489.0,85,1490.0,85,1485.0
FG501,,13:42:55.750#,1492.0,1502.0,1469.0,1647.0,1347.0,75663,279619,1481.0,130,1482.0,69,1483.0,107,1484.0,37,1485.0,18,1486.0,52,1487.0,49,1488.0,51,1489.0,85,1490.0,85,1485.0
FG501,,13:42:58.500#,1492.0,1502.0,1469.0,1647.0,1347.0,75663,279619,1481.0,130,1482.0,69,1483.0,107,1484.0,37,1485.0,18,1486.0,52,1487.0,49,1488.0,51,1489.0,85,1490.0,86,1485.0
FG501,,13:43:00.250#,1492.0,1502.0,1469.0,1647.0,1347.0,75667,279623,1481.0,130,1482.0,69,1483.0,107,1484.0,39,1485.0,14,1486.0,52,1487.0,49,1488.0,51,1489.0,85,1490.0,86,1485.0
FG501,,13:43:01.500#,1492.0,1502.0,1469.0,1647.0,1347.0,75667,279623,1481.0,130,1482.0,69,1483.0,107,1484.0,39,1485.0,15,1486.0,52,1487.0,49,1488.0,51,1489.0,85,1490.0,86,1485.0
FG501,,13:43:01.750#,1492.0,1502.0,1469.0,1647.0,1347.0,75667,279623,1481.0,130,1482.0,69,1483.0,107,1484.0,39,1485.0,16,1486.0,52,1487.0,49,1488.0,51,1489.0,85,1490.0,86,1485.0
FG501,,13:43:04.250#,1492.0,1502.0,1469.0,1647.0,1347.0,75668,279624,1481.0,130,1482.0,69,1483.0,107,1484.0,39,1485.0,15,1486.0,52,1487.0,49,1488.0,51,1489.0,85,1490.0,86,1485.0
FG501,,13:43:06.500#,1492.0,1502.0,1469.0,1647.0,1347.0,75668,279624,1481.0,130,1482.0,69,1483.0,107,1484.0,41,1485.0,15,1486.0,52,1487.0,49,1488.0,51,1489.0,85,1490.0,86,1485.0
FG501,,13:43:07.250#,1492.0,1502.0,1469.0,1647.0,1347.0,75669,279625,1481.0,130,1482.0,69,1483.0,107,1484.0,41,1485.0,14,1486.0,52,1487.0,49,1488.0,51,1489.0,85,1490.0,86,1485.0
FG501,,13:43:09.500#,1492.0,1502.0,1469.0,1647.0,1347.0,75669,279625,1481.0,130,1482.0,69,1483.0,106,1484.0,41,1485.0,14,1486.0,52,1487.0,49,1488.0,51,1489.0,85,1490.0,86,1485.0
FG501,,13:43:10.0#,1492.0,1502.0,1469.0,1647.0,1347.0,75669,279625,1481.0,130,1482.0,69,1483.0,106,1484.0,41,1485.0,214,1486.0,52,1487.0,49,1488.0,51,1489.0,85,1490.0,86,1485.0
FG501,,13:43:10.250#,1492.0,1502.0,1469.0,1647.0,1347.0,75669,279625,1481.0,130,1482.0,69,1483.0,106,1484.0,41,1485.0,217,1486.0,47,1487.0,49,1488.0,51,1489.0,85,1490.0,86,1485.0
FG501,,13:43:11.750#,1492.0,1502.0,1469.0,1647.0,1347.0,75669,279625,1481.0,130,1482.0,69,1483.0,106,1484.0,40,1485.0,217,1486.0,47,1487.0,49,1488.0,51,1489.0,85,1490.0,86,1485.0
FG501,,13:43:12.500#,1492.0,1502.0,1469.0,1647.0,1347.0,75680,279635,1481.0,130,1482.0,69,1483.0,106,1484.0,40,1485.0,206,1486.0,47,1487.0,49,1488.0,51,1489.0,85,1490.0,86,1485.0
FG501,,13:43:13.250#,1492.0,1502.0,1469.0,1647.0,1347.0,75680,279635,1481.0,130,1482.0,69,1483.0,106,1484.0,40,1485.0,207,1486.0,47,1487.0,49,1488.0,51,1489.0,85,1490.0,86,1485.0
FG501,,13:43:13.500#,1492.0,1502.0,1469.0,1647.0,1347.0,75680,279635,1481.0,130,1482.0,69,1483.0,106,1484.0,41,1485.0,207,1486.0,47,1487.0,49,1488.0,51,1489.0,85,1490.0,86,1485.0
FG501,,13:43:16.250#,1492.0,1502.0,1469.0,1647.0,1347.0,75680,279635,1481.0,130,1482.0,70,1483.0,106,1484.0,41,1485.0,207,1486.0,47,1487.0,49,1488.0,51,1489.0,85,1490.0,86,1485.0
FG501,,13:43:18.250#,1492.0,1502.0,1469.0,1647.0,1347.0,75680,279635,1481.0,130,1482.0,70,1483.0,106,1484.0,41,1485.0,207,1486.0,47,1487.0,49,1488.0,51,1489.0,85,1490.0,86,1485.0
FG501,,13:43:18.500#,1492.0,1502.0,1469.0,1647.0,1347.0,75680,279635,1481.0,130,1482.0,70,1483.0,106,1484.0,41,1485.0,207,1486.0,47,1487.0,49,1488.0,51,1489.0,85,1490.0,86,1485.0
FG501,,13:43:18.750#,1492.0,1502.0,1469.0,1647.0,1347.0,75680,279635,1481.0,130,1482.0,70,1483.0,106,1484.0,41,1485.0,207,1486.0,47,1487.0,69,1488.0,51,1489.0,65,1490.0,86,1485.0
FG501,,13:43:19.250#,1492.0,1502.0,1469.0,1647.0,1347.0,75680,279635,1481.0,130,1482.0,70,1483.0,106,1484.0,41,1485.0,207,1486.0,47,1487.0,69,1488.0,51,1489.0,65,1490.0,86,1485.0
FG501,,13:43:20.750#,1492.0,1502.0,1469.0,1647.0,1347.0,75680,279635,1481.0,130,1482.0,70,1483.0,106,1484.0,40,1485.0,207,1486.0,47,1487.0,69,1488.0,51,1489.0,65,1490.0,86,1485.0
FG501,,13:43:21.0#,1492.0,1502.0,1469.0,1647.0,1347.0,75680,279635,1481.0,130,1482.0,70,1483.0,106,1484.0,40,1485.0,208,1486.0,47,1487.0,69,1488.0,51,1489.0,65,1490.0,86,1485.0
FG501,,13:43:21.250#,1492.0,1502.0,1469.0,1647.0,1347.0,75684,279637,1481.0,130,1482.0,70,1483.0,106,1484.0,40,1485.0,205,1486.0,47,1487.0,69,1488.0,51,1489.0,65,1490.0,86,1485.0
FG501,,13:43:21.500#,1492.0,1502.0,1469.0,1647.0,1347.0,75685,279637,1481.0,130,1482.0,70,1483.0,106,1484.0,40,1485.0,204,1486.0,47,1487.0,69,1488.0,51,1489.0,65,1490.0,86,1485.0
FG501,,13:43:24.500#,1492.0,1502.0,1469.0,1647.0,1347.0,75685,279637,1481.0,130,1482.0,70,1483.0,106,1484.0,40,1485.0,204,1486.0,47,1487.0,69,1488.0,51,1489.0,45,1490.0,86,1485.0
FG501,,13:43:24.750#,1492.0,1502.0,1469.0,1647.0,1347.0,75685,279637,1481.0,130,1482.0,70,1483.0,106,1484.0,40,1485.0,204,1486.0,36,1487.0,89,1488.0,51,1489.0,45,1490.0,86,1485.0
FG501,,13:43:25.250#,1492.0,1502.0,1469.0,1647.0,1347.0,75719,279603,1481.0,130,1482.0,70,1483.0,106,1484.0,40,1485.0,170,1486.0,2,1487.0,89,1488.0,51,1489.0,45,1490.0,86,1486.0
FG501,,13:43:25.500#,1492.0,1502.0,1469.0,1647.0,1347.0,75724,279600,1481.0,130,1482.0,70,1483.0,106,1484.0,40,1485.0,168,1487.0,93,1488.0,51,1489.0,45,1490.0,86,1491.0,28,1486.0
FG501,,13:43:25.750#,1492.0,1502.0,1469.0,1647.0,1347.0,75724,279600,1482.0,70,1483.0,106,1484.0,41,1485.0,10,1486.0,3,1487.0,90,1488.0,51,1489.0,45,1490.0,86,1491.0,28,1486.0
FG501,,13:43:26.0#,1492.0,1502.0,1469.0,1647.0,1347.0,75724,279600,1482.0,70,1483.0,106,1484.0,41,1485.0,14,1486.0,54,1487.0,90,1488.0,51,1489.0,45,1490.0,86,1491.0,28,1486.0
FG501,,13:43:26.250#,1492.0,1502.0,1469.0,1647.0,1347.0,75724,279600,1482.0,70,1483.0,106,1484.0,40,1485.0,14,1486.0,75,1487.0,89,1488.0,51,1489.0,45,1490.0,86,1491.0,28,1486.0
FG501,,13:43:26.500#,1492.0,1502.0,1469.0,1647.0,1347.0,75724,279600,1482.0,70,1483.0,106,1484.0,40,1485.0,14,1486.0,32,1487.0,89,1488.0,51,1489.0,45,1490.0,86,1491.0,28,1486.0
FG501,,13:43:26.750#,1492.0,1502.0,1469.0,1647.0,1347.0,75724,279600,1482.0,70,1483.0,106,1484.0,40,1485.0,15,1486.0,34,1487.0,88,1488.0,51,1489.0,45,1490.0,86,1491.0,28,1486.0
FG501,,13:43:27.750#,1492.0,1502.0,1469.0,1647.0,1347.0,75724,279600,1482.0,70,1483.0,106,1484.0,40,1485.0,15,1486.0,35,1487.0,88,1488.0,51,1489.0,45,1490.0,86,1491.0,28,1486.0
FG501,,13:43:28.0#,1492.0,1502.0,1469.0,1647.0,1347.0,75724,279600,1482.0,70,1483.0,106,1484.0,40,1485.0,15,1486.0,34,1487.0,88,1488.0,51,1489.0,45,1490.0,86,1491.0,28,1486.0
FG501,,13:43:28.250#,1492.0,1502.0,1469.0,1647.0,1347.0,75724,279600,1482.0,70,1483.0,106,1484.0,40,1485.0,15,1486.0,16,1487.0,88,1488.0,51,1489.0,45,1490.0,86,1491.0,28,1486.0
FG501,,13:43:28.500#,1492.0,1502.0,1469.0,1647.0,1347.0,75724,279600,1482.0,70,1483.0,106,1484.0,40,1485.0,15,1486.0,6,1487.0,88,1488.0,51,1489.0,45,1490.0,86,1491.0,28,1486.0
FG501,,13:43:28.750#,1492.0,1502.0,1469.0,1647.0,1347.0,75724,279600,1482.0,70,1483.0,106,1484.0,40,1485.0,15,1486.0,4,1487.0,88,1488.0,51,1489.0,45,1490.0,86,1491.0,28,1486.0
FG501,,13:43:29.0#,1492.0,1502.0,1469.0,1647.0,1347.0,75724,279600,1482.0,70,1483.0,106,1484.0,40,1485.0,15,1486.0,7,1487.0,90,1488.0,51,1489.0,45,1490.0,86,1491.0,28,1486.0
FG501,,13:43:29.500#,1492.0,1502.0,1469.0,1647.0,1347.0,75725,279600,1482.0,70,1483.0,106,1484.0,40,1485.0,15,1486.0,7,1487.0,89,1488.0,51,1489.0,45,1490.0,86,1491.0,28,1487.0
FG501,,13:43:29.750#,1492.0,1502.0,1469.0,1647.0,1347.0,75725,279600,1481.0,130,1482.0,70,1483.0,106,1484.0,40,1485.0,175,1486.0,2,1487.0,85,1488.0,51,1489.0,45,1490.0,86,1487.0
FG501,,13:43:30.0#,1492.0,1502.0,1469.0,1647.0,1347.0,75725,279600,1481.0,130,1482.0,70,1483.0,106,1484.0,39,1485.0,173,1486.0,4,1487.0,85,1488.0,51,1489.0,45,1490.0,86,1487.0
FG501,,13:43:30.250#,1492.0,1502.0,1469.0,1647.0,1347.0,75725,279600,1481.0,130,1482.0,70,1483.0,106,1484.0,39,1485.0,172,1486.0,6,1487.0,85,1488.0,51,1489.0,45,1490.0,86,1487.0
FG501,,13:43:30.500#,1492.0,1502.0,1469.0,1647.0,1347.0,75725,279600,1481.0,130,1482.0,70,1483.0,106,1484.0,39,1485.0,172,1486.0,9,1487.0,85,1488.0,51,1489.0,45,1490.0,86,1487.0
FG501,,13:43:30.750#,1492.0,1502.0,1469.0,1647.0,1347.0,75725,279600,1481.0,130,1482.0,70,1483.0,106,1484.0,41,1485.0,170,1486.0,14,1487.0,85,1488.0,51,1489.0,45,1490.0,86,1487.0
FG501,,13:43:31.0#,1492.0,1502.0,1469.0,1647.0,1347.0,75725,279600,1481.0,130,1482.0,70,1483.0,106,1484.0,41,1485.0,170,1486.0,15,1487.0,85,1488.0,51,1489.0,45,1490.0,86,1487.0
FG501,,13:43:32.750#,1492.0,1502.0,1469.0,1647.0,1347.0,75725,279600,1481.0,130,1482.0,70,1483.0,106,1484.0,41,1485.0,171,1486.0,15,1487.0,85,1488.0,51,1489.0,45,1490.0,86,1487.0
FG501,,13:43:33.750#,1492.0,1502.0,1469.0,1647.0,1347.0,75725,279600,1481.0,130,1482.0,70,1483.0,106,1484.0,41,1485.0,171,1486.0,17,1487.0,85,1488.0,51,1489.0,45,1490.0,86,1487.0
FG501,,13:43:34.0#,1492.0,1502.0,1469.0,1647.0,1347.0,75725,279600,1481.0,130,1482.0,70,1483.0,106,1484.0,41,1485.0,172,1486.0,17,1487.0,85,1488.0,51,1489.0,45,1490.0,86,1487.0
FG501,,13:43:35.250#,1492.0,1502.0,1469.0,1647.0,1347.0,75725,279600,1481.0,130,1482.0,70,1483.0,106,1484.0,41,1485.0,172,1486.0,17,1487.0,86,1488.0,51,1489.0,45,1490.0,86,1487.0
FG501,,13:43:35.500#,1492.0,1502.0,1469.0,1647.0,1347.0,75726,279600,1481.0,130,1482.0,70,1483.0,106,1484.0,41,1485.0,172,1486.0,16,1487.0,86,1488.0,51,1489.0,45,1490.0,86,1486.0
FG501,,13:43:35.750#,1492.0,1502.0,1469.0,1647.0,1347.0,75727,279601,1481.0,130,1482.0,70,1483.0,106,1484.0,41,1485.0,172,1486.0,15,1487.0,86,1488.0,51,1489.0,45,1490.0,86,1486.0
FG501,,13:43:36.0#,1492.0,1502.0,1469.0,1647.0,1347.0,75727,279601,1481.0,130,1482.0,70,1483.0,106,1484.0,40,1485.0,172,1486.0,15,1487.0,86,1488.0,51,1489.0,45,1490.0,86,1486.0
FG501,,13:43:36.250#,1492.0,1502.0,1469.0,1647.0,1347.0,75727,279601,1481.0,130,1482.0,70,1483.0,106,1484.0,40,1485.0,172,1486.0,20,1487.0,86,1488.0,51,1489.0,45,1490.0,86,1486.0
FG501,,13:43:37.500#,1492.0,1502.0,1469.0,1647.0,1347.0,75727,279601,1481.0,130,1482.0,70,1483.0,126,1484.0,40,1485.0,172,1486.0,20,1487.0,86,1488.0,51,1489.0,45,1490.0,86,1486.0
FG501,,13:43:38.250#,1492.0,1502.0,1469.0,1647.0,1347.0,75727,279601,1481.0,130,1482.0,70,1483.0,126,1484.0,40,1485.0,172,1486.0,15,1487.0,86,1488.0,51,1489.0,45,1490.0,86,1486.0
FG501,,13:43:38.500#,1492.0,1502.0,1469.0,1647.0,1347.0,75728,279601,1481.0,130,1482.0,70,1483.0,126,1484.0,40,1485.0,171,1486.0,15,1487.0,86,1488.0,51,1489.0,45,1490.0,86,1485.0
FG501,,13:43:38.750#,1492.0,1502.0,1469.0,1647.0,1347.0,75728,279601,1481.0,130,1482.0,75,1483.0,126,1484.0,40,1485.0,171,1486.0,15,1487.0,86,1488.0,51,1489.0,45,1490.0,86,1485.0
FG501,,13:43:39.0#,1492.0,1502.0,1469.0,1647.0,1347.0,75728,279601,1481.0,130,1482.0,75,1483.0,126,1484.0,39,1485.0,171,1486.0,15,1487.0,87,1488.0,51,1489.0,45,1490.0,86,1485.0
FG501,,13:43:41.250#,1492.0,1502.0,1469.0,1647.0,1347.0,75728,279601,1481.0,130,1482.0,75,1483.0,126,1484.0,39,1485.0,172,1486.0,15,1487.0,87,1488.0,51,1489.0,45,1490.0,86,1485.0
FG501,,13:43:41.500#,1492.0,1502.0,1469.0,1647.0,1347.0,75730,279599,1481.0,130,1482.0,75,1483.0,126,1484.0,39,1485.0,172,1486.0,13,1487.0,87,1488.0,51,1489.0,45,1490.0,86,1486.0
FG501,,13:43:42.250#,1492.0,1502.0,1469.0,1647.0,1347.0,75737,279597,1481.0,130,1482.0,75,1483.0,126,1484.0,39,1485.0,165,1486.0,10,1487.0,87,1488.0,51,1489.0,45,1490.0,86,1485.0
FG501,,13:43:42.500#,1492.0,1502.0,1469.0,1647.0,1347.0,75738,279597,1481.0,130,1482.0,75,1483.0,126,1484.0,39,1485.0,164,1486.0,11,1487.0,87,1488.0,51,1489.0,45,1490.0,86,1486.0
FG501,,13:43:42.750#,1492.0,1502.0,1469.0,1647.0,1347.0,75739,279596,1481.0,130,1482.0,75,1483.0,126,1484.0,39,1485.0,163,1486.0,10,1487.0,87,1488.0,51,1489.0,45,1490.0,86,1486.0
FG501,,13:43:43.0#,1492.0,1502.0,1469.0,1647.0,1347.0,75741,279594,1481.0,130,1482.0,75,1483.0,126,1484.0,39,1485.0,161,1486.0,10,1487.0,87,1488.0,51,1489.0,45,1490.0,86,1486.0
FG501,,13:43:43.250#,1492.0,1502.0,1469.0,1647.0,1347.0,75741,279594,1481.0,130,1482.0,75,1483.0,126,1484.0,39,1485.0,161,1486.0,11,1487.0,87,1488.0,51,1489.0,45,1490.0,86,1486.0
FG501,,13:43:43.750#,1492.0,1502.0,1469.0,1647.0,1347.0,75742,279594,1481.0,130,1482.0,75,1483.0,126,1484.0,39,1485.0,161,1486.0,10,1487.0,87,1488.0,51,1489.0,45,1490.0,86,1486.0
FG501,,13:43:44.0#,1492.0,1502.0,1469.0,1647.0,1347.0,75742,279594,1481.0,130,1482.0,75,1483.0,126,1484.0,39,1485.0,161,1486.0,10,1487.0,87,1488.0,52,1489.0,45,1490.0,86,1486.0
FG501,,13:43:45.0#,1492.0,1502.0,1469.0,1647.0,1347.0,75743,279594,1481.0,130,1482.0,75,1483.0,126,1484.0,39,1485.0,161,1486.0,9,1487.0,87,1488.0,52,1489.0,45,1490.0,86,1486.0
FG501,,13:43:45.250#,1492.0,1502.0,1469.0,1647.0,1347.0,75743,279594,1481.0,130,1482.0,75,1483.0,126,1484.0,39,1485.0,161,1486.0,10,1487.0,87,1488.0,52,1489.0,45,1490.0,86,1486.0
FG501,,13:43:46.500#,1492.0,1502.0,1469.0,1647.0,1347.0,75744,279593,1481.0,130,1482.0,75,1483.0,126,1484.0,39,1485.0,160,1486.0,10,1487.0,87,1488.0,52,1489.0,45,1490.0,86,1486.0
FG501,,13:43:47.250#,1492.0,1502.0,1469.0,1647.0,1347.0,75745,279592,1481.0,130,1482.0,75,1483.0,126,1484.0,39,1485.0,159,1486.0,9,1487.0,87,1488.0,52,1489.0,45,1490.0,86,1486.0
FG501,,13:43:47.750#,1492.0,1502.0,1469.0,1647.0,1347.0,75745,279592,1481.0,130,1482.0,75,1483.0,126,1484.0,39,1485.0,158,1486.0,9,1487.0,87,1488.0,52,1489.0,45,1490.0,86,1486.0
FG501,,13:43:48.750#,1492.0,1502.0,1469.0,1647.0,1347.0,75745,279592,1481.0,130,1482.0,75,1483.0,126,1484.0,39,1485.0,158,1486.0,9,1487.0,87,1488.0,60,1489.0,45,1490.0,86,1486.0
FG501,,13:43:49.0#,1492.0,1502.0,1469.0,1647.0,1347.0,75752,279585,1481.0,130,1482.0,75,1483.0,126,1484.0,39,1485.0,151,1486.0,2,1487.0,87,1488.0,60,1489.0,45,1490.0,86,1486.0
FG501,,13:43:49.250#,1492.0,1502.0,1469.0,1647.0,1347.0,75752,279585,1481.0,130,1482.0,75,1483.0,126,1484.0,39,1485.0,151,1486.0,26,1487.0,87,1488.0,60,1489.0,45,1490.0,86,1486.0
FG501,,13:43:49.500#,1492.0,1502.0,1469.0,1647.0,1347.0,75752,279585,1481.0,130,1482.0,75,1483.0,126,1484.0,39,1485.0,151,1486.0,27,1487.0,87,1488.0,60,1489.0,45,1490.0,86,1486.0
FG501,,13:43:49.750#,1492.0,1502.0,1469.0,1647.0,1347.0,75754,279583,1481.0,130,1482.0,75,1483.0,126,1484.0,39,1485.0,149,1486.0,25,1487.0,87,1488.0,60,1489.0,46,1490.0,86,1486.0
FG501,,13:43:50.250#,1492.0,1502.0,1469.0,1647.0,1347.0,75754,279583,1481.0,130,1482.0,75,1483.0,126,1484.0,39,1485.0,149,1486.0,25,1487.0,87,1488.0,61,1489.0,46,1490.0,86,1486.0
FG501,,13:43:50.750#,1492.0,1502.0,1469.0,1647.0,1347.0,75754,279583,1481.0,130,1482.0,75,1483.0,126,1484.0,39,1485.0,149,1486.0,36,1487.0,87,1488.0,61,1489.0,46,1490.0,86,1486.0
FG501,,13:43:52.0#,1492.0,1502.0,1469.0,1647.0,1347.0,75754,279583,1481.0,130,1482.0,75,1483.0,126,1484.0,39,1485.0,149,1486.0,36,1487.0,87,1488.0,61,1489.0,46,1490.0,86,1486.0
FG501,,13:43:53.500#,1492.0,1502.0,1469.0,1647.0,1347.0,75754,279583,1481.0,130,1482.0,75,1483.0,126,1484.0,39,1485.0,149,1486.0,36,1487.0,87,1488.0,61,1489.0,47,1490.0,86,1486.0
FG501,,13:43:53.750#,1492.0,1502.0,1469.0,1647.0,1347.0,75754,279583,1481.0,130,1482.0,76,1483.0,126,1484.0,39,1485.0,149,1486.0,36,1487.0,87,1488.0,61,1489.0,47,1490.0,86,1486.0
FG501,,13:43:54.250#,1492.0,1502.0,1469.0,1647.0,1347.0,75756,279581,1481.0,130,1482.0,76,1483.0,126,1484.0,39,1485.0,147,1486.0,36,1487.0,87,1488.0,61,1489.0,47,1490.0,86,1485.0
FG501,,13:43:55.0#,1492.0,1502.0,1469.0,1647.0,1347.0,75757,279580,1481.0,130,1482.0,76,1483.0,126,1484.0,39,1485.0,146,1486.0,35,1487.0,87,1488.0,61,1489.0,47,1490.0,86,1486.0
FG501,,13:43:55.500#,1492.0,1502.0,1469.0,1647.0,1347.0,75757,279580,1481.0,130,1482.0,76,1483.0,126,1484.0,39,1485.0,146,1486.0,24,1487.0,87,1488.0,61,1489.0,47,1490.0,86,1486.0
FG501,,13:43:56.250#,1492.0,1502.0,1469.0,1647.0,1347.0,75759,279580,1481.0,130,1482.0,76,1483.0,126,1484.0,39,1485.0,144,1486.0,24,1487.0,87,1488.0,61,1489.0,47,1490.0,86,1485.0
FG501,,13:43:56.750#,1492.0,1502.0,1469.0,1647.0,1347.0,75759,279580,1481.0,130,1482.0,76,1483.0,126,1484.0,39,1485.0,144,1486.0,25,1487.0,87,1488.0,61,1489.0,47,1490.0,86,1485.0
FG501,,13:43:57.250#,1492.0,1502.0,1469.0,1647.0,1347.0,75763,279576,1481.0,130,1482.0,76,1483.0,126,1484.0,39,1485.0,140,1486.0,21,1487.0,87,1488.0,61,1489.0,47,1490.0,86,1486.0
FG501,,13:43:57.500#,1492.0,1502.0,1469.0,1647.0,1347.0,75768,279571,1481.0,130,1482.0,76,1483.0,126,1484.0,39,1485.0,135,1486.0,16,1487.0,87,1488.0,61,1489.0,47,1490.0,86,1486.0
FG501,,13:43:58.0#,1492.0,1502.0,1469.0,1647.0,1347.0,75768,279571,1481.0,130,1482.0,76,1483.0,126,1484.0,39,1485.0,135,1486.0,17,1487.0,87,1488.0,61,1489.0,47,1490.0,86,1486.0
FG501,,13:43:58.750#,1492.0,1502.0,1469.0,1647.0,1347.0,75768,279571,1481.0,130,1482.0,76,1483.0,126,1484.0,39,1485.0,136,1486.0,17,1487.0,87,1488.0,61,1489.0,47,1490.0,86,1486.0
FG501,,13:44:00.0#,1492.0,1502.0,1469.0,1647.0,1347.0,75768,279571,1481.0,130,1482.0,76,1483.0,126,1484.0,39,1485.0,136,1486.0,17,1487.0,87,1488.0,61,1489.0,47,1490.0,86,1486.0
FG501,,13:44:00.250#,1492.0,1502.0,1469.0,1647.0,1347.0,75768,279571,1481.0,130,1482.0,76,1483.0,126,1484.0,39,1485.0,136,1486.0,17,1487.0,87,1488.0,61,1489.0,47,1490.0,86,1486.0
FG501,,13:44:00.750#,1492.0,1502.0,1469.0,1647.0,1347.0,75769,279570,1481.0,130,1482.0,76,1483.0,126,1484.0,39,1485.0,135,1486.0,16,1487.0,87,1488.0,61,1489.0,47,1490.0,86,1486.0
FG501,,13:44:01.0#,1492.0,1502.0,1469.0,1647.0,1347.0,75769,279570,1481.0,130,1482.0,76,1483.0,126,1484.0,39,1485.0,135,1486.0,17,1487.0,87,1488.0,61,1489.0,47,1490.0,86,1486.0
FG501,,13:44:02.750#,1492.0,1502.0,1469.0,1647.0,1347.0,75769,279570,1481.0,130,1482.0,76,1483.0,126,1484.0,39,1485.0,135,1486.0,22,1487.0,87,1488.0,61,1489.0,47,1490.0,86,1486.0
FG501,,13:44:03.0#,1492.0,1502.0,1469.0,1647.0,1347.0,75769,279570,1481.0,130,1482.0,76,1483.0,126,1484.0,39,1485.0,140,1486.0,22,1487.0,87,1488.0,61,1489.0,47,1490.0,86,1486.0
FG501,,13:44:03.250#,1492.0,1502.0,1469.0,1647.0,1347.0,75777,279566,1481.0,130,1482.0,76,1483.0,126,1484.0,39,1485.0,132,1486.0,18,1487.0,87,1488.0,61,1489.0,47,1490.0,86,1486.0
FG501,,13:44:03.500#,1492.0,1502.0,1469.0,1647.0,1347.0,75777,279566,1481.0,130,1482.0,76,1483.0,126,1484.0,39,1485.0,132,1486.0,19,1487.0,87,1488.0,61,1489.0,47,1490.0,86,1486.0
FG501,,13:44:04.0#,1492.0,1502.0,1469.0,1647.0,1347.0,75783,279560,1481.0,130,1482.0,76,1483.0,126,1484.0,39,1485.0,126,1486.0,13,1487.0,87,1488.0,61,1489.0,47,1490.0,86,1486.0
FG501,,13:44:04.500#,1492.0,1502.0,1469.0,1647.0,1347.0,75783,279560,1481.0,130,1482.0,76,1483.0,126,1484.0,39,1485.0,126,1486.0,13,1487.0,87,1488.0,60,1489.0,47,1490.0,86,1486.0
FG501,,13:44:06.250#,1492.0,1502.0,1469.0,1647.0,1347.0,75784,279559,1481.0,130,1482.0,76,1483.0,126,1484.0,39,1485.0,125,1486.0,12,1487.0,87,1488.0,60,1489.0,47,1490.0,86,1486.0
FG501,,13:44:06.500#,1492.0,1502.0,1469.0,1647.0,1347.0,75784,279559,1481.0,130,1482.0,76,1483.0,126,1484.0,39,1485.0,126,1486.0,12,1487.0,87,1488.0,60,1489.0,47,1490.0,86,1486.0
