InstrumentId,ExchangeId,Datetime,OpenPrice,HighestPrice,LowestPrice,UpperLimitPrice,LowerLimitPrice,Volume,OpenInterest,BidPrice5,BidVolume5,BidPrice4,BidVolume4,BidPrice3,BidVolume3,BidPrice2,BidVolume2,BidPrice1,BidVolume1,AskPrice1,AskVolume1,AskPrice2,AskVolume2,AskPrice3,AskVolume3,AskPrice4,AskVolume4,AskPrice5,AskVolume5,LastPrice
FG505,,13:38:35.0#,1529.0,1555.0,1527.0,1700.0,1390.0,4070,15641,1540.0,13,1541.0,2,1542.0,1,1543.0,52,1544.0,16,1546.0,11,1547.0,2,1549.0,1,1550.0,3,1551.0,2,1545.0
FG505,,13:38:39.500#,1529.0,1555.0,1527.0,1700.0,1390.0,4070,15641,1540.0,13,1541.0,2,1542.0,1,1543.0,52,1544.0,13,1546.0,11,1547.0,2,1549.0,1,1550.0,3,1551.0,2,1545.0
FG505,,13:38:40.500#,1529.0,1555.0,1527.0,1700.0,1390.0,4070,15641,1540.0,13,1541.0,2,1542.0,1,1543.0,52,1544.0,11,1546.0,11,1547.0,2,1549.0,1,1550.0,3,1551.0,2,1545.0
FG505,,13:38:43.0#,1529.0,1555.0,1527.0,1700.0,1390.0,4070,15641,1540.0,13,1541.0,2,1542.0,1,1543.0,52,1544.0,16,1546.0,11,1547.0,2,1549.0,1,1550.0,3,1551.0,2,1545.0
FG505,,13:38:44.500#,1529.0,1555.0,1527.0,1700.0,1390.0,4070,15641,1540.0,13,1541.0,2,1542.0,1,1543.0,52,1544.0,19,1546.0,11,1547.0,2,1549.0,1,1550.0,3,1551.0,2,1545.0
FG505,,13:38:45.250#,1529.0,1555.0,1527.0,1700.0,1390.0,4070,15641,1540.0,13,1541.0,2,1542.0,1,1543.0,52,1544.0,20,1546.0,11,1547.0,2,1549.0,1,1550.0,3,1551.0,2,1545.0
FG505,,13:38:47.500#,1529.0,1555.0,1527.0,1700.0,1390.0,4070,15641,1540.0,13,1541.0,2,1542.0,1,1543.0,52,1544.0,17,1546.0,11,1547.0,2,1549.0,1,1550.0,3,1551.0,2,1545.0
FG505,,13:38:47.750#,1529.0,1555.0,1527.0,1700.0,1390.0,4070,15641,1540.0,13,1541.0,2,1542.0,1,1543.0,52,1544.0,21,1546.0,11,1547.0,2,1549.0,1,1550.0,3,1551.0,2,1545.0
FG505,,13:38:48.750#,1529.0,1555.0,1527.0,1700.0,1390.0,4070,15641,1540.0,13,1541.0,2,1542.0,1,1543.0,52,1544.0,22,1546.0,11,1547.0,2,1549.0,1,1550.0,3,1551.0,2,1545.0
FG505,,13:38:50.0#,1529.0,1555.0,1527.0,1700.0,1390.0,4070,15641,1540.0,13,1541.0,2,1542.0,1,1543.0,52,1544.0,23,1546.0,11,1547.0,2,1549.0,1,1550.0,3,1551.0,2,1545.0
FG505,,13:38:50.250#,1529.0,1555.0,1527.0,1700.0,1390.0,4070,15641,1540.0,13,1541.0,2,1542.0,1,1543.0,52,1544.0,20,1546.0,11,1547.0,2,1549.0,1,1550.0,3,1551.0,2,1545.0
FG505,,13:38:52.500#,1529.0,1555.0,1527.0,1700.0,1390.0,4070,15641,1540.0,13,1541.0,2,1542.0,1,1543.0,52,1544.0,21,1546.0,11,1547.0,2,1549.0,1,1550.0,3,1551.0,2,1545.0
FG505,,13:38:53.250#,1529.0,1555.0,1527.0,1700.0,1390.0,4070,15641,1540.0,13,1541.0,2,1542.0,1,1543.0,52,1544.0,22,1546.0,11,1547.0,2,1549.0,1,1550.0,3,1551.0,2,1545.0
FG505,,13:38:55.0#,1529.0,1555.0,1527.0,1700.0,1390.0,4070,15641,1540.0,13,1541.0,2,1542.0,1,1543.0,52,1544.0,23,1546.0,11,1547.0,2,1549.0,1,1550.0,3,1551.0,2,1545.0
FG505,,13:38:55.250#,1529.0,1555.0,1527.0,1700.0,1390.0,4070,15641,1540.0,13,1541.0,2,1542.0,1,1543.0,52,1544.0,18,1546.0,11,1547.0,2,1549.0,1,1550.0,3,1551.0,2,1545.0
FG505,,13:38:56.750#,1529.0,1555.0,1527.0,1700.0,1390.0,4070,15641,1540.0,13,1541.0,2,1542.0,1,1543.0,52,1544.0,19,1546.0,11,1547.0,2,1549.0,1,1550.0,3,1551.0,2,1545.0
FG505,,13:38:57.750#,1529.0,1555.0,1527.0,1700.0,1390.0,4070,15641,1540.0,13,1541.0,2,1542.0,1,1543.0,52,1544.0,24,1546.0,11,1547.0,2,1549.0,1,1550.0,3,1551.0,2,1545.0
FG505,,13:38:58.0#,1529.0,1555.0,1527.0,1700.0,1390.0,4070,15641,1540.0,13,1541.0,2,1542.0,1,1543.0,52,1544.0,28,1546.0,11,1547.0,2,1549.0,1,1550.0,3,1551.0,2,1545.0
FG505,,13:38:59.500#,1529.0,1555.0,1527.0,1700.0,1390.0,4100,15670,1539.0,11,1540.0,13,1541.0,2,1542.0,1,1543.0,52,1544.0,70,1546.0,4,1547.0,2,1549.0,1,1550.0,3,1544.0
FG505,,13:38:59.750#,1529.0,1555.0,1527.0,1700.0,1390.0,4100,15670,1539.0,11,1540.0,13,1541.0,2,1542.0,1,1543.0,54,1544.0,70,1546.0,4,1547.0,2,1549.0,1,1550.0,3,1544.0
FG505,,13:39:00.0#,1529.0,1555.0,1527.0,1700.0,1390.0,4100,15670,1539.0,11,1540.0,13,1541.0,2,1542.0,1,1543.0,54,1544.0,70,1546.0,4,1547.0,2,1549.0,1,1550.0,3,1544.0
FG505,,13:39:04.0#,1529.0,1555.0,1527.0,1700.0,1390.0,4100,15670,1539.0,11,1540.0,13,1541.0,2,1542.0,1,1543.0,54,1544.0,70,1546.0,4,1547.0,2,1549.0,1,1550.0,3,1544.0
FG505,,13:39:04.500#,1529.0,1555.0,1527.0,1700.0,1390.0,4100,15670,1539.0,11,1540.0,13,1541.0,2,1542.0,1,1543.0,54,1544.0,70,1546.0,4,1547.0,2,1549.0,1,1550.0,3,1544.0
FG505,,13:39:05.0#,1529.0,1555.0,1527.0,1700.0,1390.0,4100,15670,1539.0,11,1540.0,13,1541.0,2,1542.0,1,1543.0,53,1544.0,70,1546.0,4,1547.0,2,1549.0,1,1550.0,3,1544.0
FG505,,13:39:06.0#,1529.0,1555.0,1527.0,1700.0,1390.0,4101,15671,1539.0,11,1540.0,13,1541.0,2,1542.0,1,1543.0,71,1544.0,69,1546.0,4,1547.0,2,1549.0,1,1550.0,3,1544.0
FG505,,13:39:06.500#,1529.0,1555.0,1527.0,1700.0,1390.0,4101,15671,1539.0,11,1540.0,13,1541.0,2,1542.0,2,1543.0,70,1544.0,69,1546.0,4,1547.0,2,1549.0,1,1550.0,3,1544.0
FG505,,13:39:09.750#,1529.0,1555.0,1527.0,1700.0,1390.0,4101,15671,1539.0,11,1540.0,13,1541.0,2,1542.0,2,1543.0,70,1544.0,69,1546.0,5,1547.0,2,1549.0,1,1550.0,3,1544.0
FG505,,13:39:11.750#,1529.0,1555.0,1527.0,1700.0,1390.0,4101,15671,1539.0,11,1540.0,13,1541.0,2,1542.0,2,1543.0,69,1544.0,69,1546.0,5,1547.0,2,1549.0,1,1550.0,3,1544.0
FG505,,13:39:12.750#,1529.0,1555.0,1527.0,1700.0,1390.0,4101,15671,1539.0,11,1540.0,13,1541.0,2,1542.0,2,1543.0,70,1544.0,69,1546.0,5,1547.0,2,1549.0,1,1550.0,3,1544.0
FG505,,13:39:17.0#,1529.0,1555.0,1527.0,1700.0,1390.0,4102,15672,1539.0,11,1540.0,13,1541.0,2,1542.0,2,1543.0,69,1544.0,68,1546.0,5,1547.0,2,1549.0,1,1550.0,3,1544.0
FG505,,13:39:17.250#,1529.0,1555.0,1527.0,1700.0,1390.0,4103,15673,1539.0,11,1540.0,13,1541.0,2,1542.0,2,1543.0,68,1544.0,67,1546.0,5,1547.0,2,1549.0,1,1550.0,3,1544.0
FG505,,13:39:19.500#,1529.0,1555.0,1527.0,1700.0,1390.0,4104,15674,1539.0,11,1540.0,13,1541.0,2,1542.0,2,1543.0,67,1544.0,66,1546.0,5,1547.0,2,1549.0,1,1550.0,3,1544.0
FG505,,13:39:24.0#,1529.0,1555.0,1527.0,1700.0,1390.0,4105,15675,1539.0,11,1540.0,13,1541.0,2,1542.0,2,1543.0,66,1544.0,65,1546.0,5,1547.0,2,1549.0,1,1550.0,3,1544.0
FG505,,13:39:25.0#,1529.0,1555.0,1527.0,1700.0,1390.0,4106,15676,1539.0,11,1540.0,13,1541.0,2,1542.0,2,1543.0,65,1544.0,64,1546.0,5,1547.0,2,1549.0,1,1550.0,3,1544.0
FG505,,13:39:27.750#,1529.0,1555.0,1527.0,1700.0,1390.0,4120,15690,1539.0,11,1540.0,13,1541.0,2,1542.0,2,1543.0,51,1544.0,50,1546.0,5,1547.0,2,1549.0,1,1550.0,3,1544.0
FG505,,13:39:29.0#,1529.0,1555.0,1527.0,1700.0,1390.0,4170,15740,1539.0,11,1540.0,13,1541.0,2,1542.0,2,1543.0,51,1545.0,2,1546.0,5,1547.0,2,1549.0,1,1550.0,3,1544.0
FG505,,13:39:29.250#,1529.0,1555.0,1527.0,1700.0,1390.0,4170,15740,1540.0,13,1541.0,2,1542.0,2,1543.0,51,1544.0,9,1545.0,2,1546.0,5,1547.0,2,1549.0,1,1550.0,3,1544.0
FG505,,13:39:29.500#,1529.0,1555.0,1527.0,1700.0,1390.0,4170,15740,1540.0,13,1541.0,2,1542.0,2,1543.0,51,1544.0,7,1546.0,12,1547.0,2,1549.0,1,1550.0,3,1551.0,2,1544.0
FG505,,13:39:29.750#,1529.0,1555.0,1527.0,1700.0,1390.0,4170,15740,1540.0,13,1541.0,2,1542.0,2,1543.0,51,1544.0,6,1546.0,12,1547.0,2,1549.0,1,1550.0,3,1551.0,2,1544.0
FG505,,13:39:30.750#,1529.0,1555.0,1527.0,1700.0,1390.0,4170,15740,1540.0,13,1541.0,2,1542.0,2,1543.0,51,1544.0,7,1546.0,12,1547.0,2,1549.0,1,1550.0,3,1551.0,2,1544.0
FG505,,13:39:31.500#,1529.0,1555.0,1527.0,1700.0,1390.0,4170,15740,1540.0,13,1541.0,2,1542.0,2,1543.0,51,1544.0,6,1546.0,12,1547.0,2,1549.0,1,1550.0,3,1551.0,2,1544.0
FG505,,13:39:32.0#,1529.0,1555.0,1527.0,1700.0,1390.0,4170,15740,1540.0,13,1541.0,2,1542.0,2,1543.0,51,1544.0,6,1546.0,14,1547.0,2,1549.0,1,1550.0,3,1551.0,2,1544.0
FG505,,13:39:32.250#,1529.0,1555.0,1527.0,1700.0,1390.0,4170,15740,1540.0,13,1541.0,2,1542.0,2,1543.0,51,1544.0,4,1546.0,14,1547.0,2,1549.0,1,1550.0,3,1551.0,2,1544.0
FG505,,13:39:33.0#,1529.0,1555.0,1527.0,1700.0,1390.0,4174,15743,1539.0,11,1540.0,13,1541.0,2,1542.0,2,1543.0,98,1544.0,1,1546.0,5,1547.0,2,1549.0,1,1550.0,3,1544.0
FG505,,13:39:34.0#,1529.0,1555.0,1527.0,1700.0,1390.0,4175,15744,1539.0,11,1540.0,13,1541.0,2,1542.0,2,1543.0,97,1546.0,12,1547.0,2,1549.0,1,1550.0,3,1551.0,2,1544.0
FG505,,13:39:34.250#,1529.0,1555.0,1527.0,1700.0,1390.0,4175,15744,1540.0,13,1541.0,2,1542.0,2,1543.0,51,1544.0,2,1545.0,2,1546.0,5,1547.0,2,1549.0,1,1550.0,3,1544.0
FG505,,13:39:34.500#,1529.0,1555.0,1527.0,1700.0,1390.0,4175,15744,1540.0,13,1541.0,2,1542.0,2,1543.0,51,1544.0,3,1545.0,2,1546.0,5,1547.0,2,1549.0,1,1550.0,3,1544.0
FG505,,13:39:35.250#,1529.0,1555.0,1527.0,1700.0,1390.0,4175,15744,1540.0,13,1541.0,2,1542.0,2,1543.0,51,1544.0,2,1545.0,2,1546.0,5,1547.0,2,1549.0,1,1550.0,3,1544.0
FG505,,13:39:36.500#,1529.0,1555.0,1527.0,1700.0,1390.0,4175,15744,1540.0,13,1541.0,2,1542.0,2,1543.0,51,1544.0,3,1545.0,2,1546.0,5,1547.0,2,1549.0,1,1550.0,3,1544.0
FG505,,13:39:36.750#,1529.0,1555.0,1527.0,1700.0,1390.0,4175,15744,1540.0,13,1541.0,2,1542.0,2,1543.0,51,1544.0,2,1545.0,2,1546.0,5,1547.0,2,1549.0,1,1550.0,3,1544.0
FG505,,13:39:38.500#,1529.0,1555.0,1527.0,1700.0,1390.0,4175,15744,1540.0,13,1541.0,2,1542.0,2,1543.0,51,1544.0,5,1545.0,2,1546.0,5,1547.0,2,1549.0,1,1550.0,3,1544.0
FG505,,13:39:38.750#,1529.0,1555.0,1527.0,1700.0,1390.0,4175,15744,1540.0,13,1541.0,2,1542.0,2,1543.0,51,1544.0,6,1545.0,2,1546.0,5,1547.0,2,1549.0,1,1550.0,3,1544.0
FG505,,13:39:39.0#,1529.0,1555.0,1527.0,1700.0,1390.0,4175,15744,1540.0,13,1541.0,2,1542.0,2,1543.0,51,1544.0,7,1545.0,2,1546.0,5,1547.0,2,1549.0,1,1550.0,3,1544.0
FG505,,13:39:39.250#,1529.0,1555.0,1527.0,1700.0,1390.0,4175,15744,1540.0,13,1541.0,2,1542.0,2,1543.0,51,1544.0,6,1546.0,14,1547.0,2,1549.0,1,1550.0,3,1551.0,2,1544.0
FG505,,13:39:41.750#,1529.0,1555.0,1527.0,1700.0,1390.0,4175,15744,1540.0,13,1541.0,2,1542.0,2,1543.0,51,1544.0,7,1546.0,14,1547.0,2,1549.0,1,1550.0,3,1551.0,2,1544.0
FG505,,13:39:43.0#,1529.0,1555.0,1527.0,1700.0,1390.0,4175,15744,1540.0,13,1541.0,3,1542.0,2,1543.0,51,1544.0,7,1546.0,14,1547.0,2,1549.0,1,1550.0,3,1551.0,2,1544.0
FG505,,13:39:44.750#,1529.0,1555.0,1527.0,1700.0,1390.0,4175,15744,1540.0,13,1541.0,3,1542.0,2,1543.0,51,1544.0,8,1546.0,14,1547.0,2,1549.0,1,1550.0,3,1551.0,2,1544.0
FG505,,13:39:45.250#,1529.0,1555.0,1527.0,1700.0,1390.0,4175,15744,1540.0,13,1541.0,3,1542.0,2,1543.0,51,1544.0,9,1546.0,14,1547.0,2,1549.0,1,1550.0,3,1551.0,2,1544.0
FG505,,13:39:45.500#,1529.0,1555.0,1527.0,1700.0,1390.0,4175,15744,1540.0,13,1541.0,3,1542.0,2,1543.0,51,1544.0,26,1546.0,14,1547.0,2,1549.0,1,1550.0,3,1551.0,2,1544.0
FG505,,13:39:45.750#,1529.0,1555.0,1527.0,1700.0,1390.0,4175,15744,1540.0,13,1541.0,3,1542.0,2,1543.0,51,1544.0,46,1546.0,14,1547.0,2,1549.0,1,1550.0,3,1551.0,2,1544.0
FG505,,13:40:17.0#,1529.0,1555.0,1527.0,1700.0,1390.0,4175,15744,1540.0,13,1541.0,3,1542.0,2,1543.0,51,1544.0,46,1546.0,7,1547.0,2,1549.0,1,1550.0,3,1551.0,2,1544.0
FG505,,13:40:17.250#,1529.0,1555.0,1527.0,1700.0,1390.0,4175,15744,1540.0,13,1541.0,3,1542.0,2,1543.0,51,1545.0,8,1546.0,7,1547.0,2,1549.0,1,1550.0,3,1551.0,2,1544.0
FG505,,13:40:17.500#,1529.0,1555.0,1527.0,1700.0,1390.0,4175,15744,1541.0,3,1542.0,1,1543.0,51,1544.0,1,1545.0,9,1546.0,7,1547.0,1,1549.0,1,1550.0,3,1551.0,2,1544.0
FG505,,13:40:17.750#,1529.0,1555.0,1527.0,1700.0,1390.0,4175,15744,1541.0,3,1542.0,1,1543.0,51,1544.0,1,1545.0,6,1546.0,7,1547.0,1,1549.0,1,1550.0,3,1551.0,2,1544.0
FG505,,13:40:18.0#,1529.0,1555.0,1527.0,1700.0,1390.0,4175,15744,1541.0,3,1542.0,1,1543.0,51,1544.0,1,1545.0,6,1546.0,7,1547.0,1,1549.0,1,1550.0,3,1551.0,2,1544.0
FG505,,13:40:20.250#,1529.0,1555.0,1527.0,1700.0,1390.0,4175,15744,1541.0,3,1542.0,1,1543.0,51,1544.0,1,1545.0,3,1546.0,7,1547.0,1,1549.0,1,1550.0,3,1551.0,2,1544.0
FG505,,13:40:21.250#,1529.0,1555.0,1527.0,1700.0,1390.0,4175,15744,1541.0,3,1542.0,1,1543.0,51,1544.0,1,1545.0,23,1546.0,7,1547.0,1,1549.0,1,1550.0,3,1551.0,2,1544.0
FG505,,13:40:21.750#,1529.0,1555.0,1527.0,1700.0,1390.0,4175,15744,1541.0,3,1542.0,1,1543.0,51,1544.0,1,1545.0,23,1546.0,7,1547.0,1,1549.0,1,1550.0,3,1551.0,2,1544.0
FG505,,13:40:24.0#,1529.0,1555.0,1527.0,1700.0,1390.0,4185,15744,1541.0,3,1542.0,1,1543.0,51,1544.0,1,1545.0,13,1546.0,7,1547.0,1,1549.0,1,1550.0,3,1551.0,2,1545.0
FG505,,13:40:24.250#,1529.0,1555.0,1527.0,1700.0,1390.0,4185,15744,1541.0,3,1542.0,1,1543.0,51,1544.0,1,1545.0,15,1546.0,7,1547.0,1,1549.0,1,1550.0,3,1551.0,2,1545.0
FG505,,13:40:24.500#,1529.0,1555.0,1527.0,1700.0,1390.0,4185,15744,1541.0,3,1542.0,1,1543.0,51,1544.0,1,1545.0,17,1546.0,7,1547.0,1,1549.0,1,1550.0,3,1551.0,2,1545.0
FG505,,13:40:24.750#,1529.0,1555.0,1527.0,1700.0,1390.0,4185,15744,1541.0,3,1542.0,1,1543.0,51,1544.0,1,1545.0,14,1546.0,7,1547.0,1,1549.0,1,1550.0,3,1551.0,2,1545.0
FG505,,13:40:25.250#,1529.0,1555.0,1527.0,1700.0,1390.0,4185,15744,1541.0,3,1542.0,1,1543.0,51,1544.0,4,1545.0,14,1546.0,7,1547.0,1,1549.0,1,1550.0,3,1551.0,2,1545.0
FG505,,13:40:25.500#,1529.0,1555.0,1527.0,1700.0,1390.0,4185,15744,1541.0,3,1542.0,1,1543.0,51,1544.0,4,1545.0,13,1546.0,7,1547.0,1,1549.0,1,1550.0,3,1551.0,2,1545.0
FG505,,13:40:29.250#,1529.0,1555.0,1527.0,1700.0,1390.0,4185,15744,1541.0,3,1542.0,1,1543.0,51,1544.0,4,1545.0,16,1546.0,7,1547.0,1,1549.0,1,1550.0,3,1551.0,2,1545.0
FG505,,13:40:30.250#,1529.0,1555.0,1527.0,1700.0,1390.0,4185,15744,1541.0,3,1542.0,1,1543.0,51,1544.0,4,1545.0,15,1546.0,7,1547.0,1,1549.0,1,1550.0,3,1551.0,2,1545.0
FG505,,13:40:30.750#,1529.0,1555.0,1527.0,1700.0,1390.0,4185,15744,1541.0,3,1542.0,1,1543.0,51,1544.0,4,1545.0,15,1546.0,7,1547.0,1,1549.0,1,1550.0,3,1551.0,2,1545.0
FG505,,13:40:31.500#,1529.0,1555.0,1527.0,1700.0,1390.0,4185,15744,1541.0,3,1542.0,1,1543.0,51,1544.0,4,1545.0,18,1546.0,7,1547.0,1,1549.0,1,1550.0,3,1551.0,2,1545.0
FG505,,13:40:32.0#,1529.0,1555.0,1527.0,1700.0,1390.0,4185,15744,1541.0,3,1542.0,1,1543.0,51,1544.0,4,1545.0,19,1546.0,7,1547.0,1,1549.0,1,1550.0,3,1551.0,2,1545.0
FG505,,13:40:32.500#,1529.0,1555.0,1527.0,1700.0,1390.0,4185,15744,1541.0,3,1542.0,1,1543.0,51,1544.0,4,1545.0,15,1546.0,7,1547.0,1,1549.0,1,1550.0,3,1551.0,2,1545.0
FG505,,13:40:33.250#,1529.0,1555.0,1527.0,1700.0,1390.0,4190,15746,1541.0,3,1542.0,1,1543.0,51,1544.0,4,1545.0,31,1546.0,2,1547.0,1,1549.0,1,1550.0,3,1551.0,2,1546.0
FG505,,13:40:34.750#,1529.0,1555.0,1527.0,1700.0,1390.0,4192,15748,1541.0,3,1542.0,1,1543.0,51,1544.0,4,1546.0,1,1547.0,1,1549.0,1,1550.0,3,1551.0,2,1552.0,1,1546.0
FG505,,13:40:35.750#,1529.0,1555.0,1527.0,1700.0,1390.0,4192,15748,1541.0,3,1542.0,1,1543.0,51,1544.0,4,1546.0,5,1547.0,1,1549.0,1,1550.0,3,1551.0,2,1552.0,1,1546.0
FG505,,13:40:36.750#,1529.0,1555.0,1527.0,1700.0,1390.0,4192,15748,1541.0,3,1542.0,1,1543.0,51,1544.0,1,1546.0,1,1547.0,1,1549.0,1,1550.0,3,1551.0,2,1552.0,1,1546.0
FG505,,13:40:37.250#,1529.0,1555.0,1527.0,1700.0,1390.0,4192,15748,1541.0,3,1542.0,1,1543.0,51,1544.0,1,1546.0,2,1547.0,1,1549.0,1,1550.0,3,1551.0,2,1552.0,1,1546.0
FG505,,13:40:40.750#,1529.0,1555.0,1527.0,1700.0,1390.0,4192,15748,1541.0,3,1542.0,1,1543.0,51,1544.0,1,1546.0,1,1547.0,1,1549.0,1,1550.0,3,1551.0,2,1552.0,1,1546.0
FG505,,13:40:41.0#,1529.0,1555.0,1527.0,1700.0,1390.0,4193,15749,1541.0,3,1542.0,1,1543.0,51,1544.0,1,1545.0,29,1548.0,7,1549.0,1,1550.0,3,1551.0,2,1552.0,1,1547.0
FG505,,13:40:41.250#,1529.0,1555.0,1527.0,1700.0,1390.0,4193,15749,1540.0,18,1541.0,3,1543.0,51,1544.0,1,1545.0,29,1548.0,7,1549.0,2,1550.0,3,1551.0,2,1552.0,1,1547.0
FG505,,13:40:41.500#,1529.0,1555.0,1527.0,1700.0,1390.0,4193,15749,1540.0,18,1541.0,3,1543.0,51,1544.0,2,1545.0,29,1548.0,7,1549.0,2,1550.0,3,1551.0,2,1552.0,1,1547.0
FG505,,13:40:43.250#,1529.0,1555.0,1527.0,1700.0,1390.0,4193,15749,1540.0,18,1541.0,3,1543.0,51,1544.0,2,1545.0,29,1547.0,4,1549.0,2,1550.0,3,1551.0,2,1552.0,1,1547.0
FG505,,13:40:44.0#,1529.0,1555.0,1527.0,1700.0,1390.0,4193,15749,1540.0,18,1541.0,3,1543.0,51,1544.0,3,1545.0,29,1547.0,4,1549.0,2,1550.0,3,1551.0,2,1552.0,1,1547.0
FG505,,13:40:45.250#,1529.0,1555.0,1527.0,1700.0,1390.0,4193,15749,1540.0,13,1541.0,3,1543.0,51,1544.0,3,1546.0,1,1547.0,4,1549.0,2,1550.0,3,1551.0,2,1552.0,1,1547.0
FG505,,13:40:46.500#,1529.0,1555.0,1527.0,1700.0,1390.0,4193,15749,1540.0,13,1541.0,3,1543.0,51,1544.0,3,1545.0,29,1547.0,11,1549.0,2,1550.0,3,1551.0,2,1552.0,1,1547.0
FG505,,13:40:46.750#,1529.0,1555.0,1527.0,1700.0,1390.0,4193,15749,1540.0,13,1541.0,3,1543.0,51,1544.0,3,1545.0,29,1547.0,4,1549.0,2,1550.0,3,1551.0,2,1552.0,1,1547.0
FG505,,13:40:49.750#,1529.0,1555.0,1527.0,1700.0,1390.0,4193,15749,1540.0,13,1541.0,3,1543.0,51,1544.0,3,1545.0,29,1547.0,6,1549.0,2,1550.0,3,1551.0,2,1552.0,1,1547.0
FG505,,13:40:50.0#,1529.0,1555.0,1527.0,1700.0,1390.0,4193,15749,1540.0,13,1541.0,3,1543.0,51,1544.0,3,1545.0,29,1547.0,8,1549.0,2,1550.0,3,1551.0,2,1552.0,1,1547.0
FG505,,13:40:50.500#,1529.0,1555.0,1527.0,1700.0,1390.0,4193,15749,1540.0,13,1541.0,3,1543.0,51,1544.0,3,1545.0,29,1547.0,7,1549.0,2,1550.0,3,1551.0,2,1552.0,1,1547.0
FG505,,13:40:50.750#,1529.0,1555.0,1527.0,1700.0,1390.0,4193,15749,1540.0,13,1541.0,3,1543.0,51,1544.0,3,1545.0,29,1547.0,6,1549.0,2,1550.0,3,1551.0,2,1552.0,1,1547.0
FG505,,13:40:51.0#,1529.0,1555.0,1527.0,1700.0,1390.0,4193,15749,1540.0,13,1541.0,3,1543.0,51,1544.0,3,1545.0,29,1547.0,4,1549.0,2,1550.0,3,1551.0,2,1552.0,1,1547.0
FG505,,13:40:52.0#,1529.0,1555.0,1527.0,1700.0,1390.0,4193,15749,1540.0,13,1541.0,3,1543.0,51,1544.0,3,1545.0,29,1547.0,5,1549.0,2,1550.0,3,1551.0,2,1552.0,1,1547.0
FG505,,13:40:52.250#,1529.0,1555.0,1527.0,1700.0,1390.0,4193,15749,1540.0,13,1541.0,3,1543.0,51,1544.0,3,1545.0,29,1547.0,6,1549.0,2,1550.0,3,1551.0,2,1552.0,1,1547.0
FG505,,13:40:52.500#,1529.0,1555.0,1527.0,1700.0,1390.0,4193,15749,1540.0,13,1541.0,3,1543.0,51,1544.0,3,1545.0,29,1547.0,7,1549.0,2,1550.0,3,1551.0,2,1552.0,1,1547.0
FG505,,13:40:52.750#,1529.0,1555.0,1527.0,1700.0,1390.0,4193,15749,1540.0,13,1541.0,3,1543.0,51,1544.0,3,1546.0,1,1547.0,4,1549.0,2,1550.0,3,1551.0,2,1552.0,1,1547.0
FG505,,13:40:53.250#,1529.0,1555.0,1527.0,1700.0,1390.0,4193,15749,1541.0,3,1543.0,51,1544.0,2,1545.0,1,1546.0,1,1547.0,4,1549.0,2,1550.0,3,1551.0,2,1552.0,1,1547.0
FG505,,13:40:53.500#,1529.0,1555.0,1527.0,1700.0,1390.0,4193,15749,1540.0,13,1541.0,3,1543.0,51,1544.0,2,1545.0,30,1547.0,4,1549.0,2,1550.0,3,1551.0,2,1552.0,1,1547.0
FG505,,13:40:53.750#,1529.0,1555.0,1527.0,1700.0,1390.0,4193,15749,1540.0,13,1541.0,3,1543.0,51,1544.0,3,1545.0,29,1547.0,7,1549.0,2,1550.0,3,1551.0,2,1552.0,1,1547.0
FG505,,13:40:54.0#,1529.0,1555.0,1527.0,1700.0,1390.0,4193,15749,1540.0,13,1541.0,3,1543.0,51,1544.0,3,1545.0,29,1547.0,5,1549.0,2,1550.0,3,1551.0,2,1552.0,1,1547.0
FG505,,13:40:54.500#,1529.0,1555.0,1527.0,1700.0,1390.0,4193,15749,1540.0,13,1541.0,3,1543.0,51,1544.0,3,1545.0,29,1547.0,4,1549.0,2,1550.0,3,1551.0,2,1552.0,1,1547.0
FG505,,13:40:54.750#,1529.0,1555.0,1527.0,1700.0,1390.0,4193,15749,1540.0,13,1541.0,3,1543.0,51,1544.0,3,1546.0,1,1547.0,4,1549.0,2,1550.0,3,1551.0,2,1552.0,1,1547.0
FG505,,13:40:55.0#,1529.0,1555.0,1527.0,1700.0,1390.0,4193,15749,1540.0,13,1541.0,3,1543.0,51,1544.0,3,1546.0,19,1547.0,4,1549.0,2,1550.0,3,1551.0,2,1552.0,1,1547.0
FG505,,13:40:55.500#,1529.0,1555.0,1527.0,1700.0,1390.0,4193,15749,1540.0,13,1541.0,3,1543.0,51,1544.0,3,1546.0,20,1547.0,4,1549.0,2,1550.0,3,1551.0,2,1552.0,1,1547.0
FG505,,13:40:56.500#,1529.0,1555.0,1527.0,1700.0,1390.0,4193,15749,1540.0,13,1541.0,3,1543.0,51,1544.0,3,1546.0,19,1547.0,4,1549.0,2,1550.0,3,1551.0,2,1552.0,1,1547.0
FG505,,13:40:57.500#,1529.0,1555.0,1527.0,1700.0,1390.0,4193,15749,1540.0,13,1541.0,3,1543.0,51,1544.0,3,1546.0,18,1547.0,4,1549.0,2,1550.0,3,1551.0,2,1552.0,1,1547.0
FG505,,13:40:58.250#,1529.0,1555.0,1527.0,1700.0,1390.0,4193,15749,1540.0,13,1541.0,3,1543.0,51,1544.0,3,1546.0,19,1547.0,4,1549.0,2,1550.0,3,1551.0,2,1552.0,1,1547.0
FG505,,13:40:58.500#,1529.0,1555.0,1527.0,1700.0,1390.0,4193,15749,1540.0,13,1541.0,3,1543.0,51,1544.0,3,1546.0,17,1547.0,4,1549.0,2,1550.0,3,1551.0,2,1552.0,1,1547.0
FG505,,13:40:59.0#,1529.0,1555.0,1527.0,1700.0,1390.0,4193,15749,1540.0,13,1541.0,3,1543.0,51,1544.0,3,1546.0,18,1547.0,4,1549.0,2,1550.0,3,1551.0,2,1552.0,1,1547.0
FG505,,13:41:00.500#,1529.0,1555.0,1527.0,1700.0,1390.0,4193,15749,1540.0,13,1541.0,3,1543.0,51,1544.0,3,1546.0,16,1547.0,4,1549.0,2,1550.0,3,1551.0,2,1552.0,1,1547.0
FG505,,13:41:01.750#,1529.0,1555.0,1527.0,1700.0,1390.0,4193,15749,1540.0,13,1541.0,3,1543.0,51,1544.0,3,1546.0,14,1547.0,4,1549.0,2,1550.0,3,1551.0,2,1552.0,1,1547.0
FG505,,13:41:02.0#,1529.0,1555.0,1527.0,1700.0,1390.0,4193,15749,1540.0,13,1541.0,3,1543.0,51,1544.0,3,1545.0,29,1547.0,4,1549.0,2,1550.0,3,1551.0,2,1552.0,1,1547.0
FG505,,13:41:02.500#,1529.0,1555.0,1527.0,1700.0,1390.0,4193,15749,1540.0,13,1541.0,3,1543.0,51,1544.0,3,1545.0,29,1547.0,11,1549.0,2,1550.0,3,1551.0,2,1552.0,1,1547.0
FG505,,13:41:02.750#,1529.0,1555.0,1527.0,1700.0,1390.0,4193,15749,1540.0,13,1541.0,3,1543.0,51,1544.0,3,1545.0,29,1547.0,11,1549.0,2,1550.0,3,1551.0,2,1552.0,1,1547.0
FG505,,13:41:25.750#,1529.0,1555.0,1527.0,1700.0,1390.0,4193,15749,1540.0,13,1541.0,3,1543.0,51,1544.0,3,1545.0,29,1547.0,12,1549.0,2,1550.0,3,1551.0,2,1552.0,1,1547.0
FG505,,13:41:27.0#,1529.0,1555.0,1527.0,1700.0,1390.0,4193,15749,1540.0,13,1541.0,3,1543.0,51,1544.0,3,1545.0,29,1547.0,12,1549.0,2,1550.0,2,1551.0,2,1552.0,1,1547.0
FG505,,13:41:30.500#,1529.0,1555.0,1527.0,1700.0,1390.0,4193,15749,1540.0,13,1541.0,3,1543.0,51,1544.0,6,1546.0,3,1547.0,12,1549.0,2,1550.0,2,1551.0,2,1552.0,1,1547.0
FG505,,13:41:35.750#,1529.0,1555.0,1527.0,1700.0,1390.0,4195,15749,1540.0,13,1541.0,3,1543.0,51,1544.0,6,1546.0,1,1547.0,10,1549.0,2,1550.0,2,1551.0,2,1552.0,1,1546.0
FG505,,13:41:39.250#,1529.0,1555.0,1527.0,1700.0,1390.0,4196,15749,1540.0,13,1541.0,3,1543.0,51,1544.0,6,1545.0,29,1547.0,9,1549.0,2,1550.0,2,1551.0,2,1552.0,1,1546.0
FG505,,13:41:49.750#,1529.0,1555.0,1527.0,1700.0,1390.0,4196,15749,1540.0,13,1541.0,3,1543.0,51,1544.0,6,1545.0,29,1547.0,9,1549.0,2,1550.0,2,1551.0,2,1552.0,1,1546.0
FG505,,13:41:51.500#,1529.0,1555.0,1527.0,1700.0,1390.0,4196,15749,1540.0,13,1541.0,3,1543.0,51,1544.0,6,1545.0,29,1547.0,10,1549.0,2,1550.0,2,1551.0,2,1552.0,1,1546.0
FG505,,13:42:02.250#,1529.0,1555.0,1527.0,1700.0,1390.0,4196,15749,1540.0,13,1541.0,3,1543.0,51,1544.0,6,1545.0,29,1547.0,9,1549.0,2,1550.0,2,1551.0,2,1552.0,1,1546.0
FG505,,13:42:05.750#,1529.0,1555.0,1527.0,1700.0,1390.0,4196,15749,1540.0,13,1541.0,3,1543.0,51,1544.0,6,1545.0,29,1547.0,10,1549.0,2,1550.0,2,1551.0,2,1552.0,1,1546.0
FG505,,13:42:08.500#,1529.0,1555.0,1527.0,1700.0,1390.0,4196,15749,1540.0,13,1541.0,3,1543.0,51,1544.0,3,1545.0,29,1547.0,10,1549.0,2,1550.0,2,1551.0,2,1552.0,1,1546.0
FG505,,13:42:14.250#,1529.0,1555.0,1527.0,1700.0,1390.0,4196,15749,1539.0,1,1540.0,13,1541.0,3,1543.0,51,1544.0,32,1546.0,4,1547.0,5,1549.0,2,1550.0,2,1551.0,2,1546.0
FG505,,13:42:21.500#,1529.0,1555.0,1527.0,1700.0,1390.0,4196,15749,1540.0,13,1541.0,3,1542.0,1,1543.0,52,1544.0,30,1546.0,2,1547.0,6,1549.0,1,1550.0,2,1551.0,2,1546.0
FG505,,13:42:22.250#,1529.0,1555.0,1527.0,1700.0,1390.0,4196,15749,1540.0,13,1541.0,3,1542.0,1,1543.0,52,1544.0,30,1546.0,2,1547.0,6,1549.0,1,1550.0,2,1551.0,2,1546.0
FG505,,13:42:23.750#,1529.0,1555.0,1527.0,1700.0,1390.0,4196,15749,1540.0,13,1541.0,3,1542.0,1,1543.0,52,1544.0,30,1546.0,3,1547.0,6,1549.0,1,1550.0,2,1551.0,2,1546.0
FG505,,13:42:24.500#,1529.0,1555.0,1527.0,1700.0,1390.0,4196,15749,1540.0,13,1541.0,3,1542.0,1,1543.0,52,1544.0,30,1546.0,3,1547.0,5,1549.0,1,1550.0,2,1551.0,2,1546.0
FG505,,13:42:24.750#,1529.0,1555.0,1527.0,1700.0,1390.0,4196,15749,1540.0,13,1541.0,3,1542.0,1,1543.0,52,1544.0,30,1546.0,4,1547.0,5,1549.0,1,1550.0,2,1551.0,2,1546.0
FG505,,13:42:26.250#,1529.0,1555.0,1527.0,1700.0,1390.0,4196,15749,1540.0,13,1541.0,3,1542.0,1,1543.0,53,1544.0,30,1546.0,4,1547.0,5,1549.0,1,1550.0,2,1551.0,2,1546.0
FG505,,13:42:32.250#,1529.0,1555.0,1527.0,1700.0,1390.0,4196,15749,1541.0,3,1542.0,1,1543.0,54,1544.0,1,1545.0,16,1547.0,10,1549.0,1,1550.0,2,1551.0,2,1552.0,1,1546.0
FG505,,13:42:32.500#,1529.0,1555.0,1527.0,1700.0,1390.0,4196,15749,1540.0,13,1541.0,3,1543.0,54,1544.0,2,1545.0,29,1547.0,9,1549.0,1,1550.0,2,1551.0,2,1552.0,1,1546.0
FG505,,13:42:32.750#,1529.0,1555.0,1527.0,1700.0,1390.0,4196,15749,1540.0,13,1541.0,3,1543.0,55,1544.0,2,1545.0,29,1547.0,9,1548.0,1,1549.0,1,1550.0,2,1551.0,2,1546.0
FG505,,13:42:33.500#,1529.0,1555.0,1527.0,1700.0,1390.0,4196,15749,1540.0,13,1541.0,3,1543.0,55,1544.0,2,1545.0,21,1547.0,9,1548.0,1,1549.0,1,1550.0,2,1551.0,2,1546.0
FG505,,13:42:35.0#,1529.0,1555.0,1527.0,1700.0,1390.0,4196,15749,1540.0,13,1541.0,3,1543.0,55,1544.0,2,1545.0,18,1547.0,9,1548.0,1,1549.0,1,1550.0,2,1551.0,2,1546.0
FG505,,13:42:35.500#,1529.0,1555.0,1527.0,1700.0,1390.0,4196,15749,1540.0,13,1541.0,3,1543.0,55,1544.0,2,1545.0,17,1547.0,9,1548.0,1,1549.0,1,1550.0,2,1551.0,2,1546.0
FG505,,13:42:38.750#,1529.0,1555.0,1527.0,1700.0,1390.0,4197,15750,1540.0,13,1541.0,3,1543.0,55,1544.0,2,1545.0,16,1547.0,9,1548.0,1,1549.0,1,1550.0,2,1551.0,2,1545.0
FG505,,13:42:39.250#,1529.0,1555.0,1527.0,1700.0,1390.0,4197,15750,1540.0,13,1541.0,3,1543.0,55,1544.0,2,1545.0,12,1547.0,9,1548.0,1,1549.0,1,1550.0,2,1551.0,2,1545.0
FG505,,13:42:43.500#,1529.0,1555.0,1527.0,1700.0,1390.0,4197,15750,1540.0,13,1541.0,3,1543.0,55,1544.0,2,1545.0,10,1547.0,9,1548.0,1,1549.0,1,1550.0,2,1551.0,2,1545.0
FG505,,13:42:43.750#,1529.0,1555.0,1527.0,1700.0,1390.0,4197,15750,1540.0,13,1541.0,3,1543.0,55,1544.0,2,1545.0,3,1547.0,9,1548.0,1,1549.0,1,1550.0,2,1551.0,2,1545.0
FG505,,13:42:47.250#,1529.0,1555.0,1527.0,1700.0,1390.0,4197,15750,1540.0,13,1541.0,3,1543.0,55,1544.0,2,1545.0,1,1547.0,9,1548.0,1,1549.0,1,1550.0,2,1551.0,2,1545.0
FG505,,13:42:48.500#,1529.0,1555.0,1527.0,1700.0,1390.0,4197,15750,1540.0,13,1541.0,3,1543.0,55,1544.0,2,1545.0,4,1547.0,9,1548.0,1,1549.0,1,1550.0,2,1551.0,2,1545.0
FG505,,13:42:49.0#,1529.0,1555.0,1527.0,1700.0,1390.0,4197,15750,1540.0,13,1541.0,3,1543.0,55,1544.0,2,1545.0,24,1547.0,9,1548.0,1,1549.0,1,1550.0,2,1551.0,2,1545.0
FG505,,13:42:49.250#,1529.0,1555.0,1527.0,1700.0,1390.0,4197,15750,1540.0,13,1541.0,3,1543.0,55,1544.0,2,1546.0,9,1547.0,1,1548.0,1,1549.0,1,1550.0,2,1551.0,2,1545.0
FG505,,13:42:49.500#,1529.0,1555.0,1527.0,1700.0,1390.0,4197,15750,1540.0,13,1541.0,3,1543.0,55,1544.0,1,1546.0,2,1547.0,1,1549.0,1,1550.0,2,1551.0,2,1552.0,1,1545.0
FG505,,13:42:49.750#,1529.0,1555.0,1527.0,1700.0,1390.0,4197,15750,1540.0,13,1541.0,3,1543.0,55,1544.0,1,1545.0,28,1547.0,1,1549.0,1,1550.0,2,1551.0,2,1552.0,1,1545.0
FG505,,13:42:50.0#,1529.0,1555.0,1527.0,1700.0,1390.0,4197,15750,1540.0,13,1541.0,3,1543.0,55,1544.0,1,1545.0,28,1547.0,5,1549.0,2,1550.0,2,1551.0,2,1552.0,1,1545.0
FG505,,13:42:50.750#,1529.0,1555.0,1527.0,1700.0,1390.0,4197,15750,1540.0,13,1541.0,3,1543.0,55,1544.0,1,1545.0,18,1547.0,5,1549.0,2,1550.0,2,1551.0,2,1552.0,1,1545.0
FG505,,13:42:51.250#,1529.0,1555.0,1527.0,1700.0,1390.0,4197,15750,1540.0,13,1541.0,3,1543.0,55,1544.0,1,1545.0,17,1547.0,5,1549.0,2,1550.0,2,1551.0,2,1552.0,1,1545.0
FG505,,13:42:52.750#,1529.0,1555.0,1527.0,1700.0,1390.0,4197,15750,1540.0,13,1541.0,3,1543.0,55,1544.0,1,1545.0,16,1547.0,5,1549.0,2,1550.0,2,1551.0,2,1552.0,1,1545.0
FG505,,13:42:53.750#,1529.0,1555.0,1527.0,1700.0,1390.0,4197,15750,1540.0,13,1541.0,3,1543.0,55,1544.0,1,1545.0,17,1547.0,5,1549.0,2,1550.0,2,1551.0,2,1552.0,1,1545.0
FG505,,13:42:55.750#,1529.0,1555.0,1527.0,1700.0,1390.0,4197,15750,1540.0,13,1541.0,3,1543.0,55,1544.0,1,1545.0,18,1547.0,5,1549.0,2,1550.0,2,1551.0,2,1552.0,1,1545.0
FG505,,13:42:58.250#,1529.0,1555.0,1527.0,1700.0,1390.0,4197,15750,1540.0,13,1541.0,3,1543.0,55,1544.0,1,1545.0,18,1547.0,5,1549.0,2,1550.0,2,1551.0,2,1552.0,1,1545.0
FG505,,13:43:00.250#,1529.0,1555.0,1527.0,1700.0,1390.0,4197,15750,1540.0,13,1541.0,3,1543.0,55,1544.0,1,1545.0,14,1547.0,5,1549.0,2,1550.0,2,1551.0,2,1552.0,1,1545.0
FG505,,13:43:01.500#,1529.0,1555.0,1527.0,1700.0,1390.0,4197,15750,1540.0,13,1541.0,3,1543.0,55,1544.0,1,1545.0,15,1547.0,5,1549.0,2,1550.0,2,1551.0,2,1552.0,1,1545.0
FG505,,13:43:01.750#,1529.0,1555.0,1527.0,1700.0,1390.0,4197,15750,1540.0,13,1541.0,3,1543.0,55,1544.0,1,1545.0,16,1547.0,5,1549.0,2,1550.0,2,1551.0,2,1552.0,1,1545.0
FG505,,13:43:04.250#,1529.0,1555.0,1527.0,1700.0,1390.0,4197,15750,1540.0,13,1541.0,3,1543.0,55,1544.0,1,1545.0,15,1547.0,5,1549.0,2,1550.0,2,1551.0,2,1552.0,1,1545.0
FG505,,13:43:06.500#,1529.0,1555.0,1527.0,1700.0,1390.0,4197,15750,1540.0,13,1541.0,3,1543.0,55,1544.0,1,1545.0,15,1547.0,6,1549.0,2,1550.0,2,1551.0,2,1552.0,1,1545.0
FG505,,13:43:07.250#,1529.0,1555.0,1527.0,1700.0,1390.0,4197,15750,1540.0,13,1541.0,3,1543.0,55,1544.0,1,1545.0,14,1547.0,6,1549.0,2,1550.0,2,1551.0,2,1552.0,1,1545.0
FG505,,13:43:10.250#,1529.0,1555.0,1527.0,1700.0,1390.0,4197,15750,1540.0,13,1541.0,3,1543.0,55,1544.0,1,1545.0,17,1546.0,2,1547.0,1,1549.0,2,1550.0,2,1551.0,2,1545.0
FG505,,13:43:12.500#,1529.0,1555.0,1527.0,1700.0,1390.0,4197,15750,1540.0,13,1541.0,3,1543.0,55,1544.0,1,1545.0,6,1546.0,2,1547.0,1,1549.0,2,1550.0,2,1551.0,2,1545.0
FG505,,13:43:13.250#,1529.0,1555.0,1527.0,1700.0,1390.0,4197,15750,1540.0,13,1541.0,3,1543.0,55,1544.0,1,1545.0,7,1546.0,2,1547.0,1,1549.0,2,1550.0,2,1551.0,2,1545.0
FG505,,13:43:21.0#,1529.0,1555.0,1527.0,1700.0,1390.0,4197,15750,1540.0,13,1541.0,3,1543.0,55,1544.0,1,1545.0,8,1546.0,2,1547.0,1,1549.0,2,1550.0,2,1551.0,2,1545.0
FG505,,13:43:21.250#,1529.0,1555.0,1527.0,1700.0,1390.0,4197,15750,1540.0,13,1541.0,3,1543.0,55,1544.0,1,1545.0,6,1546.0,2,1547.0,1,1549.0,2,1550.0,2,1551.0,2,1545.0
FG505,,13:43:25.500#,1529.0,1555.0,1527.0,1700.0,1390.0,4199,15752,1540.0,13,1541.0,3,1543.0,55,1544.0,1,1545.0,9,1547.0,2,1549.0,2,1550.0,2,1551.0,2,1552.0,1,1546.0
FG505,,13:43:25.750#,1529.0,1555.0,1527.0,1700.0,1390.0,4199,15752,1541.0,3,1543.0,55,1544.0,1,1545.0,1,1546.0,3,1547.0,2,1549.0,2,1550.0,2,1551.0,2,1552.0,1,1546.0
FG505,,13:43:26.0#,1529.0,1555.0,1527.0,1700.0,1390.0,4199,15752,1540.0,13,1541.0,3,1543.0,55,1544.0,1,1545.0,15,1547.0,2,1549.0,2,1550.0,2,1551.0,2,1552.0,1,1546.0
FG505,,13:43:26.250#,1529.0,1555.0,1527.0,1700.0,1390.0,4199,15752,1540.0,13,1541.0,3,1543.0,53,1544.0,1,1545.0,16,1547.0,2,1549.0,2,1550.0,2,1551.0,2,1552.0,1,1546.0
FG505,,13:43:26.500#,1529.0,1555.0,1527.0,1700.0,1390.0,4199,15752,1540.0,13,1541.0,3,1543.0,53,1544.0,2,1545.0,16,1547.0,2,1549.0,2,1550.0,2,1551.0,2,1552.0,1,1546.0
FG505,,13:43:26.750#,1529.0,1555.0,1527.0,1700.0,1390.0,4199,15752,1540.0,13,1541.0,3,1543.0,53,1544.0,2,1545.0,17,1547.0,2,1549.0,2,1550.0,2,1551.0,2,1552.0,1,1546.0
FG505,,13:43:29.750#,1529.0,1555.0,1527.0,1700.0,1390.0,4199,15752,1540.0,13,1541.0,3,1543.0,53,1544.0,2,1545.0,17,1547.0,4,1549.0,2,1550.0,2,1551.0,2,1552.0,1,1546.0
FG505,,13:43:30.0#,1529.0,1555.0,1527.0,1700.0,1390.0,4199,15752,1540.0,13,1541.0,3,1543.0,53,1544.0,2,1545.0,15,1547.0,6,1549.0,2,1550.0,2,1551.0,2,1552.0,1,1546.0
FG505,,13:43:30.250#,1529.0,1555.0,1527.0,1700.0,1390.0,4199,15752,1540.0,13,1541.0,3,1543.0,53,1544.0,3,1545.0,13,1547.0,6,1549.0,2,1550.0,2,1551.0,2,1552.0,1,1546.0
FG505,,13:43:30.750#,1529.0,1555.0,1527.0,1700.0,1390.0,4199,15752,1540.0,13,1541.0,3,1543.0,53,1544.0,3,1545.0,11,1547.0,6,1549.0,2,1550.0,2,1551.0,2,1552.0,1,1546.0
FG505,,13:43:32.750#,1529.0,1555.0,1527.0,1700.0,1390.0,4199,15752,1540.0,13,1541.0,3,1543.0,53,1544.0,3,1545.0,12,1547.0,6,1549.0,2,1550.0,2,1551.0,2,1552.0,1,1546.0
FG505,,13:43:33.750#,1529.0,1555.0,1527.0,1700.0,1390.0,4199,15752,1540.0,13,1541.0,3,1543.0,53,1544.0,3,1545.0,12,1546.0,2,1547.0,1,1549.0,2,1550.0,2,1551.0,2,1546.0
FG505,,13:43:34.0#,1529.0,1555.0,1527.0,1700.0,1390.0,4199,15752,1540.0,13,1541.0,3,1543.0,53,1544.0,3,1545.0,13,1546.0,2,1547.0,1,1549.0,2,1550.0,2,1551.0,2,1546.0
FG505,,13:43:35.500#,1529.0,1555.0,1527.0,1700.0,1390.0,4200,15753,1540.0,13,1541.0,3,1543.0,53,1544.0,3,1545.0,13,1546.0,1,1547.0,1,1549.0,2,1550.0,2,1551.0,2,1546.0
FG505,,13:43:35.750#,1529.0,1555.0,1527.0,1700.0,1390.0,4201,15754,1540.0,13,1541.0,3,1543.0,53,1544.0,3,1545.0,13,1547.0,6,1549.0,2,1550.0,2,1551.0,2,1552.0,1,1546.0
FG505,,13:43:41.250#,1529.0,1555.0,1527.0,1700.0,1390.0,4201,15754,1540.0,13,1541.0,3,1543.0,53,1544.0,3,1545.0,14,1547.0,6,1549.0,2,1550.0,2,1551.0,2,1552.0,1,1546.0
FG505,,13:43:43.750#,1529.0,1555.0,1527.0,1700.0,1390.0,4203,15756,1540.0,13,1541.0,3,1543.0,53,1544.0,3,1545.0,14,1547.0,4,1549.0,2,1550.0,2,1551.0,2,1552.0,1,1547.0
FG505,,13:43:47.250#,1529.0,1555.0,1527.0,1700.0,1390.0,4203,15756,1540.0,13,1541.0,3,1543.0,53,1544.0,3,1545.0,13,1547.0,4,1549.0,2,1550.0,2,1551.0,2,1552.0,1,1547.0
FG505,,13:43:47.750#,1529.0,1555.0,1527.0,1700.0,1390.0,4203,15756,1540.0,13,1541.0,3,1543.0,53,1544.0,3,1545.0,12,1547.0,4,1549.0,2,1550.0,2,1551.0,2,1552.0,1,1547.0
FG505,,13:43:49.0#,1529.0,1555.0,1527.0,1700.0,1390.0,4203,15756,1540.0,13,1541.0,3,1543.0,53,1544.0,3,1545.0,12,1547.0,3,1549.0,2,1550.0,2,1551.0,2,1552.0,1,1547.0
FG505,,13:43:49.250#,1529.0,1555.0,1527.0,1700.0,1390.0,4203,15756,1540.0,13,1541.0,3,1543.0,53,1544.0,3,1545.0,12,1547.0,4,1549.0,2,1550.0,2,1551.0,2,1552.0,1,1547.0
FG505,,13:43:51.0#,1529.0,1555.0,1527.0,1700.0,1390.0,4203,15756,1540.0,13,1541.0,3,1543.0,53,1544.0,3,1545.0,12,1547.0,4,1549.0,2,1550.0,2,1551.0,2,1552.0,1,1547.0
FG505,,13:43:51.250#,1529.0,1555.0,1527.0,1700.0,1390.0,4203,15756,1540.0,13,1541.0,3,1543.0,53,1544.0,3,1545.0,12,1547.0,4,1549.0,2,1550.0,2,1551.0,2,1552.0,1,1547.0
FG505,,13:43:58.750#,1529.0,1555.0,1527.0,1700.0,1390.0,4203,15756,1540.0,13,1541.0,3,1543.0,53,1544.0,3,1545.0,13,1547.0,4,1549.0,2,1550.0,2,1551.0,2,1552.0,1,1547.0
FG505,,13:44:03.0#,1529.0,1555.0,1527.0,1700.0,1390.0,4203,15756,1540.0,13,1541.0,3,1543.0,53,1544.0,3,1545.0,18,1547.0,4,1549.0,2,1550.0,2,1551.0,2,1552.0,1,1547.0
FG505,,13:44:06.500#,1529.0,1555.0,1527.0,1700.0,1390.0,4203,15756,1540.0,13,1541.0,3,1543.0,53,1544.0,3,1545.0,19,1547.0,4,1549.0,2,1550.0,2,1551.0,2,1552.0,1,1547.0
FG505,,13:44:07.500#,1529.0,1555.0,1527.0,1700.0,1390.0,4203,15756,1540.0,13,1541.0,3,1543.0,53,1544.0,3,1545.0,19,1547.0,3,1549.0,2,1550.0,2,1551.0,2,1552.0,1,1547.0
FG505,,13:44:07.750#,1529.0,1555.0,1527.0,1700.0,1390.0,4203,15756,1540.0,13,1541.0,3,1543.0,53,1544.0,3,1545.0,19,1547.0,4,1549.0,2,1550.0,2,1551.0,2,1552.0,1,1547.0
FG505,,13:44:08.250#,1529.0,1555.0,1527.0,1700.0,1390.0,4203,15756,1540.0,13,1541.0,3,1543.0,53,1544.0,3,1545.0,19,1547.0,5,1549.0,2,1550.0,2,1551.0,2,1552.0,1,1547.0
FG505,,13:44:15.500#,1529.0,1555.0,1527.0,1700.0,1390.0,4203,15756,1540.0,13,1541.0,3,1543.0,53,1544.0,3,1545.0,20,1547.0,5,1549.0,2,1550.0,2,1551.0,2,1552.0,1,1547.0
FG505,,13:44:17.250#,1529.0,1555.0,1527.0,1700.0,1390.0,4203,15756,1540.0,13,1541.0,3,1543.0,53,1544.0,3,1545.0,19,1547.0,5,1549.0,2,1550.0,2,1551.0,2,1552.0,1,1547.0
FG505,,13:44:19.500#,1529.0,1555.0,1527.0,1700.0,1390.0,4203,15756,1540.0,13,1541.0,3,1543.0,53,1544.0,3,1545.0,20,1547.0,5,1549.0,2,1550.0,2,1551.0,2,1552.0,1,1547.0
FG505,,13:44:20.250#,1529.0,1555.0,1527.0,1700.0,1390.0,4203,15756,1540.0,13,1541.0,3,1543.0,53,1544.0,3,1545.0,21,1547.0,5,1549.0,2,1550.0,2,1551.0,2,1552.0,1,1547.0
FG505,,13:44:21.500#,1529.0,1555.0,1527.0,1700.0,1390.0,4203,15756,1540.0,13,1541.0,3,1543.0,53,1544.0,3,1545.0,22,1547.0,2,1549.0,2,1550.0,2,1551.0,2,1552.0,1,1547.0
FG505,,13:44:21.750#,1529.0,1555.0,1527.0,1700.0,1390.0,4203,15756,1540.0,13,1541.0,3,1543.0,53,1544.0,3,1545.0,23,1547.0,5,1549.0,2,1550.0,2,1551.0,2,1552.0,1,1547.0
FG505,,13:44:23.250#,1529.0,1555.0,1527.0,1700.0,1390.0,4203,15756,1540.0,13,1541.0,3,1543.0,53,1544.0,3,1545.0,22,1547.0,5,1549.0,2,1550.0,2,1551.0,2,1552.0,1,1547.0
FG505,,13:44:23.500#,1529.0,1555.0,1527.0,1700.0,1390.0,4203,15756,1540.0,13,1541.0,3,1543.0,53,1544.0,3,1545.0,23,1547.0,5,1549.0,2,1550.0,2,1551.0,2,1552.0,1,1547.0
FG505,,13:44:24.0#,1529.0,1555.0,1527.0,1700.0,1390.0,4203,15756,1540.0,13,1541.0,3,1543.0,53,1544.0,3,1545.0,25,1547.0,5,1549.0,2,1550.0,2,1551.0,2,1552.0,1,1547.0
FG505,,13:44:24.250#,1529.0,1555.0,1527.0,1700.0,1390.0,4203,15756,1540.0,13,1541.0,3,1543.0,53,1544.0,3,1545.0,24,1547.0,5,1549.0,2,1550.0,2,1551.0,2,1552.0,1,1547.0
FG505,,13:44:24.500#,1529.0,1555.0,1527.0,1700.0,1390.0,4203,15756,1540.0,13,1541.0,3,1543.0,53,1544.0,3,1545.0,25,1547.0,5,1549.0,2,1550.0,2,1551.0,2,1552.0,1,1547.0
FG505,,13:44:25.750#,1529.0,1555.0,1527.0,1700.0,1390.0,4203,15756,1540.0,13,1541.0,3,1543.0,53,1544.0,3,1545.0,25,1547.0,6,1549.0,2,1550.0,2,1551.0,2,1552.0,1,1547.0
FG505,,13:44:28.0#,1529.0,1555.0,1527.0,1700.0,1390.0,4204,15757,1540.0,13,1541.0,3,1543.0,53,1544.0,3,1545.0,25,1547.0,5,1549.0,2,1550.0,2,1551.0,2,1552.0,1,1547.0
FG505,,13:44:29.750#,1529.0,1555.0,1527.0,1700.0,1390.0,4204,15757,1540.0,13,1541.0,3,1543.0,53,1544.0,3,1545.0,25,1547.0,5,1549.0,2,1550.0,2,1551.0,2,1552.0,1,1547.0
FG505,,13:44:30.250#,1529.0,1555.0,1527.0,1700.0,1390.0,4204,15757,1540.0,13,1541.0,3,1543.0,53,1544.0,3,1545.0,23,1547.0,5,1549.0,2,1550.0,2,1551.0,2,1552.0,1,1547.0
FG505,,13:44:31.250#,1529.0,1555.0,1527.0,1700.0,1390.0,4204,15757,1540.0,13,1541.0,3,1543.0,53,1544.0,3,1545.0,25,1547.0,5,1549.0,2,1550.0,2,1551.0,2,1552.0,1,1547.0
FG505,,13:45:06.750#,1529.0,1555.0,1527.0,1700.0,1390.0,4204,15757,1540.0,13,1541.0,3,1543.0,53,1544.0,3,1545.0,21,1547.0,5,1549.0,2,1550.0,2,1551.0,2,1552.0,1,1547.0
FG505,,13:45:12.250#,1529.0,1555.0,1527.0,1700.0,1390.0,4204,15757,1540.0,13,1541.0,3,1543.0,53,1544.0,3,1545.0,22,1547.0,5,1549.0,2,1550.0,2,1551.0,2,1552.0,1,1547.0
FG505,,13:45:12.500#,1529.0,1555.0,1527.0,1700.0,1390.0,4204,15757,1540.0,13,1541.0,3,1543.0,53,1544.0,3,1545.0,16,1547.0,5,1549.0,2,1550.0,2,1551.0,2,1552.0,1,1547.0
FG505,,13:45:12.750#,1529.0,1555.0,1527.0,1700.0,1390.0,4204,15757,1540.0,13,1541.0,3,1543.0,53,1544.0,3,1545.0,13,1547.0,5,1549.0,2,1550.0,2,1551.0,2,1552.0,1,1547.0
FG505,,13:45:13.0#,1529.0,1555.0,1527.0,1700.0,1390.0,4204,15757,1540.0,13,1541.0,3,1543.0,53,1544.0,3,1545.0,1,1546.0,2,1547.0,3,1549.0,2,1550.0,2,1551.0,2,1547.0
FG505,,13:45:13.250#,1529.0,1555.0,1527.0,1700.0,1390.0,4204,15757,1540.0,13,1541.0,3,1543.0,54,1544.0,1,1545.0,1,1546.0,2,1547.0,3,1549.0,2,1550.0,2,1551.0,2,1547.0
FG505,,13:45:13.750#,1529.0,1555.0,1527.0,1700.0,1390.0,4204,15757,1540.0,13,1541.0,3,1542.0,1,1543.0,54,1544.0,25,1546.0,2,1547.0,3,1549.0,1,1550.0,2,1551.0,2,1547.0
FG505,,13:45:14.0#,1529.0,1555.0,1527.0,1700.0,1390.0,4204,15757,1540.0,13,1541.0,3,1542.0,1,1543.0,54,1544.0,25,1546.0,2,1547.0,4,1549.0,1,1550.0,2,1551.0,2,1547.0
FG505,,13:45:18.250#,1529.0,1555.0,1527.0,1700.0,1390.0,4204,15757,1540.0,13,1541.0,3,1542.0,1,1543.0,54,1544.0,25,1546.0,3,1547.0,4,1549.0,1,1550.0,2,1551.0,2,1547.0
FG505,,13:45:18.750#,1529.0,1555.0,1527.0,1700.0,1390.0,4204,15757,1540.0,13,1541.0,3,1542.0,1,1543.0,54,1544.0,25,1546.0,2,1547.0,4,1549.0,1,1550.0,2,1551.0,2,1547.0
FG505,,13:45:24.0#,1529.0,1555.0,1527.0,1700.0,1390.0,4204,15757,1541.0,3,1542.0,1,1543.0,54,1544.0,1,1545.0,23,1547.0,6,1549.0,1,1550.0,2,1551.0,2,1552.0,1,1547.0
FG505,,13:45:24.250#,1529.0,1555.0,1527.0,1700.0,1390.0,4204,15757,1540.0,13,1541.0,3,1543.0,54,1544.0,2,1545.0,23,1547.0,5,1549.0,1,1550.0,2,1551.0,2,1552.0,1,1547.0
FG505,,13:45:24.500#,1529.0,1555.0,1527.0,1700.0,1390.0,4204,15757,1539.0,1,1540.0,13,1541.0,3,1543.0,55,1544.0,26,1547.0,5,1548.0,1,1549.0,1,1550.0,2,1551.0,2,1547.0
FG505,,13:45:24.750#,1529.0,1555.0,1527.0,1700.0,1390.0,4204,15757,1540.0,13,1541.0,3,1543.0,55,1544.0,2,1545.0,2,1547.0,5,1548.0,1,1549.0,1,1550.0,2,1551.0,2,1547.0
FG505,,13:45:26.500#,1529.0,1555.0,1527.0,1700.0,1390.0,4204,15757,1540.0,13,1541.0,3,1543.0,55,1544.0,2,1545.0,17,1547.0,5,1548.0,1,1549.0,1,1550.0,2,1551.0,2,1547.0
FG505,,13:45:27.750#,1529.0,1555.0,1527.0,1700.0,1390.0,4204,15757,1540.0,13,1541.0,3,1543.0,55,1544.0,2,1545.0,13,1547.0,5,1548.0,1,1549.0,1,1550.0,2,1551.0,2,1547.0
FG505,,13:45:29.500#,1529.0,1555.0,1527.0,1700.0,1390.0,4204,15757,1540.0,13,1541.0,3,1543.0,55,1544.0,2,1545.0,11,1547.0,5,1548.0,1,1549.0,1,1550.0,2,1551.0,2,1547.0
FG505,,13:45:33.500#,1529.0,1555.0,1527.0,1700.0,1390.0,4204,15757,1539.0,1,1540.0,13,1541.0,3,1543.0,55,1544.0,26,1547.0,5,1548.0,1,1549.0,1,1550.0,2,1551.0,2,1547.0
FG505,,13:45:33.750#,1529.0,1555.0,1527.0,1700.0,1390.0,4204,15757,1540.0,13,1541.0,3,1543.0,55,1544.0,2,1545.0,3,1547.0,5,1548.0,1,1549.0,1,1550.0,2,1551.0,2,1547.0
FG505,,13:45:34.0#,1529.0,1555.0,1527.0,1700.0,1390.0,4204,15757,1539.0,1,1540.0,13,1541.0,3,1543.0,55,1544.0,26,1547.0,5,1548.0,1,1549.0,1,1550.0,2,1551.0,2,1547.0
FG505,,13:45:34.500#,1529.0,1555.0,1527.0,1700.0,1390.0,4204,15757,1540.0,13,1541.0,3,1543.0,55,1544.0,2,1545.0,5,1547.0,5,1548.0,1,1549.0,1,1550.0,2,1551.0,2,1547.0
FG505,,13:45:34.750#,1529.0,1555.0,1527.0,1700.0,1390.0,4204,15757,1540.0,13,1541.0,3,1543.0,55,1544.0,2,1545.0,2,1547.0,5,1548.0,1,1549.0,1,1550.0,2,1551.0,2,1547.0
FG505,,13:45:38.250#,1529.0,1555.0,1527.0,1700.0,1390.0,4204,15757,1540.0,13,1541.0,3,1543.0,55,1544.0,2,1545.0,1,1547.0,5,1548.0,1,1549.0,1,1550.0,2,1551.0,2,1547.0
FG505,,13:45:39.250#,1529.0,1555.0,1527.0,1700.0,1390.0,4204,15757,1540.0,13,1541.0,3,1543.0,55,1544.0,2,1545.0,1,1546.0,1,1547.0,3,1548.0,1,1549.0,1,1550.0,2,1547.0
FG505,,13:45:39.750#,1529.0,1555.0,1527.0,1700.0,1390.0,4205,15758,1540.0,13,1541.0,3,1543.0,55,1544.0,2,1545.0,1,1547.0,5,1548.0,1,1549.0,1,1550.0,2,1551.0,2,1546.0
FG505,,13:45:40.0#,1529.0,1555.0,1527.0,1700.0,1390.0,4206,15758,1540.0,13,1541.0,3,1543.0,55,1544.0,2,1545.0,1,1547.0,4,1548.0,1,1549.0,1,1550.0,2,1551.0,2,1547.0
FG505,,13:45:40.500#,1529.0,1555.0,1527.0,1700.0,1390.0,4206,15758,1540.0,13,1541.0,3,1543.0,55,1544.0,2,1545.0,1,1547.0,5,1548.0,1,1549.0,1,1550.0,2,1551.0,2,1547.0
FG505,,13:45:44.750#,1529.0,1555.0,1527.0,1700.0,1390.0,4206,15758,1540.0,13,1541.0,3,1543.0,55,1544.0,2,1545.0,3,1547.0,5,1548.0,1,1549.0,1,1550.0,2,1551.0,2,1547.0
FG505,,13:45:48.750#,1529.0,1555.0,1527.0,1700.0,1390.0,4206,15758,1539.0,1,1540.0,13,1541.0,3,1543.0,55,1544.0,25,1547.0,5,1548.0,1,1549.0,1,1550.0,2,1551.0,2,1547.0
FG505,,13:45:50.500#,1529.0,1555.0,1527.0,1700.0,1390.0,4206,15758,1540.0,13,1541.0,3,1543.0,55,1544.0,2,1545.0,1,1547.0,5,1548.0,1,1549.0,1,1550.0,2,1551.0,2,1547.0
FG505,,13:45:50.750#,1529.0,1555.0,1527.0,1700.0,1390.0,4206,15758,1540.0,13,1541.0,3,1543.0,55,1544.0,2,1545.0,8,1547.0,5,1548.0,1,1549.0,1,1550.0,2,1551.0,2,1547.0
FG505,,13:45:55.250#,1529.0,1555.0,1527.0,1700.0,1390.0,4206,15758,1540.0,13,1541.0,3,1543.0,55,1544.0,2,1545.0,7,1547.0,5,1548.0,1,1549.0,1,1550.0,2,1551.0,2,1547.0
FG505,,13:45:55.750#,1529.0,1555.0,1527.0,1700.0,1390.0,4206,15758,1540.0,13,1541.0,3,1543.0,55,1544.0,2,1545.0,3,1547.0,5,1548.0,1,1549.0,1,1550.0,2,1551.0,2,1547.0
FG505,,13:45:56.0#,1529.0,1555.0,1527.0,1700.0,1390.0,4206,15758,1539.0,1,1540.0,13,1541.0,3,1543.0,55,1544.0,25,1547.0,5,1548.0,1,1549.0,1,1550.0,2,1551.0,2,1547.0
FG505,,13:45:57.750#,1529.0,1555.0,1527.0,1700.0,1390.0,4206,15758,1540.0,13,1541.0,3,1543.0,55,1544.0,2,1545.0,8,1547.0,5,1548.0,1,1549.0,1,1550.0,2,1551.0,2,1547.0
FG505,,13:45:58.0#,1529.0,1555.0,1527.0,1700.0,1390.0,4206,15758,1540.0,13,1541.0,3,1543.0,55,1544.0,2,1545.0,3,1547.0,5,1548.0,1,1549.0,1,1550.0,2,1551.0,2,1547.0
FG505,,13:45:58.250#,1529.0,1555.0,1527.0,1700.0,1390.0,4206,15758,1540.0,13,1541.0,3,1543.0,55,1544.0,2,1545.0,4,1547.0,5,1548.0,1,1549.0,1,1550.0,2,1551.0,2,1547.0
FG505,,13:45:58.500#,1529.0,1555.0,1527.0,1700.0,1390.0,4206,15758,1540.0,13,1541.0,3,1543.0,55,1544.0,2,1545.0,3,1547.0,5,1548.0,1,1549.0,1,1550.0,2,1551.0,2,1547.0
FG505,,13:45:59.250#,1529.0,1555.0,1527.0,1700.0,1390.0,4206,15758,1540.0,13,1541.0,3,1543.0,55,1544.0,2,1545.0,3,1547.0,4,1548.0,1,1549.0,1,1550.0,2,1551.0,2,1547.0
FG505,,13:46:03.750#,1529.0,1555.0,1527.0,1700.0,1390.0,4206,15758,1539.0,1,1540.0,13,1541.0,3,1543.0,55,1544.0,25,1547.0,4,1548.0,1,1549.0,1,1550.0,2,1551.0,2,1547.0
FG505,,13:46:10.0#,1529.0,1555.0,1527.0,1700.0,1390.0,4206,15758,1540.0,13,1541.0,3,1543.0,55,1544.0,2,1545.0,8,1547.0,4,1548.0,1,1549.0,1,1550.0,2,1551.0,2,1547.0
FG505,,13:46:10.250#,1529.0,1555.0,1527.0,1700.0,1390.0,4206,15758,1540.0,13,1541.0,3,1543.0,55,1544.0,2,1545.0,3,1547.0,4,1548.0,1,1549.0,1,1550.0,2,1551.0,2,1547.0
FG505,,13:46:10.500#,1529.0,1555.0,1527.0,1700.0,1390.0,4206,15758,1539.0,1,1540.0,13,1541.0,3,1543.0,55,1544.0,25,1547.0,4,1548.0,1,1549.0,1,1550.0,2,1551.0,2,1547.0
FG505,,13:46:11.0#,1529.0,1555.0,1527.0,1700.0,1390.0,4206,15758,1540.0,13,1541.0,3,1543.0,55,1544.0,2,1545.0,1,1547.0,4,1548.0,1,1549.0,1,1550.0,2,1551.0,2,1547.0
FG505,,13:46:12.500#,1529.0,1555.0,1527.0,1700.0,1390.0,4206,15758,1539.0,1,1540.0,13,1541.0,3,1543.0,55,1544.0,25,1547.0,4,1548.0,1,1549.0,1,1550.0,2,1551.0,2,1547.0
FG505,,13:46:12.750#,1529.0,1555.0,1527.0,1700.0,1390.0,4206,15758,1540.0,13,1541.0,3,1543.0,55,1544.0,2,1545.0,5,1547.0,4,1548.0,1,1549.0,1,1550.0,2,1551.0,2,1547.0
FG505,,13:46:13.0#,1529.0,1555.0,1527.0,1700.0,1390.0,4206,15758,1539.0,1,1540.0,13,1541.0,3,1543.0,55,1544.0,25,1547.0,5,1548.0,1,1549.0,1,1550.0,2,1551.0,2,1547.0
FG505,,13:46:13.250#,1529.0,1555.0,1527.0,1700.0,1390.0,4206,15758,1540.0,13,1541.0,3,1543.0,55,1544.0,2,1545.0,5,1547.0,5,1548.0,1,1549.0,1,1550.0,2,1551.0,2,1547.0
FG505,,13:46:13.500#,1529.0,1555.0,1527.0,1700.0,1390.0,4206,15758,1539.0,1,1540.0,13,1541.0,3,1543.0,55,1544.0,25,1547.0,5,1548.0,1,1549.0,1,1550.0,2,1551.0,2,1547.0
FG505,,13:46:13.750#,1529.0,1555.0,1527.0,1700.0,1390.0,4206,15758,1540.0,13,1541.0,3,1543.0,55,1544.0,2,1545.0,5,1547.0,5,1548.0,1,1549.0,1,1550.0,2,1551.0,2,1547.0
FG505,,13:46:14.0#,1529.0,1555.0,1527.0,1700.0,1390.0,4206,15758,1539.0,1,1540.0,13,1541.0,3,1543.0,55,1544.0,25,1547.0,5,1548.0,1,1549.0,1,1550.0,2,1551.0,2,1547.0
FG505,,13:46:14.250#,1529.0,1555.0,1527.0,1700.0,1390.0,4206,15758,1540.0,13,1541.0,3,1543.0,55,1544.0,2,1545.0,5,1547.0,5,1548.0,1,1549.0,1,1550.0,2,1551.0,2,1547.0
FG505,,13:46:14.500#,1529.0,1555.0,1527.0,1700.0,1390.0,4206,15758,1539.0,1,1540.0,13,1541.0,3,1543.0,55,1544.0,25,1547.0,5,1548.0,1,1549.0,1,1550.0,2,1551.0,2,1547.0
FG505,,13:46:14.750#,1529.0,1555.0,1527.0,1700.0,1390.0,4206,15758,1540.0,13,1541.0,3,1543.0,55,1544.0,2,1545.0,5,1547.0,5,1548.0,1,1549.0,1,1550.0,2,1551.0,2,1547.0
FG505,,13:46:15.0#,1529.0,1555.0,1527.0,1700.0,1390.0,4206,15758,1539.0,1,1540.0,13,1541.0,3,1543.0,55,1544.0,25,1547.0,5,1548.0,1,1549.0,1,1550.0,2,1551.0,2,1547.0
FG505,,13:46:15.250#,1529.0,1555.0,1527.0,1700.0,1390.0,4206,15758,1540.0,13,1541.0,3,1543.0,55,1544.0,2,1545.0,5,1547.0,5,1548.0,1,1549.0,1,1550.0,2,1551.0,2,1547.0
FG505,,13:46:15.500#,1529.0,1555.0,1527.0,1700.0,1390.0,4206,15758,1539.0,1,1540.0,13,1541.0,3,1543.0,55,1544.0,25,1547.0,5,1548.0,1,1549.0,1,1550.0,2,1551.0,2,1547.0
FG505,,13:46:15.750#,1529.0,1555.0,1527.0,1700.0,1390.0,4206,15758,1540.0,13,1541.0,3,1543.0,55,1544.0,2,1545.0,4,1547.0,5,1548.0,1,1549.0,1,1550.0,2,1551.0,2,1547.0
FG505,,13:46:16.0#,1529.0,1555.0,1527.0,1700.0,1390.0,4206,15758,1539.0,1,1540.0,13,1541.0,3,1543.0,55,1544.0,25,1547.0,5,1548.0,1,1549.0,1,1550.0,2,1551.0,2,1547.0
FG505,,13:46:16.250#,1529.0,1555.0,1527.0,1700.0,1390.0,4206,15758,1539.0,1,1540.0,13,1541.0,3,1543.0,55,1544.0,25,1547.0,4,1548.0,1,1549.0,1,1550.0,2,1551.0,2,1547.0
FG505,,13:46:16.750#,1529.0,1555.0,1527.0,1700.0,1390.0,4206,15758,1540.0,13,1541.0,3,1543.0,55,1544.0,2,1545.0,3,1547.0,4,1548.0,1,1549.0,1,1550.0,2,1551.0,2,1547.0
FG505,,13:46:17.250#,1529.0,1555.0,1527.0,1700.0,1390.0,4206,15758,1539.0,1,1540.0,13,1541.0,3,1543.0,55,1544.0,25,1547.0,4,1548.0,1,1549.0,1,1550.0,2,1551.0,2,1547.0
FG505,,13:46:18.0#,1529.0,1555.0,1527.0,1700.0,1390.0,4206,15758,1540.0,13,1541.0,3,1543.0,55,1544.0,2,1545.0,1,1547.0,4,1548.0,1,1549.0,1,1550.0,2,1551.0,2,1547.0
FG505,,13:46:18.250#,1529.0,1555.0,1527.0,1700.0,1390.0,4206,15758,1540.0,13,1541.0,3,1543.0,55,1544.0,2,1545.0,4,1547.0,4,1548.0,1,1549.0,1,1550.0,2,1551.0,2,1547.0
FG505,,13:46:19.500#,1529.0,1555.0,1527.0,1700.0,1390.0,4206,15758,1540.0,13,1541.0,3,1543.0,55,1544.0,2,1545.0,19,1547.0,4,1548.0,1,1549.0,1,1550.0,2,1551.0,2,1547.0
FG505,,13:46:20.500#,1529.0,1555.0,1527.0,1700.0,1390.0,4206,15758,1540.0,13,1541.0,3,1543.0,55,1544.0,2,1545.0,18,1547.0,4,1548.0,1,1549.0,1,1550.0,2,1551.0,2,1547.0
FG505,,13:46:22.250#,1529.0,1555.0,1527.0,1700.0,1390.0,4206,15758,1540.0,13,1541.0,3,1543.0,55,1544.0,2,1545.0,17,1547.0,4,1548.0,1,1549.0,1,1550.0,2,1551.0,2,1547.0
FG505,,13:46:26.250#,1529.0,1555.0,1527.0,1700.0,1390.0,4206,15758,1540.0,13,1541.0,3,1543.0,55,1544.0,2,1545.0,18,1547.0,4,1548.0,1,1549.0,1,1550.0,2,1551.0,2,1547.0
FG505,,13:46:26.500#,1529.0,1555.0,1527.0,1700.0,1390.0,4206,15758,1540.0,13,1541.0,3,1543.0,55,1544.0,2,1545.0,17,1547.0,4,1548.0,1,1549.0,1,1550.0,2,1551.0,2,1547.0
FG505,,13:46:28.500#,1529.0,1555.0,1527.0,1700.0,1390.0,4206,15758,1540.0,13,1541.0,3,1543.0,55,1544.0,2,1545.0,16,1547.0,4,1548.0,1,1549.0,1,1550.0,2,1551.0,2,1547.0
FG505,,13:46:29.0#,1529.0,1555.0,1527.0,1700.0,1390.0,4206,15758,1540.0,13,1541.0,3,1543.0,55,1544.0,2,1545.0,17,1547.0,4,1548.0,1,1549.0,1,1550.0,2,1551.0,2,1547.0
FG505,,13:46:29.500#,1529.0,1555.0,1527.0,1700.0,1390.0,4206,15758,1540.0,13,1541.0,3,1543.0,55,1544.0,2,1545.0,16,1547.0,4,1548.0,1,1549.0,1,1550.0,2,1551.0,2,1547.0
FG505,,13:46:30.750#,1529.0,1555.0,1527.0,1700.0,1390.0,4206,15758,1540.0,13,1541.0,3,1543.0,55,1544.0,2,1545.0,12,1547.0,4,1548.0,1,1549.0,1,1550.0,2,1551.0,2,1547.0
FG505,,13:46:32.250#,1529.0,1555.0,1527.0,1700.0,1390.0,4206,15758,1540.0,13,1541.0,3,1543.0,55,1544.0,2,1545.0,15,1547.0,4,1548.0,1,1549.0,1,1550.0,2,1551.0,2,1547.0
FG505,,13:46:33.750#,1529.0,1555.0,1527.0,1700.0,1390.0,4206,15758,1540.0,13,1541.0,3,1543.0,55,1544.0,2,1545.0,14,1547.0,4,1548.0,1,1549.0,1,1550.0,2,1551.0,2,1547.0
FG505,,13:46:35.0#,1529.0,1555.0,1527.0,1700.0,1390.0,4206,15758,1540.0,13,1541.0,3,1543.0,55,1544.0,2,1545.0,5,1547.0,4,1548.0,1,1549.0,1,1550.0,2,1551.0,2,1547.0
FG505,,13:46:35.250#,1529.0,1555.0,1527.0,1700.0,1390.0,4206,15758,1540.0,13,1541.0,3,1543.0,55,1544.0,2,1545.0,5,1547.0,5,1548.0,1,1549.0,1,1550.0,2,1551.0,2,1547.0
FG505,,13:46:36.0#,1529.0,1555.0,1527.0,1700.0,1390.0,4206,15758,1540.0,13,1541.0,3,1543.0,55,1544.0,2,1545.0,4,1547.0,5,1548.0,1,1549.0,1,1550.0,2,1551.0,2,1547.0
FG505,,13:46:44.250#,1529.0,1555.0,1527.0,1700.0,1390.0,4206,15758,1540.0,13,1541.0,3,1543.0,55,1544.0,2,1545.0,4,1546.0,1,1547.0,3,1548.0,1,1549.0,1,1550.0,2,1547.0
FG505,,13:46:46.500#,1529.0,1555.0,1527.0,1700.0,1390.0,4206,15758,1540.0,13,1541.0,3,1543.0,55,1544.0,2,1545.0,1,1546.0,2,1547.0,3,1548.0,1,1549.0,1,1550.0,2,1547.0
FG505,,13:46:47.250#,1529.0,1555.0,1527.0,1700.0,1390.0,4207,15758,1539.0,1,1540.0,13,1541.0,3,1543.0,55,1544.0,24,1546.0,3,1547.0,3,1548.0,1,1549.0,1,1550.0,2,1545.0
FG505,,13:46:58.750#,1529.0,1555.0,1527.0,1700.0,1390.0,4207,15758,1539.0,1,1540.0,13,1541.0,3,1543.0,55,1544.0,24,1546.0,2,1547.0,3,1548.0,1,1549.0,1,1550.0,2,1545.0
FG505,,13:47:00.0#,1529.0,1555.0,1527.0,1700.0,1390.0,4207,15758,1539.0,1,1540.0,13,1541.0,3,1543.0,55,1544.0,24,1546.0,1,1547.0,3,1548.0,1,1549.0,1,1550.0,2,1545.0
FG505,,13:47:00.250#,1529.0,1555.0,1527.0,1700.0,1390.0,4207,15758,1539.0,1,1540.0,13,1541.0,3,1543.0,55,1544.0,25,1546.0,2,1547.0,3,1548.0,1,1549.0,1,1550.0,2,1545.0
FG505,,13:47:03.250#,1529.0,1555.0,1527.0,1700.0,1390.0,4207,15758,1539.0,1,1540.0,13,1541.0,3,1543.0,55,1544.0,25,1546.0,3,1547.0,3,1548.0,1,1549.0,1,1550.0,2,1545.0
FG505,,13:47:12.250#,1529.0,1555.0,1527.0,1700.0,1390.0,4208,15759,1539.0,1,1540.0,13,1541.0,3,1543.0,55,1544.0,24,1546.0,2,1547.0,3,1548.0,1,1549.0,1,1550.0,2,1544.0
FG505,,13:47:24.0#,1529.0,1555.0,1527.0,1700.0,1390.0,4208,15759,1539.0,1,1540.0,13,1541.0,3,1543.0,55,1544.0,24,1546.0,1,1547.0,3,1548.0,1,1549.0,1,1550.0,2,1544.0
FG505,,13:47:25.250#,1529.0,1555.0,1527.0,1700.0,1390.0,4208,15759,1539.0,1,1540.0,13,1541.0,3,1543.0,55,1544.0,24,1546.0,2,1547.0,3,1548.0,1,1549.0,1,1550.0,2,1544.0
FG505,,13:47:25.500#,1529.0,1555.0,1527.0,1700.0,1390.0,4208,15759,1540.0,13,1541.0,3,1543.0,55,1544.0,1,1545.0,2,1546.0,2,1547.0,3,1548.0,1,1549.0,1,1550.0,2,1544.0
FG505,,13:47:25.750#,1529.0,1555.0,1527.0,1700.0,1390.0,4208,15759,1540.0,13,1541.0,3,1543.0,55,1544.0,1,1545.0,22,1546.0,2,1547.0,3,1548.0,1,1549.0,1,1550.0,2,1544.0
FG505,,13:47:26.750#,1529.0,1555.0,1527.0,1700.0,1390.0,4208,15759,1540.0,13,1541.0,3,1543.0,55,1544.0,1,1545.0,6,1546.0,2,1547.0,3,1548.0,1,1549.0,1,1550.0,2,1544.0
FG505,,13:47:28.500#,1529.0,1555.0,1527.0,1700.0,1390.0,4208,15759,1540.0,13,1541.0,3,1543.0,55,1544.0,1,1545.0,23,1546.0,2,1547.0,3,1548.0,1,1549.0,1,1550.0,2,1544.0
FG505,,13:47:47.250#,1529.0,1555.0,1527.0,1700.0,1390.0,4218,15769,1540.0,13,1541.0,3,1543.0,55,1544.0,1,1545.0,13,1546.0,2,1547.0,3,1548.0,1,1549.0,1,1550.0,2,1545.0
FG505,,13:48:02.0#,1529.0,1555.0,1527.0,1700.0,1390.0,4218,15769,1540.0,13,1541.0,3,1543.0,55,1544.0,1,1545.0,13,1546.0,2,1547.0,3,1548.0,1,1549.0,1,1550.0,2,1545.0
FG505,,13:48:02.250#,1529.0,1555.0,1527.0,1700.0,1390.0,4218,15769,1540.0,13,1541.0,3,1543.0,55,1544.0,1,1545.0,13,1546.0,2,1547.0,3,1548.0,1,1549.0,1,1550.0,2,1545.0
FG505,,13:48:08.500#,1529.0,1555.0,1527.0,1700.0,1390.0,4218,15769,1540.0,13,1541.0,3,1543.0,55,1544.0,1,1545.0,13,1546.0,1,1547.0,3,1548.0,1,1549.0,1,1550.0,2,1545.0
FG505,,13:48:20.0#,1529.0,1555.0,1527.0,1700.0,1390.0,4218,15769,1540.0,13,1541.0,3,1543.0,55,1544.0,4,1545.0,13,1546.0,1,1547.0,3,1548.0,1,1549.0,1,1550.0,2,1545.0
FG505,,13:48:22.250#,1529.0,1555.0,1527.0,1700.0,1390.0,4218,15769,1540.0,13,1541.0,3,1543.0,55,1544.0,4,1545.0,13,1546.0,1,1547.0,3,1548.0,1,1549.0,1,1550.0,2,1545.0
FG505,,13:48:29.500#,1529.0,1555.0,1527.0,1700.0,1390.0,4219,15769,1540.0,13,1541.0,3,1543.0,55,1544.0,4,1545.0,12,1547.0,4,1548.0,1,1549.0,1,1550.0,2,1551.0,2,1546.0
FG505,,13:48:36.0#,1529.0,1555.0,1527.0,1700.0,1390.0,4219,15769,1540.0,13,1541.0,3,1543.0,55,1544.0,1,1545.0,12,1547.0,4,1548.0,1,1549.0,1,1550.0,2,1551.0,2,1546.0
FG505,,13:48:42.250#,1529.0,1555.0,1527.0,1700.0,1390.0,4219,15769,1540.0,13,1541.0,3,1543.0,55,1544.0,1,1546.0,2,1547.0,3,1548.0,1,1549.0,1,1550.0,2,1551.0,2,1546.0
FG505,,13:48:42.500#,1529.0,1555.0,1527.0,1700.0,1390.0,4219,15769,1540.0,13,1541.0,3,1543.0,55,1544.0,1,1546.0,12,1547.0,3,1549.0,1,1550.0,2,1551.0,2,1552.0,1,1546.0
FG505,,13:48:48.0#,1529.0,1555.0,1527.0,1700.0,1390.0,4219,15769,1540.0,13,1541.0,3,1543.0,55,1544.0,1,1545.0,12,1547.0,3,1549.0,1,1550.0,2,1551.0,2,1552.0,1,1546.0
FG505,,13:48:48.250#,1529.0,1555.0,1527.0,1700.0,1390.0,4219,15769,1540.0,13,1541.0,3,1543.0,55,1544.0,1,1545.0,12,1547.0,3,1549.0,2,1550.0,2,1551.0,2,1552.0,1,1546.0
FG505,,13:48:51.0#,1529.0,1555.0,1527.0,1700.0,1390.0,4219,15769,1540.0,13,1541.0,3,1543.0,55,1544.0,1,1546.0,1,1547.0,3,1549.0,2,1550.0,2,1551.0,2,1552.0,1,1546.0
FG505,,13:48:52.0#,1529.0,1555.0,1527.0,1700.0,1390.0,4219,15769,1540.0,13,1541.0,3,1543.0,55,1544.0,1,1546.0,12,1547.0,3,1549.0,2,1550.0,2,1551.0,2,1552.0,1,1546.0
FG505,,13:48:55.750#,1529.0,1555.0,1527.0,1700.0,1390.0,4219,15769,1540.0,13,1541.0,3,1543.0,55,1544.0,1,1545.0,12,1547.0,3,1549.0,2,1550.0,2,1551.0,2,1552.0,1,1546.0
FG505,,13:48:58.500#,1529.0,1555.0,1527.0,1700.0,1390.0,4219,15769,1540.0,13,1541.0,3,1543.0,55,1544.0,1,1546.0,8,1547.0,3,1549.0,2,1550.0,2,1551.0,2,1552.0,1,1546.0
FG505,,13:48:58.750#,1529.0,1555.0,1527.0,1700.0,1390.0,4219,15769,1540.0,13,1541.0,3,1543.0,55,1544.0,1,1546.0,3,1547.0,3,1549.0,2,1550.0,2,1551.0,2,1552.0,1,1546.0
FG505,,13:48:59.0#,1529.0,1555.0,1527.0,1700.0,1390.0,4219,15769,1540.0,13,1541.0,3,1543.0,55,1544.0,1,1545.0,12,1547.0,3,1549.0,2,1550.0,2,1551.0,2,1552.0,1,1546.0
FG505,,13:48:59.250#,1529.0,1555.0,1527.0,1700.0,1390.0,4219,15769,1540.0,13,1541.0,3,1543.0,55,1544.0,1,1546.0,8,1547.0,3,1549.0,2,1550.0,2,1551.0,2,1552.0,1,1546.0
FG505,,13:48:59.500#,1529.0,1555.0,1527.0,1700.0,1390.0,4219,15769,1540.0,13,1541.0,3,1543.0,55,1544.0,1,1546.0,3,1547.0,3,1549.0,2,1550.0,2,1551.0,2,1552.0,1,1546.0
FG505,,13:48:59.750#,1529.0,1555.0,1527.0,1700.0,1390.0,4219,15769,1540.0,13,1541.0,3,1543.0,55,1544.0,1,1545.0,12,1547.0,3,1549.0,2,1550.0,2,1551.0,2,1552.0,1,1546.0
FG505,,13:49:00.0#,1529.0,1555.0,1527.0,1700.0,1390.0,4219,15769,1540.0,13,1541.0,3,1543.0,55,1544.0,1,1546.0,5,1547.0,3,1549.0,2,1550.0,2,1551.0,2,1552.0,1,1546.0
FG505,,13:49:00.250#,1529.0,1555.0,1527.0,1700.0,1390.0,4219,15769,1540.0,13,1541.0,3,1543.0,55,1544.0,1,1545.0,12,1547.0,3,1549.0,2,1550.0,2,1551.0,2,1552.0,1,1546.0
FG505,,13:49:00.500#,1529.0,1555.0,1527.0,1700.0,1390.0,4219,15769,1540.0,13,1541.0,3,1543.0,55,1544.0,1,1545.0,12,1547.0,4,1549.0,2,1550.0,2,1551.0,2,1552.0,1,1546.0
FG505,,13:49:01.0#,1529.0,1555.0,1527.0,1700.0,1390.0,4219,15769,1540.0,13,1541.0,3,1543.0,55,1544.0,1,1545.0,12,1546.0,1,1547.0,3,1549.0,2,1550.0,2,1551.0,2,1546.0
FG505,,13:49:06.500#,1529.0,1555.0,1527.0,1700.0,1390.0,4220,15770,1540.0,13,1541.0,3,1543.0,55,1544.0,1,1546.0,1,1547.0,3,1549.0,2,1550.0,2,1551.0,2,1552.0,1,1546.0
FG505,,13:49:06.750#,1529.0,1555.0,1527.0,1700.0,1390.0,4220,15770,1540.0,13,1541.0,3,1543.0,55,1544.0,1,1545.0,11,1547.0,3,1549.0,2,1550.0,2,1551.0,2,1552.0,1,1546.0
FG505,,13:49:07.250#,1529.0,1555.0,1527.0,1700.0,1390.0,4220,15770,1540.0,13,1541.0,3,1543.0,55,1544.0,1,1546.0,11,1547.0,3,1549.0,2,1550.0,2,1551.0,2,1552.0,1,1546.0
FG505,,13:49:14.500#,1529.0,1555.0,1527.0,1700.0,1390.0,4221,15770,1540.0,13,1541.0,3,1543.0,55,1544.0,1,1546.0,11,1547.0,2,1549.0,2,1550.0,2,1551.0,2,1552.0,1,1547.0
FG505,,13:49:19.250#,1529.0,1555.0,1527.0,1700.0,1390.0,4221,15770,1540.0,13,1541.0,3,1543.0,55,1544.0,1,1546.0,10,1547.0,2,1549.0,2,1550.0,2,1551.0,2,1552.0,1,1547.0
FG505,,13:49:19.750#,1529.0,1555.0,1527.0,1700.0,1390.0,4221,15770,1540.0,13,1541.0,3,1543.0,55,1544.0,1,1546.0,7,1547.0,2,1549.0,2,1550.0,2,1551.0,2,1552.0,1,1547.0
FG505,,13:49:23.500#,1529.0,1555.0,1527.0,1700.0,1390.0,4221,15770,1540.0,13,1541.0,3,1543.0,55,1544.0,1,1546.0,8,1547.0,2,1549.0,2,1550.0,2,1551.0,2,1552.0,1,1547.0
