InstrumentId,ExchangeId,Datetime,OpenPrice,HighestPrice,LowestPrice,UpperLimitPrice,LowerLimitPrice,Volume,OpenInterest,BidPrice5,BidVolume5,BidPrice4,BidVolume4,BidPrice3,BidVolume3,BidPrice2,BidVolume2,BidPrice1,BidVolume1,AskPrice1,AskVolume1,AskPrice2,AskVolume2,AskPrice3,AskVolume3,AskPrice4,AskVolume4,AskPrice5,AskVolume5,LastPrice
i2409,DCE,13:38:33.792#,803.5,809.5,793.5,889.0,713.0,216019,310975.0,800.0,390,800.5,209,801.0,496,801.5,196,802.0,319,802.5,125,803.0,143,803.5,120,804.0,161,804.5,192,802.0
i2409,DCE,13:38:34.41#,803.5,809.5,793.5,889.0,713.0,216019,310975.0,800.0,390,800.5,209,801.0,496,801.5,196,802.0,319,802.5,125,803.0,143,803.5,121,804.0,161,804.5,192,802.0
i2409,DCE,13:38:34.298#,803.5,809.5,793.5,889.0,713.0,216021,310975.0,800.0,390,800.5,209,801.0,496,801.5,196,802.0,317,802.5,125,803.0,143,803.5,121,804.0,161,804.5,192,802.0
i2409,DCE,13:38:34.542#,803.5,809.5,793.5,889.0,713.0,216022,310975.0,800.0,390,800.5,209,801.0,496,801.5,196,802.0,316,802.5,126,803.0,143,803.5,121,804.0,161,804.5,192,802.0
i2409,DCE,13:38:34.791#,803.5,809.5,793.5,889.0,713.0,216024,310976.0,800.0,390,800.5,209,801.0,496,801.5,196,802.0,315,802.5,125,803.0,143,803.5,121,804.0,161,804.5,192,802.5
i2409,DCE,13:38:35.66#,803.5,809.5,793.5,889.0,713.0,216024,310976.0,800.0,390,800.5,209,801.0,496,801.5,196,802.0,289,802.5,127,803.0,143,803.5,121,804.0,161,804.5,192,802.5
i2409,DCE,13:38:35.321#,803.5,809.5,793.5,889.0,713.0,216024,310976.0,800.0,390,800.5,209,801.0,496,801.5,196,802.0,289,802.5,127,803.0,145,803.5,121,804.0,161,804.5,192,802.5
i2409,DCE,13:38:35.543#,803.5,809.5,793.5,889.0,713.0,216024,310976.0,800.0,390,800.5,209,801.0,496,801.5,196,802.0,289,802.5,126,803.0,145,803.5,121,804.0,161,804.5,192,802.5
i2409,DCE,13:38:35.791#,803.5,809.5,793.5,889.0,713.0,216024,310976.0,800.0,390,800.5,209,801.0,496,801.5,196,802.0,289,802.5,127,803.0,143,803.5,121,804.0,161,804.5,192,802.5
i2409,DCE,13:38:36.46#,803.5,809.5,793.5,889.0,713.0,216026,310978.0,800.0,390,800.5,209,801.0,496,801.5,196,802.0,287,802.5,132,803.0,143,803.5,121,804.0,161,804.5,192,802.0
i2409,DCE,13:38:36.309#,803.5,809.5,793.5,889.0,713.0,216027,310979.0,800.0,390,800.5,209,801.0,480,801.5,196,802.0,286,802.5,141,803.0,145,803.5,121,804.0,161,804.5,192,802.0
i2409,DCE,13:38:36.543#,803.5,809.5,793.5,889.0,713.0,216028,310978.0,800.0,390,800.5,209,801.0,497,801.5,196,802.0,286,802.5,140,803.0,145,803.5,120,804.0,161,804.5,192,802.5
i2409,DCE,13:38:36.817#,803.5,809.5,793.5,889.0,713.0,216034,310982.0,800.0,390,800.5,209,801.0,497,801.5,196,802.0,280,802.5,161,803.0,145,803.5,120,804.0,161,804.5,192,802.0
i2409,DCE,13:38:37.41#,803.5,809.5,793.5,889.0,713.0,216034,310982.0,800.0,390,800.5,208,801.0,497,801.5,196,802.0,280,802.5,186,803.0,145,803.5,120,804.0,161,804.5,192,802.0
i2409,DCE,13:38:37.306#,803.5,809.5,793.5,889.0,713.0,216034,310982.0,800.0,390,800.5,208,801.0,496,801.5,196,802.0,280,802.5,187,803.0,145,803.5,120,804.0,161,804.5,192,802.0
i2409,DCE,13:38:37.554#,803.5,809.5,793.5,889.0,713.0,216038,310985.0,800.0,390,800.5,208,801.0,496,801.5,196,802.0,276,802.5,197,803.0,145,803.5,120,804.0,161,804.5,192,802.0
i2409,DCE,13:38:37.791#,803.5,809.5,793.5,889.0,713.0,216091,310941.0,800.0,390,800.5,208,801.0,496,801.5,196,802.0,228,802.5,194,803.0,145,803.5,120,804.0,161,804.5,192,802.0
i2409,DCE,13:38:38.43#,803.5,809.5,793.5,889.0,713.0,216164,310898.0,800.0,390,800.5,210,801.0,462,801.5,200,802.0,159,802.5,208,803.0,133,803.5,120,804.0,161,804.5,192,802.5
i2409,DCE,13:38:38.320#,803.5,809.5,793.5,889.0,713.0,216323,310961.0,799.5,125,800.0,390,800.5,210,801.0,446,801.5,195,802.0,109,802.5,216,803.0,142,803.5,126,804.0,150,802.0
i2409,DCE,13:38:38.560#,803.5,809.5,793.5,889.0,713.0,216327,310957.0,799.5,127,800.0,391,800.5,215,801.0,330,801.5,164,802.0,137,802.5,253,803.0,103,803.5,123,804.0,150,801.5
i2409,DCE,13:38:38.819#,803.5,809.5,793.5,889.0,713.0,216347,310957.0,799.5,127,800.0,393,800.5,213,801.0,288,801.5,158,802.0,183,802.5,264,803.0,83,803.5,145,804.0,150,802.0
i2409,DCE,13:38:39.50#,803.5,809.5,793.5,889.0,713.0,216352,310955.0,799.5,127,800.0,393,800.5,213,801.0,288,801.5,147,802.0,193,802.5,131,803.0,83,803.5,149,804.0,151,801.5
i2409,DCE,13:38:39.243#,803.5,809.5,793.5,889.0,713.0,216352,310955.0,799.5,129,800.0,393,800.5,213,801.0,288,801.5,145,802.0,205,802.5,138,803.0,82,803.5,152,804.0,153,801.5
i2409,DCE,13:38:39.551#,803.5,809.5,793.5,889.0,713.0,216360,310954.0,799.5,129,800.0,393,800.5,320,801.0,287,801.5,137,802.0,211,802.5,146,803.0,82,803.5,151,804.0,153,801.5
i2409,DCE,13:38:39.805#,803.5,809.5,793.5,889.0,713.0,216360,310954.0,799.5,129,800.0,393,800.5,306,801.0,288,801.5,139,802.0,205,802.5,167,803.0,83,803.5,151,804.0,153,801.5
i2409,DCE,13:38:40.41#,803.5,809.5,793.5,889.0,713.0,216360,310954.0,799.5,129,800.0,393,800.5,315,801.0,288,801.5,140,802.0,207,802.5,168,803.0,83,803.5,149,804.0,153,801.5
i2409,DCE,13:38:40.298#,803.5,809.5,793.5,889.0,713.0,216360,310954.0,799.5,129,800.0,393,800.5,316,801.0,288,801.5,141,802.0,214,802.5,168,803.0,83,803.5,149,804.0,153,801.5
i2409,DCE,13:38:40.543#,803.5,809.5,793.5,889.0,713.0,216361,310954.0,799.5,129,800.0,394,800.5,332,801.0,288,801.5,140,802.0,214,802.5,169,803.0,83,803.5,149,804.0,153,801.5
i2409,DCE,13:38:40.792#,803.5,809.5,793.5,889.0,713.0,216361,310954.0,799.5,129,800.0,394,800.5,335,801.0,281,801.5,141,802.0,208,802.5,280,803.0,83,803.5,149,804.0,153,801.5
i2409,DCE,13:38:41.46#,803.5,809.5,793.5,889.0,713.0,216361,310954.0,799.5,129,800.0,394,800.5,337,801.0,282,801.5,148,802.0,209,802.5,279,803.0,83,803.5,149,804.0,153,801.5
i2409,DCE,13:38:41.292#,803.5,809.5,793.5,889.0,713.0,216361,310954.0,799.5,129,800.0,394,800.5,337,801.0,282,801.5,148,802.0,209,802.5,269,803.0,83,803.5,148,804.0,153,801.5
i2409,DCE,13:38:41.543#,803.5,809.5,793.5,889.0,713.0,216373,310959.0,799.5,129,800.0,394,800.5,337,801.0,289,801.5,142,802.0,200,802.5,157,803.0,83,803.5,148,804.0,153,802.0
i2409,DCE,13:38:41.791#,803.5,809.5,793.5,889.0,713.0,216381,310959.0,799.5,129,800.0,394,800.5,351,801.0,289,801.5,146,802.0,197,802.5,158,803.0,93,803.5,150,804.0,153,802.0
i2409,DCE,13:38:42.41#,803.5,809.5,793.5,889.0,713.0,216381,310959.0,799.5,129,800.0,394,800.5,352,801.0,289,801.5,142,802.0,195,802.5,158,803.0,93,803.5,150,804.0,153,802.0
i2409,DCE,13:38:42.291#,803.5,809.5,793.5,889.0,713.0,216381,310959.0,799.5,129,800.0,394,800.5,352,801.0,289,801.5,142,802.0,195,802.5,157,803.0,93,803.5,150,804.0,153,802.0
i2409,DCE,13:38:42.544#,803.5,809.5,793.5,889.0,713.0,216381,310959.0,799.5,129,800.0,394,800.5,356,801.0,282,801.5,149,802.0,158,802.5,273,803.0,93,803.5,150,804.0,153,802.0
i2409,DCE,13:38:42.792#,803.5,809.5,793.5,889.0,713.0,216382,310959.0,799.5,129,800.0,394,800.5,362,801.0,282,801.5,154,802.0,155,802.5,267,803.0,93,803.5,148,804.0,153,802.0
i2409,DCE,13:38:43.41#,803.5,809.5,793.5,889.0,713.0,216382,310959.0,799.5,129,800.0,394,800.5,378,801.0,281,801.5,154,802.0,155,802.5,263,803.0,93,803.5,148,804.0,153,802.0
i2409,DCE,13:38:43.292#,803.5,809.5,793.5,889.0,713.0,216382,310959.0,799.5,129,800.0,394,800.5,386,801.0,281,801.5,154,802.0,155,802.5,253,803.0,93,803.5,148,804.0,153,802.0
i2409,DCE,13:38:43.559#,803.5,809.5,793.5,889.0,713.0,216382,310959.0,799.5,129,800.0,394,800.5,386,801.0,281,801.5,154,802.0,165,802.5,253,803.0,93,803.5,148,804.0,153,802.0
i2409,DCE,13:38:43.817#,803.5,809.5,793.5,889.0,713.0,216382,310959.0,799.5,129,800.0,394,800.5,394,801.0,281,801.5,154,802.0,165,802.5,253,803.0,93,803.5,147,804.0,153,802.0
i2409,DCE,13:38:44.41#,803.5,809.5,793.5,889.0,713.0,216382,310959.0,799.5,129,800.0,394,800.5,394,801.0,281,801.5,158,802.0,165,802.5,253,803.0,93,803.5,147,804.0,153,802.0
i2409,DCE,13:38:44.322#,803.5,809.5,793.5,889.0,713.0,216388,310957.0,799.5,129,800.0,394,800.5,394,801.0,281,801.5,149,802.0,165,802.5,239,803.0,93,803.5,147,804.0,153,801.5
i2409,DCE,13:38:44.545#,803.5,809.5,793.5,889.0,713.0,216389,310957.0,799.5,129,800.0,394,800.5,394,801.0,281,801.5,149,802.0,165,802.5,240,803.0,92,803.5,146,804.0,153,801.5
i2409,DCE,13:38:44.816#,803.5,809.5,793.5,889.0,713.0,216389,310957.0,799.5,129,800.0,394,800.5,410,801.0,281,801.5,149,802.0,166,802.5,224,803.0,92,803.5,146,804.0,153,801.5
i2409,DCE,13:38:45.41#,803.5,809.5,793.5,889.0,713.0,216389,310957.0,799.5,129,800.0,394,800.5,411,801.0,280,801.5,150,802.0,166,802.5,224,803.0,92,803.5,146,804.0,153,801.5
i2409,DCE,13:38:45.291#,803.5,809.5,793.5,889.0,713.0,216389,310957.0,799.5,129,800.0,394,800.5,411,801.0,280,801.5,150,802.0,167,802.5,224,803.0,93,803.5,146,804.0,153,801.5
i2409,DCE,13:38:45.542#,803.5,809.5,793.5,889.0,713.0,216390,310957.0,799.5,129,800.0,394,800.5,411,801.0,280,801.5,149,802.0,167,802.5,225,803.0,93,803.5,146,804.0,153,801.5
i2409,DCE,13:38:45.812#,803.5,809.5,793.5,889.0,713.0,216390,310957.0,799.5,129,800.0,394,800.5,411,801.0,281,801.5,148,802.0,167,802.5,226,803.0,93,803.5,146,804.0,153,801.5
i2409,DCE,13:38:46.51#,803.5,809.5,793.5,889.0,713.0,216390,310957.0,799.5,129,800.0,394,800.5,412,801.0,281,801.5,150,802.0,168,802.5,230,803.0,92,803.5,146,804.0,153,801.5
i2409,DCE,13:38:46.543#,803.5,809.5,793.5,889.0,713.0,216391,310957.0,799.5,129,800.0,394,800.5,412,801.0,281,801.5,154,802.0,167,802.5,230,803.0,92,803.5,146,804.0,153,802.0
i2409,DCE,13:38:46.805#,803.5,809.5,793.5,889.0,713.0,216391,310957.0,799.5,129,800.0,394,800.5,412,801.0,281,801.5,150,802.0,166,802.5,230,803.0,92,803.5,146,804.0,153,802.0
i2409,DCE,13:38:47.41#,803.5,809.5,793.5,889.0,713.0,216391,310957.0,799.5,129,800.0,394,800.5,412,801.0,281,801.5,150,802.0,167,802.5,231,803.0,92,803.5,146,804.0,153,802.0
i2409,DCE,13:38:47.317#,803.5,809.5,793.5,889.0,713.0,216391,310957.0,799.5,129,800.0,394,800.5,412,801.0,283,801.5,150,802.0,168,802.5,232,803.0,91,803.5,146,804.0,153,802.0
i2409,DCE,13:38:47.544#,803.5,809.5,793.5,889.0,713.0,216393,310957.0,799.5,129,800.0,394,800.5,412,801.0,283,801.5,151,802.0,166,802.5,232,803.0,91,803.5,146,804.0,153,802.0
i2409,DCE,13:38:47.802#,803.5,809.5,793.5,889.0,713.0,216393,310957.0,799.5,129,800.0,394,800.5,396,801.0,282,801.5,152,802.0,166,802.5,232,803.0,91,803.5,146,804.0,153,802.0
i2409,DCE,13:38:48.41#,803.5,809.5,793.5,889.0,713.0,216393,310957.0,799.5,129,800.0,395,800.5,412,801.0,283,801.5,151,802.0,166,802.5,232,803.0,91,803.5,146,804.0,153,802.0
i2409,DCE,13:38:48.291#,803.5,809.5,793.5,889.0,713.0,216393,310957.0,799.5,129,800.0,396,800.5,412,801.0,283,801.5,151,802.0,167,802.5,232,803.0,91,803.5,146,804.0,153,802.0
i2409,DCE,13:38:48.545#,803.5,809.5,793.5,889.0,713.0,216393,310957.0,799.5,129,800.0,396,800.5,412,801.0,282,801.5,151,802.0,169,802.5,232,803.0,91,803.5,146,804.0,153,802.0
i2409,DCE,13:38:48.816#,803.5,809.5,793.5,889.0,713.0,216404,310956.0,799.5,130,800.0,395,800.5,396,801.0,282,801.5,149,802.0,161,802.5,233,803.0,91,803.5,146,804.0,153,801.5
i2409,DCE,13:38:49.42#,803.5,809.5,793.5,889.0,713.0,216404,310956.0,799.5,131,800.0,396,800.5,412,801.0,281,801.5,149,802.0,161,802.5,233,803.0,90,803.5,146,804.0,153,801.5
i2409,DCE,13:38:49.292#,803.5,809.5,793.5,889.0,713.0,216404,310956.0,799.5,131,800.0,396,800.5,412,801.0,281,801.5,154,802.0,161,802.5,233,803.0,90,803.5,146,804.0,153,801.5
i2409,DCE,13:38:49.544#,803.5,809.5,793.5,889.0,713.0,216404,310956.0,799.5,131,800.0,397,800.5,412,801.0,281,801.5,150,802.0,161,802.5,233,803.0,90,803.5,146,804.0,153,801.5
i2409,DCE,13:38:49.802#,803.5,809.5,793.5,889.0,713.0,216404,310956.0,799.5,131,800.0,397,800.5,412,801.0,281,801.5,151,802.0,161,802.5,232,803.0,90,803.5,146,804.0,153,801.5
i2409,DCE,13:38:50.68#,803.5,809.5,793.5,889.0,713.0,216404,310956.0,799.5,131,800.0,397,800.5,412,801.0,281,801.5,152,802.0,162,802.5,230,803.0,90,803.5,146,804.0,153,801.5
i2409,DCE,13:38:50.291#,803.5,809.5,793.5,889.0,713.0,216405,310956.0,799.5,131,800.0,397,800.5,412,801.0,283,801.5,152,802.0,162,802.5,230,803.0,90,803.5,146,804.0,153,801.5
i2409,DCE,13:38:50.543#,803.5,809.5,793.5,889.0,713.0,216406,310956.0,799.5,131,800.0,397,800.5,412,801.0,283,801.5,152,802.0,162,802.5,222,803.0,90,803.5,146,804.0,153,802.0
i2409,DCE,13:38:50.792#,803.5,809.5,793.5,889.0,713.0,216407,310956.0,799.5,131,800.0,397,800.5,412,801.0,282,801.5,153,802.0,161,802.5,221,803.0,90,803.5,146,804.0,153,802.0
i2409,DCE,13:38:51.42#,803.5,809.5,793.5,889.0,713.0,216407,310956.0,799.5,131,800.0,397,800.5,396,801.0,282,801.5,153,802.0,160,802.5,221,803.0,90,803.5,146,804.0,153,802.0
i2409,DCE,13:38:51.291#,803.5,809.5,793.5,889.0,713.0,216407,310956.0,799.5,131,800.0,397,800.5,412,801.0,282,801.5,153,802.0,160,802.5,221,803.0,90,803.5,146,804.0,153,802.0
i2409,DCE,13:38:51.543#,803.5,809.5,793.5,889.0,713.0,216409,310956.0,799.5,131,800.0,397,800.5,418,801.0,282,801.5,156,802.0,159,802.5,221,803.0,88,803.5,146,804.0,153,802.0
i2409,DCE,13:38:51.792#,803.5,809.5,793.5,889.0,713.0,216409,310956.0,799.5,131,800.0,397,800.5,418,801.0,282,801.5,153,802.0,159,802.5,221,803.0,88,803.5,146,804.0,153,802.0
i2409,DCE,13:38:52.42#,803.5,809.5,793.5,889.0,713.0,216409,310956.0,799.5,131,800.0,397,800.5,418,801.0,282,801.5,153,802.0,159,802.5,221,803.0,89,803.5,146,804.0,153,802.0
i2409,DCE,13:38:52.292#,803.5,809.5,793.5,889.0,713.0,216409,310956.0,799.5,131,800.0,397,800.5,417,801.0,282,801.5,153,802.0,159,802.5,221,803.0,89,803.5,146,804.0,153,802.0
i2409,DCE,13:38:52.544#,803.5,809.5,793.5,889.0,713.0,216409,310956.0,799.5,131,800.0,397,800.5,417,801.0,282,801.5,154,802.0,159,802.5,221,803.0,89,803.5,146,804.0,153,802.0
i2409,DCE,13:38:52.791#,803.5,809.5,793.5,889.0,713.0,216409,310956.0,799.5,131,800.0,397,800.5,417,801.0,283,801.5,154,802.0,159,802.5,221,803.0,89,803.5,146,804.0,153,802.0
i2409,DCE,13:38:53.41#,803.5,809.5,793.5,889.0,713.0,216409,310956.0,799.5,131,800.0,397,800.5,417,801.0,284,801.5,154,802.0,159,802.5,220,803.0,89,803.5,146,804.0,153,802.0
i2409,DCE,13:38:53.291#,803.5,809.5,793.5,889.0,713.0,216409,310956.0,799.5,131,800.0,396,800.5,417,801.0,284,801.5,154,802.0,181,802.5,218,803.0,89,803.5,146,804.0,153,802.0
i2409,DCE,13:38:53.544#,803.5,809.5,793.5,889.0,713.0,216409,310956.0,799.5,131,800.0,396,800.5,417,801.0,284,801.5,157,802.0,181,802.5,217,803.0,89,803.5,146,804.0,153,802.0
i2409,DCE,13:38:53.791#,803.5,809.5,793.5,889.0,713.0,216409,310956.0,799.5,131,800.0,396,800.5,419,801.0,284,801.5,157,802.0,181,802.5,218,803.0,89,803.5,146,804.0,153,802.0
i2409,DCE,13:38:54.57#,803.5,809.5,793.5,889.0,713.0,216411,310954.0,799.5,131,800.0,394,800.5,419,801.0,284,801.5,155,802.0,181,802.5,217,803.0,89,803.5,146,804.0,153,801.5
i2409,DCE,13:38:54.291#,803.5,809.5,793.5,889.0,713.0,216411,310954.0,799.5,131,800.0,394,800.5,419,801.0,284,801.5,155,802.0,182,802.5,217,803.0,91,803.5,146,804.0,153,801.5
i2409,DCE,13:38:54.544#,803.5,809.5,793.5,889.0,713.0,216412,310954.0,799.5,131,800.0,394,800.5,419,801.0,285,801.5,155,802.0,181,802.5,217,803.0,91,803.5,146,804.0,153,802.0
i2409,DCE,13:38:55.42#,803.5,809.5,793.5,889.0,713.0,216412,310954.0,799.5,131,800.0,394,800.5,421,801.0,285,801.5,155,802.0,184,802.5,217,803.0,91,803.5,146,804.0,153,802.0
i2409,DCE,13:38:55.322#,803.5,809.5,793.5,889.0,713.0,216412,310954.0,799.5,130,800.0,394,800.5,420,801.0,286,801.5,156,802.0,184,802.5,207,803.0,91,803.5,146,804.0,153,802.0
i2409,DCE,13:38:55.557#,803.5,809.5,793.5,889.0,713.0,216414,310956.0,799.5,130,800.0,394,800.5,228,801.0,287,801.5,156,802.0,184,802.5,208,803.0,91,803.5,146,804.0,153,802.0
i2409,DCE,13:38:55.761#,803.5,809.5,793.5,889.0,713.0,216414,310956.0,799.5,130,800.0,394,800.5,228,801.0,297,801.5,156,802.0,184,802.5,209,803.0,90,803.5,146,804.0,153,802.0
i2409,DCE,13:38:56.18#,803.5,809.5,793.5,889.0,713.0,216414,310956.0,799.5,130,800.0,394,800.5,228,801.0,297,801.5,156,802.0,187,802.5,208,803.0,90,803.5,146,804.0,153,802.0
i2409,DCE,13:38:56.269#,803.5,809.5,793.5,889.0,713.0,216414,310956.0,799.5,130,800.0,394,800.5,228,801.0,297,801.5,165,802.0,187,802.5,208,803.0,90,803.5,147,804.0,153,802.0
i2409,DCE,13:38:56.535#,803.5,809.5,793.5,889.0,713.0,216415,310956.0,799.5,130,800.0,394,800.5,228,801.0,297,801.5,161,802.0,186,802.5,208,803.0,90,803.5,147,804.0,153,802.0
i2409,DCE,13:38:56.969#,803.5,809.5,793.5,889.0,713.0,216415,310956.0,799.5,130,800.0,394,800.5,228,801.0,297,801.5,161,802.0,186,802.5,210,803.0,91,803.5,147,804.0,153,802.0
i2409,DCE,13:38:57.242#,803.5,809.5,793.5,889.0,713.0,216416,310956.0,799.5,130,800.0,394,800.5,228,801.0,297,801.5,160,802.0,186,802.5,210,803.0,91,803.5,147,804.0,153,801.5
i2409,DCE,13:38:57.561#,803.5,809.5,793.5,889.0,713.0,216416,310956.0,799.5,130,800.0,394,800.5,228,801.0,297,801.5,174,802.0,187,802.5,210,803.0,91,803.5,147,804.0,153,801.5
i2409,DCE,13:38:57.804#,803.5,809.5,793.5,889.0,713.0,216418,310957.0,799.5,130,800.0,394,800.5,228,801.0,297,801.5,172,802.0,187,802.5,210,803.0,91,803.5,147,804.0,153,801.5
i2409,DCE,13:38:58.266#,803.5,809.5,793.5,889.0,713.0,216419,310957.0,799.5,130,800.0,394,800.5,228,801.0,298,801.5,170,802.0,186,802.5,210,803.0,91,803.5,147,804.0,153,801.5
i2409,DCE,13:38:58.420#,803.5,809.5,793.5,889.0,713.0,216419,310957.0,799.5,130,800.0,394,800.5,228,801.0,298,801.5,175,802.0,186,802.5,210,803.0,91,803.5,147,804.0,153,801.5
i2409,DCE,13:38:58.754#,803.5,809.5,793.5,889.0,713.0,216419,310957.0,799.5,130,800.0,394,800.5,228,801.0,299,801.5,171,802.0,186,802.5,210,803.0,91,803.5,147,804.0,153,801.5
i2409,DCE,13:38:59.54#,803.5,809.5,793.5,889.0,713.0,216419,310957.0,799.5,130,800.0,394,800.5,228,801.0,299,801.5,171,802.0,186,802.5,209,803.0,91,803.5,147,804.0,153,801.5
i2409,DCE,13:38:59.271#,803.5,809.5,793.5,889.0,713.0,216420,310958.0,799.5,129,800.0,394,800.5,228,801.0,299,801.5,173,802.0,185,802.5,209,803.0,91,803.5,147,804.0,153,802.0
i2409,DCE,13:38:59.487#,803.5,809.5,793.5,889.0,713.0,216421,310958.0,799.5,129,800.0,394,800.5,228,801.0,299,801.5,173,802.0,184,802.5,209,803.0,91,803.5,147,804.0,153,802.0
i2409,DCE,13:38:59.724#,803.5,809.5,793.5,889.0,713.0,216421,310958.0,799.5,130,800.0,394,800.5,228,801.0,299,801.5,173,802.0,185,802.5,209,803.0,91,803.5,147,804.0,153,802.0
i2409,DCE,13:39:00.66#,803.5,809.5,793.5,889.0,713.0,216421,310958.0,799.5,130,800.0,395,800.5,230,801.0,299,801.5,173,802.0,186,802.5,211,803.0,88,803.5,147,804.0,153,802.0
i2409,DCE,13:39:00.186#,803.5,809.5,793.5,889.0,713.0,216447,310963.0,799.5,130,800.0,396,800.5,230,801.0,300,801.5,151,802.0,182,802.5,211,803.0,88,803.5,147,804.0,153,802.0
i2409,DCE,13:39:00.421#,803.5,809.5,793.5,889.0,713.0,216447,310963.0,799.5,130,800.0,396,800.5,230,801.0,300,801.5,151,802.0,181,802.5,211,803.0,88,803.5,147,804.0,153,802.0
i2409,DCE,13:39:00.731#,803.5,809.5,793.5,889.0,713.0,216447,310963.0,799.5,130,800.0,396,800.5,230,801.0,299,801.5,152,802.0,182,802.5,221,803.0,87,803.5,147,804.0,153,802.0
i2409,DCE,13:39:01.71#,803.5,809.5,793.5,889.0,713.0,216449,310963.0,799.5,130,800.0,396,800.5,232,801.0,302,801.5,149,802.0,186,802.5,221,803.0,87,803.5,147,804.0,153,801.5
i2409,DCE,13:39:01.220#,803.5,809.5,793.5,889.0,713.0,216449,310963.0,799.5,130,800.0,396,800.5,232,801.0,302,801.5,157,802.0,186,802.5,223,803.0,87,803.5,147,804.0,153,801.5
i2409,DCE,13:39:01.536#,803.5,809.5,793.5,889.0,713.0,216450,310962.0,799.5,130,800.0,396,800.5,233,801.0,302,801.5,157,802.0,185,802.5,223,803.0,87,803.5,147,804.0,153,802.0
i2409,DCE,13:39:01.798#,803.5,809.5,793.5,889.0,713.0,216464,310952.0,799.5,130,800.0,396,800.5,233,801.0,302,801.5,147,802.0,186,802.5,223,803.0,87,803.5,147,804.0,153,801.5
i2409,DCE,13:39:01.917#,803.5,809.5,793.5,889.0,713.0,216464,310952.0,799.5,130,800.0,386,800.5,233,801.0,302,801.5,147,802.0,186,802.5,213,803.0,87,803.5,147,804.0,153,801.5
i2409,DCE,13:39:02.309#,803.5,809.5,793.5,889.0,713.0,216474,310949.0,799.5,130,800.0,386,800.5,233,801.0,302,801.5,137,802.0,186,802.5,213,803.0,87,803.5,147,804.0,153,801.5
i2409,DCE,13:39:02.556#,803.5,809.5,793.5,889.0,713.0,216474,310949.0,799.5,130,800.0,386,800.5,233,801.0,302,801.5,140,802.0,186,802.5,215,803.0,86,803.5,147,804.0,153,801.5
i2409,DCE,13:39:02.576#,803.5,809.5,793.5,889.0,713.0,216474,310949.0,799.5,130,800.0,386,800.5,233,801.0,302,801.5,143,802.0,186,802.5,215,803.0,86,803.5,147,804.0,153,801.5
i2409,DCE,13:39:02.970#,803.5,809.5,793.5,889.0,713.0,216475,310949.0,799.5,130,800.0,386,800.5,233,801.0,302,801.5,142,802.0,186,802.5,213,803.0,86,803.5,147,804.0,153,801.5
i2409,DCE,13:39:03.320#,803.5,809.5,793.5,889.0,713.0,216475,310949.0,799.5,130,800.0,386,800.5,233,801.0,312,801.5,149,802.0,191,802.5,212,803.0,86,803.5,147,804.0,153,801.5
i2409,DCE,13:39:03.555#,803.5,809.5,793.5,889.0,713.0,216475,310949.0,799.5,130,800.0,386,800.5,233,801.0,312,801.5,153,802.0,191,802.5,254,803.0,86,803.5,147,804.0,153,801.5
i2409,DCE,13:39:04.61#,803.5,809.5,793.5,889.0,713.0,216628,311022.0,799.0,363,799.5,130,800.0,386,800.5,233,801.0,340,801.5,207,802.0,191,802.5,254,803.0,86,803.5,147,801.5
i2409,DCE,13:39:04.305#,803.5,809.5,793.5,889.0,713.0,216639,311027.0,799.0,371,799.5,132,800.0,386,800.5,424,801.0,262,801.5,221,802.0,280,802.5,144,803.0,86,803.5,138,801.0
i2409,DCE,13:39:04.544#,803.5,809.5,793.5,889.0,713.0,216639,311027.0,799.0,371,799.5,132,800.0,386,800.5,347,801.0,254,801.5,225,802.0,270,802.5,144,803.0,87,803.5,138,801.0
i2409,DCE,13:39:04.809#,803.5,809.5,793.5,889.0,713.0,216667,311030.0,799.0,371,799.5,132,800.0,391,800.5,331,801.0,235,801.5,221,802.0,274,802.5,144,803.0,87,803.5,138,801.0
i2409,DCE,13:39:04.934#,803.5,809.5,793.5,889.0,713.0,216669,311030.0,799.0,371,799.5,132,800.0,391,800.5,334,801.0,233,801.5,222,802.0,276,802.5,144,803.0,93,803.5,138,801.0
i2409,DCE,13:39:05.307#,803.5,809.5,793.5,889.0,713.0,216703,311031.0,799.0,371,799.5,132,800.0,391,800.5,334,801.0,201,801.5,221,802.0,288,802.5,144,803.0,92,803.5,137,801.5
i2409,DCE,13:39:05.445#,803.5,809.5,793.5,889.0,713.0,216753,311026.0,799.0,371,799.5,132,800.0,393,800.5,334,801.0,144,801.5,223,802.0,310,802.5,144,803.0,94,803.5,137,801.0
i2409,DCE,13:39:05.801#,803.5,809.5,793.5,889.0,713.0,216762,311023.0,799.0,371,799.5,132,800.0,393,800.5,317,801.0,126,801.5,224,802.0,318,802.5,137,803.0,94,803.5,136,801.0
i2409,DCE,13:39:06.65#,803.5,809.5,793.5,889.0,713.0,216762,311023.0,799.0,371,799.5,132,800.0,393,800.5,312,801.0,127,801.5,224,802.0,345,802.5,137,803.0,95,803.5,136,801.0
i2409,DCE,13:39:06.312#,803.5,809.5,793.5,889.0,713.0,216775,311020.0,799.0,371,799.5,132,800.0,393,800.5,311,801.0,115,801.5,224,802.0,348,802.5,97,803.0,95,803.5,136,801.0
i2409,DCE,13:39:06.571#,803.5,809.5,793.5,889.0,713.0,216792,311017.0,799.0,371,799.5,132,800.0,393,800.5,311,801.0,100,801.5,224,802.0,350,802.5,98,803.0,95,803.5,136,801.0
i2409,DCE,13:39:06.651#,803.5,809.5,793.5,889.0,713.0,216793,311018.0,799.0,371,799.5,132,800.0,393,800.5,309,801.0,99,801.5,226,802.0,350,802.5,98,803.0,95,803.5,136,801.0
i2409,DCE,13:39:07.35#,803.5,809.5,793.5,889.0,713.0,216794,311017.0,799.0,371,799.5,132,800.0,393,800.5,309,801.0,98,801.5,226,802.0,346,802.5,98,803.0,95,803.5,136,801.0
i2409,DCE,13:39:07.320#,803.5,809.5,793.5,889.0,713.0,216819,311003.0,799.0,371,799.5,132,800.0,393,800.5,309,801.0,73,801.5,227,802.0,346,802.5,98,803.0,94,803.5,136,801.0
i2409,DCE,13:39:07.389#,803.5,809.5,793.5,889.0,713.0,216850,311006.0,799.0,371,799.5,132,800.0,393,800.5,309,801.0,42,801.5,228,802.0,346,802.5,98,803.0,94,803.5,136,801.0
i2409,DCE,13:39:07.796#,803.5,809.5,793.5,889.0,713.0,216899,311033.0,798.5,135,799.0,371,799.5,150,800.0,420,800.5,319,801.0,30,801.5,255,802.0,344,802.5,98,803.0,94,801.0
i2409,DCE,13:39:08.58#,803.5,809.5,793.5,889.0,713.0,216905,311027.0,798.5,139,799.0,371,799.5,150,800.0,557,800.5,301,801.0,50,801.5,286,802.0,291,802.5,100,803.0,100,800.5
i2409,DCE,13:39:08.291#,803.5,809.5,793.5,889.0,713.0,216920,311021.0,798.5,139,799.0,371,799.5,148,800.0,465,800.5,270,801.0,101,801.5,258,802.0,474,802.5,100,803.0,100,800.5
i2409,DCE,13:39:08.568#,803.5,809.5,793.5,889.0,713.0,217039,310978.0,798.5,139,799.0,371,799.5,153,800.0,541,800.5,128,801.0,121,801.5,272,802.0,412,802.5,106,803.0,106,800.5
i2409,DCE,13:39:08.803#,803.5,809.5,793.5,889.0,713.0,217103,310942.0,798.5,141,799.0,373,799.5,328,800.0,514,800.5,48,801.0,171,801.5,309,802.0,376,802.5,105,803.0,109,800.5
i2409,DCE,13:39:09.48#,803.5,809.5,793.5,889.0,713.0,217152,310970.0,798.0,184,798.5,141,799.0,393,799.5,326,800.0,527,800.5,12,801.0,183,801.5,319,802.0,187,802.5,108,800.5
i2409,DCE,13:39:09.319#,803.5,809.5,793.5,889.0,713.0,217193,310976.0,798.5,140,799.0,393,799.5,300,800.0,544,800.5,58,801.0,178,801.5,359,802.0,196,802.5,113,803.0,92,801.0
i2409,DCE,13:39:09.547#,803.5,809.5,793.5,889.0,713.0,217193,310976.0,798.5,142,799.0,393,799.5,324,800.0,564,800.5,107,801.0,163,801.5,319,802.0,194,802.5,111,803.0,109,801.0
i2409,DCE,13:39:09.794#,803.5,809.5,793.5,889.0,713.0,217219,310978.0,798.5,142,799.0,393,799.5,326,800.0,564,800.5,88,801.0,149,801.5,298,802.0,194,802.5,111,803.0,110,800.5
i2409,DCE,13:39:10.41#,803.5,809.5,793.5,889.0,713.0,217225,310984.0,798.5,142,799.0,393,799.5,326,800.0,564,800.5,93,801.0,131,801.5,298,802.0,194,802.5,111,803.0,109,800.5
i2409,DCE,13:39:10.233#,803.5,809.5,793.5,889.0,713.0,217225,310984.0,798.5,142,799.0,393,799.5,179,800.0,599,800.5,100,801.0,125,801.5,295,802.0,194,802.5,111,803.0,109,800.5
i2409,DCE,13:39:10.570#,803.5,809.5,793.5,889.0,713.0,217229,310988.0,798.5,142,799.0,393,799.5,178,800.0,612,800.5,103,801.0,112,801.5,280,802.0,193,802.5,111,803.0,109,801.0
i2409,DCE,13:39:10.719#,803.5,809.5,793.5,889.0,713.0,217232,310990.0,798.5,142,799.0,393,799.5,178,800.0,612,800.5,111,801.0,108,801.5,279,802.0,193,802.5,111,803.0,110,800.5
i2409,DCE,13:39:10.957#,803.5,809.5,793.5,889.0,713.0,217232,310990.0,798.5,142,799.0,393,799.5,178,800.0,612,800.5,128,801.0,106,801.5,276,802.0,193,802.5,111,803.0,110,800.5
i2409,DCE,13:39:11.258#,803.5,809.5,793.5,889.0,713.0,217234,310990.0,798.5,142,799.0,393,799.5,178,800.0,618,800.5,121,801.0,104,801.5,269,802.0,200,802.5,111,803.0,110,801.0
i2409,DCE,13:39:11.554#,803.5,809.5,793.5,889.0,713.0,217248,310983.0,798.5,142,799.0,354,799.5,178,800.0,588,800.5,111,801.0,97,801.5,270,802.0,200,802.5,111,803.0,110,801.0
i2409,DCE,13:39:11.713#,803.5,809.5,793.5,889.0,713.0,217250,310983.0,798.5,142,799.0,354,799.5,178,800.0,563,800.5,115,801.0,76,801.5,287,802.0,200,802.5,111,803.0,110,800.5
i2409,DCE,13:39:12.66#,803.5,809.5,793.5,889.0,713.0,217254,310981.0,798.5,142,799.0,354,799.5,178,800.0,563,800.5,115,801.0,73,801.5,286,802.0,201,802.5,111,803.0,110,800.5
i2409,DCE,13:39:12.266#,803.5,809.5,793.5,889.0,713.0,217261,310987.0,798.5,142,799.0,354,799.5,178,800.0,563,800.5,108,801.0,82,801.5,286,802.0,202,802.5,111,803.0,100,800.5
i2409,DCE,13:39:12.560#,803.5,809.5,793.5,889.0,713.0,217271,310983.0,798.5,142,799.0,354,799.5,178,800.0,559,800.5,101,801.0,85,801.5,295,802.0,202,802.5,111,803.0,100,801.0
i2409,DCE,13:39:12.818#,803.5,809.5,793.5,889.0,713.0,217275,310983.0,798.5,142,799.0,354,799.5,178,800.0,554,800.5,111,801.0,85,801.5,297,802.0,202,802.5,111,803.0,99,801.0
i2409,DCE,13:39:13.57#,803.5,809.5,793.5,889.0,713.0,217277,310983.0,798.5,142,799.0,354,799.5,178,800.0,554,800.5,152,801.0,83,801.5,295,802.0,202,802.5,111,803.0,98,801.0
i2409,DCE,13:39:13.287#,803.5,809.5,793.5,889.0,713.0,217277,310983.0,798.5,142,799.0,354,799.5,179,800.0,686,800.5,154,801.0,69,801.5,293,802.0,201,802.5,111,803.0,98,801.0
i2409,DCE,13:39:13.498#,803.5,809.5,793.5,889.0,713.0,217316,310991.0,798.5,142,799.0,354,799.5,179,800.0,687,800.5,118,801.0,68,801.5,287,802.0,199,802.5,111,803.0,99,800.5
i2409,DCE,13:39:13.818#,803.5,809.5,793.5,889.0,713.0,217325,310995.0,798.5,141,799.0,354,799.5,181,800.0,678,800.5,119,801.0,63,801.5,287,802.0,199,802.5,106,803.0,99,801.0
i2409,DCE,13:39:14.65#,803.5,809.5,793.5,889.0,713.0,217326,310995.0,798.5,141,799.0,354,799.5,181,800.0,678,800.5,138,801.0,65,801.5,293,802.0,200,802.5,104,803.0,99,800.5
i2409,DCE,13:39:14.292#,803.5,809.5,793.5,889.0,713.0,217328,310996.0,798.5,141,799.0,354,799.5,181,800.0,678,800.5,147,801.0,63,801.5,286,802.0,200,802.5,104,803.0,99,801.0
i2409,DCE,13:39:14.514#,803.5,809.5,793.5,889.0,713.0,217332,310992.0,798.5,141,799.0,354,799.5,181,800.0,684,800.5,143,801.0,72,801.5,285,802.0,200,802.5,104,803.0,99,800.5
i2409,DCE,13:39:14.821#,803.5,809.5,793.5,889.0,713.0,217334,310990.0,798.5,141,799.0,354,799.5,181,800.0,682,800.5,141,801.0,87,801.5,285,802.0,199,802.5,104,803.0,99,800.5
i2409,DCE,13:39:14.999#,803.5,809.5,793.5,889.0,713.0,217335,310990.0,798.5,141,799.0,354,799.5,181,800.0,682,800.5,142,801.0,87,801.5,285,802.0,199,802.5,104,803.0,99,800.5
i2409,DCE,13:39:15.317#,803.5,809.5,793.5,889.0,713.0,217345,310997.0,798.5,141,799.0,354,799.5,181,800.0,681,800.5,134,801.0,86,801.5,285,802.0,189,802.5,104,803.0,99,800.5
i2409,DCE,13:39:15.517#,803.5,809.5,793.5,889.0,713.0,217348,310997.0,798.5,141,799.0,354,799.5,181,800.0,681,800.5,134,801.0,84,801.5,280,802.0,189,802.5,100,803.0,99,800.5
i2409,DCE,13:39:15.813#,803.5,809.5,793.5,889.0,713.0,217350,310996.0,798.5,141,799.0,354,799.5,181,800.0,681,800.5,136,801.0,82,801.5,274,802.0,189,802.5,100,803.0,99,801.0
i2409,DCE,13:39:16.60#,803.5,809.5,793.5,889.0,713.0,217358,310996.0,798.5,141,799.0,351,799.5,181,800.0,716,800.5,130,801.0,85,801.5,274,802.0,189,802.5,100,803.0,96,800.5
i2409,DCE,13:39:16.311#,803.5,809.5,793.5,889.0,713.0,217358,310996.0,798.5,141,799.0,351,799.5,181,800.0,718,800.5,131,801.0,85,801.5,274,802.0,189,802.5,100,803.0,96,800.5
i2409,DCE,13:39:16.548#,803.5,809.5,793.5,889.0,713.0,217360,310995.0,798.5,142,799.0,351,799.5,181,800.0,719,800.5,132,801.0,85,801.5,274,802.0,189,802.5,100,803.0,96,801.0
i2409,DCE,13:39:16.804#,803.5,809.5,793.5,889.0,713.0,217361,310994.0,798.5,142,799.0,351,799.5,181,800.0,718,800.5,134,801.0,87,801.5,275,802.0,205,802.5,100,803.0,96,800.5
i2409,DCE,13:39:17.49#,803.5,809.5,793.5,889.0,713.0,217362,310994.0,798.5,142,799.0,351,799.5,181,800.0,708,800.5,133,801.0,87,801.5,275,802.0,205,802.5,100,803.0,97,800.5
i2409,DCE,13:39:17.278#,803.5,809.5,793.5,889.0,713.0,217362,310994.0,798.5,142,799.0,351,799.5,181,800.0,709,800.5,129,801.0,93,801.5,312,802.0,205,802.5,100,803.0,99,800.5
i2409,DCE,13:39:17.493#,803.5,809.5,793.5,889.0,713.0,217362,310994.0,798.5,142,799.0,351,799.5,181,800.0,704,800.5,134,801.0,95,801.5,322,802.0,205,802.5,100,803.0,99,800.5
i2409,DCE,13:39:17.800#,803.5,809.5,793.5,889.0,713.0,217362,310994.0,798.5,142,799.0,351,799.5,181,800.0,717,800.5,134,801.0,101,801.5,323,802.0,205,802.5,100,803.0,99,800.5
i2409,DCE,13:39:18.66#,803.5,809.5,793.5,889.0,713.0,217365,310992.0,798.5,142,799.0,351,799.5,181,800.0,717,800.5,129,801.0,109,801.5,312,802.0,205,802.5,100,803.0,99,800.5
i2409,DCE,13:39:18.277#,803.5,809.5,793.5,889.0,713.0,217366,310991.0,798.5,142,799.0,351,799.5,181,800.0,711,800.5,132,801.0,109,801.5,314,802.0,205,802.5,100,803.0,99,800.5
i2409,DCE,13:39:18.534#,803.5,809.5,793.5,889.0,713.0,217367,310990.0,798.5,142,799.0,351,799.5,181,800.0,716,800.5,133,801.0,119,801.5,312,802.0,203,802.5,100,803.0,99,800.5
i2409,DCE,13:39:18.814#,803.5,809.5,793.5,889.0,713.0,217372,310990.0,798.5,142,799.0,351,799.5,181,800.0,716,800.5,125,801.0,122,801.5,314,802.0,203,802.5,100,803.0,99,800.5
i2409,DCE,13:39:19.68#,803.5,809.5,793.5,889.0,713.0,217372,310990.0,798.5,142,799.0,351,799.5,181,800.0,714,800.5,119,801.0,120,801.5,314,802.0,203,802.5,100,803.0,86,800.5
i2409,DCE,13:39:19.298#,803.5,809.5,793.5,889.0,713.0,217378,310986.0,798.5,142,799.0,351,799.5,180,800.0,707,800.5,123,801.0,114,801.5,300,802.0,203,802.5,100,803.0,93,801.0
i2409,DCE,13:39:19.566#,803.5,809.5,793.5,889.0,713.0,217378,310986.0,798.5,142,799.0,351,799.5,181,800.0,704,800.5,128,801.0,114,801.5,298,802.0,203,802.5,100,803.0,90,801.0
i2409,DCE,13:39:19.818#,803.5,809.5,793.5,889.0,713.0,217381,310987.0,798.5,142,799.0,351,799.5,181,800.0,699,800.5,128,801.0,113,801.5,299,802.0,204,802.5,100,803.0,90,800.5
i2409,DCE,13:39:20.18#,803.5,809.5,793.5,889.0,713.0,217383,310987.0,798.5,142,799.0,351,799.5,181,800.0,700,800.5,131,801.0,114,801.5,299,802.0,203,802.5,100,803.0,90,800.5
i2409,DCE,13:39:20.322#,803.5,809.5,793.5,889.0,713.0,217384,310988.0,798.5,142,799.0,351,799.5,181,800.0,701,800.5,134,801.0,114,801.5,298,802.0,203,802.5,100,803.0,90,800.5
i2409,DCE,13:39:20.549#,803.5,809.5,793.5,889.0,713.0,217400,310996.0,798.5,142,799.0,351,799.5,181,800.0,701,800.5,119,801.0,124,801.5,298,802.0,203,802.5,100,803.0,90,800.5
i2409,DCE,13:39:20.782#,803.5,809.5,793.5,889.0,713.0,217402,310995.0,798.5,142,799.0,351,799.5,182,800.0,702,800.5,123,801.0,124,801.5,306,802.0,203,802.5,101,803.0,86,800.5
i2409,DCE,13:39:20.986#,803.5,809.5,793.5,889.0,713.0,217412,311001.0,798.5,142,799.0,351,799.5,181,800.0,702,800.5,134,801.0,115,801.5,306,802.0,203,802.5,100,803.0,87,801.0
i2409,DCE,13:39:21.300#,803.5,809.5,793.5,889.0,713.0,217427,310993.0,798.5,142,799.0,351,799.5,181,800.0,692,800.5,135,801.0,96,801.5,313,802.0,203,802.5,100,803.0,87,801.0
i2409,DCE,13:39:21.563#,803.5,809.5,793.5,889.0,713.0,217433,310993.0,798.5,142,799.0,351,799.5,182,800.0,690,800.5,133,801.0,91,801.5,311,802.0,203,802.5,100,803.0,87,801.0
i2409,DCE,13:39:21.801#,803.5,809.5,793.5,889.0,713.0,217433,310993.0,798.5,142,799.0,351,799.5,182,800.0,710,800.5,135,801.0,97,801.5,308,802.0,200,802.5,100,803.0,87,801.0
i2409,DCE,13:39:21.982#,803.5,809.5,793.5,889.0,713.0,217438,310997.0,798.5,142,799.0,351,799.5,182,800.0,710,800.5,136,801.0,102,801.5,293,802.0,200,802.5,100,803.0,87,800.5
i2409,DCE,13:39:22.270#,803.5,809.5,793.5,889.0,713.0,217438,310997.0,798.5,142,799.0,351,799.5,182,800.0,710,800.5,136,801.0,104,801.5,293,802.0,200,802.5,100,803.0,87,800.5
i2409,DCE,13:39:22.572#,803.5,809.5,793.5,889.0,713.0,217438,310997.0,798.5,142,799.0,351,799.5,182,800.0,701,800.5,136,801.0,104,801.5,293,802.0,200,802.5,100,803.0,87,800.5
i2409,DCE,13:39:22.787#,803.5,809.5,793.5,889.0,713.0,217439,310998.0,798.5,142,799.0,351,799.5,182,800.0,706,800.5,135,801.0,109,801.5,300,802.0,201,802.5,100,803.0,87,800.5
i2409,DCE,13:39:23.23#,803.5,809.5,793.5,889.0,713.0,217440,310999.0,798.5,142,799.0,351,799.5,197,800.0,706,800.5,134,801.0,111,801.5,296,802.0,201,802.5,100,803.0,87,800.5
i2409,DCE,13:39:23.207#,803.5,809.5,793.5,889.0,713.0,217447,310999.0,798.5,142,799.0,351,799.5,197,800.0,708,800.5,129,801.0,110,801.5,296,802.0,201,802.5,100,803.0,87,800.5
i2409,DCE,13:39:23.561#,803.5,809.5,793.5,889.0,713.0,217447,310999.0,798.5,142,799.0,351,799.5,197,800.0,706,800.5,129,801.0,110,801.5,297,802.0,201,802.5,100,803.0,87,800.5
i2409,DCE,13:39:23.822#,803.5,809.5,793.5,889.0,713.0,217448,310999.0,798.5,142,799.0,351,799.5,438,800.0,695,800.5,128,801.0,110,801.5,295,802.0,201,802.5,100,803.0,87,800.5
i2409,DCE,13:39:24.63#,803.5,809.5,793.5,889.0,713.0,217449,310999.0,798.5,142,799.0,352,799.5,408,800.0,695,800.5,128,801.0,110,801.5,323,802.0,201,802.5,100,803.0,87,800.5
i2409,DCE,13:39:24.303#,803.5,809.5,793.5,889.0,713.0,217449,310999.0,798.5,142,799.0,352,799.5,410,800.0,691,800.5,128,801.0,113,801.5,330,802.0,201,802.5,100,803.0,87,800.5
i2409,DCE,13:39:24.543#,803.5,809.5,793.5,889.0,713.0,217449,310999.0,798.5,142,799.0,352,799.5,411,800.0,681,800.5,129,801.0,113,801.5,357,802.0,201,802.5,100,803.0,89,800.5
i2409,DCE,13:39:24.791#,803.5,809.5,793.5,889.0,713.0,217450,310998.0,798.5,142,799.0,352,799.5,411,800.0,682,800.5,129,801.0,103,801.5,356,802.0,201,802.5,100,803.0,89,800.5
i2409,DCE,13:39:25.62#,803.5,809.5,793.5,889.0,713.0,217451,310998.0,798.5,142,799.0,352,799.5,411,800.0,680,800.5,129,801.0,104,801.5,357,802.0,201,802.5,100,803.0,89,801.0
i2409,DCE,13:39:25.292#,803.5,809.5,793.5,889.0,713.0,217451,310998.0,798.5,142,799.0,352,799.5,411,800.0,689,800.5,129,801.0,104,801.5,357,802.0,202,802.5,99,803.0,89,801.0
i2409,DCE,13:39:25.556#,803.5,809.5,793.5,889.0,713.0,217456,310998.0,798.5,142,799.0,352,799.5,411,800.0,689,800.5,124,801.0,106,801.5,358,802.0,202,802.5,99,803.0,89,800.5
i2409,DCE,13:39:25.818#,803.5,809.5,793.5,889.0,713.0,217552,310966.0,798.5,142,799.0,352,799.5,411,800.0,689,800.5,125,801.0,11,801.5,359,802.0,205,802.5,105,803.0,89,801.0
i2409,DCE,13:39:26.55#,803.5,809.5,793.5,889.0,713.0,217568,310965.0,798.5,142,799.0,353,799.5,377,800.0,706,800.5,165,801.5,313,802.0,205,802.5,108,803.0,89,803.5,113,800.5
i2409,DCE,13:39:26.315#,803.5,809.5,793.5,889.0,713.0,217582,310969.0,798.5,142,799.0,353,799.5,419,800.0,719,800.5,178,801.5,297,802.0,205,802.5,110,803.0,88,803.5,120,801.5
i2409,DCE,13:39:26.567#,803.5,809.5,793.5,889.0,713.0,217591,310969.0,799.0,353,799.5,403,800.0,612,800.5,185,801.0,18,801.5,278,802.0,298,802.5,110,803.0,89,803.5,120,801.5
i2409,DCE,13:39:26.792#,803.5,809.5,793.5,889.0,713.0,217594,310966.0,799.0,354,799.5,193,800.0,613,800.5,274,801.0,37,801.5,222,802.0,431,802.5,110,803.0,86,803.5,131,801.0
i2409,DCE,13:39:27.63#,803.5,809.5,793.5,889.0,713.0,217595,310965.0,799.0,354,799.5,194,800.0,613,800.5,266,801.0,35,801.5,231,802.0,339,802.5,110,803.0,86,803.5,131,801.0
i2409,DCE,13:39:27.258#,803.5,809.5,793.5,889.0,713.0,217596,310964.0,799.0,354,799.5,194,800.0,613,800.5,271,801.0,43,801.5,232,802.0,314,802.5,110,803.0,86,803.5,131,801.0
i2409,DCE,13:39:27.566#,803.5,809.5,793.5,889.0,713.0,217601,310964.0,799.0,354,799.5,194,800.0,613,800.5,279,801.0,56,801.5,222,802.0,310,802.5,110,803.0,86,803.5,131,801.0
i2409,DCE,13:39:27.725#,803.5,809.5,793.5,889.0,713.0,217601,310964.0,799.0,354,799.5,194,800.0,614,800.5,309,801.0,74,801.5,216,802.0,294,802.5,110,803.0,86,803.5,131,801.0
i2409,DCE,13:39:28.65#,803.5,809.5,793.5,889.0,713.0,217601,310964.0,799.0,354,799.5,194,800.0,615,800.5,263,801.0,74,801.5,210,802.0,266,802.5,110,803.0,86,803.5,131,801.0
i2409,DCE,13:39:28.99#,803.5,809.5,793.5,889.0,713.0,217602,310963.0,799.0,354,799.5,194,800.0,615,800.5,274,801.0,73,801.5,210,802.0,285,802.5,110,803.0,86,803.5,131,801.0
i2409,DCE,13:39:28.422#,803.5,809.5,793.5,889.0,713.0,217602,310963.0,799.0,354,799.5,194,800.0,614,800.5,285,801.0,72,801.5,210,802.0,286,802.5,110,803.0,86,803.5,131,801.0
i2409,DCE,13:39:28.813#,803.5,809.5,793.5,889.0,713.0,217652,310985.0,799.0,351,799.5,192,800.0,610,800.5,281,801.0,22,801.5,212,802.0,285,802.5,107,803.0,86,803.5,131,801.0
i2409,DCE,13:39:29.61#,803.5,809.5,793.5,889.0,713.0,217658,310985.0,799.0,351,799.5,192,800.0,610,800.5,265,801.0,3,801.5,212,802.0,282,802.5,107,803.0,86,803.5,131,801.0
i2409,DCE,13:39:29.174#,803.5,809.5,793.5,889.0,713.0,217659,310985.0,799.0,351,799.5,192,800.0,610,800.5,266,801.0,2,801.5,212,802.0,296,802.5,107,803.0,86,803.5,131,801.0
i2409,DCE,13:39:29.369#,803.5,809.5,793.5,889.0,713.0,217659,310985.0,799.0,351,799.5,192,800.0,610,800.5,266,801.0,2,801.5,214,802.0,296,802.5,107,803.0,86,803.5,131,801.0
i2409,DCE,13:39:29.696#,803.5,809.5,793.5,889.0,713.0,217659,310985.0,799.0,351,799.5,192,800.0,610,800.5,267,801.0,3,801.5,214,802.0,296,802.5,107,803.0,86,803.5,131,801.0
i2409,DCE,13:39:29.969#,803.5,809.5,793.5,889.0,713.0,217659,310985.0,799.0,351,799.5,192,800.0,736,800.5,253,801.0,7,801.5,214,802.0,296,802.5,107,803.0,86,803.5,131,801.0
i2409,DCE,13:39:30.322#,803.5,809.5,793.5,889.0,713.0,217660,310985.0,799.0,351,799.5,195,800.0,729,800.5,249,801.0,9,801.5,251,802.0,203,802.5,105,803.0,86,803.5,131,801.0
i2409,DCE,13:39:30.535#,803.5,809.5,793.5,889.0,713.0,217660,310985.0,799.0,351,799.5,195,800.0,739,800.5,246,801.0,2,801.5,255,802.0,202,802.5,105,803.0,89,803.5,120,801.0
i2409,DCE,13:39:30.778#,803.5,809.5,793.5,889.0,713.0,217666,310987.0,798.5,141,799.0,351,799.5,195,800.0,739,800.5,248,801.0,15,801.5,272,802.0,224,802.5,105,803.0,88,801.0
i2409,DCE,13:39:30.990#,803.5,809.5,793.5,889.0,713.0,217673,310990.0,798.5,142,799.0,351,799.5,196,800.0,752,800.5,245,801.0,28,801.5,300,802.0,228,802.5,105,803.0,90,801.0
i2409,DCE,13:39:31.308#,803.5,809.5,793.5,889.0,713.0,217674,310991.0,798.5,142,799.0,351,799.5,195,800.0,750,800.5,274,801.0,37,801.5,306,802.0,227,802.5,103,803.0,93,801.0
i2409,DCE,13:39:31.538#,803.5,809.5,793.5,889.0,713.0,217689,310993.0,798.5,142,799.0,351,799.5,195,800.0,751,800.5,274,801.0,7,801.5,312,802.0,227,802.5,103,803.0,93,801.0
i2409,DCE,13:39:31.755#,803.5,809.5,793.5,889.0,713.0,217718,311001.0,798.5,142,799.0,352,799.5,195,800.0,750,800.5,277,801.0,23,801.5,313,802.0,219,802.5,103,803.0,93,801.0
i2409,DCE,13:39:32.72#,803.5,809.5,793.5,889.0,713.0,217739,311001.0,798.5,142,799.0,352,799.5,195,800.0,750,800.5,277,801.0,10,801.5,314,802.0,221,802.5,103,803.0,93,801.0
i2409,DCE,13:39:32.258#,803.5,809.5,793.5,889.0,713.0,217741,311003.0,798.5,142,799.0,352,799.5,195,800.0,750,800.5,277,801.5,310,802.0,218,802.5,103,803.0,93,803.5,118,801.0
i2409,DCE,13:39:32.553#,803.5,809.5,793.5,889.0,713.0,217743,311002.0,798.5,142,799.0,352,799.5,195,800.0,750,800.5,281,801.0,39,801.5,302,802.0,225,802.5,103,803.0,92,801.0
i2409,DCE,13:39:32.814#,803.5,809.5,793.5,889.0,713.0,217750,311002.0,798.5,142,799.0,352,799.5,195,800.0,750,800.5,275,801.0,35,801.5,306,802.0,221,802.5,103,803.0,93,800.5
i2409,DCE,13:39:32.942#,803.5,809.5,793.5,889.0,713.0,217750,311002.0,798.5,142,799.0,352,799.5,195,800.0,749,800.5,275,801.0,46,801.5,309,802.0,226,802.5,103,803.0,93,800.5
i2409,DCE,13:39:33.279#,803.5,809.5,793.5,889.0,713.0,217755,311002.0,798.5,143,799.0,352,799.5,195,800.0,745,800.5,272,801.0,54,801.5,309,802.0,227,802.5,103,803.0,93,801.0
i2409,DCE,13:39:33.331#,803.5,809.5,793.5,889.0,713.0,217755,311002.0,798.5,143,799.0,352,799.5,195,800.0,745,800.5,272,801.0,54,801.5,316,802.0,227,802.5,103,803.0,93,801.0
i2409,DCE,13:39:33.821#,803.5,809.5,793.5,889.0,713.0,217757,311001.0,798.5,143,799.0,352,799.5,195,800.0,745,800.5,271,801.0,54,801.5,314,802.0,227,802.5,103,803.0,93,800.5
i2409,DCE,13:39:34.59#,803.5,809.5,793.5,889.0,713.0,217759,311000.0,798.5,143,799.0,352,799.5,195,800.0,743,800.5,271,801.0,53,801.5,308,802.0,227,802.5,103,803.0,93,800.5
i2409,DCE,13:39:34.313#,803.5,809.5,793.5,889.0,713.0,217763,310996.0,798.5,143,799.0,352,799.5,195,800.0,743,800.5,271,801.0,49,801.5,314,802.0,227,802.5,103,803.0,93,801.0
i2409,DCE,13:39:34.553#,803.5,809.5,793.5,889.0,713.0,217764,310995.0,798.5,143,799.0,353,799.5,195,800.0,753,800.5,272,801.0,37,801.5,314,802.0,228,802.5,103,803.0,93,801.0
i2409,DCE,13:39:34.681#,803.5,809.5,793.5,889.0,713.0,217765,310994.0,798.5,143,799.0,353,799.5,195,800.0,753,800.5,272,801.0,36,801.5,314,802.0,229,802.5,103,803.0,93,801.0
i2409,DCE,13:39:35.46#,803.5,809.5,793.5,889.0,713.0,217802,311006.0,798.5,143,799.0,353,799.5,195,800.0,758,800.5,291,801.0,24,801.5,315,802.0,221,802.5,103,803.0,94,801.0
i2409,DCE,13:39:35.318#,803.5,809.5,793.5,889.0,713.0,217830,311022.0,799.0,353,799.5,195,800.0,759,800.5,297,801.0,40,801.5,294,802.0,215,802.5,103,803.0,93,803.5,118,801.0
i2409,DCE,13:39:35.572#,803.5,809.5,793.5,889.0,713.0,217861,311030.0,799.0,354,799.5,194,800.0,627,800.5,424,801.0,36,801.5,256,802.0,319,802.5,111,803.0,90,803.5,120,801.0
i2409,DCE,13:39:35.749#,803.5,809.5,793.5,889.0,713.0,217861,311030.0,799.0,354,799.5,194,800.0,627,800.5,396,801.0,38,801.5,255,802.0,299,802.5,111,803.0,90,803.5,120,801.0
i2409,DCE,13:39:36.69#,803.5,809.5,793.5,889.0,713.0,217862,311030.0,799.0,354,799.5,194,800.0,628,800.5,373,801.0,34,801.5,255,802.0,302,802.5,111,803.0,90,803.5,121,801.0
i2409,DCE,13:39:36.159#,803.5,809.5,793.5,889.0,713.0,217862,311030.0,799.0,354,799.5,194,800.0,628,800.5,352,801.0,32,801.5,255,802.0,302,802.5,111,803.0,90,803.5,121,801.0
i2409,DCE,13:39:36.519#,803.5,809.5,793.5,889.0,713.0,217865,311031.0,799.0,354,799.5,194,800.0,628,800.5,329,801.0,22,801.5,255,802.0,300,802.5,111,803.0,90,803.5,121,801.0
i2409,DCE,13:39:36.810#,803.5,809.5,793.5,889.0,713.0,217867,311032.0,799.0,354,799.5,194,800.0,630,800.5,321,801.0,11,801.5,254,802.0,318,802.5,111,803.0,92,803.5,121,801.0
i2409,DCE,13:39:37.36#,803.5,809.5,793.5,889.0,713.0,217867,311032.0,799.0,354,799.5,194,800.0,630,800.5,314,801.0,11,801.5,254,802.0,327,802.5,111,803.0,92,803.5,121,801.0
i2409,DCE,13:39:37.299#,803.5,809.5,793.5,889.0,713.0,217873,311037.0,799.0,354,799.5,194,800.0,770,800.5,314,801.0,3,801.5,258,802.0,222,802.5,111,803.0,92,803.5,121,801.0
i2409,DCE,13:39:37.523#,803.5,809.5,793.5,889.0,713.0,217874,311037.0,798.5,142,799.0,354,799.5,194,800.0,768,800.5,314,801.5,259,802.0,204,802.5,111,803.0,93,803.5,121,801.0
i2409,DCE,13:39:37.763#,803.5,809.5,793.5,889.0,713.0,217876,311037.0,798.5,143,799.0,353,799.5,194,800.0,768,800.5,312,801.5,282,802.0,316,802.5,111,803.0,94,803.5,121,800.5
i2409,DCE,13:39:37.995#,803.5,809.5,793.5,889.0,713.0,217877,311038.0,798.5,143,799.0,353,799.5,194,800.0,768,800.5,311,801.0,14,801.5,283,802.0,314,802.5,111,803.0,93,801.0
i2409,DCE,13:39:38.295#,803.5,809.5,793.5,889.0,713.0,217877,311038.0,798.5,143,799.0,353,799.5,194,800.0,770,800.5,306,801.0,31,801.5,296,802.0,317,802.5,111,803.0,94,801.0
i2409,DCE,13:39:38.568#,803.5,809.5,793.5,889.0,713.0,217879,311039.0,798.5,143,799.0,353,799.5,194,800.0,771,800.5,306,801.0,35,801.5,298,802.0,198,802.5,111,803.0,94,801.0
i2409,DCE,13:39:38.745#,803.5,809.5,793.5,889.0,713.0,217880,311039.0,798.5,143,799.0,353,799.5,194,800.0,767,800.5,306,801.0,37,801.5,297,802.0,192,802.5,111,803.0,95,800.5
i2409,DCE,13:39:38.971#,803.5,809.5,793.5,889.0,713.0,217900,311039.0,798.5,143,799.0,353,799.5,194,800.0,768,800.5,306,801.0,19,801.5,297,802.0,194,802.5,111,803.0,95,801.0
i2409,DCE,13:39:39.297#,803.5,809.5,793.5,889.0,713.0,217901,311040.0,798.5,143,799.0,353,799.5,194,800.0,633,800.5,308,801.0,8,801.5,299,802.0,303,802.5,111,803.0,93,801.0
i2409,DCE,13:39:39.473#,803.5,809.5,793.5,889.0,713.0,217909,311041.0,799.0,353,799.5,194,800.0,633,800.5,312,801.0,2,801.5,299,802.0,290,802.5,111,803.0,92,803.5,117,801.0
i2409,DCE,13:39:39.728#,803.5,809.5,793.5,889.0,713.0,217909,311041.0,799.0,354,799.5,194,800.0,633,800.5,322,801.0,9,801.5,285,802.0,302,802.5,111,803.0,91,803.5,119,801.0
i2409,DCE,13:39:40.71#,803.5,809.5,793.5,889.0,713.0,217909,311041.0,799.0,354,799.5,194,800.0,633,800.5,333,801.0,26,801.5,285,802.0,305,802.5,111,803.0,91,803.5,119,801.0
i2409,DCE,13:39:40.228#,803.5,809.5,793.5,889.0,713.0,217914,311046.0,799.0,354,799.5,194,800.0,633,800.5,335,801.0,25,801.5,285,802.0,298,802.5,111,803.0,89,803.5,120,801.0
i2409,DCE,13:39:40.514#,803.5,809.5,793.5,889.0,713.0,217914,311046.0,799.0,354,799.5,194,800.0,633,800.5,331,801.0,29,801.5,285,802.0,298,802.5,112,803.0,89,803.5,117,801.0
i2409,DCE,13:39:40.784#,803.5,809.5,793.5,889.0,713.0,217914,311046.0,799.0,354,799.5,195,800.0,633,800.5,330,801.0,30,801.5,286,802.0,297,802.5,113,803.0,89,803.5,117,801.0
i2409,DCE,13:39:41.72#,803.5,809.5,793.5,889.0,713.0,217914,311046.0,799.0,354,799.5,195,800.0,633,800.5,338,801.0,29,801.5,286,802.0,297,802.5,113,803.0,89,803.5,116,801.0
i2409,DCE,13:39:41.315#,803.5,809.5,793.5,889.0,713.0,217916,311048.0,799.0,354,799.5,197,800.0,633,800.5,338,801.0,32,801.5,286,802.0,296,802.5,113,803.0,89,803.5,116,801.0
i2409,DCE,13:39:41.572#,803.5,809.5,793.5,889.0,713.0,217918,311048.0,799.0,354,799.5,197,800.0,633,800.5,343,801.0,37,801.5,284,802.0,296,802.5,113,803.0,88,803.5,116,801.5
i2409,DCE,13:39:41.682#,803.5,809.5,793.5,889.0,713.0,217918,311048.0,799.0,354,799.5,197,800.0,634,800.5,347,801.0,45,801.5,296,802.0,283,802.5,113,803.0,88,803.5,116,801.5
i2409,DCE,13:39:42.68#,803.5,809.5,793.5,889.0,713.0,217933,311035.0,799.0,354,799.5,197,800.0,634,800.5,346,801.0,30,801.5,296,802.0,282,802.5,113,803.0,88,803.5,116,801.0
i2409,DCE,13:39:42.271#,803.5,809.5,793.5,889.0,713.0,217934,311034.0,799.0,354,799.5,197,800.0,634,800.5,346,801.0,24,801.5,296,802.0,282,802.5,113,803.0,86,803.5,116,801.0
i2409,DCE,13:39:42.543#,803.5,809.5,793.5,889.0,713.0,217935,311034.0,799.0,355,799.5,197,800.0,634,800.5,346,801.0,23,801.5,296,802.0,281,802.5,135,803.0,86,803.5,116,801.0
i2409,DCE,13:39:42.817#,803.5,809.5,793.5,889.0,713.0,217935,311034.0,799.0,355,799.5,196,800.0,644,800.5,347,801.0,21,801.5,296,802.0,281,802.5,134,803.0,86,803.5,116,801.0
i2409,DCE,13:39:43.7#,803.5,809.5,793.5,889.0,713.0,217935,311034.0,799.0,355,799.5,196,800.0,648,800.5,348,801.0,21,801.5,296,802.0,281,802.5,134,803.0,86,803.5,116,801.0
i2409,DCE,13:39:43.297#,803.5,809.5,793.5,889.0,713.0,217935,311034.0,799.0,355,799.5,196,800.0,650,800.5,348,801.0,20,801.5,297,802.0,281,802.5,134,803.0,86,803.5,116,801.0
i2409,DCE,13:39:43.372#,803.5,809.5,793.5,889.0,713.0,217942,311036.0,799.0,355,799.5,196,800.0,650,800.5,348,801.0,14,801.5,297,802.0,281,802.5,135,803.0,86,803.5,116,801.0
i2409,DCE,13:39:43.728#,803.5,809.5,793.5,889.0,713.0,217942,311036.0,799.0,355,799.5,196,800.0,649,800.5,350,801.0,12,801.5,297,802.0,281,802.5,135,803.0,86,803.5,116,801.0
i2409,DCE,13:39:44.36#,803.5,809.5,793.5,889.0,713.0,217943,311035.0,799.0,352,799.5,196,800.0,649,800.5,350,801.0,11,801.5,297,802.0,282,802.5,135,803.0,86,803.5,116,801.0
i2409,DCE,13:39:44.282#,803.5,809.5,793.5,889.0,713.0,217943,311035.0,799.0,352,799.5,196,800.0,648,800.5,349,801.0,11,801.5,294,802.0,282,802.5,135,803.0,86,803.5,116,801.0
i2409,DCE,13:39:44.466#,803.5,809.5,793.5,889.0,713.0,217943,311035.0,799.0,352,799.5,196,800.0,648,800.5,358,801.0,14,801.5,294,802.0,282,802.5,135,803.0,86,803.5,116,801.0
i2409,DCE,13:39:44.799#,803.5,809.5,793.5,889.0,713.0,217947,311037.0,799.0,352,799.5,196,800.0,648,800.5,363,801.0,13,801.5,293,802.0,282,802.5,135,803.0,86,803.5,116,801.0
i2409,DCE,13:39:45.52#,803.5,809.5,793.5,889.0,713.0,217948,311038.0,799.0,352,799.5,196,800.0,648,800.5,364,801.0,12,801.5,293,802.0,282,802.5,135,803.0,86,803.5,116,801.0
i2409,DCE,13:39:45.148#,803.5,809.5,793.5,889.0,713.0,217949,311038.0,799.0,352,799.5,196,800.0,648,800.5,365,801.0,11,801.5,293,802.0,282,802.5,135,803.0,86,803.5,116,801.0
i2409,DCE,13:39:45.570#,803.5,809.5,793.5,889.0,713.0,217961,311043.0,798.5,142,799.0,352,799.5,196,800.0,648,800.5,365,801.5,293,802.0,282,802.5,135,803.0,86,803.5,116,801.0
i2409,DCE,13:39:45.810#,803.5,809.5,793.5,889.0,713.0,217961,311043.0,799.0,351,799.5,196,800.0,648,800.5,367,801.0,5,801.5,297,802.0,290,802.5,135,803.0,86,803.5,116,801.0
i2409,DCE,13:39:46.38#,803.5,809.5,793.5,889.0,713.0,217961,311043.0,799.0,353,799.5,196,800.0,648,800.5,369,801.0,5,801.5,295,802.0,291,802.5,135,803.0,86,803.5,116,801.0
i2409,DCE,13:39:46.303#,803.5,809.5,793.5,889.0,713.0,217961,311043.0,799.0,353,799.5,196,800.0,648,800.5,365,801.0,5,801.5,294,802.0,292,802.5,135,803.0,86,803.5,116,801.0
i2409,DCE,13:39:46.548#,803.5,809.5,793.5,889.0,713.0,217962,311043.0,799.0,353,799.5,196,800.0,648,800.5,351,801.0,6,801.5,294,802.0,292,802.5,135,803.0,86,803.5,116,801.5
i2409,DCE,13:39:46.628#,803.5,809.5,793.5,889.0,713.0,217962,311043.0,799.0,353,799.5,196,800.0,648,800.5,350,801.0,6,801.5,294,802.0,292,802.5,135,803.0,86,803.5,116,801.5
i2409,DCE,13:39:47.57#,803.5,809.5,793.5,889.0,713.0,217962,311043.0,799.0,353,799.5,196,800.0,648,800.5,347,801.0,6,801.5,294,802.0,297,802.5,135,803.0,86,803.5,116,801.5
i2409,DCE,13:39:47.495#,803.5,809.5,793.5,889.0,713.0,217968,311049.0,798.5,143,799.0,353,799.5,196,800.0,648,800.5,347,801.0,4,801.5,295,802.0,297,802.5,135,803.0,86,801.0
i2409,DCE,13:39:47.805#,803.5,809.5,793.5,889.0,713.0,217972,311053.0,798.5,144,799.0,352,799.5,196,800.0,649,800.5,337,801.5,305,802.0,301,802.5,135,803.0,87,803.5,115,801.0
i2409,DCE,13:39:48.55#,803.5,809.5,793.5,889.0,713.0,217972,311053.0,799.0,352,799.5,196,800.0,649,800.5,347,801.0,1,801.5,297,802.0,297,802.5,135,803.0,86,803.5,116,801.0
i2409,DCE,13:39:48.315#,803.5,809.5,793.5,889.0,713.0,217974,311054.0,799.0,353,799.5,196,800.0,649,800.5,351,801.0,1,801.5,293,802.0,289,802.5,135,803.0,86,803.5,116,801.0
i2409,DCE,13:39:48.470#,803.5,809.5,793.5,889.0,713.0,217978,311058.0,798.5,143,799.0,353,799.5,196,800.0,649,800.5,352,801.5,290,802.0,288,802.5,135,803.0,86,803.5,116,801.5
i2409,DCE,13:39:48.728#,803.5,809.5,793.5,889.0,713.0,217988,311051.0,798.5,144,799.0,352,799.5,196,800.0,649,800.5,360,801.5,294,802.0,313,802.5,135,803.0,87,803.5,116,800.5
i2409,DCE,13:39:49.54#,803.5,809.5,793.5,889.0,713.0,217988,311051.0,799.0,352,799.5,196,800.0,649,800.5,361,801.0,1,801.5,294,802.0,311,802.5,136,803.0,87,803.5,116,800.5
i2409,DCE,13:39:49.317#,803.5,809.5,793.5,889.0,713.0,217988,311051.0,799.0,353,799.5,196,800.0,649,800.5,365,801.0,1,801.5,290,802.0,312,802.5,136,803.0,92,803.5,116,800.5
i2409,DCE,13:39:49.504#,803.5,809.5,793.5,889.0,713.0,217988,311051.0,799.0,353,799.5,196,800.0,649,800.5,366,801.0,10,801.5,290,802.0,307,802.5,136,803.0,92,803.5,116,800.5
i2409,DCE,13:39:49.749#,803.5,809.5,793.5,889.0,713.0,217988,311051.0,799.0,353,799.5,196,800.0,649,800.5,383,801.0,15,801.5,290,802.0,295,802.5,136,803.0,92,803.5,116,800.5
i2409,DCE,13:39:50.65#,803.5,809.5,793.5,889.0,713.0,217988,311051.0,799.0,353,799.5,196,800.0,649,800.5,371,801.0,29,801.5,290,802.0,274,802.5,136,803.0,93,803.5,116,800.5
i2409,DCE,13:39:50.268#,803.5,809.5,793.5,889.0,713.0,217988,311051.0,799.0,353,799.5,196,800.0,649,800.5,370,801.0,42,801.5,291,802.0,274,802.5,136,803.0,94,803.5,116,800.5
i2409,DCE,13:39:50.505#,803.5,809.5,793.5,889.0,713.0,217991,311049.0,799.0,353,799.5,196,800.0,649,800.5,372,801.0,53,801.5,291,802.0,274,802.5,136,803.0,94,803.5,116,800.5
i2409,DCE,13:39:50.653#,803.5,809.5,793.5,889.0,713.0,217991,311049.0,799.0,353,799.5,196,800.0,649,800.5,376,801.0,59,801.5,294,802.0,269,802.5,136,803.0,94,803.5,116,800.5
i2409,DCE,13:39:51.33#,803.5,809.5,793.5,889.0,713.0,217992,311049.0,799.0,353,799.5,196,800.0,649,800.5,374,801.0,58,801.5,295,802.0,269,802.5,136,803.0,94,803.5,116,800.5
i2409,DCE,13:39:51.314#,803.5,809.5,793.5,889.0,713.0,217993,311049.0,799.0,353,799.5,196,800.0,648,800.5,376,801.0,58,801.5,295,802.0,269,802.5,136,803.0,94,803.5,116,801.5
i2409,DCE,13:39:51.542#,803.5,809.5,793.5,889.0,713.0,217996,311049.0,799.0,353,799.5,196,800.0,648,800.5,395,801.0,60,801.5,294,802.0,269,802.5,135,803.0,94,803.5,116,801.5
i2409,DCE,13:39:51.751#,803.5,809.5,793.5,889.0,713.0,217996,311049.0,799.0,353,799.5,196,800.0,648,800.5,427,801.0,74,801.5,294,802.0,267,802.5,135,803.0,94,803.5,116,801.5
i2409,DCE,13:39:52.30#,803.5,809.5,793.5,889.0,713.0,217997,311049.0,799.0,353,799.5,196,800.0,648,800.5,430,801.0,78,801.5,290,802.0,256,802.5,130,803.0,94,803.5,116,801.5
i2409,DCE,13:39:52.311#,803.5,809.5,793.5,889.0,713.0,217997,311049.0,799.0,353,799.5,196,800.0,648,800.5,429,801.0,89,801.5,287,802.0,248,802.5,130,803.0,94,803.5,116,801.5
i2409,DCE,13:39:52.719#,803.5,809.5,793.5,889.0,713.0,217997,311049.0,799.0,353,799.5,196,800.0,648,800.5,429,801.0,89,801.5,288,802.0,248,802.5,130,803.0,95,803.5,116,801.5
i2409,DCE,13:39:53.55#,803.5,809.5,793.5,889.0,713.0,217997,311049.0,799.0,353,799.5,196,800.0,648,800.5,413,801.0,90,801.5,288,802.0,248,802.5,130,803.0,95,803.5,116,801.5
i2409,DCE,13:39:53.194#,803.5,809.5,793.5,889.0,713.0,217997,311049.0,799.0,353,799.5,196,800.0,648,800.5,417,801.0,90,801.5,289,802.0,253,802.5,130,803.0,95,803.5,117,801.5
i2409,DCE,13:39:53.569#,803.5,809.5,793.5,889.0,713.0,218008,311042.0,799.0,353,799.5,196,800.0,648,800.5,418,801.0,80,801.5,289,802.0,253,802.5,130,803.0,95,803.5,117,801.0
i2409,DCE,13:39:53.708#,803.5,809.5,793.5,889.0,713.0,218008,311042.0,799.0,353,799.5,196,800.0,648,800.5,418,801.0,82,801.5,291,802.0,263,802.5,130,803.0,95,803.5,118,801.0
i2409,DCE,13:39:54.2#,803.5,809.5,793.5,889.0,713.0,218008,311042.0,799.0,353,799.5,196,800.0,648,800.5,417,801.0,79,801.5,292,802.0,263,802.5,130,803.0,95,803.5,118,801.0
i2409,DCE,13:39:54.313#,803.5,809.5,793.5,889.0,713.0,218008,311042.0,799.0,353,799.5,196,800.0,648,800.5,417,801.0,73,801.5,292,802.0,264,802.5,129,803.0,95,803.5,118,801.0
i2409,DCE,13:39:54.525#,803.5,809.5,793.5,889.0,713.0,218008,311042.0,799.0,353,799.5,196,800.0,648,800.5,399,801.0,68,801.5,292,802.0,244,802.5,149,803.0,95,803.5,118,801.0
i2409,DCE,13:39:54.814#,803.5,809.5,793.5,889.0,713.0,218053,311062.0,799.0,353,799.5,196,800.0,648,800.5,398,801.0,23,801.5,292,802.0,244,802.5,149,803.0,95,803.5,118,801.0
i2409,DCE,13:39:55.43#,803.5,809.5,793.5,889.0,713.0,218055,311061.0,799.0,353,799.5,196,800.0,648,800.5,373,801.0,6,801.5,301,802.0,254,802.5,150,803.0,95,803.5,118,801.0
i2409,DCE,13:39:55.314#,803.5,809.5,793.5,889.0,713.0,218055,311061.0,799.0,353,799.5,196,800.0,518,800.5,496,801.0,9,801.5,303,802.0,256,802.5,149,803.0,95,803.5,118,801.0
i2409,DCE,13:39:55.526#,803.5,809.5,793.5,889.0,713.0,218055,311061.0,799.0,353,799.5,196,800.0,518,800.5,512,801.0,12,801.5,296,802.0,240,802.5,151,803.0,95,803.5,118,801.0
i2409,DCE,13:39:55.821#,803.5,809.5,793.5,889.0,713.0,218055,311061.0,799.0,352,799.5,196,800.0,518,800.5,512,801.0,24,801.5,296,802.0,235,802.5,151,803.0,95,803.5,118,801.0
i2409,DCE,13:39:56.36#,803.5,809.5,793.5,889.0,713.0,218057,311063.0,799.0,352,799.5,196,800.0,517,800.5,524,801.0,25,801.5,297,802.0,235,802.5,151,803.0,95,803.5,118,801.0
i2409,DCE,13:39:56.209#,803.5,809.5,793.5,889.0,713.0,218057,311063.0,799.0,352,799.5,196,800.0,517,800.5,525,801.0,25,801.5,297,802.0,227,802.5,151,803.0,95,803.5,118,801.0
i2409,DCE,13:39:56.565#,803.5,809.5,793.5,889.0,713.0,218059,311064.0,799.0,352,799.5,196,800.0,517,800.5,544,801.0,25,801.5,296,802.0,227,802.5,151,803.0,95,803.5,118,801.5
i2409,DCE,13:39:56.774#,803.5,809.5,793.5,889.0,713.0,218079,311076.0,799.0,352,799.5,196,800.0,517,800.5,543,801.0,14,801.5,294,802.0,227,802.5,151,803.0,95,803.5,118,801.0
i2409,DCE,13:39:57.44#,803.5,809.5,793.5,889.0,713.0,218079,311076.0,799.0,352,799.5,196,800.0,517,800.5,524,801.0,21,801.5,296,802.0,227,802.5,151,803.0,95,803.5,118,801.0
i2409,DCE,13:39:57.252#,803.5,809.5,793.5,889.0,713.0,218080,311076.0,799.0,352,799.5,196,800.0,517,800.5,542,801.0,25,801.5,295,802.0,227,802.5,151,803.0,95,803.5,118,801.5
i2409,DCE,13:39:57.558#,803.5,809.5,793.5,889.0,713.0,218082,311077.0,799.0,352,799.5,196,800.0,511,800.5,543,801.0,23,801.5,295,802.0,227,802.5,151,803.0,95,803.5,118,801.0
i2409,DCE,13:39:57.645#,803.5,809.5,793.5,889.0,713.0,218082,311077.0,799.0,352,799.5,196,800.0,511,800.5,549,801.0,24,801.5,295,802.0,227,802.5,151,803.0,95,803.5,118,801.0
i2409,DCE,13:39:57.952#,803.5,809.5,793.5,889.0,713.0,218082,311077.0,799.0,352,799.5,196,800.0,511,800.5,549,801.0,24,801.5,295,802.0,225,802.5,151,803.0,95,803.5,118,801.0
i2409,DCE,13:39:58.310#,803.5,809.5,793.5,889.0,713.0,218082,311077.0,799.0,352,799.5,196,800.0,511,800.5,549,801.0,42,801.5,295,802.0,225,802.5,151,803.0,95,803.5,118,801.0
i2409,DCE,13:39:58.326#,803.5,809.5,793.5,889.0,713.0,218082,311077.0,799.0,352,799.5,196,800.0,511,800.5,557,801.0,55,801.5,295,802.0,219,802.5,152,803.0,95,803.5,118,801.0
i2409,DCE,13:39:58.750#,803.5,809.5,793.5,889.0,713.0,218082,311077.0,799.0,352,799.5,196,800.0,511,800.5,558,801.0,75,801.5,295,802.0,219,802.5,152,803.0,95,803.5,118,801.0
i2409,DCE,13:39:58.966#,803.5,809.5,793.5,889.0,713.0,218082,311077.0,799.0,352,799.5,196,800.0,511,800.5,571,801.0,83,801.5,295,802.0,219,802.5,151,803.0,94,803.5,118,801.0
i2409,DCE,13:39:59.308#,803.5,809.5,793.5,889.0,713.0,218088,311081.0,799.0,352,799.5,195,800.0,511,800.5,574,801.0,83,801.5,293,802.0,215,802.5,151,803.0,95,803.5,118,801.0
i2409,DCE,13:39:59.550#,803.5,809.5,793.5,889.0,713.0,218088,311081.0,799.0,352,799.5,195,800.0,511,800.5,574,801.0,87,801.5,293,802.0,216,802.5,145,803.0,97,803.5,118,801.0
i2409,DCE,13:39:59.705#,803.5,809.5,793.5,889.0,713.0,218111,311099.0,799.0,352,799.5,195,800.0,511,800.5,574,801.0,64,801.5,293,802.0,216,802.5,145,803.0,97,803.5,118,801.0
i2409,DCE,13:40:00.58#,803.5,809.5,793.5,889.0,713.0,218113,311099.0,799.0,352,799.5,195,800.0,511,800.5,575,801.0,56,801.5,293,802.0,221,802.5,144,803.0,97,803.5,118,801.0
i2409,DCE,13:40:00.303#,803.5,809.5,793.5,889.0,713.0,218119,311099.0,799.0,352,799.5,196,800.0,517,800.5,565,801.0,54,801.5,289,802.0,221,802.5,144,803.0,97,803.5,118,801.5
i2409,DCE,13:40:00.508#,803.5,809.5,793.5,889.0,713.0,218119,311099.0,799.0,352,799.5,196,800.0,518,800.5,565,801.0,54,801.5,295,802.0,220,802.5,144,803.0,97,803.5,118,801.5
i2409,DCE,13:40:00.753#,803.5,809.5,793.5,889.0,713.0,218119,311099.0,799.0,352,799.5,196,800.0,518,800.5,526,801.0,52,801.5,296,802.0,222,802.5,144,803.0,97,803.5,118,801.5
i2409,DCE,13:40:01.4#,803.5,809.5,793.5,889.0,713.0,218124,311103.0,799.0,352,799.5,196,800.0,518,800.5,490,801.0,39,801.5,297,802.0,232,802.5,144,803.0,97,803.5,118,801.0
i2409,DCE,13:40:01.315#,803.5,809.5,793.5,889.0,713.0,218125,311104.0,799.0,352,799.5,196,800.0,518,800.5,494,801.0,28,801.5,297,802.0,253,802.5,144,803.0,97,803.5,118,801.0
i2409,DCE,13:40:01.564#,803.5,809.5,793.5,889.0,713.0,218126,311104.0,799.0,352,799.5,196,800.0,518,800.5,484,801.0,29,801.5,296,802.0,262,802.5,144,803.0,97,803.5,118,801.5
i2409,DCE,13:40:01.731#,803.5,809.5,793.5,889.0,713.0,218127,311105.0,799.0,352,799.5,199,800.0,521,800.5,490,801.0,29,801.5,296,802.0,259,802.5,144,803.0,97,803.5,118,801.0
i2409,DCE,13:40:02.11#,803.5,809.5,793.5,889.0,713.0,218128,311106.0,799.0,352,799.5,199,800.0,521,800.5,495,801.0,29,801.5,296,802.0,260,802.5,144,803.0,97,803.5,118,801.0
i2409,DCE,13:40:02.563#,803.5,809.5,793.5,889.0,713.0,218128,311106.0,799.0,352,799.5,199,800.0,521,800.5,495,801.0,30,801.5,296,802.0,262,802.5,144,803.0,97,803.5,118,801.0
i2409,DCE,13:40:02.791#,803.5,809.5,793.5,889.0,713.0,218128,311106.0,799.0,352,799.5,199,800.0,521,800.5,496,801.0,25,801.5,296,802.0,264,802.5,144,803.0,97,803.5,118,801.0
i2409,DCE,13:40:02.969#,803.5,809.5,793.5,889.0,713.0,218129,311106.0,799.0,352,799.5,199,800.0,511,800.5,486,801.0,31,801.5,296,802.0,264,802.5,144,803.0,95,803.5,118,801.0
i2409,DCE,13:40:03.195#,803.5,809.5,793.5,889.0,713.0,218132,311106.0,799.0,352,799.5,199,800.0,511,800.5,490,801.0,28,801.5,296,802.0,264,802.5,144,803.0,95,803.5,118,801.0
i2409,DCE,13:40:03.816#,803.5,809.5,793.5,889.0,713.0,218133,311107.0,799.0,352,799.5,199,800.0,693,800.5,468,801.0,27,801.5,315,802.0,154,802.5,144,803.0,95,803.5,118,801.0
i2409,DCE,13:40:03.987#,803.5,809.5,793.5,889.0,713.0,218133,311107.0,799.0,352,799.5,199,800.0,693,800.5,468,801.0,16,801.5,315,802.0,154,802.5,145,803.0,91,803.5,118,801.0
i2409,DCE,13:40:04.269#,803.5,809.5,793.5,889.0,713.0,218136,311109.0,799.0,353,799.5,198,800.0,691,800.5,461,801.0,16,801.5,313,802.0,155,802.5,145,803.0,91,803.5,118,801.5
i2409,DCE,13:40:04.537#,803.5,809.5,793.5,889.0,713.0,218136,311109.0,799.0,353,799.5,198,800.0,691,800.5,460,801.0,16,801.5,309,802.0,172,802.5,145,803.0,91,803.5,118,801.5
i2409,DCE,13:40:04.711#,803.5,809.5,793.5,889.0,713.0,218154,311104.0,798.5,144,799.0,341,799.5,198,800.0,691,800.5,459,801.5,310,802.0,173,802.5,145,803.0,93,803.5,118,800.5
i2409,DCE,13:40:05.67#,803.5,809.5,793.5,889.0,713.0,218155,311105.0,799.0,340,799.5,198,800.0,703,800.5,468,801.0,12,801.5,326,802.0,189,802.5,145,803.0,93,803.5,118,801.5
i2409,DCE,13:40:05.308#,803.5,809.5,793.5,889.0,713.0,218155,311105.0,799.0,351,799.5,198,800.0,703,800.5,460,801.0,7,801.5,329,802.0,171,802.5,145,803.0,93,803.5,118,801.5
i2409,DCE,13:40:05.569#,803.5,809.5,793.5,889.0,713.0,218160,311104.0,799.0,351,799.5,198,800.0,703,800.5,459,801.0,8,801.5,329,802.0,173,802.5,145,803.0,93,803.5,118,801.0
i2409,DCE,13:40:05.670#,803.5,809.5,793.5,889.0,713.0,218160,311104.0,799.0,351,799.5,198,800.0,703,800.5,460,801.0,8,801.5,329,802.0,174,802.5,145,803.0,93,803.5,118,801.0
i2409,DCE,13:40:06.28#,803.5,809.5,793.5,889.0,713.0,218160,311104.0,799.0,351,799.5,198,800.0,703,800.5,459,801.0,8,801.5,329,802.0,174,802.5,145,803.0,93,803.5,118,801.0
i2409,DCE,13:40:06.276#,803.5,809.5,793.5,889.0,713.0,218161,311103.0,799.0,351,799.5,198,800.0,703,800.5,459,801.0,9,801.5,328,802.0,174,802.5,145,803.0,93,803.5,118,801.0
i2409,DCE,13:40:06.571#,803.5,809.5,793.5,889.0,713.0,218162,311103.0,799.0,351,799.5,198,800.0,673,800.5,459,801.0,11,801.5,327,802.0,174,802.5,145,803.0,93,803.5,118,801.5
i2409,DCE,13:40:06.807#,803.5,809.5,793.5,889.0,713.0,218166,311106.0,799.0,351,799.5,198,800.0,673,800.5,459,801.0,10,801.5,327,802.0,174,802.5,145,803.0,93,803.5,118,801.0
i2409,DCE,13:40:07.65#,803.5,809.5,793.5,889.0,713.0,218167,311106.0,799.0,351,799.5,198,800.0,670,800.5,460,801.0,19,801.5,331,802.0,174,802.5,145,803.0,93,803.5,118,801.5
i2409,DCE,13:40:07.211#,803.5,809.5,793.5,889.0,713.0,218172,311102.0,799.0,351,799.5,198,800.0,670,800.5,460,801.0,14,801.5,325,802.0,174,802.5,145,803.0,93,803.5,117,801.0
i2409,DCE,13:40:07.567#,803.5,809.5,793.5,889.0,713.0,218173,311103.0,799.0,351,799.5,198,800.0,670,800.5,460,801.0,20,801.5,324,802.0,174,802.5,145,803.0,93,803.5,117,801.5
i2409,DCE,13:40:07.810#,803.5,809.5,793.5,889.0,713.0,218173,311103.0,799.0,351,799.5,198,800.0,670,800.5,460,801.0,22,801.5,309,802.0,174,802.5,144,803.0,95,803.5,117,801.5
i2409,DCE,13:40:08.23#,803.5,809.5,793.5,889.0,713.0,218173,311103.0,799.0,351,799.5,198,800.0,670,800.5,460,801.0,37,801.5,296,802.0,172,802.5,144,803.0,95,803.5,117,801.5
i2409,DCE,13:40:08.318#,803.5,809.5,793.5,889.0,713.0,218173,311103.0,799.0,351,799.5,198,800.0,672,800.5,468,801.0,72,801.5,288,802.0,172,802.5,144,803.0,95,803.5,117,801.5
i2409,DCE,13:40:08.458#,803.5,809.5,793.5,889.0,713.0,218173,311103.0,799.0,351,799.5,198,800.0,522,800.5,524,801.0,93,801.5,275,802.0,282,802.5,144,803.0,95,803.5,117,801.5
i2409,DCE,13:40:08.671#,803.5,809.5,793.5,889.0,713.0,218193,311094.0,799.0,351,799.5,198,800.0,522,800.5,518,801.0,82,801.5,275,802.0,266,802.5,144,803.0,95,803.5,117,801.0
i2409,DCE,13:40:08.996#,803.5,809.5,793.5,889.0,713.0,218193,311094.0,799.0,351,799.5,198,800.0,522,800.5,503,801.0,72,801.5,295,802.0,273,802.5,144,803.0,95,803.5,117,801.0
i2409,DCE,13:40:09.273#,803.5,809.5,793.5,889.0,713.0,218193,311094.0,799.0,351,799.5,198,800.0,522,800.5,471,801.0,40,801.5,295,802.0,273,802.5,144,803.0,95,803.5,117,801.0
i2409,DCE,13:40:09.525#,803.5,809.5,793.5,889.0,713.0,218194,311095.0,799.0,351,799.5,198,800.0,693,800.5,471,801.0,40,801.5,296,802.0,169,802.5,144,803.0,95,803.5,117,801.5
i2409,DCE,13:40:09.714#,803.5,809.5,793.5,889.0,713.0,218194,311095.0,799.0,351,799.5,198,800.0,692,800.5,471,801.0,37,801.5,294,802.0,287,802.5,144,803.0,95,803.5,117,801.5
i2409,DCE,13:40:10.18#,803.5,809.5,793.5,889.0,713.0,218194,311095.0,799.0,351,799.5,198,800.0,694,800.5,476,801.0,29,801.5,295,802.0,169,802.5,144,803.0,95,803.5,117,801.5
i2409,DCE,13:40:10.253#,803.5,809.5,793.5,889.0,713.0,218194,311095.0,799.0,351,799.5,198,800.0,694,800.5,468,801.0,23,801.5,302,802.0,170,802.5,144,803.0,95,803.5,117,801.5
i2409,DCE,13:40:10.451#,803.5,809.5,793.5,889.0,713.0,218194,311095.0,799.0,351,799.5,198,800.0,694,800.5,467,801.0,23,801.5,312,802.0,173,802.5,144,803.0,95,803.5,117,801.5
i2409,DCE,13:40:10.811#,803.5,809.5,793.5,889.0,713.0,218194,311095.0,799.0,351,799.5,198,800.0,690,800.5,467,801.0,14,801.5,318,802.0,173,802.5,144,803.0,95,803.5,117,801.5
i2409,DCE,13:40:11.67#,803.5,809.5,793.5,889.0,713.0,218194,311095.0,799.0,351,799.5,198,800.0,686,800.5,466,801.0,14,801.5,320,802.0,173,802.5,144,803.0,95,803.5,117,801.5
i2409,DCE,13:40:11.240#,803.5,809.5,793.5,889.0,713.0,218197,311098.0,799.0,351,799.5,198,800.0,686,800.5,466,801.0,14,801.5,314,802.0,174,802.5,144,803.0,95,803.5,117,801.5
i2409,DCE,13:40:11.564#,803.5,809.5,793.5,889.0,713.0,218200,311100.0,799.0,351,799.5,198,800.0,683,800.5,466,801.0,15,801.5,311,802.0,174,802.5,144,803.0,95,803.5,117,801.5
i2409,DCE,13:40:11.727#,803.5,809.5,793.5,889.0,713.0,218200,311100.0,799.0,351,799.5,198,800.0,683,800.5,465,801.0,15,801.5,311,802.0,174,802.5,144,803.0,95,803.5,117,801.5
i2409,DCE,13:40:12.7#,803.5,809.5,793.5,889.0,713.0,218204,311104.0,799.0,351,799.5,198,800.0,686,800.5,465,801.0,16,801.5,300,802.0,174,802.5,144,803.0,95,803.5,117,801.5
i2409,DCE,13:40:12.295#,803.5,809.5,793.5,889.0,713.0,218208,311108.0,799.0,351,799.5,198,800.0,686,800.5,468,801.0,25,801.5,288,802.0,291,802.5,144,803.0,95,803.5,117,801.5
i2409,DCE,13:40:12.540#,803.5,809.5,793.5,889.0,713.0,218208,311108.0,799.0,351,799.5,198,800.0,690,800.5,457,801.0,38,801.5,288,802.0,290,802.5,144,803.0,95,803.5,117,801.5
i2409,DCE,13:40:12.719#,803.5,809.5,793.5,889.0,713.0,218209,311109.0,799.0,351,799.5,198,800.0,525,800.5,463,801.0,42,801.5,287,802.0,290,802.5,144,803.0,95,803.5,117,801.5
i2409,DCE,13:40:13.58#,803.5,809.5,793.5,889.0,713.0,218209,311109.0,799.0,351,799.5,198,800.0,666,800.5,465,801.0,54,801.5,290,802.0,175,802.5,144,803.0,95,803.5,117,801.5
i2409,DCE,13:40:13.244#,803.5,809.5,793.5,889.0,713.0,218209,311109.0,799.0,351,799.5,198,800.0,664,800.5,466,801.0,56,801.5,314,802.0,174,802.5,143,803.0,95,803.5,117,801.5
i2409,DCE,13:40:13.532#,803.5,809.5,793.5,889.0,713.0,218209,311109.0,799.0,351,799.5,198,800.0,664,800.5,465,801.0,60,801.5,313,802.0,174,802.5,143,803.0,95,803.5,117,801.5
i2409,DCE,13:40:13.772#,803.5,809.5,793.5,889.0,713.0,218209,311109.0,799.0,351,799.5,198,800.0,664,800.5,465,801.0,67,801.5,303,802.0,174,802.5,143,803.0,95,803.5,117,801.5
i2409,DCE,13:40:14.31#,803.5,809.5,793.5,889.0,713.0,218209,311109.0,799.0,351,799.5,198,800.0,664,800.5,466,801.0,72,801.5,298,802.0,174,802.5,143,803.0,95,803.5,117,801.5
i2409,DCE,13:40:14.256#,803.5,809.5,793.5,889.0,713.0,218210,311110.0,799.0,351,799.5,198,800.0,664,800.5,466,801.0,72,801.5,297,802.0,174,802.5,143,803.0,95,803.5,117,801.5
i2409,DCE,13:40:14.491#,803.5,809.5,793.5,889.0,713.0,218210,311110.0,799.0,351,799.5,198,800.0,664,800.5,466,801.0,73,801.5,297,802.0,174,802.5,143,803.0,95,803.5,117,801.5
i2409,DCE,13:40:14.776#,803.5,809.5,793.5,889.0,713.0,218211,311110.0,799.0,351,799.5,198,800.0,665,800.5,466,801.0,79,801.5,297,802.0,174,802.5,143,803.0,95,803.5,117,801.0
i2409,DCE,13:40:14.971#,803.5,809.5,793.5,889.0,713.0,218211,311110.0,799.0,351,799.5,198,800.0,665,800.5,466,801.0,81,801.5,300,802.0,174,802.5,143,803.0,95,803.5,117,801.0
i2409,DCE,13:40:15.315#,803.5,809.5,793.5,889.0,713.0,218211,311110.0,799.0,351,799.5,198,800.0,641,800.5,466,801.0,81,801.5,299,802.0,174,802.5,143,803.0,95,803.5,117,801.0
i2409,DCE,13:40:15.475#,803.5,809.5,793.5,889.0,713.0,218211,311110.0,799.0,351,799.5,198,800.0,641,800.5,468,801.0,107,801.5,300,802.0,174,802.5,143,803.0,95,803.5,117,801.0
i2409,DCE,13:40:15.775#,803.5,809.5,793.5,889.0,713.0,218217,311115.0,799.0,351,799.5,198,800.0,641,800.5,468,801.0,110,801.5,295,802.0,165,802.5,143,803.0,95,803.5,117,801.5
i2409,DCE,13:40:16.7#,803.5,809.5,793.5,889.0,713.0,218217,311115.0,799.0,351,799.5,198,800.0,641,800.5,480,801.0,111,801.5,295,802.0,165,802.5,143,803.0,95,803.5,116,801.5
i2409,DCE,13:40:16.267#,803.5,809.5,793.5,889.0,713.0,218217,311115.0,799.0,351,799.5,198,800.0,501,800.5,535,801.0,111,801.5,284,802.0,293,802.5,144,803.0,95,803.5,115,801.5
i2409,DCE,13:40:16.557#,803.5,809.5,793.5,889.0,713.0,218220,311116.0,799.0,351,799.5,198,800.0,501,800.5,556,801.0,114,801.5,281,802.0,276,802.5,341,803.0,95,803.5,115,801.5
i2409,DCE,13:40:16.802#,803.5,809.5,793.5,889.0,713.0,218220,311116.0,799.0,351,799.5,198,800.0,501,800.5,562,801.0,121,801.5,280,802.0,269,802.5,325,803.0,95,803.5,115,801.5
i2409,DCE,13:40:17.41#,803.5,809.5,793.5,889.0,713.0,218220,311116.0,799.0,351,799.5,198,800.0,501,800.5,558,801.0,121,801.5,280,802.0,269,802.5,339,803.0,95,803.5,115,801.5
i2409,DCE,13:40:17.305#,803.5,809.5,793.5,889.0,713.0,218221,311116.0,799.0,351,799.5,198,800.0,578,800.5,373,801.0,121,801.5,286,802.0,152,802.5,341,803.0,95,803.5,115,801.5
i2409,DCE,13:40:17.544#,803.5,809.5,793.5,889.0,713.0,218299,311163.0,799.0,351,799.5,198,800.0,582,800.5,354,801.0,168,801.5,312,802.0,152,802.5,341,803.0,95,803.5,115,801.0
i2409,DCE,13:40:17.792#,803.5,809.5,793.5,889.0,713.0,218301,311164.0,799.0,351,799.5,198,800.0,582,800.5,352,801.0,169,801.5,284,802.0,153,802.5,310,803.0,95,803.5,115,801.0
i2409,DCE,13:40:18.41#,803.5,809.5,793.5,889.0,713.0,218301,311164.0,799.0,351,799.5,198,800.0,501,800.5,378,801.0,173,801.5,280,802.0,280,802.5,342,803.0,95,803.5,115,801.0
i2409,DCE,13:40:18.292#,803.5,809.5,793.5,889.0,713.0,218301,311164.0,799.0,351,799.5,198,800.0,582,800.5,373,801.0,174,801.5,285,802.0,151,802.5,341,803.0,95,803.5,115,801.0
i2409,DCE,13:40:18.547#,803.5,809.5,793.5,889.0,713.0,218306,311164.0,799.0,351,799.5,198,800.0,501,800.5,360,801.0,174,801.5,275,802.0,279,802.5,341,803.0,95,803.5,115,801.5
i2409,DCE,13:40:18.793#,803.5,809.5,793.5,889.0,713.0,218306,311164.0,799.0,356,799.5,198,800.0,501,800.5,378,801.0,174,801.5,273,802.0,167,802.5,342,803.0,95,803.5,115,801.5
i2409,DCE,13:40:19.47#,803.5,809.5,793.5,889.0,713.0,218307,311164.0,799.0,356,799.5,198,800.0,501,800.5,367,801.0,258,801.5,269,802.0,150,802.5,437,803.0,95,803.5,115,801.5
i2409,DCE,13:40:19.291#,803.5,809.5,793.5,889.0,713.0,218307,311164.0,799.0,356,799.5,198,800.0,501,800.5,292,801.0,286,801.5,269,802.0,149,802.5,432,803.0,95,803.5,115,801.5
i2409,DCE,13:40:19.566#,803.5,809.5,793.5,889.0,713.0,218307,311164.0,799.0,356,799.5,198,800.0,502,800.5,292,801.0,317,801.5,269,802.0,149,802.5,396,803.0,95,803.5,115,801.5
i2409,DCE,13:40:19.791#,803.5,809.5,793.5,889.0,713.0,218344,311193.0,799.0,356,799.5,198,800.0,497,800.5,290,801.0,320,801.5,232,802.0,149,802.5,364,803.0,95,803.5,115,801.5
i2409,DCE,13:40:20.41#,803.5,809.5,793.5,889.0,713.0,218576,311105.0,799.5,198,800.0,495,800.5,292,801.0,353,801.5,114,802.0,140,802.5,310,803.0,107,803.5,115,804.0,165,801.5
i2409,DCE,13:40:20.297#,803.5,809.5,793.5,889.0,713.0,218592,311098.0,799.5,199,800.0,496,800.5,290,801.0,383,801.5,118,802.0,98,802.5,240,803.0,104,803.5,115,804.0,167,801.5
i2409,DCE,13:40:20.546#,803.5,809.5,793.5,889.0,713.0,218597,311102.0,799.5,199,800.0,496,800.5,290,801.0,389,801.5,128,802.0,87,802.5,225,803.0,235,803.5,115,804.0,167,802.0
i2409,DCE,13:40:20.803#,803.5,809.5,793.5,889.0,713.0,218605,311096.0,799.5,199,800.0,497,800.5,285,801.0,399,801.5,126,802.0,85,802.5,223,803.0,245,803.5,115,804.0,169,802.0
i2409,DCE,13:40:21.41#,803.5,809.5,793.5,889.0,713.0,218605,311096.0,799.5,199,800.0,496,800.5,285,801.0,400,801.5,126,802.0,86,802.5,223,803.0,246,803.5,115,804.0,169,802.0
i2409,DCE,13:40:21.309#,803.5,809.5,793.5,889.0,713.0,218605,311096.0,799.5,199,800.0,497,800.5,285,801.0,400,801.5,127,802.0,88,802.5,224,803.0,247,803.5,115,804.0,169,802.0
i2409,DCE,13:40:21.567#,803.5,809.5,793.5,889.0,713.0,218607,311094.0,799.5,199,800.0,497,800.5,275,801.0,401,801.5,128,802.0,88,802.5,224,803.0,247,803.5,115,804.0,169,802.0
i2409,DCE,13:40:21.791#,803.5,809.5,793.5,889.0,713.0,218617,311084.0,799.5,199,800.0,497,800.5,275,801.0,402,801.5,129,802.0,81,802.5,224,803.0,247,803.5,115,804.0,169,802.0
i2409,DCE,13:40:22.42#,803.5,809.5,793.5,889.0,713.0,218617,311084.0,799.5,199,800.0,497,800.5,276,801.0,403,801.5,130,802.0,80,802.5,225,803.0,247,803.5,115,804.0,169,802.0
i2409,DCE,13:40:22.321#,803.5,809.5,793.5,889.0,713.0,218617,311084.0,799.5,199,800.0,496,800.5,276,801.0,403,801.5,130,802.0,82,802.5,225,803.0,247,803.5,115,804.0,169,802.0
i2409,DCE,13:40:22.557#,803.5,809.5,793.5,889.0,713.0,218617,311084.0,799.5,199,800.0,496,800.5,276,801.0,396,801.5,130,802.0,67,802.5,226,803.0,247,803.5,115,804.0,169,802.0
i2409,DCE,13:40:22.819#,803.5,809.5,793.5,889.0,713.0,218617,311084.0,799.5,199,800.0,496,800.5,275,801.0,405,801.5,130,802.0,67,802.5,226,803.0,247,803.5,115,804.0,169,802.0
i2409,DCE,13:40:23.43#,803.5,809.5,793.5,889.0,713.0,218617,311084.0,799.5,199,800.0,496,800.5,275,801.0,406,801.5,130,802.0,67,802.5,234,803.0,247,803.5,115,804.0,169,802.0
i2409,DCE,13:40:23.294#,803.5,809.5,793.5,889.0,713.0,218617,311084.0,799.5,199,800.0,496,800.5,275,801.0,404,801.5,132,802.0,67,802.5,234,803.0,247,803.5,115,804.0,169,802.0
i2409,DCE,13:40:23.543#,803.5,809.5,793.5,889.0,713.0,218617,311084.0,799.5,199,800.0,496,800.5,275,801.0,404,801.5,132,802.0,68,802.5,239,803.0,263,803.5,115,804.0,169,802.0
i2409,DCE,13:40:23.792#,803.5,809.5,793.5,889.0,713.0,218623,311083.0,799.5,204,800.0,496,800.5,275,801.0,396,801.5,128,802.0,66,802.5,240,803.0,263,803.5,115,804.0,169,802.0
i2409,DCE,13:40:24.41#,803.5,809.5,793.5,889.0,713.0,218623,311083.0,799.5,205,800.0,496,800.5,275,801.0,401,801.5,126,802.0,66,802.5,240,803.0,279,803.5,115,804.0,169,802.0
i2409,DCE,13:40:24.306#,803.5,809.5,793.5,889.0,713.0,218623,311083.0,799.5,205,800.0,496,800.5,275,801.0,369,801.5,126,802.0,69,802.5,253,803.0,279,803.5,115,804.0,170,802.0
i2409,DCE,13:40:24.568#,803.5,809.5,793.5,889.0,713.0,218623,311083.0,799.5,205,800.0,496,800.5,275,801.0,350,801.5,116,802.0,84,802.5,259,803.0,278,803.5,115,804.0,170,802.0
i2409,DCE,13:40:24.619#,803.5,809.5,793.5,889.0,713.0,218623,311083.0,799.5,205,800.0,496,800.5,275,801.0,346,801.5,108,802.0,88,802.5,264,803.0,113,803.5,115,804.0,170,802.0
i2409,DCE,13:40:24.996#,803.5,809.5,793.5,889.0,713.0,218623,311083.0,799.5,205,800.0,496,800.5,280,801.0,337,801.5,94,802.0,89,802.5,264,803.0,114,803.5,115,804.0,170,802.0
i2409,DCE,13:40:25.283#,803.5,809.5,793.5,889.0,713.0,218623,311083.0,799.5,205,800.0,496,800.5,280,801.0,337,801.5,92,802.0,92,802.5,262,803.0,130,803.5,115,804.0,170,802.0
i2409,DCE,13:40:25.515#,803.5,809.5,793.5,889.0,713.0,218623,311083.0,799.5,205,800.0,495,800.5,280,801.0,334,801.5,92,802.0,92,802.5,262,803.0,130,803.5,115,804.0,170,802.0
i2409,DCE,13:40:25.804#,803.5,809.5,793.5,889.0,713.0,218630,311084.0,799.5,205,800.0,495,800.5,279,801.0,334,801.5,92,802.0,86,802.5,262,803.0,130,803.5,115,804.0,170,802.0
i2409,DCE,13:40:26.60#,803.5,809.5,793.5,889.0,713.0,218630,311084.0,799.5,205,800.0,495,800.5,279,801.0,334,801.5,92,802.0,86,802.5,264,803.0,130,803.5,115,804.0,170,802.0
i2409,DCE,13:40:26.569#,803.5,809.5,793.5,889.0,713.0,218631,311084.0,799.5,205,800.0,495,800.5,279,801.0,334,801.5,93,802.0,85,802.5,263,803.0,131,803.5,115,804.0,170,802.0
i2409,DCE,13:40:26.628#,803.5,809.5,793.5,889.0,713.0,218631,311084.0,799.5,205,800.0,495,800.5,279,801.0,333,801.5,95,802.0,81,802.5,263,803.0,131,803.5,115,804.0,170,802.0
i2409,DCE,13:40:27.24#,803.5,809.5,793.5,889.0,713.0,218631,311084.0,799.5,205,800.0,495,800.5,279,801.0,344,801.5,95,802.0,81,802.5,262,803.0,131,803.5,115,804.0,170,802.0
i2409,DCE,13:40:27.77#,803.5,809.5,793.5,889.0,713.0,218631,311084.0,799.5,205,800.0,495,800.5,279,801.0,363,801.5,95,802.0,81,802.5,262,803.0,131,803.5,115,804.0,170,802.0
i2409,DCE,13:40:27.543#,803.5,809.5,793.5,889.0,713.0,218661,311087.0,799.5,205,800.0,496,800.5,279,801.0,368,801.5,95,802.0,48,802.5,256,803.0,310,803.5,116,804.0,170,802.0
i2409,DCE,13:40:27.802#,803.5,809.5,793.5,889.0,713.0,218661,311087.0,799.5,205,800.0,496,800.5,273,801.0,381,801.5,127,802.0,32,802.5,235,803.0,310,803.5,125,804.0,170,802.0
i2409,DCE,13:40:28.41#,803.5,809.5,793.5,889.0,713.0,218663,311086.0,799.5,205,800.0,496,800.5,273,801.0,399,801.5,127,802.0,23,802.5,221,803.0,302,803.5,128,804.0,170,802.0
i2409,DCE,13:40:28.295#,803.5,809.5,793.5,889.0,713.0,218668,311090.0,799.5,205,800.0,496,800.5,271,801.0,399,801.5,130,802.0,16,802.5,217,803.0,294,803.5,128,804.0,173,802.0
i2409,DCE,13:40:28.550#,803.5,809.5,793.5,889.0,713.0,218668,311090.0,799.5,205,800.0,496,800.5,271,801.0,401,801.5,135,802.0,16,802.5,217,803.0,294,803.5,128,804.0,173,802.0
i2409,DCE,13:40:28.807#,803.5,809.5,793.5,889.0,713.0,218670,311090.0,799.5,205,800.0,495,800.5,271,801.0,401,801.5,133,802.0,16,802.5,217,803.0,294,803.5,128,804.0,173,801.5
i2409,DCE,13:40:29.41#,803.5,809.5,793.5,889.0,713.0,218670,311090.0,799.5,205,800.0,495,800.5,271,801.0,403,801.5,133,802.0,17,802.5,217,803.0,294,803.5,128,804.0,173,801.5
i2409,DCE,13:40:29.316#,803.5,809.5,793.5,889.0,713.0,218687,311096.0,800.0,495,800.5,271,801.0,404,801.5,133,802.0,6,802.5,215,803.0,294,803.5,128,804.0,173,804.5,123,802.0
i2409,DCE,13:40:29.544#,803.5,809.5,793.5,889.0,713.0,218687,311096.0,800.0,496,800.5,271,801.0,447,801.5,132,802.0,5,802.5,196,803.0,288,803.5,128,804.0,173,804.5,125,802.0
i2409,DCE,13:40:29.817#,803.5,809.5,793.5,889.0,713.0,218695,311100.0,799.5,204,800.0,496,800.5,271,801.0,448,801.5,129,802.5,198,803.0,288,803.5,128,804.0,173,804.5,125,802.0
i2409,DCE,13:40:30.42#,803.5,809.5,793.5,889.0,713.0,218695,311100.0,800.0,495,800.5,271,801.0,430,801.5,128,802.0,10,802.5,199,803.0,286,803.5,128,804.0,173,804.5,125,802.0
i2409,DCE,13:40:30.292#,803.5,809.5,793.5,889.0,713.0,218696,311101.0,800.0,498,800.5,271,801.0,447,801.5,129,802.0,13,802.5,197,803.0,289,803.5,128,804.0,173,804.5,125,802.0
i2409,DCE,13:40:30.544#,803.5,809.5,793.5,889.0,713.0,218697,311101.0,800.0,498,800.5,270,801.0,448,801.5,129,802.0,12,802.5,193,803.0,272,803.5,128,804.0,173,804.5,125,802.0
i2409,DCE,13:40:30.805#,803.5,809.5,793.5,889.0,713.0,218697,311101.0,800.0,498,800.5,270,801.0,433,801.5,130,802.0,12,802.5,193,803.0,255,803.5,128,804.0,173,804.5,125,802.0
i2409,DCE,13:40:31.42#,803.5,809.5,793.5,889.0,713.0,218697,311101.0,800.0,498,800.5,270,801.0,425,801.5,130,802.0,12,802.5,193,803.0,255,803.5,128,804.0,173,804.5,125,802.0
i2409,DCE,13:40:31.292#,803.5,809.5,793.5,889.0,713.0,218701,311105.0,800.0,498,800.5,270,801.0,425,801.5,130,802.0,8,802.5,190,803.0,239,803.5,128,804.0,173,804.5,125,802.0
i2409,DCE,13:40:31.571#,803.5,809.5,793.5,889.0,713.0,218702,311105.0,800.0,498,800.5,270,801.0,428,801.5,130,802.0,9,802.5,189,803.0,220,803.5,128,804.0,173,804.5,125,802.5
i2409,DCE,13:40:31.818#,803.5,809.5,793.5,889.0,713.0,218706,311108.0,800.0,498,800.5,270,801.0,425,801.5,131,802.0,6,802.5,189,803.0,195,803.5,128,804.0,173,804.5,125,802.5
i2409,DCE,13:40:31.854#,803.5,809.5,793.5,889.0,713.0,218706,311108.0,800.0,498,800.5,270,801.0,458,801.5,131,802.0,6,802.5,187,803.0,161,803.5,128,804.0,173,804.5,125,802.5
i2409,DCE,13:40:32.292#,803.5,809.5,793.5,889.0,713.0,218706,311108.0,800.0,498,800.5,270,801.0,482,801.5,131,802.0,6,802.5,187,803.0,155,803.5,128,804.0,173,804.5,125,802.5
i2409,DCE,13:40:32.545#,803.5,809.5,793.5,889.0,713.0,218707,311109.0,800.0,498,800.5,270,801.0,391,801.5,131,802.0,5,802.5,187,803.0,155,803.5,128,804.0,173,804.5,125,802.0
i2409,DCE,13:40:32.793#,803.5,809.5,793.5,889.0,713.0,218708,311110.0,800.0,498,800.5,270,801.0,409,801.5,264,802.0,4,802.5,207,803.0,155,803.5,128,804.0,173,804.5,125,802.0
i2409,DCE,13:40:33.41#,803.5,809.5,793.5,889.0,713.0,218712,311109.0,799.5,202,800.0,498,800.5,270,801.0,408,801.5,267,802.0,1,802.5,207,803.0,155,803.5,128,804.0,173,802.0
i2409,DCE,13:40:33.310#,803.5,809.5,793.5,889.0,713.0,218723,311107.0,799.5,204,800.0,497,800.5,270,801.0,423,801.5,265,802.5,232,803.0,146,803.5,128,804.0,174,804.5,124,802.0
i2409,DCE,13:40:33.560#,803.5,809.5,793.5,889.0,713.0,218723,311107.0,799.5,204,800.0,497,800.5,270,801.0,430,801.5,268,802.0,6,802.5,219,803.0,156,803.5,128,804.0,175,802.0
i2409,DCE,13:40:33.808#,803.5,809.5,793.5,889.0,713.0,218723,311107.0,799.5,204,800.0,497,800.5,270,801.0,415,801.5,264,802.0,24,802.5,236,803.0,155,803.5,128,804.0,176,802.0
i2409,DCE,13:40:34.44#,803.5,809.5,793.5,889.0,713.0,218724,311107.0,799.5,204,800.0,497,800.5,270,801.0,404,801.5,267,802.0,36,802.5,227,803.0,162,803.5,128,804.0,176,802.0
i2409,DCE,13:40:34.302#,803.5,809.5,793.5,889.0,713.0,218724,311107.0,799.5,204,800.0,497,800.5,259,801.0,389,801.5,267,802.0,39,802.5,231,803.0,162,803.5,128,804.0,176,802.0
i2409,DCE,13:40:34.542#,803.5,809.5,793.5,889.0,713.0,218724,311107.0,799.5,204,800.0,497,800.5,259,801.0,389,801.5,275,802.0,39,802.5,241,803.0,170,803.5,128,804.0,176,802.0
i2409,DCE,13:40:34.792#,803.5,809.5,793.5,889.0,713.0,218724,311107.0,799.5,204,800.0,498,800.5,259,801.0,405,801.5,275,802.0,39,802.5,240,803.0,170,803.5,128,804.0,176,802.0
i2409,DCE,13:40:35.44#,803.5,809.5,793.5,889.0,713.0,218724,311107.0,799.5,204,800.0,499,800.5,259,801.0,394,801.5,275,802.0,38,802.5,230,803.0,170,803.5,128,804.0,176,802.0
i2409,DCE,13:40:35.321#,803.5,809.5,793.5,889.0,713.0,218724,311107.0,799.5,205,800.0,499,800.5,259,801.0,377,801.5,275,802.0,35,802.5,230,803.0,163,803.5,128,804.0,176,802.0
i2409,DCE,13:40:35.569#,803.5,809.5,793.5,889.0,713.0,218724,311107.0,799.5,205,800.0,499,800.5,249,801.0,378,801.5,277,802.0,26,802.5,230,803.0,163,803.5,128,804.0,176,802.0
i2409,DCE,13:40:35.792#,803.5,809.5,793.5,889.0,713.0,218724,311107.0,799.5,205,800.0,499,800.5,250,801.0,394,801.5,277,802.0,18,802.5,230,803.0,163,803.5,128,804.0,176,802.0
i2409,DCE,13:40:36.42#,803.5,809.5,793.5,889.0,713.0,218725,311107.0,799.5,205,800.0,499,800.5,250,801.0,394,801.5,280,802.0,16,802.5,229,803.0,163,803.5,128,804.0,176,801.5
i2409,DCE,13:40:36.291#,803.5,809.5,793.5,889.0,713.0,218727,311106.0,799.5,205,800.0,499,800.5,249,801.0,395,801.5,280,802.0,14,802.5,221,803.0,147,803.5,128,804.0,176,802.0
i2409,DCE,13:40:36.569#,803.5,809.5,793.5,889.0,713.0,218730,311104.0,799.5,205,800.0,499,800.5,249,801.0,395,801.5,282,802.0,11,802.5,220,803.0,147,803.5,128,804.0,176,802.0
i2409,DCE,13:40:36.791#,803.5,809.5,793.5,889.0,713.0,218742,311105.0,800.0,499,800.5,248,801.0,411,801.5,282,802.0,1,802.5,220,803.0,147,803.5,128,804.0,176,804.5,123,802.0
i2409,DCE,13:40:37.62#,803.5,809.5,793.5,889.0,713.0,218742,311105.0,800.0,500,800.5,247,801.0,412,801.5,285,802.0,10,802.5,208,803.0,157,803.5,128,804.0,175,804.5,125,802.0
i2409,DCE,13:40:37.292#,803.5,809.5,793.5,889.0,713.0,218742,311105.0,800.0,500,800.5,247,801.0,420,801.5,284,802.0,11,802.5,207,803.0,156,803.5,128,804.0,175,804.5,125,802.0
i2409,DCE,13:40:37.560#,803.5,809.5,793.5,889.0,713.0,218742,311105.0,800.0,500,800.5,247,801.0,420,801.5,281,802.0,12,802.5,206,803.0,156,803.5,128,804.0,175,804.5,125,802.0
i2409,DCE,13:40:37.792#,803.5,809.5,793.5,889.0,713.0,218742,311105.0,800.0,500,800.5,247,801.0,420,801.5,281,802.0,13,802.5,206,803.0,156,803.5,128,804.0,175,804.5,125,802.0
i2409,DCE,13:40:38.42#,803.5,809.5,793.5,889.0,713.0,218742,311105.0,800.0,500,800.5,247,801.0,420,801.5,281,802.0,13,802.5,206,803.0,156,803.5,138,804.0,175,804.5,125,802.0
i2409,DCE,13:40:38.316#,803.5,809.5,793.5,889.0,713.0,218742,311105.0,800.0,500,800.5,248,801.0,540,801.5,281,802.0,13,802.5,206,803.0,156,803.5,138,804.0,175,804.5,125,802.0
i2409,DCE,13:40:38.546#,803.5,809.5,793.5,889.0,713.0,218742,311105.0,800.0,500,800.5,248,801.0,542,801.5,281,802.0,13,802.5,204,803.0,156,803.5,139,804.0,174,804.5,125,802.0
i2409,DCE,13:40:38.791#,803.5,809.5,793.5,889.0,713.0,218742,311105.0,800.0,500,800.5,248,801.0,544,801.5,281,802.0,15,802.5,202,803.0,156,803.5,139,804.0,174,804.5,125,802.0
i2409,DCE,13:40:39.42#,803.5,809.5,793.5,889.0,713.0,218742,311105.0,800.0,500,800.5,248,801.0,545,801.5,281,802.0,18,802.5,200,803.0,156,803.5,139,804.0,174,804.5,125,802.0
i2409,DCE,13:40:39.310#,803.5,809.5,793.5,889.0,713.0,218742,311105.0,800.0,500,800.5,248,801.0,545,801.5,281,802.0,40,802.5,200,803.0,156,803.5,139,804.0,174,804.5,125,802.0
i2409,DCE,13:40:39.423#,803.5,809.5,793.5,889.0,713.0,218743,311105.0,800.0,500,800.5,248,801.0,341,801.5,302,802.0,55,802.5,184,803.0,154,803.5,139,804.0,174,804.5,125,802.0
i2409,DCE,13:40:39.758#,803.5,809.5,793.5,889.0,713.0,218743,311105.0,800.0,500,800.5,248,801.0,348,801.5,337,802.0,58,802.5,160,803.0,145,803.5,139,804.0,174,804.5,125,802.0
i2409,DCE,13:40:40.49#,803.5,809.5,793.5,889.0,713.0,218743,311105.0,800.0,500,800.5,248,801.0,224,801.5,391,802.0,67,802.5,136,803.0,214,803.5,141,804.0,174,804.5,125,802.0
i2409,DCE,13:40:40.310#,803.5,809.5,793.5,889.0,713.0,218743,311105.0,800.0,500,800.5,248,801.0,224,801.5,375,802.0,71,802.5,135,803.0,210,803.5,141,804.0,174,804.5,125,802.0
i2409,DCE,13:40:40.533#,803.5,809.5,793.5,889.0,713.0,218744,311106.0,800.0,500,800.5,249,801.0,221,801.5,349,802.0,74,802.5,135,803.0,214,803.5,141,804.0,174,804.5,125,802.0
i2409,DCE,13:40:40.649#,803.5,809.5,793.5,889.0,713.0,218744,311106.0,800.0,500,800.5,249,801.0,354,801.5,344,802.0,77,802.5,135,803.0,221,803.5,141,804.0,174,804.5,125,802.0
i2409,DCE,13:40:41.56#,803.5,809.5,793.5,889.0,713.0,218744,311106.0,800.0,500,800.5,250,801.0,220,801.5,342,802.0,77,802.5,135,803.0,229,803.5,141,804.0,174,804.5,125,802.0
i2409,DCE,13:40:41.224#,803.5,809.5,793.5,889.0,713.0,218749,311109.0,800.0,500,800.5,250,801.0,220,801.5,344,802.0,72,802.5,135,803.0,226,803.5,141,804.0,174,804.5,125,802.0
i2409,DCE,13:40:41.571#,803.5,809.5,793.5,889.0,713.0,218750,311109.0,800.0,500,800.5,250,801.0,220,801.5,341,802.0,69,802.5,148,803.0,227,803.5,141,804.0,174,804.5,125,802.5
i2409,DCE,13:40:41.677#,803.5,809.5,793.5,889.0,713.0,218751,311108.0,800.0,500,800.5,250,801.0,220,801.5,341,802.0,55,802.5,151,803.0,227,803.5,141,804.0,174,804.5,125,802.5
i2409,DCE,13:40:41.898#,803.5,809.5,793.5,889.0,713.0,218751,311108.0,800.0,500,800.5,241,801.0,220,801.5,341,802.0,47,802.5,151,803.0,228,803.5,141,804.0,174,804.5,125,802.5
i2409,DCE,13:40:42.282#,803.5,809.5,793.5,889.0,713.0,218752,311108.0,800.0,500,800.5,241,801.0,221,801.5,341,802.0,47,802.5,153,803.0,237,803.5,141,804.0,174,804.5,125,802.0
i2409,DCE,13:40:42.454#,803.5,809.5,793.5,889.0,713.0,218752,311108.0,800.0,500,800.5,241,801.0,221,801.5,331,802.0,47,802.5,153,803.0,237,803.5,141,804.0,174,804.5,125,802.0
i2409,DCE,13:40:42.808#,803.5,809.5,793.5,889.0,713.0,218752,311108.0,800.0,500,800.5,241,801.0,221,801.5,330,802.0,49,802.5,153,803.0,235,803.5,141,804.0,174,804.5,125,802.0
i2409,DCE,13:40:42.983#,803.5,809.5,793.5,889.0,713.0,218752,311108.0,800.0,500,800.5,241,801.0,221,801.5,333,802.0,49,802.5,153,803.0,235,803.5,141,804.0,174,804.5,125,802.0
i2409,DCE,13:40:43.253#,803.5,809.5,793.5,889.0,713.0,218752,311108.0,800.0,500,800.5,241,801.0,221,801.5,334,802.0,49,802.5,154,803.0,235,803.5,141,804.0,174,804.5,125,802.0
i2409,DCE,13:40:43.482#,803.5,809.5,793.5,889.0,713.0,218753,311108.0,800.0,500,800.5,241,801.0,221,801.5,333,802.0,49,802.5,157,803.0,235,803.5,142,804.0,174,804.5,125,802.0
i2409,DCE,13:40:43.640#,803.5,809.5,793.5,889.0,713.0,218753,311108.0,800.0,500,800.5,241,801.0,221,801.5,333,802.0,49,802.5,135,803.0,235,803.5,142,804.0,174,804.5,130,802.0
i2409,DCE,13:40:44.11#,803.5,809.5,793.5,889.0,713.0,218753,311108.0,800.0,500,800.5,241,801.0,221,801.5,333,802.0,49,802.5,138,803.0,223,803.5,142,804.0,174,804.5,130,802.0
i2409,DCE,13:40:44.219#,803.5,809.5,793.5,889.0,713.0,218753,311108.0,800.0,500,800.5,236,801.0,221,801.5,347,802.0,51,802.5,138,803.0,227,803.5,142,804.0,174,804.5,130,802.0
i2409,DCE,13:40:44.454#,803.5,809.5,793.5,889.0,713.0,218753,311108.0,800.0,500,800.5,236,801.0,227,801.5,349,802.0,51,802.5,138,803.0,227,803.5,142,804.0,174,804.5,130,802.0
i2409,DCE,13:40:44.576#,803.5,809.5,793.5,889.0,713.0,218753,311108.0,800.0,500,800.5,236,801.0,227,801.5,349,802.0,55,802.5,138,803.0,227,803.5,142,804.0,174,804.5,130,802.0
i2409,DCE,13:40:44.888#,803.5,809.5,793.5,889.0,713.0,218753,311108.0,800.0,500,800.5,236,801.0,227,801.5,351,802.0,55,802.5,138,803.0,227,803.5,142,804.0,174,804.5,130,802.0
i2409,DCE,13:40:45.184#,803.5,809.5,793.5,889.0,713.0,218758,311112.0,800.0,500,800.5,236,801.0,227,801.5,352,802.0,57,802.5,134,803.0,227,803.5,142,804.0,174,804.5,130,802.5
i2409,DCE,13:40:45.547#,803.5,809.5,793.5,889.0,713.0,218758,311112.0,800.0,499,800.5,236,801.0,227,801.5,357,802.0,60,802.5,132,803.0,223,803.5,142,804.0,174,804.5,130,802.5
i2409,DCE,13:40:45.817#,803.5,809.5,793.5,889.0,713.0,218759,311112.0,800.0,498,800.5,236,801.0,227,801.5,366,802.0,60,802.5,126,803.0,219,803.5,142,804.0,174,804.5,130,802.0
i2409,DCE,13:40:45.989#,803.5,809.5,793.5,889.0,713.0,218759,311112.0,800.0,498,800.5,234,801.0,226,801.5,385,802.0,60,802.5,126,803.0,219,803.5,142,804.0,174,804.5,130,802.0
i2409,DCE,13:40:46.294#,803.5,809.5,793.5,889.0,713.0,218760,311113.0,800.0,498,800.5,234,801.0,225,801.5,386,802.0,60,802.5,122,803.0,213,803.5,142,804.0,174,804.5,130,802.5
i2409,DCE,13:40:46.553#,803.5,809.5,793.5,889.0,713.0,218761,311113.0,800.0,497,800.5,233,801.0,225,801.5,393,802.0,62,802.5,118,803.0,198,803.5,142,804.0,174,804.5,130,802.5
i2409,DCE,13:40:46.787#,803.5,809.5,793.5,889.0,713.0,218761,311113.0,800.0,497,800.5,234,801.0,225,801.5,401,802.0,79,802.5,113,803.0,184,803.5,142,804.0,174,804.5,130,802.5
i2409,DCE,13:40:47.57#,803.5,809.5,793.5,889.0,713.0,218761,311113.0,800.0,497,800.5,234,801.0,225,801.5,404,802.0,122,802.5,113,803.0,172,803.5,141,804.0,174,804.5,130,802.5
i2409,DCE,13:40:47.312#,803.5,809.5,793.5,889.0,713.0,218761,311113.0,800.0,497,800.5,234,801.0,225,801.5,345,802.0,127,802.5,106,803.0,163,803.5,328,804.0,174,804.5,130,802.5
i2409,DCE,13:40:47.568#,803.5,809.5,793.5,889.0,713.0,218761,311113.0,800.0,497,800.5,234,801.0,226,801.5,352,802.0,152,802.5,99,803.0,160,803.5,266,804.0,176,804.5,130,802.5
i2409,DCE,13:40:47.820#,803.5,809.5,793.5,889.0,713.0,218761,311113.0,800.0,497,800.5,234,801.0,221,801.5,356,802.0,152,802.5,99,803.0,160,803.5,265,804.0,176,804.5,130,802.5
i2409,DCE,13:40:48.13#,803.5,809.5,793.5,889.0,713.0,218761,311113.0,800.0,500,800.5,234,801.0,220,801.5,357,802.0,152,802.5,101,803.0,161,803.5,233,804.0,176,804.5,130,802.5
i2409,DCE,13:40:48.292#,803.5,809.5,793.5,889.0,713.0,218761,311113.0,800.0,500,800.5,234,801.0,220,801.5,357,802.0,152,802.5,101,803.0,163,803.5,209,804.0,176,804.5,130,802.5
i2409,DCE,13:40:48.543#,803.5,809.5,793.5,889.0,713.0,218761,311113.0,800.0,500,800.5,234,801.0,220,801.5,357,802.0,153,802.5,101,803.0,156,803.5,203,804.0,176,804.5,130,802.5
i2409,DCE,13:40:48.792#,803.5,809.5,793.5,889.0,713.0,218761,311113.0,800.0,500,800.5,234,801.0,220,801.5,359,802.0,153,802.5,102,803.0,156,803.5,202,804.0,176,804.5,130,802.5
i2409,DCE,13:40:49.42#,803.5,809.5,793.5,889.0,713.0,218761,311113.0,800.0,500,800.5,234,801.0,220,801.5,359,802.0,152,802.5,102,803.0,156,803.5,202,804.0,176,804.5,130,802.5
i2409,DCE,13:40:49.292#,803.5,809.5,793.5,889.0,713.0,218763,311115.0,800.0,500,800.5,234,801.0,220,801.5,359,802.0,153,802.5,100,803.0,156,803.5,203,804.0,176,804.5,130,802.5
i2409,DCE,13:40:49.543#,803.5,809.5,793.5,889.0,713.0,218763,311115.0,800.0,500,800.5,234,801.0,220,801.5,229,802.0,283,802.5,100,803.0,156,803.5,203,804.0,176,804.5,130,802.5
i2409,DCE,13:40:49.792#,803.5,809.5,793.5,889.0,713.0,218769,311121.0,800.0,497,800.5,234,801.0,221,801.5,236,802.0,280,802.5,99,803.0,157,803.5,195,804.0,176,804.5,130,802.0
i2409,DCE,13:40:50.50#,803.5,809.5,793.5,889.0,713.0,218769,311121.0,800.0,497,800.5,234,801.0,222,801.5,236,802.0,280,802.5,99,803.0,157,803.5,194,804.0,176,804.5,130,802.0
i2409,DCE,13:40:50.292#,803.5,809.5,793.5,889.0,713.0,218769,311121.0,800.0,497,800.5,234,801.0,222,801.5,236,802.0,281,802.5,99,803.0,157,803.5,194,804.0,176,804.5,130,802.0
i2409,DCE,13:40:50.552#,803.5,809.5,793.5,889.0,713.0,218770,311121.0,800.0,497,800.5,234,801.0,222,801.5,236,802.0,281,802.5,98,803.0,157,803.5,194,804.0,176,804.5,130,802.5
i2409,DCE,13:40:50.792#,803.5,809.5,793.5,889.0,713.0,218770,311121.0,800.0,497,800.5,234,801.0,222,801.5,236,802.0,281,802.5,98,803.0,158,803.5,194,804.0,176,804.5,130,802.5
i2409,DCE,13:40:51.42#,803.5,809.5,793.5,889.0,713.0,218770,311121.0,800.0,497,800.5,234,801.0,222,801.5,237,802.0,281,802.5,98,803.0,158,803.5,194,804.0,176,804.5,130,802.5
i2409,DCE,13:40:51.291#,803.5,809.5,793.5,889.0,713.0,218771,311122.0,800.0,500,800.5,234,801.0,222,801.5,237,802.0,280,802.5,98,803.0,158,803.5,194,804.0,176,804.5,130,802.0
i2409,DCE,13:40:51.550#,803.5,809.5,793.5,889.0,713.0,218773,311121.0,800.0,500,800.5,234,801.0,222,801.5,237,802.0,280,802.5,96,803.0,158,803.5,194,804.0,176,804.5,130,802.5
i2409,DCE,13:40:51.791#,803.5,809.5,793.5,889.0,713.0,218773,311121.0,800.0,500,800.5,234,801.0,222,801.5,235,802.0,280,802.5,96,803.0,158,803.5,194,804.0,176,804.5,130,802.5
i2409,DCE,13:40:52.47#,803.5,809.5,793.5,889.0,713.0,218773,311121.0,800.0,503,800.5,234,801.0,222,801.5,235,802.0,280,802.5,97,803.0,168,803.5,194,804.0,176,804.5,130,802.5
i2409,DCE,13:40:52.292#,803.5,809.5,793.5,889.0,713.0,218773,311121.0,800.0,503,800.5,234,801.0,222,801.5,231,802.0,280,802.5,99,803.0,168,803.5,192,804.0,176,804.5,130,802.5
i2409,DCE,13:40:52.549#,803.5,809.5,793.5,889.0,713.0,218774,311121.0,800.0,503,800.5,234,801.0,222,801.5,231,802.0,256,802.5,98,803.0,171,803.5,192,804.0,176,804.5,130,802.5
i2409,DCE,13:40:52.792#,803.5,809.5,793.5,889.0,713.0,218774,311121.0,800.0,503,800.5,234,801.0,222,801.5,233,802.0,257,802.5,100,803.0,179,803.5,192,804.0,176,804.5,130,802.5
i2409,DCE,13:40:53.42#,803.5,809.5,793.5,889.0,713.0,218774,311121.0,800.0,503,800.5,234,801.0,222,801.5,234,802.0,260,802.5,100,803.0,179,803.5,192,804.0,176,804.5,130,802.5
i2409,DCE,13:40:53.564#,803.5,809.5,793.5,889.0,713.0,218774,311121.0,800.0,503,800.5,234,801.0,222,801.5,233,802.0,260,802.5,100,803.0,179,803.5,192,804.0,176,804.5,130,802.5
i2409,DCE,13:40:53.792#,803.5,809.5,793.5,889.0,713.0,218775,311122.0,800.0,503,800.5,234,801.0,222,801.5,233,802.0,259,802.5,100,803.0,179,803.5,192,804.0,176,804.5,130,802.0
i2409,DCE,13:40:54.42#,803.5,809.5,793.5,889.0,713.0,218775,311122.0,800.0,503,800.5,234,801.0,223,801.5,234,802.0,259,802.5,98,803.0,181,803.5,192,804.0,176,804.5,130,802.0
i2409,DCE,13:40:54.291#,803.5,809.5,793.5,889.0,713.0,218775,311122.0,800.0,503,800.5,234,801.0,223,801.5,234,802.0,259,802.5,97,803.0,181,803.5,192,804.0,176,804.5,130,802.0
i2409,DCE,13:40:54.543#,803.5,809.5,793.5,889.0,713.0,218776,311122.0,800.0,503,800.5,234,801.0,223,801.5,234,802.0,258,802.5,97,803.0,180,803.5,192,804.0,176,804.5,130,802.0
i2409,DCE,13:40:54.813#,803.5,809.5,793.5,889.0,713.0,218776,311122.0,800.0,503,800.5,234,801.0,223,801.5,234,802.0,259,802.5,97,803.0,178,803.5,192,804.0,176,804.5,130,802.0
i2409,DCE,13:40:55.41#,803.5,809.5,793.5,889.0,713.0,218776,311122.0,800.0,499,800.5,234,801.0,223,801.5,239,802.0,259,802.5,97,803.0,178,803.5,192,804.0,176,804.5,130,802.0
i2409,DCE,13:40:55.292#,803.5,809.5,793.5,889.0,713.0,218776,311122.0,800.0,499,800.5,235,801.0,223,801.5,239,802.0,258,802.5,98,803.0,178,803.5,192,804.0,176,804.5,130,802.0
i2409,DCE,13:40:55.568#,803.5,809.5,793.5,889.0,713.0,218776,311122.0,800.0,499,800.5,235,801.0,223,801.5,239,802.0,258,802.5,99,803.0,177,803.5,184,804.0,176,804.5,130,802.0
i2409,DCE,13:40:55.791#,803.5,809.5,793.5,889.0,713.0,218776,311122.0,800.0,499,800.5,235,801.0,223,801.5,239,802.0,263,802.5,99,803.0,177,803.5,182,804.0,176,804.5,130,802.0
i2409,DCE,13:40:56.43#,803.5,809.5,793.5,889.0,713.0,218776,311122.0,800.0,499,800.5,235,801.0,223,801.5,239,802.0,262,802.5,99,803.0,172,803.5,182,804.0,176,804.5,130,802.0
i2409,DCE,13:40:56.292#,803.5,809.5,793.5,889.0,713.0,218776,311122.0,800.0,499,800.5,230,801.0,223,801.5,239,802.0,245,802.5,100,803.0,172,803.5,186,804.0,176,804.5,130,802.0
i2409,DCE,13:40:56.546#,803.5,809.5,793.5,889.0,713.0,218777,311121.0,800.0,499,800.5,230,801.0,223,801.5,239,802.0,246,802.5,99,803.0,172,803.5,192,804.0,176,804.5,130,802.5
i2409,DCE,13:40:56.791#,803.5,809.5,793.5,889.0,713.0,218777,311121.0,800.0,499,800.5,230,801.0,223,801.5,238,802.0,246,802.5,99,803.0,175,803.5,193,804.0,176,804.5,130,802.5
i2409,DCE,13:40:56.919#,803.5,809.5,793.5,889.0,713.0,218777,311121.0,800.0,499,800.5,230,801.0,223,801.5,238,802.0,246,802.5,100,803.0,190,803.5,177,804.0,176,804.5,130,802.5
i2409,DCE,13:40:57.321#,803.5,809.5,793.5,889.0,713.0,218781,311122.0,800.0,499,800.5,230,801.0,223,801.5,238,802.0,247,802.5,96,803.0,206,803.5,172,804.0,176,804.5,130,802.5
i2409,DCE,13:40:57.464#,803.5,809.5,793.5,889.0,713.0,218782,311122.0,800.0,499,800.5,230,801.0,223,801.5,238,802.0,247,802.5,95,803.0,210,803.5,172,804.0,176,804.5,130,802.5
i2409,DCE,13:40:57.657#,803.5,809.5,793.5,889.0,713.0,218783,311122.0,800.0,499,800.5,230,801.0,223,801.5,239,802.0,247,802.5,97,803.0,210,803.5,172,804.0,176,804.5,130,802.5
i2409,DCE,13:40:57.930#,803.5,809.5,793.5,889.0,713.0,218783,311122.0,800.0,499,800.5,201,801.0,223,801.5,239,802.0,247,802.5,98,803.0,210,803.5,172,804.0,176,804.5,130,802.5
i2409,DCE,13:40:58.77#,803.5,809.5,793.5,889.0,713.0,218783,311122.0,800.0,499,800.5,201,801.0,223,801.5,239,802.0,247,802.5,97,803.0,210,803.5,172,804.0,176,804.5,130,802.5
i2409,DCE,13:40:58.522#,803.5,809.5,793.5,889.0,713.0,218784,311122.0,800.0,499,800.5,201,801.0,223,801.5,239,802.0,247,802.5,98,803.0,210,803.5,172,804.0,176,804.5,130,802.5
i2409,DCE,13:40:59.49#,803.5,809.5,793.5,889.0,713.0,218784,311122.0,800.0,499,800.5,201,801.0,223,801.5,239,802.0,251,802.5,98,803.0,210,803.5,172,804.0,176,804.5,130,802.5
i2409,DCE,13:40:59.243#,803.5,809.5,793.5,889.0,713.0,218785,311122.0,800.0,499,800.5,201,801.0,223,801.5,239,802.0,252,802.5,97,803.0,208,803.5,172,804.0,176,804.5,130,802.5
