InstrumentId,ExchangeId,Datetime,OpenPrice,HighestPrice,LowestPrice,UpperLimitPrice,LowerLimitPrice,Volume,OpenInterest,BidPrice5,BidVolume5,BidPrice4,BidVolume4,BidPrice3,BidVolume3,BidPrice2,BidVolume2,BidPrice1,BidVolume1,AskPrice1,AskVolume1,AskPrice2,AskVolume2,AskPrice3,AskVolume3,AskPrice4,AskVolume4,AskPrice5,AskVolume5,LastPrice
i2501,DCE,13:38:33.574#,785.5,787.5,772.0,864.0,693.0,104050,254913.0,777.5,45,778.0,676,778.5,123,779.0,153,779.5,437,780.0,33,780.5,98,781.0,257,781.5,76,782.0,132,779.5
i2501,DCE,13:38:33.891#,785.5,787.5,772.0,864.0,693.0,104050,254913.0,777.5,45,778.0,676,778.5,123,779.0,182,779.5,437,780.0,33,780.5,98,781.0,257,781.5,76,782.0,132,779.5
i2501,DCE,13:38:34.298#,785.5,787.5,772.0,864.0,693.0,104050,254913.0,777.5,45,778.0,676,778.5,123,779.0,182,779.5,435,780.0,33,780.5,98,781.0,257,781.5,76,782.0,132,779.5
i2501,DCE,13:38:34.547#,785.5,787.5,772.0,864.0,693.0,104050,254913.0,777.5,45,778.0,676,778.5,123,779.0,182,779.5,416,780.0,33,780.5,98,781.0,257,781.5,76,782.0,132,779.5
i2501,DCE,13:38:34.669#,785.5,787.5,772.0,864.0,693.0,104051,254912.0,777.5,45,778.0,676,778.5,123,779.0,182,779.5,414,780.0,33,780.5,98,781.0,257,781.5,76,782.0,132,779.5
i2501,DCE,13:38:35.66#,785.5,787.5,772.0,864.0,693.0,104051,254912.0,777.5,45,778.0,676,778.5,123,779.0,182,779.5,388,780.0,33,780.5,98,781.0,255,781.5,76,782.0,132,779.5
i2501,DCE,13:38:35.321#,785.5,787.5,772.0,864.0,693.0,104051,254912.0,777.5,45,778.0,676,778.5,123,779.0,182,779.5,388,780.0,33,780.5,98,781.0,257,781.5,76,782.0,132,779.5
i2501,DCE,13:38:35.541#,785.5,787.5,772.0,864.0,693.0,104051,254912.0,777.5,45,778.0,676,778.5,123,779.0,182,779.5,388,780.0,33,780.5,97,781.0,257,781.5,76,782.0,132,779.5
i2501,DCE,13:38:35.773#,785.5,787.5,772.0,864.0,693.0,104052,254912.0,777.5,45,778.0,676,778.5,123,779.0,181,779.5,387,780.0,33,780.5,97,781.0,255,781.5,77,782.0,132,779.5
i2501,DCE,13:38:35.925#,785.5,787.5,772.0,864.0,693.0,104052,254912.0,777.5,45,778.0,676,778.5,123,779.0,181,779.5,385,780.0,33,780.5,97,781.0,255,781.5,77,782.0,132,779.5
i2501,DCE,13:38:36.309#,785.5,787.5,772.0,864.0,693.0,104052,254912.0,777.5,45,778.0,676,778.5,121,779.0,181,779.5,384,780.0,43,780.5,97,781.0,257,781.5,77,782.0,132,779.5
i2501,DCE,13:38:36.560#,785.5,787.5,772.0,864.0,693.0,104053,254913.0,777.5,45,778.0,676,778.5,123,779.0,181,779.5,382,780.0,43,780.5,97,781.0,257,781.5,77,782.0,132,779.5
i2501,DCE,13:38:36.817#,785.5,787.5,772.0,864.0,693.0,104053,254913.0,777.5,45,778.0,676,778.5,123,779.0,182,779.5,376,780.0,64,780.5,97,781.0,252,781.5,78,782.0,132,779.5
i2501,DCE,13:38:36.925#,785.5,787.5,772.0,864.0,693.0,104053,254913.0,777.5,45,778.0,676,778.5,123,779.0,182,779.5,367,780.0,89,780.5,98,781.0,257,781.5,78,782.0,132,779.5
i2501,DCE,13:38:37.297#,785.5,787.5,772.0,864.0,693.0,104053,254913.0,777.5,45,778.0,676,778.5,123,779.0,182,779.5,367,780.0,89,780.5,99,781.0,252,781.5,78,782.0,132,779.5
i2501,DCE,13:38:37.540#,785.5,787.5,772.0,864.0,693.0,104053,254913.0,777.5,45,778.0,676,778.5,123,779.0,182,779.5,363,780.0,89,780.5,99,781.0,257,781.5,78,782.0,132,779.5
i2501,DCE,13:38:37.762#,785.5,787.5,772.0,864.0,693.0,104053,254913.0,777.5,45,778.0,676,778.5,123,779.0,182,779.5,315,780.0,89,780.5,99,781.0,257,781.5,78,782.0,132,779.5
i2501,DCE,13:38:37.932#,785.5,787.5,772.0,864.0,693.0,104054,254913.0,777.5,45,778.0,676,778.5,121,779.0,172,779.5,246,780.0,95,780.5,94,781.0,252,781.5,77,782.0,132,780.0
i2501,DCE,13:38:38.311#,785.5,787.5,772.0,864.0,693.0,104054,254913.0,777.5,45,778.0,676,778.5,119,779.0,357,779.5,87,780.0,100,780.5,106,781.0,233,781.5,78,782.0,132,780.0
i2501,DCE,13:38:38.542#,785.5,787.5,772.0,864.0,693.0,104073,254927.0,777.5,45,778.0,676,778.5,145,779.0,315,779.5,71,780.0,128,780.5,113,781.0,131,781.5,72,782.0,130,779.5
i2501,DCE,13:38:38.739#,785.5,787.5,772.0,864.0,693.0,104095,254935.0,777.5,45,778.0,676,778.5,151,779.0,293,779.5,40,780.0,124,780.5,133,781.0,84,781.5,72,782.0,130,779.5
i2501,DCE,13:38:39.50#,785.5,787.5,772.0,864.0,693.0,104135,254926.0,777.0,343,777.5,45,778.0,676,778.5,151,779.0,277,779.5,10,780.0,123,780.5,152,781.0,84,781.5,72,779.5
i2501,DCE,13:38:39.191#,785.5,787.5,772.0,864.0,693.0,104135,254926.0,777.0,343,777.5,56,778.0,676,778.5,203,779.0,260,779.5,20,780.0,133,780.5,146,781.0,84,781.5,82,779.5
i2501,DCE,13:38:39.543#,785.5,787.5,772.0,864.0,693.0,104135,254926.0,777.0,343,777.5,56,778.0,676,778.5,193,779.0,250,779.5,28,780.0,126,780.5,160,781.0,84,781.5,82,779.5
i2501,DCE,13:38:39.685#,785.5,787.5,772.0,864.0,693.0,104142,254924.0,777.0,345,777.5,56,778.0,676,778.5,166,779.0,249,779.5,19,780.0,139,780.5,211,781.0,84,781.5,83,779.5
i2501,DCE,13:38:40.41#,785.5,787.5,772.0,864.0,693.0,104142,254924.0,777.0,345,777.5,56,778.0,676,778.5,163,779.0,250,779.5,3,780.0,139,780.5,218,781.0,84,781.5,83,779.5
i2501,DCE,13:38:40.237#,785.5,787.5,772.0,864.0,693.0,104142,254924.0,777.0,345,777.5,56,778.0,676,778.5,162,779.0,255,779.5,8,780.0,134,780.5,209,781.0,84,781.5,83,779.5
i2501,DCE,13:38:40.566#,785.5,787.5,772.0,864.0,693.0,104144,254926.0,777.0,345,777.5,56,778.0,676,778.5,162,779.0,254,779.5,7,780.0,127,780.5,209,781.0,84,781.5,84,779.5
i2501,DCE,13:38:40.722#,785.5,787.5,772.0,864.0,693.0,104144,254926.0,777.5,56,778.0,676,778.5,162,779.0,254,779.5,1,780.0,139,780.5,206,781.0,90,781.5,84,782.0,133,779.5
i2501,DCE,13:38:40.979#,785.5,787.5,772.0,864.0,693.0,104145,254926.0,777.5,56,778.0,680,778.5,162,779.0,259,779.5,5,780.0,133,780.5,194,781.0,90,781.5,84,782.0,133,779.5
i2501,DCE,13:38:41.138#,785.5,787.5,772.0,864.0,693.0,104155,254917.0,777.5,56,778.0,680,778.5,164,779.0,263,779.5,5,780.0,130,780.5,180,781.0,90,781.5,84,782.0,133,779.5
i2501,DCE,13:38:41.560#,785.5,787.5,772.0,864.0,693.0,104164,254911.0,777.0,345,777.5,56,778.0,680,778.5,164,779.0,258,779.5,2,780.0,131,780.5,179,781.0,90,781.5,84,779.0
i2501,DCE,13:38:41.822#,785.5,787.5,772.0,864.0,693.0,104168,254910.0,777.0,345,777.5,56,778.0,680,778.5,162,779.0,258,779.5,7,780.0,131,780.5,187,781.0,92,781.5,84,779.0
i2501,DCE,13:38:41.983#,785.5,787.5,772.0,864.0,693.0,104174,254913.0,777.0,345,777.5,57,778.0,680,778.5,162,779.0,251,779.5,7,780.0,131,780.5,198,781.0,92,781.5,84,779.5
i2501,DCE,13:38:42.279#,785.5,787.5,772.0,864.0,693.0,104174,254913.0,777.0,345,777.5,57,778.0,680,778.5,162,779.0,251,779.5,7,780.0,133,780.5,203,781.0,92,781.5,84,779.5
i2501,DCE,13:38:42.540#,785.5,787.5,772.0,864.0,693.0,104175,254913.0,777.5,57,778.0,680,778.5,162,779.0,253,779.5,49,780.0,133,780.5,205,781.0,92,781.5,84,782.0,133,779.5
i2501,DCE,13:38:42.781#,785.5,787.5,772.0,864.0,693.0,104175,254913.0,777.5,58,778.0,680,778.5,194,779.0,260,779.5,53,780.0,123,780.5,183,781.0,92,781.5,84,782.0,133,779.5
i2501,DCE,13:38:43.43#,785.5,787.5,772.0,864.0,693.0,104175,254913.0,777.5,58,778.0,680,778.5,205,779.0,261,779.5,53,780.0,119,780.5,158,781.0,92,781.5,84,782.0,133,779.5
i2501,DCE,13:38:43.254#,785.5,787.5,772.0,864.0,693.0,104180,254913.0,777.5,58,778.0,680,778.5,205,779.0,261,779.5,51,780.0,109,780.5,152,781.0,92,781.5,84,782.0,133,779.5
i2501,DCE,13:38:43.543#,785.5,787.5,772.0,864.0,693.0,104180,254913.0,777.5,58,778.0,680,778.5,205,779.0,261,779.5,61,780.0,109,780.5,150,781.0,92,781.5,84,782.0,133,779.5
i2501,DCE,13:38:43.675#,785.5,787.5,772.0,864.0,693.0,104180,254913.0,777.5,58,778.0,680,778.5,205,779.0,261,779.5,62,780.0,109,780.5,152,781.0,92,781.5,84,782.0,133,779.5
i2501,DCE,13:38:44.53#,785.5,787.5,772.0,864.0,693.0,104180,254913.0,777.5,58,778.0,680,778.5,204,779.0,265,779.5,72,780.0,109,780.5,157,781.0,92,781.5,84,782.0,133,779.5
i2501,DCE,13:38:44.322#,785.5,787.5,772.0,864.0,693.0,104180,254913.0,777.5,58,778.0,680,778.5,204,779.0,256,779.5,82,780.0,109,780.5,147,781.0,92,781.5,84,782.0,133,779.5
i2501,DCE,13:38:44.543#,785.5,787.5,772.0,864.0,693.0,104180,254913.0,777.5,58,778.0,680,778.5,204,779.0,256,779.5,82,780.0,109,780.5,146,781.0,92,781.5,84,782.0,134,779.5
i2501,DCE,13:38:44.716#,785.5,787.5,772.0,864.0,693.0,104180,254913.0,777.5,58,778.0,680,778.5,204,779.0,256,779.5,82,780.0,109,780.5,129,781.0,92,781.5,84,782.0,134,779.5
i2501,DCE,13:38:45.31#,785.5,787.5,772.0,864.0,693.0,104180,254913.0,777.5,58,778.0,680,778.5,206,779.0,251,779.5,85,780.0,109,780.5,129,781.0,92,781.5,84,782.0,134,779.5
i2501,DCE,13:38:45.158#,785.5,787.5,772.0,864.0,693.0,104181,254913.0,777.5,58,778.0,680,778.5,169,779.0,259,779.5,89,780.0,109,780.5,129,781.0,92,781.5,84,782.0,134,779.5
i2501,DCE,13:38:45.561#,785.5,787.5,772.0,864.0,693.0,104181,254913.0,777.5,58,778.0,680,778.5,169,779.0,263,779.5,84,780.0,109,780.5,141,781.0,92,781.5,84,782.0,134,779.5
i2501,DCE,13:38:45.798#,785.5,787.5,772.0,864.0,693.0,104182,254912.0,777.5,58,778.0,678,778.5,169,779.0,268,779.5,80,780.0,111,780.5,129,781.0,92,781.5,84,782.0,134,779.5
i2501,DCE,13:38:46.0#,785.5,787.5,772.0,864.0,693.0,104182,254912.0,777.5,58,778.0,678,778.5,169,779.0,262,779.5,80,780.0,110,780.5,141,781.0,92,781.5,84,782.0,134,779.5
i2501,DCE,13:38:46.79#,785.5,787.5,772.0,864.0,693.0,104182,254912.0,777.5,58,778.0,678,778.5,169,779.0,262,779.5,80,780.0,111,780.5,118,781.0,92,781.5,84,782.0,134,779.5
i2501,DCE,13:38:46.563#,785.5,787.5,772.0,864.0,693.0,104185,254910.0,777.5,58,778.0,678,778.5,169,779.0,266,779.5,77,780.0,110,780.5,130,781.0,92,781.5,84,782.0,134,779.5
i2501,DCE,13:38:46.733#,785.5,787.5,772.0,864.0,693.0,104185,254910.0,777.5,58,778.0,678,778.5,169,779.0,263,779.5,77,780.0,111,780.5,119,781.0,92,781.5,84,782.0,134,779.5
i2501,DCE,13:38:46.830#,785.5,787.5,772.0,864.0,693.0,104185,254910.0,777.5,58,778.0,678,778.5,169,779.0,263,779.5,77,780.0,110,780.5,131,781.0,92,781.5,84,782.0,134,779.5
i2501,DCE,13:38:47.79#,785.5,787.5,772.0,864.0,693.0,104185,254910.0,777.5,58,778.0,678,778.5,169,779.0,263,779.5,67,780.0,111,780.5,119,781.0,92,781.5,84,782.0,134,779.5
i2501,DCE,13:38:47.543#,785.5,787.5,772.0,864.0,693.0,104185,254910.0,777.5,58,778.0,678,778.5,169,779.0,264,779.5,67,780.0,110,780.5,131,781.0,92,781.5,84,782.0,134,779.5
i2501,DCE,13:38:47.596#,785.5,787.5,772.0,864.0,693.0,104195,254910.0,777.5,58,778.0,678,778.5,169,779.0,259,779.5,64,780.0,111,780.5,119,781.0,92,781.5,84,782.0,134,779.5
i2501,DCE,13:38:47.829#,785.5,787.5,772.0,864.0,693.0,104195,254910.0,777.5,58,778.0,678,778.5,169,779.0,264,779.5,61,780.0,110,780.5,131,781.0,92,781.5,84,782.0,134,779.5
i2501,DCE,13:38:48.141#,785.5,787.5,772.0,864.0,693.0,104195,254910.0,777.5,59,778.0,678,778.5,169,779.0,264,779.5,61,780.0,111,780.5,119,781.0,92,781.5,84,782.0,134,779.5
i2501,DCE,13:38:48.543#,785.5,787.5,772.0,864.0,693.0,104195,254910.0,777.5,59,778.0,678,778.5,169,779.0,264,779.5,61,780.0,110,780.5,130,781.0,92,781.5,84,782.0,133,779.5
i2501,DCE,13:38:48.726#,785.5,787.5,772.0,864.0,693.0,104195,254910.0,777.5,59,778.0,678,778.5,169,779.0,262,779.5,61,780.0,111,780.5,119,781.0,92,781.5,84,782.0,133,779.5
i2501,DCE,13:38:49.70#,785.5,787.5,772.0,864.0,693.0,104196,254910.0,777.5,59,778.0,678,778.5,169,779.0,262,779.5,70,780.0,110,780.5,131,781.0,92,781.5,84,782.0,133,779.5
i2501,DCE,13:38:49.220#,785.5,787.5,772.0,864.0,693.0,104196,254910.0,777.5,59,778.0,678,778.5,169,779.0,267,779.5,65,780.0,111,780.5,119,781.0,92,781.5,84,782.0,133,779.5
i2501,DCE,13:38:49.543#,785.5,787.5,772.0,864.0,693.0,104196,254910.0,777.5,59,778.0,678,778.5,169,779.0,263,779.5,73,780.0,110,780.5,132,781.0,92,781.5,84,782.0,133,779.5
i2501,DCE,13:38:49.802#,785.5,787.5,772.0,864.0,693.0,104197,254911.0,777.5,59,778.0,678,778.5,169,779.0,264,779.5,73,780.0,110,780.5,120,781.0,92,781.5,84,782.0,133,780.0
i2501,DCE,13:38:50.68#,785.5,787.5,772.0,864.0,693.0,104197,254911.0,777.5,59,778.0,678,778.5,169,779.0,265,779.5,77,780.0,107,780.5,132,781.0,92,781.5,84,782.0,133,780.0
i2501,DCE,13:38:50.274#,785.5,787.5,772.0,864.0,693.0,104197,254911.0,777.5,59,778.0,678,778.5,169,779.0,265,779.5,89,780.0,108,780.5,120,781.0,92,781.5,84,782.0,133,780.0
i2501,DCE,13:38:50.543#,785.5,787.5,772.0,864.0,693.0,104197,254911.0,777.5,59,778.0,678,778.5,169,779.0,265,779.5,99,780.0,99,780.5,132,781.0,92,781.5,84,782.0,133,780.0
i2501,DCE,13:38:50.600#,785.5,787.5,772.0,864.0,693.0,104197,254911.0,777.5,59,778.0,678,778.5,169,779.0,268,779.5,102,780.0,98,780.5,132,781.0,92,781.5,84,782.0,133,780.0
i2501,DCE,13:38:50.927#,785.5,787.5,772.0,864.0,693.0,104197,254911.0,777.5,59,778.0,678,778.5,159,779.0,278,779.5,102,780.0,95,780.5,154,781.0,92,781.5,84,782.0,133,780.0
i2501,DCE,13:38:51.129#,785.5,787.5,772.0,864.0,693.0,104197,254911.0,777.5,59,778.0,678,778.5,164,779.0,278,779.5,102,780.0,95,780.5,144,781.0,92,781.5,84,782.0,133,780.0
i2501,DCE,13:38:51.560#,785.5,787.5,772.0,864.0,693.0,104198,254911.0,777.5,59,778.0,678,778.5,162,779.0,281,779.5,101,780.0,95,780.5,142,781.0,92,781.5,84,782.0,133,779.5
i2501,DCE,13:38:51.733#,785.5,787.5,772.0,864.0,693.0,104198,254911.0,777.5,59,778.0,678,778.5,166,779.0,278,779.5,101,780.0,95,780.5,140,781.0,92,781.5,84,782.0,133,779.5
i2501,DCE,13:38:51.832#,785.5,787.5,772.0,864.0,693.0,104198,254911.0,777.5,59,778.0,678,778.5,166,779.0,278,779.5,101,780.0,95,780.5,139,781.0,92,781.5,84,782.0,133,779.5
i2501,DCE,13:38:52.543#,785.5,787.5,772.0,864.0,693.0,104198,254911.0,777.5,59,778.0,678,778.5,166,779.0,279,779.5,100,780.0,95,780.5,140,781.0,92,781.5,84,782.0,133,779.5
i2501,DCE,13:38:52.621#,785.5,787.5,772.0,864.0,693.0,104198,254911.0,777.5,59,778.0,678,778.5,166,779.0,279,779.5,101,780.0,95,780.5,140,781.0,92,781.5,84,782.0,133,779.5
i2501,DCE,13:38:52.991#,785.5,787.5,772.0,864.0,693.0,104198,254911.0,777.5,59,778.0,678,778.5,166,779.0,279,779.5,102,780.0,94,780.5,140,781.0,92,781.5,84,782.0,133,779.5
i2501,DCE,13:38:53.141#,785.5,787.5,772.0,864.0,693.0,104198,254911.0,777.5,59,778.0,678,778.5,168,779.0,279,779.5,102,780.0,92,780.5,140,781.0,92,781.5,84,782.0,133,779.5
i2501,DCE,13:38:53.544#,785.5,787.5,772.0,864.0,693.0,104198,254911.0,777.5,59,778.0,678,778.5,168,779.0,281,779.5,102,780.0,92,780.5,128,781.0,92,781.5,84,782.0,133,779.5
i2501,DCE,13:38:53.710#,785.5,787.5,772.0,864.0,693.0,104198,254911.0,777.5,59,778.0,678,778.5,168,779.0,281,779.5,103,780.0,92,780.5,140,781.0,92,781.5,84,782.0,133,779.5
i2501,DCE,13:38:54.60#,785.5,787.5,772.0,864.0,693.0,104199,254912.0,777.5,59,778.0,678,778.5,168,779.0,279,779.5,103,780.0,91,780.5,140,781.0,92,781.5,84,782.0,133,780.0
i2501,DCE,13:38:54.155#,785.5,787.5,772.0,864.0,693.0,104199,254912.0,777.5,59,778.0,678,778.5,169,779.0,279,779.5,103,780.0,91,780.5,140,781.0,92,781.5,84,782.0,133,780.0
i2501,DCE,13:38:54.545#,785.5,787.5,772.0,864.0,693.0,104199,254912.0,777.5,59,778.0,678,778.5,169,779.0,279,779.5,103,780.0,91,780.5,141,781.0,92,781.5,84,782.0,133,780.0
i2501,DCE,13:38:55.64#,785.5,787.5,772.0,864.0,693.0,104199,254912.0,777.5,59,778.0,678,778.5,169,779.0,278,779.5,103,780.0,91,780.5,141,781.0,92,781.5,84,782.0,133,780.0
i2501,DCE,13:38:55.322#,785.5,787.5,772.0,864.0,693.0,104199,254912.0,777.5,59,778.0,678,778.5,169,779.0,279,779.5,103,780.0,91,780.5,141,781.0,92,781.5,84,782.0,133,780.0
i2501,DCE,13:38:55.545#,785.5,787.5,772.0,864.0,693.0,104199,254912.0,777.5,59,778.0,679,778.5,164,779.0,280,779.5,103,780.0,91,780.5,142,781.0,92,781.5,84,782.0,133,780.0
i2501,DCE,13:38:55.578#,785.5,787.5,772.0,864.0,693.0,104199,254912.0,777.5,59,778.0,679,778.5,164,779.0,284,779.5,103,780.0,91,780.5,141,781.0,92,781.5,84,782.0,133,780.0
i2501,DCE,13:38:55.989#,785.5,787.5,772.0,864.0,693.0,104199,254912.0,777.5,59,778.0,679,778.5,164,779.0,284,779.5,103,780.0,91,780.5,140,781.0,92,781.5,84,782.0,133,780.0
i2501,DCE,13:38:56.253#,785.5,787.5,772.0,864.0,693.0,104199,254912.0,777.5,59,778.0,679,778.5,164,779.0,293,779.5,103,780.0,91,780.5,140,781.0,92,781.5,84,782.0,133,780.0
i2501,DCE,13:38:56.561#,785.5,787.5,772.0,864.0,693.0,104200,254912.0,777.5,59,778.0,679,778.5,164,779.0,289,779.5,102,780.0,91,780.5,140,781.0,92,781.5,84,782.0,133,779.5
i2501,DCE,13:38:56.885#,785.5,787.5,772.0,864.0,693.0,104200,254912.0,777.5,59,778.0,679,778.5,164,779.0,289,779.5,102,780.0,93,780.5,140,781.0,92,781.5,84,782.0,133,779.5
i2501,DCE,13:38:57.242#,785.5,787.5,772.0,864.0,693.0,104200,254912.0,777.5,59,778.0,679,778.5,164,779.0,288,779.5,102,780.0,93,780.5,140,781.0,92,781.5,84,782.0,133,779.5
i2501,DCE,13:38:57.543#,785.5,787.5,772.0,864.0,693.0,104200,254912.0,777.5,59,778.0,679,778.5,164,779.0,302,779.5,102,780.0,93,780.5,140,781.0,92,781.5,84,782.0,133,779.5
i2501,DCE,13:38:57.804#,785.5,787.5,772.0,864.0,693.0,104200,254912.0,777.5,59,778.0,679,778.5,164,779.0,300,779.5,102,780.0,93,780.5,140,781.0,92,781.5,84,782.0,133,779.5
i2501,DCE,13:38:58.266#,785.5,787.5,772.0,864.0,693.0,104200,254912.0,777.5,59,778.0,679,778.5,164,779.0,304,779.5,99,780.0,93,780.5,140,781.0,92,781.5,84,782.0,133,779.5
i2501,DCE,13:38:58.543#,785.5,787.5,772.0,864.0,693.0,104203,254912.0,777.5,59,778.0,679,778.5,164,779.0,299,779.5,93,780.0,93,780.5,140,781.0,92,781.5,84,782.0,133,779.5
i2501,DCE,13:38:58.694#,785.5,787.5,772.0,864.0,693.0,104203,254912.0,777.5,59,778.0,679,778.5,164,779.0,295,779.5,93,780.0,93,780.5,140,781.0,92,781.5,84,782.0,134,779.5
i2501,DCE,13:38:59.54#,785.5,787.5,772.0,864.0,693.0,104203,254912.0,777.5,59,778.0,679,778.5,164,779.0,295,779.5,93,780.0,92,780.5,140,781.0,92,781.5,84,782.0,134,779.5
i2501,DCE,13:38:59.243#,785.5,787.5,772.0,864.0,693.0,104203,254912.0,777.5,59,778.0,679,778.5,164,779.0,291,779.5,101,780.0,92,780.5,140,781.0,92,781.5,84,782.0,134,779.5
i2501,DCE,13:38:59.543#,785.5,787.5,772.0,864.0,693.0,104203,254912.0,777.5,59,778.0,679,778.5,164,779.0,301,779.5,101,780.0,92,780.5,140,781.0,92,781.5,84,782.0,134,779.5
i2501,DCE,13:38:59.895#,785.5,787.5,772.0,864.0,693.0,104223,254912.0,777.5,59,778.0,679,778.5,164,779.0,301,779.5,81,780.0,94,780.5,140,781.0,92,781.5,84,782.0,134,779.5
i2501,DCE,13:39:00.257#,785.5,787.5,772.0,864.0,693.0,104223,254912.0,777.5,59,778.0,679,778.5,164,779.0,285,779.5,73,780.0,94,780.5,128,781.0,92,781.5,84,782.0,134,779.5
i2501,DCE,13:39:00.543#,785.5,787.5,772.0,864.0,693.0,104223,254912.0,777.5,59,778.0,679,778.5,164,779.0,275,779.5,73,780.0,94,780.5,130,781.0,92,781.5,84,782.0,134,779.5
i2501,DCE,13:39:00.793#,785.5,787.5,772.0,864.0,693.0,104223,254912.0,777.5,59,778.0,679,778.5,164,779.0,270,779.5,76,780.0,104,780.5,128,781.0,92,781.5,84,782.0,134,779.5
i2501,DCE,13:39:01.22#,785.5,787.5,772.0,864.0,693.0,104224,254912.0,777.5,59,778.0,679,778.5,164,779.0,284,779.5,73,780.0,103,780.5,128,781.0,92,781.5,84,782.0,134,779.5
i2501,DCE,13:39:01.271#,785.5,787.5,772.0,864.0,693.0,104224,254912.0,777.5,59,778.0,679,778.5,164,779.0,282,779.5,74,780.0,105,780.5,129,781.0,92,781.5,84,782.0,134,779.5
i2501,DCE,13:39:01.567#,785.5,787.5,772.0,864.0,693.0,104225,254912.0,777.5,59,778.0,679,778.5,164,779.0,282,779.5,73,780.0,105,780.5,128,781.0,92,781.5,84,782.0,134,779.5
i2501,DCE,13:39:01.798#,785.5,787.5,772.0,864.0,693.0,104225,254912.0,777.5,59,778.0,679,778.5,164,779.0,272,779.5,73,780.0,105,780.5,128,781.0,92,781.5,84,782.0,134,779.5
i2501,DCE,13:39:01.832#,785.5,787.5,772.0,864.0,693.0,104225,254912.0,777.5,59,778.0,679,778.5,164,779.0,272,779.5,73,780.0,105,780.5,129,781.0,92,781.5,84,782.0,134,779.5
i2501,DCE,13:39:02.309#,785.5,787.5,772.0,864.0,693.0,104225,254912.0,777.5,59,778.0,679,778.5,164,779.0,262,779.5,73,780.0,105,780.5,125,781.0,92,781.5,84,782.0,134,779.5
i2501,DCE,13:39:02.556#,785.5,787.5,772.0,864.0,693.0,104225,254912.0,777.5,59,778.0,679,778.5,164,779.0,265,779.5,73,780.0,107,780.5,127,781.0,92,781.5,84,782.0,134,779.5
i2501,DCE,13:39:02.667#,785.5,787.5,772.0,864.0,693.0,104225,254912.0,777.5,59,778.0,679,778.5,164,779.0,268,779.5,74,780.0,107,780.5,127,781.0,92,781.5,84,782.0,134,779.5
i2501,DCE,13:39:02.970#,785.5,787.5,772.0,864.0,693.0,104228,254913.0,777.5,59,778.0,679,778.5,164,779.0,267,779.5,73,780.0,105,780.5,127,781.0,92,781.5,84,782.0,134,780.0
i2501,DCE,13:39:03.319#,785.5,787.5,772.0,864.0,693.0,104228,254913.0,777.5,59,778.0,679,778.5,164,779.0,274,779.5,73,780.0,105,780.5,127,781.0,93,781.5,84,782.0,134,780.0
i2501,DCE,13:39:03.555#,785.5,787.5,772.0,864.0,693.0,104228,254913.0,777.5,59,778.0,679,778.5,164,779.0,278,779.5,73,780.0,105,780.5,127,781.0,93,781.5,84,782.0,134,780.0
i2501,DCE,13:39:03.747#,785.5,787.5,772.0,864.0,693.0,104258,254935.0,777.5,59,778.0,679,778.5,164,779.0,278,779.5,43,780.0,105,780.5,127,781.0,93,781.5,84,782.0,134,779.5
i2501,DCE,13:39:04.61#,785.5,787.5,772.0,864.0,693.0,104264,254934.0,777.5,59,778.0,679,778.5,464,779.0,127,779.5,28,780.0,306,780.5,128,781.0,93,781.5,84,782.0,134,779.5
i2501,DCE,13:39:04.322#,785.5,787.5,772.0,864.0,693.0,104292,254925.0,777.0,348,777.5,59,778.0,679,778.5,437,779.0,114,779.5,78,780.0,360,780.5,141,781.0,93,781.5,84,779.5
i2501,DCE,13:39:04.544#,785.5,787.5,772.0,864.0,693.0,104292,254925.0,777.0,348,777.5,59,778.0,679,778.5,438,779.0,100,779.5,68,780.0,367,780.5,176,781.0,93,781.5,84,779.5
i2501,DCE,13:39:04.809#,785.5,787.5,772.0,864.0,693.0,104293,254926.0,777.0,348,777.5,59,778.0,711,778.5,400,779.0,104,779.5,68,780.0,366,780.5,199,781.0,93,781.5,84,779.5
i2501,DCE,13:39:04.934#,785.5,787.5,772.0,864.0,693.0,104293,254926.0,777.0,348,777.5,59,778.0,711,778.5,396,779.0,107,779.5,70,780.0,368,780.5,200,781.0,93,781.5,84,779.5
i2501,DCE,13:39:05.307#,785.5,787.5,772.0,864.0,693.0,104295,254928.0,777.0,348,777.5,59,778.0,711,778.5,364,779.0,107,779.5,82,780.0,367,780.5,200,781.0,93,781.5,84,779.5
i2501,DCE,13:39:05.541#,785.5,787.5,772.0,864.0,693.0,104295,254928.0,777.0,348,777.5,59,778.0,711,778.5,307,779.0,107,779.5,92,780.0,381,780.5,200,781.0,93,781.5,84,779.5
i2501,DCE,13:39:05.811#,785.5,787.5,772.0,864.0,693.0,104310,254939.0,777.0,348,777.5,59,778.0,711,778.5,289,779.0,90,779.5,97,780.0,374,780.5,117,781.0,93,781.5,84,779.0
i2501,DCE,13:39:06.65#,785.5,787.5,772.0,864.0,693.0,104310,254939.0,777.0,348,777.5,59,778.0,711,778.5,290,779.0,85,779.5,106,780.0,403,780.5,117,781.0,93,781.5,84,779.0
i2501,DCE,13:39:06.312#,785.5,787.5,772.0,864.0,693.0,104310,254939.0,777.0,348,777.5,59,778.0,711,778.5,267,779.0,84,779.5,106,780.0,410,780.5,122,781.0,93,781.5,84,779.0
i2501,DCE,13:39:06.571#,785.5,787.5,772.0,864.0,693.0,104310,254939.0,777.0,348,777.5,59,778.0,711,778.5,243,779.0,84,779.5,107,780.0,400,780.5,127,781.0,93,781.5,85,779.0
i2501,DCE,13:39:06.688#,785.5,787.5,772.0,864.0,693.0,104312,254941.0,777.0,348,777.5,59,778.0,711,778.5,244,779.0,82,779.5,106,780.0,414,780.5,127,781.0,93,781.5,85,779.0
i2501,DCE,13:39:06.908#,785.5,787.5,772.0,864.0,693.0,104315,254940.0,777.0,348,777.5,59,778.0,711,778.5,240,779.0,82,779.5,104,780.0,402,780.5,127,781.0,92,781.5,85,779.5
i2501,DCE,13:39:07.320#,785.5,787.5,772.0,864.0,693.0,104315,254940.0,777.0,348,777.5,59,778.0,711,778.5,218,779.0,82,779.5,103,780.0,415,780.5,127,781.0,86,781.5,85,779.5
i2501,DCE,13:39:07.541#,785.5,787.5,772.0,864.0,693.0,104315,254940.0,777.0,348,777.5,59,778.0,711,778.5,184,779.0,82,779.5,107,780.0,404,780.5,127,781.0,86,781.5,85,779.5
i2501,DCE,13:39:07.796#,785.5,787.5,772.0,864.0,693.0,104315,254940.0,777.0,348,777.5,59,778.0,951,778.5,146,779.0,82,779.5,136,780.0,156,780.5,127,781.0,87,781.5,85,779.5
i2501,DCE,13:39:08.58#,785.5,787.5,772.0,864.0,693.0,104335,254930.0,777.0,348,777.5,59,778.0,978,778.5,138,779.0,62,779.5,189,780.0,124,780.5,66,781.0,88,781.5,85,779.0
i2501,DCE,13:39:08.319#,785.5,787.5,772.0,864.0,693.0,104355,254935.0,777.0,348,777.5,59,778.0,985,778.5,107,779.0,39,779.5,209,780.0,236,780.5,66,781.0,88,781.5,83,779.0
i2501,DCE,13:39:08.568#,785.5,787.5,772.0,864.0,693.0,104394,254941.0,776.5,22,777.0,348,777.5,90,778.0,851,778.5,201,779.0,14,779.5,239,780.0,257,780.5,62,781.0,94,779.0
i2501,DCE,13:39:08.796#,785.5,787.5,772.0,864.0,693.0,104396,254941.0,776.5,24,777.0,348,777.5,97,778.0,813,778.5,176,779.0,51,779.5,285,780.0,177,780.5,63,781.0,94,779.0
i2501,DCE,13:39:09.48#,785.5,787.5,772.0,864.0,693.0,104399,254941.0,776.5,24,777.0,348,777.5,520,778.0,823,778.5,95,779.0,69,779.5,134,780.0,134,780.5,59,781.0,94,779.0
i2501,DCE,13:39:09.289#,785.5,787.5,772.0,864.0,693.0,104401,254941.0,776.5,24,777.0,348,777.5,98,778.0,871,778.5,109,779.0,53,779.5,358,780.0,150,780.5,59,781.0,94,779.0
i2501,DCE,13:39:09.541#,785.5,787.5,772.0,864.0,693.0,104402,254941.0,776.5,24,777.0,348,777.5,119,778.0,910,778.5,130,779.0,29,779.5,320,780.0,171,780.5,59,781.0,94,779.0
i2501,DCE,13:39:09.794#,785.5,787.5,772.0,864.0,693.0,104406,254941.0,776.5,24,777.0,348,777.5,119,778.0,889,778.5,130,779.0,10,779.5,298,780.0,166,780.5,59,781.0,94,779.0
i2501,DCE,13:39:09.972#,785.5,787.5,772.0,864.0,693.0,104406,254941.0,776.5,24,777.0,348,777.5,98,778.0,885,778.5,130,779.0,10,779.5,280,780.0,166,780.5,59,781.0,94,779.0
i2501,DCE,13:39:10.233#,785.5,787.5,772.0,864.0,693.0,104406,254941.0,776.5,24,777.0,348,777.5,93,778.0,897,778.5,142,779.0,7,779.5,274,780.0,166,780.5,59,781.0,94,779.0
i2501,DCE,13:39:10.566#,785.5,787.5,772.0,864.0,693.0,104406,254941.0,776.5,24,777.0,348,777.5,93,778.0,910,778.5,142,779.0,7,779.5,226,780.0,166,780.5,59,781.0,94,779.0
i2501,DCE,13:39:10.719#,785.5,787.5,772.0,864.0,693.0,104407,254940.0,776.5,24,777.0,348,777.5,93,778.0,918,778.5,145,779.0,7,779.5,220,780.0,167,780.5,59,781.0,94,778.5
i2501,DCE,13:39:10.957#,785.5,787.5,772.0,864.0,693.0,104410,254941.0,776.5,24,777.0,348,777.5,93,778.0,935,778.5,145,779.0,4,779.5,218,780.0,167,780.5,59,781.0,94,779.0
i2501,DCE,13:39:11.258#,785.5,787.5,772.0,864.0,693.0,104413,254938.0,776.5,24,777.0,348,777.5,93,778.0,928,778.5,145,779.0,1,779.5,212,780.0,260,780.5,59,781.0,94,779.0
i2501,DCE,13:39:11.554#,785.5,787.5,772.0,864.0,693.0,104446,254958.0,776.5,24,777.0,348,777.5,93,778.0,917,778.5,120,779.0,2,779.5,205,780.0,260,780.5,61,781.0,94,778.5
i2501,DCE,13:39:11.713#,785.5,787.5,772.0,864.0,693.0,104450,254959.0,776.5,24,777.0,348,777.5,93,778.0,921,778.5,118,779.0,19,779.5,184,780.0,260,780.5,61,781.0,94,779.0
i2501,DCE,13:39:12.66#,785.5,787.5,772.0,864.0,693.0,104451,254958.0,776.5,24,777.0,348,777.5,92,778.0,921,778.5,118,779.0,18,779.5,181,780.0,260,780.5,61,781.0,94,778.5
i2501,DCE,13:39:12.266#,785.5,787.5,772.0,864.0,693.0,104451,254958.0,776.5,24,777.0,348,777.5,92,778.0,914,778.5,118,779.0,18,779.5,190,780.0,260,780.5,61,781.0,94,778.5
i2501,DCE,13:39:12.540#,785.5,787.5,772.0,864.0,693.0,104453,254958.0,776.5,24,777.0,348,777.5,92,778.0,907,778.5,114,779.0,24,779.5,193,780.0,260,780.5,61,781.0,94,778.5
i2501,DCE,13:39:12.809#,785.5,787.5,772.0,864.0,693.0,104458,254958.0,776.5,24,777.0,349,777.5,92,778.0,916,778.5,108,779.0,24,779.5,195,780.0,260,780.5,61,781.0,94,778.5
i2501,DCE,13:39:13.57#,785.5,787.5,772.0,864.0,693.0,104458,254958.0,776.5,24,777.0,349,777.5,92,778.0,957,778.5,108,779.0,24,779.5,191,780.0,260,780.5,61,781.0,94,778.5
i2501,DCE,13:39:13.287#,785.5,787.5,772.0,864.0,693.0,104459,254957.0,776.5,24,777.0,349,777.5,92,778.0,959,778.5,108,779.0,22,779.5,177,780.0,254,780.5,61,781.0,94,778.5
i2501,DCE,13:39:13.540#,785.5,787.5,772.0,864.0,693.0,104459,254957.0,776.5,24,777.0,349,777.5,92,778.0,923,778.5,108,779.0,16,779.5,176,780.0,259,780.5,61,781.0,94,778.5
i2501,DCE,13:39:13.804#,785.5,787.5,772.0,864.0,693.0,104461,254955.0,776.5,24,777.0,349,777.5,92,778.0,924,778.5,102,779.0,16,779.5,171,780.0,259,780.5,61,781.0,94,778.5
i2501,DCE,13:39:14.65#,785.5,787.5,772.0,864.0,693.0,104461,254955.0,776.5,24,777.0,349,777.5,92,778.0,943,778.5,102,779.0,22,779.5,173,780.0,259,780.5,61,781.0,94,778.5
i2501,DCE,13:39:14.272#,785.5,787.5,772.0,864.0,693.0,104461,254955.0,776.5,24,777.0,349,777.5,92,778.0,952,778.5,102,779.0,17,779.5,171,780.0,259,780.5,61,781.0,94,778.5
i2501,DCE,13:39:14.540#,785.5,787.5,772.0,864.0,693.0,104461,254955.0,776.5,24,777.0,349,777.5,92,778.0,948,778.5,106,779.0,13,779.5,180,780.0,254,780.5,61,781.0,94,778.5
i2501,DCE,13:39:14.806#,785.5,787.5,772.0,864.0,693.0,104461,254955.0,776.5,24,777.0,349,777.5,92,778.0,946,778.5,106,779.0,13,779.5,195,780.0,259,780.5,61,781.0,94,778.5
i2501,DCE,13:39:15.64#,785.5,787.5,772.0,864.0,693.0,104461,254955.0,776.5,24,777.0,349,777.5,92,778.0,946,778.5,106,779.0,13,779.5,195,780.0,260,780.5,61,781.0,94,778.5
i2501,DCE,13:39:15.317#,785.5,787.5,772.0,864.0,693.0,104463,254955.0,776.5,24,777.0,349,777.5,92,778.0,938,778.5,105,779.0,13,779.5,194,780.0,260,780.5,61,781.0,94,778.5
i2501,DCE,13:39:15.541#,785.5,787.5,772.0,864.0,693.0,104468,254960.0,776.5,24,777.0,349,777.5,92,778.0,938,778.5,105,779.0,8,779.5,192,780.0,260,780.5,61,781.0,94,779.0
i2501,DCE,13:39:15.771#,785.5,787.5,772.0,864.0,693.0,104468,254960.0,776.5,24,777.0,349,777.5,92,778.0,940,778.5,105,779.0,2,779.5,190,780.0,260,780.5,62,781.0,94,779.0
i2501,DCE,13:39:16.60#,785.5,787.5,772.0,864.0,693.0,104469,254960.0,776.5,24,777.0,349,777.5,92,778.0,934,778.5,105,779.0,2,779.5,193,780.0,255,780.5,62,781.0,94,779.0
i2501,DCE,13:39:16.309#,785.5,787.5,772.0,864.0,693.0,104469,254960.0,776.5,24,777.0,349,777.5,92,778.0,935,778.5,105,779.0,2,779.5,193,780.0,260,780.5,62,781.0,94,779.0
i2501,DCE,13:39:16.548#,785.5,787.5,772.0,864.0,693.0,104469,254960.0,776.5,24,777.0,349,777.5,92,778.0,936,778.5,105,779.0,2,779.5,193,780.0,260,780.5,62,781.0,94,779.0
i2501,DCE,13:39:16.771#,785.5,787.5,772.0,864.0,693.0,104470,254960.0,776.5,24,777.0,349,777.5,93,778.0,938,778.5,104,779.0,3,779.5,195,780.0,260,780.5,62,781.0,94,778.5
i2501,DCE,13:39:17.49#,785.5,787.5,772.0,864.0,693.0,104480,254960.0,776.5,24,777.0,349,777.5,93,778.0,937,778.5,94,779.0,3,779.5,195,780.0,260,780.5,62,781.0,94,778.5
i2501,DCE,13:39:17.297#,785.5,787.5,772.0,864.0,693.0,104480,254960.0,776.5,24,777.0,349,777.5,93,778.0,933,778.5,94,779.0,40,779.5,201,780.0,255,780.5,61,781.0,94,778.5
i2501,DCE,13:39:17.541#,785.5,787.5,772.0,864.0,693.0,104480,254960.0,776.5,24,777.0,349,777.5,118,778.0,936,778.5,89,779.0,50,779.5,206,780.0,260,780.5,61,781.0,94,778.5
i2501,DCE,13:39:17.800#,785.5,787.5,772.0,864.0,693.0,104480,254960.0,776.5,24,777.0,349,777.5,120,778.0,936,778.5,102,779.0,51,779.5,214,780.0,261,780.5,61,781.0,94,778.5
i2501,DCE,13:39:18.66#,785.5,787.5,772.0,864.0,693.0,104481,254960.0,776.5,24,777.0,349,777.5,120,778.0,931,778.5,102,779.0,40,779.5,224,780.0,261,780.5,61,781.0,94,779.0
i2501,DCE,13:39:18.311#,785.5,787.5,772.0,864.0,693.0,104481,254960.0,776.5,24,777.0,349,777.5,118,778.0,934,778.5,94,779.0,40,779.5,224,780.0,256,780.5,61,781.0,94,779.0
i2501,DCE,13:39:18.542#,785.5,787.5,772.0,864.0,693.0,104481,254960.0,776.5,24,777.0,349,777.5,120,778.0,936,778.5,99,779.0,40,779.5,232,780.0,261,780.5,61,781.0,94,779.0
i2501,DCE,13:39:18.814#,785.5,787.5,772.0,864.0,693.0,104481,254960.0,776.5,24,777.0,349,777.5,120,778.0,928,778.5,99,779.0,40,779.5,237,780.0,261,780.5,61,781.0,94,779.0
i2501,DCE,13:39:19.68#,785.5,787.5,772.0,864.0,693.0,104491,254960.0,776.5,24,777.0,349,777.5,120,778.0,923,778.5,99,779.0,40,779.5,235,780.0,248,780.5,83,781.0,94,779.0
i2501,DCE,13:39:19.298#,785.5,787.5,772.0,864.0,693.0,104504,254955.0,776.5,24,777.0,350,777.5,120,778.0,861,778.5,94,779.0,26,779.5,229,780.0,255,780.5,61,781.0,94,778.5
i2501,DCE,13:39:19.541#,785.5,787.5,772.0,864.0,693.0,104504,254955.0,776.5,24,777.0,350,777.5,120,778.0,933,778.5,91,779.0,26,779.5,226,780.0,247,780.5,61,781.0,94,778.5
i2501,DCE,13:39:19.818#,785.5,787.5,772.0,864.0,693.0,104505,254955.0,776.5,24,777.0,350,777.5,120,778.0,932,778.5,90,779.0,26,779.5,223,780.0,252,780.5,61,781.0,94,778.5
i2501,DCE,13:39:19.994#,785.5,787.5,772.0,864.0,693.0,104505,254955.0,776.5,24,777.0,350,777.5,118,778.0,935,778.5,90,779.0,26,779.5,222,780.0,252,780.5,61,781.0,94,778.5
i2501,DCE,13:39:20.322#,785.5,787.5,772.0,864.0,693.0,104506,254955.0,776.5,24,777.0,350,777.5,118,778.0,938,778.5,91,779.0,25,779.5,227,780.0,251,780.5,61,781.0,94,779.0
i2501,DCE,13:39:20.549#,785.5,787.5,772.0,864.0,693.0,104506,254955.0,776.5,24,777.0,350,777.5,118,778.0,923,778.5,91,779.0,25,779.5,237,780.0,251,780.5,61,781.0,94,779.0
i2501,DCE,13:39:20.753#,785.5,787.5,772.0,864.0,693.0,104506,254955.0,776.5,24,777.0,350,777.5,118,778.0,927,778.5,91,779.0,31,779.5,240,780.0,247,780.5,61,781.0,94,779.0
i2501,DCE,13:39:20.986#,785.5,787.5,772.0,864.0,693.0,104506,254955.0,776.5,24,777.0,350,777.5,118,778.0,872,778.5,91,779.0,31,779.5,230,780.0,248,780.5,61,781.0,94,779.0
i2501,DCE,13:39:21.300#,785.5,787.5,772.0,864.0,693.0,104516,254955.0,776.5,24,777.0,350,777.5,118,778.0,873,778.5,81,779.0,40,779.5,209,780.0,243,780.5,61,781.0,94,778.5
i2501,DCE,13:39:21.563#,785.5,787.5,772.0,864.0,693.0,104519,254953.0,776.5,24,777.0,350,777.5,118,778.0,937,778.5,79,779.0,38,779.5,205,780.0,244,780.5,61,781.0,94,778.5
i2501,DCE,13:39:21.801#,785.5,787.5,772.0,864.0,693.0,104521,254953.0,776.5,24,777.0,350,777.5,118,778.0,939,778.5,99,779.0,35,779.5,211,780.0,244,780.5,61,781.0,94,779.0
i2501,DCE,13:39:21.982#,785.5,787.5,772.0,864.0,693.0,104521,254953.0,776.5,24,777.0,350,777.5,118,778.0,940,778.5,99,779.0,19,779.5,215,780.0,249,780.5,61,781.0,94,779.0
i2501,DCE,13:39:22.270#,785.5,787.5,772.0,864.0,693.0,104521,254953.0,776.5,24,777.0,350,777.5,118,778.0,940,778.5,99,779.0,19,779.5,217,780.0,249,780.5,61,781.0,94,779.0
i2501,DCE,13:39:22.540#,785.5,787.5,772.0,864.0,693.0,104531,254959.0,776.5,24,777.0,350,777.5,118,778.0,940,778.5,89,779.0,19,779.5,217,780.0,249,780.5,61,781.0,94,778.5
i2501,DCE,13:39:22.787#,785.5,787.5,772.0,864.0,693.0,104531,254959.0,776.5,24,777.0,350,777.5,118,778.0,939,778.5,93,779.0,26,779.5,222,780.0,249,780.5,61,781.0,94,778.5
i2501,DCE,13:39:23.23#,785.5,787.5,772.0,864.0,693.0,104531,254959.0,776.5,24,777.0,350,777.5,118,778.0,938,778.5,93,779.0,24,779.5,224,780.0,249,780.5,61,781.0,94,778.5
i2501,DCE,13:39:23.207#,785.5,787.5,772.0,864.0,693.0,104531,254959.0,776.5,24,777.0,350,777.5,118,778.0,933,778.5,95,779.0,24,779.5,223,780.0,249,780.5,61,781.0,94,778.5
i2501,DCE,13:39:23.561#,785.5,787.5,772.0,864.0,693.0,104532,254960.0,776.5,24,777.0,350,777.5,118,778.0,933,778.5,95,779.0,23,779.5,225,780.0,249,780.5,61,781.0,94,779.0
i2501,DCE,13:39:23.755#,785.5,787.5,772.0,864.0,693.0,104533,254960.0,776.5,24,777.0,350,777.5,123,778.0,927,778.5,94,779.0,23,779.5,223,780.0,249,780.5,61,781.0,94,778.5
i2501,DCE,13:39:24.63#,785.5,787.5,772.0,864.0,693.0,104533,254960.0,776.5,24,777.0,350,777.5,123,778.0,917,778.5,94,779.0,23,779.5,251,780.0,249,780.5,61,781.0,94,778.5
i2501,DCE,13:39:24.293#,785.5,787.5,772.0,864.0,693.0,104537,254964.0,776.5,24,777.0,350,777.5,123,778.0,917,778.5,90,779.0,30,779.5,254,780.0,249,780.5,61,781.0,94,778.5
i2501,DCE,13:39:24.542#,785.5,787.5,772.0,864.0,693.0,104537,254964.0,776.5,24,777.0,345,777.5,123,778.0,918,778.5,80,779.0,57,779.5,254,780.0,251,780.5,61,781.0,94,778.5
i2501,DCE,13:39:24.705#,785.5,787.5,772.0,864.0,693.0,104538,254965.0,776.5,24,777.0,345,777.5,123,778.0,917,778.5,80,779.0,55,779.5,247,780.0,251,780.5,61,781.0,94,779.0
i2501,DCE,13:39:25.62#,785.5,787.5,772.0,864.0,693.0,104541,254964.0,776.5,24,777.0,345,777.5,125,778.0,916,778.5,78,779.0,58,779.5,248,780.0,246,780.5,61,781.0,94,778.5
i2501,DCE,13:39:25.308#,785.5,787.5,772.0,864.0,693.0,104541,254964.0,776.5,24,777.0,346,777.5,125,778.0,926,778.5,87,779.0,58,779.5,250,780.0,251,780.5,71,781.0,94,778.5
i2501,DCE,13:39:25.555#,785.5,787.5,772.0,864.0,693.0,104541,254964.0,776.5,24,777.0,346,777.5,125,778.0,921,778.5,87,779.0,58,779.5,250,780.0,251,780.5,71,781.0,94,778.5
i2501,DCE,13:39:25.818#,785.5,787.5,772.0,864.0,693.0,104542,254964.0,776.5,24,777.0,346,777.5,125,778.0,922,778.5,87,779.0,57,779.5,157,780.0,251,780.5,71,781.0,94,779.0
i2501,DCE,13:39:26.55#,785.5,787.5,772.0,864.0,693.0,104542,254964.0,776.5,24,777.0,346,777.5,121,778.0,962,778.5,104,779.0,23,779.5,134,780.0,508,780.5,71,781.0,94,779.0
i2501,DCE,13:39:26.315#,785.5,787.5,772.0,864.0,693.0,104548,254964.0,776.5,24,777.0,346,777.5,66,778.0,911,778.5,120,779.0,11,779.5,133,780.0,504,780.5,71,781.0,94,779.0
i2501,DCE,13:39:26.567#,785.5,787.5,772.0,864.0,693.0,104560,254972.0,777.0,346,777.5,66,778.0,757,778.5,142,779.0,6,779.5,129,780.0,501,780.5,71,781.0,94,781.5,74,779.0
i2501,DCE,13:39:26.791#,785.5,787.5,772.0,864.0,693.0,104560,254972.0,777.0,346,777.5,65,778.0,767,778.5,171,779.0,47,779.5,88,780.0,501,780.5,94,781.0,94,781.5,74,779.0
i2501,DCE,13:39:27.63#,785.5,787.5,772.0,864.0,693.0,104587,254977.0,777.0,346,777.5,65,778.0,769,778.5,172,779.0,38,779.5,68,780.0,505,780.5,84,781.0,94,781.5,74,779.0
i2501,DCE,13:39:27.271#,785.5,787.5,772.0,864.0,693.0,104587,254977.0,777.0,346,777.5,65,778.0,783,778.5,184,779.0,27,779.5,87,780.0,427,780.5,84,781.0,94,781.5,74,779.0
i2501,DCE,13:39:27.566#,785.5,787.5,772.0,864.0,693.0,104587,254977.0,777.0,346,777.5,65,778.0,783,778.5,194,779.0,31,779.5,86,780.0,389,780.5,84,781.0,94,781.5,74,779.0
i2501,DCE,13:39:27.725#,785.5,787.5,772.0,864.0,693.0,104587,254977.0,777.0,346,777.5,65,778.0,783,778.5,212,779.0,60,779.5,76,780.0,372,780.5,84,781.0,94,781.5,74,779.0
i2501,DCE,13:39:28.65#,785.5,787.5,772.0,864.0,693.0,104637,254988.0,777.0,346,777.5,65,778.0,783,778.5,217,779.0,18,779.5,49,780.0,354,780.5,84,781.0,94,781.5,74,779.0
i2501,DCE,13:39:28.313#,785.5,787.5,772.0,864.0,693.0,104638,254989.0,777.0,346,777.5,65,778.0,785,778.5,212,779.0,29,779.5,68,780.0,350,780.5,84,781.0,94,781.5,74,779.0
i2501,DCE,13:39:28.543#,785.5,787.5,772.0,864.0,693.0,104638,254989.0,777.0,346,777.5,65,778.0,786,778.5,211,779.0,29,779.5,68,780.0,352,780.5,84,781.0,94,781.5,74,779.0
i2501,DCE,13:39:28.813#,785.5,787.5,772.0,864.0,693.0,104638,254989.0,777.0,346,777.5,65,778.0,775,778.5,166,779.0,31,779.5,69,780.0,354,780.5,84,781.0,94,781.5,74,779.0
i2501,DCE,13:39:28.981#,785.5,787.5,772.0,864.0,693.0,104638,254989.0,777.0,346,777.5,65,778.0,765,778.5,157,779.0,18,779.5,81,780.0,364,780.5,84,781.0,94,781.5,74,779.0
i2501,DCE,13:39:29.183#,785.5,787.5,772.0,864.0,693.0,104638,254989.0,777.0,346,777.5,65,778.0,765,778.5,157,779.0,15,779.5,93,780.0,372,780.5,84,781.0,94,781.5,74,779.0
i2501,DCE,13:39:29.543#,785.5,787.5,772.0,864.0,693.0,104638,254989.0,777.0,346,777.5,65,778.0,765,778.5,150,779.0,15,779.5,93,780.0,375,780.5,84,781.0,94,781.5,74,779.0
i2501,DCE,13:39:29.652#,785.5,787.5,772.0,864.0,693.0,104638,254989.0,777.0,346,777.5,65,778.0,765,778.5,146,779.0,15,779.5,93,780.0,385,780.5,84,781.0,94,781.5,74,779.0
i2501,DCE,13:39:29.969#,785.5,787.5,772.0,864.0,693.0,104647,254996.0,776.5,23,777.0,346,777.5,65,778.0,776,778.5,145,779.5,93,780.0,374,780.5,84,781.0,94,781.5,74,779.0
i2501,DCE,13:39:30.322#,785.5,787.5,772.0,864.0,693.0,104648,254997.0,776.5,24,777.0,346,777.5,65,778.0,786,778.5,140,779.0,10,779.5,95,780.0,401,780.5,84,781.0,94,779.0
i2501,DCE,13:39:30.543#,785.5,787.5,772.0,864.0,693.0,104648,254997.0,776.5,24,777.0,346,777.5,65,778.0,821,778.5,142,779.0,13,779.5,95,780.0,424,780.5,71,781.0,94,779.0
i2501,DCE,13:39:30.744#,785.5,787.5,772.0,864.0,693.0,104648,254997.0,776.5,24,777.0,346,777.5,65,778.0,1033,778.5,140,779.0,18,779.5,111,780.0,186,780.5,71,781.0,94,779.0
i2501,DCE,13:39:31.39#,785.5,787.5,772.0,864.0,693.0,104650,254997.0,776.5,24,777.0,340,777.5,66,778.0,1095,778.5,133,779.0,27,779.5,135,780.0,227,780.5,71,781.0,94,779.0
i2501,DCE,13:39:31.308#,785.5,787.5,772.0,864.0,693.0,104650,254997.0,776.5,24,777.0,340,777.5,66,778.0,1114,778.5,131,779.0,33,779.5,137,780.0,252,780.5,71,781.0,93,779.0
i2501,DCE,13:39:31.542#,785.5,787.5,772.0,864.0,693.0,104650,254997.0,776.5,24,777.0,340,777.5,66,778.0,1109,778.5,131,779.0,33,779.5,107,780.0,250,780.5,71,781.0,93,779.0
i2501,DCE,13:39:31.796#,785.5,787.5,772.0,864.0,693.0,104651,254997.0,776.5,24,777.0,340,777.5,66,778.0,1112,778.5,130,779.0,33,779.5,124,780.0,237,780.5,71,781.0,93,778.5
i2501,DCE,13:39:32.64#,785.5,787.5,772.0,864.0,693.0,104651,254997.0,776.5,24,777.0,340,777.5,66,778.0,1112,778.5,130,779.0,33,779.5,111,780.0,244,780.5,71,781.0,93,778.5
i2501,DCE,13:39:32.258#,785.5,787.5,772.0,864.0,693.0,104651,254997.0,776.5,24,777.0,340,777.5,66,778.0,1111,778.5,130,779.0,29,779.5,101,780.0,524,780.5,71,781.0,93,778.5
i2501,DCE,13:39:32.553#,785.5,787.5,772.0,864.0,693.0,104652,254997.0,776.5,24,777.0,340,777.5,65,778.0,1103,778.5,135,779.0,28,779.5,140,780.0,218,780.5,71,781.0,93,779.0
i2501,DCE,13:39:32.788#,785.5,787.5,772.0,864.0,693.0,104652,254997.0,776.5,24,777.0,340,777.5,66,778.0,1111,778.5,130,779.0,22,779.5,143,780.0,228,780.5,71,781.0,93,779.0
i2501,DCE,13:39:32.848#,785.5,787.5,772.0,864.0,693.0,104652,254997.0,776.5,24,777.0,340,777.5,66,778.0,1109,778.5,130,779.0,25,779.5,147,780.0,246,780.5,71,781.0,93,779.0
i2501,DCE,13:39:33.297#,785.5,787.5,772.0,864.0,693.0,104652,254997.0,776.5,24,777.0,340,777.5,67,778.0,1106,778.5,126,779.0,25,779.5,155,780.0,252,780.5,71,781.0,93,779.0
i2501,DCE,13:39:33.544#,785.5,787.5,772.0,864.0,693.0,104652,254997.0,776.5,24,777.0,340,777.5,67,778.0,1106,778.5,126,779.0,32,779.5,155,780.0,252,780.5,71,781.0,93,779.0
i2501,DCE,13:39:33.821#,785.5,787.5,772.0,864.0,693.0,104654,254999.0,776.5,24,777.0,340,777.5,67,778.0,1105,778.5,126,779.0,30,779.5,155,780.0,247,780.5,71,781.0,93,779.0
i2501,DCE,13:39:34.59#,785.5,787.5,772.0,864.0,693.0,104654,254999.0,776.5,24,777.0,340,777.5,67,778.0,1105,778.5,124,779.0,24,779.5,157,780.0,217,780.5,71,781.0,93,779.0
i2501,DCE,13:39:34.313#,785.5,787.5,772.0,864.0,693.0,104654,254999.0,776.5,24,777.0,340,777.5,67,778.0,1105,778.5,124,779.0,30,779.5,153,780.0,217,780.5,71,781.0,93,779.0
i2501,DCE,13:39:34.553#,785.5,787.5,772.0,864.0,693.0,104654,254999.0,776.5,24,777.0,340,777.5,67,778.0,1106,778.5,134,779.0,30,779.5,141,780.0,210,780.5,71,781.0,93,779.0
i2501,DCE,13:39:34.681#,785.5,787.5,772.0,864.0,693.0,104654,254999.0,776.5,24,777.0,340,777.5,67,778.0,1106,778.5,134,779.0,30,779.5,140,780.0,210,780.5,71,781.0,93,779.0
i2501,DCE,13:39:35.46#,785.5,787.5,772.0,864.0,693.0,104654,254999.0,776.5,24,777.0,340,777.5,67,778.0,1125,778.5,138,779.0,31,779.5,128,780.0,215,780.5,71,781.0,93,779.0
i2501,DCE,13:39:35.318#,785.5,787.5,772.0,864.0,693.0,104671,254994.0,776.5,24,777.0,340,777.5,67,778.0,867,778.5,178,779.0,10,779.5,104,780.0,498,780.5,71,781.0,93,779.0
i2501,DCE,13:39:35.572#,785.5,787.5,772.0,864.0,693.0,104682,254993.0,777.0,340,777.5,66,778.0,747,778.5,203,779.0,109,779.5,104,780.0,445,780.5,71,781.0,93,781.5,74,779.0
i2501,DCE,13:39:35.749#,785.5,787.5,772.0,864.0,693.0,104683,254992.0,777.0,340,777.5,66,778.0,749,778.5,217,779.0,93,779.5,83,780.0,405,780.5,71,781.0,93,781.5,74,779.0
i2501,DCE,13:39:36.26#,785.5,787.5,772.0,864.0,693.0,104694,254992.0,777.0,340,777.5,66,778.0,749,778.5,214,779.0,72,779.5,82,780.0,395,780.5,71,781.0,93,781.5,74,779.0
i2501,DCE,13:39:36.159#,785.5,787.5,772.0,864.0,693.0,104694,254992.0,777.0,340,777.5,66,778.0,776,778.5,210,779.0,51,779.5,82,780.0,391,780.5,71,781.0,93,781.5,74,779.0
i2501,DCE,13:39:36.543#,785.5,787.5,772.0,864.0,693.0,104719,255004.0,777.0,340,777.5,66,778.0,776,778.5,190,779.0,26,779.5,82,780.0,386,780.5,71,781.0,93,781.5,74,779.0
i2501,DCE,13:39:36.810#,785.5,787.5,772.0,864.0,693.0,104721,255003.0,777.0,340,777.5,66,778.0,777,778.5,172,779.0,18,779.5,99,780.0,403,780.5,71,781.0,93,781.5,74,779.0
i2501,DCE,13:39:36.905#,785.5,787.5,772.0,864.0,693.0,104738,255012.0,777.0,340,777.5,66,778.0,777,778.5,177,779.0,1,779.5,106,780.0,407,780.5,71,781.0,93,781.5,74,779.0
i2501,DCE,13:39:37.259#,785.5,787.5,772.0,864.0,693.0,104739,255011.0,776.5,23,777.0,340,777.5,66,778.0,775,778.5,155,779.0,4,779.5,116,780.0,407,780.5,71,781.0,93,779.0
i2501,DCE,13:39:37.542#,785.5,787.5,772.0,864.0,693.0,104740,255011.0,776.5,24,777.0,340,777.5,66,778.0,1064,778.5,147,779.0,2,779.5,116,780.0,416,780.5,71,781.0,93,779.0
i2501,DCE,13:39:37.763#,785.5,787.5,772.0,864.0,693.0,104740,255011.0,776.5,24,777.0,340,777.5,66,778.0,1062,778.5,147,779.5,116,780.0,448,780.5,71,781.0,93,781.5,74,779.0
i2501,DCE,13:39:38.68#,785.5,787.5,772.0,864.0,693.0,104740,255011.0,776.5,24,777.0,340,777.5,66,778.0,1061,778.5,146,779.5,127,780.0,185,780.5,71,781.0,93,781.5,73,779.0
i2501,DCE,13:39:38.295#,785.5,787.5,772.0,864.0,693.0,104740,255011.0,776.5,24,777.0,348,777.5,66,778.0,1055,778.5,146,779.5,152,780.0,204,780.5,71,781.0,94,781.5,73,779.0
i2501,DCE,13:39:38.568#,785.5,787.5,772.0,864.0,693.0,104740,255011.0,776.5,24,777.0,348,777.5,67,778.0,1055,778.5,147,779.0,2,779.5,148,780.0,193,780.5,71,781.0,94,779.0
i2501,DCE,13:39:38.745#,785.5,787.5,772.0,864.0,693.0,104740,255011.0,776.5,24,777.0,348,777.5,67,778.0,1055,778.5,143,779.0,1,779.5,150,780.0,188,780.5,71,781.0,94,779.0
i2501,DCE,13:39:38.846#,785.5,787.5,772.0,864.0,693.0,104740,255011.0,776.5,24,777.0,348,777.5,67,778.0,1055,778.5,143,779.0,1,779.5,132,780.0,188,780.5,71,781.0,94,779.0
i2501,DCE,13:39:39.226#,785.5,787.5,772.0,864.0,693.0,104741,255011.0,777.0,349,777.5,67,778.0,1057,778.5,147,779.0,2,779.5,121,780.0,186,780.5,71,781.0,94,781.5,73,779.0
i2501,DCE,13:39:39.543#,785.5,787.5,772.0,864.0,693.0,104741,255011.0,777.0,349,777.5,67,778.0,783,778.5,149,779.0,1,779.5,100,780.0,484,780.5,71,781.0,94,781.5,73,779.0
i2501,DCE,13:39:39.763#,785.5,787.5,772.0,864.0,693.0,104741,255011.0,777.0,349,777.5,66,778.0,774,778.5,161,779.0,7,779.5,100,780.0,452,780.5,71,781.0,94,781.5,73,779.0
i2501,DCE,13:39:40.71#,785.5,787.5,772.0,864.0,693.0,104741,255011.0,777.0,349,777.5,66,778.0,777,778.5,233,779.0,18,779.5,103,780.0,450,780.5,71,781.0,94,781.5,73,779.0
i2501,DCE,13:39:40.228#,785.5,787.5,772.0,864.0,693.0,104741,255011.0,777.0,349,777.5,66,778.0,777,778.5,222,779.0,21,779.5,92,780.0,462,780.5,71,781.0,94,781.5,73,779.0
i2501,DCE,13:39:40.543#,785.5,787.5,772.0,864.0,693.0,104741,255011.0,777.0,349,777.5,66,778.0,777,778.5,227,779.0,17,779.5,92,780.0,464,780.5,71,781.0,94,781.5,73,779.0
i2501,DCE,13:39:40.810#,785.5,787.5,772.0,864.0,693.0,104742,255010.0,777.0,349,777.5,66,778.0,778,778.5,229,779.0,17,779.5,91,780.0,465,780.5,71,781.0,94,781.5,73,779.5
i2501,DCE,13:39:41.72#,785.5,787.5,772.0,864.0,693.0,104742,255010.0,777.0,349,777.5,66,778.0,778,778.5,228,779.0,25,779.5,91,780.0,465,780.5,71,781.0,94,781.5,73,779.5
i2501,DCE,13:39:41.315#,785.5,787.5,772.0,864.0,693.0,104742,255010.0,777.0,349,777.5,66,778.0,778,778.5,239,779.0,25,779.5,91,780.0,465,780.5,71,781.0,94,781.5,73,779.5
i2501,DCE,13:39:41.572#,785.5,787.5,772.0,864.0,693.0,104742,255010.0,777.0,349,777.5,66,778.0,778,778.5,244,779.0,30,779.5,91,780.0,463,780.5,71,781.0,94,781.5,73,779.5
i2501,DCE,13:39:41.805#,785.5,787.5,772.0,864.0,693.0,104744,255012.0,777.0,349,777.5,66,778.0,778,778.5,254,779.0,34,779.5,87,780.0,465,780.5,71,781.0,94,781.5,73,779.0
i2501,DCE,13:39:42.68#,785.5,787.5,772.0,864.0,693.0,104744,255012.0,777.0,349,777.5,66,778.0,778,778.5,239,779.0,33,779.5,87,780.0,460,780.5,71,781.0,94,781.5,73,779.0
i2501,DCE,13:39:42.166#,785.5,787.5,772.0,864.0,693.0,104745,255012.0,777.0,349,777.5,66,778.0,778,778.5,230,779.0,33,779.5,86,780.0,460,780.5,71,781.0,94,781.5,73,779.5
i2501,DCE,13:39:42.571#,785.5,787.5,772.0,864.0,693.0,104746,255012.0,777.0,349,777.5,67,778.0,777,778.5,229,779.0,33,779.5,85,780.0,460,780.5,71,781.0,94,781.5,73,779.5
i2501,DCE,13:39:42.805#,785.5,787.5,772.0,864.0,693.0,104747,255012.0,777.0,349,777.5,67,778.0,777,778.5,227,779.0,33,779.5,85,780.0,459,780.5,71,781.0,94,781.5,73,779.5
i2501,DCE,13:39:42.928#,785.5,787.5,772.0,864.0,693.0,104747,255012.0,777.0,349,777.5,67,778.0,777,778.5,217,779.0,33,779.5,85,780.0,459,780.5,71,781.0,94,781.5,73,779.5
i2501,DCE,13:39:43.297#,785.5,787.5,772.0,864.0,693.0,104747,255012.0,777.0,349,777.5,67,778.0,777,778.5,216,779.0,33,779.5,85,780.0,460,780.5,71,781.0,94,781.5,73,779.5
i2501,DCE,13:39:43.543#,785.5,787.5,772.0,864.0,693.0,104747,255012.0,777.0,350,777.5,67,778.0,777,778.5,210,779.0,33,779.5,85,780.0,460,780.5,71,781.0,94,781.5,73,779.5
i2501,DCE,13:39:43.802#,785.5,787.5,772.0,864.0,693.0,104747,255012.0,777.0,351,777.5,67,778.0,775,778.5,208,779.0,33,779.5,85,780.0,460,780.5,71,781.0,94,781.5,73,779.5
i2501,DCE,13:39:44.36#,785.5,787.5,772.0,864.0,693.0,104747,255012.0,777.0,347,777.5,67,778.0,777,778.5,209,779.0,33,779.5,85,780.0,460,780.5,71,781.0,94,781.5,73,779.5
i2501,DCE,13:39:44.239#,785.5,787.5,772.0,864.0,693.0,104747,255012.0,777.0,347,777.5,67,778.0,777,778.5,209,779.0,33,779.5,85,780.0,457,780.5,71,781.0,94,781.5,73,779.5
i2501,DCE,13:39:44.543#,785.5,787.5,772.0,864.0,693.0,104747,255012.0,777.0,347,777.5,67,778.0,777,778.5,212,779.0,43,779.5,85,780.0,457,780.5,71,781.0,94,781.5,73,779.5
i2501,DCE,13:39:44.816#,785.5,787.5,772.0,864.0,693.0,104747,255012.0,777.0,347,777.5,67,778.0,775,778.5,215,779.0,43,779.5,85,780.0,456,780.5,71,781.0,94,781.5,73,779.5
i2501,DCE,13:39:44.842#,785.5,787.5,772.0,864.0,693.0,104747,255012.0,777.0,347,777.5,67,778.0,777,778.5,214,779.0,43,779.5,85,780.0,456,780.5,71,781.0,94,781.5,73,779.5
i2501,DCE,13:39:45.148#,785.5,787.5,772.0,864.0,693.0,104747,255012.0,777.0,347,777.5,67,778.0,777,778.5,213,779.0,44,779.5,85,780.0,456,780.5,71,781.0,94,781.5,73,779.5
i2501,DCE,13:39:45.570#,785.5,787.5,772.0,864.0,693.0,104747,255012.0,777.0,347,777.5,66,778.0,1059,778.5,202,779.0,44,779.5,85,780.0,461,780.5,71,781.0,94,781.5,73,779.5
i2501,DCE,13:39:45.810#,785.5,787.5,772.0,864.0,693.0,104747,255012.0,777.0,347,777.5,66,778.0,775,778.5,208,779.0,44,779.5,84,780.0,485,780.5,71,781.0,94,781.5,73,779.5
i2501,DCE,13:39:45.856#,785.5,787.5,772.0,864.0,693.0,104747,255012.0,777.0,347,777.5,66,778.0,777,778.5,211,779.0,44,779.5,84,780.0,483,780.5,72,781.0,94,781.5,73,779.5
i2501,DCE,13:39:46.303#,785.5,787.5,772.0,864.0,693.0,104753,255018.0,777.0,347,777.5,66,778.0,777,778.5,211,779.0,40,779.5,85,780.0,471,780.5,72,781.0,94,781.5,73,779.0
i2501,DCE,13:39:46.548#,785.5,787.5,772.0,864.0,693.0,104753,255018.0,777.0,348,777.5,66,778.0,776,778.5,209,779.0,28,779.5,85,780.0,471,780.5,72,781.0,94,781.5,73,779.0
i2501,DCE,13:39:46.579#,785.5,787.5,772.0,864.0,693.0,104754,255019.0,777.0,348,777.5,66,778.0,776,778.5,205,779.0,27,779.5,85,780.0,472,780.5,72,781.0,94,781.5,73,779.0
i2501,DCE,13:39:47.64#,785.5,787.5,772.0,864.0,693.0,104754,255019.0,777.0,348,777.5,66,778.0,777,778.5,205,779.0,24,779.5,90,780.0,472,780.5,72,781.0,94,781.5,73,779.0
i2501,DCE,13:39:47.73#,785.5,787.5,772.0,864.0,693.0,104754,255019.0,777.0,348,777.5,66,778.0,777,778.5,205,779.0,24,779.5,90,780.0,475,780.5,72,781.0,94,781.5,73,779.0
i2501,DCE,13:39:47.544#,785.5,787.5,772.0,864.0,693.0,104754,255019.0,777.0,348,777.5,66,778.0,1061,778.5,199,779.0,24,779.5,94,780.0,181,780.5,72,781.0,94,781.5,73,779.0
i2501,DCE,13:39:47.805#,785.5,787.5,772.0,864.0,693.0,104754,255019.0,777.0,348,777.5,66,778.0,1055,778.5,201,779.0,20,779.5,90,780.0,514,780.5,71,781.0,94,781.5,73,779.0
i2501,DCE,13:39:48.55#,785.5,787.5,772.0,864.0,693.0,104754,255019.0,777.0,348,777.5,66,778.0,775,778.5,202,779.0,26,779.5,90,780.0,487,780.5,71,781.0,94,781.5,73,779.0
i2501,DCE,13:39:48.176#,785.5,787.5,772.0,864.0,693.0,104754,255019.0,777.0,348,777.5,66,778.0,777,778.5,205,779.0,30,779.5,90,780.0,467,780.5,71,781.0,94,781.5,73,779.0
i2501,DCE,13:39:48.543#,785.5,787.5,772.0,864.0,693.0,104754,255019.0,777.0,348,777.5,66,778.0,1058,778.5,204,779.0,30,779.5,90,780.0,463,780.5,72,781.0,94,781.5,73,779.0
i2501,DCE,13:39:48.728#,785.5,787.5,772.0,864.0,693.0,104754,255019.0,777.0,348,777.5,66,778.0,1056,778.5,204,779.0,40,779.5,115,780.0,466,780.5,71,781.0,94,781.5,73,779.0
i2501,DCE,13:39:49.54#,785.5,787.5,772.0,864.0,693.0,104754,255019.0,777.0,348,777.5,66,778.0,775,778.5,202,779.0,41,779.5,115,780.0,459,780.5,94,781.0,94,781.5,73,779.0
i2501,DCE,13:39:49.316#,785.5,787.5,772.0,864.0,693.0,104755,255019.0,777.0,348,777.5,66,778.0,775,778.5,205,779.0,45,779.5,115,780.0,452,780.5,84,781.0,94,781.5,73,779.0
i2501,DCE,13:39:49.542#,785.5,787.5,772.0,864.0,693.0,104755,255019.0,777.0,348,777.5,66,778.0,775,778.5,214,779.0,45,779.5,110,780.0,451,780.5,85,781.0,94,781.5,73,779.0
i2501,DCE,13:39:49.749#,785.5,787.5,772.0,864.0,693.0,104755,255019.0,777.0,348,777.5,66,778.0,739,778.5,234,779.0,46,779.5,98,780.0,451,780.5,85,781.0,94,781.5,73,779.0
i2501,DCE,13:39:50.63#,785.5,787.5,772.0,864.0,693.0,104755,255019.0,777.0,348,777.5,66,778.0,775,778.5,257,779.0,48,779.5,98,780.0,445,780.5,85,781.0,94,781.5,73,779.0
i2501,DCE,13:39:50.186#,785.5,787.5,772.0,864.0,693.0,104755,255019.0,777.0,348,777.5,66,778.0,775,778.5,253,779.0,51,779.5,98,780.0,444,780.5,85,781.0,94,781.5,73,779.0
i2501,DCE,13:39:50.544#,785.5,787.5,772.0,864.0,693.0,104755,255019.0,777.0,348,777.5,66,778.0,775,778.5,263,779.0,52,779.5,98,780.0,444,780.5,85,781.0,94,781.5,73,779.0
i2501,DCE,13:39:50.653#,785.5,787.5,772.0,864.0,693.0,104760,255022.0,777.0,348,777.5,66,778.0,777,778.5,269,779.0,47,779.5,98,780.0,444,780.5,85,781.0,94,781.5,73,779.0
i2501,DCE,13:39:51.33#,785.5,787.5,772.0,864.0,693.0,104760,255022.0,777.0,348,777.5,66,778.0,777,778.5,268,779.0,41,779.5,98,780.0,445,780.5,85,781.0,94,781.5,73,779.0
i2501,DCE,13:39:51.170#,785.5,787.5,772.0,864.0,693.0,104760,255022.0,777.0,348,777.5,66,778.0,777,778.5,264,779.0,43,779.5,98,780.0,445,780.5,85,781.0,94,781.5,73,779.0
i2501,DCE,13:39:51.543#,785.5,787.5,772.0,864.0,693.0,104760,255022.0,777.0,348,777.5,66,778.0,776,778.5,265,779.0,53,779.5,98,780.0,444,780.5,85,781.0,94,781.5,73,779.0
i2501,DCE,13:39:51.756#,785.5,787.5,772.0,864.0,693.0,104761,255022.0,777.0,347,777.5,66,778.0,776,778.5,283,779.0,65,779.5,96,780.0,444,780.5,85,781.0,94,781.5,73,779.0
i2501,DCE,13:39:52.30#,785.5,787.5,772.0,864.0,693.0,104761,255022.0,777.0,348,777.5,66,778.0,776,778.5,287,779.0,66,779.5,84,780.0,435,780.5,84,781.0,94,781.5,73,779.0
i2501,DCE,13:39:52.320#,785.5,787.5,772.0,864.0,693.0,104762,255021.0,777.0,348,777.5,66,778.0,776,778.5,298,779.0,65,779.5,76,780.0,427,780.5,84,781.0,94,781.5,73,779.0
i2501,DCE,13:39:52.544#,785.5,787.5,772.0,864.0,693.0,104762,255021.0,777.0,348,777.5,66,778.0,776,778.5,298,779.0,65,779.5,76,780.0,418,780.5,140,781.0,94,781.5,73,779.0
i2501,DCE,13:39:52.739#,785.5,787.5,772.0,864.0,693.0,104762,255021.0,777.0,348,777.5,66,778.0,777,778.5,298,779.0,65,779.5,76,780.0,419,780.5,144,781.0,94,781.5,73,779.0
i2501,DCE,13:39:52.993#,785.5,787.5,772.0,864.0,693.0,104765,255021.0,777.0,348,777.5,66,778.0,777,778.5,299,779.0,49,779.5,76,780.0,419,780.5,144,781.0,94,781.5,73,779.0
i2501,DCE,13:39:53.262#,785.5,787.5,772.0,864.0,693.0,104766,255022.0,777.0,348,777.5,66,778.0,777,778.5,300,779.0,52,779.5,80,780.0,420,780.5,139,781.0,94,781.5,73,779.0
i2501,DCE,13:39:53.569#,785.5,787.5,772.0,864.0,693.0,104766,255022.0,777.0,348,777.5,66,778.0,768,778.5,295,779.0,53,779.5,80,780.0,420,780.5,144,781.0,97,781.5,73,779.0
i2501,DCE,13:39:53.708#,785.5,787.5,772.0,864.0,693.0,104766,255022.0,777.0,348,777.5,66,778.0,768,778.5,307,779.0,53,779.5,90,780.0,422,780.5,144,781.0,97,781.5,73,779.0
i2501,DCE,13:39:54.62#,785.5,787.5,772.0,864.0,693.0,104766,255022.0,777.0,348,777.5,66,778.0,769,778.5,304,779.0,53,779.5,90,780.0,423,780.5,144,781.0,97,781.5,73,779.0
i2501,DCE,13:39:54.76#,785.5,787.5,772.0,864.0,693.0,104766,255022.0,777.0,348,777.5,66,778.0,769,778.5,298,779.0,53,779.5,90,780.0,426,780.5,132,781.0,97,781.5,73,779.0
i2501,DCE,13:39:54.544#,785.5,787.5,772.0,864.0,693.0,104766,255022.0,777.0,348,777.5,66,778.0,769,778.5,293,779.0,54,779.5,90,780.0,426,780.5,132,781.0,97,781.5,73,779.0
i2501,DCE,13:39:54.814#,785.5,787.5,772.0,864.0,693.0,104766,255022.0,777.0,348,777.5,66,778.0,769,778.5,248,779.0,54,779.5,90,780.0,426,780.5,132,781.0,97,781.5,73,779.0
i2501,DCE,13:39:55.50#,785.5,787.5,772.0,864.0,693.0,104766,255022.0,777.0,348,777.5,66,778.0,770,778.5,231,779.0,35,779.5,96,780.0,437,780.5,154,781.0,97,781.5,73,779.0
i2501,DCE,13:39:55.235#,785.5,787.5,772.0,864.0,693.0,104766,255022.0,777.0,348,777.5,66,778.0,770,778.5,230,779.0,30,779.5,96,780.0,447,780.5,72,781.0,97,781.5,73,779.0
i2501,DCE,13:39:55.542#,785.5,787.5,772.0,864.0,693.0,104766,255022.0,777.0,348,777.5,66,778.0,770,778.5,229,779.0,46,779.5,96,780.0,443,780.5,72,781.0,97,781.5,73,779.0
i2501,DCE,13:39:55.717#,785.5,787.5,772.0,864.0,693.0,104766,255022.0,777.0,349,777.5,66,778.0,781,778.5,245,779.0,46,779.5,90,780.0,440,780.5,72,781.0,97,781.5,73,779.0
i2501,DCE,13:39:56.23#,785.5,787.5,772.0,864.0,693.0,104766,255022.0,777.0,349,777.5,66,778.0,781,778.5,236,779.0,59,779.5,90,780.0,441,780.5,72,781.0,97,781.5,73,779.0
i2501,DCE,13:39:56.209#,785.5,787.5,772.0,864.0,693.0,104766,255022.0,777.0,349,777.5,66,778.0,770,778.5,241,779.0,60,779.5,82,780.0,436,780.5,137,781.0,97,781.5,73,779.0
i2501,DCE,13:39:56.565#,785.5,787.5,772.0,864.0,693.0,104767,255023.0,777.0,349,777.5,66,778.0,771,778.5,251,779.0,59,779.5,82,780.0,435,780.5,137,781.0,97,781.5,73,779.0
i2501,DCE,13:39:56.749#,785.5,787.5,772.0,864.0,693.0,104767,255023.0,777.0,349,777.5,66,778.0,771,778.5,240,779.0,59,779.5,82,780.0,433,780.5,137,781.0,97,781.5,73,779.0
i2501,DCE,13:39:57.44#,785.5,787.5,772.0,864.0,693.0,104767,255023.0,777.0,349,777.5,66,778.0,771,778.5,247,779.0,59,779.5,82,780.0,435,780.5,132,781.0,97,781.5,73,779.0
i2501,DCE,13:39:57.322#,785.5,787.5,772.0,864.0,693.0,104767,255023.0,777.0,349,777.5,65,778.0,781,778.5,251,779.0,59,779.5,82,780.0,434,780.5,132,781.0,97,781.5,73,779.0
i2501,DCE,13:39:57.558#,785.5,787.5,772.0,864.0,693.0,104767,255023.0,777.0,379,777.5,65,778.0,781,778.5,250,779.0,59,779.5,82,780.0,434,780.5,132,781.0,97,781.5,73,779.0
i2501,DCE,13:39:57.645#,785.5,787.5,772.0,864.0,693.0,104767,255023.0,777.0,379,777.5,65,778.0,781,778.5,251,779.0,65,779.5,82,780.0,434,780.5,132,781.0,97,781.5,73,779.0
i2501,DCE,13:39:58.51#,785.5,787.5,772.0,864.0,693.0,104767,255023.0,777.0,379,777.5,65,778.0,781,778.5,251,779.0,65,779.5,80,780.0,434,780.5,132,781.0,97,781.5,72,779.0
i2501,DCE,13:39:58.310#,785.5,787.5,772.0,864.0,693.0,104767,255023.0,777.0,379,777.5,65,778.0,781,778.5,269,779.0,65,779.5,80,780.0,434,780.5,133,781.0,97,781.5,72,779.0
i2501,DCE,13:39:58.542#,785.5,787.5,772.0,864.0,693.0,104767,255023.0,777.0,379,777.5,65,778.0,781,778.5,282,779.0,65,779.5,80,780.0,426,780.5,155,781.0,97,781.5,72,779.0
i2501,DCE,13:39:58.615#,785.5,787.5,772.0,864.0,693.0,104767,255023.0,777.0,379,777.5,65,778.0,781,778.5,302,779.0,65,779.5,80,780.0,426,780.5,145,781.0,97,781.5,72,779.0
i2501,DCE,13:39:59.48#,785.5,787.5,772.0,864.0,693.0,104767,255023.0,777.0,379,777.5,65,778.0,779,778.5,310,779.0,78,779.5,80,780.0,426,780.5,145,781.0,97,781.5,72,779.0
i2501,DCE,13:39:59.280#,785.5,787.5,772.0,864.0,693.0,104767,255023.0,777.0,379,777.5,65,778.0,781,778.5,307,779.0,81,779.5,76,780.0,424,780.5,145,781.0,97,781.5,72,779.0
i2501,DCE,13:39:59.550#,785.5,787.5,772.0,864.0,693.0,104767,255023.0,777.0,379,777.5,65,778.0,781,778.5,311,779.0,81,779.5,77,780.0,424,780.5,145,781.0,97,781.5,72,779.0
i2501,DCE,13:39:59.705#,785.5,787.5,772.0,864.0,693.0,104767,255023.0,777.0,379,777.5,65,778.0,781,778.5,288,779.0,81,779.5,77,780.0,424,780.5,145,781.0,97,781.5,72,779.0
i2501,DCE,13:40:00.62#,785.5,787.5,772.0,864.0,693.0,104767,255023.0,777.0,379,777.5,65,778.0,779,778.5,280,779.0,81,779.5,81,780.0,427,780.5,133,781.0,97,781.5,72,779.0
i2501,DCE,13:40:00.303#,785.5,787.5,772.0,864.0,693.0,104767,255023.0,777.0,380,777.5,65,778.0,781,778.5,278,779.0,72,779.5,81,780.0,423,780.5,133,781.0,97,781.5,72,779.0
i2501,DCE,13:40:00.543#,785.5,787.5,772.0,864.0,693.0,104767,255023.0,777.0,380,777.5,65,778.0,781,778.5,278,779.0,72,779.5,81,780.0,429,780.5,133,781.0,97,781.5,72,779.0
i2501,DCE,13:40:00.753#,785.5,787.5,772.0,864.0,693.0,104807,255049.0,777.0,380,777.5,65,778.0,781,778.5,276,779.0,32,779.5,83,780.0,418,780.5,133,781.0,97,781.5,72,779.0
i2501,DCE,13:40:01.50#,785.5,787.5,772.0,864.0,693.0,104807,255049.0,777.0,380,777.5,65,778.0,782,778.5,259,779.0,15,779.5,93,780.0,419,780.5,133,781.0,97,781.5,72,779.0
i2501,DCE,13:40:01.243#,785.5,787.5,772.0,864.0,693.0,104807,255049.0,777.0,180,777.5,65,778.0,782,778.5,248,779.0,20,779.5,105,780.0,435,780.5,73,781.0,97,781.5,72,779.0
i2501,DCE,13:40:01.564#,785.5,787.5,772.0,864.0,693.0,104808,255050.0,777.0,180,777.5,65,778.0,782,778.5,250,779.0,19,779.5,109,780.0,441,780.5,73,781.0,97,781.5,72,779.0
i2501,DCE,13:40:01.632#,785.5,787.5,772.0,864.0,693.0,104811,255049.0,777.0,180,777.5,65,778.0,782,778.5,250,779.0,23,779.5,106,780.0,445,780.5,73,781.0,97,781.5,72,779.5
i2501,DCE,13:40:02.11#,785.5,787.5,772.0,864.0,693.0,104811,255049.0,777.0,180,777.5,65,778.0,782,778.5,250,779.0,28,779.5,106,780.0,448,780.5,73,781.0,97,781.5,72,779.5
i2501,DCE,13:40:02.563#,785.5,787.5,772.0,864.0,693.0,104811,255049.0,777.0,180,777.5,65,778.0,782,778.5,251,779.0,28,779.5,108,780.0,446,780.5,73,781.0,97,781.5,72,779.5
i2501,DCE,13:40:02.581#,785.5,787.5,772.0,864.0,693.0,104811,255049.0,777.0,180,777.5,65,778.0,782,778.5,241,779.0,28,779.5,110,780.0,446,780.5,73,781.0,97,781.5,72,779.5
i2501,DCE,13:40:02.971#,785.5,787.5,772.0,864.0,693.0,104811,255049.0,777.0,181,777.5,65,778.0,793,778.5,246,779.0,18,779.5,110,780.0,445,780.5,73,781.0,97,781.5,72,779.5
i2501,DCE,13:40:03.309#,785.5,787.5,772.0,864.0,693.0,104811,255049.0,777.0,181,777.5,65,778.0,793,778.5,233,779.0,22,779.5,110,780.0,452,780.5,73,781.0,97,781.5,72,779.5
i2501,DCE,13:40:03.542#,785.5,787.5,772.0,864.0,693.0,104811,255049.0,777.0,181,777.5,65,778.0,794,778.5,233,779.0,22,779.5,110,780.0,456,780.5,73,781.0,97,781.5,72,779.5
i2501,DCE,13:40:03.709#,785.5,787.5,772.0,864.0,693.0,104833,255069.0,776.5,25,777.0,181,777.5,65,778.0,794,778.5,232,779.0,19,779.5,110,780.0,462,780.5,73,781.0,97,779.0
i2501,DCE,13:40:03.946#,785.5,787.5,772.0,864.0,693.0,104833,255069.0,776.5,26,777.0,181,777.5,65,778.0,842,778.5,208,779.0,19,779.5,112,780.0,494,780.5,73,781.0,98,779.0
i2501,DCE,13:40:04.218#,785.5,787.5,772.0,864.0,693.0,104833,255069.0,776.5,26,777.0,181,777.5,65,778.0,836,778.5,206,779.0,19,779.5,113,780.0,489,780.5,73,781.0,98,779.0
i2501,DCE,13:40:04.542#,785.5,787.5,772.0,864.0,693.0,104836,255072.0,776.5,26,777.0,181,777.5,65,778.0,833,778.5,206,779.0,16,779.5,117,780.0,502,780.5,73,781.0,98,779.0
i2501,DCE,13:40:04.711#,785.5,787.5,772.0,864.0,693.0,104836,255072.0,776.5,26,777.0,181,777.5,65,778.0,1253,778.5,193,779.0,16,779.5,117,780.0,508,780.5,75,781.0,98,779.0
i2501,DCE,13:40:05.67#,785.5,787.5,772.0,864.0,693.0,104836,255072.0,776.5,26,777.0,181,777.5,65,778.0,831,778.5,202,779.0,29,779.5,124,780.0,526,780.5,74,781.0,98,779.0
i2501,DCE,13:40:05.193#,785.5,787.5,772.0,864.0,693.0,104836,255072.0,776.5,26,777.0,181,777.5,65,778.0,831,778.5,196,779.0,34,779.5,118,780.0,490,780.5,75,781.0,98,779.0
i2501,DCE,13:40:05.543#,785.5,787.5,772.0,864.0,693.0,104836,255072.0,776.5,26,777.0,181,777.5,65,778.0,831,778.5,197,779.0,34,779.5,118,780.0,502,780.5,75,781.0,98,779.0
i2501,DCE,13:40:05.786#,785.5,787.5,772.0,864.0,693.0,104836,255072.0,776.5,26,777.0,182,777.5,65,778.0,831,778.5,198,779.0,34,779.5,118,780.0,503,780.5,75,781.0,98,779.0
i2501,DCE,13:40:05.981#,785.5,787.5,772.0,864.0,693.0,104836,255072.0,776.5,26,777.0,182,777.5,65,778.0,831,778.5,198,779.0,34,779.5,121,780.0,487,780.5,75,781.0,98,779.0
i2501,DCE,13:40:06.276#,785.5,787.5,772.0,864.0,693.0,104837,255073.0,776.5,26,777.0,182,777.5,65,778.0,831,778.5,199,779.0,33,779.5,121,780.0,487,780.5,75,781.0,98,779.0
i2501,DCE,13:40:06.571#,785.5,787.5,772.0,864.0,693.0,104863,255081.0,776.5,26,777.0,182,777.5,65,778.0,831,778.5,171,779.0,33,779.5,121,780.0,487,780.5,75,781.0,98,778.5
i2501,DCE,13:40:06.807#,785.5,787.5,772.0,864.0,693.0,104863,255081.0,776.5,26,777.0,182,777.5,65,778.0,829,778.5,170,779.0,36,779.5,121,780.0,484,780.5,75,781.0,98,778.5
i2501,DCE,13:40:07.65#,785.5,787.5,772.0,864.0,693.0,104863,255081.0,776.5,26,777.0,182,777.5,65,778.0,829,778.5,177,779.0,41,779.5,121,780.0,483,780.5,75,781.0,98,778.5
i2501,DCE,13:40:07.211#,785.5,787.5,772.0,864.0,693.0,104863,255081.0,776.5,26,777.0,182,777.5,65,778.0,831,778.5,172,779.0,36,779.5,121,780.0,489,780.5,75,781.0,98,778.5
i2501,DCE,13:40:07.567#,785.5,787.5,772.0,864.0,693.0,104863,255081.0,776.5,26,777.0,182,777.5,65,778.0,831,778.5,178,779.0,36,779.5,120,780.0,483,780.5,75,781.0,98,778.5
i2501,DCE,13:40:07.810#,785.5,787.5,772.0,864.0,693.0,104863,255081.0,776.5,26,777.0,182,777.5,65,778.0,831,778.5,185,779.0,33,779.5,120,780.0,471,780.5,75,781.0,98,778.5
i2501,DCE,13:40:08.27#,785.5,787.5,772.0,864.0,693.0,104863,255081.0,776.5,26,777.0,182,777.5,65,778.0,832,778.5,200,779.0,20,779.5,120,780.0,476,780.5,75,781.0,98,778.5
i2501,DCE,13:40:08.218#,785.5,787.5,772.0,864.0,693.0,104870,255084.0,776.5,26,777.0,182,777.5,65,778.0,834,778.5,237,779.0,13,779.5,120,780.0,475,780.5,75,781.0,98,779.0
i2501,DCE,13:40:08.543#,785.5,787.5,772.0,864.0,693.0,104883,255079.0,777.0,182,777.5,65,778.0,837,778.5,275,779.0,36,779.5,120,780.0,470,780.5,75,781.0,98,781.5,67,779.0
i2501,DCE,13:40:08.651#,785.5,787.5,772.0,864.0,693.0,104883,255079.0,777.0,182,777.5,65,778.0,807,778.5,275,779.0,29,779.5,110,780.0,451,780.5,75,781.0,98,781.5,67,779.0
i2501,DCE,13:40:08.996#,785.5,787.5,772.0,864.0,693.0,104883,255079.0,777.0,182,777.5,65,778.0,807,778.5,266,779.0,14,779.5,113,780.0,461,780.5,75,781.0,98,781.5,67,779.0
i2501,DCE,13:40:09.273#,785.5,787.5,772.0,864.0,693.0,104883,255079.0,777.0,182,777.5,65,778.0,807,778.5,234,779.0,1,779.5,117,780.0,461,780.5,75,781.0,98,781.5,67,779.0
i2501,DCE,13:40:09.571#,785.5,787.5,772.0,864.0,693.0,104884,255080.0,776.5,25,777.0,182,777.5,65,778.0,807,778.5,228,779.0,2,779.5,123,780.0,478,780.5,75,781.0,98,779.0
i2501,DCE,13:40:09.714#,785.5,787.5,772.0,864.0,693.0,104884,255080.0,776.5,26,777.0,182,777.5,65,778.0,807,778.5,224,779.5,122,780.0,480,780.5,75,781.0,98,781.5,67,779.0
i2501,DCE,13:40:10.18#,785.5,787.5,772.0,864.0,693.0,104884,255080.0,776.5,26,777.0,182,777.5,65,778.0,807,778.5,226,779.0,1,779.5,118,780.0,478,780.5,75,781.0,98,779.0
i2501,DCE,13:40:10.277#,785.5,787.5,772.0,864.0,693.0,104884,255080.0,776.5,26,777.0,182,777.5,65,778.0,807,778.5,212,779.0,4,779.5,122,780.0,500,780.5,75,781.0,98,779.0
i2501,DCE,13:40:10.543#,785.5,787.5,772.0,864.0,693.0,104884,255080.0,776.5,26,777.0,182,777.5,65,778.0,807,778.5,211,779.0,14,779.5,121,780.0,503,780.5,75,781.0,98,779.0
i2501,DCE,13:40:10.662#,785.5,787.5,772.0,864.0,693.0,104884,255080.0,776.5,26,777.0,182,777.5,65,778.0,854,778.5,196,779.0,20,779.5,123,780.0,513,780.5,75,781.0,98,779.0
i2501,DCE,13:40:11.67#,785.5,787.5,772.0,864.0,693.0,104886,255081.0,776.5,26,777.0,182,777.5,65,778.0,854,778.5,188,779.0,22,779.5,123,780.0,518,780.5,75,781.0,98,779.0
i2501,DCE,13:40:11.240#,785.5,787.5,772.0,864.0,693.0,104887,255082.0,776.5,26,777.0,182,777.5,65,778.0,848,778.5,187,779.0,18,779.5,123,780.0,527,780.5,75,781.0,98,778.5
i2501,DCE,13:40:11.564#,785.5,787.5,772.0,864.0,693.0,104888,255083.0,776.5,26,777.0,182,777.5,65,778.0,845,778.5,185,779.0,18,779.5,123,780.0,519,780.5,75,781.0,98,778.5
i2501,DCE,13:40:11.725#,785.5,787.5,772.0,864.0,693.0,104888,255083.0,776.5,26,777.0,182,777.5,65,778.0,845,778.5,185,779.0,18,779.5,126,780.0,503,780.5,75,781.0,98,778.5
i2501,DCE,13:40:12.7#,785.5,787.5,772.0,864.0,693.0,104889,255083.0,776.5,26,777.0,182,777.5,65,778.0,845,778.5,186,779.0,10,779.5,126,780.0,505,780.5,75,781.0,98,779.0
i2501,DCE,13:40:12.193#,785.5,787.5,772.0,864.0,693.0,104889,255083.0,776.5,26,777.0,182,777.5,65,778.0,847,778.5,198,779.5,124,780.0,498,780.5,75,781.0,98,781.5,67,779.0
i2501,DCE,13:40:12.543#,785.5,787.5,772.0,864.0,693.0,104889,255083.0,776.5,26,777.0,182,777.5,65,778.0,851,778.5,216,779.5,124,780.0,492,780.5,75,781.0,98,781.5,67,779.0
i2501,DCE,13:40:12.719#,785.5,787.5,772.0,864.0,693.0,104889,255083.0,777.0,182,777.5,65,778.0,816,778.5,229,779.0,6,779.5,120,780.0,496,780.5,75,781.0,98,781.5,67,779.0
i2501,DCE,13:40:13.37#,785.5,787.5,772.0,864.0,693.0,104921,255099.0,776.5,25,777.0,182,777.5,65,778.0,817,778.5,218,779.0,2,779.5,123,780.0,497,780.5,75,781.0,98,778.5
i2501,DCE,13:40:13.235#,785.5,787.5,772.0,864.0,693.0,104923,255101.0,776.5,25,777.0,182,777.5,65,778.0,817,778.5,210,779.0,27,779.5,123,780.0,498,780.5,75,781.0,98,779.0
i2501,DCE,13:40:13.542#,785.5,787.5,772.0,864.0,693.0,104923,255101.0,776.5,25,777.0,182,777.5,65,778.0,848,778.5,208,779.0,25,779.5,123,780.0,498,780.5,75,781.0,98,779.0
i2501,DCE,13:40:13.772#,785.5,787.5,772.0,864.0,693.0,104923,255101.0,776.5,25,777.0,182,777.5,65,778.0,844,778.5,215,779.0,15,779.5,123,780.0,515,780.5,74,781.0,98,779.0
i2501,DCE,13:40:13.862#,785.5,787.5,772.0,864.0,693.0,104923,255101.0,776.5,25,777.0,182,777.5,65,778.0,846,778.5,223,779.0,10,779.5,123,780.0,511,780.5,74,781.0,98,779.0
i2501,DCE,13:40:14.256#,785.5,787.5,772.0,864.0,693.0,104923,255101.0,776.5,25,777.0,182,777.5,65,778.0,811,778.5,225,779.0,10,779.5,123,780.0,510,780.5,74,781.0,98,779.0
i2501,DCE,13:40:14.543#,785.5,787.5,772.0,864.0,693.0,104923,255101.0,776.5,25,777.0,182,777.5,65,778.0,811,778.5,227,779.0,10,779.5,124,780.0,505,780.5,74,781.0,98,779.0
i2501,DCE,13:40:14.776#,785.5,787.5,772.0,864.0,693.0,104923,255101.0,776.5,25,777.0,182,777.5,65,778.0,811,778.5,234,779.0,10,779.5,135,780.0,510,780.5,74,781.0,98,779.0
i2501,DCE,13:40:14.971#,785.5,787.5,772.0,864.0,693.0,104923,255101.0,776.5,25,777.0,182,777.5,65,778.0,811,778.5,236,779.0,11,779.5,135,780.0,512,780.5,74,781.0,98,779.0
i2501,DCE,13:40:15.315#,785.5,787.5,772.0,864.0,693.0,104924,255101.0,776.5,25,777.0,182,777.5,65,778.0,811,778.5,237,779.0,10,779.5,135,780.0,512,780.5,75,781.0,98,779.0
i2501,DCE,13:40:15.545#,785.5,787.5,772.0,864.0,693.0,104924,255101.0,776.5,25,777.0,182,777.5,65,778.0,811,778.5,264,779.0,11,779.5,135,780.0,512,780.5,75,781.0,98,779.0
i2501,DCE,13:40:15.777#,785.5,787.5,772.0,864.0,693.0,104924,255101.0,776.5,25,777.0,182,777.5,65,778.0,811,778.5,267,779.0,11,779.5,135,780.0,506,780.5,75,781.0,98,779.0
i2501,DCE,13:40:15.889#,785.5,787.5,772.0,864.0,693.0,104924,255101.0,776.5,25,777.0,182,777.5,65,778.0,811,778.5,270,779.0,11,779.5,135,780.0,501,780.5,75,781.0,98,779.0
i2501,DCE,13:40:16.248#,785.5,787.5,772.0,864.0,693.0,104935,255097.0,777.0,182,777.5,65,778.0,811,778.5,270,779.0,54,779.5,134,780.0,504,780.5,75,781.0,98,781.5,67,779.0
i2501,DCE,13:40:16.557#,785.5,787.5,772.0,864.0,693.0,104935,255097.0,777.0,182,777.5,65,778.0,816,778.5,285,779.0,54,779.5,117,780.0,488,780.5,75,781.0,98,781.5,67,779.0
i2501,DCE,13:40:16.802#,785.5,787.5,772.0,864.0,693.0,104937,255097.0,777.0,182,777.5,65,778.0,818,778.5,292,779.0,52,779.5,117,780.0,469,780.5,75,781.0,98,781.5,67,779.0
i2501,DCE,13:40:16.925#,785.5,787.5,772.0,864.0,693.0,104937,255097.0,777.0,182,777.5,65,778.0,818,778.5,292,779.0,55,779.5,117,780.0,469,780.5,75,781.0,98,781.5,67,779.0
i2501,DCE,13:40:17.289#,785.5,787.5,772.0,864.0,693.0,105057,255127.0,776.5,25,777.0,182,777.5,65,778.0,818,778.5,231,779.0,5,779.5,117,780.0,470,780.5,75,781.0,98,778.5
i2501,DCE,13:40:17.544#,785.5,787.5,772.0,864.0,693.0,105057,255127.0,776.5,25,777.0,182,777.5,65,778.0,818,778.5,272,779.0,31,779.5,127,780.0,478,780.5,75,781.0,98,778.5
i2501,DCE,13:40:17.715#,785.5,787.5,772.0,864.0,693.0,105066,255132.0,776.5,25,777.0,182,777.5,65,778.0,810,778.5,270,779.0,4,779.5,127,780.0,474,780.5,75,781.0,98,779.0
i2501,DCE,13:40:17.991#,785.5,787.5,772.0,864.0,693.0,105066,255132.0,777.0,182,777.5,65,778.0,816,778.5,275,779.0,7,779.5,127,780.0,479,780.5,75,781.0,98,781.5,67,779.0
i2501,DCE,13:40:18.234#,785.5,787.5,772.0,864.0,693.0,105066,255132.0,776.5,25,777.0,182,777.5,65,778.0,818,778.5,276,779.0,5,779.5,125,780.0,475,780.5,75,781.0,98,779.0
i2501,DCE,13:40:18.558#,785.5,787.5,772.0,864.0,693.0,105075,255132.0,777.0,182,777.5,65,778.0,818,778.5,276,779.0,6,779.5,127,780.0,473,780.5,75,781.0,98,781.5,67,779.0
i2501,DCE,13:40:18.763#,785.5,787.5,772.0,864.0,693.0,105184,255067.0,777.0,182,777.5,65,778.0,818,778.5,278,779.0,6,779.5,16,780.0,469,780.5,75,781.0,98,781.5,67,779.5
i2501,DCE,13:40:19.47#,785.5,787.5,772.0,864.0,693.0,105225,255086.0,777.5,65,778.0,818,778.5,285,779.0,82,779.5,69,780.0,448,780.5,94,781.0,100,781.5,67,782.0,134,779.5
i2501,DCE,13:40:19.305#,785.5,787.5,772.0,864.0,693.0,105226,255087.0,777.5,65,778.0,778,778.5,295,779.0,98,779.5,70,780.0,410,780.5,165,781.0,100,781.5,67,782.0,134,779.5
i2501,DCE,13:40:19.566#,785.5,787.5,772.0,864.0,693.0,105228,255089.0,777.5,65,778.0,778,778.5,325,779.0,98,779.5,84,780.0,372,780.5,169,781.0,100,781.5,67,782.0,134,779.5
i2501,DCE,13:40:19.709#,785.5,787.5,772.0,864.0,693.0,105228,255089.0,777.5,65,778.0,747,778.5,337,779.0,98,779.5,84,780.0,328,780.5,196,781.0,100,781.5,67,782.0,134,779.5
i2501,DCE,13:40:20.41#,785.5,787.5,772.0,864.0,693.0,105228,255089.0,777.5,65,778.0,747,778.5,156,779.0,216,779.5,85,780.0,93,780.5,353,781.0,100,781.5,67,782.0,134,779.5
i2501,DCE,13:40:20.297#,785.5,787.5,772.0,864.0,693.0,105228,255089.0,777.5,65,778.0,747,778.5,114,779.0,245,779.5,101,780.0,65,780.5,219,781.0,100,781.5,67,782.0,134,779.5
i2501,DCE,13:40:20.549#,785.5,787.5,772.0,864.0,693.0,105228,255089.0,777.5,65,778.0,736,778.5,115,779.0,273,779.5,114,780.0,60,780.5,191,781.0,155,781.5,67,782.0,134,779.5
i2501,DCE,13:40:20.770#,785.5,787.5,772.0,864.0,693.0,105228,255089.0,777.5,65,778.0,732,778.5,82,779.0,278,779.5,122,780.0,60,780.5,180,781.0,282,781.5,67,782.0,134,779.5
i2501,DCE,13:40:21.41#,785.5,787.5,772.0,864.0,693.0,105228,255089.0,777.5,65,778.0,732,778.5,82,779.0,279,779.5,122,780.0,60,780.5,180,781.0,282,781.5,67,782.0,134,779.5
i2501,DCE,13:40:21.291#,785.5,787.5,772.0,864.0,693.0,105228,255089.0,777.5,65,778.0,732,778.5,82,779.0,280,779.5,122,780.0,61,780.5,182,781.0,282,781.5,67,782.0,134,779.5
i2501,DCE,13:40:21.567#,785.5,787.5,772.0,864.0,693.0,105229,255090.0,777.5,65,778.0,732,778.5,83,779.0,281,779.5,121,780.0,61,780.5,181,781.0,282,781.5,67,782.0,134,779.5
i2501,DCE,13:40:21.791#,785.5,787.5,772.0,864.0,693.0,105229,255090.0,777.5,65,778.0,732,778.5,83,779.0,283,779.5,121,780.0,61,780.5,174,781.0,281,781.5,67,782.0,134,779.5
i2501,DCE,13:40:22.41#,785.5,787.5,772.0,864.0,693.0,105229,255090.0,777.5,65,778.0,732,778.5,83,779.0,284,779.5,122,780.0,61,780.5,173,781.0,281,781.5,67,782.0,134,779.5
i2501,DCE,13:40:22.300#,785.5,787.5,772.0,864.0,693.0,105229,255090.0,777.5,65,778.0,732,778.5,84,779.0,284,779.5,122,780.0,61,780.5,175,781.0,286,781.5,67,782.0,134,779.5
i2501,DCE,13:40:22.555#,785.5,787.5,772.0,864.0,693.0,105229,255090.0,777.5,65,778.0,732,778.5,84,779.0,284,779.5,122,780.0,62,780.5,160,781.0,286,781.5,67,782.0,134,779.5
i2501,DCE,13:40:22.995#,785.5,787.5,772.0,864.0,693.0,105229,255090.0,777.5,65,778.0,732,778.5,84,779.0,290,779.5,122,780.0,70,780.5,160,781.0,287,781.5,67,782.0,134,779.5
i2501,DCE,13:40:23.294#,785.5,787.5,772.0,864.0,693.0,105230,255091.0,777.5,65,778.0,732,778.5,84,779.0,291,779.5,120,780.0,71,780.5,160,781.0,287,781.5,67,782.0,134,780.0
i2501,DCE,13:40:23.541#,785.5,787.5,772.0,864.0,693.0,105230,255091.0,777.5,65,778.0,732,778.5,84,779.0,303,779.5,120,780.0,76,780.5,161,781.0,292,781.5,67,782.0,134,780.0
i2501,DCE,13:40:23.799#,785.5,787.5,772.0,864.0,693.0,105230,255091.0,777.5,65,778.0,733,778.5,84,779.0,299,779.5,113,780.0,76,780.5,159,781.0,295,781.5,67,782.0,134,780.0
i2501,DCE,13:40:23.957#,785.5,787.5,772.0,864.0,693.0,105230,255091.0,777.5,65,778.0,733,778.5,84,779.0,297,779.5,113,780.0,76,780.5,159,781.0,295,781.5,67,782.0,134,780.0
i2501,DCE,13:40:24.270#,785.5,787.5,772.0,864.0,693.0,105230,255091.0,777.5,65,778.0,733,778.5,84,779.0,297,779.5,103,780.0,89,780.5,162,781.0,295,781.5,67,782.0,134,780.0
i2501,DCE,13:40:24.568#,785.5,787.5,772.0,864.0,693.0,105231,255091.0,777.5,65,778.0,733,778.5,84,779.0,287,779.5,85,780.0,93,780.5,180,781.0,280,781.5,67,782.0,134,780.0
i2501,DCE,13:40:24.619#,785.5,787.5,772.0,864.0,693.0,105231,255091.0,777.5,65,778.0,733,778.5,84,779.0,278,779.5,87,780.0,94,780.5,188,781.0,239,781.5,67,782.0,134,780.0
i2501,DCE,13:40:25.284#,785.5,787.5,772.0,864.0,693.0,105232,255092.0,777.5,65,778.0,733,778.5,115,779.0,261,779.5,87,780.0,92,780.5,193,781.0,238,781.5,67,782.0,134,780.0
i2501,DCE,13:40:25.540#,785.5,787.5,772.0,864.0,693.0,105238,255092.0,777.5,65,778.0,733,778.5,115,779.0,261,779.5,83,780.0,92,780.5,193,781.0,238,781.5,67,782.0,134,779.5
i2501,DCE,13:40:25.804#,785.5,787.5,772.0,864.0,693.0,105238,255092.0,777.5,65,778.0,733,778.5,115,779.0,261,779.5,83,780.0,92,780.5,187,781.0,238,781.5,67,782.0,134,779.5
i2501,DCE,13:40:26.31#,785.5,787.5,772.0,864.0,693.0,105238,255092.0,777.5,65,778.0,733,778.5,115,779.0,261,779.5,83,780.0,94,780.5,187,781.0,238,781.5,67,782.0,134,779.5
i2501,DCE,13:40:26.298#,785.5,787.5,772.0,864.0,693.0,105238,255092.0,777.5,65,778.0,733,778.5,115,779.0,265,779.5,83,780.0,94,780.5,187,781.0,238,781.5,67,782.0,134,779.5
i2501,DCE,13:40:26.547#,785.5,787.5,772.0,864.0,693.0,105239,255091.0,777.5,65,778.0,733,778.5,115,779.0,277,779.5,83,780.0,93,780.5,186,781.0,238,781.5,67,782.0,134,780.0
i2501,DCE,13:40:26.628#,785.5,787.5,772.0,864.0,693.0,105240,255092.0,777.5,65,778.0,733,778.5,115,779.0,279,779.5,82,780.0,93,780.5,182,781.0,238,781.5,67,782.0,134,779.5
i2501,DCE,13:40:27.24#,785.5,787.5,772.0,864.0,693.0,105240,255092.0,777.5,65,778.0,733,778.5,115,779.0,284,779.5,84,780.0,92,780.5,182,781.0,238,781.5,67,782.0,134,779.5
i2501,DCE,13:40:27.541#,785.5,787.5,772.0,864.0,693.0,105242,255094.0,777.5,65,778.0,733,778.5,115,779.0,304,779.5,82,780.0,89,780.5,145,781.0,279,781.5,67,782.0,134,779.5
i2501,DCE,13:40:27.802#,785.5,787.5,772.0,864.0,693.0,105242,255094.0,777.5,65,778.0,733,778.5,84,779.0,337,779.5,94,780.0,70,780.5,125,781.0,294,781.5,67,782.0,134,779.5
i2501,DCE,13:40:27.985#,785.5,787.5,772.0,864.0,693.0,105242,255094.0,777.5,65,778.0,733,778.5,84,779.0,341,779.5,108,780.0,56,780.5,116,781.0,294,781.5,67,782.0,134,779.5
i2501,DCE,13:40:28.309#,785.5,787.5,772.0,864.0,693.0,105246,255091.0,777.5,65,778.0,733,778.5,84,779.0,344,779.5,108,780.0,52,780.5,99,781.0,289,781.5,67,782.0,134,780.0
i2501,DCE,13:40:28.540#,785.5,787.5,772.0,864.0,693.0,105246,255091.0,777.5,65,778.0,733,778.5,84,779.0,349,779.5,108,780.0,52,780.5,99,781.0,294,781.5,67,782.0,134,780.0
i2501,DCE,13:40:29.34#,785.5,787.5,772.0,864.0,693.0,105246,255091.0,777.5,65,778.0,733,778.5,84,779.0,349,779.5,110,780.0,52,780.5,103,781.0,293,781.5,67,782.0,134,780.0
i2501,DCE,13:40:29.157#,785.5,787.5,772.0,864.0,693.0,105248,255091.0,777.5,65,778.0,733,778.5,84,779.0,216,779.5,116,780.0,50,780.5,85,781.0,458,781.5,67,782.0,134,780.0
i2501,DCE,13:40:29.541#,785.5,787.5,772.0,864.0,693.0,105248,255091.0,777.5,65,778.0,733,778.5,83,779.0,243,779.5,115,780.0,50,780.5,83,781.0,463,781.5,68,782.0,134,780.0
i2501,DCE,13:40:29.817#,785.5,787.5,772.0,864.0,693.0,105248,255091.0,777.5,65,778.0,733,778.5,83,779.0,376,779.5,110,780.0,50,780.5,83,781.0,462,781.5,68,782.0,134,780.0
i2501,DCE,13:40:29.913#,785.5,787.5,772.0,864.0,693.0,105248,255091.0,777.5,65,778.0,733,778.5,83,779.0,231,779.5,120,780.0,51,780.5,83,781.0,468,781.5,67,782.0,134,780.0
i2501,DCE,13:40:30.285#,785.5,787.5,772.0,864.0,693.0,105248,255091.0,777.5,65,778.0,733,778.5,83,779.0,249,779.5,123,780.0,51,780.5,83,781.0,464,781.5,68,782.0,134,780.0
i2501,DCE,13:40:30.543#,785.5,787.5,772.0,864.0,693.0,105251,255094.0,777.5,65,778.0,733,778.5,83,779.0,251,779.5,122,780.0,48,780.5,83,781.0,463,781.5,68,782.0,134,780.0
i2501,DCE,13:40:31.71#,785.5,787.5,772.0,864.0,693.0,105251,255094.0,777.5,65,778.0,753,778.5,83,779.0,251,779.5,122,780.0,48,780.5,83,781.0,463,781.5,68,782.0,134,780.0
i2501,DCE,13:40:31.308#,785.5,787.5,772.0,864.0,693.0,105254,255095.0,777.5,65,778.0,753,778.5,83,779.0,252,779.5,118,780.0,45,780.5,83,781.0,463,781.5,68,782.0,134,780.0
i2501,DCE,13:40:31.571#,785.5,787.5,772.0,864.0,693.0,105255,255096.0,777.5,65,778.0,753,778.5,83,779.0,252,779.5,118,780.0,45,780.5,83,781.0,462,781.5,68,782.0,134,779.5
i2501,DCE,13:40:31.691#,785.5,787.5,772.0,864.0,693.0,105256,255097.0,777.5,65,778.0,753,778.5,83,779.0,252,779.5,114,780.0,45,780.5,83,781.0,462,781.5,68,782.0,134,779.5
i2501,DCE,13:40:31.854#,785.5,787.5,772.0,864.0,693.0,105256,255097.0,777.5,65,778.0,753,778.5,83,779.0,252,779.5,114,780.0,45,780.5,83,781.0,437,781.5,68,782.0,134,779.5
i2501,DCE,13:40:32.322#,785.5,787.5,772.0,864.0,693.0,105256,255097.0,777.5,65,778.0,753,778.5,83,779.0,247,779.5,114,780.0,45,780.5,83,781.0,431,781.5,68,782.0,134,779.5
i2501,DCE,13:40:32.555#,785.5,787.5,772.0,864.0,693.0,105256,255097.0,777.5,65,778.0,753,778.5,83,779.0,262,779.5,113,780.0,45,780.5,83,781.0,431,781.5,68,782.0,134,779.5
i2501,DCE,13:40:32.675#,785.5,787.5,772.0,864.0,693.0,105256,255097.0,777.5,65,778.0,753,778.5,83,779.0,262,779.5,112,780.0,45,780.5,83,781.0,451,781.5,68,782.0,134,779.5
i2501,DCE,13:40:33.38#,785.5,787.5,772.0,864.0,693.0,105256,255097.0,777.5,65,778.0,753,778.5,83,779.0,529,779.5,108,780.0,45,780.5,84,781.0,289,781.5,68,782.0,134,779.5
i2501,DCE,13:40:33.310#,785.5,787.5,772.0,864.0,693.0,105256,255097.0,777.5,65,778.0,753,778.5,83,779.0,524,779.5,108,780.0,54,780.5,83,781.0,466,781.5,67,782.0,134,779.5
i2501,DCE,13:40:33.560#,785.5,787.5,772.0,864.0,693.0,105256,255097.0,777.5,65,778.0,753,778.5,83,779.0,516,779.5,108,780.0,51,780.5,89,781.0,294,781.5,67,782.0,134,779.5
i2501,DCE,13:40:33.651#,785.5,787.5,772.0,864.0,693.0,105256,255097.0,777.5,65,778.0,753,778.5,83,779.0,503,779.5,108,780.0,51,780.5,117,781.0,232,781.5,67,782.0,134,779.5
i2501,DCE,13:40:34.44#,785.5,787.5,772.0,864.0,693.0,105256,255097.0,777.5,65,778.0,753,778.5,83,779.0,500,779.5,108,780.0,51,780.5,119,781.0,311,781.5,67,782.0,134,779.5
i2501,DCE,13:40:34.245#,785.5,787.5,772.0,864.0,693.0,105256,255097.0,777.5,65,778.0,753,778.5,83,779.0,498,779.5,108,780.0,51,780.5,122,781.0,309,781.5,67,782.0,134,779.5
i2501,DCE,13:40:34.548#,785.5,787.5,772.0,864.0,693.0,105256,255097.0,777.5,65,778.0,753,778.5,83,779.0,507,779.5,108,780.0,61,780.5,122,781.0,317,781.5,67,782.0,134,779.5
i2501,DCE,13:40:34.699#,785.5,787.5,772.0,864.0,693.0,105257,255098.0,777.5,65,778.0,753,778.5,84,779.0,507,779.5,108,780.0,60,780.5,122,781.0,317,781.5,67,782.0,134,780.0
i2501,DCE,13:40:35.44#,785.5,787.5,772.0,864.0,693.0,105277,255118.0,777.5,65,778.0,753,778.5,84,779.0,507,779.5,98,780.0,50,780.5,121,781.0,317,781.5,67,782.0,134,779.5
i2501,DCE,13:40:35.73#,785.5,787.5,772.0,864.0,693.0,105277,255118.0,777.5,65,778.0,753,778.5,84,779.0,507,779.5,98,780.0,50,780.5,118,781.0,309,781.5,67,782.0,134,779.5
i2501,DCE,13:40:35.569#,785.5,787.5,772.0,864.0,693.0,105277,255118.0,777.5,65,778.0,753,778.5,84,779.0,509,779.5,98,780.0,50,780.5,109,781.0,309,781.5,67,782.0,134,779.5
i2501,DCE,13:40:35.666#,785.5,787.5,772.0,864.0,693.0,105277,255118.0,777.5,65,778.0,753,778.5,84,779.0,509,779.5,98,780.0,50,780.5,101,781.0,309,781.5,67,782.0,134,779.5
i2501,DCE,13:40:36.7#,785.5,787.5,772.0,864.0,693.0,105278,255119.0,777.5,65,778.0,753,778.5,84,779.0,513,779.5,98,780.0,49,780.5,99,781.0,309,781.5,67,782.0,134,780.0
i2501,DCE,13:40:36.262#,785.5,787.5,772.0,864.0,693.0,105278,255119.0,777.5,65,778.0,753,778.5,84,779.0,513,779.5,99,780.0,40,780.5,97,781.0,293,781.5,67,782.0,134,780.0
i2501,DCE,13:40:36.569#,785.5,787.5,772.0,864.0,693.0,105279,255120.0,777.5,65,778.0,753,778.5,84,779.0,515,779.5,98,780.0,38,780.5,94,781.0,293,781.5,67,782.0,134,779.5
i2501,DCE,13:40:36.710#,785.5,787.5,772.0,864.0,693.0,105279,255120.0,777.5,65,778.0,753,778.5,84,779.0,233,779.5,99,780.0,38,780.5,83,781.0,475,781.5,67,782.0,134,779.5
i2501,DCE,13:40:36.877#,785.5,787.5,772.0,864.0,693.0,105279,255120.0,777.5,65,778.0,753,778.5,83,779.0,253,779.5,108,780.0,34,780.5,83,781.0,465,781.5,67,782.0,134,779.5
i2501,DCE,13:40:37.199#,785.5,787.5,772.0,864.0,693.0,105279,255120.0,777.5,65,778.0,753,778.5,83,779.0,245,779.5,114,780.0,34,780.5,83,781.0,462,781.5,67,782.0,134,779.5
i2501,DCE,13:40:37.560#,785.5,787.5,772.0,864.0,693.0,105279,255120.0,777.5,65,778.0,753,778.5,83,779.0,249,779.5,113,780.0,34,780.5,83,781.0,456,781.5,67,782.0,134,779.5
i2501,DCE,13:40:37.715#,785.5,787.5,772.0,864.0,693.0,105279,255120.0,777.5,65,778.0,753,778.5,82,779.0,249,779.5,114,780.0,34,780.5,83,781.0,451,781.5,67,782.0,134,779.5
i2501,DCE,13:40:37.831#,785.5,787.5,772.0,864.0,693.0,105279,255120.0,777.5,65,778.0,753,778.5,82,779.0,249,779.5,114,780.0,34,780.5,83,781.0,448,781.5,67,782.0,134,779.5
i2501,DCE,13:40:38.316#,785.5,787.5,772.0,864.0,693.0,105279,255120.0,777.5,65,778.0,753,778.5,82,779.0,249,779.5,134,780.0,34,780.5,83,781.0,447,781.5,67,782.0,134,779.5
i2501,DCE,13:40:38.542#,785.5,787.5,772.0,864.0,693.0,105281,255122.0,777.5,65,778.0,753,778.5,82,779.0,249,779.5,134,780.0,32,780.5,83,781.0,445,781.5,67,782.0,134,780.0
i2501,DCE,13:40:38.802#,785.5,787.5,772.0,864.0,693.0,105283,255123.0,777.5,65,778.0,754,778.5,82,779.0,249,779.5,138,780.0,30,780.5,83,781.0,445,781.5,67,782.0,134,780.0
i2501,DCE,13:40:38.989#,785.5,787.5,772.0,864.0,693.0,105283,255123.0,777.5,65,778.0,755,778.5,82,779.0,249,779.5,141,780.0,30,780.5,83,781.0,443,781.5,67,782.0,136,780.0
i2501,DCE,13:40:39.232#,785.5,787.5,772.0,864.0,693.0,105283,255123.0,777.5,65,778.0,755,778.5,82,779.0,249,779.5,163,780.0,30,780.5,83,781.0,443,781.5,67,782.0,136,780.0
i2501,DCE,13:40:39.542#,785.5,787.5,772.0,864.0,693.0,105291,255127.0,777.5,65,778.0,755,778.5,82,779.0,211,779.5,186,780.0,22,780.5,83,781.0,431,781.5,67,782.0,136,780.0
i2501,DCE,13:40:39.641#,785.5,787.5,772.0,864.0,693.0,105309,255128.0,777.5,65,778.0,755,778.5,82,779.0,216,779.5,195,780.0,4,780.5,82,781.0,413,781.5,67,782.0,136,780.0
i2501,DCE,13:40:40.49#,785.5,787.5,772.0,864.0,693.0,105313,255127.0,778.0,755,778.5,80,779.0,232,779.5,212,780.0,48,780.5,82,781.0,384,781.5,69,782.0,136,782.5,54,780.0
i2501,DCE,13:40:40.289#,785.5,787.5,772.0,864.0,693.0,105313,255127.0,778.0,755,778.5,90,779.0,219,779.5,223,780.0,31,780.5,67,781.0,313,781.5,69,782.0,136,782.5,54,780.0
i2501,DCE,13:40:40.544#,785.5,787.5,772.0,864.0,693.0,105313,255127.0,778.0,755,778.5,90,779.0,218,779.5,231,780.0,2,780.5,70,781.0,297,781.5,68,782.0,136,782.5,54,780.0
i2501,DCE,13:40:40.790#,785.5,787.5,772.0,864.0,693.0,105313,255127.0,777.5,65,778.0,755,778.5,89,779.0,220,779.5,224,780.5,78,781.0,288,781.5,68,782.0,136,782.5,54,780.0
i2501,DCE,13:40:41.3#,785.5,787.5,772.0,864.0,693.0,105313,255127.0,778.0,757,778.5,89,779.0,223,779.5,232,780.0,1,780.5,86,781.0,284,781.5,68,782.0,136,782.5,54,780.0
i2501,DCE,13:40:41.224#,785.5,787.5,772.0,864.0,693.0,105313,255127.0,778.0,770,778.5,89,779.0,221,779.5,219,780.0,2,780.5,82,781.0,288,781.5,68,782.0,136,782.5,54,780.0
i2501,DCE,13:40:41.571#,785.5,787.5,772.0,864.0,693.0,105314,255128.0,778.0,770,778.5,89,779.0,221,779.5,213,780.0,2,780.5,84,781.0,302,781.5,68,782.0,136,782.5,54,780.0
i2501,DCE,13:40:41.677#,785.5,787.5,772.0,864.0,693.0,105314,255128.0,778.0,770,778.5,89,779.0,211,779.5,209,780.0,2,780.5,84,781.0,305,781.5,68,782.0,136,782.5,54,780.0
i2501,DCE,13:40:41.839#,785.5,787.5,772.0,864.0,693.0,105314,255128.0,778.0,770,778.5,89,779.0,211,779.5,201,780.0,2,780.5,84,781.0,306,781.5,68,782.0,136,782.5,54,780.0
i2501,DCE,13:40:42.268#,785.5,787.5,772.0,864.0,693.0,105315,255128.0,778.0,770,778.5,89,779.0,211,779.5,201,780.0,2,780.5,83,781.0,318,781.5,68,782.0,136,782.5,54,780.5
i2501,DCE,13:40:42.571#,785.5,787.5,772.0,864.0,693.0,105315,255128.0,778.0,770,778.5,89,779.0,211,779.5,200,780.0,2,780.5,83,781.0,318,781.5,68,782.0,136,782.5,54,780.5
i2501,DCE,13:40:42.808#,785.5,787.5,772.0,864.0,693.0,105319,255131.0,778.0,770,778.5,89,779.0,211,779.5,202,780.0,2,780.5,79,781.0,319,781.5,68,782.0,136,782.5,54,780.5
i2501,DCE,13:40:42.856#,785.5,787.5,772.0,864.0,693.0,105319,255131.0,778.0,770,778.5,89,779.0,211,779.5,202,780.0,5,780.5,79,781.0,319,781.5,68,782.0,136,782.5,54,780.5
i2501,DCE,13:40:43.253#,785.5,787.5,772.0,864.0,693.0,105319,255131.0,778.0,770,778.5,89,779.0,213,779.5,203,780.0,6,780.5,79,781.0,320,781.5,68,782.0,136,782.5,54,780.5
i2501,DCE,13:40:43.542#,785.5,787.5,772.0,864.0,693.0,105319,255131.0,778.0,770,778.5,89,779.0,213,779.5,203,780.0,5,780.5,79,781.0,323,781.5,68,782.0,136,782.5,54,780.5
i2501,DCE,13:40:43.822#,785.5,787.5,772.0,864.0,693.0,105319,255131.0,778.0,770,778.5,90,779.0,213,779.5,202,780.0,5,780.5,79,781.0,301,781.5,68,782.0,136,782.5,54,780.5
i2501,DCE,13:40:43.984#,785.5,787.5,772.0,864.0,693.0,105329,255121.0,778.0,770,778.5,90,779.0,213,779.5,202,780.0,5,780.5,69,781.0,302,781.5,68,782.0,136,782.5,54,780.5
i2501,DCE,13:40:44.219#,785.5,787.5,772.0,864.0,693.0,105329,255121.0,778.0,770,778.5,90,779.0,213,779.5,204,780.0,14,780.5,73,781.0,302,781.5,68,782.0,136,782.5,54,780.5
i2501,DCE,13:40:44.544#,785.5,787.5,772.0,864.0,693.0,105329,255121.0,778.0,770,778.5,90,779.0,213,779.5,204,780.0,16,780.5,73,781.0,301,781.5,68,782.0,136,782.5,54,780.5
i2501,DCE,13:40:44.822#,785.5,787.5,772.0,864.0,693.0,105329,255121.0,778.0,771,778.5,90,779.0,213,779.5,208,780.0,16,780.5,73,781.0,296,781.5,68,782.0,136,782.5,54,780.5
i2501,DCE,13:40:44.888#,785.5,787.5,772.0,864.0,693.0,105329,255121.0,778.0,771,778.5,90,779.0,213,779.5,209,780.0,17,780.5,73,781.0,294,781.5,68,782.0,136,782.5,54,780.5
i2501,DCE,13:40:45.219#,785.5,787.5,772.0,864.0,693.0,105329,255121.0,778.0,771,778.5,90,779.0,213,779.5,211,780.0,18,780.5,73,781.0,290,781.5,68,782.0,136,782.5,54,780.5
i2501,DCE,13:40:45.544#,785.5,787.5,772.0,864.0,693.0,105329,255121.0,778.0,771,778.5,90,779.0,213,779.5,214,780.0,22,780.5,69,781.0,280,781.5,68,782.0,136,782.5,54,780.5
i2501,DCE,13:40:45.817#,785.5,787.5,772.0,864.0,693.0,105329,255121.0,778.0,771,778.5,90,779.0,213,779.5,222,780.0,31,780.5,65,781.0,274,781.5,68,782.0,136,782.5,54,780.5
i2501,DCE,13:40:45.989#,785.5,787.5,772.0,864.0,693.0,105329,255121.0,778.0,771,778.5,90,779.0,213,779.5,229,780.0,47,780.5,65,781.0,271,781.5,68,782.0,136,782.5,54,780.5
i2501,DCE,13:40:46.294#,785.5,787.5,772.0,864.0,693.0,105332,255121.0,778.0,771,778.5,90,779.0,213,779.5,230,780.0,48,780.5,59,781.0,263,781.5,68,782.0,136,782.5,54,780.5
i2501,DCE,13:40:46.553#,785.5,787.5,772.0,864.0,693.0,105332,255121.0,778.0,771,778.5,90,779.0,213,779.5,237,780.0,48,780.5,53,781.0,247,781.5,68,782.0,136,782.5,54,780.5
i2501,DCE,13:40:46.760#,785.5,787.5,772.0,864.0,693.0,105333,255121.0,778.0,771,778.5,90,779.0,212,779.5,254,780.0,47,780.5,39,781.0,238,781.5,68,782.0,136,782.5,54,780.0
i2501,DCE,13:40:46.955#,785.5,787.5,772.0,864.0,693.0,105334,255122.0,778.0,771,778.5,90,779.0,185,779.5,302,780.0,47,780.5,32,781.0,235,781.5,68,782.0,136,782.5,54,780.5
i2501,DCE,13:40:47.312#,785.5,787.5,772.0,864.0,693.0,105336,255123.0,778.0,771,778.5,90,779.0,185,779.5,303,780.0,62,780.5,29,781.0,218,781.5,192,782.0,136,782.5,54,780.5
i2501,DCE,13:40:47.408#,785.5,787.5,772.0,864.0,693.0,105337,255124.0,778.0,771,778.5,90,779.0,185,779.5,305,780.0,68,780.5,27,781.0,207,781.5,217,782.0,136,782.5,54,780.0
i2501,DCE,13:40:47.588#,785.5,787.5,772.0,864.0,693.0,105337,255124.0,778.0,771,778.5,90,779.0,154,779.5,309,780.0,68,780.5,27,781.0,207,781.5,218,782.0,136,782.5,54,780.0
i2501,DCE,13:40:48.13#,785.5,787.5,772.0,864.0,693.0,105337,255124.0,778.0,771,778.5,90,779.0,154,779.5,310,780.0,68,780.5,27,781.0,209,781.5,218,782.0,136,782.5,54,780.0
i2501,DCE,13:40:48.295#,785.5,787.5,772.0,864.0,693.0,105337,255124.0,778.0,771,778.5,90,779.0,154,779.5,310,780.0,68,780.5,29,781.0,209,781.5,218,782.0,136,782.5,54,780.0
i2501,DCE,13:40:48.543#,785.5,787.5,772.0,864.0,693.0,105341,255124.0,778.0,771,778.5,90,779.0,154,779.5,311,780.0,68,780.5,23,781.0,209,781.5,218,782.0,136,782.5,54,780.5
i2501,DCE,13:40:48.792#,785.5,787.5,772.0,864.0,693.0,105341,255124.0,778.0,771,778.5,90,779.0,157,779.5,311,780.0,70,780.5,23,781.0,213,781.5,218,782.0,136,782.5,54,780.5
i2501,DCE,13:40:49.42#,785.5,787.5,772.0,864.0,693.0,105341,255124.0,778.0,771,778.5,90,779.0,157,779.5,310,780.0,70,780.5,23,781.0,213,781.5,218,782.0,136,782.5,54,780.5
i2501,DCE,13:40:49.292#,785.5,787.5,772.0,864.0,693.0,105341,255124.0,778.0,771,778.5,90,779.0,157,779.5,311,780.0,70,780.5,23,781.0,211,781.5,218,782.0,136,782.5,54,780.5
i2501,DCE,13:40:49.543#,785.5,787.5,772.0,864.0,693.0,105341,255124.0,778.0,771,778.5,90,779.0,157,779.5,441,780.0,70,780.5,23,781.0,211,781.5,218,782.0,136,782.5,54,780.5
i2501,DCE,13:40:49.792#,785.5,787.5,772.0,864.0,693.0,105341,255124.0,778.0,771,778.5,86,779.0,157,779.5,438,780.0,75,780.5,24,781.0,210,781.5,218,782.0,136,782.5,54,780.5
i2501,DCE,13:40:50.298#,785.5,787.5,772.0,864.0,693.0,105341,255124.0,778.0,771,778.5,86,779.0,157,779.5,439,780.0,75,780.5,24,781.0,210,781.5,218,782.0,136,782.5,54,780.5
i2501,DCE,13:40:50.552#,785.5,787.5,772.0,864.0,693.0,105341,255124.0,778.0,771,778.5,86,779.0,157,779.5,439,780.0,75,780.5,24,781.0,209,781.5,218,782.0,136,782.5,54,780.5
i2501,DCE,13:40:50.792#,785.5,787.5,772.0,864.0,693.0,105341,255124.0,778.0,771,778.5,86,779.0,157,779.5,439,780.0,75,780.5,25,781.0,209,781.5,218,782.0,136,782.5,54,780.5
i2501,DCE,13:40:51.42#,785.5,787.5,772.0,864.0,693.0,105341,255124.0,778.0,771,778.5,86,779.0,157,779.5,439,780.0,76,780.5,25,781.0,209,781.5,218,782.0,136,782.5,54,780.5
i2501,DCE,13:40:51.321#,785.5,787.5,772.0,864.0,693.0,105341,255124.0,778.0,771,778.5,86,779.0,157,779.5,438,780.0,76,780.5,25,781.0,209,781.5,218,782.0,136,782.5,54,780.5
i2501,DCE,13:40:51.550#,785.5,787.5,772.0,864.0,693.0,105341,255124.0,778.0,771,778.5,86,779.0,157,779.5,438,780.0,76,780.5,25,781.0,207,781.5,218,782.0,136,782.5,54,780.5
i2501,DCE,13:40:51.791#,785.5,787.5,772.0,864.0,693.0,105343,255124.0,778.0,771,778.5,86,779.0,157,779.5,438,780.0,74,780.5,25,781.0,207,781.5,218,782.0,136,782.5,54,780.0
i2501,DCE,13:40:52.47#,785.5,787.5,772.0,864.0,693.0,105343,255124.0,778.0,771,778.5,86,779.0,156,779.5,438,780.0,74,780.5,35,781.0,208,781.5,218,782.0,136,782.5,54,780.0
i2501,DCE,13:40:52.309#,785.5,787.5,772.0,864.0,693.0,105343,255124.0,778.0,771,778.5,86,779.0,156,779.5,438,780.0,70,780.5,35,781.0,210,781.5,216,782.0,136,782.5,54,780.0
i2501,DCE,13:40:52.544#,785.5,787.5,772.0,864.0,693.0,105343,255124.0,778.0,771,778.5,86,779.0,156,779.5,412,780.0,70,780.5,35,781.0,209,781.5,218,782.0,136,782.5,54,780.0
i2501,DCE,13:40:52.792#,785.5,787.5,772.0,864.0,693.0,105343,255124.0,778.0,771,778.5,86,779.0,156,779.5,413,780.0,72,780.5,43,781.0,211,781.5,218,782.0,136,782.5,54,780.0
i2501,DCE,13:40:53.42#,785.5,787.5,772.0,864.0,693.0,105343,255124.0,778.0,771,778.5,86,779.0,156,779.5,416,780.0,73,780.5,43,781.0,211,781.5,218,782.0,136,782.5,54,780.0
i2501,DCE,13:40:53.792#,785.5,787.5,772.0,864.0,693.0,105343,255124.0,778.0,770,778.5,86,779.0,156,779.5,415,780.0,73,780.5,43,781.0,211,781.5,218,782.0,136,782.5,54,780.0
i2501,DCE,13:40:54.42#,785.5,787.5,772.0,864.0,693.0,105343,255124.0,778.0,770,778.5,86,779.0,156,779.5,415,780.0,74,780.5,43,781.0,209,781.5,218,782.0,136,782.5,54,780.0
i2501,DCE,13:40:54.291#,785.5,787.5,772.0,864.0,693.0,105343,255124.0,778.0,770,778.5,86,779.0,156,779.5,415,780.0,74,780.5,43,781.0,208,781.5,218,782.0,136,782.5,54,780.0
i2501,DCE,13:40:54.559#,785.5,787.5,772.0,864.0,693.0,105344,255124.0,778.0,770,778.5,87,779.0,155,779.5,414,780.0,74,780.5,42,781.0,208,781.5,218,782.0,136,782.5,54,780.5
i2501,DCE,13:40:54.813#,785.5,787.5,772.0,864.0,693.0,105344,255124.0,778.0,770,778.5,87,779.0,155,779.5,415,780.0,74,780.5,40,781.0,208,781.5,218,782.0,136,782.5,54,780.5
i2501,DCE,13:40:55.41#,785.5,787.5,772.0,864.0,693.0,105344,255124.0,778.0,770,778.5,87,779.0,155,779.5,419,780.0,79,780.5,40,781.0,208,781.5,218,782.0,136,782.5,54,780.5
i2501,DCE,13:40:55.292#,785.5,787.5,772.0,864.0,693.0,105344,255124.0,778.0,770,778.5,87,779.0,155,779.5,418,780.0,79,780.5,40,781.0,209,781.5,218,782.0,136,782.5,54,780.5
i2501,DCE,13:40:55.568#,785.5,787.5,772.0,864.0,693.0,105345,255124.0,778.0,770,778.5,87,779.0,155,779.5,418,780.0,79,780.5,39,781.0,210,781.5,212,782.0,136,782.5,54,780.5
i2501,DCE,13:40:55.791#,785.5,787.5,772.0,864.0,693.0,105345,255124.0,778.0,770,778.5,88,779.0,155,779.5,421,780.0,79,780.5,39,781.0,210,781.5,210,782.0,136,782.5,54,780.5
i2501,DCE,13:40:56.43#,785.5,787.5,772.0,864.0,693.0,105345,255124.0,778.0,770,778.5,88,779.0,155,779.5,421,780.0,79,780.5,34,781.0,210,781.5,210,782.0,136,782.5,54,780.5
i2501,DCE,13:40:56.292#,785.5,787.5,772.0,864.0,693.0,105345,255124.0,778.0,770,778.5,88,779.0,155,779.5,422,780.0,79,780.5,34,781.0,211,781.5,213,782.0,136,782.5,54,780.5
i2501,DCE,13:40:56.571#,785.5,787.5,772.0,864.0,693.0,105345,255124.0,778.0,770,778.5,88,779.0,155,779.5,422,780.0,79,780.5,34,781.0,209,781.5,218,782.0,136,782.5,54,780.5
i2501,DCE,13:40:56.791#,785.5,787.5,772.0,864.0,693.0,105346,255124.0,778.0,770,778.5,88,779.0,155,779.5,423,780.0,78,780.5,37,781.0,209,781.5,218,782.0,136,782.5,54,780.0
i2501,DCE,13:40:56.880#,785.5,787.5,772.0,864.0,693.0,105346,255124.0,778.0,770,778.5,88,779.0,155,779.5,423,780.0,78,780.5,52,781.0,210,781.5,204,782.0,136,782.5,54,780.0
i2501,DCE,13:40:57.321#,785.5,787.5,772.0,864.0,693.0,105346,255124.0,778.0,770,778.5,88,779.0,155,779.5,424,780.0,78,780.5,68,781.0,206,781.5,199,782.0,136,782.5,54,780.0
i2501,DCE,13:40:57.464#,785.5,787.5,772.0,864.0,693.0,105346,255124.0,778.0,770,778.5,88,779.0,155,779.5,422,780.0,78,780.5,72,781.0,207,781.5,173,782.0,136,782.5,54,780.0
i2501,DCE,13:40:57.802#,785.5,787.5,772.0,864.0,693.0,105346,255124.0,778.0,771,778.5,88,779.0,180,779.5,420,780.0,78,780.5,72,781.0,211,781.5,173,782.0,136,782.5,54,780.0
i2501,DCE,13:40:57.962#,785.5,787.5,772.0,864.0,693.0,105346,255124.0,778.0,771,778.5,88,779.0,180,779.5,420,780.0,78,780.5,72,781.0,214,781.5,173,782.0,136,782.5,54,780.0
i2501,DCE,13:40:58.504#,785.5,787.5,772.0,864.0,693.0,105346,255124.0,778.0,771,778.5,88,779.0,180,779.5,420,780.0,78,780.5,72,781.0,215,781.5,173,782.0,136,782.5,54,780.0
i2501,DCE,13:40:59.49#,785.5,787.5,772.0,864.0,693.0,105346,255124.0,778.0,771,778.5,88,779.0,180,779.5,424,780.0,78,780.5,72,781.0,215,781.5,173,782.0,136,782.5,54,780.0
i2501,DCE,13:40:59.265#,785.5,787.5,772.0,864.0,693.0,105346,255124.0,778.0,772,778.5,88,779.0,180,779.5,425,780.0,78,780.5,72,781.0,214,781.5,173,782.0,136,782.5,59,780.0
i2501,DCE,13:40:59.791#,785.5,787.5,772.0,864.0,693.0,105346,255124.0,778.0,772,778.5,88,779.0,180,779.5,395,780.0,78,780.5,72,781.0,215,781.5,173,782.0,136,782.5,59,780.0
i2501,DCE,13:40:59.925#,785.5,787.5,772.0,864.0,693.0,105346,255124.0,778.0,772,778.5,88,779.0,180,779.5,395,780.0,64,780.5,72,781.0,221,781.5,173,782.0,136,782.5,59,780.0
i2501,DCE,13:41:00.198#,785.5,787.5,772.0,864.0,693.0,105346,255124.0,778.0,772,778.5,88,779.0,180,779.5,396,780.0,67,780.5,73,781.0,231,781.5,151,782.0,136,782.5,59,780.0
i2501,DCE,13:41:00.558#,785.5,787.5,772.0,864.0,693.0,105346,255124.0,778.0,772,778.5,88,779.0,181,779.5,396,780.0,67,780.5,73,781.0,230,781.5,192,782.0,136,782.5,59,780.0
i2501,DCE,13:41:00.819#,785.5,787.5,772.0,864.0,693.0,105348,255122.0,778.0,772,778.5,88,779.0,181,779.5,388,780.0,72,780.5,71,781.0,238,781.5,192,782.0,136,782.5,59,780.5
i2501,DCE,13:41:00.943#,785.5,787.5,772.0,864.0,693.0,105348,255122.0,778.0,772,778.5,88,779.0,181,779.5,388,780.0,67,780.5,76,781.0,255,781.5,192,782.0,136,782.5,59,780.5
i2501,DCE,13:41:01.287#,785.5,787.5,772.0,864.0,693.0,105348,255122.0,778.0,772,778.5,88,779.0,181,779.5,381,780.0,53,780.5,79,781.0,257,781.5,192,782.0,136,782.5,59,780.5
i2501,DCE,13:41:01.549#,785.5,787.5,772.0,864.0,693.0,105348,255122.0,778.0,772,778.5,88,779.0,181,779.5,379,780.0,43,780.5,79,781.0,263,781.5,192,782.0,136,782.5,59,780.5
i2501,DCE,13:41:01.813#,785.5,787.5,772.0,864.0,693.0,105349,255123.0,778.0,772,778.5,88,779.0,181,779.5,373,780.0,31,780.5,85,781.0,277,781.5,109,782.0,136,782.5,59,780.0
i2501,DCE,13:41:01.953#,785.5,787.5,772.0,864.0,693.0,105357,255127.0,778.0,772,778.5,88,779.0,183,779.5,368,780.0,14,780.5,85,781.0,295,781.5,109,782.0,136,782.5,59,780.0
i2501,DCE,13:41:02.236#,785.5,787.5,772.0,864.0,693.0,105370,255130.0,778.0,772,778.5,88,779.0,214,779.5,363,780.0,6,780.5,81,781.0,292,781.5,109,782.0,136,782.5,59,780.5
i2501,DCE,13:41:02.565#,785.5,787.5,772.0,864.0,693.0,105371,255130.0,778.0,772,778.5,88,779.0,214,779.5,358,780.0,6,780.5,83,781.0,294,781.5,109,782.0,136,782.5,59,780.5
i2501,DCE,13:41:02.575#,785.5,787.5,772.0,864.0,693.0,105371,255130.0,778.0,772,778.5,88,779.0,214,779.5,357,780.0,6,780.5,87,781.0,291,781.5,109,782.0,136,782.5,59,780.5
i2501,DCE,13:41:02.915#,785.5,787.5,772.0,864.0,693.0,105373,255130.0,778.0,772,778.5,88,779.0,214,779.5,362,780.0,6,780.5,86,781.0,280,781.5,192,782.0,136,782.5,59,780.0
i2501,DCE,13:41:03.568#,785.5,787.5,772.0,864.0,693.0,105373,255130.0,778.0,772,778.5,88,779.0,214,779.5,363,780.0,6,780.5,86,781.0,281,781.5,192,782.0,136,782.5,59,780.0
