InstrumentId,ExchangeId,Datetime,OpenPrice,HighestPrice,LowestPrice,UpperLimitPrice,LowerLimitPrice,Volume,OpenInterest,BidPrice5,BidVolume5,BidPrice4,BidVolume4,BidPrice3,BidVolume3,BidPrice2,BidVolume2,BidPrice1,BidVolume1,AskPrice1,AskVolume1,AskPrice2,AskVolume2,AskPrice3,AskVolume3,AskPrice4,AskVolume4,AskPrice5,AskVolume5,LastPrice
IC2409,,13:38:34.800#,4830.0,4847.0,4799.0,5300.8,4337.2,11264,100726,4803.0,2,4803.2,5,4803.4,10,4804.0,1,4804.2,1,4805.2,3,4805.4,1,4805.8,2,4806.0,10,4806.6,1,4805.0
IC2409,,13:38:35.800#,4830.0,4847.0,4799.0,5300.8,4337.2,11264,100726,4802.6,1,4803.0,2,4803.2,5,4803.4,10,4804.2,1,4805.2,3,4805.4,1,4805.8,2,4806.0,10,4806.6,1,4805.0
IC2409,,13:38:36.300#,4830.0,4847.0,4799.0,5300.8,4337.2,11264,100726,4802.2,2,4802.6,1,4803.0,2,4803.2,5,4803.4,10,4805.2,3,4805.4,1,4805.8,2,4806.0,10,4806.6,1,4805.0
IC2409,,13:38:36.800#,4830.0,4847.0,4799.0,5300.8,4337.2,11264,100726,4802.6,1,4803.0,2,4803.2,5,4803.4,10,4803.6,6,4805.2,3,4805.4,1,4805.8,2,4806.0,10,4806.6,1,4805.0
IC2409,,13:38:37.300#,4830.0,4847.0,4799.0,5300.8,4337.2,11264,100726,4803.0,2,4803.2,5,4803.4,10,4803.6,4,4803.8,1,4805.0,1,4805.2,3,4805.4,1,4805.8,2,4806.0,10,4805.0
IC2409,,13:38:37.800#,4830.0,4847.0,4799.0,5300.8,4337.2,11264,100726,4803.2,5,4803.4,10,4803.6,4,4803.8,1,4804.0,2,4805.0,2,4805.2,2,4805.8,2,4806.0,10,4806.6,1,4805.0
IC2409,,13:38:38.300#,4830.0,4847.0,4799.0,5300.8,4337.2,11264,100726,4803.2,5,4803.4,10,4803.6,3,4803.8,1,4804.0,2,4805.0,2,4805.2,2,4805.8,2,4806.0,10,4806.6,1,4805.0
IC2409,,13:38:38.800#,4830.0,4847.0,4799.0,5300.8,4337.2,11267,100727,4803.0,2,4803.2,5,4803.4,10,4803.6,3,4803.8,1,4805.0,2,4805.2,2,4805.8,2,4806.0,10,4806.6,1,4804.0
IC2409,,13:38:40.800#,4830.0,4847.0,4799.0,5300.8,4337.2,11267,100727,4803.0,2,4803.2,5,4803.4,10,4803.6,3,4803.8,1,4805.0,2,4805.2,1,4805.8,2,4806.0,10,4806.6,1,4804.0
IC2409,,13:38:41.300#,4830.0,4847.0,4799.0,5300.8,4337.2,11267,100727,4803.2,5,4803.4,9,4803.6,2,4803.8,2,4804.0,1,4804.8,1,4805.0,1,4805.2,1,4805.8,2,4806.0,10,4804.0
IC2409,,13:38:41.800#,4830.0,4847.0,4799.0,5300.8,4337.2,11267,100727,4803.2,5,4803.4,9,4803.6,2,4803.8,1,4804.0,1,4804.8,1,4805.0,1,4805.2,1,4805.8,2,4806.0,10,4804.0
IC2409,,13:38:42.800#,4830.0,4847.0,4799.0,5300.8,4337.2,11268,100726,4803.2,5,4803.4,9,4803.6,2,4803.8,1,4804.0,1,4805.0,1,4805.2,1,4805.8,2,4806.0,10,4806.6,1,4804.8
IC2409,,13:38:43.300#,4830.0,4847.0,4799.0,5300.8,4337.2,11269,100726,4803.0,2,4803.2,5,4803.4,9,4803.6,2,4803.8,1,4805.0,1,4805.2,1,4805.8,2,4806.0,10,4806.6,1,4804.0
IC2409,,13:38:46.800#,4830.0,4847.0,4799.0,5300.8,4337.2,11270,100726,4803.0,2,4803.2,5,4803.4,9,4803.6,2,4803.8,1,4805.2,1,4805.8,2,4806.0,10,4806.6,1,4806.8,2,4805.0
IC2409,,13:38:47.300#,4830.0,4847.0,4799.0,5300.8,4337.2,11270,100726,4803.0,2,4803.2,5,4803.4,9,4803.6,2,4803.8,1,4805.2,2,4805.8,2,4806.0,10,4806.6,1,4806.8,2,4805.0
IC2409,,13:38:47.800#,4830.0,4847.0,4799.0,5300.8,4337.2,11270,100726,4803.2,5,4803.4,9,4803.6,2,4803.8,2,4804.0,1,4805.2,2,4805.8,2,4806.0,10,4806.6,1,4806.8,2,4805.0
IC2409,,13:38:53.800#,4830.0,4847.0,4799.0,5300.8,4337.2,11270,100726,4803.2,5,4803.4,9,4803.6,2,4803.8,2,4804.0,1,4805.2,1,4805.8,2,4806.0,10,4806.6,1,4806.8,2,4805.0
IC2409,,13:38:54.300#,4830.0,4847.0,4799.0,5300.8,4337.2,11270,100726,4803.4,9,4803.6,1,4803.8,1,4804.0,1,4804.2,2,4805.8,2,4806.0,10,4806.6,1,4806.8,2,4807.0,1,4805.0
IC2409,,13:38:54.800#,4830.0,4847.0,4799.0,5300.8,4337.2,11270,100726,4803.6,1,4803.8,1,4804.0,1,4804.2,1,4804.4,2,4805.4,1,4805.8,2,4806.0,10,4806.6,1,4806.8,2,4805.0
IC2409,,13:38:55.300#,4830.0,4847.0,4799.0,5300.8,4337.2,11270,100726,4803.2,5,4803.4,8,4803.6,1,4803.8,1,4804.4,2,4805.4,1,4805.8,2,4806.0,10,4806.6,1,4806.8,2,4805.0
IC2409,,13:38:55.800#,4830.0,4847.0,4799.0,5300.8,4337.2,11270,100726,4803.4,8,4803.6,1,4803.8,1,4804.4,1,4805.2,1,4805.8,2,4806.0,10,4806.6,1,4806.8,2,4807.0,1,4805.0
IC2409,,13:38:56.300#,4830.0,4847.0,4799.0,5300.8,4337.2,11271,100726,4803.2,5,4803.4,4,4803.6,1,4803.8,1,4804.4,1,4805.6,2,4805.8,2,4806.0,10,4806.6,1,4806.8,2,4805.0
IC2409,,13:38:57.800#,4830.0,4847.0,4799.0,5300.8,4337.2,11271,100726,4803.2,5,4803.4,4,4803.6,1,4803.8,1,4804.4,1,4805.4,1,4805.6,2,4805.8,2,4806.0,10,4806.6,1,4805.0
IC2409,,13:38:58.800#,4830.0,4847.0,4799.0,5300.8,4337.2,11271,100726,4803.2,5,4803.4,4,4803.6,1,4803.8,1,4804.4,1,4805.0,1,4805.4,1,4805.6,2,4805.8,2,4806.0,10,4805.0
IC2409,,13:38:59.800#,4830.0,4847.0,4799.0,5300.8,4337.2,11272,100727,4803.2,5,4803.4,4,4803.6,1,4803.8,1,4804.4,1,4805.4,1,4805.6,2,4805.8,2,4806.0,10,4806.6,1,4805.0
IC2409,,13:39:00.300#,4830.0,4847.0,4799.0,5300.8,4337.2,11272,100727,4803.4,4,4803.6,1,4803.8,1,4804.2,2,4804.4,1,4805.4,1,4805.6,2,4805.8,2,4806.0,10,4806.6,1,4805.0
IC2409,,13:39:00.800#,4830.0,4847.0,4799.0,5300.8,4337.2,11272,100727,4803.4,4,4803.6,1,4803.8,1,4804.2,2,4804.4,2,4805.2,1,4805.4,1,4805.6,1,4805.8,2,4806.0,10,4805.0
IC2409,,13:39:01.300#,4830.0,4847.0,4799.0,5300.8,4337.2,11272,100727,4803.4,4,4803.6,1,4803.8,1,4804.2,2,4804.4,2,4805.2,1,4805.6,1,4805.8,2,4806.0,10,4806.6,1,4805.0
IC2409,,13:39:02.800#,4830.0,4847.0,4799.0,5300.8,4337.2,11272,100727,4803.6,1,4803.8,1,4804.2,2,4804.4,2,4804.8,1,4805.2,2,4805.6,1,4805.8,2,4806.0,10,4806.6,1,4805.0
IC2409,,13:39:03.800#,4830.0,4847.0,4799.0,5300.8,4337.2,11272,100727,4803.6,1,4803.8,1,4804.2,2,4804.4,2,4805.0,1,4805.2,2,4805.6,1,4805.8,2,4806.0,10,4806.6,1,4805.0
IC2409,,13:39:04.300#,4830.0,4847.0,4799.0,5300.8,4337.2,11273,100728,4803.4,4,4803.6,1,4803.8,1,4804.2,2,4804.4,2,4804.8,1,4805.2,2,4805.6,1,4805.8,2,4806.0,10,4805.0
IC2409,,13:39:04.800#,4830.0,4847.0,4799.0,5300.8,4337.2,11273,100728,4803.4,4,4803.6,1,4803.8,1,4804.2,2,4804.4,1,4804.6,1,4804.8,1,4805.2,1,4805.6,1,4805.8,2,4805.0
IC2409,,13:39:05.300#,4830.0,4847.0,4799.0,5300.8,4337.2,11273,100728,4803.2,5,4803.4,4,4803.6,1,4803.8,1,4804.2,2,4804.6,1,4805.2,1,4805.6,1,4805.8,2,4806.0,10,4805.0
IC2409,,13:39:06.300#,4830.0,4847.0,4799.0,5300.8,4337.2,11274,100728,4803.2,5,4803.4,4,4803.6,1,4803.8,1,4804.2,2,4805.2,1,4805.6,1,4805.8,2,4806.0,10,4806.6,1,4804.8
IC2409,,13:39:06.800#,4830.0,4847.0,4799.0,5300.8,4337.2,11274,100728,4803.2,5,4803.4,4,4803.6,1,4803.8,1,4804.2,2,4805.2,3,4805.6,1,4805.8,2,4806.0,10,4806.6,1,4804.8
IC2409,,13:39:07.300#,4830.0,4847.0,4799.0,5300.8,4337.2,11274,100728,4803.2,5,4803.4,4,4803.6,1,4803.8,1,4804.2,2,4805.0,1,4805.2,3,4805.6,1,4805.8,2,4806.0,10,4804.8
IC2409,,13:39:11.800#,4830.0,4847.0,4799.0,5300.8,4337.2,11274,100728,4803.2,5,4803.4,4,4803.6,1,4803.8,1,4804.2,2,4805.0,2,4805.2,3,4805.6,1,4805.8,2,4806.0,10,4804.8
IC2409,,13:39:12.800#,4830.0,4847.0,4799.0,5300.8,4337.2,11275,100727,4803.2,5,4803.4,4,4803.6,1,4803.8,1,4804.2,1,4805.0,2,4805.2,3,4805.6,1,4805.8,2,4806.0,10,4804.2
IC2409,,13:39:13.300#,4830.0,4847.0,4799.0,5300.8,4337.2,11276,100727,4803.2,5,4803.4,4,4803.6,1,4803.8,1,4804.2,1,4805.0,1,4805.2,3,4805.8,2,4806.0,10,4806.6,1,4805.0
IC2409,,13:39:15.300#,4830.0,4847.0,4799.0,5300.8,4337.2,11277,100728,4803.2,5,4803.4,4,4803.6,1,4803.8,1,4804.2,1,4805.2,3,4805.8,2,4806.0,10,4806.6,1,4806.8,2,4805.0
IC2409,,13:39:15.800#,4830.0,4847.0,4799.0,5300.8,4337.2,11277,100728,4803.4,4,4803.6,1,4803.8,1,4804.2,2,4804.4,4,4805.2,1,4805.8,2,4806.0,10,4806.6,1,4806.8,2,4805.0
IC2409,,13:39:16.300#,4830.0,4847.0,4799.0,5300.8,4337.2,11278,100727,4803.4,4,4803.6,1,4803.8,1,4804.2,2,4804.4,4,4805.8,2,4806.0,10,4806.6,1,4806.8,2,4807.0,1,4805.2
IC2409,,13:39:16.800#,4830.0,4847.0,4799.0,5300.8,4337.2,11279,100726,4803.4,4,4803.6,1,4803.8,1,4804.2,2,4804.4,4,4805.8,4,4806.0,10,4806.6,1,4806.8,2,4807.0,1,4805.8
IC2409,,13:39:17.300#,4830.0,4847.0,4799.0,5300.8,4337.2,11279,100726,4803.8,1,4804.2,1,4804.4,4,4804.6,5,4804.8,1,4805.8,2,4806.0,10,4806.6,1,4806.8,2,4807.0,1,4805.8
IC2409,,13:39:17.800#,4830.0,4847.0,4799.0,5300.8,4337.2,11279,100726,4803.8,1,4804.2,1,4804.4,4,4804.6,2,4804.8,2,4805.8,2,4806.0,10,4806.8,2,4807.0,1,4807.4,1,4805.8
IC2409,,13:39:18.800#,4830.0,4847.0,4799.0,5300.8,4337.2,11279,100726,4804.2,1,4804.4,3,4804.6,2,4804.8,2,4805.0,2,4805.8,2,4806.0,10,4806.8,2,4807.0,1,4807.4,1,4805.8
IC2409,,13:39:19.300#,4830.0,4847.0,4799.0,5300.8,4337.2,11279,100726,4803.8,1,4804.2,1,4804.4,3,4804.6,2,4805.0,3,4806.0,10,4806.8,2,4807.0,1,4807.4,1,4808.0,4,4805.8
IC2409,,13:39:22.800#,4830.0,4847.0,4799.0,5300.8,4337.2,11279,100726,4803.8,1,4804.2,1,4804.4,3,4804.6,2,4805.0,2,4806.0,10,4806.2,2,4806.8,2,4807.0,1,4807.4,1,4805.8
IC2409,,13:39:23.300#,4830.0,4847.0,4799.0,5300.8,4337.2,11279,100726,4803.8,1,4804.2,1,4804.4,3,4804.6,1,4805.0,1,4806.0,11,4806.2,2,4806.8,2,4807.0,1,4807.4,1,4805.8
IC2409,,13:39:23.800#,4830.0,4847.0,4799.0,5300.8,4337.2,11279,100726,4803.8,1,4804.2,1,4804.4,3,4804.6,1,4805.0,1,4805.8,1,4806.0,10,4806.2,2,4806.8,2,4807.0,1,4805.8
IC2409,,13:39:24.300#,4830.0,4847.0,4799.0,5300.8,4337.2,11279,100726,4803.6,1,4803.8,1,4804.2,1,4804.4,3,4804.6,1,4805.8,1,4806.0,10,4806.2,2,4806.8,2,4807.0,1,4805.8
IC2409,,13:39:24.800#,4830.0,4847.0,4799.0,5300.8,4337.2,11279,100726,4803.6,1,4803.8,1,4804.2,1,4804.4,3,4804.8,1,4805.8,1,4806.0,10,4806.2,2,4806.8,2,4807.0,1,4805.8
IC2409,,13:39:25.300#,4830.0,4847.0,4799.0,5300.8,4337.2,11279,100726,4803.6,1,4803.8,1,4804.2,1,4804.4,3,4804.8,1,4805.8,1,4806.0,10,4806.2,3,4806.8,2,4807.0,1,4805.8
IC2409,,13:39:25.800#,4830.0,4847.0,4799.0,5300.8,4337.2,11279,100726,4803.4,4,4803.6,1,4803.8,1,4804.2,1,4804.4,3,4805.8,1,4806.0,10,4806.2,3,4806.8,2,4807.0,1,4805.8
IC2409,,13:39:26.300#,4830.0,4847.0,4799.0,5300.8,4337.2,11280,100726,4803.4,4,4803.6,1,4803.8,1,4804.2,1,4804.4,4,4806.0,10,4806.2,3,4806.8,2,4807.0,1,4807.4,1,4805.8
IC2409,,13:39:26.800#,4830.0,4847.0,4799.0,5300.8,4337.2,11280,100726,4803.8,1,4804.2,1,4804.4,4,4804.6,2,4804.8,1,4806.0,10,4806.2,3,4806.8,2,4807.0,1,4807.4,1,4805.8
IC2409,,13:39:27.300#,4830.0,4847.0,4799.0,5300.8,4337.2,11280,100726,4804.2,1,4804.4,3,4804.6,1,4804.8,1,4805.0,1,4806.0,10,4806.2,3,4806.8,2,4807.0,1,4807.4,1,4805.8
IC2409,,13:39:27.800#,4830.0,4847.0,4799.0,5300.8,4337.2,11280,100726,4803.8,1,4804.2,1,4804.4,3,4804.6,1,4805.0,1,4806.0,10,4806.2,3,4806.8,2,4807.0,1,4807.4,1,4805.8
IC2409,,13:39:29.300#,4830.0,4847.0,4799.0,5300.8,4337.2,11281,100727,4803.6,1,4803.8,1,4804.2,1,4804.4,3,4804.6,1,4806.0,10,4806.2,3,4806.8,2,4807.0,1,4807.4,1,4805.0
IC2409,,13:39:29.800#,4830.0,4847.0,4799.0,5300.8,4337.2,11281,100727,4803.6,1,4803.8,1,4804.2,1,4804.4,3,4804.6,2,4806.0,10,4806.2,3,4806.8,2,4807.0,1,4807.4,1,4805.0
IC2409,,13:39:30.300#,4830.0,4847.0,4799.0,5300.8,4337.2,11281,100727,4803.6,1,4803.8,1,4804.2,1,4804.4,3,4804.6,2,4805.8,1,4806.0,10,4806.2,3,4806.8,2,4807.0,1,4805.0
IC2409,,13:39:30.800#,4830.0,4847.0,4799.0,5300.8,4337.2,11282,100726,4803.8,1,4804.2,1,4804.4,3,4804.6,2,4804.8,3,4806.0,10,4806.2,3,4806.8,2,4807.0,1,4807.4,1,4805.8
IC2409,,13:39:31.300#,4830.0,4847.0,4799.0,5300.8,4337.2,11282,100726,4804.4,3,4804.6,1,4804.8,4,4805.0,1,4805.2,1,4806.0,10,4806.2,3,4806.8,2,4807.0,1,4807.4,1,4805.8
IC2409,,13:39:32.300#,4830.0,4847.0,4799.0,5300.8,4337.2,11282,100726,4804.4,3,4804.6,1,4804.8,2,4805.2,1,4805.8,1,4806.0,10,4806.2,3,4806.8,2,4807.0,1,4807.4,1,4805.8
IC2409,,13:39:32.800#,4830.0,4847.0,4799.0,5300.8,4337.2,11283,100725,4803.6,1,4803.8,1,4804.4,3,4804.6,1,4804.8,2,4806.0,11,4806.2,3,4806.8,2,4807.0,1,4807.4,1,4805.8
IC2409,,13:39:34.800#,4830.0,4847.0,4799.0,5300.8,4337.2,11283,100725,4803.6,1,4803.8,1,4804.4,3,4804.6,1,4804.8,2,4806.0,13,4806.2,3,4806.8,2,4807.0,1,4807.4,1,4805.8
IC2409,,13:39:35.300#,4830.0,4847.0,4799.0,5300.8,4337.2,11283,100725,4803.6,1,4803.8,1,4804.4,3,4804.6,1,4804.8,1,4806.0,14,4806.2,3,4806.8,2,4807.0,1,4807.4,1,4805.8
IC2409,,13:39:35.800#,4830.0,4847.0,4799.0,5300.8,4337.2,11283,100725,4803.4,4,4803.6,1,4803.8,1,4804.4,3,4804.6,1,4806.0,14,4806.2,3,4806.8,2,4807.0,1,4807.4,1,4805.8
IC2409,,13:39:36.300#,4830.0,4847.0,4799.0,5300.8,4337.2,11283,100725,4803.8,1,4804.4,3,4804.6,3,4804.8,1,4805.0,1,4806.0,14,4806.2,3,4806.8,2,4807.0,1,4807.4,1,4805.8
IC2409,,13:39:36.800#,4830.0,4847.0,4799.0,5300.8,4337.2,11283,100725,4804.4,3,4804.6,2,4804.8,1,4805.0,2,4805.2,2,4806.0,13,4806.2,3,4806.8,2,4807.0,1,4807.4,1,4805.8
IC2409,,13:39:37.800#,4830.0,4847.0,4799.0,5300.8,4337.2,11284,100726,4804.4,3,4804.6,2,4804.8,1,4805.0,2,4805.2,2,4806.0,12,4806.2,3,4806.8,2,4807.0,1,4807.4,1,4806.0
IC2409,,13:39:38.300#,4830.0,4847.0,4799.0,5300.8,4337.2,11288,100726,4804.6,2,4804.8,1,4805.0,1,4805.2,2,4805.4,1,4806.0,8,4806.2,3,4806.8,2,4807.0,1,4807.4,1,4806.0
IC2409,,13:39:38.800#,4830.0,4847.0,4799.0,5300.8,4337.2,11293,100728,4804.8,1,4805.0,2,4805.2,2,4805.4,1,4805.6,2,4806.0,3,4806.2,3,4806.8,2,4807.0,1,4807.4,1,4806.0
IC2409,,13:39:39.300#,4830.0,4847.0,4799.0,5300.8,4337.2,11299,100728,4804.8,1,4805.0,2,4805.2,2,4805.4,1,4805.6,3,4806.8,2,4807.0,1,4807.4,1,4807.6,1,4808.0,3,4806.2
IC2409,,13:39:39.800#,4830.0,4847.0,4799.0,5300.8,4337.2,11299,100728,4805.0,2,4805.2,2,4805.4,1,4805.6,4,4805.8,1,4806.8,2,4807.0,1,4807.4,1,4807.6,1,4808.0,3,4806.2
IC2409,,13:39:40.300#,4830.0,4847.0,4799.0,5300.8,4337.2,11299,100728,4805.0,1,4805.2,2,4805.4,1,4805.6,4,4805.8,1,4806.8,2,4807.0,1,4807.4,1,4807.6,1,4808.0,3,4806.2
IC2409,,13:39:41.300#,4830.0,4847.0,4799.0,5300.8,4337.2,11299,100728,4804.6,1,4805.0,1,4805.4,1,4805.6,4,4805.8,1,4806.8,2,4807.0,1,4807.4,1,4807.6,1,4808.0,3,4806.2
IC2409,,13:39:41.800#,4830.0,4847.0,4799.0,5300.8,4337.2,11300,100728,4804.4,2,4804.6,1,4805.0,1,4805.4,1,4805.6,1,4806.8,2,4807.0,1,4807.4,1,4807.6,1,4808.0,3,4806.6
IC2409,,13:39:42.300#,4830.0,4847.0,4799.0,5300.8,4337.2,11300,100728,4804.6,1,4805.0,1,4805.4,1,4805.6,2,4805.8,1,4806.8,2,4807.0,1,4807.4,1,4807.6,1,4808.0,3,4806.6
IC2409,,13:39:43.300#,4830.0,4847.0,4799.0,5300.8,4337.2,11301,100727,4804.6,1,4805.0,1,4805.4,1,4805.6,2,4805.8,1,4806.8,1,4807.0,1,4807.4,1,4807.6,1,4808.0,3,4806.8
IC2409,,13:39:43.800#,4830.0,4847.0,4799.0,5300.8,4337.2,11301,100727,4805.0,1,4805.4,1,4805.6,2,4805.8,1,4806.0,1,4806.8,1,4807.0,1,4807.4,1,4807.6,1,4808.0,3,4806.8
IC2409,,13:39:44.300#,4830.0,4847.0,4799.0,5300.8,4337.2,11301,100727,4804.6,1,4805.0,1,4805.4,1,4805.6,2,4805.8,1,4807.0,1,4807.4,1,4807.6,1,4808.0,3,4808.2,1,4806.8
IC2409,,13:39:46.800#,4830.0,4847.0,4799.0,5300.8,4337.2,11302,100728,4804.6,1,4805.0,1,4805.4,1,4805.6,2,4805.8,1,4807.0,1,4807.4,1,4807.6,1,4808.0,3,4808.2,1,4806.8
IC2409,,13:39:49.300#,4830.0,4847.0,4799.0,5300.8,4337.2,11303,100728,4803.8,1,4804.6,1,4805.0,1,4805.4,1,4805.6,2,4807.0,1,4807.4,1,4807.6,1,4808.0,3,4808.2,1,4805.8
IC2409,,13:39:49.800#,4830.0,4847.0,4799.0,5300.8,4337.2,11303,100728,4803.8,1,4804.6,1,4805.0,1,4805.4,3,4805.6,2,4806.8,2,4807.0,2,4807.4,1,4807.6,1,4808.0,3,4805.8
IC2409,,13:39:50.300#,4830.0,4847.0,4799.0,5300.8,4337.2,11303,100728,4803.8,1,4804.6,1,4805.0,1,4805.4,3,4805.6,2,4806.8,3,4807.0,1,4807.4,1,4807.6,1,4808.0,3,4805.8
IC2409,,13:39:50.800#,4830.0,4847.0,4799.0,5300.8,4337.2,11304,100729,4804.6,1,4805.0,1,4805.4,3,4805.6,2,4805.8,2,4806.8,2,4807.0,1,4807.4,1,4807.6,1,4808.0,3,4806.8
IC2409,,13:39:51.300#,4830.0,4847.0,4799.0,5300.8,4337.2,11304,100729,4803.8,1,4804.6,1,4805.0,1,4805.4,3,4805.6,2,4806.8,2,4807.0,1,4807.4,1,4807.6,1,4808.0,3,4806.8
IC2409,,13:39:51.800#,4830.0,4847.0,4799.0,5300.8,4337.2,11305,100729,4803.8,1,4804.6,1,4805.0,1,4805.4,3,4805.6,1,4806.8,2,4807.0,1,4807.4,1,4807.6,1,4808.0,3,4806.8
IC2409,,13:39:52.300#,4830.0,4847.0,4799.0,5300.8,4337.2,11305,100729,4803.8,1,4804.6,1,4805.0,1,4805.4,3,4805.6,1,4806.6,3,4806.8,1,4807.0,1,4807.4,1,4807.6,1,4806.8
IC2409,,13:39:52.800#,4830.0,4847.0,4799.0,5300.8,4337.2,11306,100730,4803.4,4,4803.6,1,4803.8,1,4804.6,1,4805.4,3,4806.6,2,4806.8,1,4807.0,1,4807.4,1,4807.6,1,4806.8
IC2409,,13:39:53.300#,4830.0,4847.0,4799.0,5300.8,4337.2,11306,100730,4803.6,1,4803.8,1,4804.6,1,4805.4,2,4805.6,1,4806.6,2,4806.8,1,4807.0,1,4807.4,1,4807.6,1,4806.8
IC2409,,13:39:53.800#,4830.0,4847.0,4799.0,5300.8,4337.2,11307,100731,4803.4,4,4803.6,1,4803.8,1,4804.6,1,4805.4,2,4806.8,1,4807.0,1,4807.4,1,4807.6,1,4808.0,3,4806.6
IC2409,,13:39:54.300#,4830.0,4847.0,4799.0,5300.8,4337.2,11307,100731,4803.6,1,4803.8,1,4804.6,1,4805.4,2,4805.6,1,4806.8,1,4807.0,3,4807.4,1,4807.6,1,4808.0,3,4806.6
IC2409,,13:39:55.300#,4830.0,4847.0,4799.0,5300.8,4337.2,11307,100731,4803.4,4,4803.6,1,4803.8,1,4804.6,1,4805.6,1,4806.8,1,4807.0,3,4807.4,1,4807.6,1,4808.0,3,4806.6
IC2409,,13:39:55.800#,4830.0,4847.0,4799.0,5300.8,4337.2,11307,100731,4803.4,4,4803.6,1,4803.8,1,4804.6,1,4805.6,1,4806.6,1,4806.8,1,4807.0,3,4807.4,1,4807.6,1,4806.6
IC2409,,13:39:59.300#,4830.0,4847.0,4799.0,5300.8,4337.2,11307,100731,4803.6,1,4803.8,1,4804.4,1,4804.6,1,4805.6,1,4806.6,1,4806.8,1,4807.0,4,4807.4,1,4807.6,1,4806.6
IC2409,,13:39:59.800#,4830.0,4847.0,4799.0,5300.8,4337.2,11308,100732,4803.6,1,4803.8,1,4804.4,1,4804.6,1,4805.6,2,4806.8,1,4807.0,4,4807.4,1,4807.6,1,4808.0,3,4806.6
IC2409,,13:40:00.300#,4830.0,4847.0,4799.0,5300.8,4337.2,11308,100732,4804.6,1,4805.4,2,4805.6,2,4805.8,6,4806.0,2,4806.8,1,4807.0,4,4807.4,1,4807.6,1,4808.0,3,4806.6
IC2409,,13:40:00.800#,4830.0,4847.0,4799.0,5300.8,4337.2,11308,100732,4805.4,2,4805.6,2,4805.8,5,4806.0,2,4806.2,1,4807.0,4,4807.4,1,4807.6,1,4808.0,3,4808.2,1,4806.6
IC2409,,13:40:01.300#,4830.0,4847.0,4799.0,5300.8,4337.2,11309,100732,4804.4,1,4804.6,1,4805.4,2,4805.6,2,4805.8,5,4807.0,3,4807.4,1,4807.6,1,4808.0,3,4808.2,1,4807.0
IC2409,,13:40:01.800#,4830.0,4847.0,4799.0,5300.8,4337.2,11309,100732,4804.6,1,4805.4,2,4805.6,1,4805.8,5,4806.0,3,4807.0,3,4807.4,1,4807.6,1,4808.0,3,4808.2,1,4807.0
IC2409,,13:40:04.800#,4830.0,4847.0,4799.0,5300.8,4337.2,11309,100732,4805.0,1,4805.4,2,4805.6,1,4805.8,5,4806.0,3,4807.0,3,4807.4,1,4807.6,1,4808.0,3,4808.2,1,4807.0
IC2409,,13:40:05.300#,4830.0,4847.0,4799.0,5300.8,4337.2,11309,100732,4805.4,2,4805.6,1,4805.8,4,4806.0,3,4806.2,1,4807.0,3,4807.4,1,4807.6,1,4808.0,3,4808.2,1,4807.0
IC2409,,13:40:05.800#,4830.0,4847.0,4799.0,5300.8,4337.2,11309,100732,4805.4,2,4805.6,1,4805.8,4,4806.0,3,4806.2,1,4807.0,3,4807.4,1,4808.0,3,4808.2,1,4808.6,1,4807.0
IC2409,,13:40:06.800#,4830.0,4847.0,4799.0,5300.8,4337.2,11309,100732,4805.4,2,4805.6,1,4805.8,4,4806.0,4,4806.2,1,4807.0,3,4807.4,1,4808.0,3,4808.2,1,4808.6,1,4807.0
IC2409,,13:40:07.300#,4830.0,4847.0,4799.0,5300.8,4337.2,11310,100732,4805.6,1,4805.8,4,4806.0,2,4806.2,1,4806.4,4,4807.0,2,4807.4,1,4808.0,3,4808.2,1,4808.6,1,4807.0
IC2409,,13:40:07.800#,4830.0,4847.0,4799.0,5300.8,4337.2,11310,100732,4805.6,1,4805.8,4,4806.0,2,4806.2,1,4806.4,4,4807.0,1,4807.4,1,4808.0,3,4808.2,1,4808.6,1,4807.0
IC2409,,13:40:08.800#,4830.0,4847.0,4799.0,5300.8,4337.2,11310,100732,4805.6,1,4805.8,4,4806.0,2,4806.2,1,4806.4,2,4807.0,1,4807.4,1,4808.0,3,4808.2,1,4808.6,1,4807.0
IC2409,,13:40:14.300#,4830.0,4847.0,4799.0,5300.8,4337.2,11311,100733,4805.6,1,4805.8,4,4806.0,2,4806.2,1,4806.4,1,4807.0,1,4807.4,1,4808.0,3,4808.2,1,4808.6,1,4806.4
IC2409,,13:40:14.800#,4830.0,4847.0,4799.0,5300.8,4337.2,11312,100733,4805.4,2,4805.6,1,4805.8,4,4806.0,2,4806.2,1,4807.0,1,4807.4,1,4808.0,3,4808.2,1,4808.6,1,4806.4
IC2409,,13:40:15.300#,4830.0,4847.0,4799.0,5300.8,4337.2,11317,100729,4804.6,1,4805.0,1,4805.4,2,4805.6,1,4805.8,1,4806.8,2,4807.0,1,4807.4,1,4808.0,3,4808.2,1,4805.8
IC2409,,13:40:15.800#,4830.0,4847.0,4799.0,5300.8,4337.2,11318,100729,4803.8,1,4804.4,1,4804.6,1,4805.0,1,4805.4,2,4806.6,1,4806.8,4,4807.0,1,4807.4,1,4808.0,3,4805.8
IC2409,,13:40:16.300#,4830.0,4847.0,4799.0,5300.8,4337.2,11318,100729,4803.8,1,4804.4,1,4804.6,1,4805.0,1,4805.4,2,4806.2,1,4806.4,1,4806.6,1,4806.8,4,4807.0,1,4805.8
IC2409,,13:40:16.800#,4830.0,4847.0,4799.0,5300.8,4337.2,11319,100729,4803.8,1,4804.4,1,4804.6,1,4805.0,1,4805.4,2,4806.4,1,4806.6,1,4806.8,4,4807.0,1,4807.4,1,4806.2
IC2409,,13:40:17.300#,4830.0,4847.0,4799.0,5300.8,4337.2,11319,100729,4804.4,1,4804.6,1,4805.0,1,4805.4,2,4805.6,1,4806.4,1,4806.6,1,4806.8,4,4807.0,1,4807.4,1,4806.2
IC2409,,13:40:19.300#,4830.0,4847.0,4799.0,5300.8,4337.2,11319,100729,4804.6,1,4805.0,1,4805.4,2,4805.6,1,4805.8,2,4806.4,1,4806.6,1,4806.8,2,4807.0,1,4807.4,1,4806.2
IC2409,,13:40:19.800#,4830.0,4847.0,4799.0,5300.8,4337.2,11319,100729,4804.6,1,4805.0,1,4805.4,2,4805.6,1,4805.8,2,4806.8,2,4807.0,1,4807.4,1,4808.0,3,4808.2,1,4806.2
IC2409,,13:40:20.300#,4830.0,4847.0,4799.0,5300.8,4337.2,11319,100729,4804.6,1,4805.0,1,4805.4,2,4805.6,1,4805.8,2,4806.8,3,4807.0,1,4807.4,1,4808.0,4,4808.2,1,4806.2
IC2409,,13:40:20.800#,4830.0,4847.0,4799.0,5300.8,4337.2,11319,100729,4804.4,1,4804.6,1,4805.0,1,4805.4,2,4805.6,1,4806.6,1,4806.8,3,4807.0,1,4807.4,1,4808.0,4,4806.2
IC2409,,13:40:21.300#,4830.0,4847.0,4799.0,5300.8,4337.2,11320,100729,4803.8,1,4804.4,1,4804.6,1,4805.0,1,4805.4,2,4806.6,1,4806.8,3,4807.0,1,4807.4,1,4808.0,4,4805.6
IC2409,,13:40:21.800#,4830.0,4847.0,4799.0,5300.8,4337.2,11320,100729,4803.8,1,4804.4,1,4804.6,1,4805.0,1,4805.4,2,4806.4,1,4806.6,3,4806.8,3,4807.0,1,4807.4,1,4805.6
IC2409,,13:40:22.300#,4830.0,4847.0,4799.0,5300.8,4337.2,11322,100728,4803.6,1,4803.8,1,4804.4,1,4804.6,1,4805.0,1,4806.4,3,4806.6,4,4806.8,3,4807.0,1,4807.4,1,4805.4
IC2409,,13:40:22.800#,4830.0,4847.0,4799.0,5300.8,4337.2,11323,100728,4803.6,1,4803.8,1,4804.4,1,4804.6,1,4805.0,2,4806.2,8,4806.4,3,4806.6,4,4806.8,3,4807.0,1,4805.0
IC2409,,13:40:23.300#,4830.0,4847.0,4799.0,5300.8,4337.2,11324,100729,4803.6,1,4803.8,1,4804.4,1,4804.6,1,4805.0,1,4805.8,1,4806.0,1,4806.2,6,4806.4,2,4806.6,4,4805.0
IC2409,,13:40:23.800#,4830.0,4847.0,4799.0,5300.8,4337.2,11324,100729,4803.4,4,4803.6,1,4803.8,1,4804.4,1,4804.6,1,4805.8,1,4806.0,1,4806.2,6,4806.4,2,4806.6,4,4805.0
IC2409,,13:40:24.300#,4830.0,4847.0,4799.0,5300.8,4337.2,11324,100729,4803.4,3,4803.6,1,4803.8,1,4804.6,1,4804.8,2,4805.8,1,4806.0,1,4806.2,6,4806.4,2,4806.6,4,4805.0
IC2409,,13:40:24.800#,4830.0,4847.0,4799.0,5300.8,4337.2,11325,100729,4803.4,3,4803.6,1,4803.8,1,4804.6,1,4804.8,2,4806.0,1,4806.2,6,4806.4,2,4806.6,4,4806.8,3,4805.8
IC2409,,13:40:25.300#,4830.0,4847.0,4799.0,5300.8,4337.2,11325,100729,4803.0,1,4803.2,2,4803.4,3,4803.6,1,4803.8,1,4805.8,5,4806.0,1,4806.2,6,4806.4,2,4806.6,4,4805.8
IC2409,,13:40:25.800#,4830.0,4847.0,4799.0,5300.8,4337.2,11325,100729,4803.2,2,4803.4,3,4803.6,1,4803.8,2,4804.0,3,4805.6,4,4805.8,5,4806.2,4,4806.4,2,4806.6,4,4805.8
IC2409,,13:40:26.300#,4830.0,4847.0,4799.0,5300.8,4337.2,11325,100729,4803.4,3,4803.6,1,4803.8,2,4804.0,4,4804.2,1,4805.6,3,4805.8,5,4806.2,4,4806.4,2,4806.6,4,4805.8
IC2409,,13:40:26.800#,4830.0,4847.0,4799.0,5300.8,4337.2,11326,100729,4803.4,3,4803.6,1,4803.8,2,4804.0,4,4804.2,1,4805.6,2,4805.8,5,4806.2,4,4806.4,2,4806.6,4,4805.8
IC2409,,13:40:27.300#,4830.0,4847.0,4799.0,5300.8,4337.2,11326,100729,4803.6,1,4803.8,2,4804.0,3,4804.2,1,4804.4,1,4805.6,2,4805.8,4,4806.2,4,4806.4,2,4806.6,4,4805.8
IC2409,,13:40:27.800#,4830.0,4847.0,4799.0,5300.8,4337.2,11326,100729,4803.6,1,4803.8,2,4804.0,3,4804.2,1,4804.4,1,4805.6,1,4805.8,4,4806.2,4,4806.4,2,4806.6,4,4805.8
IC2409,,13:40:29.300#,4830.0,4847.0,4799.0,5300.8,4337.2,11327,100729,4803.4,3,4803.6,1,4803.8,2,4804.0,3,4804.2,1,4805.6,1,4805.8,4,4806.2,4,4806.4,2,4806.6,4,4804.4
IC2409,,13:40:30.800#,4830.0,4847.0,4799.0,5300.8,4337.2,11327,100729,4803.4,3,4803.6,1,4803.8,1,4804.0,3,4804.2,1,4805.6,1,4805.8,4,4806.2,4,4806.4,2,4806.6,4,4804.4
IC2409,,13:40:31.300#,4830.0,4847.0,4799.0,5300.8,4337.2,11327,100729,4803.4,3,4803.6,1,4803.8,1,4804.0,3,4804.2,1,4805.6,1,4805.8,2,4806.2,4,4806.4,2,4806.6,4,4804.4
IC2409,,13:40:36.300#,4830.0,4847.0,4799.0,5300.8,4337.2,11327,100729,4803.4,3,4803.6,1,4803.8,1,4804.0,3,4804.2,1,4805.4,1,4805.6,1,4805.8,2,4806.2,4,4806.4,2,4804.4
IC2409,,13:40:36.800#,4830.0,4847.0,4799.0,5300.8,4337.2,11327,100729,4803.4,3,4803.6,1,4803.8,1,4804.0,2,4804.2,1,4805.4,1,4805.6,1,4805.8,2,4806.2,4,4806.4,2,4804.4
IC2409,,13:40:37.300#,4830.0,4847.0,4799.0,5300.8,4337.2,11328,100729,4803.2,2,4803.4,3,4803.6,1,4803.8,1,4804.0,2,4805.4,1,4805.6,1,4805.8,2,4806.2,4,4806.4,2,4804.2
IC2409,,13:40:41.300#,4830.0,4847.0,4799.0,5300.8,4337.2,11328,100729,4803.2,2,4803.4,3,4803.6,1,4803.8,1,4804.0,2,4805.2,2,4805.4,1,4805.8,2,4806.2,3,4806.4,2,4804.2
IC2409,,13:40:42.300#,4830.0,4847.0,4799.0,5300.8,4337.2,11329,100729,4803.2,2,4803.4,3,4803.6,1,4803.8,1,4804.0,1,4805.2,1,4805.4,1,4805.8,2,4806.2,3,4806.4,2,4804.0
IC2409,,13:40:43.300#,4830.0,4847.0,4799.0,5300.8,4337.2,11330,100728,4803.2,2,4803.4,3,4803.6,1,4803.8,1,4804.0,1,4805.4,1,4805.8,2,4806.2,3,4806.4,2,4806.6,4,4805.2
IC2409,,13:40:43.800#,4830.0,4847.0,4799.0,5300.8,4337.2,11331,100728,4803.6,1,4803.8,1,4804.0,1,4804.2,2,4804.4,1,4805.8,1,4806.2,3,4806.4,2,4806.6,4,4806.8,1,4805.8
IC2409,,13:40:44.300#,4830.0,4847.0,4799.0,5300.8,4337.2,11331,100728,4803.4,3,4803.6,1,4803.8,1,4804.0,1,4804.4,1,4805.4,2,4805.6,3,4805.8,4,4806.2,3,4806.4,2,4805.8
IC2409,,13:40:44.800#,4830.0,4847.0,4799.0,5300.8,4337.2,11331,100728,4803.2,2,4803.4,3,4803.6,1,4803.8,1,4804.0,1,4805.4,2,4805.6,2,4805.8,4,4806.2,3,4806.4,2,4805.8
IC2409,,13:40:46.300#,4830.0,4847.0,4799.0,5300.8,4337.2,11331,100728,4803.4,3,4803.6,1,4803.8,1,4804.0,1,4804.2,1,4805.4,2,4805.6,2,4805.8,4,4806.2,3,4806.4,2,4805.8
IC2409,,13:40:46.800#,4830.0,4847.0,4799.0,5300.8,4337.2,11332,100729,4803.2,2,4803.4,3,4803.6,1,4803.8,1,4804.0,1,4805.4,1,4805.6,2,4805.8,4,4806.2,3,4806.4,2,4805.4
IC2409,,13:40:47.300#,4830.0,4847.0,4799.0,5300.8,4337.2,11332,100729,4803.2,2,4803.4,3,4803.6,1,4803.8,1,4804.0,1,4805.2,1,4805.4,1,4805.6,2,4805.8,4,4806.2,3,4805.4
IC2409,,13:40:47.800#,4830.0,4847.0,4799.0,5300.8,4337.2,11332,100729,4803.2,2,4803.4,3,4803.6,1,4803.8,1,4804.2,1,4805.4,1,4805.6,2,4805.8,4,4806.2,3,4806.4,2,4805.4
IC2409,,13:40:48.300#,4830.0,4847.0,4799.0,5300.8,4337.2,11332,100729,4803.0,1,4803.2,2,4803.4,3,4803.6,1,4803.8,1,4805.4,1,4805.6,2,4805.8,4,4806.2,3,4806.4,2,4805.4
IC2409,,13:40:48.800#,4830.0,4847.0,4799.0,5300.8,4337.2,11332,100729,4803.4,3,4803.6,1,4803.8,1,4804.0,4,4804.2,1,4805.4,1,4805.6,2,4805.8,4,4806.2,3,4806.4,2,4805.4
IC2409,,13:40:49.800#,4830.0,4847.0,4799.0,5300.8,4337.2,11332,100729,4803.4,3,4803.6,1,4803.8,1,4804.0,3,4804.2,1,4805.2,1,4805.4,1,4805.6,2,4805.8,4,4806.2,3,4805.4
IC2409,,13:40:50.300#,4830.0,4847.0,4799.0,5300.8,4337.2,11332,100729,4803.2,2,4803.4,3,4803.6,1,4803.8,1,4804.0,3,4805.2,1,4805.4,1,4805.6,2,4805.8,4,4806.2,3,4805.4
IC2409,,13:40:52.300#,4830.0,4847.0,4799.0,5300.8,4337.2,11332,100729,4803.2,2,4803.4,3,4803.6,1,4803.8,3,4804.0,3,4805.4,1,4805.6,2,4805.8,4,4806.2,3,4806.4,2,4805.4
IC2409,,13:40:52.800#,4830.0,4847.0,4799.0,5300.8,4337.2,11332,100729,4803.2,2,4803.4,3,4803.6,1,4803.8,3,4804.0,3,4805.4,2,4805.6,2,4805.8,4,4806.2,3,4806.4,2,4805.4
IC2409,,13:40:53.800#,4830.0,4847.0,4799.0,5300.8,4337.2,11332,100729,4803.2,2,4803.4,3,4803.6,1,4803.8,3,4804.0,3,4804.6,3,4805.4,2,4805.6,2,4805.8,4,4806.2,3,4805.4
IC2409,,13:40:54.300#,4830.0,4847.0,4799.0,5300.8,4337.2,11332,100729,4803.2,2,4803.4,3,4803.6,1,4803.8,3,4804.0,1,4804.6,3,4805.4,2,4805.6,2,4805.8,2,4806.2,3,4805.4
IC2409,,13:40:56.800#,4830.0,4847.0,4799.0,5300.8,4337.2,11335,100726,4803.2,2,4803.4,3,4803.6,1,4803.8,3,4804.0,1,4805.4,2,4805.6,2,4805.8,2,4806.2,3,4806.4,2,4804.6
IC2409,,13:40:57.300#,4830.0,4847.0,4799.0,5300.8,4337.2,11335,100726,4803.4,3,4803.6,1,4803.8,3,4804.0,1,4804.2,1,4805.4,2,4805.8,2,4806.2,3,4806.4,2,4806.6,3,4804.6
IC2409,,13:40:57.800#,4830.0,4847.0,4799.0,5300.8,4337.2,11335,100726,4803.2,2,4803.4,3,4803.6,1,4803.8,3,4804.2,1,4805.4,2,4805.8,2,4806.2,3,4806.4,2,4806.6,3,4804.6
IC2409,,13:40:58.300#,4830.0,4847.0,4799.0,5300.8,4337.2,11335,100726,4803.4,3,4803.6,1,4803.8,2,4804.2,1,4804.8,1,4805.4,2,4805.8,2,4806.2,3,4806.4,2,4806.6,3,4804.6
IC2409,,13:40:58.800#,4830.0,4847.0,4799.0,5300.8,4337.2,11336,100726,4803.2,2,4803.4,3,4803.6,1,4803.8,2,4804.2,1,4805.4,2,4805.8,2,4806.2,3,4806.4,2,4806.6,3,4804.8
IC2409,,13:40:59.300#,4830.0,4847.0,4799.0,5300.8,4337.2,11336,100726,4803.2,2,4803.4,3,4803.6,1,4803.8,2,4804.2,1,4805.4,2,4805.8,2,4806.0,1,4806.2,3,4806.4,2,4804.8
IC2409,,13:40:59.800#,4830.0,4847.0,4799.0,5300.8,4337.2,11336,100726,4803.2,2,4803.4,3,4803.6,1,4803.8,2,4804.2,1,4805.2,4,4805.4,2,4805.8,2,4806.0,1,4806.2,3,4804.8
IC2409,,13:41:00.300#,4830.0,4847.0,4799.0,5300.8,4337.2,11337,100726,4803.0,1,4803.2,2,4803.4,3,4803.6,1,4803.8,2,4805.2,3,4805.4,2,4805.8,2,4806.0,1,4806.2,3,4804.2
IC2409,,13:41:00.800#,4830.0,4847.0,4799.0,5300.8,4337.2,11337,100726,4803.2,2,4803.4,3,4803.6,1,4803.8,2,4804.0,1,4805.2,3,4805.4,2,4805.8,2,4806.0,1,4806.2,3,4804.2
IC2409,,13:41:04.300#,4830.0,4847.0,4799.0,5300.8,4337.2,11337,100726,4803.0,1,4803.2,2,4803.4,3,4803.6,1,4803.8,2,4805.2,3,4805.4,2,4805.8,2,4806.0,1,4806.2,3,4804.2
IC2409,,13:41:04.800#,4830.0,4847.0,4799.0,5300.8,4337.2,11337,100726,4803.2,2,4803.4,3,4803.6,1,4803.8,2,4804.0,1,4805.2,3,4805.4,2,4805.8,2,4806.0,1,4806.2,3,4804.2
IC2409,,13:41:06.800#,4830.0,4847.0,4799.0,5300.8,4337.2,11337,100726,4803.2,2,4803.4,3,4803.6,1,4803.8,2,4804.0,2,4805.2,3,4805.4,2,4805.8,2,4806.0,1,4806.2,3,4804.2
IC2409,,13:41:07.300#,4830.0,4847.0,4799.0,5300.8,4337.2,11337,100726,4803.2,2,4803.4,3,4803.6,1,4803.8,2,4804.0,2,4805.2,3,4805.4,2,4805.8,2,4806.0,1,4806.2,2,4804.2
IC2409,,13:41:09.300#,4830.0,4847.0,4799.0,5300.8,4337.2,11337,100726,4803.2,1,4803.4,3,4803.6,1,4803.8,2,4804.0,2,4805.0,2,4805.2,3,4805.4,2,4805.8,2,4806.0,1,4804.2
IC2409,,13:41:09.800#,4830.0,4847.0,4799.0,5300.8,4337.2,11337,100726,4803.2,1,4803.4,3,4803.6,1,4803.8,2,4804.0,2,4805.0,2,4805.2,3,4805.4,1,4805.8,2,4806.0,1,4804.2
IC2409,,13:41:10.300#,4830.0,4847.0,4799.0,5300.8,4337.2,11337,100726,4803.2,1,4803.4,3,4803.6,1,4803.8,2,4804.0,2,4805.0,1,4805.2,3,4805.4,1,4805.8,2,4806.0,1,4804.2
IC2409,,13:41:11.300#,4830.0,4847.0,4799.0,5300.8,4337.2,11337,100726,4803.2,1,4803.4,3,4803.6,1,4803.8,2,4804.0,2,4805.0,2,4805.2,3,4805.4,1,4805.8,2,4806.0,1,4804.2
IC2409,,13:41:11.800#,4830.0,4847.0,4799.0,5300.8,4337.2,11337,100726,4803.2,1,4803.4,3,4803.6,1,4803.8,2,4804.0,2,4805.0,2,4805.2,3,4805.4,1,4805.6,1,4805.8,2,4804.2
IC2409,,13:41:13.800#,4830.0,4847.0,4799.0,5300.8,4337.2,11338,100726,4803.2,1,4803.4,3,4803.6,1,4803.8,2,4804.0,2,4805.0,1,4805.2,3,4805.4,1,4805.6,1,4805.8,2,4805.0
IC2409,,13:41:14.300#,4830.0,4847.0,4799.0,5300.8,4337.2,11338,100726,4803.2,1,4803.4,3,4803.6,1,4803.8,2,4804.0,1,4805.0,1,4805.2,3,4805.4,1,4805.6,1,4805.8,2,4805.0
IC2409,,13:41:16.300#,4830.0,4847.0,4799.0,5300.8,4337.2,11338,100726,4803.4,3,4803.6,1,4803.8,2,4804.0,1,4804.2,1,4805.0,1,4805.2,3,4805.4,1,4805.6,1,4805.8,2,4805.0
IC2409,,13:41:16.800#,4830.0,4847.0,4799.0,5300.8,4337.2,11339,100725,4803.4,3,4803.6,1,4803.8,2,4804.0,1,4804.2,1,4805.0,1,4805.2,3,4805.4,1,4805.6,1,4805.8,2,4805.0
IC2409,,13:41:17.300#,4830.0,4847.0,4799.0,5300.8,4337.2,11340,100724,4803.6,1,4803.8,2,4804.0,1,4804.2,1,4804.4,1,4805.2,3,4805.4,1,4805.6,1,4805.8,2,4806.0,1,4805.0
IC2409,,13:41:17.800#,4830.0,4847.0,4799.0,5300.8,4337.2,11340,100724,4803.6,1,4803.8,2,4804.0,1,4804.2,1,4804.4,1,4805.2,1,4805.4,1,4805.6,1,4805.8,2,4806.0,1,4805.0
IC2409,,13:41:18.300#,4830.0,4847.0,4799.0,5300.8,4337.2,11341,100725,4803.6,1,4803.8,2,4804.0,1,4804.2,1,4804.4,1,4805.4,1,4805.6,1,4805.8,2,4806.0,1,4806.2,2,4805.2
IC2409,,13:41:19.800#,4830.0,4847.0,4799.0,5300.8,4337.2,11341,100725,4803.4,3,4803.6,1,4803.8,2,4804.0,1,4804.4,1,4805.4,1,4805.6,1,4805.8,2,4806.0,1,4806.2,2,4805.2
IC2409,,13:41:21.300#,4830.0,4847.0,4799.0,5300.8,4337.2,11341,100725,4803.2,1,4803.4,3,4803.6,1,4803.8,2,4804.0,1,4805.4,1,4805.6,1,4805.8,2,4806.0,1,4806.2,2,4805.2
IC2409,,13:41:21.800#,4830.0,4847.0,4799.0,5300.8,4337.2,11341,100725,4803.2,1,4803.4,3,4803.6,1,4803.8,2,4804.0,1,4805.2,2,4805.4,1,4805.6,1,4805.8,2,4806.0,1,4805.2
IC2409,,13:41:23.300#,4830.0,4847.0,4799.0,5300.8,4337.2,11341,100725,4803.2,1,4803.4,3,4803.6,1,4803.8,2,4804.0,1,4805.2,1,4805.4,1,4805.6,1,4805.8,2,4806.0,1,4805.2
IC2409,,13:41:25.300#,4830.0,4847.0,4799.0,5300.8,4337.2,11342,100725,4803.4,3,4803.6,1,4803.8,2,4804.0,1,4804.2,1,4805.4,1,4805.6,1,4805.8,2,4806.0,1,4806.2,2,4805.2
IC2409,,13:41:25.800#,4830.0,4847.0,4799.0,5300.8,4337.2,11342,100725,4803.8,2,4804.0,1,4804.2,3,4804.4,1,4804.6,1,4805.6,1,4805.8,2,4806.0,1,4806.2,2,4806.4,2,4805.2
IC2409,,13:41:26.300#,4830.0,4847.0,4799.0,5300.8,4337.2,11342,100725,4804.0,1,4804.2,3,4804.4,1,4804.6,1,4805.2,2,4805.6,1,4805.8,2,4806.0,1,4806.2,2,4806.4,2,4805.2
IC2409,,13:41:26.800#,4830.0,4847.0,4799.0,5300.8,4337.2,11343,100725,4803.6,1,4804.0,1,4804.2,3,4804.4,1,4805.2,2,4805.8,2,4806.0,1,4806.2,2,4806.4,2,4806.6,2,4805.6
IC2409,,13:41:27.300#,4830.0,4847.0,4799.0,5300.8,4337.2,11344,100725,4804.0,1,4804.2,3,4804.4,1,4804.6,1,4805.2,2,4806.0,1,4806.2,2,4806.4,2,4806.6,2,4807.0,1,4805.8
IC2409,,13:41:27.800#,4830.0,4847.0,4799.0,5300.8,4337.2,11345,100725,4804.0,1,4804.2,3,4804.4,1,4804.6,1,4805.2,2,4806.6,2,4807.0,1,4807.2,1,4807.4,1,4808.0,4,4806.0
IC2409,,13:41:28.300#,4830.0,4847.0,4799.0,5300.8,4337.2,11346,100726,4804.0,1,4804.2,3,4804.6,1,4805.2,2,4805.4,3,4806.6,4,4807.0,1,4807.2,1,4807.4,1,4808.0,4,4805.6
IC2409,,13:41:28.800#,4830.0,4847.0,4799.0,5300.8,4337.2,11346,100726,4804.0,1,4804.2,3,4804.6,1,4805.2,2,4805.4,1,4806.6,5,4807.0,1,4807.2,1,4807.4,1,4808.0,4,4805.6
IC2409,,13:41:29.300#,4830.0,4847.0,4799.0,5300.8,4337.2,11346,100726,4803.6,1,4804.0,1,4804.2,3,4804.6,1,4805.4,1,4806.4,7,4806.6,5,4807.0,1,4807.2,1,4807.4,1,4805.6
IC2409,,13:41:29.800#,4830.0,4847.0,4799.0,5300.8,4337.2,11347,100727,4803.4,3,4803.6,1,4804.0,1,4804.2,3,4804.6,1,4806.4,7,4806.6,5,4807.0,1,4807.2,1,4807.4,1,4805.4
IC2409,,13:41:30.300#,4830.0,4847.0,4799.0,5300.8,4337.2,11347,100727,4803.4,3,4803.6,1,4804.0,1,4804.2,3,4804.6,1,4806.0,2,4806.2,6,4806.4,7,4806.6,5,4807.0,1,4805.4
IC2409,,13:41:30.800#,4830.0,4847.0,4799.0,5300.8,4337.2,11347,100727,4803.4,3,4803.6,1,4804.0,1,4804.2,3,4804.6,1,4806.0,2,4806.2,6,4806.4,8,4806.6,5,4807.0,1,4805.4
IC2409,,13:41:31.300#,4830.0,4847.0,4799.0,5300.8,4337.2,11347,100727,4803.4,3,4803.6,1,4804.0,1,4804.2,3,4804.6,1,4806.0,2,4806.2,6,4806.4,8,4806.6,5,4806.8,1,4805.4
IC2409,,13:41:31.800#,4830.0,4847.0,4799.0,5300.8,4337.2,11347,100727,4803.6,1,4804.0,1,4804.2,3,4804.6,1,4804.8,2,4806.0,2,4806.2,6,4806.4,8,4806.6,5,4806.8,1,4805.4
IC2409,,13:41:32.300#,4830.0,4847.0,4799.0,5300.8,4337.2,11347,100727,4803.6,1,4804.0,1,4804.2,3,4804.6,1,4804.8,2,4806.0,2,4806.2,5,4806.4,8,4806.6,5,4806.8,1,4805.4
IC2409,,13:41:32.800#,4830.0,4847.0,4799.0,5300.8,4337.2,11347,100727,4803.4,3,4803.6,1,4804.0,1,4804.2,3,4804.6,1,4806.0,2,4806.2,5,4806.4,8,4806.6,5,4806.8,1,4805.4
IC2409,,13:41:33.300#,4830.0,4847.0,4799.0,5300.8,4337.2,11347,100727,4803.2,1,4803.4,3,4803.6,1,4804.0,1,4804.2,3,4806.0,2,4806.2,5,4806.4,8,4806.6,5,4806.8,1,4805.4
IC2409,,13:41:33.800#,4830.0,4847.0,4799.0,5300.8,4337.2,11347,100727,4803.2,1,4803.4,3,4803.6,1,4804.0,1,4804.2,5,4805.6,1,4806.0,2,4806.2,5,4806.4,7,4806.6,5,4805.4
IC2409,,13:41:34.300#,4830.0,4847.0,4799.0,5300.8,4337.2,11347,100727,4803.2,1,4803.4,3,4803.6,1,4804.0,1,4804.2,5,4805.2,1,4805.6,1,4806.0,1,4806.2,4,4806.4,7,4805.4
IC2409,,13:41:34.800#,4830.0,4847.0,4799.0,5300.8,4337.2,11347,100727,4803.2,1,4803.4,3,4803.6,1,4804.0,1,4804.2,4,4805.2,1,4806.2,3,4806.4,7,4806.6,3,4806.8,1,4805.4
IC2409,,13:41:35.300#,4830.0,4847.0,4799.0,5300.8,4337.2,11348,100728,4803.2,1,4803.4,3,4803.6,1,4804.0,1,4804.2,4,4806.2,3,4806.4,7,4806.6,3,4806.8,1,4807.0,1,4805.4
IC2409,,13:41:35.800#,4830.0,4847.0,4799.0,5300.8,4337.2,11348,100728,4803.2,1,4803.4,3,4803.6,1,4804.0,1,4804.2,3,4805.8,5,4806.0,8,4806.2,2,4806.4,6,4806.6,3,4805.4
IC2409,,13:41:36.300#,4830.0,4847.0,4799.0,5300.8,4337.2,11348,100728,4803.2,1,4803.4,3,4803.6,1,4804.0,1,4804.2,3,4805.6,4,4805.8,5,4806.0,6,4806.2,1,4806.4,6,4805.4
IC2409,,13:41:39.800#,4830.0,4847.0,4799.0,5300.8,4337.2,11348,100728,4803.2,1,4803.4,3,4803.6,1,4804.0,1,4804.2,3,4805.6,4,4805.8,4,4806.0,6,4806.2,1,4806.4,6,4805.4
IC2409,,13:41:42.300#,4830.0,4847.0,4799.0,5300.8,4337.2,11348,100728,4803.6,1,4804.0,1,4804.2,3,4804.4,3,4804.6,2,4805.6,2,4805.8,2,4806.0,3,4806.2,1,4806.4,6,4805.4
IC2409,,13:41:42.800#,4830.0,4847.0,4799.0,5300.8,4337.2,11348,100728,4803.4,3,4803.6,1,4804.0,1,4804.2,3,4804.6,2,4805.6,1,4805.8,1,4806.0,3,4806.2,1,4806.4,6,4805.4
IC2409,,13:41:45.300#,4830.0,4847.0,4799.0,5300.8,4337.2,11350,100728,4803.4,3,4803.6,1,4804.0,1,4804.2,3,4804.6,1,4805.8,1,4806.0,3,4806.2,1,4806.4,6,4806.6,3,4804.6
IC2409,,13:41:45.800#,4830.0,4847.0,4799.0,5300.8,4337.2,11350,100728,4803.4,3,4803.6,1,4804.0,1,4804.2,3,4804.6,1,4805.4,1,4805.8,1,4806.0,3,4806.2,1,4806.4,6,4804.6
IC2409,,13:41:46.300#,4830.0,4847.0,4799.0,5300.8,4337.2,11350,100728,4803.4,3,4803.6,1,4804.0,1,4804.2,3,4804.6,1,4805.4,1,4806.0,3,4806.2,1,4806.4,6,4806.6,3,4804.6
IC2409,,13:41:46.800#,4830.0,4847.0,4799.0,5300.8,4337.2,11351,100729,4803.4,3,4803.6,1,4804.0,1,4804.2,3,4804.6,1,4806.0,3,4806.2,1,4806.4,6,4806.6,3,4806.8,1,4805.4
IC2409,,13:41:48.300#,4830.0,4847.0,4799.0,5300.8,4337.2,11351,100729,4803.4,3,4803.6,1,4804.0,1,4804.2,3,4804.6,1,4805.8,1,4806.0,3,4806.2,1,4806.4,6,4806.6,3,4805.4
IC2409,,13:41:49.800#,4830.0,4847.0,4799.0,5300.8,4337.2,11351,100729,4803.4,3,4803.6,1,4804.0,2,4804.2,3,4804.6,1,4805.8,1,4806.0,3,4806.2,1,4806.4,6,4806.6,3,4805.4
IC2409,,13:41:51.800#,4830.0,4847.0,4799.0,5300.8,4337.2,11351,100729,4803.2,1,4803.4,3,4803.6,1,4804.0,1,4804.2,3,4805.8,1,4806.0,3,4806.2,1,4806.4,6,4806.6,3,4805.4
IC2409,,13:41:52.800#,4830.0,4847.0,4799.0,5300.8,4337.2,11351,100729,4803.2,1,4803.4,3,4803.6,1,4804.0,1,4804.2,3,4805.6,2,4805.8,1,4806.0,3,4806.2,1,4806.4,6,4805.4
IC2409,,13:41:53.300#,4830.0,4847.0,4799.0,5300.8,4337.2,11351,100729,4803.2,1,4803.4,3,4803.6,1,4804.0,1,4804.2,4,4805.6,2,4805.8,1,4806.0,3,4806.2,1,4806.4,6,4805.4
IC2409,,13:41:54.300#,4830.0,4847.0,4799.0,5300.8,4337.2,11351,100729,4803.2,1,4803.4,3,4803.6,1,4804.0,1,4804.2,4,4805.4,1,4805.6,2,4805.8,1,4806.0,3,4806.2,1,4805.4
IC2409,,13:41:54.800#,4830.0,4847.0,4799.0,5300.8,4337.2,11352,100729,4803.2,1,4803.4,3,4803.6,1,4804.0,1,4804.2,4,4805.4,1,4805.6,2,4805.8,1,4806.0,3,4806.2,1,4804.4
IC2409,,13:41:55.300#,4830.0,4847.0,4799.0,5300.8,4337.2,11353,100729,4803.2,1,4803.4,3,4803.6,1,4804.0,1,4804.2,2,4805.4,1,4805.6,2,4805.8,1,4806.0,3,4806.2,1,4804.2
IC2409,,13:41:57.300#,4830.0,4847.0,4799.0,5300.8,4337.2,11353,100729,4803.2,1,4803.4,3,4803.6,1,4804.0,1,4804.2,2,4805.4,1,4805.6,2,4806.0,3,4806.2,1,4806.4,6,4804.2
IC2409,,13:41:57.800#,4830.0,4847.0,4799.0,5300.8,4337.2,11353,100729,4803.4,3,4803.6,1,4804.0,1,4804.2,2,4804.4,1,4805.4,1,4806.0,3,4806.2,1,4806.4,6,4806.6,3,4804.2
IC2409,,13:42:05.300#,4830.0,4847.0,4799.0,5300.8,4337.2,11353,100729,4803.6,1,4804.0,1,4804.2,2,4804.4,1,4804.6,1,4805.4,1,4806.0,3,4806.2,1,4806.4,6,4806.6,3,4804.2
IC2409,,13:42:05.800#,4830.0,4847.0,4799.0,5300.8,4337.2,11353,100729,4803.4,3,4803.6,1,4804.0,1,4804.2,2,4804.4,1,4805.4,1,4806.0,3,4806.2,1,4806.4,6,4806.6,3,4804.2
IC2409,,13:42:06.300#,4830.0,4847.0,4799.0,5300.8,4337.2,11353,100729,4803.6,1,4804.0,1,4804.2,2,4804.4,1,4804.6,3,4805.4,1,4806.0,3,4806.2,1,4806.4,6,4806.6,3,4804.2
IC2409,,13:42:06.800#,4830.0,4847.0,4799.0,5300.8,4337.2,11353,100729,4803.4,3,4803.6,1,4804.0,1,4804.2,2,4804.4,1,4805.4,1,4806.0,3,4806.2,1,4806.4,6,4806.6,3,4804.2
IC2409,,13:42:07.300#,4830.0,4847.0,4799.0,5300.8,4337.2,11353,100729,4803.4,3,4803.6,1,4804.0,1,4804.2,2,4804.4,1,4805.2,1,4805.4,1,4806.0,3,4806.2,1,4806.4,6,4804.2
IC2409,,13:42:07.800#,4830.0,4847.0,4799.0,5300.8,4337.2,11353,100729,4803.4,3,4803.6,1,4804.0,1,4804.2,2,4804.4,1,4805.2,1,4805.4,1,4806.0,3,4806.2,1,4806.4,4,4804.2
IC2409,,13:42:09.300#,4830.0,4847.0,4799.0,5300.8,4337.2,11355,100730,4803.4,3,4803.6,1,4804.0,1,4804.2,2,4804.4,1,4805.0,1,4805.2,1,4805.4,1,4806.0,3,4806.2,1,4804.4
IC2409,,13:42:09.800#,4830.0,4847.0,4799.0,5300.8,4337.2,11355,100730,4803.2,1,4803.4,3,4803.6,1,4804.0,1,4804.2,2,4805.0,1,4805.2,1,4805.4,1,4806.0,3,4806.2,1,4804.4
IC2409,,13:42:11.300#,4830.0,4847.0,4799.0,5300.8,4337.2,11355,100730,4803.0,1,4803.2,1,4803.4,3,4804.0,1,4804.2,2,4804.8,1,4805.0,1,4805.2,1,4805.4,1,4806.0,3,4804.4
IC2409,,13:42:11.800#,4830.0,4847.0,4799.0,5300.8,4337.2,11357,100728,4802.6,1,4803.0,1,4803.2,1,4803.4,3,4804.0,1,4805.0,1,4805.2,1,4805.4,1,4806.0,3,4806.2,1,4804.2
IC2409,,13:42:12.800#,4830.0,4847.0,4799.0,5300.8,4337.2,11357,100728,4803.0,1,4803.2,1,4803.4,3,4803.8,2,4804.0,1,4805.0,1,4805.2,1,4805.4,1,4806.0,3,4806.2,1,4804.2
IC2409,,13:42:14.300#,4830.0,4847.0,4799.0,5300.8,4337.2,11357,100728,4803.2,1,4803.4,3,4803.8,2,4804.0,1,4804.2,2,4805.2,1,4805.4,1,4806.0,3,4806.2,1,4806.4,4,4804.2
IC2409,,13:42:14.800#,4830.0,4847.0,4799.0,5300.8,4337.2,11357,100728,4803.0,1,4803.2,1,4803.4,3,4803.8,2,4804.0,1,4805.2,1,4805.4,1,4806.0,3,4806.2,1,4806.4,4,4804.2
IC2409,,13:42:15.300#,4830.0,4847.0,4799.0,5300.8,4337.2,11357,100728,4803.4,3,4803.8,2,4804.0,2,4804.2,2,4804.4,2,4805.2,1,4805.4,1,4806.0,3,4806.2,1,4806.4,4,4804.2
IC2409,,13:42:15.800#,4830.0,4847.0,4799.0,5300.8,4337.2,11357,100728,4803.4,3,4803.8,2,4804.0,2,4804.2,2,4804.4,2,4805.2,2,4805.4,1,4806.0,3,4806.2,1,4806.4,4,4804.2
IC2409,,13:42:16.300#,4830.0,4847.0,4799.0,5300.8,4337.2,11357,100728,4803.4,3,4803.8,2,4804.0,2,4804.2,2,4804.4,1,4805.2,2,4805.4,1,4806.0,3,4806.2,1,4806.4,4,4804.2
IC2409,,13:42:17.300#,4830.0,4847.0,4799.0,5300.8,4337.2,11358,100728,4803.4,3,4803.8,2,4804.0,2,4804.2,2,4804.4,1,4805.2,1,4805.4,1,4806.0,3,4806.2,1,4806.4,4,4805.2
IC2409,,13:42:27.300#,4830.0,4847.0,4799.0,5300.8,4337.2,11358,100728,4803.2,1,4803.4,3,4803.8,2,4804.0,2,4804.2,2,4805.2,1,4805.4,1,4806.0,3,4806.2,1,4806.4,4,4805.2
IC2409,,13:42:27.800#,4830.0,4847.0,4799.0,5300.8,4337.2,11359,100729,4803.0,1,4803.2,1,4803.4,3,4803.8,2,4804.0,2,4805.4,1,4806.0,3,4806.2,1,4806.4,4,4806.6,3,4805.2
IC2409,,13:42:28.300#,4830.0,4847.0,4799.0,5300.8,4337.2,11359,100729,4803.0,1,4803.2,1,4803.4,3,4803.8,2,4804.0,2,4805.2,1,4805.4,3,4806.0,3,4806.2,1,4806.4,4,4805.2
IC2409,,13:42:28.800#,4830.0,4847.0,4799.0,5300.8,4337.2,11359,100729,4803.0,1,4803.2,1,4803.4,3,4803.8,2,4804.0,2,4805.0,2,4805.2,2,4805.4,3,4806.0,3,4806.2,1,4805.2
IC2409,,13:42:29.800#,4830.0,4847.0,4799.0,5300.8,4337.2,11359,100729,4803.0,1,4803.2,1,4803.4,3,4803.8,2,4804.0,1,4805.0,2,4805.2,1,4805.4,3,4806.0,3,4806.2,1,4805.2
IC2409,,13:42:30.300#,4830.0,4847.0,4799.0,5300.8,4337.2,11360,100729,4802.6,1,4803.0,1,4803.2,1,4803.4,3,4803.8,2,4805.0,2,4805.2,1,4805.4,3,4806.0,3,4806.2,1,4804.0
IC2409,,13:42:30.800#,4830.0,4847.0,4799.0,5300.8,4337.2,11362,100730,4803.0,1,4803.2,1,4803.4,3,4803.8,2,4804.0,3,4805.2,1,4805.4,3,4806.0,3,4806.2,1,4806.4,4,4805.0
IC2409,,13:42:31.300#,4830.0,4847.0,4799.0,5300.8,4337.2,11362,100730,4803.4,3,4803.8,2,4804.0,3,4804.2,2,4804.4,2,4805.4,1,4806.0,3,4806.2,1,4806.4,4,4806.6,3,4805.0
IC2409,,13:42:31.800#,4830.0,4847.0,4799.0,5300.8,4337.2,11363,100730,4804.0,3,4804.2,2,4804.4,2,4804.6,2,4804.8,1,4806.0,3,4806.2,1,4806.4,4,4806.6,3,4806.8,1,4805.4
IC2409,,13:42:32.300#,4830.0,4847.0,4799.0,5300.8,4337.2,11363,100730,4804.2,2,4804.6,2,4804.8,1,4805.0,2,4805.2,1,4806.0,3,4806.2,3,4806.4,3,4806.6,3,4806.8,1,4805.4
IC2409,,13:42:32.800#,4830.0,4847.0,4799.0,5300.8,4337.2,11363,100730,4804.2,1,4804.6,2,4805.0,3,4805.2,1,4805.4,1,4806.0,3,4806.2,3,4806.4,3,4806.6,3,4807.0,1,4805.4
IC2409,,13:42:33.300#,4830.0,4847.0,4799.0,5300.8,4337.2,11363,100730,4804.0,3,4804.2,1,4804.6,2,4805.0,4,4805.4,1,4806.0,3,4806.2,3,4806.4,3,4806.6,3,4807.0,1,4805.4
IC2409,,13:42:34.800#,4830.0,4847.0,4799.0,5300.8,4337.2,11363,100730,4804.0,3,4804.2,1,4804.6,2,4805.0,4,4805.4,1,4806.0,2,4806.2,3,4806.4,3,4806.6,3,4807.0,1,4805.4
IC2409,,13:42:35.800#,4830.0,4847.0,4799.0,5300.8,4337.2,11363,100730,4804.0,3,4804.2,1,4804.6,2,4805.0,4,4805.4,1,4806.0,1,4806.2,3,4806.4,3,4806.6,3,4807.0,1,4805.4
IC2409,,13:42:36.300#,4830.0,4847.0,4799.0,5300.8,4337.2,11363,100730,4804.0,3,4804.2,1,4804.6,2,4805.0,4,4805.4,1,4805.8,1,4806.0,1,4806.2,3,4806.4,3,4806.6,3,4805.4
IC2409,,13:42:36.800#,4830.0,4847.0,4799.0,5300.8,4337.2,11363,100730,4804.0,3,4804.2,1,4804.6,2,4805.0,4,4805.4,1,4805.6,1,4806.0,1,4806.2,3,4806.4,3,4806.6,3,4805.4
IC2409,,13:42:37.300#,4830.0,4847.0,4799.0,5300.8,4337.2,11363,100730,4804.0,3,4804.2,1,4804.6,2,4805.0,4,4805.4,1,4805.6,2,4806.0,1,4806.2,3,4806.4,3,4806.6,3,4805.4
IC2409,,13:42:37.800#,4830.0,4847.0,4799.0,5300.8,4337.2,11363,100730,4803.4,3,4804.0,3,4804.2,1,4804.6,2,4805.0,4,4805.4,1,4805.6,1,4806.0,1,4806.2,3,4806.4,3,4805.4
IC2409,,13:42:38.300#,4830.0,4847.0,4799.0,5300.8,4337.2,11365,100732,4804.0,3,4804.2,1,4804.6,1,4805.0,3,4805.6,1,4806.0,1,4806.2,3,4806.4,3,4806.6,3,4807.0,1,4805.6
IC2409,,13:42:38.800#,4830.0,4847.0,4799.0,5300.8,4337.2,11366,100733,4803.4,3,4804.0,1,4804.2,1,4804.6,1,4805.0,3,4806.0,1,4806.2,3,4806.4,3,4806.6,3,4807.0,1,4805.6
IC2409,,13:42:39.800#,4830.0,4847.0,4799.0,5300.8,4337.2,11369,100734,4803.4,3,4804.0,1,4804.2,1,4804.6,1,4805.0,3,4806.2,1,4806.4,3,4806.6,3,4807.0,1,4807.4,3,4806.2
IC2409,,13:42:41.300#,4830.0,4847.0,4799.0,5300.8,4337.2,11369,100734,4803.4,3,4804.0,1,4804.2,1,4804.6,1,4805.0,3,4806.2,1,4806.4,1,4806.6,3,4807.0,1,4807.4,3,4806.2
IC2409,,13:42:41.800#,4830.0,4847.0,4799.0,5300.8,4337.2,11369,100734,4804.0,1,4804.2,1,4804.6,1,4804.8,2,4805.0,3,4806.4,1,4806.6,3,4807.0,1,4807.4,3,4808.0,4,4806.2
IC2409,,13:42:42.300#,4830.0,4847.0,4799.0,5300.8,4337.2,11369,100734,4804.0,1,4804.2,1,4804.6,1,4804.8,2,4805.0,3,4806.2,1,4806.4,1,4806.6,3,4807.0,1,4807.4,3,4806.2
IC2409,,13:42:43.300#,4830.0,4847.0,4799.0,5300.8,4337.2,11369,100734,4804.0,1,4804.2,1,4804.6,1,4804.8,2,4805.0,3,4806.2,1,4806.4,3,4806.6,3,4807.0,1,4807.4,3,4806.2
IC2409,,13:42:44.800#,4830.0,4847.0,4799.0,5300.8,4337.2,11369,100734,4804.0,1,4804.2,1,4804.6,1,4804.8,2,4805.0,1,4806.0,6,4806.2,1,4806.4,3,4806.6,3,4807.0,1,4806.2
IC2409,,13:42:45.300#,4830.0,4847.0,4799.0,5300.8,4337.2,11369,100734,4804.0,1,4804.2,1,4804.6,1,4804.8,2,4805.0,1,4806.0,1,4806.4,3,4806.6,3,4807.0,1,4807.4,3,4806.2
IC2409,,13:42:46.800#,4830.0,4847.0,4799.0,5300.8,4337.2,11370,100735,4804.0,1,4804.2,1,4804.6,1,4804.8,2,4805.0,1,4806.4,3,4806.6,3,4807.0,1,4807.4,3,4808.0,4,4806.0
IC2409,,13:42:47.300#,4830.0,4847.0,4799.0,5300.8,4337.2,11370,100735,4804.2,1,4804.6,1,4804.8,2,4805.0,1,4805.2,1,4806.2,3,4806.4,3,4806.6,3,4807.0,1,4807.4,3,4806.0
IC2409,,13:42:47.800#,4830.0,4847.0,4799.0,5300.8,4337.2,11370,100735,4804.0,1,4804.2,1,4804.6,1,4804.8,2,4805.0,1,4806.2,4,4806.4,3,4806.6,3,4807.0,1,4807.4,3,4806.0
IC2409,,13:42:49.300#,4830.0,4847.0,4799.0,5300.8,4337.2,11370,100735,4804.0,1,4804.2,1,4804.6,1,4804.8,2,4805.0,1,4806.2,1,4806.4,3,4806.6,3,4807.0,1,4807.4,3,4806.0
IC2409,,13:42:49.800#,4830.0,4847.0,4799.0,5300.8,4337.2,11370,100735,4804.2,1,4804.6,1,4804.8,2,4805.0,1,4805.2,2,4806.2,1,4806.4,3,4806.6,3,4807.0,1,4807.4,3,4806.0
IC2409,,13:42:50.300#,4830.0,4847.0,4799.0,5300.8,4337.2,11370,100735,4804.0,1,4804.2,1,4804.6,1,4804.8,2,4805.0,1,4806.2,1,4806.4,3,4806.6,3,4807.0,1,4807.4,3,4806.0
IC2409,,13:42:54.800#,4830.0,4847.0,4799.0,5300.8,4337.2,11370,100735,4804.2,1,4804.6,1,4804.8,2,4805.0,1,4805.2,2,4806.2,1,4806.4,3,4806.6,3,4807.0,1,4807.4,3,4806.0
IC2409,,13:42:55.800#,4830.0,4847.0,4799.0,5300.8,4337.2,11371,100735,4804.2,1,4804.6,1,4804.8,2,4805.0,1,4805.2,2,4806.4,3,4806.6,3,4807.0,1,4807.4,3,4808.0,4,4806.2
IC2409,,13:42:56.300#,4830.0,4847.0,4799.0,5300.8,4337.2,11371,100735,4804.6,1,4804.8,2,4805.0,1,4805.2,2,4806.2,2,4806.4,3,4806.6,3,4807.0,1,4807.4,3,4808.0,4,4806.2
IC2409,,13:42:56.800#,4830.0,4847.0,4799.0,5300.8,4337.2,11373,100736,4803.4,3,4804.0,1,4804.6,1,4805.0,1,4805.2,2,4806.2,1,4806.4,3,4806.6,3,4807.0,1,4807.4,3,4806.2
IC2409,,13:42:57.300#,4830.0,4847.0,4799.0,5300.8,4337.2,11373,100736,4803.2,1,4803.4,3,4804.0,1,4804.6,1,4805.0,1,4806.0,1,4806.4,3,4806.6,3,4807.0,1,4807.4,3,4806.2
IC2409,,13:42:57.800#,4830.0,4847.0,4799.0,5300.8,4337.2,11374,100737,4803.4,3,4804.0,1,4804.6,1,4804.8,2,4805.0,1,4806.4,1,4806.6,3,4807.0,1,4807.4,3,4808.0,4,4806.2
IC2409,,13:42:58.300#,4830.0,4847.0,4799.0,5300.8,4337.2,11374,100737,4803.4,3,4804.0,1,4804.6,1,4804.8,2,4805.0,2,4806.2,3,4806.4,1,4806.6,3,4807.0,1,4807.4,3,4806.2
IC2409,,13:42:59.800#,4830.0,4847.0,4799.0,5300.8,4337.2,11374,100737,4804.0,1,4804.6,1,4804.8,2,4805.0,2,4805.2,4,4806.2,1,4806.4,1,4806.6,3,4807.0,1,4807.4,3,4806.2
IC2409,,13:43:00.300#,4830.0,4847.0,4799.0,5300.8,4337.2,11374,100737,4804.0,1,4804.6,1,4804.8,2,4805.0,2,4805.2,4,4806.2,1,4806.4,3,4806.6,3,4807.0,1,4807.4,3,4806.2
IC2409,,13:43:02.800#,4830.0,4847.0,4799.0,5300.8,4337.2,11375,100737,4804.0,1,4804.6,1,4804.8,2,4805.0,2,4805.2,3,4806.2,1,4806.4,3,4806.6,3,4807.0,1,4807.4,3,4805.2
IC2409,,13:43:03.300#,4830.0,4847.0,4799.0,5300.8,4337.2,11375,100737,4804.0,1,4804.6,1,4804.8,2,4805.0,2,4805.2,3,4806.2,3,4806.4,3,4806.6,3,4807.0,1,4807.4,3,4805.2
IC2409,,13:43:04.800#,4830.0,4847.0,4799.0,5300.8,4337.2,11375,100737,4804.0,1,4804.6,1,4804.8,2,4805.0,2,4805.2,3,4806.4,3,4806.6,3,4807.0,1,4807.4,3,4808.0,4,4805.2
IC2409,,13:43:05.300#,4830.0,4847.0,4799.0,5300.8,4337.2,11375,100737,4804.0,1,4804.6,1,4804.8,2,4805.0,2,4805.2,3,4806.2,1,4806.4,3,4806.6,3,4807.0,1,4807.4,3,4805.2
IC2409,,13:43:10.800#,4830.0,4847.0,4799.0,5300.8,4337.2,11375,100737,4804.0,1,4804.6,1,4804.8,2,4805.0,2,4805.2,3,4806.4,3,4806.6,3,4807.0,1,4807.4,3,4808.0,4,4805.2
IC2409,,13:43:12.300#,4830.0,4847.0,4799.0,5300.8,4337.2,11378,100740,4803.4,3,4804.0,1,4804.6,1,4804.8,2,4805.0,2,4806.4,3,4806.6,3,4807.0,1,4807.2,1,4807.4,3,4805.2
IC2409,,13:43:12.800#,4830.0,4847.0,4799.0,5300.8,4337.2,11378,100740,4803.4,3,4804.0,1,4804.6,1,4804.8,2,4805.0,1,4806.4,3,4806.6,3,4807.0,1,4807.2,1,4807.4,3,4805.2
IC2409,,13:43:13.300#,4830.0,4847.0,4799.0,5300.8,4337.2,11378,100740,4803.4,3,4804.0,1,4804.6,1,4804.8,2,4805.0,1,4806.2,1,4806.4,3,4806.6,3,4807.0,1,4807.2,1,4805.2
IC2409,,13:43:13.800#,4830.0,4847.0,4799.0,5300.8,4337.2,11379,100740,4803.2,1,4803.4,3,4804.0,1,4804.6,1,4804.8,2,4805.8,1,4806.2,4,4806.4,3,4806.6,3,4807.0,1,4805.0
IC2409,,13:43:16.800#,4830.0,4847.0,4799.0,5300.8,4337.2,11383,100741,4803.2,1,4803.4,4,4803.6,9,4803.8,1,4804.0,2,4805.4,2,4805.8,1,4806.0,1,4806.2,3,4806.4,1,4803.8
IC2409,,13:43:17.300#,4830.0,4847.0,4799.0,5300.8,4337.2,11384,100740,4803.2,1,4803.4,4,4803.6,9,4804.0,2,4804.2,1,4805.4,2,4805.6,2,4805.8,1,4806.0,1,4806.2,3,4805.2
IC2409,,13:43:17.800#,4830.0,4847.0,4799.0,5300.8,4337.2,11384,100740,4803.2,1,4803.4,4,4803.6,9,4804.0,2,4804.2,1,4805.4,1,4805.6,2,4805.8,1,4806.0,1,4806.2,3,4805.2
IC2409,,13:43:18.800#,4830.0,4847.0,4799.0,5300.8,4337.2,11384,100740,4803.2,1,4803.4,4,4803.6,8,4804.0,2,4804.2,1,4805.4,1,4805.6,2,4805.8,1,4806.2,3,4806.4,1,4805.2
IC2409,,13:43:20.300#,4830.0,4847.0,4799.0,5300.8,4337.2,11385,100741,4803.2,1,4803.4,4,4803.6,8,4804.0,2,4804.2,1,4805.6,2,4805.8,1,4806.2,3,4806.4,1,4806.6,3,4805.4
IC2409,,13:43:20.800#,4830.0,4847.0,4799.0,5300.8,4337.2,11385,100741,4803.0,1,4803.2,1,4803.4,4,4803.6,8,4804.2,1,4805.2,1,4805.6,4,4805.8,1,4806.2,3,4806.4,1,4805.4
IC2409,,13:43:22.300#,4830.0,4847.0,4799.0,5300.8,4337.2,11386,100742,4803.0,1,4803.2,1,4803.4,4,4803.6,8,4804.2,1,4805.6,4,4805.8,1,4806.2,3,4806.4,1,4806.6,3,4805.4
IC2409,,13:43:24.300#,4830.0,4847.0,4799.0,5300.8,4337.2,11387,100741,4803.0,1,4803.2,1,4803.4,4,4803.6,8,4803.8,3,4805.4,3,4805.6,5,4806.2,2,4806.4,1,4806.6,3,4804.4
IC2409,,13:43:26.300#,4830.0,4847.0,4799.0,5300.8,4337.2,11388,100742,4803.6,4,4803.8,1,4804.2,1,4804.4,2,4804.6,2,4805.6,2,4806.2,2,4806.4,1,4806.6,3,4807.0,1,4805.4
IC2409,,13:43:27.800#,4830.0,4847.0,4799.0,5300.8,4337.2,11388,100742,4803.4,4,4803.6,2,4803.8,1,4804.4,2,4804.6,1,4806.0,3,4806.4,5,4806.6,3,4807.0,1,4807.2,1,4805.4
IC2409,,13:43:28.300#,4830.0,4847.0,4799.0,5300.8,4337.2,11388,100742,4803.4,4,4803.6,2,4803.8,1,4804.4,4,4804.6,1,4806.0,3,4806.4,5,4806.6,3,4807.0,1,4807.2,1,4805.4
IC2409,,13:43:30.800#,4830.0,4847.0,4799.0,5300.8,4337.2,11388,100742,4803.2,1,4803.4,4,4803.6,2,4803.8,1,4804.4,4,4805.8,1,4806.0,3,4806.4,5,4806.6,3,4807.0,1,4805.4
IC2409,,13:43:33.800#,4830.0,4847.0,4799.0,5300.8,4337.2,11388,100742,4803.6,2,4803.8,1,4804.4,4,4804.6,1,4805.8,2,4806.0,2,4806.4,5,4806.6,3,4807.0,1,4807.2,1,4805.4
IC2409,,13:43:34.300#,4830.0,4847.0,4799.0,5300.8,4337.2,11390,100742,4803.4,4,4803.6,1,4803.8,1,4804.4,2,4804.6,1,4805.8,1,4806.0,2,4806.4,5,4806.6,3,4807.0,1,4805.8
IC2409,,13:43:34.800#,4830.0,4847.0,4799.0,5300.8,4337.2,11391,100743,4803.4,4,4803.6,1,4803.8,1,4804.4,2,4804.6,1,4805.0,1,4806.0,2,4806.4,5,4806.6,3,4807.0,1,4804.6
IC2409,,13:43:35.300#,4830.0,4847.0,4799.0,5300.8,4337.2,11392,100743,4803.4,4,4803.6,1,4803.8,1,4804.4,2,4804.6,1,4806.0,2,4806.4,3,4806.6,3,4807.0,1,4807.2,1,4805.0
IC2409,,13:43:35.800#,4830.0,4847.0,4799.0,5300.8,4337.2,11392,100743,4803.4,4,4803.6,1,4803.8,1,4804.4,2,4804.6,2,4805.8,2,4806.0,3,4806.2,2,4806.4,3,4806.6,3,4805.0
IC2409,,13:43:36.800#,4830.0,4847.0,4799.0,5300.8,4337.2,11392,100743,4803.4,4,4803.6,1,4803.8,1,4804.4,2,4804.6,2,4805.8,1,4806.0,3,4806.2,2,4806.4,3,4806.6,3,4805.0
IC2409,,13:43:38.800#,4830.0,4847.0,4799.0,5300.8,4337.2,11392,100743,4803.6,1,4803.8,1,4804.4,2,4804.6,2,4805.0,2,4805.8,1,4806.0,3,4806.2,2,4806.4,3,4806.6,3,4805.0
IC2409,,13:43:42.800#,4830.0,4847.0,4799.0,5300.8,4337.2,11394,100743,4803.4,4,4803.6,1,4803.8,1,4804.4,2,4804.6,2,4805.6,2,4805.8,2,4806.0,3,4806.2,2,4806.4,3,4805.0
IC2409,,13:43:43.300#,4830.0,4847.0,4799.0,5300.8,4337.2,11394,100743,4803.4,4,4803.6,1,4803.8,1,4804.4,2,4804.6,1,4805.6,2,4805.8,2,4806.0,3,4806.2,2,4806.4,3,4805.0
IC2409,,13:43:44.800#,4830.0,4847.0,4799.0,5300.8,4337.2,11394,100743,4803.4,4,4803.6,1,4803.8,1,4804.4,2,4804.6,1,4805.4,2,4805.6,2,4805.8,2,4806.0,3,4806.2,2,4805.0
IC2409,,13:43:45.300#,4830.0,4847.0,4799.0,5300.8,4337.2,11396,100744,4803.2,1,4803.4,4,4803.6,1,4803.8,1,4804.4,2,4805.4,2,4805.6,2,4805.8,2,4806.0,3,4806.2,2,4804.6
IC2409,,13:43:45.800#,4830.0,4847.0,4799.0,5300.8,4337.2,11396,100744,4803.2,1,4803.4,4,4803.6,1,4803.8,1,4804.4,3,4805.4,2,4805.8,2,4806.0,3,4806.2,2,4806.4,3,4804.6
IC2409,,13:43:46.800#,4830.0,4847.0,4799.0,5300.8,4337.2,11397,100744,4803.2,1,4803.4,4,4803.6,1,4803.8,1,4804.4,3,4805.4,1,4805.8,2,4806.0,3,4806.2,2,4806.4,3,4805.4
IC2409,,13:43:47.300#,4830.0,4847.0,4799.0,5300.8,4337.2,11397,100744,4803.2,1,4803.4,4,4803.6,1,4803.8,1,4804.4,3,4805.8,2,4806.0,3,4806.2,2,4806.4,3,4806.6,3,4805.4
IC2409,,13:43:48.800#,4830.0,4847.0,4799.0,5300.8,4337.2,11397,100744,4803.6,1,4803.8,1,4804.2,2,4804.4,4,4804.6,1,4805.8,2,4806.0,3,4806.2,2,4806.4,3,4806.6,3,4805.4
IC2409,,13:43:49.300#,4830.0,4847.0,4799.0,5300.8,4337.2,11397,100744,4803.4,4,4803.6,1,4803.8,1,4804.2,2,4804.4,4,4805.8,2,4806.0,3,4806.2,2,4806.4,3,4806.6,3,4805.4
IC2409,,13:43:49.800#,4830.0,4847.0,4799.0,5300.8,4337.2,11397,100744,4803.6,1,4803.8,1,4804.2,2,4804.4,4,4804.6,1,4805.8,2,4806.0,3,4806.2,2,4806.4,3,4806.6,3,4805.4
IC2409,,13:43:50.300#,4830.0,4847.0,4799.0,5300.8,4337.2,11397,100744,4803.6,1,4803.8,1,4804.2,2,4804.4,4,4804.6,1,4805.8,3,4806.0,3,4806.2,2,4806.4,3,4806.6,3,4805.4
IC2409,,13:43:52.800#,4830.0,4847.0,4799.0,5300.8,4337.2,11397,100744,4803.8,1,4804.2,2,4804.4,4,4804.6,1,4805.4,1,4805.8,3,4806.0,3,4806.2,2,4806.4,3,4806.6,3,4805.4
IC2409,,13:43:53.300#,4830.0,4847.0,4799.0,5300.8,4337.2,11398,100744,4803.2,1,4803.4,4,4803.6,1,4803.8,1,4804.4,4,4805.8,3,4806.0,3,4806.2,2,4806.4,3,4806.6,3,4805.4
IC2409,,13:43:53.800#,4830.0,4847.0,4799.0,5300.8,4337.2,11398,100744,4803.4,4,4803.6,1,4803.8,1,4804.4,4,4804.6,2,4805.8,3,4806.0,3,4806.2,2,4806.4,3,4806.6,3,4805.4
IC2409,,13:43:57.800#,4830.0,4847.0,4799.0,5300.8,4337.2,11401,100746,4803.4,4,4803.6,1,4803.8,1,4804.4,4,4804.6,2,4806.0,3,4806.2,2,4806.4,3,4806.6,3,4807.0,1,4805.8
IC2409,,13:43:58.300#,4830.0,4847.0,4799.0,5300.8,4337.2,11401,100746,4803.8,1,4804.4,4,4804.6,2,4804.8,1,4805.0,1,4806.0,3,4806.2,2,4806.4,3,4806.6,3,4807.0,1,4805.8
IC2409,,13:43:59.300#,4830.0,4847.0,4799.0,5300.8,4337.2,11401,100746,4803.8,1,4804.4,4,4804.6,2,4804.8,1,4805.0,1,4806.0,1,4806.2,2,4806.4,3,4806.6,3,4807.0,1,4805.8
IC2409,,13:43:59.800#,4830.0,4847.0,4799.0,5300.8,4337.2,11401,100746,4803.6,1,4803.8,1,4804.4,4,4804.6,2,4804.8,1,4806.0,1,4806.2,2,4806.4,3,4806.6,3,4807.0,1,4805.8
IC2409,,13:44:01.800#,4830.0,4847.0,4799.0,5300.8,4337.2,11401,100746,4803.6,1,4803.8,1,4804.4,3,4804.6,2,4804.8,2,4806.0,1,4806.2,2,4806.4,3,4806.6,3,4807.0,1,4805.8
IC2409,,13:44:02.800#,4830.0,4847.0,4799.0,5300.8,4337.2,11401,100746,4803.6,1,4803.8,1,4804.4,3,4804.6,2,4804.8,3,4806.0,1,4806.2,2,4806.4,3,4806.6,3,4807.0,1,4805.8
IC2409,,13:44:05.300#,4830.0,4847.0,4799.0,5300.8,4337.2,11402,100745,4803.6,1,4803.8,1,4804.4,3,4804.6,2,4804.8,3,4806.2,2,4806.4,3,4806.6,3,4807.0,1,4807.2,1,4806.0
IC2409,,13:44:05.800#,4830.0,4847.0,4799.0,5300.8,4337.2,11402,100745,4804.4,3,4804.6,2,4804.8,3,4805.0,1,4805.2,1,4806.2,2,4806.4,3,4806.6,3,4807.0,1,4807.2,1,4806.0
IC2409,,13:44:06.300#,4830.0,4847.0,4799.0,5300.8,4337.2,11403,100744,4804.6,2,4804.8,3,4805.0,1,4805.2,1,4805.4,1,4806.2,1,4806.4,1,4806.6,3,4807.0,1,4807.2,1,4806.2
IC2409,,13:44:06.800#,4830.0,4847.0,4799.0,5300.8,4337.2,11403,100744,4804.6,2,4804.8,3,4805.0,1,4805.4,1,4805.8,2,4806.2,1,4806.4,1,4806.6,2,4807.0,1,4807.2,1,4806.2
IC2409,,13:44:07.300#,4830.0,4847.0,4799.0,5300.8,4337.2,11404,100743,4804.4,3,4804.8,3,4805.0,1,4805.4,1,4806.2,1,4806.4,1,4806.6,2,4807.0,1,4807.2,1,4807.4,3,4806.2
IC2409,,13:44:07.800#,4830.0,4847.0,4799.0,5300.8,4337.2,11405,100744,4803.8,1,4804.4,1,4804.8,3,4805.2,1,4805.4,1,4806.4,2,4806.6,2,4807.0,1,4807.4,3,4807.6,1,4806.2
IC2409,,13:44:08.300#,4830.0,4847.0,4799.0,5300.8,4337.2,11406,100745,4803.6,1,4803.8,1,4804.4,1,4804.8,3,4805.2,1,4806.4,2,4806.6,2,4807.0,1,4807.4,3,4807.6,1,4805.4
IC2409,,13:44:08.800#,4830.0,4847.0,4799.0,5300.8,4337.2,11406,100745,4803.6,1,4803.8,1,4804.4,1,4804.8,3,4805.2,1,4806.2,1,4806.4,2,4806.6,4,4807.0,1,4807.4,3,4805.4
IC2409,,13:44:10.800#,4830.0,4847.0,4799.0,5300.8,4337.2,11406,100745,4803.6,1,4803.8,1,4804.4,1,4804.8,3,4805.0,2,4806.2,1,4806.4,2,4806.6,4,4807.0,1,4807.4,3,4805.4
IC2409,,13:44:12.300#,4830.0,4847.0,4799.0,5300.8,4337.2,11406,100745,4803.6,1,4803.8,1,4804.4,1,4804.8,4,4805.0,2,4806.2,1,4806.4,2,4806.6,4,4807.0,1,4807.4,3,4805.4
IC2409,,13:44:12.800#,4830.0,4847.0,4799.0,5300.8,4337.2,11407,100746,4804.4,1,4804.8,4,4805.0,2,4805.2,1,4805.4,1,4806.4,1,4806.6,4,4807.0,1,4807.4,3,4807.6,1,4806.2
IC2409,,13:44:13.300#,4830.0,4847.0,4799.0,5300.8,4337.2,11407,100746,4804.8,4,4805.0,2,4805.2,1,4805.4,1,4805.6,1,4806.4,1,4806.6,4,4807.0,1,4807.4,3,4807.6,1,4806.2
IC2409,,13:44:13.800#,4830.0,4847.0,4799.0,5300.8,4337.2,11407,100746,4804.4,1,4804.8,4,4805.0,2,4805.2,1,4805.6,1,4806.4,1,4806.6,2,4807.0,1,4807.4,3,4807.6,1,4806.2
IC2409,,13:44:15.800#,4830.0,4847.0,4799.0,5300.8,4337.2,11407,100746,4804.4,1,4804.8,3,4805.0,2,4805.2,1,4805.6,2,4806.4,1,4806.6,2,4807.0,1,4807.4,3,4807.6,1,4806.2
IC2409,,13:44:16.300#,4830.0,4847.0,4799.0,5300.8,4337.2,11410,100747,4804.4,1,4804.8,3,4805.0,2,4805.2,1,4805.6,2,4807.0,1,4807.4,3,4807.6,1,4808.0,4,4808.2,1,4806.6
IC2409,,13:44:16.800#,4830.0,4847.0,4799.0,5300.8,4337.2,11410,100747,4804.4,1,4804.8,3,4805.0,2,4805.2,1,4805.6,3,4807.0,6,4807.4,3,4807.6,1,4808.0,4,4808.2,1,4806.6
IC2409,,13:44:17.300#,4830.0,4847.0,4799.0,5300.8,4337.2,11411,100746,4804.4,1,4804.8,3,4805.0,2,4805.2,1,4805.6,3,4806.6,1,4806.8,2,4807.0,6,4807.4,3,4807.6,1,4806.6
IC2409,,13:44:17.800#,4830.0,4847.0,4799.0,5300.8,4337.2,11411,100746,4804.4,1,4804.8,3,4805.0,2,4805.2,1,4805.6,3,4806.6,1,4806.8,2,4807.0,4,4807.4,3,4807.6,1,4806.6
IC2409,,13:44:18.300#,4830.0,4847.0,4799.0,5300.8,4337.2,11411,100746,4804.4,1,4804.8,3,4805.0,2,4805.2,1,4805.6,4,4806.6,1,4806.8,2,4807.0,4,4807.4,3,4807.6,1,4806.6
IC2409,,13:44:20.300#,4830.0,4847.0,4799.0,5300.8,4337.2,11411,100746,4804.4,1,4804.8,3,4805.0,2,4805.2,1,4805.6,4,4807.0,4,4807.4,3,4807.6,1,4808.0,4,4808.2,1,4806.6
IC2409,,13:44:21.300#,4830.0,4847.0,4799.0,5300.8,4337.2,11411,100746,4804.8,3,4805.0,2,4805.2,1,4805.6,4,4806.6,1,4806.8,5,4807.0,4,4807.4,3,4807.6,1,4808.0,4,4806.6
IC2409,,13:44:21.800#,4830.0,4847.0,4799.0,5300.8,4337.2,11412,100746,4803.6,1,4803.8,1,4804.8,3,4805.2,1,4805.6,4,4806.6,4,4806.8,5,4807.0,4,4807.4,3,4807.6,1,4806.6
IC2409,,13:44:22.300#,4830.0,4847.0,4799.0,5300.8,4337.2,11416,100746,4803.4,4,4803.6,1,4803.8,1,4804.8,2,4805.2,1,4806.6,2,4806.8,3,4807.0,4,4807.4,3,4807.6,1,4805.6
IC2409,,13:44:22.800#,4830.0,4847.0,4799.0,5300.8,4337.2,11416,100746,4803.6,1,4803.8,1,4804.8,2,4805.0,2,4805.2,1,4806.2,1,4806.4,2,4806.6,1,4806.8,3,4807.0,4,4805.6
IC2409,,13:44:23.300#,4830.0,4847.0,4799.0,5300.8,4337.2,11416,100746,4803.8,1,4804.8,2,4805.0,2,4805.2,1,4805.4,1,4806.2,1,4806.4,1,4806.6,1,4806.8,3,4807.0,4,4805.6
IC2409,,13:44:23.800#,4830.0,4847.0,4799.0,5300.8,4337.2,11416,100746,4803.8,1,4804.8,2,4805.0,2,4805.2,1,4805.4,1,4806.4,1,4806.6,1,4806.8,3,4807.0,4,4807.4,3,4805.6
IC2409,,13:44:24.800#,4830.0,4847.0,4799.0,5300.8,4337.2,11416,100746,4804.8,2,4805.0,2,4805.2,1,4805.4,1,4806.2,3,4806.4,1,4806.6,1,4806.8,3,4807.0,4,4807.4,3,4805.6
IC2409,,13:44:25.300#,4830.0,4847.0,4799.0,5300.8,4337.2,11419,100743,4803.4,4,4803.6,1,4803.8,1,4804.8,2,4805.2,1,4806.2,1,4806.6,1,4806.8,3,4807.0,4,4807.4,3,4806.2
IC2409,,13:44:25.800#,4830.0,4847.0,4799.0,5300.8,4337.2,11420,100744,4803.6,1,4803.8,1,4804.8,2,4805.0,2,4805.2,2,4806.6,1,4806.8,3,4807.0,4,4807.4,3,4807.6,1,4805.6
IC2409,,13:44:26.300#,4830.0,4847.0,4799.0,5300.8,4337.2,11420,100744,4803.6,1,4803.8,1,4804.8,2,4805.0,2,4805.2,2,4806.4,1,4806.6,1,4806.8,3,4807.0,4,4807.4,3,4805.6
IC2409,,13:44:30.800#,4830.0,4847.0,4799.0,5300.8,4337.2,11420,100744,4803.6,1,4803.8,1,4804.8,2,4805.0,2,4805.2,2,4806.4,1,4806.6,1,4806.8,2,4807.0,4,4807.4,3,4805.6
IC2409,,13:44:31.300#,4830.0,4847.0,4799.0,5300.8,4337.2,11420,100744,4804.8,2,4805.0,2,4805.2,2,4805.4,1,4805.6,1,4806.6,1,4806.8,2,4807.0,4,4807.4,3,4807.6,1,4805.6
IC2409,,13:44:33.800#,4830.0,4847.0,4799.0,5300.8,4337.2,11420,100744,4803.8,1,4804.8,2,4805.0,2,4805.2,2,4805.4,1,4806.6,1,4806.8,2,4807.0,4,4807.4,3,4807.6,1,4805.6
IC2409,,13:44:34.800#,4830.0,4847.0,4799.0,5300.8,4337.2,11420,100744,4804.8,2,4805.0,2,4805.2,2,4805.4,1,4805.6,2,4806.6,1,4806.8,2,4807.0,4,4807.4,3,4807.6,1,4805.6
IC2409,,13:44:35.300#,4830.0,4847.0,4799.0,5300.8,4337.2,11420,100744,4804.8,2,4805.0,2,4805.2,2,4805.6,2,4805.8,2,4806.6,1,4806.8,2,4807.0,4,4807.4,3,4807.6,1,4805.6
IC2409,,13:44:37.300#,4830.0,4847.0,4799.0,5300.8,4337.2,11420,100744,4804.8,2,4805.0,2,4805.2,2,4805.6,2,4805.8,2,4806.6,1,4807.0,4,4807.4,3,4807.6,1,4808.0,4,4805.6
IC2409,,13:44:46.800#,4830.0,4847.0,4799.0,5300.8,4337.2,11421,100745,4804.8,2,4805.0,2,4805.2,2,4805.6,2,4805.8,2,4807.0,4,4807.4,3,4807.6,1,4808.0,4,4808.2,1,4806.6
IC2409,,13:44:47.300#,4830.0,4847.0,4799.0,5300.8,4337.2,11422,100746,4804.8,2,4805.0,2,4805.2,2,4805.6,2,4805.8,1,4806.8,1,4807.0,4,4807.4,3,4807.6,1,4808.0,4,4805.8
IC2409,,13:44:52.300#,4830.0,4847.0,4799.0,5300.8,4337.2,11422,100746,4805.0,2,4805.2,2,4805.6,2,4805.8,1,4806.0,1,4806.8,1,4807.0,4,4807.4,3,4807.6,1,4808.0,4,4805.8
IC2409,,13:44:52.800#,4830.0,4847.0,4799.0,5300.8,4337.2,11422,100746,4805.0,2,4805.2,2,4805.6,2,4805.8,1,4806.0,1,4807.0,1,4807.4,3,4807.6,1,4808.0,4,4808.2,1,4805.8
IC2409,,13:44:54.300#,4830.0,4847.0,4799.0,5300.8,4337.2,11423,100746,4805.2,2,4805.6,2,4805.8,1,4806.0,4,4806.2,4,4807.4,3,4807.6,1,4808.0,4,4808.6,1,4808.8,3,4807.0
IC2409,,13:44:54.800#,4830.0,4847.0,4799.0,5300.8,4337.2,11423,100746,4805.8,1,4806.0,4,4806.2,4,4806.4,4,4806.6,1,4807.4,3,4807.6,1,4808.0,4,4808.6,1,4808.8,3,4807.0
IC2409,,13:44:55.300#,4830.0,4847.0,4799.0,5300.8,4337.2,11423,100746,4806.0,4,4806.2,6,4806.4,3,4806.6,1,4806.8,3,4807.4,2,4807.6,1,4808.0,4,4808.6,1,4808.8,3,4807.0
IC2409,,13:44:56.300#,4830.0,4847.0,4799.0,5300.8,4337.2,11423,100746,4806.0,4,4806.2,6,4806.4,3,4806.6,1,4806.8,2,4807.4,4,4807.6,1,4808.0,4,4808.6,1,4808.8,3,4807.0
IC2409,,13:44:56.800#,4830.0,4847.0,4799.0,5300.8,4337.2,11425,100746,4805.6,2,4806.0,4,4806.2,6,4806.4,3,4806.6,1,4807.4,4,4807.6,1,4808.0,4,4808.6,1,4808.8,3,4806.8
IC2409,,13:44:59.300#,4830.0,4847.0,4799.0,5300.8,4337.2,11425,100746,4805.6,2,4806.0,5,4806.2,6,4806.4,3,4806.6,1,4807.4,4,4807.6,1,4808.0,4,4808.6,1,4808.8,3,4806.8
IC2409,,13:44:59.800#,4830.0,4847.0,4799.0,5300.8,4337.2,11426,100746,4805.6,2,4806.0,5,4806.2,6,4806.4,2,4806.6,1,4807.4,3,4807.6,1,4808.0,4,4808.6,1,4808.8,3,4807.4
IC2409,,13:45:00.300#,4830.0,4847.0,4799.0,5300.8,4337.2,11429,100745,4806.0,5,4806.2,6,4806.4,2,4806.6,2,4806.8,2,4807.2,1,4807.6,1,4808.0,4,4808.6,1,4808.8,3,4807.4
IC2409,,13:45:00.800#,4830.0,4847.0,4799.0,5300.8,4337.2,11430,100744,4806.0,5,4806.2,6,4806.4,2,4806.6,1,4806.8,2,4807.6,1,4808.0,4,4808.6,1,4808.8,4,4809.0,3,4807.2
IC2409,,13:45:01.800#,4830.0,4847.0,4799.0,5300.8,4337.2,11431,100744,4806.2,6,4806.4,2,4806.6,1,4806.8,1,4807.0,1,4808.0,4,4808.6,1,4808.8,4,4809.0,3,4809.2,1,4807.6
IC2409,,13:45:02.300#,4830.0,4847.0,4799.0,5300.8,4337.2,11431,100744,4806.0,5,4806.2,5,4806.4,2,4806.6,1,4807.0,2,4808.0,4,4808.6,1,4808.8,4,4809.0,3,4809.2,1,4807.6
IC2409,,13:45:03.300#,4830.0,4847.0,4799.0,5300.8,4337.2,11431,100744,4806.0,5,4806.2,5,4806.4,2,4806.6,1,4807.0,2,4807.8,1,4808.0,4,4808.6,2,4808.8,4,4809.0,3,4807.6
IC2409,,13:45:03.800#,4830.0,4847.0,4799.0,5300.8,4337.2,11431,100744,4806.0,4,4806.2,5,4806.4,2,4806.6,1,4807.0,2,4807.6,1,4807.8,1,4808.0,4,4808.2,2,4808.6,2,4807.6
IC2409,,13:45:04.300#,4830.0,4847.0,4799.0,5300.8,4337.2,11431,100744,4806.0,4,4806.2,5,4806.4,2,4806.6,1,4807.0,2,4807.8,1,4808.0,4,4808.2,2,4808.6,2,4808.8,4,4807.6
IC2409,,13:45:04.800#,4830.0,4847.0,4799.0,5300.8,4337.2,11432,100744,4806.0,4,4806.2,5,4806.4,2,4806.6,1,4807.0,1,4807.8,1,4808.0,4,4808.2,2,4808.6,2,4808.8,4,4807.8
IC2409,,13:45:05.300#,4830.0,4847.0,4799.0,5300.8,4337.2,11434,100743,4804.8,2,4805.2,2,4805.6,2,4806.0,4,4806.2,4,4807.6,5,4807.8,1,4808.0,4,4808.2,2,4808.6,2,4806.6
IC2409,,13:45:05.800#,4830.0,4847.0,4799.0,5300.8,4337.2,11434,100743,4803.8,1,4804.8,2,4805.2,2,4806.0,4,4806.2,3,4807.2,1,4807.4,1,4807.6,10,4807.8,2,4808.0,4,4806.6
IC2409,,13:45:06.300#,4830.0,4847.0,4799.0,5300.8,4337.2,11434,100743,4803.8,1,4804.8,2,4805.2,2,4806.0,4,4806.2,3,4807.2,1,4807.4,2,4807.6,8,4807.8,2,4808.0,4,4806.6
IC2409,,13:45:06.800#,4830.0,4847.0,4799.0,5300.8,4337.2,11434,100743,4803.8,1,4804.8,2,4805.2,2,4806.0,4,4806.2,3,4807.4,2,4807.6,8,4807.8,2,4808.0,4,4808.2,2,4806.6
IC2409,,13:45:07.300#,4830.0,4847.0,4799.0,5300.8,4337.2,11436,100744,4804.8,2,4805.2,2,4806.0,4,4806.2,3,4807.2,3,4807.4,4,4807.6,8,4807.8,2,4808.0,4,4808.2,2,4807.2
IC2409,,13:45:07.800#,4830.0,4847.0,4799.0,5300.8,4337.2,11439,100744,4803.8,1,4804.8,2,4805.2,1,4806.0,4,4806.2,3,4807.2,3,4807.4,4,4807.6,8,4807.8,2,4808.0,4,4807.2
IC2409,,13:45:08.300#,4830.0,4847.0,4799.0,5300.8,4337.2,11439,100744,4803.8,1,4804.8,2,4805.2,1,4806.0,1,4806.2,2,4807.2,3,4807.4,4,4807.6,8,4807.8,2,4808.0,4,4807.2
IC2409,,13:45:10.800#,4830.0,4847.0,4799.0,5300.8,4337.2,11439,100744,4803.8,1,4804.8,2,4805.2,1,4806.0,1,4806.2,2,4807.2,1,4807.4,4,4807.6,8,4807.8,2,4808.0,4,4807.2
IC2409,,13:45:11.300#,4830.0,4847.0,4799.0,5300.8,4337.2,11439,100744,4803.8,1,4804.8,2,4805.2,1,4806.0,1,4806.2,2,4807.2,1,4807.4,2,4807.6,8,4807.8,2,4808.0,4,4807.2
IC2409,,13:45:11.800#,4830.0,4847.0,4799.0,5300.8,4337.2,11441,100742,4803.6,1,4803.8,1,4804.8,2,4805.2,1,4806.0,3,4807.2,1,4807.4,2,4807.6,8,4807.8,2,4808.0,4,4806.2
IC2409,,13:45:12.300#,4830.0,4847.0,4799.0,5300.8,4337.2,11441,100742,4803.6,1,4803.8,1,4804.8,2,4805.2,1,4806.0,3,4806.8,1,4807.0,1,4807.2,4,4807.4,1,4807.6,8,4806.2
IC2409,,13:45:12.800#,4830.0,4847.0,4799.0,5300.8,4337.2,11444,100744,4803.4,1,4803.6,1,4803.8,1,4804.8,2,4805.2,1,4806.8,1,4807.0,1,4807.2,4,4807.4,1,4807.6,8,4806.0
IC2409,,13:45:13.300#,4830.0,4847.0,4799.0,5300.8,4337.2,11444,100744,4803.8,1,4804.8,2,4805.2,1,4805.4,1,4805.8,2,4806.4,2,4806.6,3,4807.2,4,4807.4,1,4807.6,8,4806.0
IC2409,,13:45:13.800#,4830.0,4847.0,4799.0,5300.8,4337.2,11446,100744,4803.4,1,4803.6,1,4803.8,1,4804.8,2,4805.4,1,4805.8,2,4806.4,2,4806.6,3,4807.2,5,4807.4,1,4805.8
IC2409,,13:45:14.300#,4830.0,4847.0,4799.0,5300.8,4337.2,11446,100744,4803.4,1,4803.6,1,4803.8,1,4804.8,2,4805.2,2,4806.4,1,4806.6,3,4807.2,5,4807.4,1,4807.6,5,4805.8
IC2409,,13:45:14.800#,4830.0,4847.0,4799.0,5300.8,4337.2,11446,100744,4803.4,1,4803.6,1,4803.8,1,4804.8,2,4805.2,2,4806.0,2,4806.2,2,4806.4,1,4806.6,2,4807.2,5,4805.8
IC2409,,13:45:15.300#,4830.0,4847.0,4799.0,5300.8,4337.2,11446,100744,4803.4,1,4803.6,1,4803.8,1,4804.8,2,4805.2,2,4806.0,2,4806.2,2,4806.4,1,4806.6,2,4807.2,4,4805.8
IC2409,,13:45:15.800#,4830.0,4847.0,4799.0,5300.8,4337.2,11446,100744,4803.4,1,4803.6,1,4803.8,1,4804.8,2,4805.2,2,4806.0,1,4806.2,2,4806.4,1,4806.6,2,4807.2,4,4805.8
IC2409,,13:45:17.300#,4830.0,4847.0,4799.0,5300.8,4337.2,11447,100745,4803.6,1,4803.8,1,4804.8,2,4805.2,2,4806.0,1,4806.2,2,4806.4,1,4806.6,2,4807.2,4,4807.4,2,4806.0
IC2409,,13:45:17.800#,4830.0,4847.0,4799.0,5300.8,4337.2,11448,100745,4803.2,1,4803.4,1,4803.6,1,4803.8,1,4804.8,2,4806.4,3,4806.6,2,4807.2,4,4807.4,2,4807.6,5,4806.0
IC2409,,13:45:18.300#,4830.0,4847.0,4799.0,5300.8,4337.2,11449,100744,4803.4,1,4803.6,1,4803.8,1,4804.8,2,4805.2,1,4806.2,3,4806.4,3,4806.6,2,4807.2,4,4807.4,2,4806.0
IC2409,,13:45:18.800#,4830.0,4847.0,4799.0,5300.8,4337.2,11449,100744,4803.6,1,4803.8,1,4804.6,2,4804.8,2,4805.2,1,4806.0,1,4806.2,3,4806.4,3,4806.6,2,4807.2,4,4806.0
IC2409,,13:45:19.300#,4830.0,4847.0,4799.0,5300.8,4337.2,11449,100744,4803.4,1,4803.6,1,4803.8,1,4804.6,2,4804.8,2,4806.0,1,4806.2,3,4806.4,3,4806.6,2,4807.2,4,4806.0
IC2409,,13:45:19.800#,4830.0,4847.0,4799.0,5300.8,4337.2,11449,100744,4803.4,1,4803.6,1,4803.8,1,4804.6,2,4804.8,2,4805.8,1,4806.0,1,4806.2,2,4806.4,3,4806.6,2,4806.0
IC2409,,13:45:20.300#,4830.0,4847.0,4799.0,5300.8,4337.2,11449,100744,4803.4,1,4803.6,1,4803.8,1,4804.6,2,4804.8,2,4805.6,2,4805.8,1,4806.2,2,4806.4,3,4806.6,2,4806.0
IC2409,,13:45:20.800#,4830.0,4847.0,4799.0,5300.8,4337.2,11449,100744,4803.4,1,4803.6,1,4803.8,1,4804.6,2,4804.8,2,4805.8,1,4806.2,2,4806.4,3,4806.6,2,4807.2,4,4806.0
IC2409,,13:45:23.300#,4830.0,4847.0,4799.0,5300.8,4337.2,11449,100744,4803.6,1,4803.8,1,4804.6,2,4804.8,2,4805.0,1,4805.8,1,4806.2,2,4806.4,3,4806.6,2,4807.2,4,4806.0
IC2409,,13:45:23.800#,4830.0,4847.0,4799.0,5300.8,4337.2,11449,100744,4803.6,1,4803.8,1,4804.6,2,4804.8,2,4805.0,1,4805.8,2,4806.2,2,4806.4,3,4806.6,2,4807.2,4,4806.0
IC2409,,13:45:24.300#,4830.0,4847.0,4799.0,5300.8,4337.2,11449,100744,4803.8,1,4804.0,1,4804.6,2,4804.8,2,4805.0,1,4805.8,2,4806.2,2,4806.4,3,4806.6,2,4807.2,4,4806.0
IC2409,,13:45:24.800#,4830.0,4847.0,4799.0,5300.8,4337.2,11449,100744,4803.8,1,4804.0,1,4804.6,2,4804.8,2,4805.0,1,4805.8,1,4806.2,2,4806.4,3,4806.6,2,4807.2,4,4806.0
IC2409,,13:45:27.800#,4830.0,4847.0,4799.0,5300.8,4337.2,11449,100744,4803.8,1,4804.0,1,4804.6,2,4804.8,3,4805.0,1,4805.8,1,4806.2,2,4806.4,3,4806.6,2,4807.2,4,4806.0
IC2409,,13:45:31.300#,4830.0,4847.0,4799.0,5300.8,4337.2,11449,100744,4803.8,1,4804.0,1,4804.6,2,4804.8,3,4805.0,1,4805.6,2,4805.8,1,4806.2,2,4806.4,3,4806.6,2,4806.0
IC2409,,13:45:31.800#,4830.0,4847.0,4799.0,5300.8,4337.2,11449,100744,4803.8,1,4804.0,1,4804.6,2,4804.8,3,4805.0,1,4806.2,2,4806.4,3,4806.6,2,4807.2,4,4807.4,2,4806.0
IC2409,,13:45:32.300#,4830.0,4847.0,4799.0,5300.8,4337.2,11450,100745,4803.8,1,4804.0,1,4804.6,2,4804.8,3,4805.0,1,4806.0,4,4806.2,2,4806.4,3,4806.6,2,4807.2,4,4805.0
IC2409,,13:45:32.800#,4830.0,4847.0,4799.0,5300.8,4337.2,11450,100745,4803.8,1,4804.0,1,4804.6,2,4804.8,3,4805.0,1,4805.8,1,4806.0,4,4806.2,2,4806.4,3,4806.6,2,4805.0
IC2409,,13:45:36.300#,4830.0,4847.0,4799.0,5300.8,4337.2,11450,100745,4803.8,1,4804.0,1,4804.6,2,4804.8,3,4805.0,1,4805.8,1,4806.0,1,4806.2,2,4806.4,3,4806.6,2,4805.0
IC2409,,13:45:36.800#,4830.0,4847.0,4799.0,5300.8,4337.2,11450,100745,4803.6,1,4803.8,1,4804.0,1,4804.6,2,4804.8,3,4805.8,1,4806.0,1,4806.2,2,4806.4,3,4806.6,2,4805.0
IC2409,,13:45:37.300#,4830.0,4847.0,4799.0,5300.8,4337.2,11450,100745,4803.8,1,4804.0,1,4804.6,2,4804.8,3,4805.0,1,4805.8,1,4806.0,1,4806.2,2,4806.4,3,4806.6,2,4805.0
IC2409,,13:45:44.800#,4830.0,4847.0,4799.0,5300.8,4337.2,11451,100744,4803.6,1,4803.8,1,4804.0,1,4804.6,2,4804.8,3,4805.8,1,4806.0,1,4806.2,2,4806.4,3,4806.6,2,4805.0
IC2409,,13:45:45.300#,4830.0,4847.0,4799.0,5300.8,4337.2,11452,100744,4803.6,1,4803.8,1,4804.0,1,4804.6,2,4804.8,3,4806.0,1,4806.2,2,4806.4,3,4806.6,2,4807.0,1,4805.8
IC2409,,13:45:45.800#,4830.0,4847.0,4799.0,5300.8,4337.2,11452,100744,4803.6,1,4803.8,1,4804.0,1,4804.6,2,4804.8,3,4805.6,2,4806.0,1,4806.2,2,4806.4,3,4806.6,2,4805.8
IC2409,,13:45:46.300#,4830.0,4847.0,4799.0,5300.8,4337.2,11452,100744,4803.6,1,4803.8,1,4804.0,1,4804.6,2,4804.8,2,4805.0,1,4806.0,1,4806.2,2,4806.4,3,4806.6,2,4805.8
IC2409,,13:45:46.800#,4830.0,4847.0,4799.0,5300.8,4337.2,11453,100744,4803.6,1,4803.8,1,4804.0,1,4804.6,2,4804.8,2,4806.0,1,4806.2,2,4806.4,1,4807.0,1,4807.2,4,4805.0
IC2409,,13:45:47.300#,4830.0,4847.0,4799.0,5300.8,4337.2,11456,100743,4803.4,1,4803.6,1,4803.8,1,4804.0,1,4804.6,1,4805.6,1,4805.8,15,4806.0,5,4806.2,4,4806.4,1,4804.6
IC2409,,13:45:47.800#,4830.0,4847.0,4799.0,5300.8,4337.2,11457,100743,4802.6,1,4803.2,1,4803.6,1,4803.8,1,4804.0,1,4805.0,1,4805.2,4,4805.4,2,4805.6,3,4805.8,14,4804.6
IC2409,,13:45:48.300#,4830.0,4847.0,4799.0,5300.8,4337.2,11457,100743,4802.0,3,4802.6,1,4803.2,1,4803.8,2,4804.0,1,4804.6,1,4805.0,1,4805.2,4,4805.4,2,4805.6,2,4804.6
IC2409,,13:45:48.800#,4830.0,4847.0,4799.0,5300.8,4337.2,11458,100744,4802.0,3,4802.6,1,4803.2,1,4803.8,2,4804.0,1,4805.0,1,4805.2,1,4805.4,2,4805.6,2,4805.8,8,4804.6
IC2409,,13:45:49.300#,4830.0,4847.0,4799.0,5300.8,4337.2,11458,100744,4802.6,1,4803.2,1,4803.8,2,4804.0,1,4804.4,2,4805.0,1,4805.2,1,4805.4,2,4805.6,2,4805.8,8,4804.6
IC2409,,13:45:49.800#,4830.0,4847.0,4799.0,5300.8,4337.2,11458,100744,4802.6,1,4803.2,1,4803.8,2,4804.0,1,4804.4,2,4805.0,1,4805.4,2,4805.6,2,4805.8,8,4806.0,5,4804.6
IC2409,,13:45:50.300#,4830.0,4847.0,4799.0,5300.8,4337.2,11458,100744,4802.6,1,4803.2,1,4803.8,2,4804.0,1,4804.4,2,4805.0,1,4805.4,2,4805.6,1,4805.8,8,4806.0,5,4804.6
IC2409,,13:45:50.800#,4830.0,4847.0,4799.0,5300.8,4337.2,11458,100744,4802.6,1,4803.2,1,4803.8,2,4804.0,1,4804.4,2,4805.0,1,4805.4,1,4805.6,1,4805.8,8,4806.0,5,4804.6
IC2409,,13:45:51.300#,4830.0,4847.0,4799.0,5300.8,4337.2,11459,100744,4802.0,3,4802.6,1,4803.2,1,4803.8,2,4804.0,1,4805.0,1,4805.6,1,4805.8,8,4806.0,5,4806.2,1,4804.4
IC2409,,13:45:51.800#,4830.0,4847.0,4799.0,5300.8,4337.2,11459,100744,4802.6,1,4803.2,1,4803.8,2,4804.0,1,4804.2,1,4805.0,1,4805.6,1,4805.8,8,4806.0,5,4806.2,1,4804.4
IC2409,,13:45:53.300#,4830.0,4847.0,4799.0,5300.8,4337.2,11460,100743,4802.6,1,4803.2,1,4803.8,2,4804.0,1,4804.2,1,4805.6,1,4805.8,8,4806.0,5,4806.2,1,4806.4,1,4805.0
IC2409,,13:45:53.800#,4830.0,4847.0,4799.0,5300.8,4337.2,11460,100743,4802.6,1,4803.2,1,4803.8,2,4804.0,1,4804.2,1,4805.2,1,4805.4,4,4805.6,1,4805.8,10,4806.0,5,4805.0
IC2409,,13:45:54.300#,4830.0,4847.0,4799.0,5300.8,4337.2,11460,100743,4802.6,1,4803.2,1,4803.8,2,4804.0,1,4804.2,1,4805.2,1,4805.4,5,4805.6,1,4805.8,10,4806.0,5,4805.0
IC2409,,13:45:55.300#,4830.0,4847.0,4799.0,5300.8,4337.2,11460,100743,4803.2,1,4803.8,2,4804.0,1,4804.2,1,4804.4,1,4805.2,1,4805.4,5,4805.8,10,4806.0,5,4806.2,1,4805.0
IC2409,,13:45:55.800#,4830.0,4847.0,4799.0,5300.8,4337.2,11460,100743,4803.2,1,4803.8,2,4804.0,1,4804.2,1,4804.4,1,4805.4,5,4805.8,10,4806.0,5,4806.2,1,4807.0,1,4805.0
IC2409,,13:45:56.300#,4830.0,4847.0,4799.0,5300.8,4337.2,11460,100743,4803.2,1,4803.8,2,4804.0,1,4804.2,1,4804.4,1,4805.4,2,4805.8,10,4806.0,4,4806.2,1,4807.0,1,4805.0
IC2409,,13:45:56.800#,4830.0,4847.0,4799.0,5300.8,4337.2,11461,100744,4803.2,1,4803.8,2,4804.0,1,4804.2,1,4804.4,1,4805.4,1,4805.8,10,4806.0,4,4806.2,1,4807.0,1,4805.4
IC2409,,13:45:57.300#,4830.0,4847.0,4799.0,5300.8,4337.2,11461,100744,4803.2,1,4803.8,2,4804.0,1,4804.2,1,4804.4,1,4805.2,1,4805.4,2,4805.8,10,4806.0,4,4806.2,1,4805.4
IC2409,,13:45:57.800#,4830.0,4847.0,4799.0,5300.8,4337.2,11461,100744,4803.2,1,4803.8,2,4804.0,1,4804.2,1,4804.4,2,4805.4,2,4805.8,10,4806.0,4,4806.2,1,4807.0,1,4805.4
IC2409,,13:45:58.300#,4830.0,4847.0,4799.0,5300.8,4337.2,11461,100744,4803.8,2,4804.0,1,4804.2,1,4804.4,2,4804.6,1,4805.4,1,4805.8,8,4806.0,4,4806.2,1,4807.0,1,4805.4
IC2409,,13:45:58.800#,4830.0,4847.0,4799.0,5300.8,4337.2,11462,100745,4803.8,2,4804.0,1,4804.2,1,4804.4,2,4804.6,1,4805.8,5,4806.0,1,4806.2,1,4807.0,1,4807.2,1,4805.4
IC2409,,13:45:59.300#,4830.0,4847.0,4799.0,5300.8,4337.2,11462,100745,4804.0,1,4804.2,1,4804.4,2,4804.6,2,4804.8,2,4805.8,3,4806.0,1,4806.2,1,4807.0,1,4807.2,1,4805.4
IC2409,,13:45:59.800#,4830.0,4847.0,4799.0,5300.8,4337.2,11465,100746,4804.0,1,4804.2,1,4804.4,2,4804.8,5,4805.0,4,4807.0,1,4807.2,1,4807.4,1,4807.6,3,4807.8,2,4805.8
IC2409,,13:46:00.300#,4830.0,4847.0,4799.0,5300.8,4337.2,11465,100746,4804.8,3,4805.0,6,4805.2,4,4805.4,2,4805.6,1,4806.6,1,4806.8,5,4807.0,1,4807.2,1,4807.4,1,4805.8
IC2409,,13:46:00.800#,4830.0,4847.0,4799.0,5300.8,4337.2,11467,100744,4804.8,3,4805.0,3,4805.2,3,4805.4,2,4805.6,1,4807.2,1,4807.4,1,4807.6,3,4807.8,2,4808.0,3,4806.8
IC2409,,13:46:01.300#,4830.0,4847.0,4799.0,5300.8,4337.2,11467,100744,4805.0,3,4805.2,3,4805.4,1,4805.6,1,4806.0,3,4807.0,6,4807.2,5,4807.4,1,4807.6,3,4807.8,2,4806.8
IC2409,,13:46:01.800#,4830.0,4847.0,4799.0,5300.8,4337.2,11468,100745,4804.8,2,4805.0,3,4805.2,3,4805.4,1,4805.6,1,4806.8,4,4807.0,5,4807.2,5,4807.4,1,4807.6,3,4806.0
IC2409,,13:46:02.300#,4830.0,4847.0,4799.0,5300.8,4337.2,11468,100745,4804.8,1,4805.0,2,4805.2,3,4805.4,2,4805.6,1,4806.8,4,4807.0,5,4807.2,5,4807.4,1,4807.6,3,4806.0
IC2409,,13:46:02.800#,4830.0,4847.0,4799.0,5300.8,4337.2,11468,100745,4804.4,2,4804.8,1,4805.0,2,4805.2,2,4805.4,2,4806.6,4,4806.8,6,4807.0,5,4807.2,5,4807.4,1,4806.0
IC2409,,13:46:03.300#,4830.0,4847.0,4799.0,5300.8,4337.2,11468,100745,4804.4,2,4804.8,1,4805.0,1,4805.2,1,4805.4,2,4806.4,1,4806.6,6,4806.8,6,4807.0,5,4807.2,5,4806.0
IC2409,,13:46:03.800#,4830.0,4847.0,4799.0,5300.8,4337.2,11468,100745,4804.4,2,4804.8,1,4805.0,1,4805.2,1,4805.4,2,4806.2,1,4806.4,2,4806.6,5,4806.8,4,4807.0,5,4806.0
IC2409,,13:46:04.300#,4830.0,4847.0,4799.0,5300.8,4337.2,11468,100745,4804.4,2,4804.8,1,4805.0,1,4805.2,1,4805.4,3,4806.2,1,4806.4,2,4806.6,5,4806.8,4,4807.0,5,4806.0
IC2409,,13:46:05.300#,4830.0,4847.0,4799.0,5300.8,4337.2,11468,100745,4804.4,2,4804.8,1,4805.0,1,4805.2,1,4805.4,1,4805.6,1,4806.4,2,4806.6,5,4806.8,4,4807.0,5,4806.0
IC2409,,13:46:05.800#,4830.0,4847.0,4799.0,5300.8,4337.2,11469,100746,4804.4,2,4804.8,1,4805.0,1,4805.2,1,4805.4,1,4806.4,2,4806.6,4,4806.8,4,4807.0,3,4807.2,5,4805.6
IC2409,,13:46:06.300#,4830.0,4847.0,4799.0,5300.8,4337.2,11469,100746,4804.4,2,4804.8,1,4805.0,1,4805.2,1,4805.4,1,4806.4,4,4806.6,4,4806.8,4,4807.0,3,4807.2,5,4805.6
IC2409,,13:46:06.800#,4830.0,4847.0,4799.0,5300.8,4337.2,11469,100746,4804.4,2,4804.8,1,4805.0,1,4805.2,1,4805.4,1,4806.4,2,4806.6,6,4806.8,4,4807.0,3,4807.2,5,4805.6
IC2409,,13:46:07.300#,4830.0,4847.0,4799.0,5300.8,4337.2,11469,100746,4804.4,1,4804.8,1,4805.0,1,4805.2,1,4805.4,1,4806.4,2,4806.6,6,4806.8,4,4807.0,3,4807.2,5,4805.6
IC2409,,13:46:08.300#,4830.0,4847.0,4799.0,5300.8,4337.2,11471,100745,4803.2,1,4804.0,1,4804.2,1,4804.4,1,4805.0,1,4806.2,3,4806.4,3,4806.6,7,4806.8,4,4807.0,3,4805.2
IC2409,,13:46:08.800#,4830.0,4847.0,4799.0,5300.8,4337.2,11472,100745,4802.0,3,4802.6,1,4803.2,1,4804.0,1,4804.2,1,4805.0,1,4805.8,4,4806.0,7,4806.2,4,4806.4,2,4805.0
IC2409,,13:46:09.300#,4830.0,4847.0,4799.0,5300.8,4337.2,11472,100745,4802.0,3,4802.6,1,4803.2,1,4804.0,1,4804.2,3,4805.0,1,4805.8,2,4806.0,6,4806.2,1,4806.4,2,4805.0
IC2409,,13:46:09.800#,4830.0,4847.0,4799.0,5300.8,4337.2,11472,100745,4802.0,3,4802.6,1,4803.2,1,4804.0,1,4804.2,1,4804.8,5,4805.0,2,4805.8,1,4806.0,2,4806.2,1,4805.0
IC2409,,13:46:10.800#,4830.0,4847.0,4799.0,5300.8,4337.2,11472,100745,4802.0,3,4802.6,1,4803.2,1,4804.0,1,4804.2,1,4804.8,5,4805.0,1,4805.8,1,4806.0,2,4806.2,1,4805.0
IC2409,,13:46:13.300#,4830.0,4847.0,4799.0,5300.8,4337.2,11473,100745,4801.4,1,4802.0,3,4802.6,1,4803.2,1,4804.0,1,4804.8,5,4805.0,1,4805.8,1,4806.0,2,4806.2,1,4804.2
IC2409,,13:46:13.800#,4830.0,4847.0,4799.0,5300.8,4337.2,11474,100745,4801.4,1,4802.0,3,4802.6,1,4803.2,1,4804.0,1,4804.8,5,4805.0,1,4805.8,1,4806.0,2,4806.2,1,4804.6
IC2409,,13:46:16.800#,4830.0,4847.0,4799.0,5300.8,4337.2,11474,100745,4801.4,1,4802.0,3,4802.6,1,4803.2,1,4804.0,1,4804.8,2,4805.0,1,4805.8,1,4806.0,2,4806.2,1,4804.6
IC2409,,13:46:17.300#,4830.0,4847.0,4799.0,5300.8,4337.2,11474,100745,4801.4,1,4802.0,3,4802.6,1,4803.2,1,4804.0,1,4804.6,1,4805.0,1,4805.8,1,4806.0,2,4806.2,1,4804.6
IC2409,,13:46:17.800#,4830.0,4847.0,4799.0,5300.8,4337.2,11475,100745,4801.4,1,4802.0,3,4802.6,1,4803.2,1,4804.0,1,4805.0,1,4805.8,1,4806.0,2,4806.2,1,4806.4,2,4804.6
IC2409,,13:46:18.300#,4830.0,4847.0,4799.0,5300.8,4337.2,11476,100746,4801.2,2,4801.4,1,4802.0,3,4802.6,1,4803.2,1,4805.0,2,4805.8,1,4806.0,2,4806.2,1,4806.4,2,4804.0
IC2409,,13:46:18.800#,4830.0,4847.0,4799.0,5300.8,4337.2,11477,100746,4801.4,1,4802.0,3,4802.6,1,4803.2,1,4803.4,9,4804.8,4,4805.0,2,4805.8,1,4806.0,2,4806.2,1,4803.6
IC2409,,13:46:19.300#,4830.0,4847.0,4799.0,5300.8,4337.2,11477,100746,4801.4,1,4802.0,3,4802.6,1,4803.2,1,4803.4,5,4804.4,1,4804.6,1,4804.8,4,4805.0,2,4805.8,1,4803.6
IC2409,,13:46:19.800#,4830.0,4847.0,4799.0,5300.8,4337.2,11477,100746,4801.4,1,4802.0,3,4802.6,1,4803.2,1,4803.4,2,4804.2,1,4804.4,1,4804.8,4,4805.8,1,4806.0,1,4803.6
IC2409,,13:46:21.300#,4830.0,4847.0,4799.0,5300.8,4337.2,11477,100746,4801.2,2,4801.4,1,4802.0,3,4802.6,1,4803.4,2,4804.4,1,4804.8,4,4805.8,1,4806.0,1,4806.2,1,4803.6
IC2409,,13:46:24.300#,4830.0,4847.0,4799.0,5300.8,4337.2,11477,100746,4801.4,1,4802.0,3,4802.6,1,4803.4,2,4803.6,1,4804.4,1,4804.8,4,4805.8,1,4806.0,1,4806.2,1,4803.6
IC2409,,13:46:24.800#,4830.0,4847.0,4799.0,5300.8,4337.2,11477,100746,4801.4,1,4802.0,3,4802.6,1,4803.4,2,4803.6,1,4804.2,1,4804.4,5,4804.8,4,4805.8,1,4806.0,1,4803.6
IC2409,,13:46:25.800#,4830.0,4847.0,4799.0,5300.8,4337.2,11477,100746,4801.2,2,4801.4,1,4802.0,3,4802.6,1,4803.6,1,4804.2,1,4804.4,5,4804.8,4,4805.6,1,4805.8,1,4803.6
IC2409,,13:46:26.300#,4830.0,4847.0,4799.0,5300.8,4337.2,11477,100746,4801.2,2,4801.4,1,4802.0,3,4802.6,1,4803.6,1,4804.4,5,4804.8,4,4805.6,1,4805.8,1,4806.0,1,4803.6
IC2409,,13:46:27.300#,4830.0,4847.0,4799.0,5300.8,4337.2,11478,100746,4801.0,2,4801.2,2,4801.4,1,4802.0,3,4802.6,1,4804.4,5,4804.8,4,4805.6,1,4805.8,1,4806.0,1,4803.6
IC2409,,13:46:27.800#,4830.0,4847.0,4799.0,5300.8,4337.2,11478,100746,4801.2,2,4801.4,1,4802.0,3,4802.6,2,4802.8,5,4804.0,1,4804.2,5,4804.4,5,4804.8,3,4805.6,1,4803.6
IC2409,,13:46:28.300#,4830.0,4847.0,4799.0,5300.8,4337.2,11478,100746,4801.2,2,4801.4,1,4802.0,3,4802.6,1,4802.8,5,4804.0,1,4804.2,1,4804.4,1,4804.8,3,4805.6,1,4803.6
IC2409,,13:46:29.800#,4830.0,4847.0,4799.0,5300.8,4337.2,11478,100746,4801.0,2,4801.2,2,4802.0,3,4802.6,1,4802.8,5,4804.0,1,4804.2,1,4804.4,1,4804.8,3,4805.6,1,4803.6
IC2409,,13:46:31.300#,4830.0,4847.0,4799.0,5300.8,4337.2,11478,100746,4801.0,2,4801.2,2,4802.0,3,4802.6,1,4802.8,4,4804.0,1,4804.2,1,4804.4,1,4804.8,3,4805.6,1,4803.6
IC2409,,13:46:31.800#,4830.0,4847.0,4799.0,5300.8,4337.2,11478,100746,4801.2,2,4802.0,3,4802.6,1,4802.8,4,4803.0,1,4804.0,2,4804.2,1,4804.4,1,4804.8,3,4805.6,1,4803.6
IC2409,,13:46:32.300#,4830.0,4847.0,4799.0,5300.8,4337.2,11478,100746,4801.0,2,4801.2,2,4802.0,3,4802.6,1,4802.8,2,4803.8,7,4804.0,6,4804.2,1,4804.4,1,4804.8,3,4803.6
IC2409,,13:46:33.300#,4830.0,4847.0,4799.0,5300.8,4337.2,11478,100746,4801.0,2,4801.2,2,4802.0,3,4802.6,1,4802.8,2,4803.8,7,4804.2,1,4804.4,1,4804.8,3,4805.6,1,4803.6
IC2409,,13:46:33.800#,4830.0,4847.0,4799.0,5300.8,4337.2,11478,100746,4801.0,2,4801.2,2,4802.0,3,4802.6,1,4802.8,2,4803.6,1,4803.8,7,4804.2,1,4804.8,3,4805.6,1,4803.6
IC2409,,13:46:34.300#,4830.0,4847.0,4799.0,5300.8,4337.2,11478,100746,4801.0,2,4801.2,2,4802.0,3,4802.6,1,4802.8,2,4803.4,3,4803.6,1,4803.8,4,4804.2,1,4804.8,3,4803.6
IC2409,,13:46:35.800#,4830.0,4847.0,4799.0,5300.8,4337.2,11478,100746,4800.8,2,4801.0,2,4801.2,2,4802.0,3,4802.6,1,4803.4,3,4803.6,1,4803.8,4,4804.2,1,4804.8,3,4803.6
IC2409,,13:46:36.300#,4830.0,4847.0,4799.0,5300.8,4337.2,11478,100746,4800.2,2,4800.8,2,4801.0,2,4801.2,2,4802.0,3,4803.4,3,4803.6,1,4803.8,4,4804.2,1,4804.6,1,4803.6
IC2409,,13:46:36.800#,4830.0,4847.0,4799.0,5300.8,4337.2,11478,100746,4801.0,2,4801.2,2,4802.0,5,4802.2,1,4802.6,1,4803.2,1,4803.4,3,4803.6,1,4803.8,3,4804.2,1,4803.6
IC2409,,13:46:38.300#,4830.0,4847.0,4799.0,5300.8,4337.2,11478,100746,4801.0,2,4801.2,2,4802.0,5,4802.2,2,4802.6,1,4803.2,1,4803.4,3,4803.6,1,4803.8,3,4804.2,1,4803.6
IC2409,,13:46:38.800#,4830.0,4847.0,4799.0,5300.8,4337.2,11478,100746,4801.0,2,4801.2,2,4802.0,5,4802.2,2,4802.6,1,4803.4,3,4803.6,1,4803.8,2,4804.2,1,4804.6,1,4803.6
IC2409,,13:46:39.300#,4830.0,4847.0,4799.0,5300.8,4337.2,11478,100746,4801.0,2,4801.2,2,4802.0,5,4802.2,2,4802.6,1,4803.4,3,4803.8,2,4804.2,1,4804.6,1,4804.8,1,4803.6
IC2409,,13:46:40.300#,4830.0,4847.0,4799.0,5300.8,4337.2,11478,100746,4801.2,2,4802.0,5,4802.2,2,4802.6,1,4802.8,1,4803.4,3,4803.8,2,4804.2,1,4804.6,1,4804.8,1,4803.6
IC2409,,13:46:40.800#,4830.0,4847.0,4799.0,5300.8,4337.2,11479,100746,4801.2,2,4802.0,5,4802.2,2,4802.6,1,4802.8,1,4803.4,2,4803.8,2,4804.2,1,4804.6,1,4804.8,1,4803.4
IC2409,,13:46:41.300#,4830.0,4847.0,4799.0,5300.8,4337.2,11480,100745,4801.2,2,4802.0,5,4802.2,2,4802.6,1,4802.8,1,4803.4,1,4803.8,2,4804.2,1,4804.6,1,4804.8,1,4803.4
IC2409,,13:46:41.800#,4830.0,4847.0,4799.0,5300.8,4337.2,11481,100745,4801.0,2,4801.2,2,4802.0,5,4802.2,2,4802.6,1,4803.8,3,4804.2,1,4804.6,1,4804.8,1,4805.6,1,4803.4
IC2409,,13:46:42.300#,4830.0,4847.0,4799.0,5300.8,4337.2,11481,100745,4801.2,2,4802.0,5,4802.2,2,4802.6,1,4802.8,1,4803.8,5,4804.2,1,4804.6,1,4804.8,1,4805.6,1,4803.4
IC2409,,13:46:42.800#,4830.0,4847.0,4799.0,5300.8,4337.2,11481,100745,4801.2,2,4802.0,5,4802.2,2,4802.6,1,4802.8,1,4803.6,5,4803.8,9,4804.2,1,4804.6,1,4804.8,1,4803.4
IC2409,,13:46:43.300#,4830.0,4847.0,4799.0,5300.8,4337.2,11481,100745,4801.0,2,4801.2,2,4802.0,5,4802.2,2,4802.6,1,4803.6,5,4803.8,9,4804.2,1,4804.6,1,4804.8,1,4803.4
IC2409,,13:46:43.800#,4830.0,4847.0,4799.0,5300.8,4337.2,11481,100745,4801.0,2,4801.2,2,4802.0,5,4802.2,2,4802.6,1,4803.4,2,4803.6,5,4803.8,9,4804.2,1,4804.6,1,4803.4
IC2409,,13:46:44.300#,4830.0,4847.0,4799.0,5300.8,4337.2,11481,100745,4801.0,2,4801.2,2,4802.0,5,4802.2,2,4802.6,1,4803.4,2,4803.6,5,4803.8,3,4804.2,1,4804.6,1,4803.4
IC2409,,13:46:46.300#,4830.0,4847.0,4799.0,5300.8,4337.2,11481,100745,4801.0,2,4801.2,2,4802.0,5,4802.2,2,4802.6,1,4803.4,1,4803.6,5,4803.8,3,4804.2,1,4804.6,1,4803.4
IC2409,,13:46:46.800#,4830.0,4847.0,4799.0,5300.8,4337.2,11481,100745,4801.0,2,4801.2,2,4802.0,5,4802.2,2,4802.6,1,4803.6,5,4803.8,3,4804.2,1,4804.6,1,4804.8,1,4803.4
IC2409,,13:46:48.800#,4830.0,4847.0,4799.0,5300.8,4337.2,11482,100745,4801.0,2,4801.2,2,4802.0,5,4802.2,2,4802.6,1,4803.6,4,4803.8,3,4804.2,1,4804.6,1,4804.8,1,4803.6
IC2409,,13:46:49.300#,4830.0,4847.0,4799.0,5300.8,4337.2,11483,100746,4800.8,2,4801.0,2,4801.2,2,4802.0,5,4802.2,2,4802.6,2,4803.6,6,4803.8,3,4804.2,1,4804.6,1,4802.6
IC2409,,13:46:49.800#,4830.0,4847.0,4799.0,5300.8,4337.2,11485,100747,4801.2,2,4802.0,5,4802.2,2,4802.6,4,4802.8,4,4803.6,6,4803.8,3,4804.2,1,4804.6,1,4805.6,1,4802.6
IC2409,,13:46:50.300#,4830.0,4847.0,4799.0,5300.8,4337.2,11485,100747,4800.8,2,4801.0,2,4801.2,2,4802.0,5,4802.2,2,4803.6,6,4803.8,3,4804.2,1,4804.6,1,4805.6,1,4802.6
IC2409,,13:46:50.800#,4830.0,4847.0,4799.0,5300.8,4337.2,11485,100747,4800.8,2,4801.0,2,4801.2,2,4802.0,5,4802.2,2,4803.4,1,4803.6,6,4803.8,3,4804.2,1,4804.6,1,4802.6
IC2409,,13:46:51.300#,4830.0,4847.0,4799.0,5300.8,4337.2,11485,100747,4801.0,2,4801.2,2,4802.0,5,4802.2,2,4802.4,3,4803.6,6,4803.8,3,4804.2,1,4804.6,1,4805.6,1,4802.6
IC2409,,13:46:51.800#,4830.0,4847.0,4799.0,5300.8,4337.2,11485,100747,4800.8,2,4801.0,2,4801.2,2,4802.0,5,4802.2,1,4803.4,1,4803.6,6,4803.8,3,4804.2,1,4804.6,1,4802.6
IC2409,,13:46:52.300#,4830.0,4847.0,4799.0,5300.8,4337.2,11485,100747,4800.8,2,4801.0,2,4801.2,2,4802.0,5,4802.2,1,4803.4,4,4803.6,5,4803.8,3,4804.2,1,4804.6,1,4802.6
IC2409,,13:46:52.800#,4830.0,4847.0,4799.0,5300.8,4337.2,11485,100747,4800.2,2,4800.8,2,4801.0,2,4801.2,2,4802.0,5,4803.2,1,4803.4,9,4803.6,5,4803.8,3,4804.2,1,4802.6
IC2409,,13:46:53.300#,4830.0,4847.0,4799.0,5300.8,4337.2,11485,100747,4800.8,2,4801.0,2,4801.2,2,4802.0,5,4802.2,1,4802.6,1,4803.2,3,4803.4,8,4803.6,3,4803.8,3,4802.6
IC2409,,13:46:53.800#,4830.0,4847.0,4799.0,5300.8,4337.2,11486,100747,4800.2,2,4800.8,2,4801.0,2,4801.2,2,4802.0,5,4803.2,3,4803.4,4,4803.6,3,4803.8,3,4804.2,1,4802.6
IC2409,,13:46:54.300#,4830.0,4847.0,4799.0,5300.8,4337.2,11486,100747,4800.2,2,4800.8,2,4801.0,2,4801.2,2,4802.0,6,4803.2,3,4803.4,4,4803.6,3,4803.8,3,4804.2,1,4802.6
IC2409,,13:46:54.800#,4830.0,4847.0,4799.0,5300.8,4337.2,11486,100747,4800.2,2,4800.8,2,4801.0,2,4801.2,2,4802.0,6,4802.2,1,4803.2,3,4803.4,4,4803.6,3,4803.8,3,4802.6
IC2409,,13:46:55.300#,4830.0,4847.0,4799.0,5300.8,4337.2,11488,100747,4800.8,2,4801.0,2,4801.2,2,4802.0,6,4802.2,1,4803.2,3,4803.4,4,4803.6,3,4803.8,1,4804.2,1,4802.2
IC2409,,13:46:56.300#,4830.0,4847.0,4799.0,5300.8,4337.2,11489,100748,4800.2,2,4800.8,2,4801.0,2,4801.2,2,4802.0,6,4803.0,5,4803.2,1,4803.4,4,4803.8,1,4804.2,1,4802.2
IC2409,,13:46:56.800#,4830.0,4847.0,4799.0,5300.8,4337.2,11489,100748,4800.2,2,4800.8,2,4801.0,2,4801.2,2,4802.0,3,4802.8,4,4803.0,6,4803.2,1,4803.4,4,4803.8,1,4802.2
IC2409,,13:46:57.300#,4830.0,4847.0,4799.0,5300.8,4337.2,11489,100748,4800.2,2,4800.8,2,4801.0,2,4801.2,2,4802.0,3,4802.8,2,4803.0,3,4803.2,1,4803.4,3,4803.8,1,4802.2
IC2409,,13:46:57.800#,4830.0,4847.0,4799.0,5300.8,4337.2,11490,100747,4800.2,2,4800.8,2,4801.0,2,4801.2,2,4802.0,2,4803.0,3,4803.2,1,4803.4,3,4803.8,1,4804.2,1,4802.0
IC2409,,13:46:58.800#,4830.0,4847.0,4799.0,5300.8,4337.2,11491,100747,4800.2,2,4800.8,2,4801.0,2,4801.2,2,4802.0,2,4803.0,3,4803.2,1,4803.4,3,4803.8,1,4804.2,1,4802.0
IC2409,,13:46:59.300#,4830.0,4847.0,4799.0,5300.8,4337.2,11491,100747,4800.2,2,4800.8,2,4801.0,2,4801.2,2,4802.0,2,4802.8,1,4803.0,3,4803.2,2,4803.4,3,4803.8,1,4802.0
IC2409,,13:47:00.300#,4830.0,4847.0,4799.0,5300.8,4337.2,11491,100747,4800.2,2,4800.8,2,4801.0,2,4801.2,2,4802.0,2,4803.0,3,4803.2,2,4803.4,3,4803.8,1,4804.2,1,4802.0
IC2409,,13:47:00.800#,4830.0,4847.0,4799.0,5300.8,4337.2,11491,100747,4800.8,2,4801.0,2,4801.2,2,4802.0,3,4802.2,1,4803.0,3,4803.2,4,4803.4,3,4803.8,1,4804.2,1,4802.0
IC2409,,13:47:01.800#,4830.0,4847.0,4799.0,5300.8,4337.2,11491,100747,4801.0,2,4801.2,2,4802.0,3,4802.2,1,4802.4,1,4803.0,2,4803.2,3,4803.4,3,4803.8,1,4804.2,1,4802.0
IC2409,,13:47:02.300#,4830.0,4847.0,4799.0,5300.8,4337.2,11495,100743,4801.0,2,4801.2,2,4802.0,3,4802.2,1,4802.4,1,4803.4,1,4803.8,1,4804.2,1,4804.6,1,4805.6,3,4803.2
IC2409,,13:47:02.800#,4830.0,4847.0,4799.0,5300.8,4337.2,11495,100743,4802.0,3,4802.2,1,4802.4,1,4802.6,2,4802.8,1,4803.8,1,4804.2,1,4804.6,1,4805.6,3,4806.2,1,4803.2
IC2409,,13:47:03.300#,4830.0,4847.0,4799.0,5300.8,4337.2,11496,100744,4802.0,3,4802.2,1,4802.4,1,4802.6,2,4802.8,1,4803.8,1,4804.2,1,4804.6,1,4805.6,3,4806.2,1,4803.0
IC2409,,13:47:03.800#,4830.0,4847.0,4799.0,5300.8,4337.2,11496,100744,4802.0,3,4802.2,1,4802.4,1,4802.6,1,4802.8,1,4803.8,1,4804.2,1,4804.6,1,4805.6,3,4806.2,1,4803.0
IC2409,,13:47:04.300#,4830.0,4847.0,4799.0,5300.8,4337.2,11497,100745,4802.2,1,4802.4,1,4802.6,1,4802.8,3,4803.0,4,4804.6,1,4805.6,3,4806.2,1,4806.4,1,4806.6,1,4803.8
IC2409,,13:47:04.800#,4830.0,4847.0,4799.0,5300.8,4337.2,11497,100745,4802.8,3,4803.0,7,4803.2,3,4803.4,1,4803.6,1,4804.6,2,4805.6,3,4806.2,1,4806.4,1,4806.6,1,4803.8
IC2409,,13:47:05.300#,4830.0,4847.0,4799.0,5300.8,4337.2,11498,100745,4802.8,3,4803.0,4,4803.2,2,4803.6,1,4803.8,1,4804.6,1,4805.6,1,4806.2,1,4806.4,1,4806.6,1,4804.6
IC2409,,13:47:05.800#,4830.0,4847.0,4799.0,5300.8,4337.2,11500,100746,4802.4,1,4802.8,3,4803.0,2,4803.2,2,4803.6,1,4805.4,1,4805.6,1,4806.2,1,4806.4,1,4806.6,1,4804.6
IC2409,,13:47:06.300#,4830.0,4847.0,4799.0,5300.8,4337.2,11500,100746,4803.2,1,4803.4,2,4803.6,1,4803.8,3,4804.0,2,4805.2,2,4805.4,3,4805.6,1,4806.2,1,4806.4,1,4804.6
IC2409,,13:47:07.800#,4830.0,4847.0,4799.0,5300.8,4337.2,11502,100748,4803.4,2,4803.6,1,4803.8,2,4804.0,1,4804.2,1,4805.2,1,4805.4,3,4806.2,1,4806.4,1,4806.6,1,4804.2
IC2409,,13:47:08.300#,4830.0,4847.0,4799.0,5300.8,4337.2,11502,100748,4803.6,1,4803.8,2,4804.0,1,4804.2,1,4804.4,3,4805.2,1,4805.4,3,4806.2,1,4806.4,1,4806.6,1,4804.2
IC2409,,13:47:08.800#,4830.0,4847.0,4799.0,5300.8,4337.2,11502,100748,4803.6,1,4803.8,2,4804.0,1,4804.2,1,4804.4,3,4805.4,3,4806.2,1,4806.4,1,4806.6,1,4806.8,1,4804.2
IC2409,,13:47:09.300#,4830.0,4847.0,4799.0,5300.8,4337.2,11502,100748,4803.8,1,4804.0,1,4804.2,1,4804.4,3,4804.6,1,4805.0,1,4805.4,3,4806.2,1,4806.4,1,4806.6,1,4804.2
IC2409,,13:47:10.800#,4830.0,4847.0,4799.0,5300.8,4337.2,11502,100748,4803.8,1,4804.0,1,4804.2,1,4804.4,2,4804.6,1,4805.0,1,4805.4,1,4806.2,1,4806.4,1,4806.6,1,4804.2
IC2409,,13:47:11.300#,4830.0,4847.0,4799.0,5300.8,4337.2,11502,100748,4803.8,1,4804.0,1,4804.2,1,4804.4,2,4804.6,1,4805.0,1,4806.2,1,4806.4,1,4806.6,1,4806.8,1,4804.2
IC2409,,13:47:11.800#,4830.0,4847.0,4799.0,5300.8,4337.2,11502,100748,4803.2,1,4803.6,1,4803.8,1,4804.0,1,4804.4,1,4805.0,1,4806.2,1,4806.4,1,4806.6,1,4806.8,1,4804.2
IC2409,,13:47:12.300#,4830.0,4847.0,4799.0,5300.8,4337.2,11503,100748,4802.8,3,4803.0,2,4803.2,1,4803.6,1,4803.8,1,4805.0,1,4805.4,1,4806.2,1,4806.4,1,4806.6,1,4804.4
IC2409,,13:47:12.800#,4830.0,4847.0,4799.0,5300.8,4337.2,11503,100748,4802.4,1,4802.8,3,4803.0,2,4803.2,1,4803.8,2,4804.6,1,4804.8,1,4805.0,1,4805.4,1,4806.2,1,4804.4
IC2409,,13:47:13.300#,4830.0,4847.0,4799.0,5300.8,4337.2,11503,100748,4803.0,2,4803.2,1,4803.8,3,4804.0,1,4804.6,1,4805.0,1,4805.4,1,4806.2,1,4806.4,1,4806.6,1,4804.4
IC2409,,13:47:13.800#,4830.0,4847.0,4799.0,5300.8,4337.2,11504,100748,4803.0,2,4803.2,1,4803.8,3,4804.0,1,4804.6,1,4805.4,1,4806.2,1,4806.4,1,4806.6,1,4806.8,1,4805.0
IC2409,,13:47:14.800#,4830.0,4847.0,4799.0,5300.8,4337.2,11504,100748,4803.2,1,4803.8,3,4804.0,1,4804.6,1,4804.8,1,4805.4,1,4806.2,1,4806.4,1,4806.6,1,4806.8,1,4805.0
IC2409,,13:47:15.300#,4830.0,4847.0,4799.0,5300.8,4337.2,11504,100748,4803.2,1,4803.8,3,4804.2,1,4804.6,1,4804.8,1,4805.4,1,4806.2,1,4806.6,1,4806.8,1,4807.0,3,4805.0
IC2409,,13:47:15.800#,4830.0,4847.0,4799.0,5300.8,4337.2,11504,100748,4803.0,2,4803.2,1,4803.8,3,4804.2,1,4804.8,1,4805.4,1,4806.2,1,4806.6,1,4806.8,1,4807.0,3,4805.0
IC2409,,13:47:16.800#,4830.0,4847.0,4799.0,5300.8,4337.2,11505,100748,4803.0,2,4803.2,1,4803.8,3,4804.2,1,4804.8,1,4806.2,1,4806.6,1,4806.8,1,4807.0,3,4807.2,4,4805.4
IC2409,,13:47:17.300#,4830.0,4847.0,4799.0,5300.8,4337.2,11505,100748,4802.8,3,4803.0,2,4803.2,1,4803.8,3,4804.2,1,4805.8,1,4806.0,4,4806.2,1,4806.4,2,4806.6,1,4805.4
IC2409,,13:47:17.800#,4830.0,4847.0,4799.0,5300.8,4337.2,11507,100748,4803.0,2,4803.2,1,4803.8,3,4804.2,2,4804.6,1,4806.0,4,4806.2,1,4806.4,2,4806.6,1,4806.8,1,4805.8
IC2409,,13:47:19.300#,4830.0,4847.0,4799.0,5300.8,4337.2,11507,100748,4803.0,2,4803.2,1,4803.8,3,4804.2,2,4804.6,2,4806.0,4,4806.2,1,4806.4,2,4806.6,1,4806.8,1,4805.8
IC2409,,13:47:21.300#,4830.0,4847.0,4799.0,5300.8,4337.2,11507,100748,4803.0,2,4803.2,1,4803.8,3,4804.2,2,4804.6,2,4806.0,3,4806.2,1,4806.4,2,4806.6,1,4806.8,1,4805.8
IC2409,,13:47:21.800#,4830.0,4847.0,4799.0,5300.8,4337.2,11507,100748,4803.0,2,4803.2,1,4803.8,3,4804.2,2,4804.6,2,4806.0,2,4806.2,1,4806.4,2,4806.6,1,4806.8,1,4805.8
IC2409,,13:47:23.300#,4830.0,4847.0,4799.0,5300.8,4337.2,11507,100748,4803.2,1,4803.8,3,4804.2,2,4804.6,2,4804.8,12,4806.0,1,4806.4,2,4806.6,1,4807.0,3,4807.2,4,4805.8
IC2409,,13:47:23.800#,4830.0,4847.0,4799.0,5300.8,4337.2,11507,100748,4804.6,2,4804.8,11,4805.0,2,4805.2,1,4805.4,2,4806.4,2,4806.6,1,4807.0,3,4807.2,4,4807.4,1,4805.8
IC2409,,13:47:24.300#,4830.0,4847.0,4799.0,5300.8,4337.2,11507,100748,4804.6,2,4804.8,11,4805.0,2,4805.2,1,4805.4,2,4806.4,1,4806.6,1,4807.0,3,4807.2,4,4807.4,1,4805.8
IC2409,,13:47:24.800#,4830.0,4847.0,4799.0,5300.8,4337.2,11507,100748,4804.6,2,4804.8,10,4805.0,2,4805.2,1,4805.4,2,4806.6,1,4807.0,3,4807.2,4,4807.4,1,4807.6,1,4805.8
IC2409,,13:47:25.300#,4830.0,4847.0,4799.0,5300.8,4337.2,11508,100748,4804.8,9,4805.0,2,4805.2,1,4805.4,2,4805.6,1,4806.6,1,4807.0,3,4807.2,4,4807.4,1,4807.6,1,4806.6
IC2409,,13:47:25.800#,4830.0,4847.0,4799.0,5300.8,4337.2,11509,100749,4804.8,7,4805.0,2,4805.2,1,4805.4,4,4805.6,1,4807.2,1,4807.4,1,4807.6,1,4807.8,2,4808.0,3,4806.6
IC2409,,13:47:26.300#,4830.0,4847.0,4799.0,5300.8,4337.2,11510,100748,4805.2,1,4805.4,4,4805.6,2,4805.8,9,4806.0,2,4807.4,1,4807.6,1,4807.8,2,4808.0,3,4808.6,1,4807.2
IC2409,,13:47:26.800#,4830.0,4847.0,4799.0,5300.8,4337.2,11511,100748,4805.8,5,4806.0,4,4806.2,7,4806.4,2,4806.6,1,4807.6,1,4807.8,1,4808.0,3,4808.8,1,4809.0,3,4807.4
IC2409,,13:47:27.300#,4830.0,4847.0,4799.0,5300.8,4337.2,11511,100748,4806.0,3,4806.2,6,4806.4,1,4806.6,1,4806.8,1,4807.6,1,4807.8,1,4808.0,3,4808.8,1,4809.0,3,4807.4
IC2409,,13:47:27.800#,4830.0,4847.0,4799.0,5300.8,4337.2,11511,100748,4805.8,3,4806.0,2,4806.2,5,4806.6,1,4806.8,1,4807.6,1,4807.8,1,4808.0,3,4808.8,1,4809.0,3,4807.4
IC2409,,13:47:28.300#,4830.0,4847.0,4799.0,5300.8,4337.2,11511,100748,4806.0,2,4806.2,5,4806.6,1,4806.8,1,4807.4,1,4807.6,1,4807.8,1,4808.0,3,4808.8,1,4809.0,3,4807.4
IC2409,,13:47:28.800#,4830.0,4847.0,4799.0,5300.8,4337.2,11512,100747,4805.6,2,4805.8,3,4806.0,2,4806.2,5,4806.6,1,4807.6,1,4807.8,1,4808.0,3,4808.8,1,4809.0,3,4807.4
IC2409,,13:47:29.300#,4830.0,4847.0,4799.0,5300.8,4337.2,11514,100748,4805.8,3,4806.0,2,4806.2,5,4806.6,3,4806.8,3,4808.0,3,4808.8,1,4809.0,3,4809.2,1,4809.4,1,4807.8
IC2409,,13:47:29.800#,4830.0,4847.0,4799.0,5300.8,4337.2,11514,100748,4805.8,3,4806.0,2,4806.2,5,4806.6,3,4806.8,3,4807.8,1,4808.0,3,4808.8,1,4809.0,3,4809.2,1,4807.8
IC2409,,13:47:30.300#,4830.0,4847.0,4799.0,5300.8,4337.2,11514,100748,4805.8,2,4806.0,1,4806.2,5,4806.6,2,4806.8,3,4807.6,1,4808.0,3,4808.8,1,4809.0,3,4809.2,1,4807.8
IC2409,,13:47:30.800#,4830.0,4847.0,4799.0,5300.8,4337.2,11515,100749,4805.8,2,4806.0,1,4806.2,5,4806.6,2,4806.8,3,4808.0,3,4808.8,1,4809.0,3,4809.2,1,4809.4,1,4807.6
IC2409,,13:47:31.300#,4830.0,4847.0,4799.0,5300.8,4337.2,11515,100749,4806.0,1,4806.2,5,4806.6,2,4806.8,3,4807.0,1,4808.0,3,4808.8,1,4809.0,3,4809.2,1,4809.4,1,4807.6
IC2409,,13:47:31.800#,4830.0,4847.0,4799.0,5300.8,4337.2,11515,100749,4806.0,1,4806.2,5,4806.6,2,4806.8,2,4807.0,1,4808.0,3,4808.8,1,4809.0,3,4809.2,1,4809.4,1,4807.6
IC2409,,13:47:32.300#,4830.0,4847.0,4799.0,5300.8,4337.2,11515,100749,4806.0,1,4806.2,5,4806.6,2,4806.8,2,4807.0,1,4807.8,1,4808.0,3,4808.8,1,4809.0,3,4809.2,1,4807.6
IC2409,,13:47:32.800#,4830.0,4847.0,4799.0,5300.8,4337.2,11515,100749,4806.2,5,4806.6,2,4806.8,2,4807.0,1,4807.2,1,4807.8,1,4808.0,3,4808.8,1,4809.0,3,4809.2,1,4807.6
IC2409,,13:47:34.300#,4830.0,4847.0,4799.0,5300.8,4337.2,11515,100749,4806.0,1,4806.2,5,4806.6,2,4806.8,2,4807.2,1,4807.6,2,4807.8,1,4808.0,3,4808.8,1,4809.0,3,4807.6
IC2409,,13:47:34.800#,4830.0,4847.0,4799.0,5300.8,4337.2,11516,100748,4805.8,2,4806.0,1,4806.2,5,4806.6,2,4806.8,2,4807.6,2,4807.8,1,4808.0,3,4808.8,1,4809.0,3,4807.2
IC2409,,13:47:35.800#,4830.0,4847.0,4799.0,5300.8,4337.2,11516,100748,4805.8,2,4806.0,1,4806.2,5,4806.6,2,4806.8,2,4807.6,2,4807.8,1,4808.0,3,4808.6,1,4808.8,1,4807.2
IC2409,,13:47:36.300#,4830.0,4847.0,4799.0,5300.8,4337.2,11516,100748,4805.8,2,4806.0,1,4806.2,5,4806.6,2,4806.8,2,4807.8,1,4808.0,3,4808.6,1,4808.8,1,4809.0,3,4807.2
IC2409,,13:47:36.800#,4830.0,4847.0,4799.0,5300.8,4337.2,11516,100748,4805.8,2,4806.0,1,4806.2,5,4806.6,2,4806.8,3,4807.8,2,4808.0,3,4808.6,1,4808.8,1,4809.0,3,4807.2
IC2409,,13:47:37.800#,4830.0,4847.0,4799.0,5300.8,4337.2,11516,100748,4805.8,2,4806.0,1,4806.2,5,4806.6,2,4806.8,3,4807.8,2,4808.0,4,4808.6,1,4808.8,1,4809.0,3,4807.2
IC2409,,13:47:40.800#,4830.0,4847.0,4799.0,5300.8,4337.2,11518,100749,4805.8,2,4806.0,1,4806.2,5,4806.6,2,4806.8,3,4808.0,4,4808.6,1,4808.8,1,4809.0,3,4809.2,1,4807.8
IC2409,,13:47:43.300#,4830.0,4847.0,4799.0,5300.8,4337.2,11519,100749,4805.8,2,4806.0,1,4806.2,5,4806.6,2,4806.8,3,4808.0,3,4808.6,1,4808.8,1,4809.0,3,4809.2,1,4808.0
IC2409,,13:47:43.800#,4830.0,4847.0,4799.0,5300.8,4337.2,11520,100749,4805.8,2,4806.0,1,4806.2,4,4806.6,2,4806.8,2,4808.0,3,4808.6,1,4808.8,1,4809.0,3,4809.2,1,4806.8
