InstrumentId,ExchangeId,Datetime,OpenPrice,HighestPrice,LowestPrice,UpperLimitPrice,LowerLimitPrice,Volume,OpenInterest,BidPrice5,BidVolume5,BidPrice4,BidVolume4,BidPrice3,BidVolume3,BidPrice2,BidVolume2,BidPrice1,BidVolume1,AskPrice1,AskVolume1,AskPrice2,AskVolume2,AskPrice3,AskVolume3,AskPrice4,AskVolume4,AskPrice5,AskVolume5,LastPrice
IC2408,,13:38:34.800#,4856.2,4874.4,4822.6,5327.8,4359.4,23186,59952,4827.6,7,4827.8,1,4828.0,1,4828.2,4,4828.4,3,4829.8,3,4830.0,6,4830.2,17,4830.6,1,4830.8,1,4828.8
IC2408,,13:38:35.300#,4856.2,4874.4,4822.6,5327.8,4359.4,23186,59952,4827.6,7,4827.8,1,4828.0,1,4828.2,4,4828.4,2,4829.4,1,4829.6,2,4829.8,3,4830.0,6,4830.2,17,4828.8
IC2408,,13:38:35.800#,4856.2,4874.4,4822.6,5327.8,4359.4,23186,59952,4827.6,7,4827.8,1,4828.0,1,4828.2,3,4828.4,1,4829.4,2,4829.6,1,4829.8,2,4830.0,5,4830.2,17,4828.8
IC2408,,13:38:36.300#,4856.2,4874.4,4822.6,5327.8,4359.4,23186,59952,4827.6,7,4827.8,1,4828.0,1,4828.2,2,4828.4,1,4829.4,2,4829.6,1,4829.8,2,4830.0,5,4830.2,17,4828.8
IC2408,,13:38:38.800#,4856.2,4874.4,4822.6,5327.8,4359.4,23186,59952,4827.8,1,4828.0,1,4828.2,2,4828.4,1,4828.6,1,4829.4,2,4829.6,1,4829.8,2,4830.0,5,4830.2,17,4828.8
IC2408,,13:38:39.300#,4856.2,4874.4,4822.6,5327.8,4359.4,23186,59952,4827.8,1,4828.0,1,4828.2,2,4828.4,1,4828.6,1,4829.4,1,4829.6,1,4829.8,1,4830.0,5,4830.2,17,4828.8
IC2408,,13:38:39.800#,4856.2,4874.4,4822.6,5327.8,4359.4,23186,59952,4827.8,1,4828.0,1,4828.2,2,4828.4,1,4828.6,1,4829.6,1,4829.8,1,4830.0,5,4830.2,17,4830.6,1,4828.8
IC2408,,13:38:40.300#,4856.2,4874.4,4822.6,5327.8,4359.4,23187,59953,4827.8,1,4828.0,1,4828.2,2,4828.4,1,4828.6,1,4829.8,1,4830.0,5,4830.2,17,4830.6,1,4830.8,3,4829.6
IC2408,,13:38:40.800#,4856.2,4874.4,4822.6,5327.8,4359.4,23187,59953,4827.8,1,4828.0,1,4828.2,2,4828.4,1,4828.6,3,4829.8,1,4830.0,5,4830.2,17,4830.6,1,4830.8,3,4829.6
IC2408,,13:38:41.300#,4856.2,4874.4,4822.6,5327.8,4359.4,23187,59953,4828.0,1,4828.2,2,4828.4,1,4828.6,2,4828.8,1,4829.6,1,4829.8,3,4830.0,5,4830.2,17,4830.4,1,4829.6
IC2408,,13:38:41.800#,4856.2,4874.4,4822.6,5327.8,4359.4,23187,59953,4827.8,1,4828.0,1,4828.2,2,4828.4,1,4828.6,1,4829.6,2,4829.8,3,4830.0,5,4830.2,17,4830.4,1,4829.6
IC2408,,13:38:42.300#,4856.2,4874.4,4822.6,5327.8,4359.4,23188,59953,4827.6,7,4827.8,1,4828.0,1,4828.2,2,4828.4,1,4829.4,2,4829.6,2,4829.8,3,4830.0,5,4830.2,17,4829.4
IC2408,,13:38:42.800#,4856.2,4874.4,4822.6,5327.8,4359.4,23188,59953,4827.6,7,4827.8,1,4828.0,1,4828.2,2,4828.4,1,4829.4,2,4829.6,1,4829.8,3,4830.0,5,4830.2,17,4829.4
IC2408,,13:38:43.300#,4856.2,4874.4,4822.6,5327.8,4359.4,23188,59953,4827.6,7,4827.8,1,4828.0,1,4828.2,2,4828.4,1,4829.4,1,4829.6,1,4829.8,3,4830.0,5,4830.2,17,4829.4
IC2408,,13:38:43.800#,4856.2,4874.4,4822.6,5327.8,4359.4,23189,59953,4827.6,7,4827.8,1,4828.0,1,4828.2,2,4828.4,1,4829.6,1,4829.8,3,4830.0,5,4830.2,17,4830.4,1,4829.4
IC2408,,13:38:44.300#,4856.2,4874.4,4822.6,5327.8,4359.4,23189,59953,4827.8,1,4828.0,1,4828.2,2,4828.4,2,4828.6,1,4829.6,1,4829.8,3,4830.0,5,4830.2,17,4830.4,1,4829.4
IC2408,,13:38:45.300#,4856.2,4874.4,4822.6,5327.8,4359.4,23190,59953,4827.6,7,4827.8,1,4828.0,1,4828.2,2,4828.4,2,4829.6,1,4829.8,3,4830.0,5,4830.2,17,4830.4,1,4828.6
IC2408,,13:38:45.800#,4856.2,4874.4,4822.6,5327.8,4359.4,23190,59953,4827.6,7,4827.8,1,4828.0,1,4828.2,2,4828.4,2,4829.6,2,4829.8,3,4830.0,5,4830.2,17,4830.4,1,4828.6
IC2408,,13:38:46.300#,4856.2,4874.4,4822.6,5327.8,4359.4,23190,59953,4827.8,1,4828.0,1,4828.2,2,4828.4,2,4828.6,1,4829.6,1,4829.8,3,4830.0,5,4830.2,17,4830.4,1,4828.6
IC2408,,13:38:46.800#,4856.2,4874.4,4822.6,5327.8,4359.4,23190,59953,4827.6,7,4827.8,1,4828.0,1,4828.2,2,4828.4,2,4829.6,1,4829.8,3,4830.0,5,4830.2,17,4830.4,1,4828.6
IC2408,,13:38:47.800#,4856.2,4874.4,4822.6,5327.8,4359.4,23190,59953,4827.6,7,4827.8,1,4828.0,1,4828.2,2,4828.4,3,4829.6,1,4829.8,3,4830.0,5,4830.2,17,4830.4,1,4828.6
IC2408,,13:38:49.300#,4856.2,4874.4,4822.6,5327.8,4359.4,23190,59953,4827.8,1,4828.0,1,4828.2,2,4828.4,3,4828.6,1,4829.6,1,4829.8,3,4830.0,5,4830.2,17,4830.4,1,4828.6
IC2408,,13:38:49.800#,4856.2,4874.4,4822.6,5327.8,4359.4,23190,59953,4827.6,7,4827.8,1,4828.0,1,4828.2,2,4828.4,3,4829.6,1,4829.8,3,4830.0,5,4830.2,17,4830.4,1,4828.6
IC2408,,13:38:50.300#,4856.2,4874.4,4822.6,5327.8,4359.4,23191,59952,4827.8,1,4828.0,1,4828.2,2,4828.4,3,4828.8,1,4829.6,2,4829.8,3,4830.0,5,4830.2,17,4830.4,1,4829.6
IC2408,,13:38:50.800#,4856.2,4874.4,4822.6,5327.8,4359.4,23191,59952,4828.0,1,4828.2,2,4828.4,3,4828.6,1,4828.8,1,4829.6,1,4829.8,3,4830.0,5,4830.2,17,4830.4,1,4829.6
IC2408,,13:38:51.800#,4856.2,4874.4,4822.6,5327.8,4359.4,23191,59952,4828.0,1,4828.2,2,4828.4,3,4828.6,1,4828.8,1,4829.4,2,4829.6,1,4829.8,3,4830.0,5,4830.2,17,4829.6
IC2408,,13:38:52.300#,4856.2,4874.4,4822.6,5327.8,4359.4,23191,59952,4827.8,1,4828.0,1,4828.2,2,4828.4,3,4828.8,1,4829.2,1,4829.4,2,4829.6,1,4829.8,3,4830.0,5,4829.6
IC2408,,13:38:52.800#,4856.2,4874.4,4822.6,5327.8,4359.4,23192,59953,4827.8,1,4828.0,1,4828.2,2,4828.4,3,4828.8,1,4829.4,2,4829.6,1,4829.8,3,4830.0,5,4830.2,17,4829.2
IC2408,,13:38:53.300#,4856.2,4874.4,4822.6,5327.8,4359.4,23193,59953,4828.0,1,4828.2,2,4828.4,3,4828.6,1,4828.8,1,4829.4,1,4829.6,1,4829.8,3,4830.0,5,4830.2,17,4829.4
IC2408,,13:38:53.800#,4856.2,4874.4,4822.6,5327.8,4359.4,23194,59953,4828.2,2,4828.4,3,4828.6,1,4828.8,1,4829.4,1,4829.6,1,4830.0,5,4830.2,17,4830.4,1,4830.6,1,4829.4
IC2408,,13:38:54.300#,4856.2,4874.4,4822.6,5327.8,4359.4,23194,59953,4828.4,3,4828.6,1,4828.8,1,4829.0,1,4829.4,1,4829.6,1,4830.0,4,4830.2,16,4830.4,1,4830.6,1,4829.4
IC2408,,13:38:54.800#,4856.2,4874.4,4822.6,5327.8,4359.4,23196,59953,4828.2,2,4828.4,3,4828.6,1,4828.8,1,4829.0,1,4830.0,4,4830.2,16,4830.6,1,4830.8,1,4831.0,2,4829.4
IC2408,,13:38:55.300#,4856.2,4874.4,4822.6,5327.8,4359.4,23196,59953,4828.0,1,4828.2,2,4828.4,3,4828.6,1,4828.8,2,4829.8,2,4830.0,4,4830.2,16,4830.6,1,4830.8,1,4829.4
IC2408,,13:38:55.800#,4856.2,4874.4,4822.6,5327.8,4359.4,23196,59953,4828.0,1,4828.2,2,4828.4,3,4828.6,1,4828.8,1,4829.8,4,4830.0,4,4830.2,16,4830.6,1,4830.8,1,4829.4
IC2408,,13:38:56.300#,4856.2,4874.4,4822.6,5327.8,4359.4,23196,59953,4828.0,1,4828.2,2,4828.4,3,4828.6,1,4828.8,2,4829.8,4,4830.0,4,4830.2,16,4830.6,1,4830.8,1,4829.4
IC2408,,13:38:56.800#,4856.2,4874.4,4822.6,5327.8,4359.4,23196,59953,4827.8,1,4828.0,1,4828.2,2,4828.4,3,4828.8,2,4829.8,4,4830.0,4,4830.2,16,4830.6,1,4830.8,1,4829.4
IC2408,,13:38:57.300#,4856.2,4874.4,4822.6,5327.8,4359.4,23196,59953,4827.8,1,4828.0,1,4828.2,2,4828.4,3,4828.8,2,4829.6,1,4829.8,4,4830.0,4,4830.2,16,4830.6,1,4829.4
IC2408,,13:38:57.800#,4856.2,4874.4,4822.6,5327.8,4359.4,23197,59952,4827.8,1,4828.0,1,4828.2,2,4828.4,3,4828.8,2,4829.8,2,4830.0,4,4830.2,16,4830.6,1,4830.8,1,4829.6
IC2408,,13:38:59.800#,4856.2,4874.4,4822.6,5327.8,4359.4,23199,59952,4827.6,7,4827.8,1,4828.0,1,4828.2,2,4828.4,3,4829.8,1,4830.0,4,4830.2,16,4830.6,1,4830.8,1,4828.8
IC2408,,13:39:00.300#,4856.2,4874.4,4822.6,5327.8,4359.4,23199,59952,4827.8,1,4828.0,1,4828.2,2,4828.4,3,4828.6,11,4829.8,1,4830.0,4,4830.2,16,4830.6,1,4830.8,1,4828.8
IC2408,,13:39:00.800#,4856.2,4874.4,4822.6,5327.8,4359.4,23199,59952,4828.2,1,4828.4,3,4828.6,9,4828.8,7,4829.4,1,4829.8,3,4830.2,16,4830.6,1,4830.8,1,4831.0,2,4828.8
IC2408,,13:39:01.300#,4856.2,4874.4,4822.6,5327.8,4359.4,23199,59952,4828.4,3,4828.6,9,4828.8,6,4829.0,1,4829.4,1,4829.6,1,4829.8,3,4830.2,16,4830.6,1,4830.8,1,4828.8
IC2408,,13:39:01.800#,4856.2,4874.4,4822.6,5327.8,4359.4,23200,59952,4828.2,1,4828.4,3,4828.6,9,4828.8,6,4829.0,1,4829.8,1,4830.2,16,4830.6,1,4830.8,1,4831.0,2,4829.6
IC2408,,13:39:02.300#,4856.2,4874.4,4822.6,5327.8,4359.4,23200,59952,4828.2,1,4828.4,3,4828.6,7,4828.8,6,4829.0,1,4829.8,1,4830.2,16,4830.6,1,4830.8,1,4831.0,2,4829.6
IC2408,,13:39:02.800#,4856.2,4874.4,4822.6,5327.8,4359.4,23200,59952,4828.2,1,4828.4,3,4828.6,7,4828.8,6,4829.4,1,4829.8,1,4830.2,16,4830.6,1,4830.8,1,4831.0,2,4829.6
IC2408,,13:39:03.300#,4856.2,4874.4,4822.6,5327.8,4359.4,23200,59952,4828.4,3,4828.6,7,4828.8,6,4829.0,1,4829.4,1,4829.8,4,4830.2,16,4830.6,1,4830.8,1,4831.0,2,4829.6
IC2408,,13:39:03.800#,4856.2,4874.4,4822.6,5327.8,4359.4,23201,59952,4828.2,1,4828.4,3,4828.6,7,4828.8,6,4829.0,1,4829.4,1,4829.8,3,4830.2,16,4830.6,1,4830.8,1,4829.4
IC2408,,13:39:04.300#,4856.2,4874.4,4822.6,5327.8,4359.4,23202,59951,4828.0,1,4828.2,1,4828.4,3,4828.6,7,4828.8,6,4829.4,3,4830.2,16,4830.6,1,4830.8,1,4831.0,2,4829.4
IC2408,,13:39:04.800#,4856.2,4874.4,4822.6,5327.8,4359.4,23202,59951,4828.0,1,4828.2,1,4828.4,3,4828.6,7,4828.8,5,4829.4,3,4830.2,16,4830.6,1,4830.8,1,4831.0,2,4829.4
IC2408,,13:39:05.300#,4856.2,4874.4,4822.6,5327.8,4359.4,23202,59951,4828.0,1,4828.2,1,4828.4,3,4828.6,7,4828.8,1,4829.4,3,4830.2,16,4830.6,1,4830.8,1,4831.0,2,4829.4
IC2408,,13:39:05.800#,4856.2,4874.4,4822.6,5327.8,4359.4,23202,59951,4828.0,1,4828.2,1,4828.4,3,4828.6,4,4828.8,1,4829.4,3,4830.2,16,4830.6,1,4830.8,1,4831.0,2,4829.4
IC2408,,13:39:06.300#,4856.2,4874.4,4822.6,5327.8,4359.4,23203,59950,4827.8,1,4828.0,1,4828.2,1,4828.4,3,4828.6,1,4829.4,2,4830.2,16,4830.6,1,4830.8,1,4831.0,2,4829.4
IC2408,,13:39:07.800#,4856.2,4874.4,4822.6,5327.8,4359.4,23203,59950,4827.8,1,4828.0,1,4828.2,1,4828.4,3,4828.6,1,4829.4,3,4830.2,16,4830.6,1,4830.8,1,4831.0,2,4829.4
IC2408,,13:39:08.800#,4856.2,4874.4,4822.6,5327.8,4359.4,23204,59951,4827.8,1,4828.0,1,4828.2,1,4828.4,3,4828.6,1,4829.4,3,4829.8,1,4830.2,16,4830.6,1,4830.8,1,4829.4
IC2408,,13:39:10.800#,4856.2,4874.4,4822.6,5327.8,4359.4,23206,59952,4827.6,4,4827.8,1,4828.0,1,4828.2,1,4828.4,3,4829.4,1,4829.8,1,4830.2,16,4830.6,1,4830.8,1,4828.6
IC2408,,13:39:11.300#,4856.2,4874.4,4822.6,5327.8,4359.4,23206,59952,4827.8,1,4828.0,1,4828.2,1,4828.4,3,4828.6,1,4829.4,1,4830.2,16,4830.6,1,4830.8,1,4831.0,2,4828.6
IC2408,,13:39:11.800#,4856.2,4874.4,4822.6,5327.8,4359.4,23206,59952,4827.8,1,4828.0,1,4828.2,1,4828.4,4,4828.6,1,4829.4,1,4830.2,16,4830.6,1,4830.8,1,4831.0,2,4828.6
IC2408,,13:39:12.300#,4856.2,4874.4,4822.6,5327.8,4359.4,23207,59951,4827.8,1,4828.0,1,4828.2,1,4828.4,4,4828.6,1,4829.4,1,4830.2,16,4830.6,1,4830.8,1,4831.0,2,4828.6
IC2408,,13:39:12.800#,4856.2,4874.4,4822.6,5327.8,4359.4,23207,59951,4827.8,1,4828.0,1,4828.2,1,4828.4,4,4828.6,1,4829.4,1,4829.6,1,4830.2,16,4830.6,1,4830.8,1,4828.6
IC2408,,13:39:13.300#,4856.2,4874.4,4822.6,5327.8,4359.4,23208,59952,4827.8,1,4828.0,1,4828.2,1,4828.4,4,4828.6,1,4829.4,1,4829.6,1,4830.2,16,4830.6,1,4830.8,1,4829.2
IC2408,,13:39:13.800#,4856.2,4874.4,4822.6,5327.8,4359.4,23208,59952,4827.8,1,4828.0,1,4828.2,1,4828.4,4,4828.6,2,4829.4,1,4830.2,16,4830.6,1,4830.8,1,4831.0,2,4829.2
IC2408,,13:39:14.800#,4856.2,4874.4,4822.6,5327.8,4359.4,23209,59952,4827.8,1,4828.0,1,4828.2,1,4828.4,4,4828.6,2,4829.4,1,4830.2,16,4830.6,1,4830.8,1,4831.0,2,4829.4
IC2408,,13:39:15.300#,4856.2,4874.4,4822.6,5327.8,4359.4,23210,59952,4828.0,1,4828.2,1,4828.4,4,4828.6,2,4828.8,1,4830.2,16,4830.6,1,4830.8,1,4831.0,2,4831.4,1,4829.4
IC2408,,13:39:15.800#,4856.2,4874.4,4822.6,5327.8,4359.4,23210,59952,4828.0,1,4828.2,1,4828.4,4,4828.6,2,4828.8,2,4830.0,4,4830.2,18,4830.6,2,4830.8,1,4831.0,2,4829.4
IC2408,,13:39:16.300#,4856.2,4874.4,4822.6,5327.8,4359.4,23210,59952,4828.0,1,4828.2,1,4828.4,4,4828.6,2,4828.8,2,4830.0,3,4830.2,18,4830.6,2,4830.8,1,4831.0,2,4829.4
IC2408,,13:39:16.800#,4856.2,4874.4,4822.6,5327.8,4359.4,23211,59951,4828.4,4,4828.6,2,4828.8,2,4829.0,3,4829.2,1,4830.0,1,4830.2,18,4830.6,1,4830.8,1,4831.0,2,4830.0
IC2408,,13:39:17.300#,4856.2,4874.4,4822.6,5327.8,4359.4,23211,59951,4828.4,3,4828.6,1,4828.8,2,4829.0,3,4829.2,5,4830.2,18,4830.6,1,4830.8,1,4831.0,2,4831.4,1,4830.0
IC2408,,13:39:17.800#,4856.2,4874.4,4822.6,5327.8,4359.4,23211,59951,4828.6,1,4828.8,2,4829.0,5,4829.2,5,4829.4,2,4830.2,18,4830.6,1,4830.8,1,4831.0,2,4831.4,1,4830.0
IC2408,,13:39:18.300#,4856.2,4874.4,4822.6,5327.8,4359.4,23211,59951,4828.8,2,4829.0,5,4829.2,5,4829.4,3,4829.6,1,4830.2,18,4830.6,1,4830.8,1,4831.0,2,4831.4,1,4830.0
IC2408,,13:39:18.800#,4856.2,4874.4,4822.6,5327.8,4359.4,23211,59951,4829.0,5,4829.2,5,4829.4,2,4829.6,2,4830.0,1,4830.2,18,4830.6,1,4830.8,1,4831.0,2,4831.4,1,4830.0
IC2408,,13:39:19.300#,4856.2,4874.4,4822.6,5327.8,4359.4,23212,59952,4829.0,5,4829.2,5,4829.4,2,4829.6,1,4830.0,1,4830.2,15,4830.6,1,4830.8,1,4831.0,2,4831.4,1,4830.2
IC2408,,13:39:19.800#,4856.2,4874.4,4822.6,5327.8,4359.4,23212,59952,4829.0,5,4829.2,5,4829.4,2,4829.6,1,4830.0,1,4830.2,16,4830.6,1,4830.8,1,4831.0,2,4831.4,1,4830.2
IC2408,,13:39:20.800#,4856.2,4874.4,4822.6,5327.8,4359.4,23213,59952,4828.8,1,4829.0,5,4829.2,5,4829.4,1,4829.6,1,4830.2,17,4830.6,1,4830.8,1,4831.0,2,4831.4,1,4830.0
IC2408,,13:39:21.300#,4856.2,4874.4,4822.6,5327.8,4359.4,23214,59952,4828.2,1,4828.4,3,4828.8,1,4829.0,5,4829.2,5,4830.2,16,4830.6,1,4830.8,1,4831.0,2,4831.4,1,4830.2
IC2408,,13:39:21.800#,4856.2,4874.4,4822.6,5327.8,4359.4,23214,59952,4828.4,3,4828.8,1,4829.0,5,4829.2,5,4829.4,1,4830.2,16,4830.6,1,4830.8,1,4831.0,2,4831.4,1,4830.2
IC2408,,13:39:22.300#,4856.2,4874.4,4822.6,5327.8,4359.4,23215,59953,4828.2,1,4828.4,3,4828.8,1,4829.0,5,4829.2,5,4830.0,20,4830.2,15,4830.6,1,4830.8,1,4831.0,2,4830.2
IC2408,,13:39:22.800#,4856.2,4874.4,4822.6,5327.8,4359.4,23216,59953,4828.2,1,4828.4,3,4828.8,1,4829.0,5,4829.2,2,4830.0,19,4830.2,15,4830.6,1,4830.8,1,4831.0,2,4830.0
IC2408,,13:39:23.300#,4856.2,4874.4,4822.6,5327.8,4359.4,23217,59954,4828.2,1,4828.4,3,4828.8,1,4829.0,5,4829.2,1,4830.0,19,4830.2,15,4830.6,1,4830.8,1,4831.0,2,4830.0
IC2408,,13:39:23.800#,4856.2,4874.4,4822.6,5327.8,4359.4,23217,59954,4828.2,1,4828.4,3,4828.8,1,4829.0,3,4829.2,1,4830.0,19,4830.2,15,4830.6,1,4830.8,1,4831.0,2,4830.0
IC2408,,13:39:24.300#,4856.2,4874.4,4822.6,5327.8,4359.4,23217,59954,4828.2,1,4828.4,3,4828.8,1,4829.0,3,4829.2,1,4830.0,20,4830.2,15,4830.6,1,4830.8,1,4831.0,2,4830.0
IC2408,,13:39:24.800#,4856.2,4874.4,4822.6,5327.8,4359.4,23217,59954,4828.2,1,4828.4,3,4828.8,1,4829.0,3,4829.2,1,4829.6,1,4830.0,20,4830.2,16,4830.6,1,4830.8,1,4830.0
IC2408,,13:39:25.800#,4856.2,4874.4,4822.6,5327.8,4359.4,23217,59954,4828.2,1,4828.4,3,4828.8,1,4829.0,1,4829.2,1,4829.6,1,4830.0,20,4830.2,16,4830.6,1,4830.8,1,4830.0
IC2408,,13:39:26.300#,4856.2,4874.4,4822.6,5327.8,4359.4,23218,59954,4828.2,1,4828.4,3,4828.8,1,4829.0,1,4829.2,1,4830.0,20,4830.2,16,4830.6,1,4830.8,1,4831.0,2,4830.0
IC2408,,13:39:27.800#,4856.2,4874.4,4822.6,5327.8,4359.4,23218,59954,4828.2,1,4828.4,3,4828.8,1,4829.0,1,4829.2,1,4830.0,21,4830.2,16,4830.6,1,4830.8,1,4831.0,2,4830.0
IC2408,,13:39:29.300#,4856.2,4874.4,4822.6,5327.8,4359.4,23219,59955,4828.2,1,4828.4,3,4828.8,1,4829.0,1,4829.2,2,4830.0,20,4830.2,16,4830.6,1,4830.8,1,4831.0,2,4830.0
IC2408,,13:39:30.800#,4856.2,4874.4,4822.6,5327.8,4359.4,23220,59955,4828.4,3,4828.8,1,4829.0,1,4829.2,2,4829.4,2,4829.8,1,4830.0,18,4830.2,16,4830.6,1,4830.8,1,4830.0
IC2408,,13:39:31.300#,4856.2,4874.4,4822.6,5327.8,4359.4,23220,59955,4828.2,1,4828.4,3,4828.8,1,4829.0,1,4829.2,2,4829.8,1,4830.0,18,4830.2,16,4830.6,1,4830.8,1,4830.0
IC2408,,13:39:31.800#,4856.2,4874.4,4822.6,5327.8,4359.4,23220,59955,4828.2,1,4828.4,3,4828.8,1,4829.0,1,4829.2,2,4829.6,1,4829.8,1,4830.0,17,4830.2,16,4830.6,1,4830.0
IC2408,,13:39:33.300#,4856.2,4874.4,4822.6,5327.8,4359.4,23221,59956,4828.2,1,4828.4,3,4828.8,1,4829.0,1,4829.2,2,4829.8,1,4830.0,17,4830.2,16,4830.6,1,4830.8,1,4829.8
IC2408,,13:39:34.300#,4856.2,4874.4,4822.6,5327.8,4359.4,23221,59956,4828.2,1,4828.4,3,4828.8,1,4829.0,1,4829.2,3,4829.8,1,4830.0,17,4830.2,16,4830.6,1,4830.8,1,4829.8
IC2408,,13:39:34.800#,4856.2,4874.4,4822.6,5327.8,4359.4,23221,59956,4828.4,3,4828.8,1,4829.0,1,4829.2,3,4829.4,1,4829.8,2,4830.0,17,4830.2,16,4830.6,1,4830.8,1,4829.8
IC2408,,13:39:35.800#,4856.2,4874.4,4822.6,5327.8,4359.4,23221,59956,4828.8,1,4829.0,1,4829.2,3,4829.4,1,4829.6,2,4829.8,2,4830.0,17,4830.2,16,4830.6,1,4830.8,1,4829.8
IC2408,,13:39:36.300#,4856.2,4874.4,4822.6,5327.8,4359.4,23223,59958,4828.8,1,4829.0,1,4829.2,2,4829.4,1,4829.6,3,4830.0,17,4830.2,16,4830.6,1,4830.8,1,4831.0,2,4829.8
IC2408,,13:39:36.800#,4856.2,4874.4,4822.6,5327.8,4359.4,23223,59958,4829.0,1,4829.2,2,4829.4,1,4829.6,3,4829.8,1,4830.0,17,4830.2,16,4830.6,1,4830.8,1,4831.0,2,4829.8
IC2408,,13:39:37.300#,4856.2,4874.4,4822.6,5327.8,4359.4,23225,59960,4829.0,1,4829.2,2,4829.4,1,4829.6,3,4829.8,1,4830.0,15,4830.2,16,4830.6,1,4830.8,1,4831.0,2,4830.0
IC2408,,13:39:37.800#,4856.2,4874.4,4822.6,5327.8,4359.4,23229,59964,4829.0,1,4829.2,2,4829.4,1,4829.6,3,4829.8,1,4830.0,11,4830.2,16,4830.6,1,4830.8,1,4831.0,2,4830.0
IC2408,,13:39:38.300#,4856.2,4874.4,4822.6,5327.8,4359.4,23244,59968,4829.0,1,4829.2,2,4829.4,1,4829.6,2,4829.8,1,4830.2,12,4830.6,1,4830.8,1,4831.0,2,4831.4,1,4830.2
IC2408,,13:39:38.800#,4856.2,4874.4,4822.6,5327.8,4359.4,23257,59967,4829.2,2,4829.4,1,4829.6,2,4829.8,2,4830.0,1,4830.6,1,4830.8,1,4831.0,2,4831.4,1,4831.6,3,4830.0
IC2408,,13:39:39.300#,4856.2,4874.4,4822.6,5327.8,4359.4,23257,59967,4829.2,2,4829.4,1,4829.6,2,4829.8,2,4830.0,2,4830.6,1,4830.8,1,4831.0,2,4831.4,1,4831.6,3,4830.0
IC2408,,13:39:39.800#,4856.2,4874.4,4822.6,5327.8,4359.4,23258,59968,4829.2,2,4829.4,1,4829.6,2,4829.8,2,4830.0,2,4830.8,1,4831.0,2,4831.4,1,4831.6,3,4831.8,21,4830.6
IC2408,,13:39:40.300#,4856.2,4874.4,4822.6,5327.8,4359.4,23258,59968,4829.2,2,4829.4,1,4829.6,2,4829.8,1,4830.0,3,4830.8,1,4831.0,2,4831.4,1,4831.6,3,4831.8,21,4830.6
IC2408,,13:39:40.800#,4856.2,4874.4,4822.6,5327.8,4359.4,23258,59968,4829.2,2,4829.4,1,4829.6,2,4829.8,1,4830.0,2,4830.8,2,4831.0,2,4831.4,1,4831.6,3,4831.8,21,4830.6
IC2408,,13:39:41.300#,4856.2,4874.4,4822.6,5327.8,4359.4,23259,59968,4829.2,2,4829.4,1,4829.6,2,4829.8,1,4830.0,1,4830.2,1,4830.8,2,4831.0,2,4831.4,1,4831.6,3,4830.0
IC2408,,13:39:41.800#,4856.2,4874.4,4822.6,5327.8,4359.4,23262,59969,4829.4,1,4829.6,2,4829.8,1,4830.0,1,4830.2,1,4831.0,2,4831.4,1,4831.6,3,4831.8,21,4832.0,4,4830.8
IC2408,,13:39:42.800#,4856.2,4874.4,4822.6,5327.8,4359.4,23263,59970,4829.4,1,4829.6,2,4829.8,1,4830.0,1,4830.2,2,4831.0,1,4831.4,1,4831.6,3,4831.8,21,4832.0,4,4831.0
IC2408,,13:39:43.300#,4856.2,4874.4,4822.6,5327.8,4359.4,23263,59970,4829.4,1,4829.6,2,4829.8,1,4830.0,1,4830.2,3,4831.0,1,4831.4,1,4831.6,3,4831.8,21,4832.0,4,4831.0
IC2408,,13:39:43.800#,4856.2,4874.4,4822.6,5327.8,4359.4,23263,59970,4829.4,1,4829.6,2,4829.8,1,4830.0,1,4830.2,2,4831.0,1,4831.2,1,4831.4,1,4831.6,3,4831.8,21,4831.0
IC2408,,13:39:44.300#,4856.2,4874.4,4822.6,5327.8,4359.4,23264,59970,4829.4,1,4829.6,2,4829.8,1,4830.0,1,4830.2,1,4831.2,1,4831.4,1,4831.6,3,4831.8,21,4832.0,4,4831.0
IC2408,,13:39:44.800#,4856.2,4874.4,4822.6,5327.8,4359.4,23264,59970,4829.4,1,4829.6,2,4829.8,1,4830.0,1,4830.2,1,4831.0,1,4831.2,1,4831.4,2,4831.6,3,4831.8,21,4831.0
IC2408,,13:39:45.300#,4856.2,4874.4,4822.6,5327.8,4359.4,23264,59970,4829.4,1,4829.6,2,4829.8,1,4830.0,1,4830.4,1,4831.0,1,4831.2,1,4831.4,2,4831.6,3,4831.8,21,4831.0
IC2408,,13:39:46.800#,4856.2,4874.4,4822.6,5327.8,4359.4,23264,59970,4829.4,1,4829.6,2,4829.8,1,4830.0,1,4830.4,1,4831.0,2,4831.2,1,4831.4,2,4831.6,3,4831.8,21,4831.0
IC2408,,13:39:47.300#,4856.2,4874.4,4822.6,5327.8,4359.4,23264,59970,4829.2,2,4829.4,1,4829.8,1,4830.0,1,4830.4,1,4831.0,2,4831.2,1,4831.4,2,4831.6,3,4831.8,21,4831.0
IC2408,,13:39:47.800#,4856.2,4874.4,4822.6,5327.8,4359.4,23265,59969,4829.4,1,4829.8,1,4830.0,1,4830.2,1,4830.4,1,4831.0,1,4831.2,1,4831.4,2,4831.6,3,4831.8,21,4831.0
IC2408,,13:39:49.800#,4856.2,4874.4,4822.6,5327.8,4359.4,23266,59970,4829.4,1,4829.8,1,4830.0,1,4830.2,1,4830.4,1,4831.0,1,4831.2,1,4831.4,2,4831.6,3,4831.8,21,4831.0
IC2408,,13:39:50.300#,4856.2,4874.4,4822.6,5327.8,4359.4,23268,59969,4829.4,1,4829.8,1,4830.0,1,4830.2,1,4831.0,1,4831.2,1,4831.4,2,4831.6,3,4831.8,21,4832.0,4,4831.0
IC2408,,13:39:50.800#,4856.2,4874.4,4822.6,5327.8,4359.4,23269,59970,4829.2,2,4829.4,1,4829.8,1,4830.0,1,4830.2,1,4830.8,1,4831.0,6,4831.2,1,4831.4,2,4831.6,3,4831.0
IC2408,,13:39:51.300#,4856.2,4874.4,4822.6,5327.8,4359.4,23269,59970,4829.0,2,4829.2,2,4829.4,1,4829.8,1,4830.0,1,4830.8,2,4831.0,5,4831.2,1,4831.4,2,4831.6,3,4831.0
IC2408,,13:39:51.800#,4856.2,4874.4,4822.6,5327.8,4359.4,23270,59970,4828.8,1,4829.0,2,4829.2,2,4829.4,1,4829.8,1,4830.6,1,4830.8,2,4831.0,4,4831.2,1,4831.4,2,4829.8
IC2408,,13:39:52.300#,4856.2,4874.4,4822.6,5327.8,4359.4,23270,59970,4828.6,3,4828.8,1,4829.0,2,4829.2,2,4829.4,2,4830.6,1,4830.8,2,4831.0,4,4831.2,1,4831.4,2,4829.8
IC2408,,13:39:52.800#,4856.2,4874.4,4822.6,5327.8,4359.4,23270,59970,4828.8,1,4829.0,2,4829.2,2,4829.4,2,4829.6,1,4830.4,2,4830.6,1,4830.8,2,4831.0,4,4831.2,1,4829.8
IC2408,,13:39:53.800#,4856.2,4874.4,4822.6,5327.8,4359.4,23270,59970,4828.8,1,4829.0,2,4829.2,2,4829.4,2,4829.6,1,4830.4,1,4830.6,1,4830.8,2,4831.0,2,4831.2,1,4829.8
IC2408,,13:39:54.300#,4856.2,4874.4,4822.6,5327.8,4359.4,23271,59969,4828.8,1,4829.0,2,4829.2,2,4829.4,2,4829.6,1,4830.6,1,4830.8,2,4831.0,2,4831.2,1,4831.4,2,4830.4
IC2408,,13:39:54.800#,4856.2,4874.4,4822.6,5327.8,4359.4,23271,59969,4828.8,1,4829.0,2,4829.2,2,4829.4,2,4829.6,2,4830.6,1,4830.8,2,4831.0,2,4831.2,1,4831.4,2,4830.4
IC2408,,13:39:55.300#,4856.2,4874.4,4822.6,5327.8,4359.4,23272,59969,4828.8,1,4829.0,2,4829.2,2,4829.4,2,4829.6,1,4830.6,1,4830.8,2,4831.0,1,4831.2,1,4831.4,2,4829.6
IC2408,,13:39:55.800#,4856.2,4874.4,4822.6,5327.8,4359.4,23273,59968,4828.6,3,4828.8,1,4829.0,2,4829.2,2,4829.4,2,4830.8,2,4831.0,1,4831.2,1,4831.4,2,4831.6,3,4830.6
IC2408,,13:39:56.300#,4856.2,4874.4,4822.6,5327.8,4359.4,23273,59968,4828.8,1,4829.0,2,4829.2,2,4829.4,3,4829.6,1,4830.8,2,4831.0,3,4831.2,1,4831.4,2,4831.6,3,4830.6
IC2408,,13:39:56.800#,4856.2,4874.4,4822.6,5327.8,4359.4,23273,59968,4828.8,1,4829.0,2,4829.2,2,4829.4,3,4829.6,1,4830.6,1,4830.8,2,4831.0,3,4831.2,1,4831.4,2,4830.6
IC2408,,13:39:59.300#,4856.2,4874.4,4822.6,5327.8,4359.4,23273,59968,4829.0,2,4829.2,2,4829.4,3,4829.6,2,4829.8,5,4830.6,1,4830.8,1,4831.0,3,4831.2,1,4831.4,2,4830.6
IC2408,,13:39:59.800#,4856.2,4874.4,4822.6,5327.8,4359.4,23273,59968,4829.2,2,4829.4,3,4829.6,2,4829.8,5,4830.8,1,4831.0,3,4831.4,2,4831.6,3,4831.8,21,4832.0,4,4830.6
IC2408,,13:40:00.300#,4856.2,4874.4,4822.6,5327.8,4359.4,23275,59969,4829.2,2,4829.4,2,4829.6,2,4829.8,5,4830.2,1,4830.6,1,4830.8,3,4831.0,3,4831.4,2,4831.6,3,4830.8
IC2408,,13:40:00.800#,4856.2,4874.4,4822.6,5327.8,4359.4,23276,59969,4829.2,2,4829.4,2,4829.6,2,4829.8,5,4830.0,1,4830.8,3,4831.0,3,4831.4,2,4831.6,3,4831.8,21,4830.6
IC2408,,13:40:01.300#,4856.2,4874.4,4822.6,5327.8,4359.4,23276,59969,4829.6,2,4829.8,5,4830.0,2,4830.2,2,4830.4,1,4830.8,3,4831.0,3,4831.4,2,4831.6,3,4831.8,21,4830.6
IC2408,,13:40:01.800#,4856.2,4874.4,4822.6,5327.8,4359.4,23277,59969,4829.6,2,4829.8,5,4830.0,2,4830.2,2,4830.4,1,4830.8,3,4831.0,3,4831.4,2,4831.6,1,4831.8,21,4830.6
IC2408,,13:40:02.300#,4856.2,4874.4,4822.6,5327.8,4359.4,23277,59969,4829.6,2,4829.8,5,4830.0,2,4830.2,2,4830.6,1,4830.8,3,4831.0,3,4831.4,2,4831.6,1,4831.8,21,4830.6
IC2408,,13:40:02.800#,4856.2,4874.4,4822.6,5327.8,4359.4,23278,59968,4829.4,2,4829.6,2,4829.8,5,4830.0,2,4830.2,2,4830.8,4,4831.0,3,4831.4,2,4831.6,1,4831.8,21,4830.6
IC2408,,13:40:03.300#,4856.2,4874.4,4822.6,5327.8,4359.4,23278,59968,4829.6,2,4829.8,3,4830.0,2,4830.2,2,4830.6,1,4830.8,1,4831.0,3,4831.4,2,4831.6,1,4831.8,21,4830.6
IC2408,,13:40:03.800#,4856.2,4874.4,4822.6,5327.8,4359.4,23278,59968,4829.6,2,4829.8,3,4830.0,3,4830.2,2,4830.6,2,4830.8,1,4831.0,3,4831.4,2,4831.6,1,4831.8,21,4830.6
IC2408,,13:40:04.300#,4856.2,4874.4,4822.6,5327.8,4359.4,23278,59968,4829.6,2,4829.8,3,4830.0,3,4830.2,2,4830.6,1,4830.8,1,4831.0,3,4831.4,2,4831.6,1,4831.8,21,4830.6
IC2408,,13:40:04.800#,4856.2,4874.4,4822.6,5327.8,4359.4,23278,59968,4829.6,2,4829.8,3,4830.0,3,4830.2,2,4830.6,2,4830.8,2,4831.0,3,4831.4,2,4831.6,1,4831.8,21,4830.6
IC2408,,13:40:05.300#,4856.2,4874.4,4822.6,5327.8,4359.4,23279,59969,4829.6,2,4829.8,3,4830.0,3,4830.2,2,4830.6,2,4830.8,1,4831.0,3,4831.4,2,4831.6,1,4831.8,21,4830.8
IC2408,,13:40:05.800#,4856.2,4874.4,4822.6,5327.8,4359.4,23280,59970,4829.6,2,4829.8,3,4830.0,3,4830.2,2,4830.6,2,4831.0,3,4831.4,2,4831.6,1,4831.8,21,4832.0,4,4830.8
IC2408,,13:40:06.300#,4856.2,4874.4,4822.6,5327.8,4359.4,23280,59970,4829.6,2,4829.8,3,4830.0,3,4830.2,2,4830.6,3,4831.0,2,4831.4,2,4831.6,1,4831.8,21,4832.0,4,4830.8
IC2408,,13:40:06.800#,4856.2,4874.4,4822.6,5327.8,4359.4,23282,59971,4829.6,2,4829.8,3,4830.0,5,4830.2,2,4830.6,4,4831.4,2,4831.6,1,4831.8,21,4832.0,4,4832.2,1,4831.0
IC2408,,13:40:07.300#,4856.2,4874.4,4822.6,5327.8,4359.4,23282,59971,4829.8,3,4830.0,5,4830.2,2,4830.6,4,4830.8,1,4831.4,3,4831.6,1,4831.8,21,4832.0,4,4832.2,1,4831.0
IC2408,,13:40:07.800#,4856.2,4874.4,4822.6,5327.8,4359.4,23282,59971,4830.0,5,4830.2,2,4830.6,3,4830.8,2,4831.0,1,4831.4,6,4831.6,1,4831.8,21,4832.0,4,4832.2,1,4831.0
IC2408,,13:40:09.300#,4856.2,4874.4,4822.6,5327.8,4359.4,23282,59971,4830.0,5,4830.2,2,4830.6,3,4830.8,2,4831.0,1,4831.4,6,4831.6,2,4831.8,21,4832.0,4,4832.2,1,4831.0
IC2408,,13:40:10.300#,4856.2,4874.4,4822.6,5327.8,4359.4,23282,59971,4830.0,5,4830.2,2,4830.6,3,4830.8,2,4831.0,1,4831.4,5,4831.6,2,4831.8,21,4832.0,4,4832.2,1,4831.0
IC2408,,13:40:12.300#,4856.2,4874.4,4822.6,5327.8,4359.4,23283,59971,4829.8,3,4830.0,5,4830.2,2,4830.6,3,4830.8,2,4831.4,5,4831.6,2,4831.8,21,4832.0,4,4832.2,1,4831.0
IC2408,,13:40:12.800#,4856.2,4874.4,4822.6,5327.8,4359.4,23283,59971,4829.8,3,4830.0,5,4830.2,2,4830.6,3,4830.8,2,4831.4,5,4831.6,2,4831.8,22,4832.0,4,4832.2,1,4831.0
IC2408,,13:40:15.300#,4856.2,4874.4,4822.6,5327.8,4359.4,23288,59974,4829.4,1,4829.6,2,4829.8,3,4830.0,5,4830.2,2,4831.4,5,4831.6,2,4831.8,22,4832.0,4,4832.2,1,4830.6
IC2408,,13:40:15.800#,4856.2,4874.4,4822.6,5327.8,4359.4,23288,59974,4829.4,1,4829.6,2,4829.8,3,4830.0,2,4830.2,3,4831.0,2,4831.2,9,4831.4,6,4831.6,2,4831.8,22,4830.6
IC2408,,13:40:16.300#,4856.2,4874.4,4822.6,5327.8,4359.4,23291,59972,4829.2,2,4829.4,1,4829.6,1,4829.8,1,4830.0,1,4830.8,3,4831.0,1,4831.2,7,4831.4,3,4831.6,2,4830.2
IC2408,,13:40:16.800#,4856.2,4874.4,4822.6,5327.8,4359.4,23291,59972,4829.0,2,4829.2,2,4829.4,1,4829.6,1,4830.0,1,4830.8,3,4831.0,1,4831.2,7,4831.4,3,4831.6,2,4830.2
IC2408,,13:40:19.300#,4856.2,4874.4,4822.6,5327.8,4359.4,23291,59972,4829.2,2,4829.4,1,4829.6,1,4830.0,1,4830.2,7,4830.8,3,4831.0,1,4831.2,6,4831.4,3,4831.6,2,4830.2
IC2408,,13:40:19.800#,4856.2,4874.4,4822.6,5327.8,4359.4,23296,59968,4829.2,2,4829.4,1,4829.6,1,4830.0,1,4830.2,3,4830.8,2,4831.2,5,4831.4,3,4831.6,2,4831.8,22,4830.2
IC2408,,13:40:20.300#,4856.2,4874.4,4822.6,5327.8,4359.4,23296,59968,4829.2,2,4829.4,1,4829.6,1,4830.0,1,4830.2,2,4830.6,1,4830.8,2,4831.2,5,4831.4,3,4831.6,2,4830.2
IC2408,,13:40:20.800#,4856.2,4874.4,4822.6,5327.8,4359.4,23296,59968,4829.0,2,4829.2,2,4829.4,1,4829.6,1,4830.0,1,4830.8,1,4831.2,5,4831.4,3,4831.6,2,4831.8,22,4830.2
IC2408,,13:40:21.300#,4856.2,4874.4,4822.6,5327.8,4359.4,23296,59968,4829.0,2,4829.2,2,4829.4,1,4829.6,1,4830.0,1,4830.6,2,4830.8,2,4831.2,5,4831.4,3,4831.6,2,4830.2
IC2408,,13:40:21.800#,4856.2,4874.4,4822.6,5327.8,4359.4,23297,59969,4828.8,1,4829.0,2,4829.2,2,4829.4,1,4829.6,1,4830.6,4,4830.8,2,4831.2,5,4831.4,3,4831.6,2,4830.0
IC2408,,13:40:22.300#,4856.2,4874.4,4822.6,5327.8,4359.4,23297,59969,4828.6,3,4828.8,1,4829.0,2,4829.2,2,4829.4,1,4830.0,1,4830.2,6,4830.4,2,4830.6,4,4830.8,2,4830.0
IC2408,,13:40:22.800#,4856.2,4874.4,4822.6,5327.8,4359.4,23298,59969,4828.4,2,4828.6,3,4828.8,1,4829.0,2,4829.2,2,4830.0,2,4830.2,6,4830.4,1,4830.6,2,4830.8,2,4830.0
IC2408,,13:40:23.300#,4856.2,4874.4,4822.6,5327.8,4359.4,23298,59969,4828.4,2,4828.6,3,4828.8,1,4829.0,2,4829.2,2,4830.0,1,4830.2,6,4830.4,1,4830.6,2,4830.8,2,4830.0
IC2408,,13:40:24.300#,4856.2,4874.4,4822.6,5327.8,4359.4,23298,59969,4828.4,2,4828.6,1,4828.8,1,4829.0,2,4829.2,2,4830.0,1,4830.2,6,4830.4,1,4830.6,2,4830.8,2,4830.0
IC2408,,13:40:24.800#,4856.2,4874.4,4822.6,5327.8,4359.4,23300,59967,4828.2,2,4828.4,2,4828.6,1,4828.8,1,4829.0,2,4829.2,3,4830.0,1,4830.2,6,4830.4,1,4830.6,2,4829.2
IC2408,,13:40:25.800#,4856.2,4874.4,4822.6,5327.8,4359.4,23301,59967,4828.2,2,4828.4,2,4828.6,1,4828.8,1,4829.0,2,4829.2,3,4830.0,1,4830.2,6,4830.4,1,4830.6,2,4829.2
IC2408,,13:40:27.300#,4856.2,4874.4,4822.6,5327.8,4359.4,23301,59967,4828.2,2,4828.4,2,4828.6,1,4828.8,1,4829.0,2,4829.2,3,4830.0,2,4830.2,6,4830.4,1,4830.6,2,4829.2
IC2408,,13:40:27.800#,4856.2,4874.4,4822.6,5327.8,4359.4,23302,59968,4828.2,2,4828.4,2,4828.6,1,4828.8,1,4829.0,2,4829.2,3,4830.0,2,4830.2,6,4830.4,1,4830.6,2,4829.0
IC2408,,13:40:28.300#,4856.2,4874.4,4822.6,5327.8,4359.4,23304,59968,4828.2,2,4828.4,2,4828.6,1,4828.8,1,4829.0,2,4829.2,3,4830.0,2,4830.2,6,4830.4,1,4830.6,2,4829.2
IC2408,,13:40:29.800#,4856.2,4874.4,4822.6,5327.8,4359.4,23305,59968,4828.2,2,4828.4,2,4828.6,1,4828.8,1,4829.0,2,4829.2,2,4830.0,2,4830.2,6,4830.4,1,4830.6,2,4829.2
IC2408,,13:40:30.300#,4856.2,4874.4,4822.6,5327.8,4359.4,23306,59968,4828.2,2,4828.4,2,4828.6,1,4828.8,1,4829.0,2,4829.2,1,4830.0,2,4830.2,6,4830.4,2,4830.6,2,4829.2
IC2408,,13:40:30.800#,4856.2,4874.4,4822.6,5327.8,4359.4,23308,59970,4828.2,2,4828.4,2,4828.6,1,4828.8,1,4829.0,2,4830.0,2,4830.2,6,4830.4,2,4830.6,2,4830.8,1,4829.2
IC2408,,13:40:31.300#,4856.2,4874.4,4822.6,5327.8,4359.4,23309,59969,4828.2,2,4828.4,2,4828.6,1,4828.8,1,4829.0,2,4829.8,1,4830.0,4,4830.2,6,4830.4,2,4830.6,2,4829.2
IC2408,,13:40:31.800#,4856.2,4874.4,4822.6,5327.8,4359.4,23309,59969,4828.2,2,4828.4,2,4828.6,1,4828.8,1,4829.0,2,4829.8,2,4830.0,4,4830.2,6,4830.4,2,4830.6,2,4829.2
IC2408,,13:40:33.800#,4856.2,4874.4,4822.6,5327.8,4359.4,23310,59970,4828.2,2,4828.4,2,4828.6,1,4828.8,1,4829.0,2,4829.8,2,4830.0,4,4830.2,6,4830.4,2,4830.6,2,4829.8
IC2408,,13:40:34.800#,4856.2,4874.4,4822.6,5327.8,4359.4,23311,59969,4828.2,2,4828.4,2,4828.6,1,4828.8,1,4829.0,2,4829.8,1,4830.0,4,4830.2,6,4830.4,2,4830.6,2,4829.8
IC2408,,13:40:35.800#,4856.2,4874.4,4822.6,5327.8,4359.4,23312,59970,4828.2,2,4828.4,2,4828.6,1,4828.8,1,4829.0,1,4829.8,1,4830.0,4,4830.2,6,4830.4,2,4830.6,2,4829.0
IC2408,,13:40:36.800#,4856.2,4874.4,4822.6,5327.8,4359.4,23312,59970,4828.2,2,4828.4,2,4828.6,1,4828.8,1,4829.0,1,4829.8,2,4830.0,4,4830.2,6,4830.4,2,4830.6,2,4829.0
IC2408,,13:40:37.800#,4856.2,4874.4,4822.6,5327.8,4359.4,23313,59970,4828.2,2,4828.4,2,4828.6,1,4828.8,1,4829.0,1,4829.8,1,4830.0,4,4830.2,6,4830.4,2,4830.6,2,4829.8
IC2408,,13:40:38.800#,4856.2,4874.4,4822.6,5327.8,4359.4,23314,59969,4828.2,2,4828.4,2,4828.6,1,4828.8,1,4829.0,1,4830.0,4,4830.2,6,4830.4,2,4830.6,2,4830.8,1,4829.8
IC2408,,13:40:39.300#,4856.2,4874.4,4822.6,5327.8,4359.4,23314,59969,4828.2,2,4828.4,2,4828.6,1,4828.8,1,4829.0,2,4830.0,4,4830.2,6,4830.4,2,4830.6,2,4830.8,1,4829.8
IC2408,,13:40:39.800#,4856.2,4874.4,4822.6,5327.8,4359.4,23314,59969,4828.2,2,4828.4,2,4828.6,1,4828.8,1,4829.0,1,4830.0,4,4830.2,6,4830.4,2,4830.6,2,4830.8,1,4829.8
IC2408,,13:40:40.800#,4856.2,4874.4,4822.6,5327.8,4359.4,23316,59970,4827.6,4,4827.8,1,4828.2,2,4828.4,2,4828.6,1,4829.8,4,4830.0,4,4830.2,6,4830.4,2,4830.6,2,4828.8
IC2408,,13:40:41.300#,4856.2,4874.4,4822.6,5327.8,4359.4,23316,59970,4827.6,4,4827.8,1,4828.2,2,4828.4,2,4828.6,2,4829.4,2,4829.6,2,4829.8,4,4830.0,4,4830.2,6,4828.8
IC2408,,13:40:41.800#,4856.2,4874.4,4822.6,5327.8,4359.4,23317,59971,4827.6,4,4827.8,1,4828.2,2,4828.4,2,4828.6,2,4829.4,1,4829.6,2,4829.8,3,4830.0,4,4830.2,6,4829.4
IC2408,,13:40:42.300#,4856.2,4874.4,4822.6,5327.8,4359.4,23317,59971,4827.6,4,4827.8,1,4828.2,3,4828.4,2,4828.6,2,4829.6,2,4829.8,3,4830.0,4,4830.2,6,4830.4,1,4829.4
IC2408,,13:40:42.800#,4856.2,4874.4,4822.6,5327.8,4359.4,23317,59971,4827.6,4,4827.8,1,4828.2,3,4828.4,2,4828.6,3,4829.6,2,4829.8,3,4830.0,4,4830.2,6,4830.4,1,4829.4
IC2408,,13:40:43.300#,4856.2,4874.4,4822.6,5327.8,4359.4,23317,59971,4827.8,1,4828.2,3,4828.4,1,4828.6,3,4829.4,1,4829.8,3,4830.0,4,4830.2,6,4830.4,1,4830.6,2,4829.4
IC2408,,13:40:43.800#,4856.2,4874.4,4822.6,5327.8,4359.4,23319,59970,4827.6,4,4827.8,1,4828.2,3,4828.4,1,4828.6,3,4829.6,2,4829.8,2,4830.0,4,4830.2,6,4830.4,1,4829.0
IC2408,,13:40:44.300#,4856.2,4874.4,4822.6,5327.8,4359.4,23320,59970,4827.8,1,4828.2,3,4828.4,1,4828.6,3,4828.8,1,4829.6,2,4829.8,2,4830.0,4,4830.2,6,4830.4,1,4828.8
IC2408,,13:40:44.800#,4856.2,4874.4,4822.6,5327.8,4359.4,23320,59970,4827.6,4,4827.8,1,4828.2,3,4828.4,1,4828.6,3,4829.6,2,4829.8,2,4830.0,4,4830.2,6,4830.4,1,4828.8
IC2408,,13:40:45.800#,4856.2,4874.4,4822.6,5327.8,4359.4,23321,59971,4827.6,4,4827.8,1,4828.2,3,4828.4,1,4828.6,3,4829.6,1,4829.8,2,4830.0,4,4830.2,6,4830.4,1,4829.6
IC2408,,13:40:46.300#,4856.2,4874.4,4822.6,5327.8,4359.4,23322,59970,4827.6,4,4827.8,1,4828.2,3,4828.4,1,4828.6,3,4829.6,1,4830.0,4,4830.2,6,4830.4,1,4830.6,2,4828.8
IC2408,,13:40:46.800#,4856.2,4874.4,4822.6,5327.8,4359.4,23325,59971,4827.4,3,4827.6,4,4827.8,1,4828.2,3,4828.4,1,4828.6,1,4829.4,1,4829.6,1,4830.0,4,4830.2,6,4828.6
IC2408,,13:40:47.300#,4856.2,4874.4,4822.6,5327.8,4359.4,23326,59972,4827.4,3,4827.6,4,4827.8,1,4828.2,3,4828.4,1,4829.4,1,4829.6,1,4830.0,2,4830.2,6,4830.4,1,4828.6
IC2408,,13:40:47.800#,4856.2,4874.4,4822.6,5327.8,4359.4,23326,59972,4827.4,3,4827.6,4,4827.8,1,4828.2,3,4828.4,3,4829.4,1,4829.6,1,4830.0,2,4830.2,6,4830.4,1,4828.6
IC2408,,13:40:48.300#,4856.2,4874.4,4822.6,5327.8,4359.4,23326,59972,4827.6,4,4827.8,1,4828.2,3,4828.4,4,4828.6,3,4829.6,1,4830.0,2,4830.2,6,4830.4,1,4830.6,1,4828.6
IC2408,,13:40:48.800#,4856.2,4874.4,4822.6,5327.8,4359.4,23326,59972,4827.8,1,4828.2,3,4828.4,3,4828.6,4,4829.4,1,4829.6,1,4829.8,2,4830.0,2,4830.2,6,4830.4,1,4828.6
IC2408,,13:40:49.300#,4856.2,4874.4,4822.6,5327.8,4359.4,23331,59973,4827.4,3,4827.6,4,4827.8,1,4828.2,3,4828.4,2,4829.6,2,4829.8,2,4830.0,2,4830.2,6,4830.4,1,4828.4
IC2408,,13:40:49.800#,4856.2,4874.4,4822.6,5327.8,4359.4,23331,59973,4827.4,3,4827.6,4,4827.8,1,4828.2,3,4828.4,1,4829.4,1,4829.6,3,4829.8,2,4830.0,2,4830.2,6,4828.4
IC2408,,13:40:50.800#,4856.2,4874.4,4822.6,5327.8,4359.4,23331,59973,4827.6,4,4827.8,1,4828.2,3,4828.4,2,4828.6,1,4829.6,3,4829.8,2,4830.0,2,4830.2,6,4830.4,1,4828.4
IC2408,,13:40:51.300#,4856.2,4874.4,4822.6,5327.8,4359.4,23331,59973,4827.6,4,4827.8,1,4828.2,3,4828.4,2,4828.6,1,4829.6,3,4829.8,2,4830.0,1,4830.2,6,4830.4,1,4828.4
IC2408,,13:40:51.800#,4856.2,4874.4,4822.6,5327.8,4359.4,23331,59973,4827.6,4,4827.8,1,4828.2,3,4828.4,2,4828.8,1,4829.6,2,4829.8,2,4830.0,1,4830.2,6,4830.4,1,4828.4
IC2408,,13:40:52.300#,4856.2,4874.4,4822.6,5327.8,4359.4,23331,59973,4827.4,3,4827.6,4,4827.8,1,4828.2,3,4828.4,2,4829.6,3,4829.8,2,4830.0,1,4830.2,6,4830.4,1,4828.4
IC2408,,13:40:52.800#,4856.2,4874.4,4822.6,5327.8,4359.4,23332,59972,4827.6,4,4827.8,1,4828.2,3,4828.4,2,4828.6,2,4829.4,1,4829.6,3,4829.8,2,4830.0,1,4830.2,6,4829.4
IC2408,,13:40:53.800#,4856.2,4874.4,4822.6,5327.8,4359.4,23333,59972,4827.6,4,4827.8,1,4828.2,3,4828.4,2,4828.6,1,4829.4,1,4829.6,3,4829.8,2,4830.0,1,4830.2,6,4828.6
IC2408,,13:40:54.300#,4856.2,4874.4,4822.6,5327.8,4359.4,23333,59972,4827.6,4,4827.8,1,4828.2,3,4828.4,2,4828.6,1,4829.2,1,4829.4,1,4829.6,3,4829.8,2,4830.0,2,4828.6
IC2408,,13:40:56.300#,4856.2,4874.4,4822.6,5327.8,4359.4,23334,59971,4827.6,4,4827.8,1,4828.2,3,4828.4,2,4828.6,2,4829.4,1,4829.6,3,4829.8,2,4830.0,2,4830.2,6,4829.2
IC2408,,13:40:57.300#,4856.2,4874.4,4822.6,5327.8,4359.4,23335,59970,4827.6,4,4827.8,1,4828.2,3,4828.4,2,4828.6,1,4829.4,1,4829.6,3,4829.8,2,4830.0,1,4830.2,6,4828.6
IC2408,,13:40:59.300#,4856.2,4874.4,4822.6,5327.8,4359.4,23336,59969,4827.4,3,4827.6,4,4827.8,1,4828.2,3,4828.4,2,4828.6,1,4829.4,1,4829.6,3,4829.8,2,4830.0,1,4828.6
IC2408,,13:40:59.800#,4856.2,4874.4,4822.6,5327.8,4359.4,23337,59968,4827.6,4,4827.8,1,4828.2,3,4828.4,1,4828.6,1,4829.4,1,4829.6,2,4830.0,1,4830.2,6,4830.4,1,4828.6
IC2408,,13:41:00.300#,4856.2,4874.4,4822.6,5327.8,4359.4,23337,59968,4827.6,4,4827.8,1,4828.2,3,4828.4,1,4828.8,2,4829.2,1,4829.4,1,4829.6,2,4830.0,1,4830.2,6,4828.6
IC2408,,13:41:01.300#,4856.2,4874.4,4822.6,5327.8,4359.4,23337,59968,4827.8,1,4828.2,3,4828.4,1,4828.8,2,4829.0,1,4829.2,1,4829.4,1,4829.6,2,4830.0,1,4830.2,6,4828.6
IC2408,,13:41:01.800#,4856.2,4874.4,4822.6,5327.8,4359.4,23337,59968,4827.8,1,4828.2,3,4828.4,1,4828.8,2,4829.0,1,4829.2,1,4829.6,1,4830.0,1,4830.2,6,4830.4,1,4828.6
IC2408,,13:41:03.800#,4856.2,4874.4,4822.6,5327.8,4359.4,23338,59967,4827.6,4,4827.8,1,4828.2,3,4828.4,1,4828.8,2,4829.2,1,4829.6,1,4830.0,1,4830.2,6,4830.4,1,4829.0
IC2408,,13:41:04.300#,4856.2,4874.4,4822.6,5327.8,4359.4,23339,59968,4827.6,4,4827.8,1,4828.2,3,4828.4,1,4828.8,1,4829.6,1,4830.0,1,4830.2,6,4830.4,1,4830.6,2,4829.2
IC2408,,13:41:04.800#,4856.2,4874.4,4822.6,5327.8,4359.4,23339,59968,4827.8,1,4828.2,3,4828.4,1,4828.6,1,4828.8,1,4829.6,1,4829.8,2,4830.0,1,4830.2,6,4830.4,1,4829.2
IC2408,,13:41:05.800#,4856.2,4874.4,4822.6,5327.8,4359.4,23341,59970,4827.8,1,4828.2,3,4828.4,1,4828.6,1,4828.8,1,4829.8,1,4830.0,1,4830.2,6,4830.4,1,4830.6,2,4829.8
IC2408,,13:41:06.300#,4856.2,4874.4,4822.6,5327.8,4359.4,23341,59970,4828.2,3,4828.4,1,4828.6,1,4828.8,1,4829.0,1,4829.8,1,4830.0,1,4830.2,6,4830.4,1,4830.6,2,4829.8
IC2408,,13:41:07.800#,4856.2,4874.4,4822.6,5327.8,4359.4,23342,59971,4828.2,3,4828.4,1,4828.6,1,4828.8,1,4829.0,1,4829.6,1,4830.0,1,4830.2,6,4830.4,1,4830.6,2,4829.8
IC2408,,13:41:08.300#,4856.2,4874.4,4822.6,5327.8,4359.4,23342,59971,4827.8,1,4828.2,3,4828.4,1,4828.6,1,4829.0,2,4829.6,3,4830.0,1,4830.2,6,4830.4,1,4830.6,2,4829.8
IC2408,,13:41:08.800#,4856.2,4874.4,4822.6,5327.8,4359.4,23344,59970,4827.6,4,4827.8,1,4828.2,3,4828.4,1,4828.6,1,4828.8,2,4829.4,2,4829.6,3,4830.0,1,4830.2,6,4829.0
IC2408,,13:41:09.300#,4856.2,4874.4,4822.6,5327.8,4359.4,23344,59970,4827.4,3,4827.6,4,4827.8,1,4828.2,3,4828.6,1,4828.8,2,4829.4,1,4829.6,3,4830.0,1,4830.2,6,4829.0
IC2408,,13:41:09.800#,4856.2,4874.4,4822.6,5327.8,4359.4,23345,59971,4827.4,3,4827.6,4,4827.8,1,4828.2,3,4828.6,1,4829.4,1,4829.6,3,4830.0,1,4830.2,6,4830.4,1,4828.8
IC2408,,13:41:10.300#,4856.2,4874.4,4822.6,5327.8,4359.4,23346,59971,4827.0,1,4827.4,3,4827.6,4,4827.8,1,4828.2,3,4829.4,1,4829.6,3,4830.0,1,4830.2,6,4830.4,1,4828.6
IC2408,,13:41:10.800#,4856.2,4874.4,4822.6,5327.8,4359.4,23346,59971,4827.0,1,4827.4,3,4827.6,4,4827.8,1,4828.2,3,4829.2,1,4829.4,3,4829.6,3,4830.0,1,4830.2,6,4828.6
IC2408,,13:41:11.300#,4856.2,4874.4,4822.6,5327.8,4359.4,23346,59971,4827.0,1,4827.4,3,4827.6,4,4827.8,1,4828.2,3,4829.2,2,4829.4,3,4829.6,3,4830.0,1,4830.2,6,4828.6
IC2408,,13:41:11.800#,4856.2,4874.4,4822.6,5327.8,4359.4,23346,59971,4827.0,1,4827.4,3,4827.6,4,4827.8,1,4828.2,4,4829.2,2,4829.4,3,4829.6,3,4830.0,1,4830.2,6,4828.6
IC2408,,13:41:12.300#,4856.2,4874.4,4822.6,5327.8,4359.4,23347,59970,4827.0,1,4827.4,3,4827.6,4,4827.8,1,4828.2,4,4829.4,3,4829.6,3,4830.0,1,4830.2,6,4830.4,1,4829.2
IC2408,,13:41:12.800#,4856.2,4874.4,4822.6,5327.8,4359.4,23347,59970,4827.4,3,4827.6,4,4827.8,1,4828.2,4,4828.4,1,4829.4,3,4829.6,3,4830.0,1,4830.2,6,4830.4,1,4829.2
IC2408,,13:41:13.800#,4856.2,4874.4,4822.6,5327.8,4359.4,23347,59970,4827.4,3,4827.6,4,4827.8,1,4828.2,4,4828.4,1,4829.2,2,4829.4,3,4829.6,3,4830.0,1,4830.2,6,4829.2
IC2408,,13:41:14.300#,4856.2,4874.4,4822.6,5327.8,4359.4,23347,59970,4827.0,1,4827.4,3,4827.6,4,4827.8,1,4828.2,4,4828.4,1,4829.2,1,4829.4,3,4829.6,3,4830.0,1,4829.2
IC2408,,13:41:14.800#,4856.2,4874.4,4822.6,5327.8,4359.4,23348,59971,4827.0,1,4827.4,3,4827.6,4,4827.8,1,4828.2,4,4829.2,1,4829.4,3,4829.6,1,4830.0,1,4830.2,6,4828.4
IC2408,,13:41:15.300#,4856.2,4874.4,4822.6,5327.8,4359.4,23348,59971,4827.0,1,4827.4,3,4827.6,4,4827.8,1,4828.2,4,4829.0,2,4829.2,1,4829.4,2,4829.6,1,4830.0,1,4828.4
IC2408,,13:41:15.800#,4856.2,4874.4,4822.6,5327.8,4359.4,23349,59971,4827.0,1,4827.4,3,4827.6,4,4827.8,1,4828.2,4,4829.4,2,4829.6,1,4830.0,1,4830.2,6,4830.4,1,4829.2
IC2408,,13:41:16.300#,4856.2,4874.4,4822.6,5327.8,4359.4,23349,59971,4827.6,4,4827.8,1,4828.2,5,4828.4,1,4828.6,1,4829.4,1,4829.6,3,4830.0,1,4830.2,6,4830.4,1,4829.2
IC2408,,13:41:16.800#,4856.2,4874.4,4822.6,5327.8,4359.4,23349,59971,4827.6,4,4827.8,1,4828.2,5,4828.4,1,4829.2,1,4829.4,1,4829.6,3,4830.0,1,4830.2,6,4830.4,1,4829.2
IC2408,,13:41:17.300#,4856.2,4874.4,4822.6,5327.8,4359.4,23350,59972,4827.6,4,4827.8,1,4828.2,5,4828.4,1,4829.2,1,4829.6,3,4830.0,1,4830.2,6,4830.4,1,4830.6,2,4829.4
IC2408,,13:41:18.300#,4856.2,4874.4,4822.6,5327.8,4359.4,23351,59972,4827.6,4,4827.8,1,4828.2,5,4828.4,1,4829.2,1,4829.6,2,4830.0,1,4830.2,6,4830.4,1,4830.6,2,4829.6
IC2408,,13:41:19.300#,4856.2,4874.4,4822.6,5327.8,4359.4,23352,59973,4827.4,3,4827.6,4,4827.8,1,4828.2,5,4828.4,1,4829.6,2,4830.0,1,4830.2,6,4830.4,1,4830.6,2,4829.2
IC2408,,13:41:19.800#,4856.2,4874.4,4822.6,5327.8,4359.4,23353,59974,4827.6,4,4827.8,1,4828.2,5,4828.4,2,4828.6,2,4829.6,1,4830.0,1,4830.2,6,4830.4,1,4830.6,2,4829.6
IC2408,,13:41:20.300#,4856.2,4874.4,4822.6,5327.8,4359.4,23354,59974,4827.8,1,4828.2,4,4828.4,2,4828.6,3,4828.8,1,4830.0,1,4830.2,6,4830.4,1,4830.6,2,4830.8,1,4829.6
IC2408,,13:41:20.800#,4856.2,4874.4,4822.6,5327.8,4359.4,23354,59974,4827.8,1,4828.2,4,4828.4,2,4828.6,2,4828.8,1,4830.0,1,4830.2,8,4830.4,1,4830.6,2,4830.8,1,4829.6
IC2408,,13:41:21.300#,4856.2,4874.4,4822.6,5327.8,4359.4,23358,59973,4827.4,3,4827.6,4,4827.8,1,4828.2,4,4828.4,1,4830.0,1,4830.2,8,4830.4,1,4830.6,2,4830.8,1,4828.4
IC2408,,13:41:21.800#,4856.2,4874.4,4822.6,5327.8,4359.4,23358,59973,4827.4,3,4827.6,4,4827.8,1,4828.2,4,4828.4,1,4829.6,6,4829.8,2,4830.0,1,4830.2,8,4830.4,1,4828.4
IC2408,,13:41:22.300#,4856.2,4874.4,4822.6,5327.8,4359.4,23358,59973,4827.0,1,4827.4,3,4827.6,4,4827.8,1,4828.2,4,4829.4,3,4829.6,5,4829.8,1,4830.0,1,4830.2,8,4828.4
IC2408,,13:41:22.800#,4856.2,4874.4,4822.6,5327.8,4359.4,23358,59973,4827.4,3,4827.6,4,4827.8,1,4828.2,4,4828.4,1,4829.4,3,4829.6,4,4829.8,1,4830.0,1,4830.2,8,4828.4
IC2408,,13:41:23.300#,4856.2,4874.4,4822.6,5327.8,4359.4,23358,59973,4827.6,4,4827.8,1,4828.2,4,4828.4,2,4828.6,1,4829.4,3,4829.6,4,4829.8,1,4830.0,1,4830.2,8,4828.4
IC2408,,13:41:23.800#,4856.2,4874.4,4822.6,5327.8,4359.4,23358,59973,4827.4,3,4827.6,4,4827.8,1,4828.2,4,4828.4,2,4829.4,2,4829.6,4,4829.8,1,4830.0,1,4830.2,8,4828.4
IC2408,,13:41:24.300#,4856.2,4874.4,4822.6,5327.8,4359.4,23358,59973,4827.6,4,4827.8,1,4828.2,4,4828.4,1,4828.6,2,4829.4,2,4829.6,3,4829.8,1,4830.0,1,4830.2,8,4828.4
IC2408,,13:41:24.800#,4856.2,4874.4,4822.6,5327.8,4359.4,23358,59973,4827.6,4,4827.8,1,4828.2,4,4828.4,1,4828.6,3,4829.4,2,4829.6,3,4829.8,1,4830.0,1,4830.2,8,4828.4
IC2408,,13:41:25.300#,4856.2,4874.4,4822.6,5327.8,4359.4,23359,59973,4827.6,4,4827.8,1,4828.2,4,4828.4,1,4828.6,3,4829.4,1,4829.6,3,4829.8,1,4830.0,1,4830.2,8,4829.4
IC2408,,13:41:25.800#,4856.2,4874.4,4822.6,5327.8,4359.4,23359,59973,4827.8,1,4828.2,4,4828.4,1,4828.6,3,4828.8,2,4829.6,1,4829.8,1,4830.0,1,4830.2,8,4830.4,1,4829.4
IC2408,,13:41:26.300#,4856.2,4874.4,4822.6,5327.8,4359.4,23360,59974,4828.2,4,4828.4,1,4828.6,3,4828.8,2,4829.0,2,4830.0,1,4830.2,8,4830.4,1,4830.6,2,4830.8,1,4829.6
IC2408,,13:41:26.800#,4856.2,4874.4,4822.6,5327.8,4359.4,23360,59974,4828.4,1,4828.6,3,4828.8,2,4829.0,4,4829.2,1,4830.0,1,4830.2,8,4830.4,1,4830.6,2,4830.8,1,4829.6
IC2408,,13:41:27.300#,4856.2,4874.4,4822.6,5327.8,4359.4,23361,59974,4828.6,3,4828.8,2,4829.0,3,4829.2,4,4829.4,2,4830.2,8,4830.4,1,4830.6,2,4831.2,3,4831.4,1,4830.0
IC2408,,13:41:27.800#,4856.2,4874.4,4822.6,5327.8,4359.4,23363,59974,4828.6,3,4828.8,2,4829.0,3,4829.2,4,4829.4,3,4830.2,6,4830.4,1,4830.6,1,4831.2,3,4831.4,1,4830.2
IC2408,,13:41:28.300#,4856.2,4874.4,4822.6,5327.8,4359.4,23364,59974,4828.8,2,4829.0,3,4829.2,4,4829.4,2,4829.6,1,4830.2,6,4830.4,1,4830.6,1,4831.2,3,4831.4,1,4830.0
IC2408,,13:41:28.800#,4856.2,4874.4,4822.6,5327.8,4359.4,23364,59974,4828.6,3,4828.8,2,4829.0,3,4829.2,4,4829.4,2,4830.2,6,4830.4,1,4830.6,1,4831.2,3,4831.4,1,4830.0
IC2408,,13:41:29.300#,4856.2,4874.4,4822.6,5327.8,4359.4,23364,59974,4828.6,3,4828.8,2,4829.0,3,4829.2,4,4829.4,2,4830.0,1,4830.2,4,4830.4,1,4830.6,1,4830.8,1,4830.0
IC2408,,13:41:29.800#,4856.2,4874.4,4822.6,5327.8,4359.4,23365,59975,4828.4,1,4828.6,3,4828.8,2,4829.0,3,4829.2,1,4830.0,1,4830.2,4,4830.4,1,4830.6,1,4830.8,1,4829.4
IC2408,,13:41:30.300#,4856.2,4874.4,4822.6,5327.8,4359.4,23365,59975,4828.4,1,4828.6,3,4828.8,1,4829.0,1,4829.2,1,4829.8,1,4830.0,2,4830.2,4,4830.4,1,4830.6,1,4829.4
IC2408,,13:41:30.800#,4856.2,4874.4,4822.6,5327.8,4359.4,23365,59975,4828.4,1,4828.6,3,4828.8,1,4829.0,1,4829.2,1,4830.0,2,4830.2,4,4830.4,1,4830.6,1,4830.8,1,4829.4
IC2408,,13:41:31.300#,4856.2,4874.4,4822.6,5327.8,4359.4,23365,59975,4828.6,3,4828.8,1,4829.0,1,4829.2,1,4829.4,1,4830.0,2,4830.2,4,4830.4,1,4830.6,1,4830.8,1,4829.4
IC2408,,13:41:31.800#,4856.2,4874.4,4822.6,5327.8,4359.4,23365,59975,4828.4,1,4828.6,3,4828.8,1,4829.0,1,4829.4,1,4830.0,2,4830.2,4,4830.4,1,4830.6,1,4830.8,1,4829.4
IC2408,,13:41:32.800#,4856.2,4874.4,4822.6,5327.8,4359.4,23365,59975,4828.4,1,4828.6,3,4828.8,1,4829.0,1,4829.4,1,4829.8,1,4830.0,2,4830.2,4,4830.4,1,4830.6,1,4829.4
IC2408,,13:41:33.300#,4856.2,4874.4,4822.6,5327.8,4359.4,23365,59975,4828.4,1,4828.6,3,4828.8,1,4829.0,1,4829.4,1,4829.8,1,4830.0,1,4830.2,4,4830.4,1,4830.6,1,4829.4
IC2408,,13:41:33.800#,4856.2,4874.4,4822.6,5327.8,4359.4,23366,59975,4828.2,4,4828.4,1,4828.6,3,4828.8,1,4829.0,1,4829.4,1,4830.0,1,4830.2,4,4830.4,1,4830.6,1,4829.4
IC2408,,13:41:34.300#,4856.2,4874.4,4822.6,5327.8,4359.4,23367,59975,4827.8,1,4828.2,4,4828.4,1,4828.6,3,4828.8,1,4829.2,1,4829.4,1,4830.0,1,4830.2,4,4830.4,1,4829.0
IC2408,,13:41:34.800#,4856.2,4874.4,4822.6,5327.8,4359.4,23368,59975,4827.8,1,4828.2,4,4828.4,1,4828.6,3,4828.8,1,4829.4,1,4830.0,1,4830.2,4,4830.4,1,4830.6,1,4829.2
IC2408,,13:41:35.300#,4856.2,4874.4,4822.6,5327.8,4359.4,23369,59975,4827.6,4,4827.8,1,4828.2,4,4828.4,1,4828.6,3,4829.4,1,4830.0,1,4830.2,4,4830.4,1,4830.6,1,4828.8
IC2408,,13:41:35.800#,4856.2,4874.4,4822.6,5327.8,4359.4,23369,59975,4827.6,4,4827.8,1,4828.2,4,4828.4,1,4828.6,3,4829.2,1,4829.4,1,4830.0,1,4830.2,4,4830.4,1,4828.8
IC2408,,13:41:36.300#,4856.2,4874.4,4822.6,5327.8,4359.4,23369,59975,4827.6,4,4827.8,1,4828.2,4,4828.4,1,4828.6,1,4829.4,1,4830.0,1,4830.2,4,4830.4,1,4830.6,1,4828.8
IC2408,,13:41:37.800#,4856.2,4874.4,4822.6,5327.8,4359.4,23369,59975,4827.6,4,4827.8,1,4828.2,4,4828.4,1,4828.6,1,4829.2,1,4829.4,1,4830.0,1,4830.2,4,4830.4,1,4828.8
IC2408,,13:41:38.300#,4856.2,4874.4,4822.6,5327.8,4359.4,23369,59975,4827.6,4,4827.8,1,4828.2,4,4828.4,1,4828.6,1,4829.4,1,4830.0,1,4830.2,4,4830.4,1,4830.6,1,4828.8
IC2408,,13:41:40.300#,4856.2,4874.4,4822.6,5327.8,4359.4,23369,59975,4827.6,4,4827.8,1,4828.2,4,4828.4,1,4828.6,2,4829.4,1,4830.0,1,4830.2,4,4830.4,1,4830.6,1,4828.8
IC2408,,13:41:41.300#,4856.2,4874.4,4822.6,5327.8,4359.4,23369,59975,4827.8,1,4828.2,4,4828.4,1,4828.6,2,4829.0,1,4829.4,1,4830.0,1,4830.2,4,4830.4,1,4830.6,1,4828.8
IC2408,,13:41:41.800#,4856.2,4874.4,4822.6,5327.8,4359.4,23370,59975,4827.8,1,4828.2,4,4828.4,1,4828.6,2,4829.0,1,4830.0,1,4830.2,4,4830.4,1,4830.6,1,4830.8,1,4829.4
IC2408,,13:41:42.300#,4856.2,4874.4,4822.6,5327.8,4359.4,23370,59975,4827.8,1,4828.2,4,4828.4,1,4828.6,2,4829.0,1,4829.8,2,4830.0,2,4830.2,6,4830.4,1,4830.6,1,4829.4
IC2408,,13:41:42.800#,4856.2,4874.4,4822.6,5327.8,4359.4,23370,59975,4827.8,1,4828.2,4,4828.4,1,4828.6,2,4829.0,1,4829.8,3,4830.0,1,4830.2,6,4830.4,1,4830.6,1,4829.4
IC2408,,13:41:45.800#,4856.2,4874.4,4822.6,5327.8,4359.4,23371,59975,4827.8,1,4828.2,4,4828.4,1,4828.6,2,4829.0,1,4829.8,2,4830.0,1,4830.2,6,4830.4,1,4830.6,1,4829.8
IC2408,,13:41:46.300#,4856.2,4874.4,4822.6,5327.8,4359.4,23371,59975,4828.2,4,4828.4,1,4828.6,2,4829.0,1,4829.2,1,4829.8,2,4830.0,1,4830.2,6,4830.4,1,4830.6,1,4829.8
IC2408,,13:41:46.800#,4856.2,4874.4,4822.6,5327.8,4359.4,23371,59975,4827.8,1,4828.2,4,4828.4,1,4828.6,2,4829.0,1,4829.8,1,4830.0,1,4830.2,6,4830.4,1,4830.6,1,4829.8
IC2408,,13:41:51.300#,4856.2,4874.4,4822.6,5327.8,4359.4,23372,59976,4827.6,4,4827.8,1,4828.2,4,4828.4,1,4828.6,2,4829.8,1,4830.0,1,4830.2,6,4830.4,1,4830.6,1,4829.0
IC2408,,13:41:51.800#,4856.2,4874.4,4822.6,5327.8,4359.4,23372,59976,4827.8,1,4828.2,4,4828.4,1,4828.6,2,4828.8,1,4829.6,2,4829.8,2,4830.0,1,4830.2,6,4830.4,1,4829.0
IC2408,,13:41:52.300#,4856.2,4874.4,4822.6,5327.8,4359.4,23372,59976,4827.6,4,4827.8,1,4828.2,4,4828.4,1,4828.6,2,4829.4,1,4829.6,3,4829.8,1,4830.0,1,4830.2,6,4829.0
IC2408,,13:41:52.800#,4856.2,4874.4,4822.6,5327.8,4359.4,23372,59976,4827.6,4,4827.8,1,4828.2,4,4828.4,1,4828.6,1,4829.4,1,4829.6,3,4829.8,1,4830.0,1,4830.2,6,4829.0
IC2408,,13:41:55.300#,4856.2,4874.4,4822.6,5327.8,4359.4,23372,59976,4827.8,1,4828.2,4,4828.4,1,4828.6,1,4828.8,1,4829.4,1,4829.6,3,4829.8,1,4830.0,1,4830.2,6,4829.0
IC2408,,13:41:55.800#,4856.2,4874.4,4822.6,5327.8,4359.4,23373,59977,4827.6,5,4827.8,1,4828.2,4,4828.4,1,4828.6,1,4829.4,1,4829.6,3,4829.8,1,4830.0,1,4830.2,6,4828.8
IC2408,,13:41:56.300#,4856.2,4874.4,4822.6,5327.8,4359.4,23373,59977,4827.6,5,4827.8,1,4828.2,4,4828.4,1,4828.6,1,4829.2,1,4829.4,1,4829.6,3,4829.8,1,4830.0,1,4828.8
IC2408,,13:41:56.800#,4856.2,4874.4,4822.6,5327.8,4359.4,23374,59978,4827.6,5,4827.8,1,4828.2,4,4828.4,1,4828.6,1,4829.6,3,4829.8,1,4830.0,1,4830.2,6,4830.4,1,4829.4
IC2408,,13:41:57.800#,4856.2,4874.4,4822.6,5327.8,4359.4,23374,59978,4827.6,5,4827.8,1,4828.2,4,4828.4,1,4828.6,1,4829.6,2,4829.8,1,4830.0,1,4830.2,6,4830.4,1,4829.4
IC2408,,13:41:58.300#,4856.2,4874.4,4822.6,5327.8,4359.4,23374,59978,4827.8,1,4828.2,4,4828.4,1,4828.6,1,4828.8,1,4829.6,2,4829.8,1,4830.0,1,4830.2,6,4830.4,1,4829.4
IC2408,,13:41:58.800#,4856.2,4874.4,4822.6,5327.8,4359.4,23374,59978,4827.6,5,4827.8,1,4828.2,4,4828.4,1,4828.6,1,4829.6,1,4829.8,1,4830.0,1,4830.2,6,4830.4,1,4829.4
IC2408,,13:42:00.800#,4856.2,4874.4,4822.6,5327.8,4359.4,23374,59978,4827.6,5,4827.8,1,4828.2,4,4828.4,1,4828.6,1,4829.4,2,4829.6,1,4829.8,1,4830.0,1,4830.2,6,4829.4
IC2408,,13:42:01.300#,4856.2,4874.4,4822.6,5327.8,4359.4,23374,59978,4827.8,1,4828.2,4,4828.4,1,4828.6,1,4828.8,1,4829.4,2,4829.6,1,4829.8,1,4830.0,1,4830.2,6,4829.4
IC2408,,13:42:01.800#,4856.2,4874.4,4822.6,5327.8,4359.4,23374,59978,4827.8,1,4828.2,4,4828.4,1,4828.6,1,4828.8,1,4829.4,1,4829.6,1,4829.8,1,4830.0,1,4830.2,6,4829.4
IC2408,,13:42:02.800#,4856.2,4874.4,4822.6,5327.8,4359.4,23374,59978,4827.8,1,4828.2,4,4828.4,1,4828.6,1,4828.8,1,4829.6,1,4829.8,1,4830.0,1,4830.2,6,4830.4,1,4829.4
IC2408,,13:42:05.300#,4856.2,4874.4,4822.6,5327.8,4359.4,23374,59978,4827.8,1,4828.2,5,4828.4,1,4828.6,1,4828.8,1,4829.6,1,4829.8,1,4830.0,1,4830.2,6,4830.4,1,4829.4
IC2408,,13:42:05.800#,4856.2,4874.4,4822.6,5327.8,4359.4,23374,59978,4827.8,1,4828.2,5,4828.4,1,4828.6,1,4828.8,1,4829.8,1,4830.0,1,4830.2,6,4830.4,1,4830.6,1,4829.4
IC2408,,13:42:06.300#,4856.2,4874.4,4822.6,5327.8,4359.4,23376,59977,4827.6,5,4827.8,1,4828.2,5,4828.4,1,4828.6,1,4829.2,1,4829.8,1,4830.0,1,4830.2,6,4830.4,1,4828.8
IC2408,,13:42:07.800#,4856.2,4874.4,4822.6,5327.8,4359.4,23376,59977,4827.6,5,4827.8,1,4828.2,5,4828.4,1,4828.6,2,4829.2,1,4829.8,1,4830.0,1,4830.2,6,4830.4,1,4828.8
IC2408,,13:42:08.800#,4856.2,4874.4,4822.6,5327.8,4359.4,23377,59978,4827.6,5,4827.8,1,4828.2,5,4828.4,1,4828.6,1,4828.8,1,4829.2,1,4829.8,1,4830.0,1,4830.2,6,4828.6
IC2408,,13:42:09.300#,4856.2,4874.4,4822.6,5327.8,4359.4,23379,59978,4827.4,3,4827.6,5,4827.8,1,4828.2,5,4828.4,1,4829.2,1,4829.8,1,4830.0,1,4830.2,4,4830.4,1,4828.8
IC2408,,13:42:10.300#,4856.2,4874.4,4822.6,5327.8,4359.4,23381,59977,4827.0,1,4827.4,3,4827.6,5,4827.8,1,4828.2,4,4829.2,1,4829.8,1,4830.0,1,4830.2,4,4830.4,1,4828.2
IC2408,,13:42:10.800#,4856.2,4874.4,4822.6,5327.8,4359.4,23381,59977,4827.0,1,4827.4,3,4827.6,5,4827.8,1,4828.2,4,4828.8,1,4829.0,5,4829.2,4,4829.8,1,4830.0,1,4828.2
IC2408,,13:42:11.300#,4856.2,4874.4,4822.6,5327.8,4359.4,23381,59977,4827.0,1,4827.4,3,4827.6,5,4827.8,1,4828.2,4,4828.8,1,4829.0,4,4829.2,4,4829.8,1,4830.0,1,4828.2
IC2408,,13:42:11.800#,4856.2,4874.4,4822.6,5327.8,4359.4,23382,59977,4827.0,1,4827.4,3,4827.6,5,4827.8,1,4828.2,3,4829.0,2,4829.2,3,4829.8,1,4830.0,1,4830.2,4,4828.2
IC2408,,13:42:12.800#,4856.2,4874.4,4822.6,5327.8,4359.4,23382,59977,4827.0,1,4827.4,3,4827.6,5,4827.8,1,4828.2,3,4829.0,1,4829.2,3,4829.8,1,4830.0,1,4830.2,4,4828.2
IC2408,,13:42:13.300#,4856.2,4874.4,4822.6,5327.8,4359.4,23382,59977,4827.0,1,4827.4,3,4827.6,5,4827.8,1,4828.2,3,4829.2,3,4829.8,1,4830.0,1,4830.2,4,4830.4,1,4828.2
IC2408,,13:42:14.300#,4856.2,4874.4,4822.6,5327.8,4359.4,23384,59976,4827.4,3,4827.6,5,4827.8,1,4828.2,2,4828.4,2,4829.2,3,4829.8,1,4830.0,1,4830.2,4,4830.4,1,4828.2
IC2408,,13:42:14.800#,4856.2,4874.4,4822.6,5327.8,4359.4,23384,59976,4827.4,3,4827.6,5,4827.8,1,4828.2,2,4828.6,2,4829.8,1,4830.0,1,4830.2,4,4830.4,1,4830.6,1,4828.2
IC2408,,13:42:15.300#,4856.2,4874.4,4822.6,5327.8,4359.4,23384,59976,4827.4,3,4827.6,5,4827.8,1,4828.2,2,4828.6,2,4829.6,1,4829.8,2,4830.0,1,4830.2,4,4830.4,1,4828.2
IC2408,,13:42:15.800#,4856.2,4874.4,4822.6,5327.8,4359.4,23384,59976,4827.6,5,4827.8,1,4828.2,2,4828.6,2,4828.8,1,4829.6,2,4829.8,1,4830.0,1,4830.2,4,4830.4,1,4828.2
IC2408,,13:42:16.300#,4856.2,4874.4,4822.6,5327.8,4359.4,23384,59976,4827.6,5,4827.8,1,4828.2,2,4828.6,2,4829.0,2,4829.4,2,4829.6,2,4829.8,1,4830.0,1,4830.2,4,4828.2
IC2408,,13:42:16.800#,4856.2,4874.4,4822.6,5327.8,4359.4,23384,59976,4827.6,5,4827.8,1,4828.2,2,4828.6,2,4829.0,2,4829.4,1,4829.6,2,4829.8,1,4830.0,1,4830.2,4,4828.2
IC2408,,13:42:17.300#,4856.2,4874.4,4822.6,5327.8,4359.4,23384,59976,4827.4,3,4827.6,5,4827.8,1,4828.2,2,4828.6,2,4829.6,2,4829.8,1,4830.0,1,4830.2,4,4830.4,1,4828.2
IC2408,,13:42:18.300#,4856.2,4874.4,4822.6,5327.8,4359.4,23384,59976,4827.4,3,4827.6,5,4827.8,1,4828.2,2,4828.6,2,4829.4,2,4829.6,2,4829.8,1,4830.0,1,4830.2,4,4828.2
IC2408,,13:42:22.800#,4856.2,4874.4,4822.6,5327.8,4359.4,23384,59976,4827.6,5,4827.8,1,4828.2,2,4828.6,2,4828.8,1,4829.4,2,4829.6,2,4829.8,1,4830.0,1,4830.2,4,4828.2
IC2408,,13:42:23.800#,4856.2,4874.4,4822.6,5327.8,4359.4,23384,59976,4827.6,5,4827.8,1,4828.2,2,4828.6,2,4828.8,1,4829.4,1,4829.6,2,4829.8,1,4830.0,1,4830.2,4,4828.2
IC2408,,13:42:24.800#,4856.2,4874.4,4822.6,5327.8,4359.4,23384,59976,4827.6,5,4827.8,1,4828.2,2,4828.6,2,4828.8,2,4829.4,1,4829.6,2,4829.8,1,4830.0,1,4830.2,4,4828.2
IC2408,,13:42:25.300#,4856.2,4874.4,4822.6,5327.8,4359.4,23384,59976,4827.6,5,4827.8,1,4828.2,2,4828.6,2,4828.8,2,4829.6,2,4829.8,1,4830.0,1,4830.2,4,4830.4,1,4828.2
IC2408,,13:42:26.800#,4856.2,4874.4,4822.6,5327.8,4359.4,23384,59976,4827.6,5,4827.8,1,4828.2,2,4828.6,2,4828.8,2,4829.0,1,4829.4,3,4829.6,2,4829.8,1,4830.0,1,4828.2
IC2408,,13:42:27.300#,4856.2,4874.4,4822.6,5327.8,4359.4,23384,59976,4827.6,5,4827.8,1,4828.2,2,4828.6,2,4828.8,2,4829.0,1,4829.4,2,4829.6,2,4829.8,1,4830.0,1,4828.2
IC2408,,13:42:27.800#,4856.2,4874.4,4822.6,5327.8,4359.4,23385,59976,4827.6,5,4827.8,1,4828.2,2,4828.6,2,4828.8,1,4829.0,1,4829.4,2,4829.6,2,4829.8,1,4830.0,1,4828.2
IC2408,,13:42:28.300#,4856.2,4874.4,4822.6,5327.8,4359.4,23386,59976,4827.0,1,4827.4,3,4827.6,5,4827.8,1,4828.2,2,4829.0,1,4829.4,2,4829.6,2,4829.8,1,4830.0,1,4828.8
IC2408,,13:42:29.800#,4856.2,4874.4,4822.6,5327.8,4359.4,23386,59976,4827.0,1,4827.4,3,4827.6,5,4827.8,1,4828.2,2,4828.8,1,4829.0,1,4829.4,1,4829.6,2,4829.8,1,4828.8
IC2408,,13:42:30.300#,4856.2,4874.4,4822.6,5327.8,4359.4,23387,59977,4827.0,1,4827.4,3,4827.6,5,4827.8,1,4828.2,3,4829.0,1,4829.4,1,4829.6,2,4829.8,1,4830.0,1,4828.8
IC2408,,13:42:30.800#,4856.2,4874.4,4822.6,5327.8,4359.4,23388,59977,4827.4,3,4827.6,5,4827.8,1,4828.2,3,4828.4,2,4829.4,1,4829.6,2,4829.8,1,4830.0,1,4830.2,4,4829.0
IC2408,,13:42:31.300#,4856.2,4874.4,4822.6,5327.8,4359.4,23389,59978,4827.6,5,4827.8,1,4828.2,3,4828.4,2,4828.6,3,4829.6,2,4829.8,1,4830.0,1,4830.2,4,4830.4,1,4829.4
IC2408,,13:42:31.800#,4856.2,4874.4,4822.6,5327.8,4359.4,23389,59978,4827.8,1,4828.2,3,4828.4,2,4828.6,5,4828.8,6,4829.6,1,4829.8,1,4830.2,4,4830.4,1,4830.6,1,4829.4
IC2408,,13:42:32.300#,4856.2,4874.4,4822.6,5327.8,4359.4,23390,59978,4828.2,2,4828.4,2,4828.6,4,4828.8,7,4829.0,3,4830.2,4,4830.4,1,4830.6,1,4830.8,1,4831.6,1,4829.6
IC2408,,13:42:32.800#,4856.2,4874.4,4822.6,5327.8,4359.4,23390,59978,4828.4,2,4828.6,4,4828.8,7,4829.0,4,4829.2,2,4830.2,4,4830.4,1,4830.6,1,4830.8,1,4831.6,1,4829.6
IC2408,,13:42:33.300#,4856.2,4874.4,4822.6,5327.8,4359.4,23390,59978,4828.6,3,4828.8,7,4829.0,2,4829.2,2,4829.4,1,4830.2,4,4830.4,1,4830.6,1,4830.8,1,4831.6,1,4829.6
IC2408,,13:42:34.300#,4856.2,4874.4,4822.6,5327.8,4359.4,23390,59978,4828.6,3,4828.8,6,4829.0,2,4829.2,2,4829.4,2,4830.2,4,4830.4,1,4830.6,1,4830.8,1,4831.6,1,4829.6
IC2408,,13:42:36.300#,4856.2,4874.4,4822.6,5327.8,4359.4,23390,59978,4828.6,3,4828.8,6,4829.0,2,4829.2,2,4829.4,2,4830.0,1,4830.2,4,4830.4,1,4830.6,1,4830.8,1,4829.6
IC2408,,13:42:36.800#,4856.2,4874.4,4822.6,5327.8,4359.4,23390,59978,4828.6,3,4828.8,6,4829.0,2,4829.2,1,4829.4,2,4830.0,1,4830.2,4,4830.4,1,4830.6,1,4830.8,1,4829.6
IC2408,,13:42:37.300#,4856.2,4874.4,4822.6,5327.8,4359.4,23390,59978,4828.6,3,4828.8,6,4829.0,2,4829.2,1,4829.4,2,4829.8,1,4830.0,1,4830.2,4,4830.4,1,4830.6,1,4829.6
IC2408,,13:42:37.800#,4856.2,4874.4,4822.6,5327.8,4359.4,23390,59978,4828.6,3,4828.8,6,4829.0,2,4829.2,1,4829.4,2,4830.0,1,4830.2,4,4830.4,1,4830.6,1,4830.8,1,4829.6
IC2408,,13:42:38.800#,4856.2,4874.4,4822.6,5327.8,4359.4,23390,59978,4828.6,3,4828.8,6,4829.0,2,4829.2,1,4829.4,2,4830.2,4,4830.4,1,4830.6,1,4830.8,1,4831.6,1,4829.6
IC2408,,13:42:39.300#,4856.2,4874.4,4822.6,5327.8,4359.4,23391,59978,4828.6,3,4828.8,6,4829.0,2,4829.2,1,4829.4,1,4830.2,4,4830.4,1,4830.6,1,4830.8,1,4831.6,1,4829.4
IC2408,,13:42:39.800#,4856.2,4874.4,4822.6,5327.8,4359.4,23391,59978,4828.6,3,4828.8,6,4829.0,2,4829.2,1,4829.4,1,4830.0,1,4830.2,4,4830.4,1,4830.6,1,4830.8,1,4829.4
IC2408,,13:42:40.300#,4856.2,4874.4,4822.6,5327.8,4359.4,23392,59978,4828.4,2,4828.6,3,4828.8,6,4829.0,2,4829.2,1,4830.2,4,4830.4,1,4830.6,1,4830.8,1,4831.6,1,4830.0
IC2408,,13:42:40.800#,4856.2,4874.4,4822.6,5327.8,4359.4,23392,59978,4828.6,3,4828.8,6,4829.0,2,4829.2,1,4829.4,2,4830.2,4,4830.4,1,4830.6,1,4830.8,1,4831.6,1,4830.0
IC2408,,13:42:41.300#,4856.2,4874.4,4822.6,5327.8,4359.4,23392,59978,4828.6,3,4828.8,6,4829.0,2,4829.2,1,4829.4,1,4830.2,4,4830.4,1,4830.6,1,4830.8,1,4831.6,1,4830.0
IC2408,,13:42:41.800#,4856.2,4874.4,4822.6,5327.8,4359.4,23392,59978,4828.4,2,4828.6,3,4828.8,6,4829.0,2,4829.2,1,4830.0,1,4830.2,4,4830.4,1,4830.6,1,4830.8,1,4830.0
IC2408,,13:42:42.800#,4856.2,4874.4,4822.6,5327.8,4359.4,23392,59978,4828.4,2,4828.6,3,4828.8,6,4829.0,2,4829.2,1,4830.0,1,4830.2,4,4830.4,1,4830.6,2,4830.8,1,4830.0
IC2408,,13:42:43.300#,4856.2,4874.4,4822.6,5327.8,4359.4,23392,59978,4828.2,2,4828.4,2,4828.6,3,4828.8,6,4829.0,2,4830.0,1,4830.2,4,4830.4,1,4830.6,2,4830.8,1,4830.0
IC2408,,13:42:43.800#,4856.2,4874.4,4822.6,5327.8,4359.4,23392,59978,4828.4,2,4828.6,3,4828.8,6,4829.0,2,4829.2,1,4829.8,1,4830.0,1,4830.2,4,4830.4,1,4830.6,2,4830.0
IC2408,,13:42:44.300#,4856.2,4874.4,4822.6,5327.8,4359.4,23392,59978,4828.2,2,4828.4,2,4828.6,3,4828.8,6,4829.0,2,4829.4,1,4829.8,1,4830.0,1,4830.2,4,4830.4,1,4830.0
IC2408,,13:42:44.800#,4856.2,4874.4,4822.6,5327.8,4359.4,23393,59978,4828.2,2,4828.4,2,4828.6,3,4828.8,6,4829.0,2,4829.8,1,4830.0,1,4830.2,4,4830.4,1,4830.6,2,4829.4
IC2408,,13:42:45.300#,4856.2,4874.4,4822.6,5327.8,4359.4,23393,59978,4828.4,2,4828.6,3,4828.8,6,4829.0,2,4829.4,1,4829.8,1,4830.0,1,4830.2,4,4830.4,1,4830.6,2,4829.4
IC2408,,13:42:45.800#,4856.2,4874.4,4822.6,5327.8,4359.4,23394,59978,4828.2,2,4828.4,2,4828.6,3,4828.8,6,4829.0,2,4829.8,1,4830.0,1,4830.2,4,4830.4,1,4830.6,2,4829.4
IC2408,,13:42:46.300#,4856.2,4874.4,4822.6,5327.8,4359.4,23394,59978,4828.4,2,4828.6,3,4828.8,6,4829.0,2,4829.2,1,4829.8,1,4830.0,1,4830.2,4,4830.4,1,4830.6,2,4829.4
IC2408,,13:42:46.800#,4856.2,4874.4,4822.6,5327.8,4359.4,23394,59978,4828.2,2,4828.4,2,4828.6,3,4828.8,6,4829.2,1,4829.8,1,4830.0,1,4830.2,4,4830.4,1,4830.6,2,4829.4
IC2408,,13:42:47.300#,4856.2,4874.4,4822.6,5327.8,4359.4,23394,59978,4827.8,1,4828.2,2,4828.4,2,4828.6,3,4828.8,6,4829.8,1,4830.0,1,4830.2,4,4830.4,1,4830.6,2,4829.4
IC2408,,13:42:47.800#,4856.2,4874.4,4822.6,5327.8,4359.4,23394,59978,4828.2,2,4828.4,2,4828.6,3,4828.8,6,4829.0,2,4829.8,1,4830.0,1,4830.2,4,4830.4,1,4830.6,2,4829.4
IC2408,,13:42:48.800#,4856.2,4874.4,4822.6,5327.8,4359.4,23394,59978,4828.2,2,4828.4,2,4828.6,3,4828.8,6,4829.0,2,4830.0,1,4830.2,4,4830.4,1,4830.6,2,4830.8,1,4829.4
IC2408,,13:42:49.300#,4856.2,4874.4,4822.6,5327.8,4359.4,23394,59978,4828.4,2,4828.6,3,4828.8,6,4829.0,2,4829.2,1,4830.0,1,4830.2,4,4830.4,1,4830.6,2,4830.8,1,4829.4
IC2408,,13:42:49.800#,4856.2,4874.4,4822.6,5327.8,4359.4,23394,59978,4828.2,2,4828.4,2,4828.6,3,4828.8,6,4829.0,2,4830.0,1,4830.2,4,4830.4,1,4830.6,2,4830.8,1,4829.4
IC2408,,13:42:51.800#,4856.2,4874.4,4822.6,5327.8,4359.4,23394,59978,4828.4,2,4828.6,3,4828.8,6,4829.0,2,4829.2,1,4830.0,1,4830.2,4,4830.4,1,4830.6,2,4830.8,1,4829.4
IC2408,,13:42:52.300#,4856.2,4874.4,4822.6,5327.8,4359.4,23394,59978,4828.4,2,4828.6,3,4828.8,6,4829.0,2,4829.2,1,4830.0,2,4830.2,4,4830.4,1,4830.6,2,4830.8,1,4829.4
IC2408,,13:42:53.300#,4856.2,4874.4,4822.6,5327.8,4359.4,23395,59978,4828.4,2,4828.6,3,4828.8,6,4829.0,2,4829.2,1,4830.0,1,4830.2,4,4830.4,1,4830.6,2,4830.8,1,4830.0
IC2408,,13:42:56.300#,4856.2,4874.4,4822.6,5327.8,4359.4,23395,59978,4828.4,2,4828.6,3,4828.8,6,4829.0,2,4829.2,2,4830.0,1,4830.2,4,4830.4,1,4830.6,2,4830.8,1,4830.0
IC2408,,13:42:56.800#,4856.2,4874.4,4822.6,5327.8,4359.4,23395,59978,4828.6,3,4828.8,7,4829.0,2,4829.2,2,4829.4,1,4830.0,1,4830.2,4,4830.4,1,4830.6,2,4830.8,1,4830.0
IC2408,,13:42:57.300#,4856.2,4874.4,4822.6,5327.8,4359.4,23395,59978,4828.6,3,4828.8,6,4829.0,2,4829.2,2,4829.4,1,4830.0,1,4830.2,4,4830.4,1,4830.6,2,4830.8,1,4830.0
IC2408,,13:42:57.800#,4856.2,4874.4,4822.6,5327.8,4359.4,23395,59978,4828.4,2,4828.6,3,4828.8,6,4829.0,2,4829.2,1,4830.0,1,4830.2,4,4830.4,1,4830.6,3,4830.8,1,4830.0
IC2408,,13:42:58.300#,4856.2,4874.4,4822.6,5327.8,4359.4,23395,59978,4828.4,2,4828.6,3,4828.8,6,4829.0,2,4829.2,1,4829.8,1,4830.0,1,4830.2,4,4830.4,1,4830.6,3,4830.0
IC2408,,13:42:58.800#,4856.2,4874.4,4822.6,5327.8,4359.4,23395,59978,4828.4,2,4828.6,3,4828.8,6,4829.0,2,4829.2,1,4829.8,2,4830.0,1,4830.2,4,4830.4,1,4830.6,3,4830.0
IC2408,,13:42:59.300#,4856.2,4874.4,4822.6,5327.8,4359.4,23395,59978,4828.4,2,4828.6,3,4828.8,6,4829.0,2,4829.2,1,4829.8,1,4830.0,1,4830.2,4,4830.4,1,4830.6,3,4830.0
IC2408,,13:43:01.300#,4856.2,4874.4,4822.6,5327.8,4359.4,23395,59978,4828.4,2,4828.6,3,4828.8,6,4829.0,2,4829.2,1,4829.6,1,4829.8,1,4830.0,1,4830.2,4,4830.4,1,4830.0
IC2408,,13:43:01.800#,4856.2,4874.4,4822.6,5327.8,4359.4,23395,59978,4828.6,3,4828.8,6,4829.0,2,4829.2,1,4829.4,1,4829.6,2,4829.8,1,4830.0,1,4830.2,4,4830.4,1,4830.0
IC2408,,13:43:02.800#,4856.2,4874.4,4822.6,5327.8,4359.4,23395,59978,4828.6,3,4828.8,6,4829.0,2,4829.2,1,4829.4,1,4829.6,2,4829.8,2,4830.0,1,4830.2,4,4830.4,1,4830.0
IC2408,,13:43:04.300#,4856.2,4874.4,4822.6,5327.8,4359.4,23397,59978,4828.6,3,4828.8,6,4829.0,2,4829.2,1,4829.4,1,4829.8,2,4830.0,1,4830.2,4,4830.4,1,4830.6,3,4829.8
IC2408,,13:43:04.800#,4856.2,4874.4,4822.6,5327.8,4359.4,23397,59978,4828.6,3,4828.8,6,4829.0,2,4829.2,1,4829.4,2,4829.6,1,4829.8,2,4830.0,1,4830.2,4,4830.4,1,4829.8
IC2408,,13:43:05.300#,4856.2,4874.4,4822.6,5327.8,4359.4,23398,59977,4828.6,3,4828.8,6,4829.0,2,4829.2,1,4829.4,2,4829.6,1,4829.8,2,4830.0,1,4830.2,4,4830.4,1,4829.4
IC2408,,13:43:05.800#,4856.2,4874.4,4822.6,5327.8,4359.4,23400,59976,4828.4,2,4828.6,3,4828.8,6,4829.2,1,4829.4,1,4829.8,2,4830.0,1,4830.2,4,4830.4,1,4830.6,3,4829.4
IC2408,,13:43:07.800#,4856.2,4874.4,4822.6,5327.8,4359.4,23401,59976,4828.2,2,4828.4,2,4828.6,3,4828.8,6,4829.2,1,4829.8,2,4830.0,1,4830.2,4,4830.4,1,4830.6,3,4829.4
IC2408,,13:43:10.300#,4856.2,4874.4,4822.6,5327.8,4359.4,23402,59976,4828.2,2,4828.4,2,4828.6,3,4828.8,6,4829.2,1,4829.8,1,4830.0,1,4830.2,4,4830.4,1,4830.6,3,4829.8
IC2408,,13:43:13.300#,4856.2,4874.4,4822.6,5327.8,4359.4,23402,59976,4828.2,2,4828.4,2,4828.6,3,4828.8,4,4829.2,1,4829.6,2,4829.8,1,4830.0,1,4830.2,4,4830.4,1,4829.8
IC2408,,13:43:13.800#,4856.2,4874.4,4822.6,5327.8,4359.4,23402,59976,4828.2,2,4828.4,2,4828.6,3,4828.8,4,4829.2,1,4829.6,2,4829.8,1,4830.2,4,4830.4,1,4830.6,3,4829.8
IC2408,,13:43:17.300#,4856.2,4874.4,4822.6,5327.8,4359.4,23404,59978,4827.4,3,4827.6,5,4827.8,1,4828.0,1,4828.2,2,4829.0,3,4829.2,3,4829.4,2,4829.6,1,4829.8,1,4828.8
IC2408,,13:43:17.800#,4856.2,4874.4,4822.6,5327.8,4359.4,23404,59978,4827.4,3,4827.6,5,4827.8,1,4828.0,1,4828.2,2,4829.0,1,4829.2,3,4829.4,2,4829.6,1,4829.8,1,4828.8
IC2408,,13:43:18.800#,4856.2,4874.4,4822.6,5327.8,4359.4,23405,59978,4827.4,3,4827.6,5,4827.8,1,4828.0,1,4828.2,1,4829.0,3,4829.2,3,4829.4,2,4829.6,1,4829.8,1,4828.2
IC2408,,13:43:20.300#,4856.2,4874.4,4822.6,5327.8,4359.4,23406,59978,4827.0,1,4827.4,3,4827.6,5,4827.8,1,4828.0,1,4829.0,3,4829.2,3,4829.4,2,4829.6,1,4829.8,1,4828.2
IC2408,,13:43:22.300#,4856.2,4874.4,4822.6,5327.8,4359.4,23407,59978,4827.0,1,4827.4,3,4827.6,5,4827.8,1,4828.0,1,4828.8,1,4829.0,2,4829.2,3,4829.4,2,4829.6,1,4829.0
IC2408,,13:43:23.300#,4856.2,4874.4,4822.6,5327.8,4359.4,23408,59979,4827.0,1,4827.4,3,4827.6,5,4827.8,1,4828.0,1,4829.0,2,4829.2,3,4829.4,2,4829.6,1,4829.8,1,4828.0
IC2408,,13:43:25.300#,4856.2,4874.4,4822.6,5327.8,4359.4,23411,59979,4827.6,5,4827.8,1,4828.0,1,4828.2,2,4828.4,1,4829.4,2,4829.6,1,4829.8,1,4830.2,4,4830.4,1,4829.2
IC2408,,13:43:26.300#,4856.2,4874.4,4822.6,5327.8,4359.4,23411,59979,4828.2,2,4828.4,2,4828.6,2,4828.8,1,4829.0,1,4829.8,1,4830.2,4,4830.4,1,4830.6,3,4830.8,1,4829.2
IC2408,,13:43:26.800#,4856.2,4874.4,4822.6,5327.8,4359.4,23411,59979,4828.2,2,4828.4,2,4828.6,2,4828.8,1,4829.0,1,4829.8,2,4830.2,4,4830.4,1,4830.6,2,4830.8,1,4829.2
IC2408,,13:43:27.300#,4856.2,4874.4,4822.6,5327.8,4359.4,23411,59979,4827.6,5,4827.8,1,4828.2,2,4828.4,2,4828.6,2,4829.8,2,4830.2,4,4830.4,1,4830.6,2,4830.8,1,4829.2
IC2408,,13:43:28.300#,4856.2,4874.4,4822.6,5327.8,4359.4,23411,59979,4827.6,5,4827.8,1,4828.2,2,4828.4,2,4828.6,2,4829.6,1,4829.8,2,4830.0,3,4830.2,4,4830.4,1,4829.2
IC2408,,13:43:29.300#,4856.2,4874.4,4822.6,5327.8,4359.4,23411,59979,4827.6,5,4827.8,1,4828.2,2,4828.4,1,4828.6,2,4829.4,1,4829.6,1,4829.8,2,4830.0,3,4830.2,4,4829.2
IC2408,,13:43:30.300#,4856.2,4874.4,4822.6,5327.8,4359.4,23412,59980,4827.6,5,4827.8,1,4828.2,2,4828.4,1,4828.8,1,4829.4,1,4829.6,1,4829.8,2,4830.0,3,4830.2,4,4828.6
IC2408,,13:43:30.800#,4856.2,4874.4,4822.6,5327.8,4359.4,23412,59980,4827.6,5,4827.8,1,4828.2,2,4828.4,1,4828.8,1,4829.6,1,4829.8,2,4830.0,3,4830.2,4,4830.4,1,4828.6
IC2408,,13:43:31.800#,4856.2,4874.4,4822.6,5327.8,4359.4,23412,59980,4827.8,1,4828.2,2,4828.4,1,4828.8,1,4829.0,2,4829.8,2,4830.0,3,4830.2,4,4830.4,1,4830.6,2,4828.6
IC2408,,13:43:32.800#,4856.2,4874.4,4822.6,5327.8,4359.4,23413,59979,4827.8,1,4828.2,2,4828.4,1,4828.8,1,4829.0,1,4829.8,2,4830.0,3,4830.2,4,4830.4,1,4830.6,2,4829.0
IC2408,,13:43:33.800#,4856.2,4874.4,4822.6,5327.8,4359.4,23413,59979,4827.8,1,4828.2,2,4828.4,1,4828.8,1,4829.0,1,4829.6,1,4829.8,2,4830.0,3,4830.2,4,4830.4,1,4829.0
IC2408,,13:43:34.300#,4856.2,4874.4,4822.6,5327.8,4359.4,23414,59979,4827.6,5,4827.8,1,4828.2,2,4828.4,2,4828.8,1,4829.6,1,4829.8,2,4830.0,3,4830.2,4,4830.4,1,4829.0
IC2408,,13:43:34.800#,4856.2,4874.4,4822.6,5327.8,4359.4,23415,59979,4827.6,5,4827.8,1,4828.2,2,4828.4,1,4828.8,1,4829.6,1,4829.8,2,4830.0,3,4830.2,4,4830.4,1,4829.0
IC2408,,13:43:35.300#,4856.2,4874.4,4822.6,5327.8,4359.4,23415,59979,4827.4,3,4827.6,5,4827.8,1,4828.2,2,4828.4,1,4829.6,1,4829.8,2,4830.0,3,4830.2,4,4830.4,1,4829.0
IC2408,,13:43:35.800#,4856.2,4874.4,4822.6,5327.8,4359.4,23415,59979,4827.6,5,4827.8,1,4828.2,2,4828.4,4,4828.6,1,4829.6,1,4829.8,2,4830.2,4,4830.4,1,4830.6,2,4829.0
IC2408,,13:43:36.300#,4856.2,4874.4,4822.6,5327.8,4359.4,23415,59979,4827.8,1,4828.2,2,4828.4,4,4828.6,2,4828.8,2,4829.8,2,4830.2,4,4830.4,1,4830.6,2,4830.8,1,4829.0
IC2408,,13:43:36.800#,4856.2,4874.4,4822.6,5327.8,4359.4,23415,59979,4828.2,2,4828.4,4,4828.6,2,4828.8,1,4829.0,1,4829.8,3,4830.2,4,4830.4,1,4830.6,2,4830.8,1,4829.0
IC2408,,13:43:40.800#,4856.2,4874.4,4822.6,5327.8,4359.4,23415,59979,4828.2,2,4828.4,4,4828.6,2,4828.8,1,4829.6,1,4829.8,3,4830.2,4,4830.4,1,4830.6,2,4830.8,1,4829.0
IC2408,,13:43:41.300#,4856.2,4874.4,4822.6,5327.8,4359.4,23418,59979,4827.8,1,4828.0,1,4828.2,2,4828.4,4,4828.6,2,4829.8,3,4830.2,4,4830.4,1,4830.6,2,4830.8,1,4829.4
IC2408,,13:43:42.300#,4856.2,4874.4,4822.6,5327.8,4359.4,23418,59979,4827.8,1,4828.0,1,4828.2,2,4828.4,4,4828.6,1,4829.4,2,4829.6,3,4829.8,3,4830.2,4,4830.4,1,4829.4
IC2408,,13:43:42.800#,4856.2,4874.4,4822.6,5327.8,4359.4,23418,59979,4827.8,1,4828.0,1,4828.2,2,4828.4,4,4828.6,1,4829.2,3,4829.4,2,4829.6,3,4829.8,3,4830.2,4,4829.4
IC2408,,13:43:43.300#,4856.2,4874.4,4822.6,5327.8,4359.4,23418,59979,4827.8,1,4828.0,1,4828.2,2,4828.4,1,4828.6,1,4829.0,1,4829.2,3,4829.4,2,4829.6,3,4829.8,3,4829.4
IC2408,,13:43:43.800#,4856.2,4874.4,4822.6,5327.8,4359.4,23418,59979,4827.8,1,4828.0,1,4828.2,2,4828.4,1,4828.6,1,4829.0,1,4829.2,4,4829.4,2,4829.6,3,4829.8,2,4829.4
IC2408,,13:43:44.300#,4856.2,4874.4,4822.6,5327.8,4359.4,23418,59979,4827.8,1,4828.0,1,4828.2,2,4828.4,1,4828.6,1,4828.8,1,4829.0,1,4829.2,4,4829.4,2,4829.6,3,4829.4
IC2408,,13:43:44.800#,4856.2,4874.4,4822.6,5327.8,4359.4,23418,59979,4827.8,1,4828.0,1,4828.2,2,4828.4,1,4828.6,1,4828.8,1,4829.2,4,4829.4,1,4829.6,3,4829.8,2,4829.4
IC2408,,13:43:45.300#,4856.2,4874.4,4822.6,5327.8,4359.4,23420,59980,4827.8,1,4828.0,1,4828.2,2,4828.4,1,4828.6,1,4829.2,1,4829.4,1,4829.6,3,4829.8,2,4830.2,4,4829.2
IC2408,,13:43:46.800#,4856.2,4874.4,4822.6,5327.8,4359.4,23422,59979,4827.6,5,4827.8,1,4828.0,1,4828.2,2,4828.4,2,4829.4,1,4829.6,3,4829.8,2,4830.2,4,4830.4,1,4828.6
IC2408,,13:43:47.300#,4856.2,4874.4,4822.6,5327.8,4359.4,23422,59979,4827.8,1,4828.0,1,4828.2,2,4828.4,2,4828.6,2,4829.4,1,4829.6,3,4829.8,2,4830.2,4,4830.4,1,4828.6
IC2408,,13:43:47.800#,4856.2,4874.4,4822.6,5327.8,4359.4,23422,59979,4827.8,1,4828.0,1,4828.2,2,4828.4,2,4828.6,2,4829.6,3,4829.8,2,4830.2,4,4830.4,1,4830.6,2,4828.6
IC2408,,13:43:48.300#,4856.2,4874.4,4822.6,5327.8,4359.4,23422,59979,4828.0,1,4828.2,2,4828.4,2,4828.6,2,4828.8,2,4829.6,3,4829.8,2,4830.2,4,4830.4,1,4830.6,2,4828.6
IC2408,,13:43:48.800#,4856.2,4874.4,4822.6,5327.8,4359.4,23422,59979,4828.0,1,4828.2,2,4828.4,2,4828.6,2,4828.8,2,4829.6,2,4829.8,2,4830.2,4,4830.4,1,4830.6,2,4828.6
IC2408,,13:43:49.300#,4856.2,4874.4,4822.6,5327.8,4359.4,23422,59979,4828.0,1,4828.2,2,4828.4,2,4828.6,2,4828.8,2,4829.8,2,4830.2,4,4830.4,1,4830.6,2,4830.8,1,4828.6
IC2408,,13:43:50.300#,4856.2,4874.4,4822.6,5327.8,4359.4,23422,59979,4828.0,1,4828.2,2,4828.4,2,4828.6,4,4828.8,2,4829.8,2,4830.2,4,4830.4,1,4830.6,2,4830.8,1,4828.6
IC2408,,13:43:50.800#,4856.2,4874.4,4822.6,5327.8,4359.4,23422,59979,4828.0,1,4828.2,2,4828.4,2,4828.6,4,4828.8,2,4829.6,1,4829.8,2,4830.2,4,4830.4,1,4830.6,2,4828.6
IC2408,,13:43:51.300#,4856.2,4874.4,4822.6,5327.8,4359.4,23422,59979,4828.2,2,4828.4,2,4828.6,3,4828.8,2,4829.4,1,4829.6,1,4829.8,2,4830.2,4,4830.4,1,4830.6,2,4828.6
IC2408,,13:43:52.800#,4856.2,4874.4,4822.6,5327.8,4359.4,23422,59979,4828.0,1,4828.2,2,4828.4,2,4828.6,3,4828.8,2,4829.6,1,4829.8,2,4830.2,4,4830.4,1,4830.6,2,4828.6
IC2408,,13:43:53.300#,4856.2,4874.4,4822.6,5327.8,4359.4,23422,59979,4828.2,2,4828.4,2,4828.6,3,4828.8,2,4829.0,1,4829.6,1,4829.8,2,4830.2,4,4830.4,1,4830.6,2,4828.6
IC2408,,13:43:53.800#,4856.2,4874.4,4822.6,5327.8,4359.4,23422,59979,4828.0,1,4828.2,2,4828.4,2,4828.6,3,4828.8,2,4829.8,2,4830.2,4,4830.4,1,4830.6,2,4830.8,1,4828.6
IC2408,,13:43:55.300#,4856.2,4874.4,4822.6,5327.8,4359.4,23422,59979,4828.0,1,4828.2,2,4828.4,2,4828.6,3,4828.8,2,4829.6,1,4829.8,2,4830.2,4,4830.4,1,4830.6,2,4828.6
IC2408,,13:43:56.800#,4856.2,4874.4,4822.6,5327.8,4359.4,23422,59979,4828.2,2,4828.4,2,4828.6,3,4828.8,2,4829.0,1,4829.8,2,4830.2,4,4830.4,1,4830.6,2,4830.8,1,4828.6
IC2408,,13:43:57.300#,4856.2,4874.4,4822.6,5327.8,4359.4,23422,59979,4828.4,2,4828.6,3,4828.8,2,4829.0,1,4829.2,1,4829.8,2,4830.2,4,4830.4,1,4830.6,2,4830.8,1,4828.6
IC2408,,13:43:57.800#,4856.2,4874.4,4822.6,5327.8,4359.4,23422,59979,4828.2,2,4828.4,2,4828.6,3,4828.8,2,4829.0,1,4829.8,2,4830.2,4,4830.4,1,4830.6,2,4830.8,1,4828.6
IC2408,,13:43:58.800#,4856.2,4874.4,4822.6,5327.8,4359.4,23422,59979,4828.2,2,4828.4,2,4828.6,3,4828.8,2,4829.2,2,4829.8,2,4830.2,4,4830.4,1,4830.6,2,4830.8,1,4828.6
IC2408,,13:44:00.300#,4856.2,4874.4,4822.6,5327.8,4359.4,23422,59979,4828.2,2,4828.4,2,4828.6,3,4828.8,2,4829.2,3,4829.8,2,4830.2,4,4830.4,1,4830.6,2,4830.8,1,4828.6
IC2408,,13:44:00.800#,4856.2,4874.4,4822.6,5327.8,4359.4,23422,59979,4828.4,2,4828.6,3,4828.8,2,4829.2,3,4829.4,1,4829.8,2,4830.2,4,4830.4,1,4830.6,2,4830.8,1,4828.6
IC2408,,13:44:01.300#,4856.2,4874.4,4822.6,5327.8,4359.4,23424,59978,4828.4,2,4828.6,3,4828.8,2,4829.2,3,4829.6,1,4829.8,1,4830.2,4,4830.4,1,4830.6,2,4830.8,1,4829.8
IC2408,,13:44:01.800#,4856.2,4874.4,4822.6,5327.8,4359.4,23426,59977,4828.2,2,4828.4,2,4828.6,3,4828.8,2,4829.2,3,4829.6,1,4830.2,4,4830.4,1,4830.6,2,4830.8,1,4829.6
IC2408,,13:44:02.300#,4856.2,4874.4,4822.6,5327.8,4359.4,23426,59977,4828.2,2,4828.4,2,4828.6,3,4828.8,2,4829.2,4,4829.6,1,4830.2,4,4830.4,1,4830.6,2,4830.8,1,4829.6
IC2408,,13:44:02.800#,4856.2,4874.4,4822.6,5327.8,4359.4,23427,59976,4828.2,2,4828.4,2,4828.6,3,4828.8,2,4829.2,4,4830.2,4,4830.4,1,4830.6,2,4830.8,1,4831.0,1,4829.6
IC2408,,13:44:03.300#,4856.2,4874.4,4822.6,5327.8,4359.4,23431,59977,4828.2,2,4828.4,2,4828.6,3,4828.8,2,4829.2,1,4830.2,5,4830.4,1,4830.6,2,4830.8,1,4831.0,1,4830.0
IC2408,,13:44:03.800#,4856.2,4874.4,4822.6,5327.8,4359.4,23431,59977,4828.2,2,4828.4,2,4828.6,3,4828.8,2,4829.2,1,4829.8,1,4830.0,3,4830.2,5,4830.4,1,4830.6,2,4830.0
IC2408,,13:44:04.300#,4856.2,4874.4,4822.6,5327.8,4359.4,23431,59977,4828.2,2,4828.4,2,4828.6,3,4828.8,2,4829.2,1,4830.0,3,4830.2,5,4830.4,1,4830.6,2,4830.8,1,4830.0
IC2408,,13:44:04.800#,4856.2,4874.4,4822.6,5327.8,4359.4,23431,59977,4828.2,2,4828.4,2,4828.6,3,4828.8,2,4829.2,1,4830.0,2,4830.2,5,4830.4,1,4830.6,2,4830.8,1,4830.0
IC2408,,13:44:05.300#,4856.2,4874.4,4822.6,5327.8,4359.4,23433,59978,4828.4,2,4828.6,3,4828.8,2,4829.2,1,4829.4,1,4830.2,4,4830.4,1,4830.6,2,4830.8,1,4831.0,1,4830.2
IC2408,,13:44:05.800#,4856.2,4874.4,4822.6,5327.8,4359.4,23435,59980,4828.4,2,4828.6,3,4828.8,2,4829.2,1,4829.4,1,4830.2,1,4830.4,1,4830.6,2,4830.8,1,4831.0,1,4830.2
IC2408,,13:44:06.800#,4856.2,4874.4,4822.6,5327.8,4359.4,23435,59980,4828.6,3,4828.8,2,4829.2,1,4829.4,2,4829.6,5,4830.2,1,4830.4,1,4830.6,2,4830.8,1,4831.0,1,4830.2
IC2408,,13:44:07.300#,4856.2,4874.4,4822.6,5327.8,4359.4,23435,59980,4828.6,3,4828.8,2,4829.2,1,4829.4,2,4829.6,3,4830.2,1,4830.4,1,4830.6,2,4830.8,1,4831.0,1,4830.2
IC2408,,13:44:07.800#,4856.2,4874.4,4822.6,5327.8,4359.4,23435,59980,4828.6,3,4828.8,2,4829.2,1,4829.4,1,4829.6,1,4830.2,1,4830.4,1,4830.6,2,4830.8,1,4831.0,1,4830.2
IC2408,,13:44:09.800#,4856.2,4874.4,4822.6,5327.8,4359.4,23435,59980,4828.6,3,4828.8,2,4829.2,1,4829.4,1,4829.6,2,4830.2,1,4830.4,1,4830.6,2,4830.8,1,4831.0,1,4830.2
IC2408,,13:44:11.300#,4856.2,4874.4,4822.6,5327.8,4359.4,23436,59980,4828.6,3,4828.8,2,4829.2,1,4829.4,1,4829.6,1,4830.2,1,4830.4,1,4830.6,2,4830.8,1,4831.0,1,4829.6
IC2408,,13:44:12.800#,4856.2,4874.4,4822.6,5327.8,4359.4,23438,59979,4828.4,2,4828.6,3,4828.8,2,4829.2,1,4829.4,1,4830.4,1,4830.6,2,4830.8,1,4831.0,1,4831.2,1,4830.2
IC2408,,13:44:13.300#,4856.2,4874.4,4822.6,5327.8,4359.4,23438,59979,4829.0,2,4829.2,1,4829.4,1,4829.6,1,4829.8,2,4830.4,1,4830.6,2,4830.8,1,4831.0,1,4831.2,1,4830.2
IC2408,,13:44:14.300#,4856.2,4874.4,4822.6,5327.8,4359.4,23438,59979,4829.0,10,4829.2,1,4829.4,1,4829.6,1,4829.8,2,4830.4,1,4830.6,2,4830.8,1,4831.0,1,4831.2,1,4830.2
IC2408,,13:44:14.800#,4856.2,4874.4,4822.6,5327.8,4359.4,23438,59979,4828.8,2,4829.0,10,4829.2,1,4829.4,1,4829.8,2,4830.4,1,4830.6,2,4830.8,1,4831.0,1,4831.2,1,4830.2
IC2408,,13:44:15.300#,4856.2,4874.4,4822.6,5327.8,4359.4,23438,59979,4828.8,2,4829.0,10,4829.2,1,4829.4,1,4829.8,2,4830.4,2,4830.6,2,4830.8,1,4831.0,1,4831.2,1,4830.2
IC2408,,13:44:16.300#,4856.2,4874.4,4822.6,5327.8,4359.4,23438,59979,4828.8,2,4829.0,10,4829.2,1,4829.4,1,4829.8,2,4830.4,2,4830.6,3,4830.8,1,4831.0,1,4831.2,1,4830.2
IC2408,,13:44:16.800#,4856.2,4874.4,4822.6,5327.8,4359.4,23439,59979,4828.8,2,4829.0,10,4829.2,1,4829.4,1,4829.8,1,4830.4,2,4830.6,3,4830.8,1,4831.0,1,4831.2,1,4829.8
IC2408,,13:44:19.800#,4856.2,4874.4,4822.6,5327.8,4359.4,23441,59981,4828.8,2,4829.0,10,4829.2,1,4829.4,1,4829.8,1,4830.6,3,4830.8,1,4831.0,1,4831.2,1,4831.8,21,4830.4
IC2408,,13:44:20.300#,4856.2,4874.4,4822.6,5327.8,4359.4,23442,59982,4828.8,2,4829.0,10,4829.2,1,4829.4,1,4829.8,1,4830.4,1,4830.6,3,4830.8,1,4831.0,1,4831.2,1,4830.4
IC2408,,13:44:20.800#,4856.2,4874.4,4822.6,5327.8,4359.4,23443,59982,4828.6,3,4828.8,2,4829.0,10,4829.2,1,4829.4,1,4830.4,1,4830.6,3,4830.8,1,4831.0,1,4831.2,1,4829.8
IC2408,,13:44:21.300#,4856.2,4874.4,4822.6,5327.8,4359.4,23443,59982,4828.6,3,4828.8,2,4829.0,10,4829.2,1,4829.4,1,4830.6,3,4830.8,1,4831.0,1,4831.2,1,4831.8,21,4829.8
IC2408,,13:44:21.800#,4856.2,4874.4,4822.6,5327.8,4359.4,23444,59983,4828.4,2,4828.6,3,4828.8,2,4829.0,10,4829.2,1,4830.6,4,4830.8,1,4831.0,1,4831.2,1,4831.8,21,4829.6
IC2408,,13:44:22.300#,4856.2,4874.4,4822.6,5327.8,4359.4,23444,59983,4828.4,2,4828.6,3,4828.8,2,4829.0,10,4829.2,1,4830.2,1,4830.4,5,4830.6,4,4830.8,1,4831.0,1,4829.6
IC2408,,13:44:22.800#,4856.2,4874.4,4822.6,5327.8,4359.4,23444,59983,4828.4,2,4828.6,3,4828.8,2,4829.0,10,4829.2,1,4830.2,1,4830.4,5,4830.6,3,4830.8,1,4831.0,2,4829.6
IC2408,,13:44:23.300#,4856.2,4874.4,4822.6,5327.8,4359.4,23444,59983,4828.6,3,4828.8,2,4829.0,10,4829.2,1,4829.6,2,4830.2,1,4830.4,5,4830.6,3,4830.8,1,4831.0,2,4829.6
IC2408,,13:44:23.800#,4856.2,4874.4,4822.6,5327.8,4359.4,23445,59983,4828.6,3,4828.8,2,4829.0,10,4829.2,1,4829.6,1,4830.0,1,4830.4,5,4830.6,3,4830.8,1,4831.0,2,4829.6
IC2408,,13:44:24.300#,4856.2,4874.4,4822.6,5327.8,4359.4,23446,59984,4828.4,2,4828.6,3,4828.8,2,4829.0,10,4829.2,1,4830.0,1,4830.4,5,4830.6,3,4830.8,1,4831.0,2,4829.6
IC2408,,13:44:25.300#,4856.2,4874.4,4822.6,5327.8,4359.4,23446,59984,4828.6,3,4828.8,3,4829.0,12,4829.2,3,4829.6,1,4830.0,1,4830.4,5,4830.6,3,4830.8,1,4831.0,2,4829.6
IC2408,,13:44:25.800#,4856.2,4874.4,4822.6,5327.8,4359.4,23446,59984,4828.4,2,4828.6,3,4828.8,2,4829.0,12,4829.2,2,4830.0,1,4830.4,1,4830.6,3,4830.8,1,4831.0,2,4829.6
IC2408,,13:44:26.300#,4856.2,4874.4,4822.6,5327.8,4359.4,23446,59984,4828.6,3,4828.8,2,4829.0,12,4829.2,2,4829.4,1,4830.0,1,4830.4,1,4830.6,3,4830.8,1,4831.0,2,4829.6
IC2408,,13:44:29.800#,4856.2,4874.4,4822.6,5327.8,4359.4,23446,59984,4828.6,3,4828.8,2,4829.0,10,4829.2,2,4829.4,1,4830.0,1,4830.4,1,4830.6,3,4830.8,1,4831.0,2,4829.6
IC2408,,13:44:30.300#,4856.2,4874.4,4822.6,5327.8,4359.4,23446,59984,4828.8,2,4829.0,10,4829.2,2,4829.4,1,4829.6,2,4830.0,1,4830.4,1,4830.6,3,4830.8,1,4831.0,2,4829.6
IC2408,,13:44:30.800#,4856.2,4874.4,4822.6,5327.8,4359.4,23447,59983,4828.8,2,4829.0,10,4829.2,2,4829.4,1,4829.6,2,4830.6,3,4830.8,1,4831.0,2,4831.2,1,4831.8,21,4830.0
IC2408,,13:44:31.300#,4856.2,4874.4,4822.6,5327.8,4359.4,23447,59983,4829.0,10,4829.2,2,4829.4,1,4829.6,2,4829.8,6,4830.6,3,4830.8,1,4831.0,2,4831.2,1,4831.8,21,4830.0
IC2408,,13:44:33.800#,4856.2,4874.4,4822.6,5327.8,4359.4,23447,59983,4829.0,10,4829.2,2,4829.4,1,4829.6,2,4829.8,6,4830.4,1,4830.6,3,4830.8,1,4831.0,2,4831.2,1,4830.0
IC2408,,13:44:34.300#,4856.2,4874.4,4822.6,5327.8,4359.4,23447,59983,4829.0,10,4829.2,2,4829.4,1,4829.6,2,4829.8,6,4830.6,3,4830.8,1,4831.0,2,4831.2,1,4831.8,21,4830.0
IC2408,,13:44:34.800#,4856.2,4874.4,4822.6,5327.8,4359.4,23447,59983,4829.2,2,4829.4,1,4829.6,2,4829.8,6,4830.0,1,4830.6,3,4830.8,1,4831.0,2,4831.2,1,4831.8,21,4830.0
IC2408,,13:44:35.300#,4856.2,4874.4,4822.6,5327.8,4359.4,23447,59983,4829.2,2,4829.4,1,4829.6,2,4829.8,5,4830.2,1,4830.6,3,4830.8,1,4831.0,2,4831.2,1,4831.8,21,4830.0
IC2408,,13:44:35.800#,4856.2,4874.4,4822.6,5327.8,4359.4,23447,59983,4829.2,2,4829.4,1,4829.6,2,4829.8,5,4830.2,1,4830.4,1,4830.6,3,4830.8,1,4831.0,2,4831.2,1,4830.0
IC2408,,13:44:36.300#,4856.2,4874.4,4822.6,5327.8,4359.4,23447,59983,4829.2,2,4829.4,1,4829.6,2,4829.8,5,4830.2,2,4830.4,1,4830.6,3,4830.8,1,4831.0,2,4831.2,1,4830.0
IC2408,,13:44:39.800#,4856.2,4874.4,4822.6,5327.8,4359.4,23447,59983,4829.4,1,4829.6,2,4829.8,5,4830.0,1,4830.2,2,4830.4,1,4830.6,3,4830.8,1,4831.0,2,4831.2,1,4830.0
IC2408,,13:44:40.800#,4856.2,4874.4,4822.6,5327.8,4359.4,23447,59983,4829.4,1,4829.6,2,4829.8,5,4830.0,1,4830.2,2,4830.4,1,4830.6,3,4830.8,1,4831.0,1,4831.2,1,4830.0
IC2408,,13:44:41.300#,4856.2,4874.4,4822.6,5327.8,4359.4,23447,59983,4829.4,1,4829.6,2,4829.8,5,4830.0,1,4830.2,2,4830.4,1,4830.6,4,4830.8,1,4831.0,1,4831.2,1,4830.0
IC2408,,13:44:42.300#,4856.2,4874.4,4822.6,5327.8,4359.4,23448,59983,4829.4,1,4829.6,2,4829.8,5,4830.0,1,4830.2,2,4830.6,4,4830.8,1,4831.0,1,4831.2,1,4831.8,21,4830.4
IC2408,,13:44:42.800#,4856.2,4874.4,4822.6,5327.8,4359.4,23448,59983,4829.4,1,4829.6,2,4829.8,5,4830.0,1,4830.2,3,4830.6,4,4830.8,1,4831.0,1,4831.2,1,4831.8,21,4830.4
IC2408,,13:44:43.300#,4856.2,4874.4,4822.6,5327.8,4359.4,23451,59984,4829.2,2,4829.4,1,4829.6,2,4829.8,5,4830.0,1,4830.6,4,4830.8,1,4831.0,1,4831.2,1,4831.8,21,4830.2
IC2408,,13:44:46.300#,4856.2,4874.4,4822.6,5327.8,4359.4,23452,59985,4829.2,2,4829.4,1,4829.6,2,4829.8,5,4830.0,1,4830.6,3,4830.8,1,4831.0,1,4831.2,1,4831.8,21,4830.6
IC2408,,13:44:47.800#,4856.2,4874.4,4822.6,5327.8,4359.4,23453,59986,4829.2,2,4829.4,1,4829.6,2,4829.8,5,4830.0,1,4830.6,2,4830.8,1,4831.0,1,4831.2,1,4831.8,21,4830.6
IC2408,,13:44:51.300#,4856.2,4874.4,4822.6,5327.8,4359.4,23455,59987,4829.2,2,4829.4,1,4829.6,2,4829.8,5,4830.0,1,4830.8,1,4831.0,1,4831.2,1,4831.8,21,4832.0,5,4830.6
IC2408,,13:44:51.800#,4856.2,4874.4,4822.6,5327.8,4359.4,23456,59987,4829.4,1,4829.6,2,4829.8,5,4830.0,1,4830.2,1,4831.0,1,4831.2,1,4831.8,21,4832.0,5,4832.2,1,4830.8
IC2408,,13:44:52.300#,4856.2,4874.4,4822.6,5327.8,4359.4,23456,59987,4829.6,2,4829.8,5,4830.0,1,4830.2,1,4830.4,1,4831.0,1,4831.2,1,4831.8,21,4832.0,5,4832.2,1,4830.8
IC2408,,13:44:52.800#,4856.2,4874.4,4822.6,5327.8,4359.4,23456,59987,4829.8,5,4830.0,1,4830.2,1,4830.4,1,4830.6,1,4831.0,1,4831.2,1,4831.8,21,4832.0,5,4832.2,1,4830.8
IC2408,,13:44:53.300#,4856.2,4874.4,4822.6,5327.8,4359.4,23457,59988,4829.8,5,4830.0,1,4830.2,1,4830.4,1,4830.6,1,4831.2,1,4831.8,21,4832.0,5,4832.2,1,4832.4,2,4831.0
IC2408,,13:44:53.800#,4856.2,4874.4,4822.6,5327.8,4359.4,23459,59988,4830.0,1,4830.2,1,4830.4,1,4830.6,1,4831.2,2,4831.8,21,4832.0,5,4832.2,1,4832.4,2,4832.8,1,4831.2
IC2408,,13:44:54.300#,4856.2,4874.4,4822.6,5327.8,4359.4,23459,59988,4830.0,1,4830.2,1,4830.4,1,4830.6,3,4831.2,2,4831.8,21,4832.0,5,4832.2,1,4832.4,2,4832.8,1,4831.2
IC2408,,13:44:54.800#,4856.2,4874.4,4822.6,5327.8,4359.4,23459,59988,4830.2,1,4830.4,1,4830.6,3,4831.2,2,4831.6,1,4831.8,21,4832.0,5,4832.2,1,4832.8,1,4833.2,3,4831.2
IC2408,,13:44:55.300#,4856.2,4874.4,4822.6,5327.8,4359.4,23466,59989,4830.0,1,4830.2,1,4830.4,1,4830.6,3,4831.2,2,4831.8,17,4832.0,5,4832.2,1,4832.8,1,4833.2,3,4831.8
IC2408,,13:44:56.300#,4856.2,4874.4,4822.6,5327.8,4359.4,23467,59990,4830.0,1,4830.2,1,4830.4,1,4830.6,3,4831.2,2,4831.6,1,4831.8,16,4832.0,5,4832.2,1,4832.8,1,4831.8
IC2408,,13:44:56.800#,4856.2,4874.4,4822.6,5327.8,4359.4,23468,59990,4830.0,1,4830.2,1,4830.4,1,4830.6,3,4831.2,2,4831.8,16,4832.0,5,4832.2,1,4832.8,1,4833.2,3,4831.6
IC2408,,13:44:58.800#,4856.2,4874.4,4822.6,5327.8,4359.4,23470,59992,4829.6,2,4830.0,1,4830.2,1,4830.4,1,4830.6,3,4831.8,14,4832.0,5,4832.2,1,4832.8,1,4833.2,3,4831.8
IC2408,,13:44:59.300#,4856.2,4874.4,4822.6,5327.8,4359.4,23471,59993,4830.2,1,4830.4,1,4830.6,3,4830.8,4,4831.2,1,4831.8,13,4832.0,5,4832.2,1,4832.8,1,4833.2,3,4831.8
IC2408,,13:45:00.300#,4856.2,4874.4,4822.6,5327.8,4359.4,23471,59993,4830.2,1,4830.4,1,4830.6,5,4830.8,4,4831.2,1,4831.6,1,4831.8,13,4832.0,5,4832.2,1,4832.8,1,4831.8
IC2408,,13:45:00.800#,4856.2,4874.4,4822.6,5327.8,4359.4,23471,59993,4830.2,1,4830.4,1,4830.6,5,4830.8,3,4831.2,2,4831.8,13,4832.0,5,4832.2,1,4832.8,1,4833.2,3,4831.8
IC2408,,13:45:01.300#,4856.2,4874.4,4822.6,5327.8,4359.4,23474,59996,4830.2,1,4830.4,1,4830.6,5,4830.8,3,4831.2,2,4831.8,10,4832.0,5,4832.2,1,4832.8,1,4833.2,3,4831.8
IC2408,,13:45:01.800#,4856.2,4874.4,4822.6,5327.8,4359.4,23478,60000,4830.2,1,4830.4,1,4830.6,5,4830.8,3,4831.2,2,4831.8,6,4832.0,5,4832.2,1,4832.8,1,4833.2,3,4831.8
IC2408,,13:45:03.300#,4856.2,4874.4,4822.6,5327.8,4359.4,23478,60000,4830.2,1,4830.4,1,4830.6,5,4830.8,2,4831.2,2,4831.8,6,4832.0,5,4832.2,1,4832.4,1,4832.8,1,4831.8
IC2408,,13:45:03.800#,4856.2,4874.4,4822.6,5327.8,4359.4,23479,60001,4830.2,1,4830.4,1,4830.6,5,4830.8,2,4831.2,2,4831.6,1,4831.8,6,4832.0,5,4832.2,1,4832.4,1,4831.8
IC2408,,13:45:04.300#,4856.2,4874.4,4822.6,5327.8,4359.4,23479,60001,4830.2,1,4830.4,1,4830.6,5,4830.8,2,4831.2,2,4831.4,3,4831.6,1,4831.8,6,4832.0,5,4832.2,1,4831.8
IC2408,,13:45:04.800#,4856.2,4874.4,4822.6,5327.8,4359.4,23482,60002,4829.6,2,4830.0,1,4830.2,1,4830.4,1,4830.6,5,4831.2,1,4831.4,4,4831.8,6,4832.0,5,4832.2,1,4830.8
IC2408,,13:45:05.300#,4856.2,4874.4,4822.6,5327.8,4359.4,23482,60002,4829.2,2,4829.6,2,4830.0,1,4830.2,1,4830.6,3,4831.0,3,4831.2,2,4831.4,1,4831.8,5,4832.0,5,4830.8
IC2408,,13:45:05.800#,4856.2,4874.4,4822.6,5327.8,4359.4,23482,60002,4829.2,2,4829.6,2,4830.0,1,4830.2,1,4830.6,3,4830.8,1,4831.0,5,4831.2,1,4831.4,1,4831.6,1,4830.8
IC2408,,13:45:06.300#,4856.2,4874.4,4822.6,5327.8,4359.4,23483,60002,4829.2,2,4829.6,2,4830.0,1,4830.2,1,4830.6,5,4830.8,3,4831.0,3,4831.2,1,4831.4,1,4831.6,1,4830.6
IC2408,,13:45:06.800#,4856.2,4874.4,4822.6,5327.8,4359.4,23484,60002,4829.2,2,4829.6,2,4830.0,1,4830.2,1,4830.6,4,4830.8,3,4831.0,3,4831.2,1,4831.4,1,4831.6,1,4830.6
IC2408,,13:45:07.300#,4856.2,4874.4,4822.6,5327.8,4359.4,23485,60001,4829.2,2,4829.6,2,4830.0,1,4830.2,1,4830.6,3,4830.8,3,4831.0,3,4831.2,1,4831.4,1,4831.6,1,4830.6
IC2408,,13:45:07.800#,4856.2,4874.4,4822.6,5327.8,4359.4,23486,60002,4829.2,2,4829.6,2,4830.0,1,4830.2,1,4830.6,3,4830.8,2,4831.0,3,4831.2,1,4831.4,1,4831.6,1,4830.8
IC2408,,13:45:09.800#,4856.2,4874.4,4822.6,5327.8,4359.4,23487,60001,4829.2,2,4829.6,2,4830.0,1,4830.2,1,4830.6,3,4830.8,1,4831.0,3,4831.2,1,4831.4,1,4831.6,1,4830.8
IC2408,,13:45:10.800#,4856.2,4874.4,4822.6,5327.8,4359.4,23490,60001,4829.2,2,4829.6,2,4830.0,1,4830.2,1,4830.6,2,4831.0,2,4831.2,1,4831.4,1,4831.6,1,4831.8,8,4830.6
IC2408,,13:45:11.300#,4856.2,4874.4,4822.6,5327.8,4359.4,23492,60001,4829.0,10,4829.2,2,4829.6,2,4830.0,1,4830.2,1,4831.0,2,4831.2,1,4831.4,1,4831.6,1,4831.8,8,4830.6
IC2408,,13:45:11.800#,4856.2,4874.4,4822.6,5327.8,4359.4,23492,60001,4829.0,10,4829.2,2,4829.6,2,4830.0,1,4830.2,1,4830.8,4,4831.0,2,4831.2,1,4831.4,1,4831.6,1,4830.6
IC2408,,13:45:12.300#,4856.2,4874.4,4822.6,5327.8,4359.4,23492,60001,4828.8,2,4829.0,10,4829.2,2,4829.6,2,4830.0,1,4830.8,5,4831.0,1,4831.2,1,4831.4,1,4831.6,1,4830.6
IC2408,,13:45:12.800#,4856.2,4874.4,4822.6,5327.8,4359.4,23492,60001,4828.8,2,4829.0,10,4829.2,2,4829.6,2,4830.0,1,4830.6,1,4830.8,5,4831.0,1,4831.2,1,4831.4,1,4830.6
IC2408,,13:45:13.300#,4856.2,4874.4,4822.6,5327.8,4359.4,23493,60002,4828.6,5,4828.8,2,4829.0,10,4829.2,2,4829.6,2,4830.4,1,4830.6,2,4830.8,5,4831.0,1,4831.2,1,4830.0
IC2408,,13:45:13.800#,4856.2,4874.4,4822.6,5327.8,4359.4,23493,60002,4828.6,5,4828.8,2,4829.0,10,4829.2,2,4829.6,2,4830.2,3,4830.4,4,4830.6,2,4830.8,4,4831.0,1,4830.0
IC2408,,13:45:14.300#,4856.2,4874.4,4822.6,5327.8,4359.4,23495,60004,4828.4,2,4828.6,5,4828.8,2,4829.0,8,4829.2,1,4830.0,1,4830.2,4,4830.4,2,4830.6,2,4830.8,4,4829.6
IC2408,,13:45:14.800#,4856.2,4874.4,4822.6,5327.8,4359.4,23495,60004,4828.6,5,4828.8,2,4829.0,8,4829.2,1,4829.4,1,4830.0,4,4830.2,4,4830.4,2,4830.6,2,4830.8,2,4829.6
IC2408,,13:45:15.300#,4856.2,4874.4,4822.6,5327.8,4359.4,23498,60005,4828.4,2,4828.6,5,4828.8,2,4829.0,8,4829.2,1,4830.0,3,4830.2,4,4830.4,2,4830.6,2,4830.8,2,4829.4
IC2408,,13:45:15.800#,4856.2,4874.4,4822.6,5327.8,4359.4,23499,60006,4828.4,2,4828.6,5,4828.8,2,4829.0,8,4829.2,2,4830.0,3,4830.2,3,4830.4,2,4830.6,2,4830.8,2,4829.4
IC2408,,13:45:16.300#,4856.2,4874.4,4822.6,5327.8,4359.4,23499,60006,4828.4,2,4828.6,5,4828.8,2,4829.0,8,4829.2,2,4829.8,1,4830.0,3,4830.2,3,4830.4,2,4830.6,2,4829.4
IC2408,,13:45:16.800#,4856.2,4874.4,4822.6,5327.8,4359.4,23499,60006,4828.4,2,4828.6,5,4828.8,2,4829.0,8,4829.2,2,4829.4,1,4829.8,1,4830.0,3,4830.2,3,4830.4,2,4829.4
IC2408,,13:45:17.300#,4856.2,4874.4,4822.6,5327.8,4359.4,23500,60006,4828.8,2,4829.0,8,4829.2,1,4829.4,1,4829.6,1,4829.8,1,4830.0,3,4830.2,3,4830.4,2,4830.6,2,4829.4
IC2408,,13:45:17.800#,4856.2,4874.4,4822.6,5327.8,4359.4,23501,60006,4828.4,2,4828.6,5,4828.8,2,4829.0,8,4829.2,1,4829.8,1,4830.0,3,4830.2,3,4830.4,2,4830.6,2,4829.6
IC2408,,13:45:18.300#,4856.2,4874.4,4822.6,5327.8,4359.4,23502,60005,4828.2,3,4828.4,2,4828.6,5,4828.8,2,4829.0,9,4829.8,1,4830.0,4,4830.2,3,4830.4,2,4830.6,2,4829.2
IC2408,,13:45:18.800#,4856.2,4874.4,4822.6,5327.8,4359.4,23502,60005,4828.2,3,4828.4,2,4828.6,5,4828.8,2,4829.0,9,4829.6,2,4829.8,2,4830.0,4,4830.2,3,4830.4,2,4829.2
IC2408,,13:45:19.800#,4856.2,4874.4,4822.6,5327.8,4359.4,23502,60005,4828.2,3,4828.4,2,4828.6,5,4828.8,2,4829.0,9,4829.4,1,4829.6,2,4829.8,2,4830.0,4,4830.2,2,4829.2
IC2408,,13:45:20.300#,4856.2,4874.4,4822.6,5327.8,4359.4,23503,60004,4828.2,3,4828.4,2,4828.6,5,4828.8,2,4829.0,9,4829.6,2,4829.8,2,4830.0,4,4830.2,2,4830.4,2,4829.4
IC2408,,13:45:20.800#,4856.2,4874.4,4822.6,5327.8,4359.4,23503,60004,4828.2,3,4828.4,2,4828.6,5,4828.8,2,4829.0,9,4829.8,2,4830.0,4,4830.2,2,4830.4,2,4830.6,2,4829.4
IC2408,,13:45:21.300#,4856.2,4874.4,4822.6,5327.8,4359.4,23503,60004,4828.2,3,4828.4,2,4828.6,5,4828.8,2,4829.0,9,4829.8,3,4830.0,4,4830.2,2,4830.4,2,4830.6,2,4829.4
IC2408,,13:45:21.800#,4856.2,4874.4,4822.6,5327.8,4359.4,23503,60004,4828.2,3,4828.4,2,4828.6,5,4828.8,2,4829.0,9,4829.8,2,4830.0,4,4830.2,2,4830.4,2,4830.6,2,4829.4
IC2408,,13:45:22.800#,4856.2,4874.4,4822.6,5327.8,4359.4,23504,60005,4828.2,3,4828.4,2,4828.6,4,4828.8,2,4829.0,9,4829.8,1,4830.0,4,4830.2,2,4830.4,2,4830.6,2,4829.8
IC2408,,13:45:23.300#,4856.2,4874.4,4822.6,5327.8,4359.4,23504,60005,4828.2,3,4828.4,2,4828.6,4,4828.8,2,4829.0,9,4829.6,1,4829.8,2,4830.0,4,4830.2,2,4830.4,2,4829.8
IC2408,,13:45:23.800#,4856.2,4874.4,4822.6,5327.8,4359.4,23504,60005,4828.2,3,4828.4,2,4828.6,4,4828.8,2,4829.0,14,4829.6,1,4829.8,2,4830.0,4,4830.2,2,4830.4,2,4829.8
IC2408,,13:45:24.300#,4856.2,4874.4,4822.6,5327.8,4359.4,23504,60005,4828.2,3,4828.4,2,4828.6,4,4828.8,2,4829.0,14,4829.8,2,4830.0,3,4830.2,2,4830.4,2,4830.6,2,4829.8
IC2408,,13:45:24.800#,4856.2,4874.4,4822.6,5327.8,4359.4,23504,60005,4828.2,3,4828.4,2,4828.6,4,4828.8,2,4829.0,14,4829.4,1,4829.8,2,4830.0,3,4830.2,2,4830.4,2,4829.8
IC2408,,13:45:25.300#,4856.2,4874.4,4822.6,5327.8,4359.4,23504,60005,4828.2,3,4828.4,2,4828.6,4,4828.8,2,4829.0,14,4829.4,2,4829.8,2,4830.0,3,4830.2,2,4830.4,2,4829.8
IC2408,,13:45:26.300#,4856.2,4874.4,4822.6,5327.8,4359.4,23504,60005,4828.2,3,4828.4,2,4828.6,4,4828.8,2,4829.0,15,4829.4,2,4829.8,2,4830.0,3,4830.2,2,4830.4,2,4829.8
IC2408,,13:45:26.800#,4856.2,4874.4,4822.6,5327.8,4359.4,23504,60005,4828.2,3,4828.4,2,4828.6,4,4828.8,2,4829.0,20,4829.4,2,4829.8,2,4830.0,3,4830.2,2,4830.4,2,4829.8
IC2408,,13:45:27.800#,4856.2,4874.4,4822.6,5327.8,4359.4,23504,60005,4828.4,2,4828.6,4,4828.8,2,4829.0,20,4829.2,1,4829.4,2,4829.8,2,4830.0,3,4830.2,2,4830.4,2,4829.8
IC2408,,13:45:28.300#,4856.2,4874.4,4822.6,5327.8,4359.4,23505,60004,4828.4,2,4828.6,4,4828.8,2,4829.0,20,4829.2,1,4829.4,2,4829.8,2,4830.0,3,4830.2,2,4830.4,2,4829.4
IC2408,,13:45:28.800#,4856.2,4874.4,4822.6,5327.8,4359.4,23505,60004,4828.4,2,4828.6,4,4828.8,2,4829.0,19,4829.2,2,4829.4,2,4829.8,2,4830.0,3,4830.2,2,4830.4,2,4829.4
IC2408,,13:45:29.300#,4856.2,4874.4,4822.6,5327.8,4359.4,23505,60004,4828.4,2,4828.6,4,4828.8,2,4829.0,19,4829.2,7,4829.4,2,4829.8,2,4830.0,3,4830.2,2,4830.4,2,4829.4
IC2408,,13:45:30.300#,4856.2,4874.4,4822.6,5327.8,4359.4,23506,60003,4828.4,2,4828.6,4,4828.8,2,4829.0,19,4829.2,8,4829.4,1,4829.8,2,4830.0,3,4830.2,2,4830.4,2,4829.4
IC2408,,13:45:30.800#,4856.2,4874.4,4822.6,5327.8,4359.4,23507,60004,4828.4,2,4828.6,4,4828.8,2,4829.0,19,4829.2,7,4829.4,3,4829.8,2,4830.0,2,4830.2,2,4830.4,2,4829.2
IC2408,,13:45:31.300#,4856.2,4874.4,4822.6,5327.8,4359.4,23508,60004,4828.4,2,4828.6,4,4828.8,2,4829.0,19,4829.2,7,4829.4,3,4829.8,2,4830.0,2,4830.2,2,4830.4,2,4829.4
IC2408,,13:45:31.800#,4856.2,4874.4,4822.6,5327.8,4359.4,23508,60004,4828.4,2,4828.6,4,4828.8,2,4829.0,19,4829.2,12,4829.4,3,4829.8,2,4830.0,2,4830.2,2,4830.4,2,4829.4
IC2408,,13:45:33.300#,4856.2,4874.4,4822.6,5327.8,4359.4,23509,60005,4828.4,2,4828.6,4,4828.8,2,4829.0,19,4829.2,12,4829.4,3,4829.8,2,4830.0,2,4830.2,2,4830.4,2,4829.4
IC2408,,13:45:35.300#,4856.2,4874.4,4822.6,5327.8,4359.4,23511,60005,4828.4,2,4828.6,4,4828.8,2,4829.0,19,4829.2,12,4829.4,1,4829.8,2,4830.0,2,4830.2,2,4830.4,2,4829.4
IC2408,,13:45:35.800#,4856.2,4874.4,4822.6,5327.8,4359.4,23512,60005,4828.4,2,4828.6,4,4828.8,2,4829.0,19,4829.2,12,4829.8,2,4830.0,2,4830.2,2,4830.4,2,4830.6,2,4829.4
IC2408,,13:45:36.300#,4856.2,4874.4,4822.6,5327.8,4359.4,23513,60004,4828.4,2,4828.6,4,4828.8,2,4829.0,19,4829.2,11,4829.8,2,4830.0,2,4830.2,2,4830.4,2,4830.6,2,4829.6
IC2408,,13:45:37.300#,4856.2,4874.4,4822.6,5327.8,4359.4,23513,60004,4828.4,2,4828.6,4,4828.8,2,4829.0,19,4829.2,11,4829.8,2,4830.0,3,4830.2,2,4830.4,2,4830.6,2,4829.6
IC2408,,13:45:39.300#,4856.2,4874.4,4822.6,5327.8,4359.4,23513,60004,4828.4,2,4828.6,4,4828.8,2,4829.0,19,4829.2,11,4829.8,2,4830.0,8,4830.2,2,4830.4,2,4830.6,2,4829.6
IC2408,,13:45:39.800#,4856.2,4874.4,4822.6,5327.8,4359.4,23513,60004,4828.4,2,4828.6,4,4828.8,2,4829.0,19,4829.2,11,4829.8,2,4830.0,8,4830.2,1,4830.4,2,4830.6,2,4829.6
IC2408,,13:45:43.800#,4856.2,4874.4,4822.6,5327.8,4359.4,23513,60004,4828.4,2,4828.6,4,4828.8,2,4829.0,19,4829.2,11,4829.8,2,4830.0,18,4830.2,1,4830.4,2,4830.6,2,4829.6
IC2408,,13:45:44.800#,4856.2,4874.4,4822.6,5327.8,4359.4,23513,60004,4828.4,2,4828.6,4,4828.8,2,4829.0,19,4829.2,11,4829.6,1,4829.8,2,4830.0,18,4830.2,1,4830.4,2,4829.6
IC2408,,13:45:45.300#,4856.2,4874.4,4822.6,5327.8,4359.4,23519,60004,4828.4,2,4828.6,4,4828.8,2,4829.0,19,4829.2,6,4829.6,3,4830.0,18,4830.2,1,4830.4,4,4830.6,2,4829.2
IC2408,,13:45:45.800#,4856.2,4874.4,4822.6,5327.8,4359.4,23524,60003,4828.4,1,4828.6,4,4828.8,2,4829.0,19,4829.2,1,4829.6,3,4830.0,18,4830.2,1,4830.4,4,4830.6,2,4829.2
IC2408,,13:45:46.300#,4856.2,4874.4,4822.6,5327.8,4359.4,23527,60004,4828.2,3,4828.4,1,4828.6,4,4828.8,2,4829.0,18,4829.2,2,4829.6,3,4830.0,18,4830.2,1,4830.4,4,4829.2
IC2408,,13:45:46.800#,4856.2,4874.4,4822.6,5327.8,4359.4,23531,60007,4828.2,3,4828.4,1,4828.6,4,4828.8,2,4829.0,14,4829.2,2,4829.6,3,4830.0,18,4830.2,1,4830.4,4,4829.0
IC2408,,13:45:47.300#,4856.2,4874.4,4822.6,5327.8,4359.4,23545,59998,4827.8,1,4828.0,2,4828.2,3,4828.4,1,4828.6,4,4829.2,3,4829.6,3,4830.0,18,4830.2,1,4830.4,4,4829.0
IC2408,,13:45:47.800#,4856.2,4874.4,4822.6,5327.8,4359.4,23545,59998,4827.6,5,4827.8,1,4828.0,2,4828.2,1,4828.6,4,4828.8,2,4829.0,4,4829.2,2,4829.6,3,4830.0,18,4829.0
IC2408,,13:45:48.300#,4856.2,4874.4,4822.6,5327.8,4359.4,23549,59998,4827.4,3,4827.6,5,4827.8,1,4828.0,2,4828.2,1,4829.0,3,4829.2,2,4829.6,3,4830.0,18,4830.2,1,4828.6
IC2408,,13:45:48.800#,4856.2,4874.4,4822.6,5327.8,4359.4,23550,59997,4827.6,5,4827.8,1,4828.0,2,4828.2,1,4828.6,1,4829.0,3,4829.6,3,4830.0,18,4830.2,1,4830.4,4,4828.2
IC2408,,13:45:49.300#,4856.2,4874.4,4822.6,5327.8,4359.4,23550,59997,4827.8,1,4828.0,2,4828.2,1,4828.4,1,4828.6,1,4829.0,3,4829.6,3,4830.0,18,4830.2,1,4830.4,4,4828.2
IC2408,,13:45:49.800#,4856.2,4874.4,4822.6,5327.8,4359.4,23550,59997,4828.0,2,4828.2,1,4828.4,1,4828.6,1,4828.8,1,4829.0,1,4829.6,3,4830.0,18,4830.2,1,4830.4,4,4828.2
IC2408,,13:45:50.300#,4856.2,4874.4,4822.6,5327.8,4359.4,23551,59997,4828.0,2,4828.2,1,4828.4,1,4828.6,1,4828.8,1,4829.4,1,4829.6,3,4830.0,18,4830.2,1,4830.4,4,4829.0
IC2408,,13:45:50.800#,4856.2,4874.4,4822.6,5327.8,4359.4,23555,59995,4827.0,1,4827.4,3,4827.6,5,4827.8,1,4828.0,1,4829.0,3,4829.4,1,4829.6,3,4830.0,18,4830.2,1,4828.2
IC2408,,13:45:51.300#,4856.2,4874.4,4822.6,5327.8,4359.4,23555,59995,4827.6,5,4827.8,1,4828.0,2,4828.2,1,4828.4,1,4829.0,3,4829.4,1,4829.6,3,4830.0,18,4830.2,1,4828.2
IC2408,,13:45:51.800#,4856.2,4874.4,4822.6,5327.8,4359.4,23555,59995,4827.4,3,4827.6,5,4827.8,1,4828.0,2,4828.2,1,4829.0,3,4829.4,1,4829.6,3,4830.0,18,4830.2,1,4828.2
IC2408,,13:45:52.300#,4856.2,4874.4,4822.6,5327.8,4359.4,23555,59995,4827.4,3,4827.6,5,4827.8,1,4828.0,2,4828.2,1,4828.8,1,4829.0,3,4829.4,1,4829.6,3,4830.0,18,4828.2
IC2408,,13:45:53.800#,4856.2,4874.4,4822.6,5327.8,4359.4,23555,59995,4827.4,3,4827.6,5,4827.8,1,4828.0,2,4828.2,1,4828.8,1,4829.0,4,4829.4,1,4829.6,3,4830.0,18,4828.2
IC2408,,13:45:54.300#,4856.2,4874.4,4822.6,5327.8,4359.4,23555,59995,4827.6,5,4827.8,1,4828.0,2,4828.2,1,4828.8,2,4829.0,4,4829.4,1,4829.6,3,4830.0,18,4830.2,1,4828.2
IC2408,,13:45:55.800#,4856.2,4874.4,4822.6,5327.8,4359.4,23559,59998,4827.6,5,4827.8,1,4828.0,2,4828.2,1,4828.8,2,4829.4,1,4829.6,3,4830.0,18,4830.2,1,4830.4,4,4829.0
IC2408,,13:45:56.300#,4856.2,4874.4,4822.6,5327.8,4359.4,23570,59992,4826.8,2,4827.0,1,4827.4,3,4828.8,2,4829.0,3,4829.6,3,4830.0,18,4830.2,1,4830.4,4,4830.6,2,4827.6
IC2408,,13:45:56.800#,4856.2,4874.4,4822.6,5327.8,4359.4,23575,59991,4825.4,2,4826.0,2,4826.8,2,4827.0,1,4827.4,3,4829.4,1,4829.6,3,4830.0,17,4830.2,1,4830.4,4,4828.8
IC2408,,13:45:57.300#,4856.2,4874.4,4822.6,5327.8,4359.4,23575,59991,4827.4,6,4827.6,17,4827.8,4,4828.0,4,4828.2,1,4829.0,1,4829.2,1,4829.4,1,4829.6,3,4830.0,16,4828.8
IC2408,,13:45:57.800#,4856.2,4874.4,4822.6,5327.8,4359.4,23577,59991,4827.8,2,4828.0,4,4828.2,2,4828.4,3,4829.0,1,4829.6,3,4830.0,16,4830.2,1,4830.4,4,4830.6,1,4829.2
IC2408,,13:45:58.300#,4856.2,4874.4,4822.6,5327.8,4359.4,23577,59991,4828.0,4,4828.2,1,4828.4,2,4828.6,1,4829.2,1,4829.6,4,4830.0,16,4830.2,1,4830.4,4,4830.6,1,4829.2
IC2408,,13:45:58.800#,4856.2,4874.4,4822.6,5327.8,4359.4,23578,59991,4828.4,2,4828.6,1,4828.8,1,4829.2,1,4829.4,1,4829.6,4,4830.0,16,4830.2,1,4830.4,4,4830.6,1,4829.6
IC2408,,13:45:59.300#,4856.2,4874.4,4822.6,5327.8,4359.4,23582,59993,4828.6,1,4828.8,1,4829.2,1,4829.4,1,4829.6,3,4830.0,16,4830.2,1,4830.4,4,4830.6,1,4830.8,2,4829.6
IC2408,,13:45:59.800#,4856.2,4874.4,4822.6,5327.8,4359.4,23587,59996,4828.8,1,4829.2,1,4829.4,1,4829.6,3,4829.8,1,4830.0,11,4830.4,1,4830.8,2,4831.2,2,4831.6,1,4830.0
IC2408,,13:46:00.300#,4856.2,4874.4,4822.6,5327.8,4359.4,23598,59994,4829.4,1,4829.6,3,4829.8,2,4830.0,14,4830.2,1,4831.0,1,4831.2,2,4831.6,1,4831.8,8,4832.0,7,4830.0
IC2408,,13:46:00.800#,4856.2,4874.4,4822.6,5327.8,4359.4,23598,59994,4829.6,3,4829.8,1,4830.0,12,4830.2,2,4830.4,2,4830.8,1,4831.0,2,4831.2,4,4831.6,1,4831.8,6,4830.0
IC2408,,13:46:01.300#,4856.2,4874.4,4822.6,5327.8,4359.4,23601,59993,4829.0,2,4829.4,1,4829.6,3,4829.8,1,4830.0,9,4830.6,1,4830.8,2,4831.0,1,4831.2,4,4831.6,1,4830.6
IC2408,,13:46:01.800#,4856.2,4874.4,4822.6,5327.8,4359.4,23602,59994,4829.0,2,4829.4,1,4829.6,3,4830.0,8,4830.2,1,4830.6,2,4830.8,1,4831.0,1,4831.2,4,4831.6,1,4830.0
IC2408,,13:46:02.300#,4856.2,4874.4,4822.6,5327.8,4359.4,23603,59994,4828.8,1,4829.0,2,4829.4,1,4829.6,3,4830.0,3,4830.2,2,4830.4,2,4830.6,2,4830.8,1,4831.0,1,4830.2
IC2408,,13:46:02.800#,4856.2,4874.4,4822.6,5327.8,4359.4,23606,59994,4828.6,1,4828.8,1,4829.0,2,4829.4,1,4829.6,3,4830.0,1,4830.2,4,4830.4,2,4830.8,1,4831.0,1,4830.0
IC2408,,13:46:03.300#,4856.2,4874.4,4822.6,5327.8,4359.4,23606,59994,4828.6,1,4828.8,1,4829.0,2,4829.4,1,4829.6,3,4829.8,1,4830.0,2,4830.4,2,4830.8,1,4831.0,1,4830.0
IC2408,,13:46:03.800#,4856.2,4874.4,4822.6,5327.8,4359.4,23606,59994,4828.6,1,4828.8,1,4829.0,2,4829.4,1,4829.6,3,4829.8,2,4830.0,1,4830.4,2,4830.8,1,4831.0,1,4830.0
IC2408,,13:46:05.300#,4856.2,4874.4,4822.6,5327.8,4359.4,23607,59994,4828.6,1,4828.8,1,4829.0,2,4829.4,1,4829.6,2,4829.8,2,4830.0,1,4830.4,2,4830.8,1,4831.0,1,4829.6
IC2408,,13:46:05.800#,4856.2,4874.4,4822.6,5327.8,4359.4,23607,59994,4828.6,1,4828.8,1,4829.0,2,4829.4,1,4829.6,2,4829.8,2,4830.0,2,4830.4,2,4830.8,1,4831.0,1,4829.6
IC2408,,13:46:06.300#,4856.2,4874.4,4822.6,5327.8,4359.4,23609,59993,4828.6,1,4828.8,1,4829.0,2,4829.4,1,4829.6,2,4830.0,2,4830.4,2,4830.8,1,4831.0,1,4831.2,2,4829.8
IC2408,,13:46:06.800#,4856.2,4874.4,4822.6,5327.8,4359.4,23610,59993,4828.6,1,4828.8,1,4829.0,2,4829.4,1,4829.6,1,4830.0,2,4830.4,2,4830.8,1,4831.0,1,4831.2,2,4829.6
IC2408,,13:46:07.300#,4856.2,4874.4,4822.6,5327.8,4359.4,23610,59993,4828.6,1,4828.8,1,4829.0,2,4829.4,1,4829.6,1,4830.0,2,4830.2,1,4830.4,2,4830.8,1,4831.0,1,4829.6
