InstrumentId,ExchangeId,Datetime,OpenPrice,HighestPrice,LowestPrice,UpperLimitPrice,LowerLimitPrice,Volume,OpenInterest,BidPrice5,BidVolume5,BidPrice4,BidVolume4,BidPrice3,BidVolume3,BidPrice2,BidVolume2,BidPrice1,BidVolume1,AskPrice1,AskVolume1,AskPrice2,AskVolume2,AskPrice3,AskVolume3,AskPrice4,AskVolume4,AskPrice5,AskVolume5,LastPrice
IF2408,,13:38:34.800#,3515.0,3522.0,3482.0,3862.2,3160.2,31746,62654,3481.6,10,3481.8,8,3482.0,6,3482.2,1,3482.4,10,3482.8,4,3483.0,4,3483.2,7,3483.4,9,3483.6,8,3482.8
IF2408,,13:38:35.300#,3515.0,3522.0,3482.0,3862.2,3160.2,31746,62654,3481.6,10,3481.8,8,3482.0,6,3482.2,1,3482.4,10,3482.8,5,3483.0,4,3483.2,7,3483.4,9,3483.6,8,3482.8
IF2408,,13:38:35.800#,3515.0,3522.0,3482.0,3862.2,3160.2,31747,62653,3481.6,10,3481.8,8,3482.0,6,3482.2,1,3482.4,10,3482.8,5,3483.0,4,3483.2,7,3483.4,8,3483.6,8,3482.8
IF2408,,13:38:36.300#,3515.0,3522.0,3482.0,3862.2,3160.2,31748,62654,3481.6,10,3481.8,8,3482.0,6,3482.2,1,3482.4,9,3482.8,5,3483.0,4,3483.2,7,3483.4,8,3483.6,8,3482.4
IF2408,,13:38:36.800#,3515.0,3522.0,3482.0,3862.2,3160.2,31748,62654,3481.6,11,3481.8,8,3482.0,6,3482.2,1,3482.4,9,3482.8,5,3483.0,4,3483.2,7,3483.4,8,3483.6,8,3482.4
IF2408,,13:38:37.300#,3515.0,3522.0,3482.0,3862.2,3160.2,31749,62654,3481.6,11,3481.8,8,3482.0,6,3482.2,1,3482.4,9,3482.8,5,3483.0,4,3483.2,7,3483.4,8,3483.6,8,3482.4
IF2408,,13:38:37.800#,3515.0,3522.0,3482.0,3862.2,3160.2,31750,62653,3481.6,11,3481.8,8,3482.0,6,3482.2,1,3482.4,9,3482.8,4,3483.0,4,3483.2,7,3483.4,8,3483.6,8,3482.8
IF2408,,13:38:38.800#,3515.0,3522.0,3482.0,3862.2,3160.2,31750,62653,3481.6,11,3481.8,8,3482.0,6,3482.2,1,3482.4,9,3482.8,3,3483.0,4,3483.2,7,3483.4,8,3483.6,8,3482.8
IF2408,,13:38:39.300#,3515.0,3522.0,3482.0,3862.2,3160.2,31750,62653,3481.6,11,3481.8,8,3482.0,6,3482.2,1,3482.4,9,3482.8,2,3483.0,4,3483.2,7,3483.4,8,3483.6,8,3482.8
IF2408,,13:38:41.800#,3515.0,3522.0,3482.0,3862.2,3160.2,31751,62654,3481.6,11,3481.8,8,3482.0,6,3482.2,1,3482.4,8,3482.8,2,3483.0,4,3483.2,7,3483.4,8,3483.6,8,3482.4
IF2408,,13:38:42.300#,3515.0,3522.0,3482.0,3862.2,3160.2,31752,62654,3481.6,11,3481.8,8,3482.0,6,3482.2,1,3482.4,8,3482.8,1,3483.0,4,3483.2,7,3483.4,8,3483.6,8,3482.8
IF2408,,13:38:43.300#,3515.0,3522.0,3482.0,3862.2,3160.2,31752,62654,3481.6,11,3481.8,8,3482.0,7,3482.2,1,3482.4,8,3482.8,1,3483.0,4,3483.2,7,3483.4,8,3483.6,8,3482.8
IF2408,,13:38:43.800#,3515.0,3522.0,3482.0,3862.2,3160.2,31753,62654,3481.6,11,3481.8,8,3482.0,7,3482.2,1,3482.4,8,3483.0,4,3483.2,7,3483.4,8,3483.6,8,3483.8,2,3482.8
IF2408,,13:38:44.300#,3515.0,3522.0,3482.0,3862.2,3160.2,31753,62654,3481.6,11,3481.8,8,3482.0,7,3482.2,1,3482.4,8,3483.0,3,3483.2,7,3483.4,8,3483.6,8,3483.8,2,3482.8
IF2408,,13:38:44.800#,3515.0,3522.0,3482.0,3862.2,3160.2,31753,62654,3481.8,8,3482.0,7,3482.2,1,3482.4,8,3482.8,1,3483.0,3,3483.2,7,3483.4,8,3483.6,8,3483.8,2,3482.8
IF2408,,13:38:45.300#,3515.0,3522.0,3482.0,3862.2,3160.2,31754,62653,3481.6,11,3481.8,8,3482.0,7,3482.2,1,3482.4,8,3482.8,1,3483.0,3,3483.2,7,3483.4,8,3483.6,8,3482.8
IF2408,,13:38:45.800#,3515.0,3522.0,3482.0,3862.2,3160.2,31754,62653,3481.6,11,3481.8,8,3482.0,7,3482.2,1,3482.4,8,3483.0,3,3483.2,7,3483.4,8,3483.6,8,3483.8,2,3482.8
IF2408,,13:38:46.300#,3515.0,3522.0,3482.0,3862.2,3160.2,31754,62653,3481.6,11,3481.8,8,3482.0,7,3482.2,2,3482.4,8,3483.0,5,3483.2,7,3483.4,8,3483.6,8,3483.8,2,3482.8
IF2408,,13:38:46.800#,3515.0,3522.0,3482.0,3862.2,3160.2,31754,62653,3481.8,8,3482.0,7,3482.2,2,3482.4,8,3482.8,1,3483.0,5,3483.2,7,3483.4,8,3483.6,8,3483.8,2,3482.8
IF2408,,13:38:47.300#,3515.0,3522.0,3482.0,3862.2,3160.2,31756,62654,3481.6,11,3481.8,8,3482.0,7,3482.2,2,3482.4,7,3482.8,1,3483.0,5,3483.2,7,3483.4,8,3483.6,8,3482.4
IF2408,,13:38:47.800#,3515.0,3522.0,3482.0,3862.2,3160.2,31756,62654,3481.6,11,3481.8,8,3482.0,7,3482.2,2,3482.4,7,3482.8,1,3483.0,5,3483.2,7,3483.4,8,3483.6,9,3482.4
IF2408,,13:38:49.300#,3515.0,3522.0,3482.0,3862.2,3160.2,31756,62654,3481.6,11,3481.8,8,3482.0,7,3482.2,2,3482.4,7,3482.8,2,3483.0,5,3483.2,7,3483.4,8,3483.6,9,3482.4
IF2408,,13:38:49.800#,3515.0,3522.0,3482.0,3862.2,3160.2,31756,62654,3481.6,11,3481.8,8,3482.0,7,3482.2,2,3482.4,7,3482.8,2,3483.0,6,3483.2,7,3483.4,8,3483.6,9,3482.4
IF2408,,13:38:50.300#,3515.0,3522.0,3482.0,3862.2,3160.2,31756,62654,3481.6,11,3481.8,8,3482.0,7,3482.2,2,3482.4,7,3482.8,2,3483.0,5,3483.2,7,3483.4,8,3483.6,9,3482.4
IF2408,,13:38:51.300#,3515.0,3522.0,3482.0,3862.2,3160.2,31757,62655,3481.6,11,3481.8,8,3482.0,7,3482.2,2,3482.4,6,3482.8,2,3483.0,5,3483.2,7,3483.4,8,3483.6,9,3482.4
IF2408,,13:38:52.300#,3515.0,3522.0,3482.0,3862.2,3160.2,31763,62654,3481.4,1,3481.6,11,3481.8,8,3482.0,7,3482.2,2,3482.8,2,3483.0,5,3483.2,7,3483.4,8,3483.6,9,3482.4
IF2408,,13:38:52.800#,3515.0,3522.0,3482.0,3862.2,3160.2,31763,62654,3481.6,11,3481.8,8,3482.0,7,3482.2,2,3482.4,2,3482.8,3,3483.0,6,3483.2,7,3483.4,8,3483.6,9,3482.4
IF2408,,13:38:53.300#,3515.0,3522.0,3482.0,3862.2,3160.2,31763,62654,3481.6,11,3481.8,8,3482.0,7,3482.2,2,3482.4,5,3482.8,3,3483.0,6,3483.2,7,3483.4,8,3483.6,9,3482.4
IF2408,,13:38:53.800#,3515.0,3522.0,3482.0,3862.2,3160.2,31763,62654,3481.6,11,3481.8,8,3482.0,7,3482.2,2,3482.4,5,3482.8,1,3483.0,6,3483.2,7,3483.4,8,3483.6,9,3482.4
IF2408,,13:38:54.300#,3515.0,3522.0,3482.0,3862.2,3160.2,31763,62654,3481.6,11,3481.8,8,3482.0,7,3482.2,2,3482.4,3,3482.8,1,3483.0,6,3483.2,7,3483.4,8,3483.6,9,3482.4
IF2408,,13:38:54.800#,3515.0,3522.0,3482.0,3862.2,3160.2,31766,62654,3481.4,1,3481.6,11,3481.8,9,3482.0,7,3482.2,3,3482.4,2,3482.8,1,3483.0,6,3483.2,7,3483.4,8,3482.4
IF2408,,13:38:55.300#,3515.0,3522.0,3482.0,3862.2,3160.2,31769,62654,3481.6,11,3481.8,9,3482.0,7,3482.2,4,3482.4,1,3482.8,1,3483.0,6,3483.2,7,3483.4,8,3483.6,9,3482.4
IF2408,,13:38:55.800#,3515.0,3522.0,3482.0,3862.2,3160.2,31770,62653,3481.6,11,3481.8,9,3482.0,7,3482.2,4,3482.4,1,3483.0,6,3483.2,7,3483.4,8,3483.6,9,3483.8,2,3482.8
IF2408,,13:38:56.300#,3515.0,3522.0,3482.0,3862.2,3160.2,31770,62653,3481.6,11,3481.8,9,3482.0,7,3482.2,4,3482.4,1,3482.8,2,3483.0,7,3483.2,7,3483.4,8,3483.6,9,3482.8
IF2408,,13:38:56.800#,3515.0,3522.0,3482.0,3862.2,3160.2,31770,62653,3481.6,11,3481.8,9,3482.0,7,3482.2,4,3482.4,2,3482.8,2,3483.0,7,3483.2,8,3483.4,8,3483.6,9,3482.8
IF2408,,13:38:57.300#,3515.0,3522.0,3482.0,3862.2,3160.2,31771,62653,3481.6,11,3481.8,9,3482.0,7,3482.2,4,3482.4,1,3482.8,2,3483.0,7,3483.2,8,3483.4,8,3483.6,9,3482.4
IF2408,,13:38:57.800#,3515.0,3522.0,3482.0,3862.2,3160.2,31772,62653,3481.4,1,3481.6,11,3481.8,9,3482.0,7,3482.2,4,3482.8,2,3483.0,7,3483.2,8,3483.4,8,3483.6,9,3482.4
IF2408,,13:38:58.300#,3515.0,3522.0,3482.0,3862.2,3160.2,31772,62653,3481.4,1,3481.6,11,3481.8,9,3482.0,7,3482.2,4,3482.8,3,3483.0,7,3483.2,8,3483.4,8,3483.6,9,3482.4
IF2408,,13:38:58.800#,3515.0,3522.0,3482.0,3862.2,3160.2,31772,62653,3481.4,1,3481.6,11,3481.8,9,3482.0,7,3482.2,4,3482.8,4,3483.0,6,3483.2,8,3483.4,8,3483.6,9,3482.4
IF2408,,13:38:59.800#,3515.0,3522.0,3482.0,3862.2,3160.2,31773,62653,3481.6,11,3481.8,9,3482.0,7,3482.2,4,3482.4,2,3482.8,3,3483.0,4,3483.2,8,3483.4,8,3483.6,9,3482.8
IF2408,,13:39:00.300#,3515.0,3522.0,3482.0,3862.2,3160.2,31773,62653,3481.6,11,3481.8,9,3482.0,7,3482.2,4,3482.4,2,3482.6,1,3482.8,1,3483.0,4,3483.2,8,3483.4,8,3482.8
IF2408,,13:39:00.800#,3515.0,3522.0,3482.0,3862.2,3160.2,31776,62652,3481.6,11,3481.8,6,3482.0,7,3482.2,4,3482.4,2,3482.8,1,3483.0,4,3483.2,8,3483.4,8,3483.6,9,3482.4
IF2408,,13:39:01.300#,3515.0,3522.0,3482.0,3862.2,3160.2,31777,62653,3481.6,11,3481.8,6,3482.0,7,3482.2,3,3482.6,2,3482.8,2,3483.0,4,3483.2,8,3483.4,8,3483.6,9,3482.2
IF2408,,13:39:01.800#,3515.0,3522.0,3482.0,3862.2,3160.2,31777,62653,3481.4,1,3481.6,11,3481.8,6,3482.0,7,3482.2,4,3482.4,1,3482.8,3,3483.0,4,3483.2,8,3483.4,8,3482.2
IF2408,,13:39:02.300#,3515.0,3522.0,3482.0,3862.2,3160.2,31778,62654,3481.6,11,3481.8,6,3482.0,7,3482.2,4,3482.4,1,3482.8,2,3483.0,4,3483.2,8,3483.4,8,3483.6,9,3482.4
IF2408,,13:39:02.800#,3515.0,3522.0,3482.0,3862.2,3160.2,31778,62654,3481.6,11,3481.8,6,3482.0,7,3482.2,4,3482.4,1,3482.8,5,3483.0,4,3483.2,8,3483.4,8,3483.6,9,3482.4
IF2408,,13:39:03.800#,3515.0,3522.0,3482.0,3862.2,3160.2,31778,62654,3481.6,11,3481.8,6,3482.0,7,3482.2,4,3482.4,1,3482.8,2,3483.0,4,3483.2,8,3483.4,8,3483.6,9,3482.4
IF2408,,13:39:04.300#,3515.0,3522.0,3482.0,3862.2,3160.2,31778,62654,3481.6,11,3481.8,6,3482.0,7,3482.2,4,3482.4,3,3482.8,1,3483.0,4,3483.2,8,3483.4,8,3483.6,9,3482.4
IF2408,,13:39:04.800#,3515.0,3522.0,3482.0,3862.2,3160.2,31778,62654,3481.6,11,3481.8,7,3482.0,7,3482.2,4,3482.4,3,3482.8,2,3483.0,4,3483.2,8,3483.4,8,3483.6,9,3482.4
IF2408,,13:39:05.300#,3515.0,3522.0,3482.0,3862.2,3160.2,31779,62653,3481.6,11,3481.8,7,3482.0,7,3482.2,4,3482.4,2,3482.8,2,3483.0,4,3483.2,8,3483.4,8,3483.6,9,3482.4
IF2408,,13:39:05.800#,3515.0,3522.0,3482.0,3862.2,3160.2,31779,62653,3481.4,1,3481.6,11,3481.8,7,3482.0,7,3482.2,6,3482.8,2,3483.0,4,3483.2,8,3483.4,8,3483.6,9,3482.4
IF2408,,13:39:06.300#,3515.0,3522.0,3482.0,3862.2,3160.2,31779,62653,3481.6,11,3481.8,7,3482.0,7,3482.2,6,3482.4,2,3482.8,6,3483.0,4,3483.2,8,3483.4,8,3483.6,9,3482.4
IF2408,,13:39:06.800#,3515.0,3522.0,3482.0,3862.2,3160.2,31779,62653,3481.6,11,3481.8,7,3482.0,7,3482.2,6,3482.4,2,3482.8,8,3483.0,4,3483.2,8,3483.4,8,3483.6,9,3482.4
IF2408,,13:39:07.300#,3515.0,3522.0,3482.0,3862.2,3160.2,31779,62653,3481.6,11,3481.8,7,3482.0,7,3482.2,6,3482.4,2,3482.8,6,3483.0,4,3483.2,8,3483.4,8,3483.6,9,3482.4
IF2408,,13:39:07.800#,3515.0,3522.0,3482.0,3862.2,3160.2,31779,62653,3481.6,11,3481.8,7,3482.0,7,3482.2,6,3482.4,2,3482.8,5,3483.0,4,3483.2,8,3483.4,8,3483.6,9,3482.4
IF2408,,13:39:08.300#,3515.0,3522.0,3482.0,3862.2,3160.2,31780,62652,3481.6,11,3481.8,7,3482.0,7,3482.2,6,3482.4,1,3482.8,5,3483.0,4,3483.2,8,3483.4,8,3483.6,9,3482.4
IF2408,,13:39:08.800#,3515.0,3522.0,3482.0,3862.2,3160.2,31781,62652,3481.4,1,3481.6,11,3481.8,7,3482.0,7,3482.2,6,3482.8,5,3483.0,4,3483.2,8,3483.4,8,3483.6,9,3482.6
IF2408,,13:39:09.300#,3515.0,3522.0,3482.0,3862.2,3160.2,31781,62652,3481.6,11,3481.8,7,3482.0,7,3482.2,6,3482.4,1,3482.8,6,3483.0,4,3483.2,8,3483.4,8,3483.6,9,3482.6
IF2408,,13:39:09.800#,3515.0,3522.0,3482.0,3862.2,3160.2,31781,62652,3481.6,11,3481.8,7,3482.0,7,3482.2,6,3482.4,1,3482.8,8,3483.0,4,3483.2,8,3483.4,8,3483.6,9,3482.6
IF2408,,13:39:10.800#,3515.0,3522.0,3482.0,3862.2,3160.2,31784,62650,3481.6,11,3481.8,7,3482.0,7,3482.2,6,3482.4,2,3482.8,5,3483.0,4,3483.2,8,3483.4,8,3483.6,9,3482.8
IF2408,,13:39:11.300#,3515.0,3522.0,3482.0,3862.2,3160.2,31784,62650,3481.6,11,3481.8,7,3482.0,7,3482.2,6,3482.4,2,3482.8,4,3483.0,4,3483.2,8,3483.4,8,3483.6,9,3482.8
IF2408,,13:39:11.800#,3515.0,3522.0,3482.0,3862.2,3160.2,31784,62650,3481.6,11,3481.8,7,3482.0,7,3482.2,6,3482.4,2,3482.8,2,3483.0,4,3483.2,8,3483.4,8,3483.6,9,3482.8
IF2408,,13:39:15.300#,3515.0,3522.0,3482.0,3862.2,3160.2,31785,62650,3481.6,11,3481.8,7,3482.0,7,3482.2,6,3482.4,2,3482.8,1,3483.0,4,3483.2,8,3483.4,8,3483.6,9,3482.8
IF2408,,13:39:16.800#,3515.0,3522.0,3482.0,3862.2,3160.2,31785,62650,3481.6,11,3481.8,7,3482.0,7,3482.2,6,3482.4,2,3482.8,3,3483.0,4,3483.2,8,3483.4,8,3483.6,9,3482.8
IF2408,,13:39:17.300#,3515.0,3522.0,3482.0,3862.2,3160.2,31785,62650,3481.6,11,3481.8,7,3482.0,7,3482.2,6,3482.4,3,3482.8,3,3483.0,4,3483.2,8,3483.4,8,3483.6,9,3482.8
IF2408,,13:39:17.800#,3515.0,3522.0,3482.0,3862.2,3160.2,31785,62650,3481.8,7,3482.0,7,3482.2,6,3482.4,3,3482.6,3,3482.8,3,3483.0,4,3483.2,8,3483.4,8,3483.6,9,3482.8
IF2408,,13:39:18.300#,3515.0,3522.0,3482.0,3862.2,3160.2,31786,62650,3481.8,10,3482.0,7,3482.2,6,3482.4,3,3482.6,2,3482.8,3,3483.0,3,3483.2,8,3483.4,8,3483.6,9,3482.6
IF2408,,13:39:19.300#,3515.0,3522.0,3482.0,3862.2,3160.2,31786,62650,3481.8,10,3482.0,7,3482.2,5,3482.4,3,3482.6,2,3482.8,4,3483.0,3,3483.2,8,3483.4,8,3483.6,9,3482.6
IF2408,,13:39:19.800#,3515.0,3522.0,3482.0,3862.2,3160.2,31788,62649,3481.6,11,3481.8,10,3482.0,7,3482.2,5,3482.4,2,3482.8,4,3483.0,3,3483.2,8,3483.4,8,3483.6,9,3482.6
IF2408,,13:39:20.800#,3515.0,3522.0,3482.0,3862.2,3160.2,31788,62649,3481.6,11,3481.8,10,3482.0,7,3482.2,5,3482.4,2,3482.8,5,3483.0,3,3483.2,8,3483.4,8,3483.6,9,3482.6
IF2408,,13:39:21.300#,3515.0,3522.0,3482.0,3862.2,3160.2,31788,62649,3481.6,11,3481.8,10,3482.0,7,3482.2,5,3482.4,2,3482.6,1,3482.8,5,3483.0,3,3483.2,8,3483.4,8,3482.6
IF2408,,13:39:21.800#,3515.0,3522.0,3482.0,3862.2,3160.2,31790,62647,3481.6,11,3481.8,10,3482.0,6,3482.2,6,3482.4,2,3482.8,5,3483.0,3,3483.2,8,3483.4,8,3483.6,9,3482.6
IF2408,,13:39:22.300#,3515.0,3522.0,3482.0,3862.2,3160.2,31790,62647,3481.6,11,3481.8,10,3482.0,6,3482.2,6,3482.4,3,3482.8,5,3483.0,3,3483.2,8,3483.4,8,3483.6,9,3482.6
IF2408,,13:39:22.800#,3515.0,3522.0,3482.0,3862.2,3160.2,31790,62647,3481.6,11,3481.8,10,3482.0,6,3482.2,6,3482.4,2,3482.8,5,3483.0,3,3483.2,8,3483.4,8,3483.6,9,3482.6
IF2408,,13:39:23.300#,3515.0,3522.0,3482.0,3862.2,3160.2,31790,62647,3481.6,11,3481.8,10,3482.0,6,3482.2,6,3482.4,2,3482.6,1,3482.8,5,3483.0,3,3483.2,8,3483.4,8,3482.6
IF2408,,13:39:23.800#,3515.0,3522.0,3482.0,3862.2,3160.2,31791,62646,3481.6,11,3481.8,10,3482.0,6,3482.2,6,3482.4,3,3482.8,5,3483.0,3,3483.2,8,3483.4,8,3483.6,9,3482.6
IF2408,,13:39:24.300#,3515.0,3522.0,3482.0,3862.2,3160.2,31792,62645,3481.6,11,3481.8,10,3482.0,6,3482.2,6,3482.4,3,3482.8,4,3483.0,3,3483.2,8,3483.4,8,3483.6,9,3482.8
IF2408,,13:39:25.300#,3515.0,3522.0,3482.0,3862.2,3160.2,31792,62645,3481.6,11,3481.8,10,3482.0,6,3482.2,5,3482.4,3,3482.8,4,3483.0,3,3483.2,8,3483.4,8,3483.6,9,3482.8
IF2408,,13:39:26.300#,3515.0,3522.0,3482.0,3862.2,3160.2,31792,62645,3481.6,11,3481.8,9,3482.0,6,3482.2,5,3482.4,3,3482.8,4,3483.0,3,3483.2,8,3483.4,8,3483.6,9,3482.8
IF2408,,13:39:29.300#,3515.0,3522.0,3482.0,3862.2,3160.2,31793,62646,3481.6,11,3481.8,9,3482.0,6,3482.2,5,3482.4,4,3482.8,4,3483.0,3,3483.2,8,3483.4,8,3483.6,9,3482.8
IF2408,,13:39:29.800#,3515.0,3522.0,3482.0,3862.2,3160.2,31793,62646,3481.6,11,3481.8,9,3482.0,6,3482.2,5,3482.4,6,3482.8,4,3483.0,3,3483.2,8,3483.4,8,3483.6,9,3482.8
IF2408,,13:39:30.300#,3515.0,3522.0,3482.0,3862.2,3160.2,31794,62646,3481.6,11,3481.8,9,3482.0,7,3482.2,5,3482.4,4,3482.8,3,3483.0,3,3483.2,8,3483.4,8,3483.6,9,3482.8
IF2408,,13:39:31.800#,3515.0,3522.0,3482.0,3862.2,3160.2,31794,62646,3481.6,11,3481.8,9,3482.0,7,3482.2,5,3482.4,4,3482.8,3,3483.0,3,3483.2,8,3483.4,9,3483.6,9,3482.8
IF2408,,13:39:33.300#,3515.0,3522.0,3482.0,3862.2,3160.2,31797,62646,3481.8,9,3482.0,7,3482.2,5,3482.4,4,3482.8,2,3483.0,3,3483.2,8,3483.4,9,3483.6,9,3483.8,2,3482.8
IF2408,,13:39:33.800#,3515.0,3522.0,3482.0,3862.2,3160.2,31799,62645,3481.8,9,3482.0,7,3482.2,5,3482.4,4,3482.6,3,3482.8,1,3483.0,3,3483.2,8,3483.4,9,3483.6,9,3482.8
IF2408,,13:39:34.300#,3515.0,3522.0,3482.0,3862.2,3160.2,31799,62645,3481.8,9,3482.0,7,3482.2,5,3482.4,4,3482.6,3,3483.0,3,3483.2,8,3483.4,9,3483.6,9,3483.8,2,3482.8
IF2408,,13:39:34.800#,3515.0,3522.0,3482.0,3862.2,3160.2,31799,62645,3482.0,7,3482.2,6,3482.4,4,3482.6,3,3482.8,1,3483.0,3,3483.2,8,3483.4,9,3483.6,9,3483.8,2,3482.8
IF2408,,13:39:35.300#,3515.0,3522.0,3482.0,3862.2,3160.2,31799,62645,3482.0,7,3482.2,6,3482.4,4,3482.6,3,3482.8,1,3483.0,3,3483.2,7,3483.4,9,3483.6,9,3483.8,2,3482.8
IF2408,,13:39:35.800#,3515.0,3522.0,3482.0,3862.2,3160.2,31800,62644,3482.0,7,3482.2,6,3482.4,4,3482.6,3,3482.8,1,3483.0,2,3483.2,7,3483.4,9,3483.6,9,3483.8,2,3483.0
IF2408,,13:39:36.300#,3515.0,3522.0,3482.0,3862.2,3160.2,31800,62644,3482.0,7,3482.2,6,3482.4,4,3482.6,4,3482.8,1,3483.0,2,3483.2,7,3483.4,9,3483.6,9,3483.8,2,3483.0
IF2408,,13:39:39.300#,3515.0,3522.0,3482.0,3862.2,3160.2,31801,62645,3481.8,9,3482.0,7,3482.2,4,3482.4,4,3482.6,4,3483.0,3,3483.2,7,3483.4,9,3483.6,9,3483.8,2,3482.8
IF2408,,13:39:39.800#,3515.0,3522.0,3482.0,3862.2,3160.2,31802,62645,3481.8,9,3482.0,7,3482.2,4,3482.4,4,3482.6,4,3483.0,2,3483.2,7,3483.4,9,3483.6,9,3483.8,2,3483.0
IF2408,,13:39:40.300#,3515.0,3522.0,3482.0,3862.2,3160.2,31804,62646,3481.8,9,3482.0,7,3482.2,4,3482.4,4,3482.6,3,3483.0,1,3483.2,7,3483.4,9,3483.6,9,3483.8,2,3483.0
IF2408,,13:39:41.300#,3515.0,3522.0,3482.0,3862.2,3160.2,31804,62646,3481.8,9,3482.0,7,3482.2,3,3482.4,5,3482.6,3,3483.0,3,3483.2,7,3483.4,9,3483.6,9,3483.8,2,3483.0
IF2408,,13:39:41.800#,3515.0,3522.0,3482.0,3862.2,3160.2,31805,62647,3481.8,9,3482.0,7,3482.2,3,3482.4,5,3482.6,2,3483.0,4,3483.2,7,3483.4,9,3483.6,9,3483.8,2,3482.6
IF2408,,13:39:43.300#,3515.0,3522.0,3482.0,3862.2,3160.2,31805,62647,3481.8,9,3482.0,7,3482.2,3,3482.4,5,3482.6,2,3483.0,3,3483.2,7,3483.4,9,3483.6,9,3483.8,2,3482.6
IF2408,,13:39:44.300#,3515.0,3522.0,3482.0,3862.2,3160.2,31807,62646,3481.8,9,3482.0,7,3482.2,3,3482.4,5,3482.6,1,3483.0,2,3483.2,7,3483.4,9,3483.6,9,3483.8,2,3482.6
IF2408,,13:39:45.300#,3515.0,3522.0,3482.0,3862.2,3160.2,31807,62646,3481.8,9,3482.0,7,3482.2,3,3482.4,5,3482.6,1,3483.0,5,3483.2,7,3483.4,9,3483.6,9,3483.8,2,3482.6
IF2408,,13:39:45.800#,3515.0,3522.0,3482.0,3862.2,3160.2,31808,62646,3481.6,11,3481.8,9,3482.0,7,3482.2,3,3482.4,5,3482.8,2,3483.0,2,3483.2,7,3483.4,9,3483.6,9,3482.6
IF2408,,13:39:46.300#,3515.0,3522.0,3482.0,3862.2,3160.2,31808,62646,3481.6,11,3481.8,9,3482.0,7,3482.2,3,3482.4,5,3483.0,2,3483.2,7,3483.4,9,3483.6,9,3483.8,2,3482.6
IF2408,,13:39:46.800#,3515.0,3522.0,3482.0,3862.2,3160.2,31808,62646,3481.8,9,3482.0,7,3482.2,3,3482.4,5,3482.6,1,3483.0,2,3483.2,7,3483.4,9,3483.6,9,3483.8,2,3482.6
IF2408,,13:39:47.300#,3515.0,3522.0,3482.0,3862.2,3160.2,31808,62646,3481.8,9,3482.0,7,3482.2,3,3482.4,5,3482.6,1,3483.0,3,3483.2,7,3483.4,9,3483.6,9,3483.8,2,3482.6
IF2408,,13:39:47.800#,3515.0,3522.0,3482.0,3862.2,3160.2,31808,62646,3481.8,9,3482.0,7,3482.2,3,3482.4,5,3482.6,1,3483.0,4,3483.2,7,3483.4,9,3483.6,9,3483.8,2,3482.6
IF2408,,13:39:48.300#,3515.0,3522.0,3482.0,3862.2,3160.2,31809,62645,3481.6,11,3481.8,9,3482.0,7,3482.2,3,3482.4,5,3483.0,4,3483.2,7,3483.4,9,3483.6,9,3483.8,2,3482.6
IF2408,,13:39:48.800#,3515.0,3522.0,3482.0,3862.2,3160.2,31809,62645,3481.6,11,3481.8,9,3482.0,7,3482.2,3,3482.4,5,3483.0,5,3483.2,7,3483.4,9,3483.6,9,3483.8,2,3482.6
IF2408,,13:39:49.300#,3515.0,3522.0,3482.0,3862.2,3160.2,31809,62645,3481.6,11,3481.8,9,3482.0,7,3482.2,3,3482.4,5,3483.0,6,3483.2,7,3483.4,9,3483.6,9,3483.8,2,3482.6
IF2408,,13:39:49.800#,3515.0,3522.0,3482.0,3862.2,3160.2,31810,62646,3481.6,11,3481.8,9,3482.0,7,3482.2,3,3482.4,5,3483.0,5,3483.2,7,3483.4,9,3483.6,9,3483.8,2,3483.0
IF2408,,13:39:50.300#,3515.0,3522.0,3482.0,3862.2,3160.2,31811,62646,3481.6,11,3481.8,9,3482.0,7,3482.2,3,3482.4,6,3482.8,1,3483.0,6,3483.2,7,3483.4,9,3483.6,9,3482.4
IF2408,,13:39:50.800#,3515.0,3522.0,3482.0,3862.2,3160.2,31811,62646,3481.6,11,3481.8,9,3482.0,7,3482.2,3,3482.4,6,3483.0,6,3483.2,7,3483.4,9,3483.6,9,3483.8,2,3482.4
IF2408,,13:39:51.300#,3515.0,3522.0,3482.0,3862.2,3160.2,31811,62646,3481.6,11,3481.8,9,3482.0,7,3482.2,3,3482.4,6,3482.8,2,3483.0,7,3483.2,7,3483.4,9,3483.6,9,3482.4
IF2408,,13:39:51.800#,3515.0,3522.0,3482.0,3862.2,3160.2,31811,62646,3481.6,11,3481.8,9,3482.0,7,3482.2,3,3482.4,6,3482.8,6,3483.0,6,3483.2,7,3483.4,9,3483.6,9,3482.4
IF2408,,13:39:52.800#,3515.0,3522.0,3482.0,3862.2,3160.2,31812,62646,3481.6,11,3481.8,9,3482.0,7,3482.2,3,3482.4,7,3482.8,6,3483.0,6,3483.2,7,3483.4,9,3483.6,9,3482.4
IF2408,,13:39:53.300#,3515.0,3522.0,3482.0,3862.2,3160.2,31812,62646,3481.6,11,3481.8,9,3482.0,7,3482.2,3,3482.4,7,3482.8,3,3483.0,8,3483.2,7,3483.4,9,3483.6,9,3482.4
IF2408,,13:39:54.300#,3515.0,3522.0,3482.0,3862.2,3160.2,31812,62646,3481.6,11,3481.8,9,3482.0,7,3482.2,3,3482.4,7,3482.8,4,3483.0,8,3483.2,7,3483.4,9,3483.6,9,3482.4
IF2408,,13:39:54.800#,3515.0,3522.0,3482.0,3862.2,3160.2,31814,62646,3481.6,11,3481.8,9,3482.0,7,3482.2,3,3482.4,6,3482.8,2,3483.0,8,3483.2,7,3483.4,9,3483.6,9,3482.8
IF2408,,13:39:55.300#,3515.0,3522.0,3482.0,3862.2,3160.2,31815,62646,3481.6,11,3481.8,9,3482.0,7,3482.2,3,3482.4,5,3482.8,2,3483.0,8,3483.2,7,3483.4,9,3483.6,9,3482.4
IF2408,,13:39:58.300#,3515.0,3522.0,3482.0,3862.2,3160.2,31816,62645,3481.6,11,3481.8,9,3482.0,7,3482.2,3,3482.4,5,3482.6,1,3482.8,1,3483.0,8,3483.2,7,3483.4,9,3482.8
IF2408,,13:39:58.800#,3515.0,3522.0,3482.0,3862.2,3160.2,31816,62645,3481.6,11,3481.8,9,3482.0,7,3482.2,3,3482.4,8,3482.6,2,3482.8,1,3483.0,8,3483.2,7,3483.4,9,3482.8
IF2408,,13:39:59.800#,3515.0,3522.0,3482.0,3862.2,3160.2,31816,62645,3481.6,11,3481.8,9,3482.0,7,3482.2,4,3482.4,8,3482.6,2,3482.8,1,3483.0,8,3483.2,7,3483.4,9,3482.8
IF2408,,13:40:00.300#,3515.0,3522.0,3482.0,3862.2,3160.2,31818,62647,3481.8,9,3482.0,7,3482.2,4,3482.4,8,3482.6,1,3483.0,8,3483.2,7,3483.4,9,3483.6,9,3483.8,2,3482.6
IF2408,,13:40:00.800#,3515.0,3522.0,3482.0,3862.2,3160.2,31821,62647,3481.6,11,3481.8,9,3482.0,7,3482.2,4,3482.4,4,3482.6,1,3483.0,10,3483.2,7,3483.4,9,3483.6,9,3482.4
IF2408,,13:40:01.300#,3515.0,3522.0,3482.0,3862.2,3160.2,31821,62647,3481.6,11,3481.8,9,3482.0,7,3482.2,4,3482.4,5,3482.6,1,3483.0,10,3483.2,7,3483.4,9,3483.6,9,3482.4
IF2408,,13:40:02.800#,3515.0,3522.0,3482.0,3862.2,3160.2,31821,62647,3481.6,11,3481.8,9,3482.0,7,3482.2,4,3482.4,5,3482.6,1,3483.0,12,3483.2,7,3483.4,9,3483.6,9,3482.4
IF2408,,13:40:03.300#,3515.0,3522.0,3482.0,3862.2,3160.2,31823,62648,3481.6,11,3481.8,9,3482.0,7,3482.2,4,3482.4,3,3482.6,1,3483.0,12,3483.2,7,3483.4,9,3483.6,9,3482.4
IF2408,,13:40:03.800#,3515.0,3522.0,3482.0,3862.2,3160.2,31824,62649,3481.6,11,3481.8,9,3482.0,7,3482.2,4,3482.4,3,3483.0,12,3483.2,7,3483.4,9,3483.6,9,3483.8,2,3482.6
IF2408,,13:40:04.300#,3515.0,3522.0,3482.0,3862.2,3160.2,31825,62649,3481.6,11,3481.8,9,3482.0,7,3482.2,4,3482.4,3,3482.8,4,3483.0,12,3483.2,7,3483.4,9,3483.6,9,3482.6
IF2408,,13:40:04.800#,3515.0,3522.0,3482.0,3862.2,3160.2,31825,62649,3481.6,11,3481.8,9,3482.0,7,3482.2,4,3482.4,3,3482.8,6,3483.0,10,3483.2,7,3483.4,9,3483.6,9,3482.6
IF2408,,13:40:05.800#,3515.0,3522.0,3482.0,3862.2,3160.2,31825,62649,3481.6,11,3481.8,9,3482.0,7,3482.2,4,3482.4,3,3482.8,4,3483.0,10,3483.2,8,3483.4,9,3483.6,9,3482.6
IF2408,,13:40:06.300#,3515.0,3522.0,3482.0,3862.2,3160.2,31825,62649,3481.6,11,3481.8,9,3482.0,7,3482.2,4,3482.4,3,3482.8,3,3483.0,10,3483.2,8,3483.4,9,3483.6,9,3482.6
IF2408,,13:40:07.300#,3515.0,3522.0,3482.0,3862.2,3160.2,31825,62649,3481.6,11,3481.8,9,3482.0,7,3482.2,4,3482.4,4,3482.8,3,3483.0,9,3483.2,8,3483.4,9,3483.6,9,3482.6
IF2408,,13:40:07.800#,3515.0,3522.0,3482.0,3862.2,3160.2,31825,62649,3481.6,11,3481.8,9,3482.0,7,3482.2,4,3482.4,3,3482.8,5,3483.0,8,3483.2,8,3483.4,9,3483.6,9,3482.6
IF2408,,13:40:08.800#,3515.0,3522.0,3482.0,3862.2,3160.2,31826,62650,3481.6,11,3481.8,9,3482.0,7,3482.2,4,3482.4,2,3482.8,5,3483.0,7,3483.2,8,3483.4,9,3483.6,9,3482.4
IF2408,,13:40:09.800#,3515.0,3522.0,3482.0,3862.2,3160.2,31827,62649,3481.6,11,3481.8,9,3482.0,7,3482.2,4,3482.4,3,3482.8,5,3483.0,7,3483.2,8,3483.4,9,3483.6,9,3482.4
IF2408,,13:40:10.300#,3515.0,3522.0,3482.0,3862.2,3160.2,31829,62649,3481.6,11,3481.8,9,3482.0,7,3482.2,4,3482.4,3,3482.8,3,3483.0,7,3483.2,8,3483.4,9,3483.6,9,3482.8
IF2408,,13:40:10.800#,3515.0,3522.0,3482.0,3862.2,3160.2,31830,62649,3481.4,1,3481.6,11,3481.8,9,3482.0,7,3482.2,4,3482.8,3,3483.0,8,3483.2,8,3483.4,9,3483.6,9,3482.4
IF2408,,13:40:11.300#,3515.0,3522.0,3482.0,3862.2,3160.2,31830,62649,3481.6,11,3481.8,9,3482.0,7,3482.2,4,3482.4,4,3482.6,1,3482.8,3,3483.0,8,3483.2,8,3483.4,9,3482.4
IF2408,,13:40:12.800#,3515.0,3522.0,3482.0,3862.2,3160.2,31830,62649,3481.6,11,3481.8,9,3482.0,7,3482.2,4,3482.4,4,3482.6,1,3482.8,4,3483.0,8,3483.2,8,3483.4,9,3482.4
IF2408,,13:40:13.800#,3515.0,3522.0,3482.0,3862.2,3160.2,31834,62648,3481.4,1,3481.6,11,3481.8,9,3482.0,7,3482.2,4,3482.4,1,3482.6,1,3482.8,4,3483.0,8,3483.2,8,3482.4
IF2408,,13:40:15.300#,3515.0,3522.0,3482.0,3862.2,3160.2,31834,62648,3481.4,1,3481.6,11,3481.8,6,3482.0,7,3482.2,4,3482.4,3,3482.6,1,3482.8,4,3483.0,8,3483.2,8,3482.4
IF2408,,13:40:15.800#,3515.0,3522.0,3482.0,3862.2,3160.2,31838,62650,3481.2,12,3481.4,1,3481.6,11,3481.8,6,3482.0,7,3482.2,1,3482.4,4,3482.6,2,3482.8,3,3483.0,8,3482.2
IF2408,,13:40:16.300#,3515.0,3522.0,3482.0,3862.2,3160.2,31838,62650,3481.2,12,3481.4,1,3481.6,11,3481.8,6,3482.0,7,3482.2,2,3482.4,2,3482.6,1,3482.8,3,3483.0,8,3482.2
IF2408,,13:40:16.800#,3515.0,3522.0,3482.0,3862.2,3160.2,31838,62650,3481.2,12,3481.4,1,3481.6,11,3481.8,6,3482.0,7,3482.2,2,3482.4,2,3482.6,1,3482.8,3,3483.0,5,3482.2
IF2408,,13:40:17.300#,3515.0,3522.0,3482.0,3862.2,3160.2,31840,62650,3481.2,12,3481.4,1,3481.6,11,3481.8,6,3482.0,5,3482.2,2,3482.4,2,3482.6,1,3482.8,3,3483.0,5,3482.0
IF2408,,13:40:17.800#,3515.0,3522.0,3482.0,3862.2,3160.2,31841,62651,3481.2,12,3481.4,1,3481.6,11,3481.8,6,3482.0,5,3482.2,2,3482.4,3,3482.6,1,3482.8,3,3483.0,5,3482.2
IF2408,,13:40:18.300#,3515.0,3522.0,3482.0,3862.2,3160.2,31842,62652,3481.2,12,3481.4,1,3481.6,11,3481.8,6,3482.0,6,3482.2,1,3482.4,3,3482.6,1,3482.8,3,3483.0,5,3482.2
IF2408,,13:40:18.800#,3515.0,3522.0,3482.0,3862.2,3160.2,31844,62652,3481.2,12,3481.4,1,3481.6,11,3481.8,6,3482.0,8,3482.4,3,3482.6,1,3482.8,3,3483.0,5,3483.2,7,3482.2
IF2408,,13:40:19.300#,3515.0,3522.0,3482.0,3862.2,3160.2,31849,62653,3481.2,12,3481.4,1,3481.6,11,3481.8,6,3482.0,8,3482.6,1,3482.8,3,3483.0,5,3483.2,7,3483.4,8,3482.4
IF2408,,13:40:19.800#,3515.0,3522.0,3482.0,3862.2,3160.2,31851,62651,3481.4,1,3481.6,11,3481.8,6,3482.0,8,3482.2,6,3482.6,2,3482.8,3,3483.0,5,3483.2,7,3483.4,8,3482.2
IF2408,,13:40:20.300#,3515.0,3522.0,3482.0,3862.2,3160.2,31854,62654,3481.6,11,3481.8,6,3482.0,8,3482.2,4,3482.4,1,3482.6,2,3482.8,3,3483.0,5,3483.2,7,3483.4,8,3482.4
IF2408,,13:40:20.800#,3515.0,3522.0,3482.0,3862.2,3160.2,31854,62654,3481.2,12,3481.4,1,3481.6,11,3481.8,7,3482.0,8,3482.4,1,3482.6,2,3482.8,3,3483.0,5,3483.2,7,3482.4
IF2408,,13:40:21.300#,3515.0,3522.0,3482.0,3862.2,3160.2,31854,62654,3481.2,12,3481.4,1,3481.6,11,3481.8,7,3482.0,8,3482.2,1,3482.6,2,3482.8,3,3483.0,4,3483.2,7,3482.4
IF2408,,13:40:22.300#,3515.0,3522.0,3482.0,3862.2,3160.2,31858,62656,3481.2,12,3481.4,1,3481.6,11,3481.8,8,3482.0,5,3482.6,2,3482.8,3,3483.0,4,3483.2,7,3483.4,8,3482.2
IF2408,,13:40:22.800#,3515.0,3522.0,3482.0,3862.2,3160.2,31858,62656,3481.2,12,3481.4,1,3481.6,11,3481.8,8,3482.0,5,3482.4,7,3482.6,6,3482.8,3,3483.0,3,3483.2,7,3482.2
IF2408,,13:40:23.300#,3515.0,3522.0,3482.0,3862.2,3160.2,31858,62656,3481.2,12,3481.4,1,3481.6,11,3481.8,8,3482.0,6,3482.2,1,3482.4,7,3482.6,6,3482.8,3,3483.0,3,3482.2
IF2408,,13:40:23.800#,3515.0,3522.0,3482.0,3862.2,3160.2,31859,62657,3481.2,12,3481.4,1,3481.6,11,3481.8,8,3482.0,5,3482.2,1,3482.4,7,3482.6,6,3482.8,3,3483.0,3,3482.0
IF2408,,13:40:24.300#,3515.0,3522.0,3482.0,3862.2,3160.2,31859,62657,3481.2,12,3481.4,1,3481.6,11,3481.8,8,3482.0,5,3482.2,2,3482.4,7,3482.6,6,3482.8,3,3483.0,3,3482.0
IF2408,,13:40:24.800#,3515.0,3522.0,3482.0,3862.2,3160.2,31863,62660,3481.2,12,3481.4,1,3481.6,11,3481.8,8,3482.0,2,3482.2,1,3482.4,7,3482.6,6,3482.8,3,3483.0,3,3482.2
IF2408,,13:40:25.300#,3515.0,3522.0,3482.0,3862.2,3160.2,31865,62661,3481.0,74,3481.2,12,3481.4,1,3481.6,11,3481.8,9,3482.2,2,3482.4,7,3482.6,6,3482.8,3,3483.0,3,3482.0
IF2408,,13:40:25.800#,3515.0,3522.0,3481.8,3862.2,3160.2,31867,62661,3481.0,74,3481.2,12,3481.4,1,3481.6,16,3481.8,7,3482.2,1,3482.4,7,3482.6,6,3482.8,3,3483.0,3,3481.8
IF2408,,13:40:26.300#,3515.0,3522.0,3481.8,3862.2,3160.2,31868,62660,3481.0,74,3481.2,12,3481.4,1,3481.6,16,3481.8,7,3482.2,1,3482.4,7,3482.6,6,3482.8,3,3483.0,3,3481.8
IF2408,,13:40:26.800#,3515.0,3522.0,3481.8,3862.2,3160.2,31869,62660,3481.2,12,3481.4,1,3481.6,16,3481.8,6,3482.0,1,3482.2,1,3482.4,7,3482.6,6,3482.8,3,3483.0,3,3481.8
IF2408,,13:40:27.800#,3515.0,3522.0,3481.8,3862.2,3160.2,31871,62661,3481.2,12,3481.4,1,3481.6,16,3481.8,7,3482.0,1,3482.2,1,3482.4,7,3482.6,6,3482.8,1,3483.0,3,3482.0
IF2408,,13:40:28.300#,3515.0,3522.0,3481.8,3862.2,3160.2,31872,62662,3481.0,74,3481.2,12,3481.4,1,3481.6,16,3481.8,7,3482.0,2,3482.2,1,3482.4,7,3482.6,6,3482.8,1,3482.0
IF2408,,13:40:28.800#,3515.0,3522.0,3481.8,3862.2,3160.2,31872,62662,3481.0,74,3481.2,12,3481.4,1,3481.6,16,3481.8,7,3482.0,3,3482.2,1,3482.4,7,3482.6,7,3482.8,1,3482.0
IF2408,,13:40:29.300#,3515.0,3522.0,3481.8,3862.2,3160.2,31872,62662,3481.0,71,3481.2,12,3481.4,1,3481.6,16,3481.8,10,3482.0,3,3482.2,1,3482.4,7,3482.6,7,3482.8,1,3482.0
IF2408,,13:40:29.800#,3515.0,3522.0,3481.8,3862.2,3160.2,31873,62662,3481.0,71,3481.2,12,3481.4,1,3481.6,16,3481.8,9,3482.0,3,3482.2,1,3482.4,7,3482.6,7,3482.8,1,3481.8
IF2408,,13:40:30.300#,3515.0,3522.0,3481.8,3862.2,3160.2,31874,62662,3481.0,71,3481.2,12,3481.4,1,3481.6,16,3481.8,9,3482.0,2,3482.2,2,3482.4,7,3482.6,7,3482.8,1,3482.0
IF2408,,13:40:31.300#,3515.0,3522.0,3481.8,3862.2,3160.2,31875,62663,3481.0,71,3481.2,12,3481.4,2,3481.6,16,3481.8,8,3482.0,2,3482.2,2,3482.4,7,3482.6,7,3482.8,1,3481.8
IF2408,,13:40:31.800#,3515.0,3522.0,3481.8,3862.2,3160.2,31877,62663,3481.0,71,3481.2,12,3481.4,2,3481.6,16,3481.8,7,3482.0,1,3482.2,2,3482.4,7,3482.6,7,3482.8,1,3481.8
IF2408,,13:40:32.300#,3515.0,3522.0,3481.8,3862.2,3160.2,31878,62662,3481.0,71,3481.2,12,3481.4,2,3481.6,16,3481.8,7,3482.2,2,3482.4,7,3482.6,7,3482.8,1,3483.0,3,3482.0
IF2408,,13:40:32.800#,3515.0,3522.0,3481.8,3862.2,3160.2,31879,62662,3481.0,71,3481.2,12,3481.4,2,3481.6,16,3481.8,6,3482.0,1,3482.2,2,3482.4,7,3482.6,7,3482.8,1,3481.8
IF2408,,13:40:33.800#,3515.0,3522.0,3481.8,3862.2,3160.2,31880,62661,3481.0,71,3481.2,12,3481.4,2,3481.6,16,3481.8,5,3482.0,1,3482.2,2,3482.4,7,3482.6,7,3482.8,1,3481.8
IF2408,,13:40:34.300#,3515.0,3522.0,3481.8,3862.2,3160.2,31881,62660,3481.0,71,3481.2,12,3481.4,2,3481.6,16,3481.8,5,3482.2,2,3482.4,7,3482.6,7,3482.8,1,3483.0,2,3482.0
IF2408,,13:40:34.800#,3515.0,3522.0,3481.8,3862.2,3160.2,31883,62662,3481.0,71,3481.2,12,3481.4,2,3481.6,16,3481.8,3,3482.2,2,3482.4,7,3482.6,7,3482.8,1,3483.0,2,3481.8
IF2408,,13:40:35.300#,3515.0,3522.0,3481.8,3862.2,3160.2,31884,62663,3481.0,71,3481.2,12,3481.4,2,3481.6,16,3481.8,2,3482.2,4,3482.4,7,3482.6,7,3482.8,1,3483.0,2,3481.8
IF2408,,13:40:35.800#,3515.0,3522.0,3481.8,3862.2,3160.2,31885,62663,3481.2,12,3481.4,2,3481.6,16,3481.8,2,3482.0,1,3482.2,4,3482.4,7,3482.6,7,3482.8,1,3483.0,2,3482.2
IF2408,,13:40:36.300#,3515.0,3522.0,3481.8,3862.2,3160.2,31886,62664,3481.0,71,3481.2,12,3481.4,2,3481.6,16,3481.8,3,3482.2,4,3482.4,7,3482.6,7,3482.8,1,3483.0,2,3482.0
IF2408,,13:40:36.800#,3515.0,3522.0,3481.8,3862.2,3160.2,31886,62664,3481.0,71,3481.2,12,3481.4,2,3481.6,16,3481.8,3,3482.0,1,3482.2,4,3482.4,7,3482.6,7,3482.8,1,3482.0
IF2408,,13:40:37.300#,3515.0,3522.0,3481.8,3862.2,3160.2,31886,62664,3481.0,71,3481.2,12,3481.4,2,3481.6,16,3481.8,3,3482.0,2,3482.2,4,3482.4,7,3482.6,7,3482.8,1,3482.0
IF2408,,13:40:37.800#,3515.0,3522.0,3481.8,3862.2,3160.2,31887,62664,3481.0,71,3481.2,12,3481.4,2,3481.6,16,3481.8,2,3482.0,4,3482.2,4,3482.4,7,3482.6,7,3482.8,1,3481.8
IF2408,,13:40:38.300#,3515.0,3522.0,3481.8,3862.2,3160.2,31888,62665,3481.0,71,3481.2,12,3481.4,2,3481.6,16,3481.8,1,3482.0,4,3482.2,4,3482.4,10,3482.6,7,3482.8,1,3481.8
IF2408,,13:40:38.800#,3515.0,3522.0,3481.8,3862.2,3160.2,31888,62665,3481.0,71,3481.2,12,3481.4,2,3481.6,16,3481.8,1,3482.0,5,3482.2,4,3482.4,10,3482.6,7,3482.8,1,3481.8
IF2408,,13:40:39.300#,3515.0,3522.0,3481.8,3862.2,3160.2,31888,62665,3481.0,71,3481.2,12,3481.4,2,3481.6,17,3481.8,1,3482.0,6,3482.2,4,3482.4,10,3482.6,7,3482.8,1,3481.8
IF2408,,13:40:39.800#,3515.0,3522.0,3481.6,3862.2,3160.2,31890,62667,3480.8,8,3481.0,71,3481.2,12,3481.4,2,3481.6,16,3482.0,6,3482.2,4,3482.4,10,3482.6,7,3482.8,1,3481.6
IF2408,,13:40:40.300#,3515.0,3522.0,3481.6,3862.2,3160.2,31893,62670,3480.8,8,3481.0,71,3481.2,12,3481.4,2,3481.6,13,3481.8,2,3482.0,6,3482.2,4,3482.4,10,3482.6,7,3481.6
IF2408,,13:40:40.800#,3515.0,3522.0,3481.6,3862.2,3160.2,31893,62670,3480.8,8,3481.0,71,3481.2,12,3481.4,2,3481.6,8,3481.8,2,3482.0,4,3482.2,4,3482.4,10,3482.6,7,3481.6
IF2408,,13:40:41.300#,3515.0,3522.0,3481.6,3862.2,3160.2,31893,62670,3480.8,8,3481.0,71,3481.2,12,3481.4,2,3481.6,8,3481.8,4,3482.0,4,3482.2,4,3482.4,10,3482.6,7,3481.6
IF2408,,13:40:41.800#,3515.0,3522.0,3481.6,3862.2,3160.2,31894,62670,3480.8,8,3481.0,71,3481.2,13,3481.4,2,3481.6,7,3481.8,4,3482.0,4,3482.2,4,3482.4,10,3482.6,8,3481.6
IF2408,,13:40:42.300#,3515.0,3522.0,3481.6,3862.2,3160.2,31894,62670,3480.8,8,3481.0,71,3481.2,13,3481.4,2,3481.6,8,3481.8,4,3482.0,4,3482.2,4,3482.4,10,3482.6,8,3481.6
IF2408,,13:40:43.800#,3515.0,3522.0,3481.6,3862.2,3160.2,31894,62670,3480.8,8,3481.0,71,3481.2,13,3481.4,2,3481.6,8,3481.8,4,3482.0,3,3482.2,4,3482.4,10,3482.6,8,3481.6
IF2408,,13:40:44.300#,3515.0,3522.0,3481.6,3862.2,3160.2,31894,62670,3480.8,8,3481.0,71,3481.2,13,3481.4,2,3481.6,8,3481.8,5,3482.0,3,3482.2,4,3482.4,10,3482.6,8,3481.6
IF2408,,13:40:44.800#,3515.0,3522.0,3481.6,3862.2,3160.2,31894,62670,3480.8,8,3481.0,71,3481.2,13,3481.4,3,3481.6,8,3481.8,5,3482.0,3,3482.2,4,3482.4,10,3482.6,8,3481.6
IF2408,,13:40:45.300#,3515.0,3522.0,3481.6,3862.2,3160.2,31895,62669,3480.8,8,3481.0,71,3481.2,13,3481.4,3,3481.6,8,3482.0,3,3482.2,4,3482.4,10,3482.6,8,3482.8,4,3481.8
IF2408,,13:40:45.800#,3515.0,3522.0,3481.6,3862.2,3160.2,31897,62669,3480.8,8,3481.0,71,3481.2,13,3481.4,3,3481.6,6,3482.0,3,3482.2,4,3482.4,10,3482.6,8,3482.8,4,3481.6
IF2408,,13:40:46.300#,3515.0,3522.0,3481.6,3862.2,3160.2,31897,62669,3480.8,8,3481.0,71,3481.2,13,3481.4,3,3481.6,8,3482.0,3,3482.2,4,3482.4,10,3482.6,8,3482.8,4,3481.6
IF2408,,13:40:47.800#,3515.0,3522.0,3481.6,3862.2,3160.2,31897,62669,3480.8,8,3481.0,71,3481.2,13,3481.4,3,3481.6,8,3481.8,1,3482.0,3,3482.2,4,3482.4,10,3482.6,8,3481.6
IF2408,,13:40:48.300#,3515.0,3522.0,3481.6,3862.2,3160.2,31898,62670,3480.8,8,3481.0,71,3481.2,13,3481.4,3,3481.6,8,3482.0,3,3482.2,4,3482.4,10,3482.6,8,3482.8,4,3481.8
IF2408,,13:40:48.800#,3515.0,3522.0,3481.6,3862.2,3160.2,31898,62670,3481.0,71,3481.2,13,3481.4,3,3481.6,8,3481.8,1,3482.0,3,3482.2,2,3482.4,10,3482.6,8,3482.8,1,3481.8
IF2408,,13:40:49.300#,3515.0,3522.0,3481.6,3862.2,3160.2,31899,62669,3480.8,8,3481.0,71,3481.2,13,3481.4,3,3481.6,8,3482.0,4,3482.2,2,3482.4,10,3482.6,8,3482.8,1,3481.8
IF2408,,13:40:49.800#,3515.0,3522.0,3481.6,3862.2,3160.2,31899,62669,3480.8,8,3481.0,71,3481.2,13,3481.4,3,3481.6,8,3482.0,5,3482.2,1,3482.4,10,3482.6,8,3482.8,1,3481.8
IF2408,,13:40:50.300#,3515.0,3522.0,3481.6,3862.2,3160.2,31900,62669,3481.0,71,3481.2,13,3481.4,3,3481.6,8,3481.8,5,3482.0,4,3482.2,1,3482.4,10,3482.6,8,3482.8,1,3482.0
IF2408,,13:40:50.800#,3515.0,3522.0,3481.6,3862.2,3160.2,31900,62669,3481.0,71,3481.2,13,3481.4,3,3481.6,8,3481.8,5,3482.0,2,3482.2,1,3482.4,10,3482.6,8,3482.8,1,3482.0
IF2408,,13:40:51.300#,3515.0,3522.0,3481.6,3862.2,3160.2,31901,62668,3481.0,71,3481.2,13,3481.4,3,3481.6,8,3481.8,4,3482.0,2,3482.2,1,3482.4,10,3482.6,8,3482.8,1,3481.8
IF2408,,13:40:51.800#,3515.0,3522.0,3481.6,3862.2,3160.2,31902,62668,3481.0,71,3481.2,13,3481.4,3,3481.6,8,3481.8,3,3482.0,2,3482.2,1,3482.4,10,3482.6,8,3482.8,1,3481.8
IF2408,,13:40:52.800#,3515.0,3522.0,3481.6,3862.2,3160.2,31902,62668,3481.0,71,3481.2,13,3481.4,3,3481.6,8,3481.8,3,3482.0,2,3482.2,1,3482.4,10,3482.6,7,3482.8,1,3481.8
IF2408,,13:40:55.300#,3515.0,3522.0,3481.6,3862.2,3160.2,31902,62668,3481.0,71,3481.2,13,3481.4,3,3481.6,8,3481.8,4,3482.0,2,3482.2,1,3482.4,10,3482.6,7,3482.8,1,3481.8
IF2408,,13:40:55.800#,3515.0,3522.0,3481.6,3862.2,3160.2,31902,62668,3481.0,71,3481.2,13,3481.4,3,3481.6,8,3481.8,5,3482.0,2,3482.2,1,3482.4,10,3482.6,7,3482.8,1,3481.8
IF2408,,13:40:56.300#,3515.0,3522.0,3481.6,3862.2,3160.2,31904,62666,3481.0,71,3481.2,13,3481.4,3,3481.6,8,3481.8,3,3482.0,4,3482.2,1,3482.4,10,3482.6,7,3482.8,1,3481.8
IF2408,,13:40:58.800#,3515.0,3522.0,3481.6,3862.2,3160.2,31905,62666,3481.0,71,3481.2,13,3481.4,3,3481.6,8,3481.8,2,3482.0,4,3482.2,1,3482.4,10,3482.6,7,3482.8,1,3481.8
IF2408,,13:40:59.300#,3515.0,3522.0,3481.6,3862.2,3160.2,31905,62666,3481.0,71,3481.2,13,3481.4,3,3481.6,8,3481.8,2,3482.0,5,3482.2,1,3482.4,10,3482.6,7,3482.8,1,3481.8
IF2408,,13:41:00.800#,3515.0,3522.0,3481.6,3862.2,3160.2,31907,62666,3481.0,71,3481.2,13,3481.4,3,3481.6,8,3481.8,1,3482.0,4,3482.2,3,3482.4,10,3482.6,7,3482.8,1,3481.8
IF2408,,13:41:01.300#,3515.0,3522.0,3481.6,3862.2,3160.2,31908,62666,3480.8,8,3481.0,71,3481.2,13,3481.4,3,3481.6,8,3481.8,9,3482.0,4,3482.2,3,3482.4,10,3482.6,7,3481.8
IF2408,,13:41:02.300#,3515.0,3522.0,3481.6,3862.2,3160.2,31910,62667,3480.8,8,3481.0,71,3481.2,13,3481.4,3,3481.6,7,3481.8,8,3482.0,4,3482.2,3,3482.4,10,3482.6,7,3481.6
IF2408,,13:41:03.300#,3515.0,3522.0,3481.6,3862.2,3160.2,31912,62668,3480.8,8,3481.0,71,3481.2,13,3481.4,3,3481.6,6,3481.8,7,3482.0,4,3482.2,3,3482.4,10,3482.6,7,3481.8
IF2408,,13:41:03.800#,3515.0,3522.0,3481.6,3862.2,3160.2,31913,62668,3480.8,8,3481.0,71,3481.2,13,3481.4,3,3481.6,5,3481.8,7,3482.0,5,3482.2,3,3482.4,10,3482.6,7,3481.6
IF2408,,13:41:04.300#,3515.0,3522.0,3481.6,3862.2,3160.2,31915,62669,3480.8,8,3481.0,71,3481.2,13,3481.4,3,3481.6,5,3481.8,5,3482.0,5,3482.2,3,3482.4,10,3482.6,7,3481.8
IF2408,,13:41:04.800#,3515.0,3522.0,3481.6,3862.2,3160.2,31920,62674,3480.8,8,3481.0,71,3481.2,13,3481.4,3,3481.6,5,3482.0,5,3482.2,3,3482.4,10,3482.6,7,3482.8,1,3481.8
IF2408,,13:41:05.300#,3515.0,3522.0,3481.6,3862.2,3160.2,31922,62673,3481.0,71,3481.2,13,3481.4,3,3481.6,9,3481.8,7,3482.0,3,3482.2,3,3482.4,10,3482.6,7,3482.8,1,3482.0
IF2408,,13:41:05.800#,3515.0,3522.0,3481.6,3862.2,3160.2,31930,62674,3481.2,13,3481.4,3,3481.6,9,3481.8,6,3482.0,1,3482.4,9,3482.6,7,3482.8,1,3483.0,2,3483.2,5,3482.4
IF2408,,13:41:06.300#,3515.0,3522.0,3481.6,3862.2,3160.2,31930,62674,3481.2,13,3481.4,3,3481.6,9,3481.8,6,3482.0,1,3482.4,9,3482.6,9,3482.8,1,3483.0,2,3483.2,5,3482.4
IF2408,,13:41:06.800#,3515.0,3522.0,3481.6,3862.2,3160.2,31933,62674,3481.0,71,3481.2,13,3481.4,3,3481.6,9,3481.8,4,3482.4,10,3482.6,9,3482.8,1,3483.0,2,3483.2,5,3481.8
IF2408,,13:41:07.300#,3515.0,3522.0,3481.6,3862.2,3160.2,31933,62674,3481.2,13,3481.4,3,3481.6,5,3481.8,3,3482.0,1,3482.2,6,3482.4,11,3482.6,8,3482.8,1,3483.0,2,3481.8
IF2408,,13:41:07.800#,3515.0,3522.0,3481.6,3862.2,3160.2,31935,62673,3480.8,8,3481.0,71,3481.2,13,3481.4,3,3481.6,5,3482.2,8,3482.4,9,3482.6,8,3482.8,1,3483.0,2,3482.0
IF2408,,13:41:08.300#,3515.0,3522.0,3481.6,3862.2,3160.2,31936,62672,3480.8,8,3481.0,71,3481.2,13,3481.4,3,3481.6,6,3482.2,9,3482.4,8,3482.6,8,3482.8,1,3483.0,2,3481.8
IF2408,,13:41:08.800#,3515.0,3522.0,3481.6,3862.2,3160.2,31936,62672,3480.8,8,3481.0,71,3481.2,13,3481.4,3,3481.6,5,3482.0,3,3482.2,9,3482.4,8,3482.6,5,3482.8,1,3481.8
IF2408,,13:41:09.300#,3515.0,3522.0,3481.6,3862.2,3160.2,31937,62672,3480.8,8,3481.0,71,3481.2,13,3481.4,3,3481.6,4,3482.0,7,3482.2,7,3482.4,8,3482.6,5,3482.8,1,3481.6
IF2408,,13:41:09.800#,3515.0,3522.0,3481.6,3862.2,3160.2,31937,62672,3480.8,8,3481.0,71,3481.2,13,3481.4,3,3481.6,4,3481.8,1,3482.0,8,3482.2,6,3482.4,8,3482.6,5,3481.6
IF2408,,13:41:10.300#,3515.0,3522.0,3481.6,3862.2,3160.2,31938,62673,3480.8,8,3481.0,71,3481.2,13,3481.4,3,3481.6,4,3481.8,2,3482.0,8,3482.2,6,3482.4,8,3482.6,5,3481.6
IF2408,,13:41:10.800#,3515.0,3522.0,3481.6,3862.2,3160.2,31940,62674,3480.8,8,3481.0,71,3481.2,13,3481.4,3,3481.6,3,3481.8,1,3482.0,8,3482.2,6,3482.4,8,3482.6,5,3481.6
IF2408,,13:41:11.800#,3515.0,3522.0,3481.6,3862.2,3160.2,31941,62675,3480.8,8,3481.0,71,3481.2,13,3481.4,3,3481.6,3,3482.0,8,3482.2,6,3482.4,8,3482.6,5,3483.0,2,3481.8
IF2408,,13:41:12.300#,3515.0,3522.0,3481.6,3862.2,3160.2,31942,62676,3480.8,8,3481.0,71,3481.2,13,3481.4,3,3481.6,2,3481.8,1,3482.0,5,3482.2,6,3482.4,8,3482.6,5,3481.6
IF2408,,13:41:12.800#,3515.0,3522.0,3481.6,3862.2,3160.2,31942,62676,3481.0,71,3481.2,13,3481.4,3,3481.6,2,3481.8,2,3482.0,5,3482.2,6,3482.4,8,3482.6,5,3483.0,2,3481.6
IF2408,,13:41:13.300#,3515.0,3522.0,3481.6,3862.2,3160.2,31945,62678,3480.8,8,3481.0,71,3481.2,13,3481.4,3,3481.6,1,3482.0,4,3482.2,6,3482.4,9,3482.6,5,3482.8,1,3481.6
IF2408,,13:41:13.800#,3515.0,3522.0,3481.6,3862.2,3160.2,31945,62678,3480.8,8,3481.0,71,3481.2,13,3481.4,3,3481.6,1,3481.8,1,3482.0,6,3482.2,6,3482.4,9,3482.6,5,3481.6
IF2408,,13:41:14.300#,3515.0,3522.0,3481.6,3862.2,3160.2,31945,62678,3480.8,8,3481.0,71,3481.2,13,3481.4,3,3481.6,1,3481.8,3,3482.0,2,3482.2,6,3482.4,9,3482.6,5,3481.6
IF2408,,13:41:15.800#,3515.0,3522.0,3481.6,3862.2,3160.2,31945,62678,3480.8,8,3481.0,71,3481.2,13,3481.4,3,3481.6,1,3481.8,3,3482.0,2,3482.2,7,3482.4,9,3482.6,5,3481.6
IF2408,,13:41:16.300#,3515.0,3522.0,3481.6,3862.2,3160.2,31948,62678,3480.8,8,3481.0,71,3481.2,13,3481.4,3,3481.6,1,3482.0,2,3482.2,7,3482.4,9,3482.6,5,3482.8,1,3481.8
IF2408,,13:41:16.800#,3515.0,3522.0,3481.6,3862.2,3160.2,31949,62678,3480.8,8,3481.0,71,3481.2,13,3481.4,3,3481.6,4,3482.0,1,3482.2,7,3482.4,9,3482.6,5,3482.8,1,3482.0
IF2408,,13:41:17.300#,3515.0,3522.0,3481.6,3862.2,3160.2,31949,62678,3481.0,71,3481.2,13,3481.4,3,3481.6,6,3481.8,6,3482.0,1,3482.2,7,3482.4,9,3482.6,5,3482.8,1,3482.0
IF2408,,13:41:17.800#,3515.0,3522.0,3481.6,3862.2,3160.2,31949,62678,3481.0,71,3481.2,13,3481.4,3,3481.6,4,3481.8,4,3482.0,1,3482.2,7,3482.4,9,3482.6,5,3482.8,1,3482.0
IF2408,,13:41:19.800#,3515.0,3522.0,3481.6,3862.2,3160.2,31949,62678,3481.0,71,3481.2,13,3481.4,3,3481.6,1,3481.8,4,3482.0,1,3482.2,7,3482.4,9,3482.6,5,3482.8,1,3482.0
IF2408,,13:41:21.300#,3515.0,3522.0,3481.6,3862.2,3160.2,31949,62678,3481.0,71,3481.2,13,3481.4,3,3481.6,1,3481.8,4,3482.0,1,3482.2,8,3482.4,9,3482.6,5,3482.8,1,3482.0
IF2408,,13:41:21.800#,3515.0,3522.0,3481.6,3862.2,3160.2,31949,62678,3481.0,71,3481.2,13,3481.4,3,3481.6,1,3481.8,3,3482.0,1,3482.2,8,3482.4,9,3482.6,5,3482.8,1,3482.0
IF2408,,13:41:22.300#,3515.0,3522.0,3481.6,3862.2,3160.2,31950,62678,3481.0,71,3481.2,13,3481.4,3,3481.6,1,3481.8,1,3482.2,8,3482.4,9,3482.6,5,3482.8,1,3483.0,6,3482.0
IF2408,,13:41:22.800#,3515.0,3522.0,3481.6,3862.2,3160.2,31952,62678,3481.0,71,3481.2,13,3481.4,3,3481.6,1,3481.8,1,3482.2,9,3482.4,9,3482.6,5,3482.8,1,3483.0,6,3481.8
IF2408,,13:41:24.300#,3515.0,3522.0,3481.6,3862.2,3160.2,31953,62677,3480.8,8,3481.0,71,3481.2,13,3481.4,3,3481.6,1,3481.8,1,3482.2,9,3482.4,9,3482.6,5,3482.8,1,3481.8
IF2408,,13:41:24.800#,3515.0,3522.0,3481.6,3862.2,3160.2,31954,62677,3481.0,71,3481.2,13,3481.4,3,3481.6,1,3481.8,2,3482.2,9,3482.4,9,3482.6,5,3482.8,1,3483.0,6,3481.8
IF2408,,13:41:25.300#,3515.0,3522.0,3481.6,3862.2,3160.2,31954,62677,3481.0,71,3481.2,13,3481.4,3,3481.6,1,3481.8,3,3482.2,9,3482.4,9,3482.6,5,3482.8,1,3483.0,6,3481.8
IF2408,,13:41:25.800#,3515.0,3522.0,3481.6,3862.2,3160.2,31954,62677,3481.0,71,3481.2,13,3481.4,3,3481.6,1,3481.8,3,3482.2,6,3482.4,8,3482.6,5,3482.8,1,3483.0,6,3481.8
IF2408,,13:41:26.300#,3515.0,3522.0,3481.6,3862.2,3160.2,31954,62677,3481.2,13,3481.4,3,3481.6,1,3481.8,3,3482.0,2,3482.2,2,3482.4,8,3482.6,5,3482.8,1,3483.0,6,3481.8
IF2408,,13:41:26.800#,3515.0,3522.0,3481.6,3862.2,3160.2,31954,62677,3481.0,71,3481.2,13,3481.4,3,3481.8,3,3482.0,4,3482.2,2,3482.4,7,3482.6,5,3482.8,2,3483.0,6,3481.8
IF2408,,13:41:27.300#,3515.0,3522.0,3481.6,3862.2,3160.2,31959,62672,3480.8,8,3481.0,71,3481.2,13,3481.4,3,3481.8,3,3482.0,1,3482.2,2,3482.4,4,3482.6,5,3482.8,2,3482.0
IF2408,,13:41:27.800#,3515.0,3522.0,3481.6,3862.2,3160.2,31962,62670,3481.0,71,3481.2,13,3481.4,3,3481.8,3,3482.0,3,3482.2,2,3482.4,4,3482.6,5,3482.8,2,3483.0,6,3482.0
IF2408,,13:41:28.300#,3515.0,3522.0,3481.6,3862.2,3160.2,31963,62671,3480.8,8,3481.0,71,3481.2,13,3481.4,3,3481.8,3,3482.2,2,3482.4,4,3482.6,5,3482.8,2,3483.0,6,3482.0
IF2408,,13:41:28.800#,3515.0,3522.0,3481.6,3862.2,3160.2,31963,62671,3480.8,8,3481.0,71,3481.2,13,3481.4,3,3481.8,1,3482.0,2,3482.2,2,3482.4,4,3482.6,5,3482.8,2,3482.0
IF2408,,13:41:30.300#,3515.0,3522.0,3481.6,3862.2,3160.2,31964,62670,3480.6,10,3480.8,8,3481.0,71,3481.2,13,3481.4,3,3482.0,2,3482.2,2,3482.4,4,3482.6,5,3482.8,2,3481.8
IF2408,,13:41:30.800#,3515.0,3522.0,3481.6,3862.2,3160.2,31964,62670,3480.8,8,3481.0,71,3481.2,13,3481.4,7,3481.6,1,3482.0,2,3482.2,2,3482.4,4,3482.6,5,3482.8,2,3481.8
IF2408,,13:41:31.300#,3515.0,3522.0,3481.6,3862.2,3160.2,31964,62670,3480.8,8,3481.0,71,3481.2,13,3481.4,7,3481.6,8,3482.0,2,3482.2,2,3482.4,4,3482.6,5,3482.8,2,3481.8
IF2408,,13:41:31.800#,3515.0,3522.0,3481.6,3862.2,3160.2,31966,62672,3481.0,71,3481.2,13,3481.4,3,3481.6,8,3481.8,3,3482.2,2,3482.4,7,3482.6,5,3482.8,2,3483.0,6,3482.0
IF2408,,13:41:32.300#,3515.0,3522.0,3481.6,3862.2,3160.2,31966,62672,3481.0,71,3481.2,13,3481.4,3,3481.6,9,3481.8,1,3482.2,2,3482.4,7,3482.6,5,3482.8,2,3483.0,6,3482.0
IF2408,,13:41:32.800#,3515.0,3522.0,3481.6,3862.2,3160.2,31966,62672,3480.8,8,3481.0,71,3481.2,13,3481.4,5,3481.6,9,3482.0,2,3482.2,2,3482.4,7,3482.6,5,3482.8,2,3482.0
IF2408,,13:41:33.300#,3515.0,3522.0,3481.6,3862.2,3160.2,31966,62672,3480.8,8,3481.0,71,3481.2,13,3481.4,5,3481.6,9,3482.0,3,3482.2,2,3482.4,7,3482.6,5,3482.8,2,3482.0
IF2408,,13:41:33.800#,3515.0,3522.0,3481.6,3862.2,3160.2,31966,62672,3480.8,8,3481.0,71,3481.2,13,3481.4,5,3481.6,5,3482.0,3,3482.2,2,3482.4,7,3482.6,5,3482.8,2,3482.0
IF2408,,13:41:34.300#,3515.0,3522.0,3481.6,3862.2,3160.2,31966,62672,3480.8,8,3481.0,71,3481.2,13,3481.4,5,3481.6,1,3481.8,8,3482.0,5,3482.2,2,3482.4,7,3482.6,5,3482.0
IF2408,,13:41:34.800#,3515.0,3522.0,3481.6,3862.2,3160.2,31967,62673,3480.6,10,3480.8,8,3481.0,71,3481.2,13,3481.4,5,3481.8,8,3482.0,3,3482.2,2,3482.4,7,3482.6,5,3481.6
IF2408,,13:41:35.300#,3515.0,3522.0,3481.4,3862.2,3160.2,31968,62674,3480.6,10,3480.8,9,3481.0,71,3481.2,13,3481.4,4,3481.8,9,3482.0,2,3482.2,2,3482.4,7,3482.6,5,3481.4
IF2408,,13:41:35.800#,3515.0,3522.0,3481.4,3862.2,3160.2,31970,62674,3480.6,10,3480.8,9,3481.0,71,3481.2,13,3481.4,3,3481.8,9,3482.0,2,3482.2,2,3482.4,7,3482.6,5,3481.6
IF2408,,13:41:36.300#,3515.0,3522.0,3481.4,3862.2,3160.2,31971,62674,3480.6,10,3480.8,9,3481.0,71,3481.2,13,3481.4,3,3481.8,8,3482.0,2,3482.2,2,3482.4,7,3482.6,5,3481.8
IF2408,,13:41:37.300#,3515.0,3522.0,3481.4,3862.2,3160.2,31972,62674,3480.6,10,3480.8,9,3481.0,71,3481.2,13,3481.4,2,3481.8,7,3482.0,2,3482.2,2,3482.4,7,3482.6,5,3481.4
IF2408,,13:41:37.800#,3515.0,3522.0,3481.4,3862.2,3160.2,31974,62674,3480.4,17,3480.6,10,3480.8,9,3481.0,71,3481.2,13,3481.4,4,3481.6,1,3481.8,7,3482.0,2,3482.2,2,3481.4
IF2408,,13:41:38.300#,3515.0,3522.0,3481.4,3862.2,3160.2,31975,62673,3480.4,17,3480.6,10,3480.8,9,3481.0,71,3481.2,14,3481.4,3,3481.6,1,3481.8,7,3482.0,2,3482.2,2,3481.4
IF2408,,13:41:38.800#,3515.0,3522.0,3481.4,3862.2,3160.2,31978,62672,3480.6,10,3480.8,9,3481.0,71,3481.2,15,3481.4,4,3481.6,1,3481.8,7,3482.0,2,3482.2,2,3482.4,6,3481.4
IF2408,,13:41:39.300#,3515.0,3522.0,3481.4,3862.2,3160.2,31979,62671,3480.6,10,3480.8,9,3481.0,71,3481.2,16,3481.4,4,3482.0,2,3482.2,2,3482.4,6,3482.6,3,3482.8,2,3481.6
IF2408,,13:41:39.800#,3515.0,3522.0,3481.4,3862.2,3160.2,31980,62671,3480.6,10,3480.8,9,3481.0,71,3481.2,15,3481.4,7,3482.0,3,3482.2,2,3482.4,6,3482.6,3,3482.8,2,3481.6
IF2408,,13:41:40.300#,3515.0,3522.0,3481.4,3862.2,3160.2,31980,62671,3480.8,9,3481.0,71,3481.2,15,3481.4,4,3481.6,1,3482.0,3,3482.2,2,3482.4,6,3482.6,3,3482.8,2,3481.6
IF2408,,13:41:40.800#,3515.0,3522.0,3481.4,3862.2,3160.2,31980,62671,3480.8,9,3481.0,71,3481.2,15,3481.4,3,3481.6,1,3482.0,7,3482.2,2,3482.4,6,3482.6,3,3482.8,2,3481.6
IF2408,,13:41:41.300#,3515.0,3522.0,3481.4,3862.2,3160.2,31984,62669,3480.4,17,3480.6,10,3480.8,9,3481.0,71,3481.2,15,3481.4,2,3481.6,2,3482.0,3,3482.2,2,3482.4,6,3481.4
IF2408,,13:41:41.800#,3515.0,3522.0,3481.4,3862.2,3160.2,31989,62667,3480.8,9,3481.0,71,3481.2,15,3481.4,8,3481.6,1,3482.0,2,3482.2,2,3482.4,6,3482.6,3,3482.8,2,3481.6
IF2408,,13:41:42.300#,3515.0,3522.0,3481.4,3862.2,3160.2,31989,62667,3480.8,9,3481.0,71,3481.2,15,3481.4,6,3481.6,1,3482.0,2,3482.2,2,3482.4,6,3482.6,3,3482.8,2,3481.6
IF2408,,13:41:42.800#,3515.0,3522.0,3481.4,3862.2,3160.2,31990,62667,3480.8,9,3481.0,71,3481.2,15,3481.4,6,3481.6,1,3482.0,3,3482.2,2,3482.4,6,3482.6,3,3482.8,2,3481.8
IF2408,,13:41:43.300#,3515.0,3522.0,3481.4,3862.2,3160.2,31990,62667,3481.0,71,3481.2,15,3481.4,5,3481.6,1,3481.8,4,3482.0,2,3482.2,2,3482.4,6,3482.6,3,3482.8,2,3481.8
IF2408,,13:41:43.800#,3515.0,3522.0,3481.4,3862.2,3160.2,31990,62667,3481.0,71,3481.2,15,3481.4,5,3481.6,1,3481.8,4,3482.2,2,3482.4,6,3482.6,3,3482.8,2,3483.0,6,3481.8
IF2408,,13:41:44.800#,3515.0,3522.0,3481.4,3862.2,3160.2,31990,62667,3481.0,71,3481.2,15,3481.4,6,3481.6,1,3481.8,4,3482.2,2,3482.4,6,3482.6,3,3482.8,2,3483.0,6,3481.8
IF2408,,13:41:45.300#,3515.0,3522.0,3481.4,3862.2,3160.2,31990,62667,3481.0,71,3481.2,15,3481.4,7,3481.6,1,3481.8,4,3482.0,1,3482.2,2,3482.4,6,3482.6,3,3482.8,2,3481.8
IF2408,,13:41:48.800#,3515.0,3522.0,3481.4,3862.2,3160.2,31990,62667,3481.0,71,3481.2,15,3481.4,6,3481.6,1,3481.8,4,3482.0,1,3482.2,2,3482.4,6,3482.6,3,3482.8,2,3481.8
IF2408,,13:41:49.800#,3515.0,3522.0,3481.4,3862.2,3160.2,31991,62666,3481.0,71,3481.2,15,3481.4,6,3481.6,1,3481.8,3,3482.0,1,3482.2,2,3482.4,6,3482.6,3,3482.8,2,3481.8
IF2408,,13:41:50.300#,3515.0,3522.0,3481.4,3862.2,3160.2,31992,62665,3481.0,71,3481.2,15,3481.4,6,3481.6,2,3481.8,2,3482.0,1,3482.2,2,3482.4,6,3482.6,3,3482.8,2,3481.8
IF2408,,13:41:51.800#,3515.0,3522.0,3481.4,3862.2,3160.2,31994,62665,3480.8,9,3481.0,71,3481.2,15,3481.4,6,3481.6,2,3482.0,1,3482.2,2,3482.4,6,3482.6,3,3482.8,2,3481.8
IF2408,,13:41:52.300#,3515.0,3522.0,3481.4,3862.2,3160.2,31994,62665,3481.0,71,3481.2,15,3481.4,6,3481.6,2,3481.8,1,3482.0,1,3482.2,2,3482.4,6,3482.6,3,3482.8,2,3481.8
IF2408,,13:41:52.800#,3515.0,3522.0,3481.4,3862.2,3160.2,31995,62664,3480.8,9,3481.0,71,3481.2,15,3481.4,6,3481.6,2,3482.0,1,3482.2,2,3482.4,6,3482.6,3,3482.8,2,3481.8
IF2408,,13:41:53.300#,3515.0,3522.0,3481.4,3862.2,3160.2,31996,62663,3480.8,9,3481.0,71,3481.2,15,3481.4,6,3481.6,2,3482.0,1,3482.2,2,3482.4,6,3482.6,3,3482.8,2,3481.8
IF2408,,13:41:54.300#,3515.0,3522.0,3481.4,3862.2,3160.2,31996,62663,3481.0,71,3481.2,15,3481.4,6,3481.6,2,3481.8,1,3482.0,1,3482.2,2,3482.4,6,3482.6,3,3482.8,2,3481.8
IF2408,,13:41:54.800#,3515.0,3522.0,3481.4,3862.2,3160.2,31997,62663,3481.2,15,3481.4,6,3481.6,2,3481.8,1,3482.0,3,3482.2,2,3482.4,6,3482.6,3,3482.8,2,3483.0,6,3482.0
IF2408,,13:41:55.300#,3515.0,3522.0,3481.4,3862.2,3160.2,31999,62662,3481.2,15,3481.4,6,3481.6,2,3481.8,1,3482.0,1,3482.2,2,3482.4,6,3482.6,3,3482.8,2,3483.0,6,3482.0
IF2408,,13:41:55.800#,3515.0,3522.0,3481.4,3862.2,3160.2,32000,62661,3481.0,71,3481.2,15,3481.4,6,3481.6,2,3481.8,1,3482.0,2,3482.2,6,3482.4,6,3482.6,3,3482.8,2,3482.0
IF2408,,13:41:56.300#,3515.0,3522.0,3481.4,3862.2,3160.2,32001,62662,3480.8,9,3481.0,71,3481.2,15,3481.4,6,3481.6,2,3481.8,1,3482.0,4,3482.2,6,3482.4,6,3482.6,3,3481.8
IF2408,,13:41:56.800#,3515.0,3522.0,3481.4,3862.2,3160.2,32004,62663,3480.8,9,3481.0,71,3481.2,15,3481.4,6,3481.6,2,3482.0,2,3482.2,6,3482.4,6,3482.6,3,3482.8,2,3481.8
IF2408,,13:41:57.300#,3515.0,3522.0,3481.4,3862.2,3160.2,32004,62663,3480.8,9,3481.0,71,3481.2,15,3481.4,6,3481.6,2,3482.0,2,3482.2,2,3482.4,6,3482.6,3,3482.8,2,3481.8
IF2408,,13:41:57.800#,3515.0,3522.0,3481.4,3862.2,3160.2,32005,62664,3480.8,9,3481.0,71,3481.2,15,3481.4,6,3481.6,2,3482.0,1,3482.2,2,3482.4,6,3482.6,3,3482.8,2,3482.0
IF2408,,13:41:58.300#,3515.0,3522.0,3481.4,3862.2,3160.2,32005,62664,3481.0,71,3481.2,15,3481.4,6,3481.6,3,3481.8,2,3482.0,1,3482.2,2,3482.4,6,3482.6,3,3482.8,2,3482.0
IF2408,,13:41:58.800#,3515.0,3522.0,3481.4,3862.2,3160.2,32010,62660,3480.6,10,3480.8,9,3481.0,71,3481.2,15,3481.4,6,3481.6,3,3482.0,1,3482.2,2,3482.4,6,3482.6,3,3481.6
IF2408,,13:41:59.300#,3515.0,3522.0,3481.4,3862.2,3160.2,32014,62660,3480.8,9,3481.0,71,3481.2,15,3481.4,5,3481.6,3,3482.0,1,3482.2,2,3482.4,6,3482.6,3,3482.8,2,3481.6
IF2408,,13:41:59.800#,3515.0,3522.0,3481.4,3862.2,3160.2,32014,62660,3480.8,9,3481.0,71,3481.2,15,3481.4,5,3481.6,3,3481.8,1,3482.0,1,3482.2,2,3482.4,6,3482.6,3,3481.6
IF2408,,13:42:00.300#,3515.0,3522.0,3481.4,3862.2,3160.2,32015,62660,3480.8,9,3481.0,71,3481.2,15,3481.4,5,3481.6,1,3482.0,1,3482.2,2,3482.4,6,3482.6,3,3482.8,2,3481.8
IF2408,,13:42:00.800#,3515.0,3522.0,3481.4,3862.2,3160.2,32015,62660,3481.0,71,3481.2,15,3481.4,5,3481.6,1,3481.8,1,3482.0,1,3482.2,4,3482.4,6,3482.6,3,3482.8,2,3481.8
IF2408,,13:42:01.300#,3515.0,3522.0,3481.4,3862.2,3160.2,32015,62660,3481.0,71,3481.2,15,3481.4,5,3481.6,1,3481.8,2,3482.0,3,3482.2,4,3482.4,6,3482.6,3,3482.8,2,3481.8
IF2408,,13:42:01.800#,3515.0,3522.0,3481.4,3862.2,3160.2,32015,62660,3481.0,71,3481.2,15,3481.4,5,3481.6,3,3481.8,2,3482.0,1,3482.2,4,3482.4,6,3482.6,3,3482.8,2,3481.8
IF2408,,13:42:02.300#,3515.0,3522.0,3481.4,3862.2,3160.2,32016,62660,3481.0,71,3481.2,15,3481.4,5,3481.6,3,3481.8,2,3482.2,4,3482.4,6,3482.6,3,3482.8,2,3483.0,6,3482.0
IF2408,,13:42:02.800#,3515.0,3522.0,3481.4,3862.2,3160.2,32016,62660,3481.0,71,3481.2,15,3481.4,5,3481.6,3,3481.8,1,3482.2,4,3482.4,6,3482.6,3,3482.8,2,3483.0,6,3482.0
IF2408,,13:42:03.300#,3515.0,3522.0,3481.4,3862.2,3160.2,32017,62661,3481.0,71,3481.2,15,3481.4,5,3481.6,3,3481.8,1,3482.2,4,3482.4,6,3482.6,3,3482.8,5,3483.0,6,3482.0
IF2408,,13:42:03.800#,3515.0,3522.0,3481.4,3862.2,3160.2,32018,62661,3480.8,9,3481.0,71,3481.2,15,3481.4,5,3481.6,5,3482.2,4,3482.4,6,3482.6,3,3482.8,5,3483.0,6,3481.8
IF2408,,13:42:04.300#,3515.0,3522.0,3481.4,3862.2,3160.2,32018,62661,3480.8,9,3481.0,71,3481.2,15,3481.4,5,3481.6,5,3482.0,1,3482.2,4,3482.4,6,3482.6,3,3482.8,5,3481.8
IF2408,,13:42:04.800#,3515.0,3522.0,3481.4,3862.2,3160.2,32022,62664,3480.8,9,3481.0,71,3481.2,15,3481.4,5,3481.6,1,3482.0,1,3482.2,4,3482.4,6,3482.6,3,3482.8,5,3481.6
IF2408,,13:42:05.300#,3515.0,3522.0,3481.4,3862.2,3160.2,32022,62664,3481.0,71,3481.2,15,3481.4,5,3481.6,1,3481.8,1,3482.0,1,3482.2,4,3482.4,6,3482.6,3,3482.8,5,3481.6
IF2408,,13:42:06.300#,3515.0,3522.0,3481.4,3862.2,3160.2,32023,62664,3481.0,71,3481.2,15,3481.4,5,3481.6,1,3481.8,1,3482.2,4,3482.4,6,3482.6,3,3482.8,5,3483.0,6,3482.0
IF2408,,13:42:07.300#,3515.0,3522.0,3481.4,3862.2,3160.2,32024,62665,3481.0,71,3481.2,15,3481.4,5,3481.6,2,3481.8,1,3482.2,3,3482.4,6,3482.6,3,3482.8,5,3483.0,6,3482.2
IF2408,,13:42:07.800#,3515.0,3522.0,3481.4,3862.2,3160.2,32025,62665,3480.8,9,3481.0,71,3481.2,15,3481.4,5,3481.6,2,3482.2,3,3482.4,6,3482.6,3,3482.8,5,3483.0,6,3481.8
IF2408,,13:42:09.300#,3515.0,3522.0,3481.4,3862.2,3160.2,32025,62665,3480.8,9,3481.0,71,3481.2,15,3481.4,5,3481.6,2,3482.0,1,3482.2,7,3482.4,6,3482.6,3,3482.8,5,3481.8
IF2408,,13:42:10.300#,3515.0,3522.0,3481.4,3862.2,3160.2,32025,62665,3480.8,9,3481.0,71,3481.2,15,3481.4,5,3481.6,2,3482.0,5,3482.2,3,3482.4,6,3482.6,3,3482.8,5,3481.8
IF2408,,13:42:11.300#,3515.0,3522.0,3481.4,3862.2,3160.2,32026,62666,3480.8,9,3481.0,71,3481.2,15,3481.4,5,3481.6,2,3482.0,4,3482.2,4,3482.4,6,3482.6,3,3482.8,5,3482.0
IF2408,,13:42:12.300#,3515.0,3522.0,3481.4,3862.2,3160.2,32027,62666,3480.8,9,3481.0,71,3481.2,15,3481.4,5,3481.6,2,3482.0,3,3482.2,4,3482.4,6,3482.6,3,3482.8,5,3482.0
IF2408,,13:42:12.800#,3515.0,3522.0,3481.4,3862.2,3160.2,32027,62666,3481.0,71,3481.2,15,3481.4,5,3481.6,2,3481.8,1,3482.0,3,3482.2,4,3482.4,6,3482.6,3,3482.8,5,3482.0
IF2408,,13:42:13.300#,3515.0,3522.0,3481.4,3862.2,3160.2,32029,62666,3480.8,10,3481.0,71,3481.2,15,3481.4,5,3481.6,2,3482.0,2,3482.2,8,3482.4,6,3482.6,3,3482.8,5,3481.8
IF2408,,13:42:13.800#,3515.0,3522.0,3481.4,3862.2,3160.2,32030,62667,3480.8,10,3481.0,71,3481.2,15,3481.4,5,3481.6,2,3482.0,1,3482.2,8,3482.4,6,3482.6,3,3482.8,5,3482.0
IF2408,,13:42:14.300#,3515.0,3522.0,3481.4,3862.2,3160.2,32031,62667,3481.0,71,3481.2,15,3481.4,5,3481.6,2,3481.8,1,3482.0,2,3482.2,8,3482.4,6,3482.6,3,3482.8,5,3482.0
IF2408,,13:42:14.800#,3515.0,3522.0,3481.4,3862.2,3160.2,32033,62669,3481.0,71,3481.2,15,3481.4,5,3481.6,2,3481.8,1,3482.0,2,3482.2,8,3482.4,6,3482.6,3,3482.8,5,3482.0
IF2408,,13:42:15.300#,3515.0,3522.0,3481.4,3862.2,3160.2,32035,62668,3481.0,71,3481.2,15,3481.4,5,3481.6,2,3481.8,1,3482.2,8,3482.4,6,3482.6,3,3482.8,5,3483.0,2,3482.0
IF2408,,13:42:15.800#,3515.0,3522.0,3481.4,3862.2,3160.2,32035,62668,3480.8,10,3481.0,71,3481.2,15,3481.4,5,3481.6,2,3482.0,1,3482.2,8,3482.4,6,3482.6,3,3482.8,5,3482.0
IF2408,,13:42:16.300#,3515.0,3522.0,3481.4,3862.2,3160.2,32035,62668,3480.8,10,3481.0,71,3481.2,15,3481.4,5,3481.6,7,3482.2,8,3482.4,6,3482.6,3,3482.8,5,3483.0,2,3482.0
IF2408,,13:42:16.800#,3515.0,3522.0,3481.4,3862.2,3160.2,32035,62668,3481.0,71,3481.2,15,3481.4,5,3481.6,3,3481.8,1,3482.2,8,3482.4,6,3482.6,3,3482.8,5,3483.0,2,3482.0
IF2408,,13:42:17.800#,3515.0,3522.0,3481.4,3862.2,3160.2,32035,62668,3481.0,71,3481.2,15,3481.4,5,3481.6,3,3481.8,1,3482.0,1,3482.2,8,3482.4,6,3482.6,3,3482.8,5,3482.0
IF2408,,13:42:18.300#,3515.0,3522.0,3481.4,3862.2,3160.2,32035,62668,3481.0,71,3481.2,15,3481.4,5,3481.6,5,3481.8,2,3482.0,3,3482.2,8,3482.4,6,3482.6,3,3482.8,5,3482.0
IF2408,,13:42:18.800#,3515.0,3522.0,3481.4,3862.2,3160.2,32035,62668,3481.0,71,3481.2,15,3481.4,5,3481.6,5,3481.8,4,3482.0,3,3482.2,8,3482.4,6,3482.6,3,3482.8,5,3482.0
IF2408,,13:42:19.300#,3515.0,3522.0,3481.4,3862.2,3160.2,32036,62668,3481.0,71,3481.2,15,3481.4,5,3481.6,4,3481.8,3,3482.0,3,3482.2,8,3482.4,6,3482.6,3,3482.8,5,3481.8
IF2408,,13:42:21.800#,3515.0,3522.0,3481.4,3862.2,3160.2,32036,62668,3481.0,71,3481.2,15,3481.4,5,3481.6,4,3481.8,3,3482.0,4,3482.2,8,3482.4,6,3482.6,3,3482.8,5,3481.8
IF2408,,13:42:22.300#,3515.0,3522.0,3481.4,3862.2,3160.2,32040,62671,3481.0,71,3481.2,15,3481.4,6,3481.6,4,3481.8,4,3482.2,8,3482.4,6,3482.6,3,3482.8,5,3483.0,2,3482.0
IF2408,,13:42:22.800#,3515.0,3522.0,3481.4,3862.2,3160.2,32040,62671,3481.0,71,3481.2,15,3481.4,6,3481.6,4,3481.8,4,3482.0,1,3482.2,10,3482.4,6,3482.6,3,3482.8,5,3482.0
IF2408,,13:42:23.300#,3515.0,3522.0,3481.4,3862.2,3160.2,32041,62672,3481.0,71,3481.2,15,3481.4,8,3481.6,3,3481.8,4,3482.2,8,3482.4,6,3482.6,3,3482.8,5,3483.0,2,3482.0
IF2408,,13:42:24.300#,3515.0,3522.0,3481.4,3862.2,3160.2,32041,62672,3481.0,71,3481.2,15,3481.4,8,3481.6,3,3481.8,4,3482.0,1,3482.2,8,3482.4,6,3482.6,3,3482.8,5,3482.0
IF2408,,13:42:24.800#,3515.0,3522.0,3481.4,3862.2,3160.2,32043,62670,3481.0,71,3481.2,15,3481.4,8,3481.6,3,3481.8,4,3482.2,8,3482.4,6,3482.6,3,3482.8,5,3483.0,2,3481.8
IF2408,,13:42:25.300#,3515.0,3522.0,3481.4,3862.2,3160.2,32043,62670,3481.2,15,3481.4,8,3481.6,3,3481.8,4,3482.0,2,3482.2,8,3482.4,6,3482.6,3,3482.8,5,3483.0,2,3481.8
IF2408,,13:42:25.800#,3515.0,3522.0,3481.4,3862.2,3160.2,32045,62672,3481.2,15,3481.4,8,3481.6,3,3481.8,4,3482.0,1,3482.2,7,3482.4,6,3482.6,3,3482.8,5,3483.0,2,3482.2
IF2408,,13:42:26.300#,3515.0,3522.0,3481.4,3862.2,3160.2,32045,62672,3481.2,15,3481.4,9,3481.6,3,3481.8,4,3482.0,1,3482.2,7,3482.4,6,3482.6,3,3482.8,5,3483.0,2,3482.2
IF2408,,13:42:26.800#,3515.0,3522.0,3481.4,3862.2,3160.2,32046,62673,3481.0,71,3481.2,15,3481.4,9,3481.6,3,3481.8,4,3482.2,7,3482.4,6,3482.6,3,3482.8,5,3483.0,2,3482.0
IF2408,,13:42:27.300#,3515.0,3522.0,3481.4,3862.2,3160.2,32046,62673,3481.0,71,3481.2,15,3481.4,9,3481.6,3,3481.8,4,3482.2,7,3482.4,7,3482.6,3,3482.8,5,3483.0,2,3482.0
IF2408,,13:42:27.800#,3515.0,3522.0,3481.4,3862.2,3160.2,32046,62673,3481.0,71,3481.2,15,3481.4,9,3481.6,3,3481.8,4,3482.0,1,3482.2,7,3482.4,7,3482.6,3,3482.8,5,3482.0
IF2408,,13:42:28.300#,3515.0,3522.0,3481.4,3862.2,3160.2,32047,62673,3481.2,15,3481.4,9,3481.6,3,3481.8,4,3482.0,1,3482.2,7,3482.4,7,3482.6,3,3482.8,5,3483.0,2,3482.0
IF2408,,13:42:28.800#,3515.0,3522.0,3481.4,3862.2,3160.2,32049,62673,3481.0,71,3481.2,15,3481.4,9,3481.6,3,3481.8,3,3482.0,1,3482.2,9,3482.4,7,3482.6,3,3482.8,5,3481.8
IF2408,,13:42:29.800#,3515.0,3522.0,3481.4,3862.2,3160.2,32050,62673,3481.0,71,3481.2,15,3481.4,9,3481.6,3,3481.8,3,3482.0,1,3482.2,7,3482.4,7,3482.6,3,3482.8,5,3482.0
IF2408,,13:42:30.300#,3515.0,3522.0,3481.4,3862.2,3160.2,32051,62673,3481.0,71,3481.2,16,3481.4,9,3481.6,3,3481.8,4,3482.2,7,3482.4,7,3482.6,3,3482.8,5,3483.0,2,3482.0
IF2408,,13:42:30.800#,3515.0,3522.0,3481.4,3862.2,3160.2,32060,62676,3481.0,73,3481.2,16,3481.4,9,3481.6,3,3481.8,3,3482.2,3,3482.4,7,3482.6,3,3482.8,5,3483.0,2,3482.2
IF2408,,13:42:31.300#,3515.0,3522.0,3481.4,3862.2,3160.2,32063,62673,3481.2,16,3481.4,9,3481.6,3,3481.8,3,3482.0,5,3482.2,1,3482.4,4,3482.6,3,3482.8,5,3483.0,2,3482.2
IF2408,,13:42:31.800#,3515.0,3522.0,3481.4,3862.2,3160.2,32064,62673,3481.4,9,3481.6,3,3481.8,3,3482.0,5,3482.2,3,3482.4,2,3482.6,3,3482.8,5,3483.0,2,3483.2,2,3482.2
IF2408,,13:42:32.300#,3515.0,3522.0,3481.4,3862.2,3160.2,32065,62673,3481.4,9,3481.6,3,3481.8,3,3482.0,5,3482.2,2,3482.4,2,3482.6,3,3482.8,5,3483.0,2,3483.2,2,3482.2
IF2408,,13:42:32.800#,3515.0,3522.0,3481.4,3862.2,3160.2,32066,62673,3481.2,16,3481.4,9,3481.6,3,3481.8,3,3482.0,5,3482.4,1,3482.6,3,3482.8,5,3483.0,2,3483.2,2,3482.4
IF2408,,13:42:33.800#,3515.0,3522.0,3481.4,3862.2,3160.2,32066,62673,3481.2,16,3481.4,9,3481.6,3,3481.8,3,3482.0,7,3482.4,1,3482.6,3,3482.8,5,3483.0,2,3483.2,2,3482.4
IF2408,,13:42:35.300#,3515.0,3522.0,3481.4,3862.2,3160.2,32066,62673,3481.2,16,3481.4,9,3481.6,3,3481.8,3,3482.0,6,3482.4,1,3482.6,3,3482.8,5,3483.0,2,3483.2,2,3482.4
IF2408,,13:42:35.800#,3515.0,3522.0,3481.4,3862.2,3160.2,32066,62673,3481.2,16,3481.4,9,3481.6,3,3481.8,3,3482.0,6,3482.4,3,3482.6,3,3482.8,5,3483.0,2,3483.2,2,3482.4
IF2408,,13:42:36.300#,3515.0,3522.0,3481.4,3862.2,3160.2,32071,62677,3481.0,74,3481.2,16,3481.4,9,3481.6,3,3481.8,3,3482.4,4,3482.6,3,3482.8,5,3483.0,2,3483.2,2,3482.0
IF2408,,13:42:36.800#,3515.0,3522.0,3481.4,3862.2,3160.2,32071,62677,3481.0,74,3481.2,16,3481.4,9,3481.6,3,3481.8,4,3482.2,6,3482.4,3,3482.6,3,3482.8,5,3483.0,2,3482.0
IF2408,,13:42:37.300#,3515.0,3522.0,3481.4,3862.2,3160.2,32071,62677,3481.0,74,3481.2,16,3481.4,9,3481.6,3,3481.8,3,3482.2,6,3482.4,3,3482.6,3,3482.8,5,3483.0,2,3482.0
IF2408,,13:42:37.800#,3515.0,3522.0,3481.4,3862.2,3160.2,32071,62677,3481.0,74,3481.2,17,3481.4,9,3481.6,3,3481.8,3,3482.2,6,3482.4,3,3482.6,3,3482.8,5,3483.0,2,3482.0
IF2408,,13:42:38.300#,3515.0,3522.0,3481.4,3862.2,3160.2,32073,62676,3481.0,74,3481.2,17,3481.4,9,3481.6,3,3481.8,3,3482.2,6,3482.4,3,3482.6,3,3482.8,5,3483.0,2,3482.2
IF2408,,13:42:38.800#,3515.0,3522.0,3481.4,3862.2,3160.2,32073,62676,3481.0,74,3481.2,17,3481.4,9,3481.6,3,3481.8,3,3482.2,4,3482.4,3,3482.6,3,3482.8,5,3483.0,2,3482.2
IF2408,,13:42:39.300#,3515.0,3522.0,3481.4,3862.2,3160.2,32073,62676,3481.0,74,3481.2,17,3481.4,9,3481.6,3,3481.8,3,3482.0,1,3482.2,2,3482.4,3,3482.6,3,3482.8,5,3482.2
IF2408,,13:42:39.800#,3515.0,3522.0,3481.4,3862.2,3160.2,32074,62677,3481.2,17,3481.4,9,3481.6,3,3481.8,3,3482.0,1,3482.2,2,3482.4,3,3482.6,3,3482.8,5,3483.0,2,3482.0
IF2408,,13:42:40.300#,3515.0,3522.0,3481.4,3862.2,3160.2,32074,62677,3481.2,17,3481.4,9,3481.6,3,3481.8,3,3482.0,1,3482.4,3,3482.6,3,3482.8,5,3483.0,2,3483.2,2,3482.0
IF2408,,13:42:40.800#,3515.0,3522.0,3481.4,3862.2,3160.2,32075,62677,3481.0,74,3481.2,17,3481.4,9,3481.6,3,3481.8,5,3482.4,3,3482.6,3,3482.8,5,3483.0,2,3483.2,2,3482.0
IF2408,,13:42:41.300#,3515.0,3522.0,3481.4,3862.2,3160.2,32075,62677,3481.2,17,3481.4,9,3481.6,3,3481.8,6,3482.0,4,3482.4,2,3482.6,3,3482.8,5,3483.0,2,3483.2,2,3482.0
IF2408,,13:42:41.800#,3515.0,3522.0,3481.4,3862.2,3160.2,32075,62677,3481.2,17,3481.4,9,3481.6,3,3481.8,7,3482.0,4,3482.4,2,3482.6,3,3482.8,5,3483.0,2,3483.2,2,3482.0
IF2408,,13:42:42.300#,3515.0,3522.0,3481.4,3862.2,3160.2,32075,62677,3481.2,17,3481.4,9,3481.6,3,3481.8,7,3482.0,4,3482.4,3,3482.6,3,3482.8,5,3483.0,2,3483.2,2,3482.0
IF2408,,13:42:42.800#,3515.0,3522.0,3481.4,3862.2,3160.2,32075,62677,3481.2,17,3481.4,9,3481.6,3,3481.8,7,3482.0,2,3482.4,4,3482.6,3,3482.8,5,3483.0,2,3483.2,2,3482.0
IF2408,,13:42:43.300#,3515.0,3522.0,3481.4,3862.2,3160.2,32077,62676,3481.0,74,3481.2,17,3481.4,9,3481.6,3,3481.8,7,3482.2,2,3482.4,4,3482.6,3,3482.8,5,3483.0,2,3482.0
IF2408,,13:42:43.800#,3515.0,3522.0,3481.4,3862.2,3160.2,32077,62676,3481.0,74,3481.2,17,3481.4,9,3481.6,3,3481.8,7,3482.2,2,3482.4,5,3482.6,3,3482.8,5,3483.0,2,3482.0
IF2408,,13:42:44.300#,3515.0,3522.0,3481.4,3862.2,3160.2,32077,62676,3481.0,74,3481.2,17,3481.4,9,3481.6,3,3481.8,7,3482.2,4,3482.4,5,3482.6,3,3482.8,5,3483.0,2,3482.0
IF2408,,13:42:44.800#,3515.0,3522.0,3481.4,3862.2,3160.2,32077,62676,3481.0,74,3481.2,17,3481.4,9,3481.6,3,3481.8,7,3482.2,3,3482.4,5,3482.6,3,3482.8,5,3483.0,2,3482.0
IF2408,,13:42:45.300#,3515.0,3522.0,3481.4,3862.2,3160.2,32077,62676,3481.0,74,3481.2,17,3481.4,9,3481.6,3,3481.8,7,3482.2,2,3482.4,5,3482.6,3,3482.8,5,3483.0,2,3482.0
IF2408,,13:42:45.800#,3515.0,3522.0,3481.4,3862.2,3160.2,32077,62676,3481.0,74,3481.2,17,3481.4,9,3481.6,1,3481.8,7,3482.2,2,3482.4,5,3482.6,3,3482.8,5,3483.0,2,3482.0
IF2408,,13:42:46.300#,3515.0,3522.0,3481.4,3862.2,3160.2,32077,62676,3481.0,74,3481.2,17,3481.4,9,3481.6,1,3481.8,7,3482.0,1,3482.2,2,3482.4,5,3482.6,3,3482.8,5,3482.0
IF2408,,13:42:46.800#,3515.0,3522.0,3481.4,3862.2,3160.2,32078,62675,3481.0,74,3481.2,17,3481.4,9,3481.6,1,3481.8,7,3482.2,2,3482.4,5,3482.6,3,3482.8,5,3483.0,2,3482.0
IF2408,,13:42:47.300#,3515.0,3522.0,3481.4,3862.2,3160.2,32078,62675,3481.0,74,3481.2,17,3481.4,9,3481.6,1,3481.8,7,3482.0,1,3482.2,2,3482.4,5,3482.6,3,3482.8,5,3482.0
IF2408,,13:42:47.800#,3515.0,3522.0,3481.4,3862.2,3160.2,32078,62675,3481.0,74,3481.2,17,3481.4,9,3481.6,1,3481.8,9,3482.0,2,3482.2,2,3482.4,5,3482.6,3,3482.8,5,3482.0
IF2408,,13:42:48.300#,3515.0,3522.0,3481.4,3862.2,3160.2,32080,62675,3481.0,74,3481.2,17,3481.4,9,3481.6,1,3481.8,9,3482.0,1,3482.2,2,3482.4,5,3482.6,3,3482.8,5,3482.0
IF2408,,13:42:48.800#,3515.0,3522.0,3481.4,3862.2,3160.2,32081,62674,3481.0,74,3481.2,17,3481.4,9,3481.6,1,3481.8,9,3482.2,2,3482.4,5,3482.6,3,3482.8,5,3483.0,2,3482.0
IF2408,,13:42:49.300#,3515.0,3522.0,3481.4,3862.2,3160.2,32082,62673,3481.2,17,3481.4,9,3481.6,1,3481.8,9,3482.0,1,3482.4,4,3482.6,3,3482.8,5,3483.0,2,3483.2,2,3482.0
IF2408,,13:42:49.800#,3515.0,3522.0,3481.4,3862.2,3160.2,32082,62673,3481.2,17,3481.4,9,3481.6,1,3481.8,8,3482.0,2,3482.2,1,3482.4,3,3482.6,3,3482.8,5,3483.0,2,3482.0
IF2408,,13:42:50.300#,3515.0,3522.0,3481.4,3862.2,3160.2,32082,62673,3481.2,17,3481.4,9,3481.6,1,3481.8,8,3482.0,3,3482.2,1,3482.4,3,3482.6,3,3482.8,5,3483.0,2,3482.0
IF2408,,13:42:50.800#,3515.0,3522.0,3481.4,3862.2,3160.2,32082,62673,3481.2,17,3481.4,9,3481.6,1,3481.8,8,3482.0,3,3482.2,3,3482.4,3,3482.6,3,3482.8,5,3483.0,2,3482.0
IF2408,,13:42:51.300#,3515.0,3522.0,3481.4,3862.2,3160.2,32083,62674,3481.2,17,3481.4,9,3481.6,1,3481.8,8,3482.0,2,3482.2,3,3482.4,3,3482.6,3,3482.8,5,3483.0,2,3482.0
IF2408,,13:42:52.300#,3515.0,3522.0,3481.4,3862.2,3160.2,32084,62674,3481.2,17,3481.4,9,3481.6,1,3481.8,8,3482.0,1,3482.2,3,3482.4,3,3482.6,3,3482.8,5,3483.0,2,3482.0
IF2408,,13:42:52.800#,3515.0,3522.0,3481.4,3862.2,3160.2,32084,62674,3481.2,17,3481.4,9,3481.6,1,3481.8,8,3482.0,2,3482.2,3,3482.4,3,3482.6,3,3482.8,5,3483.0,2,3482.0
IF2408,,13:42:53.300#,3515.0,3522.0,3481.4,3862.2,3160.2,32085,62675,3481.2,17,3481.4,9,3481.6,1,3481.8,8,3482.0,2,3482.2,3,3482.4,3,3482.6,3,3482.8,5,3483.0,2,3482.0
IF2408,,13:42:54.800#,3515.0,3522.0,3481.4,3862.2,3160.2,32085,62675,3481.2,17,3481.4,9,3481.6,1,3481.8,6,3482.0,2,3482.2,3,3482.4,3,3482.6,3,3482.8,5,3483.0,2,3482.0
IF2408,,13:42:55.300#,3515.0,3522.0,3481.4,3862.2,3160.2,32085,62675,3481.2,17,3481.4,9,3481.6,1,3481.8,6,3482.0,3,3482.2,3,3482.4,3,3482.6,3,3482.8,5,3483.0,2,3482.0
IF2408,,13:42:57.300#,3515.0,3522.0,3481.4,3862.2,3160.2,32086,62674,3481.2,17,3481.4,9,3481.6,1,3481.8,6,3482.0,2,3482.2,3,3482.4,3,3482.6,3,3482.8,5,3483.0,2,3482.0
IF2408,,13:42:57.800#,3515.0,3522.0,3481.4,3862.2,3160.2,32087,62675,3481.2,17,3481.4,9,3481.6,1,3481.8,6,3482.0,1,3482.2,3,3482.4,3,3482.6,3,3482.8,5,3483.0,2,3482.0
IF2408,,13:42:58.300#,3515.0,3522.0,3481.4,3862.2,3160.2,32088,62675,3481.0,74,3481.2,17,3481.4,9,3481.6,1,3481.8,5,3482.0,1,3482.2,5,3482.4,3,3482.6,3,3482.8,5,3482.0
IF2408,,13:42:58.800#,3515.0,3522.0,3481.4,3862.2,3160.2,32088,62675,3481.0,74,3481.2,17,3481.4,9,3481.6,1,3481.8,4,3482.0,2,3482.2,3,3482.4,3,3482.6,3,3482.8,5,3482.0
IF2408,,13:42:59.300#,3515.0,3522.0,3481.4,3862.2,3160.2,32088,62675,3481.0,74,3481.2,17,3481.4,9,3481.6,1,3481.8,4,3482.0,1,3482.2,3,3482.4,3,3482.6,3,3482.8,5,3482.0
IF2408,,13:42:59.800#,3515.0,3522.0,3481.4,3862.2,3160.2,32089,62675,3481.0,74,3481.2,17,3481.4,9,3481.6,1,3481.8,4,3482.2,3,3482.4,3,3482.6,3,3482.8,5,3483.0,2,3482.0
IF2408,,13:43:00.300#,3515.0,3522.0,3481.4,3862.2,3160.2,32089,62675,3481.0,74,3481.2,17,3481.4,9,3481.6,1,3481.8,4,3482.2,5,3482.4,3,3482.6,3,3482.8,5,3483.0,2,3482.0
IF2408,,13:43:00.800#,3515.0,3522.0,3481.4,3862.2,3160.2,32090,62675,3481.0,74,3481.2,17,3481.4,10,3481.6,1,3481.8,4,3482.0,1,3482.2,5,3482.4,3,3482.6,3,3482.8,5,3482.0
IF2408,,13:43:01.300#,3515.0,3522.0,3481.4,3862.2,3160.2,32090,62675,3481.0,74,3481.2,17,3481.4,10,3481.6,1,3481.8,4,3482.0,1,3482.2,3,3482.4,3,3482.6,3,3482.8,5,3482.0
IF2408,,13:43:02.300#,3515.0,3522.0,3481.4,3862.2,3160.2,32090,62675,3481.0,74,3481.2,17,3481.4,10,3481.6,3,3481.8,4,3482.0,1,3482.2,3,3482.4,3,3482.6,3,3482.8,5,3482.0
IF2408,,13:43:02.800#,3515.0,3522.0,3481.4,3862.2,3160.2,32090,62675,3481.0,74,3481.2,17,3481.4,9,3481.6,4,3481.8,5,3482.0,1,3482.2,3,3482.4,3,3482.6,3,3482.8,5,3482.0
IF2408,,13:43:03.300#,3515.0,3522.0,3481.4,3862.2,3160.2,32090,62675,3481.0,74,3481.2,17,3481.4,9,3481.6,4,3481.8,5,3482.0,2,3482.2,2,3482.4,3,3482.6,3,3482.8,5,3482.0
IF2408,,13:43:03.800#,3515.0,3522.0,3481.4,3862.2,3160.2,32090,62675,3481.0,74,3481.2,17,3481.4,9,3481.6,4,3481.8,7,3482.0,1,3482.2,2,3482.4,3,3482.6,3,3482.8,5,3482.0
IF2408,,13:43:04.300#,3515.0,3522.0,3481.4,3862.2,3160.2,32098,62671,3480.8,9,3481.0,74,3481.2,17,3481.4,9,3481.6,4,3481.8,12,3482.0,2,3482.4,3,3482.6,3,3482.8,5,3481.8
IF2408,,13:43:04.800#,3515.0,3522.0,3481.4,3862.2,3160.2,32106,62672,3480.8,9,3481.0,74,3481.2,17,3481.4,9,3481.6,4,3481.8,5,3482.0,2,3482.4,3,3482.6,3,3482.8,5,3481.6
IF2408,,13:43:05.300#,3515.0,3522.0,3481.4,3862.2,3160.2,32113,62670,3481.0,74,3481.2,17,3481.4,9,3481.6,4,3481.8,3,3482.0,1,3482.4,3,3482.6,3,3482.8,5,3483.0,2,3481.8
IF2408,,13:43:05.800#,3515.0,3522.0,3481.4,3862.2,3160.2,32114,62670,3481.0,74,3481.2,17,3481.4,9,3481.6,4,3481.8,2,3482.0,1,3482.4,3,3482.6,3,3482.8,5,3483.0,2,3481.8
IF2408,,13:43:06.300#,3515.0,3522.0,3481.4,3862.2,3160.2,32114,62670,3481.0,74,3481.2,17,3481.4,9,3481.6,4,3481.8,1,3482.0,1,3482.4,3,3482.6,3,3482.8,5,3483.0,2,3481.8
IF2408,,13:43:06.800#,3515.0,3522.0,3481.4,3862.2,3160.2,32115,62670,3481.0,74,3481.2,17,3481.4,9,3481.6,4,3481.8,1,3482.4,3,3482.6,3,3482.8,5,3483.0,2,3483.2,2,3481.8
IF2408,,13:43:07.300#,3515.0,3522.0,3481.4,3862.2,3160.2,32116,62670,3481.2,17,3481.4,9,3481.6,4,3481.8,1,3482.0,3,3482.2,8,3482.4,4,3482.6,3,3482.8,5,3483.0,2,3481.8
IF2408,,13:43:07.800#,3515.0,3522.0,3481.4,3862.2,3160.2,32119,62671,3481.0,74,3481.2,17,3481.4,9,3481.6,3,3481.8,4,3482.0,1,3482.2,3,3482.4,4,3482.6,3,3482.8,5,3482.0
IF2408,,13:43:08.300#,3515.0,3522.0,3481.4,3862.2,3160.2,32119,62671,3481.0,74,3481.2,17,3481.4,9,3481.6,3,3481.8,4,3482.2,3,3482.4,4,3482.6,3,3482.8,5,3483.0,2,3482.0
IF2408,,13:43:09.800#,3515.0,3522.0,3481.4,3862.2,3160.2,32119,62671,3481.0,74,3481.2,17,3481.4,9,3481.6,3,3481.8,2,3482.2,3,3482.4,4,3482.6,3,3482.8,5,3483.0,2,3482.0
IF2408,,13:43:11.300#,3515.0,3522.0,3481.4,3862.2,3160.2,32119,62671,3481.0,74,3481.2,17,3481.4,9,3481.6,3,3481.8,2,3482.2,7,3482.4,4,3482.6,3,3482.8,5,3483.0,2,3482.0
IF2408,,13:43:12.300#,3515.0,3522.0,3481.4,3862.2,3160.2,32119,62671,3481.0,74,3481.2,17,3481.4,9,3481.6,3,3481.8,2,3482.0,3,3482.2,7,3482.4,4,3482.6,3,3482.8,5,3482.0
IF2408,,13:43:12.800#,3515.0,3522.0,3481.4,3862.2,3160.2,32119,62671,3481.0,74,3481.2,17,3481.4,9,3481.6,3,3481.8,2,3482.0,1,3482.2,6,3482.4,4,3482.6,3,3482.8,5,3482.0
IF2408,,13:43:13.800#,3515.0,3522.0,3481.4,3862.2,3160.2,32119,62671,3481.0,74,3481.2,17,3481.4,9,3481.6,3,3481.8,2,3482.0,3,3482.2,6,3482.4,4,3482.6,3,3482.8,5,3482.0
IF2408,,13:43:14.300#,3515.0,3522.0,3481.4,3862.2,3160.2,32121,62672,3480.8,8,3481.0,74,3481.2,17,3481.4,9,3481.6,3,3482.0,3,3482.2,9,3482.4,4,3482.6,3,3482.8,5,3481.8
IF2408,,13:43:17.300#,3515.0,3522.0,3481.4,3862.2,3160.2,32132,62671,3480.6,14,3480.8,11,3481.0,71,3481.2,16,3481.4,5,3481.8,3,3482.0,5,3482.2,5,3482.4,3,3482.6,3,3481.6
IF2408,,13:43:19.300#,3515.0,3522.0,3481.4,3862.2,3160.2,32134,62670,3480.6,14,3480.8,11,3481.0,71,3481.2,16,3481.4,3,3481.6,6,3481.8,3,3482.0,5,3482.2,5,3482.4,3,3481.4
IF2408,,13:43:20.800#,3515.0,3522.0,3481.2,3862.2,3160.2,32140,62671,3480.4,17,3480.6,14,3480.8,11,3481.0,71,3481.2,13,3481.6,6,3481.8,4,3482.0,5,3482.2,5,3482.4,3,3481.2
IF2408,,13:43:21.300#,3515.0,3522.0,3481.2,3862.2,3160.2,32141,62671,3480.4,17,3480.6,14,3480.8,11,3481.0,70,3481.2,12,3481.6,6,3481.8,4,3482.0,5,3482.2,5,3482.4,3,3481.2
IF2408,,13:43:22.300#,3515.0,3522.0,3481.2,3862.2,3160.2,32141,62671,3480.6,14,3480.8,11,3481.0,70,3481.2,12,3481.4,1,3481.6,6,3481.8,4,3482.0,5,3482.2,5,3482.4,3,3481.2
IF2408,,13:43:23.300#,3515.0,3522.0,3481.2,3862.2,3160.2,32142,62671,3480.4,17,3480.6,14,3480.8,11,3481.0,70,3481.2,12,3481.4,1,3481.6,4,3481.8,4,3482.0,5,3482.2,6,3481.2
IF2408,,13:43:24.300#,3515.0,3522.0,3481.2,3862.2,3160.2,32142,62671,3480.4,17,3480.6,14,3480.8,11,3481.0,70,3481.2,12,3481.4,1,3481.6,5,3481.8,3,3482.0,5,3482.2,6,3481.2
IF2408,,13:43:25.800#,3515.0,3522.0,3481.2,3862.2,3160.2,32144,62671,3480.6,14,3480.8,11,3481.0,70,3481.2,12,3481.4,2,3481.6,1,3481.8,3,3482.0,5,3482.2,6,3482.4,3,3481.4
IF2408,,13:43:27.800#,3515.0,3522.0,3481.2,3862.2,3160.2,32146,62671,3480.8,11,3481.0,70,3481.2,12,3481.4,3,3481.8,1,3482.0,9,3482.2,10,3482.4,5,3482.6,3,3482.8,5,3481.8
IF2408,,13:43:28.300#,3515.0,3522.0,3481.2,3862.2,3160.2,32150,62672,3480.6,14,3480.8,11,3481.0,70,3481.2,12,3481.4,2,3482.0,10,3482.2,10,3482.4,5,3482.6,3,3482.8,5,3482.0
IF2408,,13:43:28.800#,3515.0,3522.0,3481.2,3862.2,3160.2,32152,62672,3480.8,11,3481.0,70,3481.2,12,3481.4,2,3481.6,1,3481.8,2,3482.0,11,3482.2,9,3482.4,5,3482.6,3,3481.8
IF2408,,13:43:31.800#,3515.0,3522.0,3481.2,3862.2,3160.2,32154,62674,3481.0,71,3481.2,12,3481.4,2,3481.6,2,3481.8,2,3482.0,2,3482.2,6,3482.4,5,3482.6,3,3482.8,5,3481.8
IF2408,,13:43:33.300#,3515.0,3522.0,3481.2,3862.2,3160.2,32154,62674,3481.0,71,3481.2,12,3481.4,2,3481.6,2,3481.8,3,3482.0,3,3482.2,3,3482.4,5,3482.6,3,3482.8,5,3481.8
IF2408,,13:43:33.800#,3515.0,3522.0,3481.2,3862.2,3160.2,32154,62674,3481.0,71,3481.2,12,3481.4,2,3481.6,2,3481.8,1,3482.0,3,3482.2,4,3482.4,5,3482.6,3,3482.8,5,3481.8
IF2408,,13:43:35.300#,3515.0,3522.0,3481.2,3862.2,3160.2,32154,62674,3481.0,71,3481.2,12,3481.4,2,3481.6,2,3481.8,1,3482.0,3,3482.2,4,3482.4,8,3482.6,3,3482.8,5,3481.8
IF2408,,13:43:35.800#,3515.0,3522.0,3481.2,3862.2,3160.2,32154,62674,3481.0,71,3481.2,12,3481.4,3,3481.6,2,3481.8,1,3482.0,3,3482.2,4,3482.4,8,3482.6,3,3482.8,5,3481.8
IF2408,,13:43:37.800#,3515.0,3522.0,3481.2,3862.2,3160.2,32156,62674,3481.0,71,3481.2,12,3481.4,3,3481.6,2,3481.8,1,3482.0,1,3482.2,4,3482.4,8,3482.6,3,3482.8,5,3482.0
IF2408,,13:43:38.800#,3515.0,3522.0,3481.2,3862.2,3160.2,32159,62674,3480.8,11,3481.0,71,3481.2,12,3481.4,3,3481.6,2,3482.2,4,3482.4,8,3482.6,3,3482.8,5,3483.0,2,3482.0
IF2408,,13:43:39.300#,3515.0,3522.0,3481.2,3862.2,3160.2,32159,62674,3481.0,71,3481.2,12,3481.4,3,3481.6,2,3481.8,5,3482.2,5,3482.4,8,3482.6,3,3482.8,5,3483.0,2,3482.0
IF2408,,13:43:40.300#,3515.0,3522.0,3481.2,3862.2,3160.2,32159,62674,3481.0,71,3481.2,12,3481.4,3,3481.6,2,3481.8,2,3482.2,5,3482.4,8,3482.6,3,3482.8,5,3483.0,2,3482.0
IF2408,,13:43:42.300#,3515.0,3522.0,3481.2,3862.2,3160.2,32159,62674,3481.0,71,3481.2,12,3481.4,3,3481.6,1,3481.8,2,3482.0,3,3482.2,4,3482.4,8,3482.6,3,3482.8,5,3482.0
IF2408,,13:43:43.300#,3515.0,3522.0,3481.2,3862.2,3160.2,32164,62675,3480.8,11,3481.0,71,3481.2,12,3481.4,2,3481.6,1,3482.0,1,3482.2,4,3482.4,8,3482.6,3,3482.8,5,3482.0
IF2408,,13:43:43.800#,3515.0,3522.0,3481.2,3862.2,3160.2,32164,62675,3480.8,11,3481.0,71,3481.2,12,3481.4,2,3481.6,1,3481.8,1,3482.0,4,3482.2,4,3482.4,8,3482.6,3,3482.0
IF2408,,13:43:44.300#,3515.0,3522.0,3481.2,3862.2,3160.2,32164,62675,3480.8,11,3481.0,71,3481.2,12,3481.4,2,3481.6,1,3481.8,1,3482.0,4,3482.2,5,3482.4,8,3482.6,3,3482.0
IF2408,,13:43:44.800#,3515.0,3522.0,3481.2,3862.2,3160.2,32164,62675,3480.8,11,3481.0,71,3481.2,12,3481.4,2,3481.6,1,3481.8,1,3482.0,1,3482.2,5,3482.4,8,3482.6,3,3482.0
IF2408,,13:43:45.300#,3515.0,3522.0,3481.2,3862.2,3160.2,32164,62675,3480.8,11,3481.0,71,3481.2,12,3481.4,2,3481.6,2,3481.8,1,3482.0,1,3482.2,5,3482.4,8,3482.6,3,3482.0
IF2408,,13:43:45.800#,3515.0,3522.0,3481.2,3862.2,3160.2,32165,62676,3480.8,11,3481.0,71,3481.2,12,3481.4,2,3481.6,2,3482.0,1,3482.2,5,3482.4,8,3482.6,3,3482.8,5,3481.8
IF2408,,13:43:46.300#,3515.0,3522.0,3481.2,3862.2,3160.2,32165,62676,3480.8,11,3481.0,71,3481.2,12,3481.4,2,3481.6,1,3482.0,1,3482.2,5,3482.4,8,3482.6,3,3482.8,5,3481.8
IF2408,,13:43:50.300#,3515.0,3522.0,3481.2,3862.2,3160.2,32166,62675,3480.6,16,3480.8,11,3481.0,71,3481.2,12,3481.4,2,3481.6,1,3482.0,3,3482.2,5,3482.4,8,3482.6,3,3481.6
IF2408,,13:43:50.800#,3515.0,3522.0,3481.2,3862.2,3160.2,32167,62675,3480.8,11,3481.0,71,3481.2,12,3481.4,2,3481.6,1,3482.0,3,3482.2,5,3482.4,8,3482.6,3,3482.8,5,3481.6
IF2408,,13:43:51.300#,3515.0,3522.0,3481.2,3862.2,3160.2,32167,62675,3480.6,16,3480.8,11,3481.0,71,3481.2,12,3481.4,2,3482.0,3,3482.2,5,3482.4,8,3482.6,3,3482.8,5,3481.6
IF2408,,13:43:51.800#,3515.0,3522.0,3481.2,3862.2,3160.2,32168,62675,3480.6,16,3480.8,11,3481.0,71,3481.2,12,3481.4,2,3482.0,1,3482.2,5,3482.4,8,3482.6,3,3482.8,5,3482.0
IF2408,,13:43:52.800#,3515.0,3522.0,3481.2,3862.2,3160.2,32170,62675,3480.6,16,3480.8,12,3481.0,71,3481.2,12,3481.4,6,3482.2,5,3482.4,8,3482.6,3,3482.8,5,3483.0,2,3481.6
IF2408,,13:43:53.300#,3515.0,3522.0,3481.2,3862.2,3160.2,32170,62675,3481.0,71,3481.2,12,3481.4,8,3481.6,6,3481.8,1,3482.2,6,3482.4,8,3482.6,3,3482.8,5,3483.0,2,3481.6
IF2408,,13:43:53.800#,3515.0,3522.0,3481.2,3862.2,3160.2,32171,62675,3480.8,12,3481.0,71,3481.2,12,3481.4,7,3481.6,6,3482.0,1,3482.2,6,3482.4,8,3482.6,3,3482.8,5,3481.8
IF2408,,13:43:54.300#,3515.0,3522.0,3481.2,3862.2,3160.2,32171,62675,3480.8,12,3481.0,71,3481.2,12,3481.4,8,3481.6,2,3482.0,1,3482.2,6,3482.4,8,3482.6,3,3482.8,5,3481.8
IF2408,,13:43:54.800#,3515.0,3522.0,3481.2,3862.2,3160.2,32171,62675,3480.8,12,3481.0,71,3481.2,12,3481.4,8,3481.6,1,3482.0,2,3482.2,7,3482.4,8,3482.6,3,3482.8,5,3481.8
IF2408,,13:43:55.300#,3515.0,3522.0,3481.2,3862.2,3160.2,32171,62675,3480.6,16,3480.8,12,3481.0,71,3481.2,12,3481.4,4,3482.0,3,3482.2,7,3482.4,8,3482.6,3,3482.8,5,3481.8
IF2408,,13:43:55.800#,3515.0,3522.0,3481.2,3862.2,3160.2,32172,62675,3480.6,16,3480.8,12,3481.0,71,3481.2,12,3481.4,2,3482.0,4,3482.2,6,3482.4,8,3482.6,3,3482.8,5,3481.4
IF2408,,13:43:56.300#,3515.0,3522.0,3481.2,3862.2,3160.2,32173,62676,3480.6,16,3480.8,12,3481.0,71,3481.2,12,3481.4,4,3482.0,3,3482.2,6,3482.4,8,3482.6,3,3482.8,5,3481.4
IF2408,,13:43:56.800#,3515.0,3522.0,3481.2,3862.2,3160.2,32173,62676,3480.8,12,3481.0,71,3481.2,12,3481.4,4,3481.6,4,3482.0,3,3482.2,6,3482.4,8,3482.6,3,3482.8,5,3481.4
IF2408,,13:43:57.300#,3515.0,3522.0,3481.2,3862.2,3160.2,32173,62676,3480.8,12,3481.0,71,3481.2,12,3481.4,4,3481.6,7,3482.0,2,3482.2,6,3482.4,8,3482.6,3,3482.8,5,3481.4
IF2408,,13:43:57.800#,3515.0,3522.0,3481.2,3862.2,3160.2,32174,62677,3480.8,12,3481.0,71,3481.2,12,3481.4,4,3481.6,6,3482.0,2,3482.2,6,3482.4,8,3482.6,3,3482.8,5,3481.4
IF2408,,13:43:58.300#,3515.0,3522.0,3481.2,3862.2,3160.2,32174,62677,3480.8,12,3481.0,71,3481.2,12,3481.4,4,3481.6,5,3482.0,2,3482.2,6,3482.4,8,3482.6,3,3482.8,5,3481.4
IF2408,,13:43:58.800#,3515.0,3522.0,3481.2,3862.2,3160.2,32174,62677,3481.0,71,3481.2,12,3481.4,5,3481.6,4,3481.8,1,3482.0,2,3482.2,6,3482.4,8,3482.6,3,3482.8,5,3481.4
IF2408,,13:43:59.300#,3515.0,3522.0,3481.2,3862.2,3160.2,32174,62677,3481.0,71,3481.2,12,3481.4,4,3481.6,4,3481.8,1,3482.0,2,3482.2,6,3482.4,8,3482.6,3,3482.8,5,3481.4
IF2408,,13:44:00.800#,3515.0,3522.0,3481.2,3862.2,3160.2,32176,62677,3480.8,12,3481.0,71,3481.2,12,3481.4,4,3481.6,4,3481.8,1,3482.0,1,3482.2,6,3482.4,8,3482.6,3,3481.8
IF2408,,13:44:01.300#,3515.0,3522.0,3481.2,3862.2,3160.2,32177,62677,3480.8,12,3481.0,71,3481.2,12,3481.4,4,3481.6,5,3482.0,1,3482.2,6,3482.4,8,3482.6,3,3482.8,5,3481.8
IF2408,,13:44:01.800#,3515.0,3522.0,3481.2,3862.2,3160.2,32177,62677,3480.8,12,3481.0,71,3481.2,12,3481.4,4,3481.6,5,3482.0,2,3482.2,6,3482.4,8,3482.6,3,3482.8,5,3481.8
IF2408,,13:44:02.800#,3515.0,3522.0,3481.2,3862.2,3160.2,32177,62677,3480.8,12,3481.0,71,3481.2,12,3481.4,4,3481.6,3,3482.0,2,3482.2,6,3482.4,8,3482.6,3,3482.8,5,3481.8
IF2408,,13:44:03.300#,3515.0,3522.0,3481.2,3862.2,3160.2,32178,62676,3481.0,71,3481.2,12,3481.4,4,3481.6,4,3481.8,3,3482.0,2,3482.2,6,3482.4,8,3482.6,3,3482.8,5,3481.8
IF2408,,13:44:03.800#,3515.0,3522.0,3481.2,3862.2,3160.2,32181,62676,3481.0,71,3481.2,12,3481.4,4,3481.6,2,3481.8,2,3482.0,1,3482.2,6,3482.4,8,3482.6,3,3482.8,5,3481.8
IF2408,,13:44:04.300#,3515.0,3522.0,3481.2,3862.2,3160.2,32181,62676,3480.8,12,3481.0,71,3481.2,12,3481.4,4,3481.6,2,3482.0,1,3482.2,6,3482.4,8,3482.6,8,3482.8,5,3481.8
IF2408,,13:44:05.300#,3515.0,3522.0,3481.2,3862.2,3160.2,32182,62677,3480.8,12,3481.0,71,3481.2,12,3481.4,4,3481.6,4,3482.2,6,3482.4,8,3482.6,8,3482.8,5,3483.0,2,3482.0
IF2408,,13:44:05.800#,3515.0,3522.0,3481.2,3862.2,3160.2,32182,62677,3481.0,71,3481.2,12,3481.4,4,3481.6,2,3481.8,10,3482.2,6,3482.4,5,3482.6,8,3482.8,5,3483.0,2,3482.0
IF2408,,13:44:06.300#,3515.0,3522.0,3481.2,3862.2,3160.2,32185,62678,3481.0,71,3481.2,12,3481.4,3,3481.6,3,3481.8,10,3482.2,1,3482.4,5,3482.6,8,3482.8,5,3483.0,2,3482.2
IF2408,,13:44:06.800#,3515.0,3522.0,3481.2,3862.2,3160.2,32185,62678,3481.2,12,3481.4,3,3481.6,3,3481.8,11,3482.0,1,3482.2,1,3482.4,5,3482.6,8,3482.8,5,3483.0,2,3482.2
IF2408,,13:44:07.300#,3515.0,3522.0,3481.2,3862.2,3160.2,32186,62678,3481.0,71,3481.2,12,3481.4,3,3481.6,3,3481.8,9,3482.4,5,3482.6,8,3482.8,5,3483.0,2,3483.2,2,3482.2
IF2408,,13:44:07.800#,3515.0,3522.0,3481.2,3862.2,3160.2,32186,62678,3481.0,71,3481.2,12,3481.4,3,3481.6,3,3481.8,10,3482.2,2,3482.4,5,3482.6,8,3482.8,5,3483.0,2,3482.2
IF2408,,13:44:08.300#,3515.0,3522.0,3481.2,3862.2,3160.2,32186,62678,3481.2,12,3481.4,3,3481.6,6,3481.8,9,3482.0,1,3482.2,3,3482.4,5,3482.6,8,3482.8,5,3483.0,2,3482.2
IF2408,,13:44:08.800#,3515.0,3522.0,3481.2,3862.2,3160.2,32187,62679,3481.2,12,3481.4,3,3481.6,6,3481.8,8,3482.0,1,3482.2,2,3482.4,5,3482.6,8,3482.8,5,3483.0,2,3482.2
IF2408,,13:44:09.300#,3515.0,3522.0,3481.2,3862.2,3160.2,32188,62679,3481.0,71,3481.2,12,3481.4,3,3481.6,6,3481.8,8,3482.2,2,3482.4,5,3482.6,8,3482.8,5,3483.0,2,3482.0
IF2408,,13:44:09.800#,3515.0,3522.0,3481.2,3862.2,3160.2,32188,62679,3481.0,71,3481.2,12,3481.4,3,3481.6,6,3481.8,7,3482.0,1,3482.2,2,3482.4,3,3482.6,8,3482.8,5,3482.0
IF2408,,13:44:10.300#,3515.0,3522.0,3481.2,3862.2,3160.2,32190,62680,3481.0,71,3481.2,12,3481.4,3,3481.6,6,3481.8,7,3482.2,2,3482.4,3,3482.6,8,3482.8,5,3483.0,2,3482.0
IF2408,,13:44:10.800#,3515.0,3522.0,3481.2,3862.2,3160.2,32191,62681,3481.0,71,3481.2,12,3481.4,3,3481.6,6,3481.8,6,3482.2,2,3482.4,3,3482.6,8,3482.8,5,3483.0,2,3481.8
IF2408,,13:44:11.300#,3515.0,3522.0,3481.2,3862.2,3160.2,32191,62681,3481.2,12,3481.4,3,3481.6,6,3481.8,4,3482.0,4,3482.2,3,3482.4,3,3482.6,8,3482.8,5,3483.0,2,3481.8
IF2408,,13:44:11.800#,3515.0,3522.0,3481.2,3862.2,3160.2,32195,62681,3481.2,12,3481.4,3,3481.6,6,3481.8,4,3482.0,5,3482.2,3,3482.4,3,3482.6,8,3482.8,5,3483.0,2,3482.0
IF2408,,13:44:12.300#,3515.0,3522.0,3481.2,3862.2,3160.2,32195,62681,3481.2,12,3481.4,3,3481.6,7,3481.8,4,3482.0,5,3482.2,3,3482.4,3,3482.6,8,3482.8,5,3483.0,2,3482.0
IF2408,,13:44:12.800#,3515.0,3522.0,3481.2,3862.2,3160.2,32195,62681,3481.2,12,3481.4,3,3481.6,7,3481.8,4,3482.0,6,3482.2,3,3482.4,3,3482.6,8,3482.8,5,3483.0,2,3482.0
IF2408,,13:44:13.800#,3515.0,3522.0,3481.2,3862.2,3160.2,32196,62682,3481.2,12,3481.4,3,3481.6,7,3481.8,4,3482.0,5,3482.2,3,3482.4,3,3482.6,8,3482.8,5,3483.0,2,3482.0
IF2408,,13:44:14.300#,3515.0,3522.0,3481.2,3862.2,3160.2,32196,62682,3481.2,12,3481.4,3,3481.6,7,3481.8,4,3482.0,5,3482.2,4,3482.4,3,3482.6,8,3482.8,5,3483.0,2,3482.0
IF2408,,13:44:15.300#,3515.0,3522.0,3481.2,3862.2,3160.2,32197,62682,3481.2,12,3481.4,3,3481.6,7,3481.8,4,3482.0,4,3482.2,4,3482.4,3,3482.6,8,3482.8,5,3483.0,2,3482.0
IF2408,,13:44:15.800#,3515.0,3522.0,3481.2,3862.2,3160.2,32200,62682,3481.2,12,3481.4,3,3481.6,7,3481.8,4,3482.0,1,3482.2,4,3482.4,3,3482.6,8,3482.8,5,3483.0,2,3482.0
IF2408,,13:44:16.300#,3515.0,3522.0,3481.2,3862.2,3160.2,32201,62681,3481.2,12,3481.4,3,3481.6,7,3481.8,5,3482.0,1,3482.2,4,3482.4,3,3482.6,8,3482.8,5,3483.0,2,3482.0
IF2408,,13:44:16.800#,3515.0,3522.0,3481.2,3862.2,3160.2,32202,62681,3481.0,71,3481.2,12,3481.4,3,3481.6,7,3481.8,5,3482.2,4,3482.4,3,3482.6,8,3482.8,5,3483.0,2,3482.0
IF2408,,13:44:17.800#,3515.0,3522.0,3481.2,3862.2,3160.2,32203,62682,3481.2,12,3481.4,3,3481.6,7,3481.8,5,3482.0,1,3482.2,3,3482.4,3,3482.6,8,3482.8,5,3483.0,2,3482.2
IF2408,,13:44:19.300#,3515.0,3522.0,3481.2,3862.2,3160.2,32204,62683,3481.2,12,3481.4,3,3481.6,7,3481.8,5,3482.0,1,3482.2,2,3482.4,3,3482.6,8,3482.8,5,3483.0,2,3482.2
IF2408,,13:44:20.300#,3515.0,3522.0,3481.2,3862.2,3160.2,32204,62683,3481.2,12,3481.4,3,3481.6,7,3481.8,5,3482.0,2,3482.2,2,3482.4,3,3482.6,8,3482.8,5,3483.0,2,3482.2
IF2408,,13:44:20.800#,3515.0,3522.0,3481.2,3862.2,3160.2,32204,62683,3481.2,12,3481.4,3,3481.6,7,3481.8,5,3482.0,3,3482.2,2,3482.4,3,3482.6,8,3482.8,5,3483.0,2,3482.2
IF2408,,13:44:21.300#,3515.0,3522.0,3481.2,3862.2,3160.2,32205,62683,3481.2,12,3481.4,3,3481.6,7,3481.8,5,3482.0,3,3482.2,1,3482.4,3,3482.6,8,3482.8,5,3483.0,2,3482.2
IF2408,,13:44:22.800#,3515.0,3522.0,3481.2,3862.2,3160.2,32205,62683,3481.2,12,3481.4,2,3481.6,7,3481.8,5,3482.0,3,3482.2,1,3482.4,3,3482.6,8,3482.8,5,3483.0,2,3482.2
IF2408,,13:44:23.300#,3515.0,3522.0,3481.2,3862.2,3160.2,32207,62683,3481.2,12,3481.4,2,3481.6,7,3481.8,5,3482.0,2,3482.4,3,3482.6,8,3482.8,5,3483.0,2,3483.2,2,3482.0
IF2408,,13:44:23.800#,3515.0,3522.0,3481.2,3862.2,3160.2,32207,62683,3481.4,2,3481.6,8,3481.8,5,3482.0,2,3482.2,1,3482.4,3,3482.6,8,3482.8,5,3483.0,2,3483.2,2,3482.0
IF2408,,13:44:24.300#,3515.0,3522.0,3481.2,3862.2,3160.2,32207,62683,3481.4,2,3481.6,8,3481.8,6,3482.0,2,3482.2,1,3482.4,3,3482.6,8,3482.8,5,3483.0,2,3483.2,2,3482.0
IF2408,,13:44:25.300#,3515.0,3522.0,3481.2,3862.2,3160.2,32208,62682,3481.2,12,3481.4,2,3481.6,8,3481.8,6,3482.0,2,3482.4,3,3482.6,8,3482.8,5,3483.0,2,3483.2,2,3482.2
IF2408,,13:44:25.800#,3515.0,3522.0,3481.2,3862.2,3160.2,32208,62682,3481.2,12,3481.4,2,3481.6,8,3481.8,6,3482.0,2,3482.4,3,3482.6,8,3482.8,2,3483.0,2,3483.2,2,3482.2
IF2408,,13:44:28.300#,3515.0,3522.0,3481.2,3862.2,3160.2,32208,62682,3481.2,12,3481.4,3,3481.6,8,3481.8,6,3482.0,2,3482.4,3,3482.6,8,3482.8,2,3483.0,2,3483.2,2,3482.2
IF2408,,13:44:28.800#,3515.0,3522.0,3481.2,3862.2,3160.2,32208,62682,3481.2,12,3481.4,3,3481.6,8,3481.8,6,3482.0,4,3482.4,3,3482.6,8,3482.8,2,3483.0,2,3483.2,2,3482.2
IF2408,,13:44:29.300#,3515.0,3522.0,3481.2,3862.2,3160.2,32208,62682,3481.2,12,3481.4,3,3481.6,8,3481.8,6,3482.0,4,3482.2,3,3482.4,3,3482.6,8,3482.8,2,3483.0,2,3482.2
IF2408,,13:44:29.800#,3515.0,3522.0,3481.2,3862.2,3160.2,32209,62683,3481.2,12,3481.4,3,3481.6,8,3481.8,6,3482.0,4,3482.2,2,3482.4,3,3482.6,8,3482.8,2,3483.0,2,3482.2
IF2408,,13:44:30.800#,3515.0,3522.0,3481.2,3862.2,3160.2,32209,62683,3481.2,12,3481.4,3,3481.6,8,3481.8,6,3482.0,4,3482.2,6,3482.4,3,3482.6,8,3482.8,2,3483.0,2,3482.2
IF2408,,13:44:31.300#,3515.0,3522.0,3481.2,3862.2,3160.2,32209,62683,3481.2,12,3481.4,3,3481.6,8,3481.8,5,3482.0,4,3482.2,6,3482.4,3,3482.6,8,3482.8,2,3483.0,2,3482.2
IF2408,,13:44:31.800#,3515.0,3522.0,3481.2,3862.2,3160.2,32212,62686,3481.2,12,3481.4,3,3481.6,8,3481.8,5,3482.0,6,3482.2,3,3482.4,3,3482.6,8,3482.8,2,3483.0,2,3482.2
IF2408,,13:44:32.300#,3515.0,3522.0,3481.2,3862.2,3160.2,32215,62687,3481.4,3,3481.6,8,3481.8,5,3482.0,6,3482.2,1,3482.4,3,3482.6,8,3482.8,2,3483.0,2,3483.2,2,3482.2
IF2408,,13:44:32.800#,3515.0,3522.0,3481.2,3862.2,3160.2,32215,62687,3481.4,3,3481.6,8,3481.8,5,3482.0,4,3482.2,1,3482.4,3,3482.6,8,3482.8,2,3483.0,2,3483.2,2,3482.2
IF2408,,13:44:33.300#,3515.0,3522.0,3481.2,3862.2,3160.2,32215,62687,3481.4,3,3481.6,8,3481.8,5,3482.0,4,3482.2,1,3482.4,4,3482.6,8,3482.8,2,3483.0,2,3483.2,2,3482.2
IF2408,,13:44:33.800#,3515.0,3522.0,3481.2,3862.2,3160.2,32215,62687,3481.2,12,3481.4,3,3481.6,8,3481.8,7,3482.0,4,3482.4,4,3482.6,8,3482.8,2,3483.0,2,3483.2,2,3482.2
IF2408,,13:44:34.300#,3515.0,3522.0,3481.2,3862.2,3160.2,32215,62687,3481.2,12,3481.4,3,3481.6,8,3481.8,7,3482.0,7,3482.4,4,3482.6,8,3482.8,2,3483.0,2,3483.2,2,3482.2
IF2408,,13:44:35.300#,3515.0,3522.0,3481.2,3862.2,3160.2,32215,62687,3481.2,12,3481.4,3,3481.6,8,3481.8,7,3482.0,7,3482.2,1,3482.4,4,3482.6,8,3482.8,2,3483.0,2,3482.2
IF2408,,13:44:35.800#,3515.0,3522.0,3481.2,3862.2,3160.2,32215,62687,3481.2,12,3481.4,3,3481.6,8,3481.8,7,3482.0,7,3482.2,2,3482.4,4,3482.6,8,3482.8,2,3483.0,2,3482.2
IF2408,,13:44:36.300#,3515.0,3522.0,3481.2,3862.2,3160.2,32215,62687,3481.2,12,3481.4,3,3481.6,8,3481.8,7,3482.0,5,3482.2,2,3482.4,4,3482.6,8,3482.8,2,3483.0,2,3482.2
IF2408,,13:44:36.800#,3515.0,3522.0,3481.2,3862.2,3160.2,32217,62687,3481.2,12,3481.4,3,3481.6,8,3481.8,7,3482.0,5,3482.4,4,3482.6,8,3482.8,2,3483.0,2,3483.2,2,3482.2
IF2408,,13:44:37.300#,3515.0,3522.0,3481.2,3862.2,3160.2,32217,62687,3481.2,12,3481.4,3,3481.6,8,3481.8,7,3482.0,5,3482.2,1,3482.4,4,3482.6,8,3482.8,2,3483.0,2,3482.2
IF2408,,13:44:37.800#,3515.0,3522.0,3481.2,3862.2,3160.2,32217,62687,3481.2,12,3481.4,3,3481.6,8,3481.8,7,3482.0,5,3482.2,1,3482.4,4,3482.6,9,3482.8,1,3483.0,2,3482.2
IF2408,,13:44:38.300#,3515.0,3522.0,3481.2,3862.2,3160.2,32218,62687,3481.2,12,3481.4,3,3481.6,8,3481.8,7,3482.0,5,3482.2,1,3482.4,4,3482.6,9,3482.8,1,3483.0,2,3482.0
IF2408,,13:44:38.800#,3515.0,3522.0,3481.2,3862.2,3160.2,32218,62687,3481.2,12,3481.4,3,3481.6,8,3481.8,7,3482.0,6,3482.2,2,3482.4,4,3482.6,9,3482.8,1,3483.0,2,3482.0
IF2408,,13:44:39.300#,3515.0,3522.0,3481.2,3862.2,3160.2,32218,62687,3481.2,12,3481.4,3,3481.6,8,3481.8,7,3482.0,7,3482.2,2,3482.4,4,3482.6,9,3482.8,1,3483.0,2,3482.0
IF2408,,13:44:39.800#,3515.0,3522.0,3481.2,3862.2,3160.2,32219,62687,3481.2,12,3481.4,3,3481.6,8,3481.8,7,3482.0,7,3482.2,1,3482.4,4,3482.6,9,3482.8,1,3483.0,2,3482.2
IF2408,,13:44:40.800#,3515.0,3522.0,3481.2,3862.2,3160.2,32220,62687,3481.2,12,3481.4,3,3481.6,8,3481.8,7,3482.0,7,3482.2,3,3482.4,4,3482.6,9,3482.8,1,3483.0,2,3482.2
IF2408,,13:44:41.300#,3515.0,3522.0,3481.2,3862.2,3160.2,32220,62687,3481.2,14,3481.4,3,3481.6,8,3481.8,7,3482.0,7,3482.2,3,3482.4,4,3482.6,9,3482.8,1,3483.0,2,3482.2
IF2408,,13:44:44.300#,3515.0,3522.0,3481.2,3862.2,3160.2,32221,62688,3481.2,14,3481.4,3,3481.6,8,3481.8,7,3482.0,7,3482.2,2,3482.4,4,3482.6,9,3482.8,1,3483.0,2,3482.2
IF2408,,13:44:44.800#,3515.0,3522.0,3481.2,3862.2,3160.2,32224,62688,3481.2,14,3481.4,3,3481.6,8,3481.8,7,3482.0,7,3482.2,1,3482.4,4,3482.6,9,3482.8,1,3483.0,2,3482.2
IF2408,,13:44:46.300#,3515.0,3522.0,3481.2,3862.2,3160.2,32225,62687,3481.4,3,3481.6,8,3481.8,7,3482.0,7,3482.2,1,3482.4,4,3482.6,9,3482.8,1,3483.0,2,3483.2,2,3482.2
IF2408,,13:44:46.800#,3515.0,3522.0,3481.2,3862.2,3160.2,32226,62687,3481.2,14,3481.4,3,3481.6,8,3481.8,7,3482.0,8,3482.2,1,3482.4,4,3482.6,9,3482.8,1,3483.0,2,3482.2
IF2408,,13:44:47.300#,3515.0,3522.0,3481.2,3862.2,3160.2,32227,62687,3481.2,14,3481.4,3,3481.6,8,3481.8,7,3482.0,8,3482.2,1,3482.4,4,3482.6,9,3482.8,1,3483.0,2,3482.0
IF2408,,13:44:48.300#,3515.0,3522.0,3481.2,3862.2,3160.2,32228,62688,3481.4,3,3481.6,8,3481.8,7,3482.0,10,3482.2,1,3482.4,4,3482.6,9,3482.8,1,3483.0,2,3483.2,2,3482.2
IF2408,,13:44:48.800#,3515.0,3522.0,3481.2,3862.2,3160.2,32228,62688,3481.4,3,3481.6,8,3481.8,7,3482.0,8,3482.2,2,3482.4,4,3482.6,9,3482.8,1,3483.0,2,3483.2,2,3482.2
IF2408,,13:44:50.800#,3515.0,3522.0,3481.2,3862.2,3160.2,32228,62688,3481.4,3,3481.6,8,3481.8,7,3482.0,8,3482.2,4,3482.4,4,3482.6,9,3482.8,1,3483.0,2,3483.2,2,3482.2
IF2408,,13:44:51.300#,3515.0,3522.0,3481.2,3862.2,3160.2,32228,62688,3481.4,3,3481.6,8,3481.8,7,3482.0,8,3482.2,4,3482.4,7,3482.6,9,3482.8,1,3483.0,2,3483.2,2,3482.2
IF2408,,13:44:52.300#,3515.0,3522.0,3481.2,3862.2,3160.2,32228,62688,3481.4,3,3481.6,8,3481.8,7,3482.0,8,3482.2,6,3482.4,7,3482.6,9,3482.8,1,3483.0,2,3483.2,2,3482.2
IF2408,,13:44:52.800#,3515.0,3522.0,3481.2,3862.2,3160.2,32229,62689,3481.4,3,3481.6,8,3481.8,7,3482.0,8,3482.2,7,3482.4,6,3482.6,9,3482.8,1,3483.0,2,3483.2,2,3482.4
IF2408,,13:44:53.300#,3515.0,3522.0,3481.2,3862.2,3160.2,32235,62691,3481.4,3,3481.6,8,3481.8,7,3482.0,8,3482.2,7,3482.6,9,3482.8,1,3483.0,2,3483.2,2,3483.4,7,3482.4
IF2408,,13:44:53.800#,3515.0,3522.0,3481.2,3862.2,3160.2,32236,62691,3481.6,7,3481.8,7,3482.0,7,3482.2,7,3482.4,5,3482.6,8,3482.8,1,3483.0,2,3483.2,2,3483.4,5,3482.6
IF2408,,13:44:54.300#,3515.0,3522.0,3481.2,3862.2,3160.2,32244,62692,3481.6,7,3481.8,7,3482.0,5,3482.2,6,3482.4,4,3482.6,1,3482.8,1,3483.0,2,3483.2,2,3483.4,5,3482.4
IF2408,,13:44:54.800#,3515.0,3522.0,3481.2,3862.2,3160.2,32245,62693,3481.6,7,3481.8,7,3482.0,5,3482.2,6,3482.4,9,3482.8,1,3483.0,2,3483.2,2,3483.4,5,3483.6,5,3482.6
IF2408,,13:44:55.300#,3515.0,3522.0,3481.2,3862.2,3160.2,32245,62693,3481.8,7,3482.0,4,3482.2,5,3482.4,11,3482.6,5,3482.8,1,3483.0,2,3483.4,6,3483.6,5,3483.8,2,3482.6
IF2408,,13:44:55.800#,3515.0,3522.0,3481.2,3862.2,3160.2,32246,62693,3481.8,7,3482.0,5,3482.2,5,3482.4,12,3482.6,6,3483.0,2,3483.4,6,3483.6,5,3483.8,2,3484.0,1,3482.8
IF2408,,13:44:56.300#,3515.0,3522.0,3481.2,3862.2,3160.2,32246,62693,3481.8,7,3482.0,5,3482.2,5,3482.4,12,3482.6,8,3483.0,2,3483.4,6,3483.6,5,3483.8,2,3484.0,1,3482.8
IF2408,,13:44:56.800#,3515.0,3522.0,3481.2,3862.2,3160.2,32248,62693,3481.8,7,3482.0,6,3482.2,5,3482.4,12,3482.6,7,3483.0,1,3483.4,6,3483.6,5,3483.8,2,3484.0,1,3482.6
IF2408,,13:44:57.300#,3515.0,3522.0,3481.2,3862.2,3160.2,32249,62693,3481.8,7,3482.0,6,3482.2,4,3482.4,12,3482.6,7,3483.0,1,3483.4,6,3483.6,5,3483.8,2,3484.0,1,3482.8
IF2408,,13:44:57.800#,3515.0,3522.0,3481.2,3862.2,3160.2,32252,62693,3481.8,7,3482.0,6,3482.2,4,3482.4,12,3482.6,7,3483.4,5,3483.6,5,3483.8,2,3484.0,1,3484.2,3,3483.0
IF2408,,13:44:58.300#,3515.0,3522.0,3481.2,3862.2,3160.2,32252,62693,3481.8,7,3482.0,6,3482.2,4,3482.4,12,3482.6,8,3483.2,7,3483.4,8,3483.6,5,3483.8,2,3484.0,1,3483.0
IF2408,,13:44:58.800#,3515.0,3522.0,3481.2,3862.2,3160.2,32252,62693,3481.8,7,3482.0,6,3482.2,4,3482.4,12,3482.6,9,3483.2,7,3483.4,8,3483.6,5,3483.8,2,3484.0,1,3483.0
IF2408,,13:44:59.300#,3515.0,3522.0,3481.2,3862.2,3160.2,32254,62695,3481.8,7,3482.0,6,3482.2,4,3482.4,11,3482.6,9,3483.2,6,3483.4,8,3483.6,5,3483.8,2,3484.0,1,3483.2
IF2408,,13:44:59.800#,3515.0,3522.0,3481.2,3862.2,3160.2,32255,62695,3481.8,7,3482.0,6,3482.2,4,3482.4,11,3482.6,9,3483.0,2,3483.2,6,3483.4,8,3483.6,5,3483.8,2,3482.8
IF2408,,13:45:00.300#,3515.0,3522.0,3481.2,3862.2,3160.2,32255,62695,3481.8,7,3482.0,6,3482.2,4,3482.4,13,3482.6,9,3483.0,2,3483.2,5,3483.4,8,3483.6,5,3483.8,2,3482.8
IF2408,,13:45:00.800#,3515.0,3522.0,3481.2,3862.2,3160.2,32257,62696,3481.8,7,3482.0,6,3482.2,4,3482.4,12,3482.6,7,3483.2,5,3483.4,8,3483.6,5,3483.8,2,3484.0,1,3483.0
IF2408,,13:45:01.300#,3515.0,3522.0,3481.2,3862.2,3160.2,32261,62693,3481.8,7,3482.0,6,3482.2,4,3482.4,12,3482.6,7,3483.0,1,3483.2,5,3483.4,8,3483.6,5,3483.8,2,3482.8
IF2408,,13:45:01.800#,3515.0,3522.0,3481.2,3862.2,3160.2,32261,62693,3481.8,7,3482.0,6,3482.2,4,3482.4,12,3482.6,8,3483.0,2,3483.2,5,3483.4,8,3483.6,5,3483.8,2,3482.8
IF2408,,13:45:02.300#,3515.0,3522.0,3481.2,3862.2,3160.2,32262,62693,3481.8,7,3482.0,6,3482.2,4,3482.4,12,3482.6,8,3483.0,1,3483.2,7,3483.4,8,3483.6,5,3483.8,2,3483.0
IF2408,,13:45:02.800#,3515.0,3522.0,3481.2,3862.2,3160.2,32262,62693,3481.8,7,3482.0,6,3482.2,4,3482.4,12,3482.6,7,3483.0,2,3483.2,8,3483.4,8,3483.6,5,3483.8,2,3483.0
IF2408,,13:45:03.300#,3515.0,3522.0,3481.2,3862.2,3160.2,32262,62693,3481.8,7,3482.0,6,3482.2,4,3482.4,10,3482.6,7,3482.8,5,3483.0,2,3483.2,8,3483.4,8,3483.6,5,3483.0
IF2408,,13:45:03.800#,3515.0,3522.0,3481.2,3862.2,3160.2,32262,62693,3481.8,7,3482.0,7,3482.2,4,3482.4,10,3482.6,8,3482.8,6,3483.0,2,3483.2,8,3483.4,8,3483.6,5,3483.0
IF2408,,13:45:04.300#,3515.0,3522.0,3481.2,3862.2,3160.2,32264,62692,3481.8,7,3482.0,7,3482.2,4,3482.4,10,3482.6,6,3483.0,2,3483.2,8,3483.4,8,3483.6,5,3483.8,2,3482.6
IF2408,,13:45:04.800#,3515.0,3522.0,3481.2,3862.2,3160.2,32264,62692,3481.8,7,3482.0,7,3482.2,4,3482.4,10,3482.6,5,3483.0,3,3483.2,8,3483.4,8,3483.6,5,3483.8,2,3482.6
IF2408,,13:45:05.300#,3515.0,3522.0,3481.2,3862.2,3160.2,32264,62692,3481.8,7,3482.0,7,3482.2,4,3482.4,10,3482.6,5,3482.8,3,3483.0,4,3483.2,8,3483.4,7,3483.6,5,3482.6
IF2408,,13:45:05.800#,3515.0,3522.0,3481.2,3862.2,3160.2,32267,62692,3481.8,7,3482.0,7,3482.2,4,3482.4,9,3482.6,2,3482.8,3,3483.0,4,3483.2,8,3483.4,7,3483.6,5,3482.6
IF2408,,13:45:06.300#,3515.0,3522.0,3481.2,3862.2,3160.2,32270,62695,3481.6,6,3481.8,7,3482.0,7,3482.2,4,3482.4,9,3482.8,3,3483.0,4,3483.2,8,3483.4,7,3483.6,5,3482.6
IF2408,,13:45:06.800#,3515.0,3522.0,3481.2,3862.2,3160.2,32270,62695,3481.6,6,3481.8,8,3482.0,7,3482.2,4,3482.4,10,3482.8,3,3483.0,4,3483.2,8,3483.4,7,3483.6,5,3482.6
IF2408,,13:45:07.300#,3515.0,3522.0,3481.2,3862.2,3160.2,32270,62695,3481.6,6,3481.8,8,3482.0,7,3482.2,4,3482.4,11,3482.8,3,3483.0,4,3483.2,8,3483.4,7,3483.6,4,3482.6
IF2408,,13:45:07.800#,3515.0,3522.0,3481.2,3862.2,3160.2,32274,62693,3481.8,8,3482.0,7,3482.2,4,3482.4,8,3482.6,2,3482.8,2,3483.0,4,3483.2,8,3483.4,7,3483.6,4,3482.4
IF2408,,13:45:08.300#,3515.0,3522.0,3481.2,3862.2,3160.2,32275,62692,3481.6,6,3481.8,8,3482.0,8,3482.2,4,3482.4,6,3483.0,3,3483.2,8,3483.4,7,3483.6,4,3483.8,2,3482.8
IF2408,,13:45:08.800#,3515.0,3522.0,3481.2,3862.2,3160.2,32275,62692,3481.6,6,3481.8,8,3482.0,8,3482.2,3,3482.4,7,3483.0,3,3483.2,8,3483.4,7,3483.6,4,3483.8,2,3482.8
IF2408,,13:45:09.300#,3515.0,3522.0,3481.2,3862.2,3160.2,32275,62692,3481.8,8,3482.0,8,3482.2,4,3482.4,7,3482.8,1,3483.0,3,3483.2,8,3483.4,7,3483.6,4,3483.8,2,3482.8
IF2408,,13:45:09.800#,3515.0,3522.0,3481.2,3862.2,3160.2,32275,62692,3481.8,8,3482.0,8,3482.2,3,3482.4,7,3482.8,1,3483.0,2,3483.2,8,3483.4,7,3483.6,4,3483.8,2,3482.8
IF2408,,13:45:10.300#,3515.0,3522.0,3481.2,3862.2,3160.2,32275,62692,3482.0,8,3482.2,3,3482.4,7,3482.6,1,3482.8,1,3483.0,3,3483.2,8,3483.4,7,3483.6,4,3483.8,2,3482.8
IF2408,,13:45:10.800#,3515.0,3522.0,3481.2,3862.2,3160.2,32277,62691,3481.8,7,3482.0,8,3482.2,3,3482.4,6,3482.6,1,3482.8,1,3483.0,3,3483.2,8,3483.4,7,3483.6,4,3482.8
IF2408,,13:45:11.800#,3515.0,3522.0,3481.2,3862.2,3160.2,32278,62690,3481.6,6,3481.8,7,3482.0,8,3482.2,3,3482.4,6,3482.8,1,3483.0,3,3483.2,8,3483.4,7,3483.6,4,3482.6
IF2408,,13:45:12.300#,3515.0,3522.0,3481.2,3862.2,3160.2,32278,62690,3481.6,6,3481.8,7,3482.0,8,3482.2,3,3482.4,6,3482.8,4,3483.0,3,3483.2,8,3483.4,7,3483.6,4,3482.6
IF2408,,13:45:13.300#,3515.0,3522.0,3481.2,3862.2,3160.2,32278,62690,3481.6,6,3481.8,7,3482.0,8,3482.2,3,3482.4,6,3482.6,2,3482.8,1,3483.0,3,3483.2,8,3483.4,7,3482.6
IF2408,,13:45:13.800#,3515.0,3522.0,3481.2,3862.2,3160.2,32284,62691,3481.2,14,3481.4,4,3481.6,6,3481.8,7,3482.0,8,3482.4,1,3482.6,3,3482.8,1,3483.0,3,3483.2,8,3482.2
IF2408,,13:45:14.300#,3515.0,3522.0,3481.2,3862.2,3160.2,32284,62691,3481.4,4,3481.6,6,3481.8,7,3482.0,16,3482.2,1,3482.4,2,3482.6,3,3482.8,1,3483.0,3,3483.2,8,3482.2
IF2408,,13:45:14.800#,3515.0,3522.0,3481.2,3862.2,3160.2,32285,62691,3481.6,6,3481.8,7,3482.0,16,3482.2,1,3482.4,1,3482.6,3,3482.8,1,3483.0,3,3483.2,8,3483.4,7,3482.4
IF2408,,13:45:15.300#,3515.0,3522.0,3481.2,3862.2,3160.2,32285,62691,3481.6,6,3481.8,7,3482.0,8,3482.2,1,3482.4,2,3482.6,3,3482.8,1,3483.0,3,3483.2,8,3483.4,7,3482.4
IF2408,,13:45:15.800#,3515.0,3522.0,3481.2,3862.2,3160.2,32285,62691,3481.6,6,3481.8,6,3482.0,8,3482.2,1,3482.4,3,3482.6,1,3482.8,1,3483.0,3,3483.2,8,3483.4,7,3482.4
IF2408,,13:45:16.800#,3515.0,3522.0,3481.2,3862.2,3160.2,32285,62691,3481.6,6,3481.8,6,3482.0,7,3482.2,2,3482.4,3,3482.6,2,3482.8,1,3483.0,3,3483.2,8,3483.4,7,3482.4
IF2408,,13:45:17.300#,3515.0,3522.0,3481.2,3862.2,3160.2,32286,62691,3481.6,6,3481.8,6,3482.0,7,3482.2,3,3482.4,2,3482.6,1,3482.8,1,3483.0,3,3483.2,8,3483.4,7,3482.4
IF2408,,13:45:17.800#,3515.0,3522.0,3481.2,3862.2,3160.2,32286,62691,3481.6,6,3481.8,6,3482.0,7,3482.2,3,3482.4,2,3482.6,1,3482.8,1,3483.0,3,3483.2,9,3483.4,7,3482.4
IF2408,,13:45:18.300#,3515.0,3522.0,3481.2,3862.2,3160.2,32286,62691,3481.6,6,3481.8,6,3482.0,7,3482.2,2,3482.4,2,3482.6,1,3482.8,1,3483.0,3,3483.2,9,3483.4,7,3482.4
IF2408,,13:45:18.800#,3515.0,3522.0,3481.2,3862.2,3160.2,32289,62693,3481.6,6,3481.8,6,3482.0,7,3482.2,1,3482.4,3,3482.8,1,3483.0,3,3483.2,9,3483.4,7,3483.6,4,3482.2
IF2408,,13:45:19.300#,3515.0,3522.0,3481.2,3862.2,3160.2,32292,62695,3481.6,6,3481.8,6,3482.0,7,3482.2,1,3482.4,3,3482.6,2,3482.8,6,3483.0,3,3483.2,8,3483.4,7,3482.6
IF2408,,13:45:19.800#,3515.0,3522.0,3481.2,3862.2,3160.2,32296,62696,3481.2,13,3481.4,4,3481.6,6,3481.8,6,3482.0,7,3482.4,3,3482.6,5,3482.8,6,3483.0,2,3483.2,8,3482.2
