InstrumentId,ExchangeId,Datetime,OpenPrice,HighestPrice,LowestPrice,UpperLimitPrice,LowerLimitPrice,Volume,OpenInterest,BidPrice5,BidVolume5,BidPrice4,BidVolume4,BidPrice3,BidVolume3,BidPrice2,BidVolume2,BidPrice1,BidVolume1,AskPrice1,AskVolume1,AskPrice2,AskVolume2,AskPrice3,AskVolume3,AskPrice4,AskVolume4,AskPrice5,AskVolume5,LastPrice
IF2412,,13:38:35.800#,3490.6,3506.2,3467.0,3845.8,3146.6,6781,48546,3465.8,1,3466.0,2,3466.4,1,3466.6,4,3467.0,4,3467.2,9,3467.4,1,3467.6,11,3467.8,1,3468.0,3,3467.2
IF2412,,13:38:41.800#,3490.6,3506.2,3467.0,3845.8,3146.6,6783,48548,3465.8,1,3466.0,2,3466.4,1,3466.6,4,3467.0,2,3467.2,9,3467.4,1,3467.6,11,3467.8,1,3468.0,3,3467.0
IF2412,,13:38:42.300#,3490.6,3506.2,3467.0,3845.8,3146.6,6785,48548,3465.2,1,3465.8,1,3466.0,2,3466.4,1,3466.6,4,3467.2,9,3467.4,1,3467.6,11,3467.8,1,3468.0,3,3467.0
IF2412,,13:38:43.800#,3490.6,3506.2,3467.0,3845.8,3146.6,6785,48548,3465.8,1,3466.0,2,3466.4,1,3466.6,4,3466.8,1,3467.2,9,3467.4,1,3467.6,11,3467.8,1,3468.0,3,3467.0
IF2412,,13:38:49.300#,3490.6,3506.2,3466.8,3845.8,3146.6,6786,48548,3465.2,1,3465.8,1,3466.0,2,3466.4,1,3466.6,4,3467.2,9,3467.4,1,3467.6,11,3467.8,1,3468.0,3,3466.8
IF2412,,13:38:49.800#,3490.6,3506.2,3466.6,3845.8,3146.6,6790,48547,3465.0,8,3465.2,1,3465.8,1,3466.0,2,3466.4,1,3467.2,9,3467.4,1,3467.6,11,3467.8,1,3468.0,3,3466.6
IF2412,,13:38:50.300#,3490.6,3506.2,3466.6,3845.8,3146.6,6793,48546,3465.2,1,3465.8,1,3466.0,2,3466.4,2,3466.6,5,3467.2,7,3467.4,1,3467.6,11,3467.8,1,3468.0,3,3467.2
IF2412,,13:38:52.300#,3490.6,3506.2,3466.6,3845.8,3146.6,6793,48546,3465.8,1,3466.0,2,3466.4,1,3466.6,4,3466.8,1,3467.2,7,3467.4,1,3467.6,11,3467.8,1,3468.0,3,3467.2
IF2412,,13:38:52.800#,3490.6,3506.2,3466.6,3845.8,3146.6,6795,48546,3465.2,1,3465.8,1,3466.0,2,3466.4,1,3466.6,3,3467.2,7,3467.4,1,3467.6,11,3467.8,1,3468.0,3,3466.6
IF2412,,13:38:53.300#,3490.6,3506.2,3466.6,3845.8,3146.6,6795,48546,3465.8,1,3466.0,2,3466.4,1,3466.6,3,3466.8,1,3467.2,7,3467.4,1,3467.6,11,3467.8,1,3468.0,3,3466.6
IF2412,,13:38:54.800#,3490.6,3506.2,3466.6,3845.8,3146.6,6796,48546,3465.2,1,3465.8,1,3466.0,2,3466.4,1,3466.6,3,3467.2,7,3467.4,1,3467.6,11,3467.8,1,3468.0,3,3466.8
IF2412,,13:38:55.300#,3490.6,3506.2,3466.6,3845.8,3146.6,6797,48546,3465.2,1,3465.8,1,3466.0,2,3466.4,1,3466.6,2,3467.0,1,3467.2,7,3467.4,1,3467.6,11,3467.8,1,3466.6
IF2412,,13:38:56.800#,3490.6,3506.2,3466.6,3845.8,3146.6,6797,48546,3465.2,1,3465.8,1,3466.0,2,3466.4,1,3466.6,2,3467.0,1,3467.2,7,3467.6,11,3467.8,1,3468.0,3,3466.6
IF2412,,13:38:59.300#,3490.6,3506.2,3466.6,3845.8,3146.6,6797,48546,3465.2,1,3465.8,1,3466.0,2,3466.4,1,3466.6,2,3467.0,1,3467.2,7,3467.4,2,3467.6,11,3467.8,1,3466.6
IF2412,,13:38:59.800#,3490.6,3506.2,3466.6,3845.8,3146.6,6797,48546,3465.2,1,3465.8,1,3466.0,2,3466.4,1,3466.6,2,3467.2,7,3467.4,2,3467.6,11,3467.8,1,3468.0,2,3466.6
IF2412,,13:39:00.800#,3490.6,3506.2,3466.6,3845.8,3146.6,6798,48545,3465.2,1,3465.8,1,3466.0,2,3466.4,1,3466.6,2,3467.2,6,3467.4,2,3467.6,11,3467.8,1,3468.0,3,3467.2
IF2412,,13:39:01.300#,3490.6,3506.2,3466.6,3845.8,3146.6,6798,48545,3465.2,1,3465.8,1,3466.0,2,3466.4,1,3466.6,2,3467.0,2,3467.2,6,3467.4,2,3467.6,11,3467.8,1,3467.2
IF2412,,13:39:03.800#,3490.6,3506.2,3466.6,3845.8,3146.6,6798,48545,3465.8,1,3466.0,2,3466.4,1,3466.6,2,3466.8,2,3467.0,2,3467.2,6,3467.4,2,3467.6,11,3467.8,1,3467.2
IF2412,,13:39:04.300#,3490.6,3506.2,3466.6,3845.8,3146.6,6798,48545,3465.8,1,3466.0,2,3466.4,1,3466.6,2,3466.8,3,3467.0,4,3467.2,6,3467.6,11,3467.8,1,3468.0,3,3467.2
IF2412,,13:39:10.300#,3490.6,3506.2,3466.6,3845.8,3146.6,6801,48546,3465.8,1,3466.0,2,3466.4,1,3466.6,2,3466.8,3,3467.0,1,3467.2,6,3467.6,11,3467.8,1,3468.0,3,3467.0
IF2412,,13:39:11.300#,3490.6,3506.2,3466.6,3845.8,3146.6,6802,48546,3465.8,1,3466.0,2,3466.4,1,3466.6,2,3466.8,2,3467.0,1,3467.2,6,3467.6,11,3467.8,1,3468.0,3,3466.8
IF2412,,13:39:14.800#,3490.6,3506.2,3466.6,3845.8,3146.6,6803,48546,3465.8,1,3466.0,2,3466.4,1,3466.6,2,3466.8,1,3467.0,1,3467.2,6,3467.6,11,3467.8,1,3468.0,3,3466.8
IF2412,,13:39:21.800#,3490.6,3506.2,3466.6,3845.8,3146.6,6804,48545,3465.8,1,3466.0,2,3466.4,1,3466.6,2,3466.8,1,3467.0,1,3467.2,6,3467.6,11,3467.8,1,3468.0,3,3467.0
IF2412,,13:39:25.800#,3490.6,3506.2,3466.6,3845.8,3146.6,6805,48545,3465.8,1,3466.0,2,3466.4,1,3466.6,2,3466.8,1,3467.2,6,3467.6,11,3467.8,1,3468.0,3,3468.2,2,3467.0
IF2412,,13:39:29.300#,3490.6,3506.2,3466.6,3845.8,3146.6,6805,48545,3465.8,1,3466.0,2,3466.4,1,3466.6,2,3466.8,1,3467.0,2,3467.2,6,3467.6,11,3467.8,1,3468.0,3,3467.0
IF2412,,13:39:29.800#,3490.6,3506.2,3466.6,3845.8,3146.6,6809,48544,3465.8,1,3466.0,2,3466.4,1,3466.8,1,3467.0,5,3467.2,4,3467.6,11,3467.8,1,3468.0,3,3468.2,2,3467.2
IF2412,,13:39:30.300#,3490.6,3506.2,3466.6,3845.8,3146.6,6809,48544,3465.2,1,3465.8,1,3466.0,2,3466.4,1,3466.8,1,3467.2,4,3467.6,11,3467.8,1,3468.0,3,3468.2,2,3467.2
IF2412,,13:39:30.800#,3490.6,3506.2,3466.6,3845.8,3146.6,6811,48544,3465.2,1,3465.8,1,3466.0,2,3466.4,1,3466.8,1,3467.2,2,3467.6,11,3467.8,1,3468.0,3,3468.2,2,3467.2
IF2412,,13:39:31.800#,3490.6,3506.2,3466.6,3845.8,3146.6,6811,48544,3465.8,1,3466.0,2,3466.4,1,3466.8,1,3467.0,2,3467.2,2,3467.6,11,3467.8,1,3468.0,3,3468.2,2,3467.2
IF2412,,13:39:33.800#,3490.6,3506.2,3466.6,3845.8,3146.6,6812,48544,3465.8,1,3466.0,2,3466.4,1,3466.8,1,3467.0,1,3467.2,2,3467.6,11,3467.8,1,3468.0,3,3468.2,2,3467.0
IF2412,,13:39:35.800#,3490.6,3506.2,3466.6,3845.8,3146.6,6814,48542,3465.2,1,3465.8,1,3466.0,2,3466.4,1,3466.8,1,3467.2,1,3467.6,11,3467.8,1,3468.0,3,3468.2,2,3467.2
IF2412,,13:39:39.800#,3490.6,3506.2,3466.6,3845.8,3146.6,6814,48542,3465.8,1,3466.0,2,3466.4,1,3466.6,1,3466.8,1,3467.2,1,3467.6,11,3467.8,1,3468.0,3,3468.2,2,3467.2
IF2412,,13:39:40.800#,3490.6,3506.2,3466.6,3845.8,3146.6,6815,48541,3466.0,2,3466.4,1,3466.6,1,3466.8,2,3467.0,1,3467.6,11,3467.8,1,3468.0,3,3468.2,2,3468.4,7,3467.2
IF2412,,13:39:41.300#,3490.6,3506.2,3466.6,3845.8,3146.6,6815,48541,3466.0,2,3466.4,1,3466.6,1,3466.8,2,3467.0,1,3467.4,2,3467.6,12,3467.8,1,3468.0,3,3468.2,2,3467.2
IF2412,,13:39:41.800#,3490.6,3506.2,3466.6,3845.8,3146.6,6815,48541,3466.0,2,3466.4,1,3466.6,1,3466.8,2,3467.0,1,3467.4,4,3467.6,12,3467.8,1,3468.0,3,3468.2,2,3467.2
IF2412,,13:39:42.800#,3490.6,3506.2,3466.6,3845.8,3146.6,6816,48542,3466.0,2,3466.4,1,3466.6,1,3466.8,2,3467.0,1,3467.4,3,3467.6,12,3467.8,1,3468.0,3,3468.2,2,3467.4
IF2412,,13:39:43.800#,3490.6,3506.2,3466.6,3845.8,3146.6,6816,48542,3466.0,2,3466.4,1,3466.6,1,3466.8,2,3467.0,1,3467.4,2,3467.6,12,3467.8,1,3468.0,3,3468.2,2,3467.4
IF2412,,13:39:44.300#,3490.6,3506.2,3466.6,3845.8,3146.6,6816,48542,3466.0,2,3466.4,1,3466.6,1,3466.8,1,3467.0,1,3467.4,2,3467.6,12,3467.8,1,3468.0,3,3468.2,2,3467.4
IF2412,,13:39:46.800#,3490.6,3506.2,3466.6,3845.8,3146.6,6816,48542,3466.0,2,3466.4,1,3466.6,1,3467.0,1,3467.2,2,3467.4,2,3467.6,12,3467.8,1,3468.0,3,3468.2,2,3467.4
IF2412,,13:39:47.300#,3490.6,3506.2,3466.6,3845.8,3146.6,6816,48542,3466.0,2,3466.4,1,3466.6,1,3467.0,1,3467.2,2,3467.4,3,3467.6,12,3467.8,1,3468.0,3,3468.2,2,3467.4
IF2412,,13:39:49.300#,3490.6,3506.2,3466.6,3845.8,3146.6,6816,48542,3466.0,2,3466.4,1,3466.6,1,3467.0,1,3467.2,2,3467.4,4,3467.6,12,3467.8,1,3468.0,3,3468.2,2,3467.4
IF2412,,13:39:50.300#,3490.6,3506.2,3466.6,3845.8,3146.6,6818,48543,3466.0,2,3466.4,1,3466.6,1,3467.0,1,3467.2,2,3467.4,1,3467.6,12,3467.8,1,3468.0,3,3468.2,2,3467.4
IF2412,,13:39:52.300#,3490.6,3506.2,3466.6,3845.8,3146.6,6819,48544,3466.0,2,3466.4,1,3466.6,1,3467.0,1,3467.2,1,3467.4,1,3467.6,12,3467.8,1,3468.0,3,3468.2,2,3467.2
IF2412,,13:39:52.800#,3490.6,3506.2,3466.6,3845.8,3146.6,6820,48545,3465.8,1,3466.0,2,3466.4,1,3466.6,1,3467.0,1,3467.4,1,3467.6,12,3467.8,1,3468.0,3,3468.2,2,3467.2
IF2412,,13:39:54.800#,3490.6,3506.2,3466.6,3845.8,3146.6,6821,48544,3465.2,1,3465.8,1,3466.0,2,3466.4,1,3466.6,1,3467.4,1,3467.6,12,3467.8,1,3468.0,3,3468.2,2,3467.0
IF2412,,13:39:56.300#,3490.6,3506.2,3466.6,3845.8,3146.6,6821,48544,3465.2,1,3465.8,1,3466.0,2,3466.4,1,3466.6,6,3467.4,1,3467.6,12,3467.8,1,3468.0,3,3468.2,2,3467.0
IF2412,,13:39:58.800#,3490.6,3506.2,3466.6,3845.8,3146.6,6821,48544,3465.8,1,3466.0,2,3466.4,1,3466.6,6,3466.8,4,3467.4,1,3467.6,12,3467.8,1,3468.0,3,3468.2,2,3467.0
IF2412,,13:39:59.300#,3490.6,3506.2,3466.6,3845.8,3146.6,6821,48544,3465.8,1,3466.0,2,3466.4,1,3466.6,1,3466.8,9,3467.4,1,3467.6,12,3467.8,1,3468.0,3,3468.2,2,3467.0
IF2412,,13:40:01.300#,3490.6,3506.2,3466.6,3845.8,3146.6,6821,48544,3465.8,1,3466.0,2,3466.4,1,3466.6,1,3466.8,7,3467.4,1,3467.6,12,3467.8,1,3468.0,3,3468.2,2,3467.0
IF2412,,13:40:01.800#,3490.6,3506.2,3466.6,3845.8,3146.6,6821,48544,3465.8,1,3466.0,2,3466.4,1,3466.6,1,3466.8,8,3467.4,1,3467.6,12,3467.8,1,3468.0,3,3468.2,2,3467.0
IF2412,,13:40:07.300#,3490.6,3506.2,3466.6,3845.8,3146.6,6822,48544,3466.0,2,3466.4,1,3466.6,1,3466.8,8,3467.0,1,3467.4,1,3467.6,12,3467.8,1,3468.0,3,3468.2,2,3467.0
IF2412,,13:40:07.800#,3490.6,3506.2,3466.6,3845.8,3146.6,6822,48544,3466.0,2,3466.4,1,3466.6,1,3466.8,3,3467.0,6,3467.4,1,3467.6,12,3467.8,1,3468.0,3,3468.2,2,3467.0
IF2412,,13:40:09.300#,3490.6,3506.2,3466.6,3845.8,3146.6,6822,48544,3466.0,2,3466.4,1,3466.6,1,3466.8,3,3467.0,5,3467.4,1,3467.6,12,3467.8,1,3468.0,3,3468.2,2,3467.0
IF2412,,13:40:10.300#,3490.6,3506.2,3466.6,3845.8,3146.6,6823,48544,3466.4,1,3466.6,1,3466.8,3,3467.0,5,3467.4,1,3467.6,12,3467.8,1,3468.0,3,3468.2,2,3468.4,6,3467.4
IF2412,,13:40:10.800#,3490.6,3506.2,3466.6,3845.8,3146.6,6825,48546,3466.0,2,3466.4,1,3466.6,1,3466.8,2,3467.4,5,3467.6,12,3467.8,1,3468.0,3,3468.2,2,3468.4,6,3466.8
IF2412,,13:40:11.300#,3490.6,3506.2,3466.6,3845.8,3146.6,6830,48546,3465.8,1,3466.0,2,3466.4,1,3466.6,1,3466.8,2,3467.6,12,3467.8,1,3468.0,3,3468.2,2,3468.4,6,3467.4
IF2412,,13:40:12.800#,3490.6,3506.2,3466.6,3845.8,3146.6,6830,48546,3465.8,1,3466.0,2,3466.4,1,3466.6,1,3466.8,2,3467.4,1,3467.6,12,3467.8,1,3468.0,3,3468.2,2,3467.4
IF2412,,13:40:13.800#,3490.6,3506.2,3466.6,3845.8,3146.6,6830,48546,3465.8,1,3466.0,2,3466.4,1,3466.6,1,3466.8,2,3467.4,1,3467.6,13,3467.8,1,3468.0,3,3468.2,2,3467.4
IF2412,,13:40:14.800#,3490.6,3506.2,3466.6,3845.8,3146.6,6830,48546,3465.8,1,3466.0,2,3466.4,1,3466.6,4,3466.8,2,3467.2,1,3467.4,2,3467.6,13,3467.8,1,3468.0,3,3467.4
IF2412,,13:40:15.300#,3490.6,3506.2,3466.6,3845.8,3146.6,6830,48546,3465.8,1,3466.0,2,3466.4,1,3466.6,4,3466.8,1,3467.0,1,3467.2,1,3467.4,2,3467.6,13,3467.8,1,3467.4
IF2412,,13:40:15.800#,3490.6,3506.2,3466.6,3845.8,3146.6,6830,48546,3465.8,1,3466.0,2,3466.4,1,3466.6,4,3466.8,1,3467.0,2,3467.2,2,3467.4,4,3467.6,13,3467.8,1,3467.4
IF2412,,13:40:16.300#,3490.6,3506.2,3466.6,3845.8,3146.6,6831,48546,3465.2,1,3465.8,1,3466.0,2,3466.4,1,3466.6,3,3467.0,2,3467.2,2,3467.4,4,3467.6,13,3467.8,1,3466.8
IF2412,,13:40:19.300#,3490.6,3506.2,3466.6,3845.8,3146.6,6831,48546,3465.2,1,3465.8,1,3466.0,2,3466.4,1,3466.6,3,3467.2,2,3467.4,4,3467.6,13,3467.8,1,3468.0,3,3466.8
IF2412,,13:40:19.800#,3490.6,3506.2,3466.6,3845.8,3146.6,6831,48546,3465.8,1,3466.0,2,3466.4,1,3466.6,3,3466.8,3,3467.2,2,3467.4,4,3467.6,13,3467.8,1,3468.0,3,3466.8
IF2412,,13:40:20.300#,3490.6,3506.2,3466.6,3845.8,3146.6,6831,48546,3465.8,1,3466.0,2,3466.4,1,3466.6,3,3466.8,1,3467.2,2,3467.4,4,3467.6,13,3467.8,1,3468.0,3,3466.8
IF2412,,13:40:20.800#,3490.6,3506.2,3466.6,3845.8,3146.6,6831,48546,3466.0,2,3466.4,1,3466.6,3,3466.8,1,3467.2,1,3467.4,4,3467.6,13,3467.8,1,3468.0,3,3468.2,2,3466.8
IF2412,,13:40:21.300#,3490.6,3506.2,3466.6,3845.8,3146.6,6832,48546,3465.2,1,3465.8,1,3466.0,2,3466.4,1,3466.6,3,3467.2,7,3467.4,6,3467.6,13,3467.8,1,3468.0,3,3467.2
IF2412,,13:40:21.800#,3490.6,3506.2,3466.6,3845.8,3146.6,6833,48545,3465.2,1,3465.8,1,3466.0,2,3466.4,1,3466.6,3,3467.2,6,3467.4,6,3467.6,13,3467.8,1,3468.0,3,3467.2
IF2412,,13:40:22.800#,3490.6,3506.2,3466.6,3845.8,3146.6,6833,48545,3465.2,1,3465.8,1,3466.0,2,3466.4,1,3466.6,3,3467.2,4,3467.4,8,3467.6,13,3467.8,1,3468.0,3,3467.2
IF2412,,13:40:23.800#,3490.6,3506.2,3466.6,3845.8,3146.6,6833,48545,3465.2,1,3465.8,1,3466.0,2,3466.4,1,3466.6,3,3467.2,5,3467.4,8,3467.6,13,3467.8,1,3468.0,3,3467.2
IF2412,,13:40:24.300#,3490.6,3506.2,3466.6,3845.8,3146.6,6833,48545,3465.2,1,3465.8,1,3466.0,2,3466.4,1,3466.6,3,3467.0,2,3467.2,5,3467.4,8,3467.6,13,3467.8,1,3467.2
IF2412,,13:40:24.800#,3490.6,3506.2,3466.6,3845.8,3146.6,6836,48548,3465.0,7,3465.2,1,3465.8,1,3466.0,2,3466.4,1,3467.0,2,3467.2,5,3467.4,8,3467.6,13,3467.8,1,3466.6
IF2412,,13:40:25.300#,3490.6,3506.2,3466.4,3845.8,3146.6,6837,48548,3465.0,7,3465.2,1,3465.8,1,3466.0,2,3466.4,1,3466.8,1,3467.0,2,3467.2,4,3467.4,8,3467.6,13,3466.4
IF2412,,13:40:26.800#,3490.6,3506.2,3466.4,3845.8,3146.6,6837,48548,3465.0,7,3465.2,1,3465.8,1,3466.0,2,3466.4,1,3466.8,1,3467.0,2,3467.2,4,3467.4,7,3467.6,13,3466.4
IF2412,,13:40:29.800#,3490.6,3506.2,3466.4,3845.8,3146.6,6838,48547,3465.0,7,3465.2,1,3465.8,1,3466.0,2,3466.4,1,3467.0,2,3467.2,4,3467.4,7,3467.6,13,3467.8,1,3466.8
IF2412,,13:40:30.300#,3490.6,3506.2,3466.4,3845.8,3146.6,6840,48548,3465.0,7,3465.2,1,3465.8,1,3466.0,2,3466.4,1,3467.0,1,3467.2,4,3467.4,7,3467.6,13,3467.8,1,3467.0
IF2412,,13:40:31.800#,3490.6,3506.2,3466.4,3845.8,3146.6,6840,48548,3465.0,7,3465.2,1,3465.8,1,3466.0,2,3466.4,1,3466.8,1,3467.0,1,3467.2,4,3467.4,7,3467.6,13,3467.0
IF2412,,13:40:34.800#,3490.6,3506.2,3466.4,3845.8,3146.6,6840,48548,3465.0,7,3465.2,1,3465.8,1,3466.0,2,3466.4,1,3467.0,1,3467.2,4,3467.4,7,3467.6,13,3467.8,1,3467.0
IF2412,,13:40:35.800#,3490.6,3506.2,3466.4,3845.8,3146.6,6840,48548,3465.0,7,3465.2,1,3465.8,1,3466.0,2,3466.4,1,3466.8,1,3467.0,1,3467.2,4,3467.4,7,3467.6,13,3467.0
IF2412,,13:40:36.300#,3490.6,3506.2,3466.4,3845.8,3146.6,6840,48548,3465.0,7,3465.2,1,3465.8,1,3466.0,2,3466.4,1,3467.0,2,3467.2,4,3467.4,7,3467.6,13,3467.8,1,3467.0
IF2412,,13:40:36.800#,3490.6,3506.2,3466.4,3845.8,3146.6,6840,48548,3465.0,7,3465.2,1,3465.8,1,3466.0,2,3466.4,1,3467.0,1,3467.2,4,3467.4,7,3467.6,13,3467.8,1,3467.0
IF2412,,13:40:37.800#,3490.6,3506.2,3466.4,3845.8,3146.6,6840,48548,3465.0,7,3465.2,1,3465.8,1,3466.0,2,3466.4,1,3466.8,2,3467.0,1,3467.2,4,3467.4,7,3467.6,13,3467.0
IF2412,,13:40:38.800#,3490.6,3506.2,3466.4,3845.8,3146.6,6841,48548,3464.0,1,3465.0,7,3465.2,1,3465.8,1,3466.0,2,3466.8,2,3467.0,1,3467.2,4,3467.4,7,3467.6,13,3466.4
IF2412,,13:40:39.300#,3490.6,3506.2,3466.4,3845.8,3146.6,6841,48548,3465.2,1,3465.8,1,3466.0,2,3466.2,4,3466.4,2,3466.8,2,3467.0,3,3467.2,4,3467.4,7,3467.6,13,3466.4
IF2412,,13:40:39.800#,3490.6,3506.2,3466.4,3845.8,3146.6,6841,48548,3465.0,7,3465.2,1,3465.8,1,3466.0,2,3466.4,2,3466.8,2,3467.0,3,3467.2,4,3467.4,7,3467.6,13,3466.4
IF2412,,13:40:40.300#,3490.6,3506.2,3466.4,3845.8,3146.6,6841,48548,3465.0,7,3465.2,1,3465.8,2,3466.0,2,3466.4,1,3466.8,2,3467.0,3,3467.2,4,3467.4,7,3467.6,13,3466.4
IF2412,,13:40:40.800#,3490.6,3506.2,3466.4,3845.8,3146.6,6842,48548,3464.0,1,3465.0,7,3465.2,1,3465.8,2,3466.0,2,3466.8,2,3467.0,3,3467.2,4,3467.4,7,3467.6,13,3466.4
IF2412,,13:40:41.300#,3490.6,3506.2,3466.4,3845.8,3146.6,6842,48548,3465.0,7,3465.2,1,3465.8,2,3466.0,3,3466.2,1,3466.6,1,3466.8,3,3467.0,3,3467.2,4,3467.4,7,3466.4
IF2412,,13:40:42.300#,3490.6,3506.2,3466.4,3845.8,3146.6,6842,48548,3465.0,7,3465.2,1,3465.8,2,3466.0,3,3466.2,1,3466.6,1,3466.8,4,3467.0,3,3467.2,4,3467.4,7,3466.4
IF2412,,13:40:42.800#,3490.6,3506.2,3466.4,3845.8,3146.6,6842,48548,3464.0,1,3465.0,7,3465.2,1,3465.8,2,3466.0,3,3466.6,1,3466.8,4,3467.0,3,3467.2,4,3467.4,7,3466.4
IF2412,,13:40:43.800#,3490.6,3506.2,3466.4,3845.8,3146.6,6843,48549,3464.0,1,3465.0,7,3465.2,1,3465.8,2,3466.0,3,3466.6,1,3466.8,4,3467.0,3,3467.2,4,3467.4,7,3466.4
IF2412,,13:40:46.300#,3490.6,3506.2,3466.4,3845.8,3146.6,6843,48549,3465.0,7,3465.2,1,3465.8,2,3466.0,3,3466.2,3,3466.6,1,3466.8,4,3467.0,3,3467.2,4,3467.4,7,3466.4
IF2412,,13:40:46.800#,3490.6,3506.2,3466.4,3845.8,3146.6,6843,48549,3465.0,7,3465.2,1,3465.8,2,3466.0,3,3466.2,2,3466.8,4,3467.0,3,3467.2,4,3467.4,7,3467.6,12,3466.4
IF2412,,13:40:48.800#,3490.6,3506.2,3466.2,3845.8,3146.6,6844,48549,3465.0,7,3465.2,1,3465.8,2,3466.0,3,3466.2,1,3466.8,4,3467.0,3,3467.2,4,3467.4,7,3467.6,12,3466.2
IF2412,,13:40:49.300#,3490.6,3506.2,3466.2,3845.8,3146.6,6844,48549,3465.0,7,3465.2,1,3465.8,2,3466.0,3,3466.2,1,3466.6,2,3466.8,3,3467.0,3,3467.2,4,3467.4,7,3466.2
IF2412,,13:40:50.300#,3490.6,3506.2,3466.2,3845.8,3146.6,6846,48549,3465.0,7,3465.2,1,3465.8,2,3466.0,3,3466.2,1,3466.8,3,3467.0,3,3467.2,4,3467.4,7,3467.6,11,3466.6
IF2412,,13:40:50.800#,3490.6,3506.2,3466.2,3845.8,3146.6,6846,48549,3465.2,1,3465.8,2,3466.0,3,3466.2,1,3466.4,2,3466.8,2,3467.0,3,3467.2,4,3467.4,7,3467.6,11,3466.6
IF2412,,13:40:51.300#,3490.6,3506.2,3466.2,3845.8,3146.6,6846,48549,3465.2,1,3465.8,2,3466.0,3,3466.2,2,3466.4,4,3466.8,1,3467.0,3,3467.2,4,3467.4,7,3467.6,11,3466.6
IF2412,,13:40:51.800#,3490.6,3506.2,3466.2,3845.8,3146.6,6847,48549,3465.2,1,3465.8,2,3466.0,3,3466.2,2,3466.4,1,3466.8,1,3467.0,3,3467.2,4,3467.4,7,3467.6,11,3466.4
IF2412,,13:40:57.300#,3490.6,3506.2,3466.2,3845.8,3146.6,6847,48549,3465.2,1,3465.8,2,3466.0,3,3466.2,1,3466.4,1,3466.8,1,3467.0,3,3467.2,4,3467.4,7,3467.6,11,3466.4
IF2412,,13:40:57.800#,3490.6,3506.2,3466.2,3845.8,3146.6,6847,48549,3465.0,7,3465.2,1,3465.8,2,3466.0,3,3466.2,1,3466.8,1,3467.0,3,3467.2,4,3467.4,7,3467.6,11,3466.4
IF2412,,13:41:00.800#,3490.6,3506.2,3466.2,3845.8,3146.6,6847,48549,3465.0,7,3465.2,1,3465.8,1,3466.0,3,3466.2,1,3466.8,1,3467.0,3,3467.2,4,3467.4,7,3467.6,11,3466.4
IF2412,,13:41:01.300#,3490.6,3506.2,3466.2,3845.8,3146.6,6848,48549,3465.0,7,3465.2,1,3465.8,1,3466.0,3,3466.2,1,3467.0,3,3467.2,4,3467.4,7,3467.6,11,3468.0,2,3466.8
IF2412,,13:41:01.800#,3490.6,3506.2,3466.2,3845.8,3146.6,6848,48549,3465.0,7,3465.2,1,3465.8,1,3466.0,3,3466.2,1,3466.8,4,3467.0,4,3467.2,4,3467.4,7,3467.6,11,3466.8
IF2412,,13:41:02.300#,3490.6,3506.2,3466.2,3845.8,3146.6,6848,48549,3465.0,7,3465.2,1,3465.8,1,3466.0,3,3466.2,1,3466.8,5,3467.0,4,3467.2,4,3467.4,7,3467.6,11,3466.8
IF2412,,13:41:05.300#,3490.6,3506.2,3466.2,3845.8,3146.6,6848,48549,3465.0,7,3465.2,1,3465.8,1,3466.0,3,3466.2,2,3466.8,4,3467.0,4,3467.2,4,3467.4,7,3467.6,11,3466.8
IF2412,,13:41:05.800#,3490.6,3506.2,3466.2,3845.8,3146.6,6848,48549,3465.2,1,3465.8,1,3466.0,3,3466.2,1,3466.4,2,3466.8,4,3467.0,4,3467.2,4,3467.4,7,3467.6,11,3466.8
IF2412,,13:41:06.300#,3490.6,3506.2,3466.2,3845.8,3146.6,6848,48549,3465.2,1,3465.8,1,3466.0,3,3466.2,1,3466.4,4,3466.8,1,3467.0,3,3467.2,4,3467.4,7,3467.6,11,3466.8
IF2412,,13:41:07.300#,3490.6,3506.2,3466.2,3845.8,3146.6,6848,48549,3465.2,1,3465.8,1,3466.0,3,3466.2,1,3466.4,2,3466.8,1,3467.0,2,3467.2,4,3467.4,7,3467.6,11,3466.8
IF2412,,13:41:07.800#,3490.6,3506.2,3466.2,3845.8,3146.6,6848,48549,3465.2,1,3465.8,1,3466.0,3,3466.2,1,3466.4,1,3466.8,1,3467.0,2,3467.2,4,3467.4,7,3467.6,11,3466.8
IF2412,,13:41:08.300#,3490.6,3506.2,3466.2,3845.8,3146.6,6848,48549,3465.0,7,3465.2,1,3465.8,1,3466.0,3,3466.2,1,3466.6,2,3466.8,1,3467.0,2,3467.2,4,3467.4,7,3466.8
IF2412,,13:41:08.800#,3490.6,3506.2,3466.2,3845.8,3146.6,6848,48549,3465.2,1,3465.8,1,3466.0,3,3466.2,1,3466.4,2,3466.6,2,3466.8,1,3467.0,2,3467.2,4,3467.4,7,3466.8
IF2412,,13:41:09.300#,3490.6,3506.2,3466.2,3845.8,3146.6,6850,48551,3465.0,7,3465.2,1,3465.8,1,3466.0,4,3466.2,1,3466.6,2,3466.8,1,3467.0,2,3467.2,4,3467.4,7,3466.4
IF2412,,13:41:10.300#,3490.6,3506.2,3466.2,3845.8,3146.6,6852,48551,3465.0,7,3465.2,1,3465.8,1,3466.0,4,3466.2,1,3466.8,1,3467.0,2,3467.2,4,3467.4,7,3467.6,11,3466.6
IF2412,,13:41:12.800#,3490.6,3506.2,3466.2,3845.8,3146.6,6853,48552,3465.0,7,3465.2,1,3465.8,1,3466.0,4,3466.2,1,3467.0,2,3467.2,4,3467.4,7,3467.6,11,3468.0,2,3466.8
IF2412,,13:41:13.300#,3490.6,3506.2,3466.2,3845.8,3146.6,6853,48552,3465.0,7,3465.2,1,3465.8,1,3466.0,4,3466.2,1,3466.8,1,3467.0,2,3467.2,5,3467.4,7,3467.6,11,3466.8
IF2412,,13:41:17.300#,3490.6,3506.2,3466.2,3845.8,3146.6,6853,48552,3465.2,1,3465.8,1,3466.0,4,3466.2,1,3466.4,3,3466.8,1,3467.0,2,3467.2,5,3467.4,7,3467.6,11,3466.8
IF2412,,13:41:18.300#,3490.6,3506.2,3466.2,3845.8,3146.6,6853,48552,3465.2,1,3465.8,1,3466.0,5,3466.2,1,3466.4,1,3466.8,1,3467.0,2,3467.2,5,3467.4,7,3467.6,11,3466.8
IF2412,,13:41:18.800#,3490.6,3506.2,3466.2,3845.8,3146.6,6854,48552,3465.0,6,3465.2,1,3465.8,1,3466.0,5,3466.2,1,3466.4,9,3466.8,1,3467.0,2,3467.2,5,3467.4,7,3466.4
IF2412,,13:41:19.300#,3490.6,3506.2,3466.2,3845.8,3146.6,6856,48551,3465.0,6,3465.2,1,3465.8,1,3466.0,5,3466.2,1,3466.4,8,3466.8,1,3467.0,2,3467.2,5,3467.4,7,3466.4
IF2412,,13:41:19.800#,3490.6,3506.2,3466.2,3845.8,3146.6,6856,48551,3465.0,6,3465.2,1,3465.8,1,3466.0,5,3466.2,1,3466.4,8,3466.8,1,3467.0,2,3467.2,4,3467.4,7,3466.4
IF2412,,13:41:20.800#,3490.6,3506.2,3466.2,3845.8,3146.6,6857,48550,3465.0,6,3465.2,1,3465.8,1,3466.0,5,3466.2,1,3466.4,7,3466.8,1,3467.0,2,3467.2,4,3467.4,7,3466.4
IF2412,,13:41:21.800#,3490.6,3506.2,3466.2,3845.8,3146.6,6858,48549,3465.0,6,3465.2,1,3465.8,1,3466.0,5,3466.2,1,3466.4,6,3466.8,1,3467.0,2,3467.2,4,3467.4,7,3466.4
IF2412,,13:41:22.800#,3490.6,3506.2,3466.2,3845.8,3146.6,6864,48549,3465.0,6,3465.2,1,3465.8,1,3466.0,5,3466.2,1,3466.8,1,3467.0,2,3467.2,4,3467.4,7,3467.6,1,3466.4
IF2412,,13:41:23.300#,3490.6,3506.2,3466.2,3845.8,3146.6,6864,48549,3465.0,6,3465.2,1,3465.8,1,3466.0,5,3466.2,2,3466.8,1,3467.0,2,3467.2,4,3467.4,7,3467.6,1,3466.4
IF2412,,13:41:23.800#,3490.6,3506.2,3466.2,3845.8,3146.6,6864,48549,3465.2,1,3465.8,1,3466.0,5,3466.2,2,3466.4,1,3466.8,1,3467.0,2,3467.2,4,3467.4,7,3467.6,1,3466.4
IF2412,,13:41:24.300#,3490.6,3506.2,3466.2,3845.8,3146.6,6864,48549,3465.0,6,3465.2,1,3465.8,1,3466.0,5,3466.2,2,3466.8,1,3467.0,2,3467.2,4,3467.4,7,3467.6,1,3466.4
IF2412,,13:41:25.800#,3490.6,3506.2,3466.2,3845.8,3146.6,6864,48549,3465.0,6,3465.2,1,3465.8,1,3466.0,5,3466.2,3,3466.8,1,3467.0,2,3467.2,4,3467.4,7,3467.6,1,3466.4
IF2412,,13:41:26.300#,3490.6,3506.2,3466.2,3845.8,3146.6,6866,48550,3465.2,1,3465.8,1,3466.0,5,3466.2,3,3466.4,1,3466.8,1,3467.0,2,3467.2,4,3467.4,7,3467.6,1,3466.4
IF2412,,13:41:26.800#,3490.6,3506.2,3466.2,3845.8,3146.6,6866,48550,3465.2,1,3465.8,1,3466.0,5,3466.2,3,3466.4,2,3466.8,1,3467.0,2,3467.2,4,3467.4,7,3467.6,1,3466.4
IF2412,,13:41:27.800#,3490.6,3506.2,3466.2,3845.8,3146.6,6866,48550,3465.2,1,3465.8,1,3466.0,5,3466.2,2,3466.4,1,3467.0,2,3467.2,2,3467.4,7,3467.6,1,3468.0,2,3466.4
IF2412,,13:41:28.800#,3490.6,3506.2,3466.2,3845.8,3146.6,6867,48551,3465.0,6,3465.2,1,3465.8,1,3466.0,5,3466.2,2,3467.0,2,3467.2,2,3467.4,7,3467.6,1,3468.0,2,3466.4
IF2412,,13:41:29.300#,3490.6,3506.2,3466.2,3845.8,3146.6,6867,48551,3465.0,6,3465.2,1,3465.8,1,3466.0,5,3466.2,2,3466.8,6,3467.0,2,3467.2,2,3467.4,7,3467.6,1,3466.4
IF2412,,13:41:29.800#,3490.6,3506.2,3466.2,3845.8,3146.6,6867,48551,3465.0,6,3465.2,1,3465.8,1,3466.0,5,3466.2,2,3466.8,7,3467.0,2,3467.2,2,3467.4,7,3467.6,1,3466.4
IF2412,,13:41:30.300#,3490.6,3506.2,3466.2,3845.8,3146.6,6867,48551,3465.0,6,3465.2,1,3465.8,1,3466.0,5,3466.2,2,3466.6,1,3466.8,7,3467.0,2,3467.2,2,3467.4,7,3466.4
IF2412,,13:41:30.800#,3490.6,3506.2,3466.2,3845.8,3146.6,6867,48551,3465.0,6,3465.2,1,3465.8,1,3466.0,5,3466.2,2,3466.6,1,3466.8,7,3467.0,2,3467.2,1,3467.4,7,3466.4
IF2412,,13:41:31.300#,3490.6,3506.2,3466.2,3845.8,3146.6,6867,48551,3465.0,6,3465.2,1,3465.8,1,3466.0,5,3466.2,2,3466.8,7,3467.0,2,3467.2,1,3467.4,7,3467.6,1,3466.4
IF2412,,13:41:31.800#,3490.6,3506.2,3466.2,3845.8,3146.6,6867,48551,3465.0,6,3465.2,1,3465.8,1,3466.0,5,3466.2,2,3466.8,5,3467.0,2,3467.2,1,3467.4,7,3467.6,1,3466.4
IF2412,,13:41:34.300#,3490.6,3506.2,3466.2,3845.8,3146.6,6867,48551,3465.0,6,3465.2,1,3465.8,1,3466.0,5,3466.2,2,3466.6,3,3466.8,5,3467.0,3,3467.2,1,3467.4,7,3466.4
IF2412,,13:41:34.800#,3490.6,3506.2,3466.2,3845.8,3146.6,6867,48551,3465.0,6,3465.2,1,3465.8,1,3466.0,5,3466.2,2,3466.6,4,3466.8,6,3467.0,3,3467.2,1,3467.4,7,3466.4
IF2412,,13:41:35.300#,3490.6,3506.2,3466.2,3845.8,3146.6,6867,48551,3465.0,6,3465.2,1,3465.8,1,3466.0,4,3466.2,2,3466.6,4,3466.8,6,3467.0,3,3467.2,1,3467.4,7,3466.4
IF2412,,13:41:38.300#,3490.6,3506.2,3466.2,3845.8,3146.6,6869,48552,3464.0,1,3465.0,6,3465.2,1,3465.8,1,3466.0,4,3466.4,3,3466.6,4,3466.8,6,3467.0,3,3467.4,7,3466.2
IF2412,,13:41:39.300#,3490.6,3506.2,3466.2,3845.8,3146.6,6869,48552,3464.0,1,3465.0,6,3465.2,1,3465.8,1,3466.0,4,3466.6,4,3466.8,6,3467.0,3,3467.4,7,3467.6,1,3466.2
IF2412,,13:41:39.800#,3490.6,3506.2,3466.2,3845.8,3146.6,6869,48552,3465.0,6,3465.2,1,3465.8,1,3466.0,4,3466.2,1,3466.8,6,3467.0,3,3467.4,7,3467.6,1,3468.0,2,3466.2
IF2412,,13:41:40.300#,3490.6,3506.2,3466.2,3845.8,3146.6,6870,48552,3465.0,6,3465.2,1,3465.8,1,3466.0,4,3466.2,1,3466.8,5,3467.0,3,3467.4,7,3467.6,1,3468.0,2,3466.8
IF2412,,13:41:40.800#,3490.6,3506.2,3466.2,3845.8,3146.6,6870,48552,3464.0,1,3465.0,6,3465.2,1,3465.8,1,3466.0,4,3466.8,5,3467.0,3,3467.4,7,3467.6,1,3468.0,2,3466.8
IF2412,,13:41:41.800#,3490.6,3506.2,3466.2,3845.8,3146.6,6870,48552,3464.0,1,3465.0,6,3465.2,1,3465.8,1,3466.0,4,3466.6,3,3466.8,5,3467.0,3,3467.4,7,3467.6,1,3466.8
IF2412,,13:41:42.300#,3490.6,3506.2,3466.2,3845.8,3146.6,6870,48552,3465.0,6,3465.2,1,3465.8,1,3466.0,4,3466.2,2,3466.6,1,3466.8,4,3467.0,3,3467.4,7,3467.6,1,3466.8
IF2412,,13:41:43.800#,3490.6,3506.2,3466.2,3845.8,3146.6,6870,48552,3465.0,6,3465.2,1,3465.8,1,3466.0,4,3466.2,2,3466.6,1,3466.8,3,3467.0,3,3467.4,7,3467.6,1,3466.8
IF2412,,13:41:46.300#,3490.6,3506.2,3466.2,3845.8,3146.6,6870,48552,3465.0,6,3465.2,1,3465.8,1,3466.0,4,3466.2,2,3466.6,1,3466.8,1,3467.0,3,3467.4,7,3467.6,1,3466.8
IF2412,,13:41:49.300#,3490.6,3506.2,3466.2,3845.8,3146.6,6870,48552,3465.0,6,3465.2,1,3465.8,1,3466.0,4,3466.2,2,3466.8,1,3467.0,3,3467.4,7,3467.6,1,3468.0,2,3466.8
IF2412,,13:41:50.300#,3490.6,3506.2,3466.2,3845.8,3146.6,6870,48552,3465.0,6,3465.2,1,3465.8,1,3466.0,4,3466.2,2,3466.8,3,3467.0,3,3467.4,7,3467.6,1,3468.0,2,3466.8
IF2412,,13:41:53.300#,3490.6,3506.2,3466.2,3845.8,3146.6,6871,48552,3465.0,6,3465.2,1,3465.8,1,3466.0,4,3466.2,1,3466.8,3,3467.0,3,3467.4,7,3467.6,1,3468.0,2,3466.2
IF2412,,13:41:55.300#,3490.6,3506.2,3466.2,3845.8,3146.6,6871,48552,3465.2,1,3465.8,1,3466.0,4,3466.2,1,3466.4,1,3466.8,3,3467.0,3,3467.4,7,3467.6,1,3468.0,2,3466.2
IF2412,,13:41:55.800#,3490.6,3506.2,3466.2,3845.8,3146.6,6871,48552,3465.2,1,3465.8,1,3466.0,4,3466.2,1,3466.4,5,3466.8,3,3467.0,3,3467.4,7,3467.6,1,3468.0,2,3466.2
IF2412,,13:41:57.300#,3490.6,3506.2,3466.2,3845.8,3146.6,6871,48552,3465.2,1,3465.8,1,3466.0,4,3466.2,1,3466.4,5,3467.0,3,3467.4,7,3467.6,1,3468.0,2,3468.2,1,3466.2
IF2412,,13:41:59.300#,3490.6,3506.2,3466.2,3845.8,3146.6,6871,48552,3465.2,1,3465.8,1,3466.0,4,3466.2,1,3466.4,5,3466.8,6,3467.0,3,3467.2,1,3467.4,7,3467.6,1,3466.2
IF2412,,13:41:59.800#,3490.6,3506.2,3466.2,3845.8,3146.6,6871,48552,3465.2,1,3465.8,1,3466.0,4,3466.2,2,3466.4,5,3466.8,3,3467.0,3,3467.2,1,3467.4,7,3467.6,1,3466.2
IF2412,,13:42:00.300#,3490.6,3506.2,3466.2,3845.8,3146.6,6872,48553,3465.2,1,3465.8,1,3466.0,4,3466.2,2,3466.4,5,3466.8,2,3467.0,3,3467.2,1,3467.4,7,3467.6,1,3466.8
IF2412,,13:42:05.300#,3490.6,3506.2,3466.2,3845.8,3146.6,6872,48553,3465.8,1,3466.0,4,3466.2,2,3466.4,5,3466.8,1,3467.0,3,3467.2,1,3467.4,7,3467.6,1,3468.0,2,3466.8
IF2412,,13:42:05.800#,3490.6,3506.2,3466.2,3845.8,3146.6,6873,48553,3465.8,1,3466.0,4,3466.2,2,3466.4,1,3466.8,5,3467.0,5,3467.2,1,3467.4,7,3467.6,1,3468.0,2,3466.8
IF2412,,13:42:06.800#,3490.6,3506.2,3466.2,3845.8,3146.6,6874,48553,3465.8,1,3466.0,4,3466.2,2,3466.4,1,3466.8,4,3467.0,5,3467.2,1,3467.4,7,3467.6,1,3468.0,2,3466.8
IF2412,,13:42:07.300#,3490.6,3506.2,3466.2,3845.8,3146.6,6875,48553,3465.8,1,3466.0,4,3466.2,2,3466.4,1,3466.8,3,3467.0,5,3467.2,1,3467.4,7,3467.6,1,3468.0,2,3466.8
IF2412,,13:42:10.300#,3490.6,3506.2,3466.2,3845.8,3146.6,6877,48555,3465.8,1,3466.0,4,3466.2,2,3466.4,1,3466.8,1,3467.0,5,3467.2,1,3467.4,7,3467.6,1,3468.0,2,3466.8
IF2412,,13:42:10.800#,3490.6,3506.2,3466.2,3845.8,3146.6,6878,48555,3465.2,1,3465.8,1,3466.0,4,3466.2,2,3466.4,1,3466.8,3,3467.0,5,3467.2,1,3467.4,7,3467.6,1,3466.8
IF2412,,13:42:11.300#,3490.6,3506.2,3466.2,3845.8,3146.6,6878,48555,3465.2,1,3465.8,1,3466.0,4,3466.2,4,3466.4,1,3466.8,3,3467.0,5,3467.2,1,3467.4,7,3467.6,1,3466.8
IF2412,,13:42:11.800#,3490.6,3506.2,3466.2,3845.8,3146.6,6878,48555,3465.2,1,3465.8,1,3466.0,4,3466.2,4,3466.4,1,3467.0,5,3467.2,1,3467.4,7,3467.6,1,3468.0,2,3466.8
IF2412,,13:42:15.300#,3490.6,3506.2,3466.2,3845.8,3146.6,6878,48555,3465.2,1,3465.8,1,3466.0,4,3466.2,4,3466.4,3,3467.0,5,3467.2,1,3467.4,7,3467.6,1,3468.0,2,3466.8
IF2412,,13:42:16.800#,3490.6,3506.2,3466.2,3845.8,3146.6,6878,48555,3465.8,1,3466.0,4,3466.2,4,3466.4,3,3466.6,2,3467.0,5,3467.2,1,3467.4,7,3467.6,1,3468.0,2,3466.8
IF2412,,13:42:17.800#,3490.6,3506.2,3466.2,3845.8,3146.6,6878,48555,3465.8,1,3466.0,5,3466.2,4,3466.4,3,3466.6,1,3467.0,5,3467.2,1,3467.4,7,3467.6,1,3468.0,2,3466.8
IF2412,,13:42:18.300#,3490.6,3506.2,3466.2,3845.8,3146.6,6878,48555,3465.2,1,3465.8,1,3466.0,5,3466.2,4,3466.4,3,3467.0,5,3467.2,1,3467.4,7,3467.6,1,3468.0,2,3466.8
IF2412,,13:42:20.300#,3490.6,3506.2,3466.2,3845.8,3146.6,6879,48555,3465.2,1,3465.8,1,3466.0,5,3466.2,4,3466.4,3,3467.0,4,3467.2,1,3467.4,7,3467.6,1,3468.0,2,3467.0
IF2412,,13:42:20.800#,3490.6,3506.2,3466.2,3845.8,3146.6,6880,48554,3465.8,1,3466.0,5,3466.2,4,3466.4,2,3466.6,1,3467.0,3,3467.2,1,3467.4,7,3467.6,1,3468.0,2,3467.0
IF2412,,13:42:21.800#,3490.6,3506.2,3466.2,3845.8,3146.6,6881,48554,3465.2,1,3465.8,1,3466.0,5,3466.2,4,3466.4,2,3467.0,2,3467.2,1,3467.4,7,3467.6,1,3468.0,2,3467.0
IF2412,,13:42:23.300#,3490.6,3506.2,3466.2,3845.8,3146.6,6881,48554,3465.2,1,3465.8,1,3466.0,5,3466.2,4,3466.4,2,3467.0,2,3467.2,2,3467.4,7,3467.6,1,3468.0,2,3467.0
IF2412,,13:42:23.800#,3490.6,3506.2,3466.2,3845.8,3146.6,6881,48554,3465.8,1,3466.0,5,3466.2,4,3466.4,2,3466.6,1,3467.0,2,3467.2,2,3467.4,7,3467.6,1,3468.0,2,3467.0
IF2412,,13:42:24.300#,3490.6,3506.2,3466.2,3845.8,3146.6,6881,48554,3465.8,1,3466.0,5,3466.2,4,3466.4,1,3466.6,1,3467.0,2,3467.2,2,3467.4,7,3467.6,1,3468.0,2,3467.0
IF2412,,13:42:24.800#,3490.6,3506.2,3466.2,3845.8,3146.6,6881,48554,3465.2,1,3465.8,1,3466.0,5,3466.2,4,3466.4,1,3467.0,2,3467.2,2,3467.4,7,3467.6,1,3468.0,2,3467.0
IF2412,,13:42:25.300#,3490.6,3506.2,3466.2,3845.8,3146.6,6881,48554,3465.2,1,3465.8,1,3466.0,5,3466.2,4,3466.4,3,3467.0,2,3467.2,2,3467.4,7,3467.6,1,3468.0,2,3467.0
IF2412,,13:42:25.800#,3490.6,3506.2,3466.2,3845.8,3146.6,6881,48554,3465.8,1,3466.0,5,3466.2,4,3466.4,3,3466.6,1,3467.0,2,3467.2,2,3467.4,7,3467.6,1,3468.0,2,3467.0
IF2412,,13:42:26.300#,3490.6,3506.2,3466.2,3845.8,3146.6,6881,48554,3465.2,1,3465.8,1,3466.0,5,3466.2,4,3466.4,3,3467.0,2,3467.2,2,3467.4,7,3467.6,1,3468.0,2,3467.0
IF2412,,13:42:28.800#,3490.6,3506.2,3466.2,3845.8,3146.6,6881,48554,3465.2,1,3465.8,1,3466.0,5,3466.2,4,3466.4,1,3467.0,2,3467.2,2,3467.4,7,3467.6,1,3468.0,2,3467.0
IF2412,,13:42:30.300#,3490.6,3506.2,3466.2,3845.8,3146.6,6881,48554,3465.8,1,3466.0,5,3466.2,4,3466.4,1,3466.6,2,3466.8,2,3467.0,1,3467.2,2,3467.4,7,3467.6,1,3467.0
IF2412,,13:42:30.800#,3490.6,3506.2,3466.2,3845.8,3146.6,6883,48552,3465.8,1,3466.0,5,3466.2,4,3466.4,1,3466.6,2,3467.0,1,3467.2,2,3467.4,7,3467.6,1,3468.0,2,3466.8
IF2412,,13:42:31.300#,3490.6,3506.2,3466.2,3845.8,3146.6,6884,48551,3466.0,5,3466.2,4,3466.4,1,3466.6,2,3467.0,1,3467.2,2,3467.4,7,3467.6,1,3468.0,2,3468.2,1,3467.0
IF2412,,13:42:31.800#,3490.6,3506.2,3466.2,3845.8,3146.6,6886,48551,3466.0,5,3466.2,4,3466.4,1,3466.6,1,3466.8,1,3467.4,4,3467.6,1,3468.0,2,3468.2,1,3468.4,3,3467.2
IF2412,,13:42:32.300#,3490.6,3506.2,3466.2,3845.8,3146.6,6886,48551,3466.2,4,3466.4,1,3466.6,1,3466.8,2,3467.0,1,3467.2,1,3467.4,4,3467.6,1,3468.0,2,3468.2,1,3467.2
IF2412,,13:42:32.800#,3490.6,3506.2,3466.2,3845.8,3146.6,6886,48551,3466.2,4,3466.4,1,3466.6,1,3466.8,2,3467.0,1,3467.2,1,3467.4,4,3467.6,3,3468.0,2,3468.2,1,3467.2
IF2412,,13:42:34.800#,3490.6,3506.2,3466.2,3845.8,3146.6,6887,48551,3466.2,4,3466.4,1,3466.6,1,3466.8,2,3467.0,1,3467.4,4,3467.6,3,3468.0,2,3468.2,1,3468.4,3,3467.2
IF2412,,13:42:35.300#,3490.6,3506.2,3466.2,3845.8,3146.6,6887,48551,3466.2,4,3466.4,1,3466.6,1,3466.8,2,3467.0,1,3467.4,6,3467.6,3,3468.0,2,3468.2,1,3468.4,3,3467.2
IF2412,,13:42:35.800#,3490.6,3506.2,3466.2,3845.8,3146.6,6887,48551,3466.2,4,3466.4,1,3466.6,1,3466.8,1,3467.0,1,3467.4,6,3467.6,3,3468.0,2,3468.2,1,3468.4,3,3467.2
IF2412,,13:42:36.800#,3490.6,3506.2,3466.2,3845.8,3146.6,6887,48551,3466.0,5,3466.2,4,3466.4,1,3466.6,1,3467.0,1,3467.2,5,3467.4,6,3467.6,3,3468.0,2,3468.2,1,3467.2
IF2412,,13:42:37.300#,3490.6,3506.2,3466.2,3845.8,3146.6,6888,48551,3465.8,1,3466.0,5,3466.2,4,3466.4,1,3466.6,1,3467.0,1,3467.2,5,3467.4,6,3467.6,3,3468.0,2,3467.0
IF2412,,13:42:37.800#,3490.6,3506.2,3466.2,3845.8,3146.6,6888,48551,3465.8,1,3466.0,5,3466.2,4,3466.4,1,3466.6,2,3467.0,1,3467.2,5,3467.4,6,3467.6,3,3468.0,2,3467.0
IF2412,,13:42:38.300#,3490.6,3506.2,3466.2,3845.8,3146.6,6888,48551,3465.8,1,3466.0,5,3466.2,4,3466.4,1,3466.6,1,3467.0,1,3467.2,5,3467.4,6,3467.6,3,3468.0,2,3467.0
IF2412,,13:42:38.800#,3490.6,3506.2,3466.2,3845.8,3146.6,6888,48551,3465.8,1,3466.0,5,3466.2,4,3466.4,1,3466.6,1,3467.2,3,3467.4,6,3467.6,3,3468.0,2,3468.2,1,3467.0
IF2412,,13:42:39.300#,3490.6,3506.2,3466.2,3845.8,3146.6,6888,48551,3465.8,1,3466.0,5,3466.2,4,3466.4,1,3466.6,2,3467.2,3,3467.4,6,3467.6,3,3468.0,2,3468.2,1,3467.0
IF2412,,13:42:39.800#,3490.6,3506.2,3466.2,3845.8,3146.6,6888,48551,3465.8,1,3466.0,5,3466.2,4,3466.4,1,3466.6,2,3467.2,5,3467.4,6,3467.6,3,3468.0,2,3468.2,1,3467.0
IF2412,,13:42:40.300#,3490.6,3506.2,3466.2,3845.8,3146.6,6890,48552,3465.8,1,3466.0,5,3466.2,4,3466.4,1,3466.6,2,3467.2,2,3467.4,6,3467.6,3,3468.0,2,3468.2,1,3467.2
IF2412,,13:42:40.800#,3490.6,3506.2,3466.2,3845.8,3146.6,6891,48552,3466.0,5,3466.2,4,3466.4,1,3466.8,7,3467.0,1,3467.2,2,3467.4,6,3467.6,3,3468.0,2,3468.2,1,3467.0
IF2412,,13:42:41.300#,3490.6,3506.2,3466.2,3845.8,3146.6,6891,48552,3465.8,1,3466.0,5,3466.2,4,3466.4,1,3466.8,2,3467.4,3,3467.6,3,3468.0,2,3468.2,1,3468.4,3,3467.0
IF2412,,13:42:43.300#,3490.6,3506.2,3466.2,3845.8,3146.6,6893,48554,3465.2,1,3465.8,1,3466.0,5,3466.2,4,3466.4,1,3467.4,3,3467.6,3,3468.0,2,3468.2,1,3468.4,3,3466.8
IF2412,,13:42:43.800#,3490.6,3506.2,3466.2,3845.8,3146.6,6893,48554,3466.0,5,3466.2,4,3466.4,2,3466.6,2,3466.8,2,3467.2,6,3467.4,5,3467.6,3,3468.0,2,3468.2,1,3466.8
IF2412,,13:42:44.300#,3490.6,3506.2,3466.2,3845.8,3146.6,6894,48554,3465.8,1,3466.0,5,3466.2,4,3466.4,2,3466.8,1,3467.2,6,3467.4,5,3467.6,3,3468.0,2,3468.2,1,3467.0
IF2412,,13:42:44.800#,3490.6,3506.2,3466.2,3845.8,3146.6,6894,48554,3465.8,1,3466.0,5,3466.2,4,3466.4,2,3466.8,1,3467.0,1,3467.2,6,3467.4,5,3467.6,3,3468.0,2,3467.0
IF2412,,13:42:45.300#,3490.6,3506.2,3466.2,3845.8,3146.6,6894,48554,3465.8,1,3466.0,5,3466.2,4,3466.4,2,3466.8,1,3467.0,1,3467.2,3,3467.4,5,3467.6,3,3468.0,2,3467.0
IF2412,,13:42:47.800#,3490.6,3506.2,3466.2,3845.8,3146.6,6894,48554,3465.8,1,3466.0,5,3466.2,4,3466.4,2,3466.8,1,3467.0,1,3467.2,3,3467.4,3,3467.6,3,3468.0,2,3467.0
IF2412,,13:42:48.300#,3490.6,3506.2,3466.2,3845.8,3146.6,6896,48553,3465.2,1,3465.8,1,3466.0,5,3466.2,4,3466.4,2,3467.2,3,3467.4,3,3467.6,3,3468.0,2,3468.2,1,3466.8
IF2412,,13:42:48.800#,3490.6,3506.2,3466.2,3845.8,3146.6,6896,48553,3465.8,1,3466.0,5,3466.2,4,3466.4,1,3466.6,2,3467.2,5,3467.4,3,3467.6,3,3468.0,2,3468.2,1,3466.8
IF2412,,13:42:49.300#,3490.6,3506.2,3466.2,3845.8,3146.6,6896,48553,3465.8,1,3466.0,5,3466.2,4,3466.4,1,3466.6,4,3467.2,3,3467.4,5,3467.6,3,3468.0,2,3468.2,1,3466.8
IF2412,,13:42:49.800#,3490.6,3506.2,3466.2,3845.8,3146.6,6896,48553,3466.0,5,3466.2,4,3466.4,1,3466.6,3,3466.8,2,3467.2,2,3467.4,3,3467.6,3,3468.0,2,3468.2,1,3466.8
IF2412,,13:42:50.300#,3490.6,3506.2,3466.2,3845.8,3146.6,6896,48553,3466.0,5,3466.2,4,3466.4,1,3466.6,3,3466.8,2,3467.2,1,3467.4,3,3467.6,3,3468.0,2,3468.2,1,3466.8
IF2412,,13:42:50.800#,3490.6,3506.2,3466.2,3845.8,3146.6,6896,48553,3466.0,5,3466.2,4,3466.4,1,3466.6,3,3466.8,1,3467.2,1,3467.4,3,3467.6,3,3468.0,2,3468.2,1,3466.8
IF2412,,13:42:52.800#,3490.6,3506.2,3466.2,3845.8,3146.6,6896,48553,3465.8,1,3466.0,5,3466.2,4,3466.4,1,3466.6,3,3467.2,1,3467.4,3,3467.6,3,3468.0,2,3468.2,1,3466.8
IF2412,,13:42:53.300#,3490.6,3506.2,3466.2,3845.8,3146.6,6896,48553,3466.0,5,3466.2,4,3466.4,1,3466.6,3,3466.8,1,3467.2,1,3467.4,3,3467.6,3,3468.0,2,3468.2,1,3466.8
IF2412,,13:42:53.800#,3490.6,3506.2,3466.2,3845.8,3146.6,6896,48553,3466.0,5,3466.2,4,3466.4,1,3466.6,3,3466.8,1,3467.2,3,3467.4,3,3467.6,3,3468.0,2,3468.2,1,3466.8
IF2412,,13:42:54.300#,3490.6,3506.2,3466.2,3845.8,3146.6,6896,48553,3466.0,5,3466.2,4,3466.4,1,3466.6,3,3466.8,1,3467.2,1,3467.4,5,3467.6,3,3468.0,2,3468.2,1,3466.8
IF2412,,13:42:56.800#,3490.6,3506.2,3466.2,3845.8,3146.6,6896,48553,3466.0,5,3466.2,4,3466.4,1,3466.6,3,3466.8,1,3467.4,5,3467.6,3,3468.0,2,3468.2,1,3468.4,3,3466.8
IF2412,,13:42:58.300#,3490.6,3506.2,3466.2,3845.8,3146.6,6896,48553,3466.0,5,3466.2,4,3466.4,1,3466.6,3,3466.8,1,3467.0,1,3467.2,7,3467.4,5,3467.6,3,3468.0,2,3466.8
IF2412,,13:42:58.800#,3490.6,3506.2,3466.2,3845.8,3146.6,6896,48553,3466.0,5,3466.2,4,3466.4,1,3466.6,2,3466.8,1,3467.0,1,3467.2,9,3467.4,5,3467.6,3,3468.0,2,3466.8
IF2412,,13:42:59.800#,3490.6,3506.2,3466.2,3845.8,3146.6,6896,48553,3465.8,1,3466.0,5,3466.2,4,3466.4,1,3466.6,2,3467.0,1,3467.2,9,3467.4,5,3467.6,3,3468.0,2,3466.8
IF2412,,13:43:00.300#,3490.6,3506.2,3466.2,3845.8,3146.6,6897,48553,3465.8,1,3466.0,5,3466.2,4,3466.4,1,3466.6,2,3467.2,9,3467.4,5,3467.6,3,3468.0,2,3468.2,1,3467.0
IF2412,,13:43:00.800#,3490.6,3506.2,3466.2,3845.8,3146.6,6898,48553,3465.8,1,3466.0,5,3466.2,4,3466.4,1,3466.6,2,3467.2,9,3467.4,5,3467.6,3,3468.0,2,3468.2,1,3467.0
IF2412,,13:43:02.800#,3490.6,3506.2,3466.2,3845.8,3146.6,6899,48554,3465.8,1,3466.0,5,3466.2,4,3466.4,1,3466.6,1,3467.2,9,3467.4,5,3467.6,3,3468.0,2,3468.2,1,3466.6
IF2412,,13:43:03.300#,3490.6,3506.2,3466.2,3845.8,3146.6,6899,48554,3465.8,1,3466.0,5,3466.2,4,3466.4,1,3466.6,2,3467.2,6,3467.4,5,3467.6,3,3468.0,2,3468.2,1,3466.6
IF2412,,13:43:04.300#,3490.6,3506.2,3466.2,3845.8,3146.6,6899,48554,3466.0,5,3466.2,4,3466.4,1,3466.6,2,3466.8,1,3467.2,3,3467.4,5,3467.6,3,3468.0,2,3468.2,1,3466.6
IF2412,,13:43:04.800#,3490.6,3506.2,3466.2,3845.8,3146.6,6899,48554,3465.8,1,3466.0,5,3466.2,4,3466.4,1,3466.6,2,3467.0,1,3467.2,3,3467.4,5,3467.6,3,3468.0,2,3466.6
IF2412,,13:43:05.800#,3490.6,3506.2,3466.2,3845.8,3146.6,6899,48554,3465.8,1,3466.0,5,3466.2,4,3466.4,1,3466.6,2,3467.2,3,3467.4,5,3467.6,3,3468.0,2,3468.2,1,3466.6
IF2412,,13:43:07.800#,3490.6,3506.2,3466.2,3845.8,3146.6,6899,48554,3465.8,1,3466.0,5,3466.2,4,3466.4,1,3466.6,2,3467.2,4,3467.4,5,3467.6,3,3468.0,2,3468.2,1,3466.6
IF2412,,13:43:08.300#,3490.6,3506.2,3466.2,3845.8,3146.6,6899,48554,3465.8,1,3466.0,5,3466.2,4,3466.4,1,3466.6,2,3467.2,3,3467.4,5,3467.6,3,3468.0,2,3468.2,1,3466.6
IF2412,,13:43:08.800#,3490.6,3506.2,3466.2,3845.8,3146.6,6899,48554,3465.8,1,3466.0,5,3466.2,5,3466.4,1,3466.6,2,3467.2,3,3467.4,5,3467.6,3,3468.0,2,3468.2,1,3466.6
IF2412,,13:43:09.800#,3490.6,3506.2,3466.2,3845.8,3146.6,6899,48554,3465.8,1,3466.0,5,3466.2,5,3466.4,1,3466.6,2,3467.0,1,3467.2,3,3467.4,5,3467.6,3,3468.0,2,3466.6
IF2412,,13:43:12.800#,3490.6,3506.2,3466.2,3845.8,3146.6,6899,48554,3465.8,1,3466.0,5,3466.2,5,3466.4,1,3466.6,1,3467.0,1,3467.2,3,3467.4,5,3467.6,3,3468.0,2,3466.6
IF2412,,13:43:17.800#,3490.6,3506.2,3466.2,3845.8,3146.6,6900,48553,3465.2,1,3465.8,1,3466.0,5,3466.2,3,3466.4,2,3466.8,6,3467.0,1,3467.2,3,3467.4,5,3467.6,3,3466.6
IF2412,,13:43:19.300#,3490.6,3506.2,3466.2,3845.8,3146.6,6902,48554,3465.0,6,3465.2,1,3465.8,1,3466.0,5,3466.2,3,3466.8,6,3467.0,1,3467.2,2,3467.4,5,3467.6,3,3466.4
IF2412,,13:43:22.300#,3490.6,3506.2,3466.2,3845.8,3146.6,6904,48555,3465.0,6,3465.2,1,3465.8,1,3466.0,5,3466.2,3,3466.6,1,3466.8,6,3467.2,2,3467.4,5,3467.6,3,3466.6
IF2412,,13:43:23.300#,3490.6,3506.2,3466.2,3845.8,3146.6,6904,48555,3465.0,6,3465.2,1,3465.8,1,3466.0,5,3466.2,3,3466.4,1,3466.6,1,3466.8,6,3467.2,2,3467.4,5,3466.6
IF2412,,13:43:27.800#,3490.6,3506.2,3466.2,3845.8,3146.6,6907,48554,3465.2,1,3465.8,1,3466.0,5,3466.2,4,3466.4,1,3467.0,2,3467.2,2,3467.4,5,3467.6,1,3468.0,2,3466.4
IF2412,,13:43:28.300#,3490.6,3506.2,3466.2,3845.8,3146.6,6907,48554,3465.2,1,3465.8,1,3466.0,5,3466.2,4,3466.4,1,3466.8,1,3467.0,2,3467.2,2,3467.4,5,3467.6,1,3466.4
IF2412,,13:43:28.800#,3490.6,3506.2,3466.2,3845.8,3146.6,6907,48554,3465.2,1,3465.8,1,3466.0,5,3466.2,4,3466.4,2,3466.8,3,3467.0,3,3467.2,2,3467.4,5,3467.6,1,3466.4
IF2412,,13:43:33.300#,3490.6,3506.2,3466.2,3845.8,3146.6,6907,48554,3465.2,1,3465.8,1,3466.0,5,3466.2,4,3466.4,1,3466.8,2,3467.0,2,3467.2,2,3467.4,3,3467.6,1,3466.4
IF2412,,13:43:33.800#,3490.6,3506.2,3466.2,3845.8,3146.6,6907,48554,3465.2,1,3465.8,1,3466.0,5,3466.2,4,3466.4,2,3466.8,2,3467.0,2,3467.2,2,3467.4,3,3467.6,1,3466.4
IF2412,,13:43:40.300#,3490.6,3506.2,3466.2,3845.8,3146.6,6908,48554,3465.2,1,3465.8,1,3466.0,5,3466.2,4,3466.4,2,3466.8,1,3467.0,2,3467.2,2,3467.4,3,3467.6,1,3466.8
IF2412,,13:43:41.300#,3490.6,3506.2,3466.2,3845.8,3146.6,6909,48553,3465.2,1,3465.8,1,3466.0,5,3466.2,4,3466.4,2,3467.0,2,3467.2,2,3467.4,3,3467.6,1,3468.0,2,3466.8
IF2412,,13:43:43.300#,3490.6,3506.2,3466.2,3845.8,3146.6,6909,48553,3465.0,7,3465.2,1,3465.8,1,3466.0,5,3466.2,4,3466.8,2,3467.0,2,3467.2,2,3467.4,3,3467.6,1,3466.8
IF2412,,13:43:43.800#,3490.6,3506.2,3466.2,3845.8,3146.6,6909,48553,3465.2,1,3465.8,1,3466.0,5,3466.2,4,3466.4,1,3466.8,2,3467.0,2,3467.2,2,3467.4,3,3467.6,1,3466.8
IF2412,,13:43:44.300#,3490.6,3506.2,3466.2,3845.8,3146.6,6909,48553,3465.0,7,3465.2,1,3465.8,1,3466.0,5,3466.2,4,3466.8,2,3467.0,2,3467.2,2,3467.4,3,3467.6,1,3466.8
IF2412,,13:43:45.300#,3490.6,3506.2,3466.2,3845.8,3146.6,6909,48553,3465.0,7,3465.2,1,3465.8,1,3466.0,5,3466.2,4,3467.0,2,3467.2,2,3467.4,3,3467.6,1,3468.0,2,3466.8
IF2412,,13:43:45.800#,3490.6,3506.2,3466.2,3845.8,3146.6,6909,48553,3465.2,1,3465.8,1,3466.0,5,3466.2,4,3466.4,1,3467.0,2,3467.2,2,3467.4,3,3467.6,1,3468.0,2,3466.8
IF2412,,13:43:46.800#,3490.6,3506.2,3466.2,3845.8,3146.6,6909,48553,3465.2,1,3465.8,1,3466.0,5,3466.2,4,3466.4,2,3467.0,2,3467.2,2,3467.4,3,3467.6,1,3468.0,2,3466.8
IF2412,,13:43:54.300#,3490.6,3506.2,3466.2,3845.8,3146.6,6909,48553,3465.2,1,3465.8,1,3466.0,5,3466.2,4,3466.4,2,3466.8,2,3467.0,2,3467.2,2,3467.4,3,3467.6,1,3466.8
IF2412,,13:43:54.800#,3490.6,3506.2,3466.2,3845.8,3146.6,6909,48553,3465.2,1,3465.8,1,3466.0,5,3466.2,4,3466.4,1,3467.0,2,3467.2,2,3467.4,3,3467.6,1,3468.0,2,3466.8
IF2412,,13:43:55.800#,3490.6,3506.2,3466.2,3845.8,3146.6,6909,48553,3465.2,1,3465.8,1,3466.0,5,3466.2,4,3466.4,5,3467.0,2,3467.2,2,3467.4,3,3467.6,1,3468.0,2,3466.8
IF2412,,13:43:56.300#,3490.6,3506.2,3466.2,3845.8,3146.6,6909,48553,3465.2,1,3465.8,1,3466.0,5,3466.2,4,3466.4,5,3466.8,1,3467.0,2,3467.2,2,3467.4,3,3467.6,1,3466.8
IF2412,,13:43:56.800#,3490.6,3506.2,3466.2,3845.8,3146.6,6909,48553,3465.2,1,3465.8,1,3466.0,6,3466.2,3,3466.4,5,3467.0,2,3467.2,2,3467.4,3,3467.6,1,3468.0,2,3466.8
IF2412,,13:43:57.300#,3490.6,3506.2,3466.2,3845.8,3146.6,6909,48553,3465.8,1,3466.0,6,3466.2,3,3466.4,5,3466.6,3,3467.0,2,3467.2,2,3467.4,3,3467.6,1,3468.0,2,3466.8
IF2412,,13:43:57.800#,3490.6,3506.2,3466.2,3845.8,3146.6,6909,48553,3465.2,1,3465.8,1,3466.0,6,3466.2,3,3466.6,8,3467.0,2,3467.2,2,3467.4,3,3467.6,1,3468.0,2,3466.8
IF2412,,13:43:58.300#,3490.6,3506.2,3466.2,3845.8,3146.6,6909,48553,3465.2,1,3465.8,1,3466.0,6,3466.2,3,3466.6,7,3467.0,2,3467.2,2,3467.4,3,3467.6,1,3468.0,2,3466.8
IF2412,,13:44:00.300#,3490.6,3506.2,3466.2,3845.8,3146.6,6910,48554,3465.2,1,3465.8,1,3466.0,6,3466.2,3,3466.6,7,3467.0,1,3467.2,2,3467.4,3,3467.6,1,3468.0,2,3467.0
IF2412,,13:44:01.800#,3490.6,3506.2,3466.2,3845.8,3146.6,6910,48554,3465.8,1,3466.0,6,3466.2,3,3466.4,1,3466.6,7,3467.0,1,3467.2,2,3467.4,3,3467.6,1,3468.0,2,3467.0
IF2412,,13:44:03.800#,3490.6,3506.2,3466.2,3845.8,3146.6,6911,48555,3465.8,1,3466.0,6,3466.2,3,3466.4,1,3466.6,7,3467.2,4,3467.4,3,3467.6,1,3468.0,2,3468.2,1,3467.0
IF2412,,13:44:04.800#,3490.6,3506.2,3466.2,3845.8,3146.6,6911,48555,3465.8,1,3466.0,7,3466.2,3,3466.4,1,3466.6,7,3467.2,4,3467.4,3,3467.6,1,3468.0,2,3468.2,1,3467.0
IF2412,,13:44:05.800#,3490.6,3506.2,3466.2,3845.8,3146.6,6911,48555,3465.8,1,3466.0,7,3466.2,3,3466.4,1,3466.6,7,3467.2,3,3467.4,3,3467.6,1,3468.0,2,3468.2,1,3467.0
IF2412,,13:44:06.300#,3490.6,3506.2,3466.2,3845.8,3146.6,6911,48555,3466.0,7,3466.2,3,3466.4,1,3466.6,7,3466.8,3,3467.2,3,3467.4,1,3467.6,1,3468.0,2,3468.2,1,3467.0
IF2412,,13:44:06.800#,3490.6,3506.2,3466.2,3845.8,3146.6,6913,48555,3466.2,3,3466.4,1,3466.6,3,3466.8,7,3467.2,1,3467.4,2,3467.6,1,3468.0,2,3468.2,1,3468.4,3,3467.2
IF2412,,13:44:07.300#,3490.6,3506.2,3466.2,3845.8,3146.6,6914,48555,3466.0,7,3466.2,3,3466.4,1,3466.6,3,3466.8,6,3467.2,1,3467.4,4,3467.6,1,3468.0,2,3468.2,1,3467.2
IF2412,,13:44:07.800#,3490.6,3506.2,3466.2,3845.8,3146.6,6914,48555,3466.2,3,3466.4,1,3466.6,3,3466.8,6,3467.0,1,3467.2,1,3467.4,3,3467.6,1,3468.0,2,3468.2,1,3467.2
IF2412,,13:44:08.800#,3490.6,3506.2,3466.2,3845.8,3146.6,6914,48555,3466.2,3,3466.4,1,3466.6,3,3466.8,2,3467.0,5,3467.2,1,3467.4,3,3467.6,1,3468.0,2,3468.2,1,3467.2
IF2412,,13:44:09.300#,3490.6,3506.2,3466.2,3845.8,3146.6,6915,48556,3466.2,3,3466.4,1,3466.6,1,3466.8,2,3467.0,5,3467.4,3,3467.6,1,3468.0,2,3468.2,1,3468.4,2,3467.2
IF2412,,13:44:09.800#,3490.6,3506.2,3466.2,3845.8,3146.6,6915,48556,3466.4,1,3466.6,1,3466.8,2,3467.0,4,3467.2,2,3467.4,3,3467.6,3,3468.0,2,3468.2,1,3468.4,2,3467.2
IF2412,,13:44:10.300#,3490.6,3506.2,3466.2,3845.8,3146.6,6916,48556,3466.4,1,3466.6,1,3466.8,2,3467.0,4,3467.2,1,3467.4,3,3467.6,3,3468.0,2,3468.2,1,3468.4,2,3467.2
IF2412,,13:44:10.800#,3490.6,3506.2,3466.2,3845.8,3146.6,6918,48557,3466.2,3,3466.4,1,3466.6,1,3466.8,2,3467.2,3,3467.4,3,3467.6,3,3468.0,2,3468.2,1,3468.4,2,3467.2
IF2412,,13:44:11.300#,3490.6,3506.2,3466.2,3845.8,3146.6,6920,48557,3466.0,7,3466.2,3,3466.4,1,3466.8,2,3467.2,1,3467.4,3,3467.6,3,3468.0,2,3468.2,1,3468.4,2,3467.2
IF2412,,13:44:11.800#,3490.6,3506.2,3466.2,3845.8,3146.6,6921,48557,3465.8,1,3466.0,7,3466.2,3,3466.4,1,3466.8,2,3467.4,3,3467.6,3,3468.0,2,3468.2,1,3468.4,2,3467.2
IF2412,,13:44:12.300#,3490.6,3506.2,3466.2,3845.8,3146.6,6921,48557,3466.0,7,3466.2,3,3466.4,1,3466.8,2,3467.0,1,3467.4,3,3467.6,3,3468.0,2,3468.2,1,3468.4,2,3467.2
IF2412,,13:44:12.800#,3490.6,3506.2,3466.2,3845.8,3146.6,6922,48558,3465.8,1,3466.0,7,3466.2,3,3466.4,1,3466.8,2,3467.4,3,3467.6,3,3468.0,2,3468.2,1,3468.4,2,3467.0
IF2412,,13:44:16.800#,3490.6,3506.2,3466.2,3845.8,3146.6,6922,48558,3466.0,7,3466.2,3,3466.4,1,3466.6,1,3466.8,2,3467.4,3,3467.6,3,3468.0,2,3468.2,1,3468.4,2,3467.0
IF2412,,13:44:18.300#,3490.6,3506.2,3466.2,3845.8,3146.6,6922,48558,3466.2,3,3466.4,1,3466.6,1,3466.8,2,3467.0,1,3467.4,3,3467.6,3,3468.0,2,3468.2,1,3468.4,2,3467.0
IF2412,,13:44:20.300#,3490.6,3506.2,3466.2,3845.8,3146.6,6924,48558,3466.2,3,3466.4,1,3466.6,1,3466.8,2,3467.0,1,3467.4,1,3467.6,3,3468.0,2,3468.2,1,3468.4,2,3467.4
IF2412,,13:44:20.800#,3490.6,3506.2,3466.2,3845.8,3146.6,6924,48558,3466.2,3,3466.4,1,3466.6,1,3466.8,2,3467.0,2,3467.4,1,3467.6,3,3468.0,2,3468.2,1,3468.4,2,3467.4
IF2412,,13:44:22.300#,3490.6,3506.2,3466.2,3845.8,3146.6,6925,48557,3466.2,3,3466.4,1,3466.6,1,3466.8,2,3467.0,2,3467.6,3,3468.0,2,3468.2,1,3468.4,2,3469.2,1,3467.4
IF2412,,13:44:24.300#,3490.6,3506.2,3466.2,3845.8,3146.6,6925,48557,3466.2,3,3466.4,1,3466.6,1,3466.8,2,3467.0,2,3467.4,2,3467.6,3,3468.0,2,3468.2,1,3468.4,2,3467.4
IF2412,,13:44:24.800#,3490.6,3506.2,3466.2,3845.8,3146.6,6925,48557,3466.2,3,3466.4,1,3466.6,1,3466.8,2,3467.0,2,3467.6,3,3468.0,2,3468.2,1,3468.4,2,3469.2,1,3467.4
IF2412,,13:44:31.800#,3490.6,3506.2,3466.2,3845.8,3146.6,6928,48560,3466.2,3,3466.4,1,3466.6,1,3466.8,2,3467.0,2,3467.6,1,3468.0,2,3468.2,1,3468.4,2,3469.2,1,3467.6
IF2412,,13:44:32.300#,3490.6,3506.2,3466.2,3845.8,3146.6,6928,48560,3466.4,1,3466.6,1,3466.8,2,3467.0,2,3467.2,3,3467.6,1,3467.8,2,3468.0,2,3468.2,1,3468.4,2,3467.6
IF2412,,13:44:32.800#,3490.6,3506.2,3466.2,3845.8,3146.6,6928,48560,3466.4,1,3466.6,1,3466.8,2,3467.0,2,3467.2,4,3467.6,1,3467.8,2,3468.0,2,3468.2,1,3468.4,2,3467.6
IF2412,,13:44:33.800#,3490.6,3506.2,3466.2,3845.8,3146.6,6928,48560,3466.6,1,3466.8,2,3467.0,1,3467.2,4,3467.4,1,3467.6,1,3467.8,2,3468.0,2,3468.2,1,3468.4,2,3467.6
IF2412,,13:44:34.300#,3490.6,3506.2,3466.2,3845.8,3146.6,6930,48560,3466.4,1,3466.6,1,3466.8,2,3467.0,1,3467.2,3,3467.6,2,3467.8,2,3468.0,2,3468.2,1,3468.4,2,3467.4
IF2412,,13:44:35.300#,3490.6,3506.2,3466.2,3845.8,3146.6,6931,48561,3466.4,1,3466.6,1,3466.8,2,3467.0,1,3467.2,3,3467.6,1,3467.8,2,3468.0,2,3468.2,1,3468.4,2,3467.6
IF2412,,13:44:35.800#,3490.6,3506.2,3466.2,3845.8,3146.6,6931,48561,3466.4,1,3466.6,1,3466.8,2,3467.0,1,3467.2,2,3467.6,1,3467.8,2,3468.0,2,3468.2,1,3468.4,2,3467.6
IF2412,,13:44:36.300#,3490.6,3506.2,3466.2,3845.8,3146.6,6931,48561,3466.2,3,3466.4,1,3466.6,1,3466.8,2,3467.0,1,3467.6,1,3467.8,2,3468.0,2,3468.2,1,3468.4,2,3467.6
IF2412,,13:44:38.300#,3490.6,3506.2,3466.2,3845.8,3146.6,6931,48561,3466.2,3,3466.4,1,3466.6,1,3466.8,2,3467.0,2,3467.6,1,3467.8,2,3468.0,2,3468.2,1,3468.4,2,3467.6
IF2412,,13:44:38.800#,3490.6,3506.2,3466.2,3845.8,3146.6,6931,48561,3466.4,1,3466.6,1,3466.8,2,3467.0,2,3467.2,1,3467.6,1,3467.8,2,3468.0,2,3468.2,1,3468.4,2,3467.6
IF2412,,13:44:40.300#,3490.6,3506.2,3466.2,3845.8,3146.6,6932,48561,3466.4,1,3466.6,1,3466.8,2,3467.0,1,3467.2,1,3467.8,2,3468.0,2,3468.2,1,3468.4,2,3469.2,1,3467.6
IF2412,,13:44:40.800#,3490.6,3506.2,3466.2,3845.8,3146.6,6932,48561,3466.2,3,3466.4,1,3466.6,1,3466.8,2,3467.0,1,3467.8,2,3468.0,2,3468.2,1,3468.4,2,3469.2,1,3467.6
IF2412,,13:44:41.300#,3490.6,3506.2,3466.2,3845.8,3146.6,6932,48561,3466.2,3,3466.4,1,3466.6,1,3466.8,2,3467.0,1,3467.6,4,3467.8,2,3468.0,2,3468.2,1,3468.4,2,3467.6
IF2412,,13:44:41.800#,3490.6,3506.2,3466.2,3845.8,3146.6,6932,48561,3466.0,7,3466.2,3,3466.4,1,3466.6,1,3466.8,2,3467.6,4,3467.8,2,3468.0,2,3468.2,1,3468.4,2,3467.6
IF2412,,13:44:42.800#,3490.6,3506.2,3466.2,3845.8,3146.6,6932,48561,3466.2,3,3466.4,1,3466.6,1,3466.8,2,3467.0,2,3467.6,4,3467.8,2,3468.0,2,3468.2,1,3468.4,2,3467.6
IF2412,,13:44:43.800#,3490.6,3506.2,3466.2,3845.8,3146.6,6933,48562,3466.2,3,3466.4,1,3466.6,1,3466.8,2,3467.0,2,3467.6,3,3467.8,2,3468.0,2,3468.2,1,3468.4,2,3467.6
IF2412,,13:44:44.800#,3490.6,3506.2,3466.2,3845.8,3146.6,6933,48562,3466.2,3,3466.4,1,3466.6,1,3466.8,2,3467.0,2,3467.6,1,3467.8,2,3468.0,2,3468.2,1,3468.4,2,3467.6
IF2412,,13:44:46.300#,3490.6,3506.2,3466.2,3845.8,3146.6,6933,48562,3466.4,1,3466.6,1,3466.8,2,3467.0,2,3467.2,1,3467.6,1,3467.8,2,3468.0,2,3468.2,1,3468.4,2,3467.6
IF2412,,13:44:46.800#,3490.6,3506.2,3466.2,3845.8,3146.6,6933,48562,3466.2,3,3466.4,1,3466.6,1,3466.8,2,3467.0,2,3467.8,2,3468.0,2,3468.2,1,3468.4,2,3469.2,1,3467.6
IF2412,,13:44:48.300#,3490.6,3506.2,3466.2,3845.8,3146.6,6933,48562,3466.4,1,3466.6,1,3466.8,2,3467.0,2,3467.2,3,3467.8,2,3468.0,2,3468.2,1,3468.4,2,3469.2,1,3467.6
IF2412,,13:44:48.800#,3490.6,3506.2,3466.2,3845.8,3146.6,6933,48562,3466.4,1,3466.6,1,3466.8,2,3467.0,2,3467.2,4,3467.8,2,3468.0,2,3468.2,1,3468.4,2,3469.2,1,3467.6
IF2412,,13:44:49.300#,3490.6,3506.2,3466.2,3845.8,3146.6,6933,48562,3466.6,1,3466.8,2,3467.0,2,3467.2,4,3467.4,1,3467.8,2,3468.0,2,3468.2,1,3468.4,2,3469.2,1,3467.6
IF2412,,13:44:50.300#,3490.6,3506.2,3466.2,3845.8,3146.6,6933,48562,3466.4,1,3466.6,1,3466.8,2,3467.0,2,3467.2,4,3467.8,2,3468.0,2,3468.2,1,3468.4,2,3469.2,1,3467.6
IF2412,,13:44:53.300#,3490.6,3506.2,3466.2,3845.8,3146.6,6933,48562,3466.6,1,3466.8,2,3467.0,2,3467.2,4,3467.4,1,3467.8,2,3468.0,2,3468.2,1,3468.4,2,3469.2,1,3467.6
IF2412,,13:44:53.800#,3490.6,3506.2,3466.2,3845.8,3146.6,6935,48564,3466.8,2,3467.0,2,3467.2,4,3467.4,1,3467.6,1,3468.0,1,3468.2,1,3468.4,2,3469.2,1,3469.4,2,3467.8
IF2412,,13:44:54.300#,3490.6,3506.2,3466.2,3845.8,3146.6,6936,48563,3466.8,2,3467.0,2,3467.2,4,3467.4,2,3467.6,1,3468.4,2,3469.2,1,3469.4,2,3469.8,2,3470.0,3,3468.0
IF2412,,13:44:54.800#,3490.6,3506.2,3466.2,3845.8,3146.6,6936,48563,3467.0,2,3467.2,4,3467.4,2,3467.6,1,3468.0,1,3468.4,4,3469.2,1,3469.4,2,3469.8,2,3470.0,3,3468.0
IF2412,,13:44:55.300#,3490.6,3506.2,3466.2,3845.8,3146.6,6936,48563,3467.0,2,3467.2,4,3467.4,1,3467.6,1,3468.0,1,3468.4,4,3469.2,1,3469.4,2,3469.8,2,3470.0,3,3468.0
IF2412,,13:44:55.800#,3490.6,3506.2,3466.2,3845.8,3146.6,6936,48563,3467.0,2,3467.2,4,3467.4,1,3467.6,1,3468.0,1,3468.4,2,3469.2,1,3469.4,2,3469.8,2,3470.0,3,3468.0
IF2412,,13:45:00.300#,3490.6,3506.2,3466.2,3845.8,3146.6,6936,48563,3467.0,2,3467.2,4,3467.4,1,3467.6,1,3468.0,1,3468.4,3,3469.2,1,3469.4,2,3469.8,2,3470.0,3,3468.0
IF2412,,13:45:00.800#,3490.6,3506.2,3466.2,3845.8,3146.6,6938,48563,3467.0,2,3467.2,4,3467.4,1,3467.6,1,3468.0,1,3468.4,1,3469.0,2,3469.2,1,3469.4,2,3469.8,2,3468.4
IF2412,,13:45:01.800#,3490.6,3506.2,3466.2,3845.8,3146.6,6938,48563,3467.0,2,3467.2,4,3467.4,1,3467.6,1,3468.0,1,3468.4,3,3469.0,2,3469.2,1,3469.4,2,3469.8,2,3468.4
IF2412,,13:45:02.800#,3490.6,3506.2,3466.2,3845.8,3146.6,6938,48563,3467.0,2,3467.2,4,3467.4,1,3467.6,1,3468.0,1,3468.2,1,3468.4,3,3469.0,2,3469.2,1,3469.4,2,3468.4
IF2412,,13:45:03.300#,3490.6,3506.2,3466.2,3845.8,3146.6,6938,48563,3467.0,2,3467.2,4,3467.4,1,3467.6,1,3468.0,1,3468.2,3,3468.4,3,3469.0,2,3469.2,1,3469.4,2,3468.4
IF2412,,13:45:03.800#,3490.6,3506.2,3466.2,3845.8,3146.6,6939,48563,3466.8,1,3467.0,2,3467.2,4,3467.4,1,3467.6,1,3468.2,3,3468.4,3,3469.0,2,3469.2,1,3469.4,2,3468.0
IF2412,,13:45:04.800#,3490.6,3506.2,3466.2,3845.8,3146.6,6939,48563,3466.8,1,3467.0,2,3467.2,4,3467.4,3,3467.6,1,3468.2,3,3468.4,3,3469.0,2,3469.2,1,3469.4,2,3468.0
IF2412,,13:45:05.800#,3490.6,3506.2,3466.2,3845.8,3146.6,6940,48564,3466.4,1,3466.8,1,3467.0,2,3467.2,4,3467.4,3,3468.2,3,3468.4,3,3469.0,2,3469.2,1,3469.4,2,3467.6
IF2412,,13:45:07.300#,3490.6,3506.2,3466.2,3845.8,3146.6,6943,48561,3466.8,1,3467.0,2,3467.2,4,3467.4,3,3468.2,1,3468.4,3,3469.0,2,3469.2,1,3469.4,2,3469.8,2,3468.2
IF2412,,13:45:07.800#,3490.6,3506.2,3466.2,3845.8,3146.6,6944,48560,3466.4,1,3466.8,1,3467.0,2,3467.2,4,3467.4,3,3468.2,3,3468.4,3,3469.0,2,3469.2,1,3469.4,2,3468.2
IF2412,,13:45:08.300#,3490.6,3506.2,3466.2,3845.8,3146.6,6945,48559,3467.0,2,3467.2,4,3467.4,3,3467.6,3,3467.8,1,3468.4,3,3469.0,2,3469.2,1,3469.4,2,3469.8,2,3467.8
IF2412,,13:45:08.800#,3490.6,3506.2,3466.2,3845.8,3146.6,6945,48559,3466.4,1,3467.0,2,3467.2,4,3467.4,3,3467.6,2,3468.4,3,3469.0,2,3469.2,1,3469.4,2,3469.8,2,3467.8
IF2412,,13:45:10.800#,3490.6,3506.2,3466.2,3845.8,3146.6,6946,48560,3466.4,1,3467.0,2,3467.2,4,3467.4,3,3467.6,1,3467.8,1,3468.4,3,3469.0,2,3469.2,1,3469.4,2,3467.6
IF2412,,13:45:11.300#,3490.6,3506.2,3466.2,3845.8,3146.6,6946,48560,3466.4,1,3467.0,2,3467.2,4,3467.4,3,3467.6,1,3467.8,2,3468.4,3,3469.0,2,3469.2,1,3469.4,2,3467.6
IF2412,,13:45:12.300#,3490.6,3506.2,3466.2,3845.8,3146.6,6947,48561,3466.2,3,3466.4,1,3467.0,2,3467.2,4,3467.4,3,3467.8,2,3468.4,2,3469.0,2,3469.2,1,3469.4,2,3467.6
IF2412,,13:45:12.800#,3490.6,3506.2,3466.2,3845.8,3146.6,6947,48561,3466.2,3,3466.4,1,3467.0,2,3467.2,4,3467.4,1,3467.8,2,3468.4,2,3469.0,2,3469.2,1,3469.4,2,3467.6
IF2412,,13:45:13.300#,3490.6,3506.2,3466.2,3845.8,3146.6,6947,48561,3466.2,3,3466.4,1,3467.0,2,3467.2,3,3467.4,1,3467.8,2,3468.4,2,3469.0,2,3469.2,1,3469.4,2,3467.6
IF2412,,13:45:13.800#,3490.6,3506.2,3466.2,3845.8,3146.6,6947,48561,3466.0,7,3466.2,3,3466.4,1,3467.0,2,3467.2,3,3467.8,2,3468.4,2,3469.0,2,3469.2,1,3469.4,2,3467.6
IF2412,,13:45:14.300#,3490.6,3506.2,3466.2,3845.8,3146.6,6947,48561,3465.8,1,3466.0,7,3466.2,3,3466.4,1,3467.0,2,3467.6,5,3467.8,2,3468.4,2,3468.8,2,3469.0,2,3467.6
IF2412,,13:45:14.800#,3490.6,3506.2,3466.2,3845.8,3146.6,6947,48561,3466.0,7,3466.2,3,3466.4,1,3467.0,2,3467.2,2,3467.6,5,3467.8,2,3468.4,2,3468.8,2,3469.0,2,3467.6
IF2412,,13:45:15.300#,3490.6,3506.2,3466.2,3845.8,3146.6,6947,48561,3466.0,7,3466.2,3,3466.4,1,3467.0,2,3467.2,2,3467.8,2,3468.4,2,3468.8,2,3469.0,2,3469.2,1,3467.6
IF2412,,13:45:15.800#,3490.6,3506.2,3466.2,3845.8,3146.6,6947,48561,3466.2,3,3466.4,1,3467.0,2,3467.2,2,3467.4,1,3467.8,2,3468.4,2,3468.8,2,3469.0,2,3469.2,1,3467.6
IF2412,,13:45:16.300#,3490.6,3506.2,3466.2,3845.8,3146.6,6947,48561,3466.0,7,3466.2,3,3466.4,1,3467.0,2,3467.2,2,3467.8,2,3468.4,2,3468.8,2,3469.0,2,3469.2,1,3467.6
IF2412,,13:45:18.300#,3490.6,3506.2,3466.2,3845.8,3146.6,6947,48561,3466.0,7,3466.2,3,3466.4,1,3467.0,2,3467.2,1,3467.8,2,3468.4,2,3468.8,2,3469.0,2,3469.2,1,3467.6
IF2412,,13:45:18.800#,3490.6,3506.2,3466.2,3845.8,3146.6,6947,48561,3466.0,7,3466.2,3,3466.4,1,3467.0,2,3467.2,1,3467.6,1,3467.8,2,3468.4,2,3468.8,2,3469.0,2,3467.6
IF2412,,13:45:19.800#,3490.6,3506.2,3466.2,3845.8,3146.6,6947,48561,3466.0,7,3466.2,3,3466.4,1,3467.0,2,3467.2,1,3467.6,1,3467.8,2,3468.2,2,3468.4,2,3468.8,2,3467.6
IF2412,,13:45:20.300#,3490.6,3506.2,3466.2,3845.8,3146.6,6947,48561,3466.0,7,3466.2,3,3466.4,1,3467.0,1,3467.2,1,3467.4,4,3467.6,1,3467.8,2,3468.2,2,3468.4,2,3467.6
IF2412,,13:45:20.800#,3490.6,3506.2,3466.2,3845.8,3146.6,6947,48561,3466.0,7,3466.2,3,3466.4,1,3467.0,1,3467.2,2,3467.4,3,3467.6,1,3467.8,2,3468.2,2,3468.4,2,3467.6
IF2412,,13:45:21.800#,3490.6,3506.2,3466.2,3845.8,3146.6,6948,48561,3466.0,7,3466.2,3,3466.4,1,3467.0,1,3467.2,1,3467.4,3,3467.6,1,3467.8,1,3468.2,2,3468.4,2,3467.2
IF2412,,13:45:22.300#,3490.6,3506.2,3466.2,3845.8,3146.6,6949,48561,3466.0,7,3466.2,3,3466.4,1,3467.0,1,3467.2,1,3467.4,3,3467.6,1,3467.8,1,3468.2,2,3468.4,2,3467.4
IF2412,,13:45:22.800#,3490.6,3506.2,3466.2,3845.8,3146.6,6950,48562,3465.8,1,3466.0,7,3466.2,3,3466.4,1,3467.0,1,3467.4,3,3467.6,1,3467.8,1,3468.2,2,3468.4,2,3467.2
IF2412,,13:45:23.300#,3490.6,3506.2,3466.2,3845.8,3146.6,6950,48562,3465.8,1,3466.0,7,3466.2,3,3466.4,1,3467.0,3,3467.4,3,3467.6,1,3467.8,1,3468.2,2,3468.4,2,3467.2
IF2412,,13:45:23.800#,3490.6,3506.2,3466.2,3845.8,3146.6,6950,48562,3465.8,1,3466.0,7,3466.2,3,3466.4,1,3467.0,2,3467.2,1,3467.4,3,3467.6,1,3467.8,1,3468.2,2,3467.2
IF2412,,13:45:30.300#,3490.6,3506.2,3466.2,3845.8,3146.6,6951,48563,3465.8,1,3466.0,7,3466.2,3,3466.4,1,3467.0,1,3467.2,1,3467.4,3,3467.6,1,3467.8,1,3468.2,2,3467.0
IF2412,,13:45:30.800#,3490.6,3506.2,3466.2,3845.8,3146.6,6953,48563,3465.2,1,3465.8,1,3466.0,7,3466.2,3,3466.4,1,3467.4,3,3467.6,1,3467.8,1,3468.2,2,3468.8,2,3467.2
IF2412,,13:45:31.300#,3490.6,3506.2,3466.2,3845.8,3146.6,6953,48563,3466.0,7,3466.2,5,3466.4,1,3466.6,2,3466.8,2,3467.4,3,3467.6,3,3467.8,1,3468.2,2,3468.8,2,3467.2
IF2412,,13:45:31.800#,3490.6,3506.2,3466.2,3845.8,3146.6,6953,48563,3466.2,5,3466.4,1,3466.6,3,3466.8,1,3467.0,1,3467.4,3,3467.6,3,3467.8,1,3468.2,2,3468.8,2,3467.2
IF2412,,13:45:32.300#,3490.6,3506.2,3466.2,3845.8,3146.6,6953,48563,3466.2,5,3466.4,1,3466.6,3,3466.8,1,3467.0,1,3467.2,1,3467.4,3,3467.6,3,3467.8,1,3468.2,2,3467.2
IF2412,,13:45:32.800#,3490.6,3506.2,3466.2,3845.8,3146.6,6953,48563,3466.2,5,3466.4,1,3466.6,3,3466.8,1,3467.0,1,3467.2,1,3467.4,3,3467.6,2,3467.8,1,3468.2,2,3467.2
IF2412,,13:45:33.300#,3490.6,3506.2,3466.2,3845.8,3146.6,6953,48563,3466.2,5,3466.4,1,3466.6,3,3466.8,1,3467.0,1,3467.4,3,3467.6,2,3467.8,1,3468.2,2,3468.8,2,3467.2
IF2412,,13:45:36.800#,3490.6,3506.2,3466.2,3845.8,3146.6,6954,48563,3466.0,7,3466.2,5,3466.4,1,3466.6,3,3466.8,1,3467.4,3,3467.6,2,3467.8,1,3468.2,2,3468.8,2,3467.0
IF2412,,13:45:37.300#,3490.6,3506.2,3466.2,3845.8,3146.6,6954,48563,3466.0,7,3466.2,5,3466.4,1,3466.6,3,3466.8,1,3467.2,1,3467.4,3,3467.6,2,3467.8,1,3468.2,2,3467.0
IF2412,,13:45:40.300#,3490.6,3506.2,3466.2,3845.8,3146.6,6954,48563,3466.0,7,3466.2,5,3466.4,1,3466.6,3,3466.8,1,3467.2,1,3467.4,3,3467.6,2,3468.2,2,3468.8,2,3467.0
IF2412,,13:45:40.800#,3490.6,3506.2,3466.2,3845.8,3146.6,6955,48562,3466.0,7,3466.2,5,3466.4,1,3466.6,3,3466.8,2,3467.4,3,3467.6,2,3468.2,2,3468.8,2,3469.0,2,3467.2
IF2412,,13:45:44.800#,3490.6,3506.2,3466.2,3845.8,3146.6,6955,48562,3466.0,7,3466.2,5,3466.4,1,3466.6,3,3466.8,2,3467.2,3,3467.4,3,3467.6,2,3468.2,2,3468.8,2,3467.2
IF2412,,13:45:45.300#,3490.6,3506.2,3466.2,3845.8,3146.6,6955,48562,3466.0,7,3466.2,5,3466.4,1,3466.6,3,3466.8,2,3467.2,3,3467.4,2,3467.6,2,3468.2,2,3468.8,2,3467.2
IF2412,,13:45:46.800#,3490.6,3506.2,3466.2,3845.8,3146.6,6955,48562,3466.0,7,3466.2,5,3466.4,1,3466.6,3,3466.8,2,3467.0,2,3467.2,3,3467.4,2,3467.6,2,3468.2,2,3467.2
IF2412,,13:45:47.300#,3490.6,3506.2,3466.2,3845.8,3146.6,6955,48562,3466.0,7,3466.2,5,3466.4,1,3466.6,3,3466.8,2,3467.0,2,3467.2,3,3467.4,1,3467.6,2,3468.2,2,3467.2
IF2412,,13:45:49.800#,3490.6,3506.2,3466.2,3845.8,3146.6,6955,48562,3466.0,7,3466.2,5,3466.4,1,3466.6,3,3466.8,2,3467.0,3,3467.2,3,3467.4,1,3467.6,2,3468.2,2,3467.2
IF2412,,13:45:55.300#,3490.6,3506.2,3466.2,3845.8,3146.6,6960,48564,3466.0,7,3466.2,5,3466.4,1,3466.6,3,3466.8,2,3467.6,2,3468.2,2,3468.8,2,3469.0,2,3469.2,1,3467.4
IF2412,,13:45:55.800#,3490.6,3506.2,3466.2,3845.8,3146.6,6960,48564,3466.2,5,3466.4,1,3466.6,3,3466.8,2,3467.0,3,3467.6,2,3468.2,2,3468.8,2,3469.0,2,3469.2,1,3467.4
IF2412,,13:45:58.300#,3490.6,3506.2,3466.2,3845.8,3146.6,6960,48564,3466.4,1,3466.6,3,3466.8,2,3467.0,3,3467.2,1,3467.6,2,3468.2,2,3468.8,2,3469.0,2,3469.2,1,3467.4
IF2412,,13:45:58.800#,3490.6,3506.2,3466.2,3845.8,3146.6,6961,48565,3466.4,1,3466.6,3,3466.8,2,3467.0,3,3467.2,1,3467.6,1,3468.2,2,3468.8,2,3469.0,2,3469.2,1,3467.6
IF2412,,13:45:59.300#,3490.6,3506.2,3466.2,3845.8,3146.6,6962,48565,3466.4,1,3466.6,3,3466.8,2,3467.0,3,3467.2,1,3468.2,2,3468.8,2,3469.0,2,3469.2,1,3469.4,2,3467.6
IF2412,,13:45:59.800#,3490.6,3506.2,3466.2,3845.8,3146.6,6962,48565,3466.6,3,3466.8,1,3467.0,3,3467.2,2,3467.4,4,3468.0,1,3468.2,4,3468.8,2,3469.0,2,3469.2,1,3467.6
IF2412,,13:46:00.300#,3490.6,3506.2,3466.2,3845.8,3146.6,6962,48565,3466.8,1,3467.0,3,3467.2,2,3467.4,4,3467.6,1,3468.0,1,3468.2,2,3468.8,2,3469.0,2,3469.2,1,3467.6
IF2412,,13:46:00.800#,3490.6,3506.2,3466.2,3845.8,3146.6,6962,48565,3466.6,3,3466.8,1,3467.0,3,3467.2,2,3467.4,4,3468.0,1,3468.2,2,3468.8,2,3469.0,2,3469.2,1,3467.6
IF2412,,13:46:01.300#,3490.6,3506.2,3466.2,3845.8,3146.6,6962,48565,3466.8,1,3467.0,3,3467.2,1,3467.4,4,3467.6,5,3468.0,1,3468.2,2,3468.8,2,3469.0,2,3469.2,1,3467.6
IF2412,,13:46:01.800#,3490.6,3506.2,3466.2,3845.8,3146.6,6962,48565,3466.6,3,3466.8,1,3467.0,3,3467.4,4,3467.6,1,3468.0,1,3468.2,2,3468.8,2,3469.0,2,3469.2,1,3467.6
IF2412,,13:46:02.300#,3490.6,3506.2,3466.2,3845.8,3146.6,6962,48565,3466.6,3,3466.8,1,3467.0,3,3467.4,3,3467.6,1,3468.0,1,3468.2,2,3468.8,2,3469.0,2,3469.2,1,3467.6
IF2412,,13:46:02.800#,3490.6,3506.2,3466.2,3845.8,3146.6,6965,48566,3466.4,1,3466.6,3,3466.8,1,3467.0,3,3467.4,1,3467.8,1,3468.0,1,3468.2,2,3468.8,2,3469.0,2,3467.4
IF2412,,13:46:03.800#,3490.6,3506.2,3466.2,3845.8,3146.6,6965,48566,3466.2,3,3466.4,1,3466.6,3,3466.8,1,3467.0,3,3467.8,1,3468.0,1,3468.2,2,3468.8,2,3469.0,2,3467.4
IF2412,,13:46:04.800#,3490.6,3506.2,3466.2,3845.8,3146.6,6965,48566,3466.4,1,3466.6,3,3466.8,1,3467.0,3,3467.2,1,3467.8,1,3468.0,1,3468.2,2,3468.8,2,3469.0,2,3467.4
IF2412,,13:46:05.300#,3490.6,3506.2,3466.2,3845.8,3146.6,6965,48566,3466.6,3,3466.8,1,3467.0,3,3467.2,1,3467.4,1,3467.8,1,3468.0,1,3468.2,2,3468.8,2,3469.0,2,3467.4
IF2412,,13:46:05.800#,3490.6,3506.2,3466.2,3845.8,3146.6,6965,48566,3466.4,1,3466.6,3,3466.8,1,3467.0,3,3467.2,1,3467.4,1,3467.8,1,3468.0,1,3468.2,2,3468.8,2,3467.4
IF2412,,13:46:06.300#,3490.6,3506.2,3466.2,3845.8,3146.6,6965,48566,3466.4,1,3466.6,3,3466.8,1,3467.0,3,3467.2,2,3467.4,2,3467.8,1,3468.2,2,3468.8,2,3469.0,2,3467.4
IF2412,,13:46:07.300#,3490.6,3506.2,3466.2,3845.8,3146.6,6965,48566,3466.4,1,3466.6,3,3466.8,1,3467.0,3,3467.2,1,3467.4,2,3467.8,1,3468.2,2,3468.8,2,3469.0,2,3467.4
IF2412,,13:46:07.800#,3490.6,3506.2,3466.2,3845.8,3146.6,6965,48566,3466.4,1,3466.6,3,3466.8,1,3467.0,2,3467.2,1,3467.4,2,3467.8,1,3468.2,2,3468.8,2,3469.0,2,3467.4
IF2412,,13:46:08.300#,3490.6,3506.2,3466.2,3845.8,3146.6,6965,48566,3466.4,1,3466.6,3,3466.8,1,3467.0,1,3467.2,1,3467.4,2,3467.8,1,3468.0,2,3468.2,2,3468.8,2,3467.4
IF2412,,13:46:09.300#,3490.6,3506.2,3466.2,3845.8,3146.6,6966,48566,3466.0,8,3466.2,3,3466.4,1,3466.6,3,3466.8,1,3467.2,1,3467.4,2,3467.8,1,3468.0,2,3468.2,2,3467.2
IF2412,,13:46:09.800#,3490.6,3506.2,3466.2,3845.8,3146.6,6966,48566,3466.0,8,3466.2,3,3466.4,1,3466.6,2,3466.8,3,3467.2,1,3467.4,2,3467.8,1,3468.0,2,3468.2,2,3467.2
IF2412,,13:46:10.300#,3490.6,3506.2,3466.2,3845.8,3146.6,6966,48566,3466.0,8,3466.2,3,3466.4,1,3466.6,2,3466.8,2,3467.4,2,3467.8,1,3468.0,2,3468.2,2,3468.8,2,3467.2
IF2412,,13:46:15.300#,3490.6,3506.2,3466.2,3845.8,3146.6,6966,48566,3466.2,3,3466.4,1,3466.6,2,3466.8,2,3467.2,1,3467.4,2,3467.8,1,3468.0,2,3468.2,2,3468.8,2,3467.2
IF2412,,13:46:15.800#,3490.6,3506.2,3466.2,3845.8,3146.6,6966,48566,3466.2,3,3466.4,1,3466.6,2,3466.8,2,3467.2,1,3467.4,3,3467.8,1,3468.0,2,3468.2,2,3468.8,2,3467.2
IF2412,,13:46:20.300#,3490.6,3506.2,3466.2,3845.8,3146.6,6967,48566,3466.2,3,3466.4,1,3466.6,2,3466.8,2,3467.2,1,3467.4,2,3467.8,1,3468.0,2,3468.2,2,3468.8,2,3467.4
IF2412,,13:46:21.300#,3490.6,3506.2,3466.2,3845.8,3146.6,6968,48565,3466.2,3,3466.4,1,3466.6,2,3466.8,2,3467.2,1,3467.4,1,3467.8,1,3468.0,2,3468.2,2,3468.8,2,3467.4
IF2412,,13:46:21.800#,3490.6,3506.2,3466.2,3845.8,3146.6,6969,48564,3466.2,3,3466.4,1,3466.6,2,3466.8,2,3467.2,1,3467.8,1,3468.0,2,3468.2,2,3468.8,2,3469.0,2,3467.4
IF2412,,13:46:22.300#,3490.6,3506.2,3466.2,3845.8,3146.6,6970,48564,3466.2,3,3466.4,1,3466.6,2,3466.8,2,3467.2,1,3468.0,2,3468.2,2,3468.8,2,3469.0,2,3469.2,1,3467.8
IF2412,,13:46:22.800#,3490.6,3506.2,3466.2,3845.8,3146.6,6970,48564,3466.2,3,3466.4,1,3466.6,2,3466.8,2,3467.2,1,3467.8,4,3468.0,3,3468.2,2,3468.8,2,3469.0,2,3467.8
IF2412,,13:46:24.800#,3490.6,3506.2,3466.2,3845.8,3146.6,6970,48564,3466.2,3,3466.4,1,3466.6,2,3466.8,2,3467.2,1,3467.8,5,3468.0,3,3468.2,2,3468.8,2,3469.0,2,3467.8
IF2412,,13:46:26.800#,3490.6,3506.2,3466.2,3845.8,3146.6,6970,48564,3466.2,3,3466.4,1,3466.6,2,3466.8,2,3467.2,1,3467.8,5,3468.0,3,3468.2,2,3468.8,2,3469.0,3,3467.8
IF2412,,13:46:28.300#,3490.6,3506.2,3466.2,3845.8,3146.6,6970,48564,3466.2,3,3466.4,1,3466.6,2,3466.8,2,3467.2,1,3467.8,4,3468.0,3,3468.2,2,3468.8,2,3469.0,3,3467.8
IF2412,,13:46:31.300#,3490.6,3506.2,3466.2,3845.8,3146.6,6970,48564,3466.4,1,3466.6,2,3466.8,2,3467.0,2,3467.2,1,3467.8,4,3468.0,3,3468.2,2,3468.8,2,3469.0,3,3467.8
IF2412,,13:46:31.800#,3490.6,3506.2,3466.2,3845.8,3146.6,6971,48565,3466.2,1,3466.4,1,3466.6,2,3466.8,2,3467.0,2,3467.8,5,3468.0,3,3468.2,2,3468.8,2,3469.0,3,3467.2
IF2412,,13:46:34.800#,3490.6,3506.2,3466.2,3845.8,3146.6,6971,48565,3466.2,1,3466.4,1,3466.6,2,3466.8,2,3467.0,2,3467.8,5,3468.0,4,3468.2,2,3468.8,2,3469.0,3,3467.2
IF2412,,13:46:35.300#,3490.6,3506.2,3466.2,3845.8,3146.6,6971,48565,3466.2,1,3466.4,1,3466.6,2,3466.8,2,3467.0,2,3467.6,1,3467.8,5,3468.0,4,3468.2,2,3468.8,2,3467.2
IF2412,,13:46:36.300#,3490.6,3506.2,3466.2,3845.8,3146.6,6971,48565,3466.2,1,3466.4,1,3466.6,2,3466.8,2,3467.0,2,3467.6,2,3467.8,5,3468.0,4,3468.2,2,3468.8,2,3467.2
IF2412,,13:46:40.800#,3490.6,3506.2,3466.2,3845.8,3146.6,6972,48565,3466.2,1,3466.4,1,3466.6,2,3466.8,2,3467.0,1,3467.6,2,3467.8,5,3468.0,4,3468.2,2,3468.8,2,3467.0
IF2412,,13:46:41.300#,3490.6,3506.2,3466.2,3845.8,3146.6,6972,48565,3466.4,1,3466.6,2,3466.8,2,3467.0,1,3467.2,3,3467.6,1,3467.8,5,3468.0,4,3468.2,2,3468.8,2,3467.0
IF2412,,13:46:42.300#,3490.6,3506.2,3466.2,3845.8,3146.6,6972,48565,3466.2,1,3466.4,1,3466.6,2,3466.8,2,3467.0,1,3467.6,2,3467.8,5,3468.0,4,3468.2,2,3468.8,2,3467.0
IF2412,,13:46:44.800#,3490.6,3506.2,3466.2,3845.8,3146.6,6972,48565,3466.2,1,3466.4,1,3466.6,2,3466.8,2,3467.0,1,3467.4,1,3467.6,1,3467.8,5,3468.0,5,3468.2,2,3467.0
IF2412,,13:46:46.300#,3490.6,3506.2,3466.2,3845.8,3146.6,6972,48565,3466.2,1,3466.4,1,3466.6,2,3466.8,2,3467.0,1,3467.6,1,3467.8,5,3468.0,5,3468.2,2,3468.8,2,3467.0
IF2412,,13:46:49.300#,3490.6,3506.2,3466.2,3845.8,3146.6,6972,48565,3466.2,1,3466.4,1,3466.6,2,3466.8,2,3467.0,1,3467.4,1,3467.6,1,3467.8,5,3468.0,5,3468.2,2,3467.0
IF2412,,13:46:51.800#,3490.6,3506.2,3466.2,3845.8,3146.6,6972,48565,3466.2,1,3466.4,1,3466.6,2,3466.8,2,3467.0,1,3467.4,2,3467.6,1,3467.8,5,3468.0,5,3468.2,2,3467.0
IF2412,,13:47:00.300#,3490.6,3506.2,3466.2,3845.8,3146.6,6973,48565,3466.2,1,3466.4,1,3466.6,2,3466.8,2,3467.0,1,3467.4,1,3467.6,1,3467.8,5,3468.0,5,3468.2,2,3467.4
IF2412,,13:47:00.800#,3490.6,3506.2,3466.2,3845.8,3146.6,6973,48565,3466.2,1,3466.4,1,3466.6,2,3466.8,3,3467.0,1,3467.4,1,3467.6,1,3467.8,5,3468.0,5,3468.2,2,3467.4
IF2412,,13:47:01.800#,3490.6,3506.2,3466.2,3845.8,3146.6,6973,48565,3466.4,1,3466.6,2,3466.8,3,3467.0,1,3467.2,1,3467.6,1,3467.8,5,3468.0,5,3468.2,2,3468.8,2,3467.4
IF2412,,13:47:02.300#,3490.6,3506.2,3466.2,3845.8,3146.6,6973,48565,3466.4,1,3466.6,2,3466.8,3,3467.0,1,3467.2,1,3467.8,3,3468.0,5,3468.2,2,3468.8,2,3469.0,3,3467.4
IF2412,,13:47:02.800#,3490.6,3506.2,3466.2,3845.8,3146.6,6974,48565,3466.6,2,3466.8,3,3467.0,1,3467.2,1,3467.4,1,3468.0,5,3468.2,2,3468.8,2,3469.0,3,3469.2,1,3467.4
IF2412,,13:47:03.300#,3490.6,3506.2,3466.2,3845.8,3146.6,6974,48565,3466.6,2,3466.8,2,3467.0,1,3467.2,2,3467.4,1,3468.0,4,3468.2,2,3468.8,2,3469.0,3,3469.2,1,3467.4
IF2412,,13:47:04.300#,3490.6,3506.2,3466.2,3845.8,3146.6,6974,48565,3466.8,2,3467.0,1,3467.2,2,3467.4,1,3467.6,2,3468.0,2,3468.2,2,3468.8,2,3469.0,3,3469.2,1,3467.4
IF2412,,13:47:04.800#,3490.6,3506.2,3466.2,3845.8,3146.6,6974,48565,3466.8,2,3467.0,1,3467.2,1,3467.4,3,3467.6,2,3468.0,2,3468.2,2,3468.8,2,3469.0,3,3469.2,1,3467.4
IF2412,,13:47:07.800#,3490.6,3506.2,3466.2,3845.8,3146.6,6976,48565,3466.8,2,3467.0,1,3467.2,1,3467.4,3,3467.6,2,3468.2,2,3468.8,2,3469.0,3,3469.2,1,3469.4,2,3468.0
IF2412,,13:47:08.300#,3490.6,3506.2,3466.2,3845.8,3146.6,6976,48565,3467.0,1,3467.2,1,3467.4,3,3467.6,2,3467.8,1,3468.2,2,3468.8,2,3469.0,3,3469.2,1,3469.4,2,3468.0
IF2412,,13:47:08.800#,3490.6,3506.2,3466.2,3845.8,3146.6,6976,48565,3466.8,2,3467.0,1,3467.2,1,3467.4,4,3467.6,2,3468.8,2,3469.0,3,3469.2,1,3469.4,2,3469.8,2,3468.0
IF2412,,13:47:09.300#,3490.6,3506.2,3466.2,3845.8,3146.6,6976,48565,3467.0,1,3467.2,1,3467.4,4,3467.6,2,3468.0,1,3468.6,6,3468.8,5,3469.0,3,3469.2,1,3469.4,2,3468.0
IF2412,,13:47:09.800#,3490.6,3506.2,3466.2,3845.8,3146.6,6976,48565,3467.0,1,3467.2,1,3467.4,4,3467.6,2,3468.0,1,3468.6,7,3468.8,5,3469.0,3,3469.2,1,3469.4,2,3468.0
IF2412,,13:47:13.800#,3490.6,3506.2,3466.2,3845.8,3146.6,6977,48566,3467.0,1,3467.2,1,3467.4,4,3467.6,2,3468.0,1,3468.6,6,3468.8,5,3469.0,3,3469.2,1,3469.4,2,3468.6
IF2412,,13:47:14.800#,3490.6,3506.2,3466.2,3845.8,3146.6,6977,48566,3467.0,1,3467.2,1,3467.4,3,3467.6,2,3468.0,1,3468.6,5,3468.8,5,3469.0,3,3469.2,1,3469.4,2,3468.6
IF2412,,13:47:15.800#,3490.6,3506.2,3466.2,3845.8,3146.6,6977,48566,3467.0,1,3467.2,1,3467.4,3,3467.6,2,3468.0,1,3468.4,1,3468.6,5,3468.8,5,3469.0,3,3469.2,1,3468.6
IF2412,,13:47:16.800#,3490.6,3506.2,3466.2,3845.8,3146.6,6978,48566,3467.0,1,3467.2,1,3467.4,3,3467.6,2,3468.0,1,3468.6,5,3468.8,5,3469.0,3,3469.2,1,3469.4,2,3468.6
IF2412,,13:47:18.800#,3490.6,3506.2,3466.2,3845.8,3146.6,6978,48566,3467.2,1,3467.4,2,3467.6,2,3468.0,1,3468.2,3,3468.6,5,3468.8,6,3469.0,3,3469.2,1,3469.4,2,3468.6
IF2412,,13:47:19.800#,3490.6,3506.2,3466.2,3845.8,3146.6,6978,48566,3467.2,1,3467.4,2,3467.6,2,3468.0,1,3468.2,3,3468.6,4,3468.8,6,3469.0,3,3469.2,1,3469.4,2,3468.6
IF2412,,13:47:20.800#,3490.6,3506.2,3466.2,3845.8,3146.6,6979,48566,3467.2,1,3467.4,2,3467.6,2,3468.0,1,3468.2,3,3468.6,3,3468.8,6,3469.0,3,3469.2,1,3469.4,2,3468.6
IF2412,,13:47:22.300#,3490.6,3506.2,3466.2,3845.8,3146.6,6980,48566,3467.2,1,3467.4,2,3467.6,2,3468.0,1,3468.2,3,3468.6,2,3468.8,6,3469.0,3,3469.2,1,3469.4,2,3468.6
IF2412,,13:47:23.300#,3490.6,3506.2,3466.2,3845.8,3146.6,6980,48566,3467.2,1,3467.4,2,3467.6,2,3468.0,1,3468.2,3,3468.6,2,3468.8,5,3469.0,3,3469.2,1,3469.4,2,3468.6
IF2412,,13:47:24.800#,3490.6,3506.2,3466.2,3845.8,3146.6,6980,48566,3467.2,1,3467.4,2,3467.6,2,3468.0,1,3468.4,3,3468.6,2,3468.8,5,3469.0,3,3469.2,1,3469.4,2,3468.6
IF2412,,13:47:25.300#,3490.6,3506.2,3466.2,3845.8,3146.6,6982,48566,3467.2,1,3467.4,2,3467.6,2,3468.0,1,3468.4,5,3468.6,2,3468.8,3,3469.0,3,3469.2,1,3469.4,2,3468.6
IF2412,,13:47:25.800#,3490.6,3506.2,3466.2,3845.8,3146.6,6987,48568,3467.4,2,3467.6,2,3468.0,1,3468.4,5,3468.6,3,3469.0,1,3469.2,1,3469.4,2,3469.8,2,3470.0,2,3468.8
IF2412,,13:47:26.300#,3490.6,3506.2,3466.2,3845.8,3146.6,6988,48568,3468.0,1,3468.4,2,3468.6,7,3468.8,4,3469.0,3,3469.2,1,3469.4,2,3469.8,2,3470.0,2,3470.2,2,3469.0
IF2412,,13:47:26.800#,3490.6,3506.2,3466.2,3845.8,3146.6,6989,48568,3467.2,1,3467.6,2,3468.0,1,3468.6,6,3468.8,4,3469.4,2,3469.8,2,3470.0,2,3470.2,2,3470.8,2,3469.2
IF2412,,13:47:27.300#,3490.6,3506.2,3466.2,3845.8,3146.6,6989,48568,3467.6,2,3468.0,1,3468.6,6,3468.8,4,3469.0,5,3469.8,2,3470.0,2,3470.2,2,3470.8,2,3471.8,2,3469.2
IF2412,,13:47:27.800#,3490.6,3506.2,3466.2,3845.8,3146.6,6989,48568,3468.0,1,3468.6,6,3468.8,4,3469.0,5,3469.2,1,3469.6,1,3469.8,2,3470.0,4,3470.2,2,3470.8,2,3469.2
IF2412,,13:47:28.300#,3490.6,3506.2,3466.2,3845.8,3146.6,6989,48568,3467.2,1,3467.6,2,3468.6,6,3468.8,4,3469.0,5,3469.4,1,3469.6,3,3469.8,2,3470.0,4,3470.2,2,3469.2
IF2412,,13:47:29.300#,3490.6,3506.2,3466.2,3845.8,3146.6,6990,48567,3467.2,1,3467.6,2,3468.6,6,3468.8,4,3469.0,5,3469.6,3,3469.8,2,3470.0,4,3470.2,2,3470.8,2,3469.4
IF2412,,13:47:29.800#,3490.6,3506.2,3466.2,3845.8,3146.6,6991,48568,3468.6,6,3468.8,4,3469.0,2,3469.2,1,3469.4,3,3469.6,2,3469.8,2,3470.0,4,3470.2,2,3470.8,2,3469.6
IF2412,,13:47:30.300#,3490.6,3506.2,3466.2,3845.8,3146.6,6992,48568,3467.6,2,3468.6,6,3468.8,4,3469.0,2,3469.2,1,3469.6,2,3469.8,2,3470.0,4,3470.2,2,3470.8,2,3469.4
IF2412,,13:47:30.800#,3490.6,3506.2,3466.2,3845.8,3146.6,6992,48568,3467.2,1,3467.6,2,3468.6,6,3468.8,4,3469.0,2,3469.4,1,3469.6,2,3469.8,2,3470.0,4,3470.2,2,3469.4
IF2412,,13:47:31.300#,3490.6,3506.2,3466.2,3845.8,3146.6,6992,48568,3467.2,1,3467.6,2,3468.6,6,3468.8,4,3469.0,2,3469.4,1,3469.6,1,3469.8,2,3470.0,4,3470.2,2,3469.4
IF2412,,13:47:32.300#,3490.6,3506.2,3466.2,3845.8,3146.6,6992,48568,3467.2,1,3467.6,2,3468.6,6,3468.8,4,3469.0,2,3469.6,1,3469.8,2,3470.0,4,3470.2,2,3470.8,2,3469.4
IF2412,,13:47:32.800#,3490.6,3506.2,3466.2,3845.8,3146.6,6992,48568,3467.2,1,3467.6,2,3468.6,6,3468.8,4,3469.0,2,3469.6,1,3469.8,2,3470.0,5,3470.2,2,3470.8,2,3469.4
IF2412,,13:47:33.800#,3490.6,3506.2,3466.2,3845.8,3146.6,6992,48568,3467.2,1,3467.6,2,3468.6,6,3468.8,4,3469.0,2,3469.2,1,3469.6,1,3469.8,2,3470.0,5,3470.2,2,3469.4
IF2412,,13:47:34.300#,3490.6,3506.2,3466.2,3845.8,3146.6,6992,48568,3467.2,1,3467.6,2,3468.6,6,3468.8,1,3469.0,2,3469.2,1,3469.6,2,3469.8,2,3470.0,5,3470.2,2,3469.4
IF2412,,13:47:37.300#,3490.6,3506.2,3466.2,3845.8,3146.6,6993,48569,3467.2,1,3467.6,2,3468.6,6,3468.8,1,3469.0,1,3469.2,1,3469.6,2,3469.8,2,3470.0,5,3470.2,2,3469.0
IF2412,,13:47:37.800#,3490.6,3506.2,3466.2,3845.8,3146.6,6993,48569,3467.2,1,3467.6,2,3468.6,6,3468.8,1,3469.0,1,3469.2,1,3469.6,1,3469.8,2,3470.0,5,3470.2,2,3469.0
IF2412,,13:47:39.300#,3490.6,3506.2,3466.2,3845.8,3146.6,6993,48569,3467.2,1,3467.6,2,3468.6,6,3468.8,1,3469.0,1,3469.2,2,3469.6,1,3469.8,2,3470.0,5,3470.2,2,3469.0
IF2412,,13:47:39.800#,3490.6,3506.2,3466.2,3845.8,3146.6,6994,48570,3467.0,1,3467.2,1,3467.6,2,3468.6,6,3468.8,1,3469.2,2,3469.6,1,3469.8,2,3470.0,5,3470.2,2,3469.0
IF2412,,13:47:40.300#,3490.6,3506.2,3466.2,3845.8,3146.6,6994,48570,3467.2,1,3467.6,2,3468.6,6,3468.8,1,3469.0,3,3469.2,2,3469.6,1,3469.8,2,3470.0,5,3470.2,2,3469.0
IF2412,,13:47:40.800#,3490.6,3506.2,3466.2,3845.8,3146.6,6995,48569,3467.2,1,3467.6,2,3468.6,6,3468.8,1,3469.0,3,3469.2,1,3469.6,1,3469.8,2,3470.0,5,3470.2,2,3469.2
IF2412,,13:47:41.300#,3490.6,3506.2,3466.2,3845.8,3146.6,6996,48569,3467.2,1,3467.6,2,3468.6,6,3468.8,1,3469.0,2,3469.2,1,3469.6,1,3469.8,2,3470.0,5,3470.2,2,3469.0
IF2412,,13:47:42.300#,3490.6,3506.2,3466.2,3845.8,3146.6,6997,48569,3467.2,1,3467.6,2,3468.6,6,3468.8,1,3469.0,1,3469.2,1,3469.6,1,3469.8,2,3470.0,5,3470.2,2,3469.0
IF2412,,13:47:43.300#,3490.6,3506.2,3466.2,3845.8,3146.6,6997,48569,3467.0,1,3467.2,1,3467.6,2,3468.6,6,3468.8,1,3469.2,1,3469.6,1,3469.8,2,3470.0,5,3470.2,2,3469.0
IF2412,,13:47:43.800#,3490.6,3506.2,3466.2,3845.8,3146.6,6998,48568,3467.2,1,3467.6,2,3468.6,6,3468.8,3,3469.2,2,3469.4,1,3469.6,1,3469.8,2,3470.0,5,3470.2,2,3469.2
IF2412,,13:47:44.300#,3490.6,3506.2,3466.2,3845.8,3146.6,7000,48568,3467.0,1,3467.2,1,3467.6,2,3468.6,6,3468.8,1,3469.4,1,3469.6,1,3469.8,2,3470.0,5,3470.2,2,3469.2
IF2412,,13:47:44.800#,3490.6,3506.2,3466.2,3845.8,3146.6,7000,48568,3467.0,1,3467.2,1,3467.6,2,3468.6,6,3468.8,1,3469.2,3,3469.4,1,3469.6,1,3469.8,2,3470.0,5,3469.2
IF2412,,13:47:45.300#,3490.6,3506.2,3466.2,3845.8,3146.6,7001,48567,3466.6,2,3466.8,2,3467.0,1,3467.2,1,3467.6,2,3469.0,4,3469.2,3,3469.6,1,3469.8,2,3470.0,5,3468.8
IF2412,,13:47:45.800#,3490.6,3506.2,3466.2,3845.8,3146.6,7001,48567,3467.2,1,3467.6,4,3467.8,6,3468.0,1,3468.2,3,3468.8,4,3469.0,5,3469.2,3,3469.8,2,3470.0,5,3468.8
IF2412,,13:47:46.300#,3490.6,3506.2,3466.2,3845.8,3146.6,7001,48567,3467.2,1,3467.6,4,3467.8,6,3468.0,1,3468.2,3,3468.8,4,3469.0,5,3469.2,3,3469.8,2,3470.0,3,3468.8
IF2412,,13:47:46.800#,3490.6,3506.2,3466.2,3845.8,3146.6,7002,48566,3467.2,1,3467.6,4,3467.8,5,3468.0,1,3468.2,2,3468.4,1,3468.8,6,3469.0,6,3469.2,3,3469.8,2,3468.2
IF2412,,13:47:47.300#,3490.6,3506.2,3466.2,3845.8,3146.6,7002,48566,3467.2,1,3467.6,4,3467.8,5,3468.0,1,3468.2,2,3468.8,7,3469.0,6,3469.2,3,3469.8,2,3470.0,3,3468.2
IF2412,,13:47:47.800#,3490.6,3506.2,3466.2,3845.8,3146.6,7003,48565,3467.2,1,3467.6,4,3467.8,5,3468.0,1,3468.2,1,3468.8,4,3469.0,5,3469.2,3,3469.8,2,3470.0,3,3468.2
IF2412,,13:47:48.300#,3490.6,3506.2,3466.2,3845.8,3146.6,7003,48565,3467.2,1,3467.6,4,3467.8,5,3468.0,1,3468.2,1,3468.8,2,3469.0,4,3469.2,3,3469.8,2,3470.0,3,3468.2
IF2412,,13:47:48.800#,3490.6,3506.2,3466.2,3845.8,3146.6,7003,48565,3467.2,1,3467.6,4,3467.8,4,3468.0,1,3468.4,3,3468.8,2,3469.0,4,3469.2,2,3469.8,2,3470.0,3,3468.2
IF2412,,13:47:49.300#,3490.6,3506.2,3466.2,3845.8,3146.6,7004,48564,3467.2,1,3467.6,4,3467.8,4,3468.0,1,3468.4,2,3468.8,2,3469.0,4,3469.2,2,3469.8,2,3470.0,3,3468.4
IF2412,,13:47:49.800#,3490.6,3506.2,3466.2,3845.8,3146.6,7004,48564,3467.0,1,3467.2,1,3467.6,4,3467.8,4,3468.0,1,3468.8,2,3469.0,4,3469.2,2,3469.8,2,3470.0,3,3468.4
IF2412,,13:47:50.300#,3490.6,3506.2,3466.2,3845.8,3146.6,7004,48564,3467.2,1,3467.6,4,3467.8,4,3468.0,2,3468.4,3,3468.8,2,3469.0,4,3469.2,2,3469.8,2,3470.0,3,3468.4
IF2412,,13:47:50.800#,3490.6,3506.2,3466.2,3845.8,3146.6,7005,48563,3467.2,1,3467.6,4,3467.8,4,3468.0,2,3468.4,2,3468.8,2,3469.0,4,3469.2,2,3469.8,2,3470.0,3,3468.4
IF2412,,13:47:51.300#,3490.6,3506.2,3466.2,3845.8,3146.6,7005,48563,3467.2,1,3467.6,4,3467.8,4,3468.0,2,3468.4,2,3468.8,2,3469.0,6,3469.2,2,3469.8,2,3470.0,3,3468.4
IF2412,,13:47:51.800#,3490.6,3506.2,3466.2,3845.8,3146.6,7005,48563,3467.2,1,3467.6,4,3467.8,4,3468.0,2,3468.4,2,3468.8,1,3469.0,6,3469.2,2,3469.8,2,3470.0,3,3468.4
IF2412,,13:47:52.300#,3490.6,3506.2,3466.2,3845.8,3146.6,7005,48563,3467.2,1,3467.6,4,3467.8,4,3468.0,2,3468.4,2,3468.8,1,3469.0,6,3469.2,1,3469.8,2,3470.0,3,3468.4
IF2412,,13:47:52.800#,3490.6,3506.2,3466.2,3845.8,3146.6,7005,48563,3467.2,1,3467.6,4,3467.8,1,3468.0,1,3468.6,2,3468.8,1,3469.0,4,3469.2,1,3469.6,2,3469.8,2,3468.4
IF2412,,13:47:53.300#,3490.6,3506.2,3466.2,3845.8,3146.6,7005,48563,3466.8,2,3467.0,1,3467.2,1,3467.6,4,3467.8,1,3468.8,1,3469.0,4,3469.2,1,3469.6,2,3469.8,2,3468.4
IF2412,,13:47:53.800#,3490.6,3506.2,3466.2,3845.8,3146.6,7005,48563,3467.0,1,3467.2,1,3467.6,4,3467.8,1,3468.0,4,3468.8,1,3469.0,4,3469.2,1,3469.6,2,3469.8,2,3468.4
IF2412,,13:47:54.300#,3490.6,3506.2,3466.2,3845.8,3146.6,7005,48563,3467.2,1,3467.6,4,3467.8,1,3468.0,4,3468.4,3,3468.8,1,3469.0,4,3469.2,1,3469.6,2,3469.8,2,3468.4
IF2412,,13:47:55.300#,3490.6,3506.2,3466.2,3845.8,3146.6,7005,48563,3467.2,1,3467.6,4,3467.8,1,3468.0,4,3468.4,3,3469.0,4,3469.2,1,3469.6,2,3469.8,2,3470.0,3,3468.4
IF2412,,13:47:56.300#,3490.6,3506.2,3466.2,3845.8,3146.6,7005,48563,3467.2,1,3467.6,4,3467.8,1,3468.0,2,3468.6,3,3469.0,4,3469.2,1,3469.6,2,3469.8,2,3470.0,3,3468.4
IF2412,,13:47:58.300#,3490.6,3506.2,3466.2,3845.8,3146.6,7007,48563,3467.2,1,3467.6,4,3467.8,1,3468.0,2,3468.6,1,3469.0,4,3469.2,1,3469.6,2,3469.8,2,3470.0,3,3468.6
IF2412,,13:47:58.800#,3490.6,3506.2,3466.2,3845.8,3146.6,7007,48563,3467.0,1,3467.2,1,3467.6,4,3467.8,1,3468.0,2,3469.0,4,3469.2,1,3469.6,2,3469.8,2,3470.0,3,3468.6
IF2412,,13:47:59.300#,3490.6,3506.2,3466.2,3845.8,3146.6,7007,48563,3467.6,4,3467.8,1,3468.0,1,3468.2,4,3468.4,3,3469.0,4,3469.2,1,3469.6,2,3469.8,2,3470.0,3,3468.6
IF2412,,13:47:59.800#,3490.6,3506.2,3466.2,3845.8,3146.6,7007,48563,3467.8,1,3468.0,1,3468.2,5,3468.6,3,3468.8,1,3469.0,4,3469.2,1,3469.6,2,3469.8,2,3470.0,3,3468.6
IF2412,,13:48:00.300#,3490.6,3506.2,3466.2,3845.8,3146.6,7007,48563,3467.8,1,3468.0,1,3468.2,4,3468.6,3,3468.8,1,3469.0,4,3469.2,1,3469.6,2,3469.8,2,3470.0,3,3468.6
IF2412,,13:48:00.800#,3490.6,3506.2,3466.2,3845.8,3146.6,7008,48564,3467.2,1,3467.6,2,3467.8,1,3468.0,1,3468.2,3,3469.0,4,3469.2,1,3469.6,2,3469.8,2,3470.0,3,3468.8
IF2412,,13:48:01.300#,3490.6,3506.2,3466.2,3845.8,3146.6,7008,48564,3467.0,1,3467.2,1,3467.6,2,3467.8,1,3468.0,1,3468.8,2,3469.0,4,3469.2,1,3469.6,2,3469.8,2,3468.8
IF2412,,13:48:01.800#,3490.6,3506.2,3466.2,3845.8,3146.6,7008,48564,3467.2,1,3467.6,2,3467.8,1,3468.0,2,3468.4,3,3468.6,3,3468.8,5,3469.0,5,3469.2,1,3469.6,2,3468.8
IF2412,,13:48:02.300#,3490.6,3506.2,3466.2,3845.8,3146.6,7011,48564,3466.8,2,3467.0,1,3467.2,1,3467.6,2,3467.8,1,3468.4,1,3468.6,6,3468.8,4,3469.0,5,3469.6,2,3468.4
IF2412,,13:48:02.800#,3490.6,3506.2,3466.2,3845.8,3146.6,7011,48564,3466.8,2,3467.0,1,3467.2,1,3467.6,2,3467.8,1,3468.4,1,3468.6,6,3468.8,5,3469.0,5,3469.6,2,3468.4
IF2412,,13:48:03.800#,3490.6,3506.2,3466.2,3845.8,3146.6,7011,48564,3467.0,1,3467.2,1,3467.6,2,3467.8,1,3468.0,3,3468.6,5,3468.8,3,3469.0,5,3469.6,2,3469.8,2,3468.4
IF2412,,13:48:04.300#,3490.6,3506.2,3466.2,3845.8,3146.6,7011,48564,3467.0,1,3467.2,1,3467.6,2,3467.8,2,3468.2,3,3468.4,1,3468.6,3,3468.8,3,3469.0,5,3469.6,2,3468.4
IF2412,,13:48:04.800#,3490.6,3506.2,3466.2,3845.8,3146.6,7011,48564,3466.8,2,3467.0,1,3467.2,1,3467.6,2,3467.8,1,3468.4,2,3468.6,2,3468.8,3,3469.0,5,3469.6,2,3468.4
IF2412,,13:48:05.300#,3490.6,3506.2,3466.2,3845.8,3146.6,7011,48564,3467.0,1,3467.2,1,3467.6,2,3467.8,1,3468.0,1,3468.4,1,3468.6,2,3468.8,3,3469.0,5,3469.6,2,3468.4
IF2412,,13:48:05.800#,3490.6,3506.2,3466.2,3845.8,3146.6,7011,48564,3466.8,2,3467.0,1,3467.2,1,3467.6,2,3467.8,1,3468.4,1,3468.6,2,3468.8,3,3469.0,5,3469.6,2,3468.4
IF2412,,13:48:06.300#,3490.6,3506.2,3466.2,3845.8,3146.6,7011,48564,3467.0,1,3467.2,1,3467.6,2,3467.8,1,3468.0,3,3468.4,1,3468.6,2,3468.8,2,3469.0,5,3469.6,2,3468.4
IF2412,,13:48:06.800#,3490.6,3506.2,3466.2,3845.8,3146.6,7011,48564,3466.8,2,3467.0,1,3467.2,1,3467.6,2,3467.8,1,3468.4,1,3468.6,2,3468.8,2,3469.0,5,3469.6,2,3468.4
IF2412,,13:48:07.300#,3490.6,3506.2,3466.2,3845.8,3146.6,7011,48564,3466.6,2,3466.8,2,3467.0,1,3467.2,1,3467.6,2,3468.2,1,3468.4,2,3468.6,2,3468.8,2,3469.0,5,3468.4
IF2412,,13:48:07.800#,3490.6,3506.2,3466.2,3845.8,3146.6,7011,48564,3467.0,1,3467.2,1,3467.4,2,3467.6,2,3467.8,4,3468.2,1,3468.4,2,3468.6,2,3468.8,2,3469.0,6,3468.4
IF2412,,13:48:08.800#,3490.6,3506.2,3466.2,3845.8,3146.6,7011,48564,3467.2,1,3467.4,2,3467.6,2,3467.8,4,3468.0,1,3468.2,1,3468.4,2,3468.6,2,3468.8,2,3469.0,6,3468.4
IF2412,,13:48:09.300#,3490.6,3506.2,3466.2,3845.8,3146.6,7012,48564,3467.2,1,3467.4,2,3467.6,2,3467.8,1,3468.0,2,3468.2,2,3468.4,2,3468.6,2,3468.8,2,3469.0,6,3468.2
IF2412,,13:48:09.800#,3490.6,3506.2,3466.2,3845.8,3146.6,7012,48564,3467.2,1,3467.4,2,3467.6,2,3467.8,1,3468.0,2,3468.2,2,3468.4,1,3468.6,2,3468.8,2,3469.0,6,3468.2
IF2412,,13:48:10.300#,3490.6,3506.2,3466.2,3845.8,3146.6,7014,48564,3467.2,1,3467.4,2,3467.6,2,3467.8,1,3468.0,2,3468.4,1,3468.6,2,3468.8,2,3469.0,6,3469.6,2,3468.2
IF2412,,13:48:13.300#,3490.6,3506.2,3466.2,3845.8,3146.6,7014,48564,3467.2,1,3467.4,2,3467.6,2,3467.8,1,3468.0,2,3468.2,1,3468.4,2,3468.6,2,3468.8,2,3469.0,6,3468.2
IF2412,,13:48:14.300#,3490.6,3506.2,3466.2,3845.8,3146.6,7014,48564,3467.2,1,3467.4,2,3467.6,2,3467.8,1,3468.0,2,3468.4,2,3468.6,2,3468.8,2,3469.0,6,3469.6,2,3468.2
IF2412,,13:48:14.800#,3490.6,3506.2,3466.2,3845.8,3146.6,7014,48564,3467.2,1,3467.4,2,3467.6,2,3467.8,1,3468.0,2,3468.4,1,3468.6,2,3468.8,2,3469.0,6,3469.6,2,3468.2
IF2412,,13:48:15.300#,3490.6,3506.2,3466.2,3845.8,3146.6,7016,48566,3467.0,2,3467.2,1,3467.4,2,3467.6,2,3467.8,1,3468.4,2,3468.6,2,3468.8,2,3469.0,6,3469.6,2,3468.0
IF2412,,13:48:15.800#,3490.6,3506.2,3466.2,3845.8,3146.6,7016,48566,3467.0,2,3467.2,1,3467.4,2,3467.6,2,3468.0,1,3468.4,2,3468.6,2,3468.8,2,3469.0,6,3469.6,2,3468.0
IF2412,,13:48:16.300#,3490.6,3506.2,3466.2,3845.8,3146.6,7016,48566,3467.0,2,3467.2,1,3467.4,2,3467.6,2,3468.0,1,3468.2,1,3468.4,2,3468.6,2,3468.8,2,3469.0,6,3468.0
IF2412,,13:48:16.800#,3490.6,3506.2,3466.2,3845.8,3146.6,7016,48566,3467.0,2,3467.2,1,3467.4,2,3467.6,2,3468.0,1,3468.4,2,3468.6,2,3468.8,2,3469.0,6,3469.6,2,3468.0
IF2412,,13:48:17.300#,3490.6,3506.2,3466.2,3845.8,3146.6,7016,48566,3467.0,2,3467.2,1,3467.4,2,3467.6,2,3468.0,1,3468.4,1,3468.6,2,3468.8,2,3469.0,6,3469.6,2,3468.0
IF2412,,13:48:20.800#,3490.6,3506.2,3466.2,3845.8,3146.6,7017,48566,3467.0,2,3467.2,1,3467.4,2,3467.6,2,3468.0,1,3468.6,2,3468.8,2,3469.0,6,3469.6,2,3469.8,2,3468.4
IF2412,,13:48:22.300#,3490.6,3506.2,3466.2,3845.8,3146.6,7018,48566,3467.0,2,3467.2,1,3467.4,2,3467.6,2,3468.0,1,3468.6,2,3468.8,2,3469.0,6,3469.2,1,3469.6,2,3468.4
IF2412,,13:48:22.800#,3490.6,3506.2,3466.2,3845.8,3146.6,7018,48566,3467.0,2,3467.2,1,3467.4,2,3467.6,2,3468.0,1,3468.6,3,3468.8,2,3469.0,6,3469.2,1,3469.6,2,3468.4
IF2412,,13:48:23.300#,3490.6,3506.2,3466.2,3845.8,3146.6,7019,48567,3466.8,2,3467.0,2,3467.2,1,3467.4,2,3467.6,2,3468.2,1,3468.4,3,3468.6,3,3468.8,2,3469.0,6,3468.0
IF2412,,13:48:25.800#,3490.6,3506.2,3466.2,3845.8,3146.6,7020,48566,3467.0,2,3467.2,1,3467.4,2,3467.6,2,3468.2,1,3468.4,3,3468.6,3,3468.8,2,3469.0,6,3469.2,1,3468.2
IF2412,,13:48:26.300#,3490.6,3506.2,3466.2,3845.8,3146.6,7021,48565,3466.8,2,3467.0,2,3467.2,1,3467.4,2,3467.6,2,3468.2,3,3468.4,3,3468.6,3,3468.8,2,3469.0,6,3468.2
IF2412,,13:48:26.800#,3490.6,3506.2,3466.2,3845.8,3146.6,7021,48565,3467.0,2,3467.2,1,3467.4,2,3467.6,2,3467.8,1,3468.2,2,3468.4,3,3468.6,3,3468.8,2,3469.0,6,3468.2
IF2412,,13:48:27.300#,3490.6,3506.2,3466.2,3845.8,3146.6,7021,48565,3467.0,2,3467.2,1,3467.4,2,3467.6,2,3467.8,2,3468.2,2,3468.4,3,3468.6,3,3468.8,2,3469.0,6,3468.2
IF2412,,13:48:27.800#,3490.6,3506.2,3466.2,3845.8,3146.6,7021,48565,3467.0,2,3467.2,1,3467.4,2,3467.6,2,3467.8,2,3468.4,3,3468.6,3,3468.8,2,3469.0,6,3469.2,1,3468.2
IF2412,,13:48:28.300#,3490.6,3506.2,3466.2,3845.8,3146.6,7021,48565,3467.0,2,3467.2,1,3467.4,2,3467.6,3,3467.8,2,3468.4,3,3468.6,3,3468.8,2,3469.0,6,3469.2,1,3468.2
IF2412,,13:48:31.300#,3490.6,3506.2,3466.2,3845.8,3146.6,7021,48565,3467.0,2,3467.2,1,3467.4,2,3467.6,3,3467.8,2,3468.2,1,3468.4,3,3468.6,3,3468.8,2,3469.0,6,3468.2
IF2412,,13:48:31.800#,3490.6,3506.2,3466.2,3845.8,3146.6,7021,48565,3467.0,2,3467.2,1,3467.4,2,3467.6,3,3467.8,2,3468.4,3,3468.6,3,3468.8,2,3469.0,6,3469.2,1,3468.2
IF2412,,13:48:34.300#,3490.6,3506.2,3466.2,3845.8,3146.6,7021,48565,3467.2,1,3467.4,2,3467.6,3,3467.8,2,3468.0,3,3468.4,3,3468.6,3,3468.8,2,3469.0,6,3469.2,1,3468.2
IF2412,,13:48:36.300#,3490.6,3506.2,3466.2,3845.8,3146.6,7021,48565,3467.2,1,3467.4,2,3467.6,3,3467.8,2,3468.0,3,3468.2,1,3468.4,3,3468.6,3,3468.8,2,3469.0,6,3468.2
IF2412,,13:48:36.800#,3490.6,3506.2,3466.2,3845.8,3146.6,7021,48565,3467.0,2,3467.2,1,3467.4,2,3467.6,3,3467.8,2,3468.2,2,3468.4,3,3468.6,3,3468.8,2,3469.0,6,3468.2
IF2412,,13:48:37.300#,3490.6,3506.2,3466.2,3845.8,3146.6,7021,48565,3467.0,2,3467.2,1,3467.4,2,3467.6,3,3467.8,2,3468.2,2,3468.4,3,3468.6,3,3468.8,2,3469.0,7,3468.2
IF2412,,13:48:39.300#,3490.6,3506.2,3466.2,3845.8,3146.6,7023,48563,3467.2,1,3467.4,2,3467.6,3,3467.8,2,3468.2,1,3468.4,3,3468.6,3,3468.8,2,3469.0,7,3469.2,1,3468.2
IF2412,,13:48:39.800#,3490.6,3506.2,3466.2,3845.8,3146.6,7023,48563,3467.0,2,3467.2,1,3467.4,2,3467.6,3,3467.8,2,3468.4,3,3468.6,3,3468.8,2,3469.0,7,3469.2,1,3468.2
IF2412,,13:48:40.300#,3490.6,3506.2,3466.2,3845.8,3146.6,7023,48563,3467.2,1,3467.4,2,3467.6,3,3467.8,2,3468.0,3,3468.4,3,3468.6,3,3468.8,2,3469.0,7,3469.2,1,3468.2
IF2412,,13:48:46.300#,3490.6,3506.2,3466.2,3845.8,3146.6,7023,48563,3467.2,1,3467.4,2,3467.6,3,3467.8,2,3468.0,3,3468.4,3,3468.6,3,3468.8,2,3469.0,8,3469.2,1,3468.2
IF2412,,13:48:48.300#,3490.6,3506.2,3466.2,3845.8,3146.6,7023,48563,3467.2,1,3467.4,2,3467.6,3,3467.8,2,3468.0,3,3468.4,1,3468.6,3,3468.8,2,3469.0,8,3469.2,1,3468.2
IF2412,,13:48:48.800#,3490.6,3506.2,3466.2,3845.8,3146.6,7023,48563,3467.2,1,3467.4,2,3467.6,3,3467.8,2,3468.0,3,3468.6,2,3468.8,2,3469.0,8,3469.2,1,3469.6,2,3468.2
IF2412,,13:48:49.300#,3490.6,3506.2,3466.2,3845.8,3146.6,7023,48563,3467.2,1,3467.4,2,3467.6,3,3467.8,2,3468.2,5,3468.6,2,3468.8,1,3469.0,8,3469.2,1,3469.6,2,3468.2
IF2412,,13:48:49.800#,3490.6,3506.2,3466.2,3845.8,3146.6,7023,48563,3467.4,2,3467.6,3,3467.8,2,3468.2,1,3468.4,3,3468.6,2,3468.8,1,3469.0,8,3469.2,1,3469.6,2,3468.2
IF2412,,13:48:50.300#,3490.6,3506.2,3466.2,3845.8,3146.6,7023,48563,3467.4,2,3467.6,3,3467.8,2,3468.2,1,3468.4,4,3468.6,3,3468.8,1,3469.0,8,3469.2,1,3469.6,2,3468.2
IF2412,,13:48:50.800#,3490.6,3506.2,3466.2,3845.8,3146.6,7024,48564,3467.2,1,3467.4,2,3467.6,3,3467.8,2,3468.2,1,3468.6,3,3468.8,1,3469.0,8,3469.2,1,3469.6,2,3468.2
IF2412,,13:48:51.300#,3490.6,3506.2,3466.2,3845.8,3146.6,7024,48564,3467.2,1,3467.4,2,3467.6,3,3467.8,1,3468.2,1,3468.6,3,3468.8,1,3469.0,8,3469.2,1,3469.6,2,3468.2
IF2412,,13:48:52.300#,3490.6,3506.2,3466.2,3845.8,3146.6,7024,48564,3467.0,2,3467.2,1,3467.4,2,3467.6,3,3467.8,1,3468.6,3,3468.8,1,3469.0,8,3469.2,1,3469.6,2,3468.2
IF2412,,13:48:52.800#,3490.6,3506.2,3466.2,3845.8,3146.6,7024,48564,3467.2,1,3467.4,2,3467.6,3,3467.8,1,3468.0,4,3468.6,3,3468.8,1,3469.0,8,3469.2,1,3469.6,2,3468.2
IF2412,,13:48:53.800#,3490.6,3506.2,3466.2,3845.8,3146.6,7025,48564,3467.2,1,3467.4,2,3467.6,3,3467.8,1,3468.0,4,3468.6,2,3468.8,1,3469.0,8,3469.2,1,3469.6,2,3468.6
IF2412,,13:48:54.300#,3490.6,3506.2,3466.2,3845.8,3146.6,7025,48564,3467.2,1,3467.4,3,3467.6,3,3467.8,1,3468.0,4,3468.6,2,3468.8,1,3469.0,8,3469.2,1,3469.6,2,3468.6
IF2412,,13:48:57.300#,3490.6,3506.2,3466.2,3845.8,3146.6,7027,48565,3467.4,3,3467.6,3,3467.8,1,3468.0,4,3468.6,5,3468.8,1,3469.0,8,3469.2,1,3469.6,2,3469.8,2,3468.6
IF2412,,13:48:57.800#,3490.6,3506.2,3466.2,3845.8,3146.6,7029,48567,3467.4,3,3467.6,3,3467.8,1,3468.0,4,3468.6,3,3469.0,8,3469.2,1,3469.6,2,3469.8,2,3470.0,3,3468.6
IF2412,,13:48:58.300#,3490.6,3506.2,3466.2,3845.8,3146.6,7029,48567,3467.4,3,3467.6,3,3467.8,1,3468.0,4,3468.6,3,3468.8,2,3469.0,8,3469.2,1,3469.6,2,3469.8,2,3468.6
IF2412,,13:49:01.300#,3490.6,3506.2,3466.2,3845.8,3146.6,7030,48567,3467.4,3,3467.6,3,3467.8,1,3468.0,4,3468.6,3,3468.8,1,3469.0,8,3469.2,1,3469.6,2,3469.8,2,3468.8
IF2412,,13:49:02.300#,3490.6,3506.2,3466.2,3845.8,3146.6,7032,48567,3467.4,3,3467.6,3,3467.8,1,3468.0,4,3468.6,1,3468.8,1,3469.0,8,3469.2,1,3469.6,2,3469.8,2,3468.6
IF2412,,13:49:02.800#,3490.6,3506.2,3466.2,3845.8,3146.6,7032,48567,3467.4,3,3467.6,3,3467.8,1,3468.0,1,3468.6,1,3468.8,1,3469.0,8,3469.2,1,3469.6,2,3469.8,2,3468.6
IF2412,,13:49:04.300#,3490.6,3506.2,3466.2,3845.8,3146.6,7033,48568,3467.2,1,3467.4,3,3467.6,3,3467.8,1,3468.0,2,3468.8,1,3469.0,8,3469.2,1,3469.6,2,3469.8,2,3468.6
IF2412,,13:49:04.800#,3490.6,3506.2,3466.2,3845.8,3146.6,7033,48568,3467.4,3,3467.6,3,3467.8,1,3468.0,2,3468.2,1,3468.8,1,3469.0,8,3469.2,1,3469.6,2,3469.8,2,3468.6
IF2412,,13:49:09.300#,3490.6,3506.2,3466.2,3845.8,3146.6,7034,48568,3467.2,1,3467.4,3,3467.6,3,3467.8,1,3468.0,2,3468.8,1,3469.0,8,3469.2,1,3469.6,2,3469.8,2,3468.2
IF2412,,13:49:15.300#,3490.6,3506.2,3466.2,3845.8,3146.6,7034,48568,3467.2,1,3467.4,3,3467.6,3,3467.8,1,3468.0,2,3468.6,1,3468.8,1,3469.0,8,3469.2,1,3469.6,2,3468.2
IF2412,,13:49:16.800#,3490.6,3506.2,3466.2,3845.8,3146.6,7034,48568,3467.2,1,3467.4,3,3467.6,3,3467.8,1,3468.0,2,3468.6,2,3468.8,1,3469.0,8,3469.2,1,3469.6,2,3468.2
IF2412,,13:49:21.300#,3490.6,3506.2,3466.2,3845.8,3146.6,7034,48568,3467.2,1,3467.4,3,3467.6,3,3467.8,1,3468.0,2,3468.6,3,3468.8,1,3469.0,8,3469.2,1,3469.6,2,3468.2
IF2412,,13:49:22.300#,3490.6,3506.2,3466.2,3845.8,3146.6,7035,48568,3467.2,1,3467.4,3,3467.6,3,3467.8,1,3468.0,2,3468.6,2,3468.8,1,3469.0,8,3469.2,1,3469.6,2,3468.6
IF2412,,13:49:24.300#,3490.6,3506.2,3466.2,3845.8,3146.6,7035,48568,3467.2,1,3467.4,3,3467.6,3,3467.8,1,3468.0,2,3468.6,3,3468.8,1,3469.0,8,3469.2,1,3469.6,2,3468.6
IF2412,,13:49:24.800#,3490.6,3506.2,3466.2,3845.8,3146.6,7035,48568,3467.2,1,3467.4,3,3467.6,3,3467.8,1,3468.0,2,3468.6,2,3468.8,1,3469.0,8,3469.2,1,3469.6,2,3468.6
IF2412,,13:49:25.800#,3490.6,3506.2,3466.2,3845.8,3146.6,7037,48567,3467.0,2,3467.2,1,3467.4,3,3467.6,3,3467.8,1,3468.6,2,3468.8,1,3469.0,8,3469.2,1,3469.6,2,3468.0
IF2412,,13:49:26.300#,3490.6,3506.2,3466.2,3845.8,3146.6,7037,48567,3467.0,2,3467.2,1,3467.4,3,3467.6,3,3467.8,1,3468.4,1,3468.6,2,3468.8,1,3469.0,8,3469.2,1,3468.0
IF2412,,13:49:26.800#,3490.6,3506.2,3466.2,3845.8,3146.6,7037,48567,3467.0,2,3467.2,1,3467.4,3,3467.6,3,3467.8,1,3468.4,1,3468.6,3,3468.8,1,3469.0,8,3469.2,1,3468.0
IF2412,,13:49:27.800#,3490.6,3506.2,3466.2,3845.8,3146.6,7037,48567,3467.0,2,3467.2,1,3467.4,3,3467.6,3,3467.8,1,3468.4,1,3468.6,2,3468.8,1,3469.0,8,3469.2,1,3468.0
IF2412,,13:49:28.300#,3490.6,3506.2,3466.2,3845.8,3146.6,7037,48567,3467.0,2,3467.2,1,3467.4,2,3467.6,3,3467.8,1,3468.4,1,3468.6,2,3468.8,1,3469.0,8,3469.2,1,3468.0
IF2412,,13:49:28.800#,3490.6,3506.2,3466.2,3845.8,3146.6,7037,48567,3467.0,4,3467.2,1,3467.4,2,3467.6,3,3467.8,1,3468.4,1,3468.6,2,3468.8,1,3469.0,8,3469.2,1,3468.0
