InstrumentId,ExchangeId,Datetime,OpenPrice,HighestPrice,LowestPrice,UpperLimitPrice,LowerLimitPrice,Volume,OpenInterest,BidPrice5,BidVolume5,BidPrice4,BidVolume4,BidPrice3,BidVolume3,BidPrice2,BidVolume2,BidPrice1,BidVolume1,AskPrice1,AskVolume1,AskPrice2,AskVolume2,AskPrice3,AskVolume3,AskPrice4,AskVolume4,AskPrice5,AskVolume5,LastPrice
IF2409,,13:38:35.300#,3502.8,3512.6,3473.8,3852.4,3152.0,15814,108751,3473.2,14,3473.4,12,3473.6,1,3473.8,13,3474.0,16,3474.4,1,3474.6,7,3474.8,4,3475.0,12,3475.2,2,3474.2
IF2409,,13:38:37.300#,3502.8,3512.6,3473.8,3852.4,3152.0,15814,108751,3473.2,14,3473.4,12,3473.6,1,3473.8,13,3474.0,17,3474.4,1,3474.6,7,3474.8,4,3475.0,12,3475.2,2,3474.2
IF2409,,13:38:38.300#,3502.8,3512.6,3473.8,3852.4,3152.0,15815,108752,3473.2,14,3473.4,12,3473.6,1,3473.8,13,3474.0,17,3474.6,7,3474.8,4,3475.0,12,3475.2,2,3475.4,2,3474.4
IF2409,,13:38:39.300#,3502.8,3512.6,3473.8,3852.4,3152.0,15816,108752,3473.2,14,3473.4,12,3473.6,1,3473.8,13,3474.0,17,3474.6,6,3474.8,4,3475.0,12,3475.2,2,3475.4,2,3474.6
IF2409,,13:38:39.800#,3502.8,3512.6,3473.8,3852.4,3152.0,15816,108752,3473.2,14,3473.4,12,3473.6,1,3473.8,13,3474.0,17,3474.6,6,3474.8,4,3475.0,10,3475.2,2,3475.4,2,3474.6
IF2409,,13:38:40.300#,3502.8,3512.6,3473.8,3852.4,3152.0,15816,108752,3473.2,14,3473.4,12,3473.6,1,3473.8,13,3474.0,17,3474.6,6,3474.8,4,3475.0,11,3475.2,2,3475.4,2,3474.6
IF2409,,13:38:42.300#,3502.8,3512.6,3473.8,3852.4,3152.0,15816,108752,3473.2,14,3473.4,12,3473.6,1,3473.8,13,3474.0,16,3474.6,6,3474.8,4,3475.0,11,3475.2,2,3475.4,2,3474.6
IF2409,,13:38:43.800#,3502.8,3512.6,3473.8,3852.4,3152.0,15821,108751,3473.2,14,3473.4,12,3473.6,1,3473.8,13,3474.0,16,3474.6,1,3474.8,4,3475.0,11,3475.2,2,3475.4,2,3474.6
IF2409,,13:38:44.300#,3502.8,3512.6,3473.8,3852.4,3152.0,15821,108751,3473.2,14,3473.4,12,3473.6,1,3473.8,13,3474.0,17,3474.6,1,3474.8,4,3475.0,11,3475.2,2,3475.4,2,3474.6
IF2409,,13:38:45.800#,3502.8,3512.6,3473.8,3852.4,3152.0,15821,108751,3473.2,14,3473.4,12,3473.6,1,3473.8,13,3474.0,17,3474.6,2,3474.8,4,3475.0,11,3475.2,2,3475.4,2,3474.6
IF2409,,13:38:46.300#,3502.8,3512.6,3473.8,3852.4,3152.0,15821,108751,3473.2,14,3473.4,12,3473.6,1,3473.8,13,3474.0,18,3474.6,2,3474.8,4,3475.0,11,3475.2,2,3475.4,2,3474.6
IF2409,,13:38:46.800#,3502.8,3512.6,3473.8,3852.4,3152.0,15822,108750,3473.2,14,3473.4,12,3473.6,1,3473.8,13,3474.0,18,3474.6,1,3474.8,4,3475.0,11,3475.2,2,3475.4,2,3474.6
IF2409,,13:38:49.300#,3502.8,3512.6,3473.8,3852.4,3152.0,15822,108750,3473.2,14,3473.4,12,3473.6,1,3473.8,13,3474.0,18,3474.6,2,3474.8,4,3475.0,11,3475.2,2,3475.4,2,3474.6
IF2409,,13:38:49.800#,3502.8,3512.6,3473.8,3852.4,3152.0,15822,108750,3473.2,14,3473.4,12,3473.6,1,3473.8,13,3474.0,17,3474.6,2,3474.8,4,3475.0,11,3475.2,2,3475.4,2,3474.6
IF2409,,13:38:50.300#,3502.8,3512.6,3473.8,3852.4,3152.0,15822,108750,3473.2,14,3473.4,12,3473.6,1,3473.8,13,3474.0,17,3474.6,2,3474.8,4,3475.0,11,3475.2,1,3475.4,2,3474.6
IF2409,,13:38:51.800#,3502.8,3512.6,3473.8,3852.4,3152.0,15822,108750,3473.4,12,3473.6,1,3473.8,13,3474.0,17,3474.2,1,3474.6,2,3474.8,4,3475.0,11,3475.2,1,3475.4,2,3474.6
IF2409,,13:38:52.300#,3502.8,3512.6,3473.8,3852.4,3152.0,15822,108750,3473.4,12,3473.6,1,3473.8,13,3474.0,16,3474.2,2,3474.6,2,3474.8,4,3475.0,11,3475.2,1,3475.4,2,3474.6
IF2409,,13:38:52.800#,3502.8,3512.6,3473.8,3852.4,3152.0,15822,108750,3473.4,12,3473.6,1,3473.8,13,3474.0,16,3474.2,2,3474.4,2,3474.6,4,3474.8,4,3475.0,11,3475.2,1,3474.6
IF2409,,13:38:53.300#,3502.8,3512.6,3473.8,3852.4,3152.0,15822,108750,3473.4,12,3473.6,1,3473.8,13,3474.0,16,3474.2,2,3474.4,2,3474.6,3,3474.8,4,3475.0,11,3475.2,1,3474.6
IF2409,,13:38:53.800#,3502.8,3512.6,3473.8,3852.4,3152.0,15822,108750,3473.4,12,3473.6,1,3473.8,13,3474.0,16,3474.2,2,3474.4,2,3474.6,2,3474.8,4,3475.0,11,3475.2,1,3474.6
IF2409,,13:38:54.300#,3502.8,3512.6,3473.8,3852.4,3152.0,15822,108750,3473.4,12,3473.6,1,3473.8,13,3474.0,16,3474.2,2,3474.4,2,3474.6,1,3474.8,4,3475.0,11,3475.2,1,3474.6
IF2409,,13:38:54.800#,3502.8,3512.6,3473.8,3852.4,3152.0,15823,108750,3473.2,14,3473.4,13,3473.6,1,3473.8,13,3474.0,16,3474.4,2,3474.6,1,3474.8,4,3475.0,11,3475.2,1,3474.2
IF2409,,13:38:55.300#,3502.8,3512.6,3473.8,3852.4,3152.0,15826,108752,3473.2,14,3473.4,13,3473.6,1,3473.8,13,3474.0,14,3474.2,1,3474.6,1,3474.8,4,3475.0,11,3475.2,1,3474.2
IF2409,,13:38:56.800#,3502.8,3512.6,3473.8,3852.4,3152.0,15826,108752,3473.2,14,3473.4,13,3473.6,1,3473.8,13,3474.0,15,3474.2,1,3474.6,1,3474.8,4,3475.0,11,3475.2,1,3474.2
IF2409,,13:39:00.800#,3502.8,3512.6,3473.8,3852.4,3152.0,15827,108752,3473.2,14,3473.4,13,3473.6,1,3473.8,13,3474.0,15,3474.6,1,3474.8,4,3475.0,11,3475.2,1,3475.4,2,3474.2
IF2409,,13:39:01.300#,3502.8,3512.6,3473.8,3852.4,3152.0,15827,108752,3473.2,14,3473.4,13,3473.6,1,3473.8,13,3474.0,15,3474.6,3,3474.8,4,3475.0,11,3475.2,1,3475.4,2,3474.2
IF2409,,13:39:02.300#,3502.8,3512.6,3473.8,3852.4,3152.0,15832,108752,3473.2,14,3473.4,13,3473.6,1,3473.8,13,3474.0,10,3474.4,1,3474.6,3,3474.8,5,3475.0,11,3475.2,1,3474.0
IF2409,,13:39:03.300#,3502.8,3512.6,3473.8,3852.4,3152.0,15832,108752,3473.4,13,3473.6,1,3473.8,13,3474.0,10,3474.2,1,3474.4,1,3474.6,3,3474.8,5,3475.0,11,3475.2,1,3474.0
IF2409,,13:39:04.300#,3502.8,3512.6,3473.8,3852.4,3152.0,15832,108752,3473.4,13,3473.6,1,3473.8,13,3474.0,9,3474.2,3,3474.6,3,3474.8,5,3475.0,11,3475.2,1,3475.4,2,3474.0
IF2409,,13:39:05.300#,3502.8,3512.6,3473.8,3852.4,3152.0,15832,108752,3473.4,13,3473.6,1,3473.8,13,3474.0,9,3474.2,3,3474.6,4,3474.8,5,3475.0,11,3475.2,1,3475.4,2,3474.0
IF2409,,13:39:05.800#,3502.8,3512.6,3473.8,3852.4,3152.0,15832,108752,3473.4,13,3473.6,1,3473.8,13,3474.0,9,3474.2,3,3474.6,5,3474.8,5,3475.0,11,3475.2,1,3475.4,2,3474.0
IF2409,,13:39:10.300#,3502.8,3512.6,3473.8,3852.4,3152.0,15834,108752,3473.4,13,3473.6,1,3473.8,13,3474.0,9,3474.2,3,3474.6,3,3474.8,5,3475.0,11,3475.2,1,3475.4,2,3474.6
IF2409,,13:39:11.300#,3502.8,3512.6,3473.8,3852.4,3152.0,15834,108752,3473.4,13,3473.6,1,3473.8,13,3474.0,9,3474.2,3,3474.4,2,3474.6,3,3474.8,5,3475.0,11,3475.2,1,3474.6
IF2409,,13:39:14.300#,3502.8,3512.6,3473.8,3852.4,3152.0,15834,108752,3473.4,13,3473.6,1,3473.8,13,3474.0,9,3474.2,4,3474.4,2,3474.6,3,3474.8,5,3475.0,11,3475.2,1,3474.6
IF2409,,13:39:14.800#,3502.8,3512.6,3473.8,3852.4,3152.0,15835,108753,3473.4,13,3473.6,1,3473.8,13,3474.0,9,3474.2,3,3474.4,2,3474.6,2,3474.8,5,3475.0,11,3475.2,1,3474.2
IF2409,,13:39:15.300#,3502.8,3512.6,3473.8,3852.4,3152.0,15837,108754,3473.4,13,3473.6,1,3473.8,13,3474.0,9,3474.2,2,3474.6,2,3474.8,5,3475.0,11,3475.2,1,3475.4,2,3474.4
IF2409,,13:39:16.300#,3502.8,3512.6,3473.8,3852.4,3152.0,15838,108754,3473.4,13,3473.6,1,3473.8,13,3474.0,9,3474.2,1,3474.6,2,3474.8,5,3475.0,11,3475.2,1,3475.4,2,3474.2
IF2409,,13:39:17.800#,3502.8,3512.6,3473.8,3852.4,3152.0,15838,108754,3473.4,13,3473.6,1,3473.8,13,3474.0,9,3474.2,3,3474.6,2,3474.8,5,3475.0,11,3475.2,1,3475.4,2,3474.2
IF2409,,13:39:18.300#,3502.8,3512.6,3473.8,3852.4,3152.0,15839,108753,3473.4,13,3473.6,1,3473.8,13,3474.0,9,3474.2,2,3474.6,2,3474.8,5,3475.0,11,3475.2,1,3475.4,2,3474.2
IF2409,,13:39:19.800#,3502.8,3512.6,3473.8,3852.4,3152.0,15839,108753,3473.4,13,3473.6,1,3473.8,13,3474.0,9,3474.2,1,3474.6,2,3474.8,5,3475.0,11,3475.2,1,3475.4,2,3474.2
IF2409,,13:39:20.300#,3502.8,3512.6,3473.8,3852.4,3152.0,15839,108753,3473.4,13,3473.6,1,3473.8,13,3474.0,9,3474.2,1,3474.6,3,3474.8,5,3475.0,11,3475.2,1,3475.4,2,3474.2
IF2409,,13:39:20.800#,3502.8,3512.6,3473.8,3852.4,3152.0,15839,108753,3473.4,13,3473.6,1,3473.8,13,3474.0,9,3474.2,1,3474.6,2,3474.8,5,3475.0,11,3475.2,1,3475.4,2,3474.2
IF2409,,13:39:21.300#,3502.8,3512.6,3473.8,3852.4,3152.0,15839,108753,3473.4,13,3473.6,1,3473.8,13,3474.0,9,3474.2,1,3474.6,3,3474.8,5,3475.0,11,3475.2,1,3475.4,2,3474.2
IF2409,,13:39:24.300#,3502.8,3512.6,3473.8,3852.4,3152.0,15839,108753,3473.4,13,3473.6,1,3473.8,13,3474.0,10,3474.2,1,3474.6,3,3474.8,5,3475.0,11,3475.2,1,3475.4,2,3474.2
IF2409,,13:39:25.300#,3502.8,3512.6,3473.8,3852.4,3152.0,15839,108753,3473.4,13,3473.6,1,3473.8,13,3474.0,11,3474.2,1,3474.6,3,3474.8,5,3475.0,11,3475.2,1,3475.4,2,3474.2
IF2409,,13:39:26.300#,3502.8,3512.6,3473.8,3852.4,3152.0,15839,108753,3473.4,13,3473.6,1,3473.8,13,3474.0,12,3474.2,1,3474.6,2,3474.8,5,3475.0,11,3475.2,1,3475.4,2,3474.2
IF2409,,13:39:26.800#,3502.8,3512.6,3473.8,3852.4,3152.0,15841,108751,3473.2,14,3473.4,13,3473.6,1,3473.8,13,3474.0,12,3474.6,2,3474.8,5,3475.0,11,3475.2,1,3475.4,2,3474.2
IF2409,,13:39:27.300#,3502.8,3512.6,3473.8,3852.4,3152.0,15841,108751,3473.2,14,3473.4,13,3473.6,1,3473.8,14,3474.0,12,3474.6,2,3474.8,5,3475.0,11,3475.2,1,3475.4,2,3474.2
IF2409,,13:39:27.800#,3502.8,3512.6,3473.8,3852.4,3152.0,15841,108751,3473.2,14,3473.4,13,3473.6,1,3473.8,14,3474.0,12,3474.6,1,3474.8,5,3475.0,11,3475.2,1,3475.4,2,3474.2
IF2409,,13:39:29.300#,3502.8,3512.6,3473.8,3852.4,3152.0,15842,108752,3473.4,13,3473.6,1,3473.8,14,3474.0,12,3474.6,1,3474.8,5,3475.0,11,3475.2,1,3475.4,2,3476.2,4,3474.6
IF2409,,13:39:29.800#,3502.8,3512.6,3473.8,3852.4,3152.0,15843,108753,3473.2,14,3473.4,13,3473.6,1,3473.8,14,3474.0,12,3474.6,5,3474.8,6,3475.0,11,3475.2,1,3475.4,2,3474.6
IF2409,,13:39:30.300#,3502.8,3512.6,3473.8,3852.4,3152.0,15846,108753,3473.2,14,3473.4,13,3473.6,1,3473.8,14,3474.0,11,3474.2,1,3474.8,5,3475.0,11,3475.2,1,3475.4,2,3474.2
IF2409,,13:39:30.800#,3502.8,3512.6,3473.8,3852.4,3152.0,15847,108752,3473.2,14,3473.4,13,3473.6,1,3473.8,14,3474.0,11,3474.8,5,3475.0,11,3475.2,1,3475.4,2,3476.2,4,3474.2
IF2409,,13:39:31.300#,3502.8,3512.6,3473.8,3852.4,3152.0,15847,108752,3473.4,13,3473.6,1,3473.8,16,3474.0,11,3474.4,1,3474.6,1,3474.8,5,3475.0,11,3475.2,1,3475.4,2,3474.2
IF2409,,13:39:31.800#,3502.8,3512.6,3473.8,3852.4,3152.0,15847,108752,3473.4,13,3473.6,1,3473.8,16,3474.0,11,3474.4,1,3474.6,2,3474.8,5,3475.0,11,3475.2,1,3475.4,2,3474.2
IF2409,,13:39:32.300#,3502.8,3512.6,3473.8,3852.4,3152.0,15848,108752,3473.2,14,3473.4,13,3473.6,1,3473.8,16,3474.0,11,3474.6,2,3474.8,5,3475.0,11,3475.2,1,3475.4,2,3474.4
IF2409,,13:39:33.800#,3502.8,3512.6,3473.8,3852.4,3152.0,15849,108752,3473.2,14,3473.4,13,3473.6,1,3473.8,16,3474.0,11,3474.6,2,3474.8,5,3475.0,11,3475.2,1,3475.4,2,3474.2
IF2409,,13:39:34.800#,3502.8,3512.6,3473.8,3852.4,3152.0,15849,108752,3473.2,14,3473.4,13,3473.6,1,3473.8,16,3474.0,12,3474.6,2,3474.8,5,3475.0,11,3475.2,1,3475.4,2,3474.2
IF2409,,13:39:35.300#,3502.8,3512.6,3473.8,3852.4,3152.0,15849,108752,3473.2,14,3473.4,13,3473.6,1,3473.8,14,3474.0,13,3474.6,2,3474.8,5,3475.0,11,3475.2,1,3475.4,2,3474.2
IF2409,,13:39:35.800#,3502.8,3512.6,3473.8,3852.4,3152.0,15849,108752,3473.2,14,3473.4,13,3473.6,1,3473.8,16,3474.0,13,3474.2,1,3474.6,2,3474.8,5,3475.0,11,3475.2,1,3474.2
IF2409,,13:39:36.300#,3502.8,3512.6,3473.8,3852.4,3152.0,15850,108751,3473.4,13,3473.6,1,3473.8,16,3474.0,11,3474.2,2,3474.6,2,3474.8,5,3475.0,10,3475.2,1,3475.4,2,3474.2
IF2409,,13:39:36.800#,3502.8,3512.6,3473.8,3852.4,3152.0,15850,108751,3473.4,13,3473.6,1,3473.8,16,3474.0,11,3474.2,2,3474.6,2,3474.8,4,3475.0,10,3475.2,1,3475.4,2,3474.2
IF2409,,13:39:37.300#,3502.8,3512.6,3473.8,3852.4,3152.0,15852,108749,3473.2,14,3473.4,13,3473.6,1,3473.8,16,3474.0,11,3474.6,3,3474.8,4,3475.0,10,3475.2,1,3475.4,2,3474.2
IF2409,,13:39:37.800#,3502.8,3512.6,3473.8,3852.4,3152.0,15852,108749,3473.2,14,3473.4,13,3473.6,1,3473.8,16,3474.0,12,3474.6,3,3474.8,4,3475.0,10,3475.2,1,3475.4,2,3474.2
IF2409,,13:39:38.300#,3502.8,3512.6,3473.8,3852.4,3152.0,15854,108747,3473.2,14,3473.4,13,3473.6,1,3473.8,16,3474.0,11,3474.6,1,3474.8,4,3475.0,10,3475.2,1,3475.4,2,3474.6
IF2409,,13:39:38.800#,3502.8,3512.6,3473.8,3852.4,3152.0,15854,108747,3473.4,13,3473.6,1,3473.8,16,3474.0,11,3474.2,1,3474.6,1,3474.8,4,3475.0,10,3475.2,1,3475.4,2,3474.6
IF2409,,13:39:40.300#,3502.8,3512.6,3473.8,3852.4,3152.0,15854,108747,3473.6,1,3473.8,16,3474.0,11,3474.2,1,3474.4,1,3474.6,1,3474.8,4,3475.0,10,3475.2,1,3475.4,2,3474.6
IF2409,,13:39:42.300#,3502.8,3512.6,3473.8,3852.4,3152.0,15854,108747,3473.6,2,3473.8,16,3474.0,11,3474.2,1,3474.4,1,3474.6,2,3474.8,4,3475.0,10,3475.2,1,3475.4,2,3474.6
IF2409,,13:39:42.800#,3502.8,3512.6,3473.8,3852.4,3152.0,15854,108747,3473.6,3,3473.8,16,3474.0,12,3474.2,1,3474.4,1,3474.6,2,3474.8,4,3475.0,10,3475.2,1,3475.4,2,3474.6
IF2409,,13:39:43.800#,3502.8,3512.6,3473.8,3852.4,3152.0,15854,108747,3473.6,3,3473.8,16,3474.0,12,3474.2,1,3474.4,1,3474.6,1,3474.8,4,3475.0,10,3475.2,1,3475.4,2,3474.6
IF2409,,13:39:44.300#,3502.8,3512.6,3473.8,3852.4,3152.0,15855,108748,3473.6,3,3473.8,16,3474.0,12,3474.2,1,3474.4,1,3474.6,1,3474.8,4,3475.0,11,3475.2,1,3475.4,2,3474.4
IF2409,,13:39:45.800#,3502.8,3512.6,3473.8,3852.4,3152.0,15856,108747,3473.6,3,3473.8,16,3474.0,12,3474.2,1,3474.4,1,3474.8,4,3475.0,11,3475.2,1,3475.4,2,3476.2,5,3474.6
IF2409,,13:39:46.300#,3502.8,3512.6,3473.8,3852.4,3152.0,15857,108747,3473.4,13,3473.6,3,3473.8,16,3474.0,12,3474.2,1,3474.6,1,3474.8,4,3475.0,11,3475.2,1,3475.4,2,3474.4
IF2409,,13:39:46.800#,3502.8,3512.6,3473.8,3852.4,3152.0,15857,108747,3473.4,13,3473.6,3,3473.8,16,3474.0,12,3474.2,1,3474.8,4,3475.0,11,3475.2,1,3475.4,2,3476.2,5,3474.4
IF2409,,13:39:47.300#,3502.8,3512.6,3473.8,3852.4,3152.0,15858,108746,3473.2,14,3473.4,13,3473.6,3,3473.8,16,3474.0,12,3474.8,4,3475.0,11,3475.2,1,3475.4,2,3476.2,5,3474.2
IF2409,,13:39:48.300#,3502.8,3512.6,3473.8,3852.4,3152.0,15858,108746,3473.4,13,3473.6,3,3473.8,18,3474.0,12,3474.2,1,3474.8,4,3475.0,11,3475.2,1,3475.4,2,3476.2,5,3474.2
IF2409,,13:39:48.800#,3502.8,3512.6,3473.8,3852.4,3152.0,15858,108746,3473.4,13,3473.6,3,3473.8,16,3474.0,12,3474.2,1,3474.8,4,3475.0,11,3475.2,1,3475.4,2,3476.2,5,3474.2
IF2409,,13:39:50.300#,3502.8,3512.6,3473.8,3852.4,3152.0,15859,108746,3473.4,13,3473.6,3,3473.8,15,3474.0,12,3474.2,1,3474.8,3,3475.0,11,3475.2,1,3475.4,2,3476.2,5,3474.8
IF2409,,13:39:50.800#,3502.8,3512.6,3473.8,3852.4,3152.0,15859,108746,3473.2,14,3473.4,13,3473.6,3,3473.8,15,3474.0,12,3474.8,4,3475.0,11,3475.2,1,3475.4,2,3476.2,5,3474.8
IF2409,,13:39:51.300#,3502.8,3512.6,3473.8,3852.4,3152.0,15859,108746,3473.4,13,3473.6,3,3473.8,15,3474.0,12,3474.2,1,3474.6,3,3474.8,5,3475.0,11,3475.2,1,3475.4,2,3474.8
IF2409,,13:39:51.800#,3502.8,3512.6,3473.8,3852.4,3152.0,15859,108746,3473.2,14,3473.4,13,3473.6,3,3473.8,15,3474.0,11,3474.6,2,3474.8,5,3475.0,11,3475.2,1,3475.4,2,3474.8
IF2409,,13:39:52.300#,3502.8,3512.6,3473.8,3852.4,3152.0,15859,108746,3473.2,14,3473.4,13,3473.6,3,3473.8,15,3474.0,11,3474.4,1,3474.6,3,3474.8,5,3475.0,11,3475.2,1,3474.8
IF2409,,13:39:53.300#,3502.8,3512.6,3473.8,3852.4,3152.0,15859,108746,3473.2,14,3473.4,13,3473.6,3,3473.8,16,3474.0,11,3474.2,1,3474.4,1,3474.6,3,3474.8,5,3475.0,11,3474.8
IF2409,,13:39:53.800#,3502.8,3512.6,3473.8,3852.4,3152.0,15859,108746,3473.2,14,3473.4,13,3473.6,3,3473.8,16,3474.0,11,3474.2,1,3474.6,3,3474.8,5,3475.0,11,3475.2,1,3474.8
IF2409,,13:39:54.800#,3502.8,3512.6,3473.8,3852.4,3152.0,15859,108746,3473.2,14,3473.4,13,3473.6,3,3473.8,16,3474.0,11,3474.2,2,3474.6,3,3474.8,5,3475.0,11,3475.2,1,3474.8
IF2409,,13:39:56.300#,3502.8,3512.6,3473.8,3852.4,3152.0,15859,108746,3473.2,14,3473.4,13,3473.6,3,3473.8,16,3474.0,16,3474.2,2,3474.6,3,3474.8,5,3475.0,11,3475.2,1,3474.8
IF2409,,13:39:56.800#,3502.8,3512.6,3473.8,3852.4,3152.0,15860,108746,3473.2,14,3473.4,13,3473.6,3,3473.8,16,3474.0,16,3474.2,1,3474.6,3,3474.8,5,3475.0,11,3475.2,1,3474.2
IF2409,,13:39:59.300#,3502.8,3512.6,3473.8,3852.4,3152.0,15861,108745,3473.2,14,3473.4,13,3473.6,3,3473.8,16,3474.0,16,3474.6,3,3474.8,5,3475.0,11,3475.2,1,3475.4,2,3474.2
IF2409,,13:39:59.800#,3502.8,3512.6,3473.8,3852.4,3152.0,15861,108745,3473.2,14,3473.4,13,3473.6,3,3473.8,16,3474.0,16,3474.6,1,3474.8,6,3475.0,11,3475.2,1,3475.4,2,3474.2
IF2409,,13:40:00.300#,3502.8,3512.6,3473.8,3852.4,3152.0,15861,108745,3473.4,13,3473.6,3,3473.8,16,3474.0,16,3474.2,1,3474.6,1,3474.8,6,3475.0,11,3475.2,1,3475.4,2,3474.2
IF2409,,13:40:00.800#,3502.8,3512.6,3473.8,3852.4,3152.0,15861,108745,3473.4,13,3473.6,3,3473.8,16,3474.0,11,3474.2,6,3474.6,4,3474.8,5,3475.0,11,3475.2,1,3475.4,2,3474.2
IF2409,,13:40:01.300#,3502.8,3512.6,3473.8,3852.4,3152.0,15864,108746,3473.4,13,3473.6,3,3473.8,16,3474.0,11,3474.2,3,3474.6,3,3474.8,5,3475.0,11,3475.2,1,3475.4,2,3474.2
IF2409,,13:40:04.300#,3502.8,3512.6,3473.8,3852.4,3152.0,15865,108745,3473.4,13,3473.6,3,3473.8,15,3474.0,11,3474.2,3,3474.6,2,3474.8,5,3475.0,11,3475.2,1,3475.4,2,3474.6
IF2409,,13:40:05.300#,3502.8,3512.6,3473.8,3852.4,3152.0,15865,108745,3473.4,13,3473.6,3,3473.8,15,3474.0,11,3474.2,3,3474.4,1,3474.6,2,3474.8,5,3475.0,11,3475.2,1,3474.6
IF2409,,13:40:05.800#,3502.8,3512.6,3473.8,3852.4,3152.0,15865,108745,3473.4,13,3473.6,3,3473.8,15,3474.0,11,3474.2,3,3474.6,2,3474.8,5,3475.0,11,3475.2,1,3475.4,2,3474.6
IF2409,,13:40:06.300#,3502.8,3512.6,3473.8,3852.4,3152.0,15865,108745,3473.4,13,3473.6,3,3473.8,15,3474.0,11,3474.2,3,3474.6,3,3474.8,5,3475.0,11,3475.2,1,3475.4,2,3474.6
IF2409,,13:40:07.800#,3502.8,3512.6,3473.8,3852.4,3152.0,15865,108745,3473.4,13,3473.6,3,3473.8,15,3474.0,12,3474.2,3,3474.6,3,3474.8,5,3475.0,11,3475.2,1,3475.4,2,3474.6
IF2409,,13:40:08.300#,3502.8,3512.6,3473.8,3852.4,3152.0,15866,108744,3473.4,13,3473.6,3,3473.8,15,3474.0,12,3474.2,2,3474.6,3,3474.8,5,3475.0,11,3475.2,1,3475.4,2,3474.2
IF2409,,13:40:08.800#,3502.8,3512.6,3473.8,3852.4,3152.0,15867,108743,3473.4,13,3473.6,3,3473.8,15,3474.0,12,3474.2,1,3474.6,4,3474.8,5,3475.0,11,3475.2,1,3475.4,2,3474.2
IF2409,,13:40:10.300#,3502.8,3512.6,3473.8,3852.4,3152.0,15867,108743,3473.4,13,3473.6,3,3473.8,15,3474.0,12,3474.2,1,3474.6,4,3474.8,6,3475.0,11,3475.2,1,3475.4,2,3474.2
IF2409,,13:40:12.800#,3502.8,3512.6,3473.8,3852.4,3152.0,15867,108743,3473.4,13,3473.6,3,3473.8,15,3474.0,12,3474.2,1,3474.6,5,3474.8,6,3475.0,11,3475.2,1,3475.4,2,3474.2
IF2409,,13:40:13.300#,3502.8,3512.6,3473.8,3852.4,3152.0,15868,108743,3473.4,13,3473.6,3,3473.8,15,3474.0,12,3474.2,1,3474.6,3,3474.8,6,3475.0,11,3475.2,1,3475.4,2,3474.6
IF2409,,13:40:14.300#,3502.8,3512.6,3473.8,3852.4,3152.0,15869,108743,3473.4,13,3473.6,3,3473.8,15,3474.0,12,3474.2,2,3474.6,2,3474.8,6,3475.0,11,3475.2,1,3475.4,2,3474.6
IF2409,,13:40:14.800#,3502.8,3512.6,3473.8,3852.4,3152.0,15869,108743,3473.4,13,3473.6,3,3473.8,15,3474.0,12,3474.2,2,3474.6,3,3474.8,6,3475.0,11,3475.2,1,3475.4,2,3474.6
IF2409,,13:40:15.300#,3502.8,3512.6,3473.8,3852.4,3152.0,15872,108742,3473.2,14,3473.4,13,3473.6,3,3473.8,15,3474.0,11,3474.2,1,3474.4,3,3474.6,5,3474.8,6,3475.0,11,3474.0
IF2409,,13:40:15.800#,3502.8,3512.6,3473.8,3852.4,3152.0,15875,108743,3473.2,14,3473.4,13,3473.6,3,3473.8,15,3474.0,9,3474.2,1,3474.4,1,3474.6,4,3474.8,6,3475.0,11,3474.2
IF2409,,13:40:16.300#,3502.8,3512.6,3473.8,3852.4,3152.0,15877,108741,3473.2,14,3473.4,13,3473.6,3,3473.8,13,3474.0,7,3474.2,2,3474.4,1,3474.6,4,3474.8,6,3475.0,11,3474.0
IF2409,,13:40:16.800#,3502.8,3512.6,3473.8,3852.4,3152.0,15878,108740,3473.2,14,3473.4,13,3473.6,3,3473.8,13,3474.0,6,3474.2,1,3474.4,2,3474.6,4,3474.8,6,3475.0,11,3474.0
IF2409,,13:40:17.300#,3502.8,3512.6,3473.8,3852.4,3152.0,15879,108740,3473.2,14,3473.4,13,3473.6,3,3473.8,13,3474.0,5,3474.4,3,3474.6,4,3474.8,6,3475.0,11,3475.2,1,3474.0
IF2409,,13:40:17.800#,3502.8,3512.6,3473.8,3852.4,3152.0,15884,108740,3473.0,16,3473.2,14,3473.4,13,3473.6,3,3473.8,13,3474.2,3,3474.4,4,3474.6,4,3474.8,6,3475.0,11,3474.0
IF2409,,13:40:18.300#,3502.8,3512.6,3473.8,3852.4,3152.0,15884,108740,3473.0,16,3473.2,14,3473.4,13,3473.6,3,3473.8,13,3474.2,1,3474.4,3,3474.6,4,3474.8,6,3475.0,11,3474.0
IF2409,,13:40:18.800#,3502.8,3512.6,3473.8,3852.4,3152.0,15885,108739,3473.0,16,3473.2,14,3473.4,13,3473.6,3,3473.8,12,3474.0,2,3474.2,1,3474.4,2,3474.6,4,3474.8,6,3473.8
IF2409,,13:40:19.300#,3502.8,3512.6,3473.8,3852.4,3152.0,15888,108738,3473.0,16,3473.2,14,3473.4,13,3473.6,3,3473.8,12,3474.4,2,3474.6,4,3474.8,6,3475.0,11,3475.2,1,3474.2
IF2409,,13:40:19.800#,3502.8,3512.6,3473.8,3852.4,3152.0,15888,108738,3473.2,14,3473.4,13,3473.6,3,3473.8,12,3474.0,4,3474.4,1,3474.6,4,3474.8,6,3475.0,11,3475.2,1,3474.2
IF2409,,13:40:20.800#,3502.8,3512.6,3473.8,3852.4,3152.0,15888,108738,3473.2,14,3473.4,13,3473.6,3,3473.8,12,3474.0,4,3474.4,1,3474.6,3,3474.8,6,3475.0,11,3475.2,1,3474.2
IF2409,,13:40:21.300#,3502.8,3512.6,3473.8,3852.4,3152.0,15888,108738,3473.2,14,3473.4,13,3473.6,3,3473.8,12,3474.0,3,3474.4,1,3474.6,3,3474.8,6,3475.0,11,3475.2,1,3474.2
IF2409,,13:40:21.800#,3502.8,3512.6,3473.8,3852.4,3152.0,15888,108738,3473.2,14,3473.4,13,3473.6,3,3473.8,12,3474.0,3,3474.4,4,3474.6,3,3474.8,6,3475.0,11,3475.2,1,3474.2
IF2409,,13:40:22.300#,3502.8,3512.6,3473.8,3852.4,3152.0,15888,108738,3473.2,14,3473.4,13,3473.6,2,3473.8,12,3474.0,2,3474.4,4,3474.6,3,3474.8,6,3475.0,11,3475.2,1,3474.2
IF2409,,13:40:22.800#,3502.8,3512.6,3473.8,3852.4,3152.0,15888,108738,3473.2,14,3473.4,13,3473.6,2,3473.8,12,3474.0,2,3474.4,5,3474.6,3,3474.8,6,3475.0,11,3475.2,1,3474.2
IF2409,,13:40:23.300#,3502.8,3512.6,3473.8,3852.4,3152.0,15888,108738,3473.2,14,3473.4,13,3473.6,2,3473.8,12,3474.0,2,3474.4,6,3474.6,3,3474.8,5,3475.0,11,3475.2,1,3474.2
IF2409,,13:40:23.800#,3502.8,3512.6,3473.8,3852.4,3152.0,15889,108739,3473.2,14,3473.4,13,3473.6,3,3473.8,12,3474.0,1,3474.4,6,3474.6,3,3474.8,5,3475.0,11,3475.2,1,3474.0
IF2409,,13:40:24.300#,3502.8,3512.6,3473.8,3852.4,3152.0,15890,108739,3473.0,16,3473.2,14,3473.4,13,3473.6,3,3473.8,12,3474.2,5,3474.4,6,3474.6,3,3474.8,5,3475.0,11,3474.0
IF2409,,13:40:24.800#,3502.8,3512.6,3473.8,3852.4,3152.0,15890,108739,3473.0,16,3473.2,14,3473.4,13,3473.6,3,3473.8,12,3474.0,1,3474.2,3,3474.4,5,3474.6,3,3474.8,5,3474.0
IF2409,,13:40:25.300#,3502.8,3512.6,3473.8,3852.4,3152.0,15890,108739,3473.0,16,3473.2,14,3473.4,13,3473.6,2,3473.8,13,3474.0,1,3474.2,3,3474.4,5,3474.6,3,3474.8,5,3474.0
IF2409,,13:40:26.300#,3502.8,3512.6,3473.8,3852.4,3152.0,15892,108739,3473.0,16,3473.2,14,3473.4,13,3473.6,2,3473.8,12,3474.2,3,3474.4,5,3474.6,3,3474.8,5,3475.0,11,3473.8
IF2409,,13:40:28.300#,3502.8,3512.6,3473.8,3852.4,3152.0,15894,108739,3473.0,16,3473.2,14,3473.4,13,3473.6,2,3473.8,10,3474.2,3,3474.4,5,3474.6,3,3474.8,5,3475.0,11,3473.8
IF2409,,13:40:28.800#,3502.8,3512.6,3473.8,3852.4,3152.0,15894,108739,3473.0,16,3473.2,14,3473.4,13,3473.6,2,3473.8,10,3474.2,2,3474.4,5,3474.6,3,3474.8,5,3475.0,11,3473.8
IF2409,,13:40:29.300#,3502.8,3512.6,3473.8,3852.4,3152.0,15894,108739,3473.0,16,3473.2,14,3473.4,13,3473.6,2,3473.8,10,3474.4,5,3474.6,3,3474.8,5,3475.0,11,3475.2,1,3473.8
IF2409,,13:40:30.300#,3502.8,3512.6,3473.8,3852.4,3152.0,15896,108741,3473.0,16,3473.2,14,3473.4,13,3473.6,2,3473.8,8,3474.4,5,3474.6,3,3474.8,5,3475.0,11,3475.2,1,3473.8
IF2409,,13:40:30.800#,3502.8,3512.6,3473.8,3852.4,3152.0,15896,108741,3473.0,16,3473.2,14,3473.4,13,3473.6,2,3473.8,8,3474.4,7,3474.6,3,3474.8,5,3475.0,11,3475.2,1,3473.8
IF2409,,13:40:31.300#,3502.8,3512.6,3473.8,3852.4,3152.0,15896,108741,3473.0,16,3473.2,14,3473.4,13,3473.6,2,3473.8,8,3474.2,3,3474.4,7,3474.6,3,3474.8,5,3475.0,11,3473.8
IF2409,,13:40:32.800#,3502.8,3512.6,3473.8,3852.4,3152.0,15896,108741,3473.0,16,3473.2,14,3473.4,13,3473.6,2,3473.8,8,3474.2,3,3474.4,5,3474.6,3,3474.8,5,3475.0,11,3473.8
IF2409,,13:40:33.300#,3502.8,3512.6,3473.8,3852.4,3152.0,15896,108741,3473.0,16,3473.2,14,3473.4,13,3473.6,3,3473.8,8,3474.2,4,3474.4,5,3474.6,4,3474.8,4,3475.0,11,3473.8
IF2409,,13:40:34.300#,3502.8,3512.6,3473.8,3852.4,3152.0,15896,108741,3473.0,16,3473.2,14,3473.4,13,3473.6,3,3473.8,8,3474.0,1,3474.2,4,3474.4,5,3474.6,4,3474.8,4,3473.8
IF2409,,13:40:36.800#,3502.8,3512.6,3473.8,3852.4,3152.0,15897,108741,3473.0,16,3473.2,14,3473.4,13,3473.6,3,3473.8,7,3474.0,1,3474.2,4,3474.4,5,3474.6,4,3474.8,4,3473.8
IF2409,,13:40:37.800#,3502.8,3512.6,3473.8,3852.4,3152.0,15898,108741,3473.0,16,3473.2,14,3473.4,13,3473.6,3,3473.8,6,3474.0,1,3474.2,4,3474.4,5,3474.6,4,3474.8,4,3473.8
IF2409,,13:40:38.300#,3502.8,3512.6,3473.8,3852.4,3152.0,15899,108741,3473.0,16,3473.2,14,3473.4,13,3473.6,3,3473.8,5,3474.0,4,3474.2,4,3474.4,5,3474.6,4,3474.8,4,3473.8
IF2409,,13:40:38.800#,3502.8,3512.6,3473.8,3852.4,3152.0,15901,108741,3473.0,16,3473.2,14,3473.4,13,3473.6,3,3473.8,3,3474.0,5,3474.2,4,3474.4,5,3474.6,4,3474.8,4,3473.8
IF2409,,13:40:39.300#,3502.8,3512.6,3473.8,3852.4,3152.0,15904,108740,3472.8,12,3473.0,16,3473.2,14,3473.4,13,3473.6,3,3474.0,5,3474.2,5,3474.4,5,3474.6,3,3474.8,4,3473.8
IF2409,,13:40:39.800#,3502.8,3512.6,3473.6,3852.4,3152.0,15907,108738,3472.6,13,3472.8,12,3473.0,16,3473.2,14,3473.4,13,3474.0,5,3474.2,5,3474.4,5,3474.6,2,3474.8,4,3473.6
IF2409,,13:40:40.300#,3502.8,3512.6,3473.4,3852.4,3152.0,15912,108737,3472.6,13,3472.8,12,3473.0,16,3473.2,14,3473.4,8,3473.8,3,3474.0,4,3474.2,5,3474.4,5,3474.6,2,3473.4
IF2409,,13:40:40.800#,3502.8,3512.6,3473.4,3852.4,3152.0,15912,108737,3472.6,13,3472.8,12,3473.0,16,3473.2,14,3473.4,8,3473.6,1,3473.8,3,3474.0,4,3474.2,5,3474.4,5,3473.4
IF2409,,13:40:41.300#,3502.8,3512.6,3473.4,3852.4,3152.0,15912,108737,3472.6,13,3472.8,12,3473.0,16,3473.2,14,3473.4,8,3473.6,1,3473.8,2,3474.0,4,3474.2,5,3474.4,5,3473.4
IF2409,,13:40:43.300#,3502.8,3512.6,3473.4,3852.4,3152.0,15913,108736,3472.6,13,3472.8,12,3473.0,16,3473.2,14,3473.4,8,3473.8,2,3474.0,4,3474.2,5,3474.4,5,3474.6,1,3473.6
IF2409,,13:40:44.300#,3502.8,3512.6,3473.4,3852.4,3152.0,15913,108736,3472.6,13,3472.8,12,3473.0,16,3473.2,14,3473.4,9,3473.8,3,3474.0,3,3474.2,5,3474.4,5,3474.6,1,3473.6
IF2409,,13:40:45.800#,3502.8,3512.6,3473.4,3852.4,3152.0,15913,108736,3472.8,12,3473.0,16,3473.2,14,3473.4,9,3473.6,1,3473.8,1,3474.0,3,3474.2,5,3474.4,5,3474.6,1,3473.6
IF2409,,13:40:46.300#,3502.8,3512.6,3473.4,3852.4,3152.0,15914,108736,3472.6,13,3472.8,12,3473.0,17,3473.2,14,3473.4,8,3473.8,1,3474.0,3,3474.2,5,3474.4,5,3474.6,1,3473.6
IF2409,,13:40:46.800#,3502.8,3512.6,3473.4,3852.4,3152.0,15915,108737,3472.6,13,3472.8,12,3473.0,17,3473.2,14,3473.4,8,3473.8,1,3474.0,3,3474.2,5,3474.4,5,3474.6,1,3473.4
IF2409,,13:40:48.300#,3502.8,3512.6,3473.4,3852.4,3152.0,15916,108738,3472.6,13,3472.8,12,3473.0,17,3473.2,14,3473.4,7,3473.8,1,3474.0,3,3474.2,5,3474.4,5,3474.6,1,3473.4
IF2409,,13:40:49.300#,3502.8,3512.6,3473.4,3852.4,3152.0,15917,108738,3472.6,13,3472.8,12,3473.0,17,3473.2,14,3473.4,6,3473.8,1,3474.0,3,3474.2,5,3474.4,5,3474.6,1,3473.4
IF2409,,13:40:49.800#,3502.8,3512.6,3473.4,3852.4,3152.0,15917,108738,3472.6,13,3472.8,12,3473.0,17,3473.2,14,3473.4,5,3473.8,1,3474.0,3,3474.2,5,3474.4,5,3474.6,1,3473.4
IF2409,,13:40:50.300#,3502.8,3512.6,3473.4,3852.4,3152.0,15918,108739,3472.6,13,3472.8,12,3473.0,17,3473.2,14,3473.4,4,3473.8,1,3474.0,3,3474.2,5,3474.4,5,3474.6,1,3473.4
IF2409,,13:40:50.800#,3502.8,3512.6,3473.4,3852.4,3152.0,15918,108739,3472.8,12,3473.0,17,3473.2,14,3473.4,4,3473.6,3,3473.8,1,3474.0,3,3474.2,5,3474.4,5,3474.6,1,3473.4
IF2409,,13:40:51.800#,3502.8,3512.6,3473.4,3852.4,3152.0,15919,108738,3472.8,12,3473.0,17,3473.2,14,3473.4,4,3473.6,2,3473.8,1,3474.0,3,3474.2,5,3474.4,5,3474.6,1,3473.6
IF2409,,13:40:52.300#,3502.8,3512.6,3473.4,3852.4,3152.0,15919,108738,3472.8,12,3473.0,17,3473.2,14,3473.4,4,3473.6,1,3473.8,1,3474.0,3,3474.2,5,3474.4,5,3474.6,1,3473.6
IF2409,,13:40:55.800#,3502.8,3512.6,3473.4,3852.4,3152.0,15919,108738,3472.8,12,3473.0,17,3473.2,14,3473.4,5,3473.6,1,3473.8,1,3474.0,3,3474.2,5,3474.4,5,3474.6,1,3473.6
IF2409,,13:40:56.800#,3502.8,3512.6,3473.4,3852.4,3152.0,15920,108739,3472.6,13,3472.8,12,3473.0,17,3473.2,14,3473.4,5,3473.8,1,3474.0,3,3474.2,5,3474.4,5,3474.6,1,3473.6
IF2409,,13:40:57.800#,3502.8,3512.6,3473.4,3852.4,3152.0,15921,108739,3472.6,13,3472.8,12,3473.0,17,3473.2,14,3473.4,5,3474.0,3,3474.2,5,3474.4,5,3474.6,1,3474.8,3,3473.8
IF2409,,13:40:58.300#,3502.8,3512.6,3473.4,3852.4,3152.0,15921,108739,3472.6,13,3472.8,12,3473.0,17,3473.2,14,3473.4,5,3474.0,4,3474.2,5,3474.4,5,3474.6,1,3474.8,3,3473.8
IF2409,,13:40:58.800#,3502.8,3512.6,3473.4,3852.4,3152.0,15922,108740,3472.6,13,3472.8,12,3473.0,17,3473.2,14,3473.4,4,3473.8,1,3474.0,3,3474.2,5,3474.4,5,3474.6,1,3473.4
IF2409,,13:41:01.800#,3502.8,3512.6,3473.4,3852.4,3152.0,15922,108740,3472.6,13,3472.8,12,3473.0,17,3473.2,14,3473.4,4,3474.0,3,3474.2,5,3474.4,5,3474.6,1,3474.8,3,3473.4
IF2409,,13:41:02.300#,3502.8,3512.6,3473.4,3852.4,3152.0,15922,108740,3472.6,13,3472.8,12,3473.0,17,3473.2,14,3473.4,4,3474.0,5,3474.2,5,3474.4,4,3474.6,1,3474.8,3,3473.4
IF2409,,13:41:03.300#,3502.8,3512.6,3473.4,3852.4,3152.0,15923,108740,3472.6,13,3472.8,12,3473.0,17,3473.2,14,3473.4,3,3474.0,5,3474.2,5,3474.4,4,3474.6,1,3474.8,3,3473.4
IF2409,,13:41:03.800#,3502.8,3512.6,3473.4,3852.4,3152.0,15923,108740,3472.6,13,3472.8,13,3473.0,17,3473.2,14,3473.4,3,3473.8,1,3474.0,5,3474.2,5,3474.4,4,3474.6,1,3473.4
IF2409,,13:41:04.800#,3502.8,3512.6,3473.4,3852.4,3152.0,15923,108740,3472.8,13,3473.0,17,3473.2,14,3473.4,3,3473.6,1,3474.0,5,3474.2,5,3474.4,4,3474.6,1,3474.8,3,3473.4
IF2409,,13:41:05.300#,3502.8,3512.6,3473.4,3852.4,3152.0,15927,108739,3472.6,13,3472.8,13,3473.0,17,3473.2,14,3473.4,3,3474.0,3,3474.2,5,3474.4,4,3474.6,1,3474.8,3,3473.6
IF2409,,13:41:05.800#,3502.8,3512.6,3473.4,3852.4,3152.0,15927,108739,3472.8,13,3473.0,17,3473.2,14,3473.4,4,3473.6,1,3473.8,1,3474.0,3,3474.2,5,3474.4,4,3474.6,1,3473.6
IF2409,,13:41:06.300#,3502.8,3512.6,3473.4,3852.4,3152.0,15929,108740,3472.8,13,3473.0,17,3473.2,14,3473.4,4,3473.6,1,3474.0,3,3474.2,5,3474.4,4,3474.6,1,3474.8,3,3473.6
IF2409,,13:41:06.800#,3502.8,3512.6,3473.4,3852.4,3152.0,15931,108740,3472.6,13,3472.8,13,3473.0,17,3473.2,14,3473.4,5,3473.8,1,3474.0,1,3474.2,5,3474.4,4,3474.6,1,3473.6
IF2409,,13:41:07.800#,3502.8,3512.6,3473.4,3852.4,3152.0,15931,108740,3472.6,13,3472.8,13,3473.0,17,3473.2,16,3473.4,5,3473.8,3,3474.0,1,3474.2,5,3474.4,4,3474.6,1,3473.6
IF2409,,13:41:08.300#,3502.8,3512.6,3473.4,3852.4,3152.0,15931,108740,3472.6,13,3472.8,13,3473.0,17,3473.2,16,3473.4,4,3473.8,3,3474.0,2,3474.2,5,3474.4,4,3474.6,1,3473.6
IF2409,,13:41:08.800#,3502.8,3512.6,3473.4,3852.4,3152.0,15931,108740,3472.6,13,3472.8,13,3473.0,17,3473.2,16,3473.4,4,3473.6,1,3473.8,3,3474.0,2,3474.2,5,3474.4,4,3473.6
IF2409,,13:41:10.300#,3502.8,3512.6,3473.4,3852.4,3152.0,15931,108740,3472.6,13,3472.8,13,3473.0,17,3473.2,16,3473.4,4,3473.6,1,3473.8,3,3474.0,3,3474.2,5,3474.4,4,3473.6
IF2409,,13:41:11.300#,3502.8,3512.6,3473.4,3852.4,3152.0,15932,108740,3472.6,13,3472.8,13,3473.0,17,3473.2,16,3473.4,4,3473.8,3,3474.0,3,3474.2,5,3474.4,4,3474.6,1,3473.6
IF2409,,13:41:14.300#,3502.8,3512.6,3473.4,3852.4,3152.0,15932,108740,3472.6,13,3472.8,13,3473.0,17,3473.2,16,3473.4,5,3473.6,1,3473.8,3,3474.0,3,3474.2,5,3474.4,4,3473.6
IF2409,,13:41:15.300#,3502.8,3512.6,3473.4,3852.4,3152.0,15932,108740,3472.6,13,3472.8,13,3473.0,17,3473.2,16,3473.4,5,3473.8,3,3474.0,3,3474.2,5,3474.4,4,3474.6,1,3473.6
IF2409,,13:41:16.800#,3502.8,3512.6,3473.4,3852.4,3152.0,15932,108740,3472.6,13,3472.8,13,3473.0,17,3473.2,16,3473.4,5,3473.8,3,3474.0,4,3474.2,5,3474.4,4,3474.6,1,3473.6
IF2409,,13:41:17.800#,3502.8,3512.6,3473.4,3852.4,3152.0,15933,108741,3472.6,13,3472.8,13,3473.0,17,3473.2,16,3473.4,5,3473.8,2,3474.0,4,3474.2,5,3474.4,4,3474.6,1,3473.8
IF2409,,13:41:18.300#,3502.8,3512.6,3473.4,3852.4,3152.0,15934,108741,3472.6,13,3472.8,13,3473.0,17,3473.2,17,3473.4,4,3474.0,6,3474.2,5,3474.4,4,3474.6,1,3474.8,3,3473.4
IF2409,,13:41:18.800#,3502.8,3512.6,3473.4,3852.4,3152.0,15934,108741,3472.8,13,3473.0,17,3473.2,17,3473.4,4,3473.8,1,3474.0,8,3474.2,4,3474.4,4,3474.6,1,3474.8,3,3473.4
IF2409,,13:41:19.300#,3502.8,3512.6,3473.4,3852.4,3152.0,15936,108740,3472.6,13,3472.8,13,3473.0,17,3473.2,17,3473.4,3,3474.0,7,3474.2,4,3474.4,4,3474.6,1,3474.8,3,3473.8
IF2409,,13:41:19.800#,3502.8,3512.6,3473.4,3852.4,3152.0,15938,108740,3472.6,13,3472.8,13,3473.0,17,3473.2,17,3473.4,1,3473.6,1,3473.8,1,3474.0,7,3474.2,4,3474.4,4,3473.4
IF2409,,13:41:20.300#,3502.8,3512.6,3473.4,3852.4,3152.0,15939,108739,3472.6,13,3472.8,13,3473.0,17,3473.2,17,3473.4,1,3473.8,2,3474.0,7,3474.2,4,3474.4,4,3474.6,1,3473.6
IF2409,,13:41:20.800#,3502.8,3512.6,3473.4,3852.4,3152.0,15940,108739,3472.6,13,3472.8,13,3473.0,17,3473.2,17,3473.4,1,3473.8,1,3474.0,7,3474.2,4,3474.4,4,3474.6,1,3473.8
IF2409,,13:41:22.800#,3502.8,3512.6,3473.4,3852.4,3152.0,15941,108739,3472.8,13,3473.0,17,3473.2,17,3473.4,2,3473.6,9,3473.8,1,3474.0,7,3474.2,4,3474.4,4,3474.6,1,3473.6
IF2409,,13:41:23.300#,3502.8,3512.6,3473.4,3852.4,3152.0,15941,108739,3472.8,13,3473.0,17,3473.2,17,3473.4,1,3473.6,9,3473.8,1,3474.0,7,3474.2,4,3474.4,4,3474.6,1,3473.6
IF2409,,13:41:23.800#,3502.8,3512.6,3473.4,3852.4,3152.0,15941,108739,3472.8,13,3473.0,17,3473.2,18,3473.4,1,3473.6,9,3473.8,1,3474.0,7,3474.2,4,3474.4,4,3474.6,1,3473.6
IF2409,,13:41:26.300#,3502.8,3512.6,3473.4,3852.4,3152.0,15942,108739,3472.8,13,3473.0,17,3473.2,18,3473.4,1,3473.6,9,3474.0,7,3474.2,4,3474.4,4,3474.6,1,3474.8,3,3473.8
IF2409,,13:41:26.800#,3502.8,3512.6,3473.4,3852.4,3152.0,15943,108738,3472.8,13,3473.0,17,3473.2,18,3473.4,2,3473.6,10,3474.0,5,3474.2,2,3474.4,4,3474.6,1,3474.8,3,3473.8
IF2409,,13:41:27.300#,3502.8,3512.6,3473.4,3852.4,3152.0,15943,108738,3473.0,17,3473.2,18,3473.4,2,3473.6,10,3473.8,1,3474.0,5,3474.2,2,3474.4,4,3474.6,1,3474.8,3,3473.8
IF2409,,13:41:27.800#,3502.8,3512.6,3473.4,3852.4,3152.0,15943,108738,3472.8,13,3473.0,17,3473.2,18,3473.4,2,3473.6,10,3474.0,5,3474.2,2,3474.4,3,3474.6,1,3474.8,3,3473.8
IF2409,,13:41:28.300#,3502.8,3512.6,3473.4,3852.4,3152.0,15943,108738,3472.8,13,3473.0,17,3473.2,18,3473.4,2,3473.6,11,3474.0,5,3474.2,2,3474.4,3,3474.6,1,3474.8,3,3473.8
IF2409,,13:41:28.800#,3502.8,3512.6,3473.4,3852.4,3152.0,15943,108738,3472.8,13,3473.0,17,3473.2,18,3473.4,2,3473.6,10,3474.0,5,3474.2,2,3474.4,3,3474.6,1,3474.8,3,3473.8
IF2409,,13:41:29.300#,3502.8,3512.6,3473.4,3852.4,3152.0,15943,108738,3472.8,13,3473.0,17,3473.2,18,3473.4,2,3473.6,10,3474.0,7,3474.2,2,3474.4,3,3474.6,1,3474.8,3,3473.8
IF2409,,13:41:32.300#,3502.8,3512.6,3473.4,3852.4,3152.0,15943,108738,3472.8,13,3473.0,17,3473.2,18,3473.4,2,3473.6,10,3474.0,8,3474.2,2,3474.4,3,3474.6,1,3474.8,3,3473.8
IF2409,,13:41:34.300#,3502.8,3512.6,3473.4,3852.4,3152.0,15943,108738,3472.8,13,3473.0,17,3473.2,18,3473.4,2,3473.6,10,3473.8,8,3474.0,8,3474.2,2,3474.4,3,3474.6,1,3473.8
IF2409,,13:41:34.800#,3502.8,3512.6,3473.4,3852.4,3152.0,15947,108740,3472.8,13,3473.0,17,3473.2,16,3473.4,2,3473.6,6,3473.8,6,3474.0,8,3474.2,2,3474.4,3,3474.6,1,3473.6
IF2409,,13:41:35.800#,3502.8,3512.6,3473.4,3852.4,3152.0,15949,108742,3472.8,13,3473.0,17,3473.2,16,3473.4,2,3473.6,4,3473.8,6,3474.0,8,3474.2,2,3474.4,3,3474.6,1,3473.6
IF2409,,13:41:36.300#,3502.8,3512.6,3473.4,3852.4,3152.0,15952,108742,3472.8,13,3473.0,17,3473.2,16,3473.4,2,3473.6,1,3473.8,6,3474.0,8,3474.2,2,3474.4,3,3474.6,1,3473.6
IF2409,,13:41:38.300#,3502.8,3512.6,3473.4,3852.4,3152.0,15953,108742,3472.6,13,3472.8,13,3473.0,17,3473.2,16,3473.4,2,3473.6,5,3473.8,6,3474.0,8,3474.2,2,3474.4,3,3473.6
IF2409,,13:41:38.800#,3502.8,3512.6,3473.4,3852.4,3152.0,15955,108741,3472.6,13,3472.8,11,3473.0,17,3473.2,16,3473.4,1,3473.6,2,3473.8,6,3474.0,7,3474.2,2,3474.4,3,3473.6
IF2409,,13:41:39.300#,3502.8,3512.6,3473.4,3852.4,3152.0,15955,108741,3472.6,13,3472.8,11,3473.0,17,3473.2,16,3473.4,1,3474.0,7,3474.2,2,3474.4,3,3474.6,1,3474.8,3,3473.6
IF2409,,13:41:39.800#,3502.8,3512.6,3473.4,3852.4,3152.0,15955,108741,3472.6,13,3472.8,11,3473.0,17,3473.2,16,3473.4,2,3474.0,7,3474.2,3,3474.4,3,3474.6,1,3474.8,3,3473.6
IF2409,,13:41:40.300#,3502.8,3512.6,3473.4,3852.4,3152.0,15955,108741,3472.6,13,3472.8,11,3473.0,17,3473.2,16,3473.4,3,3474.0,8,3474.2,3,3474.4,3,3474.6,1,3474.8,3,3473.6
IF2409,,13:41:42.800#,3502.8,3512.6,3473.4,3852.4,3152.0,15955,108741,3472.8,11,3473.0,17,3473.2,16,3473.4,3,3473.6,1,3474.0,8,3474.2,3,3474.4,3,3474.6,1,3474.8,3,3473.6
IF2409,,13:41:43.300#,3502.8,3512.6,3473.4,3852.4,3152.0,15955,108741,3472.8,11,3473.0,17,3473.2,16,3473.4,2,3473.6,1,3474.0,8,3474.2,3,3474.4,3,3474.6,1,3474.8,3,3473.6
IF2409,,13:41:43.800#,3502.8,3512.6,3473.4,3852.4,3152.0,15955,108741,3472.8,11,3473.0,17,3473.2,16,3473.4,1,3473.6,1,3474.0,7,3474.2,3,3474.4,3,3474.6,1,3474.8,3,3473.6
IF2409,,13:41:45.800#,3502.8,3512.6,3473.4,3852.4,3152.0,15956,108742,3472.6,13,3472.8,11,3473.0,17,3473.2,16,3473.4,1,3474.0,7,3474.2,3,3474.4,3,3474.6,1,3474.8,3,3473.6
IF2409,,13:41:46.300#,3502.8,3512.6,3473.4,3852.4,3152.0,15957,108742,3472.6,13,3472.8,11,3473.0,17,3473.2,16,3473.4,2,3474.0,7,3474.2,3,3474.4,3,3474.6,1,3474.8,3,3473.4
IF2409,,13:41:46.800#,3502.8,3512.6,3473.4,3852.4,3152.0,15957,108742,3472.6,13,3472.8,11,3473.0,17,3473.2,16,3473.4,2,3474.0,8,3474.2,3,3474.4,3,3474.6,1,3474.8,3,3473.4
IF2409,,13:41:47.800#,3502.8,3512.6,3473.4,3852.4,3152.0,15957,108742,3472.6,13,3472.8,11,3473.0,17,3473.2,16,3473.4,2,3473.8,1,3474.0,7,3474.2,3,3474.4,3,3474.6,1,3473.4
IF2409,,13:41:48.300#,3502.8,3512.6,3473.4,3852.4,3152.0,15957,108742,3472.6,13,3472.8,11,3473.0,17,3473.2,16,3473.4,2,3473.8,2,3474.0,7,3474.2,3,3474.4,3,3474.6,1,3473.4
IF2409,,13:41:55.800#,3502.8,3512.6,3473.4,3852.4,3152.0,15957,108742,3472.6,13,3472.8,11,3473.0,17,3473.2,16,3473.4,6,3473.8,2,3474.0,7,3474.2,3,3474.4,3,3474.6,1,3473.4
IF2409,,13:41:56.300#,3502.8,3512.6,3473.4,3852.4,3152.0,15957,108742,3472.6,13,3472.8,11,3473.0,17,3473.2,16,3473.4,5,3473.8,2,3474.0,7,3474.2,3,3474.4,3,3474.6,1,3473.4
IF2409,,13:42:03.800#,3502.8,3512.6,3473.4,3852.4,3152.0,15958,108741,3472.6,13,3472.8,11,3473.0,17,3473.2,16,3473.4,4,3473.8,2,3474.0,7,3474.2,3,3474.4,3,3474.6,1,3473.4
IF2409,,13:42:04.800#,3502.8,3512.6,3473.4,3852.4,3152.0,15960,108739,3472.6,13,3472.8,11,3473.0,17,3473.2,16,3473.4,2,3473.8,2,3474.0,7,3474.2,3,3474.4,3,3474.6,1,3473.4
IF2409,,13:42:05.300#,3502.8,3512.6,3473.4,3852.4,3152.0,15961,108739,3472.6,13,3472.8,11,3473.0,17,3473.2,16,3473.4,1,3473.8,2,3474.0,7,3474.2,3,3474.4,3,3474.6,1,3473.4
IF2409,,13:42:05.800#,3502.8,3512.6,3473.4,3852.4,3152.0,15961,108739,3472.6,13,3472.8,11,3473.0,17,3473.2,16,3473.4,1,3473.8,2,3474.0,6,3474.2,3,3474.4,3,3474.6,1,3473.4
IF2409,,13:42:06.300#,3502.8,3512.6,3473.4,3852.4,3152.0,15963,108740,3472.6,13,3472.8,11,3473.0,17,3473.2,16,3473.4,1,3474.0,6,3474.2,3,3474.4,3,3474.6,1,3474.8,3,3473.8
IF2409,,13:42:06.800#,3502.8,3512.6,3473.4,3852.4,3152.0,15963,108740,3472.8,10,3473.0,17,3473.2,16,3473.4,2,3473.6,2,3474.0,7,3474.2,3,3474.4,3,3474.6,1,3474.8,3,3473.8
IF2409,,13:42:07.300#,3502.8,3512.6,3473.4,3852.4,3152.0,15963,108740,3472.8,10,3473.0,17,3473.2,16,3473.4,1,3473.6,3,3474.0,8,3474.2,3,3474.4,3,3474.6,1,3474.8,3,3473.8
IF2409,,13:42:07.800#,3502.8,3512.6,3473.4,3852.4,3152.0,15963,108740,3472.8,10,3473.0,17,3473.2,16,3473.4,1,3473.6,3,3474.0,7,3474.2,3,3474.4,3,3474.6,1,3474.8,3,3473.8
IF2409,,13:42:09.800#,3502.8,3512.6,3473.4,3852.4,3152.0,15963,108740,3472.6,13,3472.8,10,3473.0,17,3473.2,16,3473.6,3,3474.0,7,3474.2,3,3474.4,3,3474.6,1,3474.8,3,3473.8
IF2409,,13:42:10.800#,3502.8,3512.6,3473.4,3852.4,3152.0,15963,108740,3472.6,13,3472.8,10,3473.0,17,3473.2,16,3473.6,3,3473.8,1,3474.0,7,3474.2,3,3474.4,3,3474.6,1,3473.8
IF2409,,13:42:11.300#,3502.8,3512.6,3473.4,3852.4,3152.0,15963,108740,3472.6,13,3472.8,10,3473.0,17,3473.2,16,3473.6,3,3473.8,3,3474.0,7,3474.2,3,3474.4,3,3474.6,1,3473.8
IF2409,,13:42:13.800#,3502.8,3512.6,3473.4,3852.4,3152.0,15965,108740,3472.6,12,3472.8,10,3473.0,17,3473.2,16,3473.6,1,3473.8,1,3474.0,7,3474.2,3,3474.4,3,3474.6,1,3473.6
IF2409,,13:42:14.300#,3502.8,3512.6,3473.4,3852.4,3152.0,15966,108739,3472.6,12,3472.8,10,3473.0,17,3473.2,16,3473.6,1,3474.0,7,3474.2,3,3474.4,3,3474.6,1,3474.8,3,3473.8
IF2409,,13:42:14.800#,3502.8,3512.6,3473.4,3852.4,3152.0,15966,108739,3472.8,10,3473.0,17,3473.2,16,3473.6,1,3473.8,1,3474.0,7,3474.2,3,3474.4,3,3474.6,1,3474.8,3,3473.8
IF2409,,13:42:15.300#,3502.8,3512.6,3473.4,3852.4,3152.0,15966,108739,3472.6,12,3472.8,10,3473.0,17,3473.2,16,3473.8,2,3474.0,7,3474.2,3,3474.4,3,3474.6,1,3474.8,3,3473.8
IF2409,,13:42:20.300#,3502.8,3512.6,3473.4,3852.4,3152.0,15973,108744,3472.8,10,3473.0,17,3473.2,16,3473.8,2,3474.0,5,3474.2,3,3474.4,3,3474.6,1,3474.8,3,3475.0,11,3474.0
IF2409,,13:42:20.800#,3502.8,3512.6,3473.4,3852.4,3152.0,15976,108746,3472.8,10,3473.0,17,3473.2,16,3473.8,1,3474.0,3,3474.2,4,3474.4,3,3474.6,1,3474.8,1,3475.0,11,3474.0
IF2409,,13:42:21.300#,3502.8,3512.6,3473.4,3852.4,3152.0,15979,108746,3472.6,12,3472.8,10,3473.0,17,3473.2,16,3473.8,1,3474.0,1,3474.2,4,3474.4,3,3474.6,1,3474.8,1,3474.0
IF2409,,13:42:21.800#,3502.8,3512.6,3473.4,3852.4,3152.0,15979,108746,3472.6,12,3472.8,10,3473.0,17,3473.2,16,3473.8,1,3474.0,1,3474.2,3,3474.4,3,3474.6,1,3474.8,1,3474.0
IF2409,,13:42:23.300#,3502.8,3512.6,3473.4,3852.4,3152.0,15980,108746,3472.6,12,3472.8,10,3473.0,17,3473.2,16,3473.8,1,3474.2,3,3474.4,3,3474.6,1,3474.8,1,3475.0,11,3474.0
IF2409,,13:42:23.800#,3502.8,3512.6,3473.4,3852.4,3152.0,15983,108748,3472.2,14,3472.6,12,3472.8,10,3473.0,17,3473.2,16,3474.2,1,3474.4,3,3474.6,1,3474.8,1,3475.0,11,3474.2
IF2409,,13:42:24.300#,3502.8,3512.6,3473.4,3852.4,3152.0,15983,108748,3473.0,19,3473.2,17,3473.4,18,3473.6,1,3473.8,2,3474.2,1,3474.4,3,3474.6,1,3474.8,1,3475.0,11,3474.2
IF2409,,13:42:24.800#,3502.8,3512.6,3473.4,3852.4,3152.0,15983,108748,3473.0,19,3473.2,17,3473.4,20,3473.6,1,3473.8,2,3474.2,2,3474.4,3,3474.6,1,3474.8,1,3475.0,11,3474.2
IF2409,,13:42:25.300#,3502.8,3512.6,3473.4,3852.4,3152.0,15983,108748,3473.0,19,3473.2,17,3473.4,20,3473.6,1,3473.8,2,3474.2,1,3474.4,3,3474.6,1,3474.8,1,3475.0,11,3474.2
IF2409,,13:42:25.800#,3502.8,3512.6,3473.4,3852.4,3152.0,15983,108748,3473.0,19,3473.2,17,3473.4,19,3473.6,1,3473.8,3,3474.2,1,3474.4,3,3474.6,1,3474.8,1,3475.0,11,3474.2
IF2409,,13:42:26.300#,3502.8,3512.6,3473.4,3852.4,3152.0,15983,108748,3473.0,19,3473.2,17,3473.4,17,3473.6,1,3473.8,1,3474.2,2,3474.4,3,3474.6,1,3474.8,1,3475.0,11,3474.2
IF2409,,13:42:26.800#,3502.8,3512.6,3473.4,3852.4,3152.0,15983,108748,3473.0,19,3473.2,19,3473.4,15,3473.6,1,3473.8,1,3474.2,2,3474.4,3,3474.6,1,3474.8,1,3475.0,11,3474.2
IF2409,,13:42:27.300#,3502.8,3512.6,3473.4,3852.4,3152.0,15983,108748,3473.0,19,3473.2,19,3473.4,15,3473.6,1,3473.8,1,3474.2,3,3474.4,3,3474.6,1,3474.8,1,3475.0,11,3474.2
IF2409,,13:42:27.800#,3502.8,3512.6,3473.4,3852.4,3152.0,15987,108748,3473.2,19,3473.4,15,3473.6,1,3473.8,1,3474.2,8,3474.4,2,3474.6,1,3474.8,1,3475.0,11,3475.2,1,3474.2
IF2409,,13:42:28.300#,3502.8,3512.6,3473.4,3852.4,3152.0,15997,108756,3473.0,17,3473.2,19,3473.4,12,3473.6,1,3473.8,1,3474.0,1,3474.4,1,3474.6,3,3474.8,1,3475.0,11,3474.4
IF2409,,13:42:28.800#,3502.8,3512.6,3473.4,3852.4,3152.0,15997,108756,3472.8,10,3473.0,17,3473.2,19,3473.4,12,3473.6,1,3474.0,1,3474.2,2,3474.4,1,3474.6,3,3474.8,1,3474.4
IF2409,,13:42:30.300#,3502.8,3512.6,3473.4,3852.4,3152.0,15998,108757,3473.2,19,3473.4,9,3473.6,4,3473.8,8,3474.0,16,3474.2,1,3474.4,1,3474.6,3,3474.8,1,3475.0,11,3474.2
IF2409,,13:42:30.800#,3502.8,3512.6,3473.4,3852.4,3152.0,15999,108758,3473.2,19,3473.4,9,3473.6,4,3473.8,8,3474.0,16,3474.6,3,3474.8,1,3475.0,11,3475.2,1,3475.4,2,3474.2
IF2409,,13:42:31.300#,3502.8,3512.6,3473.4,3852.4,3152.0,16000,108757,3473.4,8,3473.6,4,3473.8,7,3474.0,16,3474.2,2,3474.6,5,3474.8,1,3475.0,11,3475.2,1,3475.4,2,3474.2
IF2409,,13:42:32.300#,3502.8,3512.6,3473.4,3852.4,3152.0,16000,108757,3473.4,8,3473.6,1,3473.8,3,3474.0,16,3474.2,5,3474.6,3,3474.8,1,3475.0,11,3475.2,1,3475.4,2,3474.2
IF2409,,13:42:32.800#,3502.8,3512.6,3473.4,3852.4,3152.0,16001,108757,3473.4,8,3473.6,1,3473.8,3,3474.0,16,3474.2,2,3474.8,1,3475.0,11,3475.2,1,3475.4,2,3476.0,2,3474.6
IF2409,,13:42:33.300#,3502.8,3512.6,3473.4,3852.4,3152.0,16001,108757,3473.4,8,3473.6,1,3473.8,3,3474.0,16,3474.2,1,3474.6,2,3474.8,1,3475.0,12,3475.2,1,3475.4,2,3474.6
IF2409,,13:42:33.800#,3502.8,3512.6,3473.4,3852.4,3152.0,16001,108757,3473.4,8,3473.6,1,3473.8,3,3474.0,16,3474.2,1,3474.6,3,3474.8,1,3475.0,12,3475.2,1,3475.4,2,3474.6
IF2409,,13:42:34.300#,3502.8,3512.6,3473.4,3852.4,3152.0,16002,108756,3473.4,8,3473.6,1,3473.8,3,3474.0,16,3474.2,1,3474.6,2,3474.8,1,3475.0,12,3475.2,1,3475.4,2,3474.6
IF2409,,13:42:34.800#,3502.8,3512.6,3473.4,3852.4,3152.0,16002,108756,3473.4,8,3473.6,1,3473.8,3,3474.0,16,3474.2,1,3474.6,1,3474.8,1,3475.0,13,3475.2,1,3475.4,3,3474.6
IF2409,,13:42:35.300#,3502.8,3512.6,3473.4,3852.4,3152.0,16002,108756,3473.2,19,3473.4,8,3473.6,1,3473.8,3,3474.0,16,3474.8,1,3475.0,13,3475.2,1,3475.4,3,3476.0,2,3474.6
IF2409,,13:42:35.800#,3502.8,3512.6,3473.4,3852.4,3152.0,16002,108756,3473.4,8,3473.6,1,3473.8,3,3474.0,16,3474.2,3,3474.6,4,3474.8,5,3475.0,14,3475.2,1,3475.4,3,3474.6
IF2409,,13:42:36.300#,3502.8,3512.6,3473.4,3852.4,3152.0,16002,108756,3473.2,19,3473.4,8,3473.6,1,3473.8,3,3474.0,16,3474.6,4,3474.8,5,3475.0,14,3475.2,1,3475.4,3,3474.6
IF2409,,13:42:36.800#,3502.8,3512.6,3473.4,3852.4,3152.0,16002,108756,3473.2,19,3473.4,8,3473.6,1,3473.8,3,3474.0,16,3474.6,7,3474.8,5,3475.0,14,3475.2,1,3475.4,3,3474.6
IF2409,,13:42:37.300#,3502.8,3512.6,3473.4,3852.4,3152.0,16002,108756,3473.2,19,3473.4,8,3473.6,1,3473.8,3,3474.0,16,3474.4,5,3474.6,9,3474.8,5,3475.0,14,3475.2,1,3474.6
IF2409,,13:42:37.800#,3502.8,3512.6,3473.4,3852.4,3152.0,16002,108756,3473.0,17,3473.2,19,3473.4,8,3473.6,1,3473.8,3,3474.4,4,3474.6,9,3474.8,5,3475.0,14,3475.2,1,3474.6
IF2409,,13:42:38.300#,3502.8,3512.6,3473.4,3852.4,3152.0,16018,108749,3473.0,17,3473.2,19,3473.4,8,3473.6,1,3473.8,3,3474.8,4,3475.0,14,3475.2,1,3475.4,3,3476.0,2,3474.6
IF2409,,13:42:38.800#,3502.8,3512.6,3473.4,3852.4,3152.0,16018,108749,3473.2,19,3473.4,8,3473.6,1,3473.8,5,3474.0,2,3474.4,1,3474.6,3,3474.8,11,3475.0,14,3475.2,1,3474.6
IF2409,,13:42:39.300#,3502.8,3512.6,3473.4,3852.4,3152.0,16018,108749,3473.2,19,3473.4,8,3473.6,1,3473.8,5,3474.0,4,3474.6,3,3474.8,6,3475.0,14,3475.2,1,3475.4,3,3474.6
IF2409,,13:42:39.800#,3502.8,3512.6,3473.4,3852.4,3152.0,16018,108749,3473.2,19,3473.4,8,3473.6,1,3473.8,5,3474.0,4,3474.6,4,3474.8,6,3475.0,14,3475.2,1,3475.4,3,3474.6
IF2409,,13:42:40.300#,3502.8,3512.6,3473.4,3852.4,3152.0,16018,108749,3473.4,8,3473.6,1,3473.8,5,3474.0,3,3474.4,1,3474.6,4,3474.8,6,3475.0,14,3475.2,1,3475.4,3,3474.6
IF2409,,13:42:40.800#,3502.8,3512.6,3473.4,3852.4,3152.0,16019,108750,3473.2,19,3473.4,8,3473.6,1,3473.8,5,3474.0,1,3474.2,1,3474.4,1,3474.6,2,3474.8,6,3475.0,14,3474.4
IF2409,,13:42:41.300#,3502.8,3512.6,3473.4,3852.4,3152.0,16021,108751,3473.2,19,3473.4,8,3473.6,1,3473.8,5,3474.0,2,3474.6,1,3474.8,6,3475.0,14,3475.2,1,3475.4,3,3474.0
IF2409,,13:42:41.800#,3502.8,3512.6,3473.4,3852.4,3152.0,16021,108751,3473.4,8,3473.6,1,3473.8,5,3474.0,1,3474.2,2,3474.6,2,3474.8,6,3475.0,14,3475.2,1,3475.4,3,3474.0
IF2409,,13:42:42.800#,3502.8,3512.6,3473.4,3852.4,3152.0,16021,108751,3473.4,8,3473.6,1,3473.8,5,3474.0,1,3474.2,1,3474.6,2,3474.8,6,3475.0,14,3475.2,1,3475.4,3,3474.0
IF2409,,13:42:43.300#,3502.8,3512.6,3473.4,3852.4,3152.0,16021,108751,3473.4,8,3473.6,1,3473.8,5,3474.0,2,3474.2,1,3474.6,5,3474.8,6,3475.0,14,3475.2,1,3475.4,3,3474.0
IF2409,,13:42:43.800#,3502.8,3512.6,3473.4,3852.4,3152.0,16022,108752,3473.2,19,3473.4,8,3473.6,1,3473.8,5,3474.0,1,3474.4,2,3474.6,5,3474.8,6,3475.0,14,3475.2,1,3474.2
IF2409,,13:42:44.300#,3502.8,3512.6,3473.4,3852.4,3152.0,16022,108752,3473.2,19,3473.4,8,3473.6,1,3473.8,4,3474.0,1,3474.4,2,3474.6,5,3474.8,7,3475.0,14,3475.2,1,3474.2
IF2409,,13:42:44.800#,3502.8,3512.6,3473.4,3852.4,3152.0,16022,108752,3473.2,19,3473.4,8,3473.6,1,3473.8,4,3474.0,1,3474.4,3,3474.6,6,3474.8,7,3475.0,13,3475.2,1,3474.2
IF2409,,13:42:45.300#,3502.8,3512.6,3473.4,3852.4,3152.0,16022,108752,3473.2,19,3473.4,8,3473.6,1,3473.8,4,3474.0,1,3474.4,1,3474.6,6,3474.8,7,3475.0,13,3475.2,1,3474.2
IF2409,,13:42:45.800#,3502.8,3512.6,3473.4,3852.4,3152.0,16022,108752,3473.2,19,3473.4,8,3473.6,1,3473.8,4,3474.0,1,3474.6,6,3474.8,7,3475.0,13,3475.2,1,3475.4,2,3474.2
IF2409,,13:42:46.300#,3502.8,3512.6,3473.4,3852.4,3152.0,16022,108752,3473.2,19,3473.4,8,3473.6,1,3473.8,4,3474.0,1,3474.4,2,3474.6,5,3474.8,7,3475.0,13,3475.2,1,3474.2
IF2409,,13:42:48.300#,3502.8,3512.6,3473.4,3852.4,3152.0,16024,108750,3473.0,17,3473.2,19,3473.4,8,3473.6,1,3473.8,4,3474.4,1,3474.6,5,3474.8,7,3475.0,13,3475.2,1,3474.0
IF2409,,13:42:48.800#,3502.8,3512.6,3473.4,3852.4,3152.0,16024,108750,3473.2,19,3473.4,8,3473.6,1,3473.8,4,3474.0,2,3474.2,1,3474.4,1,3474.6,5,3474.8,7,3475.0,13,3474.0
IF2409,,13:42:49.300#,3502.8,3512.6,3473.4,3852.4,3152.0,16025,108750,3473.4,8,3473.6,1,3473.8,4,3474.0,2,3474.2,1,3474.6,5,3474.8,7,3475.0,13,3475.2,1,3475.4,2,3474.2
IF2409,,13:42:49.800#,3502.8,3512.6,3473.4,3852.4,3152.0,16025,108750,3473.4,8,3473.6,1,3473.8,4,3474.0,2,3474.2,1,3474.6,6,3474.8,7,3475.0,13,3475.2,1,3475.4,2,3474.2
IF2409,,13:42:50.300#,3502.8,3512.6,3473.4,3852.4,3152.0,16025,108750,3473.2,19,3473.4,8,3473.6,1,3473.8,4,3474.0,2,3474.6,6,3474.8,7,3475.0,13,3475.2,1,3475.4,2,3474.2
IF2409,,13:42:50.800#,3502.8,3512.6,3473.4,3852.4,3152.0,16025,108750,3473.2,19,3473.4,8,3473.6,1,3473.8,4,3474.0,3,3474.6,6,3474.8,7,3475.0,13,3475.2,1,3475.4,2,3474.2
IF2409,,13:42:51.300#,3502.8,3512.6,3473.4,3852.4,3152.0,16025,108750,3473.2,19,3473.4,8,3473.6,1,3473.8,4,3474.0,2,3474.6,6,3474.8,7,3475.0,13,3475.2,1,3475.4,2,3474.2
IF2409,,13:42:51.800#,3502.8,3512.6,3473.4,3852.4,3152.0,16025,108750,3473.2,19,3473.4,8,3473.6,1,3473.8,4,3474.0,2,3474.4,1,3474.6,6,3474.8,7,3475.0,13,3475.2,1,3474.2
IF2409,,13:42:52.800#,3502.8,3512.6,3473.4,3852.4,3152.0,16025,108750,3473.4,8,3473.6,1,3473.8,4,3474.0,2,3474.2,1,3474.4,1,3474.6,6,3474.8,7,3475.0,13,3475.2,1,3474.2
IF2409,,13:42:54.300#,3502.8,3512.6,3473.4,3852.4,3152.0,16025,108750,3473.4,8,3473.6,1,3473.8,4,3474.0,2,3474.2,1,3474.4,1,3474.6,3,3474.8,7,3475.0,13,3475.2,1,3474.2
IF2409,,13:42:54.800#,3502.8,3512.6,3473.4,3852.4,3152.0,16025,108750,3473.4,8,3473.6,1,3473.8,4,3474.0,2,3474.2,1,3474.6,3,3474.8,7,3475.0,13,3475.2,1,3475.4,2,3474.2
IF2409,,13:42:55.800#,3502.8,3512.6,3473.4,3852.4,3152.0,16025,108750,3473.4,8,3473.6,1,3473.8,5,3474.0,2,3474.2,1,3474.6,3,3474.8,7,3475.0,13,3475.2,1,3475.4,2,3474.2
IF2409,,13:42:56.300#,3502.8,3512.6,3473.4,3852.4,3152.0,16025,108750,3473.4,8,3473.6,1,3473.8,5,3474.0,2,3474.2,1,3474.6,2,3474.8,7,3475.0,13,3475.2,1,3475.4,2,3474.2
IF2409,,13:42:56.800#,3502.8,3512.6,3473.4,3852.4,3152.0,16025,108750,3473.4,8,3473.6,1,3473.8,5,3474.0,3,3474.2,1,3474.6,2,3474.8,7,3475.0,13,3475.2,1,3475.4,2,3474.2
IF2409,,13:42:58.300#,3502.8,3512.6,3473.4,3852.4,3152.0,16026,108749,3473.4,8,3473.6,1,3473.8,5,3474.0,3,3474.2,1,3474.4,1,3474.6,3,3474.8,7,3475.0,13,3475.2,1,3474.4
IF2409,,13:42:58.800#,3502.8,3512.6,3473.4,3852.4,3152.0,16026,108749,3473.4,8,3473.6,1,3473.8,5,3474.0,3,3474.2,1,3474.4,2,3474.6,3,3474.8,7,3475.0,13,3475.2,1,3474.4
IF2409,,13:42:59.300#,3502.8,3512.6,3473.4,3852.4,3152.0,16027,108749,3473.2,19,3473.4,8,3473.6,1,3473.8,5,3474.0,3,3474.4,1,3474.6,2,3474.8,7,3475.0,13,3475.2,1,3474.2
IF2409,,13:43:00.300#,3502.8,3512.6,3473.4,3852.4,3152.0,16027,108749,3473.2,19,3473.4,8,3473.6,1,3473.8,5,3474.0,3,3474.2,1,3474.4,2,3474.6,2,3474.8,7,3475.0,13,3474.2
IF2409,,13:43:00.800#,3502.8,3512.6,3473.4,3852.4,3152.0,16028,108749,3473.2,19,3473.4,8,3473.6,1,3473.8,5,3474.0,2,3474.2,1,3474.4,1,3474.6,2,3474.8,7,3475.0,13,3474.0
IF2409,,13:43:01.300#,3502.8,3512.6,3473.4,3852.4,3152.0,16028,108749,3473.2,19,3473.4,8,3473.6,1,3473.8,5,3474.0,2,3474.2,2,3474.4,1,3474.6,2,3474.8,7,3475.0,13,3474.0
IF2409,,13:43:02.800#,3502.8,3512.6,3473.4,3852.4,3152.0,16029,108749,3473.2,19,3473.4,8,3473.6,1,3473.8,5,3474.0,2,3474.2,1,3474.4,1,3474.6,2,3474.8,7,3475.0,13,3474.2
IF2409,,13:43:03.300#,3502.8,3512.6,3473.4,3852.4,3152.0,16030,108749,3473.2,19,3473.4,8,3473.6,1,3473.8,5,3474.0,2,3474.6,2,3474.8,7,3475.0,13,3475.2,1,3475.4,2,3474.2
IF2409,,13:43:03.800#,3502.8,3512.6,3473.4,3852.4,3152.0,16030,108749,3473.2,19,3473.4,8,3473.6,1,3473.8,5,3474.0,2,3474.6,7,3474.8,7,3475.0,13,3475.2,1,3475.4,2,3474.2
IF2409,,13:43:04.300#,3502.8,3512.6,3473.4,3852.4,3152.0,16030,108749,3473.2,19,3473.4,8,3473.6,1,3473.8,5,3474.0,3,3474.6,8,3474.8,7,3475.0,13,3475.2,1,3475.4,2,3474.2
IF2409,,13:43:04.800#,3502.8,3512.6,3473.4,3852.4,3152.0,16031,108750,3473.2,19,3473.4,8,3473.6,1,3473.8,2,3474.0,1,3474.2,1,3474.4,9,3474.6,12,3474.8,5,3475.0,13,3474.0
IF2409,,13:43:05.300#,3502.8,3512.6,3473.4,3852.4,3152.0,16031,108750,3473.2,19,3473.4,8,3473.6,1,3473.8,2,3474.0,1,3474.4,8,3474.6,5,3474.8,5,3475.0,13,3475.2,1,3474.0
IF2409,,13:43:05.800#,3502.8,3512.6,3473.4,3852.4,3152.0,16031,108750,3473.2,19,3473.4,8,3473.6,1,3473.8,2,3474.0,1,3474.4,6,3474.6,3,3474.8,4,3475.0,13,3475.2,1,3474.0
IF2409,,13:43:06.800#,3502.8,3512.6,3473.4,3852.4,3152.0,16031,108750,3473.2,19,3473.4,8,3473.6,1,3473.8,2,3474.0,2,3474.4,6,3474.6,3,3474.8,4,3475.0,13,3475.2,1,3474.0
IF2409,,13:43:07.300#,3502.8,3512.6,3473.4,3852.4,3152.0,16031,108750,3473.2,19,3473.4,8,3473.6,1,3473.8,2,3474.0,2,3474.4,4,3474.6,3,3474.8,4,3475.0,13,3475.2,1,3474.0
IF2409,,13:43:07.800#,3502.8,3512.6,3473.4,3852.4,3152.0,16031,108750,3473.2,19,3473.4,8,3473.6,1,3473.8,2,3474.0,2,3474.4,2,3474.6,3,3474.8,4,3475.0,13,3475.2,1,3474.0
IF2409,,13:43:12.300#,3502.8,3512.6,3473.4,3852.4,3152.0,16033,108749,3473.0,18,3473.2,19,3473.4,8,3473.6,1,3473.8,2,3474.4,2,3474.6,3,3474.8,4,3475.0,13,3475.2,1,3474.0
IF2409,,13:43:12.800#,3502.8,3512.6,3473.4,3852.4,3152.0,16033,108749,3473.0,18,3473.2,19,3473.4,8,3473.6,1,3473.8,3,3474.4,2,3474.6,3,3474.8,4,3475.0,13,3475.2,1,3474.0
IF2409,,13:43:13.300#,3502.8,3512.6,3473.4,3852.4,3152.0,16033,108749,3473.2,19,3473.4,8,3473.6,1,3473.8,3,3474.0,1,3474.2,1,3474.4,3,3474.6,3,3474.8,4,3475.0,13,3474.0
IF2409,,13:43:14.300#,3502.8,3512.6,3473.4,3852.4,3152.0,16033,108749,3473.0,18,3473.2,17,3473.4,8,3473.6,1,3473.8,3,3474.2,1,3474.4,3,3474.6,3,3474.8,4,3475.0,13,3474.0
IF2409,,13:43:17.300#,3502.8,3512.6,3473.4,3852.4,3152.0,16037,108749,3473.0,18,3473.2,17,3473.4,5,3473.6,2,3473.8,1,3474.0,1,3474.2,2,3474.4,3,3474.6,2,3474.8,4,3474.0
IF2409,,13:43:17.800#,3502.8,3512.6,3473.4,3852.4,3152.0,16037,108749,3473.0,18,3473.2,17,3473.4,5,3473.6,1,3473.8,1,3474.0,1,3474.2,2,3474.4,3,3474.6,2,3474.8,4,3474.0
IF2409,,13:43:19.300#,3502.8,3512.6,3473.4,3852.4,3152.0,16038,108750,3472.8,10,3473.0,18,3473.2,17,3473.4,5,3473.6,1,3473.8,1,3474.0,1,3474.2,2,3474.4,2,3474.6,2,3473.8
IF2409,,13:43:20.800#,3502.8,3512.6,3473.4,3852.4,3152.0,16042,108750,3472.6,12,3472.8,10,3473.0,18,3473.2,16,3473.4,1,3474.0,2,3474.2,2,3474.4,1,3474.6,2,3474.8,4,3473.8
IF2409,,13:43:21.300#,3502.8,3512.6,3473.4,3852.4,3152.0,16042,108750,3472.6,12,3472.8,10,3473.0,18,3473.2,16,3473.4,1,3474.0,2,3474.2,4,3474.4,1,3474.6,2,3474.8,4,3473.8
IF2409,,13:43:27.800#,3502.8,3512.6,3473.4,3852.4,3152.0,16043,108750,3472.8,10,3473.0,18,3473.2,16,3473.4,5,3473.6,3,3474.2,4,3474.6,3,3474.8,4,3475.0,11,3475.2,1,3473.8
IF2409,,13:43:28.300#,3502.8,3512.6,3473.4,3852.4,3152.0,16043,108750,3473.0,18,3473.2,18,3473.4,5,3473.6,1,3473.8,1,3474.2,3,3474.6,3,3474.8,4,3475.0,11,3475.2,1,3473.8
IF2409,,13:43:28.800#,3502.8,3512.6,3473.4,3852.4,3152.0,16043,108750,3473.0,18,3473.2,18,3473.4,5,3473.6,1,3473.8,1,3474.0,1,3474.2,3,3474.6,2,3474.8,4,3475.0,11,3473.8
IF2409,,13:43:33.300#,3502.8,3512.6,3473.4,3852.4,3152.0,16046,108752,3473.0,18,3473.2,16,3473.4,7,3473.6,3,3473.8,6,3474.2,2,3474.6,2,3474.8,4,3475.0,11,3475.2,1,3474.0
IF2409,,13:43:33.800#,3502.8,3512.6,3473.4,3852.4,3152.0,16046,108752,3473.0,18,3473.2,16,3473.4,7,3473.6,3,3473.8,3,3474.2,2,3474.6,2,3474.8,4,3475.0,11,3475.2,1,3474.0
IF2409,,13:43:34.300#,3502.8,3512.6,3473.4,3852.4,3152.0,16046,108752,3473.0,18,3473.2,16,3473.4,7,3473.6,3,3473.8,2,3474.2,2,3474.6,2,3474.8,4,3475.0,11,3475.2,1,3474.0
IF2409,,13:43:35.300#,3502.8,3512.6,3473.4,3852.4,3152.0,16046,108752,3473.0,18,3473.2,18,3473.4,5,3473.6,3,3473.8,1,3474.2,2,3474.6,2,3474.8,4,3475.0,11,3475.2,1,3474.0
IF2409,,13:43:36.300#,3502.8,3512.6,3473.4,3852.4,3152.0,16046,108752,3473.0,18,3473.2,18,3473.4,5,3473.6,3,3473.8,1,3474.2,2,3474.4,1,3474.6,2,3474.8,4,3475.0,11,3474.0
IF2409,,13:43:37.800#,3502.8,3512.6,3473.4,3852.4,3152.0,16046,108752,3473.0,18,3473.2,18,3473.4,5,3473.6,3,3473.8,3,3474.2,2,3474.4,1,3474.6,2,3474.8,4,3475.0,11,3474.0
IF2409,,13:43:40.300#,3502.8,3512.6,3473.4,3852.4,3152.0,16047,108752,3473.0,18,3473.2,18,3473.4,5,3473.6,3,3473.8,2,3474.2,3,3474.4,1,3474.6,2,3474.8,4,3475.0,11,3473.8
IF2409,,13:43:41.300#,3502.8,3512.6,3473.4,3852.4,3152.0,16047,108752,3472.8,10,3473.0,18,3473.2,18,3473.4,5,3473.6,3,3474.2,2,3474.4,1,3474.6,2,3474.8,4,3475.0,11,3473.8
IF2409,,13:43:43.300#,3502.8,3512.6,3473.4,3852.4,3152.0,16047,108752,3472.8,10,3473.0,18,3473.2,16,3473.4,5,3473.6,1,3474.0,4,3474.2,4,3474.4,1,3474.6,2,3474.8,4,3473.8
IF2409,,13:43:44.800#,3502.8,3512.6,3473.4,3852.4,3152.0,16047,108752,3472.8,10,3473.0,18,3473.2,16,3473.4,5,3473.6,2,3474.0,4,3474.2,4,3474.4,1,3474.6,2,3474.8,4,3473.8
IF2409,,13:43:46.300#,3502.8,3512.6,3473.4,3852.4,3152.0,16047,108752,3473.0,18,3473.2,16,3473.4,5,3473.6,3,3473.8,1,3474.0,4,3474.2,4,3474.4,1,3474.6,2,3474.8,4,3473.8
IF2409,,13:43:46.800#,3502.8,3512.6,3473.4,3852.4,3152.0,16048,108752,3473.0,18,3473.2,16,3473.4,5,3473.6,2,3473.8,1,3474.0,3,3474.2,4,3474.4,1,3474.6,2,3474.8,4,3474.0
IF2409,,13:43:47.300#,3502.8,3512.6,3473.4,3852.4,3152.0,16050,108751,3473.0,18,3473.2,16,3473.4,5,3473.6,2,3473.8,1,3474.0,1,3474.2,4,3474.4,1,3474.6,2,3474.8,4,3474.0
IF2409,,13:43:47.800#,3502.8,3512.6,3473.4,3852.4,3152.0,16050,108751,3473.0,18,3473.2,16,3473.4,5,3473.6,2,3473.8,2,3474.0,1,3474.2,4,3474.4,1,3474.6,2,3474.8,4,3474.0
IF2409,,13:43:48.300#,3502.8,3512.6,3473.4,3852.4,3152.0,16050,108751,3473.0,18,3473.2,16,3473.4,4,3473.6,3,3473.8,2,3474.0,1,3474.2,4,3474.4,1,3474.6,2,3474.8,4,3474.0
IF2409,,13:43:48.800#,3502.8,3512.6,3473.4,3852.4,3152.0,16050,108751,3473.0,18,3473.2,16,3473.4,6,3473.6,3,3473.8,1,3474.2,4,3474.4,1,3474.6,2,3474.8,4,3475.0,11,3474.0
IF2409,,13:43:49.300#,3502.8,3512.6,3473.4,3852.4,3152.0,16050,108751,3473.0,18,3473.2,18,3473.4,4,3473.6,3,3473.8,1,3474.2,4,3474.4,2,3474.6,2,3474.8,4,3475.0,11,3474.0
IF2409,,13:43:50.800#,3502.8,3512.6,3473.4,3852.4,3152.0,16050,108751,3473.0,18,3473.2,18,3473.4,4,3473.6,3,3473.8,1,3474.0,1,3474.2,4,3474.4,2,3474.6,2,3474.8,4,3474.0
IF2409,,13:43:51.300#,3502.8,3512.6,3473.4,3852.4,3152.0,16050,108751,3473.0,18,3473.2,18,3473.4,4,3473.6,3,3473.8,1,3474.2,4,3474.4,2,3474.6,2,3474.8,4,3475.0,11,3474.0
IF2409,,13:43:52.300#,3502.8,3512.6,3473.4,3852.4,3152.0,16050,108751,3473.0,18,3473.2,18,3473.4,4,3473.6,3,3473.8,2,3474.2,4,3474.4,2,3474.6,2,3474.8,4,3475.0,11,3474.0
IF2409,,13:43:52.800#,3502.8,3512.6,3473.4,3852.4,3152.0,16050,108751,3473.0,18,3473.2,18,3473.4,4,3473.6,3,3473.8,2,3474.2,3,3474.4,2,3474.6,2,3474.8,4,3475.0,11,3474.0
IF2409,,13:43:53.800#,3502.8,3512.6,3473.4,3852.4,3152.0,16052,108750,3473.0,18,3473.2,18,3473.4,4,3473.6,3,3473.8,2,3474.2,1,3474.4,2,3474.6,2,3474.8,4,3475.0,11,3474.2
IF2409,,13:43:54.300#,3502.8,3512.6,3473.4,3852.4,3152.0,16052,108750,3473.0,18,3473.2,18,3473.4,4,3473.6,3,3473.8,3,3474.2,1,3474.4,2,3474.6,2,3474.8,4,3475.0,11,3474.2
IF2409,,13:43:54.800#,3502.8,3512.6,3473.4,3852.4,3152.0,16052,108750,3473.0,18,3473.2,18,3473.4,4,3473.6,3,3473.8,3,3474.2,2,3474.4,2,3474.6,2,3474.8,4,3475.0,11,3474.2
IF2409,,13:43:55.800#,3502.8,3512.6,3473.4,3852.4,3152.0,16052,108750,3473.0,18,3473.2,18,3473.4,4,3473.6,3,3473.8,7,3474.2,2,3474.4,2,3474.6,2,3474.8,4,3475.0,11,3474.2
IF2409,,13:43:56.300#,3502.8,3512.6,3473.4,3852.4,3152.0,16052,108750,3473.0,18,3473.2,18,3473.4,4,3473.6,3,3473.8,7,3474.2,3,3474.4,2,3474.6,2,3474.8,4,3475.0,11,3474.2
IF2409,,13:43:56.800#,3502.8,3512.6,3473.4,3852.4,3152.0,16052,108750,3473.0,18,3473.2,18,3473.4,4,3473.6,3,3473.8,7,3474.2,2,3474.4,2,3474.6,2,3474.8,4,3475.0,11,3474.2
IF2409,,13:43:57.300#,3502.8,3512.6,3473.4,3852.4,3152.0,16052,108750,3473.2,18,3473.4,4,3473.6,3,3473.8,8,3474.0,1,3474.2,2,3474.4,2,3474.6,2,3474.8,4,3475.0,11,3474.2
IF2409,,13:43:57.800#,3502.8,3512.6,3473.4,3852.4,3152.0,16052,108750,3473.2,18,3473.4,4,3473.6,3,3473.8,4,3474.0,5,3474.2,2,3474.4,2,3474.6,2,3474.8,4,3475.0,11,3474.2
IF2409,,13:43:58.300#,3502.8,3512.6,3473.4,3852.4,3152.0,16052,108750,3473.2,18,3473.4,4,3473.6,3,3473.8,3,3474.0,4,3474.2,2,3474.4,2,3474.6,2,3474.8,4,3475.0,11,3474.2
IF2409,,13:43:58.800#,3502.8,3512.6,3473.4,3852.4,3152.0,16052,108750,3473.2,18,3473.4,4,3473.6,3,3473.8,3,3474.0,4,3474.2,3,3474.4,2,3474.6,2,3474.8,4,3475.0,11,3474.2
IF2409,,13:43:59.800#,3502.8,3512.6,3473.4,3852.4,3152.0,16052,108750,3473.2,18,3473.4,3,3473.6,3,3473.8,3,3474.0,4,3474.2,3,3474.4,2,3474.6,2,3474.8,4,3475.0,11,3474.2
IF2409,,13:44:00.800#,3502.8,3512.6,3473.4,3852.4,3152.0,16052,108750,3473.2,18,3473.4,3,3473.6,3,3473.8,4,3474.0,4,3474.2,3,3474.4,2,3474.6,2,3474.8,4,3475.0,11,3474.2
IF2409,,13:44:02.800#,3502.8,3512.6,3473.4,3852.4,3152.0,16056,108750,3473.0,18,3473.2,18,3473.4,3,3473.6,3,3473.8,4,3474.0,1,3474.2,3,3474.4,2,3474.6,2,3474.8,4,3474.0
IF2409,,13:44:03.300#,3502.8,3512.6,3473.4,3852.4,3152.0,16058,108750,3473.2,18,3473.4,3,3473.6,3,3473.8,4,3474.0,3,3474.2,2,3474.4,2,3474.6,2,3474.8,4,3475.0,11,3474.2
IF2409,,13:44:03.800#,3502.8,3512.6,3473.4,3852.4,3152.0,16058,108750,3473.2,18,3473.4,3,3473.6,3,3473.8,4,3474.0,1,3474.2,2,3474.4,2,3474.6,2,3474.8,4,3475.0,11,3474.2
IF2409,,13:44:05.800#,3502.8,3512.6,3473.4,3852.4,3152.0,16060,108748,3473.2,18,3473.4,3,3473.6,3,3473.8,4,3474.0,1,3474.4,2,3474.6,2,3474.8,4,3475.0,11,3475.2,1,3474.2
IF2409,,13:44:06.300#,3502.8,3512.6,3473.4,3852.4,3152.0,16060,108748,3473.2,18,3473.4,3,3473.6,3,3473.8,4,3474.0,2,3474.4,2,3474.6,2,3474.8,4,3475.0,11,3475.2,1,3474.2
IF2409,,13:44:06.800#,3502.8,3512.6,3473.4,3852.4,3152.0,16061,108749,3473.2,18,3473.4,3,3473.6,3,3473.8,4,3474.0,2,3474.4,2,3474.6,3,3474.8,4,3475.0,11,3475.2,1,3474.2
IF2409,,13:44:08.800#,3502.8,3512.6,3473.4,3852.4,3152.0,16061,108749,3473.2,18,3473.4,3,3473.6,2,3473.8,4,3474.0,2,3474.4,2,3474.6,3,3474.8,4,3475.0,11,3475.2,1,3474.2
IF2409,,13:44:09.300#,3502.8,3512.6,3473.4,3852.4,3152.0,16061,108749,3473.4,3,3473.6,2,3473.8,4,3474.0,1,3474.2,1,3474.4,2,3474.6,3,3474.8,4,3475.0,11,3475.2,1,3474.2
IF2409,,13:44:09.800#,3502.8,3512.6,3473.4,3852.4,3152.0,16061,108749,3473.2,18,3473.4,3,3473.6,2,3473.8,4,3474.2,1,3474.4,1,3474.6,2,3474.8,4,3475.0,11,3475.2,1,3474.2
IF2409,,13:44:10.300#,3502.8,3512.6,3473.4,3852.4,3152.0,16062,108749,3473.2,18,3473.4,3,3473.6,2,3473.8,4,3474.2,1,3474.6,2,3474.8,4,3475.0,11,3475.2,1,3475.4,2,3474.4
IF2409,,13:44:10.800#,3502.8,3512.6,3473.4,3852.4,3152.0,16062,108749,3473.2,18,3473.4,3,3473.6,2,3473.8,5,3474.2,1,3474.6,2,3474.8,6,3475.0,11,3475.2,1,3475.4,2,3474.4
IF2409,,13:44:18.300#,3502.8,3512.6,3473.4,3852.4,3152.0,16062,108749,3473.2,18,3473.4,3,3473.6,2,3473.8,5,3474.2,2,3474.6,2,3474.8,6,3475.0,11,3475.2,1,3475.4,2,3474.4
IF2409,,13:44:20.300#,3502.8,3512.6,3473.4,3852.4,3152.0,16062,108749,3473.2,18,3473.4,3,3473.6,2,3473.8,4,3474.2,2,3474.6,3,3474.8,6,3475.0,11,3475.2,1,3475.4,2,3474.4
IF2409,,13:44:21.300#,3502.8,3512.6,3473.4,3852.4,3152.0,16062,108749,3473.2,18,3473.4,3,3473.6,2,3473.8,5,3474.2,2,3474.6,3,3474.8,6,3475.0,11,3475.2,1,3475.4,2,3474.4
IF2409,,13:44:21.800#,3502.8,3512.6,3473.4,3852.4,3152.0,16062,108749,3473.2,18,3473.4,3,3473.6,2,3473.8,5,3474.2,1,3474.6,3,3474.8,6,3475.0,11,3475.2,1,3475.4,2,3474.4
IF2409,,13:44:25.800#,3502.8,3512.6,3473.4,3852.4,3152.0,16063,108750,3473.0,19,3473.2,18,3473.4,3,3473.6,2,3473.8,5,3474.6,3,3474.8,6,3475.0,11,3475.2,1,3475.4,2,3474.2
IF2409,,13:44:26.300#,3502.8,3512.6,3473.4,3852.4,3152.0,16063,108750,3473.2,18,3473.4,1,3473.6,4,3473.8,6,3474.0,9,3474.6,3,3474.8,6,3475.0,11,3475.2,1,3475.4,2,3474.2
IF2409,,13:44:26.800#,3502.8,3512.6,3473.4,3852.4,3152.0,16063,108750,3473.2,18,3473.4,1,3473.6,4,3473.8,6,3474.0,10,3474.6,3,3474.8,6,3475.0,11,3475.2,1,3475.4,2,3474.2
IF2409,,13:44:27.300#,3502.8,3512.6,3473.4,3852.4,3152.0,16063,108750,3473.6,4,3473.8,6,3474.0,10,3474.2,1,3474.4,2,3474.6,3,3474.8,6,3475.0,11,3475.2,1,3475.4,2,3474.2
IF2409,,13:44:27.800#,3502.8,3512.6,3473.4,3852.4,3152.0,16063,108750,3473.6,4,3473.8,5,3474.0,9,3474.2,1,3474.4,2,3474.6,3,3474.8,6,3475.0,11,3475.2,1,3475.4,2,3474.2
IF2409,,13:44:30.800#,3502.8,3512.6,3473.4,3852.4,3152.0,16064,108750,3473.6,4,3473.8,5,3474.0,9,3474.2,1,3474.4,1,3474.6,3,3474.8,6,3475.0,11,3475.2,1,3475.4,2,3474.4
IF2409,,13:44:31.300#,3502.8,3512.6,3473.4,3852.4,3152.0,16065,108751,3473.4,1,3473.6,4,3473.8,5,3474.0,9,3474.2,1,3474.6,3,3474.8,6,3475.0,11,3475.2,1,3475.4,2,3474.4
IF2409,,13:44:32.300#,3502.8,3512.6,3473.4,3852.4,3152.0,16068,108748,3473.4,1,3473.6,4,3473.8,5,3474.0,9,3474.2,2,3474.8,6,3475.0,11,3475.2,1,3475.4,2,3476.0,2,3474.6
IF2409,,13:44:32.800#,3502.8,3512.6,3473.4,3852.4,3152.0,16068,108748,3473.6,4,3473.8,4,3474.0,9,3474.2,2,3474.4,3,3474.8,5,3475.0,11,3475.2,1,3475.4,2,3476.0,2,3474.6
IF2409,,13:44:33.800#,3502.8,3512.6,3473.4,3852.4,3152.0,16068,108748,3473.6,4,3473.8,4,3474.0,9,3474.2,2,3474.4,2,3474.6,1,3474.8,5,3475.0,11,3475.2,1,3475.4,2,3474.6
IF2409,,13:44:34.300#,3502.8,3512.6,3473.4,3852.4,3152.0,16069,108748,3473.6,4,3473.8,4,3474.0,8,3474.2,2,3474.4,1,3474.6,1,3474.8,5,3475.0,11,3475.2,1,3475.4,2,3474.4
IF2409,,13:44:34.800#,3502.8,3512.6,3473.4,3852.4,3152.0,16069,108748,3473.6,4,3473.8,4,3474.0,8,3474.2,2,3474.4,1,3474.6,1,3474.8,5,3475.0,9,3475.2,1,3475.4,2,3474.4
IF2409,,13:44:35.800#,3502.8,3512.6,3473.4,3852.4,3152.0,16069,108748,3473.4,1,3473.6,4,3473.8,4,3474.0,8,3474.2,2,3474.6,1,3474.8,5,3475.0,9,3475.2,1,3475.4,2,3474.4
IF2409,,13:44:36.300#,3502.8,3512.6,3473.4,3852.4,3152.0,16069,108748,3473.4,1,3473.6,4,3473.8,4,3474.0,28,3474.2,1,3474.6,1,3474.8,5,3475.0,9,3475.2,1,3475.4,2,3474.4
IF2409,,13:44:36.800#,3502.8,3512.6,3473.4,3852.4,3152.0,16069,108748,3473.4,1,3473.6,4,3473.8,4,3474.0,28,3474.2,2,3474.6,1,3474.8,5,3475.0,9,3475.2,1,3475.4,2,3474.4
IF2409,,13:44:37.300#,3502.8,3512.6,3473.4,3852.4,3152.0,16070,108747,3473.4,1,3473.6,4,3473.8,4,3474.0,28,3474.2,3,3474.8,5,3475.0,9,3475.2,1,3475.4,2,3476.0,2,3474.6
IF2409,,13:44:37.800#,3502.8,3512.6,3473.4,3852.4,3152.0,16070,108747,3473.6,4,3473.8,4,3474.0,28,3474.2,2,3474.4,1,3474.8,5,3475.0,9,3475.2,1,3475.4,2,3476.0,2,3474.6
IF2409,,13:44:39.800#,3502.8,3512.6,3473.4,3852.4,3152.0,16070,108747,3473.4,1,3473.6,4,3473.8,4,3474.0,28,3474.2,2,3474.8,5,3475.0,9,3475.2,1,3475.4,2,3476.0,2,3474.6
IF2409,,13:44:40.300#,3502.8,3512.6,3473.4,3852.4,3152.0,16070,108747,3473.4,1,3473.6,4,3473.8,4,3474.0,28,3474.2,3,3474.6,1,3474.8,5,3475.0,9,3475.2,1,3475.4,2,3474.6
IF2409,,13:44:40.800#,3502.8,3512.6,3473.4,3852.4,3152.0,16070,108747,3473.4,1,3473.6,4,3473.8,4,3474.0,28,3474.2,2,3474.6,1,3474.8,5,3475.0,9,3475.2,1,3475.4,2,3474.6
IF2409,,13:44:44.300#,3502.8,3512.6,3473.4,3852.4,3152.0,16070,108747,3473.4,1,3473.6,4,3473.8,3,3474.0,28,3474.2,2,3474.6,1,3474.8,5,3475.0,9,3475.2,1,3475.4,2,3474.6
IF2409,,13:44:44.800#,3502.8,3512.6,3473.4,3852.4,3152.0,16070,108747,3473.4,1,3473.6,4,3473.8,3,3474.0,28,3474.2,1,3474.6,1,3474.8,5,3475.0,9,3475.2,1,3475.4,2,3474.6
IF2409,,13:44:45.300#,3502.8,3512.6,3473.4,3852.4,3152.0,16071,108747,3473.4,1,3473.6,4,3473.8,3,3474.0,28,3474.2,1,3474.8,5,3475.0,9,3475.2,1,3475.4,2,3476.0,2,3474.6
IF2409,,13:44:45.800#,3502.8,3512.6,3473.4,3852.4,3152.0,16071,108747,3473.6,4,3473.8,3,3474.0,28,3474.2,2,3474.6,1,3474.8,5,3475.0,9,3475.2,1,3475.4,2,3476.0,2,3474.6
IF2409,,13:44:46.300#,3502.8,3512.6,3473.4,3852.4,3152.0,16072,108748,3473.4,1,3473.6,4,3473.8,3,3474.0,28,3474.2,2,3474.6,1,3474.8,5,3475.0,9,3475.2,1,3475.4,2,3474.6
IF2409,,13:44:48.300#,3502.8,3512.6,3473.4,3852.4,3152.0,16072,108748,3473.4,1,3473.6,4,3473.8,2,3474.0,28,3474.2,4,3474.6,1,3474.8,5,3475.0,9,3475.2,1,3475.4,2,3474.6
IF2409,,13:44:48.800#,3502.8,3512.6,3473.4,3852.4,3152.0,16073,108749,3473.8,2,3474.0,28,3474.2,5,3474.4,1,3474.6,1,3474.8,5,3475.0,9,3475.2,1,3475.4,2,3476.0,1,3474.6
IF2409,,13:44:49.300#,3502.8,3512.6,3473.4,3852.4,3152.0,16073,108749,3473.8,2,3474.0,28,3474.2,4,3474.4,2,3474.6,1,3474.8,5,3475.0,9,3475.2,1,3475.4,2,3476.0,1,3474.6
IF2409,,13:44:49.800#,3502.8,3512.6,3473.4,3852.4,3152.0,16073,108749,3473.8,2,3474.0,28,3474.2,4,3474.4,2,3474.6,1,3474.8,4,3475.0,9,3475.2,1,3475.4,2,3476.0,1,3474.6
IF2409,,13:44:51.800#,3502.8,3512.6,3473.4,3852.4,3152.0,16073,108749,3473.8,2,3474.0,28,3474.2,4,3474.4,2,3474.6,1,3474.8,3,3475.0,9,3475.2,1,3475.4,2,3476.0,1,3474.6
IF2409,,13:44:52.300#,3502.8,3512.6,3473.4,3852.4,3152.0,16073,108749,3473.8,2,3474.0,28,3474.2,4,3474.4,2,3474.6,3,3474.8,3,3475.0,9,3475.2,1,3475.4,2,3476.0,1,3474.6
IF2409,,13:44:52.800#,3502.8,3512.6,3473.4,3852.4,3152.0,16075,108749,3473.8,2,3474.0,28,3474.2,4,3474.4,2,3474.6,3,3474.8,2,3475.0,7,3475.2,1,3475.4,2,3476.0,1,3474.8
IF2409,,13:44:53.300#,3502.8,3512.6,3473.4,3852.4,3152.0,16075,108749,3473.8,2,3474.0,28,3474.2,4,3474.4,2,3474.6,3,3474.8,2,3475.0,5,3475.2,1,3475.4,2,3475.8,2,3474.8
IF2409,,13:44:53.800#,3502.8,3512.6,3473.4,3852.4,3152.0,16077,108750,3474.0,28,3474.2,6,3474.4,2,3474.6,4,3474.8,1,3475.0,2,3475.2,1,3475.4,2,3475.8,2,3476.0,1,3474.8
IF2409,,13:44:54.300#,3502.8,3512.6,3473.4,3852.4,3152.0,16079,108749,3474.0,28,3474.2,6,3474.4,2,3474.6,4,3474.8,1,3475.2,1,3475.4,2,3475.8,2,3476.0,1,3476.2,3,3475.0
IF2409,,13:44:54.800#,3502.8,3512.6,3473.4,3852.4,3152.0,16079,108749,3474.0,28,3474.2,6,3474.4,2,3474.6,4,3475.0,5,3475.2,1,3475.4,2,3475.8,2,3476.0,1,3476.2,3,3475.0
IF2409,,13:44:55.300#,3502.8,3512.6,3473.4,3852.4,3152.0,16080,108749,3474.0,28,3474.2,6,3474.4,2,3474.6,3,3475.0,5,3475.4,2,3475.8,2,3476.0,1,3476.2,3,3476.4,2,3475.2
IF2409,,13:44:55.800#,3502.8,3512.6,3473.4,3852.4,3152.0,16080,108749,3474.2,6,3474.4,2,3474.6,3,3475.0,6,3475.2,1,3475.4,2,3475.8,2,3476.0,1,3476.2,3,3476.4,2,3475.2
IF2409,,13:44:56.300#,3502.8,3512.6,3473.4,3852.4,3152.0,16080,108749,3474.2,6,3474.4,2,3474.6,3,3475.0,5,3475.2,1,3475.4,3,3475.8,2,3476.0,1,3476.2,3,3476.4,2,3475.2
IF2409,,13:44:57.800#,3502.8,3512.6,3473.4,3852.4,3152.0,16080,108749,3474.2,6,3474.4,2,3474.6,2,3475.0,5,3475.2,1,3475.4,3,3475.8,2,3476.0,1,3476.2,3,3476.4,2,3475.2
IF2409,,13:44:59.300#,3502.8,3512.6,3473.4,3852.4,3152.0,16081,108749,3474.0,27,3474.2,6,3474.4,2,3474.6,2,3475.2,1,3475.4,3,3475.8,2,3476.0,1,3476.2,3,3476.4,2,3475.2
IF2409,,13:45:00.300#,3502.8,3512.6,3473.4,3852.4,3152.0,16083,108750,3473.8,2,3474.0,27,3474.2,6,3474.4,2,3474.6,2,3475.4,2,3475.8,2,3476.0,1,3476.2,3,3476.4,2,3475.4
IF2409,,13:45:00.800#,3502.8,3512.6,3473.4,3852.4,3152.0,16083,108750,3474.0,25,3474.2,6,3474.4,2,3474.6,4,3474.8,9,3475.4,2,3475.6,2,3475.8,2,3476.0,1,3476.2,3,3475.4
IF2409,,13:45:01.300#,3502.8,3512.6,3473.4,3852.4,3152.0,16083,108750,3474.2,6,3474.4,2,3474.6,5,3474.8,10,3475.0,3,3475.4,2,3475.6,2,3475.8,2,3476.2,3,3476.4,2,3475.4
IF2409,,13:45:02.300#,3502.8,3512.6,3473.4,3852.4,3152.0,16083,108750,3474.2,6,3474.4,2,3474.6,5,3474.8,10,3475.0,3,3475.4,2,3475.6,4,3475.8,2,3476.2,3,3476.4,2,3475.4
IF2409,,13:45:03.800#,3502.8,3512.6,3473.4,3852.4,3152.0,16083,108750,3474.0,23,3474.2,6,3474.4,2,3474.6,5,3474.8,8,3475.4,3,3475.6,4,3475.8,2,3476.2,3,3476.4,2,3475.4
IF2409,,13:45:04.300#,3502.8,3512.6,3473.4,3852.4,3152.0,16083,108750,3474.0,23,3474.2,6,3474.4,2,3474.6,5,3474.8,6,3475.4,9,3475.6,4,3475.8,2,3476.2,3,3476.4,2,3475.4
IF2409,,13:45:04.800#,3502.8,3512.6,3473.4,3852.4,3152.0,16083,108750,3474.0,23,3474.2,5,3474.4,2,3474.6,5,3474.8,6,3475.2,2,3475.4,3,3475.6,4,3475.8,2,3476.2,3,3475.4
IF2409,,13:45:05.300#,3502.8,3512.6,3473.4,3852.4,3152.0,16083,108750,3474.0,23,3474.2,5,3474.4,2,3474.6,4,3474.8,6,3475.2,3,3475.4,3,3475.6,4,3475.8,2,3476.2,3,3475.4
IF2409,,13:45:05.800#,3502.8,3512.6,3473.4,3852.4,3152.0,16084,108750,3474.0,23,3474.2,5,3474.4,2,3474.6,4,3474.8,5,3475.2,2,3475.4,3,3475.6,4,3475.8,2,3476.2,3,3474.8
IF2409,,13:45:06.300#,3502.8,3512.6,3473.4,3852.4,3152.0,16087,108752,3474.0,23,3474.2,5,3474.4,2,3474.6,4,3474.8,2,3475.2,1,3475.4,3,3475.6,4,3475.8,2,3476.2,3,3475.2
IF2409,,13:45:07.300#,3502.8,3512.6,3473.4,3852.4,3152.0,16087,108752,3474.0,23,3474.2,5,3474.4,3,3474.6,4,3474.8,2,3475.2,1,3475.4,3,3475.6,4,3475.8,2,3476.2,3,3475.2
IF2409,,13:45:07.800#,3502.8,3512.6,3473.4,3852.4,3152.0,16088,108751,3474.2,5,3474.4,3,3474.6,4,3474.8,3,3475.2,1,3475.4,3,3475.6,4,3475.8,2,3476.2,3,3476.4,2,3475.2
IF2409,,13:45:08.300#,3502.8,3512.6,3473.4,3852.4,3152.0,16089,108750,3474.0,23,3474.2,5,3474.4,3,3474.6,4,3474.8,3,3475.2,2,3475.4,10,3475.6,4,3475.8,2,3476.2,3,3475.2
IF2409,,13:45:08.800#,3502.8,3512.6,3473.4,3852.4,3152.0,16089,108750,3474.0,23,3474.2,5,3474.4,3,3474.6,4,3474.8,3,3475.0,1,3475.2,1,3475.4,3,3475.6,4,3475.8,2,3475.2
IF2409,,13:45:09.300#,3502.8,3512.6,3473.4,3852.4,3152.0,16090,108750,3474.0,23,3474.2,5,3474.4,4,3474.6,5,3474.8,2,3475.2,1,3475.4,3,3475.6,4,3475.8,2,3476.2,3,3475.0
IF2409,,13:45:09.800#,3502.8,3512.6,3473.4,3852.4,3152.0,16090,108750,3474.0,23,3474.2,5,3474.4,4,3474.6,5,3474.8,3,3475.4,3,3475.6,4,3475.8,2,3476.2,3,3476.4,2,3475.0
IF2409,,13:45:10.800#,3502.8,3512.6,3473.4,3852.4,3152.0,16090,108750,3474.0,23,3474.2,5,3474.4,4,3474.6,5,3474.8,3,3475.4,3,3475.6,4,3475.8,3,3476.2,3,3476.4,2,3475.0
IF2409,,13:45:11.300#,3502.8,3512.6,3473.4,3852.4,3152.0,16091,108750,3474.0,23,3474.2,5,3474.4,4,3474.6,5,3474.8,2,3475.2,3,3475.4,3,3475.6,4,3475.8,3,3476.2,3,3475.2
IF2409,,13:45:11.800#,3502.8,3512.6,3473.4,3852.4,3152.0,16092,108750,3474.0,23,3474.2,5,3474.4,4,3474.6,5,3474.8,1,3475.2,3,3475.4,3,3475.6,4,3475.8,3,3476.2,3,3475.2
IF2409,,13:45:12.300#,3502.8,3512.6,3473.4,3852.4,3152.0,16093,108751,3473.8,1,3474.0,23,3474.2,5,3474.4,4,3474.6,5,3475.2,3,3475.4,3,3475.6,4,3475.8,3,3476.2,3,3474.8
IF2409,,13:45:12.800#,3502.8,3512.6,3473.4,3852.4,3152.0,16093,108751,3473.8,1,3474.0,23,3474.2,5,3474.4,4,3474.6,4,3475.2,3,3475.4,3,3475.6,4,3475.8,3,3476.2,3,3474.8
IF2409,,13:45:13.300#,3502.8,3512.6,3473.4,3852.4,3152.0,16093,108751,3473.8,1,3474.0,23,3474.2,5,3474.4,4,3474.6,4,3475.0,1,3475.2,5,3475.4,3,3475.6,4,3475.8,3,3474.8
IF2409,,13:45:13.800#,3502.8,3512.6,3473.4,3852.4,3152.0,16094,108750,3473.8,1,3474.0,23,3474.2,5,3474.4,4,3474.6,3,3475.2,5,3475.4,3,3475.6,4,3475.8,3,3476.2,3,3475.0
IF2409,,13:45:14.300#,3502.8,3512.6,3473.4,3852.4,3152.0,16097,108748,3473.8,1,3474.0,23,3474.2,3,3474.4,4,3474.6,3,3474.8,3,3475.0,16,3475.2,6,3475.4,2,3475.6,4,3475.0
IF2409,,13:45:14.800#,3502.8,3512.6,3473.4,3852.4,3152.0,16100,108747,3473.8,1,3474.0,23,3474.2,3,3474.4,4,3474.6,3,3475.0,16,3475.2,6,3475.4,2,3475.6,4,3475.8,3,3475.0
IF2409,,13:45:15.300#,3502.8,3512.6,3473.4,3852.4,3152.0,16100,108747,3473.8,1,3474.0,24,3474.2,3,3474.4,4,3474.6,3,3475.0,11,3475.2,4,3475.4,2,3475.6,4,3475.8,3,3475.0
IF2409,,13:45:15.800#,3502.8,3512.6,3473.4,3852.4,3152.0,16100,108747,3473.8,1,3474.0,24,3474.2,5,3474.4,4,3474.6,4,3475.0,7,3475.2,4,3475.4,2,3475.6,4,3475.8,3,3475.0
IF2409,,13:45:16.300#,3502.8,3512.6,3473.4,3852.4,3152.0,16106,108746,3473.8,1,3474.0,24,3474.2,5,3474.4,4,3474.6,1,3475.0,7,3475.2,3,3475.4,2,3475.6,4,3475.8,3,3475.0
IF2409,,13:45:16.800#,3502.8,3512.6,3473.4,3852.4,3152.0,16107,108747,3473.8,1,3474.0,24,3474.2,5,3474.4,4,3474.6,1,3475.0,6,3475.2,3,3475.4,2,3475.6,4,3475.8,3,3475.0
IF2409,,13:45:17.300#,3502.8,3512.6,3473.4,3852.4,3152.0,16107,108747,3473.8,1,3474.0,24,3474.2,3,3474.4,4,3474.6,1,3475.0,6,3475.2,2,3475.4,2,3475.6,4,3475.8,3,3475.0
IF2409,,13:45:17.800#,3502.8,3512.6,3473.4,3852.4,3152.0,16108,108747,3473.6,1,3473.8,1,3474.0,24,3474.2,3,3474.4,4,3475.0,6,3475.2,2,3475.4,2,3475.6,4,3475.8,3,3474.6
IF2409,,13:45:18.300#,3502.8,3512.6,3473.4,3852.4,3152.0,16108,108747,3473.6,1,3473.8,1,3474.0,24,3474.2,3,3474.4,4,3474.8,1,3475.0,7,3475.2,3,3475.4,2,3475.6,4,3474.6
IF2409,,13:45:19.300#,3502.8,3512.6,3473.4,3852.4,3152.0,16108,108747,3473.6,1,3473.8,1,3474.0,24,3474.2,3,3474.4,4,3474.8,3,3475.0,5,3475.2,3,3475.4,2,3475.6,4,3474.6
IF2409,,13:45:19.800#,3502.8,3512.6,3473.4,3852.4,3152.0,16109,108747,3473.6,1,3473.8,1,3474.0,24,3474.2,3,3474.4,3,3474.8,4,3475.0,5,3475.2,3,3475.4,2,3475.6,4,3474.4
IF2409,,13:45:20.300#,3502.8,3512.6,3473.4,3852.4,3152.0,16111,108748,3473.6,1,3473.8,1,3474.0,24,3474.2,2,3474.4,3,3474.8,6,3475.0,5,3475.2,3,3475.4,2,3475.6,4,3474.6
IF2409,,13:45:20.800#,3502.8,3512.6,3473.4,3852.4,3152.0,16111,108748,3473.6,1,3473.8,1,3474.0,24,3474.2,2,3474.4,3,3474.8,5,3475.0,5,3475.2,3,3475.4,2,3475.6,4,3474.6
IF2409,,13:45:21.800#,3502.8,3512.6,3473.4,3852.4,3152.0,16111,108748,3473.6,1,3473.8,1,3474.0,24,3474.2,2,3474.4,3,3474.6,1,3474.8,5,3475.0,5,3475.2,3,3475.4,2,3474.6
IF2409,,13:45:22.300#,3502.8,3512.6,3473.4,3852.4,3152.0,16112,108747,3473.6,1,3473.8,1,3474.0,24,3474.2,2,3474.4,2,3474.8,4,3475.0,5,3475.2,3,3475.4,3,3475.6,4,3474.4
IF2409,,13:45:22.800#,3502.8,3512.6,3473.4,3852.4,3152.0,16112,108747,3473.6,1,3473.8,1,3474.0,24,3474.2,2,3474.4,2,3474.6,1,3474.8,6,3475.0,5,3475.2,3,3475.4,3,3474.4
IF2409,,13:45:23.300#,3502.8,3512.6,3473.4,3852.4,3152.0,16114,108748,3473.4,1,3473.6,1,3473.8,1,3474.0,24,3474.2,2,3474.6,1,3474.8,7,3475.0,5,3475.2,3,3475.4,3,3474.4
IF2409,,13:45:23.800#,3502.8,3512.6,3473.4,3852.4,3152.0,16114,108748,3473.4,1,3473.6,1,3473.8,1,3474.0,24,3474.2,2,3474.6,2,3474.8,5,3475.0,5,3475.2,3,3475.4,3,3474.4
IF2409,,13:45:24.300#,3502.8,3512.6,3473.4,3852.4,3152.0,16114,108748,3473.4,1,3473.6,1,3473.8,1,3474.0,24,3474.2,2,3474.6,1,3474.8,5,3475.0,5,3475.2,3,3475.4,3,3474.4
IF2409,,13:45:25.300#,3502.8,3512.6,3473.4,3852.4,3152.0,16115,108748,3473.4,1,3473.6,1,3473.8,1,3474.0,24,3474.2,2,3474.6,1,3474.8,4,3475.0,5,3475.2,3,3475.4,3,3474.6
IF2409,,13:45:26.300#,3502.8,3512.6,3473.4,3852.4,3152.0,16116,108747,3473.4,1,3473.6,1,3473.8,1,3474.0,24,3474.2,2,3474.8,4,3475.0,5,3475.2,3,3475.4,3,3475.6,4,3474.6
IF2409,,13:45:26.800#,3502.8,3512.6,3473.4,3852.4,3152.0,16116,108747,3473.4,1,3473.6,1,3473.8,1,3474.0,24,3474.2,2,3474.6,2,3474.8,9,3475.0,5,3475.2,3,3475.4,3,3474.6
IF2409,,13:45:27.300#,3502.8,3512.6,3473.4,3852.4,3152.0,16116,108747,3473.6,1,3473.8,1,3474.0,24,3474.2,2,3474.4,1,3474.6,2,3474.8,9,3475.0,5,3475.2,3,3475.4,3,3474.6
IF2409,,13:45:27.800#,3502.8,3512.6,3473.4,3852.4,3152.0,16117,108747,3473.4,1,3473.6,1,3473.8,1,3474.0,24,3474.2,2,3474.6,2,3474.8,9,3475.0,5,3475.2,3,3475.4,3,3474.4
IF2409,,13:45:28.300#,3502.8,3512.6,3473.4,3852.4,3152.0,16117,108747,3473.4,1,3473.6,1,3473.8,1,3474.0,24,3474.2,2,3474.6,2,3474.8,10,3475.0,5,3475.2,3,3475.4,3,3474.4
IF2409,,13:45:29.300#,3502.8,3512.6,3473.4,3852.4,3152.0,16117,108747,3473.4,1,3473.6,1,3473.8,1,3474.0,24,3474.2,2,3474.6,3,3474.8,10,3475.0,5,3475.2,3,3475.4,3,3474.4
IF2409,,13:45:29.800#,3502.8,3512.6,3473.4,3852.4,3152.0,16117,108747,3473.4,1,3473.6,1,3473.8,1,3474.0,24,3474.2,2,3474.6,4,3474.8,10,3475.0,5,3475.2,3,3475.4,3,3474.4
IF2409,,13:45:30.800#,3502.8,3512.6,3473.4,3852.4,3152.0,16117,108747,3473.4,1,3473.6,1,3473.8,1,3474.0,24,3474.2,2,3474.4,1,3474.6,4,3474.8,11,3475.0,5,3475.2,2,3474.4
IF2409,,13:45:31.300#,3502.8,3512.6,3473.4,3852.4,3152.0,16119,108747,3473.2,17,3473.4,1,3473.6,1,3473.8,1,3474.0,23,3474.2,1,3474.6,2,3474.8,6,3475.0,5,3475.2,2,3474.2
IF2409,,13:45:31.800#,3502.8,3512.6,3473.4,3852.4,3152.0,16120,108746,3473.2,17,3473.4,1,3473.6,1,3473.8,1,3474.0,23,3474.6,2,3474.8,6,3475.0,5,3475.2,2,3475.4,3,3474.2
IF2409,,13:45:32.300#,3502.8,3512.6,3473.4,3852.4,3152.0,16120,108746,3473.2,17,3473.4,1,3473.6,1,3473.8,1,3474.0,23,3474.6,3,3474.8,6,3475.0,5,3475.2,2,3475.4,3,3474.2
IF2409,,13:45:32.800#,3502.8,3512.6,3473.4,3852.4,3152.0,16120,108746,3473.2,17,3473.4,1,3473.6,1,3473.8,1,3474.0,23,3474.4,1,3474.6,2,3474.8,6,3475.0,5,3475.2,2,3474.2
IF2409,,13:45:33.300#,3502.8,3512.6,3473.4,3852.4,3152.0,16120,108746,3473.2,17,3473.4,1,3473.6,1,3473.8,1,3474.0,23,3474.2,1,3474.4,1,3474.6,2,3474.8,6,3475.0,5,3474.2
IF2409,,13:45:34.300#,3502.8,3512.6,3473.4,3852.4,3152.0,16120,108746,3473.2,17,3473.4,1,3473.6,1,3473.8,1,3474.0,3,3474.2,1,3474.4,1,3474.6,2,3474.8,6,3475.0,5,3474.2
IF2409,,13:45:34.800#,3502.8,3512.6,3473.4,3852.4,3152.0,16120,108746,3473.2,17,3473.4,1,3473.6,1,3473.8,1,3474.0,3,3474.2,2,3474.4,1,3474.6,2,3474.8,6,3475.0,5,3474.2
IF2409,,13:45:35.300#,3502.8,3512.6,3473.4,3852.4,3152.0,16120,108746,3473.2,17,3473.4,1,3473.6,1,3473.8,1,3474.0,3,3474.2,1,3474.4,1,3474.6,2,3474.8,6,3475.0,5,3474.2
IF2409,,13:45:36.300#,3502.8,3512.6,3473.4,3852.4,3152.0,16120,108746,3473.2,17,3473.4,1,3473.6,1,3473.8,1,3474.0,4,3474.2,1,3474.4,1,3474.6,2,3474.8,6,3475.0,5,3474.2
IF2409,,13:45:37.800#,3502.8,3512.6,3473.4,3852.4,3152.0,16120,108746,3473.2,17,3473.4,1,3473.6,1,3473.8,1,3474.0,4,3474.2,1,3474.4,1,3474.6,1,3474.8,6,3475.0,5,3474.2
IF2409,,13:45:38.300#,3502.8,3512.6,3473.4,3852.4,3152.0,16121,108747,3473.2,17,3473.4,1,3473.6,1,3473.8,1,3474.0,3,3474.2,1,3474.4,1,3474.6,1,3474.8,6,3475.0,5,3474.0
IF2409,,13:45:40.800#,3502.8,3512.6,3473.4,3852.4,3152.0,16121,108747,3473.2,17,3473.4,1,3473.6,1,3473.8,2,3474.0,3,3474.2,1,3474.4,1,3474.6,1,3474.8,6,3475.0,5,3474.0
IF2409,,13:45:41.300#,3502.8,3512.6,3473.4,3852.4,3152.0,16123,108747,3473.2,17,3473.4,1,3473.6,1,3473.8,2,3474.0,3,3474.4,1,3474.6,1,3474.8,6,3475.0,5,3475.2,2,3474.2
IF2409,,13:45:45.300#,3502.8,3512.6,3473.4,3852.4,3152.0,16123,108747,3473.2,17,3473.4,1,3473.6,1,3473.8,2,3474.0,3,3474.4,2,3474.6,1,3474.8,6,3475.0,5,3475.2,2,3474.2
IF2409,,13:45:45.800#,3502.8,3512.6,3473.4,3852.4,3152.0,16124,108747,3473.2,17,3473.4,1,3473.6,1,3473.8,2,3474.0,3,3474.4,2,3474.6,1,3474.8,6,3475.0,5,3475.2,2,3474.4
IF2409,,13:45:46.300#,3502.8,3512.6,3473.4,3852.4,3152.0,16124,108747,3473.2,17,3473.4,1,3473.6,1,3473.8,2,3474.0,3,3474.4,2,3474.6,1,3474.8,6,3475.0,4,3475.2,2,3474.4
IF2409,,13:45:47.300#,3502.8,3512.6,3473.4,3852.4,3152.0,16124,108747,3473.2,17,3473.4,1,3473.6,1,3473.8,2,3474.0,3,3474.4,2,3474.6,1,3474.8,5,3475.0,1,3475.2,2,3474.4
IF2409,,13:45:47.800#,3502.8,3512.6,3473.4,3852.4,3152.0,16124,108747,3473.2,17,3473.4,1,3473.6,1,3473.8,2,3474.0,3,3474.4,8,3474.6,1,3474.8,5,3475.0,1,3475.2,2,3474.4
IF2409,,13:45:48.300#,3502.8,3512.6,3473.4,3852.4,3152.0,16124,108747,3473.2,17,3473.4,1,3473.6,1,3473.8,2,3474.0,3,3474.4,11,3474.6,1,3474.8,5,3475.0,1,3475.2,2,3474.4
IF2409,,13:45:51.300#,3502.8,3512.6,3473.4,3852.4,3152.0,16124,108747,3473.2,17,3473.4,1,3473.6,1,3473.8,2,3474.0,3,3474.2,1,3474.4,11,3474.6,1,3474.8,5,3475.0,1,3474.4
IF2409,,13:45:51.800#,3502.8,3512.6,3473.4,3852.4,3152.0,16125,108747,3473.2,17,3473.4,1,3473.6,1,3473.8,2,3474.0,2,3474.2,1,3474.4,11,3474.6,1,3474.8,5,3475.0,1,3474.0
IF2409,,13:45:54.800#,3502.8,3512.6,3473.4,3852.4,3152.0,16125,108747,3473.2,17,3473.4,1,3473.6,1,3473.8,2,3474.0,2,3474.4,11,3474.6,1,3474.8,5,3475.0,1,3475.2,2,3474.0
IF2409,,13:45:55.300#,3502.8,3512.6,3473.4,3852.4,3152.0,16130,108743,3473.2,17,3473.4,1,3473.6,1,3473.8,2,3474.0,2,3474.4,5,3474.6,1,3474.8,5,3475.0,1,3475.2,2,3474.4
IF2409,,13:45:55.800#,3502.8,3512.6,3473.4,3852.4,3152.0,16130,108743,3473.4,1,3473.6,1,3473.8,2,3474.0,7,3474.2,6,3474.8,5,3475.0,1,3475.2,2,3475.4,2,3475.6,2,3474.4
IF2409,,13:45:56.300#,3502.8,3512.6,3473.4,3852.4,3152.0,16130,108743,3473.6,1,3473.8,2,3474.0,6,3474.2,4,3474.4,2,3474.8,7,3475.0,2,3475.2,2,3475.4,2,3475.6,2,3474.4
IF2409,,13:45:56.800#,3502.8,3512.6,3473.4,3852.4,3152.0,16130,108743,3473.6,1,3473.8,2,3474.0,8,3474.2,4,3474.4,2,3474.8,10,3475.0,2,3475.2,2,3475.4,2,3475.6,2,3474.4
IF2409,,13:45:57.300#,3502.8,3512.6,3473.4,3852.4,3152.0,16130,108743,3473.6,1,3473.8,2,3474.0,8,3474.2,4,3474.4,2,3474.8,12,3475.0,2,3475.2,2,3475.4,2,3475.6,2,3474.4
IF2409,,13:45:57.800#,3502.8,3512.6,3473.4,3852.4,3152.0,16130,108743,3473.6,1,3473.8,2,3474.0,8,3474.2,1,3474.4,1,3474.8,12,3475.0,2,3475.2,2,3475.4,2,3475.6,2,3474.4
IF2409,,13:45:58.800#,3502.8,3512.6,3473.4,3852.4,3152.0,16130,108743,3473.6,1,3473.8,2,3474.0,8,3474.2,1,3474.4,1,3474.8,2,3475.0,2,3475.2,2,3475.4,2,3475.6,2,3474.4
IF2409,,13:45:59.300#,3502.8,3512.6,3473.4,3852.4,3152.0,16130,108743,3473.8,2,3474.0,8,3474.2,1,3474.4,6,3474.6,3,3474.8,1,3475.0,2,3475.2,2,3475.4,2,3475.6,2,3474.4
IF2409,,13:45:59.800#,3502.8,3512.6,3473.4,3852.4,3152.0,16131,108743,3474.0,8,3474.2,1,3474.4,9,3474.6,4,3474.8,2,3475.2,1,3475.4,2,3475.6,2,3475.8,3,3476.2,4,3474.8
IF2409,,13:46:00.300#,3502.8,3512.6,3473.4,3852.4,3152.0,16131,108743,3474.0,8,3474.2,1,3474.4,7,3474.6,4,3474.8,3,3475.2,1,3475.4,2,3475.6,2,3475.8,3,3476.2,4,3474.8
IF2409,,13:46:00.800#,3502.8,3512.6,3473.4,3852.4,3152.0,16131,108743,3474.2,1,3474.4,7,3474.6,4,3474.8,3,3475.0,1,3475.2,1,3475.4,2,3475.6,2,3475.8,3,3476.2,4,3474.8
IF2409,,13:46:01.300#,3502.8,3512.6,3473.4,3852.4,3152.0,16131,108743,3474.0,9,3474.2,1,3474.4,7,3474.6,4,3474.8,3,3475.2,1,3475.4,2,3475.6,2,3475.8,3,3476.2,4,3474.8
IF2409,,13:46:01.800#,3502.8,3512.6,3473.4,3852.4,3152.0,16131,108743,3474.0,9,3474.2,1,3474.4,7,3474.6,4,3474.8,2,3475.2,1,3475.4,2,3475.6,2,3475.8,3,3476.2,4,3474.8
IF2409,,13:46:02.300#,3502.8,3512.6,3473.4,3852.4,3152.0,16132,108742,3474.0,9,3474.2,3,3474.4,5,3474.6,4,3474.8,1,3475.0,1,3475.2,6,3475.4,2,3475.6,2,3475.8,3,3474.8
IF2409,,13:46:02.800#,3502.8,3512.6,3473.4,3852.4,3152.0,16133,108742,3473.8,2,3474.0,9,3474.2,3,3474.4,5,3474.6,4,3474.8,2,3475.0,3,3475.2,6,3475.4,2,3475.6,2,3474.8
IF2409,,13:46:03.300#,3502.8,3512.6,3473.4,3852.4,3152.0,16134,108741,3473.8,2,3474.0,9,3474.2,3,3474.4,5,3474.6,3,3474.8,1,3475.0,3,3475.2,1,3475.4,2,3475.6,2,3474.6
IF2409,,13:46:03.800#,3502.8,3512.6,3473.4,3852.4,3152.0,16134,108741,3473.6,1,3473.8,2,3474.0,9,3474.2,1,3474.4,5,3474.8,1,3475.0,3,3475.2,1,3475.4,2,3475.6,2,3474.6
IF2409,,13:46:04.800#,3502.8,3512.6,3473.4,3852.4,3152.0,16134,108741,3473.6,1,3473.8,2,3474.0,9,3474.2,1,3474.4,6,3474.8,1,3475.0,3,3475.2,1,3475.4,2,3475.6,2,3474.6
IF2409,,13:46:05.800#,3502.8,3512.6,3473.4,3852.4,3152.0,16134,108741,3473.6,1,3473.8,2,3474.0,9,3474.2,1,3474.4,6,3474.8,1,3475.0,4,3475.2,1,3475.4,2,3475.6,2,3474.6
IF2409,,13:46:06.300#,3502.8,3512.6,3473.4,3852.4,3152.0,16134,108741,3473.6,1,3473.8,2,3474.0,9,3474.2,2,3474.4,6,3474.8,1,3475.0,4,3475.2,1,3475.4,2,3475.6,2,3474.6
IF2409,,13:46:06.800#,3502.8,3512.6,3473.4,3852.4,3152.0,16135,108742,3473.6,1,3473.8,2,3474.0,9,3474.2,2,3474.4,4,3474.8,1,3475.0,4,3475.2,1,3475.4,2,3475.6,2,3474.4
IF2409,,13:46:07.300#,3502.8,3512.6,3473.4,3852.4,3152.0,16135,108742,3473.6,1,3473.8,2,3474.0,9,3474.2,2,3474.4,1,3474.8,1,3475.0,4,3475.2,1,3475.4,2,3475.6,2,3474.4
IF2409,,13:46:07.800#,3502.8,3512.6,3473.4,3852.4,3152.0,16135,108742,3473.4,1,3473.6,1,3473.8,2,3474.0,9,3474.2,1,3474.6,3,3474.8,4,3475.0,4,3475.2,1,3475.4,2,3474.4
IF2409,,13:46:08.300#,3502.8,3512.6,3473.4,3852.4,3152.0,16136,108742,3473.4,1,3473.6,1,3473.8,2,3474.0,4,3474.2,1,3474.6,2,3474.8,6,3475.0,3,3475.2,1,3475.4,2,3474.6
IF2409,,13:46:08.800#,3502.8,3512.6,3473.4,3852.4,3152.0,16136,108742,3473.4,1,3473.6,1,3473.8,2,3474.0,4,3474.2,1,3474.4,1,3474.6,3,3474.8,6,3475.0,3,3475.2,1,3474.6
IF2409,,13:46:09.300#,3502.8,3512.6,3473.4,3852.4,3152.0,16136,108742,3473.4,1,3473.6,1,3473.8,2,3474.0,3,3474.2,1,3474.4,1,3474.6,3,3474.8,6,3475.0,3,3475.2,1,3474.6
IF2409,,13:46:09.800#,3502.8,3512.6,3473.4,3852.4,3152.0,16137,108742,3473.2,17,3473.4,1,3473.6,1,3473.8,2,3474.0,3,3474.2,1,3474.4,1,3474.6,3,3474.8,6,3475.0,3,3474.2
IF2409,,13:46:10.300#,3502.8,3512.6,3473.4,3852.4,3152.0,16137,108742,3473.2,17,3473.4,1,3473.6,1,3473.8,2,3474.0,3,3474.4,1,3474.6,3,3474.8,6,3475.0,3,3475.2,1,3474.2
IF2409,,13:46:10.800#,3502.8,3512.6,3473.4,3852.4,3152.0,16137,108742,3473.2,17,3473.4,1,3473.6,1,3473.8,2,3474.0,3,3474.4,2,3474.6,3,3474.8,6,3475.0,3,3475.2,1,3474.2
IF2409,,13:46:11.300#,3502.8,3512.6,3473.4,3852.4,3152.0,16137,108742,3473.2,17,3473.4,1,3473.6,1,3473.8,2,3474.0,3,3474.4,1,3474.6,3,3474.8,6,3475.0,3,3475.2,1,3474.2
IF2409,,13:46:11.800#,3502.8,3512.6,3473.4,3852.4,3152.0,16137,108742,3473.4,1,3473.6,1,3473.8,2,3474.0,3,3474.2,1,3474.4,1,3474.6,3,3474.8,6,3475.0,3,3475.2,1,3474.2
IF2409,,13:46:14.300#,3502.8,3512.6,3473.4,3852.4,3152.0,16137,108742,3473.4,1,3473.6,1,3473.8,2,3474.0,4,3474.2,1,3474.4,1,3474.6,3,3474.8,6,3475.0,3,3475.2,1,3474.2
IF2409,,13:46:15.300#,3502.8,3512.6,3473.4,3852.4,3152.0,16137,108742,3473.4,1,3473.6,1,3473.8,2,3474.0,4,3474.2,1,3474.4,1,3474.6,3,3474.8,6,3475.0,1,3475.2,1,3474.2
IF2409,,13:46:17.300#,3502.8,3512.6,3473.4,3852.4,3152.0,16137,108742,3473.4,1,3473.6,1,3473.8,2,3474.0,4,3474.2,1,3474.4,1,3474.6,3,3474.8,6,3475.0,1,3475.4,2,3474.2
IF2409,,13:46:20.800#,3502.8,3512.6,3473.4,3852.4,3152.0,16137,108742,3473.4,1,3473.6,1,3473.8,2,3474.0,4,3474.2,1,3474.4,1,3474.6,2,3474.8,6,3475.0,1,3475.4,2,3474.2
IF2409,,13:46:21.300#,3502.8,3512.6,3473.4,3852.4,3152.0,16137,108742,3473.4,1,3473.6,1,3473.8,2,3474.0,4,3474.2,1,3474.4,2,3474.8,6,3475.0,1,3475.4,2,3475.6,2,3474.2
IF2409,,13:46:21.800#,3502.8,3512.6,3473.4,3852.4,3152.0,16137,108742,3473.2,17,3473.4,1,3473.6,1,3473.8,2,3474.0,4,3474.4,2,3474.8,6,3475.0,1,3475.4,2,3475.6,2,3474.2
IF2409,,13:46:22.300#,3502.8,3512.6,3473.4,3852.4,3152.0,16137,108742,3473.4,1,3473.6,1,3473.8,2,3474.0,5,3474.2,1,3474.4,2,3474.8,6,3475.0,1,3475.4,2,3475.6,2,3474.2
IF2409,,13:46:23.300#,3502.8,3512.6,3473.4,3852.4,3152.0,16137,108742,3473.2,17,3473.4,1,3473.6,1,3473.8,2,3474.0,5,3474.4,2,3474.8,6,3475.0,1,3475.4,2,3475.6,2,3474.2
IF2409,,13:46:26.800#,3502.8,3512.6,3473.4,3852.4,3152.0,16137,108742,3473.2,17,3473.4,1,3473.6,1,3473.8,2,3474.0,5,3474.4,3,3474.8,6,3475.0,1,3475.4,2,3475.6,2,3474.2
IF2409,,13:46:27.300#,3502.8,3512.6,3473.4,3852.4,3152.0,16137,108742,3473.2,17,3473.4,1,3473.6,1,3473.8,2,3474.0,4,3474.4,3,3474.8,6,3475.0,1,3475.4,2,3475.6,2,3474.2
IF2409,,13:46:29.800#,3502.8,3512.6,3473.4,3852.4,3152.0,16141,108741,3473.4,1,3473.6,1,3473.8,2,3474.0,4,3474.4,6,3474.8,7,3475.0,1,3475.4,2,3475.6,2,3475.8,3,3474.4
IF2409,,13:46:30.300#,3502.8,3512.6,3473.4,3852.4,3152.0,16141,108741,3473.4,1,3473.6,1,3473.8,2,3474.0,4,3474.4,6,3474.8,8,3475.0,1,3475.4,2,3475.6,2,3475.8,3,3474.4
IF2409,,13:46:30.800#,3502.8,3512.6,3473.4,3852.4,3152.0,16141,108741,3473.4,1,3473.6,1,3473.8,2,3474.0,4,3474.4,6,3474.8,8,3475.0,2,3475.4,2,3475.6,2,3475.8,3,3474.4
IF2409,,13:46:31.300#,3502.8,3512.6,3473.4,3852.4,3152.0,16147,108741,3473.2,17,3473.4,1,3473.6,1,3473.8,2,3474.0,4,3474.6,1,3474.8,8,3475.0,2,3475.4,2,3475.6,2,3474.4
IF2409,,13:46:31.800#,3502.8,3512.6,3473.4,3852.4,3152.0,16147,108741,3473.2,17,3473.4,1,3473.6,1,3473.8,2,3474.0,4,3474.6,13,3474.8,8,3475.0,2,3475.4,2,3475.6,2,3474.4
IF2409,,13:46:32.300#,3502.8,3512.6,3473.4,3852.4,3152.0,16147,108741,3473.2,17,3473.4,1,3473.6,1,3473.8,2,3474.0,4,3474.6,16,3474.8,8,3475.0,2,3475.4,2,3475.6,2,3474.4
IF2409,,13:46:32.800#,3502.8,3512.6,3473.4,3852.4,3152.0,16147,108741,3473.2,17,3473.4,1,3473.6,1,3473.8,2,3474.0,4,3474.6,18,3474.8,8,3475.0,2,3475.4,2,3475.6,2,3474.4
IF2409,,13:46:33.300#,3502.8,3512.6,3473.4,3852.4,3152.0,16147,108741,3473.2,17,3473.4,1,3473.6,1,3473.8,2,3474.0,4,3474.6,18,3474.8,7,3475.0,2,3475.4,2,3475.6,2,3474.4
IF2409,,13:46:33.800#,3502.8,3512.6,3473.4,3852.4,3152.0,16147,108741,3473.2,17,3473.4,1,3473.6,1,3473.8,2,3474.0,4,3474.4,1,3474.6,18,3474.8,7,3475.0,2,3475.4,2,3474.4
IF2409,,13:46:34.300#,3502.8,3512.6,3473.4,3852.4,3152.0,16147,108741,3473.2,17,3473.4,1,3473.6,1,3473.8,2,3474.0,5,3474.4,1,3474.6,18,3474.8,7,3475.0,2,3475.4,2,3474.4
IF2409,,13:46:34.800#,3502.8,3512.6,3473.4,3852.4,3152.0,16147,108741,3473.2,17,3473.4,1,3473.6,1,3473.8,2,3474.0,5,3474.4,2,3474.6,18,3474.8,7,3475.0,2,3475.4,2,3474.4
IF2409,,13:46:36.800#,3502.8,3512.6,3473.4,3852.4,3152.0,16148,108741,3473.2,17,3473.4,1,3473.6,1,3473.8,2,3474.0,3,3474.4,1,3474.6,18,3474.8,7,3475.0,2,3475.4,2,3474.0
IF2409,,13:46:37.300#,3502.8,3512.6,3473.4,3852.4,3152.0,16148,108741,3473.2,17,3473.4,1,3473.6,1,3473.8,2,3474.0,3,3474.4,1,3474.6,8,3474.8,7,3475.0,2,3475.4,2,3474.0
IF2409,,13:46:39.800#,3502.8,3512.6,3473.4,3852.4,3152.0,16148,108741,3473.2,17,3473.4,1,3473.6,1,3473.8,2,3474.0,4,3474.4,1,3474.6,8,3474.8,7,3475.0,2,3475.4,2,3474.0
IF2409,,13:46:40.300#,3502.8,3512.6,3473.4,3852.4,3152.0,16148,108741,3473.4,1,3473.6,1,3473.8,2,3474.0,4,3474.2,2,3474.6,8,3474.8,7,3475.0,2,3475.4,2,3475.6,2,3474.0
IF2409,,13:46:40.800#,3502.8,3512.6,3473.4,3852.4,3152.0,16148,108741,3473.4,1,3473.6,1,3473.8,2,3474.0,4,3474.2,2,3474.4,2,3474.6,10,3474.8,7,3475.0,2,3475.4,2,3474.0
IF2409,,13:46:41.300#,3502.8,3512.6,3473.4,3852.4,3152.0,16148,108741,3473.4,1,3473.6,1,3473.8,2,3474.0,4,3474.2,2,3474.6,7,3474.8,7,3475.0,2,3475.4,2,3475.6,2,3474.0
IF2409,,13:46:42.300#,3502.8,3512.6,3473.4,3852.4,3152.0,16151,108740,3473.2,17,3473.4,1,3473.6,1,3473.8,2,3474.0,3,3474.6,4,3474.8,7,3475.0,2,3475.4,2,3475.6,2,3474.6
IF2409,,13:46:42.800#,3502.8,3512.6,3473.4,3852.4,3152.0,16152,108739,3473.4,1,3473.6,1,3473.8,2,3474.0,3,3474.2,1,3474.6,6,3474.8,7,3475.0,2,3475.4,2,3475.6,2,3474.2
IF2409,,13:46:43.300#,3502.8,3512.6,3473.4,3852.4,3152.0,16152,108739,3473.2,17,3473.4,1,3473.6,1,3473.8,2,3474.0,3,3474.6,6,3474.8,7,3475.0,2,3475.4,2,3475.6,2,3474.2
IF2409,,13:46:44.800#,3502.8,3512.6,3473.4,3852.4,3152.0,16152,108739,3473.2,17,3473.4,1,3473.6,1,3473.8,2,3474.0,3,3474.6,7,3474.8,7,3475.0,2,3475.4,2,3475.6,2,3474.2
IF2409,,13:46:45.300#,3502.8,3512.6,3473.4,3852.4,3152.0,16152,108739,3473.2,17,3473.4,1,3473.6,1,3473.8,2,3474.0,3,3474.4,2,3474.6,9,3474.8,7,3475.0,2,3475.4,2,3474.2
IF2409,,13:46:45.800#,3502.8,3512.6,3473.4,3852.4,3152.0,16152,108739,3473.2,17,3473.4,1,3473.6,1,3473.8,2,3474.0,4,3474.4,1,3474.6,3,3474.8,7,3475.0,2,3475.4,2,3474.2
IF2409,,13:46:46.300#,3502.8,3512.6,3473.4,3852.4,3152.0,16152,108739,3473.2,17,3473.4,1,3473.6,1,3473.8,2,3474.0,5,3474.4,1,3474.6,3,3474.8,7,3475.0,2,3475.4,2,3474.2
IF2409,,13:46:46.800#,3502.8,3512.6,3473.4,3852.4,3152.0,16152,108739,3473.4,1,3473.6,1,3473.8,2,3474.0,6,3474.2,2,3474.4,1,3474.6,3,3474.8,7,3475.0,2,3475.4,2,3474.2
IF2409,,13:46:47.800#,3502.8,3512.6,3473.4,3852.4,3152.0,16152,108739,3473.4,1,3473.6,1,3473.8,2,3474.0,5,3474.2,2,3474.4,1,3474.6,3,3474.8,7,3475.0,2,3475.4,2,3474.2
IF2409,,13:46:48.300#,3502.8,3512.6,3473.4,3852.4,3152.0,16152,108739,3473.4,1,3473.6,1,3473.8,2,3474.0,5,3474.2,2,3474.6,3,3474.8,7,3475.0,2,3475.4,2,3475.6,2,3474.2
IF2409,,13:46:49.300#,3502.8,3512.6,3473.4,3852.4,3152.0,16152,108739,3473.2,17,3473.4,1,3473.6,1,3473.8,2,3474.0,5,3474.6,3,3474.8,7,3475.0,2,3475.4,2,3475.6,2,3474.2
IF2409,,13:46:49.800#,3502.8,3512.6,3473.4,3852.4,3152.0,16152,108739,3473.2,17,3473.4,1,3473.6,1,3473.8,2,3474.0,6,3474.6,3,3474.8,7,3475.0,2,3475.4,2,3475.6,2,3474.2
IF2409,,13:46:50.300#,3502.8,3512.6,3473.4,3852.4,3152.0,16152,108739,3473.2,17,3473.4,1,3473.6,1,3473.8,2,3474.0,6,3474.2,1,3474.6,3,3474.8,7,3475.0,2,3475.4,2,3474.2
IF2409,,13:46:50.800#,3502.8,3512.6,3473.4,3852.4,3152.0,16153,108739,3473.2,17,3473.4,1,3473.6,1,3473.8,2,3474.0,6,3474.6,3,3474.8,7,3475.0,2,3475.4,2,3475.6,2,3474.2
IF2409,,13:46:51.800#,3502.8,3512.6,3473.4,3852.4,3152.0,16153,108739,3473.2,17,3473.4,1,3473.6,1,3473.8,2,3474.0,6,3474.4,2,3474.6,5,3474.8,7,3475.0,2,3475.4,2,3474.2
IF2409,,13:46:52.300#,3502.8,3512.6,3473.4,3852.4,3152.0,16153,108739,3473.2,17,3473.4,1,3473.6,1,3473.8,2,3474.0,6,3474.6,3,3474.8,7,3475.0,2,3475.4,2,3475.6,2,3474.2
IF2409,,13:46:52.800#,3502.8,3512.6,3473.4,3852.4,3152.0,16153,108739,3473.2,17,3473.4,1,3473.6,1,3473.8,2,3474.0,5,3474.6,3,3474.8,7,3475.0,2,3475.4,2,3475.6,2,3474.2
IF2409,,13:46:53.300#,3502.8,3512.6,3473.4,3852.4,3152.0,16153,108739,3473.2,17,3473.4,1,3473.6,1,3473.8,2,3474.0,5,3474.6,8,3474.8,7,3475.0,2,3475.4,2,3475.6,2,3474.2
IF2409,,13:46:53.800#,3502.8,3512.6,3473.4,3852.4,3152.0,16153,108739,3473.2,17,3473.4,1,3473.6,1,3473.8,2,3474.0,5,3474.4,1,3474.6,8,3474.8,7,3475.0,2,3475.4,2,3474.2
IF2409,,13:46:54.300#,3502.8,3512.6,3473.4,3852.4,3152.0,16153,108739,3473.2,17,3473.4,2,3473.6,1,3473.8,2,3474.0,4,3474.4,1,3474.6,8,3474.8,7,3475.0,2,3475.4,2,3474.2
IF2409,,13:46:55.800#,3502.8,3512.6,3473.4,3852.4,3152.0,16153,108739,3473.2,17,3473.4,2,3473.6,1,3473.8,2,3474.0,4,3474.6,8,3474.8,7,3475.0,2,3475.4,2,3475.6,2,3474.2
IF2409,,13:46:56.300#,3502.8,3512.6,3473.4,3852.4,3152.0,16153,108739,3473.4,2,3473.6,1,3473.8,2,3474.0,4,3474.2,1,3474.6,3,3474.8,7,3475.0,2,3475.4,2,3475.6,2,3474.2
IF2409,,13:46:56.800#,3502.8,3512.6,3473.4,3852.4,3152.0,16154,108739,3473.2,17,3473.4,2,3473.6,1,3473.8,2,3474.0,4,3474.6,3,3474.8,7,3475.0,2,3475.4,2,3475.6,2,3474.4
IF2409,,13:46:57.300#,3502.8,3512.6,3473.4,3852.4,3152.0,16154,108739,3473.2,17,3473.4,2,3473.6,1,3473.8,2,3474.0,4,3474.6,8,3474.8,7,3475.0,2,3475.4,2,3475.6,2,3474.4
IF2409,,13:46:59.800#,3502.8,3512.6,3473.4,3852.4,3152.0,16154,108739,3473.4,2,3473.6,1,3473.8,2,3474.0,4,3474.2,1,3474.6,8,3474.8,7,3475.0,2,3475.4,2,3475.6,2,3474.4
IF2409,,13:47:02.300#,3502.8,3512.6,3473.4,3852.4,3152.0,16154,108739,3473.6,1,3473.8,2,3474.0,4,3474.2,2,3474.4,6,3474.6,3,3474.8,7,3475.0,2,3475.4,2,3475.6,2,3474.4
IF2409,,13:47:02.800#,3502.8,3512.6,3473.4,3852.4,3152.0,16157,108739,3473.8,2,3474.0,4,3474.2,3,3474.4,6,3474.6,2,3474.8,3,3475.0,1,3475.4,2,3475.6,2,3475.8,3,3474.6
IF2409,,13:47:03.300#,3502.8,3512.6,3473.4,3852.4,3152.0,16160,108738,3473.8,2,3474.0,4,3474.2,2,3474.4,6,3474.6,3,3475.0,1,3475.4,2,3475.6,2,3475.8,3,3476.0,1,3474.8
IF2409,,13:47:03.800#,3502.8,3512.6,3473.4,3852.4,3152.0,16161,108739,3473.8,2,3474.0,4,3474.2,2,3474.4,6,3474.6,2,3475.4,2,3475.6,2,3475.8,3,3476.0,1,3476.2,4,3474.6
IF2409,,13:47:04.300#,3502.8,3512.6,3473.4,3852.4,3152.0,16161,108739,3474.0,4,3474.2,4,3474.4,6,3474.6,3,3474.8,6,3475.2,5,3475.4,6,3475.6,4,3475.8,3,3476.0,1,3474.6
IF2409,,13:47:04.800#,3502.8,3512.6,3473.4,3852.4,3152.0,16161,108739,3474.0,4,3474.2,4,3474.4,6,3474.6,3,3474.8,4,3475.2,3,3475.4,6,3475.6,4,3475.8,3,3476.0,1,3474.6
IF2409,,13:47:05.300#,3502.8,3512.6,3473.4,3852.4,3152.0,16161,108739,3474.0,4,3474.2,4,3474.4,6,3474.6,3,3474.8,4,3475.2,2,3475.4,3,3475.6,4,3475.8,3,3476.0,1,3474.6
IF2409,,13:47:05.800#,3502.8,3512.6,3473.4,3852.4,3152.0,16161,108739,3474.0,4,3474.2,4,3474.4,6,3474.6,3,3474.8,5,3475.2,2,3475.4,3,3475.6,4,3475.8,3,3476.0,1,3474.6
IF2409,,13:47:06.300#,3502.8,3512.6,3473.4,3852.4,3152.0,16161,108739,3474.0,4,3474.2,3,3474.4,6,3474.6,4,3474.8,5,3475.4,3,3475.6,4,3475.8,3,3476.0,1,3476.2,4,3474.6
IF2409,,13:47:06.800#,3502.8,3512.6,3473.4,3852.4,3152.0,16161,108739,3474.2,3,3474.4,6,3474.6,3,3474.8,5,3475.0,1,3475.4,3,3475.6,4,3475.8,3,3476.0,1,3476.2,4,3474.6
IF2409,,13:47:08.800#,3502.8,3512.6,3473.4,3852.4,3152.0,16161,108739,3474.2,3,3474.4,6,3474.6,3,3474.8,5,3475.0,1,3475.4,2,3475.6,2,3475.8,3,3476.0,1,3476.2,4,3474.6
IF2409,,13:47:09.300#,3502.8,3512.6,3473.4,3852.4,3152.0,16161,108739,3474.2,3,3474.4,6,3474.6,2,3474.8,5,3475.0,3,3475.4,2,3475.6,2,3475.8,3,3476.0,1,3476.2,4,3474.6
IF2409,,13:47:09.800#,3502.8,3512.6,3473.4,3852.4,3152.0,16161,108739,3474.2,3,3474.4,6,3474.6,2,3474.8,5,3475.0,1,3475.4,2,3475.6,2,3475.8,3,3476.0,1,3476.2,4,3474.6
IF2409,,13:47:12.300#,3502.8,3512.6,3473.4,3852.4,3152.0,16161,108739,3474.2,3,3474.4,6,3474.6,2,3474.8,3,3475.0,1,3475.4,2,3475.6,2,3475.8,3,3476.0,1,3476.2,4,3474.6
IF2409,,13:47:14.800#,3502.8,3512.6,3473.4,3852.4,3152.0,16161,108739,3474.2,3,3474.4,6,3474.6,2,3474.8,3,3475.0,1,3475.2,1,3475.4,2,3475.6,2,3475.8,3,3476.0,1,3474.6
IF2409,,13:47:15.300#,3502.8,3512.6,3473.4,3852.4,3152.0,16161,108739,3474.2,3,3474.4,6,3474.6,2,3474.8,3,3475.0,2,3475.2,1,3475.4,3,3475.6,2,3475.8,3,3476.0,1,3474.6
IF2409,,13:47:15.800#,3502.8,3512.6,3473.4,3852.4,3152.0,16161,108739,3474.2,3,3474.4,6,3474.6,2,3474.8,3,3475.0,1,3475.2,1,3475.4,3,3475.6,2,3475.8,3,3476.0,1,3474.6
IF2409,,13:47:17.800#,3502.8,3512.6,3473.4,3852.4,3152.0,16162,108738,3474.2,3,3474.4,6,3474.6,2,3474.8,3,3475.0,1,3475.4,3,3475.6,2,3475.8,3,3476.0,1,3476.2,4,3475.2
IF2409,,13:47:18.300#,3502.8,3512.6,3473.4,3852.4,3152.0,16162,108738,3474.4,6,3474.6,2,3474.8,3,3475.0,2,3475.2,1,3475.4,3,3475.6,2,3475.8,3,3476.0,1,3476.2,4,3475.2
IF2409,,13:47:18.800#,3502.8,3512.6,3473.4,3852.4,3152.0,16162,108738,3474.4,6,3474.6,2,3474.8,3,3475.0,2,3475.2,2,3475.4,3,3475.6,2,3475.8,3,3476.0,1,3476.2,4,3475.2
IF2409,,13:47:20.300#,3502.8,3512.6,3473.4,3852.4,3152.0,16163,108738,3474.4,6,3474.6,2,3474.8,3,3475.0,2,3475.2,2,3475.4,2,3475.6,2,3475.8,3,3476.0,1,3476.2,4,3475.4
IF2409,,13:47:21.800#,3502.8,3512.6,3473.4,3852.4,3152.0,16164,108738,3474.4,6,3474.6,2,3474.8,3,3475.0,3,3475.2,1,3475.4,1,3475.6,2,3475.8,3,3476.0,1,3476.2,4,3475.2
IF2409,,13:47:23.300#,3502.8,3512.6,3473.4,3852.4,3152.0,16165,108739,3474.4,6,3474.6,2,3474.8,3,3475.0,3,3475.2,2,3475.6,2,3475.8,3,3476.0,1,3476.2,4,3476.4,2,3475.4
IF2409,,13:47:23.800#,3502.8,3512.6,3473.4,3852.4,3152.0,16165,108739,3474.4,6,3474.6,2,3474.8,3,3475.0,3,3475.2,3,3475.6,2,3475.8,3,3476.0,1,3476.2,4,3476.4,2,3475.4
IF2409,,13:47:24.300#,3502.8,3512.6,3473.4,3852.4,3152.0,16165,108739,3474.6,1,3474.8,3,3475.0,3,3475.2,3,3475.4,1,3475.6,2,3475.8,3,3476.0,1,3476.2,4,3476.4,2,3475.4
