InstrumentId,ExchangeId,Datetime,OpenPrice,HighestPrice,LowestPrice,UpperLimitPrice,LowerLimitPrice,Volume,OpenInterest,BidPrice5,BidVolume5,BidPrice4,BidVolume4,BidPrice3,BidVolume3,BidPrice2,BidVolume2,BidPrice1,BidVolume1,AskPrice1,AskVolume1,AskPrice2,AskVolume2,AskPrice3,AskVolume3,AskPrice4,AskVolume4,AskPrice5,AskVolume5,LastPrice
IF2503,,13:38:38.300#,3501.2,3507.2,3462.0,3845.8,3146.6,2359,2347,3461.2,2,3461.6,1,3461.8,2,3462.2,1,3462.4,1,3463.2,1,3463.8,1,3465.0,2,3465.2,1,3466.8,1,3462.4
IF2503,,13:38:39.300#,3501.2,3507.2,3462.0,3845.8,3146.6,2359,2347,3461.6,1,3461.8,1,3462.2,1,3462.4,1,3462.6,1,3463.2,1,3463.8,1,3465.0,2,3465.2,1,3466.8,1,3462.4
IF2503,,13:38:39.800#,3501.2,3507.2,3462.0,3845.8,3146.6,2359,2347,3461.2,2,3461.6,1,3461.8,1,3462.2,1,3462.6,1,3463.2,1,3463.8,1,3465.0,2,3465.2,1,3466.8,1,3462.4
IF2503,,13:38:41.800#,3501.2,3507.2,3462.0,3845.8,3146.6,2359,2347,3461.2,2,3461.6,1,3461.8,1,3462.2,1,3462.4,1,3463.2,1,3463.8,1,3465.0,2,3465.2,1,3466.8,1,3462.4
IF2503,,13:38:42.300#,3501.2,3507.2,3462.0,3845.8,3146.6,2359,2347,3461.2,2,3461.6,1,3461.8,1,3462.2,1,3462.4,1,3463.0,1,3463.2,1,3463.8,1,3465.0,2,3465.2,1,3462.4
IF2503,,13:38:43.300#,3501.2,3507.2,3462.0,3845.8,3146.6,2360,2348,3461.0,10,3461.2,2,3461.6,1,3461.8,1,3462.2,1,3463.0,1,3463.2,1,3463.8,1,3465.0,2,3465.2,1,3462.4
IF2503,,13:38:45.300#,3501.2,3507.2,3462.0,3845.8,3146.6,2360,2348,3461.0,10,3461.2,2,3461.6,1,3461.8,1,3462.2,1,3463.2,1,3463.8,1,3465.0,2,3465.2,1,3466.8,1,3462.4
IF2503,,13:38:47.800#,3501.2,3507.2,3462.0,3845.8,3146.6,2360,2348,3461.2,2,3461.6,1,3461.8,1,3462.2,1,3462.4,1,3463.2,1,3463.8,1,3465.0,2,3465.2,1,3466.8,1,3462.4
IF2503,,13:38:52.800#,3501.2,3507.2,3462.0,3845.8,3146.6,2360,2348,3461.2,2,3461.6,1,3461.8,1,3462.2,1,3462.4,1,3463.0,1,3463.2,1,3463.8,1,3465.0,2,3465.2,1,3462.4
IF2503,,13:38:53.300#,3501.2,3507.2,3462.0,3845.8,3146.6,2360,2348,3461.2,2,3461.6,1,3461.8,1,3462.2,1,3462.4,1,3463.2,1,3463.8,1,3465.0,2,3465.2,1,3466.8,1,3462.4
IF2503,,13:38:55.300#,3501.2,3507.2,3462.0,3845.8,3146.6,2360,2348,3461.2,2,3461.6,1,3461.8,1,3462.2,1,3462.4,1,3463.0,1,3463.2,1,3463.8,1,3465.0,2,3465.2,1,3462.4
IF2503,,13:38:56.800#,3501.2,3507.2,3462.0,3845.8,3146.6,2360,2348,3461.0,10,3461.2,2,3461.6,1,3461.8,1,3462.2,1,3463.0,1,3463.2,1,3463.8,1,3465.0,2,3465.2,1,3462.4
IF2503,,13:39:00.300#,3501.2,3507.2,3462.0,3845.8,3146.6,2360,2348,3461.0,10,3461.2,2,3461.6,1,3461.8,1,3462.2,1,3463.2,1,3463.8,1,3465.0,2,3465.2,1,3466.8,1,3462.4
IF2503,,13:39:00.800#,3501.2,3507.2,3462.0,3845.8,3146.6,2361,2349,3461.0,10,3461.2,2,3461.6,1,3461.8,1,3462.4,1,3463.2,1,3463.8,1,3465.0,2,3465.2,1,3466.8,1,3462.2
IF2503,,13:39:01.300#,3501.2,3507.2,3462.0,3845.8,3146.6,2361,2349,3461.2,2,3461.6,1,3461.8,1,3462.0,1,3462.4,1,3463.2,1,3463.8,1,3465.0,2,3465.2,1,3466.8,1,3462.2
IF2503,,13:39:01.800#,3501.2,3507.2,3462.0,3845.8,3146.6,2361,2349,3461.2,2,3461.6,1,3461.8,1,3462.0,1,3462.4,1,3463.0,1,3463.2,1,3463.8,1,3465.0,2,3465.2,1,3462.2
IF2503,,13:39:02.300#,3501.2,3507.2,3462.0,3845.8,3146.6,2362,2350,3461.2,2,3461.6,1,3461.8,1,3462.0,1,3462.4,1,3463.2,1,3463.8,1,3465.0,2,3465.2,1,3466.8,1,3463.0
IF2503,,13:39:03.300#,3501.2,3507.2,3462.0,3845.8,3146.6,2363,2351,3461.0,10,3461.2,2,3461.6,1,3461.8,1,3462.0,1,3463.2,1,3463.8,1,3465.0,2,3465.2,1,3466.8,1,3462.4
IF2503,,13:39:03.800#,3501.2,3507.2,3462.0,3845.8,3146.6,2363,2351,3461.0,10,3461.2,2,3461.8,1,3462.0,1,3462.2,2,3463.2,1,3463.8,1,3465.0,2,3465.2,1,3466.8,1,3462.4
IF2503,,13:39:14.300#,3501.2,3507.2,3462.0,3845.8,3146.6,2363,2351,3461.2,2,3461.8,1,3462.0,1,3462.2,2,3462.4,2,3463.2,1,3463.8,1,3465.0,2,3465.2,1,3466.8,1,3462.4
IF2503,,13:39:14.800#,3501.2,3507.2,3462.0,3845.8,3146.6,2363,2351,3461.2,2,3461.8,1,3462.0,1,3462.2,1,3462.4,2,3463.2,1,3463.8,1,3465.0,2,3465.2,1,3466.8,1,3462.4
IF2503,,13:39:17.800#,3501.2,3507.2,3462.0,3845.8,3146.6,2364,2352,3461.2,2,3461.8,1,3462.0,1,3462.2,1,3462.4,2,3463.8,1,3465.0,2,3465.2,1,3466.8,1,3467.0,1,3463.2
IF2503,,13:39:18.300#,3501.2,3507.2,3462.0,3845.8,3146.6,2364,2352,3461.8,1,3462.0,1,3462.2,1,3462.4,2,3462.6,1,3463.6,2,3463.8,1,3465.0,2,3465.2,1,3466.8,1,3463.2
IF2503,,13:39:21.800#,3501.2,3507.2,3462.0,3845.8,3146.6,2365,2353,3461.2,2,3461.8,1,3462.0,1,3462.2,1,3462.4,2,3463.6,2,3463.8,1,3465.0,2,3465.2,1,3466.8,1,3462.6
IF2503,,13:39:22.300#,3501.2,3507.2,3462.0,3845.8,3146.6,2365,2353,3461.2,2,3461.8,1,3462.0,1,3462.2,1,3462.4,2,3463.4,1,3463.6,2,3465.0,2,3465.2,1,3466.8,1,3462.6
IF2503,,13:39:22.800#,3501.2,3507.2,3462.0,3845.8,3146.6,2365,2353,3461.2,2,3461.8,1,3462.0,1,3462.2,1,3462.4,2,3463.2,1,3463.4,1,3463.6,1,3465.0,2,3465.2,1,3462.6
IF2503,,13:39:31.300#,3501.2,3507.2,3462.0,3845.8,3146.6,2365,2353,3461.8,1,3462.0,1,3462.2,1,3462.4,2,3462.6,1,3463.2,1,3463.4,1,3463.6,1,3465.0,2,3465.2,1,3462.6
IF2503,,13:39:36.300#,3501.2,3507.2,3462.0,3845.8,3146.6,2365,2353,3462.0,1,3462.2,1,3462.4,2,3462.6,1,3462.8,1,3463.2,1,3463.4,1,3463.6,1,3465.0,2,3465.2,1,3462.6
IF2503,,13:39:36.800#,3501.2,3507.2,3462.0,3845.8,3146.6,2365,2353,3461.2,2,3461.8,1,3462.0,1,3462.2,1,3462.8,1,3463.2,1,3463.6,1,3465.0,2,3465.2,1,3466.8,1,3462.6
IF2503,,13:39:37.300#,3501.2,3507.2,3462.0,3845.8,3146.6,2365,2353,3461.0,10,3461.2,2,3462.0,1,3462.2,1,3462.8,1,3463.2,1,3463.6,1,3465.0,2,3465.2,1,3466.8,1,3462.6
IF2503,,13:39:39.300#,3501.2,3507.2,3462.0,3845.8,3146.6,2365,2353,3461.2,2,3462.0,1,3462.2,1,3462.8,1,3463.0,2,3463.2,1,3463.6,1,3465.0,2,3465.2,1,3466.8,1,3462.6
IF2503,,13:39:39.800#,3501.2,3507.2,3462.0,3845.8,3146.6,2366,2354,3461.2,2,3462.0,1,3462.2,1,3462.8,1,3463.0,1,3463.2,1,3463.6,1,3465.0,2,3465.2,1,3466.8,1,3463.0
IF2503,,13:39:40.300#,3501.2,3507.2,3462.0,3845.8,3146.6,2366,2354,3461.2,2,3462.0,1,3462.2,1,3462.8,1,3463.0,1,3463.6,1,3465.0,2,3465.2,1,3466.8,1,3467.0,1,3463.0
IF2503,,13:39:40.800#,3501.2,3507.2,3462.0,3845.8,3146.6,2367,2355,3461.0,10,3461.2,2,3462.0,1,3462.2,1,3462.8,1,3463.6,1,3465.0,2,3465.2,1,3466.8,1,3467.0,1,3463.0
IF2503,,13:39:41.300#,3501.2,3507.2,3462.0,3845.8,3146.6,2367,2355,3461.0,10,3461.2,2,3462.0,1,3462.2,1,3462.8,1,3463.4,1,3463.6,1,3465.0,2,3465.2,1,3466.8,1,3463.0
IF2503,,13:39:41.800#,3501.2,3507.2,3462.0,3845.8,3146.6,2367,2355,3461.0,10,3461.2,2,3462.0,1,3462.2,1,3462.4,1,3463.4,1,3463.6,1,3465.0,2,3465.2,1,3466.8,1,3463.0
IF2503,,13:39:42.300#,3501.2,3507.2,3462.0,3845.8,3146.6,2367,2355,3461.2,2,3462.0,1,3462.2,1,3462.4,1,3462.6,1,3463.4,1,3463.6,1,3465.0,2,3465.2,1,3466.8,1,3463.0
IF2503,,13:39:42.800#,3501.2,3507.2,3462.0,3845.8,3146.6,2368,2356,3461.2,2,3462.0,1,3462.2,1,3462.4,1,3462.6,1,3463.6,1,3465.0,2,3465.2,1,3466.8,1,3467.0,1,3463.4
IF2503,,13:39:43.800#,3501.2,3507.2,3462.0,3845.8,3146.6,2368,2356,3461.2,2,3462.0,1,3462.2,1,3462.4,1,3462.6,1,3465.0,2,3465.2,1,3466.8,1,3467.0,1,3467.4,2,3463.4
IF2503,,13:39:44.300#,3501.2,3507.2,3462.0,3845.8,3146.6,2368,2356,3462.0,1,3462.2,1,3462.4,1,3462.6,1,3463.0,1,3463.8,1,3464.6,2,3464.8,6,3465.0,2,3466.8,1,3463.4
IF2503,,13:39:44.800#,3501.2,3507.2,3462.0,3845.8,3146.6,2368,2356,3461.0,10,3461.2,2,3462.0,1,3462.4,1,3463.0,1,3463.8,1,3464.6,2,3464.8,6,3465.0,2,3466.8,1,3463.4
IF2503,,13:39:45.800#,3501.2,3507.2,3462.0,3845.8,3146.6,2368,2356,3461.0,10,3461.2,2,3462.0,1,3462.4,1,3463.0,1,3463.6,2,3463.8,1,3464.6,2,3464.8,5,3465.0,2,3463.4
IF2503,,13:39:46.300#,3501.2,3507.2,3462.0,3845.8,3146.6,2368,2356,3458.0,1,3461.0,10,3461.2,2,3462.0,1,3462.4,1,3463.6,2,3463.8,1,3464.6,2,3464.8,5,3465.0,2,3463.4
IF2503,,13:39:46.800#,3501.2,3507.2,3462.0,3845.8,3146.6,2368,2356,3461.0,10,3461.2,2,3462.0,1,3462.4,1,3462.6,2,3463.6,2,3463.8,1,3464.6,2,3464.8,5,3465.0,2,3463.4
IF2503,,13:39:51.300#,3501.2,3507.2,3462.0,3845.8,3146.6,2368,2356,3461.0,10,3461.2,2,3462.0,1,3462.4,1,3462.6,2,3463.6,2,3464.6,2,3464.8,5,3465.0,2,3466.8,1,3463.4
IF2503,,13:39:51.800#,3501.2,3507.2,3462.0,3845.8,3146.6,2368,2356,3461.0,10,3461.2,2,3462.0,1,3462.4,1,3462.6,2,3463.4,2,3463.6,2,3464.6,2,3464.8,4,3465.0,2,3463.4
IF2503,,13:39:52.300#,3501.2,3507.2,3462.0,3845.8,3146.6,2368,2356,3461.0,10,3461.2,2,3462.0,1,3462.4,1,3462.6,2,3463.4,2,3463.6,2,3464.6,1,3464.8,4,3465.0,2,3463.4
IF2503,,13:40:00.800#,3501.2,3507.2,3462.0,3845.8,3146.6,2368,2356,3461.0,10,3461.2,2,3462.0,1,3462.4,1,3462.6,2,3463.4,1,3463.6,2,3464.6,1,3464.8,4,3465.0,2,3463.4
IF2503,,13:40:01.300#,3501.2,3507.2,3462.0,3845.8,3146.6,2369,2357,3461.0,10,3461.2,2,3462.0,1,3462.4,1,3462.6,1,3463.4,1,3463.6,2,3464.6,1,3464.8,4,3465.0,2,3462.6
IF2503,,13:40:03.300#,3501.2,3507.2,3462.0,3845.8,3146.6,2370,2358,3461.0,10,3461.2,2,3462.0,1,3462.4,1,3462.6,1,3463.6,2,3464.6,1,3464.8,4,3465.0,2,3466.8,1,3463.4
IF2503,,13:40:10.800#,3501.2,3507.2,3462.0,3845.8,3146.6,2371,2359,3458.0,1,3461.0,10,3461.2,2,3462.0,1,3462.4,1,3463.6,2,3464.6,1,3464.8,4,3465.0,2,3466.8,1,3462.6
IF2503,,13:40:11.300#,3501.2,3507.2,3462.0,3845.8,3146.6,2371,2359,3461.0,10,3461.2,2,3462.0,1,3462.4,1,3462.6,2,3463.4,3,3463.6,2,3464.6,1,3464.8,4,3465.0,2,3462.6
IF2503,,13:40:14.300#,3501.2,3507.2,3462.0,3845.8,3146.6,2371,2359,3461.2,2,3462.0,1,3462.4,1,3462.6,2,3462.8,2,3463.4,3,3463.6,2,3464.6,1,3464.8,4,3465.0,2,3462.6
IF2503,,13:40:14.800#,3501.2,3507.2,3462.0,3845.8,3146.6,2371,2359,3461.2,2,3462.0,1,3462.4,1,3462.6,1,3462.8,2,3463.4,3,3463.6,2,3464.6,1,3464.8,4,3465.0,2,3462.6
IF2503,,13:40:15.300#,3501.2,3507.2,3462.0,3845.8,3146.6,2374,2362,3461.0,10,3461.2,2,3462.0,1,3462.4,1,3462.6,1,3463.2,1,3463.4,3,3463.6,2,3464.6,1,3464.8,3,3462.8
IF2503,,13:40:15.800#,3501.2,3507.2,3462.0,3845.8,3146.6,2374,2362,3457.8,8,3458.0,1,3461.0,10,3461.2,2,3462.0,1,3463.2,1,3463.4,3,3463.6,2,3464.6,1,3464.8,3,3462.8
IF2503,,13:40:16.300#,3501.2,3507.2,3462.0,3845.8,3146.6,2374,2362,3458.0,1,3461.0,10,3461.2,2,3462.0,1,3462.2,1,3462.8,1,3463.0,3,3463.2,1,3463.4,1,3463.6,2,3462.8
IF2503,,13:40:18.800#,3501.2,3507.2,3462.0,3845.8,3146.6,2374,2362,3461.0,10,3461.2,2,3462.0,1,3462.2,1,3462.4,1,3462.8,1,3463.0,3,3463.2,1,3463.4,1,3463.6,2,3462.8
IF2503,,13:40:19.300#,3501.2,3507.2,3462.0,3845.8,3146.6,2374,2362,3458.0,1,3461.0,10,3461.2,2,3462.0,1,3462.4,1,3463.0,3,3463.2,1,3463.4,1,3463.6,2,3464.6,1,3462.8
IF2503,,13:40:19.800#,3501.2,3507.2,3462.0,3845.8,3146.6,2374,2362,3458.0,1,3461.0,10,3461.2,2,3462.0,1,3462.4,1,3463.2,1,3463.4,1,3463.6,2,3464.6,1,3464.8,3,3462.8
IF2503,,13:40:20.800#,3501.2,3507.2,3462.0,3845.8,3146.6,2375,2363,3457.8,8,3458.0,1,3461.0,10,3461.2,2,3462.0,1,3463.2,1,3463.4,1,3463.6,2,3464.6,1,3464.8,3,3462.4
IF2503,,13:40:21.300#,3501.2,3507.2,3462.0,3845.8,3146.6,2376,2364,3458.0,1,3461.0,10,3461.2,2,3462.0,1,3462.2,2,3463.0,2,3463.2,1,3463.4,1,3463.6,2,3464.6,1,3463.0
IF2503,,13:40:21.800#,3501.2,3507.2,3462.0,3845.8,3146.6,2377,2365,3458.0,1,3461.0,10,3461.2,2,3462.0,1,3462.2,1,3463.0,2,3463.2,1,3463.6,2,3464.6,1,3464.8,3,3462.2
IF2503,,13:40:22.300#,3501.2,3507.2,3462.0,3845.8,3146.6,2377,2365,3458.0,1,3461.0,10,3461.2,2,3462.0,1,3462.2,1,3463.0,1,3463.2,1,3463.6,2,3464.6,1,3464.8,3,3462.2
IF2503,,13:40:22.800#,3501.2,3507.2,3462.0,3845.8,3146.6,2377,2365,3458.0,1,3461.0,10,3461.2,2,3462.0,1,3462.2,1,3462.8,1,3463.0,1,3463.2,1,3463.6,2,3464.6,1,3462.2
IF2503,,13:40:29.800#,3501.2,3507.2,3462.0,3845.8,3146.6,2378,2366,3457.8,8,3458.0,1,3461.0,10,3461.2,2,3462.0,1,3462.8,1,3463.0,1,3463.2,1,3463.6,2,3464.6,1,3462.2
IF2503,,13:40:40.800#,3501.2,3507.2,3462.0,3845.8,3146.6,2378,2366,3457.8,8,3458.0,1,3461.0,10,3461.2,2,3462.0,1,3462.4,1,3463.0,1,3463.2,1,3463.6,2,3464.6,1,3462.2
IF2503,,13:40:41.300#,3501.2,3507.2,3462.0,3845.8,3146.6,2379,2367,3457.2,5,3457.8,8,3458.0,1,3461.0,10,3461.2,2,3462.4,1,3463.0,1,3463.2,1,3463.6,2,3464.6,1,3462.0
IF2503,,13:40:41.800#,3501.2,3507.2,3462.0,3845.8,3146.6,2379,2367,3457.8,8,3458.0,1,3461.0,10,3461.2,2,3461.4,3,3462.4,1,3463.0,1,3463.2,1,3463.6,2,3464.6,1,3462.0
IF2503,,13:40:49.800#,3501.2,3507.2,3462.0,3845.8,3146.6,2380,2368,3457.8,8,3458.0,1,3461.0,10,3461.2,2,3461.4,3,3463.0,1,3463.2,1,3463.6,2,3464.6,1,3464.8,3,3462.4
IF2503,,13:40:50.300#,3501.2,3507.2,3462.0,3845.8,3146.6,2380,2368,3458.0,1,3461.0,10,3461.2,2,3461.4,3,3461.6,1,3462.2,1,3462.4,1,3462.6,1,3462.8,2,3463.2,1,3462.4
IF2503,,13:40:50.800#,3501.2,3507.2,3462.0,3845.8,3146.6,2381,2369,3458.0,1,3461.0,10,3461.2,2,3461.4,2,3461.6,1,3462.4,1,3462.6,1,3462.8,2,3463.2,1,3463.6,2,3462.2
IF2503,,13:40:51.300#,3501.2,3507.2,3462.0,3845.8,3146.6,2381,2369,3458.0,1,3461.0,10,3461.2,2,3461.4,2,3461.6,1,3462.4,1,3462.8,1,3463.2,1,3463.6,2,3464.8,2,3462.2
IF2503,,13:40:51.800#,3501.2,3507.2,3462.0,3845.8,3146.6,2382,2370,3458.0,1,3461.0,10,3461.2,2,3461.4,2,3461.6,1,3462.8,1,3463.2,1,3463.6,2,3464.8,2,3465.0,2,3462.4
IF2503,,13:40:52.300#,3501.2,3507.2,3462.0,3845.8,3146.6,2382,2370,3461.0,10,3461.2,2,3461.4,2,3461.6,1,3461.8,1,3462.8,1,3463.2,1,3463.6,2,3464.8,2,3465.0,2,3462.4
IF2503,,13:40:54.800#,3501.2,3507.2,3462.0,3845.8,3146.6,2382,2370,3461.0,10,3461.2,2,3461.4,2,3461.8,1,3462.0,1,3462.8,1,3463.2,1,3463.6,2,3464.8,2,3465.0,2,3462.4
IF2503,,13:40:55.300#,3501.2,3507.2,3462.0,3845.8,3146.6,2382,2370,3458.0,1,3461.0,10,3461.2,2,3461.4,2,3462.0,1,3462.8,1,3463.2,1,3463.6,2,3464.8,2,3465.0,2,3462.4
IF2503,,13:41:01.300#,3501.2,3507.2,3462.0,3845.8,3146.6,2383,2371,3457.8,8,3458.0,1,3461.0,10,3461.2,2,3461.4,2,3462.8,1,3463.2,1,3463.6,2,3464.8,2,3465.0,2,3462.0
IF2503,,13:41:01.800#,3501.2,3507.2,3462.0,3845.8,3146.6,2383,2371,3458.0,1,3461.0,10,3461.2,2,3461.4,2,3461.6,3,3462.6,1,3462.8,1,3463.2,1,3463.6,2,3464.8,2,3462.0
IF2503,,13:41:06.300#,3501.2,3507.2,3462.0,3845.8,3146.6,2383,2371,3461.0,10,3461.2,2,3461.4,1,3461.6,3,3461.8,1,3462.6,1,3462.8,1,3463.2,1,3463.6,2,3464.8,2,3462.0
IF2503,,13:41:06.800#,3501.2,3507.2,3462.0,3845.8,3146.6,2383,2371,3461.0,10,3461.2,2,3461.4,1,3461.6,1,3461.8,1,3462.6,1,3462.8,1,3463.2,1,3463.6,2,3464.8,2,3462.0
IF2503,,13:41:07.300#,3501.2,3507.2,3462.0,3845.8,3146.6,2383,2371,3461.2,2,3461.4,1,3461.6,1,3461.8,1,3462.0,1,3462.6,1,3462.8,1,3463.2,1,3463.6,2,3464.8,2,3462.0
IF2503,,13:41:07.800#,3501.2,3507.2,3462.0,3845.8,3146.6,2383,2371,3461.0,10,3461.2,2,3461.4,1,3461.6,1,3462.0,1,3462.6,1,3462.8,1,3463.2,1,3463.6,2,3464.8,2,3462.0
IF2503,,13:41:09.300#,3501.2,3507.2,3462.0,3845.8,3146.6,2384,2372,3458.0,1,3461.0,10,3461.2,2,3461.4,1,3461.6,1,3462.6,1,3462.8,1,3463.2,1,3463.6,2,3464.8,2,3462.0
IF2503,,13:41:10.300#,3501.2,3507.2,3462.0,3845.8,3146.6,2384,2372,3461.0,10,3461.2,2,3461.4,1,3461.6,1,3461.8,1,3462.6,1,3462.8,1,3463.2,1,3463.6,2,3464.8,2,3462.0
IF2503,,13:41:14.300#,3501.2,3507.2,3462.0,3845.8,3146.6,2384,2372,3461.2,2,3461.4,1,3461.6,1,3461.8,1,3462.0,2,3462.6,1,3462.8,1,3463.2,1,3463.6,2,3464.8,2,3462.0
IF2503,,13:41:14.800#,3501.2,3507.2,3462.0,3845.8,3146.6,2384,2372,3461.0,10,3461.2,2,3461.4,1,3461.6,1,3462.0,2,3462.6,1,3462.8,1,3463.2,1,3463.6,2,3464.8,2,3462.0
IF2503,,13:41:17.300#,3501.2,3507.2,3462.0,3845.8,3146.6,2384,2372,3458.0,1,3461.0,10,3461.2,2,3461.4,1,3462.0,2,3462.8,1,3463.2,1,3463.6,2,3464.8,2,3465.0,2,3462.0
IF2503,,13:41:17.800#,3501.2,3507.2,3462.0,3845.8,3146.6,2384,2372,3458.0,1,3461.0,10,3461.2,2,3461.4,1,3462.0,2,3463.2,1,3463.6,2,3464.8,2,3465.0,2,3466.8,1,3462.0
IF2503,,13:41:18.300#,3501.2,3507.2,3462.0,3845.8,3146.6,2384,2372,3458.0,1,3461.0,10,3461.2,2,3461.4,1,3462.0,2,3462.8,2,3463.0,5,3464.8,1,3465.0,2,3466.8,1,3462.0
IF2503,,13:41:19.300#,3501.2,3507.2,3462.0,3845.8,3146.6,2384,2372,3458.0,1,3461.0,10,3461.2,2,3461.4,1,3462.0,2,3462.8,2,3463.0,4,3464.8,1,3465.0,2,3466.8,1,3462.0
IF2503,,13:41:21.800#,3501.2,3507.2,3462.0,3845.8,3146.6,2385,2373,3458.0,1,3461.0,10,3461.2,2,3461.4,1,3462.0,1,3462.8,2,3463.0,4,3464.8,1,3465.0,2,3466.8,1,3462.0
IF2503,,13:41:26.800#,3501.2,3507.2,3462.0,3845.8,3146.6,2385,2373,3461.0,10,3461.2,2,3461.4,1,3462.0,1,3462.2,1,3462.8,2,3463.0,4,3464.8,1,3465.0,2,3466.8,1,3462.0
IF2503,,13:41:28.300#,3501.2,3507.2,3462.0,3845.8,3146.6,2385,2373,3461.2,2,3461.4,1,3462.0,1,3462.2,1,3462.4,1,3462.8,2,3463.0,4,3464.8,1,3465.0,2,3466.8,1,3462.0
IF2503,,13:41:28.800#,3501.2,3507.2,3462.0,3845.8,3146.6,2385,2373,3458.0,1,3461.0,10,3461.2,2,3461.4,1,3462.0,1,3462.8,1,3463.0,4,3464.8,1,3465.0,2,3466.8,1,3462.0
IF2503,,13:41:29.300#,3501.2,3507.2,3462.0,3845.8,3146.6,2385,2373,3461.0,10,3461.2,2,3461.4,1,3462.0,1,3462.2,1,3463.0,4,3464.8,1,3465.0,2,3466.8,1,3467.0,1,3462.0
IF2503,,13:41:29.800#,3501.2,3507.2,3462.0,3845.8,3146.6,2385,2373,3461.0,10,3461.2,2,3461.4,1,3462.0,1,3462.2,1,3462.8,1,3463.0,3,3464.8,1,3465.0,2,3466.8,1,3462.0
IF2503,,13:41:34.800#,3501.2,3507.2,3462.0,3845.8,3146.6,2385,2373,3461.0,10,3461.2,2,3461.4,1,3462.0,1,3462.2,1,3462.6,2,3462.8,1,3463.0,2,3464.8,1,3465.0,2,3462.0
IF2503,,13:41:35.300#,3501.2,3507.2,3462.0,3845.8,3146.6,2385,2373,3461.0,10,3461.2,2,3461.4,1,3462.0,1,3462.2,1,3462.6,1,3462.8,1,3463.0,2,3464.8,1,3465.0,2,3462.0
IF2503,,13:41:38.300#,3501.2,3507.2,3462.0,3845.8,3146.6,2386,2374,3458.0,1,3461.0,10,3461.2,2,3461.4,1,3462.0,1,3462.6,1,3462.8,1,3463.0,2,3464.8,1,3465.0,2,3462.2
IF2503,,13:41:39.300#,3501.2,3507.2,3462.0,3845.8,3146.6,2386,2374,3458.0,1,3461.0,10,3461.2,2,3461.4,1,3462.0,1,3462.8,1,3463.0,2,3464.8,1,3465.0,2,3466.8,1,3462.2
IF2503,,13:41:40.800#,3501.2,3507.2,3462.0,3845.8,3146.6,2387,2375,3457.8,8,3458.0,1,3461.0,10,3461.2,2,3461.4,1,3462.8,1,3463.0,2,3464.8,1,3465.0,2,3466.8,1,3462.0
IF2503,,13:41:41.300#,3501.2,3507.2,3462.0,3845.8,3146.6,2387,2375,3461.0,10,3461.2,2,3461.4,1,3461.6,2,3461.8,1,3462.6,1,3462.8,1,3463.0,2,3464.8,1,3465.0,2,3462.0
IF2503,,13:41:41.800#,3501.2,3507.2,3461.8,3845.8,3146.6,2388,2376,3457.8,8,3458.0,1,3461.0,10,3461.2,2,3461.4,1,3462.6,1,3462.8,1,3463.0,2,3464.8,1,3465.0,2,3461.8
IF2503,,13:41:42.300#,3501.2,3507.2,3461.8,3845.8,3146.6,2388,2376,3458.0,1,3461.0,10,3461.2,2,3461.4,1,3461.6,2,3462.6,1,3462.8,1,3463.0,2,3464.8,1,3465.0,2,3461.8
IF2503,,13:41:56.800#,3501.2,3507.2,3461.8,3845.8,3146.6,2388,2376,3458.0,1,3461.0,10,3461.2,2,3461.4,1,3461.6,1,3462.6,1,3462.8,1,3463.0,2,3464.8,1,3465.0,2,3461.8
IF2503,,13:42:05.800#,3501.2,3507.2,3461.8,3845.8,3146.6,2389,2377,3461.0,10,3461.2,2,3461.4,1,3461.6,1,3461.8,1,3462.8,1,3463.0,2,3464.8,1,3465.0,2,3466.8,1,3462.6
IF2503,,13:42:06.300#,3501.2,3507.2,3461.8,3845.8,3146.6,2389,2377,3461.0,10,3461.2,2,3461.4,1,3461.8,1,3462.0,1,3462.8,1,3463.0,2,3464.8,1,3465.0,2,3466.8,1,3462.6
IF2503,,13:42:06.800#,3501.2,3507.2,3461.8,3845.8,3146.6,2390,2378,3461.0,10,3461.2,2,3461.4,1,3461.8,1,3462.0,1,3463.0,2,3464.8,1,3465.0,2,3466.8,1,3467.0,1,3462.8
IF2503,,13:42:07.300#,3501.2,3507.2,3461.8,3845.8,3146.6,2391,2379,3461.0,10,3461.2,2,3461.4,1,3461.8,1,3462.0,1,3463.0,2,3464.8,1,3465.0,2,3466.8,1,3467.0,1,3462.8
IF2503,,13:42:11.300#,3501.2,3507.2,3461.8,3845.8,3146.6,2391,2379,3461.0,10,3461.2,2,3461.4,1,3461.8,1,3462.0,1,3462.8,1,3463.0,2,3464.8,1,3465.0,2,3466.8,1,3462.8
IF2503,,13:42:13.300#,3501.2,3507.2,3461.8,3845.8,3146.6,2391,2379,3461.0,10,3461.2,2,3461.4,1,3462.0,1,3462.2,1,3462.8,1,3463.0,2,3464.8,1,3465.0,2,3466.8,1,3462.8
IF2503,,13:42:13.800#,3501.2,3507.2,3461.8,3845.8,3146.6,2391,2379,3461.0,10,3461.2,2,3461.4,1,3462.2,1,3462.4,2,3463.0,2,3464.8,1,3465.0,2,3466.8,1,3467.0,1,3462.8
IF2503,,13:42:19.300#,3501.2,3507.2,3461.8,3845.8,3146.6,2391,2379,3461.0,10,3461.2,2,3461.4,1,3462.2,1,3462.4,2,3462.8,1,3463.0,1,3464.8,1,3465.0,2,3466.8,1,3462.8
IF2503,,13:42:20.800#,3501.2,3507.2,3461.8,3845.8,3146.6,2392,2380,3461.0,10,3461.2,2,3461.4,1,3462.2,1,3462.4,1,3462.8,1,3463.0,1,3464.8,1,3465.0,2,3466.8,1,3462.4
IF2503,,13:42:21.800#,3501.2,3507.2,3461.8,3845.8,3146.6,2393,2381,3458.0,1,3461.0,10,3461.2,2,3461.4,1,3462.2,1,3462.8,1,3463.0,1,3464.8,1,3465.0,2,3466.8,1,3462.4
IF2503,,13:42:23.800#,3501.2,3507.2,3461.8,3845.8,3146.6,2393,2381,3458.0,1,3461.0,10,3461.2,2,3461.4,1,3462.2,1,3463.0,1,3464.8,1,3465.0,2,3466.8,1,3467.0,1,3462.4
IF2503,,13:42:24.300#,3501.2,3507.2,3461.8,3845.8,3146.6,2393,2381,3461.0,10,3461.2,2,3461.4,1,3462.2,1,3462.4,1,3463.0,1,3464.8,1,3465.0,2,3466.8,1,3467.0,1,3462.4
IF2503,,13:42:26.800#,3501.2,3507.2,3461.8,3845.8,3146.6,2393,2381,3458.0,1,3461.0,10,3461.2,2,3461.4,1,3462.2,1,3463.0,1,3464.8,1,3465.0,2,3466.8,1,3467.0,1,3462.4
IF2503,,13:42:30.800#,3501.2,3507.2,3461.8,3845.8,3146.6,2393,2381,3461.0,10,3461.2,2,3461.4,1,3462.2,1,3462.4,1,3463.0,1,3464.8,1,3465.0,2,3466.8,1,3467.0,1,3462.4
IF2503,,13:42:31.300#,3501.2,3507.2,3461.8,3845.8,3146.6,2394,2382,3461.0,10,3461.2,2,3461.4,1,3462.4,1,3462.6,1,3464.8,1,3465.0,2,3466.8,1,3467.0,1,3467.4,2,3463.0
IF2503,,13:42:31.800#,3501.2,3507.2,3461.8,3845.8,3146.6,2394,2382,3461.0,10,3461.2,2,3461.4,1,3462.4,1,3463.0,1,3464.4,1,3464.6,5,3465.0,2,3466.8,1,3467.0,1,3463.0
IF2503,,13:42:32.300#,3501.2,3507.2,3461.8,3845.8,3146.6,2394,2382,3458.0,1,3461.0,10,3461.2,2,3462.4,1,3463.0,1,3464.0,1,3464.2,4,3464.4,1,3464.6,3,3465.0,2,3463.0
IF2503,,13:42:32.800#,3501.2,3507.2,3461.8,3845.8,3146.6,2394,2382,3458.0,1,3461.0,10,3461.2,2,3462.4,1,3463.0,1,3463.8,4,3464.0,1,3464.2,2,3464.6,1,3465.0,2,3463.0
IF2503,,13:42:33.300#,3501.2,3507.2,3461.8,3845.8,3146.6,2395,2383,3457.8,8,3458.0,1,3461.0,10,3461.2,2,3462.4,1,3463.8,4,3464.0,1,3464.2,2,3464.6,1,3465.0,2,3463.0
IF2503,,13:42:33.800#,3501.2,3507.2,3461.8,3845.8,3146.6,2395,2383,3461.0,10,3461.2,2,3462.4,1,3462.6,1,3462.8,1,3463.6,2,3463.8,3,3464.0,1,3464.2,2,3464.6,1,3463.0
IF2503,,13:42:34.300#,3501.2,3507.2,3461.8,3845.8,3146.6,2395,2383,3457.8,8,3458.0,1,3461.0,10,3461.2,2,3462.4,1,3463.6,1,3463.8,3,3464.0,1,3464.2,2,3464.6,1,3463.0
IF2503,,13:42:34.800#,3501.2,3507.2,3461.8,3845.8,3146.6,2395,2383,3458.0,1,3461.0,10,3461.2,2,3462.4,1,3462.6,1,3463.6,1,3463.8,3,3464.2,2,3464.6,1,3465.0,2,3463.0
IF2503,,13:42:36.800#,3501.2,3507.2,3461.8,3845.8,3146.6,2395,2383,3458.0,1,3461.0,10,3461.2,2,3462.6,1,3463.0,1,3463.4,2,3463.8,3,3464.2,1,3464.6,1,3465.0,2,3463.0
IF2503,,13:42:37.300#,3501.2,3507.2,3461.8,3845.8,3146.6,2396,2384,3457.2,5,3457.8,8,3458.0,1,3461.0,10,3461.2,2,3463.4,2,3463.8,3,3464.2,1,3464.6,1,3465.0,2,3463.0
IF2503,,13:42:37.800#,3501.2,3507.2,3461.8,3845.8,3146.6,2396,2384,3458.0,1,3461.0,10,3461.2,2,3461.4,2,3461.6,1,3463.4,2,3463.8,3,3464.2,1,3464.6,1,3465.0,2,3463.0
IF2503,,13:42:38.300#,3501.2,3507.2,3461.8,3845.8,3146.6,2396,2384,3461.0,10,3461.2,2,3461.4,1,3461.6,1,3461.8,1,3463.2,1,3463.4,2,3463.8,2,3464.2,1,3464.6,1,3463.0
IF2503,,13:42:38.800#,3501.2,3507.2,3461.8,3845.8,3146.6,2396,2384,3461.0,10,3461.2,2,3461.4,1,3461.8,1,3462.0,1,3463.4,2,3463.8,2,3464.2,1,3464.6,1,3465.0,2,3463.0
IF2503,,13:42:39.300#,3501.2,3507.2,3461.8,3845.8,3146.6,2396,2384,3458.0,1,3461.0,10,3461.2,2,3461.4,1,3462.0,1,3463.4,2,3463.8,2,3464.2,1,3464.6,1,3465.0,2,3463.0
IF2503,,13:42:39.800#,3501.2,3507.2,3461.8,3845.8,3146.6,2396,2384,3461.2,2,3461.4,1,3462.0,1,3462.2,1,3462.4,1,3463.2,2,3463.4,2,3463.8,2,3464.2,1,3464.6,1,3463.0
IF2503,,13:42:40.300#,3501.2,3507.2,3461.8,3845.8,3146.6,2396,2384,3461.0,10,3461.2,2,3461.4,1,3462.0,1,3462.4,1,3463.2,2,3463.4,2,3463.8,2,3464.2,1,3464.6,1,3463.0
IF2503,,13:42:40.800#,3501.2,3507.2,3461.8,3845.8,3146.6,2396,2384,3461.0,10,3461.2,2,3461.4,1,3462.0,1,3462.4,1,3463.2,1,3463.4,2,3463.8,2,3464.2,1,3464.6,1,3463.0
IF2503,,13:42:41.800#,3501.2,3507.2,3461.8,3845.8,3146.6,2396,2384,3461.2,2,3461.4,1,3462.0,1,3462.4,1,3462.6,1,3463.4,2,3463.8,2,3464.2,1,3464.6,1,3465.0,2,3463.0
IF2503,,13:42:42.800#,3501.2,3507.2,3461.8,3845.8,3146.6,2397,2385,3461.0,10,3461.2,2,3461.4,1,3462.0,1,3462.4,1,3463.4,2,3463.8,2,3464.2,1,3464.6,1,3465.0,2,3462.6
IF2503,,13:42:43.800#,3501.2,3507.2,3461.8,3845.8,3146.6,2397,2385,3461.2,2,3461.4,1,3462.0,1,3462.4,1,3463.0,1,3463.2,2,3463.4,1,3463.8,2,3464.2,1,3464.6,1,3462.6
IF2503,,13:42:44.300#,3501.2,3507.2,3461.8,3845.8,3146.6,2399,2387,3458.0,1,3461.0,10,3461.2,2,3462.0,1,3462.4,1,3463.2,2,3463.4,1,3463.8,2,3464.2,1,3464.6,1,3463.0
IF2503,,13:42:49.300#,3501.2,3507.2,3461.8,3845.8,3146.6,2399,2387,3461.0,10,3461.2,2,3462.0,1,3462.4,1,3462.6,1,3463.2,2,3463.4,1,3463.8,2,3464.2,1,3464.6,1,3463.0
IF2503,,13:42:49.800#,3501.2,3507.2,3461.8,3845.8,3146.6,2399,2387,3461.0,10,3461.2,2,3462.0,1,3462.4,1,3462.6,1,3463.2,1,3463.4,1,3463.8,2,3464.2,1,3464.6,1,3463.0
IF2503,,13:42:51.800#,3501.2,3507.2,3461.8,3845.8,3146.6,2399,2387,3458.0,1,3461.0,10,3461.2,2,3462.0,1,3462.4,1,3463.2,1,3463.4,1,3463.8,2,3464.2,1,3464.6,1,3463.0
IF2503,,13:43:00.800#,3501.2,3507.2,3461.8,3845.8,3146.6,2400,2388,3457.8,8,3458.0,1,3461.0,10,3461.2,2,3462.0,1,3463.2,1,3463.4,1,3463.8,2,3464.2,1,3464.6,1,3462.4
IF2503,,13:43:01.300#,3501.2,3507.2,3461.8,3845.8,3146.6,2400,2388,3458.0,1,3461.0,10,3461.2,2,3462.0,1,3462.2,1,3462.8,1,3463.2,1,3463.4,1,3463.8,2,3464.2,1,3462.4
IF2503,,13:43:04.300#,3501.2,3507.2,3461.8,3845.8,3146.6,2400,2388,3461.0,10,3461.2,2,3462.0,1,3462.2,1,3462.4,1,3462.8,1,3463.2,1,3463.4,1,3463.8,2,3464.2,1,3462.4
IF2503,,13:43:04.800#,3501.2,3507.2,3461.8,3845.8,3146.6,2400,2388,3457.2,5,3457.8,8,3458.0,1,3461.0,10,3461.2,2,3463.4,1,3463.8,2,3464.2,1,3464.6,1,3465.0,2,3462.4
IF2503,,13:43:05.300#,3501.2,3507.2,3461.8,3845.8,3146.6,2400,2388,3458.0,1,3461.0,10,3461.2,2,3461.4,1,3461.6,2,3462.8,1,3463.2,1,3463.4,1,3463.8,2,3464.2,1,3462.4
IF2503,,13:43:05.800#,3501.2,3507.2,3461.8,3845.8,3146.6,2400,2388,3458.0,1,3461.0,10,3461.2,2,3461.6,2,3461.8,2,3462.8,1,3463.4,1,3463.8,2,3464.2,1,3464.6,1,3462.4
IF2503,,13:43:17.300#,3501.2,3507.2,3461.8,3845.8,3146.6,2402,2390,3457.8,8,3458.0,1,3461.0,10,3461.2,2,3461.6,1,3462.6,1,3463.0,1,3463.2,3,3463.4,1,3463.8,2,3461.8
IF2503,,13:43:17.800#,3501.2,3507.2,3461.8,3845.8,3146.6,2402,2390,3458.0,1,3461.0,10,3461.2,2,3461.6,1,3461.8,1,3462.6,1,3463.0,1,3463.2,3,3463.4,1,3463.8,2,3461.8
IF2503,,13:43:20.800#,3501.2,3507.2,3461.8,3845.8,3146.6,2402,2390,3457.8,8,3458.0,1,3461.0,10,3461.2,2,3461.8,1,3462.6,1,3463.0,1,3463.2,3,3463.4,1,3463.8,2,3461.8
IF2503,,13:43:22.300#,3501.2,3507.2,3461.8,3845.8,3146.6,2403,2391,3457.8,8,3458.0,1,3461.0,10,3461.2,2,3461.4,2,3462.6,1,3463.0,1,3463.2,3,3463.4,1,3463.8,2,3461.8
IF2503,,13:43:23.300#,3501.2,3507.2,3461.8,3845.8,3146.6,2403,2391,3458.0,1,3461.0,10,3461.2,2,3461.4,2,3461.6,2,3462.6,1,3463.0,1,3463.2,3,3463.4,1,3463.8,2,3461.8
IF2503,,13:43:39.300#,3501.2,3507.2,3461.8,3845.8,3146.6,2403,2391,3461.0,10,3461.2,2,3461.4,1,3461.6,1,3462.2,1,3463.0,1,3463.2,3,3463.4,1,3463.8,2,3464.2,1,3461.8
IF2503,,13:43:44.300#,3501.2,3507.2,3461.8,3845.8,3146.6,2405,2393,3461.0,10,3461.2,2,3461.6,1,3461.8,1,3462.0,2,3462.8,1,3463.2,3,3463.4,1,3463.8,2,3464.2,1,3462.2
IF2503,,13:43:48.300#,3501.2,3507.2,3461.8,3845.8,3146.6,2405,2393,3461.2,2,3461.6,1,3461.8,1,3462.0,2,3462.2,1,3462.8,1,3463.2,3,3463.4,1,3463.8,2,3464.2,1,3462.2
IF2503,,13:44:00.800#,3501.2,3507.2,3461.8,3845.8,3146.6,2406,2394,3461.0,10,3461.2,2,3461.6,1,3461.8,1,3462.0,2,3462.8,1,3463.2,3,3463.4,1,3463.8,2,3464.2,1,3462.2
IF2503,,13:44:01.300#,3501.2,3507.2,3461.8,3845.8,3146.6,2406,2394,3461.2,2,3461.6,1,3461.8,1,3462.0,2,3462.2,1,3462.8,1,3463.2,3,3463.4,1,3463.8,2,3464.2,1,3462.2
IF2503,,13:44:06.800#,3501.2,3507.2,3461.8,3845.8,3146.6,2407,2395,3461.2,2,3461.6,1,3461.8,1,3462.0,2,3462.2,1,3463.2,3,3463.4,1,3463.8,2,3464.2,1,3464.6,1,3462.8
IF2503,,13:44:10.300#,3501.2,3507.2,3461.8,3845.8,3146.6,2408,2396,3461.2,2,3461.6,1,3461.8,1,3462.0,2,3462.2,1,3463.2,2,3463.4,1,3463.8,2,3464.2,1,3464.6,1,3463.2
IF2503,,13:44:10.800#,3501.2,3507.2,3461.8,3845.8,3146.6,2409,2397,3461.2,2,3461.6,1,3461.8,1,3462.0,2,3462.2,1,3463.2,1,3463.4,1,3463.8,2,3464.2,1,3464.6,1,3463.2
IF2503,,13:44:11.300#,3501.2,3507.2,3461.8,3845.8,3146.6,2410,2398,3461.0,10,3461.2,2,3461.6,1,3461.8,1,3462.2,1,3463.0,1,3463.4,1,3463.8,2,3464.2,1,3464.6,1,3463.2
IF2503,,13:44:11.800#,3501.2,3507.2,3461.8,3845.8,3146.6,2411,2399,3461.6,1,3461.8,1,3462.0,1,3462.2,1,3462.4,4,3463.4,1,3463.8,2,3464.2,1,3464.6,1,3465.0,2,3463.2
IF2503,,13:44:12.300#,3501.2,3507.2,3461.8,3845.8,3146.6,2411,2399,3461.6,1,3461.8,1,3462.0,1,3462.4,4,3462.6,1,3463.4,1,3463.8,2,3464.2,1,3464.6,1,3465.0,2,3463.2
IF2503,,13:44:15.800#,3501.2,3507.2,3461.8,3845.8,3146.6,2411,2399,3461.8,1,3462.0,1,3462.4,3,3462.6,1,3462.8,1,3463.4,1,3463.8,2,3464.2,1,3464.6,1,3465.0,2,3463.2
IF2503,,13:44:16.300#,3501.2,3507.2,3461.8,3845.8,3146.6,2411,2399,3461.6,1,3461.8,1,3462.0,1,3462.4,3,3462.8,1,3463.4,1,3463.8,2,3464.2,1,3464.6,1,3465.0,2,3463.2
IF2503,,13:44:20.300#,3501.2,3507.2,3461.8,3845.8,3146.6,2412,2400,3461.2,2,3461.6,1,3461.8,1,3462.0,1,3462.4,3,3463.4,1,3463.8,2,3464.2,1,3464.6,1,3465.0,2,3462.8
IF2503,,13:44:20.800#,3501.2,3507.2,3461.8,3845.8,3146.6,2412,2400,3461.6,1,3461.8,1,3462.0,1,3462.4,3,3462.6,2,3463.4,1,3463.8,2,3464.2,1,3464.6,1,3465.0,2,3462.8
IF2503,,13:44:22.300#,3501.2,3507.2,3461.8,3845.8,3146.6,2413,2401,3461.6,1,3461.8,1,3462.0,1,3462.4,3,3462.6,1,3463.2,1,3463.4,1,3463.8,2,3464.2,1,3464.6,1,3462.6
IF2503,,13:44:29.800#,3501.2,3507.2,3461.8,3845.8,3146.6,2414,2402,3461.6,1,3461.8,1,3462.0,1,3462.4,3,3462.6,1,3463.4,1,3463.8,2,3464.2,1,3464.6,1,3465.0,2,3463.2
IF2503,,13:44:32.800#,3501.2,3507.2,3461.8,3845.8,3146.6,2414,2402,3461.8,1,3462.0,1,3462.4,3,3462.6,1,3462.8,1,3463.4,1,3463.8,2,3464.2,1,3464.6,1,3465.0,2,3463.2
IF2503,,13:44:33.300#,3501.2,3507.2,3461.8,3845.8,3146.6,2414,2402,3461.6,1,3461.8,1,3462.0,1,3462.4,3,3462.8,1,3463.4,1,3463.8,2,3464.2,1,3464.6,1,3465.0,2,3463.2
IF2503,,13:44:34.300#,3501.2,3507.2,3461.8,3845.8,3146.6,2415,2403,3461.6,1,3461.8,1,3462.0,1,3462.4,3,3462.8,2,3463.8,1,3464.2,1,3464.6,1,3465.0,2,3466.8,1,3463.4
IF2503,,13:44:34.800#,3501.2,3507.2,3461.8,3845.8,3146.6,2415,2403,3461.6,1,3461.8,1,3462.0,1,3462.4,3,3462.8,2,3463.6,1,3463.8,1,3464.2,1,3464.6,1,3465.0,2,3463.4
IF2503,,13:44:41.300#,3501.2,3507.2,3461.8,3845.8,3146.6,2415,2403,3461.6,1,3461.8,1,3462.0,1,3462.4,3,3462.8,1,3463.6,1,3463.8,1,3464.2,1,3464.6,1,3465.0,2,3463.4
IF2503,,13:44:41.800#,3501.2,3507.2,3461.8,3845.8,3146.6,2415,2403,3461.2,2,3461.6,1,3461.8,1,3462.0,1,3462.8,1,3463.6,1,3463.8,1,3464.2,1,3464.6,1,3465.0,2,3463.4
IF2503,,13:44:42.300#,3501.2,3507.2,3461.8,3845.8,3146.6,2415,2403,3461.6,1,3461.8,1,3462.0,1,3462.8,1,3463.0,4,3463.6,1,3463.8,1,3464.2,1,3464.6,1,3465.0,2,3463.4
IF2503,,13:44:44.800#,3501.2,3507.2,3461.8,3845.8,3146.6,2416,2404,3461.6,1,3461.8,1,3462.0,1,3462.8,1,3463.0,3,3463.6,1,3463.8,1,3464.2,1,3464.6,1,3465.0,2,3463.0
IF2503,,13:44:51.800#,3501.2,3507.2,3461.8,3845.8,3146.6,2416,2404,3461.8,1,3462.0,1,3462.8,1,3463.0,3,3463.2,1,3463.6,1,3463.8,1,3464.2,1,3464.6,1,3465.0,2,3463.0
IF2503,,13:44:52.300#,3501.2,3507.2,3461.8,3845.8,3146.6,2416,2404,3461.8,1,3462.0,1,3462.8,1,3463.0,3,3463.2,1,3463.8,1,3464.2,1,3464.6,1,3465.0,2,3466.8,1,3463.0
IF2503,,13:44:53.800#,3501.2,3507.2,3461.8,3845.8,3146.6,2417,2405,3462.0,1,3462.8,1,3463.0,3,3463.2,1,3463.4,2,3464.6,1,3465.0,2,3466.8,1,3467.0,1,3467.4,2,3463.8
IF2503,,13:44:54.300#,3501.2,3507.2,3461.8,3845.8,3146.6,2417,2405,3462.0,1,3462.8,1,3463.0,3,3463.4,2,3463.6,1,3464.4,1,3464.6,1,3465.0,2,3466.8,1,3467.0,1,3463.8
IF2503,,13:44:54.800#,3501.2,3507.2,3461.8,3845.8,3146.6,2417,2405,3461.8,1,3462.0,1,3462.8,1,3463.4,2,3463.6,1,3464.4,1,3464.6,1,3465.0,2,3466.8,1,3467.0,1,3463.8
IF2503,,13:44:57.300#,3501.2,3507.2,3461.8,3845.8,3146.6,2417,2405,3462.0,1,3462.8,1,3463.4,2,3463.6,1,3463.8,3,3464.4,1,3464.6,1,3465.0,2,3466.8,1,3467.0,1,3463.8
IF2503,,13:44:59.800#,3501.2,3507.2,3461.8,3845.8,3146.6,2418,2406,3462.0,1,3462.8,1,3463.4,2,3463.6,1,3463.8,2,3464.4,1,3464.6,1,3465.0,2,3466.8,1,3467.0,1,3463.8
IF2503,,13:45:00.800#,3501.2,3507.2,3461.8,3845.8,3146.6,2419,2407,3462.0,1,3462.8,1,3463.4,2,3463.6,1,3463.8,1,3464.4,1,3464.6,1,3465.0,2,3466.8,1,3467.0,1,3463.8
IF2503,,13:45:01.300#,3501.2,3507.2,3461.8,3845.8,3146.6,2419,2407,3462.0,1,3462.8,1,3463.4,2,3463.6,1,3463.8,1,3464.4,1,3465.0,2,3466.8,1,3467.0,1,3467.4,2,3463.8
IF2503,,13:45:04.300#,3501.2,3507.2,3461.8,3845.8,3146.6,2420,2408,3461.8,1,3462.0,1,3462.8,1,3463.4,2,3463.6,1,3464.4,1,3465.0,2,3466.8,1,3467.0,1,3467.4,2,3463.8
IF2503,,13:45:05.300#,3501.2,3507.2,3461.8,3845.8,3146.6,2420,2408,3461.2,2,3461.8,1,3462.0,1,3462.8,1,3463.4,2,3464.4,1,3465.0,2,3466.8,1,3467.0,1,3467.4,2,3463.8
IF2503,,13:45:05.800#,3501.2,3507.2,3461.8,3845.8,3146.6,2420,2408,3461.2,2,3461.8,1,3462.0,1,3462.8,1,3463.4,2,3464.2,1,3464.4,1,3465.0,2,3466.8,1,3467.0,1,3463.8
IF2503,,13:45:07.800#,3501.2,3507.2,3461.8,3845.8,3146.6,2421,2409,3461.2,2,3461.8,1,3462.0,1,3462.8,1,3463.4,2,3463.6,1,3464.4,1,3465.0,2,3466.8,1,3467.0,1,3464.2
IF2503,,13:45:08.300#,3501.2,3507.2,3461.8,3845.8,3146.6,2422,2410,3461.2,2,3461.8,1,3462.0,1,3462.8,1,3463.4,2,3465.0,2,3466.8,1,3467.0,1,3467.4,2,3470.6,1,3463.6
IF2503,,13:45:08.800#,3501.2,3507.2,3461.8,3845.8,3146.6,2422,2410,3461.2,2,3461.8,1,3462.0,1,3462.8,1,3463.4,2,3464.4,1,3464.6,1,3464.8,3,3465.0,2,3466.8,1,3463.6
IF2503,,13:45:09.300#,3501.2,3507.2,3461.8,3845.8,3146.6,2422,2410,3461.2,2,3461.8,1,3462.0,1,3462.8,1,3463.4,2,3464.4,1,3464.6,1,3464.8,2,3465.0,2,3466.8,1,3463.6
IF2503,,13:45:10.300#,3501.2,3507.2,3461.8,3845.8,3146.6,2422,2410,3461.8,1,3462.0,1,3462.8,1,3463.4,2,3463.6,1,3464.4,1,3464.6,1,3464.8,2,3465.0,2,3466.8,1,3463.6
IF2503,,13:45:10.800#,3501.2,3507.2,3461.8,3845.8,3146.6,2422,2410,3461.8,1,3462.0,1,3462.8,1,3463.4,2,3463.6,1,3464.4,1,3464.8,2,3465.0,2,3466.8,1,3467.0,1,3463.6
IF2503,,13:45:13.300#,3501.2,3507.2,3461.8,3845.8,3146.6,2422,2410,3461.8,1,3462.0,1,3462.8,1,3463.4,1,3463.6,1,3464.4,1,3464.8,2,3465.0,2,3466.8,1,3467.0,1,3463.6
IF2503,,13:45:13.800#,3501.2,3507.2,3461.8,3845.8,3146.6,2422,2410,3461.2,2,3461.8,1,3462.0,1,3462.8,1,3463.4,1,3464.4,1,3464.8,2,3465.0,2,3466.8,1,3467.0,1,3463.6
IF2503,,13:45:14.300#,3501.2,3507.2,3461.8,3845.8,3146.6,2422,2410,3461.2,2,3461.8,1,3462.0,1,3462.8,1,3463.4,1,3464.0,2,3464.2,1,3464.8,1,3465.0,2,3466.8,1,3463.6
IF2503,,13:45:15.800#,3501.2,3507.2,3461.8,3845.8,3146.6,2422,2410,3461.0,10,3461.2,2,3461.8,1,3462.0,1,3462.8,1,3464.0,2,3464.2,1,3464.8,1,3465.0,2,3466.8,1,3463.6
IF2503,,13:45:16.300#,3501.2,3507.2,3461.8,3845.8,3146.6,2422,2410,3461.0,10,3461.2,2,3462.0,1,3462.8,1,3463.0,5,3464.0,2,3464.2,1,3464.8,1,3465.0,2,3466.8,1,3463.6
IF2503,,13:45:16.800#,3501.2,3507.2,3461.8,3845.8,3146.6,2422,2410,3461.2,2,3462.0,1,3462.8,1,3463.0,4,3463.2,1,3464.0,2,3464.2,1,3464.8,1,3465.0,2,3466.8,1,3463.6
IF2503,,13:45:17.300#,3501.2,3507.2,3461.8,3845.8,3146.6,2422,2410,3461.2,2,3462.0,1,3462.8,1,3463.0,3,3463.2,1,3464.0,2,3464.2,1,3464.8,1,3465.0,2,3466.8,1,3463.6
IF2503,,13:45:20.300#,3501.2,3507.2,3461.8,3845.8,3146.6,2422,2410,3461.0,10,3461.2,2,3462.0,1,3462.8,1,3463.0,1,3464.0,2,3464.2,1,3464.8,1,3465.0,2,3466.8,1,3463.6
IF2503,,13:45:22.300#,3501.2,3507.2,3461.8,3845.8,3146.6,2423,2411,3458.0,1,3461.0,10,3461.2,2,3462.0,1,3462.8,1,3463.6,1,3464.0,1,3464.2,1,3464.8,1,3465.0,2,3463.0
IF2503,,13:45:22.800#,3501.2,3507.2,3461.8,3845.8,3146.6,2423,2411,3458.0,1,3461.0,10,3461.2,2,3462.0,1,3462.8,1,3463.6,1,3464.2,1,3464.8,1,3465.0,2,3466.8,1,3463.0
IF2503,,13:45:36.300#,3501.2,3507.2,3461.8,3845.8,3146.6,2423,2411,3458.0,1,3461.0,10,3461.2,2,3462.0,1,3462.8,1,3463.4,1,3463.6,1,3464.2,1,3464.8,1,3465.0,2,3463.0
IF2503,,13:45:40.800#,3501.2,3507.2,3461.8,3845.8,3146.6,2424,2412,3457.8,8,3458.0,1,3461.0,10,3461.2,2,3462.0,1,3463.4,1,3463.6,1,3464.2,1,3464.8,1,3465.0,2,3462.8
IF2503,,13:45:41.300#,3501.2,3507.2,3461.8,3845.8,3146.6,2424,2412,3458.0,1,3461.0,10,3461.2,2,3462.0,1,3462.2,7,3463.2,1,3463.4,1,3464.2,1,3464.8,1,3465.0,2,3462.8
IF2503,,13:45:41.800#,3501.2,3507.2,3461.8,3845.8,3146.6,2424,2412,3461.0,10,3461.2,2,3462.0,1,3462.2,6,3462.4,1,3463.2,1,3463.4,1,3464.2,1,3464.8,1,3465.0,2,3462.8
IF2503,,13:45:42.300#,3501.2,3507.2,3461.8,3845.8,3146.6,2424,2412,3461.2,2,3462.0,1,3462.2,5,3462.4,1,3462.6,1,3463.2,1,3463.4,1,3464.2,1,3464.8,1,3465.0,2,3462.8
IF2503,,13:45:44.800#,3501.2,3507.2,3461.8,3845.8,3146.6,2424,2412,3461.2,2,3462.0,1,3462.2,3,3462.4,1,3462.6,1,3463.2,1,3463.4,1,3464.2,1,3464.8,1,3465.0,2,3462.8
IF2503,,13:45:45.800#,3501.2,3507.2,3461.8,3845.8,3146.6,2425,2413,3461.0,10,3461.2,2,3462.0,1,3462.2,3,3462.4,1,3463.2,1,3463.4,1,3464.2,1,3464.8,1,3465.0,2,3462.6
IF2503,,13:45:46.300#,3501.2,3507.2,3461.8,3845.8,3146.6,2425,2413,3461.0,10,3461.2,2,3462.0,1,3462.2,3,3462.6,2,3463.2,1,3463.4,1,3464.2,1,3464.8,1,3465.0,2,3462.6
IF2503,,13:45:46.800#,3501.2,3507.2,3461.8,3845.8,3146.6,2425,2413,3461.0,10,3461.2,2,3462.0,1,3462.2,3,3462.6,3,3463.2,1,3463.4,1,3464.2,1,3464.8,1,3465.0,2,3462.6
IF2503,,13:45:55.800#,3501.2,3507.2,3461.8,3845.8,3146.6,2425,2413,3461.2,2,3462.0,1,3462.2,3,3462.6,3,3462.8,1,3463.2,1,3463.4,1,3464.2,1,3464.8,1,3465.0,2,3462.6
IF2503,,13:45:56.300#,3501.2,3507.2,3461.8,3845.8,3146.6,2426,2414,3461.2,2,3462.0,1,3462.2,3,3462.6,2,3462.8,1,3463.4,1,3464.2,1,3464.8,1,3465.0,2,3466.8,1,3463.2
IF2503,,13:45:56.800#,3501.2,3507.2,3461.8,3845.8,3146.6,2426,2414,3461.2,2,3462.0,1,3462.2,3,3462.6,2,3462.8,1,3464.0,1,3464.2,1,3464.8,1,3465.0,2,3466.8,1,3463.2
IF2503,,13:45:57.300#,3501.2,3507.2,3461.8,3845.8,3146.6,2426,2414,3461.2,2,3462.0,1,3462.2,3,3462.6,2,3462.8,1,3463.6,1,3463.8,2,3464.0,1,3465.0,2,3466.8,1,3463.2
IF2503,,13:45:58.800#,3501.2,3507.2,3461.8,3845.8,3146.6,2426,2414,3461.2,2,3462.0,1,3462.2,3,3462.6,2,3462.8,1,3463.6,1,3463.8,1,3464.0,1,3465.0,2,3466.8,1,3463.2
IF2503,,13:45:59.300#,3501.2,3507.2,3461.8,3845.8,3146.6,2426,2414,3462.0,1,3462.2,3,3462.6,2,3462.8,1,3463.0,1,3463.6,1,3463.8,1,3464.0,1,3465.0,2,3466.8,1,3463.2
IF2503,,13:45:59.800#,3501.2,3507.2,3461.8,3845.8,3146.6,2427,2415,3462.2,3,3462.6,2,3462.8,1,3463.0,1,3463.2,2,3464.0,1,3465.0,2,3466.8,1,3467.0,1,3467.4,2,3463.6
IF2503,,13:46:00.300#,3501.2,3507.2,3461.8,3845.8,3146.6,2427,2415,3462.6,2,3462.8,1,3463.0,1,3463.2,1,3463.4,1,3464.0,1,3465.0,2,3466.8,1,3467.0,1,3467.4,2,3463.6
IF2503,,13:46:00.800#,3501.2,3507.2,3461.8,3845.8,3146.6,2427,2415,3462.0,1,3462.2,3,3462.6,2,3462.8,1,3463.2,1,3464.6,1,3465.0,2,3466.8,1,3467.0,1,3467.4,2,3463.6
IF2503,,13:46:01.300#,3501.2,3507.2,3461.8,3845.8,3146.6,2427,2415,3462.2,2,3462.6,2,3462.8,1,3463.2,1,3463.4,2,3464.4,2,3464.6,1,3465.0,2,3466.8,1,3467.0,1,3463.6
IF2503,,13:46:01.800#,3501.2,3507.2,3461.8,3845.8,3146.6,2427,2415,3462.2,2,3462.6,2,3462.8,1,3463.2,1,3463.4,2,3464.2,1,3464.4,1,3464.6,1,3465.0,2,3466.8,1,3463.6
IF2503,,13:46:02.300#,3501.2,3507.2,3461.8,3845.8,3146.6,2427,2415,3462.0,1,3462.2,2,3462.8,1,3463.2,1,3463.4,2,3464.0,2,3464.4,1,3464.6,1,3465.0,2,3466.8,1,3463.6
IF2503,,13:46:02.800#,3501.2,3507.2,3461.8,3845.8,3146.6,2427,2415,3462.2,2,3462.8,1,3463.2,1,3463.4,2,3463.6,2,3464.0,2,3464.4,1,3464.6,1,3465.0,2,3466.8,1,3463.6
IF2503,,13:46:03.300#,3501.2,3507.2,3461.8,3845.8,3146.6,2429,2417,3462.0,1,3462.2,2,3462.8,1,3463.2,1,3463.4,1,3464.0,1,3464.4,1,3464.6,1,3465.0,2,3466.8,1,3463.6
IF2503,,13:46:03.800#,3501.2,3507.2,3461.8,3845.8,3146.6,2429,2417,3462.0,1,3462.2,2,3462.8,1,3463.2,1,3463.4,1,3464.0,1,3464.4,1,3465.0,2,3466.8,1,3467.0,1,3463.6
IF2503,,13:46:07.800#,3501.2,3507.2,3461.8,3845.8,3146.6,2430,2418,3461.0,10,3461.2,2,3462.0,1,3462.2,2,3462.8,1,3464.0,1,3464.4,1,3465.0,2,3466.8,1,3467.0,1,3463.4
IF2503,,13:46:08.300#,3501.2,3507.2,3461.8,3845.8,3146.6,2430,2418,3461.2,2,3462.0,1,3462.2,1,3462.8,1,3463.0,1,3463.8,2,3464.0,1,3464.4,1,3465.0,2,3466.8,1,3463.4
IF2503,,13:46:08.800#,3501.2,3507.2,3461.8,3845.8,3146.6,2430,2418,3461.2,2,3462.0,1,3462.2,1,3462.8,1,3463.0,2,3463.6,1,3463.8,1,3464.0,1,3464.4,1,3465.0,2,3463.4
IF2503,,13:46:09.300#,3501.2,3507.2,3461.8,3845.8,3146.6,2430,2418,3461.2,2,3462.0,1,3462.2,1,3462.8,1,3463.0,2,3463.4,1,3463.6,1,3463.8,1,3464.0,1,3464.4,1,3463.4
IF2503,,13:46:09.800#,3501.2,3507.2,3461.8,3845.8,3146.6,2430,2418,3461.0,10,3461.2,2,3462.0,1,3462.2,1,3463.0,1,3463.4,1,3463.6,1,3464.0,1,3464.4,1,3465.0,2,3463.4
IF2503,,13:46:12.800#,3501.2,3507.2,3461.8,3845.8,3146.6,2430,2418,3461.0,10,3461.2,2,3462.0,1,3462.2,1,3463.0,1,3463.6,1,3464.0,1,3464.4,1,3465.0,2,3466.8,1,3463.4
IF2503,,13:46:13.300#,3501.2,3507.2,3461.8,3845.8,3146.6,2430,2418,3461.0,10,3461.2,2,3462.0,1,3462.2,1,3463.0,1,3464.0,1,3464.4,1,3465.0,2,3466.8,1,3467.0,1,3463.4
IF2503,,13:46:13.800#,3501.2,3507.2,3461.8,3845.8,3146.6,2430,2418,3461.0,10,3461.2,2,3462.0,1,3462.2,1,3463.0,1,3463.8,1,3464.0,1,3464.4,1,3465.0,2,3466.8,1,3463.4
IF2503,,13:46:21.300#,3501.2,3507.2,3461.8,3845.8,3146.6,2431,2419,3461.0,10,3461.2,2,3462.0,1,3462.2,1,3463.2,1,3463.8,1,3464.0,1,3464.4,1,3465.0,2,3466.8,1,3463.0
IF2503,,13:46:21.800#,3501.2,3507.2,3461.8,3845.8,3146.6,2431,2419,3461.0,10,3461.2,2,3462.0,1,3462.2,1,3462.6,1,3463.8,1,3464.0,1,3464.4,1,3465.0,2,3466.8,1,3463.0
IF2503,,13:46:22.300#,3501.2,3507.2,3461.8,3845.8,3146.6,2432,2420,3461.0,10,3461.2,2,3462.0,1,3462.6,1,3462.8,4,3463.8,1,3464.0,1,3464.4,1,3465.0,2,3466.8,1,3462.8
IF2503,,13:46:24.800#,3501.2,3507.2,3461.8,3845.8,3146.6,2432,2420,3461.0,10,3461.2,2,3462.0,1,3462.6,1,3462.8,4,3463.6,1,3463.8,1,3464.0,1,3464.4,1,3465.0,2,3462.8
IF2503,,13:46:25.300#,3501.2,3507.2,3461.8,3845.8,3146.6,2432,2420,3461.0,10,3461.2,2,3462.0,1,3462.6,1,3462.8,4,3463.8,1,3464.0,1,3464.4,1,3465.0,2,3466.8,1,3462.8
IF2503,,13:46:41.800#,3501.2,3507.2,3461.8,3845.8,3146.6,2432,2420,3461.2,2,3462.0,1,3462.6,1,3462.8,3,3463.0,1,3463.8,1,3464.0,1,3464.4,1,3465.0,2,3466.8,1,3462.8
IF2503,,13:46:42.300#,3501.2,3507.2,3461.8,3845.8,3146.6,2432,2420,3461.2,2,3462.0,1,3462.6,1,3462.8,3,3463.0,2,3463.8,1,3464.0,1,3464.4,1,3465.0,2,3466.8,1,3462.8
IF2503,,13:46:42.800#,3501.2,3507.2,3461.8,3845.8,3146.6,2432,2420,3461.2,2,3462.0,1,3462.6,1,3462.8,2,3463.0,2,3463.8,1,3464.0,1,3464.4,1,3465.0,2,3466.8,1,3462.8
IF2503,,13:46:46.300#,3501.2,3507.2,3461.8,3845.8,3146.6,2433,2421,3461.2,2,3462.0,1,3462.6,1,3462.8,2,3463.0,1,3463.8,1,3464.0,1,3464.4,1,3465.0,2,3466.8,1,3463.0
IF2503,,13:47:00.300#,3501.2,3507.2,3461.8,3845.8,3146.6,2434,2422,3461.0,10,3461.2,2,3462.0,1,3462.6,1,3462.8,2,3463.8,1,3464.0,1,3464.4,1,3465.0,2,3466.8,1,3463.0
IF2503,,13:47:02.300#,3501.2,3507.2,3461.8,3845.8,3146.6,2434,2422,3461.2,2,3462.0,1,3462.6,1,3462.8,2,3463.0,1,3463.8,1,3464.0,1,3464.4,1,3465.0,2,3466.8,1,3463.0
IF2503,,13:47:02.800#,3501.2,3507.2,3461.8,3845.8,3146.6,2434,2422,3461.2,2,3462.0,1,3462.6,1,3462.8,1,3463.2,3,3464.0,1,3464.4,1,3465.0,2,3466.8,1,3467.0,1,3463.0
IF2503,,13:47:03.300#,3501.2,3507.2,3461.8,3845.8,3146.6,2434,2422,3462.0,1,3462.6,1,3462.8,1,3463.2,2,3463.4,1,3464.0,1,3464.4,1,3465.0,2,3466.8,1,3467.0,1,3463.0
IF2503,,13:47:03.800#,3501.2,3507.2,3461.8,3845.8,3146.6,2434,2422,3461.2,2,3462.0,1,3462.6,1,3462.8,1,3463.2,2,3464.2,1,3464.4,1,3465.0,2,3466.8,1,3467.0,1,3463.0
IF2503,,13:47:04.300#,3501.2,3507.2,3461.8,3845.8,3146.6,2434,2422,3461.2,2,3462.0,1,3462.6,1,3462.8,1,3463.2,1,3464.2,1,3464.4,1,3465.0,2,3466.8,1,3467.0,1,3463.0
IF2503,,13:47:04.800#,3501.2,3507.2,3461.8,3845.8,3146.6,2434,2422,3461.2,2,3462.0,1,3462.8,1,3463.2,1,3463.6,1,3464.2,1,3464.4,1,3465.0,2,3466.8,1,3467.0,1,3463.0
IF2503,,13:47:05.300#,3501.2,3507.2,3461.8,3845.8,3146.6,2434,2422,3461.2,2,3462.0,1,3462.8,1,3463.2,1,3463.6,1,3464.4,1,3465.0,2,3466.8,1,3467.0,1,3467.4,2,3463.0
IF2503,,13:47:06.300#,3501.2,3507.2,3461.8,3845.8,3146.6,2434,2422,3462.0,1,3462.8,1,3463.2,1,3463.6,1,3463.8,1,3464.4,1,3465.0,2,3466.8,1,3467.0,1,3467.4,2,3463.0
IF2503,,13:47:08.300#,3501.2,3507.2,3461.8,3845.8,3146.6,2434,2422,3462.0,1,3462.8,1,3463.2,1,3463.6,1,3463.8,1,3465.0,2,3466.8,1,3467.0,1,3467.4,2,3470.6,1,3463.0
IF2503,,13:47:08.800#,3501.2,3507.2,3461.8,3845.8,3146.6,2434,2422,3462.0,1,3462.8,1,3463.2,1,3463.6,1,3463.8,1,3464.6,1,3464.8,3,3465.0,2,3466.8,1,3467.0,1,3463.0
IF2503,,13:47:10.800#,3501.2,3507.2,3461.8,3845.8,3146.6,2434,2422,3461.2,2,3462.0,1,3462.8,1,3463.2,1,3463.6,1,3464.6,1,3464.8,3,3465.0,2,3466.8,1,3467.0,1,3463.0
IF2503,,13:47:11.800#,3501.2,3507.2,3461.8,3845.8,3146.6,2434,2422,3461.2,2,3462.0,1,3462.8,1,3463.2,1,3463.6,1,3464.4,1,3464.6,1,3464.8,2,3465.0,2,3466.8,1,3463.0
IF2503,,13:47:12.300#,3501.2,3507.2,3461.8,3845.8,3146.6,2434,2422,3461.2,2,3462.0,1,3462.8,1,3463.2,1,3463.6,1,3464.2,1,3464.4,1,3464.6,1,3464.8,2,3465.0,2,3463.0
IF2503,,13:47:13.800#,3501.2,3507.2,3461.8,3845.8,3146.6,2434,2422,3461.2,2,3462.0,1,3462.8,1,3463.2,1,3463.6,1,3464.4,1,3464.6,1,3464.8,2,3465.0,2,3466.8,1,3463.0
IF2503,,13:47:14.800#,3501.2,3507.2,3461.8,3845.8,3146.6,2434,2422,3461.2,2,3462.0,1,3462.8,1,3463.2,1,3463.6,1,3464.6,1,3464.8,2,3465.0,2,3466.8,1,3467.0,1,3463.0
IF2503,,13:47:15.300#,3501.2,3507.2,3461.8,3845.8,3146.6,2434,2422,3462.0,1,3462.8,1,3463.2,1,3463.6,1,3463.8,1,3464.6,1,3464.8,2,3465.0,2,3466.8,1,3467.0,1,3463.0
IF2503,,13:47:15.800#,3501.2,3507.2,3461.8,3845.8,3146.6,2435,2423,3461.2,2,3462.0,1,3462.8,1,3463.2,1,3463.6,1,3464.6,1,3464.8,2,3465.0,2,3466.8,1,3467.0,1,3463.0
IF2503,,13:47:16.800#,3501.2,3507.2,3461.8,3845.8,3146.6,2435,2423,3461.2,2,3462.0,1,3462.8,1,3463.2,1,3463.6,1,3464.4,1,3464.6,1,3464.8,2,3465.0,2,3466.8,1,3463.0
IF2503,,13:47:18.300#,3501.2,3507.2,3461.8,3845.8,3146.6,2436,2424,3461.0,10,3461.2,2,3462.0,1,3462.8,1,3463.2,1,3464.6,1,3464.8,2,3465.0,2,3466.8,1,3467.0,1,3463.6
IF2503,,13:47:18.800#,3501.2,3507.2,3461.8,3845.8,3146.6,2436,2424,3461.0,10,3461.2,2,3462.0,1,3462.8,1,3463.4,2,3464.4,1,3464.6,1,3464.8,1,3465.0,2,3466.8,1,3463.6
IF2503,,13:47:19.300#,3501.2,3507.2,3461.8,3845.8,3146.6,2436,2424,3461.0,10,3461.2,2,3462.0,1,3462.8,1,3463.4,2,3464.6,1,3464.8,1,3465.0,2,3466.8,1,3467.0,1,3463.6
IF2503,,13:47:19.800#,3501.2,3507.2,3461.8,3845.8,3146.6,2437,2425,3461.2,2,3462.0,1,3462.8,1,3463.4,1,3463.6,2,3464.8,1,3465.0,2,3466.8,1,3467.0,1,3467.4,2,3464.6
IF2503,,13:47:20.300#,3501.2,3507.2,3461.8,3845.8,3146.6,2437,2425,3461.2,2,3462.0,1,3462.8,1,3463.6,1,3463.8,2,3464.6,2,3464.8,1,3465.0,2,3466.8,1,3467.0,1,3464.6
IF2503,,13:47:22.300#,3501.2,3507.2,3461.8,3845.8,3146.6,2438,2426,3461.2,2,3462.0,1,3462.8,1,3463.6,1,3463.8,1,3464.6,2,3464.8,1,3465.0,2,3466.8,1,3467.0,1,3463.8
IF2503,,13:47:23.800#,3501.2,3507.2,3461.8,3845.8,3146.6,2438,2426,3461.2,2,3462.0,1,3462.8,1,3463.8,1,3464.0,1,3464.6,2,3464.8,1,3465.0,2,3466.8,1,3467.0,1,3463.8
IF2503,,13:47:24.300#,3501.2,3507.2,3461.8,3845.8,3146.6,2438,2426,3461.2,2,3462.0,1,3462.8,1,3463.8,1,3464.0,1,3464.6,1,3464.8,1,3465.0,2,3466.8,1,3467.0,1,3463.8
IF2503,,13:47:25.800#,3501.2,3507.2,3461.8,3845.8,3146.6,2439,2427,3462.0,1,3462.8,1,3463.8,1,3464.0,1,3464.2,1,3465.0,2,3466.8,1,3467.0,1,3467.4,2,3470.6,1,3464.8
IF2503,,13:47:26.300#,3501.2,3507.2,3461.8,3845.8,3146.6,2441,2429,3462.0,1,3462.8,1,3463.8,1,3464.2,1,3464.4,4,3466.6,1,3466.8,1,3467.0,1,3467.4,2,3470.6,1,3465.0
IF2503,,13:47:26.800#,3501.2,3507.2,3461.8,3845.8,3146.6,2441,2429,3463.8,1,3464.2,1,3464.4,3,3464.6,1,3464.8,1,3465.8,1,3466.2,2,3466.4,2,3466.6,1,3466.8,1,3465.0
IF2503,,13:47:27.300#,3501.2,3507.2,3461.8,3845.8,3146.6,2441,2429,3462.0,1,3463.8,1,3464.2,1,3464.4,3,3464.8,1,3465.6,1,3465.8,1,3466.2,2,3466.4,1,3466.6,1,3465.0
IF2503,,13:47:27.800#,3501.2,3507.2,3461.8,3845.8,3146.6,2441,2429,3463.8,1,3464.2,1,3464.4,3,3464.8,1,3465.0,2,3465.6,1,3465.8,1,3466.2,2,3466.4,1,3466.6,1,3465.0
IF2503,,13:47:28.300#,3501.2,3507.2,3461.8,3845.8,3146.6,2441,2429,3463.8,1,3464.2,1,3464.4,3,3464.8,1,3465.0,1,3465.6,1,3465.8,1,3466.2,2,3466.4,1,3466.6,1,3465.0
IF2503,,13:47:28.800#,3501.2,3507.2,3461.8,3845.8,3146.6,2441,2429,3462.0,1,3463.8,1,3464.2,1,3464.4,3,3464.8,1,3465.6,1,3465.8,1,3466.2,2,3466.4,1,3466.6,1,3465.0
IF2503,,13:47:29.300#,3501.2,3507.2,3461.8,3845.8,3146.6,2441,2429,3463.8,1,3464.2,1,3464.4,2,3464.8,1,3465.0,2,3465.6,1,3465.8,1,3466.2,2,3466.4,1,3466.6,1,3465.0
IF2503,,13:47:30.300#,3501.2,3507.2,3461.8,3845.8,3146.6,2441,2429,3463.8,1,3464.2,1,3464.4,2,3464.8,1,3465.0,1,3465.6,1,3465.8,1,3466.2,2,3466.4,1,3466.6,1,3465.0
IF2503,,13:47:30.800#,3501.2,3507.2,3461.8,3845.8,3146.6,2441,2429,3463.8,1,3464.2,1,3464.4,2,3464.8,1,3465.0,1,3465.4,1,3465.6,1,3465.8,1,3466.2,1,3466.4,1,3465.0
IF2503,,13:47:31.300#,3501.2,3507.2,3461.8,3845.8,3146.6,2441,2429,3463.8,1,3464.2,1,3464.4,2,3464.8,1,3465.0,1,3465.6,1,3465.8,1,3466.2,1,3466.4,1,3466.6,1,3465.0
IF2503,,13:47:31.800#,3501.2,3507.2,3461.8,3845.8,3146.6,2441,2429,3462.0,1,3463.8,1,3464.2,1,3464.4,2,3464.8,1,3465.6,1,3465.8,1,3466.2,1,3466.4,1,3466.6,1,3465.0
IF2503,,13:47:34.300#,3501.2,3507.2,3461.8,3845.8,3146.6,2441,2429,3462.0,1,3463.8,1,3464.2,1,3464.4,2,3464.8,1,3465.4,1,3465.6,1,3465.8,1,3466.2,1,3466.6,1,3465.0
IF2503,,13:47:34.800#,3501.2,3507.2,3461.8,3845.8,3146.6,2441,2429,3461.2,2,3462.0,1,3463.8,1,3464.2,1,3464.4,2,3465.4,1,3465.6,1,3466.2,1,3466.6,1,3466.8,1,3465.0
IF2503,,13:47:37.300#,3501.2,3507.2,3461.8,3845.8,3146.6,2441,2429,3462.0,1,3463.8,1,3464.2,1,3464.4,2,3464.6,1,3465.4,1,3465.6,1,3466.2,1,3466.6,1,3466.8,1,3465.0
IF2503,,13:47:37.800#,3501.2,3507.2,3461.8,3845.8,3146.6,2441,2429,3463.8,1,3464.2,1,3464.4,2,3464.6,1,3464.8,2,3465.6,1,3466.2,1,3466.6,1,3466.8,1,3467.0,1,3465.0
IF2503,,13:47:38.300#,3501.2,3507.2,3461.8,3845.8,3146.6,2441,2429,3463.8,1,3464.2,1,3464.4,2,3464.6,1,3464.8,2,3465.6,1,3466.6,1,3466.8,1,3467.0,1,3467.4,2,3465.0
IF2503,,13:47:39.800#,3501.2,3507.2,3461.8,3845.8,3146.6,2441,2429,3464.2,1,3464.4,2,3464.6,1,3464.8,2,3465.0,2,3465.6,1,3466.6,1,3466.8,1,3467.0,1,3467.4,2,3465.0
IF2503,,13:47:40.300#,3501.2,3507.2,3461.8,3845.8,3146.6,2441,2429,3464.2,1,3464.4,2,3464.6,1,3464.8,2,3465.0,2,3466.2,1,3466.6,1,3466.8,1,3467.0,1,3467.4,2,3465.0
IF2503,,13:47:40.800#,3501.2,3507.2,3461.8,3845.8,3146.6,2442,2430,3463.8,1,3464.2,1,3464.4,2,3464.8,2,3465.0,1,3465.8,1,3466.0,4,3466.2,1,3466.6,1,3466.8,1,3465.0
IF2503,,13:47:41.300#,3501.2,3507.2,3461.8,3845.8,3146.6,2442,2430,3463.8,1,3464.2,1,3464.4,2,3464.8,2,3465.0,1,3465.6,1,3465.8,1,3466.0,3,3466.2,1,3466.6,1,3465.0
IF2503,,13:47:44.800#,3501.2,3507.2,3461.8,3845.8,3146.6,2443,2431,3462.0,1,3463.8,1,3464.2,1,3464.4,2,3464.8,2,3465.6,1,3465.8,1,3466.0,3,3466.2,1,3466.6,1,3465.0
IF2503,,13:47:45.300#,3501.2,3507.2,3461.8,3845.8,3146.6,2444,2432,3461.2,2,3462.0,1,3463.8,1,3464.2,1,3464.4,2,3465.0,1,3465.2,1,3465.4,3,3465.6,1,3466.0,1,3464.8
IF2503,,13:47:45.800#,3501.2,3507.2,3461.8,3845.8,3146.6,2444,2432,3458.0,1,3461.0,10,3461.2,2,3462.0,1,3463.8,1,3465.0,1,3465.2,1,3465.4,3,3465.6,1,3466.0,1,3464.8
IF2503,,13:47:46.300#,3501.2,3507.2,3461.8,3845.8,3146.6,2444,2432,3461.0,10,3461.2,2,3462.0,1,3463.8,1,3464.0,2,3464.8,1,3465.0,1,3465.2,1,3465.4,1,3465.6,1,3464.8
IF2503,,13:47:46.800#,3501.2,3507.2,3461.8,3845.8,3146.6,2444,2432,3461.0,10,3461.2,2,3462.0,1,3463.8,1,3464.0,1,3464.6,1,3464.8,3,3465.0,1,3465.2,1,3465.6,1,3464.8
IF2503,,13:47:47.300#,3501.2,3507.2,3461.8,3845.8,3146.6,2449,2437,3461.0,10,3461.2,2,3462.0,1,3463.8,1,3464.0,1,3466.0,1,3466.6,1,3466.8,1,3467.0,1,3467.4,2,3465.6
IF2503,,13:47:47.800#,3501.2,3507.2,3461.8,3845.8,3146.6,2450,2438,3461.0,10,3461.2,2,3462.0,1,3463.8,1,3464.2,2,3465.6,1,3465.8,5,3466.8,1,3467.0,1,3467.4,2,3464.4
IF2503,,13:47:48.300#,3501.2,3507.2,3461.8,3845.8,3146.6,2450,2438,3461.0,10,3461.2,2,3462.0,1,3463.8,1,3464.2,2,3465.2,1,3465.4,4,3465.6,1,3465.8,1,3466.8,1,3464.4
IF2503,,13:47:48.800#,3501.2,3507.2,3461.8,3845.8,3146.6,2450,2438,3461.0,10,3461.2,2,3462.0,1,3463.8,1,3464.2,1,3465.2,1,3465.4,3,3465.6,1,3465.8,1,3466.8,1,3464.4
IF2503,,13:47:49.300#,3501.2,3507.2,3461.8,3845.8,3146.6,2450,2438,3461.0,10,3461.2,2,3462.0,1,3463.8,1,3464.2,1,3465.0,1,3465.2,1,3465.4,2,3465.6,1,3465.8,1,3464.4
IF2503,,13:47:51.300#,3501.2,3507.2,3461.8,3845.8,3146.6,2450,2438,3461.0,10,3461.2,2,3462.0,1,3463.8,1,3464.2,1,3465.2,1,3465.4,2,3465.6,1,3465.8,1,3466.8,1,3464.4
IF2503,,13:47:51.800#,3501.2,3507.2,3461.8,3845.8,3146.6,2450,2438,3461.2,2,3462.0,1,3463.8,1,3464.2,1,3464.4,1,3465.4,2,3465.8,1,3466.8,1,3467.0,1,3467.4,2,3464.4
IF2503,,13:47:57.300#,3501.2,3507.2,3461.8,3845.8,3146.6,2451,2439,3461.0,10,3461.2,2,3462.0,1,3463.8,1,3464.2,1,3465.4,2,3465.8,1,3466.8,1,3467.0,1,3467.4,2,3464.4
IF2503,,13:47:57.800#,3501.2,3507.2,3461.8,3845.8,3146.6,2451,2439,3461.0,10,3461.2,2,3462.0,1,3463.8,1,3464.2,1,3465.2,4,3465.4,1,3465.8,1,3466.8,1,3467.0,1,3464.4
IF2503,,13:47:58.800#,3501.2,3507.2,3461.8,3845.8,3146.6,2451,2439,3461.0,10,3461.2,2,3462.0,1,3463.8,1,3464.2,1,3465.2,3,3465.4,1,3465.8,1,3466.8,1,3467.0,1,3464.4
IF2503,,13:47:59.300#,3501.2,3507.2,3461.8,3845.8,3146.6,2451,2439,3461.2,2,3462.0,1,3463.8,1,3464.2,1,3464.4,1,3465.2,3,3465.4,1,3465.8,1,3466.8,1,3467.0,1,3464.4
IF2503,,13:47:59.800#,3501.2,3507.2,3461.8,3845.8,3146.6,2453,2441,3463.8,1,3464.2,1,3464.4,1,3464.8,1,3465.2,1,3465.4,1,3465.8,1,3466.8,1,3467.0,1,3467.4,2,3465.2
IF2503,,13:48:00.300#,3501.2,3507.2,3461.8,3845.8,3146.6,2454,2442,3461.2,2,3462.0,1,3463.8,1,3464.2,1,3464.8,1,3465.2,1,3465.4,1,3465.8,1,3466.8,1,3467.0,1,3465.2
IF2503,,13:48:00.800#,3501.2,3507.2,3461.8,3845.8,3146.6,2454,2442,3461.2,2,3462.0,1,3463.8,1,3464.2,1,3464.8,1,3465.4,1,3465.8,1,3466.8,1,3467.0,1,3467.4,2,3465.2
IF2503,,13:48:01.300#,3501.2,3507.2,3461.8,3845.8,3146.6,2455,2443,3461.0,10,3461.2,2,3462.0,1,3463.8,1,3464.2,1,3465.2,2,3465.8,1,3466.8,1,3467.0,1,3467.4,2,3464.8
IF2503,,13:48:01.800#,3501.2,3507.2,3461.8,3845.8,3146.6,2455,2443,3458.0,1,3461.0,10,3461.2,2,3462.0,1,3463.8,1,3465.0,2,3465.2,1,3465.8,1,3466.8,1,3467.0,1,3464.8
IF2503,,13:48:02.300#,3501.2,3507.2,3461.8,3845.8,3146.6,2455,2443,3461.0,10,3461.2,2,3462.0,1,3463.8,1,3464.0,1,3464.8,1,3465.0,1,3465.2,1,3465.8,1,3466.8,1,3464.8
IF2503,,13:48:03.800#,3501.2,3507.2,3461.8,3845.8,3146.6,2455,2443,3461.0,10,3461.2,2,3462.0,1,3463.8,1,3464.0,1,3465.2,1,3465.8,1,3466.8,1,3467.0,1,3467.4,2,3464.8
IF2503,,13:48:04.300#,3501.2,3507.2,3461.8,3845.8,3146.6,2455,2443,3461.2,2,3462.0,1,3463.8,1,3464.0,1,3464.2,1,3465.0,3,3465.2,1,3465.8,1,3466.8,1,3467.0,1,3464.8
IF2503,,13:48:04.800#,3501.2,3507.2,3461.8,3845.8,3146.6,2455,2443,3461.0,10,3461.2,2,3462.0,1,3463.8,1,3464.0,1,3465.0,2,3465.2,1,3465.8,1,3466.8,1,3467.0,1,3464.8
IF2503,,13:48:05.800#,3501.2,3507.2,3461.8,3845.8,3146.6,2455,2443,3461.0,10,3461.2,2,3462.0,1,3463.8,1,3464.0,2,3464.8,1,3465.0,1,3465.2,1,3465.8,1,3466.8,1,3464.8
IF2503,,13:48:06.300#,3501.2,3507.2,3461.8,3845.8,3146.6,2455,2443,3461.0,10,3461.2,2,3462.0,1,3463.8,1,3464.0,2,3464.8,1,3465.2,1,3465.8,1,3466.8,1,3467.0,1,3464.8
IF2503,,13:48:07.300#,3501.2,3507.2,3461.8,3845.8,3146.6,2455,2443,3461.0,10,3461.2,2,3462.0,1,3463.8,1,3464.0,2,3464.6,2,3465.2,1,3465.8,1,3466.8,1,3467.0,1,3464.8
IF2503,,13:48:09.300#,3501.2,3507.2,3461.8,3845.8,3146.6,2455,2443,3461.0,10,3461.2,2,3462.0,1,3463.8,1,3464.0,2,3464.6,1,3465.2,1,3465.8,1,3466.8,1,3467.0,1,3464.8
IF2503,,13:48:10.300#,3501.2,3507.2,3461.8,3845.8,3146.6,2455,2443,3461.2,2,3462.0,1,3463.8,1,3464.0,2,3464.2,1,3464.6,1,3465.2,1,3465.8,1,3466.8,1,3467.0,1,3464.8
IF2503,,13:48:10.800#,3501.2,3507.2,3461.8,3845.8,3146.6,2455,2443,3461.0,10,3461.2,2,3462.0,1,3463.8,1,3464.0,2,3465.2,1,3465.8,1,3466.8,1,3467.0,1,3467.4,2,3464.8
IF2503,,13:48:11.300#,3501.2,3507.2,3461.8,3845.8,3146.6,2455,2443,3461.0,10,3461.2,2,3462.0,1,3463.8,1,3464.0,2,3465.0,1,3465.2,1,3465.8,1,3466.8,1,3467.0,1,3464.8
IF2503,,13:48:12.300#,3501.2,3507.2,3461.8,3845.8,3146.6,2455,2443,3461.0,10,3461.2,2,3462.0,1,3463.8,1,3464.0,2,3464.8,2,3465.8,1,3466.8,1,3467.0,1,3467.4,2,3464.8
IF2503,,13:48:14.800#,3501.2,3507.2,3461.8,3845.8,3146.6,2455,2443,3461.0,10,3461.2,2,3462.0,1,3463.8,1,3464.0,2,3464.8,1,3465.8,1,3466.8,1,3467.0,1,3467.4,2,3464.8
IF2503,,13:48:15.300#,3501.2,3507.2,3461.8,3845.8,3146.6,2455,2443,3461.0,10,3461.2,2,3462.0,1,3463.8,1,3464.0,2,3465.8,1,3466.8,1,3467.0,1,3467.4,2,3472.0,5,3464.8
IF2503,,13:48:15.800#,3501.2,3507.2,3461.8,3845.8,3146.6,2455,2443,3461.2,2,3462.0,1,3463.8,1,3464.0,2,3464.2,1,3465.4,2,3465.6,6,3466.8,1,3467.0,1,3467.4,2,3464.8
IF2503,,13:48:16.300#,3501.2,3507.2,3461.8,3845.8,3146.6,2455,2443,3461.2,2,3462.0,1,3463.8,1,3464.0,2,3464.2,1,3465.0,1,3465.2,3,3465.4,2,3465.6,3,3466.8,1,3464.8
IF2503,,13:48:16.800#,3501.2,3507.2,3461.8,3845.8,3146.6,2455,2443,3461.2,2,3462.0,1,3463.8,1,3464.0,2,3464.2,1,3464.8,1,3465.0,1,3465.2,2,3465.4,1,3465.6,3,3464.8
IF2503,,13:48:17.300#,3501.2,3507.2,3461.8,3845.8,3146.6,2455,2443,3461.2,2,3462.0,1,3463.8,1,3464.0,2,3464.2,1,3464.8,1,3465.2,2,3465.4,1,3465.6,3,3466.8,1,3464.8
IF2503,,13:48:20.800#,3501.2,3507.2,3461.8,3845.8,3146.6,2456,2444,3461.0,10,3461.2,2,3462.0,1,3463.8,1,3464.0,2,3464.8,1,3465.2,2,3465.4,1,3465.6,3,3466.8,1,3464.2
IF2503,,13:48:22.300#,3501.2,3507.2,3461.8,3845.8,3146.6,2457,2445,3461.0,10,3461.2,2,3462.0,1,3463.8,1,3464.0,1,3464.8,1,3465.2,2,3465.4,1,3465.6,3,3466.8,1,3464.0
IF2503,,13:48:22.800#,3501.2,3507.2,3461.8,3845.8,3146.6,2457,2445,3461.0,10,3461.2,2,3462.0,1,3463.8,1,3464.0,1,3464.6,1,3464.8,1,3465.2,2,3465.4,1,3465.6,3,3464.0
IF2503,,13:48:23.300#,3501.2,3507.2,3461.8,3845.8,3146.6,2457,2445,3461.0,10,3461.2,2,3462.0,1,3463.8,1,3464.0,1,3464.6,1,3465.2,2,3465.4,1,3465.6,3,3466.8,1,3464.0
IF2503,,13:48:39.800#,3501.2,3507.2,3461.8,3845.8,3146.6,2457,2445,3461.2,2,3462.0,1,3463.8,1,3464.0,1,3464.2,2,3464.6,1,3465.2,2,3465.4,1,3465.6,3,3466.8,1,3464.0
IF2503,,13:48:40.300#,3501.2,3507.2,3461.8,3845.8,3146.6,2457,2445,3461.2,2,3462.0,1,3463.8,1,3464.0,1,3464.2,2,3465.2,2,3465.4,1,3465.6,3,3466.8,1,3467.0,1,3464.0
IF2503,,13:48:40.800#,3501.2,3507.2,3461.8,3845.8,3146.6,2457,2445,3461.2,2,3462.0,1,3463.8,1,3464.0,1,3464.2,2,3465.0,5,3465.6,3,3466.8,1,3467.0,1,3467.4,2,3464.0
IF2503,,13:48:47.300#,3501.2,3507.2,3461.8,3845.8,3146.6,2457,2445,3461.2,2,3462.0,1,3463.8,1,3464.0,1,3464.2,2,3465.0,4,3465.6,3,3466.8,1,3467.0,1,3467.4,2,3464.0
IF2503,,13:48:48.300#,3501.2,3507.2,3461.8,3845.8,3146.6,2457,2445,3462.0,1,3463.8,1,3464.0,1,3464.2,2,3464.4,1,3465.0,3,3465.6,3,3466.8,1,3467.0,1,3467.4,2,3464.0
IF2503,,13:48:49.300#,3501.2,3507.2,3461.8,3845.8,3146.6,2458,2446,3462.0,1,3463.8,1,3464.0,1,3464.2,2,3464.4,1,3465.0,2,3465.6,3,3466.8,1,3467.0,1,3467.4,2,3464.4
IF2503,,13:48:49.800#,3501.2,3507.2,3461.8,3845.8,3146.6,2458,2446,3462.0,1,3463.8,1,3464.0,1,3464.2,2,3464.4,1,3465.0,1,3465.6,3,3466.8,1,3467.0,1,3467.4,2,3464.4
IF2503,,13:49:01.300#,3501.2,3507.2,3461.8,3845.8,3146.6,2459,2447,3461.0,10,3461.2,2,3462.0,1,3463.8,1,3464.2,3,3465.0,1,3465.6,3,3466.8,1,3467.0,1,3467.4,2,3464.4
IF2503,,13:49:02.300#,3501.2,3507.2,3461.8,3845.8,3146.6,2459,2447,3461.0,10,3461.2,2,3462.0,1,3463.8,1,3464.2,3,3464.8,1,3465.0,1,3465.6,3,3466.8,1,3467.0,1,3464.4
IF2503,,13:49:02.800#,3501.2,3507.2,3461.8,3845.8,3146.6,2459,2447,3461.0,10,3461.2,2,3462.0,1,3463.8,1,3464.2,3,3464.8,1,3465.6,3,3466.8,1,3467.0,1,3467.4,2,3464.4
IF2503,,13:49:03.300#,3501.2,3507.2,3461.8,3845.8,3146.6,2459,2447,3461.0,10,3461.2,2,3462.0,1,3463.8,1,3464.2,3,3465.2,1,3465.6,3,3466.8,1,3467.0,1,3467.4,2,3464.4
IF2503,,13:49:04.300#,3501.2,3507.2,3461.8,3845.8,3146.6,2459,2447,3461.0,10,3461.2,2,3462.0,1,3463.8,1,3464.2,3,3465.0,1,3465.2,1,3465.6,3,3466.8,1,3467.0,1,3464.4
IF2503,,13:49:05.800#,3501.2,3507.2,3461.8,3845.8,3146.6,2459,2447,3461.2,2,3462.0,1,3463.8,1,3464.2,3,3464.4,1,3465.0,1,3465.2,1,3465.6,3,3466.8,1,3467.0,1,3464.4
IF2503,,13:49:07.300#,3501.2,3507.2,3461.8,3845.8,3146.6,2459,2447,3461.0,10,3461.2,2,3462.0,1,3463.8,1,3464.2,3,3465.0,1,3465.2,1,3465.6,3,3466.8,1,3467.0,1,3464.4
IF2503,,13:49:08.800#,3501.2,3507.2,3461.8,3845.8,3146.6,2459,2447,3461.0,10,3461.2,2,3462.0,1,3463.8,1,3464.2,4,3465.0,1,3465.2,1,3465.6,3,3466.8,1,3467.0,1,3464.4
IF2503,,13:49:16.300#,3501.2,3507.2,3461.8,3845.8,3146.6,2459,2447,3461.0,10,3461.2,2,3462.0,1,3463.8,1,3464.2,4,3464.8,1,3465.0,1,3465.2,1,3465.6,3,3466.8,1,3464.4
IF2503,,13:49:22.300#,3501.2,3507.2,3461.8,3845.8,3146.6,2460,2448,3461.0,10,3461.2,2,3462.0,1,3463.8,1,3464.2,3,3464.6,1,3464.8,1,3465.0,1,3465.2,1,3465.6,3,3464.2
IF2503,,13:49:22.800#,3501.2,3507.2,3461.8,3845.8,3146.6,2460,2448,3461.0,10,3461.2,2,3462.0,1,3463.8,1,3464.2,3,3464.6,1,3465.0,1,3465.2,1,3465.6,3,3466.8,1,3464.2
IF2503,,13:49:23.300#,3501.2,3507.2,3461.8,3845.8,3146.6,2460,2448,3461.0,10,3461.2,2,3462.0,1,3463.8,1,3464.2,3,3464.6,1,3465.0,1,3465.6,3,3466.8,1,3467.0,1,3464.2
IF2503,,13:49:27.300#,3501.2,3507.2,3461.8,3845.8,3146.6,2461,2449,3461.0,10,3461.2,2,3462.0,1,3463.8,1,3464.2,2,3464.8,1,3465.0,1,3465.6,3,3466.8,1,3467.0,1,3464.2
