InstrumentId,ExchangeId,Datetime,OpenPrice,HighestPrice,LowestPrice,UpperLimitPrice,LowerLimitPrice,Volume,OpenInterest,BidPrice5,BidVolume5,BidPrice4,BidVolume4,BidPrice3,BidVolume3,BidPrice2,BidVolume2,BidPrice1,BidVolume1,AskPrice1,AskVolume1,AskPrice2,AskVolume2,AskPrice3,AskVolume3,AskPrice4,AskVolume4,AskPrice5,AskVolume5,LastPrice
IH2408,,13:38:34.800#,2434.2,2438.0,2411.2,2677.4,2190.6,18858,32275,2410.6,3,2410.8,1,2411.0,13,2411.2,4,2411.4,3,2411.8,7,2412.0,5,2412.2,5,2412.4,4,2412.6,13,2411.4
IH2408,,13:38:37.800#,2434.2,2438.0,2411.2,2677.4,2190.6,18858,32275,2410.6,3,2410.8,1,2411.0,13,2411.2,4,2411.4,4,2411.8,7,2412.0,5,2412.2,5,2412.4,4,2412.6,13,2411.4
IH2408,,13:38:38.300#,2434.2,2438.0,2411.2,2677.4,2190.6,18858,32275,2410.6,3,2410.8,1,2411.0,13,2411.2,4,2411.4,4,2411.8,6,2412.0,5,2412.2,5,2412.4,4,2412.6,13,2411.4
IH2408,,13:38:40.800#,2434.2,2438.0,2411.2,2677.4,2190.6,18858,32275,2410.6,3,2410.8,1,2411.0,13,2411.2,4,2411.4,4,2411.8,7,2412.0,5,2412.2,5,2412.4,4,2412.6,13,2411.4
IH2408,,13:38:41.300#,2434.2,2438.0,2411.2,2677.4,2190.6,18858,32275,2410.6,3,2410.8,1,2411.0,13,2411.2,4,2411.4,4,2411.8,9,2412.0,5,2412.2,5,2412.4,4,2412.6,13,2411.4
IH2408,,13:38:42.300#,2434.2,2438.0,2411.2,2677.4,2190.6,18859,32276,2410.6,3,2410.8,1,2411.0,13,2411.2,4,2411.4,4,2411.8,8,2412.0,5,2412.2,5,2412.4,4,2412.6,13,2411.8
IH2408,,13:38:43.300#,2434.2,2438.0,2411.2,2677.4,2190.6,18859,32276,2410.6,3,2410.8,1,2411.0,13,2411.2,4,2411.4,4,2411.8,8,2412.0,5,2412.2,5,2412.4,5,2412.6,13,2411.8
IH2408,,13:38:45.300#,2434.2,2438.0,2411.2,2677.4,2190.6,18859,32276,2410.6,3,2410.8,1,2411.0,13,2411.2,4,2411.4,4,2411.8,9,2412.0,5,2412.2,5,2412.4,5,2412.6,13,2411.8
IH2408,,13:38:45.800#,2434.2,2438.0,2411.2,2677.4,2190.6,18859,32276,2410.6,3,2410.8,1,2411.0,13,2411.2,4,2411.4,5,2411.8,9,2412.0,5,2412.2,5,2412.4,5,2412.6,13,2411.8
IH2408,,13:38:46.800#,2434.2,2438.0,2411.2,2677.4,2190.6,18860,32277,2410.6,3,2410.8,1,2411.0,13,2411.2,4,2411.4,5,2411.8,8,2412.0,5,2412.2,5,2412.4,5,2412.6,13,2411.8
IH2408,,13:38:47.800#,2434.2,2438.0,2411.2,2677.4,2190.6,18865,32279,2410.4,4,2410.6,3,2410.8,1,2411.0,13,2411.2,4,2411.8,8,2412.0,5,2412.2,5,2412.4,5,2412.6,13,2411.4
IH2408,,13:38:48.300#,2434.2,2438.0,2411.2,2677.4,2190.6,18865,32279,2410.4,4,2410.6,3,2410.8,1,2411.0,13,2411.2,4,2411.8,9,2412.0,5,2412.2,5,2412.4,5,2412.6,13,2411.4
IH2408,,13:38:52.800#,2434.2,2438.0,2411.2,2677.4,2190.6,18865,32279,2410.6,3,2410.8,1,2411.0,13,2411.2,4,2411.4,3,2411.8,9,2412.0,5,2412.2,5,2412.4,5,2412.6,13,2411.4
IH2408,,13:38:53.300#,2434.2,2438.0,2411.2,2677.4,2190.6,18865,32279,2410.6,3,2410.8,1,2411.0,13,2411.2,4,2411.4,4,2411.8,9,2412.0,5,2412.2,5,2412.4,5,2412.6,13,2411.4
IH2408,,13:38:54.800#,2434.2,2438.0,2411.2,2677.4,2190.6,18865,32279,2410.8,1,2411.0,13,2411.2,4,2411.4,1,2411.6,1,2411.8,9,2412.0,5,2412.2,5,2412.4,5,2412.6,13,2411.4
IH2408,,13:38:55.300#,2434.2,2438.0,2411.2,2677.4,2190.6,18866,32279,2410.6,3,2410.8,1,2411.0,13,2411.2,4,2411.4,1,2411.8,9,2412.0,5,2412.2,5,2412.4,5,2412.6,13,2411.6
IH2408,,13:38:56.300#,2434.2,2438.0,2411.2,2677.4,2190.6,18867,32280,2410.4,4,2410.6,3,2410.8,1,2411.0,13,2411.2,4,2411.8,9,2412.0,5,2412.2,5,2412.4,5,2412.6,13,2411.4
IH2408,,13:38:57.300#,2434.2,2438.0,2411.2,2677.4,2190.6,18867,32280,2410.4,4,2410.6,3,2410.8,1,2411.0,13,2411.2,4,2411.8,10,2412.0,5,2412.2,5,2412.4,5,2412.6,13,2411.4
IH2408,,13:38:57.800#,2434.2,2438.0,2411.2,2677.4,2190.6,18867,32280,2410.4,4,2410.6,3,2410.8,1,2411.0,13,2411.2,3,2411.6,2,2411.8,10,2412.0,5,2412.2,5,2412.4,5,2411.4
IH2408,,13:38:59.800#,2434.2,2438.0,2411.2,2677.4,2190.6,18867,32280,2410.4,4,2410.6,3,2410.8,1,2411.0,14,2411.2,3,2411.6,2,2411.8,10,2412.0,5,2412.2,5,2412.4,5,2411.4
IH2408,,13:39:00.300#,2434.2,2438.0,2411.2,2677.4,2190.6,18867,32280,2410.6,3,2410.8,1,2411.0,14,2411.2,3,2411.4,3,2411.6,1,2411.8,10,2412.0,5,2412.2,5,2412.4,5,2411.4
IH2408,,13:39:00.800#,2434.2,2438.0,2411.2,2677.4,2190.6,18868,32281,2410.8,1,2411.0,14,2411.2,3,2411.4,2,2411.6,1,2411.8,10,2412.0,5,2412.2,5,2412.4,5,2412.6,13,2411.6
IH2408,,13:39:01.300#,2434.2,2438.0,2411.2,2677.4,2190.6,18869,32282,2410.4,4,2410.6,3,2410.8,1,2411.0,14,2411.2,3,2411.8,10,2412.0,5,2412.2,5,2412.4,5,2412.6,13,2411.6
IH2408,,13:39:01.800#,2434.2,2438.0,2411.2,2677.4,2190.6,18869,32282,2410.6,3,2410.8,1,2411.0,14,2411.2,3,2411.4,1,2411.8,10,2412.0,5,2412.2,5,2412.4,5,2412.6,13,2411.6
IH2408,,13:39:02.300#,2434.2,2438.0,2411.2,2677.4,2190.6,18869,32282,2410.6,3,2410.8,1,2411.0,14,2411.2,3,2411.4,1,2411.8,10,2412.0,5,2412.2,8,2412.4,5,2412.6,13,2411.6
IH2408,,13:39:03.300#,2434.2,2438.0,2411.2,2677.4,2190.6,18869,32282,2410.6,3,2410.8,1,2411.0,14,2411.2,3,2411.4,1,2411.8,10,2412.0,5,2412.2,8,2412.4,5,2412.6,14,2411.6
IH2408,,13:39:03.800#,2434.2,2438.0,2411.2,2677.4,2190.6,18869,32282,2410.8,1,2411.0,14,2411.2,2,2411.4,1,2411.6,1,2411.8,10,2412.0,5,2412.2,8,2412.4,5,2412.6,14,2411.6
IH2408,,13:39:04.300#,2434.2,2438.0,2411.2,2677.4,2190.6,18870,32283,2410.6,3,2410.8,1,2411.0,14,2411.2,3,2411.4,1,2411.8,10,2412.0,5,2412.2,8,2412.4,5,2412.6,14,2411.6
IH2408,,13:39:04.800#,2434.2,2438.0,2411.2,2677.4,2190.6,18870,32283,2410.6,3,2410.8,1,2411.0,14,2411.2,4,2411.4,1,2411.8,10,2412.0,5,2412.2,8,2412.4,5,2412.6,14,2411.6
IH2408,,13:39:05.300#,2434.2,2438.0,2411.2,2677.4,2190.6,18870,32283,2410.6,3,2410.8,1,2411.0,14,2411.2,5,2411.4,1,2411.8,10,2412.0,5,2412.2,8,2412.4,5,2412.6,14,2411.6
IH2408,,13:39:07.800#,2434.2,2438.0,2411.2,2677.4,2190.6,18870,32283,2410.6,3,2410.8,1,2411.0,14,2411.2,5,2411.4,1,2411.8,11,2412.0,5,2412.2,8,2412.4,5,2412.6,14,2411.6
IH2408,,13:39:08.300#,2434.2,2438.0,2411.2,2677.4,2190.6,18870,32283,2410.6,3,2410.8,1,2411.0,15,2411.2,5,2411.4,1,2411.8,11,2412.0,5,2412.2,8,2412.4,5,2412.6,14,2411.6
IH2408,,13:39:08.800#,2434.2,2438.0,2411.2,2677.4,2190.6,18870,32283,2410.6,3,2410.8,1,2411.0,15,2411.2,5,2411.4,1,2411.8,12,2412.0,5,2412.2,8,2412.4,5,2412.6,14,2411.6
IH2408,,13:39:09.300#,2434.2,2438.0,2411.2,2677.4,2190.6,18870,32283,2410.6,3,2410.8,1,2411.0,15,2411.2,5,2411.4,1,2411.8,13,2412.0,5,2412.2,8,2412.4,5,2412.6,14,2411.6
IH2408,,13:39:11.300#,2434.2,2438.0,2411.2,2677.4,2190.6,18871,32283,2410.6,3,2410.8,1,2411.0,15,2411.2,5,2411.4,1,2411.8,12,2412.0,5,2412.2,8,2412.4,5,2412.6,14,2411.8
IH2408,,13:39:13.800#,2434.2,2438.0,2411.2,2677.4,2190.6,18872,32284,2410.4,4,2410.6,3,2410.8,1,2411.0,15,2411.2,5,2411.8,12,2412.0,4,2412.2,8,2412.4,5,2412.6,14,2411.4
IH2408,,13:39:14.300#,2434.2,2438.0,2411.2,2677.4,2190.6,18872,32284,2410.4,4,2410.6,3,2410.8,1,2411.0,15,2411.2,6,2411.8,13,2412.0,4,2412.2,8,2412.4,5,2412.6,14,2411.4
IH2408,,13:39:14.800#,2434.2,2438.0,2411.2,2677.4,2190.6,18872,32284,2410.6,3,2410.8,1,2411.0,15,2411.2,6,2411.4,3,2411.8,14,2412.0,4,2412.2,8,2412.4,5,2412.6,14,2411.4
IH2408,,13:39:15.300#,2434.2,2438.0,2411.2,2677.4,2190.6,18872,32284,2410.6,3,2410.8,1,2411.0,15,2411.2,6,2411.4,1,2411.8,14,2412.0,4,2412.2,8,2412.4,5,2412.6,14,2411.4
IH2408,,13:39:15.800#,2434.2,2438.0,2411.2,2677.4,2190.6,18872,32284,2410.6,3,2410.8,1,2411.0,15,2411.2,6,2411.4,2,2411.8,14,2412.0,4,2412.2,8,2412.4,5,2412.6,14,2411.4
IH2408,,13:39:18.300#,2434.2,2438.0,2411.2,2677.4,2190.6,18875,32286,2410.6,3,2410.8,1,2411.0,15,2411.2,6,2411.4,2,2411.8,11,2412.0,4,2412.2,8,2412.4,5,2412.6,14,2411.8
IH2408,,13:39:18.800#,2434.2,2438.0,2411.2,2677.4,2190.6,18875,32286,2410.8,1,2411.0,15,2411.2,6,2411.4,2,2411.6,1,2411.8,11,2412.0,4,2412.2,8,2412.4,5,2412.6,14,2411.8
IH2408,,13:39:19.300#,2434.2,2438.0,2411.2,2677.4,2190.6,18875,32286,2410.6,3,2410.8,1,2411.0,15,2411.2,6,2411.4,2,2411.8,11,2412.0,4,2412.2,8,2412.4,5,2412.6,14,2411.8
IH2408,,13:39:21.300#,2434.2,2438.0,2411.2,2677.4,2190.6,18875,32286,2410.6,3,2410.8,1,2411.0,15,2411.2,6,2411.4,2,2411.8,12,2412.0,4,2412.2,8,2412.4,5,2412.6,14,2411.8
IH2408,,13:39:22.300#,2434.2,2438.0,2411.2,2677.4,2190.6,18876,32287,2410.6,3,2410.8,1,2411.0,15,2411.2,6,2411.4,1,2411.8,12,2412.0,4,2412.2,8,2412.4,5,2412.6,14,2411.4
IH2408,,13:39:24.300#,2434.2,2438.0,2411.2,2677.4,2190.6,18876,32287,2410.6,3,2410.8,1,2411.0,15,2411.2,6,2411.4,3,2411.8,12,2412.0,4,2412.2,8,2412.4,5,2412.6,14,2411.4
IH2408,,13:39:24.800#,2434.2,2438.0,2411.2,2677.4,2190.6,18876,32287,2410.8,1,2411.0,15,2411.2,8,2411.4,3,2411.6,1,2411.8,12,2412.0,4,2412.2,8,2412.4,5,2412.6,14,2411.4
IH2408,,13:39:27.300#,2434.2,2438.0,2411.2,2677.4,2190.6,18876,32287,2410.8,1,2411.0,15,2411.2,8,2411.4,1,2411.6,1,2411.8,12,2412.0,5,2412.2,8,2412.4,5,2412.6,14,2411.4
IH2408,,13:39:27.800#,2434.2,2438.0,2411.2,2677.4,2190.6,18876,32287,2410.8,1,2411.0,15,2411.2,8,2411.4,2,2411.6,1,2411.8,12,2412.0,5,2412.2,8,2412.4,5,2412.6,14,2411.4
IH2408,,13:39:31.300#,2434.2,2438.0,2411.2,2677.4,2190.6,18876,32287,2410.8,1,2411.0,15,2411.2,8,2411.4,3,2411.6,1,2411.8,12,2412.0,5,2412.2,8,2412.4,5,2412.6,14,2411.4
IH2408,,13:39:31.800#,2434.2,2438.0,2411.2,2677.4,2190.6,18876,32287,2410.8,1,2411.0,15,2411.2,8,2411.4,4,2411.6,1,2411.8,11,2412.0,5,2412.2,8,2412.4,4,2412.6,14,2411.4
IH2408,,13:39:33.300#,2434.2,2438.0,2411.2,2677.4,2190.6,18876,32287,2410.8,1,2411.0,15,2411.2,8,2411.4,4,2411.6,1,2411.8,12,2412.0,5,2412.2,8,2412.4,4,2412.6,14,2411.4
IH2408,,13:39:33.800#,2434.2,2438.0,2411.2,2677.4,2190.6,18876,32287,2410.8,1,2411.0,15,2411.2,8,2411.4,4,2411.6,1,2411.8,12,2412.0,5,2412.2,8,2412.4,4,2412.6,12,2411.4
IH2408,,13:39:34.300#,2434.2,2438.0,2411.2,2677.4,2190.6,18876,32287,2410.6,3,2410.8,1,2411.0,15,2411.2,8,2411.4,4,2411.8,12,2412.0,5,2412.2,8,2412.4,4,2412.6,12,2411.4
IH2408,,13:39:34.800#,2434.2,2438.0,2411.2,2677.4,2190.6,18876,32287,2410.8,1,2411.0,15,2411.2,8,2411.4,4,2411.6,2,2411.8,12,2412.0,5,2412.2,8,2412.4,4,2412.6,12,2411.4
IH2408,,13:39:38.300#,2434.2,2438.0,2411.2,2677.4,2190.6,18877,32288,2410.8,1,2411.0,15,2411.2,8,2411.4,4,2411.6,1,2411.8,12,2412.0,5,2412.2,8,2412.4,4,2412.6,12,2411.4
IH2408,,13:39:39.800#,2434.2,2438.0,2411.2,2677.4,2190.6,18878,32288,2410.6,3,2410.8,1,2411.0,15,2411.2,8,2411.4,4,2411.8,12,2412.0,5,2412.2,8,2412.4,4,2412.6,12,2411.6
IH2408,,13:39:40.300#,2434.2,2438.0,2411.2,2677.4,2190.6,18878,32288,2410.6,3,2410.8,1,2411.0,15,2411.2,8,2411.4,4,2411.8,12,2412.0,8,2412.2,8,2412.4,4,2412.6,12,2411.6
IH2408,,13:39:40.800#,2434.2,2438.0,2411.2,2677.4,2190.6,18878,32288,2410.6,3,2410.8,1,2411.0,14,2411.2,8,2411.4,4,2411.6,2,2411.8,13,2412.0,8,2412.2,8,2412.4,4,2411.6
IH2408,,13:39:41.800#,2434.2,2438.0,2411.2,2677.4,2190.6,18878,32288,2410.6,3,2410.8,1,2411.0,14,2411.2,6,2411.4,4,2411.6,2,2411.8,13,2412.0,8,2412.2,8,2412.4,4,2411.6
IH2408,,13:39:43.800#,2434.2,2438.0,2411.2,2677.4,2190.6,18878,32288,2410.6,3,2410.8,1,2411.0,14,2411.2,6,2411.4,5,2411.6,2,2411.8,13,2412.0,8,2412.2,8,2412.4,4,2411.6
IH2408,,13:39:44.800#,2434.2,2438.0,2411.2,2677.4,2190.6,18883,32287,2410.4,4,2410.6,3,2410.8,1,2411.0,14,2411.2,6,2411.6,2,2411.8,13,2412.0,8,2412.2,8,2412.4,4,2411.4
IH2408,,13:39:45.800#,2434.2,2438.0,2411.2,2677.4,2190.6,18883,32287,2410.4,4,2410.6,3,2410.8,1,2411.0,14,2411.2,6,2411.6,3,2411.8,13,2412.0,8,2412.2,8,2412.4,4,2411.4
IH2408,,13:39:46.300#,2434.2,2438.0,2411.2,2677.4,2190.6,18883,32287,2410.4,4,2410.6,3,2410.8,1,2411.0,14,2411.2,5,2411.6,3,2411.8,13,2412.0,8,2412.2,8,2412.4,4,2411.4
IH2408,,13:39:47.800#,2434.2,2438.0,2411.2,2677.4,2190.6,18883,32287,2410.6,3,2410.8,1,2411.0,14,2411.2,5,2411.4,1,2411.6,3,2411.8,13,2412.0,8,2412.2,8,2412.4,4,2411.4
IH2408,,13:39:48.800#,2434.2,2438.0,2411.2,2677.4,2190.6,18883,32287,2410.6,3,2410.8,1,2411.0,14,2411.2,5,2411.4,1,2411.6,4,2411.8,13,2412.0,8,2412.2,8,2412.4,4,2411.4
IH2408,,13:39:51.300#,2434.2,2438.0,2411.2,2677.4,2190.6,18883,32287,2410.6,3,2410.8,1,2411.0,14,2411.2,5,2411.4,1,2411.6,4,2411.8,13,2412.0,8,2412.2,9,2412.4,4,2411.4
IH2408,,13:39:51.800#,2434.2,2438.0,2411.2,2677.4,2190.6,18885,32288,2410.4,4,2410.6,3,2410.8,1,2411.0,14,2411.2,4,2411.6,4,2411.8,13,2412.0,8,2412.2,9,2412.4,4,2411.2
IH2408,,13:39:52.300#,2434.2,2438.0,2411.2,2677.4,2190.6,18885,32288,2410.4,4,2410.6,3,2410.8,1,2411.0,14,2411.2,4,2411.4,2,2411.6,4,2411.8,13,2412.0,8,2412.2,9,2411.2
IH2408,,13:39:52.800#,2434.2,2438.0,2411.2,2677.4,2190.6,18885,32288,2410.4,4,2410.6,3,2410.8,1,2411.0,14,2411.2,3,2411.4,2,2411.6,2,2411.8,13,2412.0,8,2412.2,9,2411.2
IH2408,,13:39:53.300#,2434.2,2438.0,2411.2,2677.4,2190.6,18886,32287,2410.4,4,2410.6,3,2410.8,1,2411.0,14,2411.2,3,2411.4,2,2411.6,2,2411.8,13,2412.0,8,2412.2,9,2411.4
IH2408,,13:39:53.800#,2434.2,2438.0,2411.2,2677.4,2190.6,18888,32289,2410.2,9,2410.4,4,2410.6,3,2410.8,1,2411.0,14,2411.4,2,2411.6,2,2411.8,13,2412.0,8,2412.2,9,2411.2
IH2408,,13:39:54.300#,2434.2,2438.0,2411.2,2677.4,2190.6,18888,32289,2410.2,9,2410.4,4,2410.6,3,2410.8,1,2411.0,17,2411.4,2,2411.6,2,2411.8,13,2412.0,8,2412.2,9,2411.2
IH2408,,13:39:54.800#,2434.2,2438.0,2411.2,2677.4,2190.6,18888,32289,2410.2,9,2410.4,4,2410.6,3,2410.8,3,2411.0,17,2411.4,2,2411.6,2,2411.8,13,2412.0,8,2412.2,9,2411.2
IH2408,,13:39:56.300#,2434.2,2438.0,2411.2,2677.4,2190.6,18889,32289,2410.2,9,2410.4,4,2410.6,3,2410.8,3,2411.0,17,2411.4,1,2411.6,2,2411.8,16,2412.0,8,2412.2,9,2411.4
IH2408,,13:39:59.300#,2434.2,2438.0,2411.2,2677.4,2190.6,18889,32289,2410.4,4,2410.6,3,2410.8,3,2411.0,17,2411.2,3,2411.4,1,2411.6,2,2411.8,16,2412.0,8,2412.2,9,2411.4
IH2408,,13:39:59.800#,2434.2,2438.0,2411.2,2677.4,2190.6,18891,32289,2410.4,4,2410.6,3,2410.8,3,2411.0,17,2411.2,1,2411.4,1,2411.6,2,2411.8,16,2412.0,8,2412.2,9,2411.2
IH2408,,13:40:00.300#,2434.2,2438.0,2411.2,2677.4,2190.6,18891,32289,2410.4,4,2410.6,3,2410.8,3,2411.0,18,2411.2,1,2411.4,1,2411.6,2,2411.8,16,2412.0,8,2412.2,9,2411.2
IH2408,,13:40:00.800#,2434.2,2438.0,2411.2,2677.4,2190.6,18891,32289,2410.4,4,2410.6,3,2410.8,3,2411.0,18,2411.2,5,2411.4,4,2411.6,2,2411.8,16,2412.0,8,2412.2,9,2411.2
IH2408,,13:40:01.300#,2434.2,2438.0,2411.2,2677.4,2190.6,18892,32290,2410.4,4,2410.6,3,2410.8,3,2411.0,18,2411.2,2,2411.4,15,2411.6,2,2411.8,16,2412.0,8,2412.2,9,2411.4
IH2408,,13:40:01.800#,2434.2,2438.0,2411.2,2677.4,2190.6,18892,32290,2410.4,4,2410.6,3,2410.8,3,2411.0,18,2411.2,1,2411.4,15,2411.6,2,2411.8,16,2412.0,8,2412.2,9,2411.4
IH2408,,13:40:02.300#,2434.2,2438.0,2411.2,2677.4,2190.6,18893,32290,2410.2,9,2410.4,4,2410.6,3,2410.8,3,2411.0,18,2411.4,15,2411.6,2,2411.8,15,2412.0,8,2412.2,9,2411.2
IH2408,,13:40:02.800#,2434.2,2438.0,2411.2,2677.4,2190.6,18893,32290,2410.2,9,2410.4,4,2410.6,3,2410.8,3,2411.0,17,2411.4,16,2411.6,2,2411.8,15,2412.0,8,2412.2,9,2411.2
IH2408,,13:40:03.300#,2434.2,2438.0,2411.2,2677.4,2190.6,18893,32290,2410.2,9,2410.4,4,2410.6,3,2410.8,3,2411.0,15,2411.4,16,2411.6,2,2411.8,15,2412.0,8,2412.2,9,2411.2
IH2408,,13:40:05.800#,2434.2,2438.0,2411.2,2677.4,2190.6,18893,32290,2410.4,4,2410.6,3,2410.8,3,2411.0,15,2411.2,1,2411.4,16,2411.6,2,2411.8,15,2412.0,8,2412.2,9,2411.2
IH2408,,13:40:06.300#,2434.2,2438.0,2411.2,2677.4,2190.6,18895,32292,2410.2,9,2410.4,4,2410.6,3,2410.8,3,2411.0,16,2411.4,15,2411.6,2,2411.8,15,2412.0,8,2412.2,9,2411.4
IH2408,,13:40:06.800#,2434.2,2438.0,2411.2,2677.4,2190.6,18895,32292,2410.2,9,2410.4,4,2410.6,3,2410.8,3,2411.0,17,2411.4,15,2411.6,2,2411.8,15,2412.0,8,2412.2,9,2411.4
IH2408,,13:40:07.300#,2434.2,2438.0,2411.2,2677.4,2190.6,18895,32292,2410.2,9,2410.4,4,2410.6,3,2410.8,3,2411.0,16,2411.4,15,2411.6,2,2411.8,15,2412.0,8,2412.2,9,2411.4
IH2408,,13:40:08.300#,2434.2,2438.0,2411.2,2677.4,2190.6,18895,32292,2410.4,4,2410.6,3,2410.8,3,2411.0,16,2411.2,1,2411.4,15,2411.6,2,2411.8,15,2412.0,8,2412.2,9,2411.4
IH2408,,13:40:08.800#,2434.2,2438.0,2411.0,2677.4,2190.6,18897,32293,2410.2,9,2410.4,4,2410.6,3,2410.8,3,2411.0,15,2411.4,14,2411.6,2,2411.8,15,2412.0,8,2412.2,9,2411.0
IH2408,,13:40:09.300#,2434.2,2438.0,2411.0,2677.4,2190.6,18899,32295,2410.2,9,2410.4,4,2410.6,3,2410.8,3,2411.0,16,2411.4,13,2411.6,2,2411.8,15,2412.0,8,2412.2,9,2411.4
IH2408,,13:40:09.800#,2434.2,2438.0,2411.0,2677.4,2190.6,18899,32295,2410.4,4,2410.6,3,2410.8,3,2411.0,16,2411.2,3,2411.4,13,2411.6,2,2411.8,15,2412.0,8,2412.2,9,2411.4
IH2408,,13:40:10.800#,2434.2,2438.0,2411.0,2677.4,2190.6,18899,32295,2410.4,4,2410.6,3,2410.8,3,2411.0,16,2411.2,3,2411.4,13,2411.6,2,2411.8,16,2412.0,8,2412.2,9,2411.4
IH2408,,13:40:12.300#,2434.2,2438.0,2411.0,2677.4,2190.6,18899,32295,2410.4,4,2410.6,3,2410.8,2,2411.0,16,2411.2,3,2411.4,13,2411.6,2,2411.8,16,2412.0,8,2412.2,9,2411.4
IH2408,,13:40:13.800#,2434.2,2438.0,2411.0,2677.4,2190.6,18899,32295,2410.4,4,2410.6,3,2410.8,2,2411.0,16,2411.2,4,2411.4,13,2411.6,2,2411.8,16,2412.0,8,2412.2,9,2411.4
IH2408,,13:40:14.300#,2434.2,2438.0,2411.0,2677.4,2190.6,18903,32298,2410.2,8,2410.4,4,2410.6,3,2410.8,2,2411.0,13,2411.4,13,2411.6,2,2411.8,16,2412.0,8,2412.2,9,2411.2
IH2408,,13:40:14.800#,2434.2,2438.0,2411.0,2677.4,2190.6,18905,32299,2410.2,8,2410.4,4,2410.6,3,2410.8,2,2411.0,13,2411.4,13,2411.6,2,2411.8,16,2412.0,8,2412.2,9,2411.2
IH2408,,13:40:15.300#,2434.2,2438.0,2411.0,2677.4,2190.6,18910,32303,2410.2,8,2410.4,3,2410.6,3,2410.8,3,2411.0,5,2411.2,5,2411.4,13,2411.6,2,2411.8,16,2412.0,8,2411.0
IH2408,,13:40:15.800#,2434.2,2438.0,2411.0,2677.4,2190.6,18917,32301,2410.0,25,2410.2,8,2410.4,3,2410.6,6,2410.8,2,2411.0,1,2411.2,7,2411.4,1,2411.6,2,2411.8,16,2411.2
IH2408,,13:40:16.300#,2434.2,2438.0,2411.0,2677.4,2190.6,18917,32301,2409.6,1,2410.0,25,2410.2,8,2410.4,3,2410.6,6,2411.0,1,2411.2,1,2411.4,1,2411.6,2,2411.8,16,2411.2
IH2408,,13:40:16.800#,2434.2,2438.0,2411.0,2677.4,2190.6,18917,32301,2409.6,1,2410.0,25,2410.2,8,2410.4,2,2410.6,7,2411.0,13,2411.2,1,2411.4,2,2411.6,2,2411.8,16,2411.2
IH2408,,13:40:17.300#,2434.2,2438.0,2410.6,2677.4,2190.6,18920,32303,2409.6,1,2410.0,25,2410.2,8,2410.4,2,2410.6,4,2410.8,1,2411.0,13,2411.2,1,2411.4,2,2411.6,2,2410.6
IH2408,,13:40:17.800#,2434.2,2438.0,2410.6,2677.4,2190.6,18922,32302,2409.6,1,2410.0,25,2410.2,8,2410.4,2,2410.6,3,2410.8,7,2411.0,1,2411.2,1,2411.4,2,2411.6,2,2410.6
IH2408,,13:40:18.300#,2434.2,2438.0,2410.6,2677.4,2190.6,18926,32302,2409.6,1,2410.0,25,2410.2,8,2410.4,2,2410.6,2,2410.8,9,2411.0,1,2411.2,1,2411.4,2,2411.6,2,2410.8
IH2408,,13:40:18.800#,2434.2,2438.0,2410.6,2677.4,2190.6,18927,32303,2409.6,1,2410.0,25,2410.2,8,2410.4,5,2410.6,2,2410.8,10,2411.0,1,2411.2,1,2411.4,5,2411.6,2,2410.8
IH2408,,13:40:19.300#,2434.2,2438.0,2410.6,2677.4,2190.6,18929,32305,2409.6,1,2410.0,25,2410.2,8,2410.4,5,2410.6,2,2410.8,8,2411.0,1,2411.2,1,2411.4,5,2411.6,2,2410.8
IH2408,,13:40:19.800#,2434.2,2438.0,2410.6,2677.4,2190.6,18937,32309,2410.0,25,2410.2,8,2410.4,5,2410.6,2,2410.8,3,2411.0,1,2411.2,1,2411.4,5,2411.6,2,2411.8,15,2410.8
IH2408,,13:40:20.300#,2434.2,2438.0,2410.6,2677.4,2190.6,18939,32310,2410.0,25,2410.2,8,2410.4,5,2410.6,2,2410.8,3,2411.4,5,2411.6,2,2411.8,15,2412.0,8,2412.2,8,2411.2
IH2408,,13:40:20.800#,2434.2,2438.0,2410.6,2677.4,2190.6,18939,32310,2410.0,25,2410.2,9,2410.4,6,2410.6,2,2410.8,3,2411.2,1,2411.4,3,2411.6,4,2411.8,16,2412.0,8,2411.2
IH2408,,13:40:21.300#,2434.2,2438.0,2410.6,2677.4,2190.6,18940,32309,2410.0,25,2410.2,9,2410.4,6,2410.6,2,2410.8,2,2411.2,2,2411.4,3,2411.6,4,2411.8,16,2412.0,8,2410.8
IH2408,,13:40:21.800#,2434.2,2438.0,2410.6,2677.4,2190.6,18940,32309,2410.0,26,2410.2,9,2410.4,6,2410.6,2,2410.8,3,2411.2,2,2411.4,3,2411.6,4,2411.8,16,2412.0,8,2410.8
IH2408,,13:40:22.300#,2434.2,2438.0,2410.6,2677.4,2190.6,18940,32309,2410.2,9,2410.4,6,2410.6,2,2410.8,3,2411.0,1,2411.2,2,2411.4,4,2411.6,4,2411.8,16,2412.0,8,2410.8
IH2408,,13:40:22.800#,2434.2,2438.0,2410.6,2677.4,2190.6,18941,32309,2410.0,26,2410.2,9,2410.4,6,2410.6,2,2411.0,1,2411.2,3,2411.4,4,2411.6,4,2411.8,16,2412.0,8,2411.0
IH2408,,13:40:23.300#,2434.2,2438.0,2410.6,2677.4,2190.6,18943,32307,2409.6,1,2410.0,25,2410.2,9,2410.4,6,2410.6,2,2411.2,3,2411.4,4,2411.6,4,2411.8,16,2412.0,8,2411.0
IH2408,,13:40:23.800#,2434.2,2438.0,2410.6,2677.4,2190.6,18943,32307,2410.0,25,2410.2,9,2410.4,6,2410.6,2,2410.8,2,2411.2,3,2411.4,4,2411.6,4,2411.8,16,2412.0,8,2411.0
IH2408,,13:40:24.300#,2434.2,2438.0,2410.6,2677.4,2190.6,18945,32308,2410.0,25,2410.2,9,2410.4,6,2410.6,2,2410.8,1,2411.0,2,2411.2,2,2411.4,3,2411.6,4,2411.8,15,2410.8
IH2408,,13:40:25.800#,2434.2,2438.0,2410.6,2677.4,2190.6,18945,32308,2410.0,25,2410.2,9,2410.4,6,2410.6,2,2410.8,1,2411.0,2,2411.2,2,2411.4,6,2411.6,4,2411.8,15,2410.8
IH2408,,13:40:26.800#,2434.2,2438.0,2410.6,2677.4,2190.6,18946,32309,2409.6,1,2410.0,25,2410.2,9,2410.4,6,2410.6,2,2411.0,2,2411.2,2,2411.4,6,2411.6,4,2411.8,15,2410.8
IH2408,,13:40:27.300#,2434.2,2438.0,2410.6,2677.4,2190.6,18947,32310,2409.4,6,2409.6,1,2410.0,25,2410.2,9,2410.4,6,2410.8,1,2411.0,2,2411.2,2,2411.4,6,2411.6,4,2410.8
IH2408,,13:40:27.800#,2434.2,2438.0,2410.6,2677.4,2190.6,18949,32310,2409.6,1,2410.0,25,2410.2,11,2410.4,8,2410.6,8,2411.2,2,2411.4,6,2411.6,4,2411.8,15,2412.0,8,2410.6
IH2408,,13:40:28.300#,2434.2,2438.0,2410.6,2677.4,2190.6,18950,32310,2409.6,1,2410.0,25,2410.2,11,2410.4,8,2410.6,7,2411.2,3,2411.4,6,2411.6,5,2411.8,15,2412.0,8,2410.6
IH2408,,13:40:28.800#,2434.2,2438.0,2410.6,2677.4,2190.6,18950,32310,2409.6,1,2410.0,25,2410.2,11,2410.4,8,2410.6,7,2411.0,2,2411.2,7,2411.4,6,2411.6,5,2411.8,15,2410.6
IH2408,,13:40:29.300#,2434.2,2438.0,2410.6,2677.4,2190.6,18950,32310,2409.6,1,2410.0,25,2410.2,11,2410.4,8,2410.6,7,2411.0,3,2411.2,3,2411.4,6,2411.6,5,2411.8,15,2410.6
IH2408,,13:40:29.800#,2434.2,2438.0,2410.6,2677.4,2190.6,18950,32310,2409.6,1,2410.0,25,2410.2,11,2410.4,8,2410.6,7,2411.0,3,2411.2,3,2411.4,5,2411.6,5,2411.8,15,2410.6
IH2408,,13:40:30.800#,2434.2,2438.0,2410.6,2677.4,2190.6,18951,32311,2409.6,1,2410.0,25,2410.2,11,2410.4,8,2410.6,6,2411.0,3,2411.2,3,2411.4,5,2411.6,5,2411.8,15,2410.6
IH2408,,13:40:31.300#,2434.2,2438.0,2410.6,2677.4,2190.6,18951,32311,2409.6,1,2410.0,25,2410.2,11,2410.4,8,2410.6,6,2411.0,2,2411.2,3,2411.4,5,2411.6,5,2411.8,15,2410.6
IH2408,,13:40:31.800#,2434.2,2438.0,2410.6,2677.4,2190.6,18951,32311,2409.6,1,2410.0,25,2410.2,11,2410.4,8,2410.6,5,2411.0,2,2411.2,3,2411.4,5,2411.6,5,2411.8,15,2410.6
IH2408,,13:40:33.300#,2434.2,2438.0,2410.6,2677.4,2190.6,18951,32311,2409.6,1,2410.0,25,2410.2,11,2410.4,8,2410.6,6,2411.0,2,2411.2,3,2411.4,5,2411.6,5,2411.8,15,2410.6
IH2408,,13:40:35.300#,2434.2,2438.0,2410.6,2677.4,2190.6,18951,32311,2409.6,1,2410.0,25,2410.2,11,2410.4,8,2410.6,6,2411.0,2,2411.2,4,2411.4,5,2411.6,5,2411.8,15,2410.6
IH2408,,13:40:35.800#,2434.2,2438.0,2410.6,2677.4,2190.6,18951,32311,2409.6,2,2410.0,25,2410.2,11,2410.4,8,2410.6,6,2411.0,2,2411.2,4,2411.4,5,2411.6,5,2411.8,15,2410.6
IH2408,,13:40:38.300#,2434.2,2438.0,2410.6,2677.4,2190.6,18951,32311,2409.6,2,2410.0,25,2410.2,11,2410.4,8,2410.6,4,2410.8,1,2411.0,2,2411.2,4,2411.4,5,2411.6,5,2410.6
IH2408,,13:40:39.300#,2434.2,2438.0,2410.6,2677.4,2190.6,18951,32311,2409.6,2,2410.0,25,2410.2,11,2410.4,6,2410.6,4,2410.8,1,2411.0,2,2411.2,4,2411.4,5,2411.6,5,2410.6
IH2408,,13:40:39.800#,2434.2,2438.0,2410.6,2677.4,2190.6,18951,32311,2409.6,2,2410.0,25,2410.2,11,2410.4,7,2410.6,4,2410.8,1,2411.0,2,2411.2,4,2411.4,5,2411.6,5,2410.6
IH2408,,13:40:40.300#,2434.2,2438.0,2410.6,2677.4,2190.6,18951,32311,2409.6,2,2410.0,25,2410.2,11,2410.4,4,2410.6,4,2410.8,2,2411.0,2,2411.2,4,2411.4,5,2411.6,5,2410.6
IH2408,,13:40:40.800#,2434.2,2438.0,2410.6,2677.4,2190.6,18951,32311,2409.8,3,2410.0,25,2410.2,11,2410.4,4,2410.6,4,2410.8,5,2411.0,1,2411.2,4,2411.4,5,2411.6,5,2410.6
IH2408,,13:40:41.300#,2434.2,2438.0,2410.6,2677.4,2190.6,18951,32311,2409.8,3,2410.0,25,2410.2,11,2410.4,4,2410.6,4,2410.8,2,2411.0,1,2411.2,4,2411.4,5,2411.6,5,2410.6
IH2408,,13:40:42.800#,2434.2,2438.0,2410.6,2677.4,2190.6,18951,32311,2409.8,3,2410.0,25,2410.2,11,2410.4,4,2410.6,4,2411.0,1,2411.2,4,2411.4,5,2411.6,5,2411.8,15,2410.6
IH2408,,13:40:43.300#,2434.2,2438.0,2410.6,2677.4,2190.6,18951,32311,2409.8,3,2410.0,25,2410.2,11,2410.4,4,2410.6,4,2410.8,1,2411.0,3,2411.2,4,2411.4,5,2411.6,5,2410.6
IH2408,,13:40:44.300#,2434.2,2438.0,2410.6,2677.4,2190.6,18952,32312,2409.8,3,2410.0,25,2410.2,11,2410.4,4,2410.6,4,2411.0,3,2411.2,4,2411.4,5,2411.6,5,2411.8,14,2410.8
IH2408,,13:40:44.800#,2434.2,2438.0,2410.6,2677.4,2190.6,18953,32312,2409.8,3,2410.0,25,2410.2,11,2410.4,4,2410.6,3,2411.0,3,2411.2,4,2411.4,5,2411.6,5,2411.8,14,2410.6
IH2408,,13:40:45.300#,2434.2,2438.0,2410.6,2677.4,2190.6,18953,32312,2409.8,3,2410.0,25,2410.2,11,2410.4,4,2410.6,3,2410.8,1,2411.0,3,2411.2,4,2411.4,5,2411.6,5,2410.6
IH2408,,13:40:45.800#,2434.2,2438.0,2410.6,2677.4,2190.6,18953,32312,2409.8,3,2410.0,25,2410.2,11,2410.4,4,2410.6,3,2410.8,2,2411.0,3,2411.2,4,2411.4,5,2411.6,5,2410.6
IH2408,,13:40:46.300#,2434.2,2438.0,2410.6,2677.4,2190.6,18953,32312,2409.8,3,2410.0,25,2410.2,11,2410.4,4,2410.6,2,2410.8,3,2411.0,3,2411.2,4,2411.4,5,2411.6,5,2410.6
IH2408,,13:40:46.800#,2434.2,2438.0,2410.6,2677.4,2190.6,18953,32312,2409.8,3,2410.0,25,2410.2,9,2410.4,4,2410.6,2,2410.8,3,2411.0,3,2411.2,5,2411.4,5,2411.6,5,2410.6
IH2408,,13:40:47.800#,2434.2,2438.0,2410.6,2677.4,2190.6,18953,32312,2409.6,3,2409.8,3,2410.0,25,2410.2,9,2410.4,4,2410.8,3,2411.0,3,2411.2,5,2411.4,5,2411.6,5,2410.6
IH2408,,13:40:48.300#,2434.2,2438.0,2410.6,2677.4,2190.6,18953,32312,2409.6,3,2409.8,3,2410.0,25,2410.2,9,2410.4,6,2410.8,3,2411.0,3,2411.2,5,2411.4,5,2411.6,5,2410.6
IH2408,,13:40:49.300#,2434.2,2438.0,2410.6,2677.4,2190.6,18953,32312,2409.6,3,2409.8,3,2410.0,25,2410.2,9,2410.4,6,2410.6,1,2410.8,3,2411.0,3,2411.2,5,2411.4,5,2410.6
IH2408,,13:40:49.800#,2434.2,2438.0,2410.6,2677.4,2190.6,18954,32312,2409.6,3,2409.8,3,2410.0,25,2410.2,9,2410.4,6,2410.6,1,2410.8,3,2411.0,3,2411.2,5,2411.4,5,2410.6
IH2408,,13:40:50.300#,2434.2,2438.0,2410.6,2677.4,2190.6,18955,32313,2409.8,3,2410.0,25,2410.2,9,2410.4,6,2410.6,1,2410.8,3,2411.0,3,2411.2,5,2411.4,5,2411.6,5,2410.6
IH2408,,13:40:51.800#,2434.2,2438.0,2410.6,2677.4,2190.6,18955,32313,2409.8,3,2410.0,25,2410.2,9,2410.4,6,2410.6,1,2410.8,2,2411.0,3,2411.2,5,2411.4,5,2411.6,5,2410.6
IH2408,,13:40:52.300#,2434.2,2438.0,2410.6,2677.4,2190.6,18956,32312,2409.8,3,2410.0,25,2410.2,9,2410.4,6,2410.6,1,2410.8,2,2411.0,3,2411.2,4,2411.4,5,2411.6,5,2410.6
IH2408,,13:40:52.800#,2434.2,2438.0,2410.6,2677.4,2190.6,18957,32311,2409.6,3,2409.8,3,2410.0,25,2410.2,9,2410.4,6,2410.8,2,2411.0,3,2411.2,4,2411.4,5,2411.6,5,2410.6
IH2408,,13:40:53.300#,2434.2,2438.0,2410.6,2677.4,2190.6,18957,32311,2409.6,3,2409.8,3,2410.0,25,2410.2,9,2410.4,6,2410.8,1,2411.0,3,2411.2,4,2411.4,5,2411.6,5,2410.6
IH2408,,13:40:54.300#,2434.2,2438.0,2410.6,2677.4,2190.6,18957,32311,2409.8,3,2410.0,25,2410.2,9,2410.4,4,2410.6,2,2410.8,1,2411.0,3,2411.2,4,2411.4,5,2411.6,5,2410.6
IH2408,,13:40:54.800#,2434.2,2438.0,2410.6,2677.4,2190.6,18958,32311,2409.8,3,2410.0,25,2410.2,9,2410.4,4,2410.6,2,2411.0,3,2411.2,4,2411.4,5,2411.6,5,2411.8,13,2410.8
IH2408,,13:40:55.800#,2434.2,2438.0,2410.6,2677.4,2190.6,18959,32312,2409.8,3,2410.0,25,2410.2,9,2410.4,4,2410.6,2,2411.0,3,2411.2,4,2411.4,5,2411.6,5,2411.8,12,2410.8
IH2408,,13:40:56.300#,2434.2,2438.0,2410.6,2677.4,2190.6,18960,32313,2409.8,3,2410.0,25,2410.2,9,2410.4,3,2410.6,2,2411.0,2,2411.2,4,2411.4,5,2411.6,5,2411.8,12,2411.0
IH2408,,13:40:56.800#,2434.2,2438.0,2410.6,2677.4,2190.6,18960,32313,2409.8,3,2410.0,24,2410.2,9,2410.4,3,2410.6,2,2411.0,2,2411.2,4,2411.4,5,2411.6,4,2411.8,12,2411.0
IH2408,,13:40:57.300#,2434.2,2438.0,2410.6,2677.4,2190.6,18960,32313,2409.8,3,2410.0,24,2410.2,9,2410.4,3,2410.6,2,2410.8,1,2411.0,2,2411.2,4,2411.4,5,2411.6,4,2411.0
IH2408,,13:40:57.800#,2434.2,2438.0,2410.6,2677.4,2190.6,18961,32314,2409.8,3,2410.0,24,2410.2,9,2410.4,3,2410.6,2,2411.0,2,2411.2,4,2411.4,5,2411.6,4,2411.8,11,2411.0
IH2408,,13:40:58.300#,2434.2,2438.0,2410.6,2677.4,2190.6,18962,32315,2409.8,3,2410.0,24,2410.2,9,2410.4,3,2410.6,1,2411.0,2,2411.2,4,2411.4,6,2411.6,4,2411.8,11,2410.6
IH2408,,13:40:58.800#,2434.2,2438.0,2410.6,2677.4,2190.6,18962,32315,2409.8,3,2410.0,24,2410.2,9,2410.4,3,2410.6,1,2411.0,3,2411.2,4,2411.4,6,2411.6,4,2411.8,11,2410.6
IH2408,,13:41:00.800#,2434.2,2438.0,2410.6,2677.4,2190.6,18963,32314,2409.8,3,2410.0,24,2410.2,9,2410.4,3,2410.6,1,2411.0,2,2411.2,4,2411.4,6,2411.6,4,2411.8,11,2411.0
IH2408,,13:41:01.800#,2434.2,2438.0,2410.6,2677.4,2190.6,18963,32314,2409.8,3,2410.0,24,2410.2,9,2410.4,3,2410.6,1,2410.8,2,2411.0,2,2411.2,4,2411.4,6,2411.6,4,2411.0
IH2408,,13:41:02.300#,2434.2,2438.0,2410.6,2677.4,2190.6,18963,32314,2409.8,3,2410.0,24,2410.2,9,2410.4,3,2410.6,1,2410.8,3,2411.0,2,2411.2,4,2411.4,6,2411.6,4,2411.0
IH2408,,13:41:02.800#,2434.2,2438.0,2410.6,2677.4,2190.6,18963,32314,2409.8,3,2410.0,24,2410.2,9,2410.4,3,2410.6,1,2410.8,1,2411.0,2,2411.2,4,2411.4,6,2411.6,4,2411.0
IH2408,,13:41:03.300#,2434.2,2438.0,2410.6,2677.4,2190.6,18963,32314,2409.6,3,2409.8,3,2410.0,25,2410.2,9,2410.4,3,2410.8,1,2411.0,2,2411.2,4,2411.4,6,2411.6,4,2411.0
IH2408,,13:41:04.800#,2434.2,2438.0,2410.6,2677.4,2190.6,18964,32315,2409.8,3,2410.0,25,2410.2,9,2410.4,3,2410.6,2,2411.0,2,2411.2,4,2411.4,6,2411.6,4,2411.8,11,2410.8
IH2408,,13:41:05.300#,2434.2,2438.0,2410.6,2677.4,2190.6,18964,32315,2409.8,3,2410.0,25,2410.2,9,2410.4,3,2410.6,4,2411.0,2,2411.2,4,2411.4,6,2411.6,4,2411.8,11,2410.8
IH2408,,13:41:05.800#,2434.2,2438.0,2410.6,2677.4,2190.6,18964,32315,2409.8,3,2410.0,25,2410.2,9,2410.4,3,2410.6,5,2411.0,2,2411.2,4,2411.4,6,2411.6,4,2411.8,11,2410.8
IH2408,,13:41:06.300#,2434.2,2438.0,2410.6,2677.4,2190.6,18964,32315,2409.8,3,2410.0,25,2410.2,9,2410.4,3,2410.6,8,2411.0,2,2411.2,4,2411.4,6,2411.6,4,2411.8,11,2410.8
IH2408,,13:41:07.300#,2434.2,2438.0,2410.6,2677.4,2190.6,18964,32315,2409.8,3,2410.0,25,2410.2,9,2410.4,3,2410.6,5,2411.0,2,2411.2,3,2411.4,6,2411.6,4,2411.8,11,2410.8
IH2408,,13:41:08.300#,2434.2,2438.0,2410.6,2677.4,2190.6,18964,32315,2409.8,3,2410.0,25,2410.2,9,2410.4,3,2410.6,1,2410.8,1,2411.0,2,2411.2,3,2411.4,6,2411.6,4,2410.8
IH2408,,13:41:08.800#,2434.2,2438.0,2410.6,2677.4,2190.6,18964,32315,2409.6,3,2409.8,3,2410.0,25,2410.2,9,2410.4,3,2410.8,4,2411.0,2,2411.2,2,2411.4,6,2411.6,4,2410.8
IH2408,,13:41:09.800#,2434.2,2438.0,2410.4,2677.4,2190.6,18966,32315,2409.6,3,2409.8,3,2410.0,25,2410.2,9,2410.4,2,2410.8,5,2411.0,2,2411.2,2,2411.4,6,2411.6,4,2410.4
IH2408,,13:41:10.800#,2434.2,2438.0,2410.4,2677.4,2190.6,18966,32315,2409.6,3,2409.8,3,2410.0,25,2410.2,8,2410.4,2,2410.8,5,2411.0,2,2411.2,2,2411.4,6,2411.6,4,2410.4
IH2408,,13:41:11.300#,2434.2,2438.0,2410.4,2677.4,2190.6,18967,32315,2409.6,3,2409.8,3,2410.0,25,2410.2,8,2410.4,2,2410.8,4,2411.0,2,2411.2,2,2411.4,6,2411.6,4,2410.8
IH2408,,13:41:12.300#,2434.2,2438.0,2410.4,2677.4,2190.6,18967,32315,2409.8,3,2410.0,25,2410.2,8,2410.4,4,2410.6,4,2410.8,4,2411.0,2,2411.2,2,2411.4,6,2411.6,4,2410.8
IH2408,,13:41:12.800#,2434.2,2438.0,2410.4,2677.4,2190.6,18967,32315,2409.8,3,2410.0,25,2410.2,8,2410.4,4,2410.6,1,2410.8,4,2411.0,2,2411.2,2,2411.4,6,2411.6,4,2410.8
IH2408,,13:41:13.300#,2434.2,2438.0,2410.2,2677.4,2190.6,18973,32318,2409.4,7,2409.6,3,2409.8,3,2410.0,25,2410.2,7,2410.8,4,2411.0,2,2411.2,2,2411.4,6,2411.6,4,2410.2
IH2408,,13:41:13.800#,2434.2,2438.0,2410.2,2677.4,2190.6,18989,32327,2409.6,3,2409.8,3,2410.0,27,2410.2,3,2410.4,2,2410.8,4,2411.0,2,2411.2,2,2411.4,6,2411.6,4,2410.2
IH2408,,13:41:14.300#,2434.2,2438.0,2410.2,2677.4,2190.6,18991,32329,2409.8,3,2410.0,27,2410.2,3,2410.4,3,2410.6,1,2410.8,4,2411.0,2,2411.2,2,2411.4,6,2411.6,4,2410.6
IH2408,,13:41:14.800#,2434.2,2438.0,2410.2,2677.4,2190.6,18992,32329,2409.8,3,2410.0,27,2410.2,3,2410.4,3,2410.6,1,2410.8,2,2411.0,2,2411.2,2,2411.4,6,2411.6,4,2410.8
IH2408,,13:41:15.300#,2434.2,2438.0,2410.2,2677.4,2190.6,18993,32330,2409.6,3,2409.8,3,2410.0,27,2410.2,3,2410.4,4,2410.8,1,2411.0,2,2411.2,2,2411.4,6,2411.6,4,2410.8
IH2408,,13:41:16.300#,2434.2,2438.0,2410.2,2677.4,2190.6,18993,32330,2409.8,3,2410.0,27,2410.2,3,2410.4,4,2410.6,2,2410.8,1,2411.0,2,2411.2,2,2411.4,6,2411.6,4,2410.8
IH2408,,13:41:16.800#,2434.2,2438.0,2410.2,2677.4,2190.6,18994,32330,2409.8,3,2410.0,27,2410.2,3,2410.4,4,2410.6,2,2411.0,2,2411.2,2,2411.4,6,2411.6,4,2411.8,11,2410.8
IH2408,,13:41:17.800#,2434.2,2438.0,2410.2,2677.4,2190.6,18994,32330,2410.0,27,2410.2,3,2410.4,5,2410.6,4,2410.8,1,2411.0,1,2411.2,2,2411.4,6,2411.6,4,2411.8,11,2410.8
IH2408,,13:41:18.800#,2434.2,2438.0,2410.2,2677.4,2190.6,18994,32330,2410.0,27,2410.2,3,2410.4,7,2410.6,5,2410.8,1,2411.0,1,2411.2,2,2411.4,6,2411.6,4,2411.8,11,2410.8
IH2408,,13:41:19.300#,2434.2,2438.0,2410.2,2677.4,2190.6,18995,32331,2409.8,3,2410.0,27,2410.2,3,2410.4,7,2410.6,5,2411.0,1,2411.2,2,2411.4,6,2411.6,4,2411.8,11,2410.8
IH2408,,13:41:21.800#,2434.2,2438.0,2410.2,2677.4,2190.6,19001,32334,2409.6,3,2409.8,3,2410.0,27,2410.2,3,2410.4,6,2411.0,1,2411.2,2,2411.4,6,2411.6,4,2411.8,11,2410.4
IH2408,,13:41:22.300#,2434.2,2438.0,2410.2,2677.4,2190.6,19001,32334,2409.8,3,2410.0,27,2410.2,3,2410.4,6,2410.6,3,2411.0,3,2411.2,2,2411.4,6,2411.6,4,2411.8,11,2410.4
IH2408,,13:41:22.800#,2434.2,2438.0,2410.2,2677.4,2190.6,19004,32334,2409.6,3,2409.8,3,2410.0,27,2410.2,3,2410.4,6,2411.0,3,2411.2,2,2411.4,6,2411.6,4,2411.8,11,2410.6
IH2408,,13:41:23.300#,2434.2,2438.0,2410.2,2677.4,2190.6,19004,32334,2409.8,3,2410.0,28,2410.2,3,2410.4,6,2410.6,2,2411.0,2,2411.2,2,2411.4,6,2411.6,4,2411.8,11,2410.6
IH2408,,13:41:23.800#,2434.2,2438.0,2410.2,2677.4,2190.6,19004,32334,2409.8,3,2410.0,28,2410.2,3,2410.4,6,2410.6,2,2411.0,1,2411.2,2,2411.4,6,2411.6,4,2411.8,11,2410.6
IH2408,,13:41:24.800#,2434.2,2438.0,2410.2,2677.4,2190.6,19004,32334,2409.8,3,2410.0,28,2410.2,3,2410.4,6,2410.6,2,2411.0,1,2411.2,3,2411.4,6,2411.6,4,2411.8,11,2410.6
IH2408,,13:41:26.300#,2434.2,2438.0,2410.2,2677.4,2190.6,19004,32334,2410.0,28,2410.2,3,2410.4,7,2410.6,2,2410.8,1,2411.0,1,2411.2,3,2411.4,6,2411.6,4,2411.8,11,2410.6
IH2408,,13:41:26.800#,2434.2,2438.0,2410.2,2677.4,2190.6,19005,32335,2410.0,28,2410.2,3,2410.4,7,2410.6,5,2410.8,2,2411.2,2,2411.4,3,2411.6,4,2411.8,11,2412.0,9,2411.0
IH2408,,13:41:27.300#,2434.2,2438.0,2410.2,2677.4,2190.6,19005,32335,2410.0,28,2410.2,3,2410.4,7,2410.6,5,2410.8,4,2411.2,2,2411.4,3,2411.6,4,2411.8,11,2412.0,9,2411.0
IH2408,,13:41:29.800#,2434.2,2438.0,2410.2,2677.4,2190.6,19005,32335,2410.0,28,2410.2,3,2410.4,7,2410.6,5,2410.8,5,2411.0,1,2411.2,5,2411.4,3,2411.6,4,2411.8,11,2411.0
IH2408,,13:41:30.300#,2434.2,2438.0,2410.2,2677.4,2190.6,19005,32335,2410.0,28,2410.2,3,2410.4,7,2410.6,6,2410.8,5,2411.0,3,2411.2,5,2411.4,3,2411.6,4,2411.8,11,2411.0
IH2408,,13:41:30.800#,2434.2,2438.0,2410.2,2677.4,2190.6,19005,32335,2410.0,28,2410.2,3,2410.4,7,2410.6,6,2410.8,4,2411.0,3,2411.2,5,2411.4,3,2411.6,4,2411.8,11,2411.0
IH2408,,13:41:31.300#,2434.2,2438.0,2410.2,2677.4,2190.6,19005,32335,2410.0,27,2410.2,3,2410.4,7,2410.6,6,2410.8,4,2411.2,5,2411.4,3,2411.6,4,2411.8,11,2412.0,9,2411.0
IH2408,,13:41:31.800#,2434.2,2438.0,2410.2,2677.4,2190.6,19005,32335,2410.0,27,2410.2,3,2410.4,7,2410.6,6,2410.8,5,2411.2,5,2411.4,3,2411.6,4,2411.8,11,2412.0,9,2411.0
IH2408,,13:41:32.800#,2434.2,2438.0,2410.2,2677.4,2190.6,19005,32335,2410.0,27,2410.2,3,2410.4,7,2410.6,6,2410.8,5,2411.0,1,2411.2,6,2411.4,3,2411.6,4,2411.8,11,2411.0
IH2408,,13:41:33.300#,2434.2,2438.0,2410.2,2677.4,2190.6,19005,32335,2410.0,26,2410.2,3,2410.4,7,2410.6,3,2410.8,5,2411.0,7,2411.2,6,2411.4,6,2411.6,4,2411.8,11,2411.0
IH2408,,13:41:33.800#,2434.2,2438.0,2410.2,2677.4,2190.6,19006,32335,2410.0,26,2410.2,3,2410.4,7,2410.6,3,2410.8,4,2411.0,8,2411.2,6,2411.4,6,2411.6,4,2411.8,11,2410.8
IH2408,,13:41:34.300#,2434.2,2438.0,2410.2,2677.4,2190.6,19006,32335,2410.0,26,2410.2,3,2410.4,7,2410.6,1,2410.8,4,2411.0,8,2411.2,6,2411.4,6,2411.6,4,2411.8,11,2410.8
IH2408,,13:41:34.800#,2434.2,2438.0,2410.2,2677.4,2190.6,19010,32336,2409.8,3,2410.0,26,2410.2,3,2410.4,7,2410.6,1,2411.0,8,2411.2,6,2411.4,6,2411.6,4,2411.8,11,2410.8
IH2408,,13:41:35.300#,2434.2,2438.0,2410.2,2677.4,2190.6,19010,32336,2409.8,3,2410.0,26,2410.2,3,2410.4,7,2410.6,2,2410.8,2,2411.0,9,2411.2,6,2411.4,6,2411.6,4,2410.8
IH2408,,13:41:39.300#,2434.2,2438.0,2410.2,2677.4,2190.6,19010,32336,2409.8,3,2410.0,26,2410.2,3,2410.4,7,2410.6,2,2411.0,7,2411.2,6,2411.4,6,2411.6,4,2411.8,11,2410.8
IH2408,,13:41:39.800#,2434.2,2438.0,2410.2,2677.4,2190.6,19010,32336,2409.8,3,2410.0,26,2410.2,3,2410.4,7,2410.6,3,2411.0,2,2411.2,6,2411.4,6,2411.6,4,2411.8,11,2410.8
IH2408,,13:41:40.300#,2434.2,2438.0,2410.2,2677.4,2190.6,19016,32341,2409.6,4,2409.8,3,2410.0,26,2410.2,3,2410.4,5,2411.0,2,2411.2,6,2411.4,6,2411.6,4,2411.8,11,2410.4
IH2408,,13:41:40.800#,2434.2,2438.0,2410.2,2677.4,2190.6,19016,32341,2409.6,4,2409.8,3,2410.0,26,2410.2,4,2410.4,6,2411.0,3,2411.2,6,2411.4,6,2411.6,4,2411.8,11,2410.4
IH2408,,13:41:41.300#,2434.2,2438.0,2410.2,2677.4,2190.6,19016,32341,2409.8,3,2410.0,26,2410.2,4,2410.4,6,2410.6,2,2410.8,1,2411.0,4,2411.2,6,2411.4,6,2411.6,4,2410.4
IH2408,,13:41:42.300#,2434.2,2438.0,2410.2,2677.4,2190.6,19016,32341,2409.8,3,2410.0,26,2410.2,4,2410.4,6,2410.6,2,2411.0,4,2411.2,6,2411.4,6,2411.6,4,2411.8,11,2410.4
IH2408,,13:41:42.800#,2434.2,2438.0,2410.2,2677.4,2190.6,19017,32341,2409.8,3,2410.0,26,2410.2,4,2410.4,6,2410.6,2,2411.0,4,2411.2,6,2411.4,6,2411.6,4,2411.8,11,2410.8
IH2408,,13:41:44.800#,2434.2,2438.0,2410.2,2677.4,2190.6,19018,32341,2409.8,3,2410.0,26,2410.2,4,2410.4,6,2410.6,2,2411.0,3,2411.2,6,2411.4,6,2411.6,4,2411.8,11,2411.0
IH2408,,13:41:45.300#,2434.2,2438.0,2410.2,2677.4,2190.6,19018,32341,2410.0,26,2410.2,4,2410.4,6,2410.6,2,2410.8,1,2411.0,2,2411.2,6,2411.4,6,2411.6,4,2411.8,11,2411.0
IH2408,,13:41:45.800#,2434.2,2438.0,2410.2,2677.4,2190.6,19018,32341,2409.8,3,2410.0,26,2410.2,4,2410.4,7,2410.8,1,2411.0,3,2411.2,6,2411.4,6,2411.6,4,2411.8,11,2411.0
IH2408,,13:41:47.800#,2434.2,2438.0,2410.2,2677.4,2190.6,19025,32343,2409.6,4,2409.8,3,2410.0,26,2410.2,4,2410.4,2,2411.0,2,2411.2,6,2411.4,6,2411.6,4,2411.8,11,2410.4
IH2408,,13:41:48.300#,2434.2,2438.0,2410.2,2677.4,2190.6,19026,32344,2409.8,3,2410.0,26,2410.2,4,2410.4,5,2410.6,3,2411.0,2,2411.2,6,2411.4,6,2411.6,4,2411.8,11,2411.0
IH2408,,13:41:49.300#,2434.2,2438.0,2410.2,2677.4,2190.6,19026,32344,2410.0,26,2410.2,4,2410.4,5,2410.6,1,2410.8,2,2411.0,2,2411.2,6,2411.4,6,2411.6,4,2411.8,11,2411.0
IH2408,,13:41:49.800#,2434.2,2438.0,2410.2,2677.4,2190.6,19026,32344,2410.0,27,2410.2,4,2410.4,5,2410.6,1,2410.8,2,2411.0,1,2411.2,6,2411.4,6,2411.6,4,2411.8,11,2411.0
IH2408,,13:41:51.300#,2434.2,2438.0,2410.2,2677.4,2190.6,19026,32344,2410.0,27,2410.2,4,2410.4,3,2410.6,1,2410.8,2,2411.0,1,2411.2,6,2411.4,6,2411.6,4,2411.8,11,2411.0
IH2408,,13:41:52.300#,2434.2,2438.0,2410.2,2677.4,2190.6,19032,32348,2409.4,7,2409.6,4,2409.8,3,2410.0,27,2410.2,4,2411.0,1,2411.2,6,2411.4,6,2411.6,4,2411.8,11,2410.4
IH2408,,13:41:52.800#,2434.2,2438.0,2410.2,2677.4,2190.6,19032,32348,2409.8,3,2410.0,27,2410.2,4,2410.4,11,2410.6,2,2410.8,1,2411.2,6,2411.4,6,2411.6,4,2411.8,11,2410.4
IH2408,,13:41:53.300#,2434.2,2438.0,2410.2,2677.4,2190.6,19032,32348,2409.8,3,2410.0,27,2410.2,4,2410.4,9,2410.6,2,2410.8,1,2411.2,6,2411.4,6,2411.6,5,2411.8,11,2410.4
IH2408,,13:41:53.800#,2434.2,2438.0,2410.2,2677.4,2190.6,19033,32348,2409.8,3,2410.0,27,2410.2,4,2410.4,9,2410.6,1,2411.2,6,2411.4,6,2411.6,5,2411.8,11,2412.0,9,2410.8
IH2408,,13:41:54.300#,2434.2,2438.0,2410.2,2677.4,2190.6,19033,32348,2409.8,6,2410.0,27,2410.2,4,2410.4,9,2410.6,1,2411.0,5,2411.2,7,2411.4,6,2411.6,5,2411.8,11,2410.8
IH2408,,13:41:54.800#,2434.2,2438.0,2410.2,2677.4,2190.6,19033,32348,2409.8,6,2410.0,27,2410.2,4,2410.4,9,2410.6,2,2411.0,2,2411.2,7,2411.4,6,2411.6,5,2411.8,11,2410.8
IH2408,,13:41:55.300#,2434.2,2438.0,2410.2,2677.4,2190.6,19035,32350,2409.8,6,2410.0,27,2410.2,4,2410.4,9,2410.6,1,2411.0,1,2411.2,7,2411.4,6,2411.6,5,2411.8,11,2410.6
IH2408,,13:41:55.800#,2434.2,2438.0,2410.2,2677.4,2190.6,19037,32351,2409.6,4,2409.8,6,2410.0,27,2410.2,5,2410.4,10,2410.6,2,2411.0,2,2411.2,7,2411.4,6,2411.6,5,2410.6
IH2408,,13:41:56.300#,2434.2,2438.0,2410.2,2677.4,2190.6,19040,32350,2409.8,6,2410.0,27,2410.2,5,2410.4,10,2410.6,8,2411.0,2,2411.2,7,2411.4,6,2411.6,5,2411.8,11,2410.6
IH2408,,13:41:56.800#,2434.2,2438.0,2410.2,2677.4,2190.6,19042,32351,2410.0,27,2410.2,5,2410.4,10,2410.6,6,2410.8,3,2411.0,1,2411.2,7,2411.4,6,2411.6,5,2411.8,11,2411.0
IH2408,,13:41:57.300#,2434.2,2438.0,2410.2,2677.4,2190.6,19050,32355,2409.8,6,2410.0,27,2410.2,5,2410.4,8,2410.6,1,2411.2,7,2411.4,6,2411.6,5,2411.8,11,2412.0,9,2410.6
IH2408,,13:41:57.800#,2434.2,2438.0,2410.2,2677.4,2190.6,19050,32355,2410.0,27,2410.2,5,2410.4,8,2410.6,3,2410.8,1,2411.0,9,2411.2,8,2411.4,6,2411.6,5,2411.8,11,2410.6
IH2408,,13:41:58.300#,2434.2,2438.0,2410.2,2677.4,2190.6,19052,32357,2409.8,6,2410.0,27,2410.2,5,2410.4,7,2410.6,2,2411.0,5,2411.2,8,2411.4,6,2411.6,5,2411.8,11,2410.6
IH2408,,13:41:58.800#,2434.2,2438.0,2410.2,2677.4,2190.6,19052,32357,2409.8,6,2410.0,27,2410.2,5,2410.4,7,2410.6,2,2411.0,4,2411.2,8,2411.4,6,2411.6,5,2411.8,11,2410.6
IH2408,,13:41:59.300#,2434.2,2438.0,2410.2,2677.4,2190.6,19052,32357,2409.8,6,2410.0,27,2410.2,5,2410.4,7,2410.6,2,2411.0,7,2411.2,8,2411.4,6,2411.6,5,2411.8,11,2410.6
IH2408,,13:41:59.800#,2434.2,2438.0,2410.2,2677.4,2190.6,19052,32357,2409.8,7,2410.0,27,2410.2,5,2410.4,7,2410.6,4,2411.0,7,2411.2,8,2411.4,6,2411.6,5,2411.8,11,2410.6
IH2408,,13:42:01.300#,2434.2,2438.0,2410.2,2677.4,2190.6,19052,32357,2409.8,7,2410.0,27,2410.2,5,2410.4,7,2410.6,3,2411.0,7,2411.2,8,2411.4,6,2411.6,5,2411.8,11,2410.6
IH2408,,13:42:01.800#,2434.2,2438.0,2410.2,2677.4,2190.6,19052,32357,2409.8,7,2410.0,27,2410.2,5,2410.4,7,2410.6,4,2411.0,7,2411.2,8,2411.4,6,2411.6,5,2411.8,11,2410.6
IH2408,,13:42:02.300#,2434.2,2438.0,2410.2,2677.4,2190.6,19052,32357,2409.8,7,2410.0,27,2410.2,5,2410.4,7,2410.6,4,2411.0,8,2411.2,8,2411.4,6,2411.6,5,2411.8,11,2410.6
IH2408,,13:42:03.300#,2434.2,2438.0,2410.2,2677.4,2190.6,19055,32358,2409.8,7,2410.0,27,2410.2,5,2410.4,7,2410.6,3,2411.0,8,2411.2,8,2411.4,6,2411.6,5,2411.8,11,2410.6
IH2408,,13:42:03.800#,2434.2,2438.0,2410.2,2677.4,2190.6,19061,32362,2409.8,7,2410.0,27,2410.2,5,2410.4,4,2410.6,1,2411.0,8,2411.2,8,2411.4,6,2411.6,5,2411.8,11,2410.4
IH2408,,13:42:04.300#,2434.2,2438.0,2410.2,2677.4,2190.6,19061,32362,2409.8,7,2410.0,27,2410.2,5,2410.4,4,2410.6,1,2411.0,7,2411.2,8,2411.4,6,2411.6,5,2411.8,11,2410.4
IH2408,,13:42:04.800#,2434.2,2438.0,2410.2,2677.4,2190.6,19061,32362,2409.8,7,2410.0,27,2410.2,5,2410.4,4,2410.6,3,2411.0,7,2411.2,8,2411.4,6,2411.6,5,2411.8,11,2410.4
IH2408,,13:42:05.300#,2434.2,2438.0,2410.2,2677.4,2190.6,19062,32361,2409.8,7,2410.0,27,2410.2,5,2410.4,4,2410.6,3,2411.0,6,2411.2,8,2411.4,6,2411.6,5,2411.8,11,2411.0
IH2408,,13:42:05.800#,2434.2,2438.0,2410.2,2677.4,2190.6,19062,32361,2409.8,7,2410.0,27,2410.2,5,2410.4,4,2410.6,3,2411.0,4,2411.2,8,2411.4,6,2411.6,5,2411.8,11,2411.0
IH2408,,13:42:06.300#,2434.2,2438.0,2410.2,2677.4,2190.6,19062,32361,2409.8,7,2410.0,27,2410.2,4,2410.4,5,2410.6,3,2411.0,3,2411.2,8,2411.4,6,2411.6,5,2411.8,11,2411.0
IH2408,,13:42:06.800#,2434.2,2438.0,2410.2,2677.4,2190.6,19063,32361,2409.8,7,2410.0,27,2410.2,4,2410.4,5,2410.6,3,2411.0,2,2411.2,7,2411.4,6,2411.6,5,2411.8,11,2411.0
IH2408,,13:42:07.300#,2434.2,2438.0,2410.2,2677.4,2190.6,19063,32361,2410.0,27,2410.2,4,2410.4,5,2410.6,4,2410.8,1,2411.0,2,2411.2,7,2411.4,6,2411.6,5,2411.8,11,2411.0
IH2408,,13:42:08.800#,2434.2,2438.0,2410.2,2677.4,2190.6,19063,32361,2410.0,27,2410.2,4,2410.4,6,2410.6,4,2410.8,1,2411.0,2,2411.2,7,2411.4,6,2411.6,5,2411.8,11,2411.0
IH2408,,13:42:09.300#,2434.2,2438.0,2410.2,2677.4,2190.6,19064,32361,2410.0,27,2410.2,5,2410.4,6,2410.6,4,2410.8,1,2411.0,1,2411.2,7,2411.4,6,2411.6,5,2411.8,11,2411.0
IH2408,,13:42:09.800#,2434.2,2438.0,2410.2,2677.4,2190.6,19070,32364,2409.6,4,2409.8,7,2410.0,27,2410.2,5,2410.4,5,2411.0,1,2411.2,7,2411.4,6,2411.6,5,2411.8,11,2410.4
IH2408,,13:42:10.300#,2434.2,2438.0,2410.2,2677.4,2190.6,19070,32364,2409.8,7,2410.0,27,2410.2,5,2410.4,5,2410.6,3,2411.0,1,2411.2,7,2411.4,6,2411.6,5,2411.8,11,2410.4
IH2408,,13:42:10.800#,2434.2,2438.0,2410.2,2677.4,2190.6,19071,32364,2409.8,7,2410.0,27,2410.2,5,2410.4,5,2410.6,2,2411.2,7,2411.4,6,2411.6,5,2411.8,11,2412.0,9,2411.0
IH2408,,13:42:11.300#,2434.2,2438.0,2410.2,2677.4,2190.6,19072,32365,2409.8,7,2410.0,27,2410.2,5,2410.4,5,2410.6,1,2411.0,6,2411.2,8,2411.4,6,2411.6,5,2411.8,11,2410.6
IH2408,,13:42:12.300#,2434.2,2438.0,2410.2,2677.4,2190.6,19072,32365,2409.8,7,2410.0,27,2410.2,5,2410.4,6,2410.6,2,2411.0,1,2411.2,8,2411.4,6,2411.6,5,2411.8,11,2410.6
IH2408,,13:42:13.800#,2434.2,2438.0,2410.2,2677.4,2190.6,19073,32365,2409.8,7,2410.0,27,2410.2,5,2410.4,6,2410.6,2,2411.2,8,2411.4,6,2411.6,5,2411.8,11,2412.0,9,2411.0
IH2408,,13:42:14.300#,2434.2,2438.0,2410.2,2677.4,2190.6,19073,32365,2410.0,27,2410.2,5,2410.4,6,2410.6,2,2410.8,2,2411.2,8,2411.4,6,2411.6,5,2411.8,11,2412.0,9,2411.0
IH2408,,13:42:14.800#,2434.2,2438.0,2410.2,2677.4,2190.6,19073,32365,2410.0,27,2410.2,5,2410.4,6,2410.6,2,2410.8,1,2411.2,8,2411.4,6,2411.6,5,2411.8,11,2412.0,9,2411.0
IH2408,,13:42:15.300#,2434.2,2438.0,2410.2,2677.4,2190.6,19080,32369,2409.6,4,2409.8,7,2410.0,27,2410.2,5,2410.4,2,2411.2,9,2411.4,6,2411.6,5,2411.8,11,2412.0,9,2410.4
IH2408,,13:42:15.800#,2434.2,2438.0,2410.2,2677.4,2190.6,19081,32369,2409.8,7,2410.0,27,2410.2,5,2410.4,3,2410.6,10,2411.2,9,2411.4,6,2411.6,5,2411.8,11,2412.0,9,2410.4
IH2408,,13:42:16.300#,2434.2,2438.0,2410.2,2677.4,2190.6,19081,32369,2409.8,7,2410.0,27,2410.2,5,2410.4,3,2410.6,7,2411.0,2,2411.2,9,2411.4,6,2411.6,5,2411.8,11,2410.4
IH2408,,13:42:16.800#,2434.2,2438.0,2410.2,2677.4,2190.6,19081,32369,2410.0,27,2410.2,5,2410.4,3,2410.6,7,2410.8,1,2411.0,1,2411.2,9,2411.4,6,2411.6,5,2411.8,11,2410.4
IH2408,,13:42:17.300#,2434.2,2438.0,2410.2,2677.4,2190.6,19082,32369,2409.8,7,2410.0,27,2410.2,5,2410.4,2,2410.6,6,2411.0,2,2411.2,9,2411.4,3,2411.6,5,2411.8,11,2410.4
IH2408,,13:42:17.800#,2434.2,2438.0,2410.2,2677.4,2190.6,19082,32369,2410.0,27,2410.2,5,2410.4,3,2410.6,6,2410.8,1,2411.0,2,2411.2,8,2411.4,3,2411.6,5,2411.8,11,2410.4
IH2408,,13:42:18.300#,2434.2,2438.0,2410.2,2677.4,2190.6,19083,32369,2410.0,27,2410.2,5,2410.4,3,2410.6,6,2410.8,1,2411.0,1,2411.2,8,2411.4,3,2411.6,5,2411.8,11,2411.0
IH2408,,13:42:18.800#,2434.2,2438.0,2410.2,2677.4,2190.6,19083,32369,2410.0,27,2410.2,6,2410.4,3,2410.6,6,2410.8,1,2411.0,1,2411.2,8,2411.4,3,2411.6,5,2411.8,11,2411.0
IH2408,,13:42:21.300#,2434.2,2438.0,2410.2,2677.4,2190.6,19084,32369,2410.0,27,2410.2,7,2410.4,3,2410.6,6,2410.8,1,2411.2,8,2411.4,3,2411.6,5,2411.8,11,2412.0,9,2411.0
IH2408,,13:42:21.800#,2434.2,2438.0,2410.2,2677.4,2190.6,19084,32369,2410.0,27,2410.2,7,2410.4,4,2410.6,6,2410.8,1,2411.0,1,2411.2,8,2411.4,3,2411.6,5,2411.8,11,2411.0
IH2408,,13:42:22.300#,2434.2,2438.0,2410.2,2677.4,2190.6,19091,32372,2409.8,7,2410.0,27,2410.2,7,2410.4,4,2410.6,1,2411.0,1,2411.2,8,2411.4,3,2411.6,5,2411.8,11,2410.6
IH2408,,13:42:22.800#,2434.2,2438.0,2410.2,2677.4,2190.6,19093,32371,2409.8,7,2410.0,27,2410.2,7,2410.4,4,2410.6,3,2411.2,8,2411.4,3,2411.6,5,2411.8,11,2412.0,9,2410.8
IH2408,,13:42:23.300#,2434.2,2438.0,2410.2,2677.4,2190.6,19093,32371,2409.8,7,2410.0,27,2410.2,7,2410.4,4,2410.6,3,2411.0,1,2411.2,8,2411.4,3,2411.6,5,2411.8,11,2410.8
IH2408,,13:42:23.800#,2434.2,2438.0,2410.2,2677.4,2190.6,19094,32371,2410.2,7,2410.4,4,2410.6,3,2410.8,1,2411.0,1,2411.2,8,2411.4,3,2411.6,5,2411.8,11,2412.0,9,2411.0
IH2408,,13:42:24.300#,2434.2,2438.0,2410.2,2677.4,2190.6,19094,32371,2410.2,7,2410.4,3,2410.6,3,2410.8,1,2411.0,2,2411.2,8,2411.4,3,2411.6,5,2411.8,11,2412.0,9,2411.0
IH2408,,13:42:24.800#,2434.2,2438.0,2410.2,2677.4,2190.6,19094,32371,2410.2,7,2410.4,3,2410.6,3,2410.8,2,2411.0,2,2411.2,8,2411.4,3,2411.6,5,2411.8,11,2412.0,9,2411.0
IH2408,,13:42:25.300#,2434.2,2438.0,2410.2,2677.4,2190.6,19095,32371,2410.2,7,2410.4,4,2410.6,3,2410.8,2,2411.0,1,2411.2,8,2411.4,3,2411.6,5,2411.8,11,2412.0,9,2411.0
IH2408,,13:42:27.300#,2434.2,2438.0,2410.2,2677.4,2190.6,19095,32371,2410.2,7,2410.4,4,2410.6,3,2410.8,1,2411.0,1,2411.2,8,2411.4,3,2411.6,5,2411.8,11,2412.0,9,2411.0
IH2408,,13:42:28.800#,2434.2,2438.0,2410.2,2677.4,2190.6,19102,32373,2409.8,7,2410.0,27,2410.2,7,2410.4,4,2410.6,10,2411.0,1,2411.2,7,2411.4,3,2411.6,5,2411.8,11,2411.2
IH2408,,13:42:30.300#,2434.2,2438.0,2410.2,2677.4,2190.6,19112,32372,2409.8,7,2410.0,27,2410.2,7,2410.4,4,2410.6,10,2411.4,3,2411.6,5,2411.8,11,2412.0,9,2412.2,8,2411.2
IH2408,,13:42:30.800#,2434.2,2438.0,2410.2,2677.4,2190.6,19112,32372,2410.0,27,2410.2,7,2410.4,4,2410.6,10,2410.8,10,2411.4,4,2411.6,5,2411.8,11,2412.0,9,2412.2,8,2411.2
IH2408,,13:42:31.300#,2434.2,2438.0,2410.2,2677.4,2190.6,19112,32372,2410.0,27,2410.2,7,2410.4,4,2410.6,9,2410.8,9,2411.4,3,2411.6,5,2411.8,11,2412.0,9,2412.2,8,2411.2
IH2408,,13:42:31.800#,2434.2,2438.0,2410.2,2677.4,2190.6,19112,32372,2410.2,7,2410.4,4,2410.6,9,2410.8,9,2411.0,2,2411.4,3,2411.6,5,2411.8,11,2412.0,9,2412.2,8,2411.2
IH2408,,13:42:32.300#,2434.2,2438.0,2410.2,2677.4,2190.6,19112,32372,2410.4,4,2410.6,9,2410.8,8,2411.0,2,2411.2,1,2411.4,3,2411.6,5,2411.8,11,2412.0,9,2412.2,8,2411.2
IH2408,,13:42:32.800#,2434.2,2438.0,2410.2,2677.4,2190.6,19113,32373,2410.2,7,2410.4,4,2410.6,8,2410.8,6,2411.0,2,2411.4,4,2411.6,5,2411.8,11,2412.0,9,2412.2,8,2411.2
IH2408,,13:42:33.300#,2434.2,2438.0,2410.2,2677.4,2190.6,19113,32373,2410.2,7,2410.4,4,2410.6,9,2410.8,6,2411.0,2,2411.4,3,2411.6,5,2411.8,11,2412.0,9,2412.2,8,2411.2
IH2408,,13:42:34.300#,2434.2,2438.0,2410.2,2677.4,2190.6,19113,32373,2410.2,7,2410.4,4,2410.6,9,2410.8,6,2411.0,2,2411.4,3,2411.6,6,2411.8,11,2412.0,9,2412.2,8,2411.2
IH2408,,13:42:34.800#,2434.2,2438.0,2410.2,2677.4,2190.6,19119,32373,2410.0,24,2410.2,7,2410.4,4,2410.6,9,2410.8,2,2411.4,3,2411.6,6,2411.8,11,2412.0,9,2412.2,8,2410.8
IH2408,,13:42:35.300#,2434.2,2438.0,2410.2,2677.4,2190.6,19119,32373,2410.0,24,2410.2,7,2410.4,4,2410.6,9,2410.8,1,2411.2,2,2411.4,3,2411.6,6,2411.8,11,2412.0,9,2410.8
IH2408,,13:42:35.800#,2434.2,2438.0,2410.2,2677.4,2190.6,19120,32373,2410.0,24,2410.2,7,2410.4,4,2410.6,10,2410.8,1,2411.2,2,2411.4,3,2411.6,6,2411.8,11,2412.0,9,2411.2
IH2408,,13:42:36.800#,2434.2,2438.0,2410.2,2677.4,2190.6,19120,32373,2410.0,24,2410.2,7,2410.4,5,2410.6,10,2410.8,1,2411.0,1,2411.2,2,2411.4,3,2411.6,6,2411.8,11,2411.2
IH2408,,13:42:37.800#,2434.2,2438.0,2410.2,2677.4,2190.6,19120,32373,2410.0,24,2410.2,7,2410.4,5,2410.6,9,2410.8,1,2411.0,1,2411.2,2,2411.4,6,2411.6,6,2411.8,11,2411.2
IH2408,,13:42:38.300#,2434.2,2438.0,2410.2,2677.4,2190.6,19121,32374,2410.2,7,2410.4,6,2410.6,8,2410.8,1,2411.0,1,2411.2,1,2411.4,6,2411.6,6,2411.8,11,2412.0,9,2411.2
IH2408,,13:42:38.800#,2434.2,2438.0,2410.2,2677.4,2190.6,19123,32376,2410.0,24,2410.2,7,2410.4,6,2410.6,8,2410.8,1,2411.2,1,2411.4,6,2411.6,6,2411.8,11,2412.0,9,2411.2
IH2408,,13:42:39.800#,2434.2,2438.0,2410.2,2677.4,2190.6,19129,32378,2409.8,7,2410.0,24,2410.2,7,2410.4,7,2410.6,3,2411.2,1,2411.4,6,2411.6,6,2411.8,11,2412.0,9,2410.6
IH2408,,13:42:40.300#,2434.2,2438.0,2410.2,2677.4,2190.6,19129,32378,2410.0,26,2410.2,8,2410.4,9,2410.6,3,2410.8,2,2411.0,1,2411.2,1,2411.4,6,2411.6,6,2411.8,11,2410.6
IH2408,,13:42:40.800#,2434.2,2438.0,2410.2,2677.4,2190.6,19129,32378,2410.0,26,2410.2,8,2410.4,9,2410.6,3,2410.8,2,2411.0,1,2411.4,6,2411.6,6,2411.8,11,2412.0,9,2410.6
IH2408,,13:42:41.800#,2434.2,2438.0,2410.2,2677.4,2190.6,19130,32379,2410.0,26,2410.2,8,2410.4,9,2410.6,3,2410.8,2,2411.4,6,2411.6,6,2411.8,11,2412.0,9,2412.2,8,2411.0
IH2408,,13:42:42.300#,2434.2,2438.0,2410.2,2677.4,2190.6,19131,32378,2410.0,26,2410.2,8,2410.4,9,2410.6,3,2410.8,2,2411.4,7,2411.6,6,2411.8,11,2412.0,9,2412.2,8,2411.0
IH2408,,13:42:42.800#,2434.2,2438.0,2410.2,2677.4,2190.6,19131,32378,2410.0,26,2410.2,8,2410.4,9,2410.6,3,2410.8,2,2411.2,8,2411.4,7,2411.6,6,2411.8,11,2412.0,9,2411.0
IH2408,,13:42:43.800#,2434.2,2438.0,2410.2,2677.4,2190.6,19137,32382,2409.6,4,2409.8,7,2410.0,26,2410.2,8,2410.4,7,2411.2,8,2411.4,8,2411.6,6,2411.8,11,2412.0,9,2410.4
IH2408,,13:42:44.300#,2434.2,2438.0,2410.2,2677.4,2190.6,19137,32382,2409.8,7,2410.0,26,2410.2,8,2410.4,8,2410.6,5,2411.2,8,2411.4,8,2411.6,6,2411.8,11,2412.0,9,2410.4
IH2408,,13:42:45.300#,2434.2,2438.0,2410.2,2677.4,2190.6,19138,32381,2409.8,7,2410.0,26,2410.2,8,2410.4,8,2410.6,8,2411.2,3,2411.4,8,2411.6,6,2411.8,11,2412.0,9,2411.2
IH2408,,13:42:45.800#,2434.2,2438.0,2410.2,2677.4,2190.6,19138,32381,2410.0,26,2410.2,8,2410.4,8,2410.6,8,2410.8,2,2411.2,3,2411.4,8,2411.6,6,2411.8,11,2412.0,9,2411.2
IH2408,,13:42:46.300#,2434.2,2438.0,2410.2,2677.4,2190.6,19138,32381,2410.0,26,2410.2,8,2410.4,7,2410.6,8,2410.8,2,2411.2,3,2411.4,8,2411.6,6,2411.8,11,2412.0,9,2411.2
IH2408,,13:42:46.800#,2434.2,2438.0,2410.2,2677.4,2190.6,19138,32381,2410.0,26,2410.2,8,2410.4,8,2410.6,8,2410.8,2,2411.2,3,2411.4,8,2411.6,6,2411.8,11,2412.0,9,2411.2
IH2408,,13:42:47.300#,2434.2,2438.0,2410.2,2677.4,2190.6,19139,32382,2410.2,8,2410.4,9,2410.6,10,2410.8,3,2411.0,1,2411.2,2,2411.4,8,2411.6,6,2411.8,11,2412.0,9,2411.2
IH2408,,13:42:47.800#,2434.2,2438.0,2410.2,2677.4,2190.6,19139,32382,2410.2,8,2410.4,9,2410.6,11,2410.8,2,2411.0,1,2411.2,2,2411.4,8,2411.6,6,2411.8,11,2412.0,9,2411.2
IH2408,,13:42:48.300#,2434.2,2438.0,2410.2,2677.4,2190.6,19146,32385,2409.8,7,2410.0,28,2410.2,8,2410.4,9,2410.6,8,2411.2,1,2411.4,8,2411.6,6,2411.8,11,2412.0,9,2411.2
IH2408,,13:42:48.800#,2434.2,2438.0,2410.2,2677.4,2190.6,19147,32385,2410.0,28,2410.2,8,2410.4,9,2410.6,11,2410.8,3,2411.4,8,2411.6,6,2411.8,11,2412.0,9,2412.2,8,2411.2
IH2408,,13:42:49.300#,2434.2,2438.0,2410.2,2677.4,2190.6,19147,32385,2410.0,28,2410.2,8,2410.4,9,2410.6,11,2410.8,3,2411.4,9,2411.6,6,2411.8,12,2412.0,9,2412.2,8,2411.2
IH2408,,13:42:49.800#,2434.2,2438.0,2410.2,2677.4,2190.6,19147,32385,2410.0,28,2410.2,8,2410.4,9,2410.6,10,2410.8,3,2411.4,10,2411.6,6,2411.8,12,2412.0,9,2412.2,8,2411.2
IH2408,,13:42:50.300#,2434.2,2438.0,2410.2,2677.4,2190.6,19148,32385,2410.0,28,2410.2,8,2410.4,9,2410.6,9,2410.8,3,2411.4,9,2411.6,6,2411.8,12,2412.0,9,2412.2,8,2411.4
IH2408,,13:42:50.800#,2434.2,2438.0,2410.2,2677.4,2190.6,19149,32385,2410.2,8,2410.4,9,2410.6,9,2410.8,4,2411.0,1,2411.4,8,2411.6,6,2411.8,12,2412.0,9,2412.2,8,2411.4
IH2408,,13:42:51.300#,2434.2,2438.0,2410.2,2677.4,2190.6,19150,32384,2410.2,8,2410.4,9,2410.6,9,2410.8,3,2411.0,1,2411.4,7,2411.6,6,2411.8,12,2412.0,9,2412.2,8,2411.4
IH2408,,13:42:51.800#,2434.2,2438.0,2410.2,2677.4,2190.6,19150,32384,2410.2,8,2410.4,8,2410.6,10,2410.8,3,2411.0,1,2411.4,6,2411.6,6,2411.8,12,2412.0,9,2412.2,8,2411.4
IH2408,,13:42:52.800#,2434.2,2438.0,2410.2,2677.4,2190.6,19150,32384,2410.2,8,2410.4,8,2410.6,10,2410.8,3,2411.0,1,2411.2,1,2411.4,6,2411.6,5,2411.8,12,2412.0,9,2411.4
IH2408,,13:42:53.300#,2434.2,2438.0,2410.2,2677.4,2190.6,19156,32388,2409.8,7,2410.0,28,2410.2,8,2410.4,8,2410.6,10,2411.4,6,2411.6,5,2411.8,12,2412.0,9,2412.2,8,2410.6
IH2408,,13:42:53.800#,2434.2,2438.0,2410.2,2677.4,2190.6,19156,32388,2410.2,8,2410.4,8,2410.6,8,2410.8,7,2411.0,1,2411.2,1,2411.4,6,2411.6,5,2411.8,12,2412.0,9,2410.6
IH2408,,13:42:54.300#,2434.2,2438.0,2410.2,2677.4,2190.6,19157,32387,2410.2,8,2410.4,8,2410.6,8,2410.8,7,2411.0,1,2411.4,6,2411.6,5,2411.8,12,2412.0,9,2412.2,8,2411.2
IH2408,,13:42:54.800#,2434.2,2438.0,2410.2,2677.4,2190.6,19157,32387,2410.2,8,2410.4,7,2410.6,8,2410.8,7,2411.0,1,2411.4,6,2411.6,5,2411.8,12,2412.0,9,2412.2,8,2411.2
IH2408,,13:42:55.300#,2434.2,2438.0,2410.2,2677.4,2190.6,19157,32387,2410.2,8,2410.4,7,2410.6,8,2410.8,8,2411.0,1,2411.4,6,2411.6,5,2411.8,12,2412.0,9,2412.2,8,2411.2
IH2408,,13:42:56.300#,2434.2,2438.0,2410.2,2677.4,2190.6,19157,32387,2410.2,8,2410.4,7,2410.6,8,2410.8,8,2411.0,1,2411.4,7,2411.6,4,2411.8,12,2412.0,9,2412.2,8,2411.2
IH2408,,13:42:57.300#,2434.2,2438.0,2410.2,2677.4,2190.6,19158,32387,2410.2,8,2410.4,7,2410.6,8,2410.8,8,2411.0,1,2411.4,7,2411.6,4,2411.8,12,2412.0,9,2412.2,8,2411.4
IH2408,,13:42:57.800#,2434.2,2438.0,2410.2,2677.4,2190.6,19165,32389,2410.0,28,2410.2,8,2410.4,7,2410.6,8,2410.8,2,2411.2,1,2411.4,7,2411.6,4,2411.8,12,2412.0,9,2411.2
IH2408,,13:42:58.300#,2434.2,2438.0,2410.2,2677.4,2190.6,19165,32389,2410.2,8,2410.4,7,2410.6,9,2410.8,2,2411.0,2,2411.2,1,2411.4,7,2411.6,4,2411.8,12,2412.0,9,2411.2
IH2408,,13:42:58.800#,2434.2,2438.0,2410.2,2677.4,2190.6,19165,32389,2410.2,8,2410.4,7,2410.6,9,2410.8,2,2411.0,2,2411.2,2,2411.4,7,2411.6,4,2411.8,12,2412.0,9,2411.2
IH2408,,13:43:00.800#,2434.2,2438.0,2410.2,2677.4,2190.6,19166,32389,2410.2,8,2410.4,8,2410.6,9,2410.8,3,2411.0,3,2411.2,2,2411.4,7,2411.6,4,2411.8,12,2412.0,9,2411.2
IH2408,,13:43:01.300#,2434.2,2438.0,2410.2,2677.4,2190.6,19166,32389,2410.2,8,2410.4,10,2410.6,9,2410.8,4,2411.0,3,2411.2,3,2411.4,7,2411.6,4,2411.8,12,2412.0,9,2411.2
IH2408,,13:43:01.800#,2434.2,2438.0,2410.2,2677.4,2190.6,19167,32389,2410.2,8,2410.4,10,2410.6,9,2410.8,4,2411.0,3,2411.2,3,2411.4,7,2411.6,4,2411.8,12,2412.0,9,2411.0
IH2408,,13:43:02.300#,2434.2,2438.0,2410.2,2677.4,2190.6,19173,32392,2410.0,28,2410.2,8,2410.4,10,2410.6,9,2410.8,1,2411.2,4,2411.4,7,2411.6,4,2411.8,12,2412.0,9,2410.8
IH2408,,13:43:02.800#,2434.2,2438.0,2410.2,2677.4,2190.6,19173,32392,2410.2,8,2410.4,10,2410.6,10,2410.8,5,2411.0,1,2411.2,5,2411.4,7,2411.6,4,2411.8,12,2412.0,9,2410.8
IH2408,,13:43:03.300#,2434.2,2438.0,2410.2,2677.4,2190.6,19174,32392,2410.2,8,2410.4,10,2410.6,10,2410.8,5,2411.0,2,2411.2,4,2411.4,6,2411.6,4,2411.8,12,2412.0,9,2411.2
IH2408,,13:43:03.800#,2434.2,2438.0,2410.2,2677.4,2190.6,19175,32392,2410.2,8,2410.4,10,2410.6,10,2410.8,5,2411.0,2,2411.2,2,2411.4,6,2411.6,4,2411.8,12,2412.0,9,2411.2
IH2408,,13:43:04.300#,2434.2,2438.0,2410.2,2677.4,2190.6,19177,32391,2410.0,28,2410.2,8,2410.4,10,2410.6,10,2410.8,5,2411.2,4,2411.4,6,2411.6,4,2411.8,12,2412.0,9,2411.0
IH2408,,13:43:05.300#,2434.2,2438.0,2410.2,2677.4,2190.6,19177,32391,2410.0,28,2410.2,8,2410.4,9,2410.6,10,2410.8,5,2411.2,4,2411.4,6,2411.6,4,2411.8,12,2412.0,9,2411.0
IH2408,,13:43:06.300#,2434.2,2438.0,2410.2,2677.4,2190.6,19183,32396,2409.8,10,2410.0,28,2410.2,8,2410.4,9,2410.6,9,2411.2,5,2411.4,6,2411.6,4,2411.8,12,2412.0,9,2410.6
IH2408,,13:43:06.800#,2434.2,2438.0,2410.2,2677.4,2190.6,19183,32396,2410.0,28,2410.2,8,2410.4,9,2410.6,9,2410.8,1,2411.2,5,2411.4,6,2411.6,4,2411.8,12,2412.0,9,2410.6
IH2408,,13:43:07.300#,2434.2,2438.0,2410.2,2677.4,2190.6,19184,32397,2410.0,28,2410.2,8,2410.4,9,2410.6,8,2410.8,1,2411.0,1,2411.2,5,2411.4,6,2411.6,4,2411.8,12,2410.8
IH2408,,13:43:07.800#,2434.2,2438.0,2410.2,2677.4,2190.6,19186,32397,2410.0,28,2410.2,8,2410.4,9,2410.6,8,2410.8,1,2411.2,4,2411.4,6,2411.6,4,2411.8,12,2412.0,9,2411.2
IH2408,,13:43:08.300#,2434.2,2438.0,2410.2,2677.4,2190.6,19186,32397,2410.0,28,2410.2,8,2410.4,9,2410.6,9,2410.8,1,2411.2,4,2411.4,6,2411.6,4,2411.8,12,2412.0,9,2411.2
IH2408,,13:43:08.800#,2434.2,2438.0,2410.2,2677.4,2190.6,19187,32397,2410.0,28,2410.2,8,2410.4,10,2410.6,9,2410.8,1,2411.2,4,2411.4,6,2411.6,4,2411.8,12,2412.0,9,2410.8
IH2408,,13:43:09.300#,2434.2,2438.0,2410.2,2677.4,2190.6,19187,32397,2410.0,28,2410.2,8,2410.4,11,2410.6,9,2410.8,1,2411.2,4,2411.4,6,2411.6,4,2411.8,12,2412.0,9,2410.8
IH2408,,13:43:09.800#,2434.2,2438.0,2410.2,2677.4,2190.6,19188,32398,2410.0,28,2410.2,8,2410.4,10,2410.6,10,2410.8,1,2411.2,3,2411.4,6,2411.6,4,2411.8,12,2412.0,9,2411.2
IH2408,,13:43:10.300#,2434.2,2438.0,2410.2,2677.4,2190.6,19188,32398,2410.0,28,2410.2,7,2410.4,10,2410.6,10,2410.8,1,2411.2,4,2411.4,6,2411.6,4,2411.8,12,2412.0,9,2411.2
IH2408,,13:43:10.800#,2434.2,2438.0,2410.2,2677.4,2190.6,19195,32400,2409.8,10,2410.0,28,2410.2,7,2410.4,10,2410.6,5,2411.2,4,2411.4,6,2411.6,4,2411.8,12,2412.0,9,2410.6
IH2408,,13:43:11.300#,2434.2,2438.0,2410.2,2677.4,2190.6,19195,32400,2409.8,10,2410.0,28,2410.2,7,2410.4,10,2410.6,5,2411.0,1,2411.2,5,2411.4,6,2411.6,4,2411.8,12,2410.6
IH2408,,13:43:12.300#,2434.2,2438.0,2410.2,2677.4,2190.6,19195,32400,2410.0,28,2410.2,7,2410.4,9,2410.6,4,2410.8,1,2411.0,3,2411.2,5,2411.4,6,2411.6,4,2411.8,12,2410.6
IH2408,,13:43:12.800#,2434.2,2438.0,2410.2,2677.4,2190.6,19195,32400,2409.8,11,2410.0,28,2410.2,7,2410.4,10,2410.6,5,2411.0,3,2411.2,6,2411.4,5,2411.6,4,2411.8,12,2410.6
IH2408,,13:43:13.300#,2434.2,2438.0,2410.2,2677.4,2190.6,19195,32400,2410.0,28,2410.2,7,2410.4,10,2410.6,5,2410.8,1,2411.0,4,2411.2,6,2411.4,5,2411.6,4,2411.8,12,2410.6
IH2408,,13:43:17.300#,2434.2,2438.0,2410.2,2677.4,2190.6,19207,32404,2409.8,11,2410.0,28,2410.2,7,2410.4,9,2410.6,1,2411.0,2,2411.2,6,2411.4,8,2411.6,4,2411.8,12,2410.8
IH2408,,13:43:18.800#,2434.2,2438.0,2410.2,2677.4,2190.6,19208,32403,2409.6,4,2409.8,11,2410.0,27,2410.2,8,2410.4,9,2410.6,1,2411.0,2,2411.2,6,2411.4,8,2411.6,4,2410.6
IH2408,,13:43:19.300#,2434.2,2438.0,2410.2,2677.4,2190.6,19210,32401,2409.8,11,2410.0,27,2410.2,8,2410.4,9,2410.6,3,2411.0,1,2411.2,6,2411.4,8,2411.6,4,2411.8,12,2411.0
IH2408,,13:43:21.300#,2434.2,2438.0,2410.2,2677.4,2190.6,19214,32404,2409.6,4,2409.8,11,2410.0,27,2410.2,7,2410.4,6,2410.8,9,2411.0,6,2411.2,5,2411.4,8,2411.6,4,2410.8
IH2408,,13:43:22.300#,2434.2,2438.0,2410.2,2677.4,2190.6,19215,32403,2409.6,5,2409.8,11,2410.0,27,2410.2,7,2410.4,5,2410.8,8,2411.0,6,2411.2,5,2411.4,8,2411.6,4,2410.8
IH2408,,13:43:23.300#,2434.2,2438.0,2410.2,2677.4,2190.6,19215,32403,2409.6,5,2409.8,12,2410.0,27,2410.2,6,2410.4,5,2410.8,7,2411.0,6,2411.2,5,2411.4,8,2411.6,4,2410.8
IH2408,,13:43:24.300#,2434.2,2438.0,2410.2,2677.4,2190.6,19215,32403,2409.6,5,2409.8,12,2410.0,27,2410.2,6,2410.4,5,2410.8,8,2411.0,5,2411.2,5,2411.4,8,2411.6,4,2410.8
IH2408,,13:43:27.800#,2434.2,2438.0,2410.2,2677.4,2190.6,19218,32402,2410.0,27,2410.2,8,2410.4,5,2410.6,1,2410.8,1,2411.0,4,2411.2,5,2411.4,8,2411.6,4,2411.8,12,2410.8
IH2408,,13:43:28.300#,2434.2,2438.0,2410.2,2677.4,2190.6,19219,32402,2410.0,27,2410.2,8,2410.4,5,2410.6,1,2410.8,1,2411.0,4,2411.2,5,2411.4,8,2411.6,4,2411.8,12,2411.0
IH2408,,13:43:28.800#,2434.2,2438.0,2410.2,2677.4,2190.6,19219,32402,2409.8,12,2410.0,27,2410.2,8,2410.4,5,2410.8,2,2411.0,4,2411.2,5,2411.4,8,2411.6,4,2411.8,12,2411.0
IH2408,,13:43:30.800#,2434.2,2438.0,2410.2,2677.4,2190.6,19220,32401,2409.8,12,2410.0,27,2410.2,8,2410.4,6,2410.8,3,2411.0,3,2411.2,5,2411.4,8,2411.6,4,2411.8,12,2411.0
IH2408,,13:43:34.300#,2434.2,2438.0,2410.2,2677.4,2190.6,19221,32400,2410.2,8,2410.4,7,2410.6,3,2410.8,3,2411.0,1,2411.2,6,2411.4,4,2411.6,4,2411.8,12,2412.0,9,2411.0
IH2408,,13:43:34.800#,2434.2,2438.0,2410.2,2677.4,2190.6,19225,32401,2409.8,11,2410.0,27,2410.2,8,2410.4,8,2410.6,3,2411.2,6,2411.4,4,2411.6,4,2411.8,12,2412.0,9,2410.8
IH2408,,13:43:35.300#,2434.2,2438.0,2410.2,2677.4,2190.6,19226,32401,2410.0,27,2410.2,8,2410.4,8,2410.6,3,2410.8,5,2411.2,6,2411.4,4,2411.6,4,2411.8,12,2412.0,9,2411.0
IH2408,,13:43:35.800#,2434.2,2438.0,2410.2,2677.4,2190.6,19227,32401,2410.2,8,2410.4,8,2410.6,3,2410.8,4,2411.0,1,2411.2,7,2411.4,4,2411.6,4,2411.8,12,2412.0,9,2410.8
IH2408,,13:43:43.800#,2434.2,2438.0,2410.2,2677.4,2190.6,19231,32401,2409.6,5,2409.8,11,2410.0,27,2410.2,8,2410.4,8,2411.2,6,2411.4,7,2411.6,4,2411.8,12,2412.0,9,2410.8
IH2408,,13:43:44.300#,2434.2,2438.0,2410.2,2677.4,2190.6,19232,32400,2409.8,11,2410.0,27,2410.2,8,2410.4,8,2410.6,4,2411.2,6,2411.4,7,2411.6,4,2411.8,12,2412.0,9,2411.0
IH2408,,13:43:44.800#,2434.2,2438.0,2410.2,2677.4,2190.6,19232,32400,2409.8,11,2410.0,27,2410.2,8,2410.4,8,2410.6,5,2411.2,6,2411.4,7,2411.6,4,2411.8,12,2412.0,9,2411.0
IH2408,,13:43:45.300#,2434.2,2438.0,2410.2,2677.4,2190.6,19232,32400,2409.8,11,2410.0,27,2410.2,8,2410.4,8,2410.6,6,2411.2,6,2411.4,7,2411.6,4,2411.8,12,2412.0,9,2411.0
IH2408,,13:43:47.300#,2434.2,2438.0,2410.2,2677.4,2190.6,19233,32400,2409.8,11,2410.0,27,2410.2,8,2410.4,8,2410.6,6,2411.2,5,2411.4,7,2411.6,4,2411.8,12,2412.0,9,2411.2
IH2408,,13:43:47.800#,2434.2,2438.0,2410.2,2677.4,2190.6,19233,32400,2410.0,27,2410.2,8,2410.4,8,2410.6,6,2410.8,1,2411.2,5,2411.4,7,2411.6,4,2411.8,12,2412.0,9,2411.2
IH2408,,13:43:48.300#,2434.2,2438.0,2410.2,2677.4,2190.6,19233,32400,2410.0,27,2410.2,8,2410.4,9,2410.6,6,2410.8,1,2411.2,5,2411.4,7,2411.6,4,2411.8,12,2412.0,9,2411.2
IH2408,,13:43:49.300#,2434.2,2438.0,2410.2,2677.4,2190.6,19233,32400,2410.0,27,2410.2,8,2410.4,10,2410.6,6,2410.8,1,2411.2,5,2411.4,7,2411.6,4,2411.8,12,2412.0,9,2411.2
IH2408,,13:43:50.300#,2434.2,2438.0,2410.2,2677.4,2190.6,19234,32400,2410.0,27,2410.2,8,2410.4,10,2410.6,6,2410.8,1,2411.2,4,2411.4,7,2411.6,4,2411.8,12,2412.0,9,2411.2
IH2408,,13:43:50.800#,2434.2,2438.0,2410.2,2677.4,2190.6,19234,32400,2410.0,27,2410.2,8,2410.4,10,2410.6,7,2410.8,1,2411.0,2,2411.2,4,2411.4,7,2411.6,4,2411.8,12,2411.2
IH2408,,13:43:51.300#,2434.2,2438.0,2410.2,2677.4,2190.6,19234,32400,2410.0,27,2410.2,8,2410.4,10,2410.6,7,2410.8,2,2411.0,2,2411.2,5,2411.4,7,2411.6,4,2411.8,12,2411.2
IH2408,,13:43:52.300#,2434.2,2438.0,2410.2,2677.4,2190.6,19236,32402,2410.0,27,2410.2,8,2410.4,10,2410.6,7,2410.8,2,2411.2,5,2411.4,7,2411.6,4,2411.8,12,2412.0,9,2411.0
IH2408,,13:43:53.800#,2434.2,2438.0,2410.2,2677.4,2190.6,19236,32402,2410.0,27,2410.2,8,2410.4,10,2410.6,10,2410.8,2,2411.0,1,2411.2,5,2411.4,7,2411.6,4,2411.8,12,2411.0
IH2408,,13:43:54.300#,2434.2,2438.0,2410.2,2677.4,2190.6,19237,32401,2410.0,27,2410.2,8,2410.4,10,2410.6,10,2410.8,2,2411.2,5,2411.4,7,2411.6,4,2411.8,12,2412.0,9,2411.0
IH2408,,13:43:54.800#,2434.2,2438.0,2410.2,2677.4,2190.6,19237,32401,2410.0,27,2410.2,8,2410.4,10,2410.6,10,2410.8,1,2411.2,5,2411.4,7,2411.6,4,2411.8,12,2412.0,9,2411.0
IH2408,,13:43:55.800#,2434.2,2438.0,2410.2,2677.4,2190.6,19237,32401,2410.0,27,2410.2,8,2410.4,10,2410.6,9,2410.8,1,2411.0,4,2411.2,5,2411.4,7,2411.6,4,2411.8,12,2411.0
IH2408,,13:43:56.800#,2434.2,2438.0,2410.2,2677.4,2190.6,19237,32401,2410.0,27,2410.2,8,2410.4,10,2410.6,9,2410.8,1,2411.0,2,2411.2,5,2411.4,7,2411.6,4,2411.8,12,2411.0
IH2408,,13:43:57.300#,2434.2,2438.0,2410.2,2677.4,2190.6,19240,32402,2410.0,27,2410.2,8,2410.4,10,2410.6,9,2410.8,1,2411.2,5,2411.4,4,2411.6,4,2411.8,11,2412.0,9,2410.8
IH2408,,13:43:57.800#,2434.2,2438.0,2410.2,2677.4,2190.6,19240,32402,2410.0,27,2410.2,8,2410.4,9,2410.6,9,2410.8,1,2411.2,5,2411.4,4,2411.6,4,2411.8,11,2412.0,9,2410.8
IH2408,,13:43:58.300#,2434.2,2438.0,2410.2,2677.4,2190.6,19240,32402,2410.0,27,2410.2,8,2410.4,9,2410.6,9,2410.8,1,2411.2,6,2411.4,4,2411.6,4,2411.8,11,2412.0,9,2410.8
IH2408,,13:44:00.300#,2434.2,2438.0,2410.2,2677.4,2190.6,19241,32402,2410.0,27,2410.2,8,2410.4,9,2410.6,9,2410.8,2,2411.2,5,2411.4,4,2411.6,4,2411.8,11,2412.0,9,2411.2
IH2408,,13:44:00.800#,2434.2,2438.0,2410.2,2677.4,2190.6,19241,32402,2410.0,27,2410.2,8,2410.4,9,2410.6,9,2410.8,3,2411.2,5,2411.4,4,2411.6,4,2411.8,11,2412.0,9,2411.2
IH2408,,13:44:02.800#,2434.2,2438.0,2410.2,2677.4,2190.6,19241,32402,2410.0,27,2410.2,8,2410.4,9,2410.6,9,2410.8,2,2411.2,5,2411.4,4,2411.6,4,2411.8,11,2412.0,9,2411.2
IH2408,,13:44:03.300#,2434.2,2438.0,2410.2,2677.4,2190.6,19242,32402,2410.2,8,2410.4,9,2410.6,9,2410.8,2,2411.0,4,2411.2,4,2411.4,4,2411.6,4,2411.8,11,2412.0,9,2411.2
IH2408,,13:44:04.300#,2434.2,2438.0,2410.2,2677.4,2190.6,19242,32402,2410.2,8,2410.4,9,2410.6,9,2410.8,2,2411.0,2,2411.2,4,2411.4,4,2411.6,4,2411.8,11,2412.0,9,2411.2
IH2408,,13:44:05.300#,2434.2,2438.0,2410.2,2677.4,2190.6,19243,32402,2410.2,8,2410.4,8,2410.6,10,2410.8,2,2411.0,1,2411.2,3,2411.4,4,2411.6,4,2411.8,11,2412.0,9,2411.2
IH2408,,13:44:06.300#,2434.2,2438.0,2410.2,2677.4,2190.6,19244,32402,2410.2,8,2410.4,8,2410.6,10,2410.8,2,2411.0,1,2411.2,2,2411.4,4,2411.6,4,2411.8,11,2412.0,9,2411.2
IH2408,,13:44:06.800#,2434.2,2438.0,2410.2,2677.4,2190.6,19247,32402,2410.4,8,2410.6,10,2410.8,2,2411.0,1,2411.2,3,2411.4,4,2411.6,4,2411.8,11,2412.0,9,2412.2,9,2411.2
IH2408,,13:44:07.300#,2434.2,2438.0,2410.2,2677.4,2190.6,19249,32404,2410.4,8,2410.6,10,2410.8,2,2411.0,1,2411.2,1,2411.4,2,2411.6,4,2411.8,11,2412.0,9,2412.2,9,2411.4
IH2408,,13:44:07.800#,2434.2,2438.0,2410.2,2677.4,2190.6,19250,32404,2410.4,8,2410.6,10,2410.8,2,2411.0,1,2411.2,2,2411.4,1,2411.6,4,2411.8,11,2412.0,9,2412.2,9,2411.4
IH2408,,13:44:08.300#,2434.2,2438.0,2410.2,2677.4,2190.6,19250,32404,2410.4,9,2410.6,10,2410.8,2,2411.0,1,2411.2,2,2411.4,3,2411.6,4,2411.8,11,2412.0,9,2412.2,9,2411.4
IH2408,,13:44:09.300#,2434.2,2438.0,2410.2,2677.4,2190.6,19251,32404,2410.4,9,2410.6,10,2410.8,2,2411.0,1,2411.2,2,2411.4,3,2411.6,4,2411.8,11,2412.0,9,2412.2,9,2411.4
IH2408,,13:44:09.800#,2434.2,2438.0,2410.2,2677.4,2190.6,19251,32404,2410.4,9,2410.6,11,2410.8,2,2411.0,1,2411.2,1,2411.4,3,2411.6,4,2411.8,11,2412.0,9,2412.2,9,2411.4
IH2408,,13:44:10.300#,2434.2,2438.0,2410.2,2677.4,2190.6,19251,32404,2410.4,9,2410.6,10,2410.8,2,2411.0,1,2411.2,1,2411.4,3,2411.6,4,2411.8,11,2412.0,9,2412.2,9,2411.4
IH2408,,13:44:12.300#,2434.2,2438.0,2410.2,2677.4,2190.6,19252,32403,2410.4,9,2410.6,10,2410.8,2,2411.0,1,2411.2,1,2411.4,2,2411.6,4,2411.8,11,2412.0,9,2412.2,9,2411.4
IH2408,,13:44:13.300#,2434.2,2438.0,2410.2,2677.4,2190.6,19252,32403,2410.4,9,2410.6,10,2410.8,2,2411.0,2,2411.2,1,2411.4,3,2411.6,4,2411.8,11,2412.0,9,2412.2,9,2411.4
IH2408,,13:44:13.800#,2434.2,2438.0,2410.2,2677.4,2190.6,19252,32403,2410.4,9,2410.6,10,2410.8,2,2411.0,2,2411.2,1,2411.4,4,2411.6,4,2411.8,11,2412.0,9,2412.2,8,2411.4
IH2408,,13:44:14.300#,2434.2,2438.0,2410.2,2677.4,2190.6,19252,32403,2410.4,9,2410.6,10,2410.8,2,2411.0,2,2411.2,1,2411.4,5,2411.6,4,2411.8,11,2412.0,9,2412.2,8,2411.4
IH2408,,13:44:15.300#,2434.2,2438.0,2410.2,2677.4,2190.6,19254,32403,2410.2,8,2410.4,8,2410.6,10,2410.8,3,2411.0,2,2411.4,4,2411.6,4,2411.8,11,2412.0,9,2412.2,8,2411.4
IH2408,,13:44:15.800#,2434.2,2438.0,2410.2,2677.4,2190.6,19256,32404,2410.2,8,2410.4,8,2410.6,10,2410.8,3,2411.0,3,2411.4,2,2411.6,4,2411.8,11,2412.0,9,2412.2,8,2411.4
IH2408,,13:44:16.300#,2434.2,2438.0,2410.2,2677.4,2190.6,19257,32405,2410.2,8,2410.4,8,2410.6,10,2410.8,3,2411.0,3,2411.4,2,2411.6,5,2411.8,11,2412.0,9,2412.2,8,2411.4
IH2408,,13:44:16.800#,2434.2,2438.0,2410.2,2677.4,2190.6,19259,32404,2410.2,8,2410.4,8,2410.6,10,2410.8,3,2411.0,4,2411.6,5,2411.8,11,2412.0,9,2412.2,8,2412.4,2,2411.4
IH2408,,13:44:17.300#,2434.2,2438.0,2410.2,2677.4,2190.6,19260,32404,2410.2,8,2410.4,8,2410.6,10,2410.8,3,2411.0,4,2411.6,5,2411.8,11,2412.0,9,2412.2,8,2412.4,2,2411.4
IH2408,,13:44:17.800#,2434.2,2438.0,2410.2,2677.4,2190.6,19260,32404,2410.4,8,2410.6,10,2410.8,3,2411.0,4,2411.2,3,2411.4,1,2411.6,5,2411.8,11,2412.0,9,2412.2,8,2411.4
IH2408,,13:44:18.800#,2434.2,2438.0,2410.2,2677.4,2190.6,19261,32405,2410.4,8,2410.6,10,2410.8,3,2411.0,4,2411.2,3,2411.6,5,2411.8,11,2412.0,9,2412.2,8,2412.4,2,2411.4
IH2408,,13:44:19.300#,2434.2,2438.0,2410.2,2677.4,2190.6,19263,32405,2410.4,8,2410.6,10,2410.8,3,2411.0,4,2411.2,3,2411.6,3,2411.8,11,2412.0,9,2412.2,8,2412.4,2,2411.6
IH2408,,13:44:19.800#,2434.2,2438.0,2410.2,2677.4,2190.6,19264,32405,2410.4,8,2410.6,10,2410.8,3,2411.0,4,2411.2,3,2411.6,2,2411.8,11,2412.0,9,2412.2,8,2412.4,2,2411.6
IH2408,,13:44:20.300#,2434.2,2438.0,2410.2,2677.4,2190.6,19264,32405,2410.4,8,2410.6,10,2410.8,3,2411.0,4,2411.2,3,2411.6,4,2411.8,11,2412.0,9,2412.2,8,2412.4,2,2411.6
IH2408,,13:44:21.300#,2434.2,2438.0,2410.2,2677.4,2190.6,19264,32405,2410.4,8,2410.6,10,2410.8,3,2411.0,5,2411.2,3,2411.6,5,2411.8,11,2412.0,9,2412.2,8,2412.4,2,2411.6
IH2408,,13:44:22.300#,2434.2,2438.0,2410.2,2677.4,2190.6,19265,32405,2410.4,8,2410.6,10,2410.8,3,2411.0,5,2411.2,3,2411.6,4,2411.8,11,2412.0,9,2412.2,8,2412.4,2,2411.6
IH2408,,13:44:22.800#,2434.2,2438.0,2410.2,2677.4,2190.6,19265,32405,2410.4,8,2410.6,10,2410.8,3,2411.0,5,2411.2,3,2411.6,5,2411.8,10,2412.0,9,2412.2,8,2412.4,2,2411.6
IH2408,,13:44:23.800#,2434.2,2438.0,2410.2,2677.4,2190.6,19265,32405,2410.4,8,2410.6,10,2410.8,3,2411.0,5,2411.2,3,2411.6,6,2411.8,10,2412.0,9,2412.2,8,2412.4,2,2411.6
IH2408,,13:44:24.300#,2434.2,2438.0,2410.2,2677.4,2190.6,19265,32405,2410.4,8,2410.6,10,2410.8,3,2411.0,5,2411.2,3,2411.6,6,2411.8,10,2412.0,10,2412.2,8,2412.4,2,2411.6
IH2408,,13:44:25.300#,2434.2,2438.0,2410.2,2677.4,2190.6,19266,32404,2410.4,8,2410.6,10,2410.8,3,2411.0,5,2411.2,3,2411.6,5,2411.8,10,2412.0,10,2412.2,8,2412.4,2,2411.6
IH2408,,13:44:26.800#,2434.2,2438.0,2410.2,2677.4,2190.6,19266,32404,2410.4,8,2410.6,10,2410.8,3,2411.0,5,2411.2,3,2411.6,6,2411.8,10,2412.0,10,2412.2,8,2412.4,2,2411.6
IH2408,,13:44:28.300#,2434.2,2438.0,2410.2,2677.4,2190.6,19267,32404,2410.4,8,2410.6,10,2410.8,3,2411.0,5,2411.2,3,2411.6,5,2411.8,10,2412.0,10,2412.2,8,2412.4,2,2411.6
IH2408,,13:44:29.300#,2434.2,2438.0,2410.2,2677.4,2190.6,19268,32403,2410.4,8,2410.6,10,2410.8,3,2411.0,5,2411.2,2,2411.6,5,2411.8,10,2412.0,10,2412.2,8,2412.4,2,2411.2
IH2408,,13:44:29.800#,2434.2,2438.0,2410.2,2677.4,2190.6,19268,32403,2410.4,8,2410.6,10,2410.8,3,2411.0,5,2411.2,2,2411.6,5,2411.8,11,2412.0,10,2412.2,8,2412.4,2,2411.2
IH2408,,13:44:30.800#,2434.2,2438.0,2410.2,2677.4,2190.6,19269,32402,2410.4,8,2410.6,10,2410.8,2,2411.0,5,2411.2,3,2411.6,5,2411.8,11,2412.0,10,2412.2,8,2412.4,2,2411.2
IH2408,,13:44:31.300#,2434.2,2438.0,2410.2,2677.4,2190.6,19271,32402,2410.4,8,2410.6,10,2410.8,2,2411.0,4,2411.2,3,2411.6,3,2411.8,11,2412.0,10,2412.2,8,2412.4,2,2411.6
IH2408,,13:44:32.300#,2434.2,2438.0,2410.2,2677.4,2190.6,19271,32402,2410.4,8,2410.6,10,2410.8,2,2411.0,4,2411.2,4,2411.6,4,2411.8,12,2412.0,10,2412.2,8,2412.4,2,2411.6
IH2408,,13:44:32.800#,2434.2,2438.0,2410.2,2677.4,2190.6,19271,32402,2410.6,10,2410.8,2,2411.0,4,2411.2,4,2411.4,1,2411.6,4,2411.8,12,2412.0,10,2412.2,8,2412.4,2,2411.6
IH2408,,13:44:33.300#,2434.2,2438.0,2410.2,2677.4,2190.6,19274,32402,2410.4,8,2410.6,10,2410.8,2,2411.0,2,2411.2,3,2411.6,3,2411.8,13,2412.0,10,2412.2,8,2412.4,2,2411.2
IH2408,,13:44:33.800#,2434.2,2438.0,2410.2,2677.4,2190.6,19275,32402,2410.6,10,2410.8,2,2411.0,2,2411.2,4,2411.4,1,2411.6,2,2411.8,13,2412.0,10,2412.2,8,2412.4,2,2411.6
IH2408,,13:44:34.300#,2434.2,2438.0,2410.2,2677.4,2190.6,19275,32402,2410.6,10,2410.8,3,2411.0,1,2411.2,4,2411.4,1,2411.6,2,2411.8,13,2412.0,10,2412.2,8,2412.4,2,2411.6
IH2408,,13:44:34.800#,2434.2,2438.0,2410.2,2677.4,2190.6,19276,32402,2410.6,10,2410.8,5,2411.0,1,2411.2,4,2411.4,2,2411.6,1,2411.8,13,2412.0,10,2412.2,8,2412.4,2,2411.6
IH2408,,13:44:37.300#,2434.2,2438.0,2410.2,2677.4,2190.6,19276,32402,2410.6,10,2410.8,5,2411.0,1,2411.2,4,2411.4,2,2411.6,2,2411.8,13,2412.0,10,2412.2,8,2412.4,2,2411.6
IH2408,,13:44:37.800#,2434.2,2438.0,2410.2,2677.4,2190.6,19278,32402,2410.6,10,2410.8,5,2411.0,2,2411.2,4,2411.4,2,2411.8,13,2412.0,10,2412.2,8,2412.4,2,2412.6,8,2411.6
IH2408,,13:44:39.300#,2434.2,2438.0,2410.2,2677.4,2190.6,19278,32402,2410.6,10,2410.8,5,2411.0,2,2411.2,4,2411.4,2,2411.6,2,2411.8,13,2412.0,10,2412.2,8,2412.4,2,2411.6
IH2408,,13:44:39.800#,2434.2,2438.0,2410.2,2677.4,2190.6,19278,32402,2410.6,10,2410.8,5,2411.0,2,2411.2,4,2411.4,3,2411.6,2,2411.8,13,2412.0,10,2412.2,8,2412.4,2,2411.6
IH2408,,13:44:40.300#,2434.2,2438.0,2410.2,2677.4,2190.6,19279,32403,2410.6,10,2410.8,5,2411.0,2,2411.2,4,2411.4,3,2411.6,1,2411.8,13,2412.0,10,2412.2,8,2412.4,2,2411.6
IH2408,,13:44:41.300#,2434.2,2438.0,2410.2,2677.4,2190.6,19279,32403,2410.6,10,2410.8,5,2411.0,1,2411.2,4,2411.4,3,2411.6,3,2411.8,13,2412.0,10,2412.2,8,2412.4,2,2411.6
IH2408,,13:44:41.800#,2434.2,2438.0,2410.2,2677.4,2190.6,19281,32402,2410.6,10,2410.8,5,2411.0,1,2411.2,4,2411.4,2,2411.6,1,2411.8,13,2412.0,10,2412.2,8,2412.4,2,2411.6
IH2408,,13:44:42.300#,2434.2,2438.0,2410.2,2677.4,2190.6,19281,32402,2410.6,10,2410.8,5,2411.0,1,2411.2,4,2411.4,2,2411.6,2,2411.8,13,2412.0,10,2412.2,8,2412.4,2,2411.6
IH2408,,13:44:43.800#,2434.2,2438.0,2410.2,2677.4,2190.6,19282,32401,2410.6,10,2410.8,5,2411.0,1,2411.2,4,2411.4,2,2411.6,1,2411.8,13,2412.0,10,2412.2,8,2412.4,2,2411.6
IH2408,,13:44:44.300#,2434.2,2438.0,2410.2,2677.4,2190.6,19283,32400,2410.6,10,2410.8,5,2411.0,1,2411.2,4,2411.4,2,2411.8,13,2412.0,10,2412.2,8,2412.4,2,2412.6,8,2411.6
IH2408,,13:44:47.300#,2434.2,2438.0,2410.2,2677.4,2190.6,19284,32399,2410.6,10,2410.8,5,2411.0,1,2411.2,4,2411.4,2,2411.8,12,2412.0,10,2412.2,8,2412.4,2,2412.6,9,2411.8
IH2408,,13:44:47.800#,2434.2,2438.0,2410.2,2677.4,2190.6,19286,32397,2410.6,10,2410.8,5,2411.0,1,2411.2,4,2411.4,3,2411.8,10,2412.0,10,2412.2,8,2412.4,2,2412.6,9,2411.8
IH2408,,13:44:48.300#,2434.2,2438.0,2410.2,2677.4,2190.6,19286,32397,2410.6,11,2410.8,5,2411.0,1,2411.2,4,2411.4,3,2411.8,11,2412.0,8,2412.2,8,2412.4,2,2412.6,9,2411.8
IH2408,,13:44:49.800#,2434.2,2438.0,2410.2,2677.4,2190.6,19288,32398,2410.6,11,2410.8,5,2411.0,1,2411.2,4,2411.4,3,2411.8,9,2412.0,8,2412.2,8,2412.4,2,2412.6,9,2411.8
IH2408,,13:44:50.300#,2434.2,2438.0,2410.2,2677.4,2190.6,19289,32397,2410.6,11,2410.8,5,2411.0,1,2411.2,4,2411.4,3,2411.8,8,2412.0,8,2412.2,8,2412.4,2,2412.6,9,2411.8
IH2408,,13:44:51.800#,2434.2,2438.0,2410.2,2677.4,2190.6,19289,32397,2410.6,12,2410.8,5,2411.0,1,2411.2,4,2411.4,3,2411.8,8,2412.0,8,2412.2,8,2412.4,2,2412.6,9,2411.8
IH2408,,13:44:52.800#,2434.2,2438.0,2410.2,2677.4,2190.6,19290,32397,2410.6,12,2410.8,5,2411.0,1,2411.2,4,2411.4,2,2411.8,8,2412.0,8,2412.2,8,2412.4,2,2412.6,9,2411.4
IH2408,,13:44:53.300#,2434.2,2438.0,2410.2,2677.4,2190.6,19293,32396,2410.6,12,2410.8,5,2411.0,1,2411.2,4,2411.4,2,2411.8,5,2412.0,8,2412.2,8,2412.4,2,2412.6,9,2411.8
IH2408,,13:44:53.800#,2434.2,2438.0,2410.2,2677.4,2190.6,19293,32396,2410.8,5,2411.0,1,2411.2,4,2411.4,2,2411.6,3,2411.8,5,2412.0,8,2412.2,8,2412.4,2,2412.6,9,2411.8
IH2408,,13:44:54.300#,2434.2,2438.0,2410.2,2677.4,2190.6,19293,32396,2410.8,5,2411.0,1,2411.2,3,2411.4,5,2411.6,4,2411.8,5,2412.0,8,2412.2,8,2412.4,2,2412.6,9,2411.8
IH2408,,13:44:54.800#,2434.2,2438.0,2410.2,2677.4,2190.6,19294,32396,2410.8,5,2411.0,1,2411.2,3,2411.4,5,2411.6,5,2411.8,4,2412.0,8,2412.2,8,2412.4,2,2412.6,9,2411.8
IH2408,,13:44:55.300#,2434.2,2438.0,2410.2,2677.4,2190.6,19298,32397,2411.0,1,2411.2,3,2411.4,5,2411.6,3,2411.8,1,2412.0,10,2412.2,5,2412.4,2,2412.6,9,2412.8,5,2411.8
IH2408,,13:44:55.800#,2434.2,2438.0,2410.2,2677.4,2190.6,19298,32397,2411.0,1,2411.2,3,2411.4,5,2411.6,3,2411.8,1,2412.0,8,2412.2,5,2412.4,2,2412.6,9,2412.8,5,2411.8
IH2408,,13:44:56.300#,2434.2,2438.0,2410.2,2677.4,2190.6,19300,32397,2411.0,1,2411.2,3,2411.4,5,2411.6,3,2411.8,1,2412.0,6,2412.2,5,2412.4,2,2412.6,9,2412.8,5,2412.0
IH2408,,13:44:57.300#,2434.2,2438.0,2410.2,2677.4,2190.6,19301,32396,2410.8,5,2411.0,1,2411.2,3,2411.4,5,2411.6,2,2412.0,6,2412.2,5,2412.4,2,2412.6,9,2412.8,5,2411.6
IH2408,,13:44:58.300#,2434.2,2438.0,2410.2,2677.4,2190.6,19301,32396,2410.8,5,2411.0,1,2411.2,3,2411.4,5,2411.6,3,2412.0,6,2412.2,5,2412.4,2,2412.6,9,2412.8,5,2411.6
IH2408,,13:44:59.300#,2434.2,2438.0,2410.2,2677.4,2190.6,19302,32396,2410.8,5,2411.0,1,2411.2,3,2411.4,5,2411.6,3,2412.0,5,2412.2,5,2412.4,2,2412.6,9,2412.8,5,2412.0
IH2408,,13:45:00.800#,2434.2,2438.0,2410.2,2677.4,2190.6,19303,32396,2410.8,5,2411.0,1,2411.2,1,2411.4,5,2411.6,5,2412.0,4,2412.2,5,2412.4,2,2412.6,9,2412.8,5,2412.0
IH2408,,13:45:01.300#,2434.2,2438.0,2410.2,2677.4,2190.6,19303,32396,2410.8,5,2411.0,1,2411.2,1,2411.4,5,2411.6,5,2411.8,1,2412.0,4,2412.2,5,2412.4,2,2412.6,10,2412.0
IH2408,,13:45:01.800#,2434.2,2438.0,2410.2,2677.4,2190.6,19304,32397,2410.8,5,2411.0,1,2411.2,1,2411.4,5,2411.6,5,2411.8,2,2412.0,4,2412.2,5,2412.4,2,2412.6,10,2411.8
IH2408,,13:45:02.300#,2434.2,2438.0,2410.2,2677.4,2190.6,19305,32398,2410.8,5,2411.0,1,2411.2,1,2411.4,5,2411.6,5,2411.8,1,2412.0,4,2412.2,5,2412.4,2,2412.6,10,2411.8
IH2408,,13:45:02.800#,2434.2,2438.0,2410.2,2677.4,2190.6,19307,32396,2410.8,5,2411.0,1,2411.2,1,2411.4,5,2411.6,5,2411.8,1,2412.0,4,2412.2,5,2412.4,2,2412.6,10,2411.8
IH2408,,13:45:03.300#,2434.2,2438.0,2410.2,2677.4,2190.6,19308,32395,2410.8,5,2411.0,1,2411.2,1,2411.4,6,2411.6,5,2412.0,4,2412.2,5,2412.4,2,2412.6,10,2412.8,5,2411.8
IH2408,,13:45:03.800#,2434.2,2438.0,2410.2,2677.4,2190.6,19309,32394,2411.0,1,2411.2,1,2411.4,6,2411.6,5,2411.8,1,2412.0,4,2412.2,5,2412.4,2,2412.6,10,2412.8,5,2412.0
IH2408,,13:45:04.300#,2434.2,2438.0,2410.2,2677.4,2190.6,19310,32394,2410.6,12,2410.8,5,2411.0,1,2411.4,6,2411.6,6,2412.0,4,2412.2,5,2412.4,2,2412.6,10,2412.8,5,2411.8
IH2408,,13:45:04.800#,2434.2,2438.0,2410.2,2677.4,2190.6,19310,32394,2410.6,12,2410.8,6,2411.0,1,2411.4,6,2411.6,6,2412.0,4,2412.2,5,2412.4,2,2412.6,10,2412.8,5,2411.8
IH2408,,13:45:05.300#,2434.2,2438.0,2410.2,2677.4,2190.6,19310,32394,2410.6,12,2410.8,5,2411.0,2,2411.4,6,2411.6,6,2412.0,4,2412.2,5,2412.4,2,2412.6,10,2412.8,5,2411.8
IH2408,,13:45:05.800#,2434.2,2438.0,2410.2,2677.4,2190.6,19311,32393,2410.6,12,2410.8,3,2411.0,3,2411.4,6,2411.6,5,2412.0,4,2412.2,5,2412.4,2,2412.6,10,2412.8,5,2411.6
IH2408,,13:45:06.300#,2434.2,2438.0,2410.2,2677.4,2190.6,19312,32394,2410.6,12,2410.8,3,2411.0,4,2411.4,6,2411.6,5,2412.0,3,2412.2,5,2412.4,2,2412.6,10,2412.8,5,2412.0
IH2408,,13:45:06.800#,2434.2,2438.0,2410.2,2677.4,2190.6,19312,32394,2410.6,12,2410.8,3,2411.0,6,2411.4,6,2411.6,5,2411.8,1,2412.0,3,2412.2,5,2412.4,2,2412.6,10,2412.0
IH2408,,13:45:08.300#,2434.2,2438.0,2410.2,2677.4,2190.6,19313,32394,2410.6,12,2410.8,3,2411.0,6,2411.4,6,2411.6,5,2412.0,3,2412.2,5,2412.4,2,2412.6,10,2412.8,5,2411.8
IH2408,,13:45:08.800#,2434.2,2438.0,2410.2,2677.4,2190.6,19313,32394,2410.6,12,2410.8,3,2411.0,6,2411.4,6,2411.6,5,2412.0,4,2412.2,5,2412.4,3,2412.6,10,2412.8,5,2411.8
IH2408,,13:45:09.300#,2434.2,2438.0,2410.2,2677.4,2190.6,19314,32395,2410.6,12,2410.8,3,2411.0,6,2411.4,6,2411.6,5,2412.0,3,2412.2,5,2412.4,3,2412.6,10,2412.8,5,2412.0
IH2408,,13:45:09.800#,2434.2,2438.0,2410.2,2677.4,2190.6,19314,32395,2410.6,12,2410.8,3,2411.0,6,2411.4,6,2411.6,5,2412.0,3,2412.2,6,2412.4,3,2412.6,10,2412.8,5,2412.0
IH2408,,13:45:10.300#,2434.2,2438.0,2410.2,2677.4,2190.6,19314,32395,2410.8,3,2411.0,6,2411.4,6,2411.6,5,2411.8,1,2412.0,3,2412.2,6,2412.4,3,2412.6,10,2412.8,5,2412.0
IH2408,,13:45:10.800#,2434.2,2438.0,2410.2,2677.4,2190.6,19315,32396,2410.8,3,2411.0,6,2411.4,6,2411.6,5,2411.8,1,2412.0,2,2412.2,6,2412.4,3,2412.6,10,2412.8,5,2412.0
IH2408,,13:45:11.800#,2434.2,2438.0,2410.2,2677.4,2190.6,19316,32396,2410.6,12,2410.8,3,2411.0,6,2411.4,6,2411.6,5,2412.0,3,2412.2,6,2412.4,3,2412.6,10,2412.8,5,2411.8
IH2408,,13:45:12.300#,2434.2,2438.0,2410.2,2677.4,2190.6,19317,32396,2410.6,12,2410.8,3,2411.0,6,2411.4,6,2411.6,5,2412.0,2,2412.2,6,2412.4,3,2412.6,10,2412.8,5,2412.0
IH2408,,13:45:12.800#,2434.2,2438.0,2410.2,2677.4,2190.6,19317,32396,2410.6,12,2410.8,3,2411.0,6,2411.4,5,2411.6,5,2412.0,2,2412.2,6,2412.4,3,2412.6,10,2412.8,5,2412.0
IH2408,,13:45:13.300#,2434.2,2438.0,2410.2,2677.4,2190.6,19317,32396,2410.6,12,2410.8,3,2411.0,7,2411.4,5,2411.6,5,2411.8,1,2412.0,2,2412.2,6,2412.4,3,2412.6,10,2412.0
IH2408,,13:45:13.800#,2434.2,2438.0,2410.2,2677.4,2190.6,19317,32396,2410.6,12,2410.8,3,2411.0,7,2411.4,5,2411.6,5,2411.8,2,2412.0,2,2412.2,6,2412.4,3,2412.6,10,2412.0
IH2408,,13:45:14.300#,2434.2,2438.0,2410.2,2677.4,2190.6,19321,32399,2410.6,12,2410.8,3,2411.0,7,2411.4,2,2411.6,1,2411.8,2,2412.0,2,2412.2,9,2412.4,3,2412.6,10,2411.6
IH2408,,13:45:14.800#,2434.2,2438.0,2410.2,2677.4,2190.6,19323,32401,2410.4,7,2410.6,12,2410.8,3,2411.0,7,2411.4,2,2411.8,1,2412.0,2,2412.2,9,2412.4,3,2412.6,10,2411.6
IH2408,,13:45:15.300#,2434.2,2438.0,2410.2,2677.4,2190.6,19324,32401,2410.6,11,2410.8,3,2411.0,7,2411.4,2,2411.6,1,2412.0,2,2412.2,9,2412.4,3,2412.6,10,2412.8,5,2411.8
IH2408,,13:45:15.800#,2434.2,2438.0,2410.2,2677.4,2190.6,19324,32401,2410.6,11,2410.8,3,2411.0,7,2411.4,2,2411.6,1,2411.8,1,2412.0,2,2412.2,9,2412.4,3,2412.6,10,2411.8
IH2408,,13:45:16.300#,2434.2,2438.0,2410.2,2677.4,2190.6,19324,32401,2410.6,11,2410.8,3,2411.0,7,2411.4,2,2411.6,1,2411.8,2,2412.0,2,2412.2,9,2412.4,3,2412.6,10,2411.8
IH2408,,13:45:18.300#,2434.2,2438.0,2410.2,2677.4,2190.6,19325,32402,2410.6,11,2410.8,3,2411.0,7,2411.4,2,2411.6,1,2411.8,1,2412.0,2,2412.2,9,2412.4,3,2412.6,10,2411.8
IH2408,,13:45:18.800#,2434.2,2438.0,2410.2,2677.4,2190.6,19325,32402,2410.6,11,2410.8,3,2411.0,7,2411.4,2,2411.6,2,2411.8,1,2412.0,2,2412.2,9,2412.4,3,2412.6,10,2411.8
IH2408,,13:45:19.300#,2434.2,2438.0,2410.2,2677.4,2190.6,19327,32403,2410.4,8,2410.6,11,2410.8,3,2411.0,7,2411.4,2,2411.8,1,2412.0,2,2412.2,9,2412.4,3,2412.6,10,2411.6
IH2408,,13:45:19.800#,2434.2,2438.0,2410.2,2677.4,2190.6,19328,32403,2410.4,8,2410.6,11,2410.8,3,2411.0,7,2411.4,1,2411.8,1,2412.0,2,2412.2,9,2412.4,3,2412.6,10,2411.4
IH2408,,13:45:20.300#,2434.2,2438.0,2410.2,2677.4,2190.6,19328,32403,2410.4,8,2410.6,11,2410.8,3,2411.0,7,2411.4,1,2411.6,2,2411.8,2,2412.0,2,2412.2,9,2412.4,3,2411.4
IH2408,,13:45:21.300#,2434.2,2438.0,2410.2,2677.4,2190.6,19329,32404,2410.4,8,2410.6,11,2410.8,3,2411.0,7,2411.4,1,2411.6,1,2411.8,2,2412.0,2,2412.2,9,2412.4,3,2411.6
IH2408,,13:45:21.800#,2434.2,2438.0,2410.2,2677.4,2190.6,19329,32404,2410.4,7,2410.6,11,2410.8,3,2411.0,7,2411.4,1,2411.6,1,2411.8,2,2412.0,2,2412.2,9,2412.4,3,2411.6
IH2408,,13:45:22.300#,2434.2,2438.0,2410.2,2677.4,2190.6,19329,32404,2410.2,5,2410.4,6,2410.6,11,2410.8,3,2411.0,7,2411.6,2,2411.8,2,2412.0,2,2412.2,9,2412.4,3,2411.6
IH2408,,13:45:22.800#,2434.2,2438.0,2410.2,2677.4,2190.6,19329,32404,2410.4,6,2410.6,11,2410.8,5,2411.0,8,2411.2,3,2411.4,3,2411.6,3,2411.8,2,2412.0,2,2412.2,9,2411.6
IH2408,,13:45:23.300#,2434.2,2438.0,2410.2,2677.4,2190.6,19331,32405,2410.6,11,2410.8,5,2411.0,9,2411.2,3,2411.4,1,2411.6,2,2411.8,2,2412.0,2,2412.2,9,2412.4,3,2411.6
IH2408,,13:45:24.300#,2434.2,2438.0,2410.2,2677.4,2190.6,19332,32406,2410.6,11,2410.8,5,2411.0,9,2411.2,5,2411.4,1,2411.6,1,2411.8,2,2412.0,2,2412.2,9,2412.4,3,2411.6
IH2408,,13:45:24.800#,2434.2,2438.0,2410.2,2677.4,2190.6,19333,32407,2410.4,6,2410.6,11,2410.8,5,2411.0,9,2411.2,5,2411.6,1,2411.8,2,2412.0,2,2412.2,9,2412.4,3,2411.4
IH2408,,13:45:25.300#,2434.2,2438.0,2410.2,2677.4,2190.6,19333,32407,2410.6,11,2410.8,5,2411.0,9,2411.2,5,2411.4,1,2411.6,1,2411.8,2,2412.0,2,2412.2,9,2412.4,3,2411.4
IH2408,,13:45:25.800#,2434.2,2438.0,2410.2,2677.4,2190.6,19335,32408,2410.6,11,2410.8,5,2411.0,9,2411.2,5,2411.4,1,2411.8,2,2412.0,2,2412.2,9,2412.4,3,2412.6,10,2411.6
IH2408,,13:45:26.800#,2434.2,2438.0,2410.2,2677.4,2190.6,19335,32408,2410.6,11,2410.8,5,2411.0,9,2411.2,5,2411.4,1,2411.6,2,2411.8,2,2412.0,2,2412.2,9,2412.4,3,2411.6
IH2408,,13:45:28.300#,2434.2,2438.0,2410.2,2677.4,2190.6,19336,32409,2410.6,11,2410.8,5,2411.0,9,2411.2,5,2411.4,1,2411.6,1,2411.8,2,2412.0,2,2412.2,9,2412.4,3,2411.6
IH2408,,13:45:29.300#,2434.2,2438.0,2410.2,2677.4,2190.6,19336,32409,2410.6,10,2410.8,7,2411.0,9,2411.2,5,2411.4,1,2411.6,1,2411.8,2,2412.0,2,2412.2,9,2412.4,3,2411.6
IH2408,,13:45:29.800#,2434.2,2438.0,2410.2,2677.4,2190.6,19336,32409,2410.6,10,2410.8,7,2411.0,9,2411.2,5,2411.4,1,2411.6,2,2411.8,2,2412.0,2,2412.2,9,2412.4,3,2411.6
IH2408,,13:45:30.300#,2434.2,2438.0,2410.2,2677.4,2190.6,19336,32409,2410.6,10,2410.8,7,2411.0,9,2411.2,5,2411.4,1,2411.6,3,2411.8,2,2412.0,1,2412.2,9,2412.4,3,2411.6
IH2408,,13:45:30.800#,2434.2,2438.0,2410.2,2677.4,2190.6,19336,32409,2410.6,10,2410.8,7,2411.0,9,2411.2,5,2411.4,2,2411.6,3,2411.8,2,2412.0,1,2412.2,9,2412.4,3,2411.6
IH2408,,13:45:31.300#,2434.2,2438.0,2410.2,2677.4,2190.6,19337,32410,2410.6,10,2410.8,7,2411.0,9,2411.2,5,2411.4,2,2411.6,2,2411.8,2,2412.0,1,2412.2,9,2412.4,3,2411.6
IH2408,,13:45:32.300#,2434.2,2438.0,2410.2,2677.4,2190.6,19337,32410,2410.6,10,2410.8,7,2411.0,9,2411.2,5,2411.4,3,2411.6,2,2411.8,2,2412.0,1,2412.2,9,2412.4,3,2411.6
IH2408,,13:45:33.800#,2434.2,2438.0,2410.2,2677.4,2190.6,19338,32411,2410.6,10,2410.8,7,2411.0,9,2411.2,5,2411.4,2,2411.6,2,2411.8,2,2412.0,1,2412.2,9,2412.4,3,2411.4
IH2408,,13:45:34.300#,2434.2,2438.0,2410.2,2677.4,2190.6,19339,32411,2410.6,9,2410.8,7,2411.0,9,2411.2,5,2411.4,2,2411.6,1,2411.8,2,2412.0,1,2412.2,9,2412.4,3,2411.6
IH2408,,13:45:35.800#,2434.2,2438.0,2410.2,2677.4,2190.6,19341,32411,2410.6,9,2410.8,7,2411.0,9,2411.2,5,2411.4,1,2411.8,2,2412.0,1,2412.2,9,2412.4,3,2412.6,10,2411.4
IH2408,,13:45:36.300#,2434.2,2438.0,2410.2,2677.4,2190.6,19341,32411,2410.6,9,2410.8,7,2411.0,9,2411.2,5,2411.4,1,2411.6,2,2411.8,2,2412.0,1,2412.2,9,2412.4,3,2411.4
IH2408,,13:45:36.800#,2434.2,2438.0,2410.2,2677.4,2190.6,19341,32411,2410.6,9,2410.8,7,2411.0,9,2411.2,5,2411.4,1,2411.6,1,2411.8,2,2412.0,1,2412.2,9,2412.4,3,2411.4
IH2408,,13:45:37.300#,2434.2,2438.0,2410.2,2677.4,2190.6,19341,32411,2410.6,9,2410.8,7,2411.0,10,2411.2,5,2411.4,1,2411.6,1,2411.8,2,2412.0,1,2412.2,9,2412.4,3,2411.4
IH2408,,13:45:37.800#,2434.2,2438.0,2410.2,2677.4,2190.6,19342,32412,2410.6,9,2410.8,7,2411.0,10,2411.2,5,2411.4,1,2411.8,2,2412.0,1,2412.2,9,2412.4,3,2412.6,10,2411.6
IH2408,,13:45:39.800#,2434.2,2438.0,2410.2,2677.4,2190.6,19343,32413,2410.4,6,2410.6,9,2410.8,7,2411.0,10,2411.2,5,2411.4,1,2411.8,2,2412.0,1,2412.2,9,2412.4,3,2411.4
IH2408,,13:45:40.300#,2434.2,2438.0,2410.2,2677.4,2190.6,19349,32418,2410.6,9,2410.8,7,2411.0,10,2411.2,6,2411.4,1,2411.8,2,2412.0,1,2412.2,9,2412.4,3,2412.6,10,2411.4
IH2408,,13:45:40.800#,2434.2,2438.0,2410.2,2677.4,2190.6,19350,32419,2410.6,9,2410.8,7,2411.0,10,2411.2,6,2411.4,1,2411.6,1,2411.8,1,2412.0,1,2412.2,9,2412.4,3,2411.8
IH2408,,13:45:41.300#,2434.2,2438.0,2410.2,2677.4,2190.6,19350,32419,2410.4,6,2410.6,9,2410.8,7,2411.0,10,2411.2,6,2411.6,1,2411.8,1,2412.0,1,2412.2,9,2412.4,3,2411.8
IH2408,,13:45:43.300#,2434.2,2438.0,2410.2,2677.4,2190.6,19350,32419,2410.4,6,2410.6,9,2410.8,7,2411.0,10,2411.2,5,2411.6,1,2411.8,1,2412.0,1,2412.2,9,2412.4,3,2411.8
IH2408,,13:45:43.800#,2434.2,2438.0,2410.2,2677.4,2190.6,19351,32420,2410.6,9,2410.8,7,2411.0,11,2411.2,5,2411.6,1,2411.8,1,2412.0,1,2412.2,9,2412.4,3,2412.6,10,2411.6
IH2408,,13:45:44.300#,2434.2,2438.0,2410.2,2677.4,2190.6,19352,32420,2410.4,6,2410.6,9,2410.8,7,2411.0,11,2411.2,5,2411.6,4,2411.8,2,2412.0,2,2412.2,9,2412.4,3,2411.6
IH2408,,13:45:44.800#,2434.2,2438.0,2410.2,2677.4,2190.6,19352,32420,2410.4,6,2410.6,9,2410.8,7,2411.0,11,2411.2,5,2411.6,2,2411.8,2,2412.0,2,2412.2,9,2412.4,3,2411.6
IH2408,,13:45:45.300#,2434.2,2438.0,2410.2,2677.4,2190.6,19352,32420,2410.4,6,2410.6,9,2410.8,7,2411.0,12,2411.2,5,2411.6,2,2411.8,2,2412.0,2,2412.2,9,2412.4,3,2411.6
IH2408,,13:45:45.800#,2434.2,2438.0,2410.2,2677.4,2190.6,19352,32420,2410.4,6,2410.6,10,2410.8,7,2411.0,12,2411.2,5,2411.6,2,2411.8,2,2412.0,2,2412.2,10,2412.4,3,2411.6
IH2408,,13:45:46.300#,2434.2,2438.0,2410.2,2677.4,2190.6,19353,32420,2410.4,6,2410.6,10,2410.8,7,2411.0,12,2411.2,5,2411.4,1,2411.6,2,2411.8,2,2412.0,2,2412.2,10,2411.6
IH2408,,13:45:46.800#,2434.2,2438.0,2410.2,2677.4,2190.6,19359,32423,2410.2,5,2410.4,6,2410.6,10,2410.8,7,2411.0,12,2411.6,2,2411.8,2,2412.0,2,2412.2,10,2412.4,3,2411.4
IH2408,,13:45:47.300#,2434.2,2438.0,2410.2,2677.4,2190.6,19361,32423,2410.2,5,2410.4,6,2410.6,10,2410.8,7,2411.0,11,2411.6,4,2411.8,2,2412.0,2,2412.2,10,2412.4,3,2411.0
IH2408,,13:45:47.800#,2434.2,2438.0,2410.2,2677.4,2190.6,19361,32423,2410.4,6,2410.6,11,2410.8,5,2411.0,10,2411.4,1,2411.6,4,2411.8,2,2412.0,2,2412.2,10,2412.4,3,2411.0
IH2408,,13:45:48.300#,2434.2,2438.0,2410.2,2677.4,2190.6,19362,32423,2410.2,5,2410.4,6,2410.6,11,2410.8,5,2411.0,10,2411.6,4,2411.8,2,2412.0,2,2412.2,10,2412.4,3,2411.4
IH2408,,13:45:48.800#,2434.2,2438.0,2410.2,2677.4,2190.6,19362,32423,2410.4,6,2410.6,11,2410.8,5,2411.0,10,2411.2,4,2411.6,4,2411.8,2,2412.0,2,2412.2,10,2412.4,3,2411.4
IH2408,,13:45:49.300#,2434.2,2438.0,2410.2,2677.4,2190.6,19362,32423,2410.4,6,2410.6,11,2410.8,5,2411.0,10,2411.2,3,2411.6,4,2411.8,2,2412.0,2,2412.2,10,2412.4,3,2411.4
IH2408,,13:45:49.800#,2434.2,2438.0,2410.2,2677.4,2190.6,19363,32424,2410.4,6,2410.6,11,2410.8,5,2411.0,10,2411.2,3,2411.6,3,2411.8,2,2412.0,2,2412.2,10,2412.4,3,2411.6
IH2408,,13:45:50.300#,2434.2,2438.0,2410.2,2677.4,2190.6,19364,32423,2410.4,6,2410.6,11,2410.8,5,2411.0,11,2411.2,2,2411.6,2,2411.8,2,2412.0,2,2412.2,10,2412.4,3,2411.2
IH2408,,13:45:51.800#,2434.2,2438.0,2410.2,2677.4,2190.6,19365,32423,2410.4,6,2410.6,11,2410.8,5,2411.0,11,2411.2,2,2411.6,1,2411.8,2,2412.0,2,2412.2,10,2412.4,3,2411.6
IH2408,,13:45:53.800#,2434.2,2438.0,2410.2,2677.4,2190.6,19366,32423,2410.4,6,2410.6,11,2410.8,5,2411.0,11,2411.2,2,2411.8,2,2412.0,2,2412.2,10,2412.4,3,2412.6,10,2411.6
IH2408,,13:45:54.300#,2434.2,2438.0,2410.2,2677.4,2190.6,19366,32423,2410.4,7,2410.6,11,2410.8,5,2411.0,11,2411.2,3,2411.8,3,2412.0,2,2412.2,10,2412.4,3,2412.6,10,2411.6
IH2408,,13:45:54.800#,2434.2,2438.0,2410.2,2677.4,2190.6,19366,32423,2410.6,11,2410.8,5,2411.0,10,2411.2,3,2411.6,1,2411.8,3,2412.0,2,2412.2,10,2412.4,3,2412.6,10,2411.6
IH2408,,13:45:55.300#,2434.2,2438.0,2410.2,2677.4,2190.6,19367,32424,2410.4,7,2410.6,11,2410.8,5,2411.0,10,2411.2,3,2411.8,2,2412.0,2,2412.2,10,2412.4,3,2412.6,10,2411.6
IH2408,,13:45:55.800#,2434.2,2438.0,2410.2,2677.4,2190.6,19367,32424,2411.0,9,2411.2,3,2411.4,8,2411.6,1,2411.8,1,2412.0,2,2412.2,10,2412.4,3,2412.6,10,2412.8,5,2411.6
IH2408,,13:45:56.300#,2434.2,2438.0,2410.2,2677.4,2190.6,19368,32423,2410.6,11,2410.8,5,2411.0,9,2411.2,4,2411.4,8,2412.0,2,2412.2,7,2412.4,3,2412.6,10,2412.8,5,2411.8
IH2408,,13:45:56.800#,2434.2,2438.0,2410.2,2677.4,2190.6,19369,32424,2410.8,5,2411.0,9,2411.2,3,2411.4,8,2411.6,4,2412.0,1,2412.2,7,2412.4,3,2412.6,10,2412.8,5,2412.0
IH2408,,13:45:57.300#,2434.2,2438.0,2410.2,2677.4,2190.6,19369,32424,2410.8,5,2411.0,9,2411.2,3,2411.4,8,2411.6,4,2411.8,1,2412.0,1,2412.2,7,2412.4,3,2412.6,10,2412.0
IH2408,,13:45:57.800#,2434.2,2438.0,2410.2,2677.4,2190.6,19369,32424,2410.8,5,2411.0,9,2411.2,4,2411.4,8,2411.6,4,2411.8,1,2412.0,1,2412.2,7,2412.4,3,2412.6,10,2412.0
IH2408,,13:45:58.300#,2434.2,2438.0,2410.2,2677.4,2190.6,19373,32426,2410.6,10,2410.8,5,2411.0,9,2411.2,4,2411.4,8,2411.8,1,2412.0,1,2412.2,7,2412.4,3,2412.6,10,2411.6
IH2408,,13:45:58.800#,2434.2,2438.0,2410.2,2677.4,2190.6,19374,32427,2410.8,5,2411.0,9,2411.2,4,2411.4,11,2411.6,2,2412.2,7,2412.4,3,2412.6,10,2412.8,5,2413.0,11,2411.8
IH2408,,13:45:59.300#,2434.2,2438.0,2410.2,2677.4,2190.6,19374,32427,2411.0,9,2411.2,4,2411.4,11,2411.6,2,2411.8,1,2412.0,4,2412.2,9,2412.4,3,2412.6,11,2412.8,5,2411.8
IH2408,,13:45:59.800#,2434.2,2438.0,2410.2,2677.4,2190.6,19375,32427,2411.0,9,2411.2,4,2411.4,11,2411.6,2,2411.8,1,2412.0,1,2412.2,8,2412.4,3,2412.6,11,2412.8,5,2412.0
IH2408,,13:46:00.300#,2434.2,2438.0,2410.2,2677.4,2190.6,19376,32427,2410.8,5,2411.0,8,2411.2,5,2411.4,11,2411.6,2,2412.0,1,2412.2,7,2412.4,3,2412.6,11,2412.8,5,2411.8
IH2408,,13:46:00.800#,2434.2,2438.0,2410.2,2677.4,2190.6,19376,32427,2410.8,5,2411.0,8,2411.2,5,2411.4,11,2411.6,2,2412.0,2,2412.2,7,2412.4,3,2412.6,11,2412.8,5,2411.8
IH2408,,13:46:01.300#,2434.2,2438.0,2410.2,2677.4,2190.6,19377,32428,2410.8,5,2411.0,8,2411.2,5,2411.4,11,2411.6,1,2412.0,1,2412.2,7,2412.4,3,2412.6,11,2412.8,5,2411.6
IH2408,,13:46:01.800#,2434.2,2438.0,2410.2,2677.4,2190.6,19377,32428,2410.8,5,2411.0,8,2411.2,5,2411.4,12,2411.6,2,2412.0,1,2412.2,7,2412.4,3,2412.6,11,2412.8,5,2411.6
IH2408,,13:46:02.300#,2434.2,2438.0,2410.2,2677.4,2190.6,19378,32429,2410.8,5,2411.0,8,2411.2,5,2411.4,12,2411.6,2,2412.0,1,2412.2,7,2412.4,3,2412.6,11,2412.8,5,2411.8
IH2408,,13:46:03.300#,2434.2,2438.0,2410.2,2677.4,2190.6,19380,32430,2410.6,10,2410.8,5,2411.0,8,2411.2,5,2411.4,12,2411.6,2,2412.0,1,2412.2,7,2412.4,3,2412.6,11,2411.6
IH2408,,13:46:03.800#,2434.2,2438.0,2410.2,2677.4,2190.6,19382,32432,2410.8,5,2411.0,8,2411.2,5,2411.4,13,2411.6,6,2412.0,1,2412.2,7,2412.4,3,2412.6,11,2412.8,5,2411.6
IH2408,,13:46:04.300#,2434.2,2438.0,2410.2,2677.4,2190.6,19383,32433,2410.8,5,2411.0,8,2411.2,5,2411.4,13,2411.6,6,2412.0,3,2412.2,7,2412.4,3,2412.6,11,2412.8,5,2412.0
IH2408,,13:46:04.800#,2434.2,2438.0,2410.2,2677.4,2190.6,19383,32433,2410.8,5,2411.0,8,2411.2,5,2411.4,12,2411.6,4,2412.0,2,2412.2,7,2412.4,3,2412.6,11,2412.8,5,2412.0
IH2408,,13:46:05.300#,2434.2,2438.0,2410.2,2677.4,2190.6,19384,32433,2410.8,5,2411.0,8,2411.2,5,2411.4,12,2411.6,4,2412.0,1,2412.2,7,2412.4,3,2412.6,11,2412.8,5,2412.0
IH2408,,13:46:05.800#,2434.2,2438.0,2410.2,2677.4,2190.6,19384,32433,2410.8,5,2411.0,8,2411.2,5,2411.4,12,2411.6,4,2412.0,2,2412.2,7,2412.4,3,2412.6,11,2412.8,5,2412.0
IH2408,,13:46:06.300#,2434.2,2438.0,2410.2,2677.4,2190.6,19385,32434,2410.8,5,2411.0,8,2411.2,5,2411.4,12,2411.6,3,2412.0,2,2412.2,7,2412.4,3,2412.6,11,2412.8,5,2411.6
IH2408,,13:46:07.800#,2434.2,2438.0,2410.2,2677.4,2190.6,19385,32434,2410.8,5,2411.0,8,2411.2,5,2411.4,10,2411.6,3,2411.8,8,2412.0,2,2412.2,10,2412.4,3,2412.6,11,2411.6
IH2408,,13:46:08.300#,2434.2,2438.0,2410.2,2677.4,2190.6,19388,32435,2410.8,5,2411.0,8,2411.2,5,2411.4,7,2411.6,1,2411.8,7,2412.0,2,2412.2,10,2412.4,3,2412.6,11,2411.8
IH2408,,13:46:08.800#,2434.2,2438.0,2410.2,2677.4,2190.6,19388,32435,2410.8,5,2411.0,8,2411.2,5,2411.4,6,2411.6,1,2411.8,7,2412.0,2,2412.2,10,2412.4,3,2412.6,11,2411.8
IH2408,,13:46:09.300#,2434.2,2438.0,2410.2,2677.4,2190.6,19390,32434,2410.6,10,2410.8,5,2411.0,8,2411.2,5,2411.4,5,2411.8,7,2412.0,2,2412.2,10,2412.4,3,2412.6,11,2411.6
IH2408,,13:46:09.800#,2434.2,2438.0,2410.2,2677.4,2190.6,19390,32434,2410.6,10,2410.8,5,2411.0,8,2411.2,4,2411.4,1,2411.6,2,2411.8,8,2412.0,2,2412.2,9,2412.4,3,2411.6
IH2408,,13:46:10.300#,2434.2,2438.0,2410.2,2677.4,2190.6,19391,32435,2410.4,8,2410.6,10,2410.8,5,2411.0,8,2411.2,3,2411.6,1,2411.8,8,2412.0,2,2412.2,9,2412.4,3,2411.4
IH2408,,13:46:11.300#,2434.2,2438.0,2410.2,2677.4,2190.6,19392,32435,2410.4,8,2410.6,10,2410.8,5,2411.0,8,2411.2,3,2411.8,8,2412.0,2,2412.2,9,2412.4,3,2412.6,11,2411.6
IH2408,,13:46:11.800#,2434.2,2438.0,2410.2,2677.4,2190.6,19393,32436,2410.4,8,2410.6,10,2410.8,5,2411.0,8,2411.2,3,2411.8,9,2412.0,2,2412.2,9,2412.4,3,2412.6,11,2411.2
IH2408,,13:46:12.800#,2434.2,2438.0,2410.2,2677.4,2190.6,19393,32436,2410.6,10,2410.8,5,2411.0,8,2411.2,3,2411.4,2,2411.8,9,2412.0,2,2412.2,9,2412.4,3,2412.6,11,2411.2
IH2408,,13:46:13.300#,2434.2,2438.0,2410.2,2677.4,2190.6,19393,32436,2410.4,8,2410.6,10,2410.8,5,2411.0,8,2411.2,3,2411.8,9,2412.0,2,2412.2,9,2412.4,3,2412.6,11,2411.2
IH2408,,13:46:13.800#,2434.2,2438.0,2410.2,2677.4,2190.6,19393,32436,2410.4,8,2410.6,10,2410.8,5,2411.0,8,2411.2,3,2411.8,8,2412.0,2,2412.2,12,2412.4,3,2412.6,11,2411.2
IH2408,,13:46:14.300#,2434.2,2438.0,2410.2,2677.4,2190.6,19393,32436,2410.4,8,2410.6,10,2410.8,5,2411.0,8,2411.2,3,2411.6,1,2411.8,8,2412.0,2,2412.2,12,2412.4,3,2411.2
IH2408,,13:46:15.300#,2434.2,2438.0,2410.2,2677.4,2190.6,19394,32437,2410.4,8,2410.6,10,2410.8,5,2411.0,8,2411.2,3,2411.8,8,2412.0,2,2412.2,12,2412.4,3,2412.6,11,2411.6
IH2408,,13:46:15.800#,2434.2,2438.0,2410.2,2677.4,2190.6,19394,32437,2410.4,8,2410.6,10,2410.8,5,2411.0,8,2411.2,3,2411.8,9,2412.0,2,2412.2,12,2412.4,3,2412.6,11,2411.6
IH2408,,13:46:18.300#,2434.2,2438.0,2410.2,2677.4,2190.6,19395,32438,2410.4,8,2410.6,10,2410.8,5,2411.0,8,2411.2,3,2411.8,8,2412.0,2,2412.2,12,2412.4,3,2412.6,11,2411.8
IH2408,,13:46:20.800#,2434.2,2438.0,2410.2,2677.4,2190.6,19395,32438,2410.6,10,2410.8,5,2411.0,8,2411.2,3,2411.4,5,2411.8,8,2412.0,2,2412.2,12,2412.4,3,2412.6,11,2411.8
IH2408,,13:46:21.300#,2434.2,2438.0,2410.2,2677.4,2190.6,19395,32438,2410.6,10,2410.8,5,2411.0,8,2411.2,3,2411.4,6,2411.8,3,2412.0,2,2412.2,12,2412.4,3,2412.6,11,2411.8
IH2408,,13:46:21.800#,2434.2,2438.0,2410.2,2677.4,2190.6,19396,32439,2410.8,5,2411.0,8,2411.2,3,2411.4,6,2411.6,1,2412.0,1,2412.2,12,2412.4,3,2412.6,11,2412.8,5,2412.0
IH2408,,13:46:22.300#,2434.2,2438.0,2410.2,2677.4,2190.6,19397,32440,2410.6,10,2410.8,5,2411.0,8,2411.2,3,2411.4,6,2411.8,1,2412.0,1,2412.2,12,2412.4,3,2412.6,11,2411.6
IH2408,,13:46:22.800#,2434.2,2438.0,2410.2,2677.4,2190.6,19397,32440,2410.6,10,2410.8,5,2411.0,8,2411.2,3,2411.4,7,2411.8,1,2412.0,1,2412.2,12,2412.4,3,2412.6,11,2411.6
IH2408,,13:46:24.800#,2434.2,2438.0,2410.2,2677.4,2190.6,19398,32441,2410.6,10,2410.8,5,2411.0,8,2411.2,3,2411.4,7,2412.0,1,2412.2,12,2412.4,3,2412.6,11,2412.8,5,2411.8
IH2408,,13:46:25.300#,2434.2,2438.0,2410.2,2677.4,2190.6,19398,32441,2410.6,10,2410.8,5,2411.0,8,2411.2,3,2411.4,7,2411.8,1,2412.0,1,2412.2,12,2412.4,3,2412.6,11,2411.8
IH2408,,13:46:25.800#,2434.2,2438.0,2410.2,2677.4,2190.6,19399,32442,2410.6,10,2410.8,5,2411.0,8,2411.2,3,2411.4,7,2411.8,1,2412.0,1,2412.2,12,2412.4,3,2412.6,12,2411.8
IH2408,,13:46:26.300#,2434.2,2438.0,2410.2,2677.4,2190.6,19399,32442,2410.6,10,2410.8,5,2411.0,8,2411.2,3,2411.4,7,2411.8,1,2412.0,2,2412.2,12,2412.4,3,2412.6,12,2411.8
IH2408,,13:46:27.800#,2434.2,2438.0,2410.2,2677.4,2190.6,19400,32443,2410.6,10,2410.8,5,2411.0,8,2411.2,3,2411.4,7,2412.0,2,2412.2,12,2412.4,3,2412.6,12,2412.8,5,2411.8
IH2408,,13:46:28.300#,2434.2,2438.0,2410.2,2677.4,2190.6,19400,32443,2410.6,10,2410.8,5,2411.0,8,2411.2,4,2411.4,7,2412.0,3,2412.2,12,2412.4,3,2412.6,12,2412.8,5,2411.8
IH2408,,13:46:30.300#,2434.2,2438.0,2410.2,2677.4,2190.6,19401,32444,2410.6,10,2410.8,5,2411.0,8,2411.2,4,2411.4,7,2412.0,3,2412.2,9,2412.4,3,2412.6,12,2412.8,5,2411.8
IH2408,,13:46:30.800#,2434.2,2438.0,2410.2,2677.4,2190.6,19401,32444,2410.6,10,2410.8,5,2411.0,8,2411.2,4,2411.4,7,2411.8,3,2412.0,3,2412.2,9,2412.4,3,2412.6,12,2411.8
IH2408,,13:46:31.300#,2434.2,2438.0,2410.2,2677.4,2190.6,19401,32444,2410.6,10,2410.8,5,2411.0,8,2411.2,4,2411.4,3,2411.8,3,2412.0,3,2412.2,9,2412.4,3,2412.6,12,2411.8
