InstrumentId,ExchangeId,Datetime,OpenPrice,HighestPrice,LowestPrice,UpperLimitPrice,LowerLimitPrice,Volume,OpenInterest,BidPrice5,BidVolume5,BidPrice4,BidVolume4,BidPrice3,BidVolume3,BidPrice2,BidVolume2,BidPrice1,BidVolume1,AskPrice1,AskVolume1,AskPrice2,AskVolume2,AskPrice3,AskVolume3,AskPrice4,AskVolume4,AskPrice5,AskVolume5,LastPrice
IH2412,,13:38:34.800#,2432.4,2436.2,2412.0,2674.0,2188.0,3431,14200,2411.2,4,2411.4,3,2411.6,4,2411.8,6,2412.0,1,2412.4,2,2412.6,4,2412.8,6,2413.0,5,2413.2,2,2412.4
IH2412,,13:38:35.300#,2432.4,2436.2,2412.0,2674.0,2188.0,3431,14200,2411.4,3,2411.6,4,2411.8,6,2412.0,1,2412.2,1,2412.4,2,2412.6,4,2412.8,6,2413.0,5,2413.2,2,2412.4
IH2412,,13:38:35.800#,2432.4,2436.2,2412.0,2674.0,2188.0,3432,14200,2411.2,4,2411.4,3,2411.6,4,2411.8,6,2412.0,1,2412.4,2,2412.6,3,2412.8,6,2413.0,5,2413.2,2,2412.2
IH2412,,13:38:42.300#,2432.4,2436.2,2412.0,2674.0,2188.0,3433,14200,2411.2,4,2411.4,3,2411.6,4,2411.8,6,2412.0,1,2412.4,1,2412.6,3,2412.8,6,2413.0,5,2413.2,2,2412.4
IH2412,,13:38:50.300#,2432.4,2436.2,2412.0,2674.0,2188.0,3433,14200,2411.2,4,2411.4,3,2411.6,4,2411.8,6,2412.0,1,2412.2,1,2412.4,1,2412.6,3,2412.8,6,2413.0,5,2412.4
IH2412,,13:38:50.800#,2432.4,2436.2,2412.0,2674.0,2188.0,3433,14200,2411.2,4,2411.4,3,2411.6,4,2411.8,6,2412.0,1,2412.4,1,2412.6,1,2412.8,6,2413.0,5,2413.2,2,2412.4
IH2412,,13:38:51.300#,2432.4,2436.2,2412.0,2674.0,2188.0,3433,14200,2411.2,4,2411.4,3,2411.6,4,2411.8,6,2412.0,1,2412.4,2,2412.6,1,2412.8,6,2413.0,5,2413.2,2,2412.4
IH2412,,13:38:53.300#,2432.4,2436.2,2412.0,2674.0,2188.0,3433,14200,2411.2,4,2411.4,3,2411.6,4,2411.8,6,2412.0,1,2412.4,1,2412.6,1,2412.8,6,2413.0,5,2413.2,2,2412.4
IH2412,,13:38:53.800#,2432.4,2436.2,2412.0,2674.0,2188.0,3433,14200,2411.2,4,2411.4,3,2411.6,4,2411.8,6,2412.0,1,2412.6,1,2412.8,6,2413.0,5,2413.2,2,2413.8,3,2412.4
IH2412,,13:38:54.300#,2432.4,2436.2,2412.0,2674.0,2188.0,3434,14200,2411.0,3,2411.2,4,2411.4,3,2411.6,4,2411.8,6,2412.6,2,2412.8,6,2413.0,5,2413.2,2,2413.8,3,2412.0
IH2412,,13:38:54.800#,2432.4,2436.2,2412.0,2674.0,2188.0,3434,14200,2411.0,3,2411.2,4,2411.4,3,2411.6,4,2411.8,6,2412.4,1,2412.6,2,2412.8,6,2413.0,5,2413.2,2,2412.0
IH2412,,13:38:55.300#,2432.4,2436.2,2412.0,2674.0,2188.0,3434,14200,2411.2,4,2411.4,3,2411.6,4,2411.8,6,2412.0,1,2412.4,1,2412.6,2,2412.8,6,2413.0,5,2413.2,2,2412.0
IH2412,,13:38:55.800#,2432.4,2436.2,2412.0,2674.0,2188.0,3435,14199,2411.0,3,2411.2,4,2411.4,3,2411.6,4,2411.8,4,2412.4,1,2412.6,2,2412.8,6,2413.0,5,2413.2,2,2412.0
IH2412,,13:38:56.800#,2432.4,2436.2,2412.0,2674.0,2188.0,3435,14199,2411.2,4,2411.4,3,2411.6,6,2411.8,4,2412.0,1,2412.4,1,2412.6,2,2412.8,6,2413.0,5,2413.2,2,2412.0
IH2412,,13:38:57.300#,2432.4,2436.2,2412.0,2674.0,2188.0,3435,14199,2411.2,4,2411.4,3,2411.6,6,2411.8,4,2412.0,1,2412.4,2,2412.6,1,2412.8,6,2413.0,5,2413.2,2,2412.0
IH2412,,13:38:57.800#,2432.4,2436.2,2412.0,2674.0,2188.0,3436,14198,2411.0,3,2411.2,4,2411.4,3,2411.6,6,2411.8,4,2412.2,1,2412.4,2,2412.6,1,2412.8,6,2413.0,5,2412.0
IH2412,,13:38:58.300#,2432.4,2436.2,2412.0,2674.0,2188.0,3436,14198,2411.0,3,2411.2,4,2411.4,3,2411.6,6,2411.8,4,2412.2,2,2412.4,1,2412.8,6,2413.0,5,2413.2,2,2412.0
IH2412,,13:38:59.300#,2432.4,2436.2,2412.0,2674.0,2188.0,3436,14198,2411.0,3,2411.2,4,2411.4,3,2411.6,6,2411.8,4,2412.2,1,2412.4,1,2412.8,6,2413.0,5,2413.2,2,2412.0
IH2412,,13:39:00.300#,2432.4,2436.2,2412.0,2674.0,2188.0,3436,14198,2411.0,3,2411.2,4,2411.4,3,2411.6,6,2411.8,4,2412.4,1,2412.8,6,2413.0,5,2413.2,2,2413.8,3,2412.0
IH2412,,13:39:00.800#,2432.4,2436.2,2412.0,2674.0,2188.0,3436,14198,2411.0,3,2411.2,4,2411.4,3,2411.6,6,2411.8,4,2412.2,1,2412.4,1,2412.8,5,2413.0,5,2413.2,2,2412.0
IH2412,,13:39:01.300#,2432.4,2436.2,2412.0,2674.0,2188.0,3436,14198,2411.0,3,2411.2,4,2411.4,3,2411.6,6,2411.8,4,2412.4,1,2412.8,5,2413.0,5,2413.2,2,2413.8,3,2412.0
IH2412,,13:39:01.800#,2432.4,2436.2,2412.0,2674.0,2188.0,3436,14198,2411.0,3,2411.2,4,2411.4,3,2411.6,6,2411.8,4,2412.4,2,2412.8,5,2413.0,5,2413.2,2,2413.8,3,2412.0
IH2412,,13:39:22.300#,2432.4,2436.2,2412.0,2674.0,2188.0,3436,14198,2411.2,4,2411.4,3,2411.6,6,2411.8,4,2412.0,1,2412.4,2,2412.8,5,2413.0,5,2413.2,2,2413.8,3,2412.0
IH2412,,13:39:23.800#,2432.4,2436.2,2412.0,2674.0,2188.0,3436,14198,2411.0,3,2411.2,4,2411.4,3,2411.6,6,2411.8,4,2412.4,2,2412.8,5,2413.0,5,2413.2,2,2413.8,3,2412.0
IH2412,,13:39:24.300#,2432.4,2436.2,2412.0,2674.0,2188.0,3436,14198,2411.2,4,2411.4,3,2411.6,6,2411.8,4,2412.0,1,2412.4,2,2412.8,5,2413.0,5,2413.2,2,2413.8,3,2412.0
IH2412,,13:39:26.300#,2432.4,2436.2,2412.0,2674.0,2188.0,3436,14198,2411.2,4,2411.4,3,2411.6,6,2411.8,4,2412.0,1,2412.4,1,2412.8,5,2413.0,5,2413.2,2,2413.8,3,2412.0
IH2412,,13:39:29.800#,2432.4,2436.2,2412.0,2674.0,2188.0,3436,14198,2411.2,4,2411.4,3,2411.6,6,2411.8,4,2412.0,1,2412.6,1,2412.8,5,2413.0,5,2413.2,2,2413.8,3,2412.0
IH2412,,13:39:30.300#,2432.4,2436.2,2412.0,2674.0,2188.0,3436,14198,2411.2,4,2411.4,3,2411.6,6,2411.8,4,2412.0,1,2412.6,2,2412.8,5,2413.0,5,2413.2,2,2413.8,3,2412.0
IH2412,,13:39:34.300#,2432.4,2436.2,2412.0,2674.0,2188.0,3436,14198,2411.2,4,2411.4,3,2411.6,6,2411.8,4,2412.0,1,2412.4,1,2412.6,2,2412.8,5,2413.0,5,2413.2,2,2412.0
IH2412,,13:39:36.300#,2432.4,2436.2,2412.0,2674.0,2188.0,3436,14198,2411.2,4,2411.4,3,2411.6,6,2411.8,4,2412.0,1,2412.6,2,2412.8,5,2413.0,5,2413.2,2,2413.8,3,2412.0
IH2412,,13:39:39.800#,2432.4,2436.2,2412.0,2674.0,2188.0,3436,14198,2411.2,4,2411.4,3,2411.6,6,2411.8,4,2412.0,1,2412.4,1,2412.6,2,2412.8,5,2413.0,5,2413.2,2,2412.0
IH2412,,13:39:40.300#,2432.4,2436.2,2412.0,2674.0,2188.0,3436,14198,2411.2,4,2411.4,3,2411.6,6,2411.8,4,2412.0,1,2412.4,2,2412.6,1,2412.8,5,2413.0,5,2413.2,2,2412.0
IH2412,,13:39:40.800#,2432.4,2436.2,2412.0,2674.0,2188.0,3436,14198,2411.2,4,2411.4,3,2411.6,6,2411.8,4,2412.0,1,2412.4,1,2412.6,1,2412.8,5,2413.0,5,2413.2,2,2412.0
IH2412,,13:39:41.800#,2432.4,2436.2,2412.0,2674.0,2188.0,3436,14198,2411.2,4,2411.4,3,2411.6,6,2411.8,4,2412.0,1,2412.4,2,2412.6,1,2412.8,5,2413.0,5,2413.2,2,2412.0
IH2412,,13:39:45.800#,2432.4,2436.2,2412.0,2674.0,2188.0,3436,14198,2411.2,4,2411.4,3,2411.6,6,2411.8,2,2412.0,1,2412.4,2,2412.6,1,2412.8,5,2413.0,5,2413.2,2,2412.0
IH2412,,13:39:50.800#,2432.4,2436.2,2412.0,2674.0,2188.0,3436,14198,2411.2,4,2411.4,3,2411.6,5,2411.8,2,2412.0,1,2412.4,2,2412.6,1,2412.8,5,2413.0,5,2413.2,2,2412.0
IH2412,,13:39:51.300#,2432.4,2436.2,2412.0,2674.0,2188.0,3436,14198,2411.2,4,2411.4,3,2411.6,5,2411.8,2,2412.0,1,2412.4,6,2412.6,1,2412.8,5,2413.0,5,2413.2,2,2412.0
IH2412,,13:39:51.800#,2432.4,2436.2,2412.0,2674.0,2188.0,3437,14197,2411.0,3,2411.2,4,2411.4,3,2411.6,5,2411.8,2,2412.4,6,2412.6,1,2412.8,5,2413.0,5,2413.2,2,2412.0
IH2412,,13:39:52.300#,2432.4,2436.2,2412.0,2674.0,2188.0,3437,14197,2411.0,3,2411.2,4,2411.4,3,2411.6,5,2411.8,2,2412.2,1,2412.4,6,2412.6,1,2412.8,5,2413.0,5,2412.0
IH2412,,13:39:53.300#,2432.4,2436.2,2412.0,2674.0,2188.0,3437,14197,2411.0,3,2411.2,4,2411.4,3,2411.6,5,2411.8,2,2412.2,2,2412.4,5,2412.6,1,2412.8,5,2413.0,5,2412.0
IH2412,,13:39:53.800#,2432.4,2436.2,2411.8,2674.0,2188.0,3438,14197,2411.0,3,2411.2,4,2411.4,3,2411.6,5,2411.8,1,2412.2,2,2412.4,5,2412.6,1,2412.8,5,2413.0,5,2411.8
IH2412,,13:40:01.800#,2432.4,2436.2,2411.8,2674.0,2188.0,3438,14197,2411.0,3,2411.2,4,2411.4,3,2411.6,5,2411.8,2,2412.2,2,2412.4,5,2412.6,1,2412.8,5,2413.0,5,2411.8
IH2412,,13:40:07.800#,2432.4,2436.2,2411.8,2674.0,2188.0,3439,14197,2411.0,3,2411.2,4,2411.4,3,2411.6,5,2411.8,1,2412.2,2,2412.4,5,2412.6,1,2412.8,5,2413.0,5,2411.8
IH2412,,13:40:08.800#,2432.4,2436.2,2411.8,2674.0,2188.0,3439,14197,2411.0,3,2411.2,4,2411.4,3,2411.6,5,2411.8,1,2412.2,1,2412.4,5,2412.6,1,2412.8,5,2413.0,5,2411.8
IH2412,,13:40:09.300#,2432.4,2436.2,2411.8,2674.0,2188.0,3439,14197,2411.0,3,2411.2,4,2411.4,3,2411.6,5,2411.8,1,2412.2,2,2412.4,5,2412.6,1,2412.8,5,2413.0,5,2411.8
IH2412,,13:40:14.800#,2432.4,2436.2,2411.8,2674.0,2188.0,3440,14196,2410.4,2,2411.0,3,2411.2,4,2411.4,3,2411.6,3,2412.2,2,2412.4,5,2412.6,1,2412.8,5,2413.0,5,2411.8
IH2412,,13:40:15.300#,2432.4,2436.2,2411.8,2674.0,2188.0,3440,14196,2410.4,2,2411.0,3,2411.2,4,2411.4,3,2411.6,3,2412.0,2,2412.2,1,2412.4,5,2412.6,1,2412.8,5,2411.8
IH2412,,13:40:15.800#,2432.4,2436.2,2411.6,2674.0,2188.0,3442,14197,2410.2,2,2410.4,2,2411.0,3,2411.2,4,2411.4,2,2411.8,2,2412.0,2,2412.2,1,2412.4,5,2412.6,1,2411.6
IH2412,,13:40:16.300#,2432.4,2436.2,2411.6,2674.0,2188.0,3442,14197,2410.4,2,2410.6,3,2411.0,3,2411.2,1,2411.4,2,2411.8,2,2412.0,1,2412.2,1,2412.4,5,2412.6,1,2411.6
IH2412,,13:40:16.800#,2432.4,2436.2,2411.6,2674.0,2188.0,3442,14197,2410.4,2,2410.6,3,2411.0,3,2411.2,3,2411.4,2,2411.8,2,2412.0,3,2412.2,1,2412.4,5,2412.6,1,2411.6
IH2412,,13:40:17.300#,2432.4,2436.2,2411.4,2674.0,2188.0,3443,14197,2410.4,2,2410.6,3,2411.0,3,2411.2,3,2411.4,1,2411.8,2,2412.0,3,2412.2,1,2412.4,5,2412.6,1,2411.4
IH2412,,13:40:17.800#,2432.4,2436.2,2411.4,2674.0,2188.0,3444,14197,2410.2,2,2410.4,2,2410.6,3,2411.0,3,2411.2,3,2411.4,1,2411.6,1,2411.8,2,2412.0,3,2412.2,1,2411.4
IH2412,,13:40:18.300#,2432.4,2436.2,2411.4,2674.0,2188.0,3444,14197,2410.2,2,2410.4,2,2410.6,3,2411.0,3,2411.2,3,2411.4,1,2411.8,2,2412.0,3,2412.2,1,2412.4,5,2411.4
IH2412,,13:40:18.800#,2432.4,2436.2,2411.4,2674.0,2188.0,3444,14197,2410.2,2,2410.4,2,2410.6,3,2411.0,3,2411.2,3,2411.4,1,2411.8,2,2412.0,6,2412.2,1,2412.4,5,2411.4
IH2412,,13:40:19.800#,2432.4,2436.2,2411.4,2674.0,2188.0,3445,14196,2410.2,2,2410.4,2,2410.6,3,2411.0,3,2411.2,3,2411.8,2,2412.0,6,2412.2,1,2412.4,5,2412.6,1,2411.4
IH2412,,13:40:20.300#,2432.4,2436.2,2411.4,2674.0,2188.0,3445,14196,2410.2,2,2410.4,2,2410.6,3,2411.0,3,2411.2,3,2411.6,1,2411.8,2,2412.0,6,2412.2,1,2412.4,5,2411.4
IH2412,,13:40:20.800#,2432.4,2436.2,2411.4,2674.0,2188.0,3445,14196,2410.2,2,2410.4,2,2410.6,3,2411.0,3,2411.2,3,2411.8,2,2412.0,3,2412.2,1,2412.4,5,2412.6,1,2411.4
IH2412,,13:40:25.800#,2432.4,2436.2,2411.4,2674.0,2188.0,3445,14196,2410.2,2,2410.4,2,2410.6,3,2411.0,3,2411.2,3,2411.8,2,2412.0,6,2412.2,1,2412.4,5,2412.6,1,2411.4
IH2412,,13:40:27.800#,2432.4,2436.2,2411.4,2674.0,2188.0,3445,14196,2410.2,2,2410.4,2,2410.6,3,2411.0,3,2411.2,3,2411.6,1,2411.8,2,2412.0,6,2412.2,1,2412.4,5,2411.4
IH2412,,13:40:28.800#,2432.4,2436.2,2411.4,2674.0,2188.0,3445,14196,2410.2,2,2410.4,2,2410.6,3,2411.0,3,2411.2,3,2411.4,1,2411.8,2,2412.0,6,2412.2,1,2412.4,5,2411.4
IH2412,,13:40:29.300#,2432.4,2436.2,2411.4,2674.0,2188.0,3445,14196,2410.2,2,2410.4,2,2410.6,3,2411.0,3,2411.2,3,2411.8,2,2412.0,6,2412.2,1,2412.4,5,2412.6,1,2411.4
IH2412,,13:40:29.800#,2432.4,2436.2,2411.4,2674.0,2188.0,3445,14196,2410.2,2,2410.4,2,2410.6,3,2411.0,3,2411.2,3,2411.6,1,2411.8,2,2412.0,6,2412.2,1,2412.4,5,2411.4
IH2412,,13:40:31.800#,2432.4,2436.2,2411.4,2674.0,2188.0,3445,14196,2410.2,2,2410.4,2,2410.6,3,2411.0,3,2411.2,1,2411.6,1,2411.8,2,2412.0,6,2412.2,1,2412.4,5,2411.4
IH2412,,13:40:34.300#,2432.4,2436.2,2411.4,2674.0,2188.0,3445,14196,2410.2,2,2410.4,2,2410.6,3,2411.0,3,2411.2,1,2411.6,1,2411.8,2,2412.0,6,2412.2,2,2412.4,5,2411.4
IH2412,,13:40:34.800#,2432.4,2436.2,2411.4,2674.0,2188.0,3445,14196,2410.4,2,2410.6,3,2411.0,3,2411.2,1,2411.4,1,2411.6,1,2411.8,2,2412.0,6,2412.2,2,2412.4,5,2411.4
IH2412,,13:40:35.300#,2432.4,2436.2,2411.4,2674.0,2188.0,3446,14197,2410.2,2,2410.4,2,2410.6,3,2411.0,3,2411.2,1,2411.6,1,2411.8,2,2412.0,6,2412.2,2,2412.4,5,2411.4
IH2412,,13:40:35.800#,2432.4,2436.2,2411.4,2674.0,2188.0,3446,14197,2410.2,2,2410.4,2,2410.6,3,2411.0,3,2411.2,1,2411.4,2,2411.8,2,2412.0,6,2412.2,2,2412.4,5,2411.4
IH2412,,13:40:37.300#,2432.4,2436.2,2411.4,2674.0,2188.0,3446,14197,2410.2,2,2410.4,2,2410.6,3,2411.0,3,2411.2,1,2411.4,1,2411.8,2,2412.0,6,2412.2,2,2412.4,5,2411.4
IH2412,,13:40:40.800#,2432.4,2436.2,2411.2,2674.0,2188.0,3447,14198,2410.0,9,2410.2,2,2410.4,2,2410.6,3,2411.0,3,2411.4,1,2411.8,2,2412.0,6,2412.2,2,2412.4,5,2411.2
IH2412,,13:40:41.300#,2432.4,2436.2,2411.2,2674.0,2188.0,3447,14198,2410.2,2,2410.4,2,2410.6,3,2410.8,2,2411.0,3,2411.4,2,2411.8,2,2412.0,6,2412.2,2,2412.4,5,2411.2
IH2412,,13:40:42.800#,2432.4,2436.2,2411.0,2674.0,2188.0,3448,14198,2410.2,2,2410.4,2,2410.6,3,2410.8,2,2411.0,2,2411.4,2,2411.8,2,2412.0,6,2412.2,2,2412.4,5,2411.0
IH2412,,13:40:45.800#,2432.4,2436.2,2411.0,2674.0,2188.0,3448,14198,2410.2,2,2410.4,2,2410.6,3,2410.8,2,2411.0,2,2411.2,1,2411.4,1,2411.8,2,2412.0,6,2412.2,2,2411.0
IH2412,,13:40:46.300#,2432.4,2436.2,2411.0,2674.0,2188.0,3448,14198,2410.2,2,2410.4,2,2410.6,3,2410.8,2,2411.0,2,2411.2,1,2411.8,2,2412.0,6,2412.2,2,2412.4,5,2411.0
IH2412,,13:40:50.800#,2432.4,2436.2,2411.0,2674.0,2188.0,3449,14198,2410.2,2,2410.4,2,2410.6,3,2410.8,2,2411.0,2,2411.8,2,2412.0,6,2412.2,2,2412.4,5,2412.6,1,2411.2
IH2412,,13:40:51.300#,2432.4,2436.2,2411.0,2674.0,2188.0,3449,14198,2410.2,2,2410.4,2,2410.6,3,2410.8,2,2411.0,2,2411.4,1,2411.6,4,2411.8,4,2412.0,6,2412.2,2,2411.2
IH2412,,13:40:51.800#,2432.4,2436.2,2411.0,2674.0,2188.0,3449,14198,2410.2,2,2410.4,2,2410.6,3,2410.8,2,2411.0,2,2411.6,2,2411.8,3,2412.0,6,2412.2,2,2412.4,5,2411.2
IH2412,,13:40:54.300#,2432.4,2436.2,2411.0,2674.0,2188.0,3449,14198,2410.4,2,2410.6,3,2410.8,2,2411.0,2,2411.2,1,2411.6,2,2411.8,3,2412.0,6,2412.2,2,2412.4,5,2411.2
IH2412,,13:40:54.800#,2432.4,2436.2,2411.0,2674.0,2188.0,3450,14197,2410.2,2,2410.4,2,2410.6,3,2410.8,2,2411.0,2,2411.6,2,2411.8,3,2412.0,6,2412.2,2,2412.4,5,2411.2
IH2412,,13:40:58.300#,2432.4,2436.2,2411.0,2674.0,2188.0,3451,14197,2410.2,2,2410.4,2,2410.6,3,2410.8,2,2411.0,1,2411.4,1,2411.6,2,2411.8,3,2412.0,6,2412.2,2,2411.0
IH2412,,13:41:05.300#,2432.4,2436.2,2411.0,2674.0,2188.0,3451,14197,2410.2,2,2410.4,2,2410.6,3,2410.8,2,2411.0,2,2411.4,1,2411.6,2,2411.8,3,2412.0,6,2412.2,2,2411.0
IH2412,,13:41:05.800#,2432.4,2436.2,2411.0,2674.0,2188.0,3451,14197,2410.2,2,2410.4,2,2410.6,3,2410.8,2,2411.0,2,2411.4,1,2411.6,2,2411.8,2,2412.0,6,2412.2,2,2411.0
IH2412,,13:41:06.300#,2432.4,2436.2,2411.0,2674.0,2188.0,3451,14197,2410.6,3,2410.8,2,2411.0,2,2411.2,1,2411.4,1,2411.6,2,2411.8,2,2412.0,6,2412.2,2,2412.4,5,2411.0
IH2412,,13:41:07.300#,2432.4,2436.2,2411.0,2674.0,2188.0,3451,14197,2410.4,2,2410.6,3,2410.8,2,2411.0,2,2411.4,1,2411.6,2,2411.8,2,2412.0,6,2412.2,2,2412.4,5,2411.0
IH2412,,13:41:07.800#,2432.4,2436.2,2411.0,2674.0,2188.0,3452,14197,2410.2,2,2410.4,2,2410.6,3,2410.8,2,2411.0,2,2411.6,2,2411.8,2,2412.0,6,2412.2,2,2412.4,5,2411.4
IH2412,,13:41:09.800#,2432.4,2436.2,2411.0,2674.0,2188.0,3452,14197,2410.2,2,2410.4,2,2410.6,3,2410.8,2,2411.0,2,2411.4,2,2411.6,2,2411.8,2,2412.0,6,2412.2,2,2411.4
IH2412,,13:41:12.800#,2432.4,2436.2,2411.0,2674.0,2188.0,3452,14197,2410.2,2,2410.4,2,2410.6,3,2410.8,2,2411.0,2,2411.4,1,2411.6,2,2411.8,2,2412.0,6,2412.2,2,2411.4
IH2412,,13:41:13.300#,2432.4,2436.2,2411.0,2674.0,2188.0,3453,14197,2410.2,2,2410.4,2,2410.6,3,2410.8,2,2411.0,1,2411.6,2,2411.8,2,2412.0,6,2412.2,2,2412.4,5,2411.0
IH2412,,13:41:13.800#,2432.4,2436.2,2411.0,2674.0,2188.0,3453,14197,2410.2,2,2410.4,2,2410.6,3,2410.8,2,2411.0,1,2411.4,1,2411.6,2,2411.8,2,2412.0,6,2412.2,2,2411.0
IH2412,,13:41:14.800#,2432.4,2436.2,2411.0,2674.0,2188.0,3453,14197,2410.2,2,2410.4,2,2410.6,3,2410.8,2,2411.0,1,2411.4,2,2411.6,2,2411.8,2,2412.0,6,2412.2,2,2411.0
IH2412,,13:41:15.300#,2432.4,2436.2,2411.0,2674.0,2188.0,3454,14196,2410.0,9,2410.2,2,2410.4,2,2410.6,3,2410.8,2,2411.4,2,2411.6,2,2411.8,2,2412.0,6,2412.2,2,2411.0
IH2412,,13:41:16.300#,2432.4,2436.2,2411.0,2674.0,2188.0,3454,14196,2410.2,2,2410.4,2,2410.6,3,2410.8,2,2411.0,1,2411.4,2,2411.6,2,2411.8,2,2412.0,6,2412.2,2,2411.0
IH2412,,13:41:16.800#,2432.4,2436.2,2411.0,2674.0,2188.0,3454,14196,2410.2,2,2410.4,2,2410.6,3,2410.8,3,2411.0,1,2411.4,1,2411.6,2,2411.8,2,2412.0,6,2412.2,2,2411.0
IH2412,,13:41:22.800#,2432.4,2436.2,2411.0,2674.0,2188.0,3454,14196,2410.4,2,2410.6,3,2410.8,3,2411.0,1,2411.2,2,2411.6,2,2411.8,2,2412.0,6,2412.2,2,2412.4,5,2411.0
IH2412,,13:41:23.300#,2432.4,2436.2,2411.0,2674.0,2188.0,3454,14196,2410.2,2,2410.4,2,2410.6,3,2410.8,3,2411.0,1,2411.6,2,2411.8,2,2412.0,6,2412.2,2,2412.4,5,2411.0
IH2412,,13:41:25.300#,2432.4,2436.2,2411.0,2674.0,2188.0,3454,14196,2410.4,2,2410.6,3,2410.8,3,2411.0,1,2411.2,3,2411.6,2,2411.8,2,2412.0,6,2412.2,2,2412.4,5,2411.0
IH2412,,13:41:25.800#,2432.4,2436.2,2411.0,2674.0,2188.0,3454,14196,2410.4,2,2410.6,3,2410.8,3,2411.0,1,2411.2,3,2411.6,2,2411.8,2,2412.0,6,2412.2,1,2412.4,5,2411.0
IH2412,,13:41:26.300#,2432.4,2436.2,2411.0,2674.0,2188.0,3454,14196,2410.4,2,2410.6,3,2410.8,3,2411.0,2,2411.2,3,2411.6,1,2411.8,2,2412.0,6,2412.2,1,2412.4,5,2411.0
IH2412,,13:41:26.800#,2432.4,2436.2,2411.0,2674.0,2188.0,3454,14196,2410.6,3,2410.8,3,2411.0,2,2411.2,3,2411.4,1,2411.8,2,2412.0,6,2412.2,1,2412.4,5,2412.8,6,2411.0
IH2412,,13:41:27.300#,2432.4,2436.2,2411.0,2674.0,2188.0,3454,14196,2410.6,3,2410.8,3,2411.0,2,2411.2,3,2411.4,1,2411.8,2,2412.0,3,2412.2,1,2412.4,5,2412.8,6,2411.0
IH2412,,13:41:27.800#,2432.4,2436.2,2411.0,2674.0,2188.0,3454,14196,2410.4,2,2410.6,3,2410.8,3,2411.0,2,2411.2,3,2411.8,2,2412.0,3,2412.2,1,2412.4,5,2412.8,6,2411.0
IH2412,,13:41:28.300#,2432.4,2436.2,2411.0,2674.0,2188.0,3454,14196,2410.6,3,2410.8,3,2411.0,2,2411.2,3,2411.4,2,2411.8,2,2412.0,3,2412.2,1,2412.4,5,2412.8,6,2411.0
IH2412,,13:41:28.800#,2432.4,2436.2,2411.0,2674.0,2188.0,3454,14196,2410.6,3,2410.8,3,2411.0,2,2411.2,3,2411.4,1,2411.8,2,2412.0,3,2412.2,1,2412.4,5,2412.8,6,2411.0
IH2412,,13:41:29.300#,2432.4,2436.2,2411.0,2674.0,2188.0,3454,14196,2410.4,2,2410.6,3,2410.8,3,2411.0,2,2411.2,3,2411.8,2,2412.0,6,2412.2,1,2412.4,5,2412.8,6,2411.0
IH2412,,13:41:33.300#,2432.4,2436.2,2411.0,2674.0,2188.0,3454,14196,2410.4,2,2410.6,3,2410.8,3,2411.0,2,2411.2,3,2411.6,1,2411.8,2,2412.0,6,2412.2,1,2412.4,5,2411.0
IH2412,,13:41:34.300#,2432.4,2436.2,2411.0,2674.0,2188.0,3454,14196,2410.2,2,2410.4,2,2410.6,3,2410.8,3,2411.0,2,2411.4,1,2411.6,1,2411.8,2,2412.0,6,2412.2,1,2411.0
IH2412,,13:41:37.300#,2432.4,2436.2,2411.0,2674.0,2188.0,3454,14196,2410.2,2,2410.4,2,2410.6,3,2410.8,3,2411.0,3,2411.4,1,2411.6,1,2411.8,2,2412.0,6,2412.2,1,2411.0
IH2412,,13:41:38.300#,2432.4,2436.2,2411.0,2674.0,2188.0,3454,14196,2410.2,2,2410.4,2,2410.6,3,2410.8,3,2411.0,2,2411.4,1,2411.6,1,2411.8,2,2412.0,6,2412.2,1,2411.0
IH2412,,13:41:39.300#,2432.4,2436.2,2411.0,2674.0,2188.0,3454,14196,2410.4,2,2410.6,3,2410.8,3,2411.0,2,2411.2,2,2411.6,1,2411.8,2,2412.0,6,2412.2,1,2412.4,5,2411.0
IH2412,,13:41:39.800#,2432.4,2436.2,2411.0,2674.0,2188.0,3454,14196,2410.4,2,2410.6,3,2410.8,3,2411.0,2,2411.2,2,2411.6,2,2411.8,2,2412.0,6,2412.2,1,2412.4,5,2411.0
IH2412,,13:41:40.300#,2432.4,2436.2,2411.0,2674.0,2188.0,3454,14196,2410.2,2,2410.4,2,2410.6,3,2410.8,3,2411.0,2,2411.6,1,2411.8,2,2412.0,6,2412.2,1,2412.4,5,2411.0
IH2412,,13:41:42.300#,2432.4,2436.2,2411.0,2674.0,2188.0,3454,14196,2410.4,2,2410.6,3,2410.8,3,2411.0,2,2411.2,1,2411.6,2,2411.8,2,2412.0,6,2412.2,1,2412.4,5,2411.0
IH2412,,13:41:46.300#,2432.4,2436.2,2411.0,2674.0,2188.0,3454,14196,2410.4,2,2410.6,3,2410.8,3,2411.0,2,2411.2,1,2411.6,1,2411.8,2,2412.0,6,2412.2,1,2412.4,5,2411.0
IH2412,,13:41:48.300#,2432.4,2436.2,2411.0,2674.0,2188.0,3454,14196,2410.2,2,2410.4,2,2410.6,3,2410.8,3,2411.0,2,2411.8,2,2412.0,6,2412.2,1,2412.4,5,2412.8,6,2411.0
IH2412,,13:41:48.800#,2432.4,2436.2,2411.0,2674.0,2188.0,3454,14196,2410.4,2,2410.6,3,2410.8,3,2411.0,2,2411.4,1,2411.6,1,2411.8,2,2412.0,6,2412.2,1,2412.4,5,2411.0
IH2412,,13:41:49.300#,2432.4,2436.2,2411.0,2674.0,2188.0,3454,14196,2410.4,2,2410.6,3,2410.8,3,2411.0,2,2411.4,1,2411.8,2,2412.0,6,2412.2,1,2412.4,5,2412.8,6,2411.0
IH2412,,13:41:53.300#,2432.4,2436.2,2411.0,2674.0,2188.0,3454,14196,2410.4,2,2410.6,3,2410.8,3,2411.0,2,2411.4,1,2411.8,3,2412.0,6,2412.2,1,2412.4,5,2412.8,6,2411.0
IH2412,,13:41:53.800#,2432.4,2436.2,2411.0,2674.0,2188.0,3454,14196,2410.4,2,2410.6,3,2410.8,3,2411.0,2,2411.4,1,2411.6,1,2411.8,3,2412.0,6,2412.2,1,2412.4,5,2411.0
IH2412,,13:41:54.300#,2432.4,2436.2,2411.0,2674.0,2188.0,3454,14196,2410.4,2,2410.6,3,2410.8,3,2411.0,3,2411.4,1,2411.6,1,2411.8,2,2412.0,6,2412.2,1,2412.4,5,2411.0
IH2412,,13:41:54.800#,2432.4,2436.2,2411.0,2674.0,2188.0,3454,14196,2410.4,2,2410.6,3,2410.8,3,2411.0,3,2411.4,1,2411.8,2,2412.0,6,2412.2,1,2412.4,5,2412.8,6,2411.0
IH2412,,13:41:55.800#,2432.4,2436.2,2411.0,2674.0,2188.0,3454,14196,2410.4,2,2410.6,3,2410.8,3,2411.0,3,2411.4,1,2411.6,1,2411.8,2,2412.0,6,2412.2,1,2412.4,5,2411.0
IH2412,,13:41:56.300#,2432.4,2436.2,2411.0,2674.0,2188.0,3454,14196,2410.2,2,2410.4,2,2410.6,3,2410.8,3,2411.0,3,2411.8,3,2412.0,6,2412.2,1,2412.4,5,2412.8,6,2411.0
IH2412,,13:41:56.800#,2432.4,2436.2,2411.0,2674.0,2188.0,3455,14196,2410.4,2,2410.6,3,2410.8,3,2411.0,3,2411.2,1,2411.6,3,2411.8,2,2412.0,6,2412.2,1,2412.4,5,2411.4
IH2412,,13:41:57.300#,2432.4,2436.2,2411.0,2674.0,2188.0,3455,14196,2410.4,2,2410.6,3,2410.8,3,2411.0,3,2411.2,5,2411.6,3,2411.8,2,2412.0,6,2412.2,1,2412.4,5,2411.4
IH2412,,13:41:57.800#,2432.4,2436.2,2411.0,2674.0,2188.0,3455,14196,2410.4,2,2410.6,3,2410.8,3,2411.0,3,2411.2,4,2411.6,3,2411.8,2,2412.0,6,2412.2,1,2412.4,5,2411.4
IH2412,,13:42:05.300#,2432.4,2436.2,2411.0,2674.0,2188.0,3456,14195,2410.4,2,2410.6,3,2410.8,3,2411.0,3,2411.2,4,2411.6,2,2411.8,2,2412.0,6,2412.2,1,2412.4,5,2411.6
IH2412,,13:42:05.800#,2432.4,2436.2,2411.0,2674.0,2188.0,3458,14195,2410.6,3,2410.8,3,2411.0,3,2411.2,4,2411.4,2,2411.8,2,2412.0,6,2412.2,1,2412.4,5,2412.8,6,2411.6
IH2412,,13:42:06.300#,2432.4,2436.2,2411.0,2674.0,2188.0,3458,14195,2410.6,3,2410.8,3,2411.0,3,2411.2,4,2411.4,2,2412.0,6,2412.2,1,2412.4,5,2412.8,6,2413.0,2,2411.6
IH2412,,13:42:06.800#,2432.4,2436.2,2411.0,2674.0,2188.0,3458,14195,2410.6,3,2410.8,3,2411.0,3,2411.2,4,2411.4,2,2411.8,3,2412.0,6,2412.2,1,2412.4,5,2412.8,6,2411.6
IH2412,,13:42:10.300#,2432.4,2436.2,2411.0,2674.0,2188.0,3458,14195,2410.4,2,2410.6,3,2410.8,3,2411.0,3,2411.2,4,2411.8,3,2412.0,6,2412.2,1,2412.4,5,2412.8,6,2411.6
IH2412,,13:42:12.300#,2432.4,2436.2,2411.0,2674.0,2188.0,3459,14195,2410.4,2,2410.6,3,2410.8,3,2411.0,3,2411.2,4,2411.8,2,2412.0,6,2412.2,1,2412.4,5,2412.8,6,2411.8
IH2412,,13:42:12.800#,2432.4,2436.2,2411.0,2674.0,2188.0,3459,14195,2410.6,3,2410.8,3,2411.0,3,2411.2,4,2411.4,1,2411.8,2,2412.0,6,2412.2,1,2412.4,5,2412.8,6,2411.8
IH2412,,13:42:13.800#,2432.4,2436.2,2411.0,2674.0,2188.0,3462,14195,2410.4,2,2410.6,3,2410.8,3,2411.0,3,2411.2,4,2412.0,6,2412.2,1,2412.4,5,2412.8,6,2413.0,2,2411.4
IH2412,,13:42:14.300#,2432.4,2436.2,2411.0,2674.0,2188.0,3462,14195,2410.8,3,2411.0,3,2411.2,5,2411.4,1,2411.6,1,2412.0,6,2412.2,1,2412.4,5,2412.8,6,2413.0,2,2411.4
IH2412,,13:42:14.800#,2432.4,2436.2,2411.0,2674.0,2188.0,3462,14195,2410.8,3,2411.0,3,2411.2,5,2411.4,2,2411.6,1,2412.0,6,2412.2,1,2412.4,5,2412.8,6,2413.0,2,2411.4
IH2412,,13:42:15.300#,2432.4,2436.2,2411.0,2674.0,2188.0,3462,14195,2410.8,3,2411.0,3,2411.2,5,2411.4,2,2411.6,2,2412.0,6,2412.2,1,2412.4,5,2412.8,6,2413.0,2,2411.4
IH2412,,13:42:15.800#,2432.4,2436.2,2411.0,2674.0,2188.0,3462,14195,2410.8,3,2411.0,3,2411.2,5,2411.4,2,2411.6,2,2411.8,1,2412.0,3,2412.2,1,2412.4,5,2412.8,6,2411.4
IH2412,,13:42:16.300#,2432.4,2436.2,2411.0,2674.0,2188.0,3462,14195,2410.8,3,2411.0,3,2411.2,5,2411.4,2,2411.6,2,2411.8,3,2412.0,3,2412.2,1,2412.4,5,2412.8,6,2411.4
IH2412,,13:42:16.800#,2432.4,2436.2,2411.0,2674.0,2188.0,3462,14195,2410.8,3,2411.0,3,2411.2,5,2411.4,2,2411.6,2,2411.8,1,2412.0,3,2412.2,1,2412.4,5,2412.8,6,2411.4
IH2412,,13:42:17.300#,2432.4,2436.2,2411.0,2674.0,2188.0,3462,14195,2410.8,3,2411.0,3,2411.2,5,2411.4,2,2411.6,2,2411.8,2,2412.0,3,2412.2,1,2412.4,5,2412.8,6,2411.4
IH2412,,13:42:22.300#,2432.4,2436.2,2411.0,2674.0,2188.0,3462,14195,2410.8,3,2411.0,3,2411.2,5,2411.4,2,2411.6,2,2411.8,1,2412.0,3,2412.2,1,2412.4,5,2412.8,6,2411.4
IH2412,,13:42:22.800#,2432.4,2436.2,2411.0,2674.0,2188.0,3462,14195,2410.8,3,2411.0,3,2411.2,5,2411.4,1,2411.6,2,2411.8,1,2412.0,3,2412.2,1,2412.4,5,2412.8,6,2411.4
IH2412,,13:42:23.800#,2432.4,2436.2,2411.0,2674.0,2188.0,3462,14195,2410.8,3,2411.0,3,2411.2,5,2411.4,1,2411.6,2,2412.0,3,2412.2,1,2412.4,5,2412.8,6,2413.0,2,2411.4
IH2412,,13:42:28.800#,2432.4,2436.2,2411.0,2674.0,2188.0,3462,14195,2410.8,3,2411.0,3,2411.2,5,2411.4,1,2411.6,2,2411.8,1,2412.0,3,2412.2,1,2412.4,5,2412.8,6,2411.4
IH2412,,13:42:30.800#,2432.4,2436.2,2411.0,2674.0,2188.0,3463,14196,2410.6,3,2410.8,3,2411.0,3,2411.2,5,2411.6,1,2412.0,2,2412.2,1,2412.4,5,2412.8,6,2413.0,2,2411.8
IH2412,,13:42:31.300#,2432.4,2436.2,2411.0,2674.0,2188.0,3463,14196,2410.8,3,2411.0,3,2411.2,5,2411.4,3,2411.6,1,2412.0,2,2412.2,1,2412.4,5,2412.8,6,2413.0,2,2411.8
IH2412,,13:42:31.800#,2432.4,2436.2,2411.0,2674.0,2188.0,3463,14196,2410.8,3,2411.0,3,2411.2,5,2411.4,3,2411.6,1,2412.2,1,2412.4,5,2412.8,6,2413.0,2,2413.2,2,2411.8
IH2412,,13:42:32.300#,2432.4,2436.2,2411.0,2674.0,2188.0,3463,14196,2411.0,3,2411.2,5,2411.4,3,2411.6,1,2411.8,1,2412.2,1,2412.4,5,2412.8,6,2413.0,2,2413.2,2,2411.8
IH2412,,13:42:32.800#,2432.4,2436.2,2411.0,2674.0,2188.0,3463,14196,2410.6,3,2410.8,3,2411.0,3,2411.2,5,2411.4,3,2412.2,1,2412.4,5,2412.8,6,2413.0,2,2413.2,2,2411.8
IH2412,,13:42:33.300#,2432.4,2436.2,2411.0,2674.0,2188.0,3463,14196,2410.8,3,2411.0,3,2411.2,5,2411.4,4,2411.6,3,2412.2,1,2412.4,5,2412.8,6,2413.0,2,2413.2,2,2411.8
IH2412,,13:42:33.800#,2432.4,2436.2,2411.0,2674.0,2188.0,3463,14196,2410.8,3,2411.0,3,2411.2,5,2411.4,4,2411.6,3,2412.2,1,2412.4,7,2412.8,6,2413.0,2,2413.2,2,2411.8
IH2412,,13:42:35.800#,2432.4,2436.2,2411.0,2674.0,2188.0,3463,14196,2410.8,3,2411.0,3,2411.2,5,2411.4,1,2411.6,3,2412.0,1,2412.2,1,2412.4,7,2412.8,6,2413.0,2,2411.8
IH2412,,13:42:36.300#,2432.4,2436.2,2411.0,2674.0,2188.0,3463,14196,2410.8,3,2411.0,3,2411.2,5,2411.4,1,2411.6,2,2412.0,1,2412.2,1,2412.4,7,2412.8,6,2413.0,2,2411.8
IH2412,,13:42:36.800#,2432.4,2436.2,2411.0,2674.0,2188.0,3463,14196,2410.8,3,2411.0,3,2411.2,5,2411.4,1,2411.6,1,2412.0,1,2412.2,1,2412.4,7,2412.8,6,2413.0,2,2411.8
IH2412,,13:42:37.300#,2432.4,2436.2,2411.0,2674.0,2188.0,3463,14196,2410.4,2,2410.6,3,2410.8,3,2411.0,3,2411.2,5,2412.0,1,2412.2,1,2412.4,7,2412.8,6,2413.0,2,2411.8
IH2412,,13:42:38.800#,2432.4,2436.2,2411.0,2674.0,2188.0,3463,14196,2410.6,3,2410.8,3,2411.0,3,2411.2,5,2411.4,3,2412.0,1,2412.2,1,2412.4,7,2412.8,6,2413.0,2,2411.8
IH2412,,13:42:39.300#,2432.4,2436.2,2411.0,2674.0,2188.0,3463,14196,2410.8,3,2411.0,3,2411.2,5,2411.4,2,2411.6,1,2412.0,1,2412.2,1,2412.4,7,2412.8,6,2413.0,2,2411.8
IH2412,,13:42:41.300#,2432.4,2436.2,2411.0,2674.0,2188.0,3463,14196,2410.8,3,2411.0,3,2411.2,5,2411.4,2,2411.6,1,2412.2,1,2412.4,7,2412.8,6,2413.0,2,2413.2,2,2411.8
IH2412,,13:42:41.800#,2432.4,2436.2,2411.0,2674.0,2188.0,3463,14196,2410.8,3,2411.0,3,2411.2,5,2411.4,1,2411.6,1,2412.2,1,2412.4,7,2412.8,6,2413.0,2,2413.2,2,2411.8
IH2412,,13:42:42.300#,2432.4,2436.2,2411.0,2674.0,2188.0,3463,14196,2410.8,3,2411.0,3,2411.2,5,2411.4,4,2411.6,1,2412.2,2,2412.4,7,2412.8,6,2413.0,2,2413.2,2,2411.8
IH2412,,13:42:43.800#,2432.4,2436.2,2411.0,2674.0,2188.0,3463,14196,2410.8,3,2411.0,3,2411.2,5,2411.4,4,2411.6,1,2412.0,1,2412.2,2,2412.4,7,2412.8,6,2413.0,2,2411.8
IH2412,,13:42:44.300#,2432.4,2436.2,2411.0,2674.0,2188.0,3463,14196,2410.8,3,2411.0,3,2411.2,5,2411.4,1,2411.6,1,2412.0,2,2412.2,2,2412.4,7,2412.8,6,2413.0,2,2411.8
IH2412,,13:42:45.300#,2432.4,2436.2,2411.0,2674.0,2188.0,3463,14196,2410.8,3,2411.0,3,2411.2,5,2411.4,1,2411.6,1,2412.2,2,2412.4,7,2412.8,6,2413.0,2,2413.2,2,2411.8
IH2412,,13:42:46.800#,2432.4,2436.2,2411.0,2674.0,2188.0,3463,14196,2410.8,3,2411.0,3,2411.2,5,2411.4,1,2411.6,1,2412.0,1,2412.2,2,2412.4,7,2412.8,6,2413.0,2,2411.8
IH2412,,13:42:47.300#,2432.4,2436.2,2411.0,2674.0,2188.0,3463,14196,2410.6,3,2410.8,3,2411.0,3,2411.2,5,2411.4,1,2412.0,1,2412.2,2,2412.4,7,2412.8,6,2413.0,2,2411.8
IH2412,,13:42:47.800#,2432.4,2436.2,2411.0,2674.0,2188.0,3463,14196,2410.8,3,2411.0,3,2411.2,5,2411.4,1,2411.6,2,2412.2,2,2412.4,7,2412.8,6,2413.0,2,2413.2,2,2411.8
IH2412,,13:42:49.300#,2432.4,2436.2,2411.0,2674.0,2188.0,3463,14196,2410.8,3,2411.0,3,2411.2,5,2411.4,1,2411.6,2,2412.2,1,2412.4,7,2412.8,6,2413.0,2,2413.2,2,2411.8
IH2412,,13:42:49.800#,2432.4,2436.2,2411.0,2674.0,2188.0,3463,14196,2410.8,3,2411.0,3,2411.2,5,2411.4,4,2411.6,2,2412.2,1,2412.4,7,2412.8,6,2413.0,2,2413.2,2,2411.8
IH2412,,13:42:53.800#,2432.4,2436.2,2411.0,2674.0,2188.0,3463,14196,2410.8,3,2411.0,3,2411.2,5,2411.4,4,2411.6,2,2412.2,2,2412.4,7,2412.8,6,2413.0,2,2413.2,2,2411.8
IH2412,,13:42:54.300#,2432.4,2436.2,2411.0,2674.0,2188.0,3463,14196,2410.8,3,2411.0,3,2411.2,5,2411.4,4,2411.6,2,2412.2,1,2412.4,7,2412.8,6,2413.0,2,2413.2,2,2411.8
IH2412,,13:42:58.800#,2432.4,2436.2,2411.0,2674.0,2188.0,3463,14196,2410.8,3,2411.0,3,2411.2,5,2411.4,1,2411.6,2,2412.0,1,2412.2,2,2412.4,7,2412.8,6,2413.0,2,2411.8
IH2412,,13:43:03.300#,2432.4,2436.2,2411.0,2674.0,2188.0,3463,14196,2410.8,3,2411.0,3,2411.2,5,2411.4,1,2411.6,2,2412.2,2,2412.4,7,2412.8,6,2413.0,2,2413.2,2,2411.8
IH2412,,13:43:03.800#,2432.4,2436.2,2411.0,2674.0,2188.0,3463,14196,2410.8,3,2411.0,3,2411.2,5,2411.4,1,2411.6,2,2412.2,1,2412.4,7,2412.8,6,2413.0,2,2413.2,2,2411.8
IH2412,,13:43:08.300#,2432.4,2436.2,2411.0,2674.0,2188.0,3463,14196,2410.8,3,2411.0,3,2411.2,5,2411.4,1,2411.6,2,2412.2,2,2412.4,7,2412.8,6,2413.0,2,2413.2,2,2411.8
IH2412,,13:43:11.300#,2432.4,2436.2,2411.0,2674.0,2188.0,3463,14196,2410.8,3,2411.0,3,2411.2,5,2411.4,1,2411.6,1,2412.0,1,2412.2,2,2412.4,7,2412.8,6,2413.0,2,2411.8
IH2412,,13:43:19.300#,2432.4,2436.2,2411.0,2674.0,2188.0,3463,14196,2410.4,2,2410.6,3,2410.8,3,2411.0,3,2411.2,5,2411.6,1,2411.8,2,2412.0,4,2412.2,1,2412.4,7,2411.8
IH2412,,13:43:23.300#,2432.4,2436.2,2411.0,2674.0,2188.0,3463,14196,2410.4,2,2410.6,3,2410.8,3,2411.0,3,2411.2,2,2411.6,1,2411.8,2,2412.0,4,2412.2,1,2412.4,7,2411.8
IH2412,,13:43:33.300#,2432.4,2436.2,2411.0,2674.0,2188.0,3464,14196,2410.8,3,2411.0,3,2411.2,3,2411.4,1,2411.6,1,2412.0,2,2412.2,1,2412.4,7,2412.8,6,2413.0,2,2411.8
IH2412,,13:43:44.300#,2432.4,2436.2,2411.0,2674.0,2188.0,3464,14196,2410.8,3,2411.0,3,2411.2,3,2411.4,1,2411.6,1,2411.8,3,2412.0,5,2412.2,1,2412.4,7,2412.8,6,2411.8
IH2412,,13:43:44.800#,2432.4,2436.2,2411.0,2674.0,2188.0,3464,14196,2410.6,3,2410.8,3,2411.0,3,2411.2,3,2411.4,1,2411.8,2,2412.0,5,2412.2,1,2412.4,7,2412.8,6,2411.8
IH2412,,13:43:45.800#,2432.4,2436.2,2411.0,2674.0,2188.0,3464,14196,2410.6,3,2410.8,3,2411.0,3,2411.2,3,2411.4,1,2412.0,5,2412.2,1,2412.4,7,2412.8,6,2413.0,2,2411.8
IH2412,,13:43:47.800#,2432.4,2436.2,2411.0,2674.0,2188.0,3464,14196,2410.6,3,2410.8,3,2411.0,3,2411.2,3,2411.4,2,2412.0,5,2412.2,1,2412.4,7,2412.8,6,2413.0,2,2411.8
IH2412,,13:43:48.800#,2432.4,2436.2,2411.0,2674.0,2188.0,3464,14196,2410.6,3,2410.8,3,2411.0,3,2411.2,3,2411.4,2,2412.0,2,2412.2,1,2412.4,7,2412.8,6,2413.0,2,2411.8
IH2412,,13:43:51.300#,2432.4,2436.2,2411.0,2674.0,2188.0,3464,14196,2410.6,3,2410.8,3,2411.0,3,2411.2,3,2411.4,2,2412.0,1,2412.2,1,2412.4,7,2412.8,6,2413.0,2,2411.8
IH2412,,13:43:54.300#,2432.4,2436.2,2411.0,2674.0,2188.0,3464,14196,2410.6,3,2410.8,3,2411.0,3,2411.2,3,2411.4,2,2411.8,2,2412.0,1,2412.2,1,2412.4,7,2412.8,6,2411.8
IH2412,,13:43:54.800#,2432.4,2436.2,2411.0,2674.0,2188.0,3464,14196,2410.6,3,2410.8,3,2411.0,3,2411.2,3,2411.4,1,2412.0,1,2412.2,1,2412.4,7,2412.8,6,2413.0,2,2411.8
IH2412,,13:43:57.800#,2432.4,2436.2,2411.0,2674.0,2188.0,3464,14196,2410.8,3,2411.0,3,2411.2,3,2411.4,1,2411.6,1,2412.0,1,2412.2,1,2412.4,7,2412.8,6,2413.0,2,2411.8
IH2412,,13:43:58.300#,2432.4,2436.2,2411.0,2674.0,2188.0,3464,14196,2410.6,3,2410.8,3,2411.0,3,2411.2,3,2411.4,1,2412.0,1,2412.2,1,2412.4,7,2412.8,6,2413.0,2,2411.8
IH2412,,13:44:01.800#,2432.4,2436.2,2411.0,2674.0,2188.0,3464,14196,2410.8,3,2411.0,3,2411.2,3,2411.4,1,2411.6,1,2412.0,1,2412.2,1,2412.4,7,2412.8,6,2413.0,2,2411.8
IH2412,,13:44:03.300#,2432.4,2436.2,2411.0,2674.0,2188.0,3464,14196,2410.8,3,2411.0,3,2411.2,3,2411.4,1,2411.6,1,2412.2,1,2412.4,7,2412.8,6,2413.0,2,2413.2,2,2411.8
IH2412,,13:44:03.800#,2432.4,2436.2,2411.0,2674.0,2188.0,3464,14196,2410.8,3,2411.0,3,2411.2,3,2411.4,1,2411.6,1,2412.2,2,2412.4,7,2412.8,6,2413.0,2,2413.2,2,2411.8
IH2412,,13:44:07.300#,2432.4,2436.2,2411.0,2674.0,2188.0,3464,14196,2410.8,3,2411.0,3,2411.2,3,2411.4,4,2411.6,1,2412.2,2,2412.4,7,2412.8,6,2413.0,2,2413.2,2,2411.8
IH2412,,13:44:07.800#,2432.4,2436.2,2411.0,2674.0,2188.0,3464,14196,2411.0,3,2411.2,3,2411.4,4,2411.6,2,2411.8,1,2412.2,1,2412.4,7,2412.8,6,2413.0,2,2413.2,2,2411.8
IH2412,,13:44:14.300#,2432.4,2436.2,2411.0,2674.0,2188.0,3464,14196,2411.0,3,2411.2,3,2411.4,4,2411.6,2,2411.8,2,2412.2,1,2412.4,7,2412.8,6,2413.0,2,2413.2,2,2411.8
IH2412,,13:44:15.800#,2432.4,2436.2,2411.0,2674.0,2188.0,3465,14196,2411.0,3,2411.2,3,2411.4,4,2411.6,2,2411.8,2,2412.4,7,2412.8,6,2413.0,2,2413.2,2,2413.8,3,2412.2
IH2412,,13:44:18.300#,2432.4,2436.2,2411.0,2674.0,2188.0,3465,14196,2411.0,3,2411.2,3,2411.4,4,2411.6,2,2411.8,2,2412.4,6,2412.8,6,2413.0,2,2413.2,2,2413.8,3,2412.2
IH2412,,13:44:19.300#,2432.4,2436.2,2411.0,2674.0,2188.0,3465,14196,2411.2,3,2411.4,4,2411.6,2,2411.8,2,2412.0,2,2412.4,6,2412.8,6,2413.0,2,2413.2,2,2413.8,3,2412.2
IH2412,,13:44:20.300#,2432.4,2436.2,2411.0,2674.0,2188.0,3466,14195,2411.2,3,2411.4,4,2411.6,2,2411.8,2,2412.0,1,2412.4,6,2412.8,6,2413.0,2,2413.2,2,2413.8,3,2412.0
IH2412,,13:44:20.800#,2432.4,2436.2,2411.0,2674.0,2188.0,3466,14195,2411.0,3,2411.2,3,2411.4,4,2411.6,2,2411.8,2,2412.4,6,2412.8,6,2413.0,2,2413.2,2,2413.8,3,2412.0
IH2412,,13:44:21.300#,2432.4,2436.2,2411.0,2674.0,2188.0,3466,14195,2411.0,3,2411.2,3,2411.4,4,2411.6,4,2411.8,2,2412.4,6,2412.8,6,2413.0,2,2413.2,2,2413.8,3,2412.0
IH2412,,13:44:26.800#,2432.4,2436.2,2411.0,2674.0,2188.0,3466,14195,2411.0,3,2411.2,3,2411.4,4,2411.6,4,2411.8,2,2412.0,3,2412.4,6,2412.8,6,2413.0,2,2413.2,2,2412.0
IH2412,,13:44:27.300#,2432.4,2436.2,2411.0,2674.0,2188.0,3469,14195,2411.0,3,2411.2,3,2411.4,4,2411.6,4,2411.8,2,2412.4,6,2412.8,6,2413.0,2,2413.2,2,2413.8,3,2412.0
IH2412,,13:44:29.800#,2432.4,2436.2,2411.0,2674.0,2188.0,3470,14194,2410.8,1,2411.0,3,2411.2,3,2411.4,4,2411.6,4,2412.4,6,2412.8,6,2413.0,2,2413.2,2,2413.8,3,2411.8
IH2412,,13:44:30.300#,2432.4,2436.2,2411.0,2674.0,2188.0,3470,14194,2411.0,3,2411.2,3,2411.4,4,2411.6,4,2412.0,1,2412.4,6,2412.8,6,2413.0,2,2413.2,2,2413.8,3,2411.8
IH2412,,13:44:33.800#,2432.4,2436.2,2411.0,2674.0,2188.0,3472,14192,2411.0,3,2411.2,3,2411.4,4,2411.6,4,2412.0,1,2412.4,2,2412.8,6,2413.0,2,2413.2,2,2413.8,3,2412.4
IH2412,,13:44:38.300#,2432.4,2436.2,2411.0,2674.0,2188.0,3472,14192,2411.0,3,2411.2,3,2411.4,4,2411.6,4,2412.0,1,2412.4,2,2412.8,5,2413.0,2,2413.2,2,2413.8,4,2412.4
IH2412,,13:44:47.300#,2432.4,2436.2,2411.0,2674.0,2188.0,3472,14192,2411.0,3,2411.2,3,2411.4,4,2411.6,4,2412.0,2,2412.4,2,2412.8,5,2413.0,2,2413.2,2,2413.8,4,2412.4
IH2412,,13:44:48.800#,2432.4,2436.2,2411.0,2674.0,2188.0,3472,14192,2411.2,3,2411.4,4,2411.6,4,2412.0,2,2412.2,2,2412.4,2,2412.8,5,2413.0,2,2413.2,2,2413.8,4,2412.4
IH2412,,13:44:49.300#,2432.4,2436.2,2411.0,2674.0,2188.0,3473,14191,2411.2,3,2411.4,4,2411.6,4,2412.0,2,2412.2,2,2412.4,1,2412.8,5,2413.0,2,2413.2,2,2413.8,4,2412.4
IH2412,,13:44:51.800#,2432.4,2436.2,2411.0,2674.0,2188.0,3473,14191,2411.0,3,2411.2,3,2411.4,4,2411.6,4,2412.0,2,2412.4,1,2412.8,5,2413.0,2,2413.2,2,2413.8,4,2412.4
IH2412,,13:44:53.300#,2432.4,2436.2,2411.0,2674.0,2188.0,3474,14190,2411.2,3,2411.4,4,2411.6,4,2412.0,2,2412.2,2,2412.8,5,2413.0,2,2413.2,2,2413.8,4,2414.0,1,2412.4
IH2412,,13:44:53.800#,2432.4,2436.2,2411.0,2674.0,2188.0,3474,14190,2411.4,4,2411.6,4,2412.0,2,2412.2,2,2412.4,1,2412.6,4,2412.8,7,2413.0,2,2413.2,2,2413.8,4,2412.4
IH2412,,13:44:54.300#,2432.4,2436.2,2411.0,2674.0,2188.0,3475,14189,2411.4,4,2411.6,4,2412.0,2,2412.2,2,2412.4,1,2412.8,3,2413.0,2,2413.2,2,2413.8,4,2414.0,1,2412.6
IH2412,,13:44:54.800#,2432.4,2436.2,2411.0,2674.0,2188.0,3476,14189,2411.2,1,2411.4,4,2411.6,4,2412.0,2,2412.2,2,2412.8,3,2413.0,2,2413.2,2,2413.8,4,2414.0,1,2412.4
IH2412,,13:44:55.300#,2432.4,2436.2,2411.0,2674.0,2188.0,3476,14189,2411.4,4,2411.6,4,2412.0,2,2412.2,2,2412.4,3,2412.8,2,2413.0,2,2413.2,2,2413.8,4,2414.0,1,2412.4
IH2412,,13:44:56.800#,2432.4,2436.2,2411.0,2674.0,2188.0,3476,14189,2411.4,4,2411.6,4,2412.0,2,2412.2,2,2412.4,3,2413.0,2,2413.2,2,2413.8,4,2414.0,1,2414.4,1,2412.4
IH2412,,13:44:57.300#,2432.4,2436.2,2411.0,2674.0,2188.0,3476,14189,2411.4,4,2411.6,4,2412.0,2,2412.2,2,2412.4,3,2413.0,2,2413.2,4,2413.8,4,2414.0,1,2414.4,1,2412.4
IH2412,,13:44:57.800#,2432.4,2436.2,2411.0,2674.0,2188.0,3476,14189,2411.4,4,2411.6,4,2412.0,2,2412.2,2,2412.4,3,2412.8,1,2413.0,2,2413.2,4,2413.8,4,2414.0,1,2412.4
IH2412,,13:45:00.300#,2432.4,2436.2,2411.0,2674.0,2188.0,3476,14189,2411.4,4,2411.6,4,2412.0,2,2412.2,2,2412.4,2,2412.8,1,2413.0,2,2413.2,4,2413.8,4,2414.0,1,2412.4
IH2412,,13:45:00.800#,2432.4,2436.2,2411.0,2674.0,2188.0,3476,14189,2411.4,4,2411.6,4,2412.0,2,2412.2,2,2412.4,2,2412.8,1,2413.0,5,2413.2,4,2413.8,4,2414.0,1,2412.4
IH2412,,13:45:01.300#,2432.4,2436.2,2411.0,2674.0,2188.0,3476,14189,2411.4,4,2411.6,4,2412.0,2,2412.2,2,2412.4,2,2413.0,5,2413.2,4,2413.8,4,2414.0,1,2414.4,1,2412.4
IH2412,,13:45:01.800#,2432.4,2436.2,2411.0,2674.0,2188.0,3476,14189,2411.4,4,2411.6,4,2412.0,2,2412.2,2,2412.4,2,2412.8,4,2413.0,5,2413.2,4,2413.8,4,2414.0,1,2412.4
IH2412,,13:45:02.300#,2432.4,2436.2,2411.0,2674.0,2188.0,3476,14189,2411.4,4,2411.6,4,2412.0,2,2412.2,2,2412.4,2,2412.8,6,2413.0,7,2413.2,4,2413.8,4,2414.0,1,2412.4
IH2412,,13:45:02.800#,2432.4,2436.2,2411.0,2674.0,2188.0,3476,14189,2411.0,4,2411.4,4,2411.6,4,2412.0,2,2412.2,2,2412.8,6,2413.0,7,2413.2,4,2413.8,4,2414.0,1,2412.4
IH2412,,13:45:04.300#,2432.4,2436.2,2411.0,2674.0,2188.0,3477,14188,2411.0,4,2411.4,4,2411.6,4,2412.0,2,2412.2,2,2412.8,4,2413.0,7,2413.2,4,2413.8,4,2414.0,1,2412.2
IH2412,,13:45:04.800#,2432.4,2436.2,2411.0,2674.0,2188.0,3477,14188,2411.0,4,2411.4,4,2411.6,4,2412.0,2,2412.2,2,2412.8,3,2413.0,7,2413.2,4,2413.8,4,2414.0,1,2412.2
IH2412,,13:45:08.800#,2432.4,2436.2,2411.0,2674.0,2188.0,3477,14188,2411.0,4,2411.4,4,2411.6,4,2412.0,2,2412.2,2,2413.0,5,2413.2,4,2413.8,4,2414.0,1,2414.4,1,2412.2
IH2412,,13:45:09.300#,2432.4,2436.2,2411.0,2674.0,2188.0,3477,14188,2411.0,4,2411.4,4,2411.6,4,2412.0,2,2412.2,2,2412.8,4,2413.0,5,2413.2,4,2413.8,4,2414.0,1,2412.2
IH2412,,13:45:09.800#,2432.4,2436.2,2411.0,2674.0,2188.0,3477,14188,2411.4,4,2411.6,4,2412.0,2,2412.2,2,2412.4,1,2412.8,4,2413.0,5,2413.2,4,2413.8,4,2414.0,1,2412.2
IH2412,,13:45:10.800#,2432.4,2436.2,2411.0,2674.0,2188.0,3477,14188,2411.4,4,2411.6,4,2412.0,2,2412.2,2,2412.4,1,2412.8,4,2413.0,2,2413.2,4,2413.8,4,2414.0,1,2412.2
IH2412,,13:45:11.300#,2432.4,2436.2,2411.0,2674.0,2188.0,3477,14188,2411.0,4,2411.4,4,2411.6,4,2412.0,1,2412.2,2,2412.8,4,2413.0,2,2413.2,4,2413.8,4,2414.0,1,2412.2
IH2412,,13:45:12.800#,2432.4,2436.2,2411.0,2674.0,2188.0,3477,14188,2411.0,4,2411.4,4,2411.6,4,2412.0,1,2412.2,2,2412.8,4,2413.0,5,2413.2,4,2413.8,4,2414.0,1,2412.2
IH2412,,13:45:13.300#,2432.4,2436.2,2411.0,2674.0,2188.0,3477,14188,2410.8,1,2411.0,4,2411.4,4,2411.6,4,2412.0,1,2412.6,1,2412.8,4,2413.0,5,2413.2,4,2413.8,4,2412.2
IH2412,,13:45:13.800#,2432.4,2436.2,2411.0,2674.0,2188.0,3477,14188,2410.8,1,2411.0,4,2411.4,3,2411.6,4,2412.0,1,2412.6,1,2412.8,4,2413.0,5,2413.2,4,2413.8,4,2412.2
IH2412,,13:45:16.300#,2432.4,2436.2,2411.0,2674.0,2188.0,3477,14188,2411.0,4,2411.4,3,2411.6,4,2412.0,1,2412.2,1,2412.6,1,2412.8,4,2413.0,5,2413.2,4,2413.8,4,2412.2
IH2412,,13:45:17.300#,2432.4,2436.2,2411.0,2674.0,2188.0,3477,14188,2410.8,1,2411.0,4,2411.4,3,2411.6,4,2412.0,1,2412.6,1,2412.8,4,2413.0,5,2413.2,4,2413.8,4,2412.2
IH2412,,13:45:19.800#,2432.4,2436.2,2411.0,2674.0,2188.0,3477,14188,2410.8,1,2411.0,4,2411.4,3,2411.6,4,2412.0,1,2412.2,1,2412.6,1,2412.8,4,2413.0,5,2413.2,4,2412.2
IH2412,,13:45:20.300#,2432.4,2436.2,2411.0,2674.0,2188.0,3478,14189,2410.8,1,2411.0,4,2411.4,3,2411.6,4,2412.0,3,2412.6,1,2412.8,4,2413.0,5,2413.2,4,2413.8,4,2412.2
IH2412,,13:45:21.800#,2432.4,2436.2,2411.0,2674.0,2188.0,3479,14189,2410.8,1,2411.0,4,2411.4,3,2411.6,4,2412.0,3,2412.8,4,2413.0,5,2413.2,4,2413.8,4,2414.0,1,2412.6
IH2412,,13:45:22.300#,2432.4,2436.2,2411.0,2674.0,2188.0,3479,14189,2410.8,1,2411.0,4,2411.4,3,2411.6,4,2412.0,3,2412.6,5,2412.8,4,2413.0,5,2413.2,4,2413.8,4,2412.6
IH2412,,13:45:22.800#,2432.4,2436.2,2411.0,2674.0,2188.0,3479,14189,2410.8,1,2411.0,4,2411.4,3,2411.6,4,2412.0,1,2412.6,6,2412.8,5,2413.0,5,2413.2,4,2413.8,4,2412.6
IH2412,,13:45:24.800#,2432.4,2436.2,2411.0,2674.0,2188.0,3480,14190,2410.6,3,2410.8,1,2411.0,4,2411.4,3,2411.6,4,2412.6,5,2412.8,5,2413.0,5,2413.2,4,2413.8,4,2412.0
IH2412,,13:45:25.300#,2432.4,2436.2,2411.0,2674.0,2188.0,3480,14190,2411.0,4,2411.4,3,2411.6,4,2411.8,5,2412.0,1,2412.6,5,2412.8,5,2413.0,5,2413.2,4,2413.8,4,2412.0
IH2412,,13:45:25.800#,2432.4,2436.2,2411.0,2674.0,2188.0,3480,14190,2411.0,4,2411.4,3,2411.6,4,2411.8,6,2412.0,1,2412.6,5,2412.8,5,2413.0,5,2413.2,4,2413.8,4,2412.0
IH2412,,13:45:31.800#,2432.4,2436.2,2411.0,2674.0,2188.0,3480,14190,2411.0,4,2411.4,3,2411.6,4,2411.8,5,2412.0,2,2412.6,5,2412.8,5,2413.0,5,2413.2,4,2413.8,4,2412.0
IH2412,,13:45:32.800#,2432.4,2436.2,2411.0,2674.0,2188.0,3480,14190,2411.0,4,2411.4,3,2411.6,4,2411.8,4,2412.0,2,2412.6,5,2412.8,5,2413.0,5,2413.2,4,2413.8,4,2412.0
IH2412,,13:45:39.300#,2432.4,2436.2,2411.0,2674.0,2188.0,3480,14190,2411.0,5,2411.4,3,2411.6,4,2411.8,4,2412.0,2,2412.6,5,2412.8,5,2413.0,5,2413.2,4,2413.8,4,2412.0
IH2412,,13:45:46.300#,2432.4,2436.2,2411.0,2674.0,2188.0,3480,14190,2411.0,5,2411.4,3,2411.6,4,2411.8,4,2412.0,1,2412.6,5,2412.8,5,2413.0,5,2413.2,4,2413.8,4,2412.0
IH2412,,13:45:52.800#,2432.4,2436.2,2411.0,2674.0,2188.0,3481,14190,2410.8,1,2411.0,5,2411.4,3,2411.6,4,2411.8,4,2412.6,5,2412.8,5,2413.0,5,2413.2,4,2413.8,4,2412.0
IH2412,,13:45:55.300#,2432.4,2436.2,2411.0,2674.0,2188.0,3481,14190,2411.0,5,2411.4,3,2411.6,4,2411.8,4,2412.0,1,2412.6,5,2412.8,5,2413.0,5,2413.2,4,2413.8,4,2412.0
IH2412,,13:45:55.800#,2432.4,2436.2,2411.0,2674.0,2188.0,3481,14190,2411.0,5,2411.4,3,2411.6,4,2411.8,5,2412.0,3,2412.6,5,2412.8,5,2413.0,5,2413.2,4,2413.8,4,2412.0
IH2412,,13:45:56.300#,2432.4,2436.2,2411.0,2674.0,2188.0,3481,14190,2411.4,3,2411.6,4,2411.8,3,2412.0,3,2412.2,6,2412.6,1,2412.8,4,2413.0,5,2413.2,4,2413.8,4,2412.0
IH2412,,13:45:57.800#,2432.4,2436.2,2411.0,2674.0,2188.0,3481,14190,2411.4,3,2411.6,4,2411.8,3,2412.0,3,2412.2,5,2412.6,1,2412.8,4,2413.0,5,2413.2,4,2413.8,4,2412.0
IH2412,,13:45:59.300#,2432.4,2436.2,2411.0,2674.0,2188.0,3481,14190,2411.6,3,2411.8,3,2412.0,3,2412.2,5,2412.4,1,2412.6,1,2413.0,5,2413.2,4,2413.8,4,2414.0,1,2412.0
IH2412,,13:45:59.800#,2432.4,2436.2,2411.0,2674.0,2188.0,3482,14190,2411.6,3,2411.8,3,2412.0,3,2412.2,5,2412.4,1,2413.0,2,2413.2,4,2413.8,4,2414.0,1,2414.4,1,2412.6
IH2412,,13:46:00.300#,2432.4,2436.2,2411.0,2674.0,2188.0,3482,14190,2411.8,3,2412.0,3,2412.2,8,2412.4,1,2412.6,1,2413.0,2,2413.2,4,2413.8,4,2414.0,1,2414.4,1,2412.6
IH2412,,13:46:00.800#,2432.4,2436.2,2411.0,2674.0,2188.0,3482,14190,2411.8,3,2412.0,3,2412.2,8,2412.4,1,2412.6,1,2412.8,2,2413.0,2,2413.2,4,2413.8,4,2414.0,1,2412.6
IH2412,,13:46:02.300#,2432.4,2436.2,2411.0,2674.0,2188.0,3482,14190,2411.8,3,2412.0,3,2412.2,5,2412.4,1,2412.6,1,2412.8,2,2413.0,2,2413.2,4,2413.8,4,2414.0,1,2412.6
IH2412,,13:46:03.800#,2432.4,2436.2,2411.0,2674.0,2188.0,3483,14190,2411.4,3,2411.6,3,2411.8,3,2412.0,3,2412.2,5,2412.8,2,2413.0,2,2413.2,4,2413.8,4,2414.0,1,2412.6
IH2412,,13:46:04.300#,2432.4,2436.2,2411.0,2674.0,2188.0,3483,14190,2411.4,3,2411.6,3,2411.8,3,2412.0,3,2412.2,5,2412.6,1,2412.8,2,2413.0,2,2413.2,4,2413.8,4,2412.6
IH2412,,13:46:06.300#,2432.4,2436.2,2411.0,2674.0,2188.0,3483,14190,2411.4,3,2411.6,3,2411.8,3,2412.0,3,2412.2,5,2412.6,1,2412.8,2,2413.0,5,2413.2,4,2413.8,4,2412.6
IH2412,,13:46:07.800#,2432.4,2436.2,2411.0,2674.0,2188.0,3483,14190,2411.4,3,2411.6,3,2411.8,3,2412.0,3,2412.2,3,2412.6,1,2412.8,2,2413.0,5,2413.2,4,2413.8,4,2412.6
IH2412,,13:46:09.800#,2432.4,2436.2,2411.0,2674.0,2188.0,3483,14190,2411.4,3,2411.6,3,2411.8,3,2412.0,3,2412.2,3,2412.4,2,2412.6,2,2412.8,2,2413.0,5,2413.2,4,2412.6
IH2412,,13:46:10.300#,2432.4,2436.2,2411.0,2674.0,2188.0,3483,14190,2411.4,3,2411.6,3,2411.8,3,2412.0,3,2412.2,3,2412.4,2,2412.8,2,2413.0,5,2413.2,4,2413.8,4,2412.6
IH2412,,13:46:11.800#,2432.4,2436.2,2411.0,2674.0,2188.0,3484,14189,2411.4,3,2411.6,3,2411.8,3,2412.0,3,2412.2,3,2412.4,1,2412.8,2,2413.0,5,2413.2,4,2413.8,4,2412.4
IH2412,,13:46:12.800#,2432.4,2436.2,2411.0,2674.0,2188.0,3484,14189,2411.4,3,2411.6,3,2411.8,3,2412.0,3,2412.2,3,2412.8,2,2413.0,5,2413.2,4,2413.8,4,2414.0,1,2412.4
IH2412,,13:46:13.300#,2432.4,2436.2,2411.0,2674.0,2188.0,3484,14189,2411.4,3,2411.6,3,2411.8,3,2412.0,3,2412.2,3,2412.6,2,2412.8,4,2413.0,5,2413.2,4,2413.8,4,2412.4
IH2412,,13:46:17.800#,2432.4,2436.2,2411.0,2674.0,2188.0,3484,14189,2411.4,3,2411.6,3,2411.8,3,2412.0,3,2412.2,3,2412.6,2,2412.8,4,2413.0,3,2413.2,4,2413.8,4,2412.4
IH2412,,13:46:20.800#,2432.4,2436.2,2411.0,2674.0,2188.0,3484,14189,2411.4,3,2411.6,3,2411.8,3,2412.0,3,2412.2,3,2412.6,1,2412.8,4,2413.0,3,2413.2,4,2413.8,4,2412.4
IH2412,,13:46:21.300#,2432.4,2436.2,2411.0,2674.0,2188.0,3484,14189,2411.4,3,2411.6,3,2411.8,3,2412.0,3,2412.2,3,2412.8,2,2413.0,3,2413.2,4,2413.8,4,2414.0,1,2412.4
IH2412,,13:46:21.800#,2432.4,2436.2,2411.0,2674.0,2188.0,3484,14189,2411.6,3,2411.8,3,2412.0,3,2412.2,2,2412.4,1,2412.8,2,2413.0,3,2413.2,4,2413.8,4,2414.0,1,2412.4
IH2412,,13:46:23.300#,2432.4,2436.2,2411.0,2674.0,2188.0,3484,14189,2411.4,3,2411.6,3,2411.8,3,2412.0,3,2412.2,2,2412.8,2,2413.0,3,2413.2,4,2413.8,4,2414.0,1,2412.4
IH2412,,13:46:31.300#,2432.4,2436.2,2411.0,2674.0,2188.0,3484,14189,2411.4,3,2411.6,3,2411.8,3,2412.0,3,2412.2,2,2412.8,4,2413.0,3,2413.2,4,2413.8,4,2414.0,1,2412.4
IH2412,,13:46:31.800#,2432.4,2436.2,2411.0,2674.0,2188.0,3484,14189,2411.4,3,2411.6,3,2411.8,3,2412.0,3,2412.2,2,2412.6,1,2412.8,4,2413.0,3,2413.2,4,2413.8,4,2412.4
IH2412,,13:46:34.800#,2432.4,2436.2,2411.0,2674.0,2188.0,3484,14189,2411.6,3,2411.8,3,2412.0,3,2412.2,2,2412.4,1,2412.6,1,2412.8,4,2413.0,3,2413.2,4,2413.8,4,2412.4
IH2412,,13:46:35.300#,2432.4,2436.2,2411.0,2674.0,2188.0,3484,14189,2411.6,3,2411.8,3,2412.0,3,2412.2,2,2412.4,1,2412.8,2,2413.0,3,2413.2,4,2413.8,4,2414.0,1,2412.4
IH2412,,13:46:35.800#,2432.4,2436.2,2411.0,2674.0,2188.0,3484,14189,2411.4,3,2411.6,3,2411.8,3,2412.0,3,2412.2,1,2412.8,2,2413.0,3,2413.2,4,2413.8,4,2414.0,1,2412.4
IH2412,,13:46:38.800#,2432.4,2436.2,2411.0,2674.0,2188.0,3484,14189,2411.6,3,2411.8,3,2412.0,3,2412.2,1,2412.4,1,2412.8,2,2413.0,3,2413.2,4,2413.8,4,2414.0,1,2412.4
IH2412,,13:46:39.800#,2432.4,2436.2,2411.0,2674.0,2188.0,3484,14189,2411.6,3,2411.8,3,2412.0,3,2412.2,1,2412.4,1,2413.0,3,2413.2,4,2413.8,4,2414.0,1,2414.4,1,2412.4
IH2412,,13:46:41.300#,2432.4,2436.2,2411.0,2674.0,2188.0,3484,14189,2411.8,3,2412.0,3,2412.2,1,2412.4,1,2412.6,2,2413.0,3,2413.2,4,2413.8,4,2414.0,1,2414.4,1,2412.4
IH2412,,13:46:42.300#,2432.4,2436.2,2411.0,2674.0,2188.0,3484,14189,2411.6,3,2411.8,3,2412.0,3,2412.2,1,2412.4,1,2412.8,2,2413.0,3,2413.2,4,2413.8,4,2414.0,1,2412.4
IH2412,,13:46:46.800#,2432.4,2436.2,2411.0,2674.0,2188.0,3484,14189,2411.8,3,2412.0,3,2412.2,1,2412.4,1,2412.6,2,2413.0,3,2413.2,4,2413.8,4,2414.0,1,2414.4,1,2412.4
IH2412,,13:46:47.300#,2432.4,2436.2,2411.0,2674.0,2188.0,3484,14189,2411.6,3,2411.8,3,2412.0,3,2412.2,1,2412.4,1,2412.8,2,2413.0,3,2413.2,4,2413.8,4,2414.0,1,2412.4
IH2412,,13:46:47.800#,2432.4,2436.2,2411.0,2674.0,2188.0,3484,14189,2411.8,3,2412.0,3,2412.2,1,2412.4,1,2412.6,2,2412.8,2,2413.0,3,2413.2,4,2413.8,4,2414.0,1,2412.4
IH2412,,13:46:49.300#,2432.4,2436.2,2411.0,2674.0,2188.0,3484,14189,2411.6,3,2411.8,3,2412.0,3,2412.2,1,2412.4,1,2412.8,2,2413.0,3,2413.2,4,2413.8,4,2414.0,1,2412.4
IH2412,,13:46:52.300#,2432.4,2436.2,2411.0,2674.0,2188.0,3484,14189,2411.6,3,2411.8,3,2412.0,3,2412.2,1,2412.4,1,2413.0,3,2413.2,4,2413.8,4,2414.0,1,2414.4,1,2412.4
IH2412,,13:46:52.800#,2432.4,2436.2,2411.0,2674.0,2188.0,3484,14189,2411.6,3,2411.8,3,2412.0,3,2412.2,1,2412.4,1,2412.8,3,2413.0,3,2413.2,4,2413.8,4,2414.0,1,2412.4
IH2412,,13:46:55.800#,2432.4,2436.2,2411.0,2674.0,2188.0,3484,14189,2411.8,3,2412.0,3,2412.2,1,2412.4,1,2412.6,2,2412.8,1,2413.0,3,2413.2,4,2413.8,4,2414.0,1,2412.4
IH2412,,13:46:56.300#,2432.4,2436.2,2411.0,2674.0,2188.0,3484,14189,2411.8,3,2412.0,3,2412.2,1,2412.4,1,2412.6,2,2413.0,3,2413.2,4,2413.8,4,2414.0,1,2414.4,1,2412.4
IH2412,,13:46:56.800#,2432.4,2436.2,2411.0,2674.0,2188.0,3484,14189,2411.6,3,2411.8,3,2412.0,3,2412.2,1,2412.4,1,2412.8,2,2413.0,3,2413.2,4,2413.8,4,2414.0,1,2412.4
IH2412,,13:46:58.800#,2432.4,2436.2,2411.0,2674.0,2188.0,3484,14189,2411.8,3,2412.0,3,2412.2,1,2412.4,1,2412.6,1,2412.8,2,2413.0,3,2413.2,4,2413.8,4,2414.0,1,2412.4
IH2412,,13:47:00.300#,2432.4,2436.2,2411.0,2674.0,2188.0,3485,14188,2411.6,3,2411.8,3,2412.0,3,2412.2,1,2412.4,1,2412.6,1,2413.0,3,2413.2,4,2413.8,4,2414.0,1,2412.6
IH2412,,13:47:00.800#,2432.4,2436.2,2411.0,2674.0,2188.0,3485,14188,2411.6,3,2411.8,3,2412.0,3,2412.2,1,2412.4,1,2412.6,1,2412.8,2,2413.0,3,2413.2,4,2413.8,4,2412.6
IH2412,,13:47:01.800#,2432.4,2436.2,2411.0,2674.0,2188.0,3486,14188,2411.8,3,2412.0,3,2412.2,1,2412.4,1,2412.6,2,2412.8,2,2413.0,3,2413.2,4,2413.8,4,2414.0,1,2412.6
IH2412,,13:47:02.300#,2432.4,2436.2,2411.0,2674.0,2188.0,3486,14188,2411.8,3,2412.0,3,2412.2,1,2412.4,1,2412.6,2,2413.0,3,2413.2,4,2413.8,4,2414.0,1,2414.4,1,2412.6
IH2412,,13:47:03.300#,2432.4,2436.2,2411.0,2674.0,2188.0,3486,14188,2411.8,3,2412.0,3,2412.2,1,2412.4,1,2412.6,2,2413.2,4,2413.8,4,2414.0,1,2414.4,1,2414.6,3,2412.6
IH2412,,13:47:03.800#,2432.4,2436.2,2411.0,2674.0,2188.0,3486,14188,2411.8,3,2412.0,3,2412.2,4,2412.4,1,2412.6,2,2413.2,4,2413.8,4,2414.0,1,2414.4,1,2414.6,3,2412.6
IH2412,,13:47:04.300#,2432.4,2436.2,2411.0,2674.0,2188.0,3486,14188,2412.0,2,2412.2,4,2412.4,1,2412.6,2,2412.8,1,2413.2,4,2413.8,4,2414.0,1,2414.4,1,2414.6,3,2412.6
IH2412,,13:47:05.300#,2432.4,2436.2,2411.0,2674.0,2188.0,3486,14188,2412.0,2,2412.2,4,2412.4,1,2412.6,4,2412.8,1,2413.2,2,2413.8,4,2414.0,1,2414.4,1,2414.6,3,2412.6
IH2412,,13:47:05.800#,2432.4,2436.2,2411.0,2674.0,2188.0,3486,14188,2412.0,2,2412.2,4,2412.4,1,2412.6,4,2412.8,1,2413.2,4,2413.4,2,2413.6,2,2413.8,4,2414.0,1,2412.6
IH2412,,13:47:06.300#,2432.4,2436.2,2411.0,2674.0,2188.0,3486,14188,2412.0,2,2412.2,4,2412.4,1,2412.6,4,2412.8,1,2413.2,2,2413.4,2,2413.6,2,2413.8,4,2414.0,1,2412.6
IH2412,,13:47:06.800#,2432.4,2436.2,2411.0,2674.0,2188.0,3486,14188,2412.0,2,2412.2,4,2412.4,1,2412.6,4,2412.8,1,2413.2,2,2413.6,2,2413.8,4,2414.0,1,2414.4,1,2412.6
IH2412,,13:47:07.300#,2432.4,2436.2,2411.0,2674.0,2188.0,3486,14188,2412.0,2,2412.2,4,2412.4,1,2412.6,4,2412.8,1,2413.2,2,2413.6,4,2413.8,4,2414.0,1,2414.4,1,2412.6
IH2412,,13:47:16.800#,2432.4,2436.2,2411.0,2674.0,2188.0,3486,14188,2411.8,3,2412.0,2,2412.2,4,2412.4,1,2412.6,4,2413.2,2,2413.6,4,2413.8,4,2414.0,1,2414.4,1,2412.6
IH2412,,13:47:19.300#,2432.4,2436.2,2411.0,2674.0,2188.0,3486,14188,2412.0,2,2412.2,4,2412.4,1,2412.6,4,2412.8,1,2413.2,2,2413.6,4,2413.8,4,2414.0,1,2414.4,1,2412.6
IH2412,,13:47:23.300#,2432.4,2436.2,2411.0,2674.0,2188.0,3488,14188,2412.0,2,2412.2,4,2412.4,1,2412.6,4,2412.8,1,2413.6,4,2413.8,4,2414.0,1,2414.4,1,2414.6,3,2413.2
IH2412,,13:47:23.800#,2432.4,2436.2,2411.0,2674.0,2188.0,3488,14188,2412.0,2,2412.2,4,2412.4,1,2412.6,4,2412.8,1,2413.6,6,2413.8,4,2414.0,1,2414.4,1,2414.6,3,2413.2
IH2412,,13:47:24.300#,2432.4,2436.2,2411.0,2674.0,2188.0,3488,14188,2412.0,2,2412.2,4,2412.4,1,2412.6,4,2412.8,2,2413.6,6,2413.8,4,2414.0,1,2414.4,1,2414.6,3,2413.2
IH2412,,13:47:25.800#,2432.4,2436.2,2411.0,2674.0,2188.0,3488,14188,2412.2,4,2412.4,1,2412.6,4,2412.8,2,2413.0,11,2413.6,4,2413.8,4,2414.0,1,2414.4,1,2414.6,3,2413.2
IH2412,,13:47:26.300#,2432.4,2436.2,2411.0,2674.0,2188.0,3488,14188,2412.2,4,2412.6,4,2412.8,2,2413.0,8,2413.2,4,2413.6,2,2413.8,4,2414.0,1,2414.4,1,2414.6,3,2413.2
IH2412,,13:47:26.800#,2432.4,2436.2,2411.0,2674.0,2188.0,3488,14188,2412.6,4,2412.8,2,2413.0,6,2413.2,5,2413.4,2,2413.8,4,2414.4,1,2414.6,3,2415.0,3,2415.4,3,2413.2
IH2412,,13:47:27.800#,2432.4,2436.2,2411.0,2674.0,2188.0,3488,14188,2412.6,4,2412.8,2,2413.0,6,2413.2,5,2413.4,2,2413.8,1,2414.4,1,2414.6,3,2415.0,3,2415.4,3,2413.2
IH2412,,13:47:28.300#,2432.4,2436.2,2411.0,2674.0,2188.0,3488,14188,2412.6,4,2412.8,2,2413.0,9,2413.2,5,2413.4,2,2413.8,1,2414.4,1,2414.6,3,2415.0,3,2415.4,3,2413.2
IH2412,,13:47:29.300#,2432.4,2436.2,2411.0,2674.0,2188.0,3488,14188,2412.6,4,2412.8,2,2413.0,9,2413.2,5,2413.4,2,2413.8,1,2414.4,2,2414.6,3,2415.0,3,2415.4,3,2413.2
IH2412,,13:47:29.800#,2432.4,2436.2,2411.0,2674.0,2188.0,3488,14188,2412.6,4,2412.8,2,2413.0,9,2413.2,5,2413.4,2,2414.4,2,2414.6,3,2415.0,3,2415.4,3,2415.8,1,2413.2
IH2412,,13:47:30.300#,2432.4,2436.2,2411.0,2674.0,2188.0,3488,14188,2412.6,4,2412.8,2,2413.0,9,2413.2,4,2413.4,2,2414.0,1,2414.2,15,2414.4,6,2414.6,3,2415.0,3,2413.2
IH2412,,13:47:30.800#,2432.4,2436.2,2411.0,2674.0,2188.0,3488,14188,2412.6,4,2412.8,2,2413.0,6,2413.2,4,2413.4,2,2413.8,1,2414.0,2,2414.2,15,2414.4,6,2414.6,3,2413.2
IH2412,,13:47:31.300#,2432.4,2436.2,2411.0,2674.0,2188.0,3488,14188,2412.6,4,2412.8,2,2413.0,6,2413.2,4,2413.4,2,2414.0,2,2414.2,14,2414.4,6,2414.6,3,2415.0,3,2413.2
IH2412,,13:47:32.300#,2432.4,2436.2,2411.0,2674.0,2188.0,3488,14188,2412.6,4,2412.8,2,2413.0,6,2413.2,4,2413.4,2,2414.0,2,2414.2,13,2414.4,6,2414.6,3,2415.0,3,2413.2
IH2412,,13:47:32.800#,2432.4,2436.2,2411.0,2674.0,2188.0,3488,14188,2412.6,4,2412.8,2,2413.0,6,2413.2,4,2413.4,2,2414.0,1,2414.2,13,2414.4,6,2414.6,3,2415.0,3,2413.2
IH2412,,13:47:33.300#,2432.4,2436.2,2411.0,2674.0,2188.0,3488,14188,2412.2,4,2412.6,4,2412.8,2,2413.0,6,2413.2,4,2414.0,1,2414.2,13,2414.4,6,2414.6,3,2415.0,3,2413.2
IH2412,,13:47:33.800#,2432.4,2436.2,2411.0,2674.0,2188.0,3488,14188,2412.2,4,2412.6,4,2412.8,2,2413.0,6,2413.2,4,2414.0,2,2414.2,13,2414.4,6,2414.6,3,2415.0,3,2413.2
IH2412,,13:47:34.300#,2432.4,2436.2,2411.0,2674.0,2188.0,3488,14188,2412.2,4,2412.6,4,2412.8,3,2413.0,6,2413.2,4,2413.8,3,2414.0,2,2414.2,13,2414.4,6,2414.6,3,2413.2
IH2412,,13:47:34.800#,2432.4,2436.2,2411.0,2674.0,2188.0,3488,14188,2412.2,4,2412.6,4,2412.8,3,2413.0,6,2413.2,4,2413.8,4,2414.0,2,2414.2,12,2414.4,6,2414.6,3,2413.2
IH2412,,13:47:35.300#,2432.4,2436.2,2411.0,2674.0,2188.0,3488,14188,2412.2,4,2412.6,4,2412.8,3,2413.0,6,2413.2,3,2413.8,4,2414.0,2,2414.2,11,2414.4,6,2414.6,3,2413.2
IH2412,,13:47:37.300#,2432.4,2436.2,2411.0,2674.0,2188.0,3488,14188,2412.6,4,2412.8,3,2413.0,6,2413.2,3,2413.4,2,2413.8,4,2414.0,2,2414.2,11,2414.4,6,2414.6,3,2413.2
IH2412,,13:47:37.800#,2432.4,2436.2,2411.0,2674.0,2188.0,3488,14188,2412.6,4,2412.8,3,2413.0,6,2413.2,3,2413.4,2,2413.8,3,2414.0,2,2414.2,11,2414.4,6,2414.6,3,2413.2
IH2412,,13:47:38.300#,2432.4,2436.2,2411.0,2674.0,2188.0,3488,14188,2412.2,4,2412.6,4,2412.8,3,2413.0,6,2413.2,3,2413.8,3,2414.0,2,2414.2,11,2414.4,6,2414.6,3,2413.2
IH2412,,13:47:39.300#,2432.4,2436.2,2411.0,2674.0,2188.0,3490,14187,2412.2,4,2412.6,4,2412.8,3,2413.0,6,2413.2,3,2413.8,1,2414.0,2,2414.2,11,2414.4,6,2414.6,3,2413.8
IH2412,,13:47:39.800#,2432.4,2436.2,2411.0,2674.0,2188.0,3490,14187,2412.6,4,2412.8,3,2413.0,6,2413.2,3,2413.4,2,2413.8,1,2414.0,2,2414.2,11,2414.4,6,2414.6,3,2413.8
IH2412,,13:47:40.300#,2432.4,2436.2,2411.0,2674.0,2188.0,3491,14186,2412.8,3,2413.0,6,2413.2,3,2413.4,2,2413.8,2,2414.0,2,2414.2,11,2414.4,6,2414.6,3,2415.0,3,2413.8
IH2412,,13:47:40.800#,2432.4,2436.2,2411.0,2674.0,2188.0,3493,14186,2412.2,4,2412.8,3,2413.0,6,2413.2,3,2413.4,2,2413.8,1,2414.0,2,2414.2,11,2414.4,6,2414.6,3,2413.8
IH2412,,13:47:42.300#,2432.4,2436.2,2411.0,2674.0,2188.0,3493,14186,2412.2,4,2412.8,3,2413.0,6,2413.2,3,2413.4,2,2413.8,1,2414.0,1,2414.2,11,2414.4,6,2414.6,3,2413.8
IH2412,,13:47:42.800#,2432.4,2436.2,2411.0,2674.0,2188.0,3493,14186,2412.2,4,2412.8,3,2413.0,6,2413.2,3,2413.4,2,2413.8,2,2414.0,1,2414.2,11,2414.4,6,2414.6,3,2413.8
IH2412,,13:47:44.300#,2432.4,2436.2,2411.0,2674.0,2188.0,3493,14186,2412.0,1,2412.2,4,2412.8,3,2413.0,6,2413.2,3,2413.8,5,2414.0,1,2414.2,11,2414.4,6,2414.6,3,2413.8
IH2412,,13:47:44.800#,2432.4,2436.2,2411.0,2674.0,2188.0,3493,14186,2412.0,1,2412.2,4,2412.8,3,2413.0,8,2413.2,2,2413.8,5,2414.0,1,2414.2,11,2414.4,6,2414.6,3,2413.8
IH2412,,13:47:45.800#,2432.4,2436.2,2411.0,2674.0,2188.0,3493,14186,2412.0,1,2412.2,4,2412.8,3,2413.0,6,2413.2,2,2413.8,5,2414.0,1,2414.2,11,2414.4,6,2414.6,3,2413.8
IH2412,,13:47:46.300#,2432.4,2436.2,2411.0,2674.0,2188.0,3493,14186,2412.0,1,2412.2,4,2412.8,3,2413.0,2,2413.2,1,2413.6,9,2413.8,4,2414.0,1,2414.2,10,2414.4,4,2413.8
IH2412,,13:47:46.800#,2432.4,2436.2,2411.0,2674.0,2188.0,3493,14186,2411.8,1,2412.0,1,2412.2,4,2412.8,3,2413.0,2,2413.4,2,2413.6,9,2413.8,4,2414.0,1,2414.2,10,2413.8
IH2412,,13:47:47.300#,2432.4,2436.2,2411.0,2674.0,2188.0,3493,14186,2411.4,3,2411.8,1,2412.0,1,2412.2,4,2412.8,3,2413.2,1,2413.6,6,2413.8,4,2414.0,1,2414.2,10,2413.8
IH2412,,13:47:47.800#,2432.4,2436.2,2411.0,2674.0,2188.0,3494,14185,2412.2,4,2412.6,2,2412.8,2,2413.0,7,2413.2,2,2413.6,6,2413.8,4,2414.2,8,2414.4,2,2414.6,3,2413.2
IH2412,,13:47:49.300#,2432.4,2436.2,2411.0,2674.0,2188.0,3495,14185,2412.0,1,2412.2,4,2412.6,2,2412.8,2,2413.0,5,2413.6,5,2413.8,4,2414.2,8,2414.4,2,2414.6,3,2413.6
IH2412,,13:47:50.300#,2432.4,2436.2,2411.0,2674.0,2188.0,3495,14185,2412.2,4,2412.6,2,2412.8,2,2413.0,5,2413.2,2,2413.6,5,2413.8,4,2414.2,8,2414.4,2,2414.6,3,2413.6
IH2412,,13:47:51.300#,2432.4,2436.2,2411.0,2674.0,2188.0,3495,14185,2412.0,1,2412.2,4,2412.6,2,2412.8,2,2413.0,5,2413.6,5,2413.8,4,2414.2,8,2414.4,2,2414.6,3,2413.6
IH2412,,13:47:52.300#,2432.4,2436.2,2411.0,2674.0,2188.0,3495,14185,2412.2,4,2412.6,2,2412.8,2,2413.0,5,2413.2,2,2413.6,5,2413.8,4,2414.2,8,2414.4,2,2414.6,3,2413.6
IH2412,,13:47:53.300#,2432.4,2436.2,2411.0,2674.0,2188.0,3495,14185,2412.0,1,2412.2,4,2412.6,2,2412.8,2,2413.0,6,2413.6,5,2413.8,4,2414.2,8,2414.4,2,2414.6,3,2413.6
IH2412,,13:47:54.300#,2432.4,2436.2,2411.0,2674.0,2188.0,3495,14185,2412.0,1,2412.2,4,2412.6,2,2412.8,2,2413.0,7,2413.6,5,2413.8,4,2414.2,8,2414.4,2,2414.6,3,2413.6
IH2412,,13:47:54.800#,2432.4,2436.2,2411.0,2674.0,2188.0,3495,14185,2412.0,1,2412.2,4,2412.6,2,2412.8,2,2413.0,7,2413.6,5,2413.8,6,2414.2,8,2414.4,2,2414.6,3,2413.6
IH2412,,13:47:55.800#,2432.4,2436.2,2411.0,2674.0,2188.0,3495,14185,2412.2,4,2412.6,2,2412.8,2,2413.0,7,2413.2,2,2413.6,3,2413.8,6,2414.2,8,2414.4,2,2414.6,3,2413.6
IH2412,,13:48:01.300#,2432.4,2436.2,2411.0,2674.0,2188.0,3495,14185,2412.0,1,2412.2,4,2412.6,2,2412.8,2,2413.0,7,2413.6,3,2413.8,6,2414.2,8,2414.4,2,2414.6,3,2413.6
IH2412,,13:48:01.800#,2432.4,2436.2,2411.0,2674.0,2188.0,3495,14185,2412.0,1,2412.2,4,2412.6,2,2412.8,2,2413.0,6,2413.4,1,2413.6,3,2413.8,6,2414.2,8,2414.4,2,2413.6
IH2412,,13:48:02.300#,2432.4,2436.2,2411.0,2674.0,2188.0,3495,14185,2412.0,1,2412.2,4,2412.6,2,2412.8,2,2413.0,6,2413.4,4,2413.6,4,2413.8,6,2414.2,8,2414.4,2,2413.6
IH2412,,13:48:02.800#,2432.4,2436.2,2411.0,2674.0,2188.0,3495,14185,2412.0,1,2412.2,4,2412.6,2,2412.8,1,2413.0,5,2413.4,4,2413.6,4,2413.8,6,2414.2,8,2414.4,2,2413.6
IH2412,,13:48:03.300#,2432.4,2436.2,2411.0,2674.0,2188.0,3495,14185,2412.0,1,2412.2,4,2412.6,2,2412.8,1,2413.0,5,2413.4,1,2413.6,4,2413.8,6,2414.2,8,2414.4,2,2413.6
IH2412,,13:48:03.800#,2432.4,2436.2,2411.0,2674.0,2188.0,3495,14185,2412.0,1,2412.2,4,2412.6,2,2412.8,1,2413.0,5,2413.6,3,2413.8,6,2414.2,8,2414.4,2,2414.6,3,2413.6
IH2412,,13:48:07.300#,2432.4,2436.2,2411.0,2674.0,2188.0,3495,14185,2412.0,1,2412.2,4,2412.6,2,2412.8,1,2413.0,5,2413.4,1,2413.6,3,2413.8,6,2414.2,8,2414.4,2,2413.6
IH2412,,13:48:09.300#,2432.4,2436.2,2411.0,2674.0,2188.0,3495,14185,2412.0,1,2412.2,4,2412.6,2,2412.8,1,2413.0,5,2413.6,3,2413.8,6,2414.2,8,2414.4,2,2414.6,3,2413.6
IH2412,,13:48:09.800#,2432.4,2436.2,2411.0,2674.0,2188.0,3495,14185,2412.0,1,2412.2,4,2412.6,2,2412.8,1,2413.0,5,2413.4,1,2413.6,3,2413.8,6,2414.2,8,2414.4,2,2413.6
IH2412,,13:48:10.300#,2432.4,2436.2,2411.0,2674.0,2188.0,3495,14185,2412.0,1,2412.2,4,2412.6,2,2412.8,1,2413.0,5,2413.4,1,2413.6,4,2413.8,6,2414.2,8,2414.4,2,2413.6
IH2412,,13:48:12.300#,2432.4,2436.2,2411.0,2674.0,2188.0,3495,14185,2412.0,1,2412.2,4,2412.6,2,2412.8,1,2413.0,4,2413.4,1,2413.6,4,2413.8,6,2414.2,8,2414.4,2,2413.6
IH2412,,13:48:16.800#,2432.4,2436.2,2411.0,2674.0,2188.0,3496,14186,2412.0,1,2412.2,4,2412.6,2,2412.8,1,2413.0,4,2413.6,4,2413.8,6,2414.2,8,2414.4,2,2414.6,3,2413.4
IH2412,,13:48:17.300#,2432.4,2436.2,2411.0,2674.0,2188.0,3496,14186,2412.0,1,2412.2,3,2412.6,2,2412.8,1,2413.0,2,2413.6,4,2413.8,6,2414.2,8,2414.4,2,2414.6,3,2413.4
IH2412,,13:48:18.800#,2432.4,2436.2,2411.0,2674.0,2188.0,3496,14186,2412.2,3,2412.6,2,2412.8,1,2413.0,2,2413.4,1,2413.6,4,2413.8,6,2414.2,8,2414.4,2,2414.6,3,2413.4
IH2412,,13:48:19.300#,2432.4,2436.2,2411.0,2674.0,2188.0,3497,14187,2412.0,1,2412.2,3,2412.6,2,2412.8,1,2413.0,2,2413.4,1,2413.6,4,2413.8,6,2414.2,7,2414.4,2,2413.4
IH2412,,13:48:22.800#,2432.4,2436.2,2411.0,2674.0,2188.0,3497,14187,2412.0,1,2412.2,3,2412.6,2,2412.8,1,2413.0,2,2413.4,2,2413.6,4,2413.8,6,2414.2,7,2414.4,2,2413.4
IH2412,,13:48:23.300#,2432.4,2436.2,2411.0,2674.0,2188.0,3499,14189,2411.8,1,2412.0,1,2412.2,3,2412.6,2,2412.8,1,2413.2,5,2413.4,2,2413.6,4,2413.8,6,2414.2,7,2413.0
IH2412,,13:48:23.800#,2432.4,2436.2,2411.0,2674.0,2188.0,3499,14189,2411.8,1,2412.0,1,2412.2,3,2412.6,2,2412.8,1,2413.2,5,2413.4,1,2413.6,4,2413.8,6,2414.2,7,2413.0
IH2412,,13:48:26.300#,2432.4,2436.2,2411.0,2674.0,2188.0,3499,14189,2411.8,1,2412.0,1,2412.2,3,2412.6,2,2412.8,1,2413.2,4,2413.4,1,2413.6,4,2413.8,6,2414.2,7,2413.0
IH2412,,13:48:26.800#,2432.4,2436.2,2411.0,2674.0,2188.0,3499,14189,2411.8,1,2412.0,1,2412.2,3,2412.6,2,2412.8,1,2413.2,2,2413.4,1,2413.6,4,2413.8,6,2414.2,7,2413.0
IH2412,,13:48:27.300#,2432.4,2436.2,2411.0,2674.0,2188.0,3499,14189,2411.8,1,2412.0,1,2412.2,3,2412.6,2,2412.8,1,2413.6,4,2413.8,6,2414.2,7,2414.4,2,2414.6,3,2413.0
IH2412,,13:48:28.300#,2432.4,2436.2,2411.0,2674.0,2188.0,3499,14189,2411.8,1,2412.0,1,2412.2,3,2412.6,2,2412.8,1,2413.4,3,2413.6,4,2413.8,6,2414.2,7,2414.4,2,2413.0
IH2412,,13:48:29.800#,2432.4,2436.2,2411.0,2674.0,2188.0,3500,14189,2411.8,1,2412.0,1,2412.2,3,2412.6,2,2412.8,1,2413.4,2,2413.6,4,2413.8,6,2414.2,7,2414.4,2,2413.4
IH2412,,13:48:31.800#,2432.4,2436.2,2411.0,2674.0,2188.0,3500,14189,2412.0,1,2412.2,3,2412.6,2,2412.8,1,2413.0,1,2413.4,2,2413.6,4,2413.8,6,2414.2,7,2414.4,2,2413.4
IH2412,,13:48:37.800#,2432.4,2436.2,2411.0,2674.0,2188.0,3500,14189,2412.0,1,2412.2,3,2412.6,2,2412.8,1,2413.0,1,2413.6,4,2413.8,6,2414.2,7,2414.4,2,2414.6,3,2413.4
IH2412,,13:48:38.300#,2432.4,2436.2,2411.0,2674.0,2188.0,3500,14189,2412.0,1,2412.2,3,2412.6,2,2412.8,1,2413.0,1,2413.4,1,2413.6,4,2413.8,6,2414.2,7,2414.4,2,2413.4
IH2412,,13:48:48.800#,2432.4,2436.2,2411.0,2674.0,2188.0,3500,14189,2412.2,3,2412.6,2,2412.8,1,2413.0,1,2413.2,2,2413.4,1,2413.6,4,2413.8,6,2414.2,7,2414.4,2,2413.4
IH2412,,13:48:49.300#,2432.4,2436.2,2411.0,2674.0,2188.0,3501,14188,2412.2,3,2412.6,2,2412.8,1,2413.0,1,2413.2,1,2413.4,1,2413.6,4,2413.8,6,2414.2,7,2414.4,2,2413.2
IH2412,,13:48:49.800#,2432.4,2436.2,2411.0,2674.0,2188.0,3501,14188,2412.0,1,2412.2,3,2412.6,2,2412.8,1,2413.0,1,2413.6,4,2413.8,4,2414.2,7,2414.4,2,2414.6,3,2413.2
IH2412,,13:48:53.800#,2432.4,2436.2,2411.0,2674.0,2188.0,3502,14187,2411.8,1,2412.0,1,2412.2,3,2412.6,2,2412.8,1,2413.0,2,2413.6,4,2413.8,4,2414.2,7,2414.4,2,2413.0
IH2412,,13:48:54.300#,2432.4,2436.2,2411.0,2674.0,2188.0,3504,14186,2412.0,1,2412.2,3,2412.6,2,2412.8,2,2413.0,1,2413.6,4,2413.8,4,2414.2,5,2414.4,2,2414.6,3,2413.0
IH2412,,13:48:54.800#,2432.4,2436.2,2411.0,2674.0,2188.0,3504,14186,2412.0,1,2412.2,3,2412.6,2,2412.8,2,2413.0,1,2413.4,1,2413.6,4,2413.8,4,2414.2,5,2414.4,2,2413.0
IH2412,,13:49:01.300#,2432.4,2436.2,2411.0,2674.0,2188.0,3504,14186,2411.8,1,2412.0,1,2412.2,3,2412.6,2,2412.8,2,2413.4,1,2413.6,4,2413.8,4,2414.2,5,2414.4,2,2413.0
IH2412,,13:49:02.800#,2432.4,2436.2,2411.0,2674.0,2188.0,3504,14186,2412.0,1,2412.2,3,2412.6,2,2412.8,2,2413.0,1,2413.4,1,2413.6,4,2413.8,4,2414.2,5,2414.4,2,2413.0
IH2412,,13:49:03.300#,2432.4,2436.2,2411.0,2674.0,2188.0,3504,14186,2411.8,1,2412.0,1,2412.2,3,2412.6,2,2412.8,2,2413.4,1,2413.6,4,2413.8,4,2414.2,5,2414.4,2,2413.0
IH2412,,13:49:03.800#,2432.4,2436.2,2411.0,2674.0,2188.0,3504,14186,2412.0,1,2412.2,3,2412.6,2,2412.8,2,2413.0,1,2413.4,1,2413.6,4,2413.8,4,2414.2,5,2414.4,2,2413.0
IH2412,,13:49:08.800#,2432.4,2436.2,2411.0,2674.0,2188.0,3505,14186,2411.8,1,2412.0,1,2412.2,3,2412.6,2,2412.8,2,2413.4,1,2413.6,4,2413.8,4,2414.2,5,2414.4,2,2413.0
IH2412,,13:49:15.300#,2432.4,2436.2,2411.0,2674.0,2188.0,3505,14186,2411.8,1,2412.0,1,2412.2,3,2412.6,2,2412.8,2,2413.2,2,2413.4,1,2413.6,4,2413.8,4,2414.2,5,2413.0
IH2412,,13:49:15.800#,2432.4,2436.2,2411.0,2674.0,2188.0,3505,14186,2411.8,1,2412.0,1,2412.2,3,2412.6,2,2412.8,2,2413.0,1,2413.2,2,2413.4,1,2413.6,4,2413.8,4,2413.0
IH2412,,13:49:16.300#,2432.4,2436.2,2411.0,2674.0,2188.0,3506,14187,2411.8,1,2412.0,1,2412.2,3,2412.6,2,2412.8,2,2413.2,2,2413.4,1,2413.6,4,2413.8,4,2414.2,5,2413.0
IH2412,,13:49:18.800#,2432.4,2436.2,2411.0,2674.0,2188.0,3506,14187,2411.8,1,2412.0,1,2412.2,3,2412.6,2,2412.8,1,2413.2,2,2413.4,1,2413.6,4,2413.8,4,2414.2,5,2413.0
