InstrumentId,ExchangeId,Datetime,OpenPrice,HighestPrice,LowestPrice,UpperLimitPrice,LowerLimitPrice,Volume,OpenInterest,BidPrice5,BidVolume5,BidPrice4,BidVolume4,BidPrice3,BidVolume3,BidPrice2,BidVolume2,BidPrice1,BidVolume1,AskPrice1,AskVolume1,AskPrice2,AskVolume2,AskPrice3,AskVolume3,AskPrice4,AskVolume4,AskPrice5,AskVolume5,LastPrice
IH2409,,13:38:35.300#,2430.0,2435.2,2410.0,2672.6,2187.0,10324,47916,2409.4,1,2409.6,3,2409.8,3,2410.0,22,2410.2,3,2410.6,2,2410.8,3,2411.0,13,2411.2,3,2411.4,3,2410.6
IH2409,,13:38:35.800#,2430.0,2435.2,2410.0,2672.6,2187.0,10324,47916,2409.4,1,2409.6,3,2409.8,3,2410.0,22,2410.2,3,2410.6,3,2410.8,3,2411.0,12,2411.2,3,2411.4,3,2410.6
IH2409,,13:38:41.300#,2430.0,2435.2,2410.0,2672.6,2187.0,10324,47916,2409.6,3,2409.8,3,2410.0,22,2410.2,3,2410.4,1,2410.6,3,2410.8,3,2411.0,12,2411.2,3,2411.4,3,2410.6
IH2409,,13:38:41.800#,2430.0,2435.2,2410.0,2672.6,2187.0,10325,47917,2409.4,1,2409.6,3,2409.8,3,2410.0,22,2410.2,3,2410.6,5,2410.8,3,2411.0,12,2411.2,3,2411.4,3,2410.4
IH2409,,13:38:43.800#,2430.0,2435.2,2410.0,2672.6,2187.0,10325,47917,2409.4,1,2409.6,3,2409.8,3,2410.0,22,2410.2,3,2410.6,6,2410.8,3,2411.0,12,2411.2,3,2411.4,3,2410.4
IH2409,,13:38:44.300#,2430.0,2435.2,2410.0,2672.6,2187.0,10325,47917,2409.4,1,2409.6,3,2409.8,4,2410.0,22,2410.2,3,2410.6,6,2410.8,3,2411.0,12,2411.2,3,2411.4,3,2410.4
IH2409,,13:38:47.800#,2430.0,2435.2,2410.0,2672.6,2187.0,10325,47917,2409.4,1,2409.6,3,2409.8,4,2410.0,22,2410.2,3,2410.6,6,2410.8,3,2411.0,12,2411.2,4,2411.4,3,2410.4
IH2409,,13:38:49.300#,2430.0,2435.2,2410.0,2672.6,2187.0,10328,47917,2409.2,5,2409.4,1,2409.6,3,2409.8,4,2410.0,22,2410.6,6,2410.8,3,2411.0,12,2411.2,4,2411.4,3,2410.2
IH2409,,13:38:49.800#,2430.0,2435.2,2410.0,2672.6,2187.0,10328,47917,2409.2,5,2409.4,1,2409.6,3,2409.8,4,2410.0,22,2410.2,1,2410.4,4,2410.6,6,2410.8,3,2411.0,12,2410.2
IH2409,,13:38:50.300#,2430.0,2435.2,2410.0,2672.6,2187.0,10329,47917,2409.2,5,2409.4,1,2409.6,3,2409.8,4,2410.0,22,2410.4,4,2410.6,7,2410.8,3,2411.0,12,2411.2,2,2410.2
IH2409,,13:38:51.300#,2430.0,2435.2,2410.0,2672.6,2187.0,10329,47917,2409.2,5,2409.4,1,2409.6,3,2409.8,4,2410.0,23,2410.4,4,2410.6,7,2410.8,3,2411.0,12,2411.2,2,2410.2
IH2409,,13:38:52.800#,2430.0,2435.2,2410.0,2672.6,2187.0,10329,47917,2409.4,1,2409.6,3,2409.8,4,2410.0,23,2410.2,2,2410.4,4,2410.6,7,2410.8,3,2411.0,12,2411.2,2,2410.2
IH2409,,13:38:53.300#,2430.0,2435.2,2410.0,2672.6,2187.0,10330,47916,2409.4,1,2409.6,3,2409.8,4,2410.0,24,2410.2,2,2410.6,7,2410.8,3,2411.0,12,2411.2,2,2411.4,3,2410.4
IH2409,,13:38:53.800#,2430.0,2435.2,2410.0,2672.6,2187.0,10330,47916,2409.4,1,2409.6,3,2409.8,4,2410.0,24,2410.2,2,2410.6,8,2410.8,3,2411.0,12,2411.2,2,2411.4,3,2410.4
IH2409,,13:38:56.300#,2430.0,2435.2,2410.0,2672.6,2187.0,10331,47915,2409.4,1,2409.6,3,2409.8,4,2410.0,24,2410.2,1,2410.6,8,2410.8,3,2411.0,12,2411.2,2,2411.4,3,2410.2
IH2409,,13:38:56.800#,2430.0,2435.2,2410.0,2672.6,2187.0,10331,47915,2409.2,5,2409.4,1,2409.6,3,2409.8,4,2410.0,24,2410.4,3,2410.6,8,2410.8,3,2411.0,12,2411.2,2,2410.2
IH2409,,13:38:57.300#,2430.0,2435.2,2410.0,2672.6,2187.0,10331,47915,2409.2,5,2409.4,1,2409.6,3,2409.8,4,2410.0,24,2410.4,4,2410.6,8,2410.8,3,2411.0,12,2411.2,2,2410.2
IH2409,,13:38:57.800#,2430.0,2435.2,2410.0,2672.6,2187.0,10331,47915,2409.2,5,2409.4,1,2409.6,3,2409.8,4,2410.0,24,2410.2,1,2410.4,4,2410.6,8,2410.8,3,2411.0,12,2410.2
IH2409,,13:38:58.800#,2430.0,2435.2,2410.0,2672.6,2187.0,10331,47915,2409.2,5,2409.4,1,2409.6,3,2409.8,4,2410.0,22,2410.2,1,2410.4,4,2410.6,8,2410.8,3,2411.0,12,2410.2
IH2409,,13:39:00.300#,2430.0,2435.2,2410.0,2672.6,2187.0,10332,47916,2409.2,5,2409.4,1,2409.6,3,2409.8,6,2410.0,21,2410.2,1,2410.4,4,2410.6,8,2410.8,3,2411.0,12,2410.0
IH2409,,13:39:00.800#,2430.0,2435.2,2410.0,2672.6,2187.0,10334,47916,2409.2,5,2409.4,1,2409.6,3,2409.8,6,2410.0,20,2410.4,4,2410.6,8,2410.8,3,2411.0,12,2411.2,2,2410.0
IH2409,,13:39:01.300#,2430.0,2435.2,2410.0,2672.6,2187.0,10334,47916,2409.2,5,2409.4,1,2409.6,3,2409.8,7,2410.0,20,2410.4,4,2410.6,8,2410.8,3,2411.0,12,2411.2,2,2410.0
IH2409,,13:39:04.300#,2430.0,2435.2,2410.0,2672.6,2187.0,10334,47916,2409.2,5,2409.4,1,2409.6,3,2409.8,7,2410.0,20,2410.4,2,2410.6,8,2410.8,3,2411.0,12,2411.2,2,2410.0
IH2409,,13:39:11.300#,2430.0,2435.2,2410.0,2672.6,2187.0,10334,47916,2409.2,5,2409.4,1,2409.6,3,2409.8,7,2410.0,20,2410.4,1,2410.6,8,2410.8,3,2411.0,12,2411.2,2,2410.0
IH2409,,13:39:11.800#,2430.0,2435.2,2410.0,2672.6,2187.0,10334,47916,2409.4,1,2409.6,3,2409.8,7,2410.0,20,2410.2,2,2410.4,1,2410.6,8,2410.8,3,2411.0,12,2411.2,2,2410.0
IH2409,,13:39:12.300#,2430.0,2435.2,2410.0,2672.6,2187.0,10334,47916,2409.2,5,2409.4,1,2409.6,3,2409.8,7,2410.0,20,2410.4,1,2410.6,7,2410.8,3,2411.0,12,2411.2,2,2410.0
IH2409,,13:39:13.300#,2430.0,2435.2,2410.0,2672.6,2187.0,10334,47916,2409.2,5,2409.4,1,2409.6,3,2409.8,7,2410.0,20,2410.4,2,2410.6,7,2410.8,3,2411.0,12,2411.2,2,2410.0
IH2409,,13:39:14.800#,2430.0,2435.2,2410.0,2672.6,2187.0,10335,47916,2409.2,5,2409.4,1,2409.6,3,2409.8,7,2410.0,19,2410.4,3,2410.6,7,2410.8,3,2411.0,12,2411.2,2,2410.0
IH2409,,13:39:15.800#,2430.0,2435.2,2410.0,2672.6,2187.0,10335,47916,2409.4,1,2409.6,3,2409.8,7,2410.0,19,2410.2,1,2410.4,4,2410.6,7,2410.8,3,2411.0,12,2411.2,2,2410.0
IH2409,,13:39:19.800#,2430.0,2435.2,2410.0,2672.6,2187.0,10336,47917,2409.4,1,2409.6,3,2409.8,7,2410.0,19,2410.2,1,2410.4,3,2410.6,7,2410.8,3,2411.0,12,2411.2,2,2410.4
IH2409,,13:39:23.300#,2430.0,2435.2,2410.0,2672.6,2187.0,10336,47917,2409.4,1,2409.6,3,2409.8,7,2410.0,18,2410.2,2,2410.4,3,2410.6,7,2410.8,3,2411.0,12,2411.2,2,2410.4
IH2409,,13:39:25.300#,2430.0,2435.2,2410.0,2672.6,2187.0,10336,47917,2409.4,1,2409.6,3,2409.8,7,2410.0,18,2410.2,3,2410.4,3,2410.6,7,2410.8,3,2411.0,12,2411.2,2,2410.4
IH2409,,13:39:25.800#,2430.0,2435.2,2410.0,2672.6,2187.0,10339,47915,2409.4,1,2409.6,3,2409.8,7,2410.0,18,2410.2,3,2410.6,7,2410.8,3,2411.0,12,2411.2,2,2411.4,3,2410.4
IH2409,,13:39:26.300#,2430.0,2435.2,2410.0,2672.6,2187.0,10339,47915,2409.4,1,2409.6,3,2409.8,7,2410.0,18,2410.2,4,2410.6,7,2410.8,3,2411.0,12,2411.2,2,2411.4,3,2410.4
IH2409,,13:39:36.300#,2430.0,2435.2,2410.0,2672.6,2187.0,10339,47915,2409.4,1,2409.6,3,2409.8,7,2410.0,18,2410.2,4,2410.6,8,2410.8,3,2411.0,12,2411.2,2,2411.4,3,2410.4
IH2409,,13:39:36.800#,2430.0,2435.2,2410.0,2672.6,2187.0,10339,47915,2409.4,1,2409.6,3,2409.8,7,2410.0,18,2410.2,4,2410.6,7,2410.8,3,2411.0,12,2411.2,2,2411.4,3,2410.4
IH2409,,13:39:39.800#,2430.0,2435.2,2410.0,2672.6,2187.0,10339,47915,2409.4,1,2409.6,3,2409.8,6,2410.0,18,2410.2,4,2410.4,1,2410.6,7,2410.8,3,2411.0,12,2411.2,2,2410.4
IH2409,,13:39:40.300#,2430.0,2435.2,2410.0,2672.6,2187.0,10340,47914,2409.6,3,2409.8,6,2410.0,18,2410.2,3,2410.4,1,2410.6,7,2410.8,3,2411.0,12,2411.2,2,2411.4,3,2410.4
IH2409,,13:39:40.800#,2430.0,2435.2,2410.0,2672.6,2187.0,10341,47914,2409.4,1,2409.6,3,2409.8,6,2410.0,18,2410.2,3,2410.6,7,2410.8,3,2411.0,12,2411.2,2,2411.4,3,2410.4
IH2409,,13:39:41.300#,2430.0,2435.2,2410.0,2672.6,2187.0,10341,47914,2409.4,1,2409.6,3,2409.8,6,2410.0,18,2410.2,3,2410.4,3,2410.6,9,2410.8,3,2411.0,12,2411.2,2,2410.4
IH2409,,13:39:42.800#,2430.0,2435.2,2410.0,2672.6,2187.0,10341,47914,2409.4,1,2409.6,3,2409.8,6,2410.0,17,2410.2,4,2410.4,3,2410.6,9,2410.8,3,2411.0,12,2411.2,2,2410.4
IH2409,,13:39:47.800#,2430.0,2435.2,2410.0,2672.6,2187.0,10342,47915,2409.4,1,2409.6,3,2409.8,6,2410.0,17,2410.2,4,2410.4,2,2410.6,9,2410.8,3,2411.0,12,2411.2,2,2410.4
IH2409,,13:39:51.300#,2430.0,2435.2,2410.0,2672.6,2187.0,10343,47915,2409.4,1,2409.6,3,2409.8,6,2410.0,17,2410.2,3,2410.4,2,2410.6,9,2410.8,3,2411.0,12,2411.2,2,2410.2
IH2409,,13:39:51.800#,2430.0,2435.2,2410.0,2672.6,2187.0,10346,47917,2409.4,1,2409.6,3,2409.8,6,2410.0,17,2410.2,1,2410.4,2,2410.6,9,2410.8,3,2411.0,12,2411.2,2,2410.2
IH2409,,13:39:52.300#,2430.0,2435.2,2410.0,2672.6,2187.0,10347,47917,2409.2,6,2409.4,1,2409.6,3,2409.8,6,2410.0,17,2410.4,3,2410.6,9,2410.8,2,2411.0,12,2411.2,2,2410.2
IH2409,,13:39:52.800#,2430.0,2435.2,2410.0,2672.6,2187.0,10347,47917,2409.2,6,2409.4,1,2409.6,3,2409.8,6,2410.0,17,2410.2,3,2410.4,3,2410.6,10,2410.8,2,2411.0,12,2410.2
IH2409,,13:39:57.800#,2430.0,2435.2,2410.0,2672.6,2187.0,10347,47917,2409.2,6,2409.4,1,2409.6,3,2409.8,6,2410.0,17,2410.2,4,2410.4,3,2410.6,10,2410.8,2,2411.0,12,2410.2
IH2409,,13:39:59.300#,2430.0,2435.2,2410.0,2672.6,2187.0,10348,47917,2409.2,6,2409.4,1,2409.6,3,2409.8,6,2410.0,16,2410.2,4,2410.4,3,2410.6,10,2410.8,2,2411.0,12,2410.0
IH2409,,13:40:01.300#,2430.0,2435.2,2410.0,2672.6,2187.0,10349,47917,2409.2,6,2409.4,1,2409.6,3,2409.8,6,2410.0,16,2410.2,3,2410.4,3,2410.6,10,2410.8,2,2411.0,12,2410.2
IH2409,,13:40:04.300#,2430.0,2435.2,2410.0,2672.6,2187.0,10351,47917,2409.2,6,2409.4,1,2409.6,3,2409.8,6,2410.0,14,2410.2,3,2410.4,3,2410.6,10,2410.8,2,2411.0,12,2410.0
IH2409,,13:40:05.300#,2430.0,2435.2,2410.0,2672.6,2187.0,10351,47917,2409.2,6,2409.4,1,2409.6,3,2409.8,6,2410.0,13,2410.2,3,2410.4,3,2410.6,10,2410.8,2,2411.0,12,2410.0
IH2409,,13:40:05.800#,2430.0,2435.2,2410.0,2672.6,2187.0,10352,47918,2409.2,6,2409.4,1,2409.6,3,2409.8,6,2410.0,13,2410.2,2,2410.4,3,2410.6,10,2410.8,2,2411.0,12,2410.2
IH2409,,13:40:07.800#,2430.0,2435.2,2410.0,2672.6,2187.0,10352,47918,2409.2,6,2409.4,1,2409.6,3,2409.8,6,2410.0,14,2410.2,2,2410.4,3,2410.6,10,2410.8,2,2411.0,12,2410.2
IH2409,,13:40:08.300#,2430.0,2435.2,2410.0,2672.6,2187.0,10354,47918,2409.2,6,2409.4,1,2409.6,3,2409.8,6,2410.0,14,2410.4,3,2410.6,10,2410.8,2,2411.0,12,2411.2,2,2410.2
IH2409,,13:40:08.800#,2430.0,2435.2,2410.0,2672.6,2187.0,10355,47918,2409.2,6,2409.4,1,2409.6,3,2409.8,6,2410.0,13,2410.2,3,2410.4,3,2410.6,10,2410.8,2,2411.0,12,2410.0
IH2409,,13:40:09.800#,2430.0,2435.2,2410.0,2672.6,2187.0,10358,47918,2409.2,6,2409.4,1,2409.6,3,2409.8,6,2410.0,10,2410.2,3,2410.4,3,2410.6,10,2410.8,2,2411.0,12,2410.0
IH2409,,13:40:13.800#,2430.0,2435.2,2410.0,2672.6,2187.0,10359,47919,2409.2,6,2409.4,1,2409.6,3,2409.8,6,2410.0,9,2410.2,3,2410.4,3,2410.6,10,2410.8,2,2411.0,12,2410.0
IH2409,,13:40:14.300#,2430.0,2435.2,2410.0,2672.6,2187.0,10366,47923,2409.2,6,2409.4,1,2409.6,3,2409.8,6,2410.0,2,2410.2,4,2410.4,3,2410.6,10,2410.8,2,2411.0,12,2410.0
IH2409,,13:40:14.800#,2430.0,2435.2,2410.0,2672.6,2187.0,10368,47925,2408.8,2,2409.2,6,2409.4,1,2409.6,3,2409.8,6,2410.0,4,2410.2,5,2410.4,3,2410.6,12,2410.8,2,2410.0
IH2409,,13:40:15.300#,2430.0,2435.2,2409.8,2672.6,2187.0,10371,47927,2408.8,2,2409.2,6,2409.4,1,2409.6,3,2409.8,3,2410.0,5,2410.2,5,2410.4,3,2410.6,12,2410.8,2,2409.8
IH2409,,13:40:15.800#,2430.0,2435.2,2409.6,2672.6,2187.0,10375,47924,2408.6,1,2408.8,2,2409.2,6,2409.4,1,2409.6,2,2409.8,8,2410.0,4,2410.2,2,2410.4,3,2410.6,12,2409.6
IH2409,,13:40:16.300#,2430.0,2435.2,2409.6,2672.6,2187.0,10376,47923,2408.8,2,2409.0,3,2409.2,6,2409.4,1,2409.6,1,2409.8,10,2410.0,2,2410.2,2,2410.4,3,2410.6,12,2409.6
IH2409,,13:40:16.800#,2430.0,2435.2,2409.6,2672.6,2187.0,10377,47922,2408.6,1,2408.8,2,2409.0,3,2409.2,6,2409.4,1,2409.8,10,2410.0,2,2410.2,2,2410.4,3,2410.6,12,2409.6
IH2409,,13:40:17.300#,2430.0,2435.2,2409.6,2672.6,2187.0,10381,47923,2408.6,1,2408.8,2,2409.0,3,2409.2,8,2409.4,1,2409.6,1,2409.8,6,2410.0,2,2410.2,2,2410.4,3,2409.8
IH2409,,13:40:17.800#,2430.0,2435.2,2409.6,2672.6,2187.0,10383,47921,2408.6,1,2408.8,2,2409.0,3,2409.2,8,2409.4,1,2409.8,4,2410.0,2,2410.2,2,2410.4,3,2410.6,11,2409.6
IH2409,,13:40:18.300#,2430.0,2435.2,2409.4,2672.6,2187.0,10384,47920,2408.4,1,2408.6,1,2408.8,2,2409.0,3,2409.2,8,2409.6,3,2409.8,5,2410.0,2,2410.2,2,2410.4,3,2409.4
IH2409,,13:40:18.800#,2430.0,2435.2,2409.4,2672.6,2187.0,10385,47921,2408.6,1,2408.8,2,2409.0,3,2409.2,9,2409.4,2,2409.6,2,2409.8,4,2410.0,2,2410.2,2,2410.4,3,2409.6
IH2409,,13:40:19.300#,2430.0,2435.2,2409.4,2672.6,2187.0,10387,47921,2408.6,1,2408.8,2,2409.0,3,2409.2,9,2409.4,1,2409.6,1,2409.8,3,2410.0,2,2410.2,2,2410.4,3,2409.4
IH2409,,13:40:19.800#,2430.0,2435.2,2409.4,2672.6,2187.0,10388,47920,2408.6,1,2408.8,2,2409.0,3,2409.2,8,2409.4,2,2409.6,1,2409.8,3,2410.0,1,2410.2,2,2410.4,3,2409.4
IH2409,,13:40:20.300#,2430.0,2435.2,2409.4,2672.6,2187.0,10390,47920,2408.6,1,2408.8,2,2409.0,3,2409.2,8,2409.4,1,2409.8,3,2410.0,1,2410.2,2,2410.4,3,2410.6,11,2409.4
IH2409,,13:40:20.800#,2430.0,2435.2,2409.2,2672.6,2187.0,10395,47921,2408.4,1,2408.6,1,2408.8,2,2409.0,3,2409.2,5,2409.8,3,2410.0,1,2410.2,2,2410.4,3,2410.6,11,2409.8
IH2409,,13:40:21.300#,2430.0,2435.2,2409.2,2672.6,2187.0,10395,47921,2408.6,1,2408.8,2,2409.0,3,2409.2,6,2409.4,2,2409.8,5,2410.0,1,2410.2,2,2410.4,3,2410.6,9,2409.8
IH2409,,13:40:21.800#,2430.0,2435.2,2409.2,2672.6,2187.0,10396,47921,2408.4,1,2408.6,1,2408.8,2,2409.0,3,2409.2,6,2409.8,4,2410.0,1,2410.2,2,2410.4,3,2410.6,9,2409.8
IH2409,,13:40:22.300#,2430.0,2435.2,2409.2,2672.6,2187.0,10396,47921,2408.6,1,2408.8,2,2409.0,3,2409.2,6,2409.4,3,2409.8,4,2410.0,1,2410.2,2,2410.4,3,2410.6,9,2409.8
IH2409,,13:40:22.800#,2430.0,2435.2,2409.2,2672.6,2187.0,10397,47921,2408.6,1,2408.8,2,2409.0,3,2409.2,7,2409.4,1,2409.8,4,2410.2,2,2410.4,3,2410.6,9,2410.8,2,2409.4
IH2409,,13:40:23.300#,2430.0,2435.2,2409.2,2672.6,2187.0,10398,47921,2408.4,1,2408.6,1,2408.8,2,2409.0,3,2409.2,7,2409.8,3,2410.2,2,2410.4,3,2410.6,9,2410.8,2,2409.8
IH2409,,13:40:23.800#,2430.0,2435.2,2409.2,2672.6,2187.0,10398,47921,2408.6,1,2408.8,2,2409.0,3,2409.2,7,2409.4,2,2409.8,3,2410.2,2,2410.4,3,2410.6,9,2410.8,2,2409.8
IH2409,,13:40:24.300#,2430.0,2435.2,2409.2,2672.6,2187.0,10398,47921,2408.4,1,2408.6,1,2408.8,2,2409.0,3,2409.2,7,2409.8,3,2410.2,2,2410.4,3,2410.6,9,2410.8,2,2409.8
IH2409,,13:40:24.800#,2430.0,2435.2,2409.2,2672.6,2187.0,10398,47921,2408.6,1,2408.8,2,2409.0,3,2409.2,7,2409.4,2,2409.8,3,2410.2,2,2410.4,3,2410.6,9,2410.8,2,2409.8
IH2409,,13:40:25.300#,2430.0,2435.2,2409.2,2672.6,2187.0,10398,47921,2408.4,1,2408.6,1,2408.8,2,2409.0,3,2409.2,8,2409.8,3,2410.2,2,2410.4,3,2410.6,9,2410.8,2,2409.8
IH2409,,13:40:26.300#,2430.0,2435.2,2409.2,2672.6,2187.0,10399,47921,2408.4,1,2408.6,1,2408.8,2,2409.0,3,2409.2,7,2409.8,3,2410.2,2,2410.4,3,2410.6,9,2410.8,2,2409.2
IH2409,,13:40:26.800#,2430.0,2435.2,2409.2,2672.6,2187.0,10400,47921,2408.4,1,2408.6,1,2408.8,2,2409.0,3,2409.2,6,2409.8,3,2410.2,2,2410.4,3,2410.6,9,2410.8,2,2409.2
IH2409,,13:40:27.300#,2430.0,2435.2,2409.2,2672.6,2187.0,10401,47920,2408.4,1,2408.6,1,2408.8,2,2409.0,3,2409.2,5,2409.6,2,2409.8,3,2410.2,2,2410.4,1,2410.6,9,2409.2
IH2409,,13:40:27.800#,2430.0,2435.2,2409.2,2672.6,2187.0,10401,47920,2408.4,1,2408.6,1,2408.8,2,2409.0,3,2409.2,4,2409.6,6,2409.8,3,2410.0,1,2410.2,2,2410.4,1,2409.2
IH2409,,13:40:28.300#,2430.0,2435.2,2409.2,2672.6,2187.0,10401,47920,2408.4,1,2408.6,1,2408.8,2,2409.0,3,2409.2,4,2409.4,3,2409.6,2,2409.8,3,2410.0,1,2410.2,2,2409.2
IH2409,,13:40:28.800#,2430.0,2435.2,2409.2,2672.6,2187.0,10404,47923,2408.4,1,2408.6,1,2408.8,2,2409.0,3,2409.2,4,2409.6,2,2409.8,3,2410.0,1,2410.2,2,2410.4,1,2409.4
IH2409,,13:40:29.300#,2430.0,2435.2,2409.2,2672.6,2187.0,10404,47923,2408.4,2,2408.6,1,2408.8,2,2409.0,3,2409.2,4,2409.6,2,2409.8,3,2410.0,1,2410.2,2,2410.4,1,2409.4
IH2409,,13:40:31.800#,2430.0,2435.2,2409.2,2672.6,2187.0,10404,47923,2408.4,2,2408.6,1,2408.8,2,2409.0,3,2409.2,3,2409.6,2,2409.8,3,2410.0,1,2410.2,2,2410.4,1,2409.4
IH2409,,13:40:33.300#,2430.0,2435.2,2409.2,2672.6,2187.0,10404,47923,2408.6,1,2408.8,2,2409.0,3,2409.2,3,2409.4,1,2409.6,2,2409.8,3,2410.0,1,2410.2,2,2410.4,1,2409.4
IH2409,,13:40:33.800#,2430.0,2435.2,2409.2,2672.6,2187.0,10405,47922,2408.4,2,2408.6,1,2408.8,2,2409.0,3,2409.2,3,2409.6,2,2409.8,3,2410.0,1,2410.2,2,2410.4,1,2409.4
IH2409,,13:40:34.300#,2430.0,2435.2,2409.2,2672.6,2187.0,10406,47921,2408.4,2,2408.6,1,2408.8,2,2409.0,3,2409.2,2,2409.6,2,2409.8,3,2410.0,1,2410.2,2,2410.4,1,2409.2
IH2409,,13:40:34.800#,2430.0,2435.2,2409.2,2672.6,2187.0,10406,47921,2408.4,2,2408.6,1,2408.8,2,2409.0,3,2409.2,2,2409.6,3,2409.8,3,2410.0,1,2410.2,2,2410.4,1,2409.2
IH2409,,13:40:35.300#,2430.0,2435.2,2409.2,2672.6,2187.0,10406,47921,2408.4,2,2408.6,1,2408.8,2,2409.0,3,2409.2,4,2409.4,2,2409.6,3,2409.8,3,2410.0,1,2410.2,2,2409.2
IH2409,,13:40:35.800#,2430.0,2435.2,2409.2,2672.6,2187.0,10406,47921,2408.4,2,2408.6,1,2408.8,2,2409.0,3,2409.2,4,2409.4,3,2409.6,3,2409.8,3,2410.0,1,2410.2,2,2409.2
IH2409,,13:40:36.300#,2430.0,2435.2,2409.2,2672.6,2187.0,10408,47923,2408.4,2,2408.6,1,2408.8,2,2409.0,3,2409.2,4,2409.4,1,2409.6,3,2409.8,3,2410.0,1,2410.2,2,2409.4
IH2409,,13:40:36.800#,2430.0,2435.2,2409.2,2672.6,2187.0,10409,47922,2408.6,1,2408.8,2,2409.0,3,2409.2,4,2409.4,2,2409.6,3,2409.8,3,2410.0,1,2410.2,2,2410.4,1,2409.4
IH2409,,13:40:37.300#,2430.0,2435.2,2409.2,2672.6,2187.0,10409,47922,2408.6,1,2408.8,2,2409.0,3,2409.2,4,2409.4,2,2409.6,2,2409.8,3,2410.0,1,2410.2,2,2410.4,1,2409.4
IH2409,,13:40:38.800#,2430.0,2435.2,2409.2,2672.6,2187.0,10410,47921,2408.6,1,2408.8,2,2409.0,3,2409.2,4,2409.4,1,2409.6,2,2409.8,3,2410.0,1,2410.2,2,2410.4,1,2409.4
IH2409,,13:40:39.300#,2430.0,2435.2,2409.2,2672.6,2187.0,10410,47921,2408.6,1,2408.8,2,2409.0,3,2409.2,4,2409.4,1,2409.6,3,2409.8,3,2410.0,1,2410.2,2,2410.4,1,2409.4
IH2409,,13:40:39.800#,2430.0,2435.2,2409.2,2672.6,2187.0,10411,47920,2408.4,2,2408.6,1,2408.8,2,2409.0,3,2409.2,4,2409.6,3,2409.8,3,2410.0,1,2410.2,2,2410.4,1,2409.4
IH2409,,13:40:40.300#,2430.0,2435.2,2409.2,2672.6,2187.0,10412,47919,2408.4,2,2408.6,1,2408.8,2,2409.0,3,2409.2,3,2409.4,4,2409.6,3,2409.8,3,2410.0,1,2410.2,2,2409.2
IH2409,,13:40:40.800#,2430.0,2435.2,2409.2,2672.6,2187.0,10413,47919,2408.4,2,2408.6,1,2408.8,2,2409.0,3,2409.2,2,2409.4,7,2409.6,3,2409.8,3,2410.0,1,2410.2,2,2409.2
IH2409,,13:40:42.800#,2430.0,2435.2,2409.2,2672.6,2187.0,10414,47919,2408.4,2,2408.6,1,2408.8,2,2409.0,3,2409.2,1,2409.4,7,2409.6,3,2409.8,3,2410.0,1,2410.2,2,2409.2
IH2409,,13:40:44.300#,2430.0,2435.2,2409.2,2672.6,2187.0,10414,47919,2408.4,2,2408.6,1,2408.8,2,2409.0,3,2409.2,6,2409.4,7,2409.6,3,2409.8,3,2410.0,1,2410.2,2,2409.2
IH2409,,13:40:44.800#,2430.0,2435.2,2409.2,2672.6,2187.0,10414,47919,2408.4,2,2408.6,1,2408.8,2,2409.0,3,2409.2,6,2409.4,5,2409.6,3,2409.8,3,2410.0,1,2410.2,2,2409.2
IH2409,,13:40:45.300#,2430.0,2435.2,2409.2,2672.6,2187.0,10420,47913,2408.2,2,2408.4,2,2408.6,1,2408.8,2,2409.0,3,2409.2,12,2409.4,5,2409.6,3,2409.8,3,2410.0,1,2409.2
IH2409,,13:40:46.300#,2430.0,2435.2,2409.2,2672.6,2187.0,10420,47913,2408.2,2,2408.4,2,2408.6,1,2408.8,2,2409.0,5,2409.2,12,2409.4,4,2409.6,3,2409.8,3,2410.0,1,2409.2
IH2409,,13:40:48.800#,2430.0,2435.2,2409.2,2672.6,2187.0,10420,47913,2408.2,2,2408.4,2,2408.6,1,2408.8,2,2409.0,7,2409.2,12,2409.4,4,2409.6,3,2409.8,3,2410.0,1,2409.2
IH2409,,13:40:49.300#,2430.0,2435.2,2409.0,2672.6,2187.0,10424,47910,2408.2,2,2408.4,2,2408.6,1,2408.8,3,2409.0,6,2409.2,9,2409.4,4,2409.6,3,2409.8,3,2410.0,1,2409.0
IH2409,,13:40:49.800#,2430.0,2435.2,2409.0,2672.6,2187.0,10431,47908,2408.2,2,2408.4,2,2408.6,1,2408.8,3,2409.0,7,2409.2,8,2409.4,4,2409.6,3,2409.8,2,2410.0,1,2409.0
IH2409,,13:40:50.300#,2430.0,2435.2,2409.0,2672.6,2187.0,10431,47908,2408.2,2,2408.4,2,2408.6,1,2408.8,8,2409.0,7,2409.2,8,2409.4,4,2409.6,3,2409.8,5,2410.0,1,2409.0
IH2409,,13:40:50.800#,2430.0,2435.2,2409.0,2672.6,2187.0,10435,47908,2408.2,2,2408.4,2,2408.6,1,2408.8,8,2409.0,7,2409.2,4,2409.6,3,2409.8,5,2410.0,1,2410.2,2,2409.2
IH2409,,13:40:51.300#,2430.0,2435.2,2409.0,2672.6,2187.0,10440,47908,2408.2,2,2408.4,2,2408.6,1,2408.8,8,2409.0,8,2409.6,3,2409.8,5,2410.0,1,2410.2,2,2410.4,1,2409.2
IH2409,,13:40:51.800#,2430.0,2435.2,2409.0,2672.6,2187.0,10443,47906,2408.2,2,2408.4,2,2408.6,1,2408.8,8,2409.0,8,2409.8,5,2410.0,1,2410.2,2,2410.4,1,2410.6,9,2409.6
IH2409,,13:40:52.300#,2430.0,2435.2,2409.0,2672.6,2187.0,10443,47906,2408.4,2,2408.6,1,2408.8,8,2409.0,8,2409.2,2,2409.6,16,2409.8,6,2410.0,1,2410.2,2,2410.4,1,2409.6
IH2409,,13:40:52.800#,2430.0,2435.2,2409.0,2672.6,2187.0,10443,47906,2408.2,2,2408.4,2,2408.6,1,2408.8,8,2409.0,8,2409.6,16,2409.8,6,2410.0,1,2410.2,2,2410.4,1,2409.6
IH2409,,13:40:54.800#,2430.0,2435.2,2409.0,2672.6,2187.0,10444,47906,2408.2,2,2408.4,2,2408.6,1,2408.8,8,2409.0,8,2409.6,15,2409.8,6,2410.0,1,2410.2,2,2410.4,1,2409.6
IH2409,,13:40:55.300#,2430.0,2435.2,2409.0,2672.6,2187.0,10444,47906,2408.4,2,2408.6,1,2408.8,8,2409.0,8,2409.2,1,2409.6,12,2409.8,6,2410.0,1,2410.2,2,2410.4,1,2409.6
IH2409,,13:40:55.800#,2430.0,2435.2,2409.0,2672.6,2187.0,10444,47906,2408.4,2,2408.6,1,2408.8,8,2409.0,8,2409.2,1,2409.6,10,2409.8,3,2410.0,1,2410.2,2,2410.4,1,2409.6
IH2409,,13:40:56.800#,2430.0,2435.2,2409.0,2672.6,2187.0,10444,47906,2408.4,2,2408.6,1,2408.8,8,2409.0,8,2409.2,1,2409.6,10,2409.8,3,2410.0,1,2410.2,1,2410.4,1,2409.6
IH2409,,13:40:57.800#,2430.0,2435.2,2409.0,2672.6,2187.0,10445,47905,2408.4,2,2408.6,1,2408.8,8,2409.0,8,2409.2,1,2409.4,1,2409.6,9,2409.8,3,2410.0,1,2410.2,1,2409.6
IH2409,,13:40:58.300#,2430.0,2435.2,2409.0,2672.6,2187.0,10446,47906,2408.4,2,2408.6,1,2408.8,8,2409.0,8,2409.2,2,2409.4,1,2409.6,9,2409.8,3,2410.0,1,2410.2,1,2409.2
IH2409,,13:40:58.800#,2430.0,2435.2,2409.0,2672.6,2187.0,10447,47905,2408.4,2,2408.6,1,2408.8,8,2409.0,8,2409.2,1,2409.4,1,2409.6,9,2409.8,3,2410.0,1,2410.2,1,2409.2
IH2409,,13:40:59.300#,2430.0,2435.2,2409.0,2672.6,2187.0,10447,47905,2408.2,2,2408.4,2,2408.6,1,2408.8,8,2409.0,8,2409.4,1,2409.6,9,2409.8,3,2410.0,1,2410.2,1,2409.2
IH2409,,13:40:59.800#,2430.0,2435.2,2409.0,2672.6,2187.0,10447,47905,2408.4,2,2408.6,2,2408.8,8,2409.0,8,2409.2,1,2409.4,1,2409.6,9,2409.8,3,2410.0,1,2410.2,1,2409.2
IH2409,,13:41:00.300#,2430.0,2435.2,2409.0,2672.6,2187.0,10449,47906,2408.2,2,2408.4,2,2408.6,2,2408.8,8,2409.0,7,2409.4,1,2409.6,9,2409.8,3,2410.0,1,2410.2,1,2409.0
IH2409,,13:41:01.300#,2430.0,2435.2,2409.0,2672.6,2187.0,10449,47906,2408.2,2,2408.4,2,2408.6,2,2408.8,8,2409.0,7,2409.4,1,2409.6,9,2409.8,3,2410.0,2,2410.2,1,2409.0
IH2409,,13:41:02.300#,2430.0,2435.2,2409.0,2672.6,2187.0,10449,47906,2408.2,2,2408.4,2,2408.6,2,2408.8,8,2409.0,7,2409.4,1,2409.6,8,2409.8,3,2410.0,2,2410.2,1,2409.0
IH2409,,13:41:03.300#,2430.0,2435.2,2409.0,2672.6,2187.0,10450,47906,2408.2,2,2408.4,2,2408.6,2,2408.8,8,2409.0,6,2409.4,1,2409.6,8,2409.8,3,2410.0,2,2410.2,1,2409.0
IH2409,,13:41:03.800#,2430.0,2435.2,2409.0,2672.6,2187.0,10451,47907,2408.2,2,2408.4,3,2408.6,2,2408.8,8,2409.0,5,2409.4,1,2409.6,8,2409.8,3,2410.0,2,2410.2,1,2409.0
IH2409,,13:41:04.800#,2430.0,2435.2,2409.0,2672.6,2187.0,10451,47907,2408.2,2,2408.4,3,2408.6,2,2408.8,9,2409.0,5,2409.4,1,2409.6,8,2409.8,6,2410.0,2,2410.2,1,2409.0
IH2409,,13:41:05.300#,2430.0,2435.2,2409.0,2672.6,2187.0,10451,47907,2408.4,3,2408.6,2,2408.8,9,2409.0,6,2409.2,5,2409.4,1,2409.6,8,2409.8,3,2410.0,2,2410.2,1,2409.0
IH2409,,13:41:05.800#,2430.0,2435.2,2409.0,2672.6,2187.0,10452,47907,2408.4,3,2408.6,2,2408.8,9,2409.0,6,2409.2,4,2409.6,8,2409.8,3,2410.0,2,2410.2,1,2410.4,1,2409.4
IH2409,,13:41:06.300#,2430.0,2435.2,2409.0,2672.6,2187.0,10452,47907,2408.4,3,2408.6,2,2408.8,9,2409.0,6,2409.2,4,2409.6,6,2409.8,3,2410.0,2,2410.2,1,2410.4,1,2409.4
IH2409,,13:41:06.800#,2430.0,2435.2,2409.0,2672.6,2187.0,10452,47907,2408.4,3,2408.6,2,2408.8,9,2409.0,7,2409.2,4,2409.6,5,2409.8,3,2410.0,2,2410.2,1,2410.4,1,2409.4
IH2409,,13:41:07.300#,2430.0,2435.2,2409.0,2672.6,2187.0,10452,47907,2408.4,3,2408.6,2,2408.8,9,2409.0,7,2409.2,3,2409.6,5,2409.8,3,2410.0,2,2410.2,1,2410.4,1,2409.4
IH2409,,13:41:07.800#,2430.0,2435.2,2409.0,2672.6,2187.0,10452,47907,2408.4,3,2408.6,2,2408.8,9,2409.0,7,2409.2,1,2409.6,5,2409.8,3,2410.0,2,2410.2,1,2410.4,1,2409.4
IH2409,,13:41:08.300#,2430.0,2435.2,2409.0,2672.6,2187.0,10452,47907,2408.2,2,2408.4,3,2408.6,2,2408.8,9,2409.0,6,2409.6,5,2409.8,3,2410.0,2,2410.2,1,2410.4,1,2409.4
IH2409,,13:41:08.800#,2430.0,2435.2,2409.0,2672.6,2187.0,10452,47907,2408.4,3,2408.6,2,2408.8,9,2409.0,6,2409.2,3,2409.6,5,2409.8,3,2410.0,2,2410.2,1,2410.4,1,2409.4
IH2409,,13:41:09.800#,2430.0,2435.2,2409.0,2672.6,2187.0,10453,47906,2408.4,3,2408.6,2,2408.8,9,2409.0,6,2409.2,1,2409.4,3,2409.6,4,2409.8,3,2410.0,2,2410.2,1,2409.4
IH2409,,13:41:10.300#,2430.0,2435.2,2409.0,2672.6,2187.0,10453,47906,2408.4,3,2408.6,3,2408.8,9,2409.0,6,2409.2,1,2409.4,3,2409.6,4,2409.8,3,2410.0,2,2410.2,1,2409.4
IH2409,,13:41:11.800#,2430.0,2435.2,2409.0,2672.6,2187.0,10453,47906,2408.4,2,2408.6,3,2408.8,9,2409.0,6,2409.2,1,2409.4,3,2409.6,4,2409.8,3,2410.0,2,2410.2,1,2409.4
IH2409,,13:41:12.300#,2430.0,2435.2,2409.0,2672.6,2187.0,10453,47906,2408.4,2,2408.6,3,2408.8,9,2409.0,6,2409.2,1,2409.6,4,2409.8,3,2410.0,2,2410.2,1,2410.4,1,2409.4
IH2409,,13:41:13.300#,2430.0,2435.2,2409.0,2672.6,2187.0,10453,47906,2408.4,2,2408.6,3,2408.8,9,2409.0,6,2409.2,1,2409.6,2,2409.8,3,2410.0,2,2410.2,1,2410.4,1,2409.4
IH2409,,13:41:13.800#,2430.0,2435.2,2409.0,2672.6,2187.0,10453,47906,2408.4,2,2408.6,3,2408.8,9,2409.0,6,2409.2,1,2409.6,5,2409.8,3,2410.0,2,2410.2,1,2410.6,8,2409.4
IH2409,,13:41:14.300#,2430.0,2435.2,2409.0,2672.6,2187.0,10453,47906,2408.4,2,2408.6,3,2408.8,9,2409.0,6,2409.2,1,2409.4,1,2409.6,5,2409.8,3,2410.0,2,2410.2,1,2409.4
IH2409,,13:41:15.300#,2430.0,2435.2,2409.0,2672.6,2187.0,10453,47906,2408.4,2,2408.6,3,2408.8,9,2409.0,6,2409.2,1,2409.4,1,2409.6,3,2409.8,3,2410.0,1,2410.2,1,2409.4
IH2409,,13:41:15.800#,2430.0,2435.2,2409.0,2672.6,2187.0,10453,47906,2408.4,2,2408.6,4,2408.8,9,2409.0,6,2409.2,1,2409.4,1,2409.6,3,2409.8,3,2410.0,1,2410.2,1,2409.4
IH2409,,13:41:16.300#,2430.0,2435.2,2409.0,2672.6,2187.0,10454,47905,2408.4,2,2408.6,4,2408.8,9,2409.0,6,2409.2,1,2409.6,2,2409.8,3,2410.0,1,2410.2,1,2410.6,9,2409.6
IH2409,,13:41:16.800#,2430.0,2435.2,2409.0,2672.6,2187.0,10454,47905,2408.4,2,2408.6,4,2408.8,9,2409.0,6,2409.2,3,2409.6,1,2409.8,3,2410.0,1,2410.2,1,2410.6,9,2409.6
IH2409,,13:41:19.300#,2430.0,2435.2,2409.0,2672.6,2187.0,10455,47905,2408.6,4,2408.8,9,2409.0,6,2409.2,4,2409.4,4,2409.8,2,2410.0,1,2410.2,1,2410.6,9,2410.8,2,2409.8
IH2409,,13:41:22.300#,2430.0,2435.2,2409.0,2672.6,2187.0,10455,47905,2408.6,4,2408.8,9,2409.0,6,2409.2,4,2409.4,5,2409.8,2,2410.0,1,2410.2,1,2410.6,9,2410.8,2,2409.8
IH2409,,13:41:22.800#,2430.0,2435.2,2409.0,2672.6,2187.0,10455,47905,2408.6,4,2408.8,9,2409.0,6,2409.2,4,2409.4,5,2409.6,1,2409.8,2,2410.0,1,2410.2,1,2410.6,9,2409.8
IH2409,,13:41:23.800#,2430.0,2435.2,2409.0,2672.6,2187.0,10455,47905,2408.6,4,2408.8,9,2409.0,6,2409.2,4,2409.4,5,2409.6,1,2409.8,1,2410.0,1,2410.2,1,2410.6,9,2409.8
IH2409,,13:41:25.800#,2430.0,2435.2,2409.0,2672.6,2187.0,10456,47905,2408.6,4,2408.8,9,2409.0,6,2409.2,4,2409.4,5,2409.8,1,2410.0,1,2410.2,1,2410.6,9,2410.8,2,2409.6
IH2409,,13:41:26.300#,2430.0,2435.2,2409.0,2672.6,2187.0,10456,47905,2408.8,9,2409.0,6,2409.2,4,2409.4,5,2409.6,3,2410.0,1,2410.2,1,2410.6,9,2410.8,2,2411.0,5,2409.6
IH2409,,13:41:26.800#,2430.0,2435.2,2409.0,2672.6,2187.0,10456,47905,2408.8,9,2409.0,6,2409.2,4,2409.4,5,2409.6,3,2409.8,2,2410.0,2,2410.2,1,2410.6,9,2410.8,2,2409.6
IH2409,,13:41:27.300#,2430.0,2435.2,2409.0,2672.6,2187.0,10456,47905,2408.8,9,2409.0,6,2409.2,4,2409.4,5,2409.6,3,2410.0,2,2410.2,1,2410.6,9,2410.8,2,2411.0,5,2409.6
IH2409,,13:41:27.800#,2430.0,2435.2,2409.0,2672.6,2187.0,10456,47905,2408.8,9,2409.0,6,2409.2,4,2409.4,5,2409.6,3,2409.8,1,2410.0,2,2410.2,1,2410.6,9,2410.8,2,2409.6
IH2409,,13:41:28.300#,2430.0,2435.2,2409.0,2672.6,2187.0,10456,47905,2408.8,9,2409.0,6,2409.2,4,2409.4,5,2409.6,3,2409.8,9,2410.0,2,2410.2,1,2410.6,9,2410.8,2,2409.6
IH2409,,13:41:28.800#,2430.0,2435.2,2409.0,2672.6,2187.0,10456,47905,2408.8,9,2409.0,6,2409.2,4,2409.4,5,2409.6,1,2409.8,9,2410.0,2,2410.2,1,2410.6,9,2410.8,2,2409.6
IH2409,,13:41:30.800#,2430.0,2435.2,2409.0,2672.6,2187.0,10456,47905,2408.8,9,2409.0,6,2409.2,4,2409.4,5,2409.6,2,2409.8,9,2410.0,2,2410.2,1,2410.6,9,2410.8,2,2409.6
IH2409,,13:41:32.800#,2430.0,2435.2,2409.0,2672.6,2187.0,10456,47905,2408.8,9,2409.0,6,2409.2,5,2409.4,5,2409.6,2,2409.8,9,2410.0,2,2410.2,1,2410.6,9,2410.8,2,2409.6
IH2409,,13:41:34.300#,2430.0,2435.2,2409.0,2672.6,2187.0,10456,47905,2408.8,9,2409.0,6,2409.2,5,2409.4,3,2409.6,2,2409.8,9,2410.0,2,2410.2,1,2410.6,9,2410.8,2,2409.6
IH2409,,13:41:34.800#,2430.0,2435.2,2409.0,2672.6,2187.0,10457,47905,2408.8,9,2409.0,6,2409.2,5,2409.4,1,2409.6,1,2409.8,9,2410.0,2,2410.2,1,2410.6,9,2410.8,2,2409.6
IH2409,,13:41:35.300#,2430.0,2435.2,2409.0,2672.6,2187.0,10458,47906,2408.6,3,2408.8,9,2409.0,6,2409.2,5,2409.4,1,2409.8,10,2410.0,2,2410.2,1,2410.6,9,2410.8,2,2409.6
IH2409,,13:41:35.800#,2430.0,2435.2,2409.0,2672.6,2187.0,10458,47906,2408.6,3,2408.8,9,2409.0,6,2409.2,5,2409.4,1,2409.6,9,2409.8,10,2410.0,2,2410.2,1,2410.6,9,2409.6
IH2409,,13:41:36.300#,2430.0,2435.2,2409.0,2672.6,2187.0,10458,47906,2408.6,3,2408.8,9,2409.0,6,2409.2,5,2409.4,1,2409.6,9,2409.8,11,2410.0,2,2410.2,1,2410.6,9,2409.6
IH2409,,13:41:37.800#,2430.0,2435.2,2409.0,2672.6,2187.0,10458,47906,2408.6,3,2408.8,9,2409.0,6,2409.2,5,2409.4,2,2409.6,9,2409.8,11,2410.0,2,2410.2,1,2410.6,9,2409.6
IH2409,,13:41:38.300#,2430.0,2435.2,2409.0,2672.6,2187.0,10458,47906,2408.6,3,2408.8,9,2409.0,6,2409.2,5,2409.4,2,2409.6,10,2409.8,11,2410.0,2,2410.2,1,2410.6,9,2409.6
IH2409,,13:41:38.800#,2430.0,2435.2,2409.0,2672.6,2187.0,10458,47906,2408.6,3,2408.8,9,2409.0,6,2409.2,6,2409.4,2,2409.6,10,2409.8,11,2410.0,2,2410.2,1,2410.6,9,2409.6
IH2409,,13:41:39.300#,2430.0,2435.2,2409.0,2672.6,2187.0,10458,47906,2408.6,3,2408.8,9,2409.0,6,2409.2,6,2409.4,2,2409.6,3,2409.8,11,2410.0,1,2410.2,1,2410.6,9,2409.6
IH2409,,13:41:39.800#,2430.0,2435.2,2409.0,2672.6,2187.0,10459,47905,2408.8,9,2409.0,6,2409.2,5,2409.4,2,2409.6,1,2409.8,11,2410.0,1,2410.2,1,2410.6,9,2410.8,2,2409.6
IH2409,,13:41:40.300#,2430.0,2435.2,2409.0,2672.6,2187.0,10460,47905,2408.6,3,2408.8,9,2409.0,6,2409.2,5,2409.4,2,2409.8,10,2410.0,1,2410.2,1,2410.6,9,2410.8,2,2409.6
IH2409,,13:41:40.800#,2430.0,2435.2,2409.0,2672.6,2187.0,10460,47905,2408.6,3,2408.8,9,2409.0,6,2409.2,5,2409.4,2,2409.8,10,2410.0,1,2410.2,1,2410.6,8,2410.8,2,2409.6
IH2409,,13:41:41.800#,2430.0,2435.2,2409.0,2672.6,2187.0,10460,47905,2408.6,3,2408.8,9,2409.0,6,2409.2,5,2409.4,2,2409.6,3,2409.8,10,2410.0,1,2410.2,1,2410.6,8,2409.6
IH2409,,13:41:42.800#,2430.0,2435.2,2409.0,2672.6,2187.0,10460,47905,2408.6,3,2408.8,9,2409.0,6,2409.2,5,2409.4,2,2409.6,1,2409.8,10,2410.0,1,2410.2,1,2410.6,8,2409.6
IH2409,,13:41:43.800#,2430.0,2435.2,2409.0,2672.6,2187.0,10460,47905,2408.6,3,2408.8,10,2409.0,6,2409.2,5,2409.4,2,2409.6,1,2409.8,10,2410.0,1,2410.2,1,2410.6,8,2409.6
IH2409,,13:41:45.300#,2430.0,2435.2,2409.0,2672.6,2187.0,10460,47905,2408.6,3,2408.8,10,2409.0,6,2409.2,5,2409.4,2,2409.6,2,2409.8,10,2410.0,1,2410.2,1,2410.6,8,2409.6
IH2409,,13:41:47.300#,2430.0,2435.2,2409.0,2672.6,2187.0,10460,47905,2408.6,3,2408.8,10,2409.0,6,2409.2,5,2409.4,1,2409.6,2,2409.8,10,2410.0,1,2410.2,1,2410.6,8,2409.6
IH2409,,13:41:47.800#,2430.0,2435.2,2409.0,2672.6,2187.0,10462,47906,2408.8,10,2409.0,7,2409.2,5,2409.4,1,2409.6,3,2409.8,10,2410.0,1,2410.2,1,2410.6,8,2410.8,2,2409.6
IH2409,,13:41:49.300#,2430.0,2435.2,2409.0,2672.6,2187.0,10462,47906,2408.8,10,2409.0,7,2409.2,5,2409.4,2,2409.6,3,2409.8,10,2410.0,1,2410.2,1,2410.6,8,2410.8,2,2409.6
IH2409,,13:41:49.800#,2430.0,2435.2,2409.0,2672.6,2187.0,10463,47906,2408.8,10,2409.0,7,2409.2,5,2409.4,2,2409.6,3,2409.8,10,2410.0,1,2410.2,1,2410.6,8,2410.8,2,2409.6
IH2409,,13:41:51.300#,2430.0,2435.2,2409.0,2672.6,2187.0,10464,47906,2408.8,10,2409.0,7,2409.2,5,2409.4,2,2409.6,2,2409.8,10,2410.0,2,2410.2,1,2410.6,8,2410.8,2,2409.6
IH2409,,13:41:52.300#,2430.0,2435.2,2409.0,2672.6,2187.0,10465,47907,2408.8,10,2409.0,7,2409.2,5,2409.4,2,2409.6,1,2409.8,10,2410.0,2,2410.2,1,2410.6,8,2410.8,2,2409.6
IH2409,,13:41:52.800#,2430.0,2435.2,2409.0,2672.6,2187.0,10466,47908,2408.6,3,2408.8,10,2409.0,7,2409.2,5,2409.4,2,2409.8,11,2410.0,2,2410.2,1,2410.6,8,2410.8,2,2409.6
IH2409,,13:41:53.300#,2430.0,2435.2,2409.0,2672.6,2187.0,10466,47908,2408.6,3,2408.8,10,2409.0,7,2409.2,5,2409.4,4,2409.6,2,2409.8,11,2410.0,2,2410.2,1,2410.6,8,2409.6
IH2409,,13:41:53.800#,2430.0,2435.2,2409.0,2672.6,2187.0,10467,47909,2408.6,3,2408.8,10,2409.0,7,2409.2,5,2409.4,3,2409.6,1,2409.8,11,2410.0,2,2410.2,1,2410.6,8,2409.6
IH2409,,13:41:54.300#,2430.0,2435.2,2409.0,2672.6,2187.0,10468,47909,2408.6,3,2408.8,10,2409.0,7,2409.2,5,2409.4,3,2409.8,11,2410.0,2,2410.2,1,2410.6,8,2410.8,2,2409.6
IH2409,,13:41:54.800#,2430.0,2435.2,2409.0,2672.6,2187.0,10468,47909,2408.6,3,2408.8,10,2409.0,7,2409.2,5,2409.4,3,2409.8,10,2410.0,2,2410.2,1,2410.6,8,2410.8,2,2409.6
IH2409,,13:41:55.300#,2430.0,2435.2,2409.0,2672.6,2187.0,10468,47909,2408.6,3,2408.8,10,2409.0,7,2409.2,5,2409.4,3,2409.6,1,2409.8,10,2410.0,2,2410.2,1,2410.6,8,2409.6
IH2409,,13:41:55.800#,2430.0,2435.2,2409.0,2672.6,2187.0,10469,47909,2408.6,3,2408.8,10,2409.0,7,2409.2,5,2409.4,2,2409.8,10,2410.0,2,2410.2,1,2410.6,8,2410.8,2,2409.4
IH2409,,13:41:56.300#,2430.0,2435.2,2409.0,2672.6,2187.0,10471,47911,2408.4,2,2408.6,3,2408.8,10,2409.0,7,2409.2,5,2409.4,1,2409.6,3,2409.8,11,2410.0,2,2410.2,1,2409.4
IH2409,,13:41:56.800#,2430.0,2435.2,2409.0,2672.6,2187.0,10471,47911,2408.6,3,2408.8,10,2409.0,7,2409.2,5,2409.4,1,2409.6,2,2409.8,11,2410.0,2,2410.2,1,2410.6,8,2409.4
IH2409,,13:41:57.300#,2430.0,2435.2,2409.0,2672.6,2187.0,10472,47912,2408.6,3,2408.8,10,2409.0,7,2409.2,5,2409.4,2,2409.6,1,2409.8,10,2410.0,2,2410.2,1,2410.6,8,2409.6
IH2409,,13:41:59.800#,2430.0,2435.2,2409.0,2672.6,2187.0,10473,47912,2408.6,3,2408.8,10,2409.0,7,2409.2,5,2409.4,1,2409.6,1,2409.8,10,2410.0,2,2410.2,1,2410.6,8,2409.4
IH2409,,13:42:00.300#,2430.0,2435.2,2409.0,2672.6,2187.0,10473,47912,2408.6,3,2408.8,10,2409.0,7,2409.2,5,2409.4,1,2409.6,3,2409.8,10,2410.0,2,2410.2,1,2410.6,8,2409.4
IH2409,,13:42:01.300#,2430.0,2435.2,2409.0,2672.6,2187.0,10473,47912,2408.4,2,2408.6,3,2408.8,10,2409.0,7,2409.2,5,2409.6,3,2409.8,10,2410.0,2,2410.2,1,2410.6,8,2409.4
IH2409,,13:42:01.800#,2430.0,2435.2,2409.0,2672.6,2187.0,10473,47912,2408.4,2,2408.6,3,2408.8,10,2409.0,7,2409.2,6,2409.6,3,2409.8,9,2410.0,2,2410.2,1,2410.6,8,2409.4
IH2409,,13:42:02.800#,2430.0,2435.2,2409.0,2672.6,2187.0,10473,47912,2408.6,4,2408.8,10,2409.0,7,2409.2,6,2409.4,1,2409.6,3,2409.8,9,2410.0,2,2410.2,1,2410.6,8,2409.4
IH2409,,13:42:05.300#,2430.0,2435.2,2409.0,2672.6,2187.0,10474,47912,2408.6,4,2408.8,10,2409.0,7,2409.2,6,2409.4,1,2409.6,2,2409.8,9,2410.0,2,2410.2,1,2410.6,8,2409.6
IH2409,,13:42:05.800#,2430.0,2435.2,2409.0,2672.6,2187.0,10476,47912,2408.6,4,2408.8,10,2409.0,7,2409.2,6,2409.4,1,2409.8,9,2410.0,2,2410.2,1,2410.6,8,2410.8,2,2409.6
IH2409,,13:42:06.300#,2430.0,2435.2,2409.0,2672.6,2187.0,10476,47912,2408.8,10,2409.0,7,2409.2,6,2409.4,2,2409.6,1,2409.8,9,2410.0,2,2410.2,1,2410.6,8,2410.8,2,2409.6
IH2409,,13:42:06.800#,2430.0,2435.2,2409.0,2672.6,2187.0,10477,47912,2408.8,10,2409.0,7,2409.2,6,2409.4,2,2409.6,1,2409.8,8,2410.0,2,2410.2,1,2410.6,8,2410.8,2,2409.8
IH2409,,13:42:07.300#,2430.0,2435.2,2409.0,2672.6,2187.0,10477,47912,2408.8,10,2409.0,7,2409.2,6,2409.4,2,2409.6,1,2409.8,9,2410.0,2,2410.2,1,2410.6,8,2410.8,2,2409.8
IH2409,,13:42:09.300#,2430.0,2435.2,2409.0,2672.6,2187.0,10478,47911,2408.8,10,2409.0,7,2409.2,6,2409.4,2,2409.6,1,2409.8,8,2410.0,2,2410.2,1,2410.6,8,2410.8,2,2409.8
IH2409,,13:42:12.300#,2430.0,2435.2,2409.0,2672.6,2187.0,10478,47911,2408.8,10,2409.0,8,2409.2,6,2409.4,3,2409.6,1,2409.8,8,2410.0,2,2410.2,1,2410.6,8,2410.8,2,2409.8
IH2409,,13:42:13.800#,2430.0,2435.2,2409.0,2672.6,2187.0,10486,47911,2409.0,8,2409.2,7,2409.4,3,2409.6,1,2409.8,1,2410.0,2,2410.2,1,2410.6,8,2410.8,2,2411.0,5,2409.8
IH2409,,13:42:14.300#,2430.0,2435.2,2409.0,2672.6,2187.0,10487,47912,2408.6,3,2408.8,10,2409.0,8,2409.2,7,2409.4,3,2410.0,1,2410.2,1,2410.6,8,2410.8,2,2411.0,5,2410.0
IH2409,,13:42:14.800#,2430.0,2435.2,2409.0,2672.6,2187.0,10487,47912,2408.8,10,2409.0,8,2409.2,5,2409.4,5,2409.6,6,2410.0,1,2410.2,1,2410.6,8,2410.8,2,2411.0,5,2410.0
IH2409,,13:42:15.300#,2430.0,2435.2,2409.0,2672.6,2187.0,10488,47911,2408.8,10,2409.0,7,2409.2,4,2409.4,4,2409.6,6,2410.2,1,2410.6,8,2410.8,2,2411.0,5,2411.2,3,2410.0
IH2409,,13:42:15.800#,2430.0,2435.2,2409.0,2672.6,2187.0,10488,47911,2409.0,7,2409.2,4,2409.4,4,2409.6,6,2409.8,2,2410.0,13,2410.2,5,2410.4,2,2410.6,8,2410.8,2,2410.0
IH2409,,13:42:16.300#,2430.0,2435.2,2409.0,2672.6,2187.0,10488,47911,2408.8,10,2409.0,7,2409.2,4,2409.4,4,2409.6,4,2410.0,15,2410.2,5,2410.4,2,2410.6,8,2410.8,2,2410.0
IH2409,,13:42:16.800#,2430.0,2435.2,2409.0,2672.6,2187.0,10488,47911,2408.8,10,2409.0,7,2409.2,4,2409.4,4,2409.6,4,2409.8,2,2410.0,7,2410.2,5,2410.4,2,2410.6,8,2410.0
IH2409,,13:42:17.300#,2430.0,2435.2,2409.0,2672.6,2187.0,10488,47911,2408.8,10,2409.0,7,2409.2,4,2409.4,4,2409.6,4,2409.8,2,2410.0,6,2410.2,5,2410.4,2,2410.6,8,2410.0
IH2409,,13:42:18.300#,2430.0,2435.2,2409.0,2672.6,2187.0,10488,47911,2408.8,10,2409.0,7,2409.2,3,2409.4,4,2409.6,4,2409.8,2,2410.0,6,2410.2,5,2410.4,2,2410.6,8,2410.0
IH2409,,13:42:20.800#,2430.0,2435.2,2409.0,2672.6,2187.0,10488,47911,2408.8,10,2409.0,7,2409.2,3,2409.4,4,2409.6,5,2409.8,2,2410.0,6,2410.2,5,2410.4,2,2410.6,8,2410.0
IH2409,,13:42:21.300#,2430.0,2435.2,2409.0,2672.6,2187.0,10489,47911,2408.8,10,2409.0,7,2409.2,3,2409.4,4,2409.6,5,2409.8,1,2410.0,6,2410.2,5,2410.4,2,2410.6,8,2409.8
IH2409,,13:42:21.800#,2430.0,2435.2,2409.0,2672.6,2187.0,10489,47911,2409.0,7,2409.2,3,2409.4,4,2409.6,5,2409.8,1,2410.0,6,2410.2,5,2410.4,2,2410.6,8,2410.8,2,2409.8
IH2409,,13:42:22.300#,2430.0,2435.2,2409.0,2672.6,2187.0,10490,47911,2408.8,10,2409.0,7,2409.2,3,2409.4,4,2409.6,5,2409.8,3,2410.0,6,2410.2,5,2410.4,2,2410.6,8,2409.8
IH2409,,13:42:22.800#,2430.0,2435.2,2409.0,2672.6,2187.0,10491,47911,2408.8,10,2409.0,7,2409.2,3,2409.4,4,2409.6,4,2409.8,3,2410.0,6,2410.2,5,2410.4,2,2410.6,8,2409.6
IH2409,,13:42:23.300#,2430.0,2435.2,2409.0,2672.6,2187.0,10491,47911,2408.8,10,2409.0,7,2409.2,3,2409.4,4,2409.6,2,2410.0,6,2410.2,5,2410.4,2,2410.6,8,2410.8,2,2409.6
IH2409,,13:42:23.800#,2430.0,2435.2,2409.0,2672.6,2187.0,10493,47911,2408.8,10,2409.0,7,2409.2,3,2409.4,4,2409.6,2,2410.0,3,2410.2,5,2410.4,2,2410.6,8,2410.8,2,2409.8
IH2409,,13:42:24.300#,2430.0,2435.2,2409.0,2672.6,2187.0,10493,47911,2408.8,10,2409.0,7,2409.2,3,2409.4,4,2409.6,3,2410.0,3,2410.2,5,2410.4,2,2410.6,8,2410.8,2,2409.8
IH2409,,13:42:24.800#,2430.0,2435.2,2409.0,2672.6,2187.0,10493,47911,2408.8,11,2409.0,7,2409.2,3,2409.4,4,2409.6,6,2410.0,3,2410.2,5,2410.4,2,2410.6,8,2410.8,2,2409.8
IH2409,,13:42:26.300#,2430.0,2435.2,2409.0,2672.6,2187.0,10494,47911,2408.8,11,2409.0,7,2409.2,3,2409.4,4,2409.6,6,2410.0,2,2410.2,5,2410.4,2,2410.6,8,2410.8,2,2410.0
IH2409,,13:42:26.800#,2430.0,2435.2,2409.0,2672.6,2187.0,10494,47911,2408.8,11,2409.0,7,2409.2,3,2409.4,4,2409.6,6,2410.0,2,2410.2,4,2410.4,2,2410.6,8,2410.8,2,2410.0
IH2409,,13:42:28.800#,2430.0,2435.2,2409.0,2672.6,2187.0,10495,47911,2408.8,11,2409.0,6,2409.2,3,2409.4,4,2409.6,3,2410.0,3,2410.2,4,2410.4,2,2410.6,8,2410.8,2,2410.0
IH2409,,13:42:30.800#,2430.0,2435.2,2409.0,2672.6,2187.0,10497,47913,2409.0,6,2409.2,3,2409.4,4,2409.6,7,2409.8,2,2410.2,3,2410.4,2,2410.6,8,2410.8,2,2411.0,6,2409.8
IH2409,,13:42:31.300#,2430.0,2435.2,2409.0,2672.6,2187.0,10497,47913,2409.0,6,2409.2,3,2409.4,5,2409.6,6,2409.8,2,2410.2,2,2410.4,2,2410.6,8,2410.8,2,2411.0,6,2409.8
IH2409,,13:42:31.800#,2430.0,2435.2,2409.0,2672.6,2187.0,10497,47913,2409.0,6,2409.2,3,2409.4,5,2409.6,6,2409.8,2,2410.4,2,2410.6,8,2410.8,2,2411.0,6,2411.2,3,2409.8
IH2409,,13:42:32.300#,2430.0,2435.2,2409.0,2672.6,2187.0,10497,47913,2409.2,3,2409.4,3,2409.6,7,2409.8,3,2410.0,1,2410.2,2,2410.4,3,2410.6,5,2410.8,2,2411.0,6,2409.8
IH2409,,13:42:33.300#,2430.0,2435.2,2409.0,2672.6,2187.0,10498,47914,2409.0,7,2409.2,3,2409.4,3,2409.6,7,2409.8,2,2410.2,2,2410.4,3,2410.6,5,2410.8,2,2411.0,6,2410.0
IH2409,,13:42:33.800#,2430.0,2435.2,2409.0,2672.6,2187.0,10498,47914,2409.0,7,2409.2,3,2409.4,3,2409.6,9,2409.8,2,2410.2,2,2410.4,3,2410.6,5,2410.8,2,2411.0,6,2410.0
IH2409,,13:42:35.300#,2430.0,2435.2,2409.0,2672.6,2187.0,10498,47914,2408.8,9,2409.0,7,2409.2,3,2409.4,3,2409.6,9,2410.2,2,2410.4,3,2410.6,8,2410.8,2,2411.0,6,2410.0
IH2409,,13:42:35.800#,2430.0,2435.2,2409.0,2672.6,2187.0,10498,47914,2408.8,9,2409.0,7,2409.2,3,2409.4,3,2409.6,9,2410.0,2,2410.4,3,2410.6,8,2410.8,2,2411.0,6,2410.0
IH2409,,13:42:36.800#,2430.0,2435.2,2409.0,2672.6,2187.0,10498,47914,2408.8,9,2409.0,7,2409.2,3,2409.4,3,2409.6,9,2410.0,2,2410.2,1,2410.4,3,2410.6,8,2410.8,2,2410.0
IH2409,,13:42:37.300#,2430.0,2435.2,2409.0,2672.6,2187.0,10498,47914,2408.8,9,2409.0,7,2409.2,3,2409.4,3,2409.6,6,2409.8,2,2410.2,1,2410.4,3,2410.6,8,2410.8,2,2410.0
IH2409,,13:42:38.300#,2430.0,2435.2,2409.0,2672.6,2187.0,10499,47915,2408.8,9,2409.0,7,2409.2,3,2409.4,3,2409.6,6,2409.8,1,2410.2,1,2410.4,3,2410.6,8,2410.8,2,2410.0
IH2409,,13:42:38.800#,2430.0,2435.2,2409.0,2672.6,2187.0,10500,47915,2409.0,7,2409.2,3,2409.4,3,2409.6,9,2409.8,1,2410.2,1,2410.4,3,2410.6,8,2410.8,2,2411.0,6,2409.8
IH2409,,13:42:39.300#,2430.0,2435.2,2409.0,2672.6,2187.0,10500,47915,2409.0,7,2409.2,3,2409.4,3,2409.6,9,2409.8,1,2410.2,3,2410.4,5,2410.6,8,2410.8,2,2411.0,6,2409.8
IH2409,,13:42:39.800#,2430.0,2435.2,2409.0,2672.6,2187.0,10501,47915,2408.8,9,2409.0,7,2409.2,3,2409.4,3,2409.6,9,2410.2,4,2410.4,5,2410.6,8,2410.8,2,2411.0,6,2409.8
IH2409,,13:42:40.300#,2430.0,2435.2,2409.0,2672.6,2187.0,10501,47915,2408.8,9,2409.0,7,2409.2,3,2409.4,3,2409.6,9,2410.0,4,2410.2,4,2410.4,5,2410.6,8,2410.8,2,2409.8
IH2409,,13:42:40.800#,2430.0,2435.2,2409.0,2672.6,2187.0,10502,47914,2408.8,9,2409.0,7,2409.2,3,2409.4,3,2409.6,9,2410.2,4,2410.4,5,2410.6,8,2410.8,2,2411.0,6,2410.0
IH2409,,13:42:41.300#,2430.0,2435.2,2409.0,2672.6,2187.0,10502,47914,2409.0,7,2409.2,3,2409.4,3,2409.6,9,2409.8,4,2410.0,2,2410.2,4,2410.4,5,2410.6,8,2410.8,2,2410.0
IH2409,,13:42:41.800#,2430.0,2435.2,2409.0,2672.6,2187.0,10503,47914,2409.0,7,2409.2,3,2409.4,3,2409.6,9,2409.8,3,2410.0,2,2410.2,4,2410.4,4,2410.6,8,2410.8,2,2409.8
IH2409,,13:42:42.300#,2430.0,2435.2,2409.0,2672.6,2187.0,10503,47914,2409.0,7,2409.2,4,2409.4,3,2409.6,9,2409.8,3,2410.0,2,2410.2,4,2410.4,4,2410.6,8,2410.8,2,2409.8
IH2409,,13:42:43.300#,2430.0,2435.2,2409.0,2672.6,2187.0,10503,47914,2408.8,9,2409.0,7,2409.2,4,2409.4,3,2409.6,9,2410.0,2,2410.2,4,2410.4,4,2410.6,8,2410.8,2,2409.8
IH2409,,13:42:43.800#,2430.0,2435.2,2409.0,2672.6,2187.0,10504,47915,2408.8,9,2409.0,7,2409.2,4,2409.4,3,2409.6,9,2410.0,1,2410.2,4,2410.4,4,2410.6,8,2410.8,2,2410.0
IH2409,,13:42:44.300#,2430.0,2435.2,2409.0,2672.6,2187.0,10504,47915,2408.8,9,2409.0,7,2409.2,4,2409.4,3,2409.6,9,2410.0,3,2410.2,4,2410.4,3,2410.6,8,2410.8,2,2410.0
IH2409,,13:42:44.800#,2430.0,2435.2,2409.0,2672.6,2187.0,10504,47915,2408.8,9,2409.0,7,2409.2,4,2409.4,3,2409.6,10,2410.0,2,2410.2,4,2410.4,3,2410.6,8,2410.8,2,2410.0
IH2409,,13:42:45.300#,2430.0,2435.2,2409.0,2672.6,2187.0,10504,47915,2408.8,9,2409.0,7,2409.2,4,2409.4,3,2409.6,10,2410.0,1,2410.2,4,2410.4,3,2410.6,8,2410.8,2,2410.0
IH2409,,13:42:48.800#,2430.0,2435.2,2409.0,2672.6,2187.0,10505,47916,2408.8,9,2409.0,7,2409.2,4,2409.4,3,2409.6,10,2410.2,4,2410.4,3,2410.6,8,2410.8,2,2411.0,6,2410.0
IH2409,,13:42:49.300#,2430.0,2435.2,2409.0,2672.6,2187.0,10505,47916,2409.0,7,2409.2,4,2409.4,3,2409.6,10,2409.8,7,2410.2,2,2410.4,3,2410.6,8,2410.8,2,2411.0,6,2410.0
IH2409,,13:42:49.800#,2430.0,2435.2,2409.0,2672.6,2187.0,10505,47916,2409.2,4,2409.4,3,2409.6,10,2409.8,7,2410.0,1,2410.2,2,2410.4,3,2410.6,8,2410.8,2,2411.0,6,2410.0
IH2409,,13:42:50.300#,2430.0,2435.2,2409.0,2672.6,2187.0,10505,47916,2409.2,4,2409.4,3,2409.6,10,2409.8,7,2410.0,2,2410.2,2,2410.4,3,2410.6,8,2410.8,2,2411.0,6,2410.0
IH2409,,13:42:53.300#,2430.0,2435.2,2409.0,2672.6,2187.0,10506,47915,2409.0,7,2409.2,4,2409.4,3,2409.6,10,2409.8,7,2410.0,1,2410.2,2,2410.4,3,2410.6,8,2410.8,2,2410.0
IH2409,,13:42:53.800#,2430.0,2435.2,2409.0,2672.6,2187.0,10507,47916,2409.0,7,2409.2,4,2409.4,3,2409.6,10,2409.8,4,2410.2,2,2410.4,3,2410.6,8,2410.8,2,2411.0,6,2409.8
IH2409,,13:42:56.300#,2430.0,2435.2,2409.0,2672.6,2187.0,10507,47916,2409.0,7,2409.2,4,2409.4,3,2409.6,10,2409.8,6,2410.2,2,2410.4,3,2410.6,8,2410.8,2,2411.0,6,2409.8
IH2409,,13:42:57.300#,2430.0,2435.2,2409.0,2672.6,2187.0,10507,47916,2409.2,4,2409.4,3,2409.6,10,2409.8,6,2410.0,1,2410.2,2,2410.4,3,2410.6,8,2410.8,2,2411.0,6,2409.8
IH2409,,13:42:57.800#,2430.0,2435.2,2409.0,2672.6,2187.0,10508,47917,2409.0,7,2409.2,4,2409.4,3,2409.6,10,2409.8,6,2410.2,2,2410.4,3,2410.6,8,2410.8,2,2411.0,6,2410.0
IH2409,,13:42:58.300#,2430.0,2435.2,2409.0,2672.6,2187.0,10509,47918,2409.0,7,2409.2,4,2409.4,3,2409.6,10,2409.8,5,2410.0,1,2410.2,4,2410.4,3,2410.6,8,2410.8,3,2410.0
IH2409,,13:42:58.800#,2430.0,2435.2,2409.0,2672.6,2187.0,10509,47918,2409.0,7,2409.2,4,2409.4,3,2409.6,10,2409.8,2,2410.0,3,2410.2,3,2410.4,3,2410.6,8,2410.8,3,2410.0
IH2409,,13:42:59.300#,2430.0,2435.2,2409.0,2672.6,2187.0,10509,47918,2409.0,7,2409.2,4,2409.4,3,2409.6,10,2409.8,2,2410.0,1,2410.2,3,2410.4,3,2410.6,8,2410.8,3,2410.0
IH2409,,13:43:03.300#,2430.0,2435.2,2409.0,2672.6,2187.0,10509,47918,2409.0,7,2409.2,4,2409.4,3,2409.6,10,2409.8,2,2410.2,3,2410.4,3,2410.6,8,2410.8,3,2411.0,6,2410.0
IH2409,,13:43:04.300#,2430.0,2435.2,2409.0,2672.6,2187.0,10509,47918,2409.0,7,2409.2,4,2409.4,3,2409.6,10,2409.8,2,2410.2,4,2410.4,3,2410.6,8,2410.8,3,2411.0,6,2410.0
IH2409,,13:43:04.800#,2430.0,2435.2,2409.0,2672.6,2187.0,10509,47918,2409.0,7,2409.2,4,2409.4,3,2409.6,10,2409.8,2,2410.2,6,2410.4,3,2410.6,8,2410.8,3,2411.0,6,2410.0
IH2409,,13:43:05.800#,2430.0,2435.2,2409.0,2672.6,2187.0,10510,47919,2409.0,7,2409.2,4,2409.4,3,2409.6,10,2409.8,1,2410.2,6,2410.4,3,2410.6,8,2410.8,3,2411.0,6,2409.8
IH2409,,13:43:06.300#,2430.0,2435.2,2409.0,2672.6,2187.0,10514,47915,2409.0,7,2409.2,4,2409.4,3,2409.6,10,2409.8,1,2410.2,2,2410.4,3,2410.6,8,2410.8,3,2411.0,6,2410.2
IH2409,,13:43:07.800#,2430.0,2435.2,2409.0,2672.6,2187.0,10515,47916,2408.8,9,2409.0,7,2409.2,4,2409.4,3,2409.6,10,2410.0,2,2410.2,1,2410.4,3,2410.6,8,2410.8,3,2409.8
IH2409,,13:43:11.300#,2430.0,2435.2,2409.0,2672.6,2187.0,10515,47916,2408.8,9,2409.0,7,2409.2,4,2409.4,3,2409.6,7,2410.0,2,2410.2,1,2410.4,3,2410.6,8,2410.8,3,2409.8
IH2409,,13:43:13.300#,2430.0,2435.2,2409.0,2672.6,2187.0,10515,47916,2408.8,9,2409.0,7,2409.2,4,2409.4,3,2409.6,8,2410.0,2,2410.2,1,2410.4,3,2410.6,8,2410.8,3,2409.8
IH2409,,13:43:17.300#,2430.0,2435.2,2409.0,2672.6,2187.0,10521,47919,2408.6,3,2408.8,9,2409.0,7,2409.2,4,2409.4,4,2409.8,6,2410.0,4,2410.2,1,2410.4,3,2410.6,8,2409.6
IH2409,,13:43:19.300#,2430.0,2435.2,2409.0,2672.6,2187.0,10522,47919,2408.6,3,2408.8,9,2409.0,7,2409.2,4,2409.4,3,2409.8,7,2410.0,4,2410.2,1,2410.4,3,2410.6,8,2409.4
IH2409,,13:43:22.300#,2430.0,2435.2,2409.0,2672.6,2187.0,10522,47919,2408.6,3,2408.8,9,2409.0,7,2409.2,4,2409.4,4,2409.6,2,2409.8,8,2410.0,4,2410.2,1,2410.4,3,2409.4
IH2409,,13:43:27.800#,2430.0,2435.2,2409.0,2672.6,2187.0,10524,47918,2408.6,3,2408.8,9,2409.0,7,2409.2,5,2409.4,2,2409.8,4,2410.0,4,2410.2,1,2410.4,3,2410.6,8,2409.4
IH2409,,13:43:34.300#,2430.0,2435.2,2409.0,2672.6,2187.0,10526,47917,2408.6,3,2408.8,9,2409.0,7,2409.2,4,2409.4,4,2409.8,1,2410.0,4,2410.2,1,2410.4,3,2410.6,8,2409.6
IH2409,,13:43:34.800#,2430.0,2435.2,2409.0,2672.6,2187.0,10526,47917,2408.6,3,2408.8,9,2409.0,7,2409.2,4,2409.4,5,2409.8,1,2410.0,4,2410.2,1,2410.4,3,2410.6,8,2409.6
IH2409,,13:43:44.300#,2430.0,2435.2,2409.0,2672.6,2187.0,10526,47917,2408.6,3,2408.8,9,2409.0,7,2409.2,4,2409.4,7,2409.8,1,2410.0,4,2410.2,1,2410.4,3,2410.6,8,2409.6
IH2409,,13:43:46.800#,2430.0,2435.2,2409.0,2672.6,2187.0,10526,47917,2408.6,3,2408.8,9,2409.0,7,2409.2,4,2409.4,8,2409.8,1,2410.0,4,2410.2,1,2410.4,3,2410.6,8,2409.6
IH2409,,13:43:48.800#,2430.0,2435.2,2409.0,2672.6,2187.0,10526,47917,2408.6,3,2408.8,9,2409.0,8,2409.2,4,2409.4,8,2409.8,1,2410.0,4,2410.2,1,2410.4,3,2410.6,8,2409.6
IH2409,,13:43:50.800#,2430.0,2435.2,2409.0,2672.6,2187.0,10527,47917,2409.0,8,2409.2,4,2409.4,8,2409.6,1,2409.8,5,2410.0,4,2410.2,1,2410.4,3,2410.6,8,2410.8,2,2409.8
IH2409,,13:43:51.800#,2430.0,2435.2,2409.0,2672.6,2187.0,10528,47917,2409.0,8,2409.2,4,2409.4,8,2409.6,1,2409.8,4,2410.0,4,2410.2,1,2410.4,3,2410.6,8,2410.8,2,2409.8
IH2409,,13:43:52.300#,2430.0,2435.2,2409.0,2672.6,2187.0,10529,47918,2409.0,8,2409.2,4,2409.4,8,2409.6,1,2409.8,3,2410.0,4,2410.2,1,2410.4,3,2410.6,8,2410.8,2,2409.8
IH2409,,13:43:52.800#,2430.0,2435.2,2409.0,2672.6,2187.0,10529,47918,2409.0,9,2409.2,4,2409.4,8,2409.6,1,2409.8,3,2410.0,4,2410.2,1,2410.4,3,2410.6,8,2410.8,2,2409.8
IH2409,,13:43:53.300#,2430.0,2435.2,2409.0,2672.6,2187.0,10529,47918,2409.0,9,2409.2,4,2409.4,8,2409.6,1,2409.8,3,2410.0,2,2410.2,1,2410.4,3,2410.6,8,2410.8,2,2409.8
IH2409,,13:43:54.300#,2430.0,2435.2,2409.0,2672.6,2187.0,10530,47918,2409.0,9,2409.2,4,2409.4,8,2409.6,1,2409.8,2,2410.0,2,2410.2,1,2410.4,3,2410.6,8,2410.8,2,2409.8
IH2409,,13:43:56.800#,2430.0,2435.2,2409.0,2672.6,2187.0,10530,47918,2409.0,9,2409.2,4,2409.4,8,2409.6,1,2409.8,2,2410.0,3,2410.2,1,2410.4,3,2410.6,8,2410.8,2,2409.8
IH2409,,13:43:57.300#,2430.0,2435.2,2409.0,2672.6,2187.0,10531,47919,2409.0,9,2409.2,4,2409.4,8,2409.6,1,2409.8,1,2410.0,3,2410.2,1,2410.4,3,2410.6,8,2410.8,2,2409.8
IH2409,,13:43:58.300#,2430.0,2435.2,2409.0,2672.6,2187.0,10531,47919,2409.0,9,2409.2,4,2409.4,8,2409.6,2,2409.8,1,2410.0,3,2410.2,1,2410.4,3,2410.6,8,2410.8,2,2409.8
IH2409,,13:44:00.800#,2430.0,2435.2,2409.0,2672.6,2187.0,10531,47919,2409.0,9,2409.2,4,2409.4,8,2409.6,5,2409.8,1,2410.0,3,2410.2,1,2410.4,3,2410.6,8,2410.8,2,2409.8
IH2409,,13:44:01.300#,2430.0,2435.2,2409.0,2672.6,2187.0,10531,47919,2409.0,9,2409.2,4,2409.4,8,2409.6,5,2409.8,1,2410.0,4,2410.2,1,2410.4,3,2410.6,8,2410.8,2,2409.8
IH2409,,13:44:02.800#,2430.0,2435.2,2409.0,2672.6,2187.0,10531,47919,2409.0,9,2409.2,4,2409.4,8,2409.6,5,2409.8,1,2410.0,5,2410.2,1,2410.4,3,2410.6,8,2410.8,2,2409.8
IH2409,,13:44:03.800#,2430.0,2435.2,2409.0,2672.6,2187.0,10531,47919,2409.0,9,2409.2,4,2409.4,8,2409.6,5,2409.8,2,2410.0,5,2410.2,1,2410.4,3,2410.6,8,2410.8,2,2409.8
IH2409,,13:44:04.800#,2430.0,2435.2,2409.0,2672.6,2187.0,10532,47920,2409.0,9,2409.2,4,2409.4,8,2409.6,5,2409.8,1,2410.0,5,2410.2,1,2410.4,3,2410.6,8,2410.8,2,2409.8
IH2409,,13:44:05.800#,2430.0,2435.2,2409.0,2672.6,2187.0,10533,47920,2408.8,9,2409.0,9,2409.2,4,2409.4,8,2409.6,5,2410.0,5,2410.2,1,2410.4,3,2410.6,8,2410.8,2,2409.8
IH2409,,13:44:06.300#,2430.0,2435.2,2409.0,2672.6,2187.0,10533,47920,2409.0,9,2409.2,4,2409.4,7,2409.6,6,2409.8,3,2410.0,5,2410.2,1,2410.4,3,2410.6,8,2410.8,2,2409.8
IH2409,,13:44:06.800#,2430.0,2435.2,2409.0,2672.6,2187.0,10535,47922,2409.0,9,2409.2,4,2409.4,7,2409.6,6,2409.8,3,2410.0,3,2410.2,1,2410.4,3,2410.6,8,2410.8,2,2410.0
IH2409,,13:44:07.300#,2430.0,2435.2,2409.0,2672.6,2187.0,10538,47922,2409.2,4,2409.4,7,2409.6,5,2409.8,4,2410.0,1,2410.4,1,2410.6,8,2410.8,2,2411.0,6,2411.2,3,2410.0
IH2409,,13:44:08.800#,2430.0,2435.2,2409.0,2672.6,2187.0,10538,47922,2409.2,4,2409.4,7,2409.6,5,2409.8,4,2410.0,1,2410.4,1,2410.6,10,2410.8,2,2411.0,6,2411.2,3,2410.0
IH2409,,13:44:11.300#,2430.0,2435.2,2409.0,2672.6,2187.0,10538,47922,2409.2,4,2409.4,7,2409.6,5,2409.8,4,2410.0,3,2410.2,2,2410.4,1,2410.6,10,2410.8,2,2411.0,6,2410.0
IH2409,,13:44:13.300#,2430.0,2435.2,2409.0,2672.6,2187.0,10538,47922,2409.2,4,2409.4,7,2409.6,5,2409.8,4,2410.0,3,2410.4,1,2410.6,10,2410.8,2,2411.0,6,2411.2,3,2410.0
IH2409,,13:44:18.800#,2430.0,2435.2,2409.0,2672.6,2187.0,10538,47922,2409.4,7,2409.6,5,2409.8,4,2410.0,3,2410.2,1,2410.4,1,2410.6,10,2410.8,2,2411.0,6,2411.2,3,2410.0
IH2409,,13:44:19.300#,2430.0,2435.2,2409.0,2672.6,2187.0,10538,47922,2409.4,7,2409.6,5,2409.8,4,2410.0,3,2410.2,1,2410.6,7,2410.8,2,2411.0,6,2411.2,3,2411.4,4,2410.0
IH2409,,13:44:19.800#,2430.0,2435.2,2409.0,2672.6,2187.0,10538,47922,2409.4,7,2409.6,5,2409.8,4,2410.0,2,2410.2,1,2410.6,7,2410.8,2,2411.0,6,2411.2,3,2411.4,4,2410.0
IH2409,,13:44:20.300#,2430.0,2435.2,2409.0,2672.6,2187.0,10538,47922,2409.4,7,2409.6,5,2409.8,4,2410.0,2,2410.2,1,2410.6,8,2410.8,2,2411.0,6,2411.2,3,2411.4,4,2410.0
IH2409,,13:44:20.800#,2430.0,2435.2,2409.0,2672.6,2187.0,10538,47922,2409.4,7,2409.6,5,2409.8,4,2410.0,2,2410.2,1,2410.4,1,2410.6,8,2410.8,2,2411.0,6,2411.2,3,2410.0
IH2409,,13:44:23.300#,2430.0,2435.2,2409.0,2672.6,2187.0,10538,47922,2409.4,7,2409.6,5,2409.8,4,2410.0,4,2410.2,1,2410.4,1,2410.6,8,2410.8,2,2411.0,6,2411.2,3,2410.0
IH2409,,13:44:24.300#,2430.0,2435.2,2409.0,2672.6,2187.0,10539,47923,2409.4,7,2409.6,5,2409.8,4,2410.0,4,2410.2,1,2410.6,8,2410.8,2,2411.0,6,2411.2,3,2411.4,4,2410.4
IH2409,,13:44:33.800#,2430.0,2435.2,2409.0,2672.6,2187.0,10539,47923,2409.4,7,2409.6,5,2409.8,4,2410.0,4,2410.2,1,2410.6,6,2410.8,2,2411.0,6,2411.2,3,2411.4,4,2410.4
IH2409,,13:44:34.300#,2430.0,2435.2,2409.0,2672.6,2187.0,10539,47923,2409.4,7,2409.6,5,2409.8,4,2410.0,4,2410.2,1,2410.4,1,2410.6,6,2410.8,2,2411.0,6,2411.2,3,2410.4
IH2409,,13:44:34.800#,2430.0,2435.2,2409.0,2672.6,2187.0,10540,47923,2409.2,4,2409.4,7,2409.6,5,2409.8,4,2410.0,4,2410.6,6,2410.8,2,2411.0,6,2411.2,3,2411.4,4,2410.4
IH2409,,13:44:35.300#,2430.0,2435.2,2409.0,2672.6,2187.0,10540,47923,2409.4,7,2409.6,5,2409.8,3,2410.0,6,2410.2,2,2410.6,5,2410.8,2,2411.0,6,2411.2,3,2411.4,4,2410.4
IH2409,,13:44:35.800#,2430.0,2435.2,2409.0,2672.6,2187.0,10540,47923,2409.4,7,2409.6,5,2409.8,3,2410.0,6,2410.2,1,2410.6,5,2410.8,2,2411.0,6,2411.2,3,2411.4,4,2410.4
IH2409,,13:44:36.800#,2430.0,2435.2,2409.0,2672.6,2187.0,10540,47923,2409.4,7,2409.6,5,2409.8,3,2410.0,5,2410.2,1,2410.6,5,2410.8,2,2411.0,6,2411.2,3,2411.4,4,2410.4
IH2409,,13:44:37.300#,2430.0,2435.2,2409.0,2672.6,2187.0,10540,47923,2409.6,5,2409.8,3,2410.0,5,2410.2,3,2410.4,2,2410.6,5,2410.8,2,2411.0,6,2411.2,3,2411.4,4,2410.4
IH2409,,13:44:37.800#,2430.0,2435.2,2409.0,2672.6,2187.0,10542,47925,2409.4,7,2409.6,5,2409.8,3,2410.0,5,2410.2,3,2410.6,5,2410.8,2,2411.0,6,2411.2,3,2411.4,4,2410.4
IH2409,,13:44:38.300#,2430.0,2435.2,2409.0,2672.6,2187.0,10542,47925,2409.4,7,2409.6,5,2409.8,3,2410.0,5,2410.2,8,2410.6,5,2410.8,2,2411.0,6,2411.2,3,2411.4,4,2410.4
IH2409,,13:44:39.800#,2430.0,2435.2,2409.0,2672.6,2187.0,10542,47925,2409.6,5,2409.8,3,2410.0,5,2410.2,8,2410.4,1,2410.6,5,2410.8,2,2411.0,6,2411.2,3,2411.4,4,2410.4
IH2409,,13:44:40.300#,2430.0,2435.2,2409.0,2672.6,2187.0,10544,47925,2409.4,7,2409.6,5,2409.8,3,2410.0,5,2410.2,7,2410.6,5,2410.8,2,2411.0,6,2411.2,3,2411.4,4,2410.2
IH2409,,13:44:41.800#,2430.0,2435.2,2409.0,2672.6,2187.0,10544,47925,2409.4,7,2409.6,5,2409.8,3,2410.0,5,2410.2,7,2410.4,2,2410.6,5,2410.8,2,2411.0,6,2411.2,3,2410.2
IH2409,,13:44:46.800#,2430.0,2435.2,2409.0,2672.6,2187.0,10544,47925,2409.4,7,2409.6,5,2409.8,3,2410.0,5,2410.2,7,2410.6,5,2410.8,2,2411.0,6,2411.2,3,2411.4,4,2410.2
IH2409,,13:44:47.300#,2430.0,2435.2,2409.0,2672.6,2187.0,10546,47926,2409.4,7,2409.6,5,2409.8,3,2410.0,5,2410.2,7,2410.6,3,2410.8,2,2411.0,6,2411.2,3,2411.4,4,2410.6
IH2409,,13:44:47.800#,2430.0,2435.2,2409.0,2672.6,2187.0,10546,47926,2409.4,7,2409.6,5,2409.8,3,2410.0,5,2410.2,8,2410.6,3,2410.8,2,2411.0,6,2411.2,3,2411.4,4,2410.6
IH2409,,13:44:48.800#,2430.0,2435.2,2409.0,2672.6,2187.0,10546,47926,2409.4,7,2409.6,5,2409.8,3,2410.0,5,2410.2,8,2410.6,3,2410.8,2,2411.0,4,2411.2,3,2411.4,4,2410.6
IH2409,,13:44:51.300#,2430.0,2435.2,2409.0,2672.6,2187.0,10546,47926,2409.4,7,2409.6,4,2409.8,3,2410.0,5,2410.2,8,2410.6,3,2410.8,2,2411.0,4,2411.2,3,2411.4,4,2410.6
IH2409,,13:44:51.800#,2430.0,2435.2,2409.0,2672.6,2187.0,10547,47925,2409.4,7,2409.6,4,2409.8,3,2410.0,5,2410.2,8,2410.6,2,2410.8,2,2411.0,4,2411.2,3,2411.4,4,2410.6
IH2409,,13:44:53.300#,2430.0,2435.2,2409.0,2672.6,2187.0,10547,47925,2409.4,7,2409.6,4,2409.8,3,2410.0,5,2410.2,8,2410.4,1,2410.6,2,2410.8,2,2411.0,4,2411.2,3,2410.6
IH2409,,13:44:53.800#,2430.0,2435.2,2409.0,2672.6,2187.0,10550,47927,2409.6,4,2409.8,3,2410.0,5,2410.2,8,2410.4,6,2410.8,2,2411.0,2,2411.2,3,2411.4,4,2411.6,2,2410.6
IH2409,,13:44:54.300#,2430.0,2435.2,2409.0,2672.6,2187.0,10550,47927,2409.8,3,2410.0,5,2410.2,8,2410.4,6,2410.6,1,2410.8,2,2411.0,4,2411.2,3,2411.4,4,2411.6,2,2410.6
IH2409,,13:44:54.800#,2430.0,2435.2,2409.0,2672.6,2187.0,10551,47927,2409.6,4,2409.8,3,2410.0,5,2410.2,8,2410.4,6,2410.8,2,2411.0,4,2411.2,3,2411.4,4,2411.6,2,2410.6
IH2409,,13:44:55.300#,2430.0,2435.2,2409.0,2672.6,2187.0,10551,47927,2409.6,4,2409.8,3,2410.0,5,2410.2,8,2410.4,8,2410.8,1,2411.0,4,2411.2,3,2411.4,4,2411.6,2,2410.6
IH2409,,13:44:55.800#,2430.0,2435.2,2409.0,2672.6,2187.0,10551,47927,2409.6,4,2409.8,3,2410.0,5,2410.2,8,2410.4,11,2410.8,1,2411.0,4,2411.2,3,2411.4,4,2411.6,2,2410.6
IH2409,,13:44:56.300#,2430.0,2435.2,2409.0,2672.6,2187.0,10551,47927,2409.8,3,2410.0,4,2410.2,8,2410.4,12,2410.6,1,2410.8,1,2411.0,4,2411.2,3,2411.4,4,2411.6,2,2410.6
IH2409,,13:44:56.800#,2430.0,2435.2,2409.0,2672.6,2187.0,10551,47927,2409.8,3,2410.0,4,2410.2,8,2410.4,12,2410.6,1,2410.8,1,2411.0,3,2411.2,3,2411.4,4,2411.6,2,2410.6
IH2409,,13:44:57.300#,2430.0,2435.2,2409.0,2672.6,2187.0,10551,47927,2409.8,3,2410.0,4,2410.2,8,2410.4,12,2410.6,1,2410.8,1,2411.0,1,2411.2,3,2411.4,4,2411.6,2,2410.6
IH2409,,13:45:01.300#,2430.0,2435.2,2409.0,2672.6,2187.0,10552,47926,2409.6,4,2409.8,3,2410.0,4,2410.2,8,2410.4,12,2410.6,5,2410.8,1,2411.0,1,2411.2,3,2411.4,4,2410.6
IH2409,,13:45:01.800#,2430.0,2435.2,2409.0,2672.6,2187.0,10553,47926,2409.6,4,2409.8,3,2410.0,4,2410.2,8,2410.4,11,2410.6,4,2410.8,1,2411.0,1,2411.2,3,2411.4,4,2410.6
IH2409,,13:45:02.300#,2430.0,2435.2,2409.0,2672.6,2187.0,10554,47925,2409.6,4,2409.8,3,2410.0,4,2410.2,8,2410.4,11,2410.6,3,2410.8,1,2411.0,1,2411.2,3,2411.4,4,2410.6
IH2409,,13:45:02.800#,2430.0,2435.2,2409.0,2672.6,2187.0,10555,47926,2409.6,4,2409.8,3,2410.0,4,2410.2,8,2410.4,8,2410.6,2,2410.8,1,2411.0,1,2411.2,3,2411.4,4,2410.6
IH2409,,13:45:03.300#,2430.0,2435.2,2409.0,2672.6,2187.0,10555,47926,2409.6,4,2409.8,3,2410.0,4,2410.2,8,2410.4,7,2410.6,2,2410.8,1,2411.0,1,2411.2,3,2411.4,4,2410.6
IH2409,,13:45:03.800#,2430.0,2435.2,2409.0,2672.6,2187.0,10556,47927,2409.6,4,2409.8,3,2410.0,4,2410.2,8,2410.4,7,2410.6,1,2410.8,1,2411.0,1,2411.2,3,2411.4,4,2410.6
IH2409,,13:45:04.300#,2430.0,2435.2,2409.0,2672.6,2187.0,10557,47928,2409.6,4,2409.8,3,2410.0,4,2410.2,8,2410.4,7,2410.8,1,2411.0,1,2411.2,3,2411.4,4,2411.6,2,2410.6
IH2409,,13:45:04.800#,2430.0,2435.2,2409.0,2672.6,2187.0,10557,47928,2409.6,4,2409.8,3,2410.0,5,2410.2,8,2410.4,7,2410.8,1,2411.0,1,2411.2,3,2411.4,4,2411.6,2,2410.6
IH2409,,13:45:05.800#,2430.0,2435.2,2409.0,2672.6,2187.0,10558,47927,2409.6,4,2409.8,3,2410.0,5,2410.2,8,2410.4,6,2410.8,1,2411.0,1,2411.2,3,2411.4,4,2411.6,2,2410.4
IH2409,,13:45:06.300#,2430.0,2435.2,2409.0,2672.6,2187.0,10558,47927,2409.6,4,2409.8,3,2410.0,5,2410.2,8,2410.4,6,2410.8,3,2411.0,1,2411.2,3,2411.4,4,2411.6,2,2410.4
IH2409,,13:45:06.800#,2430.0,2435.2,2409.0,2672.6,2187.0,10558,47927,2409.6,4,2409.8,3,2410.0,5,2410.2,8,2410.4,7,2410.8,3,2411.0,1,2411.2,3,2411.4,4,2411.6,2,2410.4
IH2409,,13:45:07.300#,2430.0,2435.2,2409.0,2672.6,2187.0,10558,47927,2409.6,5,2409.8,3,2410.0,5,2410.2,8,2410.4,7,2410.8,3,2411.0,1,2411.2,3,2411.4,4,2411.6,2,2410.4
IH2409,,13:45:07.800#,2430.0,2435.2,2409.0,2672.6,2187.0,10559,47926,2409.8,3,2410.0,5,2410.2,8,2410.4,7,2410.6,1,2410.8,2,2411.0,1,2411.2,3,2411.4,4,2411.6,2,2410.8
IH2409,,13:45:08.300#,2430.0,2435.2,2409.0,2672.6,2187.0,10559,47926,2410.0,5,2410.2,8,2410.4,7,2410.6,1,2410.8,1,2411.0,1,2411.2,3,2411.4,4,2411.6,2,2411.8,2,2410.8
IH2409,,13:45:08.800#,2430.0,2435.2,2409.0,2672.6,2187.0,10559,47926,2410.0,5,2410.2,8,2410.4,7,2410.6,1,2410.8,1,2411.0,1,2411.2,5,2411.4,4,2411.6,2,2411.8,2,2410.8
IH2409,,13:45:09.300#,2430.0,2435.2,2409.0,2672.6,2187.0,10560,47926,2410.0,5,2410.2,8,2410.4,7,2410.6,1,2410.8,1,2411.2,5,2411.4,4,2411.6,2,2411.8,2,2412.0,3,2411.0
IH2409,,13:45:09.800#,2430.0,2435.2,2409.0,2672.6,2187.0,10560,47926,2410.0,5,2410.2,8,2410.4,10,2410.6,1,2410.8,1,2411.0,3,2411.2,6,2411.4,4,2411.6,2,2411.8,2,2411.0
IH2409,,13:45:10.300#,2430.0,2435.2,2409.0,2672.6,2187.0,10561,47927,2410.0,5,2410.2,8,2410.4,10,2410.6,1,2410.8,1,2411.0,2,2411.2,6,2411.4,4,2411.6,2,2411.8,2,2411.0
IH2409,,13:45:11.800#,2430.0,2435.2,2409.0,2672.6,2187.0,10562,47926,2409.8,3,2410.0,5,2410.2,8,2410.4,10,2410.6,1,2411.0,3,2411.2,6,2411.4,4,2411.6,2,2411.8,2,2410.8
IH2409,,13:45:12.300#,2430.0,2435.2,2409.0,2672.6,2187.0,10562,47926,2409.8,3,2410.0,5,2410.2,8,2410.4,10,2410.6,1,2410.8,2,2411.0,3,2411.2,6,2411.4,4,2411.6,2,2410.8
IH2409,,13:45:13.300#,2430.0,2435.2,2409.0,2672.6,2187.0,10562,47926,2409.8,3,2410.0,5,2410.2,8,2410.4,10,2410.6,1,2410.8,4,2411.0,3,2411.2,6,2411.4,4,2411.6,2,2410.8
IH2409,,13:45:13.800#,2430.0,2435.2,2409.0,2672.6,2187.0,10563,47926,2409.8,3,2410.0,5,2410.2,8,2410.4,7,2410.6,1,2410.8,3,2411.0,3,2411.2,6,2411.4,4,2411.6,2,2410.8
IH2409,,13:45:14.300#,2430.0,2435.2,2409.0,2672.6,2187.0,10564,47926,2409.6,5,2409.8,3,2410.0,5,2410.2,8,2410.4,7,2410.8,4,2411.0,3,2411.2,6,2411.4,4,2411.6,2,2410.6
IH2409,,13:45:14.800#,2430.0,2435.2,2409.0,2672.6,2187.0,10564,47926,2409.6,5,2409.8,3,2410.0,5,2410.2,8,2410.4,5,2410.8,4,2411.0,3,2411.2,6,2411.4,4,2411.6,2,2410.6
IH2409,,13:45:15.300#,2430.0,2435.2,2409.0,2672.6,2187.0,10564,47926,2409.6,5,2409.8,3,2410.0,5,2410.2,8,2410.4,5,2410.8,4,2411.0,8,2411.2,6,2411.4,4,2411.6,2,2410.6
IH2409,,13:45:15.800#,2430.0,2435.2,2409.0,2672.6,2187.0,10564,47926,2409.6,5,2409.8,3,2410.0,5,2410.2,8,2410.4,5,2410.8,1,2411.0,8,2411.2,6,2411.4,4,2411.6,2,2410.6
IH2409,,13:45:16.300#,2430.0,2435.2,2409.0,2672.6,2187.0,10564,47926,2409.6,5,2409.8,3,2410.0,5,2410.2,8,2410.4,6,2410.8,1,2411.0,8,2411.2,6,2411.4,4,2411.6,2,2410.6
IH2409,,13:45:17.300#,2430.0,2435.2,2409.0,2672.6,2187.0,10565,47926,2409.6,5,2409.8,3,2410.0,5,2410.2,8,2410.4,5,2410.8,2,2411.0,8,2411.2,6,2411.4,4,2411.6,2,2410.4
IH2409,,13:45:19.300#,2430.0,2435.2,2409.0,2672.6,2187.0,10565,47926,2409.6,5,2409.8,3,2410.0,5,2410.2,8,2410.4,6,2410.8,2,2411.0,8,2411.2,6,2411.4,4,2411.6,2,2410.4
IH2409,,13:45:19.800#,2430.0,2435.2,2409.0,2672.6,2187.0,10566,47926,2409.6,5,2409.8,3,2410.0,5,2410.2,8,2410.4,5,2410.8,3,2411.0,8,2411.2,6,2411.4,4,2411.6,2,2410.4
IH2409,,13:45:20.300#,2430.0,2435.2,2409.0,2672.6,2187.0,10566,47926,2409.6,5,2409.8,3,2410.0,5,2410.2,8,2410.4,5,2410.6,9,2410.8,4,2411.0,8,2411.2,5,2411.4,4,2410.4
IH2409,,13:45:20.800#,2430.0,2435.2,2409.0,2672.6,2187.0,10566,47926,2409.6,5,2409.8,3,2410.0,5,2410.2,8,2410.4,5,2410.6,10,2410.8,3,2411.0,8,2411.2,5,2411.4,4,2410.4
IH2409,,13:45:22.800#,2430.0,2435.2,2409.0,2672.6,2187.0,10571,47927,2409.4,5,2409.6,5,2409.8,3,2410.0,5,2410.2,8,2410.6,10,2410.8,3,2411.0,8,2411.2,5,2411.4,4,2410.4
IH2409,,13:45:23.300#,2430.0,2435.2,2409.0,2672.6,2187.0,10571,47927,2409.4,5,2409.6,5,2409.8,3,2410.0,7,2410.2,7,2410.4,4,2410.6,10,2410.8,2,2411.0,6,2411.2,5,2410.4
IH2409,,13:45:25.800#,2430.0,2435.2,2409.0,2672.6,2187.0,10572,47928,2409.4,5,2409.6,5,2409.8,3,2410.0,7,2410.2,6,2410.4,4,2410.6,10,2410.8,2,2411.0,6,2411.2,5,2410.2
IH2409,,13:45:26.300#,2430.0,2435.2,2409.0,2672.6,2187.0,10572,47928,2409.4,5,2409.6,5,2409.8,3,2410.0,7,2410.2,6,2410.4,3,2410.6,10,2410.8,2,2411.0,6,2411.2,5,2410.2
IH2409,,13:45:30.300#,2430.0,2435.2,2409.0,2672.6,2187.0,10572,47928,2409.4,5,2409.6,5,2409.8,3,2410.0,7,2410.2,6,2410.4,3,2410.6,10,2410.8,2,2411.0,6,2411.2,4,2410.2
IH2409,,13:45:33.300#,2430.0,2435.2,2409.0,2672.6,2187.0,10573,47929,2409.4,5,2409.6,5,2409.8,3,2410.0,7,2410.2,5,2410.4,2,2410.6,10,2410.8,2,2411.0,6,2411.2,4,2410.2
IH2409,,13:45:35.300#,2430.0,2435.2,2409.0,2672.6,2187.0,10573,47929,2409.4,5,2409.6,5,2409.8,3,2410.0,7,2410.2,5,2410.4,2,2410.6,11,2410.8,2,2411.0,6,2411.2,4,2410.2
IH2409,,13:45:35.800#,2430.0,2435.2,2409.0,2672.6,2187.0,10575,47928,2409.4,5,2409.6,5,2409.8,3,2410.0,7,2410.2,4,2410.4,1,2410.6,11,2410.8,2,2411.0,6,2411.2,4,2410.2
IH2409,,13:45:44.300#,2430.0,2435.2,2409.0,2672.6,2187.0,10575,47928,2409.4,5,2409.6,5,2409.8,3,2410.0,7,2410.2,4,2410.4,1,2410.6,11,2410.8,2,2411.0,1,2411.2,4,2410.2
IH2409,,13:45:44.800#,2430.0,2435.2,2409.0,2672.6,2187.0,10577,47928,2409.4,5,2409.6,5,2409.8,3,2410.0,7,2410.2,2,2410.4,1,2410.6,11,2410.8,2,2411.0,1,2411.2,4,2410.2
IH2409,,13:45:45.800#,2430.0,2435.2,2409.0,2672.6,2187.0,10578,47927,2409.4,5,2409.6,5,2409.8,3,2410.0,7,2410.2,1,2410.4,1,2410.6,11,2410.8,2,2411.0,1,2411.2,4,2410.2
IH2409,,13:45:46.800#,2430.0,2435.2,2409.0,2672.6,2187.0,10579,47927,2409.2,3,2409.4,5,2409.6,5,2409.8,3,2410.0,7,2410.4,1,2410.6,11,2410.8,2,2411.0,1,2411.2,4,2410.2
IH2409,,13:45:47.300#,2430.0,2435.2,2409.0,2672.6,2187.0,10580,47927,2409.2,3,2409.4,5,2409.6,5,2409.8,1,2410.0,7,2410.4,4,2410.6,10,2410.8,2,2411.0,1,2411.2,4,2410.0
IH2409,,13:45:47.800#,2430.0,2435.2,2409.0,2672.6,2187.0,10582,47928,2409.2,3,2409.4,5,2409.6,5,2409.8,1,2410.0,8,2410.4,2,2410.6,10,2410.8,2,2411.0,1,2411.2,4,2410.4
IH2409,,13:45:48.300#,2430.0,2435.2,2409.0,2672.6,2187.0,10582,47928,2409.2,3,2409.4,5,2409.6,5,2409.8,1,2410.0,8,2410.6,10,2410.8,2,2411.0,1,2411.2,4,2411.4,4,2410.4
IH2409,,13:45:48.800#,2430.0,2435.2,2409.0,2672.6,2187.0,10582,47928,2409.2,3,2409.4,5,2409.6,5,2409.8,1,2410.0,8,2410.4,1,2410.6,10,2410.8,2,2411.0,1,2411.2,4,2410.4
IH2409,,13:45:51.800#,2430.0,2435.2,2409.0,2672.6,2187.0,10583,47929,2409.2,3,2409.4,5,2409.6,5,2409.8,1,2410.0,8,2410.6,11,2410.8,2,2411.0,1,2411.2,4,2411.4,4,2410.4
IH2409,,13:45:52.300#,2430.0,2435.2,2409.0,2672.6,2187.0,10583,47929,2409.2,3,2409.4,5,2409.6,5,2409.8,1,2410.0,9,2410.6,11,2410.8,2,2411.0,1,2411.2,4,2411.4,4,2410.4
IH2409,,13:45:52.800#,2430.0,2435.2,2409.0,2672.6,2187.0,10583,47929,2409.2,3,2409.4,5,2409.6,5,2409.8,1,2410.0,11,2410.6,11,2410.8,2,2411.0,1,2411.2,4,2411.4,4,2410.4
IH2409,,13:45:55.300#,2430.0,2435.2,2409.0,2672.6,2187.0,10583,47929,2409.4,5,2409.6,5,2409.8,1,2410.0,11,2410.2,1,2410.6,11,2410.8,2,2411.0,1,2411.2,4,2411.4,4,2410.4
IH2409,,13:45:55.800#,2430.0,2435.2,2409.0,2672.6,2187.0,10583,47929,2409.4,5,2409.6,5,2409.8,1,2410.0,11,2410.2,3,2410.6,5,2410.8,2,2411.0,1,2411.2,4,2411.4,4,2410.4
IH2409,,13:45:56.300#,2430.0,2435.2,2409.0,2672.6,2187.0,10583,47929,2409.4,5,2409.6,5,2409.8,1,2410.0,11,2410.2,6,2410.6,3,2410.8,2,2411.0,1,2411.2,4,2411.4,4,2410.4
IH2409,,13:45:56.800#,2430.0,2435.2,2409.0,2672.6,2187.0,10586,47929,2409.6,5,2409.8,1,2410.0,11,2410.2,6,2410.6,2,2410.8,2,2411.0,1,2411.2,4,2411.4,4,2411.6,2,2410.6
IH2409,,13:45:57.300#,2430.0,2435.2,2409.0,2672.6,2187.0,10586,47929,2409.6,5,2409.8,1,2410.0,11,2410.2,6,2410.6,2,2410.8,1,2411.0,1,2411.2,4,2411.4,4,2411.6,2,2410.6
IH2409,,13:45:59.300#,2430.0,2435.2,2409.0,2672.6,2187.0,10586,47929,2409.6,5,2409.8,1,2410.0,11,2410.2,6,2410.6,2,2410.8,2,2411.0,1,2411.2,4,2411.4,4,2411.6,2,2410.6
IH2409,,13:45:59.800#,2430.0,2435.2,2409.0,2672.6,2187.0,10586,47929,2409.8,1,2410.0,11,2410.2,6,2410.4,3,2410.6,2,2410.8,1,2411.0,1,2411.2,4,2411.4,4,2411.6,2,2410.6
IH2409,,13:46:00.300#,2430.0,2435.2,2409.0,2672.6,2187.0,10587,47928,2409.8,1,2410.0,11,2410.2,6,2410.4,3,2410.6,2,2411.0,1,2411.2,4,2411.4,4,2411.6,2,2411.8,2,2410.8
IH2409,,13:46:01.300#,2430.0,2435.2,2409.0,2672.6,2187.0,10587,47928,2409.8,1,2410.0,11,2410.2,6,2410.4,3,2410.6,2,2411.0,3,2411.2,4,2411.4,4,2411.6,2,2411.8,2,2410.8
IH2409,,13:46:02.300#,2430.0,2435.2,2409.0,2672.6,2187.0,10587,47928,2409.8,1,2410.0,10,2410.2,6,2410.4,3,2410.6,2,2411.0,3,2411.2,4,2411.4,4,2411.6,2,2411.8,3,2410.8
IH2409,,13:46:03.800#,2430.0,2435.2,2409.0,2672.6,2187.0,10590,47931,2409.6,5,2409.8,1,2410.0,10,2410.2,6,2410.4,2,2410.6,2,2410.8,7,2411.0,4,2411.2,4,2411.4,4,2410.4
IH2409,,13:46:04.300#,2430.0,2435.2,2409.0,2672.6,2187.0,10590,47931,2409.6,5,2409.8,1,2410.0,10,2410.2,6,2410.4,2,2410.6,2,2410.8,4,2411.0,3,2411.2,4,2411.4,4,2410.4
IH2409,,13:46:04.800#,2430.0,2435.2,2409.0,2672.6,2187.0,10590,47931,2409.6,5,2409.8,1,2410.0,10,2410.2,6,2410.4,2,2410.6,2,2410.8,3,2411.0,3,2411.2,4,2411.4,4,2410.4
IH2409,,13:46:06.300#,2430.0,2435.2,2409.0,2672.6,2187.0,10590,47931,2409.4,5,2409.6,4,2409.8,1,2410.0,10,2410.2,7,2410.6,2,2410.8,3,2411.0,3,2411.2,4,2411.4,4,2410.4
IH2409,,13:46:06.800#,2430.0,2435.2,2409.0,2672.6,2187.0,10590,47931,2409.4,5,2409.6,4,2409.8,1,2410.0,11,2410.2,7,2410.6,2,2410.8,3,2411.0,3,2411.2,4,2411.4,4,2410.4
IH2409,,13:46:07.800#,2430.0,2435.2,2409.0,2672.6,2187.0,10590,47931,2409.4,5,2409.6,4,2409.8,1,2410.0,11,2410.2,6,2410.6,2,2410.8,3,2411.0,3,2411.2,4,2411.4,4,2410.4
IH2409,,13:46:08.300#,2430.0,2435.2,2409.0,2672.6,2187.0,10590,47931,2409.4,5,2409.6,4,2409.8,1,2410.0,11,2410.2,6,2410.6,3,2410.8,3,2411.0,1,2411.2,4,2411.4,4,2410.4
IH2409,,13:46:08.800#,2430.0,2435.2,2409.0,2672.6,2187.0,10591,47930,2409.4,5,2409.6,4,2409.8,1,2410.0,11,2410.2,5,2410.6,3,2410.8,3,2411.0,1,2411.2,4,2411.4,4,2410.2
IH2409,,13:46:09.300#,2430.0,2435.2,2409.0,2672.6,2187.0,10591,47930,2409.4,5,2409.6,4,2409.8,1,2410.0,11,2410.2,2,2410.4,1,2410.6,3,2410.8,3,2411.0,1,2411.2,4,2410.2
IH2409,,13:46:09.800#,2430.0,2435.2,2409.0,2672.6,2187.0,10592,47930,2409.4,5,2409.6,4,2409.8,1,2410.0,11,2410.2,1,2410.6,3,2410.8,3,2411.0,1,2411.2,4,2411.4,4,2410.4
IH2409,,13:46:16.300#,2430.0,2435.2,2409.0,2672.6,2187.0,10592,47930,2409.4,5,2409.6,4,2409.8,1,2410.0,11,2410.2,1,2410.6,3,2410.8,3,2411.0,1,2411.2,3,2411.4,4,2410.4
IH2409,,13:46:21.300#,2430.0,2435.2,2409.0,2672.6,2187.0,10592,47930,2409.6,4,2409.8,1,2410.0,11,2410.2,1,2410.4,2,2410.6,2,2410.8,3,2411.0,1,2411.2,3,2411.4,4,2410.4
IH2409,,13:46:24.800#,2430.0,2435.2,2409.0,2672.6,2187.0,10592,47930,2409.6,4,2409.8,1,2410.0,12,2410.2,1,2410.4,2,2410.6,2,2410.8,3,2411.0,1,2411.2,3,2411.4,4,2410.4
IH2409,,13:46:27.300#,2430.0,2435.2,2409.0,2672.6,2187.0,10592,47930,2409.4,5,2409.6,4,2409.8,1,2410.0,12,2410.2,1,2410.6,2,2410.8,3,2411.0,1,2411.2,3,2411.4,4,2410.4
IH2409,,13:46:34.300#,2430.0,2435.2,2409.0,2672.6,2187.0,10594,47930,2409.6,4,2409.8,1,2410.0,12,2410.2,1,2410.6,6,2410.8,3,2411.0,1,2411.2,3,2411.4,4,2411.6,2,2410.6
IH2409,,13:46:34.800#,2430.0,2435.2,2409.0,2672.6,2187.0,10595,47929,2409.6,4,2409.8,1,2410.0,12,2410.2,1,2410.6,5,2410.8,3,2411.0,1,2411.2,3,2411.4,4,2411.6,2,2410.6
IH2409,,13:46:41.800#,2430.0,2435.2,2409.0,2672.6,2187.0,10595,47929,2409.6,4,2409.8,1,2410.0,12,2410.2,1,2410.6,5,2410.8,2,2411.0,1,2411.2,3,2411.4,4,2411.6,2,2410.6
IH2409,,13:46:47.800#,2430.0,2435.2,2409.0,2672.6,2187.0,10596,47929,2409.6,4,2409.8,1,2410.0,12,2410.2,1,2410.6,5,2410.8,1,2411.0,1,2411.2,3,2411.4,4,2411.6,2,2410.8
IH2409,,13:46:49.800#,2430.0,2435.2,2409.0,2672.6,2187.0,10596,47929,2409.6,4,2409.8,1,2410.0,12,2410.2,1,2410.6,5,2411.0,1,2411.2,3,2411.4,4,2411.6,2,2411.8,3,2410.8
IH2409,,13:46:50.300#,2430.0,2435.2,2409.0,2672.6,2187.0,10596,47929,2409.6,4,2409.8,1,2410.0,12,2410.2,1,2410.6,5,2411.0,3,2411.2,3,2411.4,4,2411.6,2,2411.8,3,2410.8
IH2409,,13:46:50.800#,2430.0,2435.2,2409.0,2672.6,2187.0,10596,47929,2409.6,4,2409.8,1,2410.0,12,2410.2,1,2410.6,5,2411.0,4,2411.2,3,2411.4,4,2411.6,2,2411.8,3,2410.8
IH2409,,13:46:51.800#,2430.0,2435.2,2409.0,2672.6,2187.0,10596,47929,2409.6,4,2409.8,1,2410.0,12,2410.2,1,2410.6,5,2410.8,4,2411.0,4,2411.2,3,2411.4,4,2411.6,2,2410.8
IH2409,,13:46:52.300#,2430.0,2435.2,2409.0,2672.6,2187.0,10596,47929,2409.6,4,2409.8,1,2410.0,12,2410.2,1,2410.6,5,2411.0,4,2411.2,3,2411.4,4,2411.6,2,2411.8,3,2410.8
IH2409,,13:46:59.800#,2430.0,2435.2,2409.0,2672.6,2187.0,10601,47929,2409.4,4,2409.6,4,2409.8,1,2410.0,12,2410.2,1,2410.6,5,2411.0,4,2411.2,3,2411.4,4,2411.6,2,2410.6
IH2409,,13:47:00.300#,2430.0,2435.2,2409.0,2672.6,2187.0,10603,47929,2409.6,4,2409.8,1,2410.0,12,2410.2,5,2410.4,5,2410.6,4,2411.0,4,2411.2,3,2411.4,4,2411.6,2,2410.4
IH2409,,13:47:01.800#,2430.0,2435.2,2409.0,2672.6,2187.0,10607,47932,2409.6,4,2409.8,1,2410.0,12,2410.2,5,2410.4,5,2411.0,4,2411.2,3,2411.4,4,2411.6,2,2411.8,3,2410.6
IH2409,,13:47:02.300#,2430.0,2435.2,2409.0,2672.6,2187.0,10607,47932,2409.6,4,2409.8,1,2410.0,11,2410.2,5,2410.4,6,2411.0,4,2411.2,3,2411.4,4,2411.6,2,2411.8,3,2410.6
IH2409,,13:47:02.800#,2430.0,2435.2,2409.0,2672.6,2187.0,10607,47932,2409.8,1,2410.0,11,2410.2,4,2410.4,6,2410.6,2,2411.0,1,2411.2,3,2411.4,4,2411.6,2,2411.8,3,2410.6
IH2409,,13:47:03.300#,2430.0,2435.2,2409.0,2672.6,2187.0,10607,47932,2409.8,1,2410.0,11,2410.2,4,2410.4,9,2410.6,2,2411.0,1,2411.2,3,2411.4,4,2411.6,2,2411.8,3,2410.6
IH2409,,13:47:03.800#,2430.0,2435.2,2409.0,2672.6,2187.0,10608,47931,2409.8,1,2410.0,11,2410.2,3,2410.4,9,2410.6,2,2411.0,1,2411.2,1,2411.4,4,2411.6,2,2411.8,3,2410.6
IH2409,,13:47:05.300#,2430.0,2435.2,2409.0,2672.6,2187.0,10608,47931,2409.8,1,2410.0,11,2410.2,3,2410.4,9,2410.6,3,2411.0,1,2411.2,1,2411.4,4,2411.6,2,2411.8,3,2410.6
IH2409,,13:47:07.300#,2430.0,2435.2,2409.0,2672.6,2187.0,10608,47931,2410.0,11,2410.2,3,2410.4,9,2410.6,3,2410.8,1,2411.0,1,2411.2,1,2411.4,4,2411.6,2,2411.8,3,2410.6
IH2409,,13:47:08.300#,2430.0,2435.2,2409.0,2672.6,2187.0,10609,47931,2410.0,11,2410.2,3,2410.4,9,2410.6,3,2410.8,1,2411.2,1,2411.4,4,2411.6,2,2411.8,3,2412.0,3,2411.0
IH2409,,13:47:08.800#,2430.0,2435.2,2409.0,2672.6,2187.0,10609,47931,2410.2,3,2410.4,9,2410.6,3,2410.8,1,2411.0,1,2411.2,1,2411.4,4,2411.6,2,2411.8,3,2412.0,3,2411.0
IH2409,,13:47:11.300#,2430.0,2435.2,2409.0,2672.6,2187.0,10609,47931,2410.0,9,2410.2,3,2410.4,9,2410.6,3,2410.8,1,2411.2,1,2411.4,4,2411.6,2,2411.8,3,2412.0,3,2411.0
IH2409,,13:47:11.800#,2430.0,2435.2,2409.0,2672.6,2187.0,10609,47931,2410.0,9,2410.2,3,2410.4,9,2410.6,3,2410.8,2,2411.2,1,2411.4,4,2411.6,2,2411.8,3,2412.0,3,2411.0
IH2409,,13:47:12.800#,2430.0,2435.2,2409.0,2672.6,2187.0,10609,47931,2410.0,9,2410.2,2,2410.4,10,2410.6,3,2410.8,2,2411.2,1,2411.4,4,2411.6,2,2411.8,3,2412.0,3,2411.0
IH2409,,13:47:13.800#,2430.0,2435.2,2409.0,2672.6,2187.0,10610,47931,2410.0,9,2410.2,2,2410.4,10,2410.6,3,2410.8,1,2411.2,1,2411.4,4,2411.6,2,2411.8,3,2412.0,3,2410.8
IH2409,,13:47:16.300#,2430.0,2435.2,2409.0,2672.6,2187.0,10610,47931,2410.0,9,2410.2,2,2410.4,10,2410.6,3,2410.8,1,2411.2,2,2411.4,4,2411.6,2,2411.8,3,2412.0,3,2410.8
IH2409,,13:47:16.800#,2430.0,2435.2,2409.0,2672.6,2187.0,10610,47931,2410.2,2,2410.4,10,2410.6,3,2410.8,1,2411.0,1,2411.2,2,2411.4,4,2411.6,2,2411.8,3,2412.0,3,2410.8
IH2409,,13:47:18.800#,2430.0,2435.2,2409.0,2672.6,2187.0,10611,47930,2410.0,9,2410.2,2,2410.4,10,2410.6,3,2410.8,1,2411.2,2,2411.4,4,2411.6,2,2411.8,3,2412.0,3,2410.8
IH2409,,13:47:19.300#,2430.0,2435.2,2409.0,2672.6,2187.0,10611,47930,2410.0,9,2410.2,2,2410.4,10,2410.6,3,2410.8,2,2411.2,2,2411.4,4,2411.6,2,2411.8,3,2412.0,3,2410.8
IH2409,,13:47:19.800#,2430.0,2435.2,2409.0,2672.6,2187.0,10611,47930,2410.0,9,2410.2,2,2410.4,10,2410.6,3,2410.8,2,2411.2,2,2411.4,5,2411.6,2,2411.8,3,2412.0,3,2410.8
IH2409,,13:47:20.300#,2430.0,2435.2,2409.0,2672.6,2187.0,10611,47930,2410.0,9,2410.2,2,2410.4,10,2410.6,3,2410.8,2,2411.2,1,2411.4,5,2411.6,2,2411.8,3,2412.0,3,2410.8
IH2409,,13:47:21.800#,2430.0,2435.2,2409.0,2672.6,2187.0,10611,47930,2410.2,2,2410.4,10,2410.6,3,2410.8,2,2411.0,1,2411.2,1,2411.4,5,2411.6,2,2411.8,3,2412.0,3,2410.8
IH2409,,13:47:22.800#,2430.0,2435.2,2409.0,2672.6,2187.0,10612,47930,2410.4,10,2410.6,3,2410.8,2,2411.0,1,2411.2,19,2411.4,5,2411.6,2,2411.8,3,2412.0,3,2412.2,5,2411.2
IH2409,,13:47:23.300#,2430.0,2435.2,2409.0,2672.6,2187.0,10614,47930,2410.4,9,2410.6,3,2410.8,2,2411.0,1,2411.2,18,2411.4,4,2411.6,2,2411.8,3,2412.0,3,2412.2,5,2411.2
IH2409,,13:47:23.800#,2430.0,2435.2,2409.0,2672.6,2187.0,10614,47930,2410.4,9,2410.6,3,2410.8,2,2411.0,1,2411.2,18,2411.4,2,2411.6,2,2411.8,3,2412.0,3,2412.2,5,2411.2
IH2409,,13:47:24.300#,2430.0,2435.2,2409.0,2672.6,2187.0,10615,47930,2410.4,9,2410.6,3,2410.8,2,2411.0,1,2411.2,17,2411.4,2,2411.6,2,2411.8,3,2412.0,3,2412.2,5,2411.2
IH2409,,13:47:25.800#,2430.0,2435.2,2409.0,2672.6,2187.0,10616,47929,2410.4,9,2410.6,3,2410.8,2,2411.0,1,2411.2,17,2411.4,1,2411.6,2,2411.8,3,2412.0,3,2412.2,5,2411.4
IH2409,,13:47:26.300#,2430.0,2435.2,2409.0,2672.6,2187.0,10618,47928,2410.6,3,2410.8,3,2411.0,1,2411.2,17,2411.4,1,2411.6,1,2411.8,3,2412.0,3,2412.2,5,2412.4,2,2411.6
IH2409,,13:47:26.800#,2430.0,2435.2,2409.0,2672.6,2187.0,10620,47930,2410.4,7,2410.6,3,2410.8,3,2411.0,1,2411.2,17,2411.8,3,2412.0,3,2412.2,5,2412.4,2,2412.6,1,2411.6
IH2409,,13:47:27.300#,2430.0,2435.2,2409.0,2672.6,2187.0,10621,47931,2410.8,3,2411.0,1,2411.2,6,2411.4,4,2411.6,1,2411.8,2,2412.0,3,2412.2,5,2412.4,2,2412.6,1,2411.8
IH2409,,13:47:27.800#,2430.0,2435.2,2409.0,2672.6,2187.0,10628,47928,2411.0,1,2411.2,6,2411.4,4,2411.6,1,2412.0,10,2412.2,5,2412.4,2,2412.6,1,2412.8,9,2413.0,4,2412.0
IH2409,,13:47:28.300#,2430.0,2435.2,2409.0,2672.6,2187.0,10642,47923,2410.8,2,2411.0,1,2411.2,6,2411.4,4,2411.6,1,2411.8,1,2412.0,9,2412.2,8,2412.4,4,2412.6,1,2411.8
IH2409,,13:47:28.800#,2430.0,2435.2,2409.0,2672.6,2187.0,10644,47924,2410.6,3,2410.8,2,2411.0,1,2411.2,6,2411.4,4,2411.6,1,2411.8,1,2412.0,5,2412.2,5,2412.4,4,2411.6
IH2409,,13:47:29.300#,2430.0,2435.2,2409.0,2672.6,2187.0,10645,47923,2410.8,2,2411.0,1,2411.2,6,2411.4,4,2411.6,2,2411.8,1,2412.0,5,2412.2,5,2412.4,4,2412.6,1,2411.6
IH2409,,13:47:29.800#,2430.0,2435.2,2409.0,2672.6,2187.0,10647,47923,2410.6,3,2410.8,2,2411.0,1,2411.2,6,2411.4,4,2411.8,1,2412.0,5,2412.2,5,2412.4,4,2412.6,1,2411.6
IH2409,,13:47:30.800#,2430.0,2435.2,2409.0,2672.6,2187.0,10647,47923,2410.6,3,2410.8,2,2411.0,1,2411.2,6,2411.4,4,2411.8,2,2412.0,5,2412.2,5,2412.4,4,2412.6,1,2411.6
IH2409,,13:47:31.300#,2430.0,2435.2,2409.0,2672.6,2187.0,10648,47924,2410.6,3,2410.8,2,2411.0,1,2411.2,6,2411.4,4,2411.8,1,2412.0,5,2412.2,5,2412.4,4,2412.6,1,2411.8
IH2409,,13:47:31.800#,2430.0,2435.2,2409.0,2672.6,2187.0,10649,47924,2410.6,3,2410.8,2,2411.0,1,2411.2,6,2411.4,3,2411.8,1,2412.0,5,2412.2,5,2412.4,4,2412.6,1,2411.4
IH2409,,13:47:32.300#,2430.0,2435.2,2409.0,2672.6,2187.0,10650,47923,2410.6,3,2410.8,2,2411.0,1,2411.2,6,2411.4,4,2412.0,6,2412.2,5,2412.4,4,2412.6,1,2412.8,11,2411.8
IH2409,,13:47:32.800#,2430.0,2435.2,2409.0,2672.6,2187.0,10650,47923,2410.6,3,2410.8,2,2411.0,1,2411.2,6,2411.4,3,2412.0,11,2412.2,5,2412.4,4,2412.6,1,2412.8,11,2411.8
IH2409,,13:47:33.300#,2430.0,2435.2,2409.0,2672.6,2187.0,10650,47923,2410.6,3,2410.8,2,2411.0,1,2411.2,6,2411.4,2,2411.8,10,2412.0,11,2412.2,5,2412.4,4,2412.6,1,2411.8
IH2409,,13:47:33.800#,2430.0,2435.2,2409.0,2672.6,2187.0,10650,47923,2410.4,5,2410.6,3,2410.8,2,2411.0,1,2411.2,6,2411.8,10,2412.0,11,2412.2,5,2412.4,4,2412.6,1,2411.8
IH2409,,13:47:34.300#,2430.0,2435.2,2409.0,2672.6,2187.0,10650,47923,2410.4,5,2410.6,3,2410.8,2,2411.0,1,2411.2,3,2411.8,10,2412.0,11,2412.2,5,2412.4,4,2412.6,1,2411.8
IH2409,,13:47:34.800#,2430.0,2435.2,2409.0,2672.6,2187.0,10650,47923,2410.4,5,2410.6,3,2410.8,2,2411.0,1,2411.2,3,2411.8,10,2412.0,12,2412.2,5,2412.4,4,2412.6,1,2411.8
IH2409,,13:47:35.300#,2430.0,2435.2,2409.0,2672.6,2187.0,10650,47923,2410.4,5,2410.6,3,2410.8,2,2411.0,1,2411.2,3,2411.8,10,2412.0,12,2412.2,6,2412.4,4,2412.6,1,2411.8
IH2409,,13:47:35.800#,2430.0,2435.2,2409.0,2672.6,2187.0,10650,47923,2410.4,5,2410.6,3,2410.8,2,2411.0,1,2411.2,3,2411.8,13,2412.0,12,2412.2,6,2412.4,4,2412.6,1,2411.8
IH2409,,13:47:36.300#,2430.0,2435.2,2409.0,2672.6,2187.0,10651,47922,2410.4,5,2410.6,3,2410.8,2,2411.0,1,2411.2,2,2411.8,13,2412.0,12,2412.2,6,2412.4,4,2412.6,1,2411.2
IH2409,,13:47:37.300#,2430.0,2435.2,2409.0,2672.6,2187.0,10651,47922,2410.4,5,2410.6,3,2410.8,2,2411.0,2,2411.2,2,2411.8,13,2412.0,13,2412.2,6,2412.4,4,2412.6,1,2411.2
IH2409,,13:47:37.800#,2430.0,2435.2,2409.0,2672.6,2187.0,10651,47922,2410.4,5,2410.6,3,2410.8,2,2411.0,2,2411.2,3,2411.8,13,2412.0,13,2412.2,6,2412.4,4,2412.6,1,2411.2
IH2409,,13:47:39.300#,2430.0,2435.2,2409.0,2672.6,2187.0,10651,47922,2410.4,5,2410.6,3,2410.8,2,2411.0,2,2411.2,3,2411.8,13,2412.0,14,2412.2,6,2412.4,4,2412.6,1,2411.2
IH2409,,13:47:40.300#,2430.0,2435.2,2409.0,2672.6,2187.0,10652,47921,2410.4,5,2410.6,3,2410.8,2,2411.0,2,2411.2,3,2411.8,13,2412.0,14,2412.2,6,2412.4,4,2412.6,1,2411.8
IH2409,,13:47:40.800#,2430.0,2435.2,2409.0,2672.6,2187.0,10652,47921,2410.6,3,2410.8,2,2411.0,2,2411.2,4,2411.4,1,2411.8,13,2412.0,12,2412.2,6,2412.4,4,2412.8,11,2411.8
IH2409,,13:47:41.300#,2430.0,2435.2,2409.0,2672.6,2187.0,10653,47920,2410.4,5,2410.6,3,2410.8,2,2411.0,2,2411.2,4,2411.8,13,2412.0,12,2412.2,6,2412.4,4,2412.8,11,2411.4
IH2409,,13:47:41.800#,2430.0,2435.2,2409.0,2672.6,2187.0,10653,47920,2410.4,5,2410.6,3,2410.8,2,2411.0,2,2411.2,5,2411.6,1,2411.8,13,2412.0,12,2412.2,6,2412.4,4,2411.4
IH2409,,13:47:42.300#,2430.0,2435.2,2409.0,2672.6,2187.0,10653,47920,2410.4,5,2410.6,3,2410.8,2,2411.0,2,2411.2,5,2411.6,2,2411.8,13,2412.0,12,2412.2,6,2412.4,4,2411.4
IH2409,,13:47:44.300#,2430.0,2435.2,2409.0,2672.6,2187.0,10653,47920,2410.4,5,2410.6,3,2410.8,2,2411.0,2,2411.2,6,2411.6,2,2411.8,13,2412.0,12,2412.2,6,2412.4,4,2411.4
IH2409,,13:47:44.800#,2430.0,2435.2,2409.0,2672.6,2187.0,10654,47921,2410.6,3,2410.8,2,2411.0,2,2411.2,6,2411.4,1,2411.6,1,2411.8,13,2412.0,12,2412.2,6,2412.4,4,2411.6
IH2409,,13:47:45.300#,2430.0,2435.2,2409.0,2672.6,2187.0,10655,47921,2410.4,5,2410.6,3,2410.8,2,2411.0,2,2411.2,6,2411.6,1,2411.8,13,2412.0,12,2412.2,6,2412.4,4,2411.4
IH2409,,13:47:45.800#,2430.0,2435.2,2409.0,2672.6,2187.0,10655,47921,2410.4,5,2410.6,3,2410.8,2,2411.0,2,2411.2,5,2411.4,1,2411.6,4,2411.8,13,2412.0,12,2412.2,6,2411.4
IH2409,,13:47:46.300#,2430.0,2435.2,2409.0,2672.6,2187.0,10660,47925,2410.4,5,2410.6,3,2410.8,2,2411.0,2,2411.2,1,2411.4,1,2411.6,5,2411.8,12,2412.0,12,2412.2,6,2411.2
IH2409,,13:47:46.800#,2430.0,2435.2,2409.0,2672.6,2187.0,10661,47926,2410.2,3,2410.4,5,2410.6,3,2410.8,2,2411.0,2,2411.2,1,2411.4,4,2411.6,5,2411.8,12,2412.0,12,2411.2
IH2409,,13:47:47.300#,2430.0,2435.2,2409.0,2672.6,2187.0,10663,47925,2410.2,1,2410.4,5,2410.6,3,2410.8,2,2411.0,3,2411.4,3,2411.6,5,2411.8,12,2412.0,12,2412.2,6,2411.4
IH2409,,13:47:47.800#,2430.0,2435.2,2409.0,2672.6,2187.0,10665,47925,2410.2,1,2410.4,5,2410.6,3,2410.8,4,2411.0,3,2411.6,4,2411.8,12,2412.0,12,2412.2,6,2412.4,2,2411.4
IH2409,,13:47:48.300#,2430.0,2435.2,2409.0,2672.6,2187.0,10665,47925,2410.4,5,2410.6,3,2410.8,4,2411.0,4,2411.2,1,2411.6,4,2411.8,12,2412.0,12,2412.2,6,2412.4,2,2411.4
IH2409,,13:47:49.300#,2430.0,2435.2,2409.0,2672.6,2187.0,10665,47925,2410.6,3,2410.8,4,2411.0,4,2411.2,1,2411.4,1,2411.6,4,2411.8,12,2412.0,12,2412.2,6,2412.4,2,2411.4
IH2409,,13:47:49.800#,2430.0,2435.2,2409.0,2672.6,2187.0,10666,47925,2410.2,1,2410.4,5,2410.6,3,2410.8,4,2411.0,4,2411.6,4,2411.8,12,2412.0,12,2412.2,6,2412.4,2,2411.4
IH2409,,13:47:50.300#,2430.0,2435.2,2409.0,2672.6,2187.0,10666,47925,2410.4,5,2410.6,3,2410.8,4,2411.0,4,2411.2,1,2411.6,4,2411.8,12,2412.0,12,2412.2,6,2412.4,2,2411.4
IH2409,,13:47:52.800#,2430.0,2435.2,2409.0,2672.6,2187.0,10666,47925,2410.4,5,2410.6,3,2410.8,4,2411.0,5,2411.2,1,2411.6,4,2411.8,12,2412.0,12,2412.2,6,2412.4,2,2411.4
IH2409,,13:47:55.800#,2430.0,2435.2,2409.0,2672.6,2187.0,10666,47925,2410.4,5,2410.6,3,2410.8,4,2411.0,6,2411.2,1,2411.6,4,2411.8,12,2412.0,12,2412.2,6,2412.4,2,2411.4
IH2409,,13:47:59.300#,2430.0,2435.2,2409.0,2672.6,2187.0,10667,47926,2410.4,5,2410.6,3,2410.8,4,2411.0,6,2411.2,1,2411.6,3,2411.8,12,2412.0,12,2412.2,6,2412.4,2,2411.6
IH2409,,13:48:01.800#,2430.0,2435.2,2409.0,2672.6,2187.0,10668,47927,2410.2,1,2410.4,5,2410.6,3,2410.8,4,2411.0,5,2411.4,8,2411.6,4,2411.8,12,2412.0,12,2412.2,6,2411.2
IH2409,,13:48:02.300#,2430.0,2435.2,2409.0,2672.6,2187.0,10672,47930,2410.2,1,2410.4,4,2410.6,3,2410.8,3,2411.0,1,2411.4,8,2411.6,3,2411.8,12,2412.0,12,2412.2,6,2411.0
IH2409,,13:48:02.800#,2430.0,2435.2,2409.0,2672.6,2187.0,10672,47930,2410.2,1,2410.4,4,2410.6,3,2410.8,3,2411.0,2,2411.2,3,2411.4,11,2411.6,3,2411.8,12,2412.0,11,2411.0
IH2409,,13:48:03.300#,2430.0,2435.2,2409.0,2672.6,2187.0,10673,47930,2410.2,1,2410.4,4,2410.6,3,2410.8,3,2411.0,2,2411.4,9,2411.6,3,2411.8,12,2412.0,11,2412.2,6,2411.2
IH2409,,13:48:04.300#,2430.0,2435.2,2409.0,2672.6,2187.0,10674,47930,2410.2,1,2410.4,4,2410.6,3,2410.8,3,2411.0,2,2411.4,8,2411.6,3,2411.8,12,2412.0,11,2412.2,6,2411.4
IH2409,,13:48:06.300#,2430.0,2435.2,2409.0,2672.6,2187.0,10674,47930,2410.2,1,2410.4,4,2410.6,3,2410.8,3,2411.0,2,2411.4,9,2411.6,3,2411.8,12,2412.0,11,2412.2,6,2411.4
IH2409,,13:48:06.800#,2430.0,2435.2,2409.0,2672.6,2187.0,10675,47930,2410.2,1,2410.4,4,2410.6,3,2410.8,3,2411.0,2,2411.4,8,2411.6,3,2411.8,12,2412.0,12,2412.2,6,2411.4
IH2409,,13:48:09.300#,2430.0,2435.2,2409.0,2672.6,2187.0,10675,47930,2410.2,1,2410.4,4,2410.6,3,2410.8,3,2411.0,2,2411.2,1,2411.4,8,2411.6,3,2411.8,12,2412.0,12,2411.4
IH2409,,13:48:09.800#,2430.0,2435.2,2409.0,2672.6,2187.0,10675,47930,2410.2,1,2410.4,4,2410.6,3,2410.8,3,2411.0,2,2411.2,1,2411.4,7,2411.6,3,2411.8,12,2412.0,12,2411.4
IH2409,,13:48:10.300#,2430.0,2435.2,2409.0,2672.6,2187.0,10675,47930,2410.2,1,2410.4,4,2410.6,3,2410.8,3,2411.0,2,2411.2,1,2411.4,4,2411.6,3,2411.8,12,2412.0,12,2411.4
IH2409,,13:48:12.300#,2430.0,2435.2,2409.0,2672.6,2187.0,10675,47930,2410.2,1,2410.4,4,2410.6,3,2410.8,3,2411.0,2,2411.2,3,2411.4,4,2411.6,1,2411.8,12,2412.0,12,2411.4
IH2409,,13:48:12.800#,2430.0,2435.2,2409.0,2672.6,2187.0,10675,47930,2410.2,1,2410.4,4,2410.6,3,2410.8,3,2411.0,2,2411.2,1,2411.4,4,2411.6,1,2411.8,12,2412.0,12,2411.4
IH2409,,13:48:13.300#,2430.0,2435.2,2409.0,2672.6,2187.0,10675,47930,2410.2,1,2410.4,4,2410.6,3,2410.8,3,2411.0,3,2411.2,1,2411.4,4,2411.6,1,2411.8,12,2412.0,12,2411.4
IH2409,,13:48:13.800#,2430.0,2435.2,2409.0,2672.6,2187.0,10675,47930,2410.2,1,2410.4,4,2410.6,3,2410.8,3,2411.0,2,2411.2,1,2411.4,4,2411.6,1,2411.8,12,2412.0,12,2411.4
IH2409,,13:48:16.300#,2430.0,2435.2,2409.0,2672.6,2187.0,10675,47930,2410.2,1,2410.4,4,2410.6,3,2410.8,3,2411.0,2,2411.2,1,2411.4,7,2411.6,1,2411.8,12,2412.0,12,2411.4
IH2409,,13:48:16.800#,2430.0,2435.2,2409.0,2672.6,2187.0,10676,47931,2410.2,1,2410.4,4,2410.6,3,2410.8,3,2411.0,2,2411.4,7,2411.6,1,2411.8,12,2412.0,11,2412.2,7,2411.2
IH2409,,13:48:19.300#,2430.0,2435.2,2409.0,2672.6,2187.0,10676,47931,2410.2,1,2410.4,4,2410.6,3,2410.8,3,2411.0,2,2411.4,4,2411.6,1,2411.8,12,2412.0,11,2412.2,7,2411.2
IH2409,,13:48:20.300#,2430.0,2435.2,2409.0,2672.6,2187.0,10676,47931,2410.2,1,2410.4,4,2410.6,3,2410.8,3,2411.0,2,2411.4,5,2411.6,1,2411.8,12,2412.0,11,2412.2,7,2411.2
IH2409,,13:48:20.800#,2430.0,2435.2,2409.0,2672.6,2187.0,10676,47931,2410.2,1,2410.4,4,2410.6,4,2410.8,3,2411.0,2,2411.4,5,2411.6,1,2411.8,12,2412.0,11,2412.2,7,2411.2
IH2409,,13:48:22.300#,2430.0,2435.2,2409.0,2672.6,2187.0,10676,47931,2410.2,1,2410.4,4,2410.6,4,2410.8,3,2411.0,2,2411.2,2,2411.4,6,2411.6,1,2411.8,12,2412.0,11,2411.2
IH2409,,13:48:22.800#,2430.0,2435.2,2409.0,2672.6,2187.0,10678,47932,2410.0,9,2410.2,1,2410.4,4,2410.6,4,2410.8,3,2411.2,5,2411.4,5,2411.6,1,2411.8,12,2412.0,11,2411.0
IH2409,,13:48:23.300#,2430.0,2435.2,2409.0,2672.6,2187.0,10678,47932,2410.0,9,2410.2,1,2410.4,4,2410.6,4,2410.8,4,2411.2,5,2411.4,8,2411.6,1,2411.8,12,2412.0,11,2411.0
IH2409,,13:48:23.800#,2430.0,2435.2,2409.0,2672.6,2187.0,10678,47932,2410.0,9,2410.2,1,2410.4,4,2410.6,4,2410.8,3,2411.2,5,2411.4,8,2411.6,1,2411.8,12,2412.0,9,2411.0
IH2409,,13:48:25.300#,2430.0,2435.2,2409.0,2672.6,2187.0,10678,47932,2410.0,9,2410.2,1,2410.4,4,2410.6,4,2410.8,4,2411.2,5,2411.4,8,2411.6,1,2411.8,12,2412.0,9,2411.0
IH2409,,13:48:26.300#,2430.0,2435.2,2409.0,2672.6,2187.0,10678,47932,2410.0,9,2410.2,1,2410.4,4,2410.6,4,2410.8,4,2411.2,3,2411.4,8,2411.6,1,2411.8,12,2412.0,9,2411.0
IH2409,,13:48:26.800#,2430.0,2435.2,2409.0,2672.6,2187.0,10679,47933,2410.0,9,2410.2,1,2410.4,4,2410.6,4,2410.8,4,2411.4,8,2411.6,1,2411.8,12,2412.0,9,2412.2,7,2410.8
IH2409,,13:48:27.300#,2430.0,2435.2,2409.0,2672.6,2187.0,10679,47933,2410.2,1,2410.4,4,2410.6,4,2410.8,4,2411.0,1,2411.4,8,2411.6,1,2411.8,12,2412.0,9,2412.2,7,2410.8
IH2409,,13:48:27.800#,2430.0,2435.2,2409.0,2672.6,2187.0,10679,47933,2410.2,1,2410.4,4,2410.6,4,2410.8,4,2411.0,1,2411.4,5,2411.6,1,2411.8,12,2412.0,9,2412.2,7,2410.8
IH2409,,13:48:28.300#,2430.0,2435.2,2409.0,2672.6,2187.0,10679,47933,2410.4,4,2410.6,4,2410.8,4,2411.0,1,2411.2,1,2411.4,5,2411.6,1,2411.8,12,2412.0,9,2412.2,7,2410.8
IH2409,,13:48:29.300#,2430.0,2435.2,2409.0,2672.6,2187.0,10680,47933,2410.2,1,2410.4,4,2410.6,4,2410.8,4,2411.0,1,2411.4,5,2411.6,1,2411.8,12,2412.0,9,2412.2,7,2411.2
IH2409,,13:48:31.800#,2430.0,2435.2,2409.0,2672.6,2187.0,10680,47933,2410.2,1,2410.4,4,2410.6,4,2410.8,4,2411.0,1,2411.4,5,2411.6,2,2411.8,12,2412.0,9,2412.2,7,2411.2
IH2409,,13:48:32.300#,2430.0,2435.2,2409.0,2672.6,2187.0,10681,47933,2410.2,1,2410.4,4,2410.6,4,2410.8,4,2411.0,1,2411.4,4,2411.6,2,2411.8,12,2412.0,9,2412.2,7,2411.4
IH2409,,13:48:32.800#,2430.0,2435.2,2409.0,2672.6,2187.0,10681,47933,2410.2,1,2410.4,4,2410.6,4,2410.8,4,2411.0,1,2411.2,2,2411.4,4,2411.6,2,2411.8,13,2412.0,9,2411.4
IH2409,,13:48:34.300#,2430.0,2435.2,2409.0,2672.6,2187.0,10681,47933,2410.2,1,2410.4,4,2410.6,4,2410.8,4,2411.0,1,2411.2,2,2411.4,4,2411.6,2,2411.8,14,2412.0,9,2411.4
IH2409,,13:48:35.300#,2430.0,2435.2,2409.0,2672.6,2187.0,10681,47933,2410.2,1,2410.4,4,2410.6,4,2410.8,4,2411.0,1,2411.2,2,2411.4,7,2411.6,2,2411.8,14,2412.0,9,2411.4
IH2409,,13:48:39.800#,2430.0,2435.2,2409.0,2672.6,2187.0,10682,47934,2410.2,1,2410.4,4,2410.6,4,2410.8,4,2411.0,1,2411.2,1,2411.4,7,2411.6,2,2411.8,14,2412.0,9,2411.2
IH2409,,13:48:40.300#,2430.0,2435.2,2409.0,2672.6,2187.0,10682,47934,2410.2,1,2410.4,4,2410.6,4,2410.8,4,2411.0,1,2411.2,2,2411.4,7,2411.6,2,2411.8,14,2412.0,9,2411.2
IH2409,,13:48:45.300#,2430.0,2435.2,2409.0,2672.6,2187.0,10682,47934,2410.2,1,2410.4,4,2410.6,4,2410.8,4,2411.0,2,2411.2,2,2411.4,7,2411.6,2,2411.8,14,2412.0,9,2411.2
IH2409,,13:48:48.300#,2430.0,2435.2,2409.0,2672.6,2187.0,10683,47935,2410.2,1,2410.4,4,2410.6,4,2410.8,4,2411.0,2,2411.2,1,2411.4,7,2411.6,2,2411.8,14,2412.0,9,2411.2
IH2409,,13:48:48.800#,2430.0,2435.2,2409.0,2672.6,2187.0,10683,47935,2410.2,1,2410.4,4,2410.6,4,2410.8,4,2411.0,4,2411.2,1,2411.4,6,2411.6,2,2411.8,14,2412.0,9,2411.2
IH2409,,13:48:49.300#,2430.0,2435.2,2409.0,2672.6,2187.0,10684,47934,2410.4,4,2410.6,4,2410.8,4,2411.0,4,2411.2,1,2411.4,4,2411.6,2,2411.8,14,2412.0,9,2412.2,7,2411.2
IH2409,,13:48:50.300#,2430.0,2435.2,2409.0,2672.6,2187.0,10684,47934,2410.4,4,2410.6,4,2410.8,4,2411.0,2,2411.2,1,2411.4,4,2411.6,2,2411.8,14,2412.0,9,2412.2,7,2411.2
IH2409,,13:48:52.800#,2430.0,2435.2,2409.0,2672.6,2187.0,10684,47934,2410.4,4,2410.6,4,2410.8,4,2411.0,1,2411.2,1,2411.4,4,2411.6,2,2411.8,14,2412.0,9,2412.2,7,2411.2
IH2409,,13:48:54.300#,2430.0,2435.2,2409.0,2672.6,2187.0,10684,47934,2410.4,4,2410.6,4,2410.8,4,2411.0,1,2411.2,2,2411.4,4,2411.6,2,2411.8,14,2412.0,9,2412.2,7,2411.2
IH2409,,13:48:55.800#,2430.0,2435.2,2409.0,2672.6,2187.0,10684,47934,2410.4,4,2410.6,4,2410.8,4,2411.0,1,2411.2,2,2411.4,4,2411.6,2,2411.8,14,2412.0,10,2412.2,7,2411.2
IH2409,,13:48:56.300#,2430.0,2435.2,2409.0,2672.6,2187.0,10684,47934,2410.4,4,2410.6,4,2410.8,4,2411.0,1,2411.2,2,2411.4,4,2411.6,3,2411.8,14,2412.0,10,2412.2,7,2411.2
IH2409,,13:49:00.800#,2430.0,2435.2,2409.0,2672.6,2187.0,10685,47934,2410.4,4,2410.6,4,2410.8,4,2411.0,1,2411.2,2,2411.4,3,2411.6,3,2411.8,14,2412.0,10,2412.2,7,2411.4
IH2409,,13:49:01.300#,2430.0,2435.2,2409.0,2672.6,2187.0,10687,47933,2410.4,4,2410.6,4,2410.8,4,2411.0,1,2411.2,1,2411.4,2,2411.6,3,2411.8,14,2412.0,10,2412.2,7,2411.4
IH2409,,13:49:01.800#,2430.0,2435.2,2409.0,2672.6,2187.0,10687,47933,2410.4,4,2410.6,4,2410.8,4,2411.0,1,2411.2,1,2411.4,4,2411.6,3,2411.8,11,2412.0,10,2412.2,7,2411.4
IH2409,,13:49:02.800#,2430.0,2435.2,2409.0,2672.6,2187.0,10688,47933,2410.4,4,2410.6,4,2410.8,4,2411.0,1,2411.2,1,2411.4,1,2411.6,3,2411.8,11,2412.0,10,2412.2,7,2411.4
IH2409,,13:49:07.300#,2430.0,2435.2,2409.0,2672.6,2187.0,10688,47933,2410.4,4,2410.6,4,2410.8,4,2411.0,1,2411.2,1,2411.4,2,2411.6,3,2411.8,11,2412.0,10,2412.2,7,2411.4
IH2409,,13:49:08.300#,2430.0,2435.2,2409.0,2672.6,2187.0,10688,47933,2410.4,4,2410.6,4,2410.8,4,2411.0,1,2411.2,1,2411.4,5,2411.6,3,2411.8,11,2412.0,10,2412.2,7,2411.4
IH2409,,13:49:08.800#,2430.0,2435.2,2409.0,2672.6,2187.0,10689,47934,2410.2,1,2410.4,4,2410.6,4,2410.8,4,2411.0,1,2411.4,5,2411.6,3,2411.8,11,2412.0,10,2412.2,7,2411.2
IH2409,,13:49:11.800#,2430.0,2435.2,2409.0,2672.6,2187.0,10690,47934,2410.2,1,2410.4,4,2410.6,4,2410.8,4,2411.0,1,2411.4,4,2411.6,3,2411.8,11,2412.0,10,2412.2,7,2411.4
IH2409,,13:49:15.300#,2430.0,2435.2,2409.0,2672.6,2187.0,10690,47934,2410.2,1,2410.4,4,2410.6,4,2410.8,4,2411.0,2,2411.4,4,2411.6,3,2411.8,11,2412.0,10,2412.2,7,2411.4
IH2409,,13:49:18.800#,2430.0,2435.2,2409.0,2672.6,2187.0,10690,47934,2410.2,1,2410.4,4,2410.6,5,2410.8,4,2411.0,2,2411.4,4,2411.6,3,2411.8,11,2412.0,10,2412.2,7,2411.4
IH2409,,13:49:21.300#,2430.0,2435.2,2409.0,2672.6,2187.0,10690,47934,2410.2,1,2410.4,4,2410.6,5,2410.8,4,2411.0,2,2411.4,5,2411.6,3,2411.8,11,2412.0,11,2412.2,7,2411.4
IH2409,,13:49:22.300#,2430.0,2435.2,2409.0,2672.6,2187.0,10690,47934,2410.2,1,2410.4,4,2410.6,5,2410.8,4,2411.0,3,2411.4,5,2411.6,3,2411.8,11,2412.0,11,2412.2,7,2411.4
IH2409,,13:49:28.300#,2430.0,2435.2,2409.0,2672.6,2187.0,10690,47934,2410.2,1,2410.4,4,2410.6,5,2410.8,4,2411.0,3,2411.4,6,2411.6,3,2411.8,11,2412.0,11,2412.2,7,2411.4
