InstrumentId,ExchangeId,Datetime,OpenPrice,HighestPrice,LowestPrice,UpperLimitPrice,LowerLimitPrice,Volume,OpenInterest,BidPrice5,BidVolume5,BidPrice4,BidVolume4,BidPrice3,BidVolume3,BidPrice2,BidVolume2,BidPrice1,BidVolume1,AskPrice1,AskVolume1,AskPrice2,AskVolume2,AskPrice3,AskVolume3,AskPrice4,AskVolume4,AskPrice5,AskVolume5,LastPrice
IH2503,,13:38:34.800#,2429.0,2434.4,2414.0,2674.0,2188.0,1391,1362,2411.2,4,2412.4,4,2413.6,2,2413.8,1,2414.2,1,2414.6,1,2414.8,1,2415.2,1,2415.4,3,2415.6,2,2414.2
IH2503,,13:38:38.300#,2429.0,2434.4,2414.0,2674.0,2188.0,1391,1362,2411.2,4,2412.4,4,2413.6,2,2413.8,1,2414.2,1,2414.8,1,2415.2,1,2415.4,3,2415.6,2,2415.8,1,2414.2
IH2503,,13:38:39.300#,2429.0,2434.4,2414.0,2674.0,2188.0,1391,1362,2412.4,4,2413.6,2,2413.8,1,2414.2,1,2414.6,1,2414.8,1,2415.2,1,2415.4,3,2415.6,2,2415.8,1,2414.2
IH2503,,13:38:39.800#,2429.0,2434.4,2414.0,2674.0,2188.0,1392,1363,2409.6,8,2411.2,4,2412.4,4,2413.6,2,2413.8,1,2414.8,1,2415.2,1,2415.4,3,2415.6,2,2415.8,1,2414.6
IH2503,,13:38:40.300#,2429.0,2434.4,2414.0,2674.0,2188.0,1392,1363,2412.4,4,2413.6,2,2413.8,1,2414.0,2,2414.2,1,2415.4,3,2415.6,2,2415.8,1,2416.2,4,2417.4,2,2414.6
IH2503,,13:38:40.800#,2429.0,2434.4,2414.0,2674.0,2188.0,1392,1363,2412.4,4,2413.6,2,2413.8,1,2414.0,1,2414.2,1,2415.0,1,2415.2,5,2415.4,1,2415.6,2,2415.8,1,2414.6
IH2503,,13:38:41.300#,2429.0,2434.4,2414.0,2674.0,2188.0,1392,1363,2411.2,4,2412.4,4,2413.6,2,2413.8,1,2414.0,1,2415.0,1,2415.2,4,2415.4,1,2415.6,2,2415.8,1,2414.6
IH2503,,13:38:41.800#,2429.0,2434.4,2414.0,2674.0,2188.0,1392,1363,2411.2,4,2412.4,4,2413.6,2,2413.8,1,2414.0,1,2414.8,1,2415.0,1,2415.2,3,2415.4,1,2415.6,2,2414.6
IH2503,,13:38:42.300#,2429.0,2434.4,2414.0,2674.0,2188.0,1392,1363,2411.2,4,2412.4,4,2413.6,2,2413.8,1,2414.0,1,2414.8,1,2415.2,3,2415.4,1,2415.6,2,2415.8,1,2414.6
IH2503,,13:38:53.800#,2429.0,2434.4,2414.0,2674.0,2188.0,1393,1364,2409.6,8,2411.2,4,2412.4,4,2413.6,2,2413.8,1,2414.0,3,2414.8,1,2415.2,3,2415.4,1,2415.6,2,2414.0
IH2503,,13:38:54.300#,2429.0,2434.4,2414.0,2674.0,2188.0,1396,1367,2412.4,4,2413.6,2,2413.8,1,2414.0,3,2414.2,1,2414.8,1,2415.2,2,2415.4,1,2415.8,1,2416.2,4,2414.0
IH2503,,13:38:54.800#,2429.0,2434.4,2414.0,2674.0,2188.0,1396,1367,2412.4,4,2413.6,2,2413.8,1,2414.0,2,2414.2,1,2414.6,2,2414.8,1,2415.2,2,2415.4,1,2415.8,1,2414.0
IH2503,,13:38:57.800#,2429.0,2434.4,2414.0,2674.0,2188.0,1397,1368,2411.2,4,2412.4,4,2413.6,2,2413.8,1,2414.0,2,2414.6,2,2414.8,1,2415.2,2,2415.4,1,2415.8,1,2414.2
IH2503,,13:38:58.300#,2429.0,2434.4,2414.0,2674.0,2188.0,1397,1368,2411.2,4,2412.4,4,2413.6,2,2413.8,1,2414.0,1,2414.6,2,2414.8,1,2415.2,2,2415.4,1,2415.8,1,2414.2
IH2503,,13:39:04.800#,2429.0,2434.4,2414.0,2674.0,2188.0,1397,1368,2412.4,4,2413.6,2,2413.8,1,2414.0,1,2414.2,1,2414.6,2,2414.8,1,2415.2,2,2415.4,1,2415.8,1,2414.2
IH2503,,13:39:05.300#,2429.0,2434.4,2414.0,2674.0,2188.0,1397,1368,2412.4,4,2413.6,2,2413.8,1,2414.0,1,2414.2,1,2414.8,1,2415.2,2,2415.4,1,2415.8,1,2416.2,4,2414.2
IH2503,,13:39:18.300#,2429.0,2434.4,2414.0,2674.0,2188.0,1397,1368,2412.4,4,2413.6,2,2413.8,1,2414.0,1,2414.2,1,2415.2,2,2415.4,1,2415.8,1,2416.2,4,2417.4,2,2414.2
IH2503,,13:39:18.800#,2429.0,2434.4,2414.0,2674.0,2188.0,1397,1368,2412.4,4,2413.6,2,2413.8,1,2414.0,1,2414.2,1,2414.8,1,2415.0,3,2415.2,2,2415.4,1,2415.8,1,2414.2
IH2503,,13:39:53.300#,2429.0,2434.4,2414.0,2674.0,2188.0,1398,1369,2411.2,4,2412.4,4,2413.6,2,2413.8,1,2414.0,1,2414.8,1,2415.0,3,2415.2,2,2415.4,1,2415.8,1,2414.2
IH2503,,13:40:15.300#,2429.0,2434.4,2414.0,2674.0,2188.0,1399,1370,2409.6,8,2411.2,4,2412.4,4,2413.6,2,2413.8,1,2414.6,3,2414.8,1,2415.0,3,2415.4,1,2415.8,1,2414.0
IH2503,,13:40:15.800#,2429.0,2434.4,2413.8,2674.0,2188.0,1400,1371,2409.6,8,2411.2,4,2412.4,4,2413.6,2,2414.0,1,2414.2,1,2414.4,1,2414.6,3,2414.8,1,2415.0,2,2413.8
IH2503,,13:40:16.300#,2429.0,2434.4,2413.8,2674.0,2188.0,1401,1372,2404.0,5,2405.0,1,2409.6,8,2411.2,4,2412.4,4,2413.8,1,2414.2,1,2414.4,1,2414.6,3,2414.8,1,2414.0
IH2503,,13:40:16.800#,2429.0,2434.4,2413.8,2674.0,2188.0,1401,1372,2409.6,8,2409.8,4,2411.2,4,2412.4,2,2412.6,5,2413.6,2,2413.8,1,2414.2,1,2414.4,1,2414.6,2,2414.0
IH2503,,13:40:17.300#,2429.0,2434.4,2413.8,2674.0,2188.0,1401,1372,2411.2,4,2412.4,2,2412.6,4,2412.8,1,2413.6,1,2413.8,1,2414.2,1,2414.4,1,2414.6,2,2415.0,2,2414.0
IH2503,,13:40:17.800#,2429.0,2434.4,2413.6,2674.0,2188.0,1402,1373,2409.8,4,2411.2,4,2412.4,2,2412.6,3,2412.8,1,2413.8,1,2414.2,1,2414.4,1,2414.6,2,2415.0,2,2413.6
IH2503,,13:40:18.300#,2429.0,2434.4,2413.6,2674.0,2188.0,1402,1373,2409.8,4,2411.2,4,2412.4,2,2412.6,3,2413.0,2,2413.8,1,2414.4,1,2414.6,2,2415.0,2,2415.4,1,2413.6
IH2503,,13:40:18.800#,2429.0,2434.4,2413.6,2674.0,2188.0,1402,1373,2411.2,4,2412.4,2,2412.6,3,2413.0,1,2413.2,1,2413.8,1,2414.4,1,2414.6,2,2415.0,2,2415.4,1,2413.6
IH2503,,13:40:19.300#,2429.0,2434.4,2413.6,2674.0,2188.0,1402,1373,2409.8,4,2411.2,4,2412.4,2,2412.6,3,2413.2,1,2413.8,1,2414.4,1,2414.6,2,2415.0,2,2415.4,1,2413.6
IH2503,,13:40:19.800#,2429.0,2434.4,2413.6,2674.0,2188.0,1402,1373,2409.8,4,2411.2,4,2412.4,2,2412.6,3,2413.4,2,2413.8,1,2414.4,1,2414.6,2,2415.0,2,2415.4,1,2413.6
IH2503,,13:40:21.800#,2429.0,2434.4,2413.6,2674.0,2188.0,1402,1373,2409.8,4,2411.2,4,2412.4,2,2412.6,3,2413.4,1,2413.8,1,2414.4,1,2414.6,2,2415.0,2,2415.4,1,2413.6
IH2503,,13:40:23.300#,2429.0,2434.4,2413.4,2674.0,2188.0,1403,1374,2409.6,8,2409.8,4,2411.2,4,2412.4,2,2412.6,3,2414.4,1,2414.6,2,2415.0,2,2415.4,1,2415.8,1,2413.4
IH2503,,13:40:23.800#,2429.0,2434.4,2413.4,2674.0,2188.0,1403,1374,2409.8,4,2411.2,4,2412.4,2,2412.6,3,2412.8,1,2414.0,1,2414.4,1,2414.6,2,2415.0,2,2415.4,1,2413.4
IH2503,,13:40:24.300#,2429.0,2434.4,2413.4,2674.0,2188.0,1403,1374,2411.2,4,2412.4,2,2412.6,2,2412.8,2,2413.0,1,2414.0,1,2414.4,1,2414.6,2,2415.0,2,2415.4,1,2413.4
IH2503,,13:40:24.800#,2429.0,2434.4,2413.4,2674.0,2188.0,1403,1374,2411.2,4,2412.4,2,2412.6,2,2412.8,1,2413.2,1,2414.4,1,2414.6,2,2415.0,2,2415.4,1,2415.8,1,2413.4
IH2503,,13:40:25.300#,2429.0,2434.4,2413.4,2674.0,2188.0,1403,1374,2411.2,4,2412.4,2,2412.6,2,2412.8,1,2413.2,2,2414.0,1,2414.2,1,2414.6,2,2415.0,2,2415.4,1,2413.4
IH2503,,13:40:38.800#,2429.0,2434.4,2413.4,2674.0,2188.0,1403,1374,2411.2,4,2412.4,2,2412.6,2,2412.8,1,2413.2,2,2413.8,2,2414.0,1,2414.2,1,2414.6,2,2415.0,2,2413.4
IH2503,,13:40:40.800#,2429.0,2434.4,2413.4,2674.0,2188.0,1403,1374,2411.2,4,2412.4,2,2412.6,2,2412.8,1,2413.2,1,2413.8,2,2414.0,1,2414.2,1,2414.6,2,2415.0,2,2413.4
IH2503,,13:40:46.300#,2429.0,2434.4,2413.4,2674.0,2188.0,1403,1374,2411.2,4,2412.4,2,2412.6,2,2412.8,1,2413.2,1,2413.6,1,2413.8,2,2414.0,1,2414.2,1,2414.6,2,2413.4
IH2503,,13:40:49.800#,2429.0,2434.4,2413.2,2674.0,2188.0,1404,1375,2409.8,4,2411.2,4,2412.4,2,2412.6,2,2412.8,1,2413.6,1,2413.8,2,2414.0,1,2414.2,1,2414.6,2,2413.2
IH2503,,13:40:50.300#,2429.0,2434.4,2413.2,2674.0,2188.0,1404,1375,2409.8,4,2411.2,4,2412.4,2,2412.6,2,2412.8,1,2413.6,1,2413.8,2,2414.2,1,2414.6,2,2415.0,2,2413.2
IH2503,,13:40:50.800#,2429.0,2434.4,2413.2,2674.0,2188.0,1404,1375,2409.8,4,2411.2,4,2412.4,2,2412.6,2,2413.0,2,2413.6,1,2413.8,2,2414.2,1,2414.6,2,2415.0,2,2413.2
IH2503,,13:40:51.800#,2429.0,2434.4,2413.2,2674.0,2188.0,1404,1375,2409.8,4,2411.2,4,2412.4,2,2412.6,2,2413.0,2,2413.8,2,2414.2,1,2414.6,2,2415.0,2,2415.4,1,2413.2
IH2503,,13:40:56.300#,2429.0,2434.4,2413.0,2674.0,2188.0,1405,1376,2409.8,4,2411.2,4,2412.4,2,2412.6,2,2413.0,1,2413.8,2,2414.2,1,2414.6,2,2415.0,2,2415.4,1,2413.0
IH2503,,13:40:56.800#,2429.0,2434.4,2413.0,2674.0,2188.0,1405,1376,2409.8,4,2411.2,4,2412.4,2,2412.6,2,2413.0,2,2413.8,2,2414.2,1,2414.6,2,2415.0,2,2415.4,1,2413.0
IH2503,,13:41:05.300#,2429.0,2434.4,2413.0,2674.0,2188.0,1405,1376,2409.8,4,2411.2,4,2412.4,2,2412.6,2,2413.0,2,2414.2,1,2414.6,2,2415.0,2,2415.4,1,2415.8,1,2413.0
IH2503,,13:41:05.800#,2429.0,2434.4,2413.0,2674.0,2188.0,1405,1376,2409.8,4,2411.2,4,2412.4,2,2412.6,2,2413.0,2,2414.0,1,2414.6,2,2415.0,2,2415.4,1,2415.8,1,2413.0
IH2503,,13:41:06.300#,2429.0,2434.4,2413.0,2674.0,2188.0,1405,1376,2411.2,4,2412.4,2,2412.6,2,2413.0,2,2413.2,1,2414.0,1,2414.6,2,2415.0,2,2415.4,1,2415.8,1,2413.0
IH2503,,13:41:06.800#,2429.0,2434.4,2413.0,2674.0,2188.0,1405,1376,2411.2,4,2412.4,2,2412.6,2,2413.0,1,2413.2,1,2414.0,1,2414.6,2,2415.0,2,2415.4,1,2415.8,1,2413.0
IH2503,,13:41:07.800#,2429.0,2434.4,2413.0,2674.0,2188.0,1405,1376,2411.2,4,2412.4,2,2412.6,2,2413.0,1,2413.2,1,2413.8,1,2414.0,1,2414.6,2,2415.0,2,2415.4,1,2413.0
IH2503,,13:41:09.800#,2429.0,2434.4,2413.0,2674.0,2188.0,1405,1376,2411.2,4,2412.4,2,2412.6,2,2413.0,1,2413.2,1,2413.8,1,2414.0,1,2414.6,2,2415.0,2,2415.4,1,2413.0
IH2503,,13:41:13.300#,2429.0,2434.4,2413.0,2674.0,2188.0,1405,1376,2411.2,4,2412.4,2,2412.6,2,2413.0,1,2413.2,1,2414.0,1,2414.6,2,2415.0,2,2415.4,1,2415.8,1,2413.0
IH2503,,13:41:13.800#,2429.0,2434.4,2413.0,2674.0,2188.0,1405,1376,2411.2,4,2412.4,2,2412.6,2,2413.0,1,2413.2,1,2413.8,2,2414.6,2,2415.0,2,2415.4,1,2415.8,1,2413.0
IH2503,,13:41:14.800#,2429.0,2434.4,2413.0,2674.0,2188.0,1405,1376,2412.4,2,2412.6,2,2413.0,1,2413.2,1,2413.4,1,2413.8,2,2414.6,2,2415.0,2,2415.4,1,2415.8,1,2413.0
IH2503,,13:41:15.300#,2429.0,2434.4,2413.0,2674.0,2188.0,1405,1376,2411.2,4,2412.4,2,2412.6,2,2413.0,1,2413.4,1,2413.8,1,2414.6,2,2415.0,2,2415.4,1,2415.8,1,2413.0
IH2503,,13:41:15.800#,2429.0,2434.4,2413.0,2674.0,2188.0,1405,1376,2411.2,4,2412.4,2,2412.6,2,2413.0,1,2413.4,1,2414.2,2,2414.6,2,2415.4,1,2415.8,1,2416.2,4,2413.0
IH2503,,13:41:16.300#,2429.0,2434.4,2413.0,2674.0,2188.0,1406,1377,2409.8,4,2411.2,4,2412.4,2,2412.6,1,2413.0,1,2414.0,1,2414.2,2,2414.6,2,2415.4,1,2415.8,1,2413.4
IH2503,,13:41:16.800#,2429.0,2434.4,2413.0,2674.0,2188.0,1406,1377,2411.2,4,2412.4,2,2412.6,1,2413.0,1,2413.2,1,2414.0,1,2414.2,2,2414.6,2,2415.4,1,2415.8,1,2413.4
IH2503,,13:41:18.800#,2429.0,2434.4,2413.0,2674.0,2188.0,1406,1377,2412.4,2,2412.6,1,2413.0,1,2413.2,1,2413.4,1,2414.0,1,2414.2,2,2414.6,2,2415.4,1,2415.8,1,2413.4
IH2503,,13:41:26.800#,2429.0,2434.4,2413.0,2674.0,2188.0,1406,1377,2412.4,2,2412.6,1,2413.0,1,2413.2,1,2413.4,1,2414.2,2,2414.6,2,2415.4,1,2415.8,1,2416.2,4,2413.4
IH2503,,13:41:27.300#,2429.0,2434.4,2413.0,2674.0,2188.0,1406,1377,2412.4,2,2412.6,1,2413.0,1,2413.4,1,2413.6,1,2414.6,2,2415.4,1,2415.8,1,2416.2,4,2417.4,2,2413.4
IH2503,,13:41:27.800#,2429.0,2434.4,2413.0,2674.0,2188.0,1406,1377,2411.2,4,2412.4,2,2412.6,1,2413.0,1,2413.6,1,2414.4,4,2414.6,2,2415.4,1,2415.8,1,2416.2,4,2413.4
IH2503,,13:41:28.300#,2429.0,2434.4,2413.0,2674.0,2188.0,1406,1377,2411.2,4,2412.4,2,2412.6,1,2413.0,1,2413.6,1,2414.2,1,2414.4,3,2414.6,2,2415.4,1,2415.8,1,2413.4
IH2503,,13:41:28.800#,2429.0,2434.4,2413.0,2674.0,2188.0,1406,1377,2411.2,4,2412.4,2,2412.6,1,2413.0,1,2413.6,1,2414.2,1,2414.4,2,2414.6,2,2415.4,1,2415.8,1,2413.4
IH2503,,13:41:29.300#,2429.0,2434.4,2413.0,2674.0,2188.0,1406,1377,2409.8,4,2411.2,4,2412.4,2,2412.6,1,2413.0,1,2414.2,1,2414.4,2,2414.6,2,2415.4,1,2415.8,1,2413.4
IH2503,,13:41:29.800#,2429.0,2434.4,2413.0,2674.0,2188.0,1406,1377,2411.2,4,2412.4,2,2412.6,1,2413.0,1,2413.2,2,2414.2,1,2414.4,2,2414.6,2,2415.4,1,2415.8,1,2413.4
IH2503,,13:41:30.300#,2429.0,2434.4,2413.0,2674.0,2188.0,1406,1377,2412.4,2,2412.6,1,2413.0,1,2413.2,1,2413.4,1,2414.2,1,2414.4,2,2414.6,2,2415.4,1,2415.8,1,2413.4
IH2503,,13:41:30.800#,2429.0,2434.4,2413.0,2674.0,2188.0,1406,1377,2411.2,4,2412.4,2,2412.6,1,2413.0,1,2413.4,1,2414.2,1,2414.4,2,2414.6,2,2415.4,1,2415.8,1,2413.4
IH2503,,13:41:33.800#,2429.0,2434.4,2413.0,2674.0,2188.0,1406,1377,2411.2,4,2412.4,2,2412.6,1,2413.0,1,2413.4,1,2414.0,1,2414.4,2,2414.6,2,2415.4,1,2415.8,1,2413.4
IH2503,,13:41:34.300#,2429.0,2434.4,2413.0,2674.0,2188.0,1406,1377,2409.8,4,2411.2,4,2412.4,2,2412.6,1,2413.0,1,2414.0,1,2414.4,2,2414.6,2,2415.4,1,2415.8,1,2413.4
IH2503,,13:41:34.800#,2429.0,2434.4,2413.0,2674.0,2188.0,1406,1377,2411.2,4,2412.4,2,2412.6,1,2413.0,1,2413.2,2,2414.0,1,2414.4,2,2414.6,2,2415.4,1,2415.8,1,2413.4
IH2503,,13:41:39.800#,2429.0,2434.4,2413.0,2674.0,2188.0,1406,1377,2412.4,2,2412.6,1,2413.0,1,2413.2,1,2413.4,1,2414.4,2,2414.6,2,2415.4,1,2415.8,1,2416.2,4,2413.4
IH2503,,13:41:40.300#,2429.0,2434.4,2413.0,2674.0,2188.0,1406,1377,2411.2,4,2412.4,2,2412.6,1,2413.0,1,2413.4,1,2414.2,1,2414.4,2,2414.6,2,2415.4,1,2415.8,1,2413.4
IH2503,,13:41:40.800#,2429.0,2434.4,2413.0,2674.0,2188.0,1406,1377,2409.8,4,2411.2,4,2412.4,2,2412.6,1,2413.0,1,2414.0,1,2414.2,3,2414.4,2,2415.4,1,2415.8,1,2413.4
IH2503,,13:41:41.300#,2429.0,2434.4,2413.0,2674.0,2188.0,1406,1377,2411.2,4,2412.4,2,2412.6,1,2413.0,1,2413.2,2,2414.0,1,2414.2,3,2414.4,2,2415.4,1,2415.8,1,2413.4
IH2503,,13:42:14.300#,2429.0,2434.4,2413.0,2674.0,2188.0,1407,1378,2411.2,4,2412.4,2,2412.6,1,2413.0,1,2413.2,2,2414.2,3,2414.4,2,2415.4,1,2415.8,1,2416.2,4,2414.0
IH2503,,13:42:14.800#,2429.0,2434.4,2413.0,2674.0,2188.0,1407,1378,2412.4,2,2412.6,1,2413.0,1,2413.2,1,2413.4,1,2414.2,3,2414.4,2,2415.4,1,2415.8,1,2416.2,4,2414.0
IH2503,,13:42:15.300#,2429.0,2434.4,2413.0,2674.0,2188.0,1407,1378,2412.4,2,2412.6,1,2413.0,1,2413.4,1,2413.6,1,2414.2,3,2414.4,2,2415.4,1,2415.8,1,2416.2,4,2414.0
IH2503,,13:42:15.800#,2429.0,2434.4,2413.0,2674.0,2188.0,1407,1378,2412.4,2,2412.6,1,2413.0,1,2413.4,1,2413.6,1,2414.0,1,2414.2,2,2414.4,2,2415.4,1,2415.8,1,2414.0
IH2503,,13:42:30.800#,2429.0,2434.4,2413.0,2674.0,2188.0,1408,1379,2412.4,2,2412.6,1,2413.0,1,2413.4,1,2413.6,1,2414.2,1,2414.4,2,2415.4,1,2415.8,1,2416.2,4,2414.0
IH2503,,13:42:32.300#,2429.0,2434.4,2413.0,2674.0,2188.0,1408,1379,2412.4,2,2412.6,1,2413.0,1,2413.4,1,2413.6,1,2414.2,1,2415.4,1,2415.8,1,2416.2,4,2417.4,2,2414.0
IH2503,,13:42:41.300#,2429.0,2434.4,2413.0,2674.0,2188.0,1409,1380,2412.4,2,2412.6,1,2413.0,1,2413.4,1,2413.6,1,2415.4,1,2415.8,1,2416.2,4,2417.4,2,2418.6,2,2414.2
IH2503,,13:42:41.800#,2429.0,2434.4,2413.0,2674.0,2188.0,1409,1380,2412.4,2,2412.6,1,2413.0,1,2413.4,1,2413.6,1,2415.0,5,2415.2,2,2415.4,1,2416.2,3,2417.4,2,2414.2
IH2503,,13:42:42.300#,2429.0,2434.4,2413.0,2674.0,2188.0,1409,1380,2412.4,2,2412.6,1,2413.0,1,2413.4,1,2413.6,1,2414.6,1,2414.8,3,2415.0,4,2415.4,1,2416.2,3,2414.2
IH2503,,13:42:42.800#,2429.0,2434.4,2413.0,2674.0,2188.0,1409,1380,2412.4,2,2412.6,1,2413.0,1,2413.4,1,2413.6,1,2414.2,1,2414.4,3,2414.6,1,2414.8,1,2415.0,3,2414.2
IH2503,,13:42:43.300#,2429.0,2434.4,2413.0,2674.0,2188.0,1409,1380,2412.4,2,2412.6,1,2413.0,1,2413.4,1,2413.6,1,2414.2,1,2414.4,2,2414.6,1,2414.8,1,2415.0,3,2414.2
IH2503,,13:43:11.300#,2429.0,2434.4,2413.0,2674.0,2188.0,1409,1380,2412.4,2,2412.6,1,2413.0,1,2413.4,1,2413.6,1,2414.0,1,2414.2,1,2414.4,2,2414.6,1,2414.8,1,2414.2
IH2503,,13:43:51.300#,2429.0,2434.4,2413.0,2674.0,2188.0,1411,1382,2412.4,2,2412.6,1,2413.0,1,2413.4,1,2413.6,1,2414.2,1,2414.4,1,2414.8,1,2415.0,1,2415.4,1,2413.6
IH2503,,13:43:55.300#,2429.0,2434.4,2413.0,2674.0,2188.0,1411,1382,2412.4,2,2412.6,1,2413.0,1,2413.4,1,2413.6,1,2414.0,1,2414.2,1,2414.4,1,2414.8,1,2415.0,1,2413.6
IH2503,,13:44:03.300#,2429.0,2434.4,2413.0,2674.0,2188.0,1411,1382,2412.4,2,2412.6,1,2413.0,1,2413.4,1,2413.6,1,2414.0,1,2414.2,1,2414.8,1,2415.0,1,2415.4,1,2413.6
IH2503,,13:44:03.800#,2429.0,2434.4,2413.0,2674.0,2188.0,1412,1383,2412.4,2,2412.6,1,2413.0,1,2413.4,1,2413.6,1,2414.2,1,2414.8,1,2415.0,1,2415.4,1,2416.2,3,2414.0
IH2503,,13:44:05.800#,2429.0,2434.4,2413.0,2674.0,2188.0,1412,1383,2412.4,2,2412.6,1,2413.0,1,2413.4,1,2413.6,1,2414.8,1,2415.0,1,2415.4,1,2416.2,3,2417.4,2,2414.0
IH2503,,13:44:06.300#,2429.0,2434.4,2413.0,2674.0,2188.0,1412,1383,2412.4,2,2412.6,1,2413.0,1,2413.4,1,2413.6,1,2414.4,1,2414.6,3,2414.8,1,2415.0,1,2415.4,1,2414.0
IH2503,,13:44:07.300#,2429.0,2434.4,2413.0,2674.0,2188.0,1412,1383,2412.4,2,2412.6,1,2413.0,1,2413.6,1,2413.8,1,2414.4,1,2414.6,3,2414.8,1,2415.0,1,2415.4,1,2414.0
IH2503,,13:44:07.800#,2429.0,2434.4,2413.0,2674.0,2188.0,1412,1383,2411.2,4,2412.4,2,2412.6,1,2413.0,1,2413.8,1,2414.6,3,2414.8,1,2415.0,1,2415.4,1,2416.2,3,2414.0
IH2503,,13:44:08.300#,2429.0,2434.4,2413.0,2674.0,2188.0,1412,1383,2412.4,2,2412.6,1,2413.0,1,2413.8,1,2414.0,1,2414.4,1,2414.6,2,2414.8,1,2415.0,1,2415.4,1,2414.0
IH2503,,13:44:08.800#,2429.0,2434.4,2413.0,2674.0,2188.0,1412,1383,2412.4,2,2412.6,1,2413.0,1,2413.8,1,2414.0,1,2414.6,2,2414.8,1,2415.0,1,2415.4,1,2416.2,3,2414.0
IH2503,,13:44:29.300#,2429.0,2434.4,2413.0,2674.0,2188.0,1413,1383,2411.2,4,2412.4,2,2412.6,1,2413.0,1,2413.8,1,2414.0,1,2414.6,2,2414.8,1,2415.0,1,2415.4,1,2414.0
IH2503,,13:44:29.800#,2429.0,2434.4,2413.0,2674.0,2188.0,1415,1384,2411.2,4,2412.4,2,2412.6,1,2413.0,1,2413.8,1,2414.6,1,2415.0,1,2415.4,1,2416.2,3,2417.4,2,2414.6
IH2503,,13:44:30.300#,2429.0,2434.4,2413.0,2674.0,2188.0,1415,1384,2412.4,2,2412.6,1,2413.0,1,2413.8,1,2414.0,1,2414.6,1,2415.0,1,2415.4,1,2416.2,3,2417.4,2,2414.6
IH2503,,13:44:32.300#,2429.0,2434.4,2413.0,2674.0,2188.0,1415,1384,2412.4,2,2412.6,1,2413.0,1,2413.8,1,2414.0,1,2414.8,1,2415.0,1,2415.4,1,2416.2,3,2417.4,2,2414.6
IH2503,,13:44:32.800#,2429.0,2434.4,2413.0,2674.0,2188.0,1415,1384,2412.6,1,2413.0,1,2413.8,1,2414.0,1,2414.2,1,2414.8,1,2415.0,1,2415.4,1,2416.2,3,2417.4,2,2414.6
IH2503,,13:44:33.300#,2429.0,2434.4,2413.0,2674.0,2188.0,1415,1384,2412.4,2,2412.6,1,2413.0,1,2413.8,1,2414.2,1,2414.8,1,2415.0,1,2415.4,1,2416.2,3,2417.4,2,2414.6
IH2503,,13:44:33.800#,2429.0,2434.4,2413.0,2674.0,2188.0,1415,1384,2412.4,2,2412.6,1,2413.0,1,2413.8,1,2414.4,1,2414.8,1,2415.0,1,2415.4,1,2416.2,3,2417.4,2,2414.6
IH2503,,13:44:38.300#,2429.0,2434.4,2413.0,2674.0,2188.0,1415,1384,2412.4,2,2412.6,1,2413.0,1,2413.8,1,2414.4,1,2414.8,1,2415.4,1,2416.2,3,2417.4,2,2418.6,2,2414.6
IH2503,,13:44:48.300#,2429.0,2434.4,2413.0,2674.0,2188.0,1415,1384,2412.4,2,2412.6,1,2413.0,1,2413.8,1,2414.4,1,2415.2,1,2415.4,1,2416.2,3,2417.4,2,2418.6,2,2414.6
IH2503,,13:44:53.800#,2429.0,2434.4,2413.0,2674.0,2188.0,1415,1384,2412.4,2,2412.6,1,2413.0,1,2414.4,1,2414.6,1,2415.2,1,2415.4,1,2416.2,3,2417.4,2,2418.6,2,2414.6
IH2503,,13:44:54.300#,2429.0,2434.4,2413.0,2674.0,2188.0,1415,1384,2411.2,4,2412.4,2,2412.6,1,2413.0,1,2414.6,1,2415.2,1,2415.4,1,2416.2,3,2417.4,2,2418.6,2,2414.6
IH2503,,13:45:00.300#,2429.0,2434.4,2413.0,2674.0,2188.0,1415,1384,2412.4,2,2412.6,1,2413.0,1,2414.6,1,2414.8,1,2415.2,1,2415.4,1,2416.2,3,2417.4,2,2418.6,2,2414.6
IH2503,,13:45:00.800#,2429.0,2434.4,2413.0,2674.0,2188.0,1415,1384,2412.4,2,2412.6,1,2413.0,1,2414.6,1,2414.8,1,2415.4,1,2416.2,3,2417.4,2,2418.6,2,2423.0,1,2414.6
IH2503,,13:45:02.800#,2429.0,2434.4,2413.0,2674.0,2188.0,1415,1384,2412.4,2,2412.6,1,2413.0,1,2414.6,1,2414.8,1,2415.2,1,2415.4,1,2416.2,3,2417.4,2,2418.6,2,2414.6
IH2503,,13:45:09.800#,2429.0,2434.4,2413.0,2674.0,2188.0,1415,1384,2412.4,2,2412.6,1,2413.0,1,2414.6,1,2414.8,1,2415.4,1,2416.2,3,2417.4,2,2418.6,2,2423.0,1,2414.6
IH2503,,13:45:11.800#,2429.0,2434.4,2413.0,2674.0,2188.0,1415,1384,2412.4,2,2412.6,1,2413.0,1,2414.6,1,2414.8,1,2415.2,1,2415.4,1,2416.2,3,2417.4,2,2418.6,2,2414.6
IH2503,,13:45:13.800#,2429.0,2434.4,2413.0,2674.0,2188.0,1416,1385,2411.2,4,2412.4,2,2412.6,1,2413.0,1,2414.6,1,2415.2,1,2415.4,1,2416.2,3,2417.4,2,2418.6,2,2414.8
IH2503,,13:45:14.300#,2429.0,2434.4,2413.0,2674.0,2188.0,1416,1385,2410.0,1,2411.2,4,2412.4,2,2412.6,1,2413.0,1,2415.0,1,2415.2,1,2415.4,1,2416.2,3,2417.4,2,2414.8
IH2503,,13:45:14.800#,2429.0,2434.4,2413.0,2674.0,2188.0,1416,1385,2412.4,2,2413.0,1,2413.2,5,2413.4,1,2413.6,6,2415.0,1,2415.2,1,2415.4,1,2416.2,3,2417.4,2,2414.8
IH2503,,13:45:15.300#,2429.0,2434.4,2413.0,2674.0,2188.0,1416,1385,2412.4,2,2413.0,1,2413.4,1,2413.6,1,2413.8,8,2415.0,1,2415.2,1,2415.4,1,2416.2,3,2417.4,2,2414.8
IH2503,,13:45:15.800#,2429.0,2434.4,2413.0,2674.0,2188.0,1416,1385,2413.0,1,2413.4,1,2413.6,1,2413.8,8,2414.0,1,2415.0,1,2415.2,1,2415.4,1,2416.2,3,2417.4,2,2414.8
IH2503,,13:45:16.300#,2429.0,2434.4,2413.0,2674.0,2188.0,1416,1385,2413.0,1,2413.4,1,2413.6,1,2413.8,7,2414.2,1,2415.0,1,2415.2,1,2415.4,1,2416.2,3,2417.4,2,2414.8
IH2503,,13:45:16.800#,2429.0,2434.4,2413.0,2674.0,2188.0,1416,1385,2413.0,1,2413.4,1,2413.6,1,2413.8,7,2414.2,2,2415.0,1,2415.2,1,2415.4,1,2416.2,3,2417.4,2,2414.8
IH2503,,13:45:18.300#,2429.0,2434.4,2413.0,2674.0,2188.0,1417,1386,2413.0,1,2413.4,1,2413.6,1,2413.8,7,2414.2,2,2415.2,1,2415.4,1,2416.2,3,2417.4,2,2418.6,2,2415.0
IH2503,,13:45:18.800#,2429.0,2434.4,2413.0,2674.0,2188.0,1417,1386,2413.4,1,2413.6,1,2413.8,7,2414.2,1,2414.4,1,2415.2,1,2415.4,1,2416.2,3,2417.4,2,2418.6,2,2415.0
IH2503,,13:45:19.300#,2429.0,2434.4,2413.0,2674.0,2188.0,1417,1386,2413.0,1,2413.4,1,2413.6,1,2413.8,7,2414.4,1,2415.2,1,2415.4,1,2416.2,3,2417.4,2,2418.6,2,2415.0
IH2503,,13:45:19.800#,2429.0,2434.4,2413.0,2674.0,2188.0,1417,1386,2413.4,1,2413.6,1,2413.8,7,2414.4,1,2414.6,1,2415.2,1,2415.4,1,2416.2,3,2417.4,2,2418.6,2,2415.0
IH2503,,13:45:20.300#,2429.0,2434.4,2413.0,2674.0,2188.0,1418,1387,2413.0,1,2413.4,1,2413.6,1,2413.8,3,2414.4,1,2415.2,1,2415.4,1,2416.2,3,2417.4,2,2418.6,2,2414.6
IH2503,,13:45:22.800#,2429.0,2434.4,2413.0,2674.0,2188.0,1418,1387,2413.0,1,2413.4,1,2413.6,1,2413.8,3,2414.4,1,2415.0,1,2415.2,1,2415.4,1,2416.2,3,2417.4,2,2414.6
IH2503,,13:45:23.300#,2429.0,2434.4,2413.0,2674.0,2188.0,1418,1387,2412.4,2,2413.0,1,2413.4,1,2413.6,1,2413.8,3,2415.0,1,2415.2,1,2415.4,1,2416.2,3,2417.4,2,2414.6
IH2503,,13:45:23.800#,2429.0,2434.4,2413.0,2674.0,2188.0,1418,1387,2413.0,1,2413.4,1,2413.6,1,2413.8,3,2414.0,2,2415.0,1,2415.2,1,2415.4,1,2416.2,3,2417.4,2,2414.6
IH2503,,13:45:24.300#,2429.0,2434.4,2413.0,2674.0,2188.0,1418,1387,2413.4,1,2413.6,1,2413.8,3,2414.0,1,2414.2,1,2415.0,1,2415.2,2,2415.4,1,2416.2,3,2417.4,2,2414.6
IH2503,,13:45:24.800#,2429.0,2434.4,2413.0,2674.0,2188.0,1418,1387,2413.0,1,2413.4,1,2413.6,1,2413.8,3,2414.2,1,2415.0,1,2415.2,2,2415.4,1,2416.2,3,2417.4,2,2414.6
IH2503,,13:45:25.300#,2429.0,2434.4,2413.0,2674.0,2188.0,1418,1387,2413.4,1,2413.6,1,2413.8,3,2414.2,1,2414.4,1,2415.0,1,2415.2,2,2415.4,1,2416.2,3,2417.4,2,2414.6
IH2503,,13:45:35.300#,2429.0,2434.4,2413.0,2674.0,2188.0,1418,1387,2413.4,1,2413.6,1,2413.8,3,2414.2,1,2414.4,1,2414.8,1,2415.0,1,2415.2,2,2415.4,1,2416.2,3,2414.6
IH2503,,13:45:47.300#,2429.0,2434.4,2413.0,2674.0,2188.0,1419,1388,2413.0,1,2413.4,1,2413.6,1,2413.8,3,2414.2,1,2414.8,1,2415.0,1,2415.2,2,2415.4,1,2416.2,3,2414.4
IH2503,,13:45:47.800#,2429.0,2434.4,2413.0,2674.0,2188.0,1419,1388,2412.4,2,2413.0,1,2413.4,1,2413.6,1,2413.8,3,2414.8,1,2415.0,1,2415.2,2,2415.4,1,2416.2,3,2414.4
IH2503,,13:45:48.300#,2429.0,2434.4,2413.0,2674.0,2188.0,1419,1388,2413.0,1,2413.4,1,2413.6,1,2413.8,3,2414.0,2,2414.8,1,2415.0,1,2415.2,2,2415.4,1,2416.2,3,2414.4
IH2503,,13:45:48.800#,2429.0,2434.4,2413.0,2674.0,2188.0,1419,1388,2413.0,1,2413.4,1,2413.6,1,2413.8,3,2414.0,2,2415.0,1,2415.2,2,2415.4,1,2416.2,3,2417.4,2,2414.4
IH2503,,13:45:49.300#,2429.0,2434.4,2413.0,2674.0,2188.0,1419,1388,2413.4,1,2413.6,1,2413.8,3,2414.0,1,2414.2,1,2415.0,1,2415.2,2,2415.4,1,2416.2,3,2417.4,2,2414.4
IH2503,,13:45:49.800#,2429.0,2434.4,2413.0,2674.0,2188.0,1419,1388,2413.0,1,2413.4,1,2413.6,1,2413.8,3,2414.2,1,2415.0,1,2415.2,2,2415.4,1,2416.2,3,2417.4,2,2414.4
IH2503,,13:45:50.300#,2429.0,2434.4,2413.0,2674.0,2188.0,1419,1388,2413.0,1,2413.4,1,2413.6,1,2413.8,3,2414.2,1,2414.8,1,2415.0,1,2415.2,2,2415.4,1,2416.2,3,2414.4
IH2503,,13:45:52.300#,2429.0,2434.4,2413.0,2674.0,2188.0,1419,1388,2413.0,1,2413.4,1,2413.6,1,2413.8,3,2414.2,1,2415.0,1,2415.2,2,2415.4,1,2416.2,3,2417.4,2,2414.4
IH2503,,13:45:55.800#,2429.0,2434.4,2413.0,2674.0,2188.0,1419,1388,2413.4,1,2413.6,1,2413.8,3,2414.2,1,2414.4,1,2415.0,1,2415.2,2,2415.4,1,2416.2,3,2417.4,2,2414.4
IH2503,,13:45:56.300#,2429.0,2434.4,2413.0,2674.0,2188.0,1419,1388,2413.4,1,2413.6,1,2413.8,3,2414.2,1,2414.4,4,2415.2,2,2415.4,1,2416.2,3,2417.4,2,2418.6,2,2414.4
IH2503,,13:45:56.800#,2429.0,2434.4,2413.0,2674.0,2188.0,1419,1388,2413.4,1,2413.6,1,2413.8,3,2414.4,4,2414.6,1,2415.0,1,2415.2,2,2415.4,1,2416.2,3,2417.4,2,2414.4
IH2503,,13:45:57.300#,2429.0,2434.4,2413.0,2674.0,2188.0,1419,1388,2413.4,1,2413.6,1,2413.8,3,2414.4,3,2414.6,1,2415.2,2,2415.4,1,2416.2,3,2417.4,2,2418.6,2,2414.4
IH2503,,13:45:59.800#,2429.0,2434.4,2413.0,2674.0,2188.0,1419,1388,2413.4,1,2413.6,1,2413.8,3,2414.4,3,2414.8,1,2415.2,2,2415.4,1,2416.2,3,2417.4,2,2418.6,2,2414.4
IH2503,,13:46:00.300#,2429.0,2434.4,2413.0,2674.0,2188.0,1419,1388,2413.4,1,2413.6,1,2413.8,3,2414.4,3,2414.8,1,2415.2,1,2415.4,1,2416.2,3,2417.4,2,2418.6,2,2414.4
IH2503,,13:46:00.800#,2429.0,2434.4,2413.0,2674.0,2188.0,1419,1388,2413.0,1,2413.4,1,2413.6,1,2413.8,3,2414.4,3,2415.2,1,2415.4,1,2416.2,3,2417.4,2,2418.6,2,2414.4
IH2503,,13:46:01.300#,2429.0,2434.4,2413.0,2674.0,2188.0,1419,1388,2413.4,1,2413.6,1,2413.8,3,2414.4,3,2414.6,2,2415.2,1,2415.4,1,2416.2,3,2417.4,2,2418.6,2,2414.4
IH2503,,13:46:03.800#,2429.0,2434.4,2413.0,2674.0,2188.0,1419,1388,2413.4,1,2413.6,1,2413.8,3,2414.4,3,2414.6,1,2415.0,1,2415.2,1,2415.4,1,2416.2,3,2417.4,2,2414.4
IH2503,,13:46:04.800#,2429.0,2434.4,2413.0,2674.0,2188.0,1419,1388,2413.4,1,2413.6,1,2413.8,3,2414.4,3,2414.6,1,2415.2,1,2415.4,1,2416.2,3,2417.4,2,2418.6,2,2414.4
IH2503,,13:46:05.300#,2429.0,2434.4,2413.0,2674.0,2188.0,1419,1388,2413.4,1,2413.6,1,2413.8,3,2414.4,3,2414.6,1,2415.0,1,2415.2,1,2415.4,1,2416.2,3,2417.4,2,2414.4
IH2503,,13:46:08.300#,2429.0,2434.4,2413.0,2674.0,2188.0,1419,1388,2413.4,1,2413.6,1,2413.8,3,2414.4,3,2414.6,1,2414.8,1,2415.0,1,2415.2,1,2415.4,1,2416.2,3,2414.4
IH2503,,13:46:08.800#,2429.0,2434.4,2413.0,2674.0,2188.0,1419,1388,2413.4,1,2413.6,1,2413.8,3,2414.4,3,2414.6,1,2414.8,1,2415.2,1,2415.4,1,2416.2,3,2417.4,2,2414.4
IH2503,,13:46:09.800#,2429.0,2434.4,2413.0,2674.0,2188.0,1420,1389,2413.0,1,2413.4,1,2413.6,1,2413.8,3,2414.4,3,2414.8,1,2415.2,1,2415.4,1,2416.2,3,2417.4,2,2414.6
IH2503,,13:46:17.300#,2429.0,2434.4,2413.0,2674.0,2188.0,1420,1389,2413.4,1,2413.6,1,2413.8,3,2414.4,3,2414.6,1,2414.8,1,2415.2,1,2415.4,1,2416.2,3,2417.4,2,2414.6
IH2503,,13:46:18.800#,2429.0,2434.4,2413.0,2674.0,2188.0,1420,1389,2413.4,1,2413.6,1,2413.8,3,2414.4,3,2414.6,1,2415.0,1,2415.2,1,2415.4,1,2416.2,3,2417.4,2,2414.6
IH2503,,13:46:19.300#,2429.0,2434.4,2413.0,2674.0,2188.0,1420,1389,2413.4,1,2413.6,1,2413.8,3,2414.4,2,2414.6,1,2415.0,1,2415.2,1,2415.4,1,2416.2,3,2417.4,2,2414.6
IH2503,,13:46:21.300#,2429.0,2434.4,2413.0,2674.0,2188.0,1420,1389,2413.4,1,2413.6,1,2413.8,3,2414.4,2,2414.6,1,2415.2,1,2415.4,1,2416.2,3,2417.4,2,2418.6,2,2414.6
IH2503,,13:46:23.300#,2429.0,2434.4,2413.0,2674.0,2188.0,1420,1389,2413.4,1,2413.6,1,2413.8,3,2414.4,2,2414.6,1,2415.0,1,2415.2,1,2415.4,1,2416.2,3,2417.4,2,2414.6
IH2503,,13:46:26.300#,2429.0,2434.4,2413.0,2674.0,2188.0,1421,1390,2413.0,1,2413.4,1,2413.6,1,2413.8,3,2414.4,2,2415.0,1,2415.2,1,2415.4,1,2416.2,3,2417.4,2,2414.6
IH2503,,13:46:27.800#,2429.0,2434.4,2413.0,2674.0,2188.0,1421,1390,2413.4,1,2413.6,1,2413.8,3,2414.4,2,2414.6,1,2415.0,1,2415.2,1,2415.4,1,2416.2,3,2417.4,2,2414.6
IH2503,,13:46:34.800#,2429.0,2434.4,2413.0,2674.0,2188.0,1421,1390,2413.4,1,2413.6,1,2413.8,3,2414.4,2,2414.6,1,2415.2,1,2415.4,1,2416.2,3,2417.4,2,2418.6,2,2414.6
IH2503,,13:46:35.800#,2429.0,2434.4,2413.0,2674.0,2188.0,1421,1390,2413.4,1,2413.6,1,2413.8,3,2414.4,2,2414.6,1,2415.0,1,2415.2,1,2415.4,1,2416.2,3,2417.4,2,2414.6
IH2503,,13:46:39.800#,2429.0,2434.4,2413.0,2674.0,2188.0,1421,1390,2413.4,1,2413.6,1,2413.8,3,2414.4,2,2414.6,1,2415.2,1,2415.4,1,2416.2,3,2417.4,2,2418.6,2,2414.6
IH2503,,13:47:02.300#,2429.0,2434.4,2413.0,2674.0,2188.0,1421,1390,2413.6,1,2413.8,3,2414.4,2,2414.6,1,2414.8,1,2415.2,1,2415.4,1,2416.2,3,2417.4,2,2418.6,2,2414.6
IH2503,,13:47:02.800#,2429.0,2434.4,2413.0,2674.0,2188.0,1422,1390,2413.4,1,2413.6,1,2413.8,3,2414.4,2,2414.8,1,2415.4,1,2416.2,3,2417.4,2,2418.6,2,2423.0,1,2415.2
IH2503,,13:47:03.300#,2429.0,2434.4,2413.0,2674.0,2188.0,1422,1390,2413.6,1,2413.8,3,2414.4,2,2414.8,1,2415.0,2,2415.4,1,2416.2,3,2417.4,2,2418.6,2,2423.0,1,2415.2
IH2503,,13:47:04.800#,2429.0,2434.4,2413.0,2674.0,2188.0,1422,1390,2413.6,1,2413.8,3,2414.4,2,2414.8,1,2415.0,1,2415.4,1,2416.2,3,2417.4,2,2418.6,2,2423.0,1,2415.2
IH2503,,13:47:13.300#,2429.0,2434.4,2413.0,2674.0,2188.0,1423,1391,2413.6,1,2413.8,3,2414.4,2,2414.8,1,2415.0,1,2416.2,3,2417.4,2,2418.6,2,2423.0,1,2426.2,8,2415.4
IH2503,,13:47:13.800#,2429.0,2434.4,2413.0,2674.0,2188.0,1423,1391,2413.6,1,2413.8,2,2414.4,2,2414.8,1,2415.0,1,2415.8,2,2416.0,2,2416.2,3,2417.4,2,2418.6,2,2415.4
IH2503,,13:47:16.300#,2429.0,2434.4,2413.0,2674.0,2188.0,1423,1391,2413.6,1,2413.8,2,2414.4,2,2414.8,1,2415.0,1,2415.6,1,2415.8,2,2416.0,1,2416.2,3,2417.4,2,2415.4
IH2503,,13:47:23.800#,2429.0,2434.4,2413.0,2674.0,2188.0,1423,1391,2413.6,1,2413.8,2,2414.4,2,2414.8,1,2415.0,1,2415.8,2,2416.0,1,2416.2,3,2417.4,2,2418.6,2,2415.4
IH2503,,13:47:25.800#,2429.0,2434.4,2413.0,2674.0,2188.0,1423,1391,2413.8,2,2414.4,2,2414.8,1,2415.0,1,2415.2,1,2415.8,1,2416.0,1,2416.2,3,2417.4,2,2418.6,2,2415.4
IH2503,,13:47:26.300#,2429.0,2434.4,2413.0,2674.0,2188.0,1423,1391,2413.8,2,2414.4,2,2414.8,1,2415.0,1,2415.4,1,2416.2,3,2417.4,2,2418.6,2,2423.0,1,2426.2,8,2415.4
IH2503,,13:47:26.800#,2429.0,2434.4,2413.0,2674.0,2188.0,1423,1391,2413.8,2,2414.4,2,2414.8,1,2415.4,1,2415.6,1,2416.2,3,2417.4,2,2418.6,2,2423.0,1,2426.2,8,2415.4
IH2503,,13:47:27.800#,2429.0,2434.4,2413.0,2674.0,2188.0,1423,1391,2413.8,2,2414.4,2,2414.8,1,2415.4,1,2415.6,1,2416.2,1,2417.4,2,2418.6,2,2423.0,1,2426.2,8,2415.4
IH2503,,13:47:29.300#,2429.0,2434.4,2413.0,2674.0,2188.0,1423,1391,2414.4,2,2414.8,1,2415.4,1,2415.6,1,2415.8,1,2416.2,1,2417.4,2,2418.6,2,2423.0,1,2426.2,8,2415.4
IH2503,,13:47:33.800#,2429.0,2434.4,2413.0,2674.0,2188.0,1423,1391,2413.8,2,2414.4,2,2414.8,1,2415.4,1,2415.6,1,2416.2,1,2417.4,2,2418.6,2,2423.0,1,2426.2,8,2415.4
IH2503,,13:47:37.800#,2429.0,2434.4,2413.0,2674.0,2188.0,1423,1391,2414.4,2,2414.8,1,2415.4,1,2415.6,1,2415.8,1,2416.2,1,2417.4,2,2418.6,2,2423.0,1,2426.2,8,2415.4
IH2503,,13:47:41.300#,2429.0,2434.4,2413.0,2674.0,2188.0,1423,1391,2413.8,2,2414.4,1,2414.8,1,2415.6,1,2415.8,1,2416.2,1,2417.4,2,2418.6,2,2423.0,1,2426.2,8,2415.4
IH2503,,13:47:42.300#,2429.0,2434.4,2413.0,2674.0,2188.0,1423,1391,2413.4,1,2413.8,2,2414.4,1,2414.8,1,2415.6,1,2416.0,1,2416.2,1,2417.4,2,2418.6,2,2423.0,1,2415.4
IH2503,,13:47:43.300#,2429.0,2434.4,2413.0,2674.0,2188.0,1423,1391,2413.0,1,2413.4,1,2413.8,2,2414.4,1,2414.8,1,2416.0,1,2416.2,1,2417.4,2,2418.6,2,2423.0,1,2415.4
IH2503,,13:47:43.800#,2429.0,2434.4,2413.0,2674.0,2188.0,1423,1391,2413.0,1,2413.8,2,2414.4,1,2414.8,1,2415.0,8,2416.0,1,2416.2,1,2417.4,2,2418.6,2,2423.0,1,2415.4
IH2503,,13:47:44.300#,2429.0,2434.4,2413.0,2674.0,2188.0,1423,1391,2413.8,2,2414.4,1,2414.8,1,2415.0,7,2415.2,1,2416.0,1,2416.2,1,2417.4,2,2418.6,2,2423.0,1,2415.4
IH2503,,13:47:44.800#,2429.0,2434.4,2413.0,2674.0,2188.0,1423,1391,2413.8,2,2414.8,1,2415.0,6,2415.2,1,2415.4,3,2416.0,1,2416.2,1,2417.4,2,2418.6,2,2423.0,1,2415.4
IH2503,,13:47:46.300#,2429.0,2434.4,2413.0,2674.0,2188.0,1423,1391,2413.8,2,2414.8,1,2415.0,6,2415.2,1,2415.4,3,2415.8,1,2416.0,1,2416.2,1,2417.4,2,2418.6,2,2415.4
IH2503,,13:47:46.800#,2429.0,2434.4,2413.0,2674.0,2188.0,1423,1391,2413.8,2,2414.8,1,2415.0,6,2415.2,1,2415.4,3,2415.8,1,2416.2,1,2417.4,2,2418.6,2,2423.0,1,2415.4
IH2503,,13:47:47.300#,2429.0,2434.4,2413.0,2674.0,2188.0,1423,1391,2413.8,2,2414.8,1,2415.0,6,2415.2,1,2415.4,3,2415.6,1,2416.0,1,2416.2,1,2417.4,2,2418.6,2,2415.4
IH2503,,13:47:47.800#,2429.0,2434.4,2413.0,2674.0,2188.0,1424,1392,2413.8,2,2414.8,1,2415.0,6,2415.2,1,2415.4,3,2416.0,1,2416.2,1,2417.4,2,2418.6,2,2423.0,1,2415.6
IH2503,,13:47:59.300#,2429.0,2434.4,2413.0,2674.0,2188.0,1424,1392,2413.8,2,2414.8,1,2415.0,6,2415.2,1,2415.4,3,2416.2,1,2417.4,2,2418.6,2,2423.0,1,2426.2,8,2415.6
IH2503,,13:48:01.300#,2429.0,2434.4,2413.0,2674.0,2188.0,1424,1392,2413.8,2,2414.8,1,2415.0,6,2415.2,1,2415.4,3,2416.0,1,2416.2,1,2417.4,2,2418.6,2,2423.0,1,2415.6
IH2503,,13:48:02.300#,2429.0,2434.4,2413.0,2674.0,2188.0,1424,1392,2413.8,2,2414.8,1,2415.0,6,2415.2,1,2415.4,3,2415.8,1,2416.0,1,2416.2,1,2417.4,2,2418.6,2,2415.6
IH2503,,13:48:02.800#,2429.0,2434.4,2413.0,2674.0,2188.0,1424,1392,2413.0,1,2413.8,2,2414.8,1,2415.0,1,2415.4,2,2415.8,1,2416.0,1,2416.2,1,2417.4,2,2418.6,2,2415.6
IH2503,,13:48:03.300#,2429.0,2434.4,2413.0,2674.0,2188.0,1424,1392,2413.0,1,2413.8,2,2414.8,1,2415.0,1,2415.4,2,2416.0,1,2416.2,1,2417.4,2,2418.6,2,2423.0,1,2415.6
IH2503,,13:48:07.800#,2429.0,2434.4,2413.0,2674.0,2188.0,1424,1392,2411.2,4,2412.4,2,2413.0,1,2413.8,2,2414.8,1,2416.0,1,2416.2,1,2417.4,2,2418.6,2,2423.0,1,2415.6
IH2503,,13:48:08.300#,2429.0,2434.4,2413.0,2674.0,2188.0,1424,1392,2412.4,2,2413.0,1,2413.8,2,2414.8,1,2415.0,1,2415.6,1,2416.0,1,2416.2,1,2417.4,2,2418.6,2,2415.6
IH2503,,13:48:08.800#,2429.0,2434.4,2413.0,2674.0,2188.0,1424,1392,2413.0,1,2413.8,2,2414.8,1,2415.0,1,2415.2,1,2415.6,1,2416.0,1,2416.2,1,2417.4,2,2418.6,2,2415.6
IH2503,,13:48:09.300#,2429.0,2434.4,2413.0,2674.0,2188.0,1424,1392,2413.0,1,2413.8,2,2414.8,1,2415.0,1,2415.2,1,2416.0,1,2416.2,1,2417.4,2,2418.6,2,2423.0,1,2415.6
IH2503,,13:48:12.300#,2429.0,2434.4,2413.0,2674.0,2188.0,1424,1392,2413.0,1,2413.8,2,2414.8,1,2415.0,1,2415.2,1,2415.8,1,2416.0,1,2416.2,1,2417.4,2,2418.6,2,2415.6
IH2503,,13:48:27.300#,2429.0,2434.4,2413.0,2674.0,2188.0,1424,1392,2413.0,1,2413.8,2,2414.8,1,2415.0,1,2415.2,1,2416.0,1,2416.2,1,2417.4,2,2418.6,2,2423.0,1,2415.6
IH2503,,13:48:46.800#,2429.0,2434.4,2413.0,2674.0,2188.0,1424,1392,2413.0,1,2413.8,2,2414.8,1,2415.0,1,2415.2,1,2416.0,2,2417.4,2,2418.6,2,2423.0,1,2426.2,8,2415.6
IH2503,,13:48:47.300#,2429.0,2434.4,2413.0,2674.0,2188.0,1425,1393,2412.4,2,2413.0,1,2413.8,2,2414.8,1,2415.0,1,2416.0,2,2417.4,2,2418.6,2,2423.0,1,2426.2,8,2415.2
IH2503,,13:48:47.800#,2429.0,2434.4,2413.0,2674.0,2188.0,1425,1393,2412.4,2,2413.0,1,2413.8,2,2414.8,1,2415.2,1,2416.0,2,2417.4,2,2418.6,2,2423.0,1,2426.2,8,2415.2
IH2503,,13:48:48.300#,2429.0,2434.4,2413.0,2674.0,2188.0,1425,1393,2413.0,1,2413.8,2,2414.8,1,2415.2,1,2415.4,1,2416.0,2,2417.4,2,2418.6,2,2423.0,1,2426.2,8,2415.2
IH2503,,13:48:48.800#,2429.0,2434.4,2413.0,2674.0,2188.0,1425,1393,2412.4,2,2413.0,1,2413.8,2,2414.8,1,2415.4,1,2416.0,2,2417.4,2,2418.6,2,2423.0,1,2426.2,8,2415.2
IH2503,,13:48:49.300#,2429.0,2434.4,2413.0,2674.0,2188.0,1425,1393,2412.4,2,2413.0,1,2413.8,2,2414.8,1,2415.6,1,2416.0,2,2417.4,2,2418.6,2,2423.0,1,2426.2,8,2415.2
IH2503,,13:48:49.800#,2429.0,2434.4,2413.0,2674.0,2188.0,1425,1393,2411.2,4,2412.4,2,2413.0,1,2413.8,2,2414.8,1,2416.0,2,2417.4,2,2418.6,2,2423.0,1,2426.2,8,2415.2
IH2503,,13:48:50.300#,2429.0,2434.4,2413.0,2674.0,2188.0,1425,1393,2412.4,2,2413.0,1,2413.8,2,2414.8,1,2415.0,3,2416.0,2,2417.4,2,2418.6,2,2423.0,1,2426.2,8,2415.2
IH2503,,13:48:50.800#,2429.0,2434.4,2413.0,2674.0,2188.0,1425,1393,2413.0,1,2413.8,2,2414.8,1,2415.0,2,2415.2,1,2416.0,2,2417.4,2,2418.6,2,2423.0,1,2426.2,8,2415.2
IH2503,,13:48:51.300#,2429.0,2434.4,2413.0,2674.0,2188.0,1425,1393,2413.0,1,2413.8,2,2414.8,1,2415.2,1,2415.4,1,2416.0,2,2417.4,2,2418.6,2,2423.0,1,2426.2,8,2415.2
IH2503,,13:48:56.800#,2429.0,2434.4,2413.0,2674.0,2188.0,1425,1393,2413.0,1,2413.8,2,2414.8,1,2415.2,1,2415.4,1,2415.8,1,2416.0,2,2417.4,2,2418.6,2,2423.0,1,2415.2
