InstrumentId,ExchangeId,Datetime,OpenPrice,HighestPrice,LowestPrice,UpperLimitPrice,LowerLimitPrice,Volume,OpenInterest,BidPrice5,BidVolume5,BidPrice4,BidVolume4,BidPrice3,BidVolume3,BidPrice2,BidVolume2,BidPrice1,BidVolume1,AskPrice1,AskVolume1,AskPrice2,AskVolume2,AskPrice3,AskVolume3,AskPrice4,AskVolume4,AskPrice5,AskVolume5,LastPrice
IM2408,,13:38:34.800#,4777.8,4808.0,4758.0,5240.4,4287.6,41905,73437,4765.8,2,4766.0,1,4766.2,3,4766.4,1,4766.6,1,4767.2,1,4767.8,3,4768.0,3,4768.2,3,4768.6,2,4767.0
IM2408,,13:38:35.300#,4777.8,4808.0,4758.0,5240.4,4287.6,41905,73437,4765.6,3,4765.8,2,4766.0,1,4766.2,3,4766.4,1,4767.2,1,4767.8,3,4768.0,3,4768.6,2,4768.8,3,4767.0
IM2408,,13:38:35.800#,4777.8,4808.0,4758.0,5240.4,4287.6,41906,73438,4765.8,2,4766.0,1,4766.2,6,4766.4,2,4766.8,1,4767.6,1,4767.8,3,4768.0,3,4768.6,2,4768.8,3,4767.2
IM2408,,13:38:36.300#,4777.8,4808.0,4758.0,5240.4,4287.6,41906,73438,4765.8,2,4766.0,1,4766.2,6,4766.4,2,4766.8,1,4768.0,3,4768.6,2,4768.8,3,4769.0,2,4769.2,1,4767.2
IM2408,,13:38:36.800#,4777.8,4808.0,4758.0,5240.4,4287.6,41907,73438,4765.6,3,4765.8,2,4766.0,1,4766.2,6,4766.4,2,4768.0,3,4768.6,2,4768.8,3,4769.0,2,4769.2,1,4766.8
IM2408,,13:38:37.300#,4777.8,4808.0,4758.0,5240.4,4287.6,41907,73438,4765.8,2,4766.0,1,4766.2,7,4766.4,3,4766.6,1,4767.8,2,4768.0,3,4768.6,2,4768.8,3,4769.0,2,4766.8
IM2408,,13:38:37.800#,4777.8,4808.0,4758.0,5240.4,4287.6,41909,73438,4765.8,2,4766.0,1,4766.2,7,4766.4,3,4766.6,1,4768.0,1,4768.6,2,4768.8,3,4769.0,2,4769.2,1,4768.0
IM2408,,13:38:38.300#,4777.8,4808.0,4758.0,5240.4,4287.6,41909,73438,4766.0,1,4766.2,6,4766.4,3,4766.6,4,4766.8,7,4768.0,1,4768.4,1,4768.6,2,4768.8,3,4769.0,2,4768.0
IM2408,,13:38:38.800#,4777.8,4808.0,4758.0,5240.4,4287.6,41909,73438,4766.2,6,4766.4,3,4766.6,4,4766.8,5,4767.0,1,4768.0,1,4768.6,2,4768.8,3,4769.0,2,4769.4,3,4768.0
IM2408,,13:38:39.300#,4777.8,4808.0,4758.0,5240.4,4287.6,41909,73438,4766.2,6,4766.4,3,4766.6,4,4766.8,4,4767.0,1,4768.0,1,4768.6,2,4768.8,3,4769.0,2,4769.4,3,4768.0
IM2408,,13:38:40.800#,4777.8,4808.0,4758.0,5240.4,4287.6,41910,73439,4766.0,1,4766.2,6,4766.4,3,4766.6,4,4766.8,4,4767.0,22,4768.0,1,4768.6,2,4768.8,3,4769.0,2,4767.0
IM2408,,13:38:41.300#,4777.8,4808.0,4758.0,5240.4,4287.6,41911,73438,4765.8,2,4766.0,1,4766.2,6,4766.4,3,4766.6,1,4767.0,22,4768.0,1,4768.6,2,4768.8,3,4769.0,2,4766.8
IM2408,,13:38:41.800#,4777.8,4808.0,4758.0,5240.4,4287.6,41912,73438,4765.6,3,4765.8,2,4766.0,1,4766.2,6,4766.4,3,4767.0,22,4768.0,1,4768.6,2,4768.8,3,4769.0,2,4766.6
IM2408,,13:38:42.300#,4777.8,4808.0,4758.0,5240.4,4287.6,41914,73438,4765.6,3,4765.8,2,4766.0,1,4766.2,7,4766.4,2,4767.0,21,4768.0,1,4768.6,2,4768.8,3,4769.0,2,4766.4
IM2408,,13:38:42.800#,4777.8,4808.0,4758.0,5240.4,4287.6,41915,73439,4765.6,3,4765.8,2,4766.0,1,4766.2,7,4766.4,2,4767.0,20,4767.8,1,4768.0,1,4768.6,2,4768.8,3,4767.0
IM2408,,13:38:43.300#,4777.8,4808.0,4758.0,5240.4,4287.6,41922,73446,4765.6,3,4765.8,2,4766.0,1,4766.2,6,4766.4,1,4767.0,14,4767.8,1,4768.0,1,4768.6,2,4768.8,3,4766.4
IM2408,,13:38:43.800#,4777.8,4808.0,4758.0,5240.4,4287.6,41923,73447,4765.6,3,4765.8,2,4766.0,1,4766.2,6,4766.4,1,4767.0,13,4767.8,1,4768.0,1,4768.6,2,4768.8,3,4767.0
IM2408,,13:38:44.300#,4777.8,4808.0,4758.0,5240.4,4287.6,41923,73447,4765.8,2,4766.0,1,4766.2,6,4766.4,1,4766.6,1,4767.0,13,4767.8,1,4768.0,1,4768.6,2,4768.8,3,4767.0
IM2408,,13:38:44.800#,4777.8,4808.0,4758.0,5240.4,4287.6,41926,73450,4765.8,2,4766.0,1,4766.2,6,4766.4,1,4766.6,1,4767.0,10,4767.8,1,4768.0,1,4768.6,2,4768.8,3,4767.0
IM2408,,13:38:45.300#,4777.8,4808.0,4758.0,5240.4,4287.6,41937,73447,4765.8,2,4766.0,1,4766.2,6,4766.4,1,4766.6,2,4767.8,1,4768.0,1,4768.6,2,4768.8,3,4769.0,2,4766.6
IM2408,,13:38:45.800#,4777.8,4808.0,4758.0,5240.4,4287.6,41938,73447,4766.0,1,4766.2,6,4766.4,1,4766.6,2,4766.8,2,4768.0,2,4768.6,2,4768.8,3,4769.0,2,4769.4,3,4767.8
IM2408,,13:38:46.300#,4777.8,4808.0,4758.0,5240.4,4287.6,41938,73447,4765.8,2,4766.0,1,4766.2,6,4766.4,1,4766.8,1,4768.0,2,4768.6,2,4768.8,3,4769.0,2,4769.4,3,4767.8
IM2408,,13:38:46.800#,4777.8,4808.0,4758.0,5240.4,4287.6,41938,73447,4766.0,1,4766.2,6,4766.4,1,4766.8,1,4767.0,1,4768.0,2,4768.6,2,4768.8,3,4769.0,2,4769.4,3,4767.8
IM2408,,13:38:47.300#,4777.8,4808.0,4758.0,5240.4,4287.6,41938,73447,4766.0,1,4766.2,6,4766.4,1,4766.8,1,4767.0,2,4768.0,2,4768.6,2,4768.8,3,4769.0,2,4769.4,3,4767.8
IM2408,,13:38:48.300#,4777.8,4808.0,4758.0,5240.4,4287.6,41939,73447,4766.0,1,4766.2,6,4766.4,1,4766.8,1,4767.0,2,4768.0,1,4768.6,2,4768.8,3,4769.0,2,4769.4,3,4768.0
IM2408,,13:38:48.800#,4777.8,4808.0,4758.0,5240.4,4287.6,41939,73447,4766.2,6,4766.4,1,4766.8,1,4767.0,2,4767.2,1,4768.0,1,4768.6,2,4768.8,3,4769.0,2,4769.4,3,4768.0
IM2408,,13:38:49.300#,4777.8,4808.0,4758.0,5240.4,4287.6,41939,73447,4766.0,1,4766.2,6,4766.4,1,4766.8,1,4767.0,3,4768.0,1,4768.6,2,4768.8,3,4769.0,2,4769.4,3,4768.0
IM2408,,13:38:49.800#,4777.8,4808.0,4758.0,5240.4,4287.6,41939,73447,4766.0,1,4766.2,6,4766.4,1,4766.8,1,4767.0,3,4768.0,2,4768.4,1,4768.6,2,4768.8,3,4769.0,2,4768.0
IM2408,,13:38:50.300#,4777.8,4808.0,4758.0,5240.4,4287.6,41939,73447,4766.0,1,4766.2,6,4766.4,1,4766.8,1,4767.0,3,4767.8,2,4768.0,2,4768.4,1,4768.6,2,4768.8,3,4768.0
IM2408,,13:38:51.800#,4777.8,4808.0,4758.0,5240.4,4287.6,41941,73447,4766.2,6,4766.4,1,4766.8,1,4767.0,3,4767.2,1,4768.0,1,4768.4,1,4768.6,2,4768.8,3,4769.0,2,4768.0
IM2408,,13:38:52.300#,4777.8,4808.0,4758.0,5240.4,4287.6,41941,73447,4766.2,6,4766.4,1,4766.8,1,4767.0,3,4767.2,1,4768.0,1,4768.6,2,4768.8,3,4769.0,2,4769.4,3,4768.0
IM2408,,13:38:52.800#,4777.8,4808.0,4758.0,5240.4,4287.6,41941,73447,4766.4,1,4766.8,1,4767.0,3,4767.2,1,4767.4,1,4768.0,1,4768.6,2,4768.8,3,4769.0,2,4769.4,3,4768.0
IM2408,,13:38:53.800#,4777.8,4808.0,4758.0,5240.4,4287.6,41941,73447,4766.8,1,4767.0,3,4767.2,1,4767.4,1,4767.6,2,4768.0,1,4768.6,2,4768.8,3,4769.0,2,4769.4,3,4768.0
IM2408,,13:38:54.300#,4777.8,4808.0,4758.0,5240.4,4287.6,41942,73448,4766.8,1,4767.0,3,4767.2,1,4767.4,1,4767.6,2,4768.6,2,4768.8,3,4769.0,2,4769.4,3,4769.8,3,4768.0
IM2408,,13:38:54.800#,4777.8,4808.0,4758.0,5240.4,4287.6,41944,73449,4766.8,1,4767.0,3,4767.2,1,4767.4,1,4767.6,1,4768.8,3,4769.0,2,4769.4,3,4769.8,2,4770.0,17,4768.6
IM2408,,13:38:55.300#,4777.8,4808.0,4758.0,5240.4,4287.6,41944,73449,4766.4,1,4766.8,1,4767.0,3,4767.2,1,4767.4,1,4768.6,3,4768.8,1,4769.0,2,4769.4,3,4769.8,2,4768.6
IM2408,,13:38:55.800#,4777.8,4808.0,4758.0,5240.4,4287.6,41944,73449,4766.4,1,4766.8,1,4767.0,3,4767.2,1,4767.4,1,4768.6,1,4768.8,1,4769.0,2,4769.4,3,4769.8,2,4768.6
IM2408,,13:38:56.300#,4777.8,4808.0,4758.0,5240.4,4287.6,41944,73449,4766.8,1,4767.0,3,4767.2,1,4767.4,1,4767.6,1,4768.4,3,4768.6,2,4768.8,1,4769.0,2,4769.4,3,4768.6
IM2408,,13:38:56.800#,4777.8,4808.0,4758.0,5240.4,4287.6,41944,73449,4766.4,1,4766.8,1,4767.0,3,4767.2,1,4767.4,1,4768.4,3,4768.6,2,4768.8,1,4769.0,2,4769.4,3,4768.6
IM2408,,13:38:57.300#,4777.8,4808.0,4758.0,5240.4,4287.6,41944,73449,4766.4,1,4766.8,1,4767.0,3,4767.2,1,4767.4,1,4768.4,3,4768.6,2,4768.8,3,4769.0,2,4769.4,3,4768.6
IM2408,,13:38:57.800#,4777.8,4808.0,4758.0,5240.4,4287.6,41945,73449,4766.2,6,4766.4,1,4766.8,1,4767.0,3,4767.2,1,4768.4,3,4768.6,2,4768.8,3,4769.0,2,4769.4,3,4767.4
IM2408,,13:38:58.800#,4777.8,4808.0,4758.0,5240.4,4287.6,41946,73449,4766.0,1,4766.2,6,4766.4,1,4766.8,1,4767.0,3,4768.4,4,4768.6,2,4768.8,3,4769.0,2,4769.4,3,4767.2
IM2408,,13:38:59.300#,4777.8,4808.0,4758.0,5240.4,4287.6,41946,73449,4766.0,1,4766.2,6,4766.4,1,4766.8,1,4767.0,3,4768.2,2,4768.4,5,4768.6,1,4768.8,3,4769.0,2,4767.2
IM2408,,13:38:59.800#,4777.8,4808.0,4758.0,5240.4,4287.6,41947,73449,4766.0,1,4766.2,6,4766.4,1,4766.8,1,4767.0,3,4768.4,5,4768.6,1,4768.8,3,4769.0,2,4769.4,3,4768.2
IM2408,,13:39:00.300#,4777.8,4808.0,4758.0,5240.4,4287.6,41947,73449,4766.2,6,4766.4,1,4766.8,1,4767.0,4,4767.2,5,4768.4,5,4768.6,1,4768.8,3,4769.0,2,4769.4,3,4768.2
IM2408,,13:39:00.800#,4777.8,4808.0,4758.0,5240.4,4287.6,41947,73449,4766.8,1,4767.0,4,4767.2,3,4767.4,4,4767.8,1,4768.2,1,4768.4,1,4768.6,1,4768.8,3,4769.0,2,4768.2
IM2408,,13:39:01.300#,4777.8,4808.0,4758.0,5240.4,4287.6,41948,73449,4766.8,1,4767.0,5,4767.2,4,4767.4,3,4768.0,1,4768.2,2,4768.4,1,4768.6,1,4768.8,3,4769.0,2,4767.8
IM2408,,13:39:01.800#,4777.8,4808.0,4758.0,5240.4,4287.6,41950,73449,4766.2,6,4766.4,1,4766.8,1,4767.0,5,4767.2,4,4767.8,1,4768.0,3,4768.2,2,4768.4,1,4768.6,1,4767.8
IM2408,,13:39:02.300#,4777.8,4808.0,4758.0,5240.4,4287.6,41950,73449,4766.2,6,4766.4,1,4766.8,1,4767.0,5,4767.2,1,4767.6,1,4767.8,1,4768.0,2,4768.2,2,4768.4,1,4767.8
IM2408,,13:39:02.800#,4777.8,4808.0,4758.0,5240.4,4287.6,41950,73449,4766.2,6,4766.4,1,4766.8,1,4767.0,5,4767.2,1,4767.6,2,4767.8,1,4768.0,2,4768.2,2,4768.4,1,4767.8
IM2408,,13:39:03.300#,4777.8,4808.0,4758.0,5240.4,4287.6,41950,73449,4766.2,6,4766.4,1,4766.8,1,4767.0,5,4767.2,1,4767.6,2,4768.0,2,4768.2,1,4768.4,1,4768.6,1,4767.8
IM2408,,13:39:03.800#,4777.8,4808.0,4758.0,5240.4,4287.6,41950,73449,4766.2,6,4766.4,1,4766.8,1,4767.0,5,4767.2,1,4767.6,2,4768.0,2,4768.2,1,4768.4,2,4768.6,1,4767.8
IM2408,,13:39:04.800#,4777.8,4808.0,4758.0,5240.4,4287.6,41950,73449,4766.2,6,4766.4,1,4766.8,1,4767.0,5,4767.2,1,4767.6,2,4768.0,1,4768.2,1,4768.4,2,4768.6,1,4767.8
IM2408,,13:39:05.800#,4777.8,4808.0,4758.0,5240.4,4287.6,41953,73448,4766.0,1,4766.2,6,4766.4,1,4766.8,1,4767.0,3,4767.6,1,4768.0,1,4768.2,1,4768.4,2,4768.6,1,4767.0
IM2408,,13:39:06.300#,4777.8,4808.0,4758.0,5240.4,4287.6,41958,73449,4765.6,3,4765.8,2,4766.0,1,4766.2,6,4766.4,1,4767.4,1,4767.6,1,4768.0,1,4768.2,1,4768.4,2,4766.8
IM2408,,13:39:06.800#,4777.8,4808.0,4758.0,5240.4,4287.6,41958,73449,4765.8,2,4766.0,1,4766.2,6,4766.4,1,4767.0,1,4767.4,3,4768.0,1,4768.2,1,4768.4,2,4768.6,1,4766.8
IM2408,,13:39:07.300#,4777.8,4808.0,4758.0,5240.4,4287.6,41959,73449,4765.6,3,4765.8,2,4766.0,1,4766.2,6,4766.4,1,4767.4,3,4768.0,1,4768.2,1,4768.4,2,4768.6,1,4767.0
IM2408,,13:39:07.800#,4777.8,4808.0,4758.0,5240.4,4287.6,41959,73449,4765.8,2,4766.0,1,4766.2,6,4766.4,1,4766.6,1,4767.4,3,4768.0,2,4768.2,1,4768.4,1,4768.6,1,4767.0
IM2408,,13:39:08.300#,4777.8,4808.0,4758.0,5240.4,4287.6,41959,73449,4765.8,2,4766.0,1,4766.2,6,4766.4,1,4766.6,1,4767.4,4,4768.0,3,4768.2,1,4768.4,1,4768.6,1,4767.0
IM2408,,13:39:08.800#,4777.8,4808.0,4758.0,5240.4,4287.6,41959,73449,4765.8,2,4766.0,1,4766.2,6,4766.4,1,4766.6,2,4767.4,4,4768.0,3,4768.2,1,4768.4,1,4768.6,1,4767.0
IM2408,,13:39:09.800#,4777.8,4808.0,4758.0,5240.4,4287.6,41960,73448,4765.8,2,4766.0,1,4766.2,6,4766.4,1,4766.6,2,4767.4,3,4768.0,3,4768.2,1,4768.4,1,4768.6,1,4766.8
IM2408,,13:39:10.300#,4777.8,4808.0,4758.0,5240.4,4287.6,41960,73448,4765.8,2,4766.0,1,4766.2,6,4766.4,1,4766.6,1,4767.4,3,4768.0,3,4768.2,1,4768.4,1,4768.6,1,4766.8
IM2408,,13:39:10.800#,4777.8,4808.0,4758.0,5240.4,4287.6,41961,73449,4765.8,2,4766.0,1,4766.2,6,4766.4,1,4766.6,1,4766.8,1,4767.4,3,4768.0,3,4768.4,1,4768.6,1,4767.4
IM2408,,13:39:11.300#,4777.8,4808.0,4758.0,5240.4,4287.6,41964,73450,4766.0,1,4766.2,6,4766.4,1,4766.6,1,4766.8,2,4767.4,2,4768.0,3,4768.4,1,4768.8,2,4769.0,2,4766.8
IM2408,,13:39:11.800#,4777.8,4808.0,4758.0,5240.4,4287.6,41964,73450,4766.0,1,4766.2,6,4766.4,1,4766.6,1,4766.8,1,4767.4,2,4768.0,3,4768.4,1,4768.8,2,4769.0,2,4766.8
IM2408,,13:39:12.800#,4777.8,4808.0,4758.0,5240.4,4287.6,41965,73450,4766.0,1,4766.2,6,4766.4,1,4766.6,1,4766.8,1,4767.4,1,4768.0,12,4768.4,1,4768.8,2,4769.0,2,4767.4
IM2408,,13:39:13.300#,4777.8,4808.0,4758.0,5240.4,4287.6,41966,73450,4766.0,1,4766.2,6,4766.4,1,4766.6,1,4766.8,1,4768.0,12,4768.4,1,4768.8,2,4769.0,2,4769.4,3,4767.4
IM2408,,13:39:13.800#,4777.8,4808.0,4758.0,5240.4,4287.6,41966,73450,4766.0,1,4766.2,6,4766.4,1,4766.6,1,4766.8,1,4767.6,1,4768.0,12,4768.4,1,4768.8,2,4769.0,2,4767.4
IM2408,,13:39:14.300#,4777.8,4808.0,4758.0,5240.4,4287.6,41966,73450,4765.8,2,4766.0,1,4766.2,6,4766.4,1,4766.6,1,4767.6,1,4768.0,12,4768.4,1,4768.8,2,4769.0,2,4767.4
IM2408,,13:39:14.800#,4777.8,4808.0,4758.0,5240.4,4287.6,41966,73450,4766.0,1,4766.2,6,4766.4,1,4766.6,1,4766.8,1,4767.6,2,4768.0,12,4768.4,1,4768.8,2,4769.0,2,4767.4
IM2408,,13:39:15.300#,4777.8,4808.0,4758.0,5240.4,4287.6,41967,73451,4766.0,1,4766.2,6,4766.4,1,4766.6,1,4767.0,1,4767.6,1,4768.0,18,4768.4,1,4768.8,2,4769.0,2,4767.6
IM2408,,13:39:16.300#,4777.8,4808.0,4758.0,5240.4,4287.6,41968,73451,4766.0,1,4766.2,6,4766.4,1,4766.6,1,4767.0,1,4768.0,18,4768.4,1,4768.8,2,4769.0,2,4769.4,3,4767.6
IM2408,,13:39:16.800#,4777.8,4808.0,4758.0,5240.4,4287.6,41969,73450,4766.0,1,4766.2,6,4766.4,1,4766.6,1,4767.0,1,4768.0,17,4768.4,1,4768.8,2,4769.0,2,4769.4,3,4768.0
IM2408,,13:39:17.300#,4777.8,4808.0,4758.0,5240.4,4287.6,41969,73450,4766.2,6,4766.4,1,4766.6,1,4767.0,4,4767.2,4,4768.0,17,4768.4,1,4768.8,2,4769.0,2,4769.4,3,4768.0
IM2408,,13:39:17.800#,4777.8,4808.0,4758.0,5240.4,4287.6,41976,73451,4766.4,1,4766.6,1,4767.0,4,4767.2,3,4767.4,1,4768.0,10,4768.4,1,4768.8,2,4769.0,2,4769.4,3,4768.0
IM2408,,13:39:18.300#,4777.8,4808.0,4758.0,5240.4,4287.6,41987,73455,4766.4,1,4766.6,1,4767.0,4,4767.2,3,4767.4,1,4768.8,2,4769.0,2,4769.4,3,4769.8,1,4770.0,8,4768.4
IM2408,,13:39:18.800#,4777.8,4808.0,4758.0,5240.4,4287.6,41987,73455,4766.6,1,4767.0,4,4767.2,3,4767.4,2,4767.6,6,4768.2,1,4768.8,1,4769.0,2,4769.4,3,4769.8,1,4768.4
IM2408,,13:39:19.300#,4777.8,4808.0,4758.0,5240.4,4287.6,41988,73455,4766.6,1,4767.0,4,4767.2,3,4767.4,2,4767.6,5,4768.8,1,4769.0,2,4769.4,3,4769.8,1,4770.0,8,4768.2
IM2408,,13:39:19.800#,4777.8,4808.0,4758.0,5240.4,4287.6,41988,73455,4766.6,1,4767.0,4,4767.2,2,4767.4,2,4767.6,2,4768.6,1,4768.8,1,4769.0,2,4769.4,3,4769.8,1,4768.2
IM2408,,13:39:20.300#,4777.8,4808.0,4758.0,5240.4,4287.6,41988,73455,4766.4,1,4766.6,1,4767.0,4,4767.2,2,4767.4,2,4768.4,3,4768.8,1,4769.0,2,4769.4,3,4769.8,1,4768.2
IM2408,,13:39:20.800#,4777.8,4808.0,4758.0,5240.4,4287.6,41989,73456,4766.4,1,4766.6,1,4767.0,4,4767.2,1,4767.4,3,4768.4,3,4768.8,1,4769.0,2,4769.4,3,4769.8,1,4768.2
IM2408,,13:39:21.300#,4777.8,4808.0,4758.0,5240.4,4287.6,41990,73456,4766.4,1,4766.6,1,4767.0,4,4767.2,1,4767.4,1,4768.4,3,4768.8,1,4769.0,2,4769.4,3,4769.8,1,4768.2
IM2408,,13:39:21.800#,4777.8,4808.0,4758.0,5240.4,4287.6,41990,73456,4766.6,1,4767.0,4,4767.2,1,4767.4,3,4767.6,1,4768.2,1,4768.4,3,4768.8,1,4769.0,2,4769.4,3,4768.2
IM2408,,13:39:22.300#,4777.8,4808.0,4758.0,5240.4,4287.6,41990,73456,4766.6,1,4767.0,4,4767.2,1,4767.4,1,4767.6,1,4768.2,1,4768.4,1,4768.8,1,4769.0,2,4769.4,3,4768.2
IM2408,,13:39:22.800#,4777.8,4808.0,4758.0,5240.4,4287.6,41990,73456,4766.4,1,4766.6,1,4767.0,4,4767.2,1,4767.4,1,4767.6,1,4768.2,1,4768.4,1,4769.0,2,4769.4,3,4768.2
IM2408,,13:39:23.300#,4777.8,4808.0,4758.0,5240.4,4287.6,41995,73458,4766.2,6,4766.4,1,4766.6,1,4767.0,4,4767.2,1,4768.2,2,4768.4,1,4769.0,2,4769.4,3,4769.8,1,4767.4
IM2408,,13:39:23.800#,4777.8,4808.0,4758.0,5240.4,4287.6,41995,73458,4766.2,6,4766.4,1,4766.6,1,4767.0,4,4767.2,1,4768.0,2,4768.2,2,4768.4,1,4768.8,2,4769.0,2,4767.4
IM2408,,13:39:24.300#,4777.8,4808.0,4758.0,5240.4,4287.6,41995,73458,4766.2,6,4766.4,1,4766.6,1,4767.0,3,4767.2,2,4768.0,2,4768.2,2,4768.4,1,4768.8,2,4769.0,2,4767.4
IM2408,,13:39:24.800#,4777.8,4808.0,4758.0,5240.4,4287.6,41995,73458,4766.2,6,4766.4,1,4766.6,1,4767.0,3,4767.2,2,4768.0,2,4768.2,3,4768.4,1,4768.8,2,4769.0,2,4767.4
IM2408,,13:39:25.800#,4777.8,4808.0,4758.0,5240.4,4287.6,41996,73457,4766.2,6,4766.4,1,4766.6,1,4767.0,3,4767.2,2,4767.8,1,4768.0,1,4768.2,3,4768.4,1,4768.8,3,4768.0
IM2408,,13:39:26.300#,4777.8,4808.0,4758.0,5240.4,4287.6,41996,73457,4766.2,6,4766.4,1,4766.6,1,4767.0,3,4767.2,2,4767.8,1,4768.2,3,4768.4,1,4768.8,3,4769.0,2,4768.0
IM2408,,13:39:27.300#,4777.8,4808.0,4758.0,5240.4,4287.6,41996,73457,4766.2,6,4766.4,1,4766.6,1,4767.0,3,4767.2,2,4767.6,1,4767.8,1,4768.2,2,4768.4,1,4768.8,3,4768.0
IM2408,,13:39:28.800#,4777.8,4808.0,4758.0,5240.4,4287.6,41998,73456,4766.2,6,4766.4,1,4766.6,1,4767.0,3,4767.2,1,4767.8,1,4768.2,2,4768.4,1,4768.8,3,4769.0,2,4767.2
IM2408,,13:39:29.300#,4777.8,4808.0,4758.0,5240.4,4287.6,41999,73457,4766.2,6,4766.4,1,4766.6,1,4767.0,3,4767.2,1,4767.8,1,4768.2,2,4768.4,1,4768.6,2,4768.8,3,4767.6
IM2408,,13:39:29.800#,4777.8,4808.0,4758.0,5240.4,4287.6,41999,73457,4766.4,1,4766.6,1,4766.8,6,4767.0,3,4767.2,1,4767.8,1,4768.2,2,4768.4,1,4768.6,2,4768.8,3,4767.6
IM2408,,13:39:30.300#,4777.8,4808.0,4758.0,5240.4,4287.6,42000,73458,4766.6,1,4766.8,6,4767.0,3,4767.2,1,4767.4,1,4768.2,2,4768.4,1,4768.6,2,4768.8,3,4769.0,1,4767.8
IM2408,,13:39:30.800#,4777.8,4808.0,4758.0,5240.4,4287.6,42000,73458,4766.6,1,4766.8,6,4767.0,3,4767.2,1,4767.4,1,4767.8,1,4768.2,2,4768.4,1,4768.6,2,4768.8,3,4767.8
IM2408,,13:39:31.300#,4777.8,4808.0,4758.0,5240.4,4287.6,42001,73458,4766.6,1,4766.8,6,4767.0,3,4767.2,1,4767.4,1,4768.2,2,4768.4,1,4768.6,2,4768.8,3,4769.0,1,4767.8
IM2408,,13:39:31.800#,4777.8,4808.0,4758.0,5240.4,4287.6,42001,73458,4766.6,1,4766.8,6,4767.0,3,4767.2,1,4767.4,1,4768.2,2,4768.4,1,4768.6,2,4768.8,3,4769.4,3,4767.8
IM2408,,13:39:32.300#,4777.8,4808.0,4758.0,5240.4,4287.6,42001,73458,4766.4,1,4766.6,1,4766.8,6,4767.0,3,4767.2,1,4767.8,4,4768.2,2,4768.4,1,4768.6,2,4768.8,3,4767.8
IM2408,,13:39:35.800#,4777.8,4808.0,4758.0,5240.4,4287.6,42001,73458,4766.4,1,4766.6,1,4766.8,6,4767.0,3,4767.2,3,4767.8,5,4768.2,2,4768.4,1,4768.6,2,4768.8,3,4767.8
IM2408,,13:39:36.300#,4777.8,4808.0,4758.0,5240.4,4287.6,42003,73458,4766.6,1,4766.8,6,4767.0,3,4767.2,3,4767.4,1,4767.8,3,4768.2,2,4768.4,1,4768.6,2,4768.8,3,4767.8
IM2408,,13:39:37.800#,4777.8,4808.0,4758.0,5240.4,4287.6,42006,73456,4766.6,1,4766.8,6,4767.0,3,4767.2,3,4767.4,1,4768.2,2,4768.4,1,4768.6,2,4768.8,3,4769.4,3,4767.8
IM2408,,13:39:38.800#,4777.8,4808.0,4758.0,5240.4,4287.6,42006,73456,4766.8,6,4767.0,3,4767.2,3,4767.4,1,4767.6,1,4768.2,2,4768.4,1,4768.6,2,4768.8,3,4769.4,3,4767.8
IM2408,,13:39:39.300#,4777.8,4808.0,4758.0,5240.4,4287.6,42006,73456,4766.6,1,4766.8,6,4767.0,3,4767.2,3,4767.6,1,4768.2,2,4768.6,2,4768.8,1,4769.4,3,4769.8,1,4767.8
IM2408,,13:39:39.800#,4777.8,4808.0,4758.0,5240.4,4287.6,42006,73456,4766.6,1,4766.8,6,4767.0,3,4767.2,3,4767.6,1,4768.2,3,4768.6,2,4768.8,1,4769.4,3,4769.8,1,4767.8
IM2408,,13:39:40.300#,4777.8,4808.0,4758.0,5240.4,4287.6,42006,73456,4766.6,1,4766.8,6,4767.0,3,4767.2,3,4767.6,1,4767.8,7,4768.2,3,4768.6,2,4768.8,1,4769.4,3,4767.8
IM2408,,13:39:40.800#,4777.8,4808.0,4758.0,5240.4,4287.6,42007,73457,4766.4,1,4766.6,1,4766.8,6,4767.0,3,4767.2,3,4767.8,7,4768.2,3,4768.6,2,4768.8,1,4769.4,3,4767.6
IM2408,,13:39:41.300#,4777.8,4808.0,4758.0,5240.4,4287.6,42007,73457,4766.4,1,4766.6,1,4766.8,6,4767.0,3,4767.2,3,4767.6,1,4767.8,7,4768.2,3,4768.6,2,4768.8,1,4767.6
IM2408,,13:39:42.800#,4777.8,4808.0,4758.0,5240.4,4287.6,42008,73458,4766.4,1,4766.6,1,4766.8,6,4767.0,3,4767.2,3,4767.8,7,4768.2,3,4768.6,2,4768.8,1,4769.0,1,4767.6
IM2408,,13:39:43.300#,4777.8,4808.0,4758.0,5240.4,4287.6,42010,73460,4766.6,1,4766.8,6,4767.0,3,4767.2,3,4767.4,1,4767.8,5,4768.2,3,4768.6,2,4768.8,1,4769.0,1,4767.8
IM2408,,13:39:43.800#,4777.8,4808.0,4758.0,5240.4,4287.6,42019,73468,4766.6,1,4766.8,6,4767.0,3,4767.4,2,4767.8,1,4768.2,2,4768.6,2,4768.8,1,4769.0,1,4769.4,3,4767.8
IM2408,,13:39:44.300#,4777.8,4808.0,4758.0,5240.4,4287.6,42020,73468,4766.0,1,4766.2,5,4766.4,1,4766.8,6,4767.0,3,4768.0,1,4768.2,2,4768.6,2,4768.8,1,4769.0,1,4767.8
IM2408,,13:39:44.800#,4777.8,4808.0,4758.0,5240.4,4287.6,42020,73468,4766.2,5,4766.4,1,4766.8,6,4767.0,3,4767.8,1,4768.0,1,4768.2,2,4768.6,2,4769.0,1,4769.4,3,4767.8
IM2408,,13:39:45.300#,4777.8,4808.0,4758.0,5240.4,4287.6,42021,73468,4766.0,1,4766.2,5,4766.4,1,4766.8,6,4767.0,3,4768.0,1,4768.2,2,4768.6,2,4769.0,1,4769.4,3,4767.8
IM2408,,13:39:46.800#,4777.8,4808.0,4758.0,5240.4,4287.6,42021,73468,4766.2,5,4766.4,1,4766.8,6,4767.0,3,4767.2,2,4768.0,2,4768.2,2,4768.6,2,4769.0,1,4769.4,3,4767.8
IM2408,,13:39:47.300#,4777.8,4808.0,4758.0,5240.4,4287.6,42022,73468,4766.2,5,4766.4,1,4766.8,6,4767.0,3,4767.2,1,4768.0,2,4768.2,2,4768.6,2,4769.0,1,4769.4,3,4767.2
IM2408,,13:39:49.300#,4777.8,4808.0,4758.0,5240.4,4287.6,42023,73467,4766.2,5,4766.4,1,4766.8,6,4767.0,3,4767.2,1,4768.0,1,4768.2,2,4768.6,2,4769.0,1,4769.4,3,4768.0
IM2408,,13:39:50.300#,4777.8,4808.0,4758.0,5240.4,4287.6,42023,73467,4766.2,5,4766.4,1,4766.8,6,4767.0,3,4767.2,1,4767.6,1,4768.2,2,4768.6,2,4769.0,1,4769.4,3,4768.0
IM2408,,13:39:51.300#,4777.8,4808.0,4758.0,5240.4,4287.6,42023,73467,4766.0,1,4766.2,5,4766.4,1,4766.8,6,4767.0,3,4767.6,1,4768.2,2,4768.6,2,4769.0,1,4769.4,3,4768.0
IM2408,,13:39:51.800#,4777.8,4808.0,4758.0,5240.4,4287.6,42026,73467,4766.0,1,4766.2,5,4766.4,1,4766.8,6,4767.0,4,4768.2,2,4768.6,2,4769.0,2,4769.2,2,4769.4,3,4767.0
IM2408,,13:39:52.300#,4777.8,4808.0,4758.0,5240.4,4287.6,42026,73467,4766.0,1,4766.2,5,4766.4,1,4766.8,6,4767.0,1,4767.6,2,4767.8,2,4768.0,5,4768.2,4,4768.6,2,4767.0
IM2408,,13:39:52.800#,4777.8,4808.0,4758.0,5240.4,4287.6,42031,73472,4765.8,2,4766.0,1,4766.2,5,4766.4,1,4766.8,6,4767.6,2,4767.8,2,4768.0,4,4768.2,4,4768.6,2,4767.2
IM2408,,13:39:53.300#,4777.8,4808.0,4758.0,5240.4,4287.6,42031,73472,4766.0,1,4766.2,5,4766.4,1,4766.8,6,4767.2,1,4767.6,2,4767.8,2,4768.0,4,4768.2,4,4768.6,2,4767.2
IM2408,,13:39:53.800#,4777.8,4808.0,4758.0,5240.4,4287.6,42032,73472,4765.8,2,4766.0,1,4766.2,5,4766.4,1,4766.8,6,4767.6,2,4767.8,2,4768.0,4,4768.2,4,4768.6,2,4767.2
IM2408,,13:39:55.800#,4777.8,4808.0,4758.0,5240.4,4287.6,42033,73472,4765.8,2,4766.0,1,4766.2,5,4766.4,1,4766.8,6,4767.6,1,4767.8,2,4768.0,4,4768.2,4,4768.6,2,4767.6
IM2408,,13:39:56.300#,4777.8,4808.0,4758.0,5240.4,4287.6,42033,73472,4765.8,2,4766.0,1,4766.2,5,4766.4,1,4766.8,6,4767.6,1,4767.8,1,4768.0,3,4768.2,4,4768.6,2,4767.6
IM2408,,13:39:58.300#,4777.8,4808.0,4758.0,5240.4,4287.6,42034,73472,4765.8,2,4766.0,1,4766.2,5,4766.4,1,4766.8,6,4767.8,1,4768.0,3,4768.2,4,4768.6,2,4769.0,2,4767.6
IM2408,,13:39:58.800#,4777.8,4808.0,4758.0,5240.4,4287.6,42035,73471,4766.0,1,4766.2,5,4766.4,1,4766.8,6,4767.8,1,4768.0,3,4768.2,4,4768.6,2,4769.0,2,4769.2,2,4767.8
IM2408,,13:39:59.300#,4777.8,4808.0,4758.0,5240.4,4287.6,42036,73471,4766.0,1,4766.2,5,4766.4,1,4766.8,6,4767.0,1,4767.8,1,4768.0,8,4768.2,4,4768.6,2,4769.0,2,4767.8
IM2408,,13:39:59.800#,4777.8,4808.0,4758.0,5240.4,4287.6,42037,73470,4766.0,1,4766.2,5,4766.4,1,4766.8,6,4767.0,1,4768.0,5,4768.2,2,4768.6,2,4769.0,2,4769.2,2,4767.8
IM2408,,13:40:00.300#,4777.8,4808.0,4758.0,5240.4,4287.6,42040,73472,4766.2,5,4766.4,1,4766.8,6,4767.0,1,4767.2,4,4768.0,2,4768.2,2,4768.6,2,4769.0,2,4769.2,2,4768.0
IM2408,,13:40:00.800#,4777.8,4808.0,4758.0,5240.4,4287.6,42044,73474,4766.4,1,4766.8,6,4767.0,1,4767.2,2,4767.4,1,4767.8,1,4768.2,1,4768.6,2,4769.0,2,4769.2,2,4767.4
IM2408,,13:40:01.300#,4777.8,4808.0,4758.0,5240.4,4287.6,42046,73474,4766.2,5,4766.4,1,4766.8,6,4767.0,1,4767.2,1,4768.2,1,4768.6,2,4769.0,2,4769.2,2,4769.4,3,4767.8
IM2408,,13:40:01.800#,4777.8,4808.0,4758.0,5240.4,4287.6,42047,73475,4766.0,1,4766.2,5,4766.4,1,4766.8,6,4767.0,1,4768.6,2,4769.0,2,4769.2,2,4769.4,3,4769.8,1,4768.2
IM2408,,13:40:02.300#,4777.8,4808.0,4758.0,5240.4,4287.6,42047,73475,4766.2,5,4766.4,1,4766.8,6,4767.0,1,4767.2,2,4768.4,1,4768.6,2,4769.0,2,4769.2,2,4769.4,3,4768.2
IM2408,,13:40:03.800#,4777.8,4808.0,4758.0,5240.4,4287.6,42048,73475,4766.2,5,4766.4,1,4766.8,6,4767.0,1,4767.2,1,4768.4,1,4768.6,2,4769.0,2,4769.2,2,4769.4,3,4767.2
IM2408,,13:40:04.300#,4777.8,4808.0,4758.0,5240.4,4287.6,42049,73474,4766.4,1,4766.8,6,4767.0,1,4767.2,1,4767.4,1,4768.6,2,4769.0,2,4769.2,2,4769.4,3,4769.8,1,4768.4
IM2408,,13:40:04.800#,4777.8,4808.0,4758.0,5240.4,4287.6,42049,73474,4766.8,6,4767.0,1,4767.2,1,4767.4,1,4767.6,2,4768.4,1,4768.6,2,4769.0,2,4769.2,2,4769.4,3,4768.4
IM2408,,13:40:05.300#,4777.8,4808.0,4758.0,5240.4,4287.6,42049,73474,4766.8,6,4767.0,1,4767.2,1,4767.6,1,4767.8,1,4768.4,1,4768.6,2,4769.0,2,4769.2,2,4769.4,3,4768.4
IM2408,,13:40:05.800#,4777.8,4808.0,4758.0,5240.4,4287.6,42049,73474,4766.4,1,4766.8,6,4767.0,1,4767.2,1,4767.6,1,4768.6,2,4769.0,2,4769.2,2,4769.4,3,4769.8,1,4768.4
IM2408,,13:40:06.300#,4777.8,4808.0,4758.0,5240.4,4287.6,42049,73474,4766.8,6,4767.0,1,4767.2,1,4767.6,1,4767.8,1,4768.6,2,4769.0,2,4769.2,2,4769.4,3,4769.8,1,4768.4
IM2408,,13:40:06.800#,4777.8,4808.0,4758.0,5240.4,4287.6,42049,73474,4767.0,1,4767.2,1,4767.4,2,4767.6,1,4767.8,2,4768.6,2,4769.0,2,4769.4,3,4769.8,1,4770.0,9,4768.4
IM2408,,13:40:07.300#,4777.8,4808.0,4758.0,5240.4,4287.6,42049,73474,4767.0,1,4767.2,1,4767.6,1,4767.8,2,4768.0,2,4768.6,2,4769.0,2,4769.4,3,4769.8,1,4770.0,8,4768.4
IM2408,,13:40:07.800#,4777.8,4808.0,4758.0,5240.4,4287.6,42051,73476,4767.0,1,4767.2,3,4767.6,1,4767.8,2,4768.0,2,4769.0,2,4769.4,3,4769.8,1,4770.0,8,4770.2,8,4768.6
IM2408,,13:40:08.300#,4777.8,4808.0,4758.0,5240.4,4287.6,42051,73476,4767.0,1,4767.2,3,4767.6,1,4767.8,1,4768.0,2,4769.0,2,4769.4,3,4769.8,1,4770.0,8,4770.2,8,4768.6
IM2408,,13:40:08.800#,4777.8,4808.0,4758.0,5240.4,4287.6,42052,73477,4767.0,1,4767.2,3,4767.6,1,4767.8,1,4768.0,1,4769.0,1,4769.4,3,4769.8,1,4770.0,8,4770.2,8,4769.0
IM2408,,13:40:09.300#,4777.8,4808.0,4758.0,5240.4,4287.6,42053,73477,4766.8,7,4767.0,1,4767.2,3,4767.6,1,4767.8,1,4769.4,3,4769.8,1,4770.0,8,4770.2,8,4770.4,3,4769.0
IM2408,,13:40:09.800#,4777.8,4808.0,4758.0,5240.4,4287.6,42053,73477,4766.8,7,4767.0,1,4767.2,3,4767.6,1,4767.8,2,4769.2,4,4769.4,3,4769.8,1,4770.0,8,4770.2,8,4769.0
IM2408,,13:40:10.300#,4777.8,4808.0,4758.0,5240.4,4287.6,42053,73477,4766.8,7,4767.0,1,4767.2,3,4767.6,1,4767.8,1,4769.2,2,4769.4,3,4769.8,1,4770.0,8,4770.2,8,4769.0
IM2408,,13:40:10.800#,4777.8,4808.0,4758.0,5240.4,4287.6,42054,73476,4767.0,1,4767.2,3,4767.6,1,4767.8,1,4768.0,1,4769.2,2,4769.4,3,4769.8,1,4770.0,8,4770.2,8,4769.0
IM2408,,13:40:11.300#,4777.8,4808.0,4758.0,5240.4,4287.6,42054,73476,4767.0,1,4767.2,3,4767.6,1,4767.8,1,4768.2,1,4769.0,1,4769.2,3,4769.4,3,4769.8,1,4770.0,8,4769.0
IM2408,,13:40:11.800#,4777.8,4808.0,4758.0,5240.4,4287.6,42054,73476,4766.8,7,4767.0,1,4767.2,3,4767.6,1,4767.8,1,4769.0,1,4769.2,3,4769.4,3,4769.6,1,4769.8,1,4769.0
IM2408,,13:40:12.300#,4777.8,4808.0,4758.0,5240.4,4287.6,42055,73476,4766.8,7,4767.0,1,4767.2,3,4767.6,1,4767.8,1,4769.2,3,4769.4,3,4769.6,1,4769.8,1,4770.0,8,4769.0
IM2408,,13:40:12.800#,4777.8,4808.0,4758.0,5240.4,4287.6,42056,73475,4767.0,1,4767.2,3,4767.6,1,4767.8,1,4768.0,1,4769.0,1,4769.2,3,4769.4,3,4769.6,1,4769.8,1,4769.0
IM2408,,13:40:13.300#,4777.8,4808.0,4758.0,5240.4,4287.6,42056,73475,4766.8,7,4767.0,1,4767.2,3,4767.6,1,4767.8,1,4769.2,3,4769.4,3,4769.6,1,4769.8,1,4770.0,8,4769.0
IM2408,,13:40:13.800#,4777.8,4808.0,4758.0,5240.4,4287.6,42056,73475,4766.8,7,4767.0,1,4767.2,3,4767.6,1,4767.8,1,4769.0,1,4769.2,3,4769.4,3,4769.6,1,4769.8,1,4769.0
IM2408,,13:40:14.300#,4777.8,4808.0,4758.0,5240.4,4287.6,42056,73475,4767.0,1,4767.2,3,4767.6,1,4768.0,2,4769.0,2,4769.2,3,4769.4,3,4769.6,1,4769.8,1,4770.0,8,4769.0
IM2408,,13:40:14.800#,4777.8,4808.0,4758.0,5240.4,4287.6,42059,73476,4766.4,1,4766.8,7,4767.2,3,4767.6,1,4768.0,3,4768.8,1,4769.0,5,4769.2,2,4769.4,3,4769.6,1,4769.0
IM2408,,13:40:15.300#,4777.8,4808.0,4758.0,5240.4,4287.6,42062,73477,4766.2,5,4766.4,1,4766.8,7,4767.2,3,4767.6,1,4768.6,1,4768.8,1,4769.0,3,4769.2,2,4769.4,3,4768.0
IM2408,,13:40:15.800#,4777.8,4808.0,4758.0,5240.4,4287.6,42062,73477,4766.2,5,4766.4,1,4766.8,7,4767.2,1,4767.6,1,4768.0,1,4768.2,2,4768.4,3,4768.8,1,4769.0,3,4768.0
IM2408,,13:40:16.300#,4777.8,4808.0,4758.0,5240.4,4287.6,42063,73478,4766.0,1,4766.2,5,4766.4,1,4766.8,7,4767.2,1,4768.2,2,4768.4,2,4768.8,1,4769.0,3,4769.2,2,4767.6
IM2408,,13:40:16.800#,4777.8,4808.0,4758.0,5240.4,4287.6,42064,73479,4766.0,1,4766.2,5,4766.4,1,4766.8,7,4767.2,1,4768.2,1,4768.4,2,4768.8,1,4769.0,3,4769.2,2,4768.2
IM2408,,13:40:17.300#,4777.8,4808.0,4758.0,5240.4,4287.6,42064,73479,4766.4,1,4766.8,7,4767.2,1,4767.4,1,4767.6,1,4768.2,1,4768.4,2,4768.8,1,4769.0,3,4769.2,2,4768.2
IM2408,,13:40:17.800#,4777.8,4808.0,4758.0,5240.4,4287.6,42064,73479,4766.0,1,4766.2,5,4766.4,1,4766.8,7,4767.2,1,4768.2,1,4768.4,2,4768.8,1,4769.0,1,4769.2,2,4768.2
IM2408,,13:40:18.300#,4777.8,4808.0,4758.0,5240.4,4287.6,42065,73478,4766.2,5,4766.4,1,4766.8,7,4767.2,1,4767.4,2,4768.4,2,4768.8,1,4769.0,1,4769.2,2,4769.4,3,4768.2
IM2408,,13:40:18.800#,4777.8,4808.0,4758.0,5240.4,4287.6,42066,73477,4766.8,7,4767.0,1,4767.2,2,4767.4,1,4767.6,1,4768.8,1,4769.0,1,4769.2,2,4769.4,3,4769.6,1,4768.2
IM2408,,13:40:19.300#,4777.8,4808.0,4758.0,5240.4,4287.6,42066,73477,4767.0,1,4767.2,2,4767.4,1,4767.6,1,4767.8,1,4768.8,1,4769.0,1,4769.2,2,4769.4,3,4769.6,1,4768.2
IM2408,,13:40:19.800#,4777.8,4808.0,4758.0,5240.4,4287.6,42066,73477,4766.8,7,4767.0,1,4767.2,2,4767.4,3,4767.6,1,4768.8,1,4769.0,1,4769.2,2,4769.4,3,4769.6,1,4768.2
IM2408,,13:40:20.300#,4777.8,4808.0,4758.0,5240.4,4287.6,42068,73475,4766.4,1,4766.8,7,4767.0,1,4767.2,2,4767.4,2,4768.6,1,4768.8,1,4769.0,1,4769.2,2,4769.4,3,4767.6
IM2408,,13:40:20.800#,4777.8,4808.0,4758.0,5240.4,4287.6,42072,73475,4766.2,5,4766.4,1,4766.8,7,4767.0,1,4767.2,2,4768.2,1,4768.4,1,4768.8,1,4769.0,1,4769.2,2,4767.2
IM2408,,13:40:21.300#,4777.8,4808.0,4758.0,5240.4,4287.6,42075,73477,4765.8,2,4766.0,1,4766.2,5,4766.4,1,4766.8,7,4768.2,1,4768.4,1,4768.8,1,4769.0,1,4769.2,2,4767.0
IM2408,,13:40:21.800#,4777.8,4808.0,4758.0,5240.4,4287.6,42075,73477,4765.8,2,4766.0,1,4766.2,5,4766.4,1,4766.8,7,4767.8,1,4768.0,2,4768.2,1,4768.4,1,4768.6,2,4767.0
IM2408,,13:40:22.300#,4777.8,4808.0,4758.0,5240.4,4287.6,42078,73476,4765.8,2,4766.0,1,4766.2,5,4766.4,1,4766.8,5,4767.8,2,4768.0,1,4768.2,1,4768.4,1,4768.6,2,4766.8
IM2408,,13:40:22.800#,4777.8,4808.0,4758.0,5240.4,4287.6,42085,73474,4765.4,1,4765.8,2,4766.0,1,4766.2,5,4766.4,1,4767.6,4,4767.8,1,4768.2,1,4768.4,1,4768.6,2,4766.8
IM2408,,13:40:23.300#,4777.8,4808.0,4758.0,5240.4,4287.6,42085,73474,4765.4,1,4765.8,2,4766.0,1,4766.2,5,4766.4,1,4767.2,2,4767.6,1,4767.8,1,4768.0,1,4768.2,1,4766.8
IM2408,,13:40:23.800#,4777.8,4808.0,4758.0,5240.4,4287.6,42085,73474,4765.4,1,4765.8,2,4766.0,1,4766.2,5,4766.4,1,4767.2,1,4767.6,1,4768.0,1,4768.2,1,4768.6,2,4766.8
IM2408,,13:40:24.300#,4777.8,4808.0,4758.0,5240.4,4287.6,42085,73474,4765.4,1,4766.0,1,4766.2,5,4766.4,1,4766.6,1,4767.6,1,4768.0,1,4768.2,1,4768.6,2,4768.8,2,4766.8
IM2408,,13:40:24.800#,4777.8,4808.0,4758.0,5240.4,4287.6,42085,73474,4765.4,1,4765.6,2,4766.0,1,4766.2,5,4766.4,1,4767.4,1,4767.6,1,4768.0,1,4768.2,1,4768.6,2,4766.8
IM2408,,13:40:25.300#,4777.8,4808.0,4758.0,5240.4,4287.6,42085,73474,4765.4,1,4765.6,2,4766.0,1,4766.2,5,4766.4,1,4767.2,1,4767.4,1,4767.6,1,4768.0,1,4768.2,1,4766.8
IM2408,,13:40:25.800#,4777.8,4808.0,4758.0,5240.4,4287.6,42085,73474,4765.4,1,4765.6,2,4766.0,1,4766.2,5,4766.4,1,4767.2,1,4767.6,1,4767.8,2,4768.0,1,4768.2,1,4766.8
IM2408,,13:40:26.300#,4777.8,4808.0,4758.0,5240.4,4287.6,42085,73474,4765.2,3,4765.6,2,4766.0,1,4766.2,5,4766.4,1,4767.6,1,4767.8,2,4768.2,1,4768.6,2,4768.8,1,4766.8
IM2408,,13:40:26.800#,4777.8,4808.0,4758.0,5240.4,4287.6,42085,73474,4765.2,3,4765.6,2,4766.0,1,4766.2,5,4766.4,2,4767.4,1,4767.6,1,4767.8,2,4768.2,1,4768.6,2,4766.8
IM2408,,13:40:27.300#,4777.8,4808.0,4758.0,5240.4,4287.6,42085,73474,4765.6,2,4766.0,1,4766.2,5,4766.4,2,4766.6,1,4767.6,1,4767.8,2,4768.2,1,4768.6,2,4768.8,1,4766.8
IM2408,,13:40:27.800#,4777.8,4808.0,4758.0,5240.4,4287.6,42085,73474,4766.0,1,4766.2,5,4766.4,2,4766.6,1,4766.8,1,4767.8,2,4768.2,1,4768.6,2,4768.8,1,4769.2,1,4766.8
IM2408,,13:40:28.300#,4777.8,4808.0,4758.0,5240.4,4287.6,42085,73474,4766.2,5,4766.4,2,4766.6,2,4766.8,1,4767.0,1,4767.8,2,4768.2,1,4768.6,2,4768.8,1,4769.2,1,4766.8
IM2408,,13:40:28.800#,4777.8,4808.0,4758.0,5240.4,4287.6,42085,73474,4766.0,1,4766.2,5,4766.4,2,4766.6,3,4766.8,1,4767.8,2,4768.2,1,4768.6,2,4768.8,1,4769.2,1,4766.8
IM2408,,13:40:30.300#,4777.8,4808.0,4758.0,5240.4,4287.6,42086,73473,4765.6,2,4766.0,1,4766.2,5,4766.4,2,4766.6,3,4767.8,2,4768.2,1,4768.6,2,4768.8,1,4769.2,1,4766.8
IM2408,,13:40:30.800#,4777.8,4808.0,4758.0,5240.4,4287.6,42086,73473,4765.6,2,4766.0,1,4766.2,5,4766.4,2,4766.6,3,4767.6,1,4767.8,2,4768.2,1,4768.6,2,4768.8,1,4766.8
IM2408,,13:40:31.300#,4777.8,4808.0,4758.0,5240.4,4287.6,42088,73473,4765.6,2,4766.0,1,4766.2,5,4766.4,2,4766.6,3,4767.8,1,4768.2,1,4768.6,2,4768.8,1,4769.2,1,4767.8
IM2408,,13:40:31.800#,4777.8,4808.0,4758.0,5240.4,4287.6,42088,73473,4766.2,5,4766.4,2,4766.6,3,4766.8,1,4767.0,1,4767.8,1,4768.2,1,4768.6,2,4768.8,1,4769.2,1,4767.8
IM2408,,13:40:32.300#,4777.8,4808.0,4758.0,5240.4,4287.6,42088,73473,4766.0,1,4766.2,5,4766.4,2,4766.6,3,4767.0,1,4767.8,1,4768.2,1,4768.6,2,4768.8,1,4769.2,1,4767.8
IM2408,,13:40:32.800#,4777.8,4808.0,4758.0,5240.4,4287.6,42088,73473,4765.6,2,4766.0,1,4766.2,5,4766.4,2,4766.6,3,4767.8,1,4768.2,1,4768.6,2,4768.8,1,4769.2,1,4767.8
IM2408,,13:40:34.800#,4777.8,4808.0,4758.0,5240.4,4287.6,42088,73473,4765.6,2,4766.0,1,4766.2,5,4766.4,2,4766.6,3,4767.8,1,4768.2,1,4768.4,1,4768.6,2,4768.8,1,4767.8
IM2408,,13:40:35.800#,4777.8,4808.0,4758.0,5240.4,4287.6,42089,73474,4765.6,2,4766.0,1,4766.2,5,4766.4,2,4766.6,3,4767.6,1,4767.8,1,4768.2,1,4768.4,1,4768.6,2,4766.6
IM2408,,13:40:36.300#,4777.8,4808.0,4758.0,5240.4,4287.6,42089,73474,4765.6,2,4766.0,1,4766.2,5,4766.4,2,4766.6,2,4767.6,1,4767.8,1,4768.2,1,4768.4,1,4768.6,2,4766.6
IM2408,,13:40:36.800#,4777.8,4808.0,4758.0,5240.4,4287.6,42089,73474,4765.6,2,4766.0,1,4766.2,5,4766.4,2,4766.6,2,4767.4,1,4767.6,1,4767.8,1,4768.2,1,4768.4,1,4766.6
IM2408,,13:40:37.800#,4777.8,4808.0,4758.0,5240.4,4287.6,42089,73474,4765.6,2,4766.0,1,4766.2,5,4766.4,2,4766.6,2,4767.4,1,4767.6,1,4767.8,2,4768.2,1,4768.4,1,4766.6
IM2408,,13:40:38.800#,4777.8,4808.0,4758.0,5240.4,4287.6,42089,73474,4765.6,2,4766.0,1,4766.2,5,4766.4,2,4766.6,2,4767.4,2,4767.6,1,4767.8,2,4768.2,1,4768.4,1,4766.6
IM2408,,13:40:39.800#,4777.8,4808.0,4758.0,5240.4,4287.6,42089,73474,4766.0,1,4766.2,5,4766.4,2,4766.6,2,4767.0,1,4767.4,2,4767.6,1,4767.8,2,4768.2,1,4768.4,1,4766.6
IM2408,,13:40:40.300#,4777.8,4808.0,4758.0,5240.4,4287.6,42091,73474,4765.6,2,4766.0,1,4766.2,5,4766.4,2,4766.6,2,4767.4,1,4767.6,1,4767.8,2,4768.2,1,4768.4,1,4767.4
IM2408,,13:40:40.800#,4777.8,4808.0,4758.0,5240.4,4287.6,42093,73475,4765.6,2,4766.0,1,4766.2,5,4766.4,2,4766.6,2,4767.6,1,4767.8,2,4768.2,1,4768.4,1,4768.6,2,4767.4
IM2408,,13:40:41.300#,4777.8,4808.0,4758.0,5240.4,4287.6,42093,73475,4765.6,2,4766.0,1,4766.2,5,4766.4,2,4766.6,2,4767.2,1,4767.6,1,4767.8,2,4768.2,1,4768.4,1,4767.4
IM2408,,13:40:43.800#,4777.8,4808.0,4758.0,5240.4,4287.6,42093,73475,4765.6,2,4766.0,1,4766.2,5,4766.4,2,4766.6,2,4767.6,1,4767.8,2,4768.2,1,4768.4,1,4768.6,2,4767.4
IM2408,,13:40:44.300#,4777.8,4808.0,4758.0,5240.4,4287.6,42094,73475,4765.6,2,4766.0,1,4766.2,5,4766.4,2,4766.6,1,4767.4,3,4767.6,1,4767.8,2,4768.2,1,4768.4,1,4766.6
IM2408,,13:40:44.800#,4777.8,4808.0,4758.0,5240.4,4287.6,42094,73475,4765.6,2,4766.0,1,4766.2,5,4766.4,2,4766.6,1,4766.8,1,4767.4,2,4767.6,1,4767.8,2,4768.2,1,4766.6
IM2408,,13:40:45.300#,4777.8,4808.0,4758.0,5240.4,4287.6,42095,73475,4765.6,2,4766.0,1,4766.2,5,4766.4,2,4766.6,1,4767.4,2,4767.6,1,4767.8,2,4768.2,1,4768.4,1,4766.8
IM2408,,13:40:45.800#,4777.8,4808.0,4758.0,5240.4,4287.6,42097,73474,4765.6,2,4766.0,1,4766.2,5,4766.4,2,4766.6,1,4767.4,1,4767.6,1,4767.8,2,4768.2,1,4768.4,1,4767.4
IM2408,,13:40:46.800#,4777.8,4808.0,4758.0,5240.4,4287.6,42098,73473,4765.6,2,4766.0,1,4766.2,5,4766.4,2,4766.6,1,4767.6,1,4767.8,2,4768.2,1,4768.4,1,4768.6,2,4767.4
IM2408,,13:40:47.300#,4777.8,4808.0,4758.0,5240.4,4287.6,42098,73473,4765.6,2,4766.0,1,4766.2,5,4766.4,2,4766.6,2,4767.4,1,4767.6,1,4767.8,2,4768.2,1,4768.4,1,4767.4
IM2408,,13:40:47.800#,4777.8,4808.0,4758.0,5240.4,4287.6,42099,73473,4765.6,2,4766.0,1,4766.2,5,4766.4,2,4766.6,1,4767.6,1,4767.8,2,4768.2,1,4768.4,1,4768.6,2,4766.6
IM2408,,13:40:48.300#,4777.8,4808.0,4758.0,5240.4,4287.6,42100,73474,4765.2,2,4765.6,2,4766.0,1,4766.2,5,4766.4,2,4767.4,1,4767.6,1,4767.8,2,4768.2,1,4768.4,1,4766.6
IM2408,,13:40:49.300#,4777.8,4808.0,4758.0,5240.4,4287.6,42100,73474,4765.6,2,4766.0,1,4766.2,5,4766.4,2,4766.6,2,4767.4,1,4767.6,1,4767.8,2,4768.2,1,4768.4,1,4766.6
IM2408,,13:40:49.800#,4777.8,4808.0,4758.0,5240.4,4287.6,42100,73474,4765.6,2,4766.0,1,4766.2,5,4766.4,2,4766.6,2,4767.6,1,4767.8,2,4768.2,1,4768.4,1,4768.6,2,4766.6
IM2408,,13:40:50.300#,4777.8,4808.0,4758.0,5240.4,4287.6,42101,73475,4765.6,2,4766.0,1,4766.2,5,4766.4,2,4766.6,1,4767.6,1,4767.8,2,4768.2,1,4768.4,1,4768.6,2,4766.6
IM2408,,13:40:50.800#,4777.8,4808.0,4758.0,5240.4,4287.6,42101,73475,4765.6,2,4766.0,1,4766.2,5,4766.4,2,4766.6,1,4767.4,1,4767.6,1,4767.8,2,4768.2,1,4768.4,1,4766.6
IM2408,,13:40:51.300#,4777.8,4808.0,4758.0,5240.4,4287.6,42103,73477,4765.6,2,4766.0,1,4766.2,5,4766.4,2,4767.4,1,4767.8,2,4768.2,1,4768.4,1,4768.6,2,4769.2,1,4767.6
IM2408,,13:40:51.800#,4777.8,4808.0,4758.0,5240.4,4287.6,42105,73476,4765.2,2,4765.6,2,4766.0,1,4766.2,5,4766.4,2,4767.8,2,4768.2,1,4768.4,1,4768.6,2,4769.2,1,4767.4
IM2408,,13:40:52.300#,4777.8,4808.0,4758.0,5240.4,4287.6,42105,73476,4766.0,1,4766.2,5,4766.4,2,4766.6,4,4766.8,1,4767.8,2,4768.2,1,4768.4,1,4768.6,2,4769.2,1,4767.4
IM2408,,13:40:52.800#,4777.8,4808.0,4758.0,5240.4,4287.6,42105,73476,4766.0,1,4766.2,5,4766.4,2,4766.6,3,4766.8,1,4767.4,1,4767.8,2,4768.2,1,4768.4,1,4768.6,2,4767.4
IM2408,,13:40:53.300#,4777.8,4808.0,4758.0,5240.4,4287.6,42105,73476,4765.6,2,4766.0,1,4766.2,5,4766.4,2,4766.6,3,4767.4,1,4767.8,2,4768.2,1,4768.4,1,4768.6,2,4767.4
IM2408,,13:40:53.800#,4777.8,4808.0,4758.0,5240.4,4287.6,42105,73476,4765.6,2,4766.0,1,4766.2,5,4766.4,2,4766.6,4,4767.8,2,4768.2,1,4768.4,1,4768.6,2,4769.2,1,4767.4
IM2408,,13:40:57.300#,4777.8,4808.0,4758.0,5240.4,4287.6,42105,73476,4766.0,1,4766.2,5,4766.4,2,4766.6,4,4766.8,1,4767.8,2,4768.2,1,4768.4,1,4768.6,2,4769.2,1,4767.4
IM2408,,13:40:57.800#,4777.8,4808.0,4758.0,5240.4,4287.6,42105,73476,4766.2,5,4766.4,2,4766.6,4,4766.8,2,4767.0,1,4767.4,1,4767.8,13,4768.2,1,4768.4,1,4768.6,2,4767.4
IM2408,,13:40:58.300#,4777.8,4808.0,4758.0,5240.4,4287.6,42106,73476,4766.0,1,4766.2,5,4766.4,2,4766.6,3,4766.8,2,4767.8,13,4768.2,1,4768.4,1,4768.6,2,4769.2,1,4767.4
IM2408,,13:40:58.800#,4777.8,4808.0,4758.0,5240.4,4287.6,42106,73476,4766.4,2,4766.6,3,4766.8,2,4767.0,1,4767.2,1,4767.8,13,4768.2,1,4768.6,2,4769.2,1,4769.4,3,4767.4
IM2408,,13:40:59.300#,4777.8,4808.0,4758.0,5240.4,4287.6,42106,73476,4766.2,5,4766.4,2,4766.6,3,4766.8,2,4767.2,1,4767.8,13,4768.2,1,4768.6,2,4769.2,1,4769.4,3,4767.4
IM2408,,13:40:59.800#,4777.8,4808.0,4758.0,5240.4,4287.6,42107,73476,4766.0,1,4766.2,5,4766.4,2,4766.6,3,4766.8,2,4767.6,1,4767.8,13,4768.2,1,4768.6,2,4769.2,1,4767.2
IM2408,,13:41:00.300#,4777.8,4808.0,4758.0,5240.4,4287.6,42108,73476,4766.0,1,4766.2,5,4766.4,2,4766.6,3,4766.8,2,4767.8,13,4768.2,1,4768.6,2,4769.2,1,4769.4,3,4767.6
IM2408,,13:41:00.800#,4777.8,4808.0,4758.0,5240.4,4287.6,42108,73476,4766.0,1,4766.2,5,4766.4,2,4766.6,3,4766.8,2,4767.2,1,4767.8,13,4768.2,1,4768.6,2,4769.2,1,4767.6
IM2408,,13:41:01.300#,4777.8,4808.0,4758.0,5240.4,4287.6,42113,73479,4766.0,1,4766.2,5,4766.4,2,4766.6,3,4766.8,2,4767.8,9,4768.2,1,4768.6,2,4769.2,1,4769.4,3,4767.8
IM2408,,13:41:01.800#,4777.8,4808.0,4758.0,5240.4,4287.6,42114,73480,4766.2,5,4766.4,2,4766.6,3,4766.8,2,4767.0,1,4767.8,8,4768.2,1,4768.6,2,4769.2,1,4769.4,3,4767.8
IM2408,,13:41:02.800#,4777.8,4808.0,4758.0,5240.4,4287.6,42115,73480,4766.0,1,4766.2,5,4766.4,1,4766.6,3,4766.8,2,4767.8,8,4768.2,1,4768.6,2,4769.2,1,4769.4,3,4767.0
IM2408,,13:41:04.300#,4777.8,4808.0,4758.0,5240.4,4287.6,42116,73479,4766.0,1,4766.2,5,4766.4,1,4766.6,3,4766.8,1,4767.8,8,4768.2,1,4768.6,2,4769.2,1,4769.4,3,4766.8
IM2408,,13:41:04.800#,4777.8,4808.0,4758.0,5240.4,4287.6,42116,73479,4766.0,1,4766.2,5,4766.4,1,4766.6,2,4766.8,1,4767.6,1,4767.8,8,4768.2,1,4768.6,2,4769.2,1,4766.8
IM2408,,13:41:06.300#,4777.8,4808.0,4758.0,5240.4,4287.6,42117,73479,4766.0,1,4766.2,5,4766.4,1,4766.6,2,4766.8,1,4767.8,8,4768.2,1,4768.6,2,4769.2,1,4769.4,3,4767.6
IM2408,,13:41:06.800#,4777.8,4808.0,4758.0,5240.4,4287.6,42117,73479,4766.2,5,4766.4,1,4766.6,2,4766.8,1,4767.0,2,4767.8,8,4768.2,1,4768.6,2,4769.2,1,4769.4,3,4767.6
IM2408,,13:41:07.300#,4777.8,4808.0,4758.0,5240.4,4287.6,42117,73479,4766.2,5,4766.4,1,4766.6,2,4766.8,1,4767.0,1,4767.8,8,4768.2,1,4768.6,2,4769.2,1,4769.4,3,4767.6
IM2408,,13:41:07.800#,4777.8,4808.0,4758.0,5240.4,4287.6,42118,73479,4766.0,1,4766.2,5,4766.4,1,4766.6,2,4766.8,1,4767.8,8,4768.2,1,4768.6,2,4769.2,1,4769.4,3,4767.0
IM2408,,13:41:08.300#,4777.8,4808.0,4758.0,5240.4,4287.6,42119,73479,4765.6,2,4766.0,1,4766.2,5,4766.4,1,4766.6,2,4767.0,6,4767.8,8,4768.2,1,4768.6,2,4769.2,1,4766.8
IM2408,,13:41:08.800#,4777.8,4808.0,4758.0,5240.4,4287.6,42121,73479,4765.6,2,4766.0,1,4766.2,5,4766.4,1,4766.6,1,4767.0,4,4767.8,8,4768.2,1,4768.6,2,4769.2,1,4767.0
IM2408,,13:41:09.800#,4777.8,4808.0,4758.0,5240.4,4287.6,42123,73478,4765.6,2,4766.0,1,4766.2,5,4766.4,1,4766.6,2,4767.0,4,4767.8,9,4768.2,1,4768.6,2,4769.2,1,4766.8
IM2408,,13:41:10.300#,4777.8,4808.0,4758.0,5240.4,4287.6,42124,73479,4765.6,2,4766.0,1,4766.2,5,4766.4,1,4766.6,1,4767.0,4,4767.8,9,4768.2,1,4768.6,2,4769.2,1,4766.6
IM2408,,13:41:10.800#,4777.8,4808.0,4758.0,5240.4,4287.6,42126,73480,4765.2,2,4765.6,2,4766.0,1,4766.2,5,4766.4,1,4767.0,3,4767.8,9,4768.2,1,4768.6,2,4769.2,1,4767.0
IM2408,,13:41:11.800#,4777.8,4808.0,4758.0,5240.4,4287.6,42127,73479,4765.0,38,4765.2,2,4765.6,2,4766.0,1,4766.2,5,4767.0,3,4767.8,9,4768.2,1,4768.6,2,4769.2,1,4766.4
IM2408,,13:41:12.300#,4777.8,4808.0,4758.0,5240.4,4287.6,42127,73479,4765.2,2,4765.6,2,4766.0,1,4766.2,5,4766.4,1,4767.0,3,4767.8,9,4768.0,1,4768.2,1,4768.6,2,4766.4
IM2408,,13:41:12.800#,4777.8,4808.0,4758.0,5240.4,4287.6,42127,73479,4765.2,2,4765.6,2,4766.0,1,4766.2,5,4766.4,1,4767.0,5,4767.8,9,4768.0,1,4768.2,1,4768.6,2,4766.4
IM2408,,13:41:13.300#,4777.8,4808.0,4758.0,5240.4,4287.6,42127,73479,4765.0,38,4765.2,2,4765.6,2,4766.0,1,4766.2,5,4766.4,1,4767.0,5,4767.8,8,4768.0,1,4768.2,1,4766.4
IM2408,,13:41:13.800#,4777.8,4808.0,4758.0,5240.4,4287.6,42128,73480,4764.8,1,4765.0,38,4765.2,2,4766.0,1,4766.2,5,4767.0,5,4767.8,8,4768.0,1,4768.6,2,4769.0,4,4766.4
IM2408,,13:41:15.300#,4777.8,4808.0,4758.0,5240.4,4287.6,42128,73480,4765.0,38,4765.2,2,4766.0,1,4766.2,5,4766.6,1,4767.0,5,4767.8,8,4768.0,1,4768.6,2,4769.0,4,4766.4
IM2408,,13:41:15.800#,4777.8,4808.0,4758.0,5240.4,4287.6,42130,73481,4765.2,2,4766.0,1,4766.2,5,4766.4,1,4766.6,1,4767.0,4,4767.8,8,4768.0,1,4768.6,2,4769.0,4,4767.0
IM2408,,13:41:16.300#,4777.8,4808.0,4758.0,5240.4,4287.6,42134,73477,4765.2,2,4766.0,1,4766.2,5,4766.4,1,4766.6,1,4767.8,8,4768.0,1,4768.6,2,4769.0,4,4769.2,1,4767.0
IM2408,,13:41:16.800#,4777.8,4808.0,4758.0,5240.4,4287.6,42135,73476,4766.0,1,4766.2,5,4766.4,1,4766.6,2,4766.8,2,4767.8,9,4768.0,1,4768.6,2,4769.0,4,4769.2,1,4767.0
IM2408,,13:41:18.300#,4777.8,4808.0,4758.0,5240.4,4287.6,42135,73476,4766.2,5,4766.4,1,4766.6,2,4766.8,1,4767.0,1,4767.8,9,4768.0,1,4768.6,2,4769.0,4,4769.2,1,4767.0
IM2408,,13:41:18.800#,4777.8,4808.0,4758.0,5240.4,4287.6,42135,73476,4766.2,5,4766.4,1,4766.6,2,4766.8,1,4767.0,2,4767.8,9,4768.0,1,4768.6,2,4769.0,4,4769.2,1,4767.0
IM2408,,13:41:19.800#,4777.8,4808.0,4758.0,5240.4,4287.6,42135,73476,4766.2,5,4766.4,1,4766.6,2,4766.8,1,4767.0,2,4767.8,10,4768.0,1,4768.6,2,4769.0,4,4769.2,1,4767.0
IM2408,,13:41:20.300#,4777.8,4808.0,4758.0,5240.4,4287.6,42136,73477,4766.2,5,4766.4,1,4766.6,2,4766.8,1,4767.0,1,4767.8,10,4768.0,1,4768.6,2,4769.0,4,4769.2,1,4767.0
IM2408,,13:41:21.800#,4777.8,4808.0,4758.0,5240.4,4287.6,42136,73477,4766.4,1,4766.6,2,4766.8,1,4767.0,1,4767.2,1,4767.8,10,4768.0,1,4768.6,2,4769.0,4,4769.2,1,4767.0
IM2408,,13:41:22.300#,4777.8,4808.0,4758.0,5240.4,4287.6,42138,73476,4766.0,1,4766.2,5,4766.4,1,4766.6,2,4767.0,2,4767.2,1,4767.8,12,4768.0,1,4768.6,2,4769.0,4,4767.2
IM2408,,13:41:22.800#,4777.8,4808.0,4758.0,5240.4,4287.6,42140,73476,4765.4,2,4766.0,1,4766.2,5,4766.6,1,4767.0,1,4767.8,13,4768.0,1,4768.6,2,4769.0,4,4769.2,1,4767.0
IM2408,,13:41:23.800#,4777.8,4808.0,4758.0,5240.4,4287.6,42141,73477,4765.2,2,4765.4,2,4766.0,1,4766.2,5,4766.6,1,4767.8,13,4768.0,1,4768.6,2,4769.0,4,4769.2,1,4767.0
IM2408,,13:41:24.300#,4777.8,4808.0,4758.0,5240.4,4287.6,42142,73478,4765.0,38,4765.2,2,4765.4,2,4766.0,1,4766.2,5,4767.6,1,4767.8,13,4768.0,1,4768.6,2,4769.0,4,4766.6
IM2408,,13:41:24.800#,4777.8,4808.0,4758.0,5240.4,4287.6,42142,73478,4765.2,2,4765.4,2,4766.0,1,4766.2,5,4766.4,5,4767.6,1,4767.8,13,4768.0,1,4768.6,2,4769.0,4,4766.6
IM2408,,13:41:25.300#,4777.8,4808.0,4758.0,5240.4,4287.6,42142,73478,4766.0,1,4766.2,5,4766.4,5,4766.6,4,4766.8,1,4767.8,13,4768.0,1,4768.6,2,4769.0,4,4769.2,1,4766.6
IM2408,,13:41:25.800#,4777.8,4808.0,4758.0,5240.4,4287.6,42142,73478,4766.2,5,4766.4,2,4766.6,4,4766.8,2,4767.0,5,4767.6,1,4767.8,13,4768.0,1,4768.6,2,4769.0,4,4766.6
IM2408,,13:41:26.300#,4777.8,4808.0,4758.0,5240.4,4287.6,42146,73477,4766.2,5,4766.4,2,4766.6,4,4766.8,2,4767.0,7,4767.8,11,4768.0,1,4768.6,2,4769.0,4,4769.2,1,4767.8
IM2408,,13:41:26.800#,4777.8,4808.0,4758.0,5240.4,4287.6,42158,73481,4766.6,4,4766.8,2,4767.0,6,4767.2,2,4768.4,1,4768.6,2,4769.0,4,4769.2,1,4769.4,3,4769.6,1,4768.0
IM2408,,13:41:27.300#,4777.8,4808.0,4758.0,5240.4,4287.6,42159,73482,4766.4,1,4766.6,3,4766.8,1,4767.0,6,4768.6,2,4769.0,4,4769.2,1,4769.4,4,4769.6,1,4769.8,1,4768.4
IM2408,,13:41:27.800#,4777.8,4808.0,4758.0,5240.4,4287.6,42161,73483,4766.2,5,4766.4,1,4766.6,3,4766.8,3,4767.0,6,4769.0,4,4769.2,1,4769.4,4,4769.6,1,4769.8,1,4768.6
IM2408,,13:41:28.300#,4777.8,4808.0,4758.0,5240.4,4287.6,42161,73483,4767.0,6,4767.2,13,4767.4,6,4767.6,2,4768.0,1,4768.4,1,4769.0,4,4769.2,1,4769.4,4,4769.6,1,4768.6
IM2408,,13:41:28.800#,4777.8,4808.0,4758.0,5240.4,4287.6,42161,73483,4767.0,6,4767.2,9,4767.4,4,4767.6,2,4768.0,1,4768.4,1,4769.0,4,4769.2,1,4769.4,4,4769.6,1,4768.6
IM2408,,13:41:29.300#,4777.8,4808.0,4758.0,5240.4,4287.6,42162,73482,4766.4,1,4766.8,3,4767.0,6,4767.2,7,4767.4,4,4768.4,2,4769.0,4,4769.2,1,4769.4,4,4769.6,1,4768.0
IM2408,,13:41:29.800#,4777.8,4808.0,4758.0,5240.4,4287.6,42162,73482,4766.4,1,4766.8,3,4767.0,6,4767.2,7,4767.4,1,4768.2,1,4768.4,2,4769.0,4,4769.2,1,4769.4,4,4768.0
IM2408,,13:41:30.300#,4777.8,4808.0,4758.0,5240.4,4287.6,42162,73482,4766.4,1,4766.8,1,4767.0,5,4767.2,1,4767.4,1,4768.4,2,4769.0,4,4769.2,1,4769.4,4,4769.6,1,4768.0
IM2408,,13:41:30.800#,4777.8,4808.0,4758.0,5240.4,4287.6,42163,73483,4766.0,1,4766.2,5,4766.4,1,4766.8,1,4767.0,5,4768.2,1,4768.4,2,4769.0,4,4769.2,1,4769.4,4,4767.4
IM2408,,13:41:31.300#,4777.8,4808.0,4758.0,5240.4,4287.6,42164,73484,4766.2,5,4766.4,1,4766.8,1,4767.0,4,4767.2,1,4768.4,2,4768.8,2,4769.0,4,4769.2,1,4769.4,4,4768.0
IM2408,,13:41:31.800#,4777.8,4808.0,4758.0,5240.4,4287.6,42164,73484,4766.2,5,4766.4,1,4766.8,1,4767.0,4,4767.4,1,4768.4,2,4768.8,2,4769.0,4,4769.2,1,4769.4,4,4768.0
IM2408,,13:41:32.300#,4777.8,4808.0,4758.0,5240.4,4287.6,42164,73484,4766.0,1,4766.2,5,4766.4,1,4766.8,1,4767.0,4,4768.2,1,4768.4,2,4768.8,2,4769.0,4,4769.2,1,4768.0
IM2408,,13:41:33.300#,4777.8,4808.0,4758.0,5240.4,4287.6,42164,73484,4766.0,1,4766.2,5,4766.4,1,4766.8,1,4767.0,2,4768.2,1,4768.4,2,4768.8,2,4769.0,4,4769.2,1,4768.0
IM2408,,13:41:33.800#,4777.8,4808.0,4758.0,5240.4,4287.6,42164,73484,4766.2,5,4766.4,1,4766.8,1,4767.0,2,4767.4,1,4768.2,1,4768.4,2,4768.8,3,4769.0,4,4769.2,1,4768.0
IM2408,,13:41:34.300#,4777.8,4808.0,4758.0,5240.4,4287.6,42164,73484,4766.2,5,4766.4,1,4766.8,1,4767.0,2,4767.4,1,4768.0,4,4768.2,1,4768.4,2,4768.8,3,4769.0,4,4768.0
IM2408,,13:41:34.800#,4777.8,4808.0,4758.0,5240.4,4287.6,42166,73483,4765.4,2,4766.0,1,4766.2,5,4766.4,1,4767.0,2,4767.8,2,4768.0,2,4768.2,1,4768.4,2,4768.8,3,4767.4
IM2408,,13:41:35.800#,4777.8,4808.0,4758.0,5240.4,4287.6,42166,73483,4765.4,2,4766.0,1,4766.2,5,4766.4,1,4767.0,3,4767.8,2,4768.0,2,4768.2,1,4768.4,2,4768.8,3,4767.4
IM2408,,13:41:36.300#,4777.8,4808.0,4758.0,5240.4,4287.6,42166,73483,4766.0,1,4766.2,5,4766.4,1,4766.8,1,4767.0,1,4767.8,2,4768.0,2,4768.2,1,4768.4,2,4768.8,3,4767.4
IM2408,,13:41:37.300#,4777.8,4808.0,4758.0,5240.4,4287.6,42166,73483,4766.0,1,4766.2,5,4766.4,1,4766.8,1,4767.0,1,4767.4,2,4767.8,2,4768.0,2,4768.2,1,4768.4,2,4767.4
IM2408,,13:41:37.800#,4777.8,4808.0,4758.0,5240.4,4287.6,42166,73483,4766.0,1,4766.2,5,4766.4,1,4766.8,1,4767.0,1,4767.4,2,4768.0,2,4768.2,1,4768.4,2,4768.8,3,4767.4
IM2408,,13:41:39.300#,4777.8,4808.0,4758.0,5240.4,4287.6,42166,73483,4766.0,1,4766.2,5,4766.4,1,4766.8,1,4767.0,2,4767.4,2,4768.2,1,4768.4,2,4768.8,3,4769.0,4,4767.4
IM2408,,13:41:39.800#,4777.8,4808.0,4758.0,5240.4,4287.6,42168,73485,4766.0,1,4766.2,5,4766.4,1,4766.8,2,4767.0,4,4768.2,1,4768.4,2,4768.8,3,4769.0,4,4769.2,1,4767.4
IM2408,,13:41:40.300#,4777.8,4808.0,4758.0,5240.4,4287.6,42168,73485,4766.2,5,4766.4,1,4766.8,2,4767.0,4,4767.2,1,4768.0,1,4768.2,1,4768.4,2,4768.8,3,4769.0,4,4767.4
IM2408,,13:41:40.800#,4777.8,4808.0,4758.0,5240.4,4287.6,42168,73485,4766.0,1,4766.2,5,4766.4,1,4766.8,2,4767.0,2,4768.2,1,4768.4,2,4768.8,3,4769.0,4,4769.2,1,4767.4
IM2408,,13:41:41.300#,4777.8,4808.0,4758.0,5240.4,4287.6,42168,73485,4766.2,5,4766.4,1,4766.8,2,4767.0,2,4767.4,1,4768.2,1,4768.4,2,4768.8,3,4769.0,4,4769.2,1,4767.4
IM2408,,13:41:42.300#,4777.8,4808.0,4758.0,5240.4,4287.6,42168,73485,4766.2,5,4766.4,1,4766.8,2,4767.0,3,4767.4,1,4768.0,1,4768.4,2,4768.8,3,4769.0,4,4769.2,1,4767.4
IM2408,,13:41:42.800#,4777.8,4808.0,4758.0,5240.4,4287.6,42168,73485,4766.2,5,4766.4,1,4766.8,2,4767.0,3,4767.4,2,4768.0,2,4768.4,2,4768.8,3,4769.0,4,4769.2,1,4767.4
IM2408,,13:41:44.800#,4777.8,4808.0,4758.0,5240.4,4287.6,42169,73485,4766.2,5,4766.4,2,4766.8,2,4767.0,3,4767.4,1,4768.0,2,4768.4,2,4768.8,3,4769.0,4,4769.2,1,4767.4
IM2408,,13:41:46.800#,4777.8,4808.0,4758.0,5240.4,4287.6,42169,73485,4766.4,2,4766.8,2,4767.0,3,4767.4,1,4767.6,1,4768.0,2,4768.4,2,4768.8,3,4769.0,4,4769.2,1,4767.4
IM2408,,13:41:48.300#,4777.8,4808.0,4758.0,5240.4,4287.6,42169,73485,4766.6,1,4766.8,2,4767.0,3,4767.4,1,4767.6,1,4768.0,3,4768.4,2,4768.8,3,4769.0,4,4769.2,1,4767.4
IM2408,,13:41:48.800#,4777.8,4808.0,4758.0,5240.4,4287.6,42170,73486,4766.4,2,4766.6,1,4766.8,2,4767.0,3,4767.4,1,4768.0,3,4768.4,2,4768.8,3,4769.0,4,4769.2,1,4767.6
IM2408,,13:41:49.300#,4777.8,4808.0,4758.0,5240.4,4287.6,42171,73486,4766.2,5,4766.4,2,4766.6,1,4766.8,2,4767.0,3,4768.0,3,4768.4,2,4768.8,3,4769.0,4,4769.2,1,4767.4
IM2408,,13:41:49.800#,4777.8,4808.0,4758.0,5240.4,4287.6,42171,73486,4766.4,2,4766.6,1,4766.8,2,4767.0,3,4767.2,1,4768.0,3,4768.4,2,4768.8,3,4769.0,4,4769.2,1,4767.4
IM2408,,13:41:50.800#,4777.8,4808.0,4758.0,5240.4,4287.6,42171,73486,4766.4,2,4766.6,1,4766.8,2,4767.0,3,4767.2,1,4768.0,4,4768.4,2,4768.8,3,4769.0,4,4769.2,1,4767.4
IM2408,,13:41:51.300#,4777.8,4808.0,4758.0,5240.4,4287.6,42171,73486,4766.2,5,4766.4,2,4766.6,1,4766.8,2,4767.0,3,4768.0,5,4768.4,2,4768.8,3,4769.0,4,4769.2,1,4767.4
IM2408,,13:41:52.300#,4777.8,4808.0,4758.0,5240.4,4287.6,42171,73486,4766.2,5,4766.4,2,4766.6,1,4766.8,3,4767.0,3,4768.0,5,4768.4,2,4768.8,3,4769.0,4,4769.2,1,4767.4
IM2408,,13:41:52.800#,4777.8,4808.0,4758.0,5240.4,4287.6,42171,73486,4766.2,5,4766.4,2,4766.6,1,4766.8,3,4767.0,3,4767.8,1,4768.0,5,4768.4,2,4768.8,3,4769.0,4,4767.4
IM2408,,13:41:53.300#,4777.8,4808.0,4758.0,5240.4,4287.6,42174,73488,4766.2,5,4766.4,2,4766.6,1,4766.8,3,4767.0,1,4767.6,1,4767.8,2,4768.0,5,4768.4,2,4768.8,3,4767.0
IM2408,,13:41:53.800#,4777.8,4808.0,4758.0,5240.4,4287.6,42177,73491,4766.2,5,4766.4,2,4766.6,1,4766.8,2,4767.0,1,4767.6,2,4767.8,2,4768.0,4,4768.4,2,4768.8,3,4767.0
IM2408,,13:41:54.300#,4777.8,4808.0,4758.0,5240.4,4287.6,42179,73490,4766.0,1,4766.2,5,4766.4,2,4766.6,1,4766.8,2,4767.6,1,4767.8,2,4768.0,4,4768.4,2,4768.8,3,4767.6
IM2408,,13:41:55.300#,4777.8,4808.0,4758.0,5240.4,4287.6,42179,73490,4766.0,1,4766.2,5,4766.4,2,4766.6,1,4766.8,3,4767.6,1,4767.8,2,4768.0,4,4768.4,2,4768.8,3,4767.6
IM2408,,13:41:55.800#,4777.8,4808.0,4758.0,5240.4,4287.6,42179,73490,4766.0,1,4766.2,5,4766.4,2,4766.6,1,4766.8,3,4767.0,1,4767.6,1,4767.8,2,4768.0,4,4768.4,2,4767.6
IM2408,,13:41:56.300#,4777.8,4808.0,4758.0,5240.4,4287.6,42180,73490,4766.0,1,4766.2,5,4766.4,2,4766.6,1,4766.8,3,4767.0,1,4767.6,1,4767.8,1,4768.0,4,4768.4,2,4767.0
IM2408,,13:41:57.800#,4777.8,4808.0,4758.0,5240.4,4287.6,42183,73492,4766.0,1,4766.2,5,4766.4,2,4766.6,1,4766.8,2,4767.6,1,4767.8,1,4768.0,4,4768.4,2,4768.8,3,4766.8
IM2408,,13:41:58.300#,4777.8,4808.0,4758.0,5240.4,4287.6,42183,73492,4766.2,5,4766.4,2,4766.6,1,4766.8,2,4767.0,2,4767.6,3,4767.8,1,4768.0,5,4768.4,2,4768.8,3,4766.8
IM2408,,13:41:59.300#,4777.8,4808.0,4758.0,5240.4,4287.6,42183,73492,4766.0,1,4766.2,5,4766.4,2,4766.6,1,4766.8,2,4767.6,3,4767.8,1,4768.0,5,4768.4,2,4768.8,3,4766.8
IM2408,,13:41:59.800#,4777.8,4808.0,4758.0,5240.4,4287.6,42184,73493,4766.0,1,4766.2,5,4766.4,2,4766.6,1,4766.8,1,4767.6,3,4767.8,1,4768.0,5,4768.4,2,4768.8,3,4766.8
IM2408,,13:42:00.300#,4777.8,4808.0,4758.0,5240.4,4287.6,42185,73492,4765.4,2,4766.0,1,4766.2,5,4766.4,2,4766.6,1,4766.8,1,4767.6,3,4767.8,1,4768.0,5,4768.4,2,4766.8
IM2408,,13:42:00.800#,4777.8,4808.0,4758.0,5240.4,4287.6,42186,73493,4765.4,2,4766.0,1,4766.2,5,4766.4,2,4766.6,1,4766.8,3,4767.6,1,4767.8,1,4768.0,5,4768.4,2,4766.8
IM2408,,13:42:01.300#,4777.8,4808.0,4758.0,5240.4,4287.6,42187,73492,4765.4,2,4766.0,1,4766.2,5,4766.4,2,4766.6,3,4766.8,2,4767.6,1,4767.8,1,4768.0,5,4768.4,2,4766.8
IM2408,,13:42:01.800#,4777.8,4808.0,4758.0,5240.4,4287.6,42189,73494,4765.4,2,4766.0,1,4766.2,5,4766.4,2,4766.6,3,4767.8,1,4768.0,5,4768.4,2,4768.8,3,4769.0,4,4766.8
IM2408,,13:42:02.300#,4777.8,4808.0,4758.0,5240.4,4287.6,42191,73492,4765.4,2,4766.0,1,4766.2,5,4766.4,2,4766.6,3,4767.6,1,4767.8,1,4768.0,5,4768.4,2,4768.8,3,4766.8
IM2408,,13:42:02.800#,4777.8,4808.0,4758.0,5240.4,4287.6,42191,73492,4765.4,2,4766.0,1,4766.2,5,4766.4,2,4766.6,3,4767.0,1,4767.8,2,4768.0,5,4768.4,2,4768.8,3,4766.8
IM2408,,13:42:03.300#,4777.8,4808.0,4758.0,5240.4,4287.6,42192,73492,4765.4,2,4766.0,1,4766.2,5,4766.4,2,4766.6,3,4767.0,1,4767.8,2,4768.0,6,4768.4,2,4768.8,3,4766.8
IM2408,,13:42:04.800#,4777.8,4808.0,4758.0,5240.4,4287.6,42192,73492,4765.4,2,4766.0,1,4766.2,5,4766.4,2,4766.6,4,4767.0,2,4767.8,2,4768.0,6,4768.4,2,4768.8,3,4766.8
IM2408,,13:42:06.300#,4777.8,4808.0,4758.0,5240.4,4287.6,42192,73492,4766.0,1,4766.2,5,4766.4,2,4766.6,4,4766.8,1,4767.0,2,4767.8,2,4768.0,6,4768.4,2,4768.8,3,4766.8
IM2408,,13:42:06.800#,4777.8,4808.0,4758.0,5240.4,4287.6,42193,73492,4766.0,1,4766.2,5,4766.4,2,4766.6,4,4766.8,1,4767.0,2,4767.8,1,4768.0,6,4768.4,2,4768.8,3,4766.8
IM2408,,13:42:07.300#,4777.8,4808.0,4758.0,5240.4,4287.6,42195,73492,4765.4,2,4766.0,1,4766.2,5,4766.4,2,4766.6,4,4767.0,1,4767.8,1,4768.0,5,4768.4,2,4768.8,3,4767.0
IM2408,,13:42:07.800#,4777.8,4808.0,4758.0,5240.4,4287.6,42195,73492,4766.0,1,4766.2,5,4766.4,2,4766.6,4,4766.8,1,4767.0,1,4767.8,1,4768.0,5,4768.4,2,4768.8,3,4767.0
IM2408,,13:42:08.300#,4777.8,4808.0,4758.0,5240.4,4287.6,42197,73492,4765.4,2,4766.0,1,4766.2,5,4766.4,2,4766.6,4,4767.8,1,4768.0,5,4768.4,2,4768.8,3,4769.0,4,4767.0
IM2408,,13:42:08.800#,4777.8,4808.0,4758.0,5240.4,4287.6,42197,73492,4766.0,1,4766.2,5,4766.4,2,4766.6,4,4766.8,1,4767.6,6,4767.8,1,4768.0,5,4768.4,2,4768.8,3,4767.0
IM2408,,13:42:09.300#,4777.8,4808.0,4758.0,5240.4,4287.6,42199,73491,4765.4,2,4766.0,1,4766.2,5,4766.4,2,4766.6,4,4766.8,1,4767.6,6,4767.8,1,4768.0,5,4768.4,2,4767.0
IM2408,,13:42:09.800#,4777.8,4808.0,4758.0,5240.4,4287.6,42200,73492,4765.4,2,4766.0,1,4766.2,5,4766.4,2,4766.6,3,4766.8,1,4767.6,5,4767.8,1,4768.0,5,4768.4,2,4766.6
IM2408,,13:42:10.300#,4777.8,4808.0,4758.0,5240.4,4287.6,42205,73493,4765.0,39,4765.2,2,4765.4,2,4766.0,1,4766.2,5,4766.4,1,4766.8,1,4767.6,5,4767.8,1,4768.0,5,4766.4
IM2408,,13:42:10.800#,4777.8,4808.0,4758.0,5240.4,4287.6,42206,73494,4764.8,1,4765.0,39,4765.2,2,4766.0,1,4766.2,5,4766.8,1,4767.4,2,4767.6,5,4767.8,1,4768.0,5,4766.4
IM2408,,13:42:11.300#,4777.8,4808.0,4758.0,5240.4,4287.6,42206,73494,4765.0,39,4765.2,2,4765.6,1,4766.0,1,4766.2,5,4766.8,1,4767.4,2,4767.6,5,4767.8,1,4768.0,5,4766.4
IM2408,,13:42:12.300#,4777.8,4808.0,4758.0,5240.4,4287.6,42209,73494,4765.0,39,4765.2,2,4765.6,1,4766.0,1,4766.2,2,4767.4,2,4767.6,5,4767.8,1,4768.0,5,4768.4,2,4766.2
IM2408,,13:42:12.800#,4777.8,4808.0,4758.0,5240.4,4287.6,42209,73494,4765.2,2,4765.6,1,4766.0,1,4766.2,2,4766.4,3,4767.2,5,4767.4,2,4767.6,3,4767.8,1,4768.0,5,4766.2
IM2408,,13:42:13.300#,4777.8,4808.0,4758.0,5240.4,4287.6,42209,73494,4765.2,2,4765.6,1,4766.0,1,4766.2,2,4766.4,2,4767.2,4,4767.4,2,4767.6,1,4767.8,1,4768.0,5,4766.2
IM2408,,13:42:13.800#,4777.8,4808.0,4758.0,5240.4,4287.6,42209,73494,4765.2,2,4765.6,1,4766.0,1,4766.2,2,4766.4,2,4767.2,2,4767.4,2,4767.6,1,4767.8,1,4768.0,5,4766.2
IM2408,,13:42:14.300#,4777.8,4808.0,4758.0,5240.4,4287.6,42210,73495,4765.6,1,4766.0,1,4766.2,2,4766.4,2,4766.6,1,4767.2,1,4767.6,1,4767.8,1,4768.0,5,4768.4,2,4767.0
IM2408,,13:42:15.300#,4777.8,4808.0,4758.0,5240.4,4287.6,42210,73495,4766.0,1,4766.2,2,4766.4,3,4766.6,1,4766.8,1,4767.8,1,4768.0,5,4768.4,2,4768.8,3,4769.0,5,4767.0
IM2408,,13:42:15.800#,4777.8,4808.0,4758.0,5240.4,4287.6,42210,73495,4766.0,1,4766.2,2,4766.4,3,4766.6,1,4766.8,1,4767.6,1,4767.8,1,4768.0,5,4768.4,2,4768.8,3,4767.0
IM2408,,13:42:16.300#,4777.8,4808.0,4758.0,5240.4,4287.6,42211,73495,4765.2,2,4765.6,1,4766.0,1,4766.2,2,4766.4,3,4767.6,1,4767.8,1,4768.0,5,4768.4,2,4768.8,3,4766.6
IM2408,,13:42:16.800#,4777.8,4808.0,4758.0,5240.4,4287.6,42211,73495,4765.2,2,4765.6,1,4766.0,1,4766.2,2,4766.4,4,4767.4,1,4767.6,1,4767.8,1,4768.0,5,4768.4,2,4766.6
IM2408,,13:42:17.300#,4777.8,4808.0,4758.0,5240.4,4287.6,42211,73495,4765.2,2,4765.6,1,4766.0,1,4766.2,2,4766.4,5,4767.6,1,4767.8,1,4768.0,5,4768.4,2,4768.8,3,4766.6
IM2408,,13:42:17.800#,4777.8,4808.0,4758.0,5240.4,4287.6,42211,73495,4765.2,2,4765.6,1,4766.0,1,4766.2,2,4766.4,6,4766.6,8,4767.4,1,4767.8,1,4768.0,5,4768.4,2,4766.6
IM2408,,13:42:18.300#,4777.8,4808.0,4758.0,5240.4,4287.6,42213,73497,4765.2,2,4765.6,1,4766.0,1,4766.2,2,4766.4,5,4766.6,6,4767.4,1,4767.8,1,4768.0,5,4768.4,2,4766.6
IM2408,,13:42:19.300#,4777.8,4808.0,4758.0,5240.4,4287.6,42214,73498,4765.2,2,4765.6,1,4766.0,1,4766.2,2,4766.4,5,4766.6,5,4767.4,1,4767.8,1,4768.0,5,4768.4,2,4766.6
IM2408,,13:42:19.800#,4777.8,4808.0,4758.0,5240.4,4287.6,42219,73503,4765.6,1,4766.0,1,4766.2,2,4766.4,5,4766.6,1,4767.4,1,4767.8,1,4768.0,5,4768.4,2,4768.8,3,4766.6
IM2408,,13:42:20.300#,4777.8,4808.0,4758.0,5240.4,4287.6,42219,73503,4765.6,1,4766.0,1,4766.2,2,4766.4,5,4766.6,1,4767.2,1,4767.8,1,4768.0,4,4768.4,2,4768.8,3,4766.6
IM2408,,13:42:23.800#,4777.8,4808.0,4758.0,5240.4,4287.6,42219,73503,4765.6,1,4766.0,1,4766.2,2,4766.4,5,4766.6,1,4767.0,1,4767.8,1,4768.0,4,4768.4,2,4768.8,3,4766.6
IM2408,,13:42:24.300#,4777.8,4808.0,4758.0,5240.4,4287.6,42219,73503,4765.8,1,4766.0,1,4766.2,2,4766.4,5,4766.6,1,4767.0,1,4767.8,1,4768.0,4,4768.4,2,4768.8,3,4766.6
IM2408,,13:42:24.800#,4777.8,4808.0,4758.0,5240.4,4287.6,42219,73503,4765.8,1,4766.0,1,4766.2,2,4766.4,5,4766.6,2,4767.0,1,4767.8,1,4768.0,4,4768.4,2,4768.8,3,4766.6
IM2408,,13:42:26.300#,4777.8,4808.0,4758.0,5240.4,4287.6,42219,73503,4765.8,1,4766.0,1,4766.2,2,4766.4,5,4766.6,2,4767.0,2,4767.8,1,4768.0,4,4768.4,2,4768.8,3,4766.6
IM2408,,13:42:26.800#,4777.8,4808.0,4758.0,5240.4,4287.6,42219,73503,4765.8,1,4766.0,1,4766.2,2,4766.4,5,4766.6,3,4767.0,2,4767.8,1,4768.0,4,4768.4,2,4768.8,3,4766.6
IM2408,,13:42:28.800#,4777.8,4808.0,4758.0,5240.4,4287.6,42227,73505,4765.2,2,4765.6,1,4765.8,1,4766.0,1,4766.2,2,4766.4,1,4767.0,2,4767.8,1,4768.0,4,4768.4,2,4766.4
IM2408,,13:42:30.300#,4777.8,4808.0,4758.0,5240.4,4287.6,42231,73507,4765.2,2,4765.6,1,4765.8,1,4766.0,1,4766.2,3,4767.0,2,4767.8,1,4768.0,4,4768.4,2,4768.8,3,4766.8
IM2408,,13:42:30.800#,4777.8,4808.0,4758.0,5240.4,4287.6,42233,73508,4765.6,1,4765.8,1,4766.0,1,4766.2,3,4766.4,1,4767.8,1,4768.0,4,4768.4,2,4768.8,3,4769.0,5,4767.0
IM2408,,13:42:31.300#,4777.8,4808.0,4758.0,5240.4,4287.6,42236,73508,4766.0,1,4766.2,3,4766.4,1,4766.6,1,4766.8,1,4768.0,4,4768.4,2,4768.8,3,4769.0,5,4769.2,1,4767.0
IM2408,,13:42:31.800#,4777.8,4808.0,4758.0,5240.4,4287.6,42238,73509,4765.8,1,4766.0,1,4766.2,3,4766.8,5,4767.0,2,4768.0,2,4768.4,2,4768.8,3,4769.0,5,4769.2,1,4768.0
IM2408,,13:42:32.300#,4777.8,4808.0,4758.0,5240.4,4287.6,42238,73509,4766.0,3,4766.2,3,4766.8,5,4767.0,2,4767.2,4,4768.0,2,4768.4,2,4768.8,3,4769.0,5,4769.2,1,4768.0
IM2408,,13:42:32.800#,4777.8,4808.0,4758.0,5240.4,4287.6,42241,73511,4766.0,3,4766.2,3,4766.8,5,4767.0,2,4767.2,3,4768.4,2,4768.8,3,4769.0,5,4769.2,1,4769.4,4,4768.0
IM2408,,13:42:35.300#,4777.8,4808.0,4758.0,5240.4,4287.6,42241,73511,4766.0,3,4766.2,3,4766.8,5,4767.0,2,4767.2,3,4768.0,2,4768.2,1,4768.4,2,4768.8,3,4769.0,5,4768.0
IM2408,,13:42:35.800#,4777.8,4808.0,4758.0,5240.4,4287.6,42241,73511,4766.0,3,4766.2,3,4766.8,5,4767.0,2,4767.2,2,4768.0,2,4768.2,1,4768.4,2,4768.8,3,4769.0,5,4768.0
IM2408,,13:42:36.800#,4777.8,4808.0,4758.0,5240.4,4287.6,42241,73511,4766.2,3,4766.6,1,4766.8,5,4767.0,2,4767.2,2,4768.0,2,4768.2,1,4768.4,2,4768.8,3,4769.0,5,4768.0
IM2408,,13:42:39.300#,4777.8,4808.0,4758.0,5240.4,4287.6,42241,73511,4766.6,1,4766.8,5,4767.0,2,4767.2,2,4767.4,2,4768.0,2,4768.2,1,4768.4,2,4768.8,3,4769.0,5,4768.0
IM2408,,13:42:40.300#,4777.8,4808.0,4758.0,5240.4,4287.6,42242,73511,4766.6,1,4766.8,6,4767.0,2,4767.2,3,4767.4,2,4768.0,1,4768.2,1,4768.4,2,4768.8,3,4769.0,5,4768.0
IM2408,,13:42:42.300#,4777.8,4808.0,4758.0,5240.4,4287.6,42242,73511,4766.8,6,4767.0,2,4767.2,3,4767.4,2,4767.6,1,4767.8,1,4768.0,1,4768.4,2,4768.8,3,4769.0,5,4768.0
IM2408,,13:42:42.800#,4777.8,4808.0,4758.0,5240.4,4287.6,42242,73511,4766.8,6,4767.0,2,4767.2,3,4767.4,2,4767.6,1,4767.8,2,4768.0,1,4768.4,2,4768.8,3,4769.0,5,4768.0
IM2408,,13:42:43.300#,4777.8,4808.0,4758.0,5240.4,4287.6,42242,73511,4766.8,6,4767.0,2,4767.2,3,4767.4,2,4767.6,1,4767.8,1,4768.0,3,4768.4,2,4768.8,3,4769.0,5,4768.0
IM2408,,13:42:43.800#,4777.8,4808.0,4758.0,5240.4,4287.6,42245,73512,4766.6,1,4766.8,6,4767.0,2,4767.2,3,4767.4,1,4767.8,1,4768.0,3,4768.4,2,4768.8,3,4769.0,5,4767.6
IM2408,,13:42:44.300#,4777.8,4808.0,4758.0,5240.4,4287.6,42246,73513,4766.2,3,4766.6,1,4766.8,6,4767.0,2,4767.2,3,4767.8,1,4768.0,3,4768.4,2,4768.8,3,4769.0,5,4767.4
IM2408,,13:42:44.800#,4777.8,4808.0,4758.0,5240.4,4287.6,42246,73513,4766.2,3,4766.6,1,4766.8,6,4767.0,2,4767.2,3,4767.6,1,4767.8,1,4768.0,3,4768.4,2,4768.8,3,4767.4
IM2408,,13:42:45.300#,4777.8,4808.0,4758.0,5240.4,4287.6,42246,73513,4766.2,3,4766.6,1,4766.8,6,4767.0,2,4767.2,3,4767.6,2,4767.8,1,4768.0,3,4768.4,2,4768.8,3,4767.4
IM2408,,13:42:46.300#,4777.8,4808.0,4758.0,5240.4,4287.6,42246,73513,4766.0,3,4766.2,3,4766.6,1,4766.8,3,4767.2,3,4767.6,2,4767.8,1,4768.0,3,4768.4,2,4768.8,3,4767.4
IM2408,,13:42:46.800#,4777.8,4808.0,4758.0,5240.4,4287.6,42247,73514,4766.0,3,4766.2,3,4766.6,1,4766.8,3,4767.2,2,4767.4,1,4767.6,2,4767.8,1,4768.0,3,4768.4,2,4767.2
IM2408,,13:42:47.300#,4777.8,4808.0,4758.0,5240.4,4287.6,42247,73514,4766.0,3,4766.2,3,4766.6,1,4766.8,2,4767.2,2,4767.4,1,4767.6,2,4767.8,1,4768.0,3,4768.4,2,4767.2
IM2408,,13:42:47.800#,4777.8,4808.0,4758.0,5240.4,4287.6,42247,73514,4766.0,3,4766.2,3,4766.6,1,4766.8,1,4767.2,2,4767.4,1,4767.6,1,4767.8,1,4768.0,3,4768.4,2,4767.2
IM2408,,13:42:48.300#,4777.8,4808.0,4758.0,5240.4,4287.6,42247,73514,4766.0,3,4766.2,3,4766.6,1,4766.8,2,4767.2,2,4767.4,1,4767.6,1,4767.8,1,4768.0,3,4768.4,2,4767.2
IM2408,,13:42:48.800#,4777.8,4808.0,4758.0,5240.4,4287.6,42248,73514,4766.0,3,4766.2,3,4766.6,1,4766.8,2,4767.2,2,4767.6,1,4767.8,1,4768.0,3,4768.4,2,4768.8,3,4767.4
IM2408,,13:42:50.300#,4777.8,4808.0,4758.0,5240.4,4287.6,42248,73514,4766.0,3,4766.2,3,4766.6,1,4766.8,2,4767.2,2,4767.6,7,4767.8,1,4768.0,3,4768.4,2,4768.8,3,4767.4
IM2408,,13:42:50.800#,4777.8,4808.0,4758.0,5240.4,4287.6,42249,73514,4766.0,3,4766.2,3,4766.6,1,4766.8,2,4767.2,1,4767.6,7,4767.8,1,4768.0,3,4768.4,2,4768.8,3,4767.2
IM2408,,13:42:52.300#,4777.8,4808.0,4758.0,5240.4,4287.6,42249,73514,4766.0,3,4766.2,4,4766.6,1,4766.8,2,4767.2,1,4767.6,7,4767.8,1,4768.0,3,4768.4,2,4768.8,2,4767.2
IM2408,,13:42:53.300#,4777.8,4808.0,4758.0,5240.4,4287.6,42250,73514,4766.0,3,4766.2,4,4766.6,1,4766.8,2,4767.2,1,4767.6,6,4767.8,1,4768.0,3,4768.4,2,4768.8,2,4767.6
IM2408,,13:42:53.800#,4777.8,4808.0,4758.0,5240.4,4287.6,42256,73518,4766.0,3,4766.2,4,4766.6,1,4766.8,2,4767.2,1,4767.8,1,4768.0,3,4768.4,2,4768.8,2,4769.0,6,4767.6
IM2408,,13:42:55.300#,4777.8,4808.0,4758.0,5240.4,4287.6,42257,73518,4765.8,1,4766.0,3,4766.2,4,4766.6,1,4766.8,2,4767.8,1,4768.0,3,4768.4,2,4768.8,2,4769.0,6,4767.2
IM2408,,13:42:55.800#,4777.8,4808.0,4758.0,5240.4,4287.6,42258,73518,4766.0,3,4766.2,4,4766.6,1,4766.8,2,4767.8,2,4768.0,3,4768.4,2,4768.8,2,4769.0,6,4769.2,1,4767.8
IM2408,,13:42:56.800#,4777.8,4808.0,4758.0,5240.4,4287.6,42260,73520,4765.8,1,4766.0,3,4766.2,4,4766.6,1,4766.8,2,4768.0,3,4768.4,2,4768.8,2,4769.0,6,4769.2,1,4767.8
IM2408,,13:42:57.300#,4777.8,4808.0,4758.0,5240.4,4287.6,42260,73520,4766.0,3,4766.2,4,4766.6,1,4766.8,3,4767.0,3,4767.8,1,4768.0,3,4768.4,2,4768.8,2,4769.0,6,4767.8
IM2408,,13:42:57.800#,4777.8,4808.0,4758.0,5240.4,4287.6,42260,73520,4766.0,3,4766.2,4,4766.6,1,4766.8,3,4767.0,2,4767.8,1,4768.0,3,4768.4,2,4768.8,2,4769.0,6,4767.8
IM2408,,13:42:58.300#,4777.8,4808.0,4758.0,5240.4,4287.6,42260,73520,4765.8,1,4766.0,3,4766.2,4,4766.6,1,4766.8,3,4767.8,1,4768.0,3,4768.4,2,4768.8,2,4769.0,6,4767.8
IM2408,,13:42:58.800#,4777.8,4808.0,4758.0,5240.4,4287.6,42260,73520,4765.8,1,4766.0,3,4766.2,4,4766.6,1,4766.8,2,4767.8,1,4768.0,3,4768.4,2,4768.8,2,4769.0,6,4767.8
IM2408,,13:42:59.300#,4777.8,4808.0,4758.0,5240.4,4287.6,42260,73520,4766.0,4,4766.2,4,4766.6,2,4766.8,2,4767.0,1,4768.0,3,4768.4,2,4768.8,2,4769.0,6,4769.2,1,4767.8
IM2408,,13:42:59.800#,4777.8,4808.0,4758.0,5240.4,4287.6,42260,73520,4766.0,4,4766.2,4,4766.6,2,4766.8,2,4767.0,2,4767.6,1,4768.0,3,4768.4,2,4768.8,2,4769.0,6,4767.8
IM2408,,13:43:00.800#,4777.8,4808.0,4758.0,5240.4,4287.6,42260,73520,4766.0,4,4766.2,4,4766.6,2,4766.8,2,4767.0,2,4767.6,1,4767.8,2,4768.0,3,4768.4,2,4768.8,2,4767.8
IM2408,,13:43:02.800#,4777.8,4808.0,4758.0,5240.4,4287.6,42260,73520,4766.0,4,4766.2,5,4766.6,2,4766.8,2,4767.0,2,4767.6,4,4767.8,3,4768.0,3,4768.4,2,4768.8,2,4767.8
IM2408,,13:43:03.300#,4777.8,4808.0,4758.0,5240.4,4287.6,42260,73520,4766.0,4,4766.2,5,4766.6,2,4766.8,2,4767.0,3,4767.4,1,4767.6,4,4767.8,3,4768.0,3,4768.4,2,4767.8
IM2408,,13:43:03.800#,4777.8,4808.0,4758.0,5240.4,4287.6,42260,73520,4766.0,4,4766.2,5,4766.6,2,4766.8,2,4767.0,4,4767.4,1,4767.6,4,4767.8,3,4768.0,3,4768.4,2,4767.8
IM2408,,13:43:04.300#,4777.8,4808.0,4758.0,5240.4,4287.6,42262,73522,4766.0,4,4766.2,5,4766.6,2,4766.8,2,4767.0,2,4767.4,2,4767.6,4,4767.8,3,4768.0,3,4768.4,2,4767.0
IM2408,,13:43:04.800#,4777.8,4808.0,4758.0,5240.4,4287.6,42265,73523,4765.8,1,4766.0,4,4766.2,5,4766.6,2,4766.8,2,4767.4,1,4767.6,7,4767.8,3,4768.0,3,4768.4,2,4767.4
IM2408,,13:43:05.300#,4777.8,4808.0,4758.0,5240.4,4287.6,42265,73523,4765.8,1,4766.0,4,4766.2,5,4766.6,2,4766.8,3,4767.4,1,4767.6,7,4767.8,3,4768.0,3,4768.4,2,4767.4
IM2408,,13:43:06.300#,4777.8,4808.0,4758.0,5240.4,4287.6,42265,73523,4765.8,1,4766.0,4,4766.2,5,4766.6,2,4766.8,4,4767.4,1,4767.6,7,4767.8,3,4768.0,3,4768.4,2,4767.4
IM2408,,13:43:07.300#,4777.8,4808.0,4758.0,5240.4,4287.6,42266,73522,4765.8,1,4766.0,4,4766.2,5,4766.6,2,4766.8,3,4767.4,1,4767.6,7,4767.8,3,4768.0,3,4768.4,2,4766.8
IM2408,,13:43:07.800#,4777.8,4808.0,4758.0,5240.4,4287.6,42268,73523,4765.8,1,4766.0,4,4766.2,5,4766.6,2,4766.8,1,4767.4,1,4767.6,7,4767.8,3,4768.0,3,4768.4,2,4766.8
IM2408,,13:43:08.800#,4777.8,4808.0,4758.0,5240.4,4287.6,42268,73523,4765.8,1,4766.0,4,4766.2,5,4766.6,2,4766.8,1,4767.4,1,4767.6,7,4767.8,4,4768.0,3,4768.4,2,4766.8
IM2408,,13:43:10.800#,4777.8,4808.0,4758.0,5240.4,4287.6,42269,73523,4765.6,1,4765.8,1,4766.0,4,4766.2,5,4766.6,2,4767.4,1,4767.6,7,4767.8,3,4768.0,3,4768.4,2,4766.8
IM2408,,13:43:11.300#,4777.8,4808.0,4758.0,5240.4,4287.6,42271,73525,4765.6,1,4765.8,1,4766.0,4,4766.2,5,4766.6,1,4767.4,1,4767.6,7,4767.8,3,4768.0,3,4768.4,2,4766.6
IM2408,,13:43:13.300#,4777.8,4808.0,4758.0,5240.4,4287.6,42275,73527,4765.4,3,4765.6,1,4765.8,1,4766.0,4,4766.2,5,4767.4,1,4767.6,7,4767.8,3,4768.0,3,4768.4,2,4767.2
IM2408,,13:43:17.300#,4777.8,4808.0,4758.0,5240.4,4287.6,42289,73533,4764.8,1,4765.0,38,4765.2,2,4765.4,1,4765.6,1,4766.6,1,4766.8,2,4767.0,4,4767.2,2,4767.4,1,4766.4
IM2408,,13:43:17.800#,4777.8,4808.0,4758.0,5240.4,4287.6,42290,73532,4764.8,1,4765.0,38,4765.2,2,4765.4,1,4765.8,3,4766.6,1,4766.8,2,4767.0,4,4767.2,2,4767.4,1,4765.6
IM2408,,13:43:18.800#,4777.8,4808.0,4758.0,5240.4,4287.6,42294,73536,4764.8,1,4765.0,38,4765.2,2,4765.4,1,4765.8,2,4766.8,1,4767.0,4,4767.2,2,4767.4,1,4767.6,7,4766.8
IM2408,,13:43:22.300#,4777.8,4808.0,4758.0,5240.4,4287.6,42297,73538,4764.8,1,4765.0,39,4765.2,2,4765.4,1,4765.8,1,4766.6,1,4766.8,2,4767.0,4,4767.2,2,4767.4,1,4766.6
IM2408,,13:43:23.300#,4777.8,4808.0,4758.0,5240.4,4287.6,42298,73538,4765.2,2,4765.4,1,4765.6,1,4765.8,1,4766.0,1,4767.0,4,4767.2,2,4767.4,1,4767.6,7,4767.8,4,4766.6
IM2408,,13:43:27.800#,4777.8,4808.0,4758.0,5240.4,4287.6,42305,73540,4765.6,1,4765.8,3,4766.0,2,4766.4,1,4766.8,1,4767.4,1,4767.6,6,4767.8,4,4768.0,3,4768.2,1,4767.2
IM2408,,13:43:28.300#,4777.8,4808.0,4758.0,5240.4,4287.6,42305,73540,4765.6,1,4765.8,3,4766.0,2,4766.4,1,4766.8,1,4767.2,1,4767.4,1,4767.6,6,4767.8,4,4768.0,3,4767.2
IM2408,,13:43:28.800#,4777.8,4808.0,4758.0,5240.4,4287.6,42306,73541,4765.2,2,4765.4,1,4765.6,1,4765.8,3,4766.0,2,4767.2,2,4767.4,1,4767.6,6,4767.8,4,4768.0,3,4766.8
IM2408,,13:43:33.300#,4777.8,4808.0,4758.0,5240.4,4287.6,42314,73542,4765.4,1,4765.6,1,4765.8,3,4766.0,3,4766.2,1,4767.2,7,4767.4,3,4767.8,2,4768.0,3,4768.2,1,4766.4
IM2408,,13:43:33.800#,4777.8,4808.0,4758.0,5240.4,4287.6,42314,73542,4765.6,1,4765.8,3,4766.0,3,4766.2,1,4766.4,1,4767.0,1,4767.2,8,4767.4,3,4767.8,2,4768.0,3,4766.4
IM2408,,13:43:34.800#,4777.8,4808.0,4758.0,5240.4,4287.6,42317,73542,4765.4,1,4765.6,1,4765.8,3,4766.0,2,4766.2,1,4767.0,1,4767.2,8,4767.4,3,4767.8,2,4768.0,3,4766.4
IM2408,,13:43:35.300#,4777.8,4808.0,4758.0,5240.4,4287.6,42317,73542,4765.4,1,4765.6,1,4765.8,1,4766.0,2,4766.2,1,4766.8,1,4767.0,1,4767.2,8,4767.4,3,4767.8,2,4766.4
IM2408,,13:43:35.800#,4777.8,4808.0,4758.0,5240.4,4287.6,42317,73542,4765.2,2,4765.4,1,4765.6,1,4765.8,1,4766.2,2,4766.8,1,4767.0,1,4767.2,8,4767.4,3,4767.8,2,4766.4
IM2408,,13:43:36.300#,4777.8,4808.0,4758.0,5240.4,4287.6,42317,73542,4765.4,1,4765.6,1,4765.8,1,4766.0,2,4766.2,2,4766.8,1,4767.0,1,4767.2,8,4767.4,3,4767.8,2,4766.4
IM2408,,13:43:40.300#,4777.8,4808.0,4758.0,5240.4,4287.6,42322,73543,4765.2,2,4765.4,1,4765.6,1,4765.8,3,4766.0,4,4766.8,1,4767.0,1,4767.2,8,4767.4,3,4767.8,2,4766.2
IM2408,,13:43:43.300#,4777.8,4808.0,4758.0,5240.4,4287.6,42324,73541,4765.2,2,4765.4,1,4765.6,1,4765.8,1,4766.0,2,4766.4,4,4766.6,2,4766.8,3,4767.0,1,4767.2,8,4766.0
IM2408,,13:43:44.300#,4777.8,4808.0,4758.0,5240.4,4287.6,42326,73542,4765.0,39,4765.2,2,4765.4,1,4765.6,1,4765.8,1,4766.2,2,4766.4,2,4766.6,2,4766.8,3,4767.0,1,4766.0
IM2408,,13:43:44.800#,4777.8,4808.0,4758.0,5240.4,4287.6,42328,73542,4765.2,2,4765.4,1,4765.6,1,4765.8,1,4766.2,4,4766.4,2,4766.6,2,4766.8,3,4767.0,1,4767.2,8,4766.2
IM2408,,13:43:45.300#,4777.8,4808.0,4758.0,5240.4,4287.6,42330,73544,4765.0,39,4765.2,2,4765.4,1,4765.6,1,4765.8,1,4766.6,2,4766.8,3,4767.0,1,4767.2,8,4767.4,3,4766.4
IM2408,,13:43:45.800#,4777.8,4808.0,4758.0,5240.4,4287.6,42334,73546,4764.8,1,4765.0,39,4765.2,2,4765.6,1,4765.8,1,4766.8,3,4767.0,1,4767.2,8,4767.4,3,4767.6,2,4766.6
IM2408,,13:43:46.300#,4777.8,4808.0,4758.0,5240.4,4287.6,42334,73546,4765.0,39,4765.2,2,4765.6,1,4765.8,1,4766.6,1,4766.8,3,4767.0,1,4767.2,8,4767.4,3,4767.6,2,4766.6
IM2408,,13:43:46.800#,4777.8,4808.0,4758.0,5240.4,4287.6,42336,73546,4764.6,2,4764.8,1,4765.0,39,4765.2,2,4765.6,1,4766.8,3,4767.0,1,4767.2,8,4767.4,3,4767.6,2,4765.8
IM2408,,13:43:47.300#,4777.8,4808.0,4758.0,5240.4,4287.6,42337,73545,4764.6,2,4764.8,1,4765.0,39,4765.2,2,4765.6,1,4766.8,3,4767.0,1,4767.2,8,4767.4,3,4767.6,2,4765.8
IM2408,,13:43:47.800#,4777.8,4808.0,4758.0,5240.4,4287.6,42339,73546,4764.6,2,4764.8,1,4765.0,39,4765.2,2,4765.6,1,4766.8,1,4767.0,1,4767.2,8,4767.4,3,4767.6,2,4766.8
IM2408,,13:43:48.300#,4777.8,4808.0,4758.0,5240.4,4287.6,42340,73546,4765.0,39,4765.2,2,4765.4,1,4765.6,2,4766.8,1,4767.0,1,4767.2,8,4767.4,3,4767.6,2,4767.8,2,4766.8
IM2408,,13:43:48.800#,4777.8,4808.0,4758.0,5240.4,4287.6,42341,73546,4764.8,1,4765.0,39,4765.2,2,4765.4,1,4765.6,2,4767.0,1,4767.2,8,4767.4,3,4767.6,2,4767.8,2,4766.8
IM2408,,13:43:49.300#,4777.8,4808.0,4758.0,5240.4,4287.6,42342,73546,4765.0,39,4765.2,2,4765.4,1,4765.6,3,4765.8,4,4767.0,1,4767.2,8,4767.4,3,4767.6,2,4767.8,2,4766.4
IM2408,,13:43:49.800#,4777.8,4808.0,4758.0,5240.4,4287.6,42342,73546,4765.0,39,4765.2,2,4765.4,1,4765.6,3,4765.8,3,4767.0,1,4767.2,8,4767.4,3,4767.6,2,4767.8,2,4766.4
IM2408,,13:43:52.300#,4777.8,4808.0,4758.0,5240.4,4287.6,42343,73545,4765.0,39,4765.2,2,4765.4,1,4765.6,3,4765.8,3,4767.2,8,4767.4,3,4767.6,2,4767.8,2,4768.0,3,4767.0
IM2408,,13:43:52.800#,4777.8,4808.0,4758.0,5240.4,4287.6,42343,73545,4765.2,2,4765.4,1,4765.6,3,4765.8,3,4766.0,1,4767.2,8,4767.4,3,4767.6,2,4767.8,2,4768.0,3,4767.0
IM2408,,13:43:54.800#,4777.8,4808.0,4758.0,5240.4,4287.6,42343,73545,4765.2,2,4765.4,1,4765.6,3,4765.8,3,4766.0,1,4767.0,2,4767.2,8,4767.4,3,4767.6,2,4767.8,2,4767.0
IM2408,,13:43:55.300#,4777.8,4808.0,4758.0,5240.4,4287.6,42344,73545,4765.0,39,4765.2,2,4765.4,1,4765.6,3,4765.8,3,4766.8,2,4767.0,2,4767.2,8,4767.4,3,4767.6,2,4766.0
IM2408,,13:43:55.800#,4777.8,4808.0,4758.0,5240.4,4287.6,42344,73545,4765.0,39,4765.2,2,4765.4,1,4765.6,3,4765.8,3,4766.8,1,4767.2,8,4767.4,3,4767.6,2,4767.8,2,4766.0
IM2408,,13:43:56.800#,4777.8,4808.0,4758.0,5240.4,4287.6,42344,73545,4765.2,2,4765.4,1,4765.6,3,4765.8,3,4766.0,1,4767.2,8,4767.4,3,4767.6,2,4767.8,2,4768.0,3,4766.0
IM2408,,13:43:57.300#,4777.8,4808.0,4758.0,5240.4,4287.6,42345,73545,4765.4,1,4765.6,3,4765.8,3,4766.0,3,4766.2,1,4767.0,1,4767.2,8,4767.4,3,4767.8,2,4768.0,3,4766.0
IM2408,,13:43:57.800#,4777.8,4808.0,4758.0,5240.4,4287.6,42345,73545,4765.6,3,4765.8,3,4766.0,3,4766.2,1,4766.4,1,4767.2,8,4767.4,3,4767.8,2,4768.0,3,4768.4,2,4766.0
IM2408,,13:43:58.300#,4777.8,4808.0,4758.0,5240.4,4287.6,42346,73544,4765.4,1,4765.6,3,4765.8,3,4766.0,3,4766.2,1,4767.2,8,4767.4,3,4767.8,2,4768.0,3,4768.4,2,4766.0
IM2408,,13:43:58.800#,4777.8,4808.0,4758.0,5240.4,4287.6,42347,73544,4765.4,1,4765.6,3,4765.8,3,4766.0,3,4766.4,1,4767.0,1,4767.2,8,4767.4,3,4767.8,2,4768.0,3,4766.2
IM2408,,13:43:59.300#,4777.8,4808.0,4758.0,5240.4,4287.6,42348,73543,4765.2,2,4765.4,1,4765.6,3,4765.8,3,4766.0,3,4767.2,9,4767.4,2,4767.8,2,4768.0,3,4768.4,2,4766.4
IM2408,,13:43:59.800#,4777.8,4808.0,4758.0,5240.4,4287.6,42348,73543,4765.2,2,4765.4,1,4765.6,3,4765.8,3,4766.0,2,4767.2,9,4767.4,2,4767.8,2,4768.0,3,4768.4,2,4766.4
IM2408,,13:44:00.300#,4777.8,4808.0,4758.0,5240.4,4287.6,42348,73543,4765.2,2,4765.4,1,4765.6,3,4765.8,3,4766.0,3,4767.2,9,4767.4,2,4767.8,2,4768.0,3,4768.4,2,4766.4
IM2408,,13:44:00.800#,4777.8,4808.0,4758.0,5240.4,4287.6,42348,73543,4765.2,2,4765.4,1,4765.6,3,4765.8,3,4766.0,3,4766.4,1,4767.2,9,4767.4,2,4767.8,2,4768.0,3,4766.4
IM2408,,13:44:01.300#,4777.8,4808.0,4758.0,5240.4,4287.6,42348,73543,4765.2,2,4765.4,1,4765.6,3,4765.8,3,4766.0,3,4766.4,7,4767.2,3,4767.4,1,4767.8,2,4768.0,3,4766.4
IM2408,,13:44:01.800#,4777.8,4808.0,4758.0,5240.4,4287.6,42351,73541,4765.2,2,4765.4,1,4765.6,3,4765.8,3,4766.0,4,4766.4,6,4766.6,1,4767.2,3,4767.4,1,4767.8,2,4766.2
IM2408,,13:44:02.300#,4777.8,4808.0,4758.0,5240.4,4287.6,42351,73541,4765.2,3,4765.4,1,4765.6,1,4765.8,3,4766.0,3,4766.4,6,4766.6,1,4767.2,3,4767.4,1,4767.8,2,4766.2
IM2408,,13:44:02.800#,4777.8,4808.0,4758.0,5240.4,4287.6,42351,73541,4765.2,3,4765.4,1,4765.6,1,4765.8,2,4766.0,3,4766.4,6,4766.6,1,4767.0,1,4767.2,3,4767.4,1,4766.2
IM2408,,13:44:03.300#,4777.8,4808.0,4758.0,5240.4,4287.6,42351,73541,4765.2,3,4765.4,1,4765.6,1,4765.8,1,4766.0,3,4766.4,6,4766.6,1,4767.0,1,4767.2,3,4767.4,1,4766.2
IM2408,,13:44:03.800#,4777.8,4808.0,4758.0,5240.4,4287.6,42354,73541,4765.2,3,4765.4,1,4765.6,1,4765.8,1,4766.0,3,4766.4,3,4766.6,1,4767.0,1,4767.2,3,4767.4,1,4766.4
IM2408,,13:44:04.800#,4777.8,4808.0,4758.0,5240.4,4287.6,42357,73541,4765.2,3,4765.4,1,4765.6,1,4765.8,1,4766.0,3,4766.6,1,4767.0,1,4767.2,3,4767.4,1,4767.8,4,4766.4
IM2408,,13:44:05.300#,4777.8,4808.0,4758.0,5240.4,4287.6,42359,73541,4765.2,3,4765.4,1,4765.6,1,4765.8,1,4766.0,2,4767.0,1,4767.2,3,4767.4,1,4767.8,4,4768.0,3,4766.0
IM2408,,13:44:05.800#,4777.8,4808.0,4758.0,5240.4,4287.6,42359,73541,4765.4,1,4765.6,3,4765.8,1,4766.0,2,4766.2,2,4766.8,1,4767.0,1,4767.2,3,4767.4,1,4767.8,4,4766.0
IM2408,,13:44:06.300#,4777.8,4808.0,4758.0,5240.4,4287.6,42360,73541,4765.6,3,4765.8,1,4766.0,2,4766.2,2,4766.8,1,4767.0,1,4767.2,3,4767.4,1,4767.8,4,4768.0,3,4766.8
IM2408,,13:44:06.800#,4777.8,4808.0,4758.0,5240.4,4287.6,42361,73540,4765.4,1,4765.6,3,4765.8,1,4766.0,2,4766.2,2,4766.4,1,4767.0,1,4767.2,3,4767.4,1,4767.8,4,4766.8
IM2408,,13:44:07.300#,4777.8,4808.0,4758.0,5240.4,4287.6,42362,73541,4765.6,3,4765.8,1,4766.0,2,4766.2,3,4766.4,3,4767.0,1,4767.2,3,4767.4,1,4767.8,4,4768.0,3,4766.4
IM2408,,13:44:07.800#,4777.8,4808.0,4758.0,5240.4,4287.6,42362,73541,4765.6,3,4765.8,1,4766.0,2,4766.2,3,4766.4,4,4767.0,3,4767.2,3,4767.4,1,4767.8,4,4768.0,3,4766.4
IM2408,,13:44:08.300#,4777.8,4808.0,4758.0,5240.4,4287.6,42362,73541,4765.6,3,4765.8,1,4766.0,2,4766.2,3,4766.4,5,4766.8,2,4767.0,3,4767.2,3,4767.4,1,4767.8,4,4766.4
IM2408,,13:44:08.800#,4777.8,4808.0,4758.0,5240.4,4287.6,42362,73541,4765.6,3,4765.8,1,4766.0,2,4766.2,3,4766.4,5,4767.0,3,4767.2,3,4767.4,1,4767.8,4,4768.0,3,4766.4
IM2408,,13:44:09.300#,4777.8,4808.0,4758.0,5240.4,4287.6,42363,73540,4765.6,3,4765.8,1,4766.0,2,4766.2,3,4766.4,3,4767.0,3,4767.2,3,4767.4,1,4767.8,4,4768.0,3,4766.4
IM2408,,13:44:09.800#,4777.8,4808.0,4758.0,5240.4,4287.6,42363,73540,4765.6,3,4765.8,1,4766.0,2,4766.2,3,4766.4,4,4767.0,4,4767.2,3,4767.4,1,4767.8,4,4768.0,3,4766.4
IM2408,,13:44:10.300#,4777.8,4808.0,4758.0,5240.4,4287.6,42363,73540,4765.6,3,4765.8,1,4766.0,2,4766.2,3,4766.4,3,4767.0,4,4767.2,3,4767.4,1,4767.8,4,4768.0,3,4766.4
IM2408,,13:44:10.800#,4777.8,4808.0,4758.0,5240.4,4287.6,42364,73541,4765.6,3,4765.8,1,4766.0,2,4766.2,3,4766.4,2,4767.0,4,4767.2,3,4767.4,1,4767.8,4,4768.0,3,4766.4
IM2408,,13:44:11.300#,4777.8,4808.0,4758.0,5240.4,4287.6,42368,73538,4765.8,1,4766.0,2,4766.2,3,4766.4,2,4767.0,3,4767.2,3,4767.4,1,4767.8,4,4768.0,3,4768.2,1,4767.0
IM2408,,13:44:11.800#,4777.8,4808.0,4758.0,5240.4,4287.6,42373,73539,4765.8,1,4766.0,2,4766.2,3,4766.4,2,4767.0,2,4767.4,1,4767.8,4,4768.0,3,4768.2,1,4768.4,2,4767.2
IM2408,,13:44:12.300#,4777.8,4808.0,4758.0,5240.4,4287.6,42374,73538,4766.0,2,4766.2,3,4766.4,3,4767.0,1,4767.2,3,4767.4,1,4767.8,4,4768.0,3,4768.2,1,4768.4,2,4767.0
IM2408,,13:44:12.800#,4777.8,4808.0,4758.0,5240.4,4287.6,42374,73538,4766.0,2,4766.2,3,4766.4,3,4767.0,1,4767.2,1,4767.4,1,4767.8,4,4768.0,3,4768.2,1,4768.4,2,4767.0
IM2408,,13:44:13.300#,4777.8,4808.0,4758.0,5240.4,4287.6,42374,73538,4765.8,1,4766.0,3,4766.2,3,4766.4,4,4767.0,1,4767.4,1,4767.8,4,4768.0,2,4768.2,1,4768.4,2,4767.0
IM2408,,13:44:13.800#,4777.8,4808.0,4758.0,5240.4,4287.6,42375,73538,4765.8,1,4766.0,3,4766.2,3,4766.4,4,4767.0,1,4767.8,4,4768.0,2,4768.2,1,4768.4,2,4768.6,1,4767.4
IM2408,,13:44:14.300#,4777.8,4808.0,4758.0,5240.4,4287.6,42375,73538,4765.8,1,4766.0,3,4766.2,3,4766.4,4,4767.0,2,4767.4,1,4767.8,4,4768.0,2,4768.2,1,4768.4,2,4767.4
IM2408,,13:44:14.800#,4777.8,4808.0,4758.0,5240.4,4287.6,42378,73540,4766.0,3,4766.2,3,4766.4,4,4767.0,3,4767.4,1,4767.8,2,4768.0,2,4768.2,1,4768.4,2,4768.6,1,4767.8
IM2408,,13:44:15.300#,4777.8,4808.0,4758.0,5240.4,4287.6,42378,73540,4766.2,3,4766.4,4,4767.0,3,4767.4,1,4767.6,2,4767.8,2,4768.0,2,4768.2,1,4768.4,2,4768.6,1,4767.8
IM2408,,13:44:15.800#,4777.8,4808.0,4758.0,5240.4,4287.6,42378,73540,4766.0,3,4766.2,3,4766.4,4,4767.0,3,4767.4,1,4767.8,3,4768.0,2,4768.2,1,4768.4,2,4768.6,1,4767.8
IM2408,,13:44:16.300#,4777.8,4808.0,4758.0,5240.4,4287.6,42379,73541,4765.8,1,4766.0,3,4766.2,3,4766.4,4,4767.0,3,4767.8,3,4768.0,2,4768.2,1,4768.4,2,4768.6,1,4767.4
IM2408,,13:44:16.800#,4777.8,4808.0,4758.0,5240.4,4287.6,42379,73541,4765.8,1,4766.0,3,4766.2,3,4766.4,3,4767.0,3,4767.8,3,4768.0,2,4768.2,1,4768.4,2,4768.6,1,4767.4
IM2408,,13:44:19.300#,4777.8,4808.0,4758.0,5240.4,4287.6,42380,73541,4765.8,1,4766.0,3,4766.2,3,4766.4,3,4767.0,2,4767.8,3,4768.0,2,4768.2,1,4768.4,2,4768.6,1,4767.0
IM2408,,13:44:20.300#,4777.8,4808.0,4758.0,5240.4,4287.6,42380,73541,4765.8,1,4766.0,3,4766.2,3,4766.4,3,4767.0,2,4767.8,4,4768.0,2,4768.2,1,4768.4,2,4768.6,1,4767.0
IM2408,,13:44:20.800#,4777.8,4808.0,4758.0,5240.4,4287.6,42382,73541,4765.6,4,4765.8,1,4766.0,3,4766.2,3,4766.4,3,4767.8,4,4768.0,2,4768.2,1,4768.4,2,4768.6,1,4767.0
IM2408,,13:44:21.300#,4777.8,4808.0,4758.0,5240.4,4287.6,42382,73541,4765.8,1,4766.0,3,4766.2,3,4766.4,3,4766.6,2,4767.6,2,4767.8,4,4768.0,2,4768.2,1,4768.4,2,4767.0
IM2408,,13:44:21.800#,4777.8,4808.0,4758.0,5240.4,4287.6,42383,73541,4765.8,1,4766.0,3,4766.2,3,4766.4,3,4766.6,2,4767.8,5,4768.0,2,4768.2,1,4768.4,2,4768.6,1,4767.6
IM2408,,13:44:24.800#,4777.8,4808.0,4758.0,5240.4,4287.6,42385,73541,4765.8,1,4766.0,3,4766.2,3,4766.4,3,4766.6,2,4767.8,3,4768.0,2,4768.2,1,4768.4,2,4768.6,1,4767.8
IM2408,,13:44:25.300#,4777.8,4808.0,4758.0,5240.4,4287.6,42385,73541,4766.2,3,4766.4,4,4766.6,2,4766.8,1,4767.0,1,4767.8,3,4768.0,2,4768.2,1,4768.4,2,4768.6,1,4767.8
IM2408,,13:44:25.800#,4777.8,4808.0,4758.0,5240.4,4287.6,42385,73541,4766.0,3,4766.2,3,4766.4,4,4766.6,2,4766.8,1,4767.8,3,4768.0,2,4768.2,1,4768.4,2,4768.6,1,4767.8
IM2408,,13:44:26.800#,4777.8,4808.0,4758.0,5240.4,4287.6,42386,73541,4766.0,3,4766.2,3,4766.4,4,4766.6,2,4766.8,1,4767.8,2,4768.0,2,4768.2,1,4768.4,2,4768.6,1,4767.8
IM2408,,13:44:27.300#,4777.8,4808.0,4758.0,5240.4,4287.6,42386,73541,4766.2,3,4766.4,4,4766.6,2,4766.8,1,4767.0,1,4767.8,2,4768.0,2,4768.2,1,4768.4,2,4768.6,1,4767.8
IM2408,,13:44:27.800#,4777.8,4808.0,4758.0,5240.4,4287.6,42386,73541,4766.0,5,4766.2,3,4766.4,4,4766.6,2,4766.8,1,4767.4,1,4767.8,3,4768.0,2,4768.2,1,4768.4,2,4767.8
IM2408,,13:44:28.300#,4777.8,4808.0,4758.0,5240.4,4287.6,42386,73541,4765.8,1,4766.0,5,4766.2,3,4766.4,4,4766.8,1,4767.4,1,4767.8,3,4768.0,2,4768.2,1,4768.4,2,4767.8
IM2408,,13:44:29.300#,4777.8,4808.0,4758.0,5240.4,4287.6,42386,73541,4766.0,5,4766.2,3,4766.4,4,4766.6,1,4766.8,1,4767.4,1,4767.8,3,4768.2,1,4768.4,2,4768.6,1,4767.8
IM2408,,13:44:30.300#,4777.8,4808.0,4758.0,5240.4,4287.6,42386,73541,4766.0,5,4766.2,3,4766.4,4,4766.6,1,4766.8,2,4767.4,1,4767.8,3,4768.2,1,4768.4,2,4768.6,1,4767.8
IM2408,,13:44:30.800#,4777.8,4808.0,4758.0,5240.4,4287.6,42387,73542,4766.0,5,4766.2,3,4766.4,4,4766.6,1,4766.8,2,4767.8,3,4768.2,1,4768.4,2,4768.6,1,4768.8,2,4767.4
IM2408,,13:44:31.300#,4777.8,4808.0,4758.0,5240.4,4287.6,42387,73542,4766.0,5,4766.2,3,4766.4,4,4766.6,1,4766.8,2,4767.8,4,4768.2,1,4768.4,2,4768.6,1,4768.8,2,4767.4
IM2408,,13:44:31.800#,4777.8,4808.0,4758.0,5240.4,4287.6,42387,73542,4766.0,5,4766.2,3,4766.4,4,4766.6,1,4766.8,2,4767.4,1,4767.8,4,4768.2,1,4768.4,2,4768.6,1,4767.4
IM2408,,13:44:33.300#,4777.8,4808.0,4758.0,5240.4,4287.6,42389,73543,4765.8,1,4766.0,5,4766.2,3,4766.4,4,4766.6,1,4766.8,2,4767.4,1,4767.8,4,4768.2,1,4768.4,2,4766.8
IM2408,,13:44:33.800#,4777.8,4808.0,4758.0,5240.4,4287.6,42392,73546,4765.6,4,4765.8,1,4766.0,5,4766.2,3,4766.4,4,4767.8,4,4768.2,1,4768.4,2,4768.6,1,4768.8,2,4766.6
IM2408,,13:44:34.300#,4777.8,4808.0,4758.0,5240.4,4287.6,42392,73546,4765.6,4,4765.8,1,4766.0,5,4766.2,3,4766.4,4,4767.4,1,4767.6,1,4767.8,5,4768.2,1,4768.4,2,4766.6
IM2408,,13:44:34.800#,4777.8,4808.0,4758.0,5240.4,4287.6,42392,73546,4765.8,1,4766.0,4,4766.2,3,4766.4,4,4766.6,1,4767.0,1,4767.6,1,4767.8,5,4768.2,1,4768.4,2,4766.6
IM2408,,13:44:35.300#,4777.8,4808.0,4758.0,5240.4,4287.6,42392,73546,4765.6,4,4765.8,1,4766.0,4,4766.2,3,4766.4,4,4767.0,1,4767.6,1,4767.8,5,4768.2,1,4768.4,2,4766.6
IM2408,,13:44:35.800#,4777.8,4808.0,4758.0,5240.4,4287.6,42392,73546,4765.6,4,4765.8,1,4766.0,4,4766.2,3,4766.4,6,4767.0,1,4767.6,1,4767.8,5,4768.2,1,4768.4,2,4766.6
IM2408,,13:44:36.300#,4777.8,4808.0,4758.0,5240.4,4287.6,42392,73546,4765.6,4,4765.8,1,4766.0,4,4766.2,3,4766.4,6,4766.8,1,4767.0,1,4767.6,1,4767.8,5,4768.2,1,4766.6
IM2408,,13:44:36.800#,4777.8,4808.0,4758.0,5240.4,4287.6,42392,73546,4765.6,4,4765.8,1,4766.0,4,4766.2,3,4766.4,6,4766.8,1,4767.6,1,4767.8,5,4768.2,1,4768.4,2,4766.6
IM2408,,13:44:37.300#,4777.8,4808.0,4758.0,5240.4,4287.6,42393,73546,4765.6,4,4765.8,1,4766.0,4,4766.2,3,4766.4,6,4767.6,2,4767.8,5,4768.2,1,4768.4,2,4768.6,1,4766.8
IM2408,,13:44:37.800#,4777.8,4808.0,4758.0,5240.4,4287.6,42393,73546,4765.8,1,4766.0,4,4766.2,3,4766.4,6,4766.8,1,4767.4,2,4767.6,4,4767.8,4,4768.2,1,4768.4,2,4766.8
IM2408,,13:44:38.300#,4777.8,4808.0,4758.0,5240.4,4287.6,42393,73546,4765.8,1,4766.0,4,4766.2,3,4766.4,6,4766.8,1,4767.0,1,4767.4,1,4767.6,4,4767.8,4,4768.2,1,4766.8
IM2408,,13:44:38.800#,4777.8,4808.0,4758.0,5240.4,4287.6,42394,73546,4765.6,4,4765.8,1,4766.0,4,4766.2,3,4766.4,6,4767.0,1,4767.6,4,4767.8,4,4768.2,1,4768.4,2,4766.8
IM2408,,13:44:39.300#,4777.8,4808.0,4758.0,5240.4,4287.6,42395,73545,4765.6,4,4765.8,1,4766.0,4,4766.2,3,4766.4,6,4767.6,4,4767.8,4,4768.2,1,4768.4,2,4768.6,1,4767.0
IM2408,,13:44:39.800#,4777.8,4808.0,4758.0,5240.4,4287.6,42395,73545,4765.6,4,4765.8,1,4766.0,3,4766.2,3,4766.4,6,4767.4,1,4767.6,4,4767.8,4,4768.2,1,4768.4,2,4767.0
IM2408,,13:44:40.300#,4777.8,4808.0,4758.0,5240.4,4287.6,42395,73545,4765.6,4,4765.8,1,4766.0,3,4766.2,3,4766.4,6,4767.6,4,4767.8,4,4768.2,1,4768.4,2,4768.6,1,4767.0
IM2408,,13:44:40.800#,4777.8,4808.0,4758.0,5240.4,4287.6,42395,73545,4765.8,1,4766.0,3,4766.2,3,4766.4,6,4766.6,1,4767.6,4,4767.8,4,4768.2,1,4768.4,2,4768.6,1,4767.0
IM2408,,13:44:41.300#,4777.8,4808.0,4758.0,5240.4,4287.6,42395,73545,4765.8,1,4766.0,3,4766.2,3,4766.4,6,4766.6,1,4767.6,3,4767.8,4,4768.2,1,4768.4,2,4768.6,1,4767.0
IM2408,,13:44:41.800#,4777.8,4808.0,4758.0,5240.4,4287.6,42395,73545,4765.8,1,4766.0,3,4766.2,3,4766.4,6,4766.6,2,4767.6,3,4767.8,4,4768.2,1,4768.4,2,4768.6,1,4767.0
IM2408,,13:44:43.300#,4777.8,4808.0,4758.0,5240.4,4287.6,42395,73545,4765.8,1,4766.0,3,4766.2,3,4766.4,6,4766.6,2,4767.6,2,4767.8,4,4768.2,1,4768.4,2,4768.6,1,4767.0
IM2408,,13:44:45.800#,4777.8,4808.0,4758.0,5240.4,4287.6,42395,73545,4765.8,1,4766.0,3,4766.2,3,4766.4,6,4766.6,2,4767.6,2,4767.8,4,4768.2,2,4768.4,2,4768.6,1,4767.0
IM2408,,13:44:46.300#,4777.8,4808.0,4758.0,5240.4,4287.6,42395,73545,4765.8,1,4766.0,3,4766.2,3,4766.4,6,4766.6,2,4767.4,1,4767.6,2,4767.8,4,4768.2,2,4768.4,2,4767.0
IM2408,,13:44:46.800#,4777.8,4808.0,4758.0,5240.4,4287.6,42395,73545,4766.0,3,4766.2,3,4766.4,6,4766.6,2,4767.2,1,4767.6,1,4767.8,4,4768.2,2,4768.4,2,4768.6,1,4767.0
IM2408,,13:44:47.300#,4777.8,4808.0,4758.0,5240.4,4287.6,42396,73545,4765.8,1,4766.0,3,4766.2,3,4766.4,6,4766.6,2,4767.6,1,4767.8,4,4768.2,2,4768.4,2,4768.6,1,4767.2
IM2408,,13:44:47.800#,4777.8,4808.0,4758.0,5240.4,4287.6,42396,73545,4766.0,3,4766.2,3,4766.4,6,4766.6,2,4766.8,1,4767.6,1,4767.8,4,4768.2,2,4768.4,2,4768.6,1,4767.2
IM2408,,13:44:48.300#,4777.8,4808.0,4758.0,5240.4,4287.6,42396,73545,4766.0,3,4766.2,3,4766.4,6,4766.6,2,4767.0,1,4767.6,1,4767.8,4,4768.2,2,4768.4,2,4768.6,1,4767.2
IM2408,,13:44:50.300#,4777.8,4808.0,4758.0,5240.4,4287.6,42397,73546,4766.0,3,4766.2,3,4766.4,6,4766.6,2,4767.0,1,4767.8,4,4768.2,2,4768.4,2,4768.6,1,4768.8,2,4767.6
IM2408,,13:44:50.800#,4777.8,4808.0,4758.0,5240.4,4287.6,42397,73546,4766.2,3,4766.4,6,4766.6,2,4767.0,1,4767.6,1,4767.8,4,4768.2,2,4768.4,2,4768.6,1,4768.8,2,4767.6
IM2408,,13:44:51.300#,4777.8,4808.0,4758.0,5240.4,4287.6,42398,73546,4766.0,3,4766.2,3,4766.4,6,4766.6,2,4767.0,1,4767.8,4,4768.2,2,4768.4,2,4768.6,1,4768.8,2,4767.6
IM2408,,13:44:51.800#,4777.8,4808.0,4758.0,5240.4,4287.6,42402,73547,4766.0,3,4766.2,3,4766.4,6,4766.6,2,4767.0,1,4768.2,2,4768.4,2,4768.6,1,4768.8,2,4769.0,6,4767.8
IM2408,,13:44:52.300#,4777.8,4808.0,4758.0,5240.4,4287.6,42402,73547,4766.2,3,4766.4,6,4766.6,2,4767.0,1,4767.2,1,4768.2,2,4768.4,2,4768.6,1,4768.8,2,4769.0,6,4767.8
IM2408,,13:44:52.800#,4777.8,4808.0,4758.0,5240.4,4287.6,42402,73547,4766.4,6,4766.6,2,4767.0,1,4767.2,1,4767.4,1,4768.2,2,4768.4,2,4768.6,1,4769.0,6,4769.2,1,4767.8
IM2408,,13:44:53.300#,4777.8,4808.0,4758.0,5240.4,4287.6,42402,73547,4766.6,2,4767.0,1,4767.2,1,4767.4,1,4767.8,2,4768.2,2,4768.4,2,4768.6,1,4769.0,6,4769.2,1,4767.8
IM2408,,13:44:53.800#,4777.8,4808.0,4758.0,5240.4,4287.6,42406,73549,4766.6,2,4767.0,2,4767.2,1,4767.4,1,4767.8,2,4768.6,1,4769.0,6,4769.2,1,4769.4,4,4769.6,1,4768.4
IM2408,,13:44:54.300#,4777.8,4808.0,4758.0,5240.4,4287.6,42407,73549,4766.6,2,4767.0,1,4767.2,3,4767.8,2,4768.0,1,4769.0,6,4769.2,1,4769.4,4,4769.6,1,4769.8,1,4768.6
IM2408,,13:44:54.800#,4777.8,4808.0,4758.0,5240.4,4287.6,42408,73549,4766.6,2,4767.0,1,4767.2,3,4767.8,2,4768.0,1,4769.0,6,4769.2,1,4769.4,4,4769.6,1,4769.8,1,4768.2
IM2408,,13:44:55.300#,4777.8,4808.0,4758.0,5240.4,4287.6,42408,73549,4766.6,2,4767.0,1,4767.2,3,4767.8,2,4768.0,1,4768.8,1,4769.0,6,4769.2,1,4769.4,4,4769.6,1,4768.2
IM2408,,13:44:55.800#,4777.8,4808.0,4758.0,5240.4,4287.6,42408,73549,4766.6,2,4767.0,1,4767.2,3,4767.8,2,4768.0,1,4769.0,6,4769.2,1,4769.4,4,4769.6,1,4769.8,1,4768.2
IM2408,,13:44:57.300#,4777.8,4808.0,4758.0,5240.4,4287.6,42408,73549,4766.6,2,4767.0,1,4767.2,3,4767.8,3,4768.0,1,4769.0,6,4769.2,1,4769.4,4,4769.6,1,4769.8,1,4768.2
IM2408,,13:44:57.800#,4777.8,4808.0,4758.0,5240.4,4287.6,42408,73549,4766.6,2,4767.0,1,4767.2,3,4767.8,3,4768.0,2,4769.0,6,4769.2,1,4769.4,4,4769.6,1,4769.8,1,4768.2
IM2408,,13:44:58.300#,4777.8,4808.0,4758.0,5240.4,4287.6,42408,73549,4767.0,1,4767.2,3,4767.8,3,4768.0,2,4768.2,1,4769.0,7,4769.2,1,4769.4,4,4769.6,1,4769.8,1,4768.2
IM2408,,13:44:58.800#,4777.8,4808.0,4758.0,5240.4,4287.6,42410,73549,4766.6,2,4767.0,1,4767.2,3,4767.8,3,4768.0,1,4769.0,7,4769.2,1,4769.4,4,4769.6,1,4769.8,1,4768.0
IM2408,,13:44:59.300#,4777.8,4808.0,4758.0,5240.4,4287.6,42412,73547,4766.4,7,4766.6,2,4767.0,1,4767.2,3,4767.8,3,4768.0,2,4768.8,2,4769.0,7,4769.2,2,4769.4,4,4768.0
IM2408,,13:44:59.800#,4777.8,4808.0,4758.0,5240.4,4287.6,42414,73546,4766.6,2,4767.0,1,4767.2,3,4767.8,3,4768.0,2,4768.8,1,4769.0,7,4769.2,2,4769.4,4,4769.6,1,4768.0
IM2408,,13:45:00.300#,4777.8,4808.0,4758.0,5240.4,4287.6,42414,73546,4766.6,2,4767.0,1,4767.2,3,4767.8,3,4768.0,2,4768.6,1,4768.8,2,4769.0,6,4769.2,2,4769.4,4,4768.0
IM2408,,13:45:00.800#,4777.8,4808.0,4758.0,5240.4,4287.6,42415,73545,4766.6,2,4767.0,1,4767.2,3,4767.8,3,4768.0,1,4768.8,2,4769.0,6,4769.2,2,4769.4,4,4769.6,1,4768.0
IM2408,,13:45:01.300#,4777.8,4808.0,4758.0,5240.4,4287.6,42419,73546,4766.4,7,4766.6,2,4767.0,1,4767.2,3,4767.8,2,4768.0,1,4768.8,3,4769.0,6,4769.2,2,4769.4,4,4767.8
IM2408,,13:45:01.800#,4777.8,4808.0,4758.0,5240.4,4287.6,42425,73548,4766.4,7,4766.6,2,4767.0,1,4767.2,3,4767.8,2,4768.0,2,4769.0,6,4769.2,2,4769.4,4,4769.6,1,4768.8
IM2408,,13:45:02.300#,4777.8,4808.0,4758.0,5240.4,4287.6,42428,73551,4766.4,7,4766.6,2,4767.0,1,4767.2,3,4767.8,2,4769.0,6,4769.2,2,4769.4,4,4769.6,1,4770.0,3,4768.0
IM2408,,13:45:02.800#,4777.8,4808.0,4758.0,5240.4,4287.6,42428,73551,4766.4,7,4766.6,2,4767.0,1,4767.2,3,4767.8,2,4768.8,5,4769.0,6,4769.2,2,4769.4,4,4769.6,1,4768.0
IM2408,,13:45:03.300#,4777.8,4808.0,4758.0,5240.4,4287.6,42429,73552,4766.4,7,4766.6,2,4767.0,1,4767.2,3,4767.8,2,4768.6,2,4768.8,5,4769.0,6,4769.2,2,4769.4,4,4767.8
IM2408,,13:45:03.800#,4777.8,4808.0,4758.0,5240.4,4287.6,42429,73552,4766.4,7,4766.6,2,4767.0,1,4767.2,3,4767.8,2,4768.4,1,4768.6,2,4768.8,3,4769.0,6,4769.2,2,4767.8
IM2408,,13:45:04.300#,4777.8,4808.0,4758.0,5240.4,4287.6,42431,73553,4766.2,3,4766.4,7,4766.6,2,4767.0,1,4767.2,3,4768.4,3,4768.6,2,4768.8,1,4769.0,6,4769.2,2,4767.8
IM2408,,13:45:04.800#,4777.8,4808.0,4758.0,5240.4,4287.6,42431,73553,4766.2,3,4766.4,7,4766.6,2,4767.0,1,4767.2,1,4768.2,2,4768.4,4,4768.6,1,4768.8,1,4769.0,6,4767.8
IM2408,,13:45:05.300#,4777.8,4808.0,4758.0,5240.4,4287.6,42431,73553,4766.0,4,4766.2,3,4766.4,7,4766.6,2,4767.0,2,4767.8,1,4768.0,2,4768.2,5,4768.4,3,4768.6,1,4767.8
IM2408,,13:45:05.800#,4777.8,4808.0,4758.0,5240.4,4287.6,42431,73553,4766.0,4,4766.2,3,4766.4,7,4766.6,2,4767.0,2,4767.2,1,4767.8,3,4768.0,1,4768.2,3,4768.4,1,4767.8
IM2408,,13:45:06.300#,4777.8,4808.0,4758.0,5240.4,4287.6,42433,73552,4766.0,4,4766.2,3,4766.4,7,4766.6,2,4767.0,2,4767.6,1,4767.8,3,4768.0,1,4768.2,2,4768.4,1,4767.2
IM2408,,13:45:06.800#,4777.8,4808.0,4758.0,5240.4,4287.6,42434,73551,4766.0,4,4766.2,3,4766.4,7,4766.6,2,4767.0,2,4767.8,2,4768.0,1,4768.2,3,4768.4,1,4768.6,3,4767.8
IM2408,,13:45:07.300#,4777.8,4808.0,4758.0,5240.4,4287.6,42434,73551,4766.0,4,4766.2,3,4766.4,7,4766.6,2,4767.0,2,4767.6,1,4767.8,1,4768.0,1,4768.2,3,4768.4,1,4767.8
IM2408,,13:45:08.800#,4777.8,4808.0,4758.0,5240.4,4287.6,42434,73551,4766.0,4,4766.2,3,4766.4,7,4766.6,2,4767.0,2,4767.6,1,4767.8,1,4768.0,1,4768.2,2,4768.4,1,4767.8
IM2408,,13:45:09.300#,4777.8,4808.0,4758.0,5240.4,4287.6,42434,73551,4766.0,4,4766.2,3,4766.4,7,4766.6,1,4767.0,2,4767.6,1,4767.8,1,4768.0,1,4768.2,2,4768.4,1,4767.8
IM2408,,13:45:09.800#,4777.8,4808.0,4758.0,5240.4,4287.6,42435,73552,4766.0,4,4766.2,3,4766.4,7,4766.6,1,4767.0,1,4767.6,1,4767.8,1,4768.0,1,4768.2,2,4768.4,1,4767.0
IM2408,,13:45:10.800#,4777.8,4808.0,4758.0,5240.4,4287.6,42435,73552,4766.0,4,4766.2,3,4766.4,7,4766.6,1,4767.0,2,4767.6,1,4767.8,1,4768.0,1,4768.2,2,4768.4,1,4767.0
IM2408,,13:45:11.300#,4777.8,4808.0,4758.0,5240.4,4287.6,42437,73552,4766.0,4,4766.2,3,4766.4,7,4766.6,1,4766.8,1,4767.6,1,4767.8,1,4768.0,1,4768.2,2,4768.4,1,4767.0
IM2408,,13:45:11.800#,4777.8,4808.0,4758.0,5240.4,4287.6,42438,73552,4765.6,4,4766.0,4,4766.2,3,4766.4,7,4766.6,1,4767.6,1,4767.8,1,4768.0,1,4768.2,2,4768.4,1,4766.8
IM2408,,13:45:12.300#,4777.8,4808.0,4758.0,5240.4,4287.6,42438,73552,4765.6,4,4766.0,4,4766.2,3,4766.4,7,4766.6,1,4767.4,5,4767.6,6,4767.8,1,4768.0,1,4768.2,2,4766.8
IM2408,,13:45:12.800#,4777.8,4808.0,4758.0,5240.4,4287.6,42439,73552,4765.4,1,4765.6,4,4766.0,4,4766.2,3,4766.4,6,4767.0,1,4767.4,7,4767.6,6,4767.8,1,4768.2,2,4766.6
IM2408,,13:45:13.300#,4777.8,4808.0,4758.0,5240.4,4287.6,42444,73554,4765.4,1,4765.6,4,4766.0,4,4766.2,3,4766.4,1,4766.6,1,4767.0,1,4767.2,1,4767.4,7,4767.6,6,4766.4
IM2408,,13:45:13.800#,4777.8,4808.0,4758.0,5240.4,4287.6,42451,73556,4765.0,42,4765.2,5,4765.4,1,4765.6,2,4766.0,1,4766.4,2,4766.6,1,4767.2,1,4767.4,6,4767.6,6,4766.0
IM2408,,13:45:14.300#,4777.8,4808.0,4758.0,5240.4,4287.6,42452,73556,4764.8,1,4765.0,42,4765.2,5,4765.4,1,4765.6,2,4766.4,2,4767.0,2,4767.2,1,4767.4,6,4767.6,6,4766.0
IM2408,,13:45:14.800#,4777.8,4808.0,4758.0,5240.4,4287.6,42453,73557,4764.8,1,4765.0,42,4765.2,5,4765.4,1,4765.6,2,4766.4,2,4767.0,2,4767.2,1,4767.4,6,4767.6,6,4766.0
IM2408,,13:45:15.300#,4777.8,4808.0,4758.0,5240.4,4287.6,42456,73555,4765.0,42,4765.2,5,4765.4,1,4765.6,2,4765.8,1,4767.0,2,4767.2,1,4767.4,5,4767.6,6,4767.8,1,4765.8
IM2408,,13:45:15.800#,4777.8,4808.0,4758.0,5240.4,4287.6,42456,73555,4765.0,42,4765.2,5,4765.4,1,4765.6,2,4765.8,2,4766.2,1,4767.2,1,4767.4,5,4767.6,6,4767.8,1,4765.8
IM2408,,13:45:16.300#,4777.8,4808.0,4758.0,5240.4,4287.6,42458,73555,4765.2,5,4765.4,1,4765.6,2,4765.8,2,4766.2,1,4767.2,1,4767.4,5,4767.6,6,4767.8,1,4768.2,2,4766.2
IM2408,,13:45:16.800#,4777.8,4808.0,4758.0,5240.4,4287.6,42458,73555,4765.2,5,4765.4,1,4765.6,2,4765.8,1,4766.0,1,4766.8,1,4767.0,2,4767.2,2,4767.4,5,4767.6,6,4766.2
IM2408,,13:45:17.300#,4777.8,4808.0,4758.0,5240.4,4287.6,42458,73555,4765.0,42,4765.2,5,4765.4,1,4765.6,2,4765.8,1,4766.8,1,4767.0,1,4767.2,2,4767.4,5,4767.6,6,4766.2
IM2408,,13:45:17.800#,4777.8,4808.0,4758.0,5240.4,4287.6,42458,73555,4765.2,5,4765.4,1,4765.6,2,4765.8,1,4766.2,1,4766.8,1,4767.0,1,4767.2,2,4767.4,5,4767.6,6,4766.2
IM2408,,13:45:18.300#,4777.8,4808.0,4758.0,5240.4,4287.6,42463,73558,4764.6,2,4764.8,1,4765.0,42,4765.2,5,4765.4,1,4766.8,1,4767.0,1,4767.2,2,4767.4,5,4767.6,6,4765.6
IM2408,,13:45:18.800#,4777.8,4808.0,4758.0,5240.4,4287.6,42463,73558,4764.6,2,4764.8,1,4765.0,42,4765.2,5,4765.4,1,4766.0,1,4766.6,2,4766.8,1,4767.0,1,4767.2,4,4765.6
IM2408,,13:45:19.300#,4777.8,4808.0,4758.0,5240.4,4287.6,42463,73558,4764.6,2,4764.8,1,4765.0,42,4765.2,3,4765.4,1,4766.0,1,4766.4,1,4766.6,1,4766.8,1,4767.0,1,4765.6
IM2408,,13:45:19.800#,4777.8,4808.0,4758.0,5240.4,4287.6,42465,73559,4764.4,2,4764.6,2,4764.8,1,4765.0,42,4765.2,3,4766.0,1,4766.4,1,4766.6,1,4767.0,1,4767.2,3,4765.4
IM2408,,13:45:20.300#,4777.8,4808.0,4758.0,5240.4,4287.6,42467,73558,4764.4,2,4764.6,2,4764.8,1,4765.0,42,4765.2,5,4766.4,1,4767.0,1,4767.2,3,4767.4,5,4767.6,5,4766.2
IM2408,,13:45:20.800#,4777.8,4808.0,4758.0,5240.4,4287.6,42467,73558,4764.8,1,4765.0,42,4765.2,4,4765.4,2,4765.6,1,4766.6,1,4767.0,1,4767.2,3,4767.4,5,4767.6,5,4766.2
IM2408,,13:45:21.300#,4777.8,4808.0,4758.0,5240.4,4287.6,42467,73558,4764.8,1,4765.0,42,4765.2,4,4765.4,1,4765.6,2,4766.8,1,4767.0,1,4767.2,3,4767.4,5,4767.6,5,4766.2
IM2408,,13:45:21.800#,4777.8,4808.0,4758.0,5240.4,4287.6,42468,73558,4764.6,2,4764.8,1,4765.0,42,4765.2,4,4765.6,2,4767.0,1,4767.2,3,4767.4,5,4767.6,5,4768.2,1,4765.8
IM2408,,13:45:22.300#,4777.8,4808.0,4758.0,5240.4,4287.6,42470,73556,4764.8,1,4765.0,42,4765.2,4,4765.6,1,4765.8,1,4766.8,3,4767.0,2,4767.2,2,4767.4,5,4767.6,5,4765.6
IM2408,,13:45:22.800#,4777.8,4808.0,4758.0,5240.4,4287.6,42470,73556,4764.4,2,4764.6,2,4764.8,1,4765.0,42,4765.2,4,4766.6,4,4766.8,3,4767.0,1,4767.2,2,4767.4,5,4765.6
IM2408,,13:45:23.300#,4777.8,4808.0,4758.0,5240.4,4287.6,42470,73556,4764.6,2,4764.8,1,4765.0,42,4765.2,3,4765.4,2,4766.4,1,4766.6,2,4766.8,1,4767.0,1,4767.2,2,4765.6
IM2408,,13:45:23.800#,4777.8,4808.0,4758.0,5240.4,4287.6,42470,73556,4764.6,2,4764.8,1,4765.0,42,4765.2,3,4765.4,5,4766.4,1,4766.6,2,4766.8,1,4767.2,2,4767.4,5,4765.6
IM2408,,13:45:24.300#,4777.8,4808.0,4758.0,5240.4,4287.6,42471,73556,4764.6,2,4764.8,1,4765.0,42,4765.2,3,4765.4,5,4766.4,1,4766.6,1,4766.8,1,4767.2,2,4767.4,3,4766.4
IM2408,,13:45:24.800#,4777.8,4808.0,4758.0,5240.4,4287.6,42472,73556,4764.8,1,4765.0,42,4765.2,3,4765.4,5,4765.6,1,4766.4,1,4766.6,1,4766.8,1,4767.2,2,4767.4,3,4765.6
IM2408,,13:45:25.300#,4777.8,4808.0,4758.0,5240.4,4287.6,42472,73556,4764.8,1,4765.0,42,4765.2,3,4765.4,5,4765.6,2,4766.4,2,4766.6,1,4766.8,1,4767.2,2,4767.4,3,4765.6
IM2408,,13:45:25.800#,4777.8,4808.0,4758.0,5240.4,4287.6,42472,73556,4764.8,1,4765.0,42,4765.2,3,4765.4,5,4765.6,2,4766.4,1,4766.6,1,4766.8,1,4767.2,2,4767.4,3,4765.6
IM2408,,13:45:27.300#,4777.8,4808.0,4758.0,5240.4,4287.6,42475,73557,4764.6,2,4764.8,1,4765.0,42,4765.2,3,4765.4,5,4766.4,1,4766.6,1,4766.8,1,4767.2,2,4767.4,3,4765.6
IM2408,,13:45:27.800#,4777.8,4808.0,4758.0,5240.4,4287.6,42475,73557,4764.6,2,4764.8,1,4765.0,42,4765.2,3,4765.4,4,4766.4,2,4766.6,1,4766.8,1,4767.2,2,4767.4,3,4765.6
IM2408,,13:45:28.300#,4777.8,4808.0,4758.0,5240.4,4287.6,42475,73557,4764.6,2,4764.8,1,4765.0,42,4765.2,3,4765.4,4,4766.4,1,4766.6,1,4766.8,1,4767.2,2,4767.4,3,4765.6
IM2408,,13:45:28.800#,4777.8,4808.0,4758.0,5240.4,4287.6,42475,73557,4764.6,2,4764.8,1,4765.0,42,4765.2,3,4765.4,1,4766.4,1,4766.6,1,4766.8,1,4767.2,2,4767.4,3,4765.6
IM2408,,13:45:29.300#,4777.8,4808.0,4758.0,5240.4,4287.6,42475,73557,4764.6,2,4764.8,1,4765.0,42,4765.2,4,4765.4,1,4766.0,1,4766.2,3,4766.4,2,4766.6,1,4766.8,1,4765.6
IM2408,,13:45:29.800#,4777.8,4808.0,4758.0,5240.4,4287.6,42476,73556,4764.6,2,4764.8,1,4765.0,42,4765.2,4,4765.4,1,4766.2,2,4766.4,2,4766.6,1,4766.8,1,4767.2,2,4766.0
IM2408,,13:45:30.300#,4777.8,4808.0,4758.0,5240.4,4287.6,42477,73555,4764.4,2,4764.6,2,4764.8,1,4765.0,42,4765.2,4,4766.2,2,4766.4,2,4766.6,1,4766.8,1,4767.2,2,4765.4
IM2408,,13:45:30.800#,4777.8,4808.0,4758.0,5240.4,4287.6,42478,73555,4764.6,2,4764.8,1,4765.0,42,4765.2,3,4765.4,1,4766.4,2,4766.6,1,4766.8,1,4767.2,2,4767.4,3,4765.2
IM2408,,13:45:31.300#,4777.8,4808.0,4758.0,5240.4,4287.6,42478,73555,4764.6,2,4764.8,1,4765.0,42,4765.2,3,4765.4,1,4765.6,1,4765.8,2,4766.2,1,4766.4,2,4766.6,1,4765.2
IM2408,,13:45:31.800#,4777.8,4808.0,4758.0,5240.4,4287.6,42478,73555,4764.6,2,4764.8,1,4765.0,42,4765.2,3,4765.4,1,4765.6,1,4766.4,2,4766.6,1,4766.8,1,4767.2,2,4765.2
IM2408,,13:45:32.300#,4777.8,4808.0,4758.0,5240.4,4287.6,42481,73557,4764.6,2,4764.8,1,4765.0,42,4765.2,3,4765.6,1,4766.2,1,4766.4,2,4766.8,1,4767.2,2,4767.4,3,4765.6
IM2408,,13:45:32.800#,4777.8,4808.0,4758.0,5240.4,4287.6,42481,73557,4764.6,2,4764.8,1,4765.0,42,4765.2,3,4765.6,1,4766.4,2,4766.8,1,4767.2,2,4767.4,3,4767.6,5,4765.6
