InstrumentId,ExchangeId,Datetime,OpenPrice,HighestPrice,LowestPrice,UpperLimitPrice,LowerLimitPrice,Volume,OpenInterest,BidPrice5,BidVolume5,BidPrice4,BidVolume4,BidPrice3,BidVolume3,BidPrice2,BidVolume2,BidPrice1,BidVolume1,AskPrice1,AskVolume1,AskPrice2,AskVolume2,AskPrice3,AskVolume3,AskPrice4,AskVolume4,AskPrice5,AskVolume5,LastPrice
IM2409,,13:38:34.800#,4720.8,4759.0,4710.6,5189.0,4245.8,27787,104851,4717.6,2,4717.8,2,4718.0,1,4718.2,6,4718.6,1,4719.6,1,4719.8,3,4720.0,1,4720.6,1,4720.8,1,4719.0
IM2409,,13:38:35.800#,4720.8,4759.0,4710.6,5189.0,4245.8,27789,104850,4717.6,2,4717.8,2,4718.0,1,4718.2,6,4719.6,18,4719.8,3,4720.0,1,4720.4,1,4720.6,1,4720.8,1,4719.6
IM2409,,13:38:36.300#,4720.8,4759.0,4710.6,5189.0,4245.8,27807,104847,4717.4,4,4717.6,2,4717.8,2,4718.0,1,4718.2,6,4719.8,4,4720.0,1,4720.4,1,4720.6,1,4720.8,1,4719.6
IM2409,,13:38:36.800#,4720.8,4759.0,4710.6,5189.0,4245.8,27811,104848,4718.0,1,4718.2,6,4718.4,1,4718.6,1,4719.8,7,4720.4,1,4720.6,1,4720.8,1,4721.4,1,4721.6,1,4720.0
IM2409,,13:38:37.300#,4720.8,4759.0,4710.6,5189.0,4245.8,27818,104845,4717.8,2,4718.0,1,4718.2,6,4718.4,1,4718.6,1,4719.8,3,4720.2,1,4720.4,1,4720.6,1,4720.8,1,4719.8
IM2409,,13:38:37.800#,4720.8,4759.0,4710.6,5189.0,4245.8,27820,104843,4717.8,2,4718.0,1,4718.2,6,4718.4,1,4718.6,1,4720.4,1,4720.6,1,4720.8,1,4721.4,1,4721.6,1,4720.2
IM2409,,13:38:38.300#,4720.8,4759.0,4710.6,5189.0,4245.8,27820,104843,4718.0,1,4718.2,6,4718.6,2,4718.8,4,4719.0,1,4720.4,1,4720.6,1,4720.8,1,4721.4,1,4721.6,1,4720.2
IM2409,,13:38:38.800#,4720.8,4759.0,4710.6,5189.0,4245.8,27820,104843,4718.0,1,4718.2,6,4718.6,2,4718.8,4,4719.0,1,4720.4,1,4720.6,1,4721.4,1,4721.6,1,4722.0,1,4720.2
IM2409,,13:38:39.300#,4720.8,4759.0,4710.6,5189.0,4245.8,27820,104843,4718.0,1,4718.2,6,4718.6,2,4718.8,4,4719.2,1,4720.4,1,4720.6,1,4720.8,2,4721.4,1,4721.6,1,4720.2
IM2409,,13:38:39.800#,4720.8,4759.0,4710.6,5189.0,4245.8,27820,104843,4718.0,1,4718.2,6,4718.6,2,4718.8,4,4719.4,1,4720.4,1,4720.6,1,4720.8,2,4721.4,1,4721.6,1,4720.2
IM2409,,13:38:40.300#,4720.8,4759.0,4710.6,5189.0,4245.8,27820,104843,4717.8,2,4718.0,1,4718.2,6,4718.6,2,4718.8,4,4720.4,1,4720.6,1,4720.8,2,4721.4,1,4721.6,1,4720.2
IM2409,,13:38:40.800#,4720.8,4759.0,4710.6,5189.0,4245.8,27820,104843,4718.2,6,4718.6,2,4718.8,4,4719.0,1,4719.2,1,4720.4,1,4720.6,1,4720.8,2,4721.4,1,4721.6,1,4720.2
IM2409,,13:38:41.300#,4720.8,4759.0,4710.6,5189.0,4245.8,27821,104843,4718.0,1,4718.2,6,4718.6,2,4718.8,2,4719.0,1,4719.8,1,4720.2,8,4720.4,5,4720.8,2,4721.4,1,4719.2
IM2409,,13:38:41.800#,4720.8,4759.0,4710.6,5189.0,4245.8,27822,104842,4717.6,2,4717.8,2,4718.0,1,4718.2,6,4718.6,2,4720.2,7,4720.4,5,4720.8,2,4721.4,1,4721.6,1,4719.0
IM2409,,13:38:42.300#,4720.8,4759.0,4710.6,5189.0,4245.8,27822,104842,4717.6,2,4717.8,2,4718.0,1,4718.2,6,4718.6,2,4720.0,2,4720.2,6,4720.4,5,4720.8,2,4721.4,1,4719.0
IM2409,,13:38:42.800#,4720.8,4759.0,4710.6,5189.0,4245.8,27822,104842,4717.8,2,4718.0,1,4718.2,6,4718.6,2,4718.8,1,4719.8,4,4720.0,2,4720.2,4,4720.4,5,4720.8,2,4719.0
IM2409,,13:38:43.300#,4720.8,4759.0,4710.6,5189.0,4245.8,27822,104842,4717.6,2,4717.8,2,4718.0,1,4718.2,6,4718.6,2,4719.8,4,4720.0,1,4720.2,2,4720.4,5,4720.8,2,4719.0
IM2409,,13:38:43.800#,4720.8,4759.0,4710.6,5189.0,4245.8,27822,104842,4717.8,2,4718.0,1,4718.2,6,4718.6,2,4719.0,1,4719.8,4,4720.0,1,4720.2,2,4720.4,5,4720.8,2,4719.0
IM2409,,13:38:44.300#,4720.8,4759.0,4710.6,5189.0,4245.8,27822,104842,4717.8,2,4718.0,1,4718.2,6,4718.6,2,4719.0,1,4719.8,3,4720.0,1,4720.2,2,4720.4,5,4720.8,2,4719.0
IM2409,,13:38:45.300#,4720.8,4759.0,4710.6,5189.0,4245.8,27822,104842,4718.0,1,4718.2,6,4718.6,2,4719.0,1,4719.2,1,4719.8,3,4720.0,1,4720.2,1,4720.4,5,4720.8,2,4719.0
IM2409,,13:38:45.800#,4720.8,4759.0,4710.6,5189.0,4245.8,27822,104842,4717.8,2,4718.0,1,4718.2,6,4718.6,2,4719.0,1,4720.2,1,4720.4,3,4720.8,2,4721.4,1,4721.6,1,4719.0
IM2409,,13:38:46.300#,4720.8,4759.0,4710.6,5189.0,4245.8,27822,104842,4717.8,2,4718.0,2,4718.2,6,4718.6,2,4719.0,1,4720.2,1,4720.4,3,4720.8,2,4721.4,1,4721.6,1,4719.0
IM2409,,13:38:46.800#,4720.8,4759.0,4710.6,5189.0,4245.8,27822,104842,4718.0,2,4718.2,6,4718.6,2,4719.0,1,4719.2,1,4720.2,1,4720.4,3,4720.8,2,4721.4,1,4721.6,1,4719.0
IM2409,,13:38:47.300#,4720.8,4759.0,4710.6,5189.0,4245.8,27822,104842,4717.8,2,4718.0,2,4718.2,6,4718.6,2,4719.0,1,4720.2,1,4720.4,3,4720.8,2,4721.4,1,4721.6,1,4719.0
IM2409,,13:38:47.800#,4720.8,4759.0,4710.6,5189.0,4245.8,27822,104842,4718.0,2,4718.2,6,4718.6,2,4719.0,1,4719.4,1,4720.2,1,4720.4,3,4720.8,2,4721.4,1,4721.6,1,4719.0
IM2409,,13:38:48.300#,4720.8,4759.0,4710.6,5189.0,4245.8,27822,104842,4717.8,2,4718.0,2,4718.2,6,4718.6,2,4719.0,1,4720.0,1,4720.2,1,4720.4,3,4720.8,2,4721.4,1,4719.0
IM2409,,13:38:48.800#,4720.8,4759.0,4710.6,5189.0,4245.8,27822,104842,4718.0,2,4718.2,6,4718.6,2,4719.0,1,4719.6,1,4720.0,1,4720.2,1,4720.4,3,4720.8,2,4721.4,1,4719.0
IM2409,,13:38:49.300#,4720.8,4759.0,4710.6,5189.0,4245.8,27822,104842,4717.8,2,4718.0,2,4718.2,6,4718.6,2,4719.0,1,4720.0,1,4720.2,1,4720.4,3,4720.8,2,4721.4,1,4719.0
IM2409,,13:38:50.300#,4720.8,4759.0,4710.6,5189.0,4245.8,27822,104842,4717.8,2,4718.0,2,4718.2,6,4718.6,2,4719.0,1,4720.0,2,4720.2,1,4720.4,3,4720.8,2,4721.4,1,4719.0
IM2409,,13:38:50.800#,4720.8,4759.0,4710.6,5189.0,4245.8,27822,104842,4718.0,2,4718.2,6,4718.6,2,4719.0,1,4719.2,1,4720.0,2,4720.2,1,4720.4,3,4720.8,2,4721.4,1,4719.0
IM2409,,13:38:51.300#,4720.8,4759.0,4710.6,5189.0,4245.8,27824,104842,4718.0,2,4718.2,6,4718.6,2,4719.0,1,4720.0,18,4720.2,1,4720.4,3,4720.8,2,4721.4,1,4721.6,1,4720.0
IM2409,,13:38:51.800#,4720.8,4759.0,4710.6,5189.0,4245.8,27825,104841,4718.0,2,4718.2,6,4718.6,2,4719.0,1,4720.0,17,4720.4,1,4720.8,2,4721.4,1,4721.6,1,4722.0,1,4720.0
IM2409,,13:38:52.300#,4720.8,4759.0,4710.6,5189.0,4245.8,27825,104841,4718.2,6,4718.6,2,4719.0,1,4719.4,1,4720.0,17,4720.8,2,4721.4,1,4721.6,1,4722.0,1,4722.8,2,4720.0
IM2409,,13:38:53.300#,4720.8,4759.0,4710.6,5189.0,4245.8,27825,104841,4718.8,1,4719.0,1,4719.4,1,4720.0,17,4720.2,1,4720.8,2,4721.4,1,4721.6,1,4722.0,1,4722.4,1,4720.0
IM2409,,13:38:53.800#,4720.8,4759.0,4710.6,5189.0,4245.8,27825,104841,4718.6,2,4718.8,1,4719.0,1,4719.4,1,4720.0,17,4720.8,2,4721.4,1,4721.6,1,4722.0,1,4722.4,1,4720.0
IM2409,,13:38:54.800#,4720.8,4759.0,4710.6,5189.0,4245.8,27825,104841,4718.8,1,4719.0,1,4719.4,1,4720.0,17,4720.2,1,4720.8,2,4721.4,1,4721.6,1,4722.0,1,4722.4,1,4720.0
IM2409,,13:38:55.300#,4720.8,4759.0,4710.6,5189.0,4245.8,27825,104841,4718.6,2,4718.8,1,4719.0,1,4719.4,1,4720.0,17,4720.8,2,4721.4,1,4721.6,1,4722.0,1,4722.4,1,4720.0
IM2409,,13:38:56.300#,4720.8,4759.0,4710.6,5189.0,4245.8,27825,104841,4718.6,2,4718.8,1,4719.0,1,4719.4,1,4720.0,17,4720.2,2,4720.8,2,4721.4,1,4721.6,1,4722.0,1,4720.0
IM2409,,13:38:56.800#,4720.8,4759.0,4710.6,5189.0,4245.8,27826,104841,4718.6,2,4718.8,1,4719.0,1,4719.4,1,4720.0,16,4720.2,2,4720.8,2,4721.4,1,4721.6,1,4722.0,1,4720.0
IM2409,,13:38:57.300#,4720.8,4759.0,4710.6,5189.0,4245.8,27829,104841,4718.6,2,4718.8,1,4719.0,1,4719.4,1,4720.0,15,4720.8,2,4721.4,1,4721.6,1,4722.0,1,4722.4,1,4720.0
IM2409,,13:38:57.800#,4720.8,4759.0,4710.6,5189.0,4245.8,27829,104841,4718.6,2,4718.8,1,4719.0,1,4719.4,1,4720.0,15,4720.6,1,4720.8,2,4721.4,1,4721.6,1,4722.0,1,4720.0
IM2409,,13:38:59.300#,4720.8,4759.0,4710.6,5189.0,4245.8,27830,104840,4718.6,2,4718.8,1,4719.0,1,4719.4,1,4720.0,14,4720.6,1,4720.8,2,4721.4,1,4721.6,1,4722.0,1,4720.0
IM2409,,13:38:59.800#,4720.8,4759.0,4710.6,5189.0,4245.8,27834,104840,4718.6,2,4718.8,1,4719.0,1,4719.4,1,4720.0,10,4720.6,1,4720.8,2,4721.4,1,4721.6,1,4722.0,1,4720.0
IM2409,,13:39:00.300#,4720.8,4759.0,4710.6,5189.0,4245.8,27834,104840,4718.6,2,4718.8,1,4719.0,1,4719.4,1,4720.0,10,4720.8,2,4721.4,1,4721.6,1,4722.0,1,4722.8,2,4720.0
IM2409,,13:39:00.800#,4720.8,4759.0,4710.6,5189.0,4245.8,27839,104840,4718.6,2,4718.8,1,4719.0,1,4719.4,1,4720.0,6,4720.8,2,4721.4,1,4721.6,1,4722.0,1,4722.8,2,4720.0
IM2409,,13:39:01.300#,4720.8,4759.0,4710.6,5189.0,4245.8,27839,104840,4718.8,1,4719.0,1,4719.4,1,4720.0,6,4720.2,1,4720.8,2,4721.4,1,4721.6,1,4722.0,1,4722.8,2,4720.0
IM2409,,13:39:01.800#,4720.8,4759.0,4710.6,5189.0,4245.8,27843,104840,4718.6,2,4718.8,1,4719.0,1,4719.4,1,4720.0,2,4720.8,2,4721.4,1,4721.6,1,4722.0,1,4722.8,2,4720.0
IM2409,,13:39:02.300#,4720.8,4759.0,4710.6,5189.0,4245.8,27845,104838,4718.2,6,4718.6,2,4718.8,1,4719.0,1,4719.4,1,4720.4,1,4720.6,3,4720.8,2,4721.4,1,4721.6,1,4720.0
IM2409,,13:39:03.300#,4720.8,4759.0,4710.6,5189.0,4245.8,27845,104838,4718.6,2,4718.8,1,4719.0,1,4719.4,1,4719.6,1,4720.4,1,4720.6,3,4720.8,2,4721.4,1,4721.6,1,4720.0
IM2409,,13:39:03.800#,4720.8,4759.0,4710.6,5189.0,4245.8,27845,104838,4718.2,6,4718.6,2,4718.8,1,4719.0,1,4719.4,1,4720.0,2,4720.4,1,4720.6,3,4720.8,2,4721.4,1,4720.0
IM2409,,13:39:05.800#,4720.8,4759.0,4710.6,5189.0,4245.8,27845,104838,4718.0,2,4718.2,6,4718.6,2,4719.0,1,4719.4,1,4720.0,2,4720.4,1,4720.6,3,4720.8,2,4721.4,1,4720.0
IM2409,,13:39:06.300#,4720.8,4759.0,4710.6,5189.0,4245.8,27846,104837,4718.0,2,4718.2,6,4718.6,2,4719.0,1,4719.4,1,4720.0,1,4720.4,1,4720.6,3,4720.8,2,4721.4,1,4720.0
IM2409,,13:39:06.800#,4720.8,4759.0,4710.6,5189.0,4245.8,27847,104837,4717.8,2,4718.0,2,4718.2,6,4718.6,2,4719.0,1,4720.0,1,4720.4,1,4720.6,3,4720.8,2,4721.4,1,4719.4
IM2409,,13:39:07.300#,4720.8,4759.0,4710.6,5189.0,4245.8,27847,104837,4717.8,2,4718.0,2,4718.2,6,4718.6,2,4719.0,1,4720.0,1,4720.6,3,4720.8,2,4721.4,1,4721.6,1,4719.4
IM2409,,13:39:07.800#,4720.8,4759.0,4710.6,5189.0,4245.8,27847,104837,4718.0,2,4718.2,6,4718.6,2,4719.0,1,4719.2,1,4720.0,1,4720.6,3,4720.8,2,4721.4,1,4721.6,1,4719.4
IM2409,,13:39:08.300#,4720.8,4759.0,4710.6,5189.0,4245.8,27847,104837,4717.8,2,4718.0,2,4718.2,6,4718.6,2,4719.0,1,4720.0,1,4720.6,3,4720.8,2,4721.4,1,4721.6,1,4719.4
IM2409,,13:39:08.800#,4720.8,4759.0,4710.6,5189.0,4245.8,27847,104837,4717.8,2,4718.0,2,4718.2,6,4718.6,2,4719.0,1,4719.2,3,4720.0,1,4720.6,3,4720.8,2,4721.4,1,4719.4
IM2409,,13:39:09.300#,4720.8,4759.0,4710.6,5189.0,4245.8,27850,104837,4717.8,2,4718.0,2,4718.2,6,4718.6,2,4719.0,1,4720.0,1,4720.6,3,4720.8,2,4721.4,1,4721.6,1,4719.2
IM2409,,13:39:11.300#,4720.8,4759.0,4710.6,5189.0,4245.8,27850,104837,4717.8,2,4718.0,2,4718.2,6,4718.6,2,4719.0,1,4719.8,2,4720.0,1,4720.6,1,4720.8,2,4721.4,1,4719.2
IM2409,,13:39:11.800#,4720.8,4759.0,4710.6,5189.0,4245.8,27851,104837,4717.6,2,4717.8,2,4718.0,2,4718.2,6,4718.6,2,4719.0,4,4719.8,2,4720.0,1,4720.6,1,4720.8,2,4719.0
IM2409,,13:39:12.300#,4720.8,4759.0,4710.6,5189.0,4245.8,27855,104840,4717.6,2,4717.8,2,4718.0,2,4718.2,6,4718.6,2,4719.8,2,4720.0,1,4720.6,1,4720.8,2,4721.4,1,4719.0
IM2409,,13:39:13.300#,4720.8,4759.0,4710.6,5189.0,4245.8,27855,104840,4717.6,2,4717.8,2,4718.0,2,4718.2,6,4718.6,2,4719.6,1,4719.8,2,4720.0,1,4720.6,1,4720.8,2,4719.0
IM2409,,13:39:13.800#,4720.8,4759.0,4710.6,5189.0,4245.8,27856,104840,4717.6,2,4717.8,2,4718.0,2,4718.2,6,4718.6,2,4719.6,1,4720.6,1,4720.8,2,4721.4,1,4721.6,1,4718.8
IM2409,,13:39:14.800#,4720.8,4759.0,4710.6,5189.0,4245.8,27856,104840,4717.6,2,4717.8,2,4718.0,2,4718.2,6,4718.6,2,4719.4,1,4720.6,1,4720.8,2,4721.4,1,4721.6,1,4718.8
IM2409,,13:39:15.300#,4720.8,4759.0,4710.6,5189.0,4245.8,27856,104840,4717.8,2,4718.0,2,4718.2,6,4718.6,2,4719.6,1,4720.6,1,4720.8,2,4721.4,1,4721.6,1,4722.0,1,4718.8
IM2409,,13:39:15.800#,4720.8,4759.0,4710.6,5189.0,4245.8,27857,104840,4717.8,2,4718.0,2,4718.2,6,4718.6,2,4718.8,1,4720.4,3,4720.6,3,4720.8,2,4721.4,1,4721.6,1,4719.4
IM2409,,13:39:16.300#,4720.8,4759.0,4710.6,5189.0,4245.8,27857,104840,4717.6,2,4717.8,2,4718.0,2,4718.2,6,4718.6,2,4719.4,1,4720.2,1,4720.4,3,4720.6,3,4720.8,2,4719.4
IM2409,,13:39:16.800#,4720.8,4759.0,4710.6,5189.0,4245.8,27858,104840,4717.8,2,4718.0,2,4718.2,6,4718.6,2,4718.8,1,4720.4,1,4720.6,3,4720.8,2,4721.4,1,4721.6,1,4719.4
IM2409,,13:39:17.300#,4720.8,4759.0,4710.6,5189.0,4245.8,27858,104840,4718.2,6,4718.6,2,4718.8,2,4719.0,2,4719.2,1,4720.4,1,4720.6,3,4720.8,2,4721.4,1,4721.6,1,4719.4
IM2409,,13:39:17.800#,4720.8,4759.0,4710.6,5189.0,4245.8,27860,104841,4718.2,6,4718.6,2,4718.8,2,4719.0,2,4719.2,1,4720.6,1,4720.8,2,4721.4,1,4721.6,1,4722.0,1,4720.4
IM2409,,13:39:18.300#,4720.8,4759.0,4710.6,5189.0,4245.8,27861,104842,4718.8,2,4719.0,1,4719.2,3,4719.4,1,4719.6,1,4720.8,2,4721.4,1,4721.6,1,4722.0,1,4722.8,2,4720.6
IM2409,,13:39:18.800#,4720.8,4759.0,4710.6,5189.0,4245.8,27865,104844,4718.6,2,4718.8,2,4719.2,3,4719.6,1,4719.8,1,4721.4,1,4721.6,1,4722.0,1,4722.8,2,4723.0,3,4720.0
IM2409,,13:39:19.300#,4720.8,4759.0,4710.6,5189.0,4245.8,27865,104844,4718.2,6,4718.6,2,4718.8,2,4719.2,3,4719.8,1,4721.2,1,4721.4,1,4721.6,1,4722.0,1,4722.8,2,4720.0
IM2409,,13:39:19.800#,4720.8,4759.0,4710.6,5189.0,4245.8,27865,104844,4718.2,6,4718.6,2,4718.8,2,4719.2,3,4719.8,1,4721.2,2,4721.4,1,4721.6,1,4722.0,1,4722.8,2,4720.0
IM2409,,13:39:20.300#,4720.8,4759.0,4710.6,5189.0,4245.8,27865,104844,4718.0,2,4718.2,6,4718.6,2,4718.8,1,4719.2,3,4720.4,1,4720.8,3,4721.2,1,4721.4,1,4721.6,1,4720.0
IM2409,,13:39:20.800#,4720.8,4759.0,4710.6,5189.0,4245.8,27865,104844,4718.0,2,4718.2,6,4718.6,2,4718.8,2,4719.2,2,4720.4,1,4720.8,1,4721.0,1,4721.2,1,4721.4,1,4720.0
IM2409,,13:39:21.300#,4720.8,4759.0,4710.6,5189.0,4245.8,27868,104841,4718.8,2,4719.2,2,4719.4,3,4719.6,2,4721.2,3,4721.4,1,4721.6,1,4722.0,1,4722.8,2,4723.0,3,4721.2
IM2409,,13:39:21.800#,4720.8,4759.0,4710.6,5189.0,4245.8,27871,104841,4718.2,6,4718.6,2,4718.8,2,4719.2,2,4720.4,1,4721.2,7,4721.4,1,4721.6,1,4722.0,1,4722.8,2,4721.2
IM2409,,13:39:22.300#,4720.8,4759.0,4710.6,5189.0,4245.8,27872,104842,4718.0,2,4718.2,6,4718.6,2,4718.8,2,4719.2,2,4721.0,2,4721.2,6,4721.4,1,4721.6,1,4722.0,1,4720.4
IM2409,,13:39:22.800#,4720.8,4759.0,4710.6,5189.0,4245.8,27872,104842,4718.2,6,4718.6,2,4718.8,2,4719.2,2,4719.4,1,4721.0,4,4721.2,4,4721.4,1,4721.6,1,4722.0,1,4720.4
IM2409,,13:39:23.300#,4720.8,4759.0,4710.6,5189.0,4245.8,27872,104842,4718.2,6,4718.6,2,4718.8,2,4719.2,2,4719.4,1,4720.8,1,4721.0,4,4721.2,3,4721.4,1,4721.6,2,4720.4
IM2409,,13:39:23.800#,4720.8,4759.0,4710.6,5189.0,4245.8,27872,104842,4718.2,6,4718.6,2,4718.8,2,4719.2,2,4719.4,1,4720.6,1,4720.8,2,4721.0,2,4721.2,2,4721.4,1,4720.4
IM2409,,13:39:24.300#,4720.8,4759.0,4710.6,5189.0,4245.8,27872,104842,4718.2,6,4718.6,2,4718.8,2,4719.2,2,4719.4,1,4720.6,1,4720.8,1,4721.0,2,4721.2,2,4721.4,1,4720.4
IM2409,,13:39:25.300#,4720.8,4759.0,4710.6,5189.0,4245.8,27872,104842,4718.2,6,4718.6,2,4718.8,3,4719.2,2,4719.4,1,4720.6,1,4720.8,1,4721.0,2,4721.2,2,4721.4,1,4720.4
IM2409,,13:39:25.800#,4720.8,4759.0,4710.6,5189.0,4245.8,27872,104842,4718.0,2,4718.2,6,4718.6,2,4718.8,3,4719.2,2,4720.8,1,4721.0,2,4721.2,2,4721.4,1,4721.6,2,4720.4
IM2409,,13:39:26.300#,4720.8,4759.0,4710.6,5189.0,4245.8,27872,104842,4718.0,2,4718.2,6,4718.6,2,4718.8,3,4719.2,2,4720.4,1,4720.6,1,4720.8,1,4721.0,2,4721.2,2,4720.4
IM2409,,13:39:26.800#,4720.8,4759.0,4710.6,5189.0,4245.8,27872,104842,4718.0,2,4718.2,6,4718.6,2,4718.8,3,4719.2,3,4720.6,1,4720.8,1,4721.0,1,4721.2,2,4721.4,1,4720.4
IM2409,,13:39:27.300#,4720.8,4759.0,4710.6,5189.0,4245.8,27872,104842,4718.2,6,4718.6,2,4718.8,3,4719.2,3,4719.4,1,4720.6,1,4720.8,1,4721.0,1,4721.2,2,4721.4,1,4720.4
IM2409,,13:39:27.800#,4720.8,4759.0,4710.6,5189.0,4245.8,27872,104842,4718.2,6,4718.6,2,4718.8,3,4719.2,3,4719.4,1,4720.4,2,4720.6,1,4721.0,1,4721.2,3,4721.4,2,4720.4
IM2409,,13:39:28.300#,4720.8,4759.0,4710.6,5189.0,4245.8,27872,104842,4718.2,6,4718.6,2,4718.8,3,4719.2,3,4719.8,1,4720.4,2,4720.6,1,4721.0,1,4721.2,3,4721.4,2,4720.4
IM2409,,13:39:28.800#,4720.8,4759.0,4710.6,5189.0,4245.8,27873,104842,4718.2,6,4718.6,2,4718.8,3,4719.2,3,4719.8,1,4720.4,1,4720.6,1,4721.0,1,4721.2,3,4721.4,2,4720.4
IM2409,,13:39:29.300#,4720.8,4759.0,4710.6,5189.0,4245.8,27874,104843,4718.2,6,4718.6,2,4718.8,3,4719.2,3,4719.8,1,4720.6,1,4721.0,1,4721.2,3,4721.4,2,4721.6,1,4720.4
IM2409,,13:39:30.800#,4720.8,4759.0,4710.6,5189.0,4245.8,27874,104843,4718.6,2,4718.8,3,4719.2,3,4719.8,1,4720.2,1,4720.6,1,4721.0,1,4721.2,3,4721.4,2,4721.6,1,4720.4
IM2409,,13:39:31.300#,4720.8,4759.0,4710.6,5189.0,4245.8,27874,104843,4718.2,6,4718.6,2,4718.8,3,4719.2,3,4719.8,1,4720.6,1,4721.0,1,4721.2,3,4721.4,2,4721.6,1,4720.4
IM2409,,13:39:31.800#,4720.8,4759.0,4710.6,5189.0,4245.8,27874,104843,4718.2,6,4718.6,2,4718.8,3,4719.2,3,4719.8,1,4720.6,1,4721.0,1,4721.2,2,4721.4,2,4721.6,1,4720.4
IM2409,,13:39:32.800#,4720.8,4759.0,4710.6,5189.0,4245.8,27874,104843,4718.2,6,4718.6,2,4718.8,3,4719.2,3,4719.8,1,4720.4,1,4720.6,1,4721.0,1,4721.2,2,4721.4,2,4720.4
IM2409,,13:39:33.300#,4720.8,4759.0,4710.6,5189.0,4245.8,27874,104843,4718.2,6,4718.6,2,4718.8,3,4719.2,3,4719.8,2,4720.6,1,4720.8,2,4721.0,1,4721.2,2,4721.4,2,4720.4
IM2409,,13:39:35.300#,4720.8,4759.0,4710.6,5189.0,4245.8,27875,104844,4718.6,2,4718.8,3,4719.2,3,4719.8,2,4720.6,9,4720.8,2,4721.0,1,4721.2,2,4721.4,2,4721.6,1,4720.6
IM2409,,13:39:35.800#,4720.8,4759.0,4710.6,5189.0,4245.8,27884,104853,4718.2,6,4718.6,2,4718.8,3,4719.2,3,4719.8,2,4720.6,3,4720.8,2,4721.0,1,4721.2,2,4721.4,2,4720.6
IM2409,,13:39:36.300#,4720.8,4759.0,4710.6,5189.0,4245.8,27884,104853,4718.2,6,4718.6,2,4718.8,3,4719.2,3,4719.8,2,4720.6,4,4720.8,2,4721.0,1,4721.2,2,4721.4,2,4720.6
IM2409,,13:39:36.800#,4720.8,4759.0,4710.6,5189.0,4245.8,27886,104853,4718.2,6,4718.6,2,4718.8,3,4719.2,3,4719.8,2,4720.6,2,4720.8,2,4721.0,1,4721.2,2,4721.4,1,4720.6
IM2409,,13:39:37.300#,4720.8,4759.0,4710.6,5189.0,4245.8,27886,104853,4718.2,6,4718.6,2,4718.8,3,4719.2,3,4719.8,2,4720.6,1,4720.8,2,4721.0,1,4721.2,2,4721.4,1,4720.6
IM2409,,13:39:37.800#,4720.8,4759.0,4710.6,5189.0,4245.8,27887,104854,4718.2,6,4718.6,2,4718.8,3,4719.2,3,4719.8,2,4720.8,2,4721.0,2,4721.2,2,4721.4,1,4721.6,1,4720.6
IM2409,,13:39:38.300#,4720.8,4759.0,4710.6,5189.0,4245.8,27887,104854,4718.6,2,4718.8,3,4719.2,3,4719.8,2,4720.2,1,4720.8,2,4721.0,2,4721.2,2,4721.4,1,4721.6,1,4720.6
IM2409,,13:39:39.300#,4720.8,4759.0,4710.6,5189.0,4245.8,27887,104854,4718.8,3,4719.2,3,4719.8,2,4720.2,1,4720.4,1,4720.8,2,4721.0,2,4721.2,1,4721.4,1,4721.6,1,4720.6
IM2409,,13:39:39.800#,4720.8,4759.0,4710.6,5189.0,4245.8,27887,104854,4718.6,2,4718.8,3,4719.2,3,4719.8,2,4720.2,1,4720.8,2,4721.0,2,4721.2,1,4721.4,1,4721.6,1,4720.6
IM2409,,13:39:40.800#,4720.8,4759.0,4710.6,5189.0,4245.8,27887,104854,4718.6,2,4718.8,3,4719.2,3,4719.8,2,4720.2,1,4720.6,1,4720.8,2,4721.0,2,4721.2,1,4721.4,1,4720.6
IM2409,,13:39:41.300#,4720.8,4759.0,4710.6,5189.0,4245.8,27887,104854,4718.2,6,4718.6,2,4718.8,3,4719.2,3,4719.8,2,4720.6,2,4720.8,2,4721.0,2,4721.2,1,4721.4,1,4720.6
IM2409,,13:39:43.300#,4720.8,4759.0,4710.6,5189.0,4245.8,27889,104854,4718.6,2,4718.8,3,4719.2,3,4719.8,2,4720.6,2,4720.8,2,4721.0,2,4721.2,1,4721.4,1,4721.6,1,4720.6
IM2409,,13:39:43.800#,4720.8,4759.0,4710.6,5189.0,4245.8,27891,104854,4718.2,6,4718.6,2,4718.8,3,4719.2,3,4719.8,2,4720.8,2,4721.0,2,4721.2,1,4721.4,1,4721.6,1,4720.6
IM2409,,13:39:44.300#,4720.8,4759.0,4710.6,5189.0,4245.8,27891,104854,4718.6,2,4718.8,3,4719.2,3,4719.8,2,4720.0,1,4720.8,2,4721.0,2,4721.2,1,4721.4,1,4721.6,1,4720.6
IM2409,,13:39:44.800#,4720.8,4759.0,4710.6,5189.0,4245.8,27891,104854,4718.2,6,4718.6,2,4718.8,3,4719.2,3,4719.8,2,4720.6,1,4720.8,3,4721.0,2,4721.2,1,4721.4,1,4720.6
IM2409,,13:39:45.300#,4720.8,4759.0,4710.6,5189.0,4245.8,27891,104854,4718.2,6,4718.6,2,4718.8,3,4719.2,3,4719.8,2,4720.8,3,4721.0,2,4721.2,1,4721.4,1,4721.6,1,4720.6
IM2409,,13:39:45.800#,4720.8,4759.0,4710.6,5189.0,4245.8,27891,104854,4718.2,6,4718.6,2,4718.8,3,4719.2,3,4719.8,2,4720.6,1,4720.8,3,4721.0,2,4721.2,1,4721.4,1,4720.6
IM2409,,13:39:46.300#,4720.8,4759.0,4710.6,5189.0,4245.8,27891,104854,4718.6,2,4718.8,3,4719.2,2,4719.8,2,4720.0,1,4720.6,1,4720.8,3,4721.0,2,4721.2,1,4721.4,1,4720.6
IM2409,,13:39:46.800#,4720.8,4759.0,4710.6,5189.0,4245.8,27891,104854,4718.6,2,4718.8,3,4719.2,2,4719.8,2,4720.0,1,4720.8,3,4721.0,2,4721.2,1,4721.4,1,4721.6,1,4720.6
IM2409,,13:39:47.800#,4720.8,4759.0,4710.6,5189.0,4245.8,27891,104854,4718.6,2,4718.8,3,4719.2,2,4719.8,2,4720.0,5,4720.6,1,4720.8,3,4721.0,2,4721.2,1,4721.4,1,4720.6
IM2409,,13:39:48.300#,4720.8,4759.0,4710.6,5189.0,4245.8,27891,104854,4718.6,2,4718.8,3,4719.2,2,4719.8,2,4720.0,5,4720.8,3,4721.0,2,4721.2,1,4721.4,1,4721.6,1,4720.6
IM2409,,13:39:49.800#,4720.8,4759.0,4710.6,5189.0,4245.8,27891,104854,4718.6,2,4718.8,3,4719.2,2,4719.8,2,4720.0,5,4720.6,1,4720.8,3,4721.0,3,4721.2,1,4721.4,1,4720.6
IM2409,,13:39:50.300#,4720.8,4759.0,4710.6,5189.0,4245.8,27891,104854,4718.8,3,4719.2,2,4719.4,1,4719.8,2,4720.0,5,4720.6,1,4720.8,3,4721.0,3,4721.2,1,4721.4,1,4720.6
IM2409,,13:39:50.800#,4720.8,4759.0,4710.6,5189.0,4245.8,27891,104854,4719.2,2,4719.4,1,4719.8,2,4720.0,5,4720.2,1,4720.4,2,4720.6,1,4720.8,3,4721.0,3,4721.2,1,4720.6
IM2409,,13:39:51.300#,4720.8,4759.0,4710.6,5189.0,4245.8,27892,104854,4718.8,3,4719.2,2,4719.4,1,4719.8,2,4720.0,5,4720.4,2,4720.6,1,4720.8,3,4721.0,3,4721.2,1,4720.2
IM2409,,13:39:51.800#,4720.8,4759.0,4710.6,5189.0,4245.8,27898,104853,4718.6,2,4718.8,3,4719.2,2,4719.4,1,4719.8,1,4720.0,2,4720.2,1,4720.4,2,4720.8,3,4721.0,3,4719.8
IM2409,,13:39:52.300#,4720.8,4759.0,4710.6,5189.0,4245.8,27899,104854,4718.4,2,4718.6,2,4718.8,3,4719.2,2,4719.4,1,4720.0,2,4720.2,1,4720.8,3,4721.0,3,4721.2,1,4719.8
IM2409,,13:39:52.800#,4720.8,4759.0,4710.6,5189.0,4245.8,27900,104854,4718.2,6,4718.4,2,4718.6,2,4718.8,3,4719.2,2,4719.8,1,4720.0,2,4720.2,1,4720.8,3,4721.0,3,4719.4
IM2409,,13:39:53.300#,4720.8,4759.0,4710.6,5189.0,4245.8,27900,104854,4718.2,6,4718.4,2,4718.6,2,4718.8,3,4719.2,2,4720.2,1,4720.8,3,4721.0,3,4721.2,1,4721.4,1,4719.4
IM2409,,13:39:55.800#,4720.8,4759.0,4710.6,5189.0,4245.8,27900,104854,4718.2,6,4718.4,2,4718.6,2,4718.8,3,4719.2,2,4720.2,1,4720.8,3,4721.0,4,4721.2,1,4721.4,1,4719.4
IM2409,,13:39:57.800#,4720.8,4759.0,4710.6,5189.0,4245.8,27901,104853,4718.2,6,4718.4,2,4718.6,2,4718.8,3,4719.2,2,4720.2,1,4720.8,3,4721.0,4,4721.2,1,4721.4,1,4719.4
IM2409,,13:39:58.300#,4720.8,4759.0,4710.6,5189.0,4245.8,27902,104853,4718.2,6,4718.4,2,4718.6,2,4718.8,3,4719.2,2,4720.8,3,4721.0,4,4721.2,1,4721.4,1,4721.6,1,4720.2
IM2409,,13:39:58.800#,4720.8,4759.0,4710.6,5189.0,4245.8,27902,104853,4718.6,2,4718.8,3,4719.2,2,4719.4,1,4719.6,1,4720.6,2,4720.8,2,4721.0,4,4721.2,1,4721.4,1,4720.2
IM2409,,13:39:59.300#,4720.8,4759.0,4710.6,5189.0,4245.8,27902,104853,4718.6,2,4718.8,3,4719.2,2,4719.4,2,4719.6,1,4720.6,3,4720.8,2,4721.0,3,4721.2,1,4721.4,1,4720.2
IM2409,,13:39:59.800#,4720.8,4759.0,4710.6,5189.0,4245.8,27903,104854,4718.6,2,4718.8,3,4719.2,2,4719.4,1,4719.6,1,4720.6,3,4720.8,2,4721.0,3,4721.2,1,4721.4,1,4720.4
IM2409,,13:40:00.300#,4720.8,4759.0,4710.6,5189.0,4245.8,27904,104854,4718.4,2,4718.6,2,4718.8,3,4719.2,2,4719.4,1,4719.6,4,4720.6,2,4720.8,2,4721.0,3,4721.2,1,4719.6
IM2409,,13:40:00.800#,4720.8,4759.0,4710.6,5189.0,4245.8,27909,104854,4718.6,2,4718.8,3,4719.2,2,4719.4,1,4719.6,1,4720.6,1,4720.8,2,4721.0,3,4721.2,1,4721.4,1,4720.6
IM2409,,13:40:01.300#,4720.8,4759.0,4710.6,5189.0,4245.8,27909,104854,4718.4,2,4718.6,2,4718.8,3,4719.2,2,4719.4,1,4720.6,1,4720.8,2,4721.0,3,4721.2,1,4721.4,1,4720.6
IM2409,,13:40:01.800#,4720.8,4759.0,4710.6,5189.0,4245.8,27909,104854,4718.2,6,4718.4,2,4718.6,2,4718.8,3,4719.2,2,4720.2,5,4720.6,1,4720.8,2,4721.0,3,4721.2,1,4720.6
IM2409,,13:40:02.300#,4720.8,4759.0,4710.6,5189.0,4245.8,27909,104854,4718.4,2,4718.6,2,4718.8,3,4719.2,2,4719.6,1,4720.2,5,4720.6,1,4720.8,2,4721.0,2,4721.2,1,4720.6
IM2409,,13:40:02.800#,4720.8,4759.0,4710.6,5189.0,4245.8,27912,104854,4718.6,2,4718.8,3,4719.2,2,4719.4,1,4719.6,1,4720.2,2,4720.6,1,4720.8,2,4721.0,2,4721.2,1,4720.4
IM2409,,13:40:03.800#,4720.8,4759.0,4710.6,5189.0,4245.8,27915,104853,4718.4,2,4718.6,2,4718.8,3,4719.2,2,4719.4,1,4720.6,1,4720.8,2,4721.0,2,4721.2,1,4721.4,1,4719.6
IM2409,,13:40:04.300#,4720.8,4759.0,4710.6,5189.0,4245.8,27915,104853,4718.2,6,4718.4,2,4718.8,3,4719.2,2,4719.4,2,4720.6,1,4720.8,2,4721.0,2,4721.2,1,4721.4,1,4719.6
IM2409,,13:40:04.800#,4720.8,4759.0,4710.6,5189.0,4245.8,27916,104854,4718.4,2,4718.8,3,4719.2,2,4719.4,2,4720.6,2,4720.8,2,4721.0,2,4721.2,1,4721.4,1,4721.6,1,4720.6
IM2409,,13:40:05.300#,4720.8,4759.0,4710.6,5189.0,4245.8,27919,104853,4718.2,6,4718.4,2,4718.8,3,4719.2,2,4719.4,1,4720.6,2,4720.8,1,4721.0,2,4721.2,1,4721.4,1,4720.8
IM2409,,13:40:05.800#,4720.8,4759.0,4710.6,5189.0,4245.8,27919,104853,4718.2,6,4718.4,2,4718.8,3,4719.4,2,4719.6,5,4720.6,2,4720.8,1,4721.0,2,4721.2,1,4721.4,1,4720.8
IM2409,,13:40:06.300#,4720.8,4759.0,4710.6,5189.0,4245.8,27921,104854,4718.4,2,4718.8,3,4719.4,2,4719.6,6,4720.6,1,4720.8,1,4721.0,2,4721.2,1,4721.4,1,4721.6,1,4720.6
IM2409,,13:40:06.800#,4720.8,4759.0,4710.6,5189.0,4245.8,27923,104854,4718.2,6,4718.4,2,4718.8,3,4719.4,2,4719.6,3,4720.8,1,4721.0,2,4721.2,1,4721.6,1,4722.0,1,4719.6
IM2409,,13:40:07.300#,4720.8,4759.0,4710.6,5189.0,4245.8,27923,104854,4718.4,2,4718.8,3,4719.6,3,4719.8,4,4720.0,1,4720.8,1,4721.0,2,4721.2,1,4721.6,1,4722.0,1,4719.6
IM2409,,13:40:07.800#,4720.8,4759.0,4710.6,5189.0,4245.8,27924,104854,4718.4,2,4718.8,3,4719.6,3,4719.8,4,4720.0,1,4721.0,2,4721.2,1,4721.6,1,4722.0,1,4722.8,2,4720.8
IM2409,,13:40:08.300#,4720.8,4759.0,4710.6,5189.0,4245.8,27926,104856,4718.8,3,4719.0,1,4719.6,3,4719.8,4,4720.0,1,4721.2,1,4721.6,1,4722.0,1,4722.8,2,4723.0,5,4721.0
IM2409,,13:40:08.800#,4720.8,4759.0,4710.6,5189.0,4245.8,27927,104855,4718.8,3,4719.0,1,4719.6,3,4719.8,4,4720.0,1,4721.6,1,4722.0,1,4722.8,2,4723.0,5,4723.8,3,4721.2
IM2409,,13:40:09.300#,4720.8,4759.0,4710.6,5189.0,4245.8,27927,104855,4719.0,1,4719.6,4,4719.8,4,4720.0,1,4720.2,1,4721.6,1,4722.0,1,4722.8,2,4723.0,5,4723.8,3,4721.2
IM2409,,13:40:10.300#,4720.8,4759.0,4710.6,5189.0,4245.8,27927,104855,4719.0,1,4719.6,4,4719.8,5,4720.0,1,4720.2,1,4721.6,1,4722.0,1,4722.8,2,4723.0,5,4723.8,3,4721.2
IM2409,,13:40:10.800#,4720.8,4759.0,4710.6,5189.0,4245.8,27928,104854,4719.0,1,4719.6,4,4719.8,5,4720.0,1,4720.2,1,4722.0,1,4722.8,2,4723.0,5,4723.8,3,4724.0,4,4721.6
IM2409,,13:40:11.300#,4720.8,4759.0,4710.6,5189.0,4245.8,27928,104854,4719.6,4,4719.8,5,4720.0,1,4720.2,1,4720.4,1,4721.8,1,4722.0,1,4722.8,2,4723.0,5,4723.8,3,4721.6
IM2409,,13:40:11.800#,4720.8,4759.0,4710.6,5189.0,4245.8,27928,104854,4719.0,1,4719.6,4,4719.8,5,4720.0,1,4720.4,1,4721.8,1,4722.0,1,4722.8,2,4723.0,5,4723.8,3,4721.6
IM2409,,13:40:12.300#,4720.8,4759.0,4710.6,5189.0,4245.8,27928,104854,4718.8,3,4719.0,1,4719.6,4,4719.8,4,4720.0,1,4721.6,2,4722.0,1,4722.8,2,4723.0,5,4723.8,3,4721.6
IM2409,,13:40:12.800#,4720.8,4759.0,4710.6,5189.0,4245.8,27928,104854,4719.0,1,4719.6,4,4719.8,3,4720.0,2,4720.2,1,4721.6,1,4722.0,1,4722.8,2,4723.0,5,4723.8,3,4721.6
IM2409,,13:40:13.300#,4720.8,4759.0,4710.6,5189.0,4245.8,27928,104854,4719.0,1,4719.6,4,4719.8,3,4720.0,2,4720.2,2,4721.6,1,4722.0,1,4722.8,2,4723.0,5,4723.8,3,4721.6
IM2409,,13:40:13.800#,4720.8,4759.0,4710.6,5189.0,4245.8,27928,104854,4719.0,1,4719.6,4,4719.8,3,4720.0,2,4720.2,1,4721.6,1,4722.0,1,4722.8,2,4723.0,5,4723.8,3,4721.6
IM2409,,13:40:14.300#,4720.8,4759.0,4710.6,5189.0,4245.8,27929,104853,4719.0,1,4719.6,4,4719.8,3,4720.0,2,4720.2,1,4721.6,1,4722.0,1,4722.8,2,4723.0,5,4723.8,3,4721.6
IM2409,,13:40:14.800#,4720.8,4759.0,4710.6,5189.0,4245.8,27930,104852,4719.0,1,4719.6,4,4719.8,3,4720.0,1,4720.2,2,4721.2,1,4722.0,1,4722.8,2,4723.0,5,4723.8,3,4721.6
IM2409,,13:40:15.300#,4720.8,4759.0,4710.6,5189.0,4245.8,27931,104852,4719.0,1,4719.6,2,4719.8,3,4720.0,1,4720.2,1,4721.2,1,4721.4,1,4722.0,1,4722.8,2,4723.0,5,4720.4
IM2409,,13:40:15.800#,4720.8,4759.0,4710.6,5189.0,4245.8,27932,104852,4718.4,2,4718.8,3,4719.0,1,4719.6,1,4719.8,1,4720.8,1,4721.0,2,4721.2,1,4722.0,1,4722.8,2,4720.0
IM2409,,13:40:16.300#,4720.8,4759.0,4710.6,5189.0,4245.8,27935,104853,4718.2,6,4718.4,2,4718.8,3,4719.0,1,4719.6,1,4720.4,1,4720.6,2,4720.8,1,4721.0,4,4721.2,1,4719.8
IM2409,,13:40:16.800#,4720.8,4759.0,4710.6,5189.0,4245.8,27936,104853,4718.2,6,4718.4,2,4718.8,3,4719.0,1,4719.6,1,4720.2,1,4720.4,1,4720.8,2,4721.0,4,4721.2,1,4720.2
IM2409,,13:40:17.300#,4720.8,4759.0,4710.6,5189.0,4245.8,27936,104853,4718.2,6,4718.4,2,4718.8,3,4719.0,1,4719.6,1,4720.2,1,4721.0,3,4721.2,1,4721.4,1,4721.8,1,4720.2
IM2409,,13:40:17.800#,4720.8,4759.0,4710.6,5189.0,4245.8,27936,104853,4718.4,2,4718.8,3,4719.0,1,4719.6,1,4719.8,1,4720.2,1,4721.0,2,4721.2,1,4721.4,1,4721.8,1,4720.2
IM2409,,13:40:18.300#,4720.8,4759.0,4710.6,5189.0,4245.8,27936,104853,4718.2,6,4718.4,2,4718.8,3,4719.0,1,4719.8,1,4720.2,1,4721.0,2,4721.2,1,4721.4,1,4721.8,1,4720.2
IM2409,,13:40:18.800#,4720.8,4759.0,4710.6,5189.0,4245.8,27937,104852,4718.2,6,4718.4,2,4718.8,3,4719.0,1,4720.2,1,4721.0,2,4721.2,1,4721.4,1,4721.8,1,4722.0,1,4720.2
IM2409,,13:40:19.300#,4720.8,4759.0,4710.6,5189.0,4245.8,27937,104852,4718.4,2,4718.8,3,4719.0,1,4720.2,1,4720.4,1,4721.4,1,4721.8,1,4722.0,1,4722.8,2,4723.0,5,4720.2
IM2409,,13:40:19.800#,4720.8,4759.0,4710.6,5189.0,4245.8,27938,104853,4718.2,6,4718.4,2,4718.8,3,4719.0,1,4720.2,1,4721.4,1,4721.8,1,4722.0,1,4722.8,2,4723.0,5,4720.4
IM2409,,13:40:20.300#,4720.8,4759.0,4710.6,5189.0,4245.8,27939,104854,4718.0,2,4718.2,6,4718.4,2,4718.8,3,4719.0,1,4721.4,1,4721.8,1,4722.0,1,4722.8,2,4723.0,5,4720.2
IM2409,,13:40:20.800#,4720.8,4759.0,4710.6,5189.0,4245.8,27941,104853,4718.4,2,4718.8,3,4719.0,1,4719.2,3,4719.4,1,4721.2,3,4721.4,3,4721.8,1,4722.0,1,4722.8,2,4721.2
IM2409,,13:40:21.300#,4720.8,4759.0,4710.6,5189.0,4245.8,27942,104853,4718.2,6,4718.4,2,4718.8,3,4719.0,1,4719.2,2,4720.8,1,4721.0,3,4721.2,4,4721.4,4,4721.8,1,4719.4
IM2409,,13:40:21.800#,4720.8,4759.0,4710.6,5189.0,4245.8,27942,104853,4718.2,6,4718.4,2,4718.8,3,4719.0,1,4719.2,1,4720.4,1,4720.6,2,4720.8,2,4721.0,3,4721.2,2,4719.4
IM2409,,13:40:22.300#,4720.8,4759.0,4710.6,5189.0,4245.8,27942,104853,4718.0,2,4718.2,6,4718.4,2,4718.8,2,4719.0,1,4720.0,1,4720.4,1,4720.6,3,4720.8,1,4721.2,2,4719.4
IM2409,,13:40:22.800#,4720.8,4759.0,4710.6,5189.0,4245.8,27944,104853,4718.0,2,4718.2,6,4718.4,2,4718.8,2,4719.0,1,4720.0,1,4720.2,1,4720.4,2,4720.6,2,4720.8,1,4719.2
IM2409,,13:40:23.300#,4720.8,4759.0,4710.6,5189.0,4245.8,27945,104853,4717.8,1,4718.0,2,4718.2,6,4718.4,2,4718.8,2,4719.6,1,4719.8,2,4720.0,1,4720.2,1,4720.4,1,4719.0
IM2409,,13:40:24.300#,4720.8,4759.0,4710.6,5189.0,4245.8,27945,104853,4717.8,1,4718.0,2,4718.2,6,4718.4,2,4718.8,2,4719.6,1,4719.8,1,4720.0,1,4720.2,1,4720.4,1,4719.0
IM2409,,13:40:24.800#,4720.8,4759.0,4710.6,5189.0,4245.8,27945,104853,4718.0,2,4718.2,6,4718.4,2,4718.8,2,4719.0,1,4719.8,1,4720.2,1,4720.4,1,4720.6,2,4720.8,1,4719.0
IM2409,,13:40:25.300#,4720.8,4759.0,4710.6,5189.0,4245.8,27945,104853,4717.8,1,4718.0,2,4718.2,6,4718.4,2,4718.8,2,4719.8,1,4720.2,1,4720.4,1,4720.6,2,4720.8,1,4719.0
IM2409,,13:40:26.800#,4720.8,4759.0,4710.6,5189.0,4245.8,27945,104853,4718.0,2,4718.2,6,4718.4,2,4718.8,2,4719.0,1,4719.8,1,4720.2,1,4720.4,1,4720.6,2,4720.8,1,4719.0
IM2409,,13:40:28.300#,4720.8,4759.0,4710.6,5189.0,4245.8,27946,104854,4717.8,1,4718.0,2,4718.2,6,4718.4,2,4718.8,2,4719.8,1,4720.2,1,4720.6,2,4720.8,1,4721.2,1,4719.0
IM2409,,13:40:28.800#,4720.8,4759.0,4710.6,5189.0,4245.8,27946,104854,4718.2,6,4718.4,2,4718.8,2,4719.0,1,4719.8,1,4720.2,1,4720.6,2,4720.8,1,4721.2,1,4721.4,4,4719.0
IM2409,,13:40:29.300#,4720.8,4759.0,4710.6,5189.0,4245.8,27947,104854,4717.8,1,4718.0,3,4718.2,6,4718.4,2,4718.8,2,4719.8,1,4720.6,2,4720.8,1,4721.2,1,4721.4,3,4719.8
IM2409,,13:40:29.800#,4720.8,4759.0,4710.6,5189.0,4245.8,27947,104854,4718.0,3,4718.2,6,4718.4,2,4718.8,2,4719.0,1,4720.4,1,4720.6,2,4720.8,1,4721.2,1,4721.4,3,4719.8
IM2409,,13:40:30.300#,4720.8,4759.0,4710.6,5189.0,4245.8,27947,104854,4718.0,3,4718.2,6,4718.4,2,4718.8,2,4719.0,1,4720.2,1,4720.4,1,4720.6,2,4720.8,1,4721.2,1,4719.8
IM2409,,13:40:30.800#,4720.8,4759.0,4710.6,5189.0,4245.8,27947,104854,4718.0,3,4718.2,6,4718.4,2,4718.8,2,4719.8,1,4720.2,1,4720.4,1,4720.6,2,4720.8,1,4721.2,1,4719.8
IM2409,,13:40:31.300#,4720.8,4759.0,4710.6,5189.0,4245.8,27948,104855,4717.8,1,4718.0,3,4718.2,6,4718.4,2,4718.8,2,4720.2,1,4720.4,1,4720.6,2,4720.8,1,4721.2,1,4719.8
IM2409,,13:40:31.800#,4720.8,4759.0,4710.6,5189.0,4245.8,27948,104855,4718.0,3,4718.2,6,4718.4,2,4718.8,3,4719.2,1,4720.4,1,4720.6,1,4720.8,1,4721.2,1,4721.4,3,4719.8
IM2409,,13:40:32.300#,4720.8,4759.0,4710.6,5189.0,4245.8,27948,104855,4718.2,6,4718.4,2,4718.8,3,4719.0,1,4719.2,1,4720.4,1,4720.6,1,4720.8,1,4721.2,1,4721.4,3,4719.8
IM2409,,13:40:32.800#,4720.8,4759.0,4710.6,5189.0,4245.8,27948,104855,4718.0,3,4718.2,6,4718.4,2,4718.8,3,4719.2,1,4720.2,1,4720.4,1,4720.6,1,4720.8,1,4721.2,1,4719.8
IM2409,,13:40:33.300#,4720.8,4759.0,4710.6,5189.0,4245.8,27949,104855,4718.0,3,4718.2,6,4718.4,2,4718.8,3,4719.2,1,4720.4,1,4720.6,1,4720.8,1,4721.2,1,4721.4,3,4720.2
IM2409,,13:40:33.800#,4720.8,4759.0,4710.6,5189.0,4245.8,27949,104855,4718.0,3,4718.2,6,4718.4,2,4718.8,3,4719.2,1,4720.2,1,4720.4,1,4720.6,1,4720.8,1,4721.2,1,4720.2
IM2409,,13:40:35.300#,4720.8,4759.0,4710.6,5189.0,4245.8,27949,104855,4718.0,2,4718.2,6,4718.4,2,4718.8,3,4719.2,1,4720.2,1,4720.4,1,4720.6,1,4720.8,1,4721.2,1,4720.2
IM2409,,13:40:35.800#,4720.8,4759.0,4710.6,5189.0,4245.8,27949,104855,4718.2,6,4718.4,2,4718.8,3,4719.2,1,4719.4,1,4720.2,1,4720.4,1,4720.6,1,4720.8,1,4721.2,1,4720.2
IM2409,,13:40:36.300#,4720.8,4759.0,4710.6,5189.0,4245.8,27949,104855,4717.8,1,4718.0,6,4718.2,6,4718.4,2,4718.8,3,4720.2,1,4720.4,1,4720.6,1,4720.8,1,4721.2,1,4720.2
IM2409,,13:40:36.800#,4720.8,4759.0,4710.6,5189.0,4245.8,27950,104856,4718.0,6,4718.2,6,4718.4,2,4718.8,3,4719.0,1,4720.4,1,4720.6,1,4720.8,1,4721.2,1,4721.4,3,4720.2
IM2409,,13:40:37.300#,4720.8,4759.0,4710.6,5189.0,4245.8,27951,104856,4718.2,6,4718.4,2,4718.8,3,4719.0,1,4720.2,1,4720.4,1,4720.6,1,4720.8,1,4721.2,1,4721.4,3,4720.2
IM2409,,13:40:37.800#,4720.8,4759.0,4710.6,5189.0,4245.8,27952,104856,4717.8,1,4718.0,6,4718.2,6,4718.4,2,4718.8,3,4720.0,1,4720.2,1,4720.4,1,4720.6,1,4720.8,1,4720.2
IM2409,,13:40:38.300#,4720.8,4759.0,4710.6,5189.0,4245.8,27952,104856,4718.0,6,4718.2,6,4718.4,2,4718.8,3,4719.0,2,4720.2,2,4720.4,1,4720.6,1,4720.8,1,4721.2,1,4720.2
IM2409,,13:40:39.300#,4720.8,4759.0,4710.6,5189.0,4245.8,27952,104856,4718.0,6,4718.2,6,4718.4,2,4718.8,3,4719.0,1,4720.2,2,4720.4,1,4720.6,2,4720.8,1,4721.2,1,4720.2
IM2409,,13:40:40.300#,4720.8,4759.0,4710.6,5189.0,4245.8,27952,104856,4718.2,6,4718.4,2,4718.8,3,4719.0,1,4719.2,1,4720.2,2,4720.4,1,4720.6,2,4720.8,1,4721.2,1,4720.2
IM2409,,13:40:40.800#,4720.8,4759.0,4710.6,5189.0,4245.8,27952,104856,4718.0,6,4718.2,6,4718.4,2,4718.8,3,4719.0,1,4720.0,1,4720.2,2,4720.4,1,4720.6,2,4720.8,1,4720.2
IM2409,,13:40:41.300#,4720.8,4759.0,4710.6,5189.0,4245.8,27952,104856,4718.2,6,4718.4,2,4718.8,3,4719.0,1,4719.2,1,4719.8,1,4720.0,1,4720.2,2,4720.4,1,4720.6,2,4720.2
IM2409,,13:40:41.800#,4720.8,4759.0,4710.6,5189.0,4245.8,27952,104856,4718.0,6,4718.2,6,4718.4,2,4718.8,3,4719.0,1,4719.8,1,4720.2,2,4720.4,1,4720.6,1,4720.8,1,4720.2
IM2409,,13:40:42.300#,4720.8,4759.0,4710.6,5189.0,4245.8,27952,104856,4718.0,6,4718.2,6,4718.4,2,4718.8,3,4719.0,1,4720.0,1,4720.2,2,4720.4,1,4720.6,1,4720.8,1,4720.2
IM2409,,13:40:44.300#,4720.8,4759.0,4710.6,5189.0,4245.8,27952,104856,4718.0,6,4718.2,6,4718.4,2,4718.8,3,4719.0,1,4720.0,1,4720.2,2,4720.4,1,4720.6,1,4720.8,2,4720.2
IM2409,,13:40:44.800#,4720.8,4759.0,4710.6,5189.0,4245.8,27953,104857,4718.0,6,4718.2,6,4718.4,2,4718.8,3,4719.0,1,4720.0,1,4720.2,2,4720.4,1,4720.6,1,4720.8,2,4720.0
IM2409,,13:40:45.300#,4720.8,4759.0,4710.6,5189.0,4245.8,27953,104857,4718.0,6,4718.2,6,4718.4,2,4718.8,3,4719.0,1,4719.8,1,4720.0,1,4720.2,1,4720.4,1,4720.6,1,4720.0
IM2409,,13:40:45.800#,4720.8,4759.0,4710.6,5189.0,4245.8,27953,104857,4718.2,6,4718.4,2,4718.8,3,4719.0,1,4719.2,1,4720.0,1,4720.2,1,4720.4,1,4720.6,1,4720.8,2,4720.0
IM2409,,13:40:47.800#,4720.8,4759.0,4710.6,5189.0,4245.8,27953,104857,4718.0,6,4718.2,6,4718.4,2,4718.8,3,4719.0,1,4720.0,1,4720.2,1,4720.4,1,4720.6,1,4720.8,2,4720.0
IM2409,,13:40:48.800#,4720.8,4759.0,4710.6,5189.0,4245.8,27953,104857,4718.0,6,4718.2,6,4718.4,2,4718.8,2,4719.0,1,4720.0,1,4720.2,1,4720.4,1,4720.6,1,4720.8,2,4720.0
IM2409,,13:40:49.800#,4720.8,4759.0,4710.6,5189.0,4245.8,27953,104857,4718.2,6,4718.4,2,4718.8,2,4719.0,1,4719.2,1,4720.0,1,4720.2,1,4720.4,1,4720.6,1,4720.8,2,4720.0
IM2409,,13:40:50.800#,4720.8,4759.0,4710.6,5189.0,4245.8,27954,104856,4718.0,6,4718.2,6,4718.4,2,4718.8,2,4719.0,1,4720.2,1,4720.4,1,4720.6,1,4720.8,2,4721.0,1,4720.0
IM2409,,13:40:51.800#,4720.8,4759.0,4710.6,5189.0,4245.8,27954,104856,4718.2,6,4718.4,2,4718.8,2,4719.0,1,4719.4,2,4720.2,1,4720.4,1,4720.6,1,4720.8,1,4721.0,1,4720.0
IM2409,,13:40:52.300#,4720.8,4759.0,4710.6,5189.0,4245.8,27954,104856,4718.0,6,4718.2,6,4718.4,2,4718.8,2,4719.0,1,4720.2,1,4720.4,1,4720.6,1,4721.0,1,4721.2,1,4720.0
IM2409,,13:40:52.800#,4720.8,4759.0,4710.6,5189.0,4245.8,27956,104857,4718.0,6,4718.2,6,4718.4,2,4718.8,2,4719.0,2,4720.4,1,4720.6,1,4721.0,1,4721.2,1,4721.4,3,4720.2
IM2409,,13:40:53.300#,4720.8,4759.0,4710.6,5189.0,4245.8,27956,104857,4718.0,6,4718.2,6,4718.4,2,4718.8,2,4719.0,2,4719.2,2,4720.4,1,4720.6,1,4721.0,1,4721.2,1,4720.2
IM2409,,13:40:53.800#,4720.8,4759.0,4710.6,5189.0,4245.8,27959,104858,4718.0,6,4718.2,6,4718.4,2,4718.8,1,4719.0,2,4720.2,1,4720.4,1,4720.6,1,4721.0,1,4721.2,1,4719.2
IM2409,,13:40:54.300#,4720.8,4759.0,4710.6,5189.0,4245.8,27959,104858,4718.2,6,4718.4,2,4718.8,1,4719.0,2,4719.2,1,4720.4,1,4720.6,1,4721.0,1,4721.2,1,4721.4,3,4719.2
IM2409,,13:40:54.800#,4720.8,4759.0,4710.6,5189.0,4245.8,27959,104858,4718.4,2,4718.8,1,4719.0,2,4719.2,1,4719.4,1,4720.4,1,4720.6,1,4721.0,1,4721.2,1,4721.4,3,4719.2
IM2409,,13:40:57.800#,4720.8,4759.0,4710.6,5189.0,4245.8,27959,104858,4718.4,2,4718.8,1,4719.0,2,4719.2,1,4719.4,1,4720.4,1,4720.6,1,4721.0,2,4721.2,1,4721.4,3,4719.2
IM2409,,13:40:58.300#,4720.8,4759.0,4710.6,5189.0,4245.8,27959,104858,4718.0,6,4718.2,6,4718.4,2,4718.8,1,4719.0,2,4720.2,1,4720.4,1,4720.6,1,4721.0,2,4721.2,1,4719.2
IM2409,,13:40:58.800#,4720.8,4759.0,4710.6,5189.0,4245.8,27959,104858,4718.2,6,4718.4,2,4718.8,1,4719.0,2,4719.2,1,4720.4,1,4720.6,1,4721.0,2,4721.2,1,4721.4,3,4719.2
IM2409,,13:40:59.300#,4720.8,4759.0,4710.6,5189.0,4245.8,27959,104858,4718.4,2,4718.8,1,4719.0,2,4719.2,3,4719.4,1,4720.4,1,4720.6,1,4721.0,2,4721.2,1,4721.4,3,4719.2
IM2409,,13:40:59.800#,4720.8,4759.0,4710.6,5189.0,4245.8,27959,104858,4718.8,1,4719.0,2,4719.2,2,4719.4,1,4719.6,1,4720.2,1,4720.4,1,4720.6,1,4721.0,2,4721.2,1,4719.2
IM2409,,13:41:00.300#,4720.8,4759.0,4710.6,5189.0,4245.8,27959,104858,4718.4,2,4718.8,1,4719.0,2,4719.2,1,4719.4,1,4720.4,1,4720.6,1,4721.0,2,4721.2,1,4721.4,3,4719.2
IM2409,,13:41:01.300#,4720.8,4759.0,4710.6,5189.0,4245.8,27960,104858,4718.8,1,4719.0,2,4719.2,1,4719.4,1,4720.4,1,4720.6,1,4721.0,2,4721.2,1,4721.4,3,4721.8,1,4720.4
IM2409,,13:41:01.800#,4720.8,4759.0,4710.6,5189.0,4245.8,27961,104859,4718.4,2,4718.8,1,4719.0,2,4719.2,1,4719.4,1,4719.6,1,4721.0,2,4721.2,1,4721.4,3,4721.8,1,4720.4
IM2409,,13:41:02.300#,4720.8,4759.0,4710.6,5189.0,4245.8,27963,104859,4718.2,5,4718.4,2,4718.8,1,4719.0,1,4719.4,1,4721.0,2,4721.2,1,4721.4,3,4721.8,1,4722.0,2,4719.6
IM2409,,13:41:02.800#,4720.8,4759.0,4710.6,5189.0,4245.8,27963,104859,4718.2,5,4718.4,2,4718.8,1,4719.0,1,4719.4,1,4720.8,1,4721.0,3,4721.2,1,4721.4,3,4721.8,1,4719.6
IM2409,,13:41:03.300#,4720.8,4759.0,4710.6,5189.0,4245.8,27963,104859,4718.2,5,4718.4,2,4718.8,1,4719.0,1,4719.4,1,4720.2,1,4720.4,5,4720.6,1,4720.8,7,4721.0,3,4719.6
IM2409,,13:41:03.800#,4720.8,4759.0,4710.6,5189.0,4245.8,27963,104859,4718.2,5,4718.4,2,4718.8,1,4719.0,1,4719.4,1,4720.2,1,4720.4,5,4720.6,1,4720.8,6,4721.0,3,4719.6
IM2409,,13:41:04.300#,4720.8,4759.0,4710.6,5189.0,4245.8,27963,104859,4718.2,5,4718.4,2,4718.8,1,4719.0,3,4719.4,1,4720.2,1,4720.4,4,4720.8,6,4721.0,3,4721.2,1,4719.6
IM2409,,13:41:04.800#,4720.8,4759.0,4710.6,5189.0,4245.8,27964,104860,4718.2,5,4718.4,2,4718.8,1,4719.0,3,4719.2,1,4719.4,1,4720.2,1,4720.4,4,4720.8,6,4721.0,3,4719.4
IM2409,,13:41:05.300#,4720.8,4759.0,4710.6,5189.0,4245.8,27965,104860,4718.2,5,4718.4,2,4718.8,1,4719.0,3,4719.2,1,4720.4,4,4720.6,1,4720.8,3,4721.0,3,4721.2,1,4719.4
IM2409,,13:41:05.800#,4720.8,4759.0,4710.6,5189.0,4245.8,27966,104860,4718.0,6,4718.2,5,4718.4,2,4718.8,1,4719.0,3,4720.2,1,4720.4,4,4720.6,1,4720.8,3,4721.0,3,4719.2
IM2409,,13:41:06.300#,4720.8,4759.0,4710.6,5189.0,4245.8,27969,104860,4717.8,1,4718.0,6,4718.2,5,4718.4,2,4718.8,1,4719.8,1,4720.2,1,4720.4,4,4720.6,1,4720.8,3,4719.0
IM2409,,13:41:06.800#,4720.8,4759.0,4710.6,5189.0,4245.8,27969,104860,4718.0,6,4718.2,5,4718.4,2,4718.8,1,4719.0,1,4719.8,1,4720.2,1,4720.4,4,4720.6,1,4720.8,3,4719.0
IM2409,,13:41:07.300#,4720.8,4759.0,4710.6,5189.0,4245.8,27969,104860,4718.0,6,4718.2,5,4718.4,2,4718.8,1,4719.0,1,4719.8,1,4720.4,4,4720.6,1,4720.8,3,4721.0,3,4719.0
IM2409,,13:41:07.800#,4720.8,4759.0,4710.6,5189.0,4245.8,27969,104860,4718.2,5,4718.4,2,4718.8,1,4719.0,1,4719.2,1,4719.8,1,4720.0,1,4720.4,4,4720.6,1,4720.8,3,4719.0
IM2409,,13:41:08.300#,4720.8,4759.0,4710.6,5189.0,4245.8,27969,104860,4718.0,6,4718.2,5,4718.4,2,4718.8,1,4719.0,1,4719.8,1,4720.0,1,4720.4,4,4720.6,1,4720.8,3,4719.0
IM2409,,13:41:08.800#,4720.8,4759.0,4710.6,5189.0,4245.8,27969,104860,4718.0,6,4718.2,5,4718.4,2,4718.8,1,4719.0,1,4719.4,1,4719.6,1,4719.8,1,4720.0,1,4720.4,4,4719.0
IM2409,,13:41:09.800#,4720.8,4759.0,4710.6,5189.0,4245.8,27969,104860,4717.8,1,4718.0,6,4718.2,5,4718.4,2,4718.8,1,4720.0,1,4720.4,4,4720.6,1,4720.8,3,4721.0,3,4719.0
IM2409,,13:41:10.300#,4720.8,4759.0,4710.6,5189.0,4245.8,27969,104860,4717.8,1,4718.0,6,4718.2,5,4718.4,2,4718.8,1,4719.8,2,4720.0,1,4720.4,4,4720.6,1,4720.8,2,4719.0
IM2409,,13:41:10.800#,4720.8,4759.0,4710.6,5189.0,4245.8,27969,104860,4717.8,1,4718.0,6,4718.2,5,4718.4,2,4718.8,1,4719.4,1,4719.8,2,4720.0,1,4720.4,4,4720.6,1,4719.0
IM2409,,13:41:11.300#,4720.8,4759.0,4710.6,5189.0,4245.8,27969,104860,4717.8,1,4718.0,6,4718.2,5,4718.4,2,4718.8,1,4719.0,1,4719.4,1,4719.8,2,4720.0,1,4720.4,4,4719.0
IM2409,,13:41:11.800#,4720.8,4759.0,4710.6,5189.0,4245.8,27970,104861,4717.8,1,4718.0,6,4718.2,5,4718.4,2,4718.8,1,4719.8,2,4720.0,1,4720.4,4,4720.6,1,4720.8,2,4719.0
IM2409,,13:41:12.800#,4720.8,4759.0,4710.6,5189.0,4245.8,27971,104860,4717.6,6,4717.8,1,4718.0,6,4718.2,5,4718.4,2,4719.8,2,4720.0,1,4720.4,4,4720.6,1,4720.8,2,4718.8
IM2409,,13:41:13.800#,4720.8,4759.0,4710.6,5189.0,4245.8,27971,104860,4717.6,6,4717.8,1,4718.0,6,4718.2,5,4718.4,2,4719.6,1,4719.8,2,4720.0,1,4720.4,4,4720.6,1,4718.8
IM2409,,13:41:14.300#,4720.8,4759.0,4710.6,5189.0,4245.8,27971,104860,4717.8,1,4718.0,6,4718.2,5,4718.4,2,4718.6,1,4719.6,1,4719.8,2,4720.0,1,4720.4,4,4720.6,1,4718.8
IM2409,,13:41:14.800#,4720.8,4759.0,4710.6,5189.0,4245.8,27971,104860,4717.8,1,4718.0,6,4718.2,5,4718.4,2,4718.6,1,4719.8,2,4720.0,1,4720.4,4,4720.6,1,4720.8,2,4718.8
IM2409,,13:41:16.300#,4720.8,4759.0,4710.6,5189.0,4245.8,27972,104861,4717.6,6,4717.8,1,4718.0,6,4718.2,5,4718.4,2,4718.6,1,4719.8,2,4720.0,1,4720.4,4,4720.6,1,4718.6
IM2409,,13:41:16.800#,4720.8,4759.0,4710.6,5189.0,4245.8,27973,104862,4718.0,6,4718.2,5,4718.4,2,4718.6,4,4718.8,5,4719.8,1,4720.0,1,4720.4,4,4720.6,1,4720.8,1,4718.6
IM2409,,13:41:17.800#,4720.8,4759.0,4710.6,5189.0,4245.8,27973,104862,4718.2,5,4718.4,2,4718.6,3,4718.8,3,4719.0,2,4719.4,1,4720.0,1,4720.4,4,4720.6,1,4720.8,1,4718.6
IM2409,,13:41:18.300#,4720.8,4759.0,4710.6,5189.0,4245.8,27975,104861,4718.0,7,4718.2,5,4718.4,2,4718.6,2,4718.8,3,4720.0,1,4720.4,4,4720.6,1,4720.8,1,4721.0,3,4719.0
IM2409,,13:41:18.800#,4720.8,4759.0,4710.6,5189.0,4245.8,27976,104860,4718.0,7,4718.2,5,4718.4,2,4718.6,2,4718.8,2,4720.0,1,4720.4,4,4720.6,1,4720.8,1,4721.0,3,4718.8
IM2409,,13:41:19.800#,4720.8,4759.0,4710.6,5189.0,4245.8,27976,104860,4717.8,1,4718.0,7,4718.2,5,4718.4,2,4718.6,1,4720.0,1,4720.4,4,4720.6,1,4720.8,1,4721.0,3,4718.8
IM2409,,13:41:20.300#,4720.8,4759.0,4710.6,5189.0,4245.8,27976,104860,4718.0,7,4718.2,5,4718.4,2,4718.6,2,4718.8,1,4720.0,1,4720.4,4,4720.6,1,4720.8,1,4721.0,3,4718.8
IM2409,,13:41:20.800#,4720.8,4759.0,4710.6,5189.0,4245.8,27976,104860,4718.0,7,4718.2,5,4718.4,2,4718.6,2,4718.8,2,4720.0,1,4720.4,4,4720.6,1,4720.8,1,4721.0,3,4718.8
IM2409,,13:41:21.300#,4720.8,4759.0,4710.6,5189.0,4245.8,27976,104860,4718.0,7,4718.2,5,4718.4,2,4718.6,2,4718.8,1,4720.0,1,4720.4,4,4720.6,1,4720.8,1,4721.0,3,4718.8
IM2409,,13:41:21.800#,4720.8,4759.0,4710.6,5189.0,4245.8,27977,104860,4718.2,5,4718.4,2,4718.6,2,4718.8,1,4720.0,4,4720.4,4,4720.6,1,4720.8,1,4721.0,3,4721.2,1,4720.0
IM2409,,13:41:22.300#,4720.8,4759.0,4710.6,5189.0,4245.8,27981,104863,4718.0,7,4718.2,5,4718.4,2,4718.6,2,4718.8,1,4719.0,1,4720.4,4,4720.6,1,4720.8,1,4721.0,3,4720.0
IM2409,,13:41:22.800#,4720.8,4759.0,4710.6,5189.0,4245.8,27982,104863,4718.2,5,4718.4,2,4718.6,2,4718.8,1,4719.0,1,4720.2,1,4720.4,4,4720.6,1,4720.8,1,4721.0,3,4719.2
IM2409,,13:41:23.300#,4720.8,4759.0,4710.6,5189.0,4245.8,27982,104863,4718.2,5,4718.4,2,4718.6,2,4718.8,1,4719.0,3,4720.0,1,4720.4,4,4720.6,1,4720.8,1,4721.0,3,4719.2
IM2409,,13:41:23.800#,4720.8,4759.0,4710.6,5189.0,4245.8,27983,104864,4718.2,5,4718.4,2,4718.6,2,4718.8,1,4719.0,3,4720.4,4,4720.6,1,4720.8,1,4721.0,3,4721.2,1,4720.0
IM2409,,13:41:24.300#,4720.8,4759.0,4710.6,5189.0,4245.8,27988,104865,4718.2,5,4718.4,2,4718.6,2,4718.8,1,4719.0,3,4720.6,1,4720.8,1,4721.0,3,4721.2,1,4721.4,3,4720.4
IM2409,,13:41:24.800#,4720.8,4759.0,4710.6,5189.0,4245.8,27988,104865,4718.4,2,4718.6,2,4718.8,1,4719.0,4,4719.2,1,4720.0,1,4720.2,2,4720.4,1,4720.6,1,4721.0,3,4720.4
IM2409,,13:41:25.300#,4720.8,4759.0,4710.6,5189.0,4245.8,27988,104865,4718.4,2,4718.6,2,4718.8,1,4719.0,4,4719.2,1,4720.4,1,4720.6,1,4721.0,3,4721.2,1,4721.4,3,4720.4
IM2409,,13:41:25.800#,4720.8,4759.0,4710.6,5189.0,4245.8,27988,104865,4718.6,2,4718.8,1,4719.0,3,4719.2,1,4719.4,3,4720.4,1,4720.6,1,4721.0,3,4721.2,1,4721.4,3,4720.4
IM2409,,13:41:26.300#,4720.8,4759.0,4710.6,5189.0,4245.8,27988,104865,4718.8,1,4719.0,3,4719.2,1,4719.4,5,4719.6,1,4720.4,1,4720.6,1,4721.0,2,4721.2,1,4721.4,3,4720.4
IM2409,,13:41:26.800#,4720.8,4759.0,4710.6,5189.0,4245.8,27989,104866,4719.0,3,4719.2,1,4719.4,4,4719.6,1,4719.8,2,4720.6,1,4721.0,3,4721.2,1,4721.4,3,4721.8,1,4720.4
IM2409,,13:41:27.300#,4720.8,4759.0,4710.6,5189.0,4245.8,27990,104865,4719.4,3,4719.6,1,4719.8,1,4720.0,3,4720.2,1,4721.0,3,4721.4,2,4721.8,1,4722.0,4,4722.4,1,4720.6
IM2409,,13:41:27.800#,4720.8,4759.0,4710.6,5189.0,4245.8,27991,104866,4719.4,3,4719.6,1,4719.8,1,4720.0,3,4720.2,1,4721.0,3,4721.4,2,4721.8,1,4722.0,4,4722.4,1,4720.4
IM2409,,13:41:28.300#,4720.8,4759.0,4710.6,5189.0,4245.8,27993,104866,4719.0,3,4719.2,1,4719.4,3,4719.6,1,4719.8,1,4720.8,1,4721.0,3,4721.4,2,4721.8,1,4722.0,4,4720.0
IM2409,,13:41:28.800#,4720.8,4759.0,4710.6,5189.0,4245.8,27993,104866,4719.2,1,4719.4,3,4719.6,1,4719.8,2,4720.0,1,4721.0,3,4721.4,2,4721.8,1,4722.0,4,4722.4,1,4720.0
IM2409,,13:41:29.800#,4720.8,4759.0,4710.6,5189.0,4245.8,27993,104866,4719.2,1,4719.4,2,4719.6,1,4719.8,2,4720.0,1,4720.8,3,4721.0,3,4721.4,2,4721.8,1,4722.0,4,4720.0
IM2409,,13:41:30.300#,4720.8,4759.0,4710.6,5189.0,4245.8,27994,104867,4717.8,1,4718.0,7,4718.2,6,4719.0,3,4719.6,1,4720.8,4,4721.0,3,4721.4,2,4721.8,1,4722.0,4,4720.0
IM2409,,13:41:30.800#,4720.8,4759.0,4710.6,5189.0,4245.8,27994,104867,4718.0,7,4718.2,6,4718.4,1,4719.0,3,4719.6,1,4720.8,3,4721.0,3,4721.4,2,4721.8,1,4722.0,4,4720.0
IM2409,,13:41:31.300#,4720.8,4759.0,4710.6,5189.0,4245.8,27994,104867,4718.0,7,4718.2,6,4718.4,1,4719.0,3,4719.6,1,4720.6,1,4720.8,3,4721.0,3,4721.4,2,4721.8,1,4720.0
IM2409,,13:41:31.800#,4720.8,4759.0,4710.6,5189.0,4245.8,27994,104867,4718.0,7,4718.2,6,4718.4,1,4719.0,3,4719.6,1,4720.6,2,4720.8,2,4721.0,3,4721.2,1,4721.4,2,4720.0
IM2409,,13:41:32.300#,4720.8,4759.0,4710.6,5189.0,4245.8,27994,104867,4718.0,7,4718.2,6,4718.4,1,4719.0,3,4719.6,1,4720.4,1,4720.6,2,4720.8,1,4721.0,3,4721.2,1,4720.0
IM2409,,13:41:32.800#,4720.8,4759.0,4710.6,5189.0,4245.8,27994,104867,4718.0,7,4718.2,6,4718.4,1,4719.0,3,4719.6,1,4720.4,2,4720.6,1,4720.8,1,4721.0,3,4721.2,1,4720.0
IM2409,,13:41:33.300#,4720.8,4759.0,4710.6,5189.0,4245.8,27994,104867,4717.8,1,4718.0,7,4718.2,6,4718.4,1,4719.0,3,4720.4,2,4720.6,1,4720.8,1,4721.0,3,4721.2,1,4720.0
IM2409,,13:41:33.800#,4720.8,4759.0,4710.6,5189.0,4245.8,27995,104868,4718.0,7,4718.2,6,4718.4,1,4719.0,3,4719.2,1,4720.4,1,4720.6,1,4720.8,1,4721.0,3,4721.2,1,4720.4
IM2409,,13:41:34.300#,4720.8,4759.0,4710.6,5189.0,4245.8,27995,104868,4718.2,6,4718.4,1,4719.0,3,4719.2,1,4719.4,1,4719.6,1,4720.0,1,4720.4,1,4720.6,1,4720.8,1,4720.4
IM2409,,13:41:34.800#,4720.8,4759.0,4710.6,5189.0,4245.8,27997,104869,4718.0,7,4718.2,6,4718.4,1,4719.0,3,4719.2,1,4719.6,1,4720.2,1,4720.6,2,4720.8,1,4721.0,3,4719.6
IM2409,,13:41:35.300#,4720.8,4759.0,4710.6,5189.0,4245.8,27997,104869,4717.8,1,4718.0,7,4718.2,6,4718.4,1,4719.0,3,4719.4,1,4719.6,1,4720.4,1,4720.6,2,4720.8,1,4719.6
IM2409,,13:41:35.800#,4720.8,4759.0,4710.6,5189.0,4245.8,27997,104869,4717.6,6,4717.8,1,4718.0,7,4718.2,6,4719.0,3,4719.4,1,4720.2,1,4720.4,1,4720.6,2,4720.8,1,4719.6
IM2409,,13:41:36.300#,4720.8,4759.0,4710.6,5189.0,4245.8,27997,104869,4717.6,6,4717.8,1,4718.0,8,4718.2,6,4719.0,3,4719.4,1,4720.2,1,4720.4,1,4720.6,2,4720.8,1,4719.6
IM2409,,13:41:37.300#,4720.8,4759.0,4710.6,5189.0,4245.8,27998,104869,4717.6,6,4717.8,1,4718.0,8,4718.2,6,4719.0,3,4720.2,1,4720.4,1,4720.6,2,4720.8,1,4721.0,3,4719.4
IM2409,,13:41:37.800#,4720.8,4759.0,4710.6,5189.0,4245.8,27998,104869,4717.6,6,4717.8,1,4718.0,9,4718.2,6,4719.0,3,4720.0,2,4720.2,2,4720.4,1,4720.6,2,4721.0,3,4719.4
IM2409,,13:41:38.300#,4720.8,4759.0,4710.6,5189.0,4245.8,27998,104869,4717.6,6,4717.8,1,4718.0,9,4718.2,6,4719.0,3,4720.0,3,4720.2,2,4720.4,1,4720.6,2,4721.0,3,4719.4
IM2409,,13:41:38.800#,4720.8,4759.0,4710.6,5189.0,4245.8,27998,104869,4718.0,9,4718.2,6,4718.8,1,4719.0,3,4719.4,1,4720.0,2,4720.2,2,4720.4,1,4720.6,2,4721.0,3,4719.4
IM2409,,13:41:39.300#,4720.8,4759.0,4710.6,5189.0,4245.8,27999,104870,4718.0,9,4718.2,6,4718.8,1,4719.0,3,4719.4,1,4720.0,1,4720.2,2,4720.4,1,4720.6,2,4721.0,3,4720.0
IM2409,,13:41:39.800#,4720.8,4759.0,4710.6,5189.0,4245.8,27999,104870,4718.0,9,4718.2,6,4718.8,1,4719.0,3,4719.4,1,4720.2,1,4720.4,1,4720.6,2,4721.0,3,4721.4,2,4720.0
IM2409,,13:41:40.300#,4720.8,4759.0,4710.6,5189.0,4245.8,27999,104870,4718.2,6,4718.8,1,4719.0,3,4719.4,1,4719.6,1,4720.2,1,4720.4,1,4720.6,2,4721.0,3,4721.4,2,4720.0
IM2409,,13:41:40.800#,4720.8,4759.0,4710.6,5189.0,4245.8,27999,104870,4718.0,9,4718.2,6,4718.8,1,4719.0,3,4719.4,1,4720.2,1,4720.4,1,4720.6,2,4721.0,3,4721.4,2,4720.0
IM2409,,13:41:41.300#,4720.8,4759.0,4710.6,5189.0,4245.8,27999,104870,4718.0,9,4718.2,6,4718.8,1,4719.0,3,4719.4,1,4720.2,1,4720.6,2,4721.0,3,4721.4,2,4721.8,1,4720.0
IM2409,,13:41:42.300#,4720.8,4759.0,4710.6,5189.0,4245.8,27999,104870,4718.0,9,4718.2,7,4718.8,1,4719.0,3,4719.4,1,4720.2,1,4720.6,2,4721.0,3,4721.4,2,4721.8,1,4720.0
IM2409,,13:41:42.800#,4720.8,4759.0,4710.6,5189.0,4245.8,28000,104870,4718.2,7,4718.8,1,4719.0,3,4719.4,1,4720.2,1,4720.6,2,4721.0,3,4721.4,2,4721.8,1,4722.0,5,4720.2
IM2409,,13:41:43.300#,4720.8,4759.0,4710.6,5189.0,4245.8,28001,104870,4718.2,7,4718.4,1,4718.8,1,4719.0,3,4719.4,1,4720.2,1,4720.4,1,4720.6,2,4721.0,3,4721.4,2,4720.2
IM2409,,13:41:44.800#,4720.8,4759.0,4710.6,5189.0,4245.8,28001,104870,4718.2,7,4718.4,1,4718.8,1,4719.0,3,4719.4,1,4720.0,1,4720.2,1,4720.4,1,4720.6,2,4721.0,3,4720.2
IM2409,,13:41:45.800#,4720.8,4759.0,4710.6,5189.0,4245.8,28002,104870,4718.0,9,4718.2,7,4718.4,1,4718.8,1,4719.0,3,4720.0,1,4720.2,1,4720.4,2,4720.6,2,4721.0,3,4719.4
IM2409,,13:41:46.300#,4720.8,4759.0,4710.6,5189.0,4245.8,28003,104871,4718.2,7,4718.4,1,4718.8,1,4719.0,3,4719.2,1,4719.4,1,4720.2,1,4720.4,2,4720.6,2,4721.0,3,4720.0
IM2409,,13:41:46.800#,4720.8,4759.0,4710.6,5189.0,4245.8,28004,104872,4718.4,1,4718.8,1,4719.0,3,4719.2,1,4719.4,1,4720.2,2,4720.4,2,4720.6,2,4721.0,3,4721.4,2,4719.8
IM2409,,13:41:47.300#,4720.8,4759.0,4710.6,5189.0,4245.8,28004,104872,4718.8,1,4719.0,3,4719.2,1,4719.4,1,4719.6,1,4720.2,2,4720.4,1,4720.6,2,4721.0,3,4721.4,2,4719.8
IM2409,,13:41:47.800#,4720.8,4759.0,4710.6,5189.0,4245.8,28010,104872,4717.8,1,4718.0,9,4718.2,7,4718.4,1,4718.8,1,4720.2,2,4720.4,1,4720.6,2,4721.0,3,4721.4,2,4719.0
IM2409,,13:41:48.300#,4720.8,4759.0,4710.6,5189.0,4245.8,28010,104872,4718.0,9,4718.2,7,4718.4,1,4718.8,1,4719.2,1,4720.0,1,4720.2,2,4720.4,1,4720.6,2,4721.0,3,4719.0
IM2409,,13:41:49.300#,4720.8,4759.0,4710.6,5189.0,4245.8,28010,104872,4718.0,9,4718.2,7,4718.4,1,4718.8,1,4719.6,1,4720.0,1,4720.2,2,4720.4,1,4720.6,1,4721.0,3,4719.0
IM2409,,13:41:49.800#,4720.8,4759.0,4710.6,5189.0,4245.8,28011,104873,4717.8,1,4718.0,9,4718.2,7,4718.4,1,4718.8,1,4720.0,1,4720.2,2,4720.4,1,4720.6,1,4721.0,3,4719.6
IM2409,,13:41:50.300#,4720.8,4759.0,4710.6,5189.0,4245.8,28011,104873,4717.8,1,4718.0,9,4718.2,7,4718.4,1,4718.8,1,4719.2,1,4720.2,2,4720.4,1,4720.6,1,4721.0,3,4719.6
IM2409,,13:41:50.800#,4720.8,4759.0,4710.6,5189.0,4245.8,28012,104873,4718.0,9,4718.2,7,4718.4,1,4718.8,1,4719.0,1,4720.2,2,4720.4,1,4720.6,1,4720.8,1,4721.0,3,4719.2
IM2409,,13:41:51.300#,4720.8,4759.0,4710.6,5189.0,4245.8,28012,104873,4718.0,9,4718.2,7,4718.4,1,4718.8,1,4719.0,1,4720.0,1,4720.2,2,4720.4,1,4720.6,1,4720.8,1,4719.2
IM2409,,13:41:51.800#,4720.8,4759.0,4710.6,5189.0,4245.8,28012,104873,4717.8,1,4718.0,9,4718.2,7,4718.4,1,4718.8,1,4720.0,1,4720.2,2,4720.4,1,4720.6,1,4720.8,1,4719.2
IM2409,,13:41:52.300#,4720.8,4759.0,4710.6,5189.0,4245.8,28012,104873,4717.8,1,4718.0,9,4718.2,7,4718.4,1,4718.8,1,4720.0,2,4720.2,2,4720.4,1,4720.6,1,4720.8,1,4719.2
IM2409,,13:41:52.800#,4720.8,4759.0,4710.6,5189.0,4245.8,28012,104873,4718.2,7,4718.4,1,4718.8,1,4719.0,2,4719.2,2,4720.0,2,4720.2,2,4720.4,1,4720.6,1,4720.8,1,4719.2
IM2409,,13:41:53.300#,4720.8,4759.0,4710.6,5189.0,4245.8,28012,104873,4717.8,1,4718.0,9,4718.2,7,4718.4,1,4718.8,1,4719.8,1,4720.0,2,4720.2,2,4720.4,1,4720.6,1,4719.2
IM2409,,13:41:53.800#,4720.8,4759.0,4710.6,5189.0,4245.8,28012,104873,4717.6,6,4717.8,1,4718.0,9,4718.2,7,4718.8,1,4719.6,1,4719.8,2,4720.2,2,4720.4,1,4720.8,1,4719.2
IM2409,,13:41:54.300#,4720.8,4759.0,4710.6,5189.0,4245.8,28012,104873,4717.6,6,4717.8,1,4718.0,9,4718.2,7,4718.8,1,4719.6,1,4719.8,1,4720.2,2,4720.4,1,4720.8,1,4719.2
IM2409,,13:41:54.800#,4720.8,4759.0,4710.6,5189.0,4245.8,28012,104873,4717.6,6,4717.8,1,4718.0,9,4718.2,7,4718.8,1,4719.6,1,4720.0,1,4720.2,2,4720.4,1,4720.8,1,4719.2
IM2409,,13:41:55.300#,4720.8,4759.0,4710.6,5189.0,4245.8,28013,104874,4717.4,3,4717.6,6,4717.8,1,4718.0,9,4718.2,7,4720.0,1,4720.2,2,4720.4,1,4720.8,1,4721.0,3,4718.8
IM2409,,13:41:55.800#,4720.8,4759.0,4710.6,5189.0,4245.8,28013,104874,4717.8,1,4718.0,9,4718.2,7,4718.4,5,4719.0,1,4719.8,1,4720.0,1,4720.2,2,4720.4,1,4720.8,1,4718.8
IM2409,,13:41:56.300#,4720.8,4759.0,4710.6,5189.0,4245.8,28013,104874,4717.8,1,4718.0,9,4718.2,7,4718.4,1,4719.0,1,4719.8,3,4720.0,1,4720.2,2,4720.4,1,4720.8,1,4718.8
IM2409,,13:41:56.800#,4720.8,4759.0,4710.6,5189.0,4245.8,28013,104874,4717.8,1,4718.0,9,4718.2,7,4718.4,1,4719.0,1,4719.8,2,4720.0,1,4720.2,2,4720.4,1,4720.8,1,4718.8
IM2409,,13:41:57.800#,4720.8,4759.0,4710.6,5189.0,4245.8,28013,104874,4718.0,9,4718.2,7,4718.4,1,4719.0,1,4719.2,1,4720.0,1,4720.2,2,4720.4,1,4720.8,1,4721.0,3,4718.8
IM2409,,13:41:58.300#,4720.8,4759.0,4710.6,5189.0,4245.8,28013,104874,4717.8,1,4718.0,9,4718.2,7,4718.4,1,4719.0,1,4720.0,2,4720.2,2,4720.4,1,4720.8,1,4721.0,3,4718.8
IM2409,,13:41:59.300#,4720.8,4759.0,4710.6,5189.0,4245.8,28013,104874,4718.0,9,4718.2,7,4718.4,1,4718.8,1,4719.0,1,4720.0,2,4720.2,2,4720.4,1,4720.8,1,4721.0,3,4718.8
IM2409,,13:42:00.300#,4720.8,4759.0,4710.6,5189.0,4245.8,28014,104873,4717.8,1,4718.0,9,4718.2,7,4718.4,1,4718.8,1,4719.8,1,4720.0,2,4720.2,2,4720.4,1,4720.8,1,4718.8
IM2409,,13:42:00.800#,4720.8,4759.0,4710.6,5189.0,4245.8,28014,104873,4717.8,1,4718.0,9,4718.2,7,4718.4,1,4718.8,1,4719.6,1,4719.8,1,4720.0,2,4720.2,2,4720.4,1,4718.8
IM2409,,13:42:01.300#,4720.8,4759.0,4710.6,5189.0,4245.8,28014,104873,4717.8,1,4718.0,9,4718.2,7,4718.4,1,4718.8,1,4719.6,1,4719.8,1,4720.0,3,4720.2,2,4720.4,1,4718.8
IM2409,,13:42:01.800#,4720.8,4759.0,4710.6,5189.0,4245.8,28015,104872,4717.6,6,4717.8,1,4718.0,9,4718.2,7,4718.4,1,4719.6,1,4720.0,4,4720.2,2,4720.4,1,4720.8,1,4718.8
IM2409,,13:42:02.300#,4720.8,4759.0,4710.6,5189.0,4245.8,28015,104872,4718.0,9,4718.2,7,4718.4,1,4718.6,2,4718.8,1,4720.0,4,4720.2,2,4720.4,1,4720.8,1,4721.0,3,4718.8
IM2409,,13:42:02.800#,4720.8,4759.0,4710.6,5189.0,4245.8,28016,104872,4717.8,1,4718.0,9,4718.2,7,4718.4,1,4718.6,1,4719.8,1,4720.0,4,4720.2,2,4720.4,1,4720.8,1,4718.8
IM2409,,13:42:03.300#,4720.8,4759.0,4710.6,5189.0,4245.8,28017,104873,4717.6,6,4717.8,1,4718.0,9,4718.2,7,4718.6,1,4719.8,1,4720.0,3,4720.2,2,4720.4,1,4720.8,1,4719.8
IM2409,,13:42:03.800#,4720.8,4759.0,4710.6,5189.0,4245.8,28017,104873,4717.8,1,4718.0,9,4718.2,7,4718.6,1,4718.8,1,4719.8,1,4720.0,3,4720.2,2,4720.4,1,4720.8,1,4719.8
IM2409,,13:42:04.800#,4720.8,4759.0,4710.6,5189.0,4245.8,28018,104874,4717.6,6,4717.8,1,4718.0,9,4718.2,7,4718.6,1,4719.8,1,4720.0,3,4720.2,2,4720.4,1,4720.8,1,4718.8
IM2409,,13:42:05.300#,4720.8,4759.0,4710.6,5189.0,4245.8,28018,104874,4717.6,6,4717.8,1,4718.0,9,4718.2,7,4718.6,1,4719.0,3,4719.8,1,4720.0,3,4720.2,2,4720.4,1,4718.8
IM2409,,13:42:06.300#,4720.8,4759.0,4710.6,5189.0,4245.8,28019,104874,4717.4,3,4717.6,6,4717.8,1,4718.0,9,4718.2,7,4719.0,3,4719.8,1,4720.0,3,4720.2,2,4720.4,1,4718.6
IM2409,,13:42:06.800#,4720.8,4759.0,4710.6,5189.0,4245.8,28019,104874,4717.6,6,4717.8,1,4718.0,9,4718.2,7,4718.4,1,4719.0,3,4719.8,1,4720.0,3,4720.2,2,4720.4,1,4718.6
IM2409,,13:42:09.300#,4720.8,4759.0,4710.6,5189.0,4245.8,28020,104875,4717.4,3,4717.6,6,4717.8,1,4718.0,9,4718.2,7,4719.0,3,4719.8,1,4720.0,3,4720.2,2,4720.4,1,4718.4
IM2409,,13:42:09.800#,4720.8,4759.0,4710.6,5189.0,4245.8,28020,104875,4717.4,3,4717.6,6,4717.8,1,4718.0,9,4718.2,7,4719.0,3,4719.8,1,4720.0,4,4720.2,2,4720.4,1,4718.4
IM2409,,13:42:10.300#,4720.8,4759.0,4710.6,5189.0,4245.8,28020,104875,4717.4,3,4717.6,6,4717.8,1,4718.0,10,4718.2,7,4719.0,3,4719.8,1,4720.0,4,4720.2,2,4720.4,1,4718.4
IM2409,,13:42:10.800#,4720.8,4759.0,4710.6,5189.0,4245.8,28020,104875,4717.4,3,4717.6,6,4717.8,1,4718.0,10,4718.2,7,4719.0,3,4719.6,1,4719.8,1,4720.0,4,4720.2,2,4718.4
IM2409,,13:42:11.300#,4720.8,4759.0,4710.6,5189.0,4245.8,28021,104876,4717.4,3,4717.6,6,4717.8,1,4718.0,10,4718.2,6,4719.0,3,4719.6,1,4719.8,1,4720.0,4,4720.2,2,4718.2
IM2409,,13:42:12.300#,4720.8,4759.0,4710.6,5189.0,4245.8,28022,104877,4717.4,3,4717.6,6,4717.8,1,4718.0,10,4718.2,6,4718.8,1,4719.0,3,4719.6,1,4719.8,1,4720.0,3,4718.8
IM2409,,13:42:12.800#,4720.8,4759.0,4710.6,5189.0,4245.8,28023,104877,4717.6,6,4717.8,1,4718.0,9,4718.2,6,4718.8,4,4719.0,3,4719.6,1,4719.8,1,4720.0,3,4720.2,2,4718.8
IM2409,,13:42:13.300#,4720.8,4759.0,4710.6,5189.0,4245.8,28023,104877,4717.6,6,4717.8,1,4718.0,9,4718.2,6,4718.8,4,4719.0,3,4719.6,2,4719.8,1,4720.0,3,4720.2,2,4718.8
IM2409,,13:42:14.800#,4720.8,4759.0,4710.6,5189.0,4245.8,28023,104877,4717.6,6,4717.8,1,4718.0,9,4718.2,6,4718.8,4,4719.0,3,4719.6,2,4719.8,1,4720.0,5,4720.2,2,4718.8
IM2409,,13:42:15.300#,4720.8,4759.0,4710.6,5189.0,4245.8,28026,104879,4717.6,6,4717.8,1,4718.0,9,4718.2,6,4718.8,2,4719.0,2,4719.6,2,4720.0,5,4720.2,2,4720.4,1,4718.8
IM2409,,13:42:15.800#,4720.8,4759.0,4710.6,5189.0,4245.8,28026,104879,4717.6,6,4717.8,1,4718.0,11,4718.2,6,4718.8,2,4719.0,2,4719.6,1,4720.0,5,4720.2,2,4720.4,1,4718.8
IM2409,,13:42:18.300#,4720.8,4759.0,4710.6,5189.0,4245.8,28029,104879,4717.4,3,4717.6,6,4717.8,1,4718.0,11,4718.2,6,4718.8,2,4719.0,2,4719.6,1,4720.0,5,4720.2,2,4718.8
IM2409,,13:42:18.800#,4720.8,4759.0,4710.6,5189.0,4245.8,28030,104879,4717.4,3,4717.6,6,4717.8,1,4718.0,11,4718.2,5,4718.8,2,4719.0,2,4719.6,1,4720.0,5,4720.2,2,4718.2
IM2409,,13:42:19.800#,4720.8,4759.0,4710.6,5189.0,4245.8,28031,104879,4717.4,3,4717.6,6,4717.8,1,4718.0,11,4718.2,5,4718.8,1,4719.0,2,4719.6,1,4720.0,5,4720.2,2,4718.8
IM2409,,13:42:20.300#,4720.8,4759.0,4710.6,5189.0,4245.8,28032,104878,4717.4,3,4717.6,6,4717.8,1,4718.0,11,4718.2,5,4719.0,2,4719.6,1,4720.0,5,4720.2,2,4720.4,1,4718.8
IM2409,,13:42:20.800#,4720.8,4759.0,4710.6,5189.0,4245.8,28034,104878,4717.4,3,4717.6,6,4717.8,1,4718.0,11,4718.2,4,4719.0,1,4719.6,1,4720.0,5,4720.2,2,4720.4,1,4718.2
IM2409,,13:42:21.300#,4720.8,4759.0,4710.6,5189.0,4245.8,28034,104878,4717.4,3,4717.6,6,4717.8,1,4718.0,12,4718.2,4,4719.0,1,4719.6,1,4720.0,5,4720.2,2,4720.4,1,4718.2
IM2409,,13:42:22.800#,4720.8,4759.0,4710.6,5189.0,4245.8,28035,104879,4717.4,3,4717.6,6,4717.8,1,4718.0,12,4718.2,3,4719.0,1,4719.6,1,4720.0,5,4720.2,2,4720.4,1,4718.2
IM2409,,13:42:23.300#,4720.8,4759.0,4710.6,5189.0,4245.8,28035,104879,4717.6,6,4717.8,1,4718.0,12,4718.2,4,4718.4,3,4719.0,1,4719.6,1,4720.0,5,4720.2,2,4720.4,1,4718.2
IM2409,,13:42:23.800#,4720.8,4759.0,4710.6,5189.0,4245.8,28035,104879,4717.6,6,4717.8,1,4718.0,12,4718.2,4,4718.4,4,4719.0,1,4719.6,1,4720.0,5,4720.2,2,4720.4,1,4718.2
IM2409,,13:42:24.300#,4720.8,4759.0,4710.6,5189.0,4245.8,28038,104876,4717.8,1,4718.0,12,4718.2,4,4718.4,1,4718.6,1,4719.0,1,4719.6,1,4720.0,5,4720.2,2,4720.4,1,4718.2
IM2409,,13:42:24.800#,4720.8,4759.0,4710.6,5189.0,4245.8,28038,104876,4717.6,6,4717.8,1,4718.0,12,4718.2,3,4718.4,1,4719.0,1,4719.6,1,4720.0,5,4720.2,2,4720.4,1,4718.2
IM2409,,13:42:25.800#,4720.8,4759.0,4710.6,5189.0,4245.8,28039,104876,4717.4,3,4717.6,6,4717.8,1,4718.0,12,4718.2,3,4719.0,1,4719.6,1,4720.0,5,4720.2,2,4720.4,1,4718.4
IM2409,,13:42:26.300#,4720.8,4759.0,4710.6,5189.0,4245.8,28039,104876,4717.4,3,4717.6,6,4717.8,1,4718.0,12,4718.2,4,4719.0,1,4719.6,1,4720.0,5,4720.2,2,4720.4,1,4718.4
IM2409,,13:42:28.800#,4720.8,4759.0,4710.6,5189.0,4245.8,28049,104871,4717.4,3,4717.6,6,4717.8,1,4718.0,13,4718.2,4,4719.0,1,4719.6,1,4719.8,1,4720.0,5,4720.2,2,4718.2
IM2409,,13:42:30.300#,4720.8,4759.0,4710.6,5189.0,4245.8,28050,104872,4717.6,6,4717.8,1,4718.0,13,4718.2,4,4718.4,1,4719.4,2,4719.6,2,4719.8,1,4720.0,5,4720.2,2,4719.0
IM2409,,13:42:30.800#,4720.8,4759.0,4710.6,5189.0,4245.8,28051,104873,4717.6,6,4717.8,1,4718.0,13,4718.2,4,4718.4,1,4719.6,2,4719.8,1,4720.0,5,4720.2,2,4720.4,1,4719.4
IM2409,,13:42:31.300#,4720.8,4759.0,4710.6,5189.0,4245.8,28052,104873,4718.2,2,4718.4,3,4718.6,3,4719.4,1,4719.6,1,4719.8,1,4720.0,5,4720.2,2,4720.4,1,4720.8,1,4719.6
IM2409,,13:42:31.800#,4720.8,4759.0,4710.6,5189.0,4245.8,28052,104873,4718.4,1,4718.6,7,4719.4,1,4719.6,3,4719.8,1,4720.0,5,4720.2,2,4720.4,1,4720.8,1,4721.0,6,4719.6
IM2409,,13:42:32.300#,4720.8,4759.0,4710.6,5189.0,4245.8,28057,104875,4718.4,1,4718.6,5,4719.4,1,4719.6,3,4719.8,1,4720.2,2,4720.4,1,4720.8,1,4721.0,6,4721.4,2,4720.0
IM2409,,13:42:32.800#,4720.8,4759.0,4710.6,5189.0,4245.8,28057,104875,4718.6,5,4718.8,1,4719.4,1,4719.6,3,4719.8,1,4720.2,2,4720.4,1,4720.8,1,4721.0,6,4721.4,2,4720.0
IM2409,,13:42:33.300#,4720.8,4759.0,4710.6,5189.0,4245.8,28057,104875,4718.6,5,4718.8,1,4719.4,1,4719.6,3,4719.8,1,4720.2,2,4720.4,1,4720.8,1,4721.0,5,4721.4,2,4720.0
IM2409,,13:42:34.300#,4720.8,4759.0,4710.6,5189.0,4245.8,28057,104875,4718.6,5,4718.8,1,4719.4,1,4719.6,3,4719.8,1,4720.2,2,4720.4,1,4720.8,1,4721.0,4,4721.4,2,4720.0
IM2409,,13:42:34.800#,4720.8,4759.0,4710.6,5189.0,4245.8,28057,104875,4718.6,5,4718.8,1,4719.4,1,4719.6,1,4719.8,2,4720.2,2,4720.4,1,4720.8,1,4721.0,4,4721.4,2,4720.0
IM2409,,13:42:36.800#,4720.8,4759.0,4710.6,5189.0,4245.8,28059,104874,4718.4,1,4718.6,3,4718.8,1,4719.4,1,4719.6,1,4720.2,2,4720.4,1,4720.8,1,4721.0,4,4721.4,2,4719.8
IM2409,,13:42:37.300#,4720.8,4759.0,4710.6,5189.0,4245.8,28060,104874,4718.4,1,4718.6,3,4718.8,1,4719.4,1,4719.6,1,4720.2,2,4720.4,1,4720.8,1,4721.0,4,4721.4,2,4720.0
IM2409,,13:42:37.800#,4720.8,4759.0,4710.6,5189.0,4245.8,28061,104874,4718.4,1,4718.6,3,4718.8,1,4719.4,1,4719.6,1,4720.2,1,4720.4,1,4720.8,1,4721.0,4,4721.4,2,4720.2
IM2409,,13:42:38.300#,4720.8,4759.0,4710.6,5189.0,4245.8,28061,104874,4718.4,1,4718.6,3,4718.8,1,4719.4,1,4719.6,1,4720.0,1,4720.2,1,4720.4,1,4720.8,1,4721.0,4,4720.2
IM2409,,13:42:40.300#,4720.8,4759.0,4710.6,5189.0,4245.8,28061,104874,4718.6,3,4718.8,1,4719.0,1,4719.4,1,4719.6,1,4720.0,1,4720.2,1,4720.4,1,4720.8,1,4721.0,4,4720.2
IM2409,,13:42:40.800#,4720.8,4759.0,4710.6,5189.0,4245.8,28063,104875,4718.4,1,4718.6,3,4718.8,1,4719.0,2,4719.4,1,4719.6,1,4720.2,1,4720.4,1,4720.8,1,4721.0,4,4719.6
IM2409,,13:42:41.300#,4720.8,4759.0,4710.6,5189.0,4245.8,28065,104876,4718.4,1,4718.6,3,4718.8,1,4719.0,2,4719.4,4,4720.2,1,4720.4,1,4720.8,1,4721.0,4,4721.4,2,4719.6
IM2409,,13:42:41.800#,4720.8,4759.0,4710.6,5189.0,4245.8,28065,104876,4718.2,4,4718.6,3,4718.8,1,4719.0,3,4719.4,5,4720.2,2,4720.4,1,4720.8,1,4721.0,4,4721.4,2,4719.6
IM2409,,13:42:42.300#,4720.8,4759.0,4710.6,5189.0,4245.8,28065,104876,4718.2,4,4718.6,3,4718.8,1,4719.0,3,4719.4,5,4719.6,1,4720.2,2,4720.4,1,4720.8,1,4721.0,4,4719.6
IM2409,,13:42:42.800#,4720.8,4759.0,4710.6,5189.0,4245.8,28067,104878,4718.2,4,4718.6,3,4718.8,1,4719.0,3,4719.4,4,4720.2,2,4720.4,1,4720.8,1,4721.0,4,4721.4,2,4719.6
IM2409,,13:42:44.300#,4720.8,4759.0,4710.6,5189.0,4245.8,28067,104878,4718.6,3,4718.8,1,4719.0,3,4719.4,4,4719.6,1,4720.0,2,4720.2,2,4720.4,1,4720.8,1,4721.0,4,4719.6
IM2409,,13:42:44.800#,4720.8,4759.0,4710.6,5189.0,4245.8,28068,104879,4718.2,4,4718.6,4,4718.8,1,4719.0,2,4719.4,4,4719.6,1,4720.0,2,4720.2,2,4720.4,1,4720.8,1,4719.6
IM2409,,13:42:45.300#,4720.8,4759.0,4710.6,5189.0,4245.8,28068,104879,4718.2,4,4718.6,4,4718.8,1,4719.0,2,4719.4,4,4719.6,1,4720.0,1,4720.2,2,4720.4,1,4720.8,1,4719.6
IM2409,,13:42:45.800#,4720.8,4759.0,4710.6,5189.0,4245.8,28069,104878,4718.2,4,4718.6,4,4718.8,1,4719.0,2,4719.4,3,4719.6,1,4720.0,1,4720.2,2,4720.4,1,4720.8,1,4719.4
IM2409,,13:42:46.300#,4720.8,4759.0,4710.6,5189.0,4245.8,28072,104880,4718.0,11,4718.2,4,4718.6,4,4718.8,1,4719.0,2,4719.6,1,4720.2,2,4720.4,1,4720.8,1,4721.0,5,4719.4
IM2409,,13:42:46.800#,4720.8,4759.0,4710.6,5189.0,4245.8,28073,104879,4717.8,1,4718.0,11,4718.2,4,4718.6,4,4719.0,2,4720.2,2,4720.4,1,4720.8,1,4721.0,5,4721.4,2,4719.6
IM2409,,13:42:47.300#,4720.8,4759.0,4710.6,5189.0,4245.8,28073,104879,4717.8,1,4718.0,11,4718.2,4,4718.6,4,4719.0,2,4720.0,1,4720.2,2,4720.4,1,4720.8,1,4721.0,5,4719.6
IM2409,,13:42:49.300#,4720.8,4759.0,4710.6,5189.0,4245.8,28073,104879,4717.8,1,4718.0,11,4718.2,4,4718.6,4,4719.0,2,4720.2,2,4720.4,1,4720.8,1,4721.0,5,4721.4,2,4719.6
IM2409,,13:42:50.800#,4720.8,4759.0,4710.6,5189.0,4245.8,28073,104879,4717.8,1,4718.0,11,4718.2,4,4718.6,5,4719.0,3,4720.2,2,4720.4,1,4720.8,1,4721.0,5,4721.4,2,4719.6
IM2409,,13:42:51.800#,4720.8,4759.0,4710.6,5189.0,4245.8,28074,104880,4717.8,1,4718.0,11,4718.2,4,4718.6,5,4719.0,3,4720.2,1,4720.4,1,4720.8,1,4721.0,5,4721.4,2,4720.2
IM2409,,13:42:52.300#,4720.8,4759.0,4710.6,5189.0,4245.8,28074,104880,4718.0,11,4718.2,4,4718.6,5,4719.0,3,4719.2,2,4720.2,1,4720.4,1,4720.8,1,4721.0,5,4721.4,2,4720.2
IM2409,,13:42:52.800#,4720.8,4759.0,4710.6,5189.0,4245.8,28075,104881,4718.0,11,4718.2,4,4718.6,5,4719.0,3,4719.2,2,4720.4,1,4720.8,1,4721.0,5,4721.4,2,4721.8,1,4720.2
IM2409,,13:42:53.800#,4720.8,4759.0,4710.6,5189.0,4245.8,28076,104881,4718.0,11,4718.2,4,4718.6,5,4719.0,3,4719.2,1,4720.4,1,4720.8,1,4721.0,5,4721.4,2,4721.8,1,4719.2
IM2409,,13:42:54.300#,4720.8,4759.0,4710.6,5189.0,4245.8,28076,104881,4718.2,4,4718.6,5,4719.0,3,4719.2,1,4719.4,1,4720.4,1,4720.8,1,4721.0,5,4721.4,2,4721.8,1,4719.2
IM2409,,13:42:54.800#,4720.8,4759.0,4710.6,5189.0,4245.8,28076,104881,4718.2,4,4718.6,5,4718.8,1,4719.0,3,4719.2,1,4720.4,1,4720.8,1,4721.0,5,4721.4,2,4721.8,1,4719.2
IM2409,,13:42:55.300#,4720.8,4759.0,4710.6,5189.0,4245.8,28077,104882,4718.2,4,4718.6,5,4718.8,1,4719.0,3,4719.2,2,4720.4,1,4720.8,1,4721.0,5,4721.4,2,4721.8,1,4720.2
IM2409,,13:42:55.800#,4720.8,4759.0,4710.6,5189.0,4245.8,28077,104882,4718.2,4,4718.6,5,4718.8,1,4719.0,3,4719.2,3,4720.2,1,4720.4,1,4720.8,1,4721.0,5,4721.4,2,4720.2
IM2409,,13:42:56.300#,4720.8,4759.0,4710.6,5189.0,4245.8,28077,104882,4718.6,5,4718.8,1,4719.0,3,4719.2,4,4719.4,1,4720.4,1,4720.8,1,4721.0,5,4721.4,2,4721.8,1,4720.2
IM2409,,13:42:57.300#,4720.8,4759.0,4710.6,5189.0,4245.8,28077,104882,4718.6,5,4718.8,1,4719.0,3,4719.2,4,4720.0,1,4720.2,1,4720.4,1,4720.8,1,4721.0,5,4721.4,2,4720.2
IM2409,,13:42:57.800#,4720.8,4759.0,4710.6,5189.0,4245.8,28078,104883,4718.6,5,4718.8,1,4719.0,3,4719.2,4,4720.0,1,4720.4,1,4720.8,1,4721.0,5,4721.4,2,4721.8,1,4720.0
IM2409,,13:42:58.300#,4720.8,4759.0,4710.6,5189.0,4245.8,28079,104883,4718.2,4,4718.6,2,4718.8,1,4719.0,4,4719.2,4,4720.4,1,4720.8,1,4721.0,5,4721.4,2,4721.8,1,4720.0
IM2409,,13:42:58.800#,4720.8,4759.0,4710.6,5189.0,4245.8,28079,104883,4718.2,4,4718.6,2,4718.8,1,4719.0,4,4719.2,3,4720.2,1,4720.4,1,4720.8,1,4721.0,5,4721.4,2,4720.0
IM2409,,13:42:59.300#,4720.8,4759.0,4710.6,5189.0,4245.8,28079,104883,4718.2,4,4718.6,2,4718.8,1,4719.0,4,4719.2,3,4720.2,2,4720.4,1,4720.8,1,4721.0,5,4721.4,2,4720.0
IM2409,,13:42:59.800#,4720.8,4759.0,4710.6,5189.0,4245.8,28079,104883,4718.2,4,4718.6,2,4718.8,1,4719.0,4,4719.2,3,4720.2,1,4720.4,1,4720.8,1,4721.0,5,4721.4,2,4720.0
IM2409,,13:43:01.300#,4720.8,4759.0,4710.6,5189.0,4245.8,28079,104883,4718.0,11,4718.2,4,4718.6,2,4719.0,4,4719.2,3,4720.2,1,4720.4,3,4720.8,1,4721.0,5,4721.4,2,4720.0
IM2409,,13:43:01.800#,4720.8,4759.0,4710.6,5189.0,4245.8,28079,104883,4718.0,11,4718.2,4,4718.6,2,4719.0,4,4719.2,5,4720.2,1,4720.4,3,4720.8,1,4721.0,5,4721.4,2,4720.0
IM2409,,13:43:02.300#,4720.8,4759.0,4710.6,5189.0,4245.8,28080,104883,4718.0,11,4718.2,4,4718.6,2,4719.0,4,4719.2,4,4720.2,1,4720.4,3,4720.8,1,4721.0,5,4721.4,2,4719.2
IM2409,,13:43:02.800#,4720.8,4759.0,4710.6,5189.0,4245.8,28080,104883,4718.0,11,4718.2,4,4718.6,2,4719.0,4,4719.2,4,4720.0,1,4720.2,1,4720.4,3,4720.8,1,4721.0,5,4719.2
IM2409,,13:43:03.300#,4720.8,4759.0,4710.6,5189.0,4245.8,28080,104883,4718.0,11,4718.2,4,4718.6,2,4719.0,4,4719.2,4,4719.6,1,4720.0,1,4720.4,3,4720.8,1,4721.0,5,4719.2
IM2409,,13:43:04.300#,4720.8,4759.0,4710.6,5189.0,4245.8,28080,104883,4718.0,11,4718.2,4,4718.6,2,4719.0,4,4719.2,4,4719.6,1,4720.4,3,4720.8,1,4721.0,5,4721.4,2,4719.2
IM2409,,13:43:04.800#,4720.8,4759.0,4710.6,5189.0,4245.8,28082,104884,4718.0,11,4718.2,4,4718.6,2,4719.0,4,4719.2,2,4719.6,1,4720.4,3,4720.8,1,4721.0,5,4721.4,2,4719.2
IM2409,,13:43:05.300#,4720.8,4759.0,4710.6,5189.0,4245.8,28082,104884,4718.0,11,4718.2,4,4718.6,2,4719.0,4,4719.2,2,4719.6,2,4720.4,3,4720.8,1,4721.0,5,4721.4,2,4719.2
IM2409,,13:43:05.800#,4720.8,4759.0,4710.6,5189.0,4245.8,28082,104884,4718.0,11,4718.2,4,4718.6,2,4719.0,4,4719.2,2,4719.6,2,4720.4,1,4720.8,1,4721.0,5,4721.4,2,4719.2
IM2409,,13:43:06.300#,4720.8,4759.0,4710.6,5189.0,4245.8,28082,104884,4718.0,11,4718.2,3,4718.6,2,4719.0,4,4719.2,2,4719.6,2,4720.4,1,4720.8,1,4721.0,5,4721.4,2,4719.2
IM2409,,13:43:07.300#,4720.8,4759.0,4710.6,5189.0,4245.8,28083,104884,4718.0,11,4718.2,3,4718.6,2,4719.0,5,4719.2,1,4719.6,2,4720.4,1,4720.8,1,4721.0,5,4721.4,2,4719.2
IM2409,,13:43:10.800#,4720.8,4759.0,4710.6,5189.0,4245.8,28084,104883,4717.8,1,4718.0,11,4718.2,3,4718.6,2,4719.0,5,4719.2,1,4719.6,2,4720.4,1,4720.8,1,4721.0,5,4719.2
IM2409,,13:43:11.300#,4720.8,4759.0,4710.6,5189.0,4245.8,28087,104885,4717.8,1,4718.0,11,4718.2,3,4718.6,2,4719.0,2,4719.2,2,4719.6,2,4720.4,1,4720.8,1,4721.0,5,4719.0
IM2409,,13:43:12.800#,4720.8,4759.0,4710.6,5189.0,4245.8,28090,104887,4717.4,2,4717.6,6,4717.8,1,4718.0,11,4718.2,3,4718.8,1,4719.0,4,4719.2,1,4719.6,2,4720.4,1,4718.6
IM2409,,13:43:13.300#,4720.8,4759.0,4710.6,5189.0,4245.8,28091,104886,4717.4,2,4717.6,6,4717.8,1,4718.0,11,4718.2,2,4719.0,3,4719.2,1,4719.6,2,4720.4,1,4720.8,1,4718.2
IM2409,,13:43:17.300#,4720.8,4759.0,4710.6,5189.0,4245.8,28103,104885,4717.2,2,4717.4,2,4717.6,6,4717.8,1,4718.0,3,4718.2,1,4719.6,1,4720.2,2,4720.4,1,4720.8,1,4718.0
IM2409,,13:43:17.800#,4720.8,4759.0,4710.6,5189.0,4245.8,28104,104886,4717.0,25,4717.2,2,4717.4,2,4717.6,6,4718.0,3,4719.6,1,4720.2,2,4720.4,1,4720.8,1,4721.0,5,4718.2
IM2409,,13:43:18.800#,4720.8,4759.0,4710.6,5189.0,4245.8,28105,104886,4717.2,2,4717.4,2,4717.6,6,4718.0,2,4718.2,1,4718.8,2,4719.0,1,4719.2,3,4719.4,5,4719.6,2,4718.0
IM2409,,13:43:19.300#,4720.8,4759.0,4710.6,5189.0,4245.8,28106,104886,4717.0,25,4717.2,2,4717.4,2,4717.6,6,4718.0,2,4718.6,1,4718.8,2,4719.0,1,4719.2,3,4719.4,4,4718.2
IM2409,,13:43:23.300#,4720.8,4759.0,4710.6,5189.0,4245.8,28108,104885,4717.0,25,4717.2,2,4717.4,2,4717.6,6,4718.0,1,4719.0,1,4719.2,1,4719.4,3,4719.6,3,4720.2,2,4718.6
IM2409,,13:43:27.800#,4720.8,4759.0,4710.6,5189.0,4245.8,28115,104881,4717.6,6,4718.0,1,4718.2,2,4718.4,2,4719.8,3,4720.2,2,4720.4,1,4720.8,1,4721.0,5,4721.4,2,4719.6
IM2409,,13:43:28.300#,4720.8,4759.0,4710.6,5189.0,4245.8,28118,104878,4717.2,2,4717.4,2,4717.6,6,4718.0,1,4718.2,2,4719.6,1,4720.0,1,4720.2,1,4720.4,1,4720.8,1,4719.8
IM2409,,13:43:28.800#,4720.8,4759.0,4710.6,5189.0,4245.8,28118,104878,4717.4,2,4717.6,6,4718.0,1,4718.2,4,4718.4,2,4719.4,1,4719.6,1,4720.0,1,4720.2,1,4720.4,1,4719.8
IM2409,,13:43:33.300#,4720.8,4759.0,4710.6,5189.0,4245.8,28125,104878,4717.6,6,4718.0,1,4718.2,4,4718.4,2,4718.6,1,4720.0,5,4720.2,1,4720.4,1,4720.8,1,4721.0,6,4718.8
IM2409,,13:43:33.800#,4720.8,4759.0,4710.6,5189.0,4245.8,28125,104878,4717.6,6,4718.0,1,4718.2,4,4718.4,2,4718.6,1,4719.8,4,4720.0,6,4720.2,1,4720.4,1,4720.8,1,4718.8
IM2409,,13:43:34.800#,4720.8,4759.0,4710.6,5189.0,4245.8,28125,104878,4717.6,6,4718.0,1,4718.2,4,4718.4,2,4718.6,1,4719.6,5,4719.8,5,4720.0,5,4720.4,1,4720.8,1,4718.8
IM2409,,13:43:35.300#,4720.8,4759.0,4710.6,5189.0,4245.8,28125,104878,4717.6,6,4718.0,1,4718.2,4,4718.4,2,4718.6,1,4719.4,1,4719.6,2,4719.8,4,4720.0,5,4720.4,1,4718.8
IM2409,,13:43:35.800#,4720.8,4759.0,4710.6,5189.0,4245.8,28125,104878,4717.6,6,4718.0,1,4718.2,4,4718.4,2,4718.6,1,4719.2,1,4719.4,1,4719.6,2,4719.8,3,4720.0,5,4718.8
IM2409,,13:43:36.300#,4720.8,4759.0,4710.6,5189.0,4245.8,28125,104878,4717.6,6,4718.0,1,4718.2,4,4718.4,2,4718.6,1,4719.2,1,4719.4,1,4719.6,2,4719.8,2,4720.0,5,4718.8
IM2409,,13:43:39.300#,4720.8,4759.0,4710.6,5189.0,4245.8,28129,104876,4717.6,6,4718.0,1,4718.2,4,4718.4,2,4718.6,1,4719.4,1,4719.6,1,4719.8,2,4720.0,5,4720.4,1,4719.4
IM2409,,13:43:43.300#,4720.8,4759.0,4710.6,5189.0,4245.8,28131,104877,4717.2,2,4717.4,2,4717.6,6,4718.0,1,4718.2,2,4719.2,1,4719.4,1,4719.6,1,4719.8,3,4720.0,6,4718.6
IM2409,,13:43:44.800#,4720.8,4759.0,4710.6,5189.0,4245.8,28131,104877,4717.4,2,4717.6,6,4718.0,1,4718.2,2,4718.4,1,4719.0,2,4719.4,1,4719.6,1,4719.8,2,4720.0,7,4718.6
IM2409,,13:43:45.300#,4720.8,4759.0,4710.6,5189.0,4245.8,28132,104877,4717.2,2,4717.4,2,4717.6,6,4718.0,1,4718.2,2,4719.2,1,4719.6,1,4719.8,2,4720.0,7,4720.4,1,4719.0
IM2409,,13:43:45.800#,4720.8,4759.0,4710.6,5189.0,4245.8,28132,104877,4717.6,6,4718.0,1,4718.2,2,4718.4,1,4718.6,2,4719.2,1,4719.6,1,4719.8,2,4720.0,7,4720.4,1,4719.0
IM2409,,13:43:46.300#,4720.8,4759.0,4710.6,5189.0,4245.8,28132,104877,4717.6,6,4718.0,1,4718.2,2,4718.4,1,4718.6,2,4719.2,1,4719.6,1,4719.8,2,4720.0,6,4720.4,1,4719.0
IM2409,,13:43:46.800#,4720.8,4759.0,4710.6,5189.0,4245.8,28133,104878,4717.6,6,4718.0,1,4718.2,2,4718.4,1,4718.6,2,4719.6,1,4719.8,2,4720.0,6,4720.4,1,4720.8,1,4719.2
IM2409,,13:43:47.300#,4720.8,4759.0,4710.6,5189.0,4245.8,28134,104879,4717.4,2,4717.6,6,4718.0,1,4718.2,2,4718.6,1,4719.4,1,4719.6,2,4719.8,2,4720.0,6,4720.4,1,4718.6
IM2409,,13:43:47.800#,4720.8,4759.0,4710.6,5189.0,4245.8,28134,104879,4717.4,2,4717.6,6,4718.0,1,4718.2,3,4718.6,1,4719.4,1,4719.6,2,4719.8,2,4720.0,6,4720.4,1,4718.6
IM2409,,13:43:48.300#,4720.8,4759.0,4710.6,5189.0,4245.8,28134,104879,4717.4,2,4717.6,6,4718.0,1,4718.2,3,4718.6,1,4719.0,1,4719.6,2,4719.8,2,4720.0,6,4720.4,1,4718.6
IM2409,,13:43:48.800#,4720.8,4759.0,4710.6,5189.0,4245.8,28135,104879,4717.6,6,4718.0,1,4718.2,3,4718.6,1,4718.8,1,4719.6,1,4719.8,2,4720.0,6,4720.4,1,4720.8,1,4719.0
IM2409,,13:43:49.300#,4720.8,4759.0,4710.6,5189.0,4245.8,28136,104879,4717.2,2,4717.4,2,4717.6,6,4718.0,1,4718.2,3,4719.4,1,4719.6,1,4719.8,2,4720.0,6,4720.4,1,4718.6
IM2409,,13:43:49.800#,4720.8,4759.0,4710.6,5189.0,4245.8,28136,104879,4717.2,2,4717.4,2,4717.6,6,4718.0,1,4718.2,3,4719.6,1,4719.8,2,4720.0,6,4720.4,1,4720.8,1,4718.6
IM2409,,13:43:50.300#,4720.8,4759.0,4710.6,5189.0,4245.8,28136,104879,4717.4,2,4717.6,6,4718.0,1,4718.2,3,4718.4,1,4719.6,1,4719.8,2,4720.0,6,4720.4,1,4720.8,1,4718.6
IM2409,,13:43:52.800#,4720.8,4759.0,4710.6,5189.0,4245.8,28136,104879,4717.6,6,4718.0,1,4718.2,3,4718.4,1,4718.6,1,4719.8,2,4720.0,6,4720.4,1,4720.8,1,4721.0,6,4718.6
IM2409,,13:43:53.300#,4720.8,4759.0,4710.6,5189.0,4245.8,28136,104879,4717.6,6,4718.0,1,4718.2,3,4718.4,1,4718.6,1,4719.6,1,4719.8,3,4720.0,6,4720.4,1,4720.8,1,4718.6
IM2409,,13:43:53.800#,4720.8,4759.0,4710.6,5189.0,4245.8,28136,104879,4717.6,6,4718.0,1,4718.2,3,4718.4,1,4718.6,1,4719.6,1,4719.8,2,4720.0,6,4720.4,1,4720.8,1,4718.6
IM2409,,13:43:54.800#,4720.8,4759.0,4710.6,5189.0,4245.8,28136,104879,4717.6,6,4718.0,1,4718.2,3,4718.4,2,4718.6,1,4719.6,1,4719.8,2,4720.0,6,4720.4,1,4720.8,1,4718.6
IM2409,,13:43:55.300#,4720.8,4759.0,4710.6,5189.0,4245.8,28136,104879,4717.4,2,4717.6,6,4718.0,1,4718.2,3,4718.4,2,4719.6,1,4719.8,2,4720.0,6,4720.4,1,4720.8,1,4718.6
IM2409,,13:43:55.800#,4720.8,4759.0,4710.6,5189.0,4245.8,28136,104879,4717.4,2,4717.6,6,4718.0,1,4718.2,3,4718.4,2,4719.4,3,4719.6,2,4719.8,2,4720.0,6,4720.4,1,4718.6
IM2409,,13:43:56.300#,4720.8,4759.0,4710.6,5189.0,4245.8,28136,104879,4717.4,2,4717.6,6,4718.0,1,4718.2,3,4718.4,2,4719.6,2,4719.8,2,4720.0,6,4720.4,1,4720.8,1,4718.6
IM2409,,13:43:56.800#,4720.8,4759.0,4710.6,5189.0,4245.8,28136,104879,4717.4,2,4717.6,6,4718.0,1,4718.2,3,4718.4,2,4719.4,1,4719.6,2,4719.8,2,4720.0,6,4720.4,1,4718.6
IM2409,,13:43:57.300#,4720.8,4759.0,4710.6,5189.0,4245.8,28137,104879,4718.0,1,4718.2,3,4718.4,2,4718.6,2,4719.0,1,4719.4,1,4719.6,1,4719.8,2,4720.0,6,4720.4,1,4718.6
IM2409,,13:43:57.800#,4720.8,4759.0,4710.6,5189.0,4245.8,28137,104879,4718.0,1,4718.2,3,4718.4,3,4718.6,1,4719.0,1,4719.4,1,4719.6,1,4719.8,2,4720.0,6,4720.4,1,4718.6
IM2409,,13:43:58.300#,4720.8,4759.0,4710.6,5189.0,4245.8,28141,104879,4717.2,2,4717.4,2,4717.6,6,4718.0,1,4718.2,3,4719.4,1,4719.8,2,4720.0,6,4720.4,1,4720.8,1,4718.4
IM2409,,13:43:58.800#,4720.8,4759.0,4710.6,5189.0,4245.8,28141,104879,4717.2,2,4717.4,2,4717.6,6,4718.0,1,4718.2,3,4719.0,1,4719.4,5,4719.8,2,4720.0,6,4720.4,1,4718.4
IM2409,,13:43:59.300#,4720.8,4759.0,4710.6,5189.0,4245.8,28143,104878,4717.2,2,4717.4,2,4717.6,6,4718.0,1,4718.2,2,4719.0,1,4719.4,5,4719.8,2,4720.0,6,4720.4,1,4718.2
IM2409,,13:43:59.800#,4720.8,4759.0,4710.6,5189.0,4245.8,28143,104878,4717.4,2,4717.6,6,4718.0,1,4718.2,2,4718.4,1,4719.0,1,4719.4,5,4719.8,2,4720.0,6,4720.4,1,4718.2
IM2409,,13:44:00.300#,4720.8,4759.0,4710.6,5189.0,4245.8,28144,104879,4717.4,2,4717.6,6,4718.0,2,4718.2,2,4718.4,1,4719.4,5,4719.8,2,4720.0,6,4720.4,1,4720.8,1,4719.0
IM2409,,13:44:00.800#,4720.8,4759.0,4710.6,5189.0,4245.8,28144,104879,4717.6,6,4718.0,2,4718.2,2,4718.4,1,4718.6,1,4719.4,5,4719.8,2,4720.0,6,4720.4,1,4720.8,1,4719.0
IM2409,,13:44:01.300#,4720.8,4759.0,4710.6,5189.0,4245.8,28144,104879,4717.2,2,4717.4,2,4717.6,6,4718.0,2,4718.2,2,4719.4,5,4719.8,2,4720.0,6,4720.4,1,4720.8,1,4719.0
IM2409,,13:44:01.800#,4720.8,4759.0,4710.6,5189.0,4245.8,28144,104879,4717.4,2,4717.6,6,4718.0,2,4718.2,2,4718.4,1,4719.2,1,4719.4,5,4719.8,2,4720.0,6,4720.4,1,4719.0
IM2409,,13:44:02.800#,4720.8,4759.0,4710.6,5189.0,4245.8,28145,104880,4717.2,2,4717.4,2,4717.6,6,4718.0,2,4718.2,2,4719.2,1,4719.4,5,4719.8,2,4720.0,6,4720.4,1,4718.4
IM2409,,13:44:03.800#,4720.8,4759.0,4710.6,5189.0,4245.8,28145,104880,4717.4,2,4717.6,6,4718.0,2,4718.2,2,4718.4,1,4719.0,1,4719.2,1,4719.4,5,4719.8,2,4720.0,6,4718.4
IM2409,,13:44:04.300#,4720.8,4759.0,4710.6,5189.0,4245.8,28145,104880,4717.4,2,4717.6,6,4718.0,2,4718.2,2,4718.4,1,4719.2,1,4719.4,5,4719.8,2,4720.0,6,4720.4,1,4718.4
IM2409,,13:44:04.800#,4720.8,4759.0,4710.6,5189.0,4245.8,28145,104880,4717.4,2,4717.6,6,4718.0,2,4718.2,2,4718.4,1,4719.2,1,4719.4,5,4719.8,2,4720.0,4,4720.4,1,4718.4
IM2409,,13:44:05.300#,4720.8,4759.0,4710.6,5189.0,4245.8,28146,104880,4717.6,6,4718.0,3,4718.2,2,4718.4,1,4718.6,1,4719.4,5,4719.8,2,4720.0,4,4720.4,1,4720.8,1,4719.2
IM2409,,13:44:05.800#,4720.8,4759.0,4710.6,5189.0,4245.8,28146,104880,4717.6,6,4718.0,3,4718.2,2,4718.4,1,4718.6,1,4719.2,1,4719.4,5,4719.8,2,4720.0,4,4720.4,1,4719.2
IM2409,,13:44:06.300#,4720.8,4759.0,4710.6,5189.0,4245.8,28148,104880,4717.4,2,4717.6,6,4718.0,3,4718.2,2,4718.6,1,4719.4,4,4719.8,2,4720.0,4,4720.4,1,4720.8,1,4719.4
IM2409,,13:44:06.800#,4720.8,4759.0,4710.6,5189.0,4245.8,28151,104881,4717.6,6,4718.0,3,4718.2,2,4718.6,2,4718.8,1,4719.4,2,4719.8,2,4720.0,4,4720.4,1,4720.8,1,4718.8
IM2409,,13:44:07.300#,4720.8,4759.0,4710.6,5189.0,4245.8,28153,104883,4717.4,2,4717.6,6,4718.0,3,4718.2,2,4718.6,2,4719.8,2,4720.0,4,4720.4,1,4720.8,1,4721.0,6,4719.4
IM2409,,13:44:07.800#,4720.8,4759.0,4710.6,5189.0,4245.8,28153,104883,4717.6,6,4718.0,3,4718.2,2,4718.6,2,4718.8,1,4719.8,2,4720.0,4,4720.4,1,4720.8,1,4721.0,6,4719.4
IM2409,,13:44:08.800#,4720.8,4759.0,4710.6,5189.0,4245.8,28153,104883,4717.4,2,4717.6,6,4718.0,3,4718.2,2,4718.6,2,4719.6,1,4719.8,2,4720.0,4,4720.4,1,4720.8,1,4719.4
IM2409,,13:44:09.300#,4720.8,4759.0,4710.6,5189.0,4245.8,28153,104883,4717.6,6,4718.0,3,4718.2,2,4718.6,2,4718.8,1,4719.6,1,4719.8,2,4720.0,4,4720.4,1,4720.8,1,4719.4
IM2409,,13:44:09.800#,4720.8,4759.0,4710.6,5189.0,4245.8,28153,104883,4717.4,2,4717.6,6,4718.0,3,4718.2,2,4718.6,2,4719.6,1,4719.8,2,4720.0,4,4720.4,1,4720.8,1,4719.4
IM2409,,13:44:10.300#,4720.8,4759.0,4710.6,5189.0,4245.8,28153,104883,4717.4,2,4717.6,6,4718.0,3,4718.2,2,4718.6,2,4719.8,2,4720.0,4,4720.4,1,4720.8,1,4721.0,6,4719.4
IM2409,,13:44:11.300#,4720.8,4759.0,4710.6,5189.0,4245.8,28153,104883,4717.4,2,4717.6,6,4718.0,3,4718.2,2,4718.6,2,4719.6,2,4719.8,2,4720.0,4,4720.4,1,4720.8,1,4719.4
IM2409,,13:44:11.800#,4720.8,4759.0,4710.6,5189.0,4245.8,28153,104883,4718.0,3,4718.2,2,4718.6,1,4718.8,2,4719.0,1,4719.6,2,4719.8,2,4720.0,4,4720.4,1,4720.8,1,4719.4
IM2409,,13:44:12.300#,4720.8,4759.0,4710.6,5189.0,4245.8,28155,104883,4718.2,2,4718.6,1,4718.8,1,4719.0,1,4719.2,1,4719.8,2,4720.0,4,4720.4,1,4720.8,1,4721.0,6,4719.6
IM2409,,13:44:12.800#,4720.8,4759.0,4710.6,5189.0,4245.8,28156,104883,4718.2,2,4718.6,1,4718.8,1,4719.2,1,4719.8,2,4720.0,4,4720.4,1,4720.8,1,4721.0,6,4721.4,2,4719.8
IM2409,,13:44:13.300#,4720.8,4759.0,4710.6,5189.0,4245.8,28158,104883,4718.2,2,4718.4,1,4718.6,1,4718.8,1,4719.2,1,4720.0,4,4720.4,1,4720.8,1,4721.0,6,4721.4,2,4719.8
IM2409,,13:44:13.800#,4720.8,4759.0,4710.6,5189.0,4245.8,28158,104883,4718.0,3,4718.2,2,4718.4,1,4718.6,1,4719.2,2,4719.8,1,4720.0,4,4720.4,1,4720.8,1,4721.0,6,4719.8
IM2409,,13:44:14.300#,4720.8,4759.0,4710.6,5189.0,4245.8,28158,104883,4718.0,3,4718.2,2,4718.4,1,4718.6,1,4719.2,2,4720.0,3,4720.4,1,4720.8,1,4721.0,6,4721.4,2,4719.8
IM2409,,13:44:14.800#,4720.8,4759.0,4710.6,5189.0,4245.8,28158,104883,4718.0,3,4718.2,2,4718.4,1,4718.6,1,4719.2,2,4719.8,1,4720.0,3,4720.4,1,4720.8,1,4721.0,6,4719.8
IM2409,,13:44:15.300#,4720.8,4759.0,4710.6,5189.0,4245.8,28158,104883,4718.2,2,4718.4,1,4718.6,1,4719.2,2,4719.4,1,4720.0,3,4720.4,1,4720.8,1,4721.0,6,4721.4,2,4719.8
IM2409,,13:44:15.800#,4720.8,4759.0,4710.6,5189.0,4245.8,28158,104883,4718.2,2,4718.4,1,4718.6,1,4719.2,2,4719.4,2,4720.0,3,4720.4,1,4720.8,1,4721.0,6,4721.4,2,4719.8
IM2409,,13:44:16.300#,4720.8,4759.0,4710.6,5189.0,4245.8,28158,104883,4718.0,3,4718.2,2,4718.4,1,4718.6,1,4719.2,2,4720.0,3,4720.4,1,4720.8,1,4721.0,6,4721.4,2,4719.8
IM2409,,13:44:16.800#,4720.8,4759.0,4710.6,5189.0,4245.8,28158,104883,4718.0,3,4718.2,2,4718.4,1,4718.6,1,4719.2,1,4719.8,1,4720.0,3,4720.4,1,4720.8,1,4721.0,6,4719.8
IM2409,,13:44:17.800#,4720.8,4759.0,4710.6,5189.0,4245.8,28158,104883,4718.0,3,4718.2,2,4718.4,1,4718.6,1,4719.2,1,4720.0,3,4720.4,1,4720.8,1,4721.0,6,4721.4,2,4719.8
IM2409,,13:44:18.800#,4720.8,4759.0,4710.6,5189.0,4245.8,28159,104883,4717.6,6,4718.0,3,4718.2,2,4718.4,1,4718.6,1,4720.0,3,4720.4,1,4720.8,1,4721.0,6,4721.4,2,4719.2
IM2409,,13:44:19.300#,4720.8,4759.0,4710.6,5189.0,4245.8,28159,104883,4717.6,6,4718.0,3,4718.2,2,4718.4,1,4718.6,4,4720.0,3,4720.4,1,4720.8,1,4721.0,6,4721.4,2,4719.2
IM2409,,13:44:19.800#,4720.8,4759.0,4710.6,5189.0,4245.8,28159,104883,4718.0,3,4718.2,2,4718.4,1,4718.6,4,4718.8,1,4719.8,1,4720.0,3,4720.4,1,4720.8,1,4721.0,6,4719.2
IM2409,,13:44:20.300#,4720.8,4759.0,4710.6,5189.0,4245.8,28159,104883,4718.2,2,4718.4,1,4718.6,4,4718.8,1,4719.0,1,4719.8,1,4720.0,3,4720.4,1,4720.8,1,4721.0,6,4719.2
IM2409,,13:44:21.300#,4720.8,4759.0,4710.6,5189.0,4245.8,28159,104883,4717.6,6,4718.0,3,4718.2,2,4718.4,1,4718.6,4,4719.8,1,4720.0,3,4720.4,1,4720.8,1,4721.0,6,4719.2
IM2409,,13:44:21.800#,4720.8,4759.0,4710.6,5189.0,4245.8,28160,104883,4718.0,3,4718.2,2,4718.4,1,4718.6,4,4718.8,1,4720.0,3,4720.4,1,4720.8,1,4721.0,6,4721.4,2,4719.8
IM2409,,13:44:22.300#,4720.8,4759.0,4710.6,5189.0,4245.8,28160,104883,4718.0,3,4718.2,2,4718.4,1,4718.6,3,4718.8,2,4719.8,1,4720.0,3,4720.4,1,4720.8,1,4721.0,6,4719.8
IM2409,,13:44:22.800#,4720.8,4759.0,4710.6,5189.0,4245.8,28162,104885,4718.2,2,4718.4,1,4718.6,3,4718.8,2,4719.8,4,4720.0,3,4720.4,1,4720.8,1,4721.0,6,4721.4,2,4719.8
IM2409,,13:44:23.300#,4720.8,4759.0,4710.6,5189.0,4245.8,28166,104886,4718.0,3,4718.2,3,4718.4,1,4718.6,3,4718.8,1,4720.0,3,4720.4,1,4720.8,1,4721.0,6,4721.4,2,4719.8
IM2409,,13:44:23.800#,4720.8,4759.0,4710.6,5189.0,4245.8,28166,104886,4718.0,3,4718.2,3,4718.4,1,4718.6,3,4719.0,1,4720.0,3,4720.4,1,4720.8,1,4721.0,6,4721.4,2,4719.8
IM2409,,13:44:24.800#,4720.8,4759.0,4710.6,5189.0,4245.8,28167,104886,4718.0,3,4718.2,3,4718.4,1,4718.6,3,4719.0,1,4720.0,2,4720.4,1,4720.8,1,4721.0,6,4721.4,2,4720.0
IM2409,,13:44:25.300#,4720.8,4759.0,4710.6,5189.0,4245.8,28168,104886,4718.2,3,4718.4,1,4718.6,3,4719.0,1,4719.2,2,4719.8,5,4720.0,2,4720.4,1,4720.8,1,4721.0,6,4720.0
IM2409,,13:44:25.800#,4720.8,4759.0,4710.6,5189.0,4245.8,28168,104886,4718.0,3,4718.2,3,4718.4,1,4718.6,3,4719.2,3,4719.8,5,4720.0,2,4720.4,1,4720.8,1,4721.0,6,4720.0
IM2409,,13:44:26.300#,4720.8,4759.0,4710.6,5189.0,4245.8,28168,104886,4718.0,3,4718.2,3,4718.4,1,4718.6,3,4719.2,1,4719.8,5,4720.0,2,4720.4,1,4720.8,1,4721.0,6,4720.0
IM2409,,13:44:29.300#,4720.8,4759.0,4710.6,5189.0,4245.8,28168,104886,4718.0,3,4718.2,3,4718.4,2,4718.6,3,4719.2,1,4719.8,5,4720.0,2,4720.4,1,4720.8,1,4721.0,6,4720.0
IM2409,,13:44:29.800#,4720.8,4759.0,4710.6,5189.0,4245.8,28169,104886,4718.0,3,4718.2,3,4718.4,2,4718.6,3,4719.2,1,4719.8,4,4720.0,2,4720.4,1,4720.8,1,4721.0,6,4720.0
IM2409,,13:44:31.300#,4720.8,4759.0,4710.6,5189.0,4245.8,28170,104885,4718.0,3,4718.2,3,4718.4,2,4718.6,3,4718.8,1,4719.2,1,4719.8,4,4720.0,2,4720.4,1,4720.8,1,4719.2
IM2409,,13:44:31.800#,4720.8,4759.0,4710.6,5189.0,4245.8,28171,104884,4718.0,3,4718.2,3,4718.4,2,4718.6,3,4718.8,1,4719.8,4,4720.0,2,4720.4,1,4720.8,1,4721.0,6,4719.2
IM2409,,13:44:33.800#,4720.8,4759.0,4710.6,5189.0,4245.8,28171,104884,4718.0,3,4718.2,3,4718.4,2,4718.6,3,4718.8,1,4719.6,1,4719.8,4,4720.0,2,4720.4,1,4720.8,1,4719.2
IM2409,,13:44:34.300#,4720.8,4759.0,4710.6,5189.0,4245.8,28171,104884,4718.2,3,4718.4,2,4718.6,3,4718.8,1,4719.0,1,4719.8,4,4720.0,2,4720.4,1,4720.8,1,4721.0,6,4719.2
IM2409,,13:44:34.800#,4720.8,4759.0,4710.6,5189.0,4245.8,28171,104884,4718.0,3,4718.2,3,4718.4,2,4718.6,3,4718.8,1,4719.8,5,4720.0,2,4720.4,1,4720.8,1,4721.0,6,4719.2
IM2409,,13:44:36.300#,4720.8,4759.0,4710.6,5189.0,4245.8,28171,104884,4718.0,3,4718.2,3,4718.4,2,4718.6,3,4718.8,1,4719.4,1,4719.6,1,4719.8,5,4720.0,2,4720.4,1,4719.2
IM2409,,13:44:36.800#,4720.8,4759.0,4710.6,5189.0,4245.8,28171,104884,4718.0,3,4718.2,3,4718.4,2,4718.6,3,4718.8,2,4719.6,1,4719.8,5,4720.0,2,4720.4,1,4720.8,1,4719.2
IM2409,,13:44:37.300#,4720.8,4759.0,4710.6,5189.0,4245.8,28171,104884,4718.2,3,4718.4,2,4718.6,3,4718.8,2,4719.0,1,4719.8,5,4720.0,2,4720.4,1,4720.8,1,4721.0,6,4719.2
IM2409,,13:44:37.800#,4720.8,4759.0,4710.6,5189.0,4245.8,28172,104883,4718.2,3,4718.4,2,4718.6,3,4718.8,2,4719.2,1,4719.8,4,4720.0,2,4720.4,1,4720.8,1,4721.0,6,4719.8
IM2409,,13:44:38.300#,4720.8,4759.0,4710.6,5189.0,4245.8,28172,104883,4718.0,3,4718.2,3,4718.4,2,4718.6,3,4718.8,2,4719.8,4,4720.0,2,4720.4,1,4720.8,1,4721.0,6,4719.8
IM2409,,13:44:38.800#,4720.8,4759.0,4710.6,5189.0,4245.8,28173,104883,4718.0,3,4718.2,3,4718.4,2,4718.6,3,4718.8,2,4719.8,3,4720.0,2,4720.4,1,4720.8,1,4721.0,6,4719.8
IM2409,,13:44:39.300#,4720.8,4759.0,4710.6,5189.0,4245.8,28174,104883,4718.0,3,4718.2,3,4718.4,2,4718.6,3,4718.8,2,4719.8,3,4720.0,2,4720.4,1,4720.8,1,4721.0,6,4719.8
IM2409,,13:44:39.800#,4720.8,4759.0,4710.6,5189.0,4245.8,28174,104883,4718.2,3,4718.4,2,4718.6,3,4718.8,2,4719.0,1,4719.8,3,4720.0,2,4720.4,1,4720.8,1,4721.0,6,4719.8
IM2409,,13:44:40.300#,4720.8,4759.0,4710.6,5189.0,4245.8,28174,104883,4718.2,3,4718.4,2,4718.6,3,4718.8,2,4719.0,1,4719.4,1,4719.6,1,4719.8,3,4720.0,2,4720.4,1,4719.8
IM2409,,13:44:41.300#,4720.8,4759.0,4710.6,5189.0,4245.8,28174,104883,4718.2,3,4718.4,2,4718.6,3,4718.8,2,4719.0,6,4719.4,1,4719.6,1,4719.8,3,4720.0,2,4720.4,1,4719.8
IM2409,,13:44:41.800#,4720.8,4759.0,4710.6,5189.0,4245.8,28175,104882,4718.2,3,4718.4,2,4718.6,3,4718.8,2,4719.0,6,4719.6,1,4719.8,2,4720.0,2,4720.4,1,4720.8,1,4719.4
IM2409,,13:44:42.300#,4720.8,4759.0,4710.6,5189.0,4245.8,28175,104882,4718.2,3,4718.4,2,4718.6,3,4718.8,2,4719.0,6,4719.8,2,4720.0,2,4720.4,1,4720.8,1,4721.0,6,4719.4
IM2409,,13:44:42.800#,4720.8,4759.0,4710.6,5189.0,4245.8,28176,104882,4718.2,3,4718.4,2,4718.6,3,4718.8,2,4719.0,5,4719.6,4,4719.8,2,4720.0,2,4720.4,1,4720.8,1,4719.6
IM2409,,13:44:43.800#,4720.8,4759.0,4710.6,5189.0,4245.8,28176,104882,4718.2,3,4718.4,2,4718.6,3,4718.8,2,4719.0,5,4719.2,1,4719.6,4,4719.8,2,4720.0,2,4720.4,1,4719.6
IM2409,,13:44:44.300#,4720.8,4759.0,4710.6,5189.0,4245.8,28177,104881,4718.2,3,4718.4,2,4718.6,3,4718.8,2,4719.0,5,4719.6,4,4719.8,2,4720.0,2,4720.4,1,4720.8,1,4719.2
IM2409,,13:44:45.800#,4720.8,4759.0,4710.6,5189.0,4245.8,28177,104881,4718.4,2,4718.6,3,4718.8,2,4719.0,5,4719.2,1,4719.6,4,4719.8,2,4720.0,2,4720.4,1,4720.8,1,4719.2
IM2409,,13:44:46.300#,4720.8,4759.0,4710.6,5189.0,4245.8,28178,104880,4718.2,3,4718.4,2,4718.6,3,4718.8,2,4719.0,5,4719.6,4,4719.8,2,4720.0,2,4720.4,1,4720.8,1,4719.2
IM2409,,13:44:47.800#,4720.8,4759.0,4710.6,5189.0,4245.8,28180,104878,4718.2,3,4718.4,2,4718.6,3,4718.8,2,4719.0,5,4719.6,2,4719.8,2,4720.0,2,4720.4,1,4720.8,1,4719.6
IM2409,,13:44:48.300#,4720.8,4759.0,4710.6,5189.0,4245.8,28180,104878,4718.4,2,4718.6,3,4718.8,2,4719.0,5,4719.2,1,4719.6,2,4719.8,2,4720.0,2,4720.4,1,4720.8,1,4719.6
IM2409,,13:44:48.800#,4720.8,4759.0,4710.6,5189.0,4245.8,28180,104878,4718.4,2,4718.6,3,4718.8,2,4719.0,5,4719.2,1,4719.4,2,4719.6,2,4719.8,2,4720.0,2,4720.4,1,4719.6
IM2409,,13:44:50.800#,4720.8,4759.0,4710.6,5189.0,4245.8,28182,104878,4718.4,2,4718.6,3,4718.8,2,4719.0,5,4719.2,1,4719.6,2,4719.8,2,4720.0,2,4720.4,1,4720.8,1,4719.4
IM2409,,13:44:51.300#,4720.8,4759.0,4710.6,5189.0,4245.8,28183,104878,4718.6,3,4718.8,2,4719.0,5,4719.2,1,4719.4,1,4719.6,1,4719.8,2,4720.0,2,4720.4,1,4720.8,1,4719.6
IM2409,,13:44:51.800#,4720.8,4759.0,4710.6,5189.0,4245.8,28184,104878,4718.6,3,4718.8,2,4719.0,5,4719.2,1,4719.4,1,4719.8,2,4720.0,2,4720.4,1,4720.8,1,4721.0,6,4719.6
IM2409,,13:44:52.300#,4720.8,4759.0,4710.6,5189.0,4245.8,28186,104878,4718.6,3,4718.8,2,4719.0,5,4719.2,1,4719.4,1,4720.0,2,4720.4,1,4720.8,1,4721.0,6,4721.4,2,4719.8
IM2409,,13:44:52.800#,4720.8,4759.0,4710.6,5189.0,4245.8,28186,104878,4718.6,3,4718.8,2,4719.0,5,4719.2,1,4719.4,1,4719.6,1,4720.0,2,4720.4,1,4721.0,6,4721.4,2,4719.8
IM2409,,13:44:53.300#,4720.8,4759.0,4710.6,5189.0,4245.8,28187,104877,4718.6,3,4718.8,2,4719.0,5,4719.2,1,4719.4,1,4720.0,2,4720.4,1,4721.0,6,4721.4,2,4721.8,1,4719.6
IM2409,,13:44:53.800#,4720.8,4759.0,4710.6,5189.0,4245.8,28189,104878,4718.6,3,4718.8,2,4719.0,5,4719.2,1,4719.6,2,4720.4,1,4721.0,6,4721.4,2,4721.8,1,4722.0,2,4720.0
IM2409,,13:44:54.300#,4720.8,4759.0,4710.6,5189.0,4245.8,28191,104877,4719.0,5,4719.2,1,4719.6,2,4719.8,2,4720.0,1,4721.0,6,4721.4,2,4721.8,1,4722.0,2,4722.4,1,4720.0
IM2409,,13:44:55.300#,4720.8,4759.0,4710.6,5189.0,4245.8,28191,104877,4719.0,5,4719.2,1,4719.6,2,4719.8,1,4720.0,1,4721.0,6,4721.4,2,4721.8,1,4722.0,2,4722.4,1,4720.0
IM2409,,13:44:55.800#,4720.8,4759.0,4710.6,5189.0,4245.8,28191,104877,4718.8,2,4719.0,5,4719.2,1,4719.8,1,4720.0,1,4721.0,6,4721.4,2,4721.8,1,4722.0,2,4722.4,1,4720.0
IM2409,,13:44:56.300#,4720.8,4759.0,4710.6,5189.0,4245.8,28191,104877,4719.0,5,4719.2,1,4719.4,1,4719.8,1,4720.0,1,4721.0,6,4721.4,2,4721.8,1,4722.0,2,4722.4,1,4720.0
IM2409,,13:44:57.300#,4720.8,4759.0,4710.6,5189.0,4245.8,28192,104877,4718.8,2,4719.0,5,4719.2,1,4719.4,1,4719.8,1,4721.0,6,4721.4,2,4721.8,1,4722.0,1,4722.4,1,4720.0
IM2409,,13:44:57.800#,4720.8,4759.0,4710.6,5189.0,4245.8,28193,104877,4718.6,2,4718.8,2,4719.0,5,4719.2,1,4719.4,1,4720.8,1,4721.0,6,4721.4,2,4721.8,1,4722.0,1,4719.8
IM2409,,13:44:58.300#,4720.8,4759.0,4710.6,5189.0,4245.8,28193,104877,4719.0,5,4719.2,1,4719.4,3,4719.6,7,4720.0,1,4720.8,1,4721.0,6,4721.4,2,4721.8,1,4722.0,1,4719.8
IM2409,,13:44:58.800#,4720.8,4759.0,4710.6,5189.0,4245.8,28193,104877,4719.0,5,4719.2,1,4719.4,3,4719.6,7,4720.0,1,4721.0,6,4721.4,2,4721.8,1,4722.0,1,4722.4,1,4719.8
IM2409,,13:44:59.300#,4720.8,4759.0,4710.6,5189.0,4245.8,28194,104878,4718.8,2,4719.0,5,4719.2,1,4719.4,3,4719.6,4,4721.0,7,4721.4,2,4721.8,1,4722.0,1,4722.4,1,4720.0
IM2409,,13:44:59.800#,4720.8,4759.0,4710.6,5189.0,4245.8,28195,104879,4718.8,2,4719.0,5,4719.2,1,4719.4,3,4719.6,3,4721.0,7,4721.4,2,4721.8,1,4722.0,1,4722.4,1,4720.6
IM2409,,13:45:00.300#,4720.8,4759.0,4710.6,5189.0,4245.8,28195,104879,4719.0,5,4719.2,1,4719.4,3,4719.6,2,4719.8,3,4721.0,6,4721.4,2,4721.8,1,4722.0,1,4722.4,1,4720.6
IM2409,,13:45:00.800#,4720.8,4759.0,4710.6,5189.0,4245.8,28195,104879,4719.0,5,4719.2,1,4719.4,3,4719.6,2,4719.8,1,4721.0,6,4721.4,2,4721.8,1,4722.0,1,4722.4,1,4720.6
IM2409,,13:45:01.800#,4720.8,4759.0,4710.6,5189.0,4245.8,28195,104879,4719.0,5,4719.2,1,4719.4,3,4719.6,2,4719.8,1,4720.8,1,4721.0,6,4721.4,2,4721.8,1,4722.0,1,4720.6
IM2409,,13:45:02.800#,4720.8,4759.0,4710.6,5189.0,4245.8,28195,104879,4719.2,1,4719.4,3,4719.6,2,4719.8,1,4720.0,1,4720.8,1,4721.0,6,4721.4,2,4721.8,1,4722.0,1,4720.6
IM2409,,13:45:03.300#,4720.8,4759.0,4710.6,5189.0,4245.8,28195,104879,4719.0,5,4719.2,2,4719.4,3,4719.6,2,4719.8,2,4720.8,1,4721.0,6,4721.4,2,4721.8,1,4722.0,1,4720.6
IM2409,,13:45:03.800#,4720.8,4759.0,4710.6,5189.0,4245.8,28195,104879,4719.0,5,4719.2,2,4719.4,3,4719.6,2,4719.8,2,4720.8,1,4721.0,6,4721.4,2,4721.8,1,4722.0,2,4720.6
IM2409,,13:45:04.300#,4720.8,4759.0,4710.6,5189.0,4245.8,28196,104878,4719.0,5,4719.2,2,4719.4,3,4719.6,2,4719.8,2,4720.8,1,4721.0,6,4721.4,2,4721.8,1,4722.0,2,4720.0
IM2409,,13:45:04.800#,4720.8,4759.0,4710.6,5189.0,4245.8,28197,104878,4719.0,5,4719.2,1,4719.4,3,4719.6,2,4719.8,1,4720.6,2,4720.8,2,4721.0,6,4721.4,2,4721.8,1,4719.8
IM2409,,13:45:05.300#,4720.8,4759.0,4710.6,5189.0,4245.8,28199,104877,4718.6,1,4718.8,2,4719.0,5,4719.2,1,4719.4,1,4720.4,3,4720.6,3,4720.8,2,4721.0,6,4721.4,2,4720.2
IM2409,,13:45:05.800#,4720.8,4759.0,4710.6,5189.0,4245.8,28203,104876,4718.4,2,4718.6,1,4718.8,2,4719.0,5,4719.2,1,4720.2,3,4720.4,3,4720.6,3,4720.8,1,4721.0,6,4719.8
IM2409,,13:45:06.300#,4720.8,4759.0,4710.6,5189.0,4245.8,28203,104876,4718.4,2,4718.6,1,4718.8,2,4719.0,5,4719.2,1,4720.2,4,4720.4,4,4720.6,3,4720.8,2,4721.0,6,4719.8
IM2409,,13:45:06.800#,4720.8,4759.0,4710.6,5189.0,4245.8,28203,104876,4718.4,2,4718.6,1,4718.8,2,4719.0,5,4719.2,1,4720.0,1,4720.2,4,4720.4,3,4720.6,3,4720.8,2,4719.8
IM2409,,13:45:07.300#,4720.8,4759.0,4710.6,5189.0,4245.8,28203,104876,4718.6,1,4718.8,2,4719.0,5,4719.2,1,4719.8,1,4720.0,2,4720.2,2,4720.4,3,4720.6,3,4720.8,2,4719.8
IM2409,,13:45:07.800#,4720.8,4759.0,4710.6,5189.0,4245.8,28204,104877,4718.4,2,4718.6,1,4718.8,2,4719.0,5,4719.2,1,4719.8,1,4720.0,2,4720.2,1,4720.4,3,4720.6,3,4719.8
IM2409,,13:45:08.300#,4720.8,4759.0,4710.6,5189.0,4245.8,28204,104877,4718.4,2,4718.6,1,4718.8,2,4719.0,5,4719.2,1,4719.8,2,4720.0,2,4720.2,1,4720.4,3,4720.6,3,4719.8
IM2409,,13:45:08.800#,4720.8,4759.0,4710.6,5189.0,4245.8,28205,104878,4718.4,2,4718.6,1,4718.8,2,4719.0,5,4719.2,1,4719.8,1,4720.0,2,4720.2,1,4720.4,3,4720.6,3,4719.8
IM2409,,13:45:09.800#,4720.8,4759.0,4710.6,5189.0,4245.8,28206,104878,4718.2,3,4718.4,2,4718.6,1,4718.8,2,4719.0,5,4719.8,1,4720.0,2,4720.2,1,4720.4,4,4720.6,3,4719.2
IM2409,,13:45:10.300#,4720.8,4759.0,4710.6,5189.0,4245.8,28206,104878,4718.4,2,4718.6,1,4718.8,2,4719.0,5,4719.2,1,4719.8,2,4720.0,2,4720.2,1,4720.4,4,4720.6,3,4719.2
IM2409,,13:45:10.800#,4720.8,4759.0,4710.6,5189.0,4245.8,28207,104879,4718.2,3,4718.4,2,4718.6,1,4718.8,2,4719.0,5,4719.8,2,4720.0,2,4720.2,1,4720.4,4,4720.6,3,4719.2
IM2409,,13:45:11.800#,4720.8,4759.0,4710.6,5189.0,4245.8,28208,104879,4718.2,3,4718.4,2,4718.6,2,4718.8,2,4719.0,4,4719.6,1,4719.8,2,4720.0,2,4720.2,1,4720.4,4,4719.0
IM2409,,13:45:12.300#,4720.8,4759.0,4710.6,5189.0,4245.8,28210,104881,4718.2,3,4718.4,2,4718.6,2,4718.8,2,4719.0,2,4719.6,3,4719.8,2,4720.0,1,4720.2,1,4720.4,4,4719.0
IM2409,,13:45:12.800#,4720.8,4759.0,4710.6,5189.0,4245.8,28214,104885,4717.6,6,4718.0,3,4718.2,3,4718.4,2,4718.6,2,4719.6,3,4719.8,1,4720.0,1,4720.2,1,4720.4,4,4718.8
IM2409,,13:45:13.300#,4720.8,4759.0,4710.6,5189.0,4245.8,28214,104885,4717.6,6,4718.0,3,4718.2,3,4718.4,1,4718.6,2,4719.2,1,4719.4,2,4719.6,3,4719.8,1,4720.0,1,4718.8
IM2409,,13:45:13.800#,4720.8,4759.0,4710.6,5189.0,4245.8,28217,104884,4717.2,3,4717.4,3,4717.6,6,4718.0,3,4718.2,3,4718.6,1,4719.0,1,4719.2,3,4719.4,4,4719.6,4,4718.4
IM2409,,13:45:14.300#,4720.8,4759.0,4710.6,5189.0,4245.8,28225,104881,4717.0,25,4717.2,3,4717.4,3,4717.6,6,4718.0,3,4719.2,3,4719.4,3,4719.6,3,4719.8,1,4720.0,1,4718.6
IM2409,,13:45:14.800#,4720.8,4759.0,4710.6,5189.0,4245.8,28225,104881,4717.0,25,4717.2,3,4717.4,3,4717.6,6,4718.0,3,4718.6,1,4718.8,2,4719.0,2,4719.2,3,4719.4,3,4718.6
IM2409,,13:45:15.300#,4720.8,4759.0,4710.6,5189.0,4245.8,28226,104881,4717.0,25,4717.2,3,4717.4,3,4717.6,6,4718.0,3,4718.8,1,4719.0,1,4719.2,2,4719.4,3,4719.6,2,4718.6
IM2409,,13:45:15.800#,4720.8,4759.0,4710.6,5189.0,4245.8,28228,104880,4717.2,3,4717.4,3,4717.6,6,4718.0,3,4718.2,1,4719.0,1,4719.2,2,4719.4,2,4719.6,2,4719.8,1,4718.6
IM2409,,13:45:16.300#,4720.8,4759.0,4710.6,5189.0,4245.8,28229,104879,4717.2,3,4717.4,3,4717.6,6,4718.0,3,4718.2,1,4719.2,2,4719.4,2,4719.6,2,4719.8,1,4720.0,1,4719.0
IM2409,,13:45:16.800#,4720.8,4759.0,4710.6,5189.0,4245.8,28229,104879,4717.2,3,4717.4,3,4717.6,6,4718.0,3,4718.2,2,4719.2,1,4719.4,2,4719.6,2,4719.8,1,4720.0,1,4719.0
IM2409,,13:45:17.300#,4720.8,4759.0,4710.6,5189.0,4245.8,28229,104879,4717.2,3,4717.4,3,4717.6,6,4718.0,5,4718.2,1,4719.2,1,4719.4,2,4719.6,2,4719.8,1,4720.0,1,4719.0
IM2409,,13:45:17.800#,4720.8,4759.0,4710.6,5189.0,4245.8,28229,104879,4717.0,25,4717.2,3,4717.4,3,4717.6,6,4718.0,5,4719.2,1,4719.4,2,4719.6,1,4719.8,1,4720.0,1,4719.0
IM2409,,13:45:18.800#,4720.8,4759.0,4710.6,5189.0,4245.8,28229,104879,4717.2,3,4717.4,3,4717.6,6,4718.0,6,4718.2,1,4719.0,1,4719.2,1,4719.4,2,4719.6,1,4719.8,1,4719.0
IM2409,,13:45:19.300#,4720.8,4759.0,4710.6,5189.0,4245.8,28229,104879,4717.2,3,4717.4,3,4717.6,6,4718.0,6,4718.2,2,4719.0,2,4719.2,1,4719.4,2,4719.6,1,4719.8,1,4719.0
IM2409,,13:45:19.800#,4720.8,4759.0,4710.6,5189.0,4245.8,28233,104880,4717.4,2,4717.6,6,4718.0,6,4718.2,1,4719.0,2,4719.2,1,4719.4,2,4719.6,1,4719.8,1,4720.0,1,4719.0
IM2409,,13:45:20.300#,4720.8,4759.0,4710.6,5189.0,4245.8,28235,104882,4717.2,4,4717.4,2,4717.6,6,4718.0,6,4718.2,1,4718.8,1,4719.0,6,4719.2,2,4719.4,2,4719.6,1,4719.0
IM2409,,13:45:20.800#,4720.8,4759.0,4710.6,5189.0,4245.8,28236,104882,4717.4,2,4717.6,6,4718.0,6,4718.2,1,4718.4,1,4719.0,5,4719.2,2,4719.4,2,4719.6,1,4719.8,1,4718.8
IM2409,,13:45:21.800#,4720.8,4759.0,4710.6,5189.0,4245.8,28236,104882,4717.4,2,4717.6,6,4718.0,6,4718.2,1,4718.4,3,4719.0,5,4719.2,2,4719.4,2,4719.6,1,4719.8,1,4718.8
IM2409,,13:45:22.300#,4720.8,4759.0,4710.6,5189.0,4245.8,28240,104884,4717.4,2,4717.6,6,4718.0,6,4718.2,1,4718.4,3,4719.0,1,4719.2,1,4719.4,1,4720.4,2,4720.6,2,4719.0
IM2409,,13:45:22.800#,4720.8,4759.0,4710.6,5189.0,4245.8,28240,104884,4717.4,2,4717.6,6,4718.0,6,4718.2,1,4718.4,2,4719.0,1,4719.2,1,4719.4,1,4720.4,2,4720.6,2,4719.0
IM2409,,13:45:23.300#,4720.8,4759.0,4710.6,5189.0,4245.8,28240,104884,4717.4,1,4717.6,6,4718.0,6,4718.2,2,4718.4,2,4719.0,1,4719.2,1,4719.4,1,4720.4,2,4720.6,2,4719.0
IM2409,,13:45:24.800#,4720.8,4759.0,4710.6,5189.0,4245.8,28240,104884,4717.6,6,4718.0,6,4718.2,2,4718.4,2,4718.6,1,4719.0,1,4719.2,1,4719.4,1,4720.4,2,4720.6,2,4719.0
