InstrumentId,ExchangeId,Datetime,OpenPrice,HighestPrice,LowestPrice,UpperLimitPrice,LowerLimitPrice,Volume,OpenInterest,BidPrice5,BidVolume5,BidPrice4,BidVolume4,BidPrice3,BidVolume3,BidPrice2,BidVolume2,BidPrice1,BidVolume1,AskPrice1,AskVolume1,AskPrice2,AskVolume2,AskPrice3,AskVolume3,AskPrice4,AskVolume4,AskPrice5,AskVolume5,LastPrice
IM2503,,13:38:34.800#,4569.6,4579.2,4531.6,5084.2,4159.8,3458,3382,4528.8,1,4530.0,2,4534.0,1,4535.0,1,4535.4,1,4537.4,1,4537.6,1,4538.2,1,4538.8,1,4544.0,1,4536.8
IM2503,,13:38:35.300#,4569.6,4579.2,4531.6,5084.2,4159.8,3458,3382,4528.8,1,4530.0,2,4534.0,1,4535.0,1,4535.4,1,4537.2,2,4537.4,1,4537.6,1,4538.2,1,4538.8,1,4536.8
IM2503,,13:38:35.800#,4569.6,4579.2,4531.6,5084.2,4159.8,3458,3382,4528.8,1,4530.0,2,4534.0,1,4535.0,1,4535.4,1,4537.0,1,4537.2,2,4537.6,1,4538.2,1,4538.8,1,4536.8
IM2503,,13:38:36.300#,4569.6,4579.2,4531.6,5084.2,4159.8,3458,3382,4530.0,2,4534.0,1,4535.0,1,4535.4,1,4535.6,2,4537.0,1,4537.2,1,4537.6,1,4538.2,1,4538.8,1,4536.8
IM2503,,13:38:36.800#,4569.6,4579.2,4531.6,5084.2,4159.8,3459,3383,4530.0,2,4534.0,1,4535.0,1,4535.4,1,4535.6,1,4537.2,1,4537.6,1,4538.2,1,4538.8,1,4544.0,1,4535.6
IM2503,,13:38:37.300#,4569.6,4579.2,4531.6,5084.2,4159.8,3459,3383,4530.0,2,4534.0,1,4535.0,1,4535.4,1,4535.6,1,4537.0,1,4537.2,1,4537.6,1,4538.2,1,4538.8,1,4535.6
IM2503,,13:38:37.800#,4569.6,4579.2,4531.6,5084.2,4159.8,3459,3383,4528.8,1,4530.0,2,4534.0,1,4535.0,1,4535.4,1,4537.0,1,4537.2,1,4537.6,1,4538.2,1,4538.8,1,4535.6
IM2503,,13:38:38.300#,4569.6,4579.2,4531.6,5084.2,4159.8,3459,3383,4530.0,2,4534.0,1,4535.0,1,4535.4,1,4535.6,2,4537.2,1,4537.6,1,4538.2,1,4538.8,1,4544.0,1,4535.6
IM2503,,13:38:39.300#,4569.6,4579.2,4531.6,5084.2,4159.8,3459,3383,4534.0,1,4535.0,1,4535.4,1,4535.6,2,4535.8,1,4537.2,1,4537.6,1,4538.2,1,4538.8,1,4544.0,1,4535.6
IM2503,,13:38:40.300#,4569.6,4579.2,4531.6,5084.2,4159.8,3459,3383,4534.0,1,4535.0,1,4535.4,1,4535.6,2,4535.8,2,4537.2,1,4537.6,1,4538.2,1,4538.8,1,4544.0,1,4535.6
IM2503,,13:38:41.300#,4569.6,4579.2,4531.6,5084.2,4159.8,3459,3383,4530.0,2,4534.0,1,4535.0,1,4535.4,1,4535.8,1,4536.6,1,4537.0,1,4537.6,1,4538.2,1,4538.8,1,4535.6
IM2503,,13:38:41.800#,4569.6,4579.2,4531.6,5084.2,4159.8,3461,3385,4530.0,2,4534.0,1,4535.0,1,4535.4,1,4535.8,1,4537.0,1,4537.6,1,4538.2,1,4538.8,1,4544.0,1,4537.0
IM2503,,13:38:42.300#,4569.6,4579.2,4531.6,5084.2,4159.8,3461,3385,4534.0,1,4535.0,1,4535.4,1,4535.8,1,4536.6,1,4537.0,1,4537.6,1,4538.2,1,4538.8,1,4544.0,1,4537.0
IM2503,,13:38:42.800#,4569.6,4579.2,4531.6,5084.2,4159.8,3462,3386,4530.0,2,4534.0,1,4535.0,1,4535.4,1,4535.8,1,4536.4,1,4537.0,1,4537.6,1,4538.2,1,4538.8,1,4536.6
IM2503,,13:38:43.300#,4569.6,4579.2,4531.6,5084.2,4159.8,3462,3386,4530.0,2,4534.0,1,4535.0,1,4535.4,1,4535.8,1,4536.4,1,4537.6,1,4538.2,1,4538.8,1,4544.0,1,4536.6
IM2503,,13:38:44.300#,4569.6,4579.2,4531.6,5084.2,4159.8,3462,3386,4530.0,2,4534.0,1,4535.0,1,4535.4,1,4535.8,1,4537.6,1,4538.2,1,4538.8,1,4544.0,1,4547.2,1,4536.6
IM2503,,13:38:44.800#,4569.6,4579.2,4531.6,5084.2,4159.8,3463,3387,4528.8,1,4530.0,2,4534.0,1,4535.0,1,4535.4,1,4537.4,2,4537.6,1,4538.2,1,4538.8,1,4544.0,1,4535.8
IM2503,,13:38:45.300#,4569.6,4579.2,4531.6,5084.2,4159.8,3463,3387,4530.0,2,4534.0,1,4535.0,1,4535.4,1,4535.6,1,4537.2,1,4537.4,2,4537.6,1,4538.2,1,4538.8,1,4535.8
IM2503,,13:38:45.800#,4569.6,4579.2,4531.6,5084.2,4159.8,3463,3387,4530.0,2,4534.0,1,4535.0,1,4535.4,1,4535.6,2,4537.4,2,4537.6,1,4538.2,1,4538.8,1,4544.0,1,4535.8
IM2503,,13:38:46.300#,4569.6,4579.2,4531.6,5084.2,4159.8,3463,3387,4534.0,1,4535.0,1,4535.4,1,4535.6,2,4535.8,1,4537.6,1,4538.2,1,4538.8,1,4544.0,1,4547.2,1,4535.8
IM2503,,13:38:46.800#,4569.6,4579.2,4531.6,5084.2,4159.8,3463,3387,4535.0,1,4535.4,1,4535.6,1,4535.8,1,4536.0,1,4537.6,1,4538.2,1,4538.8,1,4544.0,1,4547.2,1,4535.8
IM2503,,13:38:50.800#,4569.6,4579.2,4531.6,5084.2,4159.8,3463,3387,4535.0,1,4535.4,1,4535.6,1,4535.8,1,4536.0,1,4537.4,1,4537.6,1,4538.2,1,4538.8,1,4544.0,1,4535.8
IM2503,,13:38:52.300#,4569.6,4579.2,4531.6,5084.2,4159.8,3463,3387,4535.0,1,4535.4,1,4535.6,1,4535.8,1,4536.0,1,4537.6,1,4538.2,1,4538.8,1,4544.0,1,4547.2,1,4535.8
IM2503,,13:38:52.800#,4569.6,4579.2,4531.6,5084.2,4159.8,3464,3388,4534.0,1,4535.0,1,4535.4,1,4535.6,1,4535.8,1,4537.6,1,4538.2,1,4538.8,1,4544.0,1,4547.2,1,4535.8
IM2503,,13:38:53.300#,4569.6,4579.2,4531.6,5084.2,4159.8,3464,3388,4535.0,1,4535.4,1,4535.6,1,4535.8,1,4536.0,1,4537.6,1,4538.2,1,4538.8,1,4544.0,1,4547.2,1,4535.8
IM2503,,13:38:54.300#,4569.6,4579.2,4531.6,5084.2,4159.8,3465,3389,4535.4,1,4535.6,1,4535.8,1,4536.0,1,4537.6,1,4538.8,1,4544.0,1,4547.2,1,4547.4,1,4549.6,5,4538.2
IM2503,,13:38:54.800#,4569.6,4579.2,4531.6,5084.2,4159.8,3466,3390,4535.4,1,4535.6,1,4535.8,1,4536.0,1,4537.6,1,4538.8,1,4544.0,1,4547.2,1,4547.4,1,4549.6,5,4538.6
IM2503,,13:38:55.300#,4569.6,4579.2,4531.6,5084.2,4159.8,3466,3390,4535.4,1,4535.6,1,4535.8,1,4536.0,1,4537.6,2,4538.8,1,4544.0,1,4547.2,1,4547.4,1,4549.6,5,4538.6
IM2503,,13:38:56.300#,4569.6,4579.2,4531.6,5084.2,4159.8,3466,3390,4535.0,1,4535.4,1,4535.6,1,4535.8,1,4536.0,1,4538.8,1,4544.0,1,4547.2,1,4547.4,1,4549.6,5,4538.6
IM2503,,13:38:56.800#,4569.6,4579.2,4531.6,5084.2,4159.8,3466,3390,4535.6,1,4535.8,1,4536.0,1,4536.2,1,4536.4,1,4538.2,1,4538.6,1,4538.8,1,4544.0,1,4547.2,1,4538.6
IM2503,,13:38:57.300#,4569.6,4579.2,4531.6,5084.2,4159.8,3466,3390,4535.4,1,4535.6,1,4535.8,1,4536.2,1,4536.6,1,4538.2,1,4538.8,1,4544.0,1,4547.2,1,4547.4,1,4538.6
IM2503,,13:38:57.800#,4569.6,4579.2,4531.6,5084.2,4159.8,3466,3390,4535.4,1,4535.6,1,4535.8,1,4536.2,1,4536.6,1,4538.8,1,4544.0,1,4547.2,1,4547.4,1,4549.6,5,4538.6
IM2503,,13:38:58.300#,4569.6,4579.2,4531.6,5084.2,4159.8,3466,3390,4535.4,1,4535.6,1,4535.8,1,4536.2,1,4536.6,1,4538.4,1,4538.6,1,4538.8,1,4544.0,1,4547.2,1,4538.6
IM2503,,13:39:00.800#,4569.6,4579.2,4531.6,5084.2,4159.8,3466,3390,4535.4,1,4535.6,1,4535.8,1,4536.2,1,4536.6,1,4538.6,1,4538.8,1,4544.0,1,4547.2,1,4547.4,1,4538.6
IM2503,,13:39:01.300#,4569.6,4579.2,4531.6,5084.2,4159.8,3466,3390,4535.6,1,4535.8,1,4536.2,1,4536.6,1,4536.8,1,4538.6,1,4538.8,1,4544.0,1,4547.2,1,4547.4,1,4538.6
IM2503,,13:39:01.800#,4569.6,4579.2,4531.6,5084.2,4159.8,3466,3390,4535.4,1,4535.6,1,4535.8,1,4536.2,1,4537.0,1,4538.6,1,4538.8,1,4544.0,1,4547.2,1,4547.4,1,4538.6
IM2503,,13:39:02.300#,4569.6,4579.2,4531.6,5084.2,4159.8,3466,3390,4535.4,1,4535.6,1,4535.8,1,4536.2,1,4537.0,1,4538.4,2,4538.6,1,4538.8,1,4544.0,1,4547.2,1,4538.6
IM2503,,13:39:02.800#,4569.6,4579.2,4531.6,5084.2,4159.8,3466,3390,4535.0,1,4535.4,1,4535.6,1,4535.8,1,4536.2,1,4538.4,2,4538.6,1,4538.8,1,4544.0,1,4547.2,1,4538.6
IM2503,,13:39:03.300#,4569.6,4579.2,4531.6,5084.2,4159.8,3466,3390,4535.4,1,4535.6,1,4535.8,1,4536.2,1,4536.6,1,4538.2,1,4538.4,2,4538.6,1,4538.8,1,4544.0,1,4538.6
IM2503,,13:39:03.800#,4569.6,4579.2,4531.6,5084.2,4159.8,3466,3390,4535.4,1,4535.6,1,4535.8,1,4536.2,1,4536.6,1,4538.2,1,4538.4,1,4538.6,1,4538.8,1,4544.0,1,4538.6
IM2503,,13:39:04.300#,4569.6,4579.2,4531.6,5084.2,4159.8,3466,3390,4535.4,1,4535.6,1,4535.8,1,4536.2,1,4536.6,1,4538.4,1,4538.6,1,4538.8,1,4544.0,1,4547.2,1,4538.6
IM2503,,13:39:04.800#,4569.6,4579.2,4531.6,5084.2,4159.8,3466,3390,4535.4,1,4535.6,1,4535.8,1,4536.2,1,4536.6,1,4538.2,1,4538.4,1,4538.6,1,4538.8,1,4544.0,1,4538.6
IM2503,,13:39:06.300#,4569.6,4579.2,4531.6,5084.2,4159.8,3466,3390,4535.0,1,4535.4,1,4535.6,1,4535.8,1,4536.6,1,4538.2,1,4538.4,1,4538.6,1,4538.8,1,4544.0,1,4538.6
IM2503,,13:39:06.800#,4569.6,4579.2,4531.6,5084.2,4159.8,3466,3390,4534.0,1,4535.0,1,4535.4,1,4535.6,1,4535.8,1,4538.0,2,4538.2,1,4538.4,1,4538.8,1,4544.0,1,4538.6
IM2503,,13:39:07.300#,4569.6,4579.2,4531.6,5084.2,4159.8,3466,3390,4535.4,1,4535.6,1,4535.8,1,4536.0,1,4536.2,1,4537.8,1,4538.0,2,4538.4,1,4538.8,1,4544.0,1,4538.6
IM2503,,13:39:07.800#,4569.6,4579.2,4531.6,5084.2,4159.8,3466,3390,4535.4,1,4535.6,1,4535.8,1,4536.0,1,4536.2,1,4538.0,2,4538.4,1,4538.8,1,4544.0,1,4547.2,1,4538.6
IM2503,,13:39:09.800#,4569.6,4579.2,4531.6,5084.2,4159.8,3467,3391,4535.0,1,4535.4,1,4535.6,1,4535.8,1,4536.0,1,4538.0,2,4538.4,1,4538.8,1,4544.0,1,4547.2,1,4536.2
IM2503,,13:39:10.300#,4569.6,4579.2,4531.6,5084.2,4159.8,3467,3391,4535.4,1,4535.6,1,4535.8,1,4536.0,1,4536.2,1,4537.8,1,4538.0,2,4538.4,1,4538.8,1,4544.0,1,4536.2
IM2503,,13:39:11.300#,4569.6,4579.2,4531.6,5084.2,4159.8,3469,3393,4534.0,1,4535.0,1,4535.4,1,4535.6,1,4535.8,1,4536.0,3,4537.8,1,4538.0,2,4538.4,1,4538.8,1,4536.0
IM2503,,13:39:11.800#,4569.6,4579.2,4531.6,5084.2,4159.8,3472,3396,4535.6,1,4535.8,3,4536.0,5,4536.6,1,4537.0,1,4537.8,1,4538.0,2,4538.4,1,4538.8,1,4544.0,1,4536.0
IM2503,,13:39:12.300#,4569.6,4579.2,4531.6,5084.2,4159.8,3474,3398,4534.0,1,4535.0,1,4535.4,1,4535.8,3,4536.0,3,4537.8,1,4538.0,3,4538.4,1,4538.8,1,4544.0,1,4537.0
IM2503,,13:39:12.800#,4569.6,4579.2,4531.6,5084.2,4159.8,3474,3398,4535.0,1,4535.4,1,4535.8,3,4536.0,3,4536.2,1,4537.8,1,4538.0,3,4538.4,1,4538.8,1,4544.0,1,4537.0
IM2503,,13:39:13.800#,4569.6,4579.2,4531.6,5084.2,4159.8,3474,3398,4535.0,1,4535.4,1,4535.8,3,4536.0,3,4536.2,1,4537.8,1,4538.0,2,4538.4,1,4538.8,1,4544.0,1,4537.0
IM2503,,13:39:14.300#,4569.6,4579.2,4531.6,5084.2,4159.8,3474,3398,4535.0,1,4535.4,1,4535.8,1,4536.0,3,4536.2,1,4537.8,1,4538.0,2,4538.4,1,4538.8,1,4544.0,1,4537.0
IM2503,,13:39:14.800#,4569.6,4579.2,4531.6,5084.2,4159.8,3474,3398,4534.0,1,4535.0,1,4535.4,1,4535.8,1,4536.0,3,4537.8,1,4538.0,2,4538.4,1,4538.8,1,4544.0,1,4537.0
IM2503,,13:39:15.800#,4569.6,4579.2,4531.6,5084.2,4159.8,3474,3398,4535.4,1,4535.8,1,4536.0,3,4536.2,1,4536.6,1,4537.8,1,4538.0,2,4538.8,1,4544.0,1,4547.2,1,4537.0
IM2503,,13:39:16.300#,4569.6,4579.2,4531.6,5084.2,4159.8,3474,3398,4535.0,1,4535.4,1,4535.8,1,4536.0,3,4536.2,1,4537.8,1,4538.0,2,4538.8,1,4544.0,1,4547.2,1,4537.0
IM2503,,13:39:16.800#,4569.6,4579.2,4531.6,5084.2,4159.8,3474,3398,4535.4,1,4535.8,1,4536.0,3,4536.2,1,4537.8,1,4538.0,2,4538.8,1,4544.0,1,4547.2,1,4547.4,1,4537.0
IM2503,,13:39:17.300#,4569.6,4579.2,4531.6,5084.2,4159.8,3477,3401,4535.8,1,4536.0,3,4536.2,1,4536.6,1,4537.8,2,4544.0,1,4547.2,1,4547.4,1,4549.6,5,4554.8,7,4538.8
IM2503,,13:39:17.800#,4569.6,4579.2,4531.6,5084.2,4159.8,3478,3402,4535.4,1,4535.8,1,4536.0,3,4537.8,2,4538.0,1,4539.4,1,4539.8,1,4540.0,1,4543.6,1,4543.8,2,4538.0
IM2503,,13:39:18.300#,4569.6,4579.2,4531.6,5084.2,4159.8,3478,3402,4535.4,1,4535.8,1,4536.0,3,4537.8,2,4538.0,1,4539.2,1,4539.4,1,4539.8,1,4540.0,1,4543.8,1,4538.0
IM2503,,13:39:18.800#,4569.6,4579.2,4531.6,5084.2,4159.8,3478,3402,4535.0,1,4535.4,1,4535.8,1,4536.0,3,4537.8,2,4539.4,1,4539.8,1,4543.8,1,4547.2,1,4547.4,1,4538.0
IM2503,,13:39:19.300#,4569.6,4579.2,4531.6,5084.2,4159.8,3478,3402,4535.4,1,4535.8,1,4536.0,3,4537.8,2,4538.0,1,4539.4,1,4539.8,1,4543.8,1,4547.2,1,4547.4,1,4538.0
IM2503,,13:39:19.800#,4569.6,4579.2,4531.6,5084.2,4159.8,3478,3402,4535.0,1,4535.4,1,4535.8,1,4536.0,3,4537.8,2,4539.2,1,4539.4,1,4539.8,1,4543.8,1,4547.2,1,4538.0
IM2503,,13:39:20.300#,4569.6,4579.2,4531.6,5084.2,4159.8,3478,3402,4535.0,1,4535.4,1,4535.8,1,4536.0,3,4537.8,2,4539.0,1,4539.2,2,4539.4,1,4539.8,1,4543.8,1,4538.0
IM2503,,13:39:21.800#,4569.6,4579.2,4531.6,5084.2,4159.8,3478,3402,4535.0,1,4535.4,1,4535.8,1,4536.0,2,4537.8,2,4539.0,1,4539.2,2,4539.4,1,4539.8,1,4543.8,1,4538.0
IM2503,,13:39:28.800#,4569.6,4579.2,4531.6,5084.2,4159.8,3478,3402,4535.0,1,4535.4,1,4535.8,1,4536.0,2,4537.8,2,4538.0,2,4539.0,1,4539.2,2,4539.4,1,4539.8,1,4538.0
IM2503,,13:39:29.300#,4569.6,4579.2,4531.6,5084.2,4159.8,3480,3404,4535.0,1,4535.4,1,4535.8,1,4536.0,2,4537.8,2,4539.0,1,4539.2,2,4539.4,1,4539.8,1,4543.8,1,4538.0
IM2503,,13:39:36.800#,4569.6,4579.2,4531.6,5084.2,4159.8,3481,3405,4535.0,1,4535.4,1,4535.8,1,4536.0,2,4537.8,1,4539.0,1,4539.2,2,4539.4,1,4539.8,1,4543.8,1,4537.8
IM2503,,13:39:39.800#,4569.6,4579.2,4531.6,5084.2,4159.8,3482,3406,4534.0,1,4535.0,1,4535.4,1,4535.8,1,4536.0,2,4537.8,4,4539.0,1,4539.2,2,4539.4,1,4539.8,1,4537.8
IM2503,,13:39:40.300#,4569.6,4579.2,4531.6,5084.2,4159.8,3485,3409,4535.8,1,4536.0,2,4536.2,1,4536.4,2,4536.8,1,4537.8,1,4539.2,2,4539.4,1,4539.8,1,4547.2,1,4537.8
IM2503,,13:39:40.800#,4569.6,4579.2,4531.6,5084.2,4159.8,3486,3410,4536.2,1,4536.4,2,4536.8,1,4537.8,1,4538.8,1,4539.2,1,4539.4,1,4539.8,1,4547.2,1,4547.4,1,4537.8
IM2503,,13:39:41.300#,4569.6,4579.2,4531.6,5084.2,4159.8,3487,3411,4535.4,1,4535.8,1,4536.0,2,4536.4,1,4537.8,1,4538.8,4,4539.2,1,4539.4,1,4539.8,1,4547.2,1,4538.2
IM2503,,13:39:41.800#,4569.6,4579.2,4531.6,5084.2,4159.8,3487,3411,4535.0,1,4535.4,1,4535.8,1,4536.0,2,4536.4,1,4538.6,1,4538.8,4,4539.2,1,4539.4,1,4539.8,1,4538.2
IM2503,,13:39:42.300#,4569.6,4579.2,4531.6,5084.2,4159.8,3487,3411,4535.8,1,4536.0,2,4536.4,1,4536.6,1,4536.8,1,4538.6,1,4538.8,4,4539.2,1,4539.4,1,4539.8,1,4538.2
IM2503,,13:39:42.800#,4569.6,4579.2,4531.6,5084.2,4159.8,3487,3411,4535.8,1,4536.0,2,4536.4,1,4536.8,1,4537.0,1,4538.6,1,4538.8,4,4539.2,1,4539.4,1,4539.8,1,4538.2
IM2503,,13:39:50.800#,4569.6,4579.2,4531.6,5084.2,4159.8,3488,3412,4535.4,1,4535.8,1,4536.0,2,4536.4,1,4536.8,1,4538.6,1,4538.8,4,4539.2,1,4539.4,1,4539.8,1,4537.0
IM2503,,13:39:52.800#,4569.6,4579.2,4531.6,5084.2,4159.8,3488,3412,4535.4,1,4535.8,1,4536.0,2,4536.4,1,4536.8,1,4538.0,1,4538.6,1,4538.8,3,4539.2,1,4539.4,1,4537.0
IM2503,,13:39:53.300#,4569.6,4579.2,4531.6,5084.2,4159.8,3488,3412,4535.4,1,4535.8,1,4536.0,2,4536.4,1,4536.8,1,4537.8,1,4538.0,1,4538.8,2,4539.2,1,4539.4,1,4537.0
IM2503,,13:39:59.800#,4569.6,4579.2,4531.6,5084.2,4159.8,3490,3414,4535.8,1,4536.0,2,4536.4,1,4536.8,1,4537.0,1,4538.8,2,4539.2,1,4539.4,1,4539.8,1,4547.2,1,4538.0
IM2503,,13:40:00.300#,4569.6,4579.2,4531.6,5084.2,4159.8,3490,3414,4536.4,1,4536.8,1,4537.0,1,4537.2,1,4537.8,1,4538.6,1,4539.2,1,4539.4,1,4539.8,1,4547.2,1,4538.0
IM2503,,13:40:00.800#,4569.6,4579.2,4531.6,5084.2,4159.8,3490,3414,4536.0,2,4536.4,1,4536.8,1,4537.2,1,4537.8,1,4539.2,1,4539.4,1,4539.8,1,4547.2,1,4547.4,1,4538.0
IM2503,,13:40:01.300#,4569.6,4579.2,4531.6,5084.2,4159.8,3490,3414,4535.8,1,4536.0,2,4536.4,1,4536.8,1,4537.2,1,4539.0,1,4539.2,1,4539.4,1,4539.8,1,4547.2,1,4538.0
IM2503,,13:40:03.300#,4569.6,4579.2,4531.6,5084.2,4159.8,3490,3414,4536.0,2,4536.4,1,4536.8,1,4537.0,2,4537.2,1,4539.0,1,4539.2,1,4539.4,1,4539.8,1,4547.2,1,4538.0
IM2503,,13:40:03.800#,4569.6,4579.2,4531.6,5084.2,4159.8,3490,3414,4536.4,1,4536.8,1,4537.0,2,4537.2,1,4537.4,1,4539.0,1,4539.2,1,4539.4,1,4539.8,1,4547.2,1,4538.0
IM2503,,13:40:04.300#,4569.6,4579.2,4531.6,5084.2,4159.8,3490,3414,4536.0,2,4536.4,1,4536.8,1,4537.0,2,4537.2,1,4539.0,1,4539.2,1,4539.4,1,4539.8,1,4547.2,1,4538.0
IM2503,,13:40:04.800#,4569.6,4579.2,4531.6,5084.2,4159.8,3492,3416,4535.8,1,4536.0,2,4536.4,1,4536.8,1,4537.0,2,4537.2,3,4539.0,1,4539.2,1,4539.4,1,4539.8,1,4537.2
IM2503,,13:40:05.300#,4569.6,4579.2,4531.6,5084.2,4159.8,3495,3419,4536.4,1,4536.8,1,4537.0,2,4537.2,3,4538.2,2,4539.0,1,4539.2,1,4539.4,1,4539.8,1,4547.2,1,4537.2
IM2503,,13:40:05.800#,4569.6,4579.2,4531.6,5084.2,4159.8,3495,3419,4536.4,1,4536.8,1,4537.0,2,4537.2,6,4538.2,2,4539.0,1,4539.2,1,4539.4,1,4539.8,1,4547.2,1,4537.2
IM2503,,13:40:06.300#,4569.6,4579.2,4531.6,5084.2,4159.8,3497,3421,4535.8,1,4536.4,1,4536.8,1,4537.0,2,4537.2,5,4539.4,1,4539.8,1,4547.2,1,4547.4,1,4549.2,3,4539.2
IM2503,,13:40:06.800#,4569.6,4579.2,4531.6,5084.2,4159.8,3497,3421,4536.4,1,4536.8,1,4537.0,2,4537.2,4,4537.6,2,4539.4,1,4539.8,1,4547.2,1,4547.4,1,4549.2,3,4539.2
IM2503,,13:40:07.300#,4569.6,4579.2,4531.6,5084.2,4159.8,3497,3421,4536.8,1,4537.0,2,4537.2,4,4537.4,1,4537.6,3,4539.8,1,4547.2,1,4547.4,1,4549.2,3,4549.6,5,4539.2
IM2503,,13:40:07.800#,4569.6,4579.2,4531.6,5084.2,4159.8,3497,3421,4537.0,2,4537.2,4,4537.4,1,4537.6,3,4537.8,1,4539.6,1,4539.8,1,4547.2,1,4547.4,1,4549.2,3,4539.2
IM2503,,13:40:08.300#,4569.6,4579.2,4531.6,5084.2,4159.8,3497,3421,4537.2,4,4537.4,1,4537.6,2,4537.8,1,4538.2,1,4539.8,1,4547.2,1,4547.4,1,4549.2,3,4549.6,5,4539.2
IM2503,,13:40:08.800#,4569.6,4579.2,4531.6,5084.2,4159.8,3498,3422,4537.2,4,4537.4,1,4537.6,2,4537.8,1,4538.2,1,4539.8,1,4547.2,1,4547.4,1,4549.2,3,4549.6,5,4539.6
IM2503,,13:40:09.300#,4569.6,4579.2,4531.6,5084.2,4159.8,3499,3423,4537.2,4,4537.4,1,4537.6,2,4537.8,1,4538.2,1,4547.2,1,4547.4,1,4549.2,3,4549.6,5,4554.8,7,4539.8
IM2503,,13:40:09.800#,4569.6,4579.2,4531.6,5084.2,4159.8,3499,3423,4537.4,1,4537.6,2,4537.8,1,4538.6,1,4539.2,1,4540.4,1,4542.0,1,4542.6,1,4546.8,1,4547.0,4,4539.8
IM2503,,13:40:10.300#,4569.6,4579.2,4531.6,5084.2,4159.8,3499,3423,4537.0,2,4537.2,1,4537.4,1,4537.6,1,4537.8,1,4539.8,1,4540.2,1,4540.4,1,4542.6,1,4547.0,3,4539.8
IM2503,,13:40:10.800#,4569.6,4579.2,4531.6,5084.2,4159.8,3499,3423,4537.4,1,4537.6,1,4537.8,1,4538.0,1,4538.2,2,4539.8,1,4540.4,1,4542.6,1,4547.0,3,4547.4,1,4539.8
IM2503,,13:40:11.300#,4569.6,4579.2,4531.6,5084.2,4159.8,3499,3423,4537.4,1,4537.6,1,4537.8,1,4538.0,2,4538.2,2,4540.4,1,4542.6,1,4547.0,3,4547.4,1,4549.2,3,4539.8
IM2503,,13:40:11.800#,4569.6,4579.2,4531.6,5084.2,4159.8,3499,3423,4537.4,1,4537.6,1,4537.8,1,4538.0,2,4538.2,2,4540.2,2,4540.4,1,4542.6,1,4547.0,3,4547.4,1,4539.8
IM2503,,13:40:12.300#,4569.6,4579.2,4531.6,5084.2,4159.8,3499,3423,4537.6,1,4537.8,1,4538.0,1,4538.2,1,4538.4,1,4540.0,1,4540.2,2,4540.4,1,4542.6,1,4547.0,3,4539.8
IM2503,,13:40:12.800#,4569.6,4579.2,4531.6,5084.2,4159.8,3499,3423,4537.6,1,4537.8,1,4538.0,1,4538.2,1,4538.4,1,4540.0,1,4540.2,1,4540.4,1,4542.6,1,4547.0,3,4539.8
IM2503,,13:40:13.300#,4569.6,4579.2,4531.6,5084.2,4159.8,3499,3423,4537.4,1,4537.6,1,4537.8,1,4538.0,1,4538.4,1,4540.0,1,4540.2,1,4540.4,1,4542.6,1,4547.0,3,4539.8
IM2503,,13:40:14.300#,4569.6,4579.2,4531.6,5084.2,4159.8,3499,3423,4537.4,1,4537.6,1,4537.8,1,4538.0,1,4538.4,1,4539.8,1,4540.0,1,4540.2,1,4540.4,1,4542.6,1,4539.8
IM2503,,13:40:14.800#,4569.6,4579.2,4531.6,5084.2,4159.8,3499,3423,4537.4,1,4537.6,1,4537.8,1,4538.0,1,4538.4,1,4540.0,1,4540.2,1,4542.6,1,4547.0,3,4547.4,1,4539.8
IM2503,,13:40:15.300#,4569.6,4579.2,4531.6,5084.2,4159.8,3499,3423,4537.4,1,4537.6,1,4537.8,1,4538.0,1,4538.4,1,4539.8,1,4540.0,1,4540.2,1,4542.6,1,4547.0,3,4539.8
IM2503,,13:40:15.800#,4569.6,4579.2,4531.6,5084.2,4159.8,3499,3423,4535.4,1,4536.4,1,4536.8,1,4537.0,2,4537.6,1,4539.8,1,4540.2,1,4542.6,1,4547.0,3,4547.4,1,4539.8
IM2503,,13:40:16.300#,4569.6,4579.2,4531.6,5084.2,4159.8,3499,3423,4535.4,1,4536.4,1,4536.8,1,4537.0,2,4537.8,1,4539.6,1,4539.8,1,4540.2,1,4542.6,1,4547.0,3,4539.8
IM2503,,13:40:16.800#,4569.6,4579.2,4531.6,5084.2,4159.8,3499,3423,4535.0,1,4535.4,1,4536.4,1,4536.8,1,4537.0,2,4539.4,1,4539.6,1,4540.2,1,4542.6,1,4547.0,3,4539.8
IM2503,,13:40:17.300#,4569.6,4579.2,4531.6,5084.2,4159.8,3499,3423,4536.4,1,4536.8,1,4537.0,2,4537.2,1,4537.4,2,4539.4,1,4539.6,1,4540.2,1,4542.6,1,4547.0,3,4539.8
IM2503,,13:40:17.800#,4569.6,4579.2,4531.6,5084.2,4159.8,3499,3423,4536.8,1,4537.0,2,4537.2,1,4537.4,2,4537.6,1,4539.4,1,4540.2,1,4542.6,1,4547.0,3,4547.4,1,4539.8
IM2503,,13:40:18.300#,4569.6,4579.2,4531.6,5084.2,4159.8,3499,3423,4536.8,1,4537.0,2,4537.2,1,4537.4,1,4537.8,1,4539.4,1,4540.2,1,4542.6,1,4547.0,3,4547.4,1,4539.8
IM2503,,13:40:18.800#,4569.6,4579.2,4531.6,5084.2,4159.8,3499,3423,4537.0,2,4537.2,1,4537.4,1,4537.8,1,4538.0,1,4540.2,1,4542.6,1,4547.0,3,4547.4,1,4549.2,3,4539.8
IM2503,,13:40:19.300#,4569.6,4579.2,4531.6,5084.2,4159.8,3499,3423,4536.8,1,4537.0,2,4537.2,1,4537.4,1,4538.0,1,4540.0,1,4542.6,1,4547.0,3,4547.4,1,4549.2,3,4539.8
IM2503,,13:40:19.800#,4569.6,4579.2,4531.6,5084.2,4159.8,3499,3423,4537.0,2,4537.2,1,4537.4,1,4538.0,1,4538.2,1,4540.0,1,4542.6,1,4547.0,3,4547.4,1,4549.2,3,4539.8
IM2503,,13:40:20.300#,4569.6,4579.2,4531.6,5084.2,4159.8,3499,3423,4537.0,2,4537.2,1,4537.4,1,4538.2,1,4538.4,1,4539.8,1,4540.0,1,4542.6,1,4547.0,3,4547.4,1,4539.8
IM2503,,13:40:20.800#,4569.6,4579.2,4531.6,5084.2,4159.8,3499,3423,4536.4,1,4536.8,1,4537.0,2,4537.2,1,4537.4,1,4539.4,1,4539.6,1,4539.8,1,4547.0,3,4547.4,1,4539.8
IM2503,,13:40:21.300#,4569.6,4579.2,4531.6,5084.2,4159.8,3499,3423,4536.8,1,4537.0,2,4537.2,1,4537.4,1,4537.6,1,4539.2,1,4539.4,1,4539.8,1,4547.0,3,4547.4,1,4539.8
IM2503,,13:40:21.800#,4569.6,4579.2,4531.6,5084.2,4159.8,3499,3423,4536.4,1,4536.8,1,4537.0,2,4537.2,1,4537.6,1,4539.2,1,4539.4,1,4539.8,1,4547.0,3,4547.4,1,4539.8
IM2503,,13:40:22.300#,4569.6,4579.2,4531.6,5084.2,4159.8,3499,3423,4535.0,1,4535.4,1,4536.4,1,4536.8,1,4537.0,2,4539.2,1,4539.4,1,4547.0,3,4547.4,1,4549.2,3,4539.8
IM2503,,13:40:22.800#,4569.6,4579.2,4531.6,5084.2,4159.8,3499,3423,4535.4,1,4536.4,1,4536.8,1,4537.0,2,4537.2,1,4539.0,2,4539.2,1,4539.4,1,4547.0,3,4547.4,1,4539.8
IM2503,,13:40:23.300#,4569.6,4579.2,4531.6,5084.2,4159.8,3499,3423,4535.0,1,4535.4,1,4536.4,1,4536.8,1,4537.0,2,4538.6,1,4538.8,1,4539.0,2,4539.4,1,4547.0,3,4539.8
IM2503,,13:40:23.800#,4569.6,4579.2,4531.6,5084.2,4159.8,3499,3423,4535.0,1,4535.4,1,4536.4,1,4536.8,1,4537.0,2,4537.6,5,4538.6,1,4538.8,1,4539.0,2,4539.4,1,4539.8
IM2503,,13:40:24.300#,4569.6,4579.2,4531.6,5084.2,4159.8,3500,3424,4535.0,1,4535.4,1,4536.4,1,4536.8,1,4537.0,2,4537.6,4,4538.6,1,4538.8,1,4539.0,2,4539.4,1,4537.6
IM2503,,13:40:24.800#,4569.6,4579.2,4531.6,5084.2,4159.8,3500,3424,4535.0,1,4535.4,1,4536.4,1,4536.8,1,4537.0,2,4537.6,4,4538.6,1,4539.0,2,4539.4,1,4547.0,3,4537.6
IM2503,,13:40:27.800#,4569.6,4579.2,4531.6,5084.2,4159.8,3500,3424,4534.0,1,4535.0,1,4535.4,1,4536.4,1,4536.8,1,4537.6,4,4538.6,1,4539.0,2,4539.4,1,4547.0,3,4537.6
IM2503,,13:40:28.800#,4569.6,4579.2,4531.6,5084.2,4159.8,3501,3425,4535.0,1,4535.4,1,4536.4,1,4536.8,1,4537.0,1,4537.6,3,4538.6,1,4539.0,2,4539.4,1,4547.0,3,4537.6
IM2503,,13:40:30.800#,4569.6,4579.2,4531.6,5084.2,4159.8,3501,3425,4535.0,1,4535.4,1,4536.4,1,4536.8,1,4537.0,1,4537.6,3,4538.6,1,4539.0,1,4539.4,1,4547.0,3,4537.6
IM2503,,13:40:31.800#,4569.6,4579.2,4531.6,5084.2,4159.8,3501,3425,4534.0,1,4535.0,1,4535.4,1,4536.4,1,4536.8,1,4537.6,3,4538.6,1,4539.0,1,4539.4,1,4547.0,3,4537.6
IM2503,,13:40:32.300#,4569.6,4579.2,4531.6,5084.2,4159.8,3501,3425,4534.0,1,4535.0,1,4535.4,1,4536.4,1,4536.8,1,4537.0,1,4537.6,3,4538.6,1,4539.0,1,4539.4,1,4537.6
IM2503,,13:40:32.800#,4569.6,4579.2,4531.6,5084.2,4159.8,3503,3427,4534.0,1,4535.0,1,4535.4,1,4536.4,1,4536.8,1,4537.6,2,4538.6,1,4539.0,1,4539.4,1,4547.0,2,4537.6
IM2503,,13:40:33.300#,4569.6,4579.2,4531.6,5084.2,4159.8,3503,3427,4535.0,1,4535.4,1,4536.4,1,4536.8,1,4537.0,1,4537.6,2,4538.6,1,4539.0,1,4539.4,1,4547.0,2,4537.6
IM2503,,13:40:33.800#,4569.6,4579.2,4531.6,5084.2,4159.8,3503,3427,4535.0,1,4535.4,1,4536.4,2,4536.8,1,4537.0,1,4537.6,2,4538.6,1,4539.0,1,4539.4,1,4547.0,2,4537.6
IM2503,,13:40:34.300#,4569.6,4579.2,4531.6,5084.2,4159.8,3503,3427,4534.0,1,4535.0,1,4535.4,1,4536.4,2,4536.8,1,4537.6,2,4538.6,1,4539.0,1,4539.4,1,4547.0,2,4537.6
IM2503,,13:40:35.300#,4569.6,4579.2,4531.6,5084.2,4159.8,3503,3427,4535.0,1,4535.4,1,4536.4,2,4536.8,1,4537.0,2,4537.6,2,4538.6,1,4539.0,1,4539.4,1,4547.0,2,4537.6
IM2503,,13:40:37.300#,4569.6,4579.2,4531.6,5084.2,4159.8,3504,3428,4535.0,1,4535.4,1,4536.4,2,4536.8,1,4537.0,1,4537.6,2,4538.6,1,4539.0,1,4539.4,1,4547.0,2,4537.0
IM2503,,13:40:37.800#,4569.6,4579.2,4531.6,5084.2,4159.8,3504,3428,4535.0,1,4535.4,1,4536.4,1,4536.8,1,4537.0,1,4537.6,2,4538.6,1,4539.0,1,4539.4,1,4547.0,2,4537.0
IM2503,,13:40:42.800#,4569.6,4579.2,4531.6,5084.2,4159.8,3505,3429,4534.0,1,4535.0,1,4535.4,1,4536.4,1,4536.8,1,4537.6,2,4538.6,1,4539.0,1,4539.4,1,4547.0,2,4537.0
IM2503,,13:40:44.800#,4569.6,4579.2,4531.6,5084.2,4159.8,3506,3430,4534.0,1,4535.0,1,4535.4,1,4536.4,1,4536.8,1,4537.6,1,4538.6,1,4539.0,1,4539.4,1,4547.0,2,4537.6
IM2503,,13:40:45.300#,4569.6,4579.2,4531.6,5084.2,4159.8,3509,3433,4530.0,2,4534.0,1,4535.0,1,4535.4,1,4536.4,1,4537.6,1,4537.8,1,4538.6,1,4539.0,1,4539.4,1,4536.8
IM2503,,13:40:45.800#,4569.6,4579.2,4531.6,5084.2,4159.8,3511,3435,4534.0,1,4535.0,1,4535.4,1,4536.4,1,4537.6,1,4538.6,1,4539.0,1,4539.4,1,4547.0,2,4547.4,1,4537.8
IM2503,,13:40:46.300#,4569.6,4579.2,4531.6,5084.2,4159.8,3511,3435,4534.0,1,4535.0,1,4535.4,1,4536.4,1,4536.6,1,4538.6,1,4539.0,1,4539.4,1,4547.0,2,4547.4,1,4537.8
IM2503,,13:40:46.800#,4569.6,4579.2,4531.6,5084.2,4159.8,3511,3435,4535.0,1,4535.4,1,4536.4,1,4536.6,1,4536.8,1,4538.4,1,4538.6,1,4539.0,1,4539.4,1,4547.0,2,4537.8
IM2503,,13:40:47.300#,4569.6,4579.2,4531.6,5084.2,4159.8,3511,3435,4534.0,1,4535.0,1,4535.4,1,4536.4,1,4536.8,1,4538.4,1,4539.0,1,4539.4,1,4547.0,2,4547.4,1,4537.8
IM2503,,13:40:48.300#,4569.6,4579.2,4531.6,5084.2,4159.8,3511,3435,4534.0,1,4535.0,1,4535.4,1,4536.4,1,4536.8,1,4538.2,1,4538.4,1,4539.0,1,4539.4,1,4547.0,2,4537.8
IM2503,,13:40:48.800#,4569.6,4579.2,4531.6,5084.2,4159.8,3511,3435,4530.0,2,4534.0,1,4535.0,1,4535.4,1,4536.4,1,4538.2,1,4538.4,1,4539.0,1,4539.4,1,4547.0,2,4537.8
IM2503,,13:40:49.300#,4569.6,4579.2,4531.6,5084.2,4159.8,3511,3435,4534.0,1,4535.0,1,4535.4,1,4536.4,1,4536.6,1,4538.2,1,4538.4,1,4539.0,1,4539.4,1,4547.0,2,4537.8
IM2503,,13:40:51.800#,4569.6,4579.2,4531.6,5084.2,4159.8,3511,3435,4534.0,1,4535.0,1,4535.4,1,4536.4,1,4536.6,1,4538.4,1,4539.0,1,4539.4,1,4547.0,2,4547.4,1,4537.8
IM2503,,13:40:52.300#,4569.6,4579.2,4531.6,5084.2,4159.8,3511,3435,4535.0,1,4535.4,1,4536.4,1,4536.6,1,4536.8,1,4539.0,1,4539.4,1,4547.0,2,4547.4,1,4549.2,3,4537.8
IM2503,,13:40:52.800#,4569.6,4579.2,4531.6,5084.2,4159.8,3511,3435,4535.4,1,4536.4,1,4536.8,1,4537.0,1,4537.2,1,4538.8,2,4539.0,1,4539.4,1,4547.0,2,4547.4,1,4537.8
IM2503,,13:40:53.300#,4569.6,4579.2,4531.6,5084.2,4159.8,3511,3435,4535.0,1,4535.4,1,4536.4,1,4536.8,1,4538.2,1,4538.8,2,4539.0,1,4539.4,1,4547.0,2,4547.4,1,4537.8
IM2503,,13:40:53.800#,4569.6,4579.2,4531.6,5084.2,4159.8,3512,3436,4534.0,1,4535.0,1,4535.4,1,4536.4,1,4536.8,1,4538.0,1,4538.8,2,4539.0,1,4539.4,1,4547.0,2,4538.2
IM2503,,13:40:54.300#,4569.6,4579.2,4531.6,5084.2,4159.8,3512,3436,4535.0,1,4535.4,1,4536.4,1,4536.8,1,4537.0,1,4538.0,1,4538.8,2,4539.0,1,4539.4,1,4547.0,2,4538.2
IM2503,,13:40:54.800#,4569.6,4579.2,4531.6,5084.2,4159.8,3512,3436,4535.0,1,4535.4,1,4536.4,1,4536.8,1,4537.0,1,4538.0,1,4538.8,1,4539.0,1,4539.4,1,4547.0,2,4538.2
IM2503,,13:40:55.300#,4569.6,4579.2,4531.6,5084.2,4159.8,3512,3436,4535.0,1,4535.4,1,4536.4,1,4536.8,1,4537.0,1,4538.8,1,4539.0,1,4539.4,1,4547.0,2,4547.4,1,4538.2
IM2503,,13:40:55.800#,4569.6,4579.2,4531.6,5084.2,4159.8,3513,3437,4534.0,1,4535.0,1,4535.4,1,4536.4,1,4536.8,1,4538.6,1,4538.8,1,4539.0,1,4539.4,1,4547.0,2,4537.0
IM2503,,13:40:57.800#,4569.6,4579.2,4531.6,5084.2,4159.8,3515,3439,4530.0,2,4534.0,1,4535.0,1,4535.4,1,4536.4,1,4536.8,3,4538.6,1,4538.8,1,4539.0,1,4539.4,1,4536.8
IM2503,,13:40:58.300#,4569.6,4579.2,4531.6,5084.2,4159.8,3518,3442,4534.0,1,4535.0,1,4535.4,1,4536.4,1,4537.8,1,4538.6,1,4538.8,1,4539.0,1,4539.4,1,4547.0,2,4536.8
IM2503,,13:40:58.800#,4569.6,4579.2,4531.6,5084.2,4159.8,3519,3443,4534.0,1,4535.0,1,4535.4,1,4536.4,1,4536.8,2,4538.8,1,4539.0,1,4539.4,1,4547.0,2,4547.4,1,4537.8
IM2503,,13:40:59.300#,4569.6,4579.2,4531.6,5084.2,4159.8,3519,3443,4535.0,1,4535.4,1,4536.4,1,4536.8,2,4537.0,1,4538.6,1,4538.8,1,4539.0,1,4539.4,1,4547.0,2,4537.8
IM2503,,13:40:59.800#,4569.6,4579.2,4531.6,5084.2,4159.8,3519,3443,4530.0,2,4534.0,1,4535.0,1,4535.4,1,4536.4,1,4538.6,1,4538.8,1,4539.0,1,4539.4,1,4547.0,2,4537.8
IM2503,,13:41:00.300#,4569.6,4579.2,4531.6,5084.2,4159.8,3519,3443,4534.0,1,4535.0,1,4535.4,1,4536.4,1,4536.6,1,4538.4,1,4538.6,1,4538.8,1,4539.0,1,4539.4,1,4537.8
IM2503,,13:41:00.800#,4569.6,4579.2,4531.6,5084.2,4159.8,3519,3443,4534.0,1,4535.0,1,4535.4,1,4536.4,1,4536.6,1,4538.2,1,4538.4,1,4538.8,1,4539.0,1,4539.4,1,4537.8
IM2503,,13:41:01.300#,4569.6,4579.2,4531.6,5084.2,4159.8,3519,3443,4530.0,2,4534.0,1,4535.0,1,4535.4,1,4536.4,1,4538.2,1,4538.4,1,4538.8,1,4539.0,1,4539.4,1,4537.8
IM2503,,13:41:01.800#,4569.6,4579.2,4531.6,5084.2,4159.8,3519,3443,4535.0,1,4535.4,1,4536.4,1,4536.6,1,4536.8,1,4538.2,1,4538.8,1,4539.0,1,4539.4,1,4547.0,2,4537.8
IM2503,,13:41:02.300#,4569.6,4579.2,4531.6,5084.2,4159.8,3519,3443,4535.0,1,4535.4,1,4536.4,1,4536.8,1,4537.0,1,4538.2,1,4538.8,1,4539.0,1,4539.4,1,4547.0,2,4537.8
IM2503,,13:41:02.800#,4569.6,4579.2,4531.6,5084.2,4159.8,3519,3443,4534.0,1,4535.0,1,4535.4,1,4536.4,1,4536.8,1,4538.2,1,4538.8,1,4539.0,1,4539.4,1,4547.0,2,4537.8
IM2503,,13:41:03.300#,4569.6,4579.2,4531.6,5084.2,4159.8,3519,3443,4530.0,2,4534.0,1,4535.0,1,4535.4,1,4536.4,1,4538.2,1,4538.8,1,4539.0,1,4539.4,1,4547.0,2,4537.8
IM2503,,13:41:06.800#,4569.6,4579.2,4531.6,5084.2,4159.8,3519,3443,4534.0,1,4535.0,1,4535.4,1,4536.4,1,4536.6,1,4538.2,1,4538.8,1,4539.0,1,4539.4,1,4547.0,2,4537.8
IM2503,,13:41:07.300#,4569.6,4579.2,4531.6,5084.2,4159.8,3520,3444,4534.0,1,4535.0,1,4535.4,1,4536.4,1,4536.6,1,4538.8,1,4539.0,1,4539.4,1,4547.0,2,4547.4,1,4538.2
IM2503,,13:41:07.800#,4569.6,4579.2,4531.6,5084.2,4159.8,3520,3444,4535.4,1,4536.4,1,4536.6,1,4536.8,1,4538.2,1,4538.4,1,4538.6,1,4538.8,1,4539.0,1,4539.4,1,4538.2
IM2503,,13:41:08.300#,4569.6,4579.2,4531.6,5084.2,4159.8,3522,3446,4530.0,2,4534.0,1,4535.0,1,4535.4,1,4536.4,1,4538.2,3,4538.6,1,4538.8,1,4539.0,1,4539.4,1,4538.2
IM2503,,13:41:08.800#,4569.6,4579.2,4531.6,5084.2,4159.8,3522,3446,4530.0,2,4534.0,1,4535.0,1,4535.4,1,4536.4,1,4537.8,1,4538.0,1,4538.2,3,4538.6,1,4538.8,1,4538.2
IM2503,,13:41:12.300#,4569.6,4579.2,4531.6,5084.2,4159.8,3523,3447,4528.8,1,4530.0,2,4534.0,1,4535.0,1,4535.4,1,4537.6,1,4538.2,3,4538.6,1,4538.8,1,4539.0,1,4536.4
IM2503,,13:41:12.800#,4569.6,4579.2,4531.6,5084.2,4159.8,3523,3447,4534.0,1,4535.0,1,4535.4,1,4535.6,3,4535.8,1,4537.6,1,4538.2,3,4538.6,1,4538.8,1,4539.0,1,4536.4
IM2503,,13:41:13.300#,4569.6,4579.2,4531.6,5084.2,4159.8,3523,3447,4535.0,1,4535.4,1,4535.6,1,4535.8,1,4536.0,2,4537.6,1,4538.2,3,4538.6,1,4538.8,1,4539.0,1,4536.4
IM2503,,13:41:14.300#,4569.6,4579.2,4531.6,5084.2,4159.8,3523,3447,4534.0,1,4535.0,1,4535.4,2,4535.8,1,4536.0,1,4537.6,1,4538.2,3,4538.6,1,4538.8,1,4539.0,1,4536.4
IM2503,,13:41:15.800#,4569.6,4579.2,4531.6,5084.2,4159.8,3523,3447,4535.0,1,4535.4,2,4535.8,1,4536.0,1,4536.2,1,4537.6,1,4538.2,3,4538.6,1,4538.8,1,4539.0,1,4536.4
IM2503,,13:41:16.800#,4569.6,4579.2,4531.6,5084.2,4159.8,3523,3447,4535.0,1,4535.4,2,4535.8,1,4536.2,1,4536.4,2,4538.2,3,4538.6,1,4538.8,1,4539.0,1,4539.4,1,4536.4
IM2503,,13:41:17.800#,4569.6,4579.2,4531.6,5084.2,4159.8,3526,3450,4530.0,2,4534.0,1,4535.0,1,4535.4,2,4535.8,1,4536.2,2,4538.0,1,4538.2,1,4538.6,1,4538.8,1,4536.4
IM2503,,13:41:18.300#,4569.6,4579.2,4531.6,5084.2,4159.8,3528,3452,4535.0,1,4535.4,2,4535.8,1,4536.2,5,4537.2,2,4538.6,1,4538.8,1,4539.0,1,4539.4,1,4547.0,2,4536.2
IM2503,,13:41:18.800#,4569.6,4579.2,4531.6,5084.2,4159.8,3528,3452,4535.0,1,4535.4,2,4535.8,1,4536.2,7,4537.2,2,4538.2,1,4538.4,1,4538.6,1,4538.8,1,4539.0,1,4536.2
IM2503,,13:41:19.300#,4569.6,4579.2,4531.6,5084.2,4159.8,3530,3454,4534.0,1,4535.0,1,4535.4,2,4535.8,1,4536.2,7,4538.6,1,4538.8,1,4539.0,1,4539.4,1,4547.0,2,4538.4
IM2503,,13:41:19.800#,4569.6,4579.2,4531.6,5084.2,4159.8,3530,3454,4535.4,2,4535.8,1,4536.2,4,4536.6,2,4536.8,1,4538.4,2,4538.6,1,4538.8,1,4539.0,1,4539.4,1,4538.4
IM2503,,13:41:23.300#,4569.6,4579.2,4531.6,5084.2,4159.8,3530,3454,4535.4,1,4535.8,1,4536.2,3,4536.6,2,4536.8,1,4538.4,2,4538.6,1,4538.8,1,4539.0,1,4539.4,1,4538.4
IM2503,,13:41:25.800#,4569.6,4579.2,4531.6,5084.2,4159.8,3530,3454,4535.8,1,4536.2,3,4536.6,1,4536.8,1,4537.0,1,4538.4,2,4538.6,1,4538.8,1,4539.0,1,4539.4,1,4538.4
IM2503,,13:41:26.800#,4569.6,4579.2,4531.6,5084.2,4159.8,3530,3454,4535.8,1,4536.2,3,4536.6,1,4537.0,1,4537.4,1,4538.4,2,4538.6,1,4538.8,1,4539.0,1,4539.4,1,4538.4
IM2503,,13:41:27.300#,4569.6,4579.2,4531.6,5084.2,4159.8,3532,3456,4535.4,1,4535.8,1,4536.2,4,4536.6,1,4537.0,1,4539.4,1,4547.0,2,4547.4,1,4549.2,3,4549.6,5,4538.4
IM2503,,13:41:27.800#,4569.6,4579.2,4531.6,5084.2,4159.8,3535,3459,4535.8,1,4536.2,4,4536.6,1,4537.0,1,4538.4,1,4543.4,1,4547.0,2,4547.4,1,4549.2,3,4549.6,5,4537.6
IM2503,,13:41:28.300#,4569.6,4579.2,4531.6,5084.2,4159.8,3535,3459,4535.0,1,4535.4,1,4535.8,1,4536.2,4,4536.6,1,4540.2,1,4541.8,1,4543.0,1,4543.2,2,4543.4,1,4537.6
IM2503,,13:41:28.800#,4569.6,4579.2,4531.6,5084.2,4159.8,3535,3459,4536.2,3,4536.6,1,4537.0,1,4537.2,1,4537.6,1,4539.4,1,4539.8,1,4540.2,1,4541.8,1,4543.2,1,4537.6
IM2503,,13:41:29.300#,4569.6,4579.2,4531.6,5084.2,4159.8,3535,3459,4536.2,3,4536.6,1,4537.2,1,4537.6,1,4537.8,1,4539.2,1,4539.4,1,4539.8,1,4540.2,1,4541.8,1,4537.6
IM2503,,13:41:29.800#,4569.6,4579.2,4531.6,5084.2,4159.8,3535,3459,4535.4,1,4535.8,1,4536.2,3,4536.6,1,4537.2,1,4539.2,1,4539.4,1,4539.8,1,4540.2,1,4541.8,1,4537.6
IM2503,,13:41:30.300#,4569.6,4579.2,4531.6,5084.2,4159.8,3535,3459,4535.4,1,4535.8,1,4536.2,3,4536.6,1,4537.4,1,4539.0,1,4539.2,1,4539.4,1,4539.8,1,4540.2,1,4537.6
IM2503,,13:41:30.800#,4569.6,4579.2,4531.6,5084.2,4159.8,3535,3459,4535.4,1,4535.8,1,4536.2,3,4536.6,1,4537.4,1,4538.8,1,4539.0,1,4539.4,1,4539.8,1,4540.2,1,4537.6
IM2503,,13:41:31.300#,4569.6,4579.2,4531.6,5084.2,4159.8,3535,3459,4535.0,1,4535.4,1,4535.8,1,4536.2,3,4536.6,1,4538.8,1,4539.0,1,4539.4,1,4539.8,1,4540.2,1,4537.6
IM2503,,13:41:31.800#,4569.6,4579.2,4531.6,5084.2,4159.8,3535,3459,4535.4,1,4535.8,1,4536.2,3,4536.6,1,4537.0,2,4539.0,1,4539.4,1,4539.8,1,4540.2,1,4541.8,1,4537.6
IM2503,,13:41:32.300#,4569.6,4579.2,4531.6,5084.2,4159.8,3535,3459,4535.8,1,4536.2,3,4536.6,1,4537.0,2,4537.2,1,4538.8,1,4539.0,1,4539.4,1,4539.8,1,4540.2,1,4537.6
IM2503,,13:41:32.800#,4569.6,4579.2,4531.6,5084.2,4159.8,3535,3459,4535.4,1,4535.8,1,4536.2,3,4536.6,1,4537.0,2,4538.8,1,4539.0,1,4539.4,1,4539.8,1,4540.2,1,4537.6
IM2503,,13:41:34.800#,4569.6,4579.2,4531.6,5084.2,4159.8,3535,3459,4535.4,1,4535.8,1,4536.2,3,4536.6,1,4537.0,1,4538.6,1,4538.8,1,4539.0,1,4539.4,1,4539.8,1,4537.6
IM2503,,13:41:35.300#,4569.6,4579.2,4531.6,5084.2,4159.8,3535,3459,4535.0,1,4535.4,1,4535.8,1,4536.2,3,4536.6,1,4538.4,1,4538.6,1,4539.0,1,4539.4,1,4539.8,1,4537.6
IM2503,,13:41:35.800#,4569.6,4579.2,4531.6,5084.2,4159.8,3535,3459,4535.4,1,4535.8,1,4536.2,3,4536.6,1,4536.8,1,4538.4,1,4538.6,1,4539.0,1,4539.4,1,4539.8,1,4537.6
IM2503,,13:41:37.300#,4569.6,4579.2,4531.6,5084.2,4159.8,3536,3460,4535.0,1,4535.4,1,4535.8,1,4536.2,3,4536.6,1,4538.4,1,4538.6,1,4539.0,1,4539.4,1,4539.8,1,4536.8
IM2503,,13:41:37.800#,4569.6,4579.2,4531.6,5084.2,4159.8,3536,3460,4534.0,1,4535.0,1,4535.4,1,4535.8,1,4536.2,3,4538.4,1,4538.6,1,4539.0,1,4539.4,1,4539.8,1,4536.8
IM2503,,13:41:38.300#,4569.6,4579.2,4531.6,5084.2,4159.8,3536,3460,4535.0,1,4535.4,1,4535.8,1,4536.2,3,4536.4,2,4538.4,1,4538.6,1,4539.0,1,4539.4,1,4539.8,1,4536.8
IM2503,,13:41:38.800#,4569.6,4579.2,4531.6,5084.2,4159.8,3536,3460,4535.4,1,4535.8,1,4536.2,3,4536.4,2,4536.6,1,4538.4,1,4538.6,1,4539.0,1,4539.4,1,4539.8,1,4536.8
IM2503,,13:41:39.300#,4569.6,4579.2,4531.6,5084.2,4159.8,3536,3460,4535.8,1,4536.2,3,4536.4,1,4536.6,1,4536.8,1,4538.4,1,4538.6,1,4539.0,1,4539.4,1,4539.8,1,4536.8
IM2503,,13:41:43.800#,4569.6,4579.2,4531.6,5084.2,4159.8,3536,3460,4536.2,3,4536.4,1,4536.6,1,4536.8,1,4537.8,1,4538.4,1,4538.6,1,4539.0,1,4539.4,1,4539.8,1,4536.8
IM2503,,13:41:44.800#,4569.6,4579.2,4531.6,5084.2,4159.8,3536,3460,4535.8,1,4536.2,3,4536.4,1,4536.6,1,4537.8,1,4538.4,1,4538.6,1,4539.0,1,4539.4,1,4539.8,1,4536.8
IM2503,,13:41:51.800#,4569.6,4579.2,4531.6,5084.2,4159.8,3537,3461,4535.4,1,4535.8,1,4536.2,3,4536.4,1,4536.6,1,4538.4,1,4538.6,1,4539.0,1,4539.4,1,4539.8,1,4537.8
IM2503,,13:41:52.300#,4569.6,4579.2,4531.6,5084.2,4159.8,3537,3461,4535.8,1,4536.2,3,4536.4,1,4536.6,1,4536.8,1,4538.4,1,4538.6,1,4539.0,1,4539.4,1,4539.8,1,4537.8
IM2503,,13:41:52.800#,4569.6,4579.2,4531.6,5084.2,4159.8,3537,3461,4535.8,1,4536.2,3,4536.4,1,4536.6,1,4536.8,1,4538.6,1,4539.0,1,4539.4,1,4539.8,1,4540.2,1,4537.8
IM2503,,13:41:53.300#,4569.6,4579.2,4531.6,5084.2,4159.8,3537,3461,4535.8,1,4536.2,3,4536.4,1,4536.6,1,4536.8,1,4538.4,1,4538.6,1,4539.0,1,4539.4,1,4539.8,1,4537.8
IM2503,,13:41:53.800#,4569.6,4579.2,4531.6,5084.2,4159.8,3537,3461,4535.4,1,4535.8,1,4536.2,3,4536.4,1,4536.6,1,4536.8,1,4538.4,1,4538.6,1,4539.0,1,4539.4,1,4537.8
IM2503,,13:41:54.300#,4569.6,4579.2,4531.6,5084.2,4159.8,3538,3462,4535.4,1,4535.8,1,4536.2,3,4536.4,1,4536.8,1,4538.4,1,4538.6,1,4539.0,1,4539.4,1,4539.8,1,4536.8
IM2503,,13:41:54.800#,4569.6,4579.2,4531.6,5084.2,4159.8,3538,3462,4535.4,1,4535.8,1,4536.2,3,4536.4,1,4536.8,1,4538.2,1,4538.6,1,4539.0,1,4539.4,1,4539.8,1,4536.8
IM2503,,13:41:58.800#,4569.6,4579.2,4531.6,5084.2,4159.8,3538,3462,4535.4,1,4535.8,1,4536.2,2,4536.4,1,4536.8,1,4538.2,1,4538.6,1,4539.0,1,4539.4,1,4539.8,1,4536.8
IM2503,,13:41:59.300#,4569.6,4579.2,4531.6,5084.2,4159.8,3538,3462,4535.0,1,4535.4,1,4535.8,1,4536.2,2,4536.4,1,4538.2,1,4538.6,1,4539.0,1,4539.4,1,4539.8,1,4536.8
IM2503,,13:41:59.800#,4569.6,4579.2,4531.6,5084.2,4159.8,3538,3462,4535.4,1,4535.8,1,4536.2,2,4536.4,1,4536.6,1,4538.2,1,4538.6,1,4539.0,1,4539.4,1,4539.8,1,4536.8
IM2503,,13:42:00.300#,4569.6,4579.2,4531.6,5084.2,4159.8,3538,3462,4535.4,1,4535.8,1,4536.2,2,4536.4,1,4536.6,1,4538.2,2,4538.6,1,4539.0,1,4539.4,1,4539.8,1,4536.8
IM2503,,13:42:00.800#,4569.6,4579.2,4531.6,5084.2,4159.8,3538,3462,4534.0,1,4535.0,1,4535.4,1,4535.8,1,4536.2,2,4538.2,2,4538.6,1,4539.0,1,4539.4,1,4539.8,1,4536.8
IM2503,,13:42:01.300#,4569.6,4579.2,4531.6,5084.2,4159.8,3538,3462,4535.0,1,4535.4,1,4535.8,1,4536.2,2,4536.4,1,4538.0,1,4538.2,2,4538.6,1,4539.0,1,4539.4,1,4536.8
IM2503,,13:42:01.800#,4569.6,4579.2,4531.6,5084.2,4159.8,3538,3462,4535.0,1,4535.4,1,4535.8,1,4536.2,2,4536.4,1,4537.8,1,4538.0,1,4538.2,1,4538.6,1,4539.0,1,4536.8
IM2503,,13:42:02.300#,4569.6,4579.2,4531.6,5084.2,4159.8,3538,3462,4535.0,1,4535.4,1,4535.8,1,4536.2,2,4536.4,1,4537.8,1,4538.2,1,4538.6,1,4539.0,1,4539.4,1,4536.8
IM2503,,13:42:06.800#,4569.6,4579.2,4531.6,5084.2,4159.8,3538,3462,4535.0,1,4535.4,1,4535.8,1,4536.2,2,4536.4,1,4537.4,1,4537.8,1,4538.2,1,4538.6,1,4539.0,1,4536.8
IM2503,,13:42:07.800#,4569.6,4579.2,4531.6,5084.2,4159.8,3538,3462,4534.0,1,4535.0,1,4535.4,1,4535.8,1,4536.2,2,4537.4,1,4537.8,1,4538.2,1,4538.6,1,4539.0,1,4536.8
IM2503,,13:42:08.300#,4569.6,4579.2,4531.6,5084.2,4159.8,3538,3462,4534.0,1,4535.0,1,4535.4,1,4535.8,1,4536.2,2,4537.8,1,4538.2,1,4538.6,1,4539.0,1,4539.4,1,4536.8
IM2503,,13:42:09.300#,4569.6,4579.2,4531.6,5084.2,4159.8,3538,3462,4534.0,1,4535.0,1,4535.4,1,4535.8,1,4536.2,2,4537.4,1,4537.8,1,4538.2,1,4538.6,1,4539.0,1,4536.8
IM2503,,13:42:09.800#,4569.6,4579.2,4531.6,5084.2,4159.8,3538,3462,4530.0,2,4534.0,1,4535.0,1,4535.4,1,4535.8,1,4537.4,1,4537.8,1,4538.2,1,4538.6,1,4539.0,1,4536.8
IM2503,,13:42:10.300#,4569.6,4579.2,4531.6,5084.2,4159.8,3538,3462,4530.0,2,4534.0,1,4535.0,1,4535.4,1,4535.8,1,4537.2,1,4537.4,1,4538.2,1,4538.6,1,4539.0,1,4536.8
IM2503,,13:42:10.800#,4569.6,4579.2,4531.6,5084.2,4159.8,3538,3462,4528.8,1,4530.0,2,4534.0,1,4535.0,1,4535.4,1,4537.2,1,4537.4,1,4538.2,1,4538.6,1,4539.0,1,4536.8
IM2503,,13:42:12.300#,4569.6,4579.2,4531.6,5084.2,4159.8,3538,3462,4534.0,1,4535.0,1,4535.4,1,4535.6,1,4536.6,1,4537.2,1,4537.4,1,4538.2,1,4538.6,1,4539.0,1,4536.8
IM2503,,13:42:13.300#,4569.6,4579.2,4531.6,5084.2,4159.8,3538,3462,4534.0,1,4535.0,1,4535.4,1,4535.6,1,4536.6,1,4537.2,1,4538.2,1,4538.6,1,4539.0,1,4539.4,1,4536.8
IM2503,,13:42:14.300#,4569.6,4579.2,4531.6,5084.2,4159.8,3538,3462,4534.0,1,4535.0,1,4535.4,1,4535.6,1,4536.6,1,4538.2,1,4538.6,1,4539.0,1,4539.4,1,4539.8,1,4536.8
IM2503,,13:42:24.800#,4569.6,4579.2,4531.6,5084.2,4159.8,3538,3462,4530.0,2,4534.0,1,4535.0,1,4535.4,1,4536.6,1,4538.0,1,4538.2,1,4538.6,1,4539.0,1,4539.4,1,4536.8
IM2503,,13:42:28.800#,4569.6,4579.2,4531.6,5084.2,4159.8,3539,3463,4534.0,1,4535.0,1,4535.4,1,4535.6,1,4535.8,1,4537.6,1,4537.8,1,4538.0,1,4538.2,1,4538.6,1,4536.6
IM2503,,13:42:30.300#,4569.6,4579.2,4531.6,5084.2,4159.8,3540,3464,4530.0,2,4534.0,1,4535.0,1,4535.4,1,4536.0,1,4537.8,1,4538.2,1,4538.6,1,4539.0,1,4539.4,1,4537.4
IM2503,,13:42:30.800#,4569.6,4579.2,4531.6,5084.2,4159.8,3540,3464,4535.0,1,4535.4,1,4536.0,1,4536.2,1,4537.4,1,4537.6,1,4537.8,1,4538.2,1,4538.6,1,4539.0,1,4537.4
IM2503,,13:42:31.300#,4569.6,4579.2,4531.6,5084.2,4159.8,3540,3464,4535.0,1,4535.4,1,4536.0,1,4536.2,1,4537.4,1,4538.2,1,4538.6,1,4539.0,1,4539.4,1,4539.8,1,4537.4
IM2503,,13:42:31.800#,4569.6,4579.2,4531.6,5084.2,4159.8,3540,3464,4534.0,1,4535.0,1,4535.4,1,4536.0,1,4536.2,1,4538.2,1,4538.6,1,4539.0,1,4539.4,1,4539.8,1,4537.4
IM2503,,13:42:32.300#,4569.6,4579.2,4531.6,5084.2,4159.8,3540,3464,4535.0,1,4535.4,1,4536.2,1,4536.4,1,4536.6,2,4538.2,1,4539.0,1,4539.4,1,4539.8,1,4540.2,1,4537.4
IM2503,,13:42:32.800#,4569.6,4579.2,4531.6,5084.2,4159.8,3541,3465,4535.0,1,4535.4,1,4536.2,1,4536.4,1,4536.6,2,4539.0,1,4539.4,1,4540.2,1,4543.2,1,4543.4,1,4538.2
IM2503,,13:42:33.300#,4569.6,4579.2,4531.6,5084.2,4159.8,3542,3466,4535.4,1,4536.2,1,4536.4,1,4536.6,2,4538.2,1,4538.8,2,4539.0,1,4539.4,1,4540.2,1,4543.2,1,4537.0
IM2503,,13:42:33.800#,4569.6,4579.2,4531.6,5084.2,4159.8,3543,3467,4535.0,1,4535.4,1,4536.2,1,4536.4,1,4536.6,2,4538.8,2,4539.0,1,4539.4,1,4540.2,1,4543.2,1,4538.2
IM2503,,13:42:34.300#,4569.6,4579.2,4531.6,5084.2,4159.8,3543,3467,4535.4,1,4536.2,1,4536.4,1,4536.6,2,4537.0,1,4538.8,2,4539.0,1,4539.4,1,4540.2,1,4543.2,1,4538.2
IM2503,,13:42:34.800#,4569.6,4579.2,4531.6,5084.2,4159.8,3544,3468,4535.4,1,4536.2,1,4536.4,1,4536.6,1,4537.0,1,4538.6,1,4538.8,1,4539.0,1,4539.4,1,4540.2,1,4537.2
IM2503,,13:42:36.800#,4569.6,4579.2,4531.6,5084.2,4159.8,3544,3468,4535.4,1,4536.2,1,4536.4,1,4536.6,1,4537.0,1,4538.4,1,4538.6,1,4538.8,1,4539.0,1,4539.4,1,4537.2
IM2503,,13:42:37.300#,4569.6,4579.2,4531.6,5084.2,4159.8,3544,3468,4535.0,1,4535.4,1,4536.2,1,4536.4,1,4536.6,1,4538.2,1,4538.4,1,4538.8,1,4539.0,1,4539.4,1,4537.2
IM2503,,13:42:37.800#,4569.6,4579.2,4531.6,5084.2,4159.8,3544,3468,4535.4,1,4536.2,1,4536.4,1,4536.6,1,4536.8,1,4538.2,1,4538.4,1,4538.8,1,4539.0,1,4539.4,1,4537.2
IM2503,,13:42:38.300#,4569.6,4579.2,4531.6,5084.2,4159.8,3545,3469,4535.0,1,4535.4,1,4536.2,1,4536.4,1,4536.6,1,4538.2,1,4538.8,1,4539.0,1,4539.4,1,4540.2,1,4536.8
IM2503,,13:42:40.800#,4569.6,4579.2,4531.6,5084.2,4159.8,3545,3469,4535.4,1,4536.2,1,4536.4,1,4536.6,1,4537.6,1,4538.2,1,4538.8,1,4539.0,1,4539.4,1,4540.2,1,4536.8
IM2503,,13:42:43.800#,4569.6,4579.2,4531.6,5084.2,4159.8,3546,3470,4535.0,1,4535.4,1,4536.2,1,4536.4,1,4536.6,1,4538.2,1,4538.8,1,4539.0,1,4539.4,1,4540.2,1,4537.6
IM2503,,13:42:44.300#,4569.6,4579.2,4531.6,5084.2,4159.8,3546,3470,4534.0,1,4535.0,1,4535.4,1,4536.2,1,4536.4,1,4538.2,1,4538.8,1,4539.0,1,4539.4,1,4540.2,1,4537.6
IM2503,,13:42:54.300#,4569.6,4579.2,4531.6,5084.2,4159.8,3547,3471,4535.0,1,4535.4,1,4536.2,1,4536.4,1,4536.6,1,4538.8,1,4539.0,1,4539.4,1,4540.2,1,4543.2,1,4538.2
IM2503,,13:42:54.800#,4569.6,4579.2,4531.6,5084.2,4159.8,3547,3471,4535.4,1,4536.2,1,4536.4,1,4536.6,1,4538.2,1,4538.4,2,4538.8,1,4539.0,1,4539.4,1,4543.2,1,4538.2
IM2503,,13:42:55.300#,4569.6,4579.2,4531.6,5084.2,4159.8,3548,3472,4534.0,1,4535.0,1,4535.4,1,4536.2,1,4536.4,1,4538.4,1,4538.8,1,4539.0,1,4539.4,1,4543.2,1,4538.2
IM2503,,13:42:55.800#,4569.6,4579.2,4531.6,5084.2,4159.8,3548,3472,4535.0,1,4535.4,1,4536.2,1,4536.4,1,4536.6,1,4538.0,1,4538.2,3,4538.4,1,4538.8,1,4539.0,1,4538.2
IM2503,,13:42:56.300#,4569.6,4579.2,4531.6,5084.2,4159.8,3548,3472,4535.0,1,4535.4,1,4536.2,1,4536.4,1,4536.6,2,4538.2,1,4538.8,1,4539.0,1,4543.4,1,4547.4,1,4538.2
IM2503,,13:42:56.800#,4569.6,4579.2,4531.6,5084.2,4159.8,3548,3472,4535.0,1,4535.4,1,4536.2,1,4536.4,1,4536.6,2,4538.8,1,4539.0,1,4543.4,1,4547.4,1,4549.2,3,4538.2
IM2503,,13:42:57.300#,4569.6,4579.2,4531.6,5084.2,4159.8,3548,3472,4535.0,1,4535.4,1,4536.2,1,4536.4,1,4536.6,2,4538.4,2,4538.8,1,4539.0,1,4543.4,1,4547.4,1,4538.2
IM2503,,13:43:04.800#,4569.6,4579.2,4531.6,5084.2,4159.8,3548,3472,4535.0,1,4535.4,1,4536.2,1,4536.4,1,4536.6,2,4538.2,1,4538.4,2,4538.8,1,4539.0,1,4543.4,1,4538.2
IM2503,,13:43:05.300#,4569.6,4579.2,4531.6,5084.2,4159.8,3548,3472,4534.0,1,4535.0,1,4535.4,1,4536.2,1,4536.6,1,4538.0,2,4538.2,2,4538.4,1,4538.8,1,4539.0,1,4538.2
IM2503,,13:43:17.800#,4569.6,4579.2,4531.6,5084.2,4159.8,3550,3474,4530.0,2,4531.8,1,4534.0,1,4535.0,1,4535.4,1,4537.0,1,4537.2,1,4537.4,1,4537.8,1,4538.0,1,4536.6
IM2503,,13:43:23.300#,4569.6,4579.2,4531.6,5084.2,4159.8,3550,3474,4531.8,1,4534.0,1,4535.0,1,4535.4,1,4535.6,1,4537.0,1,4537.2,1,4537.4,1,4537.8,1,4538.0,1,4536.6
IM2503,,13:43:27.800#,4569.6,4579.2,4531.6,5084.2,4159.8,3551,3475,4534.0,1,4535.0,1,4535.4,1,4535.8,2,4536.0,3,4538.0,1,4538.2,1,4543.4,1,4547.4,1,4549.2,3,4538.0
IM2503,,13:43:28.300#,4569.6,4579.2,4531.6,5084.2,4159.8,3551,3475,4535.0,1,4535.4,1,4535.8,2,4536.0,3,4536.2,1,4538.0,1,4543.4,1,4547.4,1,4549.2,3,4549.6,5,4538.0
IM2503,,13:43:28.800#,4569.6,4579.2,4531.6,5084.2,4159.8,3551,3475,4535.0,1,4535.4,1,4535.8,2,4536.0,2,4536.4,1,4538.0,1,4543.4,1,4547.4,1,4549.2,3,4549.6,5,4538.0
IM2503,,13:43:33.300#,4569.6,4579.2,4531.6,5084.2,4159.8,3552,3476,4535.0,1,4535.4,1,4535.8,2,4536.4,1,4537.6,1,4538.2,1,4539.2,1,4539.4,1,4543.0,1,4543.2,1,4538.0
IM2503,,13:43:33.800#,4569.6,4579.2,4531.6,5084.2,4159.8,3553,3477,4534.0,1,4535.0,1,4535.4,1,4535.8,2,4536.4,1,4537.6,1,4538.2,1,4539.2,1,4539.4,1,4543.0,1,4537.6
IM2503,,13:43:34.800#,4569.6,4579.2,4531.6,5084.2,4159.8,3553,3477,4531.8,1,4534.0,1,4535.0,1,4535.4,1,4535.8,2,4537.6,1,4538.2,1,4539.4,1,4543.0,1,4543.4,1,4537.6
IM2503,,13:43:35.300#,4569.6,4579.2,4531.6,5084.2,4159.8,3553,3477,4535.0,1,4535.4,1,4535.8,2,4536.0,1,4536.2,1,4537.6,1,4538.2,1,4539.4,1,4543.0,1,4543.4,1,4537.6
IM2503,,13:43:44.800#,4569.6,4579.2,4531.6,5084.2,4159.8,3554,3478,4531.8,1,4534.0,1,4535.0,1,4535.4,1,4535.8,2,4537.2,1,4537.4,1,4537.6,1,4538.2,1,4539.4,1,4536.2
IM2503,,13:43:45.300#,4569.6,4579.2,4531.6,5084.2,4159.8,3554,3478,4531.8,1,4534.0,1,4535.0,1,4535.4,1,4535.8,2,4537.4,1,4537.6,1,4538.2,1,4539.4,1,4543.4,1,4536.2
IM2503,,13:43:46.300#,4569.6,4579.2,4531.6,5084.2,4159.8,3554,3478,4534.0,1,4535.0,1,4535.4,1,4535.8,2,4536.0,1,4537.4,1,4537.6,1,4538.2,1,4539.4,1,4543.4,1,4536.2
IM2503,,13:43:47.800#,4569.6,4579.2,4531.6,5084.2,4159.8,3554,3478,4531.8,1,4534.0,1,4535.0,1,4535.4,1,4535.8,2,4537.4,1,4537.6,1,4538.2,1,4539.4,1,4543.4,1,4536.2
IM2503,,13:43:48.300#,4569.6,4579.2,4531.6,5084.2,4159.8,3554,3478,4534.0,1,4535.0,1,4535.4,1,4535.8,2,4536.0,1,4537.4,1,4537.6,1,4538.2,1,4539.4,1,4543.4,1,4536.2
IM2503,,13:43:50.800#,4569.6,4579.2,4531.6,5084.2,4159.8,3554,3478,4535.0,1,4535.4,1,4535.8,2,4536.0,1,4536.6,1,4537.4,1,4537.6,1,4538.2,1,4539.4,1,4543.4,1,4536.2
IM2503,,13:43:55.800#,4569.6,4579.2,4531.6,5084.2,4159.8,3554,3478,4535.0,1,4535.4,1,4535.8,2,4536.0,1,4536.6,1,4537.2,1,4537.4,1,4537.6,1,4538.2,1,4539.4,1,4536.2
IM2503,,13:43:56.300#,4569.6,4579.2,4531.6,5084.2,4159.8,3555,3479,4534.0,1,4535.0,1,4535.4,1,4535.8,2,4536.0,1,4537.2,1,4537.4,1,4537.6,1,4538.2,1,4539.4,1,4536.6
IM2503,,13:43:56.800#,4569.6,4579.2,4531.6,5084.2,4159.8,3555,3479,4534.0,1,4535.0,1,4535.4,1,4535.8,2,4536.0,1,4537.4,1,4537.6,1,4538.2,1,4539.4,1,4543.4,1,4536.6
IM2503,,13:43:57.300#,4569.6,4579.2,4531.6,5084.2,4159.8,3555,3479,4535.0,1,4535.4,1,4535.8,2,4536.0,1,4536.2,1,4537.4,1,4537.6,1,4538.2,1,4539.4,1,4543.4,1,4536.6
IM2503,,13:43:58.300#,4569.6,4579.2,4531.6,5084.2,4159.8,3555,3479,4535.6,1,4535.8,2,4536.0,1,4536.2,1,4536.4,1,4537.6,1,4538.2,1,4539.4,1,4543.4,1,4547.4,1,4536.6
IM2503,,13:43:58.800#,4569.6,4579.2,4531.6,5084.2,4159.8,3555,3479,4535.4,1,4535.6,1,4535.8,2,4536.0,1,4536.2,1,4537.6,1,4538.2,1,4539.4,1,4543.4,1,4547.4,1,4536.6
IM2503,,13:44:00.300#,4569.6,4579.2,4531.6,5084.2,4159.8,3555,3479,4535.4,1,4535.6,1,4535.8,2,4536.0,1,4536.2,1,4537.6,1,4539.4,1,4543.4,1,4547.4,1,4549.2,3,4536.6
IM2503,,13:44:00.800#,4569.6,4579.2,4531.6,5084.2,4159.8,3555,3479,4535.4,1,4535.6,1,4535.8,2,4536.0,1,4536.2,1,4539.4,1,4543.4,1,4547.4,1,4549.2,3,4549.6,5,4536.6
IM2503,,13:44:01.300#,4569.6,4579.2,4531.6,5084.2,4159.8,3555,3479,4535.4,1,4535.6,1,4535.8,2,4536.0,1,4536.4,1,4538.2,1,4538.4,1,4539.0,1,4539.2,1,4539.4,1,4536.6
IM2503,,13:44:01.800#,4569.6,4579.2,4531.6,5084.2,4159.8,3555,3479,4535.0,1,4535.4,1,4535.6,1,4535.8,2,4536.0,1,4537.8,1,4538.2,1,4538.4,1,4539.2,1,4539.4,1,4536.6
IM2503,,13:44:02.300#,4569.6,4579.2,4531.6,5084.2,4159.8,3555,3479,4535.4,1,4535.6,1,4535.8,2,4536.0,1,4536.2,1,4536.4,1,4537.8,1,4538.2,1,4538.4,1,4539.2,1,4536.6
IM2503,,13:44:02.800#,4569.6,4579.2,4531.6,5084.2,4159.8,3556,3480,4535.6,1,4535.8,2,4536.0,1,4536.2,1,4537.4,1,4537.8,1,4538.2,1,4538.4,1,4539.4,1,4543.4,1,4536.4
IM2503,,13:44:03.300#,4569.6,4579.2,4531.6,5084.2,4159.8,3557,3481,4535.4,1,4535.6,1,4535.8,2,4536.0,1,4536.4,1,4537.4,2,4538.0,1,4538.2,1,4539.4,1,4543.4,1,4537.4
IM2503,,13:44:03.800#,4569.6,4579.2,4531.6,5084.2,4159.8,3557,3481,4535.4,1,4535.6,1,4535.8,2,4536.0,1,4536.4,1,4538.0,1,4538.2,1,4539.4,1,4543.4,1,4547.4,1,4537.4
IM2503,,13:44:04.300#,4569.6,4579.2,4531.6,5084.2,4159.8,3557,3481,4535.0,1,4535.4,1,4535.6,1,4535.8,2,4536.0,1,4537.8,1,4538.0,1,4538.2,1,4539.4,1,4543.4,1,4537.4
IM2503,,13:44:04.800#,4569.6,4579.2,4531.6,5084.2,4159.8,3557,3481,4535.4,1,4535.6,1,4535.8,2,4536.0,1,4536.2,1,4537.8,1,4538.0,1,4538.2,1,4539.4,1,4543.4,1,4537.4
IM2503,,13:44:05.300#,4569.6,4579.2,4531.6,5084.2,4159.8,3557,3481,4535.4,1,4535.6,1,4535.8,2,4536.0,1,4536.2,1,4537.8,1,4538.2,1,4539.4,1,4543.4,1,4547.4,1,4537.4
IM2503,,13:44:06.800#,4569.6,4579.2,4531.6,5084.2,4159.8,3557,3481,4535.6,1,4535.8,2,4536.0,1,4536.2,1,4536.4,1,4539.4,1,4543.4,1,4547.4,1,4549.2,3,4549.6,5,4537.4
IM2503,,13:44:07.300#,4569.6,4579.2,4531.6,5084.2,4159.8,3557,3481,4535.4,1,4535.6,1,4535.8,2,4536.0,1,4536.6,1,4538.4,1,4538.8,1,4539.0,1,4539.2,1,4539.4,1,4537.4
IM2503,,13:44:07.800#,4569.6,4579.2,4531.6,5084.2,4159.8,3557,3481,4535.0,1,4535.4,1,4535.6,1,4535.8,2,4536.0,1,4538.2,1,4538.4,1,4538.8,1,4539.2,1,4539.4,1,4537.4
IM2503,,13:44:08.300#,4569.6,4579.2,4531.6,5084.2,4159.8,3557,3481,4535.4,1,4535.6,1,4535.8,2,4536.0,1,4536.2,1,4538.2,1,4538.4,1,4538.8,1,4539.2,1,4539.4,1,4537.4
IM2503,,13:44:13.300#,4569.6,4579.2,4531.6,5084.2,4159.8,3557,3481,4535.4,1,4535.6,1,4535.8,2,4536.0,1,4536.2,1,4538.2,1,4538.8,1,4539.2,1,4539.4,1,4543.4,1,4537.4
IM2503,,13:44:13.800#,4569.6,4579.2,4531.6,5084.2,4159.8,3557,3481,4535.6,1,4535.8,2,4536.0,1,4536.2,1,4536.4,1,4538.2,1,4538.8,1,4539.2,1,4539.4,1,4543.4,1,4537.4
IM2503,,13:44:14.300#,4569.6,4579.2,4531.6,5084.2,4159.8,3557,3481,4535.6,1,4535.8,2,4536.0,1,4536.4,1,4536.6,1,4538.2,1,4538.8,1,4539.2,1,4539.4,1,4543.4,1,4537.4
IM2503,,13:44:15.300#,4569.6,4579.2,4531.6,5084.2,4159.8,3557,3481,4535.6,1,4535.8,2,4536.0,1,4536.4,1,4536.6,1,4538.8,1,4539.2,1,4539.4,1,4543.4,1,4547.4,1,4537.4
IM2503,,13:44:15.800#,4569.6,4579.2,4531.6,5084.2,4159.8,3557,3481,4535.6,1,4535.8,2,4536.0,1,4536.4,1,4536.6,1,4538.6,1,4539.2,1,4539.4,1,4543.4,1,4547.4,1,4537.4
IM2503,,13:44:16.800#,4569.6,4579.2,4531.6,5084.2,4159.8,3557,3481,4535.6,1,4535.8,2,4536.0,1,4536.4,1,4536.6,1,4538.4,1,4538.6,1,4539.2,1,4539.4,1,4543.4,1,4537.4
IM2503,,13:44:17.300#,4569.6,4579.2,4531.6,5084.2,4159.8,3557,3481,4535.6,1,4535.8,2,4536.0,1,4536.4,1,4536.6,1,4538.2,1,4538.4,1,4539.2,1,4539.4,1,4543.4,1,4537.4
IM2503,,13:44:21.300#,4569.6,4579.2,4531.6,5084.2,4159.8,3557,3481,4535.4,1,4535.6,1,4535.8,2,4536.0,1,4536.4,1,4538.2,1,4538.4,1,4539.2,1,4539.4,1,4543.4,1,4537.4
IM2503,,13:44:22.300#,4569.6,4579.2,4531.6,5084.2,4159.8,3557,3481,4535.6,1,4535.8,2,4536.0,1,4536.4,1,4536.6,1,4538.2,1,4538.4,1,4539.2,1,4539.4,1,4543.4,1,4537.4
IM2503,,13:44:23.300#,4569.6,4579.2,4531.6,5084.2,4159.8,3558,3482,4535.4,1,4535.6,1,4535.8,2,4536.0,1,4536.4,1,4538.2,1,4539.2,1,4539.4,1,4543.4,1,4547.4,1,4536.6
IM2503,,13:44:24.300#,4569.6,4579.2,4531.6,5084.2,4159.8,3558,3482,4535.4,1,4535.6,1,4535.8,2,4536.0,1,4536.4,1,4538.2,2,4539.2,1,4539.4,1,4543.4,1,4547.4,1,4536.6
IM2503,,13:44:25.300#,4569.6,4579.2,4531.6,5084.2,4159.8,3558,3482,4535.6,1,4535.8,2,4536.0,1,4536.4,1,4536.6,1,4538.2,2,4539.2,1,4539.4,1,4543.4,1,4547.4,1,4536.6
IM2503,,13:44:28.300#,4569.6,4579.2,4531.6,5084.2,4159.8,3558,3482,4535.4,1,4535.6,1,4535.8,2,4536.0,1,4536.4,1,4538.2,2,4539.2,1,4539.4,1,4543.4,1,4547.4,1,4536.6
IM2503,,13:44:31.300#,4569.6,4579.2,4531.6,5084.2,4159.8,3558,3482,4535.6,1,4535.8,2,4536.0,1,4536.4,1,4536.6,1,4538.2,2,4539.2,1,4539.4,1,4543.4,1,4547.4,1,4536.6
IM2503,,13:44:31.800#,4569.6,4579.2,4531.6,5084.2,4159.8,3558,3482,4535.6,1,4535.8,2,4536.0,1,4536.4,1,4536.6,1,4538.0,1,4538.2,2,4539.2,1,4539.4,1,4543.4,1,4536.6
IM2503,,13:44:32.300#,4569.6,4579.2,4531.6,5084.2,4159.8,3558,3482,4535.4,1,4535.6,1,4535.8,2,4536.0,1,4536.4,1,4537.8,1,4538.0,1,4538.2,1,4539.2,1,4539.4,1,4536.6
IM2503,,13:44:37.800#,4569.6,4579.2,4531.6,5084.2,4159.8,3559,3483,4535.0,2,4535.4,1,4535.6,1,4535.8,2,4536.0,1,4537.8,1,4538.0,1,4538.2,1,4539.2,1,4539.4,1,4536.4
IM2503,,13:44:38.300#,4569.6,4579.2,4531.6,5084.2,4159.8,3560,3484,4535.0,2,4535.4,1,4535.6,1,4535.8,2,4536.0,1,4538.0,1,4538.2,1,4539.2,1,4539.4,1,4543.4,1,4537.8
IM2503,,13:44:38.800#,4569.6,4579.2,4531.6,5084.2,4159.8,3562,3486,4535.0,2,4535.4,1,4535.6,1,4535.8,2,4536.0,1,4538.0,1,4538.2,1,4539.2,1,4539.4,1,4543.4,1,4537.8
IM2503,,13:44:39.300#,4569.6,4579.2,4531.6,5084.2,4159.8,3562,3486,4535.4,1,4535.6,1,4535.8,2,4536.0,1,4536.2,1,4537.8,1,4538.0,1,4538.2,1,4539.2,1,4539.4,1,4537.8
IM2503,,13:44:39.800#,4569.6,4579.2,4531.6,5084.2,4159.8,3562,3486,4535.4,1,4535.6,1,4535.8,2,4536.0,1,4536.2,1,4537.8,2,4538.0,1,4539.2,1,4539.4,1,4543.4,1,4537.8
IM2503,,13:44:40.300#,4569.6,4579.2,4531.6,5084.2,4159.8,3562,3486,4535.4,1,4535.6,1,4535.8,2,4536.0,1,4536.2,1,4537.8,3,4538.0,1,4539.2,1,4539.4,1,4543.4,1,4537.8
IM2503,,13:44:42.300#,4569.6,4579.2,4531.6,5084.2,4159.8,3562,3486,4535.4,1,4535.8,2,4536.0,1,4536.2,1,4536.6,1,4537.8,3,4538.0,1,4539.2,1,4539.4,1,4543.4,1,4537.8
IM2503,,13:44:51.300#,4569.6,4579.2,4531.6,5084.2,4159.8,3562,3486,4535.8,2,4536.0,1,4536.2,1,4536.6,1,4536.8,1,4537.8,3,4538.0,1,4539.2,1,4539.4,1,4543.4,1,4537.8
IM2503,,13:44:51.800#,4569.6,4579.2,4531.6,5084.2,4159.8,3562,3486,4535.8,2,4536.0,1,4536.2,1,4536.6,1,4536.8,1,4537.8,3,4539.2,1,4539.4,1,4543.4,1,4547.4,1,4537.8
IM2503,,13:44:52.300#,4569.6,4579.2,4531.6,5084.2,4159.8,3562,3486,4536.0,1,4536.2,1,4536.6,1,4536.8,1,4537.0,1,4537.8,2,4539.2,1,4539.4,1,4543.4,1,4547.4,1,4537.8
IM2503,,13:44:52.800#,4569.6,4579.2,4531.6,5084.2,4159.8,3564,3488,4536.0,1,4536.2,1,4536.6,1,4536.8,1,4537.0,1,4539.2,1,4539.4,1,4543.4,1,4547.4,1,4549.2,3,4537.8
IM2503,,13:44:53.300#,4569.6,4579.2,4531.6,5084.2,4159.8,3564,3488,4536.2,1,4536.6,1,4536.8,1,4537.0,1,4537.2,1,4538.8,1,4539.2,1,4539.4,1,4543.4,1,4547.4,1,4537.8
IM2503,,13:44:54.300#,4569.6,4579.2,4531.6,5084.2,4159.8,3564,3488,4536.2,1,4536.6,1,4536.8,1,4537.0,1,4537.2,1,4539.2,1,4543.4,1,4547.4,1,4549.2,3,4549.6,5,4537.8
IM2503,,13:44:54.800#,4569.6,4579.2,4531.6,5084.2,4159.8,3564,3488,4536.6,1,4536.8,1,4537.0,1,4537.2,1,4537.4,1,4543.4,1,4547.4,1,4549.2,3,4549.6,5,4554.8,7,4537.8
IM2503,,13:44:55.300#,4569.6,4579.2,4531.6,5084.2,4159.8,3564,3488,4536.6,1,4536.8,1,4537.0,1,4537.4,1,4537.6,1,4540.2,1,4541.0,1,4543.0,1,4543.2,1,4543.4,1,4537.8
IM2503,,13:44:55.800#,4569.6,4579.2,4531.6,5084.2,4159.8,3564,3488,4536.6,1,4536.8,1,4537.0,1,4537.4,1,4537.8,1,4539.4,1,4539.8,1,4540.0,1,4540.2,1,4541.0,1,4537.8
IM2503,,13:44:56.300#,4569.6,4579.2,4531.6,5084.2,4159.8,3564,3488,4536.6,1,4536.8,1,4537.0,1,4537.4,1,4537.8,1,4539.2,1,4539.4,1,4540.0,1,4540.2,1,4541.0,1,4537.8
IM2503,,13:44:57.300#,4569.6,4579.2,4531.6,5084.2,4159.8,3564,3488,4536.6,1,4536.8,1,4537.0,1,4537.4,1,4537.8,1,4539.2,1,4540.0,1,4540.2,1,4541.0,1,4543.4,1,4537.8
IM2503,,13:44:59.300#,4569.6,4579.2,4531.6,5084.2,4159.8,3564,3488,4536.2,1,4536.6,1,4536.8,1,4537.0,1,4537.4,1,4539.2,1,4540.0,1,4540.2,1,4541.0,1,4543.4,1,4537.8
IM2503,,13:44:59.800#,4569.6,4579.2,4531.6,5084.2,4159.8,3564,3488,4536.0,1,4536.2,1,4536.6,1,4536.8,1,4537.0,1,4539.2,1,4540.0,1,4541.0,1,4543.4,1,4547.4,1,4537.8
IM2503,,13:45:00.300#,4569.6,4579.2,4531.6,5084.2,4159.8,3564,3488,4536.6,1,4536.8,1,4537.0,1,4537.2,1,4537.4,1,4539.2,1,4540.0,1,4541.0,1,4543.4,1,4547.4,1,4537.8
IM2503,,13:45:01.800#,4569.6,4579.2,4531.6,5084.2,4159.8,3565,3489,4536.2,1,4536.6,1,4536.8,1,4537.0,1,4537.2,1,4540.0,1,4541.0,1,4543.4,1,4547.4,1,4549.2,3,4539.2
IM2503,,13:45:02.300#,4569.6,4579.2,4531.6,5084.2,4159.8,3565,3489,4536.8,1,4537.0,1,4537.2,1,4537.6,1,4539.2,1,4539.6,2,4539.8,2,4541.0,1,4543.4,1,4547.4,1,4539.2
IM2503,,13:45:02.800#,4569.6,4579.2,4531.6,5084.2,4159.8,3566,3490,4536.6,1,4536.8,1,4537.0,1,4537.2,1,4537.6,1,4539.2,1,4539.6,2,4539.8,2,4541.0,1,4543.4,1,4539.2
IM2503,,13:45:03.300#,4569.6,4579.2,4531.6,5084.2,4159.8,3566,3490,4536.6,1,4536.8,1,4537.0,1,4537.2,1,4537.8,1,4539.2,1,4539.6,2,4539.8,2,4541.0,1,4543.4,1,4539.2
IM2503,,13:45:03.800#,4569.6,4579.2,4531.6,5084.2,4159.8,3566,3490,4536.2,1,4536.6,1,4536.8,1,4537.0,1,4537.2,1,4539.0,1,4539.2,1,4539.6,1,4539.8,2,4541.0,1,4539.2
IM2503,,13:45:04.300#,4569.6,4579.2,4531.6,5084.2,4159.8,3566,3490,4536.6,1,4536.8,1,4537.0,1,4537.2,1,4537.4,1,4539.0,1,4539.2,1,4539.6,1,4539.8,2,4541.0,1,4539.2
IM2503,,13:45:04.800#,4569.6,4579.2,4531.6,5084.2,4159.8,3566,3490,4536.2,1,4536.6,1,4536.8,1,4537.0,1,4537.4,1,4539.0,1,4539.2,1,4539.6,1,4539.8,2,4541.0,1,4539.2
IM2503,,13:45:05.300#,4569.6,4579.2,4531.6,5084.2,4159.8,3566,3490,4536.0,1,4536.2,1,4536.6,1,4536.8,1,4537.0,1,4539.0,1,4539.2,1,4539.6,1,4539.8,1,4541.0,1,4539.2
IM2503,,13:45:05.800#,4569.6,4579.2,4531.6,5084.2,4159.8,3566,3490,4536.2,1,4536.6,1,4536.8,1,4537.0,1,4537.2,1,4539.0,1,4539.2,1,4539.6,1,4539.8,1,4541.0,1,4539.2
IM2503,,13:45:06.300#,4569.6,4579.2,4531.6,5084.2,4159.8,3566,3490,4536.2,1,4536.6,1,4536.8,1,4537.0,1,4537.2,1,4538.8,1,4539.0,1,4539.2,1,4539.6,1,4539.8,1,4539.2
IM2503,,13:45:06.800#,4569.6,4579.2,4531.6,5084.2,4159.8,3566,3490,4536.2,1,4536.6,1,4536.8,1,4537.0,1,4537.2,1,4538.6,1,4538.8,1,4539.2,1,4539.6,1,4539.8,1,4539.2
IM2503,,13:45:08.300#,4569.6,4579.2,4531.6,5084.2,4159.8,3566,3490,4536.0,1,4536.2,1,4536.8,1,4537.0,1,4537.2,1,4538.6,1,4538.8,1,4539.2,1,4539.6,1,4539.8,1,4539.2
IM2503,,13:45:10.300#,4569.6,4579.2,4531.6,5084.2,4159.8,3566,3490,4535.8,2,4536.0,1,4536.2,1,4536.8,1,4537.2,1,4538.4,1,4538.6,1,4538.8,1,4539.2,1,4539.6,1,4539.2
IM2503,,13:45:11.300#,4569.6,4579.2,4531.6,5084.2,4159.8,3566,3490,4535.8,2,4536.0,1,4536.2,1,4536.8,1,4537.2,1,4538.4,1,4538.6,1,4539.2,1,4539.6,1,4539.8,1,4539.2
IM2503,,13:45:11.800#,4569.6,4579.2,4531.6,5084.2,4159.8,3566,3490,4535.4,1,4535.8,2,4536.0,1,4536.2,1,4536.8,1,4538.4,1,4538.6,1,4539.2,1,4539.6,1,4539.8,1,4539.2
IM2503,,13:45:12.300#,4569.6,4579.2,4531.6,5084.2,4159.8,3566,3490,4535.4,1,4535.8,2,4536.0,1,4536.2,1,4536.8,1,4538.2,1,4538.4,1,4539.2,1,4539.6,1,4539.8,1,4539.2
IM2503,,13:45:12.800#,4569.6,4579.2,4531.6,5084.2,4159.8,3566,3490,4535.4,1,4535.8,2,4536.0,1,4536.2,1,4536.8,1,4538.2,1,4539.6,1,4539.8,1,4541.0,1,4543.4,1,4539.2
IM2503,,13:45:13.800#,4569.6,4579.2,4531.6,5084.2,4159.8,3566,3490,4535.4,1,4535.8,2,4536.0,1,4536.2,1,4536.8,1,4538.0,2,4538.2,1,4539.6,1,4539.8,1,4541.0,1,4539.2
IM2503,,13:45:14.300#,4569.6,4579.2,4531.6,5084.2,4159.8,3567,3491,4535.0,2,4535.4,1,4535.8,1,4536.0,1,4536.2,1,4537.8,1,4538.0,2,4539.6,1,4539.8,1,4541.0,1,4536.8
IM2503,,13:45:14.800#,4569.6,4579.2,4531.6,5084.2,4159.8,3567,3491,4535.0,2,4535.4,1,4535.8,1,4536.0,1,4536.4,1,4537.8,1,4538.0,2,4539.6,1,4539.8,1,4541.0,1,4536.8
IM2503,,13:45:15.300#,4569.6,4579.2,4531.6,5084.2,4159.8,3567,3491,4534.0,1,4535.0,2,4535.4,1,4536.0,1,4536.4,1,4537.8,1,4538.0,2,4539.6,1,4539.8,1,4541.0,1,4536.8
IM2503,,13:45:15.800#,4569.6,4579.2,4531.6,5084.2,4159.8,3567,3491,4534.0,1,4535.0,2,4535.4,1,4536.0,1,4536.4,1,4537.8,1,4538.0,1,4539.6,1,4539.8,1,4541.0,1,4536.8
IM2503,,13:45:16.300#,4569.6,4579.2,4531.6,5084.2,4159.8,3567,3491,4535.0,2,4535.4,1,4536.0,1,4536.4,1,4536.6,2,4537.8,1,4538.0,1,4539.6,1,4539.8,1,4541.0,1,4536.8
IM2503,,13:45:16.800#,4569.6,4579.2,4531.6,5084.2,4159.8,3567,3491,4535.0,2,4535.4,1,4536.0,1,4536.4,1,4536.6,2,4538.0,1,4539.6,1,4539.8,1,4541.0,1,4543.4,1,4536.8
IM2503,,13:45:17.300#,4569.6,4579.2,4531.6,5084.2,4159.8,3567,3491,4535.0,2,4535.4,1,4536.0,1,4536.4,1,4536.6,2,4538.0,1,4539.6,1,4539.8,1,4543.4,1,4547.4,1,4536.8
IM2503,,13:45:17.800#,4569.6,4579.2,4531.6,5084.2,4159.8,3567,3491,4534.0,1,4535.0,2,4535.4,1,4536.0,1,4536.6,2,4538.0,1,4539.6,1,4539.8,1,4543.4,1,4547.4,1,4536.8
IM2503,,13:45:18.800#,4569.6,4579.2,4531.6,5084.2,4159.8,3568,3492,4534.0,1,4535.0,2,4535.4,1,4536.0,1,4536.6,1,4538.0,1,4539.6,1,4539.8,1,4543.4,1,4547.4,1,4536.6
IM2503,,13:45:19.300#,4569.6,4579.2,4531.6,5084.2,4159.8,3568,3492,4535.0,2,4535.4,1,4536.0,1,4536.6,1,4536.8,1,4537.8,1,4538.0,1,4539.6,1,4539.8,1,4543.4,1,4536.6
IM2503,,13:45:20.300#,4569.6,4579.2,4531.6,5084.2,4159.8,3569,3493,4534.0,1,4535.0,2,4535.4,1,4536.0,1,4536.6,1,4537.8,1,4538.0,1,4539.6,1,4539.8,1,4543.4,1,4536.8
IM2503,,13:45:29.800#,4569.6,4579.2,4531.6,5084.2,4159.8,3570,3494,4531.8,1,4534.0,1,4535.0,2,4535.4,1,4536.0,1,4537.8,1,4538.0,1,4539.6,1,4539.8,1,4543.4,1,4536.6
IM2503,,13:45:30.300#,4569.6,4579.2,4531.6,5084.2,4159.8,3570,3494,4534.0,1,4535.0,2,4535.4,1,4536.0,1,4536.2,1,4537.6,1,4537.8,1,4538.0,1,4539.6,1,4539.8,1,4536.6
IM2503,,13:45:30.800#,4569.6,4579.2,4531.6,5084.2,4159.8,3570,3494,4531.8,1,4534.0,1,4535.0,2,4535.4,1,4536.0,1,4537.4,2,4537.6,1,4538.0,1,4539.6,1,4543.4,1,4536.6
IM2503,,13:45:33.800#,4569.6,4579.2,4531.6,5084.2,4159.8,3570,3494,4531.8,1,4534.0,1,4535.0,2,4535.4,1,4536.0,1,4537.4,1,4537.6,1,4538.0,1,4539.6,1,4543.4,1,4536.6
IM2503,,13:45:34.300#,4569.6,4579.2,4531.6,5084.2,4159.8,3570,3494,4531.8,1,4534.0,1,4535.0,2,4535.4,1,4536.0,1,4537.4,1,4538.0,1,4539.6,1,4543.4,1,4547.4,1,4536.6
IM2503,,13:45:37.800#,4569.6,4579.2,4531.6,5084.2,4159.8,3571,3495,4530.0,4,4531.8,1,4534.0,1,4535.0,2,4535.4,1,4537.4,1,4538.0,1,4539.6,1,4543.4,1,4547.4,1,4536.0
IM2503,,13:45:38.300#,4569.6,4579.2,4531.6,5084.2,4159.8,3571,3495,4534.0,1,4535.0,2,4535.4,1,4535.6,1,4535.8,1,4537.4,1,4538.0,1,4539.6,1,4543.4,1,4547.4,1,4536.0
IM2503,,13:45:39.300#,4569.6,4579.2,4531.6,5084.2,4159.8,3571,3495,4534.0,1,4535.0,2,4535.4,1,4535.8,1,4536.0,1,4537.4,1,4538.0,1,4539.6,1,4543.4,1,4547.4,1,4536.0
IM2503,,13:45:40.800#,4569.6,4579.2,4531.6,5084.2,4159.8,3571,3495,4531.8,1,4534.0,1,4535.0,2,4535.4,1,4535.8,1,4537.2,1,4537.4,1,4538.0,1,4539.6,1,4543.4,1,4536.0
IM2503,,13:45:41.300#,4569.6,4579.2,4531.6,5084.2,4159.8,3575,3499,4524.0,4,4528.0,5,4528.8,1,4530.0,4,4531.8,1,4537.0,1,4537.2,1,4538.0,1,4539.6,1,4543.4,1,4534.0
IM2503,,13:45:41.800#,4569.6,4579.2,4531.6,5084.2,4159.8,3576,3499,4530.0,4,4531.8,1,4532.0,2,4532.2,1,4534.4,1,4538.0,1,4539.6,1,4543.4,1,4547.4,1,4549.2,3,4534.0
IM2503,,13:45:42.300#,4569.6,4579.2,4531.6,5084.2,4159.8,3576,3499,4531.8,1,4532.0,2,4534.4,1,4534.8,2,4535.6,1,4537.2,1,4537.4,1,4537.6,1,4537.8,1,4538.0,1,4534.0
IM2503,,13:45:42.800#,4569.6,4579.2,4531.6,5084.2,4159.8,3576,3499,4530.0,4,4531.8,1,4532.0,2,4534.4,1,4534.8,1,4536.6,1,4536.8,1,4537.0,1,4537.2,1,4537.4,1,4534.0
IM2503,,13:45:43.300#,4569.6,4579.2,4531.6,5084.2,4159.8,3576,3499,4533.8,1,4534.2,1,4534.4,1,4534.8,1,4535.0,2,4536.4,1,4536.6,1,4537.0,1,4537.2,1,4537.4,1,4534.0
IM2503,,13:45:43.800#,4569.6,4579.2,4531.6,5084.2,4159.8,3576,3499,4533.8,1,4534.2,1,4534.4,1,4534.8,1,4535.0,2,4536.6,1,4537.0,1,4537.2,1,4537.4,1,4537.8,1,4534.0
IM2503,,13:45:44.300#,4569.6,4579.2,4531.6,5084.2,4159.8,3577,3500,4533.8,1,4534.2,1,4534.4,1,4534.8,1,4535.0,2,4536.6,1,4537.0,1,4537.2,1,4537.4,1,4537.8,1,4536.4
IM2503,,13:45:46.300#,4569.6,4579.2,4531.6,5084.2,4159.8,3577,3500,4531.8,2,4532.0,2,4534.2,1,4534.4,1,4535.0,1,4536.4,1,4536.6,1,4537.0,1,4537.2,1,4537.8,1,4536.4
IM2503,,13:45:46.800#,4569.6,4579.2,4531.6,5084.2,4159.8,3577,3500,4528.8,1,4530.0,4,4531.8,2,4532.0,2,4534.2,1,4536.4,1,4536.6,1,4537.0,1,4537.2,1,4537.8,1,4536.4
IM2503,,13:45:47.300#,4569.6,4579.2,4531.6,5084.2,4159.8,3577,3500,4530.0,4,4531.8,2,4532.0,2,4534.4,1,4535.2,1,4536.0,1,4536.2,2,4536.4,1,4536.6,1,4537.0,1,4536.4
IM2503,,13:45:47.800#,4569.6,4579.2,4531.6,5084.2,4159.8,3578,3501,4528.0,5,4528.8,1,4530.0,4,4531.8,2,4532.0,2,4535.4,1,4535.8,1,4536.0,1,4536.2,2,4536.6,1,4535.2
IM2503,,13:45:48.300#,4569.6,4579.2,4531.6,5084.2,4159.8,3578,3501,4532.0,1,4532.2,1,4532.4,1,4532.8,1,4533.8,1,4536.0,1,4536.2,1,4536.6,1,4537.0,1,4537.2,1,4535.2
IM2503,,13:45:48.800#,4569.6,4579.2,4531.6,5084.2,4159.8,3578,3501,4531.8,2,4532.0,1,4532.2,1,4533.8,1,4534.0,2,4535.6,2,4536.0,1,4536.2,1,4537.0,1,4537.2,1,4535.2
IM2503,,13:45:49.300#,4569.6,4579.2,4531.6,5084.2,4159.8,3578,3501,4531.8,2,4532.0,1,4532.2,1,4533.8,1,4534.0,1,4535.4,1,4535.6,1,4536.0,1,4536.2,1,4537.0,1,4535.2
IM2503,,13:45:49.800#,4569.6,4579.2,4531.6,5084.2,4159.8,3578,3501,4530.0,4,4531.8,2,4532.0,1,4532.2,1,4533.8,1,4535.4,1,4536.0,1,4536.2,1,4537.0,1,4537.2,1,4535.2
IM2503,,13:45:50.300#,4569.6,4579.2,4531.6,5084.2,4159.8,3578,3501,4531.8,2,4532.0,1,4532.2,1,4533.8,1,4534.0,1,4536.0,1,4536.2,1,4537.0,1,4537.2,1,4538.0,1,4535.2
IM2503,,13:45:50.800#,4569.6,4579.2,4531.6,5084.2,4159.8,3578,3501,4532.0,1,4532.2,1,4533.8,1,4534.0,2,4534.2,1,4536.2,1,4537.0,1,4537.2,1,4538.0,1,4539.6,1,4535.2
IM2503,,13:45:51.300#,4569.6,4579.2,4531.6,5084.2,4159.8,3578,3501,4532.2,1,4533.8,2,4534.0,1,4534.2,1,4534.6,1,4536.2,1,4537.0,1,4537.2,1,4538.0,1,4539.6,1,4535.2
IM2503,,13:45:52.300#,4569.6,4579.2,4531.6,5084.2,4159.8,3578,3501,4532.2,1,4533.8,2,4534.0,1,4534.2,1,4534.6,1,4536.0,2,4536.2,1,4537.0,1,4537.2,1,4538.0,1,4535.2
IM2503,,13:45:53.800#,4569.6,4579.2,4531.6,5084.2,4159.8,3578,3501,4532.0,1,4532.2,1,4533.8,2,4534.0,1,4534.2,1,4536.0,2,4536.2,1,4537.0,1,4537.2,1,4538.0,1,4535.2
IM2503,,13:45:54.300#,4569.6,4579.2,4531.6,5084.2,4159.8,3578,3501,4530.0,4,4531.8,2,4532.0,1,4532.2,1,4533.8,2,4535.8,2,4536.0,2,4536.2,1,4537.0,1,4537.2,1,4535.2
IM2503,,13:45:54.800#,4569.6,4579.2,4531.6,5084.2,4159.8,3578,3501,4531.8,2,4532.0,1,4532.2,1,4533.8,2,4534.0,2,4535.8,2,4536.2,1,4537.0,1,4537.2,1,4538.0,1,4535.2
IM2503,,13:45:55.300#,4569.6,4579.2,4531.6,5084.2,4159.8,3578,3501,4531.8,2,4532.0,1,4532.2,1,4533.8,2,4534.0,2,4536.2,1,4537.0,1,4537.2,1,4538.0,1,4539.6,1,4535.2
IM2503,,13:45:55.800#,4569.6,4579.2,4531.6,5084.2,4159.8,3578,3501,4532.2,1,4533.8,2,4534.0,2,4534.2,1,4534.4,1,4536.0,1,4536.2,1,4537.0,1,4537.2,1,4538.0,1,4535.2
IM2503,,13:45:56.300#,4569.6,4579.2,4531.6,5084.2,4159.8,3578,3501,4533.8,2,4534.0,1,4534.2,1,4534.4,1,4534.6,1,4536.0,1,4536.2,1,4537.0,1,4537.2,1,4538.0,1,4535.2
IM2503,,13:45:57.300#,4569.6,4579.2,4531.6,5084.2,4159.8,3578,3501,4533.8,2,4534.0,1,4534.2,1,4534.4,1,4534.6,1,4536.2,1,4537.0,1,4537.2,1,4538.0,1,4539.6,1,4535.2
IM2503,,13:45:57.800#,4569.6,4579.2,4531.6,5084.2,4159.8,3578,3501,4533.8,2,4534.0,1,4534.2,1,4534.4,1,4534.6,1,4536.0,1,4536.2,1,4537.0,1,4537.2,1,4538.0,1,4535.2
IM2503,,13:45:58.300#,4569.6,4579.2,4531.6,5084.2,4159.8,3578,3501,4533.8,2,4534.0,1,4534.2,1,4534.4,1,4534.6,1,4536.2,1,4537.0,1,4537.2,1,4538.0,1,4539.6,1,4535.2
IM2503,,13:45:58.800#,4569.6,4579.2,4531.6,5084.2,4159.8,3578,3501,4533.8,2,4534.0,1,4534.2,1,4534.4,1,4534.6,1,4536.0,1,4536.2,1,4537.0,1,4537.2,1,4538.0,1,4535.2
IM2503,,13:45:59.300#,4569.6,4579.2,4531.6,5084.2,4159.8,3578,3501,4534.0,1,4534.2,1,4534.4,1,4534.6,1,4534.8,1,4537.0,1,4537.2,1,4538.0,1,4539.6,1,4546.6,5,4535.2
IM2503,,13:45:59.800#,4569.6,4579.2,4531.6,5084.2,4159.8,3579,3502,4533.8,2,4534.0,1,4534.4,1,4534.8,1,4535.0,2,4536.8,1,4537.0,1,4537.2,1,4538.0,1,4539.6,1,4535.2
IM2503,,13:46:00.300#,4569.6,4579.2,4531.6,5084.2,4159.8,3579,3502,4533.8,1,4534.0,1,4534.4,1,4535.0,2,4535.4,1,4538.0,1,4539.6,1,4546.6,5,4547.4,1,4549.2,3,4535.2
IM2503,,13:46:00.800#,4569.6,4579.2,4531.6,5084.2,4159.8,3579,3502,4534.4,1,4535.4,1,4535.6,1,4535.8,1,4536.0,1,4537.8,2,4538.0,1,4539.6,1,4546.6,5,4547.4,1,4535.2
IM2503,,13:46:01.300#,4569.6,4579.2,4531.6,5084.2,4159.8,3579,3502,4534.4,1,4535.4,1,4535.6,1,4536.0,1,4536.2,1,4537.6,1,4537.8,1,4539.6,1,4546.6,5,4547.4,1,4535.2
IM2503,,13:46:01.800#,4569.6,4579.2,4531.6,5084.2,4159.8,3579,3502,4534.0,1,4534.4,1,4535.4,1,4535.6,1,4536.0,1,4537.6,1,4539.6,1,4546.6,5,4547.4,1,4549.2,3,4535.2
IM2503,,13:46:02.300#,4569.6,4579.2,4531.6,5084.2,4159.8,3579,3502,4532.2,1,4533.8,1,4534.0,1,4534.4,1,4535.4,1,4537.0,1,4537.4,2,4537.6,1,4539.6,1,4546.6,5,4535.2
IM2503,,13:46:02.800#,4569.6,4579.2,4531.6,5084.2,4159.8,3579,3502,4532.0,1,4532.2,1,4533.8,1,4534.0,1,4534.4,1,4536.8,1,4537.4,1,4539.6,1,4546.6,5,4547.4,1,4535.2
IM2503,,13:46:03.300#,4569.6,4579.2,4531.6,5084.2,4159.8,3579,3502,4533.8,1,4534.0,1,4534.4,1,4534.8,1,4535.0,1,4539.6,1,4546.6,5,4547.4,1,4549.2,3,4554.8,7,4535.2
IM2503,,13:46:03.800#,4569.6,4579.2,4531.6,5084.2,4159.8,3579,3502,4533.8,1,4534.0,1,4534.4,1,4535.0,1,4535.4,2,4537.2,1,4538.0,1,4538.8,1,4539.2,1,4539.4,1,4535.2
IM2503,,13:46:04.300#,4569.6,4579.2,4531.6,5084.2,4159.8,3579,3502,4533.8,1,4534.0,1,4534.4,1,4535.0,1,4535.6,1,4537.0,2,4537.2,1,4538.0,1,4538.8,1,4539.6,1,4535.2
IM2503,,13:46:04.800#,4569.6,4579.2,4531.6,5084.2,4159.8,3579,3502,4533.8,1,4534.0,1,4534.4,1,4535.0,1,4535.6,1,4537.2,1,4538.0,1,4538.8,1,4539.6,1,4546.6,5,4535.2
IM2503,,13:46:05.300#,4569.6,4579.2,4531.6,5084.2,4159.8,3579,3502,4534.0,1,4534.4,1,4535.0,1,4535.6,1,4535.8,1,4538.0,1,4538.8,1,4539.6,1,4546.6,5,4547.4,1,4535.2
IM2503,,13:46:05.800#,4569.6,4579.2,4531.6,5084.2,4159.8,3579,3502,4532.2,1,4533.8,1,4534.0,1,4534.4,1,4535.8,1,4537.4,1,4537.8,2,4538.0,1,4538.8,1,4539.6,1,4535.2
IM2503,,13:46:06.300#,4569.6,4579.2,4531.6,5084.2,4159.8,3579,3502,4532.0,1,4532.2,1,4533.8,1,4534.0,1,4534.4,1,4537.2,2,4537.4,1,4537.8,1,4538.0,1,4538.8,1,4535.2
IM2503,,13:46:06.800#,4569.6,4579.2,4531.6,5084.2,4159.8,3579,3502,4533.8,1,4534.0,1,4534.4,1,4534.8,1,4535.2,2,4537.2,2,4537.4,1,4537.8,1,4538.0,1,4538.8,1,4535.2
IM2503,,13:46:07.300#,4569.6,4579.2,4531.6,5084.2,4159.8,3579,3502,4532.2,1,4534.0,1,4534.4,1,4535.2,2,4535.4,2,4537.0,1,4537.2,2,4537.4,1,4537.8,1,4538.0,1,4535.2
IM2503,,13:46:07.800#,4569.6,4579.2,4531.6,5084.2,4159.8,3579,3502,4532.0,1,4532.2,1,4534.0,1,4534.4,1,4535.2,1,4537.0,2,4537.2,1,4537.4,1,4537.8,1,4538.8,1,4535.2
IM2503,,13:46:08.300#,4569.6,4579.2,4531.6,5084.2,4159.8,3579,3502,4531.8,2,4532.0,1,4532.2,1,4534.0,1,4534.4,1,4536.8,2,4537.0,2,4537.2,1,4537.4,1,4538.8,1,4535.2
IM2503,,13:46:08.800#,4569.6,4579.2,4531.6,5084.2,4159.8,3579,3502,4532.0,1,4532.2,1,4534.0,1,4534.4,1,4534.6,1,4536.4,2,4536.6,1,4536.8,1,4537.0,1,4537.2,1,4535.2
IM2503,,13:46:09.300#,4569.6,4579.2,4531.6,5084.2,4159.8,3579,3502,4531.8,2,4532.0,1,4532.2,1,4534.0,1,4534.6,1,4536.2,2,4536.4,2,4536.6,1,4536.8,1,4537.0,1,4535.2
IM2503,,13:46:09.800#,4569.6,4579.2,4531.6,5084.2,4159.8,3579,3502,4530.0,4,4531.8,2,4532.0,1,4532.2,1,4534.0,2,4535.8,1,4536.2,2,4536.4,1,4536.6,1,4536.8,1,4535.2
IM2503,,13:46:10.300#,4569.6,4579.2,4531.6,5084.2,4159.8,3579,3502,4531.8,2,4532.0,1,4532.2,1,4534.0,1,4534.2,2,4535.6,2,4535.8,1,4536.2,1,4536.4,1,4536.6,1,4535.2
IM2503,,13:46:10.800#,4569.6,4579.2,4531.6,5084.2,4159.8,3579,3502,4531.8,2,4532.0,1,4532.2,1,4534.0,1,4534.2,2,4535.8,1,4536.2,1,4536.4,1,4536.6,1,4537.0,1,4535.2
IM2503,,13:46:11.300#,4569.6,4579.2,4531.6,5084.2,4159.8,3579,3502,4532.0,1,4532.2,1,4534.0,1,4534.2,2,4534.4,1,4536.2,1,4536.4,1,4536.6,1,4537.0,1,4538.8,1,4535.2
IM2503,,13:46:11.800#,4569.6,4579.2,4531.6,5084.2,4159.8,3579,3502,4532.0,1,4532.2,1,4534.0,1,4534.2,1,4534.4,1,4536.0,1,4536.4,1,4536.6,1,4537.0,1,4538.8,1,4535.2
IM2503,,13:46:12.300#,4569.6,4579.2,4531.6,5084.2,4159.8,3579,3502,4531.8,1,4532.0,1,4532.2,1,4534.0,1,4534.2,1,4536.0,1,4536.4,1,4536.6,1,4537.0,1,4538.8,1,4535.2
IM2503,,13:46:12.800#,4569.6,4579.2,4531.6,5084.2,4159.8,3579,3502,4531.8,1,4532.0,1,4532.2,1,4534.0,1,4534.4,3,4536.0,1,4536.4,1,4536.6,1,4537.0,1,4538.8,1,4535.2
IM2503,,13:46:13.300#,4569.6,4579.2,4531.6,5084.2,4159.8,3579,3502,4531.8,1,4532.0,1,4532.2,1,4534.0,1,4534.4,3,4536.0,1,4536.6,1,4537.0,1,4538.8,1,4539.6,1,4535.2
IM2503,,13:46:13.800#,4569.6,4579.2,4531.6,5084.2,4159.8,3580,3503,4531.8,1,4532.0,1,4532.2,1,4534.0,1,4534.4,3,4536.0,1,4536.6,1,4537.0,1,4538.8,1,4539.6,1,4534.6
IM2503,,13:46:14.300#,4569.6,4579.2,4531.6,5084.2,4159.8,3580,3503,4531.8,1,4532.0,1,4532.2,1,4534.0,1,4534.4,2,4535.8,1,4536.0,1,4536.6,1,4537.0,1,4538.8,1,4534.6
IM2503,,13:46:14.800#,4569.6,4579.2,4531.6,5084.2,4159.8,3580,3503,4531.8,1,4532.0,1,4532.2,1,4534.0,1,4534.4,2,4535.8,1,4536.6,1,4537.0,1,4538.8,1,4539.6,1,4534.6
IM2503,,13:46:17.300#,4569.6,4579.2,4531.6,5084.2,4159.8,3580,3503,4532.0,1,4532.2,1,4534.0,1,4534.4,2,4534.6,1,4536.6,1,4537.0,1,4538.8,1,4539.6,1,4546.6,5,4534.6
IM2503,,13:46:17.800#,4569.6,4579.2,4531.6,5084.2,4159.8,3580,3503,4532.0,1,4532.2,1,4534.0,1,4534.4,1,4534.8,1,4536.2,1,4536.6,1,4537.0,1,4538.8,1,4539.6,1,4534.6
IM2503,,13:46:19.300#,4569.6,4579.2,4531.6,5084.2,4159.8,3580,3503,4532.2,1,4533.4,1,4534.0,1,4534.4,1,4534.8,1,4536.2,1,4536.6,1,4537.0,1,4538.8,1,4539.6,1,4534.6
IM2503,,13:46:19.800#,4569.6,4579.2,4531.6,5084.2,4159.8,3580,3503,4532.2,1,4533.4,1,4534.0,1,4534.4,1,4534.8,1,4536.0,1,4536.2,1,4536.6,1,4537.0,1,4538.8,1,4534.6
IM2503,,13:46:20.300#,4569.6,4579.2,4531.6,5084.2,4159.8,3580,3503,4532.2,1,4533.4,1,4534.0,1,4534.4,1,4534.8,1,4535.8,1,4536.0,1,4536.6,1,4537.0,1,4538.8,1,4534.6
IM2503,,13:46:24.800#,4569.6,4579.2,4531.6,5084.2,4159.8,3580,3503,4532.0,1,4532.2,1,4533.4,1,4534.0,1,4534.4,1,4535.8,1,4536.0,1,4536.6,1,4537.0,1,4538.8,1,4534.6
IM2503,,13:46:25.300#,4569.6,4579.2,4531.6,5084.2,4159.8,3580,3503,4532.0,1,4532.2,1,4533.4,1,4534.0,1,4534.4,1,4535.6,1,4535.8,1,4536.0,1,4536.6,1,4537.0,1,4534.6
IM2503,,13:46:25.800#,4569.6,4579.2,4531.6,5084.2,4159.8,3580,3503,4532.0,1,4532.2,1,4533.4,1,4534.0,1,4534.4,1,4535.4,1,4535.6,1,4536.0,1,4536.6,1,4537.0,1,4534.6
IM2503,,13:46:26.300#,4569.6,4579.2,4531.6,5084.2,4159.8,3580,3503,4531.8,1,4532.0,1,4532.2,1,4534.0,1,4534.4,1,4535.6,1,4536.0,1,4536.6,1,4537.0,1,4538.8,1,4534.6
IM2503,,13:46:26.800#,4569.6,4579.2,4531.6,5084.2,4159.8,3580,3503,4532.0,1,4532.2,1,4534.0,1,4534.4,1,4534.6,1,4536.0,1,4536.6,1,4537.0,1,4538.8,1,4539.6,1,4534.6
IM2503,,13:46:27.300#,4569.6,4579.2,4531.6,5084.2,4159.8,3580,3503,4532.0,1,4532.2,1,4534.0,1,4534.4,1,4534.6,1,4535.8,1,4536.0,1,4536.6,1,4537.0,1,4538.8,1,4534.6
IM2503,,13:46:31.300#,4569.6,4579.2,4531.6,5084.2,4159.8,3580,3503,4532.2,1,4533.6,1,4534.0,1,4534.4,1,4534.6,1,4535.8,1,4536.0,1,4536.6,1,4537.0,1,4538.8,1,4534.6
IM2503,,13:46:35.300#,4569.6,4579.2,4531.6,5084.2,4159.8,3581,3504,4532.0,1,4532.2,1,4533.6,1,4534.0,1,4534.4,1,4535.8,1,4536.0,1,4536.6,1,4537.0,1,4538.8,1,4534.6
IM2503,,13:46:35.800#,4569.6,4579.2,4531.6,5084.2,4159.8,3581,3504,4532.0,1,4532.2,1,4533.6,1,4534.0,1,4534.4,1,4535.6,1,4535.8,1,4536.0,1,4536.6,1,4537.0,1,4534.6
IM2503,,13:46:36.300#,4569.6,4579.2,4531.6,5084.2,4159.8,3581,3504,4532.0,1,4532.2,1,4533.6,1,4534.0,1,4534.4,1,4535.4,1,4535.6,1,4536.0,1,4536.6,1,4537.0,1,4534.6
IM2503,,13:46:36.800#,4569.6,4579.2,4531.6,5084.2,4159.8,3581,3504,4531.8,1,4532.0,1,4532.2,1,4533.6,1,4534.0,1,4535.4,1,4535.6,1,4536.0,1,4536.6,1,4537.0,1,4534.6
IM2503,,13:46:37.800#,4569.6,4579.2,4531.6,5084.2,4159.8,3582,3505,4530.0,4,4531.8,1,4532.0,1,4532.2,1,4533.6,1,4535.4,1,4535.6,1,4536.0,1,4536.6,1,4537.0,1,4534.0
IM2503,,13:46:38.300#,4569.6,4579.2,4531.6,5084.2,4159.8,3582,3505,4531.8,1,4532.0,1,4532.2,1,4533.6,1,4533.8,1,4535.4,1,4535.6,1,4536.0,1,4536.6,1,4537.0,1,4534.0
IM2503,,13:46:39.800#,4569.6,4579.2,4531.6,5084.2,4159.8,3582,3505,4532.0,1,4532.2,1,4533.2,1,4533.6,1,4533.8,1,4535.4,1,4535.6,1,4536.0,1,4536.6,1,4537.0,1,4534.0
IM2503,,13:46:41.300#,4569.6,4579.2,4531.6,5084.2,4159.8,3583,3506,4531.8,1,4532.0,1,4532.2,1,4533.2,1,4533.6,1,4535.4,1,4535.6,1,4536.0,1,4536.6,1,4537.0,1,4533.8
IM2503,,13:46:46.800#,4569.6,4579.2,4531.6,5084.2,4159.8,3583,3506,4531.8,1,4532.0,1,4532.2,1,4533.2,1,4533.6,1,4535.2,1,4535.4,1,4535.6,1,4536.0,1,4536.6,1,4533.8
IM2503,,13:46:47.300#,4569.6,4579.2,4531.6,5084.2,4159.8,3583,3506,4531.8,1,4532.0,1,4532.2,1,4533.2,1,4533.6,1,4535.0,1,4535.2,1,4535.6,1,4536.0,1,4536.6,1,4533.8
IM2503,,13:46:47.800#,4569.6,4579.2,4531.6,5084.2,4159.8,3584,3507,4531.8,1,4532.0,1,4532.2,1,4533.2,1,4533.6,1,4535.2,1,4535.6,1,4536.0,1,4536.6,1,4537.0,1,4535.0
IM2503,,13:46:48.300#,4569.6,4579.2,4531.6,5084.2,4159.8,3584,3507,4532.2,1,4533.2,1,4533.6,1,4533.8,1,4535.0,1,4535.2,1,4536.0,1,4536.6,1,4537.0,1,4538.8,1,4535.0
IM2503,,13:46:48.800#,4569.6,4579.2,4531.6,5084.2,4159.8,3585,3508,4532.0,1,4532.2,1,4533.2,1,4533.6,1,4533.8,1,4535.2,1,4536.0,1,4536.6,1,4537.0,1,4538.8,1,4535.0
IM2503,,13:46:49.300#,4569.6,4579.2,4531.6,5084.2,4159.8,3585,3508,4531.8,1,4532.0,1,4532.2,1,4533.2,1,4533.6,1,4535.2,1,4536.0,1,4536.6,1,4537.0,1,4538.8,1,4535.0
IM2503,,13:46:49.800#,4569.6,4579.2,4531.6,5084.2,4159.8,3585,3508,4531.8,1,4532.0,1,4532.2,1,4533.2,1,4533.6,1,4535.0,1,4535.2,1,4536.0,1,4536.6,1,4537.0,1,4535.0
IM2503,,13:46:53.300#,4569.6,4579.2,4531.6,5084.2,4159.8,3586,3509,4531.8,1,4532.0,1,4532.2,1,4533.2,1,4533.6,1,4535.2,1,4536.0,1,4536.6,1,4537.0,1,4538.8,1,4535.0
IM2503,,13:46:53.800#,4569.6,4579.2,4531.6,5084.2,4159.8,3586,3509,4532.0,1,4532.2,1,4533.2,1,4533.6,1,4533.8,1,4535.2,1,4536.0,1,4536.6,1,4537.0,1,4538.8,1,4535.0
IM2503,,13:46:58.300#,4569.6,4579.2,4531.6,5084.2,4159.8,3586,3509,4532.2,1,4533.2,1,4533.6,1,4533.8,1,4534.0,1,4535.2,1,4536.0,1,4536.6,1,4537.0,1,4538.8,1,4535.0
IM2503,,13:47:02.800#,4569.6,4579.2,4531.6,5084.2,4159.8,3587,3510,4532.2,1,4533.2,1,4533.6,1,4533.8,1,4534.0,1,4536.0,1,4536.6,1,4537.0,1,4538.8,1,4539.6,1,4535.2
IM2503,,13:47:03.300#,4569.6,4579.2,4531.6,5084.2,4159.8,3587,3510,4532.2,1,4533.2,1,4533.6,1,4534.0,1,4534.2,1,4536.6,1,4538.8,1,4539.6,1,4546.6,5,4547.4,1,4535.2
IM2503,,13:47:03.800#,4569.6,4579.2,4531.6,5084.2,4159.8,3587,3510,4533.2,1,4533.6,1,4534.2,2,4534.4,1,4534.6,2,4536.2,1,4536.4,1,4536.6,1,4538.8,1,4539.6,1,4535.2
IM2503,,13:47:04.300#,4569.6,4579.2,4531.6,5084.2,4159.8,3587,3510,4533.2,1,4533.6,1,4534.2,2,4534.4,1,4534.6,2,4536.4,1,4536.6,1,4538.8,1,4539.6,1,4546.6,5,4535.2
IM2503,,13:47:05.300#,4569.6,4579.2,4531.6,5084.2,4159.8,3587,3510,4533.2,1,4533.6,1,4534.2,2,4534.4,1,4534.6,2,4538.8,1,4539.6,1,4546.6,5,4547.4,1,4549.2,3,4535.2
IM2503,,13:47:05.800#,4569.6,4579.2,4531.6,5084.2,4159.8,3587,3510,4533.6,1,4534.2,2,4534.6,2,4535.2,1,4535.8,1,4537.6,1,4538.0,1,4538.4,1,4538.6,1,4538.8,1,4535.2
IM2503,,13:47:06.300#,4569.6,4579.2,4531.6,5084.2,4159.8,3587,3510,4533.6,1,4534.2,2,4534.6,2,4535.2,1,4535.8,1,4537.4,1,4537.6,1,4538.0,1,4538.6,1,4538.8,1,4535.2
IM2503,,13:47:06.800#,4569.6,4579.2,4531.6,5084.2,4159.8,3587,3510,4533.6,1,4534.2,2,4534.6,1,4535.2,1,4536.0,1,4537.4,1,4537.6,1,4538.0,1,4538.6,1,4538.8,1,4535.2
IM2503,,13:47:07.300#,4569.6,4579.2,4531.6,5084.2,4159.8,3587,3510,4533.6,1,4534.2,2,4534.6,1,4535.2,1,4536.0,1,4537.4,1,4538.0,1,4538.6,1,4538.8,1,4539.6,1,4535.2
IM2503,,13:47:09.300#,4569.6,4579.2,4531.6,5084.2,4159.8,3587,3510,4533.2,1,4533.6,1,4534.2,2,4534.6,1,4535.2,1,4537.4,1,4538.0,1,4538.6,1,4538.8,1,4539.6,1,4535.2
IM2503,,13:47:09.800#,4569.6,4579.2,4531.6,5084.2,4159.8,3587,3510,4533.6,1,4534.2,2,4534.6,1,4535.2,1,4535.6,2,4537.4,1,4538.0,1,4538.6,1,4538.8,1,4539.6,1,4535.2
IM2503,,13:47:12.800#,4569.6,4579.2,4531.6,5084.2,4159.8,3587,3510,4533.6,1,4534.2,2,4534.6,1,4535.2,1,4535.6,2,4538.0,1,4538.6,1,4538.8,1,4539.6,1,4546.6,5,4535.2
IM2503,,13:47:13.300#,4569.6,4579.2,4531.6,5084.2,4159.8,3587,3510,4534.2,1,4534.6,1,4535.2,1,4535.6,2,4536.0,1,4537.6,1,4537.8,1,4538.0,1,4538.6,1,4538.8,1,4535.2
IM2503,,13:47:13.800#,4569.6,4579.2,4531.6,5084.2,4159.8,3587,3510,4534.2,1,4534.6,1,4535.6,1,4536.0,1,4536.2,1,4538.6,1,4546.6,5,4547.4,1,4549.2,3,4554.8,7,4535.2
IM2503,,13:47:14.300#,4569.6,4579.2,4531.6,5084.2,4159.8,3587,3510,4534.6,1,4535.6,1,4536.0,1,4536.2,1,4536.4,1,4538.2,1,4538.4,2,4538.6,1,4546.6,5,4547.4,1,4535.2
IM2503,,13:47:14.800#,4569.6,4579.2,4531.6,5084.2,4159.8,3587,3510,4532.2,1,4533.2,1,4533.6,1,4534.6,1,4535.6,1,4537.6,1,4537.8,1,4538.2,1,4538.4,2,4538.6,1,4535.2
IM2503,,13:47:15.300#,4569.6,4579.2,4531.6,5084.2,4159.8,3587,3510,4533.2,1,4533.6,1,4534.6,1,4535.6,1,4535.8,2,4537.4,1,4538.4,1,4538.6,1,4546.6,5,4547.4,1,4535.2
IM2503,,13:47:15.800#,4569.6,4579.2,4531.6,5084.2,4159.8,3587,3510,4533.2,1,4533.6,1,4534.6,1,4535.6,1,4535.8,2,4538.4,1,4538.6,1,4546.6,5,4547.4,1,4549.2,3,4535.2
IM2503,,13:47:16.300#,4569.6,4579.2,4531.6,5084.2,4159.8,3587,3510,4533.2,1,4533.6,1,4534.6,1,4535.6,1,4535.8,2,4537.6,1,4538.0,1,4538.4,1,4538.6,1,4546.6,5,4535.2
IM2503,,13:47:16.800#,4569.6,4579.2,4531.6,5084.2,4159.8,3587,3510,4533.2,1,4533.6,1,4534.6,1,4535.6,1,4535.8,2,4538.0,1,4538.2,1,4538.4,1,4538.6,1,4546.6,5,4535.2
IM2503,,13:47:17.300#,4569.6,4579.2,4531.6,5084.2,4159.8,3587,3510,4533.6,1,4534.6,1,4535.6,1,4535.8,2,4536.2,1,4538.0,1,4538.4,1,4538.6,1,4546.6,5,4547.4,1,4535.2
IM2503,,13:47:17.800#,4569.6,4579.2,4531.6,5084.2,4159.8,3587,3510,4534.6,1,4535.6,1,4535.8,1,4536.2,1,4536.4,1,4538.0,1,4538.4,1,4538.6,1,4546.6,5,4547.4,1,4535.2
IM2503,,13:47:18.300#,4569.6,4579.2,4531.6,5084.2,4159.8,3587,3510,4533.6,1,4534.6,1,4535.6,1,4535.8,1,4536.2,1,4538.0,1,4538.4,1,4538.6,1,4546.6,5,4547.4,1,4535.2
IM2503,,13:47:18.800#,4569.6,4579.2,4531.6,5084.2,4159.8,3587,3510,4533.2,1,4533.6,1,4534.6,1,4535.6,1,4535.8,1,4537.8,1,4538.0,1,4538.4,1,4538.6,1,4546.6,5,4535.2
IM2503,,13:47:19.300#,4569.6,4579.2,4531.6,5084.2,4159.8,3587,3510,4533.6,1,4534.6,1,4535.6,1,4535.8,1,4536.0,2,4537.6,1,4537.8,1,4538.4,1,4538.6,1,4546.6,5,4535.2
IM2503,,13:47:20.300#,4569.6,4579.2,4531.6,5084.2,4159.8,3587,3510,4534.6,1,4535.0,1,4535.6,1,4535.8,1,4536.0,2,4537.6,2,4537.8,1,4538.4,1,4538.6,1,4546.6,5,4535.2
IM2503,,13:47:20.800#,4569.6,4579.2,4531.6,5084.2,4159.8,3587,3510,4534.6,1,4535.0,1,4535.6,1,4535.8,1,4536.0,2,4537.4,1,4537.6,2,4537.8,1,4538.4,1,4538.6,1,4535.2
IM2503,,13:47:21.800#,4569.6,4579.2,4531.6,5084.2,4159.8,3588,3511,4534.6,1,4535.0,1,4535.6,1,4535.8,1,4536.0,1,4537.4,1,4537.6,2,4537.8,1,4538.4,1,4538.6,1,4536.0
IM2503,,13:47:22.300#,4569.6,4579.2,4531.6,5084.2,4159.8,3588,3511,4533.6,1,4534.6,1,4535.0,1,4535.6,1,4535.8,1,4537.4,1,4537.6,1,4537.8,1,4538.4,1,4538.6,1,4536.0
IM2503,,13:47:22.800#,4569.6,4579.2,4531.6,5084.2,4159.8,3588,3511,4534.6,1,4535.0,1,4535.6,1,4535.8,1,4536.0,1,4537.4,1,4537.6,1,4538.4,1,4538.6,1,4546.6,5,4536.0
IM2503,,13:47:23.300#,4569.6,4579.2,4531.6,5084.2,4159.8,3588,3511,4534.6,1,4535.0,1,4535.6,1,4535.8,1,4536.0,1,4537.6,1,4538.4,1,4538.6,1,4546.6,5,4547.4,1,4536.0
IM2503,,13:47:24.300#,4569.6,4579.2,4531.6,5084.2,4159.8,3589,3512,4535.0,1,4535.6,1,4535.8,1,4536.0,1,4536.2,1,4538.4,1,4538.6,1,4546.6,5,4547.4,1,4549.2,3,4537.6
IM2503,,13:47:24.800#,4569.6,4579.2,4531.6,5084.2,4159.8,3589,3512,4535.0,1,4535.6,1,4535.8,1,4536.2,1,4536.4,1,4538.2,1,4538.4,1,4538.6,1,4546.6,5,4547.4,1,4537.6
IM2503,,13:47:25.300#,4569.6,4579.2,4531.6,5084.2,4159.8,3589,3512,4534.6,1,4535.0,1,4535.6,1,4536.4,2,4536.6,1,4538.2,1,4538.4,1,4538.6,1,4546.6,5,4547.4,1,4537.6
IM2503,,13:47:25.800#,4569.6,4579.2,4531.6,5084.2,4159.8,3590,3513,4534.6,1,4535.0,1,4535.6,1,4536.4,2,4536.6,1,4546.6,5,4547.4,1,4549.2,3,4554.8,7,4555.0,1,4538.2
IM2503,,13:47:26.300#,4569.6,4579.2,4531.6,5084.2,4159.8,3590,3513,4535.6,1,4536.4,1,4537.0,1,4537.4,1,4538.2,1,4539.2,1,4541.0,1,4542.8,1,4544.2,1,4546.2,1,4538.2
IM2503,,13:47:26.800#,4569.6,4579.2,4531.6,5084.2,4159.8,3591,3514,4535.0,1,4535.6,1,4536.4,1,4537.4,1,4538.6,1,4542.8,1,4546.2,1,4546.6,5,4547.4,1,4549.2,3,4539.2
IM2503,,13:47:27.300#,4569.6,4579.2,4531.6,5084.2,4159.8,3591,3514,4534.6,1,4535.0,1,4535.6,1,4536.4,1,4537.4,1,4540.4,1,4541.2,1,4542.0,1,4542.4,1,4542.6,1,4539.2
IM2503,,13:47:27.800#,4569.6,4579.2,4531.6,5084.2,4159.8,3591,3514,4535.6,1,4536.4,1,4537.4,1,4537.8,1,4538.4,1,4540.2,1,4540.4,1,4542.0,1,4542.8,1,4547.4,1,4539.2
IM2503,,13:47:28.300#,4569.6,4579.2,4531.6,5084.2,4159.8,3591,3514,4536.4,1,4537.4,1,4538.4,1,4538.8,1,4541.2,1,4542.0,1,4542.8,1,4547.4,1,4549.2,3,4552.8,5,4539.2
IM2503,,13:47:28.800#,4569.6,4579.2,4531.6,5084.2,4159.8,3593,3516,4535.0,1,4535.6,1,4536.4,1,4537.4,1,4538.4,1,4541.2,4,4541.4,1,4541.8,1,4542.0,1,4542.2,1,4540.2
IM2503,,13:47:29.300#,4569.6,4579.2,4531.6,5084.2,4159.8,3593,3516,4535.6,1,4536.4,1,4537.4,1,4538.4,1,4538.6,2,4540.6,1,4540.8,1,4541.0,1,4541.2,4,4541.4,1,4540.2
IM2503,,13:47:29.800#,4569.6,4579.2,4531.6,5084.2,4159.8,3593,3516,4535.6,1,4536.4,1,4537.4,1,4538.4,1,4538.6,2,4540.4,1,4541.0,1,4541.2,4,4541.4,1,4542.0,1,4540.2
IM2503,,13:47:30.300#,4569.6,4579.2,4531.6,5084.2,4159.8,3593,3516,4535.6,1,4536.4,1,4537.4,1,4538.4,1,4538.6,2,4541.0,1,4541.2,4,4541.4,1,4542.0,1,4542.2,1,4540.2
IM2503,,13:47:30.800#,4569.6,4579.2,4531.6,5084.2,4159.8,3593,3516,4536.4,1,4537.4,1,4538.4,1,4538.6,2,4538.8,1,4540.6,1,4540.8,1,4541.0,1,4541.2,4,4541.4,1,4540.2
IM2503,,13:47:31.300#,4569.6,4579.2,4531.6,5084.2,4159.8,3593,3516,4535.0,1,4536.4,1,4537.4,1,4538.4,1,4538.6,1,4540.6,1,4540.8,1,4541.0,1,4541.2,4,4541.4,1,4540.2
IM2503,,13:47:31.800#,4569.6,4579.2,4531.6,5084.2,4159.8,3593,3516,4535.0,1,4536.4,1,4537.4,1,4538.6,1,4538.8,2,4540.6,1,4541.0,1,4541.2,4,4541.4,1,4542.0,1,4540.2
IM2503,,13:47:32.300#,4569.6,4579.2,4531.6,5084.2,4159.8,3593,3516,4533.6,1,4535.0,1,4536.4,1,4537.4,1,4538.6,1,4540.6,1,4541.0,1,4541.2,4,4541.4,1,4542.0,1,4540.2
IM2503,,13:47:32.800#,4569.6,4579.2,4531.6,5084.2,4159.8,3593,3516,4533.2,1,4533.6,1,4535.0,1,4536.4,1,4537.4,1,4540.4,1,4540.6,1,4541.0,1,4541.2,4,4541.4,1,4540.2
IM2503,,13:47:33.300#,4569.6,4579.2,4531.6,5084.2,4159.8,3593,3516,4535.0,1,4536.4,1,4537.4,1,4537.8,2,4538.0,1,4540.0,1,4540.4,1,4541.0,1,4541.2,4,4541.4,1,4540.2
IM2503,,13:47:33.800#,4569.6,4579.2,4531.6,5084.2,4159.8,3593,3516,4536.4,1,4537.4,1,4537.8,1,4538.0,1,4538.2,1,4540.0,1,4540.4,1,4541.0,1,4541.2,3,4541.4,1,4540.2
IM2503,,13:47:34.800#,4569.6,4579.2,4531.6,5084.2,4159.8,3593,3516,4535.0,1,4536.4,1,4537.4,1,4538.0,1,4538.2,1,4540.0,1,4540.4,1,4541.0,1,4541.2,3,4541.4,1,4540.2
IM2503,,13:47:35.300#,4569.6,4579.2,4531.6,5084.2,4159.8,3593,3516,4533.6,1,4535.0,1,4536.4,1,4537.4,1,4538.2,1,4540.0,1,4540.4,1,4541.0,1,4541.2,3,4541.4,1,4540.2
IM2503,,13:47:38.300#,4569.6,4579.2,4531.6,5084.2,4159.8,3594,3517,4533.2,1,4533.6,1,4535.0,1,4536.4,1,4537.4,1,4540.0,1,4540.4,1,4541.0,1,4541.2,3,4541.4,1,4538.2
IM2503,,13:47:38.800#,4569.6,4579.2,4531.6,5084.2,4159.8,3594,3517,4536.4,1,4537.4,1,4537.6,3,4537.8,1,4538.0,1,4540.0,1,4540.4,1,4541.0,1,4541.2,3,4541.4,1,4538.2
IM2503,,13:47:39.300#,4569.6,4579.2,4531.6,5084.2,4159.8,3594,3517,4536.4,1,4537.4,1,4537.6,3,4538.0,1,4538.2,1,4540.0,1,4540.4,1,4541.0,1,4541.2,2,4541.4,1,4538.2
IM2503,,13:47:39.800#,4569.6,4579.2,4531.6,5084.2,4159.8,3594,3517,4536.4,1,4537.4,1,4537.6,2,4538.0,1,4538.2,1,4540.0,1,4540.4,1,4541.0,1,4541.2,2,4541.4,1,4538.2
IM2503,,13:47:41.300#,4569.6,4579.2,4531.6,5084.2,4159.8,3594,3517,4537.4,1,4537.6,1,4538.0,1,4538.2,1,4538.4,1,4540.0,1,4540.4,1,4541.0,1,4541.2,2,4541.4,1,4538.2
IM2503,,13:47:42.300#,4569.6,4579.2,4531.6,5084.2,4159.8,3594,3517,4537.4,1,4537.6,1,4538.0,1,4538.4,1,4538.6,2,4540.0,1,4540.4,1,4541.0,1,4541.2,2,4541.4,1,4538.2
IM2503,,13:47:42.800#,4569.6,4579.2,4531.6,5084.2,4159.8,3594,3517,4537.4,1,4537.6,1,4538.0,1,4538.4,1,4538.6,2,4540.0,1,4541.0,1,4541.2,2,4541.4,1,4542.0,1,4538.2
IM2503,,13:47:43.300#,4569.6,4579.2,4531.6,5084.2,4159.8,3594,3517,4537.4,1,4537.6,1,4538.0,1,4538.6,2,4538.8,1,4541.0,1,4541.4,1,4542.0,1,4547.4,1,4549.2,3,4538.2
IM2503,,13:47:43.800#,4569.6,4579.2,4531.6,5084.2,4159.8,3594,3517,4537.4,1,4537.6,1,4538.0,1,4538.6,2,4538.8,1,4540.6,1,4540.8,2,4541.0,1,4541.4,1,4542.0,1,4538.2
IM2503,,13:47:44.300#,4569.6,4579.2,4531.6,5084.2,4159.8,3594,3517,4536.4,1,4537.4,1,4537.6,1,4538.6,1,4538.8,1,4540.2,1,4540.4,1,4540.6,1,4540.8,1,4541.0,1,4538.2
IM2503,,13:47:44.800#,4569.6,4579.2,4531.6,5084.2,4159.8,3594,3517,4535.0,1,4536.4,1,4537.4,1,4537.6,1,4538.8,1,4540.0,1,4540.2,1,4540.4,1,4540.8,1,4541.0,1,4538.2
IM2503,,13:47:45.300#,4569.6,4579.2,4531.6,5084.2,4159.8,3594,3517,4531.8,1,4535.0,1,4536.4,1,4537.4,1,4537.6,1,4538.6,1,4540.0,1,4540.2,1,4540.4,1,4540.8,1,4538.2
IM2503,,13:47:45.800#,4569.6,4579.2,4531.6,5084.2,4159.8,3595,3518,4535.0,1,4536.4,1,4537.4,1,4537.8,2,4539.6,1,4539.8,1,4540.0,1,4540.2,1,4540.4,1,4540.8,1,4538.6
IM2503,,13:47:46.300#,4569.6,4579.2,4531.6,5084.2,4159.8,3596,3519,4535.0,1,4536.4,1,4537.4,1,4537.8,1,4538.6,1,4539.2,1,4539.6,4,4539.8,1,4540.4,1,4540.8,1,4539.2
IM2503,,13:47:46.800#,4569.6,4579.2,4531.6,5084.2,4159.8,3597,3520,4530.0,4,4531.8,1,4535.0,1,4536.4,1,4537.8,1,4538.2,1,4539.6,4,4539.8,1,4540.0,1,4540.4,1,4538.6
IM2503,,13:47:47.300#,4569.6,4579.2,4531.6,5084.2,4159.8,3599,3522,4530.0,4,4531.8,1,4535.0,1,4536.4,1,4539.2,1,4539.6,4,4539.8,1,4540.0,1,4540.4,1,4540.8,1,4537.8
IM2503,,13:47:47.800#,4569.6,4579.2,4531.6,5084.2,4159.8,3600,3523,4527.2,1,4530.0,4,4531.8,1,4535.0,1,4536.4,1,4539.6,1,4539.8,1,4540.0,1,4540.4,1,4540.8,1,4539.2
IM2503,,13:47:48.300#,4569.6,4579.2,4531.6,5084.2,4159.8,3600,3523,4536.4,1,4536.6,1,4536.8,1,4537.0,1,4537.2,1,4539.4,1,4539.8,1,4540.0,1,4540.4,1,4540.8,1,4539.2
IM2503,,13:47:48.800#,4569.6,4579.2,4531.6,5084.2,4159.8,3600,3523,4536.6,1,4537.0,1,4537.2,1,4537.4,1,4537.6,1,4539.8,1,4540.0,1,4540.4,1,4540.8,1,4542.0,1,4539.2
IM2503,,13:47:49.300#,4569.6,4579.2,4531.6,5084.2,4159.8,3600,3523,4537.0,1,4537.2,1,4537.4,1,4537.6,1,4537.8,1,4539.6,1,4539.8,1,4540.4,1,4540.8,1,4542.0,1,4539.2
IM2503,,13:47:49.800#,4569.6,4579.2,4531.6,5084.2,4159.8,3600,3523,4537.0,1,4537.2,1,4537.4,1,4537.8,1,4538.0,1,4539.6,1,4539.8,1,4540.4,1,4540.8,1,4542.0,1,4539.2
IM2503,,13:47:50.300#,4569.6,4579.2,4531.6,5084.2,4159.8,3600,3523,4536.6,1,4537.0,1,4537.2,1,4537.4,1,4538.0,1,4539.6,1,4539.8,1,4540.4,1,4540.8,1,4542.0,1,4539.2
IM2503,,13:47:51.300#,4569.6,4579.2,4531.6,5084.2,4159.8,3600,3523,4535.0,1,4536.4,1,4536.6,1,4537.4,1,4538.0,1,4539.6,1,4539.8,1,4540.4,1,4540.8,1,4542.0,1,4539.2
IM2503,,13:47:51.800#,4569.6,4579.2,4531.6,5084.2,4159.8,3600,3523,4531.8,1,4535.0,1,4536.4,1,4536.6,1,4537.4,1,4539.6,1,4539.8,1,4540.4,1,4540.8,1,4542.0,1,4539.2
IM2503,,13:47:52.300#,4569.6,4579.2,4531.6,5084.2,4159.8,3600,3523,4536.4,1,4536.6,1,4537.4,1,4537.8,1,4538.2,1,4540.4,1,4540.8,1,4542.0,1,4547.4,1,4549.2,3,4539.2
IM2503,,13:47:52.800#,4569.6,4579.2,4531.6,5084.2,4159.8,3600,3523,4536.4,1,4536.6,1,4537.4,1,4538.2,1,4538.4,1,4540.0,2,4540.2,1,4540.4,1,4540.8,1,4542.0,1,4539.2
IM2503,,13:47:53.300#,4569.6,4579.2,4531.6,5084.2,4159.8,3600,3523,4535.0,1,4535.4,1,4536.4,1,4536.6,1,4537.4,1,4540.0,2,4540.2,1,4540.4,1,4540.8,1,4542.0,1,4539.2
IM2503,,13:47:53.800#,4569.6,4579.2,4531.6,5084.2,4159.8,3600,3523,4536.4,1,4536.6,1,4537.4,1,4537.6,1,4537.8,1,4539.8,1,4540.0,2,4540.2,1,4540.4,1,4540.8,1,4539.2
IM2503,,13:47:54.300#,4569.6,4579.2,4531.6,5084.2,4159.8,3600,3523,4536.4,1,4536.6,1,4537.4,1,4537.6,1,4537.8,1,4539.4,1,4539.8,1,4540.0,1,4540.2,1,4540.4,1,4539.2
IM2503,,13:47:54.800#,4569.6,4579.2,4531.6,5084.2,4159.8,3600,3523,4535.4,1,4536.4,1,4536.6,1,4537.4,1,4537.6,1,4539.4,1,4539.8,1,4540.0,1,4540.2,1,4540.4,1,4539.2
IM2503,,13:47:55.300#,4569.6,4579.2,4531.6,5084.2,4159.8,3600,3523,4536.4,1,4536.6,1,4537.4,1,4537.6,1,4537.8,1,4539.4,1,4539.8,1,4540.0,1,4540.2,1,4540.4,1,4539.2
IM2503,,13:47:59.800#,4569.6,4579.2,4531.6,5084.2,4159.8,3602,3525,4535.4,1,4536.4,1,4536.6,1,4537.4,1,4537.6,1,4540.0,1,4540.2,1,4540.4,1,4540.8,1,4542.0,1,4539.8
IM2503,,13:48:00.300#,4569.6,4579.2,4531.6,5084.2,4159.8,3602,3525,4537.4,1,4537.6,1,4537.8,2,4538.0,1,4539.4,1,4539.8,1,4540.0,1,4540.2,1,4540.4,1,4540.8,1,4539.8
IM2503,,13:48:00.800#,4569.6,4579.2,4531.6,5084.2,4159.8,3603,3526,4536.4,1,4536.6,1,4537.4,1,4537.6,1,4537.8,2,4539.2,1,4539.8,1,4540.0,1,4540.2,1,4540.4,1,4539.4
IM2503,,13:48:01.300#,4569.6,4579.2,4531.6,5084.2,4159.8,3603,3526,4536.6,1,4537.4,1,4537.6,1,4537.8,2,4538.2,1,4539.2,1,4540.2,1,4540.4,1,4540.8,1,4542.0,1,4539.4
IM2503,,13:48:01.800#,4569.6,4579.2,4531.6,5084.2,4159.8,3603,3526,4536.6,1,4537.4,1,4537.6,1,4537.8,1,4538.2,1,4539.2,1,4540.2,1,4540.4,1,4540.8,1,4542.0,1,4539.4
IM2503,,13:48:02.300#,4569.6,4579.2,4531.6,5084.2,4159.8,3604,3527,4530.0,4,4531.8,2,4535.0,1,4535.4,1,4536.4,1,4539.0,3,4540.4,1,4540.8,1,4542.0,1,4547.4,1,4538.2
IM2503,,13:48:02.800#,4569.6,4579.2,4531.6,5084.2,4159.8,3605,3528,4526.8,1,4530.0,4,4531.8,2,4535.0,1,4535.4,1,4538.0,1,4538.4,1,4538.8,1,4539.0,3,4540.4,1,4536.6
IM2503,,13:48:03.300#,4569.6,4579.2,4531.6,5084.2,4159.8,3605,3528,4535.4,1,4535.6,1,4535.8,1,4536.0,1,4536.6,1,4537.8,1,4538.0,1,4538.4,1,4538.8,1,4539.0,2,4536.6
IM2503,,13:48:03.800#,4569.6,4579.2,4531.6,5084.2,4159.8,3605,3528,4535.0,1,4535.4,1,4535.6,1,4535.8,1,4536.0,1,4536.4,1,4537.8,1,4538.0,1,4538.4,1,4538.8,1,4536.6
IM2503,,13:48:04.300#,4569.6,4579.2,4531.6,5084.2,4159.8,3606,3529,4535.6,1,4535.8,1,4536.0,1,4536.4,3,4537.4,1,4537.8,1,4538.4,1,4539.0,2,4540.4,1,4540.8,1,4536.6
IM2503,,13:48:04.800#,4569.6,4579.2,4531.6,5084.2,4159.8,3608,3531,4530.0,4,4531.8,2,4535.0,1,4535.4,1,4536.8,1,4538.0,1,4538.4,1,4539.0,1,4540.4,1,4540.8,1,4536.4
IM2503,,13:48:05.300#,4569.6,4579.2,4531.6,5084.2,4159.8,3609,3532,4530.0,4,4531.8,2,4535.0,1,4535.4,1,4536.8,1,4538.0,1,4538.4,1,4539.0,1,4540.4,1,4540.8,1,4537.8
IM2503,,13:48:05.800#,4569.6,4579.2,4531.6,5084.2,4159.8,3610,3533,4526.8,1,4530.0,4,4531.8,2,4535.0,1,4535.4,1,4536.6,1,4537.8,1,4538.0,1,4538.4,1,4539.0,1,4536.8
IM2503,,13:48:06.300#,4569.6,4579.2,4531.6,5084.2,4159.8,3610,3533,4526.8,1,4530.0,4,4531.8,2,4535.0,1,4535.4,1,4536.6,1,4537.8,2,4538.0,1,4538.4,1,4539.0,1,4536.8
IM2503,,13:48:06.800#,4569.6,4579.2,4531.6,5084.2,4159.8,3611,3534,4524.0,4,4526.8,1,4530.0,4,4531.8,2,4535.0,1,4536.4,1,4536.6,1,4538.0,1,4538.4,1,4539.0,1,4535.4
IM2503,,13:48:07.300#,4569.6,4579.2,4531.6,5084.2,4159.8,3611,3534,4524.0,4,4526.8,1,4530.0,4,4531.8,2,4535.0,1,4538.4,1,4539.0,1,4540.4,1,4540.8,1,4546.2,5,4535.4
IM2503,,13:48:07.800#,4569.6,4579.2,4531.6,5084.2,4159.8,3612,3535,4523.8,5,4524.0,4,4526.8,1,4530.0,4,4531.8,2,4537.4,1,4538.0,1,4538.2,1,4538.4,1,4539.0,1,4535.0
IM2503,,13:48:08.300#,4569.6,4579.2,4531.6,5084.2,4159.8,3612,3535,4530.0,4,4531.8,2,4532.0,2,4532.2,2,4534.2,2,4536.4,1,4537.0,1,4537.4,1,4538.2,1,4538.4,1,4535.0
IM2503,,13:48:08.800#,4569.6,4579.2,4531.6,5084.2,4159.8,3612,3535,4532.2,1,4534.2,1,4534.4,2,4534.6,1,4534.8,1,4536.2,1,4537.4,1,4538.2,1,4538.4,1,4539.0,1,4535.0
IM2503,,13:48:09.300#,4569.6,4579.2,4531.6,5084.2,4159.8,3612,3535,4532.2,1,4534.2,1,4534.4,2,4534.8,1,4535.0,1,4537.4,1,4538.2,1,4538.4,1,4539.0,1,4540.4,1,4535.0
IM2503,,13:48:09.800#,4569.6,4579.2,4531.6,5084.2,4159.8,3612,3535,4534.2,1,4534.4,1,4534.8,1,4535.0,1,4535.4,1,4537.2,1,4537.4,1,4538.2,1,4538.4,1,4539.0,1,4535.0
IM2503,,13:48:10.300#,4569.6,4579.2,4531.6,5084.2,4159.8,3612,3535,4534.2,1,4534.4,1,4534.8,1,4535.4,1,4535.6,1,4537.2,1,4538.2,1,4538.4,1,4539.0,1,4540.4,1,4535.0
IM2503,,13:48:10.800#,4569.6,4579.2,4531.6,5084.2,4159.8,3612,3535,4534.4,1,4534.8,1,4535.4,1,4535.6,1,4535.8,1,4538.2,1,4538.4,1,4539.0,1,4540.4,1,4540.8,1,4535.0
IM2503,,13:48:11.300#,4569.6,4579.2,4531.6,5084.2,4159.8,3612,3535,4532.2,1,4534.2,1,4534.4,1,4534.8,1,4535.4,1,4537.6,1,4537.8,2,4538.0,1,4538.4,1,4539.0,1,4535.0
IM2503,,13:48:11.800#,4569.6,4579.2,4531.6,5084.2,4159.8,3612,3535,4531.8,2,4532.0,2,4532.2,1,4534.2,1,4534.4,1,4537.2,1,4537.4,2,4537.6,1,4537.8,1,4538.4,1,4535.0
IM2503,,13:48:12.300#,4569.6,4579.2,4531.6,5084.2,4159.8,3612,3535,4532.0,2,4532.2,1,4534.2,1,4534.4,1,4534.6,2,4535.4,1,4536.6,2,4537.0,1,4537.2,1,4537.4,1,4535.0
IM2503,,13:48:12.800#,4569.6,4579.2,4531.6,5084.2,4159.8,3612,3535,4531.8,2,4532.0,2,4532.2,1,4534.2,1,4534.6,1,4536.6,2,4537.0,1,4537.2,1,4537.4,1,4537.8,1,4535.0
IM2503,,13:48:13.300#,4569.6,4579.2,4531.6,5084.2,4159.8,3612,3535,4531.8,2,4532.0,2,4532.2,1,4534.2,1,4534.6,1,4536.2,1,4536.6,2,4537.0,1,4537.4,1,4537.8,1,4535.0
IM2503,,13:48:13.800#,4569.6,4579.2,4531.6,5084.2,4159.8,3612,3535,4530.0,4,4531.8,2,4532.0,2,4532.2,1,4534.2,1,4536.2,1,4536.6,2,4537.0,1,4537.4,1,4537.8,1,4535.0
IM2503,,13:48:14.300#,4569.6,4579.2,4531.6,5084.2,4159.8,3612,3535,4531.8,2,4532.0,2,4532.2,1,4534.2,1,4534.4,1,4536.2,1,4536.6,2,4537.0,1,4537.4,1,4537.8,1,4535.0
IM2503,,13:48:14.800#,4569.6,4579.2,4531.6,5084.2,4159.8,3612,3535,4532.0,2,4532.2,1,4534.2,1,4534.4,2,4534.6,1,4536.6,1,4537.0,1,4537.4,1,4537.8,1,4538.4,1,4535.0
IM2503,,13:48:15.300#,4569.6,4579.2,4531.6,5084.2,4159.8,3612,3535,4532.2,1,4534.2,1,4534.4,1,4534.6,1,4535.0,1,4537.0,1,4537.4,1,4537.8,1,4538.4,1,4539.0,1,4535.0
IM2503,,13:48:15.800#,4569.6,4579.2,4531.6,5084.2,4159.8,3612,3535,4532.2,1,4534.2,1,4534.4,1,4534.6,1,4535.0,1,4536.6,1,4537.0,1,4537.4,1,4537.8,1,4538.4,1,4535.0
IM2503,,13:48:16.300#,4569.6,4579.2,4531.6,5084.2,4159.8,3612,3535,4532.0,2,4532.2,1,4534.2,1,4534.4,1,4534.6,1,4536.6,1,4537.0,1,4537.4,1,4537.8,1,4538.4,1,4535.0
IM2503,,13:48:16.800#,4569.6,4579.2,4531.6,5084.2,4159.8,3612,3535,4532.2,1,4534.2,1,4534.4,1,4534.6,1,4535.0,1,4536.6,1,4537.0,1,4537.4,1,4537.8,1,4538.4,1,4535.0
IM2503,,13:48:18.300#,4569.6,4579.2,4531.6,5084.2,4159.8,3612,3535,4532.0,2,4532.2,1,4534.2,1,4534.4,1,4534.6,1,4536.6,1,4537.0,1,4537.4,1,4537.8,1,4538.4,1,4535.0
IM2503,,13:48:18.800#,4569.6,4579.2,4531.6,5084.2,4159.8,3612,3535,4532.2,1,4534.2,1,4534.4,1,4534.6,1,4534.8,1,4536.6,1,4537.0,1,4537.4,1,4537.8,1,4538.4,1,4535.0
IM2503,,13:48:22.800#,4569.6,4579.2,4531.6,5084.2,4159.8,3612,3535,4532.2,1,4534.2,1,4534.4,1,4534.6,1,4534.8,1,4537.0,1,4537.4,1,4537.8,1,4538.4,1,4539.0,1,4535.0
IM2503,,13:48:23.300#,4569.6,4579.2,4531.6,5084.2,4159.8,3612,3535,4534.2,1,4534.4,1,4534.6,1,4534.8,1,4535.0,1,4536.8,2,4537.0,1,4537.4,1,4537.8,1,4538.4,1,4535.0
IM2503,,13:48:24.800#,4569.6,4579.2,4531.6,5084.2,4159.8,3612,3535,4534.2,1,4534.4,1,4534.6,1,4535.0,1,4535.2,1,4536.8,2,4537.0,1,4537.4,1,4537.8,1,4538.4,1,4535.0
IM2503,,13:48:25.300#,4569.6,4579.2,4531.6,5084.2,4159.8,3613,3536,4532.0,2,4532.2,1,4534.2,1,4534.4,1,4534.6,1,4536.8,2,4537.0,1,4537.4,1,4537.8,1,4538.4,1,4535.0
IM2503,,13:48:25.800#,4569.6,4579.2,4531.6,5084.2,4159.8,3613,3536,4534.4,1,4534.6,1,4534.8,2,4535.0,1,4535.4,1,4536.8,1,4537.0,1,4537.4,1,4537.8,1,4538.4,1,4535.0
IM2503,,13:48:26.800#,4569.6,4579.2,4531.6,5084.2,4159.8,3613,3536,4534.2,1,4534.6,1,4534.8,2,4535.4,1,4535.6,1,4536.8,1,4537.0,1,4537.4,1,4537.8,1,4538.4,1,4535.0
IM2503,,13:48:27.800#,4569.6,4579.2,4531.6,5084.2,4159.8,3613,3536,4534.6,1,4534.8,2,4535.4,1,4535.6,1,4535.8,1,4537.0,1,4537.4,1,4537.8,1,4538.4,1,4539.0,1,4535.0
IM2503,,13:48:28.300#,4569.6,4579.2,4531.6,5084.2,4159.8,3613,3536,4534.2,1,4534.6,1,4534.8,2,4535.4,1,4535.8,1,4537.4,1,4537.8,1,4538.4,1,4539.0,1,4546.2,5,4535.0
IM2503,,13:48:28.800#,4569.6,4579.2,4531.6,5084.2,4159.8,3613,3536,4534.6,1,4534.8,1,4535.4,1,4535.8,1,4536.0,1,4537.4,1,4537.8,1,4538.4,1,4539.0,1,4546.2,5,4535.0
IM2503,,13:48:29.300#,4569.6,4579.2,4531.6,5084.2,4159.8,3614,3537,4534.2,1,4534.6,1,4534.8,1,4535.4,1,4535.8,1,4537.2,1,4537.8,1,4538.4,1,4539.0,1,4546.2,5,4535.6
IM2503,,13:48:30.300#,4569.6,4579.2,4531.6,5084.2,4159.8,3614,3537,4532.2,1,4534.2,1,4534.6,1,4534.8,1,4535.4,1,4537.0,1,4537.2,1,4537.8,1,4538.4,1,4539.0,1,4535.6
IM2503,,13:48:30.800#,4569.6,4579.2,4531.6,5084.2,4159.8,3614,3537,4532.2,1,4534.2,1,4534.6,1,4534.8,1,4535.4,1,4537.0,1,4537.8,1,4538.4,1,4539.0,1,4546.2,5,4535.6
IM2503,,13:48:37.800#,4569.6,4579.2,4531.6,5084.2,4159.8,3615,3538,4532.0,2,4532.2,1,4534.2,1,4534.6,1,4534.8,1,4537.0,1,4537.8,1,4538.4,1,4539.0,1,4546.2,5,4535.4
IM2503,,13:48:38.300#,4569.6,4579.2,4531.6,5084.2,4159.8,3616,3539,4532.2,1,4534.2,1,4534.6,1,4534.8,1,4535.0,1,4536.8,1,4537.0,1,4537.8,1,4538.4,1,4539.0,1,4535.0
IM2503,,13:48:38.800#,4569.6,4579.2,4531.6,5084.2,4159.8,3616,3539,4532.2,1,4534.2,1,4534.6,1,4534.8,1,4535.0,1,4536.6,2,4536.8,1,4537.8,1,4538.4,1,4539.0,1,4535.0
IM2503,,13:48:40.300#,4569.6,4579.2,4531.6,5084.2,4159.8,3616,3539,4532.0,2,4532.2,1,4534.2,1,4534.6,1,4534.8,1,4536.6,2,4536.8,1,4537.8,1,4538.4,1,4539.0,1,4535.0
IM2503,,13:48:40.800#,4569.6,4579.2,4531.6,5084.2,4159.8,3616,3539,4531.8,2,4532.0,2,4532.2,1,4534.2,1,4534.6,1,4536.6,2,4536.8,1,4537.8,1,4538.4,1,4539.0,1,4535.0
IM2503,,13:48:42.300#,4569.6,4579.2,4531.6,5084.2,4159.8,3616,3539,4532.0,2,4532.2,1,4534.2,1,4534.6,1,4534.8,1,4536.6,2,4536.8,1,4537.8,1,4538.4,1,4539.0,1,4535.0
IM2503,,13:48:43.800#,4569.6,4579.2,4531.6,5084.2,4159.8,3616,3539,4531.8,2,4532.0,2,4532.2,1,4534.2,1,4534.8,1,4536.6,2,4536.8,1,4537.8,1,4538.4,1,4539.0,1,4535.0
IM2503,,13:48:44.300#,4569.6,4579.2,4531.6,5084.2,4159.8,3616,3539,4530.0,4,4531.8,2,4532.0,2,4532.2,1,4534.2,1,4534.8,1,4536.6,2,4536.8,1,4537.8,1,4538.4,1,4535.0
IM2503,,13:48:44.800#,4569.6,4579.2,4531.6,5084.2,4159.8,3617,3540,4532.2,1,4534.2,1,4534.4,1,4534.8,1,4535.8,2,4536.6,1,4536.8,1,4537.8,1,4538.4,1,4546.2,5,4534.8
