InstrumentId,ExchangeId,Datetime,OpenPrice,HighestPrice,LowestPrice,UpperLimitPrice,LowerLimitPrice,Volume,OpenInterest,BidPrice5,BidVolume5,BidPrice4,BidVolume4,BidPrice3,BidVolume3,BidPrice2,BidVolume2,BidPrice1,BidVolume1,AskPrice1,AskVolume1,AskPrice2,AskVolume2,AskPrice3,AskVolume3,AskPrice4,AskVolume4,AskPrice5,AskVolume5,LastPrice
j2409,DCE,13:38:36.671#,2171.5,2180.0,2125.0,2369.5,2018.5,19867,27701.0,2142.5,2,2143.0,1,2143.5,3,2144.0,2,2144.5,2,2146.0,1,2146.5,2,2147.0,7,2147.5,2,2148.0,4,2145.0
j2409,DCE,13:38:38.358#,2171.5,2180.0,2125.0,2369.5,2018.5,19867,27701.0,2142.0,1,2142.5,2,2143.0,1,2143.5,3,2144.0,2,2146.0,1,2146.5,2,2147.0,7,2147.5,2,2148.0,4,2145.0
j2409,DCE,13:38:38.615#,2171.5,2180.0,2125.0,2369.5,2018.5,19867,27701.0,2142.0,1,2142.5,2,2143.0,1,2143.5,3,2144.0,3,2146.0,1,2146.5,2,2147.0,7,2147.5,2,2148.0,4,2145.0
j2409,DCE,13:38:39.40#,2171.5,2180.0,2125.0,2369.5,2018.5,19867,27701.0,2142.0,1,2142.5,2,2143.0,1,2143.5,3,2144.0,3,2146.0,1,2146.5,3,2147.0,6,2147.5,2,2148.0,4,2145.0
j2409,DCE,13:38:39.208#,2171.5,2180.0,2125.0,2369.5,2018.5,19867,27701.0,2142.0,1,2142.5,2,2143.0,1,2143.5,3,2144.0,4,2146.0,1,2146.5,3,2147.0,6,2147.5,2,2148.0,4,2145.0
j2409,DCE,13:38:40.335#,2171.5,2180.0,2125.0,2369.5,2018.5,19867,27701.0,2142.0,1,2142.5,2,2143.0,1,2143.5,3,2144.0,4,2146.0,1,2146.5,2,2147.0,6,2147.5,2,2148.0,4,2145.0
j2409,DCE,13:38:40.787#,2171.5,2180.0,2125.0,2369.5,2018.5,19867,27701.0,2142.5,2,2143.0,1,2143.5,3,2144.0,4,2144.5,1,2146.0,1,2146.5,2,2147.0,6,2147.5,2,2148.0,4,2145.0
j2409,DCE,13:38:40.833#,2171.5,2180.0,2125.0,2369.5,2018.5,19867,27701.0,2142.5,2,2143.0,1,2143.5,3,2144.0,4,2144.5,2,2146.0,1,2146.5,2,2147.0,6,2147.5,2,2148.0,4,2145.0
j2409,DCE,13:38:41.442#,2171.5,2180.0,2125.0,2369.5,2018.5,19867,27701.0,2142.5,2,2143.0,1,2143.5,3,2144.0,4,2144.5,3,2146.0,1,2146.5,2,2147.0,6,2147.5,2,2148.0,4,2145.0
j2409,DCE,13:38:43.629#,2171.5,2180.0,2125.0,2369.5,2018.5,19867,27701.0,2142.5,2,2143.0,1,2143.5,3,2144.0,4,2144.5,2,2146.0,1,2146.5,2,2147.0,6,2147.5,2,2148.0,4,2145.0
j2409,DCE,13:38:45.88#,2171.5,2180.0,2125.0,2369.5,2018.5,19867,27701.0,2142.5,2,2143.0,1,2143.5,3,2144.0,4,2144.5,3,2146.0,1,2146.5,2,2147.0,6,2147.5,2,2148.0,4,2145.0
j2409,DCE,13:38:47.80#,2171.5,2180.0,2125.0,2369.5,2018.5,19867,27701.0,2142.5,2,2143.0,1,2143.5,3,2144.0,4,2144.5,2,2146.0,1,2146.5,2,2147.0,6,2147.5,2,2148.0,4,2145.0
j2409,DCE,13:38:47.957#,2171.5,2180.0,2125.0,2369.5,2018.5,19867,27701.0,2142.5,2,2143.0,1,2143.5,3,2144.0,5,2144.5,2,2146.0,1,2146.5,2,2147.0,6,2147.5,2,2148.0,4,2145.0
j2409,DCE,13:38:48.509#,2171.5,2180.0,2125.0,2369.5,2018.5,19872,27703.0,2143.0,1,2143.5,3,2144.0,5,2144.5,5,2145.5,1,2147.0,3,2147.5,2,2148.0,4,2148.5,6,2149.5,3,2147.0
j2409,DCE,13:38:48.688#,2171.5,2180.0,2125.0,2369.5,2018.5,19872,27703.0,2143.5,3,2144.0,4,2144.5,3,2145.0,3,2145.5,3,2147.0,2,2147.5,2,2148.0,4,2148.5,6,2149.5,3,2147.0
j2409,DCE,13:38:48.834#,2171.5,2180.0,2125.0,2369.5,2018.5,19872,27703.0,2143.5,3,2144.0,4,2144.5,2,2145.0,3,2145.5,4,2147.0,2,2147.5,2,2148.0,4,2148.5,6,2149.5,3,2147.0
j2409,DCE,13:38:49.507#,2171.5,2180.0,2125.0,2369.5,2018.5,19872,27703.0,2144.0,4,2144.5,2,2145.0,3,2145.5,4,2146.0,1,2147.0,2,2147.5,2,2148.0,4,2148.5,6,2149.5,3,2147.0
j2409,DCE,13:38:49.716#,2171.5,2180.0,2125.0,2369.5,2018.5,19872,27703.0,2144.0,4,2144.5,2,2145.0,2,2145.5,1,2146.0,4,2147.0,2,2147.5,2,2148.0,4,2148.5,6,2149.5,3,2147.0
j2409,DCE,13:38:53.425#,2171.5,2180.0,2125.0,2369.5,2018.5,19873,27702.0,2144.0,4,2144.5,2,2145.0,2,2145.5,1,2146.0,3,2147.0,2,2147.5,2,2148.0,4,2148.5,6,2149.5,3,2146.0
j2409,DCE,13:38:53.725#,2171.5,2180.0,2125.0,2369.5,2018.5,19873,27702.0,2144.0,4,2144.5,2,2145.0,3,2145.5,1,2146.0,3,2147.0,2,2147.5,2,2148.0,4,2148.5,6,2149.5,3,2146.0
j2409,DCE,13:38:58.47#,2171.5,2180.0,2125.0,2369.5,2018.5,19873,27702.0,2144.0,4,2144.5,1,2145.0,3,2145.5,1,2146.0,3,2147.0,2,2147.5,2,2148.0,4,2148.5,6,2149.5,3,2146.0
j2409,DCE,13:38:58.77#,2171.5,2180.0,2125.0,2369.5,2018.5,19873,27702.0,2144.0,4,2144.5,2,2145.0,3,2145.5,1,2146.0,3,2147.0,2,2147.5,2,2148.0,4,2148.5,6,2149.5,3,2146.0
j2409,DCE,13:39:02.63#,2171.5,2180.0,2125.0,2369.5,2018.5,19875,27702.0,2144.0,4,2144.5,2,2145.0,3,2145.5,1,2146.0,1,2147.0,2,2147.5,2,2148.0,4,2148.5,6,2149.5,3,2146.0
j2409,DCE,13:39:04.362#,2171.5,2180.0,2125.0,2369.5,2018.5,19875,27702.0,2143.5,3,2144.0,4,2144.5,2,2145.0,3,2146.0,1,2147.0,2,2147.5,2,2148.0,4,2148.5,6,2149.5,3,2146.0
j2409,DCE,13:39:04.921#,2171.5,2180.0,2125.0,2369.5,2018.5,19875,27702.0,2144.0,4,2144.5,2,2145.0,3,2145.5,1,2146.0,1,2147.0,2,2147.5,2,2148.0,4,2148.5,6,2149.5,3,2146.0
j2409,DCE,13:39:09.530#,2171.5,2180.0,2125.0,2369.5,2018.5,19875,27702.0,2144.0,4,2144.5,2,2145.0,3,2145.5,1,2146.0,1,2147.0,3,2147.5,2,2148.0,4,2148.5,6,2149.5,3,2146.0
j2409,DCE,13:39:10.642#,2171.5,2180.0,2125.0,2369.5,2018.5,19875,27702.0,2144.0,4,2144.5,2,2145.0,3,2145.5,1,2146.0,1,2147.0,4,2147.5,2,2148.0,4,2148.5,6,2149.5,3,2146.0
j2409,DCE,13:39:14.711#,2171.5,2180.0,2125.0,2369.5,2018.5,19875,27702.0,2144.0,4,2144.5,2,2145.0,3,2145.5,1,2146.0,1,2147.0,5,2147.5,2,2148.0,4,2148.5,6,2149.5,3,2146.0
j2409,DCE,13:39:15.324#,2171.5,2180.0,2125.0,2369.5,2018.5,19876,27703.0,2143.5,3,2144.0,4,2144.5,2,2145.0,3,2145.5,1,2147.0,5,2147.5,2,2148.0,4,2148.5,6,2149.5,3,2146.0
j2409,DCE,13:39:22.26#,2171.5,2180.0,2125.0,2369.5,2018.5,19876,27703.0,2143.5,3,2144.0,4,2144.5,2,2145.0,3,2145.5,1,2147.0,4,2147.5,2,2148.0,4,2148.5,6,2149.5,3,2146.0
j2409,DCE,13:39:22.200#,2171.5,2180.0,2125.0,2369.5,2018.5,19876,27703.0,2143.5,3,2144.0,4,2144.5,2,2145.0,3,2145.5,1,2146.0,1,2147.0,7,2147.5,2,2148.0,4,2148.5,6,2146.0
j2409,DCE,13:39:22.629#,2171.5,2180.0,2125.0,2369.5,2018.5,19876,27703.0,2143.0,6,2143.5,3,2144.0,4,2144.5,2,2145.0,3,2146.0,1,2147.0,7,2147.5,2,2148.0,4,2148.5,6,2146.0
j2409,DCE,13:39:22.829#,2171.5,2180.0,2125.0,2369.5,2018.5,19876,27703.0,2143.0,6,2143.5,3,2144.0,4,2144.5,2,2145.0,3,2146.0,1,2147.0,7,2147.5,3,2148.0,4,2148.5,6,2146.0
j2409,DCE,13:39:26.91#,2171.5,2180.0,2125.0,2369.5,2018.5,19876,27703.0,2143.0,6,2143.5,3,2144.0,4,2144.5,2,2145.0,5,2146.0,1,2147.0,7,2147.5,3,2148.0,4,2148.5,6,2146.0
j2409,DCE,13:39:26.466#,2171.5,2180.0,2125.0,2369.5,2018.5,19876,27703.0,2143.5,3,2144.0,4,2144.5,2,2145.0,5,2145.5,5,2146.0,1,2147.0,7,2147.5,3,2148.0,4,2148.5,6,2146.0
j2409,DCE,13:39:26.727#,2171.5,2180.0,2125.0,2369.5,2018.5,19877,27704.0,2144.0,4,2144.5,2,2145.0,4,2145.5,6,2146.0,4,2147.0,7,2147.5,3,2148.0,4,2148.5,6,2149.5,3,2146.0
j2409,DCE,13:39:26.850#,2171.5,2180.0,2125.0,2369.5,2018.5,19877,27704.0,2144.0,4,2144.5,2,2145.0,4,2145.5,6,2146.0,1,2147.0,7,2147.5,2,2148.0,4,2148.5,6,2149.5,3,2146.0
j2409,DCE,13:39:27.226#,2171.5,2180.0,2125.0,2369.5,2018.5,19877,27704.0,2144.5,2,2145.0,4,2145.5,6,2146.0,3,2146.5,1,2147.0,7,2147.5,2,2148.0,4,2148.5,6,2149.5,3,2146.0
j2409,DCE,13:39:27.468#,2171.5,2180.0,2125.0,2369.5,2018.5,19878,27704.0,2144.5,2,2145.0,4,2145.5,11,2146.0,4,2146.5,1,2147.0,6,2147.5,2,2148.0,4,2148.5,6,2149.5,3,2147.0
j2409,DCE,13:39:27.734#,2171.5,2180.0,2125.0,2369.5,2018.5,19884,27706.0,2145.0,4,2145.5,12,2146.0,4,2146.5,7,2147.0,2,2147.5,2,2148.0,4,2148.5,6,2149.5,3,2150.0,70,2147.0
j2409,DCE,13:39:28.69#,2171.5,2180.0,2125.0,2369.5,2018.5,19884,27706.0,2145.0,3,2145.5,11,2146.0,5,2146.5,7,2147.0,4,2147.5,2,2148.0,3,2148.5,6,2149.5,3,2150.0,70,2147.0
j2409,DCE,13:39:28.86#,2171.5,2180.0,2125.0,2369.5,2018.5,19884,27706.0,2145.0,3,2145.5,11,2146.0,5,2146.5,7,2147.0,2,2147.5,2,2148.0,3,2148.5,6,2149.5,3,2150.0,70,2147.0
j2409,DCE,13:39:28.359#,2171.5,2180.0,2125.0,2369.5,2018.5,19884,27706.0,2144.5,2,2145.0,3,2145.5,11,2146.0,5,2146.5,7,2147.5,2,2148.0,3,2148.5,6,2149.0,1,2149.5,3,2147.0
j2409,DCE,13:39:28.813#,2171.5,2180.0,2125.0,2369.5,2018.5,19884,27706.0,2145.0,3,2145.5,11,2146.0,5,2146.5,3,2147.0,1,2147.5,2,2148.0,3,2148.5,6,2149.0,1,2149.5,3,2147.0
j2409,DCE,13:39:28.830#,2171.5,2180.0,2125.0,2369.5,2018.5,19884,27706.0,2145.0,3,2145.5,11,2146.0,5,2146.5,1,2147.0,1,2147.5,2,2148.0,3,2148.5,6,2149.0,1,2149.5,3,2147.0
j2409,DCE,13:39:29.769#,2171.5,2180.0,2125.0,2369.5,2018.5,19884,27706.0,2145.0,3,2145.5,10,2146.0,5,2146.5,1,2147.0,1,2147.5,2,2148.0,3,2148.5,6,2149.0,1,2149.5,3,2147.0
j2409,DCE,13:39:30.829#,2171.5,2180.0,2125.0,2369.5,2018.5,19884,27706.0,2144.5,1,2145.0,3,2145.5,10,2146.0,5,2147.0,1,2147.5,2,2148.0,3,2148.5,6,2149.0,1,2149.5,3,2147.0
j2409,DCE,13:39:31.627#,2171.5,2180.0,2125.0,2369.5,2018.5,19884,27706.0,2145.0,3,2145.5,10,2146.0,5,2146.5,1,2147.0,1,2147.5,2,2148.0,3,2148.5,6,2149.0,1,2149.5,3,2147.0
j2409,DCE,13:39:35.619#,2171.5,2180.0,2125.0,2369.5,2018.5,19885,27707.0,2144.5,1,2145.0,3,2145.5,10,2146.0,5,2146.5,1,2147.5,2,2148.0,3,2148.5,6,2149.0,1,2149.5,3,2147.0
j2409,DCE,13:39:36.33#,2171.5,2180.0,2125.0,2369.5,2018.5,19885,27707.0,2144.5,1,2145.0,3,2145.5,10,2146.0,5,2146.5,2,2147.0,1,2147.5,2,2148.0,3,2148.5,6,2149.0,1,2147.0
j2409,DCE,13:39:36.252#,2171.5,2180.0,2125.0,2369.5,2018.5,19885,27707.0,2144.5,1,2145.0,3,2145.5,10,2146.0,5,2146.5,3,2147.0,1,2147.5,2,2148.0,3,2148.5,6,2149.0,1,2147.0
j2409,DCE,13:39:36.337#,2171.5,2180.0,2125.0,2369.5,2018.5,19885,27707.0,2144.5,1,2145.0,3,2145.5,9,2146.0,5,2146.5,3,2147.0,1,2147.5,2,2148.0,3,2148.5,6,2149.0,1,2147.0
j2409,DCE,13:39:36.585#,2171.5,2180.0,2125.0,2369.5,2018.5,19885,27707.0,2144.5,1,2145.0,3,2145.5,9,2146.0,5,2146.5,2,2147.0,1,2147.5,2,2148.0,3,2148.5,6,2149.0,1,2147.0
j2409,DCE,13:39:37.101#,2171.5,2180.0,2125.0,2369.5,2018.5,19886,27707.0,2144.5,1,2145.0,3,2145.5,9,2146.0,5,2146.5,2,2147.5,2,2148.0,3,2148.5,6,2149.0,1,2149.5,3,2147.0
j2409,DCE,13:39:39.577#,2171.5,2180.0,2125.0,2369.5,2018.5,19886,27707.0,2144.5,1,2145.0,3,2145.5,9,2146.0,5,2146.5,3,2147.5,2,2148.0,3,2148.5,6,2149.0,1,2149.5,3,2147.0
j2409,DCE,13:39:41.45#,2171.5,2180.0,2125.0,2369.5,2018.5,19887,27708.0,2144.5,1,2145.0,3,2145.5,10,2146.0,5,2146.5,2,2147.0,1,2147.5,2,2148.0,3,2148.5,6,2149.0,1,2146.5
j2409,DCE,13:39:41.83#,2171.5,2180.0,2125.0,2369.5,2018.5,19887,27708.0,2144.5,1,2145.0,3,2145.5,10,2146.0,5,2146.5,1,2147.0,1,2147.5,2,2148.0,3,2148.5,6,2149.0,1,2146.5
j2409,DCE,13:39:41.327#,2171.5,2180.0,2125.0,2369.5,2018.5,19887,27708.0,2144.5,1,2145.0,3,2145.5,10,2146.0,5,2146.5,1,2147.0,1,2147.5,2,2148.0,3,2148.5,7,2149.0,1,2146.5
j2409,DCE,13:39:45.229#,2171.5,2180.0,2125.0,2369.5,2018.5,19887,27708.0,2144.5,1,2145.0,3,2145.5,10,2146.0,5,2146.5,2,2147.0,1,2147.5,2,2148.0,3,2148.5,7,2149.0,1,2146.5
j2409,DCE,13:39:46.758#,2171.5,2180.0,2125.0,2369.5,2018.5,19887,27708.0,2144.5,1,2145.0,3,2145.5,10,2146.0,5,2146.5,2,2147.0,2,2147.5,2,2148.0,3,2148.5,7,2149.0,1,2146.5
j2409,DCE,13:39:55.846#,2171.5,2180.0,2125.0,2369.5,2018.5,19889,27707.0,2145.0,3,2145.5,10,2146.0,5,2146.5,2,2147.0,2,2147.5,2,2148.0,3,2148.5,7,2149.0,1,2149.5,2,2147.0
j2409,DCE,13:39:56.150#,2171.5,2180.0,2125.0,2369.5,2018.5,19889,27707.0,2145.0,3,2145.5,10,2146.0,5,2146.5,2,2147.0,2,2147.5,3,2148.0,3,2148.5,7,2149.0,1,2149.5,2,2147.0
j2409,DCE,13:39:58.882#,2171.5,2180.0,2125.0,2369.5,2018.5,19890,27706.0,2145.0,3,2145.5,10,2146.0,5,2146.5,2,2147.0,1,2147.5,3,2148.0,3,2148.5,7,2149.0,1,2149.5,2,2147.0
j2409,DCE,13:40:00.899#,2171.5,2180.0,2125.0,2369.5,2018.5,19890,27706.0,2145.0,3,2145.5,9,2146.0,5,2146.5,2,2147.0,1,2147.5,3,2148.0,3,2148.5,7,2149.0,1,2149.5,2,2147.0
j2409,DCE,13:40:03.990#,2171.5,2180.0,2125.0,2369.5,2018.5,19891,27706.0,2144.5,1,2145.0,3,2145.5,9,2146.0,5,2146.5,2,2147.5,3,2148.0,3,2148.5,7,2149.0,1,2149.5,2,2147.0
j2409,DCE,13:40:04.87#,2171.5,2180.0,2125.0,2369.5,2018.5,19891,27706.0,2144.5,1,2145.0,3,2145.5,9,2146.0,5,2146.5,3,2147.5,3,2148.0,3,2148.5,7,2149.0,1,2149.5,2,2147.0
j2409,DCE,13:40:04.654#,2171.5,2180.0,2125.0,2369.5,2018.5,19893,27706.0,2144.5,1,2145.0,3,2145.5,9,2146.0,5,2146.5,2,2147.5,2,2148.0,3,2148.5,7,2149.0,1,2149.5,2,2147.5
j2409,DCE,13:40:05.551#,2171.5,2180.0,2125.0,2369.5,2018.5,19893,27706.0,2144.5,1,2145.0,3,2145.5,9,2146.0,5,2146.5,2,2147.0,1,2147.5,2,2148.0,3,2148.5,7,2149.0,1,2147.5
j2409,DCE,13:40:05.773#,2171.5,2180.0,2125.0,2369.5,2018.5,19893,27706.0,2144.5,1,2145.0,3,2145.5,9,2146.0,5,2146.5,2,2147.0,1,2147.5,1,2148.0,3,2148.5,7,2149.0,1,2147.5
j2409,DCE,13:40:06.131#,2171.5,2180.0,2125.0,2369.5,2018.5,19893,27706.0,2144.5,1,2145.0,3,2145.5,9,2146.0,5,2146.5,1,2147.0,1,2147.5,1,2148.0,3,2148.5,7,2149.0,1,2147.5
j2409,DCE,13:40:06.683#,2171.5,2180.0,2125.0,2369.5,2018.5,19893,27706.0,2144.5,1,2145.0,3,2145.5,9,2146.0,5,2146.5,1,2147.0,2,2147.5,1,2148.0,3,2148.5,7,2149.0,1,2147.5
j2409,DCE,13:40:14.767#,2171.5,2180.0,2125.0,2369.5,2018.5,19894,27706.0,2144.0,3,2144.5,1,2145.0,3,2145.5,9,2146.0,5,2147.0,2,2147.5,1,2148.0,3,2148.5,7,2149.0,1,2146.5
j2409,DCE,13:40:14.827#,2171.5,2180.0,2125.0,2369.5,2018.5,19894,27706.0,2144.0,3,2144.5,1,2145.0,3,2145.5,9,2146.0,1,2147.0,2,2147.5,1,2148.0,3,2148.5,7,2149.0,1,2146.5
j2409,DCE,13:40:15.186#,2171.5,2180.0,2125.0,2369.5,2018.5,19894,27706.0,2144.0,3,2144.5,1,2145.0,3,2145.5,9,2146.0,2,2147.0,2,2147.5,1,2148.0,4,2148.5,7,2149.0,1,2146.5
j2409,DCE,13:40:16.92#,2171.5,2180.0,2125.0,2369.5,2018.5,19894,27706.0,2144.0,3,2144.5,1,2145.0,3,2145.5,9,2146.0,3,2147.0,2,2147.5,1,2148.0,4,2148.5,7,2149.0,1,2146.5
j2409,DCE,13:40:17.977#,2171.5,2180.0,2125.0,2369.5,2018.5,19894,27706.0,2144.0,3,2144.5,1,2145.0,3,2145.5,9,2146.0,4,2147.0,2,2147.5,1,2148.0,4,2148.5,7,2149.0,1,2146.5
j2409,DCE,13:40:19.524#,2171.5,2180.0,2125.0,2369.5,2018.5,19894,27706.0,2144.0,2,2144.5,1,2145.0,3,2145.5,9,2146.0,6,2147.0,2,2147.5,1,2148.0,4,2148.5,7,2149.0,1,2146.5
j2409,DCE,13:40:19.585#,2171.5,2180.0,2125.0,2369.5,2018.5,19895,27705.0,2144.0,2,2144.5,1,2145.0,3,2145.5,9,2146.0,6,2147.0,1,2147.5,1,2148.0,4,2148.5,7,2149.0,1,2147.0
j2409,DCE,13:40:19.840#,2171.5,2180.0,2125.0,2369.5,2018.5,19895,27705.0,2144.5,1,2145.0,3,2145.5,9,2146.0,6,2146.5,6,2147.0,1,2147.5,1,2148.0,4,2148.5,7,2149.0,1,2147.0
j2409,DCE,13:40:20.318#,2171.5,2180.0,2125.0,2369.5,2018.5,19896,27705.0,2145.0,3,2145.5,9,2146.0,5,2146.5,11,2147.0,5,2147.5,1,2148.0,4,2148.5,6,2149.0,1,2149.5,2,2147.0
j2409,DCE,13:40:20.538#,2171.5,2180.0,2125.0,2369.5,2018.5,19898,27705.0,2145.0,3,2145.5,8,2146.0,5,2146.5,11,2147.0,2,2148.0,3,2148.5,6,2149.0,1,2149.5,2,2150.0,70,2147.5
j2409,DCE,13:40:20.790#,2171.5,2180.0,2125.0,2369.5,2018.5,19898,27705.0,2145.0,3,2145.5,8,2146.0,5,2146.5,11,2147.0,3,2148.0,3,2148.5,6,2149.0,1,2149.5,3,2150.0,70,2147.5
j2409,DCE,13:40:20.883#,2171.5,2180.0,2125.0,2369.5,2018.5,19898,27705.0,2145.0,3,2145.5,8,2146.0,5,2146.5,10,2147.0,3,2148.0,3,2148.5,6,2149.0,1,2149.5,3,2150.0,70,2147.5
j2409,DCE,13:40:21.124#,2171.5,2180.0,2125.0,2369.5,2018.5,19898,27705.0,2145.5,8,2146.0,4,2146.5,10,2147.0,3,2147.5,1,2148.0,3,2148.5,6,2149.0,1,2149.5,3,2150.0,70,2147.5
j2409,DCE,13:40:21.475#,2171.5,2180.0,2125.0,2369.5,2018.5,19898,27705.0,2145.5,8,2146.0,4,2146.5,10,2147.0,1,2147.5,1,2148.0,3,2148.5,6,2149.0,1,2149.5,3,2150.0,70,2147.5
j2409,DCE,13:40:21.583#,2171.5,2180.0,2125.0,2369.5,2018.5,19898,27705.0,2145.5,8,2146.0,4,2146.5,11,2147.0,1,2147.5,1,2148.0,3,2148.5,6,2149.0,1,2149.5,3,2150.0,70,2147.5
j2409,DCE,13:40:27.165#,2171.5,2180.0,2125.0,2369.5,2018.5,19899,27704.0,2145.0,3,2145.5,8,2146.0,4,2146.5,11,2147.0,1,2148.0,3,2148.5,6,2149.0,1,2149.5,3,2150.0,70,2147.5
j2409,DCE,13:40:27.511#,2171.5,2180.0,2125.0,2369.5,2018.5,19899,27704.0,2145.5,8,2146.0,4,2146.5,11,2147.0,5,2147.5,1,2148.0,3,2148.5,6,2149.0,1,2149.5,3,2150.0,70,2147.5
j2409,DCE,13:40:27.591#,2171.5,2180.0,2125.0,2369.5,2018.5,19899,27704.0,2145.5,7,2146.0,4,2146.5,10,2147.0,7,2147.5,2,2148.0,3,2148.5,6,2149.0,1,2149.5,3,2150.0,70,2147.5
j2409,DCE,13:40:32.217#,2171.5,2180.0,2125.0,2369.5,2018.5,19900,27705.0,2145.5,6,2146.0,4,2146.5,10,2147.0,7,2147.5,1,2148.0,3,2148.5,6,2149.0,1,2149.5,3,2150.0,70,2147.5
j2409,DCE,13:40:32.327#,2171.5,2180.0,2125.0,2369.5,2018.5,19900,27705.0,2145.5,6,2146.0,4,2146.5,9,2147.0,7,2147.5,1,2148.0,3,2148.5,6,2149.0,1,2149.5,3,2150.0,70,2147.5
j2409,DCE,13:40:32.579#,2171.5,2180.0,2125.0,2369.5,2018.5,19900,27705.0,2145.0,3,2145.5,6,2146.0,4,2146.5,9,2147.0,7,2148.0,3,2148.5,6,2149.0,1,2149.5,3,2150.0,70,2147.5
j2409,DCE,13:40:33.74#,2171.5,2180.0,2125.0,2369.5,2018.5,19900,27705.0,2145.0,3,2145.5,6,2146.0,4,2146.5,9,2147.0,6,2148.0,3,2148.5,6,2149.0,1,2149.5,3,2150.0,70,2147.5
j2409,DCE,13:40:33.338#,2171.5,2180.0,2125.0,2369.5,2018.5,19900,27705.0,2145.0,3,2145.5,6,2146.0,4,2146.5,9,2147.0,5,2148.0,3,2148.5,6,2149.0,1,2149.5,3,2150.0,70,2147.5
j2409,DCE,13:40:33.574#,2171.5,2180.0,2125.0,2369.5,2018.5,19900,27705.0,2145.0,3,2145.5,6,2146.0,4,2146.5,9,2147.0,4,2148.0,3,2148.5,6,2149.0,1,2149.5,3,2150.0,70,2147.5
j2409,DCE,13:40:33.833#,2171.5,2180.0,2125.0,2369.5,2018.5,19900,27705.0,2145.0,3,2145.5,6,2146.0,4,2146.5,9,2147.0,3,2148.0,3,2148.5,6,2149.0,1,2149.5,3,2150.0,70,2147.5
j2409,DCE,13:40:34.330#,2171.5,2180.0,2125.0,2369.5,2018.5,19900,27705.0,2145.0,3,2145.5,6,2146.0,4,2146.5,9,2147.0,2,2148.0,3,2148.5,6,2149.0,1,2149.5,3,2150.0,70,2147.5
j2409,DCE,13:40:34.579#,2171.5,2180.0,2125.0,2369.5,2018.5,19900,27705.0,2145.0,3,2145.5,6,2146.0,4,2146.5,9,2147.0,1,2148.0,3,2148.5,6,2149.0,1,2149.5,3,2150.0,70,2147.5
j2409,DCE,13:40:34.829#,2171.5,2180.0,2125.0,2369.5,2018.5,19900,27705.0,2145.0,3,2145.5,6,2146.0,4,2146.5,8,2147.0,1,2148.0,3,2148.5,6,2149.0,1,2149.5,3,2150.0,70,2147.5
j2409,DCE,13:40:35.576#,2171.5,2180.0,2125.0,2369.5,2018.5,19900,27705.0,2145.0,3,2145.5,6,2146.0,4,2146.5,8,2147.0,2,2148.0,3,2148.5,6,2149.0,1,2149.5,3,2150.0,70,2147.5
j2409,DCE,13:40:41.976#,2171.5,2180.0,2125.0,2369.5,2018.5,19900,27705.0,2145.0,3,2145.5,6,2146.0,4,2146.5,8,2147.0,1,2148.0,3,2148.5,6,2149.0,1,2149.5,3,2150.0,70,2147.5
j2409,DCE,13:40:43.464#,2171.5,2180.0,2125.0,2369.5,2018.5,19901,27706.0,2144.5,1,2145.0,3,2145.5,6,2146.0,4,2146.5,8,2148.0,3,2148.5,6,2149.0,1,2149.5,3,2150.0,70,2147.0
j2409,DCE,13:40:43.584#,2171.5,2180.0,2125.0,2369.5,2018.5,19901,27706.0,2145.0,3,2145.5,6,2146.0,4,2146.5,4,2147.0,1,2148.0,3,2148.5,6,2149.0,1,2149.5,3,2150.0,70,2147.0
j2409,DCE,13:40:45.922#,2171.5,2180.0,2125.0,2369.5,2018.5,19901,27706.0,2145.0,3,2145.5,6,2146.0,4,2146.5,4,2147.0,2,2148.0,3,2148.5,6,2149.0,1,2149.5,3,2150.0,70,2147.0
j2409,DCE,13:40:46.242#,2171.5,2180.0,2125.0,2369.5,2018.5,19901,27706.0,2145.5,5,2146.0,4,2146.5,4,2147.0,1,2147.5,1,2148.0,3,2148.5,6,2149.0,1,2149.5,3,2150.0,70,2147.0
j2409,DCE,13:40:46.545#,2171.5,2180.0,2125.0,2369.5,2018.5,19901,27706.0,2145.0,3,2145.5,5,2146.0,3,2146.5,4,2147.0,1,2148.0,3,2148.5,6,2149.0,1,2149.5,3,2150.0,70,2147.0
j2409,DCE,13:40:46.579#,2171.5,2180.0,2125.0,2369.5,2018.5,19901,27706.0,2145.5,5,2146.0,3,2146.5,4,2147.0,5,2147.5,2,2148.0,3,2148.5,6,2149.0,1,2149.5,3,2150.0,70,2147.0
j2409,DCE,13:40:46.830#,2171.5,2180.0,2125.0,2369.5,2018.5,19901,27706.0,2145.5,5,2146.0,3,2146.5,4,2147.0,5,2147.5,1,2148.0,3,2148.5,6,2149.0,1,2149.5,3,2150.0,70,2147.0
j2409,DCE,13:40:47.90#,2171.5,2180.0,2125.0,2369.5,2018.5,19901,27706.0,2145.5,5,2146.0,3,2146.5,5,2147.0,5,2147.5,4,2148.0,3,2148.5,6,2149.0,1,2149.5,3,2150.0,70,2147.0
j2409,DCE,13:40:48.493#,2171.5,2180.0,2125.0,2369.5,2018.5,19901,27706.0,2145.5,5,2146.0,3,2146.5,5,2147.0,6,2147.5,4,2148.0,3,2148.5,6,2149.0,1,2149.5,3,2150.0,70,2147.0
j2409,DCE,13:40:49.471#,2171.5,2180.0,2125.0,2369.5,2018.5,19901,27706.0,2145.5,5,2146.0,3,2146.5,5,2147.0,7,2147.5,4,2148.0,3,2148.5,6,2149.0,1,2149.5,3,2150.0,70,2147.0
j2409,DCE,13:40:49.844#,2171.5,2180.0,2125.0,2369.5,2018.5,19901,27706.0,2145.5,5,2146.0,3,2146.5,5,2147.0,7,2147.5,3,2148.0,3,2148.5,6,2149.0,1,2149.5,3,2150.0,70,2147.0
j2409,DCE,13:40:50.496#,2171.5,2180.0,2125.0,2369.5,2018.5,19904,27708.0,2145.0,3,2145.5,5,2146.0,3,2146.5,5,2147.0,7,2147.5,2,2148.0,3,2148.5,6,2149.0,1,2149.5,3,2147.5
j2409,DCE,13:40:50.587#,2171.5,2180.0,2125.0,2369.5,2018.5,19905,27709.0,2145.0,3,2145.5,5,2146.0,3,2146.5,5,2147.0,7,2147.5,1,2148.0,3,2148.5,6,2149.0,1,2149.5,3,2147.5
j2409,DCE,13:40:50.931#,2171.5,2180.0,2125.0,2369.5,2018.5,19906,27710.0,2145.5,5,2146.0,3,2146.5,5,2147.0,7,2147.5,1,2148.0,3,2148.5,6,2149.0,1,2149.5,3,2150.0,70,2147.5
j2409,DCE,13:40:51.75#,2171.5,2180.0,2125.0,2369.5,2018.5,19906,27710.0,2145.0,3,2145.5,5,2146.0,3,2146.5,5,2147.0,7,2148.0,3,2148.5,6,2149.0,1,2149.5,3,2150.0,70,2147.5
j2409,DCE,13:40:57.943#,2171.5,2180.0,2125.0,2369.5,2018.5,19906,27710.0,2145.5,5,2146.0,3,2146.5,5,2147.0,7,2147.5,1,2148.0,4,2148.5,6,2149.0,1,2149.5,3,2150.0,70,2147.5
j2409,DCE,13:40:58.974#,2171.5,2180.0,2125.0,2369.5,2018.5,19906,27710.0,2145.5,5,2146.0,3,2146.5,5,2147.0,7,2147.5,4,2148.0,4,2148.5,6,2149.0,1,2149.5,3,2150.0,70,2147.5
j2409,DCE,13:40:59.275#,2171.5,2180.0,2125.0,2369.5,2018.5,19906,27710.0,2145.5,5,2146.0,3,2146.5,5,2147.0,7,2147.5,4,2148.0,3,2148.5,6,2149.0,1,2149.5,3,2150.0,70,2147.5
j2409,DCE,13:41:00.74#,2171.5,2180.0,2125.0,2369.5,2018.5,19906,27710.0,2145.5,5,2146.0,3,2146.5,5,2147.0,7,2147.5,3,2148.0,3,2148.5,6,2149.0,1,2149.5,3,2150.0,70,2147.5
j2409,DCE,13:41:00.818#,2171.5,2180.0,2125.0,2369.5,2018.5,19906,27710.0,2145.5,5,2146.0,3,2146.5,5,2147.0,7,2147.5,1,2148.0,3,2148.5,6,2149.0,1,2149.5,3,2150.0,70,2147.5
j2409,DCE,13:41:00.835#,2171.5,2180.0,2125.0,2369.5,2018.5,19906,27710.0,2145.0,3,2145.5,5,2146.0,3,2146.5,5,2147.0,7,2148.0,3,2148.5,6,2149.0,1,2149.5,3,2150.0,70,2147.5
j2409,DCE,13:41:01.84#,2171.5,2180.0,2125.0,2369.5,2018.5,19906,27710.0,2145.0,3,2145.5,5,2146.0,3,2146.5,5,2147.0,3,2148.0,3,2148.5,6,2149.0,1,2149.5,3,2150.0,70,2147.5
j2409,DCE,13:41:01.344#,2171.5,2180.0,2125.0,2369.5,2018.5,19906,27710.0,2145.0,3,2145.5,5,2146.0,3,2146.5,5,2147.0,2,2148.0,3,2148.5,6,2149.0,1,2149.5,3,2150.0,70,2147.5
j2409,DCE,13:41:02.446#,2171.5,2180.0,2125.0,2369.5,2018.5,19909,27711.0,2145.5,5,2146.0,3,2146.5,5,2147.0,2,2148.0,27,2148.5,6,2149.0,1,2149.5,3,2150.0,70,2151.0,5,2148.0
j2409,DCE,13:41:02.601#,2171.5,2180.0,2125.0,2369.5,2018.5,19909,27711.0,2146.0,3,2146.5,5,2147.0,2,2147.5,1,2148.0,27,2148.5,6,2149.5,3,2150.0,70,2151.0,5,2151.5,1,2148.0
j2409,DCE,13:41:02.845#,2171.5,2180.0,2125.0,2369.5,2018.5,19909,27711.0,2146.0,3,2146.5,5,2147.0,3,2147.5,1,2148.0,27,2148.5,6,2149.5,3,2150.0,70,2151.0,5,2151.5,1,2148.0
j2409,DCE,13:41:03.659#,2171.5,2180.0,2125.0,2369.5,2018.5,19910,27712.0,2146.0,3,2146.5,5,2147.0,3,2147.5,1,2148.0,26,2148.5,7,2149.5,3,2150.0,69,2151.0,5,2151.5,1,2148.0
j2409,DCE,13:41:05.682#,2171.5,2180.0,2125.0,2369.5,2018.5,19910,27712.0,2146.0,4,2146.5,5,2147.0,3,2147.5,1,2148.0,26,2148.5,7,2149.5,3,2150.0,69,2151.0,5,2151.5,1,2148.0
j2409,DCE,13:41:07.414#,2171.5,2180.0,2125.0,2369.5,2018.5,19912,27710.0,2146.0,4,2146.5,5,2147.0,3,2147.5,1,2148.0,26,2148.5,5,2149.5,3,2150.0,69,2151.0,5,2151.5,1,2148.5
j2409,DCE,13:41:17.223#,2171.5,2180.0,2125.0,2369.5,2018.5,19917,27706.0,2146.0,4,2146.5,5,2147.0,3,2147.5,1,2148.0,26,2149.5,3,2150.0,69,2151.0,5,2151.5,1,2152.0,7,2148.5
j2409,DCE,13:41:17.472#,2171.5,2180.0,2125.0,2369.5,2018.5,19917,27706.0,2146.0,3,2146.5,6,2147.0,3,2147.5,2,2148.0,26,2149.0,1,2149.5,3,2150.0,69,2151.0,5,2151.5,1,2148.5
j2409,DCE,13:41:17.716#,2171.5,2180.0,2125.0,2369.5,2018.5,19917,27706.0,2146.0,4,2146.5,5,2147.0,3,2147.5,2,2148.0,26,2149.0,2,2149.5,3,2150.0,69,2151.0,5,2151.5,1,2148.5
j2409,DCE,13:41:17.833#,2171.5,2180.0,2125.0,2369.5,2018.5,19917,27706.0,2146.0,4,2146.5,4,2147.0,3,2147.5,2,2148.0,26,2149.0,2,2149.5,3,2150.0,69,2151.0,5,2151.5,1,2148.5
j2409,DCE,13:41:19.495#,2171.5,2180.0,2125.0,2369.5,2018.5,19917,27706.0,2146.5,4,2147.0,3,2147.5,2,2148.0,26,2148.5,1,2149.0,2,2149.5,3,2150.0,69,2151.0,5,2151.5,1,2148.5
j2409,DCE,13:41:19.787#,2171.5,2180.0,2125.0,2369.5,2018.5,19917,27706.0,2146.5,4,2147.0,3,2147.5,2,2148.0,26,2148.5,1,2149.0,2,2149.5,3,2150.0,70,2151.0,5,2151.5,1,2148.5
j2409,DCE,13:41:23.79#,2171.5,2180.0,2125.0,2369.5,2018.5,19917,27706.0,2146.5,4,2147.0,3,2147.5,2,2148.0,26,2148.5,1,2149.0,1,2149.5,3,2150.0,70,2151.0,5,2151.5,1,2148.5
j2409,DCE,13:41:24.202#,2171.5,2180.0,2125.0,2369.5,2018.5,19917,27706.0,2146.5,4,2147.0,2,2147.5,2,2148.0,26,2148.5,1,2149.0,1,2149.5,3,2150.0,70,2151.0,5,2151.5,1,2148.5
j2409,DCE,13:41:24.739#,2171.5,2180.0,2125.0,2369.5,2018.5,19918,27706.0,2146.0,4,2146.5,4,2147.0,2,2147.5,2,2148.0,26,2149.0,1,2149.5,3,2150.0,70,2151.0,5,2151.5,1,2148.5
j2409,DCE,13:41:25.303#,2171.5,2180.0,2125.0,2369.5,2018.5,19918,27706.0,2146.0,4,2146.5,5,2147.0,2,2147.5,2,2148.0,26,2148.5,1,2149.0,1,2149.5,3,2150.0,70,2151.0,5,2148.5
j2409,DCE,13:41:25.459#,2171.5,2180.0,2125.0,2369.5,2018.5,19918,27706.0,2146.0,4,2146.5,5,2147.0,2,2147.5,2,2148.0,26,2148.5,1,2149.5,3,2150.0,70,2151.0,5,2151.5,1,2148.5
j2409,DCE,13:41:25.579#,2171.5,2180.0,2125.0,2369.5,2018.5,19918,27706.0,2146.0,4,2146.5,5,2147.0,1,2147.5,2,2148.0,26,2148.5,1,2149.5,3,2150.0,70,2151.0,5,2151.5,1,2148.5
j2409,DCE,13:41:25.943#,2171.5,2180.0,2125.0,2369.5,2018.5,19918,27706.0,2146.0,4,2146.5,5,2147.0,2,2147.5,2,2148.0,26,2148.5,1,2149.0,1,2149.5,3,2150.0,70,2151.0,5,2148.5
j2409,DCE,13:41:26.425#,2171.5,2180.0,2125.0,2369.5,2018.5,19919,27706.0,2146.0,4,2146.5,5,2147.0,2,2147.5,2,2148.0,26,2149.0,1,2149.5,3,2150.0,70,2151.0,5,2151.5,1,2148.5
j2409,DCE,13:41:26.620#,2171.5,2180.0,2125.0,2369.5,2018.5,19920,27706.0,2146.0,4,2146.5,5,2147.0,2,2147.5,2,2148.0,25,2149.0,1,2149.5,3,2150.0,70,2151.0,5,2151.5,1,2148.0
j2409,DCE,13:41:27.245#,2171.5,2180.0,2125.0,2369.5,2018.5,19920,27706.0,2146.0,4,2146.5,5,2147.0,2,2147.5,2,2148.0,25,2149.0,2,2149.5,3,2150.0,70,2151.0,5,2151.5,1,2148.0
j2409,DCE,13:41:31.416#,2171.5,2180.0,2125.0,2369.5,2018.5,19920,27706.0,2146.0,3,2146.5,5,2147.0,2,2147.5,2,2148.0,25,2149.0,2,2149.5,3,2150.0,70,2151.0,5,2151.5,1,2148.0
j2409,DCE,13:41:31.603#,2171.5,2180.0,2125.0,2369.5,2018.5,19920,27706.0,2146.0,3,2146.5,5,2147.0,3,2147.5,2,2148.0,25,2149.0,2,2149.5,3,2150.0,70,2151.0,5,2151.5,1,2148.0
j2409,DCE,13:41:33.714#,2171.5,2180.0,2125.0,2369.5,2018.5,19920,27706.0,2146.0,3,2146.5,5,2147.0,3,2147.5,2,2148.0,25,2149.0,2,2149.5,4,2150.0,70,2151.0,5,2151.5,1,2148.0
j2409,DCE,13:41:37.770#,2171.5,2180.0,2125.0,2369.5,2018.5,19920,27706.0,2146.0,3,2146.5,5,2147.0,3,2147.5,2,2148.0,25,2149.0,2,2149.5,4,2150.0,70,2151.0,6,2151.5,1,2148.0
j2409,DCE,13:41:40.657#,2171.5,2180.0,2125.0,2369.5,2018.5,19921,27707.0,2146.0,3,2146.5,5,2147.0,3,2147.5,2,2148.0,24,2149.0,2,2149.5,4,2150.0,70,2151.0,6,2151.5,1,2148.0
j2409,DCE,13:41:44.835#,2171.5,2180.0,2125.0,2369.5,2018.5,19922,27708.0,2146.0,3,2146.5,5,2147.0,3,2147.5,2,2148.0,23,2149.0,2,2149.5,4,2150.0,70,2151.0,6,2151.5,1,2148.0
j2409,DCE,13:41:56.516#,2171.5,2180.0,2125.0,2369.5,2018.5,19922,27708.0,2145.5,3,2146.0,3,2146.5,5,2147.0,3,2147.5,2,2149.0,2,2149.5,4,2150.0,70,2151.0,6,2151.5,1,2148.0
j2409,DCE,13:41:56.606#,2171.5,2180.0,2125.0,2369.5,2018.5,19924,27708.0,2146.0,3,2146.5,5,2147.0,2,2147.5,1,2148.5,21,2149.0,2,2149.5,4,2150.0,70,2151.0,6,2151.5,1,2148.5
j2409,DCE,13:41:56.837#,2171.5,2180.0,2125.0,2369.5,2018.5,19925,27709.0,2146.0,4,2146.5,5,2147.0,2,2147.5,1,2148.5,20,2149.0,2,2149.5,4,2150.0,70,2151.0,6,2151.5,1,2148.5
j2409,DCE,13:41:57.183#,2171.5,2180.0,2125.0,2369.5,2018.5,19925,27709.0,2146.0,4,2146.5,5,2147.0,2,2147.5,1,2148.5,20,2149.0,2,2149.5,3,2150.0,70,2151.0,6,2151.5,1,2148.5
j2409,DCE,13:42:00.383#,2171.5,2180.0,2125.0,2369.5,2018.5,19926,27710.0,2146.0,4,2146.5,5,2147.0,2,2147.5,1,2148.5,19,2149.0,2,2149.5,3,2150.0,70,2151.0,6,2151.5,1,2148.5
j2409,DCE,13:42:00.962#,2171.5,2180.0,2125.0,2369.5,2018.5,19928,27712.0,2146.0,4,2146.5,5,2147.0,2,2147.5,1,2148.5,17,2149.0,2,2149.5,3,2150.0,70,2151.0,6,2151.5,1,2148.5
j2409,DCE,13:42:01.302#,2171.5,2180.0,2125.0,2369.5,2018.5,19929,27712.0,2146.0,4,2146.5,5,2147.0,2,2147.5,1,2148.5,16,2149.0,2,2149.5,3,2150.0,70,2151.0,6,2151.5,1,2148.5
j2409,DCE,13:42:01.467#,2171.5,2180.0,2125.0,2369.5,2018.5,19929,27712.0,2146.0,4,2146.5,5,2147.0,2,2147.5,1,2148.5,16,2149.0,2,2149.5,4,2150.0,70,2151.0,6,2151.5,1,2148.5
j2409,DCE,13:42:01.826#,2171.5,2180.0,2125.0,2369.5,2018.5,19930,27713.0,2146.0,4,2146.5,5,2147.0,2,2147.5,1,2148.5,15,2149.0,2,2149.5,4,2150.0,70,2151.0,6,2151.5,1,2148.5
j2409,DCE,13:42:03.985#,2171.5,2180.0,2125.0,2369.5,2018.5,19931,27714.0,2146.0,4,2146.5,5,2147.0,2,2147.5,1,2148.5,14,2149.0,2,2149.5,4,2150.0,70,2151.0,6,2151.5,1,2148.5
j2409,DCE,13:42:04.74#,2171.5,2180.0,2125.0,2369.5,2018.5,19932,27715.0,2146.0,4,2146.5,5,2147.0,2,2147.5,1,2148.5,13,2149.0,2,2149.5,4,2150.0,70,2151.0,6,2151.5,1,2148.5
j2409,DCE,13:42:04.479#,2171.5,2180.0,2125.0,2369.5,2018.5,19932,27715.0,2146.0,4,2146.5,5,2147.0,2,2147.5,1,2148.5,13,2149.0,2,2149.5,4,2150.0,69,2151.0,6,2151.5,1,2148.5
j2409,DCE,13:42:06.516#,2171.5,2180.0,2125.0,2369.5,2018.5,19933,27715.0,2146.0,4,2146.5,5,2147.0,2,2147.5,1,2148.5,12,2149.0,2,2149.5,4,2150.0,68,2151.0,6,2151.5,1,2148.5
j2409,DCE,13:42:06.584#,2171.5,2180.0,2125.0,2369.5,2018.5,19936,27718.0,2146.0,4,2146.5,5,2147.0,2,2147.5,1,2148.5,9,2149.0,2,2149.5,4,2150.0,68,2151.0,6,2151.5,1,2148.5
j2409,DCE,13:42:07.46#,2171.5,2180.0,2125.0,2369.5,2018.5,19936,27718.0,2146.0,3,2146.5,6,2147.0,3,2147.5,1,2148.5,9,2149.0,2,2149.5,4,2150.0,68,2151.0,6,2151.5,1,2148.5
j2409,DCE,13:42:07.271#,2171.5,2180.0,2125.0,2369.5,2018.5,19936,27718.0,2146.0,3,2146.5,6,2147.0,3,2147.5,1,2148.5,9,2149.0,2,2149.5,4,2150.0,67,2151.0,6,2151.5,1,2148.5
j2409,DCE,13:42:07.438#,2171.5,2180.0,2125.0,2369.5,2018.5,19937,27718.0,2146.0,3,2146.5,6,2147.0,3,2147.5,1,2148.5,8,2149.0,3,2149.5,4,2150.0,67,2151.0,6,2151.5,1,2148.5
j2409,DCE,13:42:07.735#,2171.5,2180.0,2125.0,2369.5,2018.5,19945,27726.0,2145.5,3,2146.0,3,2146.5,6,2147.0,3,2147.5,1,2149.0,3,2149.5,3,2150.0,67,2151.0,6,2151.5,1,2148.5
j2409,DCE,13:42:08.16#,2171.5,2180.0,2125.0,2369.5,2018.5,19945,27726.0,2145.5,3,2146.0,3,2146.5,6,2147.0,3,2147.5,1,2148.5,1,2149.0,3,2149.5,3,2150.0,67,2151.0,6,2148.5
j2409,DCE,13:42:08.622#,2171.5,2180.0,2125.0,2369.5,2018.5,19945,27726.0,2145.5,3,2146.0,3,2146.5,5,2147.0,3,2147.5,1,2148.5,1,2149.0,3,2149.5,3,2150.0,67,2151.0,6,2148.5
j2409,DCE,13:42:08.834#,2171.5,2180.0,2125.0,2369.5,2018.5,19945,27726.0,2145.0,5,2145.5,3,2146.0,3,2146.5,5,2147.0,3,2148.5,1,2149.0,3,2149.5,3,2150.0,67,2151.0,6,2148.5
j2409,DCE,13:42:10.381#,2171.5,2180.0,2125.0,2369.5,2018.5,19945,27726.0,2145.0,5,2145.5,3,2146.0,3,2146.5,5,2147.0,2,2148.5,1,2149.0,3,2149.5,3,2150.0,67,2151.0,6,2148.5
j2409,DCE,13:42:10.576#,2171.5,2180.0,2125.0,2369.5,2018.5,19945,27726.0,2145.0,5,2145.5,3,2146.0,3,2146.5,5,2147.0,2,2148.5,1,2149.0,4,2149.5,3,2150.0,67,2151.0,6,2148.5
j2409,DCE,13:42:12.251#,2171.5,2180.0,2125.0,2369.5,2018.5,19945,27726.0,2145.0,5,2145.5,4,2146.0,3,2146.5,5,2147.0,2,2148.5,1,2149.0,4,2149.5,3,2150.0,67,2151.0,6,2148.5
j2409,DCE,13:42:12.521#,2171.5,2180.0,2125.0,2369.5,2018.5,19946,27726.0,2145.0,5,2145.5,4,2146.0,3,2146.5,5,2147.0,1,2148.0,1,2148.5,1,2149.0,4,2149.5,3,2150.0,67,2147.0
j2409,DCE,13:42:12.576#,2171.5,2180.0,2125.0,2369.5,2018.5,19946,27726.0,2145.0,5,2145.5,4,2146.0,3,2146.5,5,2147.0,1,2148.5,1,2149.0,4,2149.5,3,2150.0,67,2151.0,6,2147.0
j2409,DCE,13:42:14.649#,2171.5,2180.0,2125.0,2369.5,2018.5,19946,27726.0,2145.0,5,2145.5,4,2146.0,3,2146.5,5,2147.0,1,2148.5,2,2149.0,4,2149.5,3,2150.0,67,2151.0,6,2147.0
j2409,DCE,13:42:18.752#,2171.5,2180.0,2125.0,2369.5,2018.5,19946,27726.0,2145.0,5,2145.5,4,2146.0,3,2146.5,4,2147.0,1,2148.5,2,2149.0,4,2149.5,3,2150.0,67,2151.0,6,2147.0
j2409,DCE,13:42:22.77#,2171.5,2180.0,2125.0,2369.5,2018.5,19946,27726.0,2145.0,5,2145.5,4,2146.0,3,2146.5,4,2147.0,2,2148.5,2,2149.0,4,2149.5,3,2150.0,67,2151.0,6,2147.0
j2409,DCE,13:42:22.326#,2171.5,2180.0,2125.0,2369.5,2018.5,19946,27726.0,2145.5,4,2146.0,3,2146.5,4,2147.0,2,2147.5,1,2148.5,2,2149.0,4,2149.5,3,2150.0,67,2151.0,6,2147.0
j2409,DCE,13:42:22.639#,2171.5,2180.0,2125.0,2369.5,2018.5,19946,27726.0,2145.0,6,2145.5,4,2146.0,3,2146.5,4,2147.0,2,2148.5,2,2149.0,4,2149.5,3,2150.0,67,2151.0,6,2147.0
j2409,DCE,13:42:22.827#,2171.5,2180.0,2125.0,2369.5,2018.5,19946,27726.0,2145.5,4,2146.0,3,2146.5,4,2147.0,2,2147.5,1,2148.5,2,2149.0,4,2149.5,3,2150.0,67,2151.0,6,2147.0
j2409,DCE,13:42:23.77#,2171.5,2180.0,2125.0,2369.5,2018.5,19946,27726.0,2145.0,6,2145.5,4,2146.0,3,2146.5,4,2147.0,2,2148.5,2,2149.0,4,2149.5,3,2150.0,67,2151.0,6,2147.0
j2409,DCE,13:42:23.524#,2171.5,2180.0,2125.0,2369.5,2018.5,19946,27726.0,2145.5,4,2146.0,3,2146.5,4,2147.0,3,2147.5,1,2148.5,2,2149.0,4,2149.5,3,2150.0,67,2151.0,6,2147.0
j2409,DCE,13:42:23.578#,2171.5,2180.0,2125.0,2369.5,2018.5,19946,27726.0,2145.0,4,2145.5,4,2146.0,3,2146.5,4,2147.0,3,2148.5,2,2149.0,4,2149.5,3,2150.0,67,2151.0,6,2147.0
j2409,DCE,13:42:23.833#,2171.5,2180.0,2125.0,2369.5,2018.5,19946,27726.0,2145.5,4,2146.0,3,2146.5,4,2147.0,2,2147.5,1,2148.5,2,2149.0,4,2149.5,3,2150.0,67,2151.0,6,2147.0
j2409,DCE,13:42:24.264#,2171.5,2180.0,2125.0,2369.5,2018.5,19946,27726.0,2145.0,4,2145.5,3,2146.0,3,2146.5,4,2147.0,2,2148.5,2,2149.0,4,2149.5,3,2150.0,67,2151.0,6,2147.0
j2409,DCE,13:42:24.326#,2171.5,2180.0,2125.0,2369.5,2018.5,19946,27726.0,2145.5,3,2146.0,3,2146.5,4,2147.0,2,2147.5,1,2148.5,2,2149.0,4,2149.5,3,2150.0,67,2151.0,6,2147.0
j2409,DCE,13:42:24.577#,2171.5,2180.0,2125.0,2369.5,2018.5,19946,27726.0,2145.0,4,2145.5,3,2146.0,3,2146.5,4,2147.0,2,2148.5,2,2149.0,4,2149.5,3,2150.0,67,2151.0,6,2147.0
j2409,DCE,13:42:24.826#,2171.5,2180.0,2125.0,2369.5,2018.5,19946,27726.0,2145.5,3,2146.0,3,2146.5,4,2147.0,2,2147.5,1,2148.5,2,2149.0,4,2149.5,3,2150.0,67,2151.0,6,2147.0
j2409,DCE,13:42:25.88#,2171.5,2180.0,2125.0,2369.5,2018.5,19946,27726.0,2145.0,4,2145.5,3,2146.0,3,2146.5,4,2147.0,2,2148.5,1,2149.0,4,2149.5,3,2150.0,67,2151.0,6,2147.0
j2409,DCE,13:42:25.326#,2171.5,2180.0,2125.0,2369.5,2018.5,19946,27726.0,2145.5,3,2146.0,3,2146.5,4,2147.0,2,2147.5,1,2148.5,1,2149.0,4,2149.5,3,2150.0,67,2151.0,6,2147.0
j2409,DCE,13:42:25.577#,2171.5,2180.0,2125.0,2369.5,2018.5,19946,27726.0,2145.0,4,2145.5,3,2146.0,3,2146.5,4,2147.0,2,2148.5,1,2149.0,4,2149.5,3,2150.0,67,2151.0,6,2147.0
j2409,DCE,13:42:25.829#,2171.5,2180.0,2125.0,2369.5,2018.5,19946,27726.0,2145.5,3,2146.0,3,2146.5,4,2147.0,2,2147.5,1,2148.5,1,2149.0,4,2149.5,3,2150.0,67,2151.0,6,2147.0
j2409,DCE,13:42:26.76#,2171.5,2180.0,2125.0,2369.5,2018.5,19946,27726.0,2145.0,4,2145.5,3,2146.0,3,2146.5,4,2147.0,2,2148.5,1,2149.0,4,2149.5,3,2150.0,67,2151.0,6,2147.0
j2409,DCE,13:42:26.471#,2171.5,2180.0,2125.0,2369.5,2018.5,19947,27726.0,2146.0,3,2146.5,4,2147.0,4,2147.5,1,2148.5,1,2149.0,4,2149.5,3,2150.0,67,2151.0,6,2151.5,1,2148.5
j2409,DCE,13:42:26.580#,2171.5,2180.0,2125.0,2369.5,2018.5,19948,27726.0,2145.5,4,2146.0,3,2146.5,4,2147.0,3,2147.5,1,2148.5,2,2149.0,3,2149.5,3,2150.0,67,2151.0,6,2148.5
j2409,DCE,13:42:26.835#,2171.5,2180.0,2125.0,2369.5,2018.5,19948,27726.0,2145.5,3,2146.0,3,2146.5,4,2147.0,3,2147.5,1,2149.0,3,2149.5,3,2150.0,67,2151.0,6,2151.5,1,2148.5
j2409,DCE,13:42:27.83#,2171.5,2180.0,2125.0,2369.5,2018.5,19948,27726.0,2145.0,4,2145.5,3,2146.0,3,2146.5,4,2147.0,3,2149.0,3,2149.5,3,2150.0,68,2151.0,6,2151.5,1,2148.5
j2409,DCE,13:42:27.332#,2171.5,2180.0,2125.0,2369.5,2018.5,19948,27726.0,2145.0,4,2145.5,3,2146.0,3,2146.5,4,2147.0,4,2149.0,3,2149.5,3,2150.0,67,2150.5,1,2151.0,6,2148.5
j2409,DCE,13:42:27.580#,2171.5,2180.0,2125.0,2369.5,2018.5,19948,27726.0,2145.0,4,2145.5,3,2146.0,3,2146.5,4,2147.0,4,2149.0,3,2149.5,3,2150.0,68,2150.5,1,2151.0,6,2148.5
j2409,DCE,13:42:27.829#,2171.5,2180.0,2125.0,2369.5,2018.5,19948,27726.0,2145.0,4,2145.5,3,2146.0,3,2146.5,4,2147.0,4,2149.0,3,2149.5,3,2150.0,67,2150.5,1,2151.0,6,2148.5
j2409,DCE,13:42:28.198#,2171.5,2180.0,2125.0,2369.5,2018.5,19948,27726.0,2145.5,3,2146.0,4,2146.5,4,2147.0,4,2147.5,3,2149.0,3,2149.5,3,2150.0,68,2150.5,1,2151.0,6,2148.5
j2409,DCE,13:42:28.329#,2171.5,2180.0,2125.0,2369.5,2018.5,19948,27726.0,2145.5,4,2146.0,4,2146.5,4,2147.0,4,2147.5,3,2149.0,3,2149.5,3,2150.0,67,2150.5,1,2151.0,6,2148.5
j2409,DCE,13:42:29.255#,2171.5,2180.0,2125.0,2369.5,2018.5,19949,27726.0,2145.5,4,2146.0,4,2146.5,4,2147.0,4,2147.5,2,2149.0,3,2149.5,3,2150.0,67,2150.5,1,2151.0,6,2147.5
j2409,DCE,13:42:29.329#,2171.5,2180.0,2125.0,2369.5,2018.5,19949,27726.0,2146.0,4,2146.5,4,2147.0,4,2147.5,1,2148.0,1,2149.0,3,2149.5,3,2150.0,68,2150.5,1,2151.0,6,2147.5
j2409,DCE,13:42:29.593#,2171.5,2180.0,2125.0,2369.5,2018.5,19949,27726.0,2145.5,4,2146.0,4,2146.5,4,2147.0,4,2147.5,1,2149.0,3,2149.5,3,2150.0,67,2150.5,1,2151.0,6,2147.5
j2409,DCE,13:42:30.24#,2171.5,2180.0,2125.0,2369.5,2018.5,19949,27726.0,2146.0,2,2146.5,4,2147.0,4,2147.5,6,2148.0,2,2149.0,3,2149.5,3,2150.0,68,2150.5,1,2151.0,6,2147.5
j2409,DCE,13:42:30.81#,2171.5,2180.0,2125.0,2369.5,2018.5,19949,27726.0,2146.0,2,2146.5,4,2147.0,4,2147.5,6,2148.0,2,2149.0,3,2149.5,3,2150.0,67,2150.5,1,2151.0,6,2147.5
j2409,DCE,13:42:31.24#,2171.5,2180.0,2125.0,2369.5,2018.5,19949,27726.0,2146.5,4,2147.0,3,2147.5,6,2148.0,5,2148.5,3,2149.0,3,2149.5,3,2150.0,67,2150.5,1,2151.0,6,2147.5
j2409,DCE,13:42:31.199#,2171.5,2180.0,2125.0,2369.5,2018.5,19949,27726.0,2146.5,4,2147.0,3,2147.5,5,2148.0,5,2148.5,1,2149.0,2,2149.5,3,2150.0,67,2150.5,1,2151.0,6,2147.5
j2409,DCE,13:42:31.330#,2171.5,2180.0,2125.0,2369.5,2018.5,19949,27726.0,2146.5,4,2147.0,3,2147.5,5,2148.0,2,2148.5,2,2149.0,2,2149.5,3,2150.0,67,2150.5,1,2151.0,6,2147.5
j2409,DCE,13:42:33.313#,2171.5,2180.0,2125.0,2369.5,2018.5,19949,27726.0,2146.5,4,2147.0,3,2147.5,5,2148.0,2,2148.5,1,2149.0,2,2149.5,3,2150.0,67,2150.5,1,2151.0,6,2147.5
j2409,DCE,13:42:33.329#,2171.5,2180.0,2125.0,2369.5,2018.5,19949,27726.0,2146.0,2,2146.5,4,2147.0,3,2147.5,5,2148.0,2,2149.0,2,2149.5,3,2150.0,67,2150.5,1,2151.0,6,2147.5
j2409,DCE,13:42:33.589#,2171.5,2180.0,2125.0,2369.5,2018.5,19949,27726.0,2146.5,4,2147.0,3,2147.5,5,2148.0,2,2148.5,1,2149.0,2,2149.5,3,2150.0,67,2150.5,1,2151.0,6,2147.5
j2409,DCE,13:42:33.829#,2171.5,2180.0,2125.0,2369.5,2018.5,19949,27726.0,2146.0,2,2146.5,4,2147.0,3,2147.5,5,2148.0,2,2149.0,2,2149.5,3,2150.0,67,2150.5,1,2151.0,6,2147.5
j2409,DCE,13:42:34.188#,2171.5,2180.0,2125.0,2369.5,2018.5,19950,27725.0,2146.0,2,2146.5,4,2147.0,3,2147.5,5,2148.0,2,2149.0,2,2149.5,3,2150.0,67,2150.5,1,2151.0,6,2148.5
j2409,DCE,13:42:34.660#,2171.5,2180.0,2125.0,2369.5,2018.5,19950,27725.0,2146.0,2,2146.5,4,2147.0,3,2147.5,5,2148.0,2,2148.5,1,2149.0,2,2149.5,3,2150.0,67,2150.5,1,2148.5
j2409,DCE,13:42:35.434#,2171.5,2180.0,2125.0,2369.5,2018.5,19950,27725.0,2146.0,2,2146.5,4,2147.0,3,2147.5,5,2148.0,1,2148.5,1,2149.0,2,2149.5,3,2150.0,67,2150.5,1,2148.5
j2409,DCE,13:42:35.916#,2171.5,2180.0,2125.0,2369.5,2018.5,19950,27725.0,2145.5,5,2146.0,2,2146.5,4,2147.0,3,2147.5,5,2148.5,1,2149.0,2,2149.5,3,2150.0,67,2150.5,1,2148.5
j2409,DCE,13:42:36.78#,2171.5,2180.0,2125.0,2369.5,2018.5,19950,27725.0,2145.5,4,2146.0,2,2146.5,4,2147.0,3,2147.5,3,2148.5,1,2149.0,2,2149.5,3,2150.0,67,2150.5,1,2148.5
j2409,DCE,13:42:36.440#,2171.5,2180.0,2125.0,2369.5,2018.5,19950,27725.0,2145.5,4,2146.0,2,2146.5,4,2147.0,3,2147.5,3,2148.5,1,2149.0,3,2149.5,3,2150.0,67,2150.5,1,2148.5
j2409,DCE,13:42:36.580#,2171.5,2180.0,2125.0,2369.5,2018.5,19950,27725.0,2145.5,4,2146.0,2,2146.5,4,2147.0,3,2147.5,2,2148.5,1,2149.0,3,2149.5,3,2150.0,67,2150.5,1,2148.5
j2409,DCE,13:42:36.831#,2171.5,2180.0,2125.0,2369.5,2018.5,19950,27725.0,2145.5,3,2146.0,2,2146.5,4,2147.0,3,2147.5,2,2148.5,1,2149.0,3,2149.5,3,2150.0,67,2150.5,1,2148.5
j2409,DCE,13:42:37.725#,2171.5,2180.0,2125.0,2369.5,2018.5,19951,27725.0,2145.5,3,2146.0,2,2146.5,4,2147.0,3,2147.5,1,2148.5,1,2149.0,3,2149.5,3,2150.0,66,2150.5,1,2147.5
j2409,DCE,13:42:37.948#,2171.5,2180.0,2125.0,2369.5,2018.5,19951,27725.0,2145.5,3,2146.0,2,2146.5,4,2147.0,4,2147.5,1,2148.5,1,2149.0,3,2149.5,3,2150.0,66,2150.5,1,2147.5
j2409,DCE,13:42:38.78#,2171.5,2180.0,2125.0,2369.5,2018.5,19951,27725.0,2146.0,2,2146.5,4,2147.0,4,2147.5,1,2148.0,1,2148.5,1,2149.0,3,2149.5,3,2150.0,66,2150.5,1,2147.5
j2409,DCE,13:42:38.328#,2171.5,2180.0,2125.0,2369.5,2018.5,19951,27725.0,2145.5,4,2146.0,2,2146.5,4,2147.0,4,2147.5,1,2148.5,1,2149.0,3,2149.5,3,2150.0,66,2150.5,1,2147.5
j2409,DCE,13:42:38.584#,2171.5,2180.0,2125.0,2369.5,2018.5,19951,27725.0,2146.0,2,2146.5,4,2147.0,4,2147.5,3,2148.0,1,2148.5,1,2149.0,3,2149.5,3,2150.0,66,2150.5,1,2147.5
j2409,DCE,13:42:38.947#,2171.5,2180.0,2125.0,2369.5,2018.5,19951,27725.0,2145.5,4,2146.0,2,2146.5,4,2147.0,3,2147.5,3,2148.5,1,2149.0,3,2149.5,3,2150.0,66,2150.5,1,2147.5
j2409,DCE,13:42:39.270#,2171.5,2180.0,2125.0,2369.5,2018.5,19952,27724.0,2145.5,4,2146.0,2,2146.5,4,2147.0,3,2147.5,1,2148.5,1,2149.0,3,2149.5,3,2150.0,66,2150.5,1,2147.5
j2409,DCE,13:42:39.453#,2171.5,2180.0,2125.0,2369.5,2018.5,19952,27724.0,2145.0,4,2145.5,3,2146.0,2,2146.5,4,2147.0,3,2148.5,1,2149.0,3,2149.5,3,2150.0,66,2150.5,1,2147.5
j2409,DCE,13:42:39.750#,2171.5,2180.0,2125.0,2369.5,2018.5,19952,27724.0,2145.0,4,2145.5,3,2146.0,2,2146.5,3,2147.0,5,2148.5,1,2149.0,4,2149.5,3,2150.0,66,2150.5,1,2147.5
j2409,DCE,13:42:39.843#,2171.5,2180.0,2125.0,2369.5,2018.5,19952,27724.0,2145.0,3,2145.5,4,2146.0,2,2146.5,3,2147.0,5,2148.5,1,2149.0,4,2149.5,3,2150.0,66,2150.5,1,2147.5
j2409,DCE,13:42:40.325#,2171.5,2180.0,2125.0,2369.5,2018.5,19952,27724.0,2145.5,4,2146.0,2,2146.5,3,2147.0,5,2147.5,1,2148.5,1,2149.0,4,2149.5,3,2150.0,66,2150.5,1,2147.5
j2409,DCE,13:42:40.723#,2171.5,2180.0,2125.0,2369.5,2018.5,19952,27724.0,2146.0,2,2146.5,3,2147.0,5,2147.5,5,2148.0,1,2148.5,1,2149.0,4,2149.5,3,2150.0,66,2150.5,1,2147.5
j2409,DCE,13:42:40.931#,2171.5,2180.0,2125.0,2369.5,2018.5,19952,27724.0,2145.5,4,2146.0,2,2146.5,3,2147.0,5,2147.5,5,2148.5,1,2149.0,3,2149.5,3,2150.0,66,2150.5,1,2147.5
j2409,DCE,13:42:41.76#,2171.5,2180.0,2125.0,2369.5,2018.5,19952,27724.0,2146.0,2,2146.5,3,2147.0,5,2147.5,5,2148.0,1,2148.5,1,2149.0,3,2149.5,3,2150.0,66,2150.5,1,2147.5
j2409,DCE,13:42:41.334#,2171.5,2180.0,2125.0,2369.5,2018.5,19952,27724.0,2145.5,4,2146.0,2,2146.5,3,2147.0,5,2147.5,5,2148.5,1,2149.0,3,2149.5,3,2150.0,66,2150.5,1,2147.5
j2409,DCE,13:42:41.818#,2171.5,2180.0,2125.0,2369.5,2018.5,19952,27724.0,2146.0,1,2146.5,3,2147.0,5,2147.5,3,2148.0,1,2148.5,1,2149.0,3,2149.5,3,2150.0,66,2150.5,1,2147.5
j2409,DCE,13:42:41.829#,2171.5,2180.0,2125.0,2369.5,2018.5,19952,27724.0,2145.5,4,2146.0,1,2146.5,3,2147.0,2,2147.5,3,2148.5,1,2149.0,3,2149.5,3,2150.0,66,2150.5,1,2147.5
j2409,DCE,13:42:42.268#,2171.5,2180.0,2125.0,2369.5,2018.5,19952,27724.0,2145.0,3,2145.5,4,2146.0,1,2146.5,3,2147.0,2,2148.5,2,2149.0,3,2149.5,3,2150.0,66,2150.5,1,2147.5
j2409,DCE,13:42:42.458#,2171.5,2180.0,2125.0,2369.5,2018.5,19952,27724.0,2145.0,4,2145.5,3,2146.0,1,2146.5,3,2147.0,2,2148.5,3,2149.0,3,2149.5,3,2150.0,66,2150.5,1,2147.5
j2409,DCE,13:42:42.728#,2171.5,2180.0,2125.0,2369.5,2018.5,19953,27724.0,2145.0,3,2145.5,3,2146.0,2,2146.5,3,2147.0,1,2148.5,3,2149.0,3,2149.5,3,2150.0,66,2150.5,1,2147.0
j2409,DCE,13:42:42.970#,2171.5,2180.0,2125.0,2369.5,2018.5,19953,27724.0,2145.0,3,2145.5,3,2146.0,2,2146.5,2,2147.0,1,2148.0,1,2148.5,3,2149.0,3,2149.5,3,2150.0,66,2147.0
j2409,DCE,13:42:43.176#,2171.5,2180.0,2125.0,2369.5,2018.5,19953,27724.0,2144.5,1,2145.0,3,2145.5,3,2146.0,2,2146.5,2,2148.0,2,2148.5,3,2149.0,3,2149.5,3,2150.0,66,2147.0
j2409,DCE,13:42:43.347#,2171.5,2180.0,2125.0,2369.5,2018.5,19953,27724.0,2144.5,1,2145.0,3,2145.5,3,2146.0,2,2146.5,3,2148.0,2,2148.5,3,2149.0,3,2149.5,3,2150.0,66,2147.0
j2409,DCE,13:42:43.578#,2171.5,2180.0,2125.0,2369.5,2018.5,19953,27724.0,2145.0,3,2145.5,3,2146.0,2,2146.5,3,2147.5,1,2148.0,2,2148.5,4,2149.0,3,2149.5,3,2150.0,66,2147.0
j2409,DCE,13:42:43.831#,2171.5,2180.0,2125.0,2369.5,2018.5,19953,27724.0,2145.0,3,2145.5,3,2146.0,2,2146.5,3,2147.5,1,2148.0,1,2148.5,4,2149.0,3,2149.5,3,2150.0,66,2147.0
j2409,DCE,13:42:44.80#,2171.5,2180.0,2125.0,2369.5,2018.5,19953,27724.0,2145.0,4,2145.5,3,2146.0,2,2146.5,3,2147.5,1,2148.0,1,2148.5,4,2149.0,3,2149.5,3,2150.0,66,2147.0
j2409,DCE,13:42:45.624#,2171.5,2180.0,2125.0,2369.5,2018.5,19953,27724.0,2144.0,1,2145.0,4,2145.5,3,2146.0,2,2146.5,3,2148.0,1,2148.5,4,2149.0,3,2149.5,3,2150.0,66,2147.0
j2409,DCE,13:42:45.830#,2171.5,2180.0,2125.0,2369.5,2018.5,19953,27724.0,2145.0,3,2145.5,3,2146.0,2,2146.5,5,2147.0,1,2148.0,1,2148.5,4,2149.0,3,2149.5,3,2150.0,66,2147.0
j2409,DCE,13:42:46.141#,2171.5,2180.0,2125.0,2369.5,2018.5,19953,27724.0,2145.0,3,2145.5,3,2146.0,2,2146.5,5,2147.0,2,2148.0,1,2148.5,4,2149.0,3,2149.5,3,2150.0,66,2147.0
j2409,DCE,13:42:47.287#,2171.5,2180.0,2125.0,2369.5,2018.5,19954,27725.0,2145.0,3,2145.5,3,2146.0,2,2146.5,5,2147.0,1,2148.0,1,2148.5,4,2149.0,3,2149.5,3,2150.0,66,2147.0
j2409,DCE,13:42:47.378#,2171.5,2180.0,2125.0,2369.5,2018.5,19954,27725.0,2145.0,3,2145.5,3,2146.0,3,2146.5,5,2147.0,1,2148.0,2,2148.5,4,2149.0,3,2149.5,3,2150.0,66,2147.0
j2409,DCE,13:42:48.955#,2171.5,2180.0,2125.0,2369.5,2018.5,19954,27725.0,2145.0,3,2145.5,3,2146.0,3,2146.5,5,2147.0,1,2148.0,2,2148.5,4,2149.0,3,2149.5,3,2150.0,70,2147.0
j2409,DCE,13:42:51.790#,2171.5,2180.0,2125.0,2369.5,2018.5,19955,27725.0,2144.5,1,2145.0,3,2145.5,3,2146.0,3,2146.5,5,2148.0,3,2148.5,4,2149.0,3,2149.5,3,2150.0,70,2147.0
j2409,DCE,13:42:54.583#,2171.5,2180.0,2125.0,2369.5,2018.5,19955,27725.0,2144.5,1,2145.0,3,2145.5,3,2146.0,3,2146.5,5,2148.0,2,2148.5,4,2149.0,3,2149.5,3,2150.0,70,2147.0
j2409,DCE,13:42:55.64#,2171.5,2180.0,2125.0,2369.5,2018.5,19955,27725.0,2144.5,1,2145.0,3,2145.5,3,2146.0,2,2146.5,5,2148.0,2,2148.5,9,2149.0,3,2149.5,3,2150.0,70,2147.0
j2409,DCE,13:42:55.197#,2171.5,2180.0,2125.0,2369.5,2018.5,19955,27725.0,2144.5,1,2145.0,3,2145.5,3,2146.0,2,2146.5,5,2147.0,1,2148.0,2,2148.5,9,2149.0,3,2149.5,3,2147.0
j2409,DCE,13:42:55.426#,2171.5,2180.0,2125.0,2369.5,2018.5,19956,27726.0,2144.0,1,2145.0,3,2145.5,3,2146.0,2,2146.5,5,2148.0,2,2148.5,9,2149.0,3,2149.5,3,2150.0,70,2147.0
j2409,DCE,13:42:55.587#,2171.5,2180.0,2125.0,2369.5,2018.5,19956,27726.0,2144.0,2,2145.0,3,2145.5,3,2146.0,2,2146.5,2,2147.5,1,2148.0,2,2148.5,9,2149.0,3,2149.5,3,2147.0
j2409,DCE,13:42:55.935#,2171.5,2180.0,2125.0,2369.5,2018.5,19956,27726.0,2144.0,2,2145.0,3,2145.5,3,2146.0,3,2146.5,2,2147.5,1,2148.0,2,2148.5,9,2149.0,3,2149.5,3,2147.0
j2409,DCE,13:42:56.416#,2171.5,2180.0,2125.0,2369.5,2018.5,19956,27726.0,2144.0,2,2145.0,3,2145.5,3,2146.0,3,2146.5,2,2147.5,2,2148.0,2,2148.5,9,2149.0,3,2149.5,3,2147.0
j2409,DCE,13:42:58.644#,2171.5,2180.0,2125.0,2369.5,2018.5,19957,27726.0,2144.0,2,2145.0,3,2145.5,3,2146.0,3,2146.5,1,2147.5,2,2148.0,2,2148.5,9,2149.0,3,2149.5,3,2146.5
j2409,DCE,13:42:58.829#,2171.5,2180.0,2125.0,2369.5,2018.5,19957,27726.0,2143.0,2,2144.0,2,2145.0,3,2145.5,3,2146.0,2,2147.5,2,2148.0,2,2148.5,9,2149.0,3,2149.5,3,2146.5
j2409,DCE,13:42:59.298#,2171.5,2180.0,2125.0,2369.5,2018.5,19957,27726.0,2144.0,2,2145.0,3,2145.5,3,2146.0,2,2146.5,1,2147.5,2,2148.0,2,2148.5,9,2149.0,3,2149.5,3,2146.5
j2409,DCE,13:42:59.336#,2171.5,2180.0,2125.0,2369.5,2018.5,19957,27726.0,2144.0,2,2145.0,3,2145.5,3,2146.0,2,2146.5,1,2147.5,1,2148.0,2,2148.5,9,2149.0,3,2149.5,3,2146.5
j2409,DCE,13:43:01.916#,2171.5,2180.0,2125.0,2369.5,2018.5,19957,27726.0,2144.0,2,2145.0,3,2145.5,3,2146.0,2,2146.5,1,2147.5,2,2148.0,2,2148.5,9,2149.0,3,2149.5,3,2146.5
j2409,DCE,13:43:02.683#,2171.5,2180.0,2125.0,2369.5,2018.5,19957,27726.0,2144.0,2,2145.0,3,2145.5,3,2146.0,2,2146.5,1,2147.5,2,2148.0,3,2148.5,9,2149.0,3,2149.5,3,2146.5
j2409,DCE,13:43:03.922#,2171.5,2180.0,2125.0,2369.5,2018.5,19957,27726.0,2144.0,2,2145.0,3,2145.5,3,2146.0,2,2146.5,1,2147.5,1,2148.0,3,2148.5,9,2149.0,3,2149.5,3,2146.5
j2409,DCE,13:43:04.976#,2171.5,2180.0,2125.0,2369.5,2018.5,19957,27726.0,2144.0,2,2145.0,3,2145.5,3,2146.0,2,2146.5,2,2147.5,1,2148.0,3,2148.5,9,2149.0,3,2149.5,3,2146.5
j2409,DCE,13:43:07.491#,2171.5,2180.0,2125.0,2369.5,2018.5,19958,27726.0,2144.0,2,2145.0,3,2145.5,3,2146.0,2,2146.5,3,2148.0,3,2148.5,9,2149.0,3,2149.5,3,2150.0,70,2147.5
j2409,DCE,13:43:07.589#,2171.5,2180.0,2125.0,2369.5,2018.5,19958,27726.0,2144.5,1,2145.0,3,2145.5,3,2146.0,2,2146.5,2,2148.0,3,2148.5,9,2149.0,3,2149.5,3,2150.0,70,2147.5
j2409,DCE,13:43:07.929#,2171.5,2180.0,2125.0,2369.5,2018.5,19958,27726.0,2144.0,2,2145.0,3,2145.5,3,2146.0,2,2146.5,1,2148.0,3,2148.5,9,2149.0,3,2149.5,3,2150.0,70,2147.5
j2409,DCE,13:43:08.78#,2171.5,2180.0,2125.0,2369.5,2018.5,19958,27726.0,2144.0,3,2145.0,3,2145.5,3,2146.0,2,2146.5,1,2148.0,3,2148.5,9,2149.0,3,2149.5,3,2150.0,70,2147.5
j2409,DCE,13:43:08.389#,2171.5,2180.0,2125.0,2369.5,2018.5,19958,27726.0,2144.0,3,2145.0,3,2145.5,3,2146.0,2,2146.5,1,2147.0,1,2148.0,3,2148.5,9,2149.0,2,2149.5,3,2147.5
j2409,DCE,13:43:08.584#,2171.5,2180.0,2125.0,2369.5,2018.5,19959,27727.0,2145.0,3,2145.5,3,2146.0,2,2146.5,2,2147.0,1,2148.0,3,2148.5,9,2149.0,2,2149.5,3,2150.0,70,2147.0
j2409,DCE,13:43:08.839#,2171.5,2180.0,2125.0,2369.5,2018.5,19959,27727.0,2144.5,1,2145.0,3,2145.5,3,2146.0,2,2146.5,1,2148.0,3,2148.5,9,2149.0,2,2149.5,3,2150.0,70,2147.0
j2409,DCE,13:43:09.82#,2171.5,2180.0,2125.0,2369.5,2018.5,19959,27727.0,2144.0,3,2145.0,3,2145.5,3,2146.0,2,2146.5,1,2148.0,3,2148.5,9,2149.0,2,2149.5,3,2150.0,70,2147.0
j2409,DCE,13:43:09.395#,2171.5,2180.0,2125.0,2369.5,2018.5,19960,27728.0,2142.5,1,2144.0,3,2145.0,3,2145.5,3,2146.0,2,2148.0,3,2148.5,9,2149.0,2,2149.5,3,2150.0,69,2146.5
j2409,DCE,13:43:09.765#,2171.5,2180.0,2125.0,2369.5,2018.5,19963,27730.0,2142.5,1,2144.0,3,2145.0,3,2145.5,3,2146.0,3,2147.5,1,2148.0,3,2148.5,9,2149.0,2,2149.5,3,2146.0
j2409,DCE,13:43:09.918#,2171.5,2180.0,2125.0,2369.5,2018.5,19963,27730.0,2142.5,1,2144.0,3,2145.0,3,2145.5,3,2146.0,1,2147.5,2,2148.0,3,2148.5,9,2149.0,2,2149.5,3,2146.0
j2409,DCE,13:43:10.76#,2171.5,2180.0,2125.0,2369.5,2018.5,19963,27730.0,2142.5,1,2144.0,2,2145.0,3,2145.5,3,2146.0,1,2147.5,2,2148.0,3,2148.5,9,2149.0,2,2149.5,3,2146.0
j2409,DCE,13:43:10.326#,2171.5,2180.0,2125.0,2369.5,2018.5,19963,27730.0,2142.5,1,2144.0,2,2145.0,3,2145.5,3,2146.0,1,2147.5,2,2148.0,3,2148.5,9,2149.0,1,2149.5,3,2146.0
j2409,DCE,13:43:10.743#,2171.5,2180.0,2125.0,2369.5,2018.5,19963,27730.0,2142.5,1,2144.0,2,2145.0,3,2145.5,3,2146.0,1,2146.5,3,2147.5,2,2148.0,4,2148.5,9,2149.0,1,2146.0
j2409,DCE,13:43:10.936#,2171.5,2180.0,2125.0,2369.5,2018.5,19964,27729.0,2142.5,1,2143.5,2,2144.0,1,2145.0,3,2145.5,2,2146.5,2,2147.5,2,2148.0,3,2148.5,8,2149.0,1,2146.5
j2409,DCE,13:43:11.187#,2171.5,2180.0,2125.0,2369.5,2018.5,19964,27729.0,2142.0,2,2142.5,1,2143.5,2,2144.0,1,2145.0,3,2146.5,2,2147.5,3,2148.0,3,2148.5,8,2149.0,1,2146.5
j2409,DCE,13:43:11.436#,2171.5,2180.0,2125.0,2369.5,2018.5,19964,27729.0,2142.0,2,2142.5,1,2143.5,2,2144.0,1,2145.0,5,2146.5,2,2147.0,2,2147.5,3,2148.0,3,2148.5,8,2146.5
j2409,DCE,13:43:13.840#,2171.5,2180.0,2125.0,2369.5,2018.5,19966,27730.0,2142.0,2,2142.5,1,2143.5,2,2144.0,1,2145.0,3,2146.0,1,2146.5,2,2147.0,2,2147.5,3,2148.0,3,2145.0
j2409,DCE,13:43:14.176#,2171.5,2180.0,2125.0,2369.5,2018.5,19967,27730.0,2142.0,2,2142.5,1,2143.5,1,2144.0,1,2144.5,1,2146.0,1,2146.5,3,2147.0,2,2147.5,3,2148.0,3,2145.0
j2409,DCE,13:43:14.328#,2171.5,2180.0,2125.0,2369.5,2018.5,19967,27730.0,2141.5,15,2142.0,2,2142.5,3,2144.0,1,2144.5,1,2146.0,1,2146.5,3,2147.0,2,2147.5,3,2148.0,3,2145.0
j2409,DCE,13:43:14.577#,2171.5,2180.0,2125.0,2369.5,2018.5,19967,27730.0,2142.0,2,2142.5,3,2143.0,1,2144.0,1,2144.5,1,2146.0,1,2146.5,3,2147.0,2,2147.5,3,2148.0,3,2145.0
j2409,DCE,13:43:17.226#,2171.5,2180.0,2125.0,2369.5,2018.5,19967,27730.0,2141.5,15,2142.0,2,2142.5,3,2143.0,1,2144.0,1,2146.0,2,2146.5,3,2147.0,2,2147.5,3,2148.0,3,2145.0
j2409,DCE,13:43:17.345#,2171.5,2180.0,2125.0,2369.5,2018.5,19967,27730.0,2142.0,2,2142.5,2,2143.0,1,2143.5,1,2144.0,3,2146.0,3,2146.5,3,2147.0,2,2147.5,3,2148.0,3,2145.0
j2409,DCE,13:43:17.732#,2171.5,2180.0,2125.0,2369.5,2018.5,19967,27730.0,2142.0,2,2142.5,2,2143.0,1,2143.5,1,2144.0,3,2145.5,1,2146.0,3,2146.5,3,2147.0,2,2147.5,3,2145.0
j2409,DCE,13:43:18.318#,2171.5,2180.0,2125.0,2369.5,2018.5,19967,27730.0,2142.0,2,2142.5,2,2143.0,1,2143.5,1,2144.0,4,2145.5,1,2146.0,3,2146.5,3,2147.0,2,2147.5,3,2145.0
j2409,DCE,13:43:18.580#,2171.5,2180.0,2125.0,2369.5,2018.5,19967,27730.0,2142.0,2,2142.5,2,2143.0,1,2143.5,1,2144.0,3,2145.5,1,2146.0,3,2146.5,3,2147.0,2,2147.5,3,2145.0
j2409,DCE,13:43:20.331#,2171.5,2180.0,2125.0,2369.5,2018.5,19967,27730.0,2142.0,2,2142.5,2,2143.0,1,2143.5,1,2144.0,3,2145.0,1,2145.5,1,2146.0,3,2146.5,3,2147.0,2,2145.0
j2409,DCE,13:43:20.629#,2171.5,2180.0,2125.0,2369.5,2018.5,19968,27731.0,2142.0,2,2142.5,2,2143.0,1,2143.5,1,2144.0,2,2145.0,1,2145.5,1,2146.0,3,2146.5,3,2147.0,2,2144.0
j2409,DCE,13:43:20.829#,2171.5,2180.0,2125.0,2369.5,2018.5,19968,27731.0,2142.0,2,2142.5,2,2143.0,1,2143.5,1,2144.0,1,2145.0,1,2145.5,1,2146.0,4,2146.5,3,2147.0,2,2144.0
j2409,DCE,13:43:21.135#,2171.5,2180.0,2125.0,2369.5,2018.5,19968,27731.0,2141.5,15,2142.0,2,2142.5,2,2143.0,1,2143.5,1,2145.0,1,2145.5,1,2146.0,3,2146.5,3,2147.0,2,2144.0
j2409,DCE,13:43:21.335#,2171.5,2180.0,2125.0,2369.5,2018.5,19968,27731.0,2141.5,15,2142.0,2,2142.5,2,2143.0,1,2143.5,8,2145.0,1,2145.5,1,2146.0,3,2146.5,3,2147.0,2,2144.0
j2409,DCE,13:43:21.640#,2171.5,2180.0,2125.0,2369.5,2018.5,19968,27731.0,2142.0,2,2142.5,2,2143.0,1,2143.5,8,2144.0,1,2145.0,2,2145.5,1,2146.0,3,2146.5,3,2147.0,2,2144.0
j2409,DCE,13:43:21.830#,2171.5,2180.0,2125.0,2369.5,2018.5,19968,27731.0,2142.5,2,2143.0,1,2143.5,8,2144.0,1,2144.5,3,2145.0,2,2145.5,1,2146.0,3,2146.5,3,2147.0,2,2144.0
j2409,DCE,13:43:22.78#,2171.5,2180.0,2125.0,2369.5,2018.5,19968,27731.0,2142.5,2,2143.0,1,2143.5,8,2144.0,1,2144.5,1,2145.0,2,2145.5,1,2146.0,3,2146.5,3,2147.0,2,2144.0
j2409,DCE,13:43:22.449#,2171.5,2180.0,2125.0,2369.5,2018.5,19968,27731.0,2142.0,2,2142.5,2,2143.0,1,2143.5,8,2144.0,1,2145.0,2,2145.5,1,2146.0,3,2146.5,3,2147.0,2,2144.0
j2409,DCE,13:43:22.600#,2171.5,2180.0,2125.0,2369.5,2018.5,19968,27731.0,2142.5,2,2143.0,1,2143.5,8,2144.0,2,2144.5,2,2145.0,2,2145.5,1,2146.0,3,2146.5,3,2147.0,2,2144.0
j2409,DCE,13:43:22.829#,2171.5,2180.0,2125.0,2369.5,2018.5,19968,27731.0,2142.0,2,2142.5,2,2143.0,1,2143.5,8,2144.0,2,2145.0,2,2145.5,1,2146.0,3,2146.5,3,2147.0,2,2144.0
j2409,DCE,13:43:23.78#,2171.5,2180.0,2125.0,2369.5,2018.5,19968,27731.0,2142.5,2,2143.0,1,2143.5,8,2144.0,2,2144.5,2,2145.0,2,2145.5,1,2146.0,3,2146.5,3,2147.0,2,2144.0
j2409,DCE,13:43:23.329#,2171.5,2180.0,2125.0,2369.5,2018.5,19968,27731.0,2142.5,2,2143.0,1,2143.5,8,2144.0,2,2144.5,1,2145.0,2,2145.5,1,2146.0,3,2146.5,3,2147.0,2,2144.0
j2409,DCE,13:43:24.315#,2171.5,2180.0,2125.0,2369.5,2018.5,19968,27731.0,2142.5,2,2143.0,1,2143.5,8,2144.0,2,2144.5,2,2145.0,2,2145.5,1,2146.0,2,2146.5,3,2147.0,2,2144.0
j2409,DCE,13:43:24.965#,2171.5,2180.0,2125.0,2369.5,2018.5,19969,27731.0,2142.5,2,2143.0,1,2143.5,8,2144.0,2,2144.5,2,2145.0,1,2145.5,1,2146.0,2,2146.5,3,2147.0,2,2145.0
j2409,DCE,13:43:25.302#,2171.5,2180.0,2125.0,2369.5,2018.5,19970,27731.0,2143.0,1,2143.5,8,2144.0,2,2144.5,4,2145.0,3,2145.5,1,2146.0,2,2146.5,3,2147.0,2,2147.5,3,2145.0
j2409,DCE,13:43:25.467#,2171.5,2180.0,2125.0,2369.5,2018.5,19970,27731.0,2143.0,2,2143.5,8,2144.0,2,2144.5,4,2145.0,1,2146.0,2,2146.5,3,2147.0,2,2147.5,3,2148.0,4,2145.0
j2409,DCE,13:43:25.581#,2171.5,2180.0,2125.0,2369.5,2018.5,19970,27731.0,2142.5,2,2143.0,2,2143.5,8,2144.0,2,2144.5,4,2146.0,1,2146.5,3,2147.0,2,2147.5,3,2148.0,4,2145.0
j2409,DCE,13:43:25.831#,2171.5,2180.0,2125.0,2369.5,2018.5,19970,27731.0,2142.5,1,2143.0,3,2143.5,8,2144.0,2,2144.5,6,2146.0,1,2146.5,3,2147.0,2,2147.5,3,2148.0,4,2145.0
j2409,DCE,13:43:28.156#,2171.5,2180.0,2125.0,2369.5,2018.5,19971,27732.0,2143.5,8,2144.0,2,2144.5,6,2145.0,1,2146.0,6,2146.5,1,2147.0,2,2147.5,3,2148.0,4,2148.5,7,2146.0
j2409,DCE,13:43:28.363#,2171.5,2180.0,2125.0,2369.5,2018.5,19972,27732.0,2143.0,2,2143.5,8,2144.0,1,2144.5,6,2146.0,5,2147.0,2,2147.5,3,2148.0,4,2148.5,7,2149.0,1,2146.0
j2409,DCE,13:43:28.594#,2171.5,2180.0,2125.0,2369.5,2018.5,19972,27732.0,2143.5,6,2144.0,2,2144.5,6,2145.0,1,2146.0,5,2147.0,3,2147.5,3,2148.0,4,2148.5,7,2149.0,1,2146.0
j2409,DCE,13:43:28.830#,2171.5,2180.0,2125.0,2369.5,2018.5,19972,27732.0,2143.5,7,2144.0,1,2144.5,6,2145.0,1,2146.0,5,2147.0,3,2147.5,3,2148.0,4,2148.5,7,2149.0,1,2146.0
j2409,DCE,13:43:29.344#,2171.5,2180.0,2125.0,2369.5,2018.5,19972,27732.0,2144.0,1,2144.5,5,2145.0,1,2145.5,1,2146.0,5,2147.0,3,2147.5,3,2148.0,4,2148.5,7,2149.0,1,2146.0
j2409,DCE,13:43:30.614#,2171.5,2180.0,2125.0,2369.5,2018.5,19972,27732.0,2144.0,1,2144.5,5,2145.0,6,2145.5,1,2146.0,5,2147.0,3,2147.5,3,2148.0,4,2148.5,7,2149.0,1,2146.0
j2409,DCE,13:43:31.360#,2171.5,2180.0,2125.0,2369.5,2018.5,19973,27732.0,2144.0,1,2144.5,5,2145.0,6,2145.5,1,2146.0,4,2147.0,3,2147.5,3,2148.0,4,2148.5,7,2149.0,1,2146.0
j2409,DCE,13:43:34.367#,2171.5,2180.0,2125.0,2369.5,2018.5,19973,27732.0,2144.0,1,2144.5,5,2145.0,6,2145.5,1,2146.0,4,2147.0,3,2147.5,3,2148.0,4,2148.5,2,2149.0,1,2146.0
j2409,DCE,13:43:34.575#,2171.5,2180.0,2125.0,2369.5,2018.5,19973,27732.0,2144.0,1,2144.5,5,2145.0,6,2145.5,1,2146.0,4,2147.0,2,2147.5,3,2148.0,4,2148.5,2,2149.0,1,2146.0
j2409,DCE,13:43:34.826#,2171.5,2180.0,2125.0,2369.5,2018.5,19973,27732.0,2144.0,1,2144.5,5,2145.0,6,2145.5,1,2146.0,4,2147.0,1,2147.5,3,2148.0,4,2148.5,2,2149.0,1,2146.0
j2409,DCE,13:43:35.200#,2171.5,2180.0,2125.0,2369.5,2018.5,19973,27732.0,2144.0,2,2144.5,5,2145.0,6,2145.5,1,2146.0,4,2147.5,2,2148.0,4,2148.5,2,2149.0,1,2149.5,3,2146.0
j2409,DCE,13:43:35.450#,2171.5,2180.0,2125.0,2369.5,2018.5,19973,27732.0,2145.0,6,2145.5,1,2146.0,4,2146.5,1,2147.0,1,2147.5,3,2148.0,4,2148.5,2,2149.0,2,2149.5,3,2146.0
j2409,DCE,13:43:35.585#,2171.5,2180.0,2125.0,2369.5,2018.5,19973,27732.0,2144.5,4,2145.0,6,2145.5,1,2146.0,4,2147.0,1,2147.5,2,2148.0,4,2148.5,2,2149.0,2,2149.5,3,2146.0
j2409,DCE,13:43:35.849#,2171.5,2180.0,2125.0,2369.5,2018.5,19973,27732.0,2144.5,4,2145.0,6,2145.5,2,2146.0,4,2147.0,1,2147.5,1,2148.0,4,2148.5,2,2149.0,2,2149.5,3,2146.0
j2409,DCE,13:43:36.83#,2171.5,2180.0,2125.0,2369.5,2018.5,19973,27732.0,2144.5,5,2145.0,6,2145.5,2,2146.0,4,2147.0,1,2147.5,1,2148.0,4,2148.5,2,2149.0,2,2149.5,3,2146.0
j2409,DCE,13:43:36.565#,2171.5,2180.0,2125.0,2369.5,2018.5,19974,27732.0,2144.0,1,2144.5,5,2145.0,6,2145.5,2,2146.0,4,2147.5,1,2148.0,9,2148.5,2,2149.0,2,2149.5,3,2147.0
j2409,DCE,13:43:36.585#,2171.5,2180.0,2125.0,2369.5,2018.5,19974,27732.0,2144.0,1,2144.5,5,2145.0,5,2145.5,2,2146.0,5,2147.5,1,2148.0,9,2148.5,2,2149.0,2,2149.5,3,2147.0
j2409,DCE,13:43:36.935#,2171.5,2180.0,2125.0,2369.5,2018.5,19974,27732.0,2144.0,1,2144.5,5,2145.0,5,2145.5,2,2146.0,5,2147.5,2,2148.0,9,2148.5,3,2149.0,2,2149.5,3,2147.0
j2409,DCE,13:43:37.75#,2171.5,2180.0,2125.0,2369.5,2018.5,19974,27732.0,2144.0,3,2144.5,4,2145.0,5,2145.5,2,2146.0,5,2147.5,2,2148.0,9,2148.5,3,2149.0,2,2149.5,3,2147.0
j2409,DCE,13:43:38.741#,2171.5,2180.0,2125.0,2369.5,2018.5,19974,27732.0,2144.0,3,2144.5,4,2145.0,5,2145.5,2,2146.0,5,2147.0,1,2147.5,2,2148.0,9,2148.5,3,2149.0,2,2147.0
j2409,DCE,13:43:39.55#,2171.5,2180.0,2125.0,2369.5,2018.5,19974,27732.0,2144.0,2,2144.5,4,2145.0,5,2145.5,2,2146.0,5,2147.0,1,2147.5,2,2148.0,10,2148.5,3,2149.0,2,2147.0
j2409,DCE,13:43:39.75#,2171.5,2180.0,2125.0,2369.5,2018.5,19974,27732.0,2144.0,2,2144.5,4,2145.0,5,2145.5,2,2146.0,5,2147.0,1,2147.5,2,2148.0,11,2148.5,3,2149.0,2,2147.0
j2409,DCE,13:43:39.328#,2171.5,2180.0,2125.0,2369.5,2018.5,19974,27732.0,2144.0,2,2144.5,4,2145.0,5,2145.5,2,2146.0,4,2147.0,1,2147.5,2,2148.0,11,2148.5,3,2149.0,2,2147.0
j2409,DCE,13:43:39.719#,2171.5,2180.0,2125.0,2369.5,2018.5,19974,27732.0,2144.0,2,2144.5,4,2145.0,5,2145.5,2,2146.0,4,2147.0,1,2147.5,3,2148.0,16,2148.5,3,2149.0,2,2147.0
j2409,DCE,13:43:40.513#,2171.5,2180.0,2125.0,2369.5,2018.5,19976,27732.0,2144.0,2,2144.5,4,2145.0,5,2145.5,2,2146.0,2,2147.0,2,2147.5,3,2148.0,16,2148.5,3,2149.0,2,2146.0
j2409,DCE,13:43:40.726#,2171.5,2180.0,2125.0,2369.5,2018.5,19977,27733.0,2144.0,1,2144.5,4,2145.0,5,2145.5,2,2146.0,1,2147.0,2,2147.5,3,2148.0,16,2148.5,3,2149.0,2,2146.0
j2409,DCE,13:43:42.130#,2171.5,2180.0,2125.0,2369.5,2018.5,19977,27733.0,2144.0,1,2144.5,4,2145.0,5,2145.5,2,2146.0,1,2147.0,3,2147.5,3,2148.0,16,2148.5,3,2149.0,2,2146.0
j2409,DCE,13:43:43.664#,2171.5,2180.0,2125.0,2369.5,2018.5,19978,27734.0,2143.5,7,2144.0,1,2144.5,4,2145.0,5,2145.5,2,2147.0,3,2147.5,3,2148.0,16,2148.5,3,2149.0,2,2146.0
j2409,DCE,13:43:43.828#,2171.5,2180.0,2125.0,2369.5,2018.5,19978,27734.0,2143.5,6,2144.0,1,2144.5,4,2145.0,5,2145.5,2,2147.0,3,2147.5,3,2148.0,16,2148.5,3,2149.0,2,2146.0
j2409,DCE,13:43:44.78#,2171.5,2180.0,2125.0,2369.5,2018.5,19978,27734.0,2143.5,6,2144.0,2,2144.5,4,2145.0,5,2145.5,2,2147.0,3,2147.5,3,2148.0,16,2148.5,3,2149.0,2,2146.0
j2409,DCE,13:43:44.496#,2171.5,2180.0,2125.0,2369.5,2018.5,19980,27735.0,2143.0,4,2143.5,6,2144.0,2,2144.5,4,2145.0,5,2146.5,1,2147.0,3,2147.5,3,2148.0,16,2148.5,3,2145.5
j2409,DCE,13:43:44.577#,2171.5,2180.0,2125.0,2369.5,2018.5,19980,27735.0,2143.5,7,2144.0,2,2144.5,4,2145.0,5,2145.5,1,2146.5,1,2147.0,3,2147.5,3,2148.0,16,2148.5,3,2145.5
j2409,DCE,13:43:44.827#,2171.5,2180.0,2125.0,2369.5,2018.5,19980,27735.0,2143.5,6,2144.0,2,2144.5,4,2145.0,5,2145.5,1,2146.5,1,2147.0,4,2147.5,3,2148.0,16,2148.5,3,2145.5
j2409,DCE,13:43:45.80#,2171.5,2180.0,2125.0,2369.5,2018.5,19980,27735.0,2143.5,6,2144.0,2,2144.5,4,2145.0,5,2145.5,2,2146.5,1,2147.0,4,2147.5,3,2148.0,16,2148.5,2,2145.5
j2409,DCE,13:43:45.328#,2171.5,2180.0,2125.0,2369.5,2018.5,19980,27735.0,2144.0,2,2144.5,4,2145.0,5,2145.5,1,2146.0,1,2146.5,1,2147.0,4,2147.5,3,2148.0,16,2148.5,2,2145.5
j2409,DCE,13:43:45.702#,2171.5,2180.0,2125.0,2369.5,2018.5,19980,27735.0,2144.0,2,2144.5,4,2145.0,5,2145.5,1,2146.0,1,2147.0,4,2147.5,3,2148.0,16,2148.5,2,2149.0,2,2145.5
j2409,DCE,13:43:45.831#,2171.5,2180.0,2125.0,2369.5,2018.5,19980,27735.0,2143.5,7,2144.0,2,2144.5,4,2145.0,5,2145.5,1,2147.0,4,2147.5,3,2148.0,16,2148.5,2,2149.0,2,2145.5
j2409,DCE,13:43:46.274#,2171.5,2180.0,2125.0,2369.5,2018.5,19980,27735.0,2144.0,2,2144.5,4,2145.0,5,2145.5,5,2146.0,4,2147.0,4,2147.5,3,2148.0,16,2148.5,2,2149.0,2,2145.5
j2409,DCE,13:43:46.464#,2171.5,2180.0,2125.0,2369.5,2018.5,19980,27735.0,2144.0,2,2144.5,4,2145.0,5,2145.5,5,2146.0,3,2147.0,3,2147.5,2,2148.0,16,2148.5,2,2149.0,2,2145.5
j2409,DCE,13:43:47.78#,2171.5,2180.0,2125.0,2369.5,2018.5,19980,27735.0,2144.0,2,2144.5,4,2145.0,5,2145.5,5,2146.0,2,2147.0,3,2147.5,2,2148.0,16,2148.5,2,2149.0,2,2145.5
j2409,DCE,13:43:47.328#,2171.5,2180.0,2125.0,2369.5,2018.5,19980,27735.0,2143.5,5,2144.0,2,2144.5,4,2145.0,5,2145.5,5,2147.0,3,2147.5,2,2148.0,16,2148.5,3,2149.0,2,2145.5
j2409,DCE,13:43:47.576#,2171.5,2180.0,2125.0,2369.5,2018.5,19980,27735.0,2144.0,2,2144.5,4,2145.0,5,2145.5,3,2146.0,2,2147.0,3,2147.5,2,2148.0,16,2148.5,3,2149.0,2,2145.5
j2409,DCE,13:43:47.828#,2171.5,2180.0,2125.0,2369.5,2018.5,19980,27735.0,2143.5,5,2144.0,2,2144.5,4,2145.0,5,2145.5,3,2147.0,3,2147.5,2,2148.0,16,2148.5,3,2149.0,2,2145.5
j2409,DCE,13:43:48.216#,2171.5,2180.0,2125.0,2369.5,2018.5,19980,27735.0,2144.0,2,2144.5,4,2145.0,5,2145.5,2,2146.0,1,2147.0,3,2147.5,3,2148.0,16,2148.5,3,2149.0,2,2145.5
j2409,DCE,13:43:48.329#,2171.5,2180.0,2125.0,2369.5,2018.5,19980,27735.0,2143.5,5,2144.0,2,2144.5,4,2145.0,5,2145.5,2,2147.0,3,2147.5,3,2148.0,16,2148.5,3,2149.0,2,2145.5
j2409,DCE,13:43:48.723#,2171.5,2180.0,2125.0,2369.5,2018.5,19980,27735.0,2144.0,2,2144.5,4,2145.0,5,2145.5,2,2146.0,2,2147.0,3,2147.5,3,2148.0,15,2148.5,3,2149.0,2,2145.5
j2409,DCE,13:43:48.832#,2171.5,2180.0,2125.0,2369.5,2018.5,19980,27735.0,2143.5,5,2144.0,2,2144.5,4,2145.0,5,2145.5,2,2147.0,3,2147.5,3,2148.0,15,2148.5,3,2149.0,2,2145.5
j2409,DCE,13:43:49.215#,2171.5,2180.0,2125.0,2369.5,2018.5,19980,27735.0,2144.0,2,2144.5,4,2145.0,5,2145.5,2,2146.0,2,2147.0,3,2147.5,8,2148.0,15,2148.5,3,2149.0,2,2145.5
j2409,DCE,13:43:49.333#,2171.5,2180.0,2125.0,2369.5,2018.5,19980,27735.0,2143.5,5,2144.0,2,2144.5,4,2145.0,5,2145.5,2,2147.0,3,2147.5,8,2148.0,15,2148.5,3,2149.0,2,2145.5
j2409,DCE,13:43:49.582#,2171.5,2180.0,2125.0,2369.5,2018.5,19980,27735.0,2144.0,2,2144.5,4,2145.0,5,2145.5,2,2146.0,1,2147.0,4,2147.5,8,2148.0,15,2148.5,3,2149.0,2,2145.5
j2409,DCE,13:43:49.830#,2171.5,2180.0,2125.0,2369.5,2018.5,19980,27735.0,2143.5,5,2144.0,2,2144.5,4,2145.0,5,2145.5,2,2147.0,4,2147.5,8,2148.0,15,2148.5,3,2149.0,2,2145.5
j2409,DCE,13:43:50.80#,2171.5,2180.0,2125.0,2369.5,2018.5,19980,27735.0,2144.0,2,2144.5,4,2145.0,5,2145.5,2,2146.0,1,2147.0,4,2147.5,8,2148.0,15,2148.5,3,2149.0,2,2145.5
j2409,DCE,13:43:50.331#,2171.5,2180.0,2125.0,2369.5,2018.5,19980,27735.0,2143.5,5,2144.0,2,2144.5,4,2145.0,5,2145.5,2,2147.0,4,2147.5,8,2148.0,15,2148.5,3,2149.0,2,2145.5
j2409,DCE,13:43:50.578#,2171.5,2180.0,2125.0,2369.5,2018.5,19980,27735.0,2144.0,2,2144.5,4,2145.0,5,2145.5,2,2146.0,2,2147.0,4,2147.5,8,2148.0,15,2148.5,3,2149.0,2,2145.5
j2409,DCE,13:43:50.828#,2171.5,2180.0,2125.0,2369.5,2018.5,19980,27735.0,2143.5,5,2144.0,2,2144.5,4,2145.0,5,2145.5,2,2147.0,4,2147.5,8,2148.0,15,2148.5,3,2149.0,2,2145.5
j2409,DCE,13:43:51.85#,2171.5,2180.0,2125.0,2369.5,2018.5,19980,27735.0,2144.0,2,2144.5,4,2145.0,5,2145.5,3,2146.0,3,2147.0,4,2147.5,8,2148.0,15,2148.5,3,2149.0,2,2145.5
j2409,DCE,13:43:51.468#,2171.5,2180.0,2125.0,2369.5,2018.5,19980,27735.0,2144.0,2,2144.5,4,2145.0,5,2145.5,3,2146.0,1,2147.0,4,2147.5,8,2148.0,15,2148.5,3,2149.0,2,2145.5
j2409,DCE,13:43:51.580#,2171.5,2180.0,2125.0,2369.5,2018.5,19980,27735.0,2143.5,5,2144.0,2,2144.5,4,2145.0,5,2145.5,3,2147.0,4,2147.5,8,2148.0,15,2148.5,3,2149.0,2,2145.5
j2409,DCE,13:43:51.829#,2171.5,2180.0,2125.0,2369.5,2018.5,19980,27735.0,2144.0,2,2144.5,4,2145.0,5,2145.5,3,2146.0,5,2147.0,4,2147.5,8,2148.0,15,2148.5,3,2149.0,2,2145.5
j2409,DCE,13:43:52.87#,2171.5,2180.0,2125.0,2369.5,2018.5,19980,27735.0,2144.0,2,2144.5,4,2145.0,5,2145.5,3,2146.0,2,2147.0,4,2147.5,8,2148.0,15,2148.5,3,2149.0,2,2145.5
j2409,DCE,13:43:52.327#,2171.5,2180.0,2125.0,2369.5,2018.5,19980,27735.0,2143.5,5,2144.0,2,2144.5,4,2145.0,5,2145.5,3,2147.0,4,2147.5,8,2148.0,15,2148.5,3,2149.0,2,2145.5
j2409,DCE,13:43:52.731#,2171.5,2180.0,2125.0,2369.5,2018.5,19980,27735.0,2144.0,2,2144.5,4,2145.0,5,2145.5,3,2146.0,5,2147.0,4,2147.5,8,2148.0,15,2148.5,3,2149.0,2,2145.5
j2409,DCE,13:43:52.977#,2171.5,2180.0,2125.0,2369.5,2018.5,19980,27735.0,2144.0,2,2144.5,4,2145.0,5,2145.5,3,2146.0,2,2147.0,4,2147.5,8,2148.0,15,2148.5,3,2149.0,2,2145.5
j2409,DCE,13:43:53.77#,2171.5,2180.0,2125.0,2369.5,2018.5,19980,27735.0,2143.5,5,2144.0,2,2144.5,4,2145.0,5,2145.5,3,2147.0,4,2147.5,8,2148.0,15,2148.5,3,2149.0,2,2145.5
j2409,DCE,13:43:53.384#,2171.5,2180.0,2125.0,2369.5,2018.5,19980,27735.0,2144.0,2,2144.5,4,2145.0,5,2145.5,3,2146.0,2,2147.0,4,2147.5,8,2148.0,15,2148.5,3,2149.0,2,2145.5
j2409,DCE,13:43:53.578#,2171.5,2180.0,2125.0,2369.5,2018.5,19980,27735.0,2143.5,5,2144.0,2,2144.5,4,2145.0,5,2145.5,3,2147.0,4,2147.5,8,2148.0,15,2148.5,3,2149.0,2,2145.5
j2409,DCE,13:43:53.938#,2171.5,2180.0,2125.0,2369.5,2018.5,19980,27735.0,2144.0,2,2144.5,4,2145.0,5,2145.5,2,2146.0,5,2147.0,4,2147.5,8,2148.0,15,2148.5,3,2149.0,2,2145.5
j2409,DCE,13:43:54.298#,2171.5,2180.0,2125.0,2369.5,2018.5,19980,27735.0,2144.0,2,2144.5,4,2145.0,5,2145.5,2,2146.0,2,2147.0,4,2147.5,8,2148.0,15,2148.5,3,2149.0,2,2145.5
j2409,DCE,13:43:54.327#,2171.5,2180.0,2125.0,2369.5,2018.5,19980,27735.0,2143.5,5,2144.0,2,2144.5,4,2145.0,5,2145.5,2,2147.0,4,2147.5,8,2148.0,15,2148.5,3,2149.0,2,2145.5
j2409,DCE,13:43:54.587#,2171.5,2180.0,2125.0,2369.5,2018.5,19980,27735.0,2144.0,2,2144.5,4,2145.0,5,2145.5,4,2146.0,2,2147.0,4,2147.5,8,2148.0,15,2148.5,3,2149.0,2,2145.5
j2409,DCE,13:43:54.849#,2171.5,2180.0,2125.0,2369.5,2018.5,19980,27735.0,2143.5,5,2144.0,2,2144.5,4,2145.0,5,2145.5,4,2147.0,4,2147.5,8,2148.0,15,2148.5,3,2149.0,2,2145.5
j2409,DCE,13:43:55.76#,2171.5,2180.0,2125.0,2369.5,2018.5,19980,27735.0,2144.0,2,2144.5,4,2145.0,5,2145.5,2,2146.0,2,2147.0,4,2147.5,8,2148.0,15,2148.5,3,2149.0,2,2145.5
j2409,DCE,13:43:55.327#,2171.5,2180.0,2125.0,2369.5,2018.5,19980,27735.0,2143.5,5,2144.0,2,2144.5,4,2145.0,5,2145.5,2,2147.0,4,2147.5,8,2148.0,15,2148.5,3,2149.0,2,2145.5
j2409,DCE,13:43:55.701#,2171.5,2180.0,2125.0,2369.5,2018.5,19982,27734.0,2143.5,4,2144.0,2,2144.5,4,2145.0,5,2145.5,2,2147.0,4,2147.5,8,2148.0,15,2148.5,3,2149.0,2,2146.0
j2409,DCE,13:43:57.338#,2171.5,2180.0,2125.0,2369.5,2018.5,19982,27734.0,2143.5,4,2144.0,2,2144.5,4,2145.0,5,2145.5,1,2147.0,4,2147.5,8,2148.0,15,2148.5,3,2149.0,2,2146.0
j2409,DCE,13:43:57.733#,2171.5,2180.0,2125.0,2369.5,2018.5,19983,27734.0,2143.0,3,2143.5,4,2144.0,2,2144.5,4,2145.0,5,2146.5,1,2147.0,5,2147.5,8,2148.0,15,2148.5,3,2145.5
j2409,DCE,13:43:57.829#,2171.5,2180.0,2125.0,2369.5,2018.5,19983,27734.0,2143.0,2,2143.5,5,2144.0,2,2144.5,4,2145.0,5,2146.5,2,2147.0,5,2147.5,8,2148.0,15,2148.5,3,2145.5
j2409,DCE,13:43:58.261#,2171.5,2180.0,2125.0,2369.5,2018.5,19983,27734.0,2143.0,3,2143.5,4,2144.0,2,2144.5,4,2145.0,5,2146.5,3,2147.0,5,2147.5,8,2148.0,15,2148.5,3,2145.5
j2409,DCE,13:43:59.388#,2171.5,2180.0,2125.0,2369.5,2018.5,19983,27734.0,2143.0,3,2143.5,4,2144.0,2,2144.5,4,2145.0,5,2146.5,3,2147.0,6,2147.5,8,2148.0,15,2148.5,3,2145.5
j2409,DCE,13:44:00.229#,2171.5,2180.0,2125.0,2369.5,2018.5,19983,27734.0,2143.0,3,2143.5,4,2144.0,2,2144.5,4,2145.0,6,2146.5,3,2147.0,6,2147.5,8,2148.0,15,2148.5,3,2145.5
j2409,DCE,13:44:00.667#,2171.5,2180.0,2125.0,2369.5,2018.5,19983,27734.0,2143.0,3,2143.5,4,2144.0,2,2144.5,4,2145.0,6,2146.5,6,2147.0,6,2147.5,8,2148.0,15,2148.5,3,2145.5
j2409,DCE,13:44:00.953#,2171.5,2180.0,2125.0,2369.5,2018.5,19983,27734.0,2143.0,3,2143.5,4,2144.0,2,2144.5,4,2145.0,6,2146.0,1,2146.5,6,2147.0,6,2147.5,7,2148.0,15,2145.5
j2409,DCE,13:44:01.330#,2171.5,2180.0,2125.0,2369.5,2018.5,19983,27734.0,2143.0,3,2143.5,4,2144.0,2,2144.5,4,2145.0,6,2146.0,2,2146.5,6,2147.0,6,2147.5,7,2148.0,15,2145.5
j2409,DCE,13:44:02.869#,2171.5,2180.0,2125.0,2369.5,2018.5,19983,27734.0,2143.0,3,2143.5,4,2144.0,2,2144.5,4,2145.0,6,2146.0,2,2146.5,6,2147.0,7,2147.5,7,2148.0,15,2145.5
j2409,DCE,13:44:03.756#,2171.5,2180.0,2125.0,2369.5,2018.5,19983,27734.0,2143.5,4,2144.0,2,2144.5,4,2145.0,6,2145.5,2,2146.0,2,2146.5,6,2147.0,7,2147.5,7,2148.0,15,2145.5
j2409,DCE,13:44:04.833#,2171.5,2180.0,2125.0,2369.5,2018.5,19984,27734.0,2143.5,4,2144.0,2,2144.5,4,2145.0,7,2145.5,2,2146.5,6,2147.0,7,2147.5,7,2148.0,15,2148.5,2,2146.0
j2409,DCE,13:44:05.77#,2171.5,2180.0,2125.0,2369.5,2018.5,19984,27734.0,2143.5,4,2144.0,2,2144.5,4,2145.0,6,2145.5,2,2146.5,6,2147.0,7,2147.5,7,2148.0,15,2148.5,2,2146.0
j2409,DCE,13:44:06.828#,2171.5,2180.0,2125.0,2369.5,2018.5,19984,27734.0,2144.0,2,2144.5,4,2145.0,6,2145.5,2,2146.0,1,2146.5,6,2147.0,7,2147.5,7,2148.0,15,2148.5,2,2146.0
j2409,DCE,13:44:08.726#,2171.5,2180.0,2125.0,2369.5,2018.5,19984,27734.0,2144.0,2,2144.5,4,2145.0,5,2145.5,2,2146.0,1,2146.5,6,2147.0,7,2147.5,7,2148.0,15,2148.5,2,2146.0
j2409,DCE,13:44:09.271#,2171.5,2180.0,2125.0,2369.5,2018.5,19984,27734.0,2143.5,4,2144.0,2,2144.5,4,2145.0,5,2146.0,1,2146.5,6,2147.0,7,2147.5,7,2148.0,15,2148.5,2,2146.0
j2409,DCE,13:44:10.44#,2171.5,2180.0,2125.0,2369.5,2018.5,19986,27736.0,2143.5,4,2144.0,2,2144.5,4,2145.0,5,2146.0,1,2146.5,4,2147.0,7,2147.5,7,2148.0,15,2148.5,2,2146.5
j2409,DCE,13:44:10.196#,2171.5,2180.0,2125.0,2369.5,2018.5,19986,27736.0,2144.0,2,2144.5,4,2145.0,5,2145.5,1,2146.0,1,2146.5,4,2147.0,7,2147.5,7,2148.0,15,2148.5,2,2146.5
j2409,DCE,13:44:12.5#,2171.5,2180.0,2125.0,2369.5,2018.5,19987,27736.0,2143.5,4,2144.0,2,2144.5,4,2145.0,5,2145.5,1,2146.5,4,2147.0,7,2147.5,7,2148.0,15,2148.5,2,2146.0
j2409,DCE,13:44:12.83#,2171.5,2180.0,2125.0,2369.5,2018.5,19987,27736.0,2143.5,4,2144.0,2,2144.5,4,2145.0,5,2145.5,2,2146.5,4,2147.0,7,2147.5,7,2148.0,15,2148.5,2,2146.0
j2409,DCE,13:44:13.327#,2171.5,2180.0,2125.0,2369.5,2018.5,19987,27736.0,2143.5,4,2144.0,2,2144.5,4,2145.0,5,2145.5,1,2146.5,4,2147.0,7,2147.5,7,2148.0,15,2148.5,2,2146.0
j2409,DCE,13:44:13.830#,2171.5,2180.0,2125.0,2369.5,2018.5,19987,27736.0,2143.5,4,2144.0,2,2144.5,4,2145.0,5,2145.5,2,2146.5,4,2147.0,7,2147.5,7,2148.0,15,2148.5,2,2146.0
j2409,DCE,13:44:15.131#,2171.5,2180.0,2125.0,2369.5,2018.5,19987,27736.0,2143.5,4,2144.0,2,2144.5,4,2145.0,5,2145.5,2,2146.5,5,2147.0,7,2147.5,7,2148.0,15,2148.5,2,2146.0
j2409,DCE,13:44:17.127#,2171.5,2180.0,2125.0,2369.5,2018.5,19989,27737.0,2143.5,4,2144.0,2,2144.5,4,2145.0,5,2145.5,2,2146.5,4,2147.0,7,2147.5,7,2148.0,15,2148.5,2,2146.5
j2409,DCE,13:44:18.977#,2171.5,2180.0,2125.0,2369.5,2018.5,19989,27737.0,2144.0,2,2144.5,4,2145.0,5,2145.5,2,2146.0,5,2146.5,4,2147.0,7,2147.5,7,2148.0,15,2148.5,2,2146.5
j2409,DCE,13:44:19.80#,2171.5,2180.0,2125.0,2369.5,2018.5,19989,27737.0,2144.0,2,2144.5,4,2145.0,5,2145.5,2,2146.0,5,2146.5,4,2147.0,6,2147.5,7,2148.0,15,2148.5,2,2146.5
j2409,DCE,13:44:30.358#,2171.5,2180.0,2125.0,2369.5,2018.5,19990,27738.0,2144.0,2,2144.5,4,2145.0,5,2145.5,2,2146.0,4,2146.5,4,2147.0,6,2147.5,7,2148.0,15,2148.5,2,2146.0
j2409,DCE,13:44:31.434#,2171.5,2180.0,2125.0,2369.5,2018.5,19990,27738.0,2144.0,2,2144.5,4,2145.0,5,2145.5,2,2146.0,5,2146.5,4,2147.0,6,2147.5,7,2148.0,15,2148.5,2,2146.0
j2409,DCE,13:44:43.296#,2171.5,2180.0,2125.0,2369.5,2018.5,19991,27738.0,2144.0,2,2144.5,4,2145.0,5,2145.5,2,2146.0,4,2146.5,4,2147.0,6,2147.5,7,2148.0,15,2148.5,2,2146.0
j2409,DCE,13:44:43.691#,2171.5,2180.0,2125.0,2369.5,2018.5,19993,27740.0,2144.0,2,2144.5,4,2145.0,5,2145.5,2,2146.0,2,2146.5,4,2147.0,6,2147.5,7,2148.0,15,2148.5,2,2146.0
j2409,DCE,13:44:45.115#,2171.5,2180.0,2125.0,2369.5,2018.5,19995,27741.0,2144.0,2,2144.5,4,2145.0,5,2145.5,2,2146.0,2,2146.5,2,2147.0,6,2147.5,7,2148.0,15,2148.5,2,2146.5
j2409,DCE,13:44:45.329#,2171.5,2180.0,2125.0,2369.5,2018.5,19995,27741.0,2144.0,2,2144.5,4,2145.0,6,2145.5,2,2146.0,2,2146.5,2,2147.0,6,2147.5,7,2148.0,15,2148.5,2,2146.5
j2409,DCE,13:44:45.633#,2171.5,2180.0,2125.0,2369.5,2018.5,19997,27742.0,2144.0,2,2144.5,4,2145.0,6,2145.5,2,2146.0,2,2147.0,6,2147.5,7,2148.0,15,2148.5,2,2149.0,1,2146.5
j2409,DCE,13:44:45.840#,2171.5,2180.0,2125.0,2369.5,2018.5,19997,27742.0,2144.0,2,2144.5,4,2145.0,6,2145.5,2,2146.0,2,2147.0,5,2147.5,7,2148.0,15,2148.5,2,2149.0,1,2146.5
j2409,DCE,13:44:51.157#,2171.5,2180.0,2125.0,2369.5,2018.5,19997,27742.0,2144.0,2,2144.5,4,2145.0,6,2145.5,2,2146.0,2,2147.0,5,2147.5,8,2148.0,15,2148.5,2,2149.0,1,2146.5
j2409,DCE,13:45:00.178#,2171.5,2180.0,2125.0,2369.5,2018.5,19998,27741.0,2144.0,2,2144.5,4,2145.0,6,2145.5,2,2146.0,2,2146.5,2,2147.0,5,2147.5,8,2148.0,15,2148.5,2,2147.0
j2409,DCE,13:45:00.342#,2171.5,2180.0,2125.0,2369.5,2018.5,19998,27741.0,2144.0,2,2144.5,4,2145.0,6,2145.5,2,2146.0,2,2147.0,5,2147.5,8,2148.0,15,2148.5,2,2149.0,1,2147.0
j2409,DCE,13:45:00.600#,2171.5,2180.0,2125.0,2369.5,2018.5,19998,27741.0,2144.0,2,2144.5,4,2145.0,6,2145.5,2,2146.0,2,2146.5,2,2147.0,5,2147.5,8,2148.0,15,2148.5,2,2147.0
j2409,DCE,13:45:01.87#,2171.5,2180.0,2125.0,2369.5,2018.5,19998,27741.0,2144.0,2,2144.5,4,2145.0,6,2145.5,2,2146.0,2,2146.5,4,2147.0,5,2147.5,8,2148.0,15,2148.5,2,2147.0
j2409,DCE,13:45:01.531#,2171.5,2180.0,2125.0,2369.5,2018.5,19998,27741.0,2144.0,2,2144.5,4,2145.0,6,2145.5,2,2146.0,2,2146.5,2,2147.0,5,2147.5,8,2148.0,15,2148.5,2,2147.0
j2409,DCE,13:45:02.18#,2171.5,2180.0,2125.0,2369.5,2018.5,19998,27741.0,2144.0,2,2144.5,4,2145.0,6,2145.5,2,2146.0,2,2147.0,5,2147.5,8,2148.0,15,2148.5,2,2149.0,1,2147.0
j2409,DCE,13:45:02.85#,2171.5,2180.0,2125.0,2369.5,2018.5,19998,27741.0,2144.0,2,2144.5,4,2145.0,6,2145.5,2,2146.0,2,2146.5,1,2147.0,5,2147.5,8,2148.0,15,2148.5,2,2147.0
j2409,DCE,13:45:02.333#,2171.5,2180.0,2125.0,2369.5,2018.5,19998,27741.0,2144.0,2,2144.5,4,2145.0,6,2145.5,2,2146.0,2,2147.0,5,2147.5,8,2148.0,15,2148.5,2,2149.0,1,2147.0
j2409,DCE,13:45:02.665#,2171.5,2180.0,2125.0,2369.5,2018.5,19998,27741.0,2144.0,2,2144.5,4,2145.0,6,2145.5,2,2146.0,2,2147.0,5,2147.5,7,2148.0,15,2148.5,2,2149.0,1,2147.0
j2409,DCE,13:45:02.989#,2171.5,2180.0,2125.0,2369.5,2018.5,19998,27741.0,2144.0,2,2144.5,4,2145.0,6,2145.5,2,2146.0,2,2146.5,1,2147.0,5,2147.5,7,2148.0,15,2148.5,2,2147.0
j2409,DCE,13:45:06.687#,2171.5,2180.0,2125.0,2369.5,2018.5,19998,27741.0,2144.0,2,2144.5,4,2145.0,6,2145.5,2,2146.0,2,2146.5,1,2147.0,4,2147.5,7,2148.0,15,2148.5,2,2147.0
j2409,DCE,13:45:08.823#,2171.5,2180.0,2125.0,2369.5,2018.5,19998,27741.0,2144.0,2,2144.5,4,2145.0,6,2145.5,2,2146.0,7,2146.5,1,2147.0,4,2147.5,7,2148.0,15,2148.5,2,2147.0
j2409,DCE,13:45:14.454#,2171.5,2180.0,2125.0,2369.5,2018.5,19999,27742.0,2144.0,2,2144.5,4,2145.0,6,2145.5,2,2146.0,6,2146.5,1,2147.0,4,2147.5,7,2148.0,15,2148.5,2,2146.0
j2409,DCE,13:45:14.695#,2171.5,2180.0,2125.0,2369.5,2018.5,20000,27741.0,2144.0,2,2144.5,4,2145.0,6,2145.5,2,2146.0,5,2146.5,1,2147.0,4,2147.5,7,2148.0,15,2148.5,2,2146.0
j2409,DCE,13:45:15.348#,2171.5,2180.0,2125.0,2369.5,2018.5,20000,27741.0,2144.0,2,2144.5,4,2145.0,6,2145.5,7,2146.0,5,2146.5,1,2147.0,4,2147.5,7,2148.0,15,2148.5,2,2146.0
j2409,DCE,13:45:21.344#,2171.5,2180.0,2125.0,2369.5,2018.5,20000,27741.0,2144.0,2,2144.5,4,2145.0,6,2145.5,7,2146.0,5,2146.5,2,2147.0,4,2147.5,7,2148.0,15,2148.5,2,2146.0
j2409,DCE,13:45:21.843#,2171.5,2180.0,2125.0,2369.5,2018.5,20000,27741.0,2144.0,2,2144.5,4,2145.0,6,2145.5,6,2146.0,5,2146.5,2,2147.0,4,2147.5,7,2148.0,15,2148.5,2,2146.0
j2409,DCE,13:45:22.463#,2171.5,2180.0,2125.0,2369.5,2018.5,20000,27741.0,2144.0,2,2144.5,4,2145.0,6,2145.5,6,2146.0,5,2146.5,3,2147.0,4,2147.5,7,2148.0,15,2148.5,2,2146.0
j2409,DCE,13:45:24.417#,2171.5,2180.0,2125.0,2369.5,2018.5,20000,27741.0,2144.0,2,2144.5,4,2145.0,6,2145.5,11,2146.0,5,2146.5,3,2147.0,4,2147.5,7,2148.0,15,2148.5,2,2146.0
j2409,DCE,13:45:24.963#,2171.5,2180.0,2125.0,2369.5,2018.5,20001,27741.0,2144.0,2,2144.5,4,2145.0,6,2145.5,11,2146.0,5,2146.5,2,2147.0,4,2147.5,7,2148.0,15,2148.5,2,2146.5
j2409,DCE,13:45:25.204#,2171.5,2180.0,2125.0,2369.5,2018.5,20001,27741.0,2144.0,2,2144.5,4,2145.0,6,2145.5,11,2146.0,5,2146.5,1,2147.0,4,2147.5,7,2148.0,14,2148.5,2,2146.5
j2409,DCE,13:45:27.356#,2171.5,2180.0,2125.0,2369.5,2018.5,20001,27741.0,2144.0,2,2144.5,4,2145.0,6,2145.5,11,2146.0,10,2146.5,1,2147.0,4,2147.5,7,2148.0,14,2148.5,2,2146.5
j2409,DCE,13:45:31.961#,2171.5,2180.0,2125.0,2369.5,2018.5,20001,27741.0,2144.0,2,2144.5,4,2145.0,6,2145.5,11,2146.0,10,2146.5,2,2147.0,4,2147.5,7,2148.0,14,2148.5,2,2146.5
j2409,DCE,13:45:32.100#,2171.5,2180.0,2125.0,2369.5,2018.5,20002,27742.0,2144.0,2,2144.5,4,2145.0,5,2145.5,11,2146.0,9,2146.5,2,2147.0,4,2147.5,7,2148.0,14,2148.5,2,2146.0
j2409,DCE,13:45:32.500#,2171.5,2180.0,2125.0,2369.5,2018.5,20003,27743.0,2144.0,2,2144.5,4,2145.0,5,2145.5,11,2146.0,8,2146.5,3,2147.0,4,2147.5,7,2148.0,14,2148.5,2,2146.0
j2409,DCE,13:45:32.596#,2171.5,2180.0,2125.0,2369.5,2018.5,20005,27745.0,2144.0,2,2144.5,4,2145.0,5,2145.5,10,2146.0,6,2146.5,3,2147.0,4,2147.5,7,2148.0,14,2148.5,2,2146.0
j2409,DCE,13:45:32.970#,2171.5,2180.0,2125.0,2369.5,2018.5,20006,27745.0,2144.0,2,2144.5,4,2145.0,5,2145.5,10,2146.0,5,2146.5,3,2147.0,4,2147.5,7,2148.0,14,2148.5,2,2146.0
j2409,DCE,13:45:37.338#,2171.5,2180.0,2125.0,2369.5,2018.5,20007,27746.0,2144.0,2,2144.5,4,2145.0,5,2145.5,10,2146.0,4,2146.5,3,2147.0,4,2147.5,7,2148.0,14,2148.5,2,2146.0
j2409,DCE,13:45:37.683#,2171.5,2180.0,2125.0,2369.5,2018.5,20008,27747.0,2144.0,2,2144.5,4,2145.0,5,2145.5,10,2146.0,3,2146.5,3,2147.0,4,2147.5,7,2148.0,14,2148.5,2,2146.0
j2409,DCE,13:45:41.159#,2171.5,2180.0,2125.0,2369.5,2018.5,20009,27747.0,2144.0,2,2144.5,4,2145.0,5,2145.5,10,2146.0,2,2146.5,3,2147.0,4,2147.5,7,2148.0,14,2148.5,2,2146.0
j2409,DCE,13:45:42.206#,2171.5,2180.0,2125.0,2369.5,2018.5,20011,27749.0,2143.5,4,2144.0,2,2144.5,4,2145.0,5,2145.5,10,2146.5,2,2147.0,4,2147.5,7,2148.0,14,2148.5,2,2146.0
j2409,DCE,13:45:43.965#,2171.5,2180.0,2125.0,2369.5,2018.5,20011,27749.0,2143.5,4,2144.0,2,2144.5,4,2145.0,5,2145.5,10,2146.5,1,2147.0,4,2147.5,7,2148.0,14,2148.5,2,2146.0
j2409,DCE,13:45:44.221#,2171.5,2180.0,2125.0,2369.5,2018.5,20011,27749.0,2143.5,4,2144.0,2,2144.5,4,2145.0,5,2145.5,10,2146.5,2,2147.0,4,2147.5,7,2148.0,14,2148.5,2,2146.0
j2409,DCE,13:45:49.840#,2171.5,2180.0,2125.0,2369.5,2018.5,20012,27750.0,2143.5,4,2144.0,2,2144.5,4,2145.0,5,2145.5,9,2146.0,1,2146.5,3,2147.0,5,2147.5,7,2148.0,14,2145.5
j2409,DCE,13:45:50.139#,2171.5,2180.0,2125.0,2369.5,2018.5,20013,27749.0,2143.5,4,2144.0,2,2144.5,4,2145.0,5,2145.5,9,2146.0,2,2146.5,2,2147.0,5,2147.5,7,2148.0,14,2146.0
j2409,DCE,13:45:54.696#,2171.5,2180.0,2125.0,2369.5,2018.5,20013,27749.0,2143.5,4,2144.0,2,2144.5,4,2145.0,5,2145.5,9,2146.0,3,2146.5,2,2147.0,5,2147.5,7,2148.0,14,2146.0
j2409,DCE,13:45:55.860#,2171.5,2180.0,2125.0,2369.5,2018.5,20013,27749.0,2143.5,4,2144.0,2,2144.5,4,2145.0,5,2145.5,9,2146.0,4,2146.5,2,2147.0,5,2147.5,7,2148.0,14,2146.0
j2409,DCE,13:45:58.714#,2171.5,2180.0,2125.0,2369.5,2018.5,20013,27749.0,2143.5,4,2144.0,2,2144.5,4,2145.0,5,2145.5,9,2146.0,4,2146.5,1,2147.0,5,2147.5,7,2148.0,16,2146.0
j2409,DCE,13:45:59.578#,2171.5,2180.0,2125.0,2369.5,2018.5,20013,27749.0,2143.5,4,2144.0,2,2144.5,4,2145.0,5,2145.5,9,2146.0,3,2146.5,1,2147.0,5,2147.5,7,2148.0,16,2146.0
j2409,DCE,13:46:00.676#,2171.5,2180.0,2125.0,2369.5,2018.5,20015,27751.0,2143.5,4,2144.0,2,2144.5,4,2145.0,5,2145.5,7,2146.0,3,2146.5,1,2147.0,5,2147.5,7,2148.0,16,2145.5
j2409,DCE,13:46:15.272#,2171.5,2180.0,2125.0,2369.5,2018.5,20017,27752.0,2143.5,4,2144.0,2,2144.5,4,2145.0,5,2145.5,6,2146.0,2,2146.5,2,2147.0,6,2147.5,7,2148.0,16,2146.0
j2409,DCE,13:46:17.471#,2171.5,2180.0,2125.0,2369.5,2018.5,20018,27753.0,2143.5,4,2144.0,2,2144.5,4,2145.0,5,2145.5,5,2146.0,2,2146.5,2,2147.0,6,2147.5,7,2148.0,16,2145.5
j2409,DCE,13:46:20.612#,2171.5,2180.0,2125.0,2369.5,2018.5,20024,27759.0,2143.0,3,2143.5,4,2144.0,2,2144.5,4,2145.0,4,2146.0,2,2146.5,2,2147.0,6,2147.5,7,2148.0,16,2145.0
j2409,DCE,13:46:20.946#,2171.5,2180.0,2125.0,2369.5,2018.5,20024,27759.0,2143.0,3,2143.5,4,2144.0,2,2144.5,4,2145.0,4,2146.0,2,2146.5,3,2147.0,6,2147.5,7,2148.0,16,2145.0
j2409,DCE,13:46:22.555#,2171.5,2180.0,2125.0,2369.5,2018.5,20024,27759.0,2143.0,3,2143.5,4,2144.0,2,2144.5,4,2145.0,4,2146.0,3,2146.5,3,2147.0,6,2147.5,7,2148.0,16,2145.0
j2409,DCE,13:46:26.480#,2171.5,2180.0,2125.0,2369.5,2018.5,20027,27759.0,2143.0,3,2143.5,4,2144.0,2,2144.5,4,2145.0,1,2146.0,3,2146.5,3,2147.0,6,2147.5,7,2148.0,16,2145.0
j2409,DCE,13:46:26.683#,2171.5,2180.0,2125.0,2369.5,2018.5,20027,27759.0,2143.0,3,2143.5,4,2144.0,2,2144.5,4,2145.0,1,2146.0,3,2146.5,4,2147.0,6,2147.5,7,2148.0,16,2145.0
j2409,DCE,13:46:27.584#,2171.5,2180.0,2125.0,2369.5,2018.5,20027,27759.0,2143.0,3,2143.5,4,2144.0,2,2144.5,2,2145.0,1,2146.0,3,2146.5,4,2147.0,6,2147.5,7,2148.0,16,2145.0
j2409,DCE,13:46:28.911#,2171.5,2180.0,2125.0,2369.5,2018.5,20027,27759.0,2143.0,3,2143.5,4,2144.0,2,2144.5,2,2145.0,1,2146.0,4,2146.5,4,2147.0,6,2147.5,7,2148.0,16,2145.0
j2409,DCE,13:46:31.735#,2171.5,2180.0,2125.0,2369.5,2018.5,20028,27760.0,2142.5,1,2143.0,3,2143.5,4,2144.0,2,2144.5,2,2145.0,1,2146.0,4,2146.5,4,2147.0,6,2147.5,7,2145.0
j2409,DCE,13:46:31.828#,2171.5,2180.0,2125.0,2369.5,2018.5,20028,27760.0,2142.0,2,2142.5,1,2143.0,3,2143.5,5,2144.0,2,2145.0,1,2146.0,4,2146.5,4,2147.0,6,2147.5,7,2145.0
j2409,DCE,13:46:32.83#,2171.5,2180.0,2125.0,2369.5,2018.5,20028,27760.0,2142.0,2,2142.5,1,2143.0,3,2143.5,5,2144.0,2,2145.0,1,2146.0,5,2146.5,4,2147.0,6,2147.5,7,2145.0
j2409,DCE,13:46:33.328#,2171.5,2180.0,2125.0,2369.5,2018.5,20028,27760.0,2142.0,2,2142.5,1,2143.0,3,2143.5,5,2144.0,1,2145.0,1,2146.0,5,2146.5,4,2147.0,6,2147.5,7,2145.0
j2409,DCE,13:46:34.551#,2171.5,2180.0,2125.0,2369.5,2018.5,20028,27760.0,2142.0,2,2142.5,1,2143.0,3,2143.5,5,2144.0,1,2145.0,2,2146.0,5,2146.5,3,2147.0,6,2147.5,7,2145.0
j2409,DCE,13:46:34.579#,2171.5,2180.0,2125.0,2369.5,2018.5,20028,27760.0,2141.0,1,2142.0,2,2142.5,1,2143.0,3,2143.5,5,2145.0,2,2146.0,5,2146.5,3,2147.0,6,2147.5,7,2145.0
j2409,DCE,13:46:35.214#,2171.5,2180.0,2125.0,2369.5,2018.5,20028,27760.0,2140.0,5,2141.0,1,2142.0,2,2142.5,1,2143.0,3,2144.0,1,2144.5,1,2145.0,2,2145.5,1,2146.0,5,2145.0
j2409,DCE,13:46:35.456#,2171.5,2180.0,2125.0,2369.5,2018.5,20029,27759.0,2140.0,5,2141.0,1,2142.0,2,2142.5,1,2143.0,3,2144.5,1,2145.0,2,2145.5,1,2146.0,5,2146.5,3,2144.0
j2409,DCE,13:46:35.581#,2171.5,2180.0,2125.0,2369.5,2018.5,20029,27759.0,2140.0,5,2141.0,1,2142.0,2,2142.5,1,2143.0,3,2144.5,3,2145.0,2,2145.5,1,2146.0,5,2146.5,3,2144.0
j2409,DCE,13:46:35.845#,2171.5,2180.0,2125.0,2369.5,2018.5,20029,27759.0,2141.0,1,2141.5,1,2142.0,2,2142.5,1,2143.0,4,2144.5,3,2145.0,2,2145.5,1,2146.0,5,2146.5,2,2144.0
j2409,DCE,13:46:37.79#,2171.5,2180.0,2125.0,2369.5,2018.5,20029,27759.0,2141.0,1,2141.5,1,2142.0,2,2142.5,1,2143.0,4,2145.0,2,2145.5,1,2146.0,5,2146.5,2,2147.0,5,2144.0
j2409,DCE,13:46:37.332#,2171.5,2180.0,2125.0,2369.5,2018.5,20029,27759.0,2141.0,1,2141.5,1,2142.0,2,2142.5,1,2143.0,5,2145.0,2,2145.5,1,2146.0,5,2146.5,2,2147.0,5,2144.0
j2409,DCE,13:46:37.676#,2171.5,2180.0,2125.0,2369.5,2018.5,20029,27759.0,2141.5,1,2142.0,2,2142.5,1,2143.0,5,2143.5,2,2145.0,2,2145.5,1,2146.0,5,2146.5,2,2147.0,5,2144.0
j2409,DCE,13:46:37.993#,2171.5,2180.0,2125.0,2369.5,2018.5,20029,27759.0,2141.5,1,2142.0,2,2142.5,1,2143.0,6,2143.5,2,2145.0,2,2145.5,1,2146.0,4,2146.5,3,2147.0,5,2144.0
j2409,DCE,13:46:39.167#,2171.5,2180.0,2125.0,2369.5,2018.5,20030,27759.0,2141.5,1,2142.0,2,2142.5,1,2143.0,6,2143.5,2,2145.0,1,2145.5,1,2146.0,4,2146.5,3,2147.0,5,2145.0
j2409,DCE,13:46:39.422#,2171.5,2180.0,2125.0,2369.5,2018.5,20031,27758.0,2141.5,1,2142.0,2,2142.5,1,2143.0,6,2143.5,3,2145.5,1,2146.0,4,2146.5,3,2147.0,5,2147.5,7,2145.0
j2409,DCE,13:46:39.844#,2171.5,2180.0,2125.0,2369.5,2018.5,20031,27758.0,2142.0,2,2142.5,1,2143.0,6,2143.5,4,2144.0,1,2145.5,2,2146.0,4,2146.5,3,2147.0,5,2147.5,7,2145.0
j2409,DCE,13:46:40.862#,2171.5,2180.0,2125.0,2369.5,2018.5,20031,27758.0,2142.0,2,2142.5,1,2143.0,6,2143.5,4,2144.0,1,2145.5,3,2146.0,4,2146.5,3,2147.0,5,2147.5,7,2145.0
j2409,DCE,13:46:42.271#,2171.5,2180.0,2125.0,2369.5,2018.5,20032,27758.0,2141.5,1,2142.0,2,2142.5,1,2143.0,6,2143.5,4,2145.0,1,2145.5,3,2146.0,4,2146.5,3,2147.0,4,2144.0
j2409,DCE,13:46:42.531#,2171.5,2180.0,2125.0,2369.5,2018.5,20032,27758.0,2141.5,1,2142.0,2,2142.5,1,2143.0,6,2143.5,2,2145.0,2,2145.5,13,2146.0,4,2146.5,3,2147.0,4,2144.0
j2409,DCE,13:46:42.706#,2171.5,2180.0,2125.0,2369.5,2018.5,20032,27758.0,2141.0,1,2141.5,1,2142.0,2,2142.5,1,2143.0,5,2144.5,1,2145.0,4,2145.5,13,2146.0,4,2146.5,1,2144.0
j2409,DCE,13:46:42.955#,2171.5,2180.0,2125.0,2369.5,2018.5,20032,27758.0,2141.0,1,2141.5,1,2142.0,2,2142.5,1,2143.0,5,2144.0,1,2144.5,2,2145.0,4,2145.5,13,2146.0,4,2144.0
j2409,DCE,13:46:43.205#,2171.5,2180.0,2125.0,2369.5,2018.5,20032,27758.0,2141.0,1,2141.5,1,2142.0,2,2142.5,1,2143.0,5,2144.0,1,2144.5,4,2145.0,4,2145.5,13,2146.0,4,2144.0
j2409,DCE,13:46:43.331#,2171.5,2180.0,2125.0,2369.5,2018.5,20032,27758.0,2141.0,1,2141.5,1,2142.0,2,2142.5,1,2143.0,4,2144.0,1,2144.5,4,2145.0,4,2145.5,13,2146.0,4,2144.0
j2409,DCE,13:46:44.304#,2171.5,2180.0,2125.0,2369.5,2018.5,20036,27757.0,2140.0,5,2141.0,2,2141.5,1,2142.0,2,2142.5,1,2144.0,2,2144.5,4,2145.0,4,2145.5,13,2146.0,4,2143.0
j2409,DCE,13:46:44.449#,2171.5,2180.0,2125.0,2369.5,2018.5,20036,27757.0,2140.5,1,2141.0,1,2141.5,1,2142.0,2,2142.5,1,2143.5,1,2144.0,2,2144.5,4,2145.0,4,2145.5,13,2143.0
j2409,DCE,13:46:46.820#,2171.5,2180.0,2125.0,2369.5,2018.5,20037,27757.0,2140.0,5,2140.5,1,2141.0,1,2141.5,1,2142.0,2,2143.5,1,2144.0,2,2144.5,4,2145.0,4,2145.5,13,2142.5
j2409,DCE,13:46:46.934#,2171.5,2180.0,2125.0,2369.5,2018.5,20037,27757.0,2140.5,1,2141.0,1,2141.5,1,2142.0,4,2142.5,1,2143.5,1,2144.0,2,2144.5,4,2145.0,4,2145.5,13,2142.5
j2409,DCE,13:46:47.81#,2171.5,2180.0,2125.0,2369.5,2018.5,20037,27757.0,2141.0,1,2141.5,1,2142.0,4,2142.5,2,2143.0,1,2143.5,1,2144.0,2,2144.5,4,2145.0,4,2145.5,13,2142.5
j2409,DCE,13:46:47.441#,2171.5,2180.0,2125.0,2369.5,2018.5,20037,27757.0,2140.5,1,2141.0,1,2141.5,1,2142.0,4,2142.5,3,2144.0,2,2144.5,3,2145.0,4,2145.5,13,2146.0,4,2142.5
j2409,DCE,13:46:47.753#,2171.5,2180.0,2125.0,2369.5,2018.5,20038,27756.0,2140.0,5,2140.5,1,2141.0,1,2141.5,1,2142.0,4,2144.0,2,2144.5,3,2145.0,4,2145.5,13,2146.0,4,2142.5
j2409,DCE,13:46:48.14#,2171.5,2180.0,2125.0,2369.5,2018.5,20039,27757.0,2140.0,5,2140.5,1,2141.0,1,2141.5,1,2142.0,4,2143.5,1,2144.0,4,2144.5,3,2145.0,4,2145.5,12,2142.5
j2409,DCE,13:46:48.957#,2171.5,2180.0,2125.0,2369.5,2018.5,20039,27757.0,2139.5,1,2140.0,7,2141.0,1,2141.5,1,2142.0,4,2143.5,1,2144.0,4,2144.5,3,2145.0,4,2145.5,12,2142.5
j2409,DCE,13:46:49.831#,2171.5,2180.0,2125.0,2369.5,2018.5,20039,27757.0,2140.0,5,2140.5,2,2141.0,1,2141.5,1,2142.0,4,2143.5,2,2144.0,4,2144.5,3,2145.0,4,2145.5,12,2142.5
j2409,DCE,13:46:55.725#,2171.5,2180.0,2125.0,2369.5,2018.5,20039,27757.0,2140.0,6,2140.5,2,2141.0,1,2141.5,1,2142.0,4,2143.5,2,2144.0,4,2144.5,3,2145.0,4,2145.5,12,2142.5
j2409,DCE,13:46:56.501#,2171.5,2180.0,2125.0,2369.5,2018.5,20039,27757.0,2140.0,6,2140.5,2,2141.0,1,2141.5,1,2142.0,4,2143.5,4,2144.0,4,2144.5,3,2145.0,3,2145.5,12,2142.5
j2409,DCE,13:46:56.740#,2171.5,2180.0,2125.0,2369.5,2018.5,20039,27757.0,2140.0,6,2140.5,2,2141.0,1,2141.5,1,2142.0,2,2143.0,1,2143.5,4,2144.0,3,2144.5,3,2145.0,3,2142.5
j2409,DCE,13:46:56.836#,2171.5,2180.0,2125.0,2369.5,2018.5,20039,27757.0,2140.0,6,2140.5,2,2141.0,1,2141.5,1,2142.0,2,2143.0,2,2143.5,3,2144.0,3,2144.5,3,2145.0,3,2142.5
j2409,DCE,13:46:57.81#,2171.5,2180.0,2125.0,2369.5,2018.5,20039,27757.0,2139.5,1,2140.0,6,2140.5,2,2141.0,1,2142.0,2,2143.0,3,2143.5,3,2144.0,2,2144.5,3,2145.0,3,2142.5
j2409,DCE,13:46:57.632#,2171.5,2180.0,2125.0,2369.5,2018.5,20039,27757.0,2140.0,6,2140.5,2,2141.0,1,2141.5,1,2142.0,2,2143.0,3,2143.5,3,2144.0,2,2144.5,3,2145.0,3,2142.5
j2409,DCE,13:46:58.95#,2171.5,2180.0,2125.0,2369.5,2018.5,20039,27757.0,2139.5,1,2140.0,6,2140.5,2,2141.0,1,2142.0,2,2143.0,3,2143.5,3,2144.0,2,2144.5,3,2145.0,3,2142.5
j2409,DCE,13:46:59.587#,2171.5,2180.0,2125.0,2369.5,2018.5,20039,27757.0,2140.0,6,2140.5,2,2141.0,1,2141.5,1,2142.0,2,2143.0,3,2143.5,3,2144.0,2,2144.5,3,2145.0,3,2142.5
j2409,DCE,13:46:59.847#,2171.5,2180.0,2125.0,2369.5,2018.5,20039,27757.0,2140.0,6,2140.5,2,2141.0,2,2141.5,1,2142.0,2,2143.0,3,2143.5,3,2144.0,2,2144.5,3,2145.0,3,2142.5
j2409,DCE,13:47:00.158#,2171.5,2180.0,2125.0,2369.5,2018.5,20039,27757.0,2140.5,2,2141.0,2,2141.5,1,2142.0,2,2142.5,1,2143.0,3,2143.5,3,2144.0,2,2144.5,3,2145.0,3,2142.5
j2409,DCE,13:47:00.540#,2171.5,2180.0,2125.0,2369.5,2018.5,20039,27757.0,2140.5,2,2141.0,2,2141.5,1,2142.0,2,2142.5,1,2143.0,1,2143.5,3,2144.0,2,2144.5,3,2145.0,3,2142.5
j2409,DCE,13:47:02.643#,2171.5,2180.0,2125.0,2369.5,2018.5,20039,27757.0,2140.5,2,2141.0,2,2141.5,1,2142.0,2,2142.5,1,2143.0,11,2143.5,3,2144.0,2,2144.5,3,2145.0,3,2142.5
j2409,DCE,13:47:02.964#,2171.5,2180.0,2125.0,2369.5,2018.5,20040,27756.0,2139.5,1,2140.0,6,2140.5,2,2141.0,2,2142.0,2,2143.0,11,2143.5,3,2144.0,1,2144.5,2,2145.0,3,2142.5
j2409,DCE,13:47:03.279#,2171.5,2180.0,2125.0,2369.5,2018.5,20040,27756.0,2139.5,1,2140.0,6,2140.5,2,2141.0,2,2142.0,2,2142.5,2,2143.0,11,2143.5,3,2144.0,1,2144.5,3,2142.5
j2409,DCE,13:47:03.328#,2171.5,2180.0,2125.0,2369.5,2018.5,20040,27756.0,2139.5,1,2140.0,6,2140.5,2,2141.0,2,2142.0,2,2142.5,3,2143.0,10,2143.5,3,2144.0,1,2144.5,3,2142.5
j2409,DCE,13:47:03.887#,2171.5,2180.0,2125.0,2369.5,2018.5,20040,27756.0,2139.5,1,2140.0,6,2140.5,2,2141.0,2,2142.0,3,2142.5,3,2143.0,10,2143.5,3,2144.0,1,2144.5,3,2142.5
j2409,DCE,13:47:04.598#,2171.5,2180.0,2125.0,2369.5,2018.5,20041,27755.0,2139.5,1,2140.0,6,2140.5,2,2141.0,2,2142.0,3,2142.5,2,2143.0,10,2143.5,3,2144.0,1,2144.5,3,2142.5
j2409,DCE,13:47:05.722#,2171.5,2180.0,2125.0,2369.5,2018.5,20041,27755.0,2139.5,1,2140.0,6,2140.5,2,2141.0,2,2142.0,4,2142.5,2,2143.0,10,2143.5,3,2144.0,1,2144.5,3,2142.5
j2409,DCE,13:47:06.86#,2171.5,2180.0,2125.0,2369.5,2018.5,20041,27755.0,2140.0,6,2140.5,2,2141.0,2,2141.5,1,2142.0,4,2142.5,2,2143.0,10,2143.5,3,2144.0,1,2144.5,3,2142.5
j2409,DCE,13:47:07.313#,2171.5,2180.0,2125.0,2369.5,2018.5,20041,27755.0,2140.0,6,2140.5,2,2141.0,2,2141.5,1,2142.0,4,2142.5,2,2143.0,10,2143.5,2,2144.0,1,2144.5,3,2142.5
j2409,DCE,13:47:07.589#,2171.5,2180.0,2125.0,2369.5,2018.5,20041,27755.0,2139.5,1,2140.0,6,2140.5,2,2141.0,2,2142.0,4,2142.5,2,2143.0,10,2143.5,2,2144.0,1,2144.5,3,2142.5
j2409,DCE,13:47:08.251#,2171.5,2180.0,2125.0,2369.5,2018.5,20041,27755.0,2139.5,1,2140.0,6,2140.5,2,2141.0,2,2142.0,4,2142.5,2,2143.0,10,2143.5,1,2144.0,1,2144.5,3,2142.5
j2409,DCE,13:47:08.360#,2171.5,2180.0,2125.0,2369.5,2018.5,20041,27755.0,2139.5,1,2140.0,6,2140.5,2,2141.0,2,2142.0,4,2142.5,2,2143.0,11,2143.5,1,2144.0,1,2144.5,3,2142.5
j2409,DCE,13:47:09.430#,2171.5,2180.0,2125.0,2369.5,2018.5,20042,27755.0,2139.5,1,2140.0,6,2140.5,2,2141.0,2,2142.0,4,2142.5,1,2143.0,11,2143.5,1,2144.0,1,2144.5,3,2142.5
j2409,DCE,13:47:09.783#,2171.5,2180.0,2125.0,2369.5,2018.5,20043,27756.0,2139.5,1,2140.0,6,2140.5,2,2141.0,2,2142.0,3,2142.5,1,2143.0,11,2143.5,1,2144.0,1,2144.5,3,2142.0
j2409,DCE,13:47:09.860#,2171.5,2180.0,2125.0,2369.5,2018.5,20045,27757.0,2139.5,1,2140.0,6,2140.5,2,2141.0,2,2142.0,1,2142.5,1,2143.0,11,2143.5,1,2144.0,1,2144.5,3,2142.0
j2409,DCE,13:47:11.25#,2171.5,2180.0,2125.0,2369.5,2018.5,20046,27758.0,2138.5,2,2139.5,1,2140.0,6,2140.5,2,2141.0,2,2142.0,3,2142.5,1,2143.0,11,2143.5,1,2144.0,1,2142.0
j2409,DCE,13:47:11.189#,2171.5,2180.0,2125.0,2369.5,2018.5,20046,27758.0,2138.0,2,2139.5,1,2140.0,6,2140.5,2,2141.0,2,2142.0,4,2143.0,11,2143.5,1,2144.0,1,2144.5,3,2142.0
j2409,DCE,13:47:12.873#,2171.5,2180.0,2125.0,2369.5,2018.5,20048,27758.0,2136.0,2,2137.0,4,2138.0,2,2139.5,1,2140.0,6,2142.0,4,2143.0,11,2143.5,1,2144.0,1,2144.5,3,2141.0
j2409,DCE,13:47:13.204#,2171.5,2180.0,2125.0,2369.5,2018.5,20048,27758.0,2138.0,2,2138.5,1,2139.5,1,2140.0,7,2140.5,3,2142.0,4,2142.5,3,2143.0,12,2143.5,1,2144.0,1,2141.0
j2409,DCE,13:47:13.514#,2171.5,2180.0,2125.0,2369.5,2018.5,20048,27758.0,2138.0,2,2138.5,1,2139.5,1,2140.0,7,2140.5,3,2142.0,4,2142.5,3,2143.0,11,2143.5,1,2144.0,1,2141.0
j2409,DCE,13:47:14.711#,2171.5,2180.0,2125.0,2369.5,2018.5,20048,27758.0,2138.0,2,2138.5,1,2139.5,1,2140.0,7,2140.5,4,2142.0,4,2142.5,3,2143.0,11,2143.5,1,2144.0,1,2141.0
j2409,DCE,13:47:14.955#,2171.5,2180.0,2125.0,2369.5,2018.5,20048,27758.0,2138.0,2,2138.5,1,2139.5,1,2140.0,7,2140.5,5,2142.0,4,2142.5,3,2143.0,11,2143.5,1,2144.0,1,2141.0
j2409,DCE,13:47:18.57#,2171.5,2180.0,2125.0,2369.5,2018.5,20048,27758.0,2138.0,2,2138.5,2,2139.5,1,2140.0,7,2140.5,5,2142.0,4,2142.5,3,2143.0,11,2143.5,1,2144.0,1,2141.0
j2409,DCE,13:47:18.76#,2171.5,2180.0,2125.0,2369.5,2018.5,20048,27758.0,2138.5,2,2139.0,1,2139.5,1,2140.0,7,2140.5,5,2142.0,4,2142.5,3,2143.0,11,2143.5,1,2144.0,1,2141.0
j2409,DCE,13:47:18.438#,2171.5,2180.0,2125.0,2369.5,2018.5,20048,27758.0,2139.0,1,2139.5,1,2140.0,7,2140.5,5,2141.0,1,2142.0,4,2142.5,2,2143.0,11,2143.5,1,2144.0,1,2141.0
j2409,DCE,13:47:18.584#,2171.5,2180.0,2125.0,2369.5,2018.5,20048,27758.0,2139.5,1,2140.0,7,2140.5,5,2141.0,6,2141.5,1,2142.0,4,2142.5,2,2143.0,11,2143.5,1,2144.0,1,2141.0
j2409,DCE,13:47:18.936#,2171.5,2180.0,2125.0,2369.5,2018.5,20048,27758.0,2139.5,1,2140.0,7,2140.5,5,2141.0,6,2141.5,3,2142.0,4,2142.5,1,2143.0,11,2143.5,1,2144.0,1,2141.0
j2409,DCE,13:47:19.90#,2171.5,2180.0,2125.0,2369.5,2018.5,20052,27760.0,2140.0,7,2140.5,5,2141.0,6,2141.5,3,2142.0,1,2143.0,11,2143.5,1,2144.0,1,2144.5,3,2145.0,3,2142.0
j2409,DCE,13:47:19.414#,2171.5,2180.0,2125.0,2369.5,2018.5,20052,27760.0,2140.0,7,2140.5,5,2141.0,6,2141.5,3,2142.0,3,2143.0,11,2143.5,1,2144.0,1,2144.5,3,2145.0,3,2142.0
j2409,DCE,13:47:19.584#,2171.5,2180.0,2125.0,2369.5,2018.5,20052,27760.0,2140.5,5,2141.0,6,2141.5,3,2142.0,3,2142.5,4,2143.0,11,2143.5,1,2144.0,1,2144.5,3,2145.0,3,2142.0
j2409,DCE,13:47:19.919#,2171.5,2180.0,2125.0,2369.5,2018.5,20053,27761.0,2140.0,7,2140.5,5,2141.0,6,2141.5,3,2142.0,3,2143.0,11,2143.5,1,2144.0,1,2144.5,3,2145.0,3,2142.0
j2409,DCE,13:47:20.210#,2171.5,2180.0,2125.0,2369.5,2018.5,20053,27761.0,2140.0,7,2140.5,5,2141.0,6,2141.5,3,2142.0,4,2143.0,11,2143.5,1,2144.0,1,2144.5,3,2145.0,3,2142.0
j2409,DCE,13:47:20.434#,2171.5,2180.0,2125.0,2369.5,2018.5,20053,27761.0,2140.5,4,2141.0,6,2141.5,3,2142.0,4,2142.5,3,2143.0,11,2143.5,1,2144.0,1,2144.5,3,2145.0,3,2142.0
j2409,DCE,13:47:20.799#,2171.5,2180.0,2125.0,2369.5,2018.5,20053,27761.0,2140.5,4,2141.0,6,2141.5,3,2142.0,3,2142.5,2,2143.0,11,2143.5,1,2144.0,1,2144.5,3,2145.0,3,2142.0
j2409,DCE,13:47:21.32#,2171.5,2180.0,2125.0,2369.5,2018.5,20053,27761.0,2140.5,4,2141.0,6,2141.5,3,2142.0,3,2142.5,1,2143.0,11,2143.5,1,2144.0,1,2144.5,3,2145.0,3,2142.0
j2409,DCE,13:47:22.468#,2171.5,2180.0,2125.0,2369.5,2018.5,20053,27761.0,2140.5,4,2141.0,6,2141.5,3,2142.0,3,2142.5,2,2143.0,11,2143.5,1,2144.0,1,2144.5,3,2145.0,3,2142.0
j2409,DCE,13:47:23.925#,2171.5,2180.0,2125.0,2369.5,2018.5,20054,27761.0,2140.5,4,2141.0,6,2141.5,3,2142.0,3,2142.5,2,2143.0,10,2143.5,1,2144.0,1,2144.5,3,2145.0,3,2143.0
j2409,DCE,13:47:24.274#,2171.5,2180.0,2125.0,2369.5,2018.5,20056,27761.0,2140.5,2,2141.0,6,2141.5,3,2142.0,3,2142.5,4,2143.0,8,2144.0,1,2144.5,3,2145.0,3,2145.5,2,2143.0
j2409,DCE,13:47:24.559#,2171.5,2180.0,2125.0,2369.5,2018.5,20064,27762.0,2141.0,6,2141.5,3,2142.0,2,2142.5,4,2143.0,19,2144.5,1,2145.0,3,2145.5,2,2146.0,10,2146.5,1,2143.0
j2409,DCE,13:47:24.805#,2171.5,2180.0,2125.0,2369.5,2018.5,20065,27762.0,2141.5,4,2142.0,2,2142.5,3,2143.0,10,2143.5,9,2145.0,2,2145.5,2,2146.0,10,2147.0,4,2148.0,16,2144.5
j2409,DCE,13:47:24.973#,2171.5,2180.0,2125.0,2369.5,2018.5,20065,27762.0,2141.5,4,2142.0,2,2142.5,3,2143.0,10,2143.5,5,2145.0,3,2145.5,3,2146.0,10,2147.0,4,2148.0,16,2144.5
j2409,DCE,13:47:25.157#,2171.5,2180.0,2125.0,2369.5,2018.5,20065,27762.0,2141.5,5,2142.0,2,2142.5,3,2143.0,9,2143.5,5,2145.0,3,2145.5,3,2146.0,10,2147.0,4,2148.0,16,2144.5
j2409,DCE,13:47:25.353#,2171.5,2180.0,2125.0,2369.5,2018.5,20065,27762.0,2141.5,5,2142.0,3,2142.5,3,2143.0,9,2143.5,5,2145.0,5,2145.5,3,2146.0,10,2147.0,4,2148.0,16,2144.5
j2409,DCE,13:47:25.724#,2171.5,2180.0,2125.0,2369.5,2018.5,20065,27762.0,2141.5,5,2142.0,3,2142.5,3,2143.0,9,2143.5,5,2145.0,5,2145.5,2,2146.0,10,2147.0,4,2148.0,16,2144.5
j2409,DCE,13:47:27.581#,2171.5,2180.0,2125.0,2369.5,2018.5,20065,27762.0,2141.5,5,2142.0,3,2142.5,3,2143.0,9,2143.5,4,2145.0,5,2145.5,2,2146.0,10,2147.0,4,2148.0,16,2144.5
j2409,DCE,13:47:27.832#,2171.5,2180.0,2125.0,2369.5,2018.5,20065,27762.0,2141.5,4,2142.0,3,2142.5,3,2143.0,8,2143.5,4,2145.0,5,2145.5,2,2146.0,10,2147.0,4,2148.0,16,2144.5
j2409,DCE,13:47:29.479#,2171.5,2180.0,2125.0,2369.5,2018.5,20066,27763.0,2141.5,4,2142.0,3,2142.5,3,2143.0,8,2143.5,3,2145.0,5,2145.5,2,2146.0,10,2147.0,4,2148.0,16,2143.5
j2409,DCE,13:47:29.743#,2171.5,2180.0,2125.0,2369.5,2018.5,20067,27762.0,2142.0,3,2142.5,3,2143.0,8,2143.5,3,2144.0,1,2145.0,4,2145.5,2,2146.0,10,2147.0,4,2148.0,16,2145.0
j2409,DCE,13:47:29.956#,2171.5,2180.0,2125.0,2369.5,2018.5,20067,27762.0,2142.0,3,2142.5,4,2143.0,8,2143.5,3,2144.0,1,2145.0,4,2145.5,2,2146.0,10,2147.0,4,2148.0,16,2145.0
j2409,DCE,13:47:30.167#,2171.5,2180.0,2125.0,2369.5,2018.5,20067,27762.0,2142.5,4,2143.0,8,2143.5,2,2144.0,1,2144.5,1,2145.0,4,2145.5,2,2146.0,10,2147.0,4,2148.0,16,2145.0
j2409,DCE,13:47:31.848#,2171.5,2180.0,2125.0,2369.5,2018.5,20067,27762.0,2142.5,4,2143.0,8,2143.5,2,2144.0,1,2144.5,1,2145.0,4,2145.5,2,2146.0,9,2147.0,4,2148.0,16,2145.0
j2409,DCE,13:47:32.265#,2171.5,2180.0,2125.0,2369.5,2018.5,20068,27761.0,2142.0,3,2142.5,4,2143.0,9,2143.5,2,2144.0,1,2144.5,14,2145.0,4,2145.5,2,2146.0,9,2147.0,4,2144.5
j2409,DCE,13:47:32.510#,2171.5,2180.0,2125.0,2369.5,2018.5,20068,27761.0,2142.0,3,2142.5,4,2143.0,9,2143.5,2,2144.0,1,2144.5,14,2145.0,3,2145.5,2,2146.0,9,2147.0,4,2144.5
j2409,DCE,13:47:32.837#,2171.5,2180.0,2125.0,2369.5,2018.5,20068,27761.0,2141.5,3,2142.0,3,2142.5,4,2143.0,9,2143.5,1,2144.5,14,2145.0,3,2145.5,2,2146.0,9,2147.0,4,2144.5
j2409,DCE,13:47:34.3#,2171.5,2180.0,2125.0,2369.5,2018.5,20068,27761.0,2141.5,3,2142.0,3,2142.5,4,2143.0,9,2143.5,2,2144.5,14,2145.0,3,2145.5,2,2146.0,9,2147.0,4,2144.5
j2409,DCE,13:47:34.135#,2171.5,2180.0,2125.0,2369.5,2018.5,20068,27761.0,2141.5,2,2142.0,3,2142.5,4,2143.0,9,2143.5,2,2144.5,14,2145.0,3,2145.5,2,2146.0,9,2147.0,4,2144.5
j2409,DCE,13:47:35.415#,2171.5,2180.0,2125.0,2369.5,2018.5,20068,27761.0,2141.0,5,2141.5,2,2142.0,3,2142.5,4,2143.0,8,2144.5,14,2145.0,3,2145.5,2,2146.0,9,2147.0,4,2144.5
j2409,DCE,13:47:35.606#,2171.5,2180.0,2125.0,2369.5,2018.5,20068,27761.0,2141.0,5,2141.5,2,2142.0,3,2142.5,4,2143.0,4,2144.0,1,2144.5,14,2145.0,3,2145.5,2,2146.0,9,2144.5
j2409,DCE,13:47:35.830#,2171.5,2180.0,2125.0,2369.5,2018.5,20068,27761.0,2141.0,5,2141.5,2,2142.0,3,2142.5,4,2143.0,3,2144.5,14,2145.0,3,2145.5,2,2146.0,9,2147.0,4,2144.5
j2409,DCE,13:47:36.229#,2171.5,2180.0,2125.0,2369.5,2018.5,20068,27761.0,2141.0,5,2141.5,2,2142.0,3,2142.5,4,2143.0,3,2144.0,4,2144.5,14,2145.0,3,2145.5,2,2146.0,9,2144.5
j2409,DCE,13:47:36.448#,2171.5,2180.0,2125.0,2369.5,2018.5,20068,27761.0,2141.0,5,2141.5,2,2142.0,3,2142.5,4,2143.0,3,2144.0,3,2144.5,14,2145.0,3,2145.5,2,2146.0,9,2144.5
