InstrumentId,ExchangeId,Datetime,OpenPrice,HighestPrice,LowestPrice,UpperLimitPrice,LowerLimitPrice,Volume,OpenInterest,BidPrice5,BidVolume5,BidPrice4,BidVolume4,BidPrice3,BidVolume3,BidPrice2,BidVolume2,BidPrice1,BidVolume1,AskPrice1,AskVolume1,AskPrice2,AskVolume2,AskPrice3,AskVolume3,AskPrice4,AskVolume4,AskPrice5,AskVolume5,LastPrice
j2501,DCE,13:38:34.554#,2266.0,2266.0,2209.5,2461.0,2097.0,1820,5148.0,2228.0,2,2228.5,1,2229.0,2,2229.5,1,2230.0,1,2233.0,2,2233.5,2,2234.0,1,2234.5,1,2235.0,2,2230.5
j2501,DCE,13:38:38.358#,2266.0,2266.0,2209.5,2461.0,2097.0,1820,5148.0,2228.0,2,2228.5,1,2229.0,2,2229.5,1,2230.0,2,2233.0,2,2233.5,2,2234.0,1,2234.5,1,2235.0,2,2230.5
j2501,DCE,13:38:38.819#,2266.0,2266.0,2209.5,2461.0,2097.0,1820,5148.0,2228.0,2,2228.5,1,2229.0,2,2229.5,1,2230.0,2,2233.0,1,2233.5,2,2234.0,1,2234.5,1,2235.0,1,2230.5
j2501,DCE,13:38:39.40#,2266.0,2266.0,2209.5,2461.0,2097.0,1820,5148.0,2228.0,2,2228.5,1,2229.0,2,2229.5,1,2230.0,2,2232.5,1,2233.0,1,2233.5,2,2234.0,2,2234.5,1,2230.5
j2501,DCE,13:38:39.335#,2266.0,2266.0,2209.5,2461.0,2097.0,1820,5148.0,2228.0,2,2228.5,1,2229.0,2,2229.5,1,2230.0,2,2232.5,1,2233.5,2,2234.0,2,2234.5,1,2235.0,1,2230.5
j2501,DCE,13:38:40.787#,2266.0,2266.0,2209.5,2461.0,2097.0,1820,5148.0,2228.0,2,2228.5,1,2229.0,2,2229.5,1,2230.0,1,2232.5,1,2233.5,2,2234.0,2,2234.5,1,2235.0,1,2230.5
j2501,DCE,13:38:48.509#,2266.0,2266.0,2209.5,2461.0,2097.0,1830,5147.0,2228.0,2,2228.5,1,2229.0,2,2229.5,1,2230.0,1,2236.0,7,2237.0,1,2239.5,1,2240.0,2,2240.5,1,2234.5
j2501,DCE,13:38:48.578#,2266.0,2266.0,2209.5,2461.0,2097.0,1830,5147.0,2229.5,1,2230.0,1,2230.5,1,2231.5,1,2232.5,1,2236.0,7,2237.0,1,2239.5,1,2240.0,2,2240.5,1,2234.5
j2501,DCE,13:38:49.507#,2266.0,2266.0,2209.5,2461.0,2097.0,1830,5147.0,2229.5,1,2230.0,1,2230.5,1,2232.0,1,2232.5,1,2236.0,7,2237.0,1,2239.5,1,2240.0,2,2240.5,1,2234.5
j2501,DCE,13:38:49.671#,2266.0,2266.0,2209.5,2461.0,2097.0,1830,5147.0,2229.5,1,2230.0,1,2230.5,1,2232.0,2,2232.5,1,2236.0,7,2237.0,1,2239.5,1,2240.0,2,2240.5,1,2234.5
j2501,DCE,13:38:50.22#,2266.0,2266.0,2209.5,2461.0,2097.0,1830,5147.0,2229.5,1,2230.0,1,2230.5,1,2232.0,4,2232.5,1,2236.0,7,2237.0,1,2239.5,1,2240.0,2,2240.5,1,2234.5
j2501,DCE,13:38:53.425#,2266.0,2266.0,2209.5,2461.0,2097.0,1830,5147.0,2229.5,1,2230.0,1,2230.5,1,2232.0,3,2232.5,1,2236.0,7,2237.0,1,2239.5,1,2240.0,2,2240.5,1,2234.5
j2501,DCE,13:38:58.47#,2266.0,2266.0,2209.5,2461.0,2097.0,1831,5148.0,2228.5,1,2229.0,1,2229.5,1,2230.0,1,2230.5,1,2236.0,7,2237.0,1,2239.5,1,2240.0,2,2240.5,1,2232.5
j2501,DCE,13:38:58.77#,2266.0,2266.0,2209.5,2461.0,2097.0,1831,5148.0,2229.0,1,2229.5,1,2230.0,1,2230.5,2,2231.0,1,2236.0,8,2237.0,1,2239.5,1,2240.0,2,2240.5,1,2232.5
j2501,DCE,13:39:10.832#,2266.0,2266.0,2209.5,2461.0,2097.0,1831,5148.0,2228.5,1,2229.0,1,2229.5,1,2230.0,1,2230.5,2,2236.0,8,2237.0,1,2239.5,1,2240.0,2,2240.5,1,2232.5
j2501,DCE,13:39:20.888#,2266.0,2266.0,2209.5,2461.0,2097.0,1831,5148.0,2229.5,1,2230.0,1,2230.5,2,2231.5,1,2234.5,5,2236.0,8,2237.0,1,2239.5,1,2240.0,2,2240.5,1,2232.5
j2501,DCE,13:39:21.194#,2266.0,2266.0,2209.5,2461.0,2097.0,1836,5148.0,2228.5,1,2229.0,1,2229.5,1,2230.0,1,2230.5,2,2236.0,8,2237.0,1,2239.5,1,2240.0,2,2240.5,1,2234.5
j2501,DCE,13:39:22.331#,2266.0,2266.0,2209.5,2461.0,2097.0,1836,5148.0,2228.5,1,2229.0,1,2229.5,1,2230.0,1,2230.5,1,2236.0,8,2237.0,1,2239.5,1,2240.0,2,2240.5,1,2234.5
j2501,DCE,13:39:22.629#,2266.0,2266.0,2209.5,2461.0,2097.0,1836,5148.0,2228.5,1,2229.0,1,2229.5,2,2230.0,1,2230.5,1,2236.0,8,2237.0,1,2239.5,1,2240.0,2,2240.5,1,2234.5
j2501,DCE,13:39:26.840#,2266.0,2266.0,2209.5,2461.0,2097.0,1836,5148.0,2229.0,1,2229.5,2,2230.0,1,2230.5,1,2231.0,1,2236.0,8,2237.0,1,2239.5,1,2240.0,2,2240.5,1,2234.5
j2501,DCE,13:39:27.123#,2266.0,2266.0,2209.5,2461.0,2097.0,1836,5148.0,2228.5,1,2229.0,1,2229.5,1,2230.0,1,2230.5,1,2236.0,8,2237.0,1,2239.5,1,2240.0,2,2240.5,1,2234.5
j2501,DCE,13:39:27.468#,2266.0,2266.0,2209.5,2461.0,2097.0,1836,5148.0,2230.0,1,2230.5,2,2231.0,3,2232.5,1,2233.5,5,2236.0,8,2237.0,1,2239.5,1,2240.0,2,2240.5,1,2234.5
j2501,DCE,13:39:27.586#,2266.0,2266.0,2209.5,2461.0,2097.0,1836,5148.0,2230.0,1,2230.5,2,2231.0,3,2233.0,2,2233.5,5,2236.0,8,2237.0,1,2239.5,1,2240.0,2,2240.5,1,2234.5
j2501,DCE,13:39:27.831#,2266.0,2266.0,2209.5,2461.0,2097.0,1836,5148.0,2230.0,1,2230.5,2,2231.0,3,2233.0,4,2233.5,5,2236.0,8,2237.0,1,2239.5,1,2240.0,2,2240.5,1,2234.5
j2501,DCE,13:39:28.86#,2266.0,2266.0,2209.5,2461.0,2097.0,1836,5148.0,2230.0,1,2230.5,2,2231.0,3,2233.0,2,2233.5,5,2236.0,8,2237.0,1,2239.5,1,2240.0,2,2240.5,1,2234.5
j2501,DCE,13:39:28.340#,2266.0,2266.0,2209.5,2461.0,2097.0,1836,5148.0,2230.0,1,2230.5,2,2231.0,3,2232.5,6,2233.5,5,2236.0,7,2237.0,1,2239.5,1,2240.0,2,2240.5,1,2234.5
j2501,DCE,13:39:28.807#,2266.0,2266.0,2209.5,2461.0,2097.0,1836,5148.0,2230.0,2,2230.5,2,2231.0,3,2233.0,1,2233.5,5,2236.0,7,2236.5,1,2237.0,1,2239.5,1,2240.0,2,2234.5
j2501,DCE,13:39:29.577#,2266.0,2266.0,2209.5,2461.0,2097.0,1837,5148.0,2230.0,2,2230.5,2,2231.0,3,2233.0,1,2233.5,4,2236.0,7,2236.5,1,2237.0,1,2239.5,1,2240.0,2,2233.5
j2501,DCE,13:39:29.835#,2266.0,2266.0,2209.5,2461.0,2097.0,1837,5148.0,2230.0,2,2230.5,1,2231.0,3,2233.0,1,2233.5,4,2236.0,7,2236.5,1,2237.0,1,2239.5,1,2240.0,2,2233.5
j2501,DCE,13:39:30.296#,2266.0,2266.0,2209.5,2461.0,2097.0,1837,5148.0,2230.5,1,2231.0,3,2231.5,1,2233.0,1,2233.5,4,2236.0,7,2236.5,1,2237.0,1,2239.5,1,2240.0,2,2233.5
j2501,DCE,13:39:32.658#,2266.0,2266.0,2209.5,2461.0,2097.0,1837,5148.0,2230.5,1,2231.0,3,2231.5,1,2233.0,1,2233.5,4,2236.0,6,2236.5,1,2237.0,1,2239.5,1,2240.0,2,2233.5
j2501,DCE,13:39:35.619#,2266.0,2266.0,2209.5,2461.0,2097.0,1837,5148.0,2230.5,1,2231.0,3,2231.5,1,2232.5,1,2233.5,4,2236.0,6,2236.5,1,2237.0,1,2239.5,1,2240.0,2,2233.5
j2501,DCE,13:39:36.33#,2266.0,2266.0,2209.5,2461.0,2097.0,1837,5148.0,2230.5,1,2231.0,3,2231.5,1,2232.5,2,2233.5,4,2236.0,6,2236.5,1,2237.0,1,2239.5,1,2240.0,2,2233.5
j2501,DCE,13:39:36.252#,2266.0,2266.0,2209.5,2461.0,2097.0,1837,5148.0,2230.5,1,2231.0,3,2231.5,1,2232.5,3,2233.5,4,2236.0,6,2236.5,1,2237.0,1,2239.5,1,2240.0,2,2233.5
j2501,DCE,13:39:36.605#,2266.0,2266.0,2209.5,2461.0,2097.0,1837,5148.0,2230.5,1,2231.0,3,2231.5,1,2232.5,2,2233.5,4,2236.0,6,2236.5,1,2237.0,1,2239.5,1,2240.0,2,2233.5
j2501,DCE,13:39:39.577#,2266.0,2266.0,2209.5,2461.0,2097.0,1837,5148.0,2230.5,1,2231.0,3,2231.5,1,2232.5,3,2233.5,4,2236.0,6,2236.5,1,2237.0,1,2239.5,1,2240.0,2,2233.5
j2501,DCE,13:39:41.45#,2266.0,2266.0,2209.5,2461.0,2097.0,1837,5148.0,2230.5,1,2231.0,3,2231.5,1,2232.5,2,2233.5,4,2236.0,6,2236.5,1,2237.0,1,2239.5,1,2240.0,2,2233.5
j2501,DCE,13:39:41.83#,2266.0,2266.0,2209.5,2461.0,2097.0,1837,5148.0,2230.5,1,2231.0,3,2231.5,1,2232.5,1,2233.5,4,2236.0,6,2236.5,1,2237.0,1,2239.5,1,2240.0,2,2233.5
j2501,DCE,13:39:45.229#,2266.0,2266.0,2209.5,2461.0,2097.0,1837,5148.0,2230.5,1,2231.0,3,2231.5,1,2232.5,2,2233.5,4,2236.0,6,2236.5,1,2237.0,1,2239.5,1,2240.0,2,2233.5
j2501,DCE,13:39:55.846#,2266.0,2266.0,2209.5,2461.0,2097.0,1837,5148.0,2230.5,1,2231.0,3,2231.5,1,2233.0,2,2233.5,4,2236.0,6,2236.5,1,2237.0,1,2239.5,1,2240.0,2,2233.5
j2501,DCE,13:39:58.882#,2266.0,2266.0,2209.5,2461.0,2097.0,1837,5148.0,2230.5,1,2231.0,3,2231.5,1,2233.0,1,2233.5,4,2236.0,6,2236.5,1,2237.0,1,2239.5,1,2240.0,2,2233.5
j2501,DCE,13:40:00.899#,2266.0,2266.0,2209.5,2461.0,2097.0,1838,5148.0,2230.5,1,2231.0,3,2231.5,1,2233.0,1,2233.5,3,2236.0,6,2236.5,1,2237.0,1,2239.5,1,2240.0,2,2233.5
j2501,DCE,13:40:03.990#,2266.0,2266.0,2209.5,2461.0,2097.0,1838,5148.0,2230.5,1,2231.0,3,2231.5,1,2232.5,2,2233.5,3,2236.0,6,2236.5,1,2237.0,1,2239.5,1,2240.0,2,2233.5
j2501,DCE,13:40:04.87#,2266.0,2266.0,2209.5,2461.0,2097.0,1838,5148.0,2230.5,1,2231.0,3,2231.5,1,2232.5,3,2233.5,3,2236.0,6,2236.5,1,2237.0,1,2239.5,1,2240.0,2,2233.5
j2501,DCE,13:40:04.654#,2266.0,2266.0,2209.5,2461.0,2097.0,1838,5148.0,2230.5,1,2231.0,3,2231.5,1,2232.5,2,2233.5,3,2236.0,6,2236.5,1,2237.0,1,2239.5,1,2240.0,2,2233.5
j2501,DCE,13:40:06.131#,2266.0,2266.0,2209.5,2461.0,2097.0,1838,5148.0,2230.5,1,2231.0,3,2231.5,1,2232.5,1,2233.5,3,2236.0,6,2236.5,1,2237.0,1,2239.5,1,2240.0,2,2233.5
j2501,DCE,13:40:14.733#,2266.0,2266.0,2209.5,2461.0,2097.0,1838,5148.0,2230.5,1,2231.0,3,2231.5,1,2232.0,5,2233.5,3,2236.0,6,2236.5,1,2237.0,1,2239.5,1,2240.0,2,2233.5
j2501,DCE,13:40:14.827#,2266.0,2266.0,2209.5,2461.0,2097.0,1838,5148.0,2230.5,1,2231.0,3,2231.5,1,2232.0,1,2233.5,3,2236.0,6,2236.5,1,2237.0,1,2239.5,1,2240.0,2,2233.5
j2501,DCE,13:40:15.186#,2266.0,2266.0,2209.5,2461.0,2097.0,1838,5148.0,2230.5,1,2231.0,3,2231.5,1,2232.0,2,2233.5,3,2236.0,6,2236.5,1,2237.0,1,2239.5,1,2240.0,2,2233.5
j2501,DCE,13:40:15.830#,2266.0,2266.0,2209.5,2461.0,2097.0,1838,5148.0,2230.5,1,2231.0,3,2231.5,1,2232.0,2,2233.5,3,2236.0,6,2236.5,1,2237.0,1,2239.5,1,2240.0,7,2233.5
j2501,DCE,13:40:16.92#,2266.0,2266.0,2209.5,2461.0,2097.0,1838,5148.0,2230.5,1,2231.0,3,2231.5,1,2232.0,3,2233.5,3,2236.0,6,2236.5,1,2237.0,1,2239.5,1,2240.0,7,2233.5
j2501,DCE,13:40:17.977#,2266.0,2266.0,2209.5,2461.0,2097.0,1838,5148.0,2230.5,1,2231.0,3,2231.5,1,2232.0,4,2233.5,3,2236.0,6,2236.5,1,2237.0,1,2239.5,1,2240.0,7,2233.5
j2501,DCE,13:40:19.343#,2266.0,2266.0,2209.5,2461.0,2097.0,1838,5148.0,2230.5,1,2231.0,3,2231.5,1,2232.0,6,2233.5,3,2236.0,6,2236.5,1,2237.0,1,2239.5,1,2240.0,7,2233.5
j2501,DCE,13:40:19.840#,2266.0,2266.0,2209.5,2461.0,2097.0,1838,5148.0,2230.5,1,2231.0,3,2231.5,1,2232.5,6,2233.5,3,2236.0,6,2236.5,1,2237.0,1,2239.5,1,2240.0,7,2233.5
j2501,DCE,13:40:20.318#,2266.0,2266.0,2209.5,2461.0,2097.0,1838,5148.0,2230.5,1,2231.0,3,2231.5,1,2233.0,5,2233.5,3,2236.0,6,2236.5,1,2237.0,1,2239.5,1,2240.0,7,2233.5
j2501,DCE,13:40:20.538#,2266.0,2266.0,2209.5,2461.0,2097.0,1838,5148.0,2230.5,1,2231.0,3,2231.5,1,2233.0,2,2233.5,3,2236.0,9,2236.5,1,2237.0,1,2239.5,1,2240.0,7,2233.5
j2501,DCE,13:40:20.756#,2266.0,2266.0,2209.5,2461.0,2097.0,1838,5148.0,2230.5,1,2231.0,3,2231.5,1,2233.0,3,2233.5,3,2236.0,9,2237.0,1,2239.5,1,2240.0,7,2240.5,1,2233.5
j2501,DCE,13:40:21.91#,2266.0,2266.0,2209.5,2461.0,2097.0,1838,5148.0,2230.0,2,2230.5,1,2231.0,3,2231.5,1,2233.5,4,2236.0,9,2237.0,1,2239.5,1,2240.0,7,2240.5,1,2233.5
j2501,DCE,13:40:21.339#,2266.0,2266.0,2209.5,2461.0,2097.0,1838,5148.0,2230.0,2,2230.5,1,2231.0,3,2231.5,1,2233.5,4,2236.0,9,2237.0,1,2237.5,1,2239.5,1,2240.0,7,2233.5
j2501,DCE,13:40:27.165#,2266.0,2266.0,2209.5,2461.0,2097.0,1838,5148.0,2230.5,1,2231.0,3,2231.5,1,2233.0,1,2233.5,3,2236.0,9,2237.0,1,2237.5,1,2239.5,1,2240.0,7,2233.5
j2501,DCE,13:40:27.446#,2266.0,2266.0,2209.5,2461.0,2097.0,1838,5148.0,2230.0,2,2230.5,1,2231.0,3,2231.5,1,2233.5,4,2236.0,9,2237.0,1,2237.5,1,2239.5,1,2240.0,7,2233.5
j2501,DCE,13:40:27.591#,2266.0,2266.0,2209.5,2461.0,2097.0,1838,5148.0,2230.0,2,2230.5,1,2231.0,3,2231.5,1,2233.5,5,2236.0,9,2237.0,1,2237.5,1,2239.5,1,2240.0,7,2233.5
j2501,DCE,13:40:32.217#,2266.0,2266.0,2209.5,2461.0,2097.0,1839,5148.0,2230.0,2,2230.5,1,2231.0,3,2231.5,1,2233.5,3,2236.0,9,2237.0,1,2237.5,1,2239.5,1,2240.0,7,2233.5
j2501,DCE,13:40:32.579#,2266.0,2266.0,2209.5,2461.0,2097.0,1839,5148.0,2230.5,1,2231.0,3,2231.5,1,2233.0,6,2233.5,2,2236.0,9,2237.0,1,2237.5,1,2239.5,1,2240.0,7,2233.5
j2501,DCE,13:40:33.338#,2266.0,2266.0,2209.5,2461.0,2097.0,1839,5148.0,2230.5,1,2231.0,3,2231.5,1,2233.0,5,2233.5,2,2236.0,9,2237.0,1,2237.5,1,2239.5,1,2240.0,7,2233.5
j2501,DCE,13:40:33.574#,2266.0,2266.0,2209.5,2461.0,2097.0,1839,5148.0,2230.5,1,2231.0,3,2231.5,1,2233.0,4,2233.5,2,2236.0,9,2237.0,1,2237.5,1,2239.5,1,2240.0,7,2233.5
j2501,DCE,13:40:33.829#,2266.0,2266.0,2209.5,2461.0,2097.0,1839,5148.0,2230.5,1,2231.0,3,2231.5,1,2233.0,3,2233.5,2,2236.0,9,2237.0,1,2237.5,1,2239.5,1,2240.0,7,2233.5
j2501,DCE,13:40:34.330#,2266.0,2266.0,2209.5,2461.0,2097.0,1839,5148.0,2230.5,1,2231.0,3,2231.5,1,2233.0,2,2233.5,2,2236.0,9,2237.0,1,2237.5,1,2239.5,1,2240.0,7,2233.5
j2501,DCE,13:40:34.579#,2266.0,2266.0,2209.5,2461.0,2097.0,1839,5148.0,2230.5,1,2231.0,3,2231.5,1,2233.0,1,2233.5,2,2236.0,9,2237.0,1,2237.5,1,2239.5,1,2240.0,7,2233.5
j2501,DCE,13:40:35.576#,2266.0,2266.0,2209.5,2461.0,2097.0,1839,5148.0,2230.5,1,2231.0,3,2231.5,1,2233.0,2,2233.5,2,2236.0,9,2237.0,1,2237.5,1,2239.5,1,2240.0,7,2233.5
j2501,DCE,13:40:41.976#,2266.0,2266.0,2209.5,2461.0,2097.0,1839,5148.0,2230.5,1,2231.0,3,2231.5,1,2233.0,1,2233.5,2,2236.0,9,2237.0,1,2237.5,1,2239.5,1,2240.0,7,2233.5
j2501,DCE,13:40:43.464#,2266.0,2266.0,2209.5,2461.0,2097.0,1839,5148.0,2230.5,1,2231.0,3,2231.5,1,2232.5,6,2233.5,2,2236.0,9,2237.0,1,2237.5,1,2239.5,1,2240.0,7,2233.5
j2501,DCE,13:40:43.575#,2266.0,2266.0,2209.5,2461.0,2097.0,1839,5148.0,2230.5,1,2231.0,3,2231.5,1,2233.0,1,2233.5,2,2236.0,9,2237.0,1,2237.5,1,2239.5,1,2240.0,7,2233.5
j2501,DCE,13:40:45.922#,2266.0,2266.0,2209.5,2461.0,2097.0,1839,5148.0,2230.5,1,2231.0,3,2231.5,1,2233.0,2,2233.5,2,2236.0,9,2237.0,1,2237.5,1,2239.5,1,2240.0,7,2233.5
j2501,DCE,13:40:46.237#,2266.0,2266.0,2209.5,2461.0,2097.0,1839,5148.0,2230.0,2,2230.5,1,2231.0,3,2231.5,1,2233.5,3,2236.0,9,2237.0,1,2237.5,1,2239.5,1,2240.0,7,2233.5
j2501,DCE,13:40:46.329#,2266.0,2266.0,2209.5,2461.0,2097.0,1839,5148.0,2230.5,1,2231.0,3,2231.5,1,2233.0,1,2233.5,2,2236.0,9,2237.0,1,2237.5,1,2239.5,1,2240.0,7,2233.5
j2501,DCE,13:40:46.579#,2266.0,2266.0,2209.5,2461.0,2097.0,1839,5148.0,2230.0,2,2230.5,1,2231.0,3,2231.5,1,2233.5,4,2236.0,9,2237.0,1,2237.5,1,2239.5,1,2240.0,7,2233.5
j2501,DCE,13:40:46.830#,2266.0,2266.0,2209.5,2461.0,2097.0,1839,5148.0,2230.0,2,2230.5,1,2231.0,3,2231.5,1,2233.5,3,2236.0,9,2237.0,1,2237.5,1,2239.5,1,2240.0,7,2233.5
j2501,DCE,13:40:47.90#,2266.0,2266.0,2209.5,2461.0,2097.0,1839,5148.0,2230.0,2,2230.5,1,2231.0,3,2231.5,1,2233.5,6,2236.0,9,2237.0,1,2237.5,1,2239.5,1,2240.0,7,2233.5
j2501,DCE,13:40:49.844#,2266.0,2266.0,2209.5,2461.0,2097.0,1839,5148.0,2230.0,2,2230.5,1,2231.0,3,2231.5,1,2233.5,5,2236.0,9,2237.0,1,2237.5,1,2239.5,1,2240.0,7,2233.5
j2501,DCE,13:40:50.496#,2266.0,2266.0,2209.5,2461.0,2097.0,1839,5148.0,2230.5,1,2231.0,3,2231.5,1,2233.0,6,2233.5,2,2236.0,6,2237.0,1,2237.5,1,2239.5,1,2240.0,7,2233.5
j2501,DCE,13:40:50.931#,2266.0,2266.0,2209.5,2461.0,2097.0,1839,5148.0,2230.0,2,2230.5,1,2231.0,3,2231.5,1,2233.5,3,2236.0,9,2237.0,1,2237.5,1,2239.5,1,2240.0,7,2233.5
j2501,DCE,13:40:51.75#,2266.0,2266.0,2209.5,2461.0,2097.0,1839,5148.0,2230.5,1,2231.0,3,2231.5,1,2233.0,6,2233.5,2,2236.0,9,2237.0,1,2237.5,1,2239.5,1,2240.0,7,2233.5
j2501,DCE,13:40:57.943#,2266.0,2266.0,2209.5,2461.0,2097.0,1839,5148.0,2230.0,2,2230.5,1,2231.0,3,2231.5,1,2233.5,3,2236.0,10,2237.0,1,2237.5,1,2239.5,1,2240.0,7,2233.5
j2501,DCE,13:40:58.974#,2266.0,2266.0,2209.5,2461.0,2097.0,1839,5148.0,2230.0,2,2230.5,1,2231.0,3,2231.5,1,2233.5,6,2236.0,10,2237.0,1,2237.5,1,2239.5,1,2240.0,7,2233.5
j2501,DCE,13:40:59.275#,2266.0,2266.0,2209.5,2461.0,2097.0,1839,5148.0,2230.0,2,2230.5,1,2231.0,3,2231.5,1,2233.5,6,2236.0,9,2237.0,1,2237.5,1,2239.5,1,2240.0,7,2233.5
j2501,DCE,13:41:00.74#,2266.0,2266.0,2209.5,2461.0,2097.0,1839,5148.0,2230.0,2,2230.5,1,2231.0,3,2231.5,1,2233.5,5,2236.0,9,2237.0,1,2237.5,1,2239.5,1,2240.0,7,2233.5
j2501,DCE,13:41:00.818#,2266.0,2266.0,2209.5,2461.0,2097.0,1839,5148.0,2230.0,2,2230.5,1,2231.0,3,2231.5,1,2233.5,3,2236.0,9,2237.0,1,2237.5,1,2239.5,1,2240.0,7,2233.5
j2501,DCE,13:41:00.835#,2266.0,2266.0,2209.5,2461.0,2097.0,1839,5148.0,2230.5,1,2231.0,3,2231.5,1,2233.0,6,2233.5,2,2236.0,9,2237.0,1,2237.5,1,2239.5,1,2240.0,7,2233.5
j2501,DCE,13:41:01.84#,2266.0,2266.0,2209.5,2461.0,2097.0,1839,5148.0,2230.5,1,2231.0,3,2231.5,1,2233.0,3,2233.5,2,2236.0,9,2237.0,1,2237.5,1,2239.5,1,2240.0,7,2233.5
j2501,DCE,13:41:01.334#,2266.0,2266.0,2209.5,2461.0,2097.0,1839,5148.0,2230.5,1,2231.0,3,2231.5,1,2233.0,2,2233.5,2,2236.0,9,2237.0,1,2237.5,1,2239.5,1,2240.0,7,2233.5
j2501,DCE,13:41:02.446#,2266.0,2266.0,2209.5,2461.0,2097.0,1839,5148.0,2230.0,2,2230.5,1,2231.0,3,2231.5,1,2233.5,2,2236.0,6,2236.5,6,2237.0,1,2237.5,1,2239.5,1,2233.5
j2501,DCE,13:41:02.658#,2266.0,2266.0,2209.5,2461.0,2097.0,1839,5148.0,2229.5,1,2230.0,2,2230.5,1,2231.0,3,2233.5,2,2236.0,6,2236.5,6,2237.0,1,2237.5,1,2239.5,1,2233.5
j2501,DCE,13:41:03.659#,2266.0,2266.0,2209.5,2461.0,2097.0,1840,5149.0,2229.5,1,2230.0,2,2230.5,1,2231.0,3,2233.5,2,2236.0,6,2236.5,7,2237.0,1,2237.5,1,2239.5,1,2233.5
j2501,DCE,13:41:03.830#,2266.0,2266.0,2209.5,2461.0,2097.0,1840,5149.0,2230.0,2,2230.5,1,2231.0,3,2232.5,1,2233.5,2,2236.0,6,2236.5,7,2237.0,1,2237.5,1,2239.5,1,2233.5
j2501,DCE,13:41:05.682#,2266.0,2266.0,2209.5,2461.0,2097.0,1840,5149.0,2230.0,2,2230.5,1,2231.0,3,2232.5,1,2233.5,2,2236.0,7,2237.0,1,2237.5,1,2239.5,1,2240.0,7,2233.5
j2501,DCE,13:41:17.223#,2266.0,2266.0,2209.5,2461.0,2097.0,1840,5149.0,2230.0,2,2230.5,1,2231.0,3,2232.5,1,2233.5,2,2236.0,6,2237.0,2,2237.5,1,2239.5,1,2240.0,7,2233.5
j2501,DCE,13:41:17.472#,2266.0,2266.0,2209.5,2461.0,2097.0,1840,5149.0,2230.5,1,2231.0,3,2232.5,1,2233.5,2,2234.0,6,2236.0,6,2236.5,1,2237.0,1,2239.5,1,2240.0,7,2233.5
j2501,DCE,13:41:17.579#,2266.0,2266.0,2209.5,2461.0,2097.0,1840,5149.0,2230.0,2,2230.5,1,2231.0,3,2232.5,1,2233.5,2,2236.0,6,2236.5,1,2237.0,1,2238.5,1,2239.5,1,2233.5
j2501,DCE,13:41:25.284#,2266.0,2266.0,2209.5,2461.0,2097.0,1840,5149.0,2230.0,2,2230.5,1,2231.0,3,2232.5,1,2233.5,2,2236.0,7,2237.0,1,2238.5,1,2239.5,1,2240.0,7,2233.5
j2501,DCE,13:41:26.425#,2266.0,2266.0,2209.5,2461.0,2097.0,1840,5149.0,2230.0,2,2230.5,1,2231.0,3,2232.5,1,2233.5,2,2236.0,6,2236.5,1,2237.0,1,2238.5,1,2239.5,1,2233.5
j2501,DCE,13:41:31.416#,2266.0,2266.0,2209.5,2461.0,2097.0,1840,5149.0,2229.5,1,2230.0,2,2230.5,1,2231.0,3,2232.5,1,2236.0,6,2236.5,1,2237.0,1,2238.5,1,2239.5,1,2233.5
j2501,DCE,13:41:31.603#,2266.0,2266.0,2209.5,2461.0,2097.0,1840,5149.0,2231.0,3,2232.5,1,2233.0,1,2234.0,5,2234.5,2,2236.0,6,2236.5,1,2237.0,1,2238.5,1,2239.5,1,2233.5
j2501,DCE,13:41:35.37#,2266.0,2266.0,2209.5,2461.0,2097.0,1841,5149.0,2231.0,3,2232.5,1,2233.0,1,2234.0,5,2234.5,1,2236.0,6,2236.5,1,2237.0,1,2238.5,1,2239.5,1,2234.5
j2501,DCE,13:41:56.516#,2266.0,2266.0,2209.5,2461.0,2097.0,1841,5149.0,2231.0,3,2232.5,1,2233.0,1,2233.5,2,2234.5,1,2236.0,6,2236.5,1,2237.0,1,2238.5,1,2239.5,1,2234.5
j2501,DCE,13:41:56.606#,2266.0,2266.0,2209.5,2461.0,2097.0,1842,5148.0,2230.0,2,2230.5,1,2231.0,3,2232.5,1,2233.0,1,2236.0,6,2236.5,1,2237.0,1,2238.5,1,2239.5,1,2234.5
j2501,DCE,13:41:56.828#,2266.0,2266.0,2209.5,2461.0,2097.0,1842,5148.0,2230.5,1,2231.0,3,2232.5,1,2233.0,1,2233.5,1,2236.0,6,2236.5,1,2237.0,1,2238.5,1,2239.5,1,2234.5
j2501,DCE,13:42:01.210#,2266.0,2266.0,2209.5,2461.0,2097.0,1842,5148.0,2230.5,1,2231.0,3,2232.5,1,2233.0,1,2233.5,1,2236.0,6,2236.5,2,2237.0,1,2238.5,1,2239.5,1,2234.5
j2501,DCE,13:42:06.387#,2266.0,2266.0,2209.5,2461.0,2097.0,1843,5148.0,2230.5,1,2231.0,3,2232.5,1,2233.0,1,2233.5,1,2236.0,6,2236.5,2,2237.0,1,2238.5,1,2239.5,1,2234.5
j2501,DCE,13:42:07.46#,2266.0,2266.0,2209.5,2461.0,2097.0,1843,5148.0,2231.0,3,2232.5,1,2233.0,1,2233.5,1,2234.0,1,2236.0,6,2236.5,2,2237.0,1,2238.5,1,2239.5,1,2234.5
j2501,DCE,13:42:07.794#,2266.0,2266.0,2209.5,2461.0,2097.0,1843,5148.0,2231.0,3,2232.5,1,2233.0,1,2233.5,2,2234.0,1,2236.0,6,2236.5,2,2237.0,1,2238.5,1,2239.5,1,2234.5
j2501,DCE,13:42:08.16#,2266.0,2266.0,2209.5,2461.0,2097.0,1843,5148.0,2230.5,1,2231.0,3,2232.5,1,2233.5,1,2234.0,1,2236.0,7,2237.0,1,2238.5,1,2239.5,1,2240.0,2,2234.5
j2501,DCE,13:42:08.76#,2266.0,2266.0,2209.5,2461.0,2097.0,1843,5148.0,2230.5,1,2231.0,3,2232.5,1,2233.5,1,2234.0,1,2236.0,7,2237.0,1,2239.5,1,2240.0,2,2240.5,1,2234.5
j2501,DCE,13:42:08.848#,2266.0,2266.0,2209.5,2461.0,2097.0,1843,5148.0,2230.5,1,2231.0,3,2232.5,1,2233.0,2,2234.0,1,2236.0,7,2237.0,1,2239.5,1,2240.0,2,2240.5,1,2234.5
j2501,DCE,13:42:12.521#,2266.0,2266.0,2209.5,2461.0,2097.0,1843,5148.0,2230.5,1,2231.0,3,2232.5,1,2233.0,1,2234.0,1,2236.0,6,2237.0,1,2239.5,1,2240.0,2,2240.5,1,2234.5
j2501,DCE,13:42:12.649#,2266.0,2266.0,2209.5,2461.0,2097.0,1843,5148.0,2230.0,2,2230.5,1,2231.0,3,2233.0,1,2234.0,1,2236.0,7,2237.0,2,2239.5,1,2240.0,2,2240.5,1,2234.5
j2501,DCE,13:42:12.828#,2266.0,2266.0,2209.5,2461.0,2097.0,1843,5148.0,2230.5,1,2231.0,3,2232.0,1,2233.0,1,2234.0,1,2236.0,7,2237.0,2,2239.5,1,2240.0,2,2240.5,1,2234.5
j2501,DCE,13:42:14.649#,2266.0,2266.0,2209.5,2461.0,2097.0,1843,5148.0,2230.5,1,2231.0,3,2232.0,1,2233.0,1,2234.0,1,2236.0,8,2237.0,2,2239.5,1,2240.0,2,2240.5,1,2234.5
j2501,DCE,13:42:18.752#,2266.0,2266.0,2209.5,2461.0,2097.0,1844,5149.0,2229.5,1,2230.0,2,2230.5,1,2231.0,3,2232.0,1,2236.0,8,2237.0,2,2239.5,1,2240.0,2,2240.5,1,2234.0
j2501,DCE,13:42:22.326#,2266.0,2266.0,2209.5,2461.0,2097.0,1844,5149.0,2230.0,2,2230.5,1,2231.0,3,2232.0,1,2232.5,1,2236.0,8,2237.0,2,2239.5,1,2240.0,2,2240.5,1,2234.0
j2501,DCE,13:42:25.88#,2266.0,2266.0,2209.5,2461.0,2097.0,1844,5149.0,2230.0,2,2230.5,1,2231.0,3,2232.0,1,2232.5,1,2236.0,7,2237.0,2,2239.5,1,2240.0,2,2240.5,1,2234.0
j2501,DCE,13:42:26.393#,2266.0,2266.0,2209.5,2461.0,2097.0,1844,5149.0,2230.0,2,2230.5,1,2231.0,3,2232.0,1,2232.5,1,2236.0,6,2236.5,3,2237.0,2,2239.5,1,2240.0,2,2234.0
j2501,DCE,13:42:26.580#,2266.0,2266.0,2209.5,2461.0,2097.0,1844,5149.0,2230.0,2,2230.5,1,2231.0,3,2232.5,1,2233.0,1,2236.0,8,2237.0,1,2239.5,1,2240.0,2,2240.5,1,2234.0
j2501,DCE,13:42:26.836#,2266.0,2266.0,2209.5,2461.0,2097.0,1844,5149.0,2230.0,2,2230.5,1,2231.0,3,2232.0,1,2232.5,1,2236.0,6,2236.5,3,2237.0,1,2237.5,1,2239.5,1,2234.0
j2501,DCE,13:42:28.329#,2266.0,2266.0,2209.5,2461.0,2097.0,1844,5149.0,2230.5,1,2231.0,3,2232.0,1,2232.5,1,2233.0,1,2236.0,6,2236.5,3,2237.0,1,2237.5,1,2239.5,1,2234.0
j2501,DCE,13:42:29.328#,2266.0,2266.0,2209.5,2461.0,2097.0,1844,5149.0,2230.0,2,2230.5,1,2231.0,3,2232.0,1,2232.5,1,2236.0,6,2236.5,3,2237.0,1,2237.5,1,2239.5,1,2234.0
j2501,DCE,13:42:29.579#,2266.0,2266.0,2209.5,2461.0,2097.0,1844,5149.0,2230.5,1,2231.0,3,2232.0,1,2232.5,1,2233.0,1,2236.0,6,2236.5,3,2237.0,1,2237.5,1,2239.5,1,2234.0
j2501,DCE,13:42:29.830#,2266.0,2266.0,2209.5,2461.0,2097.0,1844,5149.0,2230.0,2,2230.5,1,2231.0,3,2232.0,1,2232.5,1,2236.0,6,2236.5,3,2237.0,1,2237.5,1,2239.5,1,2234.0
j2501,DCE,13:42:30.81#,2266.0,2266.0,2209.5,2461.0,2097.0,1844,5149.0,2230.5,1,2231.0,3,2232.0,1,2232.5,1,2233.0,1,2236.0,6,2236.5,3,2237.0,1,2237.5,1,2239.5,1,2234.0
j2501,DCE,13:42:31.199#,2266.0,2266.0,2209.5,2461.0,2097.0,1844,5149.0,2231.0,3,2232.0,1,2232.5,1,2233.0,1,2233.5,1,2236.0,6,2236.5,2,2237.0,1,2239.5,1,2240.0,2,2234.0
j2501,DCE,13:42:31.329#,2266.0,2266.0,2209.5,2461.0,2097.0,1844,5149.0,2230.0,2,2230.5,1,2231.0,3,2232.5,1,2233.0,1,2236.0,6,2236.5,2,2237.0,1,2238.5,1,2239.5,1,2234.0
j2501,DCE,13:42:31.578#,2266.0,2266.0,2209.5,2461.0,2097.0,1844,5149.0,2230.5,1,2231.0,3,2232.5,1,2233.0,2,2233.5,1,2236.0,6,2236.5,2,2237.0,1,2238.5,1,2239.5,1,2234.0
j2501,DCE,13:42:33.329#,2266.0,2266.0,2209.5,2461.0,2097.0,1844,5149.0,2230.0,2,2230.5,1,2231.0,3,2232.5,1,2233.0,2,2236.0,6,2236.5,2,2237.0,1,2238.5,1,2239.5,1,2234.0
j2501,DCE,13:42:34.660#,2266.0,2266.0,2209.5,2461.0,2097.0,1844,5149.0,2230.0,2,2230.5,1,2231.0,3,2232.5,1,2233.0,2,2236.0,7,2237.0,1,2238.5,1,2239.5,1,2240.0,2,2234.0
j2501,DCE,13:42:36.164#,2266.0,2266.0,2209.5,2461.0,2097.0,1844,5149.0,2230.0,2,2230.5,1,2231.0,3,2232.5,1,2233.0,1,2236.0,7,2237.0,1,2238.5,1,2239.5,1,2240.0,2,2234.0
j2501,DCE,13:42:36.523#,2266.0,2266.0,2209.5,2461.0,2097.0,1844,5149.0,2230.5,1,2231.0,3,2232.0,1,2232.5,1,2233.0,1,2236.0,7,2237.0,1,2239.5,1,2240.0,2,2240.5,1,2234.0
j2501,DCE,13:42:36.574#,2266.0,2266.0,2209.5,2461.0,2097.0,1844,5149.0,2230.5,1,2231.0,3,2232.0,1,2232.5,1,2233.0,1,2236.0,7,2237.0,1,2237.5,1,2239.5,1,2240.0,2,2234.0
j2501,DCE,13:42:36.831#,2266.0,2266.0,2209.5,2461.0,2097.0,1844,5149.0,2230.0,2,2230.5,1,2231.0,3,2232.0,1,2232.5,1,2236.0,7,2237.0,1,2237.5,1,2239.5,1,2240.0,2,2234.0
j2501,DCE,13:42:37.725#,2266.0,2266.0,2209.5,2461.0,2097.0,1845,5150.0,2230.0,2,2230.5,1,2231.0,3,2232.0,1,2232.5,1,2236.0,7,2237.0,1,2237.5,1,2239.5,1,2240.0,2,2233.5
j2501,DCE,13:42:38.328#,2266.0,2266.0,2209.5,2461.0,2097.0,1845,5150.0,2230.5,1,2231.0,3,2232.0,1,2232.5,1,2233.0,1,2236.0,7,2237.0,1,2237.5,1,2239.5,1,2240.0,2,2233.5
j2501,DCE,13:42:38.578#,2266.0,2266.0,2209.5,2461.0,2097.0,1845,5150.0,2230.0,2,2230.5,1,2231.0,3,2232.0,1,2232.5,1,2236.0,7,2237.0,1,2237.5,1,2239.5,1,2240.0,2,2233.5
j2501,DCE,13:42:38.827#,2266.0,2266.0,2209.5,2461.0,2097.0,1845,5150.0,2230.5,1,2231.0,3,2232.0,1,2232.5,1,2233.0,1,2236.0,7,2237.0,1,2237.5,1,2239.5,1,2240.0,2,2233.5
j2501,DCE,13:42:39.450#,2266.0,2266.0,2209.5,2461.0,2097.0,1845,5150.0,2230.0,2,2230.5,1,2231.0,3,2232.0,1,2232.5,1,2236.0,7,2237.0,1,2237.5,1,2239.5,1,2240.0,2,2233.5
j2501,DCE,13:42:39.843#,2266.0,2266.0,2209.5,2461.0,2097.0,1845,5150.0,2230.5,1,2231.0,3,2232.0,1,2232.5,1,2233.0,2,2236.0,7,2237.0,1,2237.5,1,2239.5,1,2240.0,2,2233.5
j2501,DCE,13:42:40.325#,2266.0,2266.0,2209.5,2461.0,2097.0,1845,5150.0,2230.5,1,2231.0,3,2232.0,1,2232.5,1,2233.0,1,2236.0,7,2237.0,1,2237.5,1,2239.5,1,2240.0,2,2233.5
j2501,DCE,13:42:40.716#,2266.0,2266.0,2209.5,2461.0,2097.0,1845,5150.0,2230.0,2,2230.5,1,2231.0,3,2232.0,1,2232.5,1,2236.0,7,2237.0,1,2237.5,1,2239.5,1,2240.0,2,2233.5
j2501,DCE,13:42:40.827#,2266.0,2266.0,2209.5,2461.0,2097.0,1845,5150.0,2230.5,1,2231.0,3,2232.0,1,2232.5,1,2233.0,1,2236.0,7,2237.0,1,2237.5,1,2239.5,1,2240.0,2,2233.5
j2501,DCE,13:42:42.268#,2266.0,2266.0,2209.5,2461.0,2097.0,1845,5150.0,2230.5,1,2231.0,3,2232.0,1,2232.5,1,2233.0,2,2236.0,8,2237.0,1,2237.5,1,2239.5,1,2240.0,2,2233.5
j2501,DCE,13:42:42.329#,2266.0,2266.0,2209.5,2461.0,2097.0,1845,5150.0,2230.0,2,2230.5,1,2231.0,3,2232.0,1,2232.5,1,2236.0,8,2237.0,1,2237.5,1,2239.5,1,2240.0,2,2233.5
j2501,DCE,13:42:42.587#,2266.0,2266.0,2209.5,2461.0,2097.0,1845,5150.0,2229.5,1,2230.0,2,2230.5,1,2231.0,3,2232.0,1,2236.0,8,2237.0,1,2237.5,1,2239.5,1,2240.0,2,2233.5
j2501,DCE,13:42:42.970#,2266.0,2266.0,2209.5,2461.0,2097.0,1845,5150.0,2229.5,1,2230.0,2,2230.5,1,2231.0,3,2232.0,1,2236.0,6,2237.0,1,2237.5,1,2239.5,1,2240.0,2,2233.5
j2501,DCE,13:42:44.80#,2266.0,2266.0,2209.5,2461.0,2097.0,1845,5150.0,2230.0,2,2230.5,1,2231.0,3,2232.0,1,2232.5,1,2236.0,6,2237.0,1,2237.5,1,2239.5,1,2240.0,2,2233.5
j2501,DCE,13:42:45.624#,2266.0,2266.0,2209.5,2461.0,2097.0,1845,5150.0,2230.0,2,2230.5,1,2231.0,3,2232.0,1,2232.5,2,2236.0,6,2237.0,1,2237.5,1,2239.5,1,2240.0,2,2233.5
j2501,DCE,13:42:45.829#,2266.0,2266.0,2209.5,2461.0,2097.0,1845,5150.0,2229.5,1,2230.0,2,2230.5,1,2231.0,3,2232.0,1,2236.0,6,2237.0,1,2237.5,1,2239.5,1,2240.0,2,2233.5
j2501,DCE,13:42:55.426#,2266.0,2266.0,2209.5,2461.0,2097.0,1845,5150.0,2229.0,1,2229.5,1,2230.0,2,2230.5,1,2231.0,3,2236.0,6,2237.0,1,2237.5,1,2239.5,1,2240.0,2,2233.5
j2501,DCE,13:42:55.684#,2266.0,2266.0,2209.5,2461.0,2097.0,1845,5150.0,2229.5,1,2230.0,2,2230.5,2,2231.0,3,2231.5,1,2236.0,6,2237.0,1,2239.5,1,2240.0,2,2240.5,1,2233.5
j2501,DCE,13:42:55.826#,2266.0,2266.0,2209.5,2461.0,2097.0,1845,5150.0,2229.5,1,2230.0,2,2230.5,2,2231.0,3,2231.5,1,2236.0,6,2236.5,1,2237.0,1,2239.5,1,2240.0,2,2233.5
j2501,DCE,13:43:07.578#,2266.0,2266.0,2209.5,2461.0,2097.0,1845,5150.0,2230.0,2,2230.5,2,2231.0,3,2231.5,1,2232.0,1,2236.0,6,2236.5,1,2237.0,1,2239.5,1,2240.0,2,2233.5
j2501,DCE,13:43:07.826#,2266.0,2266.0,2209.5,2461.0,2097.0,1845,5150.0,2229.5,1,2230.0,2,2230.5,1,2231.0,3,2231.5,1,2236.0,6,2236.5,1,2237.0,1,2239.5,1,2240.0,2,2233.5
j2501,DCE,13:43:08.78#,2266.0,2266.0,2209.5,2461.0,2097.0,1845,5150.0,2229.5,1,2230.0,2,2230.5,1,2231.0,3,2231.5,2,2236.0,6,2236.5,1,2237.0,1,2239.5,1,2240.0,2,2233.5
j2501,DCE,13:43:08.827#,2266.0,2266.0,2209.5,2461.0,2097.0,1845,5150.0,2230.0,2,2230.5,1,2231.0,3,2231.5,2,2232.0,1,2236.0,6,2236.5,1,2237.0,1,2239.5,1,2240.0,2,2233.5
j2501,DCE,13:43:09.78#,2266.0,2266.0,2209.5,2461.0,2097.0,1845,5150.0,2229.5,1,2230.0,2,2230.5,1,2231.0,3,2231.5,2,2236.0,6,2236.5,1,2237.0,1,2239.5,1,2240.0,2,2233.5
j2501,DCE,13:43:09.395#,2266.0,2266.0,2209.5,2461.0,2097.0,1846,5151.0,2229.5,1,2230.0,2,2230.5,1,2231.0,3,2231.5,4,2236.0,6,2236.5,1,2237.0,1,2239.5,1,2240.0,2,2232.5
j2501,DCE,13:43:09.765#,2266.0,2266.0,2209.5,2461.0,2097.0,1846,5151.0,2229.5,1,2230.0,2,2230.5,1,2231.0,3,2231.5,5,2236.0,6,2236.5,1,2237.0,1,2239.5,1,2240.0,2,2232.5
j2501,DCE,13:43:09.918#,2266.0,2266.0,2209.5,2461.0,2097.0,1846,5151.0,2229.5,1,2230.0,2,2230.5,1,2231.0,3,2231.5,3,2236.0,6,2236.5,1,2237.0,1,2239.5,1,2240.0,2,2232.5
j2501,DCE,13:43:10.76#,2266.0,2266.0,2209.5,2461.0,2097.0,1846,5151.0,2229.5,1,2230.0,2,2230.5,1,2231.0,3,2231.5,2,2236.0,6,2236.5,1,2237.0,1,2239.5,1,2240.0,2,2232.5
j2501,DCE,13:43:10.827#,2266.0,2266.0,2209.5,2461.0,2097.0,1846,5151.0,2229.0,1,2229.5,1,2230.0,2,2230.5,1,2231.0,4,2236.0,6,2236.5,1,2237.0,1,2239.5,1,2240.0,2,2232.5
j2501,DCE,13:43:11.76#,2266.0,2266.0,2209.5,2461.0,2097.0,1846,5151.0,2229.0,1,2229.5,1,2230.0,3,2230.5,4,2231.0,2,2236.0,6,2237.0,1,2239.5,1,2240.0,2,2240.5,1,2232.5
j2501,DCE,13:43:11.328#,2266.0,2266.0,2209.5,2461.0,2097.0,1846,5151.0,2229.0,1,2229.5,1,2230.0,3,2230.5,5,2231.0,2,2235.5,1,2236.0,6,2237.0,1,2239.5,1,2240.0,2,2232.5
j2501,DCE,13:43:13.840#,2266.0,2266.0,2209.5,2461.0,2097.0,1846,5151.0,2229.0,1,2229.5,1,2230.0,3,2230.5,4,2231.0,2,2235.5,1,2236.0,6,2237.0,1,2239.5,1,2240.0,2,2232.5
j2501,DCE,13:43:14.176#,2266.0,2266.0,2209.5,2461.0,2097.0,1846,5151.0,2229.0,1,2229.5,1,2230.0,4,2230.5,1,2231.0,1,2235.5,1,2236.0,6,2237.0,1,2239.5,1,2240.0,2,2232.5
j2501,DCE,13:43:14.328#,2266.0,2266.0,2209.5,2461.0,2097.0,1846,5151.0,2228.0,2,2228.5,1,2229.0,1,2229.5,1,2230.0,3,2235.5,1,2236.0,6,2237.0,1,2239.5,1,2240.0,2,2232.5
j2501,DCE,13:43:14.703#,2266.0,2266.0,2209.5,2461.0,2097.0,1846,5151.0,2228.0,2,2228.5,1,2229.0,2,2229.5,1,2230.0,3,2235.5,1,2236.0,6,2237.0,1,2239.5,1,2240.0,2,2232.5
j2501,DCE,13:43:17.226#,2266.0,2266.0,2209.5,2461.0,2097.0,1846,5151.0,2228.0,2,2228.5,1,2229.0,2,2229.5,2,2230.0,2,2235.5,1,2236.0,6,2237.0,1,2239.5,1,2240.0,2,2232.5
j2501,DCE,13:43:17.345#,2266.0,2266.0,2209.5,2461.0,2097.0,1846,5151.0,2228.0,2,2228.5,1,2229.0,2,2229.5,3,2230.0,1,2235.5,1,2236.0,6,2237.0,1,2239.5,1,2240.0,2,2232.5
j2501,DCE,13:43:18.93#,2266.0,2266.0,2209.5,2461.0,2097.0,1846,5151.0,2228.0,2,2228.5,1,2229.0,2,2229.5,4,2230.0,1,2235.5,1,2236.0,6,2237.0,1,2239.5,1,2240.0,2,2232.5
j2501,DCE,13:43:18.580#,2266.0,2266.0,2209.5,2461.0,2097.0,1846,5151.0,2228.0,2,2228.5,1,2229.0,2,2229.5,3,2230.0,1,2235.5,1,2236.0,6,2237.0,1,2239.5,1,2240.0,2,2232.5
j2501,DCE,13:43:20.629#,2266.0,2266.0,2209.5,2461.0,2097.0,1846,5151.0,2228.0,2,2228.5,1,2229.0,2,2229.5,2,2230.0,1,2235.5,1,2236.0,6,2237.0,1,2239.5,1,2240.0,2,2232.5
j2501,DCE,13:43:20.829#,2266.0,2266.0,2209.5,2461.0,2097.0,1846,5151.0,2228.0,2,2228.5,1,2229.0,2,2229.5,1,2230.0,1,2235.5,1,2236.0,6,2237.0,1,2239.5,1,2240.0,2,2232.5
j2501,DCE,13:43:21.76#,2266.0,2266.0,2209.5,2461.0,2097.0,1846,5151.0,2227.5,2,2228.0,2,2228.5,1,2229.0,3,2230.0,1,2235.5,1,2236.0,6,2237.0,1,2239.5,1,2240.0,2,2232.5
j2501,DCE,13:43:21.328#,2266.0,2266.0,2209.5,2461.0,2097.0,1846,5151.0,2227.5,2,2228.0,2,2228.5,1,2229.0,5,2230.0,1,2235.5,1,2236.0,6,2237.0,1,2239.5,1,2240.0,2,2232.5
j2501,DCE,13:43:21.710#,2266.0,2266.0,2209.5,2461.0,2097.0,1846,5151.0,2228.0,2,2228.5,1,2229.0,1,2229.5,1,2230.0,1,2235.5,1,2236.0,6,2237.0,1,2239.5,1,2240.0,2,2232.5
j2501,DCE,13:43:21.829#,2266.0,2266.0,2209.5,2461.0,2097.0,1846,5151.0,2227.5,2,2228.0,2,2228.5,1,2229.0,1,2230.0,4,2235.5,1,2236.0,6,2237.0,1,2239.5,1,2240.0,2,2232.5
j2501,DCE,13:43:22.77#,2266.0,2266.0,2209.5,2461.0,2097.0,1846,5151.0,2227.5,2,2228.0,2,2228.5,2,2229.0,1,2230.0,2,2235.5,1,2236.0,6,2237.0,1,2239.5,1,2240.0,2,2232.5
j2501,DCE,13:43:22.327#,2266.0,2266.0,2209.5,2461.0,2097.0,1846,5151.0,2228.0,2,2228.5,2,2229.0,1,2229.5,1,2230.0,1,2235.5,1,2236.0,6,2237.0,1,2239.5,1,2240.0,2,2232.5
j2501,DCE,13:43:22.577#,2266.0,2266.0,2209.5,2461.0,2097.0,1846,5151.0,2227.5,2,2228.0,2,2228.5,2,2229.0,1,2230.0,3,2235.5,1,2236.0,6,2237.0,1,2239.5,1,2240.0,2,2232.5
j2501,DCE,13:43:22.828#,2266.0,2266.0,2209.5,2461.0,2097.0,1846,5151.0,2228.0,2,2228.5,2,2229.0,1,2229.5,2,2230.0,1,2235.5,1,2236.0,6,2237.0,1,2239.5,1,2240.0,2,2232.5
j2501,DCE,13:43:23.78#,2266.0,2266.0,2209.5,2461.0,2097.0,1846,5151.0,2227.5,2,2228.0,2,2228.5,2,2229.0,1,2230.0,3,2235.5,1,2236.0,6,2237.0,1,2239.5,1,2240.0,2,2232.5
j2501,DCE,13:43:23.329#,2266.0,2266.0,2209.5,2461.0,2097.0,1846,5151.0,2227.5,2,2228.0,2,2228.5,2,2229.0,1,2230.0,2,2235.5,1,2236.0,6,2237.0,1,2239.5,1,2240.0,2,2232.5
j2501,DCE,13:43:24.315#,2266.0,2266.0,2209.5,2461.0,2097.0,1846,5151.0,2227.5,2,2228.0,2,2228.5,2,2229.0,1,2230.0,3,2235.5,1,2236.0,6,2237.0,1,2239.5,1,2240.0,2,2232.5
j2501,DCE,13:43:25.302#,2266.0,2266.0,2209.5,2461.0,2097.0,1846,5151.0,2227.5,2,2228.0,2,2228.5,2,2229.0,1,2230.0,1,2235.5,1,2236.0,6,2237.0,1,2239.5,1,2240.0,2,2232.5
j2501,DCE,13:43:25.581#,2266.0,2266.0,2209.5,2461.0,2097.0,1846,5151.0,2227.5,2,2228.0,2,2228.5,1,2229.0,1,2230.0,5,2235.5,1,2236.0,6,2237.0,1,2239.5,1,2240.0,2,2232.5
j2501,DCE,13:43:25.830#,2266.0,2266.0,2209.5,2461.0,2097.0,1846,5151.0,2228.0,2,2228.5,1,2229.0,2,2230.0,5,2230.5,1,2235.5,1,2236.0,6,2237.0,1,2239.5,1,2240.0,2,2232.5
j2501,DCE,13:43:26.904#,2266.0,2266.0,2209.5,2461.0,2097.0,1846,5151.0,2228.0,2,2228.5,1,2229.0,2,2230.0,5,2230.5,1,2235.5,1,2236.0,6,2237.0,4,2239.5,1,2240.0,2,2232.5
j2501,DCE,13:43:28.156#,2266.0,2266.0,2209.5,2461.0,2097.0,1846,5151.0,2228.0,2,2228.5,1,2229.0,2,2230.0,1,2230.5,1,2235.5,1,2236.0,6,2237.0,4,2239.5,1,2240.0,2,2232.5
j2501,DCE,13:43:28.327#,2266.0,2266.0,2209.5,2461.0,2097.0,1846,5151.0,2228.5,1,2229.0,2,2230.0,1,2230.5,1,2231.0,1,2235.5,1,2236.0,6,2237.0,4,2239.5,1,2240.0,2,2232.5
j2501,DCE,13:43:28.578#,2266.0,2266.0,2209.5,2461.0,2097.0,1846,5151.0,2229.0,1,2230.0,1,2230.5,1,2231.0,1,2231.5,5,2235.5,1,2236.0,6,2237.0,4,2239.5,1,2240.0,2,2232.5
j2501,DCE,13:43:28.830#,2266.0,2266.0,2209.5,2461.0,2097.0,1846,5151.0,2228.5,1,2229.0,1,2230.0,1,2230.5,2,2231.0,1,2235.5,1,2236.0,6,2237.0,4,2239.5,1,2240.0,2,2232.5
j2501,DCE,13:43:35.200#,2266.0,2266.0,2209.5,2461.0,2097.0,1846,5151.0,2229.0,1,2230.0,1,2230.5,2,2231.0,1,2231.5,5,2235.5,1,2236.0,6,2237.0,4,2239.5,1,2240.0,2,2232.5
j2501,DCE,13:43:35.450#,2266.0,2266.0,2209.5,2461.0,2097.0,1846,5151.0,2229.0,1,2230.0,1,2230.5,2,2231.0,1,2231.5,1,2236.0,6,2237.0,4,2239.5,1,2240.0,2,2240.5,1,2232.5
j2501,DCE,13:43:35.657#,2266.0,2266.0,2209.5,2461.0,2097.0,1846,5151.0,2229.0,1,2230.0,1,2230.5,1,2231.0,1,2231.5,1,2236.0,6,2237.0,5,2239.5,1,2240.0,2,2240.5,1,2232.5
j2501,DCE,13:43:36.76#,2266.0,2266.0,2209.5,2461.0,2097.0,1846,5151.0,2230.0,1,2230.5,1,2231.0,1,2231.5,1,2232.0,1,2236.0,6,2237.0,5,2239.5,1,2240.0,2,2240.5,1,2232.5
j2501,DCE,13:43:36.565#,2266.0,2266.0,2209.5,2461.0,2097.0,1846,5151.0,2230.0,1,2230.5,1,2231.0,1,2231.5,6,2232.0,1,2236.0,6,2237.0,5,2239.5,1,2240.0,2,2240.5,1,2232.5
j2501,DCE,13:43:37.75#,2266.0,2266.0,2209.5,2461.0,2097.0,1846,5151.0,2229.0,1,2230.0,1,2230.5,1,2231.0,1,2231.5,6,2236.0,6,2237.0,5,2239.5,1,2240.0,2,2240.5,1,2232.5
j2501,DCE,13:43:38.827#,2266.0,2266.0,2209.5,2461.0,2097.0,1846,5151.0,2229.0,1,2230.0,1,2230.5,1,2231.0,1,2231.5,5,2236.0,6,2237.0,5,2239.5,1,2240.0,2,2240.5,1,2232.5
j2501,DCE,13:43:39.74#,2266.0,2266.0,2209.5,2461.0,2097.0,1846,5151.0,2229.0,1,2230.0,1,2230.5,2,2231.0,1,2231.5,5,2236.0,6,2237.0,4,2239.5,1,2240.0,2,2240.5,1,2232.5
j2501,DCE,13:43:40.513#,2266.0,2266.0,2209.5,2461.0,2097.0,1846,5151.0,2229.0,1,2230.0,1,2230.5,2,2231.0,1,2231.5,3,2236.0,6,2237.0,4,2239.5,1,2240.0,2,2240.5,1,2232.5
j2501,DCE,13:43:40.726#,2266.0,2266.0,2209.5,2461.0,2097.0,1847,5152.0,2228.5,1,2229.0,1,2230.0,1,2230.5,2,2231.0,1,2236.0,7,2237.0,4,2239.5,1,2240.0,2,2240.5,1,2231.5
j2501,DCE,13:43:43.664#,2266.0,2266.0,2209.5,2461.0,2097.0,1847,5152.0,2228.5,1,2229.0,1,2230.0,1,2230.5,2,2231.0,3,2236.0,7,2237.0,4,2239.5,1,2240.0,2,2240.5,1,2231.5
j2501,DCE,13:43:43.828#,2266.0,2266.0,2209.5,2461.0,2097.0,1847,5152.0,2228.0,2,2228.5,1,2229.0,1,2230.0,1,2230.5,2,2236.0,7,2237.0,4,2239.5,1,2240.0,2,2240.5,1,2231.5
j2501,DCE,13:43:44.496#,2266.0,2266.0,2209.5,2461.0,2097.0,1847,5152.0,2228.0,2,2228.5,1,2229.0,1,2230.0,1,2230.5,5,2236.0,7,2237.0,4,2239.5,1,2240.0,2,2240.5,1,2231.5
j2501,DCE,13:43:44.577#,2266.0,2266.0,2209.5,2461.0,2097.0,1847,5152.0,2228.5,1,2229.0,1,2230.0,1,2230.5,1,2231.0,2,2236.0,7,2237.0,4,2239.5,1,2240.0,2,2240.5,1,2231.5
j2501,DCE,13:43:44.827#,2266.0,2266.0,2209.5,2461.0,2097.0,1847,5152.0,2228.0,2,2228.5,1,2229.0,1,2230.0,2,2230.5,1,2236.0,7,2237.0,4,2239.5,1,2240.0,2,2240.5,1,2231.5
j2501,DCE,13:43:45.578#,2266.0,2266.0,2209.5,2461.0,2097.0,1847,5152.0,2228.5,1,2229.0,1,2230.0,2,2230.5,1,2231.0,1,2236.0,7,2237.0,4,2239.5,1,2240.0,2,2240.5,1,2231.5
j2501,DCE,13:43:45.831#,2266.0,2266.0,2209.5,2461.0,2097.0,1847,5152.0,2228.5,1,2229.0,1,2230.0,2,2230.5,1,2231.0,2,2236.0,7,2237.0,4,2239.5,1,2240.0,2,2240.5,1,2231.5
j2501,DCE,13:43:46.82#,2266.0,2266.0,2209.5,2461.0,2097.0,1847,5152.0,2228.0,2,2228.5,1,2229.0,1,2230.0,2,2230.5,1,2236.0,7,2237.0,4,2239.5,1,2240.0,2,2240.5,1,2231.5
j2501,DCE,13:43:46.333#,2266.0,2266.0,2209.5,2461.0,2097.0,1847,5152.0,2228.5,1,2229.0,1,2230.0,2,2230.5,1,2231.0,1,2236.0,7,2237.0,4,2239.5,1,2240.0,2,2240.5,1,2231.5
j2501,DCE,13:43:47.366#,2266.0,2266.0,2209.5,2461.0,2097.0,1847,5152.0,2228.5,1,2229.0,1,2230.0,2,2230.5,1,2231.0,4,2236.0,7,2237.0,4,2239.5,1,2240.0,2,2240.5,1,2231.5
j2501,DCE,13:43:47.576#,2266.0,2266.0,2209.5,2461.0,2097.0,1847,5152.0,2228.5,1,2229.0,1,2230.0,2,2230.5,1,2231.0,1,2236.0,7,2237.0,4,2239.5,1,2240.0,2,2240.5,1,2231.5
j2501,DCE,13:43:47.828#,2266.0,2266.0,2209.5,2461.0,2097.0,1847,5152.0,2228.5,1,2229.0,1,2230.0,2,2230.5,1,2231.0,4,2236.0,7,2237.0,4,2239.5,1,2240.0,2,2240.5,1,2231.5
j2501,DCE,13:43:48.79#,2266.0,2266.0,2209.5,2461.0,2097.0,1847,5152.0,2228.5,1,2229.0,1,2230.0,2,2230.5,1,2231.0,1,2236.0,7,2237.0,4,2239.5,1,2240.0,2,2240.5,1,2231.5
j2501,DCE,13:43:48.329#,2266.0,2266.0,2209.5,2461.0,2097.0,1847,5152.0,2228.5,1,2229.0,1,2230.0,2,2230.5,1,2231.0,3,2236.0,7,2237.0,4,2239.5,1,2240.0,2,2240.5,1,2231.5
j2501,DCE,13:43:48.580#,2266.0,2266.0,2209.5,2461.0,2097.0,1847,5152.0,2228.0,2,2228.5,1,2229.0,1,2230.0,2,2230.5,1,2236.0,7,2237.0,4,2239.5,1,2240.0,2,2240.5,1,2231.5
j2501,DCE,13:43:48.832#,2266.0,2266.0,2209.5,2461.0,2097.0,1847,5152.0,2228.5,1,2229.0,1,2230.0,2,2230.5,1,2231.0,3,2236.0,7,2237.0,4,2239.5,1,2240.0,2,2240.5,1,2231.5
j2501,DCE,13:43:49.81#,2266.0,2266.0,2209.5,2461.0,2097.0,1847,5152.0,2228.0,2,2228.5,1,2229.0,1,2230.0,2,2230.5,1,2236.0,7,2237.0,4,2239.5,1,2240.0,2,2240.5,1,2231.5
j2501,DCE,13:43:49.333#,2266.0,2266.0,2209.5,2461.0,2097.0,1847,5152.0,2228.5,1,2229.0,1,2230.0,2,2230.5,1,2231.0,3,2236.0,7,2237.0,4,2239.5,1,2240.0,2,2240.5,1,2231.5
j2501,DCE,13:43:49.582#,2266.0,2266.0,2209.5,2461.0,2097.0,1847,5152.0,2228.0,2,2228.5,1,2229.0,1,2230.0,2,2230.5,1,2236.0,7,2237.0,4,2239.5,1,2240.0,2,2240.5,1,2231.5
j2501,DCE,13:43:49.830#,2266.0,2266.0,2209.5,2461.0,2097.0,1847,5152.0,2228.5,1,2229.0,1,2230.0,2,2230.5,1,2231.0,3,2236.0,7,2237.0,4,2239.5,1,2240.0,2,2240.5,1,2231.5
j2501,DCE,13:43:50.80#,2266.0,2266.0,2209.5,2461.0,2097.0,1847,5152.0,2228.0,2,2228.5,1,2229.0,1,2230.0,2,2230.5,1,2236.0,7,2237.0,4,2239.5,1,2240.0,2,2240.5,1,2231.5
j2501,DCE,13:43:50.331#,2266.0,2266.0,2209.5,2461.0,2097.0,1847,5152.0,2228.5,1,2229.0,1,2230.0,2,2230.5,1,2231.0,3,2236.0,7,2237.0,4,2239.5,1,2240.0,2,2240.5,1,2231.5
j2501,DCE,13:43:50.578#,2266.0,2266.0,2209.5,2461.0,2097.0,1847,5152.0,2228.0,2,2228.5,1,2229.0,1,2230.0,2,2230.5,1,2236.0,7,2237.0,4,2239.5,1,2240.0,2,2240.5,1,2231.5
j2501,DCE,13:43:50.828#,2266.0,2266.0,2209.5,2461.0,2097.0,1847,5152.0,2228.5,1,2229.0,1,2230.0,2,2230.5,1,2231.0,3,2236.0,7,2237.0,4,2239.5,1,2240.0,2,2240.5,1,2231.5
j2501,DCE,13:43:51.78#,2266.0,2266.0,2209.5,2461.0,2097.0,1847,5152.0,2228.0,2,2228.5,1,2229.0,1,2230.0,2,2230.5,1,2236.0,7,2237.0,4,2239.5,1,2240.0,2,2240.5,1,2231.5
j2501,DCE,13:43:51.468#,2266.0,2266.0,2209.5,2461.0,2097.0,1847,5152.0,2228.5,1,2229.0,1,2230.0,2,2230.5,1,2231.0,1,2236.0,7,2237.0,4,2239.5,1,2240.0,2,2240.5,1,2231.5
j2501,DCE,13:43:51.580#,2266.0,2266.0,2209.5,2461.0,2097.0,1847,5152.0,2228.5,1,2229.0,1,2230.0,2,2230.5,1,2231.0,4,2236.0,7,2237.0,4,2239.5,1,2240.0,2,2240.5,1,2231.5
j2501,DCE,13:43:51.829#,2266.0,2266.0,2209.5,2461.0,2097.0,1847,5152.0,2228.0,2,2228.5,1,2229.0,1,2230.0,2,2230.5,1,2236.0,7,2237.0,4,2239.5,1,2240.0,2,2240.5,1,2231.5
j2501,DCE,13:43:52.87#,2266.0,2266.0,2209.5,2461.0,2097.0,1847,5152.0,2228.5,1,2229.0,1,2230.0,2,2230.5,1,2231.0,1,2236.0,7,2237.0,4,2239.5,1,2240.0,2,2240.5,1,2231.5
j2501,DCE,13:43:52.327#,2266.0,2266.0,2209.5,2461.0,2097.0,1847,5152.0,2228.5,1,2229.0,1,2230.0,2,2230.5,1,2231.0,4,2236.0,7,2237.0,4,2239.5,1,2240.0,2,2240.5,1,2231.5
j2501,DCE,13:43:52.576#,2266.0,2266.0,2209.5,2461.0,2097.0,1847,5152.0,2228.0,2,2228.5,1,2229.0,1,2230.0,2,2230.5,1,2236.0,7,2237.0,4,2239.5,1,2240.0,2,2240.5,1,2231.5
j2501,DCE,13:43:52.977#,2266.0,2266.0,2209.5,2461.0,2097.0,1847,5152.0,2228.5,1,2229.0,1,2230.0,2,2230.5,1,2231.0,1,2236.0,7,2237.0,4,2239.5,1,2240.0,2,2240.5,1,2231.5
j2501,DCE,13:43:53.76#,2266.0,2266.0,2209.5,2461.0,2097.0,1847,5152.0,2228.5,1,2229.0,1,2230.0,2,2230.5,1,2231.0,4,2236.0,7,2237.0,4,2239.5,1,2240.0,2,2240.5,1,2231.5
j2501,DCE,13:43:53.328#,2266.0,2266.0,2209.5,2461.0,2097.0,1847,5152.0,2228.0,2,2228.5,1,2229.0,1,2230.0,2,2230.5,1,2236.0,7,2237.0,4,2239.5,1,2240.0,2,2240.5,1,2231.5
j2501,DCE,13:43:53.578#,2266.0,2266.0,2209.5,2461.0,2097.0,1847,5152.0,2228.5,1,2229.0,1,2230.0,2,2230.5,1,2231.0,4,2236.0,7,2237.0,4,2239.5,1,2240.0,2,2240.5,1,2231.5
j2501,DCE,13:43:53.929#,2266.0,2266.0,2209.5,2461.0,2097.0,1847,5152.0,2228.0,2,2228.5,1,2229.0,1,2230.0,2,2230.5,1,2236.0,7,2237.0,4,2239.5,1,2240.0,2,2240.5,1,2231.5
j2501,DCE,13:43:54.298#,2266.0,2266.0,2209.5,2461.0,2097.0,1847,5152.0,2228.5,1,2229.0,1,2230.0,2,2230.5,1,2231.0,1,2236.0,7,2237.0,4,2239.5,1,2240.0,2,2240.5,1,2231.5
j2501,DCE,13:43:54.327#,2266.0,2266.0,2209.5,2461.0,2097.0,1847,5152.0,2228.5,1,2229.0,1,2230.0,2,2230.5,1,2231.0,3,2236.0,7,2237.0,4,2239.5,1,2240.0,2,2240.5,1,2231.5
j2501,DCE,13:43:54.582#,2266.0,2266.0,2209.5,2461.0,2097.0,1847,5152.0,2228.0,2,2228.5,1,2229.0,1,2230.0,2,2230.5,1,2236.0,7,2237.0,4,2239.5,1,2240.0,2,2240.5,1,2231.5
j2501,DCE,13:43:54.828#,2266.0,2266.0,2209.5,2461.0,2097.0,1847,5152.0,2228.5,1,2229.0,1,2230.0,2,2230.5,1,2231.0,4,2236.0,7,2237.0,4,2239.5,1,2240.0,2,2240.5,1,2231.5
j2501,DCE,13:43:55.76#,2266.0,2266.0,2209.5,2461.0,2097.0,1847,5152.0,2228.5,1,2229.0,1,2230.0,2,2230.5,1,2231.0,1,2236.0,7,2237.0,4,2239.5,1,2240.0,2,2240.5,1,2231.5
j2501,DCE,13:43:55.327#,2266.0,2266.0,2209.5,2461.0,2097.0,1847,5152.0,2228.5,1,2229.0,1,2230.0,2,2230.5,1,2231.0,3,2236.0,7,2237.0,4,2239.5,1,2240.0,2,2240.5,1,2231.5
j2501,DCE,13:43:55.701#,2266.0,2266.0,2209.5,2461.0,2097.0,1847,5152.0,2228.0,2,2228.5,1,2229.0,1,2230.0,2,2230.5,1,2236.0,7,2237.0,4,2239.5,1,2240.0,2,2240.5,1,2231.5
j2501,DCE,13:43:57.733#,2266.0,2266.0,2209.5,2461.0,2097.0,1848,5152.0,2228.0,2,2228.5,1,2229.0,1,2230.0,2,2230.5,3,2236.0,7,2237.0,4,2239.5,1,2240.0,2,2240.5,1,2231.0
j2501,DCE,13:43:57.829#,2266.0,2266.0,2209.5,2461.0,2097.0,1848,5152.0,2228.5,1,2229.0,1,2230.0,2,2230.5,3,2231.0,1,2236.0,7,2237.0,4,2239.5,1,2240.0,2,2240.5,1,2231.0
j2501,DCE,13:43:58.80#,2266.0,2266.0,2209.5,2461.0,2097.0,1848,5152.0,2228.0,2,2228.5,1,2229.0,1,2230.0,2,2230.5,3,2236.0,7,2237.0,4,2239.5,1,2240.0,2,2240.5,1,2231.0
j2501,DCE,13:44:03.756#,2266.0,2266.0,2209.5,2461.0,2097.0,1848,5152.0,2228.0,2,2228.5,1,2229.0,1,2230.0,2,2230.5,1,2236.0,7,2237.0,4,2239.5,1,2240.0,2,2240.5,1,2231.0
j2501,DCE,13:44:12.5#,2266.0,2266.0,2209.5,2461.0,2097.0,1849,5153.0,2228.0,2,2228.5,1,2229.0,1,2230.0,2,2230.5,1,2236.0,7,2237.0,4,2239.5,1,2240.0,2,2240.5,1,2231.0
j2501,DCE,13:44:17.126#,2266.0,2266.0,2209.5,2461.0,2097.0,1850,5154.0,2228.0,2,2228.5,1,2229.0,1,2230.0,2,2230.5,1,2236.0,7,2237.0,4,2239.5,1,2240.0,2,2240.5,1,2234.0
j2501,DCE,13:44:42.223#,2266.0,2266.0,2209.5,2461.0,2097.0,1850,5154.0,2228.5,1,2229.0,1,2230.0,2,2230.5,1,2231.0,1,2236.0,7,2237.0,4,2239.5,1,2240.0,2,2240.5,1,2234.0
j2501,DCE,13:44:43.296#,2266.0,2266.0,2209.5,2461.0,2097.0,1851,5154.0,2228.5,1,2229.0,1,2230.0,2,2230.5,1,2231.0,1,2236.0,7,2237.0,4,2239.5,1,2240.0,2,2240.5,1,2231.5
j2501,DCE,13:44:50.933#,2266.0,2266.0,2209.5,2461.0,2097.0,1851,5154.0,2228.5,1,2229.0,1,2230.0,2,2230.5,1,2231.0,1,2236.0,7,2237.0,1,2239.5,1,2240.0,2,2240.5,1,2231.5
j2501,DCE,13:45:14.695#,2266.0,2266.0,2209.5,2461.0,2097.0,1852,5154.0,2228.5,1,2229.0,1,2230.0,2,2230.5,1,2231.0,1,2236.0,7,2237.0,1,2239.5,1,2240.0,2,2240.5,1,2231.5
j2501,DCE,13:45:42.11#,2266.0,2266.0,2209.5,2461.0,2097.0,1853,5155.0,2228.0,2,2228.5,1,2229.0,1,2230.0,2,2230.5,7,2236.0,7,2237.0,1,2239.5,1,2240.0,2,2240.5,1,2231.5
j2501,DCE,13:45:46.94#,2266.0,2266.0,2209.5,2461.0,2097.0,1854,5156.0,2227.5,2,2228.0,2,2228.5,1,2229.0,1,2230.0,2,2236.0,7,2237.0,1,2239.5,1,2240.0,2,2240.5,1,2230.5
j2501,DCE,13:46:13.275#,2266.0,2266.0,2209.5,2461.0,2097.0,1854,5156.0,2227.5,2,2228.0,2,2228.5,1,2229.0,1,2230.0,2,2236.0,8,2237.0,1,2239.5,1,2240.0,2,2240.5,1,2230.5
j2501,DCE,13:46:17.471#,2266.0,2266.0,2209.5,2461.0,2097.0,1855,5157.0,2227.5,2,2228.0,2,2228.5,1,2229.0,1,2230.0,2,2236.0,8,2237.0,1,2239.5,1,2240.0,2,2240.5,1,2230.5
j2501,DCE,13:46:20.612#,2266.0,2266.0,2209.5,2461.0,2097.0,1855,5157.0,2227.5,2,2228.0,2,2228.5,1,2229.0,1,2230.0,6,2236.0,8,2237.0,1,2239.5,1,2240.0,2,2240.5,1,2230.5
j2501,DCE,13:46:20.937#,2266.0,2266.0,2209.5,2461.0,2097.0,1855,5157.0,2227.5,2,2228.0,2,2228.5,1,2229.0,1,2230.0,5,2236.0,8,2237.0,1,2239.5,1,2240.0,2,2240.5,1,2230.5
j2501,DCE,13:46:26.480#,2266.0,2266.0,2209.5,2461.0,2097.0,1855,5157.0,2227.5,2,2228.0,2,2228.5,1,2229.0,2,2230.0,2,2236.0,8,2237.0,1,2239.5,1,2240.0,2,2240.5,1,2230.5
j2501,DCE,13:46:28.192#,2266.0,2266.0,2209.5,2461.0,2097.0,1855,5157.0,2227.5,2,2228.0,2,2228.5,1,2229.0,2,2230.0,2,2235.0,1,2236.0,7,2237.0,1,2239.5,1,2240.0,2,2230.5
j2501,DCE,13:46:28.329#,2266.0,2266.0,2209.5,2461.0,2097.0,1855,5157.0,2227.5,2,2228.0,2,2228.5,1,2229.0,2,2230.0,2,2235.0,1,2236.0,6,2237.0,1,2239.5,1,2240.0,2,2230.5
j2501,DCE,13:46:28.694#,2266.0,2266.0,2209.5,2461.0,2097.0,1855,5157.0,2227.5,2,2228.0,2,2228.5,1,2229.0,2,2230.0,2,2234.5,1,2235.0,1,2236.0,6,2237.0,1,2239.5,1,2230.5
j2501,DCE,13:46:31.735#,2266.0,2266.0,2209.5,2461.0,2097.0,1855,5157.0,2228.0,2,2228.5,1,2229.0,2,2229.5,2,2230.0,1,2234.5,1,2235.0,1,2236.0,6,2237.0,1,2239.5,1,2230.5
j2501,DCE,13:46:31.827#,2266.0,2266.0,2209.5,2461.0,2097.0,1855,5157.0,2227.5,2,2228.0,2,2228.5,1,2229.0,4,2230.0,1,2234.5,1,2235.0,1,2236.0,6,2237.0,1,2239.5,1,2230.5
j2501,DCE,13:46:32.74#,2266.0,2266.0,2209.5,2461.0,2097.0,1855,5157.0,2227.5,2,2228.0,2,2228.5,1,2229.0,3,2230.0,1,2234.5,1,2235.0,1,2236.0,6,2237.0,1,2239.5,1,2230.5
j2501,DCE,13:46:33.328#,2266.0,2266.0,2209.5,2461.0,2097.0,1855,5157.0,2227.5,2,2228.0,2,2228.5,1,2229.0,2,2230.0,1,2234.5,1,2235.0,1,2236.0,6,2237.0,1,2239.5,1,2230.5
j2501,DCE,13:46:34.579#,2266.0,2266.0,2209.5,2461.0,2097.0,1855,5157.0,2227.5,2,2228.0,2,2228.5,6,2229.0,1,2230.0,1,2234.5,1,2235.0,1,2236.0,6,2237.0,1,2239.5,1,2230.5
j2501,DCE,13:46:34.952#,2266.0,2266.0,2209.5,2461.0,2097.0,1855,5157.0,2227.5,2,2228.0,2,2228.5,3,2229.0,1,2230.0,1,2234.5,1,2235.0,1,2236.0,6,2237.0,1,2239.5,1,2230.5
j2501,DCE,13:46:35.214#,2266.0,2266.0,2209.5,2461.0,2097.0,1855,5157.0,2227.0,2,2227.5,2,2228.0,4,2228.5,1,2230.0,1,2234.5,1,2235.0,1,2236.0,6,2237.0,1,2239.5,1,2230.5
j2501,DCE,13:46:35.845#,2266.0,2266.0,2209.5,2461.0,2097.0,1855,5157.0,2227.0,2,2227.5,2,2228.0,5,2228.5,1,2230.0,1,2234.5,1,2235.0,1,2236.0,6,2237.0,1,2239.5,1,2230.5
j2501,DCE,13:46:37.332#,2266.0,2266.0,2209.5,2461.0,2097.0,1855,5157.0,2227.0,2,2227.5,2,2228.0,6,2228.5,1,2230.0,1,2234.5,1,2235.0,1,2236.0,6,2237.0,1,2239.5,1,2230.5
j2501,DCE,13:46:37.708#,2266.0,2266.0,2209.5,2461.0,2097.0,1855,5157.0,2227.0,2,2227.5,2,2228.0,2,2228.5,3,2230.0,1,2234.5,1,2235.0,1,2236.0,6,2237.0,1,2239.5,1,2230.5
j2501,DCE,13:46:39.422#,2266.0,2266.0,2209.5,2461.0,2097.0,1855,5157.0,2227.0,2,2227.5,2,2228.0,2,2228.5,4,2230.0,1,2234.5,1,2235.0,1,2236.0,6,2237.0,1,2239.5,1,2230.5
j2501,DCE,13:46:39.844#,2266.0,2266.0,2209.5,2461.0,2097.0,1855,5157.0,2227.5,2,2228.0,2,2228.5,1,2229.0,1,2230.0,1,2234.5,1,2235.0,1,2236.0,6,2237.0,1,2239.5,1,2230.5
j2501,DCE,13:46:42.271#,2266.0,2266.0,2209.5,2461.0,2097.0,1855,5157.0,2227.0,2,2227.5,2,2228.0,2,2228.5,5,2230.0,1,2234.5,1,2235.0,1,2236.0,6,2237.0,1,2239.5,1,2230.5
j2501,DCE,13:46:42.333#,2266.0,2266.0,2209.5,2461.0,2097.0,1855,5157.0,2227.0,2,2227.5,2,2228.0,2,2228.5,3,2230.0,1,2234.5,1,2235.0,1,2236.0,6,2237.0,1,2239.5,1,2230.5
j2501,DCE,13:46:42.593#,2266.0,2266.0,2209.5,2461.0,2097.0,1855,5157.0,2227.0,2,2227.5,2,2228.0,6,2228.5,1,2230.0,1,2234.5,1,2235.0,1,2236.0,6,2237.0,1,2239.5,1,2230.5
j2501,DCE,13:46:43.331#,2266.0,2266.0,2209.5,2461.0,2097.0,1855,5157.0,2227.0,2,2227.5,2,2228.0,5,2228.5,1,2230.0,1,2234.5,1,2235.0,1,2236.0,6,2237.0,1,2239.5,1,2230.5
j2501,DCE,13:46:44.304#,2266.0,2266.0,2209.5,2461.0,2097.0,1856,5158.0,2226.0,1,2227.0,2,2227.5,3,2228.0,2,2228.5,1,2234.5,1,2235.0,1,2236.0,6,2237.0,1,2239.5,1,2230.0
j2501,DCE,13:46:44.449#,2266.0,2266.0,2209.5,2461.0,2097.0,1856,5158.0,2224.0,1,2226.0,1,2227.0,3,2227.5,3,2228.0,1,2234.5,1,2235.0,1,2236.0,6,2237.0,1,2239.5,1,2230.0
j2501,DCE,13:46:46.934#,2266.0,2266.0,2209.5,2461.0,2097.0,1856,5158.0,2224.0,1,2226.0,1,2227.0,3,2227.5,2,2228.0,2,2234.5,1,2235.0,1,2236.0,6,2237.0,1,2239.5,1,2230.0
j2501,DCE,13:46:47.280#,2266.0,2266.0,2209.5,2461.0,2097.0,1856,5158.0,2224.0,1,2226.0,1,2227.0,3,2227.5,2,2228.0,1,2234.5,1,2235.0,1,2236.0,6,2237.0,1,2239.5,1,2230.0
j2501,DCE,13:46:47.327#,2266.0,2266.0,2209.5,2461.0,2097.0,1856,5158.0,2224.0,1,2226.0,1,2227.0,3,2227.5,2,2228.0,2,2234.5,1,2235.0,1,2236.0,6,2237.0,1,2239.5,1,2230.0
j2501,DCE,13:46:47.753#,2266.0,2266.0,2209.5,2461.0,2097.0,1856,5158.0,2224.0,1,2226.0,1,2227.0,3,2227.5,3,2228.0,1,2234.5,1,2235.0,1,2236.0,6,2237.0,1,2239.5,1,2230.0
j2501,DCE,13:46:48.957#,2266.0,2266.0,2209.5,2461.0,2097.0,1857,5158.0,2223.5,1,2224.0,1,2226.0,1,2227.0,3,2227.5,3,2234.5,1,2235.0,1,2236.0,6,2237.0,1,2239.5,1,2228.0
j2501,DCE,13:46:49.190#,2266.0,2266.0,2209.5,2461.0,2097.0,1857,5158.0,2223.5,1,2224.0,1,2226.0,1,2227.0,3,2227.5,3,2234.0,1,2234.5,1,2235.0,1,2236.0,6,2237.0,1,2228.0
j2501,DCE,13:46:49.432#,2266.0,2266.0,2209.5,2461.0,2097.0,1857,5158.0,2223.5,1,2224.0,1,2226.0,1,2227.0,3,2227.5,3,2234.0,1,2235.0,1,2236.0,6,2237.0,1,2239.5,1,2228.0
j2501,DCE,13:46:49.725#,2266.0,2266.0,2209.5,2461.0,2097.0,1857,5158.0,2223.5,1,2224.0,1,2226.0,1,2227.0,3,2227.5,3,2228.0,1,2231.0,1,2233.5,1,2234.0,1,2235.0,1,2228.0
j2501,DCE,13:46:49.831#,2266.0,2266.0,2209.5,2461.0,2097.0,1858,5158.0,2224.0,1,2226.0,1,2227.0,3,2227.5,2,2228.0,2,2234.0,1,2235.0,1,2236.0,6,2237.0,1,2239.5,1,2228.0
j2501,DCE,13:46:50.178#,2266.0,2266.0,2209.5,2461.0,2097.0,1858,5158.0,2224.0,1,2226.0,1,2227.0,3,2227.5,2,2228.0,2,2232.0,1,2234.0,1,2235.0,1,2236.0,6,2237.0,1,2228.0
j2501,DCE,13:46:53.624#,2266.0,2266.0,2209.5,2461.0,2097.0,1858,5158.0,2224.0,1,2226.0,1,2227.0,3,2227.5,3,2228.0,2,2232.0,1,2234.0,1,2235.0,1,2236.0,6,2237.0,1,2228.0
j2501,DCE,13:46:56.836#,2266.0,2266.0,2209.5,2461.0,2097.0,1858,5158.0,2224.0,1,2226.0,1,2227.0,2,2227.5,3,2228.0,2,2232.0,1,2234.0,1,2235.0,1,2236.0,6,2237.0,1,2228.0
j2501,DCE,13:47:00.158#,2266.0,2266.0,2209.5,2461.0,2097.0,1858,5158.0,2224.0,1,2226.0,1,2227.0,2,2227.5,1,2228.0,3,2232.0,1,2234.0,1,2235.0,1,2236.0,6,2237.0,1,2228.0
j2501,DCE,13:47:00.338#,2266.0,2266.0,2209.5,2461.0,2097.0,1858,5158.0,2226.0,1,2226.5,1,2227.0,2,2227.5,1,2228.0,3,2232.0,1,2234.0,1,2235.0,1,2236.0,6,2237.0,1,2228.0
j2501,DCE,13:47:02.829#,2266.0,2266.0,2209.5,2461.0,2097.0,1858,5158.0,2226.0,1,2226.5,1,2227.0,2,2227.5,3,2228.0,2,2232.0,1,2234.0,1,2235.0,1,2236.0,6,2237.0,1,2228.0
j2501,DCE,13:47:03.279#,2266.0,2266.0,2209.5,2461.0,2097.0,1858,5158.0,2226.0,1,2226.5,1,2227.0,1,2227.5,3,2228.0,2,2232.0,1,2234.0,1,2235.0,1,2236.0,6,2237.0,1,2228.0
j2501,DCE,13:47:09.860#,2266.0,2266.0,2209.5,2461.0,2097.0,1858,5158.0,2226.0,1,2226.5,1,2227.0,1,2227.5,2,2228.0,2,2232.0,1,2234.0,1,2235.0,1,2236.0,6,2237.0,1,2228.0
j2501,DCE,13:47:11.25#,2266.0,2266.0,2209.5,2461.0,2097.0,1858,5158.0,2226.0,1,2226.5,3,2227.0,1,2227.5,1,2228.0,2,2232.0,1,2234.0,1,2235.0,1,2236.0,6,2237.0,1,2228.0
j2501,DCE,13:47:11.189#,2266.0,2266.0,2209.5,2461.0,2097.0,1858,5158.0,2226.0,1,2226.5,2,2227.0,1,2227.5,1,2228.0,2,2232.0,1,2234.0,1,2235.0,1,2236.0,6,2237.0,1,2228.0
j2501,DCE,13:47:12.873#,2266.0,2266.0,2209.5,2461.0,2097.0,1858,5158.0,2225.5,2,2226.0,1,2227.0,1,2227.5,1,2228.0,2,2232.0,1,2234.0,1,2235.0,1,2236.0,6,2237.0,1,2228.0
j2501,DCE,13:47:13.185#,2266.0,2266.0,2209.5,2461.0,2097.0,1858,5158.0,2224.0,1,2226.0,3,2227.0,1,2227.5,1,2228.0,1,2232.0,1,2234.0,1,2235.0,1,2236.0,6,2237.0,1,2228.0
j2501,DCE,13:47:13.447#,2266.0,2266.0,2209.5,2461.0,2097.0,1858,5158.0,2225.0,1,2226.0,3,2227.0,1,2227.5,1,2228.0,1,2232.0,1,2234.0,1,2235.0,1,2236.0,6,2237.0,1,2228.0
j2501,DCE,13:47:16.765#,2266.0,2266.0,2209.5,2461.0,2097.0,1858,5158.0,2225.0,1,2226.0,4,2227.0,1,2227.5,1,2228.0,1,2232.0,1,2234.0,1,2235.0,1,2236.0,6,2237.0,1,2228.0
j2501,DCE,13:47:18.327#,2266.0,2266.0,2209.5,2461.0,2097.0,1858,5158.0,2226.0,1,2226.5,1,2227.0,1,2227.5,1,2228.0,1,2232.0,1,2234.0,1,2235.0,1,2236.0,6,2237.0,1,2228.0
j2501,DCE,13:47:18.574#,2266.0,2266.0,2209.5,2461.0,2097.0,1858,5158.0,2225.0,1,2226.0,1,2227.0,2,2227.5,1,2228.0,1,2232.0,1,2234.0,1,2235.0,1,2236.0,6,2237.0,1,2228.0
j2501,DCE,13:47:18.936#,2266.0,2266.0,2209.5,2461.0,2097.0,1858,5158.0,2225.0,1,2226.0,1,2227.0,4,2227.5,1,2228.0,1,2232.0,1,2234.0,1,2235.0,1,2236.0,6,2237.0,1,2228.0
j2501,DCE,13:47:19.90#,2266.0,2266.0,2209.5,2461.0,2097.0,1858,5158.0,2225.0,1,2226.0,1,2227.0,1,2227.5,2,2228.0,1,2232.0,1,2234.0,1,2235.0,1,2236.0,6,2237.0,1,2228.0
j2501,DCE,13:47:19.414#,2266.0,2266.0,2209.5,2461.0,2097.0,1858,5158.0,2225.0,1,2226.0,1,2227.0,1,2227.5,4,2228.0,1,2232.0,1,2234.0,1,2235.0,1,2236.0,6,2237.0,1,2228.0
j2501,DCE,13:47:19.583#,2266.0,2266.0,2209.5,2461.0,2097.0,1858,5158.0,2225.0,1,2226.0,1,2227.0,1,2227.5,1,2228.0,4,2232.0,1,2234.0,1,2235.0,1,2236.0,6,2237.0,1,2228.0
j2501,DCE,13:47:19.919#,2266.0,2266.0,2209.5,2461.0,2097.0,1858,5158.0,2224.0,1,2226.0,1,2227.0,1,2227.5,4,2228.0,1,2232.0,1,2234.0,1,2235.0,1,2236.0,6,2237.0,1,2228.0
j2501,DCE,13:47:20.208#,2266.0,2266.0,2209.5,2461.0,2097.0,1858,5158.0,2226.0,1,2226.5,1,2227.0,1,2227.5,4,2228.0,1,2232.0,1,2234.0,1,2235.0,1,2236.0,6,2237.0,1,2228.0
j2501,DCE,13:47:20.434#,2266.0,2266.0,2209.5,2461.0,2097.0,1859,5159.0,2224.0,1,2226.0,1,2226.5,1,2227.0,1,2227.5,1,2232.0,1,2234.0,1,2235.0,1,2236.0,6,2237.0,1,2228.0
j2501,DCE,13:47:24.548#,2266.0,2266.0,2209.5,2461.0,2097.0,1859,5159.0,2224.0,1,2226.0,1,2226.5,1,2227.0,1,2227.5,1,2232.0,2,2234.0,1,2235.0,1,2236.0,6,2237.0,1,2228.0
j2501,DCE,13:47:24.739#,2266.0,2266.0,2209.5,2461.0,2097.0,1859,5159.0,2224.0,1,2226.0,1,2227.0,1,2227.5,1,2228.0,1,2234.0,1,2235.0,1,2236.0,6,2239.5,1,2240.0,2,2228.0
j2501,DCE,13:47:24.832#,2266.0,2266.0,2209.5,2461.0,2097.0,1859,5159.0,2226.0,1,2227.0,1,2227.5,1,2228.0,2,2228.5,3,2233.5,1,2234.0,1,2235.0,1,2236.0,6,2239.5,1,2228.0
j2501,DCE,13:47:25.81#,2266.0,2266.0,2209.5,2461.0,2097.0,1859,5159.0,2227.0,1,2227.5,1,2228.0,2,2228.5,3,2229.0,4,2233.5,1,2234.0,1,2235.0,1,2236.0,6,2239.5,1,2228.0
j2501,DCE,13:47:27.832#,2266.0,2266.0,2209.5,2461.0,2097.0,1859,5159.0,2226.0,1,2227.0,1,2227.5,1,2228.0,2,2228.5,3,2233.5,1,2234.0,1,2235.0,1,2236.0,6,2239.5,1,2228.0
j2501,DCE,13:47:29.831#,2266.0,2266.0,2209.5,2461.0,2097.0,1859,5159.0,2227.0,1,2227.5,1,2228.0,2,2228.5,3,2229.0,1,2233.5,1,2234.0,1,2235.0,1,2236.0,6,2239.5,1,2228.0
j2501,DCE,13:47:32.335#,2266.0,2266.0,2209.5,2461.0,2097.0,1859,5159.0,2226.0,1,2227.0,1,2227.5,1,2228.0,2,2228.5,3,2233.5,1,2234.0,1,2235.0,1,2236.0,6,2239.5,1,2228.0
j2501,DCE,13:47:33.188#,2266.0,2266.0,2209.5,2461.0,2097.0,1859,5159.0,2226.0,1,2227.0,1,2227.5,1,2228.0,2,2228.5,2,2233.5,1,2234.0,1,2235.0,1,2236.0,6,2239.5,1,2228.0
j2501,DCE,13:47:35.415#,2266.0,2266.0,2209.5,2461.0,2097.0,1859,5159.0,2226.0,1,2227.0,1,2227.5,1,2228.0,2,2228.5,5,2233.5,1,2234.0,1,2235.0,1,2236.0,6,2239.5,1,2228.0
j2501,DCE,13:47:37.472#,2266.0,2266.0,2209.5,2461.0,2097.0,1859,5159.0,2226.0,1,2227.0,1,2227.5,1,2228.0,5,2228.5,2,2233.5,1,2234.0,1,2235.0,1,2236.0,6,2239.5,1,2228.0
j2501,DCE,13:47:37.714#,2266.0,2266.0,2209.5,2461.0,2097.0,1859,5159.0,2226.0,1,2227.0,1,2227.5,1,2228.0,4,2228.5,2,2233.5,1,2234.0,1,2235.0,1,2236.0,6,2239.5,1,2228.0
j2501,DCE,13:47:42.614#,2266.0,2266.0,2209.5,2461.0,2097.0,1859,5159.0,2226.0,1,2227.0,1,2227.5,1,2228.0,2,2228.5,2,2233.5,1,2234.0,1,2235.0,1,2236.0,6,2239.5,1,2228.0
j2501,DCE,13:47:42.828#,2266.0,2266.0,2209.5,2461.0,2097.0,1859,5159.0,2226.0,1,2227.0,1,2227.5,1,2228.0,1,2228.5,2,2233.5,1,2234.0,1,2235.0,1,2236.0,6,2239.5,1,2228.0
j2501,DCE,13:47:46.327#,2266.0,2266.0,2209.5,2461.0,2097.0,1859,5159.0,2224.0,1,2226.0,1,2227.0,1,2227.5,4,2228.5,2,2233.5,1,2234.0,1,2235.0,1,2236.0,6,2239.5,1,2228.0
j2501,DCE,13:47:49.590#,2266.0,2266.0,2209.5,2461.0,2097.0,1859,5159.0,2224.0,1,2226.0,1,2227.0,1,2227.5,3,2228.5,2,2233.5,1,2234.0,1,2235.0,1,2236.0,6,2239.5,1,2228.0
j2501,DCE,13:47:49.832#,2266.0,2266.0,2209.5,2461.0,2097.0,1859,5159.0,2224.0,1,2226.0,1,2227.0,1,2227.5,4,2228.5,2,2233.5,1,2234.0,1,2235.0,1,2236.0,6,2239.5,1,2228.0
j2501,DCE,13:47:55.75#,2266.0,2266.0,2209.5,2461.0,2097.0,1860,5159.0,2226.5,1,2227.0,1,2227.5,1,2228.0,1,2228.5,1,2233.5,1,2234.0,1,2235.0,1,2236.0,6,2239.5,1,2228.5
j2501,DCE,13:47:57.148#,2266.0,2266.0,2209.5,2461.0,2097.0,1860,5159.0,2226.5,1,2227.0,1,2227.5,1,2228.0,1,2228.5,1,2233.5,1,2234.0,1,2235.0,1,2236.0,6,2239.5,1,2228.5
j2501,DCE,13:47:58.703#,2266.0,2266.0,2209.5,2461.0,2097.0,1860,5159.0,2226.0,1,2226.5,1,2227.0,1,2227.5,1,2228.5,2,2233.5,1,2234.0,1,2235.0,1,2236.0,6,2239.5,1,2228.5
j2501,DCE,13:47:59.74#,2266.0,2266.0,2209.5,2461.0,2097.0,1860,5159.0,2224.0,1,2226.0,1,2227.0,1,2227.5,2,2228.5,4,2233.5,1,2234.0,1,2235.0,1,2236.0,6,2239.5,1,2228.5
j2501,DCE,13:48:00.336#,2266.0,2266.0,2209.5,2461.0,2097.0,1860,5159.0,2224.0,1,2226.0,1,2227.0,1,2227.5,2,2228.5,3,2233.5,1,2234.0,1,2235.0,1,2236.0,6,2239.5,1,2228.5
j2501,DCE,13:48:01.82#,2266.0,2266.0,2209.5,2461.0,2097.0,1860,5159.0,2224.0,1,2226.0,1,2227.0,1,2227.5,2,2228.5,2,2233.5,1,2234.0,1,2235.0,1,2236.0,6,2239.5,1,2228.5
j2501,DCE,13:48:02.410#,2266.0,2266.0,2209.5,2461.0,2097.0,1860,5159.0,2224.0,1,2226.0,1,2227.0,1,2227.5,2,2228.5,3,2233.5,1,2234.0,1,2235.0,1,2236.0,6,2239.5,1,2228.5
j2501,DCE,13:48:03.681#,2266.0,2266.0,2209.5,2461.0,2097.0,1860,5159.0,2226.0,1,2227.0,1,2227.5,2,2228.5,3,2229.0,1,2233.5,1,2234.0,1,2236.0,6,2239.5,1,2240.0,3,2228.5
j2501,DCE,13:48:03.836#,2266.0,2266.0,2209.5,2461.0,2097.0,1860,5159.0,2226.0,1,2227.0,1,2227.5,2,2228.5,3,2229.0,1,2233.0,1,2233.5,1,2234.0,1,2236.0,6,2239.5,1,2228.5
j2501,DCE,13:48:05.887#,2266.0,2266.0,2209.5,2461.0,2097.0,1860,5159.0,2226.0,1,2227.0,1,2227.5,2,2228.5,1,2229.0,2,2233.0,1,2233.5,1,2234.0,1,2236.0,6,2239.5,1,2228.5
j2501,DCE,13:48:06.829#,2266.0,2266.0,2209.5,2461.0,2097.0,1860,5159.0,2226.0,1,2227.0,1,2227.5,2,2228.5,1,2229.0,3,2233.0,1,2233.5,1,2234.0,1,2236.0,6,2239.5,1,2228.5
j2501,DCE,13:48:09.581#,2266.0,2266.0,2209.5,2461.0,2097.0,1860,5159.0,2226.0,1,2227.0,1,2227.5,2,2228.5,1,2229.0,2,2233.0,1,2233.5,1,2234.0,1,2236.0,6,2239.5,1,2228.5
j2501,DCE,13:48:14.115#,2266.0,2266.0,2209.5,2461.0,2097.0,1860,5159.0,2226.0,1,2227.0,1,2227.5,2,2228.5,4,2229.0,1,2233.0,1,2233.5,1,2234.0,1,2236.0,6,2239.5,1,2228.5
j2501,DCE,13:48:16.296#,2266.0,2266.0,2209.5,2461.0,2097.0,1860,5159.0,2226.0,1,2227.0,1,2227.5,2,2228.5,4,2230.0,1,2233.0,1,2233.5,1,2234.0,1,2236.0,6,2239.5,1,2228.5
j2501,DCE,13:48:18.718#,2266.0,2266.0,2209.5,2461.0,2097.0,1860,5159.0,2226.0,1,2227.0,1,2227.5,2,2228.5,4,2231.0,1,2233.0,1,2233.5,1,2234.0,1,2236.0,6,2239.5,1,2228.5
j2501,DCE,13:48:20.427#,2266.0,2266.0,2209.5,2461.0,2097.0,1860,5159.0,2227.0,1,2227.5,2,2228.5,1,2229.0,1,2231.0,1,2233.0,1,2233.5,1,2234.0,1,2236.0,6,2239.5,1,2228.5
j2501,DCE,13:48:24.994#,2266.0,2266.0,2209.5,2461.0,2097.0,1861,5159.0,2224.0,1,2226.0,1,2227.0,1,2227.5,2,2228.5,1,2233.0,1,2233.5,1,2234.0,1,2236.0,6,2239.5,1,2231.0
j2501,DCE,13:48:27.31#,2266.0,2266.0,2209.5,2461.0,2097.0,1861,5159.0,2224.0,1,2226.0,1,2227.0,1,2227.5,2,2228.5,1,2233.0,1,2233.5,1,2234.0,1,2236.0,6,2239.5,2,2231.0
j2501,DCE,13:48:38.748#,2266.0,2266.0,2209.5,2461.0,2097.0,1861,5159.0,2224.0,1,2226.0,1,2227.0,1,2227.5,2,2228.5,1,2233.0,1,2233.5,1,2234.0,1,2236.0,6,2239.0,1,2231.0
j2501,DCE,13:48:39.328#,2266.0,2266.0,2209.5,2461.0,2097.0,1861,5159.0,2224.0,1,2226.0,1,2227.0,1,2227.5,2,2228.5,4,2233.0,1,2233.5,1,2234.0,1,2236.0,6,2239.0,1,2231.0
j2501,DCE,13:48:43.827#,2266.0,2266.0,2209.5,2461.0,2097.0,1861,5159.0,2224.0,1,2226.0,1,2227.0,1,2227.5,2,2228.5,1,2233.0,1,2233.5,1,2234.0,1,2236.0,6,2239.0,1,2231.0
j2501,DCE,13:48:47.74#,2266.0,2266.0,2209.5,2461.0,2097.0,1861,5159.0,2224.0,1,2226.0,1,2227.0,1,2227.5,2,2228.5,4,2233.0,1,2233.5,1,2234.0,1,2236.0,6,2239.0,1,2231.0
j2501,DCE,13:48:48.829#,2266.0,2266.0,2209.5,2461.0,2097.0,1861,5159.0,2224.0,1,2226.0,1,2227.0,1,2227.5,2,2228.5,1,2233.0,1,2233.5,1,2234.0,1,2236.0,6,2239.0,1,2231.0
j2501,DCE,13:48:50.832#,2266.0,2266.0,2209.5,2461.0,2097.0,1861,5159.0,2226.0,1,2227.0,1,2227.5,2,2228.5,1,2229.0,1,2233.0,1,2233.5,1,2234.0,1,2236.0,6,2239.0,1,2231.0
j2501,DCE,13:48:51.82#,2266.0,2266.0,2209.5,2461.0,2097.0,1861,5159.0,2227.0,1,2227.5,1,2228.5,1,2229.0,1,2229.5,1,2233.0,1,2233.5,1,2234.0,1,2236.0,6,2239.0,1,2231.0
j2501,DCE,13:48:51.331#,2266.0,2266.0,2209.5,2461.0,2097.0,1861,5159.0,2226.0,1,2227.0,1,2227.5,1,2228.5,2,2229.0,1,2233.0,1,2233.5,1,2234.0,1,2236.0,6,2239.0,1,2231.0
j2501,DCE,13:48:54.776#,2266.0,2266.0,2209.5,2461.0,2097.0,1862,5160.0,2226.0,1,2227.0,1,2227.5,1,2228.5,2,2229.0,1,2233.0,1,2233.5,1,2234.0,1,2236.0,6,2239.0,1,2229.5
j2501,DCE,13:48:57.587#,2266.0,2266.0,2209.5,2461.0,2097.0,1862,5160.0,2227.0,1,2227.5,1,2228.5,2,2229.0,1,2229.5,3,2233.0,1,2233.5,1,2234.0,1,2236.0,6,2239.0,1,2229.5
j2501,DCE,13:48:57.832#,2266.0,2266.0,2209.5,2461.0,2097.0,1862,5160.0,2226.0,1,2227.0,1,2227.5,1,2228.5,2,2229.0,1,2233.0,1,2233.5,1,2234.0,1,2236.0,6,2239.0,1,2229.5
j2501,DCE,13:48:58.80#,2266.0,2266.0,2209.5,2461.0,2097.0,1862,5160.0,2227.0,1,2227.5,1,2228.5,2,2229.0,1,2229.5,1,2233.0,1,2233.5,1,2234.0,1,2236.0,6,2239.0,1,2229.5
j2501,DCE,13:48:58.435#,2266.0,2266.0,2209.5,2461.0,2097.0,1862,5160.0,2226.0,1,2227.0,1,2227.5,1,2228.5,2,2229.0,1,2233.0,1,2233.5,1,2234.0,1,2236.0,6,2239.0,1,2229.5
j2501,DCE,13:48:58.833#,2266.0,2266.0,2209.5,2461.0,2097.0,1862,5160.0,2227.0,1,2227.5,1,2228.5,2,2229.0,1,2229.5,1,2233.0,1,2233.5,1,2234.0,1,2236.0,6,2239.0,1,2229.5
j2501,DCE,13:48:59.291#,2266.0,2266.0,2209.5,2461.0,2097.0,1862,5160.0,2226.0,1,2227.0,1,2227.5,1,2228.5,2,2229.0,1,2233.0,1,2233.5,1,2234.0,1,2236.0,6,2239.0,1,2229.5
j2501,DCE,13:48:59.328#,2266.0,2266.0,2209.5,2461.0,2097.0,1862,5160.0,2227.0,1,2227.5,1,2228.5,2,2229.0,1,2229.5,1,2233.0,1,2233.5,1,2234.0,1,2236.0,6,2239.0,1,2229.5
j2501,DCE,13:48:59.576#,2266.0,2266.0,2209.5,2461.0,2097.0,1862,5160.0,2227.0,1,2227.5,1,2228.5,2,2229.0,1,2229.5,3,2233.0,1,2233.5,1,2234.0,1,2236.0,6,2239.0,1,2229.5
j2501,DCE,13:48:59.830#,2266.0,2266.0,2209.5,2461.0,2097.0,1862,5160.0,2226.0,1,2227.0,1,2227.5,1,2228.5,2,2229.0,1,2233.0,1,2233.5,1,2234.0,1,2236.0,6,2239.0,1,2229.5
j2501,DCE,13:49:00.123#,2266.0,2266.0,2209.5,2461.0,2097.0,1864,5162.0,2226.0,1,2227.0,1,2227.5,1,2228.5,2,2229.0,3,2233.0,1,2233.5,1,2234.0,1,2236.0,6,2239.0,1,2232.5
j2501,DCE,13:49:00.584#,2266.0,2266.0,2209.5,2461.0,2097.0,1864,5162.0,2227.0,1,2227.5,1,2228.5,2,2229.0,3,2229.5,1,2233.0,1,2233.5,1,2234.0,1,2236.0,6,2239.0,1,2232.5
j2501,DCE,13:49:01.339#,2266.0,2266.0,2209.5,2461.0,2097.0,1864,5162.0,2226.0,1,2227.0,1,2227.5,1,2228.5,2,2229.0,3,2233.0,1,2233.5,1,2234.0,1,2236.0,6,2239.0,1,2232.5
j2501,DCE,13:49:01.590#,2266.0,2266.0,2209.5,2461.0,2097.0,1864,5162.0,2224.0,1,2226.0,1,2227.0,1,2227.5,1,2228.5,2,2233.0,1,2233.5,1,2234.0,1,2236.0,6,2239.0,1,2232.5
j2501,DCE,13:49:02.612#,2266.0,2266.0,2209.5,2461.0,2097.0,1864,5162.0,2224.0,1,2226.0,1,2227.0,1,2227.5,1,2228.5,1,2233.0,1,2233.5,1,2234.0,1,2236.0,6,2239.0,1,2232.5
j2501,DCE,13:49:02.853#,2266.0,2266.0,2209.5,2461.0,2097.0,1864,5162.0,2224.0,1,2226.0,1,2227.0,1,2227.5,2,2228.5,1,2233.0,1,2233.5,1,2234.0,1,2236.0,6,2239.0,1,2232.5
j2501,DCE,13:49:03.75#,2266.0,2266.0,2209.5,2461.0,2097.0,1864,5162.0,2224.0,1,2226.0,1,2227.0,1,2227.5,2,2228.5,1,2233.0,1,2234.0,1,2236.0,6,2239.0,1,2239.5,1,2232.5
j2501,DCE,13:49:08.196#,2266.0,2266.0,2209.5,2461.0,2097.0,1864,5162.0,2226.0,1,2227.0,1,2227.5,2,2228.5,1,2229.0,2,2233.0,1,2234.0,1,2236.0,6,2239.0,1,2239.5,1,2232.5
j2501,DCE,13:49:08.329#,2266.0,2266.0,2209.5,2461.0,2097.0,1864,5162.0,2224.0,1,2226.0,1,2227.0,1,2227.5,2,2228.5,1,2233.0,2,2234.0,1,2236.0,6,2239.0,1,2239.5,1,2232.5
j2501,DCE,13:49:08.579#,2266.0,2266.0,2209.5,2461.0,2097.0,1864,5162.0,2226.0,1,2227.0,1,2227.5,2,2228.5,1,2229.0,2,2233.0,2,2234.0,1,2236.0,6,2239.0,1,2239.5,1,2232.5
j2501,DCE,13:49:09.585#,2266.0,2266.0,2209.5,2461.0,2097.0,1864,5162.0,2226.0,1,2227.0,1,2227.5,2,2228.5,1,2229.0,1,2233.0,2,2234.0,1,2236.0,6,2239.0,1,2239.5,1,2232.5
j2501,DCE,13:49:09.829#,2266.0,2266.0,2209.5,2461.0,2097.0,1864,5162.0,2224.0,1,2226.0,1,2227.0,1,2227.5,2,2228.5,1,2233.0,2,2234.0,1,2236.0,6,2239.0,1,2239.5,1,2232.5
j2501,DCE,13:49:22.367#,2266.0,2266.0,2209.5,2461.0,2097.0,1864,5162.0,2224.0,1,2226.0,1,2227.0,1,2227.5,2,2228.5,1,2233.0,2,2234.0,1,2236.0,6,2238.5,1,2239.5,1,2232.5
j2501,DCE,13:49:26.155#,2266.0,2266.0,2209.5,2461.0,2097.0,1865,5163.0,2224.0,1,2226.0,1,2227.0,1,2227.5,2,2228.5,4,2233.0,2,2234.0,1,2236.0,6,2238.5,1,2239.5,1,2229.0
j2501,DCE,13:49:26.328#,2266.0,2266.0,2209.5,2461.0,2097.0,1865,5163.0,2224.0,1,2226.0,1,2227.0,1,2227.5,2,2228.5,1,2233.0,2,2234.0,1,2236.0,6,2238.5,1,2239.5,1,2229.0
j2501,DCE,13:49:28.74#,2266.0,2266.0,2209.5,2461.0,2097.0,1865,5163.0,2224.0,1,2226.0,1,2227.0,1,2227.5,2,2228.5,4,2233.0,2,2234.0,1,2236.0,6,2238.5,1,2239.5,1,2229.0
