InstrumentId,ExchangeId,Datetime,OpenPrice,HighestPrice,LowestPrice,UpperLimitPrice,LowerLimitPrice,Volume,OpenInterest,BidPrice5,BidVolume5,BidPrice4,BidVolume4,BidPrice3,BidVolume3,BidPrice2,BidVolume2,BidPrice1,BidVolume1,AskPrice1,AskVolume1,AskPrice2,AskVolume2,AskPrice3,AskVolume3,AskPrice4,AskVolume4,AskPrice5,AskVolume5,LastPrice
jm2409,DCE,13:38:33.601#,1533.0,1542.0,1505.0,1676.0,1428.0,83147,148839.0,1508.5,18,1509.0,30,1509.5,14,1510.0,29,1510.5,36,1511.5,15,1512.0,23,1512.5,9,1513.0,11,1513.5,4,1510.5
jm2409,DCE,13:38:34.252#,1533.0,1542.0,1505.0,1676.0,1428.0,83147,148839.0,1508.5,18,1509.0,30,1509.5,14,1510.0,29,1510.5,36,1511.5,18,1512.0,23,1512.5,9,1513.0,11,1513.5,4,1510.5
jm2409,DCE,13:38:34.458#,1533.0,1542.0,1505.0,1676.0,1428.0,83147,148839.0,1508.5,18,1509.0,30,1509.5,14,1510.0,29,1510.5,36,1511.5,18,1512.0,24,1512.5,8,1513.0,11,1513.5,4,1510.5
jm2409,DCE,13:38:34.817#,1533.0,1542.0,1505.0,1676.0,1428.0,83147,148839.0,1508.5,18,1509.0,30,1509.5,14,1510.0,29,1510.5,36,1511.5,18,1512.0,25,1512.5,8,1513.0,11,1513.5,4,1510.5
jm2409,DCE,13:38:36.289#,1533.0,1542.0,1505.0,1676.0,1428.0,83148,148840.0,1508.5,18,1509.0,30,1509.5,14,1510.0,29,1510.5,36,1511.5,17,1512.0,26,1512.5,8,1513.0,10,1513.5,4,1511.5
jm2409,DCE,13:38:36.444#,1533.0,1542.0,1505.0,1676.0,1428.0,83148,148840.0,1508.5,18,1509.0,30,1509.5,14,1510.0,29,1510.5,36,1511.5,18,1512.0,26,1512.5,8,1513.0,10,1513.5,4,1511.5
jm2409,DCE,13:38:37.58#,1533.0,1542.0,1505.0,1676.0,1428.0,83148,148840.0,1508.5,18,1509.0,30,1509.5,14,1510.0,29,1510.5,37,1511.5,18,1512.0,26,1512.5,8,1513.0,10,1513.5,4,1511.5
jm2409,DCE,13:38:37.303#,1533.0,1542.0,1505.0,1676.0,1428.0,83148,148840.0,1508.5,18,1509.0,30,1509.5,14,1510.0,29,1510.5,38,1511.5,18,1512.0,26,1512.5,8,1513.0,10,1513.5,4,1511.5
jm2409,DCE,13:38:37.340#,1533.0,1542.0,1505.0,1676.0,1428.0,83148,148840.0,1508.5,18,1509.0,30,1509.5,14,1510.0,29,1510.5,38,1511.5,18,1512.0,26,1512.5,9,1513.0,10,1513.5,4,1511.5
jm2409,DCE,13:38:37.812#,1533.0,1542.0,1505.0,1676.0,1428.0,83150,148842.0,1508.5,18,1509.0,30,1509.5,14,1510.0,29,1510.5,38,1511.5,16,1512.0,26,1512.5,9,1513.0,10,1513.5,4,1511.5
jm2409,DCE,13:38:38.184#,1533.0,1542.0,1505.0,1676.0,1428.0,83150,148842.0,1508.5,18,1509.0,30,1509.5,14,1510.0,29,1510.5,38,1511.5,16,1512.0,26,1512.5,11,1513.0,10,1513.5,4,1511.5
jm2409,DCE,13:38:38.509#,1533.0,1542.0,1505.0,1676.0,1428.0,83151,148841.0,1508.5,18,1509.0,30,1509.5,14,1510.0,29,1510.5,37,1511.0,1,1511.5,16,1512.0,25,1512.5,12,1513.0,10,1510.5
jm2409,DCE,13:38:38.744#,1533.0,1542.0,1505.0,1676.0,1428.0,83153,148839.0,1508.5,18,1509.0,30,1509.5,14,1510.0,29,1510.5,35,1511.0,7,1511.5,16,1512.0,25,1512.5,12,1513.0,10,1510.5
jm2409,DCE,13:38:39.63#,1533.0,1542.0,1505.0,1676.0,1428.0,83153,148839.0,1508.5,18,1509.0,30,1509.5,14,1510.0,27,1510.5,37,1511.0,7,1511.5,16,1512.0,25,1512.5,12,1513.0,10,1510.5
jm2409,DCE,13:38:39.239#,1533.0,1542.0,1505.0,1676.0,1428.0,83153,148839.0,1508.5,18,1509.0,30,1509.5,14,1510.0,32,1510.5,37,1511.0,7,1511.5,16,1512.0,25,1512.5,12,1513.0,10,1510.5
jm2409,DCE,13:38:39.497#,1533.0,1542.0,1505.0,1676.0,1428.0,83153,148839.0,1508.5,18,1509.0,30,1509.5,14,1510.0,32,1510.5,37,1511.0,6,1511.5,16,1512.0,25,1512.5,12,1513.0,10,1510.5
jm2409,DCE,13:38:39.708#,1533.0,1542.0,1505.0,1676.0,1428.0,83154,148839.0,1508.5,18,1509.0,30,1509.5,14,1510.0,32,1510.5,36,1511.0,6,1511.5,16,1512.0,25,1512.5,12,1513.0,10,1510.5
jm2409,DCE,13:38:40.87#,1533.0,1542.0,1505.0,1676.0,1428.0,83154,148839.0,1508.5,18,1509.0,30,1509.5,14,1510.0,32,1510.5,36,1511.0,7,1511.5,16,1512.0,25,1512.5,12,1513.0,10,1510.5
jm2409,DCE,13:38:40.426#,1533.0,1542.0,1505.0,1676.0,1428.0,83154,148839.0,1508.5,18,1509.0,30,1509.5,14,1510.0,32,1510.5,36,1511.0,7,1511.5,16,1512.0,25,1512.5,13,1513.0,10,1510.5
jm2409,DCE,13:38:41.42#,1533.0,1542.0,1505.0,1676.0,1428.0,83154,148839.0,1508.5,18,1509.0,30,1509.5,14,1510.0,31,1510.5,36,1511.0,9,1511.5,16,1512.0,25,1512.5,13,1513.0,10,1510.5
jm2409,DCE,13:38:41.122#,1533.0,1542.0,1505.0,1676.0,1428.0,83155,148839.0,1508.5,18,1509.0,30,1509.5,14,1510.0,31,1510.5,35,1511.0,9,1511.5,16,1512.0,24,1512.5,13,1513.0,10,1510.5
jm2409,DCE,13:38:41.501#,1533.0,1542.0,1505.0,1676.0,1428.0,83156,148839.0,1508.5,18,1509.0,30,1509.5,14,1510.0,31,1510.5,35,1511.0,8,1511.5,16,1512.0,24,1512.5,13,1513.0,10,1511.0
jm2409,DCE,13:38:41.779#,1533.0,1542.0,1505.0,1676.0,1428.0,83156,148839.0,1508.5,18,1509.0,30,1509.5,14,1510.0,21,1510.5,35,1511.0,11,1511.5,16,1512.0,24,1512.5,13,1513.0,10,1511.0
jm2409,DCE,13:38:41.953#,1533.0,1542.0,1505.0,1676.0,1428.0,83157,148838.0,1508.5,18,1509.0,30,1509.5,14,1510.0,21,1510.5,35,1511.0,11,1511.5,16,1512.0,24,1512.5,13,1513.0,10,1510.5
jm2409,DCE,13:38:42.128#,1533.0,1542.0,1505.0,1676.0,1428.0,83157,148838.0,1508.5,18,1509.0,30,1509.5,14,1510.0,21,1510.5,36,1511.0,11,1511.5,16,1512.0,25,1512.5,12,1513.0,10,1510.5
jm2409,DCE,13:38:42.532#,1533.0,1542.0,1505.0,1676.0,1428.0,83158,148837.0,1508.5,18,1509.0,30,1509.5,14,1510.0,20,1510.5,35,1511.0,11,1511.5,16,1512.0,25,1512.5,12,1513.0,10,1510.5
jm2409,DCE,13:38:43.112#,1533.0,1542.0,1505.0,1676.0,1428.0,83158,148837.0,1508.5,18,1509.0,30,1509.5,14,1510.0,20,1510.5,36,1511.0,11,1511.5,16,1512.0,25,1512.5,12,1513.0,10,1510.5
jm2409,DCE,13:38:43.370#,1533.0,1542.0,1505.0,1676.0,1428.0,83158,148837.0,1508.5,18,1509.0,30,1509.5,14,1510.0,23,1510.5,36,1511.0,11,1511.5,16,1512.0,25,1512.5,12,1513.0,10,1510.5
jm2409,DCE,13:38:44.155#,1533.0,1542.0,1505.0,1676.0,1428.0,83168,148844.0,1508.5,18,1509.0,30,1509.5,14,1510.0,23,1510.5,36,1511.0,1,1511.5,16,1512.0,25,1512.5,12,1513.0,10,1511.0
jm2409,DCE,13:38:44.786#,1533.0,1542.0,1505.0,1676.0,1428.0,83169,148845.0,1508.5,18,1509.0,30,1509.5,14,1510.0,23,1510.5,36,1511.5,16,1512.0,25,1512.5,12,1513.0,10,1513.5,4,1511.0
jm2409,DCE,13:38:47.289#,1533.0,1542.0,1505.0,1676.0,1428.0,83171,148847.0,1508.5,18,1509.0,30,1509.5,14,1510.0,23,1510.5,36,1511.5,14,1512.0,25,1512.5,12,1513.0,10,1513.5,4,1511.5
jm2409,DCE,13:38:47.525#,1533.0,1542.0,1505.0,1676.0,1428.0,83172,148846.0,1508.5,18,1509.0,30,1509.5,14,1510.0,23,1510.5,35,1511.5,14,1512.0,25,1512.5,12,1513.0,10,1513.5,4,1510.5
jm2409,DCE,13:38:48.273#,1533.0,1542.0,1505.0,1676.0,1428.0,83172,148846.0,1508.5,18,1509.0,30,1509.5,14,1510.0,23,1510.5,35,1511.5,14,1512.0,26,1512.5,12,1513.0,10,1513.5,4,1510.5
jm2409,DCE,13:38:48.500#,1533.0,1542.0,1505.0,1676.0,1428.0,83172,148846.0,1508.5,18,1509.0,30,1509.5,14,1510.0,24,1510.5,35,1511.5,14,1512.0,26,1512.5,12,1513.0,10,1513.5,4,1510.5
jm2409,DCE,13:38:48.726#,1533.0,1542.0,1505.0,1676.0,1428.0,83172,148846.0,1508.5,18,1509.0,30,1509.5,14,1510.0,24,1510.5,36,1511.5,14,1512.0,26,1512.5,12,1513.0,10,1513.5,4,1510.5
jm2409,DCE,13:38:48.882#,1533.0,1542.0,1505.0,1676.0,1428.0,83172,148846.0,1508.5,18,1509.0,30,1509.5,14,1510.0,24,1510.5,36,1511.5,19,1512.0,26,1512.5,12,1513.0,10,1513.5,4,1510.5
jm2409,DCE,13:38:49.269#,1533.0,1542.0,1505.0,1676.0,1428.0,83172,148846.0,1508.5,18,1509.0,30,1509.5,14,1510.0,24,1510.5,36,1511.5,20,1512.0,26,1512.5,12,1513.0,10,1513.5,4,1510.5
jm2409,DCE,13:38:49.517#,1533.0,1542.0,1505.0,1676.0,1428.0,83172,148846.0,1508.5,18,1509.0,30,1509.5,14,1510.0,24,1510.5,36,1511.5,20,1512.0,27,1512.5,12,1513.0,10,1513.5,4,1510.5
jm2409,DCE,13:38:49.638#,1533.0,1542.0,1505.0,1676.0,1428.0,83172,148846.0,1508.5,18,1509.0,30,1509.5,14,1510.0,24,1510.5,36,1511.5,21,1512.0,27,1512.5,12,1513.0,10,1513.5,4,1510.5
jm2409,DCE,13:38:50.235#,1533.0,1542.0,1505.0,1676.0,1428.0,83172,148846.0,1508.5,18,1509.0,30,1509.5,13,1510.0,24,1510.5,36,1511.5,21,1512.0,27,1512.5,12,1513.0,10,1513.5,4,1510.5
jm2409,DCE,13:38:51.368#,1533.0,1542.0,1505.0,1676.0,1428.0,83172,148846.0,1508.5,18,1509.0,31,1509.5,13,1510.0,24,1510.5,36,1511.5,21,1512.0,27,1512.5,12,1513.0,10,1513.5,4,1510.5
jm2409,DCE,13:38:52.790#,1533.0,1542.0,1505.0,1676.0,1428.0,83172,148846.0,1508.5,18,1509.0,31,1509.5,13,1510.0,27,1510.5,36,1511.5,21,1512.0,27,1512.5,12,1513.0,10,1513.5,4,1510.5
jm2409,DCE,13:38:53.47#,1533.0,1542.0,1505.0,1676.0,1428.0,83172,148846.0,1509.0,31,1509.5,13,1510.0,44,1510.5,37,1511.0,6,1511.5,21,1512.0,27,1512.5,12,1513.0,10,1513.5,4,1510.5
jm2409,DCE,13:38:53.74#,1533.0,1542.0,1505.0,1676.0,1428.0,83172,148846.0,1509.0,31,1509.5,13,1510.0,44,1510.5,37,1511.0,4,1511.5,21,1512.0,27,1512.5,12,1513.0,10,1513.5,4,1510.5
jm2409,DCE,13:38:53.459#,1533.0,1542.0,1505.0,1676.0,1428.0,83172,148846.0,1508.5,18,1509.0,31,1509.5,13,1510.0,44,1510.5,37,1511.5,21,1512.0,27,1512.5,11,1513.0,9,1513.5,4,1510.5
jm2409,DCE,13:38:53.585#,1533.0,1542.0,1505.0,1676.0,1428.0,83172,148846.0,1509.0,31,1509.5,13,1510.0,44,1510.5,37,1511.0,6,1511.5,11,1512.0,27,1512.5,11,1513.0,9,1513.5,4,1510.5
jm2409,DCE,13:38:53.833#,1533.0,1542.0,1505.0,1676.0,1428.0,83172,148846.0,1509.0,31,1509.5,13,1510.0,44,1510.5,37,1511.0,8,1511.5,11,1512.0,27,1512.5,11,1513.0,9,1513.5,4,1510.5
jm2409,DCE,13:38:55.798#,1533.0,1542.0,1505.0,1676.0,1428.0,83172,148846.0,1509.0,31,1509.5,13,1510.0,44,1510.5,37,1511.0,8,1511.5,11,1512.0,28,1512.5,11,1513.0,9,1513.5,4,1510.5
jm2409,DCE,13:38:55.830#,1533.0,1542.0,1505.0,1676.0,1428.0,83172,148846.0,1509.0,31,1509.5,13,1510.0,44,1510.5,37,1511.0,2,1511.5,11,1512.0,28,1512.5,11,1513.0,9,1513.5,4,1510.5
jm2409,DCE,13:38:56.454#,1533.0,1542.0,1505.0,1676.0,1428.0,83173,148846.0,1509.0,32,1509.5,13,1510.0,44,1510.5,37,1511.0,1,1511.5,12,1512.0,28,1512.5,11,1513.0,9,1513.5,4,1511.0
jm2409,DCE,13:38:56.708#,1533.0,1542.0,1505.0,1676.0,1428.0,83173,148846.0,1509.0,32,1509.5,13,1510.0,44,1510.5,37,1511.0,1,1511.5,9,1512.0,28,1512.5,11,1513.0,9,1513.5,4,1511.0
jm2409,DCE,13:38:56.850#,1533.0,1542.0,1505.0,1676.0,1428.0,83174,148847.0,1508.5,18,1509.0,32,1509.5,13,1510.0,44,1510.5,37,1511.0,1,1511.5,9,1512.0,28,1512.5,11,1513.0,9,1511.0
jm2409,DCE,13:38:57.183#,1533.0,1542.0,1505.0,1676.0,1428.0,83174,148847.0,1508.5,18,1509.0,32,1509.5,13,1510.0,44,1510.5,37,1511.0,3,1511.5,8,1512.0,28,1512.5,11,1513.0,9,1511.0
jm2409,DCE,13:38:57.397#,1533.0,1542.0,1505.0,1676.0,1428.0,83174,148847.0,1508.5,18,1509.0,32,1509.5,13,1510.0,45,1510.5,37,1511.0,3,1511.5,8,1512.0,28,1512.5,11,1513.0,9,1511.0
jm2409,DCE,13:38:57.770#,1533.0,1542.0,1505.0,1676.0,1428.0,83174,148847.0,1508.5,18,1509.0,32,1509.5,13,1510.0,47,1510.5,37,1511.0,4,1511.5,8,1512.0,28,1512.5,11,1513.0,9,1511.0
jm2409,DCE,13:38:58.106#,1533.0,1542.0,1505.0,1676.0,1428.0,83174,148847.0,1508.5,18,1509.0,32,1509.5,13,1510.0,48,1510.5,37,1511.0,4,1511.5,8,1512.0,28,1512.5,11,1513.0,9,1511.0
jm2409,DCE,13:38:58.859#,1533.0,1542.0,1505.0,1676.0,1428.0,83174,148847.0,1508.5,18,1509.0,32,1509.5,13,1510.0,48,1510.5,37,1511.0,5,1511.5,8,1512.0,28,1512.5,11,1513.0,9,1511.0
jm2409,DCE,13:39:01.306#,1533.0,1542.0,1505.0,1676.0,1428.0,83175,148848.0,1508.5,18,1509.0,32,1509.5,13,1510.0,48,1510.5,37,1511.0,4,1511.5,8,1512.0,28,1512.5,11,1513.0,9,1511.0
jm2409,DCE,13:39:01.527#,1533.0,1542.0,1505.0,1676.0,1428.0,83175,148848.0,1508.5,18,1509.0,32,1509.5,13,1510.0,37,1510.5,37,1511.0,4,1511.5,8,1512.0,28,1512.5,11,1513.0,9,1511.0
jm2409,DCE,13:39:01.674#,1533.0,1542.0,1505.0,1676.0,1428.0,83177,148847.0,1508.5,18,1509.0,32,1509.5,13,1510.0,37,1510.5,37,1511.0,5,1511.5,8,1512.0,28,1512.5,11,1513.0,9,1511.0
jm2409,DCE,13:39:01.961#,1533.0,1542.0,1505.0,1676.0,1428.0,83177,148847.0,1508.5,18,1509.0,32,1509.5,13,1510.0,37,1510.5,37,1511.0,6,1511.5,9,1512.0,28,1512.5,11,1513.0,9,1511.0
jm2409,DCE,13:39:02.237#,1533.0,1542.0,1505.0,1676.0,1428.0,83180,148850.0,1508.5,18,1509.0,32,1509.5,13,1510.0,37,1510.5,37,1511.0,5,1511.5,10,1512.0,28,1512.5,11,1513.0,9,1511.0
jm2409,DCE,13:39:03.42#,1533.0,1542.0,1505.0,1676.0,1428.0,83180,148850.0,1508.5,18,1509.0,32,1509.5,13,1510.0,37,1510.5,37,1511.0,6,1511.5,10,1512.0,28,1512.5,11,1513.0,9,1511.0
jm2409,DCE,13:39:04.74#,1533.0,1542.0,1505.0,1676.0,1428.0,83180,148850.0,1508.5,18,1509.0,36,1509.5,13,1510.0,34,1510.5,37,1511.0,6,1511.5,10,1512.0,28,1512.5,11,1513.0,9,1511.0
jm2409,DCE,13:39:04.443#,1533.0,1542.0,1505.0,1676.0,1428.0,83180,148850.0,1508.5,18,1509.0,34,1509.5,13,1510.0,34,1510.5,37,1511.0,6,1511.5,10,1512.0,28,1512.5,11,1513.0,9,1511.0
jm2409,DCE,13:39:04.618#,1533.0,1542.0,1505.0,1676.0,1428.0,83180,148850.0,1508.5,18,1509.0,34,1509.5,13,1510.0,34,1510.5,37,1511.0,8,1511.5,10,1512.0,28,1512.5,11,1513.0,9,1511.0
jm2409,DCE,13:39:05.9#,1533.0,1542.0,1505.0,1676.0,1428.0,83182,148848.0,1508.5,18,1509.0,34,1509.5,13,1510.0,34,1510.5,35,1511.0,6,1511.5,10,1512.0,28,1512.5,11,1513.0,9,1510.5
jm2409,DCE,13:39:05.309#,1533.0,1542.0,1505.0,1676.0,1428.0,83184,148848.0,1508.5,18,1509.0,34,1509.5,13,1510.0,34,1510.5,34,1511.0,5,1511.5,10,1512.0,28,1512.5,11,1513.0,9,1511.0
jm2409,DCE,13:39:05.794#,1533.0,1542.0,1505.0,1676.0,1428.0,83186,148848.0,1508.5,18,1509.0,34,1509.5,13,1510.0,34,1510.5,32,1511.0,5,1511.5,10,1512.0,28,1512.5,11,1513.0,9,1510.5
jm2409,DCE,13:39:05.958#,1533.0,1542.0,1505.0,1676.0,1428.0,83186,148848.0,1508.5,18,1509.0,32,1509.5,13,1510.0,34,1510.5,42,1511.0,5,1511.5,10,1512.0,27,1512.5,12,1513.0,9,1510.5
jm2409,DCE,13:39:06.85#,1533.0,1542.0,1505.0,1676.0,1428.0,83186,148848.0,1508.5,18,1509.0,32,1509.5,13,1510.0,34,1510.5,37,1511.0,5,1511.5,10,1512.0,27,1512.5,12,1513.0,9,1510.5
jm2409,DCE,13:39:06.337#,1533.0,1542.0,1505.0,1676.0,1428.0,83186,148848.0,1508.5,18,1509.0,34,1509.5,13,1510.0,34,1510.5,32,1511.0,5,1511.5,10,1512.0,28,1512.5,11,1513.0,9,1510.5
jm2409,DCE,13:39:06.587#,1533.0,1542.0,1505.0,1676.0,1428.0,83186,148848.0,1508.5,18,1509.0,35,1509.5,13,1510.0,34,1510.5,32,1511.0,5,1511.5,10,1512.0,28,1512.5,11,1513.0,9,1510.5
jm2409,DCE,13:39:06.986#,1533.0,1542.0,1505.0,1676.0,1428.0,83186,148848.0,1508.5,18,1509.0,35,1509.5,13,1510.0,39,1510.5,32,1511.0,5,1511.5,10,1512.0,28,1512.5,11,1513.0,9,1510.5
jm2409,DCE,13:39:07.863#,1533.0,1542.0,1505.0,1676.0,1428.0,83187,148849.0,1508.5,18,1509.0,35,1509.5,13,1510.0,39,1510.5,32,1511.0,4,1511.5,10,1512.0,28,1512.5,11,1513.0,9,1511.0
jm2409,DCE,13:39:08.116#,1533.0,1542.0,1505.0,1676.0,1428.0,83187,148849.0,1508.5,18,1509.0,35,1509.5,13,1510.0,39,1510.5,32,1511.0,5,1511.5,10,1512.0,28,1512.5,11,1513.0,9,1511.0
jm2409,DCE,13:39:08.574#,1533.0,1542.0,1505.0,1676.0,1428.0,83188,148848.0,1508.5,18,1509.0,35,1509.5,13,1510.0,39,1510.5,31,1511.0,5,1511.5,10,1512.0,28,1512.5,11,1513.0,9,1510.5
jm2409,DCE,13:39:09.32#,1533.0,1542.0,1505.0,1676.0,1428.0,83198,148843.0,1508.5,18,1509.0,35,1509.5,13,1510.0,39,1510.5,26,1511.0,1,1511.5,10,1512.0,28,1512.5,11,1513.0,9,1511.0
jm2409,DCE,13:39:09.316#,1533.0,1542.0,1505.0,1676.0,1428.0,83198,148843.0,1508.5,18,1509.0,35,1509.5,13,1510.0,39,1510.5,26,1511.0,6,1511.5,10,1512.0,28,1512.5,11,1513.0,9,1511.0
jm2409,DCE,13:39:09.412#,1533.0,1542.0,1505.0,1676.0,1428.0,83198,148843.0,1508.5,18,1509.0,35,1509.5,13,1510.0,39,1510.5,26,1511.0,5,1511.5,10,1512.0,28,1512.5,11,1513.0,9,1511.0
jm2409,DCE,13:39:09.763#,1533.0,1542.0,1505.0,1676.0,1428.0,83198,148843.0,1508.5,18,1509.0,35,1509.5,13,1510.0,39,1510.5,25,1511.0,5,1511.5,10,1512.0,28,1512.5,11,1513.0,9,1511.0
jm2409,DCE,13:39:10.240#,1533.0,1542.0,1505.0,1676.0,1428.0,83198,148843.0,1508.5,18,1509.0,35,1509.5,13,1510.0,39,1510.5,25,1511.0,5,1511.5,9,1512.0,28,1512.5,11,1513.0,9,1511.0
jm2409,DCE,13:39:10.368#,1533.0,1542.0,1505.0,1676.0,1428.0,83198,148843.0,1508.5,18,1509.0,35,1509.5,13,1510.0,39,1510.5,25,1511.0,5,1511.5,9,1512.0,29,1512.5,11,1513.0,9,1511.0
jm2409,DCE,13:39:11.231#,1533.0,1542.0,1505.0,1676.0,1428.0,83198,148843.0,1508.5,18,1509.0,36,1509.5,13,1510.0,39,1510.5,25,1511.0,15,1511.5,9,1512.0,29,1512.5,11,1513.0,9,1511.0
jm2409,DCE,13:39:11.335#,1533.0,1542.0,1505.0,1676.0,1428.0,83201,148843.0,1508.5,18,1509.0,36,1509.5,13,1510.0,39,1510.5,25,1511.0,12,1511.5,9,1512.0,29,1512.5,11,1513.0,9,1511.0
jm2409,DCE,13:39:11.855#,1533.0,1542.0,1505.0,1676.0,1428.0,83201,148843.0,1508.5,18,1509.0,36,1509.5,13,1510.0,40,1510.5,25,1511.0,13,1511.5,9,1512.0,29,1512.5,11,1513.0,9,1511.0
jm2409,DCE,13:39:12.74#,1533.0,1542.0,1505.0,1676.0,1428.0,83215,148843.0,1508.5,18,1509.0,36,1509.5,13,1510.0,40,1510.5,11,1511.0,13,1511.5,9,1512.0,29,1512.5,11,1513.0,9,1510.5
jm2409,DCE,13:39:12.374#,1533.0,1542.0,1505.0,1676.0,1428.0,83226,148853.0,1508.0,35,1508.5,18,1509.0,36,1509.5,13,1510.0,40,1511.0,14,1511.5,9,1512.0,29,1512.5,11,1513.0,9,1510.5
jm2409,DCE,13:39:12.578#,1533.0,1542.0,1505.0,1676.0,1428.0,83226,148853.0,1508.0,35,1508.5,18,1509.0,35,1509.5,13,1510.0,40,1511.0,14,1511.5,10,1512.0,28,1512.5,11,1513.0,9,1510.5
jm2409,DCE,13:39:12.941#,1533.0,1542.0,1505.0,1676.0,1428.0,83231,148855.0,1508.0,35,1508.5,18,1509.0,35,1509.5,13,1510.0,40,1511.0,9,1511.5,10,1512.0,28,1512.5,11,1513.0,9,1511.0
jm2409,DCE,13:39:13.74#,1533.0,1542.0,1505.0,1676.0,1428.0,83231,148855.0,1508.5,18,1509.0,35,1509.5,13,1510.0,40,1510.5,2,1511.0,9,1511.5,9,1512.0,29,1512.5,11,1513.0,9,1511.0
jm2409,DCE,13:39:13.331#,1533.0,1542.0,1505.0,1676.0,1428.0,83231,148855.0,1508.5,18,1509.0,35,1509.5,13,1510.0,40,1510.5,2,1511.0,8,1511.5,9,1512.0,29,1512.5,11,1513.0,9,1511.0
jm2409,DCE,13:39:15.442#,1533.0,1542.0,1505.0,1676.0,1428.0,83233,148856.0,1508.0,35,1508.5,18,1509.0,35,1509.5,13,1510.0,40,1511.0,8,1511.5,9,1512.0,29,1512.5,11,1513.0,9,1510.5
jm2409,DCE,13:39:15.753#,1533.0,1542.0,1505.0,1676.0,1428.0,83234,148856.0,1508.0,35,1508.5,18,1509.0,35,1509.5,13,1510.0,39,1511.0,8,1511.5,9,1512.0,29,1512.5,11,1513.0,9,1510.0
jm2409,DCE,13:39:16.405#,1533.0,1542.0,1505.0,1676.0,1428.0,83234,148856.0,1508.0,35,1508.5,18,1509.0,35,1509.5,13,1510.0,49,1511.0,8,1511.5,9,1512.0,29,1512.5,11,1513.0,9,1510.0
jm2409,DCE,13:39:16.627#,1533.0,1542.0,1505.0,1676.0,1428.0,83234,148856.0,1508.0,35,1508.5,18,1509.0,35,1509.5,13,1510.0,49,1511.0,10,1511.5,9,1512.0,29,1512.5,11,1513.0,9,1510.0
jm2409,DCE,13:39:17.538#,1533.0,1542.0,1505.0,1676.0,1428.0,83239,148856.0,1508.0,35,1508.5,18,1509.0,35,1509.5,13,1510.0,49,1511.0,5,1511.5,9,1512.0,29,1512.5,11,1513.0,9,1511.0
jm2409,DCE,13:39:17.758#,1533.0,1542.0,1505.0,1676.0,1428.0,83240,148855.0,1508.0,35,1508.5,18,1509.0,35,1509.5,13,1510.0,49,1511.0,4,1511.5,9,1512.0,29,1512.5,11,1513.0,9,1511.0
jm2409,DCE,13:39:18.94#,1533.0,1542.0,1505.0,1676.0,1428.0,83240,148855.0,1508.0,35,1508.5,18,1509.0,35,1509.5,13,1510.0,49,1511.0,12,1511.5,9,1512.0,29,1512.5,11,1513.0,9,1511.0
jm2409,DCE,13:39:19.66#,1533.0,1542.0,1505.0,1676.0,1428.0,83240,148855.0,1508.0,35,1508.5,18,1509.0,33,1509.5,13,1510.0,49,1511.0,13,1511.5,9,1512.0,29,1512.5,11,1513.0,10,1511.0
jm2409,DCE,13:39:20.549#,1533.0,1542.0,1505.0,1676.0,1428.0,83240,148855.0,1508.0,35,1508.5,18,1509.0,33,1509.5,13,1510.0,50,1511.0,13,1511.5,9,1512.0,29,1512.5,11,1513.0,10,1511.0
jm2409,DCE,13:39:22.521#,1533.0,1542.0,1505.0,1676.0,1428.0,83241,148855.0,1508.0,35,1508.5,18,1509.0,33,1509.5,13,1510.0,49,1511.0,13,1511.5,9,1512.0,29,1512.5,11,1513.0,9,1510.0
jm2409,DCE,13:39:22.662#,1533.0,1542.0,1505.0,1676.0,1428.0,83241,148855.0,1508.0,35,1508.5,18,1509.0,33,1509.5,13,1510.0,49,1511.0,13,1511.5,9,1512.0,28,1512.5,11,1513.0,9,1510.0
jm2409,DCE,13:39:24.47#,1533.0,1542.0,1505.0,1676.0,1428.0,83242,148855.0,1508.0,35,1508.5,18,1509.0,33,1509.5,13,1510.0,49,1511.0,12,1511.5,9,1512.0,28,1512.5,11,1513.0,9,1511.0
jm2409,DCE,13:39:24.758#,1533.0,1542.0,1505.0,1676.0,1428.0,83243,148856.0,1508.0,35,1508.5,18,1509.0,33,1509.5,13,1510.0,51,1511.0,11,1511.5,9,1512.0,28,1512.5,11,1513.0,9,1511.0
jm2409,DCE,13:39:24.953#,1533.0,1542.0,1505.0,1676.0,1428.0,83243,148856.0,1508.0,35,1508.5,18,1509.0,35,1509.5,13,1510.0,51,1511.0,11,1511.5,9,1512.0,28,1512.5,11,1513.0,9,1511.0
jm2409,DCE,13:39:25.368#,1533.0,1542.0,1505.0,1676.0,1428.0,83245,148858.0,1508.0,35,1508.5,18,1509.0,35,1509.5,13,1510.0,50,1511.0,10,1511.5,9,1512.0,28,1512.5,11,1513.0,9,1510.0
jm2409,DCE,13:39:25.749#,1533.0,1542.0,1505.0,1676.0,1428.0,83245,148858.0,1508.5,18,1509.0,35,1509.5,13,1510.0,50,1510.5,4,1511.0,11,1511.5,9,1512.0,28,1512.5,11,1513.0,9,1510.0
jm2409,DCE,13:39:26.4#,1533.0,1542.0,1505.0,1676.0,1428.0,83245,148858.0,1508.5,18,1509.0,35,1509.5,13,1510.0,51,1510.5,11,1511.0,4,1511.5,9,1512.0,27,1512.5,12,1513.0,9,1510.0
jm2409,DCE,13:39:26.101#,1533.0,1542.0,1505.0,1676.0,1428.0,83245,148858.0,1508.5,18,1509.0,31,1509.5,15,1510.0,51,1510.5,20,1511.0,4,1511.5,9,1512.0,27,1512.5,11,1513.0,9,1510.0
jm2409,DCE,13:39:26.548#,1533.0,1542.0,1505.0,1676.0,1428.0,83250,148859.0,1509.0,31,1509.5,17,1510.0,51,1510.5,20,1511.0,1,1511.5,9,1512.0,27,1512.5,11,1513.0,9,1513.5,5,1511.0
jm2409,DCE,13:39:26.580#,1533.0,1542.0,1505.0,1676.0,1428.0,83250,148859.0,1509.0,31,1509.5,17,1510.0,51,1510.5,20,1511.0,11,1511.5,9,1512.0,27,1512.5,11,1513.0,9,1513.5,5,1511.0
jm2409,DCE,13:39:26.925#,1533.0,1542.0,1505.0,1676.0,1428.0,83258,148860.0,1509.0,31,1509.5,17,1510.0,51,1510.5,20,1511.0,11,1511.5,1,1512.0,27,1512.5,11,1513.0,9,1513.5,5,1511.5
jm2409,DCE,13:39:27.219#,1533.0,1542.0,1505.0,1676.0,1428.0,83259,148861.0,1509.0,31,1509.5,17,1510.0,51,1510.5,20,1511.0,17,1512.0,27,1512.5,11,1513.0,9,1513.5,5,1514.0,7,1511.5
jm2409,DCE,13:39:27.434#,1533.0,1542.0,1505.0,1676.0,1428.0,83259,148861.0,1509.5,17,1510.0,51,1510.5,20,1511.0,17,1511.5,1,1512.0,27,1512.5,11,1513.0,9,1513.5,5,1514.0,7,1511.5
jm2409,DCE,13:39:27.741#,1533.0,1542.0,1505.0,1676.0,1428.0,83259,148861.0,1509.5,17,1510.0,51,1510.5,20,1511.0,17,1511.5,18,1512.0,27,1512.5,11,1513.0,9,1513.5,4,1514.0,8,1511.5
jm2409,DCE,13:39:27.906#,1533.0,1542.0,1505.0,1676.0,1428.0,83260,148861.0,1509.5,17,1510.0,51,1510.5,20,1511.0,17,1511.5,21,1512.0,26,1512.5,11,1513.0,9,1513.5,4,1514.0,8,1512.0
jm2409,DCE,13:39:28.342#,1533.0,1542.0,1505.0,1676.0,1428.0,83260,148861.0,1509.5,17,1510.0,51,1510.5,20,1511.0,17,1511.5,18,1512.0,26,1512.5,11,1513.0,9,1513.5,4,1514.0,8,1512.0
jm2409,DCE,13:39:28.574#,1533.0,1542.0,1505.0,1676.0,1428.0,83260,148861.0,1509.5,17,1510.0,51,1510.5,20,1511.0,17,1511.5,11,1512.0,26,1512.5,11,1513.0,9,1513.5,4,1514.0,8,1512.0
jm2409,DCE,13:39:28.969#,1533.0,1542.0,1505.0,1676.0,1428.0,83260,148861.0,1509.5,17,1510.0,51,1510.5,20,1511.0,17,1511.5,1,1512.0,27,1512.5,11,1513.0,9,1513.5,4,1514.0,8,1512.0
jm2409,DCE,13:39:29.713#,1533.0,1542.0,1505.0,1676.0,1428.0,83262,148860.0,1509.0,31,1509.5,17,1510.0,51,1510.5,20,1511.0,17,1511.5,3,1512.0,27,1512.5,11,1513.0,9,1513.5,4,1511.5
jm2409,DCE,13:39:30.197#,1533.0,1542.0,1505.0,1676.0,1428.0,83262,148860.0,1509.0,31,1509.5,17,1510.0,51,1510.5,20,1511.0,17,1511.5,5,1512.0,26,1512.5,11,1513.0,9,1513.5,4,1511.5
jm2409,DCE,13:39:30.440#,1533.0,1542.0,1505.0,1676.0,1428.0,83262,148860.0,1509.0,31,1509.5,17,1510.0,51,1510.5,20,1511.0,11,1511.5,5,1512.0,26,1512.5,11,1513.0,9,1513.5,4,1511.5
jm2409,DCE,13:39:30.660#,1533.0,1542.0,1505.0,1676.0,1428.0,83262,148860.0,1509.0,31,1509.5,17,1510.0,51,1510.5,20,1511.0,7,1511.5,6,1512.0,26,1512.5,11,1513.0,9,1513.5,4,1511.5
jm2409,DCE,13:39:30.826#,1533.0,1542.0,1505.0,1676.0,1428.0,83262,148860.0,1509.0,31,1509.5,17,1510.0,51,1510.5,20,1511.0,4,1511.5,6,1512.0,26,1512.5,11,1513.0,9,1513.5,4,1511.5
jm2409,DCE,13:39:31.917#,1533.0,1542.0,1505.0,1676.0,1428.0,83262,148860.0,1509.0,31,1509.5,17,1510.0,51,1510.5,20,1511.0,4,1511.5,7,1512.0,26,1512.5,11,1513.0,9,1513.5,4,1511.5
jm2409,DCE,13:39:32.477#,1533.0,1542.0,1505.0,1676.0,1428.0,83262,148860.0,1509.0,31,1509.5,17,1510.0,51,1510.5,20,1511.0,6,1511.5,7,1512.0,26,1512.5,11,1513.0,9,1513.5,4,1511.5
jm2409,DCE,13:39:32.573#,1533.0,1542.0,1505.0,1676.0,1428.0,83262,148860.0,1509.0,31,1509.5,17,1510.0,51,1510.5,20,1511.0,4,1511.5,7,1512.0,26,1512.5,11,1513.0,9,1513.5,4,1511.5
jm2409,DCE,13:39:33.773#,1533.0,1542.0,1505.0,1676.0,1428.0,83262,148860.0,1509.0,31,1509.5,17,1510.0,51,1510.5,20,1511.0,5,1511.5,7,1512.0,26,1512.5,11,1513.0,9,1513.5,4,1511.5
jm2409,DCE,13:39:34.15#,1533.0,1542.0,1505.0,1676.0,1428.0,83262,148860.0,1509.0,31,1509.5,17,1510.0,51,1510.5,20,1511.0,12,1511.5,7,1512.0,26,1512.5,11,1513.0,9,1513.5,5,1511.5
jm2409,DCE,13:39:34.134#,1533.0,1542.0,1505.0,1676.0,1428.0,83262,148860.0,1509.0,31,1509.5,17,1510.0,51,1510.5,20,1511.0,13,1511.5,7,1512.0,26,1512.5,11,1513.0,9,1513.5,5,1511.5
jm2409,DCE,13:39:34.525#,1533.0,1542.0,1505.0,1676.0,1428.0,83264,148858.0,1509.0,31,1509.5,17,1510.0,51,1510.5,20,1511.0,13,1511.5,5,1512.0,26,1512.5,11,1513.0,9,1513.5,5,1511.5
jm2409,DCE,13:39:34.754#,1533.0,1542.0,1505.0,1676.0,1428.0,83264,148858.0,1509.0,31,1509.5,17,1510.0,52,1510.5,20,1511.0,13,1511.5,5,1512.0,26,1512.5,11,1513.0,9,1513.5,5,1511.5
jm2409,DCE,13:39:35.10#,1533.0,1542.0,1505.0,1676.0,1428.0,83265,148858.0,1509.0,31,1509.5,17,1510.0,52,1510.5,20,1511.0,13,1511.5,4,1512.0,26,1512.5,11,1513.0,9,1513.5,5,1511.5
jm2409,DCE,13:39:35.235#,1533.0,1542.0,1505.0,1676.0,1428.0,83265,148858.0,1509.0,31,1509.5,17,1510.0,52,1510.5,20,1511.0,13,1511.5,4,1512.0,36,1512.5,11,1513.0,9,1513.5,5,1511.5
jm2409,DCE,13:39:35.468#,1533.0,1542.0,1505.0,1676.0,1428.0,83266,148858.0,1509.0,29,1509.5,17,1510.0,52,1510.5,20,1511.0,13,1511.5,3,1512.0,36,1512.5,11,1513.0,9,1513.5,5,1511.5
jm2409,DCE,13:39:35.673#,1533.0,1542.0,1505.0,1676.0,1428.0,83267,148859.0,1509.0,29,1509.5,17,1510.0,52,1510.5,20,1511.0,13,1511.5,2,1512.0,36,1512.5,11,1513.0,9,1513.5,5,1511.5
jm2409,DCE,13:39:36.872#,1533.0,1542.0,1505.0,1676.0,1428.0,83267,148859.0,1509.0,29,1509.5,17,1510.0,52,1510.5,20,1511.0,7,1511.5,2,1512.0,36,1512.5,11,1513.0,9,1513.5,5,1511.5
jm2409,DCE,13:39:37.261#,1533.0,1542.0,1505.0,1676.0,1428.0,83267,148859.0,1509.0,29,1509.5,17,1510.0,52,1510.5,20,1511.0,13,1511.5,4,1512.0,36,1512.5,11,1513.0,9,1513.5,5,1511.5
jm2409,DCE,13:39:37.333#,1533.0,1542.0,1505.0,1676.0,1428.0,83267,148859.0,1509.0,29,1509.5,17,1510.0,52,1510.5,21,1511.0,13,1511.5,2,1512.0,36,1512.5,11,1513.0,9,1513.5,5,1511.5
jm2409,DCE,13:39:39.421#,1533.0,1542.0,1505.0,1676.0,1428.0,83267,148859.0,1509.0,29,1509.5,17,1510.0,52,1510.5,21,1511.0,13,1511.5,3,1512.0,36,1512.5,11,1513.0,9,1513.5,5,1511.5
jm2409,DCE,13:39:39.770#,1533.0,1542.0,1505.0,1676.0,1428.0,83268,148859.0,1509.0,29,1509.5,17,1510.0,52,1510.5,21,1511.0,12,1511.5,3,1512.0,36,1512.5,11,1513.0,9,1513.5,5,1511.0
jm2409,DCE,13:39:39.991#,1533.0,1542.0,1505.0,1676.0,1428.0,83268,148859.0,1509.0,29,1509.5,17,1510.0,52,1510.5,21,1511.0,6,1511.5,4,1512.0,37,1512.5,11,1513.0,9,1513.5,5,1511.0
jm2409,DCE,13:39:40.81#,1533.0,1542.0,1505.0,1676.0,1428.0,83268,148859.0,1509.0,29,1509.5,17,1510.0,52,1510.5,21,1511.0,6,1511.5,6,1512.0,37,1512.5,11,1513.0,9,1513.5,5,1511.0
jm2409,DCE,13:39:41.31#,1533.0,1542.0,1505.0,1676.0,1428.0,83268,148859.0,1509.0,29,1509.5,17,1510.0,53,1510.5,21,1511.0,6,1511.5,8,1512.0,37,1512.5,11,1513.0,9,1513.5,5,1511.0
jm2409,DCE,13:39:41.73#,1533.0,1542.0,1505.0,1676.0,1428.0,83268,148859.0,1509.0,29,1509.5,17,1510.0,53,1510.5,21,1511.0,4,1511.5,8,1512.0,37,1512.5,11,1513.0,9,1513.5,5,1511.0
jm2409,DCE,13:39:41.457#,1533.0,1542.0,1505.0,1676.0,1428.0,83268,148859.0,1509.0,29,1509.5,17,1510.0,53,1510.5,21,1511.0,4,1511.5,8,1512.0,36,1512.5,12,1513.0,9,1513.5,5,1511.0
jm2409,DCE,13:39:41.643#,1533.0,1542.0,1505.0,1676.0,1428.0,83268,148859.0,1509.0,29,1509.5,17,1510.0,52,1510.5,21,1511.0,4,1511.5,8,1512.0,36,1512.5,12,1513.0,9,1513.5,5,1511.0
jm2409,DCE,13:39:41.854#,1533.0,1542.0,1505.0,1676.0,1428.0,83269,148860.0,1509.0,29,1509.5,17,1510.0,52,1510.5,21,1511.0,3,1511.5,8,1512.0,36,1512.5,12,1513.0,9,1513.5,5,1511.0
jm2409,DCE,13:39:42.782#,1533.0,1542.0,1505.0,1676.0,1428.0,83269,148860.0,1509.0,29,1509.5,13,1510.0,57,1510.5,21,1511.0,3,1511.5,8,1512.0,38,1512.5,12,1513.0,9,1513.5,5,1511.0
jm2409,DCE,13:39:42.971#,1533.0,1542.0,1505.0,1676.0,1428.0,83269,148860.0,1509.0,29,1509.5,13,1510.0,57,1510.5,21,1511.0,3,1511.5,8,1512.0,28,1512.5,12,1513.0,9,1513.5,5,1511.0
jm2409,DCE,13:39:44.160#,1533.0,1542.0,1505.0,1676.0,1428.0,83269,148860.0,1509.0,29,1509.5,13,1510.0,57,1510.5,21,1511.0,3,1511.5,8,1512.0,28,1512.5,12,1513.0,14,1513.5,5,1511.0
jm2409,DCE,13:39:45.346#,1533.0,1542.0,1505.0,1676.0,1428.0,83270,148860.0,1509.0,29,1509.5,13,1510.0,57,1510.5,21,1511.0,3,1511.5,7,1512.0,28,1512.5,12,1513.0,14,1513.5,5,1511.5
jm2409,DCE,13:39:46.116#,1533.0,1542.0,1505.0,1676.0,1428.0,83272,148862.0,1509.0,29,1509.5,13,1510.0,57,1510.5,21,1511.0,1,1511.5,7,1512.0,28,1512.5,12,1513.0,14,1513.5,5,1511.0
jm2409,DCE,13:39:47.892#,1533.0,1542.0,1505.0,1676.0,1428.0,83289,148868.0,1509.0,29,1509.5,13,1510.0,55,1510.5,21,1511.0,1,1512.0,18,1512.5,12,1513.0,14,1513.5,4,1514.0,8,1512.0
jm2409,DCE,13:39:48.206#,1533.0,1542.0,1505.0,1676.0,1428.0,83289,148868.0,1509.0,29,1509.5,13,1510.0,52,1510.5,23,1511.0,27,1511.5,1,1512.0,18,1512.5,12,1513.0,15,1513.5,4,1512.0
jm2409,DCE,13:39:48.560#,1533.0,1542.0,1505.0,1676.0,1428.0,83289,148868.0,1509.5,13,1510.0,52,1510.5,24,1511.0,26,1511.5,3,1512.0,18,1512.5,12,1513.0,15,1513.5,4,1514.0,8,1512.0
jm2409,DCE,13:39:48.573#,1533.0,1542.0,1505.0,1676.0,1428.0,83289,148868.0,1509.5,13,1510.0,52,1510.5,24,1511.0,26,1511.5,2,1512.0,18,1512.5,12,1513.0,15,1513.5,4,1514.0,8,1512.0
jm2409,DCE,13:39:48.966#,1533.0,1542.0,1505.0,1676.0,1428.0,83289,148868.0,1509.5,13,1510.0,52,1510.5,24,1511.0,26,1511.5,2,1512.0,16,1512.5,12,1513.0,15,1513.5,4,1514.0,8,1512.0
jm2409,DCE,13:39:49.309#,1533.0,1542.0,1505.0,1676.0,1428.0,83290,148868.0,1509.5,13,1510.0,52,1510.5,24,1511.0,26,1511.5,2,1512.0,15,1512.5,12,1513.0,15,1513.5,4,1514.0,8,1512.0
jm2409,DCE,13:39:49.540#,1533.0,1542.0,1505.0,1676.0,1428.0,83291,148869.0,1509.5,13,1510.0,52,1510.5,24,1511.0,26,1511.5,1,1512.0,16,1512.5,12,1513.0,15,1513.5,4,1514.0,8,1511.5
jm2409,DCE,13:39:49.691#,1533.0,1542.0,1505.0,1676.0,1428.0,83291,148869.0,1509.5,13,1510.0,52,1510.5,24,1511.0,25,1511.5,1,1512.0,16,1512.5,12,1513.0,15,1513.5,4,1514.0,8,1511.5
jm2409,DCE,13:39:50.877#,1533.0,1542.0,1505.0,1676.0,1428.0,83291,148869.0,1509.5,13,1510.0,52,1510.5,24,1511.0,25,1511.5,1,1512.0,17,1512.5,12,1513.0,15,1513.5,4,1514.0,8,1511.5
jm2409,DCE,13:39:51.223#,1533.0,1542.0,1505.0,1676.0,1428.0,83291,148869.0,1509.5,13,1510.0,62,1510.5,24,1511.0,25,1511.5,1,1512.0,17,1512.5,12,1513.0,15,1513.5,4,1514.0,8,1511.5
jm2409,DCE,13:39:51.334#,1533.0,1542.0,1505.0,1676.0,1428.0,83294,148871.0,1509.5,13,1510.0,62,1510.5,21,1511.0,25,1511.5,7,1512.0,14,1512.5,12,1513.0,15,1513.5,4,1514.0,8,1512.0
jm2409,DCE,13:39:51.753#,1533.0,1542.0,1505.0,1676.0,1428.0,83294,148871.0,1509.5,18,1510.0,62,1510.5,21,1511.0,25,1511.5,17,1512.0,18,1512.5,12,1513.0,15,1513.5,4,1514.0,8,1512.0
jm2409,DCE,13:39:51.922#,1533.0,1542.0,1505.0,1676.0,1428.0,83295,148872.0,1509.5,13,1510.0,64,1510.5,21,1511.0,25,1511.5,24,1512.0,18,1512.5,12,1513.0,15,1513.5,4,1514.0,8,1512.0
jm2409,DCE,13:39:52.90#,1533.0,1542.0,1505.0,1676.0,1428.0,83297,148873.0,1509.5,13,1510.0,66,1510.5,21,1511.0,24,1511.5,26,1512.0,16,1512.5,12,1513.0,15,1513.5,4,1514.0,8,1512.0
jm2409,DCE,13:39:52.800#,1533.0,1542.0,1505.0,1676.0,1428.0,83298,148874.0,1509.5,13,1510.0,71,1510.5,21,1511.0,24,1511.5,25,1512.0,16,1512.5,12,1513.0,15,1513.5,4,1514.0,8,1511.5
jm2409,DCE,13:39:53.159#,1533.0,1542.0,1505.0,1676.0,1428.0,83301,148871.0,1509.5,13,1510.0,71,1510.5,21,1511.0,24,1511.5,22,1512.0,16,1512.5,12,1513.0,15,1513.5,4,1514.0,8,1511.5
jm2409,DCE,13:39:53.328#,1533.0,1542.0,1505.0,1676.0,1428.0,83301,148871.0,1509.5,13,1510.0,71,1510.5,21,1511.0,24,1511.5,12,1512.0,16,1512.5,12,1513.0,15,1513.5,4,1514.0,8,1511.5
jm2409,DCE,13:39:53.737#,1533.0,1542.0,1505.0,1676.0,1428.0,83302,148871.0,1509.5,13,1510.0,71,1510.5,21,1511.0,24,1511.5,12,1512.0,15,1512.5,12,1513.0,15,1513.5,4,1514.0,8,1512.0
jm2409,DCE,13:39:53.942#,1533.0,1542.0,1505.0,1676.0,1428.0,83302,148871.0,1509.5,13,1510.0,71,1510.5,21,1511.0,24,1511.5,11,1512.0,15,1512.5,12,1513.0,15,1513.5,4,1514.0,8,1512.0
jm2409,DCE,13:39:54.126#,1533.0,1542.0,1505.0,1676.0,1428.0,83302,148871.0,1509.5,13,1510.0,71,1510.5,21,1511.0,24,1511.5,11,1512.0,15,1512.5,12,1513.0,16,1513.5,4,1514.0,8,1512.0
jm2409,DCE,13:39:54.491#,1533.0,1542.0,1505.0,1676.0,1428.0,83302,148871.0,1509.5,13,1510.0,71,1510.5,21,1511.0,24,1511.5,11,1512.0,15,1512.5,12,1513.0,16,1513.5,4,1514.0,9,1512.0
jm2409,DCE,13:39:54.787#,1533.0,1542.0,1505.0,1676.0,1428.0,83302,148871.0,1509.5,13,1510.0,71,1510.5,21,1511.0,24,1511.5,5,1512.0,15,1512.5,12,1513.0,16,1513.5,4,1514.0,9,1512.0
jm2409,DCE,13:39:54.827#,1533.0,1542.0,1505.0,1676.0,1428.0,83302,148871.0,1509.5,13,1510.0,71,1510.5,21,1511.0,24,1511.5,2,1512.0,15,1512.5,12,1513.0,16,1513.5,4,1514.0,9,1512.0
jm2409,DCE,13:39:55.199#,1533.0,1542.0,1505.0,1676.0,1428.0,83302,148871.0,1509.5,13,1510.0,71,1510.5,21,1511.0,24,1511.5,2,1512.0,17,1512.5,12,1513.0,16,1513.5,4,1514.0,9,1512.0
jm2409,DCE,13:39:55.472#,1533.0,1542.0,1505.0,1676.0,1428.0,83302,148871.0,1509.5,13,1510.0,71,1510.5,21,1511.0,24,1511.5,2,1512.0,17,1512.5,11,1513.0,16,1513.5,4,1514.0,9,1512.0
jm2409,DCE,13:39:55.763#,1533.0,1542.0,1505.0,1676.0,1428.0,83302,148871.0,1509.5,13,1510.0,71,1510.5,21,1511.0,25,1511.5,2,1512.0,17,1512.5,11,1513.0,16,1513.5,5,1514.0,9,1512.0
jm2409,DCE,13:39:56.58#,1533.0,1542.0,1505.0,1676.0,1428.0,83312,148866.0,1509.0,29,1509.5,13,1510.0,52,1510.5,21,1511.0,25,1512.0,8,1512.5,11,1513.0,16,1513.5,5,1514.0,9,1512.0
jm2409,DCE,13:39:56.274#,1533.0,1542.0,1505.0,1676.0,1428.0,83312,148866.0,1509.5,11,1510.0,52,1510.5,21,1511.0,25,1511.5,29,1512.0,8,1512.5,11,1513.0,16,1513.5,5,1514.0,9,1512.0
jm2409,DCE,13:39:56.458#,1533.0,1542.0,1505.0,1676.0,1428.0,83313,148867.0,1509.5,11,1510.0,52,1510.5,21,1511.0,18,1511.5,22,1512.0,7,1512.5,11,1513.0,16,1513.5,5,1514.0,9,1512.0
jm2409,DCE,13:39:57.658#,1533.0,1542.0,1505.0,1676.0,1428.0,83313,148867.0,1509.5,11,1510.0,51,1510.5,21,1511.0,18,1511.5,22,1512.0,9,1512.5,11,1513.0,16,1513.5,5,1514.0,9,1512.0
jm2409,DCE,13:39:57.892#,1533.0,1542.0,1505.0,1676.0,1428.0,83313,148867.0,1509.5,11,1510.0,51,1510.5,21,1511.0,19,1511.5,22,1512.0,9,1512.5,11,1513.0,16,1513.5,5,1514.0,9,1512.0
jm2409,DCE,13:39:58.159#,1533.0,1542.0,1505.0,1676.0,1428.0,83313,148867.0,1509.5,11,1510.0,51,1510.5,21,1511.0,19,1511.5,22,1512.0,11,1512.5,11,1513.0,16,1513.5,5,1514.0,9,1512.0
jm2409,DCE,13:39:59.8#,1533.0,1542.0,1505.0,1676.0,1428.0,83313,148867.0,1509.5,11,1510.0,51,1510.5,21,1511.0,19,1511.5,22,1512.0,12,1512.5,11,1513.0,16,1513.5,5,1514.0,9,1512.0
jm2409,DCE,13:39:59.436#,1533.0,1542.0,1505.0,1676.0,1428.0,83314,148867.0,1509.5,11,1510.0,51,1510.5,21,1511.0,19,1511.5,22,1512.0,11,1512.5,11,1513.0,16,1513.5,5,1514.0,9,1512.0
jm2409,DCE,13:39:59.808#,1533.0,1542.0,1505.0,1676.0,1428.0,83314,148867.0,1509.5,11,1510.0,47,1510.5,26,1511.0,19,1511.5,22,1512.0,11,1512.5,11,1513.0,16,1513.5,5,1514.0,9,1512.0
jm2409,DCE,13:40:01.8#,1533.0,1542.0,1505.0,1676.0,1428.0,83315,148867.0,1509.5,11,1510.0,47,1510.5,26,1511.0,19,1511.5,22,1512.0,10,1512.5,11,1513.0,16,1513.5,5,1514.0,10,1512.0
jm2409,DCE,13:40:01.164#,1533.0,1542.0,1505.0,1676.0,1428.0,83315,148867.0,1509.5,11,1510.0,47,1510.5,26,1511.0,19,1511.5,22,1512.0,12,1512.5,11,1513.0,16,1513.5,5,1514.0,10,1512.0
jm2409,DCE,13:40:01.412#,1533.0,1542.0,1505.0,1676.0,1428.0,83316,148867.0,1509.5,11,1510.0,47,1510.5,26,1511.0,19,1511.5,20,1512.0,11,1512.5,11,1513.0,16,1513.5,5,1514.0,10,1512.0
jm2409,DCE,13:40:01.698#,1533.0,1542.0,1505.0,1676.0,1428.0,83316,148867.0,1509.5,11,1510.0,47,1510.5,26,1511.0,19,1511.5,20,1512.0,13,1512.5,11,1513.0,16,1513.5,5,1514.0,10,1512.0
jm2409,DCE,13:40:01.976#,1533.0,1542.0,1505.0,1676.0,1428.0,83316,148867.0,1509.5,11,1510.0,47,1510.5,26,1511.0,19,1511.5,20,1512.0,14,1512.5,11,1513.0,16,1513.5,5,1514.0,10,1512.0
jm2409,DCE,13:40:02.165#,1533.0,1542.0,1505.0,1676.0,1428.0,83316,148867.0,1509.5,11,1510.0,47,1510.5,26,1511.0,19,1511.5,21,1512.0,14,1512.5,11,1513.0,16,1513.5,5,1514.0,10,1512.0
jm2409,DCE,13:40:03.563#,1533.0,1542.0,1505.0,1676.0,1428.0,83318,148867.0,1509.5,11,1510.0,47,1510.5,26,1511.0,19,1511.5,20,1512.0,13,1512.5,11,1513.0,16,1513.5,5,1514.0,10,1512.0
jm2409,DCE,13:40:03.743#,1533.0,1542.0,1505.0,1676.0,1428.0,83321,148866.0,1509.5,11,1510.0,47,1510.5,26,1511.0,19,1511.5,17,1512.0,13,1512.5,11,1513.0,16,1513.5,5,1514.0,10,1511.5
jm2409,DCE,13:40:03.856#,1533.0,1542.0,1505.0,1676.0,1428.0,83321,148866.0,1509.5,11,1510.0,47,1510.5,26,1511.0,21,1511.5,17,1512.0,13,1512.5,11,1513.0,16,1513.5,5,1514.0,10,1511.5
jm2409,DCE,13:40:04.240#,1533.0,1542.0,1505.0,1676.0,1428.0,83322,148866.0,1509.5,11,1510.0,47,1510.5,26,1511.0,21,1511.5,16,1512.0,14,1512.5,11,1513.0,16,1513.5,5,1514.0,10,1511.5
jm2409,DCE,13:40:05.59#,1533.0,1542.0,1505.0,1676.0,1428.0,83323,148865.0,1509.5,11,1510.0,47,1510.5,26,1511.0,21,1511.5,15,1512.0,14,1512.5,11,1513.0,16,1513.5,5,1514.0,10,1511.5
jm2409,DCE,13:40:06.192#,1533.0,1542.0,1505.0,1676.0,1428.0,83323,148865.0,1509.5,11,1510.0,47,1510.5,26,1511.0,21,1511.5,16,1512.0,14,1512.5,11,1513.0,16,1513.5,5,1514.0,10,1511.5
jm2409,DCE,13:40:06.833#,1533.0,1542.0,1505.0,1676.0,1428.0,83324,148864.0,1509.5,11,1510.0,47,1510.5,26,1511.0,21,1511.5,15,1512.0,14,1512.5,11,1513.0,16,1513.5,5,1514.0,10,1511.5
jm2409,DCE,13:40:07.269#,1533.0,1542.0,1505.0,1676.0,1428.0,83325,148864.0,1509.5,11,1510.0,47,1510.5,26,1511.0,21,1511.5,14,1512.0,14,1512.5,11,1513.0,16,1513.5,5,1514.0,10,1511.5
jm2409,DCE,13:40:09.179#,1533.0,1542.0,1505.0,1676.0,1428.0,83325,148864.0,1509.5,11,1510.0,47,1510.5,26,1511.0,22,1511.5,14,1512.0,14,1512.5,11,1513.0,17,1513.5,5,1514.0,10,1511.5
jm2409,DCE,13:40:10.695#,1533.0,1542.0,1505.0,1676.0,1428.0,83326,148865.0,1509.5,11,1510.0,47,1510.5,26,1511.0,22,1511.5,14,1512.0,13,1512.5,11,1513.0,17,1513.5,5,1514.0,10,1512.0
jm2409,DCE,13:40:10.912#,1533.0,1542.0,1505.0,1676.0,1428.0,83327,148864.0,1509.5,11,1510.0,47,1510.5,26,1511.0,22,1511.5,13,1512.0,13,1512.5,11,1513.0,17,1513.5,5,1514.0,10,1511.5
jm2409,DCE,13:40:11.230#,1533.0,1542.0,1505.0,1676.0,1428.0,83328,148865.0,1509.5,11,1510.0,47,1510.5,26,1511.0,22,1511.5,13,1512.0,12,1512.5,11,1513.0,17,1513.5,5,1514.0,10,1512.0
jm2409,DCE,13:40:11.445#,1533.0,1542.0,1505.0,1676.0,1428.0,83328,148865.0,1509.5,11,1510.0,47,1510.5,26,1511.0,22,1511.5,13,1512.0,13,1512.5,11,1513.0,17,1513.5,5,1514.0,10,1512.0
jm2409,DCE,13:40:11.680#,1533.0,1542.0,1505.0,1676.0,1428.0,83328,148865.0,1509.5,11,1510.0,47,1510.5,26,1511.0,22,1511.5,14,1512.0,14,1512.5,11,1513.0,17,1513.5,5,1514.0,10,1512.0
jm2409,DCE,13:40:11.862#,1533.0,1542.0,1505.0,1676.0,1428.0,83328,148865.0,1509.5,11,1510.0,47,1510.5,26,1511.0,23,1511.5,14,1512.0,14,1512.5,11,1513.0,17,1513.5,5,1514.0,10,1512.0
jm2409,DCE,13:40:12.309#,1533.0,1542.0,1505.0,1676.0,1428.0,83328,148865.0,1509.5,11,1510.0,47,1510.5,26,1511.0,23,1511.5,14,1512.0,15,1512.5,10,1513.0,17,1513.5,5,1514.0,10,1512.0
jm2409,DCE,13:40:12.770#,1533.0,1542.0,1505.0,1676.0,1428.0,83328,148865.0,1509.5,11,1510.0,47,1510.5,26,1511.0,23,1511.5,14,1512.0,16,1512.5,10,1513.0,17,1513.5,5,1514.0,10,1512.0
jm2409,DCE,13:40:13.82#,1533.0,1542.0,1505.0,1676.0,1428.0,83329,148864.0,1509.5,11,1510.0,47,1510.5,26,1511.0,23,1511.5,13,1512.0,16,1512.5,10,1513.0,17,1513.5,5,1514.0,10,1511.5
jm2409,DCE,13:40:13.453#,1533.0,1542.0,1505.0,1676.0,1428.0,83331,148864.0,1509.5,11,1510.0,47,1510.5,26,1511.0,23,1511.5,13,1512.0,14,1512.5,10,1513.0,17,1513.5,5,1514.0,10,1512.0
jm2409,DCE,13:40:14.784#,1533.0,1542.0,1505.0,1676.0,1428.0,83337,148864.0,1509.5,11,1510.0,47,1510.5,26,1511.0,23,1511.5,11,1512.0,10,1512.5,10,1513.0,17,1513.5,5,1514.0,10,1511.5
jm2409,DCE,13:40:15.254#,1533.0,1542.0,1505.0,1676.0,1428.0,83337,148864.0,1509.5,11,1510.0,47,1510.5,26,1511.0,23,1511.5,11,1512.0,16,1512.5,10,1513.0,17,1513.5,5,1514.0,10,1511.5
jm2409,DCE,13:40:15.439#,1533.0,1542.0,1505.0,1676.0,1428.0,83337,148864.0,1509.5,11,1510.0,47,1510.5,26,1511.0,24,1511.5,11,1512.0,12,1512.5,10,1513.0,17,1513.5,5,1514.0,10,1511.5
jm2409,DCE,13:40:15.741#,1533.0,1542.0,1505.0,1676.0,1428.0,83337,148864.0,1509.5,11,1510.0,47,1510.5,26,1511.0,24,1511.5,11,1512.0,12,1512.5,10,1513.0,16,1513.5,5,1514.0,10,1511.5
jm2409,DCE,13:40:16.564#,1533.0,1542.0,1505.0,1676.0,1428.0,83337,148864.0,1509.5,11,1510.0,47,1510.5,25,1511.0,24,1511.5,11,1512.0,13,1512.5,10,1513.0,16,1513.5,5,1514.0,10,1511.5
jm2409,DCE,13:40:18.288#,1533.0,1542.0,1505.0,1676.0,1428.0,83338,148863.0,1509.5,11,1510.0,47,1510.5,25,1511.0,24,1511.5,14,1512.0,14,1512.5,10,1513.0,16,1513.5,5,1514.0,10,1511.5
jm2409,DCE,13:40:18.665#,1533.0,1542.0,1505.0,1676.0,1428.0,83338,148863.0,1509.5,11,1510.0,47,1510.5,21,1511.0,24,1511.5,17,1512.0,14,1512.5,10,1513.0,16,1513.5,5,1514.0,10,1511.5
jm2409,DCE,13:40:19.20#,1533.0,1542.0,1505.0,1676.0,1428.0,83338,148863.0,1509.5,11,1510.0,47,1510.5,21,1511.0,24,1511.5,17,1512.0,15,1512.5,10,1513.0,16,1513.5,5,1514.0,10,1511.5
jm2409,DCE,13:40:19.831#,1533.0,1542.0,1505.0,1676.0,1428.0,83338,148863.0,1509.5,11,1510.0,47,1510.5,21,1511.0,24,1511.5,17,1512.0,15,1512.5,10,1513.0,16,1513.5,6,1514.0,10,1511.5
jm2409,DCE,13:40:20.226#,1533.0,1542.0,1505.0,1676.0,1428.0,83349,148866.0,1509.5,11,1510.0,47,1510.5,21,1511.0,24,1511.5,16,1512.0,5,1512.5,10,1513.0,16,1513.5,6,1514.0,10,1511.5
jm2409,DCE,13:40:20.572#,1533.0,1542.0,1505.0,1676.0,1428.0,83355,148869.0,1510.0,47,1510.5,21,1511.0,24,1511.5,16,1512.0,42,1512.5,10,1513.0,16,1513.5,6,1514.0,10,1514.5,4,1512.0
jm2409,DCE,13:40:20.771#,1533.0,1542.0,1505.0,1676.0,1428.0,83360,148871.0,1510.0,47,1510.5,21,1511.0,17,1511.5,16,1512.0,40,1512.5,6,1513.0,16,1513.5,6,1514.0,10,1514.5,5,1512.5
jm2409,DCE,13:40:21.269#,1533.0,1542.0,1505.0,1676.0,1428.0,83365,148868.0,1510.0,47,1510.5,21,1511.0,17,1511.5,16,1512.0,38,1512.5,1,1513.0,16,1513.5,6,1514.0,10,1514.5,5,1512.5
jm2409,DCE,13:40:21.341#,1533.0,1542.0,1505.0,1676.0,1428.0,83366,148869.0,1510.0,47,1510.5,21,1511.0,17,1511.5,16,1512.0,37,1513.0,16,1513.5,6,1514.0,10,1514.5,5,1515.0,26,1512.5
jm2409,DCE,13:40:22.439#,1533.0,1542.0,1505.0,1676.0,1428.0,83366,148869.0,1510.0,47,1510.5,21,1511.0,17,1511.5,16,1512.0,32,1513.0,16,1513.5,6,1514.0,10,1514.5,5,1515.0,26,1512.5
jm2409,DCE,13:40:22.764#,1533.0,1542.0,1505.0,1676.0,1428.0,83367,148868.0,1510.0,47,1510.5,26,1511.0,17,1511.5,16,1512.0,27,1513.0,15,1513.5,6,1514.0,10,1514.5,5,1515.0,26,1513.0
jm2409,DCE,13:40:23.180#,1533.0,1542.0,1505.0,1676.0,1428.0,83370,148868.0,1510.0,47,1510.5,26,1511.0,17,1511.5,16,1512.0,19,1512.5,12,1513.0,16,1513.5,6,1514.0,10,1514.5,5,1512.0
jm2409,DCE,13:40:23.349#,1533.0,1542.0,1505.0,1676.0,1428.0,83370,148868.0,1510.0,47,1510.5,26,1511.0,17,1511.5,16,1512.0,4,1512.5,12,1513.0,16,1513.5,6,1514.0,10,1514.5,5,1512.0
jm2409,DCE,13:40:24.75#,1533.0,1542.0,1505.0,1676.0,1428.0,83370,148868.0,1510.0,47,1510.5,26,1511.0,17,1511.5,16,1512.0,4,1512.5,13,1513.0,16,1513.5,6,1514.0,10,1514.5,5,1512.0
jm2409,DCE,13:40:24.472#,1533.0,1542.0,1505.0,1676.0,1428.0,83370,148868.0,1510.0,47,1510.5,26,1511.0,17,1511.5,16,1512.0,9,1512.5,13,1513.0,16,1513.5,6,1514.0,10,1514.5,5,1512.0
jm2409,DCE,13:40:25.264#,1533.0,1542.0,1505.0,1676.0,1428.0,83371,148869.0,1510.0,47,1510.5,26,1511.0,17,1511.5,16,1512.0,9,1512.5,12,1513.0,16,1513.5,6,1514.0,10,1514.5,5,1512.5
jm2409,DCE,13:40:26.224#,1533.0,1542.0,1505.0,1676.0,1428.0,83374,148870.0,1510.0,47,1510.5,26,1511.0,17,1511.5,16,1512.0,6,1512.5,12,1513.0,16,1513.5,6,1514.0,10,1514.5,5,1512.0
jm2409,DCE,13:40:26.348#,1533.0,1542.0,1505.0,1676.0,1428.0,83374,148870.0,1510.0,47,1510.5,26,1511.0,17,1511.5,16,1512.0,6,1512.5,13,1513.0,16,1513.5,6,1514.0,10,1514.5,5,1512.0
jm2409,DCE,13:40:26.750#,1533.0,1542.0,1505.0,1676.0,1428.0,83383,148870.0,1510.0,42,1510.5,26,1511.0,17,1511.5,16,1512.0,6,1512.5,4,1513.0,16,1513.5,6,1514.0,10,1514.5,5,1512.5
jm2409,DCE,13:40:26.955#,1533.0,1542.0,1505.0,1676.0,1428.0,83383,148870.0,1510.0,42,1510.5,26,1511.0,17,1511.5,16,1512.0,15,1512.5,4,1513.0,16,1513.5,6,1514.0,10,1514.5,5,1512.5
jm2409,DCE,13:40:27.195#,1533.0,1542.0,1505.0,1676.0,1428.0,83387,148870.0,1510.5,26,1511.0,17,1511.5,16,1512.0,15,1512.5,80,1513.0,16,1513.5,6,1514.0,10,1514.5,5,1515.0,26,1512.5
jm2409,DCE,13:40:27.446#,1533.0,1542.0,1505.0,1676.0,1428.0,83388,148871.0,1510.5,26,1511.0,17,1511.5,16,1512.0,15,1512.5,80,1513.0,15,1513.5,6,1514.0,8,1514.5,7,1515.0,26,1513.0
jm2409,DCE,13:40:27.619#,1533.0,1542.0,1505.0,1676.0,1428.0,83388,148871.0,1510.5,26,1511.0,17,1511.5,16,1512.0,15,1512.5,81,1513.0,15,1513.5,6,1514.0,8,1514.5,7,1515.0,26,1513.0
jm2409,DCE,13:40:27.842#,1533.0,1542.0,1505.0,1676.0,1428.0,83393,148873.0,1510.5,26,1511.0,17,1511.5,16,1512.0,15,1512.5,81,1513.0,10,1513.5,6,1514.0,8,1514.5,7,1515.0,26,1513.0
jm2409,DCE,13:40:29.51#,1533.0,1542.0,1505.0,1676.0,1428.0,83393,148873.0,1510.5,26,1511.0,17,1511.5,16,1512.0,15,1512.5,81,1513.0,11,1513.5,6,1514.0,8,1514.5,7,1515.0,26,1513.0
jm2409,DCE,13:40:29.891#,1533.0,1542.0,1505.0,1676.0,1428.0,83393,148873.0,1510.5,26,1511.0,17,1511.5,17,1512.0,15,1512.5,81,1513.0,11,1513.5,6,1514.0,8,1514.5,7,1515.0,26,1513.0
jm2409,DCE,13:40:30.352#,1533.0,1542.0,1505.0,1676.0,1428.0,83394,148873.0,1510.5,26,1511.0,17,1511.5,17,1512.0,15,1512.5,80,1513.0,11,1513.5,6,1514.0,7,1514.5,7,1515.0,26,1512.5
jm2409,DCE,13:40:30.769#,1533.0,1542.0,1505.0,1676.0,1428.0,83394,148873.0,1510.5,26,1511.0,17,1511.5,16,1512.0,15,1512.5,80,1513.0,11,1513.5,6,1514.0,7,1514.5,7,1515.0,26,1512.5
jm2409,DCE,13:40:30.854#,1533.0,1542.0,1505.0,1676.0,1428.0,83394,148873.0,1510.5,26,1511.0,17,1511.5,16,1512.0,15,1512.5,80,1513.0,11,1513.5,6,1514.0,8,1514.5,5,1515.0,26,1512.5
jm2409,DCE,13:40:31.530#,1533.0,1542.0,1505.0,1676.0,1428.0,83394,148873.0,1510.5,26,1511.0,18,1511.5,16,1512.0,15,1512.5,80,1513.0,11,1513.5,6,1514.0,8,1514.5,5,1515.0,26,1512.5
jm2409,DCE,13:40:31.817#,1533.0,1542.0,1505.0,1676.0,1428.0,83395,148873.0,1510.5,26,1511.0,18,1511.5,10,1512.0,15,1512.5,79,1513.0,12,1513.5,6,1514.0,8,1514.5,5,1515.0,26,1512.5
jm2409,DCE,13:40:31.975#,1533.0,1542.0,1505.0,1676.0,1428.0,83395,148873.0,1510.5,26,1511.0,18,1511.5,10,1512.0,15,1512.5,85,1513.0,12,1513.5,6,1514.0,8,1514.5,5,1515.0,26,1512.5
jm2409,DCE,13:40:32.485#,1533.0,1542.0,1505.0,1676.0,1428.0,83395,148873.0,1510.5,26,1511.0,18,1511.5,10,1512.0,15,1512.5,87,1513.0,12,1513.5,6,1514.0,8,1514.5,5,1515.0,26,1512.5
jm2409,DCE,13:40:32.776#,1533.0,1542.0,1505.0,1676.0,1428.0,83395,148873.0,1510.5,26,1511.0,18,1511.5,10,1512.0,15,1512.5,90,1513.0,12,1513.5,6,1514.0,8,1514.5,5,1515.0,26,1512.5
jm2409,DCE,13:40:32.897#,1533.0,1542.0,1505.0,1676.0,1428.0,83396,148872.0,1510.5,26,1511.0,18,1511.5,10,1512.0,15,1512.5,90,1513.0,11,1513.5,6,1514.0,8,1514.5,5,1515.0,26,1513.0
jm2409,DCE,13:40:33.320#,1533.0,1542.0,1505.0,1676.0,1428.0,83397,148873.0,1510.5,26,1511.0,18,1511.5,10,1512.0,15,1512.5,90,1513.0,11,1513.5,6,1514.0,8,1514.5,5,1515.0,26,1513.0
jm2409,DCE,13:40:33.453#,1533.0,1542.0,1505.0,1676.0,1428.0,83397,148873.0,1510.5,26,1511.0,18,1511.5,10,1512.0,15,1512.5,90,1513.0,12,1513.5,6,1514.0,8,1514.5,5,1515.0,26,1513.0
jm2409,DCE,13:40:35.756#,1533.0,1542.0,1505.0,1676.0,1428.0,83397,148873.0,1510.5,26,1511.0,16,1511.5,10,1512.0,15,1512.5,90,1513.0,12,1513.5,6,1514.0,8,1514.5,5,1515.0,26,1513.0
jm2409,DCE,13:40:36.531#,1533.0,1542.0,1505.0,1676.0,1428.0,83398,148874.0,1510.5,26,1511.0,16,1511.5,10,1512.0,15,1512.5,90,1513.0,12,1513.5,6,1514.0,8,1514.5,5,1515.0,26,1513.0
jm2409,DCE,13:40:37.28#,1533.0,1542.0,1505.0,1676.0,1428.0,83398,148874.0,1510.5,26,1511.0,15,1511.5,10,1512.0,15,1512.5,90,1513.0,12,1513.5,6,1514.0,8,1514.5,5,1515.0,26,1513.0
jm2409,DCE,13:40:37.290#,1533.0,1542.0,1505.0,1676.0,1428.0,83399,148875.0,1510.5,26,1511.0,15,1511.5,10,1512.0,16,1512.5,90,1513.0,11,1513.5,6,1514.0,8,1514.5,5,1515.0,26,1513.0
jm2409,DCE,13:40:37.793#,1533.0,1542.0,1505.0,1676.0,1428.0,83399,148875.0,1510.5,26,1511.0,15,1511.5,10,1512.0,16,1512.5,90,1513.0,12,1513.5,6,1514.0,8,1514.5,5,1515.0,26,1513.0
jm2409,DCE,13:40:38.469#,1533.0,1542.0,1505.0,1676.0,1428.0,83400,148875.0,1510.5,26,1511.0,15,1511.5,12,1512.0,16,1512.5,90,1513.0,12,1513.5,6,1514.0,8,1514.5,5,1515.0,26,1513.0
jm2409,DCE,13:40:38.963#,1533.0,1542.0,1505.0,1676.0,1428.0,83405,148871.0,1510.5,26,1511.0,15,1511.5,12,1512.0,16,1512.5,88,1513.0,9,1513.5,6,1514.0,8,1514.5,5,1515.0,26,1512.5
jm2409,DCE,13:40:40.483#,1533.0,1542.0,1505.0,1676.0,1428.0,83407,148870.0,1510.5,26,1511.0,15,1511.5,13,1512.0,16,1512.5,87,1513.0,8,1513.5,6,1514.0,8,1514.5,5,1515.0,26,1512.5
jm2409,DCE,13:40:41.67#,1533.0,1542.0,1505.0,1676.0,1428.0,83408,148869.0,1510.5,26,1511.0,15,1511.5,13,1512.0,16,1512.5,87,1513.0,9,1513.5,6,1514.0,8,1514.5,5,1515.0,26,1512.5
jm2409,DCE,13:40:41.925#,1533.0,1542.0,1505.0,1676.0,1428.0,83408,148869.0,1510.5,26,1511.0,15,1511.5,13,1512.0,16,1512.5,87,1513.0,9,1513.5,7,1514.0,8,1514.5,5,1515.0,26,1512.5
jm2409,DCE,13:40:42.191#,1533.0,1542.0,1505.0,1676.0,1428.0,83408,148869.0,1510.5,26,1511.0,15,1511.5,8,1512.0,16,1512.5,88,1513.0,9,1513.5,7,1514.0,8,1514.5,6,1515.0,26,1512.5
jm2409,DCE,13:40:42.563#,1533.0,1542.0,1505.0,1676.0,1428.0,83409,148869.0,1510.5,26,1511.0,15,1511.5,8,1512.0,15,1512.5,88,1513.0,10,1513.5,7,1514.0,8,1514.5,6,1515.0,26,1513.0
jm2409,DCE,13:40:43.47#,1533.0,1542.0,1505.0,1676.0,1428.0,83421,148857.0,1510.5,26,1511.0,15,1511.5,8,1512.0,15,1512.5,76,1513.0,10,1513.5,7,1514.0,8,1514.5,6,1515.0,26,1512.5
jm2409,DCE,13:40:43.220#,1533.0,1542.0,1505.0,1676.0,1428.0,83421,148857.0,1510.5,26,1511.0,15,1511.5,8,1512.0,15,1512.5,76,1513.0,12,1513.5,7,1514.0,8,1514.5,6,1515.0,26,1512.5
jm2409,DCE,13:40:43.331#,1533.0,1542.0,1505.0,1676.0,1428.0,83421,148857.0,1510.5,26,1511.0,15,1511.5,8,1512.0,15,1512.5,76,1513.0,12,1513.5,7,1514.0,9,1514.5,6,1515.0,26,1512.5
jm2409,DCE,13:40:43.775#,1533.0,1542.0,1505.0,1676.0,1428.0,83421,148857.0,1510.5,26,1511.0,15,1511.5,8,1512.0,16,1512.5,76,1513.0,12,1513.5,7,1514.0,9,1514.5,6,1515.0,26,1512.5
jm2409,DCE,13:40:44.15#,1533.0,1542.0,1505.0,1676.0,1428.0,83426,148859.0,1510.5,26,1511.0,15,1511.5,8,1512.0,16,1512.5,76,1513.0,8,1513.5,7,1514.0,9,1514.5,6,1515.0,26,1513.0
jm2409,DCE,13:40:44.744#,1533.0,1542.0,1505.0,1676.0,1428.0,83427,148859.0,1510.5,26,1511.0,15,1511.5,8,1512.0,16,1512.5,76,1513.0,7,1513.5,7,1514.0,9,1514.5,6,1515.0,26,1513.0
jm2409,DCE,13:40:45.539#,1533.0,1542.0,1505.0,1676.0,1428.0,83427,148859.0,1510.5,26,1511.0,15,1511.5,8,1512.0,16,1512.5,76,1513.0,7,1513.5,7,1514.0,10,1514.5,6,1515.0,26,1513.0
jm2409,DCE,13:40:45.777#,1533.0,1542.0,1505.0,1676.0,1428.0,83428,148860.0,1510.5,26,1511.0,15,1511.5,8,1512.0,16,1512.5,76,1513.0,6,1513.5,7,1514.0,10,1514.5,7,1515.0,26,1513.0
jm2409,DCE,13:40:46.558#,1533.0,1542.0,1505.0,1676.0,1428.0,83434,148859.0,1511.0,15,1511.5,8,1512.0,16,1512.5,70,1513.0,1,1513.5,7,1514.0,10,1514.5,7,1515.0,26,1515.5,4,1513.0
jm2409,DCE,13:40:46.595#,1533.0,1542.0,1505.0,1676.0,1428.0,83435,148859.0,1511.0,15,1511.5,8,1512.0,16,1512.5,69,1513.0,1,1513.5,7,1514.0,10,1514.5,7,1515.0,26,1515.5,5,1513.0
jm2409,DCE,13:40:47.50#,1533.0,1542.0,1505.0,1676.0,1428.0,83435,148859.0,1511.0,15,1511.5,8,1512.0,16,1512.5,69,1513.0,1,1513.5,7,1514.0,10,1514.5,8,1515.0,26,1515.5,5,1513.0
jm2409,DCE,13:40:47.217#,1533.0,1542.0,1505.0,1676.0,1428.0,83435,148859.0,1511.0,15,1511.5,7,1512.0,16,1512.5,68,1513.0,4,1513.5,7,1514.0,10,1514.5,6,1515.0,30,1515.5,5,1513.0
jm2409,DCE,13:40:47.477#,1533.0,1542.0,1505.0,1676.0,1428.0,83435,148859.0,1511.0,15,1511.5,7,1512.0,17,1512.5,68,1513.0,12,1513.5,7,1514.0,10,1514.5,6,1515.0,30,1515.5,5,1513.0
jm2409,DCE,13:40:47.802#,1533.0,1542.0,1505.0,1676.0,1428.0,83435,148859.0,1511.0,15,1511.5,7,1512.0,17,1512.5,68,1513.0,17,1513.5,7,1514.0,10,1514.5,6,1515.0,30,1515.5,5,1513.0
jm2409,DCE,13:40:48.674#,1533.0,1542.0,1505.0,1676.0,1428.0,83437,148858.0,1511.0,15,1511.5,7,1512.0,17,1512.5,68,1513.0,15,1513.5,7,1514.0,10,1514.5,6,1515.0,30,1515.5,5,1513.0
jm2409,DCE,13:40:49.33#,1533.0,1542.0,1505.0,1676.0,1428.0,83437,148858.0,1511.0,15,1511.5,7,1512.0,17,1512.5,68,1513.0,8,1513.5,7,1514.0,10,1514.5,6,1515.0,30,1515.5,5,1513.0
jm2409,DCE,13:40:49.164#,1533.0,1542.0,1505.0,1676.0,1428.0,83437,148858.0,1511.0,15,1511.5,7,1512.0,17,1512.5,68,1513.0,5,1513.5,8,1514.0,10,1514.5,6,1515.0,30,1515.5,5,1513.0
jm2409,DCE,13:40:50.128#,1533.0,1542.0,1505.0,1676.0,1428.0,83437,148858.0,1511.0,15,1511.5,8,1512.0,17,1512.5,68,1513.0,5,1513.5,8,1514.0,10,1514.5,6,1515.0,30,1515.5,5,1513.0
jm2409,DCE,13:40:50.973#,1533.0,1542.0,1505.0,1676.0,1428.0,83437,148858.0,1511.0,15,1511.5,8,1512.0,17,1512.5,68,1513.0,5,1513.5,8,1514.0,11,1514.5,6,1515.0,30,1515.5,5,1513.0
jm2409,DCE,13:40:51.233#,1533.0,1542.0,1505.0,1676.0,1428.0,83437,148858.0,1511.0,15,1511.5,8,1512.0,17,1512.5,68,1513.0,5,1513.5,8,1514.0,11,1514.5,6,1515.0,26,1515.5,5,1513.0
jm2409,DCE,13:40:51.361#,1533.0,1542.0,1505.0,1676.0,1428.0,83438,148858.0,1511.0,15,1511.5,8,1512.0,17,1512.5,68,1513.0,6,1513.5,12,1514.0,11,1514.5,6,1515.0,26,1515.5,7,1513.5
jm2409,DCE,13:40:51.668#,1533.0,1542.0,1505.0,1676.0,1428.0,83439,148857.0,1511.0,15,1511.5,8,1512.0,17,1512.5,68,1513.0,6,1513.5,13,1514.0,11,1514.5,6,1515.0,26,1515.5,7,1513.5
jm2409,DCE,13:40:51.942#,1533.0,1542.0,1505.0,1676.0,1428.0,83439,148857.0,1511.0,15,1511.5,8,1512.0,16,1512.5,68,1513.0,18,1513.5,13,1514.0,11,1514.5,6,1515.0,26,1515.5,7,1513.5
jm2409,DCE,13:40:52.285#,1533.0,1542.0,1505.0,1676.0,1428.0,83440,148857.0,1511.0,15,1511.5,8,1512.0,16,1512.5,69,1513.0,18,1513.5,12,1514.0,11,1514.5,6,1515.0,26,1515.5,7,1513.5
jm2409,DCE,13:40:52.566#,1533.0,1542.0,1505.0,1676.0,1428.0,83440,148857.0,1511.0,15,1511.5,8,1512.0,16,1512.5,69,1513.0,18,1513.5,11,1514.0,11,1514.5,6,1515.0,26,1515.5,7,1513.5
jm2409,DCE,13:40:52.821#,1533.0,1542.0,1505.0,1676.0,1428.0,83441,148857.0,1511.0,15,1511.5,8,1512.0,16,1512.5,69,1513.0,18,1513.5,11,1514.0,11,1514.5,6,1515.0,26,1515.5,7,1513.5
jm2409,DCE,13:40:52.945#,1533.0,1542.0,1505.0,1676.0,1428.0,83444,148856.0,1511.0,15,1511.5,8,1512.0,16,1512.5,69,1513.0,17,1513.5,9,1514.0,11,1514.5,6,1515.0,26,1515.5,7,1513.5
jm2409,DCE,13:40:53.240#,1533.0,1542.0,1505.0,1676.0,1428.0,83444,148856.0,1511.0,15,1511.5,8,1512.0,16,1512.5,70,1513.0,17,1513.5,12,1514.0,11,1514.5,6,1515.0,26,1515.5,7,1513.5
jm2409,DCE,13:40:55.50#,1533.0,1542.0,1505.0,1676.0,1428.0,83444,148856.0,1511.0,15,1511.5,8,1512.0,15,1512.5,70,1513.0,17,1513.5,12,1514.0,11,1514.5,6,1515.0,26,1515.5,7,1513.5
jm2409,DCE,13:40:55.315#,1533.0,1542.0,1505.0,1676.0,1428.0,83450,148862.0,1511.0,15,1511.5,8,1512.0,15,1512.5,70,1513.0,17,1513.5,7,1514.0,12,1514.5,6,1515.0,26,1515.5,7,1513.5
jm2409,DCE,13:40:56.63#,1533.0,1542.0,1505.0,1676.0,1428.0,83450,148862.0,1511.0,15,1511.5,8,1512.0,15,1512.5,69,1513.0,17,1513.5,7,1514.0,12,1514.5,6,1515.0,26,1515.5,7,1513.5
jm2409,DCE,13:40:56.198#,1533.0,1542.0,1505.0,1676.0,1428.0,83451,148862.0,1511.0,15,1511.5,8,1512.0,15,1512.5,69,1513.0,17,1513.5,7,1514.0,12,1514.5,6,1515.0,26,1515.5,7,1513.5
jm2409,DCE,13:40:56.436#,1533.0,1542.0,1505.0,1676.0,1428.0,83451,148862.0,1511.0,14,1511.5,8,1512.0,15,1512.5,69,1513.0,17,1513.5,7,1514.0,12,1514.5,6,1515.0,26,1515.5,7,1513.5
jm2409,DCE,13:40:56.684#,1533.0,1542.0,1505.0,1676.0,1428.0,83452,148863.0,1511.0,14,1511.5,8,1512.0,15,1512.5,69,1513.0,17,1513.5,6,1514.0,12,1514.5,6,1515.0,26,1515.5,7,1513.5
jm2409,DCE,13:40:57.379#,1533.0,1542.0,1505.0,1676.0,1428.0,83452,148863.0,1511.0,14,1511.5,8,1512.0,15,1512.5,69,1513.0,19,1513.5,6,1514.0,12,1514.5,6,1515.0,26,1515.5,7,1513.5
jm2409,DCE,13:40:57.805#,1533.0,1542.0,1505.0,1676.0,1428.0,83452,148863.0,1511.0,14,1511.5,8,1512.0,15,1512.5,69,1513.0,19,1513.5,7,1514.0,12,1514.5,6,1515.0,26,1515.5,7,1513.5
jm2409,DCE,13:40:57.986#,1533.0,1542.0,1505.0,1676.0,1428.0,83453,148862.0,1511.0,14,1511.5,8,1512.0,15,1512.5,69,1513.0,19,1513.5,6,1514.0,12,1514.5,6,1515.0,26,1515.5,7,1513.5
jm2409,DCE,13:40:58.224#,1533.0,1542.0,1505.0,1676.0,1428.0,83453,148862.0,1511.0,14,1511.5,8,1512.0,15,1512.5,69,1513.0,20,1513.5,6,1514.0,12,1514.5,6,1515.0,26,1515.5,7,1513.5
jm2409,DCE,13:40:58.656#,1533.0,1542.0,1505.0,1676.0,1428.0,83454,148863.0,1511.0,14,1511.5,8,1512.0,15,1512.5,69,1513.0,20,1513.5,5,1514.0,12,1514.5,6,1515.0,26,1515.5,7,1513.5
jm2409,DCE,13:40:59.44#,1533.0,1542.0,1505.0,1676.0,1428.0,83454,148863.0,1511.0,14,1511.5,8,1512.0,15,1512.5,69,1513.0,20,1513.5,7,1514.0,12,1514.5,6,1515.0,26,1515.5,7,1513.5
jm2409,DCE,13:40:59.83#,1533.0,1542.0,1505.0,1676.0,1428.0,83454,148863.0,1511.0,14,1511.5,8,1512.0,15,1512.5,67,1513.0,20,1513.5,7,1514.0,12,1514.5,6,1515.0,26,1515.5,7,1513.5
jm2409,DCE,13:40:59.525#,1533.0,1542.0,1505.0,1676.0,1428.0,83461,148867.0,1511.5,8,1512.0,15,1512.5,67,1513.0,20,1513.5,3,1514.0,12,1514.5,6,1515.0,26,1515.5,7,1516.0,14,1513.5
jm2409,DCE,13:40:59.667#,1533.0,1542.0,1505.0,1676.0,1428.0,83461,148867.0,1511.5,8,1512.0,15,1512.5,67,1513.0,9,1513.5,3,1514.0,13,1514.5,6,1515.0,26,1515.5,7,1516.0,14,1513.5
jm2409,DCE,13:40:59.893#,1533.0,1542.0,1505.0,1676.0,1428.0,83462,148867.0,1511.5,8,1512.0,15,1512.5,67,1513.0,9,1513.5,3,1514.0,13,1514.5,6,1515.0,23,1515.5,7,1516.0,14,1513.5
jm2409,DCE,13:41:00.393#,1533.0,1542.0,1505.0,1676.0,1428.0,83464,148869.0,1511.5,8,1512.0,15,1512.5,67,1513.0,9,1513.5,1,1514.0,13,1514.5,6,1515.0,23,1515.5,7,1516.0,14,1513.5
jm2409,DCE,13:41:00.815#,1533.0,1542.0,1505.0,1676.0,1428.0,83465,148869.0,1511.5,8,1512.0,15,1512.5,67,1513.0,11,1513.5,4,1514.0,14,1514.5,6,1515.0,22,1515.5,7,1516.0,14,1513.5
jm2409,DCE,13:41:01.49#,1533.0,1542.0,1505.0,1676.0,1428.0,83467,148869.0,1511.5,8,1512.0,15,1512.5,66,1513.0,12,1513.5,2,1514.0,14,1514.5,6,1515.0,22,1515.5,7,1516.0,15,1513.5
jm2409,DCE,13:41:01.90#,1533.0,1542.0,1505.0,1676.0,1428.0,83469,148871.0,1511.0,12,1511.5,8,1512.0,15,1512.5,66,1513.0,12,1513.5,3,1514.0,16,1514.5,6,1515.0,22,1515.5,7,1513.5
jm2409,DCE,13:41:01.499#,1533.0,1542.0,1505.0,1676.0,1428.0,83469,148871.0,1511.0,12,1511.5,8,1512.0,15,1512.5,66,1513.0,10,1513.5,9,1514.0,16,1514.5,6,1515.0,22,1515.5,7,1513.5
jm2409,DCE,13:41:01.695#,1533.0,1542.0,1505.0,1676.0,1428.0,83469,148871.0,1511.0,12,1511.5,8,1512.0,15,1512.5,66,1513.0,10,1513.5,9,1514.0,16,1514.5,6,1515.0,23,1515.5,5,1513.5
jm2409,DCE,13:41:02.35#,1533.0,1542.0,1505.0,1676.0,1428.0,83470,148872.0,1511.0,12,1511.5,8,1512.0,15,1512.5,67,1513.0,7,1513.5,8,1514.0,16,1514.5,6,1515.0,23,1515.5,5,1513.5
jm2409,DCE,13:41:02.556#,1533.0,1542.0,1505.0,1676.0,1428.0,83470,148872.0,1511.0,12,1511.5,8,1512.0,15,1512.5,67,1513.0,7,1513.5,9,1514.0,16,1514.5,6,1515.0,23,1515.5,5,1513.5
jm2409,DCE,13:41:02.757#,1533.0,1542.0,1505.0,1676.0,1428.0,83470,148872.0,1511.0,12,1511.5,8,1512.0,15,1512.5,67,1513.0,7,1513.5,7,1514.0,16,1514.5,6,1515.0,23,1515.5,5,1513.5
jm2409,DCE,13:41:02.874#,1533.0,1542.0,1505.0,1676.0,1428.0,83473,148874.0,1511.0,12,1511.5,8,1512.0,15,1512.5,67,1513.0,7,1513.5,4,1514.0,16,1514.5,6,1515.0,23,1515.5,5,1513.5
jm2409,DCE,13:41:03.127#,1533.0,1542.0,1505.0,1676.0,1428.0,83474,148874.0,1511.0,12,1511.5,8,1512.0,15,1512.5,67,1513.0,7,1514.0,14,1514.5,6,1515.0,23,1515.5,5,1516.0,15,1513.5
jm2409,DCE,13:41:03.468#,1533.0,1542.0,1505.0,1676.0,1428.0,83474,148874.0,1511.0,12,1511.5,8,1512.0,15,1512.5,67,1513.0,10,1514.0,14,1514.5,6,1515.0,23,1515.5,5,1516.0,15,1513.5
jm2409,DCE,13:41:03.702#,1533.0,1542.0,1505.0,1676.0,1428.0,83474,148874.0,1511.0,12,1511.5,8,1512.0,15,1512.5,67,1513.0,14,1514.0,13,1514.5,6,1515.0,23,1515.5,5,1516.0,15,1513.5
jm2409,DCE,13:41:04.293#,1533.0,1542.0,1505.0,1676.0,1428.0,83474,148874.0,1511.0,12,1511.5,8,1512.0,15,1512.5,67,1513.0,14,1513.5,1,1514.0,13,1514.5,6,1515.0,23,1515.5,5,1513.5
jm2409,DCE,13:41:04.808#,1533.0,1542.0,1505.0,1676.0,1428.0,83474,148874.0,1511.0,12,1511.5,8,1512.0,15,1512.5,67,1513.0,14,1513.5,2,1514.0,18,1514.5,6,1515.0,23,1515.5,5,1513.5
jm2409,DCE,13:41:04.882#,1533.0,1542.0,1505.0,1676.0,1428.0,83474,148874.0,1511.0,12,1511.5,8,1512.0,15,1512.5,67,1513.0,14,1513.5,2,1514.0,18,1514.5,7,1515.0,22,1515.5,5,1513.5
jm2409,DCE,13:41:05.279#,1533.0,1542.0,1505.0,1676.0,1428.0,83475,148875.0,1511.0,12,1511.5,8,1512.0,15,1512.5,67,1513.0,15,1513.5,2,1514.0,18,1514.5,7,1515.0,22,1515.5,5,1513.0
jm2409,DCE,13:41:05.554#,1533.0,1542.0,1505.0,1676.0,1428.0,83475,148875.0,1511.0,12,1511.5,8,1512.0,15,1512.5,67,1513.0,14,1513.5,2,1514.0,19,1514.5,7,1515.0,22,1515.5,5,1513.0
jm2409,DCE,13:41:05.709#,1533.0,1542.0,1505.0,1676.0,1428.0,83476,148876.0,1511.0,12,1511.5,8,1512.0,15,1512.5,67,1513.0,15,1513.5,2,1514.0,19,1514.5,7,1515.0,24,1515.5,5,1513.0
jm2409,DCE,13:41:06.283#,1533.0,1542.0,1505.0,1676.0,1428.0,83476,148876.0,1511.0,12,1511.5,8,1512.0,15,1512.5,67,1513.0,15,1513.5,4,1514.0,19,1514.5,7,1515.0,24,1515.5,5,1513.0
jm2409,DCE,13:41:06.484#,1533.0,1542.0,1505.0,1676.0,1428.0,83476,148876.0,1511.0,12,1511.5,8,1512.0,15,1512.5,67,1513.0,14,1513.5,6,1514.0,19,1514.5,7,1515.0,25,1515.5,5,1513.0
jm2409,DCE,13:41:06.730#,1533.0,1542.0,1505.0,1676.0,1428.0,83477,148876.0,1511.0,12,1511.5,8,1512.0,15,1512.5,67,1513.0,13,1513.5,10,1514.0,19,1514.5,7,1515.0,25,1515.5,5,1513.0
jm2409,DCE,13:41:06.832#,1533.0,1542.0,1505.0,1676.0,1428.0,83477,148876.0,1511.0,12,1511.5,8,1512.0,15,1512.5,67,1513.0,11,1513.5,10,1514.0,19,1514.5,7,1515.0,25,1515.5,5,1513.0
jm2409,DCE,13:41:07.195#,1533.0,1542.0,1505.0,1676.0,1428.0,83477,148876.0,1511.0,12,1511.5,8,1512.0,15,1512.5,66,1513.0,11,1513.5,10,1514.0,19,1514.5,7,1515.0,25,1515.5,5,1513.0
jm2409,DCE,13:41:07.437#,1533.0,1542.0,1505.0,1676.0,1428.0,83478,148877.0,1511.0,12,1511.5,8,1512.0,15,1512.5,66,1513.0,11,1513.5,9,1514.0,19,1514.5,7,1515.0,25,1515.5,5,1513.5
jm2409,DCE,13:41:08.472#,1533.0,1542.0,1505.0,1676.0,1428.0,83478,148877.0,1511.0,12,1511.5,8,1512.0,15,1512.5,65,1513.0,16,1513.5,9,1514.0,19,1514.5,6,1515.0,26,1515.5,5,1513.5
jm2409,DCE,13:41:08.772#,1533.0,1542.0,1505.0,1676.0,1428.0,83478,148877.0,1511.0,12,1511.5,8,1512.0,15,1512.5,65,1513.0,16,1513.5,5,1514.0,19,1514.5,6,1515.0,26,1515.5,5,1513.5
jm2409,DCE,13:41:09.47#,1533.0,1542.0,1505.0,1676.0,1428.0,83478,148877.0,1511.0,12,1511.5,8,1512.0,15,1512.5,65,1513.0,16,1513.5,6,1514.0,19,1514.5,6,1515.0,26,1515.5,5,1513.5
jm2409,DCE,13:41:09.466#,1533.0,1542.0,1505.0,1676.0,1428.0,83478,148877.0,1511.0,12,1511.5,8,1512.0,15,1512.5,66,1513.0,15,1513.5,6,1514.0,20,1514.5,6,1515.0,26,1515.5,5,1513.5
jm2409,DCE,13:41:10.243#,1533.0,1542.0,1505.0,1676.0,1428.0,83479,148878.0,1511.0,12,1511.5,8,1512.0,15,1512.5,66,1513.0,15,1513.5,5,1514.0,20,1514.5,6,1515.0,26,1515.5,5,1513.5
jm2409,DCE,13:41:11.32#,1533.0,1542.0,1505.0,1676.0,1428.0,83479,148878.0,1511.0,12,1511.5,8,1512.0,15,1512.5,66,1513.0,15,1513.5,5,1514.0,20,1514.5,6,1515.0,27,1515.5,5,1513.5
jm2409,DCE,13:41:11.425#,1533.0,1542.0,1505.0,1676.0,1428.0,83481,148876.0,1511.0,12,1511.5,8,1512.0,15,1512.5,66,1513.0,13,1513.5,3,1514.0,20,1514.5,6,1515.0,27,1515.5,5,1513.5
jm2409,DCE,13:41:11.935#,1533.0,1542.0,1505.0,1676.0,1428.0,83482,148877.0,1511.0,12,1511.5,8,1512.0,15,1512.5,66,1513.0,14,1513.5,2,1514.0,20,1514.5,6,1515.0,27,1515.5,5,1513.5
jm2409,DCE,13:41:12.285#,1533.0,1542.0,1505.0,1676.0,1428.0,83482,148877.0,1511.0,12,1511.5,8,1512.0,15,1512.5,66,1513.0,14,1513.5,4,1514.0,20,1514.5,6,1515.0,26,1515.5,7,1513.5
jm2409,DCE,13:41:12.377#,1533.0,1542.0,1505.0,1676.0,1428.0,83483,148876.0,1511.0,12,1511.5,8,1512.0,15,1512.5,66,1513.0,13,1513.5,4,1514.0,20,1514.5,6,1515.0,26,1515.5,7,1513.0
jm2409,DCE,13:41:12.794#,1533.0,1542.0,1505.0,1676.0,1428.0,83483,148876.0,1511.0,12,1511.5,8,1512.0,15,1512.5,66,1513.0,14,1513.5,5,1514.0,20,1514.5,6,1515.0,26,1515.5,7,1513.0
jm2409,DCE,13:41:13.114#,1533.0,1542.0,1505.0,1676.0,1428.0,83484,148877.0,1511.0,12,1511.5,8,1512.0,15,1512.5,66,1513.0,14,1513.5,4,1514.0,20,1514.5,6,1515.0,26,1515.5,7,1513.5
jm2409,DCE,13:41:14.545#,1533.0,1542.0,1505.0,1676.0,1428.0,83485,148878.0,1511.0,12,1511.5,8,1512.0,15,1512.5,66,1513.0,14,1513.5,3,1514.0,20,1514.5,6,1515.0,26,1515.5,7,1513.5
jm2409,DCE,13:41:14.694#,1533.0,1542.0,1505.0,1676.0,1428.0,83486,148877.0,1511.0,12,1511.5,8,1512.0,15,1512.5,66,1513.0,13,1513.5,3,1514.0,20,1514.5,6,1515.0,26,1515.5,7,1513.0
jm2409,DCE,13:41:15.47#,1533.0,1542.0,1505.0,1676.0,1428.0,83486,148877.0,1511.0,11,1511.5,8,1512.0,15,1512.5,66,1513.0,13,1513.5,3,1514.0,20,1514.5,6,1515.0,26,1515.5,7,1513.0
jm2409,DCE,13:41:15.505#,1533.0,1542.0,1505.0,1676.0,1428.0,83486,148877.0,1511.0,11,1511.5,8,1512.0,15,1512.5,66,1513.0,13,1513.5,3,1514.0,21,1514.5,6,1515.0,26,1515.5,7,1513.0
jm2409,DCE,13:41:15.993#,1533.0,1542.0,1505.0,1676.0,1428.0,83487,148877.0,1511.0,11,1511.5,8,1512.0,15,1512.5,66,1513.0,12,1513.5,3,1514.0,21,1514.5,6,1515.0,26,1515.5,7,1513.0
jm2409,DCE,13:41:16.236#,1533.0,1542.0,1505.0,1676.0,1428.0,83490,148880.0,1511.0,11,1511.5,8,1512.0,15,1512.5,66,1513.0,9,1513.5,3,1514.0,22,1514.5,6,1515.0,26,1515.5,7,1513.0
jm2409,DCE,13:41:16.328#,1533.0,1542.0,1505.0,1676.0,1428.0,83490,148880.0,1511.0,11,1511.5,8,1512.0,15,1512.5,66,1513.0,9,1513.5,6,1514.0,22,1514.5,6,1515.0,26,1515.5,7,1513.0
jm2409,DCE,13:41:16.986#,1533.0,1542.0,1505.0,1676.0,1428.0,83490,148880.0,1511.0,11,1511.5,8,1512.0,15,1512.5,66,1513.0,9,1513.5,6,1514.0,21,1514.5,6,1515.0,26,1515.5,7,1513.0
jm2409,DCE,13:41:17.530#,1533.0,1542.0,1505.0,1676.0,1428.0,83490,148880.0,1511.0,11,1511.5,8,1512.0,15,1512.5,66,1513.0,10,1513.5,6,1514.0,21,1514.5,6,1515.0,26,1515.5,7,1513.0
jm2409,DCE,13:41:17.574#,1533.0,1542.0,1505.0,1676.0,1428.0,83490,148880.0,1511.0,11,1511.5,8,1512.0,15,1512.5,66,1513.0,10,1513.5,3,1514.0,21,1514.5,6,1515.0,26,1515.5,7,1513.0
jm2409,DCE,13:41:18.76#,1533.0,1542.0,1505.0,1676.0,1428.0,83490,148880.0,1511.0,11,1511.5,8,1512.0,15,1512.5,66,1513.0,10,1513.5,4,1514.0,21,1514.5,6,1515.0,26,1515.5,7,1513.0
jm2409,DCE,13:41:19.48#,1533.0,1542.0,1505.0,1676.0,1428.0,83490,148880.0,1511.0,11,1511.5,8,1512.0,15,1512.5,66,1513.0,11,1513.5,5,1514.0,21,1514.5,6,1515.0,26,1515.5,7,1513.0
jm2409,DCE,13:41:19.106#,1533.0,1542.0,1505.0,1676.0,1428.0,83490,148880.0,1511.0,11,1511.5,8,1512.0,15,1512.5,66,1513.0,11,1513.5,6,1514.0,21,1514.5,6,1515.0,26,1515.5,7,1513.0
jm2409,DCE,13:41:20.161#,1533.0,1542.0,1505.0,1676.0,1428.0,83491,148880.0,1511.0,11,1511.5,8,1512.0,15,1512.5,66,1513.0,10,1513.5,6,1514.0,21,1514.5,6,1515.0,26,1515.5,7,1513.0
jm2409,DCE,13:41:20.571#,1533.0,1542.0,1505.0,1676.0,1428.0,83491,148880.0,1511.0,11,1511.5,8,1512.0,15,1512.5,66,1513.0,10,1513.5,10,1514.0,21,1514.5,6,1515.0,26,1515.5,7,1513.0
jm2409,DCE,13:41:20.770#,1533.0,1542.0,1505.0,1676.0,1428.0,83491,148880.0,1511.0,11,1511.5,8,1512.0,15,1512.5,66,1513.0,11,1513.5,12,1514.0,21,1514.5,6,1515.0,26,1515.5,7,1513.0
jm2409,DCE,13:41:20.932#,1533.0,1542.0,1505.0,1676.0,1428.0,83495,148878.0,1511.0,11,1511.5,8,1512.0,15,1512.5,66,1513.0,12,1513.5,8,1514.0,21,1514.5,6,1515.0,26,1515.5,7,1513.5
jm2409,DCE,13:41:21.133#,1533.0,1542.0,1505.0,1676.0,1428.0,83500,148878.0,1511.0,11,1511.5,8,1512.0,15,1512.5,66,1513.0,7,1513.5,4,1514.0,21,1514.5,6,1515.0,26,1515.5,7,1513.0
jm2409,DCE,13:41:21.713#,1533.0,1542.0,1505.0,1676.0,1428.0,83500,148878.0,1511.0,11,1511.5,8,1512.0,15,1512.5,66,1513.0,8,1513.5,6,1514.0,21,1514.5,6,1515.0,26,1515.5,7,1513.0
jm2409,DCE,13:41:22.431#,1533.0,1542.0,1505.0,1676.0,1428.0,83500,148878.0,1511.0,11,1511.5,8,1512.0,15,1512.5,66,1513.0,9,1513.5,6,1514.0,20,1514.5,6,1515.0,26,1515.5,7,1513.0
jm2409,DCE,13:41:22.899#,1533.0,1542.0,1505.0,1676.0,1428.0,83506,148881.0,1511.5,8,1512.0,15,1512.5,66,1513.0,9,1513.5,12,1514.0,20,1514.5,6,1515.0,26,1515.5,7,1516.0,15,1513.5
jm2409,DCE,13:41:23.134#,1533.0,1542.0,1505.0,1676.0,1428.0,83506,148881.0,1511.5,8,1512.0,15,1512.5,66,1513.0,9,1513.5,13,1514.0,20,1514.5,6,1515.0,26,1515.5,7,1516.0,15,1513.5
jm2409,DCE,13:41:23.611#,1533.0,1542.0,1505.0,1676.0,1428.0,83506,148881.0,1511.5,8,1512.0,15,1512.5,66,1513.0,9,1513.5,15,1514.0,20,1514.5,6,1515.0,26,1515.5,7,1516.0,15,1513.5
jm2409,DCE,13:41:24.224#,1533.0,1542.0,1505.0,1676.0,1428.0,83508,148881.0,1511.5,8,1512.0,15,1512.5,66,1513.0,9,1513.5,13,1514.0,20,1514.5,6,1515.0,25,1515.5,7,1516.0,15,1513.5
jm2409,DCE,13:41:24.499#,1533.0,1542.0,1505.0,1676.0,1428.0,83509,148881.0,1511.5,8,1512.0,15,1512.5,66,1513.0,9,1513.5,12,1514.0,20,1514.5,6,1515.0,25,1515.5,7,1516.0,15,1513.5
jm2409,DCE,13:41:25.15#,1533.0,1542.0,1505.0,1676.0,1428.0,83509,148881.0,1511.5,8,1512.0,15,1512.5,66,1513.0,9,1513.5,12,1514.0,21,1514.5,6,1515.0,25,1515.5,7,1516.0,15,1513.5
jm2409,DCE,13:41:25.154#,1533.0,1542.0,1505.0,1676.0,1428.0,83510,148882.0,1511.5,8,1512.0,15,1512.5,66,1513.0,9,1513.5,11,1514.0,21,1514.5,6,1515.0,25,1515.5,7,1516.0,15,1513.5
jm2409,DCE,13:41:25.553#,1533.0,1542.0,1505.0,1676.0,1428.0,83512,148884.0,1511.5,8,1512.0,15,1512.5,66,1513.0,9,1513.5,9,1514.0,21,1514.5,6,1515.0,25,1515.5,7,1516.0,15,1513.5
jm2409,DCE,13:41:26.153#,1533.0,1542.0,1505.0,1676.0,1428.0,83512,148884.0,1511.5,8,1512.0,15,1512.5,66,1513.0,10,1513.5,9,1514.0,21,1514.5,6,1515.0,25,1515.5,7,1516.0,15,1513.5
jm2409,DCE,13:41:27.753#,1533.0,1542.0,1505.0,1676.0,1428.0,83512,148884.0,1511.5,8,1512.0,15,1512.5,66,1513.0,10,1513.5,9,1514.0,22,1514.5,6,1515.0,25,1515.5,7,1516.0,15,1513.5
jm2409,DCE,13:41:28.46#,1533.0,1542.0,1505.0,1676.0,1428.0,83512,148884.0,1511.5,8,1512.0,15,1512.5,66,1513.0,11,1513.5,9,1514.0,22,1514.5,6,1515.0,25,1515.5,7,1516.0,15,1513.5
jm2409,DCE,13:41:28.197#,1533.0,1542.0,1505.0,1676.0,1428.0,83512,148884.0,1511.5,8,1512.0,14,1512.5,66,1513.0,11,1513.5,9,1514.0,22,1514.5,6,1515.0,25,1515.5,7,1516.0,15,1513.5
jm2409,DCE,13:41:28.867#,1533.0,1542.0,1505.0,1676.0,1428.0,83512,148884.0,1511.5,8,1512.0,14,1512.5,66,1513.0,11,1513.5,9,1514.0,23,1514.5,6,1515.0,25,1515.5,7,1516.0,15,1513.5
jm2409,DCE,13:41:29.175#,1533.0,1542.0,1505.0,1676.0,1428.0,83512,148884.0,1511.5,8,1512.0,14,1512.5,66,1513.0,11,1513.5,9,1514.0,24,1514.5,6,1515.0,25,1515.5,7,1516.0,15,1513.5
jm2409,DCE,13:41:30.208#,1533.0,1542.0,1505.0,1676.0,1428.0,83513,148884.0,1511.5,8,1512.0,14,1512.5,66,1513.0,11,1513.5,9,1514.0,23,1514.5,6,1515.0,25,1515.5,7,1516.0,15,1514.0
jm2409,DCE,13:41:30.568#,1533.0,1542.0,1505.0,1676.0,1428.0,83513,148884.0,1511.5,8,1512.0,14,1512.5,66,1513.0,12,1513.5,9,1514.0,24,1514.5,6,1515.0,25,1515.5,7,1516.0,15,1514.0
jm2409,DCE,13:41:30.716#,1533.0,1542.0,1505.0,1676.0,1428.0,83515,148883.0,1511.5,8,1512.0,14,1512.5,66,1513.0,12,1513.5,8,1514.0,23,1514.5,6,1515.0,25,1515.5,7,1516.0,15,1514.0
jm2409,DCE,13:41:30.980#,1533.0,1542.0,1505.0,1676.0,1428.0,83516,148884.0,1511.5,8,1512.0,14,1512.5,66,1513.0,12,1513.5,7,1514.0,24,1514.5,6,1515.0,25,1515.5,7,1516.0,15,1513.5
jm2409,DCE,13:41:31.196#,1533.0,1542.0,1505.0,1676.0,1428.0,83523,148891.0,1511.0,10,1511.5,8,1512.0,14,1512.5,66,1513.0,12,1514.0,24,1514.5,7,1515.0,25,1515.5,7,1516.0,15,1513.5
jm2409,DCE,13:41:31.599#,1533.0,1542.0,1505.0,1676.0,1428.0,83523,148891.0,1511.0,10,1511.5,8,1512.0,14,1512.5,66,1513.0,12,1513.5,1,1514.0,23,1514.5,7,1515.0,25,1515.5,7,1513.5
jm2409,DCE,13:41:31.887#,1533.0,1542.0,1505.0,1676.0,1428.0,83523,148891.0,1511.0,10,1511.5,8,1512.0,9,1512.5,66,1513.0,12,1513.5,1,1514.0,23,1514.5,7,1515.0,25,1515.5,7,1513.5
jm2409,DCE,13:41:32.136#,1533.0,1542.0,1505.0,1676.0,1428.0,83523,148891.0,1511.0,10,1511.5,8,1512.0,9,1512.5,66,1513.0,12,1513.5,3,1514.0,23,1514.5,7,1515.0,25,1515.5,8,1513.5
jm2409,DCE,13:41:32.477#,1533.0,1542.0,1505.0,1676.0,1428.0,83523,148891.0,1511.0,10,1511.5,8,1512.0,9,1512.5,66,1513.0,13,1513.5,6,1514.0,23,1514.5,7,1515.0,25,1515.5,8,1513.5
jm2409,DCE,13:41:33.432#,1533.0,1542.0,1505.0,1676.0,1428.0,83523,148891.0,1511.0,10,1511.5,8,1512.0,9,1512.5,66,1513.0,13,1513.5,10,1514.0,23,1514.5,7,1515.0,25,1515.5,8,1513.5
jm2409,DCE,13:41:35.22#,1533.0,1542.0,1505.0,1676.0,1428.0,83525,148893.0,1511.0,10,1511.5,8,1512.0,9,1512.5,66,1513.0,13,1513.5,8,1514.0,23,1514.5,7,1515.0,25,1515.5,8,1513.5
jm2409,DCE,13:41:35.903#,1533.0,1542.0,1505.0,1676.0,1428.0,83526,148893.0,1511.0,10,1511.5,8,1512.0,9,1512.5,66,1513.0,12,1513.5,8,1514.0,23,1514.5,7,1515.0,25,1515.5,8,1513.0
jm2409,DCE,13:41:36.539#,1533.0,1542.0,1505.0,1676.0,1428.0,83527,148893.0,1511.0,10,1511.5,8,1512.0,9,1512.5,66,1513.0,12,1513.5,7,1514.0,23,1514.5,7,1515.0,25,1515.5,8,1513.5
jm2409,DCE,13:41:36.617#,1533.0,1542.0,1505.0,1676.0,1428.0,83528,148893.0,1511.0,10,1511.5,8,1512.0,9,1512.5,66,1513.0,11,1513.5,7,1514.0,23,1514.5,7,1515.0,25,1515.5,8,1513.0
jm2409,DCE,13:41:38.119#,1533.0,1542.0,1505.0,1676.0,1428.0,83529,148893.0,1511.0,10,1511.5,8,1512.0,9,1512.5,66,1513.0,10,1513.5,7,1514.0,23,1514.5,7,1515.0,25,1515.5,8,1513.0
jm2409,DCE,13:41:38.873#,1533.0,1542.0,1505.0,1676.0,1428.0,83529,148893.0,1511.0,10,1511.5,8,1512.0,9,1512.5,66,1513.0,10,1513.5,8,1514.0,23,1514.5,7,1515.0,25,1515.5,8,1513.0
jm2409,DCE,13:41:41.489#,1533.0,1542.0,1505.0,1676.0,1428.0,83529,148893.0,1511.0,10,1511.5,8,1512.0,9,1512.5,66,1513.0,10,1513.5,9,1514.0,23,1514.5,7,1515.0,25,1515.5,8,1513.0
jm2409,DCE,13:41:41.818#,1533.0,1542.0,1505.0,1676.0,1428.0,83529,148893.0,1511.0,10,1511.5,8,1512.0,9,1512.5,66,1513.0,10,1513.5,9,1514.0,23,1514.5,6,1515.0,25,1515.5,8,1513.0
jm2409,DCE,13:41:41.953#,1533.0,1542.0,1505.0,1676.0,1428.0,83529,148893.0,1511.0,10,1511.5,8,1512.0,9,1512.5,66,1513.0,10,1513.5,11,1514.0,23,1514.5,6,1515.0,25,1515.5,8,1513.0
jm2409,DCE,13:41:42.777#,1533.0,1542.0,1505.0,1676.0,1428.0,83529,148893.0,1511.0,10,1511.5,8,1512.0,9,1512.5,66,1513.0,10,1513.5,12,1514.0,23,1514.5,6,1515.0,25,1515.5,8,1513.0
jm2409,DCE,13:41:43.430#,1533.0,1542.0,1505.0,1676.0,1428.0,83529,148893.0,1511.0,10,1511.5,8,1512.0,9,1512.5,66,1513.0,10,1513.5,8,1514.0,23,1514.5,6,1515.0,25,1515.5,8,1513.0
jm2409,DCE,13:41:43.574#,1533.0,1542.0,1505.0,1676.0,1428.0,83529,148893.0,1511.0,10,1511.5,8,1512.0,9,1512.5,66,1513.0,10,1513.5,6,1514.0,23,1514.5,6,1515.0,25,1515.5,8,1513.0
jm2409,DCE,13:41:44.559#,1533.0,1542.0,1505.0,1676.0,1428.0,83529,148893.0,1511.0,10,1511.5,8,1512.0,9,1512.5,66,1513.0,10,1513.5,7,1514.0,23,1514.5,6,1515.0,25,1515.5,8,1513.0
jm2409,DCE,13:41:44.835#,1533.0,1542.0,1505.0,1676.0,1428.0,83531,148894.0,1511.0,10,1511.5,8,1512.0,9,1512.5,66,1513.0,8,1513.5,7,1514.0,23,1514.5,6,1515.0,25,1515.5,8,1513.0
jm2409,DCE,13:41:45.209#,1533.0,1542.0,1505.0,1676.0,1428.0,83531,148894.0,1511.0,10,1511.5,8,1512.0,9,1512.5,66,1513.0,8,1513.5,13,1514.0,23,1514.5,6,1515.0,25,1515.5,8,1513.0
jm2409,DCE,13:41:46.908#,1533.0,1542.0,1505.0,1676.0,1428.0,83533,148894.0,1511.0,10,1511.5,8,1512.0,9,1512.5,66,1513.0,7,1513.5,12,1514.0,23,1514.5,6,1515.0,25,1515.5,8,1513.0
jm2409,DCE,13:41:48.743#,1533.0,1542.0,1505.0,1676.0,1428.0,83533,148894.0,1511.0,10,1511.5,8,1512.0,9,1512.5,66,1513.0,7,1513.5,13,1514.0,23,1514.5,6,1515.0,25,1515.5,8,1513.0
jm2409,DCE,13:41:48.947#,1533.0,1542.0,1505.0,1676.0,1428.0,83533,148894.0,1511.0,10,1511.5,8,1512.0,9,1512.5,66,1513.0,7,1513.5,14,1514.0,22,1514.5,6,1515.0,25,1515.5,8,1513.0
jm2409,DCE,13:41:49.105#,1533.0,1542.0,1505.0,1676.0,1428.0,83533,148894.0,1511.0,10,1511.5,8,1512.0,9,1512.5,66,1513.0,7,1513.5,13,1514.0,22,1514.5,6,1515.0,25,1515.5,8,1513.0
jm2409,DCE,13:41:49.356#,1533.0,1542.0,1505.0,1676.0,1428.0,83533,148894.0,1511.0,10,1511.5,8,1512.0,9,1512.5,66,1513.0,11,1513.5,13,1514.0,22,1514.5,6,1515.0,25,1515.5,8,1513.0
jm2409,DCE,13:41:51.569#,1533.0,1542.0,1505.0,1676.0,1428.0,83534,148894.0,1511.0,10,1511.5,8,1512.0,9,1512.5,66,1513.0,11,1513.5,12,1514.0,22,1514.5,6,1515.0,25,1515.5,8,1513.5
jm2409,DCE,13:41:51.810#,1533.0,1542.0,1505.0,1676.0,1428.0,83534,148894.0,1511.0,10,1511.5,8,1512.0,9,1512.5,66,1513.0,13,1513.5,12,1514.0,22,1514.5,6,1515.0,25,1515.5,8,1513.5
jm2409,DCE,13:41:52.67#,1533.0,1542.0,1505.0,1676.0,1428.0,83534,148894.0,1511.0,10,1511.5,8,1512.0,9,1512.5,66,1513.0,16,1513.5,12,1514.0,22,1514.5,6,1515.0,25,1515.5,8,1513.5
jm2409,DCE,13:41:52.265#,1533.0,1542.0,1505.0,1676.0,1428.0,83534,148894.0,1511.0,10,1511.5,8,1512.0,9,1512.5,66,1513.0,16,1513.5,6,1514.0,22,1514.5,6,1515.0,26,1515.5,8,1513.5
jm2409,DCE,13:41:52.973#,1533.0,1542.0,1505.0,1676.0,1428.0,83534,148894.0,1511.0,10,1511.5,8,1512.0,9,1512.5,66,1513.0,16,1513.5,7,1514.0,22,1514.5,6,1515.0,26,1515.5,8,1513.5
jm2409,DCE,13:41:53.139#,1533.0,1542.0,1505.0,1676.0,1428.0,83535,148894.0,1511.0,10,1511.5,8,1512.0,9,1512.5,66,1513.0,15,1513.5,7,1514.0,22,1514.5,6,1515.0,26,1515.5,8,1513.0
jm2409,DCE,13:41:53.327#,1533.0,1542.0,1505.0,1676.0,1428.0,83535,148894.0,1511.0,10,1511.5,8,1512.0,9,1512.5,66,1513.0,15,1513.5,9,1514.0,22,1514.5,6,1515.0,26,1515.5,8,1513.0
jm2409,DCE,13:41:55.568#,1533.0,1542.0,1505.0,1676.0,1428.0,83535,148894.0,1511.0,10,1511.5,8,1512.0,9,1512.5,66,1513.0,14,1513.5,9,1514.0,22,1514.5,6,1515.0,26,1515.5,8,1513.0
jm2409,DCE,13:41:55.945#,1533.0,1542.0,1505.0,1676.0,1428.0,83535,148894.0,1511.0,10,1511.5,8,1512.0,9,1512.5,66,1513.0,14,1513.5,13,1514.0,22,1514.5,6,1515.0,26,1515.5,8,1513.0
jm2409,DCE,13:41:56.349#,1533.0,1542.0,1505.0,1676.0,1428.0,83536,148895.0,1511.0,10,1511.5,8,1512.0,9,1512.5,66,1513.0,13,1513.5,13,1514.0,22,1514.5,6,1515.0,26,1515.5,8,1513.0
jm2409,DCE,13:41:56.578#,1533.0,1542.0,1505.0,1676.0,1428.0,83538,148897.0,1511.0,10,1511.5,8,1512.0,9,1512.5,66,1513.0,11,1513.5,13,1514.0,22,1514.5,6,1515.0,26,1515.5,8,1513.0
jm2409,DCE,13:41:57.140#,1533.0,1542.0,1505.0,1676.0,1428.0,83538,148897.0,1511.0,10,1511.5,8,1512.0,9,1512.5,66,1513.0,11,1513.5,14,1514.0,22,1514.5,6,1515.0,26,1515.5,8,1513.0
jm2409,DCE,13:41:57.332#,1533.0,1542.0,1505.0,1676.0,1428.0,83538,148897.0,1511.0,10,1511.5,8,1512.0,9,1512.5,66,1513.0,11,1513.5,15,1514.0,22,1514.5,6,1515.0,26,1515.5,8,1513.0
jm2409,DCE,13:41:57.793#,1533.0,1542.0,1505.0,1676.0,1428.0,83540,148899.0,1511.0,10,1511.5,8,1512.0,9,1512.5,66,1513.0,11,1513.5,13,1514.0,22,1514.5,6,1515.0,26,1515.5,8,1513.5
jm2409,DCE,13:41:58.157#,1533.0,1542.0,1505.0,1676.0,1428.0,83541,148899.0,1511.0,10,1511.5,8,1512.0,9,1512.5,66,1513.0,11,1513.5,12,1514.0,22,1514.5,6,1515.0,26,1515.5,8,1513.5
jm2409,DCE,13:41:58.455#,1533.0,1542.0,1505.0,1676.0,1428.0,83541,148899.0,1511.0,10,1511.5,8,1512.0,9,1512.5,66,1513.0,11,1513.5,13,1514.0,22,1514.5,6,1515.0,26,1515.5,8,1513.5
jm2409,DCE,13:41:59.956#,1533.0,1542.0,1505.0,1676.0,1428.0,83547,148901.0,1510.5,23,1511.0,10,1511.5,8,1512.0,9,1512.5,66,1513.5,13,1514.0,22,1514.5,6,1515.0,26,1515.5,8,1513.0
jm2409,DCE,13:42:00.276#,1533.0,1542.0,1505.0,1676.0,1428.0,83551,148905.0,1511.0,10,1511.5,8,1512.0,9,1512.5,66,1513.0,8,1513.5,13,1514.0,22,1514.5,6,1515.0,27,1515.5,6,1513.0
jm2409,DCE,13:42:00.401#,1533.0,1542.0,1505.0,1676.0,1428.0,83559,148898.0,1510.5,23,1511.0,10,1511.5,8,1512.0,10,1512.5,66,1513.0,1,1513.5,13,1514.0,22,1514.5,6,1515.0,27,1513.0
jm2409,DCE,13:42:00.662#,1533.0,1542.0,1505.0,1676.0,1428.0,83559,148898.0,1510.5,23,1511.0,10,1511.5,8,1512.0,10,1512.5,65,1513.0,5,1513.5,13,1514.0,22,1514.5,6,1515.0,27,1513.0
jm2409,DCE,13:42:01.334#,1533.0,1542.0,1505.0,1676.0,1428.0,83559,148898.0,1510.5,23,1511.0,10,1511.5,8,1512.0,10,1512.5,65,1513.0,6,1513.5,13,1514.0,22,1514.5,6,1515.0,27,1513.0
jm2409,DCE,13:42:01.608#,1533.0,1542.0,1505.0,1676.0,1428.0,83559,148898.0,1510.5,23,1511.0,10,1511.5,8,1512.0,10,1512.5,65,1513.0,6,1513.5,13,1514.0,22,1514.5,6,1515.0,28,1513.0
jm2409,DCE,13:42:02.256#,1533.0,1542.0,1505.0,1676.0,1428.0,83559,148898.0,1510.5,23,1511.0,10,1511.5,8,1512.0,10,1512.5,65,1513.0,7,1513.5,13,1514.0,22,1514.5,6,1515.0,28,1513.0
jm2409,DCE,13:42:02.812#,1533.0,1542.0,1505.0,1676.0,1428.0,83560,148898.0,1510.5,23,1511.0,10,1511.5,8,1512.0,10,1512.5,65,1513.0,6,1513.5,15,1514.0,22,1514.5,6,1515.0,28,1513.0
jm2409,DCE,13:42:02.843#,1533.0,1542.0,1505.0,1676.0,1428.0,83560,148898.0,1510.5,23,1511.0,10,1511.5,8,1512.0,10,1512.5,65,1513.0,6,1513.5,16,1514.0,22,1514.5,6,1515.0,28,1513.0
jm2409,DCE,13:42:03.108#,1533.0,1542.0,1505.0,1676.0,1428.0,83560,148898.0,1510.5,23,1511.0,10,1511.5,8,1512.0,10,1512.5,65,1513.0,6,1513.5,16,1514.0,23,1514.5,6,1515.0,28,1513.0
jm2409,DCE,13:42:03.802#,1533.0,1542.0,1505.0,1676.0,1428.0,83561,148898.0,1510.5,23,1511.0,10,1511.5,8,1512.0,10,1512.5,64,1513.0,6,1513.5,16,1514.0,23,1514.5,6,1515.0,28,1512.5
jm2409,DCE,13:42:04.248#,1533.0,1542.0,1505.0,1676.0,1428.0,83561,148898.0,1510.5,23,1511.0,10,1511.5,8,1512.0,10,1512.5,64,1513.0,7,1513.5,16,1514.0,23,1514.5,6,1515.0,28,1512.5
jm2409,DCE,13:42:05.272#,1533.0,1542.0,1505.0,1676.0,1428.0,83561,148898.0,1510.5,23,1511.0,10,1511.5,8,1512.0,10,1512.5,64,1513.0,7,1513.5,16,1514.0,23,1514.5,6,1515.0,27,1512.5
jm2409,DCE,13:42:05.663#,1533.0,1542.0,1505.0,1676.0,1428.0,83561,148898.0,1510.5,23,1511.0,10,1511.5,8,1512.0,10,1512.5,64,1513.0,8,1513.5,16,1514.0,23,1514.5,6,1515.0,27,1512.5
jm2409,DCE,13:42:06.468#,1533.0,1542.0,1505.0,1676.0,1428.0,83561,148898.0,1510.5,23,1511.0,10,1511.5,8,1512.0,10,1512.5,64,1513.0,8,1513.5,16,1514.0,22,1514.5,6,1515.0,27,1512.5
jm2409,DCE,13:42:06.808#,1533.0,1542.0,1505.0,1676.0,1428.0,83562,148899.0,1510.5,23,1511.0,10,1511.5,8,1512.0,10,1512.5,64,1513.0,7,1513.5,16,1514.0,22,1514.5,6,1515.0,27,1513.0
jm2409,DCE,13:42:06.961#,1533.0,1542.0,1505.0,1676.0,1428.0,83562,148899.0,1510.5,23,1511.0,10,1511.5,8,1512.0,10,1512.5,64,1513.0,7,1513.5,16,1514.0,21,1514.5,6,1515.0,27,1513.0
jm2409,DCE,13:42:07.216#,1533.0,1542.0,1505.0,1676.0,1428.0,83563,148900.0,1510.5,23,1511.0,10,1511.5,8,1512.0,10,1512.5,64,1513.0,7,1513.5,16,1514.0,21,1514.5,6,1515.0,27,1513.0
jm2409,DCE,13:42:07.821#,1533.0,1542.0,1505.0,1676.0,1428.0,83563,148900.0,1510.5,23,1511.0,10,1511.5,8,1512.0,10,1512.5,64,1513.0,12,1513.5,16,1514.0,21,1514.5,6,1515.0,27,1513.0
jm2409,DCE,13:42:07.850#,1533.0,1542.0,1505.0,1676.0,1428.0,83566,148900.0,1510.5,23,1511.0,10,1511.5,8,1512.0,8,1512.5,61,1513.0,13,1513.5,16,1514.0,21,1514.5,8,1515.0,26,1512.5
jm2409,DCE,13:42:08.225#,1533.0,1542.0,1505.0,1676.0,1428.0,83627,148901.0,1510.0,36,1510.5,23,1511.0,16,1511.5,8,1512.0,7,1512.5,24,1513.0,15,1513.5,16,1514.0,21,1514.5,8,1512.5
jm2409,DCE,13:42:08.562#,1533.0,1542.0,1505.0,1676.0,1428.0,83635,148899.0,1509.5,13,1510.0,36,1510.5,23,1511.0,16,1511.5,8,1512.0,15,1512.5,26,1513.0,15,1513.5,16,1514.0,25,1512.0
jm2409,DCE,13:42:08.721#,1533.0,1542.0,1505.0,1676.0,1428.0,83636,148900.0,1509.5,12,1510.0,36,1510.5,23,1511.0,16,1511.5,17,1512.0,15,1512.5,26,1513.0,10,1513.5,18,1514.0,20,1512.0
jm2409,DCE,13:42:08.863#,1533.0,1542.0,1505.0,1676.0,1428.0,83646,148894.0,1509.5,12,1510.0,36,1510.5,23,1511.0,16,1511.5,11,1512.0,2,1512.5,2,1513.0,9,1513.5,16,1514.0,23,1511.5
jm2409,DCE,13:42:09.141#,1533.0,1542.0,1505.0,1676.0,1428.0,83648,148893.0,1509.5,12,1510.0,36,1510.5,23,1511.0,16,1511.5,16,1512.0,7,1512.5,3,1513.0,9,1513.5,16,1514.0,23,1512.0
jm2409,DCE,13:42:09.480#,1533.0,1542.0,1505.0,1676.0,1428.0,83648,148893.0,1509.5,12,1510.0,36,1510.5,23,1511.0,16,1511.5,16,1512.0,8,1512.5,4,1513.0,9,1513.5,16,1514.0,23,1512.0
jm2409,DCE,13:42:09.578#,1533.0,1542.0,1505.0,1676.0,1428.0,83648,148893.0,1509.5,12,1510.0,36,1510.5,23,1511.0,16,1511.5,13,1512.0,8,1512.5,4,1513.0,9,1513.5,16,1514.0,23,1512.0
jm2409,DCE,13:42:10.422#,1533.0,1542.0,1505.0,1676.0,1428.0,83650,148893.0,1509.5,12,1510.0,36,1510.5,23,1511.0,16,1511.5,11,1512.0,8,1512.5,4,1513.0,9,1513.5,16,1514.0,23,1511.5
jm2409,DCE,13:42:10.632#,1533.0,1542.0,1505.0,1676.0,1428.0,83650,148893.0,1509.5,12,1510.0,36,1510.5,23,1511.0,16,1511.5,15,1512.0,8,1512.5,5,1513.0,9,1513.5,16,1514.0,23,1511.5
jm2409,DCE,13:42:11.61#,1533.0,1542.0,1505.0,1676.0,1428.0,83652,148891.0,1509.5,12,1510.0,36,1510.5,23,1511.0,16,1511.5,15,1512.0,7,1512.5,5,1513.0,9,1513.5,16,1514.0,23,1511.5
jm2409,DCE,13:42:12.247#,1533.0,1542.0,1505.0,1676.0,1428.0,83657,148891.0,1509.5,12,1510.0,36,1510.5,23,1511.0,16,1511.5,13,1512.0,4,1512.5,5,1513.0,9,1513.5,15,1514.0,23,1512.0
jm2409,DCE,13:42:12.471#,1533.0,1542.0,1505.0,1676.0,1428.0,83660,148891.0,1509.5,12,1510.0,36,1510.5,23,1511.0,16,1511.5,10,1512.0,4,1512.5,5,1513.0,9,1513.5,15,1514.0,23,1511.5
jm2409,DCE,13:42:13.9#,1533.0,1542.0,1505.0,1676.0,1428.0,83660,148891.0,1509.5,12,1510.0,36,1510.5,23,1511.0,16,1511.5,14,1512.0,4,1512.5,5,1513.0,8,1513.5,15,1514.0,23,1511.5
jm2409,DCE,13:42:14.169#,1533.0,1542.0,1505.0,1676.0,1428.0,83660,148891.0,1509.5,12,1510.0,36,1510.5,18,1511.0,16,1511.5,14,1512.0,4,1512.5,5,1513.0,8,1513.5,15,1514.0,23,1511.5
jm2409,DCE,13:42:14.456#,1533.0,1542.0,1505.0,1676.0,1428.0,83660,148891.0,1509.5,12,1510.0,36,1510.5,18,1511.0,16,1511.5,8,1512.0,4,1512.5,5,1513.0,8,1513.5,15,1514.0,23,1511.5
jm2409,DCE,13:42:14.967#,1533.0,1542.0,1505.0,1676.0,1428.0,83660,148891.0,1509.5,12,1510.0,36,1510.5,18,1511.0,16,1511.5,8,1512.0,6,1512.5,5,1513.0,8,1513.5,15,1514.0,23,1511.5
jm2409,DCE,13:42:15.119#,1533.0,1542.0,1505.0,1676.0,1428.0,83660,148891.0,1509.5,12,1510.0,36,1510.5,18,1511.0,16,1511.5,8,1512.0,14,1512.5,5,1513.0,9,1513.5,15,1514.0,23,1511.5
jm2409,DCE,13:42:15.509#,1533.0,1542.0,1505.0,1676.0,1428.0,83660,148891.0,1509.5,12,1510.0,36,1510.5,18,1511.0,16,1511.5,8,1512.0,14,1512.5,5,1513.0,9,1513.5,17,1514.0,20,1511.5
jm2409,DCE,13:42:15.574#,1533.0,1542.0,1505.0,1676.0,1428.0,83660,148891.0,1509.5,12,1510.0,36,1510.5,18,1511.0,16,1511.5,8,1512.0,10,1512.5,5,1513.0,9,1513.5,17,1514.0,20,1511.5
jm2409,DCE,13:42:15.829#,1533.0,1542.0,1505.0,1676.0,1428.0,83660,148891.0,1509.5,12,1510.0,36,1510.5,18,1511.0,16,1511.5,8,1512.0,4,1512.5,5,1513.0,9,1513.5,16,1514.0,20,1511.5
jm2409,DCE,13:42:16.298#,1533.0,1542.0,1505.0,1676.0,1428.0,83660,148891.0,1509.5,12,1510.0,36,1510.5,19,1511.0,16,1511.5,8,1512.0,4,1512.5,5,1513.0,9,1513.5,16,1514.0,20,1511.5
jm2409,DCE,13:42:16.563#,1533.0,1542.0,1505.0,1676.0,1428.0,83661,148892.0,1509.5,12,1510.0,36,1510.5,19,1511.0,16,1511.5,8,1512.0,3,1512.5,5,1513.0,9,1513.5,16,1514.0,20,1512.0
jm2409,DCE,13:42:16.701#,1533.0,1542.0,1505.0,1676.0,1428.0,83663,148894.0,1509.5,12,1510.0,36,1510.5,19,1511.0,16,1511.5,8,1512.0,1,1512.5,5,1513.0,9,1513.5,16,1514.0,20,1512.0
jm2409,DCE,13:42:16.975#,1533.0,1542.0,1505.0,1676.0,1428.0,83663,148894.0,1509.5,12,1510.0,36,1510.5,19,1511.0,17,1511.5,9,1512.0,1,1512.5,5,1513.0,9,1513.5,16,1514.0,20,1512.0
jm2409,DCE,13:42:17.266#,1533.0,1542.0,1505.0,1676.0,1428.0,83663,148894.0,1509.5,12,1510.0,36,1510.5,19,1511.0,17,1511.5,12,1512.0,3,1512.5,5,1513.0,10,1513.5,18,1514.0,20,1512.0
jm2409,DCE,13:42:17.881#,1533.0,1542.0,1505.0,1676.0,1428.0,83663,148894.0,1509.5,12,1510.0,36,1510.5,19,1511.0,17,1511.5,12,1512.0,3,1512.5,5,1513.0,9,1513.5,18,1514.0,20,1512.0
jm2409,DCE,13:42:18.316#,1533.0,1542.0,1505.0,1676.0,1428.0,83664,148895.0,1509.5,12,1510.0,36,1510.5,19,1511.0,17,1511.5,11,1512.0,3,1512.5,5,1513.0,8,1513.5,18,1514.0,20,1511.5
jm2409,DCE,13:42:18.708#,1533.0,1542.0,1505.0,1676.0,1428.0,83665,148895.0,1509.5,12,1510.0,36,1510.5,19,1511.0,17,1511.5,15,1512.0,2,1512.5,5,1513.0,8,1513.5,18,1514.0,20,1512.0
jm2409,DCE,13:42:19.135#,1533.0,1542.0,1505.0,1676.0,1428.0,83665,148895.0,1509.5,12,1510.0,36,1510.5,19,1511.0,16,1511.5,15,1512.0,2,1512.5,5,1513.0,8,1513.5,18,1514.0,22,1512.0
jm2409,DCE,13:42:20.24#,1533.0,1542.0,1505.0,1676.0,1428.0,83665,148895.0,1509.5,12,1510.0,36,1510.5,19,1511.0,16,1511.5,15,1512.0,7,1512.5,5,1513.0,8,1513.5,18,1514.0,22,1512.0
jm2409,DCE,13:42:20.137#,1533.0,1542.0,1505.0,1676.0,1428.0,83665,148895.0,1509.5,12,1510.0,36,1510.5,19,1511.0,16,1511.5,16,1512.0,7,1512.5,5,1513.0,8,1513.5,18,1514.0,22,1512.0
jm2409,DCE,13:42:20.548#,1533.0,1542.0,1505.0,1676.0,1428.0,83666,148895.0,1509.5,12,1510.0,36,1510.5,18,1511.0,15,1511.5,15,1512.0,7,1512.5,5,1513.0,8,1513.5,18,1514.0,22,1511.5
jm2409,DCE,13:42:21.185#,1533.0,1542.0,1505.0,1676.0,1428.0,83666,148895.0,1509.5,12,1510.0,37,1510.5,18,1511.0,15,1511.5,15,1512.0,7,1512.5,5,1513.0,8,1513.5,18,1514.0,22,1511.5
jm2409,DCE,13:42:22.319#,1533.0,1542.0,1505.0,1676.0,1428.0,83666,148895.0,1509.5,12,1510.0,37,1510.5,18,1511.0,15,1511.5,15,1512.0,8,1512.5,5,1513.0,8,1513.5,18,1514.0,22,1511.5
jm2409,DCE,13:42:22.362#,1533.0,1542.0,1505.0,1676.0,1428.0,83666,148895.0,1509.5,12,1510.0,37,1510.5,18,1511.0,15,1511.5,15,1512.0,9,1512.5,5,1513.0,8,1513.5,18,1514.0,22,1511.5
jm2409,DCE,13:42:23.797#,1533.0,1542.0,1505.0,1676.0,1428.0,83666,148895.0,1509.5,12,1510.0,36,1510.5,18,1511.0,15,1511.5,15,1512.0,9,1512.5,5,1513.0,8,1513.5,18,1514.0,22,1511.5
jm2409,DCE,13:42:24.419#,1533.0,1542.0,1505.0,1676.0,1428.0,83666,148895.0,1509.5,12,1510.0,36,1510.5,18,1511.0,15,1511.5,15,1512.0,10,1512.5,5,1513.0,8,1513.5,18,1514.0,22,1511.5
jm2409,DCE,13:42:24.663#,1533.0,1542.0,1505.0,1676.0,1428.0,83666,148895.0,1509.5,12,1510.0,36,1510.5,18,1511.0,15,1511.5,15,1512.0,10,1512.5,13,1513.0,8,1513.5,18,1514.0,22,1511.5
jm2409,DCE,13:42:25.36#,1533.0,1542.0,1505.0,1676.0,1428.0,83666,148895.0,1509.5,12,1510.0,36,1510.5,18,1511.0,15,1511.5,15,1512.0,11,1512.5,13,1513.0,8,1513.5,18,1514.0,22,1511.5
jm2409,DCE,13:42:25.312#,1533.0,1542.0,1505.0,1676.0,1428.0,83666,148895.0,1509.5,12,1510.0,37,1510.5,18,1511.0,15,1511.5,15,1512.0,12,1512.5,13,1513.0,8,1513.5,18,1514.0,22,1511.5
jm2409,DCE,13:42:25.787#,1533.0,1542.0,1505.0,1676.0,1428.0,83667,148896.0,1509.5,12,1510.0,37,1510.5,18,1511.0,15,1511.5,15,1512.0,11,1512.5,13,1513.0,8,1513.5,18,1514.0,22,1512.0
jm2409,DCE,13:42:27.204#,1533.0,1542.0,1505.0,1676.0,1428.0,83667,148896.0,1509.5,12,1510.0,37,1510.5,18,1511.0,15,1511.5,15,1512.0,13,1512.5,13,1513.0,8,1513.5,18,1514.0,22,1512.0
jm2409,DCE,13:42:27.364#,1533.0,1542.0,1505.0,1676.0,1428.0,83667,148896.0,1509.5,12,1510.0,37,1510.5,19,1511.0,15,1511.5,15,1512.0,13,1512.5,14,1513.0,8,1513.5,18,1514.0,22,1512.0
jm2409,DCE,13:42:27.712#,1533.0,1542.0,1505.0,1676.0,1428.0,83667,148896.0,1509.5,12,1510.0,37,1510.5,19,1511.0,15,1511.5,15,1512.0,13,1512.5,14,1513.0,8,1513.5,16,1514.0,22,1512.0
jm2409,DCE,13:42:28.66#,1533.0,1542.0,1505.0,1676.0,1428.0,83680,148903.0,1510.0,37,1510.5,19,1511.0,15,1511.5,15,1512.0,19,1512.5,14,1513.0,8,1513.5,16,1514.0,22,1514.5,6,1512.0
jm2409,DCE,13:42:28.343#,1533.0,1542.0,1505.0,1676.0,1428.0,83680,148903.0,1510.0,37,1510.5,19,1511.0,15,1511.5,14,1512.0,25,1512.5,13,1513.0,9,1513.5,16,1514.0,22,1514.5,6,1512.0
jm2409,DCE,13:42:28.676#,1533.0,1542.0,1505.0,1676.0,1428.0,83680,148903.0,1510.0,37,1510.5,19,1511.0,15,1511.5,13,1512.0,26,1512.5,14,1513.0,9,1513.5,16,1514.0,20,1514.5,6,1512.0
jm2409,DCE,13:42:28.949#,1533.0,1542.0,1505.0,1676.0,1428.0,83680,148903.0,1510.0,37,1510.5,19,1511.0,15,1511.5,13,1512.0,26,1512.5,16,1513.0,8,1513.5,16,1514.0,20,1514.5,6,1512.0
jm2409,DCE,13:42:29.674#,1533.0,1542.0,1505.0,1676.0,1428.0,83681,148903.0,1510.0,37,1510.5,19,1511.0,15,1511.5,13,1512.0,25,1512.5,16,1513.0,8,1513.5,16,1514.0,20,1514.5,6,1512.0
jm2409,DCE,13:42:29.909#,1533.0,1542.0,1505.0,1676.0,1428.0,83681,148903.0,1510.0,37,1510.5,19,1511.0,15,1511.5,13,1512.0,25,1512.5,16,1513.0,8,1513.5,15,1514.0,20,1514.5,6,1512.0
jm2409,DCE,13:42:30.291#,1533.0,1542.0,1505.0,1676.0,1428.0,83683,148903.0,1510.0,37,1510.5,19,1511.0,15,1511.5,13,1512.0,25,1512.5,15,1513.0,8,1513.5,13,1514.0,21,1514.5,6,1512.5
jm2409,DCE,13:42:30.560#,1533.0,1542.0,1505.0,1676.0,1428.0,83694,148902.0,1510.0,37,1510.5,19,1511.0,15,1511.5,13,1512.0,25,1512.5,4,1513.0,7,1513.5,13,1514.0,21,1514.5,6,1512.5
jm2409,DCE,13:42:30.807#,1533.0,1542.0,1505.0,1676.0,1428.0,83698,148905.0,1510.5,19,1511.0,25,1511.5,14,1512.0,25,1512.5,39,1513.0,7,1513.5,13,1514.0,20,1514.5,6,1515.0,26,1512.5
jm2409,DCE,13:42:30.964#,1533.0,1542.0,1505.0,1676.0,1428.0,83698,148905.0,1510.5,19,1511.0,20,1511.5,13,1512.0,26,1512.5,40,1513.0,5,1513.5,13,1514.0,20,1514.5,6,1515.0,26,1512.5
jm2409,DCE,13:42:31.320#,1533.0,1542.0,1505.0,1676.0,1428.0,83703,148903.0,1511.0,20,1511.5,13,1512.0,26,1512.5,39,1513.0,5,1513.5,11,1514.0,20,1514.5,6,1515.0,27,1515.5,7,1513.0
jm2409,DCE,13:42:31.469#,1533.0,1542.0,1505.0,1676.0,1428.0,83703,148903.0,1511.0,20,1511.5,13,1512.0,28,1512.5,35,1513.0,10,1513.5,7,1514.0,20,1514.5,6,1515.0,27,1515.5,7,1513.0
jm2409,DCE,13:42:31.676#,1533.0,1542.0,1505.0,1676.0,1428.0,83703,148903.0,1511.0,20,1511.5,13,1512.0,27,1512.5,34,1513.0,17,1513.5,7,1514.0,20,1514.5,6,1515.0,27,1515.5,7,1513.0
jm2409,DCE,13:42:32.567#,1533.0,1542.0,1505.0,1676.0,1428.0,83704,148903.0,1511.0,20,1511.5,13,1512.0,27,1512.5,32,1513.0,16,1513.5,7,1514.0,20,1514.5,6,1515.0,27,1515.5,7,1513.0
jm2409,DCE,13:42:32.654#,1533.0,1542.0,1505.0,1676.0,1428.0,83705,148902.0,1511.0,20,1511.5,13,1512.0,27,1512.5,32,1513.0,15,1513.5,7,1514.0,20,1514.5,6,1515.0,27,1515.5,7,1513.0
jm2409,DCE,13:42:33.426#,1533.0,1542.0,1505.0,1676.0,1428.0,83705,148902.0,1511.0,20,1511.5,13,1512.0,27,1512.5,32,1513.0,15,1513.5,7,1514.0,20,1514.5,6,1515.0,28,1515.5,7,1513.0
jm2409,DCE,13:42:33.584#,1533.0,1542.0,1505.0,1676.0,1428.0,83705,148902.0,1511.0,20,1511.5,13,1512.0,27,1512.5,30,1513.0,15,1513.5,7,1514.0,20,1514.5,6,1515.0,28,1515.5,7,1513.0
jm2409,DCE,13:42:33.968#,1533.0,1542.0,1505.0,1676.0,1428.0,83706,148902.0,1511.0,20,1511.5,13,1512.0,27,1512.5,30,1513.0,15,1513.5,6,1514.0,20,1514.5,6,1515.0,28,1515.5,7,1513.5
jm2409,DCE,13:42:34.549#,1533.0,1542.0,1505.0,1676.0,1428.0,83709,148902.0,1511.0,20,1511.5,13,1512.0,27,1512.5,30,1513.0,12,1513.5,6,1514.0,20,1514.5,6,1515.0,28,1515.5,7,1513.0
jm2409,DCE,13:42:34.627#,1533.0,1542.0,1505.0,1676.0,1428.0,83709,148902.0,1511.0,20,1511.5,13,1512.0,27,1512.5,26,1513.0,12,1513.5,6,1514.0,20,1514.5,6,1515.0,28,1515.5,7,1513.0
jm2409,DCE,13:42:34.841#,1533.0,1542.0,1505.0,1676.0,1428.0,83709,148902.0,1511.0,20,1511.5,13,1512.0,27,1512.5,26,1513.0,12,1513.5,7,1514.0,20,1514.5,6,1515.0,28,1515.5,7,1513.0
jm2409,DCE,13:42:35.211#,1533.0,1542.0,1505.0,1676.0,1428.0,83709,148902.0,1511.0,20,1511.5,13,1512.0,27,1512.5,27,1513.0,12,1513.5,7,1514.0,20,1514.5,6,1515.0,28,1515.5,7,1513.0
jm2409,DCE,13:42:36.64#,1533.0,1542.0,1505.0,1676.0,1428.0,83709,148902.0,1511.0,20,1511.5,13,1512.0,25,1512.5,27,1513.0,8,1513.5,6,1514.0,20,1514.5,6,1515.0,28,1515.5,7,1513.0
jm2409,DCE,13:42:36.134#,1533.0,1542.0,1505.0,1676.0,1428.0,83709,148902.0,1511.0,26,1511.5,16,1512.0,23,1512.5,25,1513.0,5,1513.5,6,1514.0,20,1514.5,6,1515.0,28,1515.5,7,1513.0
jm2409,DCE,13:42:36.812#,1533.0,1542.0,1505.0,1676.0,1428.0,83710,148901.0,1511.0,26,1511.5,16,1512.0,23,1512.5,25,1513.0,5,1513.5,5,1514.0,20,1514.5,6,1515.0,28,1515.5,7,1513.5
jm2409,DCE,13:42:37.744#,1533.0,1542.0,1505.0,1676.0,1428.0,83710,148901.0,1511.0,26,1511.5,16,1512.0,23,1512.5,25,1513.0,5,1513.5,5,1514.0,21,1514.5,6,1515.0,28,1515.5,7,1513.5
jm2409,DCE,13:42:37.964#,1533.0,1542.0,1505.0,1676.0,1428.0,83710,148901.0,1511.0,27,1511.5,16,1512.0,23,1512.5,25,1513.0,5,1513.5,5,1514.0,21,1514.5,6,1515.0,28,1515.5,7,1513.5
jm2409,DCE,13:42:38.731#,1533.0,1542.0,1505.0,1676.0,1428.0,83711,148902.0,1511.0,27,1511.5,16,1512.0,23,1512.5,25,1513.0,4,1513.5,5,1514.0,21,1514.5,6,1515.0,28,1515.5,7,1513.0
jm2409,DCE,13:42:40.289#,1533.0,1542.0,1505.0,1676.0,1428.0,83711,148902.0,1511.0,27,1511.5,16,1512.0,23,1512.5,25,1513.0,7,1513.5,5,1514.0,21,1514.5,6,1515.0,28,1515.5,7,1513.0
jm2409,DCE,13:42:40.327#,1533.0,1542.0,1505.0,1676.0,1428.0,83711,148902.0,1511.0,27,1511.5,16,1512.0,23,1512.5,25,1513.0,15,1513.5,5,1514.0,21,1514.5,6,1515.0,28,1515.5,7,1513.0
jm2409,DCE,13:42:40.631#,1533.0,1542.0,1505.0,1676.0,1428.0,83712,148902.0,1511.0,27,1511.5,16,1512.0,23,1512.5,25,1513.0,12,1513.5,5,1514.0,21,1514.5,6,1515.0,28,1515.5,7,1513.0
jm2409,DCE,13:42:41.26#,1533.0,1542.0,1505.0,1676.0,1428.0,83712,148902.0,1511.0,27,1511.5,16,1512.0,23,1512.5,25,1513.0,12,1513.5,5,1514.0,22,1514.5,6,1515.0,28,1515.5,7,1513.0
jm2409,DCE,13:42:41.568#,1533.0,1542.0,1505.0,1676.0,1428.0,83712,148902.0,1511.0,27,1511.5,16,1512.0,23,1512.5,25,1513.0,8,1513.5,5,1514.0,22,1514.5,6,1515.0,28,1515.5,7,1513.0
jm2409,DCE,13:42:41.582#,1533.0,1542.0,1505.0,1676.0,1428.0,83712,148902.0,1511.0,27,1511.5,16,1512.0,23,1512.5,25,1513.0,1,1513.5,5,1514.0,22,1514.5,6,1515.0,28,1515.5,7,1513.0
jm2409,DCE,13:42:41.950#,1533.0,1542.0,1505.0,1676.0,1428.0,83712,148902.0,1511.0,27,1511.5,16,1512.0,23,1512.5,23,1513.0,1,1513.5,5,1514.0,22,1514.5,6,1515.0,28,1515.5,7,1513.0
jm2409,DCE,13:42:42.294#,1533.0,1542.0,1505.0,1676.0,1428.0,83713,148903.0,1510.5,20,1511.0,27,1511.5,16,1512.0,23,1512.5,23,1513.5,13,1514.0,23,1514.5,6,1515.0,28,1515.5,7,1513.0
jm2409,DCE,13:42:42.480#,1533.0,1542.0,1505.0,1676.0,1428.0,83713,148903.0,1510.5,20,1511.0,27,1511.5,16,1512.0,23,1512.5,8,1513.0,1,1513.5,15,1514.0,23,1514.5,6,1515.0,28,1513.0
jm2409,DCE,13:42:42.699#,1533.0,1542.0,1505.0,1676.0,1428.0,83713,148903.0,1510.5,20,1511.0,27,1511.5,16,1512.0,23,1512.5,8,1513.0,10,1513.5,15,1514.0,23,1514.5,6,1515.0,28,1513.0
jm2409,DCE,13:42:42.831#,1533.0,1542.0,1505.0,1676.0,1428.0,83715,148905.0,1510.5,19,1511.0,27,1511.5,16,1512.0,23,1512.5,6,1513.0,14,1513.5,15,1514.0,23,1514.5,6,1515.0,28,1512.5
jm2409,DCE,13:42:43.83#,1533.0,1542.0,1505.0,1676.0,1428.0,83718,148905.0,1510.5,19,1511.0,27,1511.5,16,1512.0,23,1512.5,3,1513.0,14,1513.5,15,1514.0,23,1514.5,6,1515.0,28,1512.5
jm2409,DCE,13:42:44.941#,1533.0,1542.0,1505.0,1676.0,1428.0,83719,148906.0,1510.5,19,1511.0,27,1511.5,16,1512.0,23,1512.5,3,1513.0,9,1513.5,15,1514.0,23,1514.5,6,1515.0,28,1513.0
jm2409,DCE,13:42:45.74#,1533.0,1542.0,1505.0,1676.0,1428.0,83719,148906.0,1510.5,19,1511.0,27,1511.5,16,1512.0,23,1512.5,4,1513.0,9,1513.5,15,1514.0,23,1514.5,6,1515.0,28,1513.0
jm2409,DCE,13:42:45.455#,1533.0,1542.0,1505.0,1676.0,1428.0,83720,148907.0,1510.5,19,1511.0,27,1511.5,16,1512.0,23,1512.5,4,1513.0,8,1513.5,15,1514.0,23,1514.5,6,1515.0,28,1513.0
jm2409,DCE,13:42:47.302#,1533.0,1542.0,1505.0,1676.0,1428.0,83725,148911.0,1510.0,39,1510.5,19,1511.0,27,1511.5,16,1512.0,23,1513.0,7,1513.5,15,1514.0,23,1514.5,6,1515.0,28,1513.0
jm2409,DCE,13:42:48.87#,1533.0,1542.0,1505.0,1676.0,1428.0,83726,148912.0,1510.0,39,1510.5,19,1511.0,27,1511.5,16,1512.0,23,1513.0,6,1513.5,15,1514.0,23,1514.5,6,1515.0,28,1513.0
jm2409,DCE,13:42:48.331#,1533.0,1542.0,1505.0,1676.0,1428.0,83726,148912.0,1510.5,19,1511.0,27,1511.5,16,1512.0,23,1512.5,1,1513.0,6,1513.5,15,1514.0,23,1514.5,6,1515.0,28,1513.0
jm2409,DCE,13:42:48.589#,1533.0,1542.0,1505.0,1676.0,1428.0,83726,148912.0,1510.0,38,1510.5,19,1511.0,27,1511.5,16,1512.0,23,1513.0,6,1513.5,15,1514.0,23,1514.5,6,1515.0,28,1513.0
jm2409,DCE,13:42:49.331#,1533.0,1542.0,1505.0,1676.0,1428.0,83726,148912.0,1510.0,39,1510.5,19,1511.0,27,1511.5,16,1512.0,23,1513.0,6,1513.5,15,1514.0,23,1514.5,6,1515.0,28,1513.0
jm2409,DCE,13:42:49.797#,1533.0,1542.0,1505.0,1676.0,1428.0,83726,148912.0,1510.0,39,1510.5,19,1511.0,27,1511.5,16,1512.0,23,1513.0,10,1513.5,15,1514.0,23,1514.5,6,1515.0,28,1513.0
jm2409,DCE,13:42:50.267#,1533.0,1542.0,1505.0,1676.0,1428.0,83726,148912.0,1510.0,39,1510.5,19,1511.0,27,1511.5,16,1512.0,23,1513.0,11,1513.5,15,1514.0,23,1514.5,6,1515.0,28,1513.0
jm2409,DCE,13:42:50.426#,1533.0,1542.0,1505.0,1676.0,1428.0,83729,148912.0,1510.0,38,1510.5,19,1511.0,27,1511.5,11,1512.0,15,1513.0,11,1513.5,15,1514.0,23,1514.5,6,1515.0,28,1512.0
jm2409,DCE,13:42:50.617#,1533.0,1542.0,1505.0,1676.0,1428.0,83732,148915.0,1510.0,38,1510.5,19,1511.0,27,1511.5,11,1512.0,12,1512.5,2,1513.0,11,1513.5,15,1514.0,23,1514.5,6,1512.0
jm2409,DCE,13:42:51.167#,1533.0,1542.0,1505.0,1676.0,1428.0,83732,148915.0,1510.0,38,1510.5,19,1511.0,27,1511.5,11,1512.0,12,1512.5,3,1513.0,11,1513.5,15,1514.0,23,1514.5,6,1512.0
jm2409,DCE,13:42:53.409#,1533.0,1542.0,1505.0,1676.0,1428.0,83733,148916.0,1510.0,38,1510.5,19,1511.0,27,1511.5,11,1512.0,12,1512.5,2,1513.0,11,1513.5,15,1514.0,23,1514.5,6,1512.5
jm2409,DCE,13:42:53.678#,1533.0,1542.0,1505.0,1676.0,1428.0,83733,148916.0,1510.0,38,1510.5,19,1511.0,27,1511.5,11,1512.0,12,1512.5,4,1513.0,11,1513.5,15,1514.0,23,1514.5,6,1512.5
jm2409,DCE,13:42:54.228#,1533.0,1542.0,1505.0,1676.0,1428.0,83734,148917.0,1510.0,38,1510.5,19,1511.0,27,1511.5,11,1512.0,11,1512.5,4,1513.0,11,1513.5,15,1514.0,23,1514.5,6,1512.0
jm2409,DCE,13:42:54.466#,1533.0,1542.0,1505.0,1676.0,1428.0,83738,148921.0,1510.5,19,1511.0,27,1511.5,11,1512.0,11,1512.5,16,1513.0,11,1513.5,15,1514.0,23,1514.5,6,1515.0,28,1512.5
jm2409,DCE,13:42:54.799#,1533.0,1542.0,1505.0,1676.0,1428.0,83738,148921.0,1510.5,19,1511.0,27,1511.5,11,1512.0,11,1512.5,16,1513.0,5,1513.5,15,1514.0,23,1514.5,6,1515.0,28,1512.5
jm2409,DCE,13:42:54.951#,1533.0,1542.0,1505.0,1676.0,1428.0,83738,148921.0,1510.5,19,1511.0,27,1511.5,12,1512.0,11,1512.5,16,1513.0,5,1513.5,15,1514.0,23,1514.5,6,1515.0,28,1512.5
jm2409,DCE,13:42:55.826#,1533.0,1542.0,1505.0,1676.0,1428.0,83738,148921.0,1510.5,19,1511.0,27,1511.5,12,1512.0,11,1512.5,16,1513.0,9,1513.5,15,1514.0,23,1514.5,6,1515.0,28,1512.5
jm2409,DCE,13:42:56.720#,1533.0,1542.0,1505.0,1676.0,1428.0,83738,148921.0,1510.5,19,1511.0,27,1511.5,12,1512.0,11,1512.5,16,1513.0,9,1513.5,15,1514.0,22,1514.5,6,1515.0,28,1512.5
jm2409,DCE,13:42:57.873#,1533.0,1542.0,1505.0,1676.0,1428.0,83740,148921.0,1510.5,19,1511.0,27,1511.5,12,1512.0,11,1512.5,14,1513.0,9,1513.5,15,1514.0,22,1514.5,6,1515.0,28,1512.5
jm2409,DCE,13:42:58.498#,1533.0,1542.0,1505.0,1676.0,1428.0,83749,148930.0,1510.5,19,1511.0,27,1511.5,12,1512.0,11,1512.5,5,1513.0,9,1513.5,15,1514.0,22,1514.5,6,1515.0,28,1512.5
jm2409,DCE,13:42:58.713#,1533.0,1542.0,1505.0,1676.0,1428.0,83755,148935.0,1510.0,38,1510.5,19,1511.0,27,1511.5,12,1512.0,11,1513.0,10,1513.5,15,1514.0,22,1514.5,5,1515.0,28,1513.0
