InstrumentId,ExchangeId,Datetime,OpenPrice,HighestPrice,LowestPrice,UpperLimitPrice,LowerLimitPrice,Volume,OpenInterest,BidPrice5,BidVolume5,BidPrice4,BidVolume4,BidPrice3,BidVolume3,BidPrice2,BidVolume2,BidPrice1,BidVolume1,AskPrice1,AskVolume1,AskPrice2,AskVolume2,AskPrice3,AskVolume3,AskPrice4,AskVolume4,AskPrice5,AskVolume5,LastPrice
jm2501,DCE,13:38:33.709#,1653.5,1660.0,1610.0,1806.5,1539.5,10989,32720.0,1619.5,1,1620.0,8,1620.5,37,1621.0,4,1622.0,9,1622.5,1,1623.0,2,1623.5,15,1624.0,2,1624.5,3,1622.0
jm2501,DCE,13:38:34.252#,1653.5,1660.0,1610.0,1806.5,1539.5,10989,32720.0,1619.5,1,1620.0,8,1620.5,37,1621.0,4,1622.0,9,1622.5,1,1623.0,2,1623.5,18,1624.0,2,1624.5,3,1622.0
jm2501,DCE,13:38:34.458#,1653.5,1660.0,1610.0,1806.5,1539.5,10989,32720.0,1619.5,1,1620.0,8,1620.5,1,1621.0,5,1622.0,9,1622.5,1,1623.0,2,1623.5,18,1624.0,2,1624.5,3,1622.0
jm2501,DCE,13:38:36.289#,1653.5,1660.0,1610.0,1806.5,1539.5,10989,32720.0,1619.5,1,1620.0,8,1620.5,1,1621.0,5,1622.0,9,1622.5,1,1623.0,2,1623.5,17,1624.0,2,1624.5,3,1622.0
jm2501,DCE,13:38:36.444#,1653.5,1660.0,1610.0,1806.5,1539.5,10989,32720.0,1619.5,1,1620.0,8,1620.5,1,1621.0,5,1622.0,9,1622.5,1,1623.0,2,1623.5,18,1624.0,2,1624.5,3,1622.0
jm2501,DCE,13:38:37.812#,1653.5,1660.0,1610.0,1806.5,1539.5,10989,32720.0,1619.5,1,1620.0,8,1620.5,1,1621.0,5,1622.0,9,1622.5,1,1623.0,2,1623.5,16,1624.0,2,1624.5,3,1622.0
jm2501,DCE,13:38:38.414#,1653.5,1660.0,1610.0,1806.5,1539.5,10990,32721.0,1619.5,1,1620.0,8,1620.5,1,1621.0,5,1622.0,9,1623.0,3,1624.0,2,1624.5,3,1625.0,1,1626.0,6,1622.5
jm2501,DCE,13:38:38.602#,1653.5,1660.0,1610.0,1806.5,1539.5,10990,32721.0,1619.5,1,1620.0,8,1620.5,1,1621.0,5,1622.0,9,1623.0,9,1624.0,2,1624.5,3,1625.0,1,1626.0,6,1622.5
jm2501,DCE,13:38:38.839#,1653.5,1660.0,1610.0,1806.5,1539.5,10990,32721.0,1619.5,1,1620.0,7,1620.5,1,1621.0,5,1622.0,9,1623.0,9,1624.0,2,1624.5,3,1625.0,1,1626.0,6,1622.5
jm2501,DCE,13:38:39.239#,1653.5,1660.0,1610.0,1806.5,1539.5,10990,32721.0,1619.5,1,1620.0,2,1620.5,1,1621.0,5,1622.0,14,1623.0,9,1624.0,2,1624.5,3,1625.0,1,1626.0,6,1622.5
jm2501,DCE,13:38:39.497#,1653.5,1660.0,1610.0,1806.5,1539.5,10990,32721.0,1619.5,1,1620.0,2,1620.5,1,1621.0,5,1622.0,14,1623.0,8,1624.0,2,1624.5,3,1625.0,1,1626.0,6,1622.5
jm2501,DCE,13:38:40.87#,1653.5,1660.0,1610.0,1806.5,1539.5,10990,32721.0,1619.5,1,1620.0,2,1620.5,1,1621.0,5,1622.0,14,1623.0,9,1624.0,2,1624.5,3,1625.0,1,1626.0,6,1622.5
jm2501,DCE,13:38:40.656#,1653.5,1660.0,1610.0,1806.5,1539.5,10991,32721.0,1619.5,1,1620.0,2,1620.5,1,1621.0,5,1622.0,14,1623.0,8,1624.0,2,1624.5,3,1625.0,1,1626.0,6,1623.0
jm2501,DCE,13:38:40.943#,1653.5,1660.0,1610.0,1806.5,1539.5,10991,32721.0,1619.5,1,1620.0,2,1620.5,1,1621.0,5,1622.0,14,1623.0,10,1624.0,2,1624.5,3,1625.0,1,1626.0,6,1623.0
jm2501,DCE,13:38:41.501#,1653.5,1660.0,1610.0,1806.5,1539.5,10991,32721.0,1619.5,1,1620.0,2,1620.5,1,1621.0,5,1622.0,14,1623.0,9,1624.0,2,1624.5,3,1625.0,1,1626.0,6,1623.0
jm2501,DCE,13:38:41.779#,1653.5,1660.0,1610.0,1806.5,1539.5,11001,32721.0,1619.5,1,1620.0,2,1620.5,1,1621.0,5,1622.0,4,1623.0,12,1624.0,2,1624.5,3,1625.0,1,1626.0,6,1622.0
jm2501,DCE,13:38:42.74#,1653.5,1660.0,1610.0,1806.5,1539.5,11001,32721.0,1619.5,1,1620.0,2,1620.5,1,1621.0,5,1622.0,4,1622.5,6,1623.0,12,1624.0,2,1624.5,3,1625.0,1,1622.0
jm2501,DCE,13:38:42.329#,1653.5,1660.0,1610.0,1806.5,1539.5,11002,32721.0,1619.5,1,1620.0,2,1620.5,1,1621.0,5,1622.0,3,1622.5,6,1623.0,12,1624.0,2,1624.5,3,1625.0,1,1622.0
jm2501,DCE,13:38:44.96#,1653.5,1660.0,1610.0,1806.5,1539.5,11002,32721.0,1619.5,1,1620.0,2,1620.5,1,1621.0,5,1622.0,3,1622.5,6,1623.0,2,1624.0,2,1624.5,3,1625.0,1,1622.0
jm2501,DCE,13:38:44.671#,1653.5,1660.0,1610.0,1806.5,1539.5,11002,32721.0,1619.5,1,1620.0,2,1620.5,1,1621.0,5,1622.0,3,1622.5,6,1623.0,1,1623.5,16,1624.0,2,1624.5,3,1622.0
jm2501,DCE,13:38:47.289#,1653.5,1660.0,1610.0,1806.5,1539.5,11002,32721.0,1619.5,1,1620.0,2,1620.5,1,1621.0,5,1622.0,3,1622.5,6,1623.0,1,1623.5,14,1624.0,2,1624.5,3,1622.0
jm2501,DCE,13:38:48.882#,1653.5,1660.0,1610.0,1806.5,1539.5,11002,32721.0,1619.5,1,1620.0,2,1620.5,1,1621.0,5,1622.0,3,1622.5,6,1623.0,1,1623.5,19,1624.0,2,1624.5,3,1622.0
jm2501,DCE,13:38:52.832#,1653.5,1660.0,1610.0,1806.5,1539.5,11002,32721.0,1620.0,2,1620.5,1,1621.0,4,1621.5,1,1622.0,3,1622.5,6,1623.0,1,1623.5,19,1624.0,2,1624.5,3,1622.0
jm2501,DCE,13:38:53.329#,1653.5,1660.0,1610.0,1806.5,1539.5,11002,32721.0,1619.5,1,1620.0,2,1620.5,1,1621.0,5,1622.0,3,1622.5,6,1623.0,1,1623.5,19,1624.0,2,1624.5,3,1622.0
jm2501,DCE,13:38:53.575#,1653.5,1660.0,1610.0,1806.5,1539.5,11002,32721.0,1620.0,2,1620.5,1,1621.0,4,1621.5,1,1622.0,3,1622.5,6,1623.0,1,1623.5,11,1624.0,2,1624.5,3,1622.0
jm2501,DCE,13:38:56.454#,1653.5,1660.0,1610.0,1806.5,1539.5,11002,32721.0,1620.0,2,1620.5,1,1621.0,4,1621.5,1,1622.0,3,1622.5,6,1623.0,1,1623.5,12,1624.0,2,1624.5,3,1622.0
jm2501,DCE,13:38:56.708#,1653.5,1660.0,1610.0,1806.5,1539.5,11002,32721.0,1620.0,2,1620.5,1,1621.0,4,1621.5,1,1622.0,3,1622.5,6,1623.0,1,1623.5,9,1624.0,2,1624.5,3,1622.0
jm2501,DCE,13:38:56.850#,1653.5,1660.0,1610.0,1806.5,1539.5,11002,32721.0,1619.5,1,1620.0,2,1620.5,1,1621.0,5,1622.0,3,1622.5,6,1623.0,2,1624.0,2,1624.5,3,1625.0,1,1622.0
jm2501,DCE,13:38:57.183#,1653.5,1660.0,1610.0,1806.5,1539.5,11002,32721.0,1619.5,1,1620.0,2,1620.5,1,1621.0,5,1622.0,3,1622.5,6,1623.0,4,1624.0,2,1624.5,3,1625.0,1,1622.0
jm2501,DCE,13:38:57.651#,1653.5,1660.0,1610.0,1806.5,1539.5,11002,32721.0,1619.5,1,1620.0,2,1620.5,1,1621.0,5,1622.0,3,1622.5,6,1623.0,5,1624.0,2,1624.5,3,1625.0,1,1622.0
jm2501,DCE,13:38:58.859#,1653.5,1660.0,1610.0,1806.5,1539.5,11003,32721.0,1619.5,1,1620.0,2,1620.5,1,1621.0,5,1622.0,3,1622.5,5,1623.0,6,1624.0,2,1624.5,3,1625.0,1,1622.5
jm2501,DCE,13:39:01.306#,1653.5,1660.0,1610.0,1806.5,1539.5,11003,32721.0,1619.5,1,1620.0,2,1620.5,1,1621.0,5,1622.0,3,1622.5,5,1623.0,5,1624.0,2,1624.5,3,1625.0,1,1622.5
jm2501,DCE,13:39:01.679#,1653.5,1660.0,1610.0,1806.5,1539.5,11003,32721.0,1619.5,1,1620.0,3,1620.5,1,1621.0,5,1622.0,3,1622.5,5,1623.0,6,1624.0,2,1624.5,3,1625.0,1,1622.5
jm2501,DCE,13:39:01.857#,1653.5,1660.0,1610.0,1806.5,1539.5,11003,32721.0,1619.5,1,1620.0,3,1620.5,1,1621.0,5,1622.0,3,1622.5,5,1623.0,7,1624.0,2,1624.5,3,1625.0,1,1622.5
jm2501,DCE,13:39:02.237#,1653.5,1660.0,1610.0,1806.5,1539.5,11003,32721.0,1619.5,1,1620.0,3,1620.5,1,1621.0,5,1622.0,3,1622.5,5,1623.0,6,1624.0,2,1624.5,3,1625.0,1,1622.5
jm2501,DCE,13:39:03.42#,1653.5,1660.0,1610.0,1806.5,1539.5,11003,32721.0,1619.5,1,1620.0,3,1620.5,1,1621.0,5,1622.0,3,1622.5,5,1623.0,7,1624.0,2,1624.5,3,1625.0,1,1622.5
jm2501,DCE,13:39:04.201#,1653.5,1660.0,1610.0,1806.5,1539.5,11006,32724.0,1619.0,5,1619.5,1,1620.0,3,1620.5,1,1621.0,5,1622.5,5,1623.0,7,1624.0,2,1624.5,3,1625.0,1,1622.0
jm2501,DCE,13:39:04.443#,1653.5,1660.0,1610.0,1806.5,1539.5,11006,32724.0,1619.0,5,1619.5,1,1620.0,3,1620.5,1,1621.0,3,1622.5,5,1623.0,7,1624.0,2,1624.5,3,1625.0,1,1622.0
jm2501,DCE,13:39:04.801#,1653.5,1660.0,1610.0,1806.5,1539.5,11006,32724.0,1619.0,5,1619.5,1,1620.0,3,1620.5,1,1621.0,3,1622.5,5,1623.0,9,1624.0,2,1624.5,3,1625.0,1,1622.0
jm2501,DCE,13:39:04.961#,1653.5,1660.0,1610.0,1806.5,1539.5,11006,32724.0,1619.0,5,1619.5,1,1620.0,3,1620.5,1,1621.0,3,1622.5,5,1623.0,7,1624.0,2,1624.5,3,1625.0,1,1622.0
jm2501,DCE,13:39:05.309#,1653.5,1660.0,1610.0,1806.5,1539.5,11006,32724.0,1619.0,5,1619.5,1,1620.0,3,1620.5,1,1621.0,3,1622.5,5,1623.0,6,1624.0,2,1624.5,3,1625.0,1,1622.0
jm2501,DCE,13:39:05.958#,1653.5,1660.0,1610.0,1806.5,1539.5,11011,32729.0,1619.5,1,1620.0,3,1620.5,1,1621.0,3,1622.5,10,1623.0,6,1624.0,2,1624.5,3,1625.0,1,1626.0,6,1622.5
jm2501,DCE,13:39:06.310#,1653.5,1660.0,1610.0,1806.5,1539.5,11016,32734.0,1619.5,1,1620.0,3,1620.5,1,1621.0,3,1622.5,5,1623.0,6,1624.0,2,1624.5,3,1625.0,1,1626.0,6,1622.5
jm2501,DCE,13:39:06.337#,1653.5,1660.0,1610.0,1806.5,1539.5,11021,32739.0,1619.0,5,1619.5,1,1620.0,3,1620.5,1,1621.0,3,1622.5,4,1623.0,6,1624.0,2,1624.5,3,1625.0,1,1622.5
jm2501,DCE,13:39:06.587#,1653.5,1660.0,1610.0,1806.5,1539.5,11021,32739.0,1619.0,5,1619.5,1,1620.0,3,1620.5,1,1621.0,4,1622.5,4,1623.0,6,1624.0,2,1624.5,3,1625.0,1,1622.5
jm2501,DCE,13:39:07.863#,1653.5,1660.0,1610.0,1806.5,1539.5,11021,32739.0,1619.0,5,1619.5,1,1620.0,3,1620.5,1,1621.0,4,1622.5,4,1623.0,5,1624.0,2,1624.5,3,1625.0,1,1622.5
jm2501,DCE,13:39:08.116#,1653.5,1660.0,1610.0,1806.5,1539.5,11021,32739.0,1619.0,5,1619.5,1,1620.0,3,1620.5,1,1621.0,4,1622.5,4,1623.0,6,1624.0,2,1624.5,3,1625.0,1,1622.5
jm2501,DCE,13:39:09.32#,1653.5,1660.0,1610.0,1806.5,1539.5,11021,32739.0,1619.0,5,1619.5,1,1620.0,3,1620.5,1,1621.0,4,1622.5,4,1623.0,2,1624.0,2,1624.5,3,1625.0,1,1622.5
jm2501,DCE,13:39:09.96#,1653.5,1660.0,1610.0,1806.5,1539.5,11021,32739.0,1619.0,5,1619.5,1,1620.0,3,1620.5,1,1621.0,4,1622.5,4,1623.0,7,1624.0,2,1624.5,3,1625.0,1,1622.5
jm2501,DCE,13:39:09.473#,1653.5,1660.0,1610.0,1806.5,1539.5,11021,32739.0,1619.0,5,1619.5,1,1620.0,3,1620.5,1,1621.0,4,1622.5,4,1623.0,6,1624.0,2,1624.5,3,1625.0,1,1622.5
jm2501,DCE,13:39:11.134#,1653.5,1660.0,1610.0,1806.5,1539.5,11021,32739.0,1619.0,5,1619.5,1,1620.0,3,1620.5,1,1621.0,4,1622.5,4,1623.0,16,1624.0,2,1624.5,3,1625.0,1,1622.5
jm2501,DCE,13:39:11.323#,1653.5,1660.0,1610.0,1806.5,1539.5,11021,32739.0,1619.0,5,1619.5,1,1620.0,3,1620.5,1,1621.0,4,1622.5,4,1623.0,13,1624.0,2,1624.5,3,1625.0,1,1622.5
jm2501,DCE,13:39:11.855#,1653.5,1660.0,1610.0,1806.5,1539.5,11021,32739.0,1619.0,5,1619.5,1,1620.0,3,1620.5,1,1621.0,4,1622.5,4,1623.0,14,1624.0,2,1624.5,3,1625.0,1,1622.5
jm2501,DCE,13:39:12.374#,1653.5,1660.0,1610.0,1806.5,1539.5,11021,32739.0,1619.0,5,1619.5,1,1620.0,3,1620.5,2,1621.0,3,1622.5,4,1623.0,15,1624.0,2,1624.5,3,1625.0,1,1622.5
jm2501,DCE,13:39:12.578#,1653.5,1660.0,1610.0,1806.5,1539.5,11021,32739.0,1619.0,5,1619.5,1,1620.0,3,1620.5,2,1621.0,2,1622.0,2,1622.5,4,1623.0,15,1624.0,2,1624.5,3,1622.5
jm2501,DCE,13:39:12.941#,1653.5,1660.0,1610.0,1806.5,1539.5,11021,32739.0,1619.0,5,1619.5,1,1620.0,3,1620.5,2,1621.0,2,1622.0,2,1622.5,4,1623.0,10,1624.0,2,1624.5,3,1622.5
jm2501,DCE,13:39:13.74#,1653.5,1660.0,1610.0,1806.5,1539.5,11021,32739.0,1619.0,5,1619.5,1,1620.0,3,1620.5,1,1621.0,3,1622.5,4,1623.0,10,1624.0,2,1624.5,3,1625.0,1,1622.5
jm2501,DCE,13:39:13.331#,1653.5,1660.0,1610.0,1806.5,1539.5,11021,32739.0,1619.0,5,1619.5,1,1620.0,3,1620.5,1,1621.0,3,1622.5,4,1623.0,9,1624.0,2,1624.5,3,1625.0,1,1622.5
jm2501,DCE,13:39:15.442#,1653.5,1660.0,1610.0,1806.5,1539.5,11021,32739.0,1619.0,5,1619.5,1,1620.0,3,1620.5,2,1621.0,2,1622.5,4,1623.0,9,1624.0,2,1624.5,3,1625.0,1,1622.5
jm2501,DCE,13:39:16.627#,1653.5,1660.0,1610.0,1806.5,1539.5,11021,32739.0,1619.0,5,1619.5,1,1620.0,3,1620.5,2,1621.0,2,1622.5,4,1623.0,11,1624.0,2,1624.5,3,1625.0,1,1622.5
jm2501,DCE,13:39:17.0#,1653.5,1660.0,1610.0,1806.5,1539.5,11021,32739.0,1619.0,5,1619.5,1,1620.0,2,1620.5,2,1621.0,2,1622.5,4,1623.0,11,1624.0,2,1624.5,3,1625.0,1,1622.5
jm2501,DCE,13:39:17.538#,1653.5,1660.0,1610.0,1806.5,1539.5,11021,32739.0,1619.0,5,1619.5,1,1620.0,2,1620.5,2,1621.0,2,1622.5,4,1623.0,6,1624.0,2,1624.5,3,1625.0,1,1622.5
jm2501,DCE,13:39:17.758#,1653.5,1660.0,1610.0,1806.5,1539.5,11021,32739.0,1619.0,5,1619.5,1,1620.0,2,1620.5,2,1621.0,2,1622.5,4,1623.0,5,1624.0,2,1624.5,3,1625.0,1,1622.5
jm2501,DCE,13:39:18.94#,1653.5,1660.0,1610.0,1806.5,1539.5,11021,32739.0,1619.0,5,1619.5,1,1620.0,2,1620.5,2,1621.0,2,1622.5,4,1623.0,13,1624.0,2,1624.5,3,1625.0,1,1622.5
jm2501,DCE,13:39:18.963#,1653.5,1660.0,1610.0,1806.5,1539.5,11021,32739.0,1619.0,5,1619.5,1,1620.0,2,1620.5,2,1621.0,2,1622.5,4,1623.0,14,1624.0,2,1624.5,3,1625.0,1,1622.5
jm2501,DCE,13:39:24.47#,1653.5,1660.0,1610.0,1806.5,1539.5,11021,32739.0,1619.0,5,1619.5,1,1620.0,2,1620.5,2,1621.0,2,1622.5,4,1623.0,13,1624.0,2,1624.5,3,1625.0,1,1622.5
jm2501,DCE,13:39:24.758#,1653.5,1660.0,1610.0,1806.5,1539.5,11021,32739.0,1619.0,5,1619.5,1,1620.0,2,1620.5,2,1621.0,2,1622.5,4,1623.0,12,1624.0,2,1624.5,3,1625.0,1,1622.5
jm2501,DCE,13:39:24.953#,1653.5,1660.0,1610.0,1806.5,1539.5,11021,32739.0,1619.0,5,1619.5,1,1620.0,2,1620.5,2,1621.0,4,1622.5,4,1623.0,12,1624.0,2,1624.5,3,1625.0,1,1622.5
jm2501,DCE,13:39:25.343#,1653.5,1660.0,1610.0,1806.5,1539.5,11021,32739.0,1619.0,5,1619.5,1,1620.0,2,1620.5,2,1621.0,4,1622.5,4,1623.0,11,1624.0,2,1624.5,3,1625.0,1,1622.5
jm2501,DCE,13:39:25.749#,1653.5,1660.0,1610.0,1806.5,1539.5,11021,32739.0,1619.0,5,1619.5,1,1620.0,2,1620.5,1,1621.0,5,1622.5,4,1623.0,12,1624.0,2,1624.5,3,1625.0,1,1622.5
jm2501,DCE,13:39:25.836#,1653.5,1660.0,1610.0,1806.5,1539.5,11021,32739.0,1619.0,5,1619.5,1,1620.0,2,1620.5,1,1621.0,5,1623.0,5,1624.0,2,1624.5,3,1625.0,1,1626.0,6,1622.5
jm2501,DCE,13:39:26.75#,1653.5,1660.0,1610.0,1806.5,1539.5,11021,32739.0,1619.5,1,1620.0,2,1620.5,1,1621.0,5,1621.5,2,1624.0,2,1624.5,3,1625.0,1,1626.0,6,1627.0,1,1622.5
jm2501,DCE,13:39:26.471#,1653.5,1660.0,1610.0,1806.5,1539.5,11021,32739.0,1619.5,1,1620.0,2,1620.5,1,1621.0,4,1621.5,5,1624.0,2,1624.5,3,1625.0,2,1626.0,6,1627.0,1,1622.5
jm2501,DCE,13:39:26.925#,1653.5,1660.0,1610.0,1806.5,1539.5,11021,32739.0,1619.5,1,1620.0,2,1620.5,1,1621.0,4,1621.5,5,1624.0,2,1624.5,3,1625.0,1,1626.0,6,1627.0,1,1622.5
jm2501,DCE,13:39:27.291#,1653.5,1660.0,1610.0,1806.5,1539.5,11021,32739.0,1619.5,1,1620.0,2,1620.5,1,1621.0,4,1621.5,5,1624.0,21,1624.5,3,1625.0,1,1626.0,6,1627.0,1,1622.5
jm2501,DCE,13:39:27.434#,1653.5,1660.0,1610.0,1806.5,1539.5,11021,32739.0,1619.5,1,1620.0,2,1620.5,1,1621.0,4,1621.5,4,1624.0,21,1624.5,3,1625.0,1,1626.0,6,1627.0,1,1622.5
jm2501,DCE,13:39:27.812#,1653.5,1660.0,1610.0,1806.5,1539.5,11021,32739.0,1619.5,1,1620.0,2,1620.5,1,1621.0,4,1621.5,4,1624.5,3,1625.0,1,1626.0,6,1627.0,1,1628.0,4,1622.5
jm2501,DCE,13:39:27.839#,1653.5,1660.0,1610.0,1806.5,1539.5,11021,32739.0,1619.5,1,1620.0,2,1620.5,1,1621.0,4,1621.5,4,1624.5,2,1625.0,1,1626.0,6,1627.0,1,1628.0,4,1622.5
jm2501,DCE,13:39:28.833#,1653.5,1660.0,1610.0,1806.5,1539.5,11021,32739.0,1619.5,1,1620.0,2,1620.5,1,1621.0,4,1621.5,4,1624.5,4,1625.0,1,1625.5,1,1626.0,6,1627.0,1,1622.5
jm2501,DCE,13:39:29.713#,1653.5,1660.0,1610.0,1806.5,1539.5,11021,32739.0,1619.5,1,1620.0,2,1620.5,1,1621.0,4,1621.5,5,1624.5,4,1625.0,1,1625.5,1,1626.0,6,1627.0,1,1622.5
jm2501,DCE,13:39:31.334#,1653.5,1660.0,1610.0,1806.5,1539.5,11021,32739.0,1619.5,2,1620.0,2,1620.5,1,1621.0,4,1621.5,5,1624.5,4,1625.0,1,1625.5,1,1626.0,6,1627.0,1,1622.5
jm2501,DCE,13:39:33.990#,1653.5,1660.0,1610.0,1806.5,1539.5,11021,32739.0,1619.5,2,1620.0,2,1620.5,1,1621.0,4,1621.5,5,1624.0,1,1624.5,4,1625.0,1,1625.5,1,1626.0,6,1622.5
jm2501,DCE,13:39:40.327#,1653.5,1660.0,1610.0,1806.5,1539.5,11021,32739.0,1619.5,2,1620.0,2,1620.5,1,1621.0,4,1621.5,5,1624.0,3,1624.5,4,1625.0,1,1625.5,1,1626.0,6,1622.5
jm2501,DCE,13:39:41.329#,1653.5,1660.0,1610.0,1806.5,1539.5,11021,32739.0,1619.5,2,1620.0,2,1620.5,1,1621.0,4,1621.5,5,1624.0,3,1624.5,4,1625.0,2,1625.5,1,1626.0,6,1622.5
jm2501,DCE,13:39:42.671#,1653.5,1660.0,1610.0,1806.5,1539.5,11021,32739.0,1620.0,2,1620.5,1,1621.0,4,1621.5,5,1622.0,5,1624.0,3,1624.5,4,1625.0,2,1625.5,1,1626.0,6,1622.5
jm2501,DCE,13:39:43.1#,1653.5,1660.0,1610.0,1806.5,1539.5,11021,32739.0,1620.0,3,1620.5,1,1621.0,4,1621.5,3,1622.0,5,1624.0,3,1624.5,4,1625.0,2,1625.5,1,1626.0,6,1622.5
jm2501,DCE,13:39:47.892#,1653.5,1660.0,1610.0,1806.5,1539.5,11041,32737.0,1620.0,3,1620.5,1,1621.0,4,1621.5,3,1622.0,5,1624.5,4,1625.0,2,1625.5,1,1626.0,6,1627.0,1,1624.0
jm2501,DCE,13:39:48.73#,1653.5,1660.0,1610.0,1806.5,1539.5,11041,32737.0,1620.5,1,1621.0,4,1621.5,3,1622.0,5,1622.5,2,1624.5,4,1625.0,2,1625.5,1,1626.0,6,1627.0,1,1624.0
jm2501,DCE,13:39:48.336#,1653.5,1660.0,1610.0,1806.5,1539.5,11041,32737.0,1620.5,1,1621.0,4,1621.5,2,1622.0,6,1622.5,4,1624.5,4,1625.0,1,1625.5,1,1626.0,6,1627.0,1,1624.0
jm2501,DCE,13:39:51.334#,1653.5,1660.0,1610.0,1806.5,1539.5,11044,32740.0,1621.0,4,1621.5,2,1622.0,6,1622.5,4,1624.0,2,1624.5,9,1625.0,1,1625.5,1,1626.0,6,1627.0,1,1624.0
jm2501,DCE,13:39:51.588#,1653.5,1660.0,1610.0,1806.5,1539.5,11046,32742.0,1620.0,3,1620.5,1,1621.0,4,1621.5,2,1622.0,6,1624.5,7,1625.0,1,1625.5,1,1626.0,6,1627.0,1,1624.0
jm2501,DCE,13:39:51.829#,1653.5,1660.0,1610.0,1806.5,1539.5,11046,32742.0,1620.5,1,1621.0,4,1621.5,2,1622.0,6,1622.5,2,1624.5,7,1625.0,1,1626.0,6,1627.0,1,1628.0,4,1624.0
jm2501,DCE,13:39:52.179#,1653.5,1660.0,1610.0,1806.5,1539.5,11046,32742.0,1620.5,1,1621.0,4,1621.5,2,1622.0,6,1622.5,4,1624.5,7,1625.0,1,1626.0,6,1627.0,1,1628.0,4,1624.0
jm2501,DCE,13:39:54.457#,1653.5,1660.0,1610.0,1806.5,1539.5,11046,32742.0,1620.5,1,1621.0,4,1621.5,2,1622.0,8,1622.5,4,1624.5,7,1625.0,1,1626.0,6,1627.0,1,1628.0,4,1624.0
jm2501,DCE,13:39:54.788#,1653.5,1660.0,1610.0,1806.5,1539.5,11046,32742.0,1620.5,1,1621.0,4,1621.5,2,1622.0,10,1622.5,4,1624.5,7,1625.0,1,1626.0,6,1627.0,1,1628.0,4,1624.0
jm2501,DCE,13:39:54.827#,1653.5,1660.0,1610.0,1806.5,1539.5,11046,32742.0,1620.5,1,1621.0,4,1621.5,2,1622.0,7,1622.5,4,1624.5,7,1625.0,1,1625.5,1,1626.0,6,1627.0,1,1624.0
jm2501,DCE,13:39:56.10#,1653.5,1660.0,1610.0,1806.5,1539.5,11046,32742.0,1620.5,1,1621.0,4,1621.5,7,1622.0,5,1622.5,4,1624.5,7,1625.0,1,1625.5,1,1626.0,6,1627.0,1,1624.0
jm2501,DCE,13:39:56.78#,1653.5,1660.0,1610.0,1806.5,1539.5,11046,32742.0,1620.5,1,1621.0,4,1621.5,2,1622.0,10,1622.5,4,1624.5,7,1625.0,1,1626.0,6,1627.0,1,1628.0,4,1624.0
jm2501,DCE,13:39:58.898#,1653.5,1660.0,1610.0,1806.5,1539.5,11046,32742.0,1620.5,1,1621.0,4,1621.5,2,1622.0,12,1622.5,4,1624.5,7,1625.0,1,1626.0,6,1627.0,1,1628.0,4,1624.0
jm2501,DCE,13:39:59.808#,1653.5,1660.0,1610.0,1806.5,1539.5,11046,32742.0,1621.0,4,1621.5,2,1622.0,7,1622.5,4,1623.0,5,1624.5,7,1625.0,1,1626.0,6,1627.0,1,1628.0,4,1624.0
jm2501,DCE,13:39:59.828#,1653.5,1660.0,1610.0,1806.5,1539.5,11046,32742.0,1621.0,4,1621.5,2,1622.0,7,1622.5,2,1623.0,5,1624.5,7,1625.0,1,1625.5,1,1626.0,6,1627.0,1,1624.0
jm2501,DCE,13:40:00.983#,1653.5,1660.0,1610.0,1806.5,1539.5,11046,32742.0,1621.0,4,1621.5,2,1622.0,13,1622.5,2,1623.0,5,1624.5,7,1625.0,2,1625.5,1,1626.0,6,1627.0,1,1624.0
jm2501,DCE,13:40:02.464#,1653.5,1660.0,1610.0,1806.5,1539.5,11046,32742.0,1621.0,4,1621.5,2,1622.0,15,1622.5,2,1623.0,5,1624.5,7,1625.0,2,1625.5,1,1626.0,6,1627.0,1,1624.0
jm2501,DCE,13:40:07.308#,1653.5,1660.0,1610.0,1806.5,1539.5,11046,32742.0,1621.0,4,1621.5,2,1622.0,14,1622.5,2,1623.0,5,1624.5,7,1625.0,2,1625.5,1,1626.0,6,1627.0,1,1624.0
jm2501,DCE,13:40:10.912#,1653.5,1660.0,1610.0,1806.5,1539.5,11046,32742.0,1621.0,4,1621.5,2,1622.0,13,1622.5,2,1623.0,5,1624.5,7,1625.0,2,1625.5,1,1626.0,6,1627.0,1,1624.0
jm2501,DCE,13:40:11.581#,1653.5,1660.0,1610.0,1806.5,1539.5,11046,32742.0,1621.0,4,1621.5,2,1622.0,14,1622.5,2,1623.0,5,1624.5,7,1625.0,2,1625.5,1,1626.0,6,1627.0,1,1624.0
jm2501,DCE,13:40:13.82#,1653.5,1660.0,1610.0,1806.5,1539.5,11046,32742.0,1621.0,4,1621.5,2,1622.0,13,1622.5,2,1623.0,5,1624.5,7,1625.0,2,1625.5,1,1626.0,6,1627.0,1,1624.0
jm2501,DCE,13:40:14.739#,1653.5,1660.0,1610.0,1806.5,1539.5,11046,32742.0,1621.0,4,1621.5,2,1622.0,11,1622.5,2,1623.0,5,1624.5,7,1625.0,2,1625.5,1,1626.0,6,1627.0,1,1624.0
jm2501,DCE,13:40:16.564#,1653.5,1660.0,1610.0,1806.5,1539.5,11047,32743.0,1621.0,4,1621.5,2,1622.0,11,1622.5,2,1623.0,4,1624.5,7,1625.0,2,1625.5,1,1626.0,6,1627.0,1,1623.0
jm2501,DCE,13:40:18.288#,1653.5,1660.0,1610.0,1806.5,1539.5,11047,32743.0,1621.0,4,1621.5,2,1622.0,14,1622.5,2,1623.0,4,1624.5,7,1625.0,2,1625.5,1,1626.0,6,1627.0,1,1623.0
jm2501,DCE,13:40:18.665#,1653.5,1660.0,1610.0,1806.5,1539.5,11047,32743.0,1621.5,2,1622.0,14,1622.5,2,1623.0,4,1624.0,3,1624.5,7,1625.0,2,1625.5,1,1626.0,6,1627.0,1,1623.0
jm2501,DCE,13:40:20.226#,1653.5,1660.0,1610.0,1806.5,1539.5,11047,32743.0,1621.5,2,1622.0,13,1622.5,2,1623.0,4,1624.0,3,1624.5,7,1625.0,2,1625.5,1,1626.0,6,1627.0,1,1623.0
jm2501,DCE,13:40:20.348#,1653.5,1660.0,1610.0,1806.5,1539.5,11047,32743.0,1621.0,4,1621.5,2,1622.5,20,1623.0,4,1624.0,3,1624.5,2,1625.0,7,1626.0,6,1627.0,1,1628.0,4,1623.0
jm2501,DCE,13:40:20.596#,1653.5,1660.0,1610.0,1806.5,1539.5,11047,32743.0,1621.0,4,1621.5,2,1622.5,20,1623.0,4,1624.0,3,1624.5,2,1625.0,7,1626.0,5,1627.0,1,1628.0,4,1623.0
jm2501,DCE,13:40:21.269#,1653.5,1660.0,1610.0,1806.5,1539.5,11047,32743.0,1621.0,4,1621.5,2,1622.5,21,1623.0,4,1624.0,3,1624.5,2,1625.0,3,1626.0,5,1627.0,1,1628.0,4,1623.0
jm2501,DCE,13:40:21.341#,1653.5,1660.0,1610.0,1806.5,1539.5,11047,32743.0,1621.0,4,1621.5,2,1622.5,21,1623.0,4,1624.0,3,1624.5,2,1625.0,2,1625.5,5,1626.0,5,1627.0,1,1623.0
jm2501,DCE,13:40:23.74#,1653.5,1660.0,1610.0,1806.5,1539.5,11047,32743.0,1621.0,4,1621.5,2,1622.5,21,1623.0,4,1624.0,3,1624.5,2,1625.0,7,1626.0,5,1627.0,1,1628.0,4,1623.0
jm2501,DCE,13:40:23.349#,1653.5,1660.0,1610.0,1806.5,1539.5,11047,32743.0,1621.0,4,1621.5,2,1622.5,6,1623.0,4,1624.0,3,1624.5,2,1625.0,7,1626.0,5,1627.0,1,1628.0,4,1623.0
jm2501,DCE,13:40:23.659#,1653.5,1660.0,1610.0,1806.5,1539.5,11047,32743.0,1621.0,4,1621.5,2,1622.5,6,1623.0,5,1624.0,3,1624.5,2,1625.0,7,1626.0,5,1627.0,1,1628.0,4,1623.0
jm2501,DCE,13:40:24.472#,1653.5,1660.0,1610.0,1806.5,1539.5,11047,32743.0,1621.0,4,1621.5,2,1622.5,11,1623.0,5,1624.0,3,1624.5,2,1625.0,7,1626.0,5,1627.0,1,1628.0,4,1623.0
jm2501,DCE,13:40:26.224#,1653.5,1660.0,1610.0,1806.5,1539.5,11047,32743.0,1621.0,4,1621.5,2,1622.5,8,1623.0,5,1624.0,3,1624.5,2,1625.0,7,1626.0,5,1627.0,1,1628.0,4,1623.0
jm2501,DCE,13:40:26.685#,1653.5,1660.0,1610.0,1806.5,1539.5,11047,32743.0,1621.0,4,1621.5,2,1622.5,8,1623.0,5,1624.0,3,1624.5,2,1625.0,6,1626.0,5,1627.0,1,1628.0,4,1623.0
jm2501,DCE,13:40:26.955#,1653.5,1660.0,1610.0,1806.5,1539.5,11047,32743.0,1621.0,4,1621.5,2,1622.5,17,1623.0,5,1624.0,3,1624.5,2,1625.0,6,1626.0,5,1627.0,1,1628.0,4,1623.0
jm2501,DCE,13:40:27.229#,1653.5,1660.0,1610.0,1806.5,1539.5,11047,32743.0,1621.0,4,1621.5,2,1622.5,2,1623.0,25,1624.0,3,1624.5,2,1625.0,2,1625.5,5,1626.0,5,1627.0,1,1623.0
jm2501,DCE,13:40:27.327#,1653.5,1660.0,1610.0,1806.5,1539.5,11049,32743.0,1621.0,4,1621.5,2,1622.5,2,1623.0,25,1624.0,3,1625.0,2,1625.5,5,1626.0,5,1627.0,1,1628.0,4,1624.5
jm2501,DCE,13:40:30.854#,1653.5,1660.0,1610.0,1806.5,1539.5,11049,32743.0,1621.5,2,1622.5,2,1623.0,5,1623.5,1,1624.0,3,1625.0,2,1625.5,5,1626.0,5,1627.0,1,1628.0,4,1624.5
jm2501,DCE,13:40:33.991#,1653.5,1660.0,1610.0,1806.5,1539.5,11049,32743.0,1621.5,2,1622.5,2,1623.0,5,1623.5,1,1624.0,3,1625.0,1,1625.5,5,1626.0,5,1627.0,1,1628.0,4,1624.5
jm2501,DCE,13:40:36.303#,1653.5,1660.0,1610.0,1806.5,1539.5,11049,32743.0,1621.5,2,1622.5,2,1623.0,5,1623.5,4,1624.0,3,1625.0,1,1625.5,5,1626.0,5,1627.0,1,1628.0,4,1624.5
jm2501,DCE,13:40:37.749#,1653.5,1660.0,1610.0,1806.5,1539.5,11049,32743.0,1621.5,2,1622.5,2,1623.0,5,1623.5,4,1624.0,3,1625.0,1,1625.5,5,1626.0,4,1627.0,1,1628.0,4,1624.5
jm2501,DCE,13:40:37.945#,1653.5,1660.0,1610.0,1806.5,1539.5,11049,32743.0,1621.5,2,1622.5,2,1623.0,5,1623.5,4,1624.0,3,1625.0,1,1625.5,6,1626.0,4,1627.0,1,1628.0,4,1624.5
jm2501,DCE,13:40:38.459#,1653.5,1660.0,1610.0,1806.5,1539.5,11049,32743.0,1621.5,2,1622.5,2,1623.0,5,1623.5,4,1624.0,6,1625.0,1,1625.5,6,1626.0,4,1627.0,1,1628.0,4,1624.5
jm2501,DCE,13:40:41.471#,1653.5,1660.0,1610.0,1806.5,1539.5,11049,32743.0,1621.5,2,1622.5,2,1623.0,5,1623.5,6,1624.0,6,1625.0,1,1625.5,6,1626.0,4,1627.0,1,1628.0,4,1624.5
jm2501,DCE,13:40:42.173#,1653.5,1660.0,1610.0,1806.5,1539.5,11050,32743.0,1622.5,2,1623.0,5,1623.5,6,1624.0,6,1625.0,1,1625.5,6,1626.0,4,1627.0,1,1628.0,4,1628.5,2,1625.0
jm2501,DCE,13:40:42.500#,1653.5,1660.0,1610.0,1806.5,1539.5,11050,32743.0,1622.5,3,1623.0,5,1623.5,6,1624.0,6,1625.0,1,1625.5,6,1626.0,4,1627.0,1,1628.0,4,1628.5,2,1625.0
jm2501,DCE,13:40:45.777#,1653.5,1660.0,1610.0,1806.5,1539.5,11050,32743.0,1622.5,3,1623.0,5,1623.5,6,1624.0,6,1625.0,1,1625.5,7,1626.0,4,1627.0,1,1628.0,4,1628.5,2,1625.0
jm2501,DCE,13:40:46.558#,1653.5,1660.0,1610.0,1806.5,1539.5,11050,32743.0,1621.5,2,1622.5,3,1623.0,5,1624.0,7,1625.0,1,1625.5,2,1626.0,9,1627.0,1,1628.0,4,1628.5,2,1625.0
jm2501,DCE,13:40:47.217#,1653.5,1660.0,1610.0,1806.5,1539.5,11052,32741.0,1622.5,3,1623.0,5,1624.0,7,1625.0,1,1625.5,3,1626.0,9,1627.0,1,1628.0,4,1628.5,2,1629.0,5,1625.5
jm2501,DCE,13:40:47.466#,1653.5,1660.0,1610.0,1806.5,1539.5,11052,32741.0,1622.5,3,1623.0,5,1624.0,12,1625.0,1,1625.5,3,1626.0,9,1627.0,2,1628.0,4,1628.5,2,1629.0,5,1625.5
jm2501,DCE,13:40:47.716#,1653.5,1660.0,1610.0,1806.5,1539.5,11052,32741.0,1622.5,3,1623.0,5,1624.0,12,1625.0,1,1625.5,3,1626.0,9,1627.0,1,1628.0,4,1628.5,2,1629.0,5,1625.5
jm2501,DCE,13:40:47.845#,1653.5,1660.0,1610.0,1806.5,1539.5,11052,32741.0,1622.5,3,1623.0,5,1624.0,12,1625.0,1,1625.5,3,1626.0,9,1628.0,4,1628.5,2,1629.0,5,1629.5,3,1625.5
jm2501,DCE,13:40:48.935#,1653.5,1660.0,1610.0,1806.5,1539.5,11052,32741.0,1622.5,3,1623.0,5,1624.0,11,1625.0,1,1625.5,3,1626.0,9,1627.0,1,1628.0,4,1628.5,2,1629.0,5,1625.5
jm2501,DCE,13:40:49.75#,1653.5,1660.0,1610.0,1806.5,1539.5,11052,32741.0,1622.5,3,1623.0,5,1624.0,8,1625.0,1,1625.5,3,1626.0,9,1627.0,1,1628.0,4,1628.5,2,1629.0,5,1625.5
jm2501,DCE,13:40:51.200#,1653.5,1660.0,1610.0,1806.5,1539.5,11056,32743.0,1622.5,3,1623.0,1,1624.0,8,1625.0,1,1625.5,3,1627.0,1,1628.0,4,1628.5,2,1629.0,5,1629.5,3,1626.0
jm2501,DCE,13:40:51.499#,1653.5,1660.0,1610.0,1806.5,1539.5,11056,32743.0,1622.5,3,1623.0,1,1624.0,9,1625.0,1,1625.5,3,1626.5,2,1627.0,4,1627.5,1,1628.0,4,1628.5,2,1626.0
jm2501,DCE,13:40:51.587#,1653.5,1660.0,1610.0,1806.5,1539.5,11056,32743.0,1622.5,3,1623.0,1,1624.0,9,1625.0,1,1625.5,3,1626.5,2,1627.0,3,1627.5,1,1628.0,4,1628.5,2,1626.0
jm2501,DCE,13:40:51.914#,1653.5,1660.0,1610.0,1806.5,1539.5,11056,32743.0,1622.5,3,1623.0,1,1624.0,12,1625.0,1,1625.5,3,1626.5,2,1627.0,3,1627.5,1,1628.0,4,1628.5,2,1626.0
jm2501,DCE,13:40:52.243#,1653.5,1660.0,1610.0,1806.5,1539.5,11056,32743.0,1622.5,3,1623.0,1,1624.0,12,1625.0,1,1625.5,3,1626.5,2,1627.0,3,1627.5,1,1628.0,3,1628.5,2,1626.0
jm2501,DCE,13:40:55.329#,1653.5,1660.0,1610.0,1806.5,1539.5,11056,32743.0,1622.5,3,1623.0,1,1624.0,12,1625.0,1,1625.5,3,1626.5,2,1627.0,2,1627.5,1,1628.0,3,1628.5,2,1626.0
jm2501,DCE,13:40:58.224#,1653.5,1660.0,1610.0,1806.5,1539.5,11056,32743.0,1622.5,3,1623.0,1,1624.0,12,1625.0,1,1625.5,4,1626.5,2,1627.0,2,1627.5,1,1628.0,3,1628.5,2,1626.0
jm2501,DCE,13:40:59.525#,1653.5,1660.0,1610.0,1806.5,1539.5,11056,32743.0,1623.0,1,1624.0,6,1624.5,3,1625.0,1,1625.5,4,1626.5,7,1627.0,2,1627.5,1,1628.0,3,1628.5,2,1626.0
jm2501,DCE,13:41:00.393#,1653.5,1660.0,1610.0,1806.5,1539.5,11056,32743.0,1623.0,1,1624.0,6,1624.5,1,1625.0,1,1625.5,4,1626.5,7,1627.0,2,1627.5,1,1628.0,3,1628.5,2,1626.0
jm2501,DCE,13:41:00.815#,1653.5,1660.0,1610.0,1806.5,1539.5,11056,32743.0,1623.0,1,1624.0,6,1624.5,4,1625.0,1,1625.5,4,1626.5,7,1627.0,2,1627.5,1,1628.0,3,1628.5,2,1626.0
jm2501,DCE,13:41:01.47#,1653.5,1660.0,1610.0,1806.5,1539.5,11056,32743.0,1623.0,1,1624.0,6,1624.5,2,1625.0,1,1625.5,4,1626.5,7,1627.0,2,1627.5,1,1628.0,3,1628.5,2,1626.0
jm2501,DCE,13:41:01.75#,1653.5,1660.0,1610.0,1806.5,1539.5,11056,32743.0,1622.5,3,1623.0,1,1624.0,12,1625.0,1,1625.5,4,1626.5,2,1627.0,2,1627.5,1,1628.0,3,1628.5,2,1626.0
jm2501,DCE,13:41:01.451#,1653.5,1660.0,1610.0,1806.5,1539.5,11057,32742.0,1622.5,3,1623.0,1,1624.0,12,1625.0,1,1625.5,3,1626.5,2,1627.0,1,1627.5,1,1628.0,3,1628.5,2,1625.5
jm2501,DCE,13:41:01.582#,1653.5,1660.0,1610.0,1806.5,1539.5,11057,32742.0,1622.5,3,1623.0,1,1624.0,12,1625.0,1,1625.5,3,1626.0,6,1626.5,2,1627.0,2,1627.5,1,1628.0,3,1625.5
jm2501,DCE,13:41:01.833#,1653.5,1660.0,1610.0,1806.5,1539.5,11060,32743.0,1621.5,3,1622.5,3,1623.0,1,1624.0,12,1625.0,1,1626.0,6,1626.5,2,1627.0,1,1627.5,1,1628.0,3,1625.5
jm2501,DCE,13:41:02.874#,1653.5,1660.0,1610.0,1806.5,1539.5,11060,32743.0,1621.5,3,1622.5,3,1623.0,1,1624.0,12,1625.0,1,1626.0,5,1626.5,2,1627.0,1,1627.5,1,1628.0,3,1625.5
jm2501,DCE,13:41:03.127#,1653.5,1660.0,1610.0,1806.5,1539.5,11060,32743.0,1621.5,3,1622.5,3,1623.0,1,1624.0,12,1625.0,1,1626.0,1,1626.5,7,1627.0,1,1627.5,1,1628.0,3,1625.5
jm2501,DCE,13:41:03.659#,1653.5,1660.0,1610.0,1806.5,1539.5,11060,32743.0,1621.5,3,1622.5,3,1623.0,1,1624.0,12,1625.0,1,1626.0,1,1626.5,7,1627.5,1,1628.0,3,1628.5,2,1625.5
jm2501,DCE,13:41:04.293#,1653.5,1660.0,1610.0,1806.5,1539.5,11060,32743.0,1621.5,3,1622.5,3,1623.0,1,1624.0,12,1625.0,1,1626.0,2,1626.5,2,1627.5,1,1628.0,3,1628.5,2,1625.5
jm2501,DCE,13:41:04.698#,1653.5,1660.0,1610.0,1806.5,1539.5,11060,32743.0,1621.5,3,1622.5,3,1623.0,1,1624.0,12,1625.0,1,1626.0,3,1626.5,2,1627.5,1,1628.0,3,1628.5,2,1625.5
jm2501,DCE,13:41:04.882#,1653.5,1660.0,1610.0,1806.5,1539.5,11060,32743.0,1621.5,3,1622.5,3,1623.0,1,1624.0,12,1625.0,1,1625.5,1,1626.0,3,1626.5,2,1627.5,1,1628.0,3,1625.5
jm2501,DCE,13:41:06.283#,1653.5,1660.0,1610.0,1806.5,1539.5,11060,32743.0,1621.5,3,1622.5,3,1623.0,1,1624.0,12,1625.0,1,1625.5,1,1626.0,5,1626.5,2,1627.5,1,1628.0,3,1625.5
jm2501,DCE,13:41:06.529#,1653.5,1660.0,1610.0,1806.5,1539.5,11060,32743.0,1621.5,3,1622.5,3,1623.0,1,1624.0,12,1625.0,1,1625.5,1,1626.0,6,1626.5,2,1627.5,1,1628.0,3,1625.5
jm2501,DCE,13:41:08.477#,1653.5,1660.0,1610.0,1806.5,1539.5,11061,32742.0,1622.5,3,1623.0,1,1624.0,12,1625.0,1,1625.5,8,1626.0,6,1626.5,2,1627.5,1,1628.0,3,1628.5,2,1625.5
jm2501,DCE,13:41:08.579#,1653.5,1660.0,1610.0,1806.5,1539.5,11061,32742.0,1622.5,3,1623.0,1,1624.0,12,1625.0,1,1625.5,8,1626.0,6,1626.5,2,1627.0,1,1627.5,1,1628.0,3,1625.5
jm2501,DCE,13:41:08.830#,1653.5,1660.0,1610.0,1806.5,1539.5,11061,32742.0,1622.5,3,1623.0,1,1624.0,12,1625.0,1,1625.5,8,1626.0,6,1626.5,2,1627.5,1,1628.0,3,1628.5,2,1625.5
jm2501,DCE,13:41:11.425#,1653.5,1660.0,1610.0,1806.5,1539.5,11061,32742.0,1622.5,3,1623.0,1,1624.0,12,1625.0,1,1625.5,8,1626.0,4,1626.5,2,1627.5,1,1628.0,3,1628.5,2,1625.5
jm2501,DCE,13:41:11.935#,1653.5,1660.0,1610.0,1806.5,1539.5,11061,32742.0,1622.5,3,1623.0,1,1624.0,12,1625.0,1,1625.5,8,1626.0,3,1626.5,2,1627.5,1,1628.0,3,1628.5,2,1625.5
jm2501,DCE,13:41:12.246#,1653.5,1660.0,1610.0,1806.5,1539.5,11061,32742.0,1622.5,3,1623.0,1,1624.0,12,1625.0,1,1625.5,8,1626.5,2,1627.5,1,1628.0,3,1628.5,2,1629.0,5,1625.5
jm2501,DCE,13:41:16.236#,1653.5,1660.0,1610.0,1806.5,1539.5,11061,32742.0,1622.5,3,1623.0,1,1624.0,10,1625.0,1,1625.5,8,1626.5,2,1627.5,1,1628.0,3,1628.5,2,1629.0,5,1625.5
jm2501,DCE,13:41:16.581#,1653.5,1660.0,1610.0,1806.5,1539.5,11061,32742.0,1622.5,3,1623.0,1,1624.0,10,1625.0,1,1625.5,8,1626.5,2,1627.0,1,1627.5,1,1628.0,3,1628.5,2,1625.5
jm2501,DCE,13:41:17.530#,1653.5,1660.0,1610.0,1806.5,1539.5,11061,32742.0,1622.5,3,1623.0,1,1624.0,11,1625.0,1,1625.5,8,1626.5,2,1627.0,1,1627.5,1,1628.0,3,1628.5,2,1625.5
jm2501,DCE,13:41:17.836#,1653.5,1660.0,1610.0,1806.5,1539.5,11061,32742.0,1622.5,3,1623.0,1,1624.0,11,1625.0,1,1625.5,8,1626.5,2,1627.5,1,1628.0,3,1628.5,2,1629.0,5,1625.5
jm2501,DCE,13:41:19.1#,1653.5,1660.0,1610.0,1806.5,1539.5,11061,32742.0,1622.5,3,1623.0,1,1624.0,12,1625.0,1,1625.5,8,1626.5,2,1627.5,1,1628.0,3,1628.5,2,1629.0,5,1625.5
jm2501,DCE,13:41:19.79#,1653.5,1660.0,1610.0,1806.5,1539.5,11061,32742.0,1622.5,3,1623.0,1,1624.0,12,1625.0,1,1625.5,8,1626.5,2,1627.0,1,1627.5,1,1628.0,3,1628.5,2,1625.5
jm2501,DCE,13:41:20.161#,1653.5,1660.0,1610.0,1806.5,1539.5,11061,32742.0,1622.5,3,1623.0,1,1624.0,11,1625.0,1,1625.5,8,1626.5,2,1627.0,1,1627.5,1,1628.0,3,1628.5,2,1625.5
jm2501,DCE,13:41:20.901#,1653.5,1660.0,1610.0,1806.5,1539.5,11061,32742.0,1622.5,3,1623.0,1,1624.0,12,1625.0,1,1625.5,8,1626.5,2,1627.0,1,1627.5,1,1628.0,3,1628.5,2,1625.5
jm2501,DCE,13:41:21.200#,1653.5,1660.0,1610.0,1806.5,1539.5,11061,32742.0,1622.5,3,1623.0,1,1624.0,7,1625.0,1,1625.5,8,1626.5,2,1627.0,1,1627.5,1,1628.0,3,1628.5,2,1625.5
jm2501,DCE,13:41:21.713#,1653.5,1660.0,1610.0,1806.5,1539.5,11061,32742.0,1622.5,3,1623.0,1,1624.0,8,1625.0,1,1625.5,8,1626.5,2,1627.0,1,1627.5,1,1628.0,3,1628.5,2,1625.5
jm2501,DCE,13:41:22.431#,1653.5,1660.0,1610.0,1806.5,1539.5,11061,32742.0,1622.5,3,1623.0,1,1624.0,9,1625.0,1,1625.5,8,1626.5,2,1627.0,1,1627.5,1,1628.0,3,1628.5,2,1625.5
jm2501,DCE,13:41:22.899#,1653.5,1660.0,1610.0,1806.5,1539.5,11061,32742.0,1623.0,1,1624.0,6,1624.5,6,1625.0,1,1625.5,8,1626.5,8,1627.0,1,1627.5,1,1628.0,3,1628.5,2,1625.5
jm2501,DCE,13:41:23.79#,1653.5,1660.0,1610.0,1806.5,1539.5,11061,32742.0,1623.0,1,1624.0,6,1624.5,6,1625.0,1,1625.5,8,1626.5,8,1627.5,1,1628.0,3,1628.5,2,1629.0,5,1625.5
jm2501,DCE,13:41:31.184#,1653.5,1660.0,1610.0,1806.5,1539.5,11061,32742.0,1622.5,3,1623.0,1,1624.0,12,1625.0,1,1625.5,8,1626.5,8,1627.5,1,1628.0,3,1628.5,2,1629.0,5,1625.5
jm2501,DCE,13:41:31.380#,1653.5,1660.0,1610.0,1806.5,1539.5,11061,32742.0,1622.5,3,1623.0,1,1624.0,12,1625.0,1,1625.5,8,1626.5,8,1627.0,1,1627.5,1,1628.0,3,1628.5,2,1625.5
jm2501,DCE,13:41:31.580#,1653.5,1660.0,1610.0,1806.5,1539.5,11061,32742.0,1622.5,3,1623.0,1,1624.0,12,1625.0,1,1625.5,8,1626.5,2,1627.0,1,1627.5,1,1628.0,3,1628.5,2,1625.5
jm2501,DCE,13:41:31.831#,1653.5,1660.0,1610.0,1806.5,1539.5,11061,32742.0,1622.5,3,1623.0,1,1624.0,12,1625.0,1,1625.5,8,1626.5,2,1627.5,1,1628.0,3,1628.5,2,1629.0,5,1625.5
jm2501,DCE,13:41:32.724#,1653.5,1660.0,1610.0,1806.5,1539.5,11061,32742.0,1622.5,3,1623.0,1,1624.0,12,1625.0,1,1625.5,8,1626.5,2,1627.0,1,1627.5,1,1628.0,3,1628.5,2,1625.5
jm2501,DCE,13:41:35.484#,1653.5,1660.0,1610.0,1806.5,1539.5,11062,32742.0,1622.5,3,1623.0,1,1624.0,12,1625.0,1,1625.5,7,1626.5,2,1627.0,1,1627.5,1,1628.0,3,1628.5,2,1625.5
jm2501,DCE,13:41:36.617#,1653.5,1660.0,1610.0,1806.5,1539.5,11062,32742.0,1622.5,3,1623.0,1,1624.0,11,1625.0,1,1625.5,7,1626.5,2,1627.0,1,1627.5,1,1628.0,3,1628.5,2,1625.5
jm2501,DCE,13:41:38.119#,1653.5,1660.0,1610.0,1806.5,1539.5,11062,32742.0,1622.5,3,1623.0,1,1624.0,10,1625.0,1,1625.5,7,1626.5,2,1627.0,1,1627.5,1,1628.0,3,1628.5,2,1625.5
jm2501,DCE,13:41:44.835#,1653.5,1660.0,1610.0,1806.5,1539.5,11062,32742.0,1622.5,3,1623.0,1,1624.0,8,1625.0,1,1625.5,7,1626.5,2,1627.0,1,1627.5,1,1628.0,3,1628.5,2,1625.5
jm2501,DCE,13:41:46.908#,1653.5,1660.0,1610.0,1806.5,1539.5,11062,32742.0,1622.5,3,1623.0,1,1624.0,7,1625.0,1,1625.5,7,1626.5,2,1627.0,1,1627.5,1,1628.0,3,1628.5,2,1625.5
jm2501,DCE,13:41:49.490#,1653.5,1660.0,1610.0,1806.5,1539.5,11062,32742.0,1622.5,3,1623.0,1,1624.0,11,1625.0,1,1625.5,7,1626.5,2,1627.0,1,1627.5,1,1628.0,3,1628.5,2,1625.5
jm2501,DCE,13:41:50.367#,1653.5,1660.0,1610.0,1806.5,1539.5,11063,32742.0,1622.5,3,1623.0,1,1624.0,11,1625.0,1,1625.5,6,1626.5,2,1627.0,1,1627.5,1,1628.0,3,1628.5,2,1625.5
jm2501,DCE,13:41:51.702#,1653.5,1660.0,1610.0,1806.5,1539.5,11063,32742.0,1622.5,3,1623.0,1,1624.0,12,1625.0,1,1625.5,6,1626.5,2,1627.0,1,1627.5,1,1628.0,3,1628.5,2,1625.5
jm2501,DCE,13:41:52.329#,1653.5,1660.0,1610.0,1806.5,1539.5,11063,32742.0,1622.5,3,1623.0,1,1624.0,12,1625.0,1,1625.5,6,1626.5,2,1627.5,1,1628.0,3,1628.5,2,1629.0,5,1625.5
jm2501,DCE,13:41:53.327#,1653.5,1660.0,1610.0,1806.5,1539.5,11063,32742.0,1622.5,3,1623.0,1,1624.0,12,1625.0,1,1625.5,6,1626.5,2,1627.0,1,1627.5,1,1628.0,3,1628.5,2,1625.5
jm2501,DCE,13:41:56.578#,1653.5,1660.0,1610.0,1806.5,1539.5,11063,32742.0,1622.5,3,1623.0,1,1624.0,11,1625.0,1,1625.5,6,1626.5,2,1627.0,1,1627.5,1,1628.0,3,1628.5,2,1625.5
jm2501,DCE,13:41:59.956#,1653.5,1660.0,1610.0,1806.5,1539.5,11064,32742.0,1623.0,1,1623.5,6,1624.0,6,1625.0,1,1625.5,5,1626.5,2,1627.0,1,1627.5,1,1628.0,3,1628.5,2,1625.5
jm2501,DCE,13:42:00.276#,1653.5,1660.0,1610.0,1806.5,1539.5,11068,32742.0,1622.5,3,1623.0,1,1624.0,12,1625.0,1,1625.5,1,1626.0,2,1626.5,2,1627.0,1,1627.5,1,1628.0,3,1625.5
jm2501,DCE,13:42:00.332#,1653.5,1660.0,1610.0,1806.5,1539.5,11069,32742.0,1622.5,3,1623.0,1,1623.5,6,1624.0,6,1625.0,1,1626.0,2,1626.5,2,1627.0,1,1627.5,1,1628.0,3,1625.5
jm2501,DCE,13:42:00.699#,1653.5,1660.0,1610.0,1806.5,1539.5,11069,32742.0,1622.5,3,1623.0,1,1623.5,6,1624.0,6,1625.0,1,1626.0,6,1626.5,2,1627.0,1,1627.5,1,1628.0,3,1625.5
jm2501,DCE,13:42:01.334#,1653.5,1660.0,1610.0,1806.5,1539.5,11069,32742.0,1622.5,3,1623.0,1,1623.5,6,1624.0,6,1625.0,1,1626.0,7,1626.5,2,1627.0,1,1627.5,1,1628.0,3,1625.5
jm2501,DCE,13:42:02.256#,1653.5,1660.0,1610.0,1806.5,1539.5,11069,32742.0,1622.5,3,1623.0,1,1623.5,6,1624.0,6,1625.0,1,1626.0,8,1626.5,2,1627.0,1,1627.5,1,1628.0,3,1625.5
jm2501,DCE,13:42:02.812#,1653.5,1660.0,1610.0,1806.5,1539.5,11069,32742.0,1622.5,3,1623.0,1,1623.5,6,1624.0,6,1625.0,1,1626.0,7,1626.5,2,1627.0,1,1627.5,1,1628.0,3,1625.5
jm2501,DCE,13:42:04.248#,1653.5,1660.0,1610.0,1806.5,1539.5,11069,32742.0,1622.5,3,1623.0,1,1623.5,6,1624.0,6,1625.0,1,1626.0,8,1626.5,2,1627.0,1,1627.5,1,1628.0,3,1625.5
jm2501,DCE,13:42:05.663#,1653.5,1660.0,1610.0,1806.5,1539.5,11069,32742.0,1622.5,3,1623.0,1,1623.5,6,1624.0,6,1625.0,1,1626.0,9,1626.5,2,1627.0,1,1627.5,1,1628.0,3,1625.5
jm2501,DCE,13:42:06.804#,1653.5,1660.0,1610.0,1806.5,1539.5,11069,32742.0,1622.5,3,1623.0,1,1623.5,6,1624.0,6,1625.0,1,1626.0,8,1626.5,2,1627.0,1,1627.5,1,1628.0,3,1625.5
jm2501,DCE,13:42:07.821#,1653.5,1660.0,1610.0,1806.5,1539.5,11069,32742.0,1622.5,3,1623.0,1,1623.5,6,1624.0,6,1625.0,1,1626.0,13,1626.5,2,1627.0,1,1627.5,1,1628.0,3,1625.5
jm2501,DCE,13:42:07.956#,1653.5,1660.0,1610.0,1806.5,1539.5,11069,32742.0,1622.5,3,1623.0,1,1623.5,6,1624.0,6,1625.0,1,1625.5,2,1626.0,14,1626.5,2,1627.0,1,1627.5,1,1625.5
jm2501,DCE,13:42:08.98#,1653.5,1660.0,1610.0,1806.5,1539.5,11070,32743.0,1621.5,3,1622.0,1,1622.5,3,1623.0,7,1624.0,6,1625.5,22,1626.0,1,1626.5,2,1627.0,1,1627.5,1,1625.0
jm2501,DCE,13:42:08.562#,1653.5,1660.0,1610.0,1806.5,1539.5,11070,32743.0,1621.5,3,1622.0,1,1622.5,9,1623.0,1,1624.0,6,1625.0,19,1626.0,2,1626.5,3,1627.0,1,1627.5,1,1625.0
jm2501,DCE,13:42:08.773#,1653.5,1660.0,1610.0,1806.5,1539.5,11070,32743.0,1621.5,3,1622.0,1,1622.5,9,1623.0,1,1624.0,6,1624.5,2,1625.0,18,1625.5,1,1626.0,2,1626.5,3,1625.0
jm2501,DCE,13:42:08.836#,1653.5,1660.0,1610.0,1806.5,1539.5,11070,32743.0,1621.5,3,1622.0,1,1622.5,9,1623.0,1,1624.0,6,1625.0,5,1625.5,1,1626.0,2,1626.5,3,1627.0,1,1625.0
jm2501,DCE,13:42:09.124#,1653.5,1660.0,1610.0,1806.5,1539.5,11070,32743.0,1621.5,3,1622.0,1,1622.5,9,1623.0,1,1624.0,6,1625.0,10,1626.0,2,1626.5,3,1627.0,1,1627.5,1,1625.0
jm2501,DCE,13:42:09.348#,1653.5,1660.0,1610.0,1806.5,1539.5,11070,32743.0,1621.5,3,1622.0,1,1622.5,9,1623.0,1,1624.0,6,1625.0,11,1626.0,2,1626.5,3,1627.0,1,1627.5,1,1625.0
jm2501,DCE,13:42:09.737#,1653.5,1660.0,1610.0,1806.5,1539.5,11070,32743.0,1621.5,3,1622.0,1,1622.5,9,1623.0,1,1624.0,6,1625.0,11,1625.5,1,1626.0,2,1626.5,3,1627.0,1,1625.0
jm2501,DCE,13:42:10.419#,1653.5,1660.0,1610.0,1806.5,1539.5,11070,32743.0,1621.5,3,1622.0,1,1622.5,9,1623.0,1,1624.0,6,1625.0,11,1625.5,1,1626.0,1,1626.5,3,1627.0,1,1625.0
jm2501,DCE,13:42:10.827#,1653.5,1660.0,1610.0,1806.5,1539.5,11070,32743.0,1621.5,3,1622.0,1,1622.5,9,1623.0,1,1624.0,6,1625.0,10,1625.5,1,1626.0,1,1626.5,3,1627.0,1,1625.0
jm2501,DCE,13:42:12.247#,1653.5,1660.0,1610.0,1806.5,1539.5,11070,32743.0,1621.5,3,1622.0,1,1622.5,9,1623.0,1,1624.0,6,1625.0,7,1625.5,1,1626.0,1,1626.5,3,1627.0,1,1625.0
jm2501,DCE,13:42:12.327#,1653.5,1660.0,1610.0,1806.5,1539.5,11070,32743.0,1621.5,3,1622.0,1,1622.5,9,1623.0,1,1624.0,6,1625.0,7,1626.0,1,1626.5,3,1627.0,1,1627.5,1,1625.0
jm2501,DCE,13:42:14.579#,1653.5,1660.0,1610.0,1806.5,1539.5,11070,32743.0,1621.5,3,1622.0,1,1622.5,9,1623.0,1,1624.0,6,1625.0,7,1625.5,1,1626.0,1,1626.5,3,1627.0,1,1625.0
jm2501,DCE,13:42:14.967#,1653.5,1660.0,1610.0,1806.5,1539.5,11070,32743.0,1621.5,3,1622.0,1,1622.5,9,1623.0,1,1624.0,6,1625.0,9,1625.5,1,1626.0,1,1626.5,3,1627.0,1,1625.0
jm2501,DCE,13:42:15.80#,1653.5,1660.0,1610.0,1806.5,1539.5,11070,32743.0,1621.5,3,1622.0,1,1622.5,9,1623.0,1,1624.0,6,1625.0,17,1625.5,1,1626.0,1,1626.5,3,1627.0,1,1625.0
jm2501,DCE,13:42:15.509#,1653.5,1660.0,1610.0,1806.5,1539.5,11070,32743.0,1621.5,3,1622.0,1,1622.5,9,1623.0,1,1624.0,6,1624.5,2,1625.0,17,1625.5,1,1626.0,1,1626.5,3,1625.0
jm2501,DCE,13:42:15.693#,1653.5,1660.0,1610.0,1806.5,1539.5,11070,32743.0,1621.5,3,1622.0,1,1622.5,9,1623.0,1,1624.0,6,1624.5,2,1625.0,12,1625.5,1,1626.0,1,1626.5,3,1625.0
jm2501,DCE,13:42:15.829#,1653.5,1660.0,1610.0,1806.5,1539.5,11070,32743.0,1621.5,3,1622.0,1,1622.5,9,1623.0,1,1624.0,6,1624.5,1,1625.0,6,1625.5,1,1626.0,1,1626.5,3,1625.0
jm2501,DCE,13:42:16.563#,1653.5,1660.0,1610.0,1806.5,1539.5,11070,32743.0,1621.5,3,1622.0,1,1622.5,9,1623.0,1,1624.0,6,1624.5,1,1625.0,5,1625.5,1,1626.0,1,1626.5,3,1625.0
jm2501,DCE,13:42:16.752#,1653.5,1660.0,1610.0,1806.5,1539.5,11070,32743.0,1621.5,3,1622.0,1,1622.5,9,1623.0,1,1624.0,6,1624.5,1,1625.0,3,1626.0,1,1626.5,3,1627.0,1,1625.0
jm2501,DCE,13:42:17.115#,1653.5,1660.0,1610.0,1806.5,1539.5,11070,32743.0,1621.5,3,1622.0,1,1622.5,9,1623.0,1,1624.0,6,1624.5,3,1625.0,5,1626.0,1,1626.5,3,1627.0,1,1625.0
jm2501,DCE,13:42:18.457#,1653.5,1660.0,1610.0,1806.5,1539.5,11070,32743.0,1621.5,3,1622.0,1,1622.5,9,1623.0,1,1624.0,6,1624.5,3,1625.0,4,1626.0,1,1626.5,3,1627.0,1,1625.0
jm2501,DCE,13:42:18.708#,1653.5,1660.0,1610.0,1806.5,1539.5,11070,32743.0,1621.5,3,1622.0,1,1622.5,9,1623.0,1,1624.0,6,1624.5,3,1625.0,3,1626.0,1,1626.5,3,1627.0,1,1625.0
jm2501,DCE,13:42:19.81#,1653.5,1660.0,1610.0,1806.5,1539.5,11071,32743.0,1621.5,3,1622.0,1,1622.5,9,1623.0,1,1624.0,5,1624.5,3,1625.0,3,1626.0,1,1626.5,3,1627.0,1,1624.0
jm2501,DCE,13:42:20.24#,1653.5,1660.0,1610.0,1806.5,1539.5,11071,32743.0,1621.5,3,1622.0,1,1622.5,9,1623.0,1,1624.0,5,1624.5,3,1625.0,8,1626.0,1,1626.5,3,1627.0,1,1624.0
jm2501,DCE,13:42:20.231#,1653.5,1660.0,1610.0,1806.5,1539.5,11071,32743.0,1621.5,3,1622.0,1,1622.5,9,1623.0,1,1624.0,5,1624.5,3,1625.0,8,1625.5,1,1626.0,1,1626.5,3,1624.0
jm2501,DCE,13:42:20.328#,1653.5,1660.0,1610.0,1806.5,1539.5,11071,32743.0,1621.5,3,1622.0,1,1622.5,9,1623.0,1,1624.0,5,1624.5,3,1625.0,8,1626.0,1,1626.5,3,1627.0,1,1624.0
jm2501,DCE,13:42:20.579#,1653.5,1660.0,1610.0,1806.5,1539.5,11071,32743.0,1621.5,3,1622.0,1,1622.5,9,1623.0,1,1624.0,5,1624.5,3,1625.0,8,1625.5,1,1626.0,1,1626.5,3,1624.0
jm2501,DCE,13:42:22.319#,1653.5,1660.0,1610.0,1806.5,1539.5,11071,32743.0,1621.5,3,1622.0,1,1622.5,9,1623.0,1,1624.0,5,1624.5,3,1625.0,9,1625.5,1,1626.0,1,1626.5,3,1624.0
jm2501,DCE,13:42:22.362#,1653.5,1660.0,1610.0,1806.5,1539.5,11071,32743.0,1621.5,3,1622.0,1,1622.5,9,1623.0,1,1624.0,5,1624.5,3,1625.0,10,1625.5,1,1626.0,1,1626.5,3,1624.0
jm2501,DCE,13:42:24.419#,1653.5,1660.0,1610.0,1806.5,1539.5,11071,32743.0,1621.5,3,1622.0,1,1622.5,9,1623.0,1,1624.0,5,1624.5,3,1625.0,11,1625.5,1,1626.0,1,1626.5,3,1624.0
jm2501,DCE,13:42:25.36#,1653.5,1660.0,1610.0,1806.5,1539.5,11071,32743.0,1621.5,3,1622.0,1,1622.5,9,1623.0,1,1624.0,5,1624.5,3,1625.0,12,1625.5,1,1626.0,1,1626.5,3,1624.0
jm2501,DCE,13:42:25.77#,1653.5,1660.0,1610.0,1806.5,1539.5,11071,32743.0,1621.5,3,1622.0,1,1622.5,9,1623.0,1,1624.0,5,1624.5,3,1625.0,13,1625.5,1,1626.0,1,1626.5,3,1624.0
jm2501,DCE,13:42:25.787#,1653.5,1660.0,1610.0,1806.5,1539.5,11071,32743.0,1621.5,3,1622.0,1,1622.5,9,1623.0,1,1624.0,5,1624.5,3,1625.0,12,1625.5,1,1626.0,1,1626.5,3,1624.0
jm2501,DCE,13:42:25.906#,1653.5,1660.0,1610.0,1806.5,1539.5,11071,32743.0,1621.5,3,1622.0,2,1622.5,9,1623.0,1,1624.0,5,1624.5,3,1625.0,12,1625.5,1,1626.0,1,1626.5,3,1624.0
jm2501,DCE,13:42:27.204#,1653.5,1660.0,1610.0,1806.5,1539.5,11071,32743.0,1621.5,3,1622.0,2,1622.5,9,1623.0,1,1624.0,5,1624.5,3,1625.0,14,1625.5,1,1626.0,1,1626.5,3,1624.0
jm2501,DCE,13:42:27.843#,1653.5,1660.0,1610.0,1806.5,1539.5,11071,32743.0,1621.5,3,1622.0,2,1622.5,3,1623.0,7,1624.0,5,1624.5,3,1625.0,1,1625.5,15,1626.0,1,1626.5,3,1624.0
jm2501,DCE,13:42:28.330#,1653.5,1660.0,1610.0,1806.5,1539.5,11071,32743.0,1621.5,3,1622.0,2,1622.5,3,1623.0,7,1624.0,5,1624.5,3,1625.0,1,1625.5,13,1626.0,1,1626.5,3,1624.0
jm2501,DCE,13:42:28.676#,1653.5,1660.0,1610.0,1806.5,1539.5,11071,32743.0,1621.5,3,1622.0,2,1622.5,3,1623.0,7,1624.0,5,1624.5,3,1625.0,1,1625.5,14,1626.0,1,1626.5,3,1624.0
jm2501,DCE,13:42:28.949#,1653.5,1660.0,1610.0,1806.5,1539.5,11071,32743.0,1621.5,3,1622.0,2,1622.5,3,1623.0,7,1624.0,5,1624.5,3,1625.0,1,1625.5,16,1626.0,1,1626.5,3,1624.0
jm2501,DCE,13:42:29.831#,1653.5,1660.0,1610.0,1806.5,1539.5,11072,32744.0,1621.5,3,1622.0,2,1622.5,3,1623.0,7,1624.0,5,1624.5,2,1625.0,1,1625.5,16,1626.0,1,1626.5,3,1624.5
jm2501,DCE,13:42:30.291#,1653.5,1660.0,1610.0,1806.5,1539.5,11074,32744.0,1621.5,3,1622.0,2,1622.5,3,1623.0,7,1624.0,5,1625.0,1,1625.5,15,1626.0,1,1626.5,3,1627.0,1,1624.5
jm2501,DCE,13:42:30.511#,1653.5,1660.0,1610.0,1806.5,1539.5,11074,32744.0,1621.5,3,1622.0,2,1622.5,3,1623.0,7,1624.0,5,1625.0,1,1625.5,4,1626.0,1,1626.5,3,1627.0,1,1624.5
jm2501,DCE,13:42:30.583#,1653.5,1660.0,1610.0,1806.5,1539.5,11074,32744.0,1622.0,2,1622.5,3,1623.0,1,1623.5,6,1624.0,5,1626.5,3,1627.0,1,1627.5,1,1628.0,3,1628.5,2,1624.5
jm2501,DCE,13:42:30.832#,1653.5,1660.0,1610.0,1806.5,1539.5,11074,32744.0,1623.0,1,1623.5,6,1624.0,5,1624.5,2,1625.0,1,1626.5,2,1627.0,1,1627.5,1,1628.0,3,1628.5,2,1624.5
jm2501,DCE,13:42:31.320#,1653.5,1660.0,1610.0,1806.5,1539.5,11074,32744.0,1622.5,3,1623.0,1,1624.0,10,1624.5,2,1625.0,2,1626.0,1,1626.5,13,1627.0,1,1627.5,1,1628.0,3,1624.5
jm2501,DCE,13:42:31.532#,1653.5,1660.0,1610.0,1806.5,1539.5,11074,32744.0,1622.5,3,1623.0,1,1624.0,11,1624.5,2,1625.0,4,1626.0,1,1626.5,9,1627.0,1,1627.5,1,1628.0,3,1624.5
jm2501,DCE,13:42:31.676#,1653.5,1660.0,1610.0,1806.5,1539.5,11074,32744.0,1622.0,2,1622.5,3,1623.0,1,1624.0,11,1625.0,4,1626.0,1,1626.5,9,1627.0,1,1627.5,1,1628.0,3,1624.5
jm2501,DCE,13:42:31.829#,1653.5,1660.0,1610.0,1806.5,1539.5,11074,32744.0,1622.0,2,1622.5,3,1623.0,1,1624.0,11,1625.0,4,1626.0,1,1626.5,9,1627.5,1,1628.0,3,1628.5,2,1624.5
jm2501,DCE,13:42:32.598#,1653.5,1660.0,1610.0,1806.5,1539.5,11074,32744.0,1622.0,1,1622.5,4,1623.0,1,1624.0,11,1625.0,4,1626.0,1,1626.5,9,1627.5,1,1628.0,3,1628.5,2,1624.5
jm2501,DCE,13:42:32.828#,1653.5,1660.0,1610.0,1806.5,1539.5,11074,32744.0,1622.0,1,1622.5,4,1623.0,1,1624.0,11,1625.0,4,1626.0,1,1626.5,9,1627.0,1,1627.5,1,1628.0,3,1624.5
jm2501,DCE,13:42:33.538#,1653.5,1660.0,1610.0,1806.5,1539.5,11074,32744.0,1622.0,1,1622.5,4,1623.0,1,1624.0,12,1625.0,4,1626.0,2,1626.5,9,1627.0,1,1627.5,1,1628.0,3,1624.5
jm2501,DCE,13:42:34.21#,1653.5,1660.0,1610.0,1806.5,1539.5,11074,32744.0,1622.0,1,1622.5,4,1623.0,1,1624.0,12,1625.0,4,1626.0,2,1626.5,8,1627.0,1,1627.5,1,1628.0,3,1624.5
jm2501,DCE,13:42:34.162#,1653.5,1660.0,1610.0,1806.5,1539.5,11074,32744.0,1622.0,1,1622.5,4,1623.0,1,1624.0,12,1625.0,4,1626.0,2,1626.5,8,1627.5,1,1628.0,3,1628.5,2,1624.5
jm2501,DCE,13:42:34.580#,1653.5,1660.0,1610.0,1806.5,1539.5,11074,32744.0,1622.0,1,1622.5,4,1623.0,1,1624.0,12,1625.0,4,1626.0,2,1626.5,8,1627.0,1,1627.5,1,1628.0,3,1624.5
jm2501,DCE,13:42:34.841#,1653.5,1660.0,1610.0,1806.5,1539.5,11074,32744.0,1622.0,1,1622.5,4,1623.0,1,1624.0,12,1625.0,4,1626.0,2,1626.5,9,1627.0,1,1627.5,1,1628.0,3,1624.5
jm2501,DCE,13:42:36.64#,1653.5,1660.0,1610.0,1806.5,1539.5,11074,32744.0,1622.0,1,1622.5,4,1623.0,1,1624.0,12,1625.0,2,1626.0,2,1626.5,8,1627.0,1,1627.5,1,1628.0,3,1624.5
jm2501,DCE,13:42:36.74#,1653.5,1660.0,1610.0,1806.5,1539.5,11074,32744.0,1621.5,3,1622.0,1,1622.5,4,1623.0,1,1624.0,11,1626.0,2,1626.5,8,1627.0,1,1627.5,1,1628.0,3,1624.5
jm2501,DCE,13:42:36.812#,1653.5,1660.0,1610.0,1806.5,1539.5,11074,32744.0,1621.5,3,1622.0,1,1622.5,4,1623.0,1,1624.0,11,1626.0,2,1626.5,7,1627.0,1,1627.5,1,1628.0,3,1624.5
jm2501,DCE,13:42:38.675#,1653.5,1660.0,1610.0,1806.5,1539.5,11074,32744.0,1621.5,3,1622.0,1,1622.5,4,1623.0,1,1624.0,10,1626.0,2,1626.5,7,1627.0,1,1627.5,1,1628.0,3,1624.5
jm2501,DCE,13:42:40.289#,1653.5,1660.0,1610.0,1806.5,1539.5,11074,32744.0,1621.5,3,1622.0,1,1622.5,4,1623.0,1,1624.0,12,1626.0,2,1626.5,7,1627.0,1,1627.5,1,1628.0,3,1624.5
jm2501,DCE,13:42:40.578#,1653.5,1660.0,1610.0,1806.5,1539.5,11074,32744.0,1621.5,3,1622.0,1,1622.5,4,1623.0,1,1624.0,12,1626.0,2,1626.5,7,1627.5,1,1628.0,3,1628.5,2,1624.5
jm2501,DCE,13:42:41.582#,1653.5,1660.0,1610.0,1806.5,1539.5,11074,32744.0,1621.5,3,1622.0,1,1622.5,4,1623.0,1,1624.0,7,1626.0,2,1626.5,7,1627.0,1,1627.5,1,1628.0,3,1624.5
jm2501,DCE,13:42:42.294#,1653.5,1660.0,1610.0,1806.5,1539.5,11074,32744.0,1622.0,1,1622.5,4,1623.0,1,1623.5,6,1624.0,6,1626.0,2,1626.5,15,1627.0,1,1627.5,1,1628.0,3,1624.5
jm2501,DCE,13:42:42.330#,1653.5,1660.0,1610.0,1806.5,1539.5,11074,32744.0,1622.0,1,1622.5,4,1623.0,1,1623.5,6,1624.0,6,1626.0,3,1626.5,2,1627.0,1,1627.5,1,1628.0,3,1624.5
jm2501,DCE,13:42:42.699#,1653.5,1660.0,1610.0,1806.5,1539.5,11074,32744.0,1622.0,1,1622.5,4,1623.0,1,1623.5,6,1624.0,6,1626.0,12,1626.5,2,1627.0,1,1627.5,1,1628.0,3,1624.5
jm2501,DCE,13:42:42.831#,1653.5,1660.0,1610.0,1806.5,1539.5,11074,32744.0,1622.0,1,1622.5,4,1623.0,1,1623.5,6,1624.0,6,1626.0,16,1626.5,3,1627.0,1,1627.5,1,1628.0,3,1624.5
jm2501,DCE,13:42:43.83#,1653.5,1660.0,1610.0,1806.5,1539.5,11074,32744.0,1622.0,1,1622.5,4,1623.0,1,1623.5,3,1624.0,6,1626.0,16,1626.5,3,1627.0,1,1627.5,1,1628.0,3,1624.5
jm2501,DCE,13:42:44.941#,1653.5,1660.0,1610.0,1806.5,1539.5,11074,32744.0,1622.0,1,1622.5,4,1623.0,1,1623.5,3,1624.0,6,1626.0,11,1626.5,3,1627.0,1,1627.5,1,1628.0,3,1624.5
jm2501,DCE,13:42:45.74#,1653.5,1660.0,1610.0,1806.5,1539.5,11074,32744.0,1622.0,1,1622.5,4,1623.0,1,1623.5,4,1624.0,6,1626.0,11,1626.5,3,1627.0,1,1627.5,1,1628.0,3,1624.5
jm2501,DCE,13:42:45.455#,1653.5,1660.0,1610.0,1806.5,1539.5,11074,32744.0,1622.0,1,1622.5,4,1623.0,1,1623.5,4,1624.0,6,1626.0,10,1626.5,3,1627.0,1,1627.5,1,1628.0,3,1624.5
jm2501,DCE,13:42:47.302#,1653.5,1660.0,1610.0,1806.5,1539.5,11074,32744.0,1621.5,3,1622.0,1,1622.5,4,1623.0,7,1624.0,6,1626.0,9,1626.5,3,1627.0,1,1627.5,1,1628.0,3,1624.5
jm2501,DCE,13:42:48.87#,1653.5,1660.0,1610.0,1806.5,1539.5,11074,32744.0,1621.5,3,1622.0,1,1622.5,4,1623.0,7,1624.0,6,1626.0,8,1626.5,3,1627.0,1,1627.5,1,1628.0,3,1624.5
jm2501,DCE,13:42:48.510#,1653.5,1660.0,1610.0,1806.5,1539.5,11074,32744.0,1622.0,1,1622.5,4,1623.0,1,1623.5,1,1624.0,6,1626.0,8,1626.5,3,1627.0,1,1627.5,1,1628.0,3,1624.5
jm2501,DCE,13:42:48.575#,1653.5,1660.0,1610.0,1806.5,1539.5,11074,32744.0,1621.5,3,1622.0,1,1622.5,4,1623.0,7,1624.0,6,1626.0,8,1626.5,3,1627.0,1,1627.5,1,1628.0,3,1624.5
jm2501,DCE,13:42:49.797#,1653.5,1660.0,1610.0,1806.5,1539.5,11074,32744.0,1621.5,3,1622.0,1,1622.5,4,1623.0,7,1624.0,6,1626.0,12,1626.5,3,1627.0,1,1627.5,1,1628.0,3,1624.5
jm2501,DCE,13:42:50.267#,1653.5,1660.0,1610.0,1806.5,1539.5,11074,32744.0,1621.5,3,1622.0,1,1622.5,4,1623.0,7,1624.0,6,1626.0,13,1626.5,3,1627.0,1,1627.5,1,1628.0,3,1624.5
jm2501,DCE,13:42:50.581#,1653.5,1660.0,1610.0,1806.5,1539.5,11074,32744.0,1621.5,3,1622.0,1,1622.5,4,1623.0,7,1624.0,6,1626.0,2,1626.5,3,1627.0,1,1627.5,1,1628.0,3,1624.5
jm2501,DCE,13:42:54.466#,1653.5,1660.0,1610.0,1806.5,1539.5,11074,32744.0,1622.0,1,1622.5,4,1623.0,1,1623.5,6,1624.0,6,1626.0,13,1626.5,3,1627.0,1,1627.5,1,1628.0,3,1624.5
jm2501,DCE,13:42:54.799#,1653.5,1660.0,1610.0,1806.5,1539.5,11074,32744.0,1622.0,1,1622.5,4,1623.0,1,1623.5,6,1624.0,6,1626.0,7,1626.5,3,1627.0,1,1627.5,1,1628.0,3,1624.5
jm2501,DCE,13:42:54.828#,1653.5,1660.0,1610.0,1806.5,1539.5,11074,32744.0,1622.0,1,1622.5,4,1623.0,1,1623.5,6,1624.0,6,1626.0,7,1627.0,1,1627.5,1,1628.0,3,1628.5,2,1624.5
jm2501,DCE,13:42:55.826#,1653.5,1660.0,1610.0,1806.5,1539.5,11074,32744.0,1622.0,1,1622.5,4,1623.0,1,1623.5,6,1624.0,6,1626.0,11,1627.0,1,1627.5,1,1628.0,3,1628.5,2,1624.5
jm2501,DCE,13:42:56.77#,1653.5,1660.0,1610.0,1806.5,1539.5,11074,32744.0,1622.0,1,1622.5,4,1623.0,1,1623.5,6,1624.0,6,1626.0,11,1626.5,1,1627.0,1,1627.5,1,1628.0,3,1624.5
jm2501,DCE,13:42:58.498#,1653.5,1660.0,1610.0,1806.5,1539.5,11074,32744.0,1622.0,1,1622.5,4,1623.0,1,1623.5,5,1624.0,6,1626.0,11,1626.5,1,1627.0,1,1627.5,1,1628.0,3,1624.5
jm2501,DCE,13:42:58.624#,1653.5,1660.0,1610.0,1806.5,1539.5,11074,32744.0,1621.5,3,1622.0,1,1622.5,4,1623.0,7,1624.0,6,1626.0,12,1626.5,1,1627.0,1,1627.5,1,1628.0,3,1624.5
jm2501,DCE,13:42:58.947#,1653.5,1660.0,1610.0,1806.5,1539.5,11074,32744.0,1621.5,3,1622.0,1,1622.5,4,1623.0,7,1624.0,6,1626.0,2,1626.5,1,1627.0,1,1627.5,1,1628.0,3,1624.5
jm2501,DCE,13:43:00.870#,1653.5,1660.0,1610.0,1806.5,1539.5,11074,32744.0,1621.5,3,1622.0,1,1622.5,4,1623.0,7,1624.0,6,1626.0,3,1626.5,1,1627.0,1,1627.5,1,1628.0,3,1624.5
jm2501,DCE,13:43:04.70#,1653.5,1660.0,1610.0,1806.5,1539.5,11074,32744.0,1621.5,3,1622.0,1,1622.5,3,1623.0,8,1624.0,6,1626.0,3,1626.5,1,1627.0,1,1627.5,1,1628.0,3,1624.5
jm2501,DCE,13:43:11.876#,1653.5,1660.0,1610.0,1806.5,1539.5,11074,32744.0,1621.5,3,1622.0,1,1622.5,3,1623.0,7,1624.0,6,1626.0,3,1626.5,1,1627.0,1,1627.5,1,1628.0,3,1624.5
jm2501,DCE,13:43:12.167#,1653.5,1660.0,1610.0,1806.5,1539.5,11074,32744.0,1621.5,3,1622.0,1,1622.5,3,1623.0,4,1624.0,6,1626.0,3,1626.5,1,1627.0,1,1627.5,1,1628.0,3,1624.5
jm2501,DCE,13:43:12.333#,1653.5,1660.0,1610.0,1806.5,1539.5,11074,32744.0,1621.5,3,1622.0,1,1622.5,9,1623.0,1,1624.0,6,1626.0,3,1626.5,1,1627.0,1,1627.5,1,1628.0,3,1624.5
jm2501,DCE,13:43:14.80#,1653.5,1660.0,1610.0,1806.5,1539.5,11074,32744.0,1621.5,3,1622.0,1,1622.5,9,1623.0,1,1624.0,6,1625.5,1,1626.0,3,1626.5,1,1627.0,1,1627.5,1,1624.5
jm2501,DCE,13:43:16.480#,1653.5,1660.0,1610.0,1806.5,1539.5,11075,32745.0,1621.5,4,1622.0,7,1622.5,3,1623.0,1,1624.0,6,1625.5,1,1626.0,3,1626.5,1,1627.0,1,1627.5,1,1624.5
jm2501,DCE,13:43:16.578#,1653.5,1660.0,1610.0,1806.5,1539.5,11075,32745.0,1621.5,4,1622.0,1,1622.5,4,1623.0,1,1624.0,6,1626.0,3,1626.5,1,1627.0,1,1627.5,1,1628.0,3,1624.5
jm2501,DCE,13:43:16.827#,1653.5,1660.0,1610.0,1806.5,1539.5,11075,32745.0,1621.5,4,1622.0,1,1622.5,4,1623.0,1,1624.0,6,1625.5,1,1626.0,4,1626.5,1,1627.0,1,1627.5,1,1624.5
jm2501,DCE,13:43:17.258#,1653.5,1660.0,1610.0,1806.5,1539.5,11075,32745.0,1621.5,4,1622.0,7,1622.5,3,1623.0,1,1624.0,6,1625.5,1,1626.0,4,1626.5,1,1627.0,1,1627.5,1,1624.5
jm2501,DCE,13:43:17.531#,1653.5,1660.0,1610.0,1806.5,1539.5,11075,32745.0,1621.5,3,1622.0,9,1622.5,3,1623.0,1,1624.0,6,1625.5,1,1626.0,4,1626.5,1,1627.0,1,1627.5,1,1624.5
jm2501,DCE,13:43:17.840#,1653.5,1660.0,1610.0,1806.5,1539.5,11075,32745.0,1621.5,3,1622.0,9,1622.5,3,1623.0,1,1624.0,6,1625.5,2,1626.0,4,1626.5,1,1627.0,1,1627.5,1,1624.5
jm2501,DCE,13:43:21.755#,1653.5,1660.0,1610.0,1806.5,1539.5,11076,32745.0,1621.5,3,1622.0,9,1622.5,3,1623.0,1,1624.0,5,1625.5,2,1626.0,4,1626.5,1,1627.0,1,1627.5,1,1624.0
jm2501,DCE,13:43:24.313#,1653.5,1660.0,1610.0,1806.5,1539.5,11076,32745.0,1621.5,3,1622.0,5,1622.5,3,1623.0,1,1624.0,5,1625.5,2,1626.0,4,1626.5,1,1627.0,1,1627.5,1,1624.0
jm2501,DCE,13:43:24.330#,1653.5,1660.0,1610.0,1806.5,1539.5,11076,32745.0,1621.5,3,1622.0,9,1622.5,3,1623.0,1,1624.0,5,1625.0,1,1625.5,2,1626.0,4,1626.5,1,1627.0,1,1624.0
jm2501,DCE,13:43:24.577#,1653.5,1660.0,1610.0,1806.5,1539.5,11076,32745.0,1621.5,3,1622.0,9,1622.5,3,1623.0,1,1624.0,5,1625.0,1,1625.5,2,1626.0,3,1626.5,1,1627.0,1,1624.0
jm2501,DCE,13:43:25.331#,1653.5,1660.0,1610.0,1806.5,1539.5,11076,32745.0,1621.5,3,1622.0,9,1622.5,3,1623.0,1,1624.0,5,1625.0,2,1625.5,2,1626.0,3,1626.5,1,1627.0,1,1624.0
jm2501,DCE,13:43:25.581#,1653.5,1660.0,1610.0,1806.5,1539.5,11076,32745.0,1621.5,3,1622.0,9,1622.5,3,1623.0,1,1624.0,5,1625.0,1,1625.5,2,1626.0,3,1626.5,1,1627.0,1,1624.0
jm2501,DCE,13:43:26.436#,1653.5,1660.0,1610.0,1806.5,1539.5,11076,32745.0,1621.5,3,1622.0,7,1622.5,3,1623.0,1,1624.0,5,1625.0,1,1625.5,2,1626.0,3,1626.5,1,1627.0,1,1624.0
jm2501,DCE,13:43:26.579#,1653.5,1660.0,1610.0,1806.5,1539.5,11076,32745.0,1621.5,3,1622.0,9,1622.5,3,1623.0,1,1624.0,5,1625.0,2,1625.5,2,1626.0,3,1626.5,1,1627.0,1,1624.0
jm2501,DCE,13:43:26.829#,1653.5,1660.0,1610.0,1806.5,1539.5,11076,32745.0,1621.5,3,1622.0,9,1622.5,3,1623.0,1,1624.0,5,1625.0,1,1625.5,2,1626.0,3,1626.5,1,1627.0,1,1624.0
jm2501,DCE,13:43:27.337#,1653.5,1660.0,1610.0,1806.5,1539.5,11076,32745.0,1621.5,3,1622.0,6,1622.5,3,1623.0,1,1624.0,5,1625.0,1,1625.5,2,1626.0,3,1626.5,1,1627.0,1,1624.0
jm2501,DCE,13:43:27.579#,1653.5,1660.0,1610.0,1806.5,1539.5,11076,32745.0,1621.5,3,1622.0,6,1622.5,3,1623.0,1,1624.0,5,1625.0,2,1625.5,2,1626.0,3,1626.5,1,1627.0,1,1624.0
jm2501,DCE,13:43:28.59#,1653.5,1660.0,1610.0,1806.5,1539.5,11076,32745.0,1621.5,9,1622.0,3,1622.5,3,1623.0,1,1624.0,5,1625.0,2,1625.5,2,1626.0,3,1626.5,1,1627.0,1,1624.0
jm2501,DCE,13:43:28.200#,1653.5,1660.0,1610.0,1806.5,1539.5,11078,32747.0,1621.5,9,1622.0,3,1622.5,3,1623.0,1,1624.0,3,1625.0,2,1625.5,2,1626.0,3,1626.5,1,1627.0,1,1624.0
jm2501,DCE,13:43:29.79#,1653.5,1660.0,1610.0,1806.5,1539.5,11078,32747.0,1621.5,3,1622.0,9,1622.5,3,1623.0,1,1624.0,3,1625.0,2,1625.5,2,1626.0,3,1626.5,1,1627.0,1,1624.0
jm2501,DCE,13:43:29.328#,1653.5,1660.0,1610.0,1806.5,1539.5,11078,32747.0,1621.5,3,1622.0,4,1622.5,3,1623.0,1,1624.0,3,1625.0,1,1625.5,2,1626.0,3,1626.5,1,1627.0,1,1624.0
jm2501,DCE,13:43:29.710#,1653.5,1660.0,1610.0,1806.5,1539.5,11078,32747.0,1621.5,3,1622.0,5,1622.5,3,1623.0,1,1624.0,3,1625.0,2,1625.5,2,1626.0,3,1626.5,1,1627.0,1,1624.0
jm2501,DCE,13:43:30.320#,1653.5,1660.0,1610.0,1806.5,1539.5,11078,32747.0,1621.5,3,1622.0,9,1622.5,3,1623.0,1,1624.0,3,1625.0,2,1625.5,2,1626.0,3,1626.5,1,1627.0,1,1624.0
jm2501,DCE,13:43:30.489#,1653.5,1660.0,1610.0,1806.5,1539.5,11078,32747.0,1621.5,3,1622.0,7,1622.5,3,1623.0,1,1624.0,3,1625.0,2,1625.5,2,1626.0,3,1626.5,1,1627.0,1,1624.0
jm2501,DCE,13:43:30.695#,1653.5,1660.0,1610.0,1806.5,1539.5,11079,32748.0,1621.5,10,1622.0,3,1622.5,3,1623.0,1,1624.0,2,1625.0,2,1625.5,2,1626.0,3,1626.5,1,1627.0,1,1624.0
jm2501,DCE,13:43:31.74#,1653.5,1660.0,1610.0,1806.5,1539.5,11079,32748.0,1621.5,3,1622.0,10,1622.5,3,1623.0,1,1624.0,2,1625.0,2,1625.5,2,1626.0,3,1626.5,1,1627.0,1,1624.0
jm2501,DCE,13:43:34.288#,1653.5,1660.0,1610.0,1806.5,1539.5,11079,32748.0,1621.5,3,1622.0,3,1622.5,5,1623.0,1,1624.0,2,1625.0,18,1625.5,2,1626.0,3,1626.5,1,1627.0,1,1624.0
jm2501,DCE,13:43:34.327#,1653.5,1660.0,1610.0,1806.5,1539.5,11079,32748.0,1621.5,3,1622.0,3,1622.5,5,1623.0,1,1624.0,2,1625.0,12,1625.5,2,1626.0,3,1626.5,1,1627.0,1,1624.0
jm2501,DCE,13:43:34.819#,1653.5,1660.0,1610.0,1806.5,1539.5,11079,32748.0,1621.5,3,1622.0,3,1622.5,8,1623.0,1,1624.0,2,1625.0,5,1625.5,2,1626.0,3,1626.5,1,1627.0,1,1624.0
jm2501,DCE,13:43:34.827#,1653.5,1660.0,1610.0,1806.5,1539.5,11079,32748.0,1621.5,3,1622.0,3,1622.5,8,1623.0,1,1624.0,2,1625.0,3,1625.5,2,1626.0,3,1626.5,1,1627.0,1,1624.0
jm2501,DCE,13:43:35.235#,1653.5,1660.0,1610.0,1806.5,1539.5,11079,32748.0,1621.5,3,1622.0,3,1622.5,9,1623.0,1,1624.0,2,1625.0,3,1625.5,1,1626.0,3,1626.5,1,1627.0,1,1624.0
jm2501,DCE,13:43:36.723#,1653.5,1660.0,1610.0,1806.5,1539.5,11079,32748.0,1621.5,3,1622.0,3,1622.5,9,1623.0,1,1624.0,2,1625.0,4,1625.5,1,1626.0,3,1626.5,1,1627.0,1,1624.0
jm2501,DCE,13:43:36.826#,1653.5,1660.0,1610.0,1806.5,1539.5,11079,32748.0,1621.5,3,1622.0,3,1622.5,9,1623.0,1,1624.0,2,1625.0,4,1625.5,2,1626.0,3,1626.5,1,1627.0,1,1624.0
jm2501,DCE,13:43:37.831#,1653.5,1660.0,1610.0,1806.5,1539.5,11079,32748.0,1621.5,3,1622.0,3,1622.5,9,1623.0,1,1624.0,2,1625.0,5,1625.5,2,1626.0,3,1626.5,1,1627.0,1,1624.0
jm2501,DCE,13:43:38.579#,1653.5,1660.0,1610.0,1806.5,1539.5,11079,32748.0,1621.5,3,1622.0,3,1622.5,10,1623.0,1,1624.0,2,1625.0,5,1625.5,2,1626.0,3,1626.5,1,1627.0,1,1624.0
jm2501,DCE,13:43:38.828#,1653.5,1660.0,1610.0,1806.5,1539.5,11079,32748.0,1621.5,3,1622.0,3,1622.5,10,1623.0,1,1624.0,2,1625.0,5,1625.5,1,1626.0,3,1626.5,1,1627.0,1,1624.0
jm2501,DCE,13:43:39.479#,1653.5,1660.0,1610.0,1806.5,1539.5,11079,32748.0,1621.5,3,1622.0,3,1622.5,10,1623.0,1,1624.0,2,1625.0,1,1625.5,15,1626.0,3,1626.5,1,1627.0,1,1624.0
jm2501,DCE,13:43:39.578#,1653.5,1660.0,1610.0,1806.5,1539.5,11079,32748.0,1621.5,3,1622.0,3,1622.5,10,1623.0,1,1624.0,2,1625.0,1,1625.5,10,1626.0,2,1626.5,1,1627.0,1,1624.0
jm2501,DCE,13:43:39.846#,1653.5,1660.0,1610.0,1806.5,1539.5,11079,32748.0,1621.5,3,1622.0,3,1622.5,3,1623.0,2,1624.0,2,1625.0,1,1625.5,10,1626.0,2,1626.5,1,1627.0,1,1624.0
jm2501,DCE,13:43:40.206#,1653.5,1660.0,1610.0,1806.5,1539.5,11079,32748.0,1621.5,3,1622.0,3,1622.5,3,1623.0,4,1624.0,2,1625.0,1,1625.5,10,1626.0,2,1626.5,1,1627.0,1,1624.0
jm2501,DCE,13:43:40.430#,1653.5,1660.0,1610.0,1806.5,1539.5,11079,32748.0,1621.5,3,1622.0,3,1622.5,3,1623.0,4,1624.0,2,1625.0,1,1625.5,14,1626.0,2,1626.5,1,1627.0,1,1624.0
jm2501,DCE,13:43:40.689#,1653.5,1660.0,1610.0,1806.5,1539.5,11079,32748.0,1621.5,3,1622.0,3,1622.5,3,1623.0,4,1624.0,2,1625.0,2,1625.5,14,1626.0,2,1626.5,1,1627.0,1,1624.0
jm2501,DCE,13:43:41.57#,1653.5,1660.0,1610.0,1806.5,1539.5,11079,32748.0,1621.5,3,1622.0,3,1622.5,3,1623.0,4,1624.0,2,1625.0,2,1625.5,15,1626.0,2,1626.5,1,1627.0,1,1624.0
jm2501,DCE,13:43:41.649#,1653.5,1660.0,1610.0,1806.5,1539.5,11079,32748.0,1621.5,3,1622.0,3,1622.5,3,1623.0,4,1624.0,2,1625.0,2,1625.5,14,1626.0,2,1626.5,1,1627.0,1,1624.0
jm2501,DCE,13:43:42.272#,1653.5,1660.0,1610.0,1806.5,1539.5,11079,32748.0,1621.5,3,1622.0,3,1622.5,3,1623.0,4,1624.0,2,1625.0,2,1625.5,17,1626.0,2,1626.5,1,1627.0,1,1624.0
jm2501,DCE,13:43:42.524#,1653.5,1660.0,1610.0,1806.5,1539.5,11079,32748.0,1621.5,3,1622.0,3,1622.5,3,1623.0,4,1624.0,2,1625.0,2,1625.5,12,1626.0,2,1626.5,1,1627.0,1,1624.0
jm2501,DCE,13:43:42.876#,1653.5,1660.0,1610.0,1806.5,1539.5,11079,32748.0,1621.5,3,1622.0,3,1622.5,10,1623.0,1,1624.0,2,1625.0,4,1625.5,1,1626.0,2,1626.5,1,1627.0,1,1624.0
jm2501,DCE,13:43:43.222#,1653.5,1660.0,1610.0,1806.5,1539.5,11079,32748.0,1621.5,3,1622.0,3,1622.5,4,1623.0,1,1624.0,2,1625.0,7,1625.5,1,1626.0,2,1626.5,1,1627.0,1,1624.0
jm2501,DCE,13:43:43.338#,1653.5,1660.0,1610.0,1806.5,1539.5,11079,32748.0,1621.5,3,1622.0,10,1622.5,3,1623.0,1,1624.0,2,1625.0,7,1625.5,2,1626.0,2,1626.5,1,1627.0,1,1624.0
jm2501,DCE,13:43:43.811#,1653.5,1660.0,1610.0,1806.5,1539.5,11079,32748.0,1621.5,3,1622.0,10,1622.5,3,1623.0,1,1624.0,2,1625.0,8,1625.5,2,1626.0,2,1626.5,1,1627.0,2,1624.0
jm2501,DCE,13:43:44.559#,1653.5,1660.0,1610.0,1806.5,1539.5,11079,32748.0,1621.5,3,1622.0,8,1622.5,3,1623.0,1,1624.0,2,1625.0,8,1625.5,2,1626.0,2,1626.5,1,1627.0,2,1624.0
jm2501,DCE,13:43:44.577#,1653.5,1660.0,1610.0,1806.5,1539.5,11079,32748.0,1621.5,3,1622.0,1,1622.5,7,1623.0,1,1624.0,2,1624.5,1,1625.0,8,1625.5,2,1626.0,2,1626.5,1,1624.0
jm2501,DCE,13:43:44.925#,1653.5,1660.0,1610.0,1806.5,1539.5,11079,32748.0,1621.5,3,1622.0,10,1622.5,3,1623.0,1,1624.0,2,1624.5,1,1625.0,8,1625.5,2,1626.0,2,1626.5,1,1624.0
jm2501,DCE,13:43:45.81#,1653.5,1660.0,1610.0,1806.5,1539.5,11079,32748.0,1621.5,3,1622.0,1,1622.5,10,1623.0,1,1624.0,2,1624.5,1,1625.0,8,1625.5,2,1626.0,2,1626.5,1,1624.0
jm2501,DCE,13:43:45.450#,1653.5,1660.0,1610.0,1806.5,1539.5,11079,32748.0,1621.5,3,1622.0,1,1622.5,10,1623.0,1,1624.0,2,1625.0,2,1625.5,12,1626.0,2,1626.5,1,1627.0,2,1624.0
jm2501,DCE,13:43:45.613#,1653.5,1660.0,1610.0,1806.5,1539.5,11079,32748.0,1621.5,3,1622.0,1,1622.5,12,1623.0,1,1624.0,2,1625.0,2,1625.5,10,1626.0,2,1626.5,1,1627.0,2,1624.0
jm2501,DCE,13:43:45.831#,1653.5,1660.0,1610.0,1806.5,1539.5,11079,32748.0,1621.5,3,1622.0,1,1622.5,3,1623.0,2,1624.0,2,1625.0,2,1625.5,10,1626.0,2,1626.5,1,1627.0,2,1624.0
jm2501,DCE,13:43:46.74#,1653.5,1660.0,1610.0,1806.5,1539.5,11079,32748.0,1621.5,3,1622.0,1,1622.5,12,1623.0,1,1624.0,2,1625.0,2,1625.5,10,1626.0,2,1626.5,1,1627.0,2,1624.0
jm2501,DCE,13:43:46.959#,1653.5,1660.0,1610.0,1806.5,1539.5,11079,32748.0,1621.5,3,1622.0,1,1622.5,12,1623.0,1,1624.0,2,1625.0,3,1625.5,1,1626.0,2,1626.5,1,1627.0,2,1624.0
jm2501,DCE,13:43:47.137#,1653.5,1660.0,1610.0,1806.5,1539.5,11079,32748.0,1621.5,3,1622.0,1,1622.5,12,1623.0,1,1624.0,2,1625.0,4,1625.5,1,1626.0,2,1626.5,1,1627.0,2,1624.0
jm2501,DCE,13:43:48.163#,1653.5,1660.0,1610.0,1806.5,1539.5,11079,32748.0,1621.5,3,1622.0,1,1622.5,12,1623.0,1,1624.0,2,1625.0,6,1625.5,1,1626.0,2,1626.5,1,1627.0,2,1624.0
jm2501,DCE,13:43:48.431#,1653.5,1660.0,1610.0,1806.5,1539.5,11079,32748.0,1621.5,3,1622.0,1,1622.5,10,1623.0,1,1624.0,2,1625.0,6,1625.5,1,1626.0,2,1626.5,1,1627.0,2,1624.0
jm2501,DCE,13:43:48.815#,1653.5,1660.0,1610.0,1806.5,1539.5,11079,32748.0,1621.5,3,1622.0,1,1622.5,12,1623.0,1,1624.0,2,1625.0,6,1625.5,2,1626.0,2,1626.5,1,1627.0,2,1624.0
jm2501,DCE,13:43:48.832#,1653.5,1660.0,1610.0,1806.5,1539.5,11079,32748.0,1621.5,3,1622.0,1,1622.5,12,1623.0,1,1624.0,2,1625.0,6,1625.5,1,1626.0,2,1626.5,1,1627.0,2,1624.0
jm2501,DCE,13:43:49.334#,1653.5,1660.0,1610.0,1806.5,1539.5,11079,32748.0,1621.5,3,1622.0,1,1622.5,12,1623.0,1,1624.0,2,1625.0,6,1625.5,2,1626.0,2,1626.5,1,1627.0,2,1624.0
jm2501,DCE,13:43:49.582#,1653.5,1660.0,1610.0,1806.5,1539.5,11079,32748.0,1621.5,3,1622.0,1,1622.5,12,1623.0,1,1624.0,2,1624.5,1,1625.0,6,1625.5,2,1626.0,2,1626.5,1,1624.0
jm2501,DCE,13:43:50.331#,1653.5,1660.0,1610.0,1806.5,1539.5,11079,32748.0,1621.5,3,1622.0,1,1622.5,12,1623.0,1,1624.0,2,1624.5,1,1625.0,6,1625.5,1,1626.0,2,1626.5,1,1624.0
jm2501,DCE,13:43:50.578#,1653.5,1660.0,1610.0,1806.5,1539.5,11079,32748.0,1621.5,3,1622.0,1,1622.5,12,1623.0,1,1624.0,2,1625.0,6,1625.5,1,1626.0,2,1626.5,1,1627.0,2,1624.0
jm2501,DCE,13:43:53.825#,1653.5,1660.0,1610.0,1806.5,1539.5,11079,32748.0,1621.5,3,1622.0,1,1622.5,12,1623.0,1,1624.0,2,1625.0,5,1625.5,1,1626.0,2,1626.5,1,1627.0,2,1624.0
jm2501,DCE,13:43:54.197#,1653.5,1660.0,1610.0,1806.5,1539.5,11079,32748.0,1621.5,3,1622.0,1,1622.5,12,1623.0,1,1624.0,2,1625.0,3,1625.5,1,1626.0,2,1626.5,1,1627.0,2,1624.0
jm2501,DCE,13:43:54.557#,1653.5,1660.0,1610.0,1806.5,1539.5,11079,32748.0,1621.5,3,1622.0,1,1622.5,12,1623.0,1,1624.0,4,1625.0,2,1625.5,7,1626.0,2,1626.5,1,1627.0,2,1624.0
jm2501,DCE,13:43:54.621#,1653.5,1660.0,1610.0,1806.5,1539.5,11079,32748.0,1621.5,3,1622.0,1,1622.5,12,1623.0,1,1624.0,4,1625.0,2,1625.5,8,1626.0,2,1626.5,1,1627.0,2,1624.0
jm2501,DCE,13:43:55.428#,1653.5,1660.0,1610.0,1806.5,1539.5,11079,32748.0,1621.5,3,1622.0,1,1622.5,12,1623.0,1,1624.0,4,1625.0,3,1625.5,8,1626.0,2,1626.5,1,1627.0,2,1624.0
jm2501,DCE,13:43:55.934#,1653.5,1660.0,1610.0,1806.5,1539.5,11079,32748.0,1621.5,3,1622.0,1,1622.5,12,1623.0,1,1624.0,2,1625.0,3,1625.5,8,1626.0,2,1626.5,1,1627.0,2,1624.0
jm2501,DCE,13:43:56.914#,1653.5,1660.0,1610.0,1806.5,1539.5,11080,32749.0,1621.5,3,1622.0,1,1622.5,9,1623.0,1,1624.0,1,1625.0,3,1625.5,8,1626.0,2,1626.5,1,1627.0,2,1624.0
jm2501,DCE,13:43:57.86#,1653.5,1660.0,1610.0,1806.5,1539.5,11080,32749.0,1621.5,3,1622.0,1,1622.5,5,1623.0,1,1624.0,1,1624.5,1,1625.0,3,1625.5,16,1626.0,2,1626.5,1,1624.0
jm2501,DCE,13:43:57.338#,1653.5,1660.0,1610.0,1806.5,1539.5,11080,32749.0,1621.5,3,1622.0,1,1622.5,5,1623.0,1,1624.0,1,1624.5,1,1625.0,5,1625.5,2,1626.0,2,1626.5,1,1624.0
jm2501,DCE,13:43:57.709#,1653.5,1660.0,1610.0,1806.5,1539.5,11080,32749.0,1621.5,3,1622.0,1,1622.5,5,1623.0,1,1624.0,1,1624.5,1,1625.0,6,1625.5,2,1626.0,2,1626.5,1,1624.0
jm2501,DCE,13:43:57.829#,1653.5,1660.0,1610.0,1806.5,1539.5,11080,32749.0,1621.5,3,1622.0,1,1622.5,5,1623.0,1,1624.0,1,1624.5,1,1625.0,13,1625.5,2,1626.0,2,1626.5,1,1624.0
jm2501,DCE,13:43:58.80#,1653.5,1660.0,1610.0,1806.5,1539.5,11080,32749.0,1621.5,3,1622.0,1,1622.5,5,1623.0,1,1624.0,1,1624.5,1,1625.0,17,1625.5,2,1626.0,2,1626.5,1,1624.0
jm2501,DCE,13:43:59.650#,1653.5,1660.0,1610.0,1806.5,1539.5,11080,32749.0,1621.5,3,1622.0,10,1622.5,3,1623.0,1,1624.0,1,1624.5,3,1625.0,3,1625.5,2,1626.0,2,1626.5,1,1624.0
jm2501,DCE,13:43:59.940#,1653.5,1660.0,1610.0,1806.5,1539.5,11081,32749.0,1621.0,3,1621.5,3,1622.0,10,1622.5,3,1623.0,1,1624.5,3,1625.0,3,1625.5,2,1626.0,2,1626.5,1,1624.0
jm2501,DCE,13:44:00.294#,1653.5,1660.0,1610.0,1806.5,1539.5,11081,32749.0,1621.0,3,1621.5,3,1622.0,10,1622.5,3,1623.0,1,1624.5,4,1625.0,3,1625.5,2,1626.0,2,1626.5,2,1624.0
jm2501,DCE,13:44:00.394#,1653.5,1660.0,1610.0,1806.5,1539.5,11081,32749.0,1621.0,3,1621.5,3,1622.0,10,1622.5,3,1623.0,1,1624.5,4,1625.0,3,1625.5,2,1626.0,1,1626.5,2,1624.0
jm2501,DCE,13:44:00.787#,1653.5,1660.0,1610.0,1806.5,1539.5,11081,32749.0,1621.0,3,1621.5,3,1622.0,10,1622.5,3,1623.0,1,1625.0,3,1625.5,2,1626.0,1,1626.5,2,1627.0,2,1624.0
jm2501,DCE,13:44:01.13#,1653.5,1660.0,1610.0,1806.5,1539.5,11081,32749.0,1621.0,3,1621.5,3,1622.0,8,1622.5,3,1623.0,1,1625.0,4,1625.5,2,1626.0,1,1626.5,2,1627.0,2,1624.0
jm2501,DCE,13:44:01.213#,1653.5,1660.0,1610.0,1806.5,1539.5,11081,32749.0,1621.0,3,1621.5,3,1622.0,7,1622.5,3,1623.0,1,1625.0,4,1625.5,2,1626.0,1,1626.5,2,1627.0,2,1624.0
jm2501,DCE,13:44:02.585#,1653.5,1660.0,1610.0,1806.5,1539.5,11081,32749.0,1621.0,3,1621.5,3,1622.0,7,1622.5,3,1623.0,1,1625.0,5,1625.5,2,1626.0,1,1626.5,2,1627.0,2,1624.0
jm2501,DCE,13:44:03.795#,1653.5,1660.0,1610.0,1806.5,1539.5,11081,32749.0,1621.0,3,1621.5,3,1622.0,6,1622.5,3,1623.0,1,1625.0,5,1625.5,2,1626.0,1,1626.5,2,1627.0,2,1624.0
jm2501,DCE,13:44:04.888#,1653.5,1660.0,1610.0,1806.5,1539.5,11081,32749.0,1621.0,3,1621.5,3,1622.0,5,1622.5,3,1623.0,1,1625.0,5,1625.5,2,1626.0,1,1626.5,2,1627.0,2,1624.0
jm2501,DCE,13:44:05.852#,1653.5,1660.0,1610.0,1806.5,1539.5,11081,32749.0,1621.0,3,1621.5,3,1622.0,4,1622.5,3,1623.0,1,1625.0,5,1625.5,2,1626.0,1,1626.5,2,1627.0,2,1624.0
jm2501,DCE,13:44:06.443#,1653.5,1660.0,1610.0,1806.5,1539.5,11081,32749.0,1621.0,3,1621.5,3,1622.0,4,1622.5,3,1623.0,3,1625.0,5,1625.5,2,1626.0,1,1626.5,2,1627.0,2,1624.0
jm2501,DCE,13:44:06.663#,1653.5,1660.0,1610.0,1806.5,1539.5,11081,32749.0,1621.0,3,1621.5,3,1622.0,10,1622.5,3,1623.0,3,1625.0,5,1625.5,2,1626.0,1,1626.5,2,1627.0,2,1624.0
jm2501,DCE,13:44:06.830#,1653.5,1660.0,1610.0,1806.5,1539.5,11081,32749.0,1621.0,3,1621.5,3,1622.0,10,1622.5,3,1623.0,3,1625.0,4,1625.5,2,1626.0,1,1626.5,2,1627.0,2,1624.0
jm2501,DCE,13:44:07.183#,1653.5,1660.0,1610.0,1806.5,1539.5,11081,32749.0,1621.0,3,1621.5,3,1622.0,10,1622.5,3,1623.0,3,1625.0,5,1625.5,2,1626.0,1,1626.5,2,1627.0,2,1624.0
jm2501,DCE,13:44:07.328#,1653.5,1660.0,1610.0,1806.5,1539.5,11081,32749.0,1621.0,3,1621.5,3,1622.0,10,1622.5,3,1623.0,3,1625.0,4,1625.5,2,1626.0,1,1626.5,2,1627.0,2,1624.0
jm2501,DCE,13:44:07.579#,1653.5,1660.0,1610.0,1806.5,1539.5,11081,32749.0,1621.5,3,1622.0,10,1622.5,3,1623.0,3,1623.5,2,1625.0,4,1625.5,2,1626.0,1,1626.5,2,1627.0,2,1624.0
jm2501,DCE,13:44:08.77#,1653.5,1660.0,1610.0,1806.5,1539.5,11081,32749.0,1621.5,3,1622.0,10,1622.5,3,1623.0,3,1623.5,4,1625.0,11,1625.5,2,1626.0,1,1626.5,2,1627.0,2,1624.0
jm2501,DCE,13:44:08.327#,1653.5,1660.0,1610.0,1806.5,1539.5,11081,32749.0,1621.5,3,1622.0,10,1622.5,3,1623.0,3,1623.5,4,1625.0,7,1625.5,2,1626.0,1,1626.5,2,1627.0,2,1624.0
jm2501,DCE,13:44:08.576#,1653.5,1660.0,1610.0,1806.5,1539.5,11081,32749.0,1621.5,3,1622.0,1,1622.5,4,1623.0,3,1623.5,4,1625.0,6,1625.5,2,1626.0,1,1626.5,2,1627.0,2,1624.0
jm2501,DCE,13:44:09.12#,1653.5,1660.0,1610.0,1806.5,1539.5,11081,32749.0,1621.5,3,1622.0,10,1622.5,3,1623.0,3,1623.5,4,1625.0,6,1625.5,2,1626.0,1,1626.5,2,1627.0,2,1624.0
jm2501,DCE,13:44:09.76#,1653.5,1660.0,1610.0,1806.5,1539.5,11081,32749.0,1621.5,3,1622.0,10,1622.5,3,1623.0,3,1623.5,4,1625.0,6,1625.5,1,1626.0,1,1626.5,2,1627.0,2,1624.0
jm2501,DCE,13:44:09.647#,1653.5,1660.0,1610.0,1806.5,1539.5,11081,32749.0,1621.5,3,1622.0,10,1622.5,3,1623.0,3,1623.5,4,1625.0,5,1625.5,1,1626.0,1,1626.5,2,1627.0,2,1624.0
jm2501,DCE,13:44:09.827#,1653.5,1660.0,1610.0,1806.5,1539.5,11081,32749.0,1621.5,3,1622.0,1,1622.5,6,1623.0,3,1623.5,4,1625.0,12,1625.5,1,1626.0,1,1626.5,2,1627.0,2,1624.0
jm2501,DCE,13:44:10.189#,1653.5,1660.0,1610.0,1806.5,1539.5,11081,32749.0,1621.5,3,1622.0,1,1622.5,4,1623.0,3,1623.5,4,1625.0,13,1625.5,2,1626.0,1,1626.5,2,1627.0,2,1624.0
jm2501,DCE,13:44:10.500#,1653.5,1660.0,1610.0,1806.5,1539.5,11081,32749.0,1621.5,3,1622.0,10,1622.5,2,1623.0,3,1623.5,4,1625.0,3,1625.5,2,1626.0,1,1626.5,2,1627.0,2,1624.0
jm2501,DCE,13:44:12.680#,1653.5,1660.0,1610.0,1806.5,1539.5,11081,32749.0,1621.5,3,1622.0,10,1622.5,2,1623.0,3,1623.5,4,1625.0,4,1625.5,2,1626.0,1,1626.5,2,1627.0,2,1624.0
jm2501,DCE,13:44:13.330#,1653.5,1660.0,1610.0,1806.5,1539.5,11081,32749.0,1621.5,3,1622.0,7,1622.5,2,1623.0,3,1623.5,4,1625.0,4,1625.5,2,1626.0,1,1626.5,2,1627.0,2,1624.0
jm2501,DCE,13:44:13.809#,1653.5,1660.0,1610.0,1806.5,1539.5,11081,32749.0,1621.5,3,1622.0,1,1622.5,3,1623.0,3,1623.5,4,1625.0,14,1625.5,2,1626.0,1,1626.5,2,1627.0,2,1624.0
jm2501,DCE,13:44:13.830#,1653.5,1660.0,1610.0,1806.5,1539.5,11081,32749.0,1621.5,3,1622.0,1,1622.5,4,1623.0,3,1623.5,4,1625.0,14,1625.5,2,1626.0,1,1626.5,2,1627.0,2,1624.0
jm2501,DCE,13:44:14.789#,1653.5,1660.0,1610.0,1806.5,1539.5,11081,32749.0,1621.5,3,1622.0,10,1622.5,2,1623.0,3,1623.5,4,1625.0,14,1625.5,2,1626.0,1,1626.5,2,1627.0,2,1624.0
jm2501,DCE,13:44:14.847#,1653.5,1660.0,1610.0,1806.5,1539.5,11081,32749.0,1621.5,3,1622.0,10,1622.5,2,1623.0,3,1623.5,4,1625.0,13,1625.5,2,1626.0,1,1626.5,2,1627.0,2,1624.0
jm2501,DCE,13:44:15.134#,1653.5,1660.0,1610.0,1806.5,1539.5,11081,32749.0,1621.5,3,1622.0,10,1622.5,2,1623.0,3,1623.5,4,1625.0,16,1625.5,2,1626.0,1,1626.5,2,1627.0,2,1624.0
jm2501,DCE,13:44:16.832#,1653.5,1660.0,1610.0,1806.5,1539.5,11081,32749.0,1622.0,10,1622.5,2,1623.0,3,1623.5,4,1624.0,1,1625.0,16,1625.5,2,1626.0,1,1626.5,2,1627.0,2,1624.0
jm2501,DCE,13:44:17.133#,1653.5,1660.0,1610.0,1806.5,1539.5,11081,32749.0,1622.0,1,1622.5,3,1623.0,3,1623.5,2,1624.0,1,1625.0,16,1625.5,2,1626.0,1,1626.5,2,1627.0,2,1624.0
jm2501,DCE,13:44:17.334#,1653.5,1660.0,1610.0,1806.5,1539.5,11081,32749.0,1622.0,10,1622.5,2,1623.0,3,1623.5,2,1624.0,1,1625.0,16,1625.5,2,1626.0,1,1626.5,2,1627.0,2,1624.0
jm2501,DCE,13:44:17.581#,1653.5,1660.0,1610.0,1806.5,1539.5,11081,32749.0,1622.0,1,1622.5,11,1623.0,3,1623.5,2,1624.0,1,1625.0,16,1625.5,2,1626.0,1,1626.5,2,1627.0,2,1624.0
jm2501,DCE,13:44:17.836#,1653.5,1660.0,1610.0,1806.5,1539.5,11081,32749.0,1622.0,10,1622.5,2,1623.0,3,1623.5,2,1624.0,1,1625.0,9,1625.5,2,1626.0,1,1626.5,2,1627.0,2,1624.0
jm2501,DCE,13:44:18.85#,1653.5,1660.0,1610.0,1806.5,1539.5,11081,32749.0,1622.0,1,1622.5,5,1623.0,3,1623.5,2,1624.0,1,1625.0,9,1625.5,2,1626.0,1,1626.5,2,1627.0,2,1624.0
jm2501,DCE,13:44:18.333#,1653.5,1660.0,1610.0,1806.5,1539.5,11081,32749.0,1622.0,10,1622.5,2,1623.0,3,1623.5,2,1624.0,1,1625.0,9,1625.5,2,1626.0,1,1626.5,2,1627.0,2,1624.0
jm2501,DCE,13:44:18.742#,1653.5,1660.0,1610.0,1806.5,1539.5,11081,32749.0,1622.0,1,1622.5,11,1623.0,3,1623.5,2,1624.0,1,1625.0,10,1625.5,2,1626.0,1,1626.5,2,1627.0,2,1624.0
jm2501,DCE,13:44:18.829#,1653.5,1660.0,1610.0,1806.5,1539.5,11081,32749.0,1622.0,1,1622.5,9,1623.0,3,1623.5,2,1624.0,1,1625.0,10,1625.5,2,1626.0,1,1626.5,2,1627.0,2,1624.0
jm2501,DCE,13:44:19.243#,1653.5,1660.0,1610.0,1806.5,1539.5,11081,32749.0,1622.0,1,1622.5,4,1623.0,3,1623.5,2,1624.0,1,1625.0,10,1625.5,2,1626.0,1,1626.5,2,1627.0,2,1624.0
jm2501,DCE,13:44:19.338#,1653.5,1660.0,1610.0,1806.5,1539.5,11081,32749.0,1622.0,10,1622.5,2,1623.0,3,1623.5,2,1624.0,1,1625.0,10,1625.5,2,1626.0,1,1626.5,2,1627.0,2,1624.0
jm2501,DCE,13:44:19.698#,1653.5,1660.0,1610.0,1806.5,1539.5,11081,32749.0,1622.0,1,1622.5,11,1623.0,3,1623.5,2,1624.0,1,1625.0,10,1625.5,2,1626.0,1,1626.5,2,1627.0,2,1624.0
jm2501,DCE,13:44:19.827#,1653.5,1660.0,1610.0,1806.5,1539.5,11081,32749.0,1622.0,1,1622.5,5,1623.0,3,1623.5,2,1624.0,1,1625.0,10,1625.5,2,1626.0,1,1626.5,2,1627.0,2,1624.0
jm2501,DCE,13:44:20.279#,1653.5,1660.0,1610.0,1806.5,1539.5,11081,32749.0,1622.0,1,1622.5,3,1623.0,3,1623.5,2,1624.0,1,1625.0,10,1625.5,2,1626.0,1,1626.5,2,1627.0,2,1624.0
jm2501,DCE,13:44:21.115#,1653.5,1660.0,1610.0,1806.5,1539.5,11081,32749.0,1622.0,10,1622.5,2,1623.0,3,1623.5,2,1624.0,1,1625.0,10,1625.5,2,1626.0,1,1626.5,2,1627.0,2,1624.0
jm2501,DCE,13:44:21.438#,1653.5,1660.0,1610.0,1806.5,1539.5,11081,32749.0,1622.0,4,1622.5,2,1623.0,3,1623.5,2,1624.0,1,1625.0,10,1625.5,2,1626.0,1,1626.5,2,1627.0,2,1624.0
jm2501,DCE,13:44:21.582#,1653.5,1660.0,1610.0,1806.5,1539.5,11081,32749.0,1622.0,9,1622.5,2,1623.0,3,1623.5,2,1624.0,1,1625.0,3,1625.5,2,1626.0,1,1626.5,2,1627.0,2,1624.0
jm2501,DCE,13:44:21.832#,1653.5,1660.0,1610.0,1806.5,1539.5,11081,32749.0,1622.0,9,1622.5,2,1623.0,3,1623.5,2,1624.0,1,1625.0,12,1625.5,2,1626.0,1,1626.5,2,1627.0,2,1624.0
jm2501,DCE,13:44:22.464#,1653.5,1660.0,1610.0,1806.5,1539.5,11081,32749.0,1622.0,9,1622.5,2,1623.0,3,1623.5,2,1624.0,1,1625.0,3,1625.5,2,1626.0,1,1626.5,2,1627.0,2,1624.0
jm2501,DCE,13:44:22.689#,1653.5,1660.0,1610.0,1806.5,1539.5,11081,32749.0,1622.0,7,1622.5,2,1623.0,3,1623.5,2,1624.0,1,1625.0,3,1625.5,2,1626.0,1,1626.5,2,1627.0,2,1624.0
jm2501,DCE,13:44:22.827#,1653.5,1660.0,1610.0,1806.5,1539.5,11081,32749.0,1622.0,10,1622.5,2,1623.0,3,1623.5,2,1624.0,1,1625.0,3,1625.5,2,1626.0,1,1626.5,2,1627.0,2,1624.0
jm2501,DCE,13:44:23.351#,1653.5,1660.0,1610.0,1806.5,1539.5,11081,32749.0,1622.0,10,1622.5,2,1623.0,3,1623.5,2,1624.0,2,1625.0,3,1625.5,2,1626.0,1,1626.5,2,1627.0,2,1624.0
jm2501,DCE,13:44:24.565#,1653.5,1660.0,1610.0,1806.5,1539.5,11082,32749.0,1622.0,10,1622.5,2,1623.0,3,1623.5,2,1624.0,1,1625.0,3,1625.5,2,1626.0,1,1626.5,2,1627.0,2,1624.0
jm2501,DCE,13:44:25.850#,1653.5,1660.0,1610.0,1806.5,1539.5,11082,32749.0,1622.0,8,1622.5,2,1623.0,3,1623.5,2,1624.0,1,1625.0,3,1625.5,2,1626.0,1,1626.5,2,1627.0,2,1624.0
jm2501,DCE,13:44:26.81#,1653.5,1660.0,1610.0,1806.5,1539.5,11082,32749.0,1622.0,10,1622.5,2,1623.0,3,1623.5,2,1624.0,1,1625.0,3,1625.5,2,1626.0,1,1626.5,2,1627.0,2,1624.0
jm2501,DCE,13:44:27.65#,1653.5,1660.0,1610.0,1806.5,1539.5,11082,32749.0,1621.5,3,1622.0,2,1622.5,2,1623.0,3,1623.5,2,1625.0,3,1625.5,2,1626.0,1,1626.5,2,1627.0,2,1624.0
jm2501,DCE,13:44:27.77#,1653.5,1660.0,1610.0,1806.5,1539.5,11082,32749.0,1621.0,1,1621.5,12,1622.0,1,1622.5,2,1623.0,3,1625.0,4,1625.5,2,1626.0,1,1626.5,2,1627.0,2,1624.0
jm2501,DCE,13:44:27.327#,1653.5,1660.0,1610.0,1806.5,1539.5,11082,32749.0,1621.5,3,1622.0,9,1622.5,2,1623.0,3,1623.5,2,1625.0,3,1625.5,2,1626.0,1,1626.5,2,1627.0,2,1624.0
jm2501,DCE,13:44:27.726#,1653.5,1660.0,1610.0,1806.5,1539.5,11082,32749.0,1621.5,3,1622.0,10,1622.5,2,1623.0,3,1623.5,2,1625.0,3,1625.5,2,1626.0,1,1626.5,2,1627.0,2,1624.0
jm2501,DCE,13:44:27.829#,1653.5,1660.0,1610.0,1806.5,1539.5,11082,32749.0,1621.5,3,1622.0,10,1622.5,2,1623.0,3,1623.5,4,1625.0,10,1625.5,2,1626.0,1,1626.5,2,1627.0,2,1624.0
jm2501,DCE,13:44:28.565#,1653.5,1660.0,1610.0,1806.5,1539.5,11082,32749.0,1621.5,3,1622.0,10,1622.5,2,1623.0,3,1623.5,4,1625.0,19,1625.5,2,1626.0,1,1626.5,2,1627.0,2,1624.0
jm2501,DCE,13:44:28.605#,1653.5,1660.0,1610.0,1806.5,1539.5,11082,32749.0,1621.5,3,1622.0,10,1622.5,2,1623.0,3,1623.5,2,1625.0,4,1625.5,2,1626.0,1,1626.5,2,1627.0,2,1624.0
jm2501,DCE,13:44:29.243#,1653.5,1660.0,1610.0,1806.5,1539.5,11082,32749.0,1621.5,3,1622.0,9,1622.5,2,1623.0,3,1623.5,2,1625.0,4,1625.5,2,1626.0,1,1626.5,2,1627.0,2,1624.0
jm2501,DCE,13:44:30.126#,1653.5,1660.0,1610.0,1806.5,1539.5,11082,32749.0,1621.5,3,1622.0,10,1622.5,2,1623.0,3,1623.5,2,1625.0,4,1625.5,2,1626.0,1,1626.5,2,1627.0,2,1624.0
jm2501,DCE,13:44:30.332#,1653.5,1660.0,1610.0,1806.5,1539.5,11082,32749.0,1621.5,3,1622.0,10,1622.5,2,1623.0,3,1623.5,2,1625.0,3,1625.5,2,1626.0,1,1626.5,2,1627.0,2,1624.0
jm2501,DCE,13:44:30.574#,1653.5,1660.0,1610.0,1806.5,1539.5,11082,32749.0,1621.5,3,1622.0,10,1622.5,2,1623.0,3,1623.5,2,1625.0,19,1625.5,2,1626.0,1,1626.5,2,1627.0,2,1624.0
jm2501,DCE,13:44:31.196#,1653.5,1660.0,1610.0,1806.5,1539.5,11082,32749.0,1621.5,3,1622.0,10,1622.5,2,1623.0,3,1623.5,2,1625.0,3,1625.5,2,1626.0,1,1626.5,2,1627.0,2,1624.0
jm2501,DCE,13:44:32.936#,1653.5,1660.0,1610.0,1806.5,1539.5,11082,32749.0,1621.5,3,1622.0,10,1622.5,2,1623.0,3,1623.5,2,1625.0,19,1625.5,2,1626.0,1,1626.5,2,1627.0,2,1624.0
jm2501,DCE,13:44:35.33#,1653.5,1660.0,1610.0,1806.5,1539.5,11082,32749.0,1621.5,3,1622.0,10,1622.5,2,1623.0,2,1623.5,2,1625.0,19,1625.5,2,1626.0,1,1626.5,2,1627.0,2,1624.0
jm2501,DCE,13:44:35.512#,1653.5,1660.0,1610.0,1806.5,1539.5,11082,32749.0,1621.5,3,1622.0,1,1622.5,3,1623.0,2,1623.5,2,1625.0,19,1625.5,2,1626.0,1,1626.5,2,1627.0,2,1624.0
jm2501,DCE,13:44:35.703#,1653.5,1660.0,1610.0,1806.5,1539.5,11082,32749.0,1621.5,3,1622.0,1,1622.5,5,1623.0,2,1623.5,2,1625.0,19,1625.5,2,1626.0,1,1626.5,2,1627.0,2,1624.0
jm2501,DCE,13:44:36.177#,1653.5,1660.0,1610.0,1806.5,1539.5,11082,32749.0,1621.5,3,1622.0,1,1622.5,5,1623.0,2,1623.5,3,1625.0,19,1625.5,2,1626.0,1,1626.5,2,1627.0,2,1624.0
jm2501,DCE,13:44:37.164#,1653.5,1660.0,1610.0,1806.5,1539.5,11082,32749.0,1621.5,3,1622.0,1,1622.5,4,1623.0,2,1623.5,3,1625.0,19,1625.5,2,1626.0,1,1626.5,2,1627.0,2,1624.0
jm2501,DCE,13:44:37.483#,1653.5,1660.0,1610.0,1806.5,1539.5,11082,32749.0,1621.5,3,1622.0,1,1622.5,3,1623.0,2,1623.5,3,1625.0,19,1625.5,2,1626.0,1,1626.5,2,1627.0,2,1624.0
jm2501,DCE,13:44:38.631#,1653.5,1660.0,1610.0,1806.5,1539.5,11082,32749.0,1621.5,3,1622.0,1,1622.5,4,1623.0,2,1623.5,3,1625.0,19,1625.5,2,1626.0,1,1626.5,2,1627.0,2,1624.0
jm2501,DCE,13:44:40.126#,1653.5,1660.0,1610.0,1806.5,1539.5,11082,32749.0,1621.5,3,1622.0,1,1622.5,3,1623.0,2,1623.5,3,1625.0,19,1625.5,2,1626.0,1,1626.5,2,1627.0,2,1624.0
jm2501,DCE,13:44:42.91#,1653.5,1660.0,1610.0,1806.5,1539.5,11082,32749.0,1621.5,3,1622.0,10,1622.5,2,1623.0,2,1623.5,3,1625.0,19,1625.5,2,1626.0,1,1626.5,2,1627.0,2,1624.0
jm2501,DCE,13:44:43.428#,1653.5,1660.0,1610.0,1806.5,1539.5,11082,32749.0,1621.5,3,1622.0,10,1622.5,2,1623.0,2,1623.5,3,1625.0,15,1625.5,2,1626.0,1,1626.5,2,1627.0,2,1624.0
jm2501,DCE,13:44:43.721#,1653.5,1660.0,1610.0,1806.5,1539.5,11082,32749.0,1621.5,3,1622.0,1,1622.5,4,1623.0,2,1623.5,3,1625.0,15,1625.5,2,1626.0,1,1626.5,2,1627.0,2,1624.0
jm2501,DCE,13:44:44.305#,1653.5,1660.0,1610.0,1806.5,1539.5,11082,32749.0,1621.5,3,1622.0,1,1622.5,5,1623.0,2,1623.5,3,1625.0,15,1625.5,2,1626.0,1,1626.5,2,1627.0,2,1624.0
jm2501,DCE,13:44:44.807#,1653.5,1660.0,1610.0,1806.5,1539.5,11082,32749.0,1621.5,3,1622.0,1,1622.5,7,1623.0,2,1623.5,3,1625.0,15,1625.5,2,1626.0,1,1626.5,2,1627.0,2,1624.0
jm2501,DCE,13:44:44.832#,1653.5,1660.0,1610.0,1806.5,1539.5,11082,32749.0,1621.5,3,1622.0,1,1622.5,7,1623.0,2,1623.5,3,1625.0,3,1625.5,15,1626.0,1,1626.5,2,1627.0,2,1624.0
jm2501,DCE,13:44:45.79#,1653.5,1660.0,1610.0,1806.5,1539.5,11082,32749.0,1621.5,3,1622.0,1,1622.5,11,1623.0,2,1623.5,3,1625.0,3,1625.5,7,1626.0,1,1626.5,2,1627.0,2,1624.0
jm2501,DCE,13:44:45.331#,1653.5,1660.0,1610.0,1806.5,1539.5,11082,32749.0,1621.5,3,1622.0,1,1622.5,2,1623.0,11,1623.5,3,1625.0,3,1625.5,4,1626.5,2,1627.0,2,1627.5,1,1624.0
jm2501,DCE,13:44:45.832#,1653.5,1660.0,1610.0,1806.5,1539.5,11082,32749.0,1621.5,3,1622.0,1,1622.5,2,1623.0,11,1623.5,3,1625.0,3,1625.5,6,1626.5,2,1627.0,2,1627.5,1,1624.0
jm2501,DCE,13:44:46.85#,1653.5,1660.0,1610.0,1806.5,1539.5,11082,32749.0,1621.5,3,1622.0,1,1622.5,2,1623.0,11,1623.5,3,1625.0,3,1625.5,6,1626.0,1,1626.5,2,1627.0,2,1624.0
jm2501,DCE,13:44:46.743#,1653.5,1660.0,1610.0,1806.5,1539.5,11082,32749.0,1621.5,3,1622.0,1,1622.5,2,1623.0,10,1623.5,3,1625.0,3,1625.5,6,1626.0,1,1626.5,2,1627.0,2,1624.0
jm2501,DCE,13:44:46.954#,1653.5,1660.0,1610.0,1806.5,1539.5,11082,32749.0,1621.5,3,1622.0,1,1622.5,2,1623.0,8,1623.5,3,1625.0,3,1625.5,6,1626.0,1,1626.5,2,1627.0,2,1624.0
jm2501,DCE,13:44:50.53#,1653.5,1660.0,1610.0,1806.5,1539.5,11082,32749.0,1621.5,3,1622.0,1,1622.5,2,1623.0,7,1623.5,3,1625.0,3,1625.5,1,1626.0,9,1626.5,2,1627.0,2,1624.0
jm2501,DCE,13:44:50.270#,1653.5,1660.0,1610.0,1806.5,1539.5,11082,32749.0,1621.5,3,1622.0,1,1622.5,2,1623.0,11,1623.5,3,1625.0,3,1625.5,1,1626.0,16,1626.5,2,1627.0,2,1624.0
jm2501,DCE,13:44:50.329#,1653.5,1660.0,1610.0,1806.5,1539.5,11082,32749.0,1621.5,3,1622.0,1,1622.5,2,1623.0,4,1623.5,3,1625.0,3,1625.5,3,1626.0,1,1626.5,2,1627.0,2,1624.0
jm2501,DCE,13:44:50.617#,1653.5,1660.0,1610.0,1806.5,1539.5,11082,32749.0,1621.5,3,1622.0,1,1622.5,9,1623.0,2,1623.5,3,1625.0,3,1625.5,14,1626.0,1,1626.5,2,1627.0,2,1624.0
jm2501,DCE,13:44:51.576#,1653.5,1660.0,1610.0,1806.5,1539.5,11082,32749.0,1621.5,3,1622.0,1,1622.5,6,1623.0,2,1623.5,3,1625.0,3,1625.5,14,1626.0,1,1626.5,2,1627.0,2,1624.0
jm2501,DCE,13:44:51.968#,1653.5,1660.0,1610.0,1806.5,1539.5,11082,32749.0,1621.5,3,1622.0,1,1622.5,11,1623.0,2,1623.5,3,1625.0,4,1625.5,2,1626.0,1,1626.5,2,1627.0,2,1624.0
jm2501,DCE,13:44:52.78#,1653.5,1660.0,1610.0,1806.5,1539.5,11082,32749.0,1621.5,3,1622.0,1,1622.5,11,1623.0,2,1623.5,3,1625.0,3,1625.5,14,1626.0,1,1626.5,2,1627.0,2,1624.0
jm2501,DCE,13:44:55.13#,1653.5,1660.0,1610.0,1806.5,1539.5,11082,32749.0,1621.5,3,1622.0,1,1622.5,11,1623.0,2,1623.5,3,1625.0,3,1625.5,13,1626.0,1,1626.5,2,1627.0,2,1624.0
jm2501,DCE,13:44:55.548#,1653.5,1660.0,1610.0,1806.5,1539.5,11082,32749.0,1621.5,3,1622.0,1,1622.5,11,1623.0,2,1623.5,3,1625.0,4,1625.5,1,1626.0,1,1626.5,2,1627.0,2,1624.0
jm2501,DCE,13:44:59.262#,1653.5,1660.0,1610.0,1806.5,1539.5,11082,32749.0,1621.5,3,1622.0,1,1622.5,2,1623.0,6,1623.5,3,1625.0,3,1625.5,14,1626.0,1,1626.5,2,1627.0,2,1624.0
jm2501,DCE,13:44:59.325#,1653.5,1660.0,1610.0,1806.5,1539.5,11082,32749.0,1621.5,3,1622.0,1,1622.5,2,1623.0,5,1623.5,3,1625.0,3,1625.5,14,1626.0,1,1626.5,2,1627.0,2,1624.0
jm2501,DCE,13:44:59.713#,1653.5,1660.0,1610.0,1806.5,1539.5,11082,32749.0,1621.5,3,1622.0,1,1622.5,11,1623.0,2,1623.5,3,1625.0,4,1625.5,1,1626.0,1,1626.5,2,1627.0,2,1624.0
jm2501,DCE,13:44:59.831#,1653.5,1660.0,1610.0,1806.5,1539.5,11082,32749.0,1621.5,3,1622.0,1,1622.5,11,1623.0,2,1623.5,3,1625.0,4,1625.5,2,1626.0,1,1626.5,2,1627.0,2,1624.0
jm2501,DCE,13:45:00.776#,1653.5,1660.0,1610.0,1806.5,1539.5,11082,32749.0,1621.5,3,1622.0,1,1622.5,11,1623.0,2,1623.5,3,1625.0,5,1625.5,2,1626.0,1,1626.5,2,1627.0,2,1624.0
jm2501,DCE,13:45:00.836#,1653.5,1660.0,1610.0,1806.5,1539.5,11082,32749.0,1621.5,3,1622.0,1,1622.5,7,1623.0,2,1623.5,3,1625.0,5,1625.5,2,1626.0,1,1626.5,2,1627.0,2,1624.0
jm2501,DCE,13:45:01.75#,1653.5,1660.0,1610.0,1806.5,1539.5,11082,32749.0,1621.5,3,1622.0,1,1622.5,4,1623.0,2,1623.5,3,1625.0,5,1625.5,2,1626.0,1,1626.5,2,1627.0,2,1624.0
jm2501,DCE,13:45:01.888#,1653.5,1660.0,1610.0,1806.5,1539.5,11082,32749.0,1621.5,3,1622.0,1,1622.5,4,1623.0,2,1623.5,3,1625.0,3,1625.5,16,1626.0,1,1626.5,2,1627.0,2,1624.0
jm2501,DCE,13:45:02.166#,1653.5,1660.0,1610.0,1806.5,1539.5,11082,32749.0,1621.5,3,1622.0,1,1622.5,2,1623.0,3,1623.5,3,1625.0,3,1625.5,16,1626.0,1,1626.5,2,1627.0,2,1624.0
jm2501,DCE,13:45:02.334#,1653.5,1660.0,1610.0,1806.5,1539.5,11082,32749.0,1621.5,3,1622.0,1,1622.5,11,1623.0,2,1623.5,3,1625.0,4,1625.5,2,1626.0,1,1626.5,2,1627.0,2,1624.0
jm2501,DCE,13:45:02.582#,1653.5,1660.0,1610.0,1806.5,1539.5,11082,32749.0,1621.5,3,1622.0,1,1622.5,4,1623.0,2,1623.5,3,1625.0,4,1625.5,2,1626.0,1,1626.5,2,1627.0,2,1624.0
jm2501,DCE,13:45:02.834#,1653.5,1660.0,1610.0,1806.5,1539.5,11082,32749.0,1621.5,3,1622.0,1,1622.5,7,1623.0,2,1623.5,3,1625.0,3,1625.5,16,1626.0,1,1626.5,2,1627.0,2,1624.0
jm2501,DCE,13:45:03.85#,1653.5,1660.0,1610.0,1806.5,1539.5,11082,32749.0,1621.5,3,1622.0,1,1622.5,11,1623.0,2,1623.5,3,1625.0,3,1625.5,16,1626.0,1,1626.5,2,1627.0,2,1624.0
jm2501,DCE,13:45:04.264#,1653.5,1660.0,1610.0,1806.5,1539.5,11082,32749.0,1621.5,3,1622.0,1,1622.5,11,1623.0,2,1623.5,3,1625.0,3,1625.5,15,1626.0,1,1626.5,2,1627.0,2,1624.0
jm2501,DCE,13:45:08.928#,1653.5,1660.0,1610.0,1806.5,1539.5,11083,32750.0,1621.5,3,1622.0,1,1622.5,11,1623.0,2,1623.5,3,1625.0,2,1625.5,15,1626.0,1,1626.5,2,1627.0,2,1625.0
jm2501,DCE,13:45:10.442#,1653.5,1660.0,1610.0,1806.5,1539.5,11083,32750.0,1621.5,3,1622.0,1,1622.5,11,1623.0,2,1623.5,3,1625.0,2,1625.5,14,1626.0,1,1626.5,2,1627.0,2,1625.0
jm2501,DCE,13:45:11.22#,1653.5,1660.0,1610.0,1806.5,1539.5,11083,32750.0,1621.5,3,1622.0,1,1622.5,11,1623.0,2,1623.5,3,1625.0,2,1625.5,15,1626.0,1,1626.5,2,1627.0,2,1625.0
jm2501,DCE,13:45:11.748#,1653.5,1660.0,1610.0,1806.5,1539.5,11083,32750.0,1621.5,3,1622.0,1,1622.5,11,1623.0,2,1623.5,3,1625.0,2,1625.5,18,1626.0,1,1626.5,2,1627.0,2,1625.0
jm2501,DCE,13:45:11.879#,1653.5,1660.0,1610.0,1806.5,1539.5,11083,32750.0,1621.5,3,1622.0,1,1622.5,11,1623.0,2,1623.5,3,1625.0,8,1625.5,2,1626.0,1,1626.5,2,1627.0,2,1625.0
jm2501,DCE,13:45:12.319#,1653.5,1660.0,1610.0,1806.5,1539.5,11083,32750.0,1621.5,3,1622.0,1,1622.5,6,1623.0,2,1623.5,3,1625.0,6,1625.5,2,1626.0,1,1626.5,2,1627.0,2,1625.0
jm2501,DCE,13:45:12.829#,1653.5,1660.0,1610.0,1806.5,1539.5,11083,32750.0,1621.5,3,1622.0,1,1622.5,6,1623.0,2,1623.5,3,1625.0,8,1625.5,2,1626.0,1,1626.5,2,1627.0,2,1625.0
jm2501,DCE,13:45:13.82#,1653.5,1660.0,1610.0,1806.5,1539.5,11083,32750.0,1621.5,3,1622.0,1,1622.5,5,1623.0,2,1623.5,3,1625.0,16,1625.5,2,1626.0,1,1626.5,2,1627.0,2,1625.0
jm2501,DCE,13:45:13.330#,1653.5,1660.0,1610.0,1806.5,1539.5,11083,32750.0,1621.5,3,1622.0,1,1622.5,3,1623.0,2,1623.5,3,1625.0,16,1625.5,2,1626.0,1,1626.5,2,1627.0,2,1625.0
jm2501,DCE,13:45:13.694#,1653.5,1660.0,1610.0,1806.5,1539.5,11083,32750.0,1621.5,3,1622.0,10,1622.5,2,1623.0,2,1623.5,3,1625.0,17,1625.5,2,1626.0,1,1626.5,2,1627.0,2,1625.0
jm2501,DCE,13:45:15.574#,1653.5,1660.0,1610.0,1806.5,1539.5,11083,32750.0,1621.5,3,1622.0,10,1622.5,2,1623.0,2,1623.5,3,1625.0,3,1625.5,2,1626.0,1,1626.5,2,1627.0,2,1625.0
jm2501,DCE,13:45:18.330#,1653.5,1660.0,1610.0,1806.5,1539.5,11083,32750.0,1621.5,3,1622.0,10,1622.5,2,1623.0,2,1623.5,3,1625.0,13,1625.5,2,1626.0,1,1626.5,2,1627.0,2,1625.0
jm2501,DCE,13:45:18.579#,1653.5,1660.0,1610.0,1806.5,1539.5,11083,32750.0,1621.5,3,1622.0,10,1622.5,2,1623.0,2,1623.5,3,1625.0,12,1625.5,2,1626.0,1,1626.5,2,1627.0,2,1625.0
jm2501,DCE,13:45:19.825#,1653.5,1660.0,1610.0,1806.5,1539.5,11083,32750.0,1621.5,3,1622.0,10,1622.5,2,1623.0,2,1623.5,3,1625.0,6,1625.5,2,1626.0,1,1626.5,2,1627.0,2,1625.0
jm2501,DCE,13:45:20.91#,1653.5,1660.0,1610.0,1806.5,1539.5,11083,32750.0,1621.5,3,1622.0,10,1622.5,2,1623.0,2,1623.5,3,1625.0,10,1625.5,2,1626.0,1,1626.5,2,1627.0,2,1625.0
jm2501,DCE,13:45:20.341#,1653.5,1660.0,1610.0,1806.5,1539.5,11083,32750.0,1621.5,3,1622.0,10,1622.5,2,1623.0,2,1623.5,3,1625.0,2,1625.5,2,1626.0,1,1626.5,2,1627.0,2,1625.0
jm2501,DCE,13:45:20.596#,1653.5,1660.0,1610.0,1806.5,1539.5,11083,32750.0,1621.5,3,1622.0,10,1622.5,2,1623.0,2,1623.5,3,1625.0,3,1625.5,2,1626.0,1,1626.5,2,1627.0,2,1625.0
jm2501,DCE,13:45:21.832#,1653.5,1660.0,1610.0,1806.5,1539.5,11083,32750.0,1621.5,12,1622.0,1,1622.5,2,1623.0,2,1623.5,3,1624.5,1,1625.0,3,1625.5,2,1626.0,1,1626.5,2,1625.0
jm2501,DCE,13:45:22.306#,1653.5,1660.0,1610.0,1806.5,1539.5,11083,32750.0,1621.5,9,1622.0,1,1622.5,2,1623.0,2,1623.5,3,1624.5,2,1625.0,3,1625.5,2,1626.0,1,1626.5,2,1625.0
jm2501,DCE,13:45:23.674#,1653.5,1660.0,1610.0,1806.5,1539.5,11083,32750.0,1621.5,9,1622.0,1,1622.5,2,1623.0,2,1623.5,3,1624.5,1,1625.0,3,1625.5,2,1626.0,1,1626.5,2,1625.0
jm2501,DCE,13:45:24.745#,1653.5,1660.0,1610.0,1806.5,1539.5,11083,32750.0,1621.5,10,1622.0,1,1622.5,2,1623.0,2,1623.5,3,1624.5,1,1625.0,3,1625.5,2,1626.0,1,1626.5,2,1625.0
jm2501,DCE,13:45:29.619#,1653.5,1660.0,1610.0,1806.5,1539.5,11083,32750.0,1621.5,9,1622.0,1,1622.5,2,1623.0,2,1623.5,3,1624.5,1,1625.0,3,1625.5,2,1626.0,1,1626.5,2,1625.0
jm2501,DCE,13:45:30.79#,1653.5,1660.0,1610.0,1806.5,1539.5,11083,32750.0,1621.5,10,1622.0,1,1622.5,2,1623.0,2,1623.5,3,1624.5,1,1625.0,3,1625.5,2,1626.0,1,1626.5,2,1625.0
jm2501,DCE,13:45:31.238#,1653.5,1660.0,1610.0,1806.5,1539.5,11083,32750.0,1621.5,5,1622.0,1,1622.5,2,1623.0,2,1623.5,3,1624.5,1,1625.0,3,1625.5,2,1626.0,1,1626.5,2,1625.0
jm2501,DCE,13:45:31.943#,1653.5,1660.0,1610.0,1806.5,1539.5,11083,32750.0,1621.5,4,1622.0,1,1622.5,2,1623.0,2,1623.5,3,1624.5,1,1625.0,3,1625.5,2,1626.0,1,1626.5,2,1625.0
jm2501,DCE,13:45:32.75#,1653.5,1660.0,1610.0,1806.5,1539.5,11085,32752.0,1621.0,10,1621.5,4,1622.0,1,1622.5,2,1623.5,1,1624.5,2,1625.0,3,1625.5,2,1626.0,1,1626.5,2,1623.5
jm2501,DCE,13:45:32.620#,1653.5,1660.0,1610.0,1806.5,1539.5,11085,32752.0,1621.0,9,1621.5,4,1622.0,1,1622.5,2,1623.5,1,1624.5,2,1625.0,3,1625.5,2,1626.0,1,1626.5,2,1623.5
jm2501,DCE,13:45:33.266#,1653.5,1660.0,1610.0,1806.5,1539.5,11086,32753.0,1620.0,5,1621.0,9,1621.5,4,1622.0,1,1622.5,2,1624.5,2,1625.0,3,1625.5,2,1626.0,1,1626.5,2,1623.5
jm2501,DCE,13:45:33.342#,1653.5,1660.0,1610.0,1806.5,1539.5,11086,32753.0,1619.5,2,1620.0,5,1621.0,9,1621.5,4,1622.0,1,1624.0,16,1624.5,2,1625.0,3,1625.5,2,1626.0,1,1623.5
jm2501,DCE,13:45:33.785#,1653.5,1660.0,1610.0,1806.5,1539.5,11086,32753.0,1619.5,2,1620.0,5,1621.0,9,1621.5,3,1622.0,1,1624.0,16,1624.5,2,1625.0,3,1625.5,2,1626.0,1,1623.5
jm2501,DCE,13:45:34.962#,1653.5,1660.0,1610.0,1806.5,1539.5,11086,32753.0,1619.5,2,1620.0,5,1621.0,9,1621.5,3,1622.0,3,1624.0,16,1624.5,2,1625.0,3,1625.5,2,1626.0,1,1623.5
jm2501,DCE,13:45:35.942#,1653.5,1660.0,1610.0,1806.5,1539.5,11086,32753.0,1619.5,2,1620.0,5,1621.0,9,1621.5,3,1622.0,1,1624.0,16,1624.5,2,1625.0,3,1625.5,2,1626.0,1,1623.5
jm2501,DCE,13:45:36.719#,1653.5,1660.0,1610.0,1806.5,1539.5,11086,32753.0,1619.5,2,1620.0,5,1621.0,9,1621.5,3,1622.0,1,1624.0,17,1624.5,2,1625.0,3,1625.5,2,1626.0,1,1623.5
jm2501,DCE,13:45:37.31#,1653.5,1660.0,1610.0,1806.5,1539.5,11086,32753.0,1619.5,2,1620.0,5,1621.0,9,1621.5,3,1622.0,1,1624.0,1,1624.5,2,1625.0,3,1625.5,2,1626.0,1,1623.5
jm2501,DCE,13:45:37.211#,1653.5,1660.0,1610.0,1806.5,1539.5,11086,32753.0,1619.5,2,1620.0,5,1621.0,9,1621.5,3,1622.0,1,1624.0,2,1624.5,2,1625.0,3,1625.5,2,1626.0,1,1623.5
jm2501,DCE,13:45:37.565#,1653.5,1660.0,1610.0,1806.5,1539.5,11086,32753.0,1619.0,1,1619.5,2,1620.0,5,1621.5,5,1622.0,1,1624.0,17,1624.5,2,1625.0,3,1625.5,2,1626.0,1,1623.5
jm2501,DCE,13:45:37.694#,1653.5,1660.0,1610.0,1806.5,1539.5,11086,32753.0,1619.0,1,1619.5,2,1620.0,5,1621.5,4,1622.0,1,1624.0,16,1624.5,2,1625.0,3,1625.5,2,1626.0,1,1623.5
jm2501,DCE,13:45:37.834#,1653.5,1660.0,1610.0,1806.5,1539.5,11086,32753.0,1619.5,2,1620.0,5,1621.0,9,1621.5,3,1622.0,1,1624.0,17,1624.5,2,1625.0,3,1625.5,2,1626.0,1,1623.5
jm2501,DCE,13:45:38.240#,1653.5,1660.0,1610.0,1806.5,1539.5,11086,32753.0,1619.5,2,1620.0,5,1621.0,9,1621.5,3,1622.0,1,1624.0,16,1624.5,2,1625.0,3,1625.5,2,1626.0,1,1623.5
jm2501,DCE,13:45:39.431#,1653.5,1660.0,1610.0,1806.5,1539.5,11086,32753.0,1619.5,2,1620.0,5,1621.0,9,1621.5,2,1622.0,1,1624.0,16,1624.5,2,1625.0,3,1625.5,2,1626.0,1,1623.5
jm2501,DCE,13:45:39.603#,1653.5,1660.0,1610.0,1806.5,1539.5,11086,32753.0,1620.0,5,1621.0,9,1621.5,2,1622.0,1,1622.5,1,1624.0,16,1624.5,2,1625.0,3,1625.5,2,1626.0,1,1623.5
jm2501,DCE,13:45:40.26#,1653.5,1660.0,1610.0,1806.5,1539.5,11086,32753.0,1619.5,2,1620.0,5,1621.5,3,1622.0,1,1622.5,1,1624.0,16,1624.5,2,1625.0,3,1625.5,2,1626.0,1,1623.5
jm2501,DCE,13:45:40.76#,1653.5,1660.0,1610.0,1806.5,1539.5,11086,32753.0,1620.0,5,1621.0,9,1621.5,2,1622.0,1,1622.5,1,1624.0,17,1624.5,2,1625.0,3,1625.5,2,1626.0,1,1623.5
jm2501,DCE,13:45:40.334#,1653.5,1660.0,1610.0,1806.5,1539.5,11086,32753.0,1620.0,5,1621.0,9,1621.5,2,1622.0,1,1622.5,1,1624.0,16,1624.5,2,1625.0,3,1625.5,2,1626.0,1,1623.5
jm2501,DCE,13:45:40.850#,1653.5,1660.0,1610.0,1806.5,1539.5,11086,32753.0,1620.0,5,1621.0,9,1621.5,2,1622.0,1,1622.5,1,1624.0,13,1624.5,2,1625.0,3,1625.5,2,1626.0,1,1623.5
jm2501,DCE,13:45:41.216#,1653.5,1660.0,1610.0,1806.5,1539.5,11086,32753.0,1619.5,2,1620.0,5,1621.5,3,1622.0,1,1622.5,1,1624.0,9,1624.5,2,1625.0,3,1625.5,2,1626.0,1,1623.5
jm2501,DCE,13:45:41.340#,1653.5,1660.0,1610.0,1806.5,1539.5,11086,32753.0,1619.5,2,1620.0,5,1621.5,5,1622.0,1,1622.5,1,1624.0,10,1624.5,2,1625.0,3,1625.5,2,1626.0,1,1623.5
jm2501,DCE,13:45:41.687#,1653.5,1660.0,1610.0,1806.5,1539.5,11086,32753.0,1619.5,2,1620.0,5,1621.5,4,1622.0,1,1622.5,1,1624.0,10,1624.5,2,1625.0,3,1625.5,2,1626.0,1,1623.5
jm2501,DCE,13:45:42.2#,1653.5,1660.0,1610.0,1806.5,1539.5,11086,32753.0,1620.0,5,1621.0,9,1621.5,2,1622.0,1,1622.5,1,1624.0,10,1624.5,2,1625.0,3,1625.5,2,1626.0,1,1623.5
jm2501,DCE,13:45:42.561#,1653.5,1660.0,1610.0,1806.5,1539.5,11086,32753.0,1619.5,2,1620.0,5,1621.5,9,1622.0,1,1622.5,1,1624.0,10,1624.5,2,1625.0,3,1625.5,2,1626.0,1,1623.5
jm2501,DCE,13:45:42.599#,1653.5,1660.0,1610.0,1806.5,1539.5,11086,32753.0,1619.5,1,1620.0,7,1621.5,9,1622.0,1,1622.5,1,1624.0,10,1624.5,2,1625.0,3,1625.5,2,1626.0,1,1623.5
jm2501,DCE,13:45:42.934#,1653.5,1660.0,1610.0,1806.5,1539.5,11086,32753.0,1619.5,1,1620.0,7,1621.5,9,1622.0,1,1622.5,1,1624.0,14,1624.5,2,1625.0,3,1625.5,2,1626.0,1,1623.5
jm2501,DCE,13:45:43.177#,1653.5,1660.0,1610.0,1806.5,1539.5,11086,32753.0,1619.5,1,1620.0,7,1621.5,10,1622.0,1,1622.5,1,1624.0,14,1624.5,2,1625.0,3,1625.5,2,1626.0,1,1623.5
jm2501,DCE,13:45:43.570#,1653.5,1660.0,1610.0,1806.5,1539.5,11086,32753.0,1619.5,2,1620.0,5,1621.5,10,1622.0,1,1622.5,1,1624.0,14,1624.5,2,1625.0,3,1625.5,2,1626.0,1,1623.5
jm2501,DCE,13:45:43.934#,1653.5,1660.0,1610.0,1806.5,1539.5,11086,32753.0,1619.5,2,1620.0,5,1621.5,10,1622.0,1,1622.5,1,1624.0,10,1624.5,2,1625.0,3,1625.5,2,1626.0,1,1623.5
jm2501,DCE,13:45:44.559#,1653.5,1660.0,1610.0,1806.5,1539.5,11086,32753.0,1619.5,2,1620.0,5,1621.5,9,1622.0,1,1622.5,1,1624.0,10,1624.5,2,1625.0,3,1625.5,2,1626.0,1,1623.5
jm2501,DCE,13:45:45.423#,1653.5,1660.0,1610.0,1806.5,1539.5,11086,32753.0,1619.5,2,1620.0,5,1621.5,8,1622.0,1,1622.5,1,1624.0,14,1624.5,2,1625.0,3,1625.5,2,1626.0,1,1623.5
jm2501,DCE,13:45:46.59#,1653.5,1660.0,1610.0,1806.5,1539.5,11086,32753.0,1619.5,2,1620.0,5,1621.5,8,1622.0,1,1622.5,1,1624.0,11,1624.5,2,1625.0,3,1625.5,2,1626.0,1,1623.5
jm2501,DCE,13:45:46.208#,1653.5,1660.0,1610.0,1806.5,1539.5,11086,32753.0,1619.5,2,1620.0,5,1621.5,7,1622.0,1,1622.5,1,1624.0,12,1624.5,2,1625.0,3,1625.5,2,1626.0,1,1623.5
jm2501,DCE,13:45:46.767#,1653.5,1660.0,1610.0,1806.5,1539.5,11086,32753.0,1619.5,2,1620.0,5,1621.5,6,1622.0,1,1622.5,1,1624.0,12,1624.5,2,1625.0,3,1625.5,2,1626.0,1,1623.5
jm2501,DCE,13:45:46.873#,1653.5,1660.0,1610.0,1806.5,1539.5,11086,32753.0,1619.5,2,1620.0,5,1621.5,6,1622.0,1,1622.5,1,1624.0,10,1624.5,2,1625.0,3,1625.5,2,1626.0,1,1623.5
jm2501,DCE,13:45:48.205#,1653.5,1660.0,1610.0,1806.5,1539.5,11086,32753.0,1619.5,2,1620.0,5,1621.5,4,1622.0,1,1622.5,1,1624.0,10,1624.5,2,1625.0,3,1625.5,2,1626.0,1,1623.5
jm2501,DCE,13:45:48.329#,1653.5,1660.0,1610.0,1806.5,1539.5,11086,32753.0,1619.5,2,1620.0,5,1621.5,4,1622.0,1,1622.5,1,1624.0,16,1624.5,2,1625.0,3,1625.5,2,1626.0,1,1623.5
jm2501,DCE,13:45:48.686#,1653.5,1660.0,1610.0,1806.5,1539.5,11086,32753.0,1620.0,5,1621.0,9,1621.5,2,1622.0,1,1622.5,1,1624.0,1,1624.5,2,1625.0,3,1625.5,2,1626.0,1,1623.5
jm2501,DCE,13:45:48.913#,1653.5,1660.0,1610.0,1806.5,1539.5,11086,32753.0,1620.0,5,1621.0,9,1621.5,2,1622.0,1,1622.5,1,1624.0,2,1624.5,2,1625.0,3,1625.5,2,1626.0,1,1623.5
jm2501,DCE,13:45:57.731#,1653.5,1660.0,1610.0,1806.5,1539.5,11086,32753.0,1620.0,7,1621.0,9,1621.5,2,1622.0,1,1622.5,1,1624.0,2,1624.5,2,1625.0,3,1625.5,2,1626.0,1,1623.5
jm2501,DCE,13:45:58.637#,1653.5,1660.0,1610.0,1806.5,1539.5,11086,32753.0,1620.0,5,1621.0,9,1621.5,2,1622.0,1,1622.5,1,1624.0,2,1624.5,2,1625.0,3,1625.5,2,1626.0,1,1623.5
jm2501,DCE,13:46:12.630#,1653.5,1660.0,1610.0,1806.5,1539.5,11087,32754.0,1620.0,7,1621.0,9,1621.5,2,1622.0,1,1622.5,1,1624.0,2,1624.5,2,1625.0,3,1625.5,2,1626.0,1,1623.5
jm2501,DCE,13:46:13.775#,1653.5,1660.0,1610.0,1806.5,1539.5,11087,32754.0,1620.0,5,1621.0,9,1621.5,2,1622.0,1,1622.5,1,1623.5,4,1624.0,2,1624.5,2,1625.0,3,1625.5,2,1623.5
jm2501,DCE,13:46:13.871#,1653.5,1660.0,1610.0,1806.5,1539.5,11088,32755.0,1619.5,2,1620.0,5,1621.0,9,1621.5,2,1622.0,1,1622.5,9,1623.5,4,1624.0,1,1624.5,2,1625.0,3,1622.5
jm2501,DCE,13:46:14.338#,1653.5,1660.0,1610.0,1806.5,1539.5,11088,32755.0,1619.5,2,1620.0,5,1621.0,9,1621.5,2,1622.0,1,1622.5,9,1623.5,5,1624.0,1,1624.5,2,1625.0,3,1622.5
jm2501,DCE,13:46:15.191#,1653.5,1660.0,1610.0,1806.5,1539.5,11088,32755.0,1619.5,2,1620.0,5,1621.0,9,1621.5,2,1622.0,1,1622.5,12,1623.5,8,1624.0,1,1624.5,2,1625.0,3,1622.5
jm2501,DCE,13:46:18.440#,1653.5,1660.0,1610.0,1806.5,1539.5,11088,32755.0,1619.5,2,1620.0,5,1621.0,9,1621.5,2,1622.0,1,1622.5,12,1623.5,7,1624.0,1,1624.5,2,1625.0,3,1622.5
jm2501,DCE,13:46:19.11#,1653.5,1660.0,1610.0,1806.5,1539.5,11089,32756.0,1619.0,1,1619.5,2,1620.0,5,1621.0,9,1621.5,2,1622.0,1,1622.5,12,1623.5,7,1624.0,1,1624.5,2,1622.0
jm2501,DCE,13:46:22.485#,1653.5,1660.0,1610.0,1806.5,1539.5,11090,32757.0,1619.0,1,1619.5,2,1620.0,5,1621.0,9,1621.5,2,1622.5,12,1623.5,5,1624.0,1,1624.5,2,1625.0,3,1622.0
jm2501,DCE,13:46:23.576#,1653.5,1660.0,1610.0,1806.5,1539.5,11090,32757.0,1617.5,2,1618.0,18,1619.0,1,1619.5,2,1620.0,5,1622.5,12,1623.5,5,1624.0,1,1624.5,2,1625.0,3,1622.0
jm2501,DCE,13:46:24.316#,1653.5,1660.0,1610.0,1806.5,1539.5,11090,32757.0,1617.5,2,1618.0,18,1619.0,1,1619.5,2,1620.0,5,1622.5,12,1623.5,9,1624.0,1,1624.5,2,1625.0,3,1622.0
jm2501,DCE,13:46:24.343#,1653.5,1660.0,1610.0,1806.5,1539.5,11090,32757.0,1617.5,2,1618.0,18,1619.0,1,1619.5,2,1620.0,5,1622.5,12,1623.5,13,1624.0,1,1624.5,2,1625.0,3,1622.0
jm2501,DCE,13:46:26.77#,1653.5,1660.0,1610.0,1806.5,1539.5,11090,32757.0,1617.5,2,1618.0,18,1619.0,1,1619.5,2,1620.0,5,1622.5,12,1623.5,9,1624.0,1,1624.5,2,1625.0,3,1622.0
jm2501,DCE,13:46:26.329#,1653.5,1660.0,1610.0,1806.5,1539.5,11090,32757.0,1617.5,2,1618.0,18,1619.0,1,1619.5,2,1620.0,5,1622.5,12,1623.5,5,1624.0,1,1624.5,2,1625.0,3,1622.0
jm2501,DCE,13:46:26.715#,1653.5,1660.0,1610.0,1806.5,1539.5,11090,32757.0,1617.5,2,1618.0,18,1619.0,1,1619.5,2,1620.0,5,1622.5,12,1623.5,7,1624.0,1,1624.5,2,1625.0,3,1622.0
jm2501,DCE,13:46:27.56#,1653.5,1660.0,1610.0,1806.5,1539.5,11091,32758.0,1617.5,2,1618.0,18,1619.0,1,1619.5,2,1620.0,5,1622.5,12,1623.5,7,1624.0,1,1624.5,2,1625.0,3,1621.0
jm2501,DCE,13:46:27.266#,1653.5,1660.0,1610.0,1806.5,1539.5,11091,32758.0,1617.5,2,1618.0,18,1619.0,1,1619.5,1,1620.0,5,1622.5,12,1623.5,7,1624.0,1,1624.5,2,1625.0,3,1621.0
