InstrumentId,ExchangeId,Datetime,OpenPrice,HighestPrice,LowestPrice,UpperLimitPrice,LowerLimitPrice,Volume,OpenInterest,BidPrice5,BidVolume5,BidPrice4,BidVolume4,BidPrice3,BidVolume3,BidPrice2,BidVolume2,BidPrice1,BidVolume1,AskPrice1,AskVolume1,AskPrice2,AskVolume2,AskPrice3,AskVolume3,AskPrice4,AskVolume4,AskPrice5,AskVolume5,LastPrice
lc2410,,13:38:34.823#,90000.0,90000.0,87700.0,0.0,0.0,661,10727,87800.0,1,88050.0,1,88100.0,2,88200.0,4,88250.0,3,88450.0,5,88500.0,11,88800.0,3,88850.0,2,88900.0,10,88300.0
lc2410,,13:38:35.237#,90000.0,90000.0,87700.0,0.0,0.0,661,10727,87800.0,1,88050.0,1,88150.0,5,88200.0,9,88250.0,93,88450.0,12,88500.0,3,88800.0,3,88850.0,2,88900.0,10,88300.0
lc2410,,13:38:35.330#,90000.0,90000.0,87700.0,0.0,0.0,661,10727,87800.0,1,88050.0,1,88150.0,6,88200.0,8,88250.0,93,88400.0,5,88450.0,12,88500.0,3,88800.0,3,88850.0,2,88300.0
lc2410,,13:38:35.747#,90000.0,90000.0,87700.0,0.0,0.0,661,10727,87800.0,1,88050.0,1,88150.0,7,88200.0,8,88250.0,93,88400.0,3,88450.0,2,88800.0,2,88850.0,2,88900.0,10,88300.0
lc2410,,13:38:35.822#,90000.0,90000.0,87700.0,0.0,0.0,661,10727,87800.0,1,88050.0,1,88150.0,7,88200.0,8,88250.0,93,88400.0,3,88450.0,2,88800.0,2,88850.0,2,88900.0,10,88300.0
lc2410,,13:38:36.129#,90000.0,90000.0,87700.0,0.0,0.0,661,10727,87550.0,1,87800.0,1,88050.0,1,88200.0,10,88250.0,93,88400.0,3,88450.0,2,88800.0,2,88850.0,2,88900.0,10,88300.0
lc2410,,13:38:36.321#,90000.0,90000.0,87700.0,0.0,0.0,661,10727,87550.0,1,87800.0,1,88050.0,1,88200.0,10,88250.0,93,88400.0,8,88450.0,2,88800.0,2,88850.0,2,88900.0,10,88300.0
lc2410,,13:38:36.684#,90000.0,90000.0,87700.0,0.0,0.0,661,10727,87550.0,1,87800.0,1,88050.0,1,88200.0,10,88250.0,93,88400.0,9,88450.0,2,88800.0,2,88850.0,2,88900.0,10,88300.0
lc2410,,13:38:37.22#,90000.0,90000.0,87700.0,0.0,0.0,661,10727,87550.0,1,87800.0,1,88050.0,1,88200.0,10,88250.0,93,88400.0,9,88450.0,2,88800.0,2,88850.0,2,88900.0,10,88300.0
lc2410,,13:38:37.218#,90000.0,90000.0,87700.0,0.0,0.0,661,10727,87550.0,1,87800.0,1,88050.0,1,88200.0,10,88250.0,93,88400.0,9,88450.0,2,88800.0,2,88850.0,2,88900.0,10,88300.0
lc2410,,13:38:37.321#,90000.0,90000.0,87700.0,0.0,0.0,661,10727,87550.0,1,87800.0,1,88050.0,1,88200.0,10,88250.0,93,88400.0,9,88450.0,2,88800.0,2,88850.0,2,88900.0,10,88300.0
lc2410,,13:38:37.626#,90000.0,90000.0,87700.0,0.0,0.0,661,10727,87550.0,1,87800.0,1,88050.0,1,88200.0,10,88250.0,93,88400.0,9,88450.0,2,88800.0,2,88850.0,2,88900.0,10,88300.0
lc2410,,13:38:37.821#,90000.0,90000.0,87700.0,0.0,0.0,661,10727,87550.0,1,87800.0,1,88050.0,1,88200.0,10,88250.0,93,88400.0,9,88450.0,2,88800.0,2,88850.0,2,88900.0,10,88300.0
lc2410,,13:38:38.125#,90000.0,90000.0,87700.0,0.0,0.0,661,10727,87550.0,1,87800.0,1,88050.0,1,88200.0,11,88250.0,93,88400.0,9,88450.0,2,88800.0,2,88850.0,2,88900.0,10,88300.0
lc2410,,13:38:38.559#,90000.0,90000.0,87700.0,0.0,0.0,661,10727,87550.0,1,87800.0,1,88050.0,1,88200.0,11,88250.0,93,88400.0,9,88450.0,2,88800.0,2,88850.0,2,88900.0,10,88300.0
lc2410,,13:38:38.626#,90000.0,90000.0,87700.0,0.0,0.0,661,10727,87550.0,1,87800.0,1,88050.0,1,88200.0,11,88250.0,93,88400.0,9,88450.0,2,88800.0,2,88850.0,2,88900.0,10,88300.0
lc2410,,13:38:38.821#,90000.0,90000.0,87700.0,0.0,0.0,661,10727,87550.0,1,87800.0,1,88050.0,1,88200.0,11,88250.0,93,88400.0,9,88450.0,2,88800.0,2,88850.0,2,88900.0,10,88300.0
lc2410,,13:38:39.232#,90000.0,90000.0,87700.0,0.0,0.0,661,10727,87550.0,1,87800.0,1,88050.0,1,88200.0,11,88250.0,93,88400.0,9,88450.0,2,88800.0,2,88850.0,2,88900.0,10,88300.0
lc2410,,13:38:39.455#,90000.0,90000.0,87700.0,0.0,0.0,661,10727,87550.0,1,87800.0,1,88050.0,1,88200.0,11,88250.0,93,88400.0,9,88450.0,2,88800.0,2,88850.0,2,88900.0,10,88300.0
lc2410,,13:38:39.642#,90000.0,90000.0,87700.0,0.0,0.0,661,10727,87550.0,1,87800.0,1,88050.0,1,88200.0,11,88250.0,93,88400.0,9,88450.0,2,88800.0,2,88850.0,2,88900.0,10,88300.0
lc2410,,13:38:39.821#,90000.0,90000.0,87700.0,0.0,0.0,661,10727,87550.0,1,87800.0,1,88050.0,1,88200.0,11,88250.0,93,88400.0,9,88450.0,2,88800.0,2,88850.0,2,88900.0,10,88300.0
lc2410,,13:38:40.71#,90000.0,90000.0,87700.0,0.0,0.0,661,10727,87550.0,1,87800.0,1,88050.0,1,88200.0,11,88250.0,93,88400.0,9,88450.0,2,88800.0,2,88850.0,2,88900.0,10,88300.0
lc2410,,13:38:40.321#,90000.0,90000.0,87700.0,0.0,0.0,661,10727,87550.0,1,87800.0,1,88050.0,1,88200.0,11,88250.0,93,88400.0,9,88450.0,2,88800.0,2,88850.0,2,88900.0,10,88300.0
lc2410,,13:38:40.809#,90000.0,90000.0,87700.0,0.0,0.0,661,10727,87550.0,1,87800.0,1,88050.0,1,88200.0,11,88250.0,93,88400.0,7,88450.0,11,88800.0,2,88850.0,2,88900.0,10,88300.0
lc2410,,13:38:40.821#,90000.0,90000.0,87700.0,0.0,0.0,661,10727,87550.0,1,87800.0,1,88050.0,1,88200.0,11,88250.0,93,88400.0,7,88450.0,11,88800.0,2,88850.0,2,88900.0,10,88300.0
lc2410,,13:38:41.71#,90000.0,90000.0,87700.0,0.0,0.0,661,10727,87550.0,1,87800.0,1,88050.0,1,88200.0,11,88250.0,93,88400.0,7,88450.0,11,88800.0,2,88850.0,2,88900.0,10,88300.0
lc2410,,13:38:41.321#,90000.0,90000.0,87700.0,0.0,0.0,661,10727,87550.0,1,87800.0,1,88050.0,1,88200.0,11,88250.0,93,88400.0,7,88450.0,11,88800.0,2,88850.0,2,88900.0,10,88300.0
lc2410,,13:38:41.571#,90000.0,90000.0,87700.0,0.0,0.0,661,10727,87550.0,1,87800.0,1,88050.0,1,88200.0,11,88250.0,93,88400.0,7,88450.0,11,88800.0,2,88850.0,2,88900.0,10,88300.0
lc2410,,13:38:42.13#,90000.0,90000.0,87700.0,0.0,0.0,661,10727,87550.0,1,87800.0,1,88050.0,1,88200.0,11,88250.0,93,88400.0,7,88450.0,11,88800.0,2,88850.0,2,88900.0,10,88300.0
lc2410,,13:38:42.177#,90000.0,90000.0,87700.0,0.0,0.0,661,10727,87550.0,1,87800.0,1,88050.0,1,88200.0,11,88250.0,93,88400.0,7,88450.0,11,88800.0,2,88850.0,2,88900.0,10,88300.0
lc2410,,13:38:42.562#,90000.0,90000.0,87700.0,0.0,0.0,661,10727,87550.0,1,87800.0,1,88050.0,1,88200.0,11,88250.0,93,88400.0,7,88450.0,11,88800.0,2,88850.0,2,88900.0,10,88300.0
lc2410,,13:38:42.625#,90000.0,90000.0,87700.0,0.0,0.0,661,10727,87550.0,1,87800.0,1,88050.0,1,88200.0,11,88250.0,93,88400.0,7,88450.0,11,88800.0,2,88850.0,2,88900.0,10,88300.0
lc2410,,13:38:42.945#,90000.0,90000.0,87700.0,0.0,0.0,661,10727,87550.0,1,87800.0,1,88050.0,1,88200.0,11,88250.0,93,88400.0,7,88450.0,11,88800.0,2,88850.0,2,88900.0,10,88300.0
lc2410,,13:38:43.125#,90000.0,90000.0,87700.0,0.0,0.0,661,10727,87550.0,1,87800.0,1,88050.0,1,88200.0,11,88250.0,93,88400.0,7,88450.0,11,88800.0,2,88850.0,2,88900.0,10,88300.0
lc2410,,13:38:43.321#,90000.0,90000.0,87700.0,0.0,0.0,661,10727,87550.0,1,87800.0,1,88050.0,1,88200.0,11,88250.0,93,88400.0,7,88450.0,11,88800.0,2,88850.0,2,88900.0,10,88300.0
lc2410,,13:38:43.625#,90000.0,90000.0,87700.0,0.0,0.0,661,10727,87550.0,1,87800.0,1,88050.0,1,88200.0,11,88250.0,93,88400.0,7,88450.0,11,88800.0,2,88850.0,2,88900.0,10,88300.0
lc2410,,13:38:43.894#,90000.0,90000.0,87700.0,0.0,0.0,661,10727,87550.0,1,87800.0,1,88050.0,1,88200.0,11,88250.0,93,88400.0,7,88450.0,11,88800.0,2,88850.0,2,88900.0,10,88300.0
lc2410,,13:38:44.125#,90000.0,90000.0,87700.0,0.0,0.0,661,10727,87550.0,1,87800.0,1,88050.0,1,88200.0,11,88250.0,93,88400.0,7,88450.0,11,88800.0,2,88850.0,2,88900.0,10,88300.0
lc2410,,13:38:44.321#,90000.0,90000.0,87700.0,0.0,0.0,661,10727,87550.0,1,87800.0,1,88050.0,1,88200.0,11,88250.0,93,88400.0,7,88450.0,11,88800.0,2,88850.0,2,88900.0,10,88300.0
lc2410,,13:38:44.691#,90000.0,90000.0,87700.0,0.0,0.0,661,10727,87550.0,1,87800.0,1,88050.0,1,88200.0,11,88250.0,93,88400.0,7,88450.0,11,88800.0,2,88850.0,2,88900.0,10,88300.0
lc2410,,13:38:44.821#,90000.0,90000.0,87700.0,0.0,0.0,661,10727,87550.0,1,87800.0,1,88050.0,1,88200.0,11,88250.0,93,88400.0,7,88450.0,11,88800.0,2,88850.0,2,88900.0,10,88300.0
lc2410,,13:38:45.124#,90000.0,90000.0,87700.0,0.0,0.0,661,10727,87550.0,1,87800.0,1,88050.0,1,88200.0,11,88250.0,93,88400.0,7,88450.0,11,88800.0,2,88850.0,2,88900.0,10,88300.0
lc2410,,13:38:45.321#,90000.0,90000.0,87700.0,0.0,0.0,661,10727,87550.0,1,87800.0,1,88050.0,1,88200.0,11,88250.0,93,88400.0,7,88450.0,11,88800.0,2,88850.0,2,88900.0,10,88300.0
lc2410,,13:38:45.624#,90000.0,90000.0,87700.0,0.0,0.0,661,10727,87550.0,1,87800.0,1,88050.0,1,88200.0,11,88250.0,93,88400.0,7,88450.0,11,88800.0,2,88850.0,2,88900.0,10,88300.0
lc2410,,13:38:45.821#,90000.0,90000.0,87700.0,0.0,0.0,661,10727,87550.0,1,87800.0,1,88050.0,1,88200.0,11,88250.0,93,88400.0,7,88450.0,11,88800.0,2,88850.0,2,88900.0,10,88300.0
lc2410,,13:38:46.180#,90000.0,90000.0,87700.0,0.0,0.0,661,10727,87550.0,1,87800.0,1,88050.0,1,88200.0,11,88250.0,93,88400.0,7,88450.0,11,88800.0,2,88850.0,2,88900.0,10,88300.0
lc2410,,13:38:46.321#,90000.0,90000.0,87700.0,0.0,0.0,661,10727,87550.0,1,87800.0,1,88050.0,1,88200.0,11,88250.0,93,88400.0,7,88450.0,11,88800.0,2,88850.0,2,88900.0,10,88300.0
lc2410,,13:38:46.625#,90000.0,90000.0,87700.0,0.0,0.0,661,10727,87550.0,1,87800.0,1,88050.0,1,88200.0,11,88250.0,93,88400.0,7,88450.0,11,88800.0,2,88850.0,2,88900.0,10,88300.0
lc2410,,13:38:46.821#,90000.0,90000.0,87700.0,0.0,0.0,661,10727,87550.0,1,87800.0,1,88050.0,1,88200.0,11,88250.0,93,88400.0,7,88450.0,11,88800.0,2,88850.0,2,88900.0,10,88300.0
lc2410,,13:38:47.126#,90000.0,90000.0,87700.0,0.0,0.0,661,10727,87550.0,1,87800.0,1,88050.0,1,88200.0,11,88250.0,93,88400.0,7,88450.0,11,88800.0,2,88850.0,2,88900.0,10,88300.0
lc2410,,13:38:47.321#,90000.0,90000.0,87700.0,0.0,0.0,661,10727,87550.0,1,87800.0,1,88050.0,1,88200.0,11,88250.0,93,88400.0,7,88450.0,11,88800.0,2,88850.0,2,88900.0,10,88300.0
lc2410,,13:38:47.650#,90000.0,90000.0,87700.0,0.0,0.0,661,10727,87550.0,1,87800.0,1,88050.0,1,88200.0,11,88250.0,93,88400.0,7,88450.0,11,88800.0,2,88850.0,2,88900.0,10,88300.0
lc2410,,13:38:47.821#,90000.0,90000.0,87700.0,0.0,0.0,661,10727,87550.0,1,87800.0,1,88050.0,1,88200.0,11,88250.0,93,88400.0,7,88450.0,11,88800.0,2,88850.0,2,88900.0,10,88300.0
lc2410,,13:38:48.182#,90000.0,90000.0,87700.0,0.0,0.0,661,10727,87550.0,1,87800.0,1,88050.0,1,88200.0,13,88250.0,93,88400.0,7,88450.0,11,88800.0,2,88850.0,2,88900.0,10,88300.0
lc2410,,13:38:48.407#,90000.0,90000.0,87700.0,0.0,0.0,661,10727,87550.0,1,87800.0,1,88050.0,1,88200.0,13,88250.0,93,88400.0,7,88450.0,11,88800.0,2,88850.0,2,88900.0,10,88300.0
lc2410,,13:38:48.709#,90000.0,90000.0,87700.0,0.0,0.0,661,10727,87550.0,1,87800.0,1,88050.0,1,88200.0,13,88250.0,93,88400.0,7,88450.0,11,88800.0,2,88850.0,2,88900.0,10,88300.0
lc2410,,13:38:48.973#,90000.0,90000.0,87700.0,0.0,0.0,661,10727,87550.0,1,87800.0,1,88050.0,1,88200.0,13,88250.0,93,88400.0,7,88450.0,11,88800.0,2,88850.0,2,88900.0,10,88300.0
lc2410,,13:38:49.310#,90000.0,90000.0,87700.0,0.0,0.0,661,10727,87550.0,1,87800.0,1,88050.0,1,88200.0,13,88250.0,93,88400.0,7,88450.0,11,88800.0,2,88850.0,2,88900.0,10,88300.0
lc2410,,13:38:49.495#,90000.0,90000.0,87700.0,0.0,0.0,661,10727,87550.0,1,87800.0,1,88050.0,1,88200.0,13,88250.0,93,88400.0,6,88450.0,11,88800.0,2,88850.0,2,88900.0,10,88300.0
lc2410,,13:38:49.752#,90000.0,90000.0,87700.0,0.0,0.0,661,10727,87550.0,1,87800.0,1,88050.0,1,88200.0,13,88250.0,93,88400.0,61,88450.0,11,88800.0,2,88850.0,2,88900.0,10,88300.0
lc2410,,13:38:49.822#,90000.0,90000.0,87700.0,0.0,0.0,661,10727,87550.0,1,87800.0,1,88050.0,1,88200.0,6,88250.0,95,88400.0,60,88450.0,11,88800.0,2,88850.0,2,88900.0,10,88300.0
lc2410,,13:38:50.129#,90000.0,90000.0,87700.0,0.0,0.0,661,10727,87550.0,1,87800.0,1,88050.0,1,88200.0,6,88250.0,95,88400.0,58,88450.0,10,88800.0,2,88850.0,2,88900.0,10,88300.0
lc2410,,13:38:50.357#,90000.0,90000.0,87700.0,0.0,0.0,661,10727,87550.0,1,87800.0,1,88050.0,1,88200.0,1,88250.0,97,88400.0,56,88450.0,4,88800.0,2,88850.0,2,88900.0,10,88300.0
lc2410,,13:38:50.815#,90000.0,90000.0,87700.0,0.0,0.0,661,10727,87550.0,1,87800.0,1,88050.0,1,88200.0,1,88250.0,97,88400.0,24,88450.0,3,88800.0,2,88850.0,2,88900.0,10,88300.0
lc2410,,13:38:50.822#,90000.0,90000.0,87700.0,0.0,0.0,661,10727,87550.0,1,87800.0,1,88050.0,1,88200.0,1,88250.0,7,88400.0,20,88450.0,3,88800.0,2,88850.0,2,88900.0,10,88300.0
lc2410,,13:38:51.126#,90000.0,90000.0,87700.0,0.0,0.0,661,10727,87550.0,1,87800.0,1,88050.0,1,88200.0,1,88250.0,13,88400.0,18,88450.0,11,88800.0,2,88850.0,2,88900.0,10,88300.0
lc2410,,13:38:51.321#,90000.0,90000.0,87700.0,0.0,0.0,661,10727,87550.0,1,87800.0,1,88050.0,1,88200.0,1,88250.0,13,88400.0,14,88450.0,11,88800.0,2,88850.0,2,88900.0,10,88300.0
lc2410,,13:38:53.245#,90000.0,90000.0,87700.0,0.0,0.0,661,10727,87550.0,1,87800.0,1,88050.0,1,88200.0,1,88250.0,13,88400.0,15,88450.0,11,88800.0,2,88850.0,2,88900.0,10,88300.0
lc2410,,13:38:53.719#,90000.0,90000.0,87700.0,0.0,0.0,661,10727,87550.0,1,87800.0,1,88050.0,1,88200.0,1,88250.0,13,88400.0,14,88450.0,11,88800.0,2,88850.0,2,88900.0,10,88300.0
lc2410,,13:38:53.821#,90000.0,90000.0,87700.0,0.0,0.0,661,10727,87550.0,1,87800.0,1,88050.0,1,88200.0,1,88250.0,13,88400.0,14,88450.0,10,88800.0,2,88850.0,2,88900.0,10,88300.0
lc2410,,13:38:54.919#,90000.0,90000.0,87700.0,0.0,0.0,661,10727,87550.0,1,87800.0,1,88050.0,1,88200.0,1,88250.0,105,88400.0,1,88450.0,10,88800.0,2,88850.0,2,88900.0,10,88300.0
lc2410,,13:38:55.224#,90000.0,90000.0,87700.0,0.0,0.0,661,10727,87550.0,1,87800.0,1,88050.0,1,88200.0,5,88250.0,94,88400.0,3,88450.0,3,88800.0,2,88850.0,2,88900.0,10,88300.0
lc2410,,13:38:55.340#,90000.0,90000.0,87700.0,0.0,0.0,661,10727,87550.0,1,87800.0,1,88050.0,1,88200.0,12,88250.0,93,88400.0,4,88450.0,3,88800.0,2,88850.0,2,88900.0,10,88300.0
lc2410,,13:38:55.740#,90000.0,90000.0,87700.0,0.0,0.0,661,10727,87550.0,1,87800.0,1,88050.0,1,88200.0,11,88250.0,93,88400.0,4,88450.0,3,88800.0,2,88850.0,2,88900.0,10,88300.0
lc2410,,13:38:56.126#,90000.0,90000.0,87700.0,0.0,0.0,661,10727,87550.0,1,87800.0,1,88050.0,1,88200.0,11,88250.0,93,88400.0,4,88450.0,3,88800.0,2,88850.0,2,88900.0,10,88300.0
lc2410,,13:38:56.321#,90000.0,90000.0,87700.0,0.0,0.0,661,10727,87550.0,1,87800.0,1,88050.0,1,88200.0,11,88250.0,93,88400.0,4,88450.0,3,88800.0,2,88850.0,2,88900.0,10,88300.0
lc2410,,13:38:56.703#,90000.0,90000.0,87700.0,0.0,0.0,661,10727,87550.0,1,87800.0,1,88050.0,1,88200.0,5,88250.0,95,88400.0,4,88450.0,3,88800.0,2,88850.0,2,88900.0,10,88300.0
lc2410,,13:38:56.821#,90000.0,90000.0,87700.0,0.0,0.0,661,10727,87550.0,1,87800.0,1,88050.0,1,88200.0,5,88250.0,95,88400.0,4,88450.0,3,88800.0,2,88850.0,2,88900.0,10,88300.0
lc2410,,13:38:57.706#,90000.0,90000.0,87700.0,0.0,0.0,661,10727,87550.0,1,87800.0,1,88050.0,1,88200.0,5,88250.0,95,88400.0,4,88450.0,3,88800.0,2,88850.0,2,88900.0,10,88300.0
lc2410,,13:38:58.326#,90000.0,90000.0,87700.0,0.0,0.0,661,10727,87550.0,1,87800.0,1,88050.0,1,88200.0,5,88250.0,95,88400.0,4,88450.0,3,88800.0,2,88850.0,2,88900.0,10,88300.0
lc2410,,13:38:59.382#,90000.0,90000.0,87700.0,0.0,0.0,661,10727,87550.0,1,87800.0,1,88050.0,1,88200.0,5,88250.0,95,88400.0,4,88450.0,3,88800.0,2,88850.0,2,88900.0,10,88300.0
lc2410,,13:38:59.627#,90000.0,90000.0,87700.0,0.0,0.0,661,10727,87550.0,1,87800.0,1,88050.0,1,88200.0,11,88250.0,93,88400.0,4,88450.0,3,88800.0,2,88850.0,2,88900.0,10,88300.0
lc2410,,13:38:59.821#,90000.0,90000.0,87700.0,0.0,0.0,661,10727,87550.0,1,87800.0,1,88050.0,1,88200.0,11,88250.0,93,88400.0,5,88450.0,3,88800.0,2,88850.0,2,88900.0,10,88300.0
lc2410,,13:39:00.197#,90000.0,90000.0,87700.0,0.0,0.0,661,10727,87550.0,1,87800.0,1,88050.0,1,88200.0,3,88250.0,95,88400.0,5,88450.0,3,88800.0,2,88850.0,2,88900.0,10,88300.0
lc2410,,13:39:00.321#,90000.0,90000.0,87700.0,0.0,0.0,661,10727,87550.0,1,87800.0,1,88050.0,1,88200.0,11,88250.0,93,88400.0,5,88450.0,3,88800.0,2,88850.0,2,88900.0,10,88300.0
lc2410,,13:39:01.185#,90000.0,90000.0,87700.0,0.0,0.0,661,10727,87550.0,1,87800.0,1,88050.0,1,88200.0,4,88250.0,95,88400.0,5,88450.0,3,88800.0,2,88850.0,2,88900.0,10,88300.0
lc2410,,13:39:01.495#,90000.0,90000.0,87700.0,0.0,0.0,661,10727,87550.0,1,87800.0,1,88050.0,1,88200.0,4,88250.0,95,88400.0,5,88450.0,3,88800.0,2,88850.0,2,88900.0,10,88300.0
lc2410,,13:39:01.702#,90000.0,90000.0,87700.0,0.0,0.0,661,10727,87550.0,1,87800.0,1,88050.0,1,88200.0,5,88250.0,95,88400.0,5,88450.0,3,88800.0,2,88850.0,2,88900.0,10,88300.0
lc2410,,13:39:01.951#,90000.0,90000.0,87700.0,0.0,0.0,661,10727,87550.0,1,87800.0,1,88050.0,1,88200.0,5,88250.0,95,88400.0,5,88450.0,3,88800.0,2,88850.0,2,88900.0,10,88300.0
lc2410,,13:39:02.300#,90000.0,90000.0,87700.0,0.0,0.0,661,10727,87550.0,1,87800.0,1,88050.0,1,88200.0,5,88250.0,95,88400.0,5,88450.0,3,88800.0,2,88850.0,2,88900.0,10,88300.0
lc2410,,13:39:04.469#,90000.0,90000.0,87700.0,0.0,0.0,661,10727,87550.0,1,87800.0,1,88050.0,1,88200.0,5,88250.0,95,88400.0,5,88450.0,3,88800.0,2,88850.0,2,88900.0,10,88300.0
lc2410,,13:39:04.667#,90000.0,90000.0,87700.0,0.0,0.0,661,10727,87550.0,1,87800.0,1,88050.0,1,88200.0,5,88250.0,95,88400.0,5,88450.0,3,88800.0,2,88850.0,2,88900.0,10,88300.0
lc2410,,13:39:04.899#,90000.0,90000.0,87700.0,0.0,0.0,661,10727,87550.0,1,87800.0,1,88050.0,1,88200.0,5,88250.0,95,88400.0,5,88450.0,3,88800.0,2,88850.0,2,88900.0,10,88300.0
lc2410,,13:39:05.198#,90000.0,90000.0,87700.0,0.0,0.0,661,10727,87550.0,1,87800.0,1,88050.0,1,88200.0,11,88250.0,93,88400.0,5,88450.0,3,88800.0,2,88850.0,2,88900.0,10,88300.0
lc2410,,13:39:05.334#,90000.0,90000.0,87700.0,0.0,0.0,661,10727,87550.0,1,87800.0,1,88050.0,1,88200.0,10,88250.0,93,88400.0,1,88450.0,4,88800.0,2,88850.0,2,88900.0,10,88300.0
lc2410,,13:39:05.803#,90000.0,90000.0,87700.0,0.0,0.0,661,10727,87800.0,1,88050.0,1,88150.0,6,88200.0,8,88250.0,93,88400.0,3,88450.0,7,88800.0,2,88850.0,2,88900.0,10,88300.0
lc2410,,13:39:05.822#,90000.0,90000.0,87700.0,0.0,0.0,661,10727,87800.0,1,88050.0,1,88150.0,7,88200.0,8,88250.0,93,88400.0,4,88450.0,7,88800.0,2,88850.0,2,88900.0,10,88300.0
lc2410,,13:39:06.990#,90000.0,90000.0,87700.0,0.0,0.0,661,10727,87800.0,1,88050.0,1,88150.0,7,88200.0,8,88250.0,93,88400.0,4,88450.0,7,88800.0,2,88850.0,2,88900.0,10,88300.0
lc2410,,13:39:07.71#,90000.0,90000.0,87700.0,0.0,0.0,661,10727,87550.0,1,87800.0,1,88050.0,1,88200.0,9,88250.0,93,88400.0,4,88450.0,7,88800.0,2,88850.0,2,88900.0,10,88300.0
lc2410,,13:39:07.525#,90000.0,90000.0,87700.0,0.0,0.0,661,10727,87550.0,1,87800.0,1,88050.0,1,88200.0,9,88250.0,93,88400.0,4,88450.0,7,88800.0,2,88850.0,2,88900.0,10,88300.0
lc2410,,13:39:08.580#,90000.0,90000.0,87700.0,0.0,0.0,661,10727,87550.0,1,87800.0,1,88050.0,1,88200.0,9,88250.0,93,88400.0,4,88450.0,7,88800.0,2,88850.0,2,88900.0,10,88300.0
lc2410,,13:39:09.529#,90000.0,90000.0,87700.0,0.0,0.0,661,10727,87550.0,1,87800.0,1,88050.0,1,88200.0,9,88250.0,93,88400.0,4,88450.0,7,88800.0,2,88850.0,2,88900.0,10,88300.0
lc2410,,13:39:09.613#,90000.0,90000.0,87700.0,0.0,0.0,661,10727,87550.0,1,87800.0,1,88050.0,1,88200.0,9,88250.0,93,88400.0,4,88450.0,7,88800.0,2,88850.0,2,88900.0,10,88300.0
lc2410,,13:39:09.829#,90000.0,90000.0,87700.0,0.0,0.0,661,10727,87550.0,1,87800.0,1,88050.0,1,88200.0,9,88250.0,93,88400.0,4,88450.0,7,88800.0,2,88850.0,2,88900.0,10,88300.0
lc2410,,13:39:10.242#,90000.0,90000.0,87700.0,0.0,0.0,661,10727,87550.0,1,87800.0,1,88050.0,1,88200.0,9,88250.0,93,88400.0,4,88450.0,7,88800.0,2,88850.0,2,88900.0,10,88300.0
lc2410,,13:39:11.490#,90000.0,90000.0,87700.0,0.0,0.0,661,10727,87550.0,1,87800.0,1,88050.0,1,88200.0,9,88250.0,93,88400.0,4,88450.0,7,88800.0,2,88850.0,2,88900.0,10,88300.0
lc2410,,13:39:12.199#,90000.0,90000.0,87700.0,0.0,0.0,661,10727,87550.0,1,87800.0,1,88050.0,1,88200.0,9,88250.0,93,88400.0,4,88450.0,7,88800.0,2,88850.0,2,88900.0,10,88300.0
lc2410,,13:39:12.321#,90000.0,90000.0,87700.0,0.0,0.0,661,10727,87800.0,1,88050.0,1,88150.0,6,88200.0,8,88250.0,93,88400.0,4,88450.0,7,88800.0,2,88850.0,2,88900.0,10,88300.0
lc2410,,13:39:12.683#,90000.0,90000.0,87700.0,0.0,0.0,661,10727,87800.0,1,88050.0,1,88150.0,7,88200.0,8,88250.0,93,88400.0,4,88450.0,7,88800.0,2,88850.0,2,88900.0,10,88300.0
lc2410,,13:39:13.148#,90000.0,90000.0,87700.0,0.0,0.0,661,10727,87800.0,1,88050.0,1,88150.0,7,88200.0,8,88250.0,93,88400.0,4,88450.0,7,88800.0,2,88850.0,2,88900.0,10,88300.0
lc2410,,13:39:13.661#,90000.0,90000.0,87700.0,0.0,0.0,661,10727,87800.0,1,88050.0,1,88150.0,7,88200.0,8,88250.0,93,88400.0,4,88450.0,7,88800.0,2,88850.0,2,88900.0,10,88300.0
lc2410,,13:39:14.122#,90000.0,90000.0,87700.0,0.0,0.0,661,10727,87800.0,1,88050.0,1,88150.0,7,88200.0,8,88250.0,93,88400.0,4,88450.0,7,88800.0,2,88850.0,2,88900.0,10,88300.0
lc2410,,13:39:15.79#,90000.0,90000.0,87700.0,0.0,0.0,661,10727,87800.0,1,88050.0,1,88150.0,7,88200.0,8,88250.0,93,88400.0,4,88450.0,7,88800.0,2,88850.0,2,88900.0,10,88300.0
lc2410,,13:39:16.55#,90000.0,90000.0,87700.0,0.0,0.0,661,10727,87800.0,1,88050.0,1,88150.0,7,88200.0,8,88250.0,93,88400.0,4,88450.0,7,88800.0,2,88850.0,2,88900.0,10,88300.0
lc2410,,13:39:16.105#,90000.0,90000.0,87700.0,0.0,0.0,661,10727,87800.0,1,88050.0,1,88150.0,7,88200.0,8,88250.0,93,88400.0,4,88450.0,7,88800.0,2,88850.0,2,88900.0,10,88300.0
lc2410,,13:39:17.173#,90000.0,90000.0,87700.0,0.0,0.0,661,10727,87800.0,1,88050.0,1,88150.0,7,88200.0,8,88250.0,93,88400.0,4,88450.0,7,88800.0,2,88850.0,2,88900.0,10,88300.0
lc2410,,13:39:18.5#,90000.0,90000.0,87700.0,0.0,0.0,661,10727,87800.0,1,88050.0,1,88150.0,7,88200.0,8,88250.0,93,88400.0,4,88450.0,7,88800.0,2,88850.0,2,88900.0,10,88300.0
lc2410,,13:39:18.925#,90000.0,90000.0,87700.0,0.0,0.0,661,10727,87800.0,1,88050.0,1,88150.0,7,88200.0,8,88250.0,93,88400.0,4,88450.0,7,88800.0,2,88850.0,2,88900.0,10,88300.0
lc2410,,13:39:22.15#,90000.0,90000.0,87700.0,0.0,0.0,661,10727,87800.0,1,88050.0,1,88150.0,7,88200.0,8,88250.0,93,88400.0,4,88450.0,7,88800.0,2,88850.0,2,88900.0,10,88300.0
lc2410,,13:39:22.440#,90000.0,90000.0,87700.0,0.0,0.0,661,10727,87800.0,1,88050.0,1,88150.0,7,88200.0,8,88250.0,93,88400.0,4,88450.0,7,88800.0,2,88850.0,2,88900.0,10,88300.0
lc2410,,13:39:22.682#,90000.0,90000.0,87700.0,0.0,0.0,661,10727,87800.0,1,88050.0,1,88150.0,7,88200.0,8,88250.0,93,88400.0,4,88450.0,7,88800.0,2,88850.0,2,88900.0,10,88300.0
lc2410,,13:39:23.526#,90000.0,90000.0,87700.0,0.0,0.0,661,10727,87800.0,1,88050.0,1,88150.0,7,88200.0,8,88250.0,93,88400.0,4,88450.0,7,88800.0,2,88850.0,2,88900.0,10,88300.0
lc2410,,13:39:23.710#,90000.0,90000.0,87700.0,0.0,0.0,661,10727,87800.0,1,88050.0,1,88150.0,7,88200.0,8,88250.0,93,88400.0,4,88450.0,7,88800.0,2,88850.0,2,88900.0,10,88300.0
lc2410,,13:39:24.721#,90000.0,90000.0,87700.0,0.0,0.0,661,10727,87800.0,1,88050.0,1,88150.0,7,88200.0,8,88250.0,93,88400.0,4,88450.0,7,88800.0,2,88850.0,2,88900.0,10,88300.0
lc2410,,13:39:24.821#,90000.0,90000.0,87700.0,0.0,0.0,661,10727,87550.0,1,87800.0,1,88050.0,1,88200.0,10,88250.0,93,88400.0,4,88450.0,7,88800.0,2,88850.0,2,88900.0,10,88300.0
lc2410,,13:39:25.909#,90000.0,90000.0,87700.0,0.0,0.0,661,10727,87550.0,1,87800.0,1,88050.0,1,88200.0,10,88250.0,93,88400.0,4,88450.0,7,88800.0,2,88850.0,2,88900.0,10,88300.0
lc2410,,13:39:27.130#,90000.0,90000.0,87700.0,0.0,0.0,661,10727,87550.0,1,87800.0,1,88050.0,1,88200.0,10,88250.0,93,88400.0,4,88450.0,7,88800.0,2,88850.0,2,88900.0,10,88300.0
lc2410,,13:39:27.521#,90000.0,90000.0,87700.0,0.0,0.0,661,10727,87550.0,1,87800.0,1,88050.0,1,88200.0,10,88250.0,93,88400.0,4,88450.0,7,88800.0,2,88850.0,2,88900.0,10,88300.0
lc2410,,13:39:28.477#,90000.0,90000.0,87700.0,0.0,0.0,661,10727,87550.0,1,87800.0,1,88050.0,1,88200.0,11,88250.0,93,88400.0,4,88450.0,7,88800.0,2,88850.0,2,88900.0,10,88300.0
lc2410,,13:39:28.796#,90000.0,90000.0,87700.0,0.0,0.0,661,10727,87550.0,1,87800.0,1,88050.0,1,88200.0,11,88250.0,93,88400.0,4,88450.0,7,88800.0,2,88850.0,2,88900.0,10,88300.0
lc2410,,13:39:28.927#,90000.0,90000.0,87700.0,0.0,0.0,661,10727,87550.0,1,87800.0,1,88050.0,1,88200.0,11,88250.0,93,88400.0,4,88450.0,7,88800.0,2,88850.0,2,88900.0,10,88300.0
lc2410,,13:39:29.182#,90000.0,90000.0,87700.0,0.0,0.0,661,10727,87550.0,1,87800.0,1,88050.0,1,88200.0,11,88250.0,93,88400.0,4,88450.0,7,88800.0,2,88850.0,2,88900.0,10,88300.0
lc2410,,13:39:29.441#,90000.0,90000.0,87700.0,0.0,0.0,661,10727,87550.0,1,87800.0,1,88050.0,1,88200.0,11,88250.0,93,88400.0,4,88450.0,7,88800.0,2,88850.0,2,88900.0,10,88300.0
lc2410,,13:39:31.71#,90000.0,90000.0,87700.0,0.0,0.0,661,10727,87550.0,1,87800.0,1,88050.0,1,88200.0,11,88250.0,93,88400.0,4,88450.0,7,88800.0,2,88850.0,2,88900.0,10,88300.0
lc2410,,13:39:31.393#,90000.0,90000.0,87700.0,0.0,0.0,661,10727,87550.0,1,87800.0,1,88050.0,1,88200.0,11,88250.0,93,88400.0,4,88450.0,7,88800.0,2,88850.0,2,88900.0,10,88300.0
lc2410,,13:39:31.640#,90000.0,90000.0,87700.0,0.0,0.0,661,10727,87550.0,1,87800.0,1,88050.0,1,88200.0,11,88250.0,93,88400.0,4,88450.0,7,88800.0,2,88850.0,2,88900.0,10,88300.0
lc2410,,13:39:33.86#,90000.0,90000.0,87700.0,0.0,0.0,661,10727,87550.0,1,87800.0,1,88050.0,1,88200.0,11,88250.0,93,88400.0,4,88450.0,7,88800.0,2,88850.0,2,88900.0,10,88300.0
lc2410,,13:39:33.399#,90000.0,90000.0,87700.0,0.0,0.0,661,10727,87550.0,1,87800.0,1,88050.0,1,88200.0,11,88250.0,93,88400.0,4,88450.0,7,88800.0,2,88850.0,2,88900.0,10,88300.0
lc2410,,13:39:34.444#,90000.0,90000.0,87700.0,0.0,0.0,661,10727,87550.0,1,87800.0,1,88050.0,1,88200.0,11,88250.0,93,88400.0,4,88450.0,7,88800.0,2,88850.0,2,88900.0,10,88300.0
lc2410,,13:39:34.703#,90000.0,90000.0,87700.0,0.0,0.0,661,10727,87550.0,1,87800.0,1,88050.0,1,88200.0,11,88250.0,93,88400.0,4,88450.0,6,88800.0,2,88850.0,2,88900.0,10,88300.0
lc2410,,13:39:36.289#,90000.0,90000.0,87700.0,0.0,0.0,661,10727,87550.0,1,87800.0,1,88050.0,1,88200.0,11,88250.0,93,88400.0,4,88450.0,6,88800.0,2,88850.0,2,88900.0,10,88300.0
lc2410,,13:39:37.192#,90000.0,90000.0,87700.0,0.0,0.0,661,10727,87550.0,1,87800.0,1,88050.0,1,88200.0,11,88250.0,93,88400.0,4,88450.0,6,88800.0,2,88850.0,2,88900.0,10,88300.0
lc2410,,13:39:38.209#,90000.0,90000.0,87700.0,0.0,0.0,661,10727,87550.0,1,87800.0,1,88050.0,1,88200.0,11,88250.0,93,88400.0,4,88450.0,6,88800.0,2,88850.0,2,88900.0,10,88300.0
lc2410,,13:39:38.321#,90000.0,90000.0,87700.0,0.0,0.0,661,10727,87800.0,1,88050.0,1,88150.0,6,88200.0,9,88250.0,93,88400.0,4,88450.0,6,88800.0,2,88850.0,2,88900.0,10,88300.0
lc2410,,13:39:38.661#,90000.0,90000.0,87700.0,0.0,0.0,661,10727,87800.0,1,88050.0,1,88150.0,7,88200.0,9,88250.0,93,88400.0,4,88450.0,6,88800.0,2,88850.0,2,88900.0,10,88300.0
lc2410,,13:39:39.815#,90000.0,90000.0,87700.0,0.0,0.0,661,10727,87800.0,1,88050.0,1,88150.0,7,88200.0,9,88250.0,93,88400.0,4,88450.0,6,88800.0,2,88850.0,2,88900.0,10,88300.0
lc2410,,13:39:42.245#,90000.0,90000.0,87700.0,0.0,0.0,661,10727,87800.0,1,88050.0,1,88150.0,7,88200.0,9,88250.0,93,88400.0,4,88450.0,6,88800.0,2,88850.0,2,88900.0,10,88300.0
lc2410,,13:39:42.533#,90000.0,90000.0,87700.0,0.0,0.0,661,10727,87800.0,1,88050.0,1,88150.0,7,88200.0,9,88250.0,93,88400.0,4,88450.0,6,88800.0,2,88850.0,2,88900.0,10,88300.0
lc2410,,13:39:42.974#,90000.0,90000.0,87700.0,0.0,0.0,661,10727,87800.0,1,88050.0,1,88150.0,7,88200.0,9,88250.0,93,88400.0,4,88450.0,6,88800.0,2,88850.0,2,88900.0,10,88300.0
lc2410,,13:39:43.71#,90000.0,90000.0,87700.0,0.0,0.0,661,10727,87800.0,1,88050.0,1,88150.0,6,88200.0,9,88250.0,93,88400.0,4,88450.0,6,88800.0,2,88850.0,2,88900.0,10,88300.0
lc2410,,13:39:44.249#,90000.0,90000.0,87700.0,0.0,0.0,661,10727,87800.0,1,88050.0,1,88150.0,6,88200.0,9,88250.0,93,88400.0,4,88450.0,6,88800.0,2,88850.0,2,88900.0,10,88300.0
lc2410,,13:39:44.840#,90000.0,90000.0,87700.0,0.0,0.0,661,10727,87800.0,1,88050.0,1,88150.0,6,88200.0,9,88250.0,93,88400.0,4,88450.0,6,88800.0,2,88850.0,2,88900.0,10,88300.0
lc2410,,13:39:46.51#,90000.0,90000.0,87700.0,0.0,0.0,661,10727,87800.0,1,88050.0,1,88150.0,6,88200.0,9,88250.0,93,88400.0,4,88450.0,6,88800.0,2,88850.0,2,88900.0,10,88300.0
lc2410,,13:39:46.121#,90000.0,90000.0,87700.0,0.0,0.0,661,10727,87800.0,1,88050.0,1,88150.0,6,88200.0,9,88250.0,93,88400.0,4,88450.0,6,88800.0,2,88850.0,2,88900.0,10,88300.0
lc2410,,13:39:46.575#,90000.0,90000.0,87700.0,0.0,0.0,661,10727,87800.0,1,88050.0,1,88150.0,6,88200.0,9,88250.0,93,88400.0,4,88450.0,6,88800.0,2,88850.0,2,88900.0,10,88300.0
lc2410,,13:39:46.960#,90000.0,90000.0,87700.0,0.0,0.0,661,10727,87800.0,1,88050.0,1,88150.0,6,88200.0,9,88250.0,93,88400.0,4,88450.0,6,88800.0,2,88850.0,2,88900.0,10,88300.0
lc2410,,13:39:47.172#,90000.0,90000.0,87700.0,0.0,0.0,661,10727,87800.0,1,88050.0,1,88150.0,6,88200.0,9,88250.0,93,88400.0,4,88450.0,6,88800.0,2,88850.0,2,88900.0,10,88300.0
lc2410,,13:39:47.504#,90000.0,90000.0,87700.0,0.0,0.0,661,10727,87800.0,1,88050.0,1,88150.0,6,88200.0,9,88250.0,69,88400.0,4,88450.0,6,88800.0,2,88850.0,2,88900.0,10,88300.0
lc2410,,13:39:47.788#,90000.0,90000.0,87700.0,0.0,0.0,661,10727,87550.0,1,87800.0,1,88050.0,1,88150.0,4,88200.0,9,88400.0,4,88450.0,6,88800.0,2,88850.0,2,88900.0,10,88300.0
lc2410,,13:39:48.26#,90000.0,90000.0,87700.0,0.0,0.0,661,10727,87550.0,1,87800.0,1,88050.0,1,88150.0,4,88200.0,100,88400.0,5,88450.0,2,88800.0,2,88850.0,2,88900.0,10,88300.0
lc2410,,13:39:48.247#,90000.0,90000.0,87700.0,0.0,0.0,661,10727,87550.0,1,87800.0,1,88050.0,1,88150.0,3,88200.0,94,88350.0,3,88400.0,5,88450.0,1,88800.0,2,88850.0,2,88300.0
lc2410,,13:39:48.569#,90000.0,90000.0,87700.0,0.0,0.0,661,10727,87550.0,1,87800.0,1,88050.0,1,88150.0,3,88200.0,94,88350.0,3,88400.0,5,88450.0,1,88800.0,2,88850.0,2,88300.0
lc2410,,13:39:48.789#,90000.0,90000.0,87700.0,0.0,0.0,661,10727,87550.0,1,87800.0,1,88050.0,1,88150.0,3,88200.0,94,88350.0,12,88400.0,5,88450.0,1,88800.0,2,88850.0,2,88300.0
lc2410,,13:39:49.64#,90000.0,90000.0,87700.0,0.0,0.0,661,10727,87550.0,1,87800.0,1,88050.0,1,88150.0,3,88200.0,94,88350.0,13,88400.0,5,88450.0,1,88800.0,2,88850.0,2,88300.0
lc2410,,13:39:49.122#,90000.0,90000.0,87700.0,0.0,0.0,661,10727,87550.0,1,87800.0,1,88050.0,1,88150.0,3,88200.0,94,88350.0,13,88400.0,5,88450.0,1,88800.0,2,88850.0,2,88300.0
lc2410,,13:39:49.558#,90000.0,90000.0,87700.0,0.0,0.0,661,10727,87550.0,1,87800.0,1,88050.0,1,88150.0,3,88200.0,94,88350.0,13,88400.0,5,88450.0,1,88800.0,2,88850.0,2,88300.0
lc2410,,13:39:49.699#,90000.0,90000.0,87700.0,0.0,0.0,661,10727,87550.0,1,87800.0,1,88050.0,1,88150.0,3,88200.0,94,88350.0,13,88400.0,5,88450.0,1,88800.0,2,88850.0,2,88300.0
lc2410,,13:39:50.152#,90000.0,90000.0,87700.0,0.0,0.0,661,10727,87550.0,1,87800.0,1,88050.0,1,88150.0,3,88200.0,94,88350.0,13,88400.0,5,88450.0,1,88800.0,2,88850.0,2,88300.0
lc2410,,13:39:50.752#,90000.0,90000.0,87700.0,0.0,0.0,661,10727,87550.0,1,87800.0,1,88050.0,1,88150.0,3,88200.0,94,88350.0,13,88400.0,5,88450.0,1,88800.0,2,88850.0,2,88300.0
lc2410,,13:39:51.435#,90000.0,90000.0,87700.0,0.0,0.0,661,10727,87550.0,1,87800.0,1,88050.0,1,88150.0,3,88200.0,94,88350.0,13,88400.0,5,88450.0,1,88800.0,2,88850.0,2,88300.0
lc2410,,13:39:51.816#,90000.0,90000.0,87700.0,0.0,0.0,661,10727,87550.0,1,87800.0,1,88050.0,1,88150.0,3,88200.0,94,88350.0,13,88400.0,5,88450.0,1,88800.0,2,88850.0,2,88300.0
lc2410,,13:39:52.551#,90000.0,90000.0,87700.0,0.0,0.0,661,10727,87550.0,1,87800.0,1,88050.0,1,88150.0,3,88200.0,94,88350.0,13,88400.0,5,88450.0,1,88800.0,2,88850.0,2,88300.0
lc2410,,13:39:52.588#,90000.0,90000.0,87700.0,0.0,0.0,661,10727,87550.0,1,87800.0,1,88050.0,1,88150.0,3,88200.0,94,88350.0,13,88400.0,5,88450.0,1,88800.0,2,88850.0,2,88300.0
lc2410,,13:39:52.944#,90000.0,90000.0,87700.0,0.0,0.0,661,10727,87550.0,1,87800.0,1,88050.0,1,88150.0,3,88200.0,94,88350.0,13,88400.0,5,88450.0,1,88800.0,2,88850.0,2,88300.0
lc2410,,13:39:53.420#,90000.0,90000.0,87700.0,0.0,0.0,661,10727,87550.0,1,87800.0,1,88050.0,1,88150.0,3,88200.0,94,88350.0,13,88400.0,5,88450.0,1,88800.0,2,88850.0,2,88300.0
lc2410,,13:39:53.571#,90000.0,90000.0,87700.0,0.0,0.0,661,10727,87550.0,1,87800.0,1,88050.0,1,88150.0,4,88200.0,94,88350.0,13,88400.0,5,88450.0,1,88800.0,2,88850.0,2,88300.0
lc2410,,13:39:54.634#,90000.0,90000.0,87700.0,0.0,0.0,661,10727,87550.0,1,87800.0,1,88050.0,1,88150.0,4,88200.0,94,88350.0,13,88400.0,5,88450.0,1,88800.0,2,88850.0,2,88300.0
lc2410,,13:39:54.925#,90000.0,90000.0,87700.0,0.0,0.0,661,10727,87550.0,1,87800.0,1,88050.0,1,88150.0,4,88200.0,94,88350.0,13,88400.0,5,88450.0,1,88800.0,2,88850.0,2,88300.0
lc2410,,13:39:55.140#,90000.0,90000.0,87700.0,0.0,0.0,661,10727,87550.0,1,87800.0,1,88050.0,1,88150.0,3,88200.0,94,88350.0,13,88400.0,5,88450.0,1,88800.0,2,88850.0,2,88300.0
lc2410,,13:39:55.987#,90000.0,90000.0,87700.0,0.0,0.0,661,10727,87550.0,1,87800.0,1,88050.0,1,88150.0,3,88200.0,94,88350.0,13,88400.0,5,88450.0,1,88800.0,2,88850.0,2,88300.0
lc2410,,13:39:56.224#,90000.0,90000.0,87700.0,0.0,0.0,661,10727,87550.0,1,87800.0,1,88050.0,1,88150.0,3,88200.0,94,88350.0,13,88400.0,5,88450.0,1,88800.0,2,88850.0,2,88300.0
lc2410,,13:39:56.698#,90000.0,90000.0,87700.0,0.0,0.0,661,10727,87550.0,1,87800.0,1,88050.0,1,88150.0,3,88200.0,92,88350.0,13,88400.0,5,88450.0,1,88800.0,2,88850.0,2,88300.0
lc2410,,13:39:56.882#,90000.0,90000.0,87700.0,0.0,0.0,661,10727,87550.0,1,87800.0,1,88050.0,1,88150.0,3,88200.0,92,88350.0,13,88400.0,5,88450.0,1,88800.0,2,88850.0,2,88300.0
lc2410,,13:39:57.229#,90000.0,90000.0,87700.0,0.0,0.0,661,10727,87550.0,1,87800.0,1,88050.0,1,88150.0,3,88200.0,90,88350.0,13,88400.0,5,88450.0,1,88800.0,2,88850.0,2,88300.0
lc2410,,13:39:57.320#,90000.0,90000.0,87700.0,0.0,0.0,661,10727,87550.0,1,87800.0,1,88050.0,1,88150.0,3,88200.0,84,88350.0,13,88400.0,5,88450.0,1,88800.0,2,88850.0,2,88300.0
lc2410,,13:39:57.718#,90000.0,90000.0,87700.0,0.0,0.0,661,10727,87550.0,1,87800.0,1,88050.0,1,88150.0,3,88200.0,85,88350.0,13,88400.0,5,88450.0,1,88800.0,2,88850.0,2,88300.0
lc2410,,13:39:58.196#,90000.0,90000.0,87700.0,0.0,0.0,661,10727,87550.0,1,87800.0,1,88050.0,1,88150.0,3,88200.0,87,88350.0,13,88400.0,5,88450.0,1,88800.0,2,88850.0,2,88300.0
lc2410,,13:39:58.775#,90000.0,90000.0,87700.0,0.0,0.0,661,10727,87550.0,1,87800.0,1,88050.0,1,88150.0,3,88200.0,87,88350.0,13,88400.0,5,88450.0,1,88800.0,2,88850.0,2,88300.0
lc2410,,13:39:58.966#,90000.0,90000.0,87700.0,0.0,0.0,661,10727,87550.0,1,87800.0,1,88050.0,1,88150.0,3,88200.0,86,88350.0,13,88400.0,5,88450.0,1,88800.0,2,88850.0,2,88300.0
lc2410,,13:39:59.489#,90000.0,90000.0,87700.0,0.0,0.0,661,10727,87550.0,1,87800.0,1,88050.0,1,88150.0,3,88200.0,77,88350.0,13,88400.0,5,88450.0,1,88800.0,2,88850.0,2,88300.0
lc2410,,13:39:59.672#,90000.0,90000.0,87700.0,0.0,0.0,661,10727,87550.0,1,87800.0,1,88050.0,1,88150.0,3,88200.0,77,88350.0,13,88400.0,5,88450.0,1,88800.0,2,88850.0,2,88300.0
lc2410,,13:39:59.909#,90000.0,90000.0,87700.0,0.0,0.0,661,10727,87550.0,1,87800.0,1,88050.0,1,88150.0,3,88200.0,75,88350.0,13,88400.0,5,88450.0,1,88800.0,2,88850.0,2,88300.0
lc2410,,13:40:00.193#,90000.0,90000.0,87700.0,0.0,0.0,661,10727,87550.0,1,87800.0,1,88050.0,1,88150.0,3,88200.0,75,88350.0,13,88400.0,5,88450.0,1,88800.0,2,88850.0,2,88300.0
lc2410,,13:40:00.776#,90000.0,90000.0,87700.0,0.0,0.0,661,10727,87550.0,1,87800.0,1,88050.0,1,88150.0,3,88200.0,73,88350.0,13,88400.0,5,88450.0,1,88800.0,2,88850.0,2,88300.0
lc2410,,13:40:01.161#,90000.0,90000.0,87700.0,0.0,0.0,661,10727,87550.0,1,87800.0,1,88050.0,1,88150.0,3,88200.0,26,88350.0,13,88400.0,5,88450.0,1,88800.0,2,88850.0,2,88300.0
lc2410,,13:40:01.490#,90000.0,90000.0,87700.0,0.0,0.0,661,10727,87550.0,1,87800.0,1,88050.0,1,88150.0,62,88200.0,2,88350.0,3,88400.0,5,88450.0,1,88800.0,2,88850.0,2,88300.0
lc2410,,13:40:01.819#,90000.0,90000.0,87700.0,0.0,0.0,661,10727,87550.0,1,87800.0,1,88050.0,1,88150.0,104,88200.0,1,88250.0,6,88300.0,2,88350.0,2,88400.0,3,88450.0,1,88300.0
lc2410,,13:40:02.32#,90000.0,90000.0,87700.0,0.0,0.0,661,10727,87550.0,1,87800.0,1,88050.0,1,88150.0,101,88200.0,1,88250.0,5,88300.0,2,88350.0,2,88450.0,1,88800.0,2,88300.0
lc2410,,13:40:02.223#,90000.0,90000.0,87700.0,0.0,0.0,661,10727,87550.0,1,87800.0,1,88050.0,1,88150.0,10,88200.0,64,88450.0,1,88800.0,2,88850.0,2,88900.0,10,89000.0,13,88300.0
lc2410,,13:40:02.351#,90000.0,90000.0,87700.0,0.0,0.0,661,10727,87550.0,1,87800.0,1,88050.0,1,88150.0,3,88200.0,76,88350.0,14,88400.0,4,88450.0,5,88800.0,2,88850.0,2,88300.0
lc2410,,13:40:02.816#,90000.0,90000.0,87700.0,0.0,0.0,661,10727,87550.0,1,87800.0,1,88050.0,1,88150.0,4,88200.0,78,88350.0,11,88400.0,1,88450.0,42,88800.0,2,88850.0,2,88300.0
lc2410,,13:40:02.863#,90000.0,90000.0,87700.0,0.0,0.0,661,10727,87550.0,1,87800.0,1,88050.0,1,88150.0,4,88200.0,78,88350.0,11,88400.0,1,88450.0,42,88800.0,2,88850.0,2,88300.0
lc2410,,13:40:03.199#,90000.0,90000.0,87700.0,0.0,0.0,661,10727,87550.0,1,87800.0,1,88050.0,1,88150.0,4,88200.0,79,88350.0,11,88400.0,1,88450.0,42,88800.0,2,88850.0,2,88300.0
lc2410,,13:40:03.552#,90000.0,90000.0,87700.0,0.0,0.0,661,10727,87550.0,1,87800.0,1,88050.0,1,88150.0,4,88200.0,78,88350.0,11,88400.0,1,88450.0,42,88800.0,2,88850.0,2,88300.0
lc2410,,13:40:04.48#,90000.0,90000.0,87700.0,0.0,0.0,661,10727,87550.0,1,87800.0,1,88050.0,1,88150.0,4,88200.0,77,88350.0,11,88400.0,1,88450.0,42,88800.0,2,88850.0,2,88300.0
lc2410,,13:40:04.511#,90000.0,90000.0,87700.0,0.0,0.0,661,10727,87550.0,1,87800.0,1,88050.0,1,88150.0,4,88200.0,76,88350.0,11,88400.0,1,88450.0,42,88800.0,2,88850.0,2,88300.0
lc2410,,13:40:04.663#,90000.0,90000.0,87700.0,0.0,0.0,661,10727,87550.0,1,87800.0,1,88050.0,1,88150.0,4,88200.0,75,88350.0,11,88400.0,1,88450.0,42,88800.0,2,88850.0,2,88300.0
lc2410,,13:40:04.854#,90000.0,90000.0,87700.0,0.0,0.0,661,10727,87550.0,1,87800.0,1,88050.0,1,88150.0,4,88200.0,75,88350.0,11,88400.0,1,88450.0,42,88800.0,2,88850.0,2,88300.0
lc2410,,13:40:05.177#,90000.0,90000.0,87700.0,0.0,0.0,661,10727,87550.0,1,87800.0,1,88050.0,1,88150.0,4,88200.0,72,88350.0,11,88400.0,1,88450.0,42,88800.0,2,88850.0,2,88300.0
lc2410,,13:40:05.666#,90000.0,90000.0,87700.0,0.0,0.0,661,10727,87550.0,1,87800.0,1,88050.0,1,88150.0,4,88200.0,51,88350.0,11,88400.0,1,88450.0,42,88800.0,2,88850.0,2,88300.0
lc2410,,13:40:06.47#,90000.0,90000.0,87700.0,0.0,0.0,661,10727,87550.0,1,87800.0,1,88050.0,1,88150.0,3,88200.0,46,88350.0,11,88400.0,2,88450.0,1,88800.0,2,88850.0,2,88300.0
lc2410,,13:40:06.70#,90000.0,90000.0,87700.0,0.0,0.0,661,10727,87550.0,1,87800.0,1,88050.0,1,88150.0,3,88200.0,43,88350.0,11,88400.0,2,88450.0,1,88800.0,2,88850.0,2,88300.0
lc2410,,13:40:06.570#,90000.0,90000.0,87700.0,0.0,0.0,661,10727,87550.0,1,87800.0,1,88050.0,1,88150.0,3,88200.0,44,88350.0,11,88400.0,2,88450.0,1,88800.0,2,88850.0,2,88300.0
lc2410,,13:40:06.907#,90000.0,90000.0,87700.0,0.0,0.0,661,10727,87550.0,1,87800.0,1,88050.0,1,88150.0,3,88200.0,70,88350.0,11,88400.0,2,88450.0,1,88800.0,2,88850.0,2,88300.0
lc2410,,13:40:07.293#,90000.0,90000.0,87700.0,0.0,0.0,661,10727,87550.0,1,87800.0,1,88050.0,1,88150.0,4,88200.0,76,88350.0,11,88400.0,1,88450.0,42,88800.0,2,88850.0,2,88300.0
lc2410,,13:40:07.423#,90000.0,90000.0,87700.0,0.0,0.0,661,10727,87550.0,1,87800.0,1,88050.0,1,88150.0,4,88200.0,75,88350.0,11,88400.0,1,88450.0,42,88800.0,2,88850.0,2,88300.0
lc2410,,13:40:07.951#,90000.0,90000.0,87700.0,0.0,0.0,661,10727,87550.0,1,87800.0,1,88050.0,1,88150.0,4,88200.0,77,88350.0,11,88400.0,1,88450.0,42,88800.0,2,88850.0,2,88300.0
lc2410,,13:40:08.293#,90000.0,90000.0,87700.0,0.0,0.0,661,10727,87550.0,1,87800.0,1,88050.0,1,88150.0,4,88200.0,69,88350.0,11,88400.0,2,88450.0,1,88800.0,2,88850.0,2,88300.0
lc2410,,13:40:08.530#,90000.0,90000.0,87700.0,0.0,0.0,661,10727,87550.0,1,87800.0,1,88050.0,1,88150.0,4,88200.0,69,88350.0,11,88400.0,1,88450.0,42,88800.0,2,88850.0,2,88300.0
lc2410,,13:40:08.670#,90000.0,90000.0,87700.0,0.0,0.0,661,10727,87550.0,1,87800.0,1,88050.0,1,88150.0,4,88200.0,71,88350.0,11,88400.0,1,88450.0,38,88800.0,2,88850.0,2,88300.0
lc2410,,13:40:08.938#,90000.0,90000.0,87700.0,0.0,0.0,661,10727,87550.0,1,87800.0,1,88050.0,1,88150.0,4,88200.0,69,88350.0,11,88400.0,1,88450.0,38,88800.0,2,88850.0,2,88300.0
lc2410,,13:40:09.170#,90000.0,90000.0,87700.0,0.0,0.0,661,10727,87550.0,1,87800.0,1,88050.0,1,88150.0,4,88200.0,69,88350.0,11,88400.0,1,88450.0,42,88800.0,2,88850.0,2,88300.0
lc2410,,13:40:10.48#,90000.0,90000.0,87700.0,0.0,0.0,661,10727,87550.0,1,87800.0,1,88050.0,1,88150.0,4,88200.0,67,88350.0,11,88400.0,1,88450.0,37,88800.0,2,88850.0,2,88300.0
lc2410,,13:40:10.85#,90000.0,90000.0,87700.0,0.0,0.0,661,10727,87550.0,1,87800.0,1,88050.0,1,88150.0,4,88200.0,67,88350.0,11,88400.0,1,88450.0,37,88800.0,2,88850.0,2,88300.0
lc2410,,13:40:10.461#,90000.0,90000.0,87700.0,0.0,0.0,661,10727,87550.0,1,87800.0,1,88050.0,1,88150.0,4,88200.0,67,88350.0,11,88400.0,1,88450.0,37,88800.0,2,88850.0,2,88300.0
lc2410,,13:40:10.571#,90000.0,90000.0,87700.0,0.0,0.0,661,10727,87550.0,1,87800.0,1,88050.0,1,88150.0,3,88200.0,67,88350.0,11,88400.0,1,88450.0,37,88800.0,2,88850.0,2,88300.0
lc2410,,13:40:11.430#,90000.0,90000.0,87700.0,0.0,0.0,661,10727,87550.0,1,87800.0,1,88050.0,1,88150.0,3,88200.0,69,88350.0,11,88400.0,1,88450.0,37,88800.0,2,88850.0,2,88300.0
lc2410,,13:40:11.623#,90000.0,90000.0,87700.0,0.0,0.0,661,10727,87550.0,1,87800.0,1,88050.0,1,88150.0,3,88200.0,72,88350.0,11,88400.0,1,88450.0,37,88800.0,2,88850.0,2,88300.0
lc2410,,13:40:12.7#,90000.0,90000.0,87700.0,0.0,0.0,661,10727,87550.0,1,87800.0,1,88050.0,1,88150.0,3,88200.0,72,88350.0,11,88400.0,1,88450.0,37,88800.0,2,88850.0,2,88300.0
lc2410,,13:40:12.189#,90000.0,90000.0,87700.0,0.0,0.0,661,10727,87550.0,1,87800.0,1,88050.0,1,88150.0,4,88200.0,72,88350.0,11,88400.0,1,88450.0,37,88800.0,2,88850.0,2,88300.0
lc2410,,13:40:12.479#,90000.0,90000.0,87700.0,0.0,0.0,661,10727,87550.0,1,87800.0,1,88050.0,1,88150.0,4,88200.0,72,88350.0,11,88400.0,1,88450.0,37,88800.0,2,88850.0,2,88300.0
lc2410,,13:40:12.599#,90000.0,90000.0,87700.0,0.0,0.0,661,10727,87550.0,1,87800.0,1,88050.0,1,88150.0,4,88200.0,73,88350.0,11,88400.0,1,88450.0,37,88800.0,2,88850.0,2,88300.0
lc2410,,13:40:14.94#,90000.0,90000.0,87700.0,0.0,0.0,661,10727,87550.0,1,87800.0,1,88050.0,1,88150.0,4,88200.0,74,88350.0,11,88400.0,1,88450.0,37,88800.0,2,88850.0,2,88300.0
lc2410,,13:40:15.311#,90000.0,90000.0,87700.0,0.0,0.0,661,10727,87550.0,1,87800.0,1,88050.0,1,88150.0,4,88200.0,76,88350.0,11,88400.0,2,88450.0,1,88800.0,2,88850.0,2,88300.0
lc2410,,13:40:16.233#,90000.0,90000.0,87700.0,0.0,0.0,661,10727,87550.0,1,87800.0,1,88050.0,1,88150.0,4,88200.0,76,88350.0,11,88400.0,2,88450.0,1,88800.0,2,88850.0,2,88300.0
lc2410,,13:40:16.488#,90000.0,90000.0,87700.0,0.0,0.0,661,10727,87550.0,1,87800.0,1,88050.0,1,88150.0,3,88200.0,74,88350.0,11,88400.0,2,88450.0,1,88800.0,2,88850.0,2,88300.0
lc2410,,13:40:17.324#,90000.0,90000.0,87700.0,0.0,0.0,661,10727,87550.0,1,87800.0,1,88050.0,1,88150.0,3,88200.0,75,88350.0,11,88400.0,2,88450.0,1,88800.0,2,88850.0,2,88300.0
lc2410,,13:40:18.535#,90000.0,90000.0,87700.0,0.0,0.0,661,10727,87550.0,1,87800.0,1,88050.0,1,88150.0,3,88200.0,75,88350.0,11,88400.0,2,88450.0,1,88800.0,2,88850.0,2,88300.0
lc2410,,13:40:18.644#,90000.0,90000.0,87700.0,0.0,0.0,661,10727,87550.0,1,87800.0,1,88050.0,1,88150.0,3,88200.0,25,88350.0,11,88400.0,2,88450.0,1,88800.0,2,88850.0,2,88300.0
lc2410,,13:40:18.944#,90000.0,90000.0,87700.0,0.0,0.0,661,10727,87550.0,1,87800.0,1,88050.0,1,88150.0,95,88200.0,4,88350.0,11,88400.0,2,88450.0,1,88800.0,2,88850.0,2,88300.0
lc2410,,13:40:19.162#,90000.0,90000.0,87700.0,0.0,0.0,661,10727,87550.0,1,87800.0,1,88050.0,1,88150.0,9,88200.0,5,88350.0,4,88400.0,4,88450.0,1,88800.0,2,88850.0,2,88300.0
lc2410,,13:40:19.437#,90000.0,90000.0,87700.0,0.0,0.0,661,10727,87400.0,8,87500.0,2,87550.0,1,87800.0,1,88050.0,1,88350.0,4,88400.0,4,88450.0,1,88800.0,2,88850.0,2,88300.0
lc2410,,13:40:19.706#,90000.0,90000.0,87700.0,0.0,0.0,661,10727,87800.0,1,88000.0,2,88050.0,2,88100.0,5,88150.0,9,88350.0,4,88400.0,4,88450.0,1,88800.0,2,88850.0,2,88300.0
lc2410,,13:40:19.822#,90000.0,90000.0,87700.0,0.0,0.0,661,10727,87800.0,1,88000.0,2,88050.0,1,88100.0,2,88150.0,9,88350.0,4,88400.0,4,88450.0,1,88800.0,2,88850.0,2,88300.0
lc2410,,13:40:20.199#,90000.0,90000.0,87700.0,0.0,0.0,661,10727,87800.0,1,88000.0,2,88050.0,1,88100.0,2,88150.0,4,88350.0,4,88400.0,4,88450.0,1,88800.0,2,88850.0,2,88300.0
lc2410,,13:40:20.392#,90000.0,90000.0,87700.0,0.0,0.0,661,10727,87800.0,1,88000.0,2,88050.0,1,88100.0,2,88150.0,10,88350.0,4,88400.0,2,88450.0,1,88800.0,2,88850.0,2,88300.0
lc2410,,13:40:20.627#,90000.0,90000.0,87700.0,0.0,0.0,661,10727,87800.0,1,88000.0,2,88050.0,1,88100.0,2,88150.0,4,88350.0,14,88400.0,2,88450.0,1,88800.0,2,88850.0,2,88300.0
lc2410,,13:40:20.821#,90000.0,90000.0,87700.0,0.0,0.0,661,10727,87800.0,1,88000.0,2,88050.0,1,88100.0,2,88150.0,12,88350.0,14,88400.0,2,88450.0,1,88800.0,2,88850.0,2,88300.0
lc2410,,13:40:21.201#,90000.0,90000.0,87700.0,0.0,0.0,661,10727,87800.0,1,88000.0,2,88050.0,1,88100.0,2,88150.0,11,88350.0,14,88400.0,2,88450.0,1,88800.0,2,88850.0,2,88300.0
lc2410,,13:40:21.538#,90000.0,90000.0,87700.0,0.0,0.0,661,10727,87800.0,1,88000.0,2,88050.0,1,88100.0,2,88150.0,11,88350.0,14,88400.0,2,88450.0,1,88800.0,2,88850.0,2,88300.0
lc2410,,13:40:21.681#,90000.0,90000.0,87700.0,0.0,0.0,661,10727,87800.0,1,88000.0,2,88050.0,1,88100.0,2,88150.0,3,88350.0,14,88400.0,2,88450.0,1,88800.0,2,88850.0,2,88300.0
lc2410,,13:40:21.991#,90000.0,90000.0,87700.0,0.0,0.0,661,10727,87800.0,1,88000.0,2,88050.0,1,88100.0,2,88150.0,3,88350.0,14,88400.0,2,88450.0,1,88800.0,2,88850.0,2,88300.0
lc2410,,13:40:22.201#,90000.0,90000.0,87700.0,0.0,0.0,661,10727,87800.0,1,88000.0,2,88050.0,1,88100.0,2,88150.0,4,88350.0,14,88400.0,2,88450.0,1,88800.0,2,88850.0,2,88300.0
lc2410,,13:40:22.321#,90000.0,90000.0,87700.0,0.0,0.0,661,10727,87800.0,1,88000.0,2,88050.0,1,88100.0,2,88150.0,4,88350.0,14,88400.0,2,88450.0,1,88800.0,2,88850.0,2,88300.0
lc2410,,13:40:23.715#,90000.0,90000.0,87700.0,0.0,0.0,661,10727,87800.0,1,88000.0,2,88050.0,1,88100.0,2,88150.0,4,88350.0,14,88400.0,2,88450.0,1,88800.0,2,88850.0,2,88300.0
lc2410,,13:40:23.821#,90000.0,90000.0,87700.0,0.0,0.0,661,10727,87800.0,1,88000.0,2,88050.0,1,88100.0,2,88150.0,12,88350.0,14,88400.0,2,88450.0,1,88800.0,2,88850.0,2,88300.0
lc2410,,13:40:24.198#,90000.0,90000.0,87700.0,0.0,0.0,661,10727,87800.0,1,88000.0,2,88050.0,1,88100.0,2,88150.0,10,88350.0,14,88400.0,2,88450.0,1,88800.0,2,88850.0,2,88300.0
lc2410,,13:40:24.321#,90000.0,90000.0,87700.0,0.0,0.0,661,10727,87800.0,1,88000.0,2,88050.0,1,88100.0,2,88150.0,10,88350.0,14,88400.0,2,88450.0,1,88800.0,2,88850.0,2,88300.0
lc2410,,13:40:24.703#,90000.0,90000.0,87700.0,0.0,0.0,661,10727,87800.0,1,88000.0,2,88050.0,1,88100.0,2,88150.0,5,88350.0,14,88400.0,2,88450.0,1,88800.0,2,88850.0,2,88300.0
lc2410,,13:40:25.314#,90000.0,90000.0,87700.0,0.0,0.0,661,10727,87800.0,1,88000.0,2,88050.0,1,88100.0,2,88150.0,5,88350.0,14,88400.0,2,88450.0,1,88800.0,2,88850.0,2,88300.0
lc2410,,13:40:25.320#,90000.0,90000.0,87700.0,0.0,0.0,661,10727,87800.0,1,88000.0,2,88050.0,1,88100.0,2,88150.0,5,88350.0,14,88400.0,2,88450.0,1,88800.0,2,88850.0,2,88300.0
lc2410,,13:40:25.790#,90000.0,90000.0,87700.0,0.0,0.0,661,10727,87800.0,1,88000.0,2,88050.0,1,88100.0,2,88150.0,5,88350.0,14,88400.0,2,88450.0,1,88800.0,2,88850.0,2,88300.0
lc2410,,13:40:25.863#,90000.0,90000.0,87700.0,0.0,0.0,661,10727,87800.0,1,88000.0,2,88050.0,1,88100.0,2,88150.0,5,88350.0,14,88400.0,2,88450.0,1,88800.0,2,88850.0,2,88300.0
lc2410,,13:40:26.283#,90000.0,90000.0,87700.0,0.0,0.0,661,10727,87800.0,1,88000.0,2,88050.0,1,88100.0,2,88150.0,5,88350.0,14,88400.0,2,88450.0,1,88800.0,2,88850.0,2,88300.0
lc2410,,13:40:28.264#,90000.0,90000.0,87700.0,0.0,0.0,661,10727,87800.0,1,88000.0,2,88050.0,1,88100.0,2,88150.0,5,88350.0,14,88400.0,2,88450.0,1,88800.0,2,88850.0,2,88300.0
lc2410,,13:40:28.536#,90000.0,90000.0,87700.0,0.0,0.0,661,10727,87800.0,1,88000.0,2,88050.0,1,88100.0,2,88150.0,4,88350.0,14,88400.0,2,88450.0,1,88800.0,2,88850.0,2,88300.0
lc2410,,13:40:28.713#,90000.0,90000.0,87700.0,0.0,0.0,661,10727,87800.0,1,88000.0,2,88050.0,1,88100.0,2,88150.0,4,88350.0,14,88400.0,2,88450.0,1,88800.0,2,88850.0,2,88300.0
lc2410,,13:40:28.877#,90000.0,90000.0,87700.0,0.0,0.0,661,10727,87800.0,1,88000.0,2,88050.0,1,88100.0,2,88150.0,4,88350.0,14,88400.0,2,88450.0,1,88800.0,2,88850.0,2,88300.0
lc2410,,13:40:29.385#,90000.0,90000.0,87700.0,0.0,0.0,661,10727,87800.0,1,88000.0,2,88050.0,1,88100.0,2,88150.0,4,88350.0,14,88400.0,2,88450.0,1,88800.0,2,88850.0,2,88300.0
lc2410,,13:40:30.1#,90000.0,90000.0,87700.0,0.0,0.0,661,10727,87800.0,1,88000.0,2,88050.0,1,88100.0,2,88150.0,4,88350.0,14,88400.0,2,88450.0,1,88800.0,2,88850.0,2,88300.0
lc2410,,13:40:30.200#,90000.0,90000.0,87700.0,0.0,0.0,661,10727,87800.0,1,88000.0,2,88050.0,1,88100.0,2,88150.0,9,88350.0,14,88400.0,2,88450.0,1,88800.0,2,88850.0,2,88300.0
lc2410,,13:40:30.383#,90000.0,90000.0,87700.0,0.0,0.0,661,10727,87800.0,1,88000.0,2,88050.0,1,88100.0,2,88150.0,9,88350.0,14,88400.0,2,88450.0,1,88800.0,2,88850.0,2,88300.0
lc2410,,13:40:30.730#,90000.0,90000.0,87700.0,0.0,0.0,661,10727,87800.0,1,88000.0,2,88050.0,1,88100.0,2,88150.0,9,88350.0,14,88400.0,2,88450.0,1,88800.0,2,88850.0,2,88300.0
lc2410,,13:40:31.297#,90000.0,90000.0,87700.0,0.0,0.0,661,10727,87550.0,1,87800.0,1,88000.0,2,88050.0,1,88100.0,2,88350.0,17,88400.0,9,88450.0,1,88800.0,2,88850.0,2,88300.0
lc2410,,13:40:31.534#,90000.0,90000.0,87700.0,0.0,0.0,661,10727,87800.0,1,88000.0,2,88050.0,1,88100.0,2,88150.0,101,88350.0,21,88400.0,13,88450.0,1,88800.0,2,88850.0,2,88300.0
lc2410,,13:40:31.609#,90000.0,90000.0,87700.0,0.0,0.0,661,10727,87800.0,1,88000.0,2,88050.0,1,88100.0,2,88150.0,101,88350.0,26,88400.0,14,88450.0,1,88800.0,2,88850.0,2,88300.0
lc2410,,13:40:31.822#,90000.0,90000.0,87700.0,0.0,0.0,661,10727,87800.0,1,88000.0,2,88050.0,1,88100.0,2,88150.0,101,88350.0,29,88400.0,14,88450.0,1,88800.0,2,88850.0,2,88300.0
lc2410,,13:40:32.148#,90000.0,90000.0,87700.0,0.0,0.0,661,10727,87800.0,1,88000.0,2,88050.0,1,88100.0,2,88150.0,101,88350.0,29,88400.0,14,88450.0,1,88800.0,2,88850.0,2,88300.0
lc2410,,13:40:32.822#,90000.0,90000.0,87700.0,0.0,0.0,661,10727,87800.0,1,88000.0,2,88050.0,1,88100.0,2,88150.0,101,88350.0,29,88400.0,14,88450.0,1,88800.0,2,88850.0,2,88300.0
lc2410,,13:40:33.408#,90000.0,90000.0,87700.0,0.0,0.0,661,10727,87800.0,1,88000.0,2,88050.0,1,88100.0,2,88150.0,101,88350.0,29,88400.0,14,88450.0,1,88800.0,2,88850.0,2,88300.0
lc2410,,13:40:33.812#,90000.0,90000.0,87700.0,0.0,0.0,661,10727,87800.0,1,88000.0,2,88050.0,1,88100.0,2,88150.0,101,88350.0,29,88400.0,14,88450.0,1,88800.0,2,88850.0,2,88300.0
lc2410,,13:40:34.57#,90000.0,90000.0,87700.0,0.0,0.0,661,10727,87800.0,1,88000.0,2,88050.0,1,88100.0,2,88150.0,9,88350.0,29,88400.0,14,88450.0,1,88800.0,2,88850.0,2,88300.0
lc2410,,13:40:34.187#,90000.0,90000.0,87700.0,0.0,0.0,661,10727,87800.0,1,88000.0,2,88050.0,1,88100.0,2,88150.0,9,88350.0,14,88400.0,7,88450.0,1,88800.0,2,88850.0,2,88300.0
lc2410,,13:40:34.322#,90000.0,90000.0,87700.0,0.0,0.0,661,10727,87800.0,1,88000.0,2,88050.0,1,88100.0,2,88150.0,3,88350.0,14,88400.0,5,88450.0,1,88800.0,2,88850.0,2,88300.0
lc2410,,13:40:34.797#,90000.0,90000.0,87700.0,0.0,0.0,661,10727,87800.0,1,88000.0,2,88050.0,1,88100.0,2,88150.0,4,88350.0,14,88400.0,3,88450.0,1,88800.0,2,88850.0,2,88300.0
lc2410,,13:40:35.16#,90000.0,90000.0,87700.0,0.0,0.0,661,10727,87800.0,1,88000.0,2,88050.0,1,88100.0,2,88150.0,4,88350.0,14,88400.0,3,88450.0,1,88800.0,2,88850.0,2,88300.0
lc2410,,13:40:35.224#,90000.0,90000.0,87700.0,0.0,0.0,661,10727,87800.0,1,88000.0,2,88050.0,1,88100.0,2,88150.0,4,88350.0,14,88400.0,3,88450.0,1,88800.0,2,88850.0,2,88300.0
lc2410,,13:40:35.513#,90000.0,90000.0,87700.0,0.0,0.0,661,10727,87800.0,1,88000.0,2,88050.0,1,88100.0,2,88150.0,4,88350.0,14,88400.0,3,88450.0,1,88800.0,2,88850.0,2,88300.0
lc2410,,13:40:35.684#,90000.0,90000.0,87700.0,0.0,0.0,661,10727,87800.0,1,88000.0,2,88050.0,1,88100.0,2,88150.0,4,88350.0,14,88400.0,3,88450.0,1,88800.0,2,88850.0,2,88300.0
lc2410,,13:40:35.925#,90000.0,90000.0,87700.0,0.0,0.0,661,10727,87800.0,1,88000.0,2,88050.0,1,88100.0,2,88150.0,4,88350.0,14,88400.0,3,88450.0,1,88800.0,2,88850.0,2,88300.0
lc2410,,13:40:36.190#,90000.0,90000.0,87700.0,0.0,0.0,661,10727,87800.0,1,88000.0,2,88050.0,1,88100.0,2,88150.0,4,88350.0,14,88400.0,3,88450.0,1,88800.0,2,88850.0,2,88300.0
lc2410,,13:40:36.556#,90000.0,90000.0,87700.0,0.0,0.0,661,10727,87800.0,1,88000.0,2,88050.0,1,88100.0,2,88150.0,4,88350.0,14,88400.0,3,88450.0,1,88800.0,2,88850.0,2,88300.0
lc2410,,13:40:36.798#,90000.0,90000.0,87700.0,0.0,0.0,661,10727,87800.0,1,88000.0,2,88050.0,1,88100.0,2,88150.0,4,88350.0,14,88400.0,3,88450.0,1,88800.0,2,88850.0,2,88300.0
lc2410,,13:40:36.849#,90000.0,90000.0,87700.0,0.0,0.0,661,10727,87800.0,1,88000.0,2,88050.0,1,88100.0,2,88150.0,4,88350.0,14,88400.0,3,88450.0,1,88800.0,2,88850.0,2,88300.0
lc2410,,13:40:37.267#,90000.0,90000.0,87700.0,0.0,0.0,661,10727,87800.0,1,88000.0,2,88050.0,1,88100.0,2,88150.0,4,88350.0,14,88400.0,3,88450.0,1,88800.0,2,88850.0,2,88300.0
lc2410,,13:40:37.699#,90000.0,90000.0,87700.0,0.0,0.0,661,10727,87800.0,1,88000.0,2,88050.0,1,88100.0,2,88150.0,2,88350.0,14,88400.0,3,88450.0,1,88800.0,2,88850.0,2,88300.0
lc2410,,13:40:38.44#,90000.0,90000.0,87700.0,0.0,0.0,661,10727,87800.0,1,88000.0,2,88050.0,1,88100.0,2,88150.0,2,88350.0,14,88400.0,3,88450.0,1,88800.0,2,88850.0,2,88300.0
lc2410,,13:40:38.237#,90000.0,90000.0,87700.0,0.0,0.0,661,10727,87800.0,1,88000.0,2,88050.0,1,88100.0,2,88150.0,3,88350.0,14,88400.0,3,88450.0,1,88800.0,2,88850.0,2,88300.0
lc2410,,13:40:38.761#,90000.0,90000.0,87700.0,0.0,0.0,661,10727,87800.0,1,88000.0,2,88050.0,1,88100.0,2,88150.0,3,88350.0,14,88400.0,3,88450.0,1,88800.0,2,88850.0,2,88300.0
lc2410,,13:40:39.87#,90000.0,90000.0,87700.0,0.0,0.0,661,10727,87800.0,1,88000.0,2,88050.0,1,88100.0,2,88150.0,3,88350.0,14,88400.0,3,88450.0,1,88800.0,2,88850.0,2,88300.0
lc2410,,13:40:39.624#,90000.0,90000.0,87700.0,0.0,0.0,661,10727,87800.0,1,88000.0,2,88050.0,1,88100.0,2,88150.0,3,88350.0,15,88400.0,3,88450.0,1,88800.0,2,88850.0,2,88300.0
lc2410,,13:40:40.710#,90000.0,90000.0,87700.0,0.0,0.0,661,10727,87800.0,1,88000.0,2,88050.0,1,88100.0,2,88150.0,12,88350.0,15,88400.0,3,88450.0,1,88800.0,2,88850.0,2,88300.0
lc2410,,13:40:41.11#,90000.0,90000.0,87700.0,0.0,0.0,661,10727,87800.0,1,88000.0,2,88050.0,1,88100.0,2,88150.0,12,88350.0,15,88400.0,3,88450.0,1,88800.0,2,88850.0,2,88300.0
lc2410,,13:40:41.167#,90000.0,90000.0,87700.0,0.0,0.0,661,10727,87800.0,1,88000.0,2,88050.0,1,88100.0,2,88150.0,11,88350.0,15,88400.0,3,88450.0,1,88800.0,2,88850.0,2,88300.0
lc2410,,13:40:41.322#,90000.0,90000.0,87700.0,0.0,0.0,661,10727,87800.0,1,88000.0,2,88050.0,1,88100.0,4,88150.0,10,88350.0,15,88400.0,3,88450.0,1,88800.0,2,88850.0,2,88300.0
lc2410,,13:40:41.663#,90000.0,90000.0,87700.0,0.0,0.0,661,10727,87800.0,1,88000.0,2,88050.0,1,88100.0,5,88150.0,10,88350.0,15,88400.0,3,88450.0,1,88800.0,2,88850.0,2,88300.0
lc2410,,13:40:42.194#,90000.0,90000.0,87700.0,0.0,0.0,661,10727,87800.0,1,88000.0,2,88050.0,1,88100.0,5,88150.0,10,88350.0,15,88400.0,3,88450.0,1,88800.0,2,88850.0,2,88300.0
lc2410,,13:40:42.417#,90000.0,90000.0,87700.0,0.0,0.0,661,10727,87800.0,1,88000.0,2,88050.0,1,88100.0,5,88150.0,10,88350.0,15,88400.0,3,88450.0,1,88800.0,2,88850.0,2,88300.0
lc2410,,13:40:42.801#,90000.0,90000.0,87700.0,0.0,0.0,661,10727,87800.0,1,88000.0,2,88050.0,1,88100.0,5,88150.0,10,88350.0,4,88400.0,3,88450.0,1,88800.0,2,88850.0,2,88300.0
lc2410,,13:40:42.937#,90000.0,90000.0,87700.0,0.0,0.0,661,10727,87800.0,1,88000.0,2,88050.0,1,88100.0,5,88150.0,8,88350.0,5,88400.0,3,88450.0,1,88800.0,2,88850.0,2,88300.0
lc2410,,13:40:43.214#,90000.0,90000.0,87700.0,0.0,0.0,661,10727,87800.0,1,88000.0,2,88050.0,1,88100.0,5,88150.0,8,88350.0,6,88400.0,3,88450.0,1,88800.0,2,88850.0,2,88300.0
lc2410,,13:40:43.404#,90000.0,90000.0,87700.0,0.0,0.0,661,10727,87800.0,1,88000.0,2,88050.0,1,88100.0,5,88150.0,8,88350.0,7,88400.0,3,88450.0,1,88800.0,2,88850.0,2,88300.0
lc2410,,13:40:44.984#,90000.0,90000.0,87700.0,0.0,0.0,661,10727,87800.0,1,88000.0,2,88050.0,6,88100.0,2,88150.0,6,88350.0,7,88400.0,3,88450.0,1,88800.0,2,88850.0,2,88300.0
lc2410,,13:40:45.164#,90000.0,90000.0,87700.0,0.0,0.0,661,10727,87800.0,1,88000.0,2,88050.0,1,88100.0,18,88150.0,7,88350.0,7,88400.0,4,88450.0,1,88800.0,2,88850.0,2,88300.0
lc2410,,13:40:46.50#,90000.0,90000.0,87700.0,0.0,0.0,661,10727,87800.0,1,88000.0,2,88050.0,1,88100.0,18,88150.0,7,88350.0,7,88400.0,4,88450.0,1,88800.0,2,88850.0,2,88300.0
lc2410,,13:40:47.548#,90000.0,90000.0,87700.0,0.0,0.0,661,10727,87800.0,1,88000.0,2,88050.0,1,88100.0,18,88150.0,7,88350.0,7,88400.0,4,88450.0,1,88800.0,2,88850.0,2,88300.0
lc2410,,13:40:48.59#,90000.0,90000.0,87700.0,0.0,0.0,661,10727,87800.0,1,88000.0,2,88050.0,1,88100.0,18,88150.0,7,88350.0,7,88400.0,4,88450.0,1,88800.0,2,88850.0,2,88300.0
lc2410,,13:40:48.302#,90000.0,90000.0,87700.0,0.0,0.0,661,10727,87800.0,1,88000.0,2,88050.0,1,88100.0,18,88150.0,7,88350.0,7,88400.0,4,88450.0,1,88800.0,2,88850.0,2,88300.0
lc2410,,13:40:48.564#,90000.0,90000.0,87700.0,0.0,0.0,661,10727,87800.0,1,88000.0,2,88050.0,1,88100.0,18,88150.0,7,88350.0,7,88400.0,4,88450.0,1,88800.0,2,88850.0,2,88300.0
lc2410,,13:40:49.42#,90000.0,90000.0,87700.0,0.0,0.0,661,10727,87800.0,1,88000.0,2,88050.0,1,88100.0,18,88150.0,7,88350.0,7,88400.0,4,88450.0,1,88800.0,2,88850.0,2,88300.0
lc2410,,13:40:49.219#,90000.0,90000.0,87700.0,0.0,0.0,661,10727,87800.0,1,88000.0,2,88050.0,1,88100.0,18,88150.0,7,88350.0,7,88400.0,3,88450.0,1,88800.0,2,88850.0,2,88300.0
lc2410,,13:40:49.562#,90000.0,90000.0,87700.0,0.0,0.0,661,10727,87800.0,1,88000.0,2,88050.0,1,88100.0,18,88150.0,7,88350.0,7,88400.0,3,88450.0,1,88800.0,2,88850.0,2,88300.0
lc2410,,13:40:49.789#,90000.0,90000.0,87700.0,0.0,0.0,661,10727,87800.0,1,88000.0,2,88050.0,1,88100.0,2,88150.0,8,88350.0,7,88400.0,3,88450.0,1,88800.0,2,88850.0,2,88300.0
lc2410,,13:40:49.821#,90000.0,90000.0,87700.0,0.0,0.0,661,10727,87800.0,1,88000.0,2,88050.0,1,88100.0,2,88150.0,8,88350.0,7,88400.0,2,88450.0,1,88800.0,2,88850.0,2,88300.0
lc2410,,13:40:50.299#,90000.0,90000.0,87700.0,0.0,0.0,661,10727,87800.0,1,88000.0,2,88050.0,1,88100.0,2,88150.0,8,88350.0,7,88400.0,2,88450.0,1,88800.0,2,88850.0,2,88300.0
lc2410,,13:40:50.500#,90000.0,90000.0,87700.0,0.0,0.0,661,10727,87800.0,1,88000.0,2,88050.0,1,88100.0,2,88150.0,8,88350.0,7,88400.0,2,88450.0,1,88800.0,2,88850.0,2,88300.0
lc2410,,13:40:50.930#,90000.0,90000.0,87700.0,0.0,0.0,661,10727,87800.0,1,88000.0,2,88050.0,1,88100.0,2,88150.0,8,88350.0,7,88400.0,2,88450.0,1,88800.0,2,88850.0,2,88300.0
lc2410,,13:40:51.537#,90000.0,90000.0,87700.0,0.0,0.0,661,10727,87800.0,1,88000.0,2,88050.0,1,88100.0,2,88150.0,8,88350.0,7,88400.0,2,88450.0,1,88800.0,2,88850.0,2,88300.0
lc2410,,13:40:51.720#,90000.0,90000.0,87700.0,0.0,0.0,661,10727,87800.0,1,88000.0,2,88050.0,1,88100.0,2,88150.0,8,88350.0,7,88400.0,2,88450.0,1,88800.0,2,88850.0,2,88300.0
lc2410,,13:40:51.911#,90000.0,90000.0,87700.0,0.0,0.0,661,10727,87800.0,1,88000.0,2,88050.0,1,88100.0,2,88150.0,8,88350.0,7,88400.0,2,88450.0,1,88800.0,2,88850.0,2,88300.0
lc2410,,13:40:52.284#,90000.0,90000.0,87700.0,0.0,0.0,661,10727,87800.0,1,88000.0,2,88050.0,1,88100.0,2,88150.0,8,88350.0,7,88400.0,2,88450.0,1,88800.0,2,88850.0,2,88300.0
lc2410,,13:40:52.891#,90000.0,90000.0,87700.0,0.0,0.0,661,10727,87800.0,1,88000.0,2,88050.0,1,88100.0,2,88150.0,8,88350.0,7,88400.0,2,88450.0,1,88800.0,2,88850.0,2,88300.0
lc2410,,13:40:55.709#,90000.0,90000.0,87700.0,0.0,0.0,661,10727,87800.0,1,88000.0,2,88050.0,1,88100.0,2,88150.0,8,88350.0,7,88400.0,2,88450.0,1,88800.0,2,88850.0,2,88300.0
lc2410,,13:40:56.72#,90000.0,90000.0,87700.0,0.0,0.0,661,10727,87800.0,1,88000.0,2,88050.0,1,88100.0,2,88150.0,8,88350.0,7,88400.0,2,88450.0,1,88800.0,2,88850.0,2,88300.0
lc2410,,13:40:56.568#,90000.0,90000.0,87700.0,0.0,0.0,661,10727,87800.0,1,88000.0,2,88050.0,1,88100.0,2,88150.0,8,88350.0,7,88400.0,2,88450.0,1,88800.0,2,88850.0,2,88300.0
lc2410,,13:40:57.719#,90000.0,90000.0,87700.0,0.0,0.0,661,10727,87800.0,1,88000.0,2,88050.0,1,88100.0,2,88150.0,8,88350.0,7,88400.0,2,88450.0,1,88800.0,2,88850.0,2,88300.0
lc2410,,13:40:58.99#,90000.0,90000.0,87700.0,0.0,0.0,661,10727,87800.0,1,88000.0,2,88050.0,1,88100.0,2,88150.0,8,88350.0,7,88400.0,2,88450.0,1,88800.0,2,88850.0,2,88300.0
lc2410,,13:40:59.441#,90000.0,90000.0,87700.0,0.0,0.0,661,10727,87800.0,1,88000.0,2,88050.0,1,88100.0,2,88150.0,8,88350.0,7,88400.0,2,88450.0,1,88800.0,2,88850.0,2,88300.0
lc2410,,13:40:59.734#,90000.0,90000.0,87700.0,0.0,0.0,661,10727,87800.0,1,88000.0,2,88050.0,1,88100.0,2,88150.0,8,88350.0,7,88400.0,2,88450.0,1,88800.0,2,88850.0,2,88300.0
lc2410,,13:41:00.349#,90000.0,90000.0,87700.0,0.0,0.0,661,10727,87800.0,1,88000.0,2,88050.0,1,88100.0,2,88150.0,8,88350.0,7,88400.0,2,88450.0,1,88800.0,2,88850.0,2,88300.0
lc2410,,13:41:00.814#,90000.0,90000.0,87700.0,0.0,0.0,661,10727,87800.0,1,88000.0,2,88050.0,1,88100.0,2,88150.0,8,88350.0,7,88400.0,2,88450.0,1,88800.0,2,88850.0,2,88300.0
lc2410,,13:41:00.936#,90000.0,90000.0,87700.0,0.0,0.0,661,10727,87800.0,1,88000.0,2,88050.0,1,88100.0,2,88150.0,8,88350.0,7,88400.0,2,88450.0,1,88800.0,2,88850.0,2,88300.0
lc2410,,13:41:01.673#,90000.0,90000.0,87700.0,0.0,0.0,661,10727,87800.0,1,88000.0,2,88050.0,1,88100.0,2,88150.0,8,88350.0,7,88400.0,2,88450.0,1,88800.0,2,88850.0,2,88300.0
lc2410,,13:41:02.24#,90000.0,90000.0,87700.0,0.0,0.0,661,10727,87800.0,1,88000.0,2,88050.0,1,88100.0,2,88150.0,8,88350.0,9,88400.0,1,88450.0,1,88800.0,2,88850.0,2,88300.0
lc2410,,13:41:02.131#,90000.0,90000.0,87700.0,0.0,0.0,661,10727,87800.0,1,88000.0,2,88050.0,1,88100.0,2,88150.0,6,88350.0,9,88400.0,1,88450.0,1,88800.0,2,88850.0,2,88300.0
lc2410,,13:41:02.321#,90000.0,90000.0,87700.0,0.0,0.0,661,10727,87800.0,1,88000.0,2,88050.0,1,88100.0,2,88150.0,5,88350.0,9,88400.0,1,88450.0,1,88800.0,2,88850.0,2,88300.0
lc2410,,13:41:03.26#,90000.0,90000.0,87700.0,0.0,0.0,661,10727,87800.0,1,88000.0,2,88050.0,1,88100.0,4,88150.0,2,88350.0,9,88400.0,1,88450.0,1,88800.0,2,88850.0,2,88300.0
lc2410,,13:41:03.124#,90000.0,90000.0,87700.0,0.0,0.0,661,10727,87800.0,1,88000.0,2,88050.0,1,88100.0,2,88150.0,4,88350.0,9,88400.0,1,88450.0,1,88800.0,2,88850.0,2,88300.0
lc2410,,13:41:04.348#,90000.0,90000.0,87700.0,0.0,0.0,661,10727,87800.0,1,88000.0,2,88050.0,1,88100.0,2,88150.0,4,88350.0,9,88400.0,1,88450.0,1,88800.0,2,88850.0,2,88300.0
lc2410,,13:41:04.642#,90000.0,90000.0,87700.0,0.0,0.0,661,10727,87800.0,1,88000.0,2,88050.0,1,88100.0,2,88150.0,4,88350.0,9,88400.0,1,88450.0,1,88800.0,2,88850.0,2,88300.0
lc2410,,13:41:05.194#,90000.0,90000.0,87700.0,0.0,0.0,661,10727,87800.0,1,88000.0,2,88050.0,1,88100.0,2,88150.0,4,88350.0,9,88400.0,1,88450.0,1,88800.0,2,88850.0,2,88300.0
lc2410,,13:41:05.363#,90000.0,90000.0,87700.0,0.0,0.0,661,10727,87800.0,1,88000.0,2,88050.0,1,88100.0,2,88150.0,4,88350.0,9,88400.0,1,88450.0,1,88800.0,2,88850.0,2,88300.0
lc2410,,13:41:06.267#,90000.0,90000.0,87700.0,0.0,0.0,661,10727,87800.0,1,88000.0,2,88050.0,1,88100.0,2,88150.0,4,88350.0,9,88400.0,1,88450.0,1,88800.0,2,88850.0,2,88300.0
lc2410,,13:41:06.807#,90000.0,90000.0,87700.0,0.0,0.0,661,10727,87800.0,1,88000.0,2,88050.0,1,88100.0,2,88150.0,4,88350.0,9,88400.0,1,88450.0,1,88800.0,2,88850.0,2,88300.0
lc2410,,13:41:08.38#,90000.0,90000.0,87700.0,0.0,0.0,661,10727,87800.0,1,88000.0,2,88050.0,1,88100.0,2,88150.0,96,88350.0,9,88400.0,1,88450.0,1,88800.0,2,88850.0,2,88300.0
lc2410,,13:41:08.134#,90000.0,90000.0,87700.0,0.0,0.0,661,10727,87800.0,1,88000.0,2,88050.0,1,88100.0,13,88150.0,93,88350.0,15,88400.0,1,88450.0,1,88800.0,2,88850.0,2,88300.0
lc2410,,13:41:08.331#,90000.0,90000.0,87700.0,0.0,0.0,661,10727,87800.0,1,88000.0,2,88050.0,7,88100.0,7,88150.0,93,88350.0,15,88400.0,1,88450.0,1,88800.0,2,88850.0,2,88300.0
lc2410,,13:41:08.667#,90000.0,90000.0,87700.0,0.0,0.0,661,10727,87800.0,1,88000.0,2,88050.0,7,88100.0,3,88150.0,93,88350.0,15,88400.0,1,88450.0,1,88800.0,2,88850.0,2,88300.0
lc2410,,13:41:08.821#,90000.0,90000.0,87700.0,0.0,0.0,661,10727,87800.0,1,88000.0,2,88050.0,7,88100.0,3,88150.0,93,88350.0,7,88400.0,1,88450.0,1,88800.0,2,88850.0,2,88300.0
lc2410,,13:41:09.261#,90000.0,90000.0,87700.0,0.0,0.0,661,10727,87800.0,1,88000.0,2,88050.0,6,88100.0,4,88150.0,93,88350.0,7,88400.0,1,88450.0,1,88800.0,2,88850.0,2,88300.0
lc2410,,13:41:09.396#,90000.0,90000.0,87700.0,0.0,0.0,661,10727,87800.0,1,88000.0,2,88050.0,13,88100.0,2,88150.0,93,88350.0,7,88400.0,1,88450.0,1,88800.0,2,88850.0,2,88300.0
lc2410,,13:41:09.667#,90000.0,90000.0,87700.0,0.0,0.0,661,10727,87800.0,1,88000.0,2,88050.0,6,88100.0,4,88150.0,93,88350.0,7,88400.0,1,88450.0,1,88800.0,2,88850.0,2,88300.0
lc2410,,13:41:10.35#,90000.0,90000.0,87700.0,0.0,0.0,661,10727,87800.0,1,88000.0,2,88050.0,15,88100.0,2,88150.0,93,88350.0,7,88400.0,1,88450.0,1,88800.0,2,88850.0,2,88300.0
lc2410,,13:41:10.130#,90000.0,90000.0,87700.0,0.0,0.0,661,10727,87800.0,1,88000.0,2,88050.0,1,88100.0,13,88150.0,93,88350.0,15,88400.0,1,88450.0,1,88800.0,2,88850.0,2,88300.0
lc2410,,13:41:10.347#,90000.0,90000.0,87700.0,0.0,0.0,661,10727,87800.0,1,88000.0,2,88050.0,1,88100.0,13,88150.0,93,88350.0,15,88400.0,1,88450.0,1,88800.0,2,88850.0,2,88300.0
lc2410,,13:41:10.572#,90000.0,90000.0,87700.0,0.0,0.0,661,10727,87800.0,1,88000.0,2,88050.0,1,88100.0,13,88150.0,93,88350.0,15,88400.0,1,88450.0,1,88800.0,2,88850.0,2,88300.0
lc2410,,13:41:10.822#,90000.0,90000.0,87700.0,0.0,0.0,661,10727,87800.0,1,88000.0,2,88050.0,1,88100.0,14,88150.0,93,88350.0,15,88400.0,1,88450.0,1,88800.0,2,88850.0,2,88300.0
lc2410,,13:41:11.325#,90000.0,90000.0,87700.0,0.0,0.0,661,10727,87800.0,1,88000.0,2,88050.0,1,88100.0,14,88150.0,93,88350.0,15,88400.0,1,88450.0,1,88800.0,2,88850.0,2,88300.0
lc2410,,13:41:12.474#,90000.0,90000.0,87700.0,0.0,0.0,661,10727,87800.0,1,88000.0,2,88050.0,1,88100.0,14,88150.0,93,88350.0,15,88400.0,1,88450.0,1,88800.0,2,88850.0,2,88300.0
lc2410,,13:41:12.728#,90000.0,90000.0,87700.0,0.0,0.0,661,10727,87800.0,1,88000.0,2,88050.0,1,88100.0,14,88150.0,93,88350.0,15,88400.0,1,88450.0,1,88800.0,2,88850.0,2,88300.0
lc2410,,13:41:12.867#,90000.0,90000.0,87700.0,0.0,0.0,661,10727,87800.0,1,88000.0,2,88050.0,1,88100.0,14,88150.0,93,88350.0,15,88400.0,1,88450.0,1,88800.0,2,88850.0,2,88300.0
lc2410,,13:41:13.677#,90000.0,90000.0,87700.0,0.0,0.0,661,10727,87800.0,1,88000.0,2,88050.0,1,88100.0,14,88150.0,93,88350.0,15,88400.0,1,88450.0,1,88800.0,2,88850.0,2,88300.0
lc2410,,13:41:14.56#,90000.0,90000.0,87700.0,0.0,0.0,661,10727,87800.0,1,88000.0,2,88050.0,1,88100.0,14,88150.0,93,88350.0,15,88400.0,1,88450.0,1,88800.0,2,88850.0,2,88300.0
lc2410,,13:41:14.190#,90000.0,90000.0,87700.0,0.0,0.0,661,10727,87800.0,1,88000.0,2,88050.0,1,88100.0,14,88150.0,93,88350.0,15,88400.0,1,88450.0,1,88800.0,2,88850.0,2,88300.0
lc2410,,13:41:14.521#,90000.0,90000.0,87700.0,0.0,0.0,661,10727,87800.0,1,88000.0,2,88050.0,1,88100.0,14,88150.0,93,88350.0,15,88400.0,1,88450.0,1,88800.0,2,88850.0,2,88300.0
lc2410,,13:41:15.793#,90000.0,90000.0,87700.0,0.0,0.0,661,10727,87800.0,1,88000.0,2,88050.0,1,88100.0,14,88150.0,93,88350.0,15,88400.0,1,88450.0,1,88800.0,2,88850.0,2,88300.0
lc2410,,13:41:15.857#,90000.0,90000.0,87700.0,0.0,0.0,661,10727,87800.0,1,88000.0,2,88050.0,1,88100.0,14,88150.0,93,88350.0,15,88400.0,1,88450.0,1,88800.0,2,88850.0,2,88300.0
lc2410,,13:41:16.381#,90000.0,90000.0,87700.0,0.0,0.0,661,10727,87800.0,1,88000.0,2,88050.0,1,88100.0,14,88150.0,93,88350.0,15,88400.0,1,88450.0,1,88800.0,2,88850.0,2,88300.0
lc2410,,13:41:16.980#,90000.0,90000.0,87700.0,0.0,0.0,661,10727,87800.0,1,88000.0,2,88050.0,1,88100.0,14,88150.0,93,88350.0,15,88400.0,1,88450.0,1,88800.0,2,88850.0,2,88300.0
lc2410,,13:41:17.521#,90000.0,90000.0,87700.0,0.0,0.0,661,10727,87800.0,1,88000.0,2,88050.0,1,88100.0,14,88150.0,93,88350.0,15,88400.0,1,88450.0,1,88800.0,2,88850.0,2,88300.0
lc2410,,13:41:17.713#,90000.0,90000.0,87700.0,0.0,0.0,661,10727,87800.0,1,88000.0,2,88050.0,1,88100.0,14,88150.0,93,88350.0,15,88400.0,1,88450.0,1,88800.0,2,88850.0,2,88300.0
lc2410,,13:41:18.42#,90000.0,90000.0,87700.0,0.0,0.0,661,10727,87800.0,1,88000.0,2,88050.0,1,88100.0,14,88150.0,93,88350.0,15,88400.0,1,88450.0,1,88800.0,2,88850.0,2,88300.0
lc2410,,13:41:18.382#,90000.0,90000.0,87700.0,0.0,0.0,661,10727,87800.0,1,88000.0,2,88050.0,1,88100.0,14,88150.0,93,88350.0,15,88400.0,1,88450.0,1,88800.0,2,88850.0,2,88300.0
lc2410,,13:41:18.626#,90000.0,90000.0,87700.0,0.0,0.0,661,10727,87800.0,1,88000.0,2,88050.0,1,88100.0,14,88150.0,93,88350.0,15,88400.0,1,88450.0,1,88800.0,2,88850.0,2,88300.0
lc2410,,13:41:18.968#,90000.0,90000.0,87700.0,0.0,0.0,661,10727,87800.0,1,88000.0,2,88050.0,1,88100.0,14,88150.0,93,88350.0,15,88400.0,1,88450.0,1,88800.0,2,88850.0,2,88300.0
lc2410,,13:41:19.167#,90000.0,90000.0,87700.0,0.0,0.0,661,10727,87550.0,1,87800.0,1,88000.0,2,88100.0,14,88150.0,93,88350.0,7,88400.0,1,88450.0,1,88800.0,2,88850.0,2,88300.0
lc2410,,13:41:19.498#,90000.0,90000.0,87700.0,0.0,0.0,661,10727,87550.0,1,87800.0,1,88000.0,2,88100.0,12,88150.0,93,88350.0,7,88400.0,1,88450.0,1,88800.0,2,88850.0,2,88300.0
lc2410,,13:41:19.750#,90000.0,90000.0,87700.0,0.0,0.0,661,10727,87550.0,1,87800.0,1,88000.0,2,88100.0,12,88150.0,93,88350.0,7,88400.0,1,88450.0,1,88800.0,2,88850.0,2,88300.0
lc2410,,13:41:19.821#,90000.0,90000.0,87700.0,0.0,0.0,661,10727,87550.0,1,87800.0,1,88000.0,2,88100.0,12,88150.0,93,88350.0,15,88400.0,1,88450.0,1,88800.0,2,88850.0,2,88300.0
lc2410,,13:41:20.284#,90000.0,90000.0,87700.0,0.0,0.0,661,10727,87550.0,1,87800.0,1,88000.0,2,88100.0,12,88150.0,93,88350.0,15,88400.0,1,88450.0,1,88800.0,2,88850.0,2,88300.0
lc2410,,13:41:20.625#,90000.0,90000.0,87700.0,0.0,0.0,661,10727,87550.0,1,87800.0,1,88000.0,2,88100.0,12,88150.0,93,88350.0,7,88400.0,1,88450.0,1,88800.0,2,88850.0,2,88300.0
lc2410,,13:41:20.977#,90000.0,90000.0,87700.0,0.0,0.0,661,10727,87550.0,1,87800.0,1,88000.0,2,88100.0,12,88150.0,90,88350.0,7,88400.0,1,88450.0,1,88800.0,2,88850.0,2,88300.0
lc2410,,13:41:21.71#,90000.0,90000.0,87700.0,0.0,0.0,661,10727,87550.0,1,87800.0,1,88000.0,2,88100.0,12,88150.0,90,88350.0,7,88400.0,1,88450.0,1,88800.0,2,88850.0,2,88300.0
lc2410,,13:41:21.536#,90000.0,90000.0,87700.0,0.0,0.0,661,10727,87550.0,1,87800.0,1,88000.0,2,88100.0,12,88150.0,90,88350.0,7,88400.0,1,88450.0,1,88800.0,2,88850.0,2,88300.0
lc2410,,13:41:21.733#,90000.0,90000.0,87700.0,0.0,0.0,661,10727,87550.0,1,87800.0,1,88000.0,2,88100.0,11,88150.0,90,88350.0,7,88400.0,1,88450.0,1,88800.0,2,88850.0,2,88300.0
lc2410,,13:41:22.44#,90000.0,90000.0,87700.0,0.0,0.0,661,10727,87800.0,1,88000.0,2,88050.0,6,88100.0,7,88150.0,84,88350.0,7,88400.0,1,88450.0,1,88800.0,2,88850.0,2,88300.0
lc2410,,13:41:22.162#,90000.0,90000.0,87700.0,0.0,0.0,661,10727,87800.0,1,88000.0,2,88050.0,5,88100.0,6,88150.0,84,88350.0,7,88400.0,1,88450.0,1,88800.0,2,88850.0,2,88300.0
lc2410,,13:41:22.480#,90000.0,90000.0,87700.0,0.0,0.0,661,10727,87800.0,1,88000.0,2,88050.0,5,88100.0,6,88150.0,83,88350.0,7,88400.0,1,88450.0,1,88800.0,2,88850.0,2,88300.0
lc2410,,13:41:22.811#,90000.0,90000.0,87700.0,0.0,0.0,661,10727,87800.0,1,88000.0,2,88050.0,5,88100.0,3,88150.0,83,88350.0,7,88400.0,1,88450.0,1,88800.0,2,88850.0,2,88300.0
lc2410,,13:41:22.958#,90000.0,90000.0,87700.0,0.0,0.0,661,10727,87800.0,1,88000.0,2,88050.0,5,88100.0,3,88150.0,83,88350.0,7,88400.0,1,88450.0,1,88800.0,2,88850.0,2,88300.0
lc2410,,13:41:23.269#,90000.0,90000.0,87700.0,0.0,0.0,661,10727,87800.0,1,88000.0,2,88050.0,5,88100.0,3,88150.0,83,88350.0,7,88400.0,1,88450.0,1,88800.0,2,88850.0,2,88300.0
lc2410,,13:41:23.327#,90000.0,90000.0,87700.0,0.0,0.0,661,10727,87800.0,1,88000.0,2,88050.0,14,88100.0,2,88150.0,82,88350.0,7,88400.0,1,88450.0,1,88800.0,2,88850.0,2,88300.0
lc2410,,13:41:23.733#,90000.0,90000.0,87700.0,0.0,0.0,661,10727,87800.0,1,88000.0,2,88050.0,13,88100.0,2,88150.0,79,88350.0,7,88400.0,1,88450.0,1,88800.0,2,88850.0,2,88300.0
lc2410,,13:41:24.49#,90000.0,90000.0,87700.0,0.0,0.0,661,10727,87800.0,1,88000.0,2,88050.0,13,88100.0,2,88150.0,78,88350.0,7,88400.0,1,88450.0,1,88800.0,2,88850.0,2,88300.0
lc2410,,13:41:24.707#,90000.0,90000.0,87700.0,0.0,0.0,661,10727,87800.0,1,88000.0,2,88050.0,13,88100.0,2,88150.0,77,88350.0,7,88400.0,1,88450.0,1,88800.0,2,88850.0,2,88300.0
lc2410,,13:41:25.394#,90000.0,90000.0,87700.0,0.0,0.0,661,10727,87800.0,1,88000.0,2,88050.0,13,88100.0,2,88150.0,76,88350.0,7,88400.0,1,88450.0,1,88800.0,2,88850.0,2,88300.0
lc2410,,13:41:25.604#,90000.0,90000.0,87700.0,0.0,0.0,661,10727,87800.0,1,88000.0,2,88050.0,13,88100.0,2,88150.0,76,88350.0,7,88400.0,1,88450.0,1,88800.0,2,88850.0,2,88300.0
lc2410,,13:41:25.955#,90000.0,90000.0,87700.0,0.0,0.0,661,10727,87800.0,1,88000.0,2,88050.0,13,88100.0,2,88150.0,76,88350.0,7,88400.0,1,88450.0,1,88800.0,2,88850.0,2,88300.0
lc2410,,13:41:26.925#,90000.0,90000.0,87700.0,0.0,0.0,661,10727,87800.0,1,88000.0,2,88050.0,13,88100.0,2,88150.0,76,88350.0,7,88400.0,1,88450.0,1,88800.0,2,88850.0,2,88300.0
lc2410,,13:41:27.168#,90000.0,90000.0,87700.0,0.0,0.0,661,10727,87800.0,1,88000.0,2,88050.0,13,88100.0,2,88150.0,76,88350.0,7,88400.0,1,88450.0,1,88800.0,2,88850.0,2,88300.0
lc2410,,13:41:27.639#,90000.0,90000.0,87700.0,0.0,0.0,661,10727,87800.0,1,88000.0,2,88050.0,13,88100.0,2,88150.0,77,88350.0,7,88400.0,1,88450.0,1,88800.0,2,88850.0,2,88300.0
lc2410,,13:41:27.903#,90000.0,90000.0,87700.0,0.0,0.0,661,10727,87800.0,1,88000.0,2,88050.0,13,88100.0,2,88150.0,78,88350.0,7,88400.0,1,88450.0,1,88800.0,2,88850.0,2,88300.0
lc2410,,13:41:28.204#,90000.0,90000.0,87700.0,0.0,0.0,661,10727,87800.0,1,88000.0,2,88050.0,13,88100.0,2,88150.0,81,88350.0,7,88400.0,1,88450.0,1,88800.0,2,88850.0,2,88300.0
lc2410,,13:41:28.321#,90000.0,90000.0,87700.0,0.0,0.0,661,10727,87800.0,1,88000.0,2,88050.0,4,88100.0,4,88150.0,81,88350.0,7,88400.0,1,88450.0,1,88800.0,2,88850.0,2,88300.0
lc2410,,13:41:28.793#,90000.0,90000.0,87700.0,0.0,0.0,661,10727,87800.0,1,88000.0,2,88050.0,13,88100.0,2,88150.0,81,88350.0,7,88400.0,1,88450.0,1,88800.0,2,88850.0,2,88300.0
lc2410,,13:41:28.821#,90000.0,90000.0,87700.0,0.0,0.0,661,10727,87800.0,1,88000.0,2,88050.0,4,88100.0,4,88150.0,75,88350.0,7,88400.0,1,88450.0,1,88800.0,2,88850.0,2,88300.0
lc2410,,13:41:29.164#,90000.0,90000.0,87700.0,0.0,0.0,661,10727,87800.0,1,88000.0,2,88050.0,5,88100.0,4,88150.0,75,88350.0,7,88400.0,1,88450.0,1,88800.0,2,88850.0,2,88300.0
lc2410,,13:41:29.320#,90000.0,90000.0,87700.0,0.0,0.0,661,10727,87800.0,1,88000.0,2,88050.0,5,88100.0,4,88150.0,70,88350.0,7,88400.0,1,88450.0,1,88800.0,2,88850.0,2,88300.0
lc2410,,13:41:30.214#,90000.0,90000.0,87700.0,0.0,0.0,661,10727,87800.0,1,88000.0,2,88050.0,5,88100.0,4,88150.0,69,88350.0,7,88400.0,1,88450.0,1,88800.0,2,88850.0,2,88300.0
lc2410,,13:41:30.809#,90000.0,90000.0,87700.0,0.0,0.0,661,10727,87800.0,1,88000.0,2,88050.0,5,88100.0,4,88150.0,66,88350.0,7,88400.0,1,88450.0,1,88800.0,2,88850.0,2,88300.0
lc2410,,13:41:30.878#,90000.0,90000.0,87700.0,0.0,0.0,661,10727,87800.0,1,88000.0,2,88050.0,5,88100.0,4,88150.0,66,88350.0,7,88400.0,1,88450.0,1,88800.0,2,88850.0,2,88300.0
lc2410,,13:41:31.556#,90000.0,90000.0,87700.0,0.0,0.0,661,10727,87800.0,1,88000.0,2,88050.0,5,88100.0,4,88150.0,66,88350.0,7,88400.0,1,88450.0,1,88800.0,2,88850.0,2,88300.0
lc2410,,13:41:31.710#,90000.0,90000.0,87700.0,0.0,0.0,661,10727,87800.0,1,88000.0,2,88050.0,13,88100.0,2,88150.0,66,88350.0,7,88400.0,1,88450.0,1,88800.0,2,88850.0,2,88300.0
lc2410,,13:41:31.990#,90000.0,90000.0,87700.0,0.0,0.0,661,10727,87800.0,1,88000.0,2,88050.0,13,88100.0,2,88150.0,65,88350.0,7,88400.0,1,88450.0,1,88800.0,2,88850.0,2,88300.0
lc2410,,13:41:32.83#,90000.0,90000.0,87700.0,0.0,0.0,661,10727,87800.0,1,88000.0,2,88050.0,12,88100.0,2,88150.0,65,88350.0,7,88400.0,1,88450.0,1,88800.0,2,88850.0,2,88300.0
lc2410,,13:41:32.436#,90000.0,90000.0,87700.0,0.0,0.0,661,10727,87800.0,1,88000.0,2,88050.0,12,88100.0,2,88150.0,66,88350.0,7,88400.0,1,88450.0,1,88800.0,2,88850.0,2,88300.0
lc2410,,13:41:32.695#,90000.0,90000.0,87700.0,0.0,0.0,661,10727,87800.0,1,88000.0,2,88050.0,12,88100.0,2,88150.0,66,88350.0,7,88400.0,1,88450.0,1,88800.0,2,88850.0,2,88300.0
lc2410,,13:41:33.807#,90000.0,90000.0,87700.0,0.0,0.0,661,10727,87800.0,1,88000.0,2,88050.0,12,88100.0,2,88150.0,71,88350.0,7,88400.0,1,88450.0,1,88800.0,2,88850.0,2,88300.0
lc2410,,13:41:34.180#,90000.0,90000.0,87700.0,0.0,0.0,661,10727,87800.0,1,88000.0,2,88050.0,12,88100.0,2,88150.0,69,88350.0,7,88400.0,1,88450.0,1,88800.0,2,88850.0,2,88300.0
lc2410,,13:41:34.555#,90000.0,90000.0,87700.0,0.0,0.0,661,10727,87800.0,1,88000.0,2,88050.0,12,88100.0,2,88150.0,67,88350.0,7,88400.0,1,88450.0,1,88800.0,2,88850.0,2,88300.0
lc2410,,13:41:35.302#,90000.0,90000.0,87700.0,0.0,0.0,661,10727,87800.0,1,88000.0,2,88050.0,12,88100.0,2,88150.0,69,88350.0,7,88400.0,1,88450.0,1,88800.0,2,88850.0,2,88300.0
lc2410,,13:41:35.540#,90000.0,90000.0,87700.0,0.0,0.0,661,10727,87800.0,1,88000.0,2,88050.0,12,88100.0,2,88150.0,68,88350.0,7,88400.0,1,88450.0,1,88800.0,2,88850.0,2,88300.0
lc2410,,13:41:35.663#,90000.0,90000.0,87700.0,0.0,0.0,661,10727,87800.0,1,88000.0,2,88050.0,4,88100.0,4,88150.0,68,88350.0,7,88400.0,1,88450.0,1,88800.0,2,88850.0,2,88300.0
lc2410,,13:41:36.123#,90000.0,90000.0,87700.0,0.0,0.0,661,10727,87800.0,1,88000.0,2,88050.0,4,88100.0,4,88150.0,69,88350.0,7,88400.0,1,88450.0,1,88800.0,2,88850.0,2,88300.0
lc2410,,13:41:36.437#,90000.0,90000.0,87700.0,0.0,0.0,661,10727,87800.0,1,88000.0,2,88050.0,4,88100.0,4,88150.0,69,88350.0,7,88400.0,1,88450.0,1,88800.0,2,88850.0,2,88300.0
lc2410,,13:41:36.602#,90000.0,90000.0,87700.0,0.0,0.0,661,10727,87800.0,1,88000.0,2,88050.0,4,88100.0,4,88150.0,67,88350.0,7,88400.0,1,88450.0,1,88800.0,2,88850.0,2,88300.0
lc2410,,13:41:36.906#,90000.0,90000.0,87700.0,0.0,0.0,661,10727,87800.0,1,88000.0,2,88050.0,4,88100.0,4,88150.0,72,88350.0,7,88400.0,1,88450.0,1,88800.0,2,88850.0,2,88300.0
lc2410,,13:41:37.563#,90000.0,90000.0,87700.0,0.0,0.0,661,10727,87800.0,1,88000.0,2,88050.0,4,88100.0,4,88150.0,71,88350.0,7,88400.0,1,88450.0,1,88800.0,2,88850.0,2,88300.0
lc2410,,13:41:38.8#,90000.0,90000.0,87700.0,0.0,0.0,661,10727,87800.0,1,88000.0,2,88050.0,4,88100.0,4,88150.0,70,88350.0,7,88400.0,1,88450.0,1,88800.0,2,88850.0,2,88300.0
lc2410,,13:41:38.456#,90000.0,90000.0,87700.0,0.0,0.0,661,10727,87800.0,1,88000.0,2,88050.0,4,88100.0,4,88150.0,70,88350.0,7,88400.0,1,88450.0,1,88800.0,2,88850.0,2,88300.0
lc2410,,13:41:38.798#,90000.0,90000.0,87700.0,0.0,0.0,661,10727,87800.0,1,88000.0,2,88050.0,4,88100.0,4,88150.0,69,88350.0,7,88400.0,1,88450.0,1,88800.0,2,88850.0,2,88300.0
lc2410,,13:41:38.975#,90000.0,90000.0,87700.0,0.0,0.0,661,10727,87800.0,1,88000.0,2,88050.0,4,88100.0,4,88150.0,70,88350.0,7,88400.0,1,88450.0,1,88800.0,2,88850.0,2,88300.0
lc2410,,13:41:40.353#,90000.0,90000.0,87700.0,0.0,0.0,661,10727,87800.0,1,88000.0,2,88050.0,4,88100.0,4,88150.0,69,88350.0,7,88400.0,1,88450.0,1,88800.0,2,88850.0,2,88300.0
lc2410,,13:41:40.973#,90000.0,90000.0,87700.0,0.0,0.0,661,10727,87800.0,1,88000.0,2,88050.0,4,88100.0,4,88150.0,68,88350.0,7,88400.0,1,88450.0,1,88800.0,2,88850.0,2,88300.0
lc2410,,13:41:41.746#,90000.0,90000.0,87700.0,0.0,0.0,661,10727,87800.0,1,88000.0,2,88050.0,4,88100.0,4,88150.0,17,88350.0,7,88400.0,1,88450.0,1,88800.0,2,88850.0,2,88300.0
lc2410,,13:41:41.865#,90000.0,90000.0,87700.0,0.0,0.0,661,10727,87800.0,1,88000.0,2,88050.0,2,88100.0,4,88150.0,3,88350.0,7,88400.0,1,88450.0,1,88800.0,2,88850.0,2,88300.0
lc2410,,13:41:42.279#,90000.0,90000.0,87700.0,0.0,0.0,661,10727,87800.0,1,88000.0,2,88050.0,2,88100.0,96,88150.0,1,88200.0,17,88300.0,7,88350.0,7,88400.0,1,88450.0,1,88300.0
lc2410,,13:41:42.390#,90000.0,90000.0,87700.0,0.0,0.0,662,10727,87550.0,1,87800.0,1,88000.0,2,88050.0,2,88100.0,96,88200.0,34,88300.0,5,88450.0,1,88800.0,2,88850.0,2,88200.0
lc2410,,13:41:42.775#,90000.0,90000.0,87700.0,0.0,0.0,662,10727,87550.0,1,87800.0,1,88000.0,2,88050.0,2,88100.0,96,88200.0,34,88300.0,5,88450.0,1,88800.0,2,88850.0,2,88200.0
lc2410,,13:41:43.231#,90000.0,90000.0,87700.0,0.0,0.0,662,10727,87500.0,2,87550.0,1,87800.0,1,88050.0,2,88100.0,96,88200.0,34,88300.0,5,88450.0,1,88800.0,2,88850.0,2,88200.0
lc2410,,13:41:43.339#,90000.0,90000.0,87700.0,0.0,0.0,662,10727,87500.0,2,87550.0,1,87800.0,1,88050.0,2,88100.0,96,88200.0,38,88300.0,5,88450.0,1,88800.0,2,88850.0,2,88200.0
lc2410,,13:41:43.600#,90000.0,90000.0,87700.0,0.0,0.0,662,10727,87500.0,2,87550.0,1,87800.0,1,88050.0,2,88100.0,96,88200.0,38,88300.0,5,88450.0,1,88800.0,2,88850.0,2,88200.0
lc2410,,13:41:43.854#,90000.0,90000.0,87700.0,0.0,0.0,662,10727,87500.0,2,87550.0,1,87800.0,1,88050.0,2,88100.0,96,88200.0,38,88300.0,5,88450.0,1,88800.0,2,88850.0,2,88200.0
lc2410,,13:41:45.48#,90000.0,90000.0,87700.0,0.0,0.0,662,10727,87500.0,2,87550.0,1,87800.0,1,88050.0,2,88100.0,96,88200.0,34,88300.0,5,88450.0,1,88800.0,2,88850.0,2,88200.0
lc2410,,13:41:45.236#,90000.0,90000.0,87700.0,0.0,0.0,662,10727,87500.0,2,87550.0,1,87800.0,1,88050.0,2,88100.0,96,88200.0,37,88300.0,5,88450.0,1,88800.0,2,88850.0,2,88200.0
lc2410,,13:41:45.502#,90000.0,90000.0,87700.0,0.0,0.0,662,10727,87500.0,2,87550.0,1,87800.0,1,88050.0,1,88100.0,96,88200.0,37,88300.0,5,88450.0,1,88800.0,2,88850.0,2,88200.0
lc2410,,13:41:45.762#,90000.0,90000.0,87700.0,0.0,0.0,662,10727,87500.0,2,87550.0,1,87800.0,1,88050.0,1,88100.0,96,88200.0,37,88300.0,5,88450.0,1,88800.0,2,88850.0,2,88200.0
lc2410,,13:41:45.926#,90000.0,90000.0,87700.0,0.0,0.0,662,10727,87500.0,2,87550.0,1,87800.0,1,88050.0,1,88100.0,96,88200.0,37,88300.0,5,88450.0,1,88800.0,2,88850.0,2,88200.0
lc2410,,13:41:46.537#,90000.0,90000.0,87700.0,0.0,0.0,662,10727,87500.0,2,87550.0,1,87800.0,1,88050.0,1,88100.0,94,88200.0,37,88300.0,5,88450.0,1,88800.0,2,88850.0,2,88200.0
lc2410,,13:41:46.763#,90000.0,90000.0,87700.0,0.0,0.0,662,10727,87500.0,2,87550.0,1,87800.0,1,88050.0,1,88100.0,92,88200.0,37,88300.0,5,88450.0,1,88800.0,2,88850.0,2,88200.0
lc2410,,13:41:47.185#,90000.0,90000.0,87700.0,0.0,0.0,662,10727,87500.0,2,87550.0,1,87800.0,1,88050.0,1,88100.0,93,88200.0,36,88300.0,5,88450.0,1,88800.0,2,88850.0,2,88200.0
lc2410,,13:41:47.490#,90000.0,90000.0,87700.0,0.0,0.0,662,10727,87500.0,2,87550.0,1,87800.0,1,88050.0,1,88100.0,93,88200.0,37,88300.0,5,88450.0,1,88800.0,2,88850.0,2,88200.0
lc2410,,13:41:47.781#,90000.0,90000.0,87700.0,0.0,0.0,662,10727,87500.0,2,87550.0,1,87800.0,1,88050.0,1,88100.0,92,88200.0,42,88300.0,5,88450.0,1,88800.0,2,88850.0,2,88200.0
lc2410,,13:41:47.950#,90000.0,90000.0,87700.0,0.0,0.0,662,10727,87500.0,2,87550.0,1,87800.0,1,88050.0,1,88100.0,93,88200.0,42,88300.0,5,88450.0,1,88800.0,2,88850.0,2,88200.0
lc2410,,13:41:48.569#,90000.0,90000.0,87700.0,0.0,0.0,662,10727,87550.0,1,87800.0,1,88000.0,3,88050.0,9,88100.0,88,88200.0,34,88250.0,1,88450.0,1,88800.0,2,88850.0,2,88200.0
lc2410,,13:41:48.700#,90000.0,90000.0,87700.0,0.0,0.0,662,10727,87550.0,1,87800.0,1,88000.0,3,88050.0,7,88100.0,86,88200.0,43,88250.0,1,88450.0,1,88800.0,2,88850.0,2,88200.0
lc2410,,13:41:48.918#,90000.0,90000.0,87700.0,0.0,0.0,662,10727,87550.0,1,87800.0,1,88000.0,3,88050.0,6,88100.0,86,88200.0,58,88250.0,1,88450.0,1,88800.0,2,88850.0,2,88200.0
lc2410,,13:41:49.271#,90000.0,90000.0,87700.0,0.0,0.0,662,10727,87550.0,1,87800.0,1,88000.0,3,88050.0,6,88100.0,85,88200.0,59,88250.0,1,88450.0,1,88800.0,2,88850.0,2,88200.0
lc2410,,13:41:49.397#,90000.0,90000.0,87700.0,0.0,0.0,662,10727,87550.0,1,87800.0,1,88000.0,3,88050.0,6,88100.0,84,88200.0,59,88250.0,1,88450.0,1,88800.0,2,88850.0,2,88200.0
lc2410,,13:41:49.723#,90000.0,90000.0,87700.0,0.0,0.0,662,10727,87550.0,1,87800.0,1,88000.0,3,88050.0,6,88100.0,84,88200.0,58,88250.0,1,88450.0,1,88800.0,2,88850.0,2,88200.0
lc2410,,13:41:49.973#,90000.0,90000.0,87700.0,0.0,0.0,662,10727,87550.0,1,87800.0,1,88000.0,3,88050.0,6,88100.0,84,88200.0,60,88250.0,1,88450.0,1,88800.0,2,88850.0,2,88200.0
lc2410,,13:41:50.233#,90000.0,90000.0,87700.0,0.0,0.0,662,10727,87550.0,1,87800.0,1,88000.0,3,88050.0,98,88100.0,2,88200.0,10,88250.0,1,88450.0,1,88800.0,2,88850.0,2,88200.0
lc2410,,13:41:50.350#,90000.0,90000.0,87700.0,0.0,0.0,662,10727,87550.0,1,87800.0,1,88000.0,3,88050.0,96,88100.0,1,88200.0,1,88250.0,1,88450.0,1,88800.0,2,88850.0,2,88200.0
lc2410,,13:41:50.812#,90000.0,90000.0,87700.0,0.0,0.0,662,10727,87800.0,1,87950.0,1,88000.0,3,88050.0,93,88100.0,1,88150.0,38,88200.0,1,88250.0,3,88450.0,1,88800.0,2,88200.0
lc2410,,13:41:50.889#,90000.0,90000.0,87700.0,0.0,0.0,662,10727,87800.0,1,87950.0,1,88000.0,3,88050.0,93,88100.0,1,88150.0,38,88200.0,1,88250.0,3,88450.0,1,88800.0,2,88200.0
lc2410,,13:41:51.307#,90000.0,90000.0,87700.0,0.0,0.0,662,10727,87800.0,1,87950.0,1,88000.0,3,88050.0,93,88100.0,1,88150.0,2,88200.0,11,88250.0,3,88450.0,1,88800.0,2,88200.0
lc2410,,13:41:51.337#,90000.0,90000.0,87700.0,0.0,0.0,662,10727,87800.0,1,87950.0,1,88000.0,3,88050.0,1,88100.0,2,88150.0,1,88200.0,63,88250.0,3,88450.0,1,88800.0,2,88200.0
lc2410,,13:41:51.708#,90000.0,90000.0,87700.0,0.0,0.0,663,10726,87550.0,1,87800.0,1,88000.0,3,88050.0,1,88100.0,23,88450.0,1,88800.0,2,88850.0,2,88900.0,10,89000.0,13,88150.0
lc2410,,13:41:51.848#,90000.0,90000.0,87700.0,0.0,0.0,663,10726,87500.0,2,87550.0,1,87800.0,1,88050.0,3,88100.0,25,88250.0,4,88300.0,4,88350.0,4,88400.0,1,88450.0,1,88150.0
lc2410,,13:41:52.270#,90000.0,90000.0,87700.0,0.0,0.0,663,10726,87500.0,2,87550.0,1,87800.0,1,88050.0,3,88100.0,25,88250.0,5,88300.0,1,88450.0,1,88800.0,2,88850.0,2,88150.0
lc2410,,13:41:52.558#,90000.0,90000.0,87700.0,0.0,0.0,663,10726,87500.0,2,87550.0,1,87800.0,1,88050.0,3,88100.0,22,88250.0,6,88300.0,1,88450.0,1,88800.0,2,88850.0,2,88150.0
lc2410,,13:41:52.764#,90000.0,90000.0,87700.0,0.0,0.0,663,10726,87500.0,2,87550.0,1,87800.0,1,88050.0,3,88100.0,27,88250.0,6,88300.0,1,88450.0,1,88800.0,2,88850.0,2,88150.0
lc2410,,13:41:53.45#,90000.0,90000.0,87700.0,0.0,0.0,663,10726,87500.0,2,87550.0,1,87800.0,1,88050.0,3,88100.0,27,88250.0,6,88300.0,1,88450.0,1,88800.0,2,88850.0,2,88150.0
lc2410,,13:41:53.279#,90000.0,90000.0,87700.0,0.0,0.0,663,10726,87500.0,2,87550.0,1,87800.0,1,88050.0,3,88100.0,28,88250.0,6,88300.0,1,88450.0,1,88800.0,2,88850.0,2,88150.0
lc2410,,13:41:53.329#,90000.0,90000.0,87700.0,0.0,0.0,663,10726,87500.0,2,87550.0,1,87800.0,1,88050.0,3,88100.0,28,88250.0,6,88300.0,1,88450.0,1,88800.0,2,88850.0,2,88150.0
lc2410,,13:41:53.973#,90000.0,90000.0,87700.0,0.0,0.0,663,10726,87500.0,2,87550.0,1,87800.0,1,88050.0,3,88100.0,28,88250.0,6,88300.0,1,88450.0,1,88800.0,2,88850.0,2,88150.0
lc2410,,13:41:54.125#,90000.0,90000.0,87700.0,0.0,0.0,663,10726,87550.0,1,87800.0,1,88000.0,3,88050.0,1,88100.0,18,88250.0,6,88300.0,1,88450.0,1,88800.0,2,88850.0,2,88150.0
lc2410,,13:41:54.348#,90000.0,90000.0,87700.0,0.0,0.0,663,10726,87550.0,1,87800.0,1,88000.0,3,88050.0,1,88100.0,22,88250.0,6,88300.0,1,88450.0,1,88800.0,2,88850.0,2,88150.0
lc2410,,13:41:55.518#,90000.0,90000.0,87700.0,0.0,0.0,663,10726,87550.0,1,87800.0,1,88000.0,3,88050.0,1,88100.0,10,88250.0,6,88300.0,1,88450.0,1,88800.0,2,88850.0,2,88150.0
lc2410,,13:41:55.805#,90000.0,90000.0,87700.0,0.0,0.0,663,10726,87550.0,1,87800.0,1,88000.0,3,88050.0,1,88100.0,9,88250.0,6,88300.0,1,88450.0,1,88800.0,2,88850.0,2,88150.0
lc2410,,13:41:56.456#,90000.0,90000.0,87700.0,0.0,0.0,663,10726,87550.0,1,87800.0,1,88000.0,3,88050.0,1,88100.0,9,88250.0,6,88300.0,1,88450.0,1,88800.0,2,88850.0,2,88150.0
lc2410,,13:41:56.810#,90000.0,90000.0,87700.0,0.0,0.0,663,10726,87550.0,1,87800.0,1,88000.0,3,88050.0,1,88100.0,7,88250.0,6,88300.0,1,88450.0,1,88800.0,2,88850.0,2,88150.0
lc2410,,13:41:56.848#,90000.0,90000.0,87700.0,0.0,0.0,663,10726,87550.0,1,87800.0,1,88000.0,3,88050.0,1,88100.0,6,88250.0,6,88300.0,1,88450.0,1,88800.0,2,88850.0,2,88150.0
lc2410,,13:41:57.213#,90000.0,90000.0,87700.0,0.0,0.0,663,10726,87550.0,1,87800.0,1,88000.0,3,88050.0,1,88100.0,4,88250.0,6,88300.0,1,88450.0,1,88800.0,2,88850.0,2,88150.0
lc2410,,13:41:58.52#,90000.0,90000.0,87700.0,0.0,0.0,663,10726,87550.0,1,87800.0,1,88000.0,3,88050.0,93,88100.0,1,88250.0,6,88300.0,1,88450.0,1,88800.0,2,88850.0,2,88150.0
lc2410,,13:41:58.198#,90000.0,90000.0,87700.0,0.0,0.0,663,10726,87550.0,1,87800.0,1,88000.0,3,88050.0,93,88100.0,1,88150.0,2,88200.0,59,88250.0,11,88300.0,1,88450.0,1,88150.0
lc2410,,13:41:58.555#,90000.0,90000.0,87700.0,0.0,0.0,663,10726,87550.0,1,87800.0,1,88000.0,3,88050.0,93,88100.0,1,88150.0,2,88200.0,58,88250.0,8,88450.0,1,88800.0,2,88150.0
lc2410,,13:41:58.636#,90000.0,90000.0,87700.0,0.0,0.0,663,10726,87550.0,1,87800.0,1,88000.0,3,88050.0,93,88100.0,1,88150.0,5,88200.0,11,88250.0,8,88450.0,1,88800.0,2,88150.0
lc2410,,13:41:59.14#,90000.0,90000.0,87700.0,0.0,0.0,663,10726,87550.0,1,87800.0,1,88000.0,3,88050.0,93,88100.0,1,88150.0,3,88200.0,12,88250.0,8,88450.0,1,88800.0,2,88150.0
lc2410,,13:41:59.253#,90000.0,90000.0,87700.0,0.0,0.0,663,10726,87550.0,1,87800.0,1,88000.0,3,88050.0,93,88100.0,1,88450.0,1,88800.0,2,88850.0,2,88900.0,10,89000.0,13,88150.0
lc2410,,13:41:59.350#,90000.0,90000.0,87700.0,0.0,0.0,663,10726,87550.0,1,87800.0,1,88000.0,3,88050.0,93,88100.0,1,88250.0,9,88300.0,6,88350.0,2,88400.0,1,88450.0,1,88150.0
lc2410,,13:41:59.780#,90000.0,90000.0,87700.0,0.0,0.0,663,10726,87550.0,1,87800.0,1,88000.0,3,88050.0,93,88100.0,1,88250.0,10,88300.0,1,88450.0,1,88800.0,2,88850.0,2,88150.0
lc2410,,13:41:59.837#,90000.0,90000.0,87700.0,0.0,0.0,663,10726,87550.0,1,87800.0,1,88000.0,5,88050.0,1,88100.0,22,88250.0,53,88300.0,1,88450.0,1,88800.0,2,88850.0,2,88150.0
lc2410,,13:42:00.273#,90000.0,90000.0,87700.0,0.0,0.0,663,10726,87500.0,2,87550.0,1,87800.0,1,88050.0,14,88100.0,38,88250.0,4,88300.0,1,88450.0,1,88800.0,2,88850.0,2,88150.0
lc2410,,13:42:00.546#,90000.0,90000.0,87700.0,0.0,0.0,663,10726,87500.0,2,87550.0,1,87800.0,1,88050.0,15,88100.0,27,88250.0,3,88300.0,7,88450.0,1,88800.0,2,88850.0,2,88150.0
lc2410,,13:42:00.773#,90000.0,90000.0,87700.0,0.0,0.0,663,10726,87500.0,2,87550.0,1,87800.0,1,88050.0,13,88100.0,29,88250.0,3,88300.0,6,88450.0,1,88800.0,2,88850.0,2,88150.0
lc2410,,13:42:00.822#,90000.0,90000.0,87700.0,0.0,0.0,663,10726,87500.0,2,87550.0,1,87800.0,1,88050.0,13,88100.0,26,88250.0,3,88300.0,6,88450.0,1,88800.0,2,88850.0,2,88150.0
lc2410,,13:42:01.207#,90000.0,90000.0,87700.0,0.0,0.0,663,10726,87500.0,2,87550.0,1,87800.0,1,88050.0,11,88100.0,30,88250.0,3,88300.0,6,88450.0,1,88800.0,2,88850.0,2,88150.0
lc2410,,13:42:01.344#,90000.0,90000.0,87700.0,0.0,0.0,663,10726,87500.0,2,87550.0,1,87800.0,1,88050.0,11,88100.0,32,88250.0,3,88300.0,6,88450.0,1,88800.0,2,88850.0,2,88150.0
lc2410,,13:42:01.637#,90000.0,90000.0,87700.0,0.0,0.0,663,10726,87500.0,2,87550.0,1,87800.0,1,88050.0,11,88100.0,30,88250.0,3,88300.0,6,88450.0,1,88800.0,2,88850.0,2,88150.0
lc2410,,13:42:01.899#,90000.0,90000.0,87700.0,0.0,0.0,663,10726,87500.0,2,87550.0,1,87800.0,1,88050.0,10,88100.0,30,88250.0,3,88300.0,6,88450.0,1,88800.0,2,88850.0,2,88150.0
lc2410,,13:42:02.175#,90000.0,90000.0,87700.0,0.0,0.0,663,10726,87500.0,2,87550.0,1,87800.0,1,88050.0,10,88100.0,31,88250.0,3,88300.0,6,88450.0,1,88800.0,2,88850.0,2,88150.0
lc2410,,13:42:02.522#,90000.0,90000.0,87700.0,0.0,0.0,663,10726,87500.0,2,87550.0,1,87800.0,1,88050.0,10,88100.0,30,88250.0,3,88300.0,6,88450.0,1,88800.0,2,88850.0,2,88150.0
lc2410,,13:42:02.783#,90000.0,90000.0,87700.0,0.0,0.0,663,10726,87500.0,2,87550.0,1,87800.0,1,88050.0,10,88100.0,23,88250.0,3,88300.0,6,88450.0,1,88800.0,2,88850.0,2,88150.0
lc2410,,13:42:02.953#,90000.0,90000.0,87700.0,0.0,0.0,663,10726,87500.0,2,87550.0,1,87800.0,1,88050.0,10,88100.0,23,88250.0,3,88300.0,6,88450.0,1,88800.0,2,88850.0,2,88150.0
lc2410,,13:42:03.197#,90000.0,90000.0,87700.0,0.0,0.0,663,10726,87500.0,2,87550.0,1,87800.0,1,88050.0,10,88100.0,23,88250.0,3,88300.0,6,88450.0,1,88800.0,2,88850.0,2,88150.0
lc2410,,13:42:03.534#,90000.0,90000.0,87700.0,0.0,0.0,663,10726,87500.0,2,87550.0,1,87800.0,1,88050.0,9,88100.0,22,88250.0,3,88300.0,6,88450.0,1,88800.0,2,88850.0,2,88150.0
lc2410,,13:42:03.800#,90000.0,90000.0,87700.0,0.0,0.0,663,10726,87550.0,1,87800.0,1,88000.0,6,88050.0,6,88100.0,17,88250.0,3,88300.0,6,88450.0,1,88800.0,2,88850.0,2,88150.0
lc2410,,13:42:03.919#,90000.0,90000.0,87700.0,0.0,0.0,663,10726,87550.0,1,87800.0,1,88000.0,6,88050.0,6,88100.0,18,88250.0,3,88300.0,6,88450.0,1,88800.0,2,88850.0,2,88150.0
lc2410,,13:42:04.306#,90000.0,90000.0,87700.0,0.0,0.0,663,10726,87550.0,1,87800.0,1,88000.0,6,88050.0,6,88100.0,16,88250.0,3,88300.0,6,88450.0,1,88800.0,2,88850.0,2,88150.0
lc2410,,13:42:04.366#,90000.0,90000.0,87700.0,0.0,0.0,663,10726,87550.0,1,87800.0,1,88000.0,6,88050.0,6,88100.0,17,88250.0,3,88300.0,6,88450.0,1,88800.0,2,88850.0,2,88150.0
lc2410,,13:42:04.642#,90000.0,90000.0,87700.0,0.0,0.0,663,10726,87550.0,1,87800.0,1,88000.0,6,88050.0,5,88100.0,11,88250.0,3,88300.0,6,88450.0,1,88800.0,2,88850.0,2,88150.0
lc2410,,13:42:04.916#,90000.0,90000.0,87700.0,0.0,0.0,663,10726,87550.0,1,87800.0,1,88000.0,6,88050.0,5,88100.0,11,88250.0,3,88300.0,6,88450.0,1,88800.0,2,88850.0,2,88150.0
lc2410,,13:42:05.295#,90000.0,90000.0,87700.0,0.0,0.0,663,10726,87550.0,1,87800.0,1,88000.0,6,88050.0,5,88100.0,11,88250.0,3,88300.0,6,88450.0,1,88800.0,2,88850.0,2,88150.0
lc2410,,13:42:05.527#,90000.0,90000.0,87700.0,0.0,0.0,663,10726,87550.0,1,87800.0,1,88000.0,6,88050.0,5,88100.0,11,88250.0,3,88300.0,6,88450.0,1,88800.0,2,88850.0,2,88150.0
lc2410,,13:42:05.803#,90000.0,90000.0,87700.0,0.0,0.0,663,10726,87550.0,1,87800.0,1,88000.0,6,88050.0,5,88100.0,11,88250.0,3,88300.0,6,88450.0,1,88800.0,2,88850.0,2,88150.0
lc2410,,13:42:05.939#,90000.0,90000.0,87700.0,0.0,0.0,663,10726,87550.0,1,87800.0,1,88000.0,6,88050.0,5,88100.0,12,88250.0,3,88300.0,6,88450.0,1,88800.0,2,88850.0,2,88150.0
lc2410,,13:42:06.498#,90000.0,90000.0,87700.0,0.0,0.0,663,10726,87550.0,1,87800.0,1,88000.0,6,88050.0,97,88100.0,1,88250.0,3,88300.0,6,88450.0,1,88800.0,2,88850.0,2,88150.0
lc2410,,13:42:06.728#,90000.0,90000.0,87700.0,0.0,0.0,663,10726,87800.0,1,87950.0,1,88000.0,6,88050.0,93,88100.0,1,88150.0,42,88200.0,4,88250.0,9,88450.0,1,88800.0,2,88150.0
lc2410,,13:42:06.844#,90000.0,90000.0,87700.0,0.0,0.0,663,10726,87800.0,1,87950.0,1,88000.0,4,88050.0,93,88100.0,1,88150.0,43,88200.0,1,88250.0,6,88450.0,1,88800.0,2,88150.0
lc2410,,13:42:07.199#,90000.0,90000.0,87700.0,0.0,0.0,663,10726,87800.0,1,87950.0,1,88000.0,4,88050.0,93,88100.0,1,88150.0,43,88200.0,1,88250.0,6,88450.0,1,88800.0,2,88150.0
lc2410,,13:42:07.512#,90000.0,90000.0,87700.0,0.0,0.0,663,10726,87800.0,1,87950.0,1,88000.0,4,88050.0,93,88100.0,1,88150.0,41,88200.0,1,88250.0,6,88450.0,1,88800.0,2,88150.0
lc2410,,13:42:07.664#,90000.0,90000.0,87700.0,0.0,0.0,663,10726,87550.0,1,87800.0,1,88000.0,4,88050.0,93,88100.0,1,88150.0,41,88200.0,1,88250.0,6,88450.0,1,88800.0,2,88150.0
lc2410,,13:42:08.17#,90000.0,90000.0,87700.0,0.0,0.0,663,10726,87550.0,1,87800.0,1,88000.0,4,88050.0,93,88100.0,1,88150.0,41,88200.0,1,88250.0,6,88450.0,1,88800.0,2,88150.0
lc2410,,13:42:08.239#,90000.0,90000.0,87700.0,0.0,0.0,663,10726,87550.0,1,87800.0,1,88000.0,4,88050.0,93,88100.0,1,88150.0,41,88200.0,1,88250.0,6,88450.0,1,88800.0,2,88150.0
lc2410,,13:42:09.21#,90000.0,90000.0,87700.0,0.0,0.0,663,10726,87550.0,1,87800.0,1,88000.0,4,88050.0,93,88100.0,1,88150.0,40,88200.0,1,88250.0,6,88450.0,1,88800.0,2,88150.0
lc2410,,13:42:09.216#,90000.0,90000.0,87700.0,0.0,0.0,663,10726,87550.0,1,87800.0,1,88000.0,4,88050.0,93,88100.0,1,88150.0,27,88200.0,1,88250.0,6,88450.0,1,88800.0,2,88150.0
lc2410,,13:42:09.447#,90000.0,90000.0,87700.0,0.0,0.0,663,10726,87550.0,1,87800.0,1,88000.0,4,88050.0,93,88100.0,1,88150.0,23,88200.0,12,88250.0,6,88450.0,1,88800.0,2,88150.0
lc2410,,13:42:09.686#,90000.0,90000.0,87700.0,0.0,0.0,663,10726,87550.0,1,87800.0,1,88000.0,4,88050.0,93,88100.0,1,88200.0,59,88250.0,6,88450.0,1,88800.0,2,88850.0,2,88150.0
lc2410,,13:42:09.823#,90000.0,90000.0,87700.0,0.0,0.0,663,10726,87550.0,1,87800.0,1,88000.0,4,88050.0,1,88100.0,3,88200.0,57,88250.0,6,88450.0,1,88800.0,2,88850.0,2,88150.0
lc2410,,13:42:10.128#,90000.0,90000.0,87700.0,0.0,0.0,663,10726,87550.0,1,87800.0,1,88000.0,4,88050.0,1,88100.0,8,88200.0,57,88250.0,3,88450.0,1,88800.0,2,88850.0,2,88150.0
lc2410,,13:42:10.458#,90000.0,90000.0,87700.0,0.0,0.0,663,10726,87550.0,1,87800.0,1,88000.0,4,88050.0,1,88100.0,6,88200.0,57,88250.0,3,88450.0,1,88800.0,2,88850.0,2,88150.0
lc2410,,13:42:10.729#,90000.0,90000.0,87700.0,0.0,0.0,663,10726,87550.0,1,87800.0,1,88000.0,4,88050.0,1,88100.0,11,88200.0,58,88250.0,3,88450.0,1,88800.0,2,88850.0,2,88150.0
lc2410,,13:42:11.47#,90000.0,90000.0,87700.0,0.0,0.0,663,10726,87550.0,1,87800.0,1,88000.0,4,88050.0,1,88100.0,9,88200.0,58,88250.0,3,88450.0,1,88800.0,2,88850.0,2,88150.0
lc2410,,13:42:11.263#,90000.0,90000.0,87700.0,0.0,0.0,663,10726,87550.0,1,87800.0,1,88000.0,4,88050.0,1,88100.0,7,88200.0,58,88250.0,3,88450.0,1,88800.0,2,88850.0,2,88150.0
lc2410,,13:42:11.541#,90000.0,90000.0,87700.0,0.0,0.0,663,10726,87550.0,1,87800.0,1,88000.0,4,88050.0,1,88100.0,10,88200.0,58,88250.0,3,88450.0,1,88800.0,2,88850.0,2,88150.0
lc2410,,13:42:11.703#,90000.0,90000.0,87700.0,0.0,0.0,663,10726,87550.0,1,87800.0,1,88000.0,4,88050.0,1,88100.0,10,88200.0,59,88250.0,3,88450.0,1,88800.0,2,88850.0,2,88150.0
lc2410,,13:42:12.38#,90000.0,90000.0,87700.0,0.0,0.0,663,10726,87550.0,1,87800.0,1,88000.0,4,88050.0,1,88100.0,9,88200.0,59,88250.0,3,88450.0,1,88800.0,2,88850.0,2,88150.0
lc2410,,13:42:12.90#,90000.0,90000.0,87700.0,0.0,0.0,663,10726,87550.0,1,87800.0,1,88000.0,4,88050.0,1,88100.0,10,88200.0,59,88250.0,3,88450.0,1,88800.0,2,88850.0,2,88150.0
lc2410,,13:42:12.409#,90000.0,90000.0,87700.0,0.0,0.0,663,10726,87550.0,1,87800.0,1,88000.0,4,88050.0,93,88100.0,1,88200.0,11,88250.0,3,88450.0,1,88800.0,2,88850.0,2,88150.0
lc2410,,13:42:12.804#,90000.0,90000.0,87700.0,0.0,0.0,663,10726,87550.0,1,87800.0,1,88000.0,4,88050.0,93,88100.0,1,88150.0,20,88200.0,12,88250.0,4,88450.0,1,88800.0,2,88150.0
lc2410,,13:42:13.47#,90000.0,90000.0,87700.0,0.0,0.0,663,10726,87550.0,1,87800.0,1,88000.0,4,88050.0,93,88100.0,1,88150.0,13,88200.0,1,88250.0,7,88450.0,1,88800.0,2,88150.0
lc2410,,13:42:13.348#,90000.0,90000.0,87700.0,0.0,0.0,663,10726,87550.0,1,87800.0,1,88000.0,4,88050.0,93,88100.0,1,88150.0,10,88200.0,1,88250.0,7,88450.0,1,88800.0,2,88150.0
lc2410,,13:42:13.680#,90000.0,90000.0,87700.0,0.0,0.0,663,10726,87550.0,1,87800.0,1,88000.0,4,88050.0,93,88100.0,1,88200.0,60,88250.0,7,88450.0,1,88800.0,2,88850.0,2,88150.0
lc2410,,13:42:13.972#,90000.0,90000.0,87700.0,0.0,0.0,663,10726,87550.0,1,87800.0,1,88000.0,4,88050.0,1,88100.0,2,88200.0,59,88250.0,7,88450.0,1,88800.0,2,88850.0,2,88150.0
lc2410,,13:42:14.305#,90000.0,90000.0,87700.0,0.0,0.0,663,10726,87550.0,1,87800.0,1,88000.0,4,88050.0,1,88100.0,11,88200.0,58,88250.0,7,88450.0,1,88800.0,2,88850.0,2,88150.0
lc2410,,13:42:14.492#,90000.0,90000.0,87700.0,0.0,0.0,663,10726,87550.0,1,87800.0,1,88000.0,4,88050.0,1,88100.0,11,88200.0,58,88250.0,7,88450.0,1,88800.0,2,88850.0,2,88150.0
lc2410,,13:42:15.138#,90000.0,90000.0,87700.0,0.0,0.0,663,10726,87550.0,1,87800.0,1,88000.0,4,88050.0,1,88100.0,10,88200.0,58,88250.0,7,88450.0,1,88800.0,2,88850.0,2,88150.0
lc2410,,13:42:15.636#,90000.0,90000.0,87700.0,0.0,0.0,663,10726,87550.0,1,87800.0,1,88000.0,4,88050.0,1,88100.0,10,88200.0,59,88250.0,7,88450.0,1,88800.0,2,88850.0,2,88150.0
lc2410,,13:42:16.49#,90000.0,90000.0,87700.0,0.0,0.0,663,10726,87550.0,1,87800.0,1,88000.0,4,88050.0,1,88100.0,8,88200.0,59,88250.0,7,88450.0,1,88800.0,2,88850.0,2,88150.0
lc2410,,13:42:16.71#,90000.0,90000.0,87700.0,0.0,0.0,663,10726,87550.0,1,87800.0,1,88000.0,4,88050.0,1,88100.0,6,88200.0,59,88250.0,7,88450.0,1,88800.0,2,88850.0,2,88150.0
lc2410,,13:42:16.539#,90000.0,90000.0,87700.0,0.0,0.0,663,10726,87550.0,1,87800.0,1,88000.0,4,88050.0,93,88100.0,1,88200.0,11,88250.0,7,88450.0,1,88800.0,2,88850.0,2,88150.0
lc2410,,13:42:16.694#,90000.0,90000.0,87700.0,0.0,0.0,663,10726,87550.0,1,87800.0,1,88000.0,4,88050.0,93,88100.0,1,88150.0,50,88200.0,1,88250.0,7,88450.0,1,88800.0,2,88150.0
lc2410,,13:42:17.520#,90000.0,90000.0,87700.0,0.0,0.0,663,10726,87550.0,1,87800.0,1,88000.0,4,88050.0,93,88100.0,1,88150.0,49,88200.0,1,88250.0,8,88450.0,1,88800.0,2,88150.0
lc2410,,13:42:17.799#,90000.0,90000.0,87700.0,0.0,0.0,663,10726,87550.0,1,87800.0,1,88000.0,4,88050.0,93,88100.0,1,88150.0,38,88200.0,1,88250.0,8,88450.0,1,88800.0,2,88150.0
lc2410,,13:42:17.822#,90000.0,90000.0,87700.0,0.0,0.0,663,10726,87550.0,1,87800.0,1,88000.0,4,88050.0,93,88100.0,1,88150.0,35,88200.0,12,88250.0,8,88450.0,1,88800.0,2,88150.0
lc2410,,13:42:18.237#,90000.0,90000.0,87700.0,0.0,0.0,663,10726,87550.0,1,87800.0,1,88000.0,4,88050.0,93,88100.0,1,88200.0,12,88250.0,8,88450.0,1,88800.0,2,88850.0,2,88150.0
lc2410,,13:42:18.550#,90000.0,90000.0,87700.0,0.0,0.0,663,10726,87550.0,1,87800.0,1,88000.0,4,88050.0,93,88100.0,1,88200.0,12,88250.0,8,88450.0,1,88800.0,2,88850.0,2,88150.0
lc2410,,13:42:18.686#,90000.0,90000.0,87700.0,0.0,0.0,663,10726,87550.0,1,87800.0,1,88000.0,4,88050.0,1,88100.0,2,88200.0,64,88250.0,8,88450.0,1,88800.0,2,88850.0,2,88150.0
lc2410,,13:42:18.931#,90000.0,90000.0,87700.0,0.0,0.0,663,10726,87550.0,1,87800.0,1,88000.0,4,88050.0,1,88100.0,16,88200.0,63,88250.0,8,88450.0,1,88800.0,2,88850.0,2,88150.0
lc2410,,13:42:19.286#,90000.0,90000.0,87700.0,0.0,0.0,663,10726,87550.0,1,87800.0,1,88000.0,4,88050.0,1,88100.0,20,88200.0,62,88250.0,8,88450.0,1,88800.0,2,88850.0,2,88150.0
lc2410,,13:42:19.322#,90000.0,90000.0,87700.0,0.0,0.0,663,10726,87550.0,1,87800.0,1,88000.0,4,88050.0,1,88100.0,20,88200.0,61,88250.0,8,88450.0,1,88800.0,2,88850.0,2,88150.0
lc2410,,13:42:19.810#,90000.0,90000.0,87700.0,0.0,0.0,663,10726,87550.0,1,87800.0,1,88000.0,4,88050.0,1,88100.0,22,88200.0,62,88250.0,8,88450.0,1,88800.0,2,88850.0,2,88150.0
