InstrumentId,ExchangeId,Datetime,OpenPrice,HighestPrice,LowestPrice,UpperLimitPrice,LowerLimitPrice,Volume,OpenInterest,BidPrice5,BidVolume5,BidPrice4,BidVolume4,BidPrice3,BidVolume3,BidPrice2,BidVolume2,BidPrice1,BidVolume1,AskPrice1,AskVolume1,AskPrice2,AskVolume2,AskPrice3,AskVolume3,AskPrice4,AskVolume4,AskPrice5,AskVolume5,LastPrice
lc2408,,13:38:34.823#,88750.0,88750.0,86400.0,0.0,0.0,3754,35635,86900.0,1,86950.0,3,87000.0,14,87050.0,9,87100.0,2,87200.0,12,87250.0,6,87300.0,14,87350.0,10,87500.0,59,87150.0
lc2408,,13:38:35.237#,88750.0,88750.0,86400.0,0.0,0.0,3754,35635,86850.0,1,86900.0,1,86950.0,8,87000.0,11,87050.0,8,87150.0,7,87200.0,13,87250.0,6,87300.0,14,87350.0,10,87150.0
lc2408,,13:38:35.330#,88750.0,88750.0,86400.0,0.0,0.0,3754,35635,86850.0,1,86900.0,1,86950.0,9,87000.0,11,87050.0,7,87150.0,7,87200.0,13,87250.0,7,87300.0,9,87350.0,10,87150.0
lc2408,,13:38:35.665#,88750.0,88750.0,86400.0,0.0,0.0,3754,35635,86850.0,1,86900.0,1,86950.0,10,87000.0,11,87050.0,7,87100.0,2,87150.0,9,87200.0,9,87250.0,7,87300.0,9,87150.0
lc2408,,13:38:36.72#,88750.0,88750.0,86400.0,0.0,0.0,3754,35635,86850.0,1,86900.0,1,86950.0,3,87000.0,13,87050.0,7,87100.0,2,87150.0,9,87200.0,9,87250.0,7,87300.0,9,87150.0
lc2408,,13:38:36.321#,88750.0,88750.0,86400.0,0.0,0.0,3754,35635,86850.0,1,86900.0,1,86950.0,3,87000.0,13,87050.0,7,87100.0,2,87150.0,8,87200.0,14,87250.0,7,87300.0,9,87150.0
lc2408,,13:38:36.572#,88750.0,88750.0,86400.0,0.0,0.0,3754,35635,86850.0,1,86900.0,1,86950.0,3,87000.0,13,87050.0,7,87100.0,2,87150.0,8,87200.0,15,87250.0,7,87300.0,9,87150.0
lc2408,,13:38:38.71#,88750.0,88750.0,86400.0,0.0,0.0,3754,35635,86850.0,1,86900.0,1,86950.0,3,87000.0,14,87050.0,7,87100.0,2,87150.0,8,87200.0,15,87250.0,7,87300.0,9,87150.0
lc2408,,13:38:40.99#,88750.0,88750.0,86400.0,0.0,0.0,3754,35635,86850.0,1,86900.0,1,86950.0,3,87000.0,14,87050.0,7,87100.0,2,87150.0,9,87200.0,15,87250.0,7,87300.0,9,87150.0
lc2408,,13:38:40.626#,88750.0,88750.0,86400.0,0.0,0.0,3756,35637,86850.0,1,86900.0,1,86950.0,3,87000.0,14,87050.0,7,87150.0,9,87200.0,15,87250.0,7,87300.0,9,87350.0,10,87100.0
lc2408,,13:38:45.128#,88750.0,88750.0,86400.0,0.0,0.0,3756,35637,86850.0,1,86900.0,1,86950.0,3,87000.0,14,87050.0,7,87150.0,9,87200.0,16,87250.0,7,87300.0,9,87350.0,10,87100.0
lc2408,,13:38:48.182#,88750.0,88750.0,86400.0,0.0,0.0,3756,35637,86850.0,1,86900.0,1,86950.0,3,87000.0,16,87050.0,7,87150.0,9,87200.0,16,87250.0,7,87300.0,9,87350.0,10,87100.0
lc2408,,13:38:49.321#,88750.0,88750.0,86400.0,0.0,0.0,3756,35637,86850.0,1,86900.0,1,86950.0,3,87000.0,16,87050.0,7,87150.0,9,87200.0,15,87250.0,7,87300.0,9,87350.0,10,87100.0
lc2408,,13:38:49.822#,88750.0,88750.0,86400.0,0.0,0.0,3756,35637,86900.0,1,86950.0,3,87000.0,16,87050.0,7,87100.0,2,87150.0,9,87200.0,14,87250.0,7,87300.0,9,87350.0,10,87100.0
lc2408,,13:38:50.129#,88750.0,88750.0,86400.0,0.0,0.0,3756,35637,86900.0,1,86950.0,3,87000.0,16,87050.0,7,87100.0,2,87150.0,8,87200.0,12,87250.0,7,87300.0,9,87350.0,10,87100.0
lc2408,,13:38:50.321#,88750.0,88750.0,86400.0,0.0,0.0,3756,35637,86900.0,1,86950.0,3,87000.0,11,87050.0,9,87100.0,2,87150.0,2,87200.0,11,87250.0,7,87300.0,9,87350.0,10,87100.0
lc2408,,13:38:50.629#,88750.0,88750.0,86400.0,0.0,0.0,3756,35637,86900.0,1,86950.0,3,87000.0,11,87050.0,9,87100.0,2,87150.0,1,87200.0,11,87250.0,7,87300.0,9,87350.0,10,87100.0
lc2408,,13:38:50.821#,88750.0,88750.0,86400.0,0.0,0.0,3756,35637,86900.0,1,86950.0,3,87000.0,11,87050.0,9,87100.0,4,87150.0,1,87200.0,11,87250.0,7,87300.0,9,87350.0,10,87100.0
lc2408,,13:38:51.126#,88750.0,88750.0,86400.0,0.0,0.0,3756,35637,86900.0,1,86950.0,3,87000.0,11,87050.0,10,87100.0,9,87150.0,1,87200.0,10,87250.0,15,87300.0,9,87350.0,10,87100.0
lc2408,,13:38:53.821#,88750.0,88750.0,86400.0,0.0,0.0,3756,35637,86900.0,1,86950.0,3,87000.0,11,87050.0,10,87100.0,9,87150.0,1,87200.0,10,87250.0,14,87300.0,9,87350.0,10,87100.0
lc2408,,13:38:55.224#,88750.0,88750.0,86400.0,0.0,0.0,3756,35637,86900.0,1,86950.0,3,87000.0,15,87050.0,7,87100.0,1,87150.0,1,87200.0,12,87250.0,7,87300.0,9,87350.0,10,87100.0
lc2408,,13:38:55.340#,88750.0,88750.0,86400.0,0.0,0.0,3756,35637,86850.0,1,86900.0,1,86950.0,3,87000.0,15,87050.0,7,87150.0,1,87200.0,13,87250.0,7,87300.0,9,87350.0,10,87100.0
lc2408,,13:38:55.740#,88750.0,88750.0,86400.0,0.0,0.0,3756,35637,86850.0,1,86900.0,1,86950.0,3,87000.0,14,87050.0,7,87150.0,1,87200.0,13,87250.0,7,87300.0,9,87350.0,10,87100.0
lc2408,,13:38:56.663#,88750.0,88750.0,86400.0,0.0,0.0,3756,35637,86900.0,1,86950.0,3,87000.0,15,87050.0,7,87100.0,2,87150.0,1,87200.0,13,87250.0,7,87300.0,9,87350.0,10,87100.0
lc2408,,13:38:59.627#,88750.0,88750.0,86400.0,0.0,0.0,3756,35637,86850.0,1,86900.0,1,86950.0,3,87000.0,14,87050.0,7,87150.0,1,87200.0,13,87250.0,7,87300.0,9,87350.0,10,87100.0
lc2408,,13:38:59.821#,88750.0,88750.0,86400.0,0.0,0.0,3756,35637,86850.0,1,86900.0,1,86950.0,3,87000.0,14,87050.0,7,87150.0,1,87200.0,14,87250.0,7,87300.0,9,87350.0,10,87100.0
lc2408,,13:39:00.162#,88750.0,88750.0,86400.0,0.0,0.0,3756,35637,86900.0,1,86950.0,3,87000.0,13,87050.0,7,87100.0,2,87150.0,1,87200.0,14,87250.0,7,87300.0,9,87350.0,10,87100.0
lc2408,,13:39:00.321#,88750.0,88750.0,86400.0,0.0,0.0,3756,35637,86850.0,1,86900.0,1,86950.0,3,87000.0,14,87050.0,7,87150.0,1,87200.0,14,87250.0,7,87300.0,9,87350.0,10,87100.0
lc2408,,13:39:01.124#,88750.0,88750.0,86400.0,0.0,0.0,3756,35637,86900.0,1,86950.0,3,87000.0,14,87050.0,7,87100.0,2,87150.0,1,87200.0,14,87250.0,7,87300.0,9,87350.0,10,87100.0
lc2408,,13:39:01.664#,88750.0,88750.0,86400.0,0.0,0.0,3756,35637,86900.0,1,86950.0,3,87000.0,15,87050.0,7,87100.0,2,87150.0,1,87200.0,14,87250.0,7,87300.0,9,87350.0,10,87100.0
lc2408,,13:39:05.162#,88750.0,88750.0,86400.0,0.0,0.0,3756,35637,86850.0,1,86900.0,1,86950.0,3,87000.0,14,87050.0,7,87150.0,1,87200.0,14,87250.0,7,87300.0,9,87350.0,10,87100.0
lc2408,,13:39:05.334#,88750.0,88750.0,86400.0,0.0,0.0,3756,35637,86850.0,1,86900.0,1,86950.0,3,87000.0,13,87050.0,7,87150.0,4,87200.0,10,87250.0,7,87300.0,9,87350.0,10,87100.0
lc2408,,13:39:05.664#,88750.0,88750.0,86400.0,0.0,0.0,3756,35637,86850.0,1,86900.0,1,86950.0,9,87000.0,11,87050.0,7,87150.0,7,87200.0,10,87250.0,9,87300.0,9,87350.0,10,87100.0
lc2408,,13:39:05.822#,88750.0,88750.0,86400.0,0.0,0.0,3756,35637,86850.0,1,86900.0,1,86950.0,10,87000.0,11,87050.0,7,87150.0,7,87200.0,10,87250.0,10,87300.0,9,87350.0,10,87100.0
lc2408,,13:39:07.71#,88750.0,88750.0,86400.0,0.0,0.0,3756,35637,86850.0,1,86900.0,1,86950.0,3,87000.0,12,87050.0,7,87150.0,7,87200.0,10,87250.0,10,87300.0,9,87350.0,10,87100.0
lc2408,,13:39:12.178#,88750.0,88750.0,86400.0,0.0,0.0,3756,35637,86850.0,1,86900.0,1,86950.0,3,87000.0,12,87050.0,7,87150.0,8,87200.0,10,87250.0,10,87300.0,9,87350.0,10,87100.0
lc2408,,13:39:12.321#,88750.0,88750.0,86400.0,0.0,0.0,3756,35637,86850.0,1,86900.0,1,86950.0,9,87000.0,11,87050.0,7,87150.0,8,87200.0,10,87250.0,10,87300.0,9,87350.0,10,87100.0
lc2408,,13:39:12.672#,88750.0,88750.0,86400.0,0.0,0.0,3756,35637,86850.0,1,86900.0,1,86950.0,10,87000.0,11,87050.0,7,87150.0,8,87200.0,10,87250.0,10,87300.0,9,87350.0,10,87100.0
lc2408,,13:39:22.957#,88750.0,88750.0,86400.0,0.0,0.0,3756,35637,86850.0,1,86900.0,1,86950.0,10,87000.0,11,87050.0,7,87150.0,8,87200.0,10,87250.0,10,87300.0,9,87350.0,10,87100.0
lc2408,,13:39:24.821#,88750.0,88750.0,86400.0,0.0,0.0,3756,35637,86850.0,1,86900.0,1,86950.0,3,87000.0,13,87050.0,7,87150.0,8,87200.0,10,87250.0,10,87300.0,9,87350.0,10,87100.0
lc2408,,13:39:28.477#,88750.0,88750.0,86400.0,0.0,0.0,3756,35637,86850.0,1,86900.0,1,86950.0,3,87000.0,13,87050.0,8,87150.0,8,87200.0,10,87250.0,10,87300.0,9,87350.0,10,87100.0
lc2408,,13:39:34.703#,88750.0,88750.0,86400.0,0.0,0.0,3756,35637,86850.0,1,86900.0,1,86950.0,3,87000.0,13,87050.0,8,87150.0,7,87200.0,10,87250.0,10,87300.0,9,87350.0,10,87100.0
lc2408,,13:39:38.321#,88750.0,88750.0,86400.0,0.0,0.0,3756,35637,86850.0,1,86900.0,1,86950.0,9,87000.0,11,87050.0,8,87150.0,7,87200.0,10,87250.0,10,87300.0,9,87350.0,10,87100.0
lc2408,,13:39:38.661#,88750.0,88750.0,86400.0,0.0,0.0,3756,35637,86850.0,1,86900.0,1,86950.0,10,87000.0,11,87050.0,8,87150.0,7,87200.0,10,87250.0,10,87300.0,9,87350.0,10,87100.0
lc2408,,13:39:43.71#,88750.0,88750.0,86400.0,0.0,0.0,3756,35637,86850.0,1,86900.0,1,86950.0,9,87000.0,11,87050.0,8,87150.0,7,87200.0,10,87250.0,10,87300.0,9,87350.0,10,87100.0
lc2408,,13:39:47.573#,88750.0,88750.0,86400.0,0.0,0.0,3756,35637,86850.0,1,86900.0,2,86950.0,6,87000.0,11,87050.0,8,87150.0,8,87200.0,10,87250.0,10,87300.0,9,87350.0,10,87100.0
lc2408,,13:39:47.825#,88750.0,88750.0,86400.0,0.0,0.0,3756,35637,86850.0,1,86900.0,2,86950.0,6,87000.0,11,87050.0,7,87100.0,1,87150.0,10,87200.0,10,87250.0,10,87300.0,9,87100.0
lc2408,,13:39:48.131#,88750.0,88750.0,86400.0,0.0,0.0,3756,35637,86850.0,1,86900.0,2,86950.0,5,87000.0,11,87050.0,1,87100.0,5,87150.0,4,87200.0,13,87250.0,6,87300.0,9,87100.0
lc2408,,13:39:48.321#,88750.0,88750.0,86400.0,0.0,0.0,3756,35637,86850.0,1,86900.0,2,86950.0,5,87000.0,11,87050.0,1,87100.0,2,87150.0,4,87200.0,13,87250.0,6,87300.0,9,87100.0
lc2408,,13:39:48.578#,88750.0,88750.0,86400.0,0.0,0.0,3756,35637,86850.0,1,86900.0,2,86950.0,5,87000.0,11,87050.0,1,87100.0,1,87150.0,13,87200.0,13,87250.0,6,87300.0,9,87100.0
lc2408,,13:39:48.828#,88750.0,88750.0,86400.0,0.0,0.0,3756,35637,86850.0,1,86900.0,2,86950.0,5,87000.0,11,87050.0,1,87100.0,1,87150.0,14,87200.0,13,87250.0,6,87300.0,9,87100.0
lc2408,,13:39:53.571#,88750.0,88750.0,86400.0,0.0,0.0,3756,35637,86850.0,1,86900.0,2,86950.0,6,87000.0,11,87050.0,1,87100.0,1,87150.0,14,87200.0,13,87250.0,6,87300.0,9,87100.0
lc2408,,13:39:55.71#,88750.0,88750.0,86400.0,0.0,0.0,3756,35637,86850.0,1,86900.0,2,86950.0,5,87000.0,11,87050.0,1,87100.0,1,87150.0,14,87200.0,13,87250.0,6,87300.0,9,87100.0
lc2408,,13:40:01.321#,88750.0,88750.0,86400.0,0.0,0.0,3756,35637,86850.0,1,86900.0,3,86950.0,5,87000.0,10,87050.0,1,87100.0,2,87150.0,4,87200.0,13,87250.0,6,87300.0,9,87100.0
lc2408,,13:40:01.777#,88750.0,88750.0,86400.0,0.0,0.0,3758,35636,86800.0,2,86850.0,1,86900.0,3,86950.0,5,87000.0,9,87050.0,2,87100.0,8,87150.0,4,87200.0,10,87250.0,6,87000.0
lc2408,,13:40:01.971#,88750.0,88750.0,86400.0,0.0,0.0,3758,35636,86800.0,2,86850.0,1,86900.0,4,86950.0,5,87000.0,6,87050.0,2,87100.0,10,87150.0,4,87200.0,10,87250.0,6,87000.0
lc2408,,13:40:02.189#,88750.0,88750.0,86400.0,0.0,0.0,3760,35634,86800.0,2,86850.0,1,86900.0,4,86950.0,5,87000.0,7,87100.0,2,87150.0,4,87200.0,10,87250.0,6,87300.0,8,87050.0
lc2408,,13:40:02.322#,88750.0,88750.0,86400.0,0.0,0.0,3760,35634,86850.0,1,86900.0,4,86950.0,5,87000.0,7,87050.0,9,87150.0,14,87200.0,14,87250.0,6,87300.0,7,87350.0,10,87050.0
lc2408,,13:40:02.670#,88750.0,88750.0,86400.0,0.0,0.0,3760,35634,86850.0,1,86900.0,4,86950.0,6,87000.0,9,87050.0,9,87150.0,48,87200.0,14,87250.0,5,87300.0,7,87350.0,10,87050.0
lc2408,,13:40:04.625#,88750.0,88750.0,86400.0,0.0,0.0,3760,35634,86850.0,1,86900.0,4,86950.0,6,87000.0,9,87050.0,7,87150.0,48,87200.0,14,87250.0,5,87300.0,7,87350.0,10,87050.0
lc2408,,13:40:05.821#,88750.0,88750.0,86400.0,0.0,0.0,3760,35634,86850.0,1,86900.0,4,86950.0,5,87000.0,9,87050.0,4,87100.0,1,87150.0,48,87200.0,14,87250.0,5,87300.0,7,87050.0
lc2408,,13:40:06.170#,88750.0,88750.0,86400.0,0.0,0.0,3760,35634,86850.0,1,86900.0,4,86950.0,5,87000.0,9,87050.0,2,87100.0,1,87150.0,44,87200.0,14,87250.0,5,87300.0,7,87050.0
lc2408,,13:40:07.170#,88750.0,88750.0,86400.0,0.0,0.0,3760,35634,86850.0,1,86900.0,4,86950.0,6,87000.0,9,87050.0,7,87150.0,48,87200.0,14,87250.0,5,87300.0,7,87350.0,10,87050.0
lc2408,,13:40:08.125#,88750.0,88750.0,86400.0,0.0,0.0,3760,35634,86850.0,1,86900.0,4,86950.0,6,87000.0,9,87050.0,7,87100.0,1,87150.0,48,87200.0,14,87250.0,5,87300.0,7,87050.0
lc2408,,13:40:08.321#,88750.0,88750.0,86400.0,0.0,0.0,3762,35632,86850.0,1,86900.0,4,86950.0,6,87000.0,9,87050.0,5,87150.0,48,87200.0,14,87250.0,5,87300.0,7,87350.0,10,87050.0
lc2408,,13:40:08.670#,88750.0,88750.0,86400.0,0.0,0.0,3762,35632,86850.0,1,86900.0,4,86950.0,6,87000.0,9,87050.0,7,87150.0,44,87200.0,14,87250.0,5,87300.0,7,87350.0,10,87050.0
lc2408,,13:40:09.170#,88750.0,88750.0,86400.0,0.0,0.0,3762,35632,86850.0,1,86900.0,4,86950.0,6,87000.0,9,87050.0,7,87150.0,48,87200.0,14,87250.0,5,87300.0,7,87350.0,10,87050.0
lc2408,,13:40:10.48#,88750.0,88750.0,86400.0,0.0,0.0,3762,35632,86850.0,1,86900.0,4,86950.0,6,87000.0,9,87050.0,7,87150.0,43,87200.0,14,87250.0,5,87300.0,7,87350.0,10,87050.0
lc2408,,13:40:10.571#,88750.0,88750.0,86400.0,0.0,0.0,3762,35632,86850.0,1,86900.0,4,86950.0,5,87000.0,9,87050.0,7,87150.0,43,87200.0,14,87250.0,5,87300.0,7,87350.0,10,87050.0
lc2408,,13:40:12.71#,88750.0,88750.0,86400.0,0.0,0.0,3762,35632,86850.0,1,86900.0,4,86950.0,6,87000.0,9,87050.0,7,87150.0,43,87200.0,14,87250.0,5,87300.0,7,87350.0,10,87050.0
lc2408,,13:40:15.311#,88750.0,88750.0,86400.0,0.0,0.0,3762,35632,86850.0,1,86900.0,4,86950.0,6,87000.0,9,87050.0,7,87100.0,1,87150.0,43,87200.0,14,87250.0,5,87300.0,7,87050.0
lc2408,,13:40:15.669#,88750.0,88750.0,86400.0,0.0,0.0,3762,35632,86850.0,1,86900.0,4,86950.0,6,87000.0,9,87050.0,7,87100.0,1,87150.0,39,87200.0,14,87250.0,5,87300.0,7,87050.0
lc2408,,13:40:16.321#,88750.0,88750.0,86400.0,0.0,0.0,3762,35632,86850.0,1,86900.0,4,86950.0,5,87000.0,9,87050.0,7,87100.0,1,87150.0,39,87200.0,14,87250.0,5,87300.0,7,87050.0
lc2408,,13:40:18.944#,88750.0,88750.0,86400.0,0.0,0.0,3764,35630,86850.0,1,86900.0,4,86950.0,5,87000.0,9,87050.0,3,87100.0,1,87150.0,39,87200.0,14,87250.0,5,87300.0,7,87050.0
lc2408,,13:40:19.162#,88750.0,88750.0,86400.0,0.0,0.0,3764,35630,86800.0,2,86850.0,1,86900.0,4,86950.0,4,87000.0,7,87100.0,4,87150.0,32,87200.0,14,87250.0,5,87300.0,7,87050.0
lc2408,,13:40:19.321#,88750.0,88750.0,86400.0,0.0,0.0,3764,35630,86800.0,2,86850.0,1,86900.0,3,86950.0,4,87000.0,6,87100.0,4,87150.0,32,87200.0,14,87250.0,5,87300.0,7,87050.0
lc2408,,13:40:19.735#,88750.0,88750.0,86400.0,0.0,0.0,3764,35630,86800.0,2,86850.0,2,86900.0,3,86950.0,4,87000.0,6,87100.0,4,87150.0,32,87200.0,14,87250.0,5,87300.0,7,87050.0
lc2408,,13:40:20.163#,88750.0,88750.0,86400.0,0.0,0.0,3764,35630,86850.0,2,86900.0,3,86950.0,5,87000.0,6,87050.0,2,87100.0,4,87150.0,32,87200.0,14,87250.0,5,87300.0,7,87050.0
lc2408,,13:40:20.321#,88750.0,88750.0,86400.0,0.0,0.0,3764,35630,86800.0,2,86850.0,2,86900.0,3,86950.0,5,87000.0,6,87100.0,2,87150.0,32,87200.0,14,87250.0,5,87300.0,7,87050.0
lc2408,,13:40:20.625#,88750.0,88750.0,86400.0,0.0,0.0,3764,35630,86850.0,2,86900.0,3,86950.0,5,87000.0,8,87050.0,2,87100.0,1,87150.0,42,87200.0,14,87250.0,5,87300.0,7,87050.0
lc2408,,13:40:20.821#,88750.0,88750.0,86400.0,0.0,0.0,3764,35630,86800.0,2,86850.0,2,86900.0,3,86950.0,5,87000.0,8,87100.0,1,87150.0,42,87200.0,14,87250.0,5,87300.0,7,87050.0
lc2408,,13:40:21.163#,88750.0,88750.0,86400.0,0.0,0.0,3764,35630,86800.0,2,86850.0,2,86900.0,3,86950.0,4,87000.0,8,87100.0,1,87150.0,42,87200.0,14,87250.0,5,87300.0,7,87050.0
lc2408,,13:40:21.624#,88750.0,88750.0,86400.0,0.0,0.0,3764,35630,86850.0,2,86900.0,3,86950.0,4,87000.0,8,87050.0,2,87100.0,1,87150.0,42,87200.0,14,87250.0,5,87300.0,7,87050.0
lc2408,,13:40:22.162#,88750.0,88750.0,86400.0,0.0,0.0,3764,35630,86850.0,2,86900.0,3,86950.0,5,87000.0,8,87050.0,2,87100.0,1,87150.0,42,87200.0,14,87250.0,5,87300.0,7,87050.0
lc2408,,13:40:23.821#,88750.0,88750.0,86400.0,0.0,0.0,3764,35630,86800.0,2,86850.0,2,86900.0,3,86950.0,5,87000.0,8,87100.0,1,87150.0,42,87200.0,14,87250.0,5,87300.0,7,87050.0
lc2408,,13:40:24.161#,88750.0,88750.0,86400.0,0.0,0.0,3764,35630,86800.0,2,86850.0,2,86900.0,3,86950.0,4,87000.0,7,87100.0,1,87150.0,42,87200.0,14,87250.0,5,87300.0,7,87050.0
lc2408,,13:40:24.664#,88750.0,88750.0,86400.0,0.0,0.0,3764,35630,86850.0,2,86900.0,3,86950.0,6,87000.0,8,87050.0,2,87100.0,1,87150.0,42,87200.0,14,87250.0,5,87300.0,7,87050.0
lc2408,,13:40:28.536#,88750.0,88750.0,86400.0,0.0,0.0,3764,35630,86850.0,2,86900.0,3,86950.0,5,87000.0,8,87050.0,2,87100.0,1,87150.0,42,87200.0,14,87250.0,5,87300.0,7,87050.0
lc2408,,13:40:30.164#,88750.0,88750.0,86400.0,0.0,0.0,3764,35630,86800.0,2,86850.0,2,86900.0,3,86950.0,3,87000.0,7,87100.0,1,87150.0,42,87200.0,14,87250.0,5,87300.0,7,87050.0
lc2408,,13:40:31.309#,88750.0,88750.0,86400.0,0.0,0.0,3764,35630,86800.0,4,86850.0,1,86900.0,3,86950.0,4,87000.0,6,87100.0,8,87150.0,19,87200.0,13,87250.0,5,87300.0,7,87050.0
lc2408,,13:40:31.339#,88750.0,88750.0,86400.0,0.0,0.0,3764,35630,86800.0,2,86850.0,2,86900.0,3,86950.0,4,87000.0,6,87100.0,12,87150.0,22,87200.0,13,87250.0,5,87300.0,8,87050.0
lc2408,,13:40:31.609#,88750.0,88750.0,86400.0,0.0,0.0,3764,35630,86800.0,2,86850.0,2,86900.0,3,86950.0,4,87000.0,6,87100.0,13,87150.0,27,87200.0,13,87250.0,5,87300.0,8,87050.0
lc2408,,13:40:31.822#,88750.0,88750.0,86400.0,0.0,0.0,3764,35630,86800.0,2,86850.0,2,86900.0,3,86950.0,4,87000.0,6,87100.0,13,87150.0,30,87200.0,13,87250.0,5,87300.0,8,87050.0
lc2408,,13:40:34.187#,88750.0,88750.0,86400.0,0.0,0.0,3764,35630,86800.0,2,86850.0,2,86900.0,3,86950.0,4,87000.0,6,87100.0,6,87150.0,15,87200.0,13,87250.0,5,87300.0,8,87050.0
lc2408,,13:40:34.329#,88750.0,88750.0,86400.0,0.0,0.0,3764,35630,86850.0,2,86900.0,3,86950.0,4,87000.0,8,87050.0,2,87100.0,4,87150.0,15,87200.0,13,87250.0,5,87300.0,8,87050.0
lc2408,,13:40:34.667#,88750.0,88750.0,86400.0,0.0,0.0,3764,35630,86850.0,2,86900.0,3,86950.0,5,87000.0,9,87050.0,2,87100.0,2,87150.0,15,87200.0,13,87250.0,5,87300.0,8,87050.0
lc2408,,13:40:37.699#,88750.0,88750.0,86400.0,0.0,0.0,3764,35630,86850.0,2,86900.0,3,86950.0,3,87000.0,9,87050.0,2,87100.0,2,87150.0,15,87200.0,13,87250.0,5,87300.0,8,87050.0
lc2408,,13:40:38.71#,88750.0,88750.0,86400.0,0.0,0.0,3764,35630,86850.0,2,86900.0,3,86950.0,4,87000.0,9,87050.0,2,87100.0,2,87150.0,15,87200.0,13,87250.0,5,87300.0,8,87050.0
lc2408,,13:40:39.624#,88750.0,88750.0,86400.0,0.0,0.0,3764,35630,86850.0,2,86900.0,3,86950.0,4,87000.0,9,87050.0,2,87100.0,2,87150.0,16,87200.0,13,87250.0,5,87300.0,8,87050.0
lc2408,,13:40:40.710#,88750.0,88750.0,86400.0,0.0,0.0,3766,35628,86800.0,2,86850.0,2,86900.0,3,86950.0,4,87000.0,9,87100.0,2,87150.0,16,87200.0,13,87250.0,5,87300.0,8,87050.0
lc2408,,13:40:41.167#,88750.0,88750.0,86400.0,0.0,0.0,3766,35628,86800.0,2,86850.0,2,86900.0,3,86950.0,3,87000.0,9,87100.0,2,87150.0,16,87200.0,13,87250.0,5,87300.0,8,87050.0
lc2408,,13:40:41.322#,88750.0,88750.0,86400.0,0.0,0.0,3766,35628,86800.0,2,86850.0,2,86900.0,5,86950.0,2,87000.0,9,87100.0,2,87150.0,16,87200.0,13,87250.0,5,87300.0,8,87050.0
lc2408,,13:40:41.663#,88750.0,88750.0,86400.0,0.0,0.0,3766,35628,86800.0,2,86850.0,2,86900.0,6,86950.0,2,87000.0,9,87100.0,2,87150.0,16,87200.0,13,87250.0,5,87300.0,8,87050.0
lc2408,,13:40:42.786#,88750.0,88750.0,86400.0,0.0,0.0,3766,35628,86800.0,2,86850.0,2,86900.0,6,86950.0,2,87000.0,9,87100.0,12,87150.0,5,87200.0,13,87250.0,5,87300.0,8,87050.0
lc2408,,13:40:42.828#,88750.0,88750.0,86400.0,0.0,0.0,3766,35628,86800.0,2,86850.0,2,86900.0,6,86950.0,2,87000.0,7,87100.0,12,87150.0,5,87200.0,14,87250.0,5,87300.0,8,87050.0
lc2408,,13:40:43.72#,88750.0,88750.0,86400.0,0.0,0.0,3766,35628,86800.0,2,86850.0,2,86900.0,6,86950.0,2,87000.0,7,87100.0,12,87150.0,5,87200.0,15,87250.0,5,87300.0,8,87050.0
lc2408,,13:40:43.323#,88750.0,88750.0,86400.0,0.0,0.0,3766,35628,86800.0,2,86850.0,2,86900.0,6,86950.0,2,87000.0,7,87100.0,12,87150.0,5,87200.0,16,87250.0,5,87300.0,8,87050.0
lc2408,,13:40:44.979#,88750.0,88750.0,86400.0,0.0,0.0,3768,35627,86800.0,2,86850.0,7,86900.0,3,86950.0,2,87000.0,5,87100.0,12,87150.0,5,87200.0,16,87250.0,5,87300.0,8,87000.0
lc2408,,13:40:45.164#,88750.0,88750.0,86400.0,0.0,0.0,3768,35627,86800.0,2,86850.0,2,86900.0,19,86950.0,2,87000.0,6,87100.0,13,87150.0,5,87200.0,16,87250.0,5,87300.0,8,87000.0
lc2408,,13:40:49.92#,88750.0,88750.0,86400.0,0.0,0.0,3769,35626,86800.0,2,86850.0,2,86900.0,19,86950.0,2,87000.0,6,87100.0,12,87150.0,5,87200.0,16,87250.0,5,87300.0,8,87100.0
lc2408,,13:40:49.571#,88750.0,88750.0,86400.0,0.0,0.0,3769,35626,86800.0,2,86850.0,2,86900.0,3,86950.0,3,87000.0,6,87100.0,12,87150.0,5,87200.0,16,87250.0,5,87300.0,8,87100.0
lc2408,,13:40:49.821#,88750.0,88750.0,86400.0,0.0,0.0,3769,35626,86800.0,2,86850.0,2,86900.0,3,86950.0,3,87000.0,6,87100.0,11,87150.0,5,87200.0,16,87250.0,5,87300.0,8,87100.0
lc2408,,13:40:59.134#,88750.0,88750.0,86400.0,0.0,0.0,3769,35626,86800.0,2,86850.0,2,86900.0,3,86950.0,3,87000.0,6,87100.0,11,87150.0,5,87200.0,16,87250.0,5,87300.0,8,87100.0
lc2408,,13:41:02.24#,88750.0,88750.0,86400.0,0.0,0.0,3769,35626,86800.0,2,86850.0,2,86900.0,3,86950.0,3,87000.0,6,87050.0,2,87100.0,11,87150.0,5,87200.0,16,87250.0,5,87100.0
lc2408,,13:41:02.131#,88750.0,88750.0,86400.0,0.0,0.0,3769,35626,86800.0,2,86850.0,2,86900.0,3,86950.0,3,87000.0,4,87050.0,2,87100.0,11,87150.0,5,87200.0,16,87250.0,5,87100.0
lc2408,,13:41:02.321#,88750.0,88750.0,86400.0,0.0,0.0,3769,35626,86800.0,2,86850.0,2,86900.0,3,86950.0,3,87000.0,3,87050.0,2,87100.0,11,87150.0,5,87200.0,16,87250.0,5,87100.0
lc2408,,13:41:03.26#,88750.0,88750.0,86400.0,0.0,0.0,3769,35626,86750.0,1,86800.0,2,86850.0,2,86900.0,3,86950.0,3,87050.0,2,87100.0,11,87150.0,5,87200.0,16,87250.0,5,87100.0
lc2408,,13:41:03.124#,88750.0,88750.0,86400.0,0.0,0.0,3769,35626,86800.0,2,86850.0,2,86900.0,3,86950.0,8,87000.0,2,87050.0,2,87100.0,13,87150.0,5,87200.0,16,87250.0,5,87100.0
lc2408,,13:41:04.714#,88750.0,88750.0,86400.0,0.0,0.0,3769,35626,86800.0,2,86850.0,2,86900.0,3,86950.0,8,87000.0,2,87050.0,2,87100.0,13,87150.0,5,87200.0,16,87250.0,5,87100.0
lc2408,,13:41:08.130#,88750.0,88750.0,86400.0,0.0,0.0,3769,35626,86750.0,1,86800.0,2,86850.0,2,86900.0,7,86950.0,7,87050.0,8,87100.0,13,87150.0,5,87200.0,16,87250.0,5,87100.0
lc2408,,13:41:08.331#,88750.0,88750.0,86400.0,0.0,0.0,3769,35626,86750.0,1,86800.0,2,86850.0,8,86900.0,3,86950.0,5,87050.0,8,87100.0,14,87150.0,5,87200.0,16,87250.0,5,87100.0
lc2408,,13:41:08.667#,88750.0,88750.0,86400.0,0.0,0.0,3769,35626,86750.0,1,86800.0,2,86850.0,8,86900.0,3,86950.0,1,87050.0,9,87100.0,3,87150.0,5,87200.0,16,87250.0,5,87100.0
lc2408,,13:41:08.821#,88750.0,88750.0,86400.0,0.0,0.0,3769,35626,86750.0,1,86800.0,2,86850.0,8,86900.0,3,86950.0,1,87000.0,2,87050.0,9,87100.0,3,87150.0,5,87200.0,16,87100.0
lc2408,,13:41:09.199#,88750.0,88750.0,86400.0,0.0,0.0,3769,35626,86750.0,1,86800.0,2,86850.0,7,86900.0,8,86950.0,2,87000.0,5,87050.0,9,87100.0,3,87150.0,5,87200.0,16,87100.0
lc2408,,13:41:09.566#,88750.0,88750.0,86400.0,0.0,0.0,3769,35626,86700.0,1,86750.0,1,86800.0,2,86850.0,6,86900.0,8,87000.0,5,87050.0,11,87100.0,3,87150.0,5,87200.0,16,87100.0
lc2408,,13:41:09.667#,88750.0,88750.0,86400.0,0.0,0.0,3769,35626,86750.0,1,86800.0,2,86850.0,7,86900.0,9,86950.0,2,87000.0,2,87050.0,11,87100.0,3,87150.0,5,87200.0,16,87100.0
lc2408,,13:41:10.61#,88750.0,88750.0,86400.0,0.0,0.0,3769,35626,86700.0,1,86750.0,1,86800.0,2,86850.0,7,86900.0,9,87000.0,2,87050.0,11,87100.0,3,87150.0,5,87200.0,16,87100.0
lc2408,,13:41:10.130#,88750.0,88750.0,86400.0,0.0,0.0,3769,35626,86750.0,1,86800.0,2,86850.0,2,86900.0,11,86950.0,9,87050.0,11,87100.0,3,87150.0,5,87200.0,16,87250.0,4,87100.0
lc2408,,13:41:10.572#,88750.0,88750.0,86400.0,0.0,0.0,3769,35626,86750.0,1,86800.0,2,86850.0,2,86900.0,11,86950.0,9,87050.0,10,87100.0,3,87150.0,5,87200.0,16,87250.0,4,87100.0
lc2408,,13:41:10.822#,88750.0,88750.0,86400.0,0.0,0.0,3769,35626,86750.0,1,86800.0,2,86850.0,2,86900.0,11,86950.0,10,87050.0,10,87100.0,3,87150.0,5,87200.0,16,87250.0,4,87100.0
lc2408,,13:41:17.521#,88750.0,88750.0,86400.0,0.0,0.0,3769,35626,86750.0,1,86800.0,2,86850.0,2,86900.0,11,86950.0,10,87050.0,8,87100.0,14,87150.0,5,87200.0,16,87250.0,4,87100.0
lc2408,,13:41:17.624#,88750.0,88750.0,86400.0,0.0,0.0,3769,35626,86750.0,1,86800.0,2,86850.0,2,86900.0,11,86950.0,10,87050.0,10,87100.0,3,87150.0,5,87200.0,16,87250.0,4,87100.0
lc2408,,13:41:17.822#,88750.0,88750.0,86400.0,0.0,0.0,3769,35626,86750.0,1,86800.0,2,86850.0,2,86900.0,11,86950.0,10,87050.0,8,87100.0,15,87150.0,5,87200.0,16,87250.0,4,87100.0
lc2408,,13:41:18.626#,88750.0,88750.0,86400.0,0.0,0.0,3769,35626,86750.0,1,86800.0,2,86850.0,2,86900.0,11,86950.0,10,87050.0,10,87100.0,3,87150.0,5,87200.0,16,87250.0,4,87100.0
lc2408,,13:41:19.71#,88750.0,88750.0,86400.0,0.0,0.0,3769,35626,86750.0,1,86800.0,2,86850.0,2,86900.0,11,86950.0,10,87000.0,2,87050.0,10,87100.0,3,87150.0,5,87200.0,16,87100.0
lc2408,,13:41:19.321#,88750.0,88750.0,86400.0,0.0,0.0,3769,35626,86750.0,1,86800.0,2,86850.0,2,86900.0,11,86950.0,8,87000.0,2,87050.0,10,87100.0,3,87150.0,5,87200.0,16,87100.0
lc2408,,13:41:19.821#,88750.0,88750.0,86400.0,0.0,0.0,3769,35626,86750.0,1,86800.0,2,86850.0,2,86900.0,11,86950.0,8,87050.0,10,87100.0,3,87150.0,5,87200.0,16,87250.0,4,87100.0
lc2408,,13:41:20.625#,88750.0,88750.0,86400.0,0.0,0.0,3769,35626,86750.0,1,86800.0,2,86850.0,2,86900.0,11,86950.0,8,87000.0,2,87050.0,10,87100.0,3,87150.0,5,87200.0,16,87100.0
lc2408,,13:41:21.733#,88750.0,88750.0,86400.0,0.0,0.0,3769,35626,86750.0,1,86800.0,2,86850.0,2,86900.0,11,86950.0,7,87000.0,2,87050.0,11,87100.0,3,87150.0,5,87200.0,16,87100.0
lc2408,,13:41:21.821#,88750.0,88750.0,86400.0,0.0,0.0,3769,35626,86750.0,1,86800.0,2,86850.0,8,86900.0,9,86950.0,5,87000.0,2,87050.0,11,87100.0,3,87150.0,5,87200.0,16,87100.0
lc2408,,13:41:22.162#,88750.0,88750.0,86400.0,0.0,0.0,3769,35626,86750.0,1,86800.0,2,86850.0,7,86900.0,9,86950.0,4,87000.0,2,87050.0,11,87100.0,3,87150.0,5,87200.0,16,87100.0
lc2408,,13:41:22.572#,88750.0,88750.0,86400.0,0.0,0.0,3769,35626,86750.0,1,86800.0,2,86850.0,7,86900.0,9,86950.0,1,87000.0,2,87050.0,11,87100.0,3,87150.0,5,87200.0,16,87100.0
lc2408,,13:41:23.321#,88750.0,88750.0,86400.0,0.0,0.0,3769,35626,86700.0,1,86750.0,1,86800.0,2,86850.0,7,86900.0,9,87000.0,2,87050.0,11,87100.0,3,87150.0,5,87200.0,16,87100.0
lc2408,,13:41:23.662#,88750.0,88750.0,86400.0,0.0,0.0,3769,35626,86700.0,1,86750.0,1,86800.0,2,86850.0,6,86900.0,9,87000.0,5,87050.0,11,87100.0,3,87150.0,5,87200.0,16,87100.0
lc2408,,13:41:28.321#,88750.0,88750.0,86400.0,0.0,0.0,3769,35626,86750.0,1,86800.0,2,86850.0,6,86900.0,9,86950.0,2,87000.0,5,87050.0,11,87100.0,3,87150.0,5,87200.0,16,87100.0
lc2408,,13:41:28.571#,88750.0,88750.0,86400.0,0.0,0.0,3769,35626,86700.0,1,86750.0,1,86800.0,2,86850.0,6,86900.0,9,87000.0,5,87050.0,11,87100.0,3,87150.0,5,87200.0,16,87100.0
lc2408,,13:41:28.821#,88750.0,88750.0,86400.0,0.0,0.0,3769,35626,86750.0,1,86800.0,2,86850.0,6,86900.0,9,86950.0,2,87000.0,5,87050.0,11,87100.0,3,87150.0,5,87200.0,16,87100.0
lc2408,,13:41:29.164#,88750.0,88750.0,86400.0,0.0,0.0,3769,35626,86750.0,1,86800.0,2,86850.0,7,86900.0,9,86950.0,2,87000.0,5,87050.0,11,87100.0,3,87150.0,5,87200.0,16,87100.0
lc2408,,13:41:31.556#,88750.0,88750.0,86400.0,0.0,0.0,3769,35626,86750.0,1,86800.0,2,86850.0,7,86900.0,9,86950.0,2,87000.0,12,87050.0,8,87100.0,3,87150.0,5,87200.0,16,87100.0
lc2408,,13:41:31.664#,88750.0,88750.0,86400.0,0.0,0.0,3769,35626,86700.0,1,86750.0,1,86800.0,2,86850.0,6,86900.0,9,87000.0,12,87050.0,8,87100.0,3,87150.0,5,87200.0,16,87100.0
lc2408,,13:41:32.83#,88750.0,88750.0,86400.0,0.0,0.0,3769,35626,86700.0,1,86750.0,1,86800.0,2,86850.0,5,86900.0,9,87000.0,12,87050.0,8,87100.0,3,87150.0,5,87200.0,16,87100.0
lc2408,,13:41:35.299#,88750.0,88750.0,86400.0,0.0,0.0,3769,35626,86700.0,1,86750.0,1,86800.0,2,86850.0,5,86900.0,9,87000.0,12,87050.0,8,87100.0,3,87150.0,5,87200.0,16,87100.0
lc2408,,13:41:35.380#,88750.0,88750.0,86400.0,0.0,0.0,3769,35626,86700.0,1,86750.0,1,86800.0,2,86850.0,5,86900.0,9,87000.0,13,87050.0,8,87100.0,3,87150.0,5,87200.0,16,87100.0
lc2408,,13:41:35.663#,88750.0,88750.0,86400.0,0.0,0.0,3769,35626,86750.0,1,86800.0,2,86850.0,6,86900.0,9,86950.0,2,87000.0,13,87050.0,8,87100.0,3,87150.0,5,87200.0,16,87100.0
lc2408,,13:41:38.456#,88750.0,88750.0,86400.0,0.0,0.0,3769,35626,86750.0,1,86800.0,2,86850.0,6,86900.0,9,86950.0,2,87000.0,14,87050.0,8,87100.0,3,87150.0,5,87200.0,16,87100.0
lc2408,,13:41:41.822#,88750.0,88750.0,86400.0,0.0,0.0,3769,35626,86750.0,1,86800.0,2,86850.0,4,86900.0,9,86950.0,2,87000.0,15,87050.0,8,87100.0,3,87150.0,5,87200.0,16,87100.0
lc2408,,13:41:42.195#,88750.0,88750.0,86400.0,0.0,0.0,3769,35626,86750.0,1,86800.0,2,86850.0,4,86900.0,9,86950.0,2,87000.0,15,87050.0,10,87100.0,3,87150.0,5,87200.0,9,87100.0
lc2408,,13:41:42.322#,88750.0,88750.0,86400.0,0.0,0.0,3769,35626,86750.0,1,86800.0,4,86850.0,3,86900.0,9,86950.0,2,87000.0,15,87050.0,9,87100.0,3,87150.0,5,87200.0,9,87100.0
lc2408,,13:41:43.505#,88750.0,88750.0,86400.0,0.0,0.0,3769,35626,86750.0,1,86800.0,4,86850.0,3,86900.0,9,86950.0,2,87000.0,15,87050.0,9,87100.0,3,87150.0,5,87200.0,9,87100.0
lc2408,,13:41:45.502#,88750.0,88750.0,86400.0,0.0,0.0,3769,35626,86750.0,1,86800.0,4,86850.0,2,86900.0,9,86950.0,2,87000.0,14,87050.0,9,87100.0,3,87150.0,5,87200.0,9,87100.0
lc2408,,13:41:48.398#,88750.0,88750.0,86400.0,0.0,0.0,3771,35624,86700.0,1,86750.0,1,86800.0,7,86850.0,1,86900.0,9,86950.0,2,87000.0,5,87050.0,9,87100.0,3,87150.0,5,86950.0
lc2408,,13:41:48.571#,88750.0,88750.0,86400.0,0.0,0.0,3771,35624,86700.0,1,86750.0,1,86800.0,9,86850.0,1,86900.0,7,86950.0,1,87000.0,14,87050.0,9,87100.0,3,87150.0,5,86950.0
lc2408,,13:41:48.824#,88750.0,88750.0,86400.0,0.0,0.0,3771,35624,86700.0,1,86750.0,1,86800.0,9,86850.0,1,86900.0,6,86950.0,1,87000.0,14,87050.0,9,87100.0,3,87150.0,5,86950.0
lc2408,,13:41:49.72#,88750.0,88750.0,86400.0,0.0,0.0,3771,35624,86700.0,1,86750.0,1,86800.0,9,86850.0,1,86900.0,6,86950.0,1,87000.0,15,87050.0,9,87100.0,3,87150.0,5,86950.0
lc2408,,13:41:50.346#,88750.0,88750.0,86400.0,0.0,0.0,3771,35624,86700.0,1,86750.0,1,86800.0,8,86850.0,1,86900.0,4,86950.0,4,87000.0,7,87050.0,9,87100.0,3,87150.0,5,86950.0
lc2408,,13:41:50.812#,88750.0,88750.0,86400.0,0.0,0.0,3771,35624,86700.0,1,86750.0,1,86800.0,8,86850.0,1,86900.0,1,86950.0,7,87000.0,8,87050.0,8,87100.0,3,87150.0,5,86950.0
lc2408,,13:41:51.193#,88750.0,88750.0,86400.0,0.0,0.0,3771,35624,86700.0,1,86750.0,1,86800.0,8,86850.0,1,86900.0,1,86950.0,3,87000.0,18,87050.0,8,87100.0,3,87150.0,5,86950.0
lc2408,,13:41:51.676#,88750.0,88750.0,86400.0,0.0,0.0,3771,35624,86700.0,1,86750.0,1,86800.0,8,86850.0,1,86900.0,1,86950.0,3,87000.0,18,87050.0,8,87100.0,3,87150.0,5,86950.0
lc2408,,13:41:51.825#,88750.0,88750.0,86400.0,0.0,0.0,3771,35624,86700.0,1,86750.0,1,86800.0,5,86850.0,3,86900.0,1,86950.0,3,87000.0,18,87050.0,8,87100.0,4,87150.0,5,86950.0
lc2408,,13:41:52.72#,88750.0,88750.0,86400.0,0.0,0.0,3771,35624,86700.0,1,86750.0,1,86800.0,5,86850.0,3,86900.0,1,86950.0,3,87000.0,18,87050.0,8,87100.0,5,87150.0,5,86950.0
lc2408,,13:41:52.322#,88750.0,88750.0,86400.0,0.0,0.0,3771,35624,86700.0,1,86750.0,1,86800.0,5,86850.0,3,86900.0,1,86950.0,3,87000.0,18,87050.0,8,87100.0,6,87150.0,5,86950.0
lc2408,,13:41:52.677#,88750.0,88750.0,86400.0,0.0,0.0,3771,35624,86700.0,1,86750.0,1,86800.0,5,86850.0,3,86900.0,1,86950.0,3,87000.0,18,87050.0,8,87100.0,6,87150.0,5,86950.0
lc2408,,13:41:54.125#,88750.0,88750.0,86400.0,0.0,0.0,3771,35624,86700.0,1,86750.0,1,86800.0,8,86850.0,1,86900.0,1,86950.0,3,87000.0,18,87050.0,8,87100.0,6,87150.0,5,86950.0
lc2408,,13:41:58.200#,88750.0,88750.0,86400.0,0.0,0.0,3771,35624,86700.0,1,86750.0,1,86800.0,8,86850.0,1,86900.0,1,86950.0,8,87000.0,20,87050.0,8,87100.0,3,87150.0,5,86950.0
lc2408,,13:41:58.821#,88750.0,88750.0,86400.0,0.0,0.0,3771,35624,86700.0,1,86750.0,1,86800.0,8,86850.0,1,86900.0,1,86950.0,8,87000.0,21,87050.0,8,87100.0,3,87150.0,5,86950.0
lc2408,,13:41:59.173#,88750.0,88750.0,86400.0,0.0,0.0,3771,35624,86700.0,1,86750.0,1,86800.0,8,86850.0,1,86900.0,1,86950.0,8,87000.0,19,87050.0,8,87100.0,3,87150.0,5,86950.0
lc2408,,13:41:59.322#,88750.0,88750.0,86400.0,0.0,0.0,3771,35624,86700.0,1,86750.0,1,86800.0,8,86850.0,1,86900.0,1,86950.0,8,87000.0,19,87050.0,8,87100.0,4,87150.0,5,86950.0
lc2408,,13:41:59.578#,88750.0,88750.0,86400.0,0.0,0.0,3771,35624,86700.0,1,86750.0,1,86800.0,8,86850.0,1,86900.0,1,86950.0,8,87000.0,18,87050.0,8,87100.0,5,87150.0,5,86950.0
lc2408,,13:41:59.826#,88750.0,88750.0,86400.0,0.0,0.0,3771,35624,86700.0,1,86750.0,1,86800.0,10,86850.0,1,86900.0,1,86950.0,4,87000.0,17,87050.0,8,87100.0,6,87150.0,5,86950.0
lc2408,,13:42:00.130#,88750.0,88750.0,86400.0,0.0,0.0,3771,35624,86700.0,1,86750.0,1,86800.0,5,86850.0,10,86900.0,5,86950.0,1,87000.0,16,87050.0,8,87100.0,6,87150.0,5,86950.0
lc2408,,13:42:00.322#,88750.0,88750.0,86400.0,0.0,0.0,3772,35625,86700.0,1,86750.0,1,86800.0,5,86850.0,10,86900.0,6,87000.0,16,87050.0,8,87100.0,6,87150.0,5,87200.0,6,86950.0
lc2408,,13:42:00.572#,88750.0,88750.0,86400.0,0.0,0.0,3772,35625,86700.0,1,86750.0,1,86800.0,5,86850.0,8,86900.0,6,87000.0,15,87050.0,8,87100.0,6,87150.0,5,87200.0,6,86950.0
lc2408,,13:42:01.71#,88750.0,88750.0,86400.0,0.0,0.0,3772,35625,86700.0,1,86750.0,1,86800.0,5,86850.0,6,86900.0,6,87000.0,15,87050.0,8,87100.0,6,87150.0,5,87200.0,6,86950.0
lc2408,,13:42:01.899#,88750.0,88750.0,86400.0,0.0,0.0,3772,35625,86700.0,1,86750.0,1,86800.0,5,86850.0,5,86900.0,6,87000.0,15,87050.0,8,87100.0,6,87150.0,5,87200.0,6,86950.0
lc2408,,13:42:03.321#,88750.0,88750.0,86400.0,0.0,0.0,3772,35625,86700.0,1,86750.0,1,86800.0,5,86850.0,4,86900.0,6,87000.0,15,87050.0,8,87100.0,6,87150.0,5,87200.0,6,86950.0
lc2408,,13:42:03.664#,88750.0,88750.0,86400.0,0.0,0.0,3772,35625,86700.0,1,86750.0,1,86800.0,11,86850.0,1,86900.0,6,87000.0,15,87050.0,8,87100.0,6,87150.0,5,87200.0,6,86950.0
lc2408,,13:42:04.625#,88750.0,88750.0,86400.0,0.0,0.0,3772,35625,86700.0,1,86750.0,1,86800.0,11,86850.0,1,86900.0,5,87000.0,15,87050.0,8,87100.0,6,87150.0,5,87200.0,6,86950.0
lc2408,,13:42:06.686#,88750.0,88750.0,86400.0,0.0,0.0,3772,35625,86700.0,1,86750.0,1,86800.0,11,86850.0,1,86900.0,1,86950.0,9,87000.0,37,87050.0,8,87100.0,2,87150.0,5,86950.0
lc2408,,13:42:06.821#,88750.0,88750.0,86400.0,0.0,0.0,3772,35625,86700.0,1,86750.0,1,86800.0,9,86850.0,1,86900.0,1,86950.0,9,87000.0,37,87050.0,8,87100.0,2,87150.0,5,86950.0
lc2408,,13:42:09.321#,88750.0,88750.0,86400.0,0.0,0.0,3772,35625,86700.0,1,86750.0,1,86800.0,9,86850.0,1,86900.0,1,86950.0,6,87000.0,48,87050.0,8,87100.0,2,87150.0,5,86950.0
lc2408,,13:42:09.686#,88750.0,88750.0,86400.0,0.0,0.0,3772,35625,86700.0,1,86750.0,1,86800.0,9,86850.0,1,86900.0,1,86950.0,6,87000.0,20,87050.0,9,87100.0,2,87150.0,5,86950.0
lc2408,,13:42:09.823#,88750.0,88750.0,86400.0,0.0,0.0,3772,35625,86700.0,1,86750.0,1,86800.0,9,86850.0,1,86900.0,1,86950.0,6,87000.0,18,87050.0,9,87100.0,2,87150.0,5,86950.0
lc2408,,13:42:10.128#,88750.0,88750.0,86400.0,0.0,0.0,3772,35625,86700.0,1,86750.0,1,86800.0,9,86850.0,1,86900.0,1,86950.0,3,87000.0,18,87050.0,9,87100.0,2,87150.0,5,86950.0
lc2408,,13:42:11.900#,88750.0,88750.0,86400.0,0.0,0.0,3772,35625,86700.0,1,86750.0,1,86800.0,9,86850.0,1,86900.0,1,86950.0,3,87000.0,18,87050.0,9,87100.0,2,87150.0,5,86950.0
lc2408,,13:42:12.677#,88750.0,88750.0,86400.0,0.0,0.0,3772,35625,86700.0,1,86750.0,1,86800.0,9,86850.0,1,86900.0,1,86950.0,4,87000.0,21,87050.0,8,87100.0,2,87150.0,5,86950.0
lc2408,,13:42:12.823#,88750.0,88750.0,86400.0,0.0,0.0,3772,35625,86700.0,1,86750.0,1,86800.0,9,86850.0,1,86900.0,1,86950.0,8,87000.0,10,87050.0,8,87100.0,2,87150.0,5,86950.0
lc2408,,13:42:13.680#,88750.0,88750.0,86400.0,0.0,0.0,3772,35625,86700.0,1,86750.0,1,86800.0,9,86850.0,1,86900.0,1,86950.0,7,87000.0,19,87050.0,9,87100.0,2,87150.0,5,86950.0
lc2408,,13:42:13.822#,88750.0,88750.0,86400.0,0.0,0.0,3772,35625,86700.0,1,86750.0,1,86800.0,9,86850.0,1,86900.0,1,86950.0,7,87000.0,18,87050.0,9,87100.0,2,87150.0,5,86950.0
lc2408,,13:42:16.694#,88750.0,88750.0,86400.0,0.0,0.0,3772,35625,86700.0,1,86750.0,1,86800.0,9,86850.0,1,86900.0,1,86950.0,10,87000.0,10,87050.0,8,87100.0,2,87150.0,5,86950.0
lc2408,,13:42:17.520#,88750.0,88750.0,86400.0,0.0,0.0,3772,35625,86700.0,1,86750.0,1,86800.0,9,86850.0,1,86900.0,1,86950.0,11,87000.0,10,87050.0,8,87100.0,2,87150.0,5,86950.0
lc2408,,13:42:17.626#,88750.0,88750.0,86400.0,0.0,0.0,3772,35625,86700.0,1,86750.0,1,86800.0,9,86850.0,1,86900.0,1,86950.0,9,87000.0,10,87050.0,8,87100.0,2,87150.0,5,86950.0
lc2408,,13:42:17.821#,88750.0,88750.0,86400.0,0.0,0.0,3772,35625,86700.0,1,86750.0,1,86800.0,9,86850.0,1,86900.0,1,86950.0,8,87000.0,21,87050.0,8,87100.0,2,87150.0,5,86950.0
lc2408,,13:42:18.182#,88750.0,88750.0,86400.0,0.0,0.0,3772,35625,86700.0,1,86750.0,1,86800.0,9,86850.0,1,86900.0,1,86950.0,8,87000.0,18,87050.0,9,87100.0,2,87150.0,5,86950.0
lc2408,,13:42:18.822#,88750.0,88750.0,86400.0,0.0,0.0,3772,35625,86700.0,1,86750.0,1,86800.0,9,86850.0,1,86900.0,1,86950.0,8,87000.0,17,87050.0,9,87100.0,2,87150.0,5,86950.0
lc2408,,13:42:21.558#,88750.0,88750.0,86400.0,0.0,0.0,3772,35625,86700.0,1,86750.0,1,86800.0,9,86850.0,1,86900.0,1,86950.0,4,87000.0,17,87050.0,9,87100.0,2,87150.0,5,86950.0
lc2408,,13:42:21.571#,88750.0,88750.0,86400.0,0.0,0.0,3772,35625,86700.0,1,86750.0,1,86800.0,9,86850.0,1,86900.0,2,86950.0,4,87000.0,17,87050.0,9,87100.0,2,87150.0,5,86950.0
lc2408,,13:42:23.321#,88750.0,88750.0,86400.0,0.0,0.0,3772,35625,86700.0,1,86750.0,1,86800.0,9,86850.0,1,86900.0,1,86950.0,4,87000.0,17,87050.0,9,87100.0,2,87150.0,5,86950.0
lc2408,,13:42:26.220#,88750.0,88750.0,86400.0,0.0,0.0,3772,35625,86700.0,1,86750.0,1,86800.0,8,86850.0,1,86900.0,1,86950.0,5,87000.0,17,87050.0,8,87100.0,2,87150.0,5,86950.0
lc2408,,13:42:26.324#,88750.0,88750.0,86400.0,0.0,0.0,3773,35625,86650.0,3,86700.0,1,86750.0,1,86800.0,10,86850.0,1,86950.0,8,87000.0,19,87050.0,9,87100.0,2,87150.0,5,86900.0
lc2408,,13:42:26.663#,88750.0,88750.0,86400.0,0.0,0.0,3773,35625,86600.0,30,86700.0,2,86750.0,1,86800.0,7,86850.0,1,86950.0,12,87000.0,9,87050.0,8,87100.0,2,87150.0,5,86900.0
lc2408,,13:42:26.821#,88750.0,88750.0,86400.0,0.0,0.0,3773,35625,86600.0,30,86700.0,2,86750.0,1,86800.0,7,86850.0,2,86950.0,12,87000.0,9,87050.0,8,87100.0,2,87150.0,5,86900.0
lc2408,,13:42:27.197#,88750.0,88750.0,86400.0,0.0,0.0,3773,35625,86600.0,30,86700.0,2,86750.0,1,86800.0,7,86850.0,5,86950.0,12,87000.0,9,87050.0,8,87100.0,2,87150.0,5,86900.0
lc2408,,13:42:27.321#,88750.0,88750.0,86400.0,0.0,0.0,3773,35625,86600.0,30,86700.0,2,86750.0,1,86800.0,7,86850.0,6,86950.0,10,87000.0,9,87050.0,8,87100.0,2,87150.0,5,86900.0
lc2408,,13:42:27.571#,88750.0,88750.0,86400.0,0.0,0.0,3773,35625,86600.0,30,86700.0,2,86750.0,1,86800.0,7,86850.0,6,86950.0,8,87000.0,20,87050.0,8,87100.0,2,87150.0,5,86900.0
lc2408,,13:42:29.253#,88750.0,88750.0,86400.0,0.0,0.0,3774,35625,86700.0,1,86750.0,2,86800.0,4,86850.0,14,86900.0,6,86950.0,3,87000.0,19,87050.0,8,87100.0,2,87150.0,5,86900.0
lc2408,,13:42:29.321#,88750.0,88750.0,86400.0,0.0,0.0,3774,35625,86700.0,1,86750.0,2,86800.0,4,86850.0,14,86900.0,6,86950.0,1,87000.0,19,87050.0,8,87100.0,2,87150.0,5,86900.0
lc2408,,13:42:29.713#,88750.0,88750.0,86400.0,0.0,0.0,3774,35625,86700.0,1,86750.0,2,86800.0,4,86850.0,13,86900.0,6,86950.0,1,87000.0,19,87050.0,8,87100.0,2,87150.0,5,86900.0
lc2408,,13:42:30.175#,88750.0,88750.0,86400.0,0.0,0.0,3774,35625,86700.0,1,86750.0,2,86800.0,4,86850.0,12,86900.0,6,86950.0,1,87000.0,19,87050.0,8,87100.0,2,87150.0,5,86900.0
lc2408,,13:42:30.820#,88750.0,88750.0,86400.0,0.0,0.0,3774,35625,86700.0,1,86750.0,2,86800.0,7,86850.0,11,86900.0,6,86950.0,1,87000.0,19,87050.0,8,87100.0,2,87150.0,5,86900.0
lc2408,,13:42:31.181#,88750.0,88750.0,86400.0,0.0,0.0,3774,35625,86700.0,1,86750.0,1,86800.0,8,86850.0,6,86900.0,6,86950.0,1,87000.0,20,87050.0,8,87100.0,2,87150.0,5,86900.0
lc2408,,13:42:31.322#,88750.0,88750.0,86400.0,0.0,0.0,3774,35625,86700.0,2,86750.0,1,86800.0,8,86850.0,6,86900.0,6,86950.0,1,87000.0,20,87050.0,8,87100.0,2,87150.0,5,86900.0
lc2408,,13:42:31.717#,88750.0,88750.0,86400.0,0.0,0.0,3774,35625,86700.0,1,86750.0,2,86800.0,4,86850.0,7,86900.0,6,86950.0,1,87000.0,20,87050.0,8,87100.0,2,87150.0,5,86900.0
lc2408,,13:42:31.822#,88750.0,88750.0,86400.0,0.0,0.0,3774,35625,86700.0,1,86750.0,2,86800.0,4,86850.0,7,86900.0,6,86950.0,1,87000.0,19,87050.0,8,87100.0,2,87150.0,5,86900.0
lc2408,,13:42:34.321#,88750.0,88750.0,86400.0,0.0,0.0,3774,35625,86700.0,1,86750.0,2,86800.0,7,86850.0,6,86900.0,6,86950.0,1,87000.0,19,87050.0,8,87100.0,2,87150.0,5,86900.0
lc2408,,13:42:34.571#,88750.0,88750.0,86400.0,0.0,0.0,3774,35625,86700.0,1,86750.0,2,86800.0,4,86850.0,7,86900.0,6,86950.0,1,87000.0,17,87050.0,8,87100.0,2,87150.0,5,86900.0
lc2408,,13:42:35.164#,88750.0,88750.0,86400.0,0.0,0.0,3774,35625,86700.0,1,86750.0,2,86800.0,8,86850.0,6,86900.0,6,86950.0,1,87000.0,17,87050.0,8,87100.0,2,87150.0,5,86900.0
lc2408,,13:42:37.821#,88750.0,88750.0,86400.0,0.0,0.0,3774,35625,86700.0,1,86750.0,2,86800.0,4,86850.0,7,86900.0,6,86950.0,1,87000.0,17,87050.0,8,87100.0,2,87150.0,5,86900.0
lc2408,,13:42:38.821#,88750.0,88750.0,86400.0,0.0,0.0,3774,35625,86700.0,1,86750.0,2,86800.0,7,86850.0,6,86900.0,6,86950.0,1,87000.0,17,87050.0,8,87100.0,2,87150.0,5,86900.0
lc2408,,13:42:39.163#,88750.0,88750.0,86400.0,0.0,0.0,3774,35625,86700.0,1,86750.0,2,86800.0,8,86850.0,6,86900.0,6,86950.0,1,87000.0,17,87050.0,8,87100.0,2,87150.0,5,86900.0
lc2408,,13:42:40.887#,88750.0,88750.0,86400.0,0.0,0.0,3775,35624,86750.0,2,86800.0,8,86850.0,6,86900.0,6,86950.0,3,87000.0,17,87050.0,8,87100.0,2,87150.0,5,87200.0,6,86950.0
lc2408,,13:42:41.208#,88750.0,88750.0,86400.0,0.0,0.0,3778,35621,86700.0,1,86750.0,2,86800.0,4,86850.0,7,86900.0,6,87000.0,15,87050.0,8,87100.0,2,87150.0,5,87200.0,6,86950.0
lc2408,,13:42:41.663#,88750.0,88750.0,86400.0,0.0,0.0,3778,35621,86700.0,1,86750.0,2,86800.0,7,86850.0,6,86900.0,6,87000.0,15,87050.0,8,87100.0,2,87150.0,5,87200.0,6,86950.0
lc2408,,13:42:42.162#,88750.0,88750.0,86400.0,0.0,0.0,3778,35621,86700.0,1,86750.0,2,86800.0,8,86850.0,6,86900.0,6,87000.0,15,87050.0,8,87100.0,2,87150.0,5,87200.0,6,86950.0
lc2408,,13:42:42.571#,88750.0,88750.0,86400.0,0.0,0.0,3778,35621,86700.0,1,86750.0,2,86800.0,4,86850.0,7,86900.0,6,87000.0,15,87050.0,8,87100.0,2,87150.0,5,87200.0,6,86950.0
lc2408,,13:42:43.323#,88750.0,88750.0,86400.0,0.0,0.0,3778,35621,86700.0,1,86750.0,2,86800.0,4,86850.0,7,86900.0,6,86950.0,2,87000.0,16,87050.0,8,87100.0,2,87150.0,5,86950.0
lc2408,,13:42:43.708#,88750.0,88750.0,86400.0,0.0,0.0,3779,35621,86700.0,1,86750.0,1,86800.0,8,86850.0,6,86900.0,3,86950.0,9,87000.0,18,87050.0,8,87100.0,2,87150.0,5,86900.0
lc2408,,13:42:43.822#,88750.0,88750.0,86400.0,0.0,0.0,3779,35621,86600.0,30,86700.0,2,86750.0,1,86800.0,8,86850.0,6,86950.0,9,87000.0,18,87050.0,8,87100.0,2,87150.0,5,86900.0
lc2408,,13:42:44.162#,88750.0,88750.0,86400.0,0.0,0.0,3779,35621,86600.0,30,86700.0,2,86750.0,1,86800.0,7,86850.0,6,86950.0,9,87000.0,18,87050.0,8,87100.0,2,87150.0,5,86900.0
lc2408,,13:42:44.381#,88750.0,88750.0,86400.0,0.0,0.0,3779,35621,86600.0,30,86700.0,2,86750.0,1,86800.0,7,86850.0,5,86950.0,10,87000.0,9,87050.0,8,87100.0,2,87150.0,5,86900.0
lc2408,,13:42:44.899#,88750.0,88750.0,86400.0,0.0,0.0,3779,35621,86700.0,2,86750.0,1,86800.0,7,86850.0,5,86900.0,5,86950.0,10,87000.0,9,87050.0,8,87100.0,2,87150.0,5,86900.0
lc2408,,13:42:45.175#,88750.0,88750.0,86400.0,0.0,0.0,3780,35620,86700.0,2,86750.0,1,86800.0,8,86850.0,5,86900.0,4,86950.0,10,87000.0,9,87050.0,8,87100.0,2,87150.0,5,86900.0
lc2408,,13:42:45.675#,88750.0,88750.0,86400.0,0.0,0.0,3781,35619,86700.0,2,86750.0,1,86800.0,8,86850.0,5,86900.0,3,86950.0,9,87000.0,18,87050.0,8,87100.0,2,87150.0,5,86900.0
lc2408,,13:42:46.173#,88750.0,88750.0,86400.0,0.0,0.0,3782,35618,86700.0,2,86750.0,1,86800.0,8,86850.0,5,86900.0,2,86950.0,9,87000.0,19,87050.0,8,87100.0,2,87150.0,5,86900.0
lc2408,,13:42:46.688#,88750.0,88750.0,86400.0,0.0,0.0,3783,35617,86700.0,2,86750.0,1,86800.0,8,86850.0,5,86900.0,1,86950.0,9,87000.0,19,87050.0,8,87100.0,2,87150.0,5,86900.0
lc2408,,13:42:47.187#,88750.0,88750.0,86400.0,0.0,0.0,3784,35616,86600.0,30,86700.0,2,86750.0,1,86800.0,8,86850.0,5,86950.0,9,87000.0,19,87050.0,8,87100.0,2,87150.0,5,86900.0
lc2408,,13:42:47.664#,88750.0,88750.0,86400.0,0.0,0.0,3784,35616,86600.0,30,86700.0,2,86750.0,1,86800.0,7,86850.0,5,86950.0,9,87000.0,19,87050.0,8,87100.0,2,87150.0,5,86900.0
lc2408,,13:42:47.882#,88750.0,88750.0,86400.0,0.0,0.0,3784,35616,86700.0,2,86750.0,1,86800.0,7,86850.0,6,86900.0,2,86950.0,9,87000.0,19,87050.0,8,87100.0,2,87150.0,5,86900.0
lc2408,,13:42:48.71#,88750.0,88750.0,86400.0,0.0,0.0,3784,35616,86600.0,30,86700.0,2,86750.0,1,86800.0,7,86850.0,6,86950.0,9,87000.0,19,87050.0,8,87100.0,2,87150.0,5,86900.0
lc2408,,13:42:48.322#,88750.0,88750.0,86400.0,0.0,0.0,3784,35616,86600.0,30,86700.0,2,86750.0,1,86800.0,7,86850.0,6,86950.0,9,87000.0,18,87050.0,8,87100.0,2,87150.0,5,86900.0
lc2408,,13:42:49.671#,88750.0,88750.0,86400.0,0.0,0.0,3784,35616,86600.0,30,86700.0,2,86750.0,4,86800.0,4,86850.0,6,86950.0,12,87000.0,9,87050.0,8,87100.0,2,87150.0,5,86900.0
lc2408,,13:42:49.886#,88750.0,88750.0,86400.0,0.0,0.0,3784,35616,86600.0,30,86700.0,2,86750.0,5,86800.0,4,86850.0,6,86950.0,11,87000.0,9,87050.0,8,87100.0,2,87150.0,5,86900.0
lc2408,,13:42:50.72#,88750.0,88750.0,86400.0,0.0,0.0,3784,35616,86600.0,30,86700.0,2,86750.0,1,86800.0,6,86850.0,6,86950.0,11,87000.0,9,87050.0,8,87100.0,2,87150.0,5,86900.0
lc2408,,13:42:50.660#,88750.0,88750.0,86400.0,0.0,0.0,3784,35616,86600.0,30,86700.0,2,86750.0,1,86800.0,6,86850.0,6,86950.0,10,87000.0,9,87050.0,8,87100.0,2,87150.0,5,86900.0
lc2408,,13:42:55.279#,88750.0,88750.0,86400.0,0.0,0.0,3784,35616,86600.0,30,86700.0,2,86750.0,1,86800.0,6,86850.0,6,86950.0,9,87000.0,19,87050.0,8,87100.0,2,87150.0,5,86900.0
lc2408,,13:42:55.823#,88750.0,88750.0,86400.0,0.0,0.0,3784,35616,86600.0,30,86700.0,2,86750.0,8,86800.0,4,86850.0,6,86950.0,9,87000.0,20,87050.0,8,87100.0,2,87150.0,5,86900.0
lc2408,,13:42:56.126#,88750.0,88750.0,86400.0,0.0,0.0,3784,35616,86600.0,30,86700.0,2,86750.0,1,86800.0,6,86850.0,6,86950.0,10,87000.0,9,87050.0,8,87100.0,2,87150.0,5,86900.0
lc2408,,13:42:57.813#,88750.0,88750.0,86400.0,0.0,0.0,3784,35616,86700.0,2,86750.0,1,86800.0,6,86850.0,6,86900.0,2,86950.0,10,87000.0,9,87050.0,8,87100.0,2,87150.0,5,86900.0
lc2408,,13:42:58.200#,88750.0,88750.0,86400.0,0.0,0.0,3785,35616,86700.0,2,86750.0,1,86800.0,7,86850.0,6,86900.0,1,86950.0,10,87000.0,9,87050.0,8,87100.0,2,87150.0,5,86900.0
lc2408,,13:42:58.321#,88750.0,88750.0,86400.0,0.0,0.0,3785,35616,86700.0,2,86750.0,1,86800.0,7,86850.0,6,86900.0,1,86950.0,9,87000.0,20,87050.0,8,87100.0,2,87150.0,5,86900.0
lc2408,,13:42:59.71#,88750.0,88750.0,86400.0,0.0,0.0,3785,35616,86700.0,2,86750.0,1,86800.0,7,86850.0,6,86900.0,1,86950.0,10,87000.0,9,87050.0,8,87100.0,2,87150.0,5,86900.0
lc2408,,13:43:03.508#,88750.0,88750.0,86400.0,0.0,0.0,3785,35616,86700.0,2,86750.0,1,86800.0,4,86850.0,7,86900.0,1,86950.0,9,87000.0,20,87050.0,8,87100.0,2,87150.0,5,86900.0
lc2408,,13:43:03.573#,88750.0,88750.0,86400.0,0.0,0.0,3785,35616,86700.0,2,86750.0,1,86800.0,7,86850.0,6,86900.0,1,86950.0,9,87000.0,20,87050.0,8,87100.0,2,87150.0,5,86900.0
lc2408,,13:43:12.125#,88750.0,88750.0,86400.0,0.0,0.0,3785,35616,86700.0,2,86750.0,1,86800.0,9,86850.0,6,86900.0,1,86950.0,9,87000.0,19,87050.0,8,87100.0,2,87150.0,5,86900.0
lc2408,,13:43:12.322#,88750.0,88750.0,86400.0,0.0,0.0,3785,35616,86700.0,2,86750.0,1,86800.0,9,86850.0,6,86900.0,1,86950.0,7,87000.0,18,87050.0,8,87100.0,2,87150.0,5,86900.0
lc2408,,13:43:12.717#,88750.0,88750.0,86400.0,0.0,0.0,3785,35616,86700.0,1,86750.0,2,86800.0,8,86850.0,6,86900.0,1,86950.0,7,87000.0,18,87050.0,8,87100.0,2,87150.0,5,86900.0
lc2408,,13:43:12.921#,88750.0,88750.0,86400.0,0.0,0.0,3785,35616,86700.0,1,86750.0,2,86800.0,4,86850.0,8,86900.0,1,86950.0,4,87000.0,18,87050.0,8,87100.0,2,87150.0,5,86900.0
lc2408,,13:43:13.176#,88750.0,88750.0,86400.0,0.0,0.0,3785,35616,86700.0,1,86750.0,2,86800.0,9,86850.0,6,86900.0,1,86950.0,3,87000.0,18,87050.0,8,87100.0,2,87150.0,5,86900.0
lc2408,,13:43:14.186#,88750.0,88750.0,86400.0,0.0,0.0,3785,35616,86700.0,1,86750.0,1,86800.0,9,86850.0,6,86900.0,1,86950.0,3,87000.0,18,87050.0,8,87100.0,2,87150.0,5,86900.0
lc2408,,13:43:14.322#,88750.0,88750.0,86400.0,0.0,0.0,3785,35616,86700.0,2,86750.0,1,86800.0,9,86850.0,6,86900.0,1,86950.0,3,87000.0,18,87050.0,8,87100.0,2,87150.0,5,86900.0
lc2408,,13:43:14.723#,88750.0,88750.0,86400.0,0.0,0.0,3785,35616,86700.0,1,86750.0,2,86800.0,9,86850.0,6,86900.0,1,86950.0,3,87000.0,18,87050.0,8,87100.0,2,87150.0,5,86900.0
lc2408,,13:43:17.535#,88750.0,88750.0,86400.0,0.0,0.0,3785,35616,86700.0,1,86750.0,2,86800.0,9,86850.0,6,86900.0,1,86950.0,4,87000.0,18,87050.0,8,87100.0,2,87150.0,5,86900.0
lc2408,,13:43:17.821#,88750.0,88750.0,86400.0,0.0,0.0,3785,35616,86700.0,1,86750.0,2,86800.0,9,86850.0,6,86900.0,1,86950.0,7,87000.0,18,87050.0,8,87100.0,2,87150.0,5,86900.0
lc2408,,13:43:24.139#,88750.0,88750.0,86400.0,0.0,0.0,3785,35616,86700.0,1,86750.0,2,86800.0,9,86850.0,6,86900.0,1,86950.0,7,87000.0,11,87050.0,8,87100.0,2,87150.0,5,86900.0
lc2408,,13:43:24.321#,88750.0,88750.0,86400.0,0.0,0.0,3785,35616,86700.0,1,86750.0,2,86800.0,9,86850.0,6,86900.0,1,86950.0,7,87000.0,14,87050.0,8,87100.0,2,87150.0,5,86900.0
lc2408,,13:43:25.821#,88750.0,88750.0,86400.0,0.0,0.0,3785,35616,86700.0,1,86750.0,2,86800.0,9,86850.0,6,86900.0,1,86950.0,7,87000.0,13,87050.0,8,87100.0,2,87150.0,5,86900.0
lc2408,,13:43:27.128#,88750.0,88750.0,86400.0,0.0,0.0,3785,35616,86700.0,1,86750.0,2,86800.0,9,86850.0,6,86900.0,1,86950.0,3,87000.0,13,87050.0,8,87100.0,2,87150.0,5,86900.0
lc2408,,13:43:27.527#,88750.0,88750.0,86400.0,0.0,0.0,3785,35616,86700.0,1,86750.0,2,86800.0,8,86850.0,6,86900.0,1,86950.0,3,87000.0,13,87050.0,8,87100.0,2,87150.0,5,86900.0
lc2408,,13:43:28.828#,88750.0,88750.0,86400.0,0.0,0.0,3785,35616,86700.0,1,86750.0,2,86800.0,8,86850.0,6,86900.0,1,86950.0,3,87000.0,13,87050.0,8,87100.0,2,87150.0,5,86900.0
lc2408,,13:43:29.571#,88750.0,88750.0,86400.0,0.0,0.0,3785,35616,86700.0,1,86750.0,2,86800.0,8,86850.0,6,86900.0,1,86950.0,3,87000.0,14,87050.0,8,87100.0,2,87150.0,5,86900.0
lc2408,,13:43:30.22#,88750.0,88750.0,86400.0,0.0,0.0,3785,35616,86700.0,1,86750.0,2,86800.0,8,86850.0,6,86900.0,1,86950.0,7,87000.0,14,87050.0,8,87100.0,2,87150.0,5,86900.0
lc2408,,13:43:30.488#,88750.0,88750.0,86400.0,0.0,0.0,3785,35616,86700.0,1,86750.0,2,86800.0,8,86850.0,6,86900.0,1,86950.0,7,87000.0,14,87050.0,8,87100.0,2,87150.0,5,86900.0
lc2408,,13:43:33.339#,88750.0,88750.0,86400.0,0.0,0.0,3785,35616,86700.0,1,86750.0,2,86800.0,5,86850.0,6,86900.0,1,86950.0,7,87000.0,14,87050.0,8,87100.0,2,87150.0,5,86900.0
lc2408,,13:43:35.699#,88750.0,88750.0,86400.0,0.0,0.0,3785,35616,86700.0,1,86750.0,1,86800.0,5,86850.0,6,86900.0,1,86950.0,9,87000.0,9,87050.0,8,87100.0,2,87150.0,5,86900.0
lc2408,,13:43:35.822#,88750.0,88750.0,86400.0,0.0,0.0,3785,35616,86700.0,2,86750.0,1,86800.0,5,86850.0,6,86900.0,1,86950.0,9,87000.0,9,87050.0,8,87100.0,2,87150.0,5,86900.0
lc2408,,13:43:36.128#,88750.0,88750.0,86400.0,0.0,0.0,3785,35616,86700.0,2,86750.0,1,86800.0,5,86850.0,6,86900.0,1,86950.0,11,87000.0,9,87050.0,8,87100.0,2,87150.0,5,86900.0
lc2408,,13:43:36.353#,88750.0,88750.0,86400.0,0.0,0.0,3786,35616,86600.0,30,86700.0,2,86750.0,1,86800.0,5,86850.0,4,86950.0,12,87000.0,9,87050.0,8,87100.0,2,87150.0,5,86900.0
lc2408,,13:43:36.764#,88750.0,88750.0,86400.0,0.0,0.0,3788,35616,86550.0,1,86600.0,30,86700.0,3,86750.0,8,86800.0,14,86850.0,1,86900.0,6,86950.0,12,87000.0,9,87050.0,8,86850.0
lc2408,,13:43:37.24#,88750.0,88750.0,86400.0,0.0,0.0,3789,35617,86600.0,30,86700.0,4,86750.0,5,86800.0,13,86850.0,3,86900.0,6,86950.0,13,87000.0,9,87050.0,8,87100.0,2,86850.0
lc2408,,13:43:37.171#,88750.0,88750.0,86400.0,0.0,0.0,3789,35617,86600.0,30,86700.0,4,86750.0,6,86800.0,13,86850.0,1,86900.0,3,86950.0,13,87000.0,9,87050.0,8,87100.0,2,86850.0
lc2408,,13:43:37.550#,88750.0,88750.0,86400.0,0.0,0.0,3789,35617,86600.0,30,86700.0,4,86750.0,6,86800.0,13,86850.0,1,86900.0,2,86950.0,13,87000.0,9,87050.0,8,87100.0,2,86850.0
lc2408,,13:43:37.734#,88750.0,88750.0,86400.0,0.0,0.0,3789,35617,86600.0,30,86700.0,4,86750.0,6,86800.0,13,86850.0,1,86900.0,2,86950.0,13,87000.0,9,87050.0,8,87100.0,2,86850.0
lc2408,,13:43:37.821#,88750.0,88750.0,86400.0,0.0,0.0,3789,35617,86550.0,1,86600.0,30,86700.0,4,86750.0,6,86800.0,13,86900.0,2,86950.0,13,87000.0,9,87050.0,8,87100.0,2,86850.0
lc2408,,13:43:38.125#,88750.0,88750.0,86400.0,0.0,0.0,3789,35617,86600.0,30,86700.0,4,86750.0,6,86800.0,14,86850.0,5,86900.0,2,86950.0,13,87000.0,9,87050.0,8,87100.0,2,86850.0
lc2408,,13:43:38.321#,88750.0,88750.0,86400.0,0.0,0.0,3789,35617,86600.0,30,86700.0,4,86750.0,6,86800.0,14,86850.0,3,86900.0,2,86950.0,13,87000.0,9,87050.0,8,87100.0,2,86850.0
lc2408,,13:43:38.625#,88750.0,88750.0,86400.0,0.0,0.0,3789,35617,86600.0,30,86700.0,4,86750.0,1,86800.0,19,86850.0,3,86900.0,2,86950.0,13,87000.0,9,87050.0,8,87100.0,2,86850.0
lc2408,,13:43:39.77#,88750.0,88750.0,86400.0,0.0,0.0,3789,35617,86600.0,30,86700.0,4,86750.0,1,86800.0,19,86850.0,3,86950.0,11,87000.0,9,87050.0,8,87100.0,2,87150.0,5,86850.0
lc2408,,13:43:41.125#,88750.0,88750.0,86400.0,0.0,0.0,3789,35617,86600.0,30,86700.0,4,86750.0,1,86800.0,19,86850.0,4,86950.0,11,87000.0,9,87050.0,8,87100.0,2,87150.0,5,86850.0
lc2408,,13:43:41.321#,88750.0,88750.0,86400.0,0.0,0.0,3789,35617,86600.0,30,86700.0,4,86750.0,1,86800.0,19,86850.0,7,86950.0,11,87000.0,9,87050.0,8,87100.0,2,87150.0,5,86850.0
lc2408,,13:43:41.700#,88750.0,88750.0,86400.0,0.0,0.0,3789,35617,86700.0,3,86750.0,2,86800.0,9,86850.0,7,86900.0,4,86950.0,7,87000.0,14,87050.0,8,87100.0,2,87150.0,5,86850.0
lc2408,,13:43:41.821#,88750.0,88750.0,86400.0,0.0,0.0,3789,35617,86700.0,3,86750.0,2,86800.0,9,86850.0,7,86900.0,5,86950.0,7,87000.0,14,87050.0,8,87100.0,2,87150.0,5,86850.0
lc2408,,13:43:42.163#,88750.0,88750.0,86400.0,0.0,0.0,3789,35617,86700.0,3,86750.0,2,86800.0,10,86850.0,7,86900.0,5,86950.0,7,87000.0,14,87050.0,8,87100.0,2,87150.0,5,86850.0
lc2408,,13:43:43.787#,88750.0,88750.0,86400.0,0.0,0.0,3789,35617,86700.0,3,86750.0,2,86800.0,10,86850.0,8,86900.0,5,86950.0,7,87000.0,14,87050.0,8,87100.0,2,87150.0,5,86850.0
lc2408,,13:43:43.821#,88750.0,88750.0,86400.0,0.0,0.0,3789,35617,86700.0,3,86750.0,2,86800.0,10,86850.0,8,86900.0,5,86950.0,2,87000.0,14,87050.0,8,87100.0,2,87150.0,5,86850.0
lc2408,,13:43:44.229#,88750.0,88750.0,86400.0,0.0,0.0,3789,35617,86700.0,3,86750.0,2,86800.0,10,86850.0,8,86900.0,8,87000.0,14,87050.0,8,87100.0,2,87150.0,5,87200.0,6,86850.0
lc2408,,13:43:45.719#,88750.0,88750.0,86400.0,0.0,0.0,3789,35617,86700.0,3,86750.0,1,86800.0,10,86850.0,8,86900.0,8,86950.0,4,87000.0,14,87050.0,8,87100.0,2,87150.0,5,86850.0
lc2408,,13:43:45.823#,88750.0,88750.0,86400.0,0.0,0.0,3789,35617,86700.0,3,86750.0,1,86800.0,10,86850.0,8,86900.0,8,86950.0,4,87000.0,14,87050.0,8,87100.0,2,87150.0,5,86850.0
lc2408,,13:43:46.190#,88750.0,88750.0,86400.0,0.0,0.0,3789,35617,86700.0,4,86750.0,1,86800.0,10,86850.0,8,86900.0,8,86950.0,4,87000.0,14,87050.0,8,87100.0,2,87150.0,5,86850.0
lc2408,,13:43:46.571#,88750.0,88750.0,86400.0,0.0,0.0,3789,35617,86700.0,4,86750.0,1,86800.0,10,86850.0,8,86900.0,4,86950.0,4,87000.0,14,87050.0,8,87100.0,2,87150.0,5,86850.0
lc2408,,13:43:46.821#,88750.0,88750.0,86400.0,0.0,0.0,3789,35617,86700.0,4,86750.0,1,86800.0,10,86850.0,8,86900.0,3,86950.0,4,87000.0,14,87050.0,8,87100.0,2,87150.0,5,86850.0
lc2408,,13:43:48.661#,88750.0,88750.0,86400.0,0.0,0.0,3789,35617,86600.0,30,86700.0,4,86750.0,1,86800.0,9,86850.0,8,86950.0,4,87000.0,15,87050.0,8,87100.0,2,87150.0,5,86850.0
lc2408,,13:43:49.624#,88750.0,88750.0,86400.0,0.0,0.0,3789,35617,86600.0,30,86700.0,4,86750.0,1,86800.0,9,86850.0,8,86950.0,4,87000.0,16,87050.0,8,87100.0,2,87150.0,5,86850.0
lc2408,,13:43:52.628#,88750.0,88750.0,86400.0,0.0,0.0,3789,35617,86600.0,30,86700.0,4,86750.0,7,86800.0,5,86850.0,8,86950.0,7,87000.0,9,87050.0,8,87100.0,2,87150.0,5,86850.0
lc2408,,13:43:52.852#,88750.0,88750.0,86400.0,0.0,0.0,3789,35617,86600.0,30,86700.0,4,86750.0,7,86800.0,5,86850.0,8,86950.0,11,87000.0,9,87050.0,8,87100.0,2,87150.0,5,86850.0
lc2408,,13:43:53.164#,88750.0,88750.0,86400.0,0.0,0.0,3789,35617,86600.0,30,86700.0,4,86750.0,8,86800.0,5,86850.0,8,86950.0,11,87000.0,9,87050.0,8,87100.0,2,87150.0,5,86850.0
lc2408,,13:43:57.101#,88750.0,88750.0,86400.0,0.0,0.0,3789,35617,86600.0,30,86700.0,4,86750.0,8,86800.0,5,86850.0,13,86950.0,11,87000.0,9,87050.0,8,87100.0,2,87150.0,5,86850.0
lc2408,,13:43:59.324#,88750.0,88750.0,86400.0,0.0,0.0,3789,35617,86600.0,30,86700.0,4,86750.0,8,86800.0,5,86850.0,13,86950.0,10,87000.0,9,87050.0,8,87100.0,2,87150.0,5,86850.0
lc2408,,13:43:59.571#,88750.0,88750.0,86400.0,0.0,0.0,3789,35617,86600.0,30,86700.0,4,86750.0,1,86800.0,9,86850.0,13,86950.0,10,87000.0,9,87050.0,8,87100.0,2,87150.0,5,86850.0
lc2408,,13:44:00.571#,88750.0,88750.0,86400.0,0.0,0.0,3789,35617,86600.0,30,86700.0,4,86750.0,1,86800.0,9,86850.0,13,86950.0,9,87000.0,9,87050.0,8,87100.0,2,87150.0,5,86850.0
lc2408,,13:44:01.71#,88750.0,88750.0,86400.0,0.0,0.0,3789,35617,86600.0,30,86700.0,4,86750.0,1,86800.0,9,86850.0,13,86950.0,8,87000.0,9,87050.0,8,87100.0,2,87150.0,5,86850.0
lc2408,,13:44:07.198#,88750.0,88750.0,86400.0,0.0,0.0,3789,35617,86600.0,30,86700.0,4,86750.0,9,86800.0,5,86850.0,13,86950.0,8,87000.0,9,87050.0,8,87100.0,2,87150.0,5,86850.0
lc2408,,13:44:07.321#,88750.0,88750.0,86400.0,0.0,0.0,3789,35617,86600.0,30,86700.0,4,86750.0,9,86800.0,5,86850.0,13,86950.0,9,87000.0,9,87050.0,8,87100.0,2,87150.0,5,86850.0
lc2408,,13:44:07.664#,88750.0,88750.0,86400.0,0.0,0.0,3789,35617,86600.0,30,86700.0,4,86750.0,10,86800.0,5,86850.0,13,86950.0,9,87000.0,9,87050.0,8,87100.0,2,87150.0,5,86850.0
lc2408,,13:44:12.624#,88750.0,88750.0,86400.0,0.0,0.0,3789,35617,86600.0,30,86700.0,4,86750.0,1,86800.0,7,86850.0,13,86950.0,6,87000.0,16,87050.0,8,87100.0,2,87150.0,5,86850.0
lc2408,,13:44:12.822#,88750.0,88750.0,86400.0,0.0,0.0,3789,35617,86700.0,4,86750.0,1,86800.0,7,86850.0,13,86900.0,6,86950.0,4,87000.0,16,87050.0,8,87100.0,2,87150.0,5,86850.0
lc2408,,13:44:13.163#,88750.0,88750.0,86400.0,0.0,0.0,3789,35617,86700.0,4,86750.0,1,86800.0,8,86850.0,13,86900.0,7,87000.0,15,87050.0,8,87100.0,2,87150.0,5,87200.0,6,86850.0
lc2408,,13:44:13.332#,88750.0,88750.0,86400.0,0.0,0.0,3789,35617,86700.0,4,86750.0,1,86800.0,8,86850.0,13,86900.0,7,87000.0,19,87050.0,8,87100.0,2,87150.0,5,87200.0,6,86850.0
lc2408,,13:44:13.581#,88750.0,88750.0,86400.0,0.0,0.0,3789,35617,86700.0,3,86750.0,2,86800.0,8,86850.0,13,86900.0,7,87000.0,14,87050.0,8,87100.0,2,87150.0,5,87200.0,6,86850.0
lc2408,,13:44:16.325#,88750.0,88750.0,86400.0,0.0,0.0,3789,35617,86700.0,4,86750.0,1,86800.0,8,86850.0,13,86900.0,7,87000.0,20,87050.0,8,87100.0,2,87150.0,5,87200.0,6,86850.0
lc2408,,13:44:16.571#,88750.0,88750.0,86400.0,0.0,0.0,3789,35617,86700.0,4,86750.0,1,86800.0,8,86850.0,13,86900.0,7,86950.0,2,87000.0,20,87050.0,8,87100.0,2,87150.0,5,86850.0
lc2408,,13:44:18.177#,88750.0,88750.0,86400.0,0.0,0.0,3789,35617,86700.0,4,86750.0,1,86800.0,8,86850.0,13,86900.0,7,87000.0,23,87050.0,8,87100.0,2,87150.0,5,87200.0,6,86850.0
lc2408,,13:44:18.821#,88750.0,88750.0,86400.0,0.0,0.0,3789,35617,86700.0,4,86750.0,1,86800.0,8,86850.0,13,86900.0,7,87000.0,24,87050.0,8,87100.0,2,87150.0,5,87200.0,6,86850.0
lc2408,,13:44:19.821#,88750.0,88750.0,86400.0,0.0,0.0,3789,35617,86700.0,4,86750.0,1,86800.0,8,86850.0,13,86900.0,7,87000.0,23,87050.0,8,87100.0,2,87150.0,5,87200.0,6,86850.0
lc2408,,13:44:20.323#,88750.0,88750.0,86400.0,0.0,0.0,3789,35617,86700.0,4,86750.0,1,86800.0,8,86850.0,13,86900.0,7,87000.0,19,87050.0,8,87100.0,2,87150.0,5,87200.0,6,86850.0
lc2408,,13:44:20.822#,88750.0,88750.0,86400.0,0.0,0.0,3789,35617,86700.0,4,86750.0,1,86800.0,8,86850.0,13,86900.0,7,87000.0,20,87050.0,8,87100.0,2,87150.0,5,87200.0,6,86850.0
lc2408,,13:44:22.321#,88750.0,88750.0,86400.0,0.0,0.0,3789,35617,86700.0,4,86750.0,1,86800.0,8,86850.0,13,86900.0,7,87000.0,21,87050.0,8,87100.0,2,87150.0,5,87200.0,6,86850.0
lc2408,,13:44:22.697#,88750.0,88750.0,86400.0,0.0,0.0,3789,35617,86700.0,3,86750.0,2,86800.0,8,86850.0,13,86900.0,7,87000.0,15,87050.0,8,87100.0,2,87150.0,5,87200.0,6,86850.0
lc2408,,13:44:27.700#,88750.0,88750.0,86400.0,0.0,0.0,3789,35617,86700.0,4,86750.0,1,86800.0,8,86850.0,13,86900.0,3,86950.0,2,87000.0,20,87050.0,8,87100.0,2,87150.0,5,86850.0
lc2408,,13:44:27.821#,88750.0,88750.0,86400.0,0.0,0.0,3789,35617,86700.0,4,86750.0,1,86800.0,8,86850.0,13,86900.0,2,87000.0,20,87050.0,8,87100.0,2,87150.0,5,87200.0,6,86850.0
lc2408,,13:44:28.321#,88750.0,88750.0,86400.0,0.0,0.0,3789,35617,86700.0,4,86750.0,1,86800.0,8,86850.0,13,86900.0,3,87000.0,20,87050.0,8,87100.0,2,87150.0,5,87200.0,6,86850.0
lc2408,,13:44:30.692#,88750.0,88750.0,86400.0,0.0,0.0,3789,35617,86700.0,3,86750.0,2,86800.0,8,86850.0,13,86900.0,3,87000.0,15,87050.0,8,87100.0,2,87150.0,5,87200.0,6,86850.0
lc2408,,13:44:31.71#,88750.0,88750.0,86400.0,0.0,0.0,3789,35617,86700.0,3,86750.0,2,86800.0,8,86850.0,13,86900.0,6,87000.0,15,87050.0,8,87100.0,2,87150.0,5,87200.0,6,86850.0
lc2408,,13:44:32.321#,88750.0,88750.0,86400.0,0.0,0.0,3789,35617,86700.0,3,86750.0,2,86800.0,8,86850.0,13,86900.0,6,87000.0,14,87050.0,8,87100.0,2,87150.0,5,87200.0,6,86850.0
lc2408,,13:44:33.322#,88750.0,88750.0,86400.0,0.0,0.0,3789,35617,86700.0,4,86750.0,1,86800.0,8,86850.0,13,86900.0,6,87000.0,16,87050.0,8,87100.0,2,87150.0,5,87200.0,6,86850.0
lc2408,,13:44:33.687#,88750.0,88750.0,86400.0,0.0,0.0,3789,35617,86700.0,4,86750.0,1,86800.0,8,86850.0,13,86900.0,3,86950.0,4,87000.0,20,87050.0,8,87100.0,2,87150.0,5,86850.0
lc2408,,13:44:33.822#,88750.0,88750.0,86400.0,0.0,0.0,3789,35617,86600.0,30,86700.0,4,86750.0,1,86800.0,8,86850.0,13,86950.0,9,87000.0,13,87050.0,8,87100.0,2,87150.0,5,86850.0
lc2408,,13:44:34.167#,88750.0,88750.0,86400.0,0.0,0.0,3789,35617,86600.0,30,86700.0,4,86750.0,1,86800.0,7,86850.0,13,86950.0,9,87000.0,9,87050.0,8,87100.0,2,87150.0,5,86850.0
lc2408,,13:44:34.568#,88750.0,88750.0,86400.0,0.0,0.0,3789,35617,86600.0,30,86700.0,4,86750.0,1,86800.0,8,86850.0,13,86950.0,9,87000.0,9,87050.0,8,87100.0,2,87150.0,5,86850.0
lc2408,,13:44:36.721#,88750.0,88750.0,86400.0,0.0,0.0,3789,35617,86600.0,30,86700.0,4,86750.0,1,86800.0,9,86850.0,13,86950.0,9,87000.0,9,87050.0,8,87100.0,2,87150.0,5,86850.0
lc2408,,13:44:37.107#,88750.0,88750.0,86400.0,0.0,0.0,3789,35617,86600.0,30,86700.0,5,86750.0,1,86800.0,9,86850.0,13,86950.0,9,87000.0,9,87050.0,8,87100.0,2,87150.0,5,86850.0
lc2408,,13:44:38.71#,88750.0,88750.0,86400.0,0.0,0.0,3789,35617,86600.0,30,86700.0,5,86750.0,1,86800.0,9,86850.0,13,86950.0,8,87000.0,9,87050.0,8,87100.0,2,87150.0,5,86850.0
lc2408,,13:44:38.663#,88750.0,88750.0,86400.0,0.0,0.0,3789,35617,86700.0,5,86750.0,1,86800.0,10,86850.0,13,86900.0,5,87000.0,16,87050.0,8,87100.0,2,87150.0,5,87200.0,6,86850.0
lc2408,,13:44:38.839#,88750.0,88750.0,86400.0,0.0,0.0,3789,35617,86700.0,3,86750.0,2,86800.0,10,86850.0,13,86900.0,5,87000.0,16,87050.0,8,87100.0,2,87150.0,5,87200.0,6,86850.0
lc2408,,13:44:39.264#,88750.0,88750.0,86400.0,0.0,0.0,3789,35617,86700.0,3,86750.0,2,86800.0,5,86850.0,14,86900.0,5,87000.0,16,87050.0,8,87100.0,2,87150.0,5,87200.0,6,86850.0
lc2408,,13:44:39.712#,88750.0,88750.0,86400.0,0.0,0.0,3789,35617,86700.0,5,86750.0,1,86800.0,9,86850.0,13,86900.0,5,87000.0,16,87050.0,8,87100.0,2,87150.0,5,87200.0,6,86850.0
lc2408,,13:44:40.182#,88750.0,88750.0,86400.0,0.0,0.0,3789,35617,86700.0,5,86750.0,1,86800.0,10,86850.0,13,86900.0,5,87000.0,9,87050.0,8,87100.0,2,87150.0,5,87200.0,6,86850.0
lc2408,,13:44:40.338#,88750.0,88750.0,86400.0,0.0,0.0,3789,35617,86700.0,5,86750.0,1,86800.0,10,86850.0,13,86900.0,5,87000.0,13,87050.0,8,87100.0,2,87150.0,5,87200.0,6,86850.0
lc2408,,13:44:40.687#,88750.0,88750.0,86400.0,0.0,0.0,3789,35617,86700.0,5,86750.0,1,86800.0,10,86850.0,13,86900.0,5,86950.0,5,87000.0,17,87050.0,8,87100.0,2,87150.0,5,86850.0
lc2408,,13:44:40.821#,88750.0,88750.0,86400.0,0.0,0.0,3789,35617,86700.0,5,86750.0,1,86800.0,10,86850.0,13,86900.0,2,86950.0,3,87000.0,17,87050.0,8,87100.0,2,87150.0,5,86850.0
lc2408,,13:44:41.167#,88750.0,88750.0,86400.0,0.0,0.0,3789,35617,86700.0,5,86750.0,1,86800.0,10,86850.0,13,86900.0,2,86950.0,3,87000.0,13,87050.0,8,87100.0,2,87150.0,5,86850.0
lc2408,,13:44:42.322#,88750.0,88750.0,86400.0,0.0,0.0,3789,35617,86600.0,30,86700.0,5,86750.0,1,86800.0,10,86850.0,13,86950.0,5,87000.0,13,87050.0,8,87100.0,2,87150.0,5,86850.0
lc2408,,13:44:42.662#,88750.0,88750.0,86400.0,0.0,0.0,3789,35617,86600.0,30,86700.0,5,86750.0,1,86800.0,7,86850.0,13,86950.0,10,87000.0,13,87050.0,8,87100.0,2,87150.0,5,86850.0
lc2408,,13:44:42.821#,88750.0,88750.0,86400.0,0.0,0.0,3789,35617,86600.0,30,86700.0,5,86750.0,1,86800.0,7,86850.0,13,86950.0,11,87000.0,13,87050.0,8,87100.0,2,87150.0,5,86850.0
lc2408,,13:44:44.571#,88750.0,88750.0,86400.0,0.0,0.0,3789,35617,86600.0,30,86700.0,5,86750.0,1,86800.0,7,86850.0,13,86950.0,10,87000.0,13,87050.0,8,87100.0,2,87150.0,5,86850.0
lc2408,,13:44:45.163#,88750.0,88750.0,86400.0,0.0,0.0,3789,35617,86700.0,5,86750.0,1,86800.0,8,86850.0,13,86900.0,2,86950.0,3,87000.0,13,87050.0,8,87100.0,2,87150.0,5,86850.0
lc2408,,13:44:45.321#,88750.0,88750.0,86400.0,0.0,0.0,3789,35617,86600.0,30,86700.0,5,86750.0,1,86800.0,8,86850.0,13,86950.0,3,87000.0,13,87050.0,8,87100.0,2,87150.0,5,86850.0
lc2408,,13:44:45.662#,88750.0,88750.0,86400.0,0.0,0.0,3789,35617,86600.0,30,86700.0,5,86750.0,1,86800.0,7,86850.0,13,86950.0,3,87000.0,13,87050.0,8,87100.0,2,87150.0,5,86850.0
lc2408,,13:44:47.6#,88750.0,88750.0,86400.0,0.0,0.0,3789,35617,86600.0,30,86700.0,5,86750.0,1,86800.0,7,86850.0,13,86950.0,3,87000.0,10,87050.0,8,87100.0,2,87150.0,5,86850.0
lc2408,,13:44:47.71#,88750.0,88750.0,86400.0,0.0,0.0,3789,35617,86600.0,30,86700.0,5,86750.0,1,86800.0,7,86850.0,13,86950.0,3,87000.0,9,87050.0,8,87100.0,2,87150.0,5,86850.0
lc2408,,13:44:47.413#,88750.0,88750.0,86400.0,0.0,0.0,3789,35617,86600.0,30,86700.0,5,86750.0,1,86800.0,7,86850.0,13,86950.0,2,87000.0,15,87050.0,8,87100.0,2,87150.0,5,86850.0
lc2408,,13:44:47.572#,88750.0,88750.0,86400.0,0.0,0.0,3789,35617,86600.0,30,86700.0,5,86750.0,1,86800.0,7,86850.0,13,86950.0,2,87000.0,16,87050.0,8,87100.0,2,87150.0,5,86850.0
lc2408,,13:44:57.663#,88750.0,88750.0,86400.0,0.0,0.0,3789,35617,86700.0,5,86750.0,1,86800.0,8,86850.0,13,86900.0,7,87000.0,15,87050.0,8,87100.0,2,87150.0,5,87200.0,6,86850.0
lc2408,,13:44:58.71#,88750.0,88750.0,86400.0,0.0,0.0,3789,35617,86700.0,5,86750.0,1,86800.0,8,86850.0,13,86900.0,7,87000.0,13,87050.0,8,87100.0,2,87150.0,5,87200.0,6,86850.0
lc2408,,13:45:00.128#,88750.0,88750.0,86400.0,0.0,0.0,3789,35617,86700.0,5,86750.0,1,86800.0,8,86850.0,13,86900.0,7,87000.0,14,87050.0,8,87100.0,2,87150.0,5,87200.0,6,86850.0
lc2408,,13:45:00.322#,88750.0,88750.0,86400.0,0.0,0.0,3789,35617,86700.0,5,86750.0,1,86800.0,8,86850.0,13,86900.0,7,86950.0,2,87000.0,15,87050.0,8,87100.0,2,87150.0,5,86850.0
lc2408,,13:45:00.629#,88750.0,88750.0,86400.0,0.0,0.0,3789,35617,86600.0,30,86700.0,5,86750.0,1,86800.0,8,86850.0,13,86950.0,2,87000.0,17,87050.0,8,87100.0,2,87150.0,5,86850.0
lc2408,,13:45:00.822#,88750.0,88750.0,86400.0,0.0,0.0,3789,35617,86600.0,30,86700.0,5,86750.0,1,86800.0,8,86850.0,14,86950.0,14,87000.0,10,87050.0,8,87100.0,2,87150.0,5,86850.0
lc2408,,13:45:01.163#,88750.0,88750.0,86400.0,0.0,0.0,3789,35617,86600.0,30,86700.0,5,86750.0,1,86800.0,7,86850.0,14,86950.0,15,87000.0,9,87050.0,8,87100.0,2,87150.0,5,86850.0
lc2408,,13:45:01.443#,88750.0,88750.0,86400.0,0.0,0.0,3789,35617,86600.0,30,86700.0,5,86750.0,1,86800.0,6,86850.0,14,86950.0,15,87000.0,9,87050.0,8,87100.0,2,87150.0,5,86850.0
lc2408,,13:45:03.963#,88750.0,88750.0,86400.0,0.0,0.0,3789,35617,86600.0,30,86700.0,5,86750.0,9,86800.0,5,86850.0,14,86950.0,15,87000.0,9,87050.0,8,87100.0,2,87150.0,5,86850.0
lc2408,,13:45:04.165#,88750.0,88750.0,86400.0,0.0,0.0,3789,35617,86600.0,30,86700.0,5,86750.0,10,86800.0,5,86850.0,14,86950.0,16,87000.0,9,87050.0,8,87100.0,2,87150.0,5,86850.0
lc2408,,13:45:04.821#,88750.0,88750.0,86400.0,0.0,0.0,3789,35617,86600.0,30,86700.0,5,86750.0,1,86800.0,7,86850.0,14,86950.0,16,87000.0,9,87050.0,8,87100.0,2,87150.0,5,86850.0
lc2408,,13:45:06.571#,88750.0,88750.0,86400.0,0.0,0.0,3789,35617,86600.0,30,86700.0,5,86750.0,1,86800.0,7,86850.0,14,86950.0,15,87000.0,9,87050.0,8,87100.0,2,87150.0,5,86850.0
lc2408,,13:45:08.821#,88750.0,88750.0,86400.0,0.0,0.0,3789,35617,86600.0,30,86700.0,5,86750.0,1,86800.0,7,86850.0,14,86950.0,11,87000.0,16,87050.0,8,87100.0,2,87150.0,5,86850.0
lc2408,,13:45:13.663#,88750.0,88750.0,86400.0,0.0,0.0,3789,35617,86600.0,30,86700.0,5,86750.0,8,86800.0,5,86850.0,12,86950.0,15,87000.0,9,87050.0,8,87100.0,2,87150.0,5,86850.0
lc2408,,13:45:13.821#,88750.0,88750.0,86400.0,0.0,0.0,3789,35617,86600.0,30,86700.0,5,86750.0,8,86800.0,5,86850.0,12,86950.0,16,87000.0,9,87050.0,8,87100.0,2,87150.0,5,86850.0
lc2408,,13:45:16.126#,88750.0,88750.0,86400.0,0.0,0.0,3789,35617,86600.0,30,86700.0,5,86750.0,1,86800.0,8,86850.0,12,86950.0,11,87000.0,16,87050.0,8,87100.0,2,87150.0,5,86850.0
lc2408,,13:45:17.571#,88750.0,88750.0,86400.0,0.0,0.0,3789,35617,86600.0,30,86700.0,5,86750.0,1,86800.0,6,86850.0,12,86950.0,11,87000.0,16,87050.0,8,87100.0,2,87150.0,5,86850.0
lc2408,,13:45:20.572#,88750.0,88750.0,86400.0,0.0,0.0,3789,35617,86600.0,30,86700.0,5,86750.0,1,86800.0,6,86850.0,12,86950.0,11,87000.0,15,87050.0,8,87100.0,2,87150.0,5,86850.0
lc2408,,13:45:22.334#,88750.0,88750.0,86400.0,0.0,0.0,3789,35617,86600.0,30,86700.0,5,86750.0,1,86800.0,6,86850.0,12,86950.0,11,87000.0,15,87050.0,8,87100.0,2,87150.0,5,86850.0
lc2408,,13:45:22.627#,88750.0,88750.0,86400.0,0.0,0.0,3789,35617,86600.0,30,86700.0,5,86750.0,9,86800.0,5,86850.0,7,86950.0,16,87000.0,9,87050.0,8,87100.0,2,87150.0,5,86850.0
lc2408,,13:45:22.821#,88750.0,88750.0,86400.0,0.0,0.0,3789,35617,86700.0,5,86750.0,7,86800.0,5,86850.0,6,86900.0,3,86950.0,16,87000.0,9,87050.0,8,87100.0,2,87150.0,5,86850.0
lc2408,,13:45:23.166#,88750.0,88750.0,86400.0,0.0,0.0,3792,35614,86600.0,30,86700.0,5,86750.0,8,86800.0,5,86850.0,6,86950.0,16,87000.0,9,87050.0,8,87100.0,2,87150.0,5,86900.0
lc2408,,13:45:27.350#,88750.0,88750.0,86400.0,0.0,0.0,3792,35614,86600.0,30,86700.0,5,86750.0,8,86800.0,5,86850.0,6,86950.0,16,87000.0,9,87050.0,8,87100.0,2,87150.0,5,86900.0
lc2408,,13:45:27.571#,88750.0,88750.0,86400.0,0.0,0.0,3792,35614,86600.0,30,86700.0,5,86750.0,8,86800.0,5,86850.0,6,86950.0,17,87000.0,9,87050.0,8,87100.0,2,87150.0,5,86900.0
lc2408,,13:45:29.126#,88750.0,88750.0,86400.0,0.0,0.0,3792,35614,86700.0,5,86750.0,1,86800.0,7,86850.0,6,86900.0,1,86950.0,11,87000.0,16,87050.0,8,87100.0,2,87150.0,5,86900.0
lc2408,,13:45:29.324#,88750.0,88750.0,86400.0,0.0,0.0,3792,35614,86700.0,5,86750.0,1,86800.0,7,86850.0,6,86900.0,1,86950.0,10,87000.0,16,87050.0,8,87100.0,2,87150.0,5,86900.0
lc2408,,13:45:29.717#,88750.0,88750.0,86400.0,0.0,0.0,3792,35614,86700.0,5,86750.0,1,86800.0,8,86850.0,6,86900.0,1,86950.0,10,87000.0,16,87050.0,8,87100.0,2,87150.0,5,86900.0
lc2408,,13:45:30.372#,88750.0,88750.0,86400.0,0.0,0.0,3792,35614,86700.0,5,86750.0,1,86800.0,9,86850.0,6,86900.0,1,86950.0,10,87000.0,16,87050.0,8,87100.0,2,87150.0,5,86900.0
lc2408,,13:45:33.500#,88750.0,88750.0,86400.0,0.0,0.0,3792,35614,86700.0,5,86750.0,1,86800.0,9,86850.0,6,86900.0,1,86950.0,10,87000.0,15,87050.0,8,87100.0,2,87150.0,5,86900.0
lc2408,,13:45:42.537#,88750.0,88750.0,86400.0,0.0,0.0,3792,35614,86600.0,30,86700.0,5,86800.0,10,86850.0,6,86900.0,1,86950.0,10,87000.0,15,87050.0,8,87100.0,2,87150.0,5,86900.0
lc2408,,13:45:44.71#,88750.0,88750.0,86400.0,0.0,0.0,3792,35614,86600.0,30,86700.0,5,86800.0,10,86850.0,6,86900.0,1,86950.0,10,87000.0,14,87050.0,8,87100.0,2,87150.0,5,86900.0
lc2408,,13:45:45.126#,88750.0,88750.0,86400.0,0.0,0.0,3792,35614,86700.0,3,86750.0,1,86800.0,6,86850.0,10,86900.0,2,86950.0,1,87000.0,12,87050.0,8,87100.0,2,87150.0,5,86900.0
lc2408,,13:45:45.321#,88750.0,88750.0,86400.0,0.0,0.0,3792,35614,86700.0,3,86750.0,1,86800.0,6,86850.0,10,86900.0,3,87000.0,12,87050.0,8,87100.0,2,87150.0,5,87200.0,6,86900.0
lc2408,,13:45:45.571#,88750.0,88750.0,86400.0,0.0,0.0,3792,35614,86700.0,3,86750.0,1,86800.0,6,86850.0,10,86900.0,2,87000.0,13,87050.0,8,87100.0,2,87150.0,5,87200.0,6,86900.0
lc2408,,13:45:45.821#,88750.0,88750.0,86400.0,0.0,0.0,3792,35614,86700.0,3,86750.0,1,86800.0,6,86850.0,10,86900.0,2,86950.0,1,87000.0,13,87050.0,8,87100.0,2,87150.0,5,86900.0
lc2408,,13:45:46.71#,88750.0,88750.0,86400.0,0.0,0.0,3792,35614,86700.0,3,86750.0,1,86800.0,6,86850.0,8,86900.0,2,86950.0,1,87000.0,12,87050.0,8,87100.0,2,87150.0,5,86900.0
lc2408,,13:45:55.388#,88750.0,88750.0,86400.0,0.0,0.0,3792,35614,86700.0,3,86750.0,1,86800.0,6,86850.0,8,86900.0,2,86950.0,2,87000.0,12,87050.0,8,87100.0,2,87150.0,5,86900.0
lc2408,,13:45:57.124#,88750.0,88750.0,86400.0,0.0,0.0,3792,35614,86700.0,3,86750.0,1,86800.0,9,86850.0,6,86900.0,2,86950.0,2,87000.0,12,87050.0,8,87100.0,2,87150.0,5,86900.0
lc2408,,13:45:58.126#,88750.0,88750.0,86400.0,0.0,0.0,3792,35614,86600.0,30,86700.0,5,86800.0,9,86850.0,6,86900.0,1,86950.0,9,87000.0,13,87050.0,8,87100.0,2,87150.0,5,86900.0
lc2408,,13:45:58.323#,88750.0,88750.0,86400.0,0.0,0.0,3792,35614,86550.0,1,86600.0,30,86700.0,5,86800.0,9,86850.0,6,86950.0,9,87000.0,15,87050.0,8,87100.0,2,87150.0,5,86900.0
lc2408,,13:45:58.571#,88750.0,88750.0,86400.0,0.0,0.0,3792,35614,86550.0,1,86600.0,30,86700.0,5,86800.0,9,86850.0,7,86950.0,9,87000.0,15,87050.0,8,87100.0,2,87150.0,5,86900.0
lc2408,,13:45:58.821#,88750.0,88750.0,86400.0,0.0,0.0,3792,35614,86550.0,1,86600.0,30,86700.0,5,86800.0,9,86850.0,7,86950.0,10,87000.0,9,87050.0,8,87100.0,2,87150.0,5,86900.0
lc2408,,13:46:03.571#,88750.0,88750.0,86400.0,0.0,0.0,3792,35614,86550.0,1,86600.0,30,86700.0,5,86800.0,9,86850.0,7,86950.0,9,87000.0,15,87050.0,8,87100.0,2,87150.0,5,86900.0
lc2408,,13:46:06.226#,88750.0,88750.0,86400.0,0.0,0.0,3792,35614,86550.0,1,86600.0,30,86700.0,5,86800.0,9,86850.0,7,86950.0,10,87000.0,15,87050.0,8,87100.0,2,87150.0,5,86900.0
lc2408,,13:46:09.842#,88750.0,88750.0,86400.0,0.0,0.0,3792,35614,86550.0,1,86600.0,30,86700.0,5,86800.0,9,86850.0,6,86950.0,10,87000.0,15,87050.0,8,87100.0,2,87150.0,5,86900.0
lc2408,,13:46:15.57#,88750.0,88750.0,86400.0,0.0,0.0,3792,35614,86550.0,1,86600.0,30,86700.0,5,86800.0,9,86850.0,6,86950.0,9,87000.0,15,87050.0,8,87100.0,2,87150.0,5,86900.0
lc2408,,13:46:16.571#,88750.0,88750.0,86400.0,0.0,0.0,3792,35614,86550.0,1,86600.0,30,86700.0,5,86800.0,9,86850.0,6,86950.0,13,87000.0,9,87050.0,8,87100.0,2,87150.0,5,86900.0
lc2408,,13:46:16.821#,88750.0,88750.0,86400.0,0.0,0.0,3792,35614,86550.0,1,86600.0,30,86700.0,5,86800.0,9,86850.0,5,86950.0,13,87000.0,9,87050.0,8,87100.0,2,87150.0,5,86900.0
lc2408,,13:46:22.142#,88750.0,88750.0,86400.0,0.0,0.0,3792,35614,86550.0,1,86600.0,30,86700.0,5,86800.0,8,86850.0,5,86950.0,13,87000.0,9,87050.0,8,87100.0,2,87150.0,5,86900.0
lc2408,,13:46:23.321#,88750.0,88750.0,86400.0,0.0,0.0,3792,35614,86550.0,1,86600.0,30,86700.0,5,86800.0,8,86850.0,5,86950.0,9,87000.0,15,87050.0,8,87100.0,2,87150.0,5,86900.0
lc2408,,13:46:23.571#,88750.0,88750.0,86400.0,0.0,0.0,3792,35614,86550.0,1,86600.0,30,86700.0,5,86800.0,7,86850.0,6,86950.0,10,87000.0,9,87050.0,8,87100.0,2,87150.0,5,86900.0
lc2408,,13:46:24.625#,88750.0,88750.0,86400.0,0.0,0.0,3792,35614,86550.0,1,86600.0,30,86700.0,5,86800.0,7,86850.0,6,86900.0,2,86950.0,12,87000.0,9,87050.0,8,87100.0,2,86900.0
lc2408,,13:46:24.821#,88750.0,88750.0,86400.0,0.0,0.0,3792,35614,86550.0,1,86600.0,30,86700.0,5,86800.0,7,86850.0,5,86950.0,12,87000.0,9,87050.0,8,87100.0,2,87150.0,5,86900.0
lc2408,,13:46:25.126#,88750.0,88750.0,86400.0,0.0,0.0,3792,35614,86550.0,1,86600.0,30,86700.0,5,86800.0,7,86850.0,5,86900.0,2,86950.0,12,87000.0,9,87050.0,8,87100.0,2,86900.0
lc2408,,13:46:25.821#,88750.0,88750.0,86400.0,0.0,0.0,3792,35614,86550.0,1,86600.0,30,86700.0,5,86800.0,7,86850.0,5,86950.0,12,87000.0,9,87050.0,8,87100.0,2,87150.0,5,86900.0
lc2408,,13:46:26.321#,88750.0,88750.0,86400.0,0.0,0.0,3792,35614,86550.0,1,86600.0,30,86700.0,5,86800.0,7,86850.0,5,86900.0,4,86950.0,12,87000.0,9,87050.0,8,87100.0,2,86900.0
lc2408,,13:46:27.624#,88750.0,88750.0,86400.0,0.0,0.0,3792,35614,86550.0,1,86600.0,30,86700.0,5,86800.0,7,86850.0,5,86900.0,2,86950.0,12,87000.0,9,87050.0,8,87100.0,2,86900.0
lc2408,,13:46:29.571#,88750.0,88750.0,86400.0,0.0,0.0,3792,35614,86550.0,1,86600.0,30,86700.0,5,86800.0,7,86850.0,5,86900.0,2,86950.0,13,87000.0,9,87050.0,8,87100.0,2,86900.0
lc2408,,13:46:31.220#,88750.0,88750.0,86400.0,0.0,0.0,3792,35614,86550.0,1,86600.0,30,86700.0,4,86800.0,7,86850.0,5,86900.0,2,86950.0,13,87000.0,9,87050.0,8,87100.0,2,86900.0
lc2408,,13:46:31.321#,88750.0,88750.0,86400.0,0.0,0.0,3792,35614,86550.0,1,86600.0,30,86700.0,4,86800.0,7,86850.0,6,86900.0,2,86950.0,13,87000.0,9,87050.0,8,87100.0,2,86900.0
lc2408,,13:46:31.571#,88750.0,88750.0,86400.0,0.0,0.0,3792,35614,86550.0,1,86600.0,30,86700.0,4,86800.0,7,86850.0,5,86900.0,2,86950.0,13,87000.0,9,87050.0,8,87100.0,2,86900.0
lc2408,,13:46:32.161#,88750.0,88750.0,86400.0,0.0,0.0,3792,35614,86600.0,30,86700.0,4,86750.0,8,86800.0,6,86850.0,5,86900.0,2,86950.0,13,87000.0,9,87050.0,8,87100.0,2,86900.0
lc2408,,13:46:32.324#,88750.0,88750.0,86400.0,0.0,0.0,3792,35614,86600.0,30,86700.0,4,86750.0,8,86800.0,6,86850.0,5,86900.0,2,86950.0,13,87000.0,9,87050.0,8,87100.0,2,86900.0
lc2408,,13:46:32.625#,88750.0,88750.0,86400.0,0.0,0.0,3792,35614,86600.0,30,86700.0,4,86750.0,6,86800.0,6,86850.0,5,86900.0,2,86950.0,13,87000.0,9,87050.0,8,87100.0,2,86900.0
lc2408,,13:46:35.786#,88750.0,88750.0,86400.0,0.0,0.0,3792,35614,86550.0,1,86600.0,30,86700.0,4,86750.0,6,86800.0,6,86900.0,2,86950.0,13,87000.0,9,87050.0,8,87100.0,2,86900.0
lc2408,,13:46:35.821#,88750.0,88750.0,86400.0,0.0,0.0,3792,35614,86550.0,1,86600.0,30,86700.0,4,86750.0,6,86800.0,6,86900.0,3,86950.0,13,87000.0,9,87050.0,8,87100.0,2,86900.0
lc2408,,13:46:36.71#,88750.0,88750.0,86400.0,0.0,0.0,3792,35614,86550.0,1,86600.0,30,86700.0,4,86750.0,6,86800.0,6,86900.0,3,86950.0,13,87000.0,9,87050.0,8,87100.0,2,86900.0
lc2408,,13:46:38.730#,88750.0,88750.0,86400.0,0.0,0.0,3792,35614,86550.0,1,86600.0,30,86700.0,4,86750.0,6,86800.0,12,86900.0,3,86950.0,13,87000.0,9,87050.0,8,87100.0,2,86900.0
lc2408,,13:46:39.334#,88750.0,88750.0,86400.0,0.0,0.0,3792,35614,86550.0,1,86600.0,30,86700.0,4,86750.0,6,86800.0,12,86900.0,3,86950.0,14,87000.0,9,87050.0,8,87100.0,2,86900.0
lc2408,,13:46:39.743#,88750.0,88750.0,86400.0,0.0,0.0,3792,35614,86550.0,1,86600.0,30,86700.0,4,86750.0,6,86800.0,12,86900.0,4,86950.0,14,87000.0,9,87050.0,8,87100.0,2,86900.0
lc2408,,13:46:39.916#,88750.0,88750.0,86400.0,0.0,0.0,3792,35614,86550.0,1,86600.0,30,86700.0,4,86750.0,6,86800.0,12,86900.0,10,86950.0,14,87000.0,9,87050.0,8,87100.0,2,86900.0
lc2408,,13:46:40.71#,88750.0,88750.0,86400.0,0.0,0.0,3792,35614,86550.0,1,86600.0,30,86700.0,4,86750.0,6,86800.0,11,86900.0,10,86950.0,14,87000.0,9,87050.0,8,87100.0,2,86900.0
lc2408,,13:46:40.359#,88750.0,88750.0,86400.0,0.0,0.0,3792,35614,86550.0,1,86600.0,30,86700.0,4,86750.0,5,86800.0,11,86900.0,10,86950.0,14,87000.0,9,87050.0,8,87100.0,2,86900.0
lc2408,,13:46:40.852#,88750.0,88750.0,86400.0,0.0,0.0,3792,35614,86550.0,1,86600.0,30,86700.0,4,86750.0,5,86800.0,10,86900.0,10,86950.0,14,87000.0,9,87050.0,8,87100.0,2,86900.0
lc2408,,13:46:48.387#,88750.0,88750.0,86400.0,0.0,0.0,3792,35614,86550.0,1,86600.0,30,86700.0,4,86750.0,5,86800.0,10,86900.0,10,86950.0,14,87000.0,9,87050.0,8,87100.0,2,86900.0
lc2408,,13:46:48.627#,88750.0,88750.0,86400.0,0.0,0.0,3792,35614,86550.0,1,86600.0,30,86700.0,4,86750.0,5,86800.0,10,86850.0,2,86900.0,15,86950.0,8,87000.0,9,87050.0,8,86900.0
lc2408,,13:46:48.925#,88750.0,88750.0,86400.0,0.0,0.0,3792,35614,86550.0,1,86600.0,30,86700.0,4,86750.0,5,86800.0,3,86850.0,2,86900.0,18,86950.0,8,87000.0,10,87050.0,8,86900.0
lc2408,,13:46:49.158#,88750.0,88750.0,86400.0,0.0,0.0,3792,35614,86550.0,1,86600.0,30,86700.0,4,86750.0,5,86800.0,3,86900.0,18,86950.0,8,87000.0,11,87050.0,8,87150.0,4,86900.0
lc2408,,13:46:49.324#,88750.0,88750.0,86400.0,0.0,0.0,3792,35614,86550.0,1,86600.0,30,86700.0,4,86750.0,5,86800.0,3,86900.0,18,86950.0,8,87000.0,12,87050.0,8,87150.0,4,86900.0
lc2408,,13:46:49.659#,88750.0,88750.0,86400.0,0.0,0.0,3792,35614,86550.0,1,86600.0,30,86700.0,4,86750.0,5,86800.0,3,86900.0,18,86950.0,8,87000.0,12,87050.0,8,87150.0,4,86900.0
lc2408,,13:46:54.321#,88750.0,88750.0,86400.0,0.0,0.0,3792,35614,86550.0,1,86600.0,30,86700.0,4,86750.0,5,86800.0,3,86850.0,2,86900.0,18,86950.0,8,87000.0,12,87050.0,8,86900.0
lc2408,,13:46:55.321#,88750.0,88750.0,86400.0,0.0,0.0,3792,35614,86550.0,1,86600.0,30,86700.0,4,86750.0,5,86800.0,3,86900.0,18,86950.0,8,87000.0,12,87050.0,8,87150.0,4,86900.0
lc2408,,13:46:55.571#,88750.0,88750.0,86400.0,0.0,0.0,3792,35614,86550.0,1,86600.0,30,86700.0,4,86750.0,5,86800.0,2,86850.0,1,86900.0,18,86950.0,8,87000.0,12,87050.0,8,86900.0
lc2408,,13:46:55.821#,88750.0,88750.0,86400.0,0.0,0.0,3792,35614,86550.0,1,86600.0,30,86700.0,4,86750.0,5,86800.0,3,86900.0,18,86950.0,8,87000.0,12,87050.0,8,87150.0,4,86900.0
lc2408,,13:46:56.125#,88750.0,88750.0,86400.0,0.0,0.0,3792,35614,86550.0,1,86600.0,30,86700.0,4,86750.0,5,86800.0,2,86850.0,3,86900.0,18,86950.0,8,87000.0,12,87050.0,8,86900.0
lc2408,,13:46:56.321#,88750.0,88750.0,86400.0,0.0,0.0,3792,35614,86550.0,1,86600.0,30,86700.0,4,86750.0,5,86800.0,2,86850.0,1,86900.0,16,86950.0,8,87000.0,12,87050.0,8,86900.0
lc2408,,13:46:56.776#,88750.0,88750.0,86400.0,0.0,0.0,3792,35614,86550.0,1,86600.0,30,86700.0,4,86750.0,5,86800.0,9,86900.0,15,86950.0,8,87000.0,12,87050.0,8,87150.0,4,86900.0
lc2408,,13:46:56.821#,88750.0,88750.0,86400.0,0.0,0.0,3792,35614,86550.0,1,86600.0,30,86700.0,4,86750.0,5,86800.0,8,86900.0,16,86950.0,8,87000.0,12,87050.0,8,87150.0,4,86900.0
lc2408,,13:46:57.127#,88750.0,88750.0,86400.0,0.0,0.0,3792,35614,86550.0,1,86600.0,30,86700.0,4,86750.0,4,86800.0,8,86850.0,2,86900.0,18,86950.0,8,87000.0,12,87050.0,8,86900.0
lc2408,,13:46:57.321#,88750.0,88750.0,86400.0,0.0,0.0,3792,35614,86550.0,1,86600.0,30,86700.0,4,86750.0,4,86800.0,2,86850.0,2,86900.0,19,86950.0,8,87000.0,12,87050.0,8,86900.0
lc2408,,13:46:57.766#,88750.0,88750.0,86400.0,0.0,0.0,3793,35614,86550.0,1,86600.0,30,86650.0,1,86700.0,4,86800.0,1,86850.0,15,86900.0,12,86950.0,12,87000.0,8,87050.0,7,86800.0
lc2408,,13:46:57.824#,88750.0,88750.0,86400.0,0.0,0.0,3793,35614,86550.0,1,86600.0,30,86650.0,1,86700.0,4,86800.0,1,86850.0,16,86900.0,11,86950.0,12,87000.0,8,87050.0,7,86800.0
lc2408,,13:46:58.555#,88750.0,88750.0,86400.0,0.0,0.0,3794,35615,86500.0,160,86550.0,1,86600.0,30,86650.0,1,86700.0,4,86850.0,17,86900.0,11,86950.0,12,87000.0,8,87050.0,7,86800.0
lc2408,,13:46:58.659#,88750.0,88750.0,86400.0,0.0,0.0,3794,35615,86550.0,1,86600.0,30,86650.0,1,86700.0,25,86750.0,2,86800.0,1,86850.0,17,86900.0,12,86950.0,12,87000.0,6,86800.0
lc2408,,13:46:59.62#,88750.0,88750.0,86400.0,0.0,0.0,3794,35615,86550.0,1,86600.0,30,86650.0,1,86700.0,25,86750.0,1,86850.0,17,86900.0,12,86950.0,12,87000.0,6,87050.0,7,86800.0
lc2408,,13:46:59.159#,88750.0,88750.0,86400.0,0.0,0.0,3794,35615,86550.0,1,86600.0,30,86650.0,1,86700.0,25,86750.0,2,86800.0,3,86850.0,17,86900.0,12,86950.0,12,87000.0,6,86800.0
lc2408,,13:46:59.321#,88750.0,88750.0,86400.0,0.0,0.0,3794,35615,86550.0,1,86600.0,30,86650.0,1,86700.0,25,86750.0,2,86800.0,3,86850.0,16,86900.0,12,86950.0,12,87000.0,6,86800.0
lc2408,,13:47:00.625#,88750.0,88750.0,86400.0,0.0,0.0,3794,35615,86550.0,1,86600.0,30,86650.0,1,86700.0,25,86750.0,5,86800.0,1,86850.0,16,86900.0,12,86950.0,12,87000.0,6,86800.0
lc2408,,13:47:00.821#,88750.0,88750.0,86400.0,0.0,0.0,3794,35615,86600.0,30,86650.0,1,86700.0,25,86750.0,4,86800.0,2,86850.0,16,86900.0,12,86950.0,12,87000.0,6,87050.0,7,86800.0
lc2408,,13:47:01.126#,88750.0,88750.0,86400.0,0.0,0.0,3794,35615,86600.0,30,86650.0,1,86700.0,13,86750.0,4,86800.0,3,86850.0,13,86900.0,12,86950.0,12,87000.0,6,87050.0,7,86800.0
lc2408,,13:47:01.635#,88750.0,88750.0,86400.0,0.0,0.0,3794,35615,86600.0,30,86650.0,1,86700.0,13,86750.0,4,86800.0,3,86850.0,12,86900.0,12,86950.0,12,87000.0,6,87050.0,7,86800.0
lc2408,,13:47:02.821#,88750.0,88750.0,86400.0,0.0,0.0,3794,35615,86600.0,30,86650.0,1,86700.0,13,86750.0,4,86800.0,3,86850.0,11,86900.0,19,86950.0,12,87000.0,6,87050.0,7,86800.0
lc2408,,13:47:03.71#,88750.0,88750.0,86400.0,0.0,0.0,3794,35615,86600.0,30,86650.0,1,86700.0,13,86750.0,4,86800.0,3,86850.0,11,86900.0,20,86950.0,12,87000.0,6,87050.0,7,86800.0
lc2408,,13:47:04.571#,88750.0,88750.0,86400.0,0.0,0.0,3794,35615,86600.0,30,86650.0,1,86700.0,13,86750.0,4,86800.0,3,86850.0,12,86900.0,12,86950.0,12,87000.0,6,87050.0,7,86800.0
lc2408,,13:47:05.136#,88750.0,88750.0,86400.0,0.0,0.0,3794,35615,86600.0,30,86650.0,1,86700.0,13,86750.0,4,86800.0,2,86850.0,8,86900.0,12,86950.0,12,87000.0,6,87050.0,7,86800.0
lc2408,,13:47:05.321#,88750.0,88750.0,86400.0,0.0,0.0,3794,35615,86600.0,30,86650.0,1,86700.0,13,86750.0,4,86800.0,2,86850.0,5,86900.0,12,86950.0,12,87000.0,6,87050.0,7,86800.0
lc2408,,13:47:05.571#,88750.0,88750.0,86400.0,0.0,0.0,3794,35615,86600.0,30,86650.0,1,86700.0,13,86750.0,4,86800.0,2,86850.0,4,86900.0,20,86950.0,12,87000.0,6,87050.0,7,86800.0
lc2408,,13:47:06.126#,88750.0,88750.0,86400.0,0.0,0.0,3794,35615,86600.0,30,86650.0,1,86700.0,13,86750.0,4,86800.0,2,86850.0,5,86900.0,12,86950.0,12,87000.0,6,87050.0,7,86800.0
lc2408,,13:47:08.571#,88750.0,88750.0,86400.0,0.0,0.0,3794,35615,86600.0,30,86650.0,1,86700.0,13,86750.0,4,86800.0,2,86850.0,4,86900.0,20,86950.0,12,87000.0,6,87050.0,7,86800.0
lc2408,,13:47:10.164#,88750.0,88750.0,86400.0,0.0,0.0,3794,35615,86600.0,30,86650.0,5,86700.0,12,86750.0,4,86800.0,2,86850.0,1,86900.0,20,86950.0,12,87000.0,6,87050.0,7,86800.0
lc2408,,13:47:10.321#,88750.0,88750.0,86400.0,0.0,0.0,3794,35615,86600.0,30,86650.0,1,86700.0,24,86750.0,4,86800.0,3,86900.0,20,86950.0,12,87000.0,6,87050.0,7,87150.0,4,86800.0
lc2408,,13:47:10.678#,88750.0,88750.0,86400.0,0.0,0.0,3794,35615,86600.0,30,86650.0,1,86700.0,24,86750.0,4,86800.0,10,86900.0,50,86950.0,12,87000.0,6,87050.0,7,87150.0,4,86800.0
lc2408,,13:47:10.820#,88750.0,88750.0,86400.0,0.0,0.0,3794,35615,86600.0,30,86650.0,1,86700.0,24,86750.0,4,86800.0,9,86900.0,50,86950.0,12,87000.0,6,87050.0,7,87150.0,4,86800.0
lc2408,,13:47:12.173#,88750.0,88750.0,86400.0,0.0,0.0,3794,35615,86600.0,30,86650.0,1,86700.0,24,86750.0,4,86800.0,9,86850.0,2,86900.0,46,86950.0,12,87000.0,6,87050.0,7,86800.0
lc2408,,13:47:12.821#,88750.0,88750.0,86400.0,0.0,0.0,3794,35615,86600.0,30,86650.0,1,86700.0,24,86750.0,4,86800.0,9,86900.0,46,86950.0,12,87000.0,6,87050.0,7,87150.0,4,86800.0
lc2408,,13:47:13.71#,88750.0,88750.0,86400.0,0.0,0.0,3794,35615,86600.0,30,86650.0,1,86700.0,24,86750.0,4,86800.0,9,86850.0,2,86900.0,46,86950.0,12,87000.0,6,87050.0,7,86800.0
lc2408,,13:47:13.320#,88750.0,88750.0,86400.0,0.0,0.0,3794,35615,86600.0,30,86650.0,1,86700.0,24,86750.0,4,86800.0,9,86900.0,46,86950.0,12,87000.0,6,87050.0,7,87150.0,4,86800.0
lc2408,,13:47:13.673#,88750.0,88750.0,86400.0,0.0,0.0,3794,35615,86600.0,30,86650.0,1,86700.0,24,86750.0,4,86800.0,9,86900.0,50,86950.0,12,87000.0,6,87050.0,7,87150.0,4,86800.0
lc2408,,13:47:13.821#,88750.0,88750.0,86400.0,0.0,0.0,3794,35615,86600.0,30,86650.0,1,86700.0,24,86750.0,4,86800.0,9,86850.0,1,86900.0,50,86950.0,12,87000.0,6,87050.0,7,86800.0
lc2408,,13:47:14.71#,88750.0,88750.0,86400.0,0.0,0.0,3794,35615,86600.0,30,86650.0,1,86700.0,24,86750.0,4,86800.0,9,86900.0,50,86950.0,12,87000.0,6,87050.0,7,87150.0,4,86800.0
lc2408,,13:47:14.321#,88750.0,88750.0,86400.0,0.0,0.0,3794,35615,86600.0,30,86650.0,1,86700.0,24,86750.0,4,86800.0,9,86850.0,2,86900.0,50,86950.0,12,87000.0,6,87050.0,7,86800.0
lc2408,,13:47:14.571#,88750.0,88750.0,86400.0,0.0,0.0,3794,35615,86600.0,30,86650.0,1,86700.0,24,86750.0,4,86800.0,9,86900.0,50,86950.0,12,87000.0,6,87050.0,7,87150.0,4,86800.0
lc2408,,13:47:14.821#,88750.0,88750.0,86400.0,0.0,0.0,3794,35615,86600.0,30,86650.0,1,86700.0,24,86750.0,4,86800.0,9,86850.0,3,86900.0,50,86950.0,12,87000.0,6,87050.0,7,86800.0
lc2408,,13:47:15.71#,88750.0,88750.0,86400.0,0.0,0.0,3794,35615,86600.0,30,86650.0,1,86700.0,24,86750.0,4,86800.0,9,86900.0,50,86950.0,12,87000.0,6,87050.0,7,87150.0,4,86800.0
lc2408,,13:47:15.321#,88750.0,88750.0,86400.0,0.0,0.0,3794,35615,86600.0,30,86650.0,1,86700.0,24,86750.0,4,86800.0,9,86850.0,2,86900.0,50,86950.0,12,87000.0,6,87050.0,7,86800.0
lc2408,,13:47:15.571#,88750.0,88750.0,86400.0,0.0,0.0,3794,35615,86600.0,30,86650.0,1,86700.0,24,86750.0,4,86800.0,9,86900.0,50,86950.0,12,87000.0,6,87050.0,7,87150.0,4,86800.0
lc2408,,13:47:16.218#,88750.0,88750.0,86400.0,0.0,0.0,3794,35615,86600.0,30,86650.0,1,86700.0,24,86750.0,4,86800.0,9,86900.0,46,86950.0,12,87000.0,6,87050.0,7,87150.0,4,86800.0
lc2408,,13:47:16.321#,88750.0,88750.0,86400.0,0.0,0.0,3794,35615,86600.0,30,86650.0,1,86700.0,24,86750.0,4,86800.0,9,86850.0,2,86900.0,46,86950.0,12,87000.0,6,87050.0,7,86800.0
lc2408,,13:47:16.672#,88750.0,88750.0,86400.0,0.0,0.0,3794,35615,86600.0,30,86650.0,1,86700.0,23,86750.0,4,86800.0,9,86900.0,50,86950.0,12,87000.0,6,87050.0,7,87150.0,4,86800.0
lc2408,,13:47:16.821#,88750.0,88750.0,86400.0,0.0,0.0,3794,35615,86600.0,30,86650.0,1,86700.0,23,86750.0,4,86800.0,9,86850.0,3,86900.0,50,86950.0,12,87000.0,6,87050.0,7,86800.0
lc2408,,13:47:17.124#,88750.0,88750.0,86400.0,0.0,0.0,3794,35615,86600.0,30,86650.0,1,86700.0,23,86750.0,4,86800.0,9,86850.0,2,86900.0,50,86950.0,12,87000.0,6,87050.0,7,86800.0
lc2408,,13:47:17.671#,88750.0,88750.0,86400.0,0.0,0.0,3794,35615,86600.0,30,86650.0,1,86700.0,23,86750.0,4,86800.0,9,86900.0,46,86950.0,12,87000.0,6,87050.0,7,87150.0,4,86800.0
lc2408,,13:47:17.821#,88750.0,88750.0,86400.0,0.0,0.0,3794,35615,86600.0,30,86650.0,1,86700.0,23,86750.0,4,86800.0,9,86850.0,1,86900.0,46,86950.0,12,87000.0,6,87050.0,7,86800.0
lc2408,,13:47:18.175#,88750.0,88750.0,86400.0,0.0,0.0,3794,35615,86600.0,30,86650.0,1,86700.0,23,86750.0,4,86800.0,10,86900.0,50,86950.0,12,87000.0,6,87050.0,7,87150.0,4,86800.0
lc2408,,13:47:18.320#,88750.0,88750.0,86400.0,0.0,0.0,3794,35615,86600.0,30,86650.0,1,86700.0,23,86750.0,4,86800.0,9,86900.0,50,86950.0,12,87000.0,6,87050.0,7,87150.0,4,86800.0
lc2408,,13:47:18.702#,88750.0,88750.0,86400.0,0.0,0.0,3798,35616,86600.0,30,86650.0,1,86700.0,24,86750.0,4,86800.0,10,86900.0,9,86950.0,8,87000.0,11,87050.0,7,87150.0,4,86850.0
lc2408,,13:47:18.837#,88750.0,88750.0,86400.0,0.0,0.0,3799,35615,86650.0,1,86700.0,12,86750.0,7,86800.0,12,86850.0,1,86900.0,8,86950.0,8,87000.0,11,87050.0,7,87150.0,4,86850.0
lc2408,,13:47:19.127#,88750.0,88750.0,86400.0,0.0,0.0,3799,35615,86650.0,1,86700.0,12,86750.0,7,86800.0,12,86850.0,2,86900.0,8,86950.0,8,87000.0,11,87050.0,7,87150.0,4,86850.0
lc2408,,13:47:19.321#,88750.0,88750.0,86400.0,0.0,0.0,3799,35615,86650.0,1,86700.0,12,86750.0,7,86800.0,10,86850.0,4,86900.0,8,86950.0,8,87000.0,11,87050.0,7,87150.0,4,86850.0
lc2408,,13:47:19.572#,88750.0,88750.0,86400.0,0.0,0.0,3799,35615,86650.0,1,86700.0,12,86750.0,7,86800.0,11,86850.0,4,86900.0,6,86950.0,8,87000.0,11,87050.0,7,87150.0,4,86850.0
lc2408,,13:47:19.821#,88750.0,88750.0,86400.0,0.0,0.0,3799,35615,86650.0,1,86700.0,12,86750.0,7,86800.0,11,86850.0,5,86900.0,6,86950.0,8,87000.0,11,87050.0,7,87150.0,4,86850.0
lc2408,,13:47:20.172#,88750.0,88750.0,86400.0,0.0,0.0,3801,35616,86650.0,1,86700.0,12,86750.0,7,86800.0,11,86850.0,10,86950.0,35,87000.0,11,87050.0,7,87150.0,4,87200.0,4,86900.0
lc2408,,13:47:20.321#,88750.0,88750.0,86400.0,0.0,0.0,3801,35616,86650.0,1,86700.0,12,86750.0,7,86800.0,11,86850.0,10,86950.0,36,87000.0,11,87050.0,7,87150.0,4,87200.0,4,86900.0
lc2408,,13:47:20.571#,88750.0,88750.0,86400.0,0.0,0.0,3801,35616,86650.0,1,86700.0,12,86750.0,5,86800.0,11,86850.0,10,86950.0,36,87000.0,11,87050.0,7,87150.0,4,87200.0,4,86900.0
lc2408,,13:47:21.71#,88750.0,88750.0,86400.0,0.0,0.0,3801,35616,86650.0,1,86700.0,12,86750.0,5,86800.0,11,86850.0,10,86950.0,36,87000.0,11,87050.0,7,87150.0,4,87200.0,4,86900.0
lc2408,,13:47:25.628#,88750.0,88750.0,86400.0,0.0,0.0,3801,35616,86650.0,1,86700.0,12,86750.0,5,86800.0,11,86850.0,10,86900.0,4,86950.0,36,87000.0,11,87050.0,7,87150.0,4,86900.0
lc2408,,13:47:25.821#,88750.0,88750.0,86400.0,0.0,0.0,3801,35616,86650.0,1,86700.0,12,86750.0,5,86800.0,11,86850.0,9,86900.0,4,86950.0,36,87000.0,11,87050.0,7,87150.0,4,86900.0
lc2408,,13:47:26.171#,88750.0,88750.0,86400.0,0.0,0.0,3801,35616,86650.0,1,86700.0,12,86750.0,5,86800.0,11,86850.0,9,86950.0,32,87000.0,11,87050.0,7,87150.0,4,87200.0,4,86900.0
lc2408,,13:47:26.321#,88750.0,88750.0,86400.0,0.0,0.0,3801,35616,86650.0,1,86700.0,12,86750.0,5,86800.0,11,86850.0,9,86950.0,25,87000.0,11,87050.0,7,87150.0,4,87200.0,4,86900.0
lc2408,,13:47:26.671#,88750.0,88750.0,86400.0,0.0,0.0,3801,35616,86650.0,1,86700.0,12,86750.0,5,86800.0,11,86850.0,10,86950.0,29,87000.0,11,87050.0,7,87150.0,4,87200.0,4,86900.0
lc2408,,13:47:26.820#,88750.0,88750.0,86400.0,0.0,0.0,3801,35616,86650.0,1,86700.0,12,86750.0,5,86800.0,11,86850.0,9,86950.0,29,87000.0,11,87050.0,7,87150.0,4,87200.0,4,86900.0
lc2408,,13:47:34.321#,88750.0,88750.0,86400.0,0.0,0.0,3801,35616,86650.0,1,86700.0,12,86750.0,5,86800.0,11,86850.0,9,86900.0,4,86950.0,29,87000.0,11,87050.0,7,87150.0,4,86900.0
lc2408,,13:47:34.671#,88750.0,88750.0,86400.0,0.0,0.0,3801,35616,86650.0,1,86700.0,12,86750.0,5,86800.0,16,86850.0,7,86900.0,4,86950.0,25,87000.0,11,87050.0,7,87150.0,4,86900.0
lc2408,,13:47:35.624#,88750.0,88750.0,86400.0,0.0,0.0,3801,35616,86650.0,1,86700.0,12,86750.0,5,86800.0,16,86850.0,7,86950.0,25,87000.0,11,87050.0,7,87150.0,4,87200.0,4,86900.0
lc2408,,13:47:36.175#,88750.0,88750.0,86400.0,0.0,0.0,3801,35616,86650.0,1,86700.0,12,86750.0,5,86800.0,16,86850.0,7,86950.0,29,87000.0,11,87050.0,7,87150.0,4,87200.0,4,86900.0
lc2408,,13:47:43.628#,88750.0,88750.0,86400.0,0.0,0.0,3801,35616,86650.0,1,86700.0,12,86750.0,5,86800.0,16,86850.0,7,86950.0,29,87000.0,11,87050.0,7,87150.0,4,87200.0,4,86900.0
lc2408,,13:47:44.888#,88750.0,88750.0,86400.0,0.0,0.0,3801,35616,86650.0,1,86700.0,12,86750.0,5,86800.0,16,86850.0,7,86900.0,6,86950.0,35,87000.0,11,87050.0,7,87150.0,4,86900.0
lc2408,,13:47:45.200#,88750.0,88750.0,86400.0,0.0,0.0,3807,35616,86600.0,30,86700.0,13,86750.0,5,86800.0,16,86850.0,10,86950.0,6,87000.0,8,87050.0,7,87150.0,4,87200.0,4,86900.0
lc2408,,13:47:45.336#,88750.0,88750.0,86400.0,0.0,0.0,3807,35616,86700.0,13,86750.0,6,86800.0,16,86850.0,12,86900.0,2,86950.0,4,87000.0,8,87050.0,7,87150.0,4,87200.0,4,86900.0
lc2408,,13:47:45.708#,88750.0,88750.0,86400.0,0.0,0.0,3807,35616,86700.0,13,86750.0,7,86800.0,16,86850.0,12,86900.0,2,86950.0,4,87000.0,8,87050.0,7,87150.0,4,87200.0,4,86900.0
lc2408,,13:47:48.821#,88750.0,88750.0,86400.0,0.0,0.0,3807,35616,86600.0,30,86700.0,13,86750.0,7,86800.0,16,86850.0,12,86950.0,4,87000.0,8,87050.0,7,87150.0,4,87200.0,4,86900.0
lc2408,,13:47:49.71#,88750.0,88750.0,86400.0,0.0,0.0,3807,35616,86700.0,13,86750.0,7,86800.0,16,86850.0,12,86900.0,2,86950.0,4,87000.0,8,87050.0,7,87150.0,4,87200.0,4,86900.0
lc2408,,13:47:49.821#,88750.0,88750.0,86400.0,0.0,0.0,3807,35616,86600.0,30,86700.0,13,86750.0,7,86800.0,16,86850.0,12,86950.0,5,87000.0,8,87050.0,7,87150.0,4,87200.0,4,86900.0
lc2408,,13:47:50.161#,88750.0,88750.0,86400.0,0.0,0.0,3807,35616,86600.0,30,86700.0,13,86750.0,6,86800.0,16,86850.0,12,86950.0,5,87000.0,8,87050.0,7,87150.0,4,87200.0,4,86900.0
lc2408,,13:47:50.423#,88750.0,88750.0,86400.0,0.0,0.0,3807,35616,86600.0,30,86700.0,13,86750.0,7,86800.0,16,86850.0,12,86950.0,5,87000.0,8,87050.0,7,87150.0,4,87200.0,4,86900.0
lc2408,,13:47:54.526#,88750.0,88750.0,86400.0,0.0,0.0,3807,35616,86600.0,30,86700.0,13,86750.0,7,86800.0,16,86850.0,12,86950.0,8,87000.0,8,87050.0,7,87150.0,4,87200.0,4,86900.0
lc2408,,13:47:55.551#,88750.0,88750.0,86400.0,0.0,0.0,3807,35616,86600.0,30,86700.0,13,86750.0,6,86800.0,16,86850.0,12,86950.0,8,87000.0,8,87050.0,7,87150.0,4,87200.0,4,86900.0
lc2408,,13:47:55.794#,88750.0,88750.0,86400.0,0.0,0.0,3807,35616,86600.0,30,86700.0,13,86750.0,4,86800.0,17,86850.0,12,86950.0,8,87000.0,8,87050.0,7,87150.0,4,87200.0,4,86900.0
lc2408,,13:47:56.775#,88750.0,88750.0,86400.0,0.0,0.0,3807,35616,86600.0,30,86700.0,13,86750.0,4,86800.0,17,86850.0,12,86950.0,11,87000.0,8,87050.0,7,87150.0,4,87200.0,4,86900.0
lc2408,,13:47:58.571#,88750.0,88750.0,86400.0,0.0,0.0,3807,35616,86600.0,30,86700.0,13,86750.0,4,86800.0,17,86850.0,12,86950.0,10,87000.0,8,87050.0,7,87150.0,4,87200.0,4,86900.0
lc2408,,13:48:00.821#,88750.0,88750.0,86400.0,0.0,0.0,3807,35616,86700.0,13,86750.0,4,86800.0,17,86850.0,12,86900.0,2,86950.0,10,87000.0,8,87050.0,7,87150.0,4,87200.0,4,86900.0
lc2408,,13:48:01.571#,88750.0,88750.0,86400.0,0.0,0.0,3807,35616,86600.0,30,86700.0,13,86750.0,4,86800.0,17,86850.0,12,86950.0,10,87000.0,8,87050.0,7,87150.0,4,87200.0,4,86900.0
lc2408,,13:48:05.571#,88750.0,88750.0,86400.0,0.0,0.0,3807,35616,86700.0,13,86750.0,4,86800.0,17,86850.0,12,86900.0,2,86950.0,10,87000.0,8,87050.0,7,87150.0,4,87200.0,4,86900.0
lc2408,,13:48:11.821#,88750.0,88750.0,86400.0,0.0,0.0,3807,35616,86600.0,30,86700.0,13,86750.0,4,86800.0,17,86850.0,12,86950.0,10,87000.0,8,87050.0,7,87150.0,4,87200.0,4,86900.0
lc2408,,13:48:12.71#,88750.0,88750.0,86400.0,0.0,0.0,3807,35616,86700.0,13,86750.0,4,86800.0,17,86850.0,12,86900.0,2,86950.0,10,87000.0,8,87050.0,7,87150.0,4,87200.0,4,86900.0
lc2408,,13:48:13.945#,88750.0,88750.0,86400.0,0.0,0.0,3807,35616,86700.0,13,86750.0,4,86800.0,17,86850.0,12,86900.0,2,86950.0,9,87000.0,8,87050.0,7,87150.0,4,87200.0,4,86900.0
lc2408,,13:48:15.248#,88750.0,88750.0,86400.0,0.0,0.0,3807,35616,86700.0,13,86750.0,4,86800.0,17,86850.0,12,86900.0,2,86950.0,9,87000.0,8,87050.0,7,87150.0,4,87200.0,4,86900.0
lc2408,,13:48:15.821#,88750.0,88750.0,86400.0,0.0,0.0,3807,35616,86600.0,30,86700.0,13,86750.0,4,86800.0,17,86850.0,12,86950.0,9,87000.0,8,87050.0,7,87150.0,4,87200.0,4,86900.0
lc2408,,13:48:16.821#,88750.0,88750.0,86400.0,0.0,0.0,3807,35616,86700.0,13,86750.0,4,86800.0,17,86850.0,12,86900.0,2,86950.0,9,87000.0,8,87050.0,7,87150.0,4,87200.0,4,86900.0
lc2408,,13:48:17.571#,88750.0,88750.0,86400.0,0.0,0.0,3807,35616,86600.0,30,86700.0,13,86750.0,4,86800.0,17,86850.0,12,86950.0,9,87000.0,8,87050.0,7,87150.0,4,87200.0,4,86900.0
lc2408,,13:48:19.321#,88750.0,88750.0,86400.0,0.0,0.0,3807,35616,86700.0,13,86750.0,4,86800.0,17,86850.0,12,86900.0,2,86950.0,9,87000.0,8,87050.0,7,87150.0,4,87200.0,4,86900.0
lc2408,,13:48:21.777#,88750.0,88750.0,86400.0,0.0,0.0,3807,35616,86700.0,13,86750.0,8,86800.0,16,86850.0,12,86900.0,2,86950.0,9,87000.0,8,87050.0,7,87150.0,4,87200.0,4,86900.0
lc2408,,13:48:21.904#,88750.0,88750.0,86400.0,0.0,0.0,3807,35616,86700.0,13,86750.0,8,86800.0,16,86850.0,12,86900.0,2,86950.0,7,87000.0,8,87050.0,7,87150.0,4,87200.0,4,86900.0
lc2408,,13:48:22.71#,88750.0,88750.0,86400.0,0.0,0.0,3807,35616,86700.0,13,86750.0,4,86800.0,17,86850.0,12,86900.0,2,86950.0,7,87000.0,8,87050.0,7,87150.0,4,87200.0,4,86900.0
lc2408,,13:48:23.714#,88750.0,88750.0,86400.0,0.0,0.0,3807,35616,86700.0,13,86750.0,4,86800.0,17,86850.0,12,86900.0,2,86950.0,5,87000.0,8,87050.0,7,87150.0,4,87200.0,4,86900.0
lc2408,,13:48:26.624#,88750.0,88750.0,86400.0,0.0,0.0,3807,35616,86600.0,30,86700.0,13,86750.0,8,86800.0,16,86850.0,12,86950.0,5,87000.0,8,87050.0,7,87150.0,4,87200.0,4,86900.0
lc2408,,13:48:29.71#,88750.0,88750.0,86400.0,0.0,0.0,3807,35616,86700.0,13,86750.0,4,86800.0,17,86850.0,12,86900.0,2,86950.0,5,87000.0,8,87050.0,7,87150.0,4,87200.0,4,86900.0
lc2408,,13:48:37.890#,88750.0,88750.0,86400.0,0.0,0.0,3809,35614,86600.0,30,86700.0,13,86750.0,4,86800.0,17,86850.0,12,86900.0,3,86950.0,5,87000.0,8,87050.0,7,87150.0,4,86900.0
lc2408,,13:48:38.129#,88750.0,88750.0,86400.0,0.0,0.0,3812,35614,86700.0,13,86750.0,4,86800.0,17,86850.0,12,86900.0,10,86950.0,5,87000.0,8,87050.0,7,87150.0,4,87200.0,4,86900.0
lc2408,,13:48:38.321#,88750.0,88750.0,86400.0,0.0,0.0,3812,35614,86700.0,13,86750.0,4,86800.0,17,86850.0,12,86900.0,10,86950.0,4,87000.0,8,87050.0,7,87150.0,4,87200.0,4,86900.0
lc2408,,13:48:39.71#,88750.0,88750.0,86400.0,0.0,0.0,3812,35614,86700.0,13,86750.0,4,86800.0,17,86850.0,12,86900.0,7,86950.0,4,87000.0,8,87050.0,7,87150.0,4,87200.0,4,86900.0
lc2408,,13:48:39.387#,88750.0,88750.0,86400.0,0.0,0.0,3812,35614,86700.0,13,86750.0,4,86800.0,17,86850.0,12,86900.0,5,86950.0,4,87000.0,8,87050.0,7,87150.0,4,87200.0,4,86900.0
lc2408,,13:48:40.124#,88750.0,88750.0,86400.0,0.0,0.0,3812,35614,86600.0,30,86700.0,13,86750.0,4,86800.0,17,86850.0,12,86950.0,4,87000.0,8,87050.0,7,87150.0,4,87200.0,4,86900.0
lc2408,,13:48:46.571#,88750.0,88750.0,86400.0,0.0,0.0,3812,35614,86600.0,30,86700.0,13,86750.0,9,86800.0,16,86850.0,12,86950.0,4,87000.0,8,87050.0,7,87150.0,4,87200.0,4,86900.0
lc2408,,13:48:47.571#,88750.0,88750.0,86400.0,0.0,0.0,3812,35614,86600.0,30,86700.0,13,86750.0,9,86800.0,16,86850.0,12,86950.0,5,87000.0,8,87050.0,7,87150.0,4,87200.0,4,86900.0
lc2408,,13:48:52.71#,88750.0,88750.0,86400.0,0.0,0.0,3812,35614,86600.0,30,86700.0,13,86750.0,4,86800.0,17,86850.0,12,86950.0,4,87000.0,8,87050.0,7,87150.0,4,87200.0,4,86900.0
lc2408,,13:48:52.321#,88750.0,88750.0,86400.0,0.0,0.0,3812,35614,86700.0,13,86750.0,4,86800.0,17,86850.0,12,86900.0,1,86950.0,4,87000.0,8,87050.0,7,87150.0,4,87200.0,4,86900.0
lc2408,,13:48:52.571#,88750.0,88750.0,86400.0,0.0,0.0,3812,35614,86600.0,30,86700.0,13,86750.0,4,86800.0,17,86850.0,12,86950.0,4,87000.0,8,87050.0,7,87150.0,4,87200.0,4,86900.0
