InstrumentId,ExchangeId,Datetime,OpenPrice,HighestPrice,LowestPrice,UpperLimitPrice,LowerLimitPrice,Volume,OpenInterest,BidPrice5,BidVolume5,BidPrice4,BidVolume4,BidPrice3,BidVolume3,BidPrice2,BidVolume2,BidPrice1,BidVolume1,AskPrice1,AskVolume1,AskPrice2,AskVolume2,AskPrice3,AskVolume3,AskPrice4,AskVolume4,AskPrice5,AskVolume5,LastPrice
lc2411,,13:38:34.823#,88900.0,89450.0,88200.0,0.0,0.0,71557,194057.0,88700.0,106,88750.0,38,88800.0,102,88850.0,133,88900.0,17,88950.0,52,89000.0,51,89050.0,85,89100.0,221,89150.0,60,88900.0
lc2411,,13:38:35.94#,88900.0,89450.0,88200.0,97900.0,80100.0,71574,194055.0,0.0,0,0.0,0,0.0,0,0.0,0,88850.0,133,88900.0,3,0.0,0,0.0,0,0.0,0,0.0,0,88900.0
lc2411,,13:38:35.286#,88900.0,89450.0,88200.0,0.0,0.0,71574,194055.0,88650.0,41,88700.0,106,88750.0,43,88800.0,99,88850.0,132,88900.0,4,88950.0,52,89000.0,51,89050.0,85,89100.0,221,88900.0
lc2411,,13:38:35.326#,88900.0,89450.0,88200.0,0.0,0.0,71574,194055.0,88650.0,41,88700.0,106,88750.0,44,88800.0,99,88850.0,130,88900.0,4,88950.0,52,89000.0,52,89050.0,80,89100.0,221,88900.0
lc2411,,13:38:35.572#,88900.0,89450.0,88200.0,97900.0,80100.0,71574,194055.0,0.0,0,0.0,0,0.0,0,0.0,0,88850.0,131,88900.0,4,0.0,0,0.0,0,0.0,0,0.0,0,88900.0
lc2411,,13:38:35.747#,88900.0,89450.0,88200.0,0.0,0.0,71574,194055.0,88650.0,41,88700.0,106,88750.0,45,88800.0,99,88850.0,130,88900.0,5,88950.0,53,89000.0,48,89050.0,80,89100.0,221,88900.0
lc2411,,13:38:35.822#,88900.0,89450.0,88200.0,0.0,0.0,71574,194055.0,88650.0,41,88700.0,106,88750.0,45,88800.0,99,88850.0,131,88900.0,5,88950.0,53,89000.0,48,89050.0,80,89100.0,221,88900.0
lc2411,,13:38:36.72#,88900.0,89450.0,88200.0,97900.0,80100.0,71574,194055.0,0.0,0,0.0,0,0.0,0,0.0,0,88850.0,130,88900.0,5,0.0,0,0.0,0,0.0,0,0.0,0,88900.0
lc2411,,13:38:36.129#,88900.0,89450.0,88200.0,0.0,0.0,71574,194055.0,88650.0,41,88700.0,106,88750.0,38,88800.0,101,88850.0,131,88900.0,5,88950.0,53,89000.0,48,89050.0,80,89100.0,221,88900.0
lc2411,,13:38:36.373#,88900.0,89450.0,88200.0,0.0,0.0,71574,194055.0,88650.0,41,88700.0,106,88750.0,38,88800.0,101,88850.0,130,88900.0,5,88950.0,52,89000.0,53,89050.0,80,89100.0,220,88900.0
lc2411,,13:38:36.572#,88900.0,89450.0,88200.0,97900.0,80100.0,71574,194055.0,0.0,0,0.0,0,0.0,0,0.0,0,88850.0,131,88900.0,5,0.0,0,0.0,0,0.0,0,0.0,0,88900.0
lc2411,,13:38:36.684#,88900.0,89450.0,88200.0,0.0,0.0,71576,194057.0,88650.0,41,88700.0,106,88750.0,38,88800.0,101,88850.0,130,88900.0,3,88950.0,52,89000.0,54,89050.0,80,89100.0,220,88900.0
lc2411,,13:38:37.22#,88900.0,89450.0,88200.0,0.0,0.0,71581,194054.0,88650.0,41,88700.0,106,88750.0,38,88800.0,101,88850.0,127,88900.0,3,88950.0,52,89000.0,54,89050.0,80,89100.0,220,88850.0
lc2411,,13:38:37.71#,88900.0,89450.0,88200.0,97900.0,80100.0,71581,194054.0,0.0,0,0.0,0,0.0,0,0.0,0,88850.0,125,88900.0,3,0.0,0,0.0,0,0.0,0,0.0,0,88850.0
lc2411,,13:38:37.218#,88900.0,89450.0,88200.0,0.0,0.0,71582,194053.0,88650.0,41,88700.0,106,88750.0,38,88800.0,101,88850.0,127,88900.0,3,88950.0,52,89000.0,54,89050.0,80,89100.0,220,88850.0
lc2411,,13:38:37.321#,88900.0,89450.0,88200.0,0.0,0.0,71582,194053.0,88650.0,41,88700.0,106,88750.0,38,88800.0,101,88850.0,125,88900.0,3,88950.0,52,89000.0,54,89050.0,80,89100.0,220,88850.0
lc2411,,13:38:37.571#,88900.0,89450.0,88200.0,97900.0,80100.0,71582,194053.0,0.0,0,0.0,0,0.0,0,0.0,0,88850.0,127,88900.0,3,0.0,0,0.0,0,0.0,0,0.0,0,88850.0
lc2411,,13:38:37.626#,88900.0,89450.0,88200.0,0.0,0.0,71582,194053.0,88650.0,41,88700.0,106,88750.0,38,88800.0,101,88850.0,125,88900.0,3,88950.0,52,89000.0,54,89050.0,80,89100.0,220,88850.0
lc2411,,13:38:37.821#,88900.0,89450.0,88200.0,0.0,0.0,71582,194053.0,88650.0,41,88700.0,106,88750.0,38,88800.0,101,88850.0,127,88900.0,3,88950.0,52,89000.0,54,89050.0,80,89100.0,220,88850.0
lc2411,,13:38:38.82#,88900.0,89450.0,88200.0,97900.0,80100.0,71582,194053.0,0.0,0,0.0,0,0.0,0,0.0,0,88850.0,125,88900.0,3,0.0,0,0.0,0,0.0,0,0.0,0,88850.0
lc2411,,13:38:38.185#,88900.0,89450.0,88200.0,0.0,0.0,71582,194053.0,88650.0,41,88700.0,106,88750.0,37,88800.0,102,88850.0,126,88900.0,3,88950.0,52,89000.0,54,89050.0,80,89100.0,220,88850.0
lc2411,,13:38:38.559#,88900.0,89450.0,88200.0,0.0,0.0,71587,194048.0,88650.0,41,88700.0,106,88750.0,37,88800.0,101,88850.0,120,88900.0,3,88950.0,52,89000.0,53,89050.0,80,89100.0,220,88850.0
lc2411,,13:38:38.618#,88900.0,89450.0,88200.0,97900.0,80100.0,71587,194048.0,0.0,0,0.0,0,0.0,0,0.0,0,88850.0,122,88900.0,3,0.0,0,0.0,0,0.0,0,0.0,0,88850.0
lc2411,,13:38:38.626#,88900.0,89450.0,88200.0,0.0,0.0,71587,194048.0,88650.0,41,88700.0,107,88750.0,37,88800.0,101,88850.0,120,88900.0,3,88950.0,52,89000.0,53,89050.0,80,89100.0,220,88850.0
lc2411,,13:38:39.56#,88900.0,89450.0,88200.0,0.0,0.0,71587,194048.0,88650.0,41,88700.0,107,88750.0,37,88800.0,101,88850.0,122,88900.0,3,88950.0,53,89000.0,53,89050.0,80,89100.0,220,88850.0
lc2411,,13:38:39.89#,88900.0,89450.0,88200.0,97900.0,80100.0,71588,194048.0,0.0,0,0.0,0,0.0,0,0.0,0,88850.0,119,88900.0,5,0.0,0,0.0,0,0.0,0,0.0,0,88850.0
lc2411,,13:38:39.232#,88900.0,89450.0,88200.0,0.0,0.0,71589,194049.0,88650.0,41,88700.0,107,88750.0,37,88800.0,101,88850.0,120,88900.0,4,88950.0,53,89000.0,53,89050.0,80,89100.0,220,88900.0
lc2411,,13:38:39.455#,88900.0,89450.0,88200.0,0.0,0.0,71589,194049.0,88650.0,41,88700.0,107,88750.0,37,88800.0,101,88850.0,119,88900.0,5,88950.0,53,89000.0,53,89050.0,80,89100.0,220,88900.0
lc2411,,13:38:39.571#,88900.0,89450.0,88200.0,97900.0,80100.0,71589,194049.0,0.0,0,0.0,0,0.0,0,0.0,0,88850.0,120,88900.0,5,0.0,0,0.0,0,0.0,0,0.0,0,88900.0
lc2411,,13:38:39.642#,88900.0,89450.0,88200.0,0.0,0.0,71589,194049.0,88650.0,41,88700.0,107,88750.0,37,88800.0,101,88850.0,120,88900.0,5,88950.0,53,89000.0,53,89050.0,80,89100.0,220,88900.0
lc2411,,13:38:40.30#,88900.0,89450.0,88200.0,0.0,0.0,71589,194049.0,88650.0,41,88700.0,107,88750.0,37,88800.0,101,88850.0,121,88900.0,5,88950.0,53,89000.0,54,89050.0,80,89100.0,220,88900.0
lc2411,,13:38:40.207#,88900.0,89450.0,88200.0,0.0,0.0,71589,194049.0,88650.0,41,88700.0,107,88750.0,36,88800.0,101,88850.0,120,88900.0,5,88950.0,54,89000.0,54,89050.0,80,89100.0,220,88900.0
lc2411,,13:38:40.321#,88900.0,89450.0,88200.0,0.0,0.0,71589,194049.0,88650.0,41,88700.0,107,88750.0,36,88800.0,101,88850.0,121,88900.0,5,88950.0,54,89000.0,54,89050.0,80,89100.0,220,88900.0
lc2411,,13:38:40.573#,88900.0,89450.0,88200.0,97900.0,80100.0,71590,194048.0,0.0,0,0.0,0,0.0,0,0.0,0,88850.0,119,88900.0,5,0.0,0,0.0,0,0.0,0,0.0,0,88850.0
lc2411,,13:38:40.809#,88900.0,89450.0,88200.0,0.0,0.0,71590,194048.0,88650.0,41,88700.0,107,88750.0,36,88800.0,101,88850.0,119,88900.0,5,88950.0,54,89000.0,54,89050.0,80,89100.0,220,88850.0
lc2411,,13:38:40.821#,88900.0,89450.0,88200.0,0.0,0.0,71590,194048.0,88650.0,41,88700.0,107,88750.0,36,88800.0,101,88850.0,118,88900.0,5,88950.0,54,89000.0,54,89050.0,80,89100.0,220,88850.0
lc2411,,13:38:41.71#,88900.0,89450.0,88200.0,0.0,0.0,71590,194048.0,88650.0,41,88700.0,107,88750.0,36,88800.0,101,88850.0,119,88900.0,5,88950.0,54,89000.0,54,89050.0,80,89100.0,220,88850.0
lc2411,,13:38:41.321#,88900.0,89450.0,88200.0,0.0,0.0,71590,194048.0,88650.0,41,88700.0,107,88750.0,36,88800.0,101,88850.0,118,88900.0,5,88950.0,54,89000.0,54,89050.0,80,89100.0,220,88850.0
lc2411,,13:38:41.571#,88900.0,89450.0,88200.0,0.0,0.0,71590,194048.0,88650.0,41,88700.0,107,88750.0,36,88800.0,101,88850.0,119,88900.0,5,88950.0,54,89000.0,54,89050.0,80,89100.0,220,88850.0
lc2411,,13:38:42.13#,88900.0,89450.0,88200.0,0.0,0.0,71590,194048.0,88650.0,41,88700.0,107,88750.0,36,88800.0,101,88850.0,115,88900.0,5,88950.0,55,89000.0,56,89050.0,80,89100.0,220,88850.0
lc2411,,13:38:42.71#,88900.0,89450.0,88200.0,97900.0,80100.0,71590,194048.0,0.0,0,0.0,0,0.0,0,0.0,0,88850.0,116,88900.0,5,0.0,0,0.0,0,0.0,0,0.0,0,88850.0
lc2411,,13:38:42.177#,88900.0,89450.0,88200.0,0.0,0.0,71590,194048.0,88650.0,41,88700.0,107,88750.0,36,88800.0,101,88850.0,116,88900.0,5,88950.0,55,89000.0,56,89050.0,80,89100.0,220,88850.0
lc2411,,13:38:42.562#,88900.0,89450.0,88200.0,0.0,0.0,71591,194049.0,88650.0,41,88700.0,107,88750.0,36,88800.0,101,88850.0,118,88900.0,4,88950.0,55,89000.0,56,89050.0,80,89100.0,220,88900.0
lc2411,,13:38:42.571#,88900.0,89450.0,88200.0,97900.0,80100.0,71591,194049.0,0.0,0,0.0,0,0.0,0,0.0,0,88850.0,117,88900.0,4,0.0,0,0.0,0,0.0,0,0.0,0,88900.0
lc2411,,13:38:42.625#,88900.0,89450.0,88200.0,0.0,0.0,71591,194049.0,88650.0,41,88700.0,107,88750.0,36,88800.0,101,88850.0,118,88900.0,4,88950.0,55,89000.0,56,89050.0,80,89100.0,220,88900.0
lc2411,,13:38:42.945#,88900.0,89450.0,88200.0,0.0,0.0,71591,194049.0,88650.0,41,88700.0,107,88750.0,36,88800.0,101,88850.0,117,88900.0,5,88950.0,55,89000.0,56,89050.0,80,89100.0,220,88900.0
lc2411,,13:38:43.71#,88900.0,89450.0,88200.0,97900.0,80100.0,71591,194049.0,0.0,0,0.0,0,0.0,0,0.0,0,88850.0,118,88900.0,5,0.0,0,0.0,0,0.0,0,0.0,0,88900.0
lc2411,,13:38:43.125#,88900.0,89450.0,88200.0,0.0,0.0,71591,194049.0,88650.0,41,88700.0,107,88750.0,36,88800.0,101,88850.0,117,88900.0,5,88950.0,55,89000.0,56,89050.0,80,89100.0,220,88900.0
lc2411,,13:38:43.321#,88900.0,89450.0,88200.0,0.0,0.0,71591,194049.0,88650.0,41,88700.0,107,88750.0,36,88800.0,101,88850.0,118,88900.0,5,88950.0,55,89000.0,56,89050.0,80,89100.0,220,88900.0
lc2411,,13:38:43.571#,88900.0,89450.0,88200.0,97900.0,80100.0,71591,194049.0,0.0,0,0.0,0,0.0,0,0.0,0,88850.0,117,88900.0,5,0.0,0,0.0,0,0.0,0,0.0,0,88900.0
lc2411,,13:38:43.625#,88900.0,89450.0,88200.0,0.0,0.0,71591,194049.0,88650.0,41,88700.0,107,88750.0,36,88800.0,101,88850.0,118,88900.0,5,88950.0,55,89000.0,56,89050.0,80,89100.0,220,88900.0
lc2411,,13:38:43.894#,88900.0,89450.0,88200.0,0.0,0.0,71591,194049.0,88650.0,41,88700.0,107,88750.0,36,88800.0,101,88850.0,117,88900.0,6,88950.0,55,89000.0,56,89050.0,80,89100.0,220,88900.0
lc2411,,13:38:44.71#,88900.0,89450.0,88200.0,97900.0,80100.0,71591,194049.0,0.0,0,0.0,0,0.0,0,0.0,0,88850.0,118,88900.0,6,0.0,0,0.0,0,0.0,0,0.0,0,88900.0
lc2411,,13:38:44.262#,88900.0,89450.0,88200.0,0.0,0.0,71591,194049.0,88650.0,41,88700.0,107,88750.0,36,88800.0,101,88850.0,117,88900.0,6,88950.0,55,89000.0,58,89050.0,80,89100.0,220,88900.0
lc2411,,13:38:44.527#,88900.0,89450.0,88200.0,0.0,0.0,71591,194049.0,88650.0,42,88700.0,107,88750.0,36,88800.0,101,88850.0,118,88900.0,6,88950.0,55,89000.0,58,89050.0,80,89100.0,220,88900.0
lc2411,,13:38:44.571#,88900.0,89450.0,88200.0,97900.0,80100.0,71591,194049.0,0.0,0,0.0,0,0.0,0,0.0,0,88850.0,117,88900.0,6,0.0,0,0.0,0,0.0,0,0.0,0,88900.0
lc2411,,13:38:44.691#,88900.0,89450.0,88200.0,0.0,0.0,71591,194049.0,88650.0,42,88700.0,107,88750.0,36,88800.0,101,88850.0,117,88900.0,6,88950.0,55,89000.0,58,89050.0,80,89100.0,220,88900.0
lc2411,,13:38:44.821#,88900.0,89450.0,88200.0,0.0,0.0,71591,194049.0,88650.0,42,88700.0,107,88750.0,36,88800.0,101,88850.0,116,88900.0,6,88950.0,55,89000.0,58,89050.0,80,89100.0,220,88900.0
lc2411,,13:38:45.99#,88900.0,89450.0,88200.0,97900.0,80100.0,71592,194050.0,0.0,0,0.0,0,0.0,0,0.0,0,88850.0,117,88900.0,5,0.0,0,0.0,0,0.0,0,0.0,0,88900.0
lc2411,,13:38:45.169#,88900.0,89450.0,88200.0,0.0,0.0,71592,194050.0,88650.0,42,88700.0,107,88750.0,36,88800.0,101,88850.0,116,88900.0,5,88950.0,55,89000.0,58,89050.0,80,89100.0,220,88900.0
lc2411,,13:38:45.567#,88900.0,89450.0,88200.0,0.0,0.0,71592,194050.0,88650.0,42,88700.0,107,88750.0,36,88800.0,101,88850.0,117,88900.0,5,88950.0,55,89000.0,58,89050.0,80,89100.0,219,88900.0
lc2411,,13:38:45.571#,88900.0,89450.0,88200.0,97900.0,80100.0,71592,194050.0,0.0,0,0.0,0,0.0,0,0.0,0,88850.0,116,88900.0,5,0.0,0,0.0,0,0.0,0,0.0,0,88900.0
lc2411,,13:38:45.624#,88900.0,89450.0,88200.0,0.0,0.0,71592,194050.0,88650.0,42,88700.0,107,88750.0,36,88800.0,101,88850.0,117,88900.0,5,88950.0,55,89000.0,58,89050.0,80,89100.0,219,88900.0
lc2411,,13:38:45.821#,88900.0,89450.0,88200.0,0.0,0.0,71592,194050.0,88650.0,42,88700.0,107,88750.0,36,88800.0,101,88850.0,116,88900.0,5,88950.0,55,89000.0,58,89050.0,80,89100.0,219,88900.0
lc2411,,13:38:46.71#,88900.0,89450.0,88200.0,97900.0,80100.0,71592,194050.0,0.0,0,0.0,0,0.0,0,0.0,0,88850.0,117,88900.0,5,0.0,0,0.0,0,0.0,0,0.0,0,88900.0
lc2411,,13:38:46.218#,88900.0,89450.0,88200.0,0.0,0.0,71592,194050.0,88650.0,42,88700.0,107,88750.0,35,88800.0,101,88850.0,116,88900.0,6,88950.0,55,89000.0,58,89050.0,80,89100.0,219,88900.0
lc2411,,13:38:46.443#,88900.0,89450.0,88200.0,0.0,0.0,71592,194050.0,88650.0,42,88700.0,107,88750.0,35,88800.0,102,88850.0,117,88900.0,6,88950.0,55,89000.0,59,89050.0,80,89100.0,219,88900.0
lc2411,,13:38:46.571#,88900.0,89450.0,88200.0,97900.0,80100.0,71592,194050.0,0.0,0,0.0,0,0.0,0,0.0,0,88850.0,116,88900.0,6,0.0,0,0.0,0,0.0,0,0.0,0,88900.0
lc2411,,13:38:46.625#,88900.0,89450.0,88200.0,0.0,0.0,71592,194050.0,88650.0,42,88700.0,107,88750.0,35,88800.0,102,88850.0,117,88900.0,6,88950.0,55,89000.0,59,89050.0,80,89100.0,219,88900.0
lc2411,,13:38:46.821#,88900.0,89450.0,88200.0,0.0,0.0,71592,194050.0,88650.0,42,88700.0,107,88750.0,35,88800.0,102,88850.0,116,88900.0,6,88950.0,55,89000.0,59,89050.0,80,89100.0,219,88900.0
lc2411,,13:38:47.71#,88900.0,89450.0,88200.0,97900.0,80100.0,71592,194050.0,0.0,0,0.0,0,0.0,0,0.0,0,88850.0,117,88900.0,6,0.0,0,0.0,0,0.0,0,0.0,0,88900.0
lc2411,,13:38:47.126#,88900.0,89450.0,88200.0,0.0,0.0,71592,194050.0,88650.0,42,88700.0,107,88750.0,35,88800.0,102,88850.0,116,88900.0,6,88950.0,55,89000.0,59,89050.0,80,89100.0,219,88900.0
lc2411,,13:38:47.321#,88900.0,89450.0,88200.0,0.0,0.0,71592,194050.0,88650.0,42,88700.0,107,88750.0,35,88800.0,102,88850.0,117,88900.0,6,88950.0,55,89000.0,59,89050.0,80,89100.0,219,88900.0
lc2411,,13:38:47.605#,88900.0,89450.0,88200.0,97900.0,80100.0,71593,194050.0,0.0,0,0.0,0,0.0,0,0.0,0,88850.0,116,88900.0,5,0.0,0,0.0,0,0.0,0,0.0,0,88900.0
lc2411,,13:38:47.650#,88900.0,89450.0,88200.0,0.0,0.0,71593,194050.0,88650.0,42,88700.0,107,88750.0,35,88800.0,102,88850.0,118,88900.0,5,88950.0,55,89000.0,59,89050.0,80,89100.0,219,88900.0
lc2411,,13:38:48.55#,88900.0,89450.0,88200.0,0.0,0.0,71593,194050.0,88650.0,42,88700.0,107,88750.0,35,88800.0,102,88850.0,118,88900.0,5,88950.0,55,89000.0,59,89050.0,80,89100.0,218,88900.0
lc2411,,13:38:48.71#,88900.0,89450.0,88200.0,97900.0,80100.0,71593,194050.0,0.0,0,0.0,0,0.0,0,0.0,0,88850.0,118,88900.0,5,0.0,0,0.0,0,0.0,0,0.0,0,88900.0
lc2411,,13:38:48.182#,88900.0,89450.0,88200.0,0.0,0.0,71593,194050.0,88650.0,42,88700.0,107,88750.0,35,88800.0,104,88850.0,117,88900.0,5,88950.0,55,89000.0,59,89050.0,80,89100.0,218,88900.0
lc2411,,13:38:48.509#,88900.0,89450.0,88200.0,0.0,0.0,71594,194049.0,88650.0,42,88700.0,107,88750.0,35,88800.0,104,88850.0,117,88900.0,5,88950.0,55,89000.0,59,89050.0,80,89100.0,218,88850.0
lc2411,,13:38:48.586#,88900.0,89450.0,88200.0,97900.0,80100.0,71594,194049.0,0.0,0,0.0,0,0.0,0,0.0,0,88850.0,116,88900.0,5,0.0,0,0.0,0,0.0,0,0.0,0,88850.0
lc2411,,13:38:48.709#,88900.0,89450.0,88200.0,0.0,0.0,71597,194051.0,88650.0,42,88700.0,107,88750.0,35,88800.0,104,88850.0,117,88900.0,2,88950.0,55,89000.0,60,89050.0,80,89100.0,218,88900.0
lc2411,,13:38:48.973#,88900.0,89450.0,88200.0,0.0,0.0,71598,194050.0,88650.0,42,88700.0,107,88750.0,35,88800.0,104,88850.0,116,88900.0,2,88950.0,55,89000.0,60,89050.0,80,89100.0,218,88850.0
lc2411,,13:38:49.71#,88900.0,89450.0,88200.0,97900.0,80100.0,71598,194050.0,0.0,0,0.0,0,0.0,0,0.0,0,88850.0,116,88900.0,2,0.0,0,0.0,0,0.0,0,0.0,0,88850.0
lc2411,,13:38:49.310#,88900.0,89450.0,88200.0,0.0,0.0,71599,194051.0,88650.0,42,88700.0,107,88750.0,35,88800.0,104,88850.0,115,88900.0,1,88950.0,55,89000.0,60,89050.0,80,89100.0,218,88900.0
lc2411,,13:38:49.495#,88900.0,89450.0,88200.0,0.0,0.0,71600,194050.0,88650.0,42,88700.0,107,88750.0,35,88800.0,104,88850.0,116,88900.0,1,88950.0,55,89000.0,59,89050.0,80,89100.0,218,88850.0
lc2411,,13:38:49.571#,88900.0,89450.0,88200.0,97900.0,80100.0,71600,194050.0,0.0,0,0.0,0,0.0,0,0.0,0,88850.0,114,88900.0,1,0.0,0,0.0,0,0.0,0,0.0,0,88850.0
lc2411,,13:38:49.752#,88900.0,89450.0,88200.0,0.0,0.0,71601,194050.0,88650.0,41,88700.0,107,88750.0,35,88800.0,104,88850.0,116,88950.0,55,89000.0,59,89050.0,80,89100.0,218,89150.0,60,88900.0
lc2411,,13:38:49.822#,88900.0,89450.0,88200.0,0.0,0.0,71601,194050.0,88650.0,41,88700.0,107,88750.0,35,88800.0,104,88850.0,115,88950.0,55,89000.0,58,89050.0,80,89100.0,218,89150.0,60,88900.0
lc2411,,13:38:50.71#,88900.0,89450.0,88200.0,97900.0,80100.0,71601,194050.0,0.0,0,0.0,0,0.0,0,0.0,0,88850.0,117,88950.0,55,0.0,0,0.0,0,0.0,0,0.0,0,88900.0
lc2411,,13:38:50.125#,88900.0,89450.0,88200.0,0.0,0.0,71601,194050.0,88650.0,41,88700.0,107,88750.0,35,88800.0,104,88850.0,115,88950.0,55,89000.0,56,89050.0,80,89100.0,218,89150.0,60,88900.0
lc2411,,13:38:50.357#,88900.0,89450.0,88200.0,0.0,0.0,71602,194049.0,88650.0,41,88700.0,107,88750.0,35,88800.0,99,88850.0,116,88950.0,54,89000.0,55,89050.0,80,89100.0,218,89150.0,60,88850.0
lc2411,,13:38:50.572#,88900.0,89450.0,88200.0,97900.0,80100.0,71602,194049.0,0.0,0,0.0,0,0.0,0,0.0,0,88900.0,37,88950.0,54,0.0,0,0.0,0,0.0,0,0.0,0,88850.0
lc2411,,13:38:50.815#,88900.0,89450.0,88200.0,0.0,0.0,71602,194049.0,88650.0,41,88700.0,107,88750.0,35,88800.0,99,88850.0,117,88950.0,22,89000.0,55,89050.0,81,89100.0,218,89150.0,60,88850.0
lc2411,,13:38:50.888#,88900.0,89450.0,88200.0,0.0,0.0,71602,194049.0,88700.0,107,88750.0,35,88800.0,99,88850.0,117,88900.0,44,88950.0,18,89000.0,55,89050.0,81,89100.0,218,89150.0,60,88850.0
lc2411,,13:38:51.97#,88900.0,89450.0,88200.0,97900.0,80100.0,71602,194049.0,0.0,0,0.0,0,0.0,0,0.0,0,88900.0,45,88950.0,17,0.0,0,0.0,0,0.0,0,0.0,0,88850.0
lc2411,,13:38:51.176#,88900.0,89450.0,88200.0,0.0,0.0,71602,194049.0,88700.0,107,88750.0,35,88800.0,99,88850.0,121,88900.0,45,88950.0,17,89000.0,54,89050.0,89,89100.0,218,89150.0,60,88850.0
lc2411,,13:38:51.321#,88900.0,89450.0,88200.0,0.0,0.0,71602,194049.0,88700.0,107,88750.0,35,88800.0,99,88850.0,121,88900.0,45,88950.0,13,89000.0,54,89050.0,89,89100.0,218,89150.0,60,88850.0
lc2411,,13:38:51.321#,88900.0,89450.0,88200.0,97900.0,80100.0,71602,194049.0,0.0,0,0.0,0,0.0,0,0.0,0,88900.0,45,88950.0,13,0.0,0,0.0,0,0.0,0,0.0,0,88850.0
lc2411,,13:38:52.722#,88900.0,89450.0,88200.0,0.0,0.0,71602,194049.0,88700.0,107,88750.0,35,88800.0,99,88850.0,121,88900.0,45,88950.0,13,89000.0,53,89050.0,89,89100.0,218,89150.0,60,88850.0
lc2411,,13:38:52.905#,88900.0,89450.0,88200.0,0.0,0.0,71602,194049.0,88700.0,107,88750.0,35,88800.0,99,88850.0,122,88900.0,45,88950.0,13,89000.0,53,89050.0,89,89100.0,218,89150.0,60,88850.0
lc2411,,13:38:53.97#,88900.0,89450.0,88200.0,97900.0,80100.0,71603,194048.0,0.0,0,0.0,0,0.0,0,0.0,0,88900.0,44,88950.0,13,0.0,0,0.0,0,0.0,0,0.0,0,88900.0
lc2411,,13:38:53.245#,88900.0,89450.0,88200.0,0.0,0.0,71603,194048.0,88700.0,107,88750.0,35,88800.0,99,88850.0,122,88900.0,44,88950.0,14,89000.0,53,89050.0,89,89100.0,218,89150.0,60,88900.0
lc2411,,13:38:53.496#,88900.0,89450.0,88200.0,0.0,0.0,71603,194048.0,88700.0,107,88750.0,35,88800.0,99,88850.0,131,88900.0,44,88950.0,14,89000.0,53,89050.0,89,89100.0,218,89150.0,60,88900.0
lc2411,,13:38:53.496#,88900.0,89450.0,88200.0,97900.0,80100.0,71603,194048.0,0.0,0,0.0,0,0.0,0,0.0,0,88900.0,44,88950.0,14,0.0,0,0.0,0,0.0,0,0.0,0,88900.0
lc2411,,13:38:53.719#,88900.0,89450.0,88200.0,0.0,0.0,71609,194049.0,88700.0,107,88750.0,35,88800.0,99,88850.0,131,88900.0,39,88950.0,13,89000.0,53,89050.0,89,89100.0,218,89150.0,60,88950.0
lc2411,,13:38:54.45#,88900.0,89450.0,88200.0,0.0,0.0,71609,194049.0,88700.0,107,88750.0,35,88800.0,99,88850.0,131,88900.0,38,88950.0,13,89000.0,54,89050.0,88,89100.0,218,89150.0,60,88950.0
lc2411,,13:38:54.45#,88900.0,89450.0,88200.0,97900.0,80100.0,71609,194049.0,0.0,0,0.0,0,0.0,0,0.0,0,88900.0,38,88950.0,13,0.0,0,0.0,0,0.0,0,0.0,0,88950.0
lc2411,,13:38:54.919#,88900.0,89450.0,88200.0,0.0,0.0,71647,194058.0,88650.0,41,88700.0,107,88750.0,35,88800.0,99,88850.0,131,88900.0,12,88950.0,13,89000.0,54,89050.0,88,89100.0,218,88900.0
lc2411,,13:38:55.73#,88900.0,89450.0,88200.0,97900.0,80100.0,71647,194058.0,0.0,0,0.0,0,0.0,0,0.0,0,88850.0,129,88900.0,12,0.0,0,0.0,0,0.0,0,0.0,0,88900.0
lc2411,,13:38:55.292#,88900.0,89450.0,88200.0,0.0,0.0,71647,194058.0,88650.0,41,88700.0,108,88750.0,35,88800.0,103,88850.0,129,88900.0,12,88950.0,15,89000.0,56,89050.0,81,89100.0,218,88900.0
lc2411,,13:38:55.456#,88900.0,89450.0,88200.0,0.0,0.0,71647,194058.0,88650.0,41,88700.0,108,88750.0,35,88800.0,103,88850.0,129,88900.0,12,88950.0,16,89000.0,57,89050.0,81,89100.0,218,88900.0
lc2411,,13:38:55.572#,88900.0,89450.0,88200.0,97900.0,80100.0,71647,194058.0,0.0,0,0.0,0,0.0,0,0.0,0,88850.0,128,88900.0,12,0.0,0,0.0,0,0.0,0,0.0,0,88900.0
lc2411,,13:38:55.740#,88900.0,89450.0,88200.0,0.0,0.0,71647,194058.0,88650.0,41,88700.0,108,88750.0,35,88800.0,102,88850.0,126,88900.0,12,88950.0,16,89000.0,57,89050.0,81,89100.0,218,88900.0
lc2411,,13:38:56.121#,88900.0,89450.0,88200.0,97900.0,80100.0,71647,194058.0,0.0,0,0.0,0,0.0,0,0.0,0,88850.0,126,88900.0,12,0.0,0,0.0,0,0.0,0,0.0,0,88900.0
lc2411,,13:38:56.126#,88900.0,89450.0,88200.0,0.0,0.0,71647,194058.0,88650.0,41,88700.0,108,88750.0,35,88800.0,102,88850.0,130,88900.0,12,88950.0,17,89000.0,57,89050.0,81,89100.0,218,88900.0
lc2411,,13:38:56.321#,88900.0,89450.0,88200.0,0.0,0.0,71647,194058.0,88650.0,41,88700.0,108,88750.0,35,88800.0,102,88850.0,131,88900.0,12,88950.0,17,89000.0,57,89050.0,81,89100.0,218,88900.0
lc2411,,13:38:56.321#,88900.0,89450.0,88200.0,97900.0,80100.0,71647,194058.0,0.0,0,0.0,0,0.0,0,0.0,0,88850.0,131,88900.0,12,0.0,0,0.0,0,0.0,0,0.0,0,88900.0
lc2411,,13:38:56.703#,88900.0,89450.0,88200.0,0.0,0.0,71647,194058.0,88650.0,41,88700.0,108,88750.0,35,88800.0,103,88850.0,133,88900.0,12,88950.0,17,89000.0,57,89050.0,81,89100.0,218,88900.0
lc2411,,13:38:56.821#,88900.0,89450.0,88200.0,0.0,0.0,71647,194058.0,88650.0,41,88700.0,108,88750.0,35,88800.0,103,88850.0,134,88900.0,12,88950.0,17,89000.0,57,89050.0,81,89100.0,218,88900.0
lc2411,,13:38:56.821#,88900.0,89450.0,88200.0,97900.0,80100.0,71647,194058.0,0.0,0,0.0,0,0.0,0,0.0,0,88850.0,134,88900.0,12,0.0,0,0.0,0,0.0,0,0.0,0,88900.0
lc2411,,13:38:57.706#,88900.0,89450.0,88200.0,0.0,0.0,71647,194058.0,88650.0,41,88700.0,108,88750.0,35,88800.0,103,88850.0,136,88900.0,12,88950.0,17,89000.0,57,89050.0,81,89100.0,218,88900.0
lc2411,,13:38:57.706#,88900.0,89450.0,88200.0,97900.0,80100.0,71647,194058.0,0.0,0,0.0,0,0.0,0,0.0,0,88850.0,136,88900.0,12,0.0,0,0.0,0,0.0,0,0.0,0,88900.0
lc2411,,13:38:58.326#,88900.0,89450.0,88200.0,0.0,0.0,71647,194058.0,88650.0,41,88700.0,108,88750.0,35,88800.0,103,88850.0,136,88900.0,17,88950.0,17,89000.0,57,89050.0,81,89100.0,218,88900.0
lc2411,,13:38:58.326#,88900.0,89450.0,88200.0,97900.0,80100.0,71647,194058.0,0.0,0,0.0,0,0.0,0,0.0,0,88850.0,136,88900.0,17,0.0,0,0.0,0,0.0,0,0.0,0,88900.0
lc2411,,13:38:59.400#,88900.0,89450.0,88200.0,0.0,0.0,71647,194058.0,88650.0,41,88700.0,108,88750.0,35,88800.0,103,88850.0,136,88900.0,24,88950.0,17,89000.0,57,89050.0,81,89100.0,218,88900.0
lc2411,,13:38:59.601#,88900.0,89450.0,88200.0,97900.0,80100.0,71647,194058.0,0.0,0,0.0,0,0.0,0,0.0,0,88850.0,131,88900.0,24,0.0,0,0.0,0,0.0,0,0.0,0,88900.0
lc2411,,13:38:59.627#,88900.0,89450.0,88200.0,0.0,0.0,71647,194058.0,88650.0,41,88700.0,108,88750.0,35,88800.0,102,88850.0,131,88900.0,24,88950.0,17,89000.0,57,89050.0,81,89100.0,219,88900.0
lc2411,,13:38:59.821#,88900.0,89450.0,88200.0,0.0,0.0,71647,194058.0,88650.0,41,88700.0,108,88750.0,35,88800.0,102,88850.0,130,88900.0,24,88950.0,17,89000.0,58,89050.0,81,89100.0,219,88900.0
lc2411,,13:39:00.119#,88900.0,89450.0,88200.0,97900.0,80100.0,71652,194063.0,0.0,0,0.0,0,0.0,0,0.0,0,88850.0,130,88900.0,19,0.0,0,0.0,0,0.0,0,0.0,0,88900.0
lc2411,,13:39:00.197#,88900.0,89450.0,88200.0,0.0,0.0,71652,194063.0,88650.0,41,88700.0,108,88750.0,35,88800.0,101,88850.0,128,88900.0,19,88950.0,17,89000.0,58,89050.0,81,89100.0,219,88900.0
lc2411,,13:39:00.321#,88900.0,89450.0,88200.0,0.0,0.0,71652,194063.0,88650.0,41,88700.0,108,88750.0,35,88800.0,102,88850.0,128,88900.0,19,88950.0,17,89000.0,58,89050.0,81,89100.0,219,88900.0
lc2411,,13:39:00.321#,88900.0,89450.0,88200.0,97900.0,80100.0,71652,194063.0,0.0,0,0.0,0,0.0,0,0.0,0,88850.0,128,88900.0,19,0.0,0,0.0,0,0.0,0,0.0,0,88900.0
lc2411,,13:39:01.29#,88900.0,89450.0,88200.0,0.0,0.0,71652,194063.0,88650.0,41,88700.0,108,88750.0,35,88800.0,102,88850.0,128,88900.0,19,88950.0,17,89000.0,58,89050.0,81,89100.0,219,88900.0
lc2411,,13:39:01.103#,88900.0,89450.0,88200.0,97900.0,80100.0,71652,194063.0,0.0,0,0.0,0,0.0,0,0.0,0,88850.0,129,88900.0,19,0.0,0,0.0,0,0.0,0,0.0,0,88900.0
lc2411,,13:39:01.185#,88900.0,89450.0,88200.0,0.0,0.0,71652,194063.0,88650.0,41,88700.0,108,88750.0,35,88800.0,102,88850.0,130,88900.0,20,88950.0,17,89000.0,58,89050.0,81,89100.0,219,88900.0
lc2411,,13:39:01.495#,88900.0,89450.0,88200.0,0.0,0.0,71652,194063.0,88650.0,41,88700.0,108,88750.0,35,88800.0,102,88850.0,132,88900.0,21,88950.0,17,89000.0,58,89050.0,81,89100.0,219,88900.0
lc2411,,13:39:01.603#,88900.0,89450.0,88200.0,97900.0,80100.0,71652,194063.0,0.0,0,0.0,0,0.0,0,0.0,0,88850.0,132,88900.0,21,0.0,0,0.0,0,0.0,0,0.0,0,88900.0
lc2411,,13:39:01.702#,88900.0,89450.0,88200.0,0.0,0.0,71652,194063.0,88650.0,41,88700.0,108,88750.0,35,88800.0,103,88850.0,134,88900.0,21,88950.0,17,89000.0,58,89050.0,81,89100.0,219,88900.0
lc2411,,13:39:01.951#,88900.0,89450.0,88200.0,0.0,0.0,71653,194064.0,88650.0,41,88700.0,108,88750.0,35,88800.0,103,88850.0,134,88900.0,20,88950.0,17,89000.0,58,89050.0,81,89100.0,219,88900.0
lc2411,,13:39:01.951#,88900.0,89450.0,88200.0,97900.0,80100.0,71653,194064.0,0.0,0,0.0,0,0.0,0,0.0,0,88850.0,134,88900.0,20,0.0,0,0.0,0,0.0,0,0.0,0,88900.0
lc2411,,13:39:02.300#,88900.0,89450.0,88200.0,0.0,0.0,71653,194064.0,88650.0,41,88700.0,108,88750.0,35,88800.0,103,88850.0,139,88900.0,20,88950.0,17,89000.0,58,89050.0,81,89100.0,219,88900.0
lc2411,,13:39:02.542#,88900.0,89450.0,88200.0,0.0,0.0,71653,194064.0,88650.0,41,88700.0,109,88750.0,36,88800.0,103,88850.0,139,88900.0,20,88950.0,17,89000.0,58,89050.0,81,89100.0,219,88900.0
lc2411,,13:39:02.542#,88900.0,89450.0,88200.0,97900.0,80100.0,71653,194064.0,0.0,0,0.0,0,0.0,0,0.0,0,88850.0,139,88900.0,20,0.0,0,0.0,0,0.0,0,0.0,0,88900.0
lc2411,,13:39:03.28#,88900.0,89450.0,88200.0,0.0,0.0,71653,194064.0,88650.0,41,88700.0,109,88750.0,36,88800.0,103,88850.0,139,88900.0,20,88950.0,27,89000.0,58,89050.0,81,89100.0,219,88900.0
lc2411,,13:39:04.50#,88900.0,89450.0,88200.0,0.0,0.0,71653,194064.0,88650.0,41,88700.0,109,88750.0,36,88800.0,103,88850.0,139,88900.0,20,88950.0,27,89000.0,58,89050.0,81,89100.0,219,88900.0
lc2411,,13:39:04.295#,88900.0,89450.0,88200.0,0.0,0.0,71653,194064.0,88650.0,41,88700.0,109,88750.0,36,88800.0,104,88850.0,139,88900.0,20,88950.0,27,89000.0,58,89050.0,81,89100.0,219,88900.0
lc2411,,13:39:04.541#,88900.0,89450.0,88200.0,0.0,0.0,71653,194064.0,88650.0,41,88700.0,109,88750.0,36,88800.0,105,88850.0,139,88900.0,21,88950.0,27,89000.0,55,89050.0,81,89100.0,219,88900.0
lc2411,,13:39:04.541#,88900.0,89450.0,88200.0,97900.0,80100.0,71653,194064.0,0.0,0,0.0,0,0.0,0,0.0,0,88850.0,139,88900.0,21,0.0,0,0.0,0,0.0,0,0.0,0,88900.0
lc2411,,13:39:04.667#,88900.0,89450.0,88200.0,0.0,0.0,71653,194064.0,88650.0,41,88700.0,109,88750.0,36,88800.0,105,88850.0,139,88900.0,26,88950.0,27,89000.0,55,89050.0,81,89100.0,219,88900.0
lc2411,,13:39:04.899#,88900.0,89450.0,88200.0,0.0,0.0,71653,194064.0,88650.0,41,88700.0,109,88750.0,36,88800.0,105,88850.0,139,88900.0,29,88950.0,27,89000.0,53,89050.0,81,89100.0,219,88900.0
lc2411,,13:39:05.107#,88900.0,89450.0,88200.0,97900.0,80100.0,71654,194063.0,0.0,0,0.0,0,0.0,0,0.0,0,88850.0,138,88900.0,29,0.0,0,0.0,0,0.0,0,0.0,0,88850.0
lc2411,,13:39:05.198#,88900.0,89450.0,88200.0,0.0,0.0,71654,194063.0,88650.0,41,88700.0,109,88750.0,36,88800.0,104,88850.0,136,88900.0,31,88950.0,27,89000.0,53,89050.0,81,89100.0,219,88850.0
lc2411,,13:39:05.321#,88900.0,89450.0,88200.0,0.0,0.0,71654,194063.0,88650.0,41,88700.0,109,88750.0,36,88800.0,103,88850.0,135,88900.0,31,88950.0,29,89000.0,49,89050.0,81,89100.0,219,88850.0
lc2411,,13:39:05.575#,88900.0,89450.0,88200.0,97900.0,80100.0,71654,194063.0,0.0,0,0.0,0,0.0,0,0.0,0,88850.0,135,88900.0,31,0.0,0,0.0,0,0.0,0,0.0,0,88850.0
lc2411,,13:39:05.803#,88900.0,89450.0,88200.0,0.0,0.0,71656,194061.0,88650.0,41,88700.0,109,88750.0,42,88800.0,101,88850.0,133,88900.0,31,88950.0,29,89000.0,51,89050.0,81,89100.0,219,88850.0
lc2411,,13:39:05.822#,88900.0,89450.0,88200.0,0.0,0.0,71656,194061.0,88650.0,41,88700.0,109,88750.0,43,88800.0,101,88850.0,133,88900.0,31,88950.0,29,89000.0,52,89050.0,81,89100.0,219,88850.0
lc2411,,13:39:05.822#,88900.0,89450.0,88200.0,97900.0,80100.0,71656,194061.0,0.0,0,0.0,0,0.0,0,0.0,0,88850.0,133,88900.0,31,0.0,0,0.0,0,0.0,0,0.0,0,88850.0
lc2411,,13:39:06.186#,88900.0,89450.0,88200.0,0.0,0.0,71656,194061.0,88650.0,41,88700.0,109,88750.0,43,88800.0,101,88850.0,133,88900.0,31,88950.0,29,89000.0,52,89050.0,81,89100.0,219,88850.0
lc2411,,13:39:06.357#,88900.0,89450.0,88200.0,0.0,0.0,71656,194061.0,88650.0,41,88700.0,109,88750.0,43,88800.0,101,88850.0,133,88900.0,31,88950.0,29,89000.0,52,89050.0,81,89100.0,219,88850.0
lc2411,,13:39:06.642#,88900.0,89450.0,88200.0,0.0,0.0,71656,194061.0,88650.0,41,88700.0,109,88750.0,43,88800.0,101,88850.0,133,88900.0,31,88950.0,29,89000.0,52,89050.0,81,89100.0,219,88850.0
lc2411,,13:39:06.990#,88900.0,89450.0,88200.0,0.0,0.0,71660,194061.0,88650.0,41,88700.0,109,88750.0,43,88800.0,101,88850.0,133,88900.0,27,88950.0,28,89000.0,52,89050.0,81,89100.0,219,88900.0
lc2411,,13:39:07.71#,88900.0,89450.0,88200.0,97900.0,80100.0,71660,194061.0,0.0,0,0.0,0,0.0,0,0.0,0,88850.0,133,88900.0,27,0.0,0,0.0,0,0.0,0,0.0,0,88900.0
lc2411,,13:39:07.71#,88900.0,89450.0,88200.0,0.0,0.0,71660,194061.0,88650.0,41,88700.0,109,88750.0,36,88800.0,102,88850.0,133,88900.0,27,88950.0,28,89000.0,52,89050.0,81,89100.0,219,88900.0
lc2411,,13:39:07.525#,88900.0,89450.0,88200.0,0.0,0.0,71660,194061.0,88650.0,41,88700.0,109,88750.0,36,88800.0,102,88850.0,134,88900.0,36,88950.0,28,89000.0,52,89050.0,82,89100.0,219,88900.0
lc2411,,13:39:07.525#,88900.0,89450.0,88200.0,97900.0,80100.0,71660,194061.0,0.0,0,0.0,0,0.0,0,0.0,0,88850.0,134,88900.0,36,0.0,0,0.0,0,0.0,0,0.0,0,88900.0
lc2411,,13:39:08.269#,88900.0,89450.0,88200.0,0.0,0.0,71660,194061.0,88650.0,41,88700.0,109,88750.0,36,88800.0,103,88850.0,134,88900.0,36,88950.0,28,89000.0,52,89050.0,82,89100.0,219,88900.0
lc2411,,13:39:08.580#,88900.0,89450.0,88200.0,97900.0,80100.0,71660,194061.0,0.0,0,0.0,0,0.0,0,0.0,0,88850.0,134,88900.0,37,0.0,0,0.0,0,0.0,0,0.0,0,88900.0
lc2411,,13:39:08.580#,88900.0,89450.0,88200.0,0.0,0.0,71660,194061.0,88650.0,41,88700.0,109,88750.0,36,88800.0,103,88850.0,134,88900.0,37,88950.0,28,89000.0,52,89050.0,82,89100.0,219,88900.0
lc2411,,13:39:09.139#,88900.0,89450.0,88200.0,0.0,0.0,71660,194061.0,88650.0,41,88700.0,109,88750.0,36,88800.0,103,88850.0,134,88900.0,37,88950.0,27,89000.0,52,89050.0,82,89100.0,219,88900.0
lc2411,,13:39:09.529#,88900.0,89450.0,88200.0,0.0,0.0,71664,194057.0,88650.0,41,88700.0,109,88750.0,36,88800.0,103,88850.0,130,88900.0,37,88950.0,27,89000.0,52,89050.0,82,89100.0,219,88850.0
lc2411,,13:39:09.613#,88900.0,89450.0,88200.0,97900.0,80100.0,71665,194057.0,0.0,0,0.0,0,0.0,0,0.0,0,88850.0,129,88900.0,37,0.0,0,0.0,0,0.0,0,0.0,0,88850.0
lc2411,,13:39:09.613#,88900.0,89450.0,88200.0,0.0,0.0,71665,194057.0,88650.0,41,88700.0,109,88750.0,36,88800.0,103,88850.0,129,88900.0,37,88950.0,27,89000.0,52,89050.0,82,89100.0,219,88850.0
lc2411,,13:39:09.829#,88900.0,89450.0,88200.0,0.0,0.0,71666,194057.0,88650.0,41,88700.0,109,88750.0,36,88800.0,103,88850.0,129,88900.0,36,88950.0,27,89000.0,52,89050.0,82,89100.0,219,88900.0
lc2411,,13:39:09.829#,88900.0,89450.0,88200.0,97900.0,80100.0,71666,194057.0,0.0,0,0.0,0,0.0,0,0.0,0,88850.0,129,88900.0,36,0.0,0,0.0,0,0.0,0,0.0,0,88900.0
lc2411,,13:39:10.242#,88900.0,89450.0,88200.0,0.0,0.0,71666,194057.0,88650.0,41,88700.0,109,88750.0,36,88800.0,103,88850.0,129,88900.0,37,88950.0,27,89000.0,52,89050.0,82,89100.0,219,88900.0
lc2411,,13:39:10.445#,88900.0,89450.0,88200.0,0.0,0.0,71666,194057.0,88650.0,41,88700.0,109,88750.0,36,88800.0,103,88850.0,129,88900.0,37,88950.0,27,89000.0,52,89050.0,82,89100.0,219,88900.0
lc2411,,13:39:10.445#,88900.0,89450.0,88200.0,97900.0,80100.0,71666,194057.0,0.0,0,0.0,0,0.0,0,0.0,0,88850.0,129,88900.0,37,0.0,0,0.0,0,0.0,0,0.0,0,88900.0
lc2411,,13:39:11.490#,88900.0,89450.0,88200.0,0.0,0.0,71666,194057.0,88650.0,41,88700.0,109,88750.0,36,88800.0,103,88850.0,129,88900.0,39,88950.0,27,89000.0,52,89050.0,82,89100.0,219,88900.0
lc2411,,13:39:11.490#,88900.0,89450.0,88200.0,97900.0,80100.0,71666,194057.0,0.0,0,0.0,0,0.0,0,0.0,0,88850.0,129,88900.0,39,0.0,0,0.0,0,0.0,0,0.0,0,88900.0
lc2411,,13:39:11.752#,88900.0,89450.0,88200.0,0.0,0.0,71666,194057.0,88650.0,41,88700.0,109,88750.0,36,88800.0,103,88850.0,129,88900.0,39,88950.0,27,89000.0,52,89050.0,82,89100.0,219,88900.0
lc2411,,13:39:12.199#,88900.0,89450.0,88200.0,0.0,0.0,71666,194057.0,88650.0,41,88700.0,109,88750.0,36,88800.0,103,88850.0,129,88900.0,40,88950.0,28,89000.0,52,89050.0,82,89100.0,219,88900.0
lc2411,,13:39:12.321#,88900.0,89450.0,88200.0,0.0,0.0,71666,194057.0,88650.0,41,88700.0,109,88750.0,42,88800.0,102,88850.0,129,88900.0,40,88950.0,28,89000.0,52,89050.0,82,89100.0,219,88900.0
lc2411,,13:39:12.321#,88900.0,89450.0,88200.0,97900.0,80100.0,71666,194057.0,0.0,0,0.0,0,0.0,0,0.0,0,88850.0,129,88900.0,40,0.0,0,0.0,0,0.0,0,0.0,0,88900.0
lc2411,,13:39:12.683#,88900.0,89450.0,88200.0,0.0,0.0,71667,194058.0,88650.0,41,88700.0,109,88750.0,43,88800.0,102,88850.0,129,88900.0,39,88950.0,28,89000.0,52,89050.0,82,89100.0,219,88900.0
lc2411,,13:39:12.683#,88900.0,89450.0,88200.0,97900.0,80100.0,71667,194058.0,0.0,0,0.0,0,0.0,0,0.0,0,88850.0,129,88900.0,39,0.0,0,0.0,0,0.0,0,0.0,0,88900.0
lc2411,,13:39:13.148#,88900.0,89450.0,88200.0,0.0,0.0,71667,194058.0,88650.0,41,88700.0,109,88750.0,43,88800.0,102,88850.0,125,88900.0,39,88950.0,28,89000.0,52,89050.0,82,89100.0,219,88900.0
lc2411,,13:39:13.565#,88900.0,89450.0,88200.0,0.0,0.0,71667,194058.0,88650.0,41,88700.0,113,88750.0,43,88800.0,102,88850.0,125,88900.0,39,88950.0,28,89000.0,53,89050.0,82,89100.0,219,88900.0
lc2411,,13:39:13.565#,88900.0,89450.0,88200.0,97900.0,80100.0,71667,194058.0,0.0,0,0.0,0,0.0,0,0.0,0,88850.0,125,88900.0,39,0.0,0,0.0,0,0.0,0,0.0,0,88900.0
lc2411,,13:39:13.661#,88900.0,89450.0,88200.0,0.0,0.0,71667,194058.0,88650.0,41,88700.0,113,88750.0,43,88800.0,102,88850.0,125,88900.0,45,88950.0,28,89000.0,53,89050.0,82,89100.0,219,88900.0
lc2411,,13:39:14.33#,88900.0,89450.0,88200.0,0.0,0.0,71667,194058.0,88650.0,41,88700.0,113,88750.0,43,88800.0,102,88850.0,125,88900.0,45,88950.0,28,89000.0,53,89050.0,82,89100.0,219,88900.0
lc2411,,13:39:14.122#,88900.0,89450.0,88200.0,97900.0,80100.0,71667,194058.0,0.0,0,0.0,0,0.0,0,0.0,0,88850.0,125,88900.0,48,0.0,0,0.0,0,0.0,0,0.0,0,88900.0
lc2411,,13:39:14.156#,88900.0,89450.0,88200.0,0.0,0.0,71667,194058.0,88650.0,41,88700.0,113,88750.0,43,88800.0,102,88850.0,125,88900.0,48,88950.0,28,89000.0,53,89050.0,82,89100.0,219,88900.0
lc2411,,13:39:14.328#,88900.0,89450.0,88200.0,0.0,0.0,71667,194058.0,88650.0,41,88700.0,113,88750.0,43,88800.0,102,88850.0,125,88900.0,48,88950.0,28,89000.0,53,89050.0,82,89100.0,219,88900.0
lc2411,,13:39:14.747#,88900.0,89450.0,88200.0,0.0,0.0,71667,194058.0,88650.0,41,88700.0,113,88750.0,43,88800.0,101,88850.0,125,88900.0,48,88950.0,28,89000.0,53,89050.0,82,89100.0,219,88900.0
lc2411,,13:39:14.871#,88900.0,89450.0,88200.0,0.0,0.0,71667,194058.0,88650.0,41,88700.0,112,88750.0,43,88800.0,101,88850.0,125,88900.0,48,88950.0,28,89000.0,53,89050.0,82,89100.0,219,88900.0
lc2411,,13:39:15.79#,88900.0,89450.0,88200.0,97900.0,80100.0,71667,194058.0,0.0,0,0.0,0,0.0,0,0.0,0,88850.0,126,88900.0,48,0.0,0,0.0,0,0.0,0,0.0,0,88900.0
lc2411,,13:39:15.79#,88900.0,89450.0,88200.0,0.0,0.0,71667,194058.0,88650.0,41,88700.0,112,88750.0,43,88800.0,101,88850.0,126,88900.0,48,88950.0,28,89000.0,53,89050.0,82,89100.0,219,88900.0
lc2411,,13:39:15.476#,88900.0,89450.0,88200.0,0.0,0.0,71667,194058.0,88650.0,41,88700.0,112,88750.0,43,88800.0,101,88850.0,126,88900.0,48,88950.0,27,89000.0,53,89050.0,82,89100.0,219,88900.0
lc2411,,13:39:16.55#,88900.0,89450.0,88200.0,0.0,0.0,71667,194058.0,88650.0,41,88700.0,112,88750.0,43,88800.0,101,88850.0,126,88900.0,68,88950.0,27,89000.0,54,89050.0,82,89100.0,219,88900.0
lc2411,,13:39:16.105#,88900.0,89450.0,88200.0,97900.0,80100.0,71667,194058.0,0.0,0,0.0,0,0.0,0,0.0,0,88850.0,128,88900.0,68,0.0,0,0.0,0,0.0,0,0.0,0,88900.0
lc2411,,13:39:16.105#,88900.0,89450.0,88200.0,0.0,0.0,71667,194058.0,88650.0,41,88700.0,112,88750.0,43,88800.0,101,88850.0,128,88900.0,68,88950.0,27,89000.0,54,89050.0,82,89100.0,219,88900.0
lc2411,,13:39:16.657#,88900.0,89450.0,88200.0,0.0,0.0,71667,194058.0,88650.0,41,88700.0,113,88750.0,43,88800.0,101,88850.0,128,88900.0,68,88950.0,27,89000.0,54,89050.0,82,89100.0,219,88900.0
lc2411,,13:39:17.173#,88900.0,89450.0,88200.0,0.0,0.0,71667,194058.0,88650.0,41,88700.0,113,88750.0,43,88800.0,101,88850.0,128,88900.0,71,88950.0,27,89000.0,54,89050.0,82,89100.0,219,88900.0
lc2411,,13:39:17.173#,88900.0,89450.0,88200.0,97900.0,80100.0,71667,194058.0,0.0,0,0.0,0,0.0,0,0.0,0,88850.0,128,88900.0,71,0.0,0,0.0,0,0.0,0,0.0,0,88900.0
lc2411,,13:39:18.5#,88900.0,89450.0,88200.0,0.0,0.0,71667,194058.0,88650.0,41,88700.0,113,88750.0,43,88800.0,101,88850.0,129,88900.0,71,88950.0,27,89000.0,54,89050.0,82,89100.0,219,88900.0
lc2411,,13:39:18.5#,88900.0,89450.0,88200.0,97900.0,80100.0,71667,194058.0,0.0,0,0.0,0,0.0,0,0.0,0,88850.0,129,88900.0,71,0.0,0,0.0,0,0.0,0,0.0,0,88900.0
lc2411,,13:39:18.241#,88900.0,89450.0,88200.0,0.0,0.0,71667,194058.0,88650.0,41,88700.0,113,88750.0,43,88800.0,101,88850.0,129,88900.0,71,88950.0,27,89000.0,54,89050.0,82,89100.0,219,88900.0
lc2411,,13:39:18.622#,88900.0,89450.0,88200.0,0.0,0.0,71667,194058.0,88650.0,41,88700.0,113,88750.0,43,88800.0,101,88850.0,129,88900.0,71,88950.0,27,89000.0,54,89050.0,82,89100.0,219,88900.0
lc2411,,13:39:18.925#,88900.0,89450.0,88200.0,0.0,0.0,71667,194058.0,88650.0,41,88700.0,113,88750.0,43,88800.0,101,88850.0,129,88900.0,72,88950.0,27,89000.0,54,89050.0,82,89100.0,219,88900.0
lc2411,,13:39:18.925#,88900.0,89450.0,88200.0,97900.0,80100.0,71667,194058.0,0.0,0,0.0,0,0.0,0,0.0,0,88850.0,129,88900.0,72,0.0,0,0.0,0,0.0,0,0.0,0,88900.0
lc2411,,13:39:19.536#,88900.0,89450.0,88200.0,0.0,0.0,71667,194058.0,88650.0,41,88700.0,113,88750.0,43,88800.0,101,88850.0,129,88900.0,72,88950.0,28,89000.0,54,89050.0,82,89100.0,219,88900.0
lc2411,,13:39:20.214#,88900.0,89450.0,88200.0,0.0,0.0,71667,194058.0,88650.0,41,88700.0,113,88750.0,43,88800.0,101,88850.0,129,88900.0,72,88950.0,28,89000.0,53,89050.0,82,89100.0,219,88900.0
lc2411,,13:39:21.131#,88900.0,89450.0,88200.0,0.0,0.0,71667,194058.0,88650.0,41,88700.0,113,88750.0,43,88800.0,101,88850.0,129,88900.0,72,88950.0,28,89000.0,52,89050.0,82,89100.0,219,88900.0
lc2411,,13:39:22.15#,88900.0,89450.0,88200.0,0.0,0.0,71667,194058.0,88650.0,41,88700.0,113,88750.0,43,88800.0,101,88850.0,130,88900.0,72,88950.0,28,89000.0,52,89050.0,82,89100.0,219,88900.0
lc2411,,13:39:22.15#,88900.0,89450.0,88200.0,97900.0,80100.0,71667,194058.0,0.0,0,0.0,0,0.0,0,0.0,0,88850.0,130,88900.0,72,0.0,0,0.0,0,0.0,0,0.0,0,88900.0
lc2411,,13:39:22.288#,88900.0,89450.0,88200.0,0.0,0.0,71667,194058.0,88650.0,41,88700.0,113,88750.0,43,88800.0,100,88850.0,130,88900.0,72,88950.0,28,89000.0,52,89050.0,82,89100.0,219,88900.0
lc2411,,13:39:22.440#,88900.0,89450.0,88200.0,0.0,0.0,71669,194058.0,88650.0,41,88700.0,113,88750.0,43,88800.0,100,88850.0,128,88900.0,72,88950.0,28,89000.0,52,89050.0,82,89100.0,219,88850.0
lc2411,,13:39:22.440#,88900.0,89450.0,88200.0,97900.0,80100.0,71669,194058.0,0.0,0,0.0,0,0.0,0,0.0,0,88850.0,128,88900.0,72,0.0,0,0.0,0,0.0,0,0.0,0,88850.0
lc2411,,13:39:22.682#,88900.0,89450.0,88200.0,0.0,0.0,71669,194058.0,88650.0,41,88700.0,113,88750.0,43,88800.0,100,88850.0,129,88900.0,72,88950.0,28,89000.0,52,89050.0,82,89100.0,219,88850.0
lc2411,,13:39:22.921#,88900.0,89450.0,88200.0,0.0,0.0,71669,194058.0,88650.0,41,88700.0,113,88750.0,43,88800.0,99,88850.0,129,88900.0,72,88950.0,28,89000.0,53,89050.0,82,89100.0,219,88850.0
lc2411,,13:39:22.921#,88900.0,89450.0,88200.0,97900.0,80100.0,71669,194058.0,0.0,0,0.0,0,0.0,0,0.0,0,88850.0,129,88900.0,72,0.0,0,0.0,0,0.0,0,0.0,0,88850.0
lc2411,,13:39:23.532#,88900.0,89450.0,88200.0,0.0,0.0,71670,194057.0,88650.0,41,88700.0,113,88750.0,43,88800.0,99,88850.0,129,88900.0,71,88950.0,28,89000.0,53,89050.0,82,89100.0,219,88900.0
lc2411,,13:39:23.532#,88900.0,89450.0,88200.0,97900.0,80100.0,71670,194057.0,0.0,0,0.0,0,0.0,0,0.0,0,88850.0,129,88900.0,71,0.0,0,0.0,0,0.0,0,0.0,0,88900.0
lc2411,,13:39:23.710#,88900.0,89450.0,88200.0,0.0,0.0,71670,194057.0,88650.0,41,88700.0,113,88750.0,43,88800.0,99,88850.0,129,88900.0,73,88950.0,28,89000.0,53,89050.0,82,89100.0,219,88900.0
lc2411,,13:39:23.869#,88900.0,89450.0,88200.0,0.0,0.0,71670,194057.0,88650.0,42,88700.0,113,88750.0,43,88800.0,99,88850.0,129,88900.0,73,88950.0,28,89000.0,53,89050.0,82,89100.0,219,88900.0
lc2411,,13:39:24.85#,88900.0,89450.0,88200.0,97900.0,80100.0,71670,194057.0,0.0,0,0.0,0,0.0,0,0.0,0,88850.0,129,88900.0,73,0.0,0,0.0,0,0.0,0,0.0,0,88900.0
lc2411,,13:39:24.148#,88900.0,89450.0,88200.0,0.0,0.0,71670,194057.0,88650.0,42,88700.0,113,88750.0,43,88800.0,99,88850.0,129,88900.0,73,88950.0,28,89000.0,53,89050.0,83,89100.0,218,88900.0
lc2411,,13:39:24.721#,88900.0,89450.0,88200.0,0.0,0.0,71670,194057.0,88650.0,42,88700.0,113,88750.0,43,88800.0,99,88850.0,139,88900.0,75,88950.0,28,89000.0,53,89050.0,83,89100.0,218,88900.0
lc2411,,13:39:24.821#,88900.0,89450.0,88200.0,0.0,0.0,71670,194057.0,88650.0,42,88700.0,113,88750.0,36,88800.0,101,88850.0,139,88900.0,75,88950.0,28,89000.0,53,89050.0,83,89100.0,218,88900.0
lc2411,,13:39:25.73#,88900.0,89450.0,88200.0,97900.0,80100.0,71670,194057.0,0.0,0,0.0,0,0.0,0,0.0,0,88850.0,139,88900.0,75,0.0,0,0.0,0,0.0,0,0.0,0,88900.0
lc2411,,13:39:25.180#,88900.0,89450.0,88200.0,0.0,0.0,71670,194057.0,88650.0,42,88700.0,113,88750.0,36,88800.0,101,88850.0,139,88900.0,75,88950.0,28,89000.0,53,89050.0,83,89100.0,218,88900.0
lc2411,,13:39:25.615#,88900.0,89450.0,88200.0,0.0,0.0,71670,194057.0,88650.0,42,88700.0,113,88750.0,36,88800.0,101,88850.0,139,88900.0,75,88950.0,27,89000.0,53,89050.0,83,89100.0,218,88900.0
lc2411,,13:39:25.909#,88900.0,89450.0,88200.0,0.0,0.0,71671,194057.0,88650.0,42,88700.0,113,88750.0,36,88800.0,101,88850.0,139,88900.0,74,88950.0,27,89000.0,53,89050.0,83,89100.0,218,88900.0
lc2411,,13:39:25.909#,88900.0,89450.0,88200.0,97900.0,80100.0,71671,194057.0,0.0,0,0.0,0,0.0,0,0.0,0,88850.0,139,88900.0,74,0.0,0,0.0,0,0.0,0,0.0,0,88900.0
lc2411,,13:39:26.251#,88900.0,89450.0,88200.0,0.0,0.0,71671,194057.0,88650.0,42,88700.0,113,88750.0,36,88800.0,102,88850.0,139,88900.0,74,88950.0,27,89000.0,53,89050.0,83,89100.0,218,88900.0
lc2411,,13:39:26.555#,88900.0,89450.0,88200.0,0.0,0.0,71671,194057.0,88650.0,42,88700.0,113,88750.0,36,88800.0,102,88850.0,139,88900.0,74,88950.0,17,89000.0,53,89050.0,83,89100.0,218,88900.0
lc2411,,13:39:27.130#,88900.0,89450.0,88200.0,0.0,0.0,71671,194057.0,88650.0,42,88700.0,113,88750.0,36,88800.0,102,88850.0,140,88900.0,74,88950.0,17,89000.0,53,89050.0,83,89100.0,218,88900.0
lc2411,,13:39:27.521#,88900.0,89450.0,88200.0,0.0,0.0,71671,194057.0,88650.0,42,88700.0,113,88750.0,36,88800.0,102,88850.0,140,88900.0,85,88950.0,17,89000.0,52,89050.0,83,89100.0,218,88900.0
lc2411,,13:39:27.521#,88900.0,89450.0,88200.0,97900.0,80100.0,71671,194057.0,0.0,0,0.0,0,0.0,0,0.0,0,88850.0,140,88900.0,85,0.0,0,0.0,0,0.0,0,0.0,0,88900.0
lc2411,,13:39:27.722#,88900.0,89450.0,88200.0,0.0,0.0,71671,194057.0,88650.0,42,88700.0,113,88750.0,36,88800.0,102,88850.0,140,88900.0,85,88950.0,17,89000.0,52,89050.0,83,89100.0,218,88900.0
lc2411,,13:39:28.507#,88900.0,89450.0,88200.0,0.0,0.0,71671,194057.0,88650.0,42,88700.0,113,88750.0,36,88800.0,102,88850.0,140,88900.0,85,88950.0,17,89000.0,52,89050.0,83,89100.0,218,88900.0
lc2411,,13:39:28.818#,88900.0,89450.0,88200.0,0.0,0.0,71671,194057.0,88650.0,42,88700.0,113,88750.0,36,88800.0,102,88850.0,140,88900.0,86,88950.0,17,89000.0,51,89050.0,83,89100.0,218,88900.0
lc2411,,13:39:29.24#,88900.0,89450.0,88200.0,0.0,0.0,71672,194057.0,88650.0,42,88700.0,113,88750.0,36,88800.0,102,88850.0,139,88900.0,86,88950.0,17,89000.0,51,89050.0,83,89100.0,218,88850.0
lc2411,,13:39:29.24#,88900.0,89450.0,88200.0,97900.0,80100.0,71672,194057.0,0.0,0,0.0,0,0.0,0,0.0,0,88850.0,139,88900.0,86,0.0,0,0.0,0,0.0,0,0.0,0,88850.0
lc2411,,13:39:29.182#,88900.0,89450.0,88200.0,0.0,0.0,71672,194057.0,88650.0,42,88700.0,113,88750.0,36,88800.0,102,88850.0,141,88900.0,86,88950.0,17,89000.0,51,89050.0,83,89100.0,218,88850.0
lc2411,,13:39:29.441#,88900.0,89450.0,88200.0,0.0,0.0,71677,194057.0,88650.0,42,88700.0,113,88750.0,36,88800.0,102,88850.0,141,88900.0,81,88950.0,17,89000.0,51,89050.0,83,89100.0,218,88900.0
lc2411,,13:39:29.441#,88900.0,89450.0,88200.0,97900.0,80100.0,71677,194057.0,0.0,0,0.0,0,0.0,0,0.0,0,88850.0,141,88900.0,81,0.0,0,0.0,0,0.0,0,0.0,0,88900.0
lc2411,,13:39:29.988#,88900.0,89450.0,88200.0,0.0,0.0,71677,194057.0,88650.0,42,88700.0,109,88750.0,36,88800.0,102,88850.0,141,88900.0,81,88950.0,17,89000.0,51,89050.0,83,89100.0,218,88900.0
lc2411,,13:39:30.368#,88900.0,89450.0,88200.0,0.0,0.0,71677,194057.0,88650.0,42,88700.0,109,88750.0,36,88800.0,102,88850.0,141,88900.0,81,88950.0,17,89000.0,51,89050.0,83,89100.0,218,88900.0
lc2411,,13:39:31.109#,88900.0,89450.0,88200.0,97900.0,80100.0,71678,194057.0,0.0,0,0.0,0,0.0,0,0.0,0,88850.0,141,88900.0,80,0.0,0,0.0,0,0.0,0,0.0,0,88900.0
lc2411,,13:39:31.174#,88900.0,89450.0,88200.0,0.0,0.0,71678,194057.0,88650.0,43,88700.0,109,88750.0,36,88800.0,102,88850.0,141,88900.0,80,88950.0,17,89000.0,51,89050.0,83,89100.0,218,88900.0
lc2411,,13:39:31.396#,88900.0,89450.0,88200.0,0.0,0.0,71678,194057.0,88650.0,43,88700.0,109,88750.0,36,88800.0,102,88850.0,148,88900.0,80,88950.0,16,89000.0,51,89050.0,83,89100.0,218,88900.0
lc2411,,13:39:31.396#,88900.0,89450.0,88200.0,97900.0,80100.0,71678,194057.0,0.0,0,0.0,0,0.0,0,0.0,0,88850.0,148,88900.0,80,0.0,0,0.0,0,0.0,0,0.0,0,88900.0
lc2411,,13:39:31.640#,88900.0,89450.0,88200.0,0.0,0.0,71678,194057.0,88650.0,43,88700.0,109,88750.0,36,88800.0,102,88850.0,149,88900.0,80,88950.0,16,89000.0,51,89050.0,83,89100.0,218,88900.0
lc2411,,13:39:31.640#,88900.0,89450.0,88200.0,97900.0,80100.0,71678,194057.0,0.0,0,0.0,0,0.0,0,0.0,0,88850.0,149,88900.0,80,0.0,0,0.0,0,0.0,0,0.0,0,88900.0
lc2411,,13:39:32.293#,88900.0,89450.0,88200.0,0.0,0.0,71678,194057.0,88650.0,43,88700.0,109,88750.0,36,88800.0,102,88850.0,149,88900.0,80,88950.0,16,89000.0,51,89050.0,83,89100.0,218,88900.0
lc2411,,13:39:32.413#,88900.0,89450.0,88200.0,0.0,0.0,71678,194057.0,88650.0,44,88700.0,109,88750.0,36,88800.0,102,88850.0,149,88900.0,80,88950.0,16,89000.0,51,89050.0,83,89100.0,218,88900.0
lc2411,,13:39:32.587#,88900.0,89450.0,88200.0,0.0,0.0,71678,194057.0,88650.0,44,88700.0,109,88750.0,36,88800.0,102,88850.0,149,88900.0,80,88950.0,16,89000.0,51,89050.0,83,89100.0,218,88900.0
lc2411,,13:39:33.86#,88900.0,89450.0,88200.0,97900.0,80100.0,71678,194057.0,0.0,0,0.0,0,0.0,0,0.0,0,88850.0,149,88900.0,81,0.0,0,0.0,0,0.0,0,0.0,0,88900.0
lc2411,,13:39:33.238#,88900.0,89450.0,88200.0,0.0,0.0,71678,194057.0,88650.0,44,88700.0,109,88750.0,36,88800.0,102,88850.0,149,88900.0,81,88950.0,16,89000.0,51,89050.0,83,89100.0,218,88900.0
lc2411,,13:39:33.399#,88900.0,89450.0,88200.0,0.0,0.0,71683,194058.0,88650.0,44,88700.0,109,88750.0,37,88800.0,102,88850.0,149,88900.0,76,88950.0,16,89000.0,51,89050.0,83,89100.0,218,88900.0
lc2411,,13:39:33.399#,88900.0,89450.0,88200.0,97900.0,80100.0,71683,194058.0,0.0,0,0.0,0,0.0,0,0.0,0,88850.0,149,88900.0,76,0.0,0,0.0,0,0.0,0,0.0,0,88900.0
lc2411,,13:39:33.702#,88900.0,89450.0,88200.0,0.0,0.0,71683,194058.0,88650.0,44,88700.0,109,88750.0,37,88800.0,103,88850.0,149,88900.0,76,88950.0,16,89000.0,51,89050.0,83,89100.0,218,88900.0
lc2411,,13:39:33.951#,88900.0,89450.0,88200.0,0.0,0.0,71683,194058.0,88650.0,44,88700.0,109,88750.0,37,88800.0,103,88850.0,149,88900.0,76,88950.0,99,89000.0,51,89050.0,83,89100.0,218,88900.0
lc2411,,13:39:34.186#,88900.0,89450.0,88200.0,0.0,0.0,71683,194058.0,88650.0,44,88700.0,109,88750.0,37,88800.0,103,88850.0,149,88900.0,76,88950.0,99,89000.0,50,89050.0,83,89100.0,218,88900.0
lc2411,,13:39:34.502#,88900.0,89450.0,88200.0,0.0,0.0,71683,194058.0,88650.0,44,88700.0,109,88750.0,37,88800.0,103,88850.0,149,88900.0,77,88950.0,99,89000.0,50,89050.0,83,89100.0,218,88900.0
lc2411,,13:39:34.502#,88900.0,89450.0,88200.0,97900.0,80100.0,71683,194058.0,0.0,0,0.0,0,0.0,0,0.0,0,88850.0,149,88900.0,77,0.0,0,0.0,0,0.0,0,0.0,0,88900.0
lc2411,,13:39:34.865#,88900.0,89450.0,88200.0,0.0,0.0,71683,194058.0,88650.0,44,88700.0,109,88750.0,42,88800.0,103,88850.0,149,88900.0,77,88950.0,99,89000.0,50,89050.0,83,89100.0,218,88900.0
lc2411,,13:39:36.289#,88900.0,89450.0,88200.0,0.0,0.0,71686,194058.0,88650.0,44,88700.0,109,88750.0,42,88800.0,103,88850.0,149,88900.0,74,88950.0,99,89000.0,50,89050.0,83,89100.0,218,88900.0
lc2411,,13:39:36.417#,88900.0,89450.0,88200.0,0.0,0.0,71686,194058.0,88650.0,44,88700.0,109,88750.0,42,88800.0,103,88850.0,149,88900.0,74,88950.0,99,89000.0,50,89050.0,82,89100.0,218,88900.0
lc2411,,13:39:36.417#,88900.0,89450.0,88200.0,97900.0,80100.0,71686,194058.0,0.0,0,0.0,0,0.0,0,0.0,0,88850.0,149,88900.0,74,0.0,0,0.0,0,0.0,0,0.0,0,88900.0
lc2411,,13:39:37.192#,88900.0,89450.0,88200.0,0.0,0.0,71686,194058.0,88650.0,44,88700.0,109,88750.0,42,88800.0,103,88850.0,150,88900.0,74,88950.0,99,89000.0,50,89050.0,82,89100.0,218,88900.0
lc2411,,13:39:37.468#,88900.0,89450.0,88200.0,0.0,0.0,71686,194058.0,88650.0,44,88700.0,109,88750.0,42,88800.0,102,88850.0,150,88900.0,74,88950.0,99,89000.0,50,89050.0,82,89100.0,218,88900.0
lc2411,,13:39:37.468#,88900.0,89450.0,88200.0,97900.0,80100.0,71686,194058.0,0.0,0,0.0,0,0.0,0,0.0,0,88850.0,150,88900.0,74,0.0,0,0.0,0,0.0,0,0.0,0,88900.0
lc2411,,13:39:38.209#,88900.0,89450.0,88200.0,0.0,0.0,71686,194058.0,88650.0,44,88700.0,109,88750.0,42,88800.0,102,88850.0,150,88900.0,79,88950.0,99,89000.0,50,89050.0,82,89100.0,218,88900.0
lc2411,,13:39:38.321#,88900.0,89450.0,88200.0,0.0,0.0,71686,194058.0,88650.0,44,88700.0,109,88750.0,48,88800.0,100,88850.0,150,88900.0,79,88950.0,99,89000.0,50,89050.0,82,89100.0,218,88900.0
lc2411,,13:39:38.595#,88900.0,89450.0,88200.0,97900.0,80100.0,71686,194058.0,0.0,0,0.0,0,0.0,0,0.0,0,88850.0,150,88900.0,79,0.0,0,0.0,0,0.0,0,0.0,0,88900.0
lc2411,,13:39:38.661#,88900.0,89450.0,88200.0,0.0,0.0,71686,194058.0,88650.0,44,88700.0,109,88750.0,49,88800.0,100,88850.0,150,88900.0,79,88950.0,99,89000.0,49,89050.0,82,89100.0,218,88900.0
lc2411,,13:39:39.430#,88900.0,89450.0,88200.0,0.0,0.0,71686,194058.0,88650.0,44,88700.0,109,88750.0,49,88800.0,101,88850.0,150,88900.0,79,88950.0,99,89000.0,49,89050.0,82,89100.0,218,88900.0
lc2411,,13:39:39.815#,88900.0,89450.0,88200.0,0.0,0.0,71686,194058.0,88650.0,44,88700.0,109,88750.0,49,88800.0,101,88850.0,151,88900.0,79,88950.0,99,89000.0,49,89050.0,82,89100.0,218,88900.0
lc2411,,13:39:39.815#,88900.0,89450.0,88200.0,97900.0,80100.0,71686,194058.0,0.0,0,0.0,0,0.0,0,0.0,0,88850.0,151,88900.0,79,0.0,0,0.0,0,0.0,0,0.0,0,88900.0
lc2411,,13:39:40.269#,88900.0,89450.0,88200.0,0.0,0.0,71686,194058.0,88650.0,44,88700.0,109,88750.0,49,88800.0,101,88850.0,151,88900.0,79,88950.0,99,89000.0,49,89050.0,82,89100.0,218,88900.0
lc2411,,13:39:41.250#,88900.0,89450.0,88200.0,0.0,0.0,71686,194058.0,88650.0,44,88700.0,109,88750.0,49,88800.0,102,88850.0,151,88900.0,79,88950.0,99,89000.0,49,89050.0,82,89100.0,218,88900.0
lc2411,,13:39:41.694#,88900.0,89450.0,88200.0,0.0,0.0,71686,194058.0,88650.0,44,88700.0,109,88750.0,49,88800.0,102,88850.0,151,88900.0,79,88950.0,99,89000.0,49,89050.0,82,89100.0,218,88900.0
lc2411,,13:39:42.245#,88900.0,89450.0,88200.0,0.0,0.0,71686,194058.0,88650.0,44,88700.0,109,88750.0,49,88800.0,102,88850.0,150,88900.0,79,88950.0,99,89000.0,49,89050.0,82,89100.0,218,88900.0
lc2411,,13:39:42.533#,88900.0,89450.0,88200.0,0.0,0.0,71686,194058.0,88650.0,44,88700.0,109,88750.0,49,88800.0,102,88850.0,151,88900.0,80,88950.0,99,89000.0,49,89050.0,82,89100.0,218,88900.0
lc2411,,13:39:42.533#,88900.0,89450.0,88200.0,97900.0,80100.0,71686,194058.0,0.0,0,0.0,0,0.0,0,0.0,0,88850.0,151,88900.0,80,0.0,0,0.0,0,0.0,0,0.0,0,88900.0
lc2411,,13:39:42.974#,88900.0,89450.0,88200.0,0.0,0.0,71707,194039.0,88650.0,44,88700.0,109,88750.0,49,88800.0,102,88850.0,131,88900.0,79,88950.0,99,89000.0,49,89050.0,82,89100.0,218,88850.0
lc2411,,13:39:43.71#,88900.0,89450.0,88200.0,97900.0,80100.0,71707,194039.0,0.0,0,0.0,0,0.0,0,0.0,0,88850.0,131,88900.0,79,0.0,0,0.0,0,0.0,0,0.0,0,88850.0
lc2411,,13:39:43.71#,88900.0,89450.0,88200.0,0.0,0.0,71707,194039.0,88650.0,44,88700.0,109,88750.0,48,88800.0,102,88850.0,131,88900.0,79,88950.0,99,89000.0,49,89050.0,82,89100.0,218,88850.0
lc2411,,13:39:44.276#,88900.0,89450.0,88200.0,0.0,0.0,71709,194039.0,88650.0,44,88700.0,114,88750.0,48,88800.0,102,88850.0,129,88900.0,79,88950.0,99,89000.0,49,89050.0,80,89100.0,218,88850.0
lc2411,,13:39:44.543#,88900.0,89450.0,88200.0,0.0,0.0,71709,194039.0,88650.0,44,88700.0,114,88750.0,48,88800.0,102,88850.0,129,88900.0,79,88950.0,99,89000.0,51,89050.0,80,89100.0,218,88850.0
lc2411,,13:39:44.593#,88900.0,89450.0,88200.0,97900.0,80100.0,71709,194039.0,0.0,0,0.0,0,0.0,0,0.0,0,88850.0,129,88900.0,79,0.0,0,0.0,0,0.0,0,0.0,0,88850.0
lc2411,,13:39:44.593#,88900.0,89450.0,88200.0,0.0,0.0,71709,194039.0,88650.0,44,88700.0,114,88750.0,48,88800.0,102,88850.0,129,88900.0,79,88950.0,99,89000.0,52,89050.0,80,89100.0,218,88850.0
lc2411,,13:39:44.840#,88900.0,89450.0,88200.0,0.0,0.0,71714,194036.0,88650.0,44,88700.0,114,88750.0,48,88800.0,102,88850.0,124,88900.0,79,88950.0,99,89000.0,52,89050.0,80,89100.0,218,88850.0
lc2411,,13:39:44.840#,88900.0,89450.0,88200.0,97900.0,80100.0,71714,194036.0,0.0,0,0.0,0,0.0,0,0.0,0,88850.0,124,88900.0,79,0.0,0,0.0,0,0.0,0,0.0,0,88850.0
lc2411,,13:39:46.51#,88900.0,89450.0,88200.0,0.0,0.0,71716,194036.0,88650.0,44,88700.0,114,88750.0,48,88800.0,102,88850.0,123,88900.0,78,88950.0,99,89000.0,52,89050.0,80,89100.0,218,88850.0
lc2411,,13:39:46.121#,88900.0,89450.0,88200.0,97900.0,80100.0,71719,194036.0,0.0,0,0.0,0,0.0,0,0.0,0,88850.0,120,88900.0,78,0.0,0,0.0,0,0.0,0,0.0,0,88850.0
lc2411,,13:39:46.121#,88900.0,89450.0,88200.0,0.0,0.0,71719,194036.0,88650.0,44,88700.0,114,88750.0,48,88800.0,102,88850.0,120,88900.0,78,88950.0,99,89000.0,52,89050.0,80,89100.0,218,88850.0
lc2411,,13:39:46.524#,88900.0,89450.0,88200.0,0.0,0.0,71719,194036.0,88650.0,43,88700.0,114,88750.0,48,88800.0,102,88850.0,120,88900.0,78,88950.0,99,89000.0,52,89050.0,80,89100.0,218,88850.0
lc2411,,13:39:46.611#,88900.0,89450.0,88200.0,97900.0,80100.0,71720,194037.0,0.0,0,0.0,0,0.0,0,0.0,0,88850.0,119,88900.0,78,0.0,0,0.0,0,0.0,0,0.0,0,88850.0
lc2411,,13:39:46.611#,88900.0,89450.0,88200.0,0.0,0.0,71720,194037.0,88650.0,43,88700.0,114,88750.0,48,88800.0,102,88850.0,119,88900.0,78,88950.0,99,89000.0,52,89050.0,80,89100.0,218,88850.0
lc2411,,13:39:47.26#,88900.0,89450.0,88200.0,0.0,0.0,71721,194037.0,88650.0,43,88700.0,114,88750.0,48,88800.0,104,88850.0,118,88900.0,78,88950.0,101,89000.0,52,89050.0,80,89100.0,219,88850.0
lc2411,,13:39:47.26#,88900.0,89450.0,88200.0,97900.0,80100.0,71721,194037.0,0.0,0,0.0,0,0.0,0,0.0,0,88850.0,118,88900.0,78,0.0,0,0.0,0,0.0,0,0.0,0,88850.0
lc2411,,13:39:47.172#,88900.0,89450.0,88200.0,0.0,0.0,71721,194037.0,88650.0,43,88700.0,114,88750.0,48,88800.0,104,88850.0,118,88900.0,73,88950.0,101,89000.0,52,89050.0,80,89100.0,219,88850.0
lc2411,,13:39:47.504#,88900.0,89450.0,88200.0,0.0,0.0,71771,194056.0,88650.0,43,88700.0,114,88750.0,48,88800.0,104,88850.0,68,88900.0,73,88950.0,101,89000.0,52,89050.0,80,89100.0,219,88850.0
lc2411,,13:39:47.573#,88900.0,89450.0,88200.0,97900.0,80100.0,71772,194056.0,0.0,0,0.0,0,0.0,0,0.0,0,88850.0,67,88900.0,73,0.0,0,0.0,0,0.0,0,0.0,0,88850.0
lc2411,,13:39:47.788#,88900.0,89450.0,88200.0,0.0,0.0,71822,194074.0,88650.0,43,88700.0,114,88750.0,47,88800.0,103,88850.0,17,88900.0,74,88950.0,102,89000.0,52,89050.0,80,89100.0,219,88850.0
lc2411,,13:39:48.26#,88900.0,89450.0,88200.0,0.0,0.0,71840,194085.0,88600.0,242,88650.0,43,88700.0,114,88750.0,47,88800.0,103,88850.0,30,88900.0,74,88950.0,104,89000.0,52,89050.0,79,88850.0
lc2411,,13:39:48.86#,88900.0,89450.0,88200.0,97900.0,80100.0,71840,194085.0,0.0,0,0.0,0,0.0,0,0.0,0,88800.0,102,88850.0,27,0.0,0,0.0,0,0.0,0,0.0,0,88850.0
lc2411,,13:39:48.247#,88900.0,89450.0,88200.0,0.0,0.0,71840,194085.0,88600.0,242,88650.0,43,88700.0,114,88750.0,45,88800.0,104,88850.0,30,88900.0,78,88950.0,101,89000.0,48,89050.0,80,88850.0
lc2411,,13:39:48.569#,88900.0,89450.0,88200.0,0.0,0.0,71841,194085.0,88600.0,242,88650.0,43,88700.0,114,88750.0,45,88800.0,106,88850.0,30,88900.0,75,88950.0,101,89000.0,48,89050.0,80,88800.0
lc2411,,13:39:48.578#,88900.0,89450.0,88200.0,97900.0,80100.0,71841,194085.0,0.0,0,0.0,0,0.0,0,0.0,0,88800.0,106,88850.0,30,0.0,0,0.0,0,0.0,0,0.0,0,88800.0
lc2411,,13:39:48.789#,88900.0,89450.0,88200.0,0.0,0.0,71847,194084.0,88600.0,242,88650.0,43,88700.0,114,88750.0,45,88800.0,98,88850.0,30,88900.0,74,88950.0,110,89000.0,48,89050.0,80,88800.0
lc2411,,13:39:49.65#,88900.0,89450.0,88200.0,0.0,0.0,71848,194085.0,88600.0,242,88650.0,43,88700.0,114,88750.0,45,88800.0,97,88850.0,33,88900.0,74,88950.0,111,89000.0,48,89050.0,80,88800.0
lc2411,,13:39:49.122#,88900.0,89450.0,88200.0,97900.0,80100.0,71848,194085.0,0.0,0,0.0,0,0.0,0,0.0,0,88800.0,97,88850.0,33,0.0,0,0.0,0,0.0,0,0.0,0,88800.0
lc2411,,13:39:49.166#,88900.0,89450.0,88200.0,0.0,0.0,71848,194085.0,88600.0,242,88650.0,43,88700.0,114,88750.0,45,88800.0,97,88850.0,33,88900.0,74,88950.0,111,89000.0,48,89050.0,80,88800.0
lc2411,,13:39:49.558#,88900.0,89450.0,88200.0,0.0,0.0,71848,194085.0,88600.0,242,88650.0,43,88700.0,114,88750.0,45,88800.0,97,88850.0,33,88900.0,74,88950.0,111,89000.0,48,89050.0,80,88800.0
lc2411,,13:39:49.699#,88900.0,89450.0,88200.0,0.0,0.0,71848,194085.0,88600.0,242,88650.0,43,88700.0,114,88750.0,45,88800.0,97,88850.0,33,88900.0,74,88950.0,111,89000.0,48,89050.0,80,88800.0
lc2411,,13:39:50.152#,88900.0,89450.0,88200.0,0.0,0.0,71849,194085.0,88600.0,242,88650.0,43,88700.0,114,88750.0,45,88800.0,96,88850.0,33,88900.0,74,88950.0,111,89000.0,48,89050.0,80,88800.0
lc2411,,13:39:50.152#,88900.0,89450.0,88200.0,97900.0,80100.0,71849,194085.0,0.0,0,0.0,0,0.0,0,0.0,0,88800.0,96,88850.0,33,0.0,0,0.0,0,0.0,0,0.0,0,88800.0
lc2411,,13:39:50.752#,88900.0,89450.0,88200.0,0.0,0.0,71849,194085.0,88600.0,242,88650.0,43,88700.0,114,88750.0,45,88800.0,98,88850.0,31,88900.0,74,88950.0,111,89000.0,48,89050.0,80,88800.0
lc2411,,13:39:50.752#,88900.0,89450.0,88200.0,97900.0,80100.0,71849,194085.0,0.0,0,0.0,0,0.0,0,0.0,0,88800.0,98,88850.0,31,0.0,0,0.0,0,0.0,0,0.0,0,88800.0
lc2411,,13:39:51.316#,88900.0,89450.0,88200.0,0.0,0.0,71849,194085.0,88600.0,242,88650.0,43,88700.0,114,88750.0,46,88800.0,98,88850.0,31,88900.0,74,88950.0,111,89000.0,48,89050.0,80,88800.0
lc2411,,13:39:51.435#,88900.0,89450.0,88200.0,0.0,0.0,71850,194085.0,88600.0,242,88650.0,43,88700.0,114,88750.0,46,88800.0,97,88850.0,31,88900.0,74,88950.0,112,89000.0,48,89050.0,80,88800.0
lc2411,,13:39:51.435#,88900.0,89450.0,88200.0,97900.0,80100.0,71850,194085.0,0.0,0,0.0,0,0.0,0,0.0,0,88800.0,97,88850.0,31,0.0,0,0.0,0,0.0,0,0.0,0,88800.0
lc2411,,13:39:51.816#,88900.0,89450.0,88200.0,0.0,0.0,71850,194085.0,88600.0,242,88650.0,43,88700.0,114,88750.0,46,88800.0,98,88850.0,31,88900.0,74,88950.0,112,89000.0,48,89050.0,80,88800.0
lc2411,,13:39:52.53#,88900.0,89450.0,88200.0,0.0,0.0,71850,194085.0,88600.0,242,88650.0,43,88700.0,114,88750.0,46,88800.0,98,88850.0,31,88900.0,68,88950.0,112,89000.0,48,89050.0,80,88800.0
lc2411,,13:39:52.113#,88900.0,89450.0,88200.0,97900.0,80100.0,71850,194085.0,0.0,0,0.0,0,0.0,0,0.0,0,88800.0,98,88850.0,31,0.0,0,0.0,0,0.0,0,0.0,0,88800.0
lc2411,,13:39:52.113#,88900.0,89450.0,88200.0,0.0,0.0,71850,194085.0,88600.0,242,88650.0,43,88700.0,114,88750.0,46,88800.0,98,88850.0,31,88900.0,67,88950.0,112,89000.0,48,89050.0,80,88800.0
lc2411,,13:39:52.551#,88900.0,89450.0,88200.0,0.0,0.0,71852,194085.0,88600.0,242,88650.0,43,88700.0,114,88750.0,46,88800.0,96,88850.0,31,88900.0,67,88950.0,112,89000.0,47,89050.0,80,88800.0
lc2411,,13:39:52.588#,88900.0,89450.0,88200.0,97900.0,80100.0,71852,194085.0,0.0,0,0.0,0,0.0,0,0.0,0,88800.0,96,88850.0,33,0.0,0,0.0,0,0.0,0,0.0,0,88800.0
lc2411,,13:39:52.588#,88900.0,89450.0,88200.0,0.0,0.0,71852,194085.0,88600.0,242,88650.0,43,88700.0,114,88750.0,46,88800.0,96,88850.0,33,88900.0,67,88950.0,112,89000.0,47,89050.0,80,88800.0
lc2411,,13:39:53.2#,88900.0,89450.0,88200.0,0.0,0.0,71855,194086.0,88600.0,242,88650.0,43,88700.0,114,88750.0,46,88800.0,93,88850.0,20,88900.0,69,88950.0,113,89000.0,47,89050.0,80,88800.0
lc2411,,13:39:53.70#,88900.0,89450.0,88200.0,97900.0,80100.0,71855,194086.0,0.0,0,0.0,0,0.0,0,0.0,0,88800.0,93,88850.0,20,0.0,0,0.0,0,0.0,0,0.0,0,88800.0
lc2411,,13:39:53.70#,88900.0,89450.0,88200.0,0.0,0.0,71855,194086.0,88600.0,242,88650.0,43,88700.0,114,88750.0,46,88800.0,93,88850.0,20,88900.0,69,88950.0,113,89000.0,47,89050.0,80,88800.0
lc2411,,13:39:53.420#,88900.0,89450.0,88200.0,0.0,0.0,71855,194086.0,88600.0,242,88650.0,43,88700.0,114,88750.0,46,88800.0,94,88850.0,19,88900.0,69,88950.0,113,89000.0,47,89050.0,80,88800.0
lc2411,,13:39:53.571#,88900.0,89450.0,88200.0,97900.0,80100.0,71855,194086.0,0.0,0,0.0,0,0.0,0,0.0,0,88800.0,94,88850.0,16,0.0,0,0.0,0,0.0,0,0.0,0,88800.0
lc2411,,13:39:53.571#,88900.0,89450.0,88200.0,0.0,0.0,71855,194086.0,88600.0,242,88650.0,43,88700.0,114,88750.0,47,88800.0,94,88850.0,16,88900.0,69,88950.0,113,89000.0,47,89050.0,80,88800.0
lc2411,,13:39:54.188#,88900.0,89450.0,88200.0,0.0,0.0,71855,194086.0,88600.0,242,88650.0,43,88700.0,114,88750.0,47,88800.0,94,88850.0,16,88900.0,68,88950.0,114,89000.0,47,89050.0,80,88800.0
lc2411,,13:39:54.634#,88900.0,89450.0,88200.0,0.0,0.0,71856,194086.0,88600.0,242,88650.0,43,88700.0,114,88750.0,47,88800.0,93,88850.0,16,88900.0,68,88950.0,114,89000.0,47,89050.0,80,88800.0
lc2411,,13:39:54.925#,88900.0,89450.0,88200.0,0.0,0.0,71856,194086.0,88600.0,242,88650.0,43,88700.0,114,88750.0,47,88800.0,93,88850.0,46,88900.0,68,88950.0,114,89000.0,47,89050.0,80,88800.0
lc2411,,13:39:55.71#,88900.0,89450.0,88200.0,97900.0,80100.0,71856,194086.0,0.0,0,0.0,0,0.0,0,0.0,0,88800.0,93,88850.0,46,0.0,0,0.0,0,0.0,0,0.0,0,88800.0
lc2411,,13:39:55.184#,88900.0,89450.0,88200.0,0.0,0.0,71856,194086.0,88600.0,242,88650.0,44,88700.0,114,88750.0,46,88800.0,94,88850.0,46,88900.0,68,88950.0,114,89000.0,47,89050.0,80,88800.0
lc2411,,13:39:55.184#,88900.0,89450.0,88200.0,97900.0,80100.0,71856,194086.0,0.0,0,0.0,0,0.0,0,0.0,0,88800.0,94,88850.0,46,0.0,0,0.0,0,0.0,0,0.0,0,88800.0
lc2411,,13:39:55.987#,88900.0,89450.0,88200.0,0.0,0.0,71858,194086.0,88600.0,242,88650.0,44,88700.0,114,88750.0,46,88800.0,93,88850.0,45,88900.0,68,88950.0,114,89000.0,47,89050.0,80,88850.0
lc2411,,13:39:55.987#,88900.0,89450.0,88200.0,97900.0,80100.0,71858,194086.0,0.0,0,0.0,0,0.0,0,0.0,0,88800.0,93,88850.0,45,0.0,0,0.0,0,0.0,0,0.0,0,88850.0
lc2411,,13:39:56.224#,88900.0,89450.0,88200.0,0.0,0.0,71860,194085.0,88600.0,242,88650.0,44,88700.0,114,88750.0,46,88800.0,92,88850.0,44,88900.0,68,88950.0,114,89000.0,47,89050.0,85,88800.0
lc2411,,13:39:56.224#,88900.0,89450.0,88200.0,97900.0,80100.0,71860,194085.0,0.0,0,0.0,0,0.0,0,0.0,0,88800.0,92,88850.0,44,0.0,0,0.0,0,0.0,0,0.0,0,88800.0
lc2411,,13:39:56.718#,88900.0,89450.0,88200.0,0.0,0.0,71865,194090.0,88600.0,242,88650.0,44,88700.0,114,88750.0,46,88800.0,90,88850.0,44,88900.0,68,88950.0,114,89000.0,47,89050.0,85,88800.0
lc2411,,13:39:56.882#,88900.0,89450.0,88200.0,0.0,0.0,71865,194090.0,88600.0,242,88650.0,44,88700.0,114,88750.0,46,88800.0,90,88850.0,45,88900.0,68,88950.0,114,89000.0,47,89050.0,85,88800.0
lc2411,,13:39:57.117#,88900.0,89450.0,88200.0,97900.0,80100.0,71865,194090.0,0.0,0,0.0,0,0.0,0,0.0,0,88800.0,90,88850.0,45,0.0,0,0.0,0,0.0,0,0.0,0,88800.0
lc2411,,13:39:57.229#,88900.0,89450.0,88200.0,0.0,0.0,71867,194089.0,88600.0,242,88650.0,44,88700.0,114,88750.0,60,88800.0,88,88850.0,45,88900.0,68,88950.0,114,89000.0,47,89050.0,85,88800.0
lc2411,,13:39:57.320#,88900.0,89450.0,88200.0,0.0,0.0,71873,194085.0,88600.0,242,88650.0,44,88700.0,114,88750.0,60,88800.0,82,88850.0,45,88900.0,68,88950.0,114,89000.0,47,89050.0,85,88800.0
lc2411,,13:39:57.320#,88900.0,89450.0,88200.0,97900.0,80100.0,71873,194085.0,0.0,0,0.0,0,0.0,0,0.0,0,88800.0,82,88850.0,45,0.0,0,0.0,0,0.0,0,0.0,0,88800.0
lc2411,,13:39:57.718#,88900.0,89450.0,88200.0,0.0,0.0,71873,194085.0,88600.0,242,88650.0,44,88700.0,114,88750.0,60,88800.0,83,88850.0,45,88900.0,68,88950.0,114,89000.0,47,89050.0,85,88800.0
lc2411,,13:39:57.990#,88900.0,89450.0,88200.0,0.0,0.0,71873,194085.0,88600.0,242,88650.0,44,88700.0,114,88750.0,60,88800.0,83,88850.0,45,88900.0,68,88950.0,114,89000.0,47,89050.0,84,88800.0
lc2411,,13:39:57.990#,88900.0,89450.0,88200.0,97900.0,80100.0,71873,194085.0,0.0,0,0.0,0,0.0,0,0.0,0,88800.0,83,88850.0,45,0.0,0,0.0,0,0.0,0,0.0,0,88800.0
lc2411,,13:39:58.196#,88900.0,89450.0,88200.0,0.0,0.0,71873,194085.0,88600.0,242,88650.0,44,88700.0,114,88750.0,60,88800.0,85,88850.0,45,88900.0,68,88950.0,114,89000.0,47,89050.0,84,88800.0
lc2411,,13:39:58.196#,88900.0,89450.0,88200.0,97900.0,80100.0,71873,194085.0,0.0,0,0.0,0,0.0,0,0.0,0,88800.0,85,88850.0,45,0.0,0,0.0,0,0.0,0,0.0,0,88800.0
lc2411,,13:39:58.775#,88900.0,89450.0,88200.0,0.0,0.0,71873,194085.0,88600.0,242,88650.0,44,88700.0,114,88750.0,60,88800.0,85,88850.0,48,88900.0,68,88950.0,114,89000.0,47,89050.0,84,88800.0
lc2411,,13:39:59.18#,88900.0,89450.0,88200.0,0.0,0.0,71874,194085.0,88600.0,242,88650.0,44,88700.0,114,88750.0,60,88800.0,84,88850.0,48,88900.0,68,88950.0,114,89000.0,47,89050.0,84,88800.0
lc2411,,13:39:59.18#,88900.0,89450.0,88200.0,97900.0,80100.0,71874,194085.0,0.0,0,0.0,0,0.0,0,0.0,0,88800.0,84,88850.0,48,0.0,0,0.0,0,0.0,0,0.0,0,88800.0
lc2411,,13:39:59.185#,88900.0,89450.0,88200.0,0.0,0.0,71874,194085.0,88600.0,242,88650.0,44,88700.0,114,88750.0,62,88800.0,84,88850.0,48,88900.0,68,88950.0,114,89000.0,47,89050.0,84,88800.0
lc2411,,13:39:59.489#,88900.0,89450.0,88200.0,0.0,0.0,71882,194077.0,88600.0,242,88650.0,44,88700.0,114,88750.0,62,88800.0,75,88850.0,48,88900.0,48,88950.0,114,89000.0,47,89050.0,84,88800.0
lc2411,,13:39:59.489#,88900.0,89450.0,88200.0,97900.0,80100.0,71882,194077.0,0.0,0,0.0,0,0.0,0,0.0,0,88800.0,75,88850.0,48,0.0,0,0.0,0,0.0,0,0.0,0,88800.0
lc2411,,13:39:59.672#,88900.0,89450.0,88200.0,0.0,0.0,71882,194077.0,88600.0,242,88650.0,44,88700.0,114,88750.0,62,88800.0,75,88850.0,49,88900.0,48,88950.0,114,89000.0,47,89050.0,84,88800.0
lc2411,,13:39:59.909#,88900.0,89450.0,88200.0,0.0,0.0,71884,194075.0,88600.0,242,88650.0,44,88700.0,114,88750.0,62,88800.0,73,88850.0,49,88900.0,48,88950.0,114,89000.0,47,89050.0,84,88800.0
lc2411,,13:39:59.909#,88900.0,89450.0,88200.0,97900.0,80100.0,71884,194075.0,0.0,0,0.0,0,0.0,0,0.0,0,88800.0,73,88850.0,49,0.0,0,0.0,0,0.0,0,0.0,0,88800.0
lc2411,,13:40:00.193#,88900.0,89450.0,88200.0,0.0,0.0,71884,194075.0,88600.0,242,88650.0,44,88700.0,114,88750.0,62,88800.0,73,88850.0,50,88900.0,48,88950.0,114,89000.0,47,89050.0,84,88800.0
lc2411,,13:40:00.600#,88900.0,89450.0,88200.0,97900.0,80100.0,71884,194075.0,0.0,0,0.0,0,0.0,0,0.0,0,88800.0,73,88850.0,51,0.0,0,0.0,0,0.0,0,0.0,0,88800.0
lc2411,,13:40:00.776#,88900.0,89450.0,88200.0,0.0,0.0,71886,194073.0,88600.0,242,88650.0,44,88700.0,114,88750.0,62,88800.0,71,88850.0,51,88900.0,48,88950.0,114,89000.0,47,89050.0,84,88800.0
lc2411,,13:40:00.776#,88900.0,89450.0,88200.0,97900.0,80100.0,71886,194073.0,0.0,0,0.0,0,0.0,0,0.0,0,88800.0,71,88850.0,51,0.0,0,0.0,0,0.0,0,0.0,0,88800.0
lc2411,,13:40:01.161#,88900.0,89450.0,88200.0,0.0,0.0,71933,194040.0,88600.0,242,88650.0,44,88700.0,114,88750.0,62,88800.0,24,88850.0,51,88900.0,48,88950.0,114,89000.0,47,89050.0,84,88800.0
lc2411,,13:40:01.490#,88900.0,89450.0,88200.0,0.0,0.0,71963,194032.0,88550.0,310,88600.0,242,88650.0,44,88700.0,114,88750.0,63,88800.0,2,88850.0,51,88900.0,49,88950.0,104,89000.0,47,88800.0
lc2411,,13:40:01.574#,88900.0,89450.0,88200.0,97900.0,80100.0,71963,194032.0,0.0,0,0.0,0,0.0,0,0.0,0,88750.0,64,88800.0,5,0.0,0,0.0,0,0.0,0,0.0,0,88800.0
lc2411,,13:40:01.819#,88900.0,89450.0,88200.0,0.0,0.0,71965,194032.0,88550.0,310,88600.0,242,88650.0,44,88700.0,114,88750.0,101,88800.0,4,88850.0,51,88900.0,49,88950.0,101,89000.0,46,88800.0
lc2411,,13:40:02.32#,88900.0,89450.0,88200.0,0.0,0.0,71977,194026.0,88550.0,310,88600.0,242,88650.0,44,88700.0,114,88750.0,116,88800.0,3,88850.0,51,88900.0,49,88950.0,101,89000.0,46,88800.0
lc2411,,13:40:02.72#,88900.0,89450.0,88200.0,97900.0,80100.0,71980,194026.0,0.0,0,0.0,0,0.0,0,0.0,0,88800.0,23,88850.0,51,0.0,0,0.0,0,0.0,0,0.0,0,88800.0
lc2411,,13:40:02.317#,88900.0,89450.0,88200.0,0.0,0.0,71981,194025.0,88600.0,242,88650.0,44,88700.0,114,88750.0,114,88800.0,63,88850.0,49,88900.0,49,88950.0,101,89000.0,46,89050.0,87,88800.0
lc2411,,13:40:02.351#,88900.0,89450.0,88200.0,0.0,0.0,71982,194025.0,88600.0,242,88650.0,44,88700.0,114,88750.0,113,88800.0,66,88850.0,49,88900.0,48,88950.0,115,89000.0,46,89050.0,86,88800.0
lc2411,,13:40:02.576#,88900.0,89450.0,88200.0,97900.0,80100.0,71982,194025.0,0.0,0,0.0,0,0.0,0,0.0,0,88800.0,66,88850.0,49,0.0,0,0.0,0,0.0,0,0.0,0,88800.0
lc2411,,13:40:02.816#,88900.0,89450.0,88200.0,0.0,0.0,71982,194025.0,88600.0,242,88650.0,44,88700.0,114,88750.0,114,88800.0,68,88850.0,49,88900.0,46,88950.0,112,89000.0,46,89050.0,86,88800.0
lc2411,,13:40:02.863#,88900.0,89450.0,88200.0,0.0,0.0,71983,194024.0,88600.0,242,88650.0,44,88700.0,114,88750.0,114,88800.0,68,88850.0,48,88900.0,46,88950.0,112,89000.0,46,89050.0,86,88850.0
lc2411,,13:40:03.71#,88900.0,89450.0,88200.0,97900.0,80100.0,71983,194024.0,0.0,0,0.0,0,0.0,0,0.0,0,88800.0,68,88850.0,42,0.0,0,0.0,0,0.0,0,0.0,0,88850.0
lc2411,,13:40:03.207#,88900.0,89450.0,88200.0,0.0,0.0,71983,194024.0,88600.0,242,88650.0,44,88700.0,114,88750.0,114,88800.0,69,88850.0,44,88900.0,46,88950.0,110,89000.0,46,89050.0,86,88850.0
lc2411,,13:40:03.552#,88900.0,89450.0,88200.0,0.0,0.0,71984,194023.0,88600.0,242,88650.0,44,88700.0,114,88750.0,114,88800.0,68,88850.0,44,88900.0,46,88950.0,110,89000.0,46,89050.0,86,88800.0
lc2411,,13:40:03.552#,88900.0,89450.0,88200.0,97900.0,80100.0,71984,194023.0,0.0,0,0.0,0,0.0,0,0.0,0,88800.0,68,88850.0,44,0.0,0,0.0,0,0.0,0,0.0,0,88800.0
lc2411,,13:40:03.790#,88900.0,89450.0,88200.0,0.0,0.0,71984,194023.0,88600.0,242,88650.0,44,88700.0,114,88750.0,114,88800.0,68,88850.0,44,88900.0,45,88950.0,110,89000.0,46,89050.0,86,88800.0
lc2411,,13:40:04.48#,88900.0,89450.0,88200.0,0.0,0.0,71985,194022.0,88600.0,242,88650.0,44,88700.0,114,88750.0,114,88800.0,67,88850.0,44,88900.0,45,88950.0,110,89000.0,46,89050.0,86,88800.0
lc2411,,13:40:04.48#,88900.0,89450.0,88200.0,97900.0,80100.0,71985,194022.0,0.0,0,0.0,0,0.0,0,0.0,0,88800.0,67,88850.0,44,0.0,0,0.0,0,0.0,0,0.0,0,88800.0
lc2411,,13:40:04.511#,88900.0,89450.0,88200.0,0.0,0.0,71986,194021.0,88600.0,242,88650.0,44,88700.0,114,88750.0,114,88800.0,66,88850.0,44,88900.0,46,88950.0,110,89000.0,46,89050.0,86,88800.0
lc2411,,13:40:04.617#,88900.0,89450.0,88200.0,97900.0,80100.0,71987,194020.0,0.0,0,0.0,0,0.0,0,0.0,0,88800.0,65,88850.0,44,0.0,0,0.0,0,0.0,0,0.0,0,88800.0
lc2411,,13:40:04.704#,88900.0,89450.0,88200.0,0.0,0.0,71987,194020.0,88600.0,242,88650.0,89,88700.0,114,88750.0,114,88800.0,67,88850.0,44,88900.0,47,88950.0,110,89000.0,46,89050.0,86,88800.0
lc2411,,13:40:05.62#,88900.0,89450.0,88200.0,0.0,0.0,71987,194020.0,88600.0,242,88650.0,90,88700.0,114,88750.0,114,88800.0,67,88850.0,45,88900.0,47,88950.0,110,89000.0,46,89050.0,86,88800.0
lc2411,,13:40:05.71#,88900.0,89450.0,88200.0,97900.0,80100.0,71987,194020.0,0.0,0,0.0,0,0.0,0,0.0,0,88800.0,64,88850.0,45,0.0,0,0.0,0,0.0,0,0.0,0,88800.0
lc2411,,13:40:05.177#,88900.0,89450.0,88200.0,0.0,0.0,71987,194020.0,88600.0,242,88650.0,90,88700.0,114,88750.0,114,88800.0,64,88850.0,46,88900.0,45,88950.0,110,89000.0,46,89050.0,86,88800.0
lc2411,,13:40:05.177#,88900.0,89450.0,88200.0,97900.0,80100.0,71987,194020.0,0.0,0,0.0,0,0.0,0,0.0,0,88800.0,64,88850.0,46,0.0,0,0.0,0,0.0,0,0.0,0,88800.0
lc2411,,13:40:05.666#,88900.0,89450.0,88200.0,0.0,0.0,72008,194007.0,88600.0,242,88650.0,90,88700.0,114,88750.0,114,88800.0,43,88850.0,46,88900.0,45,88950.0,110,89000.0,46,89050.0,86,88800.0
lc2411,,13:40:06.47#,88900.0,89450.0,88200.0,0.0,0.0,72009,194008.0,88600.0,242,88650.0,90,88700.0,114,88750.0,113,88800.0,41,88850.0,46,88900.0,45,88950.0,110,89000.0,46,89050.0,86,88800.0
lc2411,,13:40:06.70#,88900.0,89450.0,88200.0,97900.0,80100.0,72009,194008.0,0.0,0,0.0,0,0.0,0,0.0,0,88800.0,40,88850.0,46,0.0,0,0.0,0,0.0,0,0.0,0,88800.0
lc2411,,13:40:06.70#,88900.0,89450.0,88200.0,0.0,0.0,72009,194008.0,88600.0,242,88650.0,90,88700.0,114,88750.0,113,88800.0,40,88850.0,46,88900.0,45,88950.0,110,89000.0,46,89050.0,86,88800.0
lc2411,,13:40:06.515#,88900.0,89450.0,88200.0,0.0,0.0,72009,194008.0,88600.0,242,88650.0,90,88700.0,114,88750.0,113,88800.0,40,88850.0,46,88900.0,45,88950.0,110,89000.0,46,89050.0,86,88800.0
lc2411,,13:40:06.570#,88900.0,89450.0,88200.0,97900.0,80100.0,72009,194008.0,0.0,0,0.0,0,0.0,0,0.0,0,88800.0,41,88850.0,46,0.0,0,0.0,0,0.0,0,0.0,0,88800.0
lc2411,,13:40:06.570#,88900.0,89450.0,88200.0,0.0,0.0,72009,194008.0,88600.0,242,88650.0,90,88700.0,114,88750.0,113,88800.0,41,88850.0,46,88900.0,45,88950.0,110,89000.0,46,89050.0,86,88800.0
lc2411,,13:40:06.907#,88900.0,89450.0,88200.0,0.0,0.0,72010,194007.0,88600.0,242,88650.0,90,88700.0,114,88750.0,113,88800.0,67,88850.0,46,88900.0,45,88950.0,110,89000.0,46,89050.0,86,88800.0
lc2411,,13:40:07.71#,88900.0,89450.0,88200.0,97900.0,80100.0,72010,194007.0,0.0,0,0.0,0,0.0,0,0.0,0,88800.0,67,88850.0,46,0.0,0,0.0,0,0.0,0,0.0,0,88800.0
lc2411,,13:40:07.293#,88900.0,89450.0,88200.0,0.0,0.0,72010,194007.0,88600.0,242,88650.0,90,88700.0,114,88750.0,114,88800.0,68,88850.0,46,88900.0,45,88950.0,110,89000.0,46,89050.0,86,88800.0
lc2411,,13:40:07.423#,88900.0,89450.0,88200.0,0.0,0.0,72012,194006.0,88600.0,242,88650.0,90,88700.0,114,88750.0,114,88800.0,67,88850.0,46,88900.0,45,88950.0,110,89000.0,46,89050.0,86,88800.0
lc2411,,13:40:07.423#,88900.0,89450.0,88200.0,97900.0,80100.0,72012,194006.0,0.0,0,0.0,0,0.0,0,0.0,0,88800.0,67,88850.0,46,0.0,0,0.0,0,0.0,0,0.0,0,88800.0
lc2411,,13:40:07.767#,88900.0,89450.0,88200.0,0.0,0.0,72012,194006.0,88600.0,242,88650.0,90,88700.0,114,88750.0,114,88800.0,67,88850.0,46,88900.0,44,88950.0,110,89000.0,46,89050.0,86,88800.0
lc2411,,13:40:07.951#,88900.0,89450.0,88200.0,0.0,0.0,72012,194006.0,88600.0,242,88650.0,90,88700.0,114,88750.0,114,88800.0,69,88850.0,46,88900.0,44,88950.0,110,89000.0,46,89050.0,86,88800.0
lc2411,,13:40:08.109#,88900.0,89450.0,88200.0,97900.0,80100.0,72062,194026.0,0.0,0,0.0,0,0.0,0,0.0,0,88800.0,19,88850.0,46,0.0,0,0.0,0,0.0,0,0.0,0,88800.0
lc2411,,13:40:08.293#,88900.0,89450.0,88200.0,0.0,0.0,72065,194023.0,88600.0,242,88650.0,90,88700.0,114,88750.0,114,88800.0,61,88850.0,46,88900.0,44,88950.0,110,89000.0,46,89050.0,86,88800.0
lc2411,,13:40:08.530#,88900.0,89450.0,88200.0,0.0,0.0,72066,194022.0,88600.0,242,88650.0,90,88700.0,114,88750.0,114,88800.0,63,88850.0,46,88900.0,43,88950.0,110,89000.0,46,89050.0,86,88800.0
lc2411,,13:40:08.602#,88900.0,89450.0,88200.0,97900.0,80100.0,72068,194023.0,0.0,0,0.0,0,0.0,0,0.0,0,88800.0,63,88850.0,44,0.0,0,0.0,0,0.0,0,0.0,0,88850.0
lc2411,,13:40:08.602#,88900.0,89450.0,88200.0,0.0,0.0,72068,194023.0,88600.0,242,88650.0,90,88700.0,114,88750.0,114,88800.0,63,88850.0,44,88900.0,43,88950.0,110,89000.0,46,89050.0,86,88850.0
lc2411,,13:40:08.938#,88900.0,89450.0,88200.0,0.0,0.0,72070,194021.0,88600.0,242,88650.0,90,88700.0,114,88750.0,114,88800.0,61,88850.0,44,88900.0,43,88950.0,110,89000.0,46,89050.0,86,88800.0
lc2411,,13:40:08.938#,88900.0,89450.0,88200.0,97900.0,80100.0,72070,194021.0,0.0,0,0.0,0,0.0,0,0.0,0,88800.0,61,88850.0,44,0.0,0,0.0,0,0.0,0,0.0,0,88800.0
lc2411,,13:40:09.140#,88900.0,89450.0,88200.0,0.0,0.0,72071,194022.0,88600.0,242,88650.0,90,88700.0,114,88750.0,114,88800.0,61,88850.0,44,88900.0,43,88950.0,110,89000.0,46,89050.0,86,88850.0
lc2411,,13:40:09.478#,88900.0,89450.0,88200.0,0.0,0.0,72071,194022.0,88600.0,242,88650.0,90,88700.0,114,88750.0,114,88800.0,61,88850.0,44,88900.0,43,88950.0,110,89000.0,46,89050.0,86,88850.0
lc2411,,13:40:09.478#,88900.0,89450.0,88200.0,97900.0,80100.0,72071,194022.0,0.0,0,0.0,0,0.0,0,0.0,0,88800.0,61,88850.0,44,0.0,0,0.0,0,0.0,0,0.0,0,88850.0
lc2411,,13:40:10.13#,88900.0,89450.0,88200.0,0.0,0.0,72073,194020.0,88600.0,242,88650.0,90,88700.0,114,88750.0,114,88800.0,59,88850.0,44,88900.0,43,88950.0,110,89000.0,46,89050.0,86,88800.0
lc2411,,13:40:10.85#,88900.0,89450.0,88200.0,97900.0,80100.0,72073,194020.0,0.0,0,0.0,0,0.0,0,0.0,0,88800.0,59,88850.0,45,0.0,0,0.0,0,0.0,0,0.0,0,88800.0
lc2411,,13:40:10.85#,88900.0,89450.0,88200.0,0.0,0.0,72073,194020.0,88600.0,242,88650.0,90,88700.0,114,88750.0,114,88800.0,59,88850.0,45,88900.0,43,88950.0,110,89000.0,46,89050.0,86,88800.0
lc2411,,13:40:10.461#,88900.0,89450.0,88200.0,0.0,0.0,72073,194020.0,88600.0,242,88650.0,90,88700.0,114,88750.0,114,88800.0,59,88850.0,50,88900.0,43,88950.0,110,89000.0,46,89050.0,86,88800.0
lc2411,,13:40:10.571#,88900.0,89450.0,88200.0,97900.0,80100.0,72073,194020.0,0.0,0,0.0,0,0.0,0,0.0,0,88800.0,59,88850.0,50,0.0,0,0.0,0,0.0,0,0.0,0,88800.0
lc2411,,13:40:10.571#,88900.0,89450.0,88200.0,0.0,0.0,72073,194020.0,88600.0,242,88650.0,90,88700.0,114,88750.0,113,88800.0,59,88850.0,50,88900.0,43,88950.0,110,89000.0,46,89050.0,86,88800.0
lc2411,,13:40:11.67#,88900.0,89450.0,88200.0,0.0,0.0,72073,194020.0,88600.0,242,88650.0,90,88700.0,115,88750.0,113,88800.0,59,88850.0,50,88900.0,43,88950.0,110,89000.0,46,89050.0,86,88800.0
lc2411,,13:40:11.271#,88900.0,89450.0,88200.0,0.0,0.0,72073,194020.0,88600.0,242,88650.0,90,88700.0,115,88750.0,114,88800.0,59,88850.0,50,88900.0,43,88950.0,109,89000.0,46,89050.0,86,88800.0
lc2411,,13:40:11.430#,88900.0,89450.0,88200.0,0.0,0.0,72074,194020.0,88600.0,242,88650.0,90,88700.0,115,88750.0,114,88800.0,61,88850.0,49,88900.0,43,88950.0,109,89000.0,46,89050.0,86,88850.0
lc2411,,13:40:11.623#,88900.0,89450.0,88200.0,97900.0,80100.0,72074,194020.0,0.0,0,0.0,0,0.0,0,0.0,0,88800.0,64,88850.0,49,0.0,0,0.0,0,0.0,0,0.0,0,88850.0
lc2411,,13:40:11.780#,88900.0,89450.0,88200.0,0.0,0.0,72074,194020.0,88600.0,242,88650.0,90,88700.0,115,88750.0,114,88800.0,64,88850.0,49,88900.0,43,88950.0,108,89000.0,46,89050.0,86,88850.0
lc2411,,13:40:12.61#,88900.0,89450.0,88200.0,0.0,0.0,72076,194022.0,88600.0,242,88650.0,90,88700.0,115,88750.0,114,88800.0,64,88850.0,47,88900.0,43,88950.0,108,89000.0,47,89050.0,86,88850.0
lc2411,,13:40:12.83#,88900.0,89450.0,88200.0,97900.0,80100.0,72076,194022.0,0.0,0,0.0,0,0.0,0,0.0,0,88800.0,64,88850.0,47,0.0,0,0.0,0,0.0,0,0.0,0,88850.0
lc2411,,13:40:12.189#,88900.0,89450.0,88200.0,0.0,0.0,72077,194022.0,88600.0,242,88650.0,90,88700.0,115,88750.0,114,88800.0,64,88850.0,47,88900.0,44,88950.0,108,89000.0,47,89050.0,86,88800.0
lc2411,,13:40:12.479#,88900.0,89450.0,88200.0,0.0,0.0,72078,194022.0,88600.0,242,88650.0,90,88700.0,115,88750.0,114,88800.0,64,88850.0,46,88900.0,44,88950.0,108,89000.0,47,89050.0,86,88850.0
lc2411,,13:40:12.599#,88900.0,89450.0,88200.0,97900.0,80100.0,72078,194022.0,0.0,0,0.0,0,0.0,0,0.0,0,88800.0,65,88850.0,46,0.0,0,0.0,0,0.0,0,0.0,0,88850.0
lc2411,,13:40:12.599#,88900.0,89450.0,88200.0,0.0,0.0,72078,194022.0,88600.0,242,88650.0,90,88700.0,115,88750.0,114,88800.0,65,88850.0,46,88900.0,44,88950.0,108,89000.0,47,89050.0,86,88850.0
lc2411,,13:40:12.991#,88900.0,89450.0,88200.0,0.0,0.0,72078,194022.0,88600.0,242,88650.0,90,88700.0,115,88750.0,114,88800.0,65,88850.0,46,88900.0,45,88950.0,108,89000.0,47,89050.0,86,88850.0
lc2411,,13:40:13.233#,88900.0,89450.0,88200.0,0.0,0.0,72078,194022.0,88600.0,242,88650.0,90,88700.0,115,88750.0,114,88800.0,65,88850.0,46,88900.0,45,88950.0,108,89000.0,47,89050.0,86,88850.0
lc2411,,13:40:13.445#,88900.0,89450.0,88200.0,0.0,0.0,72078,194022.0,88600.0,242,88650.0,90,88700.0,115,88750.0,114,88800.0,65,88850.0,46,88900.0,45,88950.0,108,89000.0,47,89050.0,86,88850.0
lc2411,,13:40:14.94#,88900.0,89450.0,88200.0,97900.0,80100.0,72078,194022.0,0.0,0,0.0,0,0.0,0,0.0,0,88800.0,66,88850.0,46,0.0,0,0.0,0,0.0,0,0.0,0,88850.0
lc2411,,13:40:14.94#,88900.0,89450.0,88200.0,0.0,0.0,72078,194022.0,88600.0,242,88650.0,90,88700.0,115,88750.0,114,88800.0,66,88850.0,46,88900.0,45,88950.0,108,89000.0,47,89050.0,86,88850.0
lc2411,,13:40:14.683#,88900.0,89450.0,88200.0,0.0,0.0,72078,194022.0,88600.0,242,88650.0,90,88700.0,115,88750.0,114,88800.0,66,88850.0,46,88900.0,45,88950.0,108,89000.0,47,89050.0,86,88850.0
lc2411,,13:40:15.204#,88900.0,89450.0,88200.0,0.0,0.0,72078,194022.0,88600.0,242,88650.0,90,88700.0,115,88750.0,114,88800.0,68,88850.0,46,88900.0,45,88950.0,108,89000.0,47,89050.0,86,88850.0
lc2411,,13:40:15.204#,88900.0,89450.0,88200.0,97900.0,80100.0,72078,194022.0,0.0,0,0.0,0,0.0,0,0.0,0,88800.0,68,88850.0,46,0.0,0,0.0,0,0.0,0,0.0,0,88850.0
lc2411,,13:40:15.850#,88900.0,89450.0,88200.0,0.0,0.0,72078,194022.0,88600.0,242,88650.0,90,88700.0,115,88750.0,113,88800.0,68,88850.0,46,88900.0,45,88950.0,108,89000.0,47,89050.0,86,88850.0
lc2411,,13:40:16.233#,88900.0,89450.0,88200.0,0.0,0.0,72078,194022.0,88600.0,242,88650.0,90,88700.0,115,88750.0,113,88800.0,68,88850.0,66,88900.0,25,88950.0,108,89000.0,47,89050.0,86,88850.0
lc2411,,13:40:16.488#,88900.0,89450.0,88200.0,0.0,0.0,72080,194020.0,88600.0,242,88650.0,90,88700.0,115,88750.0,112,88800.0,66,88850.0,66,88900.0,25,88950.0,108,89000.0,47,89050.0,86,88800.0
lc2411,,13:40:16.488#,88900.0,89450.0,88200.0,97900.0,80100.0,72080,194020.0,0.0,0,0.0,0,0.0,0,0.0,0,88800.0,66,88850.0,66,0.0,0,0.0,0,0.0,0,0.0,0,88800.0
lc2411,,13:40:17.324#,88900.0,89450.0,88200.0,0.0,0.0,72080,194020.0,88600.0,242,88650.0,90,88700.0,115,88750.0,112,88800.0,67,88850.0,66,88900.0,25,88950.0,108,89000.0,47,89050.0,86,88800.0
lc2411,,13:40:17.324#,88900.0,89450.0,88200.0,97900.0,80100.0,72080,194020.0,0.0,0,0.0,0,0.0,0,0.0,0,88800.0,67,88850.0,66,0.0,0,0.0,0,0.0,0,0.0,0,88800.0
lc2411,,13:40:18.51#,88900.0,89450.0,88200.0,0.0,0.0,72080,194020.0,88600.0,242,88650.0,90,88700.0,116,88750.0,112,88800.0,67,88850.0,66,88900.0,25,88950.0,108,89000.0,47,89050.0,86,88800.0
lc2411,,13:40:18.535#,88900.0,89450.0,88200.0,0.0,0.0,72081,194020.0,88600.0,242,88650.0,90,88700.0,116,88750.0,112,88800.0,67,88850.0,65,88900.0,25,88950.0,108,89000.0,47,89050.0,86,88850.0
lc2411,,13:40:18.535#,88900.0,89450.0,88200.0,97900.0,80100.0,72081,194020.0,0.0,0,0.0,0,0.0,0,0.0,0,88800.0,67,88850.0,65,0.0,0,0.0,0,0.0,0,0.0,0,88850.0
lc2411,,13:40:18.644#,88900.0,89450.0,88200.0,0.0,0.0,72131,194023.0,88600.0,242,88650.0,90,88700.0,116,88750.0,112,88800.0,17,88850.0,65,88900.0,25,88950.0,108,89000.0,47,89050.0,86,88800.0
lc2411,,13:40:18.825#,88900.0,89450.0,88200.0,0.0,0.0,72148,194014.0,88550.0,312,88600.0,242,88650.0,90,88700.0,116,88750.0,112,88850.0,65,88900.0,25,88950.0,108,89000.0,47,89050.0,86,88800.0
lc2411,,13:40:19.72#,88900.0,89450.0,88200.0,97900.0,80100.0,72148,194014.0,0.0,0,0.0,0,0.0,0,0.0,0,88750.0,112,88850.0,65,0.0,0,0.0,0,0.0,0,0.0,0,88800.0
lc2411,,13:40:19.293#,88900.0,89450.0,88200.0,0.0,0.0,72148,194014.0,88600.0,242,88650.0,90,88700.0,116,88750.0,113,88800.0,4,88850.0,65,88900.0,26,88950.0,101,89000.0,48,89050.0,86,88800.0
lc2411,,13:40:19.437#,88900.0,89450.0,88200.0,0.0,0.0,72148,194014.0,88600.0,243,88650.0,90,88700.0,116,88750.0,112,88800.0,7,88850.0,66,88900.0,26,88950.0,101,89000.0,48,89050.0,86,88800.0
lc2411,,13:40:19.572#,88900.0,89450.0,88200.0,97900.0,80100.0,72148,194014.0,0.0,0,0.0,0,0.0,0,0.0,0,88800.0,7,88850.0,66,0.0,0,0.0,0,0.0,0,0.0,0,88800.0
lc2411,,13:40:19.720#,88900.0,89450.0,88200.0,0.0,0.0,72148,194014.0,88600.0,242,88650.0,90,88700.0,117,88750.0,108,88800.0,9,88850.0,66,88900.0,26,88950.0,101,89000.0,48,89050.0,86,88800.0
lc2411,,13:40:19.960#,88900.0,89450.0,88200.0,0.0,0.0,72148,194014.0,88600.0,242,88650.0,90,88700.0,117,88750.0,108,88800.0,9,88850.0,66,88900.0,26,88950.0,101,89000.0,35,89050.0,86,88800.0
lc2411,,13:40:19.960#,88900.0,89450.0,88200.0,97900.0,80100.0,72148,194014.0,0.0,0,0.0,0,0.0,0,0.0,0,88800.0,9,88850.0,66,0.0,0,0.0,0,0.0,0,0.0,0,88800.0
lc2411,,13:40:20.199#,88900.0,89450.0,88200.0,0.0,0.0,72148,194014.0,88600.0,242,88650.0,90,88700.0,117,88750.0,109,88800.0,11,88850.0,66,88900.0,26,88950.0,101,89000.0,35,89050.0,86,88800.0
lc2411,,13:40:20.392#,88900.0,89450.0,88200.0,0.0,0.0,72149,194014.0,88600.0,242,88650.0,90,88700.0,117,88750.0,109,88800.0,13,88850.0,66,88900.0,26,88950.0,101,89000.0,35,89050.0,86,88800.0
lc2411,,13:40:20.603#,88900.0,89450.0,88200.0,97900.0,80100.0,72149,194014.0,0.0,0,0.0,0,0.0,0,0.0,0,88800.0,11,88850.0,66,0.0,0,0.0,0,0.0,0,0.0,0,88800.0
lc2411,,13:40:20.818#,88900.0,89450.0,88200.0,0.0,0.0,72149,194014.0,88600.0,242,88650.0,89,88700.0,117,88750.0,108,88800.0,13,88850.0,66,88900.0,25,88950.0,111,89000.0,35,89050.0,86,88800.0
lc2411,,13:40:20.821#,88900.0,89450.0,88200.0,0.0,0.0,72149,194014.0,88600.0,242,88650.0,89,88700.0,117,88750.0,108,88800.0,11,88850.0,66,88900.0,25,88950.0,111,89000.0,35,89050.0,86,88800.0
lc2411,,13:40:21.97#,88900.0,89450.0,88200.0,97900.0,80100.0,72149,194014.0,0.0,0,0.0,0,0.0,0,0.0,0,88800.0,14,88850.0,66,0.0,0,0.0,0,0.0,0,0.0,0,88800.0
lc2411,,13:40:21.201#,88900.0,89450.0,88200.0,0.0,0.0,72149,194014.0,88600.0,242,88650.0,89,88700.0,117,88750.0,107,88800.0,12,88850.0,67,88900.0,25,88950.0,111,89000.0,35,89050.0,86,88800.0
lc2411,,13:40:21.538#,88900.0,89450.0,88200.0,0.0,0.0,72153,194015.0,88600.0,242,88650.0,89,88700.0,117,88750.0,107,88800.0,14,88850.0,67,88900.0,19,88950.0,111,89000.0,35,89050.0,86,88800.0
lc2411,,13:40:21.571#,88900.0,89450.0,88200.0,97900.0,80100.0,72153,194015.0,0.0,0,0.0,0,0.0,0,0.0,0,88800.0,16,88850.0,67,0.0,0,0.0,0,0.0,0,0.0,0,88800.0
lc2411,,13:40:21.779#,88900.0,89450.0,88200.0,0.0,0.0,72153,194015.0,88600.0,242,88650.0,89,88700.0,117,88750.0,107,88800.0,17,88850.0,67,88900.0,20,88950.0,111,89000.0,34,89050.0,86,88800.0
lc2411,,13:40:21.991#,88900.0,89450.0,88200.0,0.0,0.0,72154,194015.0,88600.0,242,88650.0,89,88700.0,117,88750.0,107,88800.0,16,88850.0,67,88900.0,20,88950.0,111,89000.0,34,89050.0,86,88800.0
lc2411,,13:40:22.107#,88900.0,89450.0,88200.0,97900.0,80100.0,72154,194015.0,0.0,0,0.0,0,0.0,0,0.0,0,88800.0,16,88850.0,67,0.0,0,0.0,0,0.0,0,0.0,0,88800.0
lc2411,,13:40:22.283#,88900.0,89450.0,88200.0,0.0,0.0,72154,194015.0,88600.0,242,88650.0,89,88700.0,117,88750.0,108,88800.0,18,88850.0,67,88900.0,18,88950.0,111,89000.0,34,89050.0,86,88800.0
lc2411,,13:40:22.321#,88900.0,89450.0,88200.0,0.0,0.0,72154,194015.0,88600.0,242,88650.0,89,88700.0,117,88750.0,108,88800.0,19,88850.0,67,88900.0,18,88950.0,111,89000.0,34,89050.0,86,88800.0
lc2411,,13:40:22.321#,88900.0,89450.0,88200.0,97900.0,80100.0,72154,194015.0,0.0,0,0.0,0,0.0,0,0.0,0,88800.0,19,88850.0,67,0.0,0,0.0,0,0.0,0,0.0,0,88800.0
lc2411,,13:40:22.811#,88900.0,89450.0,88200.0,0.0,0.0,72154,194015.0,88600.0,242,88650.0,89,88700.0,117,88750.0,108,88800.0,19,88850.0,67,88900.0,18,88950.0,111,89000.0,34,89050.0,89,88800.0
lc2411,,13:40:22.987#,88900.0,89450.0,88200.0,0.0,0.0,72154,194015.0,88600.0,242,88650.0,89,88700.0,117,88750.0,108,88800.0,19,88850.0,67,88900.0,19,88950.0,111,89000.0,34,89050.0,89,88800.0
lc2411,,13:40:23.549#,88900.0,89450.0,88200.0,0.0,0.0,72154,194015.0,88600.0,242,88650.0,89,88700.0,117,88750.0,108,88800.0,19,88850.0,67,88900.0,18,88950.0,111,89000.0,34,89050.0,89,88800.0
lc2411,,13:40:23.715#,88900.0,89450.0,88200.0,0.0,0.0,72165,194006.0,88600.0,242,88650.0,89,88700.0,117,88750.0,108,88800.0,8,88850.0,67,88900.0,18,88950.0,111,89000.0,34,89050.0,89,88800.0
lc2411,,13:40:23.821#,88900.0,89450.0,88200.0,0.0,0.0,72165,194006.0,88600.0,242,88650.0,89,88700.0,117,88750.0,108,88800.0,6,88850.0,67,88900.0,18,88950.0,111,89000.0,34,89050.0,89,88800.0
lc2411,,13:40:24.103#,88900.0,89450.0,88200.0,97900.0,80100.0,72170,194001.0,0.0,0,0.0,0,0.0,0,0.0,0,88800.0,6,88850.0,62,0.0,0,0.0,0,0.0,0,0.0,0,88850.0
lc2411,,13:40:24.229#,88900.0,89450.0,88200.0,0.0,0.0,72170,194001.0,88600.0,242,88650.0,89,88700.0,117,88750.0,108,88800.0,10,88850.0,62,88900.0,18,88950.0,111,89000.0,34,89050.0,89,88850.0
lc2411,,13:40:24.321#,88900.0,89450.0,88200.0,0.0,0.0,72170,194001.0,88600.0,242,88650.0,89,88700.0,117,88750.0,108,88800.0,12,88850.0,62,88900.0,18,88950.0,111,89000.0,34,89050.0,89,88850.0
lc2411,,13:40:24.571#,88900.0,89450.0,88200.0,97900.0,80100.0,72170,194001.0,0.0,0,0.0,0,0.0,0,0.0,0,88800.0,17,88850.0,62,0.0,0,0.0,0,0.0,0,0.0,0,88850.0
lc2411,,13:40:24.703#,88900.0,89450.0,88200.0,0.0,0.0,72170,194001.0,88600.0,242,88650.0,89,88700.0,117,88750.0,110,88800.0,19,88850.0,62,88900.0,19,88950.0,111,89000.0,34,89050.0,89,88850.0
lc2411,,13:40:24.703#,88900.0,89450.0,88200.0,97900.0,80100.0,72170,194001.0,0.0,0,0.0,0,0.0,0,0.0,0,88800.0,19,88850.0,62,0.0,0,0.0,0,0.0,0,0.0,0,88850.0
lc2411,,13:40:25.314#,88900.0,89450.0,88200.0,0.0,0.0,72177,194004.0,88600.0,242,88650.0,89,88700.0,117,88750.0,110,88800.0,12,88850.0,62,88900.0,19,88950.0,111,89000.0,34,89050.0,89,88800.0
lc2411,,13:40:25.549#,88900.0,89450.0,88200.0,0.0,0.0,72177,194004.0,88600.0,242,88650.0,89,88700.0,117,88750.0,110,88800.0,13,88850.0,62,88900.0,19,88950.0,109,89000.0,34,89050.0,89,88800.0
lc2411,,13:40:25.615#,88900.0,89450.0,88200.0,97900.0,80100.0,72178,194004.0,0.0,0,0.0,0,0.0,0,0.0,0,88800.0,13,88850.0,61,0.0,0,0.0,0,0.0,0,0.0,0,88850.0
lc2411,,13:40:25.790#,88900.0,89450.0,88200.0,0.0,0.0,72179,194004.0,88600.0,242,88650.0,94,88700.0,117,88750.0,111,88800.0,13,88850.0,60,88900.0,19,88950.0,109,89000.0,34,89050.0,89,88850.0
lc2411,,13:40:25.863#,88900.0,89450.0,88200.0,0.0,0.0,72179,194004.0,88600.0,242,88650.0,94,88700.0,117,88750.0,111,88800.0,15,88850.0,60,88900.0,19,88950.0,109,89000.0,34,89050.0,89,88850.0
lc2411,,13:40:25.863#,88900.0,89450.0,88200.0,97900.0,80100.0,72179,194004.0,0.0,0,0.0,0,0.0,0,0.0,0,88800.0,15,88850.0,60,0.0,0,0.0,0,0.0,0,0.0,0,88850.0
lc2411,,13:40:26.283#,88900.0,89450.0,88200.0,0.0,0.0,72179,194004.0,88600.0,242,88650.0,94,88700.0,117,88750.0,111,88800.0,16,88850.0,62,88900.0,19,88950.0,109,89000.0,34,89050.0,89,88850.0
lc2411,,13:40:26.283#,88900.0,89450.0,88200.0,97900.0,80100.0,72179,194004.0,0.0,0,0.0,0,0.0,0,0.0,0,88800.0,16,88850.0,62,0.0,0,0.0,0,0.0,0,0.0,0,88850.0
lc2411,,13:40:26.900#,88900.0,89450.0,88200.0,0.0,0.0,72179,194004.0,88600.0,242,88650.0,94,88700.0,117,88750.0,112,88800.0,16,88850.0,62,88900.0,19,88950.0,109,89000.0,34,89050.0,89,88850.0
lc2411,,13:40:28.264#,88900.0,89450.0,88200.0,0.0,0.0,72179,194004.0,88600.0,242,88650.0,94,88700.0,117,88750.0,112,88800.0,17,88850.0,62,88900.0,19,88950.0,109,89000.0,34,89050.0,89,88850.0
lc2411,,13:40:28.536#,88900.0,89450.0,88200.0,0.0,0.0,72179,194004.0,88600.0,242,88650.0,94,88700.0,117,88750.0,111,88800.0,18,88850.0,62,88900.0,19,88950.0,109,89000.0,34,89050.0,89,88850.0
lc2411,,13:40:28.583#,88900.0,89450.0,88200.0,97900.0,80100.0,72179,194004.0,0.0,0,0.0,0,0.0,0,0.0,0,88800.0,18,88850.0,63,0.0,0,0.0,0,0.0,0,0.0,0,88850.0
lc2411,,13:40:28.713#,88900.0,89450.0,88200.0,0.0,0.0,72179,194004.0,88600.0,242,88650.0,94,88700.0,117,88750.0,111,88800.0,19,88850.0,63,88900.0,19,88950.0,109,89000.0,34,89050.0,89,88850.0
lc2411,,13:40:28.877#,88900.0,89450.0,88200.0,0.0,0.0,72180,194003.0,88600.0,242,88650.0,94,88700.0,117,88750.0,111,88800.0,18,88850.0,63,88900.0,19,88950.0,109,89000.0,34,89050.0,89,88800.0
lc2411,,13:40:28.877#,88900.0,89450.0,88200.0,97900.0,80100.0,72180,194003.0,0.0,0,0.0,0,0.0,0,0.0,0,88800.0,18,88850.0,63,0.0,0,0.0,0,0.0,0,0.0,0,88800.0
lc2411,,13:40:29.385#,88900.0,89450.0,88200.0,0.0,0.0,72181,194002.0,88600.0,242,88650.0,94,88700.0,117,88750.0,111,88800.0,17,88850.0,63,88900.0,19,88950.0,109,89000.0,34,89050.0,89,88800.0
lc2411,,13:40:29.385#,88900.0,89450.0,88200.0,97900.0,80100.0,72181,194002.0,0.0,0,0.0,0,0.0,0,0.0,0,88800.0,17,88850.0,63,0.0,0,0.0,0,0.0,0,0.0,0,88800.0
lc2411,,13:40:30.1#,88900.0,89450.0,88200.0,0.0,0.0,72187,194000.0,88600.0,242,88650.0,94,88700.0,117,88750.0,111,88800.0,12,88850.0,63,88900.0,19,88950.0,109,89000.0,34,89050.0,89,88800.0
lc2411,,13:40:30.1#,88900.0,89450.0,88200.0,97900.0,80100.0,72187,194000.0,0.0,0,0.0,0,0.0,0,0.0,0,88800.0,12,88850.0,63,0.0,0,0.0,0,0.0,0,0.0,0,88800.0
lc2411,,13:40:30.200#,88900.0,89450.0,88200.0,0.0,0.0,72187,194000.0,88600.0,242,88650.0,94,88700.0,117,88750.0,109,88800.0,10,88850.0,63,88900.0,19,88950.0,109,89000.0,34,89050.0,89,88800.0
lc2411,,13:40:30.386#,88900.0,89450.0,88200.0,0.0,0.0,72188,194000.0,88600.0,242,88650.0,95,88700.0,117,88750.0,109,88800.0,11,88850.0,62,88900.0,19,88950.0,109,89000.0,34,89050.0,89,88850.0
lc2411,,13:40:30.386#,88900.0,89450.0,88200.0,97900.0,80100.0,72188,194000.0,0.0,0,0.0,0,0.0,0,0.0,0,88800.0,11,88850.0,62,0.0,0,0.0,0,0.0,0,0.0,0,88850.0
lc2411,,13:40:30.730#,88900.0,89450.0,88200.0,0.0,0.0,72198,194007.0,88600.0,242,88650.0,95,88700.0,117,88750.0,109,88800.0,1,88850.0,62,88900.0,19,88950.0,109,89000.0,34,89050.0,89,88800.0
lc2411,,13:40:31.92#,88900.0,89450.0,88200.0,97900.0,80100.0,72199,194008.0,0.0,0,0.0,0,0.0,0,0.0,0,88750.0,109,88800.0,9,0.0,0,0.0,0,0.0,0,0.0,0,88800.0
lc2411,,13:40:31.236#,88900.0,89450.0,88200.0,0.0,0.0,72201,194008.0,88550.0,313,88600.0,242,88650.0,97,88700.0,116,88750.0,110,88800.0,12,88850.0,62,88900.0,19,88950.0,112,89000.0,34,88750.0
lc2411,,13:40:31.534#,88900.0,89450.0,88200.0,0.0,0.0,72202,194009.0,88550.0,313,88600.0,242,88650.0,95,88700.0,117,88750.0,112,88800.0,9,88850.0,62,88900.0,19,88950.0,116,89000.0,34,88800.0
lc2411,,13:40:31.609#,88900.0,89450.0,88200.0,97900.0,80100.0,72202,194009.0,0.0,0,0.0,0,0.0,0,0.0,0,88750.0,112,88800.0,9,0.0,0,0.0,0,0.0,0,0.0,0,88800.0
lc2411,,13:40:31.797#,88900.0,89450.0,88200.0,0.0,0.0,72202,194009.0,88550.0,313,88600.0,242,88650.0,95,88700.0,117,88750.0,112,88800.0,9,88850.0,62,88900.0,19,88950.0,121,89000.0,34,88800.0
lc2411,,13:40:31.845#,88900.0,89450.0,88200.0,0.0,0.0,72202,194009.0,88550.0,313,88600.0,242,88650.0,95,88700.0,117,88750.0,112,88800.0,9,88850.0,62,88900.0,18,88950.0,124,89000.0,34,88800.0
lc2411,,13:40:32.148#,88900.0,89450.0,88200.0,0.0,0.0,72202,194009.0,88550.0,313,88600.0,242,88650.0,95,88700.0,117,88750.0,113,88800.0,9,88850.0,62,88900.0,18,88950.0,124,89000.0,34,88800.0
lc2411,,13:40:32.148#,88900.0,89450.0,88200.0,97900.0,80100.0,72202,194009.0,0.0,0,0.0,0,0.0,0,0.0,0,88750.0,113,88800.0,9,0.0,0,0.0,0,0.0,0,0.0,0,88800.0
lc2411,,13:40:32.800#,88900.0,89450.0,88200.0,0.0,0.0,72202,194009.0,88550.0,313,88600.0,242,88650.0,95,88700.0,116,88750.0,113,88800.0,9,88850.0,62,88900.0,16,88950.0,124,89000.0,34,88800.0
lc2411,,13:40:32.877#,88900.0,89450.0,88200.0,0.0,0.0,72203,194010.0,88550.0,313,88600.0,242,88650.0,95,88700.0,117,88750.0,113,88800.0,8,88850.0,62,88900.0,16,88950.0,124,89000.0,34,88800.0
lc2411,,13:40:33.117#,88900.0,89450.0,88200.0,97900.0,80100.0,72203,194010.0,0.0,0,0.0,0,0.0,0,0.0,0,88750.0,113,88800.0,8,0.0,0,0.0,0,0.0,0,0.0,0,88800.0
lc2411,,13:40:33.243#,88900.0,89450.0,88200.0,0.0,0.0,72203,194010.0,88550.0,312,88600.0,242,88650.0,95,88700.0,118,88750.0,113,88800.0,8,88850.0,62,88900.0,16,88950.0,124,89000.0,34,88800.0
lc2411,,13:40:33.408#,88900.0,89450.0,88200.0,0.0,0.0,72204,194011.0,88550.0,312,88600.0,242,88650.0,95,88700.0,118,88750.0,113,88800.0,7,88850.0,62,88900.0,16,88950.0,124,89000.0,34,88800.0
lc2411,,13:40:33.408#,88900.0,89450.0,88200.0,97900.0,80100.0,72204,194011.0,0.0,0,0.0,0,0.0,0,0.0,0,88750.0,113,88800.0,7,0.0,0,0.0,0,0.0,0,0.0,0,88800.0
lc2411,,13:40:33.812#,88900.0,89450.0,88200.0,0.0,0.0,72209,194011.0,88550.0,312,88600.0,242,88650.0,95,88700.0,118,88750.0,113,88800.0,2,88850.0,62,88900.0,16,88950.0,124,89000.0,34,88800.0
lc2411,,13:40:34.57#,88900.0,89450.0,88200.0,0.0,0.0,72212,194010.0,88600.0,242,88650.0,95,88700.0,118,88750.0,114,88800.0,3,88850.0,62,88900.0,16,88950.0,124,89000.0,34,89050.0,89,88800.0
lc2411,,13:40:34.112#,88900.0,89450.0,88200.0,97900.0,80100.0,72212,194010.0,0.0,0,0.0,0,0.0,0,0.0,0,88800.0,10,88850.0,62,0.0,0,0.0,0,0.0,0,0.0,0,88800.0
lc2411,,13:40:34.243#,88900.0,89450.0,88200.0,0.0,0.0,72212,194010.0,88600.0,242,88650.0,95,88700.0,118,88750.0,112,88800.0,12,88850.0,63,88900.0,14,88950.0,109,89000.0,34,89050.0,89,88800.0
lc2411,,13:40:34.243#,88900.0,89450.0,88200.0,97900.0,80100.0,72212,194010.0,0.0,0,0.0,0,0.0,0,0.0,0,88800.0,12,88850.0,63,0.0,0,0.0,0,0.0,0,0.0,0,88800.0
lc2411,,13:40:34.797#,88900.0,89450.0,88200.0,0.0,0.0,72212,194010.0,88600.0,242,88650.0,95,88700.0,118,88750.0,123,88800.0,14,88850.0,60,88900.0,14,88950.0,109,89000.0,34,89050.0,89,88800.0
lc2411,,13:40:35.57#,88900.0,89450.0,88200.0,0.0,0.0,72212,194010.0,88600.0,242,88650.0,95,88700.0,118,88750.0,124,88800.0,15,88850.0,60,88900.0,14,88950.0,109,89000.0,34,89050.0,89,88800.0
lc2411,,13:40:35.57#,88900.0,89450.0,88200.0,97900.0,80100.0,72212,194010.0,0.0,0,0.0,0,0.0,0,0.0,0,88800.0,15,88850.0,60,0.0,0,0.0,0,0.0,0,0.0,0,88800.0
lc2411,,13:40:35.312#,88900.0,89450.0,88200.0,0.0,0.0,72216,194010.0,88600.0,242,88650.0,95,88700.0,119,88750.0,126,88800.0,15,88850.0,56,88900.0,14,88950.0,109,89000.0,34,89050.0,89,88850.0
lc2411,,13:40:35.513#,88900.0,89450.0,88200.0,0.0,0.0,72217,194009.0,88600.0,242,88650.0,95,88700.0,119,88750.0,126,88800.0,14,88850.0,56,88900.0,14,88950.0,109,89000.0,34,89050.0,89,88800.0
lc2411,,13:40:35.513#,88900.0,89450.0,88200.0,97900.0,80100.0,72217,194009.0,0.0,0,0.0,0,0.0,0,0.0,0,88800.0,14,88850.0,56,0.0,0,0.0,0,0.0,0,0.0,0,88800.0
lc2411,,13:40:35.684#,88900.0,89450.0,88200.0,0.0,0.0,72217,194009.0,88600.0,242,88650.0,95,88700.0,119,88750.0,126,88800.0,15,88850.0,56,88900.0,14,88950.0,109,89000.0,34,89050.0,89,88800.0
lc2411,,13:40:35.943#,88900.0,89450.0,88200.0,97900.0,80100.0,72217,194009.0,0.0,0,0.0,0,0.0,0,0.0,0,88800.0,15,88850.0,57,0.0,0,0.0,0,0.0,0,0.0,0,88800.0
lc2411,,13:40:36.190#,88900.0,89450.0,88200.0,0.0,0.0,72218,194009.0,88600.0,242,88650.0,95,88700.0,120,88750.0,126,88800.0,15,88850.0,56,88900.0,15,88950.0,109,89000.0,34,89050.0,89,88850.0
lc2411,,13:40:36.556#,88900.0,89450.0,88200.0,0.0,0.0,72221,194008.0,88600.0,242,88650.0,95,88700.0,120,88750.0,126,88800.0,19,88850.0,58,88900.0,15,88950.0,109,89000.0,34,89050.0,89,88800.0
lc2411,,13:40:36.556#,88900.0,89450.0,88200.0,97900.0,80100.0,72221,194008.0,0.0,0,0.0,0,0.0,0,0.0,0,88800.0,19,88850.0,58,0.0,0,0.0,0,0.0,0,0.0,0,88800.0
lc2411,,13:40:36.798#,88900.0,89450.0,88200.0,0.0,0.0,72227,194003.0,88600.0,242,88650.0,95,88700.0,120,88750.0,126,88800.0,13,88850.0,58,88900.0,15,88950.0,109,89000.0,34,89050.0,89,88800.0
lc2411,,13:40:36.849#,88900.0,89450.0,88200.0,0.0,0.0,72227,194003.0,88600.0,242,88650.0,95,88700.0,121,88750.0,126,88800.0,18,88850.0,58,88900.0,15,88950.0,109,89000.0,34,89050.0,89,88800.0
lc2411,,13:40:36.849#,88900.0,89450.0,88200.0,97900.0,80100.0,72227,194003.0,0.0,0,0.0,0,0.0,0,0.0,0,88800.0,18,88850.0,58,0.0,0,0.0,0,0.0,0,0.0,0,88800.0
lc2411,,13:40:37.267#,88900.0,89450.0,88200.0,0.0,0.0,72227,194003.0,88600.0,242,88650.0,95,88700.0,121,88750.0,126,88800.0,19,88850.0,58,88900.0,15,88950.0,109,89000.0,34,89050.0,89,88800.0
lc2411,,13:40:37.267#,88900.0,89450.0,88200.0,97900.0,80100.0,72227,194003.0,0.0,0,0.0,0,0.0,0,0.0,0,88800.0,19,88850.0,58,0.0,0,0.0,0,0.0,0,0.0,0,88800.0
lc2411,,13:40:37.789#,88900.0,89450.0,88200.0,0.0,0.0,72227,194003.0,88600.0,242,88650.0,95,88700.0,121,88750.0,124,88800.0,19,88850.0,58,88900.0,15,88950.0,109,89000.0,34,89050.0,89,88800.0
lc2411,,13:40:38.44#,88900.0,89450.0,88200.0,0.0,0.0,72228,194002.0,88600.0,242,88650.0,95,88700.0,121,88750.0,124,88800.0,19,88850.0,57,88900.0,15,88950.0,109,89000.0,34,89050.0,89,88800.0
lc2411,,13:40:38.71#,88900.0,89450.0,88200.0,97900.0,80100.0,72228,194002.0,0.0,0,0.0,0,0.0,0,0.0,0,88800.0,19,88850.0,57,0.0,0,0.0,0,0.0,0,0.0,0,88800.0
lc2411,,13:40:38.237#,88900.0,89450.0,88200.0,0.0,0.0,72228,194002.0,88600.0,242,88650.0,95,88700.0,121,88750.0,125,88800.0,20,88850.0,57,88900.0,15,88950.0,109,89000.0,34,89050.0,89,88800.0
lc2411,,13:40:38.594#,88900.0,89450.0,88200.0,97900.0,80100.0,72228,194002.0,0.0,0,0.0,0,0.0,0,0.0,0,88800.0,21,88850.0,57,0.0,0,0.0,0,0.0,0,0.0,0,88800.0
lc2411,,13:40:38.761#,88900.0,89450.0,88200.0,0.0,0.0,72229,194001.0,88600.0,242,88650.0,95,88700.0,121,88750.0,125,88800.0,21,88850.0,56,88900.0,15,88950.0,109,89000.0,34,89050.0,89,88850.0
lc2411,,13:40:39.87#,88900.0,89450.0,88200.0,97900.0,80100.0,72229,194001.0,0.0,0,0.0,0,0.0,0,0.0,0,88800.0,21,88850.0,57,0.0,0,0.0,0,0.0,0,0.0,0,88850.0
