InstrumentId,ExchangeId,Datetime,OpenPrice,HighestPrice,LowestPrice,UpperLimitPrice,LowerLimitPrice,Volume,OpenInterest,BidPrice5,BidVolume5,BidPrice4,BidVolume4,BidPrice3,BidVolume3,BidPrice2,BidVolume2,BidPrice1,BidVolume1,AskPrice1,AskVolume1,AskPrice2,AskVolume2,AskPrice3,AskVolume3,AskPrice4,AskVolume4,AskPrice5,AskVolume5,LastPrice
lc2506,,13:38:35.247#,95400.0,96450.0,95350.0,0.0,0.0,540,1078,95300.0,1,95450.0,1,95500.0,4,95700.0,1,95900.0,1,96150.0,1,96200.0,3,96350.0,1,96400.0,30,96500.0,2,96400.0
lc2506,,13:38:35.728#,95400.0,96450.0,95350.0,0.0,0.0,540,1078,95300.0,1,95450.0,1,95500.0,4,95700.0,1,95900.0,1,96150.0,1,96200.0,2,96350.0,1,96400.0,30,96500.0,2,96400.0
lc2506,,13:38:36.378#,95400.0,96450.0,95350.0,0.0,0.0,540,1078,95300.0,1,95450.0,1,95500.0,4,95700.0,1,95900.0,1,96150.0,1,96200.0,1,96350.0,1,96400.0,30,96500.0,2,96400.0
lc2506,,13:38:50.232#,95400.0,96450.0,95350.0,0.0,0.0,540,1078,95300.0,1,95450.0,1,95500.0,4,95700.0,1,95900.0,1,96200.0,2,96350.0,1,96400.0,30,96500.0,2,97050.0,1,96400.0
lc2506,,13:38:50.695#,95400.0,96450.0,95350.0,0.0,0.0,540,1078,95300.0,1,95450.0,1,95500.0,4,95700.0,1,95900.0,1,96200.0,3,96350.0,1,96400.0,30,96500.0,2,97050.0,1,96400.0
lc2506,,13:38:53.669#,95400.0,96450.0,95350.0,0.0,0.0,540,1078,95450.0,1,95500.0,4,95600.0,1,95700.0,1,95900.0,1,96200.0,3,96350.0,1,96400.0,30,96500.0,2,97050.0,1,96400.0
lc2506,,13:38:59.314#,95400.0,96450.0,95350.0,0.0,0.0,540,1078,95450.0,1,95500.0,4,95600.0,1,95700.0,2,95900.0,1,96200.0,3,96350.0,1,96400.0,30,96500.0,2,97050.0,1,96400.0
lc2506,,13:39:17.456#,95400.0,96450.0,95350.0,0.0,0.0,540,1078,95300.0,1,95450.0,1,95500.0,4,95700.0,2,95900.0,1,96200.0,3,96350.0,1,96400.0,30,96500.0,2,97050.0,1,96400.0
lc2506,,13:40:05.797#,95400.0,96450.0,95350.0,0.0,0.0,540,1078,95300.0,1,95450.0,1,95500.0,4,95700.0,2,95900.0,1,96150.0,1,96200.0,3,96350.0,1,96400.0,30,96500.0,2,96400.0
lc2506,,13:40:06.251#,95400.0,96450.0,95350.0,0.0,0.0,540,1078,95300.0,1,95450.0,1,95500.0,4,95700.0,2,95900.0,1,96100.0,1,96150.0,1,96200.0,1,96350.0,1,96400.0,30,96400.0
lc2506,,13:40:15.247#,95400.0,96450.0,95350.0,0.0,0.0,540,1078,95450.0,1,95500.0,4,95600.0,1,95700.0,2,95900.0,1,96100.0,1,96150.0,1,96200.0,1,96350.0,1,96400.0,30,96400.0
lc2506,,13:40:25.509#,95400.0,96450.0,95350.0,0.0,0.0,540,1078,95450.0,1,95500.0,4,95600.0,1,95700.0,1,95900.0,1,96100.0,1,96150.0,1,96200.0,1,96350.0,1,96400.0,30,96400.0
lc2506,,13:40:30.373#,95400.0,96450.0,95350.0,0.0,0.0,540,1078,95450.0,1,95500.0,4,95600.0,1,95700.0,1,95900.0,1,96100.0,1,96200.0,1,96350.0,1,96400.0,30,96500.0,2,96400.0
lc2506,,13:40:38.719#,95400.0,96450.0,95350.0,0.0,0.0,541,1077,95450.0,1,95500.0,4,95600.0,1,95700.0,1,95900.0,1,96200.0,1,96350.0,1,96400.0,30,96500.0,2,97050.0,1,96100.0
lc2506,,13:40:38.932#,95400.0,96450.0,95350.0,0.0,0.0,541,1077,95300.0,1,95450.0,1,95500.0,4,95700.0,1,95900.0,1,96200.0,1,96350.0,1,96400.0,30,96500.0,2,97050.0,1,96100.0
lc2506,,13:40:39.182#,95400.0,96450.0,95350.0,0.0,0.0,541,1077,95300.0,1,95450.0,1,95500.0,4,95700.0,1,95900.0,1,96200.0,2,96350.0,1,96400.0,30,96500.0,2,97050.0,1,96100.0
lc2506,,13:40:50.684#,95400.0,96450.0,95350.0,0.0,0.0,541,1077,95300.0,1,95450.0,1,95500.0,4,95700.0,1,95900.0,1,96200.0,2,96250.0,1,96350.0,1,96400.0,30,96500.0,2,96100.0
lc2506,,13:40:51.60#,95400.0,96450.0,95350.0,0.0,0.0,541,1077,95300.0,1,95450.0,1,95500.0,4,95700.0,1,95900.0,1,96200.0,2,96350.0,1,96400.0,30,96500.0,2,97050.0,1,96100.0
lc2506,,13:41:08.257#,95400.0,96450.0,95350.0,0.0,0.0,541,1077,95300.0,1,95450.0,1,95500.0,4,95700.0,1,95900.0,1,96200.0,2,96350.0,1,96400.0,30,96500.0,2,97050.0,1,96100.0
lc2506,,13:41:42.260#,95400.0,96450.0,95350.0,0.0,0.0,541,1077,95300.0,1,95450.0,1,95500.0,4,95700.0,1,95900.0,1,96200.0,2,96350.0,1,96400.0,30,96500.0,2,97050.0,1,96100.0
lc2506,,13:41:44.484#,95400.0,96450.0,95350.0,0.0,0.0,541,1077,95300.0,1,95450.0,1,95500.0,4,95700.0,1,95900.0,1,96200.0,2,96350.0,1,96400.0,30,96500.0,2,97050.0,1,96100.0
lc2506,,13:41:45.130#,95400.0,96450.0,95350.0,0.0,0.0,541,1077,95200.0,1,95300.0,1,95500.0,4,95700.0,1,95900.0,1,96200.0,2,96350.0,1,96400.0,30,96500.0,2,97050.0,1,96100.0
lc2506,,13:41:46.682#,95400.0,96450.0,95350.0,0.0,0.0,541,1077,95300.0,1,95500.0,4,95600.0,1,95700.0,1,95900.0,1,96200.0,2,96350.0,1,96400.0,30,96500.0,2,97050.0,1,96100.0
lc2506,,13:41:48.680#,95400.0,96450.0,95350.0,0.0,0.0,541,1077,95300.0,2,95500.0,4,95600.0,1,95700.0,1,95900.0,1,96200.0,2,96350.0,1,96400.0,30,96500.0,2,97050.0,1,96100.0
lc2506,,13:41:50.757#,95400.0,96450.0,95350.0,0.0,0.0,541,1077,95300.0,1,95500.0,4,95550.0,1,95700.0,1,95900.0,1,96200.0,2,96350.0,1,96400.0,30,96500.0,2,97050.0,1,96100.0
lc2506,,13:42:03.302#,95400.0,96450.0,95350.0,0.0,0.0,541,1077,95300.0,1,95500.0,4,95550.0,1,95700.0,1,95900.0,1,96150.0,1,96200.0,2,96350.0,1,96400.0,30,96500.0,2,96100.0
lc2506,,13:42:03.688#,95400.0,96450.0,95350.0,0.0,0.0,541,1077,95300.0,1,95500.0,4,95550.0,1,95700.0,1,95900.0,1,96150.0,1,96200.0,1,96350.0,1,96400.0,30,96500.0,2,96100.0
lc2506,,13:42:04.559#,95400.0,96450.0,95350.0,0.0,0.0,541,1077,95300.0,1,95500.0,4,95550.0,1,95700.0,1,95900.0,1,96200.0,1,96350.0,1,96400.0,30,96500.0,2,97050.0,1,96100.0
lc2506,,13:42:04.669#,95400.0,96450.0,95350.0,0.0,0.0,541,1077,95300.0,1,95500.0,4,95550.0,1,95700.0,1,95900.0,1,96200.0,2,96350.0,1,96400.0,30,96500.0,2,97050.0,1,96100.0
lc2506,,13:42:23.693#,95400.0,96450.0,95350.0,0.0,0.0,541,1077,95300.0,1,95500.0,4,95550.0,1,95700.0,1,95900.0,1,96200.0,3,96350.0,1,96400.0,30,96500.0,2,97050.0,1,96100.0
lc2506,,13:42:27.351#,95400.0,96450.0,95350.0,0.0,0.0,541,1077,95300.0,1,95500.0,4,95550.0,1,95700.0,1,95900.0,1,96200.0,2,96350.0,1,96400.0,30,96500.0,2,97050.0,1,96100.0
lc2506,,13:42:30.508#,95400.0,96450.0,95350.0,0.0,0.0,541,1077,95500.0,4,95550.0,1,95600.0,1,95700.0,1,95900.0,1,96200.0,2,96350.0,1,96400.0,30,96500.0,2,97050.0,1,96100.0
lc2506,,13:42:40.553#,95400.0,96450.0,95350.0,0.0,0.0,541,1077,95500.0,4,95550.0,1,95600.0,1,95700.0,1,95900.0,1,96150.0,1,96200.0,2,96350.0,1,96400.0,30,96500.0,2,96100.0
lc2506,,13:42:40.702#,95400.0,96450.0,95350.0,0.0,0.0,541,1077,95500.0,4,95550.0,1,95600.0,1,95700.0,1,95900.0,1,96150.0,1,96200.0,1,96350.0,1,96400.0,30,96500.0,2,96100.0
lc2506,,13:42:42.135#,95400.0,96450.0,95350.0,0.0,0.0,541,1077,95500.0,4,95550.0,1,95600.0,1,95700.0,1,95900.0,1,96200.0,1,96350.0,1,96400.0,30,96500.0,2,97050.0,1,96100.0
lc2506,,13:42:42.687#,95400.0,96450.0,95350.0,0.0,0.0,541,1077,95500.0,4,95550.0,1,95600.0,1,95700.0,1,95900.0,1,96200.0,2,96350.0,1,96400.0,30,96500.0,2,97050.0,1,96100.0
lc2506,,13:42:48.195#,95400.0,96450.0,95350.0,0.0,0.0,541,1077,95500.0,4,95550.0,1,95600.0,1,95700.0,1,95900.0,1,96150.0,1,96200.0,2,96350.0,1,96400.0,30,96500.0,2,96100.0
lc2506,,13:42:48.761#,95400.0,96450.0,95350.0,0.0,0.0,541,1077,95300.0,1,95500.0,4,95550.0,1,95700.0,1,95900.0,1,96150.0,1,96200.0,1,96350.0,1,96400.0,30,96500.0,2,96100.0
lc2506,,13:42:51.339#,95400.0,96450.0,95350.0,0.0,0.0,541,1077,95300.0,1,95500.0,4,95550.0,1,95700.0,1,95900.0,1,96200.0,1,96350.0,1,96400.0,30,96500.0,2,97050.0,1,96100.0
lc2506,,13:42:51.665#,95400.0,96450.0,95350.0,0.0,0.0,541,1077,95300.0,1,95500.0,4,95550.0,1,95700.0,1,95900.0,1,96200.0,2,96350.0,1,96400.0,30,96500.0,2,97050.0,1,96100.0
lc2506,,13:42:54.227#,95400.0,96450.0,95350.0,0.0,0.0,541,1077,95300.0,1,95500.0,4,95550.0,1,95700.0,1,95900.0,1,96150.0,1,96200.0,2,96350.0,1,96400.0,30,96500.0,2,96100.0
lc2506,,13:42:54.674#,95400.0,96450.0,95350.0,0.0,0.0,541,1077,95300.0,1,95500.0,4,95550.0,1,95700.0,1,95900.0,1,96150.0,1,96200.0,1,96350.0,1,96400.0,30,96500.0,2,96100.0
lc2506,,13:43:02.733#,95400.0,96450.0,95350.0,0.0,0.0,541,1077,95300.0,1,95500.0,4,95550.0,1,95700.0,1,95900.0,1,96200.0,1,96350.0,1,96400.0,30,96500.0,2,97050.0,1,96100.0
lc2506,,13:43:03.187#,95400.0,96450.0,95350.0,0.0,0.0,541,1077,95300.0,1,95500.0,4,95550.0,1,95700.0,1,95900.0,1,96200.0,2,96350.0,1,96400.0,30,96500.0,2,97050.0,1,96100.0
lc2506,,13:43:11.796#,95400.0,96450.0,95350.0,0.0,0.0,541,1077,95300.0,1,95500.0,4,95550.0,1,95700.0,1,95900.0,1,96150.0,1,96200.0,2,96350.0,1,96400.0,30,96500.0,2,96100.0
lc2506,,13:43:12.176#,95400.0,96450.0,95350.0,0.0,0.0,541,1077,95300.0,1,95500.0,4,95550.0,1,95700.0,1,95900.0,1,96150.0,1,96200.0,1,96350.0,1,96400.0,30,96500.0,2,96100.0
lc2506,,13:43:14.223#,95400.0,96450.0,95350.0,0.0,0.0,541,1077,95300.0,1,95500.0,4,95550.0,1,95700.0,1,95900.0,1,96200.0,1,96350.0,1,96400.0,30,96500.0,2,97050.0,1,96100.0
lc2506,,13:43:14.674#,95400.0,96450.0,95350.0,0.0,0.0,541,1077,95300.0,1,95500.0,4,95550.0,1,95700.0,1,95900.0,1,96200.0,2,96350.0,1,96400.0,30,96500.0,2,97050.0,1,96100.0
lc2506,,13:43:21.996#,95400.0,96450.0,95350.0,0.0,0.0,541,1077,95300.0,1,95500.0,4,95550.0,1,95700.0,1,95900.0,1,96150.0,1,96200.0,2,96350.0,1,96400.0,30,96500.0,2,96100.0
lc2506,,13:43:22.159#,95400.0,96450.0,95350.0,0.0,0.0,541,1077,95300.0,1,95500.0,4,95550.0,1,95700.0,1,95900.0,1,96150.0,1,96200.0,1,96350.0,1,96400.0,30,96500.0,2,96100.0
lc2506,,13:43:24.169#,95400.0,96450.0,95350.0,0.0,0.0,541,1077,95300.0,1,95500.0,4,95550.0,1,95700.0,1,95900.0,1,96200.0,1,96350.0,1,96400.0,30,96500.0,2,97050.0,1,96100.0
lc2506,,13:43:24.682#,95400.0,96450.0,95350.0,0.0,0.0,541,1077,95300.0,1,95500.0,4,95550.0,1,95700.0,1,95900.0,1,96200.0,2,96350.0,1,96400.0,30,96500.0,2,97050.0,1,96100.0
lc2506,,13:43:27.300#,95400.0,96450.0,95350.0,0.0,0.0,541,1077,95300.0,1,95500.0,4,95550.0,1,95700.0,1,95900.0,1,96150.0,1,96200.0,2,96350.0,1,96400.0,30,96500.0,2,96100.0
lc2506,,13:43:27.677#,95400.0,96450.0,95350.0,0.0,0.0,541,1077,95300.0,1,95500.0,4,95550.0,1,95700.0,1,95900.0,1,96150.0,1,96200.0,1,96350.0,1,96400.0,30,96500.0,2,96100.0
lc2506,,13:43:28.249#,95400.0,96450.0,95350.0,0.0,0.0,541,1077,95300.0,1,95500.0,4,95550.0,1,95700.0,1,95900.0,1,96200.0,1,96350.0,1,96400.0,30,96500.0,2,97050.0,1,96100.0
lc2506,,13:43:28.671#,95400.0,96450.0,95350.0,0.0,0.0,541,1077,95300.0,1,95500.0,4,95550.0,1,95700.0,1,95900.0,1,96200.0,2,96350.0,1,96400.0,30,96500.0,2,97050.0,1,96100.0
lc2506,,13:43:36.322#,95400.0,96450.0,95350.0,0.0,0.0,541,1077,95250.0,1,95300.0,1,95500.0,4,95550.0,1,95700.0,1,96200.0,2,96350.0,1,96400.0,30,96500.0,2,97050.0,1,96100.0
lc2506,,13:43:36.718#,95400.0,96450.0,95350.0,0.0,0.0,541,1077,95250.0,1,95300.0,1,95500.0,4,95550.0,1,95700.0,1,96150.0,2,96200.0,2,96350.0,1,96400.0,30,96500.0,2,96100.0
lc2506,,13:43:37.225#,95400.0,96450.0,95350.0,0.0,0.0,541,1077,95250.0,1,95300.0,1,95500.0,4,95550.0,1,95700.0,1,96150.0,3,96200.0,1,96350.0,1,96400.0,30,96500.0,2,96100.0
lc2506,,13:43:38.571#,95400.0,96450.0,95350.0,0.0,0.0,541,1077,95300.0,1,95500.0,4,95550.0,1,95700.0,1,95750.0,1,96150.0,3,96200.0,1,96350.0,1,96400.0,30,96500.0,2,96100.0
lc2506,,13:43:39.288#,95400.0,96450.0,95350.0,0.0,0.0,541,1077,95300.0,1,95500.0,4,95550.0,1,95700.0,1,95750.0,1,96100.0,1,96150.0,2,96200.0,1,96350.0,1,96400.0,30,96100.0
lc2506,,13:43:40.779#,95400.0,96450.0,95350.0,0.0,0.0,541,1077,95300.0,1,95500.0,4,95550.0,1,95700.0,1,95750.0,1,96100.0,2,96150.0,2,96200.0,1,96350.0,1,96400.0,30,96100.0
lc2506,,13:43:50.625#,95400.0,96450.0,95350.0,0.0,0.0,541,1077,95300.0,1,95500.0,4,95550.0,1,95700.0,1,95750.0,1,96100.0,2,96200.0,1,96350.0,1,96400.0,30,96500.0,2,96100.0
lc2506,,13:43:51.659#,95400.0,96450.0,95350.0,0.0,0.0,541,1077,95300.0,1,95500.0,4,95550.0,1,95700.0,1,95750.0,1,96050.0,2,96100.0,2,96200.0,1,96350.0,1,96400.0,30,96100.0
lc2506,,13:43:52.662#,95400.0,96450.0,95350.0,0.0,0.0,541,1077,95300.0,1,95500.0,4,95550.0,1,95700.0,1,95750.0,1,96100.0,2,96200.0,1,96350.0,1,96400.0,30,96500.0,2,96100.0
lc2506,,13:44:06.664#,95400.0,96450.0,95350.0,0.0,0.0,541,1077,95300.0,1,95500.0,4,95550.0,1,95700.0,1,95750.0,1,96050.0,2,96100.0,2,96200.0,1,96350.0,1,96400.0,30,96100.0
lc2506,,13:44:07.668#,95400.0,96450.0,95350.0,0.0,0.0,541,1077,95300.0,1,95500.0,4,95550.0,1,95700.0,1,95750.0,1,96100.0,2,96200.0,1,96350.0,1,96400.0,30,96500.0,2,96100.0
lc2506,,13:44:21.719#,95400.0,96450.0,95350.0,0.0,0.0,541,1077,95300.0,1,95500.0,4,95550.0,1,95700.0,1,95750.0,1,96050.0,2,96100.0,2,96200.0,1,96350.0,1,96400.0,30,96100.0
lc2506,,13:44:22.627#,95400.0,96450.0,95350.0,0.0,0.0,541,1077,95300.0,1,95500.0,4,95550.0,1,95700.0,1,95750.0,1,96100.0,2,96200.0,1,96350.0,1,96400.0,30,96500.0,2,96100.0
lc2506,,13:44:23.505#,95400.0,96450.0,95350.0,0.0,0.0,541,1077,95250.0,1,95300.0,1,95500.0,4,95550.0,1,95750.0,1,96100.0,2,96200.0,1,96350.0,1,96400.0,30,96500.0,2,96100.0
lc2506,,13:44:23.806#,95400.0,96450.0,95350.0,0.0,0.0,541,1077,95300.0,1,95350.0,1,95500.0,4,95550.0,1,95750.0,1,96100.0,2,96200.0,1,96350.0,1,96400.0,30,96500.0,2,96100.0
lc2506,,13:44:24.309#,95400.0,96450.0,95350.0,0.0,0.0,541,1077,95300.0,1,95350.0,1,95500.0,5,95550.0,1,95750.0,1,96100.0,2,96200.0,1,96350.0,1,96400.0,30,96500.0,2,96100.0
lc2506,,13:44:36.631#,95400.0,96450.0,95350.0,0.0,0.0,541,1077,95300.0,1,95350.0,1,95500.0,5,95550.0,1,95750.0,1,96050.0,2,96100.0,2,96200.0,1,96350.0,1,96400.0,30,96100.0
lc2506,,13:44:37.634#,95400.0,96450.0,95350.0,0.0,0.0,541,1077,95300.0,1,95350.0,1,95500.0,5,95550.0,1,95750.0,1,96100.0,2,96200.0,1,96350.0,1,96400.0,30,96500.0,2,96100.0
lc2506,,13:44:51.624#,95400.0,96450.0,95350.0,0.0,0.0,541,1077,95300.0,1,95350.0,1,95500.0,5,95550.0,1,95750.0,1,96050.0,2,96100.0,2,96200.0,1,96350.0,1,96400.0,30,96100.0
lc2506,,13:44:52.659#,95400.0,96450.0,95350.0,0.0,0.0,541,1077,95300.0,1,95350.0,1,95500.0,5,95550.0,1,95750.0,1,96100.0,2,96200.0,1,96350.0,1,96400.0,30,96500.0,2,96100.0
lc2506,,13:45:06.630#,95400.0,96450.0,95350.0,0.0,0.0,541,1077,95300.0,1,95350.0,1,95500.0,5,95550.0,1,95750.0,1,96050.0,2,96100.0,2,96200.0,1,96350.0,1,96400.0,30,96100.0
lc2506,,13:45:06.988#,95400.0,96450.0,95350.0,0.0,0.0,541,1077,95250.0,1,95300.0,1,95500.0,5,95550.0,1,95750.0,1,96050.0,2,96100.0,2,96200.0,1,96350.0,1,96400.0,30,96100.0
lc2506,,13:45:07.633#,95400.0,96450.0,95350.0,0.0,0.0,541,1077,95250.0,1,95300.0,1,95500.0,5,95550.0,1,95750.0,1,96100.0,2,96200.0,1,96350.0,1,96400.0,30,96500.0,2,96100.0
lc2506,,13:45:08.880#,95400.0,96450.0,95350.0,0.0,0.0,541,1077,95300.0,1,95350.0,1,95500.0,5,95550.0,1,95750.0,1,96100.0,2,96200.0,1,96350.0,1,96400.0,30,96500.0,2,96100.0
lc2506,,13:45:12.598#,95400.0,96450.0,95350.0,0.0,0.0,541,1077,95250.0,1,95300.0,1,95500.0,5,95550.0,1,95750.0,1,96100.0,2,96200.0,1,96350.0,1,96400.0,30,96500.0,2,96100.0
lc2506,,13:45:14.910#,95400.0,96450.0,95350.0,0.0,0.0,541,1077,95250.0,1,95300.0,1,95500.0,5,95550.0,1,95750.0,1,96100.0,2,96200.0,1,96350.0,1,96400.0,30,96500.0,2,96100.0
lc2506,,13:45:21.475#,95400.0,96450.0,95350.0,0.0,0.0,541,1077,95250.0,1,95300.0,1,95500.0,5,95550.0,1,95750.0,1,96100.0,2,96200.0,1,96350.0,1,96400.0,30,96500.0,2,96100.0
lc2506,,13:45:21.668#,95400.0,96450.0,95350.0,0.0,0.0,541,1077,95250.0,1,95300.0,1,95500.0,5,95550.0,1,95750.0,1,96050.0,2,96100.0,2,96200.0,1,96350.0,1,96400.0,30,96100.0
lc2506,,13:45:22.656#,95400.0,96450.0,95350.0,0.0,0.0,541,1077,95250.0,1,95300.0,1,95500.0,5,95550.0,1,95750.0,1,96100.0,2,96200.0,1,96350.0,1,96400.0,30,96500.0,2,96100.0
lc2506,,13:45:36.718#,95400.0,96450.0,95350.0,0.0,0.0,541,1077,95250.0,1,95300.0,1,95500.0,5,95550.0,1,95750.0,1,96050.0,2,96100.0,2,96200.0,1,96350.0,1,96400.0,30,96100.0
lc2506,,13:45:37.627#,95400.0,96450.0,95350.0,0.0,0.0,541,1077,95250.0,1,95300.0,1,95500.0,5,95550.0,1,95750.0,1,96100.0,2,96200.0,1,96350.0,1,96400.0,30,96500.0,2,96100.0
lc2506,,13:45:51.690#,95400.0,96450.0,95350.0,0.0,0.0,541,1077,95250.0,1,95300.0,1,95500.0,5,95550.0,1,95750.0,1,96050.0,2,96100.0,2,96200.0,1,96350.0,1,96400.0,30,96100.0
lc2506,,13:45:52.662#,95400.0,96450.0,95350.0,0.0,0.0,541,1077,95250.0,1,95300.0,1,95500.0,5,95550.0,1,95750.0,1,96100.0,2,96200.0,1,96350.0,1,96400.0,30,96500.0,2,96100.0
lc2506,,13:46:01.942#,95400.0,96450.0,95350.0,0.0,0.0,541,1077,95250.0,1,95300.0,1,95500.0,5,95550.0,1,95750.0,1,96050.0,1,96100.0,2,96200.0,1,96350.0,1,96400.0,30,96100.0
lc2506,,13:46:07.17#,95400.0,96450.0,95350.0,0.0,0.0,541,1077,95250.0,1,95300.0,1,95500.0,5,95550.0,1,95750.0,1,96100.0,2,96200.0,1,96350.0,1,96400.0,30,96500.0,2,96100.0
lc2506,,13:46:07.80#,95400.0,96450.0,95350.0,0.0,0.0,541,1077,95250.0,1,95300.0,1,95500.0,5,95550.0,1,95750.0,1,96100.0,3,96200.0,1,96350.0,1,96400.0,30,96500.0,2,96100.0
lc2506,,13:46:07.814#,95400.0,96450.0,95350.0,0.0,0.0,541,1077,95250.0,1,95300.0,1,95500.0,5,95550.0,1,95750.0,1,96050.0,3,96100.0,2,96200.0,1,96350.0,1,96400.0,30,96100.0
lc2506,,13:46:08.659#,95400.0,96450.0,95350.0,0.0,0.0,541,1077,95250.0,1,95300.0,1,95500.0,5,95550.0,1,95750.0,1,96050.0,1,96100.0,2,96200.0,1,96350.0,1,96400.0,30,96100.0
lc2506,,13:46:24.564#,95400.0,96450.0,95350.0,0.0,0.0,541,1077,95250.0,1,95300.0,1,95500.0,5,95550.0,1,95750.0,1,96050.0,1,96100.0,1,96200.0,1,96350.0,1,96400.0,30,96100.0
lc2506,,13:46:27.765#,95400.0,96450.0,95350.0,0.0,0.0,541,1077,95300.0,1,95400.0,1,95500.0,4,95550.0,1,95750.0,1,96050.0,1,96100.0,1,96200.0,1,96350.0,1,96400.0,30,96100.0
lc2506,,13:46:31.306#,95400.0,96450.0,95350.0,0.0,0.0,541,1077,95100.0,1,95200.0,2,95400.0,1,95500.0,5,95750.0,1,96050.0,1,96100.0,1,96200.0,1,96350.0,1,96400.0,30,96100.0
lc2506,,13:46:57.814#,95400.0,96450.0,95350.0,0.0,0.0,541,1077,95200.0,1,95400.0,1,95450.0,1,95500.0,4,95750.0,1,96050.0,1,96100.0,1,96200.0,1,96350.0,1,96400.0,30,96100.0
lc2506,,13:47:01.159#,95400.0,96450.0,95350.0,0.0,0.0,541,1077,95200.0,1,95400.0,1,95450.0,1,95500.0,4,95750.0,1,96000.0,1,96050.0,1,96100.0,1,96200.0,1,96350.0,1,96100.0
lc2506,,13:47:01.638#,95400.0,96450.0,95350.0,0.0,0.0,541,1077,95400.0,1,95450.0,1,95500.0,4,95700.0,3,95750.0,1,96000.0,1,96050.0,1,96100.0,1,96200.0,1,96350.0,1,96100.0
lc2506,,13:47:16.268#,95400.0,96450.0,95350.0,0.0,0.0,541,1077,95400.0,1,95450.0,1,95500.0,4,95700.0,3,95750.0,1,96000.0,1,96050.0,1,96200.0,1,96350.0,1,96400.0,30,96100.0
lc2506,,13:47:27.274#,95400.0,96450.0,95350.0,0.0,0.0,541,1077,95400.0,1,95450.0,1,95500.0,4,95700.0,3,95750.0,1,96000.0,1,96200.0,1,96350.0,1,96400.0,30,96500.0,2,96100.0
lc2506,,13:47:27.348#,95400.0,96450.0,95350.0,0.0,0.0,541,1077,95400.0,1,95450.0,1,95500.0,4,95700.0,3,95750.0,1,95950.0,1,96000.0,1,96200.0,1,96350.0,1,96400.0,30,96100.0
lc2506,,13:47:28.313#,95400.0,96450.0,95350.0,0.0,0.0,541,1077,95400.0,1,95450.0,1,95500.0,4,95700.0,3,95750.0,1,96000.0,1,96200.0,1,96250.0,1,96350.0,1,96400.0,30,96100.0
lc2506,,13:47:29.219#,95400.0,96450.0,95350.0,0.0,0.0,541,1077,95400.0,1,95450.0,1,95500.0,4,95700.0,3,95750.0,1,95950.0,1,96000.0,1,96200.0,1,96350.0,1,96400.0,30,96100.0
lc2506,,13:47:31.540#,95400.0,96450.0,95350.0,0.0,0.0,541,1077,95400.0,1,95450.0,1,95500.0,4,95700.0,3,95750.0,1,96000.0,1,96200.0,1,96350.0,1,96400.0,30,96500.0,2,96100.0
lc2506,,13:47:32.86#,95400.0,96450.0,95350.0,0.0,0.0,541,1077,95400.0,1,95450.0,1,95500.0,4,95700.0,3,95750.0,1,96000.0,2,96200.0,1,96350.0,1,96400.0,30,96500.0,2,96100.0
lc2506,,13:47:33.288#,95400.0,96450.0,95350.0,0.0,0.0,541,1077,95400.0,1,95450.0,1,95500.0,4,95700.0,3,95750.0,1,96000.0,1,96200.0,1,96350.0,1,96400.0,30,96500.0,2,96100.0
lc2506,,13:47:35.390#,95400.0,96450.0,95350.0,0.0,0.0,541,1077,95400.0,1,95450.0,1,95500.0,4,95700.0,3,95750.0,1,96200.0,1,96350.0,1,96400.0,30,96500.0,2,97050.0,1,96100.0
lc2506,,13:47:35.674#,95400.0,96450.0,95350.0,0.0,0.0,541,1077,95400.0,1,95450.0,1,95500.0,4,95700.0,3,95750.0,1,96200.0,2,96350.0,1,96400.0,30,96500.0,2,97050.0,1,96100.0
lc2506,,13:47:35.861#,95400.0,96450.0,95350.0,0.0,0.0,541,1077,95400.0,1,95450.0,1,95500.0,4,95700.0,3,95750.0,1,96150.0,2,96200.0,2,96350.0,1,96400.0,30,96500.0,2,96100.0
lc2506,,13:47:36.159#,95400.0,96450.0,95350.0,0.0,0.0,541,1077,95400.0,1,95450.0,1,95500.0,4,95700.0,3,95750.0,1,96150.0,2,96200.0,1,96350.0,1,96400.0,30,96500.0,2,96100.0
lc2506,,13:47:36.647#,95400.0,96450.0,95350.0,0.0,0.0,541,1077,95400.0,1,95450.0,1,95500.0,4,95700.0,3,95750.0,1,96150.0,3,96200.0,1,96350.0,1,96400.0,30,96500.0,2,96100.0
lc2506,,13:47:36.910#,95400.0,96450.0,95350.0,0.0,0.0,541,1077,95400.0,1,95450.0,1,95500.0,4,95700.0,3,95750.0,1,96100.0,1,96150.0,3,96200.0,1,96350.0,1,96400.0,30,96100.0
lc2506,,13:47:37.681#,95400.0,96450.0,95350.0,0.0,0.0,541,1077,95400.0,1,95450.0,1,95500.0,4,95700.0,3,95750.0,1,96100.0,2,96150.0,2,96200.0,1,96350.0,1,96400.0,30,96100.0
lc2506,,13:47:39.544#,95400.0,96450.0,95350.0,0.0,0.0,541,1077,95400.0,1,95450.0,1,95500.0,4,95700.0,3,95750.0,1,96050.0,1,96100.0,1,96150.0,2,96200.0,1,96350.0,1,96100.0
lc2506,,13:47:39.812#,95400.0,96450.0,95350.0,0.0,0.0,541,1077,95400.0,1,95450.0,1,95500.0,4,95700.0,3,95750.0,1,96050.0,1,96100.0,1,96200.0,1,96350.0,1,96400.0,30,96100.0
lc2506,,13:47:42.47#,95400.0,96450.0,95350.0,0.0,0.0,541,1077,95400.0,1,95450.0,1,95500.0,4,95700.0,3,95750.0,1,96100.0,1,96200.0,1,96350.0,1,96400.0,30,96500.0,2,96100.0
lc2506,,13:47:42.125#,95400.0,96450.0,95350.0,0.0,0.0,541,1077,95400.0,1,95450.0,1,95500.0,4,95700.0,3,95750.0,1,96100.0,2,96200.0,1,96350.0,1,96400.0,30,96500.0,2,96100.0
lc2506,,13:47:44.11#,95400.0,96450.0,95350.0,0.0,0.0,541,1077,95400.0,1,95450.0,1,95500.0,4,95700.0,3,95750.0,1,96100.0,1,96200.0,1,96350.0,1,96400.0,30,96500.0,2,96100.0
lc2506,,13:47:44.104#,95400.0,96450.0,95350.0,0.0,0.0,541,1077,95400.0,1,95450.0,1,95500.0,4,95700.0,3,95750.0,1,96050.0,1,96100.0,1,96200.0,1,96350.0,1,96400.0,30,96100.0
lc2506,,13:47:45.250#,95400.0,96450.0,95350.0,0.0,0.0,541,1077,95400.0,1,95450.0,1,95500.0,4,95700.0,3,95750.0,1,96100.0,1,96200.0,1,96350.0,1,96400.0,30,96500.0,2,96100.0
lc2506,,13:47:45.330#,95400.0,96450.0,95350.0,0.0,0.0,541,1077,95400.0,1,95450.0,1,95500.0,4,95700.0,3,95750.0,1,96100.0,2,96200.0,1,96350.0,1,96400.0,30,96500.0,2,96100.0
lc2506,,13:47:47.21#,95400.0,96450.0,95350.0,0.0,0.0,541,1077,95400.0,1,95450.0,1,95500.0,4,95700.0,3,95750.0,1,96100.0,1,96200.0,1,96350.0,1,96400.0,30,96500.0,2,96100.0
lc2506,,13:47:47.97#,95400.0,96450.0,95350.0,0.0,0.0,541,1077,95400.0,1,95450.0,1,95500.0,4,95700.0,3,95750.0,1,96050.0,1,96100.0,1,96200.0,1,96350.0,1,96400.0,30,96100.0
lc2506,,13:47:47.753#,95400.0,96450.0,95350.0,0.0,0.0,541,1077,95400.0,1,95450.0,1,95500.0,4,95700.0,3,95750.0,1,96100.0,2,96200.0,1,96350.0,1,96400.0,30,96500.0,2,96100.0
lc2506,,13:47:48.531#,95400.0,96450.0,95350.0,0.0,0.0,541,1077,95400.0,1,95450.0,1,95500.0,4,95700.0,3,95750.0,1,96100.0,1,96200.0,1,96350.0,1,96400.0,30,96500.0,2,96100.0
lc2506,,13:47:49.52#,95400.0,96450.0,95350.0,0.0,0.0,541,1077,95400.0,1,95450.0,1,95500.0,4,95700.0,3,95750.0,1,96100.0,1,96200.0,1,96350.0,1,96400.0,30,96500.0,2,96100.0
lc2506,,13:47:49.145#,95400.0,96450.0,95350.0,0.0,0.0,541,1077,95400.0,1,95450.0,1,95500.0,4,95700.0,3,95750.0,1,96100.0,2,96200.0,1,96350.0,1,96400.0,30,96500.0,2,96100.0
lc2506,,13:47:50.539#,95400.0,96450.0,95350.0,0.0,0.0,541,1077,95400.0,1,95450.0,1,95500.0,4,95700.0,3,95750.0,1,96050.0,1,96100.0,1,96200.0,1,96350.0,1,96400.0,30,96100.0
lc2506,,13:47:51.237#,95400.0,96450.0,95350.0,0.0,0.0,541,1077,95400.0,1,95450.0,1,95500.0,4,95700.0,3,95750.0,1,96100.0,2,96200.0,1,96350.0,1,96400.0,30,96500.0,2,96100.0
lc2506,,13:47:51.805#,95400.0,96450.0,95350.0,0.0,0.0,541,1077,95400.0,1,95450.0,1,95500.0,4,95700.0,3,95750.0,1,96050.0,2,96100.0,2,96200.0,1,96350.0,1,96400.0,30,96100.0
lc2506,,13:47:52.568#,95400.0,96450.0,95350.0,0.0,0.0,541,1077,95400.0,1,95450.0,1,95500.0,4,95700.0,3,95750.0,1,96050.0,3,96100.0,1,96200.0,1,96350.0,1,96400.0,30,96100.0
lc2506,,13:47:52.842#,95400.0,96450.0,95350.0,0.0,0.0,541,1077,95400.0,1,95450.0,1,95500.0,4,95700.0,3,95750.0,1,96050.0,1,96100.0,1,96200.0,1,96350.0,1,96400.0,30,96100.0
lc2506,,13:47:53.420#,95400.0,96450.0,95350.0,0.0,0.0,541,1077,95400.0,1,95450.0,1,95500.0,4,95700.0,3,95750.0,1,96100.0,2,96200.0,1,96350.0,1,96400.0,30,96500.0,2,96100.0
lc2506,,13:47:54.753#,95400.0,96450.0,95350.0,0.0,0.0,541,1077,95400.0,1,95450.0,1,95500.0,4,95700.0,3,95750.0,1,96100.0,1,96200.0,1,96350.0,1,96400.0,30,96500.0,2,96100.0
lc2506,,13:47:54.830#,95400.0,96450.0,95350.0,0.0,0.0,541,1077,95400.0,1,95450.0,1,95500.0,4,95700.0,3,95750.0,1,96050.0,1,96100.0,1,96200.0,1,96350.0,1,96400.0,30,96100.0
lc2506,,13:47:55.775#,95400.0,96450.0,95350.0,0.0,0.0,541,1077,95400.0,1,95450.0,1,95500.0,4,95700.0,3,95750.0,1,96100.0,2,96200.0,1,96350.0,1,96400.0,30,96500.0,2,96100.0
lc2506,,13:48:01.262#,95400.0,96450.0,95350.0,0.0,0.0,541,1077,95400.0,1,95450.0,1,95500.0,4,95700.0,3,95750.0,1,96050.0,1,96100.0,1,96200.0,1,96350.0,1,96400.0,30,96100.0
lc2506,,13:48:02.697#,95400.0,96450.0,95350.0,0.0,0.0,541,1077,95400.0,1,95450.0,1,95500.0,4,95700.0,3,95750.0,1,96100.0,2,96200.0,1,96350.0,1,96400.0,30,96500.0,2,96100.0
lc2506,,13:48:03.756#,95400.0,96450.0,95350.0,0.0,0.0,541,1077,95400.0,1,95450.0,1,95500.0,4,95700.0,3,95750.0,1,96100.0,1,96200.0,1,96350.0,1,96400.0,30,96500.0,2,96100.0
lc2506,,13:48:03.832#,95400.0,96450.0,95350.0,0.0,0.0,541,1077,95400.0,1,95450.0,1,95500.0,4,95700.0,3,95750.0,1,96050.0,1,96100.0,1,96200.0,1,96350.0,1,96400.0,30,96100.0
lc2506,,13:48:04.810#,95400.0,96450.0,95350.0,0.0,0.0,541,1077,95400.0,1,95450.0,1,95500.0,4,95700.0,3,95750.0,1,96100.0,2,96200.0,1,96350.0,1,96400.0,30,96500.0,2,96100.0
lc2506,,13:48:06.810#,95400.0,96450.0,95350.0,0.0,0.0,541,1077,95400.0,1,95450.0,1,95500.0,4,95700.0,3,95750.0,1,96050.0,2,96100.0,2,96200.0,1,96350.0,1,96400.0,30,96100.0
lc2506,,13:48:07.486#,95400.0,96450.0,95350.0,0.0,0.0,541,1077,95400.0,1,95450.0,1,95500.0,4,95700.0,3,95750.0,1,96050.0,3,96100.0,1,96200.0,1,96350.0,1,96400.0,30,96100.0
lc2506,,13:48:07.799#,95400.0,96450.0,95350.0,0.0,0.0,541,1077,95400.0,1,95450.0,1,95500.0,4,95700.0,3,95750.0,1,96050.0,1,96100.0,1,96200.0,1,96350.0,1,96400.0,30,96100.0
lc2506,,13:48:08.275#,95400.0,96450.0,95350.0,0.0,0.0,541,1077,95400.0,1,95450.0,1,95500.0,4,95700.0,3,95750.0,1,96100.0,1,96200.0,1,96350.0,1,96400.0,30,96500.0,2,96100.0
lc2506,,13:48:08.353#,95400.0,96450.0,95350.0,0.0,0.0,541,1077,95400.0,1,95450.0,1,95500.0,4,95700.0,3,95750.0,1,96100.0,2,96200.0,1,96350.0,1,96400.0,30,96500.0,2,96100.0
lc2506,,13:48:13.220#,95400.0,96450.0,95350.0,0.0,0.0,541,1077,95400.0,1,95450.0,1,95500.0,4,95700.0,3,95750.0,1,96100.0,1,96200.0,1,96350.0,1,96400.0,30,96500.0,2,96100.0
lc2506,,13:48:13.735#,95400.0,96450.0,95350.0,0.0,0.0,541,1077,95400.0,1,95450.0,1,95500.0,4,95700.0,3,95750.0,1,96150.0,1,96200.0,1,96350.0,1,96400.0,30,96500.0,2,96100.0
lc2506,,13:48:16.185#,95400.0,96450.0,95350.0,0.0,0.0,541,1077,95400.0,1,95450.0,1,95500.0,4,95700.0,3,95750.0,1,96200.0,2,96350.0,1,96400.0,30,96500.0,2,97050.0,1,96100.0
lc2506,,13:48:17.687#,95400.0,96450.0,95350.0,0.0,0.0,541,1077,95400.0,1,95450.0,1,95500.0,4,95700.0,3,95750.0,1,96150.0,1,96200.0,1,96350.0,1,96400.0,30,96500.0,2,96100.0
lc2506,,13:48:21.800#,95400.0,96450.0,95350.0,0.0,0.0,541,1077,95400.0,1,95450.0,1,95500.0,4,95700.0,3,95750.0,1,96100.0,2,96150.0,1,96200.0,1,96350.0,1,96400.0,30,96100.0
lc2506,,13:48:25.684#,95400.0,96450.0,95350.0,0.0,0.0,541,1077,95400.0,1,95450.0,1,95500.0,4,95700.0,3,95750.0,1,96050.0,1,96100.0,2,96200.0,1,96350.0,1,96400.0,30,96100.0
lc2506,,13:48:26.831#,95400.0,96450.0,95350.0,0.0,0.0,541,1077,95400.0,1,95450.0,1,95500.0,4,95700.0,3,95750.0,1,96050.0,1,96200.0,1,96350.0,1,96400.0,30,96500.0,2,96100.0
lc2506,,13:48:27.194#,95400.0,96450.0,95350.0,0.0,0.0,541,1077,95400.0,1,95450.0,1,95500.0,4,95700.0,3,95750.0,1,96100.0,1,96200.0,2,96350.0,1,96400.0,30,96500.0,2,96100.0
lc2506,,13:48:27.683#,95400.0,96450.0,95350.0,0.0,0.0,541,1077,95400.0,1,95450.0,1,95500.0,4,95700.0,3,95750.0,1,96100.0,1,96200.0,1,96350.0,1,96400.0,30,96500.0,2,96100.0
lc2506,,13:48:28.470#,95400.0,96450.0,95350.0,0.0,0.0,541,1077,95400.0,1,95450.0,1,95500.0,4,95700.0,3,95750.0,1,96150.0,1,96200.0,1,96350.0,1,96400.0,30,96500.0,2,96100.0
lc2506,,13:48:36.990#,95400.0,96450.0,95350.0,0.0,0.0,541,1077,95400.0,1,95450.0,1,95500.0,4,95700.0,3,95750.0,1,96100.0,2,96150.0,1,96200.0,1,96350.0,1,96400.0,30,96100.0
lc2506,,13:48:52.734#,95400.0,96450.0,95350.0,0.0,0.0,541,1077,95450.0,1,95500.0,4,95650.0,5,95700.0,3,95750.0,1,96100.0,2,96150.0,1,96200.0,1,96350.0,1,96400.0,30,96100.0
lc2506,,13:48:52.924#,95400.0,96450.0,95350.0,0.0,0.0,541,1077,95450.0,1,95500.0,4,95650.0,5,95700.0,3,95750.0,1,96050.0,1,96100.0,2,96150.0,1,96200.0,1,96350.0,1,96100.0
lc2506,,13:48:53.813#,95400.0,96450.0,95350.0,0.0,0.0,541,1077,95450.0,1,95500.0,4,95650.0,5,95700.0,3,95750.0,1,96050.0,1,96150.0,1,96200.0,1,96350.0,1,96400.0,30,96100.0
lc2506,,13:48:57.297#,95400.0,96450.0,95350.0,0.0,0.0,541,1077,95450.0,1,95500.0,4,95650.0,5,95700.0,3,95750.0,1,96050.0,1,96150.0,1,96200.0,1,96350.0,1,96400.0,38,96100.0
lc2506,,13:49:03.106#,95400.0,96450.0,95350.0,0.0,0.0,541,1077,95450.0,1,95500.0,5,95650.0,5,95700.0,3,95750.0,1,96050.0,1,96150.0,1,96200.0,1,96350.0,1,96400.0,38,96100.0
lc2506,,13:49:03.651#,95400.0,96450.0,95350.0,0.0,0.0,541,1077,95450.0,1,95500.0,4,95650.0,5,95700.0,3,95750.0,1,96050.0,1,96150.0,1,96200.0,1,96350.0,1,96400.0,38,96100.0
lc2506,,13:49:04.354#,95400.0,96450.0,95350.0,0.0,0.0,541,1077,95500.0,4,95650.0,5,95700.0,3,95750.0,1,95800.0,1,96050.0,1,96150.0,1,96200.0,1,96350.0,1,96400.0,38,96100.0
lc2506,,13:49:05.197#,95400.0,96450.0,95350.0,0.0,0.0,541,1077,95450.0,1,95500.0,4,95650.0,5,95700.0,3,95750.0,1,96150.0,1,96200.0,1,96350.0,1,96400.0,38,96500.0,2,96100.0
lc2506,,13:49:05.867#,95400.0,96450.0,95350.0,0.0,0.0,541,1077,95450.0,1,95500.0,4,95650.0,5,95700.0,3,95750.0,1,96100.0,2,96150.0,1,96200.0,1,96350.0,1,96400.0,38,96100.0
lc2506,,13:49:06.956#,95400.0,96450.0,95350.0,0.0,0.0,541,1077,95500.0,4,95650.0,5,95700.0,3,95750.0,1,95800.0,1,96100.0,2,96150.0,1,96200.0,1,96350.0,1,96400.0,38,96100.0
lc2506,,13:49:07.895#,95400.0,96450.0,95350.0,0.0,0.0,541,1077,95450.0,1,95500.0,4,95650.0,5,95700.0,3,95750.0,1,96150.0,1,96200.0,1,96350.0,1,96400.0,38,96500.0,2,96100.0
lc2506,,13:49:15.173#,95400.0,96450.0,95350.0,0.0,0.0,541,1077,95450.0,1,95500.0,4,95650.0,5,95700.0,3,95750.0,1,96100.0,1,96150.0,1,96200.0,1,96350.0,1,96400.0,38,96100.0
lc2506,,13:49:20.919#,95400.0,96450.0,95350.0,0.0,0.0,541,1077,95450.0,1,95500.0,4,95650.0,5,95700.0,3,95750.0,1,96050.0,2,96100.0,1,96150.0,1,96200.0,1,96350.0,1,96100.0
lc2506,,13:49:21.891#,95400.0,96450.0,95350.0,0.0,0.0,541,1077,95450.0,1,95500.0,4,95650.0,5,95700.0,3,95750.0,1,96100.0,1,96150.0,1,96200.0,1,96350.0,1,96400.0,38,96100.0
