InstrumentId,ExchangeId,Datetime,OpenPrice,HighestPrice,LowestPrice,UpperLimitPrice,LowerLimitPrice,Volume,OpenInterest,BidPrice5,BidVolume5,BidPrice4,BidVolume4,BidPrice3,BidVolume3,BidPrice2,BidVolume2,BidPrice1,BidVolume1,AskPrice1,AskVolume1,AskPrice2,AskVolume2,AskPrice3,AskVolume3,AskPrice4,AskVolume4,AskPrice5,AskVolume5,LastPrice
lh2409,DCE,13:38:33.578#,18395.0,18595.0,18310.0,19450.0,17250.0,30090,57974.0,18560.0,10,18565.0,22,18570.0,20,18575.0,15,18580.0,8,18585.0,5,18590.0,44,18595.0,78,18600.0,228,18605.0,19,18585.0
lh2409,DCE,13:38:34.3#,18395.0,18595.0,18310.0,19450.0,17250.0,30090,57974.0,18560.0,10,18565.0,22,18570.0,20,18575.0,26,18580.0,8,18585.0,5,18590.0,44,18595.0,78,18600.0,229,18605.0,19,18585.0
lh2409,DCE,13:38:35.65#,18395.0,18595.0,18310.0,19450.0,17250.0,30091,57973.0,18560.0,10,18565.0,22,18570.0,20,18575.0,15,18580.0,9,18585.0,6,18590.0,44,18595.0,78,18600.0,229,18605.0,19,18580.0
lh2409,DCE,13:38:35.240#,18395.0,18595.0,18310.0,19450.0,17250.0,30092,57974.0,18560.0,10,18565.0,22,18570.0,20,18575.0,15,18580.0,9,18585.0,11,18590.0,44,18595.0,78,18600.0,229,18605.0,19,18585.0
lh2409,DCE,13:38:35.512#,18395.0,18595.0,18310.0,19450.0,17250.0,30092,57974.0,18560.0,10,18565.0,22,18570.0,20,18575.0,15,18580.0,9,18585.0,12,18590.0,45,18595.0,78,18600.0,229,18605.0,19,18585.0
lh2409,DCE,13:38:35.709#,18395.0,18595.0,18310.0,19450.0,17250.0,30095,57975.0,18560.0,10,18565.0,22,18570.0,20,18575.0,15,18580.0,7,18585.0,11,18590.0,47,18595.0,78,18600.0,229,18605.0,19,18585.0
lh2409,DCE,13:38:35.830#,18395.0,18595.0,18310.0,19450.0,17250.0,30095,57975.0,18560.0,10,18565.0,22,18570.0,20,18575.0,15,18580.0,7,18585.0,11,18590.0,48,18595.0,78,18600.0,229,18605.0,19,18585.0
lh2409,DCE,13:38:36.765#,18395.0,18595.0,18310.0,19450.0,17250.0,30095,57975.0,18560.0,10,18565.0,22,18570.0,20,18575.0,15,18580.0,7,18585.0,11,18590.0,49,18595.0,78,18600.0,229,18605.0,19,18585.0
lh2409,DCE,13:38:36.860#,18395.0,18595.0,18310.0,19450.0,17250.0,30095,57975.0,18560.0,10,18565.0,22,18570.0,20,18575.0,15,18580.0,16,18585.0,11,18590.0,49,18595.0,78,18600.0,229,18605.0,19,18585.0
lh2409,DCE,13:38:37.74#,18395.0,18595.0,18310.0,19450.0,17250.0,30095,57975.0,18560.0,10,18565.0,22,18570.0,20,18575.0,15,18580.0,16,18585.0,6,18590.0,49,18595.0,78,18600.0,229,18605.0,19,18585.0
lh2409,DCE,13:38:37.799#,18395.0,18595.0,18310.0,19450.0,17250.0,30095,57975.0,18560.0,10,18565.0,22,18570.0,20,18575.0,16,18580.0,16,18585.0,6,18590.0,49,18595.0,78,18600.0,229,18605.0,19,18585.0
lh2409,DCE,13:38:38.15#,18395.0,18595.0,18310.0,19450.0,17250.0,30096,57974.0,18560.0,10,18565.0,22,18570.0,20,18575.0,15,18580.0,16,18585.0,6,18590.0,49,18595.0,78,18600.0,228,18605.0,19,18580.0
lh2409,DCE,13:38:38.461#,18395.0,18595.0,18310.0,19450.0,17250.0,30096,57974.0,18560.0,10,18565.0,22,18570.0,20,18575.0,15,18580.0,16,18585.0,6,18590.0,50,18595.0,78,18600.0,228,18605.0,19,18580.0
lh2409,DCE,13:38:39.71#,18395.0,18595.0,18310.0,19450.0,17250.0,30099,57977.0,18560.0,10,18565.0,22,18570.0,20,18575.0,15,18580.0,14,18585.0,6,18590.0,50,18595.0,78,18600.0,227,18605.0,19,18580.0
lh2409,DCE,13:38:39.311#,18395.0,18595.0,18310.0,19450.0,17250.0,30100,57978.0,18560.0,10,18565.0,22,18570.0,20,18575.0,15,18580.0,15,18585.0,10,18590.0,50,18595.0,78,18600.0,227,18605.0,19,18585.0
lh2409,DCE,13:38:39.648#,18395.0,18595.0,18310.0,19450.0,17250.0,30101,57979.0,18560.0,10,18565.0,22,18570.0,20,18575.0,15,18580.0,15,18585.0,9,18590.0,50,18595.0,78,18600.0,227,18605.0,19,18585.0
lh2409,DCE,13:38:39.990#,18395.0,18595.0,18310.0,19450.0,17250.0,30101,57979.0,18560.0,10,18565.0,22,18570.0,20,18575.0,15,18580.0,17,18585.0,9,18590.0,50,18595.0,78,18600.0,227,18605.0,19,18585.0
lh2409,DCE,13:38:40.75#,18395.0,18595.0,18310.0,19450.0,17250.0,30101,57979.0,18560.0,10,18565.0,22,18570.0,20,18575.0,15,18580.0,17,18585.0,4,18590.0,50,18595.0,78,18600.0,227,18605.0,19,18585.0
lh2409,DCE,13:38:40.725#,18395.0,18595.0,18310.0,19450.0,17250.0,30103,57978.0,18560.0,10,18565.0,22,18570.0,20,18575.0,15,18580.0,18,18585.0,2,18590.0,51,18595.0,78,18600.0,227,18605.0,19,18585.0
lh2409,DCE,13:38:40.964#,18395.0,18595.0,18310.0,19450.0,17250.0,30103,57978.0,18560.0,10,18565.0,22,18570.0,20,18575.0,15,18580.0,18,18585.0,2,18590.0,52,18595.0,78,18600.0,227,18605.0,19,18585.0
lh2409,DCE,13:38:41.115#,18395.0,18595.0,18310.0,19450.0,17250.0,30103,57978.0,18560.0,10,18565.0,22,18570.0,20,18575.0,15,18580.0,18,18585.0,3,18590.0,52,18595.0,78,18600.0,227,18605.0,19,18585.0
lh2409,DCE,13:38:42.171#,18395.0,18595.0,18310.0,19450.0,17250.0,30104,57979.0,18560.0,10,18565.0,22,18570.0,20,18575.0,15,18580.0,17,18585.0,3,18590.0,52,18595.0,78,18600.0,227,18605.0,19,18580.0
lh2409,DCE,13:38:42.330#,18395.0,18595.0,18310.0,19450.0,17250.0,30104,57979.0,18560.0,9,18565.0,23,18570.0,20,18575.0,15,18580.0,17,18585.0,3,18590.0,52,18595.0,78,18600.0,227,18605.0,19,18580.0
lh2409,DCE,13:38:43.470#,18395.0,18595.0,18310.0,19450.0,17250.0,30107,57982.0,18565.0,23,18570.0,20,18575.0,15,18580.0,17,18585.0,2,18590.0,52,18595.0,78,18600.0,227,18605.0,19,18610.0,19,18585.0
lh2409,DCE,13:38:43.641#,18395.0,18595.0,18310.0,19450.0,17250.0,30108,57983.0,18565.0,23,18570.0,20,18575.0,15,18580.0,14,18585.0,2,18590.0,52,18595.0,78,18600.0,227,18605.0,19,18610.0,19,18585.0
lh2409,DCE,13:38:44.72#,18395.0,18595.0,18310.0,19450.0,17250.0,30110,57985.0,18560.0,9,18565.0,23,18570.0,20,18575.0,15,18580.0,14,18585.0,1,18590.0,52,18595.0,78,18600.0,227,18605.0,19,18585.0
lh2409,DCE,13:38:44.268#,18395.0,18595.0,18310.0,19450.0,17250.0,30110,57985.0,18560.0,9,18565.0,23,18570.0,20,18575.0,15,18580.0,14,18585.0,1,18590.0,53,18595.0,78,18600.0,227,18605.0,19,18585.0
lh2409,DCE,13:38:44.566#,18395.0,18595.0,18310.0,19450.0,17250.0,30113,57987.0,18560.0,9,18565.0,23,18570.0,20,18575.0,15,18580.0,11,18585.0,1,18590.0,53,18595.0,78,18600.0,227,18605.0,19,18580.0
lh2409,DCE,13:38:44.582#,18395.0,18595.0,18310.0,19450.0,17250.0,30113,57987.0,18560.0,9,18565.0,23,18570.0,20,18575.0,15,18580.0,14,18585.0,1,18590.0,53,18595.0,78,18600.0,227,18605.0,19,18580.0
lh2409,DCE,13:38:45.303#,18395.0,18595.0,18310.0,19450.0,17250.0,30114,57987.0,18560.0,9,18565.0,23,18570.0,20,18575.0,15,18580.0,14,18590.0,54,18595.0,78,18600.0,227,18605.0,19,18610.0,19,18585.0
lh2409,DCE,13:38:45.429#,18395.0,18595.0,18310.0,19450.0,17250.0,30115,57988.0,18560.0,9,18565.0,23,18570.0,20,18575.0,15,18580.0,13,18590.0,54,18595.0,78,18600.0,227,18605.0,19,18610.0,19,18580.0
lh2409,DCE,13:38:45.941#,18395.0,18595.0,18310.0,19450.0,17250.0,30115,57988.0,18560.0,9,18565.0,22,18570.0,20,18575.0,15,18580.0,14,18585.0,1,18590.0,54,18595.0,78,18600.0,227,18605.0,19,18580.0
lh2409,DCE,13:38:46.558#,18395.0,18595.0,18310.0,19450.0,17250.0,30115,57988.0,18560.0,9,18565.0,22,18570.0,20,18575.0,15,18580.0,14,18585.0,1,18590.0,54,18595.0,79,18600.0,227,18605.0,19,18580.0
lh2409,DCE,13:38:47.47#,18395.0,18595.0,18310.0,19450.0,17250.0,30116,57989.0,18560.0,9,18565.0,22,18570.0,20,18575.0,15,18580.0,13,18585.0,1,18590.0,54,18595.0,77,18600.0,227,18605.0,19,18580.0
lh2409,DCE,13:38:47.172#,18395.0,18595.0,18310.0,19450.0,17250.0,30118,57990.0,18565.0,22,18570.0,20,18575.0,15,18580.0,12,18585.0,2,18590.0,53,18595.0,77,18600.0,227,18605.0,19,18610.0,19,18585.0
lh2409,DCE,13:38:47.366#,18395.0,18595.0,18310.0,19450.0,17250.0,30118,57990.0,18565.0,22,18570.0,20,18575.0,15,18580.0,12,18585.0,2,18590.0,54,18595.0,77,18600.0,227,18605.0,19,18610.0,19,18585.0
lh2409,DCE,13:38:47.995#,18395.0,18595.0,18310.0,19450.0,17250.0,30119,57991.0,18565.0,22,18570.0,20,18575.0,15,18580.0,12,18585.0,1,18590.0,54,18595.0,77,18600.0,227,18605.0,19,18610.0,19,18585.0
lh2409,DCE,13:38:48.86#,18395.0,18595.0,18310.0,19450.0,17250.0,30120,57992.0,18560.0,9,18565.0,22,18570.0,20,18575.0,15,18580.0,12,18590.0,54,18595.0,77,18600.0,227,18605.0,19,18610.0,19,18585.0
lh2409,DCE,13:38:48.628#,18395.0,18595.0,18310.0,19450.0,17250.0,30121,57992.0,18560.0,9,18565.0,22,18570.0,20,18575.0,15,18580.0,12,18590.0,53,18595.0,77,18600.0,227,18605.0,19,18610.0,19,18590.0
lh2409,DCE,13:38:49.66#,18395.0,18595.0,18310.0,19450.0,17250.0,30121,57992.0,18560.0,9,18565.0,22,18570.0,20,18575.0,15,18580.0,12,18590.0,54,18595.0,77,18600.0,227,18605.0,19,18610.0,19,18590.0
lh2409,DCE,13:38:49.232#,18395.0,18595.0,18310.0,19450.0,17250.0,30121,57992.0,18560.0,9,18565.0,22,18570.0,20,18575.0,15,18580.0,12,18585.0,1,18590.0,54,18595.0,77,18600.0,227,18605.0,19,18590.0
lh2409,DCE,13:38:49.361#,18395.0,18595.0,18310.0,19450.0,17250.0,30121,57992.0,18560.0,9,18565.0,22,18570.0,20,18575.0,15,18580.0,13,18585.0,2,18590.0,54,18595.0,77,18600.0,227,18605.0,19,18590.0
lh2409,DCE,13:38:49.667#,18395.0,18595.0,18310.0,19450.0,17250.0,30121,57992.0,18560.0,9,18565.0,22,18570.0,20,18575.0,15,18580.0,13,18585.0,6,18590.0,54,18595.0,77,18600.0,227,18605.0,19,18590.0
lh2409,DCE,13:38:50.3#,18395.0,18595.0,18310.0,19450.0,17250.0,30121,57992.0,18560.0,9,18565.0,22,18570.0,20,18575.0,15,18580.0,11,18585.0,6,18590.0,54,18595.0,78,18600.0,227,18605.0,19,18590.0
lh2409,DCE,13:38:50.275#,18395.0,18595.0,18310.0,19450.0,17250.0,30121,57992.0,18560.0,9,18565.0,22,18570.0,20,18575.0,15,18580.0,12,18585.0,6,18590.0,54,18595.0,78,18600.0,227,18605.0,19,18590.0
lh2409,DCE,13:38:50.691#,18395.0,18595.0,18310.0,19450.0,17250.0,30121,57992.0,18560.0,9,18565.0,22,18570.0,20,18575.0,15,18580.0,12,18585.0,6,18590.0,64,18595.0,78,18600.0,227,18605.0,19,18590.0
lh2409,DCE,13:38:50.831#,18395.0,18595.0,18310.0,19450.0,17250.0,30121,57992.0,18560.0,9,18565.0,22,18570.0,20,18575.0,15,18580.0,12,18585.0,11,18590.0,64,18595.0,78,18600.0,227,18605.0,19,18590.0
lh2409,DCE,13:38:51.81#,18395.0,18595.0,18310.0,19450.0,17250.0,30121,57992.0,18560.0,9,18565.0,22,18570.0,20,18575.0,15,18580.0,12,18585.0,14,18590.0,64,18595.0,78,18600.0,227,18605.0,19,18590.0
lh2409,DCE,13:38:51.436#,18395.0,18595.0,18310.0,19450.0,17250.0,30126,57990.0,18560.0,9,18565.0,22,18570.0,20,18575.0,15,18580.0,12,18585.0,9,18590.0,64,18595.0,79,18600.0,227,18605.0,19,18590.0
lh2409,DCE,13:38:51.693#,18395.0,18595.0,18310.0,19450.0,17250.0,30132,57995.0,18560.0,9,18565.0,22,18570.0,20,18575.0,15,18580.0,2,18590.0,63,18595.0,79,18600.0,227,18605.0,19,18610.0,19,18590.0
lh2409,DCE,13:38:51.963#,18395.0,18595.0,18310.0,19450.0,17250.0,30135,57993.0,18560.0,9,18565.0,22,18570.0,20,18575.0,15,18580.0,11,18590.0,64,18595.0,79,18600.0,227,18605.0,19,18610.0,19,18585.0
lh2409,DCE,13:38:52.231#,18395.0,18595.0,18310.0,19450.0,17250.0,30135,57993.0,18560.0,9,18565.0,22,18570.0,20,18575.0,15,18580.0,12,18590.0,65,18595.0,79,18600.0,227,18605.0,19,18610.0,19,18585.0
lh2409,DCE,13:38:52.491#,18395.0,18595.0,18310.0,19450.0,17250.0,30136,57993.0,18560.0,9,18565.0,22,18570.0,20,18575.0,15,18580.0,12,18590.0,65,18595.0,79,18600.0,227,18605.0,19,18610.0,19,18585.0
lh2409,DCE,13:38:53.560#,18395.0,18595.0,18310.0,19450.0,17250.0,30137,57993.0,18560.0,9,18565.0,22,18570.0,20,18575.0,15,18580.0,12,18590.0,65,18595.0,79,18600.0,227,18605.0,19,18610.0,19,18585.0
lh2409,DCE,13:38:53.678#,18395.0,18595.0,18310.0,19450.0,17250.0,30137,57993.0,18560.0,9,18565.0,22,18570.0,20,18575.0,15,18580.0,13,18590.0,65,18595.0,79,18600.0,227,18605.0,19,18610.0,19,18585.0
lh2409,DCE,13:38:54.271#,18395.0,18595.0,18310.0,19450.0,17250.0,30147,57996.0,18565.0,22,18570.0,20,18575.0,13,18580.0,15,18585.0,3,18590.0,54,18595.0,79,18600.0,227,18605.0,19,18610.0,19,18590.0
lh2409,DCE,13:38:54.332#,18395.0,18595.0,18310.0,19450.0,17250.0,30147,57996.0,18565.0,22,18570.0,20,18575.0,13,18580.0,15,18585.0,5,18590.0,54,18595.0,79,18600.0,227,18605.0,19,18610.0,19,18590.0
lh2409,DCE,13:38:54.805#,18395.0,18595.0,18310.0,19450.0,17250.0,30148,57997.0,18565.0,22,18570.0,20,18575.0,13,18580.0,15,18585.0,9,18590.0,54,18595.0,80,18600.0,227,18605.0,20,18610.0,19,18585.0
lh2409,DCE,13:38:55.67#,18395.0,18595.0,18310.0,19450.0,17250.0,30158,57998.0,18565.0,22,18570.0,20,18575.0,13,18580.0,15,18585.0,8,18590.0,45,18595.0,80,18600.0,227,18605.0,20,18610.0,19,18590.0
lh2409,DCE,13:38:55.322#,18395.0,18595.0,18310.0,19450.0,17250.0,30161,57997.0,18565.0,22,18570.0,20,18575.0,13,18580.0,29,18585.0,5,18590.0,45,18595.0,80,18600.0,226,18605.0,21,18610.0,19,18585.0
lh2409,DCE,13:38:55.530#,18395.0,18595.0,18310.0,19450.0,17250.0,30161,57997.0,18565.0,22,18570.0,20,18575.0,13,18580.0,29,18585.0,8,18590.0,45,18595.0,80,18600.0,226,18605.0,21,18610.0,19,18585.0
lh2409,DCE,13:38:55.749#,18395.0,18595.0,18310.0,19450.0,17250.0,30162,57998.0,18565.0,22,18570.0,20,18575.0,13,18580.0,29,18585.0,8,18590.0,44,18595.0,80,18600.0,226,18605.0,21,18610.0,19,18590.0
lh2409,DCE,13:38:56.51#,18395.0,18595.0,18310.0,19450.0,17250.0,30176,57992.0,18560.0,9,18565.0,22,18570.0,20,18575.0,13,18580.0,24,18585.0,2,18590.0,44,18595.0,80,18600.0,226,18605.0,21,18585.0
lh2409,DCE,13:38:56.242#,18395.0,18595.0,18310.0,19450.0,17250.0,30177,57992.0,18560.0,9,18565.0,22,18570.0,20,18575.0,13,18580.0,23,18585.0,2,18590.0,43,18595.0,80,18600.0,226,18605.0,21,18580.0
lh2409,DCE,13:38:56.472#,18395.0,18595.0,18310.0,19450.0,17250.0,30177,57992.0,18560.0,9,18565.0,22,18570.0,20,18575.0,13,18580.0,23,18585.0,2,18590.0,44,18595.0,81,18600.0,226,18605.0,21,18580.0
lh2409,DCE,13:38:56.748#,18395.0,18595.0,18310.0,19450.0,17250.0,30177,57992.0,18560.0,9,18565.0,22,18570.0,20,18575.0,11,18580.0,23,18585.0,3,18590.0,45,18595.0,81,18600.0,226,18605.0,21,18580.0
lh2409,DCE,13:38:56.946#,18395.0,18595.0,18310.0,19450.0,17250.0,30177,57992.0,18560.0,9,18565.0,22,18570.0,20,18575.0,11,18580.0,23,18585.0,4,18590.0,45,18595.0,81,18600.0,232,18605.0,21,18580.0
lh2409,DCE,13:38:57.185#,18395.0,18595.0,18310.0,19450.0,17250.0,30179,57992.0,18560.0,9,18565.0,22,18570.0,20,18575.0,11,18580.0,21,18585.0,4,18590.0,45,18595.0,81,18600.0,232,18605.0,21,18585.0
lh2409,DCE,13:38:57.565#,18395.0,18595.0,18310.0,19450.0,17250.0,30179,57992.0,18560.0,9,18565.0,22,18570.0,18,18575.0,11,18580.0,22,18585.0,5,18590.0,45,18595.0,61,18600.0,232,18605.0,26,18585.0
lh2409,DCE,13:38:57.776#,18395.0,18595.0,18310.0,19450.0,17250.0,30179,57992.0,18560.0,9,18565.0,22,18570.0,18,18575.0,11,18580.0,22,18585.0,5,18590.0,45,18595.0,61,18600.0,237,18605.0,26,18585.0
lh2409,DCE,13:38:58.35#,18395.0,18595.0,18310.0,19450.0,17250.0,30179,57992.0,18560.0,9,18565.0,22,18570.0,18,18575.0,12,18580.0,22,18585.0,5,18590.0,45,18595.0,61,18600.0,237,18605.0,26,18585.0
lh2409,DCE,13:38:58.250#,18395.0,18595.0,18310.0,19450.0,17250.0,30179,57992.0,18560.0,9,18565.0,22,18570.0,18,18575.0,12,18580.0,22,18585.0,5,18590.0,45,18595.0,61,18600.0,236,18605.0,26,18585.0
lh2409,DCE,13:38:58.373#,18395.0,18595.0,18310.0,19450.0,17250.0,30180,57993.0,18560.0,9,18565.0,22,18570.0,18,18575.0,12,18580.0,21,18585.0,5,18590.0,45,18595.0,61,18600.0,236,18605.0,26,18580.0
lh2409,DCE,13:38:58.740#,18395.0,18595.0,18310.0,19450.0,17250.0,30180,57993.0,18560.0,9,18565.0,22,18570.0,18,18575.0,12,18580.0,21,18585.0,6,18590.0,45,18595.0,61,18600.0,236,18605.0,26,18580.0
lh2409,DCE,13:38:59.66#,18395.0,18595.0,18310.0,19450.0,17250.0,30180,57993.0,18560.0,9,18565.0,22,18570.0,18,18575.0,12,18580.0,21,18585.0,6,18590.0,45,18595.0,62,18600.0,236,18605.0,26,18580.0
lh2409,DCE,13:38:59.267#,18395.0,18595.0,18310.0,19450.0,17250.0,30180,57993.0,18560.0,9,18565.0,22,18570.0,18,18575.0,12,18580.0,22,18585.0,6,18590.0,45,18595.0,62,18600.0,236,18605.0,26,18580.0
lh2409,DCE,13:38:59.522#,18395.0,18595.0,18310.0,19450.0,17250.0,30181,57993.0,18560.0,9,18565.0,22,18570.0,18,18575.0,12,18580.0,22,18585.0,15,18590.0,45,18595.0,52,18600.0,236,18605.0,26,18585.0
lh2409,DCE,13:38:59.605#,18395.0,18595.0,18310.0,19450.0,17250.0,30181,57993.0,18560.0,9,18565.0,22,18570.0,18,18575.0,12,18580.0,21,18585.0,15,18590.0,45,18595.0,52,18600.0,236,18605.0,26,18585.0
lh2409,DCE,13:39:00.249#,18395.0,18595.0,18310.0,19450.0,17250.0,30182,57994.0,18560.0,9,18565.0,22,18570.0,18,18575.0,12,18580.0,22,18585.0,17,18590.0,45,18595.0,52,18600.0,236,18605.0,26,18585.0
lh2409,DCE,13:39:00.340#,18395.0,18595.0,18310.0,19450.0,17250.0,30182,57994.0,18560.0,9,18565.0,22,18570.0,18,18575.0,12,18580.0,20,18585.0,19,18590.0,45,18595.0,52,18600.0,236,18605.0,26,18585.0
lh2409,DCE,13:39:00.746#,18395.0,18595.0,18310.0,19450.0,17250.0,30184,57994.0,18560.0,10,18565.0,23,18570.0,18,18575.0,12,18580.0,21,18585.0,17,18590.0,45,18595.0,52,18600.0,236,18605.0,26,18585.0
lh2409,DCE,13:39:01.482#,18395.0,18595.0,18310.0,19450.0,17250.0,30185,57995.0,18560.0,10,18565.0,23,18570.0,18,18575.0,12,18580.0,21,18585.0,17,18590.0,45,18595.0,52,18600.0,234,18605.0,26,18580.0
lh2409,DCE,13:39:01.736#,18395.0,18595.0,18310.0,19450.0,17250.0,30185,57995.0,18560.0,10,18565.0,23,18570.0,18,18575.0,12,18580.0,21,18585.0,17,18590.0,45,18595.0,52,18600.0,234,18605.0,21,18580.0
lh2409,DCE,13:39:01.924#,18395.0,18595.0,18310.0,19450.0,17250.0,30186,57996.0,18560.0,10,18565.0,23,18570.0,18,18575.0,12,18580.0,21,18585.0,16,18590.0,45,18595.0,52,18600.0,234,18605.0,21,18585.0
lh2409,DCE,13:39:02.266#,18395.0,18595.0,18310.0,19450.0,17250.0,30186,57996.0,18560.0,10,18565.0,23,18570.0,18,18575.0,12,18580.0,21,18585.0,16,18590.0,46,18595.0,52,18600.0,234,18605.0,21,18585.0
lh2409,DCE,13:39:02.480#,18395.0,18595.0,18310.0,19450.0,17250.0,30187,57996.0,18560.0,10,18565.0,23,18570.0,13,18575.0,12,18580.0,21,18585.0,15,18590.0,46,18595.0,52,18600.0,234,18605.0,21,18585.0
lh2409,DCE,13:39:03.236#,18395.0,18595.0,18310.0,19450.0,17250.0,30188,57996.0,18560.0,10,18565.0,23,18570.0,13,18575.0,12,18580.0,21,18585.0,14,18590.0,45,18595.0,52,18600.0,234,18605.0,21,18585.0
lh2409,DCE,13:39:03.478#,18395.0,18595.0,18310.0,19450.0,17250.0,30189,57995.0,18560.0,10,18565.0,23,18570.0,13,18575.0,12,18580.0,21,18585.0,13,18590.0,44,18595.0,52,18600.0,234,18605.0,21,18585.0
lh2409,DCE,13:39:03.610#,18395.0,18595.0,18310.0,19450.0,17250.0,30189,57995.0,18560.0,10,18565.0,23,18570.0,13,18575.0,12,18580.0,21,18585.0,14,18590.0,44,18595.0,52,18600.0,234,18605.0,21,18585.0
lh2409,DCE,13:39:04.83#,18395.0,18595.0,18310.0,19450.0,17250.0,30190,57996.0,18560.0,10,18565.0,23,18570.0,13,18575.0,12,18580.0,20,18585.0,14,18590.0,44,18595.0,52,18600.0,234,18605.0,21,18580.0
lh2409,DCE,13:39:04.543#,18395.0,18595.0,18310.0,19450.0,17250.0,30193,57997.0,18560.0,10,18565.0,23,18570.0,13,18575.0,12,18580.0,20,18585.0,15,18590.0,44,18595.0,52,18600.0,234,18605.0,21,18585.0
lh2409,DCE,13:39:04.738#,18395.0,18595.0,18310.0,19450.0,17250.0,30193,57997.0,18560.0,10,18565.0,23,18570.0,13,18575.0,12,18580.0,20,18585.0,14,18590.0,44,18595.0,52,18600.0,233,18605.0,22,18585.0
lh2409,DCE,13:39:05.65#,18395.0,18595.0,18310.0,19450.0,17250.0,30194,57998.0,18560.0,10,18565.0,22,18570.0,14,18575.0,12,18580.0,19,18585.0,14,18590.0,44,18595.0,52,18600.0,233,18605.0,22,18580.0
lh2409,DCE,13:39:05.233#,18395.0,18595.0,18310.0,19450.0,17250.0,30195,57997.0,18560.0,10,18565.0,22,18570.0,14,18575.0,12,18580.0,19,18585.0,15,18590.0,44,18595.0,52,18600.0,233,18605.0,22,18585.0
lh2409,DCE,13:39:05.396#,18395.0,18595.0,18310.0,19450.0,17250.0,30196,57997.0,18560.0,10,18565.0,22,18570.0,14,18575.0,12,18580.0,18,18585.0,14,18590.0,44,18595.0,52,18600.0,233,18605.0,22,18585.0
lh2409,DCE,13:39:05.723#,18395.0,18595.0,18310.0,19450.0,17250.0,30196,57997.0,18560.0,10,18565.0,22,18570.0,14,18575.0,12,18580.0,19,18585.0,14,18590.0,44,18595.0,52,18600.0,233,18605.0,22,18585.0
lh2409,DCE,13:39:05.969#,18395.0,18595.0,18310.0,19450.0,17250.0,30196,57997.0,18560.0,10,18565.0,22,18570.0,14,18575.0,12,18580.0,21,18585.0,12,18590.0,44,18595.0,52,18600.0,233,18605.0,22,18585.0
lh2409,DCE,13:39:07.48#,18395.0,18595.0,18310.0,19450.0,17250.0,30198,57997.0,18560.0,10,18565.0,22,18570.0,14,18575.0,12,18580.0,20,18585.0,10,18590.0,44,18595.0,52,18600.0,233,18605.0,22,18585.0
lh2409,DCE,13:39:07.100#,18395.0,18595.0,18310.0,19450.0,17250.0,30198,57997.0,18560.0,10,18565.0,22,18570.0,14,18575.0,12,18580.0,20,18585.0,10,18590.0,44,18595.0,52,18600.0,232,18605.0,22,18585.0
lh2409,DCE,13:39:07.608#,18395.0,18595.0,18310.0,19450.0,17250.0,30198,57997.0,18560.0,10,18565.0,22,18570.0,14,18575.0,17,18580.0,20,18585.0,10,18590.0,44,18595.0,52,18600.0,232,18605.0,22,18585.0
lh2409,DCE,13:39:08.15#,18395.0,18595.0,18310.0,19450.0,17250.0,30199,57997.0,18560.0,10,18565.0,22,18570.0,14,18575.0,17,18580.0,19,18585.0,9,18590.0,44,18595.0,52,18600.0,232,18605.0,22,18585.0
lh2409,DCE,13:39:08.321#,18395.0,18595.0,18310.0,19450.0,17250.0,30200,57998.0,18560.0,10,18565.0,22,18570.0,14,18575.0,17,18580.0,18,18585.0,9,18590.0,44,18595.0,52,18600.0,232,18605.0,22,18580.0
lh2409,DCE,13:39:08.334#,18395.0,18595.0,18310.0,19450.0,17250.0,30201,57998.0,18560.0,10,18565.0,22,18570.0,14,18575.0,17,18580.0,18,18585.0,8,18590.0,44,18595.0,52,18600.0,232,18605.0,22,18585.0
lh2409,DCE,13:39:08.600#,18395.0,18595.0,18310.0,19450.0,17250.0,30201,57998.0,18560.0,10,18565.0,22,18570.0,14,18575.0,17,18580.0,18,18585.0,9,18590.0,44,18595.0,52,18600.0,232,18605.0,22,18585.0
lh2409,DCE,13:39:08.969#,18395.0,18595.0,18310.0,19450.0,17250.0,30201,57998.0,18560.0,10,18565.0,22,18570.0,14,18575.0,17,18580.0,18,18585.0,10,18590.0,44,18595.0,52,18600.0,232,18605.0,22,18585.0
lh2409,DCE,13:39:09.482#,18395.0,18595.0,18310.0,19450.0,17250.0,30201,57998.0,18560.0,10,18565.0,22,18570.0,14,18575.0,17,18580.0,18,18585.0,10,18590.0,44,18595.0,51,18600.0,232,18605.0,22,18585.0
lh2409,DCE,13:39:09.655#,18395.0,18595.0,18310.0,19450.0,17250.0,30202,57998.0,18560.0,10,18565.0,22,18570.0,14,18575.0,17,18580.0,17,18585.0,9,18590.0,44,18595.0,51,18600.0,232,18605.0,22,18585.0
lh2409,DCE,13:39:10.63#,18395.0,18595.0,18310.0,19450.0,17250.0,30202,57998.0,18560.0,10,18565.0,22,18570.0,14,18575.0,16,18580.0,18,18585.0,9,18590.0,44,18595.0,51,18600.0,232,18605.0,22,18585.0
lh2409,DCE,13:39:10.280#,18395.0,18595.0,18310.0,19450.0,17250.0,30202,57998.0,18560.0,10,18565.0,22,18570.0,14,18575.0,16,18580.0,18,18585.0,9,18590.0,44,18595.0,52,18600.0,232,18605.0,22,18585.0
lh2409,DCE,13:39:10.571#,18395.0,18595.0,18310.0,19450.0,17250.0,30203,57997.0,18560.0,10,18565.0,22,18570.0,14,18575.0,16,18580.0,18,18585.0,8,18590.0,44,18595.0,52,18600.0,232,18605.0,22,18585.0
lh2409,DCE,13:39:11.571#,18395.0,18595.0,18310.0,19450.0,17250.0,30204,57997.0,18560.0,10,18565.0,22,18570.0,14,18575.0,16,18580.0,18,18585.0,7,18590.0,44,18595.0,52,18600.0,232,18605.0,22,18585.0
lh2409,DCE,13:39:11.697#,18395.0,18595.0,18310.0,19450.0,17250.0,30205,57997.0,18560.0,10,18565.0,22,18570.0,14,18575.0,16,18580.0,17,18585.0,8,18590.0,44,18595.0,52,18600.0,232,18605.0,22,18580.0
lh2409,DCE,13:39:12.61#,18395.0,18595.0,18310.0,19450.0,17250.0,30205,57997.0,18560.0,10,18565.0,22,18570.0,14,18575.0,16,18580.0,17,18585.0,11,18590.0,44,18595.0,52,18600.0,232,18605.0,22,18580.0
lh2409,DCE,13:39:12.312#,18395.0,18595.0,18310.0,19450.0,17250.0,30205,57997.0,18560.0,10,18565.0,22,18570.0,14,18575.0,16,18580.0,18,18585.0,12,18590.0,44,18595.0,52,18600.0,232,18605.0,22,18580.0
lh2409,DCE,13:39:12.373#,18395.0,18595.0,18310.0,19450.0,17250.0,30206,57996.0,18560.0,12,18565.0,22,18570.0,14,18575.0,16,18580.0,16,18585.0,13,18590.0,46,18595.0,52,18600.0,232,18605.0,22,18580.0
lh2409,DCE,13:39:12.747#,18395.0,18595.0,18310.0,19450.0,17250.0,30206,57996.0,18560.0,12,18565.0,22,18570.0,14,18575.0,16,18580.0,17,18585.0,12,18590.0,46,18595.0,52,18600.0,232,18605.0,22,18580.0
lh2409,DCE,13:39:12.978#,18395.0,18595.0,18310.0,19450.0,17250.0,30206,57996.0,18560.0,12,18565.0,22,18570.0,14,18575.0,16,18580.0,17,18585.0,13,18590.0,46,18595.0,52,18600.0,232,18605.0,22,18580.0
lh2409,DCE,13:39:13.201#,18395.0,18595.0,18310.0,19450.0,17250.0,30207,57996.0,18560.0,12,18565.0,22,18570.0,14,18575.0,16,18580.0,16,18585.0,13,18590.0,46,18595.0,52,18600.0,232,18605.0,22,18580.0
lh2409,DCE,13:39:13.489#,18395.0,18595.0,18310.0,19450.0,17250.0,30207,57996.0,18560.0,12,18565.0,22,18570.0,14,18575.0,16,18580.0,16,18585.0,13,18590.0,48,18595.0,52,18600.0,232,18605.0,22,18580.0
lh2409,DCE,13:39:13.579#,18395.0,18595.0,18310.0,19450.0,17250.0,30207,57996.0,18560.0,12,18565.0,22,18570.0,14,18575.0,16,18580.0,16,18585.0,17,18590.0,48,18595.0,52,18600.0,232,18605.0,22,18580.0
lh2409,DCE,13:39:13.908#,18395.0,18595.0,18310.0,19450.0,17250.0,30207,57996.0,18560.0,12,18565.0,22,18570.0,14,18575.0,16,18580.0,16,18585.0,18,18590.0,48,18595.0,52,18600.0,232,18605.0,22,18580.0
lh2409,DCE,13:39:14.318#,18395.0,18595.0,18310.0,19450.0,17250.0,30207,57996.0,18560.0,12,18565.0,23,18570.0,13,18575.0,16,18580.0,16,18585.0,18,18590.0,48,18595.0,55,18600.0,234,18605.0,22,18580.0
lh2409,DCE,13:39:14.486#,18395.0,18595.0,18310.0,19450.0,17250.0,30207,57996.0,18560.0,12,18565.0,23,18570.0,13,18575.0,16,18580.0,16,18585.0,23,18590.0,48,18595.0,55,18600.0,229,18605.0,22,18580.0
lh2409,DCE,13:39:14.801#,18395.0,18595.0,18310.0,19450.0,17250.0,30208,57997.0,18560.0,12,18565.0,23,18570.0,13,18575.0,16,18580.0,16,18585.0,24,18590.0,48,18595.0,55,18600.0,229,18605.0,22,18585.0
lh2409,DCE,13:39:15.269#,18395.0,18595.0,18310.0,19450.0,17250.0,30213,57999.0,18560.0,12,18565.0,23,18570.0,13,18575.0,16,18580.0,18,18585.0,20,18590.0,48,18595.0,55,18600.0,229,18605.0,22,18585.0
lh2409,DCE,13:39:15.492#,18395.0,18595.0,18310.0,19450.0,17250.0,30220,57999.0,18560.0,12,18565.0,23,18570.0,13,18575.0,16,18580.0,12,18585.0,10,18590.0,48,18595.0,55,18600.0,229,18605.0,22,18580.0
lh2409,DCE,13:39:15.588#,18395.0,18595.0,18310.0,19450.0,17250.0,30220,57999.0,18560.0,12,18565.0,23,18570.0,13,18575.0,23,18580.0,11,18585.0,11,18590.0,48,18595.0,55,18600.0,229,18605.0,22,18580.0
lh2409,DCE,13:39:15.948#,18395.0,18595.0,18310.0,19450.0,17250.0,30220,57999.0,18560.0,12,18565.0,23,18570.0,13,18575.0,17,18580.0,10,18585.0,12,18590.0,48,18595.0,55,18600.0,229,18605.0,22,18580.0
lh2409,DCE,13:39:16.266#,18395.0,18595.0,18310.0,19450.0,17250.0,30220,57999.0,18560.0,12,18565.0,23,18570.0,13,18575.0,20,18580.0,10,18585.0,13,18590.0,47,18595.0,55,18600.0,229,18605.0,22,18580.0
lh2409,DCE,13:39:16.412#,18395.0,18595.0,18310.0,19450.0,17250.0,30220,57999.0,18560.0,12,18565.0,23,18570.0,13,18575.0,20,18580.0,10,18585.0,12,18590.0,47,18595.0,55,18600.0,229,18605.0,22,18580.0
lh2409,DCE,13:39:16.821#,18395.0,18595.0,18310.0,19450.0,17250.0,30221,58000.0,18560.0,12,18565.0,23,18570.0,20,18575.0,15,18580.0,10,18585.0,10,18590.0,47,18595.0,55,18600.0,230,18605.0,21,18585.0
lh2409,DCE,13:39:17.196#,18395.0,18595.0,18310.0,19450.0,17250.0,30223,58000.0,18560.0,12,18565.0,23,18570.0,20,18575.0,15,18580.0,10,18585.0,9,18590.0,47,18595.0,55,18600.0,228,18605.0,22,18585.0
lh2409,DCE,13:39:17.552#,18395.0,18595.0,18310.0,19450.0,17250.0,30228,57999.0,18560.0,12,18565.0,23,18570.0,20,18575.0,15,18580.0,10,18585.0,5,18590.0,47,18595.0,55,18600.0,228,18605.0,22,18585.0
lh2409,DCE,13:39:17.580#,18395.0,18595.0,18310.0,19450.0,17250.0,30228,57999.0,18560.0,12,18565.0,23,18570.0,20,18575.0,15,18580.0,11,18585.0,5,18590.0,47,18595.0,55,18600.0,228,18605.0,22,18585.0
lh2409,DCE,13:39:18.68#,18395.0,18595.0,18310.0,19450.0,17250.0,30229,58000.0,18560.0,12,18565.0,23,18570.0,20,18575.0,15,18580.0,12,18585.0,5,18590.0,47,18595.0,55,18600.0,228,18605.0,22,18585.0
lh2409,DCE,13:39:19.1#,18395.0,18595.0,18310.0,19450.0,17250.0,30231,58000.0,18560.0,12,18565.0,23,18570.0,20,18575.0,15,18580.0,11,18585.0,4,18590.0,48,18595.0,55,18600.0,228,18605.0,22,18580.0
lh2409,DCE,13:39:19.255#,18395.0,18595.0,18310.0,19450.0,17250.0,30231,58000.0,18560.0,12,18565.0,23,18570.0,20,18575.0,15,18580.0,11,18585.0,5,18590.0,48,18595.0,55,18600.0,228,18605.0,22,18580.0
lh2409,DCE,13:39:19.330#,18395.0,18595.0,18310.0,19450.0,17250.0,30231,58000.0,18560.0,12,18565.0,23,18570.0,20,18575.0,15,18580.0,10,18585.0,5,18590.0,48,18595.0,55,18600.0,229,18605.0,21,18580.0
lh2409,DCE,13:39:20.251#,18395.0,18595.0,18310.0,19450.0,17250.0,30231,58000.0,18560.0,12,18565.0,23,18570.0,20,18575.0,15,18580.0,10,18585.0,6,18590.0,48,18595.0,55,18600.0,229,18605.0,21,18580.0
lh2409,DCE,13:39:20.536#,18395.0,18595.0,18310.0,19450.0,17250.0,30241,58006.0,18555.0,22,18560.0,12,18565.0,23,18570.0,20,18575.0,15,18585.0,8,18590.0,48,18595.0,55,18600.0,229,18605.0,20,18580.0
lh2409,DCE,13:39:20.577#,18395.0,18595.0,18310.0,19450.0,17250.0,30241,58006.0,18555.0,22,18560.0,12,18565.0,23,18570.0,20,18575.0,15,18585.0,20,18590.0,48,18595.0,55,18600.0,229,18605.0,20,18580.0
lh2409,DCE,13:39:21.52#,18395.0,18595.0,18310.0,19450.0,17250.0,30241,58006.0,18555.0,22,18560.0,12,18565.0,23,18570.0,20,18575.0,17,18585.0,20,18590.0,45,18595.0,55,18600.0,229,18605.0,20,18580.0
lh2409,DCE,13:39:21.309#,18395.0,18595.0,18310.0,19450.0,17250.0,30242,58006.0,18555.0,22,18560.0,12,18565.0,23,18570.0,21,18575.0,17,18585.0,13,18590.0,45,18595.0,55,18600.0,229,18605.0,20,18585.0
lh2409,DCE,13:39:21.560#,18395.0,18595.0,18310.0,19450.0,17250.0,30242,58006.0,18560.0,12,18565.0,23,18570.0,21,18575.0,19,18580.0,1,18585.0,14,18590.0,45,18595.0,55,18600.0,229,18605.0,20,18585.0
lh2409,DCE,13:39:21.724#,18395.0,18595.0,18310.0,19450.0,17250.0,30242,58006.0,18560.0,12,18565.0,23,18570.0,21,18575.0,20,18580.0,1,18585.0,14,18590.0,45,18595.0,55,18600.0,229,18605.0,20,18585.0
lh2409,DCE,13:39:22.397#,18395.0,18595.0,18310.0,19450.0,17250.0,30242,58006.0,18560.0,12,18565.0,23,18570.0,21,18575.0,20,18580.0,1,18585.0,14,18590.0,45,18595.0,55,18600.0,228,18605.0,20,18585.0
lh2409,DCE,13:39:22.708#,18395.0,18595.0,18310.0,19450.0,17250.0,30242,58006.0,18560.0,13,18565.0,22,18570.0,21,18575.0,20,18580.0,1,18585.0,14,18590.0,45,18595.0,55,18600.0,228,18605.0,20,18585.0
lh2409,DCE,13:39:23.322#,18395.0,18595.0,18310.0,19450.0,17250.0,30243,58007.0,18555.0,22,18560.0,13,18565.0,22,18570.0,21,18575.0,20,18580.0,1,18585.0,14,18590.0,45,18595.0,55,18600.0,228,18580.0
lh2409,DCE,13:39:23.561#,18395.0,18595.0,18310.0,19450.0,17250.0,30245,58006.0,18555.0,22,18560.0,13,18565.0,22,18570.0,21,18575.0,20,18580.0,1,18585.0,14,18590.0,45,18595.0,55,18600.0,228,18580.0
lh2409,DCE,13:39:23.603#,18395.0,18595.0,18310.0,19450.0,17250.0,30245,58006.0,18555.0,22,18560.0,11,18565.0,22,18570.0,23,18575.0,20,18580.0,1,18585.0,16,18590.0,43,18595.0,55,18600.0,228,18580.0
lh2409,DCE,13:39:24.180#,18395.0,18595.0,18310.0,19450.0,17250.0,30246,58005.0,18555.0,22,18560.0,10,18565.0,23,18570.0,23,18575.0,20,18580.0,1,18585.0,16,18590.0,43,18595.0,55,18600.0,228,18580.0
lh2409,DCE,13:39:24.357#,18395.0,18595.0,18310.0,19450.0,17250.0,30248,58006.0,18555.0,22,18560.0,10,18565.0,23,18570.0,23,18575.0,20,18585.0,15,18590.0,43,18595.0,55,18600.0,228,18605.0,20,18585.0
lh2409,DCE,13:39:24.716#,18395.0,18595.0,18310.0,19450.0,17250.0,30248,58006.0,18555.0,22,18560.0,10,18565.0,23,18570.0,23,18575.0,20,18585.0,15,18590.0,44,18595.0,55,18600.0,228,18605.0,20,18585.0
lh2409,DCE,13:39:25.302#,18395.0,18595.0,18310.0,19450.0,17250.0,30249,58007.0,18555.0,22,18560.0,10,18565.0,23,18570.0,23,18575.0,20,18585.0,15,18590.0,44,18595.0,55,18600.0,228,18605.0,20,18580.0
lh2409,DCE,13:39:25.665#,18395.0,18595.0,18310.0,19450.0,17250.0,30249,58007.0,18555.0,22,18560.0,10,18565.0,23,18570.0,23,18575.0,20,18585.0,15,18590.0,44,18595.0,55,18600.0,218,18605.0,20,18580.0
lh2409,DCE,13:39:26.44#,18395.0,18595.0,18310.0,19450.0,17250.0,30249,58007.0,18555.0,22,18560.0,10,18565.0,23,18570.0,23,18575.0,21,18585.0,25,18590.0,44,18595.0,55,18600.0,218,18605.0,20,18580.0
lh2409,DCE,13:39:26.948#,18395.0,18595.0,18310.0,19450.0,17250.0,30249,58007.0,18555.0,22,18560.0,10,18565.0,23,18570.0,23,18575.0,21,18585.0,25,18590.0,44,18595.0,55,18600.0,218,18605.0,22,18580.0
lh2409,DCE,13:39:27.302#,18395.0,18595.0,18310.0,19450.0,17250.0,30250,58007.0,18555.0,22,18560.0,10,18565.0,23,18570.0,23,18575.0,21,18585.0,24,18590.0,44,18595.0,56,18600.0,218,18605.0,22,18585.0
lh2409,DCE,13:39:27.552#,18395.0,18595.0,18310.0,19450.0,17250.0,30250,58007.0,18555.0,22,18560.0,10,18565.0,23,18570.0,34,18575.0,21,18585.0,24,18590.0,44,18595.0,56,18600.0,218,18605.0,17,18585.0
lh2409,DCE,13:39:27.809#,18395.0,18595.0,18310.0,19450.0,17250.0,30250,58007.0,18555.0,23,18560.0,10,18565.0,23,18570.0,34,18575.0,21,18585.0,24,18590.0,44,18595.0,56,18600.0,218,18605.0,17,18585.0
lh2409,DCE,13:39:27.949#,18395.0,18595.0,18310.0,19450.0,17250.0,30250,58007.0,18555.0,23,18560.0,10,18565.0,23,18570.0,34,18575.0,25,18585.0,24,18590.0,44,18595.0,56,18600.0,218,18605.0,17,18585.0
lh2409,DCE,13:39:28.246#,18395.0,18595.0,18310.0,19450.0,17250.0,30250,58007.0,18555.0,23,18560.0,10,18565.0,23,18570.0,34,18575.0,25,18585.0,34,18590.0,43,18595.0,56,18600.0,218,18605.0,17,18585.0
lh2409,DCE,13:39:28.435#,18395.0,18595.0,18310.0,19450.0,17250.0,30250,58007.0,18555.0,23,18560.0,10,18565.0,23,18570.0,34,18575.0,25,18585.0,33,18590.0,43,18595.0,56,18600.0,218,18605.0,17,18585.0
lh2409,DCE,13:39:28.658#,18395.0,18595.0,18310.0,19450.0,17250.0,30250,58007.0,18555.0,23,18560.0,10,18565.0,23,18570.0,34,18575.0,25,18580.0,1,18585.0,33,18590.0,43,18595.0,57,18600.0,218,18585.0
lh2409,DCE,13:39:28.989#,18395.0,18595.0,18310.0,19450.0,17250.0,30250,58007.0,18555.0,23,18560.0,10,18565.0,23,18570.0,34,18575.0,25,18580.0,1,18585.0,33,18590.0,43,18595.0,58,18600.0,218,18585.0
lh2409,DCE,13:39:29.812#,18395.0,18595.0,18310.0,19450.0,17250.0,30251,58008.0,18555.0,23,18560.0,10,18565.0,23,18570.0,34,18575.0,25,18585.0,34,18590.0,43,18595.0,58,18600.0,218,18605.0,17,18580.0
lh2409,DCE,13:39:30.262#,18395.0,18595.0,18310.0,19450.0,17250.0,30252,58008.0,18560.0,10,18565.0,23,18570.0,34,18575.0,24,18580.0,2,18585.0,34,18590.0,43,18595.0,58,18600.0,218,18605.0,17,18575.0
lh2409,DCE,13:39:30.353#,18395.0,18595.0,18310.0,19450.0,17250.0,30252,58008.0,18560.0,10,18565.0,23,18570.0,34,18575.0,24,18580.0,2,18585.0,36,18590.0,43,18595.0,58,18600.0,218,18605.0,17,18575.0
lh2409,DCE,13:39:30.795#,18395.0,18595.0,18310.0,19450.0,17250.0,30255,58007.0,18555.0,23,18560.0,10,18565.0,23,18570.0,32,18575.0,26,18585.0,34,18590.0,45,18595.0,58,18600.0,218,18605.0,17,18580.0
lh2409,DCE,13:39:31.47#,18395.0,18595.0,18310.0,19450.0,17250.0,30255,58007.0,18555.0,23,18560.0,10,18565.0,23,18570.0,32,18575.0,26,18585.0,34,18590.0,47,18595.0,58,18600.0,217,18605.0,17,18580.0
lh2409,DCE,13:39:31.268#,18395.0,18595.0,18310.0,19450.0,17250.0,30255,58007.0,18555.0,23,18560.0,10,18565.0,23,18570.0,32,18575.0,27,18585.0,34,18590.0,47,18595.0,58,18600.0,217,18605.0,17,18580.0
lh2409,DCE,13:39:31.637#,18395.0,18595.0,18310.0,19450.0,17250.0,30255,58007.0,18555.0,23,18560.0,10,18565.0,23,18570.0,32,18575.0,27,18585.0,34,18590.0,47,18595.0,58,18600.0,216,18605.0,18,18580.0
lh2409,DCE,13:39:32.173#,18395.0,18595.0,18310.0,19450.0,17250.0,30255,58007.0,18560.0,10,18565.0,23,18570.0,32,18575.0,27,18580.0,10,18585.0,34,18590.0,47,18595.0,58,18600.0,216,18605.0,19,18580.0
lh2409,DCE,13:39:32.523#,18395.0,18595.0,18310.0,19450.0,17250.0,30255,58007.0,18560.0,10,18565.0,23,18570.0,32,18575.0,27,18580.0,10,18585.0,53,18590.0,47,18595.0,58,18600.0,216,18605.0,19,18580.0
lh2409,DCE,13:39:33.12#,18395.0,18595.0,18310.0,19450.0,17250.0,30256,58008.0,18560.0,10,18565.0,23,18570.0,32,18575.0,27,18580.0,10,18585.0,52,18590.0,47,18595.0,58,18600.0,216,18605.0,19,18585.0
lh2409,DCE,13:39:33.158#,18395.0,18595.0,18310.0,19450.0,17250.0,30256,58008.0,18560.0,10,18565.0,23,18570.0,32,18575.0,27,18580.0,10,18585.0,52,18590.0,46,18595.0,58,18600.0,216,18605.0,19,18585.0
lh2409,DCE,13:39:33.555#,18395.0,18595.0,18310.0,19450.0,17250.0,30259,58009.0,18560.0,10,18565.0,23,18570.0,32,18575.0,27,18580.0,8,18585.0,51,18590.0,46,18595.0,58,18600.0,217,18605.0,18,18585.0
lh2409,DCE,13:39:33.800#,18395.0,18595.0,18310.0,19450.0,17250.0,30262,58010.0,18560.0,10,18565.0,23,18570.0,32,18575.0,26,18580.0,8,18585.0,49,18590.0,46,18595.0,58,18600.0,217,18605.0,18,18585.0
lh2409,DCE,13:39:34.312#,18395.0,18595.0,18310.0,19450.0,17250.0,30265,58013.0,18560.0,10,18565.0,23,18570.0,32,18575.0,26,18580.0,5,18585.0,50,18590.0,46,18595.0,58,18600.0,217,18605.0,18,18580.0
lh2409,DCE,13:39:34.554#,18395.0,18595.0,18310.0,19450.0,17250.0,30267,58015.0,18560.0,10,18565.0,23,18570.0,32,18575.0,26,18580.0,3,18585.0,50,18590.0,46,18595.0,58,18600.0,217,18605.0,18,18580.0
lh2409,DCE,13:39:34.709#,18395.0,18595.0,18310.0,19450.0,17250.0,30269,58017.0,18560.0,10,18565.0,23,18570.0,32,18575.0,26,18580.0,1,18585.0,50,18590.0,46,18595.0,58,18600.0,216,18605.0,19,18580.0
lh2409,DCE,13:39:35.42#,18395.0,18595.0,18310.0,19450.0,17250.0,30270,58017.0,18555.0,23,18560.0,10,18565.0,23,18570.0,32,18575.0,26,18580.0,1,18585.0,52,18590.0,46,18595.0,58,18600.0,216,18580.0
lh2409,DCE,13:39:35.122#,18395.0,18595.0,18310.0,19450.0,17250.0,30270,58017.0,18555.0,23,18560.0,10,18565.0,23,18570.0,34,18575.0,24,18580.0,3,18585.0,54,18590.0,44,18595.0,58,18600.0,216,18580.0
lh2409,DCE,13:39:35.442#,18395.0,18595.0,18310.0,19450.0,17250.0,30270,58017.0,18555.0,23,18560.0,10,18565.0,23,18570.0,34,18575.0,22,18580.0,3,18585.0,54,18590.0,44,18595.0,58,18600.0,216,18580.0
lh2409,DCE,13:39:35.722#,18395.0,18595.0,18310.0,19450.0,17250.0,30270,58017.0,18555.0,23,18560.0,10,18565.0,23,18570.0,34,18575.0,24,18580.0,3,18585.0,54,18590.0,44,18595.0,58,18600.0,217,18580.0
lh2409,DCE,13:39:36.11#,18395.0,18595.0,18310.0,19450.0,17250.0,30270,58017.0,18555.0,23,18560.0,10,18565.0,23,18570.0,34,18575.0,29,18580.0,6,18585.0,54,18590.0,44,18595.0,58,18600.0,217,18580.0
lh2409,DCE,13:39:36.306#,18395.0,18595.0,18310.0,19450.0,17250.0,30270,58017.0,18555.0,23,18560.0,10,18565.0,23,18570.0,34,18575.0,29,18580.0,7,18585.0,54,18590.0,44,18595.0,58,18600.0,217,18580.0
lh2409,DCE,13:39:36.438#,18395.0,18595.0,18310.0,19450.0,17250.0,30270,58017.0,18555.0,23,18560.0,10,18565.0,23,18570.0,34,18575.0,29,18580.0,9,18585.0,55,18590.0,44,18595.0,58,18600.0,217,18580.0
lh2409,DCE,13:39:36.818#,18395.0,18595.0,18310.0,19450.0,17250.0,30270,58017.0,18555.0,23,18560.0,10,18565.0,23,18570.0,37,18575.0,29,18580.0,9,18585.0,55,18590.0,44,18595.0,58,18600.0,218,18580.0
lh2409,DCE,13:39:37.278#,18395.0,18595.0,18310.0,19450.0,17250.0,30273,58017.0,18555.0,23,18560.0,10,18565.0,23,18570.0,37,18575.0,28,18580.0,7,18585.0,55,18590.0,44,18595.0,58,18600.0,218,18575.0
lh2409,DCE,13:39:37.398#,18395.0,18595.0,18310.0,19450.0,17250.0,30273,58017.0,18555.0,23,18560.0,10,18565.0,23,18570.0,37,18575.0,28,18580.0,7,18585.0,55,18590.0,43,18595.0,58,18600.0,218,18575.0
lh2409,DCE,13:39:37.761#,18395.0,18595.0,18310.0,19450.0,17250.0,30274,58016.0,18555.0,23,18560.0,10,18565.0,23,18570.0,37,18575.0,28,18580.0,6,18585.0,55,18590.0,43,18595.0,58,18600.0,218,18580.0
lh2409,DCE,13:39:38.36#,18395.0,18595.0,18310.0,19450.0,17250.0,30274,58016.0,18555.0,23,18560.0,10,18565.0,23,18570.0,37,18575.0,28,18580.0,6,18585.0,59,18590.0,43,18595.0,55,18600.0,218,18580.0
lh2409,DCE,13:39:38.215#,18395.0,18595.0,18310.0,19450.0,17250.0,30277,58017.0,18555.0,23,18560.0,11,18565.0,22,18570.0,37,18575.0,27,18580.0,4,18585.0,59,18590.0,43,18595.0,55,18600.0,218,18580.0
lh2409,DCE,13:39:38.406#,18395.0,18595.0,18310.0,19450.0,17250.0,30278,58016.0,18555.0,23,18560.0,11,18565.0,22,18570.0,37,18575.0,27,18580.0,3,18585.0,59,18590.0,43,18595.0,55,18600.0,218,18580.0
lh2409,DCE,13:39:38.795#,18395.0,18595.0,18310.0,19450.0,17250.0,30280,58018.0,18555.0,23,18560.0,10,18565.0,23,18570.0,37,18575.0,28,18580.0,1,18585.0,59,18590.0,43,18595.0,55,18600.0,218,18580.0
lh2409,DCE,13:39:38.962#,18395.0,18595.0,18310.0,19450.0,17250.0,30282,58019.0,18555.0,23,18560.0,10,18565.0,23,18570.0,37,18575.0,26,18580.0,1,18585.0,59,18590.0,37,18595.0,55,18600.0,218,18580.0
lh2409,DCE,13:39:39.254#,18395.0,18595.0,18310.0,19450.0,17250.0,30283,58020.0,18560.0,10,18565.0,23,18570.0,37,18575.0,26,18580.0,1,18585.0,59,18590.0,37,18595.0,55,18600.0,218,18605.0,19,18580.0
lh2409,DCE,13:39:39.685#,18395.0,18595.0,18310.0,19450.0,17250.0,30283,58020.0,18560.0,10,18565.0,23,18570.0,35,18575.0,29,18580.0,2,18585.0,57,18590.0,39,18595.0,55,18600.0,218,18605.0,19,18580.0
lh2409,DCE,13:39:39.986#,18395.0,18595.0,18310.0,19450.0,17250.0,30283,58020.0,18560.0,10,18565.0,23,18570.0,35,18575.0,29,18580.0,2,18585.0,37,18590.0,37,18595.0,55,18600.0,218,18605.0,19,18580.0
lh2409,DCE,13:39:40.292#,18395.0,18595.0,18310.0,19450.0,17250.0,30287,58022.0,18555.0,23,18560.0,10,18565.0,23,18570.0,35,18575.0,27,18580.0,18,18585.0,35,18590.0,38,18595.0,55,18600.0,218,18575.0
lh2409,DCE,13:39:40.344#,18395.0,18595.0,18310.0,19450.0,17250.0,30287,58022.0,18555.0,23,18560.0,10,18565.0,23,18570.0,35,18575.0,27,18580.0,19,18585.0,35,18590.0,38,18595.0,55,18600.0,218,18575.0
lh2409,DCE,13:39:40.577#,18395.0,18595.0,18310.0,19450.0,17250.0,30287,58022.0,18555.0,23,18560.0,10,18565.0,23,18570.0,37,18575.0,25,18580.0,19,18585.0,37,18590.0,36,18595.0,55,18600.0,218,18575.0
lh2409,DCE,13:39:40.884#,18395.0,18595.0,18310.0,19450.0,17250.0,30288,58022.0,18555.0,23,18560.0,10,18565.0,23,18570.0,37,18575.0,25,18580.0,18,18585.0,37,18590.0,36,18595.0,55,18600.0,218,18580.0
lh2409,DCE,13:39:41.479#,18395.0,18595.0,18310.0,19450.0,17250.0,30288,58022.0,18555.0,23,18560.0,10,18565.0,30,18570.0,30,18575.0,25,18580.0,18,18585.0,41,18590.0,36,18595.0,55,18600.0,218,18580.0
lh2409,DCE,13:39:41.983#,18395.0,18595.0,18310.0,19450.0,17250.0,30288,58022.0,18555.0,23,18560.0,10,18565.0,30,18570.0,30,18575.0,25,18580.0,19,18585.0,41,18590.0,36,18595.0,55,18600.0,218,18580.0
lh2409,DCE,13:39:42.212#,18395.0,18595.0,18310.0,19450.0,17250.0,30289,58022.0,18555.0,23,18560.0,10,18565.0,28,18570.0,30,18575.0,26,18580.0,18,18585.0,42,18590.0,36,18595.0,55,18600.0,219,18580.0
lh2409,DCE,13:39:42.366#,18395.0,18595.0,18310.0,19450.0,17250.0,30291,58024.0,18555.0,23,18560.0,10,18565.0,28,18570.0,30,18575.0,26,18580.0,16,18585.0,42,18590.0,36,18595.0,55,18600.0,219,18580.0
lh2409,DCE,13:39:42.752#,18395.0,18595.0,18310.0,19450.0,17250.0,30291,58024.0,18555.0,23,18560.0,10,18565.0,28,18570.0,30,18575.0,26,18580.0,16,18585.0,43,18590.0,36,18595.0,55,18600.0,219,18580.0
lh2409,DCE,13:39:43.138#,18395.0,18595.0,18310.0,19450.0,17250.0,30291,58024.0,18555.0,23,18560.0,10,18565.0,27,18570.0,30,18575.0,27,18580.0,16,18585.0,43,18590.0,36,18595.0,55,18600.0,219,18580.0
lh2409,DCE,13:39:43.535#,18395.0,18595.0,18310.0,19450.0,17250.0,30292,58024.0,18555.0,23,18560.0,10,18565.0,27,18570.0,30,18575.0,26,18580.0,16,18585.0,44,18590.0,36,18595.0,55,18600.0,219,18575.0
lh2409,DCE,13:39:43.933#,18395.0,18595.0,18310.0,19450.0,17250.0,30293,58024.0,18555.0,23,18560.0,10,18565.0,27,18570.0,30,18575.0,26,18580.0,15,18585.0,44,18590.0,36,18595.0,55,18600.0,219,18580.0
lh2409,DCE,13:39:44.205#,18395.0,18595.0,18310.0,19450.0,17250.0,30293,58024.0,18555.0,23,18560.0,10,18565.0,27,18570.0,30,18575.0,26,18580.0,16,18585.0,44,18590.0,36,18595.0,55,18600.0,219,18580.0
lh2409,DCE,13:39:44.407#,18395.0,18595.0,18310.0,19450.0,17250.0,30293,58024.0,18555.0,23,18560.0,10,18565.0,27,18570.0,30,18575.0,27,18580.0,16,18585.0,44,18590.0,36,18595.0,55,18600.0,219,18580.0
lh2409,DCE,13:39:44.679#,18395.0,18595.0,18310.0,19450.0,17250.0,30293,58024.0,18555.0,23,18560.0,10,18565.0,27,18570.0,30,18575.0,27,18580.0,16,18585.0,44,18590.0,36,18595.0,55,18600.0,218,18580.0
lh2409,DCE,13:39:44.899#,18395.0,18595.0,18310.0,19450.0,17250.0,30293,58024.0,18555.0,23,18560.0,10,18565.0,29,18570.0,30,18575.0,27,18580.0,16,18585.0,44,18590.0,36,18595.0,55,18600.0,218,18580.0
lh2409,DCE,13:39:45.224#,18395.0,18595.0,18310.0,19450.0,17250.0,30293,58024.0,18555.0,23,18560.0,10,18565.0,29,18570.0,30,18575.0,27,18580.0,16,18585.0,50,18590.0,36,18595.0,55,18600.0,218,18580.0
lh2409,DCE,13:39:45.569#,18395.0,18595.0,18310.0,19450.0,17250.0,30295,58025.0,18555.0,23,18560.0,10,18565.0,26,18570.0,30,18575.0,25,18580.0,16,18585.0,50,18590.0,36,18595.0,55,18600.0,218,18575.0
lh2409,DCE,13:39:45.703#,18395.0,18595.0,18310.0,19450.0,17250.0,30296,58026.0,18555.0,23,18560.0,11,18565.0,25,18570.0,30,18575.0,25,18580.0,15,18585.0,50,18590.0,37,18595.0,55,18600.0,218,18580.0
lh2409,DCE,13:39:46.43#,18395.0,18595.0,18310.0,19450.0,17250.0,30298,58027.0,18555.0,23,18560.0,10,18565.0,25,18570.0,31,18575.0,24,18580.0,14,18585.0,51,18590.0,37,18595.0,55,18600.0,218,18580.0
lh2409,DCE,13:39:46.295#,18395.0,18595.0,18310.0,19450.0,17250.0,30303,58032.0,18555.0,23,18560.0,10,18565.0,26,18570.0,30,18575.0,23,18580.0,11,18585.0,51,18590.0,37,18595.0,55,18600.0,218,18575.0
lh2409,DCE,13:39:46.477#,18395.0,18595.0,18310.0,19450.0,17250.0,30303,58032.0,18555.0,23,18560.0,10,18565.0,26,18570.0,31,18575.0,23,18580.0,11,18585.0,52,18590.0,37,18595.0,55,18600.0,218,18575.0
lh2409,DCE,13:39:46.643#,18395.0,18595.0,18310.0,19450.0,17250.0,30303,58032.0,18555.0,23,18560.0,10,18565.0,26,18570.0,31,18575.0,24,18580.0,12,18585.0,52,18590.0,37,18595.0,55,18600.0,218,18575.0
lh2409,DCE,13:39:47.169#,18395.0,18595.0,18310.0,19450.0,17250.0,30304,58032.0,18555.0,23,18560.0,10,18565.0,26,18570.0,31,18575.0,24,18580.0,11,18585.0,52,18590.0,37,18595.0,55,18600.0,218,18580.0
lh2409,DCE,13:39:47.498#,18395.0,18595.0,18310.0,19450.0,17250.0,30304,58032.0,18555.0,23,18560.0,10,18565.0,25,18570.0,31,18575.0,24,18580.0,12,18585.0,52,18590.0,37,18595.0,55,18600.0,218,18580.0
lh2409,DCE,13:39:47.632#,18395.0,18595.0,18310.0,19450.0,17250.0,30304,58032.0,18555.0,23,18560.0,11,18565.0,24,18570.0,31,18575.0,24,18580.0,12,18585.0,52,18590.0,37,18595.0,55,18600.0,218,18580.0
lh2409,DCE,13:39:47.847#,18395.0,18595.0,18310.0,19450.0,17250.0,30319,58024.0,18555.0,23,18560.0,11,18565.0,24,18570.0,31,18575.0,11,18580.0,10,18585.0,52,18590.0,37,18595.0,55,18600.0,218,18580.0
lh2409,DCE,13:39:48.234#,18395.0,18595.0,18310.0,19450.0,17250.0,30319,58024.0,18555.0,23,18560.0,12,18565.0,24,18570.0,31,18575.0,12,18580.0,19,18585.0,52,18590.0,37,18595.0,55,18600.0,218,18580.0
lh2409,DCE,13:39:48.551#,18395.0,18595.0,18310.0,19450.0,17250.0,30320,58024.0,18555.0,23,18560.0,19,18565.0,22,18570.0,31,18575.0,12,18580.0,18,18585.0,52,18590.0,37,18595.0,54,18600.0,218,18580.0
lh2409,DCE,13:39:48.698#,18395.0,18595.0,18310.0,19450.0,17250.0,30325,58029.0,18555.0,23,18560.0,19,18565.0,22,18570.0,31,18575.0,12,18580.0,11,18585.0,52,18590.0,37,18595.0,54,18600.0,218,18580.0
lh2409,DCE,13:39:48.993#,18395.0,18595.0,18310.0,19450.0,17250.0,30327,58031.0,18555.0,23,18560.0,19,18565.0,22,18570.0,31,18575.0,11,18580.0,4,18585.0,52,18590.0,37,18595.0,54,18600.0,218,18575.0
lh2409,DCE,13:39:49.257#,18395.0,18595.0,18310.0,19450.0,17250.0,30327,58031.0,18555.0,23,18560.0,19,18565.0,22,18570.0,31,18575.0,11,18580.0,3,18585.0,52,18590.0,37,18595.0,54,18600.0,218,18575.0
lh2409,DCE,13:39:49.446#,18395.0,18595.0,18310.0,19450.0,17250.0,30327,58031.0,18555.0,23,18560.0,19,18565.0,22,18570.0,31,18575.0,11,18580.0,4,18585.0,52,18590.0,37,18595.0,54,18600.0,218,18575.0
lh2409,DCE,13:39:50.46#,18395.0,18595.0,18310.0,19450.0,17250.0,30328,58032.0,18555.0,23,18560.0,19,18565.0,22,18570.0,31,18575.0,10,18580.0,4,18585.0,52,18590.0,37,18595.0,54,18600.0,218,18575.0
lh2409,DCE,13:39:50.174#,18395.0,18595.0,18310.0,19450.0,17250.0,30328,58032.0,18555.0,23,18560.0,12,18565.0,32,18570.0,31,18575.0,10,18580.0,4,18585.0,52,18590.0,37,18595.0,54,18600.0,218,18575.0
lh2409,DCE,13:39:50.333#,18395.0,18595.0,18310.0,19450.0,17250.0,30328,58032.0,18555.0,23,18560.0,11,18565.0,33,18570.0,31,18575.0,10,18580.0,4,18585.0,52,18590.0,37,18595.0,54,18600.0,218,18575.0
lh2409,DCE,13:39:50.820#,18395.0,18595.0,18310.0,19450.0,17250.0,30329,58031.0,18555.0,23,18560.0,11,18565.0,33,18570.0,31,18575.0,10,18580.0,3,18585.0,51,18590.0,37,18595.0,54,18600.0,218,18580.0
lh2409,DCE,13:39:51.38#,18395.0,18595.0,18310.0,19450.0,17250.0,30329,58031.0,18555.0,23,18560.0,11,18565.0,33,18570.0,31,18575.0,11,18580.0,4,18585.0,51,18590.0,37,18595.0,54,18600.0,218,18580.0
lh2409,DCE,13:39:51.252#,18395.0,18595.0,18310.0,19450.0,17250.0,30330,58032.0,18555.0,23,18560.0,11,18565.0,33,18570.0,32,18575.0,10,18580.0,4,18585.0,51,18590.0,37,18595.0,54,18600.0,218,18575.0
lh2409,DCE,13:39:52.105#,18395.0,18595.0,18310.0,19450.0,17250.0,30330,58032.0,18555.0,23,18560.0,12,18565.0,32,18570.0,32,18575.0,10,18580.0,4,18585.0,51,18590.0,37,18595.0,54,18600.0,218,18575.0
lh2409,DCE,13:39:52.455#,18395.0,18595.0,18310.0,19450.0,17250.0,30332,58032.0,18555.0,23,18560.0,12,18565.0,32,18570.0,32,18575.0,10,18580.0,2,18585.0,51,18590.0,37,18595.0,54,18600.0,218,18580.0
lh2409,DCE,13:39:52.971#,18395.0,18595.0,18310.0,19450.0,17250.0,30332,58032.0,18555.0,23,18560.0,12,18565.0,32,18570.0,33,18575.0,10,18580.0,2,18585.0,51,18590.0,37,18595.0,54,18600.0,218,18580.0
lh2409,DCE,13:39:53.322#,18395.0,18595.0,18310.0,19450.0,17250.0,30335,58035.0,18560.0,12,18565.0,32,18570.0,33,18575.0,10,18580.0,6,18585.0,51,18590.0,37,18595.0,54,18600.0,218,18605.0,20,18580.0
lh2409,DCE,13:39:53.541#,18395.0,18595.0,18310.0,19450.0,17250.0,30335,58035.0,18560.0,11,18565.0,33,18570.0,33,18575.0,12,18580.0,6,18585.0,51,18590.0,37,18595.0,54,18600.0,218,18605.0,20,18580.0
lh2409,DCE,13:39:53.577#,18395.0,18595.0,18310.0,19450.0,17250.0,30335,58035.0,18560.0,11,18565.0,33,18570.0,31,18575.0,14,18580.0,6,18585.0,49,18590.0,39,18595.0,54,18600.0,218,18605.0,20,18580.0
lh2409,DCE,13:39:53.919#,18395.0,18595.0,18310.0,19450.0,17250.0,30335,58035.0,18560.0,11,18565.0,33,18570.0,31,18575.0,14,18580.0,7,18585.0,49,18590.0,39,18595.0,54,18600.0,218,18605.0,20,18580.0
lh2409,DCE,13:39:54.248#,18395.0,18595.0,18310.0,19450.0,17250.0,30335,58035.0,18560.0,12,18565.0,32,18570.0,31,18575.0,14,18580.0,7,18585.0,49,18590.0,39,18595.0,54,18600.0,218,18605.0,20,18580.0
lh2409,DCE,13:39:54.355#,18395.0,18595.0,18310.0,19450.0,17250.0,30335,58035.0,18560.0,11,18565.0,33,18570.0,31,18575.0,14,18580.0,7,18585.0,49,18590.0,39,18595.0,54,18600.0,218,18605.0,20,18580.0
lh2409,DCE,13:39:54.812#,18395.0,18595.0,18310.0,19450.0,17250.0,30335,58035.0,18560.0,12,18565.0,32,18570.0,31,18575.0,14,18580.0,7,18585.0,49,18590.0,39,18595.0,54,18600.0,218,18605.0,20,18580.0
lh2409,DCE,13:39:55.270#,18395.0,18595.0,18310.0,19450.0,17250.0,30336,58035.0,18560.0,12,18565.0,32,18570.0,31,18575.0,14,18580.0,6,18585.0,49,18590.0,39,18595.0,55,18600.0,218,18605.0,19,18580.0
lh2409,DCE,13:39:55.542#,18395.0,18595.0,18310.0,19450.0,17250.0,30338,58037.0,18560.0,12,18565.0,32,18570.0,31,18575.0,14,18580.0,4,18585.0,49,18590.0,39,18595.0,55,18600.0,218,18605.0,19,18580.0
lh2409,DCE,13:39:55.765#,18395.0,18595.0,18310.0,19450.0,17250.0,30338,58037.0,18560.0,12,18565.0,32,18570.0,31,18575.0,14,18580.0,4,18585.0,49,18590.0,38,18595.0,55,18600.0,218,18605.0,19,18580.0
lh2409,DCE,13:39:56.64#,18395.0,18595.0,18310.0,19450.0,17250.0,30339,58037.0,18560.0,12,18565.0,32,18570.0,31,18575.0,14,18580.0,3,18585.0,49,18590.0,38,18595.0,55,18600.0,218,18605.0,19,18580.0
lh2409,DCE,13:39:56.246#,18395.0,18595.0,18310.0,19450.0,17250.0,30341,58039.0,18560.0,12,18565.0,32,18570.0,31,18575.0,14,18580.0,1,18585.0,49,18590.0,38,18595.0,55,18600.0,218,18605.0,19,18580.0
lh2409,DCE,13:39:56.491#,18395.0,18595.0,18310.0,19450.0,17250.0,30342,58040.0,18555.0,23,18560.0,12,18565.0,32,18570.0,31,18575.0,14,18580.0,1,18585.0,51,18590.0,38,18595.0,55,18600.0,218,18580.0
lh2409,DCE,13:39:56.714#,18395.0,18595.0,18310.0,19450.0,17250.0,30343,58040.0,18555.0,23,18560.0,12,18565.0,32,18570.0,33,18575.0,14,18585.0,53,18590.0,36,18595.0,55,18600.0,218,18605.0,19,18580.0
lh2409,DCE,13:39:56.867#,18395.0,18595.0,18310.0,19450.0,17250.0,30343,58040.0,18555.0,23,18560.0,12,18565.0,32,18570.0,33,18575.0,13,18585.0,53,18590.0,36,18595.0,55,18600.0,218,18605.0,19,18580.0
lh2409,DCE,13:39:57.196#,18395.0,18595.0,18310.0,19450.0,17250.0,30343,58040.0,18555.0,23,18560.0,12,18565.0,25,18570.0,33,18575.0,13,18585.0,52,18590.0,36,18595.0,55,18600.0,218,18605.0,19,18580.0
lh2409,DCE,13:39:57.416#,18395.0,18595.0,18310.0,19450.0,17250.0,30343,58040.0,18555.0,24,18560.0,11,18565.0,23,18570.0,33,18575.0,13,18585.0,52,18590.0,36,18595.0,55,18600.0,218,18605.0,19,18580.0
lh2409,DCE,13:39:57.760#,18395.0,18595.0,18310.0,19450.0,17250.0,30343,58040.0,18555.0,24,18560.0,11,18565.0,23,18570.0,33,18575.0,12,18585.0,52,18590.0,36,18595.0,55,18600.0,218,18605.0,19,18580.0
lh2409,DCE,13:39:58.490#,18395.0,18595.0,18310.0,19450.0,17250.0,30343,58040.0,18555.0,23,18560.0,11,18565.0,23,18570.0,34,18575.0,12,18585.0,52,18590.0,36,18595.0,55,18600.0,218,18605.0,19,18580.0
lh2409,DCE,13:39:58.822#,18395.0,18595.0,18310.0,19450.0,17250.0,30343,58040.0,18555.0,23,18560.0,11,18565.0,23,18570.0,34,18575.0,12,18585.0,53,18590.0,36,18595.0,55,18600.0,218,18605.0,19,18580.0
lh2409,DCE,13:39:59.9#,18395.0,18595.0,18310.0,19450.0,17250.0,30343,58040.0,18555.0,23,18560.0,12,18565.0,23,18570.0,34,18575.0,12,18585.0,54,18590.0,36,18595.0,55,18600.0,218,18605.0,19,18580.0
lh2409,DCE,13:39:59.415#,18395.0,18595.0,18310.0,19450.0,17250.0,30344,58041.0,18560.0,12,18565.0,23,18570.0,34,18575.0,10,18580.0,1,18585.0,55,18590.0,36,18595.0,55,18600.0,218,18605.0,19,18575.0
lh2409,DCE,13:39:59.808#,18395.0,18595.0,18310.0,19450.0,17250.0,30346,58043.0,18555.0,23,18560.0,12,18565.0,23,18570.0,32,18575.0,13,18585.0,56,18590.0,38,18595.0,55,18600.0,218,18605.0,19,18575.0
lh2409,DCE,13:39:59.969#,18395.0,18595.0,18310.0,19450.0,17250.0,30346,58043.0,18555.0,23,18560.0,12,18565.0,24,18570.0,32,18575.0,12,18580.0,1,18585.0,56,18590.0,38,18595.0,55,18600.0,218,18575.0
lh2409,DCE,13:40:00.187#,18395.0,18595.0,18310.0,19450.0,17250.0,30348,58042.0,18555.0,23,18560.0,22,18565.0,23,18570.0,34,18575.0,11,18585.0,57,18590.0,36,18595.0,55,18600.0,219,18605.0,18,18585.0
lh2409,DCE,13:40:00.569#,18395.0,18595.0,18310.0,19450.0,17250.0,30348,58042.0,18555.0,23,18560.0,22,18565.0,23,18570.0,34,18575.0,13,18580.0,3,18585.0,58,18590.0,36,18595.0,55,18600.0,219,18585.0
lh2409,DCE,13:40:00.793#,18395.0,18595.0,18310.0,19450.0,17250.0,30366,58039.0,18560.0,21,18565.0,23,18570.0,34,18575.0,13,18580.0,1,18585.0,41,18590.0,36,18595.0,55,18600.0,218,18605.0,19,18585.0
lh2409,DCE,13:40:00.887#,18395.0,18595.0,18310.0,19450.0,17250.0,30367,58039.0,18560.0,22,18565.0,23,18570.0,34,18575.0,13,18580.0,10,18585.0,41,18590.0,36,18595.0,55,18600.0,218,18605.0,19,18585.0
lh2409,DCE,13:40:01.236#,18395.0,18595.0,18310.0,19450.0,17250.0,30367,58039.0,18560.0,12,18565.0,30,18570.0,32,18575.0,15,18580.0,11,18585.0,37,18590.0,38,18595.0,55,18600.0,218,18605.0,19,18585.0
lh2409,DCE,13:40:01.560#,18395.0,18595.0,18310.0,19450.0,17250.0,30367,58039.0,18560.0,12,18565.0,32,18570.0,32,18575.0,15,18580.0,11,18585.0,37,18590.0,38,18595.0,55,18600.0,219,18605.0,19,18585.0
lh2409,DCE,13:40:01.794#,18395.0,18595.0,18310.0,19450.0,17250.0,30367,58039.0,18560.0,12,18565.0,33,18570.0,32,18575.0,15,18580.0,11,18585.0,37,18590.0,38,18595.0,55,18600.0,219,18605.0,19,18585.0
lh2409,DCE,13:40:02.72#,18395.0,18595.0,18310.0,19450.0,17250.0,30368,58039.0,18560.0,12,18565.0,33,18570.0,33,18575.0,15,18580.0,12,18585.0,36,18590.0,38,18595.0,55,18600.0,219,18605.0,19,18585.0
lh2409,DCE,13:40:02.240#,18395.0,18595.0,18310.0,19450.0,17250.0,30368,58039.0,18560.0,12,18565.0,33,18570.0,33,18575.0,15,18580.0,13,18585.0,36,18590.0,38,18595.0,55,18600.0,219,18605.0,19,18585.0
lh2409,DCE,13:40:02.801#,18395.0,18595.0,18310.0,19450.0,17250.0,30370,58040.0,18560.0,12,18565.0,33,18570.0,33,18575.0,15,18580.0,12,18585.0,36,18590.0,38,18595.0,55,18600.0,219,18605.0,19,18585.0
lh2409,DCE,13:40:02.981#,18395.0,18595.0,18310.0,19450.0,17250.0,30370,58040.0,18560.0,12,18565.0,33,18570.0,33,18575.0,15,18580.0,15,18585.0,36,18590.0,38,18595.0,55,18600.0,219,18605.0,19,18585.0
lh2409,DCE,13:40:03.321#,18395.0,18595.0,18310.0,19450.0,17250.0,30371,58041.0,18560.0,12,18565.0,33,18570.0,33,18575.0,14,18580.0,15,18585.0,35,18590.0,38,18595.0,55,18600.0,219,18605.0,19,18585.0
lh2409,DCE,13:40:03.469#,18395.0,18595.0,18310.0,19450.0,17250.0,30371,58041.0,18560.0,12,18565.0,33,18570.0,33,18575.0,14,18580.0,15,18585.0,35,18590.0,38,18595.0,55,18600.0,220,18605.0,19,18585.0
lh2409,DCE,13:40:04.303#,18395.0,18595.0,18310.0,19450.0,17250.0,30373,58043.0,18560.0,12,18565.0,24,18570.0,33,18575.0,14,18580.0,13,18585.0,35,18590.0,39,18595.0,55,18600.0,220,18605.0,19,18580.0
lh2409,DCE,13:40:04.519#,18395.0,18595.0,18310.0,19450.0,17250.0,30374,58044.0,18560.0,12,18565.0,26,18570.0,33,18575.0,14,18580.0,9,18585.0,35,18590.0,39,18595.0,55,18600.0,220,18605.0,19,18580.0
lh2409,DCE,13:40:04.711#,18395.0,18595.0,18310.0,19450.0,17250.0,30374,58044.0,18560.0,12,18565.0,25,18570.0,33,18575.0,14,18580.0,8,18585.0,35,18590.0,39,18595.0,55,18600.0,220,18605.0,19,18580.0
lh2409,DCE,13:40:04.919#,18395.0,18595.0,18310.0,19450.0,17250.0,30376,58046.0,18560.0,12,18565.0,25,18570.0,33,18575.0,14,18580.0,6,18585.0,40,18590.0,39,18595.0,55,18600.0,220,18605.0,19,18580.0
lh2409,DCE,13:40:05.290#,18395.0,18595.0,18310.0,19450.0,17250.0,30378,58048.0,18560.0,12,18565.0,25,18570.0,33,18575.0,14,18580.0,4,18585.0,40,18590.0,40,18595.0,54,18600.0,220,18605.0,19,18580.0
lh2409,DCE,13:40:05.566#,18395.0,18595.0,18310.0,19450.0,17250.0,30380,58050.0,18560.0,12,18565.0,24,18570.0,33,18575.0,14,18580.0,2,18585.0,40,18590.0,41,18595.0,54,18600.0,220,18605.0,19,18580.0
lh2409,DCE,13:40:05.741#,18395.0,18595.0,18310.0,19450.0,17250.0,30383,58051.0,18560.0,12,18565.0,24,18570.0,33,18575.0,14,18580.0,2,18585.0,41,18590.0,40,18595.0,54,18600.0,220,18605.0,19,18585.0
lh2409,DCE,13:40:06.17#,18395.0,18595.0,18310.0,19450.0,17250.0,30383,58051.0,18560.0,22,18565.0,23,18570.0,33,18575.0,14,18580.0,5,18585.0,41,18590.0,40,18595.0,54,18600.0,221,18605.0,18,18585.0
lh2409,DCE,13:40:06.103#,18395.0,18595.0,18310.0,19450.0,17250.0,30383,58051.0,18560.0,22,18565.0,23,18570.0,33,18575.0,14,18580.0,5,18585.0,42,18590.0,40,18595.0,54,18600.0,221,18605.0,18,18585.0
lh2409,DCE,13:40:07.550#,18395.0,18595.0,18310.0,19450.0,17250.0,30385,58051.0,18560.0,22,18565.0,23,18570.0,33,18575.0,14,18580.0,11,18585.0,40,18590.0,40,18595.0,55,18600.0,221,18605.0,18,18585.0
lh2409,DCE,13:40:07.577#,18395.0,18595.0,18310.0,19450.0,17250.0,30385,58051.0,18560.0,22,18565.0,23,18570.0,33,18575.0,14,18580.0,13,18585.0,37,18590.0,40,18595.0,55,18600.0,221,18605.0,18,18585.0
lh2409,DCE,13:40:08.26#,18395.0,18595.0,18310.0,19450.0,17250.0,30386,58051.0,18560.0,22,18565.0,23,18570.0,33,18575.0,14,18580.0,12,18585.0,38,18590.0,40,18595.0,55,18600.0,221,18605.0,18,18580.0
lh2409,DCE,13:40:08.288#,18395.0,18595.0,18310.0,19450.0,17250.0,30387,58051.0,18560.0,23,18565.0,23,18570.0,33,18575.0,16,18580.0,11,18585.0,38,18590.0,40,18595.0,55,18600.0,221,18605.0,18,18580.0
lh2409,DCE,13:40:08.513#,18395.0,18595.0,18310.0,19450.0,17250.0,30389,58050.0,18560.0,23,18565.0,23,18570.0,33,18575.0,16,18580.0,11,18585.0,36,18590.0,40,18595.0,56,18600.0,221,18605.0,18,18585.0
lh2409,DCE,13:40:08.626#,18395.0,18595.0,18310.0,19450.0,17250.0,30389,58050.0,18560.0,23,18565.0,23,18570.0,33,18575.0,16,18580.0,11,18585.0,36,18590.0,40,18595.0,56,18600.0,220,18605.0,18,18585.0
lh2409,DCE,13:40:09.314#,18395.0,18595.0,18310.0,19450.0,17250.0,30390,58050.0,18560.0,23,18565.0,23,18570.0,33,18575.0,16,18580.0,10,18585.0,35,18590.0,40,18595.0,56,18600.0,220,18605.0,18,18580.0
lh2409,DCE,13:40:09.572#,18395.0,18595.0,18310.0,19450.0,17250.0,30390,58050.0,18560.0,23,18565.0,23,18570.0,33,18575.0,16,18580.0,10,18585.0,35,18590.0,40,18595.0,56,18600.0,219,18605.0,19,18580.0
lh2409,DCE,13:40:09.642#,18395.0,18595.0,18310.0,19450.0,17250.0,30391,58050.0,18560.0,23,18565.0,23,18570.0,33,18575.0,16,18580.0,9,18585.0,35,18590.0,40,18595.0,56,18600.0,219,18605.0,19,18580.0
lh2409,DCE,13:40:09.960#,18395.0,18595.0,18310.0,19450.0,17250.0,30393,58050.0,18560.0,23,18565.0,23,18570.0,33,18575.0,16,18580.0,9,18585.0,33,18590.0,40,18595.0,56,18600.0,219,18605.0,19,18585.0
lh2409,DCE,13:40:10.275#,18395.0,18595.0,18310.0,19450.0,17250.0,30394,58051.0,18560.0,23,18565.0,23,18570.0,33,18575.0,16,18580.0,9,18585.0,32,18590.0,40,18595.0,56,18600.0,219,18605.0,19,18585.0
lh2409,DCE,13:40:10.533#,18395.0,18595.0,18310.0,19450.0,17250.0,30395,58052.0,18560.0,13,18565.0,24,18570.0,33,18575.0,16,18580.0,8,18585.0,32,18590.0,40,18595.0,56,18600.0,219,18605.0,19,18580.0
lh2409,DCE,13:40:10.628#,18395.0,18595.0,18310.0,19450.0,17250.0,30395,58052.0,18560.0,13,18565.0,28,18570.0,33,18575.0,16,18580.0,8,18585.0,32,18590.0,40,18595.0,56,18600.0,219,18605.0,19,18580.0
lh2409,DCE,13:40:11.7#,18395.0,18595.0,18310.0,19450.0,17250.0,30396,58053.0,18560.0,13,18565.0,28,18570.0,33,18575.0,16,18580.0,7,18585.0,32,18590.0,40,18595.0,56,18600.0,220,18605.0,19,18580.0
lh2409,DCE,13:40:11.301#,18395.0,18595.0,18310.0,19450.0,17250.0,30396,58053.0,18560.0,12,18565.0,29,18570.0,33,18575.0,16,18580.0,7,18585.0,32,18590.0,40,18595.0,55,18600.0,220,18605.0,19,18580.0
lh2409,DCE,13:40:11.537#,18395.0,18595.0,18310.0,19450.0,17250.0,30400,58055.0,18560.0,12,18565.0,28,18570.0,33,18575.0,16,18580.0,5,18585.0,30,18590.0,40,18595.0,55,18600.0,220,18605.0,19,18585.0
lh2409,DCE,13:40:11.756#,18395.0,18595.0,18310.0,19450.0,17250.0,30400,58055.0,18560.0,12,18565.0,30,18570.0,39,18575.0,16,18580.0,5,18585.0,30,18590.0,40,18595.0,54,18600.0,220,18605.0,19,18585.0
lh2409,DCE,13:40:11.863#,18395.0,18595.0,18310.0,19450.0,17250.0,30400,58055.0,18560.0,12,18565.0,33,18570.0,39,18575.0,16,18580.0,5,18585.0,30,18590.0,40,18595.0,54,18600.0,220,18605.0,19,18585.0
lh2409,DCE,13:40:12.162#,18395.0,18595.0,18310.0,19450.0,17250.0,30400,58055.0,18560.0,12,18565.0,33,18570.0,39,18575.0,16,18580.0,5,18585.0,31,18590.0,40,18595.0,54,18600.0,220,18605.0,19,18585.0
lh2409,DCE,13:40:12.512#,18395.0,18595.0,18310.0,19450.0,17250.0,30400,58055.0,18560.0,12,18565.0,33,18570.0,39,18575.0,16,18580.0,7,18585.0,31,18590.0,40,18595.0,54,18600.0,220,18605.0,19,18585.0
lh2409,DCE,13:40:12.578#,18395.0,18595.0,18310.0,19450.0,17250.0,30400,58055.0,18560.0,12,18565.0,33,18570.0,39,18575.0,16,18580.0,8,18585.0,31,18590.0,40,18595.0,54,18600.0,220,18605.0,19,18585.0
lh2409,DCE,13:40:12.927#,18395.0,18595.0,18310.0,19450.0,17250.0,30400,58055.0,18560.0,12,18565.0,33,18570.0,39,18575.0,16,18580.0,8,18585.0,31,18590.0,41,18595.0,54,18600.0,220,18605.0,19,18585.0
lh2409,DCE,13:40:13.796#,18395.0,18595.0,18310.0,19450.0,17250.0,30401,58056.0,18560.0,12,18565.0,33,18570.0,39,18575.0,16,18580.0,6,18585.0,31,18590.0,41,18595.0,54,18600.0,220,18605.0,19,18580.0
lh2409,DCE,13:40:13.887#,18395.0,18595.0,18310.0,19450.0,17250.0,30402,58057.0,18560.0,12,18565.0,33,18570.0,39,18575.0,16,18580.0,3,18585.0,31,18590.0,41,18595.0,54,18600.0,220,18605.0,19,18580.0
lh2409,DCE,13:40:14.79#,18395.0,18595.0,18310.0,19450.0,17250.0,30402,58057.0,18560.0,12,18565.0,28,18570.0,39,18575.0,16,18580.0,3,18585.0,31,18590.0,41,18595.0,54,18600.0,220,18605.0,19,18580.0
lh2409,DCE,13:40:14.398#,18395.0,18595.0,18310.0,19450.0,17250.0,30402,58057.0,18560.0,12,18565.0,28,18570.0,39,18575.0,16,18580.0,3,18585.0,31,18590.0,41,18595.0,54,18600.0,227,18605.0,19,18580.0
lh2409,DCE,13:40:14.591#,18395.0,18595.0,18310.0,19450.0,17250.0,30403,58057.0,18560.0,12,18565.0,27,18570.0,39,18575.0,16,18580.0,3,18585.0,30,18590.0,41,18595.0,54,18600.0,227,18605.0,19,18585.0
lh2409,DCE,13:40:15.202#,18395.0,18595.0,18310.0,19450.0,17250.0,30403,58057.0,18560.0,12,18565.0,28,18570.0,39,18575.0,16,18580.0,3,18585.0,30,18590.0,41,18595.0,54,18600.0,227,18605.0,19,18585.0
lh2409,DCE,13:40:15.335#,18395.0,18595.0,18310.0,19450.0,17250.0,30403,58057.0,18560.0,12,18565.0,28,18570.0,39,18575.0,16,18580.0,4,18585.0,30,18590.0,41,18595.0,54,18600.0,227,18605.0,19,18585.0
lh2409,DCE,13:40:15.575#,18395.0,18595.0,18310.0,19450.0,17250.0,30403,58057.0,18560.0,12,18565.0,30,18570.0,39,18575.0,16,18580.0,4,18585.0,30,18590.0,41,18595.0,54,18600.0,227,18605.0,19,18585.0
lh2409,DCE,13:40:16.14#,18395.0,18595.0,18310.0,19450.0,17250.0,30403,58057.0,18560.0,12,18565.0,31,18570.0,39,18575.0,16,18580.0,4,18585.0,30,18590.0,41,18595.0,54,18600.0,227,18605.0,19,18585.0
lh2409,DCE,13:40:16.243#,18395.0,18595.0,18310.0,19450.0,17250.0,30403,58057.0,18560.0,12,18565.0,32,18570.0,39,18575.0,16,18580.0,4,18585.0,31,18590.0,41,18595.0,54,18600.0,227,18605.0,19,18585.0
lh2409,DCE,13:40:16.463#,18395.0,18595.0,18310.0,19450.0,17250.0,30403,58057.0,18560.0,12,18565.0,30,18570.0,39,18575.0,16,18580.0,6,18585.0,31,18590.0,41,18595.0,54,18600.0,227,18605.0,19,18585.0
lh2409,DCE,13:40:16.660#,18395.0,18595.0,18310.0,19450.0,17250.0,30403,58057.0,18560.0,22,18565.0,25,18570.0,39,18575.0,16,18580.0,7,18585.0,31,18590.0,41,18595.0,54,18600.0,228,18605.0,18,18585.0
lh2409,DCE,13:40:16.919#,18395.0,18595.0,18310.0,19450.0,17250.0,30403,58057.0,18560.0,22,18565.0,25,18570.0,39,18575.0,16,18580.0,10,18585.0,31,18590.0,41,18595.0,54,18600.0,228,18605.0,18,18585.0
lh2409,DCE,13:40:17.491#,18395.0,18595.0,18310.0,19450.0,17250.0,30413,58065.0,18555.0,21,18560.0,22,18565.0,25,18570.0,38,18575.0,16,18585.0,31,18590.0,41,18595.0,54,18600.0,228,18605.0,18,18580.0
lh2409,DCE,13:40:17.610#,18395.0,18595.0,18310.0,19450.0,17250.0,30415,58065.0,18555.0,21,18560.0,20,18565.0,25,18570.0,38,18575.0,16,18585.0,28,18590.0,41,18595.0,54,18600.0,228,18605.0,18,18585.0
lh2409,DCE,13:40:17.837#,18395.0,18595.0,18310.0,19450.0,17250.0,30415,58065.0,18555.0,21,18560.0,20,18565.0,25,18570.0,38,18575.0,16,18580.0,2,18585.0,28,18590.0,41,18595.0,54,18600.0,228,18585.0
lh2409,DCE,13:40:18.278#,18395.0,18595.0,18310.0,19450.0,17250.0,30415,58065.0,18555.0,21,18560.0,20,18565.0,25,18570.0,40,18575.0,14,18585.0,30,18590.0,39,18595.0,54,18600.0,228,18605.0,18,18585.0
lh2409,DCE,13:40:18.332#,18395.0,18595.0,18310.0,19450.0,17250.0,30415,58065.0,18555.0,21,18560.0,20,18565.0,25,18570.0,40,18575.0,14,18580.0,9,18585.0,30,18590.0,39,18595.0,54,18600.0,228,18585.0
lh2409,DCE,13:40:18.751#,18395.0,18595.0,18310.0,19450.0,17250.0,30415,58065.0,18555.0,21,18560.0,20,18565.0,25,18570.0,40,18575.0,14,18580.0,2,18585.0,30,18590.0,38,18595.0,54,18600.0,228,18585.0
lh2409,DCE,13:40:18.865#,18395.0,18595.0,18310.0,19450.0,17250.0,30415,58065.0,18555.0,21,18560.0,20,18565.0,25,18570.0,40,18575.0,14,18585.0,30,18590.0,38,18595.0,55,18600.0,228,18605.0,18,18585.0
lh2409,DCE,13:40:19.314#,18395.0,18595.0,18310.0,19450.0,17250.0,30416,58066.0,18555.0,21,18560.0,20,18565.0,25,18570.0,40,18575.0,14,18580.0,9,18585.0,29,18590.0,38,18595.0,55,18600.0,228,18585.0
lh2409,DCE,13:40:19.355#,18395.0,18595.0,18310.0,19450.0,17250.0,30418,58068.0,18555.0,21,18560.0,21,18565.0,25,18570.0,40,18575.0,14,18580.0,1,18585.0,29,18590.0,38,18595.0,55,18600.0,228,18585.0
lh2409,DCE,13:40:19.602#,18395.0,18595.0,18310.0,19450.0,17250.0,30419,58069.0,18555.0,21,18560.0,21,18565.0,25,18570.0,40,18575.0,16,18585.0,29,18590.0,38,18595.0,55,18600.0,228,18605.0,18,18580.0
lh2409,DCE,13:40:20.438#,18395.0,18595.0,18310.0,19450.0,17250.0,30419,58069.0,18555.0,21,18560.0,21,18565.0,24,18570.0,40,18575.0,16,18585.0,29,18590.0,38,18595.0,55,18600.0,228,18605.0,18,18580.0
lh2409,DCE,13:40:20.727#,18395.0,18595.0,18310.0,19450.0,17250.0,30421,58069.0,18555.0,21,18560.0,21,18565.0,24,18570.0,40,18575.0,14,18585.0,27,18590.0,38,18595.0,54,18600.0,228,18605.0,18,18585.0
lh2409,DCE,13:40:21.271#,18395.0,18595.0,18310.0,19450.0,17250.0,30421,58069.0,18555.0,21,18560.0,20,18565.0,23,18570.0,40,18575.0,14,18585.0,27,18590.0,38,18595.0,54,18600.0,227,18605.0,18,18585.0
lh2409,DCE,13:40:21.453#,18395.0,18595.0,18310.0,19450.0,17250.0,30421,58069.0,18555.0,21,18560.0,19,18565.0,23,18570.0,40,18575.0,14,18580.0,6,18585.0,27,18590.0,38,18595.0,54,18600.0,227,18585.0
lh2409,DCE,13:40:21.611#,18395.0,18595.0,18310.0,19450.0,17250.0,30424,58071.0,18555.0,21,18560.0,19,18565.0,23,18570.0,40,18575.0,11,18585.0,27,18590.0,38,18595.0,54,18600.0,227,18605.0,18,18575.0
lh2409,DCE,13:40:22.5#,18395.0,18595.0,18310.0,19450.0,17250.0,30424,58071.0,18555.0,21,18560.0,19,18565.0,23,18570.0,41,18575.0,11,18585.0,27,18590.0,38,18595.0,54,18600.0,227,18605.0,18,18575.0
lh2409,DCE,13:40:22.154#,18395.0,18595.0,18310.0,19450.0,17250.0,30424,58071.0,18560.0,19,18565.0,23,18570.0,41,18575.0,12,18580.0,2,18585.0,27,18590.0,38,18595.0,54,18600.0,227,18605.0,18,18575.0
lh2409,DCE,13:40:22.473#,18395.0,18595.0,18310.0,19450.0,17250.0,30424,58071.0,18560.0,23,18565.0,23,18570.0,41,18575.0,12,18580.0,2,18585.0,29,18590.0,38,18595.0,54,18600.0,227,18605.0,18,18575.0
lh2409,DCE,13:40:22.582#,18395.0,18595.0,18310.0,19450.0,17250.0,30424,58071.0,18560.0,23,18565.0,23,18570.0,39,18575.0,14,18580.0,2,18585.0,27,18590.0,40,18595.0,54,18600.0,227,18605.0,18,18575.0
lh2409,DCE,13:40:22.968#,18395.0,18595.0,18310.0,19450.0,17250.0,30424,58071.0,18560.0,23,18565.0,23,18570.0,39,18575.0,14,18580.0,2,18585.0,27,18590.0,41,18595.0,54,18600.0,227,18605.0,18,18575.0
lh2409,DCE,13:40:23.258#,18395.0,18595.0,18310.0,19450.0,17250.0,30424,58071.0,18560.0,23,18565.0,23,18570.0,39,18575.0,14,18580.0,2,18585.0,29,18590.0,41,18595.0,54,18600.0,227,18605.0,18,18575.0
lh2409,DCE,13:40:23.599#,18395.0,18595.0,18310.0,19450.0,17250.0,30424,58071.0,18560.0,23,18565.0,23,18570.0,39,18575.0,19,18580.0,2,18585.0,29,18590.0,41,18595.0,54,18600.0,227,18605.0,18,18575.0
lh2409,DCE,13:40:24.192#,18395.0,18595.0,18310.0,19450.0,17250.0,30425,58072.0,18560.0,23,18565.0,23,18570.0,39,18575.0,19,18580.0,2,18585.0,28,18590.0,41,18595.0,54,18600.0,227,18605.0,18,18585.0
lh2409,DCE,13:40:24.444#,18395.0,18595.0,18310.0,19450.0,17250.0,30425,58072.0,18560.0,23,18565.0,23,18570.0,39,18575.0,19,18580.0,3,18585.0,28,18590.0,41,18595.0,54,18600.0,227,18605.0,18,18585.0
lh2409,DCE,13:40:24.578#,18395.0,18595.0,18310.0,19450.0,17250.0,30425,58072.0,18560.0,23,18565.0,23,18570.0,39,18575.0,19,18580.0,3,18585.0,27,18590.0,41,18595.0,54,18600.0,227,18605.0,18,18585.0
lh2409,DCE,13:40:25.297#,18395.0,18595.0,18310.0,19450.0,17250.0,30430,58069.0,18560.0,23,18565.0,23,18570.0,39,18575.0,19,18580.0,1,18585.0,25,18590.0,41,18595.0,54,18600.0,227,18605.0,18,18580.0
lh2409,DCE,13:40:25.461#,18395.0,18595.0,18310.0,19450.0,17250.0,30430,58069.0,18560.0,23,18565.0,23,18570.0,39,18575.0,19,18580.0,1,18585.0,25,18590.0,42,18595.0,54,18600.0,227,18605.0,18,18580.0
lh2409,DCE,13:40:26.37#,18395.0,18595.0,18310.0,19450.0,17250.0,30430,58069.0,18560.0,23,18565.0,23,18570.0,39,18575.0,18,18580.0,1,18585.0,25,18590.0,42,18595.0,54,18600.0,227,18605.0,18,18580.0
lh2409,DCE,13:40:26.220#,18395.0,18595.0,18310.0,19450.0,17250.0,30430,58069.0,18560.0,23,18565.0,23,18570.0,39,18575.0,68,18580.0,1,18585.0,26,18590.0,41,18595.0,54,18600.0,227,18605.0,18,18580.0
lh2409,DCE,13:40:26.519#,18395.0,18595.0,18310.0,19450.0,17250.0,30431,58069.0,18560.0,23,18565.0,23,18570.0,39,18575.0,68,18580.0,6,18585.0,26,18590.0,41,18595.0,54,18600.0,226,18605.0,19,18580.0
lh2409,DCE,13:40:26.676#,18395.0,18595.0,18310.0,19450.0,17250.0,30431,58069.0,18560.0,13,18565.0,23,18570.0,39,18575.0,68,18580.0,10,18585.0,26,18590.0,41,18595.0,55,18600.0,226,18605.0,18,18580.0
lh2409,DCE,13:40:26.833#,18395.0,18595.0,18310.0,19450.0,17250.0,30431,58069.0,18560.0,23,18565.0,23,18570.0,39,18575.0,68,18580.0,12,18585.0,26,18590.0,41,18595.0,54,18600.0,227,18605.0,18,18580.0
lh2409,DCE,13:40:27.302#,18395.0,18595.0,18310.0,19450.0,17250.0,30432,58069.0,18560.0,13,18565.0,26,18570.0,37,18575.0,68,18580.0,13,18585.0,26,18590.0,41,18595.0,54,18600.0,226,18605.0,19,18580.0
lh2409,DCE,13:40:27.499#,18395.0,18595.0,18310.0,19450.0,17250.0,30432,58069.0,18560.0,13,18565.0,33,18570.0,37,18575.0,68,18580.0,16,18585.0,25,18590.0,42,18595.0,54,18600.0,227,18605.0,19,18580.0
lh2409,DCE,13:40:27.714#,18395.0,18595.0,18310.0,19450.0,17250.0,30440,58072.0,18560.0,13,18565.0,33,18570.0,37,18575.0,68,18580.0,13,18585.0,20,18590.0,42,18595.0,54,18600.0,227,18605.0,19,18585.0
lh2409,DCE,13:40:27.978#,18395.0,18595.0,18310.0,19450.0,17250.0,30445,58076.0,18560.0,13,18565.0,33,18570.0,37,18575.0,68,18580.0,14,18585.0,15,18590.0,42,18595.0,54,18600.0,227,18605.0,19,18585.0
lh2409,DCE,13:40:28.188#,18395.0,18595.0,18310.0,19450.0,17250.0,30452,58077.0,18560.0,13,18565.0,33,18570.0,37,18575.0,68,18580.0,16,18585.0,9,18590.0,42,18595.0,54,18600.0,227,18605.0,19,18585.0
lh2409,DCE,13:40:28.342#,18395.0,18595.0,18310.0,19450.0,17250.0,30453,58077.0,18560.0,13,18565.0,33,18570.0,37,18575.0,68,18580.0,17,18585.0,8,18590.0,42,18595.0,54,18600.0,227,18605.0,18,18585.0
lh2409,DCE,13:40:28.766#,18395.0,18595.0,18310.0,19450.0,17250.0,30453,58077.0,18560.0,13,18565.0,33,18570.0,37,18575.0,68,18580.0,17,18585.0,9,18590.0,42,18595.0,54,18600.0,227,18605.0,18,18585.0
lh2409,DCE,13:40:29.68#,18395.0,18595.0,18310.0,19450.0,17250.0,30453,58077.0,18560.0,13,18565.0,33,18570.0,37,18575.0,68,18580.0,17,18585.0,10,18590.0,42,18595.0,54,18600.0,227,18605.0,18,18585.0
lh2409,DCE,13:40:29.241#,18395.0,18595.0,18310.0,19450.0,17250.0,30462,58085.0,18565.0,34,18570.0,37,18575.0,68,18580.0,17,18585.0,12,18590.0,43,18595.0,54,18600.0,227,18605.0,18,18610.0,16,18585.0
lh2409,DCE,13:40:29.490#,18395.0,18595.0,18310.0,19450.0,17250.0,30462,58085.0,18565.0,34,18570.0,37,18575.0,66,18580.0,17,18585.0,18,18590.0,43,18595.0,54,18600.0,227,18605.0,18,18610.0,16,18585.0
lh2409,DCE,13:40:29.755#,18395.0,18595.0,18310.0,19450.0,17250.0,30462,58085.0,18565.0,24,18570.0,38,18575.0,64,18580.0,19,18585.0,18,18590.0,41,18595.0,56,18600.0,228,18605.0,18,18610.0,16,18585.0
lh2409,DCE,13:40:29.927#,18395.0,18595.0,18310.0,19450.0,17250.0,30462,58085.0,18565.0,24,18570.0,47,18575.0,64,18580.0,19,18585.0,18,18590.0,41,18595.0,56,18600.0,228,18605.0,18,18610.0,16,18585.0
lh2409,DCE,13:40:30.313#,18395.0,18595.0,18310.0,19450.0,17250.0,30462,58085.0,18565.0,24,18570.0,47,18575.0,64,18580.0,18,18585.0,18,18590.0,41,18595.0,56,18600.0,233,18605.0,18,18610.0,16,18585.0
lh2409,DCE,13:40:30.697#,18395.0,18595.0,18310.0,19450.0,17250.0,30462,58085.0,18565.0,24,18570.0,47,18575.0,64,18580.0,18,18585.0,18,18590.0,40,18595.0,57,18600.0,233,18605.0,18,18610.0,16,18585.0
lh2409,DCE,13:40:31.56#,18395.0,18595.0,18310.0,19450.0,17250.0,30462,58085.0,18565.0,24,18570.0,47,18575.0,64,18580.0,18,18585.0,19,18590.0,40,18595.0,57,18600.0,233,18605.0,18,18610.0,16,18585.0
lh2409,DCE,13:40:31.232#,18395.0,18595.0,18310.0,19450.0,17250.0,30462,58085.0,18565.0,24,18570.0,47,18575.0,59,18580.0,19,18585.0,20,18590.0,39,18595.0,57,18600.0,233,18605.0,18,18610.0,16,18585.0
lh2409,DCE,13:40:31.365#,18395.0,18595.0,18310.0,19450.0,17250.0,30462,58085.0,18565.0,24,18570.0,47,18575.0,59,18580.0,19,18585.0,25,18590.0,39,18595.0,57,18600.0,233,18605.0,18,18610.0,16,18585.0
lh2409,DCE,13:40:31.672#,18395.0,18595.0,18310.0,19450.0,17250.0,30462,58085.0,18565.0,24,18570.0,49,18575.0,59,18580.0,19,18585.0,25,18590.0,39,18595.0,57,18600.0,233,18605.0,18,18610.0,16,18585.0
lh2409,DCE,13:40:32.67#,18395.0,18595.0,18310.0,19450.0,17250.0,30466,58085.0,18565.0,24,18570.0,49,18575.0,59,18580.0,19,18585.0,21,18590.0,44,18595.0,57,18600.0,233,18605.0,18,18610.0,16,18585.0
lh2409,DCE,13:40:32.119#,18395.0,18595.0,18310.0,19450.0,17250.0,30469,58088.0,18565.0,24,18570.0,49,18575.0,59,18580.0,19,18585.0,20,18590.0,42,18595.0,57,18600.0,233,18605.0,18,18610.0,16,18585.0
lh2409,DCE,13:40:32.551#,18395.0,18595.0,18310.0,19450.0,17250.0,30471,58088.0,18565.0,24,18570.0,49,18575.0,59,18580.0,19,18585.0,20,18590.0,41,18595.0,57,18600.0,233,18605.0,18,18610.0,16,18590.0
lh2409,DCE,13:40:32.781#,18395.0,18595.0,18310.0,19450.0,17250.0,30476,58092.0,18565.0,24,18570.0,49,18575.0,59,18580.0,19,18585.0,19,18590.0,37,18595.0,57,18600.0,233,18605.0,18,18610.0,16,18585.0
lh2409,DCE,13:40:33.13#,18395.0,18595.0,18310.0,19450.0,17250.0,30477,58093.0,18565.0,24,18570.0,49,18575.0,59,18580.0,19,18585.0,19,18590.0,38,18595.0,57,18600.0,233,18605.0,18,18610.0,16,18585.0
lh2409,DCE,13:40:33.162#,18395.0,18595.0,18310.0,19450.0,17250.0,30477,58093.0,18565.0,24,18570.0,49,18575.0,59,18580.0,20,18585.0,19,18590.0,38,18595.0,58,18600.0,233,18605.0,18,18610.0,16,18585.0
lh2409,DCE,13:40:34.38#,18395.0,18595.0,18310.0,19450.0,17250.0,30478,58093.0,18565.0,24,18570.0,49,18575.0,59,18580.0,20,18585.0,20,18590.0,37,18595.0,58,18600.0,233,18605.0,18,18610.0,15,18590.0
lh2409,DCE,13:40:34.320#,18395.0,18595.0,18310.0,19450.0,17250.0,30482,58097.0,18565.0,24,18570.0,50,18575.0,58,18580.0,20,18585.0,20,18590.0,33,18595.0,58,18600.0,233,18605.0,18,18610.0,15,18590.0
lh2409,DCE,13:40:34.450#,18395.0,18595.0,18310.0,19450.0,17250.0,30485,58096.0,18565.0,24,18570.0,50,18575.0,58,18580.0,20,18585.0,20,18590.0,30,18595.0,58,18600.0,233,18605.0,18,18610.0,15,18590.0
lh2409,DCE,13:40:34.731#,18395.0,18595.0,18310.0,19450.0,17250.0,30486,58097.0,18565.0,24,18570.0,40,18575.0,59,18580.0,20,18585.0,20,18590.0,29,18595.0,58,18600.0,233,18605.0,18,18610.0,15,18590.0
lh2409,DCE,13:40:34.985#,18395.0,18595.0,18310.0,19450.0,17250.0,30486,58097.0,18565.0,24,18570.0,40,18575.0,59,18580.0,20,18585.0,19,18590.0,29,18595.0,58,18600.0,233,18605.0,18,18610.0,15,18590.0
lh2409,DCE,13:40:35.282#,18395.0,18595.0,18310.0,19450.0,17250.0,30486,58097.0,18565.0,24,18570.0,40,18575.0,60,18580.0,20,18585.0,20,18590.0,29,18595.0,58,18600.0,233,18605.0,18,18610.0,15,18590.0
lh2409,DCE,13:40:35.528#,18395.0,18595.0,18310.0,19450.0,17250.0,30487,58097.0,18565.0,24,18570.0,40,18575.0,60,18580.0,20,18585.0,15,18590.0,28,18595.0,58,18600.0,233,18605.0,18,18610.0,25,18590.0
lh2409,DCE,13:40:35.788#,18395.0,18595.0,18310.0,19450.0,17250.0,30493,58103.0,18565.0,24,18570.0,40,18575.0,59,18580.0,20,18585.0,14,18590.0,23,18595.0,59,18600.0,233,18605.0,18,18610.0,25,18585.0
lh2409,DCE,13:40:36.25#,18395.0,18595.0,18310.0,19450.0,17250.0,30509,58117.0,18565.0,24,18570.0,40,18575.0,59,18580.0,20,18585.0,14,18590.0,7,18595.0,59,18600.0,233,18605.0,18,18610.0,25,18590.0
lh2409,DCE,13:40:36.198#,18395.0,18595.0,18310.0,19450.0,17250.0,30522,58125.0,18565.0,24,18570.0,40,18575.0,61,18580.0,20,18585.0,4,18590.0,4,18595.0,59,18600.0,233,18605.0,18,18610.0,25,18585.0
lh2409,DCE,13:40:36.547#,18395.0,18595.0,18310.0,19450.0,17250.0,30522,58125.0,18565.0,24,18570.0,40,18575.0,57,18580.0,20,18585.0,7,18590.0,4,18595.0,59,18600.0,233,18605.0,18,18610.0,25,18585.0
lh2409,DCE,13:40:36.731#,18395.0,18595.0,18310.0,19450.0,17250.0,30525,58126.0,18565.0,24,18570.0,40,18575.0,57,18580.0,20,18585.0,12,18590.0,1,18595.0,59,18600.0,233,18605.0,18,18610.0,25,18590.0
lh2409,DCE,13:40:36.837#,18395.0,18595.0,18310.0,19450.0,17250.0,30525,58126.0,18565.0,24,18570.0,40,18575.0,63,18580.0,20,18585.0,12,18590.0,1,18595.0,59,18600.0,233,18605.0,18,18610.0,25,18590.0
lh2409,DCE,13:40:37.193#,18395.0,18595.0,18310.0,19450.0,17250.0,30526,58127.0,18570.0,40,18575.0,63,18580.0,20,18585.0,12,18590.0,9,18595.0,59,18600.0,233,18605.0,18,18610.0,25,18615.0,13,18590.0
lh2409,DCE,13:40:37.493#,18395.0,18595.0,18310.0,19450.0,17250.0,30527,58128.0,18570.0,40,18575.0,63,18580.0,18,18585.0,12,18590.0,9,18595.0,56,18600.0,234,18605.0,19,18610.0,25,18615.0,13,18590.0
lh2409,DCE,13:40:37.768#,18395.0,18595.0,18310.0,19450.0,17250.0,30527,58128.0,18570.0,40,18575.0,64,18580.0,16,18585.0,15,18590.0,11,18595.0,54,18600.0,236,18605.0,19,18610.0,25,18615.0,13,18590.0
lh2409,DCE,13:40:38.38#,18395.0,18595.0,18310.0,19450.0,17250.0,30527,58128.0,18570.0,40,18575.0,63,18580.0,16,18585.0,15,18590.0,12,18595.0,54,18600.0,236,18605.0,19,18610.0,25,18615.0,13,18590.0
lh2409,DCE,13:40:38.562#,18395.0,18595.0,18310.0,19450.0,17250.0,30527,58128.0,18570.0,40,18575.0,63,18580.0,16,18585.0,15,18590.0,13,18595.0,54,18600.0,236,18605.0,19,18610.0,25,18615.0,12,18590.0
lh2409,DCE,13:40:38.799#,18395.0,18595.0,18310.0,19450.0,17250.0,30527,58128.0,18570.0,40,18575.0,61,18580.0,16,18585.0,16,18590.0,14,18595.0,54,18600.0,236,18605.0,19,18610.0,25,18615.0,12,18590.0
lh2409,DCE,13:40:39.8#,18395.0,18595.0,18310.0,19450.0,17250.0,30529,58129.0,18570.0,40,18575.0,60,18580.0,16,18585.0,16,18590.0,12,18595.0,54,18600.0,246,18605.0,19,18610.0,25,18615.0,12,18590.0
lh2409,DCE,13:40:39.316#,18395.0,18595.0,18310.0,19450.0,17250.0,30529,58129.0,18570.0,40,18575.0,58,18580.0,16,18585.0,16,18590.0,9,18595.0,54,18600.0,246,18605.0,19,18610.0,25,18615.0,12,18590.0
lh2409,DCE,13:40:39.668#,18395.0,18595.0,18310.0,19450.0,17250.0,30529,58129.0,18570.0,40,18575.0,57,18580.0,16,18585.0,16,18590.0,9,18595.0,54,18600.0,246,18605.0,19,18610.0,25,18615.0,12,18590.0
lh2409,DCE,13:40:40.64#,18395.0,18595.0,18310.0,19450.0,17250.0,30530,58130.0,18570.0,40,18575.0,57,18580.0,16,18585.0,16,18590.0,9,18595.0,53,18600.0,246,18605.0,19,18610.0,25,18615.0,12,18595.0
lh2409,DCE,13:40:40.158#,18395.0,18595.0,18310.0,19450.0,17250.0,30530,58130.0,18570.0,50,18575.0,56,18580.0,16,18585.0,16,18590.0,9,18595.0,53,18600.0,246,18605.0,19,18610.0,26,18615.0,11,18595.0
lh2409,DCE,13:40:40.491#,18395.0,18595.0,18310.0,19450.0,17250.0,30530,58130.0,18570.0,49,18575.0,56,18580.0,16,18585.0,16,18590.0,9,18595.0,53,18600.0,246,18605.0,19,18610.0,26,18615.0,12,18595.0
lh2409,DCE,13:40:40.611#,18395.0,18595.0,18310.0,19450.0,17250.0,30531,58131.0,18570.0,49,18575.0,56,18580.0,16,18585.0,16,18590.0,8,18595.0,53,18600.0,246,18605.0,19,18610.0,26,18615.0,12,18590.0
lh2409,DCE,13:40:41.281#,18395.0,18595.0,18310.0,19450.0,17250.0,30534,58134.0,18570.0,49,18575.0,56,18580.0,16,18585.0,16,18590.0,8,18595.0,53,18600.0,246,18605.0,19,18610.0,26,18615.0,12,18590.0
lh2409,DCE,13:40:41.452#,18395.0,18595.0,18310.0,19450.0,17250.0,30539,58135.0,18570.0,49,18575.0,56,18580.0,16,18585.0,16,18590.0,8,18595.0,48,18600.0,239,18605.0,19,18610.0,26,18615.0,12,18595.0
lh2409,DCE,13:40:41.640#,18395.0,18595.0,18310.0,19450.0,17250.0,30545,58138.0,18570.0,49,18575.0,56,18580.0,16,18585.0,16,18590.0,7,18595.0,44,18600.0,239,18605.0,19,18610.0,26,18615.0,12,18590.0
lh2409,DCE,13:40:41.897#,18395.0,18595.0,18310.0,19450.0,17250.0,30547,58139.0,18570.0,49,18575.0,56,18580.0,16,18585.0,16,18590.0,6,18595.0,43,18600.0,239,18605.0,19,18610.0,26,18615.0,12,18590.0
lh2409,DCE,13:40:42.127#,18395.0,18595.0,18310.0,19450.0,17250.0,30547,58139.0,18570.0,49,18575.0,56,18580.0,16,18585.0,16,18590.0,7,18595.0,43,18600.0,239,18605.0,19,18610.0,26,18615.0,12,18590.0
lh2409,DCE,13:40:42.476#,18395.0,18595.0,18310.0,19450.0,17250.0,30549,58139.0,18570.0,49,18575.0,56,18580.0,16,18585.0,16,18590.0,5,18595.0,43,18600.0,238,18605.0,19,18610.0,26,18615.0,12,18590.0
lh2409,DCE,13:40:42.721#,18395.0,18595.0,18310.0,19450.0,17250.0,30549,58139.0,18570.0,49,18575.0,64,18580.0,16,18585.0,16,18590.0,4,18595.0,43,18600.0,238,18605.0,19,18610.0,26,18615.0,12,18590.0
lh2409,DCE,13:40:43.556#,18395.0,18595.0,18310.0,19450.0,17250.0,30562,58140.0,18565.0,24,18570.0,49,18575.0,64,18580.0,17,18585.0,8,18595.0,42,18600.0,238,18605.0,18,18610.0,26,18615.0,14,18585.0
lh2409,DCE,13:40:43.801#,18395.0,18595.0,18310.0,19450.0,17250.0,30564,58140.0,18565.0,25,18570.0,38,18575.0,64,18580.0,17,18585.0,8,18590.0,1,18595.0,40,18600.0,238,18605.0,18,18610.0,26,18595.0
lh2409,DCE,13:40:43.941#,18395.0,18595.0,18310.0,19450.0,17250.0,30566,58142.0,18565.0,25,18570.0,38,18575.0,64,18580.0,17,18585.0,8,18590.0,1,18595.0,39,18600.0,238,18605.0,18,18610.0,26,18595.0
lh2409,DCE,13:40:44.277#,18395.0,18595.0,18310.0,19450.0,17250.0,30567,58143.0,18565.0,25,18570.0,38,18575.0,64,18580.0,19,18585.0,9,18590.0,2,18595.0,41,18600.0,236,18605.0,18,18610.0,26,18590.0
lh2409,DCE,13:40:44.508#,18395.0,18595.0,18310.0,19450.0,17250.0,30570,58143.0,18565.0,25,18570.0,38,18575.0,64,18580.0,19,18585.0,6,18590.0,2,18595.0,41,18600.0,236,18605.0,18,18610.0,26,18585.0
lh2409,DCE,13:40:44.666#,18395.0,18595.0,18310.0,19450.0,17250.0,30570,58143.0,18565.0,25,18570.0,38,18575.0,64,18580.0,19,18585.0,5,18590.0,2,18595.0,41,18600.0,236,18605.0,18,18610.0,26,18585.0
lh2409,DCE,13:40:45.276#,18395.0,18595.0,18310.0,19450.0,17250.0,30571,58144.0,18565.0,25,18570.0,38,18575.0,64,18580.0,19,18585.0,4,18590.0,5,18595.0,41,18600.0,236,18605.0,18,18610.0,26,18590.0
lh2409,DCE,13:40:45.479#,18395.0,18595.0,18310.0,19450.0,17250.0,30572,58145.0,18565.0,25,18570.0,38,18575.0,64,18580.0,19,18585.0,6,18590.0,4,18595.0,41,18600.0,236,18605.0,18,18610.0,26,18590.0
lh2409,DCE,13:40:45.630#,18395.0,18595.0,18310.0,19450.0,17250.0,30572,58145.0,18565.0,25,18570.0,38,18575.0,64,18580.0,19,18585.0,7,18590.0,4,18595.0,41,18600.0,236,18605.0,18,18610.0,26,18590.0
lh2409,DCE,13:40:46.216#,18395.0,18595.0,18310.0,19450.0,17250.0,30572,58145.0,18565.0,25,18570.0,38,18575.0,64,18580.0,19,18585.0,7,18590.0,4,18595.0,41,18600.0,236,18605.0,18,18610.0,27,18590.0
lh2409,DCE,13:40:46.647#,18395.0,18595.0,18310.0,19450.0,17250.0,30572,58145.0,18565.0,25,18570.0,38,18575.0,64,18580.0,19,18585.0,7,18590.0,5,18595.0,41,18600.0,236,18605.0,18,18610.0,27,18590.0
lh2409,DCE,13:40:47.51#,18395.0,18595.0,18310.0,19450.0,17250.0,30572,58145.0,18565.0,25,18570.0,28,18575.0,64,18580.0,20,18585.0,7,18590.0,5,18595.0,41,18600.0,236,18605.0,18,18610.0,27,18590.0
lh2409,DCE,13:40:47.225#,18395.0,18595.0,18310.0,19450.0,17250.0,30573,58146.0,18565.0,25,18570.0,28,18575.0,64,18580.0,20,18585.0,6,18590.0,6,18595.0,41,18600.0,236,18605.0,18,18610.0,27,18590.0
lh2409,DCE,13:40:47.496#,18395.0,18595.0,18310.0,19450.0,17250.0,30573,58146.0,18565.0,25,18570.0,28,18575.0,64,18580.0,20,18585.0,5,18590.0,7,18595.0,41,18600.0,239,18605.0,18,18610.0,27,18590.0
lh2409,DCE,13:40:48.301#,18395.0,18595.0,18310.0,19450.0,17250.0,30573,58146.0,18565.0,25,18570.0,28,18575.0,64,18580.0,20,18585.0,6,18590.0,7,18595.0,41,18600.0,238,18605.0,18,18610.0,27,18590.0
lh2409,DCE,13:40:48.453#,18395.0,18595.0,18310.0,19450.0,17250.0,30575,58148.0,18565.0,27,18570.0,28,18575.0,64,18580.0,20,18585.0,6,18590.0,5,18595.0,41,18600.0,238,18605.0,18,18610.0,27,18590.0
lh2409,DCE,13:40:48.647#,18395.0,18595.0,18310.0,19450.0,17250.0,30575,58148.0,18565.0,27,18570.0,28,18575.0,64,18580.0,19,18585.0,7,18590.0,5,18595.0,41,18600.0,238,18605.0,18,18610.0,26,18590.0
lh2409,DCE,13:40:49.498#,18395.0,18595.0,18310.0,19450.0,17250.0,30576,58149.0,18565.0,27,18570.0,28,18575.0,64,18580.0,19,18585.0,7,18590.0,4,18595.0,41,18600.0,238,18605.0,18,18610.0,26,18590.0
lh2409,DCE,13:40:49.734#,18395.0,18595.0,18310.0,19450.0,17250.0,30577,58149.0,18565.0,27,18570.0,28,18575.0,64,18580.0,19,18585.0,7,18590.0,3,18595.0,41,18600.0,238,18605.0,18,18610.0,26,18590.0
lh2409,DCE,13:40:49.986#,18395.0,18595.0,18310.0,19450.0,17250.0,30578,58149.0,18565.0,27,18570.0,28,18575.0,64,18580.0,19,18585.0,7,18590.0,1,18595.0,41,18600.0,238,18605.0,18,18610.0,26,18590.0
lh2409,DCE,13:40:50.254#,18395.0,18595.0,18310.0,19450.0,17250.0,30579,58149.0,18565.0,27,18570.0,28,18575.0,64,18580.0,19,18585.0,7,18595.0,41,18600.0,238,18605.0,18,18610.0,26,18615.0,15,18590.0
lh2409,DCE,13:40:50.434#,18395.0,18595.0,18310.0,19450.0,17250.0,30579,58149.0,18570.0,28,18575.0,64,18580.0,19,18585.0,7,18590.0,1,18595.0,41,18600.0,238,18605.0,16,18610.0,26,18615.0,17,18590.0
lh2409,DCE,13:40:50.700#,18395.0,18595.0,18310.0,19450.0,17250.0,30579,58149.0,18570.0,28,18575.0,64,18580.0,17,18585.0,10,18590.0,11,18595.0,41,18600.0,240,18605.0,16,18610.0,26,18615.0,17,18590.0
lh2409,DCE,13:40:50.869#,18395.0,18595.0,18310.0,19450.0,17250.0,30579,58149.0,18570.0,28,18575.0,64,18580.0,17,18585.0,10,18590.0,11,18595.0,43,18600.0,240,18605.0,16,18610.0,26,18615.0,17,18590.0
lh2409,DCE,13:40:51.192#,18395.0,18595.0,18310.0,19450.0,17250.0,30579,58149.0,18570.0,28,18575.0,64,18580.0,17,18585.0,9,18590.0,12,18595.0,43,18600.0,240,18605.0,16,18610.0,26,18615.0,17,18590.0
lh2409,DCE,13:40:51.786#,18395.0,18595.0,18310.0,19450.0,17250.0,30581,58151.0,18570.0,28,18575.0,64,18580.0,17,18585.0,9,18590.0,12,18595.0,41,18600.0,240,18605.0,16,18610.0,26,18615.0,17,18595.0
lh2409,DCE,13:40:52.7#,18395.0,18595.0,18310.0,19450.0,17250.0,30581,58151.0,18570.0,28,18575.0,64,18580.0,17,18585.0,9,18590.0,12,18595.0,38,18600.0,240,18605.0,16,18610.0,26,18615.0,17,18595.0
lh2409,DCE,13:40:52.269#,18395.0,18595.0,18310.0,19450.0,17250.0,30582,58152.0,18570.0,28,18575.0,64,18580.0,17,18585.0,9,18590.0,11,18595.0,44,18600.0,240,18605.0,16,18610.0,26,18615.0,17,18590.0
lh2409,DCE,13:40:52.640#,18395.0,18595.0,18310.0,19450.0,17250.0,30582,58152.0,18570.0,28,18575.0,64,18580.0,17,18585.0,9,18590.0,16,18595.0,44,18600.0,240,18605.0,16,18610.0,26,18615.0,17,18590.0
lh2409,DCE,13:40:53.24#,18395.0,18595.0,18310.0,19450.0,17250.0,30583,58152.0,18570.0,28,18575.0,64,18580.0,17,18585.0,9,18590.0,16,18595.0,44,18600.0,240,18605.0,16,18610.0,26,18615.0,17,18590.0
lh2409,DCE,13:40:53.451#,18395.0,18595.0,18310.0,19450.0,17250.0,30584,58153.0,18570.0,28,18575.0,64,18580.0,17,18585.0,9,18590.0,15,18595.0,44,18600.0,240,18605.0,16,18610.0,26,18615.0,17,18590.0
lh2409,DCE,13:40:53.830#,18395.0,18595.0,18310.0,19450.0,17250.0,30584,58153.0,18570.0,28,18575.0,64,18580.0,17,18585.0,9,18590.0,17,18595.0,44,18600.0,240,18605.0,16,18610.0,26,18615.0,17,18590.0
lh2409,DCE,13:40:54.113#,18395.0,18595.0,18310.0,19450.0,17250.0,30585,58154.0,18570.0,28,18575.0,64,18580.0,17,18585.0,9,18590.0,16,18595.0,44,18600.0,240,18605.0,16,18610.0,26,18615.0,17,18590.0
lh2409,DCE,13:40:54.402#,18395.0,18595.0,18310.0,19450.0,17250.0,30586,58155.0,18570.0,28,18575.0,64,18580.0,17,18585.0,9,18590.0,16,18595.0,43,18600.0,240,18605.0,16,18610.0,26,18615.0,17,18595.0
lh2409,DCE,13:40:54.805#,18395.0,18595.0,18310.0,19450.0,17250.0,30599,58167.0,18570.0,28,18575.0,64,18580.0,16,18585.0,9,18590.0,16,18595.0,31,18600.0,240,18605.0,16,18610.0,26,18615.0,17,18595.0
lh2409,DCE,13:40:55.9#,18395.0,18595.0,18310.0,19450.0,17250.0,30601,58167.0,18570.0,28,18575.0,64,18580.0,16,18585.0,9,18590.0,16,18595.0,23,18600.0,241,18605.0,16,18610.0,26,18615.0,17,18595.0
lh2409,DCE,13:40:55.149#,18395.0,18595.0,18310.0,19450.0,17250.0,30601,58167.0,18570.0,28,18575.0,64,18580.0,16,18585.0,12,18590.0,16,18595.0,24,18600.0,241,18605.0,16,18610.0,26,18615.0,17,18595.0
lh2409,DCE,13:40:56.254#,18395.0,18595.0,18310.0,19450.0,17250.0,30602,58168.0,18570.0,28,18575.0,64,18580.0,16,18585.0,12,18590.0,16,18595.0,23,18600.0,241,18605.0,16,18610.0,26,18615.0,17,18595.0
lh2409,DCE,13:40:56.520#,18395.0,18595.0,18310.0,19450.0,17250.0,30602,58168.0,18570.0,28,18575.0,64,18580.0,16,18585.0,12,18590.0,16,18595.0,24,18600.0,241,18605.0,16,18610.0,26,18615.0,17,18595.0
lh2409,DCE,13:40:57.205#,18395.0,18595.0,18310.0,19450.0,17250.0,30602,58168.0,18570.0,28,18575.0,65,18580.0,17,18585.0,11,18590.0,16,18595.0,24,18600.0,241,18605.0,16,18610.0,27,18615.0,16,18595.0
lh2409,DCE,13:40:57.566#,18395.0,18595.0,18310.0,19450.0,17250.0,30604,58168.0,18570.0,28,18575.0,65,18580.0,17,18585.0,11,18590.0,16,18595.0,22,18600.0,241,18605.0,16,18610.0,28,18615.0,16,18595.0
lh2409,DCE,13:40:58.158#,18395.0,18595.0,18310.0,19450.0,17250.0,30605,58169.0,18570.0,28,18575.0,65,18580.0,17,18585.0,11,18590.0,15,18595.0,22,18600.0,241,18605.0,16,18610.0,28,18615.0,16,18590.0
lh2409,DCE,13:40:58.485#,18395.0,18595.0,18310.0,19450.0,17250.0,30606,58169.0,18570.0,28,18575.0,65,18580.0,17,18585.0,11,18590.0,15,18595.0,24,18600.0,235,18605.0,16,18610.0,28,18615.0,16,18595.0
lh2409,DCE,13:40:58.794#,18395.0,18595.0,18310.0,19450.0,17250.0,30611,58174.0,18570.0,28,18575.0,65,18580.0,17,18585.0,11,18590.0,16,18595.0,20,18600.0,236,18605.0,16,18610.0,27,18615.0,17,18595.0
lh2409,DCE,13:40:59.56#,18395.0,18595.0,18310.0,19450.0,17250.0,30631,58171.0,18575.0,65,18580.0,17,18585.0,15,18590.0,16,18595.0,20,18600.0,236,18605.0,16,18610.0,27,18615.0,17,18620.0,44,18595.0
lh2409,DCE,13:40:59.209#,18395.0,18595.0,18310.0,19450.0,17250.0,30631,58171.0,18575.0,65,18580.0,17,18585.0,11,18590.0,18,18595.0,28,18600.0,234,18605.0,18,18610.0,26,18615.0,17,18620.0,44,18595.0
lh2409,DCE,13:40:59.690#,18395.0,18595.0,18310.0,19450.0,17250.0,30632,58171.0,18575.0,65,18580.0,17,18585.0,11,18590.0,18,18595.0,27,18600.0,234,18605.0,18,18610.0,26,18615.0,17,18620.0,44,18595.0
lh2409,DCE,13:40:59.984#,18395.0,18595.0,18310.0,19450.0,17250.0,30632,58171.0,18575.0,65,18580.0,17,18585.0,11,18590.0,18,18595.0,29,18600.0,234,18605.0,19,18610.0,26,18615.0,17,18620.0,44,18595.0
lh2409,DCE,13:41:00.270#,18395.0,18595.0,18310.0,19450.0,17250.0,30632,58171.0,18575.0,64,18580.0,17,18585.0,11,18590.0,18,18595.0,29,18600.0,234,18605.0,19,18610.0,26,18615.0,17,18620.0,44,18595.0
lh2409,DCE,13:41:00.732#,18395.0,18600.0,18310.0,19450.0,17250.0,30636,58168.0,18575.0,64,18580.0,16,18585.0,12,18590.0,18,18595.0,26,18600.0,239,18605.0,19,18610.0,26,18615.0,17,18620.0,44,18595.0
lh2409,DCE,13:41:01.48#,18395.0,18600.0,18310.0,19450.0,17250.0,30639,58165.0,18575.0,64,18580.0,16,18585.0,12,18590.0,18,18595.0,26,18600.0,236,18605.0,18,18610.0,26,18615.0,17,18620.0,44,18600.0
lh2409,DCE,13:41:01.309#,18395.0,18600.0,18310.0,19450.0,17250.0,30740,58152.0,18575.0,64,18580.0,16,18585.0,12,18590.0,18,18595.0,15,18600.0,155,18605.0,18,18610.0,26,18615.0,18,18620.0,44,18600.0
lh2409,DCE,13:41:01.558#,18395.0,18600.0,18310.0,19450.0,17250.0,30745,58152.0,18575.0,64,18580.0,16,18585.0,12,18590.0,18,18595.0,16,18600.0,154,18605.0,18,18610.0,26,18615.0,18,18620.0,44,18595.0
lh2409,DCE,13:41:01.819#,18395.0,18600.0,18310.0,19450.0,17250.0,30789,58186.0,18575.0,64,18580.0,16,18585.0,10,18590.0,18,18595.0,18,18600.0,110,18605.0,18,18610.0,26,18615.0,17,18620.0,45,18600.0
lh2409,DCE,13:41:02.60#,18395.0,18600.0,18310.0,19450.0,17250.0,30815,58207.0,18575.0,64,18580.0,16,18585.0,10,18590.0,18,18595.0,18,18600.0,84,18605.0,18,18610.0,26,18615.0,17,18620.0,45,18600.0
lh2409,DCE,13:41:02.296#,18395.0,18600.0,18310.0,19450.0,17250.0,30822,58214.0,18575.0,64,18580.0,16,18585.0,10,18590.0,18,18595.0,18,18600.0,77,18605.0,18,18610.0,26,18615.0,17,18620.0,45,18600.0
lh2409,DCE,13:41:02.559#,18395.0,18600.0,18310.0,19450.0,17250.0,30839,58229.0,18575.0,64,18580.0,16,18585.0,10,18590.0,18,18595.0,17,18600.0,61,18605.0,18,18610.0,26,18615.0,17,18620.0,45,18600.0
lh2409,DCE,13:41:02.796#,18395.0,18600.0,18310.0,19450.0,17250.0,30843,58233.0,18575.0,64,18580.0,16,18585.0,9,18590.0,16,18595.0,17,18600.0,57,18605.0,16,18610.0,26,18615.0,17,18620.0,45,18600.0
lh2409,DCE,13:41:03.31#,18395.0,18600.0,18310.0,19450.0,17250.0,30856,58233.0,18575.0,64,18580.0,16,18585.0,8,18590.0,16,18595.0,17,18600.0,44,18605.0,16,18610.0,26,18615.0,17,18620.0,45,18600.0
lh2409,DCE,13:41:03.254#,18395.0,18600.0,18310.0,19450.0,17250.0,30876,58240.0,18575.0,64,18580.0,16,18585.0,8,18590.0,16,18595.0,14,18600.0,28,18605.0,16,18610.0,26,18615.0,17,18620.0,45,18595.0
lh2409,DCE,13:41:03.560#,18395.0,18600.0,18310.0,19450.0,17250.0,30877,58240.0,18575.0,64,18580.0,16,18585.0,8,18590.0,16,18595.0,14,18600.0,27,18605.0,16,18610.0,26,18615.0,17,18620.0,46,18600.0
lh2409,DCE,13:41:03.667#,18395.0,18600.0,18310.0,19450.0,17250.0,30879,58238.0,18575.0,64,18580.0,16,18585.0,8,18590.0,18,18595.0,13,18600.0,25,18605.0,18,18610.0,26,18615.0,17,18620.0,46,18600.0
lh2409,DCE,13:41:03.864#,18395.0,18600.0,18310.0,19450.0,17250.0,30879,58238.0,18575.0,64,18580.0,16,18585.0,8,18590.0,19,18595.0,13,18600.0,25,18605.0,18,18610.0,26,18615.0,17,18620.0,46,18600.0
lh2409,DCE,13:41:04.279#,18395.0,18605.0,18310.0,19450.0,17250.0,30906,58227.0,18580.0,16,18585.0,8,18590.0,19,18595.0,13,18600.0,77,18605.0,17,18610.0,26,18615.0,17,18620.0,46,18625.0,13,18605.0
lh2409,DCE,13:41:04.416#,18395.0,18605.0,18310.0,19450.0,17250.0,30913,58227.0,18580.0,16,18585.0,8,18590.0,19,18595.0,13,18600.0,86,18605.0,10,18610.0,27,18615.0,17,18620.0,46,18625.0,13,18605.0
lh2409,DCE,13:41:04.793#,18395.0,18610.0,18310.0,19450.0,17250.0,30941,58234.0,18585.0,8,18590.0,17,18595.0,15,18600.0,92,18605.0,11,18610.0,11,18615.0,17,18620.0,46,18625.0,13,18630.0,42,18610.0
lh2409,DCE,13:41:05.32#,18395.0,18610.0,18310.0,19450.0,17250.0,30954,58246.0,18590.0,17,18595.0,15,18600.0,94,18605.0,24,18610.0,1,18615.0,17,18620.0,46,18625.0,13,18630.0,42,18635.0,3,18610.0
lh2409,DCE,13:41:05.313#,18395.0,18615.0,18310.0,19450.0,17250.0,30962,58249.0,18590.0,17,18595.0,12,18600.0,99,18605.0,25,18610.0,11,18615.0,14,18620.0,46,18625.0,13,18630.0,42,18635.0,4,18610.0
lh2409,DCE,13:41:05.534#,18395.0,18615.0,18310.0,19450.0,17250.0,30962,58249.0,18590.0,17,18595.0,13,18600.0,99,18605.0,27,18610.0,11,18615.0,15,18620.0,46,18625.0,13,18630.0,42,18635.0,4,18610.0
lh2409,DCE,13:41:05.807#,18395.0,18615.0,18310.0,19450.0,17250.0,30962,58249.0,18590.0,12,18595.0,13,18600.0,99,18605.0,30,18610.0,11,18615.0,17,18620.0,48,18625.0,13,18630.0,42,18635.0,4,18610.0
lh2409,DCE,13:41:05.955#,18395.0,18615.0,18310.0,19450.0,17250.0,30964,58251.0,18590.0,12,18595.0,13,18600.0,104,18605.0,30,18610.0,9,18615.0,17,18620.0,48,18625.0,13,18630.0,42,18635.0,4,18610.0
lh2409,DCE,13:41:06.286#,18395.0,18615.0,18310.0,19450.0,17250.0,30965,58252.0,18590.0,12,18595.0,13,18600.0,104,18605.0,31,18610.0,8,18615.0,17,18620.0,47,18625.0,14,18630.0,42,18635.0,4,18610.0
lh2409,DCE,13:41:06.533#,18395.0,18615.0,18310.0,19450.0,17250.0,30974,58260.0,18590.0,11,18595.0,14,18600.0,104,18605.0,31,18610.0,7,18615.0,11,18620.0,47,18625.0,14,18630.0,42,18635.0,4,18615.0
lh2409,DCE,13:41:06.816#,18395.0,18615.0,18310.0,19450.0,17250.0,30986,58266.0,18590.0,12,18595.0,14,18600.0,104,18605.0,33,18610.0,6,18615.0,4,18620.0,47,18625.0,14,18630.0,42,18635.0,4,18615.0
lh2409,DCE,13:41:07.65#,18395.0,18615.0,18310.0,19450.0,17250.0,30991,58266.0,18590.0,12,18595.0,14,18600.0,104,18605.0,33,18610.0,10,18620.0,47,18625.0,14,18630.0,42,18635.0,4,18640.0,24,18615.0
lh2409,DCE,13:41:07.209#,18395.0,18615.0,18310.0,19450.0,17250.0,30992,58266.0,18590.0,12,18595.0,14,18600.0,104,18605.0,33,18610.0,9,18620.0,47,18625.0,14,18630.0,42,18635.0,4,18640.0,24,18610.0
lh2409,DCE,13:41:07.456#,18395.0,18615.0,18310.0,19450.0,17250.0,30992,58266.0,18595.0,14,18600.0,104,18605.0,33,18610.0,9,18615.0,5,18620.0,47,18625.0,14,18630.0,42,18635.0,4,18640.0,24,18610.0
lh2409,DCE,13:41:07.804#,18395.0,18620.0,18310.0,19450.0,17250.0,30993,58267.0,18595.0,14,18600.0,102,18605.0,33,18610.0,12,18615.0,6,18620.0,46,18625.0,14,18630.0,42,18635.0,10,18640.0,24,18620.0
lh2409,DCE,13:41:08.50#,18395.0,18620.0,18310.0,19450.0,17250.0,31011,58262.0,18595.0,14,18600.0,102,18605.0,31,18610.0,13,18615.0,7,18620.0,29,18625.0,14,18630.0,42,18635.0,10,18640.0,24,18620.0
lh2409,DCE,13:41:08.217#,18395.0,18620.0,18310.0,19450.0,17250.0,31029,58267.0,18595.0,14,18600.0,102,18605.0,30,18610.0,13,18615.0,3,18620.0,36,18625.0,14,18630.0,42,18635.0,10,18640.0,24,18620.0
lh2409,DCE,13:41:08.556#,18395.0,18620.0,18310.0,19450.0,17250.0,31031,58268.0,18595.0,14,18600.0,102,18605.0,29,18610.0,13,18615.0,5,18620.0,37,18625.0,14,18630.0,42,18635.0,10,18640.0,24,18615.0
lh2409,DCE,13:41:08.810#,18395.0,18620.0,18310.0,19450.0,17250.0,31036,58271.0,18590.0,14,18595.0,14,18600.0,102,18605.0,29,18610.0,13,18615.0,8,18620.0,38,18625.0,14,18630.0,42,18635.0,10,18615.0
lh2409,DCE,13:41:09.13#,18395.0,18620.0,18310.0,19450.0,17250.0,31038,58270.0,18590.0,14,18595.0,14,18600.0,102,18605.0,29,18610.0,10,18615.0,8,18620.0,40,18625.0,14,18630.0,42,18635.0,10,18610.0
lh2409,DCE,13:41:09.304#,18395.0,18620.0,18310.0,19450.0,17250.0,31040,58272.0,18590.0,14,18595.0,13,18600.0,104,18605.0,29,18610.0,7,18615.0,14,18620.0,40,18625.0,14,18630.0,42,18635.0,10,18615.0
lh2409,DCE,13:41:09.494#,18395.0,18620.0,18310.0,19450.0,17250.0,31040,58272.0,18590.0,14,18595.0,13,18600.0,104,18605.0,29,18610.0,2,18615.0,30,18620.0,38,18625.0,14,18630.0,42,18635.0,10,18615.0
lh2409,DCE,13:41:09.790#,18395.0,18620.0,18310.0,19450.0,17250.0,31043,58274.0,18585.0,9,18590.0,14,18595.0,13,18600.0,104,18605.0,29,18610.0,2,18615.0,34,18620.0,39,18625.0,14,18630.0,42,18610.0
lh2409,DCE,13:41:10.36#,18395.0,18620.0,18310.0,19450.0,17250.0,31046,58274.0,18585.0,9,18590.0,14,18595.0,13,18600.0,104,18605.0,29,18610.0,2,18615.0,34,18620.0,39,18625.0,14,18630.0,42,18610.0
lh2409,DCE,13:41:10.296#,18395.0,18620.0,18310.0,19450.0,17250.0,31048,58275.0,18585.0,5,18590.0,14,18595.0,13,18600.0,104,18605.0,29,18610.0,1,18615.0,36,18620.0,39,18625.0,14,18630.0,42,18610.0
lh2409,DCE,13:41:10.569#,18395.0,18620.0,18310.0,19450.0,17250.0,31049,58276.0,18585.0,5,18590.0,14,18595.0,13,18600.0,104,18605.0,29,18610.0,11,18615.0,38,18620.0,39,18625.0,14,18630.0,42,18610.0
lh2409,DCE,13:41:10.776#,18395.0,18620.0,18310.0,19450.0,17250.0,31056,58276.0,18585.0,5,18590.0,14,18595.0,13,18600.0,99,18605.0,26,18610.0,8,18615.0,43,18620.0,39,18625.0,14,18630.0,42,18610.0
lh2409,DCE,13:41:10.975#,18395.0,18620.0,18310.0,19450.0,17250.0,31056,58276.0,18585.0,5,18590.0,14,18595.0,13,18600.0,99,18605.0,21,18610.0,14,18615.0,43,18620.0,37,18625.0,14,18630.0,42,18610.0
lh2409,DCE,13:41:11.309#,18395.0,18620.0,18310.0,19450.0,17250.0,31058,58276.0,18585.0,5,18590.0,14,18595.0,13,18600.0,99,18605.0,21,18610.0,19,18615.0,43,18620.0,37,18625.0,13,18630.0,42,18610.0
lh2409,DCE,13:41:11.562#,18395.0,18620.0,18310.0,19450.0,17250.0,31077,58287.0,18590.0,14,18595.0,13,18600.0,98,18605.0,21,18610.0,24,18615.0,44,18620.0,37,18625.0,13,18630.0,42,18635.0,10,18610.0
