InstrumentId,ExchangeId,Datetime,OpenPrice,HighestPrice,LowestPrice,UpperLimitPrice,LowerLimitPrice,Volume,OpenInterest,BidPrice5,BidVolume5,BidPrice4,BidVolume4,BidPrice3,BidVolume3,BidPrice2,BidVolume2,BidPrice1,BidVolume1,AskPrice1,AskVolume1,AskPrice2,AskVolume2,AskPrice3,AskVolume3,AskPrice4,AskVolume4,AskPrice5,AskVolume5,LastPrice
lu2409,,13:38:35.0#,4224.0,4234.0,4122.0,4543.0,3870.0,22484,29289.0,4142.0,13,4143.0,10,4144.0,12,4145.0,64,4146.0,15,4147.0,6,4148.0,9,4149.0,6,4150.0,26,4151.0,13,4146.0
lu2409,,13:38:36.0#,4224.0,4234.0,4122.0,4543.0,3870.0,22494,29283.0,4142.0,13,4143.0,10,4144.0,12,4145.0,64,4146.0,18,4147.0,5,4148.0,10,4149.0,6,4150.0,26,4151.0,13,4148.0
lu2409,,13:38:36.500#,4224.0,4234.0,4122.0,4543.0,3870.0,22494,29283.0,4142.0,13,4143.0,10,4144.0,12,4145.0,64,4146.0,18,4147.0,5,4148.0,10,4149.0,6,4150.0,27,4151.0,13,4148.0
lu2409,,13:38:37.0#,4224.0,4234.0,4122.0,4543.0,3870.0,22494,29283.0,4142.0,13,4143.0,10,4144.0,12,4145.0,61,4146.0,15,4147.0,5,4148.0,12,4149.0,6,4150.0,27,4151.0,13,4148.0
lu2409,,13:38:37.500#,4224.0,4234.0,4122.0,4543.0,3870.0,22494,29283.0,4142.0,13,4143.0,10,4144.0,12,4145.0,60,4146.0,15,4147.0,5,4148.0,23,4149.0,9,4150.0,26,4151.0,13,4148.0
lu2409,,13:38:38.0#,4224.0,4234.0,4122.0,4543.0,3870.0,22494,29283.0,4142.0,13,4143.0,10,4144.0,12,4145.0,62,4146.0,15,4147.0,5,4148.0,24,4149.0,9,4150.0,26,4151.0,13,4148.0
lu2409,,13:38:38.500#,4224.0,4234.0,4122.0,4543.0,3870.0,22494,29283.0,4142.0,13,4143.0,10,4144.0,12,4145.0,66,4146.0,14,4147.0,8,4148.0,24,4149.0,6,4150.0,26,4151.0,13,4148.0
lu2409,,13:38:39.0#,4224.0,4234.0,4122.0,4543.0,3870.0,22495,29283.0,4142.0,13,4143.0,10,4144.0,12,4145.0,54,4146.0,7,4147.0,7,4148.0,41,4149.0,6,4150.0,26,4151.0,13,4147.0
lu2409,,13:38:39.500#,4224.0,4234.0,4122.0,4543.0,3870.0,22495,29283.0,4142.0,13,4143.0,10,4144.0,12,4145.0,54,4146.0,7,4147.0,7,4148.0,43,4149.0,7,4150.0,26,4151.0,13,4147.0
lu2409,,13:38:40.0#,4224.0,4234.0,4122.0,4543.0,3870.0,22495,29283.0,4142.0,13,4143.0,10,4144.0,12,4145.0,51,4146.0,7,4147.0,4,4148.0,44,4149.0,7,4150.0,26,4151.0,13,4147.0
lu2409,,13:38:41.0#,4224.0,4234.0,4122.0,4543.0,3870.0,22495,29283.0,4142.0,13,4143.0,10,4144.0,12,4145.0,54,4146.0,7,4147.0,4,4148.0,44,4149.0,7,4150.0,26,4151.0,13,4147.0
lu2409,,13:38:42.500#,4224.0,4234.0,4122.0,4543.0,3870.0,22495,29283.0,4142.0,13,4143.0,10,4144.0,12,4145.0,54,4146.0,7,4147.0,4,4148.0,44,4149.0,7,4150.0,26,4151.0,13,4147.0
lu2409,,13:38:44.0#,4224.0,4234.0,4122.0,4543.0,3870.0,22495,29283.0,4142.0,13,4143.0,10,4144.0,12,4145.0,54,4146.0,7,4147.0,4,4148.0,28,4149.0,22,4150.0,26,4151.0,13,4147.0
lu2409,,13:38:44.500#,4224.0,4234.0,4122.0,4543.0,3870.0,22495,29283.0,4142.0,13,4143.0,10,4144.0,12,4145.0,51,4146.0,7,4147.0,5,4148.0,28,4149.0,21,4150.0,26,4151.0,13,4147.0
lu2409,,13:38:45.0#,4224.0,4234.0,4122.0,4543.0,3870.0,22495,29283.0,4142.0,13,4143.0,10,4144.0,12,4145.0,50,4146.0,7,4147.0,5,4148.0,28,4149.0,21,4150.0,20,4151.0,13,4147.0
lu2409,,13:38:46.500#,4224.0,4234.0,4122.0,4543.0,3870.0,22495,29283.0,4142.0,13,4143.0,10,4144.0,12,4145.0,48,4146.0,7,4147.0,5,4148.0,26,4149.0,21,4150.0,20,4151.0,13,4147.0
lu2409,,13:38:47.0#,4224.0,4234.0,4122.0,4543.0,3870.0,22495,29283.0,4142.0,13,4143.0,10,4144.0,15,4145.0,45,4146.0,7,4147.0,5,4148.0,26,4149.0,21,4150.0,20,4151.0,13,4147.0
lu2409,,13:38:47.500#,4224.0,4234.0,4122.0,4543.0,3870.0,22495,29283.0,4142.0,13,4143.0,10,4144.0,15,4145.0,45,4146.0,7,4147.0,4,4148.0,26,4149.0,21,4150.0,20,4151.0,13,4147.0
lu2409,,13:38:48.0#,4224.0,4234.0,4122.0,4543.0,3870.0,22495,29283.0,4142.0,13,4143.0,10,4144.0,15,4145.0,45,4146.0,7,4147.0,4,4148.0,26,4149.0,22,4150.0,20,4151.0,13,4147.0
lu2409,,13:38:49.0#,4224.0,4234.0,4122.0,4543.0,3870.0,22495,29283.0,4142.0,13,4143.0,10,4144.0,15,4145.0,45,4146.0,7,4147.0,4,4148.0,26,4149.0,7,4150.0,20,4151.0,13,4147.0
lu2409,,13:38:50.500#,4224.0,4234.0,4122.0,4543.0,3870.0,22495,29283.0,4142.0,13,4143.0,10,4144.0,12,4145.0,45,4146.0,7,4147.0,4,4148.0,26,4149.0,7,4150.0,20,4151.0,13,4147.0
lu2409,,13:38:51.500#,4224.0,4234.0,4122.0,4543.0,3870.0,22495,29283.0,4142.0,13,4143.0,10,4144.0,12,4145.0,45,4146.0,7,4147.0,4,4148.0,26,4149.0,7,4150.0,20,4151.0,13,4147.0
lu2409,,13:38:52.0#,4224.0,4234.0,4122.0,4543.0,3870.0,22495,29283.0,4142.0,13,4143.0,10,4144.0,12,4145.0,37,4146.0,7,4147.0,4,4148.0,26,4149.0,7,4150.0,20,4151.0,13,4147.0
lu2409,,13:38:52.500#,4224.0,4234.0,4122.0,4543.0,3870.0,22495,29283.0,4142.0,13,4143.0,10,4144.0,12,4145.0,37,4146.0,6,4147.0,7,4148.0,24,4149.0,7,4150.0,20,4151.0,13,4147.0
lu2409,,13:38:53.0#,4224.0,4234.0,4122.0,4543.0,3870.0,22495,29283.0,4142.0,13,4143.0,10,4144.0,12,4145.0,37,4146.0,6,4147.0,7,4148.0,24,4149.0,6,4150.0,20,4151.0,13,4147.0
lu2409,,13:38:53.500#,4224.0,4234.0,4122.0,4543.0,3870.0,22495,29283.0,4142.0,13,4143.0,10,4144.0,13,4145.0,36,4146.0,6,4147.0,4,4148.0,23,4149.0,6,4150.0,20,4151.0,13,4147.0
lu2409,,13:38:54.500#,4224.0,4234.0,4122.0,4543.0,3870.0,22495,29283.0,4142.0,13,4143.0,10,4144.0,13,4145.0,32,4146.0,6,4147.0,4,4148.0,23,4149.0,6,4150.0,20,4151.0,13,4147.0
lu2409,,13:38:55.500#,4224.0,4234.0,4122.0,4543.0,3870.0,22495,29283.0,4142.0,13,4143.0,10,4144.0,13,4145.0,17,4146.0,6,4147.0,4,4148.0,23,4149.0,6,4150.0,8,4151.0,13,4147.0
lu2409,,13:38:56.0#,4224.0,4234.0,4122.0,4543.0,3870.0,22495,29283.0,4142.0,13,4143.0,10,4144.0,13,4145.0,17,4146.0,5,4147.0,4,4148.0,23,4149.0,5,4150.0,8,4151.0,13,4147.0
lu2409,,13:38:57.0#,4224.0,4234.0,4122.0,4543.0,3870.0,22495,29283.0,4142.0,13,4143.0,10,4144.0,11,4145.0,17,4146.0,5,4147.0,4,4148.0,21,4149.0,5,4150.0,8,4151.0,13,4147.0
lu2409,,13:38:57.500#,4224.0,4234.0,4122.0,4543.0,3870.0,22495,29283.0,4142.0,13,4143.0,10,4144.0,11,4145.0,17,4146.0,5,4147.0,4,4148.0,20,4149.0,5,4150.0,9,4151.0,13,4147.0
lu2409,,13:38:58.500#,4224.0,4234.0,4122.0,4543.0,3870.0,22495,29283.0,4142.0,13,4143.0,10,4144.0,11,4145.0,15,4146.0,5,4147.0,4,4148.0,18,4149.0,5,4150.0,9,4151.0,13,4147.0
lu2409,,13:38:59.0#,4224.0,4234.0,4122.0,4543.0,3870.0,22498,29283.0,4142.0,13,4143.0,10,4144.0,11,4145.0,15,4146.0,2,4147.0,7,4148.0,18,4149.0,5,4150.0,9,4151.0,13,4146.0
lu2409,,13:38:59.500#,4224.0,4234.0,4122.0,4543.0,3870.0,22498,29283.0,4142.0,13,4143.0,10,4144.0,11,4145.0,15,4146.0,3,4147.0,7,4148.0,18,4149.0,5,4150.0,9,4151.0,13,4146.0
lu2409,,13:39:00.0#,4224.0,4234.0,4122.0,4543.0,3870.0,22498,29283.0,4142.0,13,4143.0,10,4144.0,11,4145.0,15,4146.0,3,4147.0,4,4148.0,19,4149.0,5,4150.0,9,4151.0,13,4146.0
lu2409,,13:39:00.500#,4224.0,4234.0,4122.0,4543.0,3870.0,22498,29283.0,4142.0,13,4143.0,10,4144.0,11,4145.0,22,4146.0,3,4147.0,4,4148.0,19,4149.0,5,4150.0,9,4151.0,13,4146.0
lu2409,,13:39:02.0#,4224.0,4234.0,4122.0,4543.0,3870.0,22498,29283.0,4142.0,13,4143.0,10,4144.0,11,4145.0,22,4146.0,3,4147.0,4,4148.0,18,4149.0,5,4150.0,9,4151.0,13,4146.0
lu2409,,13:39:03.0#,4224.0,4234.0,4122.0,4543.0,3870.0,22498,29283.0,4142.0,13,4143.0,10,4144.0,11,4145.0,22,4146.0,3,4147.0,4,4148.0,17,4149.0,4,4150.0,9,4151.0,13,4146.0
lu2409,,13:39:03.500#,4224.0,4234.0,4122.0,4543.0,3870.0,22498,29283.0,4142.0,13,4143.0,10,4144.0,11,4145.0,22,4146.0,3,4147.0,4,4148.0,17,4149.0,4,4150.0,9,4151.0,13,4146.0
lu2409,,13:39:04.0#,4224.0,4234.0,4122.0,4543.0,3870.0,22498,29283.0,4142.0,13,4143.0,10,4144.0,11,4145.0,16,4146.0,4,4147.0,4,4148.0,17,4149.0,4,4150.0,9,4151.0,13,4146.0
lu2409,,13:39:04.500#,4224.0,4234.0,4122.0,4543.0,3870.0,22498,29283.0,4142.0,13,4143.0,10,4144.0,11,4145.0,16,4146.0,4,4147.0,4,4148.0,16,4149.0,4,4150.0,9,4151.0,13,4146.0
lu2409,,13:39:05.0#,4224.0,4234.0,4122.0,4543.0,3870.0,22498,29283.0,4142.0,13,4143.0,10,4144.0,11,4145.0,19,4146.0,4,4147.0,4,4148.0,16,4149.0,4,4150.0,9,4151.0,13,4146.0
lu2409,,13:39:05.500#,4224.0,4234.0,4122.0,4543.0,3870.0,22498,29283.0,4142.0,13,4143.0,10,4144.0,11,4145.0,19,4146.0,3,4147.0,4,4148.0,16,4149.0,4,4150.0,8,4151.0,13,4146.0
lu2409,,13:39:06.500#,4224.0,4234.0,4122.0,4543.0,3870.0,22498,29283.0,4142.0,13,4143.0,10,4144.0,10,4145.0,19,4146.0,3,4147.0,4,4148.0,16,4149.0,4,4150.0,8,4151.0,13,4146.0
lu2409,,13:39:07.0#,4224.0,4234.0,4122.0,4543.0,3870.0,22508,29276.0,4141.0,7,4142.0,13,4143.0,10,4144.0,10,4145.0,12,4146.0,1,4147.0,7,4148.0,19,4149.0,5,4150.0,8,4145.0
lu2409,,13:39:07.500#,4224.0,4234.0,4122.0,4543.0,3870.0,22508,29276.0,4141.0,7,4142.0,13,4143.0,10,4144.0,10,4145.0,12,4146.0,2,4147.0,7,4148.0,12,4149.0,6,4150.0,8,4145.0
lu2409,,13:39:08.0#,4224.0,4234.0,4122.0,4543.0,3870.0,22508,29276.0,4141.0,7,4142.0,13,4143.0,9,4144.0,10,4145.0,12,4146.0,2,4147.0,7,4148.0,12,4149.0,6,4150.0,8,4145.0
lu2409,,13:39:08.500#,4224.0,4234.0,4122.0,4543.0,3870.0,22510,29276.0,4141.0,7,4142.0,13,4143.0,9,4144.0,11,4145.0,11,4147.0,7,4148.0,10,4149.0,6,4150.0,8,4151.0,13,4146.0
lu2409,,13:39:09.0#,4224.0,4234.0,4122.0,4543.0,3870.0,22510,29276.0,4141.0,7,4142.0,13,4143.0,9,4144.0,14,4145.0,11,4147.0,7,4148.0,10,4149.0,5,4150.0,8,4151.0,13,4146.0
lu2409,,13:39:09.500#,4224.0,4234.0,4122.0,4543.0,3870.0,22510,29276.0,4141.0,7,4142.0,13,4143.0,9,4144.0,13,4145.0,14,4147.0,7,4148.0,9,4149.0,5,4150.0,8,4151.0,13,4146.0
lu2409,,13:39:10.0#,4224.0,4234.0,4122.0,4543.0,3870.0,22510,29276.0,4141.0,7,4142.0,13,4143.0,9,4144.0,10,4145.0,17,4147.0,7,4148.0,9,4149.0,5,4150.0,8,4151.0,13,4146.0
lu2409,,13:39:10.500#,4224.0,4234.0,4122.0,4543.0,3870.0,22520,29275.0,4141.0,7,4142.0,13,4143.0,9,4144.0,11,4145.0,14,4146.0,1,4147.0,7,4148.0,10,4149.0,5,4150.0,8,4145.0
lu2409,,13:39:11.0#,4224.0,4234.0,4122.0,4543.0,3870.0,22520,29275.0,4141.0,7,4142.0,13,4143.0,9,4144.0,11,4145.0,12,4146.0,7,4147.0,9,4148.0,10,4149.0,6,4150.0,8,4145.0
lu2409,,13:39:12.0#,4224.0,4234.0,4122.0,4543.0,3870.0,22520,29275.0,4141.0,7,4142.0,13,4143.0,9,4144.0,12,4145.0,9,4146.0,7,4147.0,9,4148.0,10,4149.0,6,4150.0,8,4145.0
lu2409,,13:39:12.500#,4224.0,4234.0,4122.0,4543.0,3870.0,22520,29275.0,4141.0,7,4142.0,13,4143.0,9,4144.0,30,4145.0,9,4146.0,7,4147.0,11,4148.0,10,4149.0,6,4150.0,8,4145.0
lu2409,,13:39:13.0#,4224.0,4234.0,4122.0,4543.0,3870.0,22520,29275.0,4141.0,7,4142.0,13,4143.0,9,4144.0,31,4145.0,8,4146.0,7,4147.0,13,4148.0,8,4149.0,6,4150.0,8,4145.0
lu2409,,13:39:13.500#,4224.0,4234.0,4122.0,4543.0,3870.0,22530,29273.0,4140.0,8,4141.0,7,4142.0,13,4143.0,9,4144.0,31,4146.0,11,4147.0,14,4148.0,7,4149.0,6,4150.0,8,4144.0
lu2409,,13:39:14.0#,4224.0,4234.0,4122.0,4543.0,3870.0,22530,29273.0,4141.0,22,4142.0,13,4143.0,9,4144.0,32,4145.0,1,4146.0,16,4147.0,14,4148.0,7,4149.0,6,4150.0,8,4144.0
lu2409,,13:39:14.500#,4224.0,4234.0,4122.0,4543.0,3870.0,22533,29271.0,4140.0,8,4141.0,22,4142.0,13,4143.0,10,4144.0,30,4145.0,1,4146.0,17,4147.0,11,4148.0,8,4149.0,6,4145.0
lu2409,,13:39:15.0#,4224.0,4234.0,4122.0,4543.0,3870.0,22535,29272.0,4141.0,22,4142.0,13,4143.0,10,4144.0,34,4145.0,2,4146.0,15,4147.0,11,4148.0,7,4149.0,6,4150.0,8,4146.0
lu2409,,13:39:15.500#,4224.0,4234.0,4122.0,4543.0,3870.0,22537,29272.0,4141.0,22,4142.0,13,4143.0,10,4144.0,34,4145.0,1,4146.0,15,4147.0,11,4148.0,7,4149.0,6,4150.0,8,4145.0
lu2409,,13:39:16.0#,4224.0,4234.0,4122.0,4543.0,3870.0,22537,29272.0,4141.0,22,4142.0,13,4143.0,13,4144.0,37,4145.0,2,4146.0,15,4147.0,11,4148.0,7,4149.0,6,4150.0,8,4145.0
lu2409,,13:39:16.500#,4224.0,4234.0,4122.0,4543.0,3870.0,22547,29266.0,4140.0,8,4141.0,22,4142.0,13,4143.0,13,4144.0,31,4145.0,1,4146.0,15,4147.0,11,4148.0,7,4149.0,6,4144.0
lu2409,,13:39:17.0#,4224.0,4234.0,4122.0,4543.0,3870.0,22552,29270.0,4141.0,7,4142.0,13,4143.0,13,4144.0,31,4145.0,2,4146.0,16,4147.0,12,4148.0,7,4149.0,6,4150.0,8,4145.0
lu2409,,13:39:17.500#,4224.0,4234.0,4122.0,4543.0,3870.0,22553,29270.0,4141.0,7,4142.0,13,4143.0,13,4144.0,33,4145.0,1,4146.0,16,4147.0,11,4148.0,7,4149.0,6,4150.0,8,4145.0
lu2409,,13:39:18.0#,4224.0,4234.0,4122.0,4543.0,3870.0,22554,29270.0,4140.0,8,4141.0,7,4142.0,13,4143.0,13,4144.0,44,4146.0,15,4147.0,11,4148.0,8,4149.0,6,4150.0,8,4145.0
lu2409,,13:39:18.500#,4224.0,4234.0,4122.0,4543.0,3870.0,22554,29270.0,4140.0,8,4141.0,7,4142.0,13,4143.0,13,4144.0,69,4146.0,15,4147.0,11,4148.0,8,4149.0,6,4150.0,8,4145.0
lu2409,,13:39:19.0#,4224.0,4234.0,4122.0,4543.0,3870.0,22554,29270.0,4141.0,7,4142.0,13,4143.0,13,4144.0,81,4145.0,2,4146.0,15,4147.0,11,4148.0,8,4149.0,6,4150.0,8,4145.0
lu2409,,13:39:19.500#,4224.0,4234.0,4122.0,4543.0,3870.0,22564,29270.0,4140.0,8,4141.0,7,4142.0,13,4143.0,18,4144.0,74,4146.0,15,4147.0,11,4148.0,8,4149.0,6,4150.0,8,4144.0
lu2409,,13:39:20.0#,4224.0,4234.0,4122.0,4543.0,3870.0,22564,29270.0,4140.0,8,4141.0,7,4142.0,13,4143.0,20,4144.0,63,4145.0,7,4146.0,15,4147.0,11,4148.0,8,4149.0,6,4144.0
lu2409,,13:39:20.500#,4224.0,4234.0,4122.0,4543.0,3870.0,22576,29270.0,4141.0,7,4142.0,13,4143.0,20,4144.0,60,4145.0,5,4146.0,11,4147.0,10,4148.0,8,4149.0,6,4150.0,8,4145.0
lu2409,,13:39:21.0#,4224.0,4234.0,4122.0,4543.0,3870.0,22576,29270.0,4141.0,7,4142.0,15,4143.0,28,4144.0,56,4145.0,5,4146.0,9,4147.0,10,4148.0,8,4149.0,6,4150.0,8,4145.0
lu2409,,13:39:21.500#,4224.0,4234.0,4122.0,4543.0,3870.0,22576,29270.0,4141.0,7,4142.0,17,4143.0,43,4144.0,80,4145.0,5,4146.0,9,4147.0,10,4148.0,8,4149.0,6,4150.0,8,4145.0
lu2409,,13:39:22.0#,4224.0,4234.0,4122.0,4543.0,3870.0,22578,29270.0,4141.0,7,4142.0,17,4143.0,38,4144.0,91,4145.0,3,4146.0,9,4147.0,10,4148.0,8,4149.0,6,4150.0,8,4145.0
lu2409,,13:39:22.500#,4224.0,4234.0,4122.0,4543.0,3870.0,22578,29270.0,4141.0,7,4142.0,17,4143.0,38,4144.0,101,4145.0,2,4146.0,9,4147.0,11,4148.0,8,4149.0,6,4150.0,8,4145.0
lu2409,,13:39:25.0#,4224.0,4234.0,4122.0,4543.0,3870.0,22578,29270.0,4141.0,7,4142.0,17,4143.0,40,4144.0,101,4145.0,2,4146.0,9,4147.0,11,4148.0,8,4149.0,6,4150.0,8,4145.0
lu2409,,13:39:25.500#,4224.0,4234.0,4122.0,4543.0,3870.0,22578,29270.0,4141.0,7,4142.0,17,4143.0,38,4144.0,103,4145.0,2,4146.0,9,4147.0,11,4148.0,8,4149.0,6,4150.0,8,4145.0
lu2409,,13:39:26.0#,4224.0,4234.0,4122.0,4543.0,3870.0,22578,29270.0,4141.0,7,4142.0,17,4143.0,38,4144.0,96,4145.0,2,4146.0,9,4147.0,11,4148.0,8,4149.0,6,4150.0,8,4145.0
lu2409,,13:39:26.500#,4224.0,4234.0,4122.0,4543.0,3870.0,22578,29270.0,4141.0,7,4142.0,19,4143.0,38,4144.0,96,4145.0,2,4146.0,9,4147.0,12,4148.0,8,4149.0,6,4150.0,8,4145.0
lu2409,,13:39:27.0#,4224.0,4234.0,4122.0,4543.0,3870.0,22578,29270.0,4141.0,7,4142.0,19,4143.0,36,4144.0,87,4145.0,2,4146.0,9,4147.0,12,4148.0,8,4149.0,6,4150.0,8,4145.0
lu2409,,13:39:28.0#,4224.0,4234.0,4122.0,4543.0,3870.0,22578,29270.0,4141.0,9,4142.0,17,4143.0,36,4144.0,87,4145.0,2,4146.0,9,4147.0,12,4148.0,8,4149.0,6,4150.0,8,4145.0
lu2409,,13:39:29.0#,4224.0,4234.0,4122.0,4543.0,3870.0,22578,29270.0,4141.0,9,4142.0,17,4143.0,36,4144.0,87,4145.0,2,4146.0,9,4147.0,12,4148.0,8,4149.0,6,4150.0,8,4145.0
lu2409,,13:39:29.500#,4224.0,4234.0,4122.0,4543.0,3870.0,22578,29270.0,4141.0,9,4142.0,17,4143.0,36,4144.0,87,4145.0,2,4146.0,9,4147.0,12,4148.0,10,4149.0,6,4150.0,8,4145.0
lu2409,,13:39:30.0#,4224.0,4234.0,4122.0,4543.0,3870.0,22578,29270.0,4141.0,9,4142.0,17,4143.0,36,4144.0,87,4145.0,2,4146.0,7,4147.0,12,4148.0,10,4149.0,6,4150.0,8,4145.0
lu2409,,13:39:30.500#,4224.0,4234.0,4122.0,4543.0,3870.0,22588,29270.0,4140.0,8,4141.0,9,4142.0,17,4143.0,36,4144.0,81,4146.0,8,4147.0,12,4148.0,10,4149.0,6,4150.0,8,4144.0
lu2409,,13:39:31.0#,4224.0,4234.0,4122.0,4543.0,3870.0,22591,29270.0,4140.0,8,4141.0,9,4142.0,17,4143.0,36,4144.0,76,4145.0,5,4146.0,8,4147.0,13,4148.0,10,4149.0,6,4145.0
lu2409,,13:39:31.500#,4224.0,4234.0,4122.0,4543.0,3870.0,22596,29270.0,4141.0,9,4142.0,17,4143.0,36,4144.0,77,4145.0,2,4146.0,8,4147.0,12,4148.0,10,4149.0,6,4150.0,8,4145.0
lu2409,,13:39:32.0#,4224.0,4234.0,4122.0,4543.0,3870.0,22596,29270.0,4141.0,9,4142.0,17,4143.0,36,4144.0,79,4145.0,2,4146.0,8,4147.0,12,4148.0,10,4149.0,6,4150.0,8,4145.0
lu2409,,13:39:32.500#,4224.0,4234.0,4122.0,4543.0,3870.0,22596,29270.0,4141.0,9,4142.0,17,4143.0,36,4144.0,80,4145.0,2,4146.0,8,4147.0,12,4148.0,10,4149.0,6,4150.0,8,4145.0
lu2409,,13:39:33.0#,4224.0,4234.0,4122.0,4543.0,3870.0,22606,29268.0,4140.0,8,4141.0,14,4142.0,17,4143.0,38,4144.0,76,4146.0,8,4147.0,12,4148.0,10,4149.0,6,4150.0,8,4144.0
lu2409,,13:39:33.500#,4224.0,4234.0,4122.0,4543.0,3870.0,22607,29268.0,4140.0,8,4141.0,14,4142.0,17,4143.0,38,4144.0,76,4145.0,5,4146.0,8,4147.0,12,4148.0,10,4149.0,6,4145.0
lu2409,,13:39:34.0#,4224.0,4234.0,4122.0,4543.0,3870.0,22616,29268.0,4141.0,14,4142.0,17,4143.0,38,4144.0,76,4145.0,5,4146.0,5,4147.0,12,4148.0,10,4149.0,6,4150.0,8,4145.0
lu2409,,13:39:34.500#,4224.0,4234.0,4122.0,4543.0,3870.0,22617,29268.0,4141.0,14,4142.0,17,4143.0,38,4144.0,78,4145.0,5,4146.0,5,4147.0,11,4148.0,10,4149.0,6,4150.0,8,4146.0
lu2409,,13:39:35.0#,4224.0,4234.0,4122.0,4543.0,3870.0,22617,29268.0,4141.0,7,4142.0,17,4143.0,54,4144.0,89,4145.0,5,4146.0,5,4147.0,11,4148.0,10,4149.0,6,4150.0,8,4146.0
lu2409,,13:39:35.500#,4224.0,4234.0,4122.0,4543.0,3870.0,22627,29265.0,4141.0,7,4142.0,17,4143.0,37,4144.0,101,4145.0,2,4146.0,5,4147.0,11,4148.0,10,4149.0,6,4150.0,8,4144.0
lu2409,,13:39:36.0#,4224.0,4234.0,4122.0,4543.0,3870.0,22629,29265.0,4140.0,8,4141.0,7,4142.0,17,4143.0,37,4144.0,106,4146.0,6,4147.0,12,4148.0,10,4149.0,6,4150.0,8,4145.0
lu2409,,13:39:36.500#,4224.0,4234.0,4122.0,4543.0,3870.0,22631,29265.0,4141.0,7,4142.0,17,4143.0,35,4144.0,106,4145.0,3,4146.0,9,4147.0,12,4148.0,10,4149.0,6,4150.0,8,4145.0
lu2409,,13:39:37.0#,4224.0,4234.0,4122.0,4543.0,3870.0,22631,29265.0,4141.0,7,4142.0,17,4143.0,35,4144.0,121,4145.0,3,4146.0,9,4147.0,12,4148.0,10,4149.0,6,4150.0,8,4145.0
lu2409,,13:39:37.500#,4224.0,4234.0,4122.0,4543.0,3870.0,22631,29265.0,4141.0,7,4142.0,17,4143.0,35,4144.0,121,4145.0,5,4146.0,9,4147.0,12,4148.0,10,4149.0,6,4150.0,8,4145.0
lu2409,,13:39:38.0#,4224.0,4234.0,4122.0,4543.0,3870.0,22631,29265.0,4141.0,7,4142.0,17,4143.0,42,4144.0,122,4145.0,6,4146.0,9,4147.0,12,4148.0,10,4149.0,6,4150.0,8,4145.0
lu2409,,13:39:38.500#,4224.0,4234.0,4122.0,4543.0,3870.0,22631,29265.0,4141.0,7,4142.0,17,4143.0,39,4144.0,122,4145.0,8,4146.0,9,4147.0,12,4148.0,10,4149.0,6,4150.0,8,4145.0
lu2409,,13:39:39.0#,4224.0,4234.0,4122.0,4543.0,3870.0,22641,29264.0,4141.0,7,4142.0,17,4143.0,39,4144.0,130,4145.0,1,4146.0,11,4147.0,12,4148.0,10,4149.0,6,4150.0,8,4145.0
lu2409,,13:39:39.500#,4224.0,4234.0,4122.0,4543.0,3870.0,22642,29264.0,4140.0,8,4141.0,7,4142.0,17,4143.0,39,4144.0,130,4145.0,1,4146.0,14,4147.0,12,4148.0,10,4149.0,6,4145.0
lu2409,,13:39:40.0#,4224.0,4234.0,4122.0,4543.0,3870.0,22646,29263.0,4141.0,7,4142.0,17,4143.0,39,4144.0,130,4145.0,5,4146.0,13,4147.0,12,4148.0,10,4149.0,6,4150.0,8,4145.0
lu2409,,13:39:40.500#,4224.0,4234.0,4122.0,4543.0,3870.0,22646,29263.0,4141.0,7,4142.0,32,4143.0,39,4144.0,129,4145.0,5,4146.0,15,4147.0,10,4148.0,10,4149.0,6,4150.0,8,4145.0
lu2409,,13:39:41.0#,4224.0,4234.0,4122.0,4543.0,3870.0,22646,29263.0,4141.0,7,4142.0,32,4143.0,40,4144.0,129,4145.0,5,4146.0,15,4147.0,10,4148.0,10,4149.0,6,4150.0,8,4145.0
lu2409,,13:39:41.500#,4224.0,4234.0,4122.0,4543.0,3870.0,22646,29263.0,4141.0,7,4142.0,32,4143.0,40,4144.0,130,4145.0,5,4146.0,15,4147.0,10,4148.0,10,4149.0,6,4150.0,8,4145.0
lu2409,,13:39:42.0#,4224.0,4234.0,4122.0,4543.0,3870.0,22656,29259.0,4140.0,8,4141.0,7,4142.0,32,4143.0,41,4144.0,131,4146.0,15,4147.0,10,4148.0,10,4149.0,6,4150.0,8,4144.0
lu2409,,13:39:42.500#,4224.0,4234.0,4122.0,4543.0,3870.0,22656,29259.0,4140.0,8,4141.0,7,4142.0,32,4143.0,41,4144.0,132,4145.0,1,4146.0,16,4147.0,10,4148.0,10,4149.0,6,4144.0
lu2409,,13:39:43.0#,4224.0,4234.0,4122.0,4543.0,3870.0,22664,29257.0,4141.0,7,4142.0,32,4143.0,41,4144.0,132,4145.0,1,4146.0,16,4147.0,10,4148.0,10,4149.0,6,4150.0,8,4145.0
lu2409,,13:39:43.500#,4224.0,4234.0,4122.0,4543.0,3870.0,22664,29257.0,4141.0,7,4142.0,32,4143.0,44,4144.0,134,4145.0,4,4146.0,15,4147.0,10,4148.0,10,4149.0,6,4150.0,8,4145.0
lu2409,,13:39:44.0#,4224.0,4234.0,4122.0,4543.0,3870.0,22664,29257.0,4141.0,7,4142.0,32,4143.0,44,4144.0,141,4145.0,4,4146.0,15,4147.0,10,4148.0,10,4149.0,6,4150.0,8,4145.0
lu2409,,13:39:45.0#,4224.0,4234.0,4122.0,4543.0,3870.0,22664,29257.0,4141.0,7,4142.0,32,4143.0,45,4144.0,140,4145.0,4,4146.0,15,4147.0,10,4148.0,10,4149.0,6,4150.0,8,4145.0
lu2409,,13:39:47.500#,4224.0,4234.0,4122.0,4543.0,3870.0,22674,29257.0,4140.0,8,4141.0,7,4142.0,32,4143.0,45,4144.0,133,4146.0,16,4147.0,10,4148.0,10,4149.0,6,4150.0,8,4144.0
lu2409,,13:39:48.0#,4224.0,4234.0,4122.0,4543.0,3870.0,22674,29257.0,4140.0,8,4141.0,7,4142.0,32,4143.0,45,4144.0,133,4145.0,10,4146.0,16,4147.0,10,4148.0,10,4149.0,6,4144.0
lu2409,,13:39:48.500#,4224.0,4234.0,4122.0,4543.0,3870.0,22678,29258.0,4140.0,8,4141.0,7,4142.0,32,4143.0,45,4144.0,132,4145.0,5,4146.0,15,4147.0,10,4148.0,10,4149.0,6,4145.0
lu2409,,13:39:49.0#,4224.0,4234.0,4122.0,4543.0,3870.0,22687,29253.0,4140.0,8,4141.0,7,4142.0,32,4143.0,45,4144.0,111,4145.0,1,4146.0,10,4147.0,10,4148.0,10,4149.0,6,4145.0
lu2409,,13:39:49.500#,4224.0,4234.0,4122.0,4543.0,3870.0,22689,29254.0,4141.0,7,4142.0,32,4143.0,67,4144.0,112,4145.0,4,4146.0,9,4147.0,10,4148.0,10,4149.0,6,4150.0,8,4145.0
lu2409,,13:39:50.0#,4224.0,4234.0,4122.0,4543.0,3870.0,22689,29254.0,4141.0,7,4142.0,32,4143.0,75,4144.0,112,4145.0,4,4146.0,8,4147.0,10,4148.0,10,4149.0,6,4150.0,8,4145.0
lu2409,,13:39:50.500#,4224.0,4234.0,4122.0,4543.0,3870.0,22699,29253.0,4140.0,8,4141.0,7,4142.0,32,4143.0,74,4144.0,104,4146.0,8,4147.0,10,4148.0,10,4149.0,6,4150.0,8,4144.0
lu2409,,13:39:51.0#,4224.0,4234.0,4122.0,4543.0,3870.0,22700,29252.0,4140.0,8,4141.0,7,4142.0,32,4143.0,72,4144.0,106,4145.0,7,4146.0,11,4147.0,10,4148.0,10,4149.0,6,4145.0
lu2409,,13:39:51.500#,4224.0,4234.0,4122.0,4543.0,3870.0,22707,29249.0,4140.0,8,4141.0,7,4142.0,32,4143.0,65,4144.0,118,4145.0,1,4146.0,11,4147.0,10,4148.0,10,4149.0,6,4145.0
lu2409,,13:39:52.0#,4224.0,4234.0,4122.0,4543.0,3870.0,22708,29250.0,4140.0,8,4141.0,7,4142.0,32,4143.0,60,4144.0,118,4146.0,11,4147.0,10,4148.0,10,4149.0,6,4150.0,8,4145.0
lu2409,,13:39:52.500#,4224.0,4234.0,4122.0,4543.0,3870.0,22708,29250.0,4140.0,8,4141.0,7,4142.0,32,4143.0,68,4144.0,118,4146.0,11,4147.0,10,4148.0,10,4149.0,6,4150.0,8,4145.0
lu2409,,13:39:53.0#,4224.0,4234.0,4122.0,4543.0,3870.0,22708,29250.0,4140.0,8,4141.0,7,4142.0,32,4143.0,68,4144.0,123,4146.0,11,4147.0,10,4148.0,10,4149.0,6,4150.0,8,4145.0
lu2409,,13:39:53.500#,4224.0,4234.0,4122.0,4543.0,3870.0,22708,29250.0,4140.0,8,4141.0,7,4142.0,17,4143.0,91,4144.0,124,4146.0,11,4147.0,13,4148.0,10,4149.0,6,4150.0,8,4145.0
lu2409,,13:39:54.500#,4224.0,4234.0,4122.0,4543.0,3870.0,22708,29250.0,4141.0,7,4142.0,17,4143.0,91,4144.0,122,4145.0,1,4146.0,10,4147.0,13,4148.0,10,4149.0,6,4150.0,8,4145.0
lu2409,,13:39:55.0#,4224.0,4234.0,4122.0,4543.0,3870.0,22718,29247.0,4140.0,8,4141.0,7,4142.0,17,4143.0,96,4144.0,117,4146.0,7,4147.0,13,4148.0,10,4149.0,6,4150.0,8,4144.0
lu2409,,13:39:55.500#,4224.0,4234.0,4122.0,4543.0,3870.0,22723,29246.0,4140.0,8,4141.0,7,4142.0,17,4143.0,96,4144.0,116,4146.0,8,4147.0,10,4148.0,10,4149.0,6,4150.0,8,4145.0
lu2409,,13:39:56.0#,4224.0,4234.0,4122.0,4543.0,3870.0,22724,29245.0,4140.0,8,4141.0,7,4142.0,17,4143.0,96,4144.0,116,4146.0,9,4147.0,10,4148.0,10,4149.0,6,4150.0,8,4145.0
lu2409,,13:39:56.500#,4224.0,4234.0,4122.0,4543.0,3870.0,22727,29245.0,4140.0,8,4141.0,7,4142.0,17,4143.0,91,4144.0,125,4146.0,9,4147.0,10,4148.0,10,4149.0,6,4150.0,8,4145.0
lu2409,,13:39:57.0#,4224.0,4234.0,4122.0,4543.0,3870.0,22727,29245.0,4140.0,8,4141.0,7,4142.0,17,4143.0,91,4144.0,128,4146.0,10,4147.0,10,4148.0,10,4149.0,6,4150.0,8,4145.0
lu2409,,13:39:57.500#,4224.0,4234.0,4122.0,4543.0,3870.0,22727,29245.0,4140.0,8,4141.0,7,4142.0,17,4143.0,91,4144.0,145,4146.0,10,4147.0,10,4148.0,10,4149.0,6,4150.0,8,4145.0
lu2409,,13:39:58.0#,4224.0,4234.0,4122.0,4543.0,3870.0,22737,29245.0,4140.0,8,4141.0,7,4142.0,17,4143.0,91,4144.0,136,4145.0,3,4146.0,9,4147.0,10,4148.0,10,4149.0,6,4144.0
lu2409,,13:39:58.500#,4224.0,4234.0,4122.0,4543.0,3870.0,22745,29245.0,4140.0,8,4141.0,7,4142.0,17,4143.0,91,4144.0,132,4145.0,1,4146.0,10,4147.0,10,4148.0,10,4149.0,6,4145.0
lu2409,,13:39:59.0#,4224.0,4234.0,4122.0,4543.0,3870.0,22747,29245.0,4140.0,8,4141.0,7,4142.0,17,4143.0,91,4144.0,132,4146.0,9,4147.0,10,4148.0,10,4149.0,6,4150.0,8,4145.0
lu2409,,13:39:59.500#,4224.0,4234.0,4122.0,4543.0,3870.0,22747,29245.0,4140.0,8,4141.0,7,4142.0,17,4143.0,76,4144.0,142,4146.0,9,4147.0,10,4148.0,10,4149.0,6,4150.0,8,4145.0
lu2409,,13:40:00.0#,4224.0,4234.0,4122.0,4543.0,3870.0,22747,29245.0,4140.0,8,4141.0,7,4142.0,17,4143.0,76,4144.0,154,4146.0,9,4147.0,10,4148.0,13,4149.0,6,4150.0,8,4145.0
lu2409,,13:40:00.500#,4224.0,4234.0,4122.0,4543.0,3870.0,22747,29245.0,4140.0,8,4141.0,7,4142.0,17,4143.0,76,4144.0,154,4146.0,9,4147.0,10,4148.0,13,4149.0,6,4150.0,8,4145.0
lu2409,,13:40:01.500#,4224.0,4234.0,4122.0,4543.0,3870.0,22759,29246.0,4140.0,8,4141.0,7,4142.0,17,4143.0,76,4144.0,141,4145.0,5,4146.0,10,4147.0,10,4148.0,13,4149.0,6,4145.0
lu2409,,13:40:02.0#,4224.0,4234.0,4122.0,4543.0,3870.0,22773,29244.0,4140.0,8,4141.0,7,4142.0,17,4143.0,76,4144.0,140,4146.0,3,4147.0,10,4148.0,13,4149.0,6,4150.0,8,4144.0
lu2409,,13:40:02.500#,4224.0,4234.0,4122.0,4543.0,3870.0,22775,29242.0,4141.0,7,4142.0,17,4143.0,77,4144.0,148,4145.0,2,4146.0,7,4147.0,10,4148.0,13,4149.0,6,4150.0,8,4145.0
lu2409,,13:40:03.0#,4224.0,4234.0,4122.0,4543.0,3870.0,22775,29242.0,4141.0,7,4142.0,17,4143.0,77,4144.0,150,4145.0,3,4146.0,6,4147.0,10,4148.0,13,4149.0,6,4150.0,8,4145.0
lu2409,,13:40:03.500#,4224.0,4234.0,4122.0,4543.0,3870.0,22775,29242.0,4141.0,7,4142.0,17,4143.0,97,4144.0,152,4145.0,3,4146.0,5,4147.0,10,4148.0,13,4149.0,6,4150.0,8,4145.0
lu2409,,13:40:04.0#,4224.0,4234.0,4122.0,4543.0,3870.0,22780,29238.0,4141.0,7,4142.0,17,4143.0,82,4144.0,154,4145.0,2,4146.0,5,4147.0,10,4148.0,13,4149.0,6,4150.0,8,4145.0
lu2409,,13:40:04.500#,4224.0,4234.0,4122.0,4543.0,3870.0,22780,29238.0,4141.0,7,4142.0,17,4143.0,67,4144.0,184,4145.0,4,4146.0,5,4147.0,10,4148.0,13,4149.0,6,4150.0,8,4145.0
lu2409,,13:40:05.0#,4224.0,4234.0,4122.0,4543.0,3870.0,22780,29238.0,4141.0,7,4142.0,17,4143.0,62,4144.0,197,4145.0,4,4146.0,6,4147.0,10,4148.0,13,4149.0,6,4150.0,8,4145.0
lu2409,,13:40:05.500#,4224.0,4234.0,4122.0,4543.0,3870.0,22780,29238.0,4141.0,7,4142.0,17,4143.0,62,4144.0,182,4145.0,5,4146.0,6,4147.0,10,4148.0,13,4149.0,6,4150.0,8,4145.0
lu2409,,13:40:06.0#,4224.0,4234.0,4122.0,4543.0,3870.0,22781,29237.0,4141.0,7,4142.0,17,4143.0,54,4144.0,180,4145.0,4,4146.0,9,4147.0,10,4148.0,13,4149.0,6,4150.0,9,4145.0
lu2409,,13:40:06.500#,4224.0,4234.0,4122.0,4543.0,3870.0,22781,29237.0,4141.0,7,4142.0,17,4143.0,56,4144.0,180,4145.0,4,4146.0,9,4147.0,10,4148.0,13,4149.0,6,4150.0,9,4145.0
lu2409,,13:40:07.0#,4224.0,4234.0,4122.0,4543.0,3870.0,22781,29237.0,4141.0,7,4142.0,17,4143.0,53,4144.0,180,4145.0,6,4146.0,9,4147.0,10,4148.0,13,4149.0,6,4150.0,9,4145.0
lu2409,,13:40:07.500#,4224.0,4234.0,4122.0,4543.0,3870.0,22781,29237.0,4141.0,7,4142.0,17,4143.0,53,4144.0,180,4145.0,6,4146.0,10,4147.0,10,4148.0,13,4149.0,6,4150.0,9,4145.0
lu2409,,13:40:08.0#,4224.0,4234.0,4122.0,4543.0,3870.0,22781,29237.0,4141.0,7,4142.0,17,4143.0,53,4144.0,165,4145.0,6,4146.0,10,4147.0,10,4148.0,13,4149.0,6,4150.0,9,4145.0
lu2409,,13:40:09.0#,4224.0,4234.0,4122.0,4543.0,3870.0,22781,29237.0,4141.0,7,4142.0,17,4143.0,53,4144.0,165,4145.0,6,4146.0,10,4147.0,10,4148.0,13,4149.0,6,4150.0,24,4145.0
lu2409,,13:40:09.500#,4224.0,4234.0,4122.0,4543.0,3870.0,22781,29237.0,4141.0,7,4142.0,17,4143.0,53,4144.0,164,4145.0,6,4146.0,10,4147.0,10,4148.0,13,4149.0,6,4150.0,24,4145.0
lu2409,,13:40:10.0#,4224.0,4234.0,4122.0,4543.0,3870.0,22781,29237.0,4141.0,7,4142.0,17,4143.0,51,4144.0,164,4145.0,6,4146.0,10,4147.0,10,4148.0,13,4149.0,6,4150.0,24,4145.0
lu2409,,13:40:10.500#,4224.0,4234.0,4122.0,4543.0,3870.0,22781,29237.0,4141.0,7,4142.0,17,4143.0,51,4144.0,164,4145.0,6,4146.0,11,4147.0,10,4148.0,13,4149.0,6,4150.0,24,4145.0
lu2409,,13:40:11.0#,4224.0,4234.0,4122.0,4543.0,3870.0,22781,29237.0,4141.0,7,4142.0,17,4143.0,50,4144.0,164,4145.0,6,4146.0,11,4147.0,10,4148.0,10,4149.0,6,4150.0,24,4145.0
lu2409,,13:40:14.500#,4224.0,4234.0,4122.0,4543.0,3870.0,22781,29237.0,4141.0,7,4142.0,17,4143.0,50,4144.0,164,4145.0,9,4146.0,11,4147.0,10,4148.0,10,4149.0,6,4150.0,24,4145.0
lu2409,,13:40:15.0#,4224.0,4234.0,4122.0,4543.0,3870.0,22781,29237.0,4141.0,7,4142.0,17,4143.0,50,4144.0,164,4145.0,4,4146.0,11,4147.0,10,4148.0,10,4149.0,6,4150.0,24,4145.0
lu2409,,13:40:15.500#,4224.0,4234.0,4122.0,4543.0,3870.0,22781,29237.0,4141.0,7,4142.0,17,4143.0,50,4144.0,164,4145.0,4,4146.0,12,4147.0,10,4148.0,10,4149.0,6,4150.0,24,4145.0
lu2409,,13:40:16.0#,4224.0,4234.0,4122.0,4543.0,3870.0,22781,29237.0,4141.0,7,4142.0,17,4143.0,50,4144.0,144,4145.0,4,4146.0,12,4147.0,10,4148.0,10,4149.0,6,4150.0,24,4145.0
lu2409,,13:40:16.500#,4224.0,4234.0,4122.0,4543.0,3870.0,22781,29237.0,4141.0,7,4142.0,17,4143.0,50,4144.0,142,4145.0,5,4146.0,12,4147.0,10,4148.0,10,4149.0,6,4150.0,24,4145.0
lu2409,,13:40:17.0#,4224.0,4234.0,4122.0,4543.0,3870.0,22781,29237.0,4141.0,7,4142.0,17,4143.0,50,4144.0,134,4145.0,5,4146.0,12,4147.0,10,4148.0,10,4149.0,6,4150.0,24,4145.0
lu2409,,13:40:17.500#,4224.0,4234.0,4122.0,4543.0,3870.0,22781,29237.0,4141.0,7,4142.0,17,4143.0,50,4144.0,133,4145.0,5,4146.0,12,4147.0,10,4148.0,10,4149.0,6,4150.0,24,4145.0
lu2409,,13:40:18.0#,4224.0,4234.0,4122.0,4543.0,3870.0,22781,29237.0,4141.0,7,4142.0,17,4143.0,50,4144.0,133,4145.0,5,4146.0,12,4147.0,10,4148.0,10,4149.0,6,4150.0,24,4145.0
lu2409,,13:40:18.500#,4224.0,4234.0,4122.0,4543.0,3870.0,22781,29237.0,4141.0,7,4142.0,17,4143.0,50,4144.0,125,4145.0,5,4146.0,12,4147.0,10,4148.0,10,4149.0,6,4150.0,24,4145.0
lu2409,,13:40:19.0#,4224.0,4234.0,4122.0,4543.0,3870.0,22781,29237.0,4141.0,7,4142.0,17,4143.0,50,4144.0,110,4145.0,2,4146.0,12,4147.0,10,4148.0,10,4149.0,6,4150.0,24,4145.0
lu2409,,13:40:20.0#,4224.0,4234.0,4122.0,4543.0,3870.0,22781,29237.0,4141.0,7,4142.0,17,4143.0,50,4144.0,110,4145.0,2,4146.0,12,4147.0,25,4148.0,10,4149.0,6,4150.0,24,4145.0
lu2409,,13:40:20.500#,4224.0,4234.0,4122.0,4543.0,3870.0,22781,29237.0,4141.0,7,4142.0,17,4143.0,50,4144.0,110,4145.0,3,4146.0,12,4147.0,25,4148.0,10,4149.0,6,4150.0,24,4145.0
lu2409,,13:40:21.0#,4224.0,4234.0,4122.0,4543.0,3870.0,22781,29237.0,4141.0,7,4142.0,17,4143.0,50,4144.0,110,4145.0,4,4146.0,12,4147.0,25,4148.0,10,4149.0,6,4150.0,24,4145.0
lu2409,,13:40:21.500#,4224.0,4234.0,4122.0,4543.0,3870.0,22781,29237.0,4141.0,7,4142.0,17,4143.0,50,4144.0,109,4145.0,4,4146.0,12,4147.0,25,4148.0,10,4149.0,6,4150.0,24,4145.0
lu2409,,13:40:22.500#,4224.0,4234.0,4122.0,4543.0,3870.0,22781,29237.0,4141.0,7,4142.0,17,4143.0,50,4144.0,111,4145.0,4,4146.0,12,4147.0,25,4148.0,10,4149.0,6,4150.0,24,4145.0
lu2409,,13:40:23.0#,4224.0,4234.0,4122.0,4543.0,3870.0,22781,29237.0,4141.0,7,4142.0,17,4143.0,50,4144.0,111,4145.0,5,4146.0,12,4147.0,25,4148.0,10,4149.0,6,4150.0,24,4145.0
lu2409,,13:40:23.500#,4224.0,4234.0,4122.0,4543.0,3870.0,22781,29237.0,4141.0,7,4142.0,17,4143.0,50,4144.0,111,4145.0,4,4146.0,12,4147.0,25,4148.0,10,4149.0,6,4150.0,24,4145.0
lu2409,,13:40:26.0#,4224.0,4234.0,4122.0,4543.0,3870.0,22781,29237.0,4141.0,7,4142.0,17,4143.0,47,4144.0,111,4145.0,4,4146.0,12,4147.0,25,4148.0,10,4149.0,6,4150.0,24,4145.0
lu2409,,13:40:31.0#,4224.0,4234.0,4122.0,4543.0,3870.0,22781,29237.0,4141.0,7,4142.0,18,4143.0,47,4144.0,111,4145.0,4,4146.0,12,4147.0,25,4148.0,10,4149.0,6,4150.0,24,4145.0
lu2409,,13:40:32.0#,4224.0,4234.0,4122.0,4543.0,3870.0,22781,29237.0,4141.0,7,4142.0,18,4143.0,36,4144.0,109,4145.0,4,4146.0,11,4147.0,25,4148.0,10,4149.0,6,4150.0,24,4145.0
lu2409,,13:40:33.0#,4224.0,4234.0,4122.0,4543.0,3870.0,22781,29237.0,4141.0,7,4142.0,13,4143.0,40,4144.0,98,4145.0,4,4146.0,11,4147.0,25,4148.0,10,4149.0,6,4150.0,24,4145.0
lu2409,,13:40:33.500#,4224.0,4234.0,4122.0,4543.0,3870.0,22781,29237.0,4141.0,7,4142.0,13,4143.0,41,4144.0,89,4145.0,4,4146.0,11,4147.0,25,4148.0,10,4149.0,6,4150.0,24,4145.0
lu2409,,13:40:36.0#,4224.0,4234.0,4122.0,4543.0,3870.0,22781,29237.0,4141.0,7,4142.0,13,4143.0,41,4144.0,89,4145.0,5,4146.0,11,4147.0,25,4148.0,10,4149.0,6,4150.0,24,4145.0
lu2409,,13:40:36.500#,4224.0,4234.0,4122.0,4543.0,3870.0,22781,29237.0,4141.0,7,4142.0,13,4143.0,39,4144.0,89,4145.0,5,4146.0,11,4147.0,25,4148.0,10,4149.0,6,4150.0,24,4145.0
lu2409,,13:40:37.0#,4224.0,4234.0,4122.0,4543.0,3870.0,22781,29237.0,4141.0,7,4142.0,13,4143.0,39,4144.0,88,4145.0,5,4146.0,11,4147.0,25,4148.0,10,4149.0,6,4150.0,24,4145.0
lu2409,,13:40:38.0#,4224.0,4234.0,4122.0,4543.0,3870.0,22781,29237.0,4141.0,7,4142.0,13,4143.0,39,4144.0,88,4145.0,5,4146.0,11,4147.0,25,4148.0,10,4149.0,6,4150.0,24,4145.0
lu2409,,13:40:39.500#,4224.0,4234.0,4122.0,4543.0,3870.0,22781,29237.0,4141.0,7,4142.0,13,4143.0,39,4144.0,87,4145.0,5,4146.0,11,4147.0,25,4148.0,10,4149.0,6,4150.0,24,4145.0
lu2409,,13:40:41.0#,4224.0,4234.0,4122.0,4543.0,3870.0,22781,29237.0,4141.0,7,4142.0,13,4143.0,39,4144.0,86,4145.0,5,4146.0,11,4147.0,25,4148.0,10,4149.0,6,4150.0,24,4145.0
lu2409,,13:40:41.500#,4224.0,4234.0,4122.0,4543.0,3870.0,22781,29237.0,4141.0,7,4142.0,13,4143.0,39,4144.0,85,4145.0,5,4146.0,11,4147.0,25,4148.0,10,4149.0,6,4150.0,24,4145.0
lu2409,,13:40:42.500#,4224.0,4234.0,4122.0,4543.0,3870.0,22781,29237.0,4141.0,7,4142.0,13,4143.0,39,4144.0,83,4145.0,5,4146.0,12,4147.0,25,4148.0,8,4149.0,6,4150.0,24,4145.0
lu2409,,13:40:44.0#,4224.0,4234.0,4122.0,4543.0,3870.0,22785,29233.0,4141.0,7,4142.0,13,4143.0,39,4144.0,78,4145.0,1,4146.0,15,4147.0,25,4148.0,8,4149.0,6,4150.0,24,4145.0
lu2409,,13:40:44.500#,4224.0,4234.0,4122.0,4543.0,3870.0,22786,29232.0,4141.0,7,4142.0,13,4143.0,39,4144.0,76,4145.0,1,4146.0,15,4147.0,25,4148.0,8,4149.0,6,4150.0,24,4145.0
lu2409,,13:40:45.0#,4224.0,4234.0,4122.0,4543.0,3870.0,22786,29232.0,4141.0,7,4142.0,13,4143.0,39,4144.0,77,4145.0,1,4146.0,15,4147.0,25,4148.0,8,4149.0,6,4150.0,24,4145.0
lu2409,,13:40:47.500#,4224.0,4234.0,4122.0,4543.0,3870.0,22786,29232.0,4141.0,7,4142.0,13,4143.0,39,4144.0,77,4145.0,1,4146.0,15,4147.0,25,4148.0,8,4149.0,6,4150.0,23,4145.0
lu2409,,13:40:48.500#,4224.0,4234.0,4122.0,4543.0,3870.0,22786,29232.0,4141.0,7,4142.0,13,4143.0,39,4144.0,76,4145.0,1,4146.0,15,4147.0,25,4148.0,8,4149.0,6,4150.0,23,4145.0
lu2409,,13:40:49.0#,4224.0,4234.0,4122.0,4543.0,3870.0,22786,29232.0,4141.0,7,4142.0,13,4143.0,39,4144.0,76,4145.0,4,4146.0,15,4147.0,25,4148.0,8,4149.0,6,4150.0,23,4145.0
lu2409,,13:40:49.500#,4224.0,4234.0,4122.0,4543.0,3870.0,22786,29232.0,4141.0,7,4142.0,13,4143.0,39,4144.0,75,4145.0,4,4146.0,15,4147.0,25,4148.0,8,4149.0,6,4150.0,23,4145.0
lu2409,,13:40:50.0#,4224.0,4234.0,4122.0,4543.0,3870.0,22786,29232.0,4141.0,7,4142.0,13,4143.0,39,4144.0,73,4145.0,4,4146.0,15,4147.0,25,4148.0,8,4149.0,6,4150.0,23,4145.0
lu2409,,13:40:50.500#,4224.0,4234.0,4122.0,4543.0,3870.0,22786,29232.0,4141.0,7,4142.0,13,4143.0,39,4144.0,72,4145.0,4,4146.0,15,4147.0,25,4148.0,8,4149.0,6,4150.0,23,4145.0
lu2409,,13:40:51.0#,4224.0,4234.0,4122.0,4543.0,3870.0,22786,29232.0,4141.0,7,4142.0,13,4143.0,31,4144.0,72,4145.0,4,4146.0,15,4147.0,25,4148.0,8,4149.0,6,4150.0,23,4145.0
lu2409,,13:40:56.500#,4224.0,4234.0,4122.0,4543.0,3870.0,22786,29232.0,4141.0,7,4142.0,13,4143.0,31,4144.0,71,4145.0,4,4146.0,15,4147.0,25,4148.0,8,4149.0,6,4150.0,23,4145.0
lu2409,,13:40:57.500#,4224.0,4234.0,4122.0,4543.0,3870.0,22786,29232.0,4141.0,7,4142.0,13,4143.0,31,4144.0,70,4145.0,4,4146.0,15,4147.0,25,4148.0,8,4149.0,6,4150.0,23,4145.0
lu2409,,13:40:58.0#,4224.0,4234.0,4122.0,4543.0,3870.0,22786,29232.0,4141.0,7,4142.0,13,4143.0,31,4144.0,70,4145.0,4,4146.0,15,4147.0,25,4148.0,8,4149.0,6,4150.0,23,4145.0
lu2409,,13:40:59.0#,4224.0,4234.0,4122.0,4543.0,3870.0,22786,29232.0,4141.0,7,4142.0,13,4143.0,31,4144.0,68,4145.0,4,4146.0,15,4147.0,25,4148.0,8,4149.0,6,4150.0,23,4145.0
lu2409,,13:40:59.500#,4224.0,4234.0,4122.0,4543.0,3870.0,22786,29232.0,4141.0,7,4142.0,13,4143.0,31,4144.0,68,4145.0,5,4146.0,15,4147.0,25,4148.0,8,4149.0,6,4150.0,23,4145.0
lu2409,,13:41:00.0#,4224.0,4234.0,4122.0,4543.0,3870.0,22786,29232.0,4141.0,7,4142.0,13,4143.0,30,4144.0,68,4145.0,5,4146.0,15,4147.0,25,4148.0,8,4149.0,6,4150.0,23,4145.0
lu2409,,13:41:00.500#,4224.0,4234.0,4122.0,4543.0,3870.0,22786,29232.0,4141.0,7,4142.0,13,4143.0,30,4144.0,68,4145.0,6,4146.0,15,4147.0,25,4148.0,8,4149.0,6,4150.0,23,4145.0
lu2409,,13:41:01.0#,4224.0,4234.0,4122.0,4543.0,3870.0,22786,29232.0,4141.0,7,4142.0,13,4143.0,30,4144.0,68,4145.0,6,4146.0,12,4147.0,10,4148.0,8,4149.0,6,4150.0,23,4145.0
lu2409,,13:41:02.0#,4224.0,4234.0,4122.0,4543.0,3870.0,22786,29232.0,4141.0,7,4142.0,13,4143.0,30,4144.0,61,4145.0,6,4146.0,12,4147.0,10,4148.0,8,4149.0,6,4150.0,23,4145.0
lu2409,,13:41:03.500#,4224.0,4234.0,4122.0,4543.0,3870.0,22787,29232.0,4141.0,7,4142.0,13,4143.0,30,4144.0,61,4145.0,5,4146.0,12,4147.0,10,4148.0,8,4149.0,6,4150.0,23,4145.0
lu2409,,13:41:05.0#,4224.0,4234.0,4122.0,4543.0,3870.0,22787,29232.0,4141.0,7,4142.0,13,4143.0,30,4144.0,58,4145.0,5,4146.0,12,4147.0,10,4148.0,8,4149.0,6,4150.0,23,4145.0
lu2409,,13:41:05.500#,4224.0,4234.0,4122.0,4543.0,3870.0,22787,29232.0,4141.0,7,4142.0,13,4143.0,30,4144.0,58,4145.0,6,4146.0,12,4147.0,10,4148.0,8,4149.0,6,4150.0,23,4145.0
lu2409,,13:41:08.500#,4224.0,4234.0,4122.0,4543.0,3870.0,22787,29232.0,4141.0,7,4142.0,13,4143.0,30,4144.0,56,4145.0,6,4146.0,12,4147.0,10,4148.0,8,4149.0,6,4150.0,23,4145.0
lu2409,,13:41:14.500#,4224.0,4234.0,4122.0,4543.0,3870.0,22787,29232.0,4141.0,7,4142.0,13,4143.0,22,4144.0,48,4145.0,6,4146.0,12,4147.0,10,4148.0,8,4149.0,6,4150.0,23,4145.0
lu2409,,13:41:15.0#,4224.0,4234.0,4122.0,4543.0,3870.0,22787,29232.0,4141.0,7,4142.0,13,4143.0,22,4144.0,48,4145.0,7,4146.0,12,4147.0,10,4148.0,8,4149.0,6,4150.0,23,4145.0
lu2409,,13:41:16.500#,4224.0,4234.0,4122.0,4543.0,3870.0,22787,29232.0,4141.0,7,4142.0,13,4143.0,21,4144.0,48,4145.0,7,4146.0,12,4147.0,10,4148.0,8,4149.0,6,4150.0,23,4145.0
lu2409,,13:41:25.500#,4224.0,4234.0,4122.0,4543.0,3870.0,22787,29232.0,4141.0,7,4142.0,13,4143.0,21,4144.0,48,4145.0,7,4146.0,6,4147.0,10,4148.0,8,4149.0,6,4150.0,23,4145.0
lu2409,,13:41:26.500#,4224.0,4234.0,4122.0,4543.0,3870.0,22787,29232.0,4141.0,7,4142.0,13,4143.0,21,4144.0,48,4145.0,10,4146.0,6,4147.0,10,4148.0,8,4149.0,6,4150.0,23,4145.0
lu2409,,13:41:27.0#,4224.0,4234.0,4122.0,4543.0,3870.0,22787,29232.0,4141.0,7,4142.0,13,4143.0,21,4144.0,48,4145.0,12,4146.0,4,4147.0,10,4148.0,8,4149.0,6,4150.0,23,4145.0
lu2409,,13:41:29.0#,4224.0,4234.0,4122.0,4543.0,3870.0,22787,29232.0,4141.0,7,4142.0,13,4143.0,13,4144.0,48,4145.0,12,4146.0,4,4147.0,10,4148.0,8,4149.0,6,4150.0,23,4145.0
lu2409,,13:41:32.500#,4224.0,4234.0,4122.0,4543.0,3870.0,22791,29233.0,4142.0,13,4143.0,13,4144.0,48,4145.0,14,4146.0,2,4147.0,9,4148.0,8,4149.0,6,4150.0,23,4151.0,14,4146.0
lu2409,,13:41:33.0#,4224.0,4234.0,4122.0,4543.0,3870.0,22791,29233.0,4142.0,13,4143.0,14,4144.0,46,4145.0,13,4146.0,2,4147.0,11,4148.0,8,4149.0,6,4150.0,23,4151.0,14,4146.0
lu2409,,13:41:33.500#,4224.0,4234.0,4122.0,4543.0,3870.0,22791,29233.0,4142.0,13,4143.0,14,4144.0,46,4145.0,13,4146.0,3,4147.0,11,4148.0,8,4149.0,6,4150.0,23,4151.0,14,4146.0
lu2409,,13:41:34.0#,4224.0,4234.0,4122.0,4543.0,3870.0,22791,29233.0,4142.0,13,4143.0,14,4144.0,35,4145.0,18,4146.0,4,4147.0,11,4148.0,8,4149.0,6,4150.0,23,4151.0,14,4146.0
lu2409,,13:41:34.500#,4224.0,4234.0,4122.0,4543.0,3870.0,22791,29233.0,4142.0,13,4143.0,14,4144.0,33,4145.0,26,4146.0,5,4147.0,11,4148.0,8,4149.0,6,4150.0,23,4151.0,14,4146.0
lu2409,,13:41:36.0#,4224.0,4234.0,4122.0,4543.0,3870.0,22791,29233.0,4142.0,13,4143.0,14,4144.0,33,4145.0,26,4146.0,5,4147.0,10,4148.0,9,4149.0,6,4150.0,23,4151.0,14,4146.0
lu2409,,13:41:37.500#,4224.0,4234.0,4122.0,4543.0,3870.0,22791,29233.0,4142.0,13,4143.0,11,4144.0,33,4145.0,26,4146.0,5,4147.0,10,4148.0,9,4149.0,6,4150.0,23,4151.0,14,4146.0
lu2409,,13:41:38.500#,4224.0,4234.0,4122.0,4543.0,3870.0,22792,29232.0,4142.0,13,4143.0,11,4144.0,33,4145.0,26,4146.0,8,4147.0,9,4148.0,9,4149.0,6,4150.0,23,4151.0,14,4147.0
lu2409,,13:41:39.0#,4224.0,4234.0,4122.0,4543.0,3870.0,22792,29232.0,4142.0,13,4143.0,10,4144.0,33,4145.0,27,4146.0,8,4147.0,9,4148.0,9,4149.0,6,4150.0,23,4151.0,14,4147.0
lu2409,,13:41:39.500#,4224.0,4234.0,4122.0,4543.0,3870.0,22792,29232.0,4142.0,13,4143.0,10,4144.0,33,4145.0,27,4146.0,8,4147.0,9,4148.0,9,4149.0,6,4150.0,23,4151.0,14,4147.0
lu2409,,13:41:40.500#,4224.0,4234.0,4122.0,4543.0,3870.0,22792,29232.0,4142.0,13,4143.0,10,4144.0,33,4145.0,27,4146.0,8,4147.0,9,4148.0,9,4149.0,6,4150.0,23,4151.0,14,4147.0
lu2409,,13:41:41.0#,4224.0,4234.0,4122.0,4543.0,3870.0,22792,29232.0,4142.0,13,4143.0,10,4144.0,33,4145.0,27,4146.0,8,4147.0,3,4148.0,9,4149.0,6,4150.0,23,4151.0,14,4147.0
lu2409,,13:41:52.0#,4224.0,4234.0,4122.0,4543.0,3870.0,22792,29232.0,4142.0,13,4143.0,10,4144.0,33,4145.0,27,4146.0,8,4147.0,3,4148.0,9,4149.0,6,4150.0,8,4151.0,29,4147.0
lu2409,,13:41:54.0#,4224.0,4234.0,4122.0,4543.0,3870.0,22792,29232.0,4142.0,13,4143.0,10,4144.0,33,4145.0,25,4146.0,8,4147.0,3,4148.0,9,4149.0,6,4150.0,8,4151.0,29,4147.0
lu2409,,13:41:58.0#,4224.0,4234.0,4122.0,4543.0,3870.0,22792,29232.0,4142.0,13,4143.0,10,4144.0,33,4145.0,40,4146.0,8,4147.0,3,4148.0,9,4149.0,6,4150.0,8,4151.0,29,4147.0
lu2409,,13:41:59.0#,4224.0,4234.0,4122.0,4543.0,3870.0,22792,29232.0,4142.0,13,4143.0,10,4144.0,33,4145.0,25,4146.0,8,4147.0,3,4148.0,9,4149.0,6,4150.0,8,4151.0,29,4147.0
lu2409,,13:42:00.0#,4224.0,4234.0,4122.0,4543.0,3870.0,22792,29232.0,4142.0,13,4143.0,10,4144.0,33,4145.0,25,4146.0,8,4147.0,3,4148.0,9,4149.0,6,4150.0,8,4151.0,29,4147.0
lu2409,,13:42:01.0#,4224.0,4234.0,4122.0,4543.0,3870.0,22792,29232.0,4142.0,13,4143.0,10,4144.0,33,4145.0,25,4146.0,8,4147.0,3,4148.0,9,4149.0,6,4150.0,8,4151.0,29,4147.0
lu2409,,13:42:03.500#,4224.0,4234.0,4122.0,4543.0,3870.0,22792,29232.0,4142.0,13,4143.0,10,4144.0,31,4145.0,25,4146.0,8,4147.0,3,4148.0,9,4149.0,6,4150.0,8,4151.0,29,4147.0
lu2409,,13:42:04.0#,4224.0,4234.0,4122.0,4543.0,3870.0,22792,29232.0,4142.0,13,4143.0,10,4144.0,31,4145.0,25,4146.0,8,4147.0,3,4148.0,9,4149.0,6,4150.0,8,4151.0,29,4147.0
lu2409,,13:42:08.0#,4224.0,4234.0,4122.0,4543.0,3870.0,22792,29232.0,4142.0,13,4143.0,10,4144.0,31,4145.0,25,4146.0,8,4147.0,3,4148.0,9,4149.0,6,4150.0,8,4151.0,29,4147.0
lu2409,,13:42:10.500#,4224.0,4234.0,4122.0,4543.0,3870.0,22792,29232.0,4142.0,13,4143.0,10,4144.0,31,4145.0,25,4146.0,8,4147.0,3,4148.0,9,4149.0,6,4150.0,8,4151.0,29,4147.0
lu2409,,13:42:13.500#,4224.0,4234.0,4122.0,4543.0,3870.0,22792,29232.0,4142.0,13,4143.0,10,4144.0,31,4145.0,25,4146.0,5,4147.0,3,4148.0,9,4149.0,6,4150.0,8,4151.0,29,4147.0
lu2409,,13:42:19.0#,4224.0,4234.0,4122.0,4543.0,3870.0,22792,29232.0,4142.0,13,4143.0,10,4144.0,31,4145.0,24,4146.0,5,4147.0,3,4148.0,9,4149.0,6,4150.0,8,4151.0,29,4147.0
lu2409,,13:42:28.0#,4224.0,4234.0,4122.0,4543.0,3870.0,22795,29229.0,4143.0,10,4144.0,31,4145.0,24,4146.0,9,4147.0,3,4148.0,9,4149.0,6,4150.0,8,4151.0,29,4152.0,19,4147.0
lu2409,,13:42:28.500#,4224.0,4234.0,4122.0,4543.0,3870.0,22795,29229.0,4143.0,10,4144.0,31,4145.0,21,4146.0,10,4147.0,3,4148.0,4,4149.0,6,4150.0,8,4151.0,28,4152.0,19,4147.0
lu2409,,13:42:29.0#,4224.0,4234.0,4122.0,4543.0,3870.0,22795,29229.0,4143.0,10,4144.0,31,4145.0,21,4146.0,10,4147.0,4,4148.0,4,4149.0,6,4150.0,8,4151.0,28,4152.0,19,4147.0
lu2409,,13:42:30.500#,4224.0,4234.0,4122.0,4543.0,3870.0,22795,29229.0,4143.0,10,4144.0,31,4145.0,16,4146.0,10,4147.0,9,4148.0,1,4149.0,10,4150.0,8,4151.0,28,4152.0,19,4147.0
lu2409,,13:42:31.0#,4224.0,4234.0,4122.0,4543.0,3870.0,22795,29229.0,4143.0,10,4144.0,31,4145.0,13,4146.0,10,4147.0,9,4148.0,1,4149.0,10,4150.0,8,4151.0,28,4152.0,19,4147.0
lu2409,,13:42:31.500#,4224.0,4234.0,4122.0,4543.0,3870.0,22796,29229.0,4144.0,31,4145.0,13,4146.0,10,4147.0,10,4148.0,1,4149.0,10,4150.0,8,4151.0,28,4152.0,19,4153.0,6,4148.0
lu2409,,13:42:32.0#,4224.0,4234.0,4122.0,4543.0,3870.0,22796,29229.0,4144.0,31,4145.0,13,4146.0,12,4147.0,12,4148.0,1,4149.0,8,4150.0,8,4151.0,28,4152.0,18,4153.0,6,4148.0
lu2409,,13:42:32.500#,4224.0,4234.0,4122.0,4543.0,3870.0,22796,29229.0,4144.0,31,4145.0,13,4146.0,14,4147.0,9,4148.0,1,4149.0,9,4150.0,8,4151.0,28,4152.0,18,4153.0,6,4148.0
lu2409,,13:42:33.0#,4224.0,4234.0,4122.0,4543.0,3870.0,22796,29229.0,4144.0,31,4145.0,13,4146.0,12,4147.0,11,4148.0,2,4149.0,9,4150.0,8,4151.0,28,4152.0,18,4153.0,6,4148.0
lu2409,,13:42:33.500#,4224.0,4234.0,4122.0,4543.0,3870.0,22798,29228.0,4143.0,10,4144.0,31,4145.0,13,4146.0,12,4147.0,9,4149.0,9,4150.0,8,4151.0,13,4152.0,18,4153.0,21,4148.0
lu2409,,13:42:34.0#,4224.0,4234.0,4122.0,4543.0,3870.0,22798,29228.0,4143.0,10,4144.0,31,4145.0,13,4146.0,13,4147.0,10,4149.0,10,4150.0,9,4151.0,13,4152.0,18,4153.0,21,4148.0
lu2409,,13:42:34.500#,4224.0,4234.0,4122.0,4543.0,3870.0,22798,29228.0,4143.0,10,4144.0,31,4145.0,13,4146.0,13,4147.0,13,4149.0,10,4150.0,9,4151.0,13,4152.0,18,4153.0,21,4148.0
lu2409,,13:42:35.0#,4224.0,4234.0,4122.0,4543.0,3870.0,22798,29228.0,4143.0,10,4144.0,31,4145.0,13,4146.0,13,4147.0,14,4149.0,10,4150.0,9,4151.0,13,4152.0,18,4153.0,21,4148.0
lu2409,,13:42:36.0#,4224.0,4234.0,4122.0,4543.0,3870.0,22798,29228.0,4143.0,10,4144.0,31,4145.0,13,4146.0,13,4147.0,14,4148.0,1,4149.0,11,4150.0,9,4151.0,13,4152.0,18,4148.0
lu2409,,13:42:36.500#,4224.0,4234.0,4122.0,4543.0,3870.0,22798,29228.0,4143.0,10,4144.0,31,4145.0,13,4146.0,13,4147.0,12,4148.0,1,4149.0,11,4150.0,9,4151.0,13,4152.0,18,4148.0
lu2409,,13:42:39.0#,4224.0,4234.0,4122.0,4543.0,3870.0,22798,29228.0,4143.0,10,4144.0,31,4145.0,13,4146.0,13,4147.0,12,4148.0,4,4149.0,11,4150.0,9,4151.0,13,4152.0,18,4148.0
lu2409,,13:42:39.500#,4224.0,4234.0,4122.0,4543.0,3870.0,22802,29228.0,4144.0,31,4145.0,13,4146.0,13,4147.0,12,4148.0,1,4149.0,11,4150.0,9,4151.0,13,4152.0,18,4153.0,21,4148.0
lu2409,,13:42:40.0#,4224.0,4234.0,4122.0,4543.0,3870.0,22802,29228.0,4144.0,31,4145.0,13,4146.0,13,4147.0,9,4148.0,1,4149.0,10,4150.0,9,4151.0,13,4152.0,18,4153.0,21,4148.0
lu2409,,13:42:40.500#,4224.0,4234.0,4122.0,4543.0,3870.0,22802,29228.0,4144.0,31,4145.0,13,4146.0,13,4147.0,9,4148.0,2,4149.0,10,4150.0,9,4151.0,13,4152.0,18,4153.0,21,4148.0
lu2409,,13:42:41.0#,4224.0,4234.0,4122.0,4543.0,3870.0,22802,29228.0,4144.0,31,4145.0,13,4146.0,13,4147.0,9,4148.0,3,4149.0,10,4150.0,9,4151.0,13,4152.0,18,4153.0,21,4148.0
lu2409,,13:42:41.500#,4224.0,4234.0,4122.0,4543.0,3870.0,22802,29228.0,4144.0,31,4145.0,13,4146.0,13,4147.0,9,4148.0,4,4149.0,10,4150.0,9,4151.0,13,4152.0,18,4153.0,21,4148.0
lu2409,,13:42:42.0#,4224.0,4234.0,4122.0,4543.0,3870.0,22802,29228.0,4144.0,31,4145.0,13,4146.0,13,4147.0,9,4148.0,4,4149.0,10,4150.0,9,4151.0,13,4152.0,18,4153.0,21,4148.0
lu2409,,13:42:42.500#,4224.0,4234.0,4122.0,4543.0,3870.0,22802,29228.0,4144.0,31,4145.0,13,4146.0,13,4147.0,9,4148.0,5,4149.0,10,4150.0,9,4151.0,13,4152.0,18,4153.0,21,4148.0
lu2409,,13:42:44.500#,4224.0,4234.0,4122.0,4543.0,3870.0,22802,29228.0,4144.0,31,4145.0,13,4146.0,13,4147.0,8,4148.0,5,4149.0,10,4150.0,9,4151.0,13,4152.0,18,4153.0,21,4148.0
lu2409,,13:42:46.0#,4224.0,4234.0,4122.0,4543.0,3870.0,22803,29228.0,4144.0,31,4145.0,13,4146.0,13,4147.0,8,4148.0,4,4149.0,10,4150.0,9,4151.0,13,4152.0,18,4153.0,21,4148.0
lu2409,,13:42:49.0#,4224.0,4234.0,4122.0,4543.0,3870.0,22806,29228.0,4144.0,31,4145.0,13,4146.0,13,4147.0,8,4148.0,1,4149.0,10,4150.0,9,4151.0,13,4152.0,18,4153.0,21,4148.0
lu2409,,13:42:49.500#,4224.0,4234.0,4122.0,4543.0,3870.0,22807,29227.0,4143.0,10,4144.0,31,4145.0,13,4146.0,13,4147.0,11,4149.0,10,4150.0,9,4151.0,13,4152.0,18,4153.0,21,4148.0
lu2409,,13:42:56.500#,4224.0,4234.0,4122.0,4543.0,3870.0,22807,29227.0,4143.0,11,4144.0,31,4145.0,13,4146.0,13,4147.0,11,4149.0,10,4150.0,9,4151.0,13,4152.0,18,4153.0,21,4148.0
lu2409,,13:42:57.0#,4224.0,4234.0,4122.0,4543.0,3870.0,22807,29227.0,4143.0,11,4144.0,31,4145.0,13,4146.0,13,4147.0,8,4149.0,10,4150.0,9,4151.0,13,4152.0,18,4153.0,21,4148.0
lu2409,,13:43:00.500#,4224.0,4234.0,4122.0,4543.0,3870.0,22807,29227.0,4143.0,11,4144.0,31,4145.0,13,4146.0,13,4147.0,8,4149.0,10,4150.0,9,4151.0,13,4152.0,18,4153.0,22,4148.0
lu2409,,13:43:09.500#,4224.0,4234.0,4122.0,4543.0,3870.0,22807,29227.0,4143.0,11,4144.0,31,4145.0,13,4146.0,13,4147.0,8,4148.0,3,4149.0,11,4150.0,9,4151.0,13,4152.0,18,4148.0
lu2409,,13:43:11.0#,4224.0,4234.0,4122.0,4543.0,3870.0,22807,29227.0,4143.0,10,4144.0,31,4145.0,13,4146.0,13,4147.0,8,4148.0,3,4149.0,11,4150.0,9,4151.0,13,4152.0,18,4148.0
lu2409,,13:43:15.500#,4224.0,4234.0,4122.0,4543.0,3870.0,22807,29227.0,4143.0,10,4144.0,31,4145.0,13,4146.0,12,4147.0,8,4148.0,3,4149.0,11,4150.0,9,4151.0,13,4152.0,18,4148.0
lu2409,,13:43:20.0#,4224.0,4234.0,4122.0,4543.0,3870.0,22807,29227.0,4143.0,10,4144.0,31,4145.0,13,4146.0,11,4147.0,8,4148.0,3,4149.0,11,4150.0,8,4151.0,13,4152.0,18,4148.0
lu2409,,13:43:21.0#,4224.0,4234.0,4122.0,4543.0,3870.0,22807,29227.0,4143.0,10,4144.0,31,4145.0,13,4146.0,11,4147.0,8,4148.0,3,4149.0,9,4150.0,8,4151.0,13,4152.0,18,4148.0
lu2409,,13:43:21.500#,4224.0,4234.0,4122.0,4543.0,3870.0,22807,29227.0,4143.0,10,4144.0,31,4145.0,13,4146.0,11,4147.0,8,4148.0,3,4149.0,9,4150.0,8,4151.0,13,4152.0,18,4148.0
lu2409,,13:43:34.500#,4224.0,4234.0,4122.0,4543.0,3870.0,22809,29227.0,4143.0,10,4144.0,31,4145.0,13,4146.0,11,4147.0,8,4148.0,1,4149.0,9,4150.0,8,4151.0,13,4152.0,18,4148.0
lu2409,,13:43:35.0#,4224.0,4234.0,4122.0,4543.0,3870.0,22809,29227.0,4143.0,10,4144.0,31,4145.0,13,4146.0,11,4147.0,8,4148.0,1,4149.0,9,4150.0,8,4151.0,13,4152.0,18,4148.0
lu2409,,13:43:38.500#,4224.0,4234.0,4122.0,4543.0,3870.0,22809,29227.0,4143.0,10,4144.0,31,4145.0,13,4146.0,11,4147.0,8,4148.0,3,4149.0,9,4150.0,8,4151.0,13,4152.0,18,4148.0
lu2409,,13:43:46.500#,4224.0,4234.0,4122.0,4543.0,3870.0,22809,29227.0,4143.0,10,4144.0,31,4145.0,13,4146.0,11,4147.0,8,4148.0,3,4149.0,9,4150.0,8,4151.0,13,4152.0,18,4148.0
lu2409,,13:43:47.0#,4224.0,4234.0,4122.0,4543.0,3870.0,22809,29227.0,4143.0,10,4144.0,31,4145.0,13,4146.0,11,4147.0,8,4148.0,2,4149.0,9,4150.0,8,4151.0,13,4152.0,18,4148.0
lu2409,,13:43:47.500#,4224.0,4234.0,4122.0,4543.0,3870.0,22809,29227.0,4143.0,10,4144.0,31,4145.0,13,4146.0,11,4147.0,8,4148.0,2,4149.0,9,4150.0,8,4151.0,13,4152.0,18,4148.0
lu2409,,13:43:49.0#,4224.0,4234.0,4122.0,4543.0,3870.0,22809,29227.0,4143.0,10,4144.0,31,4145.0,13,4146.0,11,4147.0,8,4148.0,2,4149.0,9,4150.0,8,4151.0,13,4152.0,18,4148.0
lu2409,,13:43:51.0#,4224.0,4234.0,4122.0,4543.0,3870.0,22809,29227.0,4143.0,10,4144.0,31,4145.0,13,4146.0,11,4147.0,8,4148.0,2,4149.0,9,4150.0,8,4151.0,13,4152.0,18,4148.0
lu2409,,13:43:52.500#,4224.0,4234.0,4122.0,4543.0,3870.0,22809,29227.0,4143.0,10,4144.0,31,4145.0,13,4146.0,11,4147.0,8,4149.0,9,4150.0,8,4151.0,13,4152.0,18,4153.0,22,4148.0
lu2409,,13:43:53.0#,4224.0,4234.0,4122.0,4543.0,3870.0,22809,29227.0,4143.0,10,4144.0,31,4145.0,13,4146.0,11,4147.0,8,4148.0,1,4149.0,9,4150.0,8,4151.0,13,4152.0,18,4148.0
lu2409,,13:43:53.500#,4224.0,4234.0,4122.0,4543.0,3870.0,22809,29227.0,4143.0,10,4144.0,31,4145.0,13,4146.0,11,4147.0,8,4148.0,1,4149.0,9,4150.0,8,4151.0,13,4152.0,18,4148.0
lu2409,,13:43:57.0#,4224.0,4234.0,4122.0,4543.0,3870.0,22809,29227.0,4143.0,10,4144.0,31,4145.0,13,4146.0,11,4147.0,5,4148.0,13,4149.0,9,4150.0,8,4151.0,13,4152.0,18,4148.0
lu2409,,13:43:57.500#,4224.0,4234.0,4122.0,4543.0,3870.0,22812,29224.0,4142.0,13,4143.0,10,4144.0,31,4145.0,13,4146.0,8,4147.0,4,4148.0,19,4149.0,9,4150.0,8,4151.0,13,4147.0
lu2409,,13:43:58.0#,4224.0,4234.0,4122.0,4543.0,3870.0,22812,29224.0,4142.0,13,4143.0,10,4144.0,31,4145.0,12,4146.0,7,4147.0,8,4148.0,19,4149.0,9,4150.0,8,4151.0,13,4147.0
lu2409,,13:43:58.500#,4224.0,4234.0,4122.0,4543.0,3870.0,22812,29224.0,4142.0,13,4143.0,10,4144.0,31,4145.0,12,4146.0,7,4147.0,8,4148.0,19,4149.0,9,4150.0,8,4151.0,13,4147.0
lu2409,,13:44:01.500#,4224.0,4234.0,4122.0,4543.0,3870.0,22812,29224.0,4142.0,13,4143.0,10,4144.0,31,4145.0,12,4146.0,7,4147.0,8,4148.0,18,4149.0,9,4150.0,8,4151.0,13,4147.0
lu2409,,13:44:16.0#,4224.0,4234.0,4122.0,4543.0,3870.0,22812,29224.0,4142.0,13,4143.0,10,4144.0,29,4145.0,12,4146.0,7,4147.0,8,4148.0,18,4149.0,9,4150.0,8,4151.0,13,4147.0
lu2409,,13:44:17.500#,4224.0,4234.0,4122.0,4543.0,3870.0,22812,29224.0,4142.0,13,4143.0,10,4144.0,29,4145.0,12,4146.0,7,4147.0,8,4148.0,18,4149.0,9,4150.0,8,4151.0,28,4147.0
lu2409,,13:44:19.500#,4224.0,4234.0,4122.0,4543.0,3870.0,22812,29224.0,4142.0,13,4143.0,10,4144.0,29,4145.0,12,4146.0,8,4147.0,8,4148.0,18,4149.0,9,4150.0,8,4151.0,28,4147.0
lu2409,,13:44:20.0#,4224.0,4234.0,4122.0,4543.0,3870.0,22812,29224.0,4142.0,13,4143.0,10,4144.0,29,4145.0,12,4146.0,5,4147.0,8,4148.0,18,4149.0,9,4150.0,8,4151.0,28,4147.0
lu2409,,13:44:51.0#,4224.0,4234.0,4122.0,4543.0,3870.0,22812,29224.0,4142.0,13,4143.0,10,4144.0,29,4145.0,12,4146.0,5,4147.0,8,4148.0,18,4149.0,9,4150.0,8,4151.0,28,4147.0
lu2409,,13:44:56.0#,4224.0,4234.0,4122.0,4543.0,3870.0,22813,29224.0,4142.0,13,4143.0,10,4144.0,29,4145.0,12,4146.0,5,4147.0,7,4148.0,18,4149.0,9,4150.0,8,4151.0,28,4147.0
lu2409,,13:45:01.0#,4224.0,4234.0,4122.0,4543.0,3870.0,22814,29223.0,4142.0,13,4143.0,10,4144.0,29,4145.0,12,4146.0,4,4147.0,7,4148.0,18,4149.0,9,4150.0,8,4151.0,28,4146.0
lu2409,,13:45:07.0#,4224.0,4234.0,4122.0,4543.0,3870.0,22814,29223.0,4142.0,13,4143.0,10,4144.0,29,4145.0,12,4146.0,5,4147.0,7,4148.0,18,4149.0,9,4150.0,8,4151.0,28,4146.0
lu2409,,13:45:10.0#,4224.0,4234.0,4122.0,4543.0,3870.0,22814,29223.0,4142.0,13,4143.0,10,4144.0,29,4145.0,12,4146.0,5,4147.0,7,4148.0,18,4149.0,9,4150.0,8,4151.0,28,4146.0
lu2409,,13:45:33.500#,4224.0,4234.0,4122.0,4543.0,3870.0,22815,29223.0,4142.0,13,4143.0,10,4144.0,21,4145.0,12,4146.0,4,4147.0,7,4148.0,18,4149.0,9,4150.0,8,4151.0,28,4146.0
lu2409,,13:45:39.0#,4224.0,4234.0,4122.0,4543.0,3870.0,22815,29223.0,4142.0,13,4143.0,10,4144.0,21,4145.0,12,4146.0,6,4147.0,7,4148.0,18,4149.0,9,4150.0,8,4151.0,28,4146.0
lu2409,,13:45:57.500#,4224.0,4234.0,4122.0,4543.0,3870.0,22817,29223.0,4142.0,13,4143.0,10,4144.0,21,4145.0,12,4146.0,6,4147.0,4,4148.0,18,4149.0,9,4150.0,8,4151.0,28,4147.0
lu2409,,13:46:13.500#,4224.0,4234.0,4122.0,4543.0,3870.0,22817,29223.0,4142.0,13,4143.0,10,4144.0,6,4145.0,12,4146.0,6,4147.0,4,4148.0,18,4149.0,9,4150.0,8,4151.0,13,4147.0
lu2409,,13:46:38.0#,4224.0,4234.0,4122.0,4543.0,3870.0,22821,29221.0,4142.0,13,4143.0,10,4144.0,6,4145.0,12,4146.0,3,4147.0,4,4148.0,18,4149.0,9,4150.0,8,4151.0,13,4146.0
lu2409,,13:46:39.500#,4224.0,4234.0,4122.0,4543.0,3870.0,22821,29221.0,4142.0,13,4143.0,10,4144.0,9,4145.0,12,4146.0,5,4147.0,4,4148.0,20,4149.0,9,4150.0,8,4151.0,13,4146.0
lu2409,,13:46:43.500#,4224.0,4234.0,4122.0,4543.0,3870.0,22826,29223.0,4141.0,8,4142.0,13,4143.0,10,4144.0,9,4145.0,12,4146.0,1,4147.0,9,4148.0,20,4149.0,9,4150.0,8,4146.0
lu2409,,13:46:44.0#,4224.0,4234.0,4122.0,4543.0,3870.0,22826,29223.0,4141.0,8,4142.0,13,4143.0,10,4144.0,8,4145.0,4,4146.0,7,4147.0,11,4148.0,18,4149.0,9,4150.0,8,4146.0
lu2409,,13:46:44.500#,4224.0,4234.0,4122.0,4543.0,3870.0,22826,29223.0,4141.0,8,4142.0,13,4143.0,10,4144.0,8,4145.0,4,4146.0,11,4147.0,12,4148.0,18,4149.0,9,4150.0,8,4146.0
lu2409,,13:46:46.500#,4224.0,4234.0,4122.0,4543.0,3870.0,22826,29223.0,4141.0,8,4142.0,13,4143.0,10,4144.0,9,4145.0,4,4146.0,11,4147.0,12,4148.0,18,4149.0,9,4150.0,8,4146.0
lu2409,,13:46:50.0#,4224.0,4234.0,4122.0,4543.0,3870.0,22830,29222.0,4140.0,7,4141.0,8,4142.0,13,4143.0,10,4144.0,9,4146.0,11,4147.0,12,4148.0,18,4149.0,9,4150.0,8,4145.0
lu2409,,13:46:50.500#,4224.0,4234.0,4122.0,4543.0,3870.0,22830,29222.0,4140.0,7,4141.0,8,4142.0,13,4143.0,9,4144.0,1,4145.0,2,4146.0,21,4147.0,10,4148.0,18,4149.0,9,4145.0
lu2409,,13:46:51.0#,4224.0,4234.0,4122.0,4543.0,3870.0,22836,29219.0,4141.0,9,4142.0,13,4143.0,9,4144.0,12,4145.0,1,4146.0,21,4147.0,10,4148.0,18,4149.0,9,4150.0,8,4145.0
lu2409,,13:46:51.500#,4224.0,4234.0,4122.0,4543.0,3870.0,22837,29218.0,4140.0,7,4141.0,9,4142.0,13,4143.0,9,4144.0,14,4146.0,14,4147.0,12,4148.0,18,4149.0,9,4150.0,8,4145.0
lu2409,,13:46:52.0#,4224.0,4234.0,4122.0,4543.0,3870.0,22837,29218.0,4140.0,7,4141.0,9,4142.0,13,4143.0,9,4144.0,29,4146.0,14,4147.0,12,4148.0,18,4149.0,9,4150.0,8,4145.0
lu2409,,13:46:52.500#,4224.0,4234.0,4122.0,4543.0,3870.0,22837,29218.0,4141.0,9,4142.0,13,4143.0,9,4144.0,33,4145.0,5,4146.0,15,4147.0,12,4148.0,18,4149.0,9,4150.0,8,4145.0
lu2409,,13:46:54.500#,4224.0,4234.0,4122.0,4543.0,3870.0,22837,29218.0,4141.0,9,4142.0,13,4143.0,9,4144.0,33,4145.0,5,4146.0,14,4147.0,12,4148.0,18,4149.0,9,4150.0,8,4145.0
lu2409,,13:46:56.500#,4224.0,4234.0,4122.0,4543.0,3870.0,22842,29215.0,4140.0,7,4141.0,9,4142.0,13,4143.0,9,4144.0,33,4146.0,14,4147.0,12,4148.0,18,4149.0,9,4150.0,8,4145.0
lu2409,,13:46:57.0#,4224.0,4234.0,4122.0,4543.0,3870.0,22842,29215.0,4140.0,7,4141.0,9,4142.0,13,4143.0,9,4144.0,10,4145.0,6,4146.0,18,4147.0,10,4148.0,18,4149.0,9,4145.0
lu2409,,13:46:57.500#,4224.0,4234.0,4122.0,4543.0,3870.0,22842,29215.0,4140.0,7,4141.0,9,4142.0,13,4143.0,9,4144.0,6,4145.0,6,4146.0,18,4147.0,10,4148.0,18,4149.0,9,4145.0
lu2409,,13:46:58.0#,4224.0,4234.0,4122.0,4543.0,3870.0,22842,29215.0,4140.0,7,4141.0,9,4142.0,13,4143.0,9,4144.0,6,4145.0,6,4146.0,18,4147.0,10,4148.0,18,4149.0,24,4145.0
lu2409,,13:46:58.500#,4224.0,4234.0,4122.0,4543.0,3870.0,22842,29215.0,4140.0,7,4141.0,9,4142.0,13,4143.0,9,4144.0,4,4145.0,6,4146.0,18,4147.0,10,4148.0,18,4149.0,24,4145.0
lu2409,,13:46:59.0#,4224.0,4234.0,4122.0,4543.0,3870.0,22842,29215.0,4140.0,7,4141.0,9,4142.0,13,4143.0,9,4144.0,4,4145.0,7,4146.0,18,4147.0,10,4148.0,18,4149.0,24,4145.0
lu2409,,13:47:00.500#,4224.0,4234.0,4122.0,4543.0,3870.0,22842,29215.0,4140.0,7,4141.0,9,4142.0,13,4143.0,9,4144.0,1,4145.0,7,4146.0,18,4147.0,10,4148.0,18,4149.0,24,4145.0
lu2409,,13:47:01.0#,4224.0,4234.0,4122.0,4543.0,3870.0,22842,29215.0,4140.0,7,4141.0,9,4142.0,13,4143.0,9,4144.0,1,4145.0,10,4146.0,16,4147.0,10,4148.0,18,4149.0,24,4145.0
lu2409,,13:47:01.500#,4224.0,4234.0,4122.0,4543.0,3870.0,22842,29215.0,4140.0,7,4141.0,9,4142.0,13,4143.0,8,4144.0,1,4145.0,9,4146.0,16,4147.0,10,4148.0,18,4149.0,24,4145.0
lu2409,,13:47:02.0#,4224.0,4234.0,4122.0,4543.0,3870.0,22843,29215.0,4140.0,7,4141.0,9,4142.0,13,4143.0,9,4144.0,1,4145.0,7,4146.0,18,4147.0,10,4148.0,18,4149.0,24,4144.0
lu2409,,13:47:02.500#,4224.0,4234.0,4122.0,4543.0,3870.0,22843,29215.0,4140.0,7,4141.0,9,4142.0,13,4143.0,9,4144.0,1,4145.0,9,4146.0,16,4147.0,10,4148.0,18,4149.0,24,4144.0
lu2409,,13:47:03.0#,4224.0,4234.0,4122.0,4543.0,3870.0,22843,29215.0,4140.0,7,4141.0,9,4142.0,13,4143.0,9,4144.0,1,4145.0,8,4146.0,16,4147.0,10,4148.0,18,4149.0,24,4144.0
lu2409,,13:47:03.500#,4224.0,4234.0,4122.0,4543.0,3870.0,22843,29215.0,4140.0,7,4141.0,9,4142.0,13,4143.0,9,4144.0,1,4145.0,6,4146.0,18,4147.0,10,4148.0,18,4149.0,24,4144.0
lu2409,,13:47:04.0#,4224.0,4234.0,4122.0,4543.0,3870.0,22844,29216.0,4140.0,7,4141.0,9,4142.0,13,4143.0,9,4144.0,1,4145.0,8,4146.0,16,4147.0,10,4148.0,18,4149.0,24,4144.0
lu2409,,13:47:04.500#,4224.0,4234.0,4122.0,4543.0,3870.0,22844,29216.0,4140.0,7,4141.0,9,4142.0,13,4143.0,9,4144.0,1,4145.0,9,4146.0,16,4147.0,10,4148.0,18,4149.0,24,4144.0
lu2409,,13:47:07.0#,4224.0,4234.0,4122.0,4543.0,3870.0,22844,29216.0,4140.0,7,4141.0,9,4142.0,13,4143.0,9,4144.0,1,4145.0,8,4146.0,16,4147.0,10,4148.0,18,4149.0,24,4144.0
lu2409,,13:47:07.500#,4224.0,4234.0,4122.0,4543.0,3870.0,22844,29216.0,4140.0,7,4141.0,9,4142.0,13,4143.0,9,4144.0,1,4145.0,7,4146.0,16,4147.0,10,4148.0,18,4149.0,24,4144.0
lu2409,,13:47:08.0#,4224.0,4234.0,4122.0,4543.0,3870.0,22844,29216.0,4140.0,7,4141.0,9,4142.0,13,4143.0,9,4144.0,2,4145.0,5,4146.0,16,4147.0,10,4148.0,18,4149.0,24,4144.0
lu2409,,13:47:08.500#,4224.0,4234.0,4122.0,4543.0,3870.0,22844,29216.0,4140.0,7,4141.0,9,4142.0,13,4143.0,10,4144.0,2,4145.0,4,4146.0,16,4147.0,10,4148.0,18,4149.0,24,4144.0
lu2409,,13:47:09.0#,4224.0,4234.0,4122.0,4543.0,3870.0,22844,29216.0,4140.0,7,4141.0,9,4142.0,13,4143.0,10,4144.0,2,4145.0,3,4146.0,18,4147.0,10,4148.0,18,4149.0,24,4144.0
lu2409,,13:47:09.500#,4224.0,4234.0,4122.0,4543.0,3870.0,22844,29216.0,4140.0,7,4141.0,9,4142.0,13,4143.0,10,4144.0,1,4145.0,5,4146.0,16,4147.0,10,4148.0,18,4149.0,24,4144.0
lu2409,,13:47:10.0#,4224.0,4234.0,4122.0,4543.0,3870.0,22844,29216.0,4140.0,7,4141.0,9,4142.0,13,4143.0,10,4144.0,1,4145.0,4,4146.0,16,4147.0,10,4148.0,18,4149.0,24,4144.0
lu2409,,13:47:10.500#,4224.0,4234.0,4122.0,4543.0,3870.0,22844,29216.0,4140.0,7,4141.0,9,4142.0,13,4143.0,10,4144.0,1,4145.0,8,4146.0,16,4147.0,10,4148.0,18,4149.0,24,4144.0
lu2409,,13:47:16.0#,4224.0,4234.0,4122.0,4543.0,3870.0,22845,29217.0,4139.0,15,4140.0,7,4141.0,9,4142.0,13,4143.0,9,4145.0,8,4146.0,16,4147.0,10,4148.0,18,4149.0,24,4144.0
lu2409,,13:47:16.500#,4224.0,4234.0,4122.0,4543.0,3870.0,22845,29217.0,4140.0,8,4141.0,9,4142.0,13,4143.0,10,4144.0,1,4145.0,8,4146.0,16,4147.0,10,4148.0,18,4149.0,24,4144.0
lu2409,,13:47:17.0#,4224.0,4234.0,4122.0,4543.0,3870.0,22845,29217.0,4140.0,8,4141.0,9,4142.0,13,4143.0,10,4144.0,1,4145.0,8,4146.0,16,4147.0,10,4148.0,18,4149.0,24,4144.0
lu2409,,13:47:25.0#,4224.0,4234.0,4122.0,4543.0,3870.0,22846,29218.0,4139.0,8,4140.0,8,4141.0,9,4142.0,13,4143.0,10,4145.0,8,4146.0,16,4147.0,10,4148.0,18,4149.0,24,4144.0
lu2409,,13:47:26.0#,4224.0,4234.0,4122.0,4543.0,3870.0,22846,29218.0,4140.0,8,4141.0,9,4142.0,13,4143.0,10,4144.0,1,4145.0,7,4146.0,16,4147.0,10,4148.0,18,4149.0,24,4144.0
lu2409,,13:47:26.500#,4224.0,4234.0,4122.0,4543.0,3870.0,22846,29218.0,4140.0,8,4141.0,9,4142.0,13,4143.0,10,4144.0,3,4145.0,3,4146.0,16,4147.0,10,4148.0,18,4149.0,24,4144.0
lu2409,,13:47:27.0#,4224.0,4234.0,4122.0,4543.0,3870.0,22846,29218.0,4140.0,8,4141.0,9,4142.0,13,4143.0,11,4144.0,13,4146.0,11,4147.0,10,4148.0,18,4149.0,24,4150.0,9,4144.0
lu2409,,13:47:27.500#,4224.0,4234.0,4122.0,4543.0,3870.0,22846,29218.0,4140.0,8,4141.0,9,4142.0,13,4143.0,11,4144.0,13,4146.0,23,4147.0,10,4148.0,18,4149.0,24,4150.0,9,4144.0
lu2409,,13:47:28.500#,4224.0,4234.0,4122.0,4543.0,3870.0,22846,29218.0,4140.0,8,4141.0,9,4142.0,13,4143.0,11,4144.0,13,4146.0,23,4147.0,10,4148.0,18,4149.0,9,4150.0,9,4144.0
lu2409,,13:47:29.0#,4224.0,4234.0,4122.0,4543.0,3870.0,22846,29218.0,4140.0,8,4141.0,9,4142.0,13,4143.0,11,4144.0,11,4145.0,2,4146.0,25,4147.0,10,4148.0,18,4149.0,9,4144.0
lu2409,,13:47:29.500#,4224.0,4234.0,4122.0,4543.0,3870.0,22846,29218.0,4140.0,8,4141.0,9,4142.0,13,4143.0,11,4144.0,12,4145.0,2,4146.0,25,4147.0,10,4148.0,18,4149.0,9,4144.0
lu2409,,13:47:31.0#,4224.0,4234.0,4122.0,4543.0,3870.0,22846,29218.0,4140.0,8,4141.0,9,4142.0,13,4143.0,11,4144.0,7,4145.0,5,4146.0,25,4147.0,10,4148.0,18,4149.0,9,4144.0
lu2409,,13:47:36.0#,4224.0,4234.0,4122.0,4543.0,3870.0,22846,29218.0,4140.0,8,4141.0,9,4142.0,13,4143.0,11,4144.0,6,4145.0,2,4146.0,25,4147.0,10,4148.0,18,4149.0,9,4144.0
lu2409,,13:47:37.0#,4224.0,4234.0,4122.0,4543.0,3870.0,22846,29218.0,4140.0,8,4141.0,9,4142.0,13,4143.0,11,4144.0,6,4145.0,4,4146.0,23,4147.0,10,4148.0,18,4149.0,9,4144.0
lu2409,,13:47:37.500#,4224.0,4234.0,4122.0,4543.0,3870.0,22846,29218.0,4140.0,8,4141.0,9,4142.0,13,4143.0,11,4144.0,6,4145.0,4,4146.0,23,4147.0,10,4148.0,18,4149.0,9,4144.0
lu2409,,13:47:45.0#,4224.0,4234.0,4122.0,4543.0,3870.0,22846,29218.0,4140.0,8,4141.0,9,4142.0,13,4143.0,11,4144.0,6,4145.0,4,4146.0,23,4147.0,10,4148.0,18,4149.0,9,4144.0
lu2409,,13:47:49.0#,4224.0,4234.0,4122.0,4543.0,3870.0,22846,29218.0,4140.0,8,4141.0,9,4142.0,13,4143.0,11,4144.0,6,4145.0,3,4146.0,25,4147.0,10,4148.0,18,4149.0,9,4144.0
lu2409,,13:47:52.500#,4224.0,4234.0,4122.0,4543.0,3870.0,22846,29218.0,4140.0,8,4141.0,9,4142.0,13,4143.0,11,4144.0,6,4145.0,8,4146.0,23,4147.0,10,4148.0,18,4149.0,9,4144.0
lu2409,,13:47:53.500#,4224.0,4234.0,4122.0,4543.0,3870.0,22846,29218.0,4140.0,8,4141.0,9,4142.0,13,4143.0,11,4144.0,5,4145.0,8,4146.0,23,4147.0,10,4148.0,18,4149.0,9,4144.0
lu2409,,13:47:55.0#,4224.0,4234.0,4122.0,4543.0,3870.0,22846,29218.0,4140.0,8,4141.0,9,4142.0,13,4143.0,11,4144.0,5,4145.0,5,4146.0,23,4147.0,10,4148.0,18,4149.0,9,4144.0
lu2409,,13:47:56.500#,4224.0,4234.0,4122.0,4543.0,3870.0,22846,29218.0,4140.0,8,4141.0,9,4142.0,13,4143.0,11,4144.0,1,4145.0,7,4146.0,23,4147.0,10,4148.0,18,4149.0,9,4144.0
lu2409,,13:47:57.0#,4224.0,4234.0,4122.0,4543.0,3870.0,22846,29218.0,4140.0,8,4141.0,9,4142.0,13,4143.0,11,4144.0,4,4145.0,7,4146.0,23,4147.0,10,4148.0,18,4149.0,9,4144.0
lu2409,,13:47:57.500#,4224.0,4234.0,4122.0,4543.0,3870.0,22846,29218.0,4140.0,8,4141.0,9,4142.0,13,4143.0,11,4144.0,1,4145.0,7,4146.0,23,4147.0,10,4148.0,18,4149.0,9,4144.0
lu2409,,13:48:21.500#,4224.0,4234.0,4122.0,4543.0,3870.0,22847,29217.0,4139.0,5,4140.0,8,4141.0,9,4142.0,13,4143.0,7,4144.0,6,4145.0,11,4146.0,23,4147.0,10,4148.0,18,4144.0
lu2409,,13:49:04.0#,4224.0,4234.0,4122.0,4543.0,3870.0,22849,29219.0,4140.0,8,4141.0,9,4142.0,13,4143.0,11,4144.0,1,4145.0,6,4146.0,23,4147.0,11,4148.0,18,4149.0,10,4144.0
lu2409,,13:49:06.0#,4224.0,4234.0,4122.0,4543.0,3870.0,22849,29219.0,4140.0,8,4141.0,9,4142.0,13,4143.0,11,4144.0,1,4145.0,6,4146.0,23,4147.0,11,4148.0,18,4149.0,10,4144.0
lu2409,,13:49:25.0#,4224.0,4234.0,4122.0,4543.0,3870.0,22849,29219.0,4140.0,8,4141.0,9,4142.0,13,4143.0,12,4144.0,1,4145.0,6,4146.0,23,4147.0,11,4148.0,18,4149.0,10,4144.0
