InstrumentId,ExchangeId,Datetime,OpenPrice,HighestPrice,LowestPrice,UpperLimitPrice,LowerLimitPrice,Volume,OpenInterest,BidPrice5,BidVolume5,BidPrice4,BidVolume4,BidPrice3,BidVolume3,BidPrice2,BidVolume2,BidPrice1,BidVolume1,AskPrice1,AskVolume1,AskPrice2,AskVolume2,AskPrice3,AskVolume3,AskPrice4,AskVolume4,AskPrice5,AskVolume5,LastPrice
m2409,DCE,13:38:34.42#,3157.0,3180.0,3138.0,3315.0,2941.0,885519,1428381.0,3159.0,690,3160.0,1068,3161.0,586,3162.0,931,3163.0,705,3164.0,394,3165.0,464,3166.0,1273,3167.0,434,3168.0,971,3164.0
m2409,DCE,13:38:34.119#,3157.0,3180.0,3138.0,3315.0,2941.0,885520,1428382.0,3159.0,690,3160.0,1068,3161.0,586,3162.0,931,3163.0,704,3164.0,394,3165.0,464,3166.0,1273,3167.0,434,3168.0,971,3163.0
m2409,DCE,13:38:34.411#,3157.0,3180.0,3138.0,3315.0,2941.0,885522,1428384.0,3159.0,690,3160.0,1068,3161.0,586,3162.0,931,3163.0,704,3164.0,392,3165.0,464,3166.0,1273,3167.0,434,3168.0,971,3164.0
m2409,DCE,13:38:34.668#,3157.0,3180.0,3138.0,3315.0,2941.0,885523,1428384.0,3159.0,690,3160.0,1068,3161.0,586,3162.0,931,3163.0,704,3164.0,391,3165.0,464,3166.0,1273,3167.0,434,3168.0,971,3164.0
m2409,DCE,13:38:35.56#,3157.0,3180.0,3138.0,3315.0,2941.0,885523,1428384.0,3159.0,690,3160.0,1068,3161.0,586,3162.0,931,3163.0,705,3164.0,387,3165.0,464,3166.0,1273,3167.0,434,3168.0,971,3164.0
m2409,DCE,13:38:35.263#,3157.0,3180.0,3138.0,3315.0,2941.0,885523,1428384.0,3159.0,690,3160.0,1068,3161.0,586,3162.0,931,3163.0,707,3164.0,390,3165.0,464,3166.0,1273,3167.0,434,3168.0,971,3164.0
m2409,DCE,13:38:35.331#,3157.0,3180.0,3138.0,3315.0,2941.0,885524,1428385.0,3159.0,690,3160.0,1068,3161.0,586,3162.0,931,3163.0,706,3164.0,390,3165.0,464,3166.0,1273,3167.0,434,3168.0,971,3163.0
m2409,DCE,13:38:35.748#,3157.0,3180.0,3138.0,3315.0,2941.0,885524,1428385.0,3159.0,690,3160.0,1068,3161.0,586,3162.0,931,3163.0,706,3164.0,390,3165.0,464,3166.0,1273,3167.0,435,3168.0,971,3163.0
m2409,DCE,13:38:35.887#,3157.0,3180.0,3138.0,3315.0,2941.0,885524,1428385.0,3159.0,690,3160.0,1068,3161.0,591,3162.0,931,3163.0,706,3164.0,388,3165.0,464,3166.0,1273,3167.0,435,3168.0,971,3163.0
m2409,DCE,13:38:36.251#,3157.0,3180.0,3138.0,3315.0,2941.0,885525,1428385.0,3159.0,690,3160.0,1068,3161.0,591,3162.0,930,3163.0,712,3164.0,387,3165.0,464,3166.0,1273,3167.0,435,3168.0,971,3164.0
m2409,DCE,13:38:36.754#,3157.0,3180.0,3138.0,3315.0,2941.0,885526,1428385.0,3159.0,690,3160.0,1068,3161.0,591,3162.0,930,3163.0,714,3164.0,387,3165.0,464,3166.0,1273,3167.0,435,3168.0,971,3163.0
m2409,DCE,13:38:36.951#,3157.0,3180.0,3138.0,3315.0,2941.0,885528,1428387.0,3159.0,690,3160.0,1068,3161.0,591,3162.0,930,3163.0,712,3164.0,387,3165.0,464,3166.0,1273,3167.0,435,3168.0,971,3163.0
m2409,DCE,13:38:37.319#,3157.0,3180.0,3138.0,3315.0,2941.0,885529,1428387.0,3159.0,690,3160.0,1068,3161.0,591,3162.0,930,3163.0,712,3164.0,386,3165.0,464,3166.0,1273,3167.0,435,3168.0,971,3164.0
m2409,DCE,13:38:37.340#,3157.0,3180.0,3138.0,3315.0,2941.0,885530,1428388.0,3159.0,690,3160.0,1068,3161.0,591,3162.0,930,3163.0,711,3164.0,386,3165.0,464,3166.0,1273,3167.0,435,3168.0,971,3163.0
m2409,DCE,13:38:38.755#,3157.0,3180.0,3138.0,3315.0,2941.0,885530,1428388.0,3159.0,690,3160.0,1068,3161.0,591,3162.0,932,3163.0,712,3164.0,386,3165.0,464,3166.0,1273,3167.0,435,3168.0,971,3163.0
m2409,DCE,13:38:38.988#,3157.0,3180.0,3138.0,3315.0,2941.0,885530,1428388.0,3159.0,690,3160.0,1068,3161.0,590,3162.0,932,3163.0,713,3164.0,386,3165.0,464,3166.0,1273,3167.0,435,3168.0,971,3163.0
m2409,DCE,13:38:39.239#,3157.0,3180.0,3138.0,3315.0,2941.0,885531,1428388.0,3159.0,690,3160.0,1066,3161.0,590,3162.0,932,3163.0,713,3164.0,385,3165.0,464,3166.0,1273,3167.0,435,3168.0,971,3164.0
m2409,DCE,13:38:39.530#,3157.0,3180.0,3138.0,3315.0,2941.0,885531,1428388.0,3159.0,690,3160.0,1066,3161.0,590,3162.0,932,3163.0,713,3164.0,386,3165.0,464,3166.0,1273,3167.0,435,3168.0,971,3164.0
m2409,DCE,13:38:40.162#,3157.0,3180.0,3138.0,3315.0,2941.0,885531,1428388.0,3159.0,690,3160.0,1066,3161.0,590,3162.0,932,3163.0,713,3164.0,439,3165.0,464,3166.0,1273,3167.0,435,3168.0,971,3164.0
m2409,DCE,13:38:40.431#,3157.0,3180.0,3138.0,3315.0,2941.0,885536,1428388.0,3159.0,690,3160.0,1066,3161.0,590,3162.0,932,3163.0,709,3164.0,435,3165.0,464,3166.0,1273,3167.0,435,3168.0,971,3164.0
m2409,DCE,13:38:40.683#,3157.0,3180.0,3138.0,3315.0,2941.0,885537,1428388.0,3159.0,690,3160.0,1066,3161.0,590,3162.0,932,3163.0,709,3164.0,434,3165.0,464,3166.0,1273,3167.0,435,3168.0,971,3164.0
m2409,DCE,13:38:40.879#,3157.0,3180.0,3138.0,3315.0,2941.0,885540,1428391.0,3159.0,690,3160.0,1066,3161.0,590,3162.0,932,3163.0,706,3164.0,436,3165.0,464,3166.0,1273,3167.0,435,3168.0,971,3163.0
m2409,DCE,13:38:41.124#,3157.0,3180.0,3138.0,3315.0,2941.0,885542,1428393.0,3159.0,690,3160.0,1066,3161.0,590,3162.0,932,3163.0,706,3164.0,435,3165.0,467,3166.0,1273,3167.0,435,3168.0,971,3164.0
m2409,DCE,13:38:41.463#,3157.0,3180.0,3138.0,3315.0,2941.0,885543,1428394.0,3159.0,690,3160.0,1066,3161.0,590,3162.0,932,3163.0,706,3164.0,434,3165.0,467,3166.0,1273,3167.0,435,3168.0,971,3164.0
m2409,DCE,13:38:41.642#,3157.0,3180.0,3138.0,3315.0,2941.0,885543,1428394.0,3159.0,690,3160.0,1066,3161.0,590,3162.0,932,3163.0,693,3164.0,434,3165.0,467,3166.0,1273,3167.0,435,3168.0,971,3164.0
m2409,DCE,13:38:42.26#,3157.0,3180.0,3138.0,3315.0,2941.0,885543,1428394.0,3159.0,690,3160.0,1066,3161.0,590,3162.0,932,3163.0,694,3164.0,433,3165.0,473,3166.0,1273,3167.0,435,3168.0,971,3164.0
m2409,DCE,13:38:42.307#,3157.0,3180.0,3138.0,3315.0,2941.0,885544,1428394.0,3159.0,690,3160.0,1066,3161.0,590,3162.0,932,3163.0,694,3164.0,435,3165.0,480,3166.0,1273,3167.0,435,3168.0,971,3164.0
m2409,DCE,13:38:42.560#,3157.0,3180.0,3138.0,3315.0,2941.0,885544,1428394.0,3159.0,690,3160.0,1066,3161.0,590,3162.0,932,3163.0,695,3164.0,435,3165.0,480,3166.0,1273,3167.0,435,3168.0,971,3164.0
m2409,DCE,13:38:42.703#,3157.0,3180.0,3138.0,3315.0,2941.0,885555,1428394.0,3159.0,690,3160.0,1066,3161.0,590,3162.0,932,3163.0,690,3164.0,424,3165.0,480,3166.0,1273,3167.0,435,3168.0,971,3164.0
m2409,DCE,13:38:42.980#,3157.0,3180.0,3138.0,3315.0,2941.0,885560,1428399.0,3159.0,690,3160.0,1066,3161.0,590,3162.0,932,3163.0,690,3164.0,420,3165.0,480,3166.0,1273,3167.0,435,3168.0,971,3164.0
m2409,DCE,13:38:43.221#,3157.0,3180.0,3138.0,3315.0,2941.0,885561,1428399.0,3159.0,690,3160.0,1066,3161.0,590,3162.0,932,3163.0,690,3164.0,419,3165.0,480,3166.0,1273,3167.0,450,3168.0,971,3164.0
m2409,DCE,13:38:43.570#,3157.0,3180.0,3138.0,3315.0,2941.0,885581,1428419.0,3159.0,690,3160.0,1066,3161.0,590,3162.0,931,3163.0,693,3164.0,399,3165.0,480,3166.0,1273,3167.0,450,3168.0,971,3164.0
m2409,DCE,13:38:43.690#,3157.0,3180.0,3138.0,3315.0,2941.0,885581,1428419.0,3159.0,690,3160.0,1067,3161.0,590,3162.0,931,3163.0,692,3164.0,399,3165.0,480,3166.0,1273,3167.0,450,3168.0,971,3164.0
m2409,DCE,13:38:43.997#,3157.0,3180.0,3138.0,3315.0,2941.0,885581,1428419.0,3159.0,690,3160.0,1067,3161.0,590,3162.0,931,3163.0,692,3164.0,399,3165.0,479,3166.0,1273,3167.0,450,3168.0,971,3164.0
m2409,DCE,13:38:44.282#,3157.0,3180.0,3138.0,3315.0,2941.0,885591,1428429.0,3159.0,690,3160.0,1067,3161.0,590,3162.0,931,3163.0,693,3164.0,389,3165.0,479,3166.0,1273,3167.0,450,3168.0,971,3164.0
m2409,DCE,13:38:44.480#,3157.0,3180.0,3138.0,3315.0,2941.0,885591,1428429.0,3159.0,690,3160.0,1067,3161.0,590,3162.0,931,3163.0,695,3164.0,389,3165.0,479,3166.0,1273,3167.0,450,3168.0,971,3164.0
m2409,DCE,13:38:44.682#,3157.0,3180.0,3138.0,3315.0,2941.0,885592,1428429.0,3159.0,690,3160.0,1097,3161.0,590,3162.0,931,3163.0,694,3164.0,388,3165.0,478,3166.0,1273,3167.0,450,3168.0,971,3164.0
m2409,DCE,13:38:45.56#,3157.0,3180.0,3138.0,3315.0,2941.0,885592,1428429.0,3159.0,690,3160.0,1097,3161.0,590,3162.0,931,3163.0,694,3164.0,388,3165.0,490,3166.0,1283,3167.0,449,3168.0,971,3164.0
m2409,DCE,13:38:45.298#,3157.0,3180.0,3138.0,3315.0,2941.0,885592,1428429.0,3159.0,690,3160.0,1097,3161.0,590,3162.0,931,3163.0,694,3164.0,389,3165.0,490,3166.0,1283,3167.0,449,3168.0,971,3164.0
m2409,DCE,13:38:45.537#,3157.0,3180.0,3138.0,3315.0,2941.0,885592,1428429.0,3159.0,690,3160.0,1097,3161.0,590,3162.0,926,3163.0,699,3164.0,389,3165.0,491,3166.0,1283,3167.0,459,3168.0,971,3164.0
m2409,DCE,13:38:45.775#,3157.0,3180.0,3138.0,3315.0,2941.0,885593,1428429.0,3159.0,690,3160.0,1097,3161.0,590,3162.0,926,3163.0,699,3164.0,388,3165.0,491,3166.0,1283,3167.0,459,3168.0,971,3164.0
m2409,DCE,13:38:46.224#,3157.0,3180.0,3138.0,3315.0,2941.0,885596,1428432.0,3159.0,690,3160.0,1098,3161.0,590,3162.0,926,3163.0,699,3164.0,385,3165.0,491,3166.0,1284,3167.0,459,3168.0,971,3164.0
m2409,DCE,13:38:46.347#,3157.0,3180.0,3138.0,3315.0,2941.0,885597,1428433.0,3159.0,690,3160.0,1098,3161.0,590,3162.0,926,3163.0,698,3164.0,385,3165.0,491,3166.0,1284,3167.0,459,3168.0,971,3163.0
m2409,DCE,13:38:46.781#,3157.0,3180.0,3138.0,3315.0,2941.0,885597,1428433.0,3159.0,690,3160.0,1098,3161.0,590,3162.0,926,3163.0,697,3164.0,385,3165.0,491,3166.0,1284,3167.0,459,3168.0,971,3163.0
m2409,DCE,13:38:47.6#,3157.0,3180.0,3138.0,3315.0,2941.0,885597,1428433.0,3159.0,690,3160.0,1098,3161.0,590,3162.0,926,3163.0,698,3164.0,385,3165.0,491,3166.0,1284,3167.0,459,3168.0,971,3163.0
m2409,DCE,13:38:47.200#,3157.0,3180.0,3138.0,3315.0,2941.0,885598,1428433.0,3159.0,690,3160.0,1098,3161.0,590,3162.0,926,3163.0,698,3164.0,384,3165.0,491,3166.0,1284,3167.0,459,3168.0,971,3164.0
m2409,DCE,13:38:47.438#,3157.0,3180.0,3138.0,3315.0,2941.0,885598,1428433.0,3159.0,690,3160.0,1098,3161.0,590,3162.0,926,3163.0,698,3164.0,384,3165.0,493,3166.0,1284,3167.0,459,3168.0,971,3164.0
m2409,DCE,13:38:47.741#,3157.0,3180.0,3138.0,3315.0,2941.0,885604,1428433.0,3159.0,690,3160.0,1098,3161.0,590,3162.0,926,3163.0,698,3164.0,378,3165.0,493,3166.0,1284,3167.0,459,3168.0,971,3164.0
m2409,DCE,13:38:48.198#,3157.0,3180.0,3138.0,3315.0,2941.0,885607,1428435.0,3159.0,690,3160.0,1098,3161.0,590,3162.0,926,3163.0,698,3164.0,377,3165.0,493,3166.0,1284,3167.0,459,3168.0,971,3164.0
m2409,DCE,13:38:48.491#,3157.0,3180.0,3138.0,3315.0,2941.0,885610,1428437.0,3159.0,690,3160.0,1098,3161.0,590,3162.0,926,3163.0,697,3164.0,375,3165.0,493,3166.0,1284,3167.0,459,3168.0,971,3164.0
m2409,DCE,13:38:48.748#,3157.0,3180.0,3138.0,3315.0,2941.0,885610,1428437.0,3159.0,690,3160.0,1098,3161.0,590,3162.0,926,3163.0,700,3164.0,375,3165.0,493,3166.0,1284,3167.0,459,3168.0,971,3164.0
m2409,DCE,13:38:49.46#,3157.0,3180.0,3138.0,3315.0,2941.0,885610,1428437.0,3159.0,690,3160.0,1098,3161.0,590,3162.0,926,3163.0,701,3164.0,375,3165.0,493,3166.0,1284,3167.0,459,3168.0,971,3164.0
m2409,DCE,13:38:49.272#,3157.0,3180.0,3138.0,3315.0,2941.0,885621,1428438.0,3159.0,690,3160.0,1098,3161.0,590,3162.0,926,3163.0,700,3164.0,365,3165.0,493,3166.0,1284,3167.0,459,3168.0,971,3164.0
m2409,DCE,13:38:49.333#,3157.0,3180.0,3138.0,3315.0,2941.0,885621,1428438.0,3159.0,690,3160.0,1098,3161.0,590,3162.0,926,3163.0,700,3164.0,364,3165.0,493,3166.0,1284,3167.0,459,3168.0,971,3164.0
m2409,DCE,13:38:49.715#,3157.0,3180.0,3138.0,3315.0,2941.0,885623,1428438.0,3159.0,690,3160.0,1098,3161.0,590,3162.0,926,3163.0,699,3164.0,363,3165.0,493,3166.0,1284,3167.0,459,3168.0,971,3164.0
m2409,DCE,13:38:50.211#,3157.0,3180.0,3138.0,3315.0,2941.0,885623,1428438.0,3159.0,690,3160.0,1098,3161.0,590,3162.0,926,3163.0,700,3164.0,363,3165.0,493,3166.0,1284,3167.0,459,3168.0,971,3164.0
m2409,DCE,13:38:50.369#,3157.0,3180.0,3138.0,3315.0,2941.0,885626,1428438.0,3159.0,690,3160.0,1098,3161.0,590,3162.0,926,3163.0,697,3164.0,363,3165.0,493,3166.0,1284,3167.0,459,3168.0,971,3163.0
m2409,DCE,13:38:50.722#,3157.0,3180.0,3138.0,3315.0,2941.0,885626,1428438.0,3159.0,691,3160.0,1098,3161.0,590,3162.0,926,3163.0,697,3164.0,363,3165.0,493,3166.0,1284,3167.0,459,3168.0,971,3163.0
m2409,DCE,13:38:51.187#,3157.0,3180.0,3138.0,3315.0,2941.0,885627,1428438.0,3159.0,691,3160.0,1098,3161.0,590,3162.0,926,3163.0,697,3164.0,362,3165.0,493,3166.0,1284,3167.0,459,3168.0,971,3164.0
m2409,DCE,13:38:51.403#,3157.0,3180.0,3138.0,3315.0,2941.0,885627,1428438.0,3159.0,691,3160.0,1098,3161.0,590,3162.0,946,3163.0,702,3164.0,362,3165.0,493,3166.0,1284,3167.0,459,3168.0,971,3164.0
m2409,DCE,13:38:51.955#,3157.0,3180.0,3138.0,3315.0,2941.0,885628,1428438.0,3159.0,691,3160.0,1098,3161.0,590,3162.0,946,3163.0,701,3164.0,382,3165.0,463,3166.0,1284,3167.0,459,3168.0,971,3163.0
m2409,DCE,13:38:52.285#,3157.0,3180.0,3138.0,3315.0,2941.0,885630,1428439.0,3159.0,691,3160.0,1098,3161.0,590,3162.0,946,3163.0,700,3164.0,380,3165.0,465,3166.0,1284,3167.0,459,3168.0,971,3163.0
m2409,DCE,13:38:52.697#,3157.0,3180.0,3138.0,3315.0,2941.0,885631,1428439.0,3159.0,691,3160.0,1098,3161.0,590,3162.0,946,3163.0,700,3164.0,379,3165.0,465,3166.0,1284,3167.0,459,3168.0,971,3164.0
m2409,DCE,13:38:52.833#,3157.0,3180.0,3138.0,3315.0,2941.0,885631,1428439.0,3159.0,691,3160.0,1098,3161.0,590,3162.0,946,3163.0,700,3164.0,380,3165.0,465,3166.0,1284,3167.0,459,3168.0,971,3164.0
m2409,DCE,13:38:53.217#,3157.0,3180.0,3138.0,3315.0,2941.0,885631,1428439.0,3159.0,691,3160.0,1098,3161.0,590,3162.0,951,3163.0,695,3164.0,390,3165.0,474,3166.0,1275,3167.0,459,3168.0,971,3164.0
m2409,DCE,13:38:53.332#,3157.0,3180.0,3138.0,3315.0,2941.0,885631,1428439.0,3159.0,691,3160.0,1098,3161.0,590,3162.0,951,3163.0,696,3164.0,390,3165.0,474,3166.0,1275,3167.0,459,3168.0,971,3164.0
m2409,DCE,13:38:53.661#,3157.0,3180.0,3138.0,3315.0,2941.0,885631,1428439.0,3159.0,691,3160.0,1098,3161.0,590,3162.0,951,3163.0,697,3164.0,390,3165.0,474,3166.0,1275,3167.0,459,3168.0,971,3164.0
m2409,DCE,13:38:54.43#,3157.0,3180.0,3138.0,3315.0,2941.0,885632,1428440.0,3159.0,691,3160.0,1098,3161.0,590,3162.0,950,3163.0,696,3164.0,390,3165.0,474,3166.0,1275,3167.0,459,3168.0,971,3163.0
m2409,DCE,13:38:54.248#,3157.0,3180.0,3138.0,3315.0,2941.0,885633,1428440.0,3159.0,691,3160.0,1098,3161.0,591,3162.0,950,3163.0,700,3164.0,389,3165.0,474,3166.0,1275,3167.0,459,3168.0,971,3164.0
m2409,DCE,13:38:54.559#,3157.0,3180.0,3138.0,3315.0,2941.0,885634,1428441.0,3159.0,691,3160.0,1098,3161.0,591,3162.0,950,3163.0,700,3164.0,393,3165.0,474,3166.0,1275,3167.0,459,3168.0,971,3164.0
m2409,DCE,13:38:54.730#,3157.0,3180.0,3138.0,3315.0,2941.0,885634,1428441.0,3159.0,691,3160.0,1098,3161.0,591,3162.0,950,3163.0,701,3164.0,393,3165.0,475,3166.0,1275,3167.0,459,3168.0,971,3164.0
m2409,DCE,13:38:55.13#,3157.0,3180.0,3138.0,3315.0,2941.0,885634,1428441.0,3159.0,691,3160.0,1098,3161.0,591,3162.0,950,3163.0,703,3164.0,393,3165.0,475,3166.0,1275,3167.0,459,3168.0,971,3164.0
m2409,DCE,13:38:55.183#,3157.0,3180.0,3138.0,3315.0,2941.0,885636,1428442.0,3159.0,691,3160.0,1098,3161.0,591,3162.0,950,3163.0,704,3164.0,391,3165.0,475,3166.0,1275,3167.0,459,3168.0,971,3164.0
m2409,DCE,13:38:55.565#,3157.0,3180.0,3138.0,3315.0,2941.0,885636,1428442.0,3159.0,691,3160.0,1098,3161.0,591,3162.0,964,3163.0,704,3164.0,441,3165.0,475,3166.0,1275,3167.0,459,3168.0,971,3164.0
m2409,DCE,13:38:55.788#,3157.0,3180.0,3138.0,3315.0,2941.0,885636,1428442.0,3159.0,691,3160.0,1098,3161.0,591,3162.0,961,3163.0,705,3164.0,440,3165.0,475,3166.0,1275,3167.0,459,3168.0,971,3164.0
m2409,DCE,13:38:56.1#,3157.0,3180.0,3138.0,3315.0,2941.0,885636,1428442.0,3159.0,691,3160.0,1098,3161.0,591,3162.0,969,3163.0,708,3164.0,440,3165.0,475,3166.0,1275,3167.0,459,3168.0,971,3164.0
m2409,DCE,13:38:56.181#,3157.0,3180.0,3138.0,3315.0,2941.0,885637,1428442.0,3159.0,691,3160.0,1098,3161.0,591,3162.0,969,3163.0,710,3164.0,439,3165.0,475,3166.0,1275,3167.0,459,3168.0,971,3164.0
m2409,DCE,13:38:56.332#,3157.0,3180.0,3138.0,3315.0,2941.0,885638,1428443.0,3159.0,691,3160.0,1098,3161.0,591,3162.0,969,3163.0,709,3164.0,439,3165.0,475,3166.0,1275,3167.0,459,3168.0,971,3163.0
m2409,DCE,13:38:56.654#,3157.0,3180.0,3138.0,3315.0,2941.0,885638,1428443.0,3159.0,691,3160.0,1098,3161.0,591,3162.0,969,3163.0,710,3164.0,439,3165.0,475,3166.0,1275,3167.0,459,3168.0,971,3163.0
m2409,DCE,13:38:57.19#,3157.0,3180.0,3138.0,3315.0,2941.0,885639,1428444.0,3159.0,691,3160.0,1096,3161.0,591,3162.0,969,3163.0,709,3164.0,439,3165.0,475,3166.0,1275,3167.0,459,3168.0,971,3163.0
m2409,DCE,13:38:57.259#,3157.0,3180.0,3138.0,3315.0,2941.0,885640,1428444.0,3159.0,691,3160.0,1096,3161.0,591,3162.0,969,3163.0,709,3164.0,441,3165.0,475,3166.0,1275,3167.0,459,3168.0,971,3164.0
m2409,DCE,13:38:57.361#,3157.0,3180.0,3138.0,3315.0,2941.0,885641,1428444.0,3159.0,691,3160.0,1096,3161.0,591,3162.0,969,3163.0,709,3164.0,441,3165.0,475,3166.0,1275,3167.0,459,3168.0,971,3164.0
m2409,DCE,13:38:57.794#,3157.0,3180.0,3138.0,3315.0,2941.0,885643,1428446.0,3159.0,691,3160.0,1396,3161.0,591,3162.0,969,3163.0,712,3164.0,439,3165.0,475,3166.0,1275,3167.0,459,3168.0,971,3164.0
m2409,DCE,13:38:57.949#,3157.0,3180.0,3138.0,3315.0,2941.0,885643,1428446.0,3159.0,691,3160.0,1395,3161.0,591,3162.0,969,3163.0,712,3164.0,440,3165.0,475,3166.0,1275,3167.0,459,3168.0,971,3164.0
m2409,DCE,13:38:58.263#,3157.0,3180.0,3138.0,3315.0,2941.0,885643,1428446.0,3159.0,691,3160.0,1393,3161.0,591,3162.0,969,3163.0,714,3164.0,441,3165.0,475,3166.0,1275,3167.0,459,3168.0,971,3164.0
m2409,DCE,13:38:58.415#,3157.0,3180.0,3138.0,3315.0,2941.0,885643,1428446.0,3159.0,691,3160.0,1393,3161.0,591,3162.0,969,3163.0,735,3164.0,441,3165.0,475,3166.0,1275,3167.0,459,3168.0,971,3164.0
m2409,DCE,13:38:58.699#,3157.0,3180.0,3138.0,3315.0,2941.0,885644,1428446.0,3159.0,691,3160.0,1394,3161.0,591,3162.0,969,3163.0,737,3164.0,440,3165.0,475,3166.0,1275,3167.0,459,3168.0,971,3164.0
m2409,DCE,13:38:59.42#,3157.0,3180.0,3138.0,3315.0,2941.0,885644,1428446.0,3159.0,691,3160.0,1394,3161.0,591,3162.0,969,3163.0,737,3164.0,440,3165.0,475,3166.0,1276,3167.0,459,3168.0,971,3164.0
m2409,DCE,13:38:59.314#,3157.0,3180.0,3138.0,3315.0,2941.0,885644,1428446.0,3159.0,691,3160.0,1394,3161.0,591,3162.0,969,3163.0,740,3164.0,439,3165.0,475,3166.0,1276,3167.0,459,3168.0,971,3164.0
m2409,DCE,13:38:59.549#,3157.0,3180.0,3138.0,3315.0,2941.0,885649,1428451.0,3159.0,691,3160.0,1394,3161.0,591,3162.0,970,3163.0,741,3164.0,436,3165.0,476,3166.0,1276,3167.0,459,3168.0,971,3164.0
m2409,DCE,13:38:59.675#,3157.0,3180.0,3138.0,3315.0,2941.0,885649,1428451.0,3159.0,691,3160.0,1394,3161.0,591,3162.0,970,3163.0,742,3164.0,436,3165.0,476,3166.0,1276,3167.0,459,3168.0,971,3164.0
m2409,DCE,13:39:00.220#,3157.0,3180.0,3138.0,3315.0,2941.0,885650,1428451.0,3159.0,691,3160.0,1394,3161.0,591,3162.0,970,3163.0,743,3164.0,445,3165.0,477,3166.0,1276,3167.0,459,3168.0,971,3164.0
m2409,DCE,13:39:00.559#,3157.0,3180.0,3138.0,3315.0,2941.0,885650,1428451.0,3159.0,691,3160.0,1394,3161.0,466,3162.0,972,3163.0,736,3164.0,445,3165.0,477,3166.0,1276,3167.0,459,3168.0,971,3164.0
m2409,DCE,13:39:00.795#,3157.0,3180.0,3138.0,3315.0,2941.0,885653,1428451.0,3159.0,691,3160.0,1394,3161.0,466,3162.0,972,3163.0,736,3164.0,545,3165.0,477,3166.0,1276,3167.0,459,3168.0,971,3163.0
m2409,DCE,13:39:01.33#,3157.0,3180.0,3138.0,3315.0,2941.0,885656,1428454.0,3159.0,691,3160.0,1394,3161.0,466,3162.0,972,3163.0,783,3164.0,562,3165.0,483,3166.0,1276,3167.0,459,3168.0,971,3163.0
m2409,DCE,13:39:01.282#,3157.0,3180.0,3138.0,3315.0,2941.0,885656,1428454.0,3159.0,691,3160.0,1394,3161.0,466,3162.0,972,3163.0,803,3164.0,566,3165.0,483,3166.0,1276,3167.0,459,3168.0,971,3163.0
m2409,DCE,13:39:01.544#,3157.0,3180.0,3138.0,3315.0,2941.0,885657,1428454.0,3159.0,691,3160.0,1394,3161.0,466,3162.0,972,3163.0,802,3164.0,566,3165.0,483,3166.0,1276,3167.0,459,3168.0,971,3163.0
m2409,DCE,13:39:01.809#,3157.0,3180.0,3138.0,3315.0,2941.0,885658,1428454.0,3159.0,691,3160.0,1394,3161.0,591,3162.0,970,3163.0,802,3164.0,566,3165.0,483,3166.0,1276,3167.0,459,3168.0,971,3164.0
m2409,DCE,13:39:02.14#,3157.0,3180.0,3138.0,3315.0,2941.0,885660,1428453.0,3159.0,691,3160.0,1394,3161.0,591,3162.0,970,3163.0,802,3164.0,564,3165.0,483,3166.0,1276,3167.0,459,3168.0,971,3164.0
m2409,DCE,13:39:02.114#,3157.0,3180.0,3138.0,3315.0,2941.0,885661,1428454.0,3159.0,691,3160.0,1394,3161.0,591,3162.0,970,3163.0,801,3164.0,566,3165.0,483,3166.0,1276,3167.0,459,3168.0,971,3163.0
m2409,DCE,13:39:02.539#,3157.0,3180.0,3138.0,3315.0,2941.0,885662,1428455.0,3159.0,691,3160.0,1394,3161.0,591,3162.0,971,3163.0,801,3164.0,564,3165.0,483,3166.0,1276,3167.0,458,3168.0,971,3164.0
m2409,DCE,13:39:02.763#,3157.0,3180.0,3138.0,3315.0,2941.0,885662,1428455.0,3159.0,691,3160.0,1394,3161.0,592,3162.0,971,3163.0,822,3164.0,772,3165.0,483,3166.0,1276,3167.0,458,3168.0,971,3164.0
m2409,DCE,13:39:03.54#,3157.0,3180.0,3138.0,3315.0,2941.0,885663,1428456.0,3159.0,691,3160.0,1394,3161.0,592,3162.0,971,3163.0,823,3164.0,775,3165.0,480,3166.0,1276,3167.0,458,3168.0,971,3163.0
m2409,DCE,13:39:03.264#,3157.0,3180.0,3138.0,3315.0,2941.0,885664,1428455.0,3159.0,691,3160.0,1394,3161.0,592,3162.0,971,3163.0,824,3164.0,774,3165.0,480,3166.0,1276,3167.0,458,3168.0,971,3164.0
m2409,DCE,13:39:03.551#,3157.0,3180.0,3138.0,3315.0,2941.0,885664,1428455.0,3159.0,691,3160.0,1397,3161.0,592,3162.0,971,3163.0,826,3164.0,774,3165.0,480,3166.0,1276,3167.0,458,3168.0,971,3164.0
m2409,DCE,13:39:03.726#,3157.0,3180.0,3138.0,3315.0,2941.0,885664,1428455.0,3159.0,691,3160.0,1697,3161.0,592,3162.0,971,3163.0,826,3164.0,775,3165.0,480,3166.0,1276,3167.0,458,3168.0,971,3164.0
m2409,DCE,13:39:04.50#,3157.0,3180.0,3138.0,3315.0,2941.0,885664,1428455.0,3159.0,691,3160.0,1697,3161.0,592,3162.0,971,3163.0,829,3164.0,717,3165.0,480,3166.0,1276,3167.0,458,3168.0,971,3164.0
m2409,DCE,13:39:04.181#,3157.0,3180.0,3138.0,3315.0,2941.0,885664,1428455.0,3159.0,691,3160.0,1697,3161.0,592,3162.0,971,3163.0,830,3164.0,765,3165.0,480,3166.0,1276,3167.0,458,3168.0,971,3164.0
m2409,DCE,13:39:04.543#,3157.0,3180.0,3138.0,3315.0,2941.0,885668,1428458.0,3159.0,691,3160.0,1697,3161.0,592,3162.0,971,3163.0,826,3164.0,765,3165.0,480,3166.0,1276,3167.0,458,3168.0,971,3163.0
m2409,DCE,13:39:04.822#,3157.0,3180.0,3138.0,3315.0,2941.0,885679,1428462.0,3159.0,691,3160.0,1697,3161.0,598,3162.0,966,3163.0,826,3164.0,754,3165.0,480,3166.0,1276,3167.0,458,3168.0,971,3164.0
m2409,DCE,13:39:04.847#,3157.0,3180.0,3138.0,3315.0,2941.0,885680,1428462.0,3159.0,691,3160.0,1697,3161.0,598,3162.0,966,3163.0,826,3164.0,762,3165.0,471,3166.0,1276,3167.0,458,3168.0,971,3164.0
m2409,DCE,13:39:05.209#,3157.0,3180.0,3138.0,3315.0,2941.0,885684,1428466.0,3159.0,691,3160.0,1697,3161.0,598,3162.0,966,3163.0,825,3164.0,762,3165.0,471,3166.0,1276,3167.0,458,3168.0,971,3163.0
m2409,DCE,13:39:05.447#,3157.0,3180.0,3138.0,3315.0,2941.0,885684,1428466.0,3159.0,691,3160.0,1697,3161.0,598,3162.0,966,3163.0,825,3164.0,760,3165.0,471,3166.0,1276,3167.0,458,3168.0,971,3163.0
m2409,DCE,13:39:05.727#,3157.0,3180.0,3138.0,3315.0,2941.0,885688,1428470.0,3159.0,691,3160.0,1697,3161.0,598,3162.0,966,3163.0,821,3164.0,755,3165.0,471,3166.0,1276,3167.0,458,3168.0,971,3163.0
m2409,DCE,13:39:06.13#,3157.0,3180.0,3138.0,3315.0,2941.0,885689,1428470.0,3159.0,691,3160.0,1697,3161.0,598,3162.0,966,3163.0,825,3164.0,754,3165.0,471,3166.0,1276,3167.0,458,3168.0,971,3164.0
m2409,DCE,13:39:06.283#,3157.0,3180.0,3138.0,3315.0,2941.0,885697,1428476.0,3159.0,691,3160.0,1697,3161.0,593,3162.0,967,3163.0,818,3164.0,751,3165.0,480,3166.0,1276,3167.0,458,3168.0,971,3163.0
m2409,DCE,13:39:06.338#,3157.0,3180.0,3138.0,3315.0,2941.0,885697,1428476.0,3159.0,691,3160.0,1697,3161.0,593,3162.0,971,3163.0,817,3164.0,752,3165.0,480,3166.0,1276,3167.0,458,3168.0,971,3163.0
m2409,DCE,13:39:06.675#,3157.0,3180.0,3138.0,3315.0,2941.0,885697,1428476.0,3159.0,691,3160.0,1697,3161.0,593,3162.0,971,3163.0,818,3164.0,766,3165.0,480,3166.0,1276,3167.0,458,3168.0,971,3163.0
m2409,DCE,13:39:07.257#,3157.0,3180.0,3138.0,3315.0,2941.0,885707,1428472.0,3159.0,691,3160.0,1697,3161.0,593,3162.0,971,3163.0,819,3164.0,756,3165.0,480,3166.0,1276,3167.0,458,3168.0,971,3164.0
m2409,DCE,13:39:07.394#,3157.0,3180.0,3138.0,3315.0,2941.0,885708,1428472.0,3159.0,691,3160.0,1697,3161.0,593,3162.0,971,3163.0,819,3164.0,755,3165.0,480,3166.0,1276,3167.0,458,3168.0,971,3164.0
m2409,DCE,13:39:07.681#,3157.0,3180.0,3138.0,3315.0,2941.0,885710,1428472.0,3159.0,691,3160.0,1697,3161.0,593,3162.0,971,3163.0,818,3164.0,754,3165.0,480,3166.0,1276,3167.0,458,3168.0,971,3164.0
m2409,DCE,13:39:08.71#,3157.0,3180.0,3138.0,3315.0,2941.0,885710,1428472.0,3159.0,691,3160.0,1697,3161.0,593,3162.0,971,3163.0,818,3164.0,755,3165.0,480,3166.0,1276,3167.0,458,3168.0,971,3164.0
m2409,DCE,13:39:08.309#,3157.0,3180.0,3138.0,3315.0,2941.0,885710,1428472.0,3159.0,691,3160.0,1698,3161.0,593,3162.0,971,3163.0,798,3164.0,757,3165.0,480,3166.0,1276,3167.0,458,3168.0,971,3164.0
m2409,DCE,13:39:08.384#,3157.0,3180.0,3138.0,3315.0,2941.0,885710,1428472.0,3159.0,691,3160.0,1698,3161.0,593,3162.0,971,3163.0,798,3164.0,760,3165.0,480,3166.0,1276,3167.0,458,3168.0,971,3164.0
m2409,DCE,13:39:08.800#,3157.0,3180.0,3138.0,3315.0,2941.0,885711,1428471.0,3159.0,691,3160.0,1698,3161.0,593,3162.0,971,3163.0,798,3164.0,758,3165.0,480,3166.0,1276,3167.0,458,3168.0,971,3164.0
m2409,DCE,13:39:09.16#,3157.0,3180.0,3138.0,3315.0,2941.0,885711,1428471.0,3159.0,691,3160.0,1698,3161.0,593,3162.0,971,3163.0,792,3164.0,762,3165.0,481,3166.0,1276,3167.0,458,3168.0,971,3164.0
m2409,DCE,13:39:09.226#,3157.0,3180.0,3138.0,3315.0,2941.0,885713,1428473.0,3159.0,691,3160.0,1698,3161.0,593,3162.0,971,3163.0,890,3164.0,762,3165.0,481,3166.0,1276,3167.0,458,3168.0,971,3163.0
m2409,DCE,13:39:09.355#,3157.0,3180.0,3138.0,3315.0,2941.0,885713,1428473.0,3159.0,691,3160.0,1698,3161.0,593,3162.0,971,3163.0,887,3164.0,763,3165.0,481,3166.0,1276,3167.0,458,3168.0,971,3163.0
m2409,DCE,13:39:09.698#,3157.0,3180.0,3138.0,3315.0,2941.0,885714,1428472.0,3159.0,691,3160.0,1698,3161.0,593,3162.0,971,3163.0,887,3164.0,762,3165.0,481,3166.0,1276,3167.0,458,3168.0,971,3164.0
m2409,DCE,13:39:10.241#,3157.0,3180.0,3138.0,3315.0,2941.0,885728,1428472.0,3159.0,691,3160.0,1698,3161.0,593,3162.0,971,3163.0,874,3164.0,768,3165.0,481,3166.0,1276,3167.0,458,3168.0,971,3163.0
m2409,DCE,13:39:10.339#,3157.0,3180.0,3138.0,3315.0,2941.0,885737,1428472.0,3159.0,691,3160.0,1698,3161.0,593,3162.0,971,3163.0,874,3164.0,761,3165.0,481,3166.0,1276,3167.0,458,3168.0,971,3164.0
m2409,DCE,13:39:10.651#,3157.0,3180.0,3138.0,3315.0,2941.0,885739,1428474.0,3159.0,691,3160.0,1698,3161.0,593,3162.0,971,3163.0,872,3164.0,761,3165.0,481,3166.0,1276,3167.0,458,3168.0,971,3163.0
m2409,DCE,13:39:11.39#,3157.0,3180.0,3138.0,3315.0,2941.0,885739,1428474.0,3159.0,691,3160.0,1698,3161.0,593,3162.0,971,3163.0,872,3164.0,763,3165.0,481,3166.0,1276,3167.0,458,3168.0,971,3163.0
m2409,DCE,13:39:11.194#,3157.0,3180.0,3138.0,3315.0,2941.0,885744,1428473.0,3159.0,691,3160.0,1698,3161.0,593,3162.0,971,3163.0,871,3164.0,761,3165.0,481,3166.0,1276,3167.0,458,3168.0,971,3164.0
m2409,DCE,13:39:11.524#,3157.0,3180.0,3138.0,3315.0,2941.0,885744,1428473.0,3159.0,691,3160.0,1698,3161.0,593,3162.0,972,3163.0,821,3164.0,761,3165.0,481,3166.0,1276,3167.0,458,3168.0,971,3164.0
m2409,DCE,13:39:11.810#,3157.0,3180.0,3138.0,3315.0,2941.0,885744,1428473.0,3159.0,691,3160.0,1698,3161.0,593,3162.0,982,3163.0,821,3164.0,760,3165.0,481,3166.0,1276,3167.0,458,3168.0,971,3164.0
m2409,DCE,13:39:11.957#,3157.0,3180.0,3138.0,3315.0,2941.0,885744,1428473.0,3159.0,691,3160.0,1698,3161.0,593,3162.0,982,3163.0,821,3164.0,762,3165.0,481,3166.0,1276,3167.0,458,3168.0,971,3164.0
m2409,DCE,13:39:12.321#,3157.0,3180.0,3138.0,3315.0,2941.0,885749,1428476.0,3159.0,691,3160.0,1728,3161.0,592,3162.0,982,3163.0,817,3164.0,760,3165.0,581,3166.0,1276,3167.0,459,3168.0,971,3164.0
m2409,DCE,13:39:12.333#,3157.0,3180.0,3138.0,3315.0,2941.0,885749,1428476.0,3159.0,691,3160.0,1728,3161.0,592,3162.0,982,3163.0,817,3164.0,760,3165.0,582,3166.0,1276,3167.0,459,3168.0,971,3164.0
m2409,DCE,13:39:13.205#,3157.0,3180.0,3138.0,3315.0,2941.0,885749,1428476.0,3159.0,691,3160.0,1728,3161.0,592,3162.0,982,3163.0,817,3164.0,761,3165.0,582,3166.0,1276,3167.0,459,3168.0,971,3164.0
m2409,DCE,13:39:13.366#,3157.0,3180.0,3138.0,3315.0,2941.0,885750,1428476.0,3159.0,691,3160.0,1728,3161.0,592,3162.0,982,3163.0,816,3164.0,761,3165.0,582,3166.0,1276,3167.0,459,3168.0,971,3163.0
m2409,DCE,13:39:13.822#,3157.0,3180.0,3138.0,3315.0,2941.0,885755,1428478.0,3159.0,691,3160.0,1724,3161.0,592,3162.0,982,3163.0,812,3164.0,759,3165.0,582,3166.0,1276,3167.0,459,3168.0,971,3164.0
m2409,DCE,13:39:14.298#,3157.0,3180.0,3138.0,3315.0,2941.0,885755,1428478.0,3159.0,691,3160.0,1724,3161.0,593,3162.0,982,3163.0,812,3164.0,759,3165.0,582,3166.0,1276,3167.0,459,3168.0,971,3164.0
m2409,DCE,13:39:14.804#,3157.0,3180.0,3138.0,3315.0,2941.0,885755,1428478.0,3159.0,691,3160.0,1724,3161.0,593,3162.0,982,3163.0,812,3164.0,759,3165.0,603,3166.0,1276,3167.0,459,3168.0,971,3164.0
m2409,DCE,13:39:15.37#,3157.0,3180.0,3138.0,3315.0,2941.0,885756,1428477.0,3159.0,691,3160.0,1624,3161.0,593,3162.0,982,3163.0,812,3164.0,758,3165.0,603,3166.0,1276,3167.0,459,3168.0,971,3164.0
m2409,DCE,13:39:15.306#,3157.0,3180.0,3138.0,3315.0,2941.0,885761,1428480.0,3159.0,691,3160.0,1624,3161.0,593,3162.0,982,3163.0,818,3164.0,757,3165.0,605,3166.0,1276,3167.0,459,3168.0,971,3164.0
m2409,DCE,13:39:15.324#,3157.0,3180.0,3138.0,3315.0,2941.0,885783,1428458.0,3159.0,691,3160.0,1624,3161.0,593,3162.0,982,3163.0,818,3164.0,735,3165.0,605,3166.0,1276,3167.0,459,3168.0,971,3164.0
m2409,DCE,13:39:15.743#,3157.0,3180.0,3138.0,3315.0,2941.0,885783,1428458.0,3159.0,691,3160.0,1624,3161.0,593,3162.0,982,3163.0,818,3164.0,745,3165.0,605,3166.0,1276,3167.0,459,3168.0,971,3164.0
m2409,DCE,13:39:15.832#,3157.0,3180.0,3138.0,3315.0,2941.0,885784,1428459.0,3159.0,691,3160.0,1624,3161.0,593,3162.0,982,3163.0,817,3164.0,747,3165.0,605,3166.0,1276,3167.0,459,3168.0,971,3163.0
m2409,DCE,13:39:16.306#,3157.0,3180.0,3138.0,3315.0,2941.0,885785,1428458.0,3159.0,691,3160.0,1624,3161.0,593,3162.0,982,3163.0,819,3164.0,745,3165.0,605,3166.0,1281,3167.0,459,3168.0,971,3164.0
m2409,DCE,13:39:16.471#,3157.0,3180.0,3138.0,3315.0,2941.0,885786,1428458.0,3159.0,691,3160.0,1624,3161.0,593,3162.0,982,3163.0,818,3164.0,746,3165.0,605,3166.0,1281,3167.0,459,3168.0,971,3163.0
m2409,DCE,13:39:16.744#,3157.0,3180.0,3138.0,3315.0,2941.0,885796,1428467.0,3159.0,691,3160.0,1624,3161.0,593,3162.0,982,3163.0,808,3164.0,746,3165.0,604,3166.0,1281,3167.0,459,3168.0,971,3163.0
m2409,DCE,13:39:17.63#,3157.0,3180.0,3138.0,3315.0,2941.0,885796,1428467.0,3159.0,691,3160.0,1625,3161.0,593,3162.0,991,3163.0,808,3164.0,747,3165.0,604,3166.0,1281,3167.0,459,3168.0,971,3163.0
m2409,DCE,13:39:17.168#,3157.0,3180.0,3138.0,3315.0,2941.0,885797,1428466.0,3159.0,691,3160.0,1625,3161.0,593,3162.0,991,3163.0,809,3164.0,749,3165.0,604,3166.0,1281,3167.0,459,3168.0,971,3164.0
m2409,DCE,13:39:17.665#,3157.0,3180.0,3138.0,3315.0,2941.0,885804,1428466.0,3159.0,691,3160.0,1625,3161.0,593,3162.0,991,3163.0,802,3164.0,749,3165.0,583,3166.0,1281,3167.0,459,3168.0,971,3163.0
m2409,DCE,13:39:18.259#,3157.0,3180.0,3138.0,3315.0,2941.0,885805,1428465.0,3159.0,691,3160.0,1525,3161.0,593,3162.0,991,3163.0,802,3164.0,749,3165.0,583,3166.0,1281,3167.0,459,3168.0,971,3164.0
m2409,DCE,13:39:18.372#,3157.0,3180.0,3138.0,3315.0,2941.0,885805,1428465.0,3159.0,691,3160.0,1525,3161.0,593,3162.0,991,3163.0,802,3164.0,748,3165.0,583,3166.0,1281,3167.0,459,3168.0,971,3164.0
m2409,DCE,13:39:18.752#,3157.0,3180.0,3138.0,3315.0,2941.0,885824,1428463.0,3159.0,691,3160.0,1525,3161.0,593,3162.0,991,3163.0,801,3164.0,730,3165.0,583,3166.0,1281,3167.0,459,3168.0,971,3164.0
m2409,DCE,13:39:18.832#,3157.0,3180.0,3138.0,3315.0,2941.0,885824,1428463.0,3159.0,691,3160.0,1525,3161.0,593,3162.0,991,3163.0,801,3164.0,731,3165.0,583,3166.0,1281,3167.0,459,3168.0,971,3164.0
m2409,DCE,13:39:19.272#,3157.0,3180.0,3138.0,3315.0,2941.0,885824,1428463.0,3159.0,691,3160.0,1525,3161.0,593,3162.0,991,3163.0,801,3164.0,731,3165.0,599,3166.0,1281,3167.0,459,3168.0,971,3164.0
m2409,DCE,13:39:19.523#,3157.0,3180.0,3138.0,3315.0,2941.0,885824,1428463.0,3159.0,691,3160.0,1525,3161.0,593,3162.0,1001,3163.0,801,3164.0,737,3165.0,599,3166.0,1281,3167.0,459,3168.0,971,3164.0
m2409,DCE,13:39:19.681#,3157.0,3180.0,3138.0,3315.0,2941.0,885825,1428462.0,3159.0,691,3160.0,1525,3161.0,593,3162.0,1001,3163.0,801,3164.0,736,3165.0,599,3166.0,1281,3167.0,459,3168.0,971,3164.0
m2409,DCE,13:39:19.892#,3157.0,3180.0,3138.0,3315.0,2941.0,885825,1428462.0,3159.0,691,3160.0,1525,3161.0,593,3162.0,1001,3163.0,801,3164.0,756,3165.0,599,3166.0,1281,3167.0,459,3168.0,971,3164.0
m2409,DCE,13:39:20.707#,3157.0,3180.0,3138.0,3315.0,2941.0,885825,1428462.0,3159.0,691,3160.0,1525,3161.0,592,3162.0,1001,3163.0,801,3164.0,756,3165.0,599,3166.0,1281,3167.0,459,3168.0,971,3164.0
m2409,DCE,13:39:20.973#,3157.0,3180.0,3138.0,3315.0,2941.0,885825,1428462.0,3159.0,691,3160.0,1525,3161.0,592,3162.0,1001,3163.0,801,3164.0,762,3165.0,601,3166.0,1281,3167.0,459,3168.0,971,3164.0
m2409,DCE,13:39:21.249#,3157.0,3180.0,3138.0,3315.0,2941.0,885827,1428462.0,3159.0,691,3160.0,1525,3161.0,592,3162.0,1001,3163.0,800,3164.0,760,3165.0,601,3166.0,1281,3167.0,459,3168.0,971,3164.0
m2409,DCE,13:39:21.495#,3157.0,3180.0,3138.0,3315.0,2941.0,885832,1428462.0,3159.0,691,3160.0,1525,3161.0,592,3162.0,1001,3163.0,795,3164.0,760,3165.0,601,3166.0,1281,3167.0,459,3168.0,971,3163.0
m2409,DCE,13:39:21.783#,3157.0,3180.0,3138.0,3315.0,2941.0,885832,1428462.0,3159.0,691,3160.0,1525,3161.0,592,3162.0,1001,3163.0,800,3164.0,761,3165.0,601,3166.0,1281,3167.0,459,3168.0,971,3163.0
m2409,DCE,13:39:22.197#,3157.0,3180.0,3138.0,3315.0,2941.0,885833,1428461.0,3159.0,691,3160.0,1525,3161.0,592,3162.0,1001,3163.0,800,3164.0,760,3165.0,601,3166.0,1281,3167.0,459,3168.0,971,3164.0
m2409,DCE,13:39:22.341#,3157.0,3180.0,3138.0,3315.0,2941.0,885834,1428461.0,3159.0,691,3160.0,1525,3161.0,592,3162.0,1001,3163.0,799,3164.0,760,3165.0,601,3166.0,1281,3167.0,459,3168.0,971,3163.0
m2409,DCE,13:39:23.64#,3157.0,3180.0,3138.0,3315.0,2941.0,885834,1428461.0,3159.0,691,3160.0,1525,3161.0,592,3162.0,1001,3163.0,818,3164.0,760,3165.0,601,3166.0,1281,3167.0,459,3168.0,971,3163.0
m2409,DCE,13:39:23.276#,3157.0,3180.0,3138.0,3315.0,2941.0,885836,1428459.0,3159.0,691,3160.0,1525,3161.0,592,3162.0,1001,3163.0,818,3164.0,758,3165.0,601,3166.0,1281,3167.0,469,3168.0,971,3164.0
m2409,DCE,13:39:23.539#,3157.0,3180.0,3138.0,3315.0,2941.0,885836,1428459.0,3159.0,691,3160.0,1525,3161.0,592,3162.0,1001,3163.0,811,3164.0,758,3165.0,601,3166.0,1281,3167.0,469,3168.0,971,3164.0
m2409,DCE,13:39:23.801#,3157.0,3180.0,3138.0,3315.0,2941.0,885837,1428460.0,3159.0,691,3160.0,1525,3161.0,592,3162.0,1001,3163.0,810,3164.0,759,3165.0,601,3166.0,1281,3167.0,469,3168.0,971,3163.0
m2409,DCE,13:39:24.53#,3157.0,3180.0,3138.0,3315.0,2941.0,885837,1428460.0,3159.0,691,3160.0,1525,3161.0,592,3162.0,993,3163.0,812,3164.0,760,3165.0,601,3166.0,1281,3167.0,469,3168.0,971,3163.0
m2409,DCE,13:39:24.251#,3157.0,3180.0,3138.0,3315.0,2941.0,885857,1428470.0,3159.0,691,3160.0,1525,3161.0,592,3162.0,998,3163.0,793,3164.0,750,3165.0,601,3166.0,1281,3167.0,469,3168.0,971,3163.0
m2409,DCE,13:39:24.413#,3157.0,3180.0,3138.0,3315.0,2941.0,885857,1428470.0,3159.0,691,3160.0,1525,3161.0,595,3162.0,998,3163.0,793,3164.0,750,3165.0,601,3166.0,1281,3167.0,470,3168.0,971,3163.0
m2409,DCE,13:39:24.682#,3157.0,3180.0,3138.0,3315.0,2941.0,885858,1428469.0,3159.0,691,3160.0,1525,3161.0,595,3162.0,998,3163.0,793,3164.0,750,3165.0,601,3166.0,1281,3167.0,470,3168.0,971,3164.0
m2409,DCE,13:39:24.862#,3157.0,3180.0,3138.0,3315.0,2941.0,885858,1428469.0,3159.0,691,3160.0,1525,3161.0,595,3162.0,998,3163.0,793,3164.0,750,3165.0,601,3166.0,1281,3167.0,468,3168.0,971,3164.0
m2409,DCE,13:39:25.217#,3157.0,3180.0,3138.0,3315.0,2941.0,885858,1428469.0,3159.0,691,3160.0,1525,3161.0,595,3162.0,998,3163.0,794,3164.0,750,3165.0,601,3166.0,1281,3167.0,468,3168.0,971,3164.0
m2409,DCE,13:39:25.642#,3157.0,3180.0,3138.0,3315.0,2941.0,885860,1428469.0,3159.0,691,3160.0,1525,3161.0,595,3162.0,998,3163.0,792,3164.0,750,3165.0,601,3166.0,1281,3167.0,468,3168.0,971,3163.0
m2409,DCE,13:39:26.61#,3157.0,3180.0,3138.0,3315.0,2941.0,885860,1428469.0,3159.0,691,3160.0,1525,3161.0,595,3162.0,948,3163.0,842,3164.0,750,3165.0,601,3166.0,1281,3167.0,468,3168.0,971,3163.0
m2409,DCE,13:39:26.304#,3157.0,3180.0,3138.0,3315.0,2941.0,885892,1428458.0,3159.0,691,3160.0,1525,3161.0,595,3162.0,948,3163.0,841,3164.0,718,3165.0,601,3166.0,1280,3167.0,468,3168.0,971,3164.0
m2409,DCE,13:39:26.531#,3157.0,3180.0,3138.0,3315.0,2941.0,885892,1428458.0,3159.0,691,3160.0,1525,3161.0,595,3162.0,948,3163.0,841,3164.0,716,3165.0,601,3166.0,1280,3167.0,468,3168.0,971,3164.0
m2409,DCE,13:39:27.43#,3157.0,3180.0,3138.0,3315.0,2941.0,885912,1428477.0,3159.0,691,3160.0,1525,3161.0,595,3162.0,948,3163.0,841,3164.0,698,3165.0,601,3166.0,1280,3167.0,468,3168.0,971,3163.0
m2409,DCE,13:39:27.261#,3157.0,3180.0,3138.0,3315.0,2941.0,885913,1428476.0,3159.0,691,3160.0,1525,3161.0,595,3162.0,948,3163.0,824,3164.0,696,3165.0,601,3166.0,1280,3167.0,468,3168.0,971,3164.0
m2409,DCE,13:39:27.543#,3157.0,3180.0,3138.0,3315.0,2941.0,885919,1428477.0,3159.0,691,3160.0,1525,3161.0,595,3162.0,994,3163.0,790,3164.0,741,3165.0,460,3166.0,1280,3167.0,468,3168.0,971,3163.0
m2409,DCE,13:39:27.810#,3157.0,3180.0,3138.0,3315.0,2941.0,886730,1428290.0,3158.0,1245,3159.0,691,3160.0,1525,3161.0,600,3162.0,1004,3163.0,349,3164.0,755,3165.0,643,3166.0,1280,3167.0,468,3163.0
m2409,DCE,13:39:28.10#,3157.0,3180.0,3138.0,3315.0,2941.0,886816,1428284.0,3158.0,1247,3159.0,691,3160.0,1525,3161.0,612,3162.0,967,3163.0,348,3164.0,834,3165.0,429,3166.0,1277,3167.0,468,3163.0
m2409,DCE,13:39:28.283#,3157.0,3180.0,3138.0,3315.0,2941.0,886846,1428291.0,3158.0,1247,3159.0,691,3160.0,1525,3161.0,614,3162.0,938,3163.0,354,3164.0,622,3165.0,429,3166.0,1277,3167.0,468,3163.0
m2409,DCE,13:39:28.508#,3157.0,3180.0,3138.0,3315.0,2941.0,886868,1428307.0,3158.0,1247,3159.0,691,3160.0,1525,3161.0,614,3162.0,936,3163.0,351,3164.0,619,3165.0,429,3166.0,1277,3167.0,468,3163.0
m2409,DCE,13:39:28.798#,3157.0,3180.0,3138.0,3315.0,2941.0,886868,1428307.0,3158.0,1247,3159.0,691,3160.0,1525,3161.0,614,3162.0,933,3163.0,623,3164.0,641,3165.0,429,3166.0,1317,3167.0,468,3163.0
m2409,DCE,13:39:28.942#,3157.0,3180.0,3138.0,3315.0,2941.0,886876,1428315.0,3158.0,1247,3159.0,691,3160.0,1527,3161.0,614,3162.0,908,3163.0,635,3164.0,633,3165.0,429,3166.0,1317,3167.0,468,3163.0
m2409,DCE,13:39:29.93#,3157.0,3180.0,3138.0,3315.0,2941.0,886876,1428315.0,3158.0,1247,3159.0,691,3160.0,1527,3161.0,614,3162.0,908,3163.0,636,3164.0,633,3165.0,429,3166.0,1317,3167.0,468,3163.0
m2409,DCE,13:39:29.541#,3157.0,3180.0,3138.0,3315.0,2941.0,886876,1428315.0,3158.0,1247,3159.0,691,3160.0,1527,3161.0,614,3162.0,908,3163.0,636,3164.0,631,3165.0,431,3166.0,1316,3167.0,468,3163.0
m2409,DCE,13:39:29.766#,3157.0,3180.0,3138.0,3315.0,2941.0,886878,1428316.0,3158.0,1247,3159.0,691,3160.0,1527,3161.0,614,3162.0,908,3163.0,646,3164.0,633,3165.0,431,3166.0,1316,3167.0,468,3163.0
m2409,DCE,13:39:30.51#,3157.0,3180.0,3138.0,3315.0,2941.0,886886,1428322.0,3158.0,1247,3159.0,691,3160.0,1527,3161.0,614,3162.0,928,3163.0,639,3164.0,633,3165.0,431,3166.0,1316,3167.0,468,3163.0
m2409,DCE,13:39:30.269#,3157.0,3180.0,3138.0,3315.0,2941.0,886886,1428322.0,3158.0,1247,3159.0,691,3160.0,1527,3161.0,615,3162.0,937,3163.0,687,3164.0,622,3165.0,431,3166.0,1316,3167.0,468,3163.0
m2409,DCE,13:39:30.569#,3157.0,3180.0,3138.0,3315.0,2941.0,886949,1428322.0,3158.0,1247,3159.0,691,3160.0,1527,3161.0,615,3162.0,875,3163.0,666,3164.0,622,3165.0,381,3166.0,1316,3167.0,468,3162.0
m2409,DCE,13:39:30.755#,3157.0,3180.0,3138.0,3315.0,2941.0,886957,1428315.0,3158.0,1247,3159.0,691,3160.0,1527,3161.0,615,3162.0,870,3163.0,666,3164.0,674,3165.0,385,3166.0,1316,3167.0,468,3162.0
m2409,DCE,13:39:30.952#,3157.0,3180.0,3138.0,3315.0,2941.0,886957,1428315.0,3158.0,1247,3159.0,691,3160.0,1527,3161.0,615,3162.0,870,3163.0,668,3164.0,674,3165.0,385,3166.0,1316,3167.0,468,3162.0
m2409,DCE,13:39:31.237#,3157.0,3180.0,3138.0,3315.0,2941.0,886958,1428315.0,3158.0,1247,3159.0,691,3160.0,1527,3161.0,615,3162.0,880,3163.0,667,3164.0,674,3165.0,385,3166.0,1316,3167.0,468,3163.0
m2409,DCE,13:39:31.509#,3157.0,3180.0,3138.0,3315.0,2941.0,886962,1428315.0,3158.0,1247,3159.0,691,3160.0,1527,3161.0,615,3162.0,685,3163.0,663,3164.0,672,3165.0,385,3166.0,1316,3167.0,468,3163.0
m2409,DCE,13:39:31.785#,3157.0,3180.0,3138.0,3315.0,2941.0,886962,1428315.0,3158.0,1247,3159.0,692,3160.0,1527,3161.0,615,3162.0,684,3163.0,662,3164.0,672,3165.0,385,3166.0,1316,3167.0,468,3163.0
m2409,DCE,13:39:32.64#,3157.0,3180.0,3138.0,3315.0,2941.0,886962,1428315.0,3158.0,1247,3159.0,692,3160.0,1527,3161.0,615,3162.0,618,3163.0,664,3164.0,681,3165.0,385,3166.0,1316,3167.0,468,3163.0
m2409,DCE,13:39:32.290#,3157.0,3180.0,3138.0,3315.0,2941.0,887223,1428332.0,3158.0,1247,3159.0,692,3160.0,1527,3161.0,615,3162.0,402,3163.0,619,3164.0,681,3165.0,385,3166.0,1315,3167.0,468,3163.0
m2409,DCE,13:39:32.488#,3157.0,3180.0,3138.0,3315.0,2941.0,887247,1428346.0,3158.0,1247,3159.0,692,3160.0,1527,3161.0,615,3162.0,379,3163.0,617,3164.0,747,3165.0,386,3166.0,1315,3167.0,468,3162.0
m2409,DCE,13:39:32.796#,3157.0,3180.0,3138.0,3315.0,2941.0,887254,1428353.0,3158.0,1247,3159.0,692,3160.0,1527,3161.0,615,3162.0,372,3163.0,618,3164.0,747,3165.0,386,3166.0,1315,3167.0,468,3162.0
m2409,DCE,13:39:32.994#,3157.0,3180.0,3138.0,3315.0,2941.0,887265,1428359.0,3158.0,1247,3159.0,692,3160.0,1527,3161.0,615,3162.0,362,3163.0,618,3164.0,747,3165.0,386,3166.0,1315,3167.0,468,3162.0
m2409,DCE,13:39:33.261#,3157.0,3180.0,3138.0,3315.0,2941.0,887266,1428358.0,3158.0,1247,3159.0,692,3160.0,1527,3161.0,615,3162.0,368,3163.0,617,3164.0,748,3165.0,386,3166.0,1315,3167.0,468,3163.0
m2409,DCE,13:39:33.543#,3157.0,3180.0,3138.0,3315.0,2941.0,887278,1428358.0,3158.0,1247,3159.0,692,3160.0,1527,3161.0,615,3162.0,358,3163.0,618,3164.0,698,3165.0,384,3166.0,1316,3167.0,468,3162.0
m2409,DCE,13:39:33.798#,3157.0,3180.0,3138.0,3315.0,2941.0,887278,1428358.0,3158.0,1247,3159.0,692,3160.0,1527,3161.0,616,3162.0,358,3163.0,632,3164.0,684,3165.0,384,3166.0,1315,3167.0,468,3162.0
m2409,DCE,13:39:34.42#,3157.0,3180.0,3138.0,3315.0,2941.0,887291,1428369.0,3158.0,1247,3159.0,692,3160.0,1527,3161.0,616,3162.0,347,3163.0,630,3164.0,683,3165.0,384,3166.0,1315,3167.0,468,3162.0
m2409,DCE,13:39:34.233#,3157.0,3180.0,3138.0,3315.0,2941.0,887313,1428353.0,3158.0,1247,3159.0,692,3160.0,1527,3161.0,616,3162.0,344,3163.0,612,3164.0,683,3165.0,384,3166.0,1315,3167.0,468,3162.0
m2409,DCE,13:39:34.570#,3157.0,3180.0,3138.0,3315.0,2941.0,887336,1428342.0,3158.0,1247,3159.0,692,3160.0,1527,3161.0,616,3162.0,323,3163.0,624,3164.0,683,3165.0,384,3166.0,1315,3167.0,468,3162.0
m2409,DCE,13:39:34.683#,3157.0,3180.0,3138.0,3315.0,2941.0,887337,1428341.0,3158.0,1247,3159.0,692,3160.0,1527,3161.0,616,3162.0,323,3163.0,623,3164.0,703,3165.0,384,3166.0,1316,3167.0,468,3163.0
m2409,DCE,13:39:34.919#,3157.0,3180.0,3138.0,3315.0,2941.0,887337,1428341.0,3158.0,1247,3159.0,692,3160.0,1527,3161.0,616,3162.0,323,3163.0,624,3164.0,703,3165.0,384,3166.0,1316,3167.0,468,3163.0
m2409,DCE,13:39:35.304#,3157.0,3180.0,3138.0,3315.0,2941.0,887378,1428372.0,3158.0,1247,3159.0,692,3160.0,1527,3161.0,611,3162.0,252,3163.0,624,3164.0,752,3165.0,385,3166.0,1315,3167.0,468,3162.0
m2409,DCE,13:39:35.553#,3157.0,3180.0,3138.0,3315.0,2941.0,887629,1428527.0,3157.0,556,3158.0,1247,3159.0,692,3160.0,1527,3161.0,703,3162.0,94,3163.0,626,3164.0,794,3165.0,389,3166.0,1315,3162.0
m2409,DCE,13:39:35.820#,3157.0,3180.0,3138.0,3315.0,2941.0,887670,1428541.0,3157.0,579,3158.0,1247,3159.0,692,3160.0,1539,3161.0,664,3162.0,289,3163.0,636,3164.0,699,3165.0,406,3166.0,1315,3162.0
m2409,DCE,13:39:36.70#,3157.0,3180.0,3138.0,3315.0,2941.0,887671,1428542.0,3157.0,579,3158.0,1247,3159.0,692,3160.0,1666,3161.0,535,3162.0,305,3163.0,635,3164.0,838,3165.0,407,3166.0,1315,3162.0
m2409,DCE,13:39:36.316#,3157.0,3180.0,3138.0,3315.0,2941.0,887671,1428542.0,3157.0,579,3158.0,1246,3159.0,692,3160.0,1667,3161.0,546,3162.0,315,3163.0,649,3164.0,651,3165.0,408,3166.0,1315,3162.0
m2409,DCE,13:39:36.566#,3157.0,3180.0,3138.0,3315.0,2941.0,887672,1428543.0,3157.0,579,3158.0,1246,3159.0,692,3160.0,1667,3161.0,545,3162.0,315,3163.0,665,3164.0,797,3165.0,408,3166.0,1315,3162.0
m2409,DCE,13:39:36.778#,3157.0,3180.0,3138.0,3315.0,2941.0,887672,1428543.0,3157.0,579,3158.0,1246,3159.0,692,3160.0,1667,3161.0,542,3162.0,351,3163.0,713,3164.0,733,3165.0,408,3166.0,1315,3162.0
m2409,DCE,13:39:36.987#,3157.0,3180.0,3138.0,3315.0,2941.0,887672,1428543.0,3157.0,579,3158.0,1246,3159.0,692,3160.0,1667,3161.0,542,3162.0,366,3163.0,713,3164.0,733,3165.0,408,3166.0,1315,3162.0
m2409,DCE,13:39:37.305#,3157.0,3180.0,3138.0,3315.0,2941.0,887673,1428543.0,3157.0,579,3158.0,1246,3159.0,692,3160.0,1666,3161.0,543,3162.0,366,3163.0,713,3164.0,735,3165.0,408,3166.0,1315,3162.0
m2409,DCE,13:39:37.552#,3157.0,3180.0,3138.0,3315.0,2941.0,887673,1428543.0,3157.0,579,3158.0,1254,3159.0,692,3160.0,1666,3161.0,543,3162.0,375,3163.0,690,3164.0,592,3165.0,408,3166.0,1315,3162.0
m2409,DCE,13:39:37.819#,3157.0,3180.0,3138.0,3315.0,2941.0,887684,1428543.0,3157.0,579,3158.0,1254,3159.0,692,3160.0,1666,3161.0,533,3162.0,355,3163.0,690,3164.0,591,3165.0,408,3166.0,1315,3161.0
m2409,DCE,13:39:38.70#,3157.0,3180.0,3138.0,3315.0,2941.0,887684,1428543.0,3157.0,579,3158.0,1254,3159.0,692,3160.0,1666,3161.0,589,3162.0,354,3163.0,691,3164.0,576,3165.0,408,3166.0,1314,3161.0
m2409,DCE,13:39:38.317#,3157.0,3180.0,3138.0,3315.0,2941.0,887700,1428538.0,3157.0,579,3158.0,1254,3159.0,692,3160.0,1666,3161.0,575,3162.0,345,3163.0,686,3164.0,575,3165.0,408,3166.0,1311,3161.0
m2409,DCE,13:39:38.450#,3157.0,3180.0,3138.0,3315.0,2941.0,887713,1428535.0,3157.0,579,3158.0,1254,3159.0,692,3160.0,1666,3161.0,571,3162.0,335,3163.0,688,3164.0,575,3165.0,407,3166.0,1311,3162.0
m2409,DCE,13:39:38.778#,3157.0,3180.0,3138.0,3315.0,2941.0,887713,1428535.0,3157.0,579,3158.0,1254,3159.0,692,3160.0,1667,3161.0,570,3162.0,334,3163.0,689,3164.0,574,3165.0,407,3166.0,1311,3162.0
m2409,DCE,13:39:38.970#,3157.0,3180.0,3138.0,3315.0,2941.0,887723,1428525.0,3157.0,579,3158.0,1254,3159.0,692,3160.0,1667,3161.0,560,3162.0,336,3163.0,693,3164.0,546,3165.0,376,3166.0,1250,3161.0
m2409,DCE,13:39:39.237#,3157.0,3180.0,3138.0,3315.0,2941.0,887733,1428515.0,3157.0,579,3158.0,1255,3159.0,692,3160.0,1637,3161.0,550,3162.0,348,3163.0,693,3164.0,546,3165.0,376,3166.0,1250,3161.0
m2409,DCE,13:39:39.542#,3157.0,3180.0,3138.0,3315.0,2941.0,887733,1428515.0,3157.0,579,3158.0,1255,3159.0,692,3160.0,1637,3161.0,551,3162.0,348,3163.0,693,3164.0,546,3165.0,375,3166.0,1250,3161.0
m2409,DCE,13:39:39.802#,3157.0,3180.0,3138.0,3315.0,2941.0,887736,1428512.0,3157.0,579,3158.0,1255,3159.0,692,3160.0,1637,3161.0,551,3162.0,345,3163.0,693,3164.0,546,3165.0,375,3166.0,1250,3162.0
m2409,DCE,13:39:40.21#,3157.0,3180.0,3138.0,3315.0,2941.0,887737,1428512.0,3157.0,579,3158.0,1255,3159.0,692,3160.0,1637,3161.0,550,3162.0,338,3163.0,693,3164.0,546,3165.0,375,3166.0,1250,3161.0
m2409,DCE,13:39:40.263#,3157.0,3180.0,3138.0,3315.0,2941.0,887745,1428508.0,3157.0,579,3158.0,1255,3159.0,692,3160.0,1637,3161.0,541,3162.0,338,3163.0,692,3164.0,546,3165.0,375,3166.0,1250,3161.0
m2409,DCE,13:39:40.338#,3157.0,3180.0,3138.0,3315.0,2941.0,887746,1428508.0,3157.0,579,3158.0,1255,3159.0,692,3160.0,1637,3161.0,541,3162.0,348,3163.0,692,3164.0,546,3165.0,375,3166.0,1250,3161.0
m2409,DCE,13:39:40.750#,3157.0,3180.0,3138.0,3315.0,2941.0,887757,1428498.0,3157.0,579,3158.0,1255,3159.0,692,3160.0,1637,3161.0,530,3162.0,348,3163.0,691,3164.0,546,3165.0,375,3166.0,1230,3161.0
m2409,DCE,13:39:41.48#,3157.0,3180.0,3138.0,3315.0,2941.0,887758,1428497.0,3157.0,579,3158.0,1255,3159.0,692,3160.0,1637,3161.0,529,3162.0,349,3163.0,709,3164.0,543,3165.0,375,3166.0,1230,3161.0
m2409,DCE,13:39:41.220#,3157.0,3180.0,3138.0,3315.0,2941.0,887884,1428426.0,3157.0,579,3158.0,1255,3159.0,692,3160.0,1637,3161.0,405,3162.0,360,3163.0,700,3164.0,543,3165.0,375,3166.0,1230,3161.0
m2409,DCE,13:39:41.430#,3157.0,3180.0,3138.0,3315.0,2941.0,887884,1428426.0,3157.0,579,3158.0,1255,3159.0,698,3160.0,1637,3161.0,383,3162.0,388,3163.0,703,3164.0,543,3165.0,375,3166.0,1230,3161.0
m2409,DCE,13:39:41.758#,3157.0,3180.0,3138.0,3315.0,2941.0,887884,1428426.0,3157.0,579,3158.0,1255,3159.0,698,3160.0,1637,3161.0,384,3162.0,391,3163.0,703,3164.0,527,3165.0,375,3166.0,1230,3161.0
m2409,DCE,13:39:41.910#,3157.0,3180.0,3138.0,3315.0,2941.0,887899,1428426.0,3157.0,579,3158.0,1255,3159.0,698,3160.0,1637,3161.0,384,3162.0,376,3163.0,686,3164.0,527,3165.0,375,3166.0,1230,3162.0
m2409,DCE,13:39:42.263#,3157.0,3180.0,3138.0,3315.0,2941.0,887901,1428425.0,3157.0,579,3158.0,1256,3159.0,698,3160.0,1637,3161.0,403,3162.0,377,3163.0,686,3164.0,527,3165.0,375,3166.0,1230,3161.0
m2409,DCE,13:39:42.455#,3157.0,3180.0,3138.0,3315.0,2941.0,887901,1428425.0,3157.0,579,3158.0,1256,3159.0,698,3160.0,1637,3161.0,415,3162.0,377,3163.0,681,3164.0,527,3165.0,375,3166.0,1230,3161.0
m2409,DCE,13:39:42.677#,3157.0,3180.0,3138.0,3315.0,2941.0,887906,1428429.0,3157.0,574,3158.0,1256,3159.0,698,3160.0,1637,3161.0,411,3162.0,377,3163.0,681,3164.0,527,3165.0,375,3166.0,1230,3162.0
m2409,DCE,13:39:43.2#,3157.0,3180.0,3138.0,3315.0,2941.0,887911,1428433.0,3157.0,574,3158.0,1256,3159.0,698,3160.0,1637,3161.0,411,3162.0,373,3163.0,684,3164.0,527,3165.0,375,3166.0,1230,3162.0
m2409,DCE,13:39:43.319#,3157.0,3180.0,3138.0,3315.0,2941.0,887915,1428434.0,3157.0,574,3158.0,1256,3159.0,698,3160.0,1637,3161.0,414,3162.0,372,3163.0,684,3164.0,527,3165.0,378,3166.0,1230,3162.0
m2409,DCE,13:39:43.545#,3157.0,3180.0,3138.0,3315.0,2941.0,887915,1428434.0,3157.0,574,3158.0,1256,3159.0,698,3160.0,1637,3161.0,414,3162.0,372,3163.0,695,3164.0,528,3165.0,368,3166.0,1230,3162.0
m2409,DCE,13:39:43.778#,3157.0,3180.0,3138.0,3315.0,2941.0,887915,1428434.0,3157.0,574,3158.0,1256,3159.0,698,3160.0,1637,3161.0,412,3162.0,392,3163.0,662,3164.0,528,3165.0,368,3166.0,1230,3162.0
m2409,DCE,13:39:43.830#,3157.0,3180.0,3138.0,3315.0,2941.0,887915,1428434.0,3157.0,574,3158.0,1256,3159.0,698,3160.0,1637,3161.0,412,3162.0,394,3163.0,662,3164.0,528,3165.0,368,3166.0,1230,3162.0
m2409,DCE,13:39:44.298#,3157.0,3180.0,3138.0,3315.0,2941.0,887921,1428434.0,3157.0,574,3158.0,1256,3159.0,698,3160.0,1637,3161.0,418,3162.0,410,3163.0,662,3164.0,526,3165.0,368,3166.0,1230,3161.0
m2409,DCE,13:39:44.540#,3157.0,3180.0,3138.0,3315.0,2941.0,887921,1428434.0,3157.0,574,3158.0,1256,3159.0,698,3160.0,1637,3161.0,416,3162.0,401,3163.0,662,3164.0,526,3165.0,368,3166.0,1230,3161.0
m2409,DCE,13:39:44.735#,3157.0,3180.0,3138.0,3315.0,2941.0,887921,1428434.0,3157.0,574,3158.0,1256,3159.0,698,3160.0,1637,3161.0,417,3162.0,414,3163.0,662,3164.0,526,3165.0,368,3166.0,1230,3161.0
m2409,DCE,13:39:45.43#,3157.0,3180.0,3138.0,3315.0,2941.0,887922,1428435.0,3157.0,574,3158.0,1256,3159.0,698,3160.0,1637,3161.0,416,3162.0,414,3163.0,662,3164.0,526,3165.0,368,3166.0,1230,3162.0
m2409,DCE,13:39:45.258#,3157.0,3180.0,3138.0,3315.0,2941.0,887922,1428435.0,3157.0,574,3158.0,1257,3159.0,699,3160.0,1637,3161.0,435,3162.0,414,3163.0,662,3164.0,473,3165.0,368,3166.0,1230,3162.0
m2409,DCE,13:39:45.480#,3157.0,3180.0,3138.0,3315.0,2941.0,887942,1428432.0,3157.0,574,3158.0,1257,3159.0,700,3160.0,1636,3161.0,412,3162.0,414,3163.0,662,3164.0,473,3165.0,368,3166.0,1230,3161.0
m2409,DCE,13:39:45.741#,3157.0,3180.0,3138.0,3315.0,2941.0,887945,1428432.0,3157.0,574,3158.0,1252,3159.0,700,3160.0,1636,3161.0,410,3162.0,422,3163.0,662,3164.0,473,3165.0,368,3166.0,1230,3162.0
m2409,DCE,13:39:45.996#,3157.0,3180.0,3138.0,3315.0,2941.0,887945,1428432.0,3157.0,574,3158.0,1252,3159.0,700,3160.0,1636,3161.0,409,3162.0,425,3163.0,662,3164.0,471,3165.0,368,3166.0,1230,3162.0
m2409,DCE,13:39:46.314#,3157.0,3180.0,3138.0,3315.0,2941.0,887945,1428432.0,3157.0,574,3158.0,1252,3159.0,700,3160.0,1634,3161.0,407,3162.0,427,3163.0,662,3164.0,468,3165.0,368,3166.0,1230,3162.0
m2409,DCE,13:39:46.565#,3157.0,3180.0,3138.0,3315.0,2941.0,887946,1428433.0,3157.0,574,3158.0,1252,3159.0,700,3160.0,1636,3161.0,413,3162.0,426,3163.0,662,3164.0,468,3165.0,368,3166.0,1230,3162.0
m2409,DCE,13:39:47.70#,3157.0,3180.0,3138.0,3315.0,2941.0,887947,1428434.0,3157.0,574,3158.0,1253,3159.0,700,3160.0,1635,3161.0,410,3162.0,425,3163.0,663,3164.0,468,3165.0,368,3166.0,1230,3162.0
m2409,DCE,13:39:47.277#,3157.0,3180.0,3138.0,3315.0,2941.0,887970,1428433.0,3157.0,574,3158.0,1253,3159.0,700,3160.0,1636,3161.0,389,3162.0,426,3163.0,663,3164.0,468,3165.0,368,3166.0,1230,3161.0
m2409,DCE,13:39:47.572#,3157.0,3180.0,3138.0,3315.0,2941.0,887971,1428433.0,3157.0,574,3158.0,1253,3159.0,701,3160.0,1636,3161.0,465,3162.0,448,3163.0,673,3164.0,463,3165.0,368,3166.0,1230,3161.0
m2409,DCE,13:39:47.714#,3157.0,3180.0,3138.0,3315.0,2941.0,887993,1428450.0,3157.0,574,3158.0,1253,3159.0,701,3160.0,1636,3161.0,467,3162.0,449,3163.0,683,3164.0,463,3165.0,368,3166.0,1230,3161.0
m2409,DCE,13:39:48.64#,3157.0,3180.0,3138.0,3315.0,2941.0,887995,1428448.0,3157.0,574,3158.0,1253,3159.0,702,3160.0,1636,3161.0,506,3162.0,449,3163.0,683,3164.0,462,3165.0,368,3166.0,1230,3161.0
m2409,DCE,13:39:48.230#,3157.0,3180.0,3138.0,3315.0,2941.0,887997,1428448.0,3157.0,574,3158.0,1253,3159.0,702,3160.0,1636,3161.0,506,3162.0,447,3163.0,682,3164.0,462,3165.0,368,3166.0,1230,3162.0
m2409,DCE,13:39:48.564#,3157.0,3180.0,3138.0,3315.0,2941.0,887998,1428449.0,3157.0,574,3158.0,1253,3159.0,702,3160.0,1636,3161.0,542,3162.0,436,3163.0,682,3164.0,462,3165.0,368,3166.0,1230,3162.0
m2409,DCE,13:39:48.778#,3157.0,3180.0,3138.0,3315.0,2941.0,888417,1428251.0,3158.0,1253,3159.0,702,3160.0,1636,3161.0,546,3162.0,414,3163.0,677,3164.0,417,3165.0,368,3166.0,1230,3167.0,513,3162.0
m2409,DCE,13:39:49.67#,3157.0,3180.0,3138.0,3315.0,2941.0,888469,1428251.0,3158.0,1254,3159.0,702,3160.0,1503,3161.0,522,3162.0,492,3163.0,571,3164.0,390,3165.0,546,3166.0,1229,3167.0,514,3162.0
m2409,DCE,13:39:49.317#,3157.0,3180.0,3138.0,3315.0,2941.0,888475,1428246.0,3158.0,1254,3159.0,702,3160.0,1503,3161.0,563,3162.0,550,3163.0,554,3164.0,391,3165.0,541,3166.0,1229,3167.0,514,3162.0
m2409,DCE,13:39:49.566#,3157.0,3180.0,3138.0,3315.0,2941.0,888479,1428242.0,3158.0,1254,3159.0,702,3160.0,1503,3161.0,558,3162.0,571,3163.0,554,3164.0,391,3165.0,541,3166.0,1229,3167.0,514,3162.0
m2409,DCE,13:39:49.691#,3157.0,3180.0,3138.0,3315.0,2941.0,888479,1428242.0,3158.0,1254,3159.0,702,3160.0,1502,3161.0,559,3162.0,573,3163.0,554,3164.0,388,3165.0,541,3166.0,1229,3167.0,514,3162.0
m2409,DCE,13:39:50.72#,3157.0,3180.0,3138.0,3315.0,2941.0,888480,1428241.0,3158.0,1254,3159.0,702,3160.0,1503,3161.0,565,3162.0,574,3163.0,554,3164.0,388,3165.0,541,3166.0,1229,3167.0,514,3162.0
m2409,DCE,13:39:50.273#,3157.0,3180.0,3138.0,3315.0,2941.0,888480,1428241.0,3158.0,1255,3159.0,702,3160.0,1502,3161.0,551,3162.0,576,3163.0,552,3164.0,387,3165.0,541,3166.0,1228,3167.0,514,3162.0
m2409,DCE,13:39:50.566#,3157.0,3180.0,3138.0,3315.0,2941.0,888556,1428219.0,3158.0,1255,3159.0,702,3160.0,1502,3161.0,554,3162.0,529,3163.0,552,3164.0,387,3165.0,541,3166.0,1228,3167.0,514,3162.0
m2409,DCE,13:39:50.734#,3157.0,3180.0,3138.0,3315.0,2941.0,888557,1428218.0,3158.0,1255,3159.0,702,3160.0,1502,3161.0,554,3162.0,531,3163.0,551,3164.0,387,3165.0,541,3166.0,1227,3167.0,514,3163.0
m2409,DCE,13:39:51.72#,3157.0,3180.0,3138.0,3315.0,2941.0,888571,1428204.0,3158.0,1255,3159.0,702,3160.0,1507,3161.0,553,3162.0,533,3163.0,534,3164.0,384,3165.0,541,3166.0,1227,3167.0,514,3163.0
m2409,DCE,13:39:51.316#,3157.0,3180.0,3138.0,3315.0,2941.0,888602,1428223.0,3158.0,1255,3159.0,701,3160.0,1507,3161.0,584,3162.0,504,3163.0,533,3164.0,384,3165.0,541,3166.0,1227,3167.0,514,3163.0
m2409,DCE,13:39:51.572#,3157.0,3180.0,3138.0,3315.0,2941.0,888602,1428223.0,3158.0,1255,3159.0,701,3160.0,1557,3161.0,543,3162.0,505,3163.0,534,3164.0,383,3165.0,541,3166.0,1227,3167.0,514,3163.0
m2409,DCE,13:39:51.814#,3157.0,3180.0,3138.0,3315.0,2941.0,888603,1428222.0,3158.0,1255,3159.0,701,3160.0,1557,3161.0,544,3162.0,505,3163.0,533,3164.0,373,3165.0,526,3166.0,1227,3167.0,514,3163.0
m2409,DCE,13:39:52.66#,3157.0,3180.0,3138.0,3315.0,2941.0,888603,1428222.0,3158.0,1255,3159.0,701,3160.0,1557,3161.0,544,3162.0,504,3163.0,538,3164.0,372,3165.0,541,3166.0,1227,3167.0,514,3163.0
m2409,DCE,13:39:52.310#,3157.0,3180.0,3138.0,3315.0,2941.0,888922,1427992.0,3158.0,1255,3159.0,701,3160.0,1557,3161.0,544,3162.0,182,3163.0,538,3164.0,372,3165.0,541,3166.0,1227,3167.0,514,3162.0
m2409,DCE,13:39:52.482#,3157.0,3180.0,3138.0,3315.0,2941.0,888932,1427994.0,3158.0,1255,3159.0,701,3160.0,1557,3161.0,600,3162.0,143,3163.0,544,3164.0,365,3165.0,368,3166.0,1227,3167.0,514,3162.0
m2409,DCE,13:39:52.697#,3157.0,3180.0,3138.0,3315.0,2941.0,888934,1427994.0,3158.0,1255,3159.0,701,3160.0,1557,3161.0,599,3162.0,152,3163.0,540,3164.0,388,3165.0,368,3166.0,1227,3167.0,514,3163.0
m2409,DCE,13:39:52.972#,3157.0,3180.0,3138.0,3315.0,2941.0,888934,1427994.0,3158.0,1255,3159.0,701,3160.0,1566,3161.0,599,3162.0,252,3163.0,550,3164.0,385,3165.0,368,3166.0,1227,3167.0,514,3163.0
m2409,DCE,13:39:53.276#,3157.0,3180.0,3138.0,3315.0,2941.0,888940,1428000.0,3158.0,1255,3159.0,701,3160.0,1566,3161.0,601,3162.0,275,3163.0,549,3164.0,385,3165.0,368,3166.0,1227,3167.0,514,3162.0
m2409,DCE,13:39:53.442#,3157.0,3180.0,3138.0,3315.0,2941.0,888943,1428003.0,3158.0,1255,3159.0,701,3160.0,1566,3161.0,601,3162.0,294,3163.0,549,3164.0,385,3165.0,368,3166.0,1227,3167.0,514,3162.0
m2409,DCE,13:39:53.821#,3157.0,3180.0,3138.0,3315.0,2941.0,888947,1428007.0,3158.0,1255,3159.0,701,3160.0,1566,3161.0,602,3162.0,309,3163.0,549,3164.0,365,3165.0,368,3166.0,1227,3167.0,514,3162.0
m2409,DCE,13:39:54.59#,3157.0,3180.0,3138.0,3315.0,2941.0,889048,1427940.0,3158.0,1255,3159.0,701,3160.0,1566,3161.0,603,3162.0,209,3163.0,549,3164.0,367,3165.0,368,3166.0,1247,3167.0,514,3162.0
m2409,DCE,13:39:54.302#,3157.0,3180.0,3138.0,3315.0,2941.0,889051,1427939.0,3158.0,1255,3159.0,701,3160.0,1566,3161.0,604,3162.0,160,3163.0,560,3164.0,387,3165.0,368,3166.0,1247,3167.0,514,3162.0
m2409,DCE,13:39:54.434#,3157.0,3180.0,3138.0,3315.0,2941.0,889057,1427934.0,3158.0,1255,3159.0,701,3160.0,1566,3161.0,604,3162.0,220,3163.0,570,3164.0,389,3165.0,368,3166.0,1247,3167.0,514,3162.0
m2409,DCE,13:39:54.804#,3157.0,3180.0,3138.0,3315.0,2941.0,889057,1427934.0,3158.0,1255,3159.0,701,3160.0,1566,3161.0,835,3162.0,264,3163.0,558,3164.0,388,3165.0,368,3166.0,1247,3167.0,514,3162.0
m2409,DCE,13:39:54.870#,3157.0,3180.0,3138.0,3315.0,2941.0,889057,1427934.0,3158.0,1255,3159.0,701,3160.0,1566,3161.0,834,3162.0,295,3163.0,556,3164.0,388,3165.0,368,3166.0,1247,3167.0,514,3162.0
m2409,DCE,13:39:55.227#,3157.0,3180.0,3138.0,3315.0,2941.0,889058,1427933.0,3158.0,1255,3159.0,701,3160.0,1566,3161.0,835,3162.0,295,3163.0,555,3164.0,368,3165.0,368,3166.0,1247,3167.0,514,3163.0
m2409,DCE,13:39:55.544#,3157.0,3180.0,3138.0,3315.0,2941.0,889058,1427933.0,3158.0,1255,3159.0,701,3160.0,1566,3161.0,835,3162.0,295,3163.0,555,3164.0,368,3165.0,374,3166.0,1247,3167.0,514,3163.0
m2409,DCE,13:39:55.754#,3157.0,3180.0,3138.0,3315.0,2941.0,889058,1427933.0,3158.0,1255,3159.0,701,3160.0,1566,3161.0,837,3162.0,295,3163.0,559,3164.0,368,3165.0,374,3166.0,1247,3167.0,514,3163.0
m2409,DCE,13:39:55.966#,3157.0,3180.0,3138.0,3315.0,2941.0,889079,1427932.0,3158.0,1255,3159.0,701,3160.0,1566,3161.0,837,3162.0,310,3163.0,559,3164.0,368,3165.0,374,3166.0,1247,3167.0,514,3162.0
m2409,DCE,13:39:56.292#,3157.0,3180.0,3138.0,3315.0,2941.0,889087,1427933.0,3158.0,1255,3159.0,701,3160.0,1566,3161.0,838,3162.0,320,3163.0,554,3164.0,372,3165.0,374,3166.0,1247,3167.0,514,3163.0
m2409,DCE,13:39:56.458#,3157.0,3180.0,3138.0,3315.0,2941.0,889089,1427932.0,3158.0,1255,3159.0,701,3160.0,1566,3161.0,838,3162.0,318,3163.0,554,3164.0,372,3165.0,374,3166.0,1247,3167.0,514,3162.0
m2409,DCE,13:39:56.794#,3157.0,3180.0,3138.0,3315.0,2941.0,889090,1427932.0,3158.0,1255,3159.0,701,3160.0,1566,3161.0,837,3162.0,318,3163.0,549,3164.0,372,3165.0,374,3166.0,1247,3167.0,514,3162.0
m2409,DCE,13:39:56.999#,3157.0,3180.0,3138.0,3315.0,2941.0,889090,1427932.0,3158.0,1255,3159.0,701,3160.0,1566,3161.0,838,3162.0,318,3163.0,549,3164.0,372,3165.0,374,3166.0,1247,3167.0,514,3162.0
m2409,DCE,13:39:57.272#,3157.0,3180.0,3138.0,3315.0,2941.0,889093,1427929.0,3158.0,1256,3159.0,701,3160.0,1566,3161.0,838,3162.0,318,3163.0,547,3164.0,372,3165.0,374,3166.0,1247,3167.0,513,3162.0
m2409,DCE,13:39:57.486#,3157.0,3180.0,3138.0,3315.0,2941.0,889093,1427929.0,3158.0,1256,3159.0,701,3160.0,1566,3161.0,838,3162.0,327,3163.0,542,3164.0,372,3165.0,374,3166.0,1247,3167.0,513,3162.0
m2409,DCE,13:39:57.639#,3157.0,3180.0,3138.0,3315.0,2941.0,889093,1427929.0,3158.0,1256,3159.0,700,3160.0,1566,3161.0,838,3162.0,329,3163.0,542,3164.0,372,3165.0,374,3166.0,1247,3167.0,513,3162.0
m2409,DCE,13:39:58.49#,3157.0,3180.0,3138.0,3315.0,2941.0,889093,1427929.0,3158.0,1256,3159.0,700,3160.0,1566,3161.0,838,3162.0,329,3163.0,543,3164.0,372,3165.0,374,3166.0,1247,3167.0,513,3162.0
m2409,DCE,13:39:58.321#,3157.0,3180.0,3138.0,3315.0,2941.0,889094,1427929.0,3158.0,1256,3159.0,700,3160.0,1566,3161.0,845,3162.0,328,3163.0,542,3164.0,372,3165.0,374,3166.0,1247,3167.0,513,3162.0
m2409,DCE,13:39:58.776#,3157.0,3180.0,3138.0,3315.0,2941.0,889100,1427926.0,3158.0,1256,3159.0,700,3160.0,1566,3161.0,845,3162.0,326,3163.0,539,3164.0,371,3165.0,374,3166.0,1247,3167.0,513,3162.0
m2409,DCE,13:39:59.57#,3157.0,3180.0,3138.0,3315.0,2941.0,889100,1427926.0,3158.0,1256,3159.0,700,3160.0,1566,3161.0,845,3162.0,327,3163.0,539,3164.0,371,3165.0,374,3166.0,1247,3167.0,513,3162.0
m2409,DCE,13:39:59.240#,3157.0,3180.0,3138.0,3315.0,2941.0,889100,1427926.0,3158.0,1256,3159.0,700,3160.0,1566,3161.0,845,3162.0,327,3163.0,538,3164.0,381,3165.0,364,3166.0,1247,3167.0,513,3162.0
m2409,DCE,13:39:59.531#,3157.0,3180.0,3138.0,3315.0,2941.0,889101,1427926.0,3158.0,1256,3159.0,700,3160.0,1566,3161.0,844,3162.0,326,3163.0,539,3164.0,381,3165.0,364,3166.0,1247,3167.0,513,3162.0
m2409,DCE,13:39:59.805#,3157.0,3180.0,3138.0,3315.0,2941.0,889101,1427926.0,3158.0,1257,3159.0,700,3160.0,1566,3161.0,844,3162.0,329,3163.0,538,3164.0,383,3165.0,364,3166.0,1247,3167.0,513,3162.0
m2409,DCE,13:39:59.965#,3157.0,3180.0,3138.0,3315.0,2941.0,889104,1427923.0,3158.0,1257,3159.0,700,3160.0,1566,3161.0,848,3162.0,334,3163.0,548,3164.0,383,3165.0,364,3166.0,1247,3167.0,513,3162.0
m2409,DCE,13:40:00.321#,3157.0,3180.0,3138.0,3315.0,2941.0,889116,1427922.0,3158.0,1257,3159.0,700,3160.0,1566,3161.0,848,3162.0,339,3163.0,535,3164.0,383,3165.0,382,3166.0,1247,3167.0,513,3163.0
m2409,DCE,13:40:00.432#,3157.0,3180.0,3138.0,3315.0,2941.0,889116,1427922.0,3158.0,1257,3159.0,700,3160.0,1566,3161.0,848,3162.0,353,3163.0,535,3164.0,383,3165.0,382,3166.0,1247,3167.0,513,3163.0
m2409,DCE,13:40:00.801#,3157.0,3180.0,3138.0,3315.0,2941.0,889117,1427922.0,3158.0,1257,3159.0,700,3160.0,1566,3161.0,848,3162.0,365,3163.0,535,3164.0,383,3165.0,382,3166.0,1247,3167.0,513,3162.0
m2409,DCE,13:40:01.69#,3157.0,3180.0,3138.0,3315.0,2941.0,889119,1427922.0,3158.0,1257,3159.0,700,3160.0,1566,3161.0,794,3162.0,366,3163.0,535,3164.0,379,3165.0,432,3166.0,1247,3167.0,513,3162.0
m2409,DCE,13:40:01.237#,3157.0,3180.0,3138.0,3315.0,2941.0,889119,1427922.0,3158.0,1257,3159.0,700,3160.0,1566,3161.0,794,3162.0,366,3163.0,540,3164.0,379,3165.0,432,3166.0,1247,3167.0,513,3162.0
m2409,DCE,13:40:01.479#,3157.0,3180.0,3138.0,3315.0,2941.0,889119,1427922.0,3158.0,1257,3159.0,700,3160.0,1566,3161.0,793,3162.0,366,3163.0,541,3164.0,379,3165.0,432,3166.0,1247,3167.0,513,3162.0
m2409,DCE,13:40:01.773#,3157.0,3180.0,3138.0,3315.0,2941.0,889130,1427911.0,3158.0,1257,3159.0,700,3160.0,1566,3161.0,847,3162.0,342,3163.0,541,3164.0,378,3165.0,422,3166.0,1247,3167.0,513,3162.0
m2409,DCE,13:40:02.56#,3157.0,3180.0,3138.0,3315.0,2941.0,889134,1427908.0,3158.0,1257,3159.0,700,3160.0,1566,3161.0,848,3162.0,341,3163.0,538,3164.0,380,3165.0,422,3166.0,1247,3167.0,513,3163.0
m2409,DCE,13:40:02.234#,3157.0,3180.0,3138.0,3315.0,2941.0,889134,1427908.0,3158.0,1257,3159.0,700,3160.0,1566,3161.0,847,3162.0,342,3163.0,538,3164.0,380,3165.0,422,3166.0,1247,3167.0,513,3163.0
m2409,DCE,13:40:02.570#,3157.0,3180.0,3138.0,3315.0,2941.0,889164,1427908.0,3158.0,1257,3159.0,701,3160.0,1566,3161.0,847,3162.0,342,3163.0,511,3164.0,377,3165.0,422,3166.0,1247,3167.0,513,3163.0
m2409,DCE,13:40:02.765#,3157.0,3180.0,3138.0,3315.0,2941.0,889165,1427908.0,3158.0,1257,3159.0,701,3160.0,1569,3161.0,847,3162.0,385,3163.0,525,3164.0,377,3165.0,422,3166.0,1247,3167.0,513,3163.0
m2409,DCE,13:40:02.952#,3157.0,3180.0,3138.0,3315.0,2941.0,889165,1427908.0,3158.0,1257,3159.0,701,3160.0,1569,3161.0,847,3162.0,386,3163.0,525,3164.0,377,3165.0,422,3166.0,1218,3167.0,513,3163.0
m2409,DCE,13:40:03.211#,3157.0,3180.0,3138.0,3315.0,2941.0,889167,1427907.0,3158.0,1257,3159.0,701,3160.0,1569,3161.0,848,3162.0,386,3163.0,523,3164.0,375,3165.0,422,3166.0,1218,3167.0,513,3163.0
m2409,DCE,13:40:03.383#,3157.0,3180.0,3138.0,3315.0,2941.0,889167,1427907.0,3158.0,1257,3159.0,701,3160.0,1569,3161.0,849,3162.0,386,3163.0,523,3164.0,375,3165.0,422,3166.0,1218,3167.0,513,3163.0
m2409,DCE,13:40:03.775#,3157.0,3180.0,3138.0,3315.0,2941.0,889174,1427907.0,3158.0,1257,3159.0,701,3160.0,1569,3161.0,850,3162.0,379,3163.0,523,3164.0,375,3165.0,422,3166.0,1218,3167.0,513,3162.0
m2409,DCE,13:40:03.890#,3157.0,3180.0,3138.0,3315.0,2941.0,889174,1427907.0,3158.0,1257,3159.0,701,3160.0,1569,3161.0,850,3162.0,389,3163.0,523,3164.0,375,3165.0,422,3166.0,1218,3167.0,513,3162.0
m2409,DCE,13:40:04.316#,3157.0,3180.0,3138.0,3315.0,2941.0,889174,1427907.0,3158.0,1257,3159.0,701,3160.0,1569,3161.0,828,3162.0,389,3163.0,523,3164.0,375,3165.0,422,3166.0,1218,3167.0,513,3162.0
m2409,DCE,13:40:04.567#,3157.0,3180.0,3138.0,3315.0,2941.0,889174,1427907.0,3158.0,1257,3159.0,701,3160.0,1569,3161.0,828,3162.0,389,3163.0,524,3164.0,375,3165.0,422,3166.0,1218,3167.0,513,3162.0
m2409,DCE,13:40:04.811#,3157.0,3180.0,3138.0,3315.0,2941.0,889175,1427906.0,3158.0,1257,3159.0,701,3160.0,1569,3161.0,828,3162.0,392,3163.0,523,3164.0,375,3165.0,423,3166.0,1218,3167.0,513,3163.0
m2409,DCE,13:40:05.41#,3157.0,3180.0,3138.0,3315.0,2941.0,889229,1427865.0,3158.0,1257,3159.0,701,3160.0,1569,3161.0,828,3162.0,343,3163.0,522,3164.0,375,3165.0,423,3166.0,1218,3167.0,513,3162.0
m2409,DCE,13:40:05.288#,3157.0,3180.0,3138.0,3315.0,2941.0,889230,1427865.0,3158.0,1257,3159.0,701,3160.0,1569,3161.0,813,3162.0,345,3163.0,522,3164.0,377,3165.0,423,3166.0,1218,3167.0,513,3162.0
m2409,DCE,13:40:05.431#,3157.0,3180.0,3138.0,3315.0,2941.0,889230,1427865.0,3158.0,1257,3159.0,701,3160.0,1569,3161.0,813,3162.0,336,3163.0,522,3164.0,377,3165.0,429,3166.0,1218,3167.0,513,3162.0
m2409,DCE,13:40:05.805#,3157.0,3180.0,3138.0,3315.0,2941.0,889233,1427865.0,3158.0,1257,3159.0,701,3160.0,1574,3161.0,809,3162.0,336,3163.0,521,3164.0,368,3165.0,443,3166.0,1218,3167.0,513,3163.0
m2409,DCE,13:40:06.38#,3157.0,3180.0,3138.0,3315.0,2941.0,889242,1427857.0,3158.0,1257,3159.0,701,3160.0,1580,3161.0,809,3162.0,330,3163.0,527,3164.0,371,3165.0,443,3166.0,1218,3167.0,513,3163.0
m2409,DCE,13:40:06.296#,3157.0,3180.0,3138.0,3315.0,2941.0,889246,1427856.0,3158.0,1258,3159.0,702,3160.0,1580,3161.0,809,3162.0,307,3163.0,526,3164.0,371,3165.0,443,3166.0,1212,3167.0,513,3163.0
m2409,DCE,13:40:06.562#,3157.0,3180.0,3138.0,3315.0,2941.0,889246,1427856.0,3158.0,1258,3159.0,702,3160.0,1580,3161.0,809,3162.0,307,3163.0,528,3164.0,372,3165.0,443,3166.0,1212,3167.0,513,3163.0
m2409,DCE,13:40:06.759#,3157.0,3180.0,3138.0,3315.0,2941.0,889251,1427851.0,3158.0,1258,3159.0,705,3160.0,1580,3161.0,809,3162.0,302,3163.0,528,3164.0,372,3165.0,443,3166.0,1212,3167.0,513,3162.0
m2409,DCE,13:40:07.286#,3157.0,3180.0,3138.0,3315.0,2941.0,889251,1427851.0,3158.0,1258,3159.0,705,3160.0,1580,3161.0,809,3162.0,303,3163.0,529,3164.0,371,3165.0,443,3166.0,1212,3167.0,513,3162.0
m2409,DCE,13:40:07.533#,3157.0,3180.0,3138.0,3315.0,2941.0,889251,1427851.0,3158.0,1258,3159.0,705,3160.0,1580,3161.0,808,3162.0,308,3163.0,530,3164.0,371,3165.0,443,3166.0,1212,3167.0,513,3162.0
m2409,DCE,13:40:07.822#,3157.0,3180.0,3138.0,3315.0,2941.0,889252,1427850.0,3158.0,1258,3159.0,705,3160.0,1580,3161.0,808,3162.0,308,3163.0,529,3164.0,371,3165.0,473,3166.0,1211,3167.0,513,3163.0
m2409,DCE,13:40:08.32#,3157.0,3180.0,3138.0,3315.0,2941.0,889254,1427850.0,3158.0,1258,3159.0,705,3160.0,1580,3161.0,807,3162.0,306,3163.0,530,3164.0,371,3165.0,473,3166.0,1211,3167.0,513,3162.0
m2409,DCE,13:40:08.191#,3157.0,3180.0,3138.0,3315.0,2941.0,889254,1427850.0,3158.0,1258,3159.0,705,3160.0,1580,3161.0,807,3162.0,307,3163.0,530,3164.0,371,3165.0,473,3166.0,1211,3167.0,513,3162.0
m2409,DCE,13:40:08.445#,3157.0,3180.0,3138.0,3315.0,2941.0,889254,1427850.0,3158.0,1258,3159.0,705,3160.0,1580,3161.0,807,3162.0,307,3163.0,532,3164.0,371,3165.0,478,3166.0,1211,3167.0,513,3162.0
m2409,DCE,13:40:08.649#,3157.0,3180.0,3138.0,3315.0,2941.0,889254,1427850.0,3158.0,1261,3159.0,705,3160.0,1580,3161.0,807,3162.0,288,3163.0,532,3164.0,371,3165.0,478,3166.0,1211,3167.0,513,3162.0
m2409,DCE,13:40:08.901#,3157.0,3180.0,3138.0,3315.0,2941.0,889257,1427851.0,3158.0,1261,3159.0,705,3160.0,1580,3161.0,807,3162.0,247,3163.0,532,3164.0,371,3165.0,478,3166.0,1211,3167.0,513,3162.0
m2409,DCE,13:40:09.272#,3157.0,3180.0,3138.0,3315.0,2941.0,889278,1427850.0,3158.0,1261,3159.0,705,3160.0,1580,3161.0,797,3162.0,249,3163.0,511,3164.0,429,3165.0,478,3166.0,1211,3167.0,513,3163.0
m2409,DCE,13:40:09.550#,3157.0,3180.0,3138.0,3315.0,2941.0,889279,1427851.0,3158.0,1261,3159.0,705,3160.0,1580,3161.0,797,3162.0,280,3163.0,511,3164.0,444,3165.0,478,3166.0,1211,3167.0,513,3162.0
m2409,DCE,13:40:09.689#,3157.0,3180.0,3138.0,3315.0,2941.0,889279,1427851.0,3158.0,1261,3159.0,705,3160.0,1580,3161.0,797,3162.0,281,3163.0,511,3164.0,424,3165.0,478,3166.0,1211,3167.0,513,3162.0
m2409,DCE,13:40:10.29#,3157.0,3180.0,3138.0,3315.0,2941.0,889279,1427851.0,3158.0,1261,3159.0,705,3160.0,1580,3161.0,797,3162.0,284,3163.0,511,3164.0,424,3165.0,478,3166.0,1211,3167.0,513,3162.0
m2409,DCE,13:40:10.287#,3157.0,3180.0,3138.0,3315.0,2941.0,889279,1427851.0,3158.0,1261,3159.0,705,3160.0,1580,3161.0,797,3162.0,284,3163.0,511,3164.0,424,3165.0,478,3166.0,1217,3167.0,513,3162.0
m2409,DCE,13:40:10.450#,3157.0,3180.0,3138.0,3315.0,2941.0,889279,1427851.0,3158.0,1261,3159.0,705,3160.0,1580,3161.0,814,3162.0,284,3163.0,511,3164.0,424,3165.0,478,3166.0,1217,3167.0,513,3162.0
m2409,DCE,13:40:10.809#,3157.0,3180.0,3138.0,3315.0,2941.0,889288,1427857.0,3158.0,1261,3159.0,705,3160.0,1580,3161.0,812,3162.0,277,3163.0,509,3164.0,424,3165.0,478,3166.0,1217,3167.0,513,3163.0
m2409,DCE,13:40:10.941#,3157.0,3180.0,3138.0,3315.0,2941.0,889338,1427821.0,3158.0,1261,3159.0,705,3160.0,1580,3161.0,812,3162.0,228,3163.0,509,3164.0,424,3165.0,478,3166.0,1217,3167.0,513,3162.0
m2409,DCE,13:40:11.314#,3157.0,3180.0,3138.0,3315.0,2941.0,889390,1427836.0,3158.0,1261,3159.0,705,3160.0,1580,3161.0,812,3162.0,171,3163.0,511,3164.0,444,3165.0,478,3166.0,1236,3167.0,513,3162.0
m2409,DCE,13:40:11.509#,3157.0,3180.0,3138.0,3315.0,2941.0,889390,1427836.0,3158.0,1261,3159.0,705,3160.0,1580,3161.0,812,3162.0,180,3163.0,520,3164.0,444,3165.0,478,3166.0,1236,3167.0,513,3162.0
m2409,DCE,13:40:11.817#,3157.0,3180.0,3138.0,3315.0,2941.0,889391,1427836.0,3158.0,1261,3159.0,705,3160.0,1579,3161.0,812,3162.0,204,3163.0,519,3164.0,444,3165.0,483,3166.0,1236,3167.0,518,3162.0
m2409,DCE,13:40:12.72#,3157.0,3180.0,3138.0,3315.0,2941.0,889391,1427836.0,3158.0,1260,3159.0,705,3160.0,1579,3161.0,812,3162.0,220,3163.0,511,3164.0,444,3165.0,483,3166.0,1236,3167.0,518,3162.0
m2409,DCE,13:40:12.300#,3157.0,3180.0,3138.0,3315.0,2941.0,889392,1427835.0,3158.0,1260,3159.0,705,3160.0,1579,3161.0,812,3162.0,251,3163.0,507,3164.0,444,3165.0,483,3166.0,1236,3167.0,518,3163.0
m2409,DCE,13:40:12.477#,3157.0,3180.0,3138.0,3315.0,2941.0,889392,1427835.0,3158.0,1260,3159.0,705,3160.0,1579,3161.0,806,3162.0,242,3163.0,507,3164.0,444,3165.0,483,3166.0,1236,3167.0,518,3163.0
m2409,DCE,13:40:12.739#,3157.0,3180.0,3138.0,3315.0,2941.0,889394,1427835.0,3158.0,1260,3159.0,705,3160.0,1579,3161.0,806,3162.0,260,3163.0,525,3164.0,444,3165.0,483,3166.0,1236,3167.0,518,3162.0
m2409,DCE,13:40:12.922#,3157.0,3180.0,3138.0,3315.0,2941.0,889394,1427835.0,3158.0,1260,3159.0,705,3160.0,1581,3161.0,806,3162.0,260,3163.0,525,3164.0,444,3165.0,483,3166.0,1236,3167.0,518,3162.0
m2409,DCE,13:40:13.559#,3157.0,3180.0,3138.0,3315.0,2941.0,889395,1427835.0,3158.0,1260,3159.0,705,3160.0,1586,3161.0,806,3162.0,260,3163.0,524,3164.0,444,3165.0,483,3166.0,1236,3167.0,518,3163.0
m2409,DCE,13:40:13.813#,3157.0,3180.0,3138.0,3315.0,2941.0,889398,1427835.0,3158.0,1260,3159.0,705,3160.0,1586,3161.0,806,3162.0,263,3163.0,506,3164.0,444,3165.0,483,3166.0,1236,3167.0,518,3163.0
m2409,DCE,13:40:14.54#,3157.0,3180.0,3138.0,3315.0,2941.0,889399,1427835.0,3158.0,1260,3159.0,705,3160.0,1586,3161.0,806,3162.0,268,3163.0,505,3164.0,444,3165.0,483,3166.0,1236,3167.0,508,3163.0
m2409,DCE,13:40:14.250#,3157.0,3180.0,3138.0,3315.0,2941.0,889399,1427835.0,3158.0,1260,3159.0,705,3160.0,1386,3161.0,806,3162.0,268,3163.0,515,3164.0,444,3165.0,483,3166.0,1236,3167.0,508,3163.0
m2409,DCE,13:40:14.556#,3157.0,3180.0,3138.0,3315.0,2941.0,889400,1427836.0,3158.0,1260,3159.0,705,3160.0,1386,3161.0,807,3162.0,267,3163.0,515,3164.0,444,3165.0,483,3166.0,1241,3167.0,508,3162.0
m2409,DCE,13:40:14.733#,3157.0,3180.0,3138.0,3315.0,2941.0,889416,1427830.0,3158.0,1260,3159.0,705,3160.0,1386,3161.0,807,3162.0,266,3163.0,519,3164.0,444,3165.0,483,3166.0,1241,3167.0,508,3163.0
m2409,DCE,13:40:15.72#,3157.0,3180.0,3138.0,3315.0,2941.0,889417,1427830.0,3158.0,1260,3159.0,705,3160.0,1386,3161.0,807,3162.0,266,3163.0,527,3164.0,464,3165.0,483,3166.0,1241,3167.0,508,3162.0
m2409,DCE,13:40:15.181#,3157.0,3180.0,3138.0,3315.0,2941.0,889418,1427829.0,3158.0,1260,3159.0,705,3160.0,1386,3161.0,777,3162.0,265,3163.0,527,3164.0,464,3165.0,483,3166.0,1241,3167.0,508,3162.0
m2409,DCE,13:40:15.502#,3157.0,3180.0,3138.0,3315.0,2941.0,889419,1427828.0,3158.0,1260,3159.0,705,3160.0,1386,3161.0,783,3162.0,265,3163.0,526,3164.0,464,3165.0,483,3166.0,1241,3167.0,508,3163.0
m2409,DCE,13:40:15.728#,3157.0,3180.0,3138.0,3315.0,2941.0,889419,1427828.0,3158.0,1260,3159.0,705,3160.0,1386,3161.0,810,3162.0,265,3163.0,508,3164.0,464,3165.0,483,3166.0,1241,3167.0,508,3163.0
m2409,DCE,13:40:16.70#,3157.0,3180.0,3138.0,3315.0,2941.0,889419,1427828.0,3158.0,1260,3159.0,705,3160.0,1466,3161.0,810,3162.0,306,3163.0,506,3164.0,444,3165.0,483,3166.0,1241,3167.0,508,3163.0
m2409,DCE,13:40:16.166#,3157.0,3180.0,3138.0,3315.0,2941.0,889422,1427825.0,3158.0,1260,3159.0,705,3160.0,1467,3161.0,810,3162.0,318,3163.0,503,3164.0,442,3165.0,483,3166.0,1241,3167.0,508,3163.0
m2409,DCE,13:40:16.569#,3157.0,3180.0,3138.0,3315.0,2941.0,889423,1427825.0,3158.0,1260,3159.0,705,3160.0,1467,3161.0,863,3162.0,328,3163.0,502,3164.0,442,3165.0,483,3166.0,1241,3167.0,508,3163.0
m2409,DCE,13:40:16.583#,3157.0,3180.0,3138.0,3315.0,2941.0,889423,1427825.0,3158.0,1260,3159.0,705,3160.0,1467,3161.0,868,3162.0,348,3163.0,500,3164.0,442,3165.0,483,3166.0,1241,3167.0,508,3163.0
m2409,DCE,13:40:16.991#,3157.0,3180.0,3138.0,3315.0,2941.0,889423,1427825.0,3158.0,1260,3159.0,705,3160.0,1467,3161.0,868,3162.0,378,3163.0,495,3164.0,403,3165.0,483,3166.0,1241,3167.0,508,3163.0
m2409,DCE,13:40:17.317#,3157.0,3180.0,3138.0,3315.0,2941.0,889424,1427824.0,3158.0,1260,3159.0,705,3160.0,1266,3161.0,868,3162.0,379,3163.0,489,3164.0,397,3165.0,483,3166.0,1241,3167.0,508,3163.0
m2409,DCE,13:40:17.541#,3157.0,3180.0,3138.0,3315.0,2941.0,889426,1427824.0,3158.0,1262,3159.0,705,3160.0,1260,3161.0,873,3162.0,358,3163.0,488,3164.0,396,3165.0,483,3166.0,1241,3167.0,508,3163.0
m2409,DCE,13:40:17.807#,3157.0,3180.0,3138.0,3315.0,2941.0,889428,1427824.0,3158.0,1262,3159.0,705,3160.0,1260,3161.0,873,3162.0,357,3163.0,488,3164.0,396,3165.0,483,3166.0,1241,3167.0,508,3162.0
m2409,DCE,13:40:18.69#,3157.0,3180.0,3138.0,3315.0,2941.0,889437,1427831.0,3158.0,1262,3159.0,705,3160.0,1260,3161.0,873,3162.0,348,3163.0,493,3164.0,396,3165.0,483,3166.0,1241,3167.0,508,3162.0
m2409,DCE,13:40:18.321#,3157.0,3180.0,3138.0,3315.0,2941.0,889442,1427831.0,3158.0,1262,3159.0,705,3160.0,1264,3161.0,866,3162.0,345,3163.0,497,3164.0,387,3165.0,483,3166.0,1241,3167.0,508,3162.0
m2409,DCE,13:40:18.542#,3157.0,3180.0,3138.0,3315.0,2941.0,889446,1427827.0,3158.0,1262,3159.0,705,3160.0,1260,3161.0,674,3162.0,342,3163.0,493,3164.0,387,3165.0,483,3166.0,1241,3167.0,508,3162.0
m2409,DCE,13:40:18.710#,3157.0,3180.0,3138.0,3315.0,2941.0,889446,1427827.0,3158.0,1262,3159.0,705,3160.0,1260,3161.0,674,3162.0,342,3163.0,495,3164.0,387,3165.0,483,3166.0,1241,3167.0,508,3162.0
m2409,DCE,13:40:19.159#,3157.0,3180.0,3138.0,3315.0,2941.0,889448,1427827.0,3158.0,1262,3159.0,705,3160.0,1260,3161.0,674,3162.0,340,3163.0,495,3164.0,387,3165.0,483,3166.0,1241,3167.0,508,3162.0
m2409,DCE,13:40:19.529#,3157.0,3180.0,3138.0,3315.0,2941.0,889448,1427827.0,3158.0,1265,3159.0,705,3160.0,1260,3161.0,674,3162.0,340,3163.0,495,3164.0,387,3165.0,483,3166.0,1241,3167.0,508,3162.0
m2409,DCE,13:40:19.696#,3157.0,3180.0,3138.0,3315.0,2941.0,889449,1427826.0,3158.0,1265,3159.0,705,3160.0,1260,3161.0,674,3162.0,340,3163.0,494,3164.0,387,3165.0,483,3166.0,1241,3167.0,508,3163.0
m2409,DCE,13:40:20.22#,3157.0,3180.0,3138.0,3315.0,2941.0,889460,1427817.0,3158.0,1265,3159.0,705,3160.0,1260,3161.0,682,3162.0,351,3163.0,493,3164.0,387,3165.0,483,3166.0,1241,3167.0,508,3163.0
m2409,DCE,13:40:20.286#,3157.0,3180.0,3138.0,3315.0,2941.0,889460,1427817.0,3158.0,1266,3159.0,705,3160.0,1255,3161.0,682,3162.0,353,3163.0,493,3164.0,387,3165.0,483,3166.0,1241,3167.0,508,3163.0
m2409,DCE,13:40:20.454#,3157.0,3180.0,3138.0,3315.0,2941.0,889462,1427817.0,3158.0,1266,3159.0,705,3160.0,1255,3161.0,682,3162.0,353,3163.0,491,3164.0,387,3165.0,483,3166.0,1241,3167.0,508,3163.0
m2409,DCE,13:40:20.695#,3157.0,3180.0,3138.0,3315.0,2941.0,889463,1427816.0,3158.0,1266,3159.0,705,3160.0,1255,3161.0,683,3162.0,353,3163.0,486,3164.0,387,3165.0,481,3166.0,1241,3167.0,508,3163.0
m2409,DCE,13:40:21.21#,3157.0,3180.0,3138.0,3315.0,2941.0,889463,1427816.0,3158.0,1266,3159.0,705,3160.0,1255,3161.0,683,3162.0,353,3163.0,488,3164.0,387,3165.0,481,3166.0,1241,3167.0,508,3163.0
m2409,DCE,13:40:21.255#,3157.0,3180.0,3138.0,3315.0,2941.0,889463,1427816.0,3158.0,1266,3159.0,706,3160.0,1255,3161.0,683,3162.0,353,3163.0,488,3164.0,372,3165.0,481,3166.0,1241,3167.0,508,3163.0
m2409,DCE,13:40:21.474#,3157.0,3180.0,3138.0,3315.0,2941.0,889463,1427816.0,3158.0,1266,3159.0,706,3160.0,1255,3161.0,683,3162.0,353,3163.0,489,3164.0,372,3165.0,481,3166.0,1241,3167.0,508,3163.0
m2409,DCE,13:40:22.261#,3157.0,3180.0,3138.0,3315.0,2941.0,889463,1427816.0,3158.0,1264,3159.0,706,3160.0,1255,3161.0,683,3162.0,353,3163.0,489,3164.0,372,3165.0,481,3166.0,1241,3167.0,508,3163.0
m2409,DCE,13:40:22.764#,3157.0,3180.0,3138.0,3315.0,2941.0,889464,1427816.0,3158.0,1264,3159.0,706,3160.0,1255,3161.0,675,3162.0,353,3163.0,488,3164.0,372,3165.0,481,3166.0,1241,3167.0,508,3163.0
m2409,DCE,13:40:23.63#,3157.0,3180.0,3138.0,3315.0,2941.0,889464,1427816.0,3158.0,1264,3159.0,706,3160.0,1254,3161.0,675,3162.0,352,3163.0,489,3164.0,372,3165.0,481,3166.0,1241,3167.0,508,3163.0
m2409,DCE,13:40:23.259#,3157.0,3180.0,3138.0,3315.0,2941.0,889466,1427815.0,3158.0,1264,3159.0,706,3160.0,1254,3161.0,675,3162.0,354,3163.0,487,3164.0,372,3165.0,481,3166.0,1241,3167.0,508,3163.0
m2409,DCE,13:40:23.551#,3157.0,3180.0,3138.0,3315.0,2941.0,889466,1427815.0,3158.0,1264,3159.0,706,3160.0,1254,3161.0,676,3162.0,353,3163.0,487,3164.0,372,3165.0,481,3166.0,1241,3167.0,508,3163.0
m2409,DCE,13:40:23.783#,3157.0,3180.0,3138.0,3315.0,2941.0,889466,1427815.0,3158.0,1266,3159.0,707,3160.0,1254,3161.0,676,3162.0,353,3163.0,488,3164.0,372,3165.0,481,3166.0,1241,3167.0,508,3163.0
m2409,DCE,13:40:24.6#,3157.0,3180.0,3138.0,3315.0,2941.0,889466,1427815.0,3158.0,1266,3159.0,716,3160.0,1254,3161.0,676,3162.0,355,3163.0,487,3164.0,372,3165.0,481,3166.0,1241,3167.0,508,3163.0
m2409,DCE,13:40:24.268#,3157.0,3180.0,3138.0,3315.0,2941.0,889467,1427814.0,3158.0,1266,3159.0,716,3160.0,1254,3161.0,671,3162.0,355,3163.0,486,3164.0,372,3165.0,481,3166.0,1241,3167.0,508,3163.0
m2409,DCE,13:40:24.557#,3157.0,3180.0,3138.0,3315.0,2941.0,889472,1427814.0,3158.0,1266,3159.0,716,3160.0,1254,3161.0,671,3162.0,356,3163.0,481,3164.0,372,3165.0,481,3166.0,1241,3167.0,508,3163.0
m2409,DCE,13:40:24.628#,3157.0,3180.0,3138.0,3315.0,2941.0,889472,1427814.0,3158.0,1266,3159.0,716,3160.0,1254,3161.0,671,3162.0,358,3163.0,481,3164.0,372,3165.0,481,3166.0,1241,3167.0,508,3163.0
m2409,DCE,13:40:25.62#,3157.0,3180.0,3138.0,3315.0,2941.0,889477,1427817.0,3158.0,1266,3159.0,716,3160.0,1254,3161.0,671,3162.0,354,3163.0,480,3164.0,374,3165.0,481,3166.0,1241,3167.0,508,3162.0
m2409,DCE,13:40:25.247#,3157.0,3180.0,3138.0,3315.0,2941.0,889478,1427816.0,3158.0,1266,3159.0,716,3160.0,1254,3161.0,671,3162.0,361,3163.0,479,3164.0,374,3165.0,481,3166.0,1241,3167.0,508,3163.0
m2409,DCE,13:40:25.560#,3157.0,3180.0,3138.0,3315.0,2941.0,889478,1427816.0,3158.0,1265,3159.0,716,3160.0,1254,3161.0,672,3162.0,362,3163.0,479,3164.0,399,3165.0,481,3166.0,1241,3167.0,508,3163.0
m2409,DCE,13:40:25.599#,3157.0,3180.0,3138.0,3315.0,2941.0,889478,1427816.0,3158.0,1265,3159.0,716,3160.0,1254,3161.0,673,3162.0,362,3163.0,479,3164.0,399,3165.0,481,3166.0,1241,3167.0,508,3163.0
m2409,DCE,13:40:25.926#,3157.0,3180.0,3138.0,3315.0,2941.0,889479,1427817.0,3158.0,1265,3159.0,716,3160.0,1254,3161.0,674,3162.0,361,3163.0,479,3164.0,399,3165.0,481,3166.0,1241,3167.0,508,3162.0
m2409,DCE,13:40:26.265#,3157.0,3180.0,3138.0,3315.0,2941.0,889480,1427816.0,3158.0,1265,3159.0,716,3160.0,1254,3161.0,674,3162.0,361,3163.0,478,3164.0,399,3165.0,481,3166.0,1242,3167.0,507,3163.0
m2409,DCE,13:40:26.671#,3157.0,3180.0,3138.0,3315.0,2941.0,889498,1427816.0,3158.0,1265,3159.0,716,3160.0,1254,3161.0,674,3162.0,361,3163.0,460,3164.0,399,3165.0,481,3166.0,1243,3167.0,507,3163.0
m2409,DCE,13:40:26.834#,3157.0,3180.0,3138.0,3315.0,2941.0,889498,1427816.0,3158.0,1265,3159.0,716,3160.0,1254,3161.0,674,3162.0,361,3163.0,460,3164.0,399,3165.0,482,3166.0,1243,3167.0,507,3163.0
m2409,DCE,13:40:27.286#,3157.0,3180.0,3138.0,3315.0,2941.0,889508,1427826.0,3158.0,1265,3159.0,716,3160.0,1254,3161.0,679,3162.0,363,3163.0,450,3164.0,399,3165.0,482,3166.0,1244,3167.0,507,3163.0
m2409,DCE,13:40:27.530#,3157.0,3180.0,3138.0,3315.0,2941.0,889523,1427826.0,3158.0,1265,3159.0,716,3160.0,1254,3161.0,684,3162.0,368,3163.0,435,3164.0,399,3165.0,482,3166.0,1244,3167.0,507,3162.0
m2409,DCE,13:40:27.742#,3157.0,3180.0,3138.0,3315.0,2941.0,889524,1427826.0,3158.0,1265,3159.0,716,3160.0,1254,3161.0,684,3162.0,387,3163.0,434,3164.0,393,3165.0,482,3166.0,1244,3167.0,507,3163.0
m2409,DCE,13:40:27.826#,3157.0,3180.0,3138.0,3315.0,2941.0,889524,1427826.0,3158.0,1265,3159.0,716,3160.0,1254,3161.0,684,3162.0,388,3163.0,434,3164.0,393,3165.0,482,3166.0,1244,3167.0,507,3163.0
m2409,DCE,13:40:28.287#,3157.0,3180.0,3138.0,3315.0,2941.0,889528,1427830.0,3158.0,1266,3159.0,716,3160.0,1254,3161.0,684,3162.0,390,3163.0,430,3164.0,393,3165.0,482,3166.0,1244,3167.0,457,3163.0
m2409,DCE,13:40:28.343#,3157.0,3180.0,3138.0,3315.0,2941.0,889528,1427830.0,3158.0,1266,3159.0,716,3160.0,1254,3161.0,684,3162.0,403,3163.0,430,3164.0,393,3165.0,482,3166.0,1244,3167.0,457,3163.0
m2409,DCE,13:40:28.821#,3157.0,3180.0,3138.0,3315.0,2941.0,889531,1427830.0,3158.0,1266,3159.0,716,3160.0,1259,3161.0,688,3162.0,402,3163.0,428,3164.0,394,3165.0,482,3166.0,1244,3167.0,457,3163.0
m2409,DCE,13:40:28.983#,3157.0,3180.0,3138.0,3315.0,2941.0,889531,1427830.0,3158.0,1266,3159.0,716,3160.0,1259,3161.0,680,3162.0,418,3163.0,428,3164.0,394,3165.0,482,3166.0,1244,3167.0,457,3163.0
m2409,DCE,13:40:29.315#,3157.0,3180.0,3138.0,3315.0,2941.0,889541,1427840.0,3158.0,1266,3159.0,716,3160.0,1259,3161.0,680,3162.0,415,3163.0,418,3164.0,394,3165.0,482,3166.0,1244,3167.0,457,3163.0
m2409,DCE,13:40:29.572#,3157.0,3180.0,3138.0,3315.0,2941.0,889954,1428059.0,3159.0,716,3160.0,1259,3161.0,739,3162.0,371,3163.0,171,3164.0,376,3165.0,704,3166.0,1244,3167.0,457,3168.0,1022,3163.0
m2409,DCE,13:40:29.783#,3157.0,3180.0,3138.0,3315.0,2941.0,889982,1428074.0,3159.0,717,3160.0,1256,3161.0,517,3162.0,457,3163.0,316,3164.0,320,3165.0,603,3166.0,1244,3167.0,456,3168.0,1024,3163.0
m2409,DCE,13:40:30.0#,3157.0,3180.0,3138.0,3315.0,2941.0,889983,1428074.0,3159.0,717,3160.0,1256,3161.0,505,3162.0,483,3163.0,381,3164.0,285,3165.0,547,3166.0,1244,3167.0,456,3168.0,1024,3163.0
m2409,DCE,13:40:30.312#,3157.0,3180.0,3138.0,3315.0,2941.0,889985,1428073.0,3159.0,717,3160.0,1255,3161.0,506,3162.0,483,3163.0,433,3164.0,286,3165.0,549,3166.0,1244,3167.0,456,3168.0,1024,3164.0
m2409,DCE,13:40:30.544#,3157.0,3180.0,3138.0,3315.0,2941.0,889989,1428073.0,3159.0,717,3160.0,1254,3161.0,505,3162.0,485,3163.0,429,3164.0,286,3165.0,549,3166.0,1244,3167.0,456,3168.0,1024,3163.0
m2409,DCE,13:40:30.786#,3157.0,3180.0,3138.0,3315.0,2941.0,889991,1428073.0,3159.0,717,3160.0,1254,3161.0,505,3162.0,495,3163.0,432,3164.0,290,3165.0,549,3166.0,1244,3167.0,456,3168.0,1024,3163.0
m2409,DCE,13:40:31.13#,3157.0,3180.0,3138.0,3315.0,2941.0,889991,1428073.0,3159.0,717,3160.0,1254,3161.0,505,3162.0,495,3163.0,452,3164.0,326,3165.0,549,3166.0,1244,3167.0,456,3168.0,1024,3163.0
m2409,DCE,13:40:31.196#,3157.0,3180.0,3138.0,3315.0,2941.0,889992,1428074.0,3159.0,717,3160.0,1254,3161.0,505,3162.0,495,3163.0,453,3164.0,347,3165.0,548,3166.0,1244,3167.0,456,3168.0,1024,3164.0
m2409,DCE,13:40:31.511#,3157.0,3180.0,3138.0,3315.0,2941.0,890002,1428073.0,3159.0,717,3160.0,1254,3161.0,506,3162.0,495,3163.0,453,3164.0,336,3165.0,549,3166.0,1244,3167.0,456,3168.0,1024,3164.0
m2409,DCE,13:40:31.680#,3157.0,3180.0,3138.0,3315.0,2941.0,890003,1428072.0,3159.0,717,3160.0,1254,3161.0,506,3162.0,495,3163.0,453,3164.0,334,3165.0,549,3166.0,1244,3167.0,456,3168.0,1024,3164.0
m2409,DCE,13:40:32.51#,3157.0,3180.0,3138.0,3315.0,2941.0,890003,1428072.0,3159.0,717,3160.0,1254,3161.0,506,3162.0,515,3163.0,454,3164.0,334,3165.0,549,3166.0,1244,3167.0,460,3168.0,1024,3164.0
m2409,DCE,13:40:32.307#,3157.0,3180.0,3138.0,3315.0,2941.0,890003,1428072.0,3159.0,717,3160.0,1254,3161.0,506,3162.0,509,3163.0,457,3164.0,334,3165.0,549,3166.0,1244,3167.0,460,3168.0,1024,3164.0
m2409,DCE,13:40:32.535#,3157.0,3180.0,3138.0,3315.0,2941.0,890005,1428072.0,3159.0,717,3160.0,1264,3161.0,506,3162.0,517,3163.0,452,3164.0,334,3165.0,549,3166.0,1244,3167.0,460,3168.0,1024,3163.0
m2409,DCE,13:40:32.696#,3157.0,3180.0,3138.0,3315.0,2941.0,890012,1428072.0,3159.0,717,3160.0,1264,3161.0,506,3162.0,509,3163.0,450,3164.0,335,3165.0,549,3166.0,1244,3167.0,460,3168.0,1024,3164.0
m2409,DCE,13:40:32.965#,3157.0,3180.0,3138.0,3315.0,2941.0,890019,1428078.0,3159.0,717,3160.0,1264,3161.0,506,3162.0,509,3163.0,443,3164.0,334,3165.0,549,3166.0,1244,3167.0,460,3168.0,1024,3163.0
m2409,DCE,13:40:33.209#,3157.0,3180.0,3138.0,3315.0,2941.0,890019,1428078.0,3159.0,717,3160.0,1264,3161.0,506,3162.0,509,3163.0,444,3164.0,334,3165.0,549,3166.0,1244,3167.0,460,3168.0,1024,3163.0
m2409,DCE,13:40:33.446#,3157.0,3180.0,3138.0,3315.0,2941.0,890019,1428078.0,3159.0,717,3160.0,1264,3161.0,506,3162.0,509,3163.0,448,3164.0,335,3165.0,549,3166.0,1244,3167.0,460,3168.0,1024,3163.0
m2409,DCE,13:40:33.760#,3157.0,3180.0,3138.0,3315.0,2941.0,890020,1428078.0,3159.0,717,3160.0,1264,3161.0,504,3162.0,510,3163.0,449,3164.0,334,3165.0,599,3166.0,1244,3167.0,460,3168.0,1024,3164.0
m2409,DCE,13:40:34.40#,3157.0,3180.0,3138.0,3315.0,2941.0,890020,1428078.0,3159.0,717,3160.0,1264,3161.0,504,3162.0,510,3163.0,449,3164.0,334,3165.0,596,3166.0,1244,3167.0,460,3168.0,1024,3164.0
m2409,DCE,13:40:34.224#,3157.0,3180.0,3138.0,3315.0,2941.0,890020,1428078.0,3159.0,717,3160.0,1264,3161.0,504,3162.0,510,3163.0,450,3164.0,334,3165.0,596,3166.0,1244,3167.0,460,3168.0,1024,3164.0
m2409,DCE,13:40:34.367#,3157.0,3180.0,3138.0,3315.0,2941.0,890021,1428079.0,3159.0,717,3160.0,1264,3161.0,504,3162.0,518,3163.0,449,3164.0,333,3165.0,596,3166.0,1244,3167.0,460,3168.0,1024,3164.0
m2409,DCE,13:40:34.785#,3157.0,3180.0,3138.0,3315.0,2941.0,890023,1428080.0,3159.0,717,3160.0,1264,3161.0,504,3162.0,518,3163.0,451,3164.0,354,3165.0,595,3166.0,1244,3167.0,460,3168.0,1024,3164.0
m2409,DCE,13:40:34.988#,3157.0,3180.0,3138.0,3315.0,2941.0,890023,1428080.0,3159.0,717,3160.0,1264,3161.0,504,3162.0,516,3163.0,451,3164.0,362,3165.0,595,3166.0,1244,3167.0,460,3168.0,1024,3164.0
m2409,DCE,13:40:35.292#,3157.0,3180.0,3138.0,3315.0,2941.0,890044,1428080.0,3159.0,717,3160.0,1264,3161.0,504,3162.0,516,3163.0,453,3164.0,355,3165.0,595,3166.0,1244,3167.0,460,3168.0,1024,3164.0
m2409,DCE,13:40:35.546#,3157.0,3180.0,3138.0,3315.0,2941.0,890044,1428080.0,3159.0,717,3160.0,1264,3161.0,504,3162.0,517,3163.0,453,3164.0,355,3165.0,596,3166.0,1244,3167.0,460,3168.0,1024,3164.0
m2409,DCE,13:40:35.759#,3157.0,3180.0,3138.0,3315.0,2941.0,890064,1428100.0,3159.0,717,3160.0,1264,3161.0,500,3162.0,517,3163.0,454,3164.0,322,3165.0,601,3166.0,1244,3167.0,460,3168.0,1024,3164.0
m2409,DCE,13:40:36.11#,3157.0,3180.0,3138.0,3315.0,2941.0,890105,1428121.0,3159.0,717,3160.0,1264,3161.0,500,3162.0,517,3163.0,438,3164.0,296,3165.0,602,3166.0,1244,3167.0,460,3168.0,1024,3164.0
m2409,DCE,13:40:36.258#,3157.0,3180.0,3138.0,3315.0,2941.0,890108,1428123.0,3159.0,717,3160.0,1263,3161.0,500,3162.0,517,3163.0,437,3164.0,297,3165.0,608,3166.0,1244,3167.0,460,3168.0,1024,3164.0
m2409,DCE,13:40:36.554#,3157.0,3180.0,3138.0,3315.0,2941.0,890108,1428123.0,3159.0,717,3160.0,1263,3161.0,500,3162.0,522,3163.0,438,3164.0,297,3165.0,608,3166.0,1244,3167.0,460,3168.0,1024,3164.0
m2409,DCE,13:40:36.660#,3157.0,3180.0,3138.0,3315.0,2941.0,890108,1428123.0,3159.0,717,3160.0,1263,3161.0,500,3162.0,522,3163.0,439,3164.0,297,3165.0,608,3166.0,1244,3167.0,460,3168.0,1024,3164.0
m2409,DCE,13:40:36.939#,3157.0,3180.0,3138.0,3315.0,2941.0,890108,1428123.0,3159.0,717,3160.0,1263,3161.0,500,3162.0,522,3163.0,440,3164.0,297,3165.0,608,3166.0,1244,3167.0,460,3168.0,1024,3164.0
m2409,DCE,13:40:37.184#,3157.0,3180.0,3138.0,3315.0,2941.0,890110,1428124.0,3159.0,717,3160.0,1263,3161.0,500,3162.0,522,3163.0,440,3164.0,296,3165.0,608,3166.0,1244,3167.0,460,3168.0,1024,3164.0
m2409,DCE,13:40:37.369#,3157.0,3180.0,3138.0,3315.0,2941.0,890111,1428125.0,3159.0,717,3160.0,1263,3161.0,500,3162.0,522,3163.0,440,3164.0,295,3165.0,608,3166.0,1244,3167.0,460,3168.0,1024,3164.0
m2409,DCE,13:40:37.737#,3157.0,3180.0,3138.0,3315.0,2941.0,890111,1428125.0,3159.0,717,3160.0,1263,3161.0,500,3162.0,522,3163.0,441,3164.0,295,3165.0,608,3166.0,1244,3167.0,460,3168.0,1024,3164.0
m2409,DCE,13:40:38.288#,3157.0,3180.0,3138.0,3315.0,2941.0,890112,1428125.0,3159.0,717,3160.0,1263,3161.0,500,3162.0,508,3163.0,453,3164.0,297,3165.0,608,3166.0,1244,3167.0,460,3168.0,1024,3164.0
m2409,DCE,13:40:38.517#,3157.0,3180.0,3138.0,3315.0,2941.0,890112,1428125.0,3159.0,717,3160.0,1263,3161.0,500,3162.0,508,3163.0,470,3164.0,297,3165.0,608,3166.0,1244,3167.0,460,3168.0,1024,3164.0
m2409,DCE,13:40:38.758#,3157.0,3180.0,3138.0,3315.0,2941.0,890112,1428125.0,3159.0,717,3160.0,1263,3161.0,500,3162.0,508,3163.0,471,3164.0,302,3165.0,608,3166.0,1244,3167.0,460,3168.0,1024,3164.0
m2409,DCE,13:40:38.826#,3157.0,3180.0,3138.0,3315.0,2941.0,890114,1428127.0,3159.0,717,3160.0,1263,3161.0,500,3162.0,508,3163.0,469,3164.0,302,3165.0,608,3166.0,1244,3167.0,460,3168.0,1024,3163.0
m2409,DCE,13:40:39.250#,3157.0,3180.0,3138.0,3315.0,2941.0,890114,1428127.0,3159.0,717,3160.0,1263,3161.0,500,3162.0,508,3163.0,470,3164.0,303,3165.0,608,3166.0,1244,3167.0,460,3168.0,1024,3163.0
m2409,DCE,13:40:39.527#,3157.0,3180.0,3138.0,3315.0,2941.0,890117,1428130.0,3159.0,717,3160.0,1263,3161.0,499,3162.0,509,3163.0,470,3164.0,313,3165.0,628,3166.0,1244,3167.0,460,3168.0,1024,3164.0
m2409,DCE,13:40:39.685#,3157.0,3180.0,3138.0,3315.0,2941.0,890118,1428130.0,3159.0,717,3160.0,1263,3161.0,499,3162.0,509,3163.0,472,3164.0,312,3165.0,628,3166.0,1244,3167.0,460,3168.0,1024,3164.0
m2409,DCE,13:40:40.71#,3157.0,3180.0,3138.0,3315.0,2941.0,890125,1428136.0,3159.0,717,3160.0,1273,3161.0,498,3162.0,509,3163.0,466,3164.0,301,3165.0,628,3166.0,1244,3167.0,460,3168.0,1024,3164.0
m2409,DCE,13:40:40.270#,3157.0,3180.0,3138.0,3315.0,2941.0,890127,1428138.0,3159.0,717,3160.0,1274,3161.0,498,3162.0,505,3163.0,468,3164.0,299,3165.0,628,3166.0,1244,3167.0,460,3168.0,1024,3164.0
m2409,DCE,13:40:40.569#,3157.0,3180.0,3138.0,3315.0,2941.0,890425,1428275.0,3160.0,1274,3161.0,498,3162.0,505,3163.0,477,3164.0,56,3165.0,753,3166.0,1244,3167.0,460,3168.0,1024,3169.0,575,3164.0
m2409,DCE,13:40:40.783#,3157.0,3180.0,3138.0,3315.0,2941.0,890484,1428276.0,3160.0,1275,3161.0,499,3162.0,505,3163.0,480,3164.0,149,3165.0,676,3166.0,1267,3167.0,460,3168.0,1024,3169.0,598,3165.0
m2409,DCE,13:40:41.67#,3157.0,3180.0,3138.0,3315.0,2941.0,890505,1428290.0,3160.0,1270,3161.0,499,3162.0,493,3163.0,471,3164.0,135,3165.0,646,3166.0,1429,3167.0,460,3168.0,1024,3169.0,598,3164.0
m2409,DCE,13:40:41.256#,3157.0,3180.0,3138.0,3315.0,2941.0,890757,1428208.0,3159.0,716,3160.0,1270,3161.0,479,3162.0,543,3163.0,472,3164.0,18,3165.0,646,3166.0,1395,3167.0,460,3168.0,1024,3163.0
m2409,DCE,13:40:41.374#,3157.0,3180.0,3138.0,3315.0,2941.0,890768,1428208.0,3159.0,717,3160.0,1269,3161.0,479,3162.0,552,3163.0,462,3164.0,36,3165.0,675,3166.0,1257,3167.0,460,3168.0,1025,3164.0
m2409,DCE,13:40:41.783#,3157.0,3180.0,3138.0,3315.0,2941.0,890789,1428188.0,3159.0,717,3160.0,1269,3161.0,479,3162.0,552,3163.0,462,3164.0,46,3165.0,677,3166.0,1257,3167.0,480,3168.0,1025,3164.0
m2409,DCE,13:40:42.48#,3157.0,3180.0,3138.0,3315.0,2941.0,890800,1428177.0,3159.0,717,3160.0,1269,3161.0,479,3162.0,553,3163.0,462,3164.0,34,3165.0,677,3166.0,1257,3167.0,480,3168.0,1025,3164.0
m2409,DCE,13:40:42.190#,3157.0,3180.0,3138.0,3315.0,2941.0,890811,1428187.0,3159.0,717,3160.0,1269,3161.0,479,3162.0,553,3163.0,463,3164.0,10,3165.0,677,3166.0,1257,3167.0,480,3168.0,1025,3164.0
m2409,DCE,13:40:42.571#,3157.0,3180.0,3138.0,3315.0,2941.0,890871,1428206.0,3160.0,1269,3161.0,479,3162.0,553,3163.0,464,3164.0,1,3165.0,676,3166.0,1455,3167.0,480,3168.0,1025,3169.0,597,3164.0
m2409,DCE,13:40:42.758#,3157.0,3180.0,3138.0,3315.0,2941.0,890873,1428206.0,3159.0,716,3160.0,1270,3161.0,479,3162.0,554,3163.0,466,3165.0,634,3166.0,1456,3167.0,480,3168.0,1024,3169.0,598,3164.0
m2409,DCE,13:40:43.15#,3157.0,3180.0,3138.0,3315.0,2941.0,890883,1428216.0,3159.0,717,3160.0,1269,3161.0,479,3162.0,554,3163.0,463,3165.0,604,3166.0,1268,3167.0,480,3168.0,1024,3169.0,598,3165.0
m2409,DCE,13:40:43.291#,3157.0,3180.0,3138.0,3315.0,2941.0,890915,1428231.0,3160.0,1269,3161.0,479,3162.0,555,3163.0,466,3164.0,30,3165.0,601,3166.0,1441,3167.0,480,3168.0,1024,3169.0,598,3164.0
m2409,DCE,13:40:43.567#,3157.0,3180.0,3138.0,3315.0,2941.0,890984,1428221.0,3160.0,1270,3161.0,479,3162.0,547,3163.0,471,3164.0,15,3165.0,599,3166.0,1430,3167.0,480,3168.0,1024,3169.0,598,3164.0
m2409,DCE,13:40:43.802#,3157.0,3180.0,3138.0,3315.0,2941.0,890989,1428225.0,3159.0,716,3160.0,1270,3161.0,479,3162.0,547,3163.0,474,3164.0,1,3165.0,600,3166.0,1272,3167.0,480,3168.0,1024,3164.0
m2409,DCE,13:40:44.67#,3157.0,3180.0,3138.0,3315.0,2941.0,890995,1428221.0,3159.0,717,3160.0,1269,3161.0,479,3162.0,552,3163.0,471,3164.0,41,3165.0,609,3166.0,1430,3167.0,480,3168.0,1025,3164.0
m2409,DCE,13:40:44.272#,3157.0,3180.0,3138.0,3315.0,2941.0,890996,1428221.0,3159.0,716,3160.0,1269,3161.0,479,3162.0,551,3163.0,470,3164.0,68,3165.0,560,3166.0,1262,3167.0,480,3168.0,1025,3164.0
m2409,DCE,13:40:44.567#,3157.0,3180.0,3138.0,3315.0,2941.0,890998,1428219.0,3159.0,716,3160.0,1269,3161.0,479,3162.0,551,3163.0,471,3164.0,66,3165.0,539,3166.0,1683,3167.0,480,3168.0,1025,3164.0
m2409,DCE,13:40:44.683#,3157.0,3180.0,3138.0,3315.0,2941.0,890999,1428218.0,3159.0,716,3160.0,1269,3161.0,479,3162.0,551,3163.0,471,3164.0,65,3165.0,533,3166.0,1660,3167.0,480,3168.0,1025,3164.0
m2409,DCE,13:40:45.66#,3157.0,3180.0,3138.0,3315.0,2941.0,890999,1428218.0,3159.0,716,3160.0,1269,3161.0,479,3162.0,494,3163.0,484,3164.0,75,3165.0,533,3166.0,1660,3167.0,480,3168.0,1025,3164.0
m2409,DCE,13:40:45.200#,3157.0,3180.0,3138.0,3315.0,2941.0,891049,1428229.0,3159.0,716,3160.0,1269,3161.0,479,3162.0,551,3163.0,475,3164.0,56,3165.0,533,3166.0,1655,3167.0,480,3168.0,1025,3164.0
m2409,DCE,13:40:45.568#,3157.0,3180.0,3138.0,3315.0,2941.0,891051,1428229.0,3159.0,716,3160.0,1269,3161.0,479,3162.0,494,3163.0,487,3164.0,12,3165.0,533,3166.0,1640,3167.0,480,3168.0,1025,3164.0
m2409,DCE,13:40:45.774#,3157.0,3180.0,3138.0,3315.0,2941.0,891073,1428222.0,3159.0,716,3160.0,1269,3161.0,479,3162.0,560,3163.0,482,3164.0,49,3165.0,533,3166.0,1603,3167.0,480,3168.0,1025,3164.0
m2409,DCE,13:40:46.67#,3157.0,3180.0,3138.0,3315.0,2941.0,891074,1428223.0,3159.0,716,3160.0,1269,3161.0,479,3162.0,561,3163.0,490,3164.0,49,3165.0,533,3166.0,1598,3167.0,480,3168.0,1025,3164.0
m2409,DCE,13:40:46.286#,3157.0,3180.0,3138.0,3315.0,2941.0,891109,1428227.0,3159.0,716,3160.0,1254,3161.0,479,3162.0,561,3163.0,491,3164.0,52,3165.0,533,3166.0,1598,3167.0,480,3168.0,1025,3164.0
m2409,DCE,13:40:46.567#,3157.0,3180.0,3138.0,3315.0,2941.0,891120,1428238.0,3159.0,716,3160.0,1254,3161.0,479,3162.0,576,3163.0,533,3164.0,42,3165.0,533,3166.0,1583,3167.0,480,3168.0,1025,3164.0
m2409,DCE,13:40:46.794#,3157.0,3180.0,3138.0,3315.0,2941.0,891182,1428278.0,3160.0,1254,3161.0,479,3162.0,577,3163.0,535,3164.0,21,3165.0,533,3166.0,1596,3167.0,480,3168.0,1025,3169.0,597,3164.0
m2409,DCE,13:40:47.67#,3157.0,3180.0,3138.0,3315.0,2941.0,891208,1428283.0,3160.0,1255,3161.0,479,3162.0,577,3163.0,539,3164.0,32,3165.0,519,3166.0,1544,3167.0,480,3168.0,1024,3169.0,598,3164.0
m2409,DCE,13:40:47.278#,3157.0,3180.0,3138.0,3315.0,2941.0,891210,1428283.0,3160.0,1255,3161.0,479,3162.0,577,3163.0,533,3164.0,77,3165.0,521,3166.0,1514,3167.0,480,3168.0,1024,3169.0,598,3164.0
m2409,DCE,13:40:47.488#,3157.0,3180.0,3138.0,3315.0,2941.0,891212,1428283.0,3160.0,1255,3161.0,479,3162.0,580,3163.0,533,3164.0,141,3165.0,518,3166.0,1497,3167.0,480,3168.0,1024,3169.0,598,3164.0
m2409,DCE,13:40:47.810#,3157.0,3180.0,3138.0,3315.0,2941.0,891214,1428283.0,3160.0,1255,3161.0,479,3162.0,581,3163.0,497,3164.0,160,3165.0,515,3166.0,1467,3167.0,480,3168.0,1024,3169.0,598,3165.0
m2409,DCE,13:40:48.66#,3157.0,3180.0,3138.0,3315.0,2941.0,891215,1428283.0,3160.0,1255,3161.0,478,3162.0,578,3163.0,497,3164.0,166,3165.0,492,3166.0,1444,3167.0,480,3168.0,1024,3169.0,598,3164.0
m2409,DCE,13:40:48.269#,3157.0,3180.0,3138.0,3315.0,2941.0,891215,1428283.0,3160.0,1256,3161.0,478,3162.0,580,3163.0,491,3164.0,250,3165.0,490,3166.0,1391,3167.0,485,3168.0,1024,3169.0,598,3164.0
m2409,DCE,13:40:48.521#,3157.0,3180.0,3138.0,3315.0,2941.0,891216,1428282.0,3160.0,1256,3161.0,477,3162.0,665,3163.0,497,3164.0,280,3165.0,491,3166.0,1370,3167.0,485,3168.0,1024,3169.0,598,3164.0
m2409,DCE,13:40:48.809#,3157.0,3180.0,3138.0,3315.0,2941.0,891221,1428286.0,3160.0,1256,3161.0,477,3162.0,665,3163.0,497,3164.0,312,3165.0,489,3166.0,1360,3167.0,485,3168.0,1024,3169.0,598,3165.0
m2409,DCE,13:40:49.45#,3157.0,3180.0,3138.0,3315.0,2941.0,891222,1428287.0,3160.0,1256,3161.0,477,3162.0,667,3163.0,598,3164.0,313,3165.0,489,3166.0,1355,3167.0,485,3168.0,1024,3169.0,598,3165.0
m2409,DCE,13:40:49.321#,3157.0,3180.0,3138.0,3315.0,2941.0,891233,1428291.0,3160.0,1256,3161.0,477,3162.0,644,3163.0,597,3164.0,313,3165.0,480,3166.0,1373,3167.0,485,3168.0,1024,3169.0,598,3165.0
m2409,DCE,13:40:49.342#,3157.0,3180.0,3138.0,3315.0,2941.0,891233,1428291.0,3160.0,1256,3161.0,477,3162.0,644,3163.0,594,3164.0,315,3165.0,480,3166.0,1383,3167.0,485,3168.0,1024,3169.0,598,3165.0
m2409,DCE,13:40:49.716#,3157.0,3180.0,3138.0,3315.0,2941.0,891235,1428293.0,3160.0,1256,3161.0,477,3162.0,644,3163.0,594,3164.0,315,3165.0,481,3166.0,1383,3167.0,485,3168.0,1024,3169.0,598,3164.0
m2409,DCE,13:40:50.68#,3157.0,3180.0,3138.0,3315.0,2941.0,891235,1428293.0,3160.0,1256,3161.0,477,3162.0,644,3163.0,594,3164.0,315,3165.0,485,3166.0,1383,3167.0,485,3168.0,1024,3169.0,598,3164.0
m2409,DCE,13:40:50.303#,3157.0,3180.0,3138.0,3315.0,2941.0,891242,1428294.0,3160.0,1256,3161.0,475,3162.0,644,3163.0,593,3164.0,315,3165.0,486,3166.0,1383,3167.0,485,3168.0,1024,3169.0,598,3164.0
m2409,DCE,13:40:50.520#,3157.0,3180.0,3138.0,3315.0,2941.0,891242,1428294.0,3160.0,1256,3161.0,475,3162.0,644,3163.0,592,3164.0,315,3165.0,486,3166.0,1378,3167.0,485,3168.0,1024,3169.0,598,3164.0
