InstrumentId,ExchangeId,Datetime,OpenPrice,HighestPrice,LowestPrice,UpperLimitPrice,LowerLimitPrice,Volume,OpenInterest,BidPrice5,BidVolume5,BidPrice4,BidVolume4,BidPrice3,BidVolume3,BidPrice2,BidVolume2,BidPrice1,BidVolume1,AskPrice1,AskVolume1,AskPrice2,AskVolume2,AskPrice3,AskVolume3,AskPrice4,AskVolume4,AskPrice5,AskVolume5,LastPrice
MA409,,13:38:35.0#,2495.0,2502.0,2485.0,2686.0,2334.0,403058,775218,2487.0,625,2488.0,901,2489.0,482,2490.0,1033,2491.0,1148,2492.0,3,2493.0,448,2494.0,576,2495.0,403,2496.0,681,2492.0
MA409,,13:38:35.250#,2495.0,2502.0,2485.0,2686.0,2334.0,403058,775218,2487.0,625,2488.0,901,2489.0,482,2490.0,1033,2491.0,1068,2492.0,3,2493.0,448,2494.0,576,2495.0,403,2496.0,681,2492.0
MA409,,13:38:35.500#,2495.0,2502.0,2485.0,2686.0,2334.0,403058,775218,2487.0,625,2488.0,901,2489.0,482,2490.0,1033,2491.0,1068,2492.0,130,2493.0,448,2494.0,576,2495.0,403,2496.0,681,2492.0
MA409,,13:38:35.750#,2495.0,2502.0,2485.0,2686.0,2334.0,403058,775218,2487.0,625,2488.0,901,2489.0,482,2490.0,1033,2491.0,1034,2492.0,173,2493.0,448,2494.0,575,2495.0,403,2496.0,681,2492.0
MA409,,13:38:36.0#,2495.0,2502.0,2485.0,2686.0,2334.0,403058,775218,2487.0,625,2488.0,900,2489.0,482,2490.0,1033,2491.0,1034,2492.0,175,2493.0,448,2494.0,575,2495.0,403,2496.0,681,2492.0
MA409,,13:38:36.250#,2495.0,2502.0,2485.0,2686.0,2334.0,403058,775218,2487.0,625,2488.0,900,2489.0,482,2490.0,1033,2491.0,1034,2492.0,156,2493.0,448,2494.0,575,2495.0,403,2496.0,681,2492.0
MA409,,13:38:36.500#,2495.0,2502.0,2485.0,2686.0,2334.0,403058,775218,2487.0,625,2488.0,900,2489.0,482,2490.0,1033,2491.0,1034,2492.0,84,2493.0,448,2494.0,575,2495.0,403,2496.0,681,2492.0
MA409,,13:38:36.750#,2495.0,2502.0,2485.0,2686.0,2334.0,403061,775216,2487.0,625,2488.0,900,2489.0,482,2490.0,1033,2491.0,1033,2492.0,64,2493.0,448,2494.0,575,2495.0,404,2496.0,681,2492.0
MA409,,13:38:37.0#,2495.0,2502.0,2485.0,2686.0,2334.0,403061,775216,2487.0,625,2488.0,900,2489.0,482,2490.0,1032,2491.0,1033,2492.0,62,2493.0,448,2494.0,575,2495.0,404,2496.0,681,2492.0
MA409,,13:38:37.250#,2495.0,2502.0,2485.0,2686.0,2334.0,403061,775216,2487.0,625,2488.0,900,2489.0,482,2490.0,1032,2491.0,1034,2492.0,120,2493.0,429,2494.0,575,2495.0,404,2496.0,681,2492.0
MA409,,13:38:37.500#,2495.0,2502.0,2485.0,2686.0,2334.0,403062,775216,2487.0,625,2488.0,900,2489.0,483,2490.0,1032,2491.0,1034,2492.0,163,2493.0,430,2494.0,575,2495.0,404,2496.0,681,2492.0
MA409,,13:38:37.750#,2495.0,2502.0,2485.0,2686.0,2334.0,403062,775216,2487.0,625,2488.0,900,2489.0,483,2490.0,1032,2491.0,1034,2492.0,163,2493.0,429,2494.0,575,2495.0,404,2496.0,681,2492.0
MA409,,13:38:38.0#,2495.0,2502.0,2485.0,2686.0,2334.0,403067,775214,2487.0,625,2488.0,900,2489.0,483,2490.0,1033,2491.0,1030,2492.0,163,2493.0,429,2494.0,575,2495.0,404,2496.0,681,2491.0
MA409,,13:38:38.750#,2495.0,2502.0,2485.0,2686.0,2334.0,403067,775214,2487.0,625,2488.0,900,2489.0,483,2490.0,1033,2491.0,1030,2492.0,165,2493.0,429,2494.0,575,2495.0,404,2496.0,681,2491.0
MA409,,13:38:39.0#,2495.0,2502.0,2485.0,2686.0,2334.0,403067,775214,2487.0,625,2488.0,900,2489.0,483,2490.0,1033,2491.0,1030,2492.0,171,2493.0,429,2494.0,575,2495.0,404,2496.0,681,2491.0
MA409,,13:38:39.250#,2495.0,2502.0,2485.0,2686.0,2334.0,403067,775214,2487.0,625,2488.0,900,2489.0,483,2490.0,1033,2491.0,1030,2492.0,171,2493.0,429,2494.0,575,2495.0,404,2496.0,681,2491.0
MA409,,13:38:39.500#,2495.0,2502.0,2485.0,2686.0,2334.0,403073,775214,2487.0,625,2488.0,900,2489.0,483,2490.0,1033,2491.0,1030,2492.0,165,2493.0,428,2494.0,575,2495.0,404,2496.0,681,2492.0
MA409,,13:38:39.750#,2495.0,2502.0,2485.0,2686.0,2334.0,403073,775214,2487.0,625,2488.0,900,2489.0,483,2490.0,1038,2491.0,1030,2492.0,166,2493.0,428,2494.0,575,2495.0,404,2496.0,681,2492.0
MA409,,13:38:40.0#,2495.0,2502.0,2485.0,2686.0,2334.0,403074,775214,2487.0,625,2488.0,900,2489.0,483,2490.0,1038,2491.0,1030,2492.0,165,2493.0,427,2494.0,575,2495.0,404,2496.0,681,2492.0
MA409,,13:38:40.250#,2495.0,2502.0,2485.0,2686.0,2334.0,403075,775213,2487.0,625,2488.0,900,2489.0,483,2490.0,1038,2491.0,1030,2492.0,165,2493.0,427,2494.0,575,2495.0,404,2496.0,681,2492.0
MA409,,13:38:40.750#,2495.0,2502.0,2485.0,2686.0,2334.0,403075,775213,2487.0,625,2488.0,900,2489.0,483,2490.0,1058,2491.0,1030,2492.0,165,2493.0,427,2494.0,575,2495.0,404,2496.0,681,2492.0
MA409,,13:38:41.0#,2495.0,2502.0,2485.0,2686.0,2334.0,403075,775213,2487.0,625,2488.0,900,2489.0,483,2490.0,1058,2491.0,1030,2492.0,165,2493.0,426,2494.0,575,2495.0,404,2496.0,681,2492.0
MA409,,13:38:41.250#,2495.0,2502.0,2485.0,2686.0,2334.0,403095,775199,2487.0,625,2488.0,900,2489.0,483,2490.0,1058,2491.0,1017,2492.0,165,2493.0,426,2494.0,575,2495.0,404,2496.0,681,2491.0
MA409,,13:38:41.500#,2495.0,2502.0,2485.0,2686.0,2334.0,403098,775202,2487.0,625,2488.0,900,2489.0,483,2490.0,1058,2491.0,1014,2492.0,167,2493.0,426,2494.0,575,2495.0,404,2496.0,681,2491.0
MA409,,13:38:41.750#,2495.0,2502.0,2485.0,2686.0,2334.0,403098,775202,2487.0,625,2488.0,900,2489.0,483,2490.0,1058,2491.0,1015,2492.0,167,2493.0,426,2494.0,575,2495.0,404,2496.0,681,2491.0
MA409,,13:38:42.0#,2495.0,2502.0,2485.0,2686.0,2334.0,403098,775202,2487.0,625,2488.0,900,2489.0,483,2490.0,1058,2491.0,1015,2492.0,168,2493.0,426,2494.0,575,2495.0,404,2496.0,681,2491.0
MA409,,13:38:42.250#,2495.0,2502.0,2485.0,2686.0,2334.0,403098,775202,2487.0,625,2488.0,900,2489.0,483,2490.0,1058,2491.0,1015,2492.0,168,2493.0,429,2494.0,575,2495.0,404,2496.0,681,2491.0
MA409,,13:38:42.750#,2495.0,2502.0,2485.0,2686.0,2334.0,403098,775202,2487.0,625,2488.0,900,2489.0,483,2490.0,1059,2491.0,1015,2492.0,168,2493.0,429,2494.0,575,2495.0,404,2496.0,681,2491.0
MA409,,13:38:43.0#,2495.0,2502.0,2485.0,2686.0,2334.0,403098,775202,2487.0,625,2488.0,900,2489.0,483,2490.0,1059,2491.0,1010,2492.0,168,2493.0,429,2494.0,575,2495.0,404,2496.0,681,2491.0
MA409,,13:38:43.250#,2495.0,2502.0,2485.0,2686.0,2334.0,403100,775200,2487.0,625,2488.0,899,2489.0,483,2490.0,1059,2491.0,1011,2492.0,166,2493.0,428,2494.0,575,2495.0,404,2496.0,681,2492.0
MA409,,13:38:43.500#,2495.0,2502.0,2485.0,2686.0,2334.0,403102,775199,2487.0,625,2488.0,899,2489.0,483,2490.0,1059,2491.0,1010,2492.0,165,2493.0,428,2494.0,575,2495.0,404,2496.0,681,2492.0
MA409,,13:38:43.750#,2495.0,2502.0,2485.0,2686.0,2334.0,403102,775199,2487.0,625,2488.0,899,2489.0,483,2490.0,1060,2491.0,1009,2492.0,163,2493.0,428,2494.0,575,2495.0,404,2496.0,681,2492.0
MA409,,13:38:44.0#,2495.0,2502.0,2485.0,2686.0,2334.0,403104,775199,2487.0,625,2488.0,899,2489.0,483,2490.0,1060,2491.0,1013,2492.0,161,2493.0,428,2494.0,575,2495.0,404,2496.0,681,2492.0
MA409,,13:38:44.250#,2495.0,2502.0,2485.0,2686.0,2334.0,403104,775199,2487.0,625,2488.0,899,2489.0,483,2490.0,1060,2491.0,1013,2492.0,159,2493.0,428,2494.0,575,2495.0,404,2496.0,681,2492.0
MA409,,13:38:44.750#,2495.0,2502.0,2485.0,2686.0,2334.0,403104,775199,2487.0,625,2488.0,899,2489.0,483,2490.0,1058,2491.0,1013,2492.0,159,2493.0,428,2494.0,575,2495.0,404,2496.0,681,2492.0
MA409,,13:38:45.0#,2495.0,2502.0,2485.0,2686.0,2334.0,403104,775199,2487.0,624,2488.0,899,2489.0,483,2490.0,1058,2491.0,1013,2492.0,159,2493.0,428,2494.0,575,2495.0,404,2496.0,681,2492.0
MA409,,13:38:45.250#,2495.0,2502.0,2485.0,2686.0,2334.0,403104,775199,2487.0,624,2488.0,899,2489.0,483,2490.0,1058,2491.0,1013,2492.0,159,2493.0,428,2494.0,575,2495.0,404,2496.0,681,2492.0
MA409,,13:38:45.750#,2495.0,2502.0,2485.0,2686.0,2334.0,403104,775199,2487.0,624,2488.0,899,2489.0,483,2490.0,1068,2491.0,1014,2492.0,159,2493.0,428,2494.0,575,2495.0,404,2496.0,681,2492.0
MA409,,13:38:46.0#,2495.0,2502.0,2485.0,2686.0,2334.0,403106,775197,2487.0,624,2488.0,899,2489.0,483,2490.0,1068,2491.0,1014,2492.0,157,2493.0,428,2494.0,575,2495.0,404,2496.0,681,2492.0
MA409,,13:38:46.500#,2495.0,2502.0,2485.0,2686.0,2334.0,403109,775195,2487.0,624,2488.0,899,2489.0,484,2490.0,1068,2491.0,1013,2492.0,156,2493.0,428,2494.0,575,2495.0,404,2496.0,681,2492.0
MA409,,13:38:46.750#,2495.0,2502.0,2485.0,2686.0,2334.0,403109,775195,2487.0,624,2488.0,899,2489.0,484,2490.0,1068,2491.0,1013,2492.0,156,2493.0,425,2494.0,575,2495.0,404,2496.0,681,2492.0
MA409,,13:38:47.0#,2495.0,2502.0,2485.0,2686.0,2334.0,403109,775195,2487.0,624,2488.0,899,2489.0,484,2490.0,1068,2491.0,1013,2492.0,156,2493.0,425,2494.0,575,2495.0,404,2496.0,681,2492.0
MA409,,13:38:47.250#,2495.0,2502.0,2485.0,2686.0,2334.0,403111,775195,2487.0,624,2488.0,899,2489.0,494,2490.0,1068,2491.0,1011,2492.0,156,2493.0,425,2494.0,575,2495.0,404,2496.0,681,2491.0
MA409,,13:38:47.500#,2495.0,2502.0,2485.0,2686.0,2334.0,403111,775195,2487.0,624,2488.0,899,2489.0,493,2490.0,1068,2491.0,1011,2492.0,157,2493.0,425,2494.0,575,2495.0,404,2496.0,681,2491.0
MA409,,13:38:48.0#,2495.0,2502.0,2485.0,2686.0,2334.0,403111,775195,2487.0,624,2488.0,899,2489.0,493,2490.0,1069,2491.0,1011,2492.0,157,2493.0,425,2494.0,575,2495.0,404,2496.0,681,2491.0
MA409,,13:38:48.250#,2495.0,2502.0,2485.0,2686.0,2334.0,403111,775195,2487.0,624,2488.0,899,2489.0,493,2490.0,1069,2491.0,1011,2492.0,157,2493.0,424,2494.0,575,2495.0,404,2496.0,681,2491.0
MA409,,13:38:48.500#,2495.0,2502.0,2485.0,2686.0,2334.0,403112,775194,2487.0,624,2488.0,899,2489.0,493,2490.0,1069,2491.0,1011,2492.0,156,2493.0,424,2494.0,575,2495.0,404,2496.0,681,2492.0
MA409,,13:38:48.750#,2495.0,2502.0,2485.0,2686.0,2334.0,403113,775194,2487.0,624,2488.0,899,2489.0,493,2490.0,1069,2491.0,1011,2492.0,155,2493.0,424,2494.0,575,2495.0,404,2496.0,681,2492.0
MA409,,13:38:49.0#,2495.0,2502.0,2485.0,2686.0,2334.0,403113,775194,2487.0,624,2488.0,909,2489.0,493,2490.0,1069,2491.0,1011,2492.0,155,2493.0,424,2494.0,575,2495.0,404,2496.0,681,2492.0
MA409,,13:38:49.250#,2495.0,2502.0,2485.0,2686.0,2334.0,403113,775194,2487.0,624,2488.0,909,2489.0,498,2490.0,1069,2491.0,1012,2492.0,155,2493.0,424,2494.0,575,2495.0,404,2496.0,681,2492.0
MA409,,13:38:49.500#,2495.0,2502.0,2485.0,2686.0,2334.0,403118,775189,2487.0,624,2488.0,909,2489.0,498,2490.0,1069,2491.0,1011,2492.0,150,2493.0,424,2494.0,575,2495.0,394,2496.0,681,2492.0
MA409,,13:38:49.750#,2495.0,2502.0,2485.0,2686.0,2334.0,403118,775189,2487.0,624,2488.0,909,2489.0,498,2490.0,1069,2491.0,1011,2492.0,149,2493.0,434,2494.0,575,2495.0,394,2496.0,681,2492.0
MA409,,13:38:50.0#,2495.0,2502.0,2485.0,2686.0,2334.0,403118,775189,2487.0,624,2488.0,909,2489.0,498,2490.0,1069,2491.0,1013,2492.0,149,2493.0,434,2494.0,575,2495.0,394,2496.0,681,2492.0
MA409,,13:38:50.750#,2495.0,2502.0,2485.0,2686.0,2334.0,403120,775187,2487.0,624,2488.0,909,2489.0,498,2490.0,1069,2491.0,1014,2492.0,149,2493.0,434,2494.0,575,2495.0,394,2496.0,681,2492.0
MA409,,13:38:51.0#,2495.0,2502.0,2485.0,2686.0,2334.0,403120,775187,2487.0,634,2488.0,909,2489.0,498,2490.0,1069,2491.0,1014,2492.0,149,2493.0,434,2494.0,575,2495.0,394,2496.0,681,2492.0
MA409,,13:38:51.500#,2495.0,2502.0,2485.0,2686.0,2334.0,403123,775190,2487.0,634,2488.0,909,2489.0,498,2490.0,1069,2491.0,1012,2492.0,149,2493.0,434,2494.0,575,2495.0,394,2496.0,681,2491.0
MA409,,13:38:51.750#,2495.0,2502.0,2485.0,2686.0,2334.0,403124,775190,2487.0,634,2488.0,909,2489.0,498,2490.0,1069,2491.0,1012,2492.0,148,2493.0,434,2494.0,575,2495.0,394,2496.0,681,2492.0
MA409,,13:38:52.250#,2495.0,2502.0,2485.0,2686.0,2334.0,403124,775190,2487.0,634,2488.0,909,2489.0,498,2490.0,1068,2491.0,1012,2492.0,157,2493.0,434,2494.0,575,2495.0,394,2496.0,681,2492.0
MA409,,13:38:52.500#,2495.0,2502.0,2485.0,2686.0,2334.0,403126,775188,2487.0,634,2488.0,909,2489.0,498,2490.0,1068,2491.0,1012,2492.0,154,2493.0,434,2494.0,575,2495.0,394,2496.0,681,2492.0
MA409,,13:38:53.250#,2495.0,2502.0,2485.0,2686.0,2334.0,403127,775188,2487.0,634,2488.0,909,2489.0,498,2490.0,1063,2491.0,1016,2492.0,154,2493.0,434,2494.0,575,2495.0,394,2496.0,681,2491.0
MA409,,13:38:53.500#,2495.0,2502.0,2485.0,2686.0,2334.0,403128,775189,2487.0,634,2488.0,909,2489.0,498,2490.0,1063,2491.0,1015,2492.0,156,2493.0,434,2494.0,575,2495.0,394,2496.0,681,2491.0
MA409,,13:38:53.750#,2495.0,2502.0,2485.0,2686.0,2334.0,403128,775189,2487.0,634,2488.0,909,2489.0,498,2490.0,1063,2491.0,1016,2492.0,156,2493.0,434,2494.0,575,2495.0,394,2496.0,681,2491.0
MA409,,13:38:54.250#,2495.0,2502.0,2485.0,2686.0,2334.0,403143,775189,2487.0,634,2488.0,909,2489.0,498,2490.0,1063,2491.0,1001,2492.0,156,2493.0,434,2494.0,575,2495.0,394,2496.0,681,2491.0
MA409,,13:38:54.500#,2495.0,2502.0,2485.0,2686.0,2334.0,403145,775187,2487.0,634,2488.0,909,2489.0,498,2490.0,1063,2491.0,1002,2492.0,157,2493.0,434,2494.0,575,2495.0,394,2496.0,681,2492.0
MA409,,13:38:55.250#,2495.0,2502.0,2485.0,2686.0,2334.0,403146,775186,2487.0,634,2488.0,909,2489.0,498,2490.0,1064,2491.0,1003,2492.0,156,2493.0,434,2494.0,575,2495.0,394,2496.0,681,2492.0
MA409,,13:38:55.500#,2495.0,2502.0,2485.0,2686.0,2334.0,403146,775186,2487.0,634,2488.0,909,2489.0,498,2490.0,1064,2491.0,1003,2492.0,156,2493.0,434,2494.0,575,2495.0,394,2496.0,681,2492.0
MA409,,13:38:56.500#,2495.0,2502.0,2485.0,2686.0,2334.0,403146,775186,2487.0,634,2488.0,909,2489.0,498,2490.0,1064,2491.0,1003,2492.0,157,2493.0,434,2494.0,575,2495.0,394,2496.0,681,2492.0
MA409,,13:38:56.750#,2495.0,2502.0,2485.0,2686.0,2334.0,403146,775186,2487.0,634,2488.0,909,2489.0,498,2490.0,1064,2491.0,1004,2492.0,157,2493.0,434,2494.0,575,2495.0,394,2496.0,681,2492.0
MA409,,13:38:57.0#,2495.0,2502.0,2485.0,2686.0,2334.0,403147,775186,2487.0,634,2488.0,909,2489.0,502,2490.0,1064,2491.0,1004,2492.0,157,2493.0,434,2494.0,575,2495.0,394,2496.0,681,2492.0
MA409,,13:38:57.250#,2495.0,2502.0,2485.0,2686.0,2334.0,403147,775186,2487.0,634,2488.0,909,2489.0,502,2490.0,1065,2491.0,1004,2492.0,157,2493.0,434,2494.0,575,2495.0,394,2496.0,681,2492.0
MA409,,13:38:57.500#,2495.0,2502.0,2485.0,2686.0,2334.0,403147,775186,2487.0,634,2488.0,909,2489.0,502,2490.0,1065,2491.0,1008,2492.0,157,2493.0,434,2494.0,575,2495.0,394,2496.0,681,2492.0
MA409,,13:38:57.750#,2495.0,2502.0,2485.0,2686.0,2334.0,403147,775186,2487.0,634,2488.0,909,2489.0,501,2490.0,1065,2491.0,1009,2492.0,157,2493.0,434,2494.0,575,2495.0,394,2496.0,681,2492.0
MA409,,13:38:58.0#,2495.0,2502.0,2485.0,2686.0,2334.0,403147,775186,2487.0,634,2488.0,909,2489.0,501,2490.0,1065,2491.0,1009,2492.0,157,2493.0,434,2494.0,575,2495.0,394,2496.0,681,2492.0
MA409,,13:38:58.250#,2495.0,2502.0,2485.0,2686.0,2334.0,403148,775186,2487.0,634,2488.0,909,2489.0,501,2490.0,1065,2491.0,1009,2492.0,156,2493.0,434,2494.0,575,2495.0,394,2496.0,681,2492.0
MA409,,13:38:58.500#,2495.0,2502.0,2485.0,2686.0,2334.0,403150,775187,2487.0,634,2488.0,909,2489.0,501,2490.0,1070,2491.0,1009,2492.0,152,2493.0,434,2494.0,575,2495.0,394,2496.0,681,2492.0
MA409,,13:38:58.750#,2495.0,2502.0,2485.0,2686.0,2334.0,403150,775187,2487.0,634,2488.0,909,2489.0,501,2490.0,1069,2491.0,1010,2492.0,152,2493.0,434,2494.0,575,2495.0,394,2496.0,681,2492.0
MA409,,13:38:59.0#,2495.0,2502.0,2485.0,2686.0,2334.0,403150,775187,2487.0,634,2488.0,907,2489.0,501,2490.0,1069,2491.0,1010,2492.0,152,2493.0,434,2494.0,575,2495.0,394,2496.0,681,2492.0
MA409,,13:38:59.250#,2495.0,2502.0,2485.0,2686.0,2334.0,403150,775187,2487.0,634,2488.0,907,2489.0,501,2490.0,1069,2491.0,1013,2492.0,152,2493.0,434,2494.0,575,2495.0,394,2496.0,681,2492.0
MA409,,13:38:59.750#,2495.0,2502.0,2485.0,2686.0,2334.0,403150,775187,2487.0,634,2488.0,907,2489.0,501,2490.0,1069,2491.0,1113,2492.0,152,2493.0,434,2494.0,575,2495.0,394,2496.0,681,2492.0
MA409,,13:39:00.0#,2495.0,2502.0,2485.0,2686.0,2334.0,403150,775187,2487.0,634,2488.0,907,2489.0,501,2490.0,1069,2491.0,1114,2492.0,107,2493.0,434,2494.0,575,2495.0,394,2496.0,681,2492.0
MA409,,13:39:00.250#,2495.0,2502.0,2485.0,2686.0,2334.0,403150,775187,2487.0,634,2488.0,907,2489.0,501,2490.0,1069,2491.0,1124,2492.0,88,2493.0,434,2494.0,575,2495.0,394,2496.0,681,2492.0
MA409,,13:39:00.500#,2495.0,2502.0,2485.0,2686.0,2334.0,403153,775185,2487.0,634,2488.0,907,2489.0,501,2490.0,1069,2491.0,1123,2492.0,88,2493.0,434,2494.0,575,2495.0,394,2496.0,681,2492.0
MA409,,13:39:00.750#,2495.0,2502.0,2485.0,2686.0,2334.0,403155,775185,2487.0,634,2488.0,907,2489.0,501,2490.0,1069,2491.0,1121,2492.0,89,2493.0,434,2494.0,576,2495.0,394,2496.0,681,2491.0
MA409,,13:39:01.0#,2495.0,2502.0,2485.0,2686.0,2334.0,403155,775185,2487.0,634,2488.0,907,2489.0,501,2490.0,1069,2491.0,1132,2492.0,89,2493.0,434,2494.0,576,2495.0,394,2496.0,681,2491.0
MA409,,13:39:01.250#,2495.0,2502.0,2485.0,2686.0,2334.0,403175,775185,2487.0,634,2488.0,907,2489.0,501,2490.0,1069,2491.0,1113,2492.0,88,2493.0,434,2494.0,576,2495.0,394,2496.0,681,2491.0
MA409,,13:39:01.500#,2495.0,2502.0,2485.0,2686.0,2334.0,403184,775178,2487.0,634,2488.0,907,2489.0,501,2490.0,1069,2491.0,1115,2492.0,109,2493.0,434,2494.0,576,2495.0,394,2496.0,681,2492.0
MA409,,13:39:01.750#,2495.0,2502.0,2485.0,2686.0,2334.0,403184,775178,2487.0,635,2488.0,907,2489.0,501,2490.0,1069,2491.0,1105,2492.0,128,2493.0,434,2494.0,576,2495.0,394,2496.0,681,2492.0
MA409,,13:39:02.0#,2495.0,2502.0,2485.0,2686.0,2334.0,403184,775178,2487.0,635,2488.0,907,2489.0,501,2490.0,1069,2491.0,1105,2492.0,151,2493.0,433,2494.0,575,2495.0,394,2496.0,681,2492.0
MA409,,13:39:02.250#,2495.0,2502.0,2485.0,2686.0,2334.0,403196,775166,2487.0,635,2488.0,907,2489.0,501,2490.0,1069,2491.0,1142,2492.0,151,2493.0,433,2494.0,575,2495.0,394,2496.0,681,2492.0
MA409,,13:39:02.500#,2495.0,2502.0,2485.0,2686.0,2334.0,403196,775166,2487.0,635,2488.0,907,2489.0,501,2490.0,1069,2491.0,1140,2492.0,111,2493.0,439,2494.0,575,2495.0,394,2496.0,681,2492.0
MA409,,13:39:02.750#,2495.0,2502.0,2485.0,2686.0,2334.0,403199,775163,2487.0,635,2488.0,907,2489.0,501,2490.0,1069,2491.0,1142,2492.0,109,2493.0,439,2494.0,575,2495.0,394,2496.0,681,2492.0
MA409,,13:39:03.0#,2495.0,2502.0,2485.0,2686.0,2334.0,403200,775163,2487.0,635,2488.0,907,2489.0,501,2490.0,1069,2491.0,1141,2492.0,110,2493.0,439,2494.0,575,2495.0,394,2496.0,681,2491.0
MA409,,13:39:03.250#,2495.0,2502.0,2485.0,2686.0,2334.0,403200,775163,2487.0,635,2488.0,907,2489.0,501,2490.0,1069,2491.0,1141,2492.0,112,2493.0,439,2494.0,575,2495.0,394,2496.0,681,2491.0
MA409,,13:39:03.500#,2495.0,2502.0,2485.0,2686.0,2334.0,403200,775163,2487.0,635,2488.0,907,2489.0,501,2490.0,1069,2491.0,1141,2492.0,116,2493.0,435,2494.0,575,2495.0,394,2496.0,681,2491.0
MA409,,13:39:03.750#,2495.0,2502.0,2485.0,2686.0,2334.0,403201,775162,2487.0,635,2488.0,907,2489.0,501,2490.0,1069,2491.0,1140,2492.0,115,2493.0,435,2494.0,575,2495.0,394,2496.0,681,2492.0
MA409,,13:39:04.250#,2495.0,2502.0,2485.0,2686.0,2334.0,403201,775162,2487.0,635,2488.0,907,2489.0,501,2490.0,1069,2491.0,1103,2492.0,116,2493.0,435,2494.0,575,2495.0,394,2496.0,681,2492.0
MA409,,13:39:04.500#,2495.0,2502.0,2485.0,2686.0,2334.0,403201,775162,2487.0,635,2488.0,907,2489.0,501,2490.0,1069,2491.0,1103,2492.0,164,2493.0,435,2494.0,575,2495.0,394,2496.0,681,2492.0
MA409,,13:39:05.0#,2495.0,2502.0,2485.0,2686.0,2334.0,403207,775156,2487.0,635,2488.0,907,2489.0,501,2490.0,1069,2491.0,1103,2492.0,158,2493.0,435,2494.0,575,2495.0,394,2496.0,681,2492.0
MA409,,13:39:06.0#,2495.0,2502.0,2485.0,2686.0,2334.0,403207,775156,2487.0,635,2488.0,907,2489.0,501,2490.0,1069,2491.0,1103,2492.0,158,2493.0,435,2494.0,575,2495.0,394,2496.0,682,2492.0
MA409,,13:39:06.250#,2495.0,2502.0,2485.0,2686.0,2334.0,403207,775156,2487.0,635,2488.0,907,2489.0,501,2490.0,1069,2491.0,1103,2492.0,274,2493.0,435,2494.0,575,2495.0,394,2496.0,682,2492.0
MA409,,13:39:06.500#,2495.0,2502.0,2485.0,2686.0,2334.0,403207,775156,2487.0,635,2488.0,907,2489.0,501,2490.0,1069,2491.0,1100,2492.0,306,2493.0,435,2494.0,575,2495.0,394,2496.0,682,2492.0
MA409,,13:39:06.750#,2495.0,2502.0,2485.0,2686.0,2334.0,403207,775156,2487.0,635,2488.0,907,2489.0,501,2490.0,1069,2491.0,1100,2492.0,309,2493.0,435,2494.0,575,2495.0,394,2496.0,682,2492.0
MA409,,13:39:07.250#,2495.0,2502.0,2485.0,2686.0,2334.0,403207,775156,2487.0,635,2488.0,907,2489.0,501,2490.0,1069,2491.0,1099,2492.0,310,2493.0,435,2494.0,575,2495.0,394,2496.0,682,2492.0
MA409,,13:39:07.500#,2495.0,2502.0,2485.0,2686.0,2334.0,403209,775156,2487.0,635,2488.0,907,2489.0,501,2490.0,1068,2491.0,1100,2492.0,308,2493.0,435,2494.0,575,2495.0,394,2496.0,682,2492.0
MA409,,13:39:07.750#,2495.0,2502.0,2485.0,2686.0,2334.0,403210,775156,2487.0,635,2488.0,907,2489.0,501,2490.0,1068,2491.0,1100,2492.0,307,2493.0,435,2494.0,575,2495.0,394,2496.0,682,2492.0
MA409,,13:39:08.0#,2495.0,2502.0,2485.0,2686.0,2334.0,403210,775156,2487.0,635,2488.0,907,2489.0,501,2490.0,1068,2491.0,1099,2492.0,307,2493.0,435,2494.0,575,2495.0,394,2496.0,682,2492.0
MA409,,13:39:08.250#,2495.0,2502.0,2485.0,2686.0,2334.0,403212,775155,2487.0,635,2488.0,907,2489.0,501,2490.0,1068,2491.0,1099,2492.0,311,2493.0,436,2494.0,575,2495.0,394,2496.0,682,2491.0
MA409,,13:39:08.500#,2495.0,2502.0,2485.0,2686.0,2334.0,403212,775155,2487.0,635,2488.0,907,2489.0,501,2490.0,1070,2491.0,1099,2492.0,311,2493.0,436,2494.0,575,2495.0,394,2496.0,682,2491.0
MA409,,13:39:08.750#,2495.0,2502.0,2485.0,2686.0,2334.0,403213,775155,2487.0,635,2488.0,907,2489.0,501,2490.0,1070,2491.0,1099,2492.0,310,2493.0,437,2494.0,575,2495.0,401,2496.0,682,2492.0
MA409,,13:39:09.250#,2495.0,2502.0,2485.0,2686.0,2334.0,403213,775155,2487.0,635,2488.0,907,2489.0,501,2490.0,1070,2491.0,1102,2492.0,310,2493.0,437,2494.0,573,2495.0,401,2496.0,682,2492.0
MA409,,13:39:09.500#,2495.0,2502.0,2485.0,2686.0,2334.0,403214,775155,2487.0,635,2488.0,907,2489.0,501,2490.0,1070,2491.0,1102,2492.0,309,2493.0,437,2494.0,573,2495.0,401,2496.0,682,2492.0
MA409,,13:39:09.750#,2495.0,2502.0,2485.0,2686.0,2334.0,403214,775155,2487.0,635,2488.0,907,2489.0,501,2490.0,1071,2491.0,1102,2492.0,327,2493.0,437,2494.0,573,2495.0,401,2496.0,682,2492.0
MA409,,13:39:10.0#,2495.0,2502.0,2485.0,2686.0,2334.0,403215,775155,2487.0,635,2488.0,907,2489.0,501,2490.0,1071,2491.0,1101,2492.0,327,2493.0,437,2494.0,573,2495.0,401,2496.0,682,2491.0
MA409,,13:39:10.250#,2495.0,2502.0,2485.0,2686.0,2334.0,403217,775155,2487.0,635,2488.0,907,2489.0,501,2490.0,1071,2491.0,1100,2492.0,326,2493.0,436,2494.0,573,2495.0,401,2496.0,682,2491.0
MA409,,13:39:10.500#,2495.0,2502.0,2485.0,2686.0,2334.0,403217,775155,2487.0,635,2488.0,907,2489.0,501,2490.0,1071,2491.0,1014,2492.0,414,2493.0,436,2494.0,573,2495.0,401,2496.0,682,2491.0
MA409,,13:39:10.750#,2495.0,2502.0,2485.0,2686.0,2334.0,403217,775155,2487.0,635,2488.0,907,2489.0,501,2490.0,1071,2491.0,1015,2492.0,415,2493.0,436,2494.0,573,2495.0,401,2496.0,682,2491.0
MA409,,13:39:11.0#,2495.0,2502.0,2485.0,2686.0,2334.0,403217,775155,2487.0,635,2488.0,907,2489.0,501,2490.0,1071,2491.0,1015,2492.0,416,2493.0,436,2494.0,573,2495.0,401,2496.0,682,2491.0
MA409,,13:39:11.750#,2495.0,2502.0,2485.0,2686.0,2334.0,403218,775154,2487.0,635,2488.0,907,2489.0,501,2490.0,1071,2491.0,1016,2492.0,415,2493.0,436,2494.0,573,2495.0,401,2496.0,682,2492.0
MA409,,13:39:12.0#,2495.0,2502.0,2485.0,2686.0,2334.0,403221,775154,2487.0,635,2488.0,907,2489.0,501,2490.0,1071,2491.0,1011,2492.0,415,2493.0,436,2494.0,573,2495.0,401,2496.0,682,2491.0
MA409,,13:39:12.250#,2495.0,2502.0,2485.0,2686.0,2334.0,403221,775154,2487.0,635,2488.0,907,2489.0,501,2490.0,1071,2491.0,1012,2492.0,437,2493.0,436,2494.0,573,2495.0,401,2496.0,682,2491.0
MA409,,13:39:13.0#,2495.0,2502.0,2485.0,2686.0,2334.0,403221,775154,2487.0,635,2488.0,907,2489.0,501,2490.0,1071,2491.0,1013,2492.0,437,2493.0,436,2494.0,573,2495.0,401,2496.0,682,2491.0
MA409,,13:39:13.500#,2495.0,2502.0,2485.0,2686.0,2334.0,403221,775154,2487.0,635,2488.0,907,2489.0,501,2490.0,1071,2491.0,1013,2492.0,437,2493.0,435,2494.0,573,2495.0,401,2496.0,682,2491.0
MA409,,13:39:14.0#,2495.0,2502.0,2485.0,2686.0,2334.0,403223,775156,2487.0,635,2488.0,907,2489.0,501,2490.0,1071,2491.0,1009,2492.0,438,2493.0,435,2494.0,572,2495.0,401,2496.0,682,2491.0
MA409,,13:39:14.250#,2495.0,2502.0,2485.0,2686.0,2334.0,403235,775156,2487.0,635,2488.0,907,2489.0,501,2490.0,1071,2491.0,997,2492.0,438,2493.0,436,2494.0,572,2495.0,401,2496.0,682,2491.0
MA409,,13:39:14.500#,2495.0,2502.0,2485.0,2686.0,2334.0,403235,775156,2487.0,635,2488.0,907,2489.0,501,2490.0,1071,2491.0,997,2492.0,440,2493.0,436,2494.0,572,2495.0,401,2496.0,682,2491.0
MA409,,13:39:14.750#,2495.0,2502.0,2485.0,2686.0,2334.0,403235,775156,2487.0,636,2488.0,907,2489.0,501,2490.0,1071,2491.0,997,2492.0,440,2493.0,436,2494.0,572,2495.0,401,2496.0,682,2491.0
MA409,,13:39:15.0#,2495.0,2502.0,2485.0,2686.0,2334.0,403235,775156,2487.0,636,2488.0,907,2489.0,501,2490.0,1071,2491.0,998,2492.0,444,2493.0,436,2494.0,572,2495.0,401,2496.0,682,2491.0
MA409,,13:39:15.250#,2495.0,2502.0,2485.0,2686.0,2334.0,403235,775156,2487.0,636,2488.0,907,2489.0,501,2490.0,1071,2491.0,998,2492.0,453,2493.0,436,2494.0,572,2495.0,401,2496.0,682,2491.0
MA409,,13:39:15.500#,2495.0,2502.0,2485.0,2686.0,2334.0,403235,775156,2487.0,636,2488.0,907,2489.0,501,2490.0,1071,2491.0,998,2492.0,460,2493.0,436,2494.0,572,2495.0,401,2496.0,682,2491.0
MA409,,13:39:15.750#,2495.0,2502.0,2485.0,2686.0,2334.0,403236,775156,2487.0,636,2488.0,907,2489.0,501,2490.0,1088,2491.0,1002,2492.0,460,2493.0,436,2494.0,572,2495.0,401,2496.0,682,2491.0
MA409,,13:39:16.250#,2495.0,2502.0,2485.0,2686.0,2334.0,403236,775156,2487.0,636,2488.0,907,2489.0,501,2490.0,1088,2491.0,1002,2492.0,460,2493.0,437,2494.0,572,2495.0,401,2496.0,682,2491.0
MA409,,13:39:16.500#,2495.0,2502.0,2485.0,2686.0,2334.0,403243,775163,2487.0,636,2488.0,907,2489.0,501,2490.0,1088,2491.0,995,2492.0,460,2493.0,437,2494.0,572,2495.0,401,2496.0,682,2491.0
MA409,,13:39:16.750#,2495.0,2502.0,2485.0,2686.0,2334.0,403243,775163,2487.0,636,2488.0,907,2489.0,501,2490.0,1088,2491.0,995,2492.0,460,2493.0,437,2494.0,572,2495.0,401,2496.0,682,2491.0
MA409,,13:39:17.250#,2495.0,2502.0,2485.0,2686.0,2334.0,403264,775163,2487.0,636,2488.0,907,2489.0,501,2490.0,1088,2491.0,974,2492.0,439,2493.0,437,2494.0,572,2495.0,401,2496.0,682,2491.0
MA409,,13:39:17.500#,2495.0,2502.0,2485.0,2686.0,2334.0,403264,775163,2487.0,636,2488.0,907,2489.0,501,2490.0,1088,2491.0,975,2492.0,441,2493.0,436,2494.0,572,2495.0,401,2496.0,682,2491.0
MA409,,13:39:17.750#,2495.0,2502.0,2485.0,2686.0,2334.0,403266,775163,2487.0,636,2488.0,907,2489.0,501,2490.0,1088,2491.0,973,2492.0,441,2493.0,436,2494.0,572,2495.0,401,2496.0,682,2491.0
MA409,,13:39:18.0#,2495.0,2502.0,2485.0,2686.0,2334.0,403266,775163,2487.0,636,2488.0,907,2489.0,501,2490.0,1088,2491.0,973,2492.0,442,2493.0,436,2494.0,572,2495.0,401,2496.0,682,2491.0
MA409,,13:39:18.250#,2495.0,2502.0,2485.0,2686.0,2334.0,403266,775163,2487.0,636,2488.0,907,2489.0,501,2490.0,1088,2491.0,973,2492.0,443,2493.0,436,2494.0,572,2495.0,401,2496.0,682,2491.0
MA409,,13:39:18.500#,2495.0,2502.0,2485.0,2686.0,2334.0,403267,775162,2487.0,636,2488.0,907,2489.0,501,2490.0,1088,2491.0,973,2492.0,442,2493.0,436,2494.0,572,2495.0,401,2496.0,682,2492.0
MA409,,13:39:18.750#,2495.0,2502.0,2485.0,2686.0,2334.0,403269,775162,2487.0,636,2488.0,907,2489.0,501,2490.0,1088,2491.0,971,2492.0,442,2493.0,436,2494.0,572,2495.0,401,2496.0,682,2491.0
MA409,,13:39:19.0#,2495.0,2502.0,2485.0,2686.0,2334.0,403271,775160,2487.0,636,2488.0,907,2489.0,501,2490.0,1088,2491.0,971,2492.0,441,2493.0,436,2494.0,572,2495.0,401,2496.0,682,2492.0
MA409,,13:39:19.250#,2495.0,2502.0,2485.0,2686.0,2334.0,403271,775160,2487.0,636,2488.0,907,2489.0,501,2490.0,1088,2491.0,971,2492.0,442,2493.0,436,2494.0,572,2495.0,401,2496.0,682,2492.0
MA409,,13:39:19.500#,2495.0,2502.0,2485.0,2686.0,2334.0,403271,775160,2487.0,636,2488.0,907,2489.0,501,2490.0,1088,2491.0,971,2492.0,442,2493.0,436,2494.0,572,2495.0,401,2496.0,682,2492.0
MA409,,13:39:20.0#,2495.0,2502.0,2485.0,2686.0,2334.0,403271,775160,2487.0,636,2488.0,907,2489.0,501,2490.0,1088,2491.0,970,2492.0,442,2493.0,436,2494.0,572,2495.0,401,2496.0,682,2492.0
MA409,,13:39:20.250#,2495.0,2502.0,2485.0,2686.0,2334.0,403271,775160,2487.0,636,2488.0,907,2489.0,501,2490.0,1087,2491.0,970,2492.0,450,2493.0,436,2494.0,572,2495.0,401,2496.0,682,2492.0
MA409,,13:39:20.500#,2495.0,2502.0,2485.0,2686.0,2334.0,403272,775159,2487.0,636,2488.0,907,2489.0,501,2490.0,1087,2491.0,970,2492.0,451,2493.0,437,2494.0,572,2495.0,401,2496.0,682,2492.0
MA409,,13:39:21.0#,2495.0,2502.0,2485.0,2686.0,2334.0,403273,775159,2487.0,636,2488.0,907,2489.0,501,2490.0,1085,2491.0,970,2492.0,450,2493.0,437,2494.0,572,2495.0,401,2496.0,682,2492.0
MA409,,13:39:21.250#,2495.0,2502.0,2485.0,2686.0,2334.0,403273,775159,2487.0,636,2488.0,907,2489.0,501,2490.0,1085,2491.0,969,2492.0,450,2493.0,436,2494.0,572,2495.0,401,2496.0,682,2492.0
MA409,,13:39:21.500#,2495.0,2502.0,2485.0,2686.0,2334.0,403290,775163,2487.0,636,2488.0,907,2489.0,501,2490.0,1085,2491.0,964,2492.0,452,2493.0,436,2494.0,572,2495.0,401,2496.0,682,2491.0
MA409,,13:39:21.750#,2495.0,2502.0,2485.0,2686.0,2334.0,403290,775163,2487.0,636,2488.0,907,2489.0,501,2490.0,1085,2491.0,965,2492.0,453,2493.0,436,2494.0,572,2495.0,402,2496.0,681,2491.0
MA409,,13:39:22.0#,2495.0,2502.0,2485.0,2686.0,2334.0,403290,775163,2487.0,636,2488.0,908,2489.0,501,2490.0,1085,2491.0,965,2492.0,453,2493.0,436,2494.0,572,2495.0,402,2496.0,681,2491.0
MA409,,13:39:22.750#,2495.0,2502.0,2485.0,2686.0,2334.0,403290,775163,2487.0,636,2488.0,908,2489.0,501,2490.0,1085,2491.0,963,2492.0,453,2493.0,436,2494.0,572,2495.0,402,2496.0,681,2491.0
MA409,,13:39:23.0#,2495.0,2502.0,2485.0,2686.0,2334.0,403290,775163,2487.0,636,2488.0,908,2489.0,501,2490.0,1085,2491.0,963,2492.0,457,2493.0,436,2494.0,572,2495.0,402,2496.0,681,2491.0
MA409,,13:39:23.250#,2495.0,2502.0,2485.0,2686.0,2334.0,403290,775163,2487.0,636,2488.0,911,2489.0,501,2490.0,1085,2491.0,963,2492.0,457,2493.0,436,2494.0,572,2495.0,402,2496.0,681,2491.0
MA409,,13:39:23.500#,2495.0,2502.0,2485.0,2686.0,2334.0,403292,775164,2487.0,636,2488.0,911,2489.0,501,2490.0,1085,2491.0,963,2492.0,456,2493.0,436,2494.0,572,2495.0,402,2496.0,681,2492.0
MA409,,13:39:23.750#,2495.0,2502.0,2485.0,2686.0,2334.0,403292,775164,2487.0,636,2488.0,911,2489.0,501,2490.0,1085,2491.0,963,2492.0,456,2493.0,433,2494.0,572,2495.0,402,2496.0,681,2492.0
MA409,,13:39:24.0#,2495.0,2502.0,2485.0,2686.0,2334.0,403292,775164,2487.0,636,2488.0,911,2489.0,501,2490.0,1085,2491.0,963,2492.0,459,2493.0,433,2494.0,572,2495.0,402,2496.0,681,2492.0
MA409,,13:39:24.500#,2495.0,2502.0,2485.0,2686.0,2334.0,403293,775164,2487.0,636,2488.0,911,2489.0,501,2490.0,1085,2491.0,963,2492.0,458,2493.0,434,2494.0,572,2495.0,402,2496.0,681,2492.0
MA409,,13:39:24.750#,2495.0,2502.0,2485.0,2686.0,2334.0,403294,775164,2487.0,636,2488.0,911,2489.0,501,2490.0,1085,2491.0,962,2492.0,458,2493.0,434,2494.0,572,2495.0,402,2496.0,681,2491.0
MA409,,13:39:25.0#,2495.0,2502.0,2485.0,2686.0,2334.0,403294,775164,2487.0,636,2488.0,910,2489.0,501,2490.0,1085,2491.0,962,2492.0,458,2493.0,434,2494.0,572,2495.0,402,2496.0,681,2491.0
MA409,,13:39:25.250#,2495.0,2502.0,2485.0,2686.0,2334.0,403294,775164,2487.0,636,2488.0,910,2489.0,501,2490.0,1085,2491.0,962,2492.0,462,2493.0,430,2494.0,572,2495.0,402,2496.0,681,2491.0
MA409,,13:39:25.500#,2495.0,2502.0,2485.0,2686.0,2334.0,403294,775164,2487.0,636,2488.0,910,2489.0,501,2490.0,1085,2491.0,963,2492.0,462,2493.0,430,2494.0,572,2495.0,402,2496.0,681,2491.0
MA409,,13:39:25.750#,2495.0,2502.0,2485.0,2686.0,2334.0,403294,775164,2487.0,636,2488.0,909,2489.0,501,2490.0,1085,2491.0,963,2492.0,464,2493.0,430,2494.0,572,2495.0,402,2496.0,681,2491.0
MA409,,13:39:26.0#,2495.0,2502.0,2485.0,2686.0,2334.0,403294,775164,2487.0,636,2488.0,909,2489.0,501,2490.0,1086,2491.0,963,2492.0,464,2493.0,430,2494.0,572,2495.0,402,2496.0,681,2491.0
MA409,,13:39:26.250#,2495.0,2502.0,2485.0,2686.0,2334.0,403294,775164,2487.0,636,2488.0,909,2489.0,501,2490.0,1071,2491.0,963,2492.0,464,2493.0,430,2494.0,572,2495.0,402,2496.0,681,2491.0
MA409,,13:39:26.500#,2495.0,2502.0,2485.0,2686.0,2334.0,403295,775165,2487.0,636,2488.0,909,2489.0,501,2490.0,1071,2491.0,977,2492.0,463,2493.0,430,2494.0,572,2495.0,402,2496.0,681,2492.0
MA409,,13:39:27.0#,2495.0,2502.0,2485.0,2686.0,2334.0,403295,775165,2487.0,636,2488.0,909,2489.0,501,2490.0,1071,2491.0,977,2492.0,465,2493.0,429,2494.0,572,2495.0,402,2496.0,681,2492.0
MA409,,13:39:27.250#,2495.0,2502.0,2485.0,2686.0,2334.0,403295,775165,2487.0,636,2488.0,909,2489.0,501,2490.0,1071,2491.0,978,2492.0,465,2493.0,429,2494.0,572,2495.0,402,2496.0,681,2492.0
MA409,,13:39:27.500#,2495.0,2502.0,2485.0,2686.0,2334.0,403295,775165,2487.0,636,2488.0,909,2489.0,501,2490.0,1072,2491.0,978,2492.0,465,2493.0,429,2494.0,572,2495.0,402,2496.0,681,2492.0
MA409,,13:39:27.750#,2495.0,2502.0,2485.0,2686.0,2334.0,403295,775165,2487.0,636,2488.0,909,2489.0,501,2490.0,1072,2491.0,978,2492.0,379,2493.0,429,2494.0,572,2495.0,402,2496.0,681,2492.0
MA409,,13:39:28.0#,2495.0,2502.0,2485.0,2686.0,2334.0,403295,775165,2487.0,636,2488.0,909,2489.0,501,2490.0,1072,2491.0,978,2492.0,346,2493.0,429,2494.0,572,2495.0,402,2496.0,681,2492.0
MA409,,13:39:28.250#,2495.0,2502.0,2485.0,2686.0,2334.0,403295,775165,2487.0,636,2488.0,909,2489.0,501,2490.0,1072,2491.0,978,2492.0,227,2493.0,429,2494.0,572,2495.0,402,2496.0,681,2492.0
MA409,,13:39:28.500#,2495.0,2502.0,2485.0,2686.0,2334.0,403295,775165,2487.0,636,2488.0,909,2489.0,501,2490.0,1072,2491.0,979,2492.0,177,2493.0,429,2494.0,572,2495.0,402,2496.0,681,2492.0
MA409,,13:39:28.750#,2495.0,2502.0,2485.0,2686.0,2334.0,403295,775165,2487.0,636,2488.0,909,2489.0,501,2490.0,1072,2491.0,979,2492.0,158,2493.0,429,2494.0,572,2495.0,402,2496.0,681,2492.0
MA409,,13:39:29.0#,2495.0,2502.0,2485.0,2686.0,2334.0,403295,775165,2487.0,636,2488.0,909,2489.0,501,2490.0,1082,2491.0,989,2492.0,158,2493.0,429,2494.0,572,2495.0,402,2496.0,681,2492.0
MA409,,13:39:29.250#,2495.0,2502.0,2485.0,2686.0,2334.0,403295,775165,2487.0,636,2488.0,909,2489.0,501,2490.0,1081,2491.0,989,2492.0,158,2493.0,429,2494.0,572,2495.0,402,2496.0,681,2492.0
MA409,,13:39:29.500#,2495.0,2502.0,2485.0,2686.0,2334.0,403295,775165,2487.0,636,2488.0,909,2489.0,501,2490.0,1081,2491.0,994,2492.0,188,2493.0,429,2494.0,572,2495.0,402,2496.0,681,2492.0
MA409,,13:39:29.750#,2495.0,2502.0,2485.0,2686.0,2334.0,403295,775165,2487.0,636,2488.0,909,2489.0,501,2490.0,1081,2491.0,984,2492.0,188,2493.0,429,2494.0,572,2495.0,402,2496.0,681,2492.0
MA409,,13:39:30.0#,2495.0,2502.0,2485.0,2686.0,2334.0,403295,775165,2487.0,636,2488.0,909,2489.0,501,2490.0,1080,2491.0,984,2492.0,188,2493.0,429,2494.0,572,2495.0,402,2496.0,681,2492.0
MA409,,13:39:30.250#,2495.0,2502.0,2485.0,2686.0,2334.0,403295,775165,2487.0,636,2488.0,909,2489.0,501,2490.0,1080,2491.0,984,2492.0,191,2493.0,429,2494.0,572,2495.0,402,2496.0,681,2492.0
MA409,,13:39:30.750#,2495.0,2502.0,2485.0,2686.0,2334.0,403300,775165,2487.0,636,2488.0,909,2489.0,501,2490.0,1080,2491.0,981,2492.0,183,2493.0,429,2494.0,572,2495.0,402,2496.0,681,2491.0
MA409,,13:39:31.0#,2495.0,2502.0,2485.0,2686.0,2334.0,403319,775161,2487.0,635,2488.0,909,2489.0,501,2490.0,1080,2491.0,980,2492.0,206,2493.0,429,2494.0,572,2495.0,402,2496.0,681,2492.0
MA409,,13:39:31.250#,2495.0,2502.0,2485.0,2686.0,2334.0,403320,775161,2487.0,634,2488.0,909,2489.0,501,2490.0,1082,2491.0,981,2492.0,205,2493.0,429,2494.0,572,2495.0,402,2496.0,681,2491.0
MA409,,13:39:31.500#,2495.0,2502.0,2485.0,2686.0,2334.0,403320,775161,2487.0,634,2488.0,909,2489.0,501,2490.0,1082,2491.0,981,2492.0,206,2493.0,429,2494.0,572,2495.0,402,2496.0,681,2491.0
MA409,,13:39:32.0#,2495.0,2502.0,2485.0,2686.0,2334.0,403335,775156,2487.0,634,2488.0,909,2489.0,501,2490.0,1083,2491.0,981,2492.0,191,2493.0,429,2494.0,572,2495.0,402,2496.0,681,2492.0
MA409,,13:39:32.250#,2495.0,2502.0,2485.0,2686.0,2334.0,403356,775158,2487.0,634,2488.0,909,2489.0,501,2490.0,1083,2491.0,1047,2492.0,198,2493.0,429,2494.0,572,2495.0,402,2496.0,681,2491.0
MA409,,13:39:32.500#,2495.0,2502.0,2485.0,2686.0,2334.0,403356,775158,2487.0,634,2488.0,909,2489.0,501,2490.0,1083,2491.0,1047,2492.0,158,2493.0,428,2494.0,572,2495.0,402,2496.0,681,2491.0
MA409,,13:39:32.750#,2495.0,2502.0,2485.0,2686.0,2334.0,403356,775158,2487.0,634,2488.0,909,2489.0,501,2490.0,1083,2491.0,1047,2492.0,157,2493.0,428,2494.0,572,2495.0,402,2496.0,681,2491.0
MA409,,13:39:33.250#,2495.0,2502.0,2485.0,2686.0,2334.0,403356,775158,2487.0,634,2488.0,910,2489.0,501,2490.0,1083,2491.0,1047,2492.0,157,2493.0,428,2494.0,572,2495.0,402,2496.0,681,2491.0
MA409,,13:39:33.500#,2495.0,2502.0,2485.0,2686.0,2334.0,403359,775161,2487.0,634,2488.0,910,2489.0,501,2490.0,1083,2491.0,1044,2492.0,157,2493.0,428,2494.0,572,2495.0,402,2496.0,685,2491.0
MA409,,13:39:33.750#,2495.0,2502.0,2485.0,2686.0,2334.0,403359,775161,2487.0,634,2488.0,910,2489.0,501,2490.0,1083,2491.0,1044,2492.0,187,2493.0,428,2494.0,572,2495.0,402,2496.0,685,2491.0
MA409,,13:39:34.0#,2495.0,2502.0,2485.0,2686.0,2334.0,403360,775162,2487.0,634,2488.0,910,2489.0,501,2490.0,1083,2491.0,1044,2492.0,197,2493.0,428,2494.0,572,2495.0,402,2496.0,685,2492.0
MA409,,13:39:34.250#,2495.0,2502.0,2485.0,2686.0,2334.0,403373,775162,2487.0,634,2488.0,910,2489.0,501,2490.0,1083,2491.0,994,2492.0,216,2493.0,428,2494.0,572,2495.0,402,2496.0,685,2491.0
MA409,,13:39:34.500#,2495.0,2502.0,2485.0,2686.0,2334.0,403373,775162,2487.0,634,2488.0,910,2489.0,501,2490.0,1083,2491.0,994,2492.0,214,2493.0,428,2494.0,572,2495.0,402,2496.0,685,2491.0
MA409,,13:39:34.750#,2495.0,2502.0,2485.0,2686.0,2334.0,403373,775162,2487.0,635,2488.0,910,2489.0,501,2490.0,1083,2491.0,994,2492.0,214,2493.0,428,2494.0,572,2495.0,402,2496.0,685,2491.0
MA409,,13:39:35.500#,2495.0,2502.0,2485.0,2686.0,2334.0,403373,775162,2487.0,635,2488.0,910,2489.0,501,2490.0,1083,2491.0,995,2492.0,214,2493.0,428,2494.0,572,2495.0,402,2496.0,685,2491.0
MA409,,13:39:36.0#,2495.0,2502.0,2485.0,2686.0,2334.0,403373,775162,2487.0,635,2488.0,910,2489.0,501,2490.0,1083,2491.0,995,2492.0,218,2493.0,428,2494.0,572,2495.0,402,2496.0,685,2491.0
MA409,,13:39:36.250#,2495.0,2502.0,2485.0,2686.0,2334.0,403373,775162,2487.0,635,2488.0,910,2489.0,501,2490.0,1083,2491.0,995,2492.0,218,2493.0,428,2494.0,572,2495.0,402,2496.0,685,2491.0
MA409,,13:39:36.500#,2495.0,2502.0,2485.0,2686.0,2334.0,403374,775163,2487.0,635,2488.0,910,2489.0,501,2490.0,1083,2491.0,994,2492.0,218,2493.0,428,2494.0,572,2495.0,402,2496.0,685,2491.0
MA409,,13:39:36.750#,2495.0,2502.0,2485.0,2686.0,2334.0,403376,775163,2487.0,635,2488.0,910,2489.0,501,2490.0,1082,2491.0,994,2492.0,216,2493.0,428,2494.0,572,2495.0,402,2496.0,685,2492.0
MA409,,13:39:37.0#,2495.0,2502.0,2485.0,2686.0,2334.0,403376,775163,2487.0,635,2488.0,910,2489.0,501,2490.0,1081,2491.0,994,2492.0,216,2493.0,428,2494.0,572,2495.0,402,2496.0,685,2492.0
MA409,,13:39:37.250#,2495.0,2502.0,2485.0,2686.0,2334.0,403376,775163,2487.0,635,2488.0,910,2489.0,501,2490.0,1082,2491.0,994,2492.0,216,2493.0,428,2494.0,572,2495.0,402,2496.0,685,2492.0
MA409,,13:39:37.500#,2495.0,2502.0,2485.0,2686.0,2334.0,403376,775163,2487.0,635,2488.0,910,2489.0,519,2490.0,1082,2491.0,994,2492.0,216,2493.0,428,2494.0,572,2495.0,402,2496.0,685,2492.0
MA409,,13:39:37.750#,2495.0,2502.0,2485.0,2686.0,2334.0,403377,775164,2487.0,636,2488.0,910,2489.0,519,2490.0,1082,2491.0,994,2492.0,215,2493.0,428,2494.0,572,2495.0,402,2496.0,685,2492.0
MA409,,13:39:38.0#,2495.0,2502.0,2485.0,2686.0,2334.0,403378,775164,2487.0,636,2488.0,910,2489.0,519,2490.0,1082,2491.0,993,2492.0,216,2493.0,428,2494.0,572,2495.0,402,2496.0,685,2491.0
MA409,,13:39:38.250#,2495.0,2502.0,2485.0,2686.0,2334.0,403378,775164,2487.0,636,2488.0,910,2489.0,519,2490.0,1082,2491.0,993,2492.0,216,2493.0,429,2494.0,572,2495.0,402,2496.0,685,2491.0
MA409,,13:39:38.750#,2495.0,2502.0,2485.0,2686.0,2334.0,403380,775166,2487.0,636,2488.0,910,2489.0,519,2490.0,1082,2491.0,991,2492.0,218,2493.0,430,2494.0,572,2495.0,402,2496.0,685,2491.0
MA409,,13:39:39.0#,2495.0,2502.0,2485.0,2686.0,2334.0,403380,775166,2487.0,636,2488.0,910,2489.0,519,2490.0,1082,2491.0,991,2492.0,219,2493.0,430,2494.0,572,2495.0,402,2496.0,685,2491.0
MA409,,13:39:39.250#,2495.0,2502.0,2485.0,2686.0,2334.0,403381,775166,2487.0,636,2488.0,910,2489.0,519,2490.0,1082,2491.0,990,2492.0,219,2493.0,430,2494.0,572,2495.0,402,2496.0,685,2491.0
MA409,,13:39:39.750#,2495.0,2502.0,2485.0,2686.0,2334.0,403381,775166,2487.0,636,2488.0,910,2489.0,519,2490.0,1082,2491.0,990,2492.0,221,2493.0,430,2494.0,572,2495.0,402,2496.0,685,2491.0
MA409,,13:39:40.0#,2495.0,2502.0,2485.0,2686.0,2334.0,403381,775166,2487.0,636,2488.0,910,2489.0,519,2490.0,1082,2491.0,990,2492.0,220,2493.0,430,2494.0,572,2495.0,402,2496.0,685,2491.0
MA409,,13:39:40.250#,2495.0,2502.0,2485.0,2686.0,2334.0,403381,775166,2487.0,636,2488.0,910,2489.0,519,2490.0,1082,2491.0,992,2492.0,220,2493.0,430,2494.0,572,2495.0,402,2496.0,685,2491.0
MA409,,13:39:40.750#,2495.0,2502.0,2485.0,2686.0,2334.0,403384,775169,2487.0,636,2488.0,910,2489.0,519,2490.0,1082,2491.0,989,2492.0,220,2493.0,430,2494.0,572,2495.0,402,2496.0,685,2491.0
MA409,,13:39:41.0#,2495.0,2502.0,2485.0,2686.0,2334.0,403384,775169,2487.0,636,2488.0,910,2489.0,519,2490.0,1082,2491.0,989,2492.0,220,2493.0,430,2494.0,572,2495.0,402,2496.0,685,2491.0
MA409,,13:39:41.250#,2495.0,2502.0,2485.0,2686.0,2334.0,403384,775169,2487.0,636,2488.0,910,2489.0,519,2490.0,1081,2491.0,989,2492.0,220,2493.0,430,2494.0,572,2495.0,402,2496.0,685,2491.0
MA409,,13:39:42.500#,2495.0,2502.0,2485.0,2686.0,2334.0,403384,775169,2487.0,636,2488.0,910,2489.0,519,2490.0,1081,2491.0,988,2492.0,220,2493.0,430,2494.0,572,2495.0,402,2496.0,685,2491.0
MA409,,13:39:43.500#,2495.0,2502.0,2485.0,2686.0,2334.0,403385,775170,2487.0,636,2488.0,910,2489.0,519,2490.0,1081,2491.0,987,2492.0,220,2493.0,430,2494.0,572,2495.0,402,2496.0,685,2491.0
MA409,,13:39:43.750#,2495.0,2502.0,2485.0,2686.0,2334.0,403385,775170,2487.0,636,2488.0,910,2489.0,519,2490.0,1082,2491.0,987,2492.0,220,2493.0,430,2494.0,572,2495.0,402,2496.0,685,2491.0
MA409,,13:39:44.0#,2495.0,2502.0,2485.0,2686.0,2334.0,403387,775171,2487.0,636,2488.0,910,2489.0,519,2490.0,1082,2491.0,985,2492.0,219,2493.0,430,2494.0,572,2495.0,402,2496.0,685,2491.0
MA409,,13:39:44.250#,2495.0,2502.0,2485.0,2686.0,2334.0,403387,775171,2487.0,636,2488.0,910,2489.0,519,2490.0,1082,2491.0,986,2492.0,219,2493.0,430,2494.0,572,2495.0,402,2496.0,685,2491.0
MA409,,13:39:44.500#,2495.0,2502.0,2485.0,2686.0,2334.0,403388,775171,2487.0,636,2488.0,910,2489.0,519,2490.0,1082,2491.0,985,2492.0,219,2493.0,430,2494.0,572,2495.0,402,2496.0,685,2491.0
MA409,,13:39:44.750#,2495.0,2502.0,2485.0,2686.0,2334.0,403388,775171,2487.0,636,2488.0,910,2489.0,520,2490.0,1082,2491.0,985,2492.0,218,2493.0,430,2494.0,572,2495.0,402,2496.0,685,2491.0
MA409,,13:39:45.250#,2495.0,2502.0,2485.0,2686.0,2334.0,403388,775171,2487.0,636,2488.0,911,2489.0,520,2490.0,1082,2491.0,985,2492.0,218,2493.0,430,2494.0,572,2495.0,402,2496.0,685,2491.0
MA409,,13:39:45.500#,2495.0,2502.0,2485.0,2686.0,2334.0,403388,775171,2487.0,636,2488.0,911,2489.0,520,2490.0,1082,2491.0,985,2492.0,218,2493.0,451,2494.0,572,2495.0,402,2496.0,685,2491.0
MA409,,13:39:45.750#,2495.0,2502.0,2485.0,2686.0,2334.0,403390,775171,2487.0,636,2488.0,911,2489.0,520,2490.0,1082,2491.0,983,2492.0,218,2493.0,451,2494.0,572,2495.0,402,2496.0,685,2491.0
MA409,,13:39:46.0#,2495.0,2502.0,2485.0,2686.0,2334.0,403390,775171,2487.0,636,2488.0,911,2489.0,520,2490.0,1082,2491.0,983,2492.0,225,2493.0,451,2494.0,572,2495.0,402,2496.0,685,2491.0
MA409,,13:39:46.250#,2495.0,2502.0,2485.0,2686.0,2334.0,403400,775181,2487.0,636,2488.0,911,2489.0,520,2490.0,1082,2491.0,983,2492.0,367,2493.0,451,2494.0,572,2495.0,402,2496.0,685,2492.0
MA409,,13:39:46.500#,2495.0,2502.0,2485.0,2686.0,2334.0,403405,775181,2487.0,636,2488.0,911,2489.0,520,2490.0,1082,2491.0,982,2492.0,380,2493.0,451,2494.0,572,2495.0,402,2496.0,685,2492.0
MA409,,13:39:46.750#,2495.0,2502.0,2485.0,2686.0,2334.0,403405,775181,2487.0,636,2488.0,911,2489.0,520,2490.0,1082,2491.0,982,2492.0,380,2493.0,451,2494.0,572,2495.0,402,2496.0,685,2492.0
MA409,,13:39:47.0#,2495.0,2502.0,2485.0,2686.0,2334.0,403405,775181,2487.0,636,2488.0,911,2489.0,520,2490.0,1082,2491.0,982,2492.0,385,2493.0,451,2494.0,572,2495.0,402,2496.0,685,2492.0
MA409,,13:39:47.250#,2495.0,2502.0,2485.0,2686.0,2334.0,403408,775184,2487.0,636,2488.0,911,2489.0,520,2490.0,1082,2491.0,976,2492.0,385,2493.0,451,2494.0,572,2495.0,402,2496.0,685,2491.0
MA409,,13:39:47.750#,2495.0,2502.0,2485.0,2686.0,2334.0,403411,775184,2487.0,636,2488.0,911,2489.0,520,2490.0,1081,2491.0,973,2492.0,385,2493.0,451,2494.0,572,2495.0,402,2496.0,685,2491.0
MA409,,13:39:48.0#,2495.0,2502.0,2485.0,2686.0,2334.0,403414,775185,2487.0,636,2488.0,911,2489.0,520,2490.0,1081,2491.0,971,2492.0,384,2493.0,451,2494.0,572,2495.0,402,2496.0,685,2491.0
MA409,,13:39:48.250#,2495.0,2502.0,2485.0,2686.0,2334.0,403417,775185,2487.0,636,2488.0,911,2489.0,520,2490.0,1081,2491.0,971,2492.0,391,2493.0,451,2494.0,572,2495.0,402,2496.0,685,2492.0
MA409,,13:39:48.500#,2495.0,2502.0,2485.0,2686.0,2334.0,403417,775185,2487.0,636,2488.0,911,2489.0,520,2490.0,1081,2491.0,973,2492.0,391,2493.0,451,2494.0,572,2495.0,402,2496.0,685,2492.0
MA409,,13:39:48.750#,2495.0,2502.0,2485.0,2686.0,2334.0,403418,775185,2487.0,636,2488.0,911,2489.0,520,2490.0,1081,2491.0,972,2492.0,390,2493.0,451,2494.0,572,2495.0,402,2496.0,685,2491.0
MA409,,13:39:49.250#,2495.0,2502.0,2485.0,2686.0,2334.0,403418,775185,2487.0,636,2488.0,911,2489.0,520,2490.0,1081,2491.0,974,2492.0,390,2493.0,451,2494.0,572,2495.0,402,2496.0,685,2491.0
MA409,,13:39:49.500#,2495.0,2502.0,2485.0,2686.0,2334.0,403418,775185,2487.0,636,2488.0,911,2489.0,520,2490.0,1081,2491.0,974,2492.0,390,2493.0,451,2494.0,572,2495.0,402,2496.0,685,2491.0
MA409,,13:39:49.750#,2495.0,2502.0,2485.0,2686.0,2334.0,403418,775185,2487.0,636,2488.0,911,2489.0,520,2490.0,1081,2491.0,974,2492.0,381,2493.0,451,2494.0,572,2495.0,405,2496.0,685,2491.0
MA409,,13:39:50.0#,2495.0,2502.0,2485.0,2686.0,2334.0,403418,775185,2487.0,636,2488.0,911,2489.0,520,2490.0,1081,2491.0,974,2492.0,378,2493.0,451,2494.0,572,2495.0,405,2496.0,685,2491.0
MA409,,13:39:50.500#,2495.0,2502.0,2485.0,2686.0,2334.0,403418,775185,2487.0,636,2488.0,911,2489.0,520,2490.0,1081,2491.0,974,2492.0,375,2493.0,451,2494.0,572,2495.0,405,2496.0,685,2491.0
MA409,,13:39:51.0#,2495.0,2502.0,2485.0,2686.0,2334.0,403418,775185,2487.0,636,2488.0,911,2489.0,519,2490.0,1081,2491.0,974,2492.0,375,2493.0,451,2494.0,572,2495.0,405,2496.0,685,2491.0
MA409,,13:39:51.250#,2495.0,2502.0,2485.0,2686.0,2334.0,403428,775185,2487.0,636,2488.0,911,2489.0,519,2490.0,1081,2491.0,975,2492.0,365,2493.0,451,2494.0,572,2495.0,405,2496.0,685,2492.0
MA409,,13:39:51.500#,2495.0,2502.0,2485.0,2686.0,2334.0,403428,775185,2487.0,636,2488.0,911,2489.0,519,2490.0,1086,2491.0,975,2492.0,249,2493.0,451,2494.0,572,2495.0,405,2496.0,685,2492.0
MA409,,13:39:51.750#,2495.0,2502.0,2485.0,2686.0,2334.0,403428,775185,2487.0,636,2488.0,910,2489.0,520,2490.0,1085,2491.0,975,2492.0,198,2493.0,451,2494.0,572,2495.0,405,2496.0,685,2492.0
MA409,,13:39:52.0#,2495.0,2502.0,2485.0,2686.0,2334.0,403428,775185,2487.0,636,2488.0,910,2489.0,520,2490.0,1085,2491.0,975,2492.0,198,2493.0,451,2494.0,572,2495.0,405,2496.0,685,2492.0
MA409,,13:39:53.250#,2495.0,2502.0,2485.0,2686.0,2334.0,403430,775187,2487.0,636,2488.0,910,2489.0,520,2490.0,1085,2491.0,975,2492.0,196,2493.0,451,2494.0,572,2495.0,405,2496.0,685,2492.0
MA409,,13:39:53.500#,2495.0,2502.0,2485.0,2686.0,2334.0,403432,775187,2487.0,636,2488.0,910,2489.0,520,2490.0,1085,2491.0,973,2492.0,226,2493.0,451,2494.0,572,2495.0,405,2496.0,685,2491.0
MA409,,13:39:53.750#,2495.0,2502.0,2485.0,2686.0,2334.0,403434,775189,2487.0,636,2488.0,910,2489.0,520,2490.0,1085,2491.0,971,2492.0,226,2493.0,451,2494.0,572,2495.0,405,2496.0,685,2491.0
MA409,,13:39:54.250#,2495.0,2502.0,2485.0,2686.0,2334.0,403446,775189,2487.0,636,2488.0,910,2489.0,520,2490.0,1084,2491.0,959,2492.0,226,2493.0,451,2494.0,572,2495.0,405,2496.0,685,2491.0
MA409,,13:39:54.750#,2495.0,2502.0,2485.0,2686.0,2334.0,403447,775189,2487.0,636,2488.0,910,2489.0,520,2490.0,1084,2491.0,958,2492.0,226,2493.0,451,2494.0,572,2495.0,405,2496.0,685,2491.0
MA409,,13:39:55.0#,2495.0,2502.0,2485.0,2686.0,2334.0,403447,775189,2487.0,636,2488.0,910,2489.0,520,2490.0,1086,2491.0,958,2492.0,228,2493.0,451,2494.0,572,2495.0,405,2496.0,685,2491.0
MA409,,13:39:55.250#,2495.0,2502.0,2485.0,2686.0,2334.0,403447,775189,2487.0,636,2488.0,910,2489.0,520,2490.0,1086,2491.0,958,2492.0,228,2493.0,451,2494.0,572,2495.0,405,2496.0,685,2491.0
MA409,,13:39:55.500#,2495.0,2502.0,2485.0,2686.0,2334.0,403447,775189,2487.0,636,2488.0,910,2489.0,520,2490.0,1086,2491.0,958,2492.0,234,2493.0,451,2494.0,572,2495.0,405,2496.0,685,2491.0
MA409,,13:39:55.750#,2495.0,2502.0,2485.0,2686.0,2334.0,403447,775189,2487.0,636,2488.0,910,2489.0,519,2490.0,1086,2491.0,958,2492.0,243,2493.0,451,2494.0,572,2495.0,407,2496.0,685,2491.0
MA409,,13:39:56.0#,2495.0,2502.0,2485.0,2686.0,2334.0,403447,775189,2487.0,636,2488.0,910,2489.0,519,2490.0,1087,2491.0,958,2492.0,359,2493.0,451,2494.0,572,2495.0,407,2496.0,685,2491.0
MA409,,13:39:56.250#,2495.0,2502.0,2485.0,2686.0,2334.0,403448,775189,2487.0,636,2488.0,911,2489.0,519,2490.0,1087,2491.0,957,2492.0,381,2493.0,451,2494.0,572,2495.0,407,2496.0,685,2491.0
MA409,,13:39:56.500#,2495.0,2502.0,2485.0,2686.0,2334.0,403452,775189,2487.0,636,2488.0,911,2489.0,519,2490.0,1087,2491.0,958,2492.0,380,2493.0,451,2494.0,572,2495.0,407,2496.0,685,2492.0
MA409,,13:39:57.250#,2495.0,2502.0,2485.0,2686.0,2334.0,403452,775189,2487.0,636,2488.0,911,2489.0,520,2490.0,1086,2491.0,958,2492.0,380,2493.0,451,2494.0,572,2495.0,407,2496.0,685,2492.0
MA409,,13:39:57.500#,2495.0,2502.0,2485.0,2686.0,2334.0,403455,775192,2487.0,636,2488.0,911,2489.0,520,2490.0,1086,2491.0,957,2492.0,379,2493.0,451,2494.0,572,2495.0,407,2496.0,685,2491.0
MA409,,13:39:57.750#,2495.0,2502.0,2485.0,2686.0,2334.0,403455,775192,2487.0,636,2488.0,911,2489.0,520,2490.0,1086,2491.0,957,2492.0,378,2493.0,451,2494.0,572,2495.0,407,2496.0,685,2491.0
MA409,,13:39:58.250#,2495.0,2502.0,2485.0,2686.0,2334.0,403455,775192,2487.0,636,2488.0,911,2489.0,520,2490.0,1086,2491.0,957,2492.0,380,2493.0,451,2494.0,572,2495.0,407,2496.0,685,2491.0
MA409,,13:39:58.500#,2495.0,2502.0,2485.0,2686.0,2334.0,403456,775193,2487.0,637,2488.0,911,2489.0,520,2490.0,1086,2491.0,961,2492.0,379,2493.0,451,2494.0,572,2495.0,407,2496.0,685,2492.0
MA409,,13:39:58.750#,2495.0,2502.0,2485.0,2686.0,2334.0,403457,775193,2487.0,637,2488.0,911,2489.0,520,2490.0,1086,2491.0,960,2492.0,379,2493.0,451,2494.0,572,2495.0,407,2496.0,685,2492.0
MA409,,13:39:59.0#,2495.0,2502.0,2485.0,2686.0,2334.0,403460,775196,2487.0,637,2488.0,911,2489.0,520,2490.0,1086,2491.0,960,2492.0,385,2493.0,451,2494.0,572,2495.0,407,2496.0,685,2492.0
MA409,,13:39:59.250#,2495.0,2502.0,2485.0,2686.0,2334.0,403463,775199,2487.0,637,2488.0,911,2489.0,520,2490.0,1086,2491.0,960,2492.0,385,2493.0,451,2494.0,572,2495.0,407,2496.0,685,2492.0
MA409,,13:39:59.500#,2495.0,2502.0,2485.0,2686.0,2334.0,403463,775199,2487.0,637,2488.0,911,2489.0,520,2490.0,1086,2491.0,960,2492.0,385,2493.0,451,2494.0,572,2495.0,407,2496.0,685,2492.0
MA409,,13:39:59.750#,2495.0,2502.0,2485.0,2686.0,2334.0,403463,775199,2487.0,637,2488.0,911,2489.0,520,2490.0,1086,2491.0,959,2492.0,385,2493.0,451,2494.0,572,2495.0,407,2496.0,685,2492.0
MA409,,13:40:00.0#,2495.0,2502.0,2485.0,2686.0,2334.0,403464,775200,2487.0,637,2488.0,911,2489.0,520,2490.0,1086,2491.0,959,2492.0,389,2493.0,451,2494.0,572,2495.0,407,2496.0,685,2492.0
MA409,,13:40:00.250#,2495.0,2502.0,2485.0,2686.0,2334.0,403465,775200,2487.0,637,2488.0,910,2489.0,520,2490.0,1086,2491.0,959,2492.0,388,2493.0,451,2494.0,572,2495.0,407,2496.0,685,2492.0
MA409,,13:40:00.500#,2495.0,2502.0,2485.0,2686.0,2334.0,403465,775200,2487.0,637,2488.0,910,2489.0,520,2490.0,1086,2491.0,960,2492.0,389,2493.0,451,2494.0,572,2495.0,407,2496.0,685,2492.0
MA409,,13:40:00.750#,2495.0,2502.0,2485.0,2686.0,2334.0,403488,775186,2487.0,637,2488.0,910,2489.0,520,2490.0,1086,2491.0,957,2492.0,403,2493.0,438,2494.0,572,2495.0,407,2496.0,685,2492.0
MA409,,13:40:01.0#,2495.0,2502.0,2485.0,2686.0,2334.0,403488,775186,2487.0,637,2488.0,910,2489.0,520,2490.0,1086,2491.0,957,2492.0,406,2493.0,438,2494.0,572,2495.0,407,2496.0,685,2492.0
MA409,,13:40:01.250#,2495.0,2502.0,2485.0,2686.0,2334.0,403499,775186,2487.0,637,2488.0,910,2489.0,520,2490.0,1086,2491.0,946,2492.0,417,2493.0,438,2494.0,572,2495.0,407,2496.0,685,2491.0
MA409,,13:40:01.500#,2495.0,2502.0,2485.0,2686.0,2334.0,403500,775186,2487.0,637,2488.0,910,2489.0,520,2490.0,1086,2491.0,945,2492.0,417,2493.0,438,2494.0,572,2495.0,407,2496.0,685,2491.0
MA409,,13:40:01.750#,2495.0,2502.0,2485.0,2686.0,2334.0,403527,775213,2487.0,637,2488.0,910,2489.0,520,2490.0,1086,2491.0,945,2492.0,390,2493.0,438,2494.0,572,2495.0,407,2496.0,684,2492.0
MA409,,13:40:02.0#,2495.0,2502.0,2485.0,2686.0,2334.0,403527,775213,2487.0,637,2488.0,910,2489.0,520,2490.0,1086,2491.0,945,2492.0,390,2493.0,438,2494.0,572,2495.0,407,2496.0,684,2492.0
MA409,,13:40:02.250#,2495.0,2502.0,2485.0,2686.0,2334.0,403540,775214,2487.0,637,2488.0,910,2489.0,520,2490.0,1086,2491.0,1020,2492.0,378,2493.0,438,2494.0,572,2495.0,407,2496.0,684,2491.0
MA409,,13:40:02.500#,2495.0,2502.0,2485.0,2686.0,2334.0,403543,775217,2487.0,637,2488.0,910,2489.0,520,2490.0,1086,2491.0,1017,2492.0,241,2493.0,438,2494.0,572,2495.0,407,2496.0,684,2491.0
MA409,,13:40:02.750#,2495.0,2502.0,2485.0,2686.0,2334.0,403543,775217,2487.0,637,2488.0,910,2489.0,520,2490.0,1086,2491.0,1017,2492.0,201,2493.0,438,2494.0,572,2495.0,407,2496.0,684,2491.0
MA409,,13:40:03.250#,2495.0,2502.0,2485.0,2686.0,2334.0,403543,775217,2487.0,637,2488.0,910,2489.0,520,2490.0,1086,2491.0,1018,2492.0,201,2493.0,438,2494.0,572,2495.0,407,2496.0,684,2491.0
MA409,,13:40:03.500#,2495.0,2502.0,2485.0,2686.0,2334.0,403543,775217,2487.0,637,2488.0,910,2489.0,520,2490.0,1086,2491.0,1018,2492.0,231,2493.0,438,2494.0,572,2495.0,407,2496.0,684,2491.0
MA409,,13:40:03.750#,2495.0,2502.0,2485.0,2686.0,2334.0,403549,775217,2487.0,637,2488.0,910,2489.0,520,2490.0,1086,2491.0,1012,2492.0,249,2493.0,438,2494.0,572,2495.0,407,2496.0,684,2491.0
MA409,,13:40:04.0#,2495.0,2502.0,2485.0,2686.0,2334.0,403549,775217,2487.0,637,2488.0,910,2489.0,520,2490.0,1086,2491.0,1012,2492.0,259,2493.0,438,2494.0,572,2495.0,408,2496.0,684,2491.0
MA409,,13:40:04.250#,2495.0,2502.0,2485.0,2686.0,2334.0,403549,775217,2487.0,637,2488.0,910,2489.0,520,2490.0,1086,2491.0,938,2492.0,262,2493.0,438,2494.0,572,2495.0,408,2496.0,684,2491.0
MA409,,13:40:04.500#,2495.0,2502.0,2485.0,2686.0,2334.0,403549,775217,2487.0,637,2488.0,910,2489.0,520,2490.0,1086,2491.0,939,2492.0,396,2493.0,438,2494.0,572,2495.0,408,2496.0,684,2491.0
MA409,,13:40:04.750#,2495.0,2502.0,2485.0,2686.0,2334.0,403549,775217,2487.0,637,2488.0,910,2489.0,520,2490.0,1086,2491.0,939,2492.0,396,2493.0,438,2494.0,572,2495.0,408,2496.0,684,2491.0
MA409,,13:40:05.250#,2495.0,2502.0,2485.0,2686.0,2334.0,403549,775217,2487.0,637,2488.0,910,2489.0,520,2490.0,1086,2491.0,943,2492.0,396,2493.0,438,2494.0,572,2495.0,408,2496.0,684,2491.0
MA409,,13:40:05.500#,2495.0,2502.0,2485.0,2686.0,2334.0,403551,775217,2487.0,637,2488.0,910,2489.0,520,2490.0,1086,2491.0,942,2492.0,400,2493.0,438,2494.0,572,2495.0,408,2496.0,684,2491.0
MA409,,13:40:05.750#,2495.0,2502.0,2485.0,2686.0,2334.0,403551,775217,2487.0,637,2488.0,910,2489.0,520,2490.0,1086,2491.0,942,2492.0,400,2493.0,438,2494.0,575,2495.0,408,2496.0,684,2491.0
MA409,,13:40:06.0#,2495.0,2502.0,2485.0,2686.0,2334.0,403552,775217,2487.0,637,2488.0,910,2489.0,520,2490.0,1086,2491.0,945,2492.0,400,2493.0,438,2494.0,575,2495.0,408,2496.0,684,2491.0
MA409,,13:40:07.0#,2495.0,2502.0,2485.0,2686.0,2334.0,403552,775217,2487.0,637,2488.0,910,2489.0,520,2490.0,1086,2491.0,944,2492.0,400,2493.0,438,2494.0,575,2495.0,408,2496.0,684,2491.0
MA409,,13:40:07.250#,2495.0,2502.0,2485.0,2686.0,2334.0,403552,775217,2487.0,637,2488.0,910,2489.0,520,2490.0,1086,2491.0,944,2492.0,401,2493.0,438,2494.0,575,2495.0,408,2496.0,684,2491.0
MA409,,13:40:07.500#,2495.0,2502.0,2485.0,2686.0,2334.0,403582,775203,2487.0,637,2488.0,910,2489.0,520,2490.0,1086,2491.0,938,2492.0,377,2493.0,438,2494.0,575,2495.0,408,2496.0,684,2491.0
MA409,,13:40:08.0#,2495.0,2502.0,2485.0,2686.0,2334.0,403582,775203,2487.0,637,2488.0,910,2489.0,520,2490.0,1086,2491.0,938,2492.0,378,2493.0,438,2494.0,575,2495.0,408,2496.0,684,2491.0
MA409,,13:40:08.250#,2495.0,2502.0,2485.0,2686.0,2334.0,403582,775203,2487.0,637,2488.0,910,2489.0,520,2490.0,1086,2491.0,938,2492.0,378,2493.0,437,2494.0,575,2495.0,408,2496.0,684,2491.0
MA409,,13:40:08.500#,2495.0,2502.0,2485.0,2686.0,2334.0,403582,775203,2487.0,637,2488.0,910,2489.0,520,2490.0,1086,2491.0,938,2492.0,386,2493.0,437,2494.0,575,2495.0,408,2496.0,684,2491.0
MA409,,13:40:09.0#,2495.0,2502.0,2485.0,2686.0,2334.0,403582,775203,2487.0,637,2488.0,910,2489.0,520,2490.0,1086,2491.0,940,2492.0,386,2493.0,437,2494.0,575,2495.0,408,2496.0,684,2491.0
MA409,,13:40:09.750#,2495.0,2502.0,2485.0,2686.0,2334.0,403582,775203,2487.0,637,2488.0,910,2489.0,520,2490.0,1086,2491.0,940,2492.0,386,2493.0,437,2494.0,575,2495.0,408,2496.0,684,2491.0
MA409,,13:40:10.250#,2495.0,2502.0,2485.0,2686.0,2334.0,403584,775203,2487.0,638,2488.0,910,2489.0,520,2490.0,1086,2491.0,940,2492.0,384,2493.0,437,2494.0,575,2495.0,408,2496.0,684,2492.0
MA409,,13:40:10.500#,2495.0,2502.0,2485.0,2686.0,2334.0,403585,775204,2487.0,638,2488.0,910,2489.0,520,2490.0,1086,2491.0,939,2492.0,385,2493.0,436,2494.0,575,2495.0,408,2496.0,684,2491.0
MA409,,13:40:11.0#,2495.0,2502.0,2485.0,2686.0,2334.0,403587,775203,2487.0,638,2488.0,910,2489.0,520,2490.0,1086,2491.0,938,2492.0,383,2493.0,436,2494.0,575,2495.0,408,2496.0,684,2491.0
MA409,,13:40:11.250#,2495.0,2502.0,2485.0,2686.0,2334.0,403587,775203,2487.0,638,2488.0,910,2489.0,520,2490.0,1086,2491.0,938,2492.0,384,2493.0,436,2494.0,575,2495.0,408,2496.0,684,2491.0
MA409,,13:40:11.750#,2495.0,2502.0,2485.0,2686.0,2334.0,403587,775203,2487.0,638,2488.0,910,2489.0,520,2490.0,1086,2491.0,938,2492.0,384,2493.0,436,2494.0,575,2495.0,408,2496.0,684,2491.0
MA409,,13:40:12.0#,2495.0,2502.0,2485.0,2686.0,2334.0,403589,775202,2487.0,638,2488.0,910,2489.0,520,2490.0,1086,2491.0,938,2492.0,382,2493.0,436,2494.0,575,2495.0,408,2496.0,684,2492.0
MA409,,13:40:12.250#,2495.0,2502.0,2485.0,2686.0,2334.0,403609,775200,2487.0,638,2488.0,910,2489.0,520,2490.0,1086,2491.0,918,2492.0,266,2493.0,436,2494.0,575,2495.0,408,2496.0,684,2491.0
MA409,,13:40:12.500#,2495.0,2502.0,2485.0,2686.0,2334.0,403609,775200,2487.0,648,2488.0,910,2489.0,520,2490.0,1086,2491.0,919,2492.0,382,2493.0,436,2494.0,575,2495.0,408,2496.0,684,2491.0
MA409,,13:40:13.250#,2495.0,2502.0,2485.0,2686.0,2334.0,403609,775200,2487.0,648,2488.0,910,2489.0,520,2490.0,1086,2491.0,919,2492.0,382,2493.0,437,2494.0,575,2495.0,408,2496.0,684,2491.0
MA409,,13:40:13.500#,2495.0,2502.0,2485.0,2686.0,2334.0,403609,775200,2487.0,648,2488.0,910,2489.0,520,2490.0,1086,2491.0,921,2492.0,382,2493.0,437,2494.0,575,2495.0,408,2496.0,684,2491.0
MA409,,13:40:14.0#,2495.0,2502.0,2485.0,2686.0,2334.0,403609,775200,2487.0,648,2488.0,910,2489.0,520,2490.0,1086,2491.0,921,2492.0,383,2493.0,437,2494.0,575,2495.0,408,2496.0,684,2491.0
MA409,,13:40:14.250#,2495.0,2502.0,2485.0,2686.0,2334.0,403626,775194,2487.0,648,2488.0,910,2489.0,520,2490.0,1086,2491.0,908,2492.0,383,2493.0,437,2494.0,575,2495.0,408,2496.0,684,2492.0
MA409,,13:40:14.500#,2495.0,2502.0,2485.0,2686.0,2334.0,403628,775194,2487.0,648,2488.0,910,2489.0,520,2490.0,1086,2491.0,907,2492.0,382,2493.0,437,2494.0,575,2495.0,408,2496.0,684,2491.0
MA409,,13:40:14.750#,2495.0,2502.0,2485.0,2686.0,2334.0,403630,775194,2487.0,648,2488.0,910,2489.0,520,2490.0,1086,2491.0,907,2492.0,380,2493.0,437,2494.0,575,2495.0,408,2496.0,684,2492.0
MA409,,13:40:16.0#,2495.0,2502.0,2485.0,2686.0,2334.0,403637,775198,2487.0,648,2488.0,910,2489.0,520,2490.0,1086,2491.0,900,2492.0,380,2493.0,437,2494.0,575,2495.0,408,2496.0,684,2491.0
MA409,,13:40:16.250#,2495.0,2502.0,2485.0,2686.0,2334.0,403643,775194,2487.0,648,2488.0,910,2489.0,520,2490.0,1086,2491.0,899,2492.0,375,2493.0,437,2494.0,575,2495.0,408,2496.0,684,2492.0
MA409,,13:40:16.500#,2495.0,2502.0,2485.0,2686.0,2334.0,403643,775194,2487.0,648,2488.0,910,2489.0,520,2490.0,1086,2491.0,899,2492.0,261,2493.0,437,2494.0,575,2495.0,408,2496.0,684,2492.0
MA409,,13:40:16.750#,2495.0,2502.0,2485.0,2686.0,2334.0,403643,775194,2487.0,648,2488.0,910,2489.0,520,2490.0,1086,2491.0,899,2492.0,242,2493.0,437,2494.0,575,2495.0,408,2496.0,684,2492.0
MA409,,13:40:17.0#,2495.0,2502.0,2485.0,2686.0,2334.0,403643,775194,2487.0,648,2488.0,910,2489.0,520,2490.0,1086,2491.0,899,2492.0,242,2493.0,437,2494.0,575,2495.0,408,2496.0,684,2492.0
MA409,,13:40:17.250#,2495.0,2502.0,2485.0,2686.0,2334.0,403643,775194,2487.0,648,2488.0,910,2489.0,520,2490.0,1086,2491.0,899,2492.0,242,2493.0,437,2494.0,575,2495.0,408,2496.0,686,2492.0
MA409,,13:40:17.500#,2495.0,2502.0,2485.0,2686.0,2334.0,403643,775194,2487.0,648,2488.0,910,2489.0,520,2490.0,1086,2491.0,899,2492.0,242,2493.0,437,2494.0,575,2495.0,408,2496.0,686,2492.0
MA409,,13:40:17.750#,2495.0,2502.0,2485.0,2686.0,2334.0,403643,775194,2487.0,648,2488.0,910,2489.0,519,2490.0,1085,2491.0,900,2492.0,242,2493.0,437,2494.0,575,2495.0,408,2496.0,686,2492.0
MA409,,13:40:18.0#,2495.0,2502.0,2485.0,2686.0,2334.0,403643,775194,2487.0,649,2488.0,910,2489.0,519,2490.0,1085,2491.0,900,2492.0,232,2493.0,439,2494.0,575,2495.0,408,2496.0,686,2492.0
MA409,,13:40:18.250#,2495.0,2502.0,2485.0,2686.0,2334.0,403646,775194,2487.0,649,2488.0,910,2489.0,519,2490.0,1085,2491.0,900,2492.0,236,2493.0,439,2494.0,575,2495.0,408,2496.0,686,2492.0
MA409,,13:40:18.500#,2495.0,2502.0,2485.0,2686.0,2334.0,403646,775194,2487.0,649,2488.0,910,2489.0,519,2490.0,1085,2491.0,900,2492.0,237,2493.0,439,2494.0,575,2495.0,408,2496.0,686,2492.0
MA409,,13:40:19.500#,2495.0,2502.0,2485.0,2686.0,2334.0,403646,775194,2487.0,649,2488.0,910,2489.0,519,2490.0,1085,2491.0,900,2492.0,227,2493.0,439,2494.0,575,2495.0,408,2496.0,686,2492.0
MA409,,13:40:19.750#,2495.0,2502.0,2485.0,2686.0,2334.0,403646,775194,2487.0,649,2488.0,910,2489.0,519,2490.0,1085,2491.0,900,2492.0,217,2493.0,439,2494.0,575,2495.0,408,2496.0,686,2492.0
MA409,,13:40:20.0#,2495.0,2502.0,2485.0,2686.0,2334.0,403646,775194,2487.0,649,2488.0,910,2489.0,519,2490.0,1085,2491.0,899,2492.0,217,2493.0,439,2494.0,574,2495.0,408,2496.0,686,2492.0
MA409,,13:40:20.500#,2495.0,2502.0,2485.0,2686.0,2334.0,403646,775194,2487.0,649,2488.0,910,2489.0,519,2490.0,1085,2491.0,900,2492.0,217,2493.0,439,2494.0,574,2495.0,408,2496.0,686,2492.0
MA409,,13:40:20.750#,2495.0,2502.0,2485.0,2686.0,2334.0,403646,775194,2487.0,649,2488.0,910,2489.0,519,2490.0,1085,2491.0,901,2492.0,217,2493.0,439,2494.0,574,2495.0,408,2496.0,686,2492.0
MA409,,13:40:21.250#,2495.0,2502.0,2485.0,2686.0,2334.0,403654,775189,2487.0,649,2488.0,910,2489.0,519,2490.0,1085,2491.0,893,2492.0,214,2493.0,440,2494.0,574,2495.0,408,2496.0,686,2491.0
MA409,,13:40:21.500#,2495.0,2502.0,2485.0,2686.0,2334.0,403665,775178,2487.0,649,2488.0,910,2489.0,519,2490.0,1085,2491.0,972,2492.0,224,2493.0,440,2494.0,574,2495.0,408,2496.0,686,2491.0
MA409,,13:40:21.750#,2495.0,2502.0,2485.0,2686.0,2334.0,403665,775178,2487.0,649,2488.0,910,2489.0,519,2490.0,1085,2491.0,972,2492.0,214,2493.0,440,2494.0,574,2495.0,408,2496.0,686,2491.0
MA409,,13:40:22.0#,2495.0,2502.0,2485.0,2686.0,2334.0,403665,775178,2487.0,649,2488.0,910,2489.0,519,2490.0,1085,2491.0,973,2492.0,214,2493.0,440,2494.0,574,2495.0,408,2496.0,686,2491.0
MA409,,13:40:22.250#,2495.0,2502.0,2485.0,2686.0,2334.0,403665,775178,2487.0,649,2488.0,910,2489.0,519,2490.0,1085,2491.0,973,2492.0,215,2493.0,440,2494.0,574,2495.0,408,2496.0,686,2491.0
MA409,,13:40:22.500#,2495.0,2502.0,2485.0,2686.0,2334.0,403666,775178,2487.0,649,2488.0,910,2489.0,519,2490.0,1085,2491.0,972,2492.0,214,2493.0,440,2494.0,574,2495.0,408,2496.0,686,2492.0
MA409,,13:40:22.750#,2495.0,2502.0,2485.0,2686.0,2334.0,403666,775178,2487.0,649,2488.0,910,2489.0,519,2490.0,1085,2491.0,982,2492.0,214,2493.0,439,2494.0,574,2495.0,408,2496.0,686,2492.0
MA409,,13:40:23.250#,2495.0,2502.0,2485.0,2686.0,2334.0,403666,775178,2487.0,649,2488.0,910,2489.0,519,2490.0,1085,2491.0,982,2492.0,213,2493.0,439,2494.0,574,2495.0,408,2496.0,686,2492.0
MA409,,13:40:23.500#,2495.0,2502.0,2485.0,2686.0,2334.0,403667,775177,2487.0,649,2488.0,910,2489.0,519,2490.0,1085,2491.0,981,2492.0,214,2493.0,439,2494.0,574,2495.0,408,2496.0,686,2491.0
MA409,,13:40:23.750#,2495.0,2502.0,2485.0,2686.0,2334.0,403669,775177,2487.0,649,2488.0,910,2489.0,519,2490.0,1085,2491.0,971,2492.0,212,2493.0,439,2494.0,574,2495.0,408,2496.0,686,2492.0
MA409,,13:40:24.0#,2495.0,2502.0,2485.0,2686.0,2334.0,403669,775177,2487.0,649,2488.0,910,2489.0,519,2490.0,1085,2491.0,984,2492.0,213,2493.0,439,2494.0,589,2495.0,408,2496.0,686,2492.0
MA409,,13:40:24.250#,2495.0,2502.0,2485.0,2686.0,2334.0,403669,775177,2487.0,649,2488.0,910,2489.0,519,2490.0,1085,2491.0,984,2492.0,213,2493.0,439,2494.0,589,2495.0,408,2496.0,686,2492.0
MA409,,13:40:24.500#,2495.0,2502.0,2485.0,2686.0,2334.0,403770,775224,2487.0,649,2488.0,910,2489.0,519,2490.0,1085,2491.0,883,2492.0,214,2493.0,439,2494.0,589,2495.0,408,2496.0,686,2491.0
MA409,,13:40:24.750#,2495.0,2502.0,2485.0,2686.0,2334.0,403770,775224,2487.0,649,2488.0,910,2489.0,519,2490.0,1085,2491.0,889,2492.0,225,2493.0,439,2494.0,589,2495.0,408,2496.0,686,2491.0
MA409,,13:40:25.0#,2495.0,2502.0,2485.0,2686.0,2334.0,403770,775224,2487.0,649,2488.0,910,2489.0,519,2490.0,1085,2491.0,889,2492.0,225,2493.0,439,2494.0,589,2495.0,408,2496.0,686,2491.0
MA409,,13:40:25.250#,2495.0,2502.0,2485.0,2686.0,2334.0,403770,775224,2487.0,649,2488.0,910,2489.0,519,2490.0,1086,2491.0,889,2492.0,229,2493.0,439,2494.0,589,2495.0,408,2496.0,686,2491.0
MA409,,13:40:25.500#,2495.0,2502.0,2485.0,2686.0,2334.0,403770,775224,2487.0,649,2488.0,910,2489.0,519,2490.0,1086,2491.0,889,2492.0,232,2493.0,439,2494.0,589,2495.0,408,2496.0,686,2491.0
MA409,,13:40:26.0#,2495.0,2502.0,2485.0,2686.0,2334.0,403770,775224,2487.0,649,2488.0,910,2489.0,519,2490.0,1086,2491.0,889,2492.0,232,2493.0,439,2494.0,588,2495.0,405,2496.0,686,2491.0
MA409,,13:40:27.0#,2495.0,2502.0,2485.0,2686.0,2334.0,403770,775224,2487.0,649,2488.0,910,2489.0,519,2490.0,1086,2491.0,908,2492.0,231,2493.0,439,2494.0,588,2495.0,405,2496.0,686,2491.0
MA409,,13:40:27.250#,2495.0,2502.0,2485.0,2686.0,2334.0,403770,775224,2487.0,649,2488.0,911,2489.0,519,2490.0,1085,2491.0,908,2492.0,230,2493.0,439,2494.0,588,2495.0,405,2496.0,686,2491.0
MA409,,13:40:27.500#,2495.0,2502.0,2485.0,2686.0,2334.0,403772,775224,2487.0,649,2488.0,911,2489.0,519,2490.0,1085,2491.0,907,2492.0,231,2493.0,439,2494.0,588,2495.0,405,2496.0,686,2492.0
MA409,,13:40:27.750#,2495.0,2502.0,2485.0,2686.0,2334.0,403772,775224,2487.0,649,2488.0,911,2489.0,519,2490.0,1085,2491.0,907,2492.0,231,2493.0,439,2494.0,589,2495.0,405,2496.0,686,2492.0
MA409,,13:40:28.0#,2495.0,2502.0,2485.0,2686.0,2334.0,403772,775224,2487.0,649,2488.0,911,2489.0,519,2490.0,1085,2491.0,908,2492.0,231,2493.0,435,2494.0,589,2495.0,405,2496.0,686,2492.0
MA409,,13:40:28.250#,2495.0,2502.0,2485.0,2686.0,2334.0,403772,775224,2487.0,649,2488.0,911,2489.0,519,2490.0,1085,2491.0,908,2492.0,229,2493.0,435,2494.0,589,2495.0,405,2496.0,686,2492.0
MA409,,13:40:28.500#,2495.0,2502.0,2485.0,2686.0,2334.0,403776,775224,2487.0,649,2488.0,912,2489.0,519,2490.0,1085,2491.0,908,2492.0,225,2493.0,435,2494.0,589,2495.0,405,2496.0,686,2492.0
MA409,,13:40:29.0#,2495.0,2502.0,2485.0,2686.0,2334.0,403781,775229,2487.0,649,2488.0,912,2489.0,519,2490.0,1085,2491.0,904,2492.0,225,2493.0,435,2494.0,589,2495.0,405,2496.0,687,2491.0
MA409,,13:40:29.250#,2495.0,2502.0,2485.0,2686.0,2334.0,403787,775229,2487.0,648,2488.0,912,2489.0,519,2490.0,1085,2491.0,900,2492.0,221,2493.0,435,2494.0,589,2495.0,405,2496.0,687,2492.0
MA409,,13:40:29.500#,2495.0,2502.0,2485.0,2686.0,2334.0,403787,775229,2487.0,648,2488.0,912,2489.0,519,2490.0,1085,2491.0,910,2492.0,221,2493.0,435,2494.0,589,2495.0,405,2496.0,687,2492.0
MA409,,13:40:29.750#,2495.0,2502.0,2485.0,2686.0,2334.0,403787,775229,2487.0,648,2488.0,912,2489.0,519,2490.0,1085,2491.0,910,2492.0,211,2493.0,435,2494.0,589,2495.0,405,2496.0,687,2492.0
MA409,,13:40:30.0#,2495.0,2502.0,2485.0,2686.0,2334.0,403792,775234,2487.0,648,2488.0,912,2489.0,519,2490.0,1085,2491.0,905,2492.0,211,2493.0,436,2494.0,589,2495.0,405,2496.0,687,2491.0
MA409,,13:40:30.250#,2495.0,2502.0,2485.0,2686.0,2334.0,403792,775234,2487.0,648,2488.0,912,2489.0,519,2490.0,1085,2491.0,905,2492.0,211,2493.0,436,2494.0,590,2495.0,405,2496.0,687,2491.0
MA409,,13:40:30.500#,2495.0,2502.0,2485.0,2686.0,2334.0,403792,775234,2487.0,648,2488.0,912,2489.0,519,2490.0,1085,2491.0,905,2492.0,212,2493.0,437,2494.0,595,2495.0,405,2496.0,687,2491.0
MA409,,13:40:30.750#,2495.0,2502.0,2485.0,2686.0,2334.0,403798,775233,2487.0,648,2488.0,912,2489.0,519,2490.0,1085,2491.0,890,2492.0,211,2493.0,437,2494.0,595,2495.0,405,2496.0,687,2492.0
MA409,,13:40:31.0#,2495.0,2502.0,2485.0,2686.0,2334.0,403800,775233,2487.0,648,2488.0,912,2489.0,519,2490.0,1085,2491.0,888,2492.0,222,2493.0,438,2494.0,595,2495.0,405,2496.0,687,2491.0
MA409,,13:40:31.250#,2495.0,2502.0,2485.0,2686.0,2334.0,403800,775233,2487.0,648,2488.0,912,2489.0,519,2490.0,1085,2491.0,890,2492.0,222,2493.0,439,2494.0,595,2495.0,404,2496.0,687,2491.0
MA409,,13:40:31.500#,2495.0,2502.0,2485.0,2686.0,2334.0,403800,775233,2487.0,648,2488.0,912,2489.0,519,2490.0,1085,2491.0,898,2492.0,222,2493.0,439,2494.0,595,2495.0,404,2496.0,687,2491.0
MA409,,13:40:31.750#,2495.0,2502.0,2485.0,2686.0,2334.0,403800,775233,2487.0,648,2488.0,912,2489.0,519,2490.0,1085,2491.0,898,2492.0,212,2493.0,439,2494.0,595,2495.0,404,2496.0,687,2491.0
MA409,,13:40:32.0#,2495.0,2502.0,2485.0,2686.0,2334.0,403800,775233,2487.0,648,2488.0,912,2489.0,519,2490.0,1085,2491.0,898,2492.0,213,2493.0,439,2494.0,595,2495.0,404,2496.0,687,2491.0
MA409,,13:40:32.250#,2495.0,2502.0,2485.0,2686.0,2334.0,403814,775225,2487.0,648,2488.0,912,2489.0,519,2490.0,1085,2491.0,898,2492.0,199,2493.0,439,2494.0,595,2495.0,404,2496.0,687,2492.0
MA409,,13:40:32.750#,2495.0,2502.0,2485.0,2686.0,2334.0,403814,775225,2487.0,649,2488.0,912,2489.0,519,2490.0,1085,2491.0,898,2492.0,201,2493.0,439,2494.0,595,2495.0,404,2496.0,687,2492.0
MA409,,13:40:33.0#,2495.0,2502.0,2485.0,2686.0,2334.0,403814,775225,2487.0,649,2488.0,912,2489.0,519,2490.0,1085,2491.0,899,2492.0,211,2493.0,439,2494.0,595,2495.0,404,2496.0,687,2492.0
MA409,,13:40:33.250#,2495.0,2502.0,2485.0,2686.0,2334.0,403815,775226,2487.0,649,2488.0,912,2489.0,519,2490.0,1085,2491.0,899,2492.0,215,2493.0,439,2494.0,595,2495.0,404,2496.0,687,2492.0
MA409,,13:40:33.750#,2495.0,2502.0,2485.0,2686.0,2334.0,403815,775226,2487.0,649,2488.0,912,2489.0,519,2490.0,1085,2491.0,900,2492.0,215,2493.0,439,2494.0,595,2495.0,404,2496.0,687,2492.0
MA409,,13:40:34.250#,2495.0,2502.0,2485.0,2686.0,2334.0,403815,775226,2487.0,649,2488.0,910,2489.0,519,2490.0,1085,2491.0,825,2492.0,227,2493.0,439,2494.0,595,2495.0,404,2496.0,687,2492.0
MA409,,13:40:34.500#,2495.0,2502.0,2485.0,2686.0,2334.0,403815,775226,2487.0,649,2488.0,910,2489.0,519,2490.0,1085,2491.0,825,2492.0,228,2493.0,439,2494.0,596,2495.0,403,2496.0,687,2492.0
MA409,,13:40:35.0#,2495.0,2502.0,2485.0,2686.0,2334.0,403815,775226,2487.0,649,2488.0,910,2489.0,519,2490.0,1085,2491.0,829,2492.0,228,2493.0,439,2494.0,596,2495.0,403,2496.0,687,2492.0
MA409,,13:40:35.250#,2495.0,2502.0,2485.0,2686.0,2334.0,403816,775226,2487.0,649,2488.0,910,2489.0,519,2490.0,1085,2491.0,830,2492.0,227,2493.0,439,2494.0,596,2495.0,403,2496.0,687,2492.0
MA409,,13:40:35.500#,2495.0,2502.0,2485.0,2686.0,2334.0,403816,775226,2487.0,649,2488.0,910,2489.0,519,2490.0,1085,2491.0,830,2492.0,228,2493.0,439,2494.0,596,2495.0,403,2496.0,687,2492.0
MA409,,13:40:35.750#,2495.0,2502.0,2485.0,2686.0,2334.0,403816,775226,2487.0,649,2488.0,910,2489.0,519,2490.0,1085,2491.0,830,2492.0,224,2493.0,439,2494.0,596,2495.0,404,2496.0,687,2492.0
MA409,,13:40:36.0#,2495.0,2502.0,2485.0,2686.0,2334.0,403816,775226,2487.0,649,2488.0,910,2489.0,519,2490.0,1085,2491.0,830,2492.0,225,2493.0,439,2494.0,596,2495.0,404,2496.0,687,2492.0
MA409,,13:40:36.750#,2495.0,2502.0,2485.0,2686.0,2334.0,403816,775226,2487.0,649,2488.0,910,2489.0,519,2490.0,1086,2491.0,830,2492.0,225,2493.0,439,2494.0,596,2495.0,404,2496.0,687,2492.0
MA409,,13:40:37.250#,2495.0,2502.0,2485.0,2686.0,2334.0,403817,775225,2487.0,649,2488.0,910,2489.0,519,2490.0,1086,2491.0,830,2492.0,224,2493.0,439,2494.0,596,2495.0,404,2496.0,687,2492.0
MA409,,13:40:38.0#,2495.0,2502.0,2485.0,2686.0,2334.0,403817,775225,2487.0,649,2488.0,910,2489.0,519,2490.0,1085,2491.0,836,2492.0,225,2493.0,439,2494.0,596,2495.0,404,2496.0,687,2492.0
MA409,,13:40:38.250#,2495.0,2502.0,2485.0,2686.0,2334.0,403818,775225,2487.0,649,2488.0,910,2489.0,519,2490.0,1085,2491.0,836,2492.0,225,2493.0,439,2494.0,596,2495.0,404,2496.0,687,2492.0
MA409,,13:40:39.250#,2495.0,2502.0,2485.0,2686.0,2334.0,403830,775222,2487.0,649,2488.0,910,2489.0,519,2490.0,1085,2491.0,824,2492.0,213,2493.0,439,2494.0,596,2495.0,404,2496.0,687,2491.0
MA409,,13:40:39.500#,2495.0,2502.0,2485.0,2686.0,2334.0,403838,775222,2487.0,649,2488.0,910,2489.0,519,2490.0,1085,2491.0,825,2492.0,205,2493.0,438,2494.0,596,2495.0,404,2496.0,687,2492.0
MA409,,13:40:40.0#,2495.0,2502.0,2485.0,2686.0,2334.0,403839,775222,2487.0,649,2488.0,910,2489.0,519,2490.0,1085,2491.0,825,2492.0,204,2493.0,438,2494.0,596,2495.0,404,2496.0,687,2492.0
MA409,,13:40:40.250#,2495.0,2502.0,2485.0,2686.0,2334.0,403839,775222,2487.0,649,2488.0,910,2489.0,519,2490.0,1085,2491.0,825,2492.0,205,2493.0,438,2494.0,596,2495.0,404,2496.0,687,2492.0
MA409,,13:40:40.500#,2495.0,2502.0,2485.0,2686.0,2334.0,403840,775223,2487.0,649,2488.0,910,2489.0,519,2490.0,1085,2491.0,825,2492.0,204,2493.0,438,2494.0,596,2495.0,404,2496.0,687,2492.0
MA409,,13:40:40.750#,2495.0,2502.0,2485.0,2686.0,2334.0,403840,775223,2487.0,649,2488.0,910,2489.0,519,2490.0,1085,2491.0,825,2492.0,204,2493.0,438,2494.0,596,2495.0,404,2496.0,687,2492.0
MA409,,13:40:41.250#,2495.0,2502.0,2485.0,2686.0,2334.0,403844,775221,2487.0,649,2488.0,910,2489.0,519,2490.0,1085,2491.0,820,2492.0,204,2493.0,438,2494.0,596,2495.0,404,2496.0,687,2491.0
MA409,,13:40:41.500#,2495.0,2502.0,2485.0,2686.0,2334.0,403846,775220,2487.0,649,2488.0,910,2489.0,519,2490.0,1085,2491.0,820,2492.0,203,2493.0,438,2494.0,596,2495.0,404,2496.0,687,2491.0
MA409,,13:40:41.750#,2495.0,2502.0,2485.0,2686.0,2334.0,403862,775218,2487.0,649,2488.0,910,2489.0,519,2490.0,1085,2491.0,805,2492.0,202,2493.0,438,2494.0,596,2495.0,404,2496.0,687,2492.0
MA409,,13:40:42.0#,2495.0,2502.0,2485.0,2686.0,2334.0,403862,775218,2487.0,649,2488.0,910,2489.0,519,2490.0,1085,2491.0,805,2492.0,202,2493.0,438,2494.0,596,2495.0,404,2496.0,687,2492.0
MA409,,13:40:42.500#,2495.0,2502.0,2485.0,2686.0,2334.0,403862,775218,2487.0,649,2488.0,910,2489.0,519,2490.0,1085,2491.0,805,2492.0,202,2493.0,438,2494.0,596,2495.0,404,2496.0,687,2492.0
MA409,,13:40:43.0#,2495.0,2502.0,2485.0,2686.0,2334.0,403862,775218,2487.0,649,2488.0,910,2489.0,519,2490.0,1085,2491.0,805,2492.0,201,2493.0,439,2494.0,596,2495.0,404,2496.0,687,2492.0
MA409,,13:40:43.250#,2495.0,2502.0,2485.0,2686.0,2334.0,403862,775218,2487.0,649,2488.0,910,2489.0,519,2490.0,1085,2491.0,806,2492.0,201,2493.0,439,2494.0,596,2495.0,404,2496.0,687,2492.0
MA409,,13:40:44.0#,2495.0,2502.0,2485.0,2686.0,2334.0,403862,775218,2487.0,649,2488.0,910,2489.0,519,2490.0,1085,2491.0,806,2492.0,202,2493.0,439,2494.0,596,2495.0,404,2496.0,687,2492.0
MA409,,13:40:44.250#,2495.0,2502.0,2485.0,2686.0,2334.0,403863,775218,2487.0,649,2488.0,910,2489.0,519,2490.0,1085,2491.0,805,2492.0,209,2493.0,439,2494.0,601,2495.0,404,2496.0,687,2491.0
MA409,,13:40:44.500#,2495.0,2502.0,2485.0,2686.0,2334.0,403864,775217,2487.0,649,2488.0,910,2489.0,519,2490.0,1085,2491.0,805,2492.0,212,2493.0,439,2494.0,601,2495.0,404,2496.0,687,2492.0
MA409,,13:40:44.750#,2495.0,2502.0,2485.0,2686.0,2334.0,403871,775217,2487.0,649,2488.0,910,2489.0,520,2490.0,1085,2491.0,798,2492.0,214,2493.0,439,2494.0,601,2495.0,404,2496.0,687,2491.0
MA409,,13:40:45.250#,2495.0,2502.0,2485.0,2686.0,2334.0,403871,775217,2487.0,649,2488.0,910,2489.0,520,2490.0,1085,2491.0,799,2492.0,223,2493.0,439,2494.0,601,2495.0,404,2496.0,687,2491.0
MA409,,13:40:45.750#,2495.0,2502.0,2485.0,2686.0,2334.0,403871,775217,2487.0,649,2488.0,910,2489.0,520,2490.0,1085,2491.0,799,2492.0,223,2493.0,439,2494.0,603,2495.0,404,2496.0,687,2491.0
MA409,,13:40:46.0#,2495.0,2502.0,2485.0,2686.0,2334.0,403876,775213,2487.0,649,2488.0,910,2489.0,520,2490.0,1085,2491.0,794,2492.0,224,2493.0,439,2494.0,603,2495.0,404,2496.0,687,2491.0
MA409,,13:40:46.250#,2495.0,2502.0,2485.0,2686.0,2334.0,403876,775213,2487.0,649,2488.0,910,2489.0,520,2490.0,1085,2491.0,795,2492.0,224,2493.0,439,2494.0,603,2495.0,404,2496.0,687,2491.0
MA409,,13:40:46.500#,2495.0,2502.0,2485.0,2686.0,2334.0,403876,775213,2487.0,649,2488.0,910,2489.0,520,2490.0,1085,2491.0,794,2492.0,222,2493.0,439,2494.0,603,2495.0,404,2496.0,687,2491.0
MA409,,13:40:46.750#,2495.0,2502.0,2485.0,2686.0,2334.0,403876,775213,2487.0,649,2488.0,910,2489.0,521,2490.0,1085,2491.0,794,2492.0,222,2493.0,439,2494.0,602,2495.0,404,2496.0,687,2491.0
MA409,,13:40:47.0#,2495.0,2502.0,2485.0,2686.0,2334.0,403876,775213,2487.0,649,2488.0,911,2489.0,521,2490.0,1085,2491.0,794,2492.0,222,2493.0,439,2494.0,602,2495.0,404,2496.0,687,2491.0
MA409,,13:40:47.250#,2495.0,2502.0,2485.0,2686.0,2334.0,403880,775211,2487.0,649,2488.0,911,2489.0,521,2490.0,1085,2491.0,790,2492.0,222,2493.0,439,2494.0,602,2495.0,404,2496.0,687,2491.0
MA409,,13:40:47.500#,2495.0,2502.0,2485.0,2686.0,2334.0,403930,775174,2487.0,649,2488.0,911,2489.0,521,2490.0,1085,2491.0,790,2492.0,175,2493.0,439,2494.0,602,2495.0,404,2496.0,687,2492.0
MA409,,13:40:47.750#,2495.0,2502.0,2485.0,2686.0,2334.0,403930,775174,2487.0,649,2488.0,911,2489.0,521,2490.0,1085,2491.0,791,2492.0,131,2493.0,439,2494.0,602,2495.0,404,2496.0,687,2492.0
MA409,,13:40:48.0#,2495.0,2502.0,2485.0,2686.0,2334.0,403930,775174,2487.0,649,2488.0,911,2489.0,521,2490.0,1085,2491.0,802,2492.0,124,2493.0,438,2494.0,602,2495.0,404,2496.0,687,2492.0
MA409,,13:40:48.250#,2495.0,2502.0,2485.0,2686.0,2334.0,403930,775174,2487.0,649,2488.0,911,2489.0,521,2490.0,1085,2491.0,802,2492.0,173,2493.0,438,2494.0,602,2495.0,404,2496.0,687,2492.0
MA409,,13:40:48.500#,2495.0,2502.0,2485.0,2686.0,2334.0,403930,775174,2487.0,649,2488.0,911,2489.0,521,2490.0,1085,2491.0,791,2492.0,211,2493.0,438,2494.0,602,2495.0,404,2496.0,687,2492.0
MA409,,13:40:48.750#,2495.0,2502.0,2485.0,2686.0,2334.0,403930,775174,2487.0,649,2488.0,911,2489.0,521,2490.0,1085,2491.0,791,2492.0,533,2493.0,438,2494.0,602,2495.0,404,2496.0,687,2492.0
MA409,,13:40:49.0#,2495.0,2502.0,2485.0,2686.0,2334.0,403931,775175,2487.0,650,2488.0,911,2489.0,521,2490.0,1085,2491.0,791,2492.0,538,2493.0,439,2494.0,602,2495.0,404,2496.0,687,2492.0
MA409,,13:40:49.250#,2495.0,2502.0,2485.0,2686.0,2334.0,403936,775180,2487.0,650,2488.0,911,2489.0,521,2490.0,1085,2491.0,791,2492.0,533,2493.0,439,2494.0,602,2495.0,404,2496.0,687,2492.0
MA409,,13:40:49.500#,2495.0,2502.0,2485.0,2686.0,2334.0,403952,775195,2487.0,650,2488.0,911,2489.0,521,2490.0,1085,2491.0,791,2492.0,517,2493.0,439,2494.0,602,2495.0,404,2496.0,687,2492.0
MA409,,13:40:49.750#,2495.0,2502.0,2485.0,2686.0,2334.0,403952,775195,2487.0,650,2488.0,911,2489.0,521,2490.0,1085,2491.0,791,2492.0,517,2493.0,439,2494.0,602,2495.0,404,2496.0,687,2492.0
MA409,,13:40:50.0#,2495.0,2502.0,2485.0,2686.0,2334.0,403952,775195,2487.0,650,2488.0,911,2489.0,521,2490.0,1085,2491.0,791,2492.0,520,2493.0,439,2494.0,602,2495.0,404,2496.0,687,2492.0
MA409,,13:40:50.250#,2495.0,2502.0,2485.0,2686.0,2334.0,403952,775195,2487.0,650,2488.0,911,2489.0,521,2490.0,1085,2491.0,791,2492.0,521,2493.0,439,2494.0,602,2495.0,404,2496.0,687,2492.0
MA409,,13:40:50.500#,2495.0,2502.0,2485.0,2686.0,2334.0,403952,775195,2487.0,650,2488.0,910,2489.0,521,2490.0,1085,2491.0,791,2492.0,524,2493.0,439,2494.0,602,2495.0,404,2496.0,687,2492.0
MA409,,13:40:50.750#,2495.0,2502.0,2485.0,2686.0,2334.0,403952,775195,2487.0,650,2488.0,911,2489.0,521,2490.0,1085,2491.0,793,2492.0,524,2493.0,439,2494.0,602,2495.0,404,2496.0,687,2492.0
MA409,,13:40:51.0#,2495.0,2502.0,2485.0,2686.0,2334.0,403955,775193,2487.0,650,2488.0,911,2489.0,521,2490.0,1085,2491.0,792,2492.0,521,2493.0,439,2494.0,602,2495.0,404,2496.0,687,2492.0
MA409,,13:40:51.250#,2495.0,2502.0,2485.0,2686.0,2334.0,403956,775192,2487.0,650,2488.0,911,2489.0,521,2490.0,1085,2491.0,792,2492.0,520,2493.0,439,2494.0,602,2495.0,404,2496.0,687,2492.0
MA409,,13:40:51.500#,2495.0,2502.0,2485.0,2686.0,2334.0,403958,775190,2487.0,650,2488.0,911,2489.0,521,2490.0,1085,2491.0,790,2492.0,521,2493.0,439,2494.0,602,2495.0,404,2496.0,687,2491.0
MA409,,13:40:51.750#,2495.0,2502.0,2485.0,2686.0,2334.0,403958,775190,2487.0,650,2488.0,911,2489.0,521,2490.0,1085,2491.0,792,2492.0,521,2493.0,439,2494.0,602,2495.0,404,2496.0,687,2491.0
MA409,,13:40:52.0#,2495.0,2502.0,2485.0,2686.0,2334.0,403960,775190,2487.0,650,2488.0,911,2489.0,521,2490.0,1085,2491.0,790,2492.0,519,2493.0,439,2494.0,602,2495.0,404,2496.0,687,2492.0
MA409,,13:40:52.250#,2495.0,2502.0,2485.0,2686.0,2334.0,403961,775190,2487.0,650,2488.0,911,2489.0,521,2490.0,1085,2491.0,789,2492.0,518,2493.0,440,2494.0,602,2495.0,404,2496.0,687,2492.0
MA409,,13:40:52.500#,2495.0,2502.0,2485.0,2686.0,2334.0,403961,775190,2487.0,650,2488.0,911,2489.0,522,2490.0,1085,2491.0,789,2492.0,518,2493.0,440,2494.0,602,2495.0,404,2496.0,687,2492.0
MA409,,13:40:52.750#,2495.0,2502.0,2485.0,2686.0,2334.0,403961,775190,2487.0,650,2488.0,911,2489.0,522,2490.0,1085,2491.0,789,2492.0,518,2493.0,440,2494.0,602,2495.0,404,2496.0,687,2492.0
MA409,,13:40:53.0#,2495.0,2502.0,2485.0,2686.0,2334.0,403961,775190,2487.0,650,2488.0,911,2489.0,522,2490.0,1085,2491.0,789,2492.0,518,2493.0,441,2494.0,602,2495.0,404,2496.0,687,2492.0
MA409,,13:40:53.250#,2495.0,2502.0,2485.0,2686.0,2334.0,403961,775190,2487.0,650,2488.0,911,2489.0,522,2490.0,1085,2491.0,789,2492.0,517,2493.0,441,2494.0,602,2495.0,404,2496.0,687,2492.0
MA409,,13:40:53.500#,2495.0,2502.0,2485.0,2686.0,2334.0,403961,775190,2487.0,650,2488.0,911,2489.0,522,2490.0,1085,2491.0,789,2492.0,517,2493.0,441,2494.0,602,2495.0,404,2496.0,687,2492.0
MA409,,13:40:54.250#,2495.0,2502.0,2485.0,2686.0,2334.0,403961,775190,2487.0,649,2488.0,912,2489.0,522,2490.0,1085,2491.0,789,2492.0,517,2493.0,441,2494.0,602,2495.0,404,2496.0,687,2492.0
MA409,,13:40:54.500#,2495.0,2502.0,2485.0,2686.0,2334.0,403961,775190,2487.0,649,2488.0,912,2489.0,522,2490.0,1085,2491.0,790,2492.0,530,2493.0,441,2494.0,602,2495.0,404,2496.0,687,2492.0
MA409,,13:40:54.750#,2495.0,2502.0,2485.0,2686.0,2334.0,403961,775190,2487.0,649,2488.0,912,2489.0,522,2490.0,1085,2491.0,791,2492.0,530,2493.0,441,2494.0,602,2495.0,404,2496.0,687,2492.0
MA409,,13:40:55.0#,2495.0,2502.0,2485.0,2686.0,2334.0,403961,775190,2487.0,649,2488.0,912,2489.0,522,2490.0,1085,2491.0,791,2492.0,530,2493.0,441,2494.0,602,2495.0,404,2496.0,687,2492.0
MA409,,13:40:55.250#,2495.0,2502.0,2485.0,2686.0,2334.0,403961,775190,2487.0,649,2488.0,912,2489.0,522,2490.0,1085,2491.0,791,2492.0,530,2493.0,441,2494.0,602,2495.0,404,2496.0,687,2492.0
MA409,,13:40:55.500#,2495.0,2502.0,2485.0,2686.0,2334.0,403961,775190,2487.0,649,2488.0,912,2489.0,522,2490.0,1085,2491.0,773,2492.0,530,2493.0,440,2494.0,602,2495.0,404,2496.0,687,2492.0
MA409,,13:40:55.750#,2495.0,2502.0,2485.0,2686.0,2334.0,403963,775190,2487.0,649,2488.0,912,2489.0,522,2490.0,1085,2491.0,768,2492.0,528,2493.0,440,2494.0,602,2495.0,404,2496.0,688,2492.0
MA409,,13:40:56.0#,2495.0,2502.0,2485.0,2686.0,2334.0,403963,775190,2487.0,649,2488.0,912,2489.0,522,2490.0,1085,2491.0,768,2492.0,528,2493.0,440,2494.0,601,2495.0,404,2496.0,688,2492.0
MA409,,13:40:56.250#,2495.0,2502.0,2485.0,2686.0,2334.0,403966,775190,2487.0,649,2488.0,912,2489.0,522,2490.0,1085,2491.0,766,2492.0,527,2493.0,440,2494.0,601,2495.0,404,2496.0,688,2491.0
MA409,,13:40:56.500#,2495.0,2502.0,2485.0,2686.0,2334.0,403966,775190,2487.0,649,2488.0,913,2489.0,522,2490.0,1085,2491.0,766,2492.0,527,2493.0,440,2494.0,601,2495.0,404,2496.0,688,2491.0
MA409,,13:40:57.0#,2495.0,2502.0,2485.0,2686.0,2334.0,403966,775190,2487.0,649,2488.0,913,2489.0,522,2490.0,1085,2491.0,766,2492.0,527,2493.0,440,2494.0,600,2495.0,404,2496.0,688,2491.0
MA409,,13:40:57.250#,2495.0,2502.0,2485.0,2686.0,2334.0,403966,775190,2487.0,649,2488.0,913,2489.0,522,2490.0,1085,2491.0,766,2492.0,531,2493.0,440,2494.0,600,2495.0,404,2496.0,688,2491.0
MA409,,13:40:57.750#,2495.0,2502.0,2485.0,2686.0,2334.0,403966,775190,2487.0,649,2488.0,913,2489.0,522,2490.0,1085,2491.0,768,2492.0,531,2493.0,440,2494.0,600,2495.0,404,2496.0,688,2491.0
MA409,,13:40:58.0#,2495.0,2502.0,2485.0,2686.0,2334.0,403966,775190,2487.0,649,2488.0,913,2489.0,522,2490.0,1085,2491.0,768,2492.0,531,2493.0,441,2494.0,600,2495.0,404,2496.0,688,2491.0
MA409,,13:40:58.500#,2495.0,2502.0,2485.0,2686.0,2334.0,403966,775190,2487.0,649,2488.0,913,2489.0,522,2490.0,1085,2491.0,770,2492.0,531,2493.0,441,2494.0,600,2495.0,404,2496.0,688,2491.0
MA409,,13:40:58.750#,2495.0,2502.0,2485.0,2686.0,2334.0,403967,775189,2487.0,649,2488.0,913,2489.0,522,2490.0,1085,2491.0,769,2492.0,530,2493.0,442,2494.0,600,2495.0,404,2496.0,689,2492.0
MA409,,13:40:59.0#,2495.0,2502.0,2485.0,2686.0,2334.0,403968,775188,2487.0,649,2488.0,913,2489.0,522,2490.0,1085,2491.0,769,2492.0,529,2493.0,442,2494.0,600,2495.0,404,2496.0,689,2492.0
MA409,,13:40:59.500#,2495.0,2502.0,2485.0,2686.0,2334.0,403981,775178,2487.0,649,2488.0,913,2489.0,522,2490.0,1085,2491.0,756,2492.0,515,2493.0,442,2494.0,600,2495.0,404,2496.0,689,2491.0
MA409,,13:40:59.750#,2495.0,2502.0,2485.0,2686.0,2334.0,403981,775178,2487.0,649,2488.0,913,2489.0,522,2490.0,1085,2491.0,758,2492.0,517,2493.0,442,2494.0,600,2495.0,404,2496.0,689,2491.0
MA409,,13:41:00.0#,2495.0,2502.0,2485.0,2686.0,2334.0,403981,775178,2487.0,649,2488.0,913,2489.0,522,2490.0,1085,2491.0,758,2492.0,517,2493.0,442,2494.0,600,2495.0,404,2496.0,689,2491.0
MA409,,13:41:00.250#,2495.0,2502.0,2485.0,2686.0,2334.0,403981,775178,2487.0,649,2488.0,913,2489.0,522,2490.0,1085,2491.0,758,2492.0,518,2493.0,442,2494.0,600,2495.0,404,2496.0,689,2491.0
MA409,,13:41:00.500#,2495.0,2502.0,2485.0,2686.0,2334.0,403981,775178,2487.0,649,2488.0,913,2489.0,522,2490.0,1085,2491.0,758,2492.0,518,2493.0,442,2494.0,600,2495.0,404,2496.0,689,2491.0
MA409,,13:41:00.750#,2495.0,2502.0,2485.0,2686.0,2334.0,403985,775179,2487.0,649,2488.0,913,2489.0,522,2490.0,1085,2491.0,758,2492.0,514,2493.0,442,2494.0,600,2495.0,404,2496.0,689,2492.0
MA409,,13:41:01.0#,2495.0,2502.0,2485.0,2686.0,2334.0,403989,775179,2487.0,649,2488.0,913,2489.0,522,2490.0,1085,2491.0,756,2492.0,510,2493.0,442,2494.0,600,2495.0,404,2496.0,689,2491.0
MA409,,13:41:01.250#,2495.0,2502.0,2485.0,2686.0,2334.0,404003,775187,2487.0,649,2488.0,913,2489.0,522,2490.0,1085,2491.0,756,2492.0,496,2493.0,442,2494.0,600,2495.0,404,2496.0,689,2492.0
MA409,,13:41:01.500#,2495.0,2502.0,2485.0,2686.0,2334.0,404008,775187,2487.0,649,2488.0,913,2489.0,522,2490.0,1085,2491.0,752,2492.0,498,2493.0,442,2494.0,600,2495.0,404,2496.0,689,2491.0
MA409,,13:41:01.750#,2495.0,2502.0,2485.0,2686.0,2334.0,404009,775187,2487.0,649,2488.0,913,2489.0,522,2490.0,1085,2491.0,752,2492.0,497,2493.0,442,2494.0,600,2495.0,404,2496.0,689,2492.0
MA409,,13:41:02.500#,2495.0,2502.0,2485.0,2686.0,2334.0,404021,775178,2487.0,649,2488.0,913,2489.0,522,2490.0,1085,2491.0,752,2492.0,487,2493.0,442,2494.0,600,2495.0,404,2496.0,689,2492.0
MA409,,13:41:02.750#,2495.0,2502.0,2485.0,2686.0,2334.0,404021,775178,2487.0,649,2488.0,913,2489.0,522,2490.0,1085,2491.0,751,2492.0,490,2493.0,442,2494.0,600,2495.0,404,2496.0,689,2492.0
MA409,,13:41:03.0#,2495.0,2502.0,2485.0,2686.0,2334.0,404021,775178,2487.0,649,2488.0,913,2489.0,522,2490.0,1085,2491.0,752,2492.0,490,2493.0,442,2494.0,600,2495.0,404,2496.0,689,2492.0
MA409,,13:41:04.0#,2495.0,2502.0,2485.0,2686.0,2334.0,404022,775178,2487.0,649,2488.0,913,2489.0,522,2490.0,1085,2491.0,737,2492.0,489,2493.0,442,2494.0,600,2495.0,404,2496.0,689,2492.0
MA409,,13:41:04.250#,2495.0,2502.0,2485.0,2686.0,2334.0,404042,775164,2487.0,649,2488.0,913,2489.0,522,2490.0,1085,2491.0,736,2492.0,471,2493.0,442,2494.0,600,2495.0,404,2496.0,689,2492.0
MA409,,13:41:04.500#,2495.0,2502.0,2485.0,2686.0,2334.0,404044,775164,2487.0,649,2488.0,913,2489.0,522,2490.0,1084,2491.0,747,2492.0,471,2493.0,442,2494.0,600,2495.0,404,2496.0,689,2492.0
MA409,,13:41:04.750#,2495.0,2502.0,2485.0,2686.0,2334.0,404110,775209,2487.0,649,2488.0,913,2489.0,522,2490.0,1084,2491.0,747,2492.0,447,2493.0,442,2494.0,600,2495.0,404,2496.0,689,2492.0
MA409,,13:41:05.0#,2495.0,2502.0,2485.0,2686.0,2334.0,404110,775209,2487.0,649,2488.0,913,2489.0,522,2490.0,1084,2491.0,745,2492.0,448,2493.0,442,2494.0,600,2495.0,404,2496.0,689,2492.0
MA409,,13:41:05.250#,2495.0,2502.0,2485.0,2686.0,2334.0,404110,775209,2487.0,649,2488.0,913,2489.0,522,2490.0,1084,2491.0,745,2492.0,449,2493.0,442,2494.0,600,2495.0,404,2496.0,689,2492.0
MA409,,13:41:05.500#,2495.0,2502.0,2485.0,2686.0,2334.0,404110,775209,2487.0,649,2488.0,913,2489.0,522,2490.0,1084,2491.0,748,2492.0,449,2493.0,442,2494.0,600,2495.0,404,2496.0,689,2492.0
MA409,,13:41:05.750#,2495.0,2502.0,2485.0,2686.0,2334.0,404165,775257,2487.0,649,2488.0,913,2489.0,522,2490.0,1084,2491.0,748,2492.0,394,2493.0,442,2494.0,600,2495.0,404,2496.0,689,2492.0
MA409,,13:41:06.0#,2495.0,2502.0,2485.0,2686.0,2334.0,404168,775260,2487.0,649,2488.0,913,2489.0,522,2490.0,1084,2491.0,748,2492.0,384,2493.0,442,2494.0,600,2495.0,404,2496.0,689,2492.0
MA409,,13:41:06.250#,2495.0,2502.0,2485.0,2686.0,2334.0,404213,775305,2487.0,649,2488.0,913,2489.0,522,2490.0,1084,2491.0,748,2492.0,339,2493.0,442,2494.0,600,2495.0,404,2496.0,689,2492.0
MA409,,13:41:06.500#,2495.0,2502.0,2485.0,2686.0,2334.0,404213,775305,2487.0,649,2488.0,913,2489.0,522,2490.0,1084,2491.0,749,2492.0,339,2493.0,442,2494.0,600,2495.0,404,2496.0,689,2492.0
MA409,,13:41:06.750#,2495.0,2502.0,2485.0,2686.0,2334.0,404215,775305,2487.0,649,2488.0,913,2489.0,522,2490.0,1084,2491.0,748,2492.0,340,2493.0,442,2494.0,600,2495.0,404,2496.0,689,2492.0
MA409,,13:41:07.0#,2495.0,2502.0,2485.0,2686.0,2334.0,404215,775305,2487.0,649,2488.0,913,2489.0,522,2490.0,1084,2491.0,748,2492.0,340,2493.0,442,2494.0,600,2495.0,403,2496.0,689,2492.0
MA409,,13:41:07.500#,2495.0,2502.0,2485.0,2686.0,2334.0,404225,775315,2487.0,649,2488.0,913,2489.0,522,2490.0,1084,2491.0,748,2492.0,330,2493.0,443,2494.0,600,2495.0,403,2496.0,689,2492.0
MA409,,13:41:08.0#,2495.0,2502.0,2485.0,2686.0,2334.0,404225,775315,2487.0,649,2488.0,913,2489.0,522,2490.0,1084,2491.0,748,2492.0,340,2493.0,443,2494.0,600,2495.0,403,2496.0,689,2492.0
MA409,,13:41:08.500#,2495.0,2502.0,2485.0,2686.0,2334.0,404227,775317,2487.0,649,2488.0,913,2489.0,522,2490.0,1084,2491.0,757,2492.0,368,2493.0,443,2494.0,600,2495.0,403,2496.0,689,2492.0
MA409,,13:41:09.0#,2495.0,2502.0,2485.0,2686.0,2334.0,404227,775317,2487.0,649,2488.0,913,2489.0,522,2490.0,1084,2491.0,756,2492.0,369,2493.0,443,2494.0,600,2495.0,403,2496.0,689,2492.0
MA409,,13:41:09.500#,2495.0,2502.0,2485.0,2686.0,2334.0,404227,775317,2487.0,649,2488.0,913,2489.0,522,2490.0,1084,2491.0,756,2492.0,370,2493.0,438,2494.0,600,2495.0,403,2496.0,689,2492.0
MA409,,13:41:10.0#,2495.0,2502.0,2485.0,2686.0,2334.0,404491,775344,2487.0,649,2488.0,913,2489.0,522,2490.0,1084,2491.0,404,2492.0,602,2493.0,438,2494.0,600,2495.0,403,2496.0,689,2491.0
MA409,,13:41:10.250#,2495.0,2502.0,2485.0,2686.0,2334.0,404498,775339,2487.0,649,2488.0,913,2489.0,522,2490.0,1084,2491.0,398,2492.0,612,2493.0,438,2494.0,600,2495.0,403,2496.0,689,2491.0
MA409,,13:41:10.500#,2495.0,2502.0,2485.0,2686.0,2334.0,404498,775339,2487.0,649,2488.0,913,2489.0,522,2490.0,1084,2491.0,398,2492.0,602,2493.0,438,2494.0,600,2495.0,403,2496.0,689,2491.0
MA409,,13:41:11.0#,2495.0,2502.0,2485.0,2686.0,2334.0,404499,775340,2487.0,649,2488.0,913,2489.0,522,2490.0,1084,2491.0,407,2492.0,601,2493.0,438,2494.0,600,2495.0,403,2496.0,689,2492.0
MA409,,13:41:11.500#,2495.0,2502.0,2485.0,2686.0,2334.0,404499,775340,2487.0,649,2488.0,916,2489.0,524,2490.0,1084,2491.0,407,2492.0,601,2493.0,438,2494.0,600,2495.0,403,2496.0,689,2492.0
MA409,,13:41:11.750#,2495.0,2502.0,2485.0,2686.0,2334.0,404500,775341,2487.0,649,2488.0,916,2489.0,524,2490.0,1084,2491.0,407,2492.0,600,2493.0,438,2494.0,600,2495.0,403,2496.0,689,2492.0
MA409,,13:41:12.250#,2495.0,2502.0,2485.0,2686.0,2334.0,404500,775341,2487.0,649,2488.0,916,2489.0,524,2490.0,1084,2491.0,407,2492.0,601,2493.0,438,2494.0,600,2495.0,403,2496.0,689,2492.0
MA409,,13:41:12.500#,2495.0,2502.0,2485.0,2686.0,2334.0,404501,775342,2487.0,649,2488.0,916,2489.0,524,2490.0,1084,2491.0,407,2492.0,621,2493.0,438,2494.0,600,2495.0,403,2496.0,689,2492.0
MA409,,13:41:13.0#,2495.0,2502.0,2485.0,2686.0,2334.0,404502,775343,2487.0,649,2488.0,917,2489.0,524,2490.0,1084,2491.0,410,2492.0,620,2493.0,438,2494.0,600,2495.0,403,2496.0,689,2492.0
MA409,,13:41:13.250#,2495.0,2502.0,2485.0,2686.0,2334.0,404505,775346,2487.0,649,2488.0,917,2489.0,524,2490.0,1083,2491.0,410,2492.0,617,2493.0,438,2494.0,600,2495.0,403,2496.0,689,2492.0
MA409,,13:41:14.0#,2495.0,2502.0,2485.0,2686.0,2334.0,404508,775349,2487.0,649,2488.0,917,2489.0,524,2490.0,1083,2491.0,411,2492.0,616,2493.0,438,2494.0,597,2495.0,516,2496.0,689,2492.0
MA409,,13:41:14.250#,2495.0,2502.0,2485.0,2686.0,2334.0,404514,775352,2487.0,649,2488.0,917,2489.0,524,2490.0,1083,2491.0,411,2492.0,610,2493.0,438,2494.0,597,2495.0,519,2496.0,689,2492.0
MA409,,13:41:14.500#,2495.0,2502.0,2485.0,2686.0,2334.0,404514,775352,2487.0,649,2488.0,917,2489.0,524,2490.0,1084,2491.0,415,2492.0,622,2493.0,438,2494.0,597,2495.0,519,2496.0,689,2492.0
MA409,,13:41:15.0#,2495.0,2502.0,2485.0,2686.0,2334.0,404518,775356,2487.0,649,2488.0,917,2489.0,524,2490.0,1084,2491.0,414,2492.0,623,2493.0,436,2494.0,597,2495.0,519,2496.0,689,2491.0
MA409,,13:41:15.250#,2495.0,2502.0,2485.0,2686.0,2334.0,404523,775359,2487.0,649,2488.0,917,2489.0,524,2490.0,1084,2491.0,414,2492.0,618,2493.0,436,2494.0,597,2495.0,519,2496.0,689,2492.0
MA409,,13:41:15.500#,2495.0,2502.0,2485.0,2686.0,2334.0,404523,775359,2487.0,649,2488.0,917,2489.0,524,2490.0,1084,2491.0,415,2492.0,618,2493.0,436,2494.0,597,2495.0,519,2496.0,689,2492.0
MA409,,13:41:16.0#,2495.0,2502.0,2485.0,2686.0,2334.0,404523,775359,2487.0,649,2488.0,917,2489.0,524,2490.0,1084,2491.0,415,2492.0,618,2493.0,435,2494.0,597,2495.0,519,2496.0,689,2492.0
MA409,,13:41:16.250#,2495.0,2502.0,2485.0,2686.0,2334.0,404523,775359,2487.0,649,2488.0,917,2489.0,524,2490.0,1085,2491.0,415,2492.0,618,2493.0,435,2494.0,597,2495.0,519,2496.0,689,2492.0
MA409,,13:41:17.0#,2495.0,2502.0,2485.0,2686.0,2334.0,404523,775359,2487.0,649,2488.0,917,2489.0,524,2490.0,1085,2491.0,317,2492.0,618,2493.0,435,2494.0,597,2495.0,519,2496.0,689,2492.0
MA409,,13:41:17.250#,2495.0,2502.0,2485.0,2686.0,2334.0,404523,775359,2487.0,649,2488.0,917,2489.0,524,2490.0,1085,2491.0,317,2492.0,619,2493.0,435,2494.0,597,2495.0,519,2496.0,689,2492.0
MA409,,13:41:17.500#,2495.0,2502.0,2485.0,2686.0,2334.0,404573,775375,2487.0,649,2488.0,917,2489.0,524,2490.0,1085,2491.0,267,2492.0,598,2493.0,435,2494.0,597,2495.0,519,2496.0,689,2491.0
MA409,,13:41:18.0#,2495.0,2502.0,2485.0,2686.0,2334.0,404573,775375,2487.0,649,2488.0,914,2489.0,524,2490.0,1085,2491.0,269,2492.0,617,2493.0,435,2494.0,597,2495.0,519,2496.0,689,2491.0
MA409,,13:41:18.250#,2495.0,2502.0,2485.0,2686.0,2334.0,404573,775375,2487.0,649,2488.0,914,2489.0,527,2490.0,1081,2491.0,284,2492.0,617,2493.0,435,2494.0,597,2495.0,519,2496.0,689,2491.0
MA409,,13:41:18.500#,2495.0,2502.0,2485.0,2686.0,2334.0,404573,775375,2487.0,649,2488.0,914,2489.0,527,2490.0,1081,2491.0,284,2492.0,617,2493.0,435,2494.0,597,2495.0,559,2496.0,689,2491.0
MA409,,13:41:19.0#,2495.0,2502.0,2485.0,2686.0,2334.0,404604,775405,2487.0,649,2488.0,914,2489.0,527,2490.0,1081,2491.0,303,2492.0,586,2493.0,434,2494.0,597,2495.0,559,2496.0,689,2492.0
MA409,,13:41:19.500#,2495.0,2502.0,2485.0,2686.0,2334.0,404619,775407,2487.0,649,2488.0,914,2489.0,527,2490.0,1081,2491.0,291,2492.0,572,2493.0,434,2494.0,597,2495.0,559,2496.0,689,2492.0
MA409,,13:41:19.750#,2495.0,2502.0,2485.0,2686.0,2334.0,404619,775407,2487.0,649,2488.0,914,2489.0,527,2490.0,1081,2491.0,295,2492.0,572,2493.0,434,2494.0,597,2495.0,559,2496.0,689,2492.0
MA409,,13:41:20.0#,2495.0,2502.0,2485.0,2686.0,2334.0,404619,775407,2487.0,649,2488.0,914,2489.0,527,2490.0,1081,2491.0,297,2492.0,572,2493.0,434,2494.0,597,2495.0,559,2496.0,689,2492.0
MA409,,13:41:20.250#,2495.0,2502.0,2485.0,2686.0,2334.0,404619,775407,2487.0,649,2488.0,914,2489.0,527,2490.0,1081,2491.0,312,2492.0,572,2493.0,434,2494.0,597,2495.0,559,2496.0,689,2492.0
MA409,,13:41:20.500#,2495.0,2502.0,2485.0,2686.0,2334.0,404619,775407,2487.0,649,2488.0,914,2489.0,527,2490.0,1081,2491.0,312,2492.0,572,2493.0,434,2494.0,597,2495.0,559,2496.0,689,2492.0
MA409,,13:41:20.750#,2495.0,2502.0,2485.0,2686.0,2334.0,404619,775407,2487.0,649,2488.0,914,2489.0,527,2490.0,1081,2491.0,313,2492.0,574,2493.0,434,2494.0,594,2495.0,559,2496.0,689,2492.0
MA409,,13:41:21.0#,2495.0,2502.0,2485.0,2686.0,2334.0,404619,775407,2487.0,649,2488.0,914,2489.0,532,2490.0,1082,2491.0,313,2492.0,574,2493.0,434,2494.0,594,2495.0,559,2496.0,689,2492.0
MA409,,13:41:21.250#,2495.0,2502.0,2485.0,2686.0,2334.0,404619,775407,2487.0,649,2488.0,914,2489.0,532,2490.0,1082,2491.0,313,2492.0,574,2493.0,434,2494.0,594,2495.0,559,2496.0,689,2492.0
MA409,,13:41:21.500#,2495.0,2502.0,2485.0,2686.0,2334.0,404637,775409,2487.0,649,2488.0,914,2489.0,532,2490.0,1082,2491.0,295,2492.0,574,2493.0,434,2494.0,594,2495.0,559,2496.0,689,2491.0
MA409,,13:41:21.750#,2495.0,2502.0,2485.0,2686.0,2334.0,404640,775409,2487.0,649,2488.0,914,2489.0,532,2490.0,1082,2491.0,280,2492.0,571,2493.0,434,2494.0,594,2495.0,559,2496.0,689,2492.0
MA409,,13:41:22.0#,2495.0,2502.0,2485.0,2686.0,2334.0,404640,775409,2487.0,649,2488.0,914,2489.0,532,2490.0,1082,2491.0,266,2492.0,570,2493.0,434,2494.0,594,2495.0,559,2496.0,689,2492.0
MA409,,13:41:22.250#,2495.0,2502.0,2485.0,2686.0,2334.0,404640,775409,2487.0,649,2488.0,919,2489.0,532,2490.0,1082,2491.0,266,2492.0,570,2493.0,434,2494.0,594,2495.0,559,2496.0,689,2492.0
MA409,,13:41:22.500#,2495.0,2502.0,2485.0,2686.0,2334.0,404640,775409,2487.0,649,2488.0,919,2489.0,532,2490.0,1083,2491.0,266,2492.0,570,2493.0,434,2494.0,594,2495.0,559,2496.0,689,2492.0
MA409,,13:41:23.0#,2495.0,2502.0,2485.0,2686.0,2334.0,404640,775409,2487.0,649,2488.0,919,2489.0,532,2490.0,1083,2491.0,266,2492.0,571,2493.0,434,2494.0,594,2495.0,559,2496.0,689,2492.0
MA409,,13:41:23.250#,2495.0,2502.0,2485.0,2686.0,2334.0,404640,775409,2487.0,649,2488.0,919,2489.0,532,2490.0,1083,2491.0,265,2492.0,571,2493.0,434,2494.0,594,2495.0,559,2496.0,689,2492.0
MA409,,13:41:24.0#,2495.0,2502.0,2485.0,2686.0,2334.0,404640,775409,2487.0,649,2488.0,919,2489.0,532,2490.0,1083,2491.0,196,2492.0,571,2493.0,434,2494.0,594,2495.0,559,2496.0,689,2492.0
MA409,,13:41:24.250#,2495.0,2502.0,2485.0,2686.0,2334.0,404640,775409,2487.0,654,2488.0,919,2489.0,532,2490.0,1084,2491.0,195,2492.0,572,2493.0,434,2494.0,595,2495.0,559,2496.0,689,2492.0
MA409,,13:41:24.500#,2495.0,2502.0,2485.0,2686.0,2334.0,404640,775409,2487.0,654,2488.0,919,2489.0,532,2490.0,1084,2491.0,194,2492.0,572,2493.0,434,2494.0,595,2495.0,559,2496.0,689,2492.0
MA409,,13:41:24.750#,2495.0,2502.0,2485.0,2686.0,2334.0,404641,775409,2487.0,654,2488.0,919,2489.0,532,2490.0,1084,2491.0,193,2492.0,585,2493.0,434,2494.0,595,2495.0,594,2496.0,689,2492.0
MA409,,13:41:25.0#,2495.0,2502.0,2485.0,2686.0,2334.0,404641,775409,2487.0,654,2488.0,919,2489.0,532,2490.0,1085,2491.0,193,2492.0,585,2493.0,434,2494.0,595,2495.0,636,2496.0,689,2492.0
MA409,,13:41:25.250#,2495.0,2502.0,2485.0,2686.0,2334.0,404648,775409,2487.0,654,2488.0,919,2489.0,532,2490.0,1085,2491.0,186,2492.0,588,2493.0,434,2494.0,595,2495.0,636,2496.0,689,2491.0
MA409,,13:41:25.500#,2495.0,2502.0,2485.0,2686.0,2334.0,404696,775431,2487.0,654,2488.0,919,2489.0,532,2490.0,1085,2491.0,139,2492.0,588,2493.0,434,2494.0,595,2495.0,636,2496.0,689,2491.0
MA409,,13:41:25.750#,2495.0,2502.0,2485.0,2686.0,2334.0,404831,775391,2486.0,1422,2487.0,654,2488.0,919,2489.0,532,2490.0,1097,2491.0,16,2492.0,589,2493.0,434,2494.0,595,2495.0,636,2491.0
MA409,,13:41:26.0#,2495.0,2502.0,2485.0,2686.0,2334.0,404831,775391,2486.0,1429,2487.0,654,2488.0,920,2489.0,534,2490.0,1109,2491.0,40,2492.0,638,2493.0,435,2494.0,595,2495.0,635,2491.0
