InstrumentId,ExchangeId,Datetime,OpenPrice,HighestPrice,LowestPrice,UpperLimitPrice,LowerLimitPrice,Volume,OpenInterest,BidPrice5,BidVolume5,BidPrice4,BidVolume4,BidPrice3,BidVolume3,BidPrice2,BidVolume2,BidPrice1,BidVolume1,AskPrice1,AskVolume1,AskPrice2,AskVolume2,AskPrice3,AskVolume3,AskPrice4,AskVolume4,AskPrice5,AskVolume5,LastPrice
MA410,,13:38:35.0#,2522.0,2530.0,2512.0,2717.0,2361.0,12707,9664,2513.0,7,2514.0,22,2515.0,16,2516.0,157,2517.0,15,2518.0,21,2519.0,140,2520.0,43,2521.0,11,2522.0,27,2518.0
MA410,,13:38:35.250#,2522.0,2530.0,2512.0,2717.0,2361.0,12707,9664,2513.0,7,2514.0,22,2515.0,38,2516.0,147,2517.0,10,2518.0,15,2519.0,141,2520.0,43,2521.0,11,2522.0,27,2518.0
MA410,,13:38:35.500#,2522.0,2530.0,2512.0,2717.0,2361.0,12707,9664,2513.0,7,2514.0,22,2515.0,38,2516.0,147,2517.0,10,2518.0,16,2519.0,151,2520.0,33,2521.0,11,2522.0,27,2518.0
MA410,,13:38:35.750#,2522.0,2530.0,2512.0,2717.0,2361.0,12707,9664,2513.0,7,2514.0,22,2515.0,28,2516.0,157,2517.0,4,2518.0,16,2519.0,161,2520.0,23,2521.0,11,2522.0,27,2518.0
MA410,,13:38:36.0#,2522.0,2530.0,2512.0,2717.0,2361.0,12707,9664,2513.0,7,2514.0,22,2515.0,28,2516.0,157,2517.0,4,2518.0,23,2519.0,161,2520.0,23,2521.0,11,2522.0,27,2518.0
MA410,,13:38:36.750#,2522.0,2530.0,2512.0,2717.0,2361.0,12707,9664,2513.0,7,2514.0,22,2515.0,28,2516.0,157,2517.0,4,2518.0,16,2519.0,161,2520.0,23,2521.0,11,2522.0,27,2518.0
MA410,,13:38:46.750#,2522.0,2530.0,2512.0,2717.0,2361.0,12707,9664,2513.0,7,2514.0,22,2515.0,28,2516.0,157,2517.0,4,2518.0,16,2519.0,161,2520.0,23,2521.0,11,2522.0,27,2518.0
MA410,,13:39:01.750#,2522.0,2530.0,2512.0,2717.0,2361.0,12707,9664,2513.0,7,2514.0,22,2515.0,29,2516.0,157,2517.0,4,2518.0,16,2519.0,161,2520.0,23,2521.0,11,2522.0,27,2518.0
MA410,,13:39:06.500#,2522.0,2530.0,2512.0,2717.0,2361.0,12707,9664,2513.0,7,2514.0,22,2515.0,29,2516.0,157,2517.0,4,2518.0,26,2519.0,151,2520.0,23,2521.0,11,2522.0,27,2518.0
MA410,,13:39:06.750#,2522.0,2530.0,2512.0,2717.0,2361.0,12707,9664,2513.0,7,2514.0,22,2515.0,18,2516.0,157,2517.0,4,2518.0,26,2519.0,161,2520.0,13,2521.0,11,2522.0,27,2518.0
MA410,,13:39:28.500#,2522.0,2530.0,2512.0,2717.0,2361.0,12707,9664,2513.0,7,2514.0,22,2515.0,29,2516.0,157,2517.0,4,2518.0,24,2519.0,161,2520.0,13,2521.0,11,2522.0,27,2518.0
MA410,,13:39:28.750#,2522.0,2530.0,2512.0,2717.0,2361.0,12707,9664,2513.0,7,2514.0,22,2515.0,29,2516.0,157,2517.0,5,2518.0,24,2519.0,151,2520.0,23,2521.0,11,2522.0,27,2518.0
MA410,,13:39:43.750#,2522.0,2530.0,2512.0,2717.0,2361.0,12707,9664,2513.0,7,2514.0,22,2515.0,29,2516.0,157,2517.0,5,2518.0,24,2519.0,151,2520.0,23,2521.0,11,2522.0,27,2518.0
MA410,,13:39:46.500#,2522.0,2530.0,2512.0,2717.0,2361.0,12707,9664,2513.0,7,2514.0,22,2515.0,18,2516.0,157,2517.0,5,2518.0,24,2519.0,151,2520.0,23,2521.0,11,2522.0,27,2518.0
MA410,,13:39:46.750#,2522.0,2530.0,2512.0,2717.0,2361.0,12707,9664,2513.0,7,2514.0,22,2515.0,18,2516.0,157,2517.0,4,2518.0,24,2519.0,161,2520.0,13,2521.0,11,2522.0,27,2518.0
MA410,,13:39:47.250#,2522.0,2530.0,2512.0,2717.0,2361.0,12707,9664,2513.0,7,2514.0,22,2515.0,18,2516.0,157,2517.0,4,2518.0,25,2519.0,161,2520.0,13,2521.0,11,2522.0,27,2518.0
MA410,,13:39:47.500#,2522.0,2530.0,2512.0,2717.0,2361.0,12707,9664,2513.0,7,2514.0,22,2515.0,18,2516.0,157,2517.0,4,2518.0,26,2519.0,161,2520.0,13,2521.0,11,2522.0,27,2518.0
MA410,,13:39:51.750#,2522.0,2530.0,2512.0,2717.0,2361.0,12707,9664,2513.0,7,2514.0,22,2515.0,29,2516.0,157,2517.0,4,2518.0,26,2519.0,161,2520.0,13,2521.0,11,2522.0,27,2518.0
MA410,,13:39:52.0#,2522.0,2530.0,2512.0,2717.0,2361.0,12707,9664,2513.0,7,2514.0,22,2515.0,29,2516.0,157,2517.0,5,2518.0,26,2519.0,161,2520.0,13,2521.0,11,2522.0,27,2518.0
MA410,,13:39:56.250#,2522.0,2530.0,2512.0,2717.0,2361.0,12707,9664,2513.0,7,2514.0,22,2515.0,18,2516.0,157,2517.0,5,2518.0,26,2519.0,161,2520.0,13,2521.0,11,2522.0,27,2518.0
MA410,,13:39:56.500#,2522.0,2530.0,2512.0,2717.0,2361.0,12707,9664,2513.0,7,2514.0,22,2515.0,18,2516.0,157,2517.0,4,2518.0,26,2519.0,161,2520.0,13,2521.0,11,2522.0,27,2518.0
MA410,,13:40:02.750#,2522.0,2530.0,2512.0,2717.0,2361.0,12707,9664,2513.0,7,2514.0,22,2515.0,29,2516.0,157,2517.0,4,2518.0,26,2519.0,161,2520.0,13,2521.0,11,2522.0,27,2518.0
MA410,,13:40:03.0#,2522.0,2530.0,2512.0,2717.0,2361.0,12707,9664,2513.0,7,2514.0,22,2515.0,29,2516.0,157,2517.0,5,2518.0,26,2519.0,161,2520.0,13,2521.0,11,2522.0,27,2518.0
MA410,,13:40:04.750#,2522.0,2530.0,2512.0,2717.0,2361.0,12707,9664,2513.0,7,2514.0,22,2515.0,18,2516.0,157,2517.0,5,2518.0,26,2519.0,161,2520.0,13,2521.0,11,2522.0,27,2518.0
MA410,,13:40:05.0#,2522.0,2530.0,2512.0,2717.0,2361.0,12707,9664,2513.0,7,2514.0,22,2515.0,18,2516.0,157,2517.0,4,2518.0,26,2519.0,161,2520.0,13,2521.0,11,2522.0,27,2518.0
MA410,,13:40:10.0#,2522.0,2530.0,2512.0,2717.0,2361.0,12707,9664,2513.0,9,2514.0,22,2515.0,18,2516.0,157,2517.0,4,2518.0,26,2519.0,161,2520.0,13,2521.0,11,2522.0,27,2518.0
MA410,,13:40:12.500#,2522.0,2530.0,2512.0,2717.0,2361.0,12707,9664,2513.0,9,2514.0,22,2515.0,29,2516.0,157,2517.0,4,2518.0,26,2519.0,161,2520.0,13,2521.0,11,2522.0,27,2518.0
MA410,,13:40:12.750#,2522.0,2530.0,2512.0,2717.0,2361.0,12707,9664,2513.0,9,2514.0,22,2515.0,18,2516.0,157,2517.0,4,2518.0,26,2519.0,161,2520.0,13,2521.0,11,2522.0,27,2518.0
MA410,,13:40:16.750#,2522.0,2530.0,2512.0,2717.0,2361.0,12707,9664,2513.0,9,2514.0,22,2515.0,29,2516.0,157,2517.0,4,2518.0,26,2519.0,161,2520.0,13,2521.0,11,2522.0,27,2518.0
MA410,,13:40:17.0#,2522.0,2530.0,2512.0,2717.0,2361.0,12707,9664,2513.0,9,2514.0,22,2515.0,29,2516.0,157,2517.0,5,2518.0,26,2519.0,161,2520.0,13,2521.0,11,2522.0,27,2518.0
MA410,,13:40:20.750#,2522.0,2530.0,2512.0,2717.0,2361.0,12707,9664,2513.0,9,2514.0,22,2515.0,29,2516.0,157,2517.0,6,2518.0,26,2519.0,161,2520.0,13,2521.0,11,2522.0,27,2518.0
MA410,,13:40:21.0#,2522.0,2530.0,2512.0,2717.0,2361.0,12707,9664,2513.0,9,2514.0,22,2515.0,29,2516.0,157,2517.0,5,2518.0,26,2519.0,161,2520.0,13,2521.0,11,2522.0,27,2518.0
MA410,,13:40:21.250#,2522.0,2530.0,2512.0,2717.0,2361.0,12707,9664,2513.0,9,2514.0,22,2515.0,29,2516.0,157,2517.0,6,2518.0,26,2519.0,161,2520.0,13,2521.0,11,2522.0,27,2518.0
MA410,,13:40:21.500#,2522.0,2530.0,2512.0,2717.0,2361.0,12707,9664,2513.0,9,2514.0,22,2515.0,29,2516.0,157,2517.0,6,2518.0,25,2519.0,161,2520.0,13,2521.0,11,2522.0,27,2518.0
MA410,,13:40:21.750#,2522.0,2530.0,2512.0,2717.0,2361.0,12707,9664,2513.0,9,2514.0,22,2515.0,29,2516.0,157,2517.0,6,2518.0,24,2519.0,161,2520.0,13,2521.0,11,2522.0,27,2518.0
MA410,,13:40:22.0#,2522.0,2530.0,2512.0,2717.0,2361.0,12707,9664,2513.0,9,2514.0,22,2515.0,29,2516.0,157,2517.0,5,2518.0,24,2519.0,161,2520.0,13,2521.0,11,2522.0,27,2518.0
MA410,,13:40:22.250#,2522.0,2530.0,2512.0,2717.0,2361.0,12707,9664,2513.0,9,2514.0,22,2515.0,29,2516.0,157,2517.0,6,2518.0,24,2519.0,161,2520.0,13,2521.0,11,2522.0,27,2518.0
MA410,,13:40:23.0#,2522.0,2530.0,2512.0,2717.0,2361.0,12707,9664,2513.0,9,2514.0,22,2515.0,29,2516.0,157,2517.0,13,2518.0,24,2519.0,161,2520.0,13,2521.0,11,2522.0,27,2518.0
MA410,,13:40:23.750#,2522.0,2530.0,2512.0,2717.0,2361.0,12707,9664,2513.0,9,2514.0,22,2515.0,29,2516.0,157,2517.0,6,2518.0,24,2519.0,161,2520.0,13,2521.0,11,2522.0,27,2518.0
MA410,,13:40:24.0#,2522.0,2530.0,2512.0,2717.0,2361.0,12707,9664,2513.0,9,2514.0,22,2515.0,29,2516.0,157,2517.0,5,2518.0,24,2519.0,161,2520.0,13,2521.0,11,2522.0,27,2518.0
MA410,,13:40:24.250#,2522.0,2530.0,2512.0,2717.0,2361.0,12707,9664,2513.0,9,2514.0,22,2515.0,29,2516.0,157,2517.0,6,2518.0,24,2519.0,161,2520.0,13,2521.0,11,2522.0,27,2518.0
MA410,,13:40:29.500#,2522.0,2530.0,2512.0,2717.0,2361.0,12707,9664,2513.0,9,2514.0,22,2515.0,29,2516.0,157,2517.0,13,2518.0,24,2519.0,161,2520.0,13,2521.0,11,2522.0,27,2518.0
MA410,,13:40:30.750#,2522.0,2530.0,2512.0,2717.0,2361.0,12707,9664,2513.0,9,2514.0,22,2515.0,29,2516.0,157,2517.0,6,2518.0,24,2519.0,161,2520.0,13,2521.0,11,2522.0,27,2518.0
MA410,,13:40:31.0#,2522.0,2530.0,2512.0,2717.0,2361.0,12707,9664,2513.0,9,2514.0,22,2515.0,29,2516.0,157,2517.0,5,2518.0,24,2519.0,161,2520.0,13,2521.0,11,2522.0,27,2518.0
MA410,,13:40:31.250#,2522.0,2530.0,2512.0,2717.0,2361.0,12707,9664,2513.0,9,2514.0,22,2515.0,29,2516.0,157,2517.0,6,2518.0,24,2519.0,161,2520.0,13,2521.0,11,2522.0,27,2518.0
MA410,,13:40:31.750#,2522.0,2530.0,2512.0,2717.0,2361.0,12707,9664,2513.0,9,2514.0,22,2515.0,29,2516.0,157,2517.0,13,2518.0,24,2519.0,161,2520.0,13,2521.0,11,2522.0,27,2518.0
MA410,,13:40:33.0#,2522.0,2530.0,2512.0,2717.0,2361.0,12707,9664,2513.0,9,2514.0,22,2515.0,29,2516.0,157,2517.0,6,2518.0,24,2519.0,161,2520.0,13,2521.0,11,2522.0,27,2518.0
MA410,,13:40:33.250#,2522.0,2530.0,2512.0,2717.0,2361.0,12707,9664,2513.0,9,2514.0,22,2515.0,29,2516.0,157,2517.0,5,2518.0,24,2519.0,161,2520.0,13,2521.0,11,2522.0,27,2518.0
MA410,,13:40:33.500#,2522.0,2530.0,2512.0,2717.0,2361.0,12707,9664,2513.0,9,2514.0,22,2515.0,29,2516.0,157,2517.0,6,2518.0,24,2519.0,161,2520.0,13,2521.0,11,2522.0,27,2518.0
MA410,,13:40:47.750#,2522.0,2530.0,2512.0,2717.0,2361.0,12707,9664,2513.0,9,2514.0,22,2515.0,29,2516.0,157,2517.0,13,2518.0,24,2519.0,161,2520.0,13,2521.0,11,2522.0,27,2518.0
MA410,,13:40:48.500#,2522.0,2530.0,2512.0,2717.0,2361.0,12707,9664,2513.0,9,2514.0,22,2515.0,29,2516.0,157,2517.0,6,2518.0,24,2519.0,161,2520.0,13,2521.0,11,2522.0,27,2518.0
MA410,,13:40:48.750#,2522.0,2530.0,2512.0,2717.0,2361.0,12707,9664,2513.0,9,2514.0,22,2515.0,29,2516.0,157,2517.0,5,2518.0,24,2519.0,161,2520.0,13,2521.0,11,2522.0,27,2518.0
MA410,,13:40:49.0#,2522.0,2530.0,2512.0,2717.0,2361.0,12707,9664,2513.0,9,2514.0,22,2515.0,28,2516.0,147,2517.0,5,2518.0,29,2519.0,161,2520.0,13,2521.0,11,2522.0,27,2518.0
MA410,,13:41:03.0#,2522.0,2530.0,2512.0,2717.0,2361.0,12707,9664,2513.0,9,2514.0,22,2515.0,28,2516.0,147,2517.0,5,2518.0,31,2519.0,161,2520.0,13,2521.0,11,2522.0,27,2518.0
MA410,,13:41:10.0#,2522.0,2530.0,2512.0,2717.0,2361.0,12712,9668,2512.0,21,2513.0,9,2514.0,22,2515.0,38,2516.0,148,2518.0,37,2519.0,161,2520.0,13,2521.0,11,2522.0,27,2517.0
MA410,,13:41:11.500#,2522.0,2530.0,2512.0,2717.0,2361.0,12712,9668,2512.0,21,2513.0,9,2514.0,22,2515.0,38,2516.0,148,2518.0,47,2519.0,151,2520.0,13,2521.0,11,2522.0,27,2517.0
MA410,,13:41:13.0#,2522.0,2530.0,2512.0,2717.0,2361.0,12712,9668,2512.0,21,2513.0,9,2514.0,22,2515.0,48,2516.0,138,2518.0,57,2519.0,141,2520.0,13,2521.0,11,2522.0,27,2517.0
MA410,,13:41:13.250#,2522.0,2530.0,2512.0,2717.0,2361.0,12712,9668,2512.0,21,2513.0,9,2514.0,22,2515.0,48,2516.0,138,2518.0,77,2519.0,121,2520.0,13,2521.0,11,2522.0,27,2517.0
MA410,,13:41:13.500#,2522.0,2530.0,2512.0,2717.0,2361.0,12712,9668,2512.0,21,2513.0,9,2514.0,22,2515.0,48,2516.0,138,2518.0,87,2519.0,111,2520.0,13,2521.0,11,2522.0,27,2517.0
MA410,,13:41:14.0#,2522.0,2530.0,2512.0,2717.0,2361.0,12712,9668,2512.0,21,2513.0,9,2514.0,22,2515.0,48,2516.0,138,2518.0,107,2519.0,91,2520.0,13,2521.0,11,2522.0,27,2517.0
MA410,,13:41:14.250#,2522.0,2530.0,2512.0,2717.0,2361.0,12712,9668,2512.0,21,2513.0,9,2514.0,22,2515.0,48,2516.0,138,2518.0,117,2519.0,81,2520.0,13,2521.0,11,2522.0,27,2517.0
MA410,,13:41:14.500#,2522.0,2530.0,2512.0,2717.0,2361.0,12712,9668,2512.0,21,2513.0,9,2514.0,22,2515.0,48,2516.0,138,2518.0,127,2519.0,71,2520.0,13,2521.0,11,2522.0,27,2517.0
MA410,,13:41:18.0#,2522.0,2530.0,2512.0,2717.0,2361.0,12712,9668,2512.0,21,2513.0,9,2514.0,22,2515.0,68,2516.0,118,2517.0,12,2518.0,135,2519.0,42,2520.0,13,2521.0,11,2517.0
MA410,,13:41:18.500#,2522.0,2530.0,2512.0,2717.0,2361.0,12712,9668,2512.0,21,2513.0,9,2514.0,22,2515.0,98,2516.0,88,2517.0,22,2518.0,145,2519.0,31,2520.0,13,2521.0,11,2517.0
MA410,,13:41:19.0#,2522.0,2530.0,2512.0,2717.0,2361.0,12712,9668,2512.0,21,2513.0,9,2514.0,22,2515.0,138,2516.0,48,2517.0,22,2518.0,135,2519.0,41,2520.0,13,2521.0,11,2517.0
MA410,,13:41:19.750#,2522.0,2530.0,2512.0,2717.0,2361.0,12712,9668,2512.0,21,2513.0,9,2514.0,22,2515.0,148,2516.0,33,2517.0,22,2518.0,135,2519.0,41,2520.0,13,2521.0,11,2517.0
MA410,,13:41:20.500#,2522.0,2530.0,2512.0,2717.0,2361.0,12712,9668,2512.0,21,2513.0,9,2514.0,22,2515.0,148,2516.0,33,2517.0,11,2518.0,135,2519.0,41,2520.0,13,2521.0,11,2517.0
MA410,,13:41:20.750#,2522.0,2530.0,2512.0,2717.0,2361.0,12712,9668,2512.0,21,2513.0,9,2514.0,22,2515.0,148,2516.0,36,2517.0,11,2518.0,135,2519.0,41,2520.0,13,2521.0,11,2517.0
MA410,,13:41:21.750#,2522.0,2530.0,2512.0,2717.0,2361.0,12712,9668,2512.0,21,2513.0,9,2514.0,22,2515.0,148,2516.0,36,2517.0,22,2518.0,135,2519.0,41,2520.0,13,2521.0,11,2517.0
MA410,,13:41:25.750#,2522.0,2530.0,2512.0,2717.0,2361.0,12712,9668,2512.0,21,2513.0,15,2514.0,22,2515.0,148,2516.0,31,2517.0,32,2518.0,135,2519.0,41,2520.0,12,2521.0,11,2517.0
MA410,,13:41:26.0#,2522.0,2530.0,2512.0,2717.0,2361.0,12712,9668,2512.0,21,2513.0,15,2514.0,53,2515.0,132,2516.0,10,2517.0,36,2518.0,145,2519.0,21,2520.0,12,2521.0,11,2517.0
MA410,,13:41:26.250#,2522.0,2530.0,2512.0,2717.0,2361.0,12712,9668,2512.0,21,2513.0,15,2514.0,54,2515.0,137,2516.0,10,2517.0,36,2518.0,145,2519.0,21,2520.0,12,2521.0,11,2517.0
MA410,,13:41:26.500#,2522.0,2530.0,2512.0,2717.0,2361.0,12712,9668,2512.0,21,2513.0,15,2514.0,44,2515.0,147,2516.0,10,2517.0,36,2518.0,145,2519.0,21,2520.0,12,2521.0,11,2517.0
MA410,,13:41:28.0#,2522.0,2530.0,2512.0,2717.0,2361.0,12712,9668,2512.0,21,2513.0,15,2514.0,34,2515.0,157,2516.0,10,2517.0,26,2518.0,155,2519.0,21,2520.0,12,2521.0,11,2517.0
MA410,,13:41:33.500#,2522.0,2530.0,2512.0,2717.0,2361.0,12712,9668,2512.0,21,2513.0,15,2514.0,34,2515.0,157,2516.0,10,2517.0,36,2518.0,145,2519.0,21,2520.0,12,2521.0,11,2517.0
MA410,,13:41:33.750#,2522.0,2530.0,2512.0,2717.0,2361.0,12712,9668,2512.0,21,2513.0,15,2514.0,23,2515.0,157,2516.0,10,2517.0,36,2518.0,145,2519.0,21,2520.0,12,2521.0,11,2517.0
MA410,,13:41:39.500#,2522.0,2530.0,2512.0,2717.0,2361.0,12712,9668,2512.0,21,2513.0,15,2514.0,23,2515.0,147,2516.0,10,2517.0,36,2518.0,134,2519.0,21,2520.0,12,2521.0,11,2517.0
MA410,,13:41:39.750#,2522.0,2530.0,2512.0,2717.0,2361.0,12712,9668,2512.0,21,2513.0,15,2514.0,23,2515.0,157,2516.0,10,2517.0,36,2518.0,144,2519.0,21,2520.0,12,2521.0,11,2517.0
MA410,,13:41:41.750#,2522.0,2530.0,2512.0,2717.0,2361.0,12717,9668,2512.0,21,2513.0,15,2514.0,23,2515.0,157,2516.0,10,2517.0,31,2518.0,144,2519.0,21,2520.0,12,2521.0,11,2517.0
MA410,,13:42:22.500#,2522.0,2530.0,2512.0,2717.0,2361.0,12717,9668,2512.0,21,2513.0,14,2514.0,33,2515.0,147,2516.0,11,2517.0,35,2518.0,144,2519.0,21,2520.0,13,2521.0,11,2517.0
MA410,,13:42:23.0#,2522.0,2530.0,2512.0,2717.0,2361.0,12717,9668,2512.0,21,2513.0,14,2514.0,34,2515.0,157,2516.0,12,2517.0,30,2518.0,144,2519.0,21,2520.0,13,2521.0,11,2517.0
MA410,,13:42:23.250#,2522.0,2530.0,2512.0,2717.0,2361.0,12717,9668,2512.0,21,2513.0,14,2514.0,34,2515.0,157,2516.0,19,2517.0,30,2518.0,144,2519.0,21,2520.0,13,2521.0,11,2517.0
MA410,,13:42:23.500#,2522.0,2530.0,2512.0,2717.0,2361.0,12717,9668,2512.0,21,2513.0,14,2514.0,34,2515.0,157,2516.0,18,2517.0,30,2518.0,144,2519.0,21,2520.0,13,2521.0,11,2517.0
MA410,,13:42:23.750#,2522.0,2530.0,2512.0,2717.0,2361.0,12717,9668,2512.0,21,2513.0,14,2514.0,34,2515.0,157,2516.0,11,2517.0,30,2518.0,144,2519.0,21,2520.0,13,2521.0,11,2517.0
MA410,,13:42:31.0#,2522.0,2530.0,2512.0,2717.0,2361.0,12717,9668,2512.0,21,2513.0,14,2514.0,34,2515.0,157,2516.0,18,2517.0,30,2518.0,144,2519.0,21,2520.0,13,2521.0,11,2517.0
MA410,,13:42:32.500#,2522.0,2530.0,2512.0,2717.0,2361.0,12717,9668,2512.0,21,2513.0,15,2514.0,34,2515.0,157,2516.0,17,2517.0,31,2518.0,144,2519.0,21,2520.0,12,2521.0,11,2517.0
MA410,,13:42:32.750#,2522.0,2530.0,2512.0,2717.0,2361.0,12717,9668,2512.0,21,2513.0,15,2514.0,34,2515.0,157,2516.0,18,2517.0,31,2518.0,144,2519.0,21,2520.0,12,2521.0,11,2517.0
MA410,,13:42:36.250#,2522.0,2530.0,2512.0,2717.0,2361.0,12717,9668,2512.0,21,2513.0,14,2514.0,34,2515.0,157,2516.0,19,2517.0,30,2518.0,144,2519.0,21,2520.0,13,2521.0,11,2517.0
MA410,,13:42:36.500#,2522.0,2530.0,2512.0,2717.0,2361.0,12717,9668,2512.0,21,2513.0,14,2514.0,34,2515.0,157,2516.0,18,2517.0,30,2518.0,144,2519.0,21,2520.0,13,2521.0,11,2517.0
MA410,,13:42:37.750#,2522.0,2530.0,2512.0,2717.0,2361.0,12717,9668,2512.0,21,2513.0,15,2514.0,34,2515.0,157,2516.0,17,2517.0,31,2518.0,144,2519.0,21,2520.0,12,2521.0,11,2517.0
MA410,,13:42:38.250#,2522.0,2530.0,2512.0,2717.0,2361.0,12717,9668,2512.0,21,2513.0,15,2514.0,23,2515.0,157,2516.0,17,2517.0,31,2518.0,144,2519.0,21,2520.0,12,2521.0,11,2517.0
MA410,,13:42:38.500#,2522.0,2530.0,2512.0,2717.0,2361.0,12717,9668,2512.0,21,2513.0,15,2514.0,34,2515.0,157,2516.0,17,2517.0,31,2518.0,144,2519.0,21,2520.0,12,2521.0,11,2517.0
MA410,,13:42:44.500#,2522.0,2530.0,2512.0,2717.0,2361.0,12717,9668,2512.0,21,2513.0,15,2514.0,34,2515.0,157,2516.0,10,2517.0,31,2518.0,144,2519.0,21,2520.0,12,2521.0,11,2517.0
MA410,,13:42:44.750#,2522.0,2530.0,2512.0,2717.0,2361.0,12717,9668,2512.0,21,2513.0,15,2514.0,23,2515.0,157,2516.0,10,2517.0,31,2518.0,144,2519.0,21,2520.0,12,2521.0,11,2517.0
MA410,,13:42:49.250#,2522.0,2530.0,2512.0,2717.0,2361.0,12717,9668,2512.0,21,2513.0,15,2514.0,23,2515.0,157,2516.0,17,2517.0,31,2518.0,144,2519.0,21,2520.0,12,2521.0,11,2517.0
MA410,,13:42:49.500#,2522.0,2530.0,2512.0,2717.0,2361.0,12717,9668,2512.0,21,2513.0,15,2514.0,34,2515.0,157,2516.0,17,2517.0,31,2518.0,144,2519.0,21,2520.0,12,2521.0,11,2517.0
MA410,,13:42:50.750#,2522.0,2530.0,2512.0,2717.0,2361.0,12717,9668,2512.0,21,2513.0,15,2514.0,34,2515.0,157,2516.0,10,2517.0,31,2518.0,144,2519.0,21,2520.0,12,2521.0,11,2517.0
MA410,,13:42:55.250#,2522.0,2530.0,2512.0,2717.0,2361.0,12717,9668,2512.0,21,2513.0,15,2514.0,23,2515.0,157,2516.0,10,2517.0,31,2518.0,144,2519.0,21,2520.0,12,2521.0,11,2517.0
MA410,,13:43:04.750#,2522.0,2530.0,2512.0,2717.0,2361.0,12717,9668,2512.0,21,2513.0,15,2514.0,23,2515.0,157,2516.0,10,2517.0,36,2518.0,144,2519.0,21,2520.0,12,2521.0,11,2517.0
MA410,,13:43:05.500#,2522.0,2530.0,2512.0,2717.0,2361.0,12717,9668,2512.0,21,2513.0,15,2514.0,33,2515.0,147,2516.0,10,2517.0,36,2518.0,144,2519.0,21,2520.0,12,2521.0,11,2517.0
MA410,,13:43:05.750#,2522.0,2530.0,2512.0,2717.0,2361.0,12723,9672,2512.0,21,2513.0,15,2514.0,43,2515.0,137,2516.0,4,2517.0,36,2518.0,144,2519.0,21,2520.0,12,2521.0,11,2516.0
MA410,,13:43:06.0#,2522.0,2530.0,2512.0,2717.0,2361.0,12723,9672,2512.0,21,2513.0,15,2514.0,33,2515.0,147,2516.0,5,2517.0,36,2518.0,144,2519.0,21,2520.0,12,2521.0,11,2516.0
MA410,,13:43:26.0#,2522.0,2530.0,2512.0,2717.0,2361.0,12723,9672,2512.0,21,2513.0,15,2514.0,33,2515.0,147,2516.0,12,2517.0,36,2518.0,144,2519.0,21,2520.0,12,2521.0,11,2516.0
MA410,,13:43:26.250#,2522.0,2530.0,2512.0,2717.0,2361.0,12723,9672,2512.0,21,2513.0,15,2514.0,23,2515.0,157,2516.0,12,2517.0,36,2518.0,144,2519.0,21,2520.0,12,2521.0,11,2516.0
MA410,,13:43:28.500#,2522.0,2530.0,2512.0,2717.0,2361.0,12723,9672,2512.0,21,2513.0,15,2514.0,23,2515.0,157,2516.0,5,2517.0,36,2518.0,144,2519.0,21,2520.0,12,2521.0,11,2516.0
MA410,,13:43:28.750#,2522.0,2530.0,2512.0,2717.0,2361.0,12723,9672,2512.0,21,2513.0,15,2514.0,23,2515.0,157,2516.0,6,2517.0,36,2518.0,144,2519.0,21,2520.0,12,2521.0,11,2516.0
MA410,,13:43:32.750#,2522.0,2530.0,2512.0,2717.0,2361.0,12723,9672,2512.0,21,2513.0,15,2514.0,23,2515.0,157,2516.0,12,2517.0,26,2518.0,154,2519.0,21,2520.0,12,2521.0,11,2516.0
MA410,,13:43:33.0#,2522.0,2530.0,2512.0,2717.0,2361.0,12723,9672,2512.0,21,2513.0,15,2514.0,23,2515.0,157,2516.0,11,2517.0,26,2518.0,154,2519.0,21,2520.0,12,2521.0,11,2516.0
MA410,,13:43:34.750#,2522.0,2530.0,2512.0,2717.0,2361.0,12723,9672,2512.0,21,2513.0,15,2514.0,23,2515.0,157,2516.0,5,2517.0,26,2518.0,154,2519.0,21,2520.0,12,2521.0,11,2516.0
MA410,,13:43:44.500#,2522.0,2530.0,2512.0,2717.0,2361.0,12723,9672,2512.0,21,2513.0,15,2514.0,23,2515.0,157,2516.0,11,2517.0,26,2518.0,154,2519.0,21,2520.0,12,2521.0,11,2516.0
MA410,,13:43:44.750#,2522.0,2530.0,2512.0,2717.0,2361.0,12723,9672,2512.0,21,2513.0,15,2514.0,23,2515.0,157,2516.0,18,2517.0,26,2518.0,154,2519.0,21,2520.0,12,2521.0,11,2516.0
MA410,,13:43:45.500#,2522.0,2530.0,2512.0,2717.0,2361.0,12723,9672,2512.0,21,2513.0,15,2514.0,23,2515.0,157,2516.0,5,2517.0,26,2518.0,154,2519.0,21,2520.0,12,2521.0,11,2516.0
MA410,,13:43:52.250#,2522.0,2530.0,2512.0,2717.0,2361.0,12723,9672,2512.0,21,2513.0,15,2514.0,34,2515.0,157,2516.0,11,2517.0,26,2518.0,154,2519.0,21,2520.0,12,2521.0,11,2516.0
MA410,,13:43:52.500#,2522.0,2530.0,2512.0,2717.0,2361.0,12723,9672,2512.0,21,2513.0,15,2514.0,34,2515.0,157,2516.0,18,2517.0,26,2518.0,154,2519.0,21,2520.0,12,2521.0,11,2516.0
MA410,,13:43:52.750#,2522.0,2530.0,2512.0,2717.0,2361.0,12723,9672,2512.0,21,2513.0,15,2514.0,34,2515.0,157,2516.0,11,2517.0,26,2518.0,154,2519.0,21,2520.0,12,2521.0,11,2516.0
MA410,,13:43:54.0#,2522.0,2530.0,2512.0,2717.0,2361.0,12723,9672,2512.0,21,2513.0,15,2514.0,34,2515.0,157,2516.0,18,2517.0,26,2518.0,154,2519.0,21,2520.0,12,2521.0,11,2516.0
MA410,,13:43:54.500#,2522.0,2530.0,2512.0,2717.0,2361.0,12730,9670,2512.0,21,2513.0,15,2514.0,34,2515.0,157,2516.0,11,2517.0,34,2518.0,154,2519.0,21,2520.0,12,2521.0,11,2516.0
MA410,,13:43:54.750#,2522.0,2530.0,2512.0,2717.0,2361.0,12730,9670,2512.0,21,2513.0,15,2514.0,34,2515.0,157,2516.0,7,2517.0,34,2518.0,154,2519.0,21,2520.0,12,2521.0,11,2516.0
MA410,,13:43:55.750#,2522.0,2530.0,2512.0,2717.0,2361.0,12731,9669,2512.0,21,2513.0,15,2514.0,34,2515.0,157,2516.0,6,2517.0,33,2518.0,154,2519.0,21,2520.0,12,2521.0,11,2516.0
MA410,,13:43:56.0#,2522.0,2530.0,2512.0,2717.0,2361.0,12731,9669,2512.0,21,2513.0,15,2514.0,34,2515.0,157,2516.0,7,2517.0,33,2518.0,154,2519.0,21,2520.0,12,2521.0,11,2516.0
MA410,,13:43:57.500#,2522.0,2530.0,2512.0,2717.0,2361.0,12732,9668,2512.0,21,2513.0,15,2514.0,34,2515.0,157,2516.0,6,2517.0,32,2518.0,154,2519.0,21,2520.0,12,2521.0,11,2516.0
MA410,,13:43:57.750#,2522.0,2530.0,2512.0,2717.0,2361.0,12732,9668,2512.0,21,2513.0,15,2514.0,34,2515.0,157,2516.0,5,2517.0,27,2518.0,154,2519.0,21,2520.0,12,2521.0,11,2516.0
MA410,,13:43:58.0#,2522.0,2530.0,2512.0,2717.0,2361.0,12732,9668,2512.0,21,2513.0,14,2514.0,34,2515.0,157,2516.0,19,2517.0,19,2518.0,154,2519.0,21,2520.0,13,2521.0,11,2516.0
MA410,,13:43:58.250#,2522.0,2530.0,2512.0,2717.0,2361.0,12732,9668,2512.0,21,2513.0,14,2514.0,22,2515.0,137,2516.0,49,2517.0,25,2518.0,124,2519.0,51,2520.0,13,2521.0,11,2516.0
MA410,,13:43:58.500#,2522.0,2530.0,2512.0,2717.0,2361.0,12732,9668,2512.0,21,2513.0,14,2514.0,22,2515.0,138,2516.0,49,2517.0,25,2518.0,124,2519.0,51,2520.0,13,2521.0,11,2516.0
MA410,,13:43:58.750#,2522.0,2530.0,2512.0,2717.0,2361.0,12732,9668,2512.0,21,2513.0,14,2514.0,22,2515.0,148,2516.0,39,2517.0,25,2518.0,144,2519.0,31,2520.0,13,2521.0,11,2516.0
MA410,,13:43:59.0#,2522.0,2530.0,2512.0,2717.0,2361.0,12732,9668,2512.0,21,2513.0,14,2514.0,22,2515.0,148,2516.0,38,2517.0,25,2518.0,144,2519.0,31,2520.0,13,2521.0,11,2516.0
MA410,,13:43:59.500#,2522.0,2530.0,2512.0,2717.0,2361.0,12732,9668,2512.0,21,2513.0,14,2514.0,22,2515.0,148,2516.0,33,2517.0,25,2518.0,144,2519.0,31,2520.0,13,2521.0,11,2516.0
MA410,,13:44:01.250#,2522.0,2530.0,2512.0,2717.0,2361.0,12732,9668,2512.0,21,2513.0,14,2514.0,22,2515.0,148,2516.0,29,2517.0,32,2518.0,144,2519.0,31,2520.0,13,2521.0,11,2516.0
MA410,,13:44:01.500#,2522.0,2530.0,2512.0,2717.0,2361.0,12732,9668,2512.0,21,2513.0,14,2514.0,53,2515.0,132,2516.0,19,2517.0,36,2518.0,144,2519.0,21,2520.0,13,2521.0,11,2516.0
MA410,,13:44:01.750#,2522.0,2530.0,2512.0,2717.0,2361.0,12732,9668,2512.0,21,2513.0,14,2514.0,54,2515.0,137,2516.0,19,2517.0,36,2518.0,144,2519.0,21,2520.0,13,2521.0,11,2516.0
MA410,,13:44:02.0#,2522.0,2530.0,2512.0,2717.0,2361.0,12732,9668,2512.0,21,2513.0,15,2514.0,44,2515.0,147,2516.0,13,2517.0,37,2518.0,144,2519.0,21,2520.0,12,2521.0,11,2516.0
MA410,,13:44:02.500#,2522.0,2530.0,2512.0,2717.0,2361.0,12732,9668,2512.0,21,2513.0,15,2514.0,34,2515.0,157,2516.0,13,2517.0,27,2518.0,154,2519.0,21,2520.0,12,2521.0,11,2516.0
MA410,,13:44:02.750#,2522.0,2530.0,2512.0,2717.0,2361.0,12733,9667,2512.0,21,2513.0,15,2514.0,34,2515.0,157,2516.0,12,2517.0,26,2518.0,154,2519.0,21,2520.0,12,2521.0,11,2516.0
MA410,,13:44:05.0#,2522.0,2530.0,2512.0,2717.0,2361.0,12734,9666,2512.0,21,2513.0,15,2514.0,34,2515.0,157,2516.0,11,2517.0,25,2518.0,154,2519.0,21,2520.0,12,2521.0,11,2516.0
MA410,,13:44:05.250#,2522.0,2530.0,2512.0,2717.0,2361.0,12734,9666,2512.0,21,2513.0,15,2514.0,34,2515.0,157,2516.0,5,2517.0,26,2518.0,154,2519.0,21,2520.0,12,2521.0,11,2516.0
MA410,,13:44:05.500#,2522.0,2530.0,2512.0,2717.0,2361.0,12734,9666,2512.0,21,2513.0,15,2514.0,23,2515.0,157,2516.0,5,2517.0,27,2518.0,154,2519.0,21,2520.0,12,2521.0,11,2516.0
MA410,,13:44:05.750#,2522.0,2530.0,2512.0,2717.0,2361.0,12735,9665,2512.0,21,2513.0,15,2514.0,23,2515.0,157,2516.0,4,2517.0,26,2518.0,154,2519.0,21,2520.0,12,2521.0,11,2516.0
MA410,,13:44:09.250#,2522.0,2530.0,2512.0,2717.0,2361.0,12736,9664,2512.0,21,2513.0,15,2514.0,23,2515.0,157,2516.0,3,2517.0,25,2518.0,154,2519.0,21,2520.0,12,2521.0,11,2516.0
MA410,,13:44:09.750#,2522.0,2530.0,2512.0,2717.0,2361.0,12736,9664,2511.0,5,2512.0,21,2513.0,15,2514.0,23,2515.0,162,2517.0,25,2518.0,154,2519.0,21,2520.0,12,2521.0,11,2516.0
MA410,,13:44:10.0#,2522.0,2530.0,2512.0,2717.0,2361.0,12736,9664,2511.0,6,2512.0,21,2513.0,15,2514.0,33,2515.0,158,2517.0,26,2518.0,154,2519.0,21,2520.0,12,2521.0,11,2516.0
MA410,,13:44:10.250#,2522.0,2530.0,2512.0,2717.0,2361.0,12736,9664,2511.0,6,2512.0,21,2513.0,15,2514.0,33,2515.0,158,2517.0,26,2518.0,154,2519.0,21,2520.0,12,2521.0,11,2516.0
MA410,,13:44:12.0#,2522.0,2530.0,2512.0,2717.0,2361.0,12736,9664,2511.0,6,2512.0,21,2513.0,15,2514.0,44,2515.0,158,2517.0,26,2518.0,154,2519.0,21,2520.0,12,2521.0,11,2516.0
MA410,,13:44:12.250#,2522.0,2530.0,2512.0,2717.0,2361.0,12736,9664,2512.0,21,2513.0,15,2514.0,44,2515.0,159,2516.0,7,2517.0,24,2518.0,154,2519.0,21,2520.0,12,2521.0,11,2516.0
MA410,,13:44:12.500#,2522.0,2530.0,2512.0,2717.0,2361.0,12736,9664,2512.0,21,2513.0,15,2514.0,34,2515.0,163,2516.0,14,2517.0,23,2518.0,154,2519.0,21,2520.0,12,2521.0,11,2516.0
MA410,,13:44:13.250#,2522.0,2530.0,2512.0,2717.0,2361.0,12736,9664,2512.0,21,2513.0,15,2514.0,34,2515.0,163,2516.0,8,2517.0,23,2518.0,154,2519.0,21,2520.0,12,2521.0,11,2516.0
MA410,,13:44:13.500#,2522.0,2530.0,2512.0,2717.0,2361.0,12736,9664,2512.0,21,2513.0,15,2514.0,34,2515.0,163,2516.0,7,2517.0,23,2518.0,154,2519.0,21,2520.0,12,2521.0,11,2516.0
MA410,,13:44:14.0#,2522.0,2530.0,2512.0,2717.0,2361.0,12736,9664,2512.0,21,2513.0,15,2514.0,34,2515.0,163,2516.0,7,2517.0,23,2518.0,154,2519.0,22,2520.0,12,2521.0,11,2516.0
MA410,,13:44:17.500#,2522.0,2530.0,2512.0,2717.0,2361.0,12753,9671,2511.0,6,2512.0,21,2513.0,15,2514.0,34,2515.0,168,2517.0,29,2518.0,154,2519.0,22,2520.0,12,2521.0,11,2517.0
MA410,,13:44:17.750#,2522.0,2530.0,2512.0,2717.0,2361.0,12753,9671,2511.0,6,2512.0,21,2513.0,15,2514.0,44,2515.0,164,2517.0,29,2518.0,154,2519.0,22,2520.0,12,2521.0,11,2517.0
MA410,,13:44:19.500#,2522.0,2530.0,2512.0,2717.0,2361.0,12753,9671,2512.0,21,2513.0,15,2514.0,44,2515.0,159,2516.0,7,2517.0,29,2518.0,154,2519.0,22,2520.0,12,2521.0,11,2517.0
MA410,,13:44:19.750#,2522.0,2530.0,2512.0,2717.0,2361.0,12753,9671,2512.0,21,2513.0,15,2514.0,34,2515.0,163,2516.0,14,2517.0,29,2518.0,154,2519.0,22,2520.0,12,2521.0,11,2517.0
MA410,,13:44:20.0#,2522.0,2530.0,2512.0,2717.0,2361.0,12753,9671,2512.0,21,2513.0,15,2514.0,44,2515.0,153,2516.0,14,2517.0,29,2518.0,154,2519.0,22,2520.0,12,2521.0,11,2517.0
MA410,,13:44:27.0#,2522.0,2530.0,2512.0,2717.0,2361.0,12753,9671,2512.0,21,2513.0,15,2514.0,44,2515.0,153,2516.0,14,2517.0,21,2518.0,154,2519.0,22,2520.0,12,2521.0,11,2517.0
MA410,,13:44:27.250#,2522.0,2530.0,2512.0,2717.0,2361.0,12753,9671,2512.0,21,2513.0,15,2514.0,34,2515.0,163,2516.0,18,2517.0,15,2518.0,144,2519.0,32,2520.0,12,2521.0,11,2517.0
MA410,,13:44:27.500#,2522.0,2530.0,2512.0,2717.0,2361.0,12753,9671,2512.0,21,2513.0,15,2514.0,22,2515.0,163,2516.0,18,2517.0,15,2518.0,134,2519.0,42,2520.0,12,2521.0,11,2517.0
MA410,,13:44:27.750#,2522.0,2530.0,2512.0,2717.0,2361.0,12753,9671,2512.0,21,2513.0,15,2514.0,22,2515.0,164,2516.0,13,2517.0,15,2518.0,134,2519.0,42,2520.0,12,2521.0,11,2517.0
MA410,,13:44:28.0#,2522.0,2530.0,2512.0,2717.0,2361.0,12753,9671,2512.0,21,2513.0,15,2514.0,22,2515.0,164,2516.0,13,2517.0,15,2518.0,144,2519.0,32,2520.0,12,2521.0,11,2517.0
MA410,,13:44:28.250#,2522.0,2530.0,2512.0,2717.0,2361.0,12753,9671,2512.0,21,2513.0,15,2514.0,22,2515.0,164,2516.0,14,2517.0,15,2518.0,144,2519.0,32,2520.0,12,2521.0,11,2517.0
MA410,,13:44:28.500#,2522.0,2530.0,2512.0,2717.0,2361.0,12753,9671,2512.0,21,2513.0,15,2514.0,22,2515.0,164,2516.0,17,2517.0,26,2518.0,134,2519.0,42,2520.0,12,2521.0,11,2517.0
MA410,,13:44:28.750#,2522.0,2530.0,2512.0,2717.0,2361.0,12753,9671,2512.0,21,2513.0,15,2514.0,22,2515.0,164,2516.0,22,2517.0,26,2518.0,134,2519.0,42,2520.0,12,2521.0,11,2517.0
MA410,,13:44:29.0#,2522.0,2530.0,2512.0,2717.0,2361.0,12753,9671,2512.0,21,2513.0,15,2514.0,22,2515.0,154,2516.0,32,2517.0,26,2518.0,144,2519.0,32,2520.0,12,2521.0,11,2517.0
MA410,,13:44:29.500#,2522.0,2530.0,2512.0,2717.0,2361.0,12753,9671,2512.0,21,2513.0,15,2514.0,22,2515.0,154,2516.0,27,2517.0,26,2518.0,144,2519.0,32,2520.0,12,2521.0,11,2517.0
MA410,,13:44:31.500#,2522.0,2530.0,2512.0,2717.0,2361.0,12753,9671,2512.0,21,2513.0,14,2514.0,22,2515.0,154,2516.0,28,2517.0,25,2518.0,144,2519.0,32,2520.0,13,2521.0,11,2517.0
MA410,,13:44:33.0#,2522.0,2530.0,2512.0,2717.0,2361.0,12753,9671,2512.0,21,2513.0,15,2514.0,22,2515.0,154,2516.0,26,2517.0,26,2518.0,144,2519.0,32,2520.0,12,2521.0,11,2517.0
MA410,,13:44:33.250#,2522.0,2530.0,2512.0,2717.0,2361.0,12753,9671,2512.0,21,2513.0,15,2514.0,22,2515.0,164,2516.0,15,2517.0,31,2518.0,144,2519.0,32,2520.0,12,2521.0,11,2517.0
MA410,,13:44:33.500#,2522.0,2530.0,2512.0,2717.0,2361.0,12753,9671,2512.0,21,2513.0,15,2514.0,32,2515.0,154,2516.0,15,2517.0,31,2518.0,144,2519.0,32,2520.0,12,2521.0,11,2517.0
MA410,,13:44:33.750#,2522.0,2530.0,2512.0,2717.0,2361.0,12753,9671,2512.0,21,2513.0,15,2514.0,22,2515.0,164,2516.0,15,2517.0,31,2518.0,144,2519.0,32,2520.0,12,2521.0,11,2517.0
MA410,,13:44:34.0#,2522.0,2530.0,2512.0,2717.0,2361.0,12753,9671,2512.0,21,2513.0,15,2514.0,22,2515.0,164,2516.0,17,2517.0,31,2518.0,144,2519.0,32,2520.0,12,2521.0,11,2517.0
MA410,,13:44:34.250#,2522.0,2530.0,2512.0,2717.0,2361.0,12753,9671,2512.0,21,2513.0,15,2514.0,22,2515.0,164,2516.0,16,2517.0,31,2518.0,144,2519.0,32,2520.0,12,2521.0,11,2517.0
MA410,,13:44:34.500#,2522.0,2530.0,2512.0,2717.0,2361.0,12753,9671,2512.0,21,2513.0,15,2514.0,22,2515.0,164,2516.0,13,2517.0,38,2518.0,144,2519.0,32,2520.0,12,2521.0,11,2517.0
MA410,,13:44:34.750#,2522.0,2530.0,2512.0,2717.0,2361.0,12753,9671,2512.0,21,2513.0,15,2514.0,43,2515.0,153,2516.0,13,2517.0,29,2518.0,154,2519.0,22,2520.0,12,2521.0,11,2517.0
MA410,,13:44:35.0#,2522.0,2530.0,2512.0,2717.0,2361.0,12753,9671,2512.0,21,2513.0,15,2514.0,54,2515.0,143,2516.0,13,2517.0,39,2518.0,144,2519.0,22,2520.0,12,2521.0,11,2517.0
MA410,,13:44:35.250#,2522.0,2530.0,2512.0,2717.0,2361.0,12753,9671,2512.0,21,2513.0,15,2514.0,44,2515.0,153,2516.0,13,2517.0,39,2518.0,144,2519.0,22,2520.0,12,2521.0,11,2517.0
MA410,,13:44:35.750#,2522.0,2530.0,2512.0,2717.0,2361.0,12753,9671,2512.0,21,2513.0,15,2514.0,34,2515.0,163,2516.0,13,2517.0,29,2518.0,154,2519.0,22,2520.0,12,2521.0,11,2517.0
MA410,,13:44:42.750#,2522.0,2530.0,2512.0,2717.0,2361.0,12753,9671,2512.0,21,2513.0,15,2514.0,34,2515.0,163,2516.0,13,2517.0,28,2518.0,154,2519.0,22,2520.0,12,2521.0,11,2517.0
MA410,,13:44:43.0#,2522.0,2530.0,2512.0,2717.0,2361.0,12753,9671,2512.0,21,2513.0,15,2514.0,34,2515.0,163,2516.0,13,2517.0,27,2518.0,154,2519.0,22,2520.0,12,2521.0,11,2517.0
MA410,,13:44:43.500#,2522.0,2530.0,2512.0,2717.0,2361.0,12753,9671,2512.0,21,2513.0,15,2514.0,34,2515.0,163,2516.0,13,2517.0,23,2518.0,154,2519.0,22,2520.0,12,2521.0,11,2517.0
MA410,,13:44:43.750#,2522.0,2530.0,2512.0,2717.0,2361.0,12753,9671,2512.0,21,2513.0,15,2514.0,34,2515.0,163,2516.0,13,2517.0,23,2518.0,144,2519.0,32,2520.0,12,2521.0,11,2517.0
MA410,,13:44:44.250#,2522.0,2530.0,2512.0,2717.0,2361.0,12753,9671,2512.0,21,2513.0,15,2514.0,34,2515.0,163,2516.0,13,2517.0,22,2518.0,144,2519.0,32,2520.0,12,2521.0,11,2517.0
MA410,,13:44:44.750#,2522.0,2530.0,2512.0,2717.0,2361.0,12753,9671,2512.0,21,2513.0,15,2514.0,34,2515.0,163,2516.0,17,2517.0,20,2518.0,144,2519.0,32,2520.0,12,2521.0,11,2517.0
MA410,,13:44:45.0#,2522.0,2530.0,2512.0,2717.0,2361.0,12753,9671,2512.0,21,2513.0,15,2514.0,22,2515.0,163,2516.0,22,2517.0,26,2518.0,134,2519.0,42,2520.0,12,2521.0,11,2517.0
MA410,,13:44:45.250#,2522.0,2530.0,2512.0,2717.0,2361.0,12753,9671,2512.0,21,2513.0,14,2514.0,22,2515.0,154,2516.0,29,2517.0,34,2518.0,134,2519.0,42,2520.0,13,2521.0,11,2517.0
MA410,,13:44:45.500#,2522.0,2530.0,2512.0,2717.0,2361.0,12753,9671,2512.0,21,2513.0,15,2514.0,53,2515.0,143,2516.0,13,2517.0,49,2518.0,134,2519.0,22,2520.0,12,2521.0,11,2517.0
MA410,,13:44:45.750#,2522.0,2530.0,2512.0,2717.0,2361.0,12753,9671,2512.0,21,2513.0,15,2514.0,64,2515.0,133,2516.0,13,2517.0,39,2518.0,144,2519.0,22,2520.0,12,2521.0,11,2517.0
MA410,,13:44:46.0#,2522.0,2530.0,2512.0,2717.0,2361.0,12753,9671,2512.0,21,2513.0,15,2514.0,34,2515.0,163,2516.0,13,2517.0,39,2518.0,144,2519.0,22,2520.0,12,2521.0,11,2517.0
MA410,,13:44:46.500#,2522.0,2530.0,2512.0,2717.0,2361.0,12753,9671,2512.0,21,2513.0,15,2514.0,34,2515.0,163,2516.0,13,2517.0,29,2518.0,154,2519.0,22,2520.0,12,2521.0,11,2517.0
MA410,,13:44:53.250#,2522.0,2530.0,2512.0,2717.0,2361.0,12754,9671,2512.0,21,2513.0,15,2514.0,23,2515.0,163,2516.0,6,2517.0,29,2518.0,154,2519.0,22,2520.0,12,2521.0,11,2516.0
MA410,,13:44:53.500#,2522.0,2530.0,2512.0,2717.0,2361.0,12754,9671,2511.0,6,2512.0,21,2513.0,15,2514.0,23,2515.0,168,2517.0,30,2518.0,154,2519.0,22,2520.0,12,2521.0,11,2516.0
MA410,,13:44:53.750#,2522.0,2530.0,2512.0,2717.0,2361.0,12754,9671,2511.0,6,2512.0,21,2513.0,15,2514.0,33,2515.0,164,2517.0,31,2518.0,154,2519.0,22,2520.0,12,2521.0,11,2516.0
MA410,,13:45:02.0#,2522.0,2530.0,2512.0,2717.0,2361.0,12754,9671,2511.0,6,2512.0,21,2513.0,15,2514.0,43,2515.0,154,2517.0,51,2518.0,134,2519.0,22,2520.0,12,2521.0,11,2516.0
MA410,,13:45:02.250#,2522.0,2530.0,2512.0,2717.0,2361.0,12754,9671,2511.0,6,2512.0,21,2513.0,15,2514.0,43,2515.0,154,2517.0,66,2518.0,124,2519.0,22,2520.0,12,2521.0,11,2516.0
MA410,,13:45:02.500#,2522.0,2530.0,2512.0,2717.0,2361.0,12754,9671,2511.0,6,2512.0,21,2513.0,15,2514.0,63,2515.0,134,2517.0,106,2518.0,84,2519.0,22,2520.0,12,2521.0,11,2516.0
MA410,,13:45:02.750#,2522.0,2530.0,2512.0,2717.0,2361.0,12754,9671,2511.0,6,2512.0,21,2513.0,15,2514.0,73,2515.0,124,2516.0,11,2517.0,128,2518.0,54,2519.0,22,2520.0,12,2516.0
MA410,,13:45:03.0#,2522.0,2530.0,2512.0,2717.0,2361.0,12754,9671,2511.0,6,2512.0,21,2513.0,25,2514.0,83,2515.0,104,2516.0,21,2517.0,141,2518.0,34,2519.0,22,2520.0,13,2516.0
MA410,,13:45:03.250#,2522.0,2530.0,2512.0,2717.0,2361.0,12754,9671,2511.0,6,2512.0,27,2513.0,15,2514.0,103,2515.0,92,2516.0,23,2517.0,151,2518.0,24,2519.0,21,2520.0,13,2516.0
MA410,,13:45:03.500#,2522.0,2530.0,2512.0,2717.0,2361.0,12754,9671,2511.0,6,2512.0,27,2513.0,15,2514.0,113,2515.0,82,2516.0,23,2517.0,151,2518.0,24,2519.0,21,2520.0,13,2516.0
MA410,,13:45:03.750#,2522.0,2530.0,2512.0,2717.0,2361.0,12754,9671,2511.0,6,2512.0,26,2513.0,15,2514.0,132,2515.0,63,2516.0,22,2517.0,151,2518.0,24,2519.0,22,2520.0,13,2516.0
MA410,,13:45:04.0#,2522.0,2530.0,2512.0,2717.0,2361.0,12754,9671,2511.0,6,2512.0,26,2513.0,15,2514.0,142,2515.0,53,2516.0,15,2517.0,151,2518.0,24,2519.0,22,2520.0,13,2516.0
MA410,,13:45:04.250#,2522.0,2530.0,2512.0,2717.0,2361.0,12754,9671,2511.0,6,2512.0,26,2513.0,25,2514.0,132,2515.0,53,2516.0,15,2517.0,151,2518.0,24,2519.0,22,2520.0,13,2516.0
MA410,,13:45:04.500#,2522.0,2530.0,2512.0,2717.0,2361.0,12754,9671,2511.0,6,2512.0,26,2513.0,25,2514.0,132,2515.0,48,2516.0,15,2517.0,151,2518.0,24,2519.0,22,2520.0,13,2516.0
MA410,,13:45:04.750#,2522.0,2530.0,2512.0,2717.0,2361.0,12754,9671,2511.0,6,2512.0,26,2513.0,25,2514.0,142,2515.0,38,2516.0,15,2517.0,151,2518.0,24,2519.0,22,2520.0,13,2516.0
MA410,,13:45:06.500#,2522.0,2530.0,2512.0,2717.0,2361.0,12754,9671,2511.0,6,2512.0,26,2513.0,25,2514.0,142,2515.0,38,2516.0,4,2517.0,151,2518.0,24,2519.0,22,2520.0,13,2516.0
MA410,,13:45:06.750#,2522.0,2530.0,2512.0,2717.0,2361.0,12754,9671,2511.0,6,2512.0,26,2513.0,15,2514.0,152,2515.0,38,2516.0,4,2517.0,151,2518.0,24,2519.0,22,2520.0,13,2516.0
MA410,,13:45:07.0#,2522.0,2530.0,2512.0,2717.0,2361.0,12754,9671,2511.0,6,2512.0,26,2513.0,15,2514.0,152,2515.0,38,2516.0,15,2517.0,151,2518.0,24,2519.0,22,2520.0,13,2516.0
MA410,,13:45:15.750#,2522.0,2530.0,2512.0,2717.0,2361.0,12754,9671,2511.0,6,2512.0,27,2513.0,15,2514.0,152,2515.0,37,2516.0,16,2517.0,151,2518.0,24,2519.0,21,2520.0,13,2516.0
MA410,,13:45:16.0#,2522.0,2530.0,2512.0,2717.0,2361.0,12754,9671,2511.0,6,2512.0,26,2513.0,15,2514.0,152,2515.0,38,2516.0,15,2517.0,151,2518.0,24,2519.0,21,2520.0,13,2516.0
MA410,,13:45:16.250#,2522.0,2530.0,2512.0,2717.0,2361.0,12754,9671,2511.0,6,2512.0,26,2513.0,15,2514.0,152,2515.0,38,2516.0,15,2517.0,151,2518.0,25,2519.0,21,2520.0,13,2516.0
MA410,,13:45:16.750#,2522.0,2530.0,2512.0,2717.0,2361.0,12754,9671,2511.0,6,2512.0,27,2513.0,15,2514.0,152,2515.0,37,2516.0,16,2517.0,151,2518.0,25,2519.0,20,2520.0,13,2516.0
MA410,,13:45:23.500#,2522.0,2530.0,2512.0,2717.0,2361.0,12754,9671,2511.0,6,2512.0,27,2513.0,15,2514.0,152,2515.0,37,2516.0,18,2517.0,151,2518.0,25,2519.0,20,2520.0,13,2516.0
MA410,,13:45:26.250#,2522.0,2530.0,2512.0,2717.0,2361.0,12754,9671,2511.0,6,2512.0,26,2513.0,15,2514.0,152,2515.0,38,2516.0,5,2517.0,151,2518.0,25,2519.0,21,2520.0,13,2516.0
MA410,,13:45:26.500#,2522.0,2530.0,2512.0,2717.0,2361.0,12754,9671,2511.0,6,2512.0,26,2513.0,15,2514.0,152,2515.0,38,2516.0,4,2517.0,151,2518.0,25,2519.0,21,2520.0,13,2516.0
MA410,,13:45:29.250#,2522.0,2530.0,2512.0,2717.0,2361.0,12754,9671,2511.0,6,2512.0,26,2513.0,15,2514.0,152,2515.0,43,2516.0,4,2517.0,151,2518.0,25,2519.0,21,2520.0,13,2516.0
MA410,,13:45:34.250#,2522.0,2530.0,2512.0,2717.0,2361.0,12756,9672,2511.0,6,2512.0,26,2513.0,15,2514.0,152,2515.0,41,2516.0,2,2517.0,151,2518.0,25,2519.0,21,2520.0,13,2516.0
MA410,,13:45:35.250#,2522.0,2530.0,2512.0,2717.0,2361.0,12756,9672,2511.0,6,2512.0,26,2513.0,15,2514.0,152,2515.0,41,2516.0,13,2517.0,151,2518.0,25,2519.0,21,2520.0,13,2516.0
MA410,,13:45:35.500#,2522.0,2530.0,2512.0,2717.0,2361.0,12756,9672,2511.0,6,2512.0,26,2513.0,15,2514.0,152,2515.0,41,2516.0,15,2517.0,151,2518.0,25,2519.0,21,2520.0,13,2516.0
MA410,,13:45:36.0#,2522.0,2530.0,2512.0,2717.0,2361.0,12756,9672,2511.0,6,2512.0,26,2513.0,15,2514.0,152,2515.0,41,2516.0,4,2517.0,151,2518.0,25,2519.0,21,2520.0,13,2516.0
MA410,,13:45:36.250#,2522.0,2530.0,2512.0,2717.0,2361.0,12756,9672,2511.0,6,2512.0,26,2513.0,15,2514.0,152,2515.0,42,2516.0,3,2517.0,151,2518.0,25,2519.0,21,2520.0,13,2516.0
MA410,,13:45:36.500#,2522.0,2530.0,2512.0,2717.0,2361.0,12756,9672,2511.0,6,2512.0,26,2513.0,15,2514.0,152,2515.0,42,2516.0,4,2517.0,151,2518.0,25,2519.0,21,2520.0,13,2516.0
MA410,,13:45:37.750#,2522.0,2530.0,2512.0,2717.0,2361.0,12757,9673,2511.0,6,2512.0,26,2513.0,15,2514.0,152,2515.0,41,2516.0,3,2517.0,151,2518.0,25,2519.0,21,2520.0,13,2516.0
MA410,,13:45:38.0#,2522.0,2530.0,2512.0,2717.0,2361.0,12758,9674,2511.0,6,2512.0,26,2513.0,15,2514.0,152,2515.0,45,2516.0,1,2517.0,151,2518.0,25,2519.0,21,2520.0,13,2516.0
MA410,,13:45:38.500#,2522.0,2530.0,2512.0,2717.0,2361.0,12759,9673,2511.0,6,2512.0,26,2513.0,15,2514.0,152,2515.0,44,2517.0,159,2518.0,25,2519.0,21,2520.0,13,2521.0,10,2516.0
MA410,,13:45:38.750#,2522.0,2530.0,2512.0,2717.0,2361.0,12759,9673,2511.0,6,2512.0,26,2513.0,15,2514.0,152,2515.0,44,2517.0,165,2518.0,25,2519.0,21,2520.0,13,2521.0,11,2516.0
MA410,,13:45:39.750#,2522.0,2530.0,2512.0,2717.0,2361.0,12759,9673,2511.0,6,2512.0,26,2513.0,15,2514.0,152,2515.0,44,2516.0,11,2517.0,157,2518.0,25,2519.0,21,2520.0,13,2516.0
MA410,,13:45:40.0#,2522.0,2530.0,2512.0,2717.0,2361.0,12759,9673,2511.0,6,2512.0,26,2513.0,15,2514.0,152,2515.0,44,2516.0,15,2517.0,157,2518.0,25,2519.0,21,2520.0,13,2516.0
MA410,,13:45:40.250#,2522.0,2530.0,2512.0,2717.0,2361.0,12759,9673,2511.0,6,2512.0,26,2513.0,15,2514.0,152,2515.0,44,2516.0,15,2517.0,157,2518.0,25,2519.0,21,2520.0,13,2516.0
MA410,,13:45:41.0#,2522.0,2530.0,2512.0,2717.0,2361.0,12759,9673,2511.0,6,2512.0,26,2513.0,15,2514.0,152,2515.0,39,2516.0,15,2517.0,157,2518.0,25,2519.0,21,2520.0,13,2516.0
MA410,,13:45:41.250#,2522.0,2530.0,2512.0,2717.0,2361.0,12760,9673,2511.0,6,2512.0,26,2513.0,15,2514.0,152,2515.0,38,2516.0,14,2517.0,157,2518.0,25,2519.0,21,2520.0,13,2516.0
MA410,,13:45:44.0#,2522.0,2530.0,2512.0,2717.0,2361.0,12761,9673,2511.0,6,2512.0,26,2513.0,15,2514.0,152,2515.0,37,2516.0,13,2517.0,157,2518.0,25,2519.0,21,2520.0,13,2516.0
MA410,,13:45:44.750#,2522.0,2530.0,2512.0,2717.0,2361.0,12762,9673,2511.0,6,2512.0,26,2513.0,15,2514.0,152,2515.0,36,2516.0,12,2517.0,157,2518.0,25,2519.0,21,2520.0,13,2516.0
MA410,,13:45:46.0#,2522.0,2530.0,2512.0,2717.0,2361.0,12762,9673,2511.0,6,2512.0,26,2513.0,15,2514.0,152,2515.0,36,2516.0,18,2517.0,151,2518.0,25,2519.0,21,2520.0,13,2516.0
MA410,,13:45:47.750#,2522.0,2530.0,2512.0,2717.0,2361.0,12762,9673,2511.0,6,2512.0,26,2513.0,15,2514.0,152,2515.0,36,2516.0,19,2517.0,151,2518.0,25,2519.0,21,2520.0,13,2516.0
MA410,,13:45:48.0#,2522.0,2530.0,2512.0,2717.0,2361.0,12762,9673,2511.0,6,2512.0,26,2513.0,15,2514.0,152,2515.0,36,2516.0,20,2517.0,151,2518.0,25,2519.0,21,2520.0,13,2516.0
MA410,,13:45:48.500#,2522.0,2530.0,2512.0,2717.0,2361.0,12763,9672,2511.0,6,2512.0,26,2513.0,15,2514.0,152,2515.0,37,2516.0,19,2517.0,151,2518.0,25,2519.0,21,2520.0,13,2516.0
MA410,,13:45:48.750#,2522.0,2530.0,2512.0,2717.0,2361.0,12763,9672,2511.0,6,2512.0,26,2513.0,15,2514.0,152,2515.0,37,2516.0,20,2517.0,151,2518.0,25,2519.0,21,2520.0,13,2516.0
MA410,,13:45:49.500#,2522.0,2530.0,2512.0,2717.0,2361.0,12763,9672,2511.0,6,2512.0,27,2513.0,15,2514.0,152,2515.0,36,2516.0,21,2517.0,151,2518.0,25,2519.0,20,2520.0,13,2516.0
MA410,,13:45:50.0#,2522.0,2530.0,2512.0,2717.0,2361.0,12763,9672,2511.0,6,2512.0,26,2513.0,15,2514.0,152,2515.0,37,2516.0,20,2517.0,151,2518.0,25,2519.0,21,2520.0,13,2516.0
MA410,,13:45:50.500#,2522.0,2530.0,2512.0,2717.0,2361.0,12763,9672,2511.0,6,2512.0,27,2513.0,15,2514.0,152,2515.0,36,2516.0,21,2517.0,151,2518.0,25,2519.0,20,2520.0,13,2516.0
MA410,,13:45:51.250#,2522.0,2530.0,2512.0,2717.0,2361.0,12763,9672,2511.0,6,2512.0,27,2513.0,15,2514.0,152,2515.0,36,2516.0,26,2517.0,151,2518.0,25,2519.0,20,2520.0,13,2516.0
MA410,,13:45:52.500#,2522.0,2530.0,2512.0,2717.0,2361.0,12764,9672,2511.0,6,2512.0,27,2513.0,15,2514.0,152,2515.0,35,2516.0,25,2517.0,151,2518.0,25,2519.0,20,2520.0,13,2516.0
MA410,,13:45:54.500#,2522.0,2530.0,2512.0,2717.0,2361.0,12765,9672,2511.0,6,2512.0,27,2513.0,15,2514.0,152,2515.0,35,2516.0,24,2517.0,151,2518.0,25,2519.0,20,2520.0,13,2516.0
MA410,,13:45:56.250#,2522.0,2530.0,2512.0,2717.0,2361.0,12765,9672,2511.0,6,2512.0,27,2513.0,15,2514.0,152,2515.0,36,2516.0,24,2517.0,151,2518.0,25,2519.0,20,2520.0,13,2516.0
MA410,,13:45:56.750#,2522.0,2530.0,2512.0,2717.0,2361.0,12765,9672,2511.0,6,2512.0,27,2513.0,15,2514.0,162,2515.0,26,2516.0,24,2517.0,151,2518.0,25,2519.0,20,2520.0,13,2516.0
MA410,,13:45:57.0#,2522.0,2530.0,2512.0,2717.0,2361.0,12765,9672,2511.0,6,2512.0,27,2513.0,15,2514.0,152,2515.0,35,2516.0,29,2517.0,151,2518.0,25,2519.0,20,2520.0,13,2516.0
MA410,,13:45:57.250#,2522.0,2530.0,2512.0,2717.0,2361.0,12765,9672,2511.0,6,2512.0,27,2513.0,46,2514.0,141,2515.0,26,2516.0,23,2517.0,151,2518.0,14,2519.0,20,2520.0,13,2516.0
MA410,,13:45:57.500#,2522.0,2530.0,2512.0,2717.0,2361.0,12765,9672,2511.0,6,2512.0,27,2513.0,25,2514.0,142,2515.0,35,2516.0,27,2517.0,141,2518.0,35,2519.0,20,2520.0,13,2516.0
MA410,,13:45:57.750#,2522.0,2530.0,2512.0,2717.0,2361.0,12765,9672,2511.0,6,2512.0,27,2513.0,36,2514.0,151,2515.0,25,2516.0,41,2517.0,131,2518.0,24,2519.0,20,2520.0,13,2516.0
MA410,,13:45:58.0#,2522.0,2530.0,2512.0,2717.0,2361.0,12765,9672,2511.0,6,2512.0,27,2513.0,37,2514.0,151,2515.0,25,2516.0,23,2517.0,142,2518.0,24,2519.0,20,2520.0,13,2516.0
MA410,,13:45:58.250#,2522.0,2530.0,2512.0,2717.0,2361.0,12766,9673,2511.0,6,2512.0,27,2513.0,16,2514.0,161,2515.0,26,2516.0,12,2517.0,132,2518.0,44,2519.0,20,2520.0,13,2516.0
MA410,,13:45:58.500#,2522.0,2530.0,2512.0,2717.0,2361.0,12767,9674,2511.0,6,2512.0,27,2513.0,16,2514.0,161,2515.0,33,2516.0,17,2517.0,141,2518.0,34,2519.0,20,2520.0,13,2516.0
MA410,,13:45:58.750#,2522.0,2530.0,2512.0,2717.0,2361.0,12767,9674,2511.0,6,2512.0,27,2513.0,16,2514.0,151,2515.0,38,2516.0,17,2517.0,141,2518.0,35,2519.0,20,2520.0,13,2516.0
MA410,,13:45:59.0#,2522.0,2530.0,2512.0,2717.0,2361.0,12767,9674,2511.0,6,2512.0,27,2513.0,16,2514.0,151,2515.0,38,2516.0,17,2517.0,151,2518.0,25,2519.0,20,2520.0,13,2516.0
MA410,,13:46:00.0#,2522.0,2530.0,2512.0,2717.0,2361.0,12767,9674,2511.0,6,2512.0,27,2513.0,16,2514.0,151,2515.0,38,2516.0,15,2517.0,151,2518.0,25,2519.0,20,2520.0,13,2516.0
MA410,,13:46:00.250#,2522.0,2530.0,2512.0,2717.0,2361.0,12767,9674,2511.0,6,2512.0,26,2513.0,16,2514.0,151,2515.0,39,2516.0,14,2517.0,151,2518.0,25,2519.0,21,2520.0,13,2516.0
MA410,,13:46:01.0#,2522.0,2530.0,2512.0,2717.0,2361.0,12767,9674,2511.0,6,2512.0,26,2513.0,16,2514.0,141,2515.0,49,2516.0,14,2517.0,151,2518.0,25,2519.0,21,2520.0,13,2516.0
MA410,,13:46:02.250#,2522.0,2530.0,2512.0,2717.0,2361.0,12779,9682,2511.0,6,2512.0,26,2513.0,16,2514.0,141,2515.0,57,2517.0,159,2518.0,25,2519.0,21,2520.0,13,2521.0,10,2516.0
MA410,,13:46:02.500#,2522.0,2530.0,2512.0,2717.0,2361.0,12779,9682,2511.0,6,2512.0,26,2513.0,16,2514.0,131,2515.0,68,2517.0,155,2518.0,35,2519.0,21,2520.0,13,2521.0,11,2516.0
MA410,,13:46:02.750#,2522.0,2530.0,2512.0,2717.0,2361.0,12779,9682,2511.0,6,2512.0,26,2513.0,16,2514.0,121,2515.0,78,2517.0,155,2518.0,35,2519.0,21,2520.0,13,2521.0,11,2516.0
MA410,,13:46:03.0#,2522.0,2530.0,2512.0,2717.0,2361.0,12779,9682,2511.0,6,2512.0,26,2513.0,16,2514.0,121,2515.0,83,2517.0,155,2518.0,35,2519.0,21,2520.0,13,2521.0,11,2516.0
MA410,,13:46:03.250#,2522.0,2530.0,2512.0,2717.0,2361.0,12779,9682,2511.0,6,2512.0,26,2513.0,16,2514.0,101,2515.0,102,2517.0,155,2518.0,35,2519.0,21,2520.0,13,2521.0,11,2516.0
MA410,,13:46:03.500#,2522.0,2530.0,2512.0,2717.0,2361.0,12779,9682,2511.0,6,2512.0,26,2513.0,16,2514.0,91,2515.0,112,2517.0,155,2518.0,35,2519.0,21,2520.0,13,2521.0,11,2516.0
MA410,,13:46:07.250#,2522.0,2530.0,2512.0,2717.0,2361.0,12780,9683,2511.0,6,2512.0,26,2513.0,16,2514.0,91,2515.0,112,2517.0,154,2518.0,35,2519.0,21,2520.0,13,2521.0,11,2517.0
MA410,,13:46:11.0#,2522.0,2530.0,2512.0,2717.0,2361.0,12780,9683,2511.0,6,2512.0,26,2513.0,16,2514.0,91,2515.0,112,2517.0,155,2518.0,35,2519.0,21,2520.0,13,2521.0,11,2517.0
MA410,,13:46:20.500#,2522.0,2530.0,2512.0,2717.0,2361.0,12780,9683,2511.0,6,2512.0,26,2513.0,16,2514.0,81,2515.0,122,2517.0,145,2518.0,45,2519.0,21,2520.0,13,2521.0,11,2517.0
MA410,,13:46:22.500#,2522.0,2530.0,2512.0,2717.0,2361.0,12780,9683,2511.0,6,2512.0,26,2513.0,16,2514.0,81,2515.0,122,2516.0,11,2517.0,138,2518.0,45,2519.0,21,2520.0,13,2517.0
MA410,,13:46:22.750#,2522.0,2530.0,2512.0,2717.0,2361.0,12780,9683,2511.0,6,2512.0,26,2513.0,16,2514.0,91,2515.0,112,2517.0,165,2518.0,25,2519.0,21,2520.0,13,2521.0,11,2517.0
MA410,,13:46:23.0#,2522.0,2530.0,2512.0,2717.0,2361.0,12780,9683,2511.0,6,2512.0,26,2513.0,16,2514.0,81,2515.0,122,2517.0,145,2518.0,45,2519.0,21,2520.0,13,2521.0,11,2517.0
MA410,,13:46:28.750#,2522.0,2530.0,2512.0,2717.0,2361.0,12780,9683,2511.0,6,2512.0,26,2513.0,16,2514.0,81,2515.0,123,2517.0,145,2518.0,45,2519.0,21,2520.0,13,2521.0,11,2517.0
MA410,,13:46:39.0#,2522.0,2530.0,2512.0,2717.0,2361.0,12780,9683,2511.0,6,2512.0,26,2513.0,16,2514.0,91,2515.0,113,2517.0,155,2518.0,35,2519.0,21,2520.0,13,2521.0,11,2517.0
MA410,,13:46:39.250#,2522.0,2530.0,2512.0,2717.0,2361.0,12780,9683,2511.0,6,2512.0,26,2513.0,15,2514.0,81,2515.0,123,2517.0,145,2518.0,45,2519.0,21,2520.0,13,2521.0,11,2517.0
MA410,,13:46:39.500#,2522.0,2530.0,2512.0,2717.0,2361.0,12780,9683,2511.0,6,2512.0,26,2513.0,15,2514.0,82,2515.0,123,2517.0,145,2518.0,45,2519.0,21,2520.0,13,2521.0,11,2517.0
MA410,,13:46:43.0#,2522.0,2530.0,2512.0,2717.0,2361.0,12780,9683,2511.0,6,2512.0,26,2513.0,15,2514.0,92,2515.0,113,2517.0,155,2518.0,35,2519.0,21,2520.0,13,2521.0,11,2517.0
MA410,,13:46:43.250#,2522.0,2530.0,2512.0,2717.0,2361.0,12780,9683,2511.0,6,2512.0,26,2513.0,15,2514.0,82,2515.0,123,2517.0,145,2518.0,45,2519.0,21,2520.0,13,2521.0,11,2517.0
MA410,,13:46:54.0#,2522.0,2530.0,2512.0,2717.0,2361.0,12785,9682,2511.0,6,2512.0,26,2513.0,15,2514.0,82,2515.0,118,2517.0,145,2518.0,45,2519.0,21,2520.0,13,2521.0,11,2515.0
MA410,,13:46:58.0#,2522.0,2530.0,2512.0,2717.0,2361.0,12785,9682,2511.0,6,2512.0,26,2513.0,15,2514.0,82,2515.0,111,2516.0,18,2517.0,138,2518.0,45,2519.0,21,2520.0,13,2515.0
MA410,,13:46:58.250#,2522.0,2530.0,2512.0,2717.0,2361.0,12785,9682,2511.0,6,2512.0,27,2513.0,25,2514.0,116,2515.0,61,2516.0,47,2517.0,122,2518.0,34,2519.0,20,2520.0,13,2515.0
MA410,,13:46:58.500#,2522.0,2530.0,2512.0,2717.0,2361.0,12785,9682,2511.0,6,2512.0,27,2513.0,36,2514.0,131,2515.0,41,2516.0,37,2517.0,143,2518.0,24,2519.0,20,2520.0,13,2515.0
MA410,,13:46:58.750#,2522.0,2530.0,2512.0,2717.0,2361.0,12785,9682,2511.0,6,2512.0,27,2513.0,16,2514.0,151,2515.0,41,2516.0,27,2517.0,153,2518.0,24,2519.0,20,2520.0,13,2515.0
MA410,,13:46:59.0#,2522.0,2530.0,2512.0,2717.0,2361.0,12785,9682,2511.0,6,2512.0,27,2513.0,16,2514.0,161,2515.0,31,2516.0,27,2517.0,163,2518.0,14,2519.0,20,2520.0,13,2515.0
MA410,,13:47:00.250#,2522.0,2530.0,2512.0,2717.0,2361.0,12785,9682,2511.0,6,2512.0,27,2513.0,16,2514.0,161,2515.0,31,2516.0,20,2517.0,163,2518.0,14,2519.0,20,2520.0,13,2515.0
MA410,,13:47:00.500#,2522.0,2530.0,2512.0,2717.0,2361.0,12785,9682,2511.0,6,2512.0,27,2513.0,16,2514.0,161,2515.0,31,2516.0,12,2517.0,163,2518.0,14,2519.0,20,2520.0,13,2515.0
MA410,,13:47:00.750#,2522.0,2530.0,2512.0,2717.0,2361.0,12785,9682,2511.0,6,2512.0,26,2513.0,16,2514.0,161,2515.0,33,2517.0,140,2518.0,44,2519.0,21,2520.0,13,2521.0,11,2515.0
MA410,,13:47:01.0#,2522.0,2530.0,2512.0,2717.0,2361.0,12785,9682,2511.0,6,2512.0,26,2513.0,15,2514.0,131,2515.0,64,2516.0,11,2517.0,138,2518.0,44,2519.0,21,2520.0,13,2515.0
MA410,,13:47:01.250#,2522.0,2530.0,2512.0,2717.0,2361.0,12785,9682,2511.0,6,2512.0,26,2513.0,15,2514.0,132,2515.0,64,2516.0,12,2517.0,148,2518.0,35,2519.0,21,2520.0,13,2515.0
MA410,,13:47:01.500#,2522.0,2530.0,2512.0,2717.0,2361.0,12785,9682,2511.0,6,2512.0,26,2513.0,15,2514.0,142,2515.0,54,2516.0,12,2517.0,158,2518.0,25,2519.0,21,2520.0,13,2515.0
MA410,,13:47:01.750#,2522.0,2530.0,2512.0,2717.0,2361.0,12785,9682,2511.0,6,2512.0,26,2513.0,15,2514.0,142,2515.0,53,2516.0,12,2517.0,158,2518.0,25,2519.0,21,2520.0,13,2515.0
MA410,,13:47:02.0#,2522.0,2530.0,2512.0,2717.0,2361.0,12785,9682,2511.0,6,2512.0,26,2513.0,15,2514.0,142,2515.0,53,2516.0,11,2517.0,158,2518.0,25,2519.0,21,2520.0,13,2515.0
MA410,,13:47:02.750#,2522.0,2530.0,2512.0,2717.0,2361.0,12785,9682,2511.0,6,2512.0,26,2513.0,15,2514.0,142,2515.0,58,2516.0,11,2517.0,158,2518.0,25,2519.0,21,2520.0,13,2515.0
MA410,,13:47:03.500#,2522.0,2530.0,2512.0,2717.0,2361.0,12785,9682,2511.0,6,2512.0,26,2513.0,15,2514.0,142,2515.0,53,2516.0,11,2517.0,158,2518.0,25,2519.0,21,2520.0,13,2515.0
MA410,,13:47:03.750#,2522.0,2530.0,2512.0,2717.0,2361.0,12785,9682,2511.0,6,2512.0,26,2513.0,15,2514.0,142,2515.0,53,2516.0,12,2517.0,158,2518.0,25,2519.0,21,2520.0,13,2515.0
MA410,,13:47:10.500#,2522.0,2530.0,2512.0,2717.0,2361.0,12785,9682,2511.0,6,2512.0,27,2513.0,15,2514.0,142,2515.0,51,2516.0,24,2517.0,152,2518.0,25,2519.0,20,2520.0,13,2515.0
MA410,,13:47:10.750#,2522.0,2530.0,2512.0,2717.0,2361.0,12785,9682,2511.0,6,2512.0,27,2513.0,15,2514.0,142,2515.0,52,2516.0,24,2517.0,152,2518.0,25,2519.0,20,2520.0,13,2515.0
MA410,,13:47:11.0#,2522.0,2530.0,2512.0,2717.0,2361.0,12785,9682,2511.0,6,2512.0,27,2513.0,15,2514.0,142,2515.0,52,2516.0,18,2517.0,152,2518.0,25,2519.0,20,2520.0,13,2515.0
MA410,,13:47:11.250#,2522.0,2530.0,2512.0,2717.0,2361.0,12785,9682,2511.0,6,2512.0,27,2513.0,15,2514.0,142,2515.0,52,2516.0,13,2517.0,152,2518.0,25,2519.0,20,2520.0,13,2515.0
MA410,,13:47:11.500#,2522.0,2530.0,2512.0,2717.0,2361.0,12785,9682,2511.0,6,2512.0,27,2513.0,15,2514.0,142,2515.0,51,2516.0,13,2517.0,152,2518.0,25,2519.0,20,2520.0,13,2515.0
MA410,,13:47:11.750#,2522.0,2530.0,2512.0,2717.0,2361.0,12785,9682,2511.0,6,2512.0,27,2513.0,15,2514.0,142,2515.0,51,2516.0,19,2517.0,152,2518.0,25,2519.0,20,2520.0,13,2515.0
MA410,,13:47:12.0#,2522.0,2530.0,2512.0,2717.0,2361.0,12785,9682,2511.0,6,2512.0,27,2513.0,15,2514.0,142,2515.0,45,2516.0,28,2517.0,152,2518.0,25,2519.0,20,2520.0,13,2515.0
MA410,,13:47:12.250#,2522.0,2530.0,2512.0,2717.0,2361.0,12785,9682,2511.0,6,2512.0,27,2513.0,35,2514.0,141,2515.0,36,2516.0,30,2517.0,132,2518.0,34,2519.0,20,2520.0,13,2515.0
MA410,,13:47:12.500#,2522.0,2530.0,2512.0,2717.0,2361.0,12785,9682,2511.0,6,2512.0,27,2513.0,36,2514.0,141,2515.0,36,2516.0,30,2517.0,153,2518.0,14,2519.0,20,2520.0,13,2515.0
MA410,,13:47:12.750#,2522.0,2530.0,2512.0,2717.0,2361.0,12785,9682,2511.0,6,2512.0,27,2513.0,26,2514.0,151,2515.0,36,2516.0,27,2517.0,143,2518.0,24,2519.0,20,2520.0,13,2515.0
MA410,,13:47:13.0#,2522.0,2530.0,2512.0,2717.0,2361.0,12785,9682,2511.0,6,2512.0,27,2513.0,16,2514.0,161,2515.0,36,2516.0,8,2517.0,153,2518.0,24,2519.0,20,2520.0,13,2515.0
MA410,,13:47:13.250#,2522.0,2530.0,2512.0,2717.0,2361.0,12785,9682,2511.0,6,2512.0,27,2513.0,16,2514.0,161,2515.0,36,2516.0,8,2517.0,143,2518.0,34,2519.0,20,2520.0,13,2515.0
MA410,,13:47:13.500#,2522.0,2530.0,2512.0,2717.0,2361.0,12785,9682,2511.0,6,2512.0,27,2513.0,16,2514.0,161,2515.0,36,2516.0,14,2517.0,143,2518.0,34,2519.0,20,2520.0,13,2515.0
MA410,,13:47:13.750#,2522.0,2530.0,2512.0,2717.0,2361.0,12785,9682,2511.0,6,2512.0,27,2513.0,16,2514.0,161,2515.0,36,2516.0,13,2517.0,153,2518.0,24,2519.0,20,2520.0,13,2515.0
MA410,,13:47:14.0#,2522.0,2530.0,2512.0,2717.0,2361.0,12785,9682,2511.0,6,2512.0,27,2513.0,16,2514.0,161,2515.0,43,2516.0,7,2517.0,143,2518.0,34,2519.0,20,2520.0,13,2515.0
MA410,,13:47:14.250#,2522.0,2530.0,2512.0,2717.0,2361.0,12785,9682,2511.0,6,2512.0,27,2513.0,16,2514.0,151,2515.0,47,2516.0,18,2517.0,142,2518.0,34,2519.0,20,2520.0,13,2515.0
MA410,,13:47:14.500#,2522.0,2530.0,2512.0,2717.0,2361.0,12785,9682,2511.0,6,2512.0,27,2513.0,16,2514.0,151,2515.0,47,2516.0,12,2517.0,142,2518.0,35,2519.0,20,2520.0,13,2515.0
MA410,,13:47:14.750#,2522.0,2530.0,2512.0,2717.0,2361.0,12785,9682,2511.0,6,2512.0,27,2513.0,16,2514.0,151,2515.0,47,2516.0,12,2517.0,152,2518.0,25,2519.0,20,2520.0,13,2515.0
MA410,,13:47:15.750#,2522.0,2530.0,2512.0,2717.0,2361.0,12785,9682,2511.0,6,2512.0,27,2513.0,16,2514.0,151,2515.0,42,2516.0,12,2517.0,152,2518.0,25,2519.0,20,2520.0,13,2515.0
MA410,,13:47:18.500#,2522.0,2530.0,2512.0,2717.0,2361.0,12785,9682,2511.0,6,2512.0,26,2513.0,16,2514.0,151,2515.0,43,2516.0,11,2517.0,152,2518.0,25,2519.0,21,2520.0,13,2515.0
MA410,,13:47:19.250#,2522.0,2530.0,2512.0,2717.0,2361.0,12785,9682,2511.0,6,2512.0,26,2513.0,16,2514.0,141,2515.0,53,2516.0,11,2517.0,152,2518.0,25,2519.0,21,2520.0,13,2515.0
MA410,,13:47:19.500#,2522.0,2530.0,2512.0,2717.0,2361.0,12785,9682,2511.0,6,2512.0,26,2513.0,16,2514.0,131,2515.0,63,2516.0,11,2517.0,152,2518.0,25,2519.0,21,2520.0,13,2515.0
MA410,,13:47:24.250#,2522.0,2530.0,2512.0,2717.0,2361.0,12785,9682,2512.0,26,2513.0,16,2514.0,121,2515.0,66,2516.0,7,2517.0,132,2518.0,45,2519.0,21,2520.0,13,2521.0,11,2515.0
MA410,,13:47:24.500#,2522.0,2530.0,2512.0,2717.0,2361.0,12785,9682,2512.0,26,2513.0,15,2514.0,61,2515.0,115,2516.0,44,2517.0,72,2518.0,94,2519.0,31,2520.0,13,2521.0,11,2515.0
MA410,,13:47:24.750#,2522.0,2530.0,2512.0,2717.0,2361.0,12785,9682,2512.0,26,2513.0,15,2514.0,31,2515.0,146,2516.0,23,2517.0,22,2518.0,114,2519.0,42,2520.0,23,2521.0,11,2515.0
MA410,,13:47:25.0#,2522.0,2530.0,2512.0,2717.0,2361.0,12785,9682,2512.0,26,2513.0,15,2514.0,21,2515.0,146,2516.0,41,2517.0,21,2518.0,134,2519.0,32,2520.0,13,2521.0,11,2515.0
MA410,,13:47:25.500#,2522.0,2530.0,2512.0,2717.0,2361.0,12785,9682,2512.0,26,2513.0,15,2514.0,21,2515.0,146,2516.0,34,2517.0,21,2518.0,134,2519.0,32,2520.0,13,2521.0,11,2515.0
MA410,,13:47:25.750#,2522.0,2530.0,2512.0,2717.0,2361.0,12785,9682,2512.0,26,2513.0,15,2514.0,21,2515.0,146,2516.0,34,2517.0,21,2518.0,124,2519.0,42,2520.0,13,2521.0,11,2515.0
MA410,,13:47:26.500#,2522.0,2530.0,2512.0,2717.0,2361.0,12785,9682,2512.0,26,2513.0,15,2514.0,21,2515.0,156,2516.0,34,2517.0,21,2518.0,134,2519.0,42,2520.0,13,2521.0,11,2515.0
MA410,,13:47:27.250#,2522.0,2530.0,2512.0,2717.0,2361.0,12785,9682,2512.0,26,2513.0,14,2514.0,21,2515.0,146,2516.0,52,2517.0,9,2518.0,134,2519.0,42,2520.0,14,2521.0,11,2515.0
MA410,,13:47:27.500#,2522.0,2530.0,2512.0,2717.0,2361.0,12785,9682,2512.0,26,2513.0,14,2514.0,21,2515.0,136,2516.0,62,2517.0,9,2518.0,134,2519.0,42,2520.0,14,2521.0,11,2515.0
MA410,,13:47:31.0#,2522.0,2530.0,2512.0,2717.0,2361.0,12785,9682,2512.0,26,2513.0,15,2514.0,21,2515.0,136,2516.0,61,2517.0,21,2518.0,134,2519.0,42,2520.0,13,2521.0,11,2515.0
MA410,,13:47:32.500#,2522.0,2530.0,2512.0,2717.0,2361.0,12785,9682,2512.0,26,2513.0,14,2514.0,21,2515.0,136,2516.0,62,2517.0,9,2518.0,134,2519.0,42,2520.0,14,2521.0,11,2515.0
MA410,,13:47:39.250#,2522.0,2530.0,2512.0,2717.0,2361.0,12785,9682,2512.0,26,2513.0,15,2514.0,21,2515.0,136,2516.0,61,2517.0,10,2518.0,134,2519.0,42,2520.0,13,2521.0,11,2515.0
MA410,,13:47:39.500#,2522.0,2530.0,2512.0,2717.0,2361.0,12785,9682,2512.0,26,2513.0,15,2514.0,21,2515.0,136,2516.0,61,2517.0,11,2518.0,134,2519.0,42,2520.0,13,2521.0,11,2515.0
MA410,,13:47:55.500#,2522.0,2530.0,2512.0,2717.0,2361.0,12785,9682,2512.0,26,2513.0,15,2514.0,21,2515.0,136,2516.0,54,2517.0,11,2518.0,134,2519.0,42,2520.0,13,2521.0,11,2515.0
MA410,,13:47:55.750#,2522.0,2530.0,2512.0,2717.0,2361.0,12785,9682,2512.0,26,2513.0,15,2514.0,21,2515.0,136,2516.0,54,2517.0,10,2518.0,134,2519.0,42,2520.0,13,2521.0,11,2515.0
MA410,,13:48:01.500#,2522.0,2530.0,2512.0,2717.0,2361.0,12785,9682,2512.0,26,2513.0,15,2514.0,21,2515.0,136,2516.0,54,2517.0,21,2518.0,134,2519.0,42,2520.0,13,2521.0,11,2515.0
MA410,,13:48:01.750#,2522.0,2530.0,2512.0,2717.0,2361.0,12785,9682,2512.0,26,2513.0,15,2514.0,21,2515.0,136,2516.0,52,2517.0,21,2518.0,144,2519.0,32,2520.0,13,2521.0,11,2515.0
MA410,,13:48:24.0#,2522.0,2530.0,2512.0,2717.0,2361.0,12788,9684,2512.0,26,2513.0,15,2514.0,21,2515.0,136,2516.0,51,2517.0,18,2518.0,144,2519.0,32,2520.0,13,2521.0,11,2517.0
MA410,,13:48:24.250#,2522.0,2530.0,2512.0,2717.0,2361.0,12788,9684,2512.0,26,2513.0,15,2514.0,21,2515.0,136,2516.0,51,2517.0,18,2518.0,143,2519.0,32,2520.0,13,2521.0,11,2517.0
MA410,,13:48:25.250#,2522.0,2530.0,2512.0,2717.0,2361.0,12789,9685,2512.0,26,2513.0,15,2514.0,21,2515.0,136,2516.0,51,2517.0,17,2518.0,143,2519.0,32,2520.0,13,2521.0,11,2517.0
MA410,,13:48:28.750#,2522.0,2530.0,2512.0,2717.0,2361.0,12790,9685,2512.0,26,2513.0,15,2514.0,21,2515.0,136,2516.0,50,2517.0,16,2518.0,143,2519.0,32,2520.0,13,2521.0,11,2517.0
MA410,,13:48:29.250#,2522.0,2530.0,2512.0,2717.0,2361.0,12790,9685,2512.0,26,2513.0,14,2514.0,21,2515.0,136,2516.0,51,2517.0,4,2518.0,143,2519.0,32,2520.0,14,2521.0,11,2517.0
MA410,,13:48:29.750#,2522.0,2530.0,2512.0,2717.0,2361.0,12791,9686,2512.0,26,2513.0,14,2514.0,21,2515.0,136,2516.0,51,2517.0,3,2518.0,143,2519.0,32,2520.0,14,2521.0,11,2517.0
MA410,,13:48:30.500#,2522.0,2530.0,2512.0,2717.0,2361.0,12791,9686,2512.0,26,2513.0,14,2514.0,21,2515.0,136,2516.0,56,2517.0,3,2518.0,143,2519.0,32,2520.0,14,2521.0,11,2517.0
MA410,,13:48:31.750#,2522.0,2530.0,2512.0,2717.0,2361.0,12791,9686,2512.0,26,2513.0,14,2514.0,21,2515.0,136,2516.0,57,2517.0,3,2518.0,143,2519.0,32,2520.0,14,2521.0,11,2517.0
MA410,,13:48:32.500#,2522.0,2530.0,2512.0,2717.0,2361.0,12794,9687,2512.0,26,2513.0,14,2514.0,21,2515.0,136,2516.0,76,2518.0,150,2519.0,32,2520.0,14,2521.0,11,2522.0,21,2517.0
MA410,,13:48:32.750#,2522.0,2530.0,2512.0,2717.0,2361.0,12794,9687,2512.0,26,2513.0,14,2514.0,21,2515.0,116,2516.0,97,2517.0,1,2518.0,139,2519.0,41,2520.0,14,2521.0,11,2517.0
MA410,,13:48:33.0#,2522.0,2530.0,2512.0,2717.0,2361.0,12794,9687,2512.0,26,2513.0,14,2514.0,21,2515.0,106,2516.0,107,2517.0,1,2518.0,149,2519.0,32,2520.0,14,2521.0,11,2517.0
MA410,,13:48:33.250#,2522.0,2530.0,2512.0,2717.0,2361.0,12794,9687,2512.0,26,2513.0,14,2514.0,21,2515.0,106,2516.0,107,2517.0,1,2518.0,139,2519.0,42,2520.0,14,2521.0,11,2517.0
MA410,,13:48:34.750#,2522.0,2530.0,2512.0,2717.0,2361.0,12794,9687,2512.0,26,2513.0,14,2514.0,21,2515.0,96,2516.0,117,2517.0,1,2518.0,139,2519.0,42,2520.0,14,2521.0,11,2517.0
MA410,,13:48:35.0#,2522.0,2530.0,2512.0,2717.0,2361.0,12794,9687,2512.0,26,2513.0,14,2514.0,21,2515.0,86,2516.0,127,2517.0,1,2518.0,139,2519.0,42,2520.0,14,2521.0,11,2517.0
MA410,,13:48:35.500#,2522.0,2530.0,2512.0,2717.0,2361.0,12794,9687,2512.0,26,2513.0,14,2514.0,21,2515.0,86,2516.0,126,2517.0,1,2518.0,139,2519.0,42,2520.0,14,2521.0,11,2517.0
MA410,,13:48:35.750#,2522.0,2530.0,2512.0,2717.0,2361.0,12794,9687,2512.0,26,2513.0,14,2514.0,21,2515.0,86,2516.0,126,2517.0,12,2518.0,139,2519.0,42,2520.0,14,2521.0,11,2517.0
MA410,,13:48:36.0#,2522.0,2530.0,2512.0,2717.0,2361.0,12794,9687,2512.0,26,2513.0,14,2514.0,21,2515.0,86,2516.0,126,2517.0,12,2518.0,149,2519.0,32,2520.0,14,2521.0,11,2517.0
MA410,,13:48:36.250#,2522.0,2530.0,2512.0,2717.0,2361.0,12796,9687,2512.0,26,2513.0,14,2514.0,21,2515.0,86,2516.0,125,2517.0,5,2518.0,149,2519.0,32,2520.0,14,2521.0,11,2517.0
MA410,,13:48:36.750#,2522.0,2530.0,2512.0,2717.0,2361.0,12797,9687,2512.0,26,2513.0,14,2514.0,21,2515.0,86,2516.0,124,2518.0,156,2519.0,32,2520.0,14,2521.0,11,2522.0,22,2517.0
MA410,,13:48:37.0#,2522.0,2530.0,2512.0,2717.0,2361.0,12797,9687,2512.0,26,2513.0,14,2514.0,21,2515.0,76,2516.0,134,2518.0,146,2519.0,41,2520.0,14,2521.0,11,2522.0,22,2517.0
MA410,,13:48:37.250#,2522.0,2530.0,2512.0,2717.0,2361.0,12797,9687,2512.0,26,2513.0,14,2514.0,21,2515.0,76,2516.0,134,2517.0,1,2518.0,139,2519.0,41,2520.0,14,2521.0,11,2517.0
MA410,,13:48:37.500#,2522.0,2530.0,2512.0,2717.0,2361.0,12797,9687,2512.0,26,2513.0,14,2514.0,21,2515.0,86,2516.0,124,2517.0,1,2518.0,149,2519.0,32,2520.0,14,2521.0,11,2517.0
MA410,,13:48:37.750#,2522.0,2530.0,2512.0,2717.0,2361.0,12797,9687,2512.0,26,2513.0,15,2514.0,21,2515.0,96,2516.0,108,2517.0,3,2518.0,139,2519.0,42,2520.0,13,2521.0,11,2517.0
MA410,,13:48:38.0#,2522.0,2530.0,2512.0,2717.0,2361.0,12800,9686,2512.0,26,2513.0,15,2514.0,21,2515.0,106,2516.0,98,2517.0,6,2518.0,133,2519.0,42,2520.0,13,2521.0,11,2517.0
MA410,,13:48:38.250#,2522.0,2530.0,2512.0,2717.0,2361.0,12800,9686,2512.0,26,2513.0,15,2514.0,21,2515.0,106,2516.0,98,2517.0,6,2518.0,143,2519.0,32,2520.0,13,2521.0,11,2517.0
MA410,,13:48:38.500#,2522.0,2530.0,2512.0,2717.0,2361.0,12800,9686,2512.0,26,2513.0,15,2514.0,21,2515.0,106,2516.0,98,2517.0,6,2518.0,133,2519.0,42,2520.0,13,2521.0,11,2517.0
MA410,,13:48:38.750#,2522.0,2530.0,2512.0,2717.0,2361.0,12803,9683,2512.0,26,2513.0,14,2514.0,21,2515.0,106,2516.0,98,2517.0,3,2518.0,133,2519.0,42,2520.0,14,2521.0,11,2517.0
MA410,,13:48:39.0#,2522.0,2530.0,2512.0,2717.0,2361.0,12803,9683,2512.0,26,2513.0,14,2514.0,21,2515.0,106,2516.0,87,2517.0,7,2518.0,133,2519.0,42,2520.0,14,2521.0,11,2517.0
MA410,,13:48:39.250#,2522.0,2530.0,2512.0,2717.0,2361.0,12803,9683,2512.0,26,2513.0,15,2514.0,21,2515.0,165,2516.0,21,2517.0,23,2518.0,143,2519.0,21,2520.0,13,2521.0,11,2517.0
MA410,,13:48:39.500#,2522.0,2530.0,2512.0,2717.0,2361.0,12803,9683,2512.0,26,2513.0,26,2514.0,21,2515.0,155,2516.0,21,2517.0,26,2518.0,144,2519.0,31,2520.0,13,2521.0,11,2517.0
MA410,,13:48:39.750#,2522.0,2530.0,2512.0,2717.0,2361.0,12803,9683,2512.0,26,2513.0,16,2514.0,31,2515.0,155,2516.0,16,2517.0,26,2518.0,154,2519.0,21,2520.0,13,2521.0,11,2517.0
MA410,,13:48:40.0#,2522.0,2530.0,2512.0,2717.0,2361.0,12803,9683,2512.0,26,2513.0,16,2514.0,21,2515.0,165,2516.0,16,2517.0,26,2518.0,154,2519.0,21,2520.0,13,2521.0,11,2517.0
MA410,,13:48:41.250#,2522.0,2530.0,2512.0,2717.0,2361.0,12803,9683,2512.0,26,2513.0,16,2514.0,21,2515.0,165,2516.0,16,2517.0,19,2518.0,154,2519.0,21,2520.0,13,2521.0,11,2517.0
MA410,,13:48:41.500#,2522.0,2530.0,2512.0,2717.0,2361.0,12803,9683,2512.0,26,2513.0,15,2514.0,21,2515.0,165,2516.0,19,2517.0,5,2518.0,154,2519.0,21,2520.0,14,2521.0,11,2517.0
MA410,,13:48:41.750#,2522.0,2530.0,2512.0,2717.0,2361.0,12803,9683,2512.0,26,2513.0,14,2514.0,21,2515.0,165,2516.0,33,2518.0,130,2519.0,51,2520.0,14,2521.0,11,2522.0,22,2517.0
MA410,,13:48:42.0#,2522.0,2530.0,2512.0,2717.0,2361.0,12803,9683,2512.0,26,2513.0,14,2514.0,22,2515.0,145,2516.0,54,2518.0,136,2519.0,51,2520.0,14,2521.0,11,2522.0,22,2517.0
MA410,,13:48:42.250#,2522.0,2530.0,2512.0,2717.0,2361.0,12803,9683,2512.0,26,2513.0,14,2514.0,22,2515.0,125,2516.0,74,2517.0,1,2518.0,139,2519.0,41,2520.0,14,2521.0,11,2517.0
MA410,,13:48:42.500#,2522.0,2530.0,2512.0,2717.0,2361.0,12803,9683,2512.0,26,2513.0,14,2514.0,22,2515.0,135,2516.0,64,2517.0,1,2518.0,149,2519.0,32,2520.0,14,2521.0,11,2517.0
MA410,,13:48:42.750#,2522.0,2530.0,2512.0,2717.0,2361.0,12803,9683,2512.0,26,2513.0,14,2514.0,22,2515.0,135,2516.0,64,2517.0,1,2518.0,139,2519.0,42,2520.0,14,2521.0,11,2517.0
MA410,,13:48:46.250#,2522.0,2530.0,2512.0,2717.0,2361.0,12803,9683,2512.0,26,2513.0,14,2514.0,22,2515.0,135,2516.0,60,2517.0,1,2518.0,139,2519.0,42,2520.0,14,2521.0,11,2517.0
MA410,,13:48:46.500#,2522.0,2530.0,2512.0,2717.0,2361.0,12803,9683,2512.0,26,2513.0,14,2514.0,22,2515.0,135,2516.0,56,2517.0,1,2518.0,139,2519.0,42,2520.0,14,2521.0,11,2517.0
MA410,,13:48:46.750#,2522.0,2530.0,2512.0,2717.0,2361.0,12803,9683,2512.0,26,2513.0,14,2514.0,22,2515.0,145,2516.0,46,2517.0,1,2518.0,139,2519.0,42,2520.0,14,2521.0,11,2517.0
MA410,,13:48:47.0#,2522.0,2530.0,2512.0,2717.0,2361.0,12803,9683,2512.0,26,2513.0,14,2514.0,22,2515.0,165,2516.0,30,2517.0,1,2518.0,139,2519.0,42,2520.0,14,2521.0,11,2517.0
MA410,,13:48:47.250#,2522.0,2530.0,2512.0,2717.0,2361.0,12803,9683,2512.0,26,2513.0,14,2514.0,22,2515.0,155,2516.0,39,2517.0,1,2518.0,139,2519.0,42,2520.0,14,2521.0,11,2517.0
MA410,,13:48:47.750#,2522.0,2530.0,2512.0,2717.0,2361.0,12803,9683,2512.0,26,2513.0,14,2514.0,22,2515.0,155,2516.0,42,2517.0,1,2518.0,139,2519.0,42,2520.0,14,2521.0,11,2517.0
MA410,,13:48:48.0#,2522.0,2530.0,2512.0,2717.0,2361.0,12803,9683,2512.0,26,2513.0,14,2514.0,22,2515.0,155,2516.0,43,2517.0,1,2518.0,139,2519.0,42,2520.0,14,2521.0,11,2517.0
MA410,,13:48:48.500#,2522.0,2530.0,2512.0,2717.0,2361.0,12803,9683,2512.0,26,2513.0,14,2514.0,22,2515.0,155,2516.0,37,2517.0,1,2518.0,139,2519.0,42,2520.0,14,2521.0,11,2517.0
MA410,,13:48:50.0#,2522.0,2530.0,2512.0,2717.0,2361.0,12803,9683,2512.0,26,2513.0,14,2514.0,22,2515.0,155,2516.0,33,2517.0,1,2518.0,139,2519.0,42,2520.0,14,2521.0,11,2517.0
MA410,,13:48:50.250#,2522.0,2530.0,2512.0,2717.0,2361.0,12803,9683,2512.0,26,2513.0,14,2514.0,22,2515.0,165,2516.0,18,2517.0,1,2518.0,139,2519.0,42,2520.0,14,2521.0,11,2517.0
MA410,,13:48:50.500#,2522.0,2530.0,2512.0,2717.0,2361.0,12803,9683,2512.0,26,2513.0,14,2514.0,22,2515.0,165,2516.0,23,2517.0,1,2518.0,149,2519.0,32,2520.0,14,2521.0,11,2517.0
MA410,,13:48:50.750#,2522.0,2530.0,2512.0,2717.0,2361.0,12803,9683,2512.0,26,2513.0,14,2514.0,22,2515.0,165,2516.0,23,2517.0,1,2518.0,139,2519.0,42,2520.0,14,2521.0,11,2517.0
MA410,,13:48:51.500#,2522.0,2530.0,2512.0,2717.0,2361.0,12803,9683,2512.0,26,2513.0,14,2514.0,22,2515.0,165,2516.0,22,2517.0,8,2518.0,139,2519.0,42,2520.0,14,2521.0,11,2517.0
MA410,,13:48:51.750#,2522.0,2530.0,2512.0,2717.0,2361.0,12803,9683,2512.0,26,2513.0,14,2514.0,32,2515.0,155,2516.0,17,2517.0,1,2518.0,159,2519.0,21,2520.0,14,2521.0,11,2517.0
MA410,,13:48:52.0#,2522.0,2530.0,2512.0,2717.0,2361.0,12803,9683,2512.0,26,2513.0,14,2514.0,32,2515.0,155,2516.0,26,2517.0,1,2518.0,130,2519.0,51,2520.0,14,2521.0,11,2517.0
MA410,,13:48:52.250#,2522.0,2530.0,2512.0,2717.0,2361.0,12803,9683,2512.0,26,2513.0,14,2514.0,22,2515.0,155,2516.0,45,2517.0,1,2518.0,129,2519.0,51,2520.0,14,2521.0,11,2517.0
MA410,,13:48:52.500#,2522.0,2530.0,2512.0,2717.0,2361.0,12803,9683,2512.0,26,2513.0,14,2514.0,22,2515.0,145,2516.0,60,2517.0,1,2518.0,119,2519.0,62,2520.0,14,2521.0,11,2517.0
MA410,,13:48:52.750#,2522.0,2530.0,2512.0,2717.0,2361.0,12803,9683,2512.0,26,2513.0,14,2514.0,22,2515.0,115,2516.0,90,2517.0,1,2518.0,129,2519.0,52,2520.0,14,2521.0,11,2517.0
MA410,,13:48:53.0#,2522.0,2530.0,2512.0,2717.0,2361.0,12803,9683,2512.0,26,2513.0,14,2514.0,22,2515.0,85,2516.0,120,2517.0,1,2518.0,129,2519.0,52,2520.0,14,2521.0,11,2517.0
MA410,,13:48:53.250#,2522.0,2530.0,2512.0,2717.0,2361.0,12803,9683,2512.0,26,2513.0,14,2514.0,22,2515.0,65,2516.0,140,2517.0,1,2518.0,129,2519.0,52,2520.0,14,2521.0,11,2517.0
MA410,,13:48:54.0#,2522.0,2530.0,2512.0,2717.0,2361.0,12803,9683,2512.0,26,2513.0,14,2514.0,22,2515.0,65,2516.0,140,2517.0,1,2518.0,139,2519.0,42,2520.0,14,2521.0,11,2517.0
MA410,,13:48:56.500#,2522.0,2530.0,2512.0,2717.0,2361.0,12803,9683,2512.0,26,2513.0,14,2514.0,22,2515.0,65,2516.0,140,2517.0,7,2518.0,139,2519.0,42,2520.0,14,2521.0,11,2517.0
MA410,,13:48:56.750#,2522.0,2530.0,2512.0,2717.0,2361.0,12810,9683,2513.0,14,2514.0,22,2515.0,75,2516.0,119,2517.0,1,2518.0,156,2519.0,32,2520.0,14,2521.0,11,2522.0,22,2517.0
MA410,,13:48:57.0#,2522.0,2530.0,2512.0,2717.0,2361.0,12810,9683,2513.0,14,2514.0,22,2515.0,64,2516.0,119,2517.0,4,2518.0,126,2519.0,41,2520.0,24,2521.0,11,2522.0,22,2517.0
MA410,,13:48:57.250#,2522.0,2530.0,2512.0,2717.0,2361.0,12810,9683,2513.0,14,2514.0,22,2515.0,44,2516.0,149,2517.0,5,2518.0,116,2519.0,71,2520.0,14,2521.0,11,2522.0,22,2517.0
MA410,,13:48:57.500#,2522.0,2530.0,2512.0,2717.0,2361.0,12810,9683,2513.0,14,2514.0,22,2515.0,44,2516.0,149,2517.0,5,2518.0,116,2519.0,71,2520.0,14,2521.0,11,2522.0,22,2517.0
MA410,,13:48:57.750#,2522.0,2530.0,2512.0,2717.0,2361.0,12810,9683,2513.0,14,2514.0,22,2515.0,34,2516.0,159,2517.0,5,2518.0,116,2519.0,71,2520.0,14,2521.0,11,2522.0,22,2517.0
MA410,,13:48:58.0#,2522.0,2530.0,2512.0,2717.0,2361.0,12810,9683,2513.0,14,2514.0,22,2515.0,34,2516.0,159,2517.0,4,2518.0,116,2519.0,71,2520.0,14,2521.0,11,2522.0,22,2517.0
MA410,,13:48:59.500#,2522.0,2530.0,2512.0,2717.0,2361.0,12810,9683,2513.0,14,2514.0,22,2515.0,34,2516.0,159,2517.0,4,2518.0,106,2519.0,81,2520.0,14,2521.0,11,2522.0,22,2517.0
MA410,,13:48:59.750#,2522.0,2530.0,2512.0,2717.0,2361.0,12810,9683,2513.0,14,2514.0,22,2515.0,24,2516.0,169,2517.0,5,2518.0,86,2519.0,101,2520.0,14,2521.0,11,2522.0,22,2517.0
MA410,,13:49:00.0#,2522.0,2530.0,2512.0,2717.0,2361.0,12810,9683,2513.0,14,2514.0,22,2515.0,24,2516.0,169,2517.0,5,2518.0,56,2519.0,131,2520.0,14,2521.0,11,2522.0,22,2517.0
MA410,,13:49:00.250#,2522.0,2530.0,2512.0,2717.0,2361.0,12811,9683,2513.0,14,2514.0,22,2515.0,24,2516.0,169,2517.0,4,2518.0,45,2519.0,131,2520.0,24,2521.0,11,2522.0,22,2517.0
MA410,,13:49:00.500#,2522.0,2530.0,2512.0,2717.0,2361.0,12811,9683,2513.0,14,2514.0,22,2515.0,24,2516.0,169,2517.0,3,2518.0,35,2519.0,141,2520.0,24,2521.0,11,2522.0,22,2517.0
MA410,,13:49:00.750#,2522.0,2530.0,2512.0,2717.0,2361.0,12814,9684,2512.0,25,2513.0,14,2514.0,22,2515.0,24,2516.0,173,2518.0,32,2519.0,141,2520.0,24,2521.0,11,2522.0,22,2517.0
MA410,,13:49:01.0#,2522.0,2530.0,2512.0,2717.0,2361.0,12814,9684,2512.0,26,2513.0,14,2514.0,22,2515.0,34,2516.0,163,2518.0,32,2519.0,152,2520.0,14,2521.0,11,2522.0,22,2517.0
MA410,,13:49:01.250#,2522.0,2530.0,2512.0,2717.0,2361.0,12815,9685,2512.0,26,2513.0,14,2514.0,22,2515.0,24,2516.0,173,2517.0,1,2518.0,29,2519.0,152,2520.0,14,2521.0,11,2517.0
MA410,,13:49:01.500#,2522.0,2530.0,2512.0,2717.0,2361.0,12816,9684,2512.0,26,2513.0,14,2514.0,22,2515.0,44,2516.0,153,2517.0,2,2518.0,80,2519.0,102,2520.0,14,2521.0,11,2517.0
MA410,,13:49:01.750#,2522.0,2530.0,2512.0,2717.0,2361.0,12816,9684,2512.0,26,2513.0,14,2514.0,22,2515.0,54,2516.0,143,2517.0,2,2518.0,110,2519.0,72,2520.0,14,2521.0,11,2517.0
MA410,,13:49:02.250#,2522.0,2530.0,2512.0,2717.0,2361.0,12818,9682,2512.0,26,2513.0,14,2514.0,22,2515.0,54,2516.0,143,2518.0,112,2519.0,72,2520.0,14,2521.0,11,2522.0,22,2517.0
MA410,,13:49:02.500#,2522.0,2530.0,2512.0,2717.0,2361.0,12818,9682,2512.0,26,2513.0,14,2514.0,22,2515.0,44,2516.0,153,2517.0,5,2518.0,120,2519.0,62,2520.0,14,2521.0,11,2517.0
MA410,,13:49:02.750#,2522.0,2530.0,2512.0,2717.0,2361.0,12819,9682,2512.0,26,2513.0,14,2514.0,22,2515.0,64,2516.0,132,2518.0,142,2519.0,42,2520.0,14,2521.0,11,2522.0,22,2517.0
MA410,,13:49:03.0#,2522.0,2530.0,2512.0,2717.0,2361.0,12819,9682,2512.0,26,2513.0,14,2514.0,22,2515.0,74,2516.0,122,2518.0,142,2519.0,42,2520.0,14,2521.0,11,2522.0,22,2517.0
MA410,,13:49:04.750#,2522.0,2530.0,2512.0,2717.0,2361.0,12819,9682,2512.0,26,2513.0,14,2514.0,22,2515.0,74,2516.0,121,2518.0,142,2519.0,42,2520.0,14,2521.0,11,2522.0,22,2517.0
MA410,,13:49:06.250#,2522.0,2530.0,2512.0,2717.0,2361.0,12819,9682,2512.0,26,2513.0,14,2514.0,22,2515.0,64,2516.0,131,2518.0,132,2519.0,52,2520.0,14,2521.0,11,2522.0,22,2517.0
MA410,,13:49:06.500#,2522.0,2530.0,2512.0,2717.0,2361.0,12819,9682,2512.0,26,2513.0,14,2514.0,22,2515.0,54,2516.0,141,2518.0,122,2519.0,62,2520.0,14,2521.0,11,2522.0,22,2517.0
MA410,,13:49:06.750#,2522.0,2530.0,2512.0,2717.0,2361.0,12819,9682,2513.0,14,2514.0,22,2515.0,44,2516.0,150,2517.0,1,2518.0,112,2519.0,72,2520.0,14,2521.0,11,2522.0,22,2517.0
MA410,,13:49:07.0#,2522.0,2530.0,2512.0,2717.0,2361.0,12819,9682,2513.0,14,2514.0,22,2515.0,44,2516.0,150,2517.0,2,2518.0,112,2519.0,62,2520.0,24,2521.0,11,2522.0,22,2517.0
MA410,,13:49:07.250#,2522.0,2530.0,2512.0,2717.0,2361.0,12819,9682,2513.0,14,2514.0,22,2515.0,44,2516.0,150,2517.0,2,2518.0,112,2519.0,72,2520.0,14,2521.0,11,2522.0,22,2517.0
MA410,,13:49:07.750#,2522.0,2530.0,2512.0,2717.0,2361.0,12819,9682,2513.0,14,2514.0,22,2515.0,34,2516.0,160,2517.0,2,2518.0,112,2519.0,72,2520.0,14,2521.0,11,2522.0,22,2517.0
MA410,,13:49:08.0#,2522.0,2530.0,2512.0,2717.0,2361.0,12819,9682,2513.0,14,2514.0,22,2515.0,34,2516.0,160,2517.0,3,2518.0,112,2519.0,72,2520.0,14,2521.0,11,2522.0,22,2517.0
MA410,,13:49:08.250#,2522.0,2530.0,2512.0,2717.0,2361.0,12819,9682,2513.0,14,2514.0,22,2515.0,34,2516.0,160,2517.0,4,2518.0,112,2519.0,72,2520.0,14,2521.0,11,2522.0,22,2517.0
MA410,,13:49:08.500#,2522.0,2530.0,2512.0,2717.0,2361.0,12819,9682,2513.0,14,2514.0,22,2515.0,34,2516.0,160,2517.0,4,2518.0,112,2519.0,72,2520.0,14,2521.0,11,2522.0,22,2517.0
MA410,,13:49:08.750#,2522.0,2530.0,2512.0,2717.0,2361.0,12819,9682,2513.0,14,2514.0,22,2515.0,35,2516.0,160,2517.0,4,2518.0,112,2519.0,72,2520.0,14,2521.0,11,2522.0,22,2517.0
MA410,,13:49:11.500#,2522.0,2530.0,2512.0,2717.0,2361.0,12823,9685,2512.0,25,2513.0,14,2514.0,22,2515.0,35,2516.0,161,2517.0,1,2518.0,110,2519.0,72,2520.0,14,2521.0,11,2517.0
MA410,,13:49:11.750#,2522.0,2530.0,2512.0,2717.0,2361.0,12823,9685,2512.0,26,2513.0,14,2514.0,22,2515.0,65,2516.0,131,2517.0,2,2518.0,140,2519.0,42,2520.0,14,2521.0,11,2517.0
MA410,,13:49:12.0#,2522.0,2530.0,2512.0,2717.0,2361.0,12823,9685,2512.0,26,2513.0,14,2514.0,22,2515.0,75,2516.0,121,2517.0,2,2518.0,140,2519.0,42,2520.0,14,2521.0,11,2517.0
MA410,,13:49:13.500#,2522.0,2530.0,2512.0,2717.0,2361.0,12823,9685,2512.0,26,2513.0,14,2514.0,22,2515.0,75,2516.0,121,2517.0,2,2518.0,140,2519.0,42,2520.0,14,2521.0,11,2517.0
MA410,,13:49:13.750#,2522.0,2530.0,2512.0,2717.0,2361.0,12823,9685,2512.0,26,2513.0,14,2514.0,22,2515.0,85,2516.0,111,2517.0,2,2518.0,140,2519.0,42,2520.0,14,2521.0,11,2517.0
MA410,,13:49:17.0#,2522.0,2530.0,2512.0,2717.0,2361.0,12823,9685,2512.0,26,2513.0,14,2514.0,22,2515.0,85,2516.0,111,2517.0,2,2518.0,140,2519.0,42,2520.0,14,2521.0,11,2517.0
MA410,,13:49:19.250#,2522.0,2530.0,2512.0,2717.0,2361.0,12825,9683,2512.0,26,2513.0,14,2514.0,22,2515.0,85,2516.0,130,2518.0,149,2519.0,42,2520.0,14,2521.0,11,2522.0,22,2517.0
MA410,,13:49:19.500#,2522.0,2530.0,2512.0,2717.0,2361.0,12825,9683,2512.0,26,2513.0,14,2514.0,22,2515.0,65,2516.0,150,2518.0,139,2519.0,52,2520.0,14,2521.0,11,2522.0,22,2517.0
MA410,,13:49:19.750#,2522.0,2530.0,2512.0,2717.0,2361.0,12825,9683,2513.0,14,2514.0,22,2515.0,45,2516.0,151,2517.0,1,2518.0,119,2519.0,72,2520.0,14,2521.0,11,2522.0,22,2517.0
MA410,,13:49:20.0#,2522.0,2530.0,2512.0,2717.0,2361.0,12825,9683,2513.0,14,2514.0,22,2515.0,45,2516.0,151,2517.0,2,2518.0,119,2519.0,62,2520.0,24,2521.0,11,2522.0,22,2517.0
MA410,,13:49:20.250#,2522.0,2530.0,2512.0,2717.0,2361.0,12825,9683,2513.0,14,2514.0,22,2515.0,45,2516.0,151,2517.0,2,2518.0,119,2519.0,72,2520.0,14,2521.0,11,2522.0,22,2517.0
MA410,,13:49:21.0#,2522.0,2530.0,2512.0,2717.0,2361.0,12825,9683,2513.0,14,2514.0,22,2515.0,35,2516.0,161,2517.0,2,2518.0,119,2519.0,72,2520.0,14,2521.0,11,2522.0,22,2517.0
MA410,,13:49:21.250#,2522.0,2530.0,2512.0,2717.0,2361.0,12825,9683,2513.0,14,2514.0,22,2515.0,35,2516.0,161,2517.0,1,2518.0,119,2519.0,72,2520.0,14,2521.0,11,2522.0,22,2517.0
MA410,,13:49:23.250#,2522.0,2530.0,2512.0,2717.0,2361.0,12825,9683,2513.0,14,2514.0,22,2515.0,35,2516.0,161,2517.0,1,2518.0,119,2519.0,72,2520.0,14,2521.0,11,2522.0,22,2517.0
MA410,,13:49:28.500#,2522.0,2530.0,2512.0,2717.0,2361.0,12825,9683,2513.0,14,2514.0,22,2515.0,35,2516.0,161,2517.0,1,2518.0,109,2519.0,82,2520.0,14,2521.0,11,2522.0,22,2517.0
MA410,,13:49:28.750#,2522.0,2530.0,2512.0,2717.0,2361.0,12825,9683,2513.0,14,2514.0,21,2515.0,25,2516.0,171,2517.0,2,2518.0,89,2519.0,102,2520.0,14,2521.0,11,2522.0,22,2517.0
MA410,,13:49:29.0#,2522.0,2530.0,2512.0,2717.0,2361.0,12825,9683,2513.0,14,2514.0,21,2515.0,26,2516.0,171,2517.0,2,2518.0,59,2519.0,132,2520.0,14,2521.0,11,2522.0,22,2517.0
MA410,,13:49:29.250#,2522.0,2530.0,2512.0,2717.0,2361.0,12825,9683,2513.0,14,2514.0,21,2515.0,26,2516.0,171,2517.0,2,2518.0,49,2519.0,142,2520.0,14,2521.0,11,2522.0,22,2517.0
MA410,,13:49:29.500#,2522.0,2530.0,2512.0,2717.0,2361.0,12825,9683,2513.0,14,2514.0,21,2515.0,26,2516.0,171,2517.0,2,2518.0,39,2519.0,152,2520.0,14,2521.0,11,2522.0,22,2517.0
MA410,,13:49:29.750#,2522.0,2530.0,2512.0,2717.0,2361.0,12825,9683,2513.0,14,2514.0,21,2515.0,26,2516.0,171,2517.0,1,2518.0,39,2519.0,152,2520.0,14,2521.0,11,2522.0,22,2517.0
