InstrumentId,ExchangeId,Datetime,OpenPrice,HighestPrice,LowestPrice,UpperLimitPrice,LowerLimitPrice,Volume,OpenInterest,BidPrice5,BidVolume5,BidPrice4,BidVolume4,BidPrice3,BidVolume3,BidPrice2,BidVolume2,BidPrice1,BidVolume1,AskPrice1,AskVolume1,AskPrice2,AskVolume2,AskPrice3,AskVolume3,AskPrice4,AskVolume4,AskPrice5,AskVolume5,LastPrice
MA501,,13:38:35.0#,2574.0,2580.0,2563.0,2769.0,2405.0,45089,231499,2563.0,225,2564.0,82,2565.0,96,2566.0,88,2567.0,30,2568.0,153,2569.0,53,2570.0,28,2571.0,14,2572.0,37,2567.0
MA501,,13:38:35.250#,2574.0,2580.0,2563.0,2769.0,2405.0,45089,231499,2563.0,225,2564.0,82,2565.0,97,2566.0,88,2567.0,30,2568.0,153,2569.0,54,2570.0,28,2571.0,14,2572.0,37,2567.0
MA501,,13:38:35.500#,2574.0,2580.0,2563.0,2769.0,2405.0,45089,231499,2563.0,225,2564.0,82,2565.0,97,2566.0,88,2567.0,30,2568.0,157,2569.0,54,2570.0,28,2571.0,14,2572.0,37,2567.0
MA501,,13:38:36.750#,2574.0,2580.0,2563.0,2769.0,2405.0,45089,231499,2563.0,225,2564.0,82,2565.0,97,2566.0,88,2567.0,34,2568.0,157,2569.0,54,2570.0,28,2571.0,14,2572.0,37,2567.0
MA501,,13:38:41.250#,2574.0,2580.0,2563.0,2769.0,2405.0,45097,231497,2563.0,225,2564.0,82,2565.0,97,2566.0,88,2567.0,26,2568.0,155,2569.0,54,2570.0,28,2571.0,14,2572.0,37,2567.0
MA501,,13:38:41.500#,2574.0,2580.0,2563.0,2769.0,2405.0,45100,231500,2563.0,225,2564.0,82,2565.0,97,2566.0,88,2567.0,26,2568.0,152,2569.0,54,2570.0,28,2571.0,14,2572.0,37,2567.0
MA501,,13:38:43.0#,2574.0,2580.0,2563.0,2769.0,2405.0,45100,231500,2563.0,225,2564.0,82,2565.0,97,2566.0,88,2567.0,31,2568.0,152,2569.0,54,2570.0,28,2571.0,14,2572.0,37,2567.0
MA501,,13:38:44.0#,2574.0,2580.0,2563.0,2769.0,2405.0,45104,231498,2563.0,225,2564.0,82,2565.0,97,2566.0,88,2567.0,31,2568.0,151,2569.0,54,2570.0,28,2571.0,14,2572.0,37,2568.0
MA501,,13:38:44.750#,2574.0,2580.0,2563.0,2769.0,2405.0,45104,231498,2563.0,225,2564.0,82,2565.0,97,2566.0,88,2567.0,31,2568.0,136,2569.0,54,2570.0,28,2571.0,14,2572.0,37,2568.0
MA501,,13:38:46.0#,2574.0,2580.0,2563.0,2769.0,2405.0,45104,231498,2563.0,225,2564.0,82,2565.0,97,2566.0,88,2567.0,31,2568.0,136,2569.0,54,2570.0,28,2571.0,14,2572.0,37,2568.0
MA501,,13:38:46.500#,2574.0,2580.0,2563.0,2769.0,2405.0,45104,231498,2563.0,225,2564.0,82,2565.0,97,2566.0,87,2567.0,31,2568.0,136,2569.0,54,2570.0,28,2571.0,14,2572.0,37,2568.0
MA501,,13:38:46.750#,2574.0,2580.0,2563.0,2769.0,2405.0,45104,231498,2563.0,225,2564.0,82,2565.0,97,2566.0,87,2567.0,31,2568.0,136,2569.0,54,2570.0,28,2571.0,14,2572.0,37,2568.0
MA501,,13:38:47.500#,2574.0,2580.0,2563.0,2769.0,2405.0,45104,231498,2563.0,225,2564.0,82,2565.0,97,2566.0,87,2567.0,32,2568.0,136,2569.0,54,2570.0,28,2571.0,14,2572.0,37,2568.0
MA501,,13:38:48.500#,2574.0,2580.0,2563.0,2769.0,2405.0,45104,231498,2563.0,225,2564.0,82,2565.0,97,2566.0,87,2567.0,32,2568.0,136,2569.0,54,2570.0,28,2571.0,14,2572.0,37,2568.0
MA501,,13:38:53.250#,2574.0,2580.0,2563.0,2769.0,2405.0,45106,231498,2563.0,225,2564.0,82,2565.0,97,2566.0,87,2567.0,30,2568.0,136,2569.0,54,2570.0,28,2571.0,14,2572.0,37,2567.0
MA501,,13:38:57.500#,2574.0,2580.0,2563.0,2769.0,2405.0,45106,231498,2563.0,226,2564.0,82,2565.0,97,2566.0,87,2567.0,30,2568.0,136,2569.0,54,2570.0,28,2571.0,14,2572.0,37,2567.0
MA501,,13:38:59.750#,2574.0,2580.0,2563.0,2769.0,2405.0,45106,231498,2563.0,226,2564.0,82,2565.0,97,2566.0,87,2567.0,36,2568.0,136,2569.0,54,2570.0,28,2571.0,14,2572.0,37,2567.0
MA501,,13:39:00.0#,2574.0,2580.0,2563.0,2769.0,2405.0,45106,231498,2563.0,226,2564.0,82,2565.0,97,2566.0,87,2567.0,36,2568.0,132,2569.0,54,2570.0,28,2571.0,14,2572.0,37,2567.0
MA501,,13:39:00.250#,2574.0,2580.0,2563.0,2769.0,2405.0,45106,231498,2563.0,226,2564.0,82,2565.0,97,2566.0,87,2567.0,40,2568.0,132,2569.0,54,2570.0,28,2571.0,14,2572.0,37,2567.0
MA501,,13:39:01.750#,2574.0,2580.0,2563.0,2769.0,2405.0,45106,231498,2563.0,226,2564.0,82,2565.0,97,2566.0,87,2567.0,59,2568.0,132,2569.0,54,2570.0,28,2571.0,14,2572.0,37,2567.0
MA501,,13:39:02.250#,2574.0,2580.0,2563.0,2769.0,2405.0,45118,231498,2563.0,226,2564.0,82,2565.0,97,2566.0,87,2567.0,47,2568.0,229,2569.0,54,2570.0,28,2571.0,14,2572.0,37,2567.0
MA501,,13:39:03.0#,2574.0,2580.0,2563.0,2769.0,2405.0,45118,231498,2563.0,226,2564.0,82,2565.0,97,2566.0,87,2567.0,47,2568.0,229,2569.0,54,2570.0,28,2571.0,14,2572.0,37,2567.0
MA501,,13:39:04.250#,2574.0,2580.0,2563.0,2769.0,2405.0,45118,231498,2563.0,226,2564.0,82,2565.0,97,2566.0,87,2567.0,47,2568.0,134,2569.0,54,2570.0,28,2571.0,14,2572.0,37,2567.0
MA501,,13:39:04.500#,2574.0,2580.0,2563.0,2769.0,2405.0,45118,231498,2563.0,226,2564.0,82,2565.0,97,2566.0,87,2567.0,47,2568.0,133,2569.0,54,2570.0,28,2571.0,14,2572.0,37,2567.0
MA501,,13:39:05.0#,2574.0,2580.0,2563.0,2769.0,2405.0,45118,231498,2563.0,226,2564.0,82,2565.0,97,2566.0,87,2567.0,47,2568.0,134,2569.0,54,2570.0,28,2571.0,14,2572.0,37,2567.0
MA501,,13:39:05.500#,2574.0,2580.0,2563.0,2769.0,2405.0,45118,231498,2563.0,226,2564.0,82,2565.0,97,2566.0,87,2567.0,28,2568.0,134,2569.0,54,2570.0,28,2571.0,14,2572.0,37,2567.0
MA501,,13:39:06.250#,2574.0,2580.0,2563.0,2769.0,2405.0,45118,231498,2563.0,226,2564.0,82,2565.0,97,2566.0,87,2567.0,24,2568.0,134,2569.0,54,2570.0,28,2571.0,14,2572.0,37,2567.0
MA501,,13:39:06.500#,2574.0,2580.0,2563.0,2769.0,2405.0,45144,231495,2562.0,200,2563.0,226,2564.0,82,2565.0,97,2566.0,107,2568.0,132,2569.0,54,2570.0,28,2571.0,14,2572.0,37,2567.0
MA501,,13:39:06.750#,2574.0,2580.0,2563.0,2769.0,2405.0,45144,231495,2562.0,200,2563.0,226,2564.0,82,2565.0,97,2566.0,108,2568.0,132,2569.0,54,2570.0,28,2571.0,14,2572.0,37,2567.0
MA501,,13:39:07.0#,2574.0,2580.0,2563.0,2769.0,2405.0,45144,231495,2562.0,200,2563.0,226,2564.0,82,2565.0,97,2566.0,108,2568.0,162,2569.0,54,2570.0,28,2571.0,14,2572.0,37,2567.0
MA501,,13:39:07.500#,2574.0,2580.0,2563.0,2769.0,2405.0,45144,231495,2563.0,226,2564.0,82,2565.0,97,2566.0,88,2567.0,1,2568.0,162,2569.0,54,2570.0,28,2571.0,14,2572.0,37,2567.0
MA501,,13:39:07.750#,2574.0,2580.0,2563.0,2769.0,2405.0,45144,231495,2563.0,226,2564.0,82,2565.0,97,2566.0,88,2567.0,1,2568.0,162,2569.0,54,2570.0,28,2571.0,14,2572.0,37,2567.0
MA501,,13:39:08.0#,2574.0,2580.0,2563.0,2769.0,2405.0,45145,231495,2562.0,200,2563.0,226,2564.0,82,2565.0,97,2566.0,108,2568.0,177,2569.0,54,2570.0,28,2571.0,14,2572.0,37,2567.0
MA501,,13:39:08.250#,2574.0,2580.0,2563.0,2769.0,2405.0,45145,231495,2562.0,200,2563.0,226,2564.0,82,2565.0,97,2566.0,108,2568.0,177,2569.0,54,2570.0,28,2571.0,14,2572.0,37,2567.0
MA501,,13:39:11.250#,2574.0,2580.0,2563.0,2769.0,2405.0,45145,231495,2562.0,200,2563.0,226,2564.0,82,2565.0,97,2566.0,108,2568.0,178,2569.0,54,2570.0,28,2571.0,14,2572.0,37,2567.0
MA501,,13:39:12.0#,2574.0,2580.0,2563.0,2769.0,2405.0,45145,231495,2562.0,200,2563.0,226,2564.0,82,2565.0,97,2566.0,109,2568.0,178,2569.0,54,2570.0,28,2571.0,14,2572.0,37,2567.0
MA501,,13:39:15.0#,2574.0,2580.0,2563.0,2769.0,2405.0,45145,231495,2562.0,200,2563.0,226,2564.0,82,2565.0,97,2566.0,109,2567.0,3,2568.0,175,2569.0,54,2570.0,28,2571.0,14,2567.0
MA501,,13:39:15.250#,2574.0,2580.0,2563.0,2769.0,2405.0,45145,231495,2562.0,200,2563.0,226,2564.0,82,2565.0,97,2566.0,109,2567.0,11,2568.0,184,2569.0,54,2570.0,28,2571.0,14,2567.0
MA501,,13:39:15.500#,2574.0,2580.0,2563.0,2769.0,2405.0,45145,231495,2562.0,200,2563.0,226,2564.0,82,2565.0,97,2566.0,109,2567.0,52,2568.0,184,2569.0,54,2570.0,28,2571.0,14,2567.0
MA501,,13:39:15.750#,2574.0,2580.0,2563.0,2769.0,2405.0,45145,231495,2562.0,200,2563.0,226,2564.0,82,2565.0,97,2566.0,109,2567.0,56,2568.0,184,2569.0,54,2570.0,28,2571.0,14,2567.0
MA501,,13:39:16.0#,2574.0,2580.0,2563.0,2769.0,2405.0,45145,231495,2562.0,200,2563.0,226,2564.0,82,2565.0,97,2566.0,109,2567.0,53,2568.0,184,2569.0,54,2570.0,28,2571.0,14,2567.0
MA501,,13:39:16.250#,2574.0,2580.0,2563.0,2769.0,2405.0,45145,231495,2562.0,200,2563.0,226,2564.0,82,2565.0,97,2566.0,109,2567.0,57,2568.0,184,2569.0,54,2570.0,28,2571.0,14,2567.0
MA501,,13:39:20.500#,2574.0,2580.0,2563.0,2769.0,2405.0,45146,231496,2562.0,200,2563.0,226,2564.0,82,2565.0,97,2566.0,109,2567.0,56,2568.0,184,2569.0,54,2570.0,28,2571.0,14,2567.0
MA501,,13:39:20.750#,2574.0,2580.0,2563.0,2769.0,2405.0,45146,231496,2562.0,200,2563.0,226,2564.0,82,2565.0,97,2566.0,109,2567.0,56,2568.0,184,2569.0,54,2570.0,28,2571.0,14,2567.0
MA501,,13:39:21.500#,2574.0,2580.0,2563.0,2769.0,2405.0,45152,231500,2562.0,200,2563.0,226,2564.0,82,2565.0,97,2566.0,103,2567.0,50,2568.0,184,2569.0,54,2570.0,28,2571.0,14,2567.0
MA501,,13:39:21.750#,2574.0,2580.0,2563.0,2769.0,2405.0,45152,231500,2562.0,200,2563.0,226,2564.0,82,2565.0,97,2566.0,103,2567.0,48,2568.0,184,2569.0,54,2570.0,28,2571.0,14,2567.0
MA501,,13:39:22.0#,2574.0,2580.0,2563.0,2769.0,2405.0,45152,231500,2562.0,200,2563.0,226,2564.0,82,2565.0,97,2566.0,103,2567.0,49,2568.0,184,2569.0,54,2570.0,28,2571.0,14,2567.0
MA501,,13:39:23.500#,2574.0,2580.0,2563.0,2769.0,2405.0,45154,231500,2562.0,200,2563.0,226,2564.0,82,2565.0,97,2566.0,101,2567.0,47,2568.0,184,2569.0,54,2570.0,28,2571.0,14,2567.0
MA501,,13:39:23.750#,2574.0,2580.0,2563.0,2769.0,2405.0,45155,231499,2562.0,200,2563.0,226,2564.0,82,2565.0,97,2566.0,101,2567.0,43,2568.0,184,2569.0,54,2570.0,28,2571.0,14,2567.0
MA501,,13:39:24.0#,2574.0,2580.0,2563.0,2769.0,2405.0,45155,231499,2562.0,200,2563.0,226,2564.0,82,2565.0,97,2566.0,101,2567.0,45,2568.0,184,2569.0,54,2570.0,28,2571.0,14,2567.0
MA501,,13:39:24.250#,2574.0,2580.0,2563.0,2769.0,2405.0,45155,231499,2562.0,200,2563.0,226,2564.0,82,2565.0,97,2566.0,101,2567.0,46,2568.0,184,2569.0,54,2570.0,28,2571.0,14,2567.0
MA501,,13:39:24.500#,2574.0,2580.0,2563.0,2769.0,2405.0,45156,231499,2562.0,200,2563.0,226,2564.0,82,2565.0,97,2566.0,100,2567.0,45,2568.0,184,2569.0,54,2570.0,28,2571.0,14,2567.0
MA501,,13:39:24.750#,2574.0,2580.0,2563.0,2769.0,2405.0,45156,231499,2562.0,200,2563.0,226,2564.0,82,2565.0,97,2566.0,100,2567.0,44,2568.0,184,2569.0,54,2570.0,28,2571.0,14,2567.0
MA501,,13:39:26.250#,2574.0,2580.0,2563.0,2769.0,2405.0,45156,231499,2562.0,200,2563.0,226,2564.0,82,2565.0,97,2566.0,100,2567.0,44,2568.0,184,2569.0,54,2570.0,28,2571.0,14,2567.0
MA501,,13:39:26.500#,2574.0,2580.0,2563.0,2769.0,2405.0,45157,231499,2562.0,200,2563.0,226,2564.0,82,2565.0,97,2566.0,99,2567.0,43,2568.0,184,2569.0,54,2570.0,28,2571.0,14,2567.0
MA501,,13:39:27.0#,2574.0,2580.0,2563.0,2769.0,2405.0,45157,231499,2562.0,200,2563.0,226,2564.0,82,2565.0,97,2566.0,118,2567.0,43,2568.0,184,2569.0,54,2570.0,28,2571.0,14,2567.0
MA501,,13:39:27.250#,2574.0,2580.0,2563.0,2769.0,2405.0,45157,231499,2562.0,200,2563.0,226,2564.0,82,2565.0,97,2566.0,118,2567.0,44,2568.0,184,2569.0,54,2570.0,28,2571.0,14,2567.0
MA501,,13:39:27.500#,2574.0,2580.0,2563.0,2769.0,2405.0,45157,231499,2562.0,200,2563.0,226,2564.0,82,2565.0,97,2566.0,118,2567.0,43,2568.0,184,2569.0,54,2570.0,28,2571.0,14,2567.0
MA501,,13:39:28.0#,2574.0,2580.0,2563.0,2769.0,2405.0,45157,231499,2562.0,200,2563.0,226,2564.0,82,2565.0,97,2566.0,118,2567.0,42,2568.0,184,2569.0,54,2570.0,28,2571.0,14,2567.0
MA501,,13:39:28.250#,2574.0,2580.0,2563.0,2769.0,2405.0,45157,231499,2562.0,200,2563.0,226,2564.0,82,2565.0,97,2566.0,118,2567.0,44,2568.0,184,2569.0,54,2570.0,28,2571.0,14,2567.0
MA501,,13:39:28.500#,2574.0,2580.0,2563.0,2769.0,2405.0,45159,231497,2562.0,200,2563.0,226,2564.0,82,2565.0,97,2566.0,118,2567.0,42,2568.0,184,2569.0,54,2570.0,28,2571.0,14,2567.0
MA501,,13:39:29.0#,2574.0,2580.0,2563.0,2769.0,2405.0,45159,231497,2562.0,200,2563.0,226,2564.0,82,2565.0,87,2566.0,118,2567.0,42,2568.0,184,2569.0,54,2570.0,28,2571.0,14,2567.0
MA501,,13:39:29.250#,2574.0,2580.0,2563.0,2769.0,2405.0,45159,231497,2562.0,200,2563.0,226,2564.0,82,2565.0,97,2566.0,118,2567.0,42,2568.0,184,2569.0,54,2570.0,28,2571.0,14,2567.0
MA501,,13:39:30.750#,2574.0,2580.0,2563.0,2769.0,2405.0,45161,231497,2562.0,200,2563.0,226,2564.0,82,2565.0,97,2566.0,116,2567.0,40,2568.0,184,2569.0,54,2570.0,28,2571.0,14,2567.0
MA501,,13:39:31.0#,2574.0,2580.0,2563.0,2769.0,2405.0,45179,231492,2562.0,200,2563.0,226,2564.0,82,2565.0,97,2566.0,129,2567.0,22,2568.0,184,2569.0,54,2570.0,28,2571.0,14,2567.0
MA501,,13:39:31.250#,2574.0,2580.0,2563.0,2769.0,2405.0,45179,231492,2562.0,200,2563.0,226,2564.0,82,2565.0,97,2566.0,129,2567.0,18,2568.0,184,2569.0,54,2570.0,28,2571.0,14,2567.0
MA501,,13:39:31.500#,2574.0,2580.0,2563.0,2769.0,2405.0,45179,231492,2562.0,200,2563.0,226,2564.0,82,2565.0,97,2566.0,129,2567.0,42,2568.0,184,2569.0,54,2570.0,28,2571.0,14,2567.0
MA501,,13:39:32.0#,2574.0,2580.0,2563.0,2769.0,2405.0,45194,231477,2562.0,200,2563.0,226,2564.0,82,2565.0,97,2566.0,114,2567.0,27,2568.0,184,2569.0,54,2570.0,28,2571.0,14,2567.0
MA501,,13:39:32.250#,2574.0,2580.0,2563.0,2769.0,2405.0,45220,231462,2562.0,200,2563.0,226,2564.0,82,2565.0,97,2566.0,108,2567.0,14,2568.0,184,2569.0,54,2570.0,28,2571.0,14,2567.0
MA501,,13:39:32.750#,2574.0,2580.0,2563.0,2769.0,2405.0,45220,231462,2562.0,200,2563.0,226,2564.0,82,2565.0,97,2566.0,108,2567.0,38,2568.0,184,2569.0,54,2570.0,28,2571.0,14,2567.0
MA501,,13:39:33.0#,2574.0,2580.0,2563.0,2769.0,2405.0,45220,231462,2562.0,200,2563.0,226,2564.0,82,2565.0,97,2566.0,108,2567.0,42,2568.0,184,2569.0,54,2570.0,28,2571.0,14,2567.0
MA501,,13:39:34.0#,2574.0,2580.0,2563.0,2769.0,2405.0,45221,231462,2562.0,200,2563.0,226,2564.0,82,2565.0,97,2566.0,107,2567.0,41,2568.0,184,2569.0,54,2570.0,28,2571.0,14,2567.0
MA501,,13:39:34.250#,2574.0,2580.0,2563.0,2769.0,2405.0,45221,231462,2562.0,200,2563.0,226,2564.0,82,2565.0,97,2566.0,107,2567.0,41,2568.0,87,2569.0,54,2570.0,28,2571.0,14,2567.0
MA501,,13:39:35.750#,2574.0,2580.0,2563.0,2769.0,2405.0,45221,231462,2562.0,200,2563.0,226,2564.0,82,2565.0,97,2566.0,107,2567.0,41,2568.0,87,2569.0,54,2570.0,28,2571.0,14,2567.0
MA501,,13:39:36.750#,2574.0,2580.0,2563.0,2769.0,2405.0,45223,231462,2562.0,200,2563.0,226,2564.0,82,2565.0,97,2566.0,105,2567.0,39,2568.0,87,2569.0,54,2570.0,28,2571.0,14,2567.0
MA501,,13:39:37.750#,2574.0,2580.0,2563.0,2769.0,2405.0,45224,231462,2562.0,200,2563.0,226,2564.0,82,2565.0,97,2566.0,104,2567.0,38,2568.0,87,2569.0,54,2570.0,28,2571.0,14,2567.0
MA501,,13:39:42.250#,2574.0,2580.0,2563.0,2769.0,2405.0,45224,231462,2562.0,200,2563.0,226,2564.0,82,2565.0,97,2566.0,104,2567.0,42,2568.0,87,2569.0,54,2570.0,28,2571.0,14,2567.0
MA501,,13:39:42.500#,2574.0,2580.0,2563.0,2769.0,2405.0,45224,231462,2562.0,200,2563.0,226,2564.0,82,2565.0,97,2566.0,104,2567.0,42,2568.0,87,2569.0,54,2570.0,28,2571.0,14,2567.0
MA501,,13:39:43.250#,2574.0,2580.0,2563.0,2769.0,2405.0,45224,231462,2562.0,200,2563.0,226,2564.0,82,2565.0,97,2566.0,106,2567.0,42,2568.0,87,2569.0,54,2570.0,28,2571.0,14,2567.0
MA501,,13:39:43.750#,2574.0,2580.0,2563.0,2769.0,2405.0,45225,231461,2562.0,200,2563.0,226,2564.0,82,2565.0,97,2566.0,105,2567.0,42,2568.0,87,2569.0,54,2570.0,28,2571.0,14,2566.0
MA501,,13:39:44.0#,2574.0,2580.0,2563.0,2769.0,2405.0,45226,231461,2562.0,200,2563.0,226,2564.0,82,2565.0,97,2566.0,104,2567.0,41,2568.0,87,2569.0,54,2570.0,28,2571.0,14,2567.0
MA501,,13:39:46.250#,2574.0,2580.0,2563.0,2769.0,2405.0,45236,231461,2562.0,200,2563.0,226,2564.0,82,2565.0,97,2566.0,130,2567.0,31,2568.0,87,2569.0,54,2570.0,28,2571.0,14,2567.0
MA501,,13:39:46.500#,2574.0,2580.0,2563.0,2769.0,2405.0,45241,231461,2562.0,200,2563.0,226,2564.0,82,2565.0,97,2566.0,125,2567.0,27,2568.0,87,2569.0,54,2570.0,28,2571.0,14,2567.0
MA501,,13:39:46.750#,2574.0,2580.0,2563.0,2769.0,2405.0,45241,231461,2562.0,200,2563.0,226,2564.0,82,2565.0,97,2566.0,125,2567.0,49,2568.0,87,2569.0,54,2570.0,28,2571.0,14,2567.0
MA501,,13:39:47.0#,2574.0,2580.0,2563.0,2769.0,2405.0,45241,231461,2562.0,200,2563.0,226,2564.0,82,2565.0,97,2566.0,125,2567.0,51,2568.0,87,2569.0,54,2570.0,28,2571.0,14,2567.0
MA501,,13:39:48.0#,2574.0,2580.0,2563.0,2769.0,2405.0,45242,231461,2562.0,200,2563.0,226,2564.0,82,2565.0,97,2566.0,124,2567.0,50,2568.0,87,2569.0,54,2570.0,28,2571.0,14,2567.0
MA501,,13:39:48.250#,2574.0,2580.0,2563.0,2769.0,2405.0,45245,231461,2562.0,200,2563.0,226,2564.0,82,2565.0,97,2566.0,121,2567.0,43,2568.0,87,2569.0,54,2570.0,28,2571.0,14,2567.0
MA501,,13:39:51.250#,2574.0,2580.0,2563.0,2769.0,2405.0,45255,231461,2562.0,200,2563.0,226,2564.0,82,2565.0,97,2566.0,111,2567.0,33,2568.0,87,2569.0,54,2570.0,28,2571.0,14,2567.0
MA501,,13:39:53.250#,2574.0,2580.0,2563.0,2769.0,2405.0,45257,231461,2562.0,200,2563.0,226,2564.0,82,2565.0,97,2566.0,109,2567.0,31,2568.0,87,2569.0,54,2570.0,28,2571.0,14,2567.0
MA501,,13:39:54.250#,2574.0,2580.0,2563.0,2769.0,2405.0,45257,231461,2562.0,200,2563.0,226,2564.0,82,2565.0,97,2566.0,110,2567.0,31,2568.0,87,2569.0,54,2570.0,28,2571.0,14,2567.0
MA501,,13:39:54.750#,2574.0,2580.0,2563.0,2769.0,2405.0,45257,231461,2562.0,200,2563.0,226,2564.0,82,2565.0,97,2566.0,110,2567.0,31,2568.0,87,2569.0,54,2570.0,28,2571.0,14,2567.0
MA501,,13:39:56.500#,2574.0,2580.0,2563.0,2769.0,2405.0,45261,231461,2562.0,200,2563.0,226,2564.0,82,2565.0,97,2566.0,106,2567.0,27,2568.0,87,2569.0,54,2570.0,28,2571.0,14,2567.0
MA501,,13:39:56.750#,2574.0,2580.0,2563.0,2769.0,2405.0,45261,231461,2562.0,200,2563.0,226,2564.0,82,2565.0,97,2566.0,106,2567.0,31,2568.0,87,2569.0,54,2570.0,28,2571.0,14,2567.0
MA501,,13:39:57.500#,2574.0,2580.0,2563.0,2769.0,2405.0,45262,231461,2562.0,200,2563.0,226,2564.0,82,2565.0,97,2566.0,105,2567.0,30,2568.0,87,2569.0,54,2570.0,28,2571.0,14,2567.0
MA501,,13:39:57.750#,2574.0,2580.0,2563.0,2769.0,2405.0,45262,231461,2562.0,200,2563.0,226,2564.0,82,2565.0,97,2566.0,105,2567.0,26,2568.0,87,2569.0,54,2570.0,28,2571.0,14,2567.0
MA501,,13:39:58.0#,2574.0,2580.0,2563.0,2769.0,2405.0,45262,231461,2562.0,200,2563.0,226,2564.0,82,2565.0,97,2566.0,105,2567.0,26,2568.0,87,2569.0,54,2570.0,28,2571.0,14,2567.0
MA501,,13:39:58.500#,2574.0,2580.0,2563.0,2769.0,2405.0,45263,231461,2562.0,200,2563.0,226,2564.0,82,2565.0,97,2566.0,104,2567.0,25,2568.0,87,2569.0,54,2570.0,28,2571.0,14,2567.0
MA501,,13:39:58.750#,2574.0,2580.0,2563.0,2769.0,2405.0,45264,231462,2562.0,200,2563.0,226,2564.0,82,2565.0,97,2566.0,103,2567.0,24,2568.0,87,2569.0,54,2570.0,28,2571.0,14,2567.0
MA501,,13:39:59.0#,2574.0,2580.0,2563.0,2769.0,2405.0,45267,231462,2562.0,200,2563.0,226,2564.0,82,2565.0,97,2566.0,100,2567.0,21,2568.0,87,2569.0,54,2570.0,28,2571.0,14,2567.0
MA501,,13:39:59.250#,2574.0,2580.0,2563.0,2769.0,2405.0,45270,231462,2562.0,200,2563.0,226,2564.0,82,2565.0,97,2566.0,100,2567.0,38,2568.0,87,2569.0,54,2570.0,28,2571.0,14,2567.0
MA501,,13:39:59.500#,2574.0,2580.0,2563.0,2769.0,2405.0,45270,231462,2562.0,200,2563.0,226,2564.0,82,2565.0,97,2566.0,100,2567.0,46,2568.0,87,2569.0,54,2570.0,28,2571.0,14,2567.0
MA501,,13:39:59.750#,2574.0,2580.0,2563.0,2769.0,2405.0,45270,231462,2562.0,200,2563.0,226,2564.0,82,2565.0,97,2566.0,106,2567.0,46,2568.0,87,2569.0,54,2570.0,28,2571.0,14,2567.0
MA501,,13:40:00.0#,2574.0,2580.0,2563.0,2769.0,2405.0,45271,231462,2562.0,200,2563.0,226,2564.0,82,2565.0,97,2566.0,110,2567.0,45,2568.0,87,2569.0,54,2570.0,28,2571.0,14,2567.0
MA501,,13:40:00.250#,2574.0,2580.0,2563.0,2769.0,2405.0,45272,231461,2562.0,200,2563.0,226,2564.0,82,2565.0,97,2566.0,109,2567.0,42,2568.0,87,2569.0,54,2570.0,28,2571.0,14,2567.0
MA501,,13:40:00.500#,2574.0,2580.0,2563.0,2769.0,2405.0,45272,231461,2562.0,200,2563.0,226,2564.0,82,2565.0,97,2566.0,109,2567.0,46,2568.0,87,2569.0,54,2570.0,28,2571.0,14,2567.0
MA501,,13:40:00.750#,2574.0,2580.0,2563.0,2769.0,2405.0,45292,231447,2562.0,200,2563.0,226,2564.0,82,2565.0,97,2566.0,145,2567.0,26,2568.0,87,2569.0,54,2570.0,28,2571.0,14,2567.0
MA501,,13:40:01.0#,2574.0,2580.0,2563.0,2769.0,2405.0,45292,231447,2562.0,200,2563.0,226,2564.0,82,2565.0,97,2566.0,145,2567.0,29,2568.0,87,2569.0,54,2570.0,28,2571.0,14,2567.0
MA501,,13:40:01.250#,2574.0,2580.0,2563.0,2769.0,2405.0,45292,231447,2562.0,200,2563.0,226,2564.0,82,2565.0,97,2566.0,145,2567.0,47,2568.0,87,2569.0,54,2570.0,28,2571.0,14,2567.0
MA501,,13:40:01.500#,2574.0,2580.0,2563.0,2769.0,2405.0,45292,231447,2562.0,200,2563.0,226,2564.0,82,2565.0,97,2566.0,145,2567.0,51,2568.0,87,2569.0,54,2570.0,28,2571.0,14,2567.0
MA501,,13:40:01.750#,2574.0,2580.0,2563.0,2769.0,2405.0,45319,231452,2562.0,200,2563.0,226,2564.0,82,2565.0,97,2566.0,118,2567.0,24,2568.0,87,2569.0,54,2570.0,28,2571.0,14,2567.0
MA501,,13:40:02.250#,2574.0,2580.0,2563.0,2769.0,2405.0,45343,231444,2562.0,200,2563.0,226,2564.0,82,2565.0,97,2566.0,94,2567.0,46,2568.0,87,2569.0,54,2570.0,28,2571.0,14,2567.0
MA501,,13:40:02.500#,2574.0,2580.0,2563.0,2769.0,2405.0,45343,231444,2562.0,200,2563.0,226,2564.0,82,2565.0,97,2566.0,94,2567.0,42,2568.0,87,2569.0,54,2570.0,28,2571.0,14,2567.0
MA501,,13:40:02.750#,2574.0,2580.0,2563.0,2769.0,2405.0,45343,231444,2562.0,200,2563.0,226,2564.0,82,2565.0,97,2566.0,113,2567.0,53,2568.0,87,2569.0,54,2570.0,28,2571.0,14,2567.0
MA501,,13:40:03.0#,2574.0,2580.0,2563.0,2769.0,2405.0,45343,231444,2562.0,200,2563.0,226,2564.0,82,2565.0,97,2566.0,113,2567.0,53,2568.0,87,2569.0,54,2570.0,28,2571.0,14,2567.0
MA501,,13:40:04.0#,2574.0,2580.0,2563.0,2769.0,2405.0,45343,231444,2562.0,200,2563.0,226,2564.0,82,2565.0,97,2566.0,113,2567.0,54,2568.0,87,2569.0,54,2570.0,28,2571.0,14,2567.0
MA501,,13:40:04.250#,2574.0,2580.0,2563.0,2769.0,2405.0,45343,231444,2562.0,200,2563.0,226,2564.0,82,2565.0,97,2566.0,113,2567.0,58,2568.0,87,2569.0,54,2570.0,28,2571.0,14,2567.0
MA501,,13:40:04.500#,2574.0,2580.0,2563.0,2769.0,2405.0,45343,231444,2562.0,200,2563.0,226,2564.0,82,2565.0,97,2566.0,113,2567.0,58,2568.0,86,2569.0,54,2570.0,28,2571.0,14,2567.0
MA501,,13:40:05.0#,2574.0,2580.0,2563.0,2769.0,2405.0,45348,231444,2562.0,200,2563.0,226,2564.0,82,2565.0,97,2566.0,113,2567.0,53,2568.0,86,2569.0,54,2570.0,28,2571.0,14,2567.0
MA501,,13:40:05.500#,2574.0,2580.0,2563.0,2769.0,2405.0,45349,231444,2562.0,200,2563.0,226,2564.0,82,2565.0,97,2566.0,117,2567.0,53,2568.0,86,2569.0,54,2570.0,28,2571.0,14,2567.0
MA501,,13:40:05.750#,2574.0,2580.0,2563.0,2769.0,2405.0,45349,231444,2562.0,200,2563.0,226,2564.0,82,2565.0,97,2566.0,117,2567.0,51,2568.0,86,2569.0,54,2570.0,28,2571.0,14,2567.0
MA501,,13:40:06.0#,2574.0,2580.0,2563.0,2769.0,2405.0,45349,231444,2562.0,200,2563.0,226,2564.0,82,2565.0,97,2566.0,117,2567.0,53,2568.0,86,2569.0,54,2570.0,28,2571.0,14,2567.0
MA501,,13:40:07.750#,2574.0,2580.0,2563.0,2769.0,2405.0,45350,231444,2562.0,200,2563.0,226,2564.0,82,2565.0,97,2566.0,117,2567.0,52,2568.0,86,2569.0,54,2570.0,28,2571.0,14,2567.0
MA501,,13:40:08.0#,2574.0,2580.0,2563.0,2769.0,2405.0,45350,231444,2562.0,200,2563.0,226,2564.0,82,2565.0,97,2566.0,117,2567.0,48,2568.0,86,2569.0,54,2570.0,28,2571.0,14,2567.0
MA501,,13:40:08.250#,2574.0,2580.0,2563.0,2769.0,2405.0,45350,231444,2562.0,200,2563.0,226,2564.0,82,2565.0,97,2566.0,117,2567.0,50,2568.0,86,2569.0,54,2570.0,28,2571.0,14,2567.0
MA501,,13:40:08.500#,2574.0,2580.0,2563.0,2769.0,2405.0,45350,231444,2562.0,200,2563.0,226,2564.0,82,2565.0,97,2566.0,117,2567.0,52,2568.0,86,2569.0,54,2570.0,28,2571.0,14,2567.0
MA501,,13:40:09.0#,2574.0,2580.0,2563.0,2769.0,2405.0,45350,231444,2562.0,200,2563.0,226,2564.0,82,2565.0,97,2566.0,118,2567.0,52,2568.0,86,2569.0,54,2570.0,28,2571.0,14,2567.0
MA501,,13:40:09.250#,2574.0,2580.0,2563.0,2769.0,2405.0,45350,231444,2562.0,200,2563.0,226,2564.0,82,2565.0,97,2566.0,118,2567.0,48,2568.0,86,2569.0,54,2570.0,28,2571.0,14,2567.0
MA501,,13:40:10.500#,2574.0,2580.0,2563.0,2769.0,2405.0,45350,231444,2562.0,200,2563.0,226,2564.0,82,2565.0,97,2566.0,119,2567.0,48,2568.0,86,2569.0,54,2570.0,28,2571.0,14,2567.0
MA501,,13:40:10.750#,2574.0,2580.0,2563.0,2769.0,2405.0,45350,231444,2562.0,200,2563.0,226,2564.0,82,2565.0,97,2566.0,119,2567.0,52,2568.0,86,2569.0,54,2570.0,28,2571.0,14,2567.0
MA501,,13:40:11.500#,2574.0,2580.0,2563.0,2769.0,2405.0,45351,231443,2562.0,200,2563.0,226,2564.0,82,2565.0,97,2566.0,119,2567.0,51,2568.0,86,2569.0,54,2570.0,28,2571.0,14,2567.0
MA501,,13:40:11.750#,2574.0,2580.0,2563.0,2769.0,2405.0,45351,231443,2562.0,200,2563.0,226,2564.0,82,2565.0,97,2566.0,119,2567.0,47,2568.0,86,2569.0,54,2570.0,28,2571.0,14,2567.0
MA501,,13:40:12.0#,2574.0,2580.0,2563.0,2769.0,2405.0,45352,231443,2562.0,200,2563.0,226,2564.0,82,2565.0,97,2566.0,118,2567.0,50,2568.0,86,2569.0,54,2570.0,28,2571.0,14,2567.0
MA501,,13:40:12.250#,2574.0,2580.0,2563.0,2769.0,2405.0,45354,231441,2562.0,200,2563.0,226,2564.0,82,2565.0,97,2566.0,118,2567.0,49,2568.0,86,2569.0,54,2570.0,28,2571.0,14,2567.0
MA501,,13:40:13.0#,2574.0,2580.0,2563.0,2769.0,2405.0,45354,231441,2562.0,200,2563.0,226,2564.0,82,2565.0,97,2566.0,123,2567.0,49,2568.0,86,2569.0,54,2570.0,28,2571.0,14,2567.0
MA501,,13:40:14.250#,2574.0,2580.0,2563.0,2769.0,2405.0,45358,231441,2562.0,200,2563.0,226,2564.0,82,2565.0,97,2566.0,124,2567.0,45,2568.0,86,2569.0,54,2570.0,28,2571.0,14,2567.0
MA501,,13:40:14.500#,2574.0,2580.0,2563.0,2769.0,2405.0,45358,231441,2562.0,200,2563.0,226,2564.0,82,2565.0,97,2566.0,124,2567.0,41,2568.0,86,2569.0,54,2570.0,28,2571.0,14,2567.0
MA501,,13:40:14.750#,2574.0,2580.0,2563.0,2769.0,2405.0,45358,231441,2562.0,200,2563.0,226,2564.0,82,2565.0,97,2566.0,124,2567.0,45,2568.0,86,2569.0,54,2570.0,28,2571.0,14,2567.0
MA501,,13:40:18.250#,2574.0,2580.0,2563.0,2769.0,2405.0,45358,231441,2562.0,200,2563.0,226,2564.0,82,2565.0,97,2566.0,124,2567.0,44,2568.0,86,2569.0,54,2570.0,28,2571.0,14,2567.0
MA501,,13:40:18.500#,2574.0,2580.0,2563.0,2769.0,2405.0,45359,231440,2562.0,200,2563.0,226,2564.0,82,2565.0,97,2566.0,124,2567.0,39,2568.0,86,2569.0,54,2570.0,28,2571.0,14,2567.0
MA501,,13:40:19.0#,2574.0,2580.0,2563.0,2769.0,2405.0,45359,231440,2562.0,200,2563.0,227,2564.0,82,2565.0,97,2566.0,124,2567.0,39,2568.0,86,2569.0,54,2570.0,28,2571.0,14,2567.0
MA501,,13:40:22.250#,2574.0,2580.0,2563.0,2769.0,2405.0,45359,231440,2562.0,200,2563.0,227,2564.0,82,2565.0,97,2566.0,124,2567.0,9,2568.0,86,2569.0,54,2570.0,28,2571.0,14,2567.0
MA501,,13:40:22.750#,2574.0,2580.0,2563.0,2769.0,2405.0,45359,231440,2562.0,200,2563.0,227,2564.0,82,2565.0,97,2566.0,124,2567.0,9,2568.0,86,2569.0,55,2570.0,28,2571.0,14,2567.0
MA501,,13:40:23.250#,2574.0,2580.0,2563.0,2769.0,2405.0,45364,231440,2562.0,200,2563.0,227,2564.0,82,2565.0,97,2566.0,124,2567.0,4,2568.0,86,2569.0,55,2570.0,28,2571.0,14,2567.0
MA501,,13:40:23.500#,2574.0,2580.0,2563.0,2769.0,2405.0,45364,231440,2562.0,200,2563.0,227,2564.0,82,2565.0,97,2566.0,124,2567.0,4,2568.0,86,2569.0,55,2570.0,28,2571.0,14,2567.0
MA501,,13:40:24.0#,2574.0,2580.0,2563.0,2769.0,2405.0,45364,231440,2562.0,200,2563.0,227,2564.0,82,2565.0,97,2566.0,124,2567.0,13,2568.0,86,2569.0,55,2570.0,28,2571.0,14,2567.0
MA501,,13:40:25.500#,2574.0,2580.0,2563.0,2769.0,2405.0,45364,231440,2562.0,200,2563.0,227,2564.0,82,2565.0,97,2566.0,124,2567.0,14,2568.0,86,2569.0,55,2570.0,28,2571.0,14,2567.0
MA501,,13:40:26.500#,2574.0,2580.0,2563.0,2769.0,2405.0,45364,231440,2562.0,200,2563.0,227,2564.0,82,2565.0,97,2566.0,124,2567.0,13,2568.0,86,2569.0,55,2570.0,28,2571.0,14,2567.0
MA501,,13:40:27.500#,2574.0,2580.0,2563.0,2769.0,2405.0,45364,231440,2562.0,200,2563.0,227,2564.0,82,2565.0,97,2566.0,129,2567.0,13,2568.0,86,2569.0,55,2570.0,28,2571.0,14,2567.0
MA501,,13:40:31.500#,2574.0,2580.0,2563.0,2769.0,2405.0,45364,231440,2562.0,200,2563.0,227,2564.0,82,2565.0,97,2566.0,130,2567.0,13,2568.0,86,2569.0,55,2570.0,28,2571.0,14,2567.0
MA501,,13:40:32.250#,2574.0,2580.0,2563.0,2769.0,2405.0,45377,231435,2562.0,200,2563.0,227,2564.0,82,2565.0,97,2566.0,124,2567.0,66,2568.0,86,2569.0,55,2570.0,28,2571.0,14,2566.0
MA501,,13:40:32.500#,2574.0,2580.0,2563.0,2769.0,2405.0,45377,231435,2562.0,200,2563.0,227,2564.0,82,2565.0,97,2566.0,124,2567.0,83,2568.0,86,2569.0,55,2570.0,28,2571.0,14,2566.0
MA501,,13:40:34.250#,2574.0,2580.0,2563.0,2769.0,2405.0,45377,231435,2562.0,200,2563.0,227,2564.0,82,2565.0,97,2566.0,124,2567.0,81,2568.0,86,2569.0,55,2570.0,28,2571.0,14,2566.0
MA501,,13:40:35.0#,2574.0,2580.0,2563.0,2769.0,2405.0,45377,231435,2562.0,200,2563.0,227,2564.0,82,2565.0,97,2566.0,124,2567.0,81,2568.0,86,2569.0,55,2570.0,28,2571.0,14,2566.0
MA501,,13:40:36.0#,2574.0,2580.0,2563.0,2769.0,2405.0,45377,231435,2562.0,200,2563.0,227,2564.0,82,2565.0,98,2566.0,124,2567.0,81,2568.0,86,2569.0,55,2570.0,28,2571.0,14,2566.0
MA501,,13:40:36.250#,2574.0,2580.0,2563.0,2769.0,2405.0,45377,231435,2562.0,200,2563.0,227,2564.0,82,2565.0,98,2566.0,124,2567.0,78,2568.0,86,2569.0,55,2570.0,28,2571.0,14,2566.0
MA501,,13:40:37.750#,2574.0,2580.0,2563.0,2769.0,2405.0,45377,231435,2562.0,200,2563.0,227,2564.0,82,2565.0,98,2566.0,124,2567.0,81,2568.0,86,2569.0,55,2570.0,28,2571.0,14,2566.0
MA501,,13:40:40.0#,2574.0,2580.0,2563.0,2769.0,2405.0,45377,231435,2562.0,200,2563.0,227,2564.0,82,2565.0,98,2566.0,125,2567.0,81,2568.0,86,2569.0,55,2570.0,28,2571.0,14,2566.0
MA501,,13:40:43.500#,2574.0,2580.0,2563.0,2769.0,2405.0,45377,231435,2562.0,200,2563.0,227,2564.0,82,2565.0,98,2566.0,130,2567.0,81,2568.0,86,2569.0,55,2570.0,28,2571.0,14,2566.0
MA501,,13:40:48.250#,2574.0,2580.0,2563.0,2769.0,2405.0,45377,231435,2562.0,200,2563.0,227,2564.0,82,2565.0,98,2566.0,130,2567.0,81,2568.0,86,2569.0,55,2570.0,28,2571.0,14,2566.0
MA501,,13:40:48.500#,2574.0,2580.0,2563.0,2769.0,2405.0,45377,231435,2562.0,200,2563.0,227,2564.0,82,2565.0,98,2566.0,130,2567.0,81,2568.0,86,2569.0,55,2570.0,28,2571.0,14,2566.0
MA501,,13:40:48.750#,2574.0,2580.0,2563.0,2769.0,2405.0,45377,231435,2562.0,200,2563.0,227,2564.0,82,2565.0,98,2566.0,131,2567.0,81,2568.0,86,2569.0,55,2570.0,28,2571.0,14,2566.0
MA501,,13:40:49.0#,2574.0,2580.0,2563.0,2769.0,2405.0,45377,231435,2562.0,200,2563.0,227,2564.0,82,2565.0,98,2566.0,131,2567.0,85,2568.0,86,2569.0,55,2570.0,28,2571.0,14,2566.0
MA501,,13:40:52.500#,2574.0,2580.0,2563.0,2769.0,2405.0,45377,231435,2562.0,200,2563.0,227,2564.0,82,2565.0,98,2566.0,130,2567.0,85,2568.0,86,2569.0,55,2570.0,28,2571.0,14,2566.0
MA501,,13:40:52.750#,2574.0,2580.0,2563.0,2769.0,2405.0,45377,231435,2562.0,200,2563.0,227,2564.0,82,2565.0,99,2566.0,130,2567.0,83,2568.0,86,2569.0,55,2570.0,28,2571.0,14,2566.0
MA501,,13:40:55.750#,2574.0,2580.0,2563.0,2769.0,2405.0,45379,231435,2562.0,200,2563.0,227,2564.0,82,2565.0,99,2566.0,128,2567.0,83,2568.0,86,2569.0,55,2570.0,28,2571.0,14,2566.0
MA501,,13:40:56.0#,2574.0,2580.0,2563.0,2769.0,2405.0,45379,231435,2562.0,200,2563.0,227,2564.0,82,2565.0,99,2566.0,128,2567.0,81,2568.0,86,2569.0,55,2570.0,28,2571.0,14,2566.0
MA501,,13:40:57.750#,2574.0,2580.0,2563.0,2769.0,2405.0,45379,231435,2562.0,200,2563.0,227,2564.0,82,2565.0,99,2566.0,133,2567.0,81,2568.0,86,2569.0,55,2570.0,28,2571.0,14,2566.0
MA501,,13:40:58.750#,2574.0,2580.0,2563.0,2769.0,2405.0,45379,231435,2562.0,200,2563.0,227,2564.0,82,2565.0,99,2566.0,137,2567.0,81,2568.0,86,2569.0,55,2570.0,28,2571.0,14,2566.0
MA501,,13:40:59.250#,2574.0,2580.0,2563.0,2769.0,2405.0,45379,231435,2562.0,200,2563.0,227,2564.0,82,2565.0,99,2566.0,137,2567.0,81,2568.0,86,2569.0,55,2570.0,28,2571.0,14,2566.0
MA501,,13:41:00.500#,2574.0,2580.0,2563.0,2769.0,2405.0,45387,231442,2562.0,200,2563.0,227,2564.0,82,2565.0,99,2566.0,137,2567.0,73,2568.0,86,2569.0,55,2570.0,28,2571.0,14,2567.0
MA501,,13:41:02.500#,2574.0,2580.0,2563.0,2769.0,2405.0,45404,231434,2562.0,200,2563.0,227,2564.0,82,2565.0,99,2566.0,121,2567.0,124,2568.0,86,2569.0,55,2570.0,28,2571.0,14,2567.0
MA501,,13:41:02.750#,2574.0,2580.0,2563.0,2769.0,2405.0,45404,231434,2562.0,200,2563.0,227,2564.0,82,2565.0,99,2566.0,121,2567.0,126,2568.0,86,2569.0,55,2570.0,28,2571.0,14,2567.0
MA501,,13:41:03.0#,2574.0,2580.0,2563.0,2769.0,2405.0,45404,231434,2562.0,200,2563.0,227,2564.0,82,2565.0,99,2566.0,122,2567.0,128,2568.0,86,2569.0,55,2570.0,28,2571.0,14,2567.0
MA501,,13:41:04.250#,2574.0,2580.0,2563.0,2769.0,2405.0,45405,231433,2562.0,200,2563.0,227,2564.0,82,2565.0,99,2566.0,122,2567.0,127,2568.0,86,2569.0,55,2570.0,28,2571.0,14,2567.0
MA501,,13:41:04.500#,2574.0,2580.0,2563.0,2769.0,2405.0,45405,231433,2562.0,200,2563.0,227,2564.0,82,2565.0,99,2566.0,122,2567.0,77,2568.0,86,2569.0,55,2570.0,28,2571.0,14,2567.0
MA501,,13:41:04.750#,2574.0,2580.0,2563.0,2769.0,2405.0,45407,231433,2562.0,200,2563.0,227,2564.0,82,2565.0,99,2566.0,126,2567.0,71,2568.0,86,2569.0,55,2570.0,28,2571.0,14,2567.0
MA501,,13:41:05.0#,2574.0,2580.0,2563.0,2769.0,2405.0,45407,231433,2562.0,200,2563.0,227,2564.0,82,2565.0,99,2566.0,130,2567.0,71,2568.0,86,2569.0,55,2570.0,28,2571.0,14,2567.0
MA501,,13:41:06.500#,2574.0,2580.0,2563.0,2769.0,2405.0,45407,231433,2562.0,200,2563.0,227,2564.0,82,2565.0,99,2566.0,131,2567.0,71,2568.0,86,2569.0,55,2570.0,28,2571.0,14,2567.0
MA501,,13:41:10.250#,2574.0,2580.0,2563.0,2769.0,2405.0,45407,231433,2562.0,200,2563.0,227,2564.0,82,2565.0,99,2566.0,131,2567.0,90,2568.0,86,2569.0,55,2570.0,28,2571.0,14,2567.0
MA501,,13:41:10.500#,2574.0,2580.0,2563.0,2769.0,2405.0,45407,231433,2562.0,200,2563.0,227,2564.0,82,2565.0,99,2566.0,131,2567.0,94,2568.0,86,2569.0,55,2570.0,28,2571.0,14,2567.0
MA501,,13:41:12.500#,2574.0,2580.0,2563.0,2769.0,2405.0,45407,231433,2562.0,200,2563.0,227,2564.0,82,2565.0,98,2566.0,131,2567.0,94,2568.0,86,2569.0,55,2570.0,28,2571.0,14,2567.0
MA501,,13:41:13.250#,2574.0,2580.0,2563.0,2769.0,2405.0,45407,231433,2562.0,200,2563.0,227,2564.0,83,2565.0,98,2566.0,131,2567.0,94,2568.0,86,2569.0,55,2570.0,29,2571.0,14,2567.0
MA501,,13:41:14.0#,2574.0,2580.0,2563.0,2769.0,2405.0,45446,231394,2562.0,200,2563.0,227,2564.0,83,2565.0,98,2566.0,136,2567.0,55,2568.0,86,2569.0,55,2570.0,29,2571.0,14,2567.0
MA501,,13:41:14.250#,2574.0,2580.0,2563.0,2769.0,2405.0,45449,231391,2562.0,200,2563.0,227,2564.0,83,2565.0,98,2566.0,136,2567.0,48,2568.0,86,2569.0,55,2570.0,29,2571.0,14,2567.0
MA501,,13:41:14.500#,2574.0,2580.0,2563.0,2769.0,2405.0,45461,231379,2562.0,200,2563.0,227,2564.0,83,2565.0,98,2566.0,136,2567.0,40,2568.0,86,2569.0,55,2570.0,29,2571.0,14,2567.0
MA501,,13:41:16.250#,2574.0,2580.0,2563.0,2769.0,2405.0,45462,231378,2562.0,200,2563.0,227,2564.0,83,2565.0,98,2566.0,136,2567.0,39,2568.0,86,2569.0,55,2570.0,29,2571.0,14,2567.0
MA501,,13:41:16.500#,2574.0,2580.0,2563.0,2769.0,2405.0,45462,231378,2562.0,200,2563.0,227,2564.0,83,2565.0,98,2566.0,136,2567.0,35,2568.0,86,2569.0,55,2570.0,29,2571.0,14,2567.0
MA501,,13:41:16.750#,2574.0,2580.0,2563.0,2769.0,2405.0,45463,231378,2562.0,200,2563.0,227,2564.0,83,2565.0,98,2566.0,136,2567.0,42,2568.0,86,2569.0,55,2570.0,29,2571.0,14,2567.0
MA501,,13:41:19.0#,2574.0,2580.0,2563.0,2769.0,2405.0,45463,231378,2562.0,200,2563.0,227,2564.0,83,2565.0,98,2566.0,136,2567.0,23,2568.0,86,2569.0,55,2570.0,29,2571.0,14,2567.0
MA501,,13:41:19.500#,2574.0,2580.0,2563.0,2769.0,2405.0,45463,231378,2562.0,200,2563.0,227,2564.0,83,2565.0,98,2566.0,136,2567.0,23,2568.0,86,2569.0,55,2570.0,29,2571.0,14,2567.0
MA501,,13:41:20.500#,2574.0,2580.0,2563.0,2769.0,2405.0,45464,231378,2562.0,200,2563.0,227,2564.0,83,2565.0,98,2566.0,136,2567.0,22,2568.0,86,2569.0,55,2570.0,29,2571.0,14,2567.0
MA501,,13:41:20.750#,2574.0,2580.0,2563.0,2769.0,2405.0,45474,231378,2562.0,200,2563.0,227,2564.0,83,2565.0,98,2566.0,136,2567.0,8,2568.0,86,2569.0,55,2570.0,29,2571.0,14,2567.0
MA501,,13:41:21.0#,2574.0,2580.0,2563.0,2769.0,2405.0,45474,231378,2562.0,200,2563.0,227,2564.0,83,2565.0,98,2566.0,136,2567.0,12,2568.0,86,2569.0,55,2570.0,29,2571.0,14,2567.0
MA501,,13:41:22.0#,2574.0,2580.0,2563.0,2769.0,2405.0,45474,231378,2562.0,200,2563.0,227,2564.0,83,2565.0,98,2566.0,136,2567.0,22,2568.0,86,2569.0,55,2570.0,29,2571.0,14,2567.0
MA501,,13:41:22.250#,2574.0,2580.0,2563.0,2769.0,2405.0,45475,231378,2562.0,200,2563.0,227,2564.0,83,2565.0,98,2566.0,136,2567.0,21,2568.0,86,2569.0,55,2570.0,29,2571.0,14,2567.0
MA501,,13:41:22.500#,2574.0,2580.0,2563.0,2769.0,2405.0,45475,231378,2562.0,200,2563.0,227,2564.0,83,2565.0,98,2566.0,136,2567.0,38,2568.0,86,2569.0,55,2570.0,29,2571.0,14,2567.0
MA501,,13:41:22.750#,2574.0,2580.0,2563.0,2769.0,2405.0,45475,231378,2562.0,200,2563.0,227,2564.0,83,2565.0,98,2566.0,136,2567.0,40,2568.0,86,2569.0,55,2570.0,29,2571.0,14,2567.0
MA501,,13:41:23.0#,2574.0,2580.0,2563.0,2769.0,2405.0,45475,231378,2562.0,200,2563.0,227,2564.0,83,2565.0,98,2566.0,137,2567.0,40,2568.0,86,2569.0,55,2570.0,29,2571.0,14,2567.0
MA501,,13:41:23.750#,2574.0,2580.0,2563.0,2769.0,2405.0,45475,231378,2562.0,200,2563.0,227,2564.0,83,2565.0,97,2566.0,137,2567.0,40,2568.0,86,2569.0,55,2570.0,29,2571.0,14,2567.0
MA501,,13:41:24.250#,2574.0,2580.0,2563.0,2769.0,2405.0,45475,231378,2562.0,200,2563.0,227,2564.0,83,2565.0,97,2566.0,137,2567.0,59,2568.0,86,2569.0,55,2570.0,29,2571.0,14,2567.0
MA501,,13:41:25.750#,2574.0,2580.0,2563.0,2769.0,2405.0,45475,231378,2562.0,200,2563.0,227,2564.0,83,2565.0,97,2566.0,132,2567.0,62,2568.0,86,2569.0,55,2570.0,29,2571.0,14,2567.0
MA501,,13:41:26.0#,2574.0,2580.0,2563.0,2769.0,2405.0,45475,231378,2562.0,200,2563.0,227,2564.0,83,2565.0,97,2566.0,94,2567.0,63,2568.0,86,2569.0,54,2570.0,29,2571.0,14,2567.0
MA501,,13:41:26.250#,2574.0,2580.0,2563.0,2769.0,2405.0,45475,231378,2562.0,200,2563.0,227,2564.0,83,2565.0,97,2566.0,94,2567.0,66,2568.0,87,2569.0,54,2570.0,29,2571.0,14,2567.0
MA501,,13:41:27.0#,2574.0,2580.0,2563.0,2769.0,2405.0,45476,231378,2562.0,200,2563.0,227,2564.0,83,2565.0,97,2566.0,94,2567.0,65,2568.0,87,2569.0,54,2570.0,29,2571.0,14,2567.0
MA501,,13:41:27.500#,2574.0,2580.0,2563.0,2769.0,2405.0,45477,231378,2562.0,200,2563.0,227,2564.0,83,2565.0,97,2566.0,94,2567.0,64,2568.0,87,2569.0,54,2570.0,29,2571.0,14,2567.0
MA501,,13:41:29.0#,2574.0,2580.0,2563.0,2769.0,2405.0,45477,231378,2562.0,200,2563.0,227,2564.0,83,2565.0,97,2566.0,99,2567.0,64,2568.0,87,2569.0,54,2570.0,29,2571.0,14,2567.0
MA501,,13:41:32.500#,2574.0,2580.0,2563.0,2769.0,2405.0,45490,231378,2562.0,200,2563.0,227,2564.0,83,2565.0,97,2566.0,86,2567.0,168,2568.0,88,2569.0,54,2570.0,29,2571.0,14,2566.0
MA501,,13:41:34.250#,2574.0,2580.0,2563.0,2769.0,2405.0,45490,231378,2562.0,200,2563.0,227,2564.0,83,2565.0,97,2566.0,85,2567.0,168,2568.0,88,2569.0,52,2570.0,29,2571.0,14,2566.0
MA501,,13:41:34.500#,2574.0,2580.0,2563.0,2769.0,2405.0,45490,231378,2562.0,200,2563.0,227,2564.0,83,2565.0,97,2566.0,85,2567.0,167,2568.0,88,2569.0,52,2570.0,29,2571.0,14,2566.0
MA501,,13:41:34.750#,2574.0,2580.0,2563.0,2769.0,2405.0,45490,231378,2562.0,200,2563.0,227,2564.0,83,2565.0,97,2566.0,85,2567.0,167,2568.0,88,2569.0,52,2570.0,29,2571.0,14,2566.0
MA501,,13:41:37.250#,2574.0,2580.0,2563.0,2769.0,2405.0,45490,231378,2562.0,200,2563.0,227,2564.0,83,2565.0,97,2566.0,85,2567.0,170,2568.0,88,2569.0,52,2570.0,29,2571.0,14,2566.0
MA501,,13:41:37.500#,2574.0,2580.0,2563.0,2769.0,2405.0,45490,231378,2562.0,200,2563.0,227,2564.0,83,2565.0,97,2566.0,85,2567.0,172,2568.0,88,2569.0,52,2570.0,29,2571.0,14,2566.0
MA501,,13:41:39.750#,2574.0,2580.0,2563.0,2769.0,2405.0,45491,231379,2562.0,200,2563.0,227,2564.0,83,2565.0,97,2566.0,85,2567.0,171,2568.0,88,2569.0,52,2570.0,29,2571.0,14,2567.0
MA501,,13:41:41.250#,2574.0,2580.0,2563.0,2769.0,2405.0,45491,231379,2562.0,200,2563.0,226,2564.0,83,2565.0,98,2566.0,85,2567.0,171,2568.0,88,2569.0,52,2570.0,29,2571.0,14,2567.0
MA501,,13:41:43.750#,2574.0,2580.0,2563.0,2769.0,2405.0,45494,231382,2562.0,200,2563.0,226,2564.0,83,2565.0,98,2566.0,90,2567.0,168,2568.0,88,2569.0,52,2570.0,29,2571.0,14,2567.0
MA501,,13:41:44.500#,2574.0,2580.0,2563.0,2769.0,2405.0,45500,231381,2562.0,200,2563.0,226,2564.0,83,2565.0,98,2566.0,90,2567.0,168,2568.0,88,2569.0,52,2570.0,29,2571.0,14,2567.0
MA501,,13:41:47.500#,2574.0,2580.0,2563.0,2769.0,2405.0,45501,231382,2562.0,200,2563.0,226,2564.0,81,2565.0,98,2566.0,90,2567.0,167,2568.0,88,2569.0,52,2570.0,29,2571.0,14,2567.0
MA501,,13:41:47.750#,2574.0,2580.0,2563.0,2769.0,2405.0,45501,231382,2562.0,200,2563.0,226,2564.0,81,2565.0,100,2566.0,90,2567.0,167,2568.0,88,2569.0,52,2570.0,29,2571.0,14,2567.0
MA501,,13:41:50.0#,2574.0,2580.0,2563.0,2769.0,2405.0,45502,231383,2562.0,200,2563.0,226,2564.0,81,2565.0,100,2566.0,90,2567.0,166,2568.0,88,2569.0,52,2570.0,29,2571.0,14,2567.0
MA501,,13:41:51.500#,2574.0,2580.0,2563.0,2769.0,2405.0,45502,231383,2562.0,200,2563.0,226,2564.0,81,2565.0,100,2566.0,90,2567.0,166,2568.0,88,2569.0,52,2570.0,29,2571.0,14,2567.0
MA501,,13:41:53.750#,2574.0,2580.0,2563.0,2769.0,2405.0,45502,231383,2562.0,200,2563.0,226,2564.0,81,2565.0,100,2566.0,91,2567.0,166,2568.0,88,2569.0,52,2570.0,29,2571.0,14,2567.0
MA501,,13:41:54.750#,2574.0,2580.0,2563.0,2769.0,2405.0,45502,231383,2562.0,200,2563.0,226,2564.0,81,2565.0,100,2566.0,91,2567.0,166,2568.0,88,2569.0,52,2570.0,29,2571.0,14,2567.0
MA501,,13:41:59.250#,2574.0,2580.0,2563.0,2769.0,2405.0,45502,231383,2562.0,200,2563.0,226,2564.0,81,2565.0,100,2566.0,97,2567.0,166,2568.0,88,2569.0,52,2570.0,29,2571.0,14,2567.0
MA501,,13:41:59.500#,2574.0,2580.0,2563.0,2769.0,2405.0,45502,231383,2562.0,200,2563.0,226,2564.0,81,2565.0,100,2566.0,100,2567.0,166,2568.0,88,2569.0,52,2570.0,29,2571.0,14,2567.0
MA501,,13:42:02.500#,2574.0,2580.0,2563.0,2769.0,2405.0,45514,231381,2562.0,200,2563.0,226,2564.0,81,2565.0,100,2566.0,88,2567.0,221,2568.0,88,2569.0,52,2570.0,29,2571.0,14,2566.0
MA501,,13:42:04.500#,2574.0,2580.0,2563.0,2769.0,2405.0,45514,231381,2562.0,200,2563.0,226,2564.0,81,2565.0,100,2566.0,88,2567.0,117,2568.0,88,2569.0,52,2570.0,29,2571.0,14,2566.0
MA501,,13:42:05.0#,2574.0,2580.0,2563.0,2769.0,2405.0,45514,231381,2562.0,200,2563.0,226,2564.0,81,2565.0,100,2566.0,88,2567.0,117,2568.0,88,2569.0,52,2570.0,29,2571.0,14,2566.0
MA501,,13:42:06.250#,2574.0,2580.0,2563.0,2769.0,2405.0,45514,231381,2562.0,201,2563.0,226,2564.0,81,2565.0,100,2566.0,88,2567.0,117,2568.0,88,2569.0,52,2570.0,29,2571.0,14,2566.0
MA501,,13:42:07.500#,2574.0,2580.0,2563.0,2769.0,2405.0,45516,231380,2562.0,201,2563.0,226,2564.0,81,2565.0,100,2566.0,88,2567.0,125,2568.0,88,2569.0,52,2570.0,29,2571.0,14,2567.0
MA501,,13:42:07.750#,2574.0,2580.0,2563.0,2769.0,2405.0,45519,231380,2562.0,201,2563.0,226,2564.0,81,2565.0,100,2566.0,87,2567.0,122,2568.0,88,2569.0,52,2570.0,29,2571.0,14,2566.0
MA501,,13:42:09.250#,2574.0,2580.0,2563.0,2769.0,2405.0,45520,231381,2562.0,201,2563.0,226,2564.0,81,2565.0,100,2566.0,86,2567.0,122,2568.0,88,2569.0,52,2570.0,29,2571.0,14,2566.0
MA501,,13:42:09.750#,2574.0,2580.0,2563.0,2769.0,2405.0,45521,231381,2562.0,201,2563.0,226,2564.0,81,2565.0,100,2566.0,86,2567.0,121,2568.0,88,2569.0,52,2570.0,29,2571.0,14,2567.0
MA501,,13:42:13.250#,2574.0,2580.0,2563.0,2769.0,2405.0,45521,231381,2562.0,201,2563.0,226,2564.0,81,2565.0,100,2566.0,91,2567.0,121,2568.0,88,2569.0,52,2570.0,29,2571.0,14,2567.0
MA501,,13:42:13.750#,2574.0,2580.0,2563.0,2769.0,2405.0,45521,231381,2562.0,201,2563.0,226,2564.0,81,2565.0,100,2566.0,91,2567.0,121,2568.0,88,2569.0,52,2570.0,29,2571.0,14,2567.0
MA501,,13:42:15.750#,2574.0,2580.0,2563.0,2769.0,2405.0,45655,231451,2562.0,201,2563.0,226,2564.0,84,2565.0,101,2566.0,16,2567.0,121,2568.0,88,2569.0,52,2570.0,29,2571.0,14,2566.0
MA501,,13:42:16.0#,2574.0,2580.0,2563.0,2769.0,2405.0,45674,231451,2562.0,201,2563.0,226,2564.0,84,2565.0,101,2566.0,16,2567.0,121,2568.0,88,2569.0,52,2570.0,29,2571.0,14,2566.0
MA501,,13:42:22.250#,2574.0,2580.0,2563.0,2769.0,2405.0,45674,231451,2562.0,201,2563.0,226,2564.0,84,2565.0,106,2566.0,36,2567.0,121,2568.0,88,2569.0,52,2570.0,29,2571.0,14,2566.0
MA501,,13:42:22.500#,2574.0,2580.0,2563.0,2769.0,2405.0,45674,231451,2562.0,201,2563.0,226,2564.0,84,2565.0,106,2566.0,45,2567.0,117,2568.0,88,2569.0,52,2570.0,29,2571.0,14,2566.0
MA501,,13:42:24.250#,2574.0,2580.0,2563.0,2769.0,2405.0,45674,231451,2562.0,201,2563.0,226,2564.0,84,2565.0,106,2566.0,46,2567.0,117,2568.0,88,2569.0,52,2570.0,29,2571.0,14,2566.0
MA501,,13:42:28.750#,2574.0,2580.0,2563.0,2769.0,2405.0,45675,231451,2562.0,201,2563.0,226,2564.0,84,2565.0,106,2566.0,48,2567.0,117,2568.0,88,2569.0,52,2570.0,29,2571.0,14,2566.0
MA501,,13:42:31.500#,2574.0,2580.0,2563.0,2769.0,2405.0,45675,231451,2562.0,201,2563.0,226,2564.0,84,2565.0,107,2566.0,67,2567.0,117,2568.0,88,2569.0,52,2570.0,29,2571.0,14,2566.0
MA501,,13:42:31.750#,2574.0,2580.0,2563.0,2769.0,2405.0,45675,231451,2562.0,201,2563.0,226,2564.0,84,2565.0,107,2566.0,67,2567.0,98,2568.0,88,2569.0,52,2570.0,29,2571.0,14,2566.0
MA501,,13:42:32.500#,2574.0,2580.0,2563.0,2769.0,2405.0,45688,231438,2562.0,201,2563.0,226,2564.0,84,2565.0,107,2566.0,54,2567.0,124,2568.0,88,2569.0,52,2570.0,29,2571.0,14,2566.0
MA501,,13:42:34.500#,2574.0,2580.0,2563.0,2769.0,2405.0,45688,231438,2562.0,201,2563.0,226,2564.0,84,2565.0,107,2566.0,54,2567.0,69,2568.0,88,2569.0,52,2570.0,29,2571.0,14,2566.0
MA501,,13:42:34.750#,2574.0,2580.0,2563.0,2769.0,2405.0,45688,231438,2562.0,201,2563.0,226,2564.0,84,2565.0,107,2566.0,55,2567.0,69,2568.0,88,2569.0,52,2570.0,29,2571.0,14,2566.0
MA501,,13:42:35.0#,2574.0,2580.0,2563.0,2769.0,2405.0,45688,231438,2562.0,201,2563.0,226,2564.0,84,2565.0,107,2566.0,54,2567.0,69,2568.0,88,2569.0,52,2570.0,29,2571.0,14,2566.0
MA501,,13:42:35.250#,2574.0,2580.0,2563.0,2769.0,2405.0,45688,231438,2562.0,201,2563.0,226,2564.0,84,2565.0,107,2566.0,56,2567.0,69,2568.0,88,2569.0,52,2570.0,29,2571.0,14,2566.0
MA501,,13:42:35.500#,2574.0,2580.0,2563.0,2769.0,2405.0,45688,231438,2562.0,201,2563.0,226,2564.0,84,2565.0,107,2566.0,56,2567.0,69,2568.0,88,2569.0,52,2570.0,29,2571.0,14,2566.0
MA501,,13:42:37.250#,2574.0,2580.0,2563.0,2769.0,2405.0,45688,231438,2562.0,201,2563.0,226,2564.0,84,2565.0,107,2566.0,67,2567.0,69,2568.0,88,2569.0,52,2570.0,29,2571.0,14,2566.0
MA501,,13:42:38.0#,2574.0,2580.0,2563.0,2769.0,2405.0,45688,231438,2562.0,201,2563.0,226,2564.0,84,2565.0,107,2566.0,68,2567.0,69,2568.0,88,2569.0,52,2570.0,29,2571.0,14,2566.0
MA501,,13:42:44.500#,2574.0,2580.0,2563.0,2769.0,2405.0,45688,231438,2562.0,201,2563.0,226,2564.0,84,2565.0,107,2566.0,64,2567.0,88,2568.0,88,2569.0,52,2570.0,29,2571.0,14,2566.0
MA501,,13:42:44.750#,2574.0,2580.0,2563.0,2769.0,2405.0,45688,231438,2562.0,201,2563.0,226,2564.0,84,2565.0,107,2566.0,45,2567.0,92,2568.0,88,2569.0,52,2570.0,29,2571.0,14,2566.0
MA501,,13:42:45.500#,2574.0,2580.0,2563.0,2769.0,2405.0,45688,231438,2562.0,201,2563.0,226,2564.0,84,2565.0,107,2566.0,50,2567.0,92,2568.0,88,2569.0,52,2570.0,29,2571.0,14,2566.0
MA501,,13:42:49.250#,2574.0,2580.0,2563.0,2769.0,2405.0,45688,231438,2562.0,201,2563.0,226,2564.0,84,2565.0,107,2566.0,69,2567.0,92,2568.0,88,2569.0,52,2570.0,29,2571.0,14,2566.0
MA501,,13:42:49.500#,2574.0,2580.0,2563.0,2769.0,2405.0,45688,231438,2562.0,201,2563.0,226,2564.0,84,2565.0,107,2566.0,69,2567.0,88,2568.0,88,2569.0,52,2570.0,29,2571.0,14,2566.0
MA501,,13:42:50.250#,2574.0,2580.0,2563.0,2769.0,2405.0,45688,231438,2562.0,201,2563.0,226,2564.0,84,2565.0,107,2566.0,50,2567.0,88,2568.0,88,2569.0,52,2570.0,29,2571.0,14,2566.0
MA501,,13:42:52.500#,2574.0,2580.0,2563.0,2769.0,2405.0,45688,231438,2562.0,201,2563.0,226,2564.0,84,2565.0,107,2566.0,51,2567.0,88,2568.0,88,2569.0,52,2570.0,29,2571.0,14,2566.0
MA501,,13:42:53.750#,2574.0,2580.0,2563.0,2769.0,2405.0,45688,231438,2562.0,201,2563.0,226,2564.0,84,2565.0,107,2566.0,51,2567.0,88,2568.0,88,2569.0,51,2570.0,29,2571.0,14,2566.0
MA501,,13:42:55.0#,2574.0,2580.0,2563.0,2769.0,2405.0,45688,231438,2562.0,201,2563.0,226,2564.0,84,2565.0,107,2566.0,32,2567.0,88,2568.0,88,2569.0,51,2570.0,29,2571.0,14,2566.0
MA501,,13:42:55.250#,2574.0,2580.0,2563.0,2769.0,2405.0,45688,231438,2562.0,201,2563.0,226,2564.0,84,2565.0,107,2566.0,31,2567.0,107,2568.0,88,2569.0,51,2570.0,29,2571.0,14,2566.0
MA501,,13:42:55.500#,2574.0,2580.0,2563.0,2769.0,2405.0,45688,231438,2562.0,201,2563.0,226,2564.0,84,2565.0,107,2566.0,31,2567.0,107,2568.0,88,2569.0,51,2570.0,29,2571.0,14,2566.0
MA501,,13:42:58.500#,2574.0,2580.0,2563.0,2769.0,2405.0,45689,231438,2562.0,201,2563.0,226,2564.0,84,2565.0,107,2566.0,31,2567.0,106,2568.0,88,2569.0,51,2570.0,29,2571.0,14,2567.0
MA501,,13:42:58.750#,2574.0,2580.0,2563.0,2769.0,2405.0,45689,231438,2562.0,201,2563.0,226,2564.0,84,2565.0,107,2566.0,32,2567.0,106,2568.0,88,2569.0,51,2570.0,29,2571.0,14,2567.0
MA501,,13:42:59.0#,2574.0,2580.0,2563.0,2769.0,2405.0,45689,231438,2562.0,201,2563.0,226,2564.0,84,2565.0,107,2566.0,37,2567.0,106,2568.0,88,2569.0,51,2570.0,29,2571.0,14,2567.0
MA501,,13:43:01.0#,2574.0,2580.0,2563.0,2769.0,2405.0,45689,231438,2562.0,201,2563.0,226,2564.0,84,2565.0,107,2566.0,37,2567.0,106,2568.0,88,2569.0,51,2570.0,29,2571.0,14,2567.0
MA501,,13:43:02.500#,2574.0,2580.0,2563.0,2769.0,2405.0,45701,231430,2562.0,201,2563.0,226,2564.0,84,2565.0,107,2566.0,44,2567.0,137,2568.0,88,2569.0,51,2570.0,29,2571.0,14,2566.0
MA501,,13:43:03.0#,2574.0,2580.0,2563.0,2769.0,2405.0,45701,231430,2562.0,201,2563.0,226,2564.0,85,2565.0,107,2566.0,44,2567.0,137,2568.0,88,2569.0,51,2570.0,29,2571.0,14,2566.0
MA501,,13:43:03.500#,2574.0,2580.0,2563.0,2769.0,2405.0,45701,231430,2562.0,201,2563.0,226,2564.0,85,2565.0,107,2566.0,45,2567.0,137,2568.0,88,2569.0,51,2570.0,29,2571.0,14,2566.0
MA501,,13:43:03.750#,2574.0,2580.0,2563.0,2769.0,2405.0,45701,231430,2562.0,201,2563.0,226,2564.0,85,2565.0,107,2566.0,45,2567.0,137,2568.0,88,2569.0,51,2570.0,29,2571.0,14,2566.0
MA501,,13:43:04.250#,2574.0,2580.0,2563.0,2769.0,2405.0,45701,231430,2562.0,201,2563.0,226,2564.0,85,2565.0,107,2566.0,46,2567.0,137,2568.0,88,2569.0,51,2570.0,29,2571.0,14,2566.0
MA501,,13:43:04.500#,2574.0,2580.0,2563.0,2769.0,2405.0,45701,231430,2562.0,201,2563.0,226,2564.0,85,2565.0,107,2566.0,46,2567.0,92,2568.0,88,2569.0,51,2570.0,29,2571.0,14,2566.0
MA501,,13:43:04.750#,2574.0,2580.0,2563.0,2769.0,2405.0,45703,231428,2562.0,201,2563.0,226,2564.0,85,2565.0,107,2566.0,46,2567.0,90,2568.0,88,2569.0,51,2570.0,29,2571.0,14,2567.0
MA501,,13:43:05.250#,2574.0,2580.0,2563.0,2769.0,2405.0,45703,231428,2562.0,201,2563.0,226,2564.0,85,2565.0,107,2566.0,46,2567.0,71,2568.0,88,2569.0,51,2570.0,29,2571.0,14,2567.0
MA501,,13:43:05.750#,2574.0,2580.0,2563.0,2769.0,2405.0,45703,231428,2562.0,201,2563.0,226,2564.0,85,2565.0,107,2566.0,46,2567.0,90,2568.0,88,2569.0,51,2570.0,29,2571.0,14,2567.0
MA501,,13:43:07.750#,2574.0,2580.0,2563.0,2769.0,2405.0,45703,231428,2562.0,201,2563.0,226,2564.0,85,2565.0,107,2566.0,46,2567.0,71,2568.0,88,2569.0,51,2570.0,29,2571.0,14,2567.0
MA501,,13:43:08.0#,2574.0,2580.0,2563.0,2769.0,2405.0,45703,231428,2562.0,201,2563.0,226,2564.0,85,2565.0,107,2566.0,46,2567.0,73,2568.0,88,2569.0,51,2570.0,29,2571.0,14,2567.0
MA501,,13:43:08.750#,2574.0,2580.0,2563.0,2769.0,2405.0,45703,231428,2562.0,201,2563.0,226,2564.0,85,2565.0,107,2566.0,46,2567.0,76,2568.0,88,2569.0,51,2570.0,29,2571.0,14,2567.0
MA501,,13:43:09.0#,2574.0,2580.0,2563.0,2769.0,2405.0,45723,231438,2562.0,201,2563.0,226,2564.0,85,2565.0,107,2566.0,46,2567.0,96,2568.0,88,2569.0,51,2570.0,29,2571.0,14,2567.0
MA501,,13:43:09.250#,2574.0,2580.0,2563.0,2769.0,2405.0,45723,231438,2562.0,201,2563.0,226,2564.0,85,2565.0,107,2566.0,46,2567.0,96,2568.0,88,2569.0,51,2570.0,29,2571.0,14,2567.0
MA501,,13:43:11.0#,2574.0,2580.0,2563.0,2769.0,2405.0,45723,231438,2562.0,201,2563.0,226,2564.0,85,2565.0,107,2566.0,46,2567.0,96,2568.0,88,2569.0,51,2570.0,29,2571.0,14,2567.0
MA501,,13:43:12.250#,2574.0,2580.0,2563.0,2769.0,2405.0,45723,231438,2562.0,201,2563.0,226,2564.0,85,2565.0,107,2566.0,47,2567.0,96,2568.0,88,2569.0,51,2570.0,29,2571.0,14,2567.0
MA501,,13:43:13.500#,2574.0,2580.0,2563.0,2769.0,2405.0,45723,231438,2562.0,201,2563.0,226,2564.0,85,2565.0,107,2566.0,52,2567.0,96,2568.0,88,2569.0,51,2570.0,29,2571.0,14,2567.0
MA501,,13:43:14.250#,2574.0,2580.0,2563.0,2769.0,2405.0,45724,231437,2562.0,201,2563.0,226,2564.0,85,2565.0,107,2566.0,52,2567.0,95,2568.0,88,2569.0,51,2570.0,29,2571.0,14,2567.0
MA501,,13:43:15.500#,2574.0,2580.0,2563.0,2769.0,2405.0,45724,231437,2562.0,201,2563.0,226,2564.0,85,2565.0,109,2566.0,52,2567.0,95,2568.0,88,2569.0,51,2570.0,29,2571.0,14,2567.0
MA501,,13:43:15.750#,2574.0,2580.0,2563.0,2769.0,2405.0,45724,231437,2562.0,201,2563.0,226,2564.0,85,2565.0,109,2566.0,52,2567.0,95,2568.0,88,2569.0,51,2570.0,29,2571.0,14,2567.0
MA501,,13:43:19.250#,2574.0,2580.0,2563.0,2769.0,2405.0,45724,231437,2562.0,201,2563.0,226,2564.0,85,2565.0,110,2566.0,52,2567.0,95,2568.0,88,2569.0,51,2570.0,29,2571.0,14,2567.0
MA501,,13:43:19.750#,2574.0,2580.0,2563.0,2769.0,2405.0,45724,231437,2562.0,201,2563.0,226,2564.0,85,2565.0,110,2566.0,53,2567.0,95,2568.0,88,2569.0,51,2570.0,29,2571.0,14,2567.0
MA501,,13:43:20.0#,2574.0,2580.0,2563.0,2769.0,2405.0,45724,231437,2562.0,201,2563.0,226,2564.0,85,2565.0,110,2566.0,54,2567.0,95,2568.0,88,2569.0,51,2570.0,29,2571.0,14,2567.0
MA501,,13:43:21.0#,2574.0,2580.0,2563.0,2769.0,2405.0,45726,231437,2562.0,201,2563.0,226,2564.0,85,2565.0,110,2566.0,54,2567.0,93,2568.0,88,2569.0,51,2570.0,29,2571.0,14,2567.0
MA501,,13:43:21.250#,2574.0,2580.0,2563.0,2769.0,2405.0,45726,231437,2562.0,201,2563.0,226,2564.0,85,2565.0,110,2566.0,43,2567.0,93,2568.0,88,2569.0,51,2570.0,29,2571.0,14,2567.0
MA501,,13:43:23.250#,2574.0,2580.0,2563.0,2769.0,2405.0,45726,231437,2562.0,201,2563.0,226,2564.0,85,2565.0,111,2566.0,43,2567.0,93,2568.0,88,2569.0,51,2570.0,29,2571.0,14,2567.0
MA501,,13:43:24.0#,2574.0,2580.0,2563.0,2769.0,2405.0,45726,231437,2562.0,201,2563.0,226,2564.0,85,2565.0,109,2566.0,43,2567.0,93,2568.0,88,2569.0,51,2570.0,29,2571.0,14,2567.0
MA501,,13:43:25.750#,2574.0,2580.0,2563.0,2769.0,2405.0,45726,231437,2562.0,201,2563.0,226,2564.0,85,2565.0,109,2566.0,62,2567.0,93,2568.0,88,2569.0,51,2570.0,29,2571.0,14,2567.0
MA501,,13:43:26.0#,2574.0,2580.0,2563.0,2769.0,2405.0,45726,231437,2562.0,201,2563.0,226,2564.0,85,2565.0,109,2566.0,81,2567.0,91,2568.0,88,2569.0,51,2570.0,29,2571.0,14,2567.0
MA501,,13:43:27.250#,2574.0,2580.0,2563.0,2769.0,2405.0,45726,231437,2562.0,201,2563.0,226,2564.0,85,2565.0,109,2566.0,82,2567.0,91,2568.0,88,2569.0,51,2570.0,29,2571.0,14,2567.0
MA501,,13:43:27.500#,2574.0,2580.0,2563.0,2769.0,2405.0,45726,231437,2562.0,201,2563.0,226,2564.0,85,2565.0,109,2566.0,83,2567.0,91,2568.0,88,2569.0,51,2570.0,29,2571.0,14,2567.0
MA501,,13:43:27.750#,2574.0,2580.0,2563.0,2769.0,2405.0,45726,231437,2562.0,201,2563.0,226,2564.0,85,2565.0,110,2566.0,82,2567.0,91,2568.0,88,2569.0,51,2570.0,29,2571.0,14,2567.0
MA501,,13:43:29.0#,2574.0,2580.0,2563.0,2769.0,2405.0,45726,231437,2562.0,201,2563.0,226,2564.0,85,2565.0,110,2566.0,82,2567.0,91,2568.0,88,2569.0,51,2570.0,29,2571.0,14,2567.0
MA501,,13:43:30.0#,2574.0,2580.0,2563.0,2769.0,2405.0,45726,231437,2562.0,201,2563.0,226,2564.0,85,2565.0,110,2566.0,87,2567.0,91,2568.0,88,2569.0,51,2570.0,29,2571.0,14,2567.0
MA501,,13:43:32.500#,2574.0,2580.0,2563.0,2769.0,2405.0,45739,231437,2562.0,201,2563.0,226,2564.0,85,2565.0,110,2566.0,74,2567.0,151,2568.0,88,2569.0,51,2570.0,29,2571.0,14,2566.0
MA501,,13:43:33.500#,2574.0,2580.0,2563.0,2769.0,2405.0,45739,231437,2562.0,201,2563.0,226,2564.0,85,2565.0,110,2566.0,55,2567.0,151,2568.0,88,2569.0,51,2570.0,29,2571.0,14,2566.0
MA501,,13:43:33.750#,2574.0,2580.0,2563.0,2769.0,2405.0,45739,231437,2562.0,201,2563.0,226,2564.0,85,2565.0,110,2566.0,54,2567.0,151,2568.0,88,2569.0,51,2570.0,29,2571.0,14,2566.0
MA501,,13:43:34.0#,2574.0,2580.0,2563.0,2769.0,2405.0,45739,231437,2562.0,201,2563.0,226,2564.0,85,2565.0,110,2566.0,59,2567.0,151,2568.0,88,2569.0,51,2570.0,29,2571.0,14,2566.0
MA501,,13:43:34.500#,2574.0,2580.0,2563.0,2769.0,2405.0,45739,231437,2562.0,201,2563.0,226,2564.0,85,2565.0,110,2566.0,59,2567.0,120,2568.0,88,2569.0,51,2570.0,29,2571.0,14,2566.0
MA501,,13:43:38.500#,2574.0,2580.0,2563.0,2769.0,2405.0,45739,231437,2562.0,201,2563.0,226,2564.0,85,2565.0,110,2566.0,60,2567.0,120,2568.0,88,2569.0,51,2570.0,29,2571.0,14,2566.0
MA501,,13:43:42.250#,2574.0,2580.0,2563.0,2769.0,2405.0,45739,231437,2562.0,201,2563.0,226,2564.0,85,2565.0,112,2566.0,60,2567.0,120,2568.0,88,2569.0,51,2570.0,29,2571.0,14,2566.0
MA501,,13:43:44.0#,2574.0,2580.0,2563.0,2769.0,2405.0,45739,231437,2562.0,201,2563.0,226,2564.0,85,2565.0,112,2566.0,65,2567.0,120,2568.0,88,2569.0,51,2570.0,29,2571.0,14,2566.0
MA501,,13:43:45.750#,2574.0,2580.0,2563.0,2769.0,2405.0,45740,231438,2562.0,201,2563.0,226,2564.0,85,2565.0,112,2566.0,64,2567.0,120,2568.0,88,2569.0,51,2570.0,29,2571.0,14,2566.0
MA501,,13:43:48.0#,2574.0,2580.0,2563.0,2769.0,2405.0,45740,231438,2562.0,201,2563.0,226,2564.0,85,2565.0,112,2566.0,65,2567.0,120,2568.0,88,2569.0,51,2570.0,29,2571.0,14,2566.0
MA501,,13:43:49.500#,2574.0,2580.0,2563.0,2769.0,2405.0,45740,231438,2562.0,201,2563.0,226,2564.0,85,2565.0,112,2566.0,65,2567.0,120,2568.0,88,2569.0,50,2570.0,29,2571.0,14,2566.0
MA501,,13:43:50.250#,2574.0,2580.0,2563.0,2769.0,2405.0,45740,231438,2562.0,201,2563.0,226,2564.0,85,2565.0,112,2566.0,65,2567.0,120,2568.0,88,2569.0,50,2570.0,29,2571.0,14,2566.0
MA501,,13:43:50.500#,2574.0,2580.0,2563.0,2769.0,2405.0,45740,231438,2562.0,201,2563.0,226,2564.0,85,2565.0,112,2566.0,65,2567.0,120,2568.0,88,2569.0,50,2570.0,29,2571.0,14,2566.0
MA501,,13:43:52.250#,2574.0,2580.0,2563.0,2769.0,2405.0,45740,231438,2562.0,201,2563.0,226,2564.0,85,2565.0,112,2566.0,66,2567.0,120,2568.0,88,2569.0,50,2570.0,29,2571.0,14,2566.0
MA501,,13:43:52.500#,2574.0,2580.0,2563.0,2769.0,2405.0,45740,231438,2562.0,201,2563.0,226,2564.0,85,2565.0,112,2566.0,85,2567.0,120,2568.0,88,2569.0,50,2570.0,29,2571.0,14,2566.0
MA501,,13:43:54.750#,2574.0,2580.0,2563.0,2769.0,2405.0,45740,231438,2562.0,201,2563.0,226,2564.0,85,2565.0,117,2566.0,85,2567.0,120,2568.0,88,2569.0,50,2570.0,29,2571.0,14,2566.0
MA501,,13:43:55.750#,2574.0,2580.0,2563.0,2769.0,2405.0,45740,231438,2562.0,201,2563.0,226,2564.0,85,2565.0,117,2566.0,86,2567.0,120,2568.0,88,2569.0,50,2570.0,29,2571.0,14,2566.0
MA501,,13:43:56.500#,2574.0,2580.0,2563.0,2769.0,2405.0,45740,231438,2562.0,201,2563.0,226,2564.0,85,2565.0,118,2566.0,86,2567.0,120,2568.0,88,2569.0,50,2570.0,29,2571.0,14,2566.0
MA501,,13:43:57.750#,2574.0,2580.0,2563.0,2769.0,2405.0,45740,231438,2562.0,201,2563.0,226,2564.0,85,2565.0,118,2566.0,91,2567.0,120,2568.0,88,2569.0,50,2570.0,29,2571.0,14,2566.0
MA501,,13:43:58.0#,2574.0,2580.0,2563.0,2769.0,2405.0,45740,231438,2562.0,201,2563.0,226,2564.0,85,2565.0,118,2566.0,97,2567.0,72,2568.0,88,2569.0,50,2570.0,29,2571.0,14,2566.0
MA501,,13:43:58.250#,2574.0,2580.0,2563.0,2769.0,2405.0,45740,231438,2562.0,201,2563.0,226,2564.0,84,2565.0,118,2566.0,97,2567.0,71,2568.0,87,2569.0,50,2570.0,29,2571.0,14,2566.0
MA501,,13:43:58.500#,2574.0,2580.0,2563.0,2769.0,2405.0,45740,231438,2562.0,201,2563.0,226,2564.0,84,2565.0,119,2566.0,97,2567.0,71,2568.0,87,2569.0,50,2570.0,30,2571.0,14,2566.0
MA501,,13:44:01.0#,2574.0,2580.0,2563.0,2769.0,2405.0,45740,231438,2562.0,201,2563.0,226,2564.0,84,2565.0,118,2566.0,97,2567.0,71,2568.0,87,2569.0,50,2570.0,30,2571.0,14,2566.0
MA501,,13:44:01.250#,2574.0,2580.0,2563.0,2769.0,2405.0,45740,231438,2562.0,201,2563.0,226,2564.0,84,2565.0,118,2566.0,93,2567.0,81,2568.0,87,2569.0,50,2570.0,30,2571.0,14,2566.0
MA501,,13:44:01.500#,2574.0,2580.0,2563.0,2769.0,2405.0,45740,231438,2562.0,201,2563.0,226,2564.0,84,2565.0,117,2566.0,93,2567.0,90,2568.0,87,2569.0,50,2570.0,29,2571.0,14,2566.0
MA501,,13:44:01.750#,2574.0,2580.0,2563.0,2769.0,2405.0,45740,231438,2562.0,201,2563.0,226,2564.0,85,2565.0,117,2566.0,74,2567.0,90,2568.0,87,2569.0,51,2570.0,29,2571.0,14,2566.0
MA501,,13:44:02.500#,2574.0,2580.0,2563.0,2769.0,2405.0,45752,231427,2562.0,201,2563.0,226,2564.0,85,2565.0,117,2566.0,62,2567.0,136,2568.0,87,2569.0,51,2570.0,29,2571.0,14,2566.0
MA501,,13:44:02.750#,2574.0,2580.0,2563.0,2769.0,2405.0,45752,231427,2562.0,201,2563.0,226,2564.0,85,2565.0,117,2566.0,60,2567.0,136,2568.0,87,2569.0,51,2570.0,29,2571.0,14,2566.0
MA501,,13:44:04.500#,2574.0,2580.0,2563.0,2769.0,2405.0,45752,231427,2562.0,201,2563.0,226,2564.0,85,2565.0,117,2566.0,60,2567.0,76,2568.0,87,2569.0,51,2570.0,29,2571.0,14,2566.0
MA501,,13:44:04.750#,2574.0,2580.0,2563.0,2769.0,2405.0,45752,231427,2562.0,201,2563.0,226,2564.0,85,2565.0,117,2566.0,81,2567.0,76,2568.0,87,2569.0,51,2570.0,29,2571.0,14,2566.0
MA501,,13:44:05.0#,2574.0,2580.0,2563.0,2769.0,2405.0,45752,231427,2562.0,201,2563.0,226,2564.0,85,2565.0,117,2566.0,60,2567.0,78,2568.0,87,2569.0,51,2570.0,29,2571.0,14,2566.0
MA501,,13:44:05.250#,2574.0,2580.0,2563.0,2769.0,2405.0,45754,231427,2562.0,201,2563.0,226,2564.0,85,2565.0,117,2566.0,60,2567.0,95,2568.0,87,2569.0,51,2570.0,29,2571.0,14,2567.0
MA501,,13:44:05.500#,2574.0,2580.0,2563.0,2769.0,2405.0,45755,231427,2562.0,201,2563.0,226,2564.0,85,2565.0,117,2566.0,59,2567.0,95,2568.0,87,2569.0,51,2570.0,29,2571.0,14,2566.0
MA501,,13:44:05.750#,2574.0,2580.0,2563.0,2769.0,2405.0,45755,231427,2562.0,201,2563.0,226,2564.0,85,2565.0,117,2566.0,54,2567.0,95,2568.0,87,2569.0,51,2570.0,29,2571.0,14,2566.0
MA501,,13:44:06.0#,2574.0,2580.0,2563.0,2769.0,2405.0,45755,231427,2562.0,201,2563.0,226,2564.0,85,2565.0,117,2566.0,53,2567.0,95,2568.0,87,2569.0,51,2570.0,29,2571.0,14,2566.0
MA501,,13:44:08.0#,2574.0,2580.0,2563.0,2769.0,2405.0,45755,231427,2562.0,201,2563.0,226,2564.0,85,2565.0,117,2566.0,52,2567.0,95,2568.0,87,2569.0,51,2570.0,29,2571.0,14,2566.0
MA501,,13:44:10.750#,2574.0,2580.0,2563.0,2769.0,2405.0,45757,231425,2562.0,201,2563.0,226,2564.0,85,2565.0,117,2566.0,52,2567.0,93,2568.0,87,2569.0,51,2570.0,29,2571.0,14,2567.0
MA501,,13:44:11.0#,2574.0,2580.0,2563.0,2769.0,2405.0,45759,231423,2562.0,201,2563.0,226,2564.0,85,2565.0,117,2566.0,71,2567.0,72,2568.0,87,2569.0,51,2570.0,29,2571.0,14,2567.0
MA501,,13:44:11.250#,2574.0,2580.0,2563.0,2769.0,2405.0,45759,231423,2562.0,201,2563.0,226,2564.0,85,2565.0,117,2566.0,71,2567.0,70,2568.0,87,2569.0,51,2570.0,29,2571.0,14,2567.0
MA501,,13:44:12.250#,2574.0,2580.0,2563.0,2769.0,2405.0,45759,231423,2562.0,201,2563.0,225,2564.0,85,2565.0,117,2566.0,71,2567.0,70,2568.0,87,2569.0,51,2570.0,29,2571.0,14,2567.0
MA501,,13:44:12.500#,2574.0,2580.0,2563.0,2769.0,2405.0,45759,231423,2562.0,201,2563.0,225,2564.0,85,2565.0,117,2566.0,73,2567.0,70,2568.0,87,2569.0,51,2570.0,29,2571.0,14,2567.0
MA501,,13:44:13.0#,2574.0,2580.0,2563.0,2769.0,2405.0,45759,231423,2562.0,201,2563.0,225,2564.0,85,2565.0,117,2566.0,78,2567.0,70,2568.0,87,2569.0,51,2570.0,29,2571.0,14,2567.0
MA501,,13:44:17.0#,2574.0,2580.0,2563.0,2769.0,2405.0,45759,231423,2562.0,201,2563.0,225,2564.0,85,2565.0,117,2566.0,59,2567.0,70,2568.0,87,2569.0,51,2570.0,29,2571.0,14,2567.0
MA501,,13:44:17.750#,2574.0,2580.0,2563.0,2769.0,2405.0,45759,231423,2562.0,201,2563.0,225,2564.0,85,2565.0,117,2566.0,78,2567.0,70,2568.0,87,2569.0,51,2570.0,29,2571.0,14,2567.0
MA501,,13:44:20.500#,2574.0,2580.0,2563.0,2769.0,2405.0,45761,231421,2562.0,201,2563.0,225,2564.0,85,2565.0,117,2566.0,78,2567.0,68,2568.0,87,2569.0,51,2570.0,29,2571.0,14,2567.0
MA501,,13:44:20.750#,2574.0,2580.0,2563.0,2769.0,2405.0,45791,231421,2562.0,201,2563.0,225,2564.0,85,2565.0,117,2566.0,78,2567.0,58,2568.0,87,2569.0,51,2570.0,29,2571.0,14,2567.0
MA501,,13:44:23.250#,2574.0,2580.0,2563.0,2769.0,2405.0,45792,231420,2562.0,201,2563.0,225,2564.0,85,2565.0,117,2566.0,78,2567.0,77,2568.0,87,2569.0,51,2570.0,29,2571.0,14,2567.0
MA501,,13:44:25.0#,2574.0,2580.0,2563.0,2769.0,2405.0,45792,231420,2562.0,201,2563.0,225,2564.0,85,2565.0,117,2566.0,78,2567.0,87,2568.0,87,2569.0,51,2570.0,29,2571.0,14,2567.0
MA501,,13:44:27.0#,2574.0,2580.0,2563.0,2769.0,2405.0,45792,231420,2562.0,201,2563.0,225,2564.0,85,2565.0,117,2566.0,78,2567.0,68,2568.0,87,2569.0,51,2570.0,29,2571.0,14,2567.0
MA501,,13:44:27.250#,2574.0,2580.0,2563.0,2769.0,2405.0,45792,231420,2562.0,201,2563.0,225,2564.0,85,2565.0,117,2566.0,78,2567.0,67,2568.0,87,2569.0,51,2570.0,29,2571.0,14,2567.0
MA501,,13:44:27.500#,2574.0,2580.0,2563.0,2769.0,2405.0,45792,231420,2562.0,201,2563.0,225,2564.0,84,2565.0,117,2566.0,78,2567.0,67,2568.0,87,2569.0,51,2570.0,29,2571.0,14,2567.0
MA501,,13:44:27.750#,2574.0,2580.0,2563.0,2769.0,2405.0,45792,231420,2562.0,201,2563.0,225,2564.0,84,2565.0,118,2566.0,78,2567.0,67,2568.0,87,2569.0,51,2570.0,29,2571.0,14,2567.0
MA501,,13:44:28.0#,2574.0,2580.0,2563.0,2769.0,2405.0,45792,231420,2562.0,201,2563.0,225,2564.0,84,2565.0,118,2566.0,79,2567.0,67,2568.0,87,2569.0,51,2570.0,29,2571.0,14,2567.0
MA501,,13:44:28.250#,2574.0,2580.0,2563.0,2769.0,2405.0,45792,231420,2562.0,201,2563.0,225,2564.0,84,2565.0,118,2566.0,80,2567.0,67,2568.0,87,2569.0,51,2570.0,29,2571.0,14,2567.0
MA501,,13:44:28.500#,2574.0,2580.0,2563.0,2769.0,2405.0,45792,231420,2562.0,201,2563.0,225,2564.0,84,2565.0,118,2566.0,84,2567.0,67,2568.0,87,2569.0,51,2570.0,29,2571.0,14,2567.0
MA501,,13:44:29.750#,2574.0,2580.0,2563.0,2769.0,2405.0,45792,231420,2562.0,201,2563.0,225,2564.0,84,2565.0,118,2566.0,89,2567.0,67,2568.0,87,2569.0,51,2570.0,29,2571.0,14,2567.0
MA501,,13:44:30.0#,2574.0,2580.0,2563.0,2769.0,2405.0,45792,231420,2562.0,201,2563.0,225,2564.0,84,2565.0,118,2566.0,89,2567.0,67,2568.0,87,2569.0,61,2570.0,29,2571.0,14,2567.0
MA501,,13:44:32.250#,2574.0,2580.0,2563.0,2769.0,2405.0,45792,231420,2562.0,201,2563.0,225,2564.0,84,2565.0,118,2566.0,89,2567.0,114,2568.0,87,2569.0,61,2570.0,29,2571.0,14,2567.0
MA501,,13:44:32.500#,2574.0,2580.0,2563.0,2769.0,2405.0,45805,231409,2562.0,201,2563.0,225,2564.0,84,2565.0,118,2566.0,86,2567.0,189,2568.0,87,2569.0,61,2570.0,29,2571.0,14,2566.0
MA501,,13:44:32.750#,2574.0,2580.0,2563.0,2769.0,2405.0,45805,231409,2562.0,201,2563.0,225,2564.0,84,2565.0,118,2566.0,84,2567.0,189,2568.0,87,2569.0,61,2570.0,29,2571.0,14,2566.0
MA501,,13:44:33.0#,2574.0,2580.0,2563.0,2769.0,2405.0,45805,231409,2562.0,201,2563.0,225,2564.0,84,2565.0,118,2566.0,81,2567.0,189,2568.0,87,2569.0,61,2570.0,29,2571.0,14,2566.0
MA501,,13:44:33.250#,2574.0,2580.0,2563.0,2769.0,2405.0,45806,231409,2562.0,201,2563.0,225,2564.0,84,2565.0,118,2566.0,80,2567.0,188,2568.0,87,2569.0,61,2570.0,29,2571.0,14,2567.0
MA501,,13:44:34.0#,2574.0,2580.0,2563.0,2769.0,2405.0,45806,231409,2562.0,201,2563.0,225,2564.0,84,2565.0,118,2566.0,82,2567.0,188,2568.0,87,2569.0,61,2570.0,29,2571.0,14,2567.0
MA501,,13:44:34.250#,2574.0,2580.0,2563.0,2769.0,2405.0,45806,231409,2562.0,201,2563.0,225,2564.0,84,2565.0,118,2566.0,81,2567.0,142,2568.0,87,2569.0,61,2570.0,29,2571.0,14,2567.0
MA501,,13:44:34.500#,2574.0,2580.0,2563.0,2769.0,2405.0,45806,231409,2562.0,201,2563.0,225,2564.0,84,2565.0,118,2566.0,78,2567.0,149,2568.0,87,2569.0,61,2570.0,29,2571.0,14,2567.0
MA501,,13:44:34.750#,2574.0,2580.0,2563.0,2769.0,2405.0,45806,231409,2562.0,201,2563.0,225,2564.0,84,2565.0,117,2566.0,78,2567.0,162,2568.0,87,2569.0,61,2570.0,29,2571.0,14,2567.0
MA501,,13:44:35.0#,2574.0,2580.0,2563.0,2769.0,2405.0,45806,231409,2562.0,201,2563.0,225,2564.0,85,2565.0,117,2566.0,78,2567.0,181,2568.0,87,2569.0,61,2570.0,29,2571.0,14,2567.0
MA501,,13:44:35.750#,2574.0,2580.0,2563.0,2769.0,2405.0,45811,231409,2562.0,201,2563.0,225,2564.0,85,2565.0,117,2566.0,78,2567.0,176,2568.0,87,2569.0,61,2570.0,29,2571.0,14,2567.0
MA501,,13:44:38.250#,2574.0,2580.0,2563.0,2769.0,2405.0,45811,231409,2562.0,201,2563.0,225,2564.0,85,2565.0,117,2566.0,78,2567.0,173,2568.0,87,2569.0,61,2570.0,29,2571.0,14,2567.0
MA501,,13:44:38.750#,2574.0,2580.0,2563.0,2769.0,2405.0,45812,231410,2562.0,201,2563.0,225,2564.0,85,2565.0,117,2566.0,77,2567.0,154,2568.0,87,2569.0,61,2570.0,29,2571.0,14,2566.0
MA501,,13:44:39.0#,2574.0,2580.0,2563.0,2769.0,2405.0,45812,231410,2562.0,201,2563.0,225,2564.0,85,2565.0,117,2566.0,77,2567.0,153,2568.0,87,2569.0,61,2570.0,29,2571.0,14,2566.0
MA501,,13:44:39.500#,2574.0,2580.0,2563.0,2769.0,2405.0,45812,231410,2562.0,201,2563.0,225,2564.0,85,2565.0,118,2566.0,77,2567.0,152,2568.0,87,2569.0,61,2570.0,29,2571.0,14,2566.0
MA501,,13:44:40.0#,2574.0,2580.0,2563.0,2769.0,2405.0,45812,231410,2562.0,201,2563.0,225,2564.0,85,2565.0,118,2566.0,77,2567.0,151,2568.0,87,2569.0,61,2570.0,29,2571.0,14,2566.0
MA501,,13:44:40.500#,2574.0,2580.0,2563.0,2769.0,2405.0,45812,231410,2562.0,201,2563.0,225,2564.0,85,2565.0,118,2566.0,77,2567.0,155,2568.0,87,2569.0,61,2570.0,29,2571.0,14,2566.0
MA501,,13:44:41.500#,2574.0,2580.0,2563.0,2769.0,2405.0,45812,231410,2562.0,201,2563.0,225,2564.0,85,2565.0,118,2566.0,77,2567.0,154,2568.0,87,2569.0,61,2570.0,29,2571.0,14,2566.0
MA501,,13:44:41.750#,2574.0,2580.0,2563.0,2769.0,2405.0,45812,231410,2562.0,201,2563.0,225,2564.0,85,2565.0,118,2566.0,77,2567.0,155,2568.0,87,2569.0,61,2570.0,29,2571.0,14,2566.0
MA501,,13:44:42.0#,2574.0,2580.0,2563.0,2769.0,2405.0,45812,231410,2562.0,201,2563.0,225,2564.0,85,2565.0,118,2566.0,77,2567.0,152,2568.0,87,2569.0,61,2570.0,29,2571.0,14,2566.0
MA501,,13:44:42.250#,2574.0,2580.0,2563.0,2769.0,2405.0,45812,231410,2562.0,201,2563.0,225,2564.0,85,2565.0,118,2566.0,77,2567.0,151,2568.0,87,2569.0,61,2570.0,29,2571.0,14,2566.0
MA501,,13:44:42.750#,2574.0,2580.0,2563.0,2769.0,2405.0,45812,231410,2562.0,201,2563.0,225,2564.0,85,2565.0,118,2566.0,83,2567.0,150,2568.0,87,2569.0,61,2570.0,29,2571.0,14,2566.0
MA501,,13:44:43.0#,2574.0,2580.0,2563.0,2769.0,2405.0,45812,231410,2562.0,201,2563.0,225,2564.0,85,2565.0,118,2566.0,83,2567.0,149,2568.0,87,2569.0,61,2570.0,29,2571.0,14,2566.0
MA501,,13:44:43.500#,2574.0,2580.0,2563.0,2769.0,2405.0,45812,231410,2562.0,201,2563.0,225,2564.0,85,2565.0,118,2566.0,83,2567.0,145,2568.0,87,2569.0,61,2570.0,29,2571.0,14,2566.0
MA501,,13:44:44.250#,2574.0,2580.0,2563.0,2769.0,2405.0,45812,231410,2562.0,201,2563.0,225,2564.0,85,2565.0,118,2566.0,83,2567.0,144,2568.0,87,2569.0,61,2570.0,29,2571.0,14,2566.0
MA501,,13:44:44.750#,2574.0,2580.0,2563.0,2769.0,2405.0,45812,231410,2562.0,201,2563.0,225,2564.0,85,2565.0,118,2566.0,87,2567.0,142,2568.0,87,2569.0,61,2570.0,29,2571.0,14,2566.0
MA501,,13:44:45.0#,2574.0,2580.0,2563.0,2769.0,2405.0,45812,231410,2562.0,201,2563.0,225,2564.0,84,2565.0,118,2566.0,95,2567.0,142,2568.0,87,2569.0,61,2570.0,29,2571.0,14,2566.0
MA501,,13:44:45.250#,2574.0,2580.0,2563.0,2769.0,2405.0,45812,231410,2562.0,201,2563.0,225,2564.0,84,2565.0,119,2566.0,83,2567.0,157,2568.0,87,2569.0,61,2570.0,29,2571.0,14,2566.0
MA501,,13:44:45.500#,2574.0,2580.0,2563.0,2769.0,2405.0,45812,231410,2562.0,201,2563.0,225,2564.0,84,2565.0,118,2566.0,83,2567.0,157,2568.0,87,2569.0,61,2570.0,29,2571.0,14,2566.0
MA501,,13:44:45.750#,2574.0,2580.0,2563.0,2769.0,2405.0,45812,231410,2562.0,201,2563.0,225,2564.0,85,2565.0,118,2566.0,83,2567.0,157,2568.0,87,2569.0,61,2570.0,29,2571.0,14,2566.0
MA501,,13:44:46.0#,2574.0,2580.0,2563.0,2769.0,2405.0,45812,231410,2562.0,201,2563.0,225,2564.0,85,2565.0,118,2566.0,84,2567.0,157,2568.0,87,2569.0,61,2570.0,29,2571.0,14,2566.0
MA501,,13:44:46.500#,2574.0,2580.0,2563.0,2769.0,2405.0,45814,231412,2562.0,201,2563.0,225,2564.0,85,2565.0,118,2566.0,87,2567.0,157,2568.0,87,2569.0,61,2570.0,29,2571.0,14,2566.0
MA501,,13:44:48.250#,2574.0,2580.0,2563.0,2769.0,2405.0,45814,231412,2562.0,201,2563.0,225,2564.0,85,2565.0,118,2566.0,102,2567.0,157,2568.0,87,2569.0,61,2570.0,29,2571.0,14,2566.0
MA501,,13:44:54.250#,2574.0,2580.0,2563.0,2769.0,2405.0,45814,231412,2562.0,201,2563.0,225,2564.0,85,2565.0,118,2566.0,102,2567.0,157,2568.0,87,2569.0,62,2570.0,29,2571.0,14,2566.0
MA501,,13:44:54.500#,2574.0,2580.0,2563.0,2769.0,2405.0,45814,231412,2562.0,201,2563.0,225,2564.0,85,2565.0,118,2566.0,102,2567.0,159,2568.0,87,2569.0,62,2570.0,29,2571.0,14,2566.0
MA501,,13:44:56.0#,2574.0,2580.0,2563.0,2769.0,2405.0,45814,231412,2562.0,201,2563.0,225,2564.0,85,2565.0,118,2566.0,103,2567.0,159,2568.0,87,2569.0,62,2570.0,29,2571.0,14,2566.0
MA501,,13:44:56.750#,2574.0,2580.0,2563.0,2769.0,2405.0,45814,231412,2562.0,201,2563.0,225,2564.0,85,2565.0,118,2566.0,103,2567.0,159,2568.0,87,2569.0,62,2570.0,30,2571.0,14,2566.0
MA501,,13:44:58.500#,2574.0,2580.0,2563.0,2769.0,2405.0,45814,231412,2562.0,201,2563.0,225,2564.0,85,2565.0,118,2566.0,103,2567.0,159,2568.0,87,2569.0,62,2570.0,31,2571.0,14,2566.0
MA501,,13:44:59.0#,2574.0,2580.0,2563.0,2769.0,2405.0,45824,231412,2562.0,201,2563.0,225,2564.0,85,2565.0,119,2566.0,103,2567.0,149,2568.0,87,2569.0,62,2570.0,31,2571.0,14,2566.0
MA501,,13:44:59.250#,2574.0,2580.0,2563.0,2769.0,2405.0,45824,231412,2562.0,201,2563.0,225,2564.0,85,2565.0,119,2566.0,89,2567.0,149,2568.0,87,2569.0,62,2570.0,31,2571.0,14,2566.0
MA501,,13:44:59.500#,2574.0,2580.0,2563.0,2769.0,2405.0,45824,231412,2562.0,201,2563.0,225,2564.0,85,2565.0,119,2566.0,89,2567.0,149,2568.0,87,2569.0,62,2570.0,31,2571.0,14,2566.0
MA501,,13:45:00.750#,2574.0,2580.0,2563.0,2769.0,2405.0,45825,231413,2562.0,201,2563.0,225,2564.0,85,2565.0,119,2566.0,88,2567.0,149,2568.0,87,2569.0,62,2570.0,31,2571.0,14,2566.0
MA501,,13:45:01.0#,2574.0,2580.0,2563.0,2769.0,2405.0,45835,231413,2562.0,201,2563.0,225,2564.0,85,2565.0,119,2566.0,88,2567.0,149,2568.0,87,2569.0,62,2570.0,31,2571.0,14,2567.0
MA501,,13:45:01.250#,2574.0,2580.0,2563.0,2769.0,2405.0,45835,231413,2562.0,201,2563.0,225,2564.0,85,2565.0,119,2566.0,88,2567.0,149,2568.0,87,2569.0,62,2570.0,31,2571.0,14,2567.0
MA501,,13:45:01.500#,2574.0,2580.0,2563.0,2769.0,2405.0,45851,231424,2562.0,201,2563.0,225,2564.0,85,2565.0,119,2566.0,72,2567.0,145,2568.0,87,2569.0,62,2570.0,31,2571.0,14,2566.0
MA501,,13:45:01.750#,2574.0,2580.0,2563.0,2769.0,2405.0,45852,231425,2562.0,201,2563.0,225,2564.0,85,2565.0,119,2566.0,68,2567.0,186,2568.0,87,2569.0,62,2570.0,31,2571.0,14,2566.0
MA501,,13:45:02.0#,2574.0,2580.0,2563.0,2769.0,2405.0,45924,231405,2562.0,201,2563.0,225,2564.0,85,2565.0,119,2566.0,24,2567.0,187,2568.0,87,2569.0,62,2570.0,31,2571.0,14,2566.0
MA501,,13:45:02.250#,2574.0,2580.0,2563.0,2769.0,2405.0,45958,231388,2561.0,120,2562.0,201,2563.0,225,2564.0,85,2565.0,141,2567.0,235,2568.0,87,2569.0,62,2570.0,31,2571.0,14,2565.0
MA501,,13:45:02.500#,2574.0,2580.0,2563.0,2769.0,2405.0,45962,231384,2562.0,201,2563.0,225,2564.0,85,2565.0,128,2566.0,15,2567.0,296,2568.0,89,2569.0,62,2570.0,31,2571.0,14,2566.0
MA501,,13:45:02.750#,2574.0,2580.0,2563.0,2769.0,2405.0,45977,231383,2561.0,120,2562.0,201,2563.0,225,2564.0,85,2565.0,157,2567.0,296,2568.0,89,2569.0,62,2570.0,31,2571.0,14,2566.0
MA501,,13:45:03.0#,2574.0,2580.0,2563.0,2769.0,2405.0,45977,231383,2562.0,201,2563.0,225,2564.0,85,2565.0,126,2566.0,19,2567.0,297,2568.0,89,2569.0,62,2570.0,31,2571.0,14,2566.0
MA501,,13:45:03.250#,2574.0,2580.0,2563.0,2769.0,2405.0,46034,231372,2562.0,201,2563.0,225,2564.0,85,2565.0,126,2566.0,19,2567.0,292,2568.0,89,2569.0,62,2570.0,31,2571.0,14,2566.0
MA501,,13:45:03.500#,2574.0,2580.0,2563.0,2769.0,2405.0,46034,231372,2562.0,201,2563.0,225,2564.0,85,2565.0,126,2566.0,19,2567.0,297,2568.0,89,2569.0,62,2570.0,31,2571.0,14,2566.0
MA501,,13:45:04.250#,2574.0,2580.0,2563.0,2769.0,2405.0,46034,231372,2562.0,201,2563.0,225,2564.0,85,2565.0,126,2566.0,19,2567.0,175,2568.0,89,2569.0,62,2570.0,31,2571.0,14,2566.0
MA501,,13:45:04.500#,2574.0,2580.0,2563.0,2769.0,2405.0,46034,231372,2562.0,201,2563.0,225,2564.0,85,2565.0,126,2566.0,37,2567.0,175,2568.0,89,2569.0,62,2570.0,31,2571.0,14,2566.0
MA501,,13:45:06.250#,2574.0,2580.0,2563.0,2769.0,2405.0,46035,231372,2562.0,201,2563.0,225,2564.0,85,2565.0,126,2566.0,36,2567.0,175,2568.0,89,2569.0,62,2570.0,31,2571.0,14,2566.0
MA501,,13:45:06.500#,2574.0,2580.0,2563.0,2769.0,2405.0,46035,231372,2562.0,201,2563.0,225,2564.0,85,2565.0,126,2566.0,37,2567.0,175,2568.0,89,2569.0,62,2570.0,31,2571.0,14,2566.0
MA501,,13:45:06.750#,2574.0,2580.0,2563.0,2769.0,2405.0,46038,231375,2562.0,201,2563.0,225,2564.0,85,2565.0,126,2566.0,37,2567.0,172,2568.0,89,2569.0,62,2570.0,31,2571.0,14,2566.0
MA501,,13:45:07.0#,2574.0,2580.0,2563.0,2769.0,2405.0,46038,231375,2562.0,201,2563.0,225,2564.0,85,2565.0,126,2566.0,37,2567.0,173,2568.0,89,2569.0,62,2570.0,31,2571.0,14,2566.0
MA501,,13:45:08.250#,2574.0,2580.0,2563.0,2769.0,2405.0,46038,231375,2562.0,201,2563.0,225,2564.0,85,2565.0,126,2566.0,38,2567.0,173,2568.0,89,2569.0,62,2570.0,31,2571.0,14,2566.0
MA501,,13:45:11.250#,2574.0,2580.0,2563.0,2769.0,2405.0,46038,231375,2562.0,201,2563.0,225,2564.0,85,2565.0,126,2566.0,37,2567.0,173,2568.0,89,2569.0,62,2570.0,31,2571.0,14,2566.0
MA501,,13:45:12.500#,2574.0,2580.0,2563.0,2769.0,2405.0,46038,231375,2562.0,201,2563.0,225,2564.0,85,2565.0,126,2566.0,36,2567.0,174,2568.0,89,2569.0,62,2570.0,31,2571.0,14,2566.0
MA501,,13:45:12.750#,2574.0,2580.0,2563.0,2769.0,2405.0,46038,231375,2562.0,201,2563.0,225,2564.0,85,2565.0,126,2566.0,36,2567.0,173,2568.0,89,2569.0,62,2570.0,31,2571.0,14,2566.0
MA501,,13:45:14.0#,2574.0,2580.0,2563.0,2769.0,2405.0,46038,231375,2562.0,201,2563.0,225,2564.0,85,2565.0,126,2566.0,40,2567.0,173,2568.0,89,2569.0,62,2570.0,31,2571.0,14,2566.0
MA501,,13:45:14.500#,2574.0,2580.0,2563.0,2769.0,2405.0,46042,231371,2562.0,201,2563.0,225,2564.0,85,2565.0,126,2566.0,40,2567.0,169,2568.0,89,2569.0,62,2570.0,31,2571.0,14,2567.0
MA501,,13:45:16.250#,2574.0,2580.0,2563.0,2769.0,2405.0,46042,231371,2562.0,201,2563.0,225,2564.0,85,2565.0,126,2566.0,40,2567.0,169,2568.0,89,2569.0,62,2570.0,31,2571.0,15,2567.0
MA501,,13:45:17.250#,2574.0,2580.0,2563.0,2769.0,2405.0,46042,231371,2562.0,201,2563.0,225,2564.0,85,2565.0,126,2566.0,39,2567.0,169,2568.0,89,2569.0,62,2570.0,31,2571.0,15,2567.0
MA501,,13:45:20.250#,2574.0,2580.0,2563.0,2769.0,2405.0,46042,231371,2562.0,201,2563.0,225,2564.0,85,2565.0,126,2566.0,41,2567.0,169,2568.0,89,2569.0,62,2570.0,31,2571.0,15,2567.0
MA501,,13:45:22.500#,2574.0,2580.0,2563.0,2769.0,2405.0,46043,231370,2562.0,201,2563.0,225,2564.0,85,2565.0,126,2566.0,41,2567.0,168,2568.0,89,2569.0,62,2570.0,31,2571.0,15,2567.0
MA501,,13:45:24.750#,2574.0,2580.0,2563.0,2769.0,2405.0,46044,231370,2562.0,201,2563.0,225,2564.0,85,2565.0,126,2566.0,40,2567.0,167,2568.0,89,2569.0,62,2570.0,31,2571.0,15,2566.0
MA501,,13:45:25.0#,2574.0,2580.0,2563.0,2769.0,2405.0,46045,231370,2562.0,201,2563.0,225,2564.0,85,2565.0,126,2566.0,39,2567.0,186,2568.0,89,2569.0,62,2570.0,31,2571.0,15,2566.0
MA501,,13:45:25.250#,2574.0,2580.0,2563.0,2769.0,2405.0,46055,231370,2562.0,201,2563.0,225,2564.0,85,2565.0,126,2566.0,29,2567.0,186,2568.0,89,2569.0,62,2570.0,31,2571.0,15,2566.0
MA501,,13:45:25.500#,2574.0,2580.0,2563.0,2769.0,2405.0,46058,231373,2562.0,201,2563.0,225,2564.0,85,2565.0,126,2566.0,29,2567.0,183,2568.0,89,2569.0,62,2570.0,31,2571.0,15,2566.0
MA501,,13:45:26.250#,2574.0,2580.0,2563.0,2769.0,2405.0,46088,231388,2562.0,201,2563.0,225,2564.0,85,2565.0,126,2566.0,30,2567.0,153,2568.0,89,2569.0,62,2570.0,31,2571.0,15,2567.0
MA501,,13:45:26.500#,2574.0,2580.0,2563.0,2769.0,2405.0,46088,231388,2562.0,201,2563.0,225,2564.0,85,2565.0,126,2566.0,55,2567.0,134,2568.0,89,2569.0,62,2570.0,31,2571.0,15,2567.0
MA501,,13:45:26.750#,2574.0,2580.0,2563.0,2769.0,2405.0,46088,231388,2562.0,201,2563.0,225,2564.0,85,2565.0,126,2566.0,60,2567.0,134,2568.0,89,2569.0,62,2570.0,31,2571.0,15,2567.0
MA501,,13:45:27.750#,2574.0,2580.0,2563.0,2769.0,2405.0,46088,231388,2562.0,201,2563.0,225,2564.0,85,2565.0,126,2566.0,65,2567.0,134,2568.0,89,2569.0,62,2570.0,31,2571.0,15,2567.0
MA501,,13:45:28.0#,2574.0,2580.0,2563.0,2769.0,2405.0,46088,231388,2562.0,201,2563.0,225,2564.0,85,2565.0,126,2566.0,61,2567.0,134,2568.0,89,2569.0,62,2570.0,31,2571.0,15,2567.0
MA501,,13:45:28.250#,2574.0,2580.0,2563.0,2769.0,2405.0,46088,231388,2562.0,201,2563.0,225,2564.0,85,2565.0,126,2566.0,65,2567.0,134,2568.0,89,2569.0,62,2570.0,31,2571.0,15,2567.0
MA501,,13:45:29.250#,2574.0,2580.0,2563.0,2769.0,2405.0,46088,231388,2562.0,201,2563.0,225,2564.0,85,2565.0,126,2566.0,66,2567.0,134,2568.0,89,2569.0,62,2570.0,31,2571.0,15,2567.0
MA501,,13:45:29.500#,2574.0,2580.0,2563.0,2769.0,2405.0,46088,231388,2562.0,201,2563.0,225,2564.0,85,2565.0,126,2566.0,62,2567.0,134,2568.0,89,2569.0,62,2570.0,31,2571.0,15,2567.0
MA501,,13:45:29.750#,2574.0,2580.0,2563.0,2769.0,2405.0,46088,231388,2562.0,201,2563.0,225,2564.0,85,2565.0,126,2566.0,66,2567.0,134,2568.0,89,2569.0,62,2570.0,31,2571.0,15,2567.0
MA501,,13:45:32.250#,2574.0,2580.0,2563.0,2769.0,2405.0,46101,231375,2562.0,201,2563.0,225,2564.0,85,2565.0,126,2566.0,72,2567.0,228,2568.0,89,2569.0,62,2570.0,31,2571.0,15,2566.0
MA501,,13:45:32.500#,2574.0,2580.0,2563.0,2769.0,2405.0,46101,231375,2562.0,201,2563.0,225,2564.0,85,2565.0,126,2566.0,68,2567.0,318,2568.0,89,2569.0,62,2570.0,31,2571.0,15,2566.0
MA501,,13:45:32.750#,2574.0,2580.0,2563.0,2769.0,2405.0,46101,231375,2562.0,201,2563.0,225,2564.0,85,2565.0,126,2566.0,67,2567.0,318,2568.0,89,2569.0,62,2570.0,31,2571.0,15,2566.0
MA501,,13:45:33.0#,2574.0,2580.0,2563.0,2769.0,2405.0,46101,231375,2562.0,201,2563.0,225,2564.0,85,2565.0,126,2566.0,67,2567.0,339,2568.0,89,2569.0,62,2570.0,31,2571.0,15,2566.0
MA501,,13:45:34.250#,2574.0,2580.0,2563.0,2769.0,2405.0,46101,231375,2562.0,201,2563.0,225,2564.0,85,2565.0,126,2566.0,67,2567.0,230,2568.0,89,2569.0,62,2570.0,31,2571.0,15,2566.0
MA501,,13:45:34.500#,2574.0,2580.0,2563.0,2769.0,2405.0,46101,231375,2562.0,201,2563.0,225,2564.0,85,2565.0,126,2566.0,63,2567.0,230,2568.0,89,2569.0,62,2570.0,31,2571.0,15,2566.0
MA501,,13:45:35.0#,2574.0,2580.0,2563.0,2769.0,2405.0,46101,231375,2562.0,201,2563.0,225,2564.0,85,2565.0,126,2566.0,42,2567.0,230,2568.0,89,2569.0,62,2570.0,31,2571.0,15,2566.0
MA501,,13:45:35.250#,2574.0,2580.0,2563.0,2769.0,2405.0,46101,231375,2562.0,201,2563.0,225,2564.0,85,2565.0,126,2566.0,43,2567.0,230,2568.0,89,2569.0,62,2570.0,31,2571.0,15,2566.0
MA501,,13:45:36.500#,2574.0,2580.0,2563.0,2769.0,2405.0,46102,231375,2562.0,201,2563.0,225,2564.0,85,2565.0,126,2566.0,42,2567.0,230,2568.0,89,2569.0,62,2570.0,31,2571.0,15,2566.0
MA501,,13:45:36.750#,2574.0,2580.0,2563.0,2769.0,2405.0,46102,231375,2562.0,201,2563.0,225,2564.0,85,2565.0,126,2566.0,43,2567.0,230,2568.0,89,2569.0,62,2570.0,31,2571.0,15,2566.0
MA501,,13:45:37.0#,2574.0,2580.0,2563.0,2769.0,2405.0,46102,231375,2562.0,201,2563.0,225,2564.0,85,2565.0,126,2566.0,47,2567.0,230,2568.0,89,2569.0,62,2570.0,31,2571.0,15,2566.0
MA501,,13:45:38.0#,2574.0,2580.0,2563.0,2769.0,2405.0,46102,231375,2562.0,201,2563.0,225,2564.0,85,2565.0,126,2566.0,48,2567.0,230,2568.0,89,2569.0,62,2570.0,31,2571.0,15,2566.0
MA501,,13:45:38.250#,2574.0,2580.0,2563.0,2769.0,2405.0,46102,231375,2562.0,201,2563.0,225,2564.0,85,2565.0,126,2566.0,44,2567.0,230,2568.0,89,2569.0,62,2570.0,31,2571.0,15,2566.0
MA501,,13:45:42.0#,2574.0,2580.0,2563.0,2769.0,2405.0,46102,231375,2562.0,201,2563.0,225,2564.0,85,2565.0,126,2566.0,44,2567.0,233,2568.0,89,2569.0,62,2570.0,31,2571.0,15,2566.0
MA501,,13:45:42.250#,2574.0,2580.0,2563.0,2769.0,2405.0,46102,231375,2562.0,201,2563.0,225,2564.0,85,2565.0,126,2566.0,46,2567.0,233,2568.0,89,2569.0,62,2570.0,31,2571.0,15,2566.0
MA501,,13:45:42.500#,2574.0,2580.0,2563.0,2769.0,2405.0,46102,231375,2562.0,201,2563.0,225,2564.0,85,2565.0,126,2566.0,51,2567.0,233,2568.0,89,2569.0,62,2570.0,31,2571.0,15,2566.0
MA501,,13:45:42.750#,2574.0,2580.0,2563.0,2769.0,2405.0,46102,231375,2562.0,201,2563.0,225,2564.0,85,2565.0,126,2566.0,53,2567.0,233,2568.0,89,2569.0,62,2570.0,31,2571.0,15,2566.0
MA501,,13:45:43.0#,2574.0,2580.0,2563.0,2769.0,2405.0,46102,231375,2562.0,203,2563.0,225,2564.0,85,2565.0,126,2566.0,51,2567.0,233,2568.0,89,2569.0,62,2570.0,31,2571.0,15,2566.0
MA501,,13:45:43.250#,2574.0,2580.0,2563.0,2769.0,2405.0,46102,231375,2562.0,203,2563.0,225,2564.0,85,2565.0,126,2566.0,53,2567.0,233,2568.0,89,2569.0,62,2570.0,31,2571.0,15,2566.0
MA501,,13:45:43.500#,2574.0,2580.0,2563.0,2769.0,2405.0,46102,231375,2562.0,203,2563.0,225,2564.0,85,2565.0,126,2566.0,51,2567.0,233,2568.0,89,2569.0,62,2570.0,31,2571.0,15,2566.0
MA501,,13:45:43.750#,2574.0,2580.0,2563.0,2769.0,2405.0,46102,231375,2562.0,203,2563.0,225,2564.0,85,2565.0,126,2566.0,53,2567.0,233,2568.0,89,2569.0,62,2570.0,31,2571.0,15,2566.0
MA501,,13:45:44.0#,2574.0,2580.0,2563.0,2769.0,2405.0,46102,231375,2562.0,203,2563.0,225,2564.0,85,2565.0,126,2566.0,51,2567.0,233,2568.0,89,2569.0,62,2570.0,31,2571.0,15,2566.0
MA501,,13:45:44.250#,2574.0,2580.0,2563.0,2769.0,2405.0,46102,231375,2562.0,203,2563.0,225,2564.0,85,2565.0,126,2566.0,53,2567.0,233,2568.0,89,2569.0,62,2570.0,31,2571.0,15,2566.0
MA501,,13:45:44.500#,2574.0,2580.0,2563.0,2769.0,2405.0,46102,231375,2562.0,203,2563.0,225,2564.0,85,2565.0,126,2566.0,51,2567.0,233,2568.0,89,2569.0,62,2570.0,31,2571.0,15,2566.0
MA501,,13:45:45.500#,2574.0,2580.0,2563.0,2769.0,2405.0,46122,231385,2562.0,203,2563.0,225,2564.0,85,2565.0,126,2566.0,31,2567.0,221,2568.0,89,2569.0,62,2570.0,31,2571.0,15,2566.0
MA501,,13:45:45.750#,2574.0,2580.0,2563.0,2769.0,2405.0,46122,231385,2562.0,203,2563.0,225,2564.0,85,2565.0,126,2566.0,29,2567.0,221,2568.0,89,2569.0,62,2570.0,31,2571.0,15,2566.0
MA501,,13:45:46.250#,2574.0,2580.0,2563.0,2769.0,2405.0,46122,231385,2562.0,203,2563.0,225,2564.0,85,2565.0,126,2566.0,27,2567.0,221,2568.0,89,2569.0,62,2570.0,31,2571.0,15,2566.0
MA501,,13:45:46.500#,2574.0,2580.0,2563.0,2769.0,2405.0,46122,231385,2562.0,203,2563.0,225,2564.0,85,2565.0,126,2566.0,27,2567.0,220,2568.0,89,2569.0,62,2570.0,31,2571.0,15,2566.0
MA501,,13:45:46.750#,2574.0,2580.0,2563.0,2769.0,2405.0,46123,231386,2562.0,203,2563.0,225,2564.0,85,2565.0,126,2566.0,26,2567.0,220,2568.0,89,2569.0,62,2570.0,31,2571.0,15,2566.0
MA501,,13:45:47.500#,2574.0,2580.0,2563.0,2769.0,2405.0,46124,231386,2562.0,203,2563.0,225,2564.0,85,2565.0,126,2566.0,25,2567.0,219,2568.0,89,2569.0,62,2570.0,31,2571.0,15,2566.0
MA501,,13:45:48.750#,2574.0,2580.0,2563.0,2769.0,2405.0,46124,231386,2562.0,203,2563.0,225,2564.0,85,2565.0,126,2566.0,26,2567.0,220,2568.0,89,2569.0,62,2570.0,31,2571.0,15,2566.0
MA501,,13:45:50.500#,2574.0,2580.0,2563.0,2769.0,2405.0,46129,231386,2562.0,203,2563.0,225,2564.0,85,2565.0,126,2566.0,21,2567.0,218,2568.0,89,2569.0,62,2570.0,31,2571.0,15,2566.0
MA501,,13:45:50.750#,2574.0,2580.0,2563.0,2769.0,2405.0,46132,231389,2562.0,203,2563.0,225,2564.0,85,2565.0,126,2566.0,21,2567.0,215,2568.0,89,2569.0,62,2570.0,31,2571.0,15,2566.0
MA501,,13:45:53.250#,2574.0,2580.0,2563.0,2769.0,2405.0,46132,231389,2562.0,203,2563.0,225,2564.0,85,2565.0,126,2566.0,22,2567.0,215,2568.0,89,2569.0,62,2570.0,31,2571.0,15,2566.0
MA501,,13:45:56.500#,2574.0,2580.0,2563.0,2769.0,2405.0,46133,231388,2562.0,203,2563.0,225,2564.0,85,2565.0,126,2566.0,21,2567.0,215,2568.0,89,2569.0,62,2570.0,31,2571.0,15,2566.0
MA501,,13:45:56.750#,2574.0,2580.0,2563.0,2769.0,2405.0,46133,231388,2562.0,203,2563.0,225,2564.0,85,2565.0,126,2566.0,41,2567.0,215,2568.0,89,2569.0,62,2570.0,31,2571.0,15,2566.0
MA501,,13:45:57.0#,2574.0,2580.0,2563.0,2769.0,2405.0,46133,231388,2562.0,203,2563.0,225,2564.0,85,2565.0,126,2566.0,41,2567.0,220,2568.0,89,2569.0,62,2570.0,31,2571.0,15,2566.0
MA501,,13:45:57.250#,2574.0,2580.0,2563.0,2769.0,2405.0,46133,231388,2562.0,203,2563.0,225,2564.0,85,2565.0,107,2566.0,29,2567.0,215,2568.0,89,2569.0,61,2570.0,31,2571.0,15,2566.0
MA501,,13:45:57.500#,2574.0,2580.0,2563.0,2769.0,2405.0,46133,231388,2562.0,203,2563.0,225,2564.0,85,2565.0,107,2566.0,48,2567.0,239,2568.0,89,2569.0,62,2570.0,31,2571.0,15,2566.0
MA501,,13:45:57.750#,2574.0,2580.0,2563.0,2769.0,2405.0,46133,231388,2562.0,203,2563.0,225,2564.0,85,2565.0,107,2566.0,29,2567.0,231,2568.0,89,2569.0,61,2570.0,31,2571.0,15,2566.0
MA501,,13:45:58.0#,2574.0,2580.0,2563.0,2769.0,2405.0,46133,231388,2562.0,203,2563.0,225,2564.0,85,2565.0,107,2566.0,29,2567.0,215,2568.0,90,2569.0,61,2570.0,31,2571.0,15,2566.0
MA501,,13:45:58.500#,2574.0,2580.0,2563.0,2769.0,2405.0,46133,231388,2562.0,203,2563.0,225,2564.0,85,2565.0,107,2566.0,48,2567.0,215,2568.0,90,2569.0,61,2570.0,31,2571.0,15,2566.0
MA501,,13:45:58.750#,2574.0,2580.0,2563.0,2769.0,2405.0,46133,231388,2562.0,203,2563.0,225,2564.0,85,2565.0,107,2566.0,53,2567.0,215,2568.0,90,2569.0,61,2570.0,31,2571.0,15,2566.0
MA501,,13:45:59.0#,2574.0,2580.0,2563.0,2769.0,2405.0,46133,231388,2562.0,203,2563.0,225,2564.0,85,2565.0,107,2566.0,58,2567.0,215,2568.0,90,2569.0,61,2570.0,31,2571.0,15,2566.0
MA501,,13:46:00.750#,2574.0,2580.0,2563.0,2769.0,2405.0,46133,231388,2562.0,203,2563.0,225,2564.0,83,2565.0,107,2566.0,61,2567.0,215,2568.0,90,2569.0,61,2570.0,31,2571.0,15,2566.0
MA501,,13:46:01.0#,2574.0,2580.0,2563.0,2769.0,2405.0,46133,231388,2562.0,203,2563.0,225,2564.0,83,2565.0,107,2566.0,86,2567.0,215,2568.0,90,2569.0,61,2570.0,31,2571.0,15,2566.0
MA501,,13:46:02.250#,2574.0,2580.0,2563.0,2769.0,2405.0,46145,231385,2562.0,203,2563.0,225,2564.0,83,2565.0,107,2566.0,74,2567.0,311,2568.0,90,2569.0,61,2570.0,31,2571.0,15,2566.0
MA501,,13:46:02.500#,2574.0,2580.0,2563.0,2769.0,2405.0,46145,231385,2562.0,203,2563.0,225,2564.0,83,2565.0,107,2566.0,49,2567.0,387,2568.0,90,2569.0,61,2570.0,31,2571.0,15,2566.0
MA501,,13:46:02.750#,2574.0,2580.0,2563.0,2769.0,2405.0,46145,231385,2562.0,203,2563.0,225,2564.0,83,2565.0,107,2566.0,52,2567.0,387,2568.0,90,2569.0,61,2570.0,31,2571.0,15,2566.0
MA501,,13:46:04.250#,2574.0,2580.0,2563.0,2769.0,2405.0,46145,231385,2562.0,203,2563.0,225,2564.0,83,2565.0,107,2566.0,52,2567.0,203,2568.0,90,2569.0,61,2570.0,31,2571.0,15,2566.0
MA501,,13:46:04.500#,2574.0,2580.0,2563.0,2769.0,2405.0,46145,231385,2562.0,203,2563.0,225,2564.0,83,2565.0,107,2566.0,48,2567.0,203,2568.0,90,2569.0,61,2570.0,31,2571.0,15,2566.0
MA501,,13:46:05.0#,2574.0,2580.0,2563.0,2769.0,2405.0,46145,231385,2562.0,203,2563.0,225,2564.0,83,2565.0,107,2566.0,69,2567.0,203,2568.0,90,2569.0,61,2570.0,31,2571.0,15,2566.0
MA501,,13:46:05.500#,2574.0,2580.0,2563.0,2769.0,2405.0,46145,231385,2562.0,203,2563.0,225,2564.0,83,2565.0,107,2566.0,69,2567.0,203,2568.0,90,2569.0,61,2570.0,31,2571.0,16,2566.0
MA501,,13:46:07.750#,2574.0,2580.0,2563.0,2769.0,2405.0,46145,231385,2562.0,203,2563.0,225,2564.0,83,2565.0,107,2566.0,48,2567.0,203,2568.0,90,2569.0,61,2570.0,31,2571.0,16,2566.0
MA501,,13:46:08.0#,2574.0,2580.0,2563.0,2769.0,2405.0,46145,231385,2562.0,203,2563.0,225,2564.0,83,2565.0,107,2566.0,57,2567.0,203,2568.0,90,2569.0,61,2570.0,31,2571.0,16,2566.0
MA501,,13:46:08.250#,2574.0,2580.0,2563.0,2769.0,2405.0,46147,231385,2562.0,203,2563.0,225,2564.0,83,2565.0,107,2566.0,55,2567.0,203,2568.0,90,2569.0,61,2570.0,31,2571.0,16,2566.0
MA501,,13:46:10.500#,2574.0,2580.0,2563.0,2769.0,2405.0,46147,231385,2562.0,203,2563.0,225,2564.0,83,2565.0,107,2566.0,61,2567.0,203,2568.0,90,2569.0,61,2570.0,31,2571.0,16,2566.0
MA501,,13:46:10.750#,2574.0,2580.0,2563.0,2769.0,2405.0,46147,231385,2562.0,203,2563.0,225,2564.0,83,2565.0,107,2566.0,57,2567.0,203,2568.0,90,2569.0,61,2570.0,31,2571.0,16,2566.0
MA501,,13:46:11.0#,2574.0,2580.0,2563.0,2769.0,2405.0,46147,231385,2562.0,203,2563.0,225,2564.0,83,2565.0,107,2566.0,61,2567.0,203,2568.0,90,2569.0,61,2570.0,31,2571.0,16,2566.0
MA501,,13:46:13.750#,2574.0,2580.0,2563.0,2769.0,2405.0,46147,231385,2562.0,203,2563.0,225,2564.0,83,2565.0,107,2566.0,66,2567.0,203,2568.0,90,2569.0,61,2570.0,31,2571.0,16,2566.0
MA501,,13:46:14.0#,2574.0,2580.0,2563.0,2769.0,2405.0,46147,231385,2562.0,203,2563.0,225,2564.0,83,2565.0,107,2566.0,62,2567.0,203,2568.0,90,2569.0,61,2570.0,31,2571.0,16,2566.0
MA501,,13:46:15.500#,2574.0,2580.0,2563.0,2769.0,2405.0,46147,231385,2562.0,203,2563.0,225,2564.0,83,2565.0,107,2566.0,83,2567.0,203,2568.0,90,2569.0,61,2570.0,31,2571.0,16,2566.0
MA501,,13:46:15.750#,2574.0,2580.0,2563.0,2769.0,2405.0,46147,231385,2562.0,203,2563.0,225,2564.0,83,2565.0,107,2566.0,64,2567.0,203,2568.0,90,2569.0,61,2570.0,31,2571.0,16,2566.0
MA501,,13:46:20.500#,2574.0,2580.0,2563.0,2769.0,2405.0,46147,231385,2562.0,203,2563.0,225,2564.0,83,2565.0,107,2566.0,85,2567.0,203,2568.0,90,2569.0,61,2570.0,31,2571.0,16,2566.0
MA501,,13:46:20.750#,2574.0,2580.0,2563.0,2769.0,2405.0,46147,231385,2562.0,203,2563.0,225,2564.0,83,2565.0,106,2566.0,85,2567.0,182,2568.0,90,2569.0,61,2570.0,31,2571.0,16,2566.0
MA501,,13:46:21.0#,2574.0,2580.0,2563.0,2769.0,2405.0,46147,231385,2562.0,203,2563.0,225,2564.0,83,2565.0,106,2566.0,87,2567.0,182,2568.0,90,2569.0,61,2570.0,31,2571.0,16,2566.0
MA501,,13:46:22.500#,2574.0,2580.0,2563.0,2769.0,2405.0,46147,231385,2562.0,203,2563.0,225,2564.0,83,2565.0,106,2566.0,84,2567.0,182,2568.0,90,2569.0,61,2570.0,31,2571.0,16,2566.0
MA501,,13:46:22.750#,2574.0,2580.0,2563.0,2769.0,2405.0,46147,231385,2562.0,203,2563.0,225,2564.0,83,2565.0,106,2566.0,80,2567.0,182,2568.0,90,2569.0,61,2570.0,31,2571.0,16,2566.0
MA501,,13:46:24.250#,2574.0,2580.0,2563.0,2769.0,2405.0,46147,231385,2562.0,203,2563.0,225,2564.0,83,2565.0,106,2566.0,81,2567.0,182,2568.0,90,2569.0,61,2570.0,31,2571.0,16,2566.0
MA501,,13:46:24.500#,2574.0,2580.0,2563.0,2769.0,2405.0,46147,231385,2562.0,203,2563.0,225,2564.0,83,2565.0,106,2566.0,85,2567.0,182,2568.0,90,2569.0,61,2570.0,31,2571.0,16,2566.0
MA501,,13:46:28.750#,2574.0,2580.0,2563.0,2769.0,2405.0,46147,231385,2562.0,203,2563.0,225,2564.0,83,2565.0,106,2566.0,90,2567.0,182,2568.0,90,2569.0,61,2570.0,31,2571.0,16,2566.0
MA501,,13:46:29.0#,2574.0,2580.0,2563.0,2769.0,2405.0,46147,231385,2562.0,203,2563.0,225,2564.0,83,2565.0,106,2566.0,86,2567.0,182,2568.0,90,2569.0,61,2570.0,31,2571.0,16,2566.0
MA501,,13:46:29.250#,2574.0,2580.0,2563.0,2769.0,2405.0,46147,231385,2562.0,203,2563.0,225,2564.0,83,2565.0,106,2566.0,90,2567.0,182,2568.0,90,2569.0,62,2570.0,31,2571.0,16,2566.0
MA501,,13:46:29.750#,2574.0,2580.0,2563.0,2769.0,2405.0,46147,231385,2562.0,203,2563.0,225,2564.0,83,2565.0,106,2566.0,90,2567.0,182,2568.0,89,2569.0,62,2570.0,31,2571.0,16,2566.0
MA501,,13:46:30.0#,2574.0,2580.0,2563.0,2769.0,2405.0,46147,231385,2562.0,203,2563.0,225,2564.0,83,2565.0,106,2566.0,86,2567.0,182,2568.0,89,2569.0,63,2570.0,31,2571.0,16,2566.0
MA501,,13:46:30.250#,2574.0,2580.0,2563.0,2769.0,2405.0,46147,231385,2562.0,203,2563.0,225,2564.0,83,2565.0,106,2566.0,90,2567.0,182,2568.0,89,2569.0,63,2570.0,31,2571.0,16,2566.0
MA501,,13:46:31.500#,2574.0,2580.0,2563.0,2769.0,2405.0,46147,231385,2562.0,203,2563.0,225,2564.0,83,2565.0,106,2566.0,69,2567.0,182,2568.0,89,2569.0,63,2570.0,31,2571.0,16,2566.0
MA501,,13:46:31.750#,2574.0,2580.0,2563.0,2769.0,2405.0,46147,231385,2562.0,203,2563.0,225,2564.0,83,2565.0,106,2566.0,65,2567.0,182,2568.0,89,2569.0,63,2570.0,31,2571.0,16,2566.0
MA501,,13:46:32.0#,2574.0,2580.0,2563.0,2769.0,2405.0,46147,231385,2562.0,203,2563.0,225,2564.0,83,2565.0,106,2566.0,88,2567.0,182,2568.0,89,2569.0,63,2570.0,31,2571.0,16,2566.0
MA501,,13:46:32.500#,2574.0,2580.0,2563.0,2769.0,2405.0,46160,231372,2562.0,203,2563.0,225,2564.0,83,2565.0,106,2566.0,75,2567.0,182,2568.0,89,2569.0,63,2570.0,31,2571.0,16,2566.0
MA501,,13:46:32.750#,2574.0,2580.0,2563.0,2769.0,2405.0,46160,231372,2562.0,203,2563.0,225,2564.0,83,2565.0,106,2566.0,71,2567.0,182,2568.0,89,2569.0,63,2570.0,31,2571.0,16,2566.0
MA501,,13:46:33.0#,2574.0,2580.0,2563.0,2769.0,2405.0,46160,231372,2562.0,203,2563.0,225,2564.0,83,2565.0,106,2566.0,78,2567.0,182,2568.0,89,2569.0,63,2570.0,31,2571.0,16,2566.0
MA501,,13:46:34.250#,2574.0,2580.0,2563.0,2769.0,2405.0,46160,231372,2562.0,203,2563.0,225,2564.0,83,2565.0,106,2566.0,78,2567.0,10,2568.0,89,2569.0,63,2570.0,31,2571.0,16,2566.0
MA501,,13:46:34.500#,2574.0,2580.0,2563.0,2769.0,2405.0,46160,231372,2562.0,203,2563.0,225,2564.0,83,2565.0,105,2566.0,95,2567.0,19,2568.0,89,2569.0,63,2570.0,31,2571.0,16,2566.0
MA501,,13:46:34.750#,2574.0,2580.0,2563.0,2769.0,2405.0,46160,231372,2562.0,203,2563.0,225,2564.0,83,2565.0,105,2566.0,95,2567.0,30,2568.0,89,2569.0,63,2570.0,31,2571.0,16,2566.0
MA501,,13:46:35.500#,2574.0,2580.0,2563.0,2769.0,2405.0,46160,231372,2562.0,203,2563.0,225,2564.0,83,2565.0,105,2566.0,95,2567.0,51,2568.0,89,2569.0,63,2570.0,31,2571.0,16,2566.0
MA501,,13:46:35.750#,2574.0,2580.0,2563.0,2769.0,2405.0,46160,231372,2562.0,203,2563.0,225,2564.0,83,2565.0,105,2566.0,96,2567.0,51,2568.0,89,2569.0,63,2570.0,31,2571.0,16,2566.0
MA501,,13:46:37.750#,2574.0,2580.0,2563.0,2769.0,2405.0,46160,231372,2562.0,203,2563.0,225,2564.0,83,2565.0,105,2566.0,96,2567.0,30,2568.0,89,2569.0,63,2570.0,31,2571.0,16,2566.0
MA501,,13:46:38.250#,2574.0,2580.0,2563.0,2769.0,2405.0,46160,231372,2562.0,203,2563.0,225,2564.0,83,2565.0,105,2566.0,96,2567.0,46,2568.0,89,2569.0,63,2570.0,31,2571.0,16,2566.0
MA501,,13:46:44.250#,2574.0,2580.0,2563.0,2769.0,2405.0,46160,231372,2562.0,203,2563.0,225,2564.0,83,2565.0,105,2566.0,96,2567.0,65,2568.0,89,2569.0,63,2570.0,31,2571.0,16,2566.0
MA501,,13:46:45.0#,2574.0,2580.0,2563.0,2769.0,2405.0,46160,231372,2562.0,203,2563.0,225,2564.0,83,2565.0,105,2566.0,101,2567.0,65,2568.0,89,2569.0,63,2570.0,31,2571.0,16,2566.0
MA501,,13:46:45.500#,2574.0,2580.0,2563.0,2769.0,2405.0,46160,231372,2562.0,203,2563.0,225,2564.0,83,2565.0,105,2566.0,80,2567.0,64,2568.0,89,2569.0,63,2570.0,31,2571.0,16,2566.0
MA501,,13:46:47.500#,2574.0,2580.0,2563.0,2769.0,2405.0,46160,231372,2562.0,203,2563.0,225,2564.0,83,2565.0,105,2566.0,80,2567.0,64,2568.0,89,2569.0,63,2570.0,31,2571.0,16,2566.0
MA501,,13:46:57.750#,2574.0,2580.0,2563.0,2769.0,2405.0,46160,231372,2562.0,203,2563.0,225,2564.0,83,2565.0,105,2566.0,61,2567.0,64,2568.0,89,2569.0,63,2570.0,31,2571.0,16,2566.0
MA501,,13:46:58.0#,2574.0,2580.0,2563.0,2769.0,2405.0,46160,231372,2562.0,203,2563.0,225,2564.0,83,2565.0,105,2566.0,55,2567.0,92,2568.0,89,2569.0,63,2570.0,31,2571.0,16,2566.0
MA501,,13:46:58.250#,2574.0,2580.0,2563.0,2769.0,2405.0,46160,231372,2562.0,203,2563.0,225,2564.0,83,2565.0,105,2566.0,31,2567.0,92,2568.0,89,2569.0,62,2570.0,31,2571.0,16,2566.0
MA501,,13:46:58.500#,2574.0,2580.0,2563.0,2769.0,2405.0,46160,231372,2562.0,203,2563.0,225,2564.0,83,2565.0,105,2566.0,31,2567.0,92,2568.0,90,2569.0,62,2570.0,31,2571.0,16,2566.0
MA501,,13:47:00.500#,2574.0,2580.0,2563.0,2769.0,2405.0,46165,231370,2562.0,203,2563.0,225,2564.0,83,2565.0,105,2566.0,31,2567.0,65,2568.0,90,2569.0,62,2570.0,31,2571.0,16,2566.0
MA501,,13:47:00.750#,2574.0,2580.0,2563.0,2769.0,2405.0,46165,231370,2562.0,203,2563.0,225,2564.0,83,2565.0,105,2566.0,60,2567.0,64,2568.0,90,2569.0,62,2570.0,31,2571.0,16,2566.0
MA501,,13:47:01.0#,2574.0,2580.0,2563.0,2769.0,2405.0,46165,231370,2562.0,203,2563.0,225,2564.0,83,2565.0,105,2566.0,79,2567.0,64,2568.0,89,2569.0,62,2570.0,31,2571.0,16,2566.0
MA501,,13:47:01.250#,2574.0,2580.0,2563.0,2769.0,2405.0,46165,231370,2562.0,203,2563.0,225,2564.0,83,2565.0,105,2566.0,79,2567.0,64,2568.0,89,2569.0,63,2570.0,31,2571.0,16,2566.0
MA501,,13:47:01.500#,2574.0,2580.0,2563.0,2769.0,2405.0,46165,231370,2562.0,203,2563.0,225,2564.0,83,2565.0,105,2566.0,77,2567.0,64,2568.0,89,2569.0,63,2570.0,31,2571.0,16,2566.0
MA501,,13:47:02.250#,2574.0,2580.0,2563.0,2769.0,2405.0,46165,231370,2562.0,203,2563.0,225,2564.0,83,2565.0,105,2566.0,77,2567.0,120,2568.0,89,2569.0,63,2570.0,31,2571.0,16,2566.0
MA501,,13:47:02.500#,2574.0,2580.0,2563.0,2769.0,2405.0,46177,231362,2562.0,203,2563.0,225,2564.0,83,2565.0,105,2566.0,65,2567.0,120,2568.0,89,2569.0,63,2570.0,31,2571.0,16,2566.0
MA501,,13:47:09.500#,2574.0,2580.0,2563.0,2769.0,2405.0,46182,231357,2562.0,203,2563.0,225,2564.0,83,2565.0,105,2566.0,65,2567.0,115,2568.0,89,2569.0,63,2570.0,31,2571.0,16,2567.0
MA501,,13:47:11.250#,2574.0,2580.0,2563.0,2769.0,2405.0,46182,231357,2562.0,203,2563.0,225,2564.0,83,2565.0,105,2566.0,65,2567.0,131,2568.0,89,2569.0,63,2570.0,31,2571.0,16,2567.0
MA501,,13:47:11.500#,2574.0,2580.0,2563.0,2769.0,2405.0,46182,231357,2562.0,203,2563.0,225,2564.0,83,2565.0,105,2566.0,60,2567.0,131,2568.0,89,2569.0,63,2570.0,31,2571.0,16,2567.0
MA501,,13:47:11.750#,2574.0,2580.0,2563.0,2769.0,2405.0,46182,231357,2562.0,203,2563.0,225,2564.0,83,2565.0,105,2566.0,61,2567.0,131,2568.0,89,2569.0,63,2570.0,31,2571.0,16,2567.0
MA501,,13:47:12.0#,2574.0,2580.0,2563.0,2769.0,2405.0,46182,231357,2562.0,203,2563.0,225,2564.0,83,2565.0,105,2566.0,58,2567.0,135,2568.0,89,2569.0,63,2570.0,31,2571.0,16,2567.0
MA501,,13:47:12.250#,2574.0,2580.0,2563.0,2769.0,2405.0,46182,231357,2562.0,203,2563.0,225,2564.0,83,2565.0,105,2566.0,39,2567.0,153,2568.0,89,2569.0,62,2570.0,31,2571.0,16,2567.0
MA501,,13:47:12.500#,2574.0,2580.0,2563.0,2769.0,2405.0,46182,231357,2562.0,203,2563.0,225,2564.0,83,2565.0,105,2566.0,39,2567.0,154,2568.0,90,2569.0,62,2570.0,31,2571.0,16,2567.0
MA501,,13:47:12.750#,2574.0,2580.0,2563.0,2769.0,2405.0,46182,231357,2562.0,203,2563.0,225,2564.0,83,2565.0,105,2566.0,39,2567.0,137,2568.0,90,2569.0,62,2570.0,31,2571.0,16,2567.0
MA501,,13:47:13.0#,2574.0,2580.0,2563.0,2769.0,2405.0,46182,231357,2562.0,203,2563.0,225,2564.0,83,2565.0,105,2566.0,41,2567.0,132,2568.0,90,2569.0,62,2570.0,31,2571.0,16,2567.0
MA501,,13:47:13.250#,2574.0,2580.0,2563.0,2769.0,2405.0,46182,231357,2562.0,203,2563.0,225,2564.0,83,2565.0,105,2566.0,46,2567.0,132,2568.0,90,2569.0,62,2570.0,31,2571.0,16,2567.0
MA501,,13:47:13.500#,2574.0,2580.0,2563.0,2769.0,2405.0,46182,231357,2562.0,203,2563.0,225,2564.0,83,2565.0,105,2566.0,46,2567.0,153,2568.0,90,2569.0,62,2570.0,31,2571.0,16,2567.0
MA501,,13:47:13.750#,2574.0,2580.0,2563.0,2769.0,2405.0,46182,231357,2562.0,203,2563.0,225,2564.0,83,2565.0,105,2566.0,44,2567.0,132,2568.0,90,2569.0,62,2570.0,31,2571.0,16,2567.0
MA501,,13:47:14.0#,2574.0,2580.0,2563.0,2769.0,2405.0,46182,231357,2562.0,203,2563.0,225,2564.0,83,2565.0,105,2566.0,47,2567.0,131,2568.0,90,2569.0,62,2570.0,31,2571.0,16,2567.0
MA501,,13:47:14.250#,2574.0,2580.0,2563.0,2769.0,2405.0,46182,231357,2562.0,203,2563.0,225,2564.0,83,2565.0,105,2566.0,68,2567.0,131,2568.0,89,2569.0,62,2570.0,31,2571.0,16,2567.0
