InstrumentId,ExchangeId,Datetime,OpenPrice,HighestPrice,LowestPrice,UpperLimitPrice,LowerLimitPrice,Volume,OpenInterest,BidPrice5,BidVolume5,BidPrice4,BidVolume4,BidPrice3,BidVolume3,BidPrice2,BidVolume2,BidPrice1,BidVolume1,AskPrice1,AskVolume1,AskPrice2,AskVolume2,AskPrice3,AskVolume3,AskPrice4,AskVolume4,AskPrice5,AskVolume5,LastPrice
ni2409,,13:38:35.0#,129420.0,130080.0,128100.0,143840.0,117690.0,131925,127497.0,128930.0,3,128940.0,1,128950.0,51,128960.0,2,128970.0,5,129000.0,3,129010.0,4,129020.0,6,129030.0,6,129040.0,3,129000.0
ni2409,,13:38:35.500#,129420.0,130080.0,128100.0,143840.0,117690.0,131928,127495.0,128930.0,3,128940.0,4,128950.0,51,128960.0,2,128970.0,8,129010.0,4,129020.0,6,129030.0,6,129040.0,3,129050.0,28,129000.0
ni2409,,13:38:36.0#,129420.0,130080.0,128100.0,143840.0,117690.0,131928,127495.0,128950.0,51,128960.0,2,128970.0,9,128980.0,25,128990.0,1,129010.0,4,129020.0,6,129030.0,6,129040.0,3,129050.0,28,129000.0
ni2409,,13:38:36.500#,129420.0,130080.0,128100.0,143840.0,117690.0,131932,127491.0,128960.0,2,128970.0,8,128980.0,24,128990.0,3,129000.0,2,129020.0,2,129030.0,6,129040.0,5,129050.0,28,129060.0,1,129010.0
ni2409,,13:38:37.0#,129420.0,130080.0,128100.0,143840.0,117690.0,131932,127491.0,128970.0,5,128980.0,16,128990.0,3,129000.0,6,129010.0,3,129030.0,4,129040.0,5,129050.0,28,129060.0,1,129070.0,2,129010.0
ni2409,,13:38:37.500#,129420.0,130080.0,128100.0,143840.0,117690.0,131932,127491.0,128970.0,5,128980.0,6,128990.0,2,129000.0,6,129010.0,4,129030.0,2,129040.0,5,129050.0,28,129060.0,1,129070.0,2,129010.0
ni2409,,13:38:38.0#,129420.0,130080.0,128100.0,143840.0,117690.0,131932,127491.0,128980.0,6,128990.0,2,129000.0,6,129010.0,2,129020.0,1,129030.0,2,129040.0,5,129050.0,28,129060.0,1,129070.0,2,129010.0
ni2409,,13:38:38.500#,129420.0,130080.0,128100.0,143840.0,117690.0,131933,127491.0,128970.0,5,128980.0,6,128990.0,2,129000.0,5,129010.0,1,129030.0,1,129040.0,5,129050.0,28,129060.0,1,129070.0,2,129010.0
ni2409,,13:38:39.0#,129420.0,130080.0,128100.0,143840.0,117690.0,131933,127491.0,128970.0,5,128980.0,6,128990.0,2,129000.0,5,129010.0,15,129030.0,2,129040.0,5,129050.0,31,129060.0,1,129070.0,2,129010.0
ni2409,,13:38:39.500#,129420.0,130080.0,128100.0,143840.0,117690.0,131935,127490.0,128980.0,3,128990.0,1,129000.0,5,129010.0,6,129020.0,7,129030.0,1,129040.0,5,129050.0,31,129060.0,1,129070.0,2,129020.0
ni2409,,13:38:40.0#,129420.0,130080.0,128100.0,143840.0,117690.0,131936,127489.0,128990.0,1,129000.0,2,129010.0,4,129020.0,7,129030.0,6,129040.0,5,129050.0,31,129060.0,1,129070.0,2,129080.0,17,129030.0
ni2409,,13:38:40.500#,129420.0,130080.0,128100.0,143840.0,117690.0,131936,127489.0,128990.0,1,129000.0,2,129010.0,4,129020.0,7,129030.0,4,129040.0,6,129050.0,31,129060.0,1,129070.0,2,129080.0,17,129030.0
ni2409,,13:38:41.0#,129420.0,130080.0,128100.0,143840.0,117690.0,131940,127485.0,128980.0,3,128990.0,1,129000.0,2,129010.0,1,129020.0,4,129040.0,6,129050.0,31,129060.0,1,129070.0,2,129080.0,17,129030.0
ni2409,,13:38:41.500#,129420.0,130080.0,128100.0,143840.0,117690.0,131940,127485.0,128980.0,3,128990.0,1,129000.0,2,129010.0,1,129020.0,5,129030.0,1,129040.0,6,129050.0,31,129060.0,1,129070.0,2,129030.0
ni2409,,13:38:42.0#,129420.0,130080.0,128100.0,143840.0,117690.0,131941,127485.0,128970.0,5,128980.0,3,129000.0,2,129010.0,1,129020.0,5,129040.0,6,129050.0,31,129060.0,1,129070.0,2,129080.0,17,129030.0
ni2409,,13:38:42.500#,129420.0,130080.0,128100.0,143840.0,117690.0,131943,127485.0,128980.0,3,128990.0,4,129000.0,1,129010.0,1,129020.0,3,129040.0,6,129050.0,31,129060.0,1,129070.0,2,129080.0,17,129020.0
ni2409,,13:38:43.0#,129420.0,130080.0,128100.0,143840.0,117690.0,131943,127485.0,128980.0,3,128990.0,4,129000.0,1,129010.0,1,129020.0,1,129040.0,6,129050.0,31,129060.0,1,129070.0,2,129080.0,17,129020.0
ni2409,,13:38:43.500#,129420.0,130080.0,128100.0,143840.0,117690.0,131943,127485.0,128980.0,3,128990.0,1,129000.0,1,129010.0,1,129020.0,1,129030.0,1,129040.0,5,129050.0,31,129060.0,1,129070.0,2,129020.0
ni2409,,13:38:44.0#,129420.0,130080.0,128100.0,143840.0,117690.0,131944,127485.0,128980.0,3,128990.0,1,129000.0,1,129010.0,1,129020.0,1,129030.0,2,129040.0,5,129050.0,31,129060.0,1,129070.0,2,129030.0
ni2409,,13:38:45.0#,129420.0,130080.0,128100.0,143840.0,117690.0,131944,127485.0,128980.0,3,128990.0,1,129000.0,1,129010.0,1,129020.0,1,129030.0,1,129040.0,5,129050.0,31,129060.0,1,129070.0,2,129030.0
ni2409,,13:38:45.500#,129420.0,130080.0,128100.0,143840.0,117690.0,131945,127484.0,128980.0,3,128990.0,1,129000.0,1,129010.0,1,129020.0,1,129040.0,5,129050.0,31,129060.0,1,129070.0,2,129080.0,17,129030.0
ni2409,,13:38:46.0#,129420.0,130080.0,128100.0,143840.0,117690.0,131946,127483.0,128980.0,3,128990.0,1,129000.0,1,129010.0,1,129020.0,1,129040.0,5,129050.0,31,129060.0,1,129070.0,2,129080.0,17,129020.0
ni2409,,13:38:46.500#,129420.0,130080.0,128100.0,143840.0,117690.0,131946,127483.0,128970.0,5,128980.0,3,128990.0,1,129000.0,4,129010.0,1,129040.0,5,129050.0,31,129060.0,1,129070.0,2,129080.0,17,129020.0
ni2409,,13:38:47.0#,129420.0,130080.0,128100.0,143840.0,117690.0,131946,127483.0,128970.0,5,128980.0,3,128990.0,1,129000.0,4,129010.0,15,129040.0,5,129050.0,31,129060.0,1,129070.0,2,129080.0,16,129020.0
ni2409,,13:38:47.500#,129420.0,130080.0,128100.0,143840.0,117690.0,131946,127483.0,128970.0,5,128980.0,3,129000.0,4,129010.0,8,129020.0,15,129040.0,6,129050.0,31,129060.0,1,129070.0,2,129080.0,16,129020.0
ni2409,,13:38:48.0#,129420.0,130080.0,128100.0,143840.0,117690.0,131946,127483.0,128980.0,3,128990.0,3,129000.0,4,129010.0,8,129020.0,16,129030.0,1,129040.0,7,129050.0,31,129060.0,1,129070.0,2,129020.0
ni2409,,13:38:48.500#,129420.0,130080.0,128100.0,143840.0,117690.0,131948,127482.0,128980.0,3,128990.0,3,129000.0,4,129010.0,7,129020.0,13,129040.0,6,129050.0,31,129060.0,1,129070.0,2,129080.0,16,129040.0
ni2409,,13:38:49.0#,129420.0,130080.0,128100.0,143840.0,117690.0,131950,127483.0,128980.0,3,128990.0,3,129000.0,4,129010.0,7,129020.0,13,129040.0,4,129050.0,31,129060.0,1,129070.0,2,129080.0,16,129040.0
ni2409,,13:38:49.500#,129420.0,130080.0,128100.0,143840.0,117690.0,131950,127483.0,128980.0,3,128990.0,3,129000.0,4,129010.0,7,129020.0,10,129040.0,4,129050.0,31,129060.0,1,129070.0,2,129080.0,16,129040.0
ni2409,,13:38:50.0#,129420.0,130080.0,128100.0,143840.0,117690.0,131955,127480.0,128980.0,4,128990.0,3,129000.0,4,129010.0,5,129020.0,5,129040.0,4,129050.0,31,129060.0,1,129070.0,2,129080.0,16,129020.0
ni2409,,13:38:50.500#,129420.0,130080.0,128100.0,143840.0,117690.0,131956,127479.0,128980.0,4,128990.0,3,129000.0,4,129010.0,5,129020.0,5,129040.0,4,129050.0,31,129060.0,1,129070.0,2,129080.0,16,129020.0
ni2409,,13:38:51.0#,129420.0,130080.0,128100.0,143840.0,117690.0,131957,127480.0,128980.0,4,128990.0,3,129000.0,4,129010.0,5,129020.0,5,129040.0,3,129050.0,31,129060.0,1,129070.0,2,129080.0,16,129040.0
ni2409,,13:38:52.0#,129420.0,130080.0,128100.0,143840.0,117690.0,131958,127481.0,128980.0,4,128990.0,3,129000.0,4,129010.0,5,129020.0,5,129040.0,2,129050.0,31,129060.0,1,129070.0,2,129080.0,16,129040.0
ni2409,,13:38:52.500#,129420.0,130080.0,128100.0,143840.0,117690.0,131958,127481.0,128980.0,4,128990.0,3,129000.0,4,129010.0,5,129020.0,5,129040.0,3,129050.0,31,129060.0,1,129070.0,2,129080.0,16,129040.0
ni2409,,13:38:54.0#,129420.0,130080.0,128100.0,143840.0,117690.0,131958,127481.0,128990.0,3,129000.0,4,129010.0,5,129020.0,5,129030.0,1,129040.0,3,129050.0,31,129060.0,1,129070.0,2,129080.0,16,129040.0
ni2409,,13:38:54.500#,129420.0,130080.0,128100.0,143840.0,117690.0,131961,127479.0,128990.0,3,129000.0,4,129010.0,5,129020.0,4,129030.0,5,129040.0,1,129050.0,31,129060.0,1,129070.0,2,129080.0,16,129040.0
ni2409,,13:38:55.0#,129420.0,130080.0,128100.0,143840.0,117690.0,131963,127478.0,129000.0,4,129010.0,4,129020.0,5,129030.0,6,129040.0,3,129050.0,31,129060.0,1,129070.0,2,129080.0,16,129090.0,7,129040.0
ni2409,,13:38:55.500#,129420.0,130080.0,128100.0,143840.0,117690.0,131964,127477.0,129000.0,4,129010.0,4,129020.0,5,129030.0,6,129040.0,3,129050.0,30,129060.0,1,129070.0,2,129080.0,16,129090.0,7,129050.0
ni2409,,13:38:56.0#,129420.0,130080.0,128100.0,143840.0,117690.0,131965,127478.0,129000.0,4,129010.0,4,129020.0,5,129030.0,6,129040.0,2,129050.0,32,129060.0,1,129070.0,2,129080.0,16,129090.0,7,129040.0
ni2409,,13:38:56.500#,129420.0,130080.0,128100.0,143840.0,117690.0,131971,127478.0,128980.0,4,129000.0,4,129010.0,4,129020.0,5,129030.0,6,129050.0,28,129060.0,1,129070.0,2,129080.0,16,129090.0,7,129050.0
ni2409,,13:38:57.0#,129420.0,130080.0,128100.0,143840.0,117690.0,131971,127478.0,128990.0,1,129000.0,4,129010.0,4,129020.0,5,129030.0,6,129040.0,1,129050.0,28,129060.0,1,129070.0,2,129080.0,16,129050.0
ni2409,,13:38:57.500#,129420.0,130080.0,128100.0,143840.0,117690.0,131972,127477.0,128990.0,1,129000.0,4,129010.0,4,129020.0,5,129030.0,5,129040.0,1,129050.0,28,129060.0,1,129070.0,2,129080.0,16,129040.0
ni2409,,13:38:58.0#,129420.0,130080.0,128100.0,143840.0,117690.0,131974,127477.0,129000.0,4,129010.0,4,129020.0,5,129030.0,4,129040.0,2,129050.0,27,129060.0,1,129070.0,2,129080.0,16,129090.0,7,129050.0
ni2409,,13:38:58.500#,129420.0,130080.0,128100.0,143840.0,117690.0,131974,127477.0,129000.0,4,129010.0,4,129020.0,5,129030.0,4,129040.0,4,129050.0,27,129060.0,1,129070.0,2,129080.0,16,129090.0,7,129050.0
ni2409,,13:38:59.0#,129420.0,130080.0,128100.0,143840.0,117690.0,131976,127479.0,129000.0,4,129010.0,4,129020.0,5,129030.0,4,129040.0,2,129050.0,27,129060.0,1,129070.0,2,129080.0,16,129090.0,7,129040.0
ni2409,,13:38:59.500#,129420.0,130080.0,128100.0,143840.0,117690.0,131981,127478.0,129000.0,4,129010.0,4,129020.0,5,129030.0,4,129040.0,2,129050.0,22,129060.0,1,129070.0,2,129080.0,16,129090.0,7,129050.0
ni2409,,13:39:00.0#,129420.0,130080.0,128100.0,143840.0,117690.0,131984,127476.0,129000.0,4,129010.0,4,129020.0,5,129030.0,4,129040.0,2,129050.0,19,129060.0,1,129070.0,2,129080.0,16,129090.0,7,129050.0
ni2409,,13:39:00.500#,129420.0,130080.0,128100.0,143840.0,117690.0,131984,127476.0,129000.0,4,129010.0,4,129020.0,5,129030.0,4,129040.0,2,129050.0,20,129060.0,1,129070.0,2,129080.0,16,129090.0,7,129050.0
ni2409,,13:39:01.0#,129420.0,130080.0,128100.0,143840.0,117690.0,131985,127475.0,129000.0,4,129010.0,4,129020.0,5,129030.0,4,129040.0,1,129050.0,20,129060.0,1,129070.0,2,129080.0,16,129090.0,7,129040.0
ni2409,,13:39:02.0#,129420.0,130080.0,128100.0,143840.0,117690.0,131986,127475.0,128990.0,1,129000.0,4,129010.0,4,129020.0,5,129030.0,4,129040.0,1,129050.0,21,129060.0,1,129070.0,2,129080.0,16,129040.0
ni2409,,13:39:02.500#,129420.0,130080.0,128100.0,143840.0,117690.0,131995,127477.0,128970.0,6,128980.0,4,128990.0,1,129000.0,4,129010.0,4,129040.0,1,129050.0,21,129060.0,1,129070.0,2,129080.0,16,129020.0
ni2409,,13:39:03.0#,129420.0,130080.0,128100.0,143840.0,117690.0,131995,127477.0,128970.0,6,128980.0,4,128990.0,4,129000.0,4,129010.0,2,129040.0,2,129050.0,21,129060.0,1,129070.0,2,129080.0,16,129020.0
ni2409,,13:39:03.500#,129420.0,130080.0,128100.0,143840.0,117690.0,131995,127477.0,128970.0,6,128980.0,4,128990.0,4,129000.0,4,129010.0,2,129020.0,1,129040.0,2,129050.0,21,129060.0,1,129070.0,2,129020.0
ni2409,,13:39:04.0#,129420.0,130080.0,128100.0,143840.0,117690.0,131997,127476.0,128980.0,4,128990.0,4,129000.0,4,129010.0,3,129020.0,2,129040.0,2,129050.0,21,129060.0,1,129070.0,2,129080.0,16,129020.0
ni2409,,13:39:04.500#,129420.0,130080.0,128100.0,143840.0,117690.0,131998,127476.0,128970.0,6,128980.0,4,128990.0,4,129000.0,4,129010.0,3,129020.0,1,129040.0,1,129050.0,21,129060.0,1,129070.0,2,129020.0
ni2409,,13:39:05.0#,129420.0,130080.0,128100.0,143840.0,117690.0,132000,127476.0,128970.0,6,128980.0,4,128990.0,1,129000.0,4,129010.0,2,129040.0,1,129050.0,20,129060.0,1,129070.0,2,129080.0,16,129010.0
ni2409,,13:39:05.500#,129420.0,130080.0,128100.0,143840.0,117690.0,132000,127476.0,128960.0,2,128970.0,6,128980.0,4,128990.0,1,129000.0,4,129030.0,5,129040.0,9,129050.0,20,129060.0,1,129070.0,2,129010.0
ni2409,,13:39:06.500#,129420.0,130080.0,128100.0,143840.0,117690.0,132000,127476.0,128960.0,2,128970.0,6,128980.0,4,128990.0,1,129000.0,4,129030.0,5,129040.0,9,129050.0,20,129060.0,1,129070.0,2,129010.0
ni2409,,13:39:07.0#,129420.0,130080.0,128100.0,143840.0,117690.0,132000,127476.0,128960.0,2,128970.0,6,128980.0,4,128990.0,1,129000.0,4,129030.0,6,129040.0,9,129050.0,20,129060.0,1,129070.0,2,129010.0
ni2409,,13:39:07.500#,129420.0,130080.0,128100.0,143840.0,117690.0,132000,127476.0,128960.0,2,128970.0,6,128980.0,4,128990.0,1,129000.0,4,129020.0,5,129030.0,6,129040.0,9,129050.0,20,129060.0,1,129010.0
ni2409,,13:39:08.0#,129420.0,130080.0,128100.0,143840.0,117690.0,132007,127469.0,128960.0,2,128970.0,6,128980.0,4,128990.0,1,129000.0,4,129030.0,6,129040.0,9,129050.0,20,129060.0,1,129070.0,2,129020.0
ni2409,,13:39:08.500#,129420.0,130080.0,128100.0,143840.0,117690.0,132007,127469.0,128970.0,6,128980.0,4,128990.0,1,129000.0,4,129010.0,2,129030.0,6,129040.0,9,129050.0,19,129060.0,1,129070.0,2,129020.0
ni2409,,13:39:09.0#,129420.0,130080.0,128100.0,143840.0,117690.0,132008,127469.0,128970.0,6,128980.0,4,128990.0,1,129000.0,4,129010.0,2,129030.0,2,129040.0,9,129050.0,19,129060.0,1,129070.0,2,129030.0
ni2409,,13:39:09.500#,129420.0,130080.0,128100.0,143840.0,117690.0,132008,127469.0,128970.0,6,128980.0,4,128990.0,1,129000.0,4,129010.0,2,129020.0,1,129030.0,2,129040.0,6,129050.0,19,129060.0,1,129030.0
ni2409,,13:39:10.500#,129420.0,130080.0,128100.0,143840.0,117690.0,132008,127469.0,128970.0,6,128980.0,4,128990.0,1,129000.0,4,129010.0,2,129020.0,2,129030.0,2,129040.0,5,129050.0,19,129060.0,1,129030.0
ni2409,,13:39:11.0#,129420.0,130080.0,128100.0,143840.0,117690.0,132010,127469.0,128950.0,51,128960.0,2,128970.0,6,128980.0,4,129000.0,4,129010.0,4,129020.0,2,129030.0,2,129040.0,6,129050.0,19,129010.0
ni2409,,13:39:11.500#,129420.0,130080.0,128100.0,143840.0,117690.0,132010,127469.0,128950.0,51,128960.0,2,128970.0,6,128980.0,4,129000.0,4,129010.0,6,129020.0,2,129030.0,2,129040.0,6,129050.0,19,129010.0
ni2409,,13:39:12.0#,129420.0,130080.0,128100.0,143840.0,117690.0,132010,127469.0,128950.0,51,128960.0,2,128970.0,6,128980.0,1,129000.0,4,129010.0,6,129020.0,2,129030.0,2,129040.0,6,129050.0,20,129010.0
ni2409,,13:39:12.500#,129420.0,130080.0,128100.0,143840.0,117690.0,132014,127470.0,128940.0,1,128950.0,51,128960.0,2,128970.0,6,128980.0,1,128990.0,1,129010.0,6,129020.0,2,129030.0,3,129040.0,7,129000.0
ni2409,,13:39:13.0#,129420.0,130080.0,128100.0,143840.0,117690.0,132016,127472.0,128950.0,51,128960.0,2,128970.0,6,128980.0,2,128990.0,3,129010.0,6,129020.0,2,129030.0,3,129040.0,7,129050.0,20,128980.0
ni2409,,13:39:13.500#,129420.0,130080.0,128100.0,143840.0,117690.0,132016,127472.0,128950.0,51,128960.0,2,128970.0,6,128980.0,2,128990.0,1,129000.0,1,129010.0,6,129020.0,2,129030.0,3,129040.0,7,128980.0
ni2409,,13:39:14.0#,129420.0,130080.0,128100.0,143840.0,117690.0,132019,127471.0,128940.0,1,128950.0,51,128960.0,2,128970.0,6,128980.0,1,129000.0,1,129010.0,6,129020.0,2,129030.0,2,129040.0,7,128980.0
ni2409,,13:39:14.500#,129420.0,130080.0,128100.0,143840.0,117690.0,132021,127471.0,128930.0,4,128940.0,1,128950.0,51,128960.0,2,128970.0,6,128980.0,3,129000.0,1,129010.0,6,129020.0,2,129030.0,2,128980.0
ni2409,,13:39:15.0#,129420.0,130080.0,128100.0,143840.0,117690.0,132024,127468.0,128950.0,51,128960.0,2,128970.0,7,128980.0,4,128990.0,3,129000.0,1,129010.0,6,129020.0,2,129030.0,2,129040.0,7,128980.0
ni2409,,13:39:15.500#,129420.0,130080.0,128100.0,143840.0,117690.0,132024,127468.0,128950.0,51,128960.0,2,128970.0,6,128980.0,2,128990.0,3,129000.0,1,129010.0,6,129020.0,2,129030.0,2,129040.0,7,128980.0
ni2409,,13:39:16.0#,129420.0,130080.0,128100.0,143840.0,117690.0,132025,127467.0,128950.0,51,128960.0,5,128970.0,6,128980.0,2,128990.0,3,129010.0,6,129020.0,2,129030.0,2,129040.0,7,129050.0,20,129000.0
ni2409,,13:39:16.500#,129420.0,130080.0,128100.0,143840.0,117690.0,132027,127469.0,128960.0,2,128970.0,6,128980.0,2,128990.0,3,129000.0,1,129010.0,6,129020.0,2,129030.0,2,129040.0,7,129050.0,20,129000.0
ni2409,,13:39:17.0#,129420.0,130080.0,128100.0,143840.0,117690.0,132027,127469.0,128960.0,2,128970.0,6,128980.0,2,128990.0,3,129000.0,2,129010.0,6,129020.0,2,129030.0,2,129040.0,7,129050.0,20,129000.0
ni2409,,13:39:17.500#,129420.0,130080.0,128100.0,143840.0,117690.0,132027,127469.0,128960.0,2,128970.0,6,128980.0,2,128990.0,3,129000.0,2,129010.0,6,129020.0,2,129030.0,2,129040.0,7,129050.0,22,129000.0
ni2409,,13:39:18.0#,129420.0,130080.0,128100.0,143840.0,117690.0,132027,127469.0,128960.0,2,128970.0,6,128980.0,2,128990.0,3,129000.0,2,129010.0,6,129020.0,2,129030.0,2,129040.0,7,129050.0,22,129000.0
ni2409,,13:39:19.0#,129420.0,130080.0,128100.0,143840.0,117690.0,132028,127469.0,128960.0,2,128970.0,6,128980.0,2,128990.0,3,129000.0,1,129010.0,6,129020.0,2,129030.0,2,129040.0,7,129050.0,22,129000.0
ni2409,,13:39:20.0#,129420.0,130080.0,128100.0,143840.0,117690.0,132029,127468.0,128950.0,51,128960.0,2,128970.0,6,128980.0,2,128990.0,3,129000.0,1,129010.0,6,129020.0,2,129030.0,2,129040.0,7,129000.0
ni2409,,13:39:20.500#,129420.0,130080.0,128100.0,143840.0,117690.0,132030,127468.0,128960.0,2,128970.0,2,128980.0,2,128990.0,4,129000.0,2,129010.0,6,129020.0,2,129030.0,2,129040.0,7,129050.0,22,129000.0
ni2409,,13:39:21.0#,129420.0,130080.0,128100.0,143840.0,117690.0,132030,127468.0,128960.0,2,128970.0,2,128980.0,2,128990.0,3,129000.0,2,129010.0,6,129020.0,1,129030.0,2,129040.0,7,129050.0,22,129000.0
ni2409,,13:39:21.500#,129420.0,130080.0,128100.0,143840.0,117690.0,132031,127469.0,128960.0,2,128970.0,2,128980.0,2,128990.0,3,129000.0,2,129010.0,6,129020.0,1,129030.0,2,129040.0,7,129050.0,22,129010.0
ni2409,,13:39:22.0#,129420.0,130080.0,128100.0,143840.0,117690.0,132031,127469.0,128960.0,4,128970.0,2,128980.0,2,128990.0,3,129000.0,6,129010.0,6,129020.0,1,129030.0,2,129040.0,7,129050.0,22,129010.0
ni2409,,13:39:22.500#,129420.0,130080.0,128100.0,143840.0,117690.0,132034,127469.0,128960.0,4,128970.0,2,128980.0,2,128990.0,3,129000.0,5,129010.0,4,129020.0,1,129030.0,2,129040.0,7,129050.0,22,129010.0
ni2409,,13:39:23.0#,129420.0,130080.0,128100.0,143840.0,117690.0,132035,127470.0,128960.0,4,128970.0,2,128980.0,2,128990.0,3,129000.0,4,129010.0,4,129020.0,1,129030.0,2,129040.0,7,129050.0,22,129000.0
ni2409,,13:39:23.500#,129420.0,130080.0,128100.0,143840.0,117690.0,132036,127471.0,128960.0,4,128970.0,2,128980.0,2,128990.0,3,129000.0,4,129010.0,3,129020.0,1,129030.0,2,129040.0,7,129050.0,22,129010.0
ni2409,,13:39:24.0#,129420.0,130080.0,128100.0,143840.0,117690.0,132037,127472.0,128960.0,4,128970.0,2,128980.0,2,128990.0,3,129000.0,4,129010.0,3,129020.0,1,129030.0,2,129040.0,7,129050.0,22,129010.0
ni2409,,13:39:24.500#,129420.0,130080.0,128100.0,143840.0,117690.0,132038,127472.0,128960.0,4,128970.0,2,128980.0,2,128990.0,3,129000.0,4,129010.0,2,129020.0,1,129030.0,2,129040.0,7,129050.0,22,129010.0
ni2409,,13:39:25.0#,129420.0,130080.0,128100.0,143840.0,117690.0,132039,127473.0,128960.0,4,128970.0,2,128980.0,2,128990.0,3,129000.0,4,129010.0,1,129020.0,1,129030.0,2,129040.0,7,129050.0,22,129010.0
ni2409,,13:39:25.500#,129420.0,130080.0,128100.0,143840.0,117690.0,132041,127473.0,128960.0,4,128970.0,2,128980.0,2,128990.0,3,129000.0,4,129020.0,1,129030.0,2,129040.0,7,129050.0,22,129060.0,1,129010.0
ni2409,,13:39:27.0#,129420.0,130080.0,128100.0,143840.0,117690.0,132041,127473.0,128960.0,4,128970.0,2,128980.0,2,128990.0,3,129000.0,4,129020.0,1,129030.0,2,129040.0,7,129050.0,22,129060.0,1,129010.0
ni2409,,13:39:27.500#,129420.0,130080.0,128100.0,143840.0,117690.0,132041,127473.0,128970.0,2,128980.0,2,128990.0,3,129000.0,5,129010.0,1,129020.0,1,129030.0,2,129040.0,7,129050.0,22,129060.0,1,129010.0
ni2409,,13:39:28.0#,129420.0,130080.0,128100.0,143840.0,117690.0,132041,127473.0,128970.0,2,128980.0,2,128990.0,3,129000.0,5,129010.0,1,129020.0,1,129030.0,2,129040.0,7,129050.0,22,129060.0,1,129010.0
ni2409,,13:39:28.500#,129420.0,130080.0,128100.0,143840.0,117690.0,132042,127473.0,128970.0,3,128980.0,2,128990.0,3,129000.0,5,129010.0,5,129030.0,2,129040.0,8,129050.0,22,129060.0,1,129070.0,3,129020.0
ni2409,,13:39:29.0#,129420.0,130080.0,128100.0,143840.0,117690.0,132042,127473.0,128980.0,2,128990.0,3,129000.0,5,129010.0,4,129020.0,10,129030.0,2,129040.0,4,129050.0,22,129060.0,1,129070.0,3,129020.0
ni2409,,13:39:29.500#,129420.0,130080.0,128100.0,143840.0,117690.0,132044,127472.0,128990.0,3,129000.0,5,129010.0,3,129020.0,11,129030.0,15,129040.0,4,129050.0,22,129060.0,1,129070.0,3,129080.0,16,129030.0
ni2409,,13:39:30.0#,129420.0,130080.0,128100.0,143840.0,117690.0,132049,127476.0,129000.0,5,129010.0,3,129020.0,7,129030.0,6,129040.0,2,129050.0,22,129060.0,1,129070.0,3,129080.0,16,129090.0,5,129040.0
ni2409,,13:39:30.500#,129420.0,130080.0,128100.0,143840.0,117690.0,132054,127479.0,128990.0,3,129000.0,5,129010.0,3,129020.0,7,129030.0,2,129050.0,22,129060.0,1,129070.0,3,129080.0,16,129090.0,5,129030.0
ni2409,,13:39:31.0#,129420.0,130080.0,128100.0,143840.0,117690.0,132054,127479.0,129000.0,5,129010.0,3,129020.0,2,129030.0,2,129040.0,1,129050.0,19,129060.0,1,129070.0,3,129080.0,16,129090.0,5,129030.0
ni2409,,13:39:31.500#,129420.0,130080.0,128100.0,143840.0,117690.0,132056,127477.0,129000.0,5,129010.0,3,129020.0,2,129030.0,2,129040.0,1,129050.0,17,129060.0,1,129070.0,3,129080.0,16,129090.0,5,129050.0
ni2409,,13:39:32.0#,129420.0,130080.0,128100.0,143840.0,117690.0,132059,127474.0,129000.0,5,129010.0,3,129020.0,2,129030.0,2,129040.0,1,129050.0,14,129060.0,1,129070.0,3,129080.0,16,129090.0,5,129050.0
ni2409,,13:39:32.500#,129420.0,130080.0,128100.0,143840.0,117690.0,132060,127473.0,129000.0,5,129010.0,3,129020.0,2,129030.0,2,129040.0,1,129050.0,13,129060.0,1,129070.0,3,129080.0,16,129090.0,5,129050.0
ni2409,,13:39:33.0#,129420.0,130080.0,128100.0,143840.0,117690.0,132064,127474.0,129000.0,5,129010.0,3,129020.0,2,129030.0,2,129040.0,1,129050.0,11,129060.0,1,129070.0,3,129080.0,16,129090.0,5,129040.0
ni2409,,13:39:33.500#,129420.0,130080.0,128100.0,143840.0,117690.0,132066,127474.0,128990.0,3,129000.0,5,129010.0,3,129020.0,2,129030.0,2,129050.0,10,129060.0,1,129070.0,3,129080.0,16,129090.0,5,129040.0
ni2409,,13:39:34.0#,129420.0,130080.0,128100.0,143840.0,117690.0,132067,127474.0,129000.0,5,129010.0,3,129020.0,2,129030.0,2,129040.0,1,129050.0,9,129060.0,1,129070.0,3,129080.0,16,129090.0,5,129050.0
ni2409,,13:39:34.500#,129420.0,130080.0,128100.0,143840.0,117690.0,132068,127474.0,128990.0,3,129000.0,5,129010.0,3,129020.0,2,129030.0,2,129040.0,1,129050.0,30,129060.0,1,129070.0,3,129080.0,16,129040.0
ni2409,,13:39:35.0#,129420.0,130080.0,128100.0,143840.0,117690.0,132070,127474.0,128980.0,2,128990.0,3,129000.0,5,129010.0,3,129020.0,2,129030.0,1,129040.0,2,129050.0,30,129060.0,1,129070.0,3,129030.0
ni2409,,13:39:35.500#,129420.0,130080.0,128100.0,143840.0,117690.0,132070,127474.0,128980.0,2,128990.0,3,129000.0,5,129010.0,3,129020.0,2,129030.0,1,129040.0,3,129050.0,30,129060.0,1,129070.0,3,129030.0
ni2409,,13:39:36.0#,129420.0,130080.0,128100.0,143840.0,117690.0,132072,127474.0,128980.0,2,128990.0,3,129000.0,5,129010.0,3,129020.0,3,129040.0,3,129050.0,30,129060.0,2,129070.0,3,129080.0,16,129030.0
ni2409,,13:39:36.500#,129420.0,130080.0,128100.0,143840.0,117690.0,132072,127474.0,128990.0,3,129000.0,5,129010.0,3,129020.0,7,129030.0,1,129040.0,3,129050.0,30,129060.0,2,129070.0,3,129080.0,16,129030.0
ni2409,,13:39:37.0#,129420.0,130080.0,128100.0,143840.0,117690.0,132074,127474.0,128990.0,3,129000.0,5,129010.0,3,129020.0,3,129030.0,1,129050.0,30,129060.0,2,129070.0,3,129080.0,16,129090.0,5,129040.0
ni2409,,13:39:37.500#,129420.0,130080.0,128100.0,143840.0,117690.0,132074,127474.0,128990.0,3,129000.0,5,129010.0,2,129020.0,3,129030.0,8,129050.0,30,129060.0,2,129070.0,3,129080.0,17,129090.0,5,129040.0
ni2409,,13:39:38.0#,129420.0,130080.0,128100.0,143840.0,117690.0,132075,127474.0,129000.0,5,129010.0,2,129020.0,3,129030.0,9,129040.0,4,129050.0,29,129060.0,2,129070.0,3,129080.0,17,129090.0,5,129050.0
ni2409,,13:39:38.500#,129420.0,130080.0,128100.0,143840.0,117690.0,132084,127474.0,129000.0,5,129010.0,2,129020.0,2,129030.0,9,129040.0,3,129050.0,24,129060.0,2,129070.0,3,129080.0,17,129090.0,5,129050.0
ni2409,,13:39:39.0#,129420.0,130080.0,128100.0,143840.0,117690.0,132087,127473.0,129000.0,5,129010.0,2,129020.0,2,129030.0,3,129040.0,4,129050.0,21,129060.0,2,129070.0,3,129080.0,17,129090.0,5,129050.0
ni2409,,13:39:39.500#,129420.0,130080.0,128100.0,143840.0,117690.0,132094,127469.0,129000.0,5,129010.0,2,129020.0,2,129030.0,3,129040.0,4,129050.0,14,129060.0,2,129070.0,3,129080.0,17,129090.0,5,129050.0
ni2409,,13:39:40.0#,129420.0,130080.0,128100.0,143840.0,117690.0,132111,127467.0,129010.0,2,129020.0,3,129030.0,3,129040.0,4,129050.0,2,129070.0,2,129080.0,17,129090.0,5,129100.0,13,129110.0,2,129070.0
ni2409,,13:39:40.500#,129420.0,130080.0,128100.0,143840.0,117690.0,132113,127465.0,129010.0,2,129020.0,3,129030.0,2,129040.0,4,129050.0,1,129070.0,1,129080.0,17,129090.0,5,129100.0,13,129110.0,2,129070.0
ni2409,,13:39:41.0#,129420.0,130080.0,128100.0,143840.0,117690.0,132117,127464.0,129000.0,5,129010.0,2,129020.0,3,129030.0,2,129040.0,4,129070.0,1,129080.0,17,129090.0,5,129100.0,13,129110.0,2,129070.0
ni2409,,13:39:41.500#,129420.0,130080.0,128100.0,143840.0,117690.0,132124,127467.0,129000.0,5,129010.0,2,129020.0,3,129030.0,2,129040.0,7,129080.0,16,129090.0,5,129100.0,13,129110.0,2,129120.0,23,129070.0
ni2409,,13:39:42.0#,129420.0,130080.0,128100.0,143840.0,117690.0,132125,127466.0,129010.0,2,129020.0,3,129030.0,2,129040.0,7,129050.0,16,129080.0,15,129090.0,5,129100.0,13,129110.0,2,129120.0,23,129080.0
ni2409,,13:39:42.500#,129420.0,130080.0,128100.0,143840.0,117690.0,132129,127462.0,129020.0,3,129030.0,2,129040.0,4,129050.0,17,129060.0,14,129080.0,12,129090.0,5,129100.0,13,129110.0,2,129120.0,23,129080.0
ni2409,,13:39:43.0#,129420.0,130080.0,128100.0,143840.0,117690.0,132143,127461.0,129030.0,2,129040.0,4,129050.0,2,129060.0,17,129070.0,10,129090.0,3,129100.0,13,129110.0,2,129120.0,23,129130.0,4,129090.0
ni2409,,13:39:43.500#,129420.0,130080.0,128100.0,143840.0,117690.0,132147,127458.0,129040.0,4,129050.0,2,129060.0,13,129070.0,11,129080.0,1,129090.0,1,129100.0,13,129110.0,5,129120.0,23,129130.0,3,129090.0
ni2409,,13:39:44.0#,129420.0,130080.0,128100.0,143840.0,117690.0,132149,127457.0,129030.0,2,129040.0,4,129050.0,2,129060.0,13,129070.0,11,129100.0,13,129110.0,5,129120.0,18,129130.0,3,129140.0,2,129080.0
ni2409,,13:39:44.500#,129420.0,130080.0,128100.0,143840.0,117690.0,132151,127455.0,129030.0,2,129040.0,4,129050.0,2,129060.0,13,129070.0,5,129090.0,2,129100.0,13,129110.0,5,129120.0,18,129130.0,3,129090.0
ni2409,,13:39:45.0#,129420.0,130080.0,128100.0,143840.0,117690.0,132152,127454.0,129030.0,2,129040.0,4,129050.0,2,129060.0,13,129070.0,5,129090.0,1,129100.0,13,129110.0,5,129120.0,18,129130.0,3,129090.0
ni2409,,13:39:45.500#,129420.0,130080.0,128100.0,143840.0,117690.0,132154,127452.0,129030.0,2,129040.0,4,129050.0,2,129060.0,13,129070.0,6,129100.0,12,129110.0,5,129120.0,18,129130.0,3,129140.0,2,129100.0
ni2409,,13:39:46.0#,129420.0,130080.0,128100.0,143840.0,117690.0,132155,127452.0,129040.0,4,129050.0,2,129060.0,13,129070.0,5,129080.0,7,129090.0,1,129100.0,11,129110.0,5,129120.0,18,129130.0,3,129100.0
ni2409,,13:39:46.500#,129420.0,130080.0,128100.0,143840.0,117690.0,132157,127451.0,129040.0,5,129050.0,2,129060.0,13,129070.0,5,129080.0,7,129100.0,10,129110.0,2,129120.0,18,129130.0,3,129140.0,2,129100.0
ni2409,,13:39:47.0#,129420.0,130080.0,128100.0,143840.0,117690.0,132158,127451.0,129030.0,1,129040.0,5,129050.0,2,129060.0,13,129070.0,5,129080.0,1,129100.0,9,129110.0,2,129120.0,18,129130.0,3,129100.0
ni2409,,13:39:47.500#,129420.0,130080.0,128100.0,143840.0,117690.0,132160,127451.0,129040.0,5,129050.0,2,129060.0,13,129070.0,5,129080.0,2,129090.0,3,129100.0,9,129110.0,5,129120.0,18,129130.0,3,129080.0
ni2409,,13:39:48.0#,129420.0,130080.0,128100.0,143840.0,117690.0,132161,127451.0,129040.0,5,129050.0,2,129060.0,12,129070.0,5,129080.0,2,129090.0,3,129100.0,9,129110.0,5,129120.0,18,129130.0,3,129080.0
ni2409,,13:39:48.500#,129420.0,130080.0,128100.0,143840.0,117690.0,132163,127449.0,129040.0,5,129050.0,2,129060.0,12,129070.0,5,129080.0,1,129090.0,2,129100.0,9,129110.0,5,129120.0,18,129130.0,3,129090.0
ni2409,,13:39:49.0#,129420.0,130080.0,128100.0,143840.0,117690.0,132164,127449.0,129030.0,1,129040.0,5,129050.0,2,129060.0,12,129070.0,5,129090.0,2,129100.0,9,129110.0,5,129120.0,18,129130.0,3,129080.0
ni2409,,13:39:49.500#,129420.0,130080.0,128100.0,143840.0,117690.0,132165,127449.0,129030.0,1,129040.0,5,129050.0,2,129060.0,12,129070.0,5,129090.0,2,129100.0,9,129110.0,5,129120.0,18,129130.0,3,129070.0
ni2409,,13:39:50.0#,129420.0,130080.0,128100.0,143840.0,117690.0,132165,127449.0,129030.0,1,129040.0,5,129050.0,2,129060.0,12,129070.0,5,129090.0,2,129100.0,9,129110.0,5,129120.0,18,129130.0,3,129070.0
ni2409,,13:39:50.500#,129420.0,130080.0,128100.0,143840.0,117690.0,132167,127447.0,129030.0,1,129040.0,5,129050.0,2,129060.0,12,129070.0,11,129090.0,4,129100.0,10,129110.0,5,129120.0,18,129130.0,3,129090.0
ni2409,,13:39:51.0#,129420.0,130080.0,128100.0,143840.0,117690.0,132169,127445.0,129040.0,5,129050.0,2,129060.0,12,129070.0,7,129080.0,3,129090.0,2,129100.0,10,129110.0,2,129120.0,18,129130.0,3,129090.0
ni2409,,13:39:51.500#,129420.0,130080.0,128100.0,143840.0,117690.0,132171,127446.0,129050.0,2,129060.0,12,129070.0,7,129080.0,3,129090.0,1,129100.0,11,129110.0,2,129120.0,18,129130.0,3,129140.0,2,129090.0
ni2409,,13:39:52.0#,129420.0,130080.0,128100.0,143840.0,117690.0,132171,127446.0,129050.0,2,129060.0,12,129070.0,6,129080.0,3,129090.0,2,129100.0,11,129110.0,2,129120.0,18,129130.0,3,129140.0,2,129090.0
ni2409,,13:39:52.500#,129420.0,130080.0,128100.0,143840.0,117690.0,132172,127446.0,129050.0,2,129060.0,12,129070.0,6,129080.0,3,129090.0,2,129100.0,11,129110.0,2,129120.0,18,129130.0,3,129140.0,2,129090.0
ni2409,,13:39:53.0#,129420.0,130080.0,128100.0,143840.0,117690.0,132172,127446.0,129050.0,2,129060.0,12,129070.0,6,129080.0,2,129090.0,2,129100.0,11,129110.0,2,129120.0,18,129130.0,3,129140.0,2,129090.0
ni2409,,13:39:53.500#,129420.0,130080.0,128100.0,143840.0,117690.0,132173,127445.0,129040.0,5,129050.0,2,129060.0,12,129070.0,6,129080.0,2,129090.0,2,129100.0,12,129110.0,2,129120.0,18,129130.0,3,129090.0
ni2409,,13:39:54.0#,129420.0,130080.0,128100.0,143840.0,117690.0,132174,127445.0,129040.0,4,129050.0,2,129060.0,12,129070.0,6,129080.0,1,129090.0,3,129100.0,12,129110.0,2,129120.0,18,129130.0,3,129090.0
ni2409,,13:39:54.500#,129420.0,130080.0,128100.0,143840.0,117690.0,132175,127445.0,129040.0,4,129050.0,2,129060.0,12,129070.0,6,129080.0,1,129090.0,3,129100.0,12,129110.0,5,129120.0,19,129130.0,3,129090.0
ni2409,,13:39:55.0#,129420.0,130080.0,128100.0,143840.0,117690.0,132175,127445.0,129040.0,4,129050.0,2,129060.0,12,129070.0,6,129080.0,1,129090.0,3,129100.0,12,129110.0,2,129120.0,19,129130.0,3,129090.0
ni2409,,13:39:55.500#,129420.0,130080.0,128100.0,143840.0,117690.0,132179,127443.0,129020.0,2,129040.0,4,129050.0,2,129060.0,12,129070.0,6,129090.0,1,129100.0,12,129110.0,2,129120.0,20,129130.0,3,129090.0
ni2409,,13:39:56.0#,129420.0,130080.0,128100.0,143840.0,117690.0,132179,127443.0,129030.0,1,129040.0,4,129050.0,2,129060.0,12,129070.0,6,129090.0,1,129100.0,12,129110.0,5,129120.0,20,129130.0,3,129090.0
ni2409,,13:39:57.0#,129420.0,130080.0,128100.0,143840.0,117690.0,132180,127442.0,129040.0,4,129050.0,2,129060.0,12,129070.0,5,129090.0,1,129100.0,17,129110.0,5,129120.0,20,129130.0,3,129140.0,2,129090.0
ni2409,,13:39:57.500#,129420.0,130080.0,128100.0,143840.0,117690.0,132182,127440.0,129040.0,4,129050.0,2,129060.0,12,129070.0,4,129080.0,3,129090.0,4,129100.0,18,129110.0,2,129120.0,20,129130.0,3,129070.0
ni2409,,13:39:58.0#,129420.0,130080.0,128100.0,143840.0,117690.0,132183,127440.0,129040.0,4,129050.0,2,129060.0,12,129070.0,4,129080.0,2,129090.0,3,129100.0,18,129110.0,2,129120.0,20,129130.0,3,129080.0
ni2409,,13:39:58.500#,129420.0,130080.0,128100.0,143840.0,117690.0,132183,127440.0,129030.0,1,129040.0,4,129050.0,2,129060.0,12,129070.0,4,129090.0,3,129100.0,18,129110.0,2,129120.0,20,129130.0,3,129080.0
ni2409,,13:40:00.0#,129420.0,130080.0,128100.0,143840.0,117690.0,132183,127440.0,129030.0,1,129040.0,4,129050.0,2,129060.0,12,129070.0,4,129090.0,2,129100.0,18,129110.0,2,129120.0,20,129130.0,3,129080.0
ni2409,,13:40:00.500#,129420.0,130080.0,128100.0,143840.0,117690.0,132185,127439.0,129030.0,1,129040.0,4,129050.0,2,129060.0,12,129070.0,3,129090.0,1,129100.0,18,129110.0,2,129120.0,20,129130.0,3,129070.0
ni2409,,13:40:01.0#,129420.0,130080.0,128100.0,143840.0,117690.0,132186,127439.0,129040.0,4,129050.0,2,129060.0,12,129070.0,3,129090.0,2,129100.0,18,129110.0,2,129120.0,20,129130.0,3,129140.0,2,129090.0
ni2409,,13:40:01.500#,129420.0,130080.0,128100.0,143840.0,117690.0,132191,127436.0,129030.0,1,129040.0,4,129050.0,2,129060.0,12,129070.0,3,129090.0,2,129100.0,16,129110.0,2,129120.0,20,129130.0,3,129090.0
ni2409,,13:40:02.0#,129420.0,130080.0,128100.0,143840.0,117690.0,132191,127436.0,129030.0,1,129040.0,4,129050.0,2,129060.0,12,129070.0,7,129090.0,3,129100.0,16,129110.0,2,129120.0,20,129130.0,3,129090.0
ni2409,,13:40:02.500#,129420.0,130080.0,128100.0,143840.0,117690.0,132199,127433.0,129020.0,3,129030.0,1,129040.0,4,129050.0,2,129060.0,12,129070.0,3,129090.0,2,129100.0,16,129110.0,2,129120.0,20,129070.0
ni2409,,13:40:03.0#,129420.0,130080.0,128100.0,143840.0,117690.0,132202,127433.0,129030.0,1,129040.0,4,129050.0,2,129060.0,9,129070.0,5,129090.0,2,129100.0,15,129110.0,2,129120.0,20,129130.0,3,129070.0
ni2409,,13:40:03.500#,129420.0,130080.0,128100.0,143840.0,117690.0,132202,127433.0,129030.0,1,129040.0,4,129050.0,2,129060.0,9,129070.0,4,129090.0,2,129100.0,15,129110.0,2,129120.0,20,129130.0,3,129070.0
ni2409,,13:40:04.0#,129420.0,130080.0,128100.0,143840.0,117690.0,132203,127434.0,129030.0,1,129040.0,4,129050.0,2,129060.0,2,129070.0,4,129090.0,1,129100.0,15,129110.0,2,129120.0,20,129130.0,3,129090.0
ni2409,,13:40:04.500#,129420.0,130080.0,128100.0,143840.0,117690.0,132206,127435.0,129030.0,1,129040.0,4,129050.0,2,129060.0,2,129070.0,6,129090.0,2,129100.0,15,129110.0,2,129120.0,20,129130.0,3,129090.0
ni2409,,13:40:05.0#,129420.0,130080.0,128100.0,143840.0,117690.0,132207,127435.0,129030.0,1,129040.0,4,129050.0,2,129060.0,2,129070.0,5,129080.0,1,129090.0,2,129100.0,15,129110.0,2,129120.0,20,129070.0
ni2409,,13:40:05.500#,129420.0,130080.0,128100.0,143840.0,117690.0,132209,127435.0,129030.0,1,129040.0,4,129050.0,2,129060.0,2,129070.0,4,129090.0,3,129100.0,15,129110.0,2,129120.0,20,129130.0,3,129070.0
ni2409,,13:40:06.0#,129420.0,130080.0,128100.0,143840.0,117690.0,132212,127438.0,129040.0,4,129050.0,2,129060.0,2,129070.0,10,129090.0,8,129100.0,15,129110.0,2,129120.0,20,129130.0,3,129140.0,2,129090.0
ni2409,,13:40:06.500#,129420.0,130080.0,128100.0,143840.0,117690.0,132223,127449.0,129030.0,1,129040.0,4,129050.0,2,129060.0,2,129070.0,9,129100.0,12,129110.0,2,129120.0,20,129130.0,3,129140.0,1,129100.0
ni2409,,13:40:07.0#,129420.0,130080.0,128100.0,143840.0,117690.0,132223,127449.0,129040.0,4,129050.0,2,129060.0,2,129070.0,9,129080.0,2,129090.0,8,129100.0,12,129110.0,2,129120.0,20,129130.0,3,129100.0
ni2409,,13:40:07.500#,129420.0,130080.0,128100.0,143840.0,117690.0,132226,127451.0,129030.0,1,129040.0,4,129050.0,2,129060.0,2,129070.0,9,129090.0,7,129100.0,12,129110.0,2,129120.0,20,129130.0,3,129090.0
ni2409,,13:40:08.0#,129420.0,130080.0,128100.0,143840.0,117690.0,132226,127451.0,129040.0,4,129050.0,2,129060.0,2,129070.0,9,129080.0,1,129090.0,1,129100.0,12,129110.0,2,129120.0,20,129130.0,3,129090.0
ni2409,,13:40:08.500#,129420.0,130080.0,128100.0,143840.0,117690.0,132228,127451.0,129040.0,4,129050.0,2,129060.0,2,129070.0,9,129080.0,1,129100.0,12,129110.0,2,129120.0,20,129130.0,3,129140.0,1,129090.0
ni2409,,13:40:09.0#,129420.0,130080.0,128100.0,143840.0,117690.0,132230,127453.0,129030.0,1,129040.0,4,129050.0,2,129060.0,2,129070.0,8,129080.0,4,129090.0,4,129100.0,12,129110.0,2,129120.0,20,129070.0
ni2409,,13:40:09.500#,129420.0,130080.0,128100.0,143840.0,117690.0,132238,127453.0,129020.0,3,129030.0,1,129040.0,4,129050.0,3,129060.0,2,129070.0,3,129080.0,4,129090.0,4,129100.0,12,129110.0,2,129070.0
ni2409,,13:40:10.0#,129420.0,130080.0,128100.0,143840.0,117690.0,132240,127453.0,129010.0,2,129020.0,2,129030.0,1,129040.0,5,129050.0,1,129070.0,7,129080.0,4,129090.0,4,129100.0,11,129110.0,2,129060.0
ni2409,,13:40:10.500#,129420.0,130080.0,128100.0,143840.0,117690.0,132240,127453.0,129010.0,3,129020.0,2,129030.0,1,129040.0,5,129050.0,5,129060.0,7,129070.0,7,129080.0,4,129100.0,11,129110.0,2,129060.0
ni2409,,13:40:11.0#,129420.0,130080.0,128100.0,143840.0,117690.0,132243,127454.0,129010.0,3,129020.0,2,129030.0,1,129040.0,5,129050.0,3,129060.0,6,129070.0,3,129080.0,4,129100.0,11,129110.0,2,129050.0
ni2409,,13:40:11.500#,129420.0,130080.0,128100.0,143840.0,117690.0,132244,127453.0,129000.0,4,129010.0,3,129020.0,2,129040.0,5,129050.0,2,129060.0,6,129080.0,4,129100.0,11,129110.0,2,129120.0,20,129050.0
ni2409,,13:40:12.0#,129420.0,130080.0,128100.0,143840.0,117690.0,132247,127452.0,128990.0,4,129000.0,4,129010.0,3,129020.0,2,129040.0,5,129050.0,1,129060.0,5,129080.0,4,129090.0,3,129100.0,11,129050.0
ni2409,,13:40:12.500#,129420.0,130080.0,128100.0,143840.0,117690.0,132248,127452.0,128990.0,4,129000.0,5,129010.0,3,129020.0,2,129040.0,5,129060.0,4,129070.0,3,129080.0,4,129090.0,1,129100.0,11,129050.0
ni2409,,13:40:13.0#,129420.0,130080.0,128100.0,143840.0,117690.0,132248,127452.0,128990.0,4,129000.0,5,129010.0,3,129020.0,2,129040.0,4,129060.0,4,129070.0,3,129080.0,4,129090.0,2,129100.0,11,129050.0
ni2409,,13:40:13.500#,129420.0,130080.0,128100.0,143840.0,117690.0,132248,127452.0,128990.0,4,129000.0,4,129010.0,3,129020.0,2,129040.0,4,129060.0,4,129070.0,3,129080.0,4,129090.0,2,129100.0,11,129050.0
ni2409,,13:40:14.500#,129420.0,130080.0,128100.0,143840.0,117690.0,132249,127452.0,128990.0,4,129000.0,4,129010.0,3,129020.0,2,129040.0,3,129060.0,4,129070.0,3,129080.0,4,129090.0,2,129100.0,11,129040.0
ni2409,,13:40:15.0#,129420.0,130080.0,128100.0,143840.0,117690.0,132250,127452.0,128990.0,4,129000.0,4,129010.0,3,129020.0,2,129040.0,2,129060.0,5,129070.0,3,129080.0,4,129090.0,2,129100.0,11,129040.0
ni2409,,13:40:15.500#,129420.0,130080.0,128100.0,143840.0,117690.0,132252,127453.0,128980.0,3,128990.0,4,129000.0,4,129010.0,3,129020.0,2,129050.0,1,129060.0,8,129070.0,3,129080.0,4,129090.0,2,129040.0
ni2409,,13:40:16.0#,129420.0,130080.0,128100.0,143840.0,117690.0,132253,127454.0,128970.0,4,128980.0,3,128990.0,4,129000.0,4,129010.0,2,129050.0,8,129060.0,8,129070.0,3,129080.0,4,129090.0,2,129020.0
ni2409,,13:40:16.500#,129420.0,130080.0,128100.0,143840.0,117690.0,132253,127454.0,128980.0,3,128990.0,4,129000.0,4,129010.0,6,129020.0,3,129040.0,21,129050.0,8,129060.0,1,129080.0,4,129090.0,2,129020.0
ni2409,,13:40:17.0#,129420.0,130080.0,128100.0,143840.0,117690.0,132253,127454.0,128980.0,3,128990.0,4,129000.0,4,129010.0,6,129020.0,3,129040.0,21,129050.0,7,129060.0,1,129070.0,2,129080.0,4,129020.0
ni2409,,13:40:17.500#,129420.0,130080.0,128100.0,143840.0,117690.0,132253,127454.0,128990.0,4,129000.0,4,129010.0,6,129020.0,4,129030.0,1,129040.0,7,129050.0,7,129060.0,1,129070.0,2,129080.0,4,129020.0
ni2409,,13:40:18.0#,129420.0,130080.0,128100.0,143840.0,117690.0,132259,127452.0,129000.0,4,129010.0,6,129020.0,4,129030.0,14,129040.0,1,129060.0,1,129070.0,2,129080.0,4,129090.0,3,129100.0,12,129040.0
ni2409,,13:40:18.500#,129420.0,130080.0,128100.0,143840.0,117690.0,132260,127453.0,129000.0,4,129010.0,6,129020.0,1,129030.0,12,129040.0,16,129060.0,1,129070.0,2,129080.0,4,129090.0,3,129100.0,12,129040.0
ni2409,,13:40:19.0#,129420.0,130080.0,128100.0,143840.0,117690.0,132260,127453.0,129000.0,4,129010.0,6,129020.0,1,129030.0,12,129040.0,7,129060.0,1,129070.0,2,129080.0,4,129090.0,6,129100.0,12,129040.0
ni2409,,13:40:19.500#,129420.0,130080.0,128100.0,143840.0,117690.0,132260,127453.0,129000.0,4,129010.0,6,129020.0,1,129030.0,6,129040.0,7,129050.0,1,129060.0,1,129070.0,2,129080.0,4,129090.0,3,129040.0
ni2409,,13:40:20.0#,129420.0,130080.0,128100.0,143840.0,117690.0,132261,127452.0,129010.0,6,129020.0,1,129030.0,6,129040.0,8,129050.0,1,129060.0,1,129070.0,2,129080.0,4,129090.0,3,129100.0,12,129050.0
ni2409,,13:40:20.500#,129420.0,130080.0,128100.0,143840.0,117690.0,132264,127452.0,129010.0,6,129020.0,1,129030.0,6,129040.0,7,129050.0,5,129060.0,1,129070.0,2,129080.0,4,129090.0,3,129100.0,12,129050.0
ni2409,,13:40:21.0#,129420.0,130080.0,128100.0,143840.0,117690.0,132265,127451.0,129020.0,1,129030.0,6,129040.0,7,129050.0,5,129060.0,6,129070.0,2,129080.0,4,129090.0,3,129100.0,12,129110.0,2,129060.0
ni2409,,13:40:21.500#,129420.0,130080.0,128100.0,143840.0,117690.0,132267,127450.0,129020.0,1,129030.0,6,129040.0,6,129050.0,5,129060.0,5,129080.0,4,129090.0,3,129100.0,12,129110.0,2,129120.0,21,129070.0
ni2409,,13:40:22.0#,129420.0,130080.0,128100.0,143840.0,117690.0,132267,127450.0,129030.0,6,129040.0,5,129050.0,5,129060.0,5,129070.0,3,129080.0,4,129090.0,3,129100.0,12,129110.0,2,129120.0,21,129070.0
ni2409,,13:40:22.500#,129420.0,130080.0,128100.0,143840.0,117690.0,132269,127451.0,129030.0,6,129040.0,5,129050.0,5,129060.0,3,129070.0,1,129080.0,4,129090.0,3,129100.0,12,129110.0,2,129120.0,21,129070.0
ni2409,,13:40:23.0#,129420.0,130080.0,128100.0,143840.0,117690.0,132269,127451.0,129030.0,6,129040.0,5,129050.0,6,129060.0,1,129070.0,1,129080.0,4,129090.0,3,129100.0,12,129110.0,2,129120.0,21,129070.0
ni2409,,13:40:23.500#,129420.0,130080.0,128100.0,143840.0,117690.0,132270,127452.0,129020.0,1,129030.0,6,129040.0,5,129050.0,6,129060.0,1,129080.0,5,129090.0,3,129100.0,12,129110.0,2,129120.0,21,129070.0
ni2409,,13:40:24.0#,129420.0,130080.0,128100.0,143840.0,117690.0,132271,127453.0,129020.0,1,129030.0,6,129040.0,5,129050.0,3,129060.0,1,129080.0,4,129090.0,3,129100.0,12,129110.0,2,129120.0,21,129080.0
ni2409,,13:40:24.500#,129420.0,130080.0,128100.0,143840.0,117690.0,132271,127453.0,129020.0,1,129030.0,6,129040.0,5,129050.0,3,129060.0,1,129080.0,3,129090.0,3,129100.0,12,129110.0,2,129120.0,21,129080.0
ni2409,,13:40:25.0#,129420.0,130080.0,128100.0,143840.0,117690.0,132271,127453.0,129020.0,1,129030.0,3,129040.0,6,129050.0,3,129060.0,4,129070.0,1,129080.0,3,129090.0,3,129100.0,12,129110.0,2,129080.0
ni2409,,13:40:25.500#,129420.0,130080.0,128100.0,143840.0,117690.0,132272,127452.0,129020.0,1,129030.0,3,129040.0,6,129050.0,3,129060.0,4,129080.0,3,129090.0,3,129100.0,12,129110.0,2,129120.0,21,129070.0
ni2409,,13:40:26.0#,129420.0,130080.0,128100.0,143840.0,117690.0,132273,127453.0,129020.0,1,129030.0,3,129040.0,6,129050.0,3,129060.0,4,129080.0,2,129090.0,3,129100.0,13,129110.0,2,129120.0,21,129080.0
ni2409,,13:40:26.500#,129420.0,130080.0,128100.0,143840.0,117690.0,132275,127453.0,129020.0,1,129030.0,3,129040.0,6,129050.0,3,129060.0,2,129080.0,2,129090.0,3,129100.0,13,129110.0,2,129120.0,21,129060.0
ni2409,,13:40:27.0#,129420.0,130080.0,128100.0,143840.0,117690.0,132275,127453.0,129020.0,1,129030.0,3,129040.0,6,129050.0,3,129060.0,1,129080.0,3,129090.0,3,129100.0,13,129110.0,2,129120.0,21,129060.0
ni2409,,13:40:27.500#,129420.0,130080.0,128100.0,143840.0,117690.0,132278,127452.0,129020.0,1,129030.0,3,129040.0,6,129050.0,3,129060.0,1,129090.0,3,129100.0,13,129110.0,2,129120.0,21,129130.0,3,129080.0
ni2409,,13:40:28.0#,129420.0,130080.0,128100.0,143840.0,117690.0,132278,127452.0,129020.0,1,129030.0,3,129040.0,6,129050.0,2,129060.0,4,129090.0,9,129100.0,13,129110.0,2,129120.0,21,129130.0,3,129080.0
ni2409,,13:40:28.500#,129420.0,130080.0,128100.0,143840.0,117690.0,132278,127452.0,129030.0,3,129040.0,6,129050.0,2,129060.0,3,129070.0,5,129090.0,3,129100.0,13,129110.0,2,129120.0,21,129130.0,3,129080.0
ni2409,,13:40:29.0#,129420.0,130080.0,128100.0,143840.0,117690.0,132278,127452.0,129030.0,2,129040.0,5,129050.0,2,129060.0,2,129070.0,5,129090.0,3,129100.0,13,129110.0,2,129120.0,21,129130.0,3,129080.0
ni2409,,13:40:29.500#,129420.0,130080.0,128100.0,143840.0,117690.0,132278,127452.0,129020.0,1,129030.0,2,129040.0,5,129050.0,2,129060.0,2,129090.0,4,129100.0,12,129110.0,2,129120.0,21,129130.0,3,129080.0
ni2409,,13:40:30.0#,129420.0,130080.0,128100.0,143840.0,117690.0,132278,127452.0,129030.0,2,129040.0,5,129050.0,2,129060.0,5,129070.0,3,129090.0,4,129100.0,12,129110.0,2,129120.0,21,129130.0,3,129080.0
ni2409,,13:40:30.500#,129420.0,130080.0,128100.0,143840.0,117690.0,132279,127452.0,129030.0,2,129040.0,5,129050.0,2,129060.0,5,129070.0,5,129090.0,4,129100.0,12,129110.0,2,129120.0,21,129130.0,3,129070.0
ni2409,,13:40:31.0#,129420.0,130080.0,128100.0,143840.0,117690.0,132283,127452.0,129040.0,5,129050.0,2,129060.0,4,129070.0,5,129080.0,3,129090.0,2,129100.0,12,129110.0,2,129120.0,21,129130.0,3,129080.0
ni2409,,13:40:31.500#,129420.0,130080.0,128100.0,143840.0,117690.0,132285,127454.0,129050.0,1,129060.0,4,129070.0,2,129080.0,6,129090.0,2,129100.0,12,129110.0,2,129120.0,21,129130.0,3,129140.0,1,129090.0
ni2409,,13:40:32.0#,129420.0,130080.0,128100.0,143840.0,117690.0,132287,127453.0,129050.0,1,129060.0,2,129070.0,2,129080.0,5,129090.0,6,129100.0,10,129110.0,2,129120.0,21,129130.0,3,129140.0,1,129100.0
ni2409,,13:40:32.500#,129420.0,130080.0,128100.0,143840.0,117690.0,132297,127445.0,129060.0,2,129070.0,3,129080.0,5,129090.0,8,129100.0,12,129110.0,2,129120.0,21,129130.0,3,129140.0,1,129150.0,17,129100.0
ni2409,,13:40:33.0#,129420.0,130080.0,128100.0,143840.0,117690.0,132321,127452.0,129070.0,3,129080.0,5,129090.0,8,129100.0,12,129110.0,12,129130.0,3,129140.0,1,129150.0,17,129160.0,15,129170.0,9,129110.0
ni2409,,13:40:33.500#,129420.0,130080.0,128100.0,143840.0,117690.0,132324,127451.0,129080.0,5,129090.0,8,129100.0,2,129110.0,12,129120.0,1,129130.0,1,129140.0,1,129150.0,17,129160.0,15,129170.0,9,129130.0
ni2409,,13:40:34.0#,129420.0,130080.0,128100.0,143840.0,117690.0,132327,127451.0,129070.0,3,129080.0,5,129090.0,8,129100.0,2,129110.0,8,129140.0,1,129150.0,17,129160.0,15,129170.0,9,129180.0,7,129130.0
ni2409,,13:40:34.500#,129420.0,130080.0,128100.0,143840.0,117690.0,132328,127450.0,129070.0,3,129080.0,5,129090.0,8,129100.0,2,129110.0,7,129130.0,2,129140.0,11,129150.0,17,129160.0,14,129170.0,9,129110.0
ni2409,,13:40:35.0#,129420.0,130080.0,128100.0,143840.0,117690.0,132330,127449.0,129060.0,2,129070.0,3,129080.0,5,129090.0,8,129100.0,2,129120.0,1,129130.0,5,129140.0,11,129150.0,17,129160.0,14,129100.0
ni2409,,13:40:35.500#,129420.0,130080.0,128100.0,143840.0,117690.0,132332,127449.0,129060.0,2,129070.0,3,129080.0,5,129090.0,8,129100.0,2,129120.0,1,129130.0,5,129140.0,11,129150.0,17,129160.0,14,129120.0
ni2409,,13:40:36.0#,129420.0,130080.0,128100.0,143840.0,117690.0,132332,127449.0,129060.0,2,129070.0,3,129080.0,5,129090.0,8,129100.0,2,129120.0,5,129130.0,3,129140.0,11,129150.0,17,129160.0,14,129120.0
ni2409,,13:40:36.500#,129420.0,130080.0,128100.0,143840.0,117690.0,132334,127451.0,129060.0,2,129070.0,3,129080.0,5,129090.0,8,129100.0,1,129120.0,5,129130.0,3,129140.0,11,129150.0,17,129160.0,14,129120.0
ni2409,,13:40:37.0#,129420.0,130080.0,128100.0,143840.0,117690.0,132335,127451.0,129050.0,1,129060.0,2,129070.0,3,129080.0,5,129090.0,7,129100.0,2,129120.0,3,129130.0,3,129140.0,11,129150.0,17,129100.0
ni2409,,13:40:37.500#,129420.0,130080.0,128100.0,143840.0,117690.0,132336,127451.0,129050.0,1,129060.0,2,129070.0,3,129080.0,5,129090.0,3,129100.0,1,129120.0,1,129130.0,6,129140.0,11,129150.0,17,129100.0
ni2409,,13:40:38.0#,129420.0,130080.0,128100.0,143840.0,117690.0,132336,127451.0,129050.0,2,129060.0,2,129070.0,3,129080.0,5,129090.0,3,129100.0,1,129110.0,3,129120.0,1,129130.0,3,129140.0,11,129100.0
ni2409,,13:40:38.500#,129420.0,130080.0,128100.0,143840.0,117690.0,132336,127451.0,129050.0,2,129060.0,2,129070.0,3,129080.0,5,129090.0,3,129100.0,1,129110.0,3,129120.0,1,129130.0,3,129140.0,11,129100.0
ni2409,,13:40:39.0#,129420.0,130080.0,128100.0,143840.0,117690.0,132341,127450.0,129060.0,2,129070.0,3,129080.0,5,129090.0,7,129120.0,1,129130.0,4,129140.0,11,129150.0,17,129160.0,14,129170.0,9,129120.0
ni2409,,13:40:39.500#,129420.0,130080.0,128100.0,143840.0,117690.0,132343,127449.0,129050.0,2,129060.0,2,129070.0,3,129080.0,5,129090.0,4,129110.0,1,129120.0,18,129130.0,5,129140.0,12,129150.0,17,129120.0
ni2409,,13:40:40.0#,129420.0,130080.0,128100.0,143840.0,117690.0,132344,127448.0,129050.0,2,129060.0,2,129070.0,3,129080.0,5,129090.0,3,129100.0,1,129110.0,1,129120.0,14,129130.0,4,129140.0,12,129090.0
ni2409,,13:40:40.500#,129420.0,130080.0,128100.0,143840.0,117690.0,132346,127447.0,129050.0,2,129060.0,2,129070.0,3,129080.0,5,129090.0,2,129120.0,10,129130.0,4,129140.0,12,129150.0,17,129160.0,14,129090.0
ni2409,,13:40:41.0#,129420.0,130080.0,128100.0,143840.0,117690.0,132348,127446.0,129040.0,4,129050.0,2,129060.0,5,129070.0,3,129080.0,5,129110.0,3,129120.0,9,129130.0,4,129140.0,12,129150.0,17,129090.0
ni2409,,13:40:41.500#,129420.0,130080.0,128100.0,143840.0,117690.0,132349,127447.0,129040.0,4,129050.0,2,129060.0,2,129070.0,3,129080.0,1,129110.0,6,129120.0,9,129130.0,4,129140.0,9,129150.0,17,129090.0
ni2409,,13:40:42.0#,129420.0,130080.0,128100.0,143840.0,117690.0,132349,127447.0,129040.0,4,129050.0,5,129060.0,3,129070.0,3,129080.0,2,129100.0,4,129110.0,6,129120.0,9,129130.0,5,129140.0,9,129090.0
ni2409,,13:40:42.500#,129420.0,130080.0,128100.0,143840.0,117690.0,132349,127447.0,129040.0,4,129050.0,4,129060.0,3,129070.0,3,129080.0,2,129100.0,4,129110.0,3,129120.0,9,129130.0,5,129140.0,9,129090.0
ni2409,,13:40:43.0#,129420.0,130080.0,128100.0,143840.0,117690.0,132349,127447.0,129040.0,4,129050.0,1,129060.0,3,129070.0,3,129080.0,2,129100.0,1,129110.0,3,129120.0,9,129130.0,5,129140.0,9,129090.0
ni2409,,13:40:43.500#,129420.0,130080.0,128100.0,143840.0,117690.0,132352,127447.0,129030.0,2,129040.0,4,129050.0,1,129060.0,3,129070.0,3,129080.0,4,129100.0,1,129110.0,3,129120.0,9,129130.0,5,129080.0
ni2409,,13:40:44.0#,129420.0,130080.0,128100.0,143840.0,117690.0,132355,127445.0,129030.0,2,129040.0,4,129050.0,1,129060.0,3,129070.0,2,129080.0,4,129110.0,3,129120.0,8,129130.0,5,129140.0,9,129080.0
ni2409,,13:40:44.500#,129420.0,130080.0,128100.0,143840.0,117690.0,132359,127442.0,129020.0,1,129030.0,2,129040.0,4,129050.0,1,129060.0,3,129070.0,5,129080.0,3,129100.0,3,129110.0,3,129120.0,8,129070.0
ni2409,,13:40:45.0#,129420.0,130080.0,128100.0,143840.0,117690.0,132360,127441.0,129020.0,1,129030.0,2,129040.0,4,129050.0,1,129060.0,1,129070.0,5,129080.0,3,129110.0,3,129120.0,8,129130.0,5,129070.0
ni2409,,13:40:45.500#,129420.0,130080.0,128100.0,143840.0,117690.0,132364,127439.0,129020.0,1,129030.0,2,129040.0,4,129050.0,1,129060.0,1,129070.0,3,129080.0,4,129110.0,3,129120.0,7,129130.0,6,129070.0
ni2409,,13:40:46.0#,129420.0,130080.0,128100.0,143840.0,117690.0,132364,127439.0,129020.0,1,129030.0,2,129040.0,4,129050.0,1,129060.0,2,129070.0,3,129080.0,4,129100.0,3,129110.0,3,129120.0,7,129070.0
ni2409,,13:40:46.500#,129420.0,130080.0,128100.0,143840.0,117690.0,132367,127436.0,129010.0,5,129020.0,1,129030.0,2,129040.0,4,129050.0,1,129060.0,5,129070.0,3,129080.0,4,129110.0,3,129120.0,7,129060.0
ni2409,,13:40:47.0#,129420.0,130080.0,128100.0,143840.0,117690.0,132371,127436.0,129010.0,5,129020.0,2,129030.0,2,129040.0,4,129050.0,10,129060.0,3,129070.0,3,129080.0,4,129120.0,7,129130.0,7,129060.0
ni2409,,13:40:47.500#,129420.0,130080.0,128100.0,143840.0,117690.0,132377,127434.0,129020.0,2,129030.0,2,129040.0,4,129050.0,10,129060.0,44,129080.0,4,129120.0,7,129130.0,7,129140.0,9,129150.0,17,129070.0
ni2409,,13:40:48.0#,129420.0,130080.0,128100.0,143840.0,117690.0,132381,127430.0,129040.0,1,129050.0,7,129060.0,35,129070.0,6,129080.0,11,129110.0,1,129120.0,7,129130.0,7,129140.0,9,129150.0,17,129080.0
ni2409,,13:40:48.500#,129420.0,130080.0,128100.0,143840.0,117690.0,132383,127428.0,129040.0,1,129050.0,7,129060.0,30,129070.0,6,129080.0,5,129100.0,5,129110.0,5,129120.0,3,129130.0,7,129140.0,9,129080.0
ni2409,,13:40:49.0#,129420.0,130080.0,128100.0,143840.0,117690.0,132383,127428.0,129040.0,1,129050.0,7,129060.0,30,129070.0,2,129080.0,1,129090.0,1,129100.0,5,129110.0,5,129120.0,3,129130.0,7,129080.0
ni2409,,13:40:49.500#,129420.0,130080.0,128100.0,143840.0,117690.0,132387,127430.0,129040.0,1,129050.0,7,129060.0,30,129070.0,2,129080.0,3,129100.0,3,129110.0,5,129120.0,2,129130.0,6,129140.0,9,129100.0
ni2409,,13:40:50.0#,129420.0,130080.0,128100.0,143840.0,117690.0,132387,127430.0,129050.0,7,129060.0,30,129070.0,2,129080.0,3,129090.0,1,129110.0,4,129120.0,2,129130.0,6,129140.0,9,129150.0,17,129100.0
ni2409,,13:40:50.500#,129420.0,130080.0,128100.0,143840.0,117690.0,132387,127430.0,129050.0,7,129060.0,30,129070.0,2,129080.0,3,129090.0,4,129110.0,4,129120.0,2,129130.0,6,129140.0,9,129150.0,17,129100.0
ni2409,,13:40:51.0#,129420.0,130080.0,128100.0,143840.0,117690.0,132389,127429.0,129050.0,7,129060.0,30,129070.0,2,129080.0,3,129090.0,2,129110.0,1,129120.0,2,129130.0,6,129140.0,9,129150.0,17,129090.0
ni2409,,13:40:51.500#,129420.0,130080.0,128100.0,143840.0,117690.0,132389,127429.0,129050.0,7,129060.0,30,129070.0,2,129080.0,3,129090.0,2,129110.0,8,129120.0,2,129130.0,6,129140.0,9,129150.0,17,129090.0
ni2409,,13:40:52.0#,129420.0,130080.0,128100.0,143840.0,117690.0,132389,127429.0,129050.0,7,129060.0,23,129070.0,2,129080.0,3,129090.0,2,129110.0,1,129120.0,2,129130.0,6,129140.0,9,129150.0,17,129090.0
ni2409,,13:40:52.500#,129420.0,130080.0,128100.0,143840.0,117690.0,132389,127429.0,129060.0,22,129070.0,2,129080.0,3,129090.0,5,129100.0,1,129120.0,1,129130.0,6,129140.0,9,129150.0,17,129160.0,14,129090.0
ni2409,,13:40:53.0#,129420.0,130080.0,128100.0,143840.0,117690.0,132391,127428.0,129050.0,7,129060.0,19,129070.0,2,129080.0,3,129090.0,2,129120.0,2,129130.0,6,129140.0,9,129150.0,17,129160.0,14,129100.0
ni2409,,13:40:53.500#,129420.0,130080.0,128100.0,143840.0,117690.0,132391,127428.0,129050.0,7,129060.0,19,129070.0,5,129080.0,3,129090.0,2,129120.0,7,129130.0,6,129140.0,9,129150.0,17,129160.0,14,129100.0
ni2409,,13:40:54.0#,129420.0,130080.0,128100.0,143840.0,117690.0,132391,127428.0,129050.0,7,129060.0,19,129070.0,2,129080.0,3,129090.0,2,129110.0,1,129120.0,4,129130.0,6,129140.0,9,129150.0,17,129100.0
ni2409,,13:40:54.500#,129420.0,130080.0,128100.0,143840.0,117690.0,132396,127430.0,129060.0,19,129070.0,2,129080.0,3,129090.0,2,129120.0,48,129130.0,6,129140.0,9,129150.0,17,129160.0,14,129170.0,10,129120.0
ni2409,,13:40:55.0#,129420.0,130080.0,128100.0,143840.0,117690.0,132401,127434.0,129060.0,19,129070.0,3,129080.0,3,129090.0,2,129120.0,45,129130.0,4,129140.0,5,129150.0,17,129160.0,14,129170.0,10,129120.0
ni2409,,13:40:55.500#,129420.0,130080.0,128100.0,143840.0,117690.0,132402,127435.0,129070.0,3,129080.0,3,129090.0,2,129100.0,3,129120.0,45,129130.0,4,129140.0,5,129150.0,17,129160.0,14,129170.0,10,129120.0
ni2409,,13:40:56.0#,129420.0,130080.0,128100.0,143840.0,117690.0,132404,127435.0,129060.0,19,129070.0,3,129080.0,3,129090.0,2,129120.0,43,129130.0,4,129140.0,4,129150.0,17,129160.0,14,129170.0,11,129120.0
ni2409,,13:40:56.500#,129420.0,130080.0,128100.0,143840.0,117690.0,132409,127437.0,129060.0,19,129070.0,3,129080.0,3,129090.0,6,129120.0,42,129140.0,4,129150.0,17,129160.0,14,129170.0,11,129180.0,6,129120.0
ni2409,,13:40:57.0#,129420.0,130080.0,128100.0,143840.0,117690.0,132410,127437.0,129070.0,3,129080.0,3,129090.0,3,129100.0,3,129120.0,41,129140.0,4,129150.0,17,129160.0,14,129170.0,11,129180.0,5,129120.0
ni2409,,13:40:57.500#,129420.0,130080.0,128100.0,143840.0,117690.0,132410,127437.0,129060.0,19,129070.0,3,129080.0,3,129090.0,6,129120.0,41,129140.0,4,129150.0,17,129160.0,14,129170.0,11,129180.0,5,129120.0
ni2409,,13:40:58.0#,129420.0,130080.0,128100.0,143840.0,117690.0,132411,127436.0,129070.0,3,129080.0,3,129090.0,3,129100.0,3,129120.0,41,129140.0,3,129150.0,17,129160.0,14,129170.0,11,129180.0,5,129140.0
ni2409,,13:40:58.500#,129420.0,130080.0,128100.0,143840.0,117690.0,132416,127433.0,129060.0,19,129070.0,3,129080.0,3,129090.0,3,129120.0,41,129150.0,15,129160.0,14,129170.0,11,129180.0,5,129190.0,8,129150.0
ni2409,,13:40:59.0#,129420.0,130080.0,128100.0,143840.0,117690.0,132418,127431.0,129080.0,3,129090.0,3,129100.0,3,129120.0,41,129140.0,1,129150.0,13,129160.0,14,129170.0,11,129180.0,5,129190.0,8,129150.0
ni2409,,13:40:59.500#,129420.0,130080.0,128100.0,143840.0,117690.0,132424,127433.0,129090.0,3,129110.0,3,129120.0,41,129130.0,2,129140.0,15,129150.0,13,129160.0,14,129170.0,11,129180.0,4,129190.0,8,129140.0
ni2409,,13:41:00.0#,129420.0,130080.0,128100.0,143840.0,117690.0,132438,127430.0,129100.0,5,129110.0,3,129120.0,41,129130.0,2,129140.0,15,129160.0,14,129170.0,11,129180.0,4,129190.0,8,129200.0,14,129150.0
ni2409,,13:41:00.500#,129420.0,130080.0,128100.0,143840.0,117690.0,132440,127430.0,129100.0,5,129110.0,3,129120.0,41,129130.0,2,129140.0,14,129160.0,14,129170.0,11,129180.0,4,129190.0,8,129200.0,14,129150.0
ni2409,,13:41:01.0#,129420.0,130080.0,128100.0,143840.0,117690.0,132442,127431.0,129100.0,5,129110.0,3,129120.0,41,129130.0,2,129140.0,12,129160.0,14,129170.0,10,129180.0,4,129190.0,8,129200.0,14,129140.0
ni2409,,13:41:01.500#,129420.0,130080.0,128100.0,143840.0,117690.0,132442,127431.0,129100.0,5,129110.0,3,129120.0,41,129130.0,1,129140.0,12,129150.0,4,129160.0,14,129170.0,10,129180.0,4,129190.0,8,129140.0
ni2409,,13:41:02.0#,129420.0,130080.0,128100.0,143840.0,117690.0,132451,127439.0,129100.0,5,129110.0,3,129120.0,41,129130.0,1,129140.0,3,129150.0,6,129160.0,14,129170.0,10,129180.0,4,129190.0,8,129140.0
ni2409,,13:41:02.500#,129420.0,130080.0,128100.0,143840.0,117690.0,132455,127440.0,129070.0,3,129080.0,4,129090.0,4,129100.0,5,129120.0,41,129140.0,32,129150.0,8,129160.0,18,129170.0,10,129180.0,5,129130.0
ni2409,,13:41:03.0#,129420.0,130080.0,128100.0,143840.0,117690.0,132491,127431.0,129070.0,3,129080.0,4,129090.0,4,129100.0,5,129120.0,6,129130.0,8,129140.0,29,129150.0,3,129160.0,18,129170.0,10,129130.0
ni2409,,13:41:03.500#,129420.0,130080.0,128100.0,143840.0,117690.0,132497,127431.0,129060.0,17,129070.0,3,129080.0,4,129090.0,4,129100.0,5,129120.0,15,129130.0,9,129140.0,23,129150.0,3,129160.0,18,129120.0
ni2409,,13:41:04.0#,129420.0,130080.0,128100.0,143840.0,117690.0,132501,127431.0,129060.0,17,129070.0,3,129080.0,6,129090.0,4,129100.0,5,129110.0,5,129120.0,10,129130.0,7,129140.0,23,129150.0,3,129120.0
ni2409,,13:41:04.500#,129420.0,130080.0,128100.0,143840.0,117690.0,132506,127436.0,129060.0,17,129070.0,3,129090.0,4,129100.0,6,129110.0,3,129120.0,12,129130.0,7,129140.0,23,129150.0,3,129160.0,18,129110.0
ni2409,,13:41:05.0#,129420.0,130080.0,128100.0,143840.0,117690.0,132508,127438.0,129060.0,17,129070.0,3,129080.0,3,129090.0,4,129100.0,6,129120.0,7,129130.0,5,129140.0,23,129150.0,3,129160.0,18,129110.0
ni2409,,13:41:05.500#,129420.0,130080.0,128100.0,143840.0,117690.0,132510,127438.0,129050.0,7,129060.0,17,129070.0,3,129090.0,4,129100.0,4,129120.0,6,129130.0,5,129140.0,20,129150.0,3,129160.0,18,129100.0
ni2409,,13:41:06.0#,129420.0,130080.0,128100.0,143840.0,117690.0,132510,127438.0,129060.0,17,129070.0,3,129080.0,3,129090.0,4,129100.0,3,129120.0,6,129130.0,5,129140.0,20,129150.0,3,129160.0,18,129100.0
ni2409,,13:41:06.500#,129420.0,130080.0,128100.0,143840.0,117690.0,132510,127438.0,129060.0,17,129070.0,3,129080.0,3,129090.0,4,129100.0,3,129120.0,6,129130.0,5,129140.0,20,129150.0,3,129160.0,18,129100.0
ni2409,,13:41:07.0#,129420.0,130080.0,128100.0,143840.0,117690.0,132511,127439.0,129060.0,17,129070.0,3,129080.0,3,129090.0,4,129100.0,4,129120.0,5,129130.0,5,129140.0,17,129150.0,3,129160.0,18,129120.0
ni2409,,13:41:07.500#,129420.0,130080.0,128100.0,143840.0,117690.0,132511,127439.0,129060.0,17,129070.0,3,129080.0,3,129090.0,4,129100.0,4,129120.0,6,129130.0,4,129140.0,11,129150.0,3,129160.0,18,129120.0
ni2409,,13:41:08.0#,129420.0,130080.0,128100.0,143840.0,117690.0,132512,127440.0,129060.0,16,129070.0,3,129080.0,3,129090.0,4,129100.0,3,129120.0,6,129130.0,4,129140.0,11,129150.0,3,129160.0,18,129100.0
ni2409,,13:41:08.500#,129420.0,130080.0,128100.0,143840.0,117690.0,132512,127440.0,129070.0,3,129080.0,3,129090.0,4,129100.0,3,129110.0,1,129120.0,6,129130.0,4,129140.0,11,129150.0,3,129160.0,18,129100.0
ni2409,,13:41:09.500#,129420.0,130080.0,128100.0,143840.0,117690.0,132518,127439.0,129070.0,2,129090.0,4,129100.0,6,129110.0,10,129120.0,6,129140.0,10,129150.0,3,129160.0,18,129170.0,11,129180.0,11,129120.0
ni2409,,13:41:10.0#,129420.0,130080.0,128100.0,143840.0,117690.0,132518,127439.0,129080.0,1,129090.0,4,129100.0,6,129110.0,10,129120.0,3,129140.0,8,129150.0,3,129160.0,18,129170.0,11,129180.0,11,129120.0
ni2409,,13:41:11.500#,129420.0,130080.0,128100.0,143840.0,117690.0,132523,127439.0,129080.0,1,129090.0,4,129100.0,6,129110.0,10,129120.0,6,129140.0,8,129150.0,3,129160.0,18,129170.0,11,129180.0,11,129120.0
ni2409,,13:41:12.0#,129420.0,130080.0,128100.0,143840.0,117690.0,132523,127439.0,129080.0,1,129090.0,4,129100.0,6,129110.0,10,129120.0,6,129140.0,9,129150.0,2,129160.0,18,129170.0,11,129180.0,11,129120.0
ni2409,,13:41:12.500#,129420.0,130080.0,128100.0,143840.0,117690.0,132524,127440.0,129080.0,1,129090.0,4,129100.0,6,129110.0,10,129120.0,5,129130.0,1,129140.0,9,129150.0,2,129160.0,18,129170.0,11,129120.0
ni2409,,13:41:13.0#,129420.0,130080.0,128100.0,143840.0,117690.0,132525,127441.0,129080.0,1,129090.0,4,129100.0,7,129110.0,10,129120.0,4,129130.0,1,129140.0,9,129150.0,2,129160.0,18,129170.0,11,129120.0
ni2409,,13:41:13.500#,129420.0,130080.0,128100.0,143840.0,117690.0,132525,127441.0,129080.0,1,129090.0,4,129100.0,7,129110.0,10,129120.0,5,129130.0,1,129140.0,9,129150.0,2,129160.0,18,129170.0,11,129120.0
ni2409,,13:41:14.0#,129420.0,130080.0,128100.0,143840.0,117690.0,132525,127441.0,129080.0,1,129090.0,4,129100.0,7,129110.0,10,129120.0,5,129130.0,2,129140.0,8,129150.0,2,129160.0,18,129170.0,11,129120.0
ni2409,,13:41:14.500#,129420.0,130080.0,128100.0,143840.0,117690.0,132526,127441.0,129080.0,1,129090.0,4,129100.0,7,129110.0,10,129120.0,5,129130.0,1,129140.0,8,129150.0,2,129160.0,18,129170.0,11,129130.0
ni2409,,13:41:15.500#,129420.0,130080.0,128100.0,143840.0,117690.0,132526,127441.0,129080.0,1,129090.0,4,129100.0,7,129110.0,10,129120.0,5,129130.0,1,129140.0,8,129150.0,2,129160.0,19,129170.0,11,129130.0
ni2409,,13:41:16.500#,129420.0,130080.0,128100.0,143840.0,117690.0,132526,127441.0,129080.0,1,129090.0,4,129100.0,7,129110.0,10,129120.0,5,129130.0,1,129140.0,8,129150.0,2,129160.0,19,129170.0,11,129130.0
ni2409,,13:41:17.0#,129420.0,130080.0,128100.0,143840.0,117690.0,132526,127441.0,129080.0,1,129090.0,4,129100.0,7,129110.0,10,129120.0,4,129130.0,1,129140.0,8,129150.0,2,129160.0,19,129170.0,11,129130.0
ni2409,,13:41:18.0#,129420.0,130080.0,128100.0,143840.0,117690.0,132526,127441.0,129080.0,1,129090.0,4,129100.0,7,129110.0,10,129120.0,4,129130.0,1,129140.0,8,129150.0,2,129160.0,19,129170.0,11,129130.0
ni2409,,13:41:18.500#,129420.0,130080.0,128100.0,143840.0,117690.0,132526,127441.0,129080.0,1,129090.0,4,129100.0,7,129110.0,10,129120.0,4,129130.0,1,129140.0,8,129150.0,2,129160.0,19,129170.0,11,129130.0
ni2409,,13:41:19.0#,129420.0,130080.0,128100.0,143840.0,117690.0,132526,127441.0,129080.0,1,129090.0,4,129100.0,7,129110.0,10,129120.0,4,129130.0,1,129140.0,8,129150.0,2,129160.0,22,129170.0,11,129130.0
ni2409,,13:41:21.0#,129420.0,130080.0,128100.0,143840.0,117690.0,132526,127441.0,129080.0,1,129090.0,4,129100.0,7,129110.0,10,129120.0,4,129130.0,1,129140.0,8,129150.0,2,129160.0,22,129170.0,11,129130.0
ni2409,,13:41:22.0#,129420.0,130080.0,128100.0,143840.0,117690.0,132526,127441.0,129080.0,1,129090.0,4,129100.0,7,129110.0,10,129120.0,4,129130.0,2,129140.0,8,129150.0,2,129160.0,22,129170.0,11,129130.0
ni2409,,13:41:22.500#,129420.0,130080.0,128100.0,143840.0,117690.0,132531,127445.0,129070.0,3,129080.0,1,129090.0,4,129100.0,7,129110.0,10,129120.0,1,129130.0,5,129140.0,8,129150.0,2,129160.0,22,129120.0
ni2409,,13:41:23.0#,129420.0,130080.0,128100.0,143840.0,117690.0,132532,127445.0,129070.0,3,129080.0,1,129090.0,4,129100.0,7,129110.0,9,129120.0,1,129130.0,1,129140.0,8,129150.0,2,129160.0,22,129120.0
ni2409,,13:41:23.500#,129420.0,130080.0,128100.0,143840.0,117690.0,132532,127445.0,129070.0,3,129080.0,1,129090.0,4,129100.0,7,129110.0,9,129120.0,2,129130.0,2,129140.0,8,129150.0,2,129160.0,22,129120.0
ni2409,,13:41:24.0#,129420.0,130080.0,128100.0,143840.0,117690.0,132533,127446.0,129070.0,3,129080.0,1,129090.0,4,129100.0,7,129110.0,8,129120.0,2,129130.0,2,129140.0,8,129150.0,2,129160.0,22,129110.0
ni2409,,13:41:24.500#,129420.0,130080.0,128100.0,143840.0,117690.0,132535,127448.0,129070.0,2,129080.0,1,129090.0,4,129100.0,7,129110.0,7,129120.0,2,129130.0,2,129140.0,8,129150.0,2,129160.0,22,129110.0
ni2409,,13:41:25.0#,129420.0,130080.0,128100.0,143840.0,117690.0,132535,127448.0,129070.0,2,129080.0,4,129090.0,4,129100.0,7,129110.0,7,129120.0,3,129130.0,2,129140.0,8,129150.0,2,129160.0,22,129110.0
ni2409,,13:41:25.500#,129420.0,130080.0,128100.0,143840.0,117690.0,132535,127448.0,129070.0,2,129080.0,4,129090.0,4,129100.0,7,129110.0,7,129120.0,3,129130.0,2,129140.0,8,129150.0,2,129160.0,22,129110.0
ni2409,,13:41:26.0#,129420.0,130080.0,128100.0,143840.0,117690.0,132535,127448.0,129070.0,2,129080.0,4,129090.0,4,129100.0,7,129110.0,7,129120.0,3,129130.0,2,129140.0,8,129150.0,2,129160.0,22,129110.0
ni2409,,13:41:26.500#,129420.0,130080.0,128100.0,143840.0,117690.0,132538,127448.0,129070.0,2,129080.0,4,129090.0,4,129100.0,5,129110.0,5,129120.0,2,129130.0,2,129140.0,8,129150.0,2,129160.0,22,129120.0
ni2409,,13:41:27.0#,129420.0,130080.0,128100.0,143840.0,117690.0,132540,127449.0,129070.0,2,129080.0,4,129090.0,4,129100.0,5,129110.0,3,129120.0,3,129130.0,2,129140.0,8,129150.0,2,129160.0,22,129110.0
ni2409,,13:41:27.500#,129420.0,130080.0,128100.0,143840.0,117690.0,132543,127452.0,129060.0,17,129070.0,2,129080.0,4,129090.0,5,129100.0,5,129110.0,2,129120.0,3,129130.0,2,129140.0,8,129150.0,2,129110.0
ni2409,,13:41:28.0#,129420.0,130080.0,128100.0,143840.0,117690.0,132545,127454.0,129060.0,17,129070.0,2,129080.0,4,129090.0,5,129100.0,5,129120.0,3,129130.0,2,129140.0,8,129150.0,2,129160.0,22,129110.0
ni2409,,13:41:29.0#,129420.0,130080.0,128100.0,143840.0,117690.0,132545,127454.0,129060.0,17,129070.0,2,129080.0,4,129090.0,5,129100.0,5,129120.0,3,129130.0,2,129140.0,8,129150.0,2,129160.0,23,129110.0
ni2409,,13:41:29.500#,129420.0,130080.0,128100.0,143840.0,117690.0,132546,127454.0,129060.0,17,129070.0,2,129080.0,4,129090.0,5,129100.0,5,129110.0,1,129120.0,2,129130.0,2,129140.0,8,129150.0,2,129120.0
ni2409,,13:41:30.0#,129420.0,130080.0,128100.0,143840.0,117690.0,132547,127453.0,129060.0,17,129070.0,2,129080.0,4,129090.0,5,129100.0,5,129120.0,3,129130.0,2,129140.0,8,129150.0,2,129160.0,23,129110.0
ni2409,,13:41:30.500#,129420.0,130080.0,128100.0,143840.0,117690.0,132547,127453.0,129060.0,17,129070.0,2,129080.0,4,129090.0,5,129100.0,5,129120.0,3,129130.0,2,129140.0,8,129150.0,2,129160.0,23,129110.0
ni2409,,13:41:31.0#,129420.0,130080.0,128100.0,143840.0,117690.0,132547,127453.0,129060.0,17,129070.0,2,129080.0,4,129090.0,5,129100.0,10,129120.0,3,129130.0,2,129140.0,8,129150.0,2,129160.0,23,129110.0
ni2409,,13:41:31.500#,129420.0,130080.0,128100.0,143840.0,117690.0,132548,127452.0,129060.0,17,129070.0,2,129080.0,4,129090.0,5,129100.0,11,129120.0,2,129130.0,2,129140.0,8,129150.0,2,129160.0,23,129120.0
ni2409,,13:41:32.0#,129420.0,130080.0,128100.0,143840.0,117690.0,132548,127452.0,129060.0,17,129070.0,2,129080.0,4,129090.0,5,129100.0,11,129120.0,2,129130.0,2,129140.0,8,129150.0,2,129160.0,23,129120.0
ni2409,,13:41:32.500#,129420.0,130080.0,128100.0,143840.0,117690.0,132554,127457.0,129060.0,17,129070.0,2,129080.0,4,129090.0,5,129100.0,5,129120.0,2,129130.0,2,129140.0,2,129150.0,2,129160.0,23,129100.0
ni2409,,13:41:34.500#,129420.0,130080.0,128100.0,143840.0,117690.0,132556,127457.0,129060.0,17,129070.0,2,129080.0,4,129090.0,5,129100.0,3,129120.0,2,129130.0,2,129140.0,2,129150.0,2,129160.0,23,129100.0
ni2409,,13:41:35.0#,129420.0,130080.0,128100.0,143840.0,117690.0,132557,127457.0,129060.0,17,129070.0,2,129080.0,4,129090.0,5,129100.0,2,129120.0,3,129130.0,3,129140.0,2,129150.0,1,129160.0,23,129100.0
ni2409,,13:41:35.500#,129420.0,130080.0,128100.0,143840.0,117690.0,132559,127456.0,129060.0,17,129070.0,2,129080.0,4,129090.0,5,129100.0,2,129120.0,1,129130.0,3,129140.0,2,129150.0,4,129160.0,23,129120.0
ni2409,,13:41:36.0#,129420.0,130080.0,128100.0,143840.0,117690.0,132562,127454.0,129050.0,7,129060.0,17,129070.0,2,129080.0,4,129090.0,5,129100.0,17,129120.0,1,129130.0,3,129140.0,2,129150.0,1,129100.0
ni2409,,13:41:36.500#,129420.0,130080.0,128100.0,143840.0,117690.0,132563,127453.0,129050.0,7,129060.0,17,129070.0,2,129080.0,4,129090.0,5,129100.0,16,129120.0,1,129130.0,3,129140.0,1,129150.0,1,129100.0
ni2409,,13:41:37.0#,129420.0,130080.0,128100.0,143840.0,117690.0,132563,127453.0,129050.0,7,129060.0,17,129070.0,2,129080.0,4,129090.0,5,129100.0,16,129120.0,1,129130.0,3,129140.0,1,129150.0,1,129100.0
ni2409,,13:41:37.500#,129420.0,130080.0,128100.0,143840.0,117690.0,132563,127453.0,129050.0,7,129060.0,17,129070.0,2,129080.0,4,129090.0,5,129100.0,16,129120.0,2,129130.0,3,129140.0,1,129150.0,1,129100.0
ni2409,,13:41:38.0#,129420.0,130080.0,128100.0,143840.0,117690.0,132568,127449.0,129030.0,2,129050.0,7,129060.0,17,129070.0,3,129080.0,4,129090.0,11,129100.0,16,129120.0,2,129130.0,3,129140.0,1,129090.0
ni2409,,13:41:38.500#,129420.0,130080.0,128100.0,143840.0,117690.0,132571,127449.0,129020.0,1,129030.0,3,129050.0,7,129060.0,17,129070.0,1,129080.0,1,129090.0,11,129100.0,16,129120.0,2,129130.0,3,129080.0
ni2409,,13:41:39.0#,129420.0,130080.0,128100.0,143840.0,117690.0,132572,127448.0,129020.0,1,129030.0,3,129050.0,7,129060.0,17,129070.0,4,129090.0,11,129100.0,16,129120.0,2,129130.0,3,129140.0,1,129080.0
ni2409,,13:41:39.500#,129420.0,130080.0,128100.0,143840.0,117690.0,132580,127446.0,129010.0,8,129020.0,1,129030.0,3,129050.0,7,129060.0,17,129070.0,10,129080.0,1,129090.0,11,129100.0,16,129120.0,2,129070.0
ni2409,,13:41:40.0#,129420.0,130080.0,128100.0,143840.0,117690.0,132582,127445.0,129010.0,8,129020.0,1,129030.0,3,129050.0,7,129060.0,16,129070.0,12,129080.0,1,129090.0,11,129100.0,16,129120.0,2,129070.0
ni2409,,13:41:40.500#,129420.0,130080.0,128100.0,143840.0,117690.0,132583,127444.0,129010.0,8,129020.0,1,129030.0,3,129050.0,7,129060.0,30,129070.0,12,129080.0,1,129090.0,11,129100.0,16,129120.0,2,129070.0
ni2409,,13:41:41.0#,129420.0,130080.0,128100.0,143840.0,117690.0,132596,127445.0,129020.0,1,129030.0,3,129050.0,7,129060.0,30,129070.0,17,129090.0,11,129100.0,16,129120.0,2,129130.0,4,129140.0,1,129080.0
ni2409,,13:41:41.500#,129420.0,130080.0,128100.0,143840.0,117690.0,132598,127443.0,129040.0,3,129050.0,7,129060.0,28,129070.0,17,129080.0,2,129090.0,11,129100.0,16,129120.0,2,129130.0,4,129140.0,1,129090.0
ni2409,,13:41:42.0#,129420.0,130080.0,128100.0,143840.0,117690.0,132598,127443.0,129040.0,3,129050.0,7,129060.0,29,129070.0,7,129080.0,11,129090.0,11,129100.0,16,129120.0,2,129130.0,4,129140.0,1,129090.0
ni2409,,13:41:42.500#,129420.0,130080.0,128100.0,143840.0,117690.0,132599,127442.0,129040.0,3,129050.0,7,129060.0,29,129070.0,7,129080.0,11,129090.0,11,129100.0,16,129120.0,2,129130.0,4,129140.0,1,129090.0
ni2409,,13:41:43.0#,129420.0,130080.0,128100.0,143840.0,117690.0,132601,127442.0,129040.0,3,129050.0,7,129060.0,29,129070.0,7,129080.0,11,129090.0,11,129100.0,16,129120.0,2,129130.0,4,129140.0,1,129090.0
ni2409,,13:41:43.500#,129420.0,130080.0,128100.0,143840.0,117690.0,132606,127442.0,129040.0,3,129050.0,7,129060.0,29,129070.0,7,129080.0,6,129090.0,6,129100.0,16,129120.0,2,129130.0,4,129140.0,2,129080.0
ni2409,,13:41:45.0#,129420.0,130080.0,128100.0,143840.0,117690.0,132610,127440.0,129040.0,3,129050.0,7,129060.0,29,129070.0,7,129080.0,7,129090.0,4,129100.0,16,129120.0,1,129130.0,4,129140.0,2,129090.0
ni2409,,13:41:45.500#,129420.0,130080.0,128100.0,143840.0,117690.0,132614,127436.0,129050.0,7,129060.0,29,129070.0,4,129080.0,7,129090.0,1,129100.0,16,129120.0,1,129130.0,4,129140.0,2,129150.0,1,129090.0
ni2409,,13:41:46.0#,129420.0,130080.0,128100.0,143840.0,117690.0,132617,127437.0,129050.0,7,129060.0,29,129070.0,4,129080.0,7,129090.0,9,129100.0,15,129120.0,1,129130.0,4,129140.0,2,129150.0,1,129090.0
ni2409,,13:41:46.500#,129420.0,130080.0,128100.0,143840.0,117690.0,132655,127456.0,129060.0,29,129070.0,4,129080.0,7,129090.0,7,129100.0,14,129120.0,1,129130.0,4,129140.0,2,129150.0,1,129160.0,23,129100.0
ni2409,,13:41:47.0#,129420.0,130080.0,128100.0,143840.0,117690.0,132656,127457.0,129060.0,29,129070.0,4,129080.0,6,129090.0,7,129100.0,10,129120.0,1,129130.0,4,129140.0,2,129150.0,4,129160.0,23,129100.0
ni2409,,13:41:47.500#,129420.0,130080.0,128100.0,143840.0,117690.0,132664,127463.0,129060.0,29,129070.0,4,129080.0,6,129090.0,4,129100.0,1,129110.0,16,129120.0,6,129130.0,4,129140.0,2,129150.0,1,129100.0
ni2409,,13:41:48.0#,129420.0,130080.0,128100.0,143840.0,117690.0,132670,127463.0,129020.0,1,129030.0,3,129050.0,4,129060.0,29,129080.0,6,129100.0,22,129110.0,16,129120.0,5,129130.0,4,129140.0,2,129100.0
ni2409,,13:41:48.500#,129420.0,130080.0,128100.0,143840.0,117690.0,132677,127469.0,129010.0,8,129020.0,1,129030.0,3,129050.0,4,129060.0,29,129090.0,6,129100.0,32,129110.0,11,129120.0,5,129130.0,4,129090.0
ni2409,,13:41:49.0#,129420.0,130080.0,128100.0,143840.0,117690.0,132679,127469.0,129020.0,1,129030.0,3,129040.0,3,129050.0,4,129060.0,30,129090.0,6,129100.0,24,129110.0,11,129120.0,5,129130.0,4,129060.0
ni2409,,13:41:49.500#,129420.0,130080.0,128100.0,143840.0,117690.0,132682,127470.0,129020.0,1,129030.0,3,129040.0,3,129050.0,4,129060.0,28,129090.0,4,129100.0,21,129110.0,11,129120.0,5,129130.0,4,129090.0
ni2409,,13:41:50.0#,129420.0,130080.0,128100.0,143840.0,117690.0,132682,127470.0,129020.0,1,129030.0,3,129040.0,3,129050.0,4,129060.0,28,129090.0,3,129100.0,21,129110.0,11,129120.0,5,129130.0,4,129090.0
ni2409,,13:41:50.500#,129420.0,130080.0,128100.0,143840.0,117690.0,132682,127470.0,129020.0,1,129030.0,3,129040.0,3,129050.0,4,129060.0,28,129090.0,3,129100.0,21,129110.0,11,129120.0,5,129130.0,4,129090.0
ni2409,,13:41:51.0#,129420.0,130080.0,128100.0,143840.0,117690.0,132682,127470.0,129020.0,1,129030.0,3,129040.0,3,129050.0,4,129060.0,28,129090.0,12,129100.0,21,129110.0,11,129120.0,5,129130.0,4,129090.0
ni2409,,13:41:51.500#,129420.0,130080.0,128100.0,143840.0,117690.0,132696,127459.0,129010.0,8,129020.0,1,129030.0,3,129050.0,4,129060.0,10,129080.0,7,129090.0,15,129100.0,21,129110.0,3,129120.0,5,129060.0
ni2409,,13:41:52.0#,129420.0,130080.0,128100.0,143840.0,117690.0,132707,127459.0,129000.0,7,129010.0,8,129020.0,1,129030.0,3,129050.0,1,129060.0,4,129070.0,8,129080.0,6,129090.0,9,129100.0,17,129060.0
ni2409,,13:41:52.500#,129420.0,130080.0,128100.0,143840.0,117690.0,132708,127460.0,129000.0,7,129010.0,8,129020.0,1,129030.0,3,129040.0,1,129060.0,4,129070.0,8,129080.0,3,129090.0,9,129100.0,17,129050.0
ni2409,,13:41:53.500#,129420.0,130080.0,128100.0,143840.0,117690.0,132710,127462.0,129010.0,8,129020.0,1,129030.0,6,129040.0,1,129050.0,1,129060.0,3,129070.0,7,129080.0,3,129090.0,9,129100.0,13,129060.0
ni2409,,13:41:54.0#,129420.0,130080.0,128100.0,143840.0,117690.0,132716,127461.0,129000.0,7,129010.0,8,129020.0,1,129030.0,6,129040.0,1,129070.0,7,129080.0,3,129090.0,9,129100.0,13,129110.0,3,129060.0
ni2409,,13:41:54.500#,129420.0,130080.0,128100.0,143840.0,117690.0,132716,127461.0,129000.0,7,129010.0,8,129020.0,1,129030.0,6,129040.0,5,129070.0,6,129080.0,3,129090.0,9,129100.0,13,129110.0,3,129060.0
ni2409,,13:41:55.0#,129420.0,130080.0,128100.0,143840.0,117690.0,132717,127462.0,129010.0,8,129020.0,4,129030.0,6,129040.0,5,129050.0,3,129070.0,4,129080.0,3,129090.0,9,129100.0,13,129110.0,3,129050.0
ni2409,,13:41:55.500#,129420.0,130080.0,128100.0,143840.0,117690.0,132717,127462.0,129010.0,8,129020.0,1,129030.0,6,129040.0,5,129050.0,7,129070.0,4,129080.0,3,129090.0,9,129100.0,13,129110.0,3,129050.0
ni2409,,13:41:56.500#,129420.0,130080.0,128100.0,143840.0,117690.0,132718,127462.0,129010.0,8,129020.0,1,129030.0,6,129040.0,5,129050.0,9,129070.0,4,129080.0,3,129090.0,9,129100.0,13,129110.0,3,129060.0
ni2409,,13:41:57.0#,129420.0,130080.0,128100.0,143840.0,117690.0,132718,127462.0,129020.0,4,129030.0,3,129040.0,5,129050.0,9,129060.0,1,129070.0,4,129080.0,3,129090.0,9,129100.0,13,129110.0,3,129060.0
ni2409,,13:41:57.500#,129420.0,130080.0,128100.0,143840.0,117690.0,132719,127462.0,129010.0,8,129020.0,4,129030.0,3,129040.0,5,129050.0,5,129060.0,1,129070.0,4,129080.0,3,129090.0,9,129100.0,13,129060.0
ni2409,,13:41:58.0#,129420.0,130080.0,128100.0,143840.0,117690.0,132724,127458.0,129000.0,7,129010.0,8,129020.0,4,129030.0,3,129040.0,5,129060.0,1,129070.0,4,129080.0,3,129090.0,9,129100.0,13,129050.0
ni2409,,13:41:58.500#,129420.0,130080.0,128100.0,143840.0,117690.0,132724,127458.0,129000.0,7,129010.0,8,129020.0,4,129030.0,3,129040.0,5,129060.0,1,129070.0,4,129080.0,3,129090.0,9,129100.0,13,129050.0
ni2409,,13:41:59.0#,129420.0,130080.0,128100.0,143840.0,117690.0,132724,127458.0,129000.0,7,129010.0,8,129020.0,4,129030.0,3,129040.0,6,129050.0,5,129070.0,4,129080.0,3,129090.0,9,129100.0,13,129050.0
ni2409,,13:41:59.500#,129420.0,130080.0,128100.0,143840.0,117690.0,132724,127458.0,129000.0,7,129010.0,8,129020.0,4,129030.0,3,129040.0,3,129050.0,6,129070.0,3,129080.0,3,129090.0,9,129100.0,13,129050.0
ni2409,,13:42:00.0#,129420.0,130080.0,128100.0,143840.0,117690.0,132724,127458.0,129000.0,7,129010.0,9,129020.0,1,129030.0,3,129040.0,4,129050.0,6,129070.0,3,129080.0,3,129090.0,9,129100.0,13,129050.0
ni2409,,13:42:00.500#,129420.0,130080.0,128100.0,143840.0,117690.0,132725,127458.0,129000.0,7,129010.0,9,129020.0,1,129030.0,3,129040.0,6,129050.0,5,129070.0,3,129080.0,3,129090.0,9,129100.0,12,129050.0
ni2409,,13:42:01.0#,129420.0,130080.0,128100.0,143840.0,117690.0,132731,127459.0,129000.0,7,129010.0,9,129020.0,1,129030.0,3,129040.0,5,129050.0,1,129060.0,1,129070.0,3,129080.0,3,129090.0,9,129040.0
ni2409,,13:42:02.0#,129420.0,130080.0,128100.0,143840.0,117690.0,132731,127459.0,129000.0,7,129010.0,9,129020.0,1,129030.0,3,129040.0,5,129050.0,1,129060.0,1,129070.0,3,129080.0,3,129090.0,9,129040.0
ni2409,,13:42:02.500#,129420.0,130080.0,128100.0,143840.0,117690.0,132732,127459.0,129000.0,7,129010.0,9,129020.0,1,129030.0,1,129040.0,5,129060.0,1,129070.0,3,129080.0,3,129090.0,9,129100.0,12,129050.0
ni2409,,13:42:03.0#,129420.0,130080.0,128100.0,143840.0,117690.0,132737,127461.0,129000.0,6,129010.0,9,129020.0,4,129030.0,1,129040.0,1,129050.0,1,129060.0,1,129070.0,3,129080.0,3,129090.0,9,129040.0
ni2409,,13:42:03.500#,129420.0,130080.0,128100.0,143840.0,117690.0,132738,127461.0,129000.0,6,129010.0,9,129020.0,4,129030.0,1,129040.0,2,129060.0,1,129070.0,3,129080.0,3,129090.0,9,129100.0,12,129050.0
ni2409,,13:42:04.0#,129420.0,130080.0,128100.0,143840.0,117690.0,132740,127460.0,129010.0,9,129020.0,4,129030.0,1,129040.0,3,129050.0,2,129070.0,3,129080.0,3,129090.0,9,129100.0,12,129110.0,2,129060.0
ni2409,,13:42:04.500#,129420.0,130080.0,128100.0,143840.0,117690.0,132744,127463.0,129000.0,6,129010.0,9,129020.0,1,129030.0,4,129040.0,3,129050.0,3,129060.0,2,129070.0,1,129080.0,3,129090.0,9,129060.0
ni2409,,13:42:05.0#,129420.0,130080.0,128100.0,143840.0,117690.0,132748,127467.0,129010.0,9,129020.0,1,129030.0,4,129040.0,3,129050.0,2,129060.0,2,129070.0,1,129080.0,3,129090.0,9,129100.0,12,129050.0
ni2409,,13:42:05.500#,129420.0,130080.0,128100.0,143840.0,117690.0,132748,127467.0,129010.0,9,129020.0,4,129030.0,1,129040.0,3,129050.0,2,129060.0,2,129070.0,1,129080.0,3,129090.0,9,129100.0,12,129050.0
ni2409,,13:42:06.0#,129420.0,130080.0,128100.0,143840.0,117690.0,132753,127468.0,129000.0,6,129010.0,9,129020.0,1,129030.0,1,129040.0,2,129060.0,2,129070.0,1,129080.0,3,129090.0,9,129100.0,14,129060.0
ni2409,,13:42:06.500#,129420.0,130080.0,128100.0,143840.0,117690.0,132753,127468.0,129000.0,6,129010.0,9,129020.0,4,129030.0,1,129040.0,2,129050.0,1,129060.0,1,129070.0,1,129080.0,3,129090.0,9,129060.0
ni2409,,13:42:07.0#,129420.0,130080.0,128100.0,143840.0,117690.0,132754,127468.0,129010.0,9,129020.0,4,129030.0,1,129040.0,3,129060.0,1,129070.0,1,129080.0,3,129090.0,9,129100.0,12,129110.0,2,129060.0
ni2409,,13:42:07.500#,129420.0,130080.0,128100.0,143840.0,117690.0,132755,127468.0,129000.0,6,129010.0,9,129020.0,4,129030.0,1,129040.0,3,129050.0,1,129070.0,4,129080.0,3,129090.0,9,129100.0,12,129060.0
ni2409,,13:42:08.0#,129420.0,130080.0,128100.0,143840.0,117690.0,132756,127467.0,129010.0,9,129020.0,4,129030.0,1,129040.0,3,129050.0,1,129070.0,2,129080.0,3,129090.0,9,129100.0,12,129110.0,2,129050.0
ni2409,,13:42:08.500#,129420.0,130080.0,128100.0,143840.0,117690.0,132757,127466.0,129000.0,6,129010.0,9,129020.0,4,129030.0,1,129040.0,3,129050.0,1,129070.0,2,129080.0,3,129090.0,9,129100.0,12,129050.0
ni2409,,13:42:09.0#,129420.0,130080.0,128100.0,143840.0,117690.0,132758,127465.0,129000.0,6,129010.0,9,129020.0,4,129030.0,1,129040.0,3,129060.0,1,129070.0,2,129080.0,3,129090.0,9,129100.0,12,129050.0
ni2409,,13:42:09.500#,129420.0,130080.0,128100.0,143840.0,117690.0,132758,127465.0,129000.0,6,129010.0,9,129020.0,4,129030.0,1,129040.0,3,129050.0,1,129060.0,1,129070.0,2,129080.0,3,129090.0,9,129050.0
ni2409,,13:42:10.0#,129420.0,130080.0,128100.0,143840.0,117690.0,132758,127465.0,129000.0,6,129010.0,9,129020.0,4,129030.0,1,129040.0,4,129050.0,1,129060.0,1,129070.0,2,129080.0,3,129090.0,9,129050.0
ni2409,,13:42:10.500#,129420.0,130080.0,128100.0,143840.0,117690.0,132759,127465.0,129010.0,9,129020.0,4,129030.0,1,129040.0,4,129050.0,1,129060.0,1,129070.0,2,129080.0,3,129090.0,9,129100.0,12,129050.0
ni2409,,13:42:12.0#,129420.0,130080.0,128100.0,143840.0,117690.0,132763,127464.0,129000.0,6,129010.0,9,129020.0,1,129030.0,1,129040.0,3,129050.0,6,129060.0,11,129070.0,1,129080.0,2,129090.0,9,129050.0
ni2409,,13:42:12.500#,129420.0,130080.0,128100.0,143840.0,117690.0,132763,127464.0,129000.0,6,129010.0,9,129020.0,1,129030.0,1,129040.0,3,129050.0,4,129060.0,11,129070.0,1,129080.0,2,129090.0,9,129050.0
ni2409,,13:42:13.500#,129420.0,130080.0,128100.0,143840.0,117690.0,132768,127462.0,128990.0,3,129000.0,6,129010.0,9,129020.0,1,129030.0,4,129060.0,1,129070.0,1,129080.0,2,129090.0,9,129100.0,12,129040.0
ni2409,,13:42:14.0#,129420.0,130080.0,128100.0,143840.0,117690.0,132769,127462.0,129010.0,9,129020.0,1,129030.0,5,129040.0,3,129050.0,4,129060.0,9,129070.0,1,129080.0,2,129090.0,9,129100.0,12,129040.0
ni2409,,13:42:14.500#,129420.0,130080.0,128100.0,143840.0,117690.0,132773,127466.0,128990.0,3,129000.0,6,129010.0,9,129020.0,1,129030.0,4,129060.0,1,129070.0,1,129080.0,2,129090.0,9,129100.0,12,129050.0
ni2409,,13:42:15.500#,129420.0,130080.0,128100.0,143840.0,117690.0,132773,127466.0,129000.0,6,129010.0,9,129020.0,1,129030.0,4,129040.0,3,129060.0,6,129070.0,1,129080.0,2,129090.0,9,129100.0,12,129050.0
ni2409,,13:42:16.0#,129420.0,130080.0,128100.0,143840.0,117690.0,132773,127466.0,129000.0,6,129010.0,9,129020.0,1,129030.0,4,129040.0,3,129060.0,6,129070.0,1,129080.0,2,129090.0,9,129100.0,12,129050.0
ni2409,,13:42:16.500#,129420.0,130080.0,128100.0,143840.0,117690.0,132774,127466.0,129000.0,6,129010.0,9,129020.0,1,129030.0,4,129040.0,2,129060.0,6,129070.0,1,129080.0,2,129090.0,9,129100.0,14,129040.0
ni2409,,13:42:17.0#,129420.0,130080.0,128100.0,143840.0,117690.0,132774,127466.0,129000.0,6,129010.0,9,129020.0,1,129030.0,4,129040.0,1,129060.0,6,129070.0,1,129080.0,2,129090.0,9,129100.0,14,129040.0
ni2409,,13:42:19.0#,129420.0,130080.0,128100.0,143840.0,117690.0,132778,127468.0,129020.0,1,129030.0,1,129040.0,4,129050.0,1,129060.0,1,129070.0,8,129080.0,2,129090.0,9,129100.0,14,129110.0,2,129060.0
ni2409,,13:42:19.500#,129420.0,130080.0,128100.0,143840.0,117690.0,132779,127469.0,129010.0,9,129020.0,1,129030.0,1,129040.0,1,129050.0,1,129060.0,2,129070.0,8,129080.0,2,129090.0,9,129100.0,14,129060.0
ni2409,,13:42:22.0#,129420.0,130080.0,128100.0,143840.0,117690.0,132784,127470.0,129020.0,2,129040.0,11,129050.0,2,129060.0,9,129070.0,18,129090.0,9,129100.0,3,129110.0,2,129120.0,8,129130.0,3,129060.0
ni2409,,13:42:23.0#,129420.0,130080.0,128100.0,143840.0,117690.0,132796,127465.0,129040.0,11,129050.0,2,129060.0,8,129070.0,7,129080.0,6,129110.0,1,129120.0,5,129130.0,3,129140.0,3,129160.0,23,129110.0
ni2409,,13:42:23.500#,129420.0,130080.0,128100.0,143840.0,117690.0,132806,127461.0,129020.0,2,129040.0,12,129050.0,3,129060.0,8,129070.0,5,129110.0,8,129120.0,5,129130.0,3,129140.0,3,129160.0,23,129070.0
ni2409,,13:42:24.0#,129420.0,130080.0,128100.0,143840.0,117690.0,132807,127462.0,129020.0,2,129040.0,12,129050.0,3,129060.0,3,129070.0,3,129100.0,19,129110.0,8,129120.0,5,129130.0,3,129140.0,3,129070.0
ni2409,,13:42:24.500#,129420.0,130080.0,128100.0,143840.0,117690.0,132807,127462.0,129010.0,10,129020.0,2,129040.0,12,129050.0,3,129070.0,4,129090.0,8,129100.0,20,129110.0,1,129120.0,5,129130.0,3,129070.0
ni2409,,13:42:25.0#,129420.0,130080.0,128100.0,143840.0,117690.0,132807,127462.0,129010.0,10,129020.0,2,129040.0,12,129050.0,3,129070.0,4,129090.0,2,129100.0,5,129110.0,1,129120.0,5,129130.0,3,129070.0
ni2409,,13:42:25.500#,129420.0,130080.0,128100.0,143840.0,117690.0,132807,127462.0,129020.0,2,129040.0,12,129050.0,3,129060.0,3,129070.0,7,129090.0,1,129100.0,4,129110.0,1,129120.0,5,129130.0,3,129070.0
ni2409,,13:42:26.0#,129420.0,130080.0,128100.0,143840.0,117690.0,132807,127462.0,129020.0,2,129040.0,12,129050.0,3,129060.0,3,129070.0,4,129090.0,2,129100.0,1,129110.0,1,129120.0,5,129130.0,3,129070.0
ni2409,,13:42:30.500#,129420.0,130080.0,128100.0,143840.0,117690.0,132808,127463.0,129040.0,12,129050.0,3,129060.0,3,129070.0,7,129080.0,2,129110.0,10,129120.0,5,129130.0,3,129140.0,3,129150.0,7,129090.0
ni2409,,13:42:31.0#,129420.0,130080.0,128100.0,143840.0,117690.0,132808,127463.0,129040.0,12,129050.0,3,129060.0,3,129070.0,7,129080.0,2,129110.0,2,129120.0,5,129130.0,3,129140.0,3,129150.0,7,129090.0
ni2409,,13:42:31.500#,129420.0,130080.0,128100.0,143840.0,117690.0,132809,127462.0,129050.0,3,129060.0,3,129070.0,7,129080.0,2,129090.0,2,129110.0,1,129120.0,3,129130.0,3,129140.0,3,129150.0,7,129090.0
ni2409,,13:42:32.0#,129420.0,130080.0,128100.0,143840.0,117690.0,132809,127462.0,129050.0,2,129060.0,3,129070.0,7,129080.0,2,129090.0,3,129110.0,1,129120.0,3,129130.0,3,129140.0,3,129150.0,7,129090.0
ni2409,,13:42:32.500#,129420.0,130080.0,128100.0,143840.0,117690.0,132809,127462.0,129060.0,3,129070.0,7,129080.0,1,129090.0,3,129100.0,2,129110.0,1,129120.0,1,129130.0,3,129140.0,3,129150.0,7,129090.0
ni2409,,13:42:33.0#,129420.0,130080.0,128100.0,143840.0,117690.0,132812,127461.0,129050.0,2,129060.0,3,129070.0,7,129080.0,1,129090.0,3,129110.0,1,129120.0,1,129130.0,3,129140.0,3,129150.0,7,129100.0
ni2409,,13:42:34.0#,129420.0,130080.0,128100.0,143840.0,117690.0,132812,127461.0,129050.0,2,129060.0,3,129070.0,8,129080.0,1,129090.0,2,129110.0,1,129120.0,1,129130.0,3,129140.0,3,129150.0,7,129100.0
ni2409,,13:42:34.500#,129420.0,130080.0,128100.0,143840.0,117690.0,132812,127461.0,129050.0,2,129060.0,3,129070.0,8,129080.0,1,129090.0,2,129100.0,1,129120.0,1,129130.0,3,129140.0,3,129150.0,7,129100.0
ni2409,,13:42:35.0#,129420.0,130080.0,128100.0,143840.0,117690.0,132813,127461.0,129050.0,2,129060.0,3,129070.0,8,129080.0,1,129090.0,2,129100.0,1,129120.0,1,129130.0,3,129140.0,3,129150.0,7,129100.0
ni2409,,13:42:36.0#,129420.0,130080.0,128100.0,143840.0,117690.0,132814,127462.0,129050.0,2,129060.0,3,129070.0,8,129080.0,1,129090.0,1,129120.0,1,129130.0,3,129140.0,3,129150.0,7,129160.0,23,129100.0
ni2409,,13:42:36.500#,129420.0,130080.0,128100.0,143840.0,117690.0,132815,127463.0,129040.0,12,129050.0,2,129060.0,3,129070.0,8,129080.0,1,129110.0,23,129120.0,13,129130.0,3,129140.0,3,129150.0,7,129090.0
ni2409,,13:42:37.0#,129420.0,130080.0,128100.0,143840.0,117690.0,132822,127463.0,129010.0,9,129020.0,2,129040.0,7,129050.0,2,129070.0,8,129100.0,23,129110.0,16,129120.0,12,129130.0,3,129140.0,3,129100.0
ni2409,,13:42:37.500#,129420.0,130080.0,128100.0,143840.0,117690.0,132822,127463.0,129010.0,9,129020.0,2,129040.0,7,129050.0,2,129070.0,8,129090.0,15,129100.0,20,129110.0,14,129120.0,11,129130.0,3,129100.0
ni2409,,13:42:38.0#,129420.0,130080.0,128100.0,143840.0,117690.0,132824,127463.0,129010.0,9,129020.0,2,129040.0,7,129050.0,2,129070.0,5,129090.0,9,129100.0,6,129110.0,13,129120.0,11,129130.0,3,129100.0
ni2409,,13:42:38.500#,129420.0,130080.0,128100.0,143840.0,117690.0,132824,127463.0,129020.0,2,129040.0,7,129050.0,2,129060.0,3,129070.0,5,129090.0,8,129100.0,6,129110.0,13,129120.0,11,129130.0,3,129100.0
ni2409,,13:42:39.0#,129420.0,130080.0,128100.0,143840.0,117690.0,132824,127463.0,129020.0,2,129040.0,7,129050.0,2,129060.0,3,129070.0,5,129080.0,1,129090.0,8,129100.0,6,129110.0,13,129120.0,12,129100.0
ni2409,,13:42:39.500#,129420.0,130080.0,128100.0,143840.0,117690.0,132824,127463.0,129010.0,9,129020.0,2,129040.0,7,129050.0,2,129070.0,5,129080.0,1,129090.0,5,129100.0,6,129110.0,13,129120.0,12,129100.0
ni2409,,13:42:40.0#,129420.0,130080.0,128100.0,143840.0,117690.0,132825,127463.0,129010.0,9,129020.0,2,129040.0,7,129050.0,2,129070.0,4,129080.0,1,129090.0,1,129100.0,6,129110.0,13,129120.0,12,129070.0
ni2409,,13:42:40.500#,129420.0,130080.0,128100.0,143840.0,117690.0,132825,127463.0,129010.0,9,129020.0,2,129040.0,7,129050.0,2,129070.0,4,129080.0,1,129090.0,1,129100.0,6,129110.0,13,129120.0,12,129070.0
ni2409,,13:42:41.0#,129420.0,130080.0,128100.0,143840.0,117690.0,132825,127463.0,129010.0,9,129020.0,2,129040.0,7,129050.0,4,129070.0,4,129080.0,6,129090.0,1,129100.0,6,129110.0,13,129120.0,12,129070.0
ni2409,,13:42:41.500#,129420.0,130080.0,128100.0,143840.0,117690.0,132829,127466.0,129000.0,7,129010.0,9,129020.0,2,129040.0,7,129050.0,4,129080.0,1,129090.0,1,129100.0,6,129110.0,13,129120.0,12,129070.0
ni2409,,13:42:42.0#,129420.0,130080.0,128100.0,143840.0,117690.0,132829,127466.0,129010.0,9,129020.0,2,129030.0,3,129040.0,7,129050.0,4,129080.0,2,129090.0,2,129100.0,6,129110.0,13,129120.0,12,129070.0
ni2409,,13:42:42.500#,129420.0,130080.0,128100.0,143840.0,117690.0,132829,127466.0,129010.0,10,129020.0,2,129030.0,3,129040.0,6,129050.0,5,129070.0,3,129080.0,9,129090.0,2,129100.0,6,129110.0,13,129070.0
ni2409,,13:42:43.0#,129420.0,130080.0,128100.0,143840.0,117690.0,132829,127466.0,129010.0,10,129020.0,2,129030.0,3,129040.0,4,129050.0,5,129060.0,4,129070.0,5,129080.0,9,129100.0,6,129110.0,3,129070.0
ni2409,,13:42:43.500#,129420.0,130080.0,128100.0,143840.0,117690.0,132834,127468.0,129000.0,7,129010.0,10,129020.0,2,129030.0,3,129040.0,2,129050.0,6,129060.0,4,129070.0,2,129080.0,9,129100.0,5,129050.0
ni2409,,13:42:44.0#,129420.0,130080.0,128100.0,143840.0,117690.0,132837,127469.0,128990.0,3,129000.0,7,129010.0,10,129020.0,2,129030.0,3,129050.0,5,129060.0,4,129070.0,2,129080.0,9,129100.0,5,129050.0
ni2409,,13:42:44.500#,129420.0,130080.0,128100.0,143840.0,117690.0,132838,127469.0,128990.0,3,129000.0,7,129010.0,10,129020.0,2,129030.0,3,129040.0,3,129050.0,5,129060.0,3,129070.0,2,129080.0,9,129030.0
ni2409,,13:42:45.0#,129420.0,130080.0,128100.0,143840.0,117690.0,132840,127468.0,128990.0,3,129000.0,7,129010.0,10,129020.0,2,129030.0,1,129040.0,3,129050.0,4,129060.0,3,129070.0,2,129080.0,9,129030.0
ni2409,,13:42:45.500#,129420.0,130080.0,128100.0,143840.0,117690.0,132841,127468.0,128980.0,5,128990.0,3,129000.0,7,129010.0,10,129020.0,2,129030.0,1,129040.0,4,129050.0,3,129060.0,3,129070.0,2,129030.0
ni2409,,13:42:46.0#,129420.0,130080.0,128100.0,143840.0,117690.0,132843,127467.0,128980.0,5,128990.0,3,129000.0,7,129010.0,10,129020.0,3,129040.0,4,129050.0,3,129060.0,3,129070.0,2,129080.0,8,129030.0
ni2409,,13:42:46.500#,129420.0,130080.0,128100.0,143840.0,117690.0,132844,127467.0,128980.0,5,128990.0,3,129000.0,7,129010.0,10,129020.0,2,129030.0,13,129040.0,4,129050.0,3,129060.0,3,129070.0,2,129030.0
ni2409,,13:42:47.0#,129420.0,130080.0,128100.0,143840.0,117690.0,132856,127464.0,128960.0,7,128970.0,3,128980.0,5,128990.0,3,129000.0,7,129020.0,1,129030.0,13,129040.0,4,129050.0,3,129060.0,3,129010.0
ni2409,,13:42:47.500#,129420.0,130080.0,128100.0,143840.0,117690.0,132860,127464.0,128970.0,3,128980.0,5,128990.0,3,129000.0,5,129020.0,5,129030.0,13,129040.0,4,129050.0,3,129060.0,3,129070.0,2,129020.0
ni2409,,13:42:48.0#,129420.0,130080.0,128100.0,143840.0,117690.0,132860,127464.0,128970.0,3,128980.0,5,128990.0,3,129000.0,5,129020.0,5,129030.0,13,129040.0,4,129050.0,3,129060.0,3,129070.0,2,129020.0
ni2409,,13:42:48.500#,129420.0,130080.0,128100.0,143840.0,117690.0,132864,127467.0,128970.0,3,128980.0,5,128990.0,3,129000.0,5,129020.0,2,129030.0,12,129040.0,4,129050.0,3,129060.0,3,129070.0,2,129030.0
ni2409,,13:42:49.0#,129420.0,130080.0,128100.0,143840.0,117690.0,132866,127466.0,128960.0,7,128970.0,3,128980.0,5,128990.0,3,129000.0,5,129030.0,12,129040.0,4,129050.0,3,129060.0,3,129070.0,2,129020.0
ni2409,,13:42:49.500#,129420.0,130080.0,128100.0,143840.0,117690.0,132866,127466.0,128970.0,3,128980.0,5,128990.0,3,129000.0,5,129010.0,6,129030.0,12,129040.0,4,129050.0,3,129060.0,3,129070.0,2,129020.0
ni2409,,13:42:51.0#,129420.0,130080.0,128100.0,143840.0,117690.0,132866,127466.0,128970.0,3,128980.0,5,128990.0,3,129000.0,6,129010.0,6,129030.0,12,129040.0,4,129050.0,3,129060.0,4,129070.0,2,129020.0
ni2409,,13:42:51.500#,129420.0,130080.0,128100.0,143840.0,117690.0,132866,127466.0,128960.0,8,128970.0,3,128980.0,5,128990.0,3,129000.0,6,129010.0,1,129030.0,12,129040.0,4,129050.0,3,129060.0,4,129020.0
ni2409,,13:42:52.0#,129420.0,130080.0,128100.0,143840.0,117690.0,132867,127467.0,128970.0,3,128980.0,5,128990.0,3,129000.0,6,129010.0,1,129020.0,1,129030.0,12,129040.0,5,129050.0,3,129060.0,4,129010.0
ni2409,,13:42:52.500#,129420.0,130080.0,128100.0,143840.0,117690.0,132868,127467.0,128960.0,7,128970.0,3,128980.0,5,128990.0,3,129000.0,6,129020.0,1,129030.0,12,129040.0,5,129050.0,2,129060.0,4,129010.0
ni2409,,13:42:53.0#,129420.0,130080.0,128100.0,143840.0,117690.0,132869,127467.0,128960.0,7,128970.0,3,128980.0,5,128990.0,3,129000.0,6,129020.0,1,129030.0,12,129040.0,5,129050.0,2,129060.0,4,129000.0
ni2409,,13:42:53.500#,129420.0,130080.0,128100.0,143840.0,117690.0,132870,127467.0,128960.0,7,128970.0,3,128980.0,5,128990.0,3,129000.0,4,129020.0,1,129030.0,12,129040.0,5,129050.0,2,129060.0,4,129000.0
ni2409,,13:42:54.0#,129420.0,130080.0,128100.0,143840.0,117690.0,132871,127466.0,128960.0,10,128970.0,3,128980.0,5,128990.0,3,129000.0,3,129020.0,2,129030.0,12,129040.0,5,129060.0,4,129070.0,2,129000.0
ni2409,,13:42:54.500#,129420.0,130080.0,128100.0,143840.0,117690.0,132872,127466.0,128960.0,10,128970.0,3,128980.0,5,128990.0,3,129000.0,12,129020.0,2,129030.0,12,129040.0,5,129050.0,3,129060.0,4,129000.0
ni2409,,13:42:55.0#,129420.0,130080.0,128100.0,143840.0,117690.0,132874,127468.0,128960.0,10,128970.0,3,128980.0,5,128990.0,3,129000.0,12,129020.0,1,129030.0,12,129040.0,5,129060.0,4,129070.0,2,129020.0
ni2409,,13:42:55.500#,129420.0,130080.0,128100.0,143840.0,117690.0,132875,127468.0,128960.0,10,128970.0,3,128980.0,5,128990.0,3,129000.0,12,129020.0,1,129030.0,12,129040.0,5,129050.0,3,129060.0,4,129010.0
ni2409,,13:42:56.0#,129420.0,130080.0,128100.0,143840.0,117690.0,132876,127468.0,128960.0,10,128970.0,3,128980.0,5,128990.0,3,129000.0,12,129020.0,1,129030.0,12,129040.0,5,129060.0,4,129070.0,2,129020.0
ni2409,,13:42:56.500#,129420.0,130080.0,128100.0,143840.0,117690.0,132877,127468.0,128960.0,10,128970.0,3,128980.0,5,128990.0,3,129000.0,11,129030.0,12,129040.0,5,129050.0,3,129060.0,4,129070.0,2,129000.0
ni2409,,13:42:57.0#,129420.0,130080.0,128100.0,143840.0,117690.0,132878,127468.0,128960.0,10,128970.0,3,128980.0,5,128990.0,3,129000.0,10,129020.0,8,129030.0,12,129040.0,5,129060.0,4,129070.0,2,129000.0
ni2409,,13:42:57.500#,129420.0,130080.0,128100.0,143840.0,117690.0,132878,127468.0,128960.0,11,128970.0,3,128980.0,5,128990.0,3,129000.0,10,129020.0,8,129030.0,12,129040.0,5,129050.0,3,129060.0,4,129000.0
ni2409,,13:42:58.0#,129420.0,130080.0,128100.0,143840.0,117690.0,132878,127468.0,128960.0,11,128970.0,3,128980.0,5,128990.0,3,129000.0,10,129030.0,12,129040.0,5,129060.0,4,129070.0,3,129080.0,9,129000.0
ni2409,,13:42:58.500#,129420.0,130080.0,128100.0,143840.0,117690.0,132878,127468.0,128970.0,3,128980.0,5,128990.0,3,129000.0,10,129010.0,3,129030.0,12,129040.0,5,129060.0,4,129070.0,3,129080.0,9,129000.0
ni2409,,13:42:59.0#,129420.0,130080.0,128100.0,143840.0,117690.0,132880,127466.0,128970.0,3,128980.0,5,128990.0,3,129000.0,1,129010.0,5,129030.0,10,129040.0,5,129060.0,4,129070.0,3,129080.0,9,129030.0
ni2409,,13:42:59.500#,129420.0,130080.0,128100.0,143840.0,117690.0,132882,127468.0,128970.0,3,128980.0,5,128990.0,3,129000.0,1,129010.0,12,129030.0,10,129040.0,5,129050.0,3,129060.0,4,129070.0,4,129010.0
ni2409,,13:43:00.0#,129420.0,130080.0,128100.0,143840.0,117690.0,132882,127468.0,128970.0,3,128980.0,5,128990.0,3,129000.0,1,129010.0,12,129030.0,11,129040.0,9,129050.0,3,129060.0,4,129070.0,3,129010.0
ni2409,,13:43:00.500#,129420.0,130080.0,128100.0,143840.0,117690.0,132885,127468.0,128970.0,3,128980.0,5,128990.0,3,129000.0,1,129010.0,9,129020.0,6,129030.0,11,129040.0,9,129060.0,4,129070.0,3,129010.0
ni2409,,13:43:01.0#,129420.0,130080.0,128100.0,143840.0,117690.0,132894,127459.0,128960.0,11,128970.0,3,128980.0,5,128990.0,3,129000.0,1,129010.0,2,129020.0,7,129030.0,11,129040.0,9,129050.0,1,129010.0
ni2409,,13:43:01.500#,129420.0,130080.0,128100.0,143840.0,117690.0,132896,127459.0,128950.0,2,128960.0,11,128970.0,3,128980.0,5,128990.0,3,129010.0,3,129020.0,8,129030.0,11,129040.0,9,129050.0,1,129010.0
ni2409,,13:43:02.0#,129420.0,130080.0,128100.0,143840.0,117690.0,132896,127459.0,128950.0,2,128960.0,9,128970.0,3,128980.0,5,128990.0,1,129010.0,3,129020.0,8,129030.0,11,129040.0,9,129050.0,1,129010.0
ni2409,,13:43:02.500#,129420.0,130080.0,128100.0,143840.0,117690.0,132897,127459.0,128960.0,9,128970.0,3,128980.0,5,128990.0,1,129000.0,1,129010.0,2,129020.0,9,129030.0,11,129040.0,9,129050.0,1,129010.0
ni2409,,13:43:03.0#,129420.0,130080.0,128100.0,143840.0,117690.0,132898,127460.0,128960.0,9,128970.0,3,128980.0,5,128990.0,1,129000.0,4,129010.0,2,129020.0,9,129030.0,11,129040.0,9,129050.0,1,129010.0
ni2409,,13:43:03.500#,129420.0,130080.0,128100.0,143840.0,117690.0,132900,127460.0,128960.0,9,128970.0,3,128980.0,5,128990.0,1,129000.0,4,129010.0,4,129020.0,9,129030.0,11,129040.0,5,129050.0,1,129010.0
ni2409,,13:43:04.0#,129420.0,130080.0,128100.0,143840.0,117690.0,132901,127461.0,128960.0,9,128970.0,3,128980.0,5,128990.0,1,129000.0,7,129010.0,3,129020.0,9,129030.0,11,129040.0,5,129050.0,1,129010.0
ni2409,,13:43:04.500#,129420.0,130080.0,128100.0,143840.0,117690.0,132904,127461.0,128960.0,9,128970.0,3,128980.0,5,128990.0,1,129000.0,6,129010.0,3,129020.0,5,129030.0,11,129040.0,5,129050.0,1,129000.0
ni2409,,13:43:05.0#,129420.0,130080.0,128100.0,143840.0,117690.0,132904,127461.0,128960.0,9,128970.0,3,128980.0,5,128990.0,1,129000.0,6,129010.0,3,129020.0,5,129030.0,11,129040.0,5,129050.0,1,129000.0
ni2409,,13:43:05.500#,129420.0,130080.0,128100.0,143840.0,117690.0,132908,127460.0,128970.0,3,128980.0,5,128990.0,1,129000.0,6,129010.0,1,129020.0,4,129030.0,11,129040.0,5,129050.0,1,129060.0,3,129010.0
ni2409,,13:43:06.0#,129420.0,130080.0,128100.0,143840.0,117690.0,132911,127460.0,128970.0,3,128980.0,5,128990.0,1,129000.0,7,129010.0,1,129020.0,2,129030.0,10,129040.0,5,129050.0,1,129060.0,3,129020.0
ni2409,,13:43:06.500#,129420.0,130080.0,128100.0,143840.0,117690.0,132911,127460.0,128970.0,3,128980.0,5,128990.0,1,129000.0,7,129010.0,1,129020.0,3,129030.0,10,129040.0,5,129050.0,1,129060.0,3,129020.0
ni2409,,13:43:07.0#,129420.0,130080.0,128100.0,143840.0,117690.0,132915,127461.0,128960.0,10,128970.0,3,128980.0,5,128990.0,1,129000.0,7,129020.0,3,129030.0,10,129040.0,5,129050.0,1,129060.0,3,129020.0
ni2409,,13:43:07.500#,129420.0,130080.0,128100.0,143840.0,117690.0,132915,127461.0,128960.0,10,128970.0,3,128980.0,5,128990.0,1,129000.0,7,129020.0,4,129030.0,10,129040.0,5,129050.0,4,129060.0,3,129020.0
ni2409,,13:43:08.0#,129420.0,130080.0,128100.0,143840.0,117690.0,132924,127461.0,128930.0,3,128940.0,7,128960.0,10,128970.0,3,128980.0,5,129010.0,1,129020.0,4,129030.0,10,129040.0,5,129050.0,1,128990.0
ni2409,,13:43:08.500#,129420.0,130080.0,128100.0,143840.0,117690.0,132930,127459.0,128950.0,3,128960.0,10,128970.0,3,128980.0,2,129000.0,2,129020.0,4,129030.0,10,129040.0,5,129050.0,1,129060.0,5,129010.0
ni2409,,13:43:09.0#,129420.0,130080.0,128100.0,143840.0,117690.0,132932,127461.0,128940.0,7,128950.0,3,128960.0,10,128970.0,3,128980.0,2,129020.0,4,129030.0,10,129040.0,5,129050.0,1,129060.0,5,129000.0
