InstrumentId,ExchangeId,Datetime,OpenPrice,HighestPrice,LowestPrice,UpperLimitPrice,LowerLimitPrice,Volume,OpenInterest,BidPrice5,BidVolume5,BidPrice4,BidVolume4,BidPrice3,BidVolume3,BidPrice2,BidVolume2,BidPrice1,BidVolume1,AskPrice1,AskVolume1,AskPrice2,AskVolume2,AskPrice3,AskVolume3,AskPrice4,AskVolume4,AskPrice5,AskVolume5,LastPrice
ni2410,,13:38:35.0#,130020.0,130460.0,128520.0,144190.0,117980.0,13845,24579.0,129230.0,10,129240.0,13,129250.0,5,129260.0,3,129270.0,6,129320.0,2,129330.0,3,129350.0,2,129360.0,3,129370.0,36,129300.0
ni2410,,13:38:35.500#,130020.0,130460.0,128520.0,144190.0,117980.0,13845,24579.0,129230.0,5,129240.0,1,129250.0,2,129260.0,2,129270.0,4,129310.0,1,129320.0,2,129330.0,3,129350.0,2,129360.0,10,129300.0
ni2410,,13:38:36.0#,130020.0,130460.0,128520.0,144190.0,117980.0,13845,24579.0,129240.0,1,129250.0,2,129260.0,2,129270.0,4,129280.0,1,129320.0,2,129330.0,3,129350.0,2,129360.0,10,129370.0,29,129300.0
ni2410,,13:38:36.500#,130020.0,130460.0,128520.0,144190.0,117980.0,13845,24579.0,129250.0,2,129260.0,3,129270.0,3,129280.0,11,129290.0,2,129330.0,3,129350.0,2,129360.0,5,129370.0,14,129380.0,21,129300.0
ni2410,,13:38:37.0#,130020.0,130460.0,128520.0,144190.0,117980.0,13845,24579.0,129250.0,7,129260.0,3,129270.0,3,129280.0,3,129290.0,11,129330.0,3,129350.0,2,129370.0,7,129380.0,8,129390.0,26,129300.0
ni2410,,13:38:37.500#,130020.0,130460.0,128520.0,144190.0,117980.0,13845,24579.0,129260.0,4,129270.0,3,129280.0,3,129290.0,12,129300.0,9,129330.0,1,129350.0,2,129370.0,7,129380.0,8,129390.0,5,129300.0
ni2410,,13:38:38.0#,130020.0,130460.0,128520.0,144190.0,117980.0,13845,24579.0,129260.0,8,129270.0,3,129280.0,3,129290.0,7,129300.0,11,129330.0,1,129350.0,2,129370.0,7,129380.0,6,129390.0,7,129300.0
ni2410,,13:38:38.500#,130020.0,130460.0,128520.0,144190.0,117980.0,13845,24579.0,129280.0,3,129290.0,5,129300.0,10,129310.0,5,129320.0,1,129350.0,2,129370.0,7,129380.0,6,129390.0,7,129400.0,20,129300.0
ni2410,,13:38:39.0#,130020.0,130460.0,128520.0,144190.0,117980.0,13845,24579.0,129260.0,8,129270.0,18,129280.0,8,129290.0,4,129300.0,3,129340.0,2,129350.0,2,129370.0,4,129380.0,1,129390.0,8,129300.0
ni2410,,13:38:39.500#,130020.0,130460.0,128520.0,144190.0,117980.0,13845,24579.0,129270.0,3,129280.0,3,129290.0,4,129300.0,8,129310.0,2,129350.0,2,129370.0,4,129380.0,4,129390.0,12,129400.0,20,129300.0
ni2410,,13:38:40.0#,130020.0,130460.0,128520.0,144190.0,117980.0,13845,24579.0,129270.0,8,129280.0,3,129290.0,4,129300.0,4,129310.0,9,129350.0,3,129370.0,4,129380.0,1,129390.0,3,129400.0,12,129300.0
ni2410,,13:38:40.500#,130020.0,130460.0,128520.0,144190.0,117980.0,13845,24579.0,129280.0,3,129290.0,4,129300.0,4,129310.0,17,129320.0,6,129370.0,4,129380.0,1,129390.0,3,129400.0,7,129410.0,25,129300.0
ni2410,,13:38:41.0#,130020.0,130460.0,128520.0,144190.0,117980.0,13845,24579.0,129280.0,8,129290.0,4,129300.0,4,129310.0,11,129320.0,6,129360.0,5,129370.0,4,129380.0,1,129400.0,1,129410.0,20,129300.0
ni2410,,13:38:41.500#,130020.0,130460.0,128520.0,144190.0,117980.0,13845,24579.0,129270.0,22,129280.0,8,129290.0,4,129300.0,4,129310.0,5,129360.0,8,129370.0,4,129380.0,1,129400.0,4,129410.0,17,129300.0
ni2410,,13:38:42.0#,130020.0,130460.0,128520.0,144190.0,117980.0,13845,24579.0,129280.0,3,129290.0,4,129300.0,4,129310.0,11,129320.0,1,129360.0,8,129370.0,4,129380.0,1,129400.0,11,129410.0,10,129300.0
ni2410,,13:38:42.500#,130020.0,130460.0,128520.0,144190.0,117980.0,13845,24579.0,129280.0,6,129290.0,4,129300.0,4,129310.0,10,129320.0,1,129360.0,8,129370.0,4,129380.0,1,129400.0,6,129410.0,15,129300.0
ni2410,,13:38:43.0#,130020.0,130460.0,128520.0,144190.0,117980.0,13845,24579.0,129280.0,6,129290.0,4,129300.0,3,129310.0,8,129320.0,1,129360.0,8,129370.0,4,129380.0,1,129400.0,6,129410.0,15,129300.0
ni2410,,13:38:43.500#,130020.0,130460.0,128520.0,144190.0,117980.0,13845,24579.0,129280.0,6,129290.0,4,129300.0,3,129310.0,8,129320.0,1,129360.0,8,129370.0,4,129380.0,1,129400.0,6,129410.0,15,129300.0
ni2410,,13:38:44.0#,130020.0,130460.0,128520.0,144190.0,117980.0,13845,24579.0,129280.0,6,129290.0,4,129300.0,3,129310.0,8,129320.0,1,129360.0,8,129370.0,4,129380.0,1,129400.0,6,129410.0,15,129300.0
ni2410,,13:38:44.500#,130020.0,130460.0,128520.0,144190.0,117980.0,13845,24579.0,129280.0,6,129290.0,4,129300.0,3,129310.0,8,129320.0,1,129360.0,8,129370.0,4,129380.0,1,129400.0,6,129410.0,15,129300.0
ni2410,,13:38:45.0#,130020.0,130460.0,128520.0,144190.0,117980.0,13845,24579.0,129280.0,6,129290.0,4,129300.0,3,129310.0,8,129320.0,1,129360.0,8,129370.0,4,129380.0,1,129400.0,6,129410.0,15,129300.0
ni2410,,13:38:45.500#,130020.0,130460.0,128520.0,144190.0,117980.0,13845,24579.0,129280.0,6,129290.0,4,129300.0,3,129310.0,8,129320.0,1,129360.0,6,129370.0,4,129380.0,1,129400.0,6,129410.0,15,129300.0
ni2410,,13:38:46.0#,130020.0,130460.0,128520.0,144190.0,117980.0,13845,24579.0,129280.0,8,129290.0,4,129300.0,3,129310.0,8,129320.0,1,129360.0,6,129370.0,4,129380.0,1,129400.0,4,129410.0,17,129300.0
ni2410,,13:38:46.500#,130020.0,130460.0,128520.0,144190.0,117980.0,13845,24579.0,129280.0,8,129290.0,4,129300.0,3,129310.0,8,129320.0,1,129360.0,6,129370.0,4,129380.0,1,129400.0,4,129410.0,17,129300.0
ni2410,,13:38:47.0#,130020.0,130460.0,128520.0,144190.0,117980.0,13845,24579.0,129270.0,22,129280.0,8,129290.0,4,129300.0,2,129310.0,3,129360.0,6,129370.0,4,129380.0,1,129400.0,4,129410.0,17,129300.0
ni2410,,13:38:47.500#,130020.0,130460.0,128520.0,144190.0,117980.0,13845,24579.0,129270.0,7,129280.0,3,129290.0,4,129300.0,2,129310.0,5,129360.0,2,129370.0,2,129380.0,1,129400.0,11,129410.0,10,129300.0
ni2410,,13:38:48.0#,130020.0,130460.0,128520.0,144190.0,117980.0,13845,24579.0,129280.0,3,129290.0,4,129300.0,3,129310.0,11,129320.0,4,129360.0,2,129370.0,2,129380.0,1,129400.0,11,129410.0,10,129300.0
ni2410,,13:38:48.500#,130020.0,130460.0,128520.0,144190.0,117980.0,13845,24579.0,129280.0,8,129290.0,4,129300.0,3,129310.0,10,129320.0,4,129360.0,2,129370.0,2,129380.0,1,129400.0,4,129410.0,17,129300.0
ni2410,,13:38:49.0#,130020.0,130460.0,128520.0,144190.0,117980.0,13845,24579.0,129280.0,8,129290.0,4,129300.0,3,129310.0,10,129320.0,1,129360.0,2,129370.0,2,129380.0,1,129400.0,4,129410.0,17,129300.0
ni2410,,13:38:49.500#,130020.0,130460.0,128520.0,144190.0,117980.0,13845,24579.0,129280.0,8,129290.0,4,129300.0,3,129310.0,10,129320.0,1,129360.0,2,129370.0,2,129380.0,1,129400.0,4,129410.0,17,129300.0
ni2410,,13:38:50.0#,130020.0,130460.0,128520.0,144190.0,117980.0,13845,24579.0,129280.0,8,129290.0,4,129300.0,3,129310.0,10,129320.0,1,129360.0,2,129370.0,2,129380.0,1,129400.0,4,129410.0,17,129300.0
ni2410,,13:38:50.500#,130020.0,130460.0,128520.0,144190.0,117980.0,13845,24579.0,129280.0,8,129290.0,4,129300.0,3,129310.0,10,129320.0,1,129360.0,2,129370.0,2,129380.0,1,129400.0,4,129410.0,17,129300.0
ni2410,,13:38:51.0#,130020.0,130460.0,128520.0,144190.0,117980.0,13845,24579.0,129280.0,8,129290.0,4,129300.0,3,129310.0,10,129320.0,1,129350.0,1,129360.0,2,129370.0,2,129380.0,1,129400.0,4,129300.0
ni2410,,13:38:51.500#,130020.0,130460.0,128520.0,144190.0,117980.0,13845,24579.0,129280.0,8,129290.0,4,129300.0,3,129310.0,10,129320.0,1,129350.0,1,129360.0,2,129370.0,2,129380.0,1,129390.0,3,129300.0
ni2410,,13:38:52.0#,130020.0,130460.0,128520.0,144190.0,117980.0,13845,24579.0,129280.0,8,129290.0,4,129300.0,3,129310.0,10,129320.0,1,129350.0,1,129360.0,2,129370.0,2,129380.0,1,129390.0,3,129300.0
ni2410,,13:38:52.500#,130020.0,130460.0,128520.0,144190.0,117980.0,13845,24579.0,129280.0,8,129290.0,4,129300.0,3,129310.0,10,129320.0,1,129350.0,1,129360.0,2,129370.0,2,129380.0,1,129390.0,3,129300.0
ni2410,,13:38:53.0#,130020.0,130460.0,128520.0,144190.0,117980.0,13845,24579.0,129280.0,8,129290.0,4,129300.0,3,129310.0,10,129320.0,1,129350.0,1,129360.0,2,129370.0,2,129380.0,1,129390.0,3,129300.0
ni2410,,13:38:53.500#,130020.0,130460.0,128520.0,144190.0,117980.0,13845,24579.0,129280.0,8,129290.0,4,129300.0,3,129310.0,10,129320.0,1,129350.0,1,129360.0,2,129370.0,2,129380.0,1,129390.0,3,129300.0
ni2410,,13:38:54.0#,130020.0,130460.0,128520.0,144190.0,117980.0,13845,24579.0,129280.0,8,129290.0,4,129300.0,3,129310.0,10,129320.0,1,129350.0,1,129360.0,2,129370.0,2,129380.0,1,129390.0,3,129300.0
ni2410,,13:38:54.500#,130020.0,130460.0,128520.0,144190.0,117980.0,13845,24579.0,129280.0,8,129290.0,4,129300.0,3,129310.0,7,129320.0,6,129350.0,1,129360.0,2,129370.0,3,129380.0,1,129390.0,3,129300.0
ni2410,,13:38:55.0#,130020.0,130460.0,128520.0,144190.0,117980.0,13846,24579.0,129290.0,4,129300.0,3,129310.0,6,129320.0,7,129330.0,1,129360.0,2,129370.0,1,129380.0,1,129400.0,21,129410.0,8,129350.0
ni2410,,13:38:55.500#,130020.0,130460.0,128520.0,144190.0,117980.0,13846,24579.0,129290.0,4,129300.0,3,129310.0,5,129320.0,2,129330.0,6,129370.0,1,129380.0,1,129400.0,6,129410.0,10,129420.0,15,129350.0
ni2410,,13:38:56.0#,130020.0,130460.0,128520.0,144190.0,117980.0,13846,24579.0,129300.0,3,129310.0,5,129320.0,2,129330.0,6,129340.0,1,129370.0,2,129380.0,1,129410.0,10,129420.0,5,129430.0,22,129350.0
ni2410,,13:38:56.500#,130020.0,130460.0,128520.0,144190.0,117980.0,13846,24579.0,129300.0,3,129310.0,4,129320.0,2,129330.0,5,129340.0,1,129360.0,1,129370.0,2,129380.0,1,129410.0,10,129420.0,5,129350.0
ni2410,,13:38:57.0#,130020.0,130460.0,128520.0,144190.0,117980.0,13846,24579.0,129290.0,19,129300.0,3,129310.0,4,129320.0,1,129330.0,1,129360.0,1,129370.0,1,129380.0,1,129410.0,10,129420.0,10,129350.0
ni2410,,13:38:57.500#,130020.0,130460.0,128520.0,144190.0,117980.0,13846,24579.0,129290.0,7,129300.0,3,129310.0,4,129320.0,1,129330.0,1,129360.0,1,129370.0,1,129380.0,1,129410.0,15,129420.0,5,129350.0
ni2410,,13:38:58.0#,130020.0,130460.0,128520.0,144190.0,117980.0,13846,24579.0,129280.0,17,129290.0,4,129300.0,3,129310.0,4,129320.0,1,129350.0,1,129360.0,1,129370.0,1,129380.0,1,129410.0,15,129350.0
ni2410,,13:38:58.500#,130020.0,130460.0,128520.0,144190.0,117980.0,13846,24579.0,129300.0,3,129310.0,3,129320.0,8,129330.0,6,129340.0,2,129370.0,1,129380.0,1,129400.0,5,129410.0,10,129420.0,20,129350.0
ni2410,,13:38:59.0#,130020.0,130460.0,128520.0,144190.0,117980.0,13848,24581.0,129290.0,19,129300.0,8,129310.0,3,129320.0,8,129330.0,5,129360.0,1,129370.0,2,129380.0,1,129410.0,8,129420.0,5,129340.0
ni2410,,13:38:59.500#,130020.0,130460.0,128520.0,144190.0,117980.0,13848,24581.0,129300.0,3,129310.0,3,129320.0,5,129330.0,6,129340.0,2,129360.0,2,129370.0,1,129380.0,1,129400.0,3,129410.0,10,129340.0
ni2410,,13:39:00.0#,130020.0,130460.0,128520.0,144190.0,117980.0,13848,24581.0,129300.0,3,129310.0,3,129320.0,5,129330.0,5,129340.0,2,129370.0,1,129380.0,1,129410.0,5,129420.0,20,129430.0,12,129340.0
ni2410,,13:39:00.500#,130020.0,130460.0,128520.0,144190.0,117980.0,13848,24581.0,129300.0,3,129310.0,3,129320.0,5,129330.0,5,129340.0,2,129360.0,1,129370.0,2,129380.0,1,129420.0,10,129430.0,12,129340.0
ni2410,,13:39:01.0#,130020.0,130460.0,128520.0,144190.0,117980.0,13848,24581.0,129300.0,3,129310.0,3,129320.0,5,129330.0,5,129340.0,2,129360.0,1,129370.0,2,129380.0,1,129420.0,10,129430.0,12,129340.0
ni2410,,13:39:01.500#,130020.0,130460.0,128520.0,144190.0,117980.0,13848,24581.0,129300.0,3,129310.0,3,129320.0,5,129330.0,5,129340.0,2,129360.0,1,129370.0,2,129380.0,1,129420.0,10,129430.0,12,129340.0
ni2410,,13:39:02.0#,130020.0,130460.0,128520.0,144190.0,117980.0,13848,24581.0,129300.0,3,129310.0,3,129320.0,5,129330.0,5,129340.0,2,129360.0,1,129370.0,2,129380.0,1,129420.0,10,129430.0,12,129340.0
ni2410,,13:39:02.500#,130020.0,130460.0,128520.0,144190.0,117980.0,13848,24581.0,129280.0,10,129290.0,19,129300.0,3,129310.0,3,129320.0,4,129360.0,2,129370.0,1,129380.0,1,129420.0,15,129430.0,7,129340.0
ni2410,,13:39:03.0#,130020.0,130460.0,128520.0,144190.0,117980.0,13848,24581.0,129280.0,7,129290.0,4,129300.0,2,129310.0,2,129320.0,1,129350.0,1,129360.0,2,129370.0,1,129380.0,1,129390.0,1,129340.0
ni2410,,13:39:03.500#,130020.0,130460.0,128520.0,144190.0,117980.0,13848,24581.0,129280.0,2,129290.0,4,129300.0,2,129310.0,2,129320.0,1,129350.0,2,129370.0,1,129380.0,1,129390.0,1,129400.0,20,129340.0
ni2410,,13:39:04.0#,130020.0,130460.0,128520.0,144190.0,117980.0,13848,24581.0,129280.0,7,129290.0,4,129300.0,2,129310.0,2,129320.0,1,129340.0,1,129350.0,2,129370.0,1,129380.0,1,129390.0,1,129340.0
ni2410,,13:39:04.500#,130020.0,130460.0,128520.0,144190.0,117980.0,13849,24581.0,129280.0,2,129290.0,4,129300.0,2,129310.0,2,129320.0,1,129370.0,1,129380.0,1,129390.0,1,129400.0,20,129410.0,13,129350.0
ni2410,,13:39:05.0#,130020.0,130460.0,128520.0,144190.0,117980.0,13849,24581.0,129270.0,23,129280.0,10,129290.0,4,129300.0,2,129310.0,2,129350.0,1,129360.0,7,129370.0,2,129380.0,1,129390.0,1,129350.0
ni2410,,13:39:05.500#,130020.0,130460.0,128520.0,144190.0,117980.0,13849,24581.0,129270.0,6,129280.0,2,129290.0,4,129300.0,2,129310.0,2,129350.0,2,129360.0,8,129370.0,1,129380.0,1,129390.0,1,129350.0
ni2410,,13:39:06.0#,130020.0,130460.0,128520.0,144190.0,117980.0,13849,24581.0,129270.0,4,129280.0,2,129290.0,3,129300.0,1,129310.0,1,129340.0,1,129350.0,2,129360.0,2,129370.0,1,129380.0,1,129350.0
ni2410,,13:39:06.500#,130020.0,130460.0,128520.0,144190.0,117980.0,13849,24581.0,129270.0,1,129280.0,2,129290.0,3,129300.0,1,129310.0,1,129340.0,2,129350.0,2,129360.0,2,129370.0,2,129380.0,1,129350.0
ni2410,,13:39:07.0#,130020.0,130460.0,128520.0,144190.0,117980.0,13849,24581.0,129270.0,1,129280.0,2,129290.0,3,129300.0,1,129310.0,1,129340.0,2,129350.0,2,129360.0,2,129370.0,2,129380.0,1,129350.0
ni2410,,13:39:07.500#,130020.0,130460.0,128520.0,144190.0,117980.0,13849,24581.0,129270.0,1,129280.0,2,129290.0,3,129300.0,1,129310.0,1,129340.0,3,129350.0,1,129360.0,2,129370.0,2,129380.0,23,129350.0
ni2410,,13:39:08.0#,130020.0,130460.0,128520.0,144190.0,117980.0,13849,24581.0,129270.0,1,129280.0,2,129290.0,2,129300.0,1,129310.0,1,129340.0,3,129350.0,1,129360.0,2,129370.0,2,129380.0,28,129350.0
ni2410,,13:39:08.500#,130020.0,130460.0,128520.0,144190.0,117980.0,13849,24581.0,129270.0,1,129280.0,2,129290.0,2,129300.0,1,129310.0,1,129340.0,3,129350.0,2,129360.0,2,129370.0,2,129380.0,28,129350.0
ni2410,,13:39:09.0#,130020.0,130460.0,128520.0,144190.0,117980.0,13849,24581.0,129270.0,1,129280.0,2,129290.0,2,129300.0,1,129310.0,1,129340.0,1,129350.0,2,129360.0,2,129370.0,2,129380.0,28,129350.0
ni2410,,13:39:09.500#,130020.0,130460.0,128520.0,144190.0,117980.0,13849,24581.0,129270.0,1,129280.0,2,129290.0,2,129300.0,1,129310.0,2,129340.0,1,129350.0,2,129360.0,2,129370.0,1,129380.0,28,129350.0
ni2410,,13:39:10.0#,130020.0,130460.0,128520.0,144190.0,117980.0,13849,24581.0,129270.0,1,129280.0,2,129290.0,2,129300.0,1,129310.0,1,129340.0,1,129350.0,2,129370.0,1,129380.0,28,129390.0,20,129350.0
ni2410,,13:39:10.500#,130020.0,130460.0,128520.0,144190.0,117980.0,13849,24581.0,129270.0,1,129280.0,2,129290.0,2,129300.0,1,129310.0,1,129340.0,1,129350.0,2,129370.0,1,129380.0,28,129390.0,10,129350.0
ni2410,,13:39:11.0#,130020.0,130460.0,128520.0,144190.0,117980.0,13849,24581.0,129270.0,1,129280.0,2,129290.0,2,129300.0,1,129310.0,1,129340.0,1,129350.0,2,129370.0,1,129380.0,28,129390.0,5,129350.0
ni2410,,13:39:11.500#,130020.0,130460.0,128520.0,144190.0,117980.0,13849,24581.0,129270.0,1,129280.0,2,129290.0,2,129300.0,1,129310.0,1,129330.0,1,129340.0,2,129350.0,2,129370.0,1,129380.0,28,129350.0
ni2410,,13:39:12.0#,130020.0,130460.0,128520.0,144190.0,117980.0,13849,24581.0,129270.0,1,129280.0,2,129290.0,2,129300.0,1,129310.0,1,129320.0,1,129330.0,2,129350.0,2,129370.0,1,129380.0,28,129350.0
ni2410,,13:39:12.500#,130020.0,130460.0,128520.0,144190.0,117980.0,13851,24580.0,129260.0,13,129270.0,1,129280.0,2,129290.0,2,129300.0,1,129320.0,1,129330.0,2,129350.0,2,129370.0,1,129380.0,33,129310.0
ni2410,,13:39:13.0#,130020.0,130460.0,128520.0,144190.0,117980.0,13852,24581.0,129220.0,6,129230.0,2,129240.0,11,129250.0,23,129260.0,6,129320.0,2,129330.0,2,129350.0,1,129370.0,11,129380.0,33,129300.0
ni2410,,13:39:13.500#,130020.0,130460.0,128520.0,144190.0,117980.0,13852,24581.0,129240.0,6,129250.0,4,129260.0,9,129270.0,14,129280.0,9,129330.0,2,129350.0,1,129360.0,10,129370.0,1,129380.0,28,129300.0
ni2410,,13:39:14.0#,130020.0,130460.0,128520.0,144190.0,117980.0,13852,24581.0,129240.0,11,129250.0,4,129260.0,9,129270.0,2,129280.0,10,129330.0,2,129350.0,1,129360.0,1,129370.0,16,129380.0,23,129300.0
ni2410,,13:39:14.500#,130020.0,130460.0,128520.0,144190.0,117980.0,13852,24581.0,129240.0,6,129250.0,4,129260.0,9,129270.0,1,129280.0,3,129330.0,2,129350.0,1,129360.0,1,129370.0,11,129380.0,33,129300.0
ni2410,,13:39:15.0#,130020.0,130460.0,128520.0,144190.0,117980.0,13852,24581.0,129220.0,13,129230.0,20,129240.0,11,129250.0,4,129260.0,8,129300.0,1,129320.0,7,129330.0,3,129350.0,1,129360.0,1,129300.0
ni2410,,13:39:15.500#,130020.0,130460.0,128520.0,144190.0,117980.0,13854,24581.0,129240.0,2,129250.0,4,129260.0,17,129270.0,16,129280.0,8,129320.0,1,129330.0,2,129340.0,3,129350.0,8,129360.0,1,129300.0
ni2410,,13:39:16.0#,130020.0,130460.0,128520.0,144190.0,117980.0,13854,24581.0,129240.0,7,129250.0,4,129260.0,10,129270.0,7,129280.0,9,129330.0,2,129350.0,1,129360.0,4,129370.0,23,129380.0,28,129300.0
ni2410,,13:39:16.500#,130020.0,130460.0,128520.0,144190.0,117980.0,13854,24581.0,129240.0,6,129250.0,4,129260.0,10,129270.0,4,129280.0,9,129330.0,2,129350.0,1,129360.0,1,129370.0,11,129380.0,38,129300.0
ni2410,,13:39:17.0#,130020.0,130460.0,128520.0,144190.0,117980.0,13854,24581.0,129250.0,4,129260.0,10,129270.0,4,129280.0,9,129290.0,6,129330.0,2,129350.0,1,129360.0,1,129370.0,11,129380.0,38,129300.0
ni2410,,13:39:17.500#,130020.0,130460.0,128520.0,144190.0,117980.0,13854,24581.0,129250.0,9,129260.0,10,129270.0,4,129280.0,5,129290.0,7,129330.0,2,129350.0,1,129360.0,1,129370.0,4,129380.0,35,129300.0
ni2410,,13:39:18.0#,130020.0,130460.0,128520.0,144190.0,117980.0,13854,24581.0,129260.0,10,129270.0,4,129280.0,5,129290.0,7,129300.0,1,129330.0,2,129350.0,1,129370.0,4,129380.0,30,129390.0,26,129300.0
ni2410,,13:39:18.500#,130020.0,130460.0,128520.0,144190.0,117980.0,13854,24581.0,129260.0,13,129270.0,4,129280.0,5,129290.0,6,129300.0,1,129320.0,1,129330.0,2,129350.0,1,129370.0,1,129380.0,33,129300.0
ni2410,,13:39:19.0#,130020.0,130460.0,128520.0,144190.0,117980.0,13854,24581.0,129260.0,13,129270.0,4,129280.0,5,129290.0,6,129300.0,1,129320.0,1,129330.0,2,129350.0,1,129370.0,1,129380.0,33,129300.0
ni2410,,13:39:19.500#,130020.0,130460.0,128520.0,144190.0,117980.0,13854,24581.0,129260.0,13,129270.0,4,129280.0,5,129290.0,6,129300.0,1,129320.0,1,129330.0,2,129350.0,1,129370.0,1,129380.0,33,129300.0
ni2410,,13:39:20.0#,130020.0,130460.0,128520.0,144190.0,117980.0,13854,24581.0,129260.0,13,129270.0,4,129280.0,5,129290.0,6,129300.0,1,129320.0,1,129330.0,2,129350.0,1,129370.0,1,129380.0,33,129300.0
ni2410,,13:39:20.500#,130020.0,130460.0,128520.0,144190.0,117980.0,13854,24581.0,129240.0,6,129250.0,21,129260.0,19,129270.0,4,129280.0,4,129320.0,1,129330.0,2,129350.0,1,129370.0,1,129380.0,43,129300.0
ni2410,,13:39:21.0#,130020.0,130460.0,128520.0,144190.0,117980.0,13854,24581.0,129260.0,11,129270.0,4,129280.0,10,129290.0,7,129300.0,1,129330.0,2,129350.0,1,129360.0,3,129370.0,8,129380.0,23,129300.0
ni2410,,13:39:21.500#,130020.0,130460.0,128520.0,144190.0,117980.0,13854,24581.0,129260.0,14,129270.0,4,129280.0,7,129290.0,6,129300.0,1,129330.0,2,129350.0,1,129370.0,4,129380.0,30,129390.0,26,129300.0
ni2410,,13:39:22.0#,130020.0,130460.0,128520.0,144190.0,117980.0,13854,24581.0,129260.0,14,129270.0,4,129280.0,7,129290.0,6,129300.0,1,129320.0,1,129330.0,1,129350.0,1,129370.0,1,129380.0,33,129300.0
ni2410,,13:39:22.500#,130020.0,130460.0,128520.0,144190.0,117980.0,13854,24581.0,129260.0,14,129270.0,4,129280.0,7,129290.0,6,129300.0,1,129350.0,1,129370.0,1,129380.0,33,129390.0,26,129430.0,1,129300.0
ni2410,,13:39:23.0#,130020.0,130460.0,128520.0,144190.0,117980.0,13855,24581.0,129250.0,24,129260.0,16,129270.0,4,129280.0,7,129290.0,6,129340.0,3,129350.0,1,129370.0,1,129380.0,23,129390.0,26,129300.0
ni2410,,13:39:23.500#,130020.0,130460.0,128520.0,144190.0,117980.0,13855,24581.0,129260.0,11,129270.0,4,129280.0,7,129290.0,7,129300.0,1,129340.0,6,129350.0,1,129370.0,1,129380.0,33,129390.0,16,129300.0
ni2410,,13:39:24.0#,130020.0,130460.0,128520.0,144190.0,117980.0,13855,24581.0,129260.0,14,129270.0,4,129280.0,7,129290.0,6,129300.0,1,129340.0,6,129350.0,1,129370.0,1,129380.0,28,129390.0,21,129300.0
ni2410,,13:39:24.500#,130020.0,130460.0,128520.0,144190.0,117980.0,13855,24581.0,129260.0,14,129270.0,4,129280.0,7,129290.0,6,129300.0,1,129340.0,6,129350.0,1,129370.0,1,129380.0,28,129390.0,21,129300.0
ni2410,,13:39:25.0#,130020.0,130460.0,128520.0,144190.0,117980.0,13855,24581.0,129260.0,19,129270.0,4,129280.0,7,129290.0,6,129300.0,1,129340.0,6,129350.0,1,129370.0,1,129380.0,28,129390.0,26,129300.0
ni2410,,13:39:25.500#,130020.0,130460.0,128520.0,144190.0,117980.0,13855,24581.0,129260.0,14,129270.0,4,129280.0,7,129290.0,6,129300.0,1,129340.0,6,129350.0,1,129370.0,1,129380.0,28,129390.0,21,129300.0
ni2410,,13:39:26.0#,130020.0,130460.0,128520.0,144190.0,117980.0,13855,24581.0,129260.0,14,129270.0,4,129280.0,7,129290.0,5,129300.0,2,129340.0,2,129350.0,1,129370.0,1,129380.0,28,129390.0,21,129300.0
ni2410,,13:39:26.500#,130020.0,130460.0,128520.0,144190.0,117980.0,13855,24581.0,129260.0,16,129270.0,4,129280.0,7,129290.0,5,129300.0,2,129340.0,2,129350.0,1,129370.0,1,129380.0,26,129390.0,23,129300.0
ni2410,,13:39:27.0#,130020.0,130460.0,128520.0,144190.0,117980.0,13855,24581.0,129260.0,16,129270.0,4,129280.0,7,129290.0,5,129300.0,2,129340.0,2,129350.0,1,129370.0,1,129380.0,26,129390.0,23,129300.0
ni2410,,13:39:27.500#,130020.0,130460.0,128520.0,144190.0,117980.0,13855,24581.0,129260.0,16,129270.0,4,129280.0,7,129290.0,5,129300.0,2,129340.0,2,129350.0,1,129370.0,1,129380.0,26,129390.0,23,129300.0
ni2410,,13:39:28.0#,130020.0,130460.0,128520.0,144190.0,117980.0,13855,24581.0,129260.0,16,129270.0,4,129280.0,5,129290.0,2,129300.0,7,129340.0,2,129350.0,1,129370.0,1,129380.0,26,129390.0,18,129300.0
ni2410,,13:39:28.500#,130020.0,130460.0,128520.0,144190.0,117980.0,13855,24581.0,129260.0,16,129270.0,4,129280.0,5,129290.0,2,129300.0,7,129340.0,2,129350.0,1,129370.0,1,129380.0,26,129390.0,13,129300.0
ni2410,,13:39:29.0#,130020.0,130460.0,128520.0,144190.0,117980.0,13855,24581.0,129270.0,5,129280.0,5,129290.0,2,129300.0,7,129310.0,2,129350.0,1,129370.0,1,129380.0,26,129390.0,7,129400.0,20,129300.0
ni2410,,13:39:29.500#,130020.0,130460.0,128520.0,144190.0,117980.0,13855,24581.0,129280.0,4,129290.0,1,129300.0,5,129310.0,11,129320.0,1,129350.0,1,129370.0,1,129380.0,23,129390.0,5,129400.0,10,129300.0
ni2410,,13:39:30.0#,130020.0,130460.0,128520.0,144190.0,117980.0,13855,24581.0,129290.0,1,129300.0,5,129310.0,4,129320.0,7,129330.0,2,129350.0,1,129370.0,1,129380.0,23,129390.0,3,129400.0,7,129300.0
ni2410,,13:39:30.500#,130020.0,130460.0,128520.0,144190.0,117980.0,13858,24582.0,129300.0,5,129310.0,3,129320.0,3,129330.0,5,129340.0,2,129370.0,1,129380.0,23,129390.0,5,129410.0,20,129420.0,5,129330.0
ni2410,,13:39:31.0#,130020.0,130460.0,128520.0,144190.0,117980.0,13858,24582.0,129280.0,10,129290.0,16,129300.0,8,129310.0,3,129320.0,2,129360.0,3,129370.0,1,129380.0,23,129410.0,5,129420.0,15,129330.0
ni2410,,13:39:31.500#,130020.0,130460.0,128520.0,144190.0,117980.0,13858,24582.0,129300.0,3,129310.0,4,129320.0,8,129330.0,6,129340.0,2,129360.0,1,129370.0,1,129380.0,23,129400.0,5,129410.0,5,129330.0
ni2410,,13:39:32.0#,130020.0,130460.0,128520.0,144190.0,117980.0,13858,24582.0,129300.0,6,129310.0,4,129320.0,6,129330.0,5,129340.0,2,129370.0,1,129380.0,23,129410.0,3,129420.0,22,129430.0,11,129330.0
ni2410,,13:39:32.500#,130020.0,130460.0,128520.0,144190.0,117980.0,13858,24582.0,129300.0,6,129310.0,4,129320.0,6,129330.0,5,129340.0,2,129360.0,1,129370.0,2,129380.0,23,129410.0,5,129420.0,5,129330.0
ni2410,,13:39:33.0#,130020.0,130460.0,128520.0,144190.0,117980.0,13858,24582.0,129300.0,3,129310.0,4,129320.0,6,129330.0,5,129340.0,2,129360.0,1,129370.0,2,129380.0,23,129400.0,5,129420.0,5,129330.0
ni2410,,13:39:33.500#,130020.0,130460.0,128520.0,144190.0,117980.0,13858,24582.0,129300.0,3,129310.0,4,129320.0,6,129330.0,5,129340.0,2,129360.0,1,129370.0,2,129380.0,23,129400.0,5,129420.0,5,129330.0
ni2410,,13:39:34.0#,130020.0,130460.0,128520.0,144190.0,117980.0,13858,24582.0,129280.0,8,129290.0,19,129300.0,3,129310.0,4,129320.0,3,129360.0,1,129370.0,2,129380.0,23,129400.0,5,129420.0,10,129330.0
ni2410,,13:39:34.500#,130020.0,130460.0,128520.0,144190.0,117980.0,13858,24582.0,129300.0,3,129310.0,4,129320.0,8,129330.0,6,129340.0,2,129370.0,2,129380.0,23,129400.0,3,129410.0,7,129430.0,26,129330.0
ni2410,,13:39:35.0#,130020.0,130460.0,128520.0,144190.0,117980.0,13858,24582.0,129280.0,8,129290.0,18,129300.0,6,129310.0,4,129320.0,3,129360.0,3,129370.0,2,129380.0,23,129410.0,3,129420.0,12,129330.0
ni2410,,13:39:35.500#,130020.0,130460.0,128520.0,144190.0,117980.0,13858,24582.0,129270.0,28,129280.0,8,129290.0,1,129300.0,3,129310.0,3,129360.0,6,129370.0,1,129380.0,23,129400.0,3,129410.0,12,129330.0
ni2410,,13:39:36.0#,130020.0,130460.0,128520.0,144190.0,117980.0,13858,24582.0,129280.0,3,129290.0,1,129300.0,3,129310.0,9,129320.0,2,129360.0,2,129370.0,1,129380.0,23,129400.0,15,129410.0,5,129330.0
ni2410,,13:39:36.500#,130020.0,130460.0,128520.0,144190.0,117980.0,13858,24582.0,129280.0,8,129290.0,1,129300.0,3,129310.0,8,129320.0,2,129360.0,2,129370.0,1,129380.0,23,129400.0,3,129410.0,12,129330.0
ni2410,,13:39:37.0#,130020.0,130460.0,128520.0,144190.0,117980.0,13858,24582.0,129280.0,8,129290.0,1,129300.0,3,129310.0,4,129320.0,8,129360.0,2,129370.0,1,129380.0,23,129400.0,3,129410.0,7,129330.0
ni2410,,13:39:37.500#,130020.0,130460.0,128520.0,144190.0,117980.0,13858,24582.0,129280.0,8,129290.0,1,129300.0,3,129310.0,4,129320.0,8,129360.0,1,129370.0,1,129380.0,23,129400.0,3,129410.0,7,129330.0
ni2410,,13:39:38.0#,130020.0,130460.0,128520.0,144190.0,117980.0,13858,24582.0,129280.0,8,129290.0,2,129300.0,3,129310.0,4,129320.0,9,129370.0,1,129380.0,23,129400.0,3,129410.0,7,129420.0,20,129330.0
ni2410,,13:39:38.500#,130020.0,130460.0,128520.0,144190.0,117980.0,13858,24582.0,129290.0,2,129300.0,3,129310.0,4,129320.0,17,129330.0,10,129370.0,1,129380.0,23,129410.0,10,129420.0,10,129430.0,16,129330.0
ni2410,,13:39:39.0#,130020.0,130460.0,128520.0,144190.0,117980.0,13858,24582.0,129290.0,6,129300.0,3,129310.0,4,129320.0,4,129330.0,11,129370.0,1,129380.0,23,129410.0,3,129420.0,12,129430.0,11,129330.0
ni2410,,13:39:39.500#,130020.0,130460.0,128520.0,144190.0,117980.0,13858,24582.0,129300.0,4,129310.0,4,129320.0,4,129330.0,11,129340.0,2,129370.0,2,129380.0,23,129410.0,3,129420.0,7,129430.0,16,129330.0
ni2410,,13:39:40.0#,130020.0,130460.0,128520.0,144190.0,117980.0,13858,24582.0,129300.0,7,129310.0,4,129320.0,3,129330.0,10,129340.0,2,129370.0,1,129380.0,23,129410.0,3,129420.0,7,129430.0,16,129330.0
ni2410,,13:39:40.500#,130020.0,130460.0,128520.0,144190.0,117980.0,13858,24582.0,129310.0,3,129320.0,3,129330.0,3,129340.0,8,129350.0,1,129370.0,1,129380.0,23,129410.0,3,129420.0,7,129430.0,6,129330.0
ni2410,,13:39:41.0#,130020.0,130460.0,128520.0,144190.0,117980.0,13858,24582.0,129300.0,21,129310.0,6,129320.0,2,129330.0,2,129340.0,7,129360.0,1,129370.0,1,129380.0,23,129420.0,3,129430.0,8,129330.0
ni2410,,13:39:41.500#,130020.0,130460.0,128520.0,144190.0,117980.0,13859,24581.0,129300.0,4,129310.0,3,129320.0,2,129330.0,1,129340.0,3,129370.0,1,129380.0,23,129400.0,3,129410.0,2,129420.0,5,129360.0
ni2410,,13:39:42.0#,130020.0,130460.0,128520.0,144190.0,117980.0,13859,24581.0,129310.0,3,129320.0,2,129330.0,1,129340.0,3,129350.0,1,129370.0,1,129380.0,23,129410.0,5,129420.0,5,129430.0,16,129360.0
ni2410,,13:39:42.500#,130020.0,130460.0,128520.0,144190.0,117980.0,13860,24581.0,129320.0,2,129330.0,2,129340.0,7,129350.0,1,129360.0,1,129380.0,23,129410.0,5,129430.0,11,129440.0,17,129450.0,6,129370.0
ni2410,,13:39:43.0#,130020.0,130460.0,128520.0,144190.0,117980.0,13871,24591.0,129330.0,2,129340.0,3,129350.0,3,129360.0,1,129370.0,1,129380.0,12,129420.0,5,129430.0,1,129440.0,10,129450.0,6,129380.0
ni2410,,13:39:43.500#,130020.0,130460.0,128520.0,144190.0,117980.0,13884,24591.0,129340.0,3,129350.0,2,129360.0,5,129370.0,1,129380.0,11,129420.0,5,129430.0,1,129440.0,5,129450.0,1,129460.0,26,129380.0
ni2410,,13:39:44.0#,130020.0,130460.0,128520.0,144190.0,117980.0,13884,24591.0,129340.0,8,129350.0,1,129360.0,1,129370.0,3,129380.0,11,129410.0,1,129430.0,1,129450.0,1,129460.0,9,129470.0,28,129380.0
ni2410,,13:39:44.500#,130020.0,130460.0,128520.0,144190.0,117980.0,13884,24591.0,129330.0,12,129340.0,8,129350.0,1,129370.0,1,129380.0,11,129410.0,2,129430.0,1,129450.0,1,129460.0,14,129470.0,8,129380.0
ni2410,,13:39:45.0#,130020.0,130460.0,128520.0,144190.0,117980.0,13884,24591.0,129320.0,22,129330.0,2,129340.0,8,129350.0,1,129380.0,8,129410.0,2,129430.0,1,129450.0,4,129460.0,16,129470.0,3,129380.0
ni2410,,13:39:45.500#,130020.0,130460.0,128520.0,144190.0,117980.0,13884,24591.0,129320.0,7,129330.0,2,129340.0,8,129350.0,1,129380.0,8,129410.0,2,129430.0,1,129450.0,4,129460.0,16,129470.0,3,129380.0
ni2410,,13:39:46.0#,130020.0,130460.0,128520.0,144190.0,117980.0,13885,24590.0,129320.0,12,129330.0,2,129340.0,8,129350.0,1,129380.0,8,129430.0,1,129450.0,4,129460.0,11,129470.0,8,129480.0,17,129410.0
ni2410,,13:39:46.500#,130020.0,130460.0,128520.0,144190.0,117980.0,13885,24590.0,129320.0,12,129330.0,7,129340.0,8,129350.0,1,129380.0,9,129420.0,2,129430.0,1,129450.0,1,129460.0,2,129470.0,16,129410.0
ni2410,,13:39:47.0#,130020.0,130460.0,128520.0,144190.0,117980.0,13885,24590.0,129320.0,7,129330.0,7,129340.0,8,129350.0,1,129380.0,9,129420.0,2,129430.0,1,129450.0,1,129460.0,5,129470.0,8,129410.0
ni2410,,13:39:47.500#,130020.0,130460.0,128520.0,144190.0,117980.0,13885,24590.0,129320.0,7,129330.0,7,129340.0,8,129350.0,1,129380.0,9,129420.0,2,129430.0,1,129450.0,1,129460.0,10,129470.0,8,129410.0
ni2410,,13:39:48.0#,130020.0,130460.0,128520.0,144190.0,117980.0,13885,24590.0,129320.0,12,129330.0,7,129340.0,8,129350.0,1,129380.0,8,129420.0,2,129430.0,1,129450.0,1,129460.0,5,129470.0,13,129410.0
ni2410,,13:39:48.500#,130020.0,130460.0,128520.0,144190.0,117980.0,13885,24590.0,129320.0,12,129330.0,7,129340.0,8,129350.0,1,129380.0,8,129420.0,2,129430.0,1,129450.0,1,129460.0,5,129470.0,13,129410.0
ni2410,,13:39:49.0#,130020.0,130460.0,128520.0,144190.0,117980.0,13885,24590.0,129320.0,12,129330.0,7,129340.0,8,129350.0,1,129380.0,8,129420.0,2,129430.0,1,129450.0,1,129460.0,5,129470.0,13,129410.0
ni2410,,13:39:49.500#,130020.0,130460.0,128520.0,144190.0,117980.0,13885,24590.0,129320.0,12,129330.0,7,129340.0,8,129350.0,1,129380.0,8,129420.0,2,129430.0,1,129450.0,1,129460.0,5,129470.0,13,129410.0
ni2410,,13:39:50.0#,130020.0,130460.0,128520.0,144190.0,117980.0,13885,24590.0,129330.0,7,129340.0,8,129350.0,1,129380.0,8,129390.0,2,129420.0,2,129430.0,1,129450.0,1,129460.0,5,129470.0,13,129410.0
ni2410,,13:39:50.500#,130020.0,130460.0,128520.0,144190.0,117980.0,13885,24590.0,129340.0,3,129350.0,6,129380.0,7,129390.0,2,129400.0,1,129420.0,2,129430.0,1,129450.0,1,129460.0,5,129470.0,11,129410.0
ni2410,,13:39:51.0#,130020.0,130460.0,128520.0,144190.0,117980.0,13885,24590.0,129340.0,8,129350.0,1,129380.0,7,129390.0,2,129400.0,1,129420.0,2,129430.0,1,129450.0,1,129460.0,2,129470.0,11,129410.0
ni2410,,13:39:51.500#,130020.0,130460.0,128520.0,144190.0,117980.0,13885,24590.0,129340.0,13,129350.0,1,129380.0,7,129390.0,2,129400.0,1,129430.0,1,129450.0,1,129460.0,2,129470.0,11,129480.0,27,129410.0
ni2410,,13:39:52.0#,130020.0,130460.0,128520.0,144190.0,117980.0,13885,24590.0,129340.0,13,129350.0,1,129380.0,7,129390.0,2,129400.0,1,129430.0,2,129450.0,1,129460.0,1,129470.0,6,129480.0,17,129410.0
ni2410,,13:39:52.500#,130020.0,130460.0,128520.0,144190.0,117980.0,13885,24590.0,129340.0,13,129350.0,1,129380.0,7,129390.0,2,129400.0,1,129430.0,2,129450.0,1,129460.0,1,129470.0,1,129480.0,22,129410.0
ni2410,,13:39:53.0#,130020.0,130460.0,128520.0,144190.0,117980.0,13885,24590.0,129340.0,13,129350.0,1,129380.0,7,129390.0,2,129400.0,1,129420.0,1,129430.0,2,129450.0,1,129460.0,1,129470.0,1,129410.0
ni2410,,13:39:53.500#,130020.0,130460.0,128520.0,144190.0,117980.0,13885,24590.0,129340.0,13,129350.0,1,129380.0,7,129390.0,2,129400.0,1,129420.0,1,129430.0,2,129450.0,1,129460.0,1,129470.0,1,129410.0
ni2410,,13:39:54.0#,130020.0,130460.0,128520.0,144190.0,117980.0,13885,24590.0,129340.0,13,129350.0,1,129380.0,7,129390.0,2,129400.0,1,129420.0,2,129430.0,2,129450.0,1,129460.0,1,129470.0,6,129410.0
ni2410,,13:39:54.500#,130020.0,130460.0,128520.0,144190.0,117980.0,13885,24590.0,129340.0,13,129350.0,1,129380.0,7,129390.0,2,129400.0,1,129420.0,3,129430.0,1,129450.0,1,129460.0,1,129470.0,6,129410.0
ni2410,,13:39:55.0#,130020.0,130460.0,128520.0,144190.0,117980.0,13885,24590.0,129340.0,13,129350.0,1,129380.0,7,129390.0,2,129400.0,1,129420.0,3,129430.0,1,129450.0,1,129460.0,1,129470.0,6,129410.0
ni2410,,13:39:55.500#,130020.0,130460.0,128520.0,144190.0,117980.0,13885,24590.0,129350.0,1,129360.0,5,129380.0,7,129390.0,2,129400.0,1,129420.0,3,129430.0,1,129450.0,1,129460.0,1,129470.0,6,129410.0
ni2410,,13:39:56.0#,130020.0,130460.0,128520.0,144190.0,117980.0,13885,24590.0,129340.0,23,129350.0,1,129380.0,7,129390.0,2,129400.0,1,129420.0,2,129430.0,1,129460.0,1,129470.0,6,129480.0,30,129410.0
ni2410,,13:39:56.500#,130020.0,130460.0,128520.0,144190.0,117980.0,13885,24590.0,129340.0,13,129350.0,1,129380.0,7,129390.0,2,129400.0,1,129420.0,2,129430.0,1,129460.0,1,129470.0,6,129480.0,17,129410.0
ni2410,,13:39:57.0#,130020.0,130460.0,128520.0,144190.0,117980.0,13885,24590.0,129340.0,13,129350.0,1,129380.0,7,129390.0,2,129400.0,1,129420.0,2,129430.0,1,129460.0,1,129470.0,6,129480.0,17,129410.0
ni2410,,13:39:57.500#,130020.0,130460.0,128520.0,144190.0,117980.0,13885,24590.0,129350.0,1,129360.0,5,129380.0,7,129390.0,2,129400.0,1,129420.0,1,129430.0,1,129460.0,1,129470.0,1,129480.0,27,129410.0
ni2410,,13:39:58.0#,130020.0,130460.0,128520.0,144190.0,117980.0,13885,24590.0,129340.0,26,129350.0,1,129380.0,7,129390.0,2,129400.0,1,129420.0,1,129430.0,1,129460.0,1,129470.0,6,129480.0,17,129410.0
ni2410,,13:39:58.500#,130020.0,130460.0,128520.0,144190.0,117980.0,13885,24590.0,129340.0,13,129350.0,1,129380.0,7,129390.0,2,129400.0,1,129420.0,1,129430.0,1,129460.0,1,129470.0,6,129480.0,17,129410.0
ni2410,,13:39:59.0#,130020.0,130460.0,128520.0,144190.0,117980.0,13885,24590.0,129340.0,13,129350.0,1,129380.0,7,129390.0,2,129400.0,1,129420.0,2,129430.0,1,129460.0,1,129470.0,6,129480.0,17,129410.0
ni2410,,13:39:59.500#,130020.0,130460.0,128520.0,144190.0,117980.0,13885,24590.0,129340.0,13,129350.0,1,129380.0,7,129390.0,2,129400.0,1,129410.0,1,129420.0,2,129430.0,1,129460.0,1,129470.0,6,129410.0
ni2410,,13:40:00.0#,130020.0,130460.0,128520.0,144190.0,117980.0,13886,24591.0,129330.0,17,129340.0,13,129350.0,1,129380.0,7,129390.0,2,129410.0,1,129420.0,2,129430.0,1,129460.0,1,129470.0,11,129400.0
ni2410,,13:40:00.500#,130020.0,130460.0,128520.0,144190.0,117980.0,13886,24591.0,129330.0,7,129340.0,8,129350.0,1,129380.0,7,129390.0,2,129420.0,1,129430.0,1,129460.0,1,129470.0,16,129480.0,22,129400.0
ni2410,,13:40:01.0#,130020.0,130460.0,128520.0,144190.0,117980.0,13886,24591.0,129330.0,2,129340.0,13,129350.0,1,129380.0,7,129390.0,2,129420.0,1,129430.0,1,129460.0,1,129470.0,16,129480.0,7,129400.0
ni2410,,13:40:01.500#,130020.0,130460.0,128520.0,144190.0,117980.0,13886,24591.0,129330.0,7,129340.0,13,129350.0,6,129380.0,7,129390.0,3,129420.0,1,129430.0,1,129460.0,1,129470.0,16,129480.0,12,129400.0
ni2410,,13:40:02.0#,130020.0,130460.0,128520.0,144190.0,117980.0,13888,24591.0,129320.0,27,129330.0,2,129340.0,13,129350.0,1,129380.0,7,129420.0,1,129430.0,1,129460.0,1,129470.0,16,129480.0,7,129390.0
ni2410,,13:40:02.500#,130020.0,130460.0,128520.0,144190.0,117980.0,13888,24591.0,129320.0,17,129330.0,7,129340.0,8,129350.0,1,129380.0,8,129420.0,1,129430.0,1,129460.0,1,129470.0,16,129480.0,7,129390.0
ni2410,,13:40:03.0#,130020.0,130460.0,128520.0,144190.0,117980.0,13888,24591.0,129310.0,22,129320.0,7,129330.0,7,129340.0,13,129380.0,7,129400.0,2,129410.0,2,129420.0,4,129430.0,1,129460.0,6,129390.0
ni2410,,13:40:03.500#,130020.0,130460.0,128520.0,144190.0,117980.0,13890,24591.0,129310.0,7,129320.0,17,129330.0,2,129340.0,8,129380.0,8,129420.0,2,129430.0,1,129460.0,6,129470.0,24,129480.0,9,129400.0
ni2410,,13:40:04.0#,130020.0,130460.0,128520.0,144190.0,117980.0,13890,24591.0,129310.0,2,129320.0,12,129330.0,7,129340.0,8,129380.0,8,129420.0,2,129430.0,1,129460.0,4,129470.0,13,129480.0,7,129400.0
ni2410,,13:40:04.500#,130020.0,130460.0,128520.0,144190.0,117980.0,13890,24591.0,129310.0,2,129320.0,12,129330.0,7,129340.0,8,129380.0,8,129420.0,1,129430.0,1,129460.0,4,129470.0,13,129480.0,7,129400.0
ni2410,,13:40:05.0#,130020.0,130460.0,128520.0,144190.0,117980.0,13890,24591.0,129310.0,2,129320.0,12,129330.0,7,129340.0,5,129380.0,8,129400.0,10,129420.0,1,129430.0,1,129460.0,1,129470.0,13,129400.0
ni2410,,13:40:05.500#,130020.0,130460.0,128520.0,144190.0,117980.0,13890,24591.0,129320.0,19,129330.0,5,129340.0,3,129380.0,8,129390.0,1,129400.0,10,129420.0,1,129430.0,1,129440.0,3,129450.0,2,129400.0
ni2410,,13:40:06.0#,130020.0,130460.0,128520.0,144190.0,117980.0,13890,24591.0,129320.0,17,129330.0,9,129340.0,6,129380.0,8,129390.0,1,129400.0,10,129420.0,1,129430.0,1,129440.0,5,129450.0,3,129400.0
ni2410,,13:40:06.500#,130020.0,130460.0,128520.0,144190.0,117980.0,13900,24591.0,129330.0,4,129340.0,11,129380.0,7,129390.0,3,129400.0,4,129420.0,1,129430.0,1,129450.0,3,129460.0,23,129470.0,1,129400.0
ni2410,,13:40:07.0#,130020.0,130460.0,128520.0,144190.0,117980.0,13901,24590.0,129320.0,22,129330.0,7,129340.0,13,129380.0,7,129390.0,2,129410.0,1,129420.0,1,129430.0,1,129460.0,4,129470.0,3,129400.0
ni2410,,13:40:07.500#,130020.0,130460.0,128520.0,144190.0,117980.0,13901,24590.0,129320.0,7,129330.0,12,129340.0,8,129380.0,7,129390.0,1,129410.0,1,129420.0,1,129430.0,1,129460.0,1,129470.0,6,129400.0
ni2410,,13:40:08.0#,130020.0,130460.0,128520.0,144190.0,117980.0,13901,24590.0,129320.0,12,129330.0,7,129340.0,8,129380.0,7,129390.0,1,129410.0,1,129420.0,1,129430.0,1,129460.0,1,129470.0,11,129400.0
ni2410,,13:40:08.500#,130020.0,130460.0,128520.0,144190.0,117980.0,13901,24590.0,129320.0,7,129330.0,12,129340.0,8,129380.0,7,129390.0,1,129420.0,1,129430.0,1,129460.0,1,129470.0,11,129480.0,27,129400.0
ni2410,,13:40:09.0#,130020.0,130460.0,128520.0,144190.0,117980.0,13901,24590.0,129320.0,7,129330.0,12,129340.0,8,129380.0,7,129390.0,1,129420.0,1,129430.0,1,129460.0,1,129470.0,11,129480.0,12,129400.0
ni2410,,13:40:09.500#,130020.0,130460.0,128520.0,144190.0,117980.0,13901,24590.0,129320.0,12,129330.0,7,129340.0,8,129380.0,7,129390.0,1,129410.0,7,129420.0,2,129430.0,1,129460.0,1,129470.0,16,129400.0
ni2410,,13:40:10.0#,130020.0,130460.0,128520.0,144190.0,117980.0,13902,24590.0,129310.0,22,129320.0,7,129330.0,7,129340.0,8,129380.0,2,129390.0,2,129410.0,8,129420.0,1,129430.0,1,129460.0,6,129390.0
ni2410,,13:40:10.500#,130020.0,130460.0,128520.0,144190.0,117980.0,13904,24590.0,129300.0,30,129310.0,7,129320.0,4,129330.0,5,129340.0,2,129380.0,6,129390.0,3,129410.0,7,129420.0,1,129430.0,1,129380.0
ni2410,,13:40:11.0#,130020.0,130460.0,128520.0,144190.0,117980.0,13904,24590.0,129310.0,3,129320.0,2,129330.0,2,129340.0,7,129350.0,2,129390.0,3,129410.0,5,129420.0,1,129430.0,9,129440.0,22,129380.0
ni2410,,13:40:11.500#,130020.0,130460.0,128520.0,144190.0,117980.0,13904,24590.0,129310.0,3,129320.0,2,129330.0,2,129340.0,6,129350.0,2,129390.0,3,129410.0,5,129420.0,1,129430.0,6,129440.0,5,129380.0
ni2410,,13:40:12.0#,130020.0,130460.0,128520.0,144190.0,117980.0,13904,24590.0,129310.0,3,129320.0,2,129330.0,2,129340.0,6,129350.0,2,129390.0,3,129410.0,5,129420.0,1,129430.0,1,129440.0,8,129380.0
ni2410,,13:40:12.500#,130020.0,130460.0,128520.0,144190.0,117980.0,13904,24590.0,129310.0,3,129320.0,2,129330.0,1,129340.0,2,129350.0,1,129380.0,3,129390.0,4,129410.0,4,129420.0,1,129430.0,1,129380.0
ni2410,,13:40:13.0#,130020.0,130460.0,128520.0,144190.0,117980.0,13904,24590.0,129310.0,3,129320.0,2,129330.0,1,129340.0,2,129350.0,1,129380.0,1,129390.0,4,129410.0,4,129420.0,1,129430.0,6,129380.0
ni2410,,13:40:13.500#,130020.0,130460.0,128520.0,144190.0,117980.0,13904,24590.0,129310.0,3,129320.0,2,129330.0,1,129340.0,2,129350.0,1,129380.0,1,129390.0,4,129410.0,4,129430.0,6,129440.0,23,129380.0
ni2410,,13:40:14.0#,130020.0,130460.0,128520.0,144190.0,117980.0,13904,24590.0,129310.0,3,129320.0,2,129330.0,1,129340.0,2,129350.0,1,129380.0,1,129390.0,4,129410.0,4,129430.0,6,129440.0,10,129380.0
ni2410,,13:40:14.500#,130020.0,130460.0,128520.0,144190.0,117980.0,13904,24590.0,129310.0,3,129320.0,2,129330.0,1,129340.0,2,129350.0,1,129380.0,1,129390.0,4,129410.0,4,129430.0,6,129440.0,10,129380.0
ni2410,,13:40:15.0#,130020.0,130460.0,128520.0,144190.0,117980.0,13904,24590.0,129300.0,23,129310.0,3,129320.0,2,129330.0,1,129340.0,3,129380.0,1,129390.0,4,129410.0,4,129430.0,6,129440.0,10,129380.0
ni2410,,13:40:15.500#,130020.0,130460.0,128520.0,144190.0,117980.0,13905,24589.0,129300.0,13,129310.0,3,129320.0,2,129330.0,1,129340.0,3,129350.0,1,129380.0,1,129390.0,4,129410.0,4,129430.0,6,129350.0
ni2410,,13:40:16.0#,130020.0,130460.0,128520.0,144190.0,117980.0,13907,24590.0,129290.0,16,129300.0,8,129310.0,1,129340.0,1,129370.0,1,129380.0,1,129390.0,4,129410.0,4,129420.0,8,129430.0,8,129350.0
ni2410,,13:40:16.500#,130020.0,130460.0,128520.0,144190.0,117980.0,13908,24591.0,129280.0,27,129290.0,1,129300.0,7,129310.0,6,129340.0,1,129360.0,2,129370.0,8,129380.0,2,129390.0,3,129410.0,5,129370.0
ni2410,,13:40:17.0#,130020.0,130460.0,128520.0,144190.0,117980.0,13908,24591.0,129270.0,20,129280.0,17,129290.0,4,129300.0,2,129310.0,1,129360.0,2,129370.0,2,129380.0,1,129390.0,3,129400.0,5,129370.0
ni2410,,13:40:17.500#,130020.0,130460.0,128520.0,144190.0,117980.0,13908,24591.0,129280.0,8,129290.0,1,129300.0,3,129310.0,6,129320.0,6,129370.0,2,129380.0,1,129390.0,3,129400.0,8,129410.0,21,129370.0
ni2410,,13:40:18.0#,130020.0,130460.0,128520.0,144190.0,117980.0,13908,24591.0,129290.0,1,129300.0,3,129310.0,2,129320.0,11,129330.0,5,129380.0,1,129390.0,3,129410.0,14,129420.0,20,129430.0,1,129370.0
ni2410,,13:40:18.500#,130020.0,130460.0,128520.0,144190.0,117980.0,13908,24591.0,129310.0,2,129320.0,2,129330.0,8,129340.0,7,129350.0,1,129390.0,3,129410.0,4,129420.0,10,129430.0,1,129440.0,25,129370.0
ni2410,,13:40:19.0#,130020.0,130460.0,128520.0,144190.0,117980.0,13908,24591.0,129310.0,5,129320.0,2,129330.0,8,129350.0,1,129360.0,1,129390.0,3,129410.0,4,129430.0,6,129440.0,10,129450.0,16,129370.0
ni2410,,13:40:19.500#,130020.0,130460.0,128520.0,144190.0,117980.0,13908,24591.0,129300.0,33,129310.0,2,129320.0,7,129330.0,6,129350.0,2,129380.0,2,129390.0,4,129410.0,4,129430.0,4,129440.0,5,129370.0
ni2410,,13:40:20.0#,130020.0,130460.0,128520.0,144190.0,117980.0,13908,24591.0,129290.0,21,129300.0,18,129310.0,2,129320.0,2,129330.0,6,129370.0,1,129380.0,1,129390.0,4,129410.0,4,129430.0,6,129370.0
ni2410,,13:40:20.500#,130020.0,130460.0,128520.0,144190.0,117980.0,13908,24591.0,129310.0,2,129320.0,3,129330.0,7,129340.0,11,129350.0,2,129370.0,1,129390.0,2,129410.0,4,129420.0,8,129430.0,3,129370.0
ni2410,,13:40:21.0#,130020.0,130460.0,128520.0,144190.0,117980.0,13909,24592.0,129320.0,2,129330.0,6,129340.0,9,129350.0,4,129370.0,2,129390.0,2,129410.0,2,129420.0,3,129430.0,6,129440.0,17,129370.0
ni2410,,13:40:21.500#,130020.0,130460.0,128520.0,144190.0,117980.0,13909,24592.0,129320.0,4,129330.0,9,129340.0,2,129350.0,5,129370.0,1,129410.0,2,129430.0,1,129440.0,3,129450.0,28,129460.0,6,129370.0
ni2410,,13:40:22.0#,130020.0,130460.0,128520.0,144190.0,117980.0,13909,24592.0,129320.0,9,129330.0,9,129340.0,2,129350.0,5,129370.0,3,129400.0,1,129410.0,2,129430.0,1,129450.0,6,129460.0,16,129370.0
ni2410,,13:40:22.500#,130020.0,130460.0,128520.0,144190.0,117980.0,13909,24592.0,129320.0,7,129330.0,11,129340.0,2,129350.0,2,129370.0,4,129410.0,1,129430.0,1,129450.0,6,129460.0,11,129470.0,21,129370.0
ni2410,,13:40:23.0#,130020.0,130460.0,128520.0,144190.0,117980.0,13909,24592.0,129320.0,12,129330.0,11,129340.0,2,129350.0,2,129370.0,4,129410.0,2,129430.0,1,129450.0,1,129460.0,16,129470.0,6,129370.0
ni2410,,13:40:23.500#,130020.0,130460.0,128520.0,144190.0,117980.0,13909,24592.0,129320.0,12,129330.0,11,129340.0,2,129350.0,2,129370.0,4,129400.0,2,129410.0,2,129430.0,1,129450.0,1,129460.0,16,129370.0
ni2410,,13:40:24.0#,130020.0,130460.0,128520.0,144190.0,117980.0,13909,24592.0,129320.0,2,129330.0,11,129340.0,2,129350.0,2,129370.0,3,129400.0,2,129410.0,2,129430.0,1,129450.0,6,129460.0,16,129370.0
ni2410,,13:40:24.500#,130020.0,130460.0,128520.0,144190.0,117980.0,13909,24592.0,129320.0,2,129330.0,10,129340.0,2,129350.0,2,129370.0,3,129400.0,2,129410.0,2,129430.0,1,129450.0,6,129460.0,16,129370.0
ni2410,,13:40:25.0#,130020.0,130460.0,128520.0,144190.0,117980.0,13909,24592.0,129320.0,2,129330.0,10,129340.0,2,129350.0,2,129370.0,3,129400.0,2,129410.0,2,129430.0,1,129450.0,6,129460.0,16,129370.0
ni2410,,13:40:25.500#,130020.0,130460.0,128520.0,144190.0,117980.0,13909,24592.0,129320.0,2,129330.0,10,129340.0,2,129350.0,2,129370.0,3,129400.0,2,129410.0,2,129430.0,1,129450.0,6,129460.0,16,129370.0
ni2410,,13:40:26.0#,130020.0,130460.0,128520.0,144190.0,117980.0,13909,24592.0,129320.0,2,129330.0,10,129340.0,2,129350.0,2,129370.0,4,129400.0,2,129410.0,2,129430.0,1,129450.0,6,129460.0,16,129370.0
ni2410,,13:40:26.500#,130020.0,130460.0,128520.0,144190.0,117980.0,13909,24592.0,129320.0,2,129330.0,10,129340.0,2,129350.0,2,129370.0,4,129400.0,2,129410.0,2,129430.0,1,129450.0,6,129460.0,16,129370.0
ni2410,,13:40:27.0#,130020.0,130460.0,128520.0,144190.0,117980.0,13909,24592.0,129320.0,2,129330.0,10,129340.0,2,129350.0,2,129370.0,3,129400.0,2,129410.0,2,129430.0,1,129450.0,6,129460.0,16,129370.0
ni2410,,13:40:27.500#,130020.0,130460.0,128520.0,144190.0,117980.0,13909,24592.0,129320.0,2,129330.0,10,129340.0,2,129350.0,2,129370.0,3,129400.0,2,129410.0,2,129430.0,1,129450.0,6,129460.0,16,129370.0
ni2410,,13:40:28.0#,130020.0,130460.0,128520.0,144190.0,117980.0,13909,24592.0,129320.0,7,129330.0,10,129340.0,2,129350.0,2,129370.0,4,129400.0,2,129410.0,2,129430.0,1,129450.0,5,129460.0,11,129370.0
ni2410,,13:40:28.500#,130020.0,130460.0,128520.0,144190.0,117980.0,13909,24592.0,129320.0,7,129330.0,10,129340.0,2,129350.0,2,129370.0,4,129400.0,2,129410.0,2,129430.0,1,129450.0,5,129460.0,11,129370.0
ni2410,,13:40:29.0#,130020.0,130460.0,128520.0,144190.0,117980.0,13909,24592.0,129320.0,12,129330.0,10,129340.0,2,129350.0,2,129370.0,4,129400.0,2,129410.0,1,129430.0,1,129450.0,5,129460.0,6,129370.0
ni2410,,13:40:29.500#,130020.0,130460.0,128520.0,144190.0,117980.0,13909,24592.0,129320.0,12,129330.0,10,129340.0,2,129350.0,2,129370.0,4,129410.0,1,129430.0,1,129440.0,8,129450.0,5,129460.0,4,129370.0
ni2410,,13:40:30.0#,130020.0,130460.0,128520.0,144190.0,117980.0,13909,24592.0,129320.0,19,129330.0,8,129340.0,2,129350.0,2,129370.0,4,129400.0,1,129410.0,2,129430.0,1,129440.0,8,129450.0,5,129370.0
ni2410,,13:40:30.500#,130020.0,130460.0,128520.0,144190.0,117980.0,13909,24592.0,129320.0,14,129330.0,8,129340.0,2,129350.0,2,129370.0,4,129410.0,1,129430.0,1,129440.0,11,129450.0,7,129460.0,16,129370.0
ni2410,,13:40:31.0#,130020.0,130460.0,128520.0,144190.0,117980.0,13909,24592.0,129320.0,19,129330.0,8,129340.0,2,129350.0,2,129370.0,4,129410.0,1,129430.0,1,129440.0,8,129450.0,5,129460.0,6,129370.0
ni2410,,13:40:31.500#,130020.0,130460.0,128520.0,144190.0,117980.0,13909,24592.0,129340.0,1,129350.0,2,129360.0,1,129370.0,9,129380.0,2,129430.0,1,129440.0,8,129450.0,5,129460.0,6,129470.0,22,129370.0
ni2410,,13:40:32.0#,130020.0,130460.0,128520.0,144190.0,117980.0,13909,24592.0,129350.0,1,129360.0,2,129370.0,4,129380.0,7,129390.0,2,129430.0,2,129440.0,8,129460.0,2,129470.0,11,129480.0,27,129370.0
ni2410,,13:40:32.500#,130020.0,130460.0,128520.0,144190.0,117980.0,13909,24592.0,129350.0,4,129360.0,2,129370.0,4,129380.0,5,129390.0,2,129430.0,1,129440.0,8,129460.0,2,129470.0,6,129480.0,22,129370.0
ni2410,,13:40:33.0#,130020.0,130460.0,128520.0,144190.0,117980.0,13912,24593.0,129360.0,3,129370.0,4,129380.0,2,129390.0,8,129400.0,4,129440.0,8,129460.0,1,129470.0,6,129480.0,5,129490.0,21,129400.0
ni2410,,13:40:33.500#,130020.0,130460.0,128520.0,144190.0,117980.0,13920,24601.0,129370.0,4,129380.0,2,129390.0,5,129400.0,9,129410.0,7,129470.0,1,129480.0,5,129490.0,5,129500.0,28,129520.0,7,129440.0
ni2410,,13:40:34.0#,130020.0,130460.0,128520.0,144190.0,117980.0,13920,24601.0,129370.0,19,129380.0,2,129390.0,4,129400.0,1,129410.0,11,129460.0,2,129470.0,2,129500.0,4,129510.0,20,129520.0,7,129440.0
ni2410,,13:40:34.500#,130020.0,130460.0,128520.0,144190.0,117980.0,13920,24601.0,129360.0,33,129370.0,9,129380.0,2,129390.0,4,129410.0,7,129460.0,6,129470.0,2,129500.0,13,129510.0,5,129520.0,11,129440.0
ni2410,,13:40:35.0#,130020.0,130460.0,128520.0,144190.0,117980.0,13920,24601.0,129360.0,23,129370.0,9,129380.0,2,129390.0,4,129410.0,7,129450.0,5,129460.0,5,129470.0,1,129500.0,12,129510.0,5,129440.0
ni2410,,13:40:35.500#,130020.0,130460.0,128520.0,144190.0,117980.0,13920,24601.0,129350.0,25,129360.0,12,129370.0,9,129380.0,2,129390.0,1,129440.0,2,129450.0,12,129470.0,1,129480.0,1,129500.0,17,129440.0
ni2410,,13:40:36.0#,130020.0,130460.0,128520.0,144190.0,117980.0,13920,24601.0,129360.0,7,129370.0,4,129380.0,2,129390.0,6,129400.0,3,129430.0,1,129450.0,7,129470.0,1,129480.0,11,129490.0,1,129440.0
ni2410,,13:40:36.500#,130020.0,130460.0,128520.0,144190.0,117980.0,13920,24601.0,129360.0,2,129370.0,4,129380.0,2,129390.0,5,129400.0,3,129430.0,1,129450.0,4,129470.0,1,129480.0,11,129500.0,32,129440.0
ni2410,,13:40:37.0#,130020.0,130460.0,128520.0,144190.0,117980.0,13920,24601.0,129360.0,2,129370.0,4,129380.0,2,129390.0,5,129400.0,3,129430.0,1,129450.0,4,129470.0,1,129480.0,11,129500.0,17,129440.0
ni2410,,13:40:37.500#,130020.0,130460.0,128520.0,144190.0,117980.0,13920,24601.0,129350.0,15,129360.0,2,129370.0,4,129380.0,1,129390.0,1,129420.0,1,129430.0,2,129450.0,4,129470.0,1,129480.0,16,129440.0
ni2410,,13:40:38.0#,130020.0,130460.0,128520.0,144190.0,117980.0,13920,24601.0,129350.0,5,129360.0,2,129370.0,4,129380.0,1,129390.0,2,129410.0,1,129420.0,1,129430.0,2,129450.0,4,129470.0,6,129440.0
ni2410,,13:40:38.500#,130020.0,130460.0,128520.0,144190.0,117980.0,13920,24601.0,129340.0,22,129360.0,2,129370.0,4,129380.0,1,129390.0,2,129410.0,1,129420.0,1,129430.0,2,129450.0,4,129470.0,6,129440.0
ni2410,,13:40:39.0#,130020.0,130460.0,128520.0,144190.0,117980.0,13920,24601.0,129340.0,12,129360.0,2,129370.0,4,129380.0,1,129390.0,2,129410.0,1,129420.0,1,129430.0,2,129450.0,5,129470.0,6,129440.0
ni2410,,13:40:39.500#,130020.0,130460.0,128520.0,144190.0,117980.0,13922,24599.0,129370.0,4,129380.0,2,129390.0,10,129400.0,5,129410.0,9,129430.0,1,129450.0,5,129470.0,6,129480.0,19,129490.0,6,129420.0
ni2410,,13:40:40.0#,130020.0,130460.0,128520.0,144190.0,117980.0,13924,24598.0,129360.0,17,129370.0,9,129380.0,1,129390.0,5,129410.0,1,129420.0,1,129430.0,1,129450.0,5,129470.0,1,129480.0,3,129410.0
ni2410,,13:40:40.500#,130020.0,130460.0,128520.0,144190.0,117980.0,13925,24598.0,129350.0,20,129360.0,2,129370.0,9,129380.0,1,129390.0,5,129420.0,1,129430.0,1,129450.0,5,129470.0,1,129480.0,5,129410.0
ni2410,,13:40:41.0#,130020.0,130460.0,128520.0,144190.0,117980.0,13925,24598.0,129350.0,5,129360.0,2,129370.0,4,129380.0,1,129390.0,5,129430.0,1,129450.0,5,129460.0,3,129470.0,6,129480.0,2,129410.0
ni2410,,13:40:41.500#,130020.0,130460.0,128520.0,144190.0,117980.0,13925,24598.0,129340.0,30,129360.0,2,129370.0,3,129380.0,1,129390.0,2,129420.0,3,129430.0,3,129450.0,3,129460.0,1,129470.0,1,129410.0
ni2410,,13:40:42.0#,130020.0,130460.0,128520.0,144190.0,117980.0,13925,24598.0,129330.0,37,129340.0,7,129360.0,2,129370.0,3,129390.0,1,129410.0,1,129420.0,4,129430.0,3,129450.0,3,129460.0,1,129410.0
ni2410,,13:40:42.500#,130020.0,130460.0,128520.0,144190.0,117980.0,13926,24599.0,129320.0,16,129330.0,32,129340.0,2,129360.0,2,129370.0,3,129390.0,1,129410.0,1,129420.0,2,129430.0,3,129450.0,3,129390.0
ni2410,,13:40:43.0#,130020.0,130460.0,128520.0,144190.0,117980.0,13927,24599.0,129340.0,2,129360.0,2,129370.0,8,129380.0,1,129390.0,1,129410.0,1,129420.0,2,129430.0,3,129440.0,1,129450.0,8,129390.0
ni2410,,13:40:43.500#,130020.0,130460.0,128520.0,144190.0,117980.0,13927,24599.0,129350.0,3,129360.0,1,129370.0,7,129380.0,1,129390.0,1,129420.0,1,129430.0,3,129440.0,1,129450.0,3,129460.0,13,129390.0
ni2410,,13:40:44.0#,130020.0,130460.0,128520.0,144190.0,117980.0,13927,24599.0,129310.0,2,129320.0,17,129330.0,14,129340.0,17,129370.0,3,129410.0,6,129420.0,2,129430.0,2,129440.0,1,129450.0,3,129390.0
ni2410,,13:40:44.500#,130020.0,130460.0,128520.0,144190.0,117980.0,13927,24599.0,129310.0,3,129320.0,21,129330.0,10,129340.0,2,129370.0,4,129410.0,9,129420.0,1,129430.0,2,129440.0,1,129450.0,6,129390.0
ni2410,,13:40:45.0#,130020.0,130460.0,128520.0,144190.0,117980.0,13927,24599.0,129310.0,8,129320.0,8,129330.0,8,129340.0,2,129370.0,1,129410.0,9,129420.0,1,129430.0,2,129440.0,2,129450.0,8,129390.0
ni2410,,13:40:45.500#,130020.0,130460.0,128520.0,144190.0,117980.0,13927,24599.0,129310.0,8,129320.0,8,129330.0,8,129340.0,2,129370.0,1,129410.0,9,129420.0,1,129430.0,2,129440.0,2,129450.0,8,129390.0
ni2410,,13:40:46.0#,130020.0,130460.0,128520.0,144190.0,117980.0,13927,24599.0,129310.0,8,129320.0,8,129330.0,8,129340.0,2,129370.0,1,129410.0,9,129420.0,1,129430.0,2,129440.0,2,129450.0,8,129390.0
ni2410,,13:40:46.500#,130020.0,130460.0,128520.0,144190.0,117980.0,13927,24599.0,129310.0,8,129320.0,8,129330.0,8,129340.0,2,129370.0,1,129410.0,9,129420.0,1,129430.0,2,129440.0,2,129450.0,8,129390.0
ni2410,,13:40:47.0#,130020.0,130460.0,128520.0,144190.0,117980.0,13927,24599.0,129300.0,34,129310.0,3,129320.0,8,129330.0,8,129370.0,1,129400.0,1,129410.0,12,129420.0,1,129430.0,2,129440.0,2,129390.0
ni2410,,13:40:47.500#,130020.0,130460.0,128520.0,144190.0,117980.0,13927,24599.0,129300.0,24,129310.0,10,129320.0,1,129330.0,13,129370.0,1,129400.0,1,129410.0,11,129420.0,1,129430.0,2,129440.0,12,129390.0
ni2410,,13:40:48.0#,130020.0,130460.0,128520.0,144190.0,117980.0,13927,24599.0,129320.0,6,129330.0,8,129340.0,1,129370.0,1,129380.0,2,129410.0,4,129420.0,1,129430.0,2,129440.0,5,129450.0,23,129390.0
ni2410,,13:40:48.500#,130020.0,130460.0,128520.0,144190.0,117980.0,13927,24599.0,129340.0,1,129360.0,1,129370.0,6,129380.0,8,129390.0,1,129410.0,1,129420.0,1,129430.0,2,129450.0,6,129460.0,22,129390.0
ni2410,,13:40:49.0#,130020.0,130460.0,128520.0,144190.0,117980.0,13927,24599.0,129340.0,1,129350.0,5,129360.0,1,129370.0,5,129380.0,4,129410.0,1,129420.0,1,129430.0,2,129450.0,3,129460.0,3,129390.0
ni2410,,13:40:49.500#,130020.0,130460.0,128520.0,144190.0,117980.0,13927,24599.0,129330.0,20,129340.0,6,129360.0,1,129370.0,5,129380.0,1,129410.0,1,129420.0,1,129430.0,2,129450.0,8,129460.0,5,129390.0
ni2410,,13:40:50.0#,130020.0,130460.0,128520.0,144190.0,117980.0,13927,24599.0,129330.0,15,129340.0,1,129360.0,1,129370.0,5,129380.0,3,129420.0,1,129430.0,1,129450.0,6,129460.0,7,129470.0,16,129390.0
ni2410,,13:40:50.500#,130020.0,130460.0,128520.0,144190.0,117980.0,13927,24599.0,129330.0,20,129340.0,1,129360.0,1,129370.0,2,129380.0,8,129420.0,1,129430.0,1,129450.0,3,129470.0,11,129480.0,27,129390.0
ni2410,,13:40:51.0#,130020.0,130460.0,128520.0,144190.0,117980.0,13927,24599.0,129330.0,15,129340.0,5,129360.0,1,129370.0,2,129380.0,8,129420.0,1,129430.0,1,129450.0,3,129460.0,3,129470.0,8,129390.0
ni2410,,13:40:51.500#,130020.0,130460.0,128520.0,144190.0,117980.0,13927,24599.0,129330.0,20,129340.0,5,129360.0,1,129370.0,2,129380.0,8,129420.0,1,129430.0,1,129450.0,3,129460.0,3,129470.0,8,129390.0
ni2410,,13:40:52.0#,130020.0,130460.0,128520.0,144190.0,117980.0,13927,24599.0,129340.0,5,129360.0,1,129370.0,2,129380.0,8,129390.0,1,129420.0,1,129430.0,1,129450.0,3,129460.0,3,129470.0,8,129390.0
ni2410,,13:40:52.500#,130020.0,130460.0,128520.0,144190.0,117980.0,13927,24599.0,129350.0,5,129360.0,1,129370.0,2,129380.0,6,129390.0,3,129420.0,1,129430.0,1,129450.0,3,129460.0,3,129470.0,6,129390.0
ni2410,,13:40:53.0#,130020.0,130460.0,128520.0,144190.0,117980.0,13927,24599.0,129340.0,20,129360.0,2,129370.0,2,129380.0,3,129390.0,8,129420.0,1,129450.0,3,129470.0,6,129480.0,18,129490.0,17,129390.0
ni2410,,13:40:53.500#,130020.0,130460.0,128520.0,144190.0,117980.0,13927,24599.0,129350.0,5,129360.0,2,129370.0,2,129380.0,2,129390.0,3,129420.0,1,129450.0,3,129460.0,3,129470.0,6,129480.0,2,129390.0
ni2410,,13:40:54.0#,130020.0,130460.0,128520.0,144190.0,117980.0,13927,24599.0,129340.0,20,129360.0,1,129370.0,2,129380.0,2,129390.0,2,129420.0,1,129450.0,3,129470.0,6,129480.0,3,129490.0,32,129390.0
ni2410,,13:40:54.500#,130020.0,130460.0,128520.0,144190.0,117980.0,13927,24599.0,129340.0,10,129360.0,1,129370.0,2,129380.0,2,129390.0,2,129450.0,3,129470.0,6,129480.0,3,129490.0,17,129500.0,17,129390.0
ni2410,,13:40:55.0#,130020.0,130460.0,128520.0,144190.0,117980.0,13927,24599.0,129370.0,2,129380.0,5,129390.0,11,129400.0,24,129410.0,9,129450.0,3,129470.0,1,129480.0,1,129490.0,10,129500.0,12,129390.0
ni2410,,13:40:55.500#,130020.0,130460.0,128520.0,144190.0,117980.0,13927,24599.0,129380.0,5,129390.0,8,129400.0,17,129410.0,9,129420.0,1,129450.0,1,129470.0,1,129480.0,1,129490.0,3,129500.0,14,129390.0
ni2410,,13:40:56.0#,130020.0,130460.0,128520.0,144190.0,117980.0,13927,24599.0,129380.0,10,129390.0,8,129400.0,16,129410.0,7,129420.0,1,129450.0,1,129470.0,1,129490.0,3,129500.0,7,129510.0,22,129390.0
ni2410,,13:40:56.500#,130020.0,130460.0,128520.0,144190.0,117980.0,13927,24599.0,129380.0,10,129390.0,8,129400.0,16,129410.0,7,129420.0,1,129450.0,1,129470.0,1,129490.0,3,129500.0,7,129510.0,7,129390.0
ni2410,,13:40:57.0#,130020.0,130460.0,128520.0,144190.0,117980.0,13927,24599.0,129380.0,7,129390.0,8,129400.0,13,129410.0,7,129420.0,1,129470.0,1,129480.0,1,129500.0,7,129510.0,7,129520.0,26,129390.0
ni2410,,13:40:57.500#,130020.0,130460.0,128520.0,144190.0,117980.0,13927,24599.0,129380.0,10,129390.0,8,129400.0,10,129410.0,7,129420.0,1,129460.0,7,129470.0,2,129480.0,1,129500.0,2,129510.0,15,129390.0
ni2410,,13:40:58.0#,130020.0,130460.0,128520.0,144190.0,117980.0,13927,24599.0,129380.0,10,129390.0,8,129400.0,10,129410.0,7,129420.0,1,129450.0,1,129460.0,7,129470.0,2,129480.0,1,129500.0,5,129390.0
ni2410,,13:40:58.500#,130020.0,130460.0,128520.0,144190.0,117980.0,13927,24599.0,129380.0,10,129390.0,8,129400.0,10,129410.0,7,129420.0,1,129460.0,5,129470.0,2,129480.0,1,129490.0,3,129500.0,7,129390.0
ni2410,,13:40:59.0#,130020.0,130460.0,128520.0,144190.0,117980.0,13927,24599.0,129380.0,10,129390.0,8,129400.0,10,129410.0,7,129420.0,1,129460.0,5,129470.0,2,129480.0,1,129500.0,5,129510.0,22,129390.0
ni2410,,13:40:59.500#,130020.0,130460.0,128520.0,144190.0,117980.0,13927,24599.0,129390.0,8,129400.0,8,129410.0,5,129420.0,5,129430.0,6,129470.0,1,129480.0,1,129500.0,5,129510.0,7,129520.0,31,129390.0
ni2410,,13:41:00.0#,130020.0,130460.0,128520.0,144190.0,117980.0,13927,24599.0,129400.0,8,129410.0,4,129420.0,2,129430.0,8,129440.0,1,129470.0,1,129480.0,1,129500.0,2,129510.0,3,129520.0,13,129390.0
ni2410,,13:41:00.500#,130020.0,130460.0,128520.0,144190.0,117980.0,13927,24599.0,129400.0,13,129410.0,3,129420.0,2,129430.0,6,129440.0,1,129460.0,1,129470.0,1,129480.0,1,129500.0,2,129510.0,3,129390.0
ni2410,,13:41:01.0#,130020.0,130460.0,128520.0,144190.0,117980.0,13927,24599.0,129400.0,13,129410.0,3,129420.0,2,129430.0,6,129440.0,1,129460.0,1,129470.0,1,129480.0,1,129500.0,2,129520.0,21,129390.0
ni2410,,13:41:01.500#,130020.0,130460.0,128520.0,144190.0,117980.0,13928,24598.0,129400.0,11,129410.0,3,129420.0,2,129430.0,6,129440.0,1,129460.0,1,129470.0,1,129480.0,1,129500.0,2,129520.0,11,129450.0
ni2410,,13:41:02.0#,130020.0,130460.0,128520.0,144190.0,117980.0,13928,24598.0,129390.0,25,129400.0,11,129410.0,3,129420.0,2,129430.0,7,129460.0,1,129470.0,1,129480.0,1,129500.0,2,129520.0,11,129450.0
ni2410,,13:41:02.500#,130020.0,130460.0,128520.0,144190.0,117980.0,13928,24598.0,129390.0,18,129400.0,8,129410.0,3,129420.0,2,129430.0,7,129460.0,1,129470.0,1,129480.0,1,129500.0,2,129510.0,8,129450.0
ni2410,,13:41:03.0#,130020.0,130460.0,128520.0,144190.0,117980.0,13932,24594.0,129380.0,19,129390.0,12,129400.0,8,129410.0,2,129420.0,1,129450.0,6,129460.0,2,129470.0,1,129480.0,1,129500.0,5,129430.0
ni2410,,13:41:03.500#,130020.0,130460.0,128520.0,144190.0,117980.0,13932,24594.0,129370.0,17,129380.0,9,129390.0,7,129400.0,8,129410.0,1,129420.0,1,129450.0,10,129460.0,1,129470.0,1,129480.0,1,129430.0
ni2410,,13:41:04.0#,130020.0,130460.0,128520.0,144190.0,117980.0,13933,24595.0,129370.0,2,129380.0,4,129390.0,4,129400.0,2,129420.0,1,129450.0,6,129460.0,1,129470.0,4,129480.0,8,129490.0,20,129420.0
ni2410,,13:41:04.500#,130020.0,130460.0,128520.0,144190.0,117980.0,13934,24596.0,129360.0,23,129370.0,5,129380.0,4,129390.0,4,129400.0,2,129420.0,2,129440.0,4,129450.0,6,129460.0,1,129470.0,1,129420.0
ni2410,,13:41:05.0#,130020.0,130460.0,128520.0,144190.0,117980.0,13936,24596.0,129360.0,6,129370.0,2,129380.0,4,129390.0,5,129400.0,8,129440.0,1,129450.0,6,129460.0,1,129470.0,1,129480.0,21,129420.0
ni2410,,13:41:05.500#,130020.0,130460.0,128520.0,144190.0,117980.0,13936,24596.0,129360.0,6,129370.0,2,129380.0,4,129390.0,4,129400.0,3,129450.0,6,129460.0,1,129470.0,1,129480.0,4,129490.0,28,129420.0
ni2410,,13:41:06.0#,130020.0,130460.0,128520.0,144190.0,117980.0,13936,24596.0,129360.0,1,129370.0,2,129380.0,4,129390.0,4,129400.0,3,129440.0,2,129450.0,6,129460.0,1,129470.0,1,129480.0,2,129420.0
ni2410,,13:41:06.500#,130020.0,130460.0,128520.0,144190.0,117980.0,13936,24596.0,129360.0,1,129370.0,2,129380.0,4,129390.0,4,129400.0,3,129440.0,2,129450.0,6,129460.0,1,129470.0,1,129480.0,2,129420.0
ni2410,,13:41:07.0#,130020.0,130460.0,128520.0,144190.0,117980.0,13936,24596.0,129360.0,1,129370.0,2,129380.0,4,129390.0,4,129400.0,3,129440.0,2,129450.0,6,129460.0,1,129470.0,1,129480.0,2,129420.0
ni2410,,13:41:07.500#,130020.0,130460.0,128520.0,144190.0,117980.0,13937,24595.0,129360.0,1,129370.0,2,129380.0,4,129390.0,4,129400.0,3,129440.0,1,129450.0,6,129460.0,1,129470.0,1,129480.0,2,129440.0
ni2410,,13:41:08.0#,130020.0,130460.0,128520.0,144190.0,117980.0,13937,24595.0,129360.0,1,129370.0,2,129380.0,4,129390.0,4,129400.0,3,129450.0,6,129460.0,1,129470.0,1,129480.0,2,129490.0,26,129440.0
ni2410,,13:41:08.500#,130020.0,130460.0,128520.0,144190.0,117980.0,13937,24595.0,129360.0,1,129370.0,2,129380.0,4,129390.0,4,129400.0,3,129450.0,6,129460.0,1,129470.0,1,129480.0,2,129490.0,11,129440.0
ni2410,,13:41:09.500#,130020.0,130460.0,128520.0,144190.0,117980.0,13937,24595.0,129370.0,3,129380.0,4,129390.0,5,129400.0,9,129410.0,2,129450.0,1,129460.0,1,129470.0,1,129480.0,1,129490.0,15,129440.0
ni2410,,13:41:10.0#,130020.0,130460.0,128520.0,144190.0,117980.0,13937,24595.0,129380.0,4,129390.0,5,129400.0,7,129410.0,13,129420.0,1,129460.0,1,129470.0,1,129480.0,1,129490.0,3,129500.0,24,129440.0
ni2410,,13:41:11.500#,130020.0,130460.0,128520.0,144190.0,117980.0,13937,24595.0,129380.0,9,129390.0,5,129400.0,3,129410.0,8,129420.0,1,129460.0,1,129470.0,1,129480.0,1,129500.0,5,129510.0,17,129440.0
ni2410,,13:41:12.0#,130020.0,130460.0,128520.0,144190.0,117980.0,13937,24595.0,129380.0,9,129390.0,5,129400.0,3,129410.0,8,129420.0,1,129460.0,1,129470.0,1,129480.0,1,129500.0,5,129510.0,17,129440.0
ni2410,,13:41:12.500#,130020.0,130460.0,128520.0,144190.0,117980.0,13937,24595.0,129380.0,9,129390.0,5,129400.0,3,129410.0,8,129420.0,1,129460.0,1,129470.0,1,129480.0,1,129500.0,5,129510.0,17,129440.0
ni2410,,13:41:13.0#,130020.0,130460.0,128520.0,144190.0,117980.0,13937,24595.0,129380.0,9,129390.0,5,129400.0,3,129410.0,8,129420.0,1,129450.0,1,129460.0,1,129470.0,1,129480.0,1,129500.0,5,129440.0
ni2410,,13:41:13.500#,130020.0,130460.0,128520.0,144190.0,117980.0,13937,24595.0,129380.0,9,129390.0,5,129400.0,3,129410.0,8,129420.0,1,129450.0,1,129460.0,1,129470.0,1,129480.0,1,129490.0,3,129440.0
ni2410,,13:41:14.0#,130020.0,130460.0,128520.0,144190.0,117980.0,13937,24595.0,129380.0,9,129390.0,5,129400.0,3,129410.0,8,129420.0,1,129460.0,1,129470.0,1,129480.0,1,129490.0,3,129500.0,22,129440.0
ni2410,,13:41:15.0#,130020.0,130460.0,128520.0,144190.0,117980.0,13937,24595.0,129380.0,9,129390.0,5,129400.0,3,129410.0,8,129420.0,1,129460.0,1,129470.0,1,129480.0,1,129500.0,5,129510.0,17,129440.0
ni2410,,13:41:15.500#,130020.0,130460.0,128520.0,144190.0,117980.0,13937,24595.0,129380.0,9,129390.0,5,129400.0,3,129410.0,8,129420.0,1,129460.0,1,129470.0,1,129480.0,1,129500.0,5,129510.0,17,129440.0
ni2410,,13:41:16.0#,130020.0,130460.0,128520.0,144190.0,117980.0,13937,24595.0,129380.0,9,129390.0,5,129400.0,3,129410.0,8,129420.0,1,129450.0,2,129460.0,1,129470.0,1,129480.0,1,129500.0,5,129440.0
ni2410,,13:41:16.500#,130020.0,130460.0,128520.0,144190.0,117980.0,13937,24595.0,129380.0,9,129390.0,5,129400.0,3,129410.0,8,129420.0,1,129460.0,1,129470.0,1,129480.0,1,129490.0,3,129500.0,7,129440.0
ni2410,,13:41:17.0#,130020.0,130460.0,128520.0,144190.0,117980.0,13937,24595.0,129380.0,9,129390.0,5,129400.0,3,129410.0,8,129420.0,1,129460.0,1,129470.0,1,129480.0,1,129500.0,5,129510.0,33,129440.0
ni2410,,13:41:18.0#,130020.0,130460.0,128520.0,144190.0,117980.0,13937,24595.0,129380.0,9,129390.0,5,129400.0,3,129410.0,8,129420.0,1,129450.0,2,129460.0,1,129470.0,1,129490.0,3,129500.0,8,129440.0
ni2410,,13:41:18.500#,130020.0,130460.0,128520.0,144190.0,117980.0,13937,24595.0,129380.0,9,129390.0,5,129400.0,3,129410.0,8,129420.0,1,129450.0,2,129460.0,1,129470.0,1,129490.0,3,129500.0,8,129440.0
ni2410,,13:41:19.0#,130020.0,130460.0,128520.0,144190.0,117980.0,13937,24595.0,129380.0,9,129390.0,5,129400.0,3,129410.0,8,129420.0,1,129450.0,2,129460.0,1,129470.0,1,129490.0,3,129500.0,8,129440.0
ni2410,,13:41:19.500#,130020.0,130460.0,128520.0,144190.0,117980.0,13937,24595.0,129380.0,9,129390.0,5,129400.0,3,129410.0,8,129420.0,1,129460.0,1,129470.0,1,129490.0,3,129500.0,8,129510.0,28,129440.0
ni2410,,13:41:20.0#,130020.0,130460.0,128520.0,144190.0,117980.0,13937,24595.0,129380.0,9,129390.0,5,129400.0,3,129410.0,8,129420.0,1,129460.0,1,129470.0,1,129500.0,6,129510.0,18,129520.0,19,129440.0
ni2410,,13:41:20.500#,130020.0,130460.0,128520.0,144190.0,117980.0,13937,24595.0,129380.0,9,129390.0,5,129400.0,3,129410.0,8,129420.0,1,129460.0,1,129470.0,1,129500.0,6,129510.0,17,129520.0,5,129440.0
ni2410,,13:41:21.0#,130020.0,130460.0,128520.0,144190.0,117980.0,13937,24595.0,129380.0,9,129390.0,5,129400.0,3,129410.0,8,129420.0,1,129460.0,1,129470.0,1,129500.0,6,129510.0,17,129520.0,5,129440.0
ni2410,,13:41:21.500#,130020.0,130460.0,128520.0,144190.0,117980.0,13937,24595.0,129380.0,9,129390.0,5,129400.0,3,129410.0,8,129420.0,1,129470.0,1,129500.0,6,129510.0,17,129520.0,5,129530.0,16,129440.0
ni2410,,13:41:22.0#,130020.0,130460.0,128520.0,144190.0,117980.0,13937,24595.0,129380.0,14,129390.0,5,129400.0,3,129410.0,8,129420.0,1,129460.0,6,129470.0,1,129500.0,3,129510.0,20,129530.0,6,129440.0
ni2410,,13:41:22.500#,130020.0,130460.0,128520.0,144190.0,117980.0,13937,24595.0,129380.0,9,129390.0,5,129400.0,3,129410.0,8,129420.0,1,129460.0,6,129470.0,1,129500.0,6,129510.0,17,129520.0,5,129440.0
ni2410,,13:41:23.0#,130020.0,130460.0,128520.0,144190.0,117980.0,13937,24595.0,129370.0,23,129380.0,9,129390.0,5,129400.0,2,129410.0,5,129450.0,1,129460.0,7,129470.0,1,129490.0,1,129500.0,11,129440.0
ni2410,,13:41:23.500#,130020.0,130460.0,128520.0,144190.0,117980.0,13937,24595.0,129370.0,7,129380.0,4,129390.0,5,129400.0,2,129410.0,2,129450.0,1,129460.0,6,129470.0,1,129490.0,4,129500.0,15,129440.0
ni2410,,13:41:24.0#,130020.0,130460.0,128520.0,144190.0,117980.0,13937,24595.0,129370.0,2,129380.0,4,129390.0,5,129400.0,2,129410.0,1,129450.0,1,129460.0,6,129470.0,1,129500.0,18,129510.0,21,129440.0
ni2410,,13:41:24.500#,130020.0,130460.0,128520.0,144190.0,117980.0,13937,24595.0,129370.0,2,129380.0,4,129390.0,5,129400.0,2,129410.0,1,129450.0,1,129460.0,6,129470.0,1,129480.0,1,129500.0,18,129440.0
ni2410,,13:41:25.0#,130020.0,130460.0,128520.0,144190.0,117980.0,13937,24595.0,129370.0,2,129380.0,4,129390.0,5,129400.0,2,129410.0,1,129460.0,6,129470.0,1,129480.0,1,129500.0,18,129510.0,21,129440.0
ni2410,,13:41:26.0#,130020.0,130460.0,128520.0,144190.0,117980.0,13937,24595.0,129370.0,2,129380.0,4,129390.0,5,129400.0,2,129410.0,1,129450.0,2,129460.0,6,129470.0,1,129480.0,2,129500.0,18,129440.0
ni2410,,13:41:26.500#,130020.0,130460.0,128520.0,144190.0,117980.0,13937,24595.0,129370.0,2,129380.0,4,129390.0,5,129400.0,2,129410.0,1,129450.0,2,129460.0,6,129470.0,1,129480.0,2,129500.0,18,129440.0
ni2410,,13:41:27.0#,130020.0,130460.0,128520.0,144190.0,117980.0,13937,24595.0,129370.0,2,129380.0,4,129390.0,5,129400.0,2,129410.0,1,129450.0,2,129460.0,6,129470.0,1,129480.0,2,129500.0,18,129440.0
ni2410,,13:41:27.500#,130020.0,130460.0,128520.0,144190.0,117980.0,13937,24595.0,129370.0,2,129380.0,4,129390.0,5,129400.0,2,129410.0,1,129440.0,2,129450.0,2,129460.0,5,129470.0,1,129480.0,2,129440.0
ni2410,,13:41:28.0#,130020.0,130460.0,128520.0,144190.0,117980.0,13937,24595.0,129360.0,16,129370.0,2,129380.0,4,129390.0,4,129400.0,3,129440.0,2,129450.0,1,129460.0,5,129470.0,1,129480.0,2,129440.0
ni2410,,13:41:28.500#,130020.0,130460.0,128520.0,144190.0,117980.0,13937,24595.0,129360.0,6,129370.0,2,129380.0,4,129390.0,4,129400.0,3,129440.0,2,129450.0,1,129460.0,5,129470.0,1,129480.0,2,129440.0
ni2410,,13:41:29.0#,130020.0,130460.0,128520.0,144190.0,117980.0,13937,24595.0,129360.0,1,129370.0,2,129380.0,4,129390.0,4,129400.0,3,129440.0,2,129450.0,1,129460.0,5,129470.0,1,129480.0,2,129440.0
ni2410,,13:41:30.0#,130020.0,130460.0,128520.0,144190.0,117980.0,13937,24595.0,129360.0,1,129370.0,2,129380.0,4,129390.0,4,129400.0,3,129440.0,2,129450.0,1,129460.0,5,129470.0,1,129480.0,2,129440.0
ni2410,,13:41:30.500#,130020.0,130460.0,128520.0,144190.0,117980.0,13937,24595.0,129360.0,1,129370.0,2,129380.0,4,129390.0,4,129400.0,3,129440.0,2,129450.0,1,129460.0,5,129470.0,1,129480.0,2,129440.0
ni2410,,13:41:31.0#,130020.0,130460.0,128520.0,144190.0,117980.0,13937,24595.0,129360.0,1,129370.0,2,129380.0,4,129390.0,4,129400.0,3,129440.0,2,129450.0,1,129460.0,5,129470.0,1,129480.0,2,129440.0
ni2410,,13:41:31.500#,130020.0,130460.0,128520.0,144190.0,117980.0,13937,24595.0,129360.0,1,129370.0,2,129380.0,4,129390.0,4,129400.0,3,129440.0,1,129450.0,1,129460.0,5,129470.0,1,129480.0,2,129440.0
ni2410,,13:41:32.0#,130020.0,130460.0,128520.0,144190.0,117980.0,13937,24595.0,129360.0,1,129370.0,2,129380.0,4,129390.0,4,129400.0,3,129440.0,1,129450.0,1,129460.0,5,129470.0,1,129480.0,2,129440.0
ni2410,,13:41:32.500#,130020.0,130460.0,128520.0,144190.0,117980.0,13937,24595.0,129360.0,1,129370.0,2,129380.0,4,129390.0,4,129400.0,3,129440.0,1,129450.0,1,129460.0,3,129470.0,1,129480.0,2,129440.0
ni2410,,13:41:33.0#,130020.0,130460.0,128520.0,144190.0,117980.0,13937,24595.0,129360.0,1,129370.0,2,129380.0,4,129390.0,4,129400.0,3,129440.0,1,129450.0,1,129460.0,3,129470.0,1,129480.0,2,129440.0
ni2410,,13:41:33.500#,130020.0,130460.0,128520.0,144190.0,117980.0,13937,24595.0,129360.0,1,129370.0,2,129380.0,4,129390.0,4,129400.0,3,129440.0,1,129450.0,1,129460.0,3,129470.0,1,129480.0,2,129440.0
ni2410,,13:41:34.0#,130020.0,130460.0,128520.0,144190.0,117980.0,13937,24595.0,129360.0,1,129370.0,2,129380.0,4,129390.0,4,129400.0,3,129440.0,1,129450.0,1,129460.0,3,129470.0,1,129480.0,2,129440.0
ni2410,,13:41:34.500#,130020.0,130460.0,128520.0,144190.0,117980.0,13937,24595.0,129360.0,1,129370.0,2,129380.0,4,129390.0,4,129400.0,3,129440.0,1,129450.0,1,129460.0,3,129470.0,1,129480.0,2,129440.0
ni2410,,13:41:35.0#,130020.0,130460.0,128520.0,144190.0,117980.0,13937,24595.0,129360.0,1,129370.0,2,129380.0,4,129390.0,4,129400.0,3,129440.0,1,129450.0,1,129460.0,3,129470.0,1,129480.0,2,129440.0
ni2410,,13:41:35.500#,130020.0,130460.0,128520.0,144190.0,117980.0,13937,24595.0,129360.0,1,129370.0,2,129380.0,4,129390.0,4,129400.0,3,129440.0,1,129450.0,1,129460.0,3,129470.0,1,129480.0,2,129440.0
ni2410,,13:41:36.0#,130020.0,130460.0,128520.0,144190.0,117980.0,13939,24597.0,129360.0,1,129370.0,2,129380.0,4,129390.0,4,129400.0,1,129440.0,1,129450.0,1,129460.0,3,129470.0,1,129480.0,2,129400.0
ni2410,,13:41:36.500#,130020.0,130460.0,128520.0,144190.0,117980.0,13939,24597.0,129350.0,24,129360.0,1,129370.0,2,129380.0,1,129390.0,5,129420.0,1,129430.0,4,129440.0,2,129460.0,3,129470.0,1,129400.0
ni2410,,13:41:37.0#,130020.0,130460.0,128520.0,144190.0,117980.0,13939,24597.0,129350.0,6,129360.0,1,129370.0,2,129380.0,1,129390.0,5,129420.0,1,129430.0,1,129440.0,2,129460.0,2,129470.0,6,129400.0
ni2410,,13:41:37.500#,130020.0,130460.0,128520.0,144190.0,117980.0,13939,24597.0,129350.0,1,129360.0,1,129370.0,2,129380.0,1,129390.0,5,129420.0,1,129440.0,2,129460.0,2,129470.0,6,129480.0,24,129400.0
ni2410,,13:41:38.0#,130020.0,130460.0,128520.0,144190.0,117980.0,13939,24597.0,129350.0,1,129360.0,1,129370.0,2,129380.0,1,129390.0,5,129420.0,1,129430.0,1,129440.0,2,129460.0,2,129470.0,6,129400.0
ni2410,,13:41:38.500#,130020.0,130460.0,128520.0,144190.0,117980.0,13939,24597.0,129340.0,20,129350.0,1,129360.0,1,129370.0,1,129390.0,1,129410.0,1,129420.0,2,129430.0,1,129440.0,1,129450.0,1,129400.0
ni2410,,13:41:39.0#,130020.0,130460.0,128520.0,144190.0,117980.0,13940,24596.0,129320.0,11,129330.0,25,129340.0,5,129350.0,1,129370.0,1,129400.0,3,129410.0,2,129420.0,1,129430.0,1,129440.0,1,129390.0
ni2410,,13:41:39.500#,130020.0,130460.0,128520.0,144190.0,117980.0,13940,24596.0,129320.0,11,129330.0,10,129350.0,1,129370.0,2,129380.0,1,129410.0,1,129420.0,1,129430.0,1,129440.0,1,129450.0,21,129390.0
ni2410,,13:41:40.0#,130020.0,130460.0,128520.0,144190.0,117980.0,13940,24596.0,129300.0,10,129310.0,25,129320.0,7,129330.0,10,129370.0,1,129400.0,6,129410.0,1,129420.0,1,129430.0,1,129440.0,1,129390.0
ni2410,,13:41:40.500#,130020.0,130460.0,128520.0,144190.0,117980.0,13940,24596.0,129300.0,20,129310.0,11,129320.0,1,129330.0,10,129370.0,1,129400.0,5,129410.0,1,129420.0,1,129430.0,1,129440.0,1,129390.0
ni2410,,13:41:41.0#,130020.0,130460.0,128520.0,144190.0,117980.0,13940,24596.0,129310.0,6,129320.0,1,129330.0,15,129370.0,2,129380.0,1,129400.0,4,129410.0,1,129420.0,1,129430.0,1,129440.0,1,129390.0
ni2410,,13:41:41.500#,130020.0,130460.0,128520.0,144190.0,117980.0,13941,24596.0,129310.0,2,129320.0,16,129330.0,10,129370.0,1,129380.0,2,129420.0,1,129430.0,1,129440.0,1,129450.0,11,129460.0,14,129400.0
ni2410,,13:41:42.0#,130020.0,130460.0,128520.0,144190.0,117980.0,13941,24596.0,129310.0,1,129320.0,16,129330.0,15,129370.0,1,129380.0,2,129420.0,1,129430.0,1,129440.0,1,129460.0,6,129470.0,26,129400.0
ni2410,,13:41:42.500#,130020.0,130460.0,128520.0,144190.0,117980.0,13941,24596.0,129310.0,1,129320.0,16,129330.0,15,129370.0,1,129380.0,2,129430.0,2,129440.0,1,129460.0,1,129470.0,16,129480.0,22,129400.0
ni2410,,13:41:43.0#,130020.0,130460.0,128520.0,144190.0,117980.0,13941,24596.0,129320.0,10,129330.0,21,129350.0,1,129370.0,1,129380.0,1,129420.0,4,129430.0,2,129440.0,1,129460.0,1,129470.0,11,129400.0
ni2410,,13:41:43.500#,130020.0,130460.0,128520.0,144190.0,117980.0,13941,24596.0,129320.0,16,129330.0,15,129350.0,1,129370.0,1,129380.0,1,129420.0,2,129430.0,2,129440.0,1,129460.0,1,129470.0,16,129400.0
ni2410,,13:41:45.0#,130020.0,130460.0,128520.0,144190.0,117980.0,13941,24596.0,129320.0,16,129330.0,15,129350.0,1,129370.0,1,129380.0,1,129420.0,3,129430.0,1,129440.0,1,129460.0,1,129470.0,16,129400.0
ni2410,,13:41:45.500#,130020.0,130460.0,128520.0,144190.0,117980.0,13941,24596.0,129320.0,16,129330.0,15,129350.0,1,129370.0,1,129380.0,1,129420.0,2,129430.0,1,129440.0,1,129460.0,1,129470.0,16,129400.0
ni2410,,13:41:46.0#,130020.0,130460.0,128520.0,144190.0,117980.0,13941,24596.0,129330.0,20,129350.0,1,129370.0,2,129380.0,6,129390.0,1,129430.0,1,129440.0,1,129460.0,1,129470.0,11,129480.0,31,129400.0
ni2410,,13:41:46.500#,130020.0,130460.0,128520.0,144190.0,117980.0,13941,24596.0,129340.0,8,129350.0,1,129370.0,2,129380.0,5,129390.0,5,129440.0,1,129460.0,1,129470.0,6,129480.0,16,129490.0,17,129400.0
ni2410,,13:41:47.0#,130020.0,130460.0,128520.0,144190.0,117980.0,13941,24596.0,129370.0,2,129380.0,2,129390.0,7,129400.0,6,129410.0,1,129440.0,1,129460.0,1,129470.0,1,129480.0,11,129490.0,1,129400.0
ni2410,,13:41:47.500#,130020.0,130460.0,128520.0,144190.0,117980.0,13941,24596.0,129360.0,10,129370.0,2,129380.0,1,129390.0,5,129400.0,3,129430.0,1,129440.0,1,129460.0,1,129470.0,1,129480.0,6,129400.0
ni2410,,13:41:48.0#,130020.0,130460.0,128520.0,144190.0,117980.0,13944,24596.0,129350.0,11,129360.0,5,129370.0,2,129380.0,1,129390.0,2,129410.0,1,129430.0,5,129440.0,1,129460.0,1,129470.0,1,129390.0
ni2410,,13:41:48.500#,130020.0,130460.0,128520.0,144190.0,117980.0,13946,24596.0,129320.0,6,129330.0,20,129340.0,15,129350.0,5,129370.0,1,129410.0,1,129430.0,5,129440.0,1,129460.0,1,129470.0,6,129390.0
ni2410,,13:41:49.0#,130020.0,130460.0,128520.0,144190.0,117980.0,13946,24596.0,129300.0,5,129310.0,26,129320.0,11,129330.0,10,129370.0,2,129400.0,2,129410.0,2,129430.0,4,129440.0,1,129460.0,14,129390.0
ni2410,,13:41:49.500#,130020.0,130460.0,128520.0,144190.0,117980.0,13946,24596.0,129300.0,14,129310.0,17,129320.0,1,129330.0,10,129370.0,2,129400.0,1,129410.0,1,129430.0,3,129440.0,1,129450.0,5,129390.0
ni2410,,13:41:50.0#,130020.0,130460.0,128520.0,144190.0,117980.0,13946,24596.0,129300.0,9,129310.0,17,129320.0,1,129330.0,10,129370.0,2,129410.0,1,129430.0,3,129440.0,1,129450.0,5,129460.0,24,129390.0
ni2410,,13:41:50.500#,130020.0,130460.0,128520.0,144190.0,117980.0,13946,24596.0,129300.0,5,129310.0,16,129320.0,6,129330.0,10,129370.0,2,129410.0,1,129430.0,3,129440.0,1,129460.0,16,129470.0,22,129390.0
ni2410,,13:41:51.0#,130020.0,130460.0,128520.0,144190.0,117980.0,13946,24596.0,129300.0,5,129310.0,16,129320.0,6,129330.0,10,129370.0,2,129410.0,1,129430.0,3,129440.0,1,129460.0,16,129470.0,7,129390.0
ni2410,,13:41:51.500#,130020.0,130460.0,128520.0,144190.0,117980.0,13946,24596.0,129300.0,5,129310.0,16,129320.0,6,129330.0,10,129370.0,2,129400.0,2,129410.0,3,129430.0,3,129440.0,1,129460.0,16,129390.0
ni2410,,13:41:52.0#,130020.0,130460.0,128520.0,144190.0,117980.0,13946,24596.0,129300.0,9,129310.0,12,129320.0,1,129330.0,10,129370.0,1,129400.0,3,129410.0,2,129430.0,3,129440.0,1,129450.0,10,129390.0
ni2410,,13:41:52.500#,130020.0,130460.0,128520.0,144190.0,117980.0,13947,24596.0,129290.0,28,129300.0,10,129310.0,6,129320.0,3,129330.0,7,129390.0,5,129400.0,3,129410.0,2,129430.0,4,129440.0,6,129370.0
ni2410,,13:41:53.500#,130020.0,130460.0,128520.0,144190.0,117980.0,13947,24596.0,129310.0,1,129320.0,1,129330.0,5,129340.0,8,129350.0,1,129380.0,1,129390.0,2,129400.0,1,129410.0,2,129430.0,12,129370.0
ni2410,,13:41:54.0#,130020.0,130460.0,128520.0,144190.0,117980.0,13947,24596.0,129310.0,6,129320.0,1,129330.0,4,129340.0,7,129350.0,2,129380.0,1,129390.0,2,129400.0,1,129410.0,2,129420.0,3,129370.0
ni2410,,13:41:54.500#,130020.0,130460.0,128520.0,144190.0,117980.0,13947,24596.0,129310.0,1,129320.0,1,129330.0,3,129340.0,7,129350.0,2,129380.0,1,129390.0,1,129400.0,1,129410.0,2,129430.0,22,129370.0
ni2410,,13:41:55.0#,130020.0,130460.0,128520.0,144190.0,117980.0,13947,24596.0,129310.0,1,129320.0,1,129330.0,3,129340.0,6,129350.0,2,129400.0,1,129410.0,2,129430.0,12,129440.0,21,129450.0,10,129370.0
ni2410,,13:41:55.500#,130020.0,130460.0,128520.0,144190.0,117980.0,13947,24596.0,129310.0,4,129320.0,2,129330.0,3,129350.0,2,129360.0,1,129400.0,2,129410.0,2,129430.0,2,129440.0,11,129450.0,15,129370.0
ni2410,,13:41:56.0#,130020.0,130460.0,128520.0,144190.0,117980.0,13947,24596.0,129310.0,6,129320.0,2,129330.0,3,129350.0,1,129360.0,2,129400.0,2,129410.0,2,129430.0,2,129440.0,6,129450.0,20,129370.0
ni2410,,13:41:56.500#,130020.0,130460.0,128520.0,144190.0,117980.0,13947,24596.0,129310.0,9,129320.0,2,129330.0,3,129350.0,1,129360.0,2,129400.0,2,129410.0,2,129430.0,2,129440.0,1,129450.0,20,129370.0
ni2410,,13:41:57.0#,130020.0,130460.0,128520.0,144190.0,117980.0,13947,24596.0,129310.0,11,129320.0,2,129330.0,3,129350.0,1,129360.0,2,129400.0,2,129410.0,2,129430.0,2,129440.0,1,129450.0,25,129370.0
ni2410,,13:41:57.500#,130020.0,130460.0,128520.0,144190.0,117980.0,13947,24596.0,129310.0,11,129320.0,2,129330.0,3,129350.0,1,129360.0,2,129400.0,2,129410.0,2,129430.0,2,129440.0,1,129450.0,20,129370.0
ni2410,,13:41:58.0#,130020.0,130460.0,128520.0,144190.0,117980.0,13947,24596.0,129300.0,28,129310.0,11,129320.0,2,129330.0,3,129350.0,1,129390.0,5,129400.0,2,129410.0,2,129430.0,2,129440.0,1,129370.0
ni2410,,13:41:58.500#,130020.0,130460.0,128520.0,144190.0,117980.0,13947,24596.0,129300.0,8,129310.0,6,129320.0,1,129330.0,3,129350.0,1,129380.0,1,129390.0,6,129400.0,1,129410.0,2,129430.0,2,129370.0
ni2410,,13:41:59.0#,130020.0,130460.0,128520.0,144190.0,117980.0,13947,24596.0,129300.0,8,129310.0,1,129320.0,1,129330.0,3,129350.0,1,129380.0,1,129390.0,5,129400.0,1,129410.0,2,129430.0,7,129370.0
ni2410,,13:41:59.500#,130020.0,130460.0,128520.0,144190.0,117980.0,13947,24596.0,129300.0,8,129310.0,1,129320.0,1,129330.0,3,129350.0,1,129380.0,1,129390.0,5,129400.0,1,129410.0,2,129430.0,12,129370.0
ni2410,,13:42:00.0#,130020.0,130460.0,128520.0,144190.0,117980.0,13947,24596.0,129300.0,8,129310.0,1,129320.0,1,129330.0,3,129340.0,1,129380.0,2,129390.0,3,129400.0,1,129410.0,2,129430.0,17,129370.0
ni2410,,13:42:00.500#,130020.0,130460.0,128520.0,144190.0,117980.0,13947,24596.0,129310.0,1,129320.0,1,129330.0,3,129340.0,1,129350.0,1,129380.0,1,129390.0,3,129400.0,1,129410.0,2,129430.0,17,129370.0
ni2410,,13:42:01.0#,130020.0,130460.0,128520.0,144190.0,117980.0,13947,24596.0,129310.0,1,129320.0,1,129330.0,3,129340.0,1,129350.0,1,129390.0,3,129400.0,1,129410.0,2,129430.0,17,129440.0,21,129370.0
ni2410,,13:42:01.500#,130020.0,130460.0,128520.0,144190.0,117980.0,13947,24596.0,129310.0,1,129320.0,1,129330.0,3,129340.0,1,129350.0,1,129380.0,1,129390.0,4,129400.0,1,129410.0,2,129430.0,12,129370.0
ni2410,,13:42:02.0#,130020.0,130460.0,128520.0,144190.0,117980.0,13947,24596.0,129310.0,1,129320.0,1,129330.0,3,129340.0,1,129350.0,1,129380.0,1,129390.0,4,129400.0,1,129410.0,2,129430.0,17,129370.0
ni2410,,13:42:02.500#,130020.0,130460.0,128520.0,144190.0,117980.0,13947,24596.0,129300.0,18,129310.0,1,129320.0,1,129330.0,3,129340.0,1,129380.0,1,129390.0,4,129400.0,1,129410.0,2,129430.0,12,129370.0
ni2410,,13:42:03.0#,130020.0,130460.0,128520.0,144190.0,117980.0,13948,24596.0,129310.0,1,129320.0,1,129330.0,3,129340.0,1,129380.0,1,129390.0,4,129400.0,1,129410.0,2,129430.0,12,129440.0,22,129370.0
ni2410,,13:42:03.500#,130020.0,130460.0,128520.0,144190.0,117980.0,13949,24596.0,129300.0,25,129310.0,4,129320.0,6,129330.0,3,129340.0,1,129380.0,4,129390.0,4,129400.0,1,129410.0,2,129430.0,7,129380.0
ni2410,,13:42:04.0#,130020.0,130460.0,128520.0,144190.0,117980.0,13949,24596.0,129300.0,8,129310.0,1,129320.0,1,129330.0,3,129340.0,1,129380.0,1,129390.0,4,129400.0,1,129410.0,2,129430.0,10,129380.0
ni2410,,13:42:04.500#,130020.0,130460.0,128520.0,144190.0,117980.0,13949,24596.0,129310.0,1,129320.0,1,129330.0,4,129340.0,4,129350.0,2,129380.0,1,129390.0,2,129400.0,1,129410.0,2,129430.0,12,129380.0
ni2410,,13:42:05.0#,130020.0,130460.0,128520.0,144190.0,117980.0,13949,24596.0,129310.0,1,129320.0,1,129330.0,3,129350.0,1,129360.0,1,129380.0,2,129390.0,2,129400.0,1,129410.0,2,129430.0,12,129380.0
ni2410,,13:42:05.500#,130020.0,130460.0,128520.0,144190.0,117980.0,13951,24597.0,129290.0,10,129300.0,28,129310.0,1,129320.0,1,129330.0,3,129340.0,23,129380.0,1,129390.0,2,129400.0,1,129410.0,2,129350.0
ni2410,,13:42:06.0#,130020.0,130460.0,128520.0,144190.0,117980.0,13974,24617.0,129310.0,1,129320.0,1,129330.0,11,129340.0,16,129350.0,1,129380.0,4,129390.0,2,129400.0,8,129410.0,2,129420.0,20,129340.0
ni2410,,13:42:06.500#,130020.0,130460.0,128520.0,144190.0,117980.0,13975,24618.0,129310.0,4,129320.0,1,129330.0,4,129340.0,7,129350.0,1,129370.0,1,129380.0,2,129390.0,2,129400.0,1,129410.0,1,129370.0
ni2410,,13:42:07.0#,130020.0,130460.0,128520.0,144190.0,117980.0,13975,24618.0,129310.0,6,129320.0,1,129330.0,4,129340.0,7,129350.0,1,129370.0,1,129380.0,2,129390.0,2,129400.0,1,129410.0,1,129370.0
ni2410,,13:42:07.500#,130020.0,130460.0,128520.0,144190.0,117980.0,13977,24618.0,129310.0,1,129320.0,1,129330.0,4,129340.0,8,129350.0,2,129380.0,1,129390.0,2,129400.0,1,129410.0,1,129420.0,6,129350.0
ni2410,,13:42:08.0#,130020.0,130460.0,128520.0,144190.0,117980.0,13977,24618.0,129300.0,14,129310.0,11,129320.0,1,129330.0,4,129340.0,6,129370.0,1,129380.0,2,129390.0,2,129400.0,1,129410.0,1,129350.0
ni2410,,13:42:08.500#,130020.0,130460.0,128520.0,144190.0,117980.0,13977,24618.0,129300.0,14,129310.0,1,129320.0,1,129330.0,4,129340.0,10,129380.0,1,129390.0,2,129400.0,1,129410.0,1,129420.0,19,129350.0
ni2410,,13:42:09.0#,130020.0,130460.0,128520.0,144190.0,117980.0,13977,24618.0,129300.0,14,129310.0,1,129320.0,1,129330.0,3,129340.0,7,129370.0,1,129380.0,1,129390.0,2,129400.0,1,129410.0,1,129350.0
ni2410,,13:42:09.500#,130020.0,130460.0,128520.0,144190.0,117980.0,13977,24618.0,129300.0,9,129310.0,1,129320.0,1,129330.0,3,129340.0,7,129380.0,1,129390.0,2,129400.0,1,129410.0,1,129420.0,21,129350.0
ni2410,,13:42:10.0#,130020.0,130460.0,128520.0,144190.0,117980.0,13979,24619.0,129300.0,9,129310.0,1,129320.0,1,129330.0,3,129340.0,6,129380.0,2,129390.0,2,129400.0,1,129410.0,1,129420.0,4,129340.0
ni2410,,13:42:10.500#,130020.0,130460.0,128520.0,144190.0,117980.0,13979,24619.0,129300.0,9,129310.0,1,129320.0,1,129330.0,3,129340.0,6,129380.0,2,129390.0,2,129400.0,1,129410.0,1,129420.0,1,129340.0
ni2410,,13:42:12.0#,130020.0,130460.0,128520.0,144190.0,117980.0,13979,24619.0,129300.0,9,129310.0,1,129320.0,1,129330.0,2,129340.0,9,129370.0,1,129380.0,2,129390.0,2,129400.0,1,129410.0,1,129340.0
ni2410,,13:42:12.500#,130020.0,130460.0,128520.0,144190.0,117980.0,13979,24619.0,129300.0,9,129310.0,1,129320.0,1,129330.0,1,129340.0,4,129370.0,3,129380.0,2,129390.0,2,129400.0,1,129410.0,4,129340.0
ni2410,,13:42:13.500#,130020.0,130460.0,128520.0,144190.0,117980.0,13979,24619.0,129300.0,9,129310.0,1,129320.0,1,129330.0,1,129340.0,5,129380.0,1,129390.0,2,129400.0,1,129410.0,1,129420.0,21,129340.0
ni2410,,13:42:14.0#,130020.0,130460.0,128520.0,144190.0,117980.0,13979,24619.0,129290.0,21,129300.0,9,129310.0,1,129330.0,1,129340.0,5,129370.0,1,129380.0,2,129390.0,2,129400.0,1,129410.0,1,129340.0
ni2410,,13:42:14.500#,130020.0,130460.0,128520.0,144190.0,117980.0,13979,24619.0,129300.0,9,129310.0,1,129330.0,2,129340.0,8,129350.0,1,129380.0,2,129390.0,2,129400.0,1,129410.0,1,129420.0,21,129340.0
ni2410,,13:42:15.500#,130020.0,130460.0,128520.0,144190.0,117980.0,13979,24619.0,129300.0,4,129310.0,1,129330.0,1,129340.0,5,129350.0,1,129390.0,2,129400.0,1,129410.0,1,129420.0,1,129430.0,22,129340.0
ni2410,,13:42:16.0#,130020.0,130460.0,128520.0,144190.0,117980.0,13979,24619.0,129300.0,9,129310.0,1,129330.0,1,129340.0,4,129350.0,1,129380.0,3,129390.0,2,129400.0,1,129410.0,1,129420.0,2,129340.0
ni2410,,13:42:16.500#,130020.0,130460.0,128520.0,144190.0,117980.0,13979,24619.0,129300.0,14,129310.0,1,129330.0,1,129340.0,4,129350.0,1,129380.0,3,129390.0,2,129400.0,1,129410.0,1,129420.0,2,129340.0
ni2410,,13:42:17.0#,130020.0,130460.0,128520.0,144190.0,117980.0,13979,24619.0,129300.0,14,129310.0,1,129330.0,1,129340.0,4,129350.0,1,129380.0,3,129390.0,2,129400.0,1,129410.0,1,129420.0,2,129340.0
ni2410,,13:42:17.500#,130020.0,130460.0,128520.0,144190.0,117980.0,13979,24619.0,129300.0,14,129310.0,1,129330.0,1,129340.0,4,129350.0,2,129380.0,3,129390.0,2,129400.0,1,129410.0,1,129420.0,2,129340.0
ni2410,,13:42:18.0#,130020.0,130460.0,128520.0,144190.0,117980.0,13979,24619.0,129300.0,14,129310.0,1,129330.0,1,129340.0,4,129350.0,2,129380.0,3,129390.0,2,129400.0,1,129410.0,1,129420.0,2,129340.0
ni2410,,13:42:19.0#,130020.0,130460.0,128520.0,144190.0,117980.0,13979,24619.0,129300.0,19,129310.0,1,129330.0,1,129340.0,5,129350.0,7,129380.0,1,129390.0,2,129400.0,1,129410.0,1,129420.0,2,129340.0
ni2410,,13:42:19.500#,130020.0,130460.0,128520.0,144190.0,117980.0,13979,24619.0,129300.0,19,129310.0,1,129330.0,1,129340.0,5,129350.0,5,129380.0,1,129390.0,2,129400.0,1,129410.0,1,129420.0,2,129340.0
ni2410,,13:42:22.0#,130020.0,130460.0,128520.0,144190.0,117980.0,13981,24619.0,129310.0,6,129330.0,1,129340.0,5,129350.0,8,129360.0,5,129410.0,1,129420.0,1,129430.0,2,129440.0,22,129450.0,7,129390.0
ni2410,,13:42:23.0#,130020.0,130460.0,128520.0,144190.0,117980.0,13981,24619.0,129340.0,7,129350.0,11,129360.0,7,129370.0,4,129390.0,1,129420.0,1,129430.0,2,129440.0,1,129460.0,12,129470.0,21,129390.0
ni2410,,13:42:23.500#,130020.0,130460.0,128520.0,144190.0,117980.0,13982,24619.0,129340.0,6,129350.0,9,129360.0,7,129370.0,1,129390.0,1,129440.0,1,129460.0,4,129470.0,8,129480.0,28,129490.0,6,129420.0
ni2410,,13:42:24.0#,130020.0,130460.0,128520.0,144190.0,117980.0,13982,24619.0,129330.0,24,129340.0,10,129350.0,11,129360.0,2,129370.0,1,129420.0,1,129430.0,10,129440.0,1,129460.0,1,129470.0,2,129420.0
ni2410,,13:42:24.500#,130020.0,130460.0,128520.0,144190.0,117980.0,13982,24619.0,129330.0,10,129340.0,5,129350.0,6,129360.0,2,129370.0,1,129410.0,2,129420.0,1,129430.0,4,129440.0,1,129460.0,11,129420.0
ni2410,,13:42:25.0#,130020.0,130460.0,128520.0,144190.0,117980.0,13982,24619.0,129330.0,5,129340.0,5,129350.0,6,129360.0,2,129370.0,1,129410.0,2,129420.0,1,129430.0,4,129440.0,1,129460.0,11,129420.0
ni2410,,13:42:25.500#,130020.0,130460.0,128520.0,144190.0,117980.0,13982,24619.0,129340.0,5,129350.0,5,129360.0,1,129370.0,2,129380.0,1,129410.0,1,129420.0,1,129430.0,4,129440.0,1,129460.0,11,129420.0
ni2410,,13:42:26.0#,130020.0,130460.0,128520.0,144190.0,117980.0,13982,24619.0,129340.0,5,129350.0,5,129360.0,1,129370.0,2,129380.0,1,129420.0,1,129430.0,4,129440.0,1,129460.0,11,129470.0,26,129420.0
ni2410,,13:42:26.500#,130020.0,130460.0,128520.0,144190.0,117980.0,13982,24619.0,129330.0,23,129340.0,5,129350.0,5,129360.0,1,129370.0,2,129410.0,1,129420.0,2,129430.0,4,129440.0,1,129460.0,6,129420.0
ni2410,,13:42:27.0#,130020.0,130460.0,128520.0,144190.0,117980.0,13982,24619.0,129330.0,5,129340.0,5,129350.0,5,129360.0,1,129370.0,2,129410.0,1,129420.0,2,129430.0,4,129440.0,1,129460.0,6,129420.0
ni2410,,13:42:30.500#,130020.0,130460.0,128520.0,144190.0,117980.0,13982,24619.0,129340.0,5,129350.0,5,129360.0,1,129370.0,1,129380.0,3,129410.0,1,129420.0,1,129430.0,4,129440.0,1,129460.0,6,129420.0
ni2410,,13:42:31.0#,130020.0,130460.0,128520.0,144190.0,117980.0,13982,24619.0,129340.0,5,129350.0,5,129360.0,1,129370.0,1,129380.0,4,129420.0,1,129430.0,4,129440.0,1,129460.0,6,129470.0,19,129420.0
ni2410,,13:42:31.500#,130020.0,130460.0,128520.0,144190.0,117980.0,13982,24619.0,129340.0,5,129350.0,5,129360.0,1,129370.0,1,129380.0,4,129430.0,2,129440.0,1,129460.0,1,129470.0,11,129480.0,27,129420.0
ni2410,,13:42:32.0#,130020.0,130460.0,128520.0,144190.0,117980.0,13982,24619.0,129340.0,4,129350.0,5,129360.0,1,129370.0,2,129380.0,7,129440.0,1,129460.0,4,129470.0,11,129480.0,6,129490.0,26,129420.0
ni2410,,13:42:32.500#,130020.0,130460.0,128520.0,144190.0,117980.0,13982,24619.0,129350.0,6,129360.0,1,129370.0,2,129380.0,6,129390.0,2,129440.0,2,129460.0,4,129470.0,1,129480.0,11,129490.0,12,129420.0
ni2410,,13:42:33.0#,130020.0,130460.0,128520.0,144190.0,117980.0,13982,24619.0,129350.0,5,129370.0,2,129380.0,6,129390.0,9,129400.0,1,129430.0,3,129440.0,2,129460.0,4,129470.0,1,129480.0,11,129420.0
ni2410,,13:42:33.500#,130020.0,130460.0,128520.0,144190.0,117980.0,13982,24619.0,129350.0,5,129360.0,5,129370.0,2,129380.0,3,129390.0,6,129430.0,2,129440.0,1,129460.0,4,129470.0,4,129480.0,6,129420.0
ni2410,,13:42:34.0#,130020.0,130460.0,128520.0,144190.0,117980.0,13982,24619.0,129340.0,32,129350.0,5,129370.0,2,129380.0,3,129390.0,6,129430.0,2,129440.0,1,129460.0,4,129470.0,1,129480.0,6,129420.0
ni2410,,13:42:34.500#,130020.0,130460.0,128520.0,144190.0,117980.0,13982,24619.0,129350.0,5,129360.0,1,129370.0,2,129380.0,3,129390.0,3,129430.0,2,129440.0,1,129460.0,4,129470.0,1,129480.0,11,129420.0
ni2410,,13:42:35.0#,130020.0,130460.0,128520.0,144190.0,117980.0,13982,24619.0,129350.0,5,129360.0,1,129370.0,2,129380.0,3,129390.0,3,129430.0,2,129440.0,1,129460.0,4,129470.0,1,129480.0,16,129420.0
ni2410,,13:42:35.500#,130020.0,130460.0,128520.0,144190.0,117980.0,13982,24619.0,129350.0,5,129360.0,1,129370.0,2,129380.0,3,129390.0,3,129430.0,2,129440.0,1,129460.0,4,129470.0,1,129480.0,16,129420.0
ni2410,,13:42:36.0#,130020.0,130460.0,128520.0,144190.0,117980.0,13982,24619.0,129350.0,5,129360.0,1,129370.0,2,129380.0,3,129390.0,3,129430.0,2,129440.0,1,129460.0,4,129470.0,1,129480.0,16,129420.0
ni2410,,13:42:36.500#,130020.0,130460.0,128520.0,144190.0,117980.0,13982,24619.0,129350.0,5,129360.0,1,129370.0,2,129380.0,3,129390.0,3,129430.0,1,129440.0,1,129460.0,4,129470.0,1,129480.0,11,129420.0
ni2410,,13:42:37.0#,130020.0,130460.0,128520.0,144190.0,117980.0,13982,24619.0,129330.0,12,129340.0,27,129350.0,5,129370.0,1,129380.0,3,129420.0,4,129430.0,1,129440.0,1,129460.0,4,129470.0,6,129420.0
ni2410,,13:42:37.500#,130020.0,130460.0,128520.0,144190.0,117980.0,13982,24619.0,129330.0,10,129340.0,9,129350.0,5,129370.0,1,129380.0,2,129410.0,1,129420.0,9,129440.0,1,129450.0,1,129460.0,4,129420.0
ni2410,,13:42:38.0#,130020.0,130460.0,128520.0,144190.0,117980.0,13982,24619.0,129310.0,10,129320.0,28,129340.0,7,129350.0,5,129380.0,2,129410.0,3,129420.0,5,129440.0,1,129450.0,5,129460.0,9,129420.0
ni2410,,13:42:38.500#,130020.0,130460.0,128520.0,144190.0,117980.0,13984,24619.0,129300.0,13,129310.0,16,129320.0,15,129340.0,4,129350.0,5,129410.0,1,129420.0,5,129440.0,2,129460.0,14,129470.0,27,129380.0
ni2410,,13:42:39.0#,130020.0,130460.0,128520.0,144190.0,117980.0,13984,24619.0,129310.0,16,129320.0,6,129340.0,5,129350.0,13,129360.0,14,129410.0,2,129420.0,4,129440.0,2,129450.0,10,129460.0,5,129380.0
ni2410,,13:42:39.500#,130020.0,130460.0,128520.0,144190.0,117980.0,13984,24619.0,129310.0,22,129320.0,6,129340.0,5,129350.0,12,129360.0,14,129410.0,2,129420.0,4,129440.0,2,129450.0,10,129460.0,9,129380.0
ni2410,,13:42:40.0#,130020.0,130460.0,128520.0,144190.0,117980.0,13984,24619.0,129310.0,22,129320.0,6,129340.0,5,129350.0,12,129360.0,14,129410.0,2,129420.0,4,129440.0,2,129450.0,10,129460.0,9,129380.0
ni2410,,13:42:40.500#,130020.0,130460.0,128520.0,144190.0,117980.0,13984,24619.0,129310.0,22,129320.0,6,129340.0,5,129350.0,12,129360.0,14,129410.0,2,129420.0,4,129440.0,2,129450.0,10,129460.0,9,129380.0
ni2410,,13:42:41.0#,130020.0,130460.0,128520.0,144190.0,117980.0,13984,24619.0,129310.0,22,129320.0,6,129340.0,5,129350.0,12,129360.0,14,129410.0,2,129420.0,4,129440.0,2,129450.0,10,129460.0,9,129380.0
ni2410,,13:42:41.500#,130020.0,130460.0,128520.0,144190.0,117980.0,13984,24619.0,129310.0,22,129320.0,6,129340.0,5,129350.0,12,129360.0,11,129400.0,2,129410.0,2,129420.0,4,129440.0,2,129450.0,10,129380.0
ni2410,,13:42:42.0#,130020.0,130460.0,128520.0,144190.0,117980.0,13984,24619.0,129310.0,21,129320.0,6,129340.0,4,129350.0,4,129360.0,5,129400.0,3,129410.0,1,129420.0,4,129440.0,5,129450.0,7,129380.0
ni2410,,13:42:42.500#,130020.0,130460.0,128520.0,144190.0,117980.0,13984,24619.0,129310.0,16,129320.0,1,129340.0,4,129350.0,4,129360.0,2,129390.0,2,129400.0,3,129410.0,1,129420.0,4,129440.0,2,129380.0
ni2410,,13:42:43.0#,130020.0,130460.0,128520.0,144190.0,117980.0,13984,24619.0,129290.0,10,129300.0,29,129310.0,6,129340.0,4,129350.0,4,129390.0,2,129400.0,3,129410.0,1,129420.0,4,129440.0,6,129380.0
ni2410,,13:42:43.500#,130020.0,130460.0,128520.0,144190.0,117980.0,13984,24619.0,129290.0,21,129300.0,13,129310.0,1,129340.0,4,129350.0,4,129380.0,3,129390.0,3,129400.0,2,129410.0,1,129420.0,5,129380.0
ni2410,,13:42:44.0#,130020.0,130460.0,128520.0,144190.0,117980.0,13984,24619.0,129290.0,7,129300.0,8,129310.0,1,129340.0,4,129350.0,1,129370.0,2,129380.0,4,129400.0,2,129410.0,1,129420.0,4,129380.0
ni2410,,13:42:44.500#,130020.0,130460.0,128520.0,144190.0,117980.0,13985,24619.0,129280.0,31,129290.0,7,129300.0,8,129310.0,1,129340.0,3,129350.0,1,129360.0,1,129370.0,2,129380.0,4,129400.0,2,129350.0
ni2410,,13:42:45.0#,130020.0,130460.0,128520.0,144190.0,117980.0,13985,24619.0,129270.0,23,129280.0,17,129290.0,1,129300.0,8,129310.0,1,129350.0,1,129360.0,1,129370.0,1,129380.0,4,129400.0,2,129350.0
ni2410,,13:42:45.500#,130020.0,130460.0,128520.0,144190.0,117980.0,13985,24619.0,129280.0,8,129290.0,1,129300.0,4,129310.0,6,129320.0,7,129350.0,1,129360.0,1,129370.0,1,129380.0,4,129390.0,3,129350.0
ni2410,,13:42:46.0#,130020.0,130460.0,128520.0,144190.0,117980.0,13985,24619.0,129270.0,22,129280.0,13,129290.0,1,129300.0,4,129320.0,1,129350.0,1,129360.0,1,129370.0,1,129380.0,4,129400.0,27,129350.0
ni2410,,13:42:46.500#,130020.0,130460.0,128520.0,144190.0,117980.0,13985,24619.0,129270.0,14,129280.0,6,129290.0,1,129300.0,4,129320.0,1,129350.0,1,129360.0,1,129370.0,1,129380.0,4,129400.0,12,129350.0
ni2410,,13:42:47.0#,130020.0,130460.0,128520.0,144190.0,117980.0,13985,24619.0,129270.0,12,129280.0,2,129290.0,1,129300.0,4,129310.0,1,129340.0,1,129350.0,3,129360.0,1,129370.0,1,129380.0,3,129350.0
ni2410,,13:42:47.500#,130020.0,130460.0,128520.0,144190.0,117980.0,13985,24619.0,129250.0,19,129260.0,22,129270.0,11,129280.0,2,129300.0,4,129330.0,1,129340.0,5,129350.0,2,129360.0,1,129380.0,3,129350.0
ni2410,,13:42:48.0#,130020.0,130460.0,128520.0,144190.0,117980.0,13985,24619.0,129270.0,4,129280.0,2,129290.0,2,129300.0,20,129310.0,6,129330.0,1,129340.0,1,129350.0,2,129360.0,1,129380.0,11,129350.0
ni2410,,13:42:48.500#,130020.0,130460.0,128520.0,144190.0,117980.0,13986,24619.0,129270.0,9,129280.0,2,129290.0,2,129300.0,13,129310.0,6,129340.0,1,129350.0,2,129360.0,1,129380.0,6,129390.0,20,129330.0
ni2410,,13:42:49.0#,130020.0,130460.0,128520.0,144190.0,117980.0,13986,24619.0,129270.0,9,129280.0,2,129290.0,2,129300.0,6,129310.0,7,129350.0,2,129360.0,1,129380.0,6,129390.0,5,129400.0,24,129330.0
ni2410,,13:42:49.500#,130020.0,130460.0,128520.0,144190.0,117980.0,13986,24619.0,129250.0,17,129260.0,26,129270.0,9,129280.0,2,129300.0,3,129340.0,5,129350.0,3,129360.0,1,129380.0,3,129400.0,22,129330.0
ni2410,,13:42:50.0#,130020.0,130460.0,128520.0,144190.0,117980.0,13986,24619.0,129270.0,4,129280.0,2,129290.0,1,129300.0,6,129310.0,1,129340.0,5,129350.0,3,129360.0,1,129380.0,6,129390.0,7,129330.0
ni2410,,13:42:50.500#,130020.0,130460.0,128520.0,144190.0,117980.0,13986,24619.0,129270.0,4,129280.0,2,129290.0,1,129300.0,5,129310.0,1,129340.0,4,129350.0,3,129360.0,1,129380.0,3,129390.0,5,129330.0
ni2410,,13:42:51.0#,130020.0,130460.0,128520.0,144190.0,117980.0,13986,24619.0,129270.0,4,129280.0,2,129290.0,1,129300.0,5,129310.0,1,129340.0,4,129350.0,3,129360.0,1,129380.0,3,129390.0,5,129330.0
ni2410,,13:42:51.500#,130020.0,130460.0,128520.0,144190.0,117980.0,13986,24619.0,129260.0,21,129270.0,4,129280.0,3,129290.0,1,129300.0,6,129310.0,1,129340.0,4,129350.0,3,129360.0,1,129380.0,3,129330.0
ni2410,,13:42:52.0#,130020.0,130460.0,128520.0,144190.0,117980.0,13987,24619.0,129260.0,16,129270.0,4,129280.0,3,129300.0,4,129310.0,3,129340.0,4,129350.0,3,129360.0,2,129370.0,5,129380.0,11,129310.0
ni2410,,13:42:52.500#,130020.0,130460.0,128520.0,144190.0,117980.0,13987,24619.0,129270.0,4,129280.0,3,129290.0,1,129300.0,6,129310.0,2,129330.0,1,129340.0,4,129350.0,3,129360.0,2,129380.0,6,129310.0
ni2410,,13:42:53.0#,130020.0,130460.0,128520.0,144190.0,117980.0,13987,24619.0,129260.0,21,129270.0,4,129280.0,3,129300.0,4,129310.0,1,129330.0,1,129340.0,4,129350.0,3,129360.0,2,129380.0,3,129310.0
ni2410,,13:42:53.500#,130020.0,130460.0,128520.0,144190.0,117980.0,13987,24619.0,129260.0,11,129270.0,4,129280.0,3,129300.0,4,129310.0,1,129330.0,1,129340.0,4,129350.0,3,129360.0,2,129380.0,3,129310.0
ni2410,,13:42:54.0#,130020.0,130460.0,128520.0,144190.0,117980.0,13987,24619.0,129260.0,11,129270.0,4,129280.0,3,129300.0,4,129310.0,1,129330.0,1,129340.0,4,129350.0,3,129360.0,2,129380.0,3,129310.0
ni2410,,13:42:54.500#,130020.0,130460.0,128520.0,144190.0,117980.0,13987,24619.0,129250.0,25,129260.0,11,129270.0,4,129280.0,3,129300.0,4,129330.0,1,129340.0,4,129350.0,3,129360.0,2,129380.0,3,129310.0
ni2410,,13:42:55.0#,130020.0,130460.0,128520.0,144190.0,117980.0,13987,24619.0,129250.0,5,129260.0,11,129270.0,4,129280.0,3,129300.0,4,129340.0,4,129350.0,3,129360.0,2,129380.0,8,129390.0,23,129310.0
ni2410,,13:42:55.500#,130020.0,130460.0,128520.0,144190.0,117980.0,13988,24620.0,129250.0,10,129260.0,11,129270.0,4,129280.0,3,129300.0,4,129340.0,3,129350.0,3,129360.0,2,129380.0,6,129390.0,12,129340.0
