InstrumentId,ExchangeId,Datetime,OpenPrice,HighestPrice,LowestPrice,UpperLimitPrice,LowerLimitPrice,Volume,OpenInterest,BidPrice5,BidVolume5,BidPrice4,BidVolume4,BidPrice3,BidVolume3,BidPrice2,BidVolume2,BidPrice1,BidVolume1,AskPrice1,AskVolume1,AskPrice2,AskVolume2,AskPrice3,AskVolume3,AskPrice4,AskVolume4,AskPrice5,AskVolume5,LastPrice
nr2409,,13:38:35.500#,12240.0,12380.0,12155.0,12915.0,11450.0,58113,57534.0,12250.0,38,12255.0,54,12260.0,138,12265.0,73,12270.0,12,12275.0,78,12280.0,115,12285.0,85,12290.0,37,12295.0,44,12270.0
nr2409,,13:38:36.0#,12240.0,12380.0,12155.0,12915.0,11450.0,58113,57534.0,12250.0,38,12255.0,54,12260.0,138,12265.0,73,12270.0,13,12275.0,64,12280.0,115,12285.0,85,12290.0,37,12295.0,44,12270.0
nr2409,,13:38:36.500#,12240.0,12380.0,12155.0,12915.0,11450.0,58113,57534.0,12250.0,38,12255.0,54,12260.0,138,12265.0,73,12270.0,13,12275.0,68,12280.0,115,12285.0,85,12290.0,37,12295.0,44,12270.0
nr2409,,13:38:37.0#,12240.0,12380.0,12155.0,12915.0,11450.0,58113,57534.0,12250.0,38,12255.0,54,12260.0,138,12265.0,73,12270.0,13,12275.0,68,12280.0,115,12285.0,85,12290.0,38,12295.0,44,12270.0
nr2409,,13:38:37.500#,12240.0,12380.0,12155.0,12915.0,11450.0,58116,57531.0,12250.0,38,12255.0,54,12260.0,138,12265.0,73,12270.0,17,12275.0,65,12280.0,115,12285.0,85,12290.0,38,12295.0,44,12275.0
nr2409,,13:38:38.500#,12240.0,12380.0,12155.0,12915.0,11450.0,58116,57531.0,12250.0,38,12255.0,54,12260.0,138,12265.0,73,12270.0,17,12275.0,65,12280.0,115,12285.0,85,12290.0,38,12295.0,44,12275.0
nr2409,,13:38:39.0#,12240.0,12380.0,12155.0,12915.0,11450.0,58117,57531.0,12250.0,38,12255.0,54,12260.0,138,12265.0,73,12270.0,16,12275.0,65,12280.0,115,12285.0,85,12290.0,38,12295.0,44,12270.0
nr2409,,13:38:39.500#,12240.0,12380.0,12155.0,12915.0,11450.0,58117,57531.0,12250.0,38,12255.0,54,12260.0,138,12265.0,73,12270.0,16,12275.0,65,12280.0,115,12285.0,85,12290.0,38,12295.0,44,12270.0
nr2409,,13:38:40.500#,12240.0,12380.0,12155.0,12915.0,11450.0,58118,57530.0,12250.0,38,12255.0,54,12260.0,138,12265.0,73,12270.0,13,12275.0,65,12280.0,115,12285.0,85,12290.0,38,12295.0,44,12270.0
nr2409,,13:38:41.0#,12240.0,12380.0,12155.0,12915.0,11450.0,58118,57530.0,12250.0,38,12255.0,54,12260.0,138,12265.0,73,12270.0,13,12275.0,69,12280.0,115,12285.0,85,12290.0,38,12295.0,44,12270.0
nr2409,,13:38:41.500#,12240.0,12380.0,12155.0,12915.0,11450.0,58118,57530.0,12250.0,38,12255.0,54,12260.0,138,12265.0,73,12270.0,13,12275.0,70,12280.0,115,12285.0,85,12290.0,38,12295.0,44,12270.0
nr2409,,13:38:42.500#,12240.0,12380.0,12155.0,12915.0,11450.0,58118,57530.0,12250.0,38,12255.0,54,12260.0,138,12265.0,73,12270.0,9,12275.0,70,12280.0,115,12285.0,85,12290.0,38,12295.0,44,12270.0
nr2409,,13:38:43.0#,12240.0,12380.0,12155.0,12915.0,11450.0,58118,57530.0,12250.0,38,12255.0,54,12260.0,138,12265.0,73,12270.0,9,12275.0,70,12280.0,115,12285.0,85,12290.0,38,12295.0,44,12270.0
nr2409,,13:38:43.500#,12240.0,12380.0,12155.0,12915.0,11450.0,58118,57530.0,12250.0,38,12255.0,54,12260.0,138,12265.0,73,12270.0,9,12275.0,72,12280.0,115,12285.0,85,12290.0,38,12295.0,44,12270.0
nr2409,,13:38:44.0#,12240.0,12380.0,12155.0,12915.0,11450.0,58118,57530.0,12250.0,38,12255.0,54,12260.0,138,12265.0,73,12270.0,9,12275.0,72,12280.0,115,12285.0,85,12290.0,38,12295.0,44,12270.0
nr2409,,13:38:44.500#,12240.0,12380.0,12155.0,12915.0,11450.0,58118,57530.0,12250.0,38,12255.0,54,12260.0,138,12265.0,73,12270.0,9,12275.0,72,12280.0,115,12285.0,85,12290.0,38,12295.0,44,12270.0
nr2409,,13:38:45.0#,12240.0,12380.0,12155.0,12915.0,11450.0,58118,57530.0,12250.0,38,12255.0,54,12260.0,138,12265.0,73,12270.0,10,12275.0,72,12280.0,115,12285.0,85,12290.0,38,12295.0,44,12270.0
nr2409,,13:38:45.500#,12240.0,12380.0,12155.0,12915.0,11450.0,58118,57530.0,12250.0,38,12255.0,46,12260.0,146,12265.0,73,12270.0,10,12275.0,72,12280.0,115,12285.0,77,12290.0,46,12295.0,44,12270.0
nr2409,,13:38:46.500#,12240.0,12380.0,12155.0,12915.0,11450.0,58118,57530.0,12250.0,38,12255.0,46,12260.0,146,12265.0,73,12270.0,12,12275.0,72,12280.0,115,12285.0,77,12290.0,46,12295.0,44,12270.0
nr2409,,13:38:47.0#,12240.0,12380.0,12155.0,12915.0,11450.0,58120,57528.0,12250.0,38,12255.0,46,12260.0,146,12265.0,73,12270.0,10,12275.0,72,12280.0,115,12285.0,77,12290.0,46,12295.0,44,12270.0
nr2409,,13:38:47.500#,12240.0,12380.0,12155.0,12915.0,11450.0,58120,57528.0,12250.0,38,12255.0,46,12260.0,146,12265.0,73,12270.0,16,12275.0,72,12280.0,115,12285.0,77,12290.0,46,12295.0,44,12270.0
nr2409,,13:38:48.0#,12240.0,12380.0,12155.0,12915.0,11450.0,58120,57528.0,12250.0,38,12255.0,46,12260.0,146,12265.0,73,12270.0,16,12275.0,77,12280.0,115,12285.0,77,12290.0,46,12295.0,44,12270.0
nr2409,,13:38:48.500#,12240.0,12380.0,12155.0,12915.0,11450.0,58121,57528.0,12250.0,38,12255.0,46,12260.0,146,12265.0,73,12270.0,15,12275.0,77,12280.0,115,12285.0,77,12290.0,46,12295.0,44,12270.0
nr2409,,13:38:49.0#,12240.0,12380.0,12155.0,12915.0,11450.0,58121,57528.0,12250.0,38,12255.0,46,12260.0,146,12265.0,73,12270.0,16,12275.0,77,12280.0,115,12285.0,77,12290.0,46,12295.0,44,12270.0
nr2409,,13:38:49.500#,12240.0,12380.0,12155.0,12915.0,11450.0,58122,57528.0,12250.0,38,12255.0,46,12260.0,146,12265.0,73,12270.0,12,12275.0,77,12280.0,115,12285.0,77,12290.0,46,12295.0,44,12270.0
nr2409,,13:38:50.0#,12240.0,12380.0,12155.0,12915.0,11450.0,58122,57528.0,12250.0,38,12255.0,46,12260.0,146,12265.0,73,12270.0,11,12275.0,76,12280.0,115,12285.0,77,12290.0,46,12295.0,44,12270.0
nr2409,,13:38:50.500#,12240.0,12380.0,12155.0,12915.0,11450.0,58125,57530.0,12250.0,38,12255.0,46,12260.0,146,12265.0,73,12270.0,8,12275.0,76,12280.0,115,12285.0,77,12290.0,46,12295.0,44,12270.0
nr2409,,13:38:51.0#,12240.0,12380.0,12155.0,12915.0,11450.0,58125,57530.0,12250.0,38,12255.0,46,12260.0,146,12265.0,73,12270.0,13,12275.0,76,12280.0,115,12285.0,77,12290.0,46,12295.0,44,12270.0
nr2409,,13:38:51.500#,12240.0,12380.0,12155.0,12915.0,11450.0,58125,57530.0,12250.0,38,12255.0,46,12260.0,146,12265.0,73,12270.0,13,12275.0,76,12280.0,115,12285.0,77,12290.0,46,12295.0,44,12270.0
nr2409,,13:38:52.0#,12240.0,12380.0,12155.0,12915.0,11450.0,58125,57530.0,12250.0,38,12255.0,46,12260.0,146,12265.0,73,12270.0,13,12275.0,77,12280.0,115,12285.0,77,12290.0,46,12295.0,44,12270.0
nr2409,,13:38:52.500#,12240.0,12380.0,12155.0,12915.0,11450.0,58125,57530.0,12250.0,38,12255.0,46,12260.0,146,12265.0,73,12270.0,13,12275.0,77,12280.0,115,12285.0,77,12290.0,46,12295.0,44,12270.0
nr2409,,13:38:53.500#,12240.0,12380.0,12155.0,12915.0,11450.0,58125,57530.0,12250.0,38,12255.0,46,12260.0,146,12265.0,73,12270.0,13,12275.0,77,12280.0,115,12285.0,77,12290.0,46,12295.0,44,12270.0
nr2409,,13:38:54.0#,12240.0,12380.0,12155.0,12915.0,11450.0,58125,57530.0,12250.0,38,12255.0,46,12260.0,146,12265.0,73,12270.0,13,12275.0,84,12280.0,115,12285.0,77,12290.0,44,12295.0,44,12270.0
nr2409,,13:38:54.500#,12240.0,12380.0,12155.0,12915.0,11450.0,58125,57530.0,12250.0,38,12255.0,46,12260.0,137,12265.0,73,12270.0,13,12275.0,84,12280.0,115,12285.0,68,12290.0,44,12295.0,44,12270.0
nr2409,,13:38:55.0#,12240.0,12380.0,12155.0,12915.0,11450.0,58125,57530.0,12250.0,38,12255.0,46,12260.0,146,12265.0,73,12270.0,13,12275.0,84,12280.0,115,12285.0,77,12290.0,44,12295.0,44,12270.0
nr2409,,13:38:55.500#,12240.0,12380.0,12155.0,12915.0,11450.0,58128,57528.0,12250.0,38,12255.0,46,12260.0,146,12265.0,73,12270.0,13,12275.0,82,12280.0,115,12285.0,77,12290.0,44,12295.0,44,12275.0
nr2409,,13:38:56.0#,12240.0,12380.0,12155.0,12915.0,11450.0,58128,57528.0,12250.0,38,12255.0,46,12260.0,146,12265.0,73,12270.0,13,12275.0,82,12280.0,115,12285.0,75,12290.0,42,12295.0,44,12275.0
nr2409,,13:38:57.0#,12240.0,12380.0,12155.0,12915.0,11450.0,58128,57528.0,12250.0,38,12255.0,46,12260.0,146,12265.0,73,12270.0,13,12275.0,82,12280.0,115,12285.0,75,12290.0,42,12295.0,44,12275.0
nr2409,,13:38:57.500#,12240.0,12380.0,12155.0,12915.0,11450.0,58129,57528.0,12250.0,38,12255.0,46,12260.0,146,12265.0,73,12270.0,12,12275.0,85,12280.0,115,12285.0,75,12290.0,42,12295.0,44,12270.0
nr2409,,13:38:58.0#,12240.0,12380.0,12155.0,12915.0,11450.0,58129,57528.0,12250.0,38,12255.0,46,12260.0,146,12265.0,73,12270.0,12,12275.0,85,12280.0,115,12285.0,75,12290.0,42,12295.0,44,12270.0
nr2409,,13:38:58.500#,12240.0,12380.0,12155.0,12915.0,11450.0,58135,57526.0,12250.0,38,12255.0,46,12260.0,146,12265.0,73,12270.0,7,12275.0,85,12280.0,115,12285.0,75,12290.0,42,12295.0,44,12270.0
nr2409,,13:38:59.0#,12240.0,12380.0,12155.0,12915.0,11450.0,58135,57526.0,12250.0,38,12255.0,46,12260.0,146,12265.0,73,12270.0,11,12275.0,85,12280.0,115,12285.0,75,12290.0,42,12295.0,44,12270.0
nr2409,,13:38:59.500#,12240.0,12380.0,12155.0,12915.0,11450.0,58135,57526.0,12250.0,38,12255.0,46,12260.0,146,12265.0,73,12270.0,7,12275.0,86,12280.0,115,12285.0,75,12290.0,42,12295.0,44,12270.0
nr2409,,13:39:00.0#,12240.0,12380.0,12155.0,12915.0,11450.0,58136,57526.0,12250.0,38,12255.0,46,12260.0,146,12265.0,73,12270.0,6,12275.0,86,12280.0,114,12285.0,75,12290.0,42,12295.0,44,12270.0
nr2409,,13:39:00.500#,12240.0,12380.0,12155.0,12915.0,11450.0,58136,57526.0,12250.0,38,12255.0,46,12260.0,146,12265.0,73,12270.0,6,12275.0,88,12280.0,113,12285.0,75,12290.0,42,12295.0,44,12270.0
nr2409,,13:39:01.0#,12240.0,12380.0,12155.0,12915.0,11450.0,58136,57526.0,12250.0,38,12255.0,46,12260.0,146,12265.0,73,12270.0,6,12275.0,90,12280.0,112,12285.0,75,12290.0,42,12295.0,44,12270.0
nr2409,,13:39:01.500#,12240.0,12380.0,12155.0,12915.0,11450.0,58154,57527.0,12245.0,40,12250.0,38,12255.0,46,12260.0,146,12265.0,63,12270.0,5,12275.0,94,12280.0,112,12285.0,75,12290.0,42,12265.0
nr2409,,13:39:02.0#,12240.0,12380.0,12155.0,12915.0,11450.0,58165,57521.0,12245.0,37,12250.0,63,12255.0,76,12260.0,113,12265.0,56,12270.0,26,12275.0,89,12280.0,134,12285.0,61,12290.0,34,12270.0
nr2409,,13:39:02.500#,12240.0,12380.0,12155.0,12915.0,11450.0,58166,57521.0,12245.0,29,12250.0,63,12255.0,68,12260.0,120,12265.0,58,12270.0,23,12275.0,69,12280.0,134,12285.0,61,12290.0,35,12270.0
nr2409,,13:39:03.0#,12240.0,12380.0,12155.0,12915.0,11450.0,58166,57521.0,12245.0,29,12250.0,64,12255.0,76,12260.0,112,12265.0,42,12270.0,42,12275.0,69,12280.0,134,12285.0,61,12290.0,35,12270.0
nr2409,,13:39:03.500#,12240.0,12380.0,12155.0,12915.0,11450.0,58166,57521.0,12245.0,29,12250.0,79,12255.0,96,12260.0,86,12265.0,42,12270.0,47,12275.0,87,12280.0,130,12285.0,56,12290.0,35,12270.0
nr2409,,13:39:04.0#,12240.0,12380.0,12155.0,12915.0,11450.0,58170,57524.0,12245.0,29,12250.0,87,12255.0,106,12260.0,68,12265.0,39,12270.0,47,12275.0,120,12280.0,104,12285.0,48,12290.0,35,12270.0
nr2409,,13:39:04.500#,12240.0,12380.0,12155.0,12915.0,11450.0,58170,57524.0,12245.0,29,12250.0,78,12255.0,115,12260.0,68,12265.0,39,12270.0,49,12275.0,120,12280.0,106,12285.0,48,12290.0,35,12270.0
nr2409,,13:39:05.0#,12240.0,12380.0,12155.0,12915.0,11450.0,58170,57524.0,12245.0,29,12250.0,78,12255.0,115,12260.0,73,12265.0,39,12270.0,49,12275.0,120,12280.0,106,12285.0,40,12290.0,35,12270.0
nr2409,,13:39:05.500#,12240.0,12380.0,12155.0,12915.0,11450.0,58170,57524.0,12245.0,29,12250.0,78,12255.0,115,12260.0,73,12265.0,39,12270.0,49,12275.0,120,12280.0,106,12285.0,40,12290.0,35,12270.0
nr2409,,13:39:06.0#,12240.0,12380.0,12155.0,12915.0,11450.0,58170,57524.0,12245.0,29,12250.0,78,12255.0,115,12260.0,73,12265.0,39,12270.0,53,12275.0,120,12280.0,109,12285.0,40,12290.0,35,12270.0
nr2409,,13:39:06.500#,12240.0,12380.0,12155.0,12915.0,11450.0,58173,57526.0,12245.0,29,12250.0,78,12255.0,115,12260.0,73,12265.0,41,12270.0,50,12275.0,120,12280.0,109,12285.0,40,12290.0,35,12270.0
nr2409,,13:39:07.0#,12240.0,12380.0,12155.0,12915.0,11450.0,58173,57526.0,12245.0,29,12250.0,78,12255.0,115,12260.0,73,12265.0,41,12270.0,50,12275.0,121,12280.0,109,12285.0,40,12290.0,35,12270.0
nr2409,,13:39:07.500#,12240.0,12380.0,12155.0,12915.0,11450.0,58173,57526.0,12245.0,29,12250.0,78,12255.0,115,12260.0,73,12265.0,41,12270.0,60,12275.0,121,12280.0,109,12285.0,40,12290.0,35,12270.0
nr2409,,13:39:08.0#,12240.0,12380.0,12155.0,12915.0,11450.0,58173,57526.0,12245.0,29,12250.0,78,12255.0,115,12260.0,73,12265.0,41,12270.0,61,12275.0,121,12280.0,109,12285.0,40,12290.0,35,12270.0
nr2409,,13:39:08.500#,12240.0,12380.0,12155.0,12915.0,11450.0,58173,57526.0,12245.0,29,12250.0,78,12255.0,115,12260.0,73,12265.0,41,12270.0,61,12275.0,121,12280.0,109,12285.0,40,12290.0,35,12270.0
nr2409,,13:39:09.0#,12240.0,12380.0,12155.0,12915.0,11450.0,58175,57528.0,12245.0,29,12250.0,77,12255.0,115,12260.0,74,12265.0,39,12270.0,61,12275.0,121,12280.0,109,12285.0,40,12290.0,35,12265.0
nr2409,,13:39:09.500#,12240.0,12380.0,12155.0,12915.0,11450.0,58175,57528.0,12245.0,29,12250.0,77,12255.0,115,12260.0,74,12265.0,41,12270.0,59,12275.0,121,12280.0,109,12285.0,40,12290.0,35,12265.0
nr2409,,13:39:10.0#,12240.0,12380.0,12155.0,12915.0,11450.0,58178,57528.0,12245.0,25,12250.0,77,12255.0,115,12260.0,75,12265.0,36,12270.0,60,12275.0,120,12280.0,109,12285.0,40,12290.0,35,12265.0
nr2409,,13:39:10.500#,12240.0,12380.0,12155.0,12915.0,11450.0,58178,57528.0,12245.0,25,12250.0,77,12255.0,115,12260.0,75,12265.0,36,12270.0,67,12275.0,120,12280.0,109,12285.0,40,12290.0,35,12265.0
nr2409,,13:39:11.0#,12240.0,12380.0,12155.0,12915.0,11450.0,58216,57561.0,12240.0,32,12245.0,25,12250.0,77,12255.0,106,12260.0,75,12265.0,11,12270.0,73,12275.0,120,12280.0,100,12285.0,40,12265.0
nr2409,,13:39:11.500#,12240.0,12380.0,12155.0,12915.0,11450.0,58226,57566.0,12240.0,32,12245.0,21,12250.0,99,12255.0,92,12260.0,78,12265.0,2,12270.0,73,12275.0,140,12280.0,83,12285.0,40,12265.0
nr2409,,13:39:12.0#,12240.0,12380.0,12155.0,12915.0,11450.0,58230,57564.0,12240.0,32,12245.0,21,12250.0,99,12255.0,100,12260.0,80,12265.0,1,12270.0,78,12275.0,124,12280.0,99,12285.0,32,12265.0
nr2409,,13:39:12.500#,12240.0,12380.0,12155.0,12915.0,11450.0,58231,57564.0,12245.0,22,12250.0,99,12255.0,92,12260.0,88,12265.0,6,12270.0,64,12275.0,116,12280.0,99,12285.0,40,12290.0,37,12265.0
nr2409,,13:39:13.0#,12240.0,12380.0,12155.0,12915.0,11450.0,58232,57564.0,12245.0,22,12250.0,85,12255.0,100,12260.0,91,12265.0,12,12270.0,61,12275.0,110,12280.0,105,12285.0,40,12290.0,37,12265.0
nr2409,,13:39:13.500#,12240.0,12380.0,12155.0,12915.0,11450.0,58232,57564.0,12245.0,22,12250.0,96,12255.0,100,12260.0,93,12265.0,16,12270.0,56,12275.0,118,12280.0,105,12285.0,41,12290.0,37,12265.0
nr2409,,13:39:14.0#,12240.0,12380.0,12155.0,12915.0,11450.0,58232,57564.0,12245.0,22,12250.0,96,12255.0,100,12260.0,93,12265.0,12,12270.0,61,12275.0,118,12280.0,105,12285.0,41,12290.0,37,12265.0
nr2409,,13:39:14.500#,12240.0,12380.0,12155.0,12915.0,11450.0,58241,57567.0,12240.0,32,12245.0,22,12250.0,96,12255.0,108,12260.0,84,12270.0,79,12275.0,126,12280.0,79,12285.0,49,12290.0,37,12265.0
nr2409,,13:39:15.0#,12240.0,12380.0,12155.0,12915.0,11450.0,58241,57567.0,12240.0,32,12245.0,22,12250.0,95,12255.0,100,12260.0,83,12265.0,6,12270.0,84,12275.0,126,12280.0,79,12285.0,40,12265.0
nr2409,,13:39:15.500#,12240.0,12380.0,12155.0,12915.0,11450.0,58241,57567.0,12240.0,32,12245.0,22,12250.0,109,12255.0,86,12260.0,83,12265.0,2,12270.0,80,12275.0,132,12280.0,81,12285.0,32,12265.0
nr2409,,13:39:16.0#,12240.0,12380.0,12155.0,12915.0,11450.0,58242,57567.0,12240.0,32,12245.0,22,12250.0,101,12255.0,94,12260.0,83,12265.0,6,12270.0,80,12275.0,132,12280.0,81,12285.0,32,12265.0
nr2409,,13:39:16.500#,12240.0,12380.0,12155.0,12915.0,11450.0,58244,57566.0,12240.0,32,12245.0,23,12250.0,109,12255.0,94,12260.0,67,12265.0,13,12270.0,81,12275.0,132,12280.0,90,12285.0,32,12260.0
nr2409,,13:39:17.0#,12240.0,12380.0,12155.0,12915.0,11450.0,58264,57565.0,12240.0,28,12245.0,31,12250.0,117,12255.0,78,12260.0,48,12265.0,30,12270.0,81,12275.0,132,12280.0,81,12285.0,32,12260.0
nr2409,,13:39:17.500#,12240.0,12380.0,12155.0,12915.0,11450.0,58267,57566.0,12240.0,22,12245.0,39,12250.0,125,12255.0,62,12260.0,48,12265.0,12,12270.0,81,12275.0,140,12280.0,74,12285.0,32,12265.0
nr2409,,13:39:18.0#,12240.0,12380.0,12155.0,12915.0,11450.0,58267,57566.0,12240.0,22,12245.0,31,12250.0,133,12255.0,62,12260.0,40,12265.0,22,12270.0,81,12275.0,132,12280.0,82,12285.0,32,12265.0
nr2409,,13:39:18.500#,12240.0,12380.0,12155.0,12915.0,11450.0,58268,57566.0,12240.0,22,12245.0,39,12250.0,142,12255.0,54,12260.0,38,12265.0,36,12270.0,89,12275.0,141,12280.0,74,12285.0,32,12260.0
nr2409,,13:39:19.0#,12240.0,12380.0,12155.0,12915.0,11450.0,58268,57566.0,12240.0,22,12245.0,39,12250.0,142,12255.0,54,12260.0,39,12265.0,38,12270.0,97,12275.0,141,12280.0,74,12285.0,32,12260.0
nr2409,,13:39:19.500#,12240.0,12380.0,12155.0,12915.0,11450.0,58268,57566.0,12240.0,22,12245.0,39,12250.0,142,12255.0,56,12260.0,39,12265.0,38,12270.0,105,12275.0,133,12280.0,74,12285.0,32,12260.0
nr2409,,13:39:20.500#,12240.0,12380.0,12155.0,12915.0,11450.0,58268,57566.0,12240.0,22,12245.0,39,12250.0,142,12255.0,56,12260.0,39,12265.0,38,12270.0,105,12275.0,132,12280.0,74,12285.0,32,12260.0
nr2409,,13:39:21.0#,12240.0,12380.0,12155.0,12915.0,11450.0,58268,57566.0,12240.0,22,12245.0,39,12250.0,142,12255.0,56,12260.0,39,12265.0,38,12270.0,106,12275.0,132,12280.0,74,12285.0,32,12260.0
nr2409,,13:39:21.500#,12240.0,12380.0,12155.0,12915.0,11450.0,58268,57566.0,12240.0,22,12245.0,39,12250.0,142,12255.0,56,12260.0,40,12265.0,39,12270.0,106,12275.0,132,12280.0,74,12285.0,32,12260.0
nr2409,,13:39:22.500#,12240.0,12380.0,12155.0,12915.0,11450.0,58268,57566.0,12240.0,22,12245.0,39,12250.0,142,12255.0,56,12260.0,41,12265.0,39,12270.0,106,12275.0,131,12280.0,74,12285.0,32,12260.0
nr2409,,13:39:23.0#,12240.0,12380.0,12155.0,12915.0,11450.0,58268,57566.0,12240.0,22,12245.0,39,12250.0,143,12255.0,56,12260.0,40,12265.0,39,12270.0,106,12275.0,131,12280.0,74,12285.0,32,12260.0
nr2409,,13:39:23.500#,12240.0,12380.0,12155.0,12915.0,11450.0,58269,57565.0,12240.0,22,12245.0,39,12250.0,143,12255.0,57,12260.0,39,12265.0,39,12270.0,106,12275.0,131,12280.0,74,12285.0,32,12260.0
nr2409,,13:39:24.0#,12240.0,12380.0,12155.0,12915.0,11450.0,58269,57565.0,12240.0,22,12245.0,39,12250.0,153,12255.0,49,12260.0,39,12265.0,39,12270.0,123,12275.0,115,12280.0,74,12285.0,32,12260.0
nr2409,,13:39:24.500#,12240.0,12380.0,12155.0,12915.0,11450.0,58269,57565.0,12240.0,22,12245.0,39,12250.0,153,12255.0,49,12260.0,39,12265.0,39,12270.0,123,12275.0,115,12280.0,75,12285.0,32,12260.0
nr2409,,13:39:25.0#,12240.0,12380.0,12155.0,12915.0,11450.0,58269,57565.0,12240.0,22,12245.0,39,12250.0,153,12255.0,49,12260.0,39,12265.0,39,12270.0,122,12275.0,115,12280.0,75,12285.0,32,12260.0
nr2409,,13:39:25.500#,12240.0,12380.0,12155.0,12915.0,11450.0,58271,57563.0,12240.0,22,12245.0,45,12250.0,149,12255.0,47,12260.0,37,12265.0,39,12270.0,124,12275.0,119,12280.0,69,12285.0,32,12260.0
nr2409,,13:39:26.0#,12240.0,12380.0,12155.0,12915.0,11450.0,58271,57563.0,12240.0,22,12245.0,45,12250.0,151,12255.0,45,12260.0,42,12265.0,39,12270.0,126,12275.0,117,12280.0,69,12285.0,33,12260.0
nr2409,,13:39:26.500#,12240.0,12380.0,12155.0,12915.0,11450.0,58271,57563.0,12240.0,22,12245.0,39,12250.0,145,12255.0,57,12260.0,44,12265.0,25,12270.0,106,12275.0,131,12280.0,75,12285.0,33,12260.0
nr2409,,13:39:27.0#,12240.0,12380.0,12155.0,12915.0,11450.0,58273,57565.0,12240.0,22,12245.0,39,12250.0,145,12255.0,57,12260.0,44,12265.0,23,12270.0,90,12275.0,147,12280.0,75,12285.0,33,12265.0
nr2409,,13:39:27.500#,12240.0,12380.0,12155.0,12915.0,11450.0,58296,57553.0,12245.0,39,12250.0,120,12255.0,73,12260.0,80,12265.0,25,12270.0,80,12275.0,139,12280.0,79,12285.0,33,12290.0,35,12265.0
nr2409,,13:39:28.0#,12240.0,12380.0,12155.0,12915.0,11450.0,58296,57553.0,12245.0,31,12250.0,98,12255.0,103,12260.0,89,12265.0,25,12270.0,64,12275.0,109,12280.0,101,12285.0,33,12290.0,35,12265.0
nr2409,,13:39:28.500#,12240.0,12380.0,12155.0,12915.0,11450.0,58299,57553.0,12245.0,31,12250.0,99,12255.0,103,12260.0,97,12265.0,37,12270.0,58,12275.0,109,12280.0,101,12285.0,42,12290.0,35,12265.0
nr2409,,13:39:29.0#,12240.0,12380.0,12155.0,12915.0,11450.0,58299,57553.0,12245.0,31,12250.0,99,12255.0,111,12260.0,89,12265.0,37,12270.0,59,12275.0,117,12280.0,93,12285.0,42,12290.0,35,12265.0
nr2409,,13:39:29.500#,12240.0,12380.0,12155.0,12915.0,11450.0,58299,57553.0,12245.0,31,12250.0,99,12255.0,111,12260.0,89,12265.0,23,12270.0,59,12275.0,117,12280.0,93,12285.0,42,12290.0,35,12265.0
nr2409,,13:39:30.0#,12240.0,12380.0,12155.0,12915.0,11450.0,58299,57553.0,12245.0,31,12250.0,99,12255.0,117,12260.0,89,12265.0,37,12270.0,58,12275.0,117,12280.0,93,12285.0,42,12290.0,35,12265.0
nr2409,,13:39:30.500#,12240.0,12380.0,12155.0,12915.0,11450.0,58299,57553.0,12245.0,32,12250.0,90,12255.0,126,12260.0,89,12265.0,38,12270.0,60,12275.0,117,12280.0,94,12285.0,41,12290.0,35,12265.0
nr2409,,13:39:31.0#,12240.0,12380.0,12155.0,12915.0,11450.0,58299,57553.0,12245.0,32,12250.0,90,12255.0,126,12260.0,89,12265.0,38,12270.0,61,12275.0,117,12280.0,94,12285.0,41,12290.0,35,12265.0
nr2409,,13:39:31.500#,12240.0,12380.0,12155.0,12915.0,11450.0,58299,57553.0,12245.0,32,12250.0,90,12255.0,126,12260.0,89,12265.0,38,12270.0,66,12275.0,117,12280.0,94,12285.0,41,12290.0,35,12265.0
nr2409,,13:39:32.0#,12240.0,12380.0,12155.0,12915.0,11450.0,58299,57553.0,12245.0,32,12250.0,90,12255.0,126,12260.0,89,12265.0,28,12270.0,74,12275.0,117,12280.0,94,12285.0,41,12290.0,35,12265.0
nr2409,,13:39:32.500#,12240.0,12380.0,12155.0,12915.0,11450.0,58299,57553.0,12245.0,32,12250.0,90,12255.0,126,12260.0,89,12265.0,26,12270.0,80,12275.0,117,12280.0,94,12285.0,41,12290.0,35,12265.0
nr2409,,13:39:33.0#,12240.0,12380.0,12155.0,12915.0,11450.0,58299,57553.0,12245.0,32,12250.0,89,12255.0,126,12260.0,91,12265.0,31,12270.0,80,12275.0,117,12280.0,94,12285.0,41,12290.0,35,12265.0
nr2409,,13:39:33.500#,12240.0,12380.0,12155.0,12915.0,11450.0,58299,57553.0,12245.0,32,12250.0,89,12255.0,126,12260.0,91,12265.0,32,12270.0,88,12275.0,117,12280.0,94,12285.0,41,12290.0,35,12265.0
nr2409,,13:39:34.0#,12240.0,12380.0,12155.0,12915.0,11450.0,58299,57553.0,12245.0,34,12250.0,89,12255.0,126,12260.0,92,12265.0,32,12270.0,88,12275.0,117,12280.0,94,12285.0,41,12290.0,35,12265.0
nr2409,,13:39:34.500#,12240.0,12380.0,12155.0,12915.0,11450.0,58299,57553.0,12245.0,34,12250.0,89,12255.0,126,12260.0,92,12265.0,32,12270.0,88,12275.0,117,12280.0,94,12285.0,41,12290.0,35,12265.0
nr2409,,13:39:35.500#,12240.0,12380.0,12155.0,12915.0,11450.0,58299,57553.0,12245.0,35,12250.0,89,12255.0,126,12260.0,92,12265.0,32,12270.0,88,12275.0,117,12280.0,94,12285.0,41,12290.0,35,12265.0
nr2409,,13:39:36.0#,12240.0,12380.0,12155.0,12915.0,11450.0,58299,57553.0,12245.0,35,12250.0,90,12255.0,126,12260.0,92,12265.0,32,12270.0,88,12275.0,117,12280.0,94,12285.0,41,12290.0,35,12265.0
nr2409,,13:39:36.500#,12240.0,12380.0,12155.0,12915.0,11450.0,58299,57553.0,12245.0,35,12250.0,91,12255.0,126,12260.0,92,12265.0,32,12270.0,95,12275.0,117,12280.0,94,12285.0,41,12290.0,35,12265.0
nr2409,,13:39:37.500#,12240.0,12380.0,12155.0,12915.0,11450.0,58299,57553.0,12245.0,35,12250.0,91,12255.0,126,12260.0,92,12265.0,42,12270.0,95,12275.0,117,12280.0,94,12285.0,41,12290.0,35,12265.0
nr2409,,13:39:38.0#,12240.0,12380.0,12155.0,12915.0,11450.0,58299,57553.0,12245.0,35,12250.0,91,12255.0,126,12260.0,92,12265.0,42,12270.0,95,12275.0,117,12280.0,94,12285.0,41,12290.0,41,12265.0
nr2409,,13:39:38.500#,12240.0,12380.0,12155.0,12915.0,11450.0,58299,57553.0,12245.0,35,12250.0,91,12255.0,126,12260.0,93,12265.0,42,12270.0,95,12275.0,117,12280.0,94,12285.0,41,12290.0,41,12265.0
nr2409,,13:39:39.0#,12240.0,12380.0,12155.0,12915.0,11450.0,58300,57553.0,12245.0,35,12250.0,91,12255.0,126,12260.0,93,12265.0,41,12270.0,95,12275.0,117,12280.0,94,12285.0,41,12290.0,41,12265.0
nr2409,,13:39:39.500#,12240.0,12380.0,12155.0,12915.0,11450.0,58300,57553.0,12245.0,35,12250.0,91,12255.0,126,12260.0,93,12265.0,41,12270.0,95,12275.0,117,12280.0,94,12285.0,41,12290.0,41,12265.0
nr2409,,13:39:40.0#,12240.0,12380.0,12155.0,12915.0,11450.0,58300,57553.0,12245.0,35,12250.0,91,12255.0,126,12260.0,93,12265.0,41,12270.0,95,12275.0,117,12280.0,94,12285.0,41,12290.0,41,12265.0
nr2409,,13:39:40.500#,12240.0,12380.0,12155.0,12915.0,11450.0,58300,57553.0,12245.0,35,12250.0,91,12255.0,126,12260.0,93,12265.0,41,12270.0,101,12275.0,117,12280.0,94,12285.0,41,12290.0,41,12265.0
nr2409,,13:39:41.0#,12240.0,12380.0,12155.0,12915.0,11450.0,58302,57553.0,12245.0,35,12250.0,91,12255.0,118,12260.0,100,12265.0,41,12270.0,99,12275.0,109,12280.0,102,12285.0,41,12290.0,41,12270.0
nr2409,,13:39:41.500#,12240.0,12380.0,12155.0,12915.0,11450.0,58302,57553.0,12245.0,35,12250.0,91,12255.0,126,12260.0,92,12265.0,42,12270.0,99,12275.0,117,12280.0,94,12285.0,41,12290.0,41,12270.0
nr2409,,13:39:42.0#,12240.0,12380.0,12155.0,12915.0,11450.0,58302,57553.0,12245.0,35,12250.0,91,12255.0,126,12260.0,92,12265.0,42,12270.0,100,12275.0,117,12280.0,94,12285.0,41,12290.0,41,12270.0
nr2409,,13:39:42.500#,12240.0,12380.0,12155.0,12915.0,11450.0,58302,57553.0,12245.0,35,12250.0,91,12255.0,126,12260.0,92,12265.0,42,12270.0,100,12275.0,117,12280.0,94,12285.0,41,12290.0,41,12270.0
nr2409,,13:39:43.0#,12240.0,12380.0,12155.0,12915.0,11450.0,58302,57553.0,12245.0,35,12250.0,91,12255.0,126,12260.0,92,12265.0,43,12270.0,110,12275.0,117,12280.0,94,12285.0,41,12290.0,41,12270.0
nr2409,,13:39:43.500#,12240.0,12380.0,12155.0,12915.0,11450.0,58302,57553.0,12245.0,35,12250.0,91,12255.0,126,12260.0,92,12265.0,45,12270.0,110,12275.0,117,12280.0,94,12285.0,41,12290.0,41,12270.0
nr2409,,13:39:44.0#,12240.0,12380.0,12155.0,12915.0,11450.0,58306,57549.0,12245.0,35,12250.0,91,12255.0,118,12260.0,100,12265.0,45,12270.0,106,12275.0,109,12280.0,102,12285.0,41,12290.0,41,12270.0
nr2409,,13:39:44.500#,12240.0,12380.0,12155.0,12915.0,11450.0,58306,57549.0,12245.0,35,12250.0,91,12255.0,126,12260.0,92,12265.0,46,12270.0,110,12275.0,117,12280.0,94,12285.0,41,12290.0,41,12270.0
nr2409,,13:39:45.500#,12240.0,12380.0,12155.0,12915.0,11450.0,58307,57549.0,12245.0,35,12250.0,91,12255.0,118,12260.0,100,12265.0,46,12270.0,109,12275.0,109,12280.0,102,12285.0,41,12290.0,41,12270.0
nr2409,,13:39:46.0#,12240.0,12380.0,12155.0,12915.0,11450.0,58307,57549.0,12245.0,35,12250.0,91,12255.0,126,12260.0,92,12265.0,46,12270.0,110,12275.0,117,12280.0,94,12285.0,41,12290.0,41,12270.0
nr2409,,13:39:46.500#,12240.0,12380.0,12155.0,12915.0,11450.0,58307,57549.0,12245.0,35,12250.0,91,12255.0,126,12260.0,91,12265.0,47,12270.0,110,12275.0,117,12280.0,95,12285.0,41,12290.0,41,12270.0
nr2409,,13:39:47.500#,12240.0,12380.0,12155.0,12915.0,11450.0,58307,57549.0,12245.0,35,12250.0,91,12255.0,126,12260.0,91,12265.0,47,12270.0,110,12275.0,117,12280.0,95,12285.0,41,12290.0,41,12270.0
nr2409,,13:39:48.500#,12240.0,12380.0,12155.0,12915.0,11450.0,58307,57549.0,12245.0,35,12250.0,91,12255.0,126,12260.0,92,12265.0,47,12270.0,110,12275.0,117,12280.0,95,12285.0,41,12290.0,41,12270.0
nr2409,,13:39:49.0#,12240.0,12380.0,12155.0,12915.0,11450.0,58307,57549.0,12245.0,35,12250.0,91,12255.0,126,12260.0,92,12265.0,48,12270.0,111,12275.0,117,12280.0,95,12285.0,41,12290.0,41,12270.0
nr2409,,13:39:49.500#,12240.0,12380.0,12155.0,12915.0,11450.0,58308,57549.0,12245.0,35,12250.0,91,12255.0,126,12260.0,92,12265.0,48,12270.0,112,12275.0,117,12280.0,95,12285.0,41,12290.0,41,12270.0
nr2409,,13:39:50.500#,12240.0,12380.0,12155.0,12915.0,11450.0,58334,57549.0,12245.0,35,12250.0,91,12255.0,109,12260.0,99,12265.0,49,12270.0,85,12275.0,109,12280.0,94,12285.0,41,12290.0,41,12270.0
nr2409,,13:39:51.0#,12240.0,12380.0,12155.0,12915.0,11450.0,58334,57549.0,12245.0,35,12250.0,91,12255.0,117,12260.0,91,12265.0,48,12270.0,87,12275.0,117,12280.0,86,12285.0,41,12290.0,41,12270.0
nr2409,,13:39:51.500#,12240.0,12380.0,12155.0,12915.0,11450.0,58334,57549.0,12245.0,35,12250.0,91,12255.0,126,12260.0,91,12265.0,48,12270.0,87,12275.0,117,12280.0,95,12285.0,41,12290.0,41,12270.0
nr2409,,13:39:52.0#,12240.0,12380.0,12155.0,12915.0,11450.0,58334,57549.0,12245.0,35,12250.0,91,12255.0,126,12260.0,91,12265.0,47,12270.0,87,12275.0,117,12280.0,95,12285.0,41,12290.0,41,12270.0
nr2409,,13:39:52.500#,12240.0,12380.0,12155.0,12915.0,11450.0,58334,57549.0,12245.0,35,12250.0,91,12255.0,126,12260.0,91,12265.0,49,12270.0,88,12275.0,123,12280.0,89,12285.0,41,12290.0,41,12270.0
nr2409,,13:39:53.500#,12240.0,12380.0,12155.0,12915.0,11450.0,58334,57549.0,12245.0,35,12250.0,96,12255.0,126,12260.0,91,12265.0,49,12270.0,88,12275.0,123,12280.0,89,12285.0,41,12290.0,41,12270.0
nr2409,,13:39:54.0#,12240.0,12380.0,12155.0,12915.0,11450.0,58334,57549.0,12245.0,35,12250.0,96,12255.0,126,12260.0,91,12265.0,49,12270.0,88,12275.0,123,12280.0,89,12285.0,41,12290.0,41,12270.0
nr2409,,13:39:54.500#,12240.0,12380.0,12155.0,12915.0,11450.0,58334,57549.0,12245.0,35,12250.0,96,12255.0,126,12260.0,91,12265.0,49,12270.0,88,12275.0,123,12280.0,89,12285.0,41,12290.0,41,12270.0
nr2409,,13:39:55.500#,12240.0,12380.0,12155.0,12915.0,11450.0,58335,57548.0,12245.0,35,12250.0,96,12255.0,118,12260.0,99,12265.0,49,12270.0,87,12275.0,115,12280.0,97,12285.0,41,12290.0,41,12270.0
nr2409,,13:39:56.0#,12240.0,12380.0,12155.0,12915.0,11450.0,58335,57548.0,12245.0,35,12250.0,96,12255.0,126,12260.0,90,12265.0,50,12270.0,87,12275.0,123,12280.0,89,12285.0,41,12290.0,41,12270.0
nr2409,,13:39:56.500#,12240.0,12380.0,12155.0,12915.0,11450.0,58335,57548.0,12245.0,35,12250.0,96,12255.0,126,12260.0,90,12265.0,50,12270.0,87,12275.0,119,12280.0,89,12285.0,41,12290.0,41,12270.0
nr2409,,13:39:57.500#,12240.0,12380.0,12155.0,12915.0,11450.0,58336,57547.0,12245.0,35,12250.0,96,12255.0,126,12260.0,90,12265.0,50,12270.0,86,12275.0,119,12280.0,89,12285.0,41,12290.0,41,12270.0
nr2409,,13:39:58.0#,12240.0,12380.0,12155.0,12915.0,11450.0,58337,57546.0,12245.0,35,12250.0,96,12255.0,126,12260.0,90,12265.0,49,12270.0,86,12275.0,119,12280.0,89,12285.0,42,12290.0,41,12265.0
nr2409,,13:39:58.500#,12240.0,12380.0,12155.0,12915.0,11450.0,58338,57545.0,12245.0,35,12250.0,96,12255.0,118,12260.0,98,12265.0,49,12270.0,85,12275.0,111,12280.0,97,12285.0,42,12290.0,41,12270.0
nr2409,,13:39:59.0#,12240.0,12380.0,12155.0,12915.0,11450.0,58338,57545.0,12245.0,35,12250.0,96,12255.0,126,12260.0,90,12265.0,47,12270.0,85,12275.0,119,12280.0,89,12285.0,42,12290.0,41,12270.0
nr2409,,13:39:59.500#,12240.0,12380.0,12155.0,12915.0,11450.0,58343,57540.0,12245.0,35,12250.0,96,12255.0,126,12260.0,90,12265.0,45,12270.0,80,12275.0,119,12280.0,89,12285.0,42,12290.0,41,12265.0
nr2409,,13:40:00.0#,12240.0,12380.0,12155.0,12915.0,11450.0,58343,57540.0,12245.0,35,12250.0,96,12255.0,126,12260.0,90,12265.0,45,12270.0,79,12275.0,119,12280.0,89,12285.0,42,12290.0,41,12265.0
nr2409,,13:40:00.500#,12240.0,12380.0,12155.0,12915.0,11450.0,58345,57540.0,12245.0,35,12250.0,96,12255.0,126,12260.0,90,12265.0,43,12270.0,80,12275.0,118,12280.0,89,12285.0,42,12290.0,41,12265.0
nr2409,,13:40:01.0#,12240.0,12380.0,12155.0,12915.0,11450.0,58345,57540.0,12245.0,35,12250.0,96,12255.0,126,12260.0,90,12265.0,42,12270.0,86,12275.0,117,12280.0,89,12285.0,42,12290.0,41,12265.0
nr2409,,13:40:01.500#,12240.0,12380.0,12155.0,12915.0,11450.0,58352,57538.0,12245.0,35,12250.0,96,12255.0,126,12260.0,90,12265.0,31,12270.0,93,12275.0,117,12280.0,89,12285.0,42,12290.0,41,12265.0
nr2409,,13:40:02.0#,12240.0,12380.0,12155.0,12915.0,11450.0,58388,57559.0,12240.0,52,12245.0,35,12250.0,96,12255.0,125,12260.0,67,12270.0,96,12275.0,125,12280.0,72,12285.0,42,12290.0,41,12265.0
nr2409,,13:40:02.500#,12240.0,12380.0,12155.0,12915.0,11450.0,58392,57556.0,12245.0,35,12250.0,112,12255.0,109,12260.0,64,12265.0,9,12270.0,99,12275.0,117,12280.0,88,12285.0,34,12290.0,40,12265.0
nr2409,,13:40:03.0#,12240.0,12380.0,12155.0,12915.0,11450.0,58401,57560.0,12240.0,52,12245.0,35,12250.0,112,12255.0,109,12260.0,66,12270.0,101,12275.0,117,12280.0,88,12285.0,34,12290.0,40,12265.0
nr2409,,13:40:03.500#,12240.0,12380.0,12155.0,12915.0,11450.0,58401,57560.0,12240.0,52,12245.0,38,12250.0,104,12255.0,117,12260.0,64,12265.0,2,12270.0,99,12275.0,125,12280.0,72,12285.0,42,12265.0
nr2409,,13:40:04.0#,12240.0,12380.0,12155.0,12915.0,11450.0,58401,57560.0,12240.0,52,12245.0,38,12250.0,104,12255.0,117,12260.0,51,12265.0,11,12270.0,104,12275.0,125,12280.0,72,12285.0,42,12265.0
nr2409,,13:40:04.500#,12240.0,12380.0,12155.0,12915.0,11450.0,58402,57560.0,12240.0,52,12245.0,39,12250.0,112,12255.0,109,12260.0,51,12265.0,11,12270.0,106,12275.0,133,12280.0,89,12285.0,34,12265.0
nr2409,,13:40:05.0#,12240.0,12380.0,12155.0,12915.0,11450.0,58402,57560.0,12240.0,52,12245.0,39,12250.0,112,12255.0,109,12260.0,51,12265.0,13,12270.0,107,12275.0,133,12280.0,89,12285.0,34,12265.0
nr2409,,13:40:05.500#,12240.0,12380.0,12155.0,12915.0,11450.0,58410,57555.0,12240.0,52,12245.0,39,12250.0,120,12255.0,101,12260.0,43,12265.0,34,12270.0,115,12275.0,125,12280.0,89,12285.0,34,12265.0
nr2409,,13:40:06.0#,12240.0,12380.0,12155.0,12915.0,11450.0,58410,57555.0,12240.0,52,12245.0,46,12250.0,129,12255.0,85,12260.0,41,12265.0,45,12270.0,128,12275.0,126,12280.0,72,12285.0,34,12265.0
nr2409,,13:40:06.500#,12240.0,12380.0,12155.0,12915.0,11450.0,58410,57555.0,12240.0,52,12245.0,52,12250.0,157,12255.0,51,12260.0,42,12265.0,54,12270.0,146,12275.0,106,12280.0,66,12285.0,34,12265.0
nr2409,,13:40:07.0#,12240.0,12380.0,12155.0,12915.0,11450.0,58410,57555.0,12240.0,52,12245.0,52,12250.0,157,12255.0,50,12260.0,43,12265.0,54,12270.0,153,12275.0,98,12280.0,58,12285.0,34,12265.0
nr2409,,13:40:07.500#,12240.0,12380.0,12155.0,12915.0,11450.0,58410,57555.0,12240.0,52,12245.0,52,12250.0,157,12255.0,50,12260.0,44,12265.0,54,12270.0,153,12275.0,98,12280.0,58,12285.0,34,12265.0
nr2409,,13:40:08.0#,12240.0,12380.0,12155.0,12915.0,11450.0,58410,57555.0,12240.0,52,12245.0,52,12250.0,157,12255.0,50,12260.0,44,12265.0,54,12270.0,153,12275.0,98,12280.0,58,12285.0,34,12265.0
nr2409,,13:40:08.500#,12240.0,12380.0,12155.0,12915.0,11450.0,58410,57555.0,12240.0,52,12245.0,52,12250.0,157,12255.0,50,12260.0,45,12265.0,54,12270.0,153,12275.0,98,12280.0,58,12285.0,34,12265.0
nr2409,,13:40:09.0#,12240.0,12380.0,12155.0,12915.0,11450.0,58410,57555.0,12240.0,52,12245.0,52,12250.0,157,12255.0,50,12260.0,45,12265.0,54,12270.0,153,12275.0,98,12280.0,58,12285.0,34,12265.0
nr2409,,13:40:09.500#,12240.0,12380.0,12155.0,12915.0,11450.0,58410,57555.0,12240.0,52,12245.0,52,12250.0,157,12255.0,50,12260.0,45,12265.0,54,12270.0,153,12275.0,97,12280.0,58,12285.0,34,12265.0
nr2409,,13:40:10.0#,12240.0,12380.0,12155.0,12915.0,11450.0,58410,57555.0,12240.0,52,12245.0,52,12250.0,157,12255.0,50,12260.0,46,12265.0,54,12270.0,153,12275.0,97,12280.0,59,12285.0,34,12265.0
nr2409,,13:40:10.500#,12240.0,12380.0,12155.0,12915.0,11450.0,58410,57555.0,12240.0,52,12245.0,51,12250.0,157,12255.0,52,12260.0,46,12265.0,54,12270.0,153,12275.0,97,12280.0,59,12285.0,34,12265.0
nr2409,,13:40:11.0#,12240.0,12380.0,12155.0,12915.0,11450.0,58410,57555.0,12240.0,52,12245.0,51,12250.0,157,12255.0,52,12260.0,47,12265.0,54,12270.0,153,12275.0,97,12280.0,59,12285.0,34,12265.0
nr2409,,13:40:12.0#,12240.0,12380.0,12155.0,12915.0,11450.0,58410,57555.0,12240.0,52,12245.0,51,12250.0,157,12255.0,52,12260.0,47,12265.0,54,12270.0,153,12275.0,97,12280.0,59,12285.0,34,12265.0
nr2409,,13:40:12.500#,12240.0,12380.0,12155.0,12915.0,11450.0,58411,57555.0,12240.0,52,12245.0,51,12250.0,156,12255.0,52,12260.0,48,12265.0,53,12270.0,153,12275.0,97,12280.0,59,12285.0,34,12265.0
nr2409,,13:40:13.0#,12240.0,12380.0,12155.0,12915.0,11450.0,58411,57555.0,12240.0,52,12245.0,51,12250.0,156,12255.0,52,12260.0,48,12265.0,53,12270.0,153,12275.0,97,12280.0,59,12285.0,34,12265.0
nr2409,,13:40:14.0#,12240.0,12380.0,12155.0,12915.0,11450.0,58411,57555.0,12240.0,52,12245.0,51,12250.0,156,12255.0,52,12260.0,48,12265.0,53,12270.0,153,12275.0,97,12280.0,59,12285.0,34,12265.0
nr2409,,13:40:14.500#,12240.0,12380.0,12155.0,12915.0,11450.0,58411,57555.0,12240.0,52,12245.0,51,12250.0,156,12255.0,51,12260.0,48,12265.0,53,12270.0,153,12275.0,97,12280.0,59,12285.0,34,12265.0
nr2409,,13:40:15.0#,12240.0,12380.0,12155.0,12915.0,11450.0,58411,57555.0,12240.0,52,12245.0,51,12250.0,156,12255.0,51,12260.0,48,12265.0,53,12270.0,153,12275.0,97,12280.0,59,12285.0,33,12265.0
nr2409,,13:40:15.500#,12240.0,12380.0,12155.0,12915.0,11450.0,58411,57555.0,12240.0,52,12245.0,51,12250.0,156,12255.0,51,12260.0,47,12265.0,53,12270.0,153,12275.0,97,12280.0,59,12285.0,33,12265.0
nr2409,,13:40:16.0#,12240.0,12380.0,12155.0,12915.0,11450.0,58411,57555.0,12240.0,52,12245.0,51,12250.0,156,12255.0,51,12260.0,47,12265.0,53,12270.0,153,12275.0,97,12280.0,59,12285.0,33,12265.0
nr2409,,13:40:16.500#,12240.0,12380.0,12155.0,12915.0,11450.0,58412,57555.0,12240.0,52,12245.0,51,12250.0,156,12255.0,51,12260.0,46,12265.0,53,12270.0,153,12275.0,97,12280.0,59,12285.0,33,12260.0
nr2409,,13:40:17.0#,12240.0,12380.0,12155.0,12915.0,11450.0,58412,57555.0,12240.0,52,12245.0,51,12250.0,156,12255.0,51,12260.0,46,12265.0,53,12270.0,153,12275.0,97,12280.0,59,12285.0,33,12260.0
nr2409,,13:40:18.0#,12240.0,12380.0,12155.0,12915.0,11450.0,58412,57555.0,12240.0,52,12245.0,51,12250.0,156,12255.0,51,12260.0,46,12265.0,53,12270.0,153,12275.0,97,12280.0,59,12285.0,33,12260.0
nr2409,,13:40:18.500#,12240.0,12380.0,12155.0,12915.0,11450.0,58412,57555.0,12240.0,52,12245.0,51,12250.0,156,12255.0,51,12260.0,46,12265.0,53,12270.0,154,12275.0,97,12280.0,59,12285.0,33,12260.0
nr2409,,13:40:19.0#,12240.0,12380.0,12155.0,12915.0,11450.0,58412,57555.0,12240.0,52,12245.0,51,12250.0,156,12255.0,51,12260.0,46,12265.0,53,12270.0,154,12275.0,97,12280.0,59,12285.0,33,12260.0
nr2409,,13:40:19.500#,12240.0,12380.0,12155.0,12915.0,11450.0,58412,57555.0,12240.0,52,12245.0,51,12250.0,156,12255.0,51,12260.0,46,12265.0,33,12270.0,154,12275.0,97,12280.0,59,12285.0,33,12260.0
nr2409,,13:40:20.0#,12240.0,12380.0,12155.0,12915.0,11450.0,58413,57555.0,12240.0,52,12245.0,45,12250.0,144,12255.0,69,12260.0,47,12265.0,28,12270.0,136,12275.0,109,12280.0,65,12285.0,33,12260.0
nr2409,,13:40:20.500#,12240.0,12380.0,12155.0,12915.0,11450.0,58413,57555.0,12240.0,52,12245.0,45,12250.0,145,12255.0,69,12260.0,47,12265.0,28,12270.0,136,12275.0,109,12280.0,65,12285.0,33,12260.0
nr2409,,13:40:21.0#,12240.0,12380.0,12155.0,12915.0,11450.0,58413,57555.0,12240.0,52,12245.0,45,12250.0,145,12255.0,69,12260.0,47,12265.0,28,12270.0,136,12275.0,109,12280.0,65,12285.0,33,12260.0
nr2409,,13:40:22.0#,12240.0,12380.0,12155.0,12915.0,11450.0,58437,57544.0,12240.0,52,12245.0,45,12250.0,137,12255.0,77,12260.0,63,12265.0,2,12270.0,128,12275.0,117,12280.0,65,12285.0,33,12265.0
nr2409,,13:40:22.500#,12240.0,12380.0,12155.0,12915.0,11450.0,58440,57544.0,12245.0,37,12250.0,104,12255.0,109,12260.0,77,12265.0,12,12270.0,98,12275.0,117,12280.0,89,12285.0,33,12290.0,43,12265.0
nr2409,,13:40:23.0#,12240.0,12380.0,12155.0,12915.0,11450.0,58440,57544.0,12245.0,37,12250.0,104,12255.0,109,12260.0,77,12265.0,12,12270.0,103,12275.0,118,12280.0,89,12285.0,33,12290.0,43,12265.0
nr2409,,13:40:23.500#,12240.0,12380.0,12155.0,12915.0,11450.0,58443,57547.0,12245.0,37,12250.0,96,12255.0,117,12260.0,79,12265.0,10,12270.0,103,12275.0,118,12280.0,81,12285.0,41,12290.0,43,12265.0
nr2409,,13:40:24.0#,12240.0,12380.0,12155.0,12915.0,11450.0,58445,57546.0,12245.0,37,12250.0,96,12255.0,117,12260.0,79,12265.0,8,12270.0,104,12275.0,118,12280.0,81,12285.0,41,12290.0,43,12265.0
nr2409,,13:40:24.500#,12240.0,12380.0,12155.0,12915.0,11450.0,58445,57546.0,12245.0,37,12250.0,105,12255.0,117,12260.0,79,12265.0,9,12270.0,104,12275.0,118,12280.0,89,12285.0,42,12290.0,43,12265.0
nr2409,,13:40:25.0#,12240.0,12380.0,12155.0,12915.0,11450.0,58445,57546.0,12245.0,37,12250.0,105,12255.0,117,12260.0,79,12265.0,9,12270.0,105,12275.0,118,12280.0,89,12285.0,42,12290.0,43,12265.0
nr2409,,13:40:25.500#,12240.0,12380.0,12155.0,12915.0,11450.0,58454,57538.0,12240.0,52,12245.0,37,12250.0,104,12255.0,118,12260.0,68,12265.0,4,12270.0,111,12275.0,126,12280.0,73,12285.0,41,12265.0
nr2409,,13:40:26.0#,12240.0,12380.0,12155.0,12915.0,11450.0,58454,57538.0,12240.0,52,12245.0,37,12250.0,104,12255.0,118,12260.0,52,12265.0,10,12270.0,106,12275.0,126,12280.0,73,12285.0,41,12265.0
nr2409,,13:40:26.500#,12240.0,12380.0,12155.0,12915.0,11450.0,58455,57537.0,12240.0,52,12245.0,37,12250.0,104,12255.0,110,12260.0,52,12265.0,13,12270.0,109,12275.0,134,12280.0,81,12285.0,33,12265.0
nr2409,,13:40:27.0#,12240.0,12380.0,12155.0,12915.0,11450.0,58455,57537.0,12240.0,52,12245.0,37,12250.0,104,12255.0,110,12260.0,47,12265.0,13,12270.0,109,12275.0,134,12280.0,81,12285.0,33,12265.0
nr2409,,13:40:27.500#,12240.0,12380.0,12155.0,12915.0,11450.0,58455,57537.0,12240.0,52,12245.0,38,12250.0,112,12255.0,110,12260.0,48,12265.0,24,12270.0,98,12275.0,134,12280.0,90,12285.0,33,12265.0
nr2409,,13:40:28.0#,12240.0,12380.0,12155.0,12915.0,11450.0,58456,57537.0,12240.0,52,12245.0,38,12250.0,112,12255.0,110,12260.0,47,12265.0,39,12270.0,98,12275.0,134,12280.0,90,12285.0,33,12265.0
nr2409,,13:40:28.500#,12240.0,12380.0,12155.0,12915.0,11450.0,58456,57537.0,12240.0,52,12245.0,46,12250.0,105,12255.0,110,12260.0,57,12265.0,40,12270.0,93,12275.0,151,12280.0,73,12285.0,33,12265.0
nr2409,,13:40:29.0#,12240.0,12380.0,12155.0,12915.0,11450.0,58457,57537.0,12240.0,52,12245.0,46,12250.0,96,12255.0,109,12260.0,59,12265.0,36,12270.0,93,12275.0,142,12280.0,73,12285.0,33,12265.0
nr2409,,13:40:29.500#,12240.0,12380.0,12155.0,12915.0,11450.0,58457,57537.0,12240.0,52,12245.0,38,12250.0,113,12255.0,109,12260.0,58,12265.0,41,12270.0,93,12275.0,143,12280.0,81,12285.0,33,12265.0
nr2409,,13:40:30.0#,12240.0,12380.0,12155.0,12915.0,11450.0,58457,57537.0,12240.0,52,12245.0,38,12250.0,113,12255.0,109,12260.0,60,12265.0,41,12270.0,93,12275.0,143,12280.0,81,12285.0,33,12265.0
nr2409,,13:40:30.500#,12240.0,12380.0,12155.0,12915.0,11450.0,58469,57536.0,12240.0,52,12245.0,38,12250.0,104,12255.0,109,12260.0,60,12265.0,30,12270.0,93,12275.0,134,12280.0,81,12285.0,33,12265.0
nr2409,,13:40:31.0#,12240.0,12380.0,12155.0,12915.0,11450.0,58469,57536.0,12240.0,52,12245.0,38,12250.0,112,12255.0,109,12260.0,74,12265.0,30,12270.0,93,12275.0,134,12280.0,81,12285.0,33,12265.0
nr2409,,13:40:31.500#,12240.0,12380.0,12155.0,12915.0,11450.0,58482,57539.0,12240.0,52,12245.0,38,12250.0,112,12255.0,109,12260.0,72,12265.0,30,12270.0,93,12275.0,134,12280.0,81,12285.0,33,12260.0
nr2409,,13:40:32.0#,12240.0,12380.0,12155.0,12915.0,11450.0,58483,57540.0,12240.0,52,12245.0,38,12250.0,120,12255.0,101,12260.0,71,12265.0,30,12270.0,101,12275.0,126,12280.0,81,12285.0,33,12260.0
nr2409,,13:40:32.500#,12240.0,12380.0,12155.0,12915.0,11450.0,58483,57540.0,12240.0,52,12245.0,38,12250.0,112,12255.0,109,12260.0,55,12265.0,31,12270.0,91,12275.0,133,12280.0,81,12285.0,33,12260.0
nr2409,,13:40:33.0#,12240.0,12380.0,12155.0,12915.0,11450.0,58483,57540.0,12240.0,52,12245.0,38,12250.0,112,12255.0,109,12260.0,57,12265.0,31,12270.0,91,12275.0,133,12280.0,81,12285.0,33,12260.0
nr2409,,13:40:33.500#,12240.0,12380.0,12155.0,12915.0,11450.0,58483,57540.0,12240.0,52,12245.0,38,12250.0,121,12255.0,109,12260.0,58,12265.0,33,12270.0,91,12275.0,142,12280.0,81,12285.0,33,12260.0
nr2409,,13:40:34.0#,12240.0,12380.0,12155.0,12915.0,11450.0,58484,57541.0,12240.0,52,12245.0,38,12250.0,129,12255.0,101,12260.0,57,12265.0,33,12270.0,99,12275.0,134,12280.0,81,12285.0,33,12260.0
nr2409,,13:40:34.500#,12240.0,12380.0,12155.0,12915.0,11450.0,58484,57541.0,12240.0,52,12245.0,38,12250.0,121,12255.0,109,12260.0,57,12265.0,33,12270.0,91,12275.0,142,12280.0,81,12285.0,33,12260.0
nr2409,,13:40:35.500#,12240.0,12380.0,12155.0,12915.0,11450.0,58484,57541.0,12240.0,54,12245.0,38,12250.0,121,12255.0,108,12260.0,57,12265.0,33,12270.0,91,12275.0,142,12280.0,81,12285.0,33,12260.0
nr2409,,13:40:36.0#,12240.0,12380.0,12155.0,12915.0,11450.0,58484,57541.0,12240.0,54,12245.0,38,12250.0,121,12255.0,108,12260.0,56,12265.0,33,12270.0,91,12275.0,142,12280.0,81,12285.0,33,12260.0
nr2409,,13:40:36.500#,12240.0,12380.0,12155.0,12915.0,11450.0,58484,57541.0,12240.0,54,12245.0,38,12250.0,121,12255.0,108,12260.0,56,12265.0,33,12270.0,90,12275.0,142,12280.0,81,12285.0,33,12260.0
nr2409,,13:40:37.500#,12240.0,12380.0,12155.0,12915.0,11450.0,58484,57541.0,12240.0,54,12245.0,38,12250.0,121,12255.0,108,12260.0,56,12265.0,33,12270.0,90,12275.0,142,12280.0,81,12285.0,33,12260.0
nr2409,,13:40:38.0#,12240.0,12380.0,12155.0,12915.0,11450.0,58485,57541.0,12240.0,54,12245.0,38,12250.0,129,12255.0,100,12260.0,55,12265.0,32,12270.0,98,12275.0,134,12280.0,81,12285.0,33,12260.0
nr2409,,13:40:38.500#,12240.0,12380.0,12155.0,12915.0,11450.0,58485,57541.0,12240.0,54,12245.0,38,12250.0,121,12255.0,108,12260.0,56,12265.0,33,12270.0,90,12275.0,142,12280.0,81,12285.0,33,12260.0
nr2409,,13:40:39.500#,12240.0,12380.0,12155.0,12915.0,11450.0,58485,57541.0,12240.0,54,12245.0,38,12250.0,121,12255.0,108,12260.0,57,12265.0,33,12270.0,90,12275.0,142,12280.0,81,12285.0,33,12260.0
nr2409,,13:40:40.500#,12240.0,12380.0,12155.0,12915.0,11450.0,58485,57541.0,12240.0,54,12245.0,38,12250.0,121,12255.0,108,12260.0,58,12265.0,33,12270.0,90,12275.0,142,12280.0,81,12285.0,33,12260.0
nr2409,,13:40:41.0#,12240.0,12380.0,12155.0,12915.0,11450.0,58519,57546.0,12245.0,38,12250.0,112,12255.0,108,12260.0,78,12265.0,17,12270.0,82,12275.0,133,12280.0,81,12285.0,33,12290.0,43,12265.0
nr2409,,13:40:41.500#,12240.0,12380.0,12155.0,12915.0,11450.0,58522,57545.0,12245.0,38,12250.0,104,12255.0,116,12260.0,89,12265.0,11,12270.0,81,12275.0,109,12280.0,89,12285.0,41,12290.0,43,12265.0
nr2409,,13:40:42.0#,12240.0,12380.0,12155.0,12915.0,11450.0,58522,57545.0,12245.0,38,12250.0,104,12255.0,116,12260.0,91,12265.0,11,12270.0,81,12275.0,117,12280.0,81,12285.0,41,12290.0,43,12265.0
nr2409,,13:40:42.500#,12240.0,12380.0,12155.0,12915.0,11450.0,58522,57545.0,12245.0,38,12250.0,113,12255.0,116,12260.0,91,12265.0,11,12270.0,81,12275.0,117,12280.0,89,12285.0,42,12290.0,43,12265.0
nr2409,,13:40:43.0#,12240.0,12380.0,12155.0,12915.0,11450.0,58522,57545.0,12245.0,38,12250.0,113,12255.0,108,12260.0,92,12265.0,11,12270.0,81,12275.0,117,12280.0,89,12285.0,42,12290.0,43,12265.0
nr2409,,13:40:43.500#,12240.0,12380.0,12155.0,12915.0,11450.0,58522,57545.0,12245.0,38,12250.0,113,12255.0,108,12260.0,92,12265.0,5,12270.0,81,12275.0,117,12280.0,89,12285.0,42,12290.0,43,12265.0
nr2409,,13:40:44.0#,12240.0,12380.0,12155.0,12915.0,11450.0,58522,57545.0,12245.0,38,12250.0,104,12255.0,117,12260.0,92,12265.0,3,12270.0,81,12275.0,117,12280.0,90,12285.0,41,12290.0,43,12265.0
nr2409,,13:40:44.500#,12240.0,12380.0,12155.0,12915.0,11450.0,58522,57545.0,12245.0,38,12250.0,104,12255.0,108,12260.0,92,12265.0,3,12270.0,81,12275.0,117,12280.0,81,12285.0,41,12290.0,43,12265.0
nr2409,,13:40:45.0#,12240.0,12380.0,12155.0,12915.0,11450.0,58522,57545.0,12245.0,38,12250.0,104,12255.0,117,12260.0,92,12265.0,3,12270.0,81,12275.0,117,12280.0,90,12285.0,41,12290.0,43,12265.0
nr2409,,13:40:45.500#,12240.0,12380.0,12155.0,12915.0,11450.0,58522,57545.0,12245.0,38,12250.0,104,12255.0,108,12260.0,92,12265.0,3,12270.0,81,12275.0,117,12280.0,81,12285.0,41,12290.0,43,12265.0
nr2409,,13:40:46.0#,12240.0,12380.0,12155.0,12915.0,11450.0,58522,57545.0,12245.0,38,12250.0,104,12255.0,117,12260.0,102,12265.0,6,12270.0,81,12275.0,117,12280.0,90,12285.0,41,12290.0,43,12265.0
nr2409,,13:40:46.500#,12240.0,12380.0,12155.0,12915.0,11450.0,58522,57545.0,12245.0,38,12250.0,104,12255.0,108,12260.0,102,12265.0,12,12270.0,81,12275.0,117,12280.0,81,12285.0,41,12290.0,43,12265.0
nr2409,,13:40:47.0#,12240.0,12380.0,12155.0,12915.0,11450.0,58522,57545.0,12245.0,38,12250.0,104,12255.0,117,12260.0,102,12265.0,12,12270.0,81,12275.0,117,12280.0,90,12285.0,41,12290.0,43,12265.0
nr2409,,13:40:47.500#,12240.0,12380.0,12155.0,12915.0,11450.0,58522,57545.0,12245.0,38,12250.0,104,12255.0,108,12260.0,102,12265.0,12,12270.0,81,12275.0,117,12280.0,81,12285.0,41,12290.0,43,12265.0
nr2409,,13:40:48.0#,12240.0,12380.0,12155.0,12915.0,11450.0,58522,57545.0,12245.0,38,12250.0,104,12255.0,117,12260.0,102,12265.0,16,12270.0,81,12275.0,117,12280.0,90,12285.0,41,12290.0,43,12265.0
nr2409,,13:40:48.500#,12240.0,12380.0,12155.0,12915.0,11450.0,58522,57545.0,12245.0,38,12250.0,104,12255.0,108,12260.0,102,12265.0,17,12270.0,81,12275.0,117,12280.0,81,12285.0,41,12290.0,43,12265.0
nr2409,,13:40:49.0#,12240.0,12380.0,12155.0,12915.0,11450.0,58522,57545.0,12245.0,38,12250.0,104,12255.0,125,12260.0,102,12265.0,18,12270.0,81,12275.0,117,12280.0,90,12285.0,41,12290.0,43,12265.0
nr2409,,13:40:49.500#,12240.0,12380.0,12155.0,12915.0,11450.0,58522,57545.0,12245.0,38,12250.0,104,12255.0,116,12260.0,102,12265.0,18,12270.0,81,12275.0,117,12280.0,81,12285.0,41,12290.0,43,12265.0
nr2409,,13:40:50.0#,12240.0,12380.0,12155.0,12915.0,11450.0,58522,57545.0,12245.0,38,12250.0,104,12255.0,125,12260.0,102,12265.0,18,12270.0,81,12275.0,117,12280.0,90,12285.0,41,12290.0,43,12265.0
nr2409,,13:40:50.500#,12240.0,12380.0,12155.0,12915.0,11450.0,58522,57545.0,12245.0,38,12250.0,104,12255.0,116,12260.0,102,12265.0,18,12270.0,81,12275.0,117,12280.0,81,12285.0,41,12290.0,43,12265.0
nr2409,,13:40:51.0#,12240.0,12380.0,12155.0,12915.0,11450.0,58522,57545.0,12245.0,38,12250.0,104,12255.0,125,12260.0,102,12265.0,18,12270.0,81,12275.0,117,12280.0,90,12285.0,41,12290.0,43,12265.0
nr2409,,13:40:51.500#,12240.0,12380.0,12155.0,12915.0,11450.0,58522,57545.0,12245.0,38,12250.0,104,12255.0,116,12260.0,102,12265.0,18,12270.0,71,12275.0,117,12280.0,81,12285.0,41,12290.0,43,12265.0
nr2409,,13:40:52.0#,12240.0,12380.0,12155.0,12915.0,11450.0,58522,57545.0,12245.0,38,12250.0,104,12255.0,125,12260.0,102,12265.0,18,12270.0,71,12275.0,117,12280.0,90,12285.0,41,12290.0,43,12265.0
nr2409,,13:40:52.500#,12240.0,12380.0,12155.0,12915.0,11450.0,58522,57545.0,12245.0,38,12250.0,104,12255.0,116,12260.0,102,12265.0,18,12270.0,71,12275.0,117,12280.0,81,12285.0,41,12290.0,43,12265.0
nr2409,,13:40:53.0#,12240.0,12380.0,12155.0,12915.0,11450.0,58522,57545.0,12245.0,38,12250.0,104,12255.0,125,12260.0,102,12265.0,18,12270.0,71,12275.0,117,12280.0,90,12285.0,41,12290.0,43,12265.0
nr2409,,13:40:53.500#,12240.0,12380.0,12155.0,12915.0,11450.0,58522,57545.0,12245.0,38,12250.0,104,12255.0,116,12260.0,101,12265.0,20,12270.0,71,12275.0,117,12280.0,81,12285.0,41,12290.0,43,12265.0
nr2409,,13:40:54.0#,12240.0,12380.0,12155.0,12915.0,11450.0,58523,57544.0,12245.0,38,12250.0,104,12255.0,125,12260.0,100,12265.0,20,12270.0,71,12275.0,117,12280.0,90,12285.0,41,12290.0,43,12265.0
nr2409,,13:40:54.500#,12240.0,12380.0,12155.0,12915.0,11450.0,58523,57544.0,12245.0,38,12250.0,104,12255.0,116,12260.0,100,12265.0,21,12270.0,71,12275.0,117,12280.0,81,12285.0,41,12290.0,43,12265.0
nr2409,,13:40:55.0#,12240.0,12380.0,12155.0,12915.0,11450.0,58523,57544.0,12245.0,38,12250.0,104,12255.0,125,12260.0,100,12265.0,21,12270.0,71,12275.0,117,12280.0,90,12285.0,41,12290.0,43,12265.0
nr2409,,13:40:55.500#,12240.0,12380.0,12155.0,12915.0,11450.0,58523,57544.0,12245.0,38,12250.0,104,12255.0,116,12260.0,90,12265.0,21,12270.0,71,12275.0,117,12280.0,81,12285.0,41,12290.0,43,12265.0
nr2409,,13:40:56.0#,12240.0,12380.0,12155.0,12915.0,11450.0,58523,57544.0,12245.0,38,12250.0,104,12255.0,125,12260.0,90,12265.0,21,12270.0,67,12275.0,117,12280.0,90,12285.0,41,12290.0,43,12265.0
nr2409,,13:40:56.500#,12240.0,12380.0,12155.0,12915.0,11450.0,58523,57544.0,12245.0,38,12250.0,104,12255.0,116,12260.0,90,12265.0,21,12270.0,67,12275.0,117,12280.0,81,12285.0,41,12290.0,43,12265.0
nr2409,,13:40:57.0#,12240.0,12380.0,12155.0,12915.0,11450.0,58523,57544.0,12245.0,38,12250.0,104,12255.0,125,12260.0,89,12265.0,21,12270.0,67,12275.0,117,12280.0,90,12285.0,41,12290.0,43,12265.0
nr2409,,13:40:57.500#,12240.0,12380.0,12155.0,12915.0,11450.0,58523,57544.0,12245.0,38,12250.0,104,12255.0,125,12260.0,88,12265.0,21,12270.0,67,12275.0,117,12280.0,90,12285.0,41,12290.0,43,12265.0
nr2409,,13:40:58.0#,12240.0,12380.0,12155.0,12915.0,11450.0,58524,57544.0,12245.0,38,12250.0,104,12255.0,125,12260.0,88,12265.0,20,12270.0,67,12275.0,117,12280.0,90,12285.0,41,12290.0,43,12265.0
nr2409,,13:40:58.500#,12240.0,12380.0,12155.0,12915.0,11450.0,58524,57544.0,12245.0,38,12250.0,104,12255.0,125,12260.0,88,12265.0,20,12270.0,67,12275.0,117,12280.0,90,12285.0,41,12290.0,43,12265.0
nr2409,,13:40:59.0#,12240.0,12380.0,12155.0,12915.0,11450.0,58524,57544.0,12245.0,38,12250.0,104,12255.0,125,12260.0,87,12265.0,21,12270.0,67,12275.0,117,12280.0,90,12285.0,41,12290.0,43,12265.0
nr2409,,13:40:59.500#,12240.0,12380.0,12155.0,12915.0,11450.0,58524,57544.0,12245.0,38,12250.0,104,12255.0,125,12260.0,87,12265.0,21,12270.0,67,12275.0,116,12280.0,90,12285.0,41,12290.0,43,12265.0
nr2409,,13:41:00.0#,12240.0,12380.0,12155.0,12915.0,11450.0,58533,57548.0,12245.0,38,12250.0,104,12255.0,125,12260.0,87,12265.0,12,12270.0,73,12275.0,116,12280.0,90,12285.0,41,12290.0,43,12265.0
nr2409,,13:41:00.500#,12240.0,12380.0,12155.0,12915.0,11450.0,58535,57550.0,12245.0,38,12250.0,104,12255.0,116,12260.0,87,12265.0,8,12270.0,74,12275.0,116,12280.0,81,12285.0,41,12290.0,43,12265.0
nr2409,,13:41:01.0#,12240.0,12380.0,12155.0,12915.0,11450.0,58540,57550.0,12245.0,38,12250.0,104,12255.0,116,12260.0,87,12265.0,2,12270.0,77,12275.0,116,12280.0,81,12285.0,41,12290.0,43,12265.0
nr2409,,13:41:01.500#,12240.0,12380.0,12155.0,12915.0,11450.0,58542,57550.0,12240.0,54,12245.0,38,12250.0,112,12255.0,116,12260.0,77,12265.0,16,12270.0,86,12275.0,124,12280.0,73,12285.0,41,12265.0
nr2409,,13:41:02.0#,12240.0,12380.0,12155.0,12915.0,11450.0,58543,57550.0,12240.0,54,12245.0,38,12250.0,112,12255.0,108,12260.0,55,12265.0,18,12270.0,86,12275.0,132,12280.0,73,12285.0,41,12265.0
nr2409,,13:41:02.500#,12240.0,12380.0,12155.0,12915.0,11450.0,58543,57550.0,12240.0,54,12245.0,38,12250.0,112,12255.0,108,12260.0,55,12265.0,16,12270.0,86,12275.0,132,12280.0,81,12285.0,33,12265.0
nr2409,,13:41:03.0#,12240.0,12380.0,12155.0,12915.0,11450.0,58543,57550.0,12240.0,54,12245.0,38,12250.0,112,12255.0,108,12260.0,55,12265.0,32,12270.0,86,12275.0,132,12280.0,81,12285.0,33,12265.0
nr2409,,13:41:03.500#,12240.0,12380.0,12155.0,12915.0,11450.0,58543,57550.0,12240.0,54,12245.0,39,12250.0,120,12255.0,108,12260.0,55,12265.0,34,12270.0,87,12275.0,132,12280.0,90,12285.0,33,12265.0
nr2409,,13:41:04.0#,12240.0,12380.0,12155.0,12915.0,11450.0,58543,57550.0,12240.0,54,12245.0,39,12250.0,120,12255.0,108,12260.0,55,12265.0,40,12270.0,81,12275.0,132,12280.0,90,12285.0,33,12265.0
nr2409,,13:41:04.500#,12240.0,12380.0,12155.0,12915.0,11450.0,58543,57550.0,12240.0,54,12245.0,38,12250.0,121,12255.0,108,12260.0,55,12265.0,40,12270.0,81,12275.0,141,12280.0,81,12285.0,33,12265.0
nr2409,,13:41:05.500#,12240.0,12380.0,12155.0,12915.0,11450.0,58543,57550.0,12240.0,54,12245.0,38,12250.0,121,12255.0,108,12260.0,55,12265.0,40,12270.0,81,12275.0,141,12280.0,81,12285.0,33,12265.0
nr2409,,13:41:06.0#,12240.0,12380.0,12155.0,12915.0,11450.0,58546,57550.0,12240.0,54,12245.0,38,12250.0,129,12255.0,100,12260.0,51,12265.0,40,12270.0,89,12275.0,133,12280.0,81,12285.0,33,12260.0
nr2409,,13:41:06.500#,12240.0,12380.0,12155.0,12915.0,11450.0,58546,57550.0,12240.0,54,12245.0,38,12250.0,121,12255.0,108,12260.0,52,12265.0,35,12270.0,81,12275.0,141,12280.0,81,12285.0,33,12260.0
nr2409,,13:41:07.500#,12240.0,12380.0,12155.0,12915.0,11450.0,58546,57550.0,12240.0,54,12245.0,38,12250.0,121,12255.0,108,12260.0,52,12265.0,35,12270.0,81,12275.0,141,12280.0,81,12285.0,33,12260.0
nr2409,,13:41:08.0#,12240.0,12380.0,12155.0,12915.0,11450.0,58546,57550.0,12240.0,54,12245.0,38,12250.0,121,12255.0,108,12260.0,52,12265.0,41,12270.0,81,12275.0,141,12280.0,81,12285.0,33,12260.0
nr2409,,13:41:08.500#,12240.0,12380.0,12155.0,12915.0,11450.0,58546,57550.0,12240.0,54,12245.0,38,12250.0,121,12255.0,108,12260.0,52,12265.0,41,12270.0,81,12275.0,141,12280.0,81,12285.0,33,12260.0
nr2409,,13:41:09.500#,12240.0,12380.0,12155.0,12915.0,11450.0,58546,57550.0,12240.0,54,12245.0,38,12250.0,121,12255.0,108,12260.0,52,12265.0,41,12270.0,81,12275.0,141,12280.0,81,12285.0,33,12260.0
nr2409,,13:41:11.0#,12240.0,12380.0,12155.0,12915.0,11450.0,58547,57551.0,12240.0,54,12245.0,38,12250.0,129,12255.0,100,12260.0,51,12265.0,42,12270.0,89,12275.0,133,12280.0,81,12285.0,33,12260.0
nr2409,,13:41:11.500#,12240.0,12380.0,12155.0,12915.0,11450.0,58547,57551.0,12240.0,54,12245.0,38,12250.0,121,12255.0,108,12260.0,53,12265.0,47,12270.0,81,12275.0,141,12280.0,81,12285.0,33,12260.0
nr2409,,13:41:13.500#,12240.0,12380.0,12155.0,12915.0,11450.0,58547,57551.0,12240.0,54,12245.0,38,12250.0,121,12255.0,108,12260.0,54,12265.0,47,12270.0,81,12275.0,141,12280.0,81,12285.0,33,12260.0
nr2409,,13:41:14.0#,12240.0,12380.0,12155.0,12915.0,11450.0,58547,57551.0,12240.0,54,12245.0,38,12250.0,121,12255.0,108,12260.0,54,12265.0,47,12270.0,81,12275.0,141,12280.0,81,12285.0,33,12260.0
nr2409,,13:41:14.500#,12240.0,12380.0,12155.0,12915.0,11450.0,58547,57551.0,12240.0,54,12245.0,38,12250.0,121,12255.0,108,12260.0,54,12265.0,47,12270.0,81,12275.0,141,12280.0,81,12285.0,33,12260.0
nr2409,,13:41:15.500#,12240.0,12380.0,12155.0,12915.0,11450.0,58547,57551.0,12240.0,54,12245.0,38,12250.0,121,12255.0,108,12260.0,54,12265.0,47,12270.0,81,12275.0,141,12280.0,81,12285.0,33,12260.0
nr2409,,13:41:16.500#,12240.0,12380.0,12155.0,12915.0,11450.0,58547,57551.0,12240.0,54,12245.0,38,12250.0,121,12255.0,108,12260.0,54,12265.0,47,12270.0,80,12275.0,141,12280.0,81,12285.0,33,12260.0
nr2409,,13:41:17.500#,12240.0,12380.0,12155.0,12915.0,11450.0,58547,57551.0,12240.0,54,12245.0,38,12250.0,121,12255.0,108,12260.0,54,12265.0,47,12270.0,80,12275.0,141,12280.0,81,12285.0,33,12260.0
nr2409,,13:41:18.0#,12240.0,12380.0,12155.0,12915.0,11450.0,58547,57551.0,12240.0,54,12245.0,38,12250.0,121,12255.0,108,12260.0,54,12265.0,48,12270.0,80,12275.0,141,12280.0,81,12285.0,33,12260.0
nr2409,,13:41:18.500#,12240.0,12380.0,12155.0,12915.0,11450.0,58547,57551.0,12240.0,54,12245.0,38,12250.0,121,12255.0,108,12260.0,54,12265.0,48,12270.0,80,12275.0,141,12280.0,81,12285.0,33,12260.0
nr2409,,13:41:20.0#,12240.0,12380.0,12155.0,12915.0,11450.0,58547,57551.0,12240.0,54,12245.0,37,12250.0,121,12255.0,108,12260.0,54,12265.0,48,12270.0,80,12275.0,141,12280.0,81,12285.0,33,12260.0
nr2409,,13:41:21.0#,12240.0,12380.0,12155.0,12915.0,11450.0,58547,57551.0,12240.0,54,12245.0,37,12250.0,121,12255.0,108,12260.0,54,12265.0,48,12270.0,80,12275.0,141,12280.0,81,12285.0,33,12260.0
nr2409,,13:41:21.500#,12240.0,12380.0,12155.0,12915.0,11450.0,58548,57551.0,12240.0,54,12245.0,37,12250.0,121,12255.0,108,12260.0,57,12265.0,47,12270.0,80,12275.0,141,12280.0,81,12285.0,33,12265.0
nr2409,,13:41:22.0#,12240.0,12380.0,12155.0,12915.0,11450.0,58548,57551.0,12240.0,54,12245.0,37,12250.0,121,12255.0,108,12260.0,57,12265.0,47,12270.0,80,12275.0,141,12280.0,81,12285.0,33,12265.0
nr2409,,13:41:22.500#,12240.0,12380.0,12155.0,12915.0,11450.0,58548,57551.0,12240.0,54,12245.0,37,12250.0,121,12255.0,108,12260.0,57,12265.0,47,12270.0,81,12275.0,140,12280.0,81,12285.0,33,12265.0
nr2409,,13:41:23.0#,12240.0,12380.0,12155.0,12915.0,11450.0,58548,57551.0,12240.0,54,12245.0,37,12250.0,121,12255.0,108,12260.0,57,12265.0,47,12270.0,81,12275.0,140,12280.0,81,12285.0,33,12265.0
nr2409,,13:41:23.500#,12240.0,12380.0,12155.0,12915.0,11450.0,58549,57551.0,12240.0,54,12245.0,37,12250.0,128,12255.0,100,12260.0,56,12265.0,47,12270.0,89,12275.0,132,12280.0,81,12285.0,33,12260.0
nr2409,,13:41:24.0#,12240.0,12380.0,12155.0,12915.0,11450.0,58549,57551.0,12240.0,54,12245.0,37,12250.0,120,12255.0,108,12260.0,58,12265.0,47,12270.0,81,12275.0,140,12280.0,81,12285.0,33,12260.0
nr2409,,13:41:24.500#,12240.0,12380.0,12155.0,12915.0,11450.0,58549,57551.0,12240.0,54,12245.0,37,12250.0,120,12255.0,108,12260.0,58,12265.0,48,12270.0,81,12275.0,140,12280.0,81,12285.0,33,12260.0
nr2409,,13:41:25.0#,12240.0,12380.0,12155.0,12915.0,11450.0,58549,57551.0,12240.0,54,12245.0,37,12250.0,120,12255.0,108,12260.0,58,12265.0,48,12270.0,81,12275.0,140,12280.0,81,12285.0,33,12260.0
nr2409,,13:41:25.500#,12240.0,12380.0,12155.0,12915.0,11450.0,58549,57551.0,12240.0,54,12245.0,37,12250.0,120,12255.0,108,12260.0,58,12265.0,48,12270.0,81,12275.0,140,12280.0,81,12285.0,33,12260.0
nr2409,,13:41:26.0#,12240.0,12380.0,12155.0,12915.0,11450.0,58549,57551.0,12240.0,54,12245.0,37,12250.0,121,12255.0,108,12260.0,58,12265.0,48,12270.0,81,12275.0,140,12280.0,81,12285.0,33,12260.0
nr2409,,13:41:27.0#,12240.0,12380.0,12155.0,12915.0,11450.0,58549,57551.0,12240.0,54,12245.0,37,12250.0,121,12255.0,108,12260.0,58,12265.0,48,12270.0,81,12275.0,140,12280.0,81,12285.0,33,12260.0
nr2409,,13:41:27.500#,12240.0,12380.0,12155.0,12915.0,11450.0,58553,57553.0,12240.0,54,12245.0,37,12250.0,121,12255.0,108,12260.0,57,12265.0,45,12270.0,81,12275.0,140,12280.0,81,12285.0,33,12260.0
nr2409,,13:41:28.0#,12240.0,12380.0,12155.0,12915.0,11450.0,58554,57554.0,12240.0,54,12245.0,37,12250.0,121,12255.0,108,12260.0,56,12265.0,44,12270.0,81,12275.0,140,12280.0,81,12285.0,33,12265.0
nr2409,,13:41:28.500#,12240.0,12380.0,12155.0,12915.0,11450.0,58557,57552.0,12240.0,54,12245.0,37,12250.0,121,12255.0,109,12260.0,57,12265.0,36,12270.0,81,12275.0,140,12280.0,81,12285.0,33,12265.0
nr2409,,13:41:29.0#,12240.0,12380.0,12155.0,12915.0,11450.0,58557,57552.0,12240.0,54,12245.0,37,12250.0,121,12255.0,109,12260.0,57,12265.0,22,12270.0,81,12275.0,140,12280.0,81,12285.0,33,12265.0
nr2409,,13:41:29.500#,12240.0,12380.0,12155.0,12915.0,11450.0,58559,57551.0,12240.0,54,12245.0,37,12250.0,121,12255.0,109,12260.0,60,12265.0,20,12270.0,81,12275.0,140,12280.0,81,12285.0,33,12265.0
nr2409,,13:41:30.0#,12240.0,12380.0,12155.0,12915.0,11450.0,58560,57551.0,12240.0,54,12245.0,37,12250.0,121,12255.0,109,12260.0,58,12265.0,18,12270.0,81,12275.0,140,12280.0,81,12285.0,33,12265.0
nr2409,,13:41:30.500#,12240.0,12380.0,12155.0,12915.0,11450.0,58560,57551.0,12240.0,54,12245.0,37,12250.0,121,12255.0,109,12260.0,58,12265.0,20,12270.0,81,12275.0,140,12280.0,81,12285.0,33,12265.0
nr2409,,13:41:31.0#,12240.0,12380.0,12155.0,12915.0,11450.0,58561,57552.0,12240.0,54,12245.0,37,12250.0,121,12255.0,109,12260.0,58,12265.0,19,12270.0,81,12275.0,140,12280.0,81,12285.0,33,12265.0
nr2409,,13:41:31.500#,12240.0,12380.0,12155.0,12915.0,11450.0,58561,57552.0,12240.0,54,12245.0,37,12250.0,121,12255.0,109,12260.0,58,12265.0,20,12270.0,81,12275.0,140,12280.0,81,12285.0,33,12265.0
nr2409,,13:41:32.0#,12240.0,12380.0,12155.0,12915.0,11450.0,58562,57553.0,12240.0,54,12245.0,37,12250.0,121,12255.0,109,12260.0,58,12265.0,19,12270.0,81,12275.0,140,12280.0,81,12285.0,33,12265.0
nr2409,,13:41:33.0#,12240.0,12380.0,12155.0,12915.0,11450.0,58563,57554.0,12240.0,54,12245.0,37,12250.0,121,12255.0,109,12260.0,58,12265.0,18,12270.0,81,12275.0,140,12280.0,81,12285.0,33,12265.0
nr2409,,13:41:34.0#,12240.0,12380.0,12155.0,12915.0,11450.0,58565,57556.0,12240.0,54,12245.0,37,12250.0,121,12255.0,109,12260.0,57,12265.0,18,12270.0,81,12275.0,140,12280.0,81,12285.0,33,12260.0
nr2409,,13:41:35.0#,12240.0,12380.0,12155.0,12915.0,11450.0,58566,57557.0,12240.0,54,12245.0,37,12250.0,121,12255.0,109,12260.0,58,12265.0,18,12270.0,81,12275.0,140,12280.0,81,12285.0,33,12265.0
nr2409,,13:41:36.0#,12240.0,12380.0,12155.0,12915.0,11450.0,58567,57558.0,12240.0,54,12245.0,37,12250.0,121,12255.0,109,12260.0,58,12265.0,18,12270.0,81,12275.0,140,12280.0,81,12285.0,33,12265.0
nr2409,,13:41:36.500#,12240.0,12380.0,12155.0,12915.0,11450.0,58567,57558.0,12240.0,54,12245.0,37,12250.0,121,12255.0,109,12260.0,58,12265.0,36,12270.0,81,12275.0,140,12280.0,81,12285.0,33,12265.0
nr2409,,13:41:37.0#,12240.0,12380.0,12155.0,12915.0,11450.0,58569,57560.0,12240.0,54,12245.0,37,12250.0,121,12255.0,109,12260.0,58,12265.0,37,12270.0,81,12275.0,140,12280.0,81,12285.0,33,12265.0
nr2409,,13:41:37.500#,12240.0,12380.0,12155.0,12915.0,11450.0,58569,57560.0,12240.0,54,12245.0,37,12250.0,121,12255.0,109,12260.0,59,12265.0,37,12270.0,81,12275.0,140,12280.0,81,12285.0,33,12265.0
nr2409,,13:41:38.0#,12240.0,12380.0,12155.0,12915.0,11450.0,58569,57560.0,12240.0,54,12245.0,37,12250.0,121,12255.0,109,12260.0,59,12265.0,37,12270.0,81,12275.0,140,12280.0,81,12285.0,33,12265.0
nr2409,,13:41:39.0#,12240.0,12380.0,12155.0,12915.0,11450.0,58569,57560.0,12240.0,54,12245.0,37,12250.0,121,12255.0,109,12260.0,60,12265.0,37,12270.0,81,12275.0,140,12280.0,81,12285.0,33,12265.0
nr2409,,13:41:40.0#,12240.0,12380.0,12155.0,12915.0,11450.0,58569,57560.0,12240.0,54,12245.0,37,12250.0,112,12255.0,109,12260.0,60,12265.0,37,12270.0,81,12275.0,131,12280.0,81,12285.0,33,12265.0
nr2409,,13:41:40.500#,12240.0,12380.0,12155.0,12915.0,11450.0,58569,57560.0,12240.0,54,12245.0,37,12250.0,121,12255.0,109,12260.0,60,12265.0,40,12270.0,81,12275.0,140,12280.0,81,12285.0,33,12265.0
nr2409,,13:41:41.0#,12240.0,12380.0,12155.0,12915.0,11450.0,58569,57560.0,12240.0,54,12245.0,37,12250.0,112,12255.0,109,12260.0,60,12265.0,40,12270.0,81,12275.0,131,12280.0,81,12285.0,33,12265.0
nr2409,,13:41:41.500#,12240.0,12380.0,12155.0,12915.0,11450.0,58569,57560.0,12240.0,54,12245.0,37,12250.0,121,12255.0,109,12260.0,60,12265.0,41,12270.0,80,12275.0,140,12280.0,81,12285.0,33,12265.0
nr2409,,13:41:42.0#,12240.0,12380.0,12155.0,12915.0,11450.0,58569,57560.0,12240.0,54,12245.0,37,12250.0,120,12255.0,109,12260.0,60,12265.0,42,12270.0,80,12275.0,139,12280.0,81,12285.0,33,12265.0
nr2409,,13:41:42.500#,12240.0,12380.0,12155.0,12915.0,11450.0,58569,57560.0,12240.0,54,12245.0,37,12250.0,121,12255.0,109,12260.0,60,12265.0,42,12270.0,80,12275.0,140,12280.0,81,12285.0,33,12265.0
nr2409,,13:41:43.0#,12240.0,12380.0,12155.0,12915.0,11450.0,58569,57560.0,12240.0,54,12245.0,37,12250.0,120,12255.0,109,12260.0,61,12265.0,42,12270.0,80,12275.0,139,12280.0,81,12285.0,33,12265.0
nr2409,,13:41:43.500#,12240.0,12380.0,12155.0,12915.0,11450.0,58569,57560.0,12240.0,54,12245.0,45,12250.0,113,12255.0,109,12260.0,61,12265.0,42,12270.0,79,12275.0,148,12280.0,73,12285.0,33,12265.0
nr2409,,13:41:45.0#,12240.0,12380.0,12155.0,12915.0,11450.0,58569,57560.0,12240.0,54,12245.0,45,12250.0,113,12255.0,109,12260.0,61,12265.0,46,12270.0,79,12275.0,149,12280.0,73,12285.0,33,12265.0
nr2409,,13:41:45.500#,12240.0,12380.0,12155.0,12915.0,11450.0,58569,57560.0,12240.0,54,12245.0,45,12250.0,113,12255.0,109,12260.0,61,12265.0,46,12270.0,79,12275.0,149,12280.0,73,12285.0,33,12265.0
nr2409,,13:41:46.500#,12240.0,12380.0,12155.0,12915.0,11450.0,58569,57560.0,12240.0,54,12245.0,45,12250.0,113,12255.0,109,12260.0,61,12265.0,46,12270.0,79,12275.0,149,12280.0,73,12285.0,33,12265.0
nr2409,,13:41:47.500#,12240.0,12380.0,12155.0,12915.0,11450.0,58569,57560.0,12240.0,54,12245.0,45,12250.0,113,12255.0,109,12260.0,61,12265.0,46,12270.0,79,12275.0,149,12280.0,73,12285.0,33,12265.0
nr2409,,13:41:48.0#,12240.0,12380.0,12155.0,12915.0,11450.0,58569,57560.0,12240.0,54,12245.0,45,12250.0,113,12255.0,109,12260.0,61,12265.0,46,12270.0,79,12275.0,149,12280.0,73,12285.0,33,12265.0
nr2409,,13:41:48.500#,12240.0,12380.0,12155.0,12915.0,11450.0,58569,57560.0,12240.0,54,12245.0,45,12250.0,113,12255.0,109,12260.0,62,12265.0,51,12270.0,79,12275.0,149,12280.0,73,12285.0,33,12265.0
nr2409,,13:41:49.0#,12240.0,12380.0,12155.0,12915.0,11450.0,58579,57558.0,12240.0,54,12245.0,45,12250.0,113,12255.0,109,12260.0,61,12265.0,41,12270.0,79,12275.0,149,12280.0,73,12285.0,33,12265.0
nr2409,,13:41:49.500#,12240.0,12380.0,12155.0,12915.0,11450.0,58582,57557.0,12240.0,54,12245.0,45,12250.0,104,12255.0,109,12260.0,61,12265.0,25,12270.0,79,12275.0,140,12280.0,73,12285.0,33,12265.0
nr2409,,13:41:50.0#,12240.0,12380.0,12155.0,12915.0,11450.0,58582,57557.0,12240.0,54,12245.0,45,12250.0,104,12255.0,109,12260.0,77,12265.0,25,12270.0,79,12275.0,140,12280.0,73,12285.0,33,12265.0
nr2409,,13:41:50.500#,12240.0,12380.0,12155.0,12915.0,11450.0,58582,57557.0,12240.0,54,12245.0,45,12250.0,104,12255.0,109,12260.0,61,12265.0,26,12270.0,79,12275.0,140,12280.0,73,12285.0,33,12265.0
nr2409,,13:41:51.0#,12240.0,12380.0,12155.0,12915.0,11450.0,58582,57557.0,12240.0,54,12245.0,45,12250.0,104,12255.0,109,12260.0,58,12265.0,26,12270.0,79,12275.0,140,12280.0,73,12285.0,33,12265.0
nr2409,,13:41:51.500#,12240.0,12380.0,12155.0,12915.0,11450.0,58582,57557.0,12240.0,54,12245.0,45,12250.0,113,12255.0,109,12260.0,58,12265.0,26,12270.0,79,12275.0,149,12280.0,73,12285.0,33,12265.0
nr2409,,13:41:52.500#,12240.0,12380.0,12155.0,12915.0,11450.0,58582,57557.0,12240.0,54,12245.0,45,12250.0,113,12255.0,109,12260.0,61,12265.0,26,12270.0,79,12275.0,149,12280.0,73,12285.0,33,12265.0
nr2409,,13:41:53.500#,12240.0,12380.0,12155.0,12915.0,11450.0,58582,57557.0,12240.0,54,12245.0,45,12250.0,113,12255.0,109,12260.0,61,12265.0,26,12270.0,79,12275.0,149,12280.0,73,12285.0,33,12265.0
nr2409,,13:41:54.0#,12240.0,12380.0,12155.0,12915.0,11450.0,58585,57560.0,12240.0,54,12245.0,45,12250.0,113,12255.0,108,12260.0,61,12265.0,25,12270.0,79,12275.0,149,12280.0,73,12285.0,33,12265.0
nr2409,,13:41:54.500#,12240.0,12380.0,12155.0,12915.0,11450.0,58585,57560.0,12240.0,54,12245.0,45,12250.0,113,12255.0,108,12260.0,61,12265.0,27,12270.0,79,12275.0,149,12280.0,73,12285.0,33,12265.0
nr2409,,13:41:55.0#,12240.0,12380.0,12155.0,12915.0,11450.0,58585,57560.0,12240.0,54,12245.0,45,12250.0,113,12255.0,108,12260.0,60,12265.0,41,12270.0,79,12275.0,149,12280.0,73,12285.0,33,12265.0
nr2409,,13:41:55.500#,12240.0,12380.0,12155.0,12915.0,11450.0,58585,57560.0,12240.0,54,12245.0,45,12250.0,113,12255.0,108,12260.0,60,12265.0,41,12270.0,79,12275.0,149,12280.0,73,12285.0,33,12265.0
nr2409,,13:41:56.500#,12240.0,12380.0,12155.0,12915.0,11450.0,58585,57560.0,12240.0,54,12245.0,45,12250.0,113,12255.0,108,12260.0,60,12265.0,41,12270.0,75,12275.0,149,12280.0,73,12285.0,33,12265.0
nr2409,,13:41:57.0#,12240.0,12380.0,12155.0,12915.0,11450.0,58585,57560.0,12240.0,54,12245.0,45,12250.0,113,12255.0,108,12260.0,60,12265.0,42,12270.0,75,12275.0,149,12280.0,73,12285.0,33,12265.0
nr2409,,13:41:57.500#,12240.0,12380.0,12155.0,12915.0,11450.0,58585,57560.0,12240.0,54,12245.0,45,12250.0,113,12255.0,108,12260.0,60,12265.0,42,12270.0,75,12275.0,149,12280.0,73,12285.0,33,12265.0
nr2409,,13:41:58.0#,12240.0,12380.0,12155.0,12915.0,11450.0,58585,57560.0,12240.0,54,12245.0,45,12250.0,113,12255.0,108,12260.0,61,12265.0,42,12270.0,75,12275.0,149,12280.0,73,12285.0,33,12265.0
nr2409,,13:41:58.500#,12240.0,12380.0,12155.0,12915.0,11450.0,58589,57557.0,12240.0,54,12245.0,45,12250.0,113,12255.0,108,12260.0,61,12265.0,39,12270.0,75,12275.0,149,12280.0,73,12285.0,33,12265.0
nr2409,,13:41:59.0#,12240.0,12380.0,12155.0,12915.0,11450.0,58589,57557.0,12240.0,54,12245.0,45,12250.0,113,12255.0,108,12260.0,61,12265.0,25,12270.0,75,12275.0,149,12280.0,73,12285.0,33,12265.0
nr2409,,13:41:59.500#,12240.0,12380.0,12155.0,12915.0,11450.0,58589,57557.0,12240.0,54,12245.0,45,12250.0,113,12255.0,108,12260.0,62,12265.0,25,12270.0,75,12275.0,149,12280.0,73,12285.0,33,12265.0
nr2409,,13:42:00.500#,12240.0,12380.0,12155.0,12915.0,11450.0,58589,57557.0,12240.0,54,12245.0,45,12250.0,113,12255.0,108,12260.0,62,12265.0,25,12270.0,75,12275.0,149,12280.0,73,12285.0,33,12265.0
nr2409,,13:42:01.0#,12240.0,12380.0,12155.0,12915.0,11450.0,58596,57562.0,12240.0,54,12245.0,45,12250.0,113,12255.0,108,12260.0,60,12265.0,24,12270.0,74,12275.0,149,12280.0,73,12285.0,33,12260.0
nr2409,,13:42:01.500#,12240.0,12380.0,12155.0,12915.0,11450.0,58596,57562.0,12240.0,54,12245.0,45,12250.0,113,12255.0,108,12260.0,60,12265.0,39,12270.0,68,12275.0,149,12280.0,73,12285.0,33,12260.0
nr2409,,13:42:02.0#,12240.0,12380.0,12155.0,12915.0,11450.0,58597,57563.0,12240.0,54,12245.0,45,12250.0,121,12255.0,100,12260.0,58,12265.0,64,12270.0,74,12275.0,141,12280.0,73,12285.0,33,12260.0
nr2409,,13:42:02.500#,12240.0,12380.0,12155.0,12915.0,11450.0,58609,57572.0,12240.0,54,12245.0,59,12250.0,141,12255.0,66,12260.0,45,12265.0,64,12270.0,108,12275.0,121,12280.0,59,12285.0,33,12260.0
nr2409,,13:42:03.0#,12240.0,12380.0,12155.0,12915.0,11450.0,58654,57584.0,12235.0,56,12240.0,54,12245.0,67,12250.0,148,12255.0,64,12260.0,9,12265.0,67,12270.0,131,12275.0,88,12280.0,51,12260.0
nr2409,,13:42:03.500#,12240.0,12380.0,12155.0,12915.0,11450.0,58660,57585.0,12235.0,44,12240.0,62,12245.0,67,12250.0,140,12255.0,36,12260.0,29,12265.0,68,12270.0,147,12275.0,80,12280.0,51,12255.0
nr2409,,13:42:04.0#,12240.0,12380.0,12155.0,12915.0,11450.0,58661,57585.0,12235.0,44,12240.0,80,12245.0,71,12250.0,129,12255.0,35,12260.0,40,12265.0,73,12270.0,143,12275.0,74,12280.0,51,12260.0
nr2409,,13:42:04.500#,12240.0,12380.0,12155.0,12915.0,11450.0,58661,57585.0,12235.0,44,12240.0,98,12245.0,79,12250.0,113,12255.0,36,12260.0,40,12265.0,90,12270.0,143,12275.0,67,12280.0,51,12260.0
nr2409,,13:42:05.0#,12240.0,12380.0,12155.0,12915.0,11450.0,58661,57585.0,12235.0,44,12240.0,98,12245.0,79,12250.0,113,12255.0,36,12260.0,40,12265.0,90,12270.0,143,12275.0,67,12280.0,51,12260.0
nr2409,,13:42:05.500#,12240.0,12380.0,12155.0,12915.0,11450.0,58667,57585.0,12235.0,44,12240.0,99,12245.0,87,12250.0,105,12255.0,30,12260.0,40,12265.0,91,12270.0,135,12275.0,67,12280.0,51,12255.0
nr2409,,13:42:06.0#,12240.0,12380.0,12155.0,12915.0,11450.0,58668,57585.0,12235.0,44,12240.0,90,12245.0,96,12250.0,105,12255.0,29,12260.0,40,12265.0,91,12270.0,136,12275.0,58,12280.0,51,12255.0
nr2409,,13:42:06.500#,12240.0,12380.0,12155.0,12915.0,11450.0,58668,57585.0,12235.0,44,12240.0,98,12245.0,88,12250.0,105,12255.0,29,12260.0,40,12265.0,91,12270.0,136,12275.0,59,12280.0,51,12255.0
nr2409,,13:42:07.0#,12240.0,12380.0,12155.0,12915.0,11450.0,58668,57585.0,12235.0,44,12240.0,98,12245.0,88,12250.0,105,12255.0,29,12260.0,40,12265.0,91,12270.0,136,12275.0,59,12280.0,51,12255.0
nr2409,,13:42:07.500#,12240.0,12380.0,12155.0,12915.0,11450.0,58672,57588.0,12235.0,44,12240.0,98,12245.0,80,12250.0,113,12255.0,31,12260.0,36,12265.0,83,12270.0,144,12275.0,58,12280.0,51,12260.0
nr2409,,13:42:08.0#,12240.0,12380.0,12155.0,12915.0,11450.0,58672,57588.0,12235.0,44,12240.0,90,12245.0,80,12250.0,121,12255.0,30,12260.0,36,12265.0,83,12270.0,136,12275.0,66,12280.0,51,12260.0
nr2409,,13:42:09.0#,12240.0,12380.0,12155.0,12915.0,11450.0,58672,57588.0,12235.0,44,12240.0,90,12245.0,80,12250.0,121,12255.0,30,12260.0,36,12265.0,83,12270.0,136,12275.0,66,12280.0,51,12260.0
nr2409,,13:42:09.500#,12240.0,12380.0,12155.0,12915.0,11450.0,58672,57588.0,12235.0,44,12240.0,90,12245.0,88,12250.0,113,12255.0,30,12260.0,36,12265.0,94,12270.0,128,12275.0,66,12280.0,51,12260.0
nr2409,,13:42:10.0#,12240.0,12380.0,12155.0,12915.0,11450.0,58673,57587.0,12235.0,44,12240.0,90,12245.0,88,12250.0,113,12255.0,30,12260.0,35,12265.0,86,12270.0,136,12275.0,66,12280.0,51,12260.0
nr2409,,13:42:10.500#,12240.0,12380.0,12155.0,12915.0,11450.0,58673,57587.0,12235.0,44,12240.0,90,12245.0,96,12250.0,105,12255.0,30,12260.0,35,12265.0,94,12270.0,128,12275.0,66,12280.0,51,12260.0
nr2409,,13:42:11.0#,12240.0,12380.0,12155.0,12915.0,11450.0,58673,57587.0,12235.0,44,12240.0,90,12245.0,96,12250.0,105,12255.0,30,12260.0,35,12265.0,94,12270.0,128,12275.0,66,12280.0,51,12260.0
nr2409,,13:42:12.0#,12240.0,12380.0,12155.0,12915.0,11450.0,58673,57587.0,12235.0,44,12240.0,90,12245.0,96,12250.0,105,12255.0,30,12260.0,36,12265.0,94,12270.0,129,12275.0,66,12280.0,51,12260.0
nr2409,,13:42:14.0#,12240.0,12380.0,12155.0,12915.0,11450.0,58673,57587.0,12235.0,44,12240.0,90,12245.0,96,12250.0,105,12255.0,30,12260.0,37,12265.0,94,12270.0,137,12275.0,66,12280.0,52,12260.0
nr2409,,13:42:16.0#,12240.0,12380.0,12155.0,12915.0,11450.0,58673,57587.0,12235.0,44,12240.0,90,12245.0,96,12250.0,105,12255.0,30,12260.0,37,12265.0,94,12270.0,137,12275.0,64,12280.0,52,12260.0
nr2409,,13:42:17.0#,12240.0,12380.0,12155.0,12915.0,11450.0,58673,57587.0,12235.0,44,12240.0,90,12245.0,96,12250.0,105,12255.0,31,12260.0,37,12265.0,94,12270.0,137,12275.0,64,12280.0,52,12260.0
nr2409,,13:42:19.0#,12240.0,12380.0,12155.0,12915.0,11450.0,58673,57587.0,12235.0,44,12240.0,90,12245.0,96,12250.0,105,12255.0,31,12260.0,37,12265.0,94,12270.0,137,12275.0,64,12280.0,50,12260.0
nr2409,,13:42:21.0#,12240.0,12380.0,12155.0,12915.0,11450.0,58674,57588.0,12235.0,44,12240.0,90,12245.0,96,12250.0,105,12255.0,31,12260.0,38,12265.0,94,12270.0,137,12275.0,64,12280.0,50,12260.0
nr2409,,13:42:21.500#,12240.0,12380.0,12155.0,12915.0,11450.0,58675,57588.0,12235.0,44,12240.0,90,12245.0,80,12250.0,121,12255.0,49,12260.0,23,12265.0,87,12270.0,145,12275.0,64,12280.0,50,12260.0
nr2409,,13:42:22.0#,12240.0,12380.0,12155.0,12915.0,11450.0,58701,57592.0,12240.0,76,12245.0,59,12250.0,146,12255.0,60,12260.0,10,12265.0,68,12270.0,124,12275.0,94,12280.0,50,12285.0,32,12260.0
nr2409,,13:42:22.500#,12240.0,12380.0,12155.0,12915.0,11450.0,58715,57586.0,12240.0,68,12245.0,67,12250.0,154,12255.0,63,12260.0,13,12265.0,61,12270.0,108,12275.0,102,12280.0,50,12285.0,32,12260.0
nr2409,,13:42:23.0#,12240.0,12380.0,12155.0,12915.0,11450.0,58715,57586.0,12240.0,68,12245.0,69,12250.0,154,12255.0,63,12260.0,17,12265.0,46,12270.0,116,12275.0,94,12280.0,50,12285.0,32,12260.0
nr2409,,13:42:23.500#,12240.0,12380.0,12155.0,12915.0,11450.0,58715,57586.0,12240.0,68,12245.0,69,12250.0,154,12255.0,63,12260.0,18,12265.0,47,12270.0,116,12275.0,94,12280.0,50,12285.0,32,12260.0
nr2409,,13:42:24.0#,12240.0,12380.0,12155.0,12915.0,11450.0,58715,57586.0,12240.0,68,12245.0,69,12250.0,154,12255.0,63,12260.0,20,12265.0,46,12270.0,116,12275.0,94,12280.0,50,12285.0,32,12260.0
nr2409,,13:42:24.500#,12240.0,12380.0,12155.0,12915.0,11450.0,58715,57586.0,12240.0,68,12245.0,79,12250.0,155,12255.0,63,12260.0,20,12265.0,46,12270.0,116,12275.0,102,12280.0,51,12285.0,32,12260.0
nr2409,,13:42:25.500#,12240.0,12380.0,12155.0,12915.0,11450.0,58715,57586.0,12240.0,68,12245.0,70,12250.0,164,12255.0,63,12260.0,25,12265.0,46,12270.0,116,12275.0,103,12280.0,50,12285.0,32,12260.0
nr2409,,13:42:26.0#,12240.0,12380.0,12155.0,12915.0,11450.0,58715,57586.0,12240.0,68,12245.0,70,12250.0,164,12255.0,62,12260.0,25,12265.0,46,12270.0,116,12275.0,103,12280.0,50,12285.0,32,12260.0
nr2409,,13:42:26.500#,12240.0,12380.0,12155.0,12915.0,11450.0,58715,57586.0,12240.0,68,12245.0,70,12250.0,164,12255.0,62,12260.0,25,12265.0,46,12270.0,116,12275.0,103,12280.0,50,12285.0,32,12260.0
nr2409,,13:42:27.500#,12240.0,12380.0,12155.0,12915.0,11450.0,58715,57586.0,12240.0,68,12245.0,70,12250.0,164,12255.0,62,12260.0,25,12265.0,46,12270.0,116,12275.0,103,12280.0,50,12285.0,32,12260.0
nr2409,,13:42:28.500#,12240.0,12380.0,12155.0,12915.0,11450.0,58715,57586.0,12240.0,68,12245.0,70,12250.0,164,12255.0,62,12260.0,25,12265.0,46,12270.0,116,12275.0,103,12280.0,50,12285.0,32,12260.0
nr2409,,13:42:29.0#,12240.0,12380.0,12155.0,12915.0,11450.0,58715,57586.0,12240.0,68,12245.0,70,12250.0,164,12255.0,63,12260.0,25,12265.0,46,12270.0,116,12275.0,103,12280.0,50,12285.0,32,12260.0
nr2409,,13:42:30.500#,12240.0,12380.0,12155.0,12915.0,11450.0,58716,57587.0,12240.0,68,12245.0,62,12250.0,164,12255.0,62,12260.0,39,12265.0,44,12270.0,116,12275.0,103,12280.0,50,12285.0,32,12260.0
nr2409,,13:42:31.0#,12240.0,12380.0,12155.0,12915.0,11450.0,58716,57587.0,12240.0,68,12245.0,62,12250.0,164,12255.0,62,12260.0,25,12265.0,45,12270.0,116,12275.0,103,12280.0,50,12285.0,32,12260.0
nr2409,,13:42:31.500#,12240.0,12380.0,12155.0,12915.0,11450.0,58716,57587.0,12240.0,68,12245.0,62,12250.0,164,12255.0,62,12260.0,25,12265.0,47,12270.0,116,12275.0,103,12280.0,50,12285.0,32,12260.0
nr2409,,13:42:32.0#,12240.0,12380.0,12155.0,12915.0,11450.0,58716,57587.0,12240.0,68,12245.0,62,12250.0,164,12255.0,62,12260.0,25,12265.0,47,12270.0,116,12275.0,103,12280.0,50,12285.0,32,12260.0
nr2409,,13:42:32.500#,12240.0,12380.0,12155.0,12915.0,11450.0,58716,57587.0,12240.0,68,12245.0,62,12250.0,164,12255.0,62,12260.0,25,12265.0,47,12270.0,116,12275.0,103,12280.0,50,12285.0,32,12260.0
nr2409,,13:42:33.500#,12240.0,12380.0,12155.0,12915.0,11450.0,58716,57587.0,12240.0,68,12245.0,62,12250.0,164,12255.0,62,12260.0,25,12265.0,47,12270.0,116,12275.0,103,12280.0,50,12285.0,32,12260.0
nr2409,,13:42:34.0#,12240.0,12380.0,12155.0,12915.0,11450.0,58716,57587.0,12240.0,68,12245.0,62,12250.0,164,12255.0,62,12260.0,25,12265.0,47,12270.0,117,12275.0,103,12280.0,49,12285.0,32,12260.0
nr2409,,13:42:34.500#,12240.0,12380.0,12155.0,12915.0,11450.0,58716,57587.0,12240.0,68,12245.0,62,12250.0,164,12255.0,62,12260.0,25,12265.0,47,12270.0,117,12275.0,103,12280.0,49,12285.0,32,12260.0
nr2409,,13:42:35.0#,12240.0,12380.0,12155.0,12915.0,11450.0,58717,57587.0,12240.0,68,12245.0,62,12250.0,164,12255.0,62,12260.0,24,12265.0,47,12270.0,117,12275.0,103,12280.0,49,12285.0,32,12260.0
nr2409,,13:42:35.500#,12240.0,12380.0,12155.0,12915.0,11450.0,58717,57587.0,12240.0,68,12245.0,62,12250.0,164,12255.0,62,12260.0,26,12265.0,47,12270.0,117,12275.0,103,12280.0,49,12285.0,32,12260.0
nr2409,,13:42:36.0#,12240.0,12380.0,12155.0,12915.0,11450.0,58717,57587.0,12240.0,68,12245.0,62,12250.0,164,12255.0,62,12260.0,24,12265.0,47,12270.0,117,12275.0,103,12280.0,49,12285.0,32,12260.0
nr2409,,13:42:36.500#,12240.0,12380.0,12155.0,12915.0,11450.0,58733,57588.0,12240.0,68,12245.0,62,12250.0,155,12255.0,62,12260.0,8,12265.0,48,12270.0,117,12275.0,94,12280.0,49,12285.0,32,12260.0
nr2409,,13:42:37.500#,12240.0,12380.0,12155.0,12915.0,11450.0,58733,57588.0,12240.0,68,12245.0,62,12250.0,164,12255.0,62,12260.0,12,12265.0,48,12270.0,117,12275.0,103,12280.0,49,12285.0,32,12260.0
nr2409,,13:42:38.500#,12240.0,12380.0,12155.0,12915.0,11450.0,58733,57588.0,12240.0,68,12245.0,62,12250.0,164,12255.0,62,12260.0,12,12265.0,48,12270.0,117,12275.0,103,12280.0,49,12285.0,32,12260.0
nr2409,,13:42:39.500#,12240.0,12380.0,12155.0,12915.0,11450.0,58733,57588.0,12240.0,68,12245.0,62,12250.0,164,12255.0,62,12260.0,12,12265.0,48,12270.0,117,12275.0,103,12280.0,49,12285.0,32,12260.0
nr2409,,13:42:40.0#,12240.0,12380.0,12155.0,12915.0,11450.0,58733,57588.0,12240.0,68,12245.0,62,12250.0,164,12255.0,61,12260.0,13,12265.0,48,12270.0,117,12275.0,103,12280.0,49,12285.0,32,12260.0
nr2409,,13:42:40.500#,12240.0,12380.0,12155.0,12915.0,11450.0,58733,57588.0,12240.0,68,12245.0,62,12250.0,164,12255.0,61,12260.0,13,12265.0,48,12270.0,117,12275.0,103,12280.0,49,12285.0,32,12260.0
nr2409,,13:42:41.500#,12240.0,12380.0,12155.0,12915.0,11450.0,58733,57588.0,12240.0,68,12245.0,62,12250.0,164,12255.0,61,12260.0,13,12265.0,48,12270.0,117,12275.0,103,12280.0,49,12285.0,32,12260.0
nr2409,,13:42:42.0#,12240.0,12380.0,12155.0,12915.0,11450.0,58733,57588.0,12240.0,68,12245.0,62,12250.0,164,12255.0,61,12260.0,17,12265.0,48,12270.0,117,12275.0,103,12280.0,49,12285.0,32,12260.0
nr2409,,13:42:42.500#,12240.0,12380.0,12155.0,12915.0,11450.0,58733,57588.0,12240.0,68,12245.0,62,12250.0,164,12255.0,61,12260.0,19,12265.0,48,12270.0,117,12275.0,103,12280.0,49,12285.0,32,12260.0
nr2409,,13:42:43.0#,12240.0,12380.0,12155.0,12915.0,11450.0,58733,57588.0,12240.0,68,12245.0,62,12250.0,164,12255.0,62,12260.0,20,12265.0,49,12270.0,117,12275.0,103,12280.0,49,12285.0,32,12260.0
nr2409,,13:42:43.500#,12240.0,12380.0,12155.0,12915.0,11450.0,58733,57588.0,12240.0,68,12245.0,62,12250.0,164,12255.0,62,12260.0,20,12265.0,49,12270.0,117,12275.0,103,12280.0,49,12285.0,32,12260.0
nr2409,,13:42:44.0#,12240.0,12380.0,12155.0,12915.0,11450.0,58733,57588.0,12240.0,68,12245.0,62,12250.0,164,12255.0,62,12260.0,25,12265.0,49,12270.0,117,12275.0,103,12280.0,49,12285.0,32,12260.0
nr2409,,13:42:44.500#,12240.0,12380.0,12155.0,12915.0,11450.0,58739,57593.0,12240.0,68,12245.0,62,12250.0,164,12255.0,62,12260.0,19,12265.0,62,12270.0,117,12275.0,103,12280.0,49,12285.0,32,12260.0
nr2409,,13:42:45.0#,12240.0,12380.0,12155.0,12915.0,11450.0,58768,57590.0,12235.0,44,12240.0,68,12245.0,70,12250.0,155,12255.0,54,12260.0,2,12265.0,67,12270.0,125,12275.0,86,12280.0,49,12260.0
nr2409,,13:42:45.500#,12240.0,12380.0,12155.0,12915.0,11450.0,58774,57584.0,12235.0,44,12240.0,68,12245.0,70,12250.0,155,12255.0,37,12260.0,13,12265.0,67,12270.0,125,12275.0,86,12280.0,49,12260.0
nr2409,,13:42:46.0#,12240.0,12380.0,12155.0,12915.0,11450.0,58774,57584.0,12235.0,44,12240.0,76,12245.0,70,12250.0,147,12255.0,36,12260.0,25,12265.0,70,12270.0,141,12275.0,78,12280.0,49,12260.0
nr2409,,13:42:46.500#,12240.0,12380.0,12155.0,12915.0,11450.0,58774,57584.0,12235.0,44,12240.0,76,12245.0,70,12250.0,147,12255.0,35,12260.0,27,12265.0,69,12270.0,141,12275.0,78,12280.0,49,12260.0
nr2409,,13:42:47.0#,12240.0,12380.0,12155.0,12915.0,11450.0,58774,57584.0,12235.0,44,12240.0,76,12245.0,70,12250.0,147,12255.0,35,12260.0,27,12265.0,69,12270.0,141,12275.0,78,12280.0,49,12260.0
nr2409,,13:42:47.500#,12240.0,12380.0,12155.0,12915.0,11450.0,58774,57584.0,12235.0,44,12240.0,77,12245.0,78,12250.0,147,12255.0,35,12260.0,27,12265.0,69,12270.0,141,12275.0,87,12280.0,49,12260.0
nr2409,,13:42:48.500#,12240.0,12380.0,12155.0,12915.0,11450.0,58774,57584.0,12235.0,44,12240.0,76,12245.0,79,12250.0,147,12255.0,37,12260.0,27,12265.0,69,12270.0,150,12275.0,78,12280.0,49,12260.0
nr2409,,13:42:49.0#,12240.0,12380.0,12155.0,12915.0,11450.0,58774,57584.0,12235.0,44,12240.0,76,12245.0,79,12250.0,147,12255.0,37,12260.0,27,12265.0,69,12270.0,150,12275.0,78,12280.0,49,12260.0
nr2409,,13:42:49.500#,12240.0,12380.0,12155.0,12915.0,11450.0,58774,57584.0,12235.0,44,12240.0,76,12245.0,79,12250.0,147,12255.0,35,12260.0,27,12265.0,69,12270.0,150,12275.0,78,12280.0,49,12260.0
nr2409,,13:42:50.0#,12240.0,12380.0,12155.0,12915.0,11450.0,58774,57584.0,12235.0,44,12240.0,76,12245.0,79,12250.0,142,12255.0,45,12260.0,27,12265.0,69,12270.0,150,12275.0,78,12280.0,49,12260.0
nr2409,,13:42:50.500#,12240.0,12380.0,12155.0,12915.0,11450.0,58774,57584.0,12235.0,44,12240.0,76,12245.0,79,12250.0,142,12255.0,46,12260.0,28,12265.0,68,12270.0,150,12275.0,78,12280.0,49,12260.0
nr2409,,13:42:51.0#,12240.0,12380.0,12155.0,12915.0,11450.0,58774,57584.0,12235.0,44,12240.0,76,12245.0,79,12250.0,142,12255.0,52,12260.0,28,12265.0,68,12270.0,150,12275.0,78,12280.0,49,12260.0
nr2409,,13:42:51.500#,12240.0,12380.0,12155.0,12915.0,11450.0,58774,57584.0,12235.0,44,12240.0,76,12245.0,79,12250.0,142,12255.0,52,12260.0,28,12265.0,68,12270.0,150,12275.0,78,12280.0,49,12260.0
nr2409,,13:42:52.500#,12240.0,12380.0,12155.0,12915.0,11450.0,58774,57584.0,12235.0,44,12240.0,76,12245.0,79,12250.0,142,12255.0,52,12260.0,28,12265.0,68,12270.0,150,12275.0,78,12280.0,49,12260.0
nr2409,,13:42:53.500#,12240.0,12380.0,12155.0,12915.0,11450.0,58774,57584.0,12235.0,44,12240.0,76,12245.0,79,12250.0,142,12255.0,52,12260.0,28,12265.0,68,12270.0,150,12275.0,78,12280.0,49,12260.0
nr2409,,13:42:54.0#,12240.0,12380.0,12155.0,12915.0,11450.0,58774,57584.0,12235.0,44,12240.0,76,12245.0,79,12250.0,142,12255.0,53,12260.0,28,12265.0,68,12270.0,150,12275.0,78,12280.0,49,12260.0
nr2409,,13:42:54.500#,12240.0,12380.0,12155.0,12915.0,11450.0,58774,57584.0,12235.0,44,12240.0,76,12245.0,79,12250.0,142,12255.0,53,12260.0,28,12265.0,68,12270.0,150,12275.0,78,12280.0,49,12260.0
nr2409,,13:42:55.500#,12240.0,12380.0,12155.0,12915.0,11450.0,58776,57584.0,12235.0,44,12240.0,76,12245.0,79,12250.0,142,12255.0,53,12260.0,14,12265.0,68,12270.0,150,12275.0,78,12280.0,49,12255.0
nr2409,,13:42:56.0#,12240.0,12380.0,12155.0,12915.0,11450.0,58779,57583.0,12235.0,44,12240.0,76,12245.0,79,12250.0,142,12255.0,51,12260.0,27,12265.0,68,12270.0,150,12275.0,78,12280.0,49,12260.0
nr2409,,13:42:56.500#,12240.0,12380.0,12155.0,12915.0,11450.0,58779,57583.0,12235.0,44,12240.0,76,12245.0,79,12250.0,142,12255.0,49,12260.0,28,12265.0,64,12270.0,150,12275.0,78,12280.0,49,12260.0
nr2409,,13:42:57.500#,12240.0,12380.0,12155.0,12915.0,11450.0,58779,57583.0,12235.0,44,12240.0,76,12245.0,79,12250.0,142,12255.0,49,12260.0,28,12265.0,64,12270.0,150,12275.0,78,12280.0,49,12260.0
nr2409,,13:42:58.0#,12240.0,12380.0,12155.0,12915.0,11450.0,58779,57583.0,12235.0,44,12240.0,76,12245.0,79,12250.0,142,12255.0,51,12260.0,28,12265.0,64,12270.0,150,12275.0,78,12280.0,49,12260.0
nr2409,,13:42:58.500#,12240.0,12380.0,12155.0,12915.0,11450.0,58779,57583.0,12235.0,44,12240.0,76,12245.0,79,12250.0,142,12255.0,51,12260.0,28,12265.0,64,12270.0,150,12275.0,78,12280.0,49,12260.0
nr2409,,13:42:59.500#,12240.0,12380.0,12155.0,12915.0,11450.0,58779,57583.0,12235.0,44,12240.0,76,12245.0,79,12250.0,142,12255.0,51,12260.0,28,12265.0,64,12270.0,150,12275.0,78,12280.0,49,12260.0
nr2409,,13:43:00.0#,12240.0,12380.0,12155.0,12915.0,11450.0,58779,57583.0,12235.0,44,12240.0,76,12245.0,79,12250.0,142,12255.0,51,12260.0,29,12265.0,64,12270.0,150,12275.0,78,12280.0,49,12260.0
nr2409,,13:43:00.500#,12240.0,12380.0,12155.0,12915.0,11450.0,58779,57583.0,12235.0,44,12240.0,76,12245.0,79,12250.0,142,12255.0,51,12260.0,29,12265.0,58,12270.0,150,12275.0,78,12280.0,49,12260.0
nr2409,,13:43:01.0#,12240.0,12380.0,12155.0,12915.0,11450.0,58781,57585.0,12235.0,44,12240.0,76,12245.0,79,12250.0,142,12255.0,46,12260.0,34,12265.0,57,12270.0,150,12275.0,78,12280.0,49,12255.0
nr2409,,13:43:01.500#,12240.0,12380.0,12155.0,12915.0,11450.0,58781,57585.0,12235.0,44,12240.0,76,12245.0,79,12250.0,142,12255.0,46,12260.0,44,12265.0,57,12270.0,150,12275.0,78,12280.0,49,12255.0
nr2409,,13:43:02.500#,12240.0,12380.0,12155.0,12915.0,11450.0,58781,57585.0,12235.0,44,12240.0,76,12245.0,79,12250.0,142,12255.0,46,12260.0,44,12265.0,57,12270.0,150,12275.0,78,12280.0,49,12255.0
nr2409,,13:43:03.0#,12240.0,12380.0,12155.0,12915.0,11450.0,58781,57585.0,12235.0,44,12240.0,82,12245.0,83,12250.0,132,12255.0,46,12260.0,58,12265.0,75,12270.0,138,12275.0,72,12280.0,49,12255.0
nr2409,,13:43:03.500#,12240.0,12380.0,12155.0,12915.0,11450.0,58787,57584.0,12235.0,44,12240.0,82,12245.0,99,12250.0,116,12255.0,40,12260.0,63,12265.0,91,12270.0,122,12275.0,64,12280.0,49,12255.0
nr2409,,13:43:04.0#,12240.0,12380.0,12155.0,12915.0,11450.0,58788,57584.0,12235.0,44,12240.0,90,12245.0,91,12250.0,116,12255.0,39,12260.0,63,12265.0,91,12270.0,130,12275.0,56,12280.0,49,12255.0
nr2409,,13:43:04.500#,12240.0,12380.0,12155.0,12915.0,11450.0,58788,57584.0,12235.0,44,12240.0,90,12245.0,91,12250.0,116,12255.0,39,12260.0,63,12265.0,91,12270.0,130,12275.0,56,12280.0,49,12255.0
nr2409,,13:43:05.0#,12240.0,12380.0,12155.0,12915.0,11450.0,58788,57584.0,12235.0,44,12240.0,90,12245.0,91,12250.0,116,12255.0,39,12260.0,59,12265.0,91,12270.0,130,12275.0,56,12280.0,49,12255.0
nr2409,,13:43:05.500#,12240.0,12380.0,12155.0,12915.0,11450.0,58792,57584.0,12235.0,44,12240.0,90,12245.0,99,12250.0,108,12255.0,35,12260.0,60,12265.0,99,12270.0,122,12275.0,56,12280.0,49,12255.0
nr2409,,13:43:06.0#,12240.0,12380.0,12155.0,12915.0,11450.0,58792,57584.0,12235.0,44,12240.0,90,12245.0,126,12250.0,92,12255.0,35,12260.0,60,12265.0,115,12270.0,106,12275.0,56,12280.0,49,12255.0
nr2409,,13:43:07.0#,12240.0,12380.0,12155.0,12915.0,11450.0,58792,57584.0,12235.0,44,12240.0,90,12245.0,126,12250.0,92,12255.0,35,12260.0,60,12265.0,115,12270.0,106,12275.0,56,12280.0,49,12255.0
nr2409,,13:43:07.500#,12240.0,12380.0,12155.0,12915.0,11450.0,58792,57584.0,12235.0,44,12240.0,90,12245.0,126,12250.0,92,12255.0,35,12260.0,61,12265.0,115,12270.0,106,12275.0,56,12280.0,49,12255.0
nr2409,,13:43:08.0#,12240.0,12380.0,12155.0,12915.0,11450.0,58792,57584.0,12235.0,44,12240.0,90,12245.0,126,12250.0,92,12255.0,35,12260.0,73,12265.0,115,12270.0,106,12275.0,56,12280.0,49,12255.0
nr2409,,13:43:08.500#,12240.0,12380.0,12155.0,12915.0,11450.0,58792,57584.0,12235.0,44,12240.0,90,12245.0,126,12250.0,92,12255.0,35,12260.0,75,12265.0,115,12270.0,106,12275.0,56,12280.0,49,12255.0
nr2409,,13:43:09.0#,12240.0,12380.0,12155.0,12915.0,11450.0,58792,57584.0,12235.0,44,12240.0,90,12245.0,126,12250.0,92,12255.0,35,12260.0,75,12265.0,115,12270.0,106,12275.0,56,12280.0,49,12255.0
nr2409,,13:43:09.500#,12240.0,12380.0,12155.0,12915.0,11450.0,58792,57584.0,12235.0,44,12240.0,90,12245.0,126,12250.0,92,12255.0,35,12260.0,75,12265.0,115,12270.0,106,12275.0,56,12280.0,49,12255.0
nr2409,,13:43:10.0#,12240.0,12380.0,12155.0,12915.0,11450.0,58792,57584.0,12235.0,44,12240.0,90,12245.0,126,12250.0,92,12255.0,36,12260.0,75,12265.0,115,12270.0,106,12275.0,56,12280.0,49,12255.0
nr2409,,13:43:10.500#,12240.0,12380.0,12155.0,12915.0,11450.0,58792,57584.0,12235.0,44,12240.0,90,12245.0,126,12250.0,92,12255.0,36,12260.0,75,12265.0,115,12270.0,106,12275.0,56,12280.0,49,12255.0
nr2409,,13:43:11.0#,12240.0,12380.0,12155.0,12915.0,11450.0,58792,57584.0,12235.0,44,12240.0,90,12245.0,126,12250.0,92,12255.0,36,12260.0,75,12265.0,115,12270.0,106,12275.0,56,12280.0,49,12255.0
nr2409,,13:43:12.0#,12240.0,12380.0,12155.0,12915.0,11450.0,58792,57584.0,12235.0,44,12240.0,90,12245.0,126,12250.0,92,12255.0,36,12260.0,75,12265.0,115,12270.0,106,12275.0,56,12280.0,49,12255.0
nr2409,,13:43:12.500#,12240.0,12380.0,12155.0,12915.0,11450.0,58828,57618.0,12230.0,114,12235.0,45,12240.0,90,12245.0,125,12250.0,97,12255.0,10,12260.0,81,12265.0,123,12270.0,89,12275.0,56,12255.0
nr2409,,13:43:13.0#,12240.0,12380.0,12155.0,12915.0,11450.0,58828,57618.0,12230.0,100,12235.0,45,12240.0,106,12245.0,108,12250.0,83,12255.0,13,12260.0,86,12265.0,131,12270.0,90,12275.0,56,12255.0
nr2409,,13:43:13.500#,12240.0,12380.0,12155.0,12915.0,11450.0,58828,57618.0,12230.0,100,12235.0,53,12240.0,90,12245.0,116,12250.0,81,12255.0,20,12260.0,86,12265.0,139,12270.0,82,12275.0,56,12255.0
nr2409,,13:43:14.0#,12240.0,12380.0,12155.0,12915.0,11450.0,58828,57618.0,12230.0,108,12235.0,45,12240.0,90,12245.0,116,12250.0,81,12255.0,21,12260.0,94,12265.0,131,12270.0,82,12275.0,56,12255.0
nr2409,,13:43:14.500#,12240.0,12380.0,12155.0,12915.0,11450.0,58828,57618.0,12230.0,100,12235.0,54,12240.0,98,12245.0,116,12250.0,81,12255.0,21,12260.0,86,12265.0,139,12270.0,91,12275.0,56,12255.0
nr2409,,13:43:15.0#,12240.0,12380.0,12155.0,12915.0,11450.0,58828,57618.0,12230.0,100,12235.0,54,12240.0,98,12245.0,116,12250.0,95,12255.0,21,12260.0,87,12265.0,131,12270.0,92,12275.0,56,12255.0
nr2409,,13:43:15.500#,12240.0,12380.0,12155.0,12915.0,11450.0,58828,57618.0,12230.0,100,12235.0,53,12240.0,99,12245.0,116,12250.0,81,12255.0,21,12260.0,87,12265.0,140,12270.0,83,12275.0,56,12255.0
nr2409,,13:43:16.500#,12240.0,12380.0,12155.0,12915.0,11450.0,58828,57618.0,12230.0,100,12235.0,53,12240.0,99,12245.0,116,12250.0,81,12255.0,21,12260.0,87,12265.0,140,12270.0,83,12275.0,56,12255.0
nr2409,,13:43:17.0#,12240.0,12380.0,12155.0,12915.0,11450.0,58828,57618.0,12230.0,100,12235.0,53,12240.0,99,12245.0,116,12250.0,81,12255.0,21,12260.0,87,12265.0,148,12270.0,75,12275.0,56,12255.0
nr2409,,13:43:17.500#,12240.0,12380.0,12155.0,12915.0,11450.0,58828,57618.0,12230.0,100,12235.0,53,12240.0,99,12245.0,116,12250.0,81,12255.0,21,12260.0,87,12265.0,148,12270.0,75,12275.0,56,12255.0
nr2409,,13:43:18.500#,12240.0,12380.0,12155.0,12915.0,11450.0,58828,57618.0,12230.0,100,12235.0,53,12240.0,99,12245.0,116,12250.0,81,12255.0,21,12260.0,87,12265.0,150,12270.0,75,12275.0,56,12255.0
nr2409,,13:43:19.500#,12240.0,12380.0,12155.0,12915.0,11450.0,58828,57618.0,12230.0,100,12235.0,53,12240.0,99,12245.0,116,12250.0,81,12255.0,21,12260.0,87,12265.0,150,12270.0,75,12275.0,56,12255.0
nr2409,,13:43:20.0#,12240.0,12380.0,12155.0,12915.0,11450.0,58828,57618.0,12230.0,100,12235.0,53,12240.0,104,12245.0,116,12250.0,81,12255.0,21,12260.0,87,12265.0,150,12270.0,75,12275.0,56,12255.0
nr2409,,13:43:20.500#,12240.0,12380.0,12155.0,12915.0,11450.0,58828,57618.0,12230.0,100,12235.0,53,12240.0,104,12245.0,116,12250.0,82,12255.0,29,12260.0,87,12265.0,150,12270.0,75,12275.0,56,12255.0
nr2409,,13:43:21.0#,12240.0,12380.0,12155.0,12915.0,11450.0,58828,57618.0,12230.0,100,12235.0,53,12240.0,104,12245.0,116,12250.0,82,12255.0,29,12260.0,87,12265.0,150,12270.0,74,12275.0,56,12255.0
nr2409,,13:43:21.500#,12240.0,12380.0,12155.0,12915.0,11450.0,58828,57618.0,12230.0,100,12235.0,53,12240.0,104,12245.0,116,12250.0,82,12255.0,29,12260.0,87,12265.0,151,12270.0,74,12275.0,56,12255.0
nr2409,,13:43:22.0#,12240.0,12380.0,12155.0,12915.0,11450.0,58828,57618.0,12230.0,100,12235.0,53,12240.0,104,12245.0,116,12250.0,84,12255.0,31,12260.0,87,12265.0,151,12270.0,74,12275.0,56,12255.0
nr2409,,13:43:22.500#,12240.0,12380.0,12155.0,12915.0,11450.0,58828,57618.0,12230.0,100,12235.0,53,12240.0,104,12245.0,116,12250.0,84,12255.0,31,12260.0,87,12265.0,151,12270.0,74,12275.0,56,12255.0
nr2409,,13:43:23.0#,12240.0,12380.0,12155.0,12915.0,11450.0,58828,57618.0,12230.0,100,12235.0,53,12240.0,104,12245.0,115,12250.0,84,12255.0,32,12260.0,86,12265.0,151,12270.0,71,12275.0,56,12255.0
nr2409,,13:43:23.500#,12240.0,12380.0,12155.0,12915.0,11450.0,58828,57618.0,12230.0,100,12235.0,53,12240.0,104,12245.0,115,12250.0,84,12255.0,32,12260.0,89,12265.0,151,12270.0,71,12275.0,56,12255.0
nr2409,,13:43:24.0#,12240.0,12380.0,12155.0,12915.0,11450.0,58838,57613.0,12230.0,105,12235.0,54,12240.0,95,12245.0,115,12250.0,84,12255.0,22,12260.0,89,12265.0,142,12270.0,71,12275.0,56,12255.0
nr2409,,13:43:24.500#,12240.0,12380.0,12155.0,12915.0,11450.0,58838,57613.0,12230.0,105,12235.0,54,12240.0,95,12245.0,115,12250.0,84,12255.0,22,12260.0,89,12265.0,142,12270.0,71,12275.0,56,12255.0
nr2409,,13:43:25.500#,12240.0,12380.0,12155.0,12915.0,11450.0,58838,57613.0,12230.0,105,12235.0,54,12240.0,104,12245.0,115,12250.0,84,12255.0,22,12260.0,89,12265.0,151,12270.0,71,12275.0,56,12255.0
nr2409,,13:43:26.0#,12240.0,12380.0,12155.0,12915.0,11450.0,58860,57601.0,12230.0,105,12235.0,54,12240.0,104,12245.0,115,12250.0,98,12260.0,89,12265.0,159,12270.0,71,12275.0,56,12280.0,48,12255.0
nr2409,,13:43:26.500#,12240.0,12380.0,12155.0,12915.0,11450.0,58860,57601.0,12235.0,54,12240.0,95,12245.0,115,12250.0,107,12255.0,15,12260.0,72,12265.0,126,12270.0,87,12275.0,56,12280.0,48,12255.0
nr2409,,13:43:27.0#,12240.0,12380.0,12155.0,12915.0,11450.0,58860,57601.0,12235.0,54,12240.0,87,12245.0,115,12250.0,115,12255.0,11,12260.0,72,12265.0,118,12270.0,95,12275.0,56,12280.0,48,12255.0
nr2409,,13:43:27.500#,12240.0,12380.0,12155.0,12915.0,11450.0,58860,57601.0,12235.0,54,12240.0,89,12245.0,123,12250.0,108,12255.0,11,12260.0,72,12265.0,126,12270.0,87,12275.0,56,12280.0,48,12255.0
nr2409,,13:43:28.500#,12240.0,12380.0,12155.0,12915.0,11450.0,58860,57601.0,12235.0,54,12240.0,98,12245.0,123,12250.0,108,12255.0,11,12260.0,75,12265.0,126,12270.0,95,12275.0,57,12280.0,48,12255.0
nr2409,,13:43:29.0#,12240.0,12380.0,12155.0,12915.0,11450.0,58872,57605.0,12230.0,105,12235.0,54,12240.0,97,12245.0,123,12250.0,99,12255.0,1,12260.0,80,12265.0,134,12270.0,79,12275.0,56,12255.0
nr2409,,13:43:29.500#,12240.0,12380.0,12155.0,12915.0,11450.0,58872,57605.0,12235.0,54,12240.0,97,12245.0,115,12250.0,107,12255.0,2,12260.0,79,12265.0,118,12270.0,95,12275.0,56,12280.0,48,12255.0
nr2409,,13:43:30.0#,12240.0,12380.0,12155.0,12915.0,11450.0,58873,57604.0,12235.0,54,12240.0,89,12245.0,123,12250.0,107,12255.0,2,12260.0,76,12265.0,118,12270.0,95,12275.0,56,12280.0,48,12260.0
nr2409,,13:43:30.500#,12240.0,12380.0,12155.0,12915.0,11450.0,58874,57605.0,12235.0,54,12240.0,89,12245.0,123,12250.0,109,12255.0,3,12260.0,76,12265.0,126,12270.0,87,12275.0,56,12280.0,48,12255.0
nr2409,,13:43:31.0#,12240.0,12380.0,12155.0,12915.0,11450.0,58875,57604.0,12230.0,105,12235.0,54,12240.0,89,12245.0,123,12250.0,109,12255.0,1,12260.0,76,12265.0,126,12270.0,87,12275.0,56,12255.0
nr2409,,13:43:31.500#,12240.0,12380.0,12155.0,12915.0,11450.0,58875,57604.0,12230.0,105,12235.0,54,12240.0,97,12245.0,125,12250.0,99,12260.0,76,12265.0,126,12270.0,87,12275.0,56,12280.0,48,12255.0
nr2409,,13:43:32.0#,12240.0,12380.0,12155.0,12915.0,11450.0,58875,57604.0,12230.0,105,12235.0,54,12240.0,89,12245.0,133,12250.0,99,12260.0,78,12265.0,126,12270.0,87,12275.0,56,12280.0,48,12255.0
nr2409,,13:43:32.500#,12240.0,12380.0,12155.0,12915.0,11450.0,58875,57604.0,12230.0,105,12235.0,55,12240.0,105,12245.0,125,12250.0,99,12255.0,11,12260.0,92,12265.0,134,12270.0,88,12275.0,56,12255.0
nr2409,,13:43:33.0#,12240.0,12380.0,12155.0,12915.0,11450.0,58876,57604.0,12230.0,105,12235.0,55,12240.0,113,12245.0,112,12250.0,101,12255.0,8,12260.0,90,12265.0,150,12270.0,80,12275.0,56,12255.0
nr2409,,13:43:33.500#,12240.0,12380.0,12155.0,12915.0,11450.0,58876,57604.0,12230.0,105,12235.0,55,12240.0,105,12245.0,120,12250.0,99,12255.0,3,12260.0,90,12265.0,150,12270.0,80,12275.0,56,12255.0
nr2409,,13:43:34.0#,12240.0,12380.0,12155.0,12915.0,11450.0,58876,57604.0,12230.0,105,12235.0,55,12240.0,105,12245.0,128,12250.0,99,12255.0,5,12260.0,82,12265.0,142,12270.0,80,12275.0,56,12255.0
nr2409,,13:43:34.500#,12240.0,12380.0,12155.0,12915.0,11450.0,58876,57604.0,12230.0,105,12235.0,55,12240.0,97,12245.0,136,12250.0,99,12255.0,5,12260.0,78,12265.0,134,12270.0,88,12275.0,56,12255.0
nr2409,,13:43:35.0#,12240.0,12380.0,12155.0,12915.0,11450.0,58881,57603.0,12235.0,54,12240.0,89,12245.0,128,12250.0,107,12255.0,3,12260.0,76,12265.0,118,12270.0,95,12275.0,56,12280.0,48,12255.0
nr2409,,13:43:35.500#,12240.0,12380.0,12155.0,12915.0,11450.0,58881,57603.0,12235.0,54,12240.0,89,12245.0,128,12250.0,107,12255.0,10,12260.0,74,12265.0,118,12270.0,95,12275.0,56,12280.0,48,12255.0
nr2409,,13:43:36.0#,12240.0,12380.0,12155.0,12915.0,11450.0,58881,57603.0,12235.0,54,12240.0,89,12245.0,128,12250.0,110,12255.0,11,12260.0,74,12265.0,126,12270.0,87,12275.0,56,12280.0,48,12255.0
