InstrumentId,ExchangeId,Datetime,OpenPrice,HighestPrice,LowestPrice,UpperLimitPrice,LowerLimitPrice,Volume,OpenInterest,BidPrice5,BidVolume5,BidPrice4,BidVolume4,BidPrice3,BidVolume3,BidPrice2,BidVolume2,BidPrice1,BidVolume1,AskPrice1,AskVolume1,AskPrice2,AskVolume2,AskPrice3,AskVolume3,AskPrice4,AskVolume4,AskPrice5,AskVolume5,LastPrice
OI409,,13:38:35.0#,8654.0,8732.0,8616.0,9094.0,8064.0,685802,275911,8694.0,22,8695.0,79,8696.0,103,8697.0,94,8698.0,31,8699.0,27,8700.0,37,8701.0,29,8702.0,42,8703.0,23,8698.0
OI409,,13:38:35.250#,8654.0,8732.0,8616.0,9094.0,8064.0,685802,275911,8694.0,22,8695.0,79,8696.0,103,8697.0,95,8698.0,31,8699.0,27,8700.0,37,8701.0,39,8702.0,42,8703.0,23,8698.0
OI409,,13:38:35.500#,8654.0,8732.0,8616.0,9094.0,8064.0,685803,275912,8694.0,22,8695.0,79,8696.0,103,8697.0,96,8698.0,33,8699.0,28,8700.0,37,8701.0,39,8702.0,42,8703.0,23,8699.0
OI409,,13:38:35.750#,8654.0,8732.0,8616.0,9094.0,8064.0,685803,275912,8694.0,22,8695.0,79,8696.0,103,8697.0,96,8698.0,31,8699.0,28,8700.0,37,8701.0,39,8702.0,42,8703.0,23,8699.0
OI409,,13:38:36.0#,8654.0,8732.0,8616.0,9094.0,8064.0,685803,275912,8694.0,22,8695.0,79,8696.0,103,8697.0,95,8698.0,31,8699.0,28,8700.0,37,8701.0,39,8702.0,42,8703.0,23,8699.0
OI409,,13:38:36.250#,8654.0,8732.0,8616.0,9094.0,8064.0,685804,275913,8694.0,22,8695.0,79,8696.0,103,8697.0,95,8698.0,31,8699.0,28,8700.0,39,8701.0,39,8702.0,42,8703.0,23,8698.0
OI409,,13:38:36.500#,8654.0,8732.0,8616.0,9094.0,8064.0,685825,275919,8694.0,22,8695.0,79,8696.0,103,8697.0,95,8698.0,11,8699.0,30,8700.0,39,8701.0,39,8702.0,42,8703.0,23,8698.0
OI409,,13:38:36.750#,8654.0,8732.0,8616.0,9094.0,8064.0,685837,275917,8693.0,46,8694.0,22,8695.0,79,8696.0,103,8697.0,108,8699.0,30,8700.0,39,8701.0,39,8702.0,42,8703.0,23,8698.0
OI409,,13:38:37.0#,8654.0,8732.0,8616.0,9094.0,8064.0,685837,275917,8694.0,22,8695.0,79,8696.0,103,8697.0,93,8698.0,13,8699.0,30,8700.0,39,8701.0,39,8702.0,42,8703.0,23,8698.0
OI409,,13:38:37.250#,8654.0,8732.0,8616.0,9094.0,8064.0,685855,275919,8694.0,22,8695.0,79,8696.0,103,8697.0,93,8698.0,5,8699.0,29,8700.0,39,8701.0,39,8702.0,42,8703.0,23,8699.0
OI409,,13:38:37.500#,8654.0,8732.0,8616.0,9094.0,8064.0,685855,275919,8694.0,22,8695.0,79,8696.0,103,8697.0,93,8698.0,7,8699.0,31,8700.0,39,8701.0,39,8702.0,42,8703.0,23,8699.0
OI409,,13:38:37.750#,8654.0,8732.0,8616.0,9094.0,8064.0,685855,275919,8694.0,22,8695.0,79,8696.0,103,8697.0,94,8698.0,7,8699.0,31,8700.0,39,8701.0,39,8702.0,42,8703.0,24,8699.0
OI409,,13:38:38.0#,8654.0,8732.0,8616.0,9094.0,8064.0,685864,275920,8693.0,46,8694.0,22,8695.0,79,8696.0,103,8697.0,107,8698.0,3,8699.0,32,8700.0,39,8701.0,39,8702.0,42,8698.0
OI409,,13:38:38.250#,8654.0,8732.0,8616.0,9094.0,8064.0,685866,275920,8693.0,46,8694.0,22,8695.0,79,8696.0,103,8697.0,106,8698.0,14,8699.0,15,8700.0,38,8701.0,39,8702.0,42,8697.0
OI409,,13:38:38.500#,8654.0,8732.0,8616.0,9094.0,8064.0,685867,275921,8693.0,46,8694.0,22,8695.0,79,8696.0,103,8697.0,105,8698.0,16,8699.0,14,8700.0,38,8701.0,39,8702.0,42,8698.0
OI409,,13:38:38.750#,8654.0,8732.0,8616.0,9094.0,8064.0,685867,275921,8693.0,46,8694.0,22,8695.0,79,8696.0,103,8697.0,106,8698.0,17,8699.0,18,8700.0,38,8701.0,39,8702.0,42,8698.0
OI409,,13:38:39.0#,8654.0,8732.0,8616.0,9094.0,8064.0,685868,275922,8693.0,46,8694.0,22,8695.0,79,8696.0,103,8697.0,106,8698.0,16,8699.0,18,8700.0,38,8701.0,39,8702.0,42,8698.0
OI409,,13:38:39.250#,8654.0,8732.0,8616.0,9094.0,8064.0,685869,275922,8693.0,46,8694.0,22,8695.0,79,8696.0,103,8697.0,105,8698.0,21,8699.0,17,8700.0,38,8701.0,39,8702.0,42,8697.0
OI409,,13:38:39.500#,8654.0,8732.0,8616.0,9094.0,8064.0,685879,275912,8693.0,46,8694.0,23,8695.0,79,8696.0,102,8697.0,106,8698.0,25,8699.0,17,8700.0,38,8701.0,39,8702.0,42,8698.0
OI409,,13:38:39.750#,8654.0,8732.0,8616.0,9094.0,8064.0,685881,275911,8693.0,45,8694.0,23,8695.0,79,8696.0,103,8697.0,104,8698.0,27,8699.0,13,8700.0,38,8701.0,39,8702.0,42,8698.0
OI409,,13:38:40.0#,8654.0,8732.0,8616.0,9094.0,8064.0,685881,275911,8693.0,45,8694.0,23,8695.0,79,8696.0,103,8697.0,104,8698.0,27,8699.0,13,8700.0,38,8701.0,39,8702.0,42,8698.0
OI409,,13:38:40.250#,8654.0,8732.0,8616.0,9094.0,8064.0,685884,275911,8693.0,45,8694.0,23,8695.0,77,8696.0,103,8697.0,104,8698.0,25,8699.0,13,8700.0,38,8701.0,39,8702.0,42,8698.0
OI409,,13:38:40.500#,8654.0,8732.0,8616.0,9094.0,8064.0,685886,275911,8693.0,45,8694.0,23,8695.0,77,8696.0,103,8697.0,104,8698.0,23,8699.0,13,8700.0,38,8701.0,39,8702.0,42,8698.0
OI409,,13:38:40.750#,8654.0,8732.0,8616.0,9094.0,8064.0,685886,275911,8693.0,45,8694.0,23,8695.0,77,8696.0,103,8697.0,104,8698.0,24,8699.0,13,8700.0,38,8701.0,38,8702.0,42,8698.0
OI409,,13:38:41.0#,8654.0,8732.0,8616.0,9094.0,8064.0,685887,275911,8693.0,45,8694.0,23,8695.0,77,8696.0,103,8697.0,104,8698.0,23,8699.0,13,8700.0,38,8701.0,38,8702.0,42,8698.0
OI409,,13:38:41.250#,8654.0,8732.0,8616.0,9094.0,8064.0,685892,275912,8693.0,45,8694.0,23,8695.0,77,8696.0,103,8697.0,102,8698.0,20,8699.0,13,8700.0,38,8701.0,38,8702.0,42,8697.0
OI409,,13:38:41.500#,8654.0,8732.0,8616.0,9094.0,8064.0,685892,275912,8693.0,45,8694.0,23,8695.0,77,8696.0,103,8697.0,91,8698.0,20,8699.0,13,8700.0,38,8701.0,38,8702.0,42,8697.0
OI409,,13:38:42.250#,8654.0,8732.0,8616.0,9094.0,8064.0,685892,275912,8693.0,45,8694.0,23,8695.0,77,8696.0,103,8697.0,91,8698.0,20,8699.0,13,8700.0,38,8701.0,38,8702.0,42,8697.0
OI409,,13:38:42.500#,8654.0,8732.0,8616.0,9094.0,8064.0,685906,275903,8693.0,45,8694.0,23,8695.0,77,8696.0,103,8697.0,87,8698.0,10,8699.0,12,8700.0,38,8701.0,38,8702.0,42,8697.0
OI409,,13:38:42.750#,8654.0,8732.0,8616.0,9094.0,8064.0,685911,275905,8693.0,45,8694.0,23,8695.0,77,8696.0,103,8697.0,85,8698.0,8,8699.0,12,8700.0,38,8701.0,38,8702.0,42,8698.0
OI409,,13:38:43.0#,8654.0,8732.0,8616.0,9094.0,8064.0,685911,275905,8693.0,45,8694.0,23,8695.0,77,8696.0,103,8697.0,85,8698.0,8,8699.0,12,8700.0,58,8701.0,38,8702.0,42,8698.0
OI409,,13:38:43.250#,8654.0,8732.0,8616.0,9094.0,8064.0,685911,275905,8693.0,45,8694.0,22,8695.0,77,8696.0,103,8697.0,85,8698.0,8,8699.0,12,8700.0,58,8701.0,38,8702.0,42,8698.0
OI409,,13:38:43.500#,8654.0,8732.0,8616.0,9094.0,8064.0,685911,275905,8693.0,45,8694.0,22,8695.0,77,8696.0,103,8697.0,85,8698.0,8,8699.0,12,8700.0,58,8701.0,38,8702.0,41,8698.0
OI409,,13:38:43.750#,8654.0,8732.0,8616.0,9094.0,8064.0,685923,275910,8693.0,47,8694.0,22,8695.0,77,8696.0,104,8697.0,84,8699.0,16,8700.0,58,8701.0,38,8702.0,41,8703.0,27,8697.0
OI409,,13:38:44.0#,8654.0,8732.0,8616.0,9094.0,8064.0,685931,275904,8693.0,47,8694.0,22,8695.0,77,8696.0,104,8697.0,84,8698.0,9,8699.0,12,8700.0,58,8701.0,38,8702.0,41,8698.0
OI409,,13:38:44.250#,8654.0,8732.0,8616.0,9094.0,8064.0,685939,275901,8693.0,47,8694.0,22,8695.0,77,8696.0,106,8697.0,84,8698.0,2,8699.0,11,8700.0,58,8701.0,38,8702.0,41,8698.0
OI409,,13:38:44.500#,8654.0,8732.0,8616.0,9094.0,8064.0,685939,275901,8693.0,47,8694.0,22,8695.0,77,8696.0,106,8697.0,110,8698.0,1,8699.0,11,8700.0,58,8701.0,38,8702.0,41,8698.0
OI409,,13:38:44.750#,8654.0,8732.0,8616.0,9094.0,8064.0,685940,275901,8694.0,22,8695.0,77,8696.0,106,8697.0,85,8698.0,11,8699.0,11,8700.0,56,8701.0,38,8702.0,41,8703.0,26,8698.0
OI409,,13:38:45.0#,8654.0,8732.0,8616.0,9094.0,8064.0,685940,275901,8694.0,22,8695.0,77,8696.0,106,8697.0,85,8698.0,6,8699.0,18,8700.0,56,8701.0,38,8702.0,41,8703.0,26,8698.0
OI409,,13:38:45.250#,8654.0,8732.0,8616.0,9094.0,8064.0,685944,275903,8693.0,47,8694.0,22,8695.0,77,8696.0,107,8697.0,110,8698.0,2,8699.0,31,8700.0,56,8701.0,38,8702.0,41,8698.0
OI409,,13:38:45.500#,8654.0,8732.0,8616.0,9094.0,8064.0,685952,275907,8694.0,22,8695.0,77,8696.0,107,8697.0,86,8698.0,2,8699.0,25,8700.0,56,8701.0,38,8702.0,41,8703.0,26,8699.0
OI409,,13:38:45.750#,8654.0,8732.0,8616.0,9094.0,8064.0,685953,275907,8694.0,22,8695.0,77,8696.0,107,8697.0,86,8698.0,25,8699.0,25,8700.0,56,8701.0,38,8702.0,41,8703.0,26,8698.0
OI409,,13:38:46.0#,8654.0,8732.0,8616.0,9094.0,8064.0,685954,275907,8694.0,22,8695.0,77,8696.0,107,8697.0,86,8698.0,54,8699.0,5,8700.0,56,8701.0,38,8702.0,41,8703.0,26,8699.0
OI409,,13:38:46.250#,8654.0,8732.0,8616.0,9094.0,8064.0,685963,275910,8695.0,77,8696.0,107,8697.0,87,8698.0,42,8699.0,39,8700.0,55,8701.0,38,8702.0,41,8703.0,26,8704.0,65,8699.0
OI409,,13:38:46.500#,8654.0,8732.0,8616.0,9094.0,8064.0,685963,275910,8695.0,77,8696.0,107,8697.0,87,8698.0,42,8699.0,35,8700.0,52,8701.0,38,8702.0,41,8703.0,26,8704.0,65,8699.0
OI409,,13:38:46.750#,8654.0,8732.0,8616.0,9094.0,8064.0,685963,275910,8695.0,77,8696.0,107,8697.0,86,8698.0,42,8699.0,26,8700.0,52,8701.0,38,8702.0,41,8703.0,26,8704.0,58,8699.0
OI409,,13:38:47.0#,8654.0,8732.0,8616.0,9094.0,8064.0,685964,275909,8695.0,77,8696.0,107,8697.0,86,8698.0,49,8699.0,35,8700.0,46,8701.0,38,8702.0,41,8703.0,26,8704.0,58,8700.0
OI409,,13:38:47.250#,8654.0,8732.0,8616.0,9094.0,8064.0,685966,275909,8695.0,77,8696.0,107,8697.0,86,8698.0,50,8699.0,35,8700.0,34,8701.0,39,8702.0,41,8703.0,26,8704.0,58,8699.0
OI409,,13:38:47.500#,8654.0,8732.0,8616.0,9094.0,8064.0,685967,275910,8695.0,77,8696.0,108,8697.0,86,8698.0,50,8699.0,35,8700.0,33,8701.0,39,8702.0,41,8703.0,26,8704.0,58,8699.0
OI409,,13:38:47.750#,8654.0,8732.0,8616.0,9094.0,8064.0,685968,275909,8695.0,77,8696.0,108,8697.0,86,8698.0,50,8699.0,34,8700.0,32,8701.0,39,8702.0,41,8703.0,26,8704.0,58,8700.0
OI409,,13:38:48.0#,8654.0,8732.0,8616.0,9094.0,8064.0,685968,275909,8695.0,77,8696.0,108,8697.0,86,8698.0,50,8699.0,37,8700.0,32,8701.0,39,8702.0,41,8703.0,26,8704.0,58,8700.0
OI409,,13:38:48.250#,8654.0,8732.0,8616.0,9094.0,8064.0,685971,275908,8695.0,77,8696.0,108,8697.0,86,8698.0,50,8699.0,34,8700.0,32,8701.0,36,8702.0,41,8703.0,26,8704.0,58,8699.0
OI409,,13:38:48.500#,8654.0,8732.0,8616.0,9094.0,8064.0,685971,275908,8695.0,77,8696.0,108,8697.0,90,8698.0,50,8699.0,5,8700.0,36,8701.0,36,8702.0,41,8703.0,26,8704.0,58,8699.0
OI409,,13:38:48.750#,8654.0,8732.0,8616.0,9094.0,8064.0,685971,275908,8695.0,77,8696.0,108,8697.0,90,8698.0,48,8699.0,4,8700.0,36,8701.0,33,8702.0,41,8703.0,26,8704.0,58,8699.0
OI409,,13:38:49.0#,8654.0,8732.0,8616.0,9094.0,8064.0,685972,275907,8695.0,77,8696.0,108,8697.0,90,8698.0,48,8699.0,4,8700.0,35,8701.0,33,8702.0,41,8703.0,26,8704.0,58,8700.0
OI409,,13:38:49.250#,8654.0,8732.0,8616.0,9094.0,8064.0,685974,275908,8695.0,77,8696.0,108,8697.0,92,8698.0,48,8699.0,7,8700.0,35,8701.0,33,8702.0,41,8703.0,26,8704.0,58,8699.0
OI409,,13:38:49.500#,8654.0,8732.0,8616.0,9094.0,8064.0,686007,275905,8695.0,77,8696.0,108,8697.0,92,8698.0,47,8699.0,22,8700.0,2,8701.0,33,8702.0,41,8703.0,26,8704.0,58,8700.0
OI409,,13:38:49.750#,8654.0,8732.0,8616.0,9094.0,8064.0,686009,275905,8696.0,108,8697.0,92,8698.0,47,8699.0,33,8700.0,65,8701.0,28,8702.0,41,8703.0,26,8704.0,58,8705.0,49,8700.0
OI409,,13:38:50.0#,8654.0,8732.0,8616.0,9094.0,8064.0,686015,275909,8696.0,108,8697.0,92,8698.0,44,8699.0,32,8700.0,63,8701.0,12,8702.0,41,8703.0,25,8704.0,58,8705.0,54,8700.0
OI409,,13:38:50.250#,8654.0,8732.0,8616.0,9094.0,8064.0,686015,275909,8696.0,106,8697.0,92,8698.0,44,8699.0,32,8700.0,64,8701.0,12,8702.0,39,8703.0,25,8704.0,58,8705.0,54,8700.0
OI409,,13:38:50.500#,8654.0,8732.0,8616.0,9094.0,8064.0,686015,275909,8696.0,106,8697.0,92,8698.0,45,8699.0,32,8700.0,64,8701.0,12,8702.0,39,8703.0,25,8704.0,58,8705.0,54,8700.0
OI409,,13:38:50.750#,8654.0,8732.0,8616.0,9094.0,8064.0,686016,275909,8696.0,106,8697.0,92,8698.0,45,8699.0,32,8700.0,63,8701.0,12,8702.0,40,8703.0,25,8704.0,58,8705.0,54,8700.0
OI409,,13:38:51.0#,8654.0,8732.0,8616.0,9094.0,8064.0,686018,275909,8696.0,106,8697.0,92,8698.0,45,8699.0,32,8700.0,61,8701.0,13,8702.0,40,8703.0,25,8704.0,58,8705.0,54,8700.0
OI409,,13:38:51.250#,8654.0,8732.0,8616.0,9094.0,8064.0,686018,275909,8696.0,106,8697.0,92,8698.0,45,8699.0,32,8700.0,62,8701.0,14,8702.0,40,8703.0,25,8704.0,58,8705.0,54,8700.0
OI409,,13:38:51.500#,8654.0,8732.0,8616.0,9094.0,8064.0,686023,275914,8696.0,106,8697.0,92,8698.0,46,8699.0,32,8700.0,57,8701.0,14,8702.0,40,8703.0,25,8704.0,58,8705.0,54,8700.0
OI409,,13:38:51.750#,8654.0,8732.0,8616.0,9094.0,8064.0,686025,275914,8696.0,106,8697.0,92,8698.0,46,8699.0,32,8700.0,32,8701.0,13,8702.0,40,8703.0,25,8704.0,58,8705.0,54,8700.0
OI409,,13:38:52.0#,8654.0,8732.0,8616.0,9094.0,8064.0,686025,275914,8696.0,106,8697.0,92,8698.0,46,8699.0,32,8700.0,5,8701.0,13,8702.0,40,8703.0,26,8704.0,58,8705.0,54,8700.0
OI409,,13:38:52.250#,8654.0,8732.0,8616.0,9094.0,8064.0,686025,275914,8696.0,106,8697.0,92,8698.0,46,8699.0,32,8700.0,4,8701.0,25,8702.0,45,8703.0,26,8704.0,58,8705.0,54,8700.0
OI409,,13:38:52.500#,8654.0,8732.0,8616.0,9094.0,8064.0,686027,275915,8696.0,107,8697.0,122,8698.0,46,8699.0,32,8700.0,3,8701.0,25,8702.0,45,8703.0,26,8704.0,58,8705.0,54,8701.0
OI409,,13:38:52.750#,8654.0,8732.0,8616.0,9094.0,8064.0,686029,275915,8696.0,107,8697.0,123,8698.0,46,8699.0,32,8700.0,9,8701.0,25,8702.0,45,8703.0,26,8704.0,58,8705.0,54,8700.0
OI409,,13:38:53.0#,8654.0,8732.0,8616.0,9094.0,8064.0,686036,275919,8696.0,107,8697.0,123,8698.0,46,8699.0,32,8700.0,4,8701.0,15,8702.0,45,8703.0,26,8704.0,58,8705.0,54,8700.0
OI409,,13:38:53.250#,8654.0,8732.0,8616.0,9094.0,8064.0,686036,275919,8696.0,107,8697.0,123,8698.0,48,8699.0,32,8700.0,17,8701.0,15,8702.0,45,8703.0,26,8704.0,58,8705.0,54,8700.0
OI409,,13:38:53.500#,8654.0,8732.0,8616.0,9094.0,8064.0,686036,275919,8696.0,107,8697.0,123,8698.0,48,8699.0,32,8700.0,25,8701.0,12,8702.0,45,8703.0,27,8704.0,58,8705.0,54,8700.0
OI409,,13:38:53.750#,8654.0,8732.0,8616.0,9094.0,8064.0,686036,275919,8696.0,106,8697.0,123,8698.0,48,8699.0,32,8700.0,22,8701.0,12,8702.0,45,8703.0,27,8704.0,58,8705.0,54,8700.0
OI409,,13:38:54.0#,8654.0,8732.0,8616.0,9094.0,8064.0,686036,275919,8696.0,106,8697.0,123,8698.0,48,8699.0,32,8700.0,22,8701.0,13,8702.0,45,8703.0,27,8704.0,58,8705.0,54,8700.0
OI409,,13:38:54.250#,8654.0,8732.0,8616.0,9094.0,8064.0,686036,275919,8696.0,106,8697.0,123,8698.0,48,8699.0,32,8700.0,23,8701.0,13,8702.0,45,8703.0,27,8704.0,58,8705.0,54,8700.0
OI409,,13:38:54.500#,8654.0,8732.0,8616.0,9094.0,8064.0,686037,275920,8696.0,106,8697.0,122,8698.0,44,8699.0,33,8700.0,23,8701.0,11,8702.0,45,8703.0,27,8704.0,58,8705.0,55,8701.0
OI409,,13:38:54.750#,8654.0,8732.0,8616.0,9094.0,8064.0,686037,275920,8696.0,106,8697.0,124,8698.0,44,8699.0,33,8700.0,23,8701.0,11,8702.0,45,8703.0,27,8704.0,58,8705.0,55,8701.0
OI409,,13:38:55.0#,8654.0,8732.0,8616.0,9094.0,8064.0,686040,275921,8696.0,106,8697.0,124,8698.0,44,8699.0,33,8700.0,16,8701.0,10,8702.0,45,8703.0,27,8704.0,58,8705.0,55,8701.0
OI409,,13:38:55.250#,8654.0,8732.0,8616.0,9094.0,8064.0,686041,275921,8696.0,106,8697.0,124,8698.0,44,8699.0,33,8700.0,13,8701.0,11,8702.0,45,8703.0,27,8704.0,58,8705.0,55,8700.0
OI409,,13:38:55.500#,8654.0,8732.0,8616.0,9094.0,8064.0,686052,275916,8696.0,106,8697.0,124,8698.0,44,8699.0,33,8700.0,13,8701.0,9,8702.0,45,8703.0,27,8704.0,58,8705.0,55,8701.0
OI409,,13:38:55.750#,8654.0,8732.0,8616.0,9094.0,8064.0,686054,275916,8696.0,106,8697.0,124,8698.0,44,8699.0,33,8700.0,13,8701.0,8,8702.0,45,8703.0,27,8704.0,58,8705.0,55,8701.0
OI409,,13:38:56.0#,8654.0,8732.0,8616.0,9094.0,8064.0,686054,275916,8696.0,106,8697.0,124,8698.0,44,8699.0,33,8700.0,13,8701.0,9,8702.0,45,8703.0,27,8704.0,58,8705.0,55,8701.0
OI409,,13:38:56.250#,8654.0,8732.0,8616.0,9094.0,8064.0,686054,275916,8696.0,106,8697.0,124,8698.0,44,8699.0,33,8700.0,12,8701.0,11,8702.0,45,8703.0,27,8704.0,58,8705.0,55,8701.0
OI409,,13:38:56.500#,8654.0,8732.0,8616.0,9094.0,8064.0,686054,275916,8696.0,106,8697.0,124,8698.0,44,8699.0,33,8700.0,12,8701.0,11,8702.0,45,8703.0,27,8704.0,58,8705.0,55,8701.0
OI409,,13:38:56.750#,8654.0,8732.0,8616.0,9094.0,8064.0,686054,275916,8696.0,106,8697.0,123,8698.0,44,8699.0,33,8700.0,12,8701.0,17,8702.0,45,8703.0,27,8704.0,58,8705.0,55,8701.0
OI409,,13:38:57.0#,8654.0,8732.0,8616.0,9094.0,8064.0,686054,275916,8696.0,106,8697.0,123,8698.0,44,8699.0,33,8700.0,8,8701.0,17,8702.0,45,8703.0,27,8704.0,58,8705.0,55,8701.0
OI409,,13:38:57.250#,8654.0,8732.0,8616.0,9094.0,8064.0,686054,275916,8696.0,105,8697.0,123,8698.0,44,8699.0,33,8700.0,9,8701.0,18,8702.0,45,8703.0,27,8704.0,58,8705.0,55,8701.0
OI409,,13:38:57.500#,8654.0,8732.0,8616.0,9094.0,8064.0,686054,275916,8696.0,105,8697.0,123,8698.0,44,8699.0,33,8700.0,9,8701.0,18,8702.0,45,8703.0,27,8704.0,58,8705.0,55,8701.0
OI409,,13:38:57.750#,8654.0,8732.0,8616.0,9094.0,8064.0,686055,275916,8696.0,105,8697.0,123,8698.0,44,8699.0,33,8700.0,8,8701.0,18,8702.0,45,8703.0,27,8704.0,58,8705.0,55,8700.0
OI409,,13:38:58.0#,8654.0,8732.0,8616.0,9094.0,8064.0,686055,275916,8696.0,105,8697.0,123,8698.0,44,8699.0,33,8700.0,10,8701.0,19,8702.0,45,8703.0,27,8704.0,58,8705.0,55,8700.0
OI409,,13:38:58.500#,8654.0,8732.0,8616.0,9094.0,8064.0,686060,275919,8696.0,105,8697.0,121,8698.0,44,8699.0,33,8700.0,5,8701.0,19,8702.0,46,8703.0,34,8704.0,58,8705.0,55,8700.0
OI409,,13:38:58.750#,8654.0,8732.0,8616.0,9094.0,8064.0,686061,275920,8696.0,105,8697.0,121,8698.0,44,8699.0,33,8700.0,3,8701.0,19,8702.0,46,8703.0,34,8704.0,58,8705.0,55,8700.0
OI409,,13:38:59.0#,8654.0,8732.0,8616.0,9094.0,8064.0,686061,275920,8696.0,105,8697.0,121,8698.0,45,8699.0,33,8700.0,13,8701.0,19,8702.0,46,8703.0,34,8704.0,59,8705.0,56,8700.0
OI409,,13:38:59.250#,8654.0,8732.0,8616.0,9094.0,8064.0,686062,275921,8696.0,105,8697.0,122,8698.0,45,8699.0,33,8700.0,14,8701.0,19,8702.0,46,8703.0,34,8704.0,59,8705.0,56,8700.0
OI409,,13:38:59.500#,8654.0,8732.0,8616.0,9094.0,8064.0,686062,275921,8696.0,105,8697.0,122,8698.0,45,8699.0,33,8700.0,14,8701.0,19,8702.0,46,8703.0,34,8704.0,59,8705.0,56,8700.0
OI409,,13:38:59.750#,8654.0,8732.0,8616.0,9094.0,8064.0,686067,275926,8696.0,105,8697.0,122,8698.0,45,8699.0,33,8700.0,9,8701.0,19,8702.0,46,8703.0,34,8704.0,59,8705.0,56,8700.0
OI409,,13:39:00.0#,8654.0,8732.0,8616.0,9094.0,8064.0,686067,275926,8696.0,104,8697.0,122,8698.0,45,8699.0,33,8700.0,10,8701.0,19,8702.0,46,8703.0,34,8704.0,59,8705.0,56,8700.0
OI409,,13:39:00.250#,8654.0,8732.0,8616.0,9094.0,8064.0,686067,275926,8696.0,104,8697.0,122,8698.0,45,8699.0,33,8700.0,13,8701.0,20,8702.0,46,8703.0,35,8704.0,59,8705.0,56,8700.0
OI409,,13:39:00.500#,8654.0,8732.0,8616.0,9094.0,8064.0,686069,275927,8696.0,104,8697.0,122,8698.0,45,8699.0,33,8700.0,11,8701.0,11,8702.0,46,8703.0,35,8704.0,60,8705.0,56,8700.0
OI409,,13:39:00.750#,8654.0,8732.0,8616.0,9094.0,8064.0,686075,275932,8696.0,104,8697.0,122,8698.0,45,8699.0,33,8700.0,11,8701.0,7,8702.0,46,8703.0,35,8704.0,60,8705.0,56,8701.0
OI409,,13:39:01.0#,8654.0,8732.0,8616.0,9094.0,8064.0,686076,275932,8696.0,102,8697.0,122,8698.0,46,8699.0,33,8700.0,16,8701.0,7,8702.0,46,8703.0,36,8704.0,60,8705.0,56,8700.0
OI409,,13:39:01.250#,8654.0,8732.0,8616.0,9094.0,8064.0,686076,275932,8696.0,102,8697.0,122,8698.0,46,8699.0,33,8700.0,16,8701.0,12,8702.0,46,8703.0,36,8704.0,60,8705.0,56,8700.0
OI409,,13:39:01.500#,8654.0,8732.0,8616.0,9094.0,8064.0,686076,275932,8696.0,102,8697.0,122,8698.0,46,8699.0,33,8700.0,16,8701.0,15,8702.0,46,8703.0,36,8704.0,60,8705.0,56,8700.0
OI409,,13:39:01.750#,8654.0,8732.0,8616.0,9094.0,8064.0,686077,275932,8696.0,102,8697.0,122,8698.0,46,8699.0,33,8700.0,12,8701.0,25,8702.0,46,8703.0,36,8704.0,60,8705.0,56,8701.0
OI409,,13:39:02.0#,8654.0,8732.0,8616.0,9094.0,8064.0,686077,275932,8696.0,102,8697.0,122,8698.0,47,8699.0,33,8700.0,12,8701.0,25,8702.0,46,8703.0,36,8704.0,60,8705.0,56,8701.0
OI409,,13:39:02.250#,8654.0,8732.0,8616.0,9094.0,8064.0,686078,275933,8696.0,102,8697.0,123,8698.0,47,8699.0,33,8700.0,12,8701.0,32,8702.0,46,8703.0,36,8704.0,60,8705.0,56,8700.0
OI409,,13:39:02.500#,8654.0,8732.0,8616.0,9094.0,8064.0,686079,275933,8696.0,102,8697.0,123,8698.0,46,8699.0,33,8700.0,12,8701.0,33,8702.0,46,8703.0,36,8704.0,60,8705.0,56,8700.0
OI409,,13:39:02.750#,8654.0,8732.0,8616.0,9094.0,8064.0,686079,275933,8696.0,102,8697.0,123,8698.0,46,8699.0,33,8700.0,13,8701.0,38,8702.0,46,8703.0,36,8704.0,60,8705.0,56,8700.0
OI409,,13:39:03.0#,8654.0,8732.0,8616.0,9094.0,8064.0,686079,275933,8696.0,102,8697.0,123,8698.0,45,8699.0,33,8700.0,14,8701.0,38,8702.0,46,8703.0,36,8704.0,60,8705.0,56,8700.0
OI409,,13:39:03.250#,8654.0,8732.0,8616.0,9094.0,8064.0,686083,275936,8696.0,102,8697.0,123,8698.0,45,8699.0,33,8700.0,11,8701.0,38,8702.0,46,8703.0,36,8704.0,60,8705.0,56,8700.0
OI409,,13:39:03.500#,8654.0,8732.0,8616.0,9094.0,8064.0,686083,275936,8696.0,102,8697.0,123,8698.0,45,8699.0,33,8700.0,11,8701.0,38,8702.0,49,8703.0,35,8704.0,60,8705.0,56,8700.0
OI409,,13:39:03.750#,8654.0,8732.0,8616.0,9094.0,8064.0,686083,275936,8696.0,102,8697.0,123,8698.0,55,8699.0,33,8700.0,11,8701.0,38,8702.0,49,8703.0,35,8704.0,60,8705.0,56,8700.0
OI409,,13:39:04.0#,8654.0,8732.0,8616.0,9094.0,8064.0,686083,275936,8696.0,102,8697.0,123,8698.0,56,8699.0,34,8700.0,11,8701.0,39,8702.0,49,8703.0,35,8704.0,60,8705.0,56,8700.0
OI409,,13:39:04.250#,8654.0,8732.0,8616.0,9094.0,8064.0,686086,275939,8696.0,99,8697.0,93,8698.0,56,8699.0,34,8700.0,10,8701.0,38,8702.0,49,8703.0,35,8704.0,60,8705.0,56,8700.0
OI409,,13:39:04.750#,8654.0,8732.0,8616.0,9094.0,8064.0,686086,275939,8696.0,99,8697.0,93,8698.0,56,8699.0,34,8700.0,10,8701.0,39,8702.0,49,8703.0,35,8704.0,60,8705.0,56,8700.0
OI409,,13:39:05.0#,8654.0,8732.0,8616.0,9094.0,8064.0,686096,275943,8695.0,77,8696.0,99,8697.0,93,8698.0,56,8699.0,35,8700.0,1,8701.0,42,8702.0,49,8703.0,35,8704.0,60,8700.0
OI409,,13:39:05.250#,8654.0,8732.0,8616.0,9094.0,8064.0,686109,275936,8696.0,99,8697.0,93,8698.0,54,8699.0,19,8700.0,10,8701.0,34,8702.0,49,8703.0,35,8704.0,60,8705.0,57,8700.0
OI409,,13:39:05.500#,8654.0,8732.0,8616.0,9094.0,8064.0,686114,275936,8696.0,99,8697.0,93,8698.0,54,8699.0,23,8700.0,7,8701.0,36,8702.0,49,8703.0,35,8704.0,60,8705.0,57,8700.0
OI409,,13:39:05.750#,8654.0,8732.0,8616.0,9094.0,8064.0,686120,275934,8695.0,77,8696.0,99,8697.0,93,8698.0,54,8699.0,23,8700.0,4,8701.0,37,8702.0,49,8703.0,35,8704.0,60,8700.0
OI409,,13:39:06.0#,8654.0,8732.0,8616.0,9094.0,8064.0,686120,275934,8695.0,77,8696.0,99,8697.0,93,8698.0,54,8699.0,19,8700.0,19,8701.0,39,8702.0,49,8703.0,35,8704.0,60,8700.0
OI409,,13:39:06.250#,8654.0,8732.0,8616.0,9094.0,8064.0,686120,275934,8695.0,77,8696.0,99,8697.0,93,8698.0,54,8699.0,3,8700.0,19,8701.0,33,8702.0,49,8703.0,35,8704.0,60,8700.0
OI409,,13:39:06.500#,8654.0,8732.0,8616.0,9094.0,8064.0,686120,275934,8695.0,77,8696.0,99,8697.0,91,8698.0,54,8699.0,3,8700.0,24,8701.0,33,8702.0,49,8703.0,35,8704.0,60,8700.0
OI409,,13:39:06.750#,8654.0,8732.0,8616.0,9094.0,8064.0,686120,275934,8695.0,77,8696.0,99,8697.0,91,8698.0,54,8699.0,3,8700.0,31,8701.0,33,8702.0,49,8703.0,35,8704.0,60,8700.0
OI409,,13:39:07.0#,8654.0,8732.0,8616.0,9094.0,8064.0,686123,275934,8694.0,23,8695.0,77,8696.0,99,8697.0,91,8698.0,77,8699.0,7,8700.0,32,8701.0,33,8702.0,49,8703.0,35,8699.0
OI409,,13:39:07.250#,8654.0,8732.0,8616.0,9094.0,8064.0,686123,275934,8694.0,23,8695.0,77,8696.0,99,8697.0,91,8698.0,69,8699.0,13,8700.0,28,8701.0,32,8702.0,49,8703.0,35,8699.0
OI409,,13:39:07.500#,8654.0,8732.0,8616.0,9094.0,8064.0,686123,275934,8694.0,23,8695.0,77,8696.0,99,8697.0,91,8698.0,63,8699.0,15,8700.0,26,8701.0,32,8702.0,49,8703.0,35,8699.0
OI409,,13:39:07.750#,8654.0,8732.0,8616.0,9094.0,8064.0,686124,275935,8694.0,23,8695.0,77,8696.0,99,8697.0,91,8698.0,57,8699.0,19,8700.0,22,8701.0,30,8702.0,49,8703.0,35,8699.0
OI409,,13:39:08.0#,8654.0,8732.0,8616.0,9094.0,8064.0,686124,275935,8694.0,23,8695.0,77,8696.0,99,8697.0,91,8698.0,47,8699.0,20,8700.0,22,8701.0,30,8702.0,49,8703.0,35,8699.0
OI409,,13:39:08.250#,8654.0,8732.0,8616.0,9094.0,8064.0,686127,275936,8694.0,23,8695.0,77,8696.0,99,8697.0,91,8698.0,31,8699.0,25,8700.0,23,8701.0,27,8702.0,49,8703.0,35,8698.0
OI409,,13:39:08.500#,8654.0,8732.0,8616.0,9094.0,8064.0,686133,275935,8694.0,23,8695.0,77,8696.0,100,8697.0,91,8698.0,26,8699.0,28,8700.0,25,8701.0,28,8702.0,49,8703.0,35,8698.0
OI409,,13:39:08.750#,8654.0,8732.0,8616.0,9094.0,8064.0,686133,275935,8694.0,23,8695.0,77,8696.0,100,8697.0,91,8698.0,26,8699.0,31,8700.0,21,8701.0,26,8702.0,49,8703.0,35,8698.0
OI409,,13:39:09.0#,8654.0,8732.0,8616.0,9094.0,8064.0,686134,275936,8694.0,23,8695.0,77,8696.0,100,8697.0,91,8698.0,26,8699.0,32,8700.0,21,8701.0,26,8702.0,49,8703.0,35,8698.0
OI409,,13:39:09.250#,8654.0,8732.0,8616.0,9094.0,8064.0,686160,275924,8693.0,45,8694.0,23,8695.0,77,8696.0,100,8697.0,90,8698.0,3,8699.0,36,8700.0,21,8701.0,24,8702.0,49,8698.0
OI409,,13:39:09.500#,8654.0,8732.0,8616.0,9094.0,8064.0,686172,275932,8693.0,45,8694.0,23,8695.0,77,8696.0,100,8697.0,80,8698.0,29,8699.0,33,8700.0,25,8701.0,24,8702.0,49,8698.0
OI409,,13:39:09.750#,8654.0,8732.0,8616.0,9094.0,8064.0,686252,275944,8692.0,54,8693.0,45,8694.0,23,8695.0,77,8696.0,102,8698.0,35,8699.0,28,8700.0,25,8701.0,24,8702.0,49,8697.0
OI409,,13:39:10.0#,8654.0,8732.0,8616.0,9094.0,8064.0,686269,275951,8692.0,54,8693.0,45,8694.0,22,8695.0,77,8696.0,95,8697.0,35,8698.0,41,8699.0,31,8700.0,27,8701.0,26,8697.0
OI409,,13:39:10.250#,8654.0,8732.0,8616.0,9094.0,8064.0,686270,275950,8692.0,54,8693.0,45,8694.0,21,8695.0,76,8696.0,96,8697.0,23,8698.0,45,8699.0,30,8700.0,27,8701.0,30,8697.0
OI409,,13:39:10.500#,8654.0,8732.0,8616.0,9094.0,8064.0,686273,275950,8692.0,54,8693.0,45,8694.0,21,8695.0,76,8696.0,100,8697.0,8,8698.0,41,8699.0,31,8700.0,27,8701.0,30,8696.0
OI409,,13:39:10.750#,8654.0,8732.0,8616.0,9094.0,8064.0,686284,275952,8692.0,54,8693.0,45,8694.0,21,8695.0,76,8696.0,100,8698.0,41,8699.0,28,8700.0,27,8701.0,30,8702.0,51,8697.0
OI409,,13:39:11.0#,8654.0,8732.0,8616.0,9094.0,8064.0,686288,275952,8693.0,45,8694.0,21,8695.0,76,8696.0,101,8697.0,29,8698.0,30,8699.0,28,8700.0,27,8701.0,30,8702.0,51,8697.0
OI409,,13:39:11.250#,8654.0,8732.0,8616.0,9094.0,8064.0,686289,275953,8693.0,45,8694.0,21,8695.0,76,8696.0,102,8697.0,32,8698.0,24,8699.0,28,8700.0,27,8701.0,30,8702.0,51,8697.0
OI409,,13:39:11.500#,8654.0,8732.0,8616.0,9094.0,8064.0,686291,275953,8693.0,45,8694.0,21,8695.0,76,8696.0,102,8697.0,55,8698.0,23,8699.0,28,8700.0,27,8701.0,31,8702.0,51,8697.0
OI409,,13:39:11.750#,8654.0,8732.0,8616.0,9094.0,8064.0,686317,275959,8693.0,45,8694.0,21,8695.0,77,8696.0,102,8697.0,46,8698.0,5,8699.0,25,8700.0,27,8701.0,31,8702.0,51,8697.0
OI409,,13:39:12.0#,8654.0,8732.0,8616.0,9094.0,8064.0,686322,275957,8694.0,21,8695.0,77,8696.0,102,8697.0,48,8698.0,1,8699.0,27,8700.0,27,8701.0,31,8702.0,53,8703.0,37,8698.0
OI409,,13:39:12.250#,8654.0,8732.0,8616.0,9094.0,8064.0,686322,275957,8694.0,21,8695.0,77,8696.0,103,8697.0,40,8698.0,14,8699.0,22,8700.0,27,8701.0,31,8702.0,53,8703.0,39,8698.0
OI409,,13:39:12.500#,8654.0,8732.0,8616.0,9094.0,8064.0,686325,275960,8694.0,21,8695.0,77,8696.0,103,8697.0,23,8698.0,34,8699.0,21,8700.0,27,8701.0,31,8702.0,53,8703.0,39,8698.0
OI409,,13:39:12.750#,8654.0,8732.0,8616.0,9094.0,8064.0,686329,275960,8694.0,21,8695.0,77,8696.0,103,8697.0,23,8698.0,32,8699.0,19,8700.0,27,8701.0,31,8702.0,53,8703.0,39,8699.0
OI409,,13:39:13.0#,8654.0,8732.0,8616.0,9094.0,8064.0,686330,275961,8694.0,21,8695.0,77,8696.0,103,8697.0,25,8698.0,43,8699.0,23,8700.0,27,8701.0,31,8702.0,53,8703.0,39,8698.0
OI409,,13:39:13.250#,8654.0,8732.0,8616.0,9094.0,8064.0,686332,275963,8694.0,21,8695.0,77,8696.0,103,8697.0,25,8698.0,42,8699.0,23,8700.0,27,8701.0,31,8702.0,53,8703.0,40,8698.0
OI409,,13:39:13.500#,8654.0,8732.0,8616.0,9094.0,8064.0,686332,275963,8694.0,21,8695.0,77,8696.0,103,8697.0,25,8698.0,42,8699.0,23,8700.0,27,8701.0,31,8702.0,53,8703.0,40,8698.0
OI409,,13:39:13.750#,8654.0,8732.0,8616.0,9094.0,8064.0,686332,275963,8694.0,21,8695.0,77,8696.0,103,8697.0,25,8698.0,43,8699.0,23,8700.0,27,8701.0,31,8702.0,53,8703.0,40,8698.0
OI409,,13:39:14.0#,8654.0,8732.0,8616.0,9094.0,8064.0,686333,275963,8694.0,21,8695.0,77,8696.0,103,8697.0,25,8698.0,42,8699.0,23,8700.0,27,8701.0,31,8702.0,53,8703.0,40,8698.0
OI409,,13:39:14.250#,8654.0,8732.0,8616.0,9094.0,8064.0,686333,275963,8694.0,21,8695.0,77,8696.0,103,8697.0,25,8698.0,42,8699.0,23,8700.0,27,8701.0,31,8702.0,53,8703.0,40,8698.0
OI409,,13:39:14.500#,8654.0,8732.0,8616.0,9094.0,8064.0,686338,275965,8694.0,21,8695.0,77,8696.0,103,8697.0,25,8698.0,42,8699.0,23,8700.0,27,8701.0,31,8702.0,53,8703.0,40,8698.0
OI409,,13:39:14.750#,8654.0,8732.0,8616.0,9094.0,8064.0,686340,275964,8694.0,21,8695.0,77,8696.0,103,8697.0,26,8698.0,40,8699.0,23,8700.0,27,8701.0,31,8702.0,53,8703.0,40,8698.0
OI409,,13:39:15.0#,8654.0,8732.0,8616.0,9094.0,8064.0,686340,275964,8694.0,21,8695.0,77,8696.0,103,8697.0,26,8698.0,40,8699.0,25,8700.0,29,8701.0,31,8702.0,53,8703.0,40,8698.0
OI409,,13:39:15.250#,8654.0,8732.0,8616.0,9094.0,8064.0,686341,275963,8694.0,21,8695.0,77,8696.0,103,8697.0,26,8698.0,42,8699.0,24,8700.0,29,8701.0,30,8702.0,53,8703.0,40,8698.0
OI409,,13:39:15.500#,8654.0,8732.0,8616.0,9094.0,8064.0,686344,275963,8694.0,21,8695.0,77,8696.0,103,8697.0,26,8698.0,40,8699.0,23,8700.0,29,8701.0,30,8702.0,53,8703.0,39,8698.0
OI409,,13:39:15.750#,8654.0,8732.0,8616.0,9094.0,8064.0,686345,275962,8694.0,21,8695.0,77,8696.0,103,8697.0,26,8698.0,39,8699.0,23,8700.0,29,8701.0,30,8702.0,53,8703.0,39,8698.0
OI409,,13:39:16.0#,8654.0,8732.0,8616.0,9094.0,8064.0,686346,275961,8694.0,21,8695.0,79,8696.0,103,8697.0,26,8698.0,32,8699.0,24,8700.0,29,8701.0,30,8702.0,54,8703.0,39,8698.0
OI409,,13:39:16.250#,8654.0,8732.0,8616.0,9094.0,8064.0,686349,275960,8694.0,21,8695.0,79,8696.0,103,8697.0,27,8698.0,31,8699.0,23,8700.0,32,8701.0,30,8702.0,54,8703.0,39,8699.0
OI409,,13:39:16.500#,8654.0,8732.0,8616.0,9094.0,8064.0,686356,275963,8694.0,21,8695.0,78,8696.0,103,8697.0,27,8698.0,35,8699.0,16,8700.0,32,8701.0,30,8702.0,54,8703.0,42,8699.0
OI409,,13:39:16.750#,8654.0,8732.0,8616.0,9094.0,8064.0,686357,275962,8694.0,21,8695.0,78,8696.0,103,8697.0,27,8698.0,36,8699.0,15,8700.0,32,8701.0,30,8702.0,54,8703.0,42,8698.0
OI409,,13:39:17.0#,8654.0,8732.0,8616.0,9094.0,8064.0,686357,275962,8694.0,21,8695.0,78,8696.0,103,8697.0,27,8698.0,37,8699.0,15,8700.0,32,8701.0,30,8702.0,54,8703.0,42,8698.0
OI409,,13:39:17.250#,8654.0,8732.0,8616.0,9094.0,8064.0,686357,275962,8694.0,21,8695.0,78,8696.0,103,8697.0,27,8698.0,38,8699.0,21,8700.0,33,8701.0,30,8702.0,54,8703.0,42,8698.0
OI409,,13:39:17.500#,8654.0,8732.0,8616.0,9094.0,8064.0,686369,275960,8694.0,21,8695.0,78,8696.0,103,8697.0,31,8698.0,33,8699.0,18,8700.0,33,8701.0,30,8702.0,54,8703.0,42,8699.0
OI409,,13:39:17.750#,8654.0,8732.0,8616.0,9094.0,8064.0,686372,275960,8694.0,21,8695.0,78,8696.0,103,8697.0,32,8698.0,31,8699.0,18,8700.0,32,8701.0,30,8702.0,54,8703.0,42,8698.0
OI409,,13:39:18.0#,8654.0,8732.0,8616.0,9094.0,8064.0,686372,275960,8694.0,21,8695.0,78,8696.0,103,8697.0,28,8698.0,31,8699.0,21,8700.0,32,8701.0,31,8702.0,54,8703.0,42,8698.0
OI409,,13:39:18.250#,8654.0,8732.0,8616.0,9094.0,8064.0,686372,275960,8694.0,21,8695.0,78,8696.0,103,8697.0,28,8698.0,32,8699.0,21,8700.0,32,8701.0,31,8702.0,54,8703.0,42,8698.0
OI409,,13:39:18.500#,8654.0,8732.0,8616.0,9094.0,8064.0,686372,275960,8694.0,21,8695.0,77,8696.0,104,8697.0,28,8698.0,33,8699.0,24,8700.0,32,8701.0,31,8702.0,55,8703.0,42,8698.0
OI409,,13:39:18.750#,8654.0,8732.0,8616.0,9094.0,8064.0,686373,275960,8694.0,21,8695.0,78,8696.0,103,8697.0,28,8698.0,33,8699.0,23,8700.0,32,8701.0,31,8702.0,55,8703.0,42,8699.0
OI409,,13:39:19.0#,8654.0,8732.0,8616.0,9094.0,8064.0,686373,275960,8694.0,21,8695.0,78,8696.0,103,8697.0,29,8698.0,36,8699.0,23,8700.0,32,8701.0,31,8702.0,55,8703.0,42,8699.0
OI409,,13:39:19.250#,8654.0,8732.0,8616.0,9094.0,8064.0,686374,275961,8694.0,21,8695.0,78,8696.0,103,8697.0,29,8698.0,38,8699.0,22,8700.0,32,8701.0,31,8702.0,55,8703.0,42,8699.0
OI409,,13:39:19.500#,8654.0,8732.0,8616.0,9094.0,8064.0,686375,275961,8694.0,21,8695.0,78,8696.0,103,8697.0,29,8698.0,38,8699.0,22,8700.0,32,8701.0,31,8702.0,55,8703.0,42,8698.0
OI409,,13:39:19.750#,8654.0,8732.0,8616.0,9094.0,8064.0,686376,275960,8694.0,21,8695.0,78,8696.0,103,8697.0,29,8698.0,37,8699.0,22,8700.0,35,8701.0,31,8702.0,56,8703.0,42,8698.0
OI409,,13:39:20.0#,8654.0,8732.0,8616.0,9094.0,8064.0,686378,275959,8694.0,21,8695.0,78,8696.0,103,8697.0,30,8698.0,35,8699.0,22,8700.0,35,8701.0,31,8702.0,56,8703.0,42,8698.0
OI409,,13:39:20.250#,8654.0,8732.0,8616.0,9094.0,8064.0,686387,275959,8694.0,21,8695.0,78,8696.0,109,8697.0,30,8698.0,34,8699.0,16,8700.0,35,8701.0,31,8702.0,56,8703.0,42,8699.0
OI409,,13:39:20.500#,8654.0,8732.0,8616.0,9094.0,8064.0,686387,275959,8694.0,21,8695.0,80,8696.0,109,8697.0,30,8698.0,34,8699.0,8,8700.0,35,8701.0,31,8702.0,56,8703.0,42,8699.0
OI409,,13:39:20.750#,8654.0,8732.0,8616.0,9094.0,8064.0,686391,275958,8694.0,21,8695.0,80,8696.0,109,8697.0,30,8698.0,30,8699.0,9,8700.0,36,8701.0,31,8702.0,56,8703.0,42,8698.0
OI409,,13:39:21.0#,8654.0,8732.0,8616.0,9094.0,8064.0,686395,275962,8694.0,21,8695.0,80,8696.0,104,8697.0,32,8698.0,30,8699.0,14,8700.0,36,8701.0,31,8702.0,56,8703.0,42,8699.0
OI409,,13:39:21.250#,8654.0,8732.0,8616.0,9094.0,8064.0,686397,275963,8694.0,21,8695.0,80,8696.0,104,8697.0,32,8698.0,28,8699.0,14,8700.0,37,8701.0,31,8702.0,56,8703.0,42,8698.0
OI409,,13:39:21.500#,8654.0,8732.0,8616.0,9094.0,8064.0,686398,275963,8694.0,21,8695.0,80,8696.0,104,8697.0,32,8698.0,35,8699.0,15,8700.0,37,8701.0,31,8702.0,56,8703.0,41,8699.0
OI409,,13:39:21.750#,8654.0,8732.0,8616.0,9094.0,8064.0,686398,275963,8694.0,21,8695.0,80,8696.0,104,8697.0,32,8698.0,35,8699.0,21,8700.0,37,8701.0,31,8702.0,56,8703.0,41,8699.0
OI409,,13:39:22.0#,8654.0,8732.0,8616.0,9094.0,8064.0,686404,275960,8694.0,21,8695.0,80,8696.0,104,8697.0,32,8698.0,29,8699.0,21,8700.0,37,8701.0,31,8702.0,56,8703.0,41,8698.0
OI409,,13:39:22.250#,8654.0,8732.0,8616.0,9094.0,8064.0,686438,275962,8693.0,45,8694.0,21,8695.0,80,8696.0,104,8697.0,32,8699.0,27,8700.0,37,8701.0,31,8702.0,56,8703.0,41,8698.0
OI409,,13:39:22.500#,8654.0,8732.0,8616.0,9094.0,8064.0,686440,275964,8693.0,45,8694.0,21,8695.0,80,8696.0,104,8697.0,22,8698.0,53,8699.0,23,8700.0,37,8701.0,31,8702.0,56,8698.0
OI409,,13:39:22.750#,8654.0,8732.0,8616.0,9094.0,8064.0,686455,275961,8692.0,55,8693.0,45,8694.0,21,8695.0,80,8696.0,104,8698.0,43,8699.0,23,8700.0,37,8701.0,31,8702.0,56,8698.0
OI409,,13:39:23.0#,8654.0,8732.0,8616.0,9094.0,8064.0,686455,275961,8692.0,55,8693.0,45,8694.0,21,8695.0,78,8696.0,104,8697.0,8,8698.0,40,8699.0,23,8700.0,37,8701.0,31,8698.0
OI409,,13:39:23.250#,8654.0,8732.0,8616.0,9094.0,8064.0,686456,275960,8692.0,55,8693.0,45,8694.0,21,8695.0,78,8696.0,104,8698.0,45,8699.0,24,8700.0,38,8701.0,31,8702.0,56,8698.0
OI409,,13:39:23.500#,8654.0,8732.0,8616.0,9094.0,8064.0,686456,275960,8692.0,55,8693.0,45,8694.0,21,8695.0,78,8696.0,104,8697.0,10,8698.0,40,8699.0,23,8700.0,39,8701.0,30,8698.0
OI409,,13:39:23.750#,8654.0,8732.0,8616.0,9094.0,8064.0,686457,275959,8692.0,55,8693.0,45,8694.0,21,8695.0,78,8696.0,106,8697.0,2,8698.0,40,8699.0,23,8700.0,39,8701.0,30,8697.0
OI409,,13:39:24.0#,8654.0,8732.0,8616.0,9094.0,8064.0,686458,275958,8692.0,55,8693.0,45,8694.0,21,8695.0,78,8696.0,106,8697.0,1,8698.0,41,8699.0,23,8700.0,40,8701.0,30,8697.0
OI409,,13:39:24.250#,8654.0,8732.0,8616.0,9094.0,8064.0,686460,275959,8692.0,55,8693.0,45,8694.0,21,8695.0,78,8696.0,105,8697.0,8,8698.0,42,8699.0,23,8700.0,41,8701.0,30,8696.0
OI409,,13:39:24.500#,8654.0,8732.0,8616.0,9094.0,8064.0,686472,275959,8692.0,55,8693.0,45,8694.0,21,8695.0,78,8696.0,106,8697.0,16,8698.0,42,8699.0,23,8700.0,41,8701.0,32,8696.0
OI409,,13:39:24.750#,8654.0,8732.0,8616.0,9094.0,8064.0,686476,275957,8692.0,55,8693.0,45,8694.0,21,8695.0,78,8696.0,104,8697.0,14,8698.0,42,8699.0,23,8700.0,41,8701.0,32,8697.0
OI409,,13:39:25.0#,8654.0,8732.0,8616.0,9094.0,8064.0,686479,275960,8692.0,55,8693.0,45,8694.0,21,8695.0,78,8696.0,102,8697.0,13,8698.0,42,8699.0,23,8700.0,41,8701.0,32,8697.0
OI409,,13:39:25.250#,8654.0,8732.0,8616.0,9094.0,8064.0,686485,275959,8692.0,55,8693.0,45,8694.0,21,8695.0,78,8696.0,97,8697.0,12,8698.0,42,8699.0,23,8700.0,41,8701.0,32,8697.0
OI409,,13:39:25.500#,8654.0,8732.0,8616.0,9094.0,8064.0,686487,275959,8692.0,55,8693.0,43,8694.0,21,8695.0,78,8696.0,96,8697.0,11,8698.0,42,8699.0,23,8700.0,41,8701.0,32,8696.0
OI409,,13:39:25.750#,8654.0,8732.0,8616.0,9094.0,8064.0,686487,275959,8692.0,55,8693.0,43,8694.0,21,8695.0,78,8696.0,96,8697.0,11,8698.0,42,8699.0,23,8700.0,41,8701.0,32,8696.0
OI409,,13:39:26.0#,8654.0,8732.0,8616.0,9094.0,8064.0,686487,275959,8692.0,55,8693.0,43,8694.0,21,8695.0,78,8696.0,98,8697.0,12,8698.0,42,8699.0,23,8700.0,41,8701.0,32,8696.0
OI409,,13:39:26.250#,8654.0,8732.0,8616.0,9094.0,8064.0,686489,275958,8692.0,55,8693.0,43,8694.0,21,8695.0,78,8696.0,96,8697.0,13,8698.0,42,8699.0,23,8700.0,41,8701.0,32,8696.0
OI409,,13:39:26.500#,8654.0,8732.0,8616.0,9094.0,8064.0,686490,275959,8692.0,55,8693.0,43,8694.0,21,8695.0,78,8696.0,95,8697.0,13,8698.0,42,8699.0,23,8700.0,41,8701.0,32,8696.0
OI409,,13:39:26.750#,8654.0,8732.0,8616.0,9094.0,8064.0,686490,275959,8692.0,55,8693.0,43,8694.0,21,8695.0,78,8696.0,95,8697.0,14,8698.0,42,8699.0,23,8700.0,38,8701.0,33,8696.0
OI409,,13:39:27.0#,8654.0,8732.0,8616.0,9094.0,8064.0,686490,275959,8692.0,55,8693.0,43,8694.0,21,8695.0,78,8696.0,97,8697.0,14,8698.0,42,8699.0,23,8700.0,38,8701.0,33,8696.0
OI409,,13:39:27.250#,8654.0,8732.0,8616.0,9094.0,8064.0,686491,275960,8692.0,55,8693.0,43,8694.0,21,8695.0,78,8696.0,97,8697.0,14,8698.0,42,8699.0,23,8700.0,48,8701.0,33,8696.0
OI409,,13:39:27.500#,8654.0,8732.0,8616.0,9094.0,8064.0,686534,275964,8692.0,55,8693.0,43,8694.0,21,8695.0,78,8696.0,54,8697.0,14,8698.0,42,8699.0,23,8700.0,48,8701.0,33,8696.0
OI409,,13:39:27.750#,8654.0,8732.0,8616.0,9094.0,8064.0,686589,275967,8691.0,44,8692.0,55,8693.0,43,8694.0,21,8695.0,78,8696.0,44,8697.0,35,8698.0,42,8699.0,22,8700.0,48,8696.0
OI409,,13:39:28.0#,8654.0,8732.0,8616.0,9094.0,8064.0,686619,275978,8691.0,45,8692.0,55,8693.0,43,8694.0,21,8695.0,50,8696.0,32,8697.0,33,8698.0,44,8699.0,28,8700.0,47,8695.0
OI409,,13:39:28.250#,8654.0,8732.0,8616.0,9094.0,8064.0,686631,275972,8691.0,45,8692.0,55,8693.0,43,8694.0,21,8695.0,40,8696.0,34,8697.0,33,8698.0,44,8699.0,29,8700.0,47,8695.0
OI409,,13:39:28.500#,8654.0,8732.0,8616.0,9094.0,8064.0,686645,275967,8691.0,45,8692.0,55,8693.0,43,8694.0,21,8695.0,29,8696.0,41,8697.0,32,8698.0,44,8699.0,29,8700.0,46,8695.0
OI409,,13:39:28.750#,8654.0,8732.0,8616.0,9094.0,8064.0,686661,275973,8691.0,45,8692.0,55,8693.0,43,8694.0,21,8695.0,26,8696.0,38,8697.0,32,8698.0,44,8699.0,29,8700.0,45,8695.0
OI409,,13:39:29.0#,8654.0,8732.0,8616.0,9094.0,8064.0,686688,275950,8690.0,172,8691.0,45,8692.0,55,8693.0,43,8694.0,25,8695.0,5,8696.0,42,8697.0,32,8698.0,45,8699.0,29,8695.0
OI409,,13:39:29.250#,8654.0,8732.0,8616.0,9094.0,8064.0,686701,275942,8691.0,45,8692.0,55,8693.0,43,8694.0,20,8695.0,15,8696.0,44,8697.0,35,8698.0,45,8699.0,29,8700.0,45,8695.0
OI409,,13:39:29.500#,8654.0,8732.0,8616.0,9094.0,8064.0,686703,275943,8691.0,45,8692.0,55,8693.0,43,8694.0,24,8695.0,16,8696.0,42,8697.0,34,8698.0,45,8699.0,29,8700.0,45,8696.0
OI409,,13:39:29.750#,8654.0,8732.0,8616.0,9094.0,8064.0,686706,275941,8691.0,45,8692.0,55,8693.0,43,8694.0,24,8695.0,14,8696.0,41,8697.0,34,8698.0,45,8699.0,29,8700.0,45,8695.0
OI409,,13:39:30.0#,8654.0,8732.0,8616.0,9094.0,8064.0,686707,275942,8691.0,45,8692.0,55,8693.0,43,8694.0,25,8695.0,25,8696.0,41,8697.0,34,8698.0,45,8699.0,29,8700.0,45,8696.0
OI409,,13:39:30.250#,8654.0,8732.0,8616.0,9094.0,8064.0,686748,275913,8691.0,46,8692.0,55,8693.0,43,8694.0,25,8695.0,6,8696.0,26,8697.0,32,8698.0,45,8699.0,30,8700.0,45,8696.0
OI409,,13:39:30.500#,8654.0,8732.0,8616.0,9094.0,8064.0,686756,275908,8691.0,46,8692.0,65,8693.0,43,8694.0,25,8695.0,7,8696.0,22,8697.0,32,8698.0,45,8699.0,30,8700.0,45,8695.0
OI409,,13:39:30.750#,8654.0,8732.0,8616.0,9094.0,8064.0,686758,275908,8691.0,46,8692.0,65,8693.0,43,8694.0,25,8695.0,21,8696.0,20,8697.0,32,8698.0,44,8699.0,30,8700.0,45,8695.0
OI409,,13:39:31.0#,8654.0,8732.0,8616.0,9094.0,8064.0,686760,275909,8691.0,46,8692.0,65,8693.0,43,8694.0,25,8695.0,21,8696.0,22,8697.0,32,8698.0,44,8699.0,29,8700.0,45,8695.0
OI409,,13:39:31.250#,8654.0,8732.0,8616.0,9094.0,8064.0,686767,275910,8691.0,46,8692.0,65,8693.0,43,8694.0,25,8695.0,42,8696.0,17,8697.0,32,8698.0,44,8699.0,29,8700.0,45,8696.0
OI409,,13:39:31.500#,8654.0,8732.0,8616.0,9094.0,8064.0,686790,275899,8692.0,64,8693.0,43,8694.0,25,8695.0,50,8696.0,5,8697.0,31,8698.0,44,8699.0,29,8700.0,45,8701.0,33,8696.0
OI409,,13:39:31.750#,8654.0,8732.0,8616.0,9094.0,8064.0,686807,275905,8692.0,64,8693.0,43,8694.0,26,8695.0,54,8696.0,10,8697.0,13,8698.0,44,8699.0,29,8700.0,45,8701.0,33,8696.0
OI409,,13:39:32.0#,8654.0,8732.0,8616.0,9094.0,8064.0,686810,275906,8692.0,64,8693.0,43,8694.0,26,8695.0,54,8696.0,11,8697.0,12,8698.0,43,8699.0,29,8700.0,45,8701.0,34,8696.0
OI409,,13:39:32.250#,8654.0,8732.0,8616.0,9094.0,8064.0,686813,275906,8692.0,64,8693.0,43,8694.0,26,8695.0,56,8696.0,13,8697.0,13,8698.0,43,8699.0,29,8700.0,45,8701.0,34,8696.0
OI409,,13:39:32.500#,8654.0,8732.0,8616.0,9094.0,8064.0,686814,275907,8692.0,64,8693.0,43,8694.0,26,8695.0,57,8696.0,16,8697.0,8,8698.0,43,8699.0,29,8700.0,45,8701.0,34,8696.0
OI409,,13:39:32.750#,8654.0,8732.0,8616.0,9094.0,8064.0,686815,275908,8692.0,64,8693.0,43,8694.0,26,8695.0,57,8696.0,19,8697.0,7,8698.0,43,8699.0,29,8700.0,45,8701.0,34,8696.0
OI409,,13:39:33.0#,8654.0,8732.0,8616.0,9094.0,8064.0,686818,275911,8692.0,64,8693.0,43,8694.0,26,8695.0,59,8696.0,17,8697.0,7,8698.0,43,8699.0,29,8700.0,45,8701.0,34,8696.0
OI409,,13:39:33.250#,8654.0,8732.0,8616.0,9094.0,8064.0,686835,275916,8691.0,46,8692.0,64,8693.0,43,8694.0,26,8695.0,68,8696.0,133,8697.0,29,8698.0,43,8699.0,29,8700.0,44,8696.0
OI409,,13:39:33.500#,8654.0,8732.0,8616.0,9094.0,8064.0,686878,275939,8691.0,46,8692.0,64,8693.0,43,8694.0,26,8695.0,20,8696.0,142,8697.0,31,8698.0,39,8699.0,29,8700.0,44,8696.0
OI409,,13:39:33.750#,8654.0,8732.0,8616.0,9094.0,8064.0,686898,275921,8690.0,172,8691.0,46,8692.0,64,8693.0,43,8694.0,26,8695.0,17,8696.0,140,8697.0,30,8698.0,39,8699.0,29,8695.0
OI409,,13:39:34.0#,8654.0,8732.0,8616.0,9094.0,8064.0,686925,275912,8690.0,172,8691.0,46,8692.0,64,8693.0,43,8694.0,12,8695.0,2,8696.0,140,8697.0,31,8698.0,39,8699.0,29,8695.0
OI409,,13:39:34.250#,8654.0,8732.0,8616.0,9094.0,8064.0,686929,275914,8690.0,174,8691.0,46,8692.0,64,8693.0,43,8694.0,12,8696.0,143,8697.0,31,8698.0,39,8699.0,29,8700.0,44,8695.0
OI409,,13:39:34.500#,8654.0,8732.0,8616.0,9094.0,8064.0,686932,275916,8690.0,172,8691.0,46,8692.0,66,8693.0,43,8694.0,19,8695.0,2,8696.0,143,8697.0,31,8698.0,39,8699.0,29,8695.0
OI409,,13:39:34.750#,8654.0,8732.0,8616.0,9094.0,8064.0,686934,275916,8690.0,172,8691.0,46,8692.0,66,8693.0,43,8694.0,14,8695.0,7,8696.0,144,8697.0,31,8698.0,39,8699.0,29,8695.0
OI409,,13:39:35.0#,8654.0,8732.0,8616.0,9094.0,8064.0,686943,275925,8690.0,172,8691.0,46,8692.0,66,8693.0,43,8694.0,13,8695.0,24,8696.0,145,8697.0,31,8698.0,39,8699.0,29,8695.0
OI409,,13:39:35.250#,8654.0,8732.0,8616.0,9094.0,8064.0,686944,275925,8690.0,172,8691.0,46,8692.0,66,8693.0,43,8694.0,12,8695.0,29,8696.0,140,8697.0,31,8698.0,39,8699.0,29,8694.0
OI409,,13:39:35.500#,8654.0,8732.0,8616.0,9094.0,8064.0,686993,275902,8689.0,46,8690.0,172,8691.0,49,8692.0,66,8693.0,26,8694.0,30,8695.0,37,8696.0,140,8697.0,31,8698.0,39,8694.0
OI409,,13:39:35.750#,8654.0,8732.0,8616.0,9094.0,8064.0,687002,275894,8689.0,46,8690.0,172,8691.0,48,8692.0,67,8693.0,25,8694.0,31,8695.0,37,8696.0,142,8697.0,31,8698.0,39,8693.0
OI409,,13:39:36.0#,8654.0,8732.0,8616.0,9094.0,8064.0,687064,275858,8688.0,89,8689.0,46,8690.0,172,8691.0,48,8692.0,52,8693.0,6,8694.0,28,8695.0,38,8696.0,142,8697.0,31,8693.0
OI409,,13:39:36.250#,8654.0,8732.0,8616.0,9094.0,8064.0,687078,275860,8688.0,90,8689.0,46,8690.0,173,8691.0,48,8692.0,49,8693.0,8,8694.0,37,8695.0,39,8696.0,142,8697.0,31,8693.0
OI409,,13:39:36.500#,8654.0,8732.0,8616.0,9094.0,8064.0,687096,275853,8688.0,90,8689.0,46,8690.0,174,8691.0,48,8692.0,46,8693.0,4,8694.0,37,8695.0,39,8696.0,143,8697.0,31,8693.0
OI409,,13:39:36.750#,8654.0,8732.0,8616.0,9094.0,8064.0,687105,275849,8688.0,90,8689.0,46,8690.0,174,8691.0,48,8692.0,43,8694.0,49,8695.0,40,8696.0,143,8697.0,31,8698.0,38,8693.0
OI409,,13:39:37.0#,8654.0,8732.0,8616.0,9094.0,8064.0,687114,275848,8689.0,46,8690.0,173,8691.0,48,8692.0,39,8693.0,1,8694.0,53,8695.0,41,8696.0,143,8697.0,31,8698.0,38,8692.0
OI409,,13:39:37.250#,8654.0,8732.0,8616.0,9094.0,8064.0,687122,275843,8688.0,91,8689.0,46,8690.0,176,8691.0,48,8692.0,42,8693.0,11,8694.0,57,8695.0,37,8696.0,143,8697.0,31,8692.0
OI409,,13:39:37.500#,8654.0,8732.0,8616.0,9094.0,8064.0,687187,275839,8687.0,33,8688.0,91,8689.0,48,8690.0,176,8691.0,52,8692.0,11,8693.0,9,8694.0,58,8695.0,37,8696.0,143,8692.0
OI409,,13:39:37.750#,8654.0,8732.0,8616.0,9094.0,8064.0,687207,275838,8688.0,91,8689.0,48,8690.0,176,8691.0,48,8692.0,30,8693.0,9,8694.0,58,8695.0,37,8696.0,144,8697.0,30,8693.0
OI409,,13:39:38.0#,8654.0,8732.0,8616.0,9094.0,8064.0,687214,275837,8688.0,91,8689.0,48,8690.0,176,8691.0,48,8692.0,27,8693.0,6,8694.0,58,8695.0,37,8696.0,144,8697.0,30,8692.0
OI409,,13:39:38.250#,8654.0,8732.0,8616.0,9094.0,8064.0,687216,275837,8688.0,91,8689.0,48,8690.0,176,8691.0,48,8692.0,26,8693.0,34,8694.0,58,8695.0,37,8696.0,143,8697.0,29,8692.0
OI409,,13:39:38.500#,8654.0,8732.0,8616.0,9094.0,8064.0,687232,275840,8688.0,91,8689.0,48,8690.0,177,8691.0,49,8692.0,12,8693.0,32,8694.0,53,8695.0,37,8696.0,143,8697.0,29,8692.0
OI409,,13:39:38.750#,8654.0,8732.0,8616.0,9094.0,8064.0,687246,275845,8687.0,33,8688.0,91,8689.0,48,8690.0,178,8691.0,53,8693.0,33,8694.0,53,8695.0,36,8696.0,143,8697.0,29,8692.0
OI409,,13:39:39.0#,8654.0,8732.0,8616.0,9094.0,8064.0,687270,275838,8687.0,33,8688.0,91,8689.0,49,8690.0,178,8691.0,53,8693.0,23,8694.0,53,8695.0,36,8696.0,143,8697.0,29,8693.0
OI409,,13:39:39.250#,8654.0,8732.0,8616.0,9094.0,8064.0,687306,275830,8688.0,91,8689.0,49,8690.0,177,8691.0,49,8692.0,69,8693.0,1,8694.0,53,8695.0,36,8696.0,141,8697.0,29,8693.0
OI409,,13:39:39.500#,8654.0,8732.0,8616.0,9094.0,8064.0,687310,275827,8689.0,49,8690.0,177,8691.0,53,8692.0,57,8693.0,52,8694.0,55,8695.0,36,8696.0,141,8697.0,29,8698.0,20,8693.0
OI409,,13:39:39.750#,8654.0,8732.0,8616.0,9094.0,8064.0,687332,275826,8689.0,49,8690.0,177,8691.0,53,8692.0,60,8693.0,21,8694.0,51,8695.0,36,8696.0,141,8697.0,29,8698.0,25,8693.0
OI409,,13:39:40.0#,8654.0,8732.0,8616.0,9094.0,8064.0,687339,275824,8689.0,49,8690.0,177,8691.0,54,8692.0,60,8693.0,16,8694.0,51,8695.0,35,8696.0,141,8697.0,29,8698.0,26,8694.0
OI409,,13:39:40.250#,8654.0,8732.0,8616.0,9094.0,8064.0,687347,275827,8689.0,49,8690.0,177,8691.0,54,8692.0,61,8693.0,13,8694.0,50,8695.0,35,8696.0,141,8697.0,30,8698.0,26,8693.0
OI409,,13:39:40.500#,8654.0,8732.0,8616.0,9094.0,8064.0,687351,275825,8689.0,49,8690.0,177,8691.0,56,8692.0,61,8693.0,8,8694.0,49,8695.0,35,8696.0,141,8697.0,30,8698.0,26,8693.0
OI409,,13:39:40.750#,8654.0,8732.0,8616.0,9094.0,8064.0,687430,275838,8687.0,33,8688.0,91,8689.0,49,8690.0,177,8691.0,60,8692.0,82,8693.0,4,8694.0,50,8695.0,35,8696.0,141,8692.0
OI409,,13:39:41.0#,8654.0,8732.0,8616.0,9094.0,8064.0,687441,275848,8687.0,33,8688.0,91,8689.0,49,8690.0,177,8691.0,53,8692.0,71,8693.0,10,8694.0,50,8695.0,35,8696.0,141,8692.0
OI409,,13:39:41.250#,8654.0,8732.0,8616.0,9094.0,8064.0,687444,275848,8687.0,34,8688.0,91,8689.0,49,8690.0,178,8691.0,53,8692.0,69,8693.0,18,8694.0,50,8695.0,35,8696.0,141,8692.0
OI409,,13:39:41.500#,8654.0,8732.0,8616.0,9094.0,8064.0,687452,275849,8687.0,34,8688.0,91,8689.0,49,8690.0,178,8691.0,63,8692.0,63,8693.0,20,8694.0,50,8695.0,35,8696.0,141,8692.0
OI409,,13:39:41.750#,8654.0,8732.0,8616.0,9094.0,8064.0,687463,275856,8687.0,34,8688.0,91,8689.0,49,8690.0,178,8691.0,66,8692.0,53,8693.0,21,8694.0,50,8695.0,35,8696.0,141,8692.0
OI409,,13:39:42.0#,8654.0,8732.0,8616.0,9094.0,8064.0,687469,275858,8687.0,34,8688.0,92,8689.0,49,8690.0,177,8691.0,67,8692.0,49,8693.0,21,8694.0,49,8695.0,35,8696.0,141,8692.0
OI409,,13:39:42.250#,8654.0,8732.0,8616.0,9094.0,8064.0,687480,275859,8687.0,35,8688.0,92,8689.0,49,8690.0,177,8691.0,69,8692.0,39,8693.0,21,8694.0,49,8695.0,35,8696.0,141,8692.0
OI409,,13:39:42.500#,8654.0,8732.0,8616.0,9094.0,8064.0,687531,275865,8687.0,35,8688.0,92,8689.0,49,8690.0,178,8691.0,64,8693.0,20,8694.0,49,8695.0,35,8696.0,141,8697.0,32,8691.0
OI409,,13:39:42.750#,8654.0,8732.0,8616.0,9094.0,8064.0,687532,275864,8688.0,92,8689.0,49,8690.0,178,8691.0,71,8692.0,19,8693.0,21,8694.0,49,8695.0,30,8696.0,141,8697.0,32,8691.0
OI409,,13:39:43.0#,8654.0,8732.0,8616.0,9094.0,8064.0,687571,275844,8688.0,100,8689.0,49,8690.0,178,8691.0,57,8692.0,1,8693.0,20,8694.0,46,8695.0,30,8696.0,141,8697.0,32,8693.0
OI409,,13:39:43.250#,8654.0,8732.0,8616.0,9094.0,8064.0,687596,275844,8687.0,35,8688.0,100,8689.0,49,8690.0,179,8691.0,51,8692.0,1,8693.0,31,8694.0,45,8695.0,30,8696.0,142,8691.0
OI409,,13:39:43.500#,8654.0,8732.0,8616.0,9094.0,8064.0,687624,275838,8687.0,35,8688.0,100,8689.0,49,8690.0,179,8691.0,25,8692.0,20,8693.0,34,8694.0,45,8695.0,30,8696.0,142,8692.0
OI409,,13:39:43.750#,8654.0,8732.0,8616.0,9094.0,8064.0,687632,275836,8687.0,35,8688.0,100,8689.0,49,8690.0,180,8691.0,20,8692.0,23,8693.0,34,8694.0,44,8695.0,31,8696.0,142,8692.0
OI409,,13:39:44.0#,8654.0,8732.0,8616.0,9094.0,8064.0,687635,275835,8687.0,35,8688.0,100,8689.0,49,8690.0,180,8691.0,17,8692.0,28,8693.0,34,8694.0,44,8695.0,31,8696.0,142,8691.0
OI409,,13:39:44.250#,8654.0,8732.0,8616.0,9094.0,8064.0,687635,275835,8687.0,35,8688.0,100,8689.0,49,8690.0,180,8691.0,20,8692.0,27,8693.0,34,8694.0,43,8695.0,39,8696.0,142,8691.0
OI409,,13:39:44.500#,8654.0,8732.0,8616.0,9094.0,8064.0,687640,275835,8687.0,35,8688.0,100,8689.0,49,8690.0,180,8691.0,19,8692.0,26,8693.0,35,8694.0,42,8695.0,49,8696.0,142,8691.0
OI409,,13:39:44.750#,8654.0,8732.0,8616.0,9094.0,8064.0,687643,275834,8687.0,35,8688.0,100,8689.0,49,8690.0,180,8691.0,17,8692.0,25,8693.0,35,8694.0,42,8695.0,49,8696.0,142,8691.0
OI409,,13:39:45.0#,8654.0,8732.0,8616.0,9094.0,8064.0,687648,275831,8687.0,35,8688.0,100,8689.0,49,8690.0,181,8691.0,17,8692.0,24,8693.0,35,8694.0,43,8695.0,49,8696.0,142,8692.0
OI409,,13:39:45.250#,8654.0,8732.0,8616.0,9094.0,8064.0,687652,275830,8687.0,35,8688.0,100,8689.0,49,8690.0,182,8691.0,16,8692.0,28,8693.0,38,8694.0,43,8695.0,48,8696.0,142,8692.0
OI409,,13:39:45.500#,8654.0,8732.0,8616.0,9094.0,8064.0,687690,275825,8688.0,101,8689.0,49,8690.0,182,8691.0,22,8692.0,115,8693.0,42,8694.0,43,8695.0,48,8696.0,141,8697.0,32,8692.0
OI409,,13:39:45.750#,8654.0,8732.0,8616.0,9094.0,8064.0,687713,275815,8688.0,101,8689.0,49,8690.0,182,8691.0,23,8692.0,114,8693.0,12,8694.0,43,8695.0,48,8696.0,141,8697.0,32,8692.0
OI409,,13:39:46.0#,8654.0,8732.0,8616.0,9094.0,8064.0,687723,275815,8688.0,101,8689.0,49,8690.0,181,8691.0,22,8692.0,110,8693.0,4,8694.0,42,8695.0,48,8696.0,141,8697.0,32,8692.0
OI409,,13:39:46.250#,8654.0,8732.0,8616.0,9094.0,8064.0,687724,275814,8688.0,101,8689.0,49,8690.0,181,8691.0,25,8692.0,110,8693.0,9,8694.0,42,8695.0,48,8696.0,141,8697.0,32,8692.0
OI409,,13:39:46.500#,8654.0,8732.0,8616.0,9094.0,8064.0,687735,275809,8688.0,101,8689.0,50,8690.0,180,8691.0,26,8692.0,106,8693.0,12,8694.0,43,8695.0,48,8696.0,141,8697.0,32,8692.0
OI409,,13:39:46.750#,8654.0,8732.0,8616.0,9094.0,8064.0,687745,275807,8688.0,101,8689.0,50,8690.0,180,8691.0,26,8692.0,106,8693.0,5,8694.0,43,8695.0,48,8696.0,141,8697.0,32,8693.0
OI409,,13:39:47.0#,8654.0,8732.0,8616.0,9094.0,8064.0,687812,275740,8688.0,101,8689.0,50,8690.0,180,8691.0,26,8692.0,38,8693.0,2,8694.0,43,8695.0,48,8696.0,141,8697.0,32,8692.0
OI409,,13:39:47.250#,8654.0,8732.0,8616.0,9094.0,8064.0,687817,275741,8688.0,101,8689.0,50,8690.0,180,8691.0,26,8692.0,41,8693.0,37,8694.0,47,8695.0,50,8696.0,142,8697.0,32,8693.0
OI409,,13:39:47.500#,8654.0,8732.0,8616.0,9094.0,8064.0,687822,275743,8688.0,101,8689.0,50,8690.0,180,8691.0,26,8692.0,50,8693.0,17,8694.0,46,8695.0,50,8696.0,142,8697.0,32,8692.0
OI409,,13:39:47.750#,8654.0,8732.0,8616.0,9094.0,8064.0,687837,275750,8688.0,101,8689.0,50,8690.0,180,8691.0,29,8692.0,48,8694.0,51,8695.0,50,8696.0,142,8697.0,32,8698.0,28,8692.0
OI409,,13:39:48.0#,8654.0,8732.0,8616.0,9094.0,8064.0,687840,275751,8689.0,50,8690.0,180,8691.0,31,8692.0,52,8693.0,15,8694.0,30,8695.0,48,8696.0,142,8697.0,32,8698.0,28,8693.0
OI409,,13:39:48.250#,8654.0,8732.0,8616.0,9094.0,8064.0,687841,275751,8689.0,51,8690.0,180,8691.0,31,8692.0,54,8693.0,10,8694.0,27,8695.0,49,8696.0,142,8697.0,32,8698.0,28,8693.0
OI409,,13:39:48.500#,8654.0,8732.0,8616.0,9094.0,8064.0,687854,275753,8689.0,51,8690.0,180,8691.0,31,8692.0,51,8693.0,8,8694.0,29,8695.0,49,8696.0,141,8697.0,32,8698.0,28,8693.0
OI409,,13:39:48.750#,8654.0,8732.0,8616.0,9094.0,8064.0,687859,275749,8689.0,51,8690.0,180,8691.0,31,8692.0,51,8693.0,7,8694.0,22,8695.0,49,8696.0,141,8697.0,32,8698.0,28,8693.0
OI409,,13:39:49.0#,8654.0,8732.0,8616.0,9094.0,8064.0,687860,275748,8689.0,51,8690.0,180,8691.0,31,8692.0,51,8693.0,26,8694.0,24,8695.0,49,8696.0,141,8697.0,32,8698.0,28,8693.0
OI409,,13:39:49.250#,8654.0,8732.0,8616.0,9094.0,8064.0,687886,275740,8689.0,51,8690.0,179,8691.0,32,8692.0,52,8693.0,15,8694.0,31,8695.0,49,8696.0,141,8697.0,32,8698.0,28,8693.0
OI409,,13:39:49.500#,8654.0,8732.0,8616.0,9094.0,8064.0,687887,275740,8689.0,51,8690.0,179,8691.0,32,8692.0,52,8693.0,3,8694.0,33,8695.0,48,8696.0,142,8697.0,32,8698.0,28,8694.0
OI409,,13:39:49.750#,8654.0,8732.0,8616.0,9094.0,8064.0,687896,275735,8688.0,103,8689.0,51,8690.0,179,8691.0,33,8692.0,54,8693.0,19,8694.0,35,8695.0,48,8696.0,142,8697.0,32,8693.0
OI409,,13:39:50.0#,8654.0,8732.0,8616.0,9094.0,8064.0,687918,275733,8688.0,103,8689.0,51,8690.0,178,8691.0,33,8692.0,39,8693.0,15,8694.0,30,8695.0,48,8696.0,142,8697.0,32,8692.0
OI409,,13:39:50.250#,8654.0,8732.0,8616.0,9094.0,8064.0,687920,275733,8688.0,103,8689.0,51,8690.0,178,8691.0,35,8692.0,38,8693.0,18,8694.0,30,8695.0,48,8696.0,142,8697.0,32,8693.0
OI409,,13:39:50.500#,8654.0,8732.0,8616.0,9094.0,8064.0,687931,275733,8688.0,103,8689.0,51,8690.0,178,8691.0,35,8692.0,67,8693.0,13,8694.0,30,8695.0,48,8696.0,142,8697.0,32,8693.0
OI409,,13:39:50.750#,8654.0,8732.0,8616.0,9094.0,8064.0,687946,275745,8689.0,51,8690.0,178,8691.0,35,8692.0,67,8693.0,46,8694.0,29,8695.0,48,8696.0,142,8697.0,33,8698.0,29,8694.0
OI409,,13:39:51.0#,8654.0,8732.0,8616.0,9094.0,8064.0,687955,275746,8689.0,51,8690.0,182,8691.0,35,8692.0,71,8693.0,55,8694.0,20,8695.0,48,8696.0,142,8697.0,33,8698.0,29,8693.0
OI409,,13:39:51.250#,8654.0,8732.0,8616.0,9094.0,8064.0,687959,275749,8689.0,51,8690.0,182,8691.0,36,8692.0,71,8693.0,54,8694.0,18,8695.0,58,8696.0,142,8697.0,33,8698.0,31,8693.0
OI409,,13:39:51.500#,8654.0,8732.0,8616.0,9094.0,8064.0,687963,275752,8689.0,51,8690.0,182,8691.0,36,8692.0,41,8693.0,88,8694.0,18,8695.0,58,8696.0,142,8697.0,33,8698.0,31,8693.0
OI409,,13:39:51.750#,8654.0,8732.0,8616.0,9094.0,8064.0,687964,275753,8689.0,51,8690.0,182,8691.0,38,8692.0,41,8693.0,85,8694.0,19,8695.0,58,8696.0,143,8697.0,33,8698.0,31,8693.0
OI409,,13:39:52.0#,8654.0,8732.0,8616.0,9094.0,8064.0,687966,275754,8689.0,51,8690.0,182,8691.0,38,8692.0,41,8693.0,84,8694.0,18,8695.0,58,8696.0,143,8697.0,33,8698.0,31,8694.0
OI409,,13:39:52.250#,8654.0,8732.0,8616.0,9094.0,8064.0,687969,275753,8689.0,51,8690.0,182,8691.0,38,8692.0,42,8693.0,87,8694.0,15,8695.0,58,8696.0,143,8697.0,33,8698.0,31,8694.0
OI409,,13:39:52.500#,8654.0,8732.0,8616.0,9094.0,8064.0,687976,275756,8689.0,51,8690.0,182,8691.0,38,8692.0,42,8693.0,81,8694.0,16,8695.0,58,8696.0,143,8697.0,33,8698.0,31,8693.0
OI409,,13:39:52.750#,8654.0,8732.0,8616.0,9094.0,8064.0,687977,275755,8689.0,51,8690.0,182,8691.0,39,8692.0,42,8693.0,82,8694.0,17,8695.0,58,8696.0,143,8697.0,33,8698.0,31,8693.0
OI409,,13:39:53.0#,8654.0,8732.0,8616.0,9094.0,8064.0,687986,275748,8689.0,51,8690.0,182,8691.0,39,8692.0,42,8693.0,85,8694.0,8,8695.0,58,8696.0,143,8697.0,33,8698.0,31,8694.0
OI409,,13:39:53.250#,8654.0,8732.0,8616.0,9094.0,8064.0,688014,275740,8689.0,51,8690.0,182,8691.0,39,8692.0,43,8693.0,57,8694.0,8,8695.0,58,8696.0,145,8697.0,34,8698.0,31,8693.0
OI409,,13:39:53.500#,8654.0,8732.0,8616.0,9094.0,8064.0,688016,275739,8689.0,51,8690.0,182,8691.0,39,8692.0,43,8693.0,55,8694.0,40,8695.0,58,8696.0,145,8697.0,34,8698.0,31,8693.0
OI409,,13:39:53.750#,8654.0,8732.0,8616.0,9094.0,8064.0,688024,275738,8689.0,51,8690.0,182,8691.0,39,8692.0,43,8693.0,50,8694.0,48,8695.0,58,8696.0,145,8697.0,34,8698.0,31,8693.0
OI409,,13:39:54.0#,8654.0,8732.0,8616.0,9094.0,8064.0,688027,275738,8689.0,51,8690.0,182,8691.0,39,8692.0,42,8693.0,47,8694.0,49,8695.0,58,8696.0,145,8697.0,34,8698.0,31,8693.0
OI409,,13:39:54.250#,8654.0,8732.0,8616.0,9094.0,8064.0,688027,275738,8689.0,51,8690.0,182,8691.0,39,8692.0,45,8693.0,47,8694.0,55,8695.0,58,8696.0,145,8697.0,34,8698.0,31,8693.0
OI409,,13:39:54.500#,8654.0,8732.0,8616.0,9094.0,8064.0,688053,275733,8689.0,51,8690.0,181,8691.0,39,8692.0,44,8693.0,6,8694.0,58,8695.0,58,8696.0,145,8697.0,34,8698.0,31,8694.0
OI409,,13:39:54.750#,8654.0,8732.0,8616.0,9094.0,8064.0,688062,275731,8688.0,104,8689.0,51,8690.0,181,8691.0,39,8692.0,45,8693.0,77,8694.0,56,8695.0,58,8696.0,144,8697.0,34,8693.0
OI409,,13:39:55.0#,8654.0,8732.0,8616.0,9094.0,8064.0,688062,275731,8688.0,104,8689.0,51,8690.0,183,8691.0,39,8692.0,47,8693.0,78,8694.0,55,8695.0,61,8696.0,144,8697.0,34,8693.0
OI409,,13:39:55.250#,8654.0,8732.0,8616.0,9094.0,8064.0,688065,275730,8688.0,104,8689.0,51,8690.0,183,8691.0,39,8692.0,46,8693.0,48,8694.0,55,8695.0,61,8696.0,144,8697.0,34,8693.0
OI409,,13:39:55.500#,8654.0,8732.0,8616.0,9094.0,8064.0,688114,275702,8689.0,51,8690.0,183,8691.0,39,8692.0,58,8693.0,2,8694.0,58,8695.0,61,8696.0,144,8697.0,34,8698.0,39,8693.0
OI409,,13:39:55.750#,8654.0,8732.0,8616.0,9094.0,8064.0,688119,275704,8689.0,51,8690.0,183,8691.0,39,8692.0,58,8693.0,18,8694.0,52,8695.0,61,8696.0,144,8697.0,34,8698.0,39,8693.0
OI409,,13:39:56.0#,8654.0,8732.0,8616.0,9094.0,8064.0,688123,275706,8689.0,51,8690.0,183,8691.0,39,8692.0,60,8693.0,14,8694.0,52,8695.0,61,8696.0,144,8697.0,34,8698.0,39,8693.0
OI409,,13:39:56.250#,8654.0,8732.0,8616.0,9094.0,8064.0,688125,275704,8689.0,51,8690.0,183,8691.0,39,8692.0,60,8693.0,5,8694.0,45,8695.0,61,8696.0,144,8697.0,34,8698.0,39,8693.0
OI409,,13:39:56.500#,8654.0,8732.0,8616.0,9094.0,8064.0,688126,275704,8689.0,51,8690.0,183,8691.0,38,8692.0,37,8693.0,46,8694.0,43,8695.0,61,8696.0,144,8697.0,34,8698.0,39,8693.0
OI409,,13:39:56.750#,8654.0,8732.0,8616.0,9094.0,8064.0,688126,275704,8689.0,51,8690.0,184,8691.0,37,8692.0,37,8693.0,50,8694.0,24,8695.0,61,8696.0,144,8697.0,34,8698.0,39,8693.0
OI409,,13:39:57.0#,8654.0,8732.0,8616.0,9094.0,8064.0,688128,275702,8689.0,51,8690.0,184,8691.0,41,8692.0,37,8693.0,51,8694.0,22,8695.0,61,8696.0,144,8697.0,34,8698.0,39,8694.0
OI409,,13:39:57.250#,8654.0,8732.0,8616.0,9094.0,8064.0,688132,275700,8689.0,51,8690.0,184,8691.0,41,8692.0,37,8693.0,42,8694.0,22,8695.0,61,8696.0,144,8697.0,34,8698.0,39,8694.0
OI409,,13:39:57.500#,8654.0,8732.0,8616.0,9094.0,8064.0,688136,275700,8689.0,51,8690.0,184,8691.0,41,8692.0,37,8693.0,44,8694.0,21,8695.0,61,8696.0,144,8697.0,34,8698.0,42,8693.0
OI409,,13:39:57.750#,8654.0,8732.0,8616.0,9094.0,8064.0,688136,275700,8689.0,51,8690.0,184,8691.0,41,8692.0,37,8693.0,48,8694.0,21,8695.0,61,8696.0,144,8697.0,34,8698.0,42,8693.0
OI409,,13:39:58.0#,8654.0,8732.0,8616.0,9094.0,8064.0,688155,275687,8689.0,51,8690.0,184,8691.0,41,8692.0,37,8693.0,34,8694.0,19,8695.0,61,8696.0,144,8697.0,34,8698.0,42,8693.0
OI409,,13:39:58.250#,8654.0,8732.0,8616.0,9094.0,8064.0,688158,275687,8689.0,51,8690.0,184,8691.0,41,8692.0,37,8693.0,31,8694.0,19,8695.0,61,8696.0,144,8697.0,34,8698.0,42,8693.0
OI409,,13:39:58.500#,8654.0,8732.0,8616.0,9094.0,8064.0,688183,275688,8689.0,51,8690.0,184,8691.0,39,8692.0,37,8693.0,12,8694.0,15,8695.0,61,8696.0,144,8697.0,34,8698.0,42,8694.0
OI409,,13:39:58.750#,8654.0,8732.0,8616.0,9094.0,8064.0,688185,275690,8689.0,51,8690.0,184,8691.0,39,8692.0,39,8693.0,11,8694.0,19,8695.0,61,8696.0,144,8697.0,34,8698.0,42,8693.0
OI409,,13:39:59.0#,8654.0,8732.0,8616.0,9094.0,8064.0,688190,275693,8689.0,51,8690.0,184,8691.0,39,8692.0,40,8693.0,7,8694.0,18,8695.0,61,8696.0,143,8697.0,34,8698.0,42,8693.0
OI409,,13:39:59.250#,8654.0,8732.0,8616.0,9094.0,8064.0,688192,275693,8689.0,51,8690.0,184,8691.0,39,8692.0,40,8693.0,5,8694.0,19,8695.0,61,8696.0,143,8697.0,34,8698.0,42,8693.0
OI409,,13:39:59.500#,8654.0,8732.0,8616.0,9094.0,8064.0,688195,275696,8689.0,51,8690.0,184,8691.0,39,8692.0,40,8693.0,2,8694.0,19,8695.0,61,8696.0,147,8697.0,34,8698.0,44,8693.0
OI409,,13:39:59.750#,8654.0,8732.0,8616.0,9094.0,8064.0,688200,275693,8688.0,104,8689.0,51,8690.0,184,8691.0,39,8692.0,40,8694.0,28,8695.0,61,8696.0,147,8697.0,34,8698.0,44,8694.0
OI409,,13:40:00.0#,8654.0,8732.0,8616.0,9094.0,8064.0,688203,275692,8688.0,104,8689.0,51,8690.0,184,8691.0,39,8692.0,40,8693.0,18,8694.0,38,8695.0,61,8696.0,147,8697.0,34,8693.0
OI409,,13:40:00.250#,8654.0,8732.0,8616.0,9094.0,8064.0,688205,275690,8688.0,104,8689.0,51,8690.0,184,8691.0,39,8692.0,42,8693.0,14,8694.0,38,8695.0,61,8696.0,146,8697.0,34,8692.0
OI409,,13:40:00.500#,8654.0,8732.0,8616.0,9094.0,8064.0,688224,275687,8689.0,51,8690.0,184,8691.0,39,8692.0,38,8693.0,2,8694.0,34,8695.0,61,8696.0,146,8697.0,34,8698.0,45,8694.0
OI409,,13:40:00.750#,8654.0,8732.0,8616.0,9094.0,8064.0,688228,275687,8689.0,51,8690.0,184,8691.0,39,8692.0,39,8693.0,7,8694.0,26,8695.0,61,8696.0,146,8697.0,34,8698.0,45,8693.0
OI409,,13:40:01.0#,8654.0,8732.0,8616.0,9094.0,8064.0,688239,275684,8689.0,51,8690.0,184,8691.0,39,8692.0,37,8693.0,6,8694.0,26,8695.0,61,8696.0,146,8697.0,34,8698.0,45,8693.0
OI409,,13:40:01.250#,8654.0,8732.0,8616.0,9094.0,8064.0,688239,275684,8689.0,51,8690.0,184,8691.0,38,8692.0,37,8693.0,9,8694.0,26,8695.0,61,8696.0,146,8697.0,34,8698.0,45,8693.0
OI409,,13:40:01.500#,8654.0,8732.0,8616.0,9094.0,8064.0,688242,275681,8689.0,51,8690.0,185,8691.0,38,8692.0,39,8693.0,22,8694.0,26,8695.0,61,8696.0,146,8697.0,34,8698.0,45,8693.0
OI409,,13:40:01.750#,8654.0,8732.0,8616.0,9094.0,8064.0,688245,275680,8689.0,51,8690.0,185,8691.0,38,8692.0,39,8693.0,19,8694.0,28,8695.0,61,8696.0,146,8697.0,34,8698.0,45,8693.0
OI409,,13:40:02.0#,8654.0,8732.0,8616.0,9094.0,8064.0,688255,275681,8689.0,51,8690.0,184,8691.0,38,8692.0,39,8693.0,14,8694.0,28,8695.0,61,8696.0,146,8697.0,34,8698.0,45,8693.0
OI409,,13:40:02.250#,8654.0,8732.0,8616.0,9094.0,8064.0,688262,275679,8689.0,51,8690.0,184,8691.0,39,8692.0,39,8693.0,22,8694.0,27,8695.0,61,8696.0,146,8697.0,34,8698.0,45,8694.0
OI409,,13:40:02.500#,8654.0,8732.0,8616.0,9094.0,8064.0,688262,275679,8689.0,51,8690.0,184,8691.0,40,8692.0,39,8693.0,22,8694.0,20,8695.0,61,8696.0,147,8697.0,34,8698.0,45,8694.0
OI409,,13:40:02.750#,8654.0,8732.0,8616.0,9094.0,8064.0,688267,275680,8689.0,51,8690.0,184,8691.0,40,8692.0,39,8693.0,17,8694.0,22,8695.0,61,8696.0,147,8697.0,34,8698.0,45,8693.0
OI409,,13:40:03.0#,8654.0,8732.0,8616.0,9094.0,8064.0,688272,275682,8689.0,51,8690.0,189,8691.0,40,8692.0,37,8693.0,15,8694.0,30,8695.0,61,8696.0,147,8697.0,34,8698.0,45,8693.0
OI409,,13:40:03.250#,8654.0,8732.0,8616.0,9094.0,8064.0,688304,275656,8688.0,105,8689.0,51,8690.0,190,8691.0,40,8692.0,38,8693.0,14,8694.0,29,8695.0,62,8696.0,147,8697.0,34,8693.0
OI409,,13:40:03.500#,8654.0,8732.0,8616.0,9094.0,8064.0,688403,275646,8688.0,105,8689.0,51,8690.0,190,8691.0,40,8692.0,22,8694.0,23,8695.0,62,8696.0,147,8697.0,34,8698.0,45,8694.0
OI409,,13:40:03.750#,8654.0,8732.0,8616.0,9094.0,8064.0,688403,275646,8689.0,51,8690.0,192,8691.0,39,8692.0,26,8693.0,4,8694.0,27,8695.0,62,8696.0,147,8697.0,34,8698.0,45,8694.0
OI409,,13:40:04.0#,8654.0,8732.0,8616.0,9094.0,8064.0,688416,275644,8689.0,51,8690.0,192,8691.0,39,8692.0,21,8693.0,1,8694.0,25,8695.0,62,8696.0,150,8697.0,34,8698.0,42,8693.0
OI409,,13:40:04.250#,8654.0,8732.0,8616.0,9094.0,8064.0,688420,275642,8688.0,105,8689.0,52,8690.0,192,8691.0,39,8692.0,21,8694.0,24,8695.0,62,8696.0,150,8697.0,34,8698.0,42,8694.0
OI409,,13:40:04.500#,8654.0,8732.0,8616.0,9094.0,8064.0,688450,275624,8688.0,105,8689.0,52,8690.0,192,8691.0,39,8692.0,9,8694.0,32,8695.0,62,8696.0,150,8697.0,34,8698.0,42,8692.0
OI409,,13:40:04.750#,8654.0,8732.0,8616.0,9094.0,8064.0,688465,275627,8688.0,105,8689.0,52,8690.0,192,8691.0,41,8692.0,10,8693.0,55,8694.0,29,8695.0,62,8696.0,150,8697.0,34,8693.0
OI409,,13:40:05.0#,8654.0,8732.0,8616.0,9094.0,8064.0,688471,275627,8688.0,105,8689.0,52,8690.0,194,8691.0,40,8692.0,3,8693.0,24,8694.0,30,8695.0,63,8696.0,150,8697.0,34,8692.0
OI409,,13:40:05.250#,8654.0,8732.0,8616.0,9094.0,8064.0,688471,275627,8688.0,106,8689.0,52,8690.0,196,8691.0,40,8692.0,24,8693.0,29,8694.0,30,8695.0,63,8696.0,150,8697.0,34,8692.0
OI409,,13:40:05.500#,8654.0,8732.0,8616.0,9094.0,8064.0,688488,275621,8688.0,106,8689.0,52,8690.0,196,8691.0,40,8692.0,9,8693.0,16,8694.0,30,8695.0,63,8696.0,150,8697.0,34,8692.0
OI409,,13:40:05.750#,8654.0,8732.0,8616.0,9094.0,8064.0,688490,275620,8688.0,106,8689.0,52,8690.0,196,8691.0,40,8692.0,5,8693.0,25,8694.0,31,8695.0,63,8696.0,150,8697.0,34,8692.0
OI409,,13:40:06.0#,8654.0,8732.0,8616.0,9094.0,8064.0,688501,275616,8688.0,106,8689.0,52,8690.0,176,8691.0,40,8692.0,13,8693.0,26,8694.0,34,8695.0,63,8696.0,150,8697.0,35,8693.0
OI409,,13:40:06.250#,8654.0,8732.0,8616.0,9094.0,8064.0,688505,275613,8688.0,108,8689.0,52,8690.0,174,8691.0,40,8692.0,13,8693.0,50,8694.0,34,8695.0,63,8696.0,150,8697.0,35,8692.0
OI409,,13:40:06.500#,8654.0,8732.0,8616.0,9094.0,8064.0,688537,275590,8687.0,41,8688.0,109,8689.0,52,8690.0,175,8691.0,49,8693.0,41,8694.0,34,8695.0,63,8696.0,149,8697.0,35,8691.0
OI409,,13:40:06.750#,8654.0,8732.0,8616.0,9094.0,8064.0,688541,275589,8687.0,41,8688.0,109,8689.0,52,8690.0,175,8691.0,49,8693.0,46,8694.0,34,8695.0,63,8696.0,149,8697.0,36,8692.0
OI409,,13:40:07.0#,8654.0,8732.0,8616.0,9094.0,8064.0,688542,275589,8687.0,41,8688.0,109,8689.0,52,8690.0,173,8691.0,47,8692.0,24,8693.0,42,8694.0,35,8695.0,64,8696.0,149,8691.0
OI409,,13:40:07.250#,8654.0,8732.0,8616.0,9094.0,8064.0,688570,275572,8687.0,41,8688.0,109,8689.0,52,8690.0,173,8691.0,40,8693.0,43,8694.0,34,8695.0,64,8696.0,149,8697.0,36,8693.0
OI409,,13:40:07.500#,8654.0,8732.0,8616.0,9094.0,8064.0,688581,275570,8687.0,41,8688.0,109,8689.0,52,8690.0,173,8691.0,35,8692.0,4,8693.0,44,8694.0,34,8695.0,64,8696.0,149,8691.0
OI409,,13:40:07.750#,8654.0,8732.0,8616.0,9094.0,8064.0,688583,275568,8687.0,41,8688.0,109,8689.0,52,8690.0,173,8691.0,35,8692.0,24,8693.0,47,8694.0,32,8695.0,64,8696.0,149,8692.0
OI409,,13:40:08.0#,8654.0,8732.0,8616.0,9094.0,8064.0,688586,275565,8687.0,41,8688.0,109,8689.0,52,8690.0,173,8691.0,38,8692.0,18,8693.0,47,8694.0,32,8695.0,64,8696.0,149,8692.0
OI409,,13:40:08.250#,8654.0,8732.0,8616.0,9094.0,8064.0,688586,275565,8687.0,41,8688.0,109,8689.0,52,8690.0,173,8691.0,35,8692.0,10,8693.0,47,8694.0,31,8695.0,64,8696.0,149,8692.0
OI409,,13:40:08.500#,8654.0,8732.0,8616.0,9094.0,8064.0,688619,275548,8687.0,40,8688.0,109,8689.0,52,8690.0,174,8691.0,2,8692.0,31,8693.0,47,8694.0,32,8695.0,64,8696.0,149,8691.0
OI409,,13:40:08.750#,8654.0,8732.0,8616.0,9094.0,8064.0,688640,275535,8686.0,97,8687.0,40,8688.0,109,8689.0,52,8690.0,171,8691.0,47,8692.0,23,8693.0,47,8694.0,32,8695.0,64,8690.0
OI409,,13:40:09.0#,8654.0,8732.0,8616.0,9094.0,8064.0,688791,275531,8686.0,98,8687.0,40,8688.0,108,8689.0,52,8690.0,29,8691.0,7,8692.0,24,8693.0,48,8694.0,32,8695.0,65,8690.0
OI409,,13:40:09.250#,8654.0,8732.0,8616.0,9094.0,8064.0,688820,275515,8686.0,99,8687.0,40,8688.0,107,8689.0,52,8690.0,10,8691.0,29,8692.0,26,8693.0,48,8694.0,32,8695.0,65,8691.0
OI409,,13:40:09.500#,8654.0,8732.0,8616.0,9094.0,8064.0,688859,275492,8685.0,91,8686.0,99,8687.0,40,8688.0,107,8689.0,39,8690.0,13,8691.0,39,8692.0,26,8693.0,48,8694.0,32,8690.0
OI409,,13:40:09.750#,8654.0,8732.0,8616.0,9094.0,8064.0,688862,275490,8685.0,92,8686.0,99,8687.0,40,8688.0,107,8689.0,25,8690.0,17,8691.0,40,8692.0,25,8693.0,48,8694.0,32,8690.0
OI409,,13:40:10.0#,8654.0,8732.0,8616.0,9094.0,8064.0,688863,275490,8685.0,92,8686.0,99,8687.0,40,8688.0,109,8689.0,24,8690.0,31,8691.0,40,8692.0,25,8693.0,49,8694.0,32,8689.0
OI409,,13:40:10.250#,8654.0,8732.0,8616.0,9094.0,8064.0,688869,275488,8685.0,92,8686.0,99,8687.0,40,8688.0,109,8689.0,19,8690.0,34,8691.0,40,8692.0,25,8693.0,49,8694.0,35,8689.0
OI409,,13:40:10.500#,8654.0,8732.0,8616.0,9094.0,8064.0,688897,275481,8685.0,93,8686.0,112,8687.0,40,8688.0,111,8689.0,13,8690.0,35,8691.0,40,8692.0,27,8693.0,47,8694.0,35,8689.0
OI409,,13:40:10.750#,8654.0,8732.0,8616.0,9094.0,8064.0,688913,275484,8684.0,54,8685.0,93,8686.0,112,8687.0,40,8688.0,117,8689.0,9,8690.0,37,8691.0,40,8692.0,29,8693.0,48,8689.0
OI409,,13:40:11.0#,8654.0,8732.0,8616.0,9094.0,8064.0,688923,275487,8684.0,55,8685.0,93,8686.0,112,8687.0,40,8688.0,112,8689.0,10,8690.0,39,8691.0,42,8692.0,34,8693.0,48,8689.0
OI409,,13:40:11.250#,8654.0,8732.0,8616.0,9094.0,8064.0,688930,275486,8684.0,55,8685.0,93,8686.0,112,8687.0,42,8688.0,111,8689.0,8,8690.0,39,8691.0,41,8692.0,34,8693.0,48,8689.0
OI409,,13:40:11.500#,8654.0,8732.0,8616.0,9094.0,8064.0,688962,275476,8684.0,55,8685.0,93,8686.0,112,8687.0,42,8688.0,106,8689.0,4,8690.0,40,8691.0,40,8692.0,34,8693.0,48,8689.0
OI409,,13:40:11.750#,8654.0,8732.0,8616.0,9094.0,8064.0,688967,275476,8684.0,57,8685.0,93,8686.0,112,8687.0,44,8688.0,105,8689.0,15,8690.0,37,8691.0,40,8692.0,34,8693.0,48,8689.0
OI409,,13:40:12.0#,8654.0,8732.0,8616.0,9094.0,8064.0,688971,275477,8684.0,57,8685.0,93,8686.0,112,8687.0,44,8688.0,105,8689.0,18,8690.0,37,8691.0,40,8692.0,34,8693.0,48,8689.0
OI409,,13:40:12.250#,8654.0,8732.0,8616.0,9094.0,8064.0,688977,275475,8684.0,57,8685.0,92,8686.0,112,8687.0,44,8688.0,105,8689.0,19,8690.0,37,8691.0,40,8692.0,34,8693.0,47,8688.0
OI409,,13:40:12.500#,8654.0,8732.0,8616.0,9094.0,8064.0,689083,275432,8684.0,57,8685.0,93,8686.0,160,8687.0,45,8688.0,11,8689.0,17,8690.0,38,8691.0,40,8692.0,34,8693.0,47,8688.0
OI409,,13:40:12.750#,8654.0,8732.0,8616.0,9094.0,8064.0,689104,275432,8683.0,21,8684.0,60,8685.0,93,8686.0,160,8687.0,79,8688.0,2,8689.0,25,8690.0,38,8691.0,40,8692.0,34,8688.0
OI409,,13:40:13.0#,8654.0,8732.0,8616.0,9094.0,8064.0,689138,275408,8684.0,61,8685.0,92,8686.0,160,8687.0,45,8688.0,31,8689.0,100,8690.0,41,8691.0,40,8692.0,32,8693.0,46,8689.0
OI409,,13:40:13.250#,8654.0,8732.0,8616.0,9094.0,8064.0,689148,275406,8684.0,61,8685.0,92,8686.0,160,8687.0,46,8688.0,14,8689.0,20,8690.0,441,8691.0,40,8692.0,32,8693.0,45,8688.0
OI409,,13:40:13.500#,8654.0,8732.0,8616.0,9094.0,8064.0,689242,275333,8683.0,23,8684.0,61,8685.0,92,8686.0,160,8687.0,10,8688.0,76,8689.0,21,8690.0,442,8691.0,41,8692.0,32,8688.0
OI409,,13:40:13.750#,8654.0,8732.0,8616.0,9094.0,8064.0,689254,275339,8682.0,36,8683.0,23,8684.0,61,8685.0,92,8686.0,169,8687.0,4,8688.0,46,8689.0,25,8690.0,440,8691.0,41,8687.0
OI409,,13:40:14.0#,8654.0,8732.0,8616.0,9094.0,8064.0,689375,275311,8683.0,23,8684.0,71,8685.0,93,8686.0,153,8687.0,11,8688.0,11,8689.0,29,8690.0,440,8691.0,39,8692.0,32,8688.0
OI409,,13:40:14.250#,8654.0,8732.0,8616.0,9094.0,8064.0,689400,275315,8683.0,23,8684.0,71,8685.0,93,8686.0,154,8687.0,40,8688.0,1,8689.0,29,8690.0,438,8691.0,39,8692.0,32,8688.0
OI409,,13:40:14.500#,8654.0,8732.0,8616.0,9094.0,8064.0,689428,275314,8684.0,71,8685.0,93,8686.0,154,8687.0,43,8688.0,14,8689.0,22,8690.0,439,8691.0,29,8692.0,32,8693.0,49,8688.0
OI409,,13:40:14.750#,8654.0,8732.0,8616.0,9094.0,8064.0,689465,275295,8683.0,23,8684.0,71,8685.0,94,8686.0,155,8687.0,28,8689.0,26,8690.0,438,8691.0,29,8692.0,32,8693.0,49,8687.0
OI409,,13:40:15.0#,8654.0,8732.0,8616.0,9094.0,8064.0,689467,275295,8683.0,23,8684.0,71,8685.0,94,8686.0,157,8687.0,28,8688.0,39,8689.0,38,8690.0,439,8691.0,29,8692.0,32,8688.0
OI409,,13:40:15.250#,8654.0,8732.0,8616.0,9094.0,8064.0,689473,275293,8683.0,23,8684.0,71,8685.0,94,8686.0,157,8687.0,18,8688.0,9,8689.0,38,8690.0,438,8691.0,29,8692.0,32,8688.0
OI409,,13:40:15.500#,8654.0,8732.0,8616.0,9094.0,8064.0,689513,275272,8683.0,24,8684.0,72,8685.0,94,8686.0,159,8687.0,4,8688.0,10,8689.0,39,8690.0,437,8691.0,29,8692.0,32,8688.0
OI409,,13:40:15.750#,8654.0,8732.0,8616.0,9094.0,8064.0,689522,275268,8683.0,24,8684.0,72,8685.0,97,8686.0,159,8687.0,1,8688.0,13,8689.0,39,8690.0,437,8691.0,28,8692.0,32,8688.0
OI409,,13:40:16.0#,8654.0,8732.0,8616.0,9094.0,8064.0,689539,275261,8684.0,72,8685.0,98,8686.0,159,8687.0,20,8688.0,89,8689.0,44,8690.0,438,8691.0,28,8692.0,27,8693.0,49,8688.0
OI409,,13:40:16.250#,8654.0,8732.0,8616.0,9094.0,8064.0,689588,275273,8684.0,72,8685.0,98,8686.0,159,8687.0,22,8688.0,70,8690.0,443,8691.0,28,8692.0,27,8693.0,49,8694.0,53,8688.0
OI409,,13:40:16.500#,8654.0,8732.0,8616.0,9094.0,8064.0,689698,275281,8682.0,38,8683.0,24,8684.0,57,8685.0,98,8686.0,163,8687.0,43,8688.0,4,8689.0,6,8690.0,440,8691.0,28,8687.0
OI409,,13:40:16.750#,8654.0,8732.0,8616.0,9094.0,8064.0,689750,275321,8684.0,56,8685.0,98,8686.0,149,8687.0,62,8688.0,2,8689.0,21,8690.0,440,8691.0,32,8692.0,27,8693.0,49,8688.0
OI409,,13:40:17.0#,8654.0,8732.0,8616.0,9094.0,8064.0,689853,275257,8684.0,56,8685.0,100,8686.0,148,8687.0,6,8688.0,32,8689.0,26,8690.0,440,8691.0,32,8692.0,27,8693.0,49,8688.0
OI409,,13:40:17.250#,8654.0,8732.0,8616.0,9094.0,8064.0,689906,275220,8683.0,23,8684.0,56,8685.0,103,8686.0,148,8687.0,9,8688.0,5,8689.0,35,8690.0,440,8691.0,32,8692.0,27,8688.0
OI409,,13:40:17.500#,8654.0,8732.0,8616.0,9094.0,8064.0,689934,275226,8683.0,23,8684.0,56,8685.0,103,8686.0,148,8687.0,24,8688.0,3,8689.0,37,8690.0,440,8691.0,35,8692.0,31,8688.0
OI409,,13:40:17.750#,8654.0,8732.0,8616.0,9094.0,8064.0,689942,275224,8684.0,56,8685.0,104,8686.0,148,8687.0,35,8688.0,14,8689.0,36,8690.0,440,8691.0,35,8692.0,31,8693.0,49,8689.0
OI409,,13:40:18.0#,8654.0,8732.0,8616.0,9094.0,8064.0,689949,275219,8684.0,56,8685.0,104,8686.0,149,8687.0,35,8688.0,4,8689.0,29,8690.0,440,8691.0,35,8692.0,31,8693.0,49,8688.0
OI409,,13:40:18.250#,8654.0,8732.0,8616.0,9094.0,8064.0,689960,275223,8683.0,23,8684.0,56,8685.0,105,8686.0,151,8687.0,91,8688.0,5,8689.0,29,8690.0,440,8691.0,35,8692.0,31,8688.0
OI409,,13:40:18.500#,8654.0,8732.0,8616.0,9094.0,8064.0,689989,275219,8684.0,56,8685.0,106,8686.0,151,8687.0,88,8688.0,33,8689.0,16,8690.0,440,8691.0,35,8692.0,31,8693.0,49,8688.0
OI409,,13:40:18.750#,8654.0,8732.0,8616.0,9094.0,8064.0,690005,275224,8684.0,56,8685.0,106,8686.0,151,8687.0,89,8688.0,19,8689.0,9,8690.0,440,8691.0,35,8692.0,31,8693.0,50,8689.0
OI409,,13:40:19.0#,8654.0,8732.0,8616.0,9094.0,8064.0,690008,275223,8684.0,57,8685.0,106,8686.0,152,8687.0,91,8688.0,48,8689.0,34,8690.0,440,8691.0,35,8692.0,31,8693.0,50,8688.0
OI409,,13:40:19.250#,8654.0,8732.0,8616.0,9094.0,8064.0,690020,275213,8684.0,57,8685.0,106,8686.0,152,8687.0,92,8688.0,25,8689.0,22,8690.0,440,8691.0,35,8692.0,31,8693.0,49,8688.0
OI409,,13:40:19.500#,8654.0,8732.0,8616.0,9094.0,8064.0,690043,275205,8684.0,57,8685.0,106,8686.0,152,8687.0,93,8688.0,14,8689.0,12,8690.0,440,8691.0,35,8692.0,31,8693.0,49,8689.0
OI409,,13:40:19.750#,8654.0,8732.0,8616.0,9094.0,8064.0,690053,275204,8684.0,57,8685.0,106,8686.0,152,8687.0,93,8688.0,11,8689.0,6,8690.0,440,8691.0,35,8692.0,31,8693.0,49,8689.0
OI409,,13:40:20.0#,8654.0,8732.0,8616.0,9094.0,8064.0,690073,275197,8685.0,106,8686.0,153,8687.0,93,8688.0,22,8689.0,3,8690.0,448,8691.0,35,8692.0,31,8693.0,49,8694.0,61,8689.0
OI409,,13:40:20.250#,8654.0,8732.0,8616.0,9094.0,8064.0,690084,275190,8684.0,57,8685.0,106,8686.0,153,8687.0,94,8688.0,33,8689.0,28,8690.0,442,8691.0,35,8692.0,33,8693.0,49,8688.0
OI409,,13:40:20.500#,8654.0,8732.0,8616.0,9094.0,8064.0,690091,275189,8684.0,57,8685.0,106,8686.0,154,8687.0,94,8688.0,28,8689.0,37,8690.0,442,8691.0,35,8692.0,29,8693.0,49,8688.0
OI409,,13:40:20.750#,8654.0,8732.0,8616.0,9094.0,8064.0,690093,275190,8684.0,57,8685.0,107,8686.0,154,8687.0,96,8688.0,27,8689.0,36,8690.0,442,8691.0,35,8692.0,29,8693.0,49,8689.0
OI409,,13:40:21.0#,8654.0,8732.0,8616.0,9094.0,8064.0,690095,275188,8684.0,57,8685.0,107,8686.0,154,8687.0,96,8688.0,25,8689.0,35,8690.0,442,8691.0,36,8692.0,30,8693.0,49,8688.0
OI409,,13:40:21.250#,8654.0,8732.0,8616.0,9094.0,8064.0,690107,275180,8684.0,57,8685.0,107,8686.0,155,8687.0,96,8688.0,27,8689.0,22,8690.0,442,8691.0,36,8692.0,30,8693.0,49,8689.0
OI409,,13:40:21.500#,8654.0,8732.0,8616.0,9094.0,8064.0,690114,275179,8685.0,107,8686.0,155,8687.0,96,8688.0,32,8689.0,4,8690.0,450,8691.0,36,8692.0,41,8693.0,49,8694.0,76,8689.0
OI409,,13:40:21.750#,8654.0,8732.0,8616.0,9094.0,8064.0,690122,275183,8685.0,107,8686.0,155,8687.0,96,8688.0,33,8689.0,2,8690.0,441,8691.0,36,8692.0,41,8693.0,49,8694.0,76,8689.0
OI409,,13:40:22.0#,8654.0,8732.0,8616.0,9094.0,8064.0,690132,275183,8685.0,108,8686.0,155,8687.0,97,8688.0,38,8689.0,1,8690.0,448,8691.0,36,8692.0,41,8693.0,49,8694.0,76,8689.0
OI409,,13:40:22.250#,8654.0,8732.0,8616.0,9094.0,8064.0,690138,275179,8685.0,109,8686.0,155,8687.0,97,8688.0,38,8689.0,6,8690.0,447,8691.0,32,8692.0,41,8693.0,49,8694.0,76,8690.0
OI409,,13:40:22.500#,8654.0,8732.0,8616.0,9094.0,8064.0,690140,275179,8685.0,109,8686.0,157,8687.0,99,8688.0,42,8689.0,5,8690.0,446,8691.0,32,8692.0,41,8693.0,49,8694.0,76,8689.0
OI409,,13:40:22.750#,8654.0,8732.0,8616.0,9094.0,8064.0,690142,275177,8685.0,109,8686.0,157,8687.0,99,8688.0,50,8689.0,6,8690.0,444,8691.0,32,8692.0,41,8693.0,49,8694.0,76,8689.0
OI409,,13:40:23.0#,8654.0,8732.0,8616.0,9094.0,8064.0,690146,275177,8685.0,110,8686.0,156,8687.0,99,8688.0,50,8689.0,5,8690.0,440,8691.0,32,8692.0,41,8693.0,49,8694.0,76,8689.0
OI409,,13:40:23.250#,8654.0,8732.0,8616.0,9094.0,8064.0,690148,275176,8685.0,110,8686.0,156,8687.0,101,8688.0,51,8689.0,4,8690.0,439,8691.0,32,8692.0,41,8693.0,49,8694.0,76,8689.0
OI409,,13:40:23.500#,8654.0,8732.0,8616.0,9094.0,8064.0,690158,275168,8684.0,59,8685.0,109,8686.0,156,8687.0,102,8688.0,52,8689.0,19,8690.0,439,8691.0,32,8692.0,41,8693.0,49,8689.0
OI409,,13:40:23.750#,8654.0,8732.0,8616.0,9094.0,8064.0,690189,275162,8685.0,109,8686.0,155,8687.0,102,8688.0,67,8689.0,35,8690.0,458,8691.0,32,8692.0,41,8693.0,49,8694.0,76,8689.0
OI409,,13:40:24.0#,8654.0,8732.0,8616.0,9094.0,8064.0,690190,275162,8685.0,109,8686.0,155,8687.0,103,8688.0,67,8689.0,38,8690.0,437,8691.0,32,8692.0,41,8693.0,50,8694.0,76,8689.0
OI409,,13:40:24.250#,8654.0,8732.0,8616.0,9094.0,8064.0,690195,275162,8685.0,109,8686.0,156,8687.0,104,8688.0,67,8689.0,41,8690.0,438,8691.0,33,8692.0,41,8693.0,50,8694.0,76,8690.0
OI409,,13:40:24.500#,8654.0,8732.0,8616.0,9094.0,8064.0,690201,275160,8685.0,110,8686.0,156,8687.0,104,8688.0,67,8689.0,54,8690.0,437,8691.0,33,8692.0,40,8693.0,50,8694.0,76,8689.0
OI409,,13:40:24.750#,8654.0,8732.0,8616.0,9094.0,8064.0,690205,275159,8685.0,110,8686.0,158,8687.0,104,8688.0,55,8689.0,52,8690.0,437,8691.0,33,8692.0,40,8693.0,50,8694.0,76,8690.0
OI409,,13:40:25.0#,8654.0,8732.0,8616.0,9094.0,8064.0,690209,275159,8685.0,110,8686.0,158,8687.0,107,8688.0,56,8689.0,64,8690.0,436,8691.0,33,8692.0,40,8693.0,50,8694.0,76,8690.0
OI409,,13:40:25.250#,8654.0,8732.0,8616.0,9094.0,8064.0,690217,275157,8685.0,110,8686.0,159,8687.0,107,8688.0,57,8689.0,63,8690.0,431,8691.0,33,8692.0,41,8693.0,50,8694.0,76,8690.0
OI409,,13:40:25.500#,8654.0,8732.0,8616.0,9094.0,8064.0,690228,275162,8685.0,110,8686.0,159,8687.0,107,8688.0,57,8689.0,63,8690.0,421,8691.0,33,8692.0,40,8693.0,50,8694.0,76,8690.0
OI409,,13:40:25.750#,8654.0,8732.0,8616.0,9094.0,8064.0,690234,275156,8685.0,110,8686.0,159,8687.0,107,8688.0,57,8689.0,56,8690.0,421,8691.0,33,8692.0,40,8693.0,50,8694.0,76,8689.0
OI409,,13:40:26.0#,8654.0,8732.0,8616.0,9094.0,8064.0,690265,275165,8685.0,110,8686.0,158,8687.0,107,8688.0,59,8689.0,25,8690.0,426,8691.0,33,8692.0,40,8693.0,50,8694.0,76,8689.0
OI409,,13:40:26.250#,8654.0,8732.0,8616.0,9094.0,8064.0,690269,275165,8685.0,110,8686.0,159,8687.0,107,8688.0,63,8689.0,33,8690.0,421,8691.0,33,8692.0,40,8693.0,50,8694.0,76,8690.0
OI409,,13:40:26.500#,8654.0,8732.0,8616.0,9094.0,8064.0,690281,275169,8685.0,110,8686.0,160,8687.0,110,8688.0,64,8689.0,33,8690.0,414,8691.0,33,8692.0,40,8693.0,50,8694.0,76,8690.0
OI409,,13:40:26.750#,8654.0,8732.0,8616.0,9094.0,8064.0,690285,275171,8685.0,108,8686.0,160,8687.0,110,8688.0,64,8689.0,40,8690.0,417,8691.0,33,8692.0,40,8693.0,50,8694.0,76,8690.0
OI409,,13:40:27.0#,8654.0,8732.0,8616.0,9094.0,8064.0,690286,275171,8685.0,109,8686.0,194,8687.0,112,8688.0,65,8689.0,56,8690.0,411,8691.0,33,8692.0,40,8693.0,50,8694.0,76,8690.0
OI409,,13:40:27.250#,8654.0,8732.0,8616.0,9094.0,8064.0,690356,275183,8685.0,109,8686.0,192,8687.0,111,8688.0,65,8689.0,45,8690.0,354,8691.0,33,8692.0,40,8693.0,50,8694.0,76,8689.0
OI409,,13:40:27.500#,8654.0,8732.0,8616.0,9094.0,8064.0,690465,275255,8685.0,109,8686.0,192,8687.0,111,8688.0,65,8689.0,35,8690.0,256,8691.0,33,8692.0,40,8693.0,50,8694.0,76,8689.0
OI409,,13:40:27.750#,8654.0,8732.0,8616.0,9094.0,8064.0,690500,275280,8685.0,107,8686.0,192,8687.0,111,8688.0,66,8689.0,49,8690.0,221,8691.0,33,8692.0,40,8693.0,50,8694.0,76,8690.0
OI409,,13:40:28.0#,8654.0,8732.0,8616.0,9094.0,8064.0,690552,275296,8685.0,107,8686.0,192,8687.0,111,8688.0,67,8689.0,50,8690.0,170,8691.0,33,8692.0,40,8693.0,50,8694.0,76,8690.0
OI409,,13:40:28.250#,8654.0,8732.0,8616.0,9094.0,8064.0,690570,275306,8685.0,107,8686.0,192,8687.0,111,8688.0,70,8689.0,62,8690.0,154,8691.0,33,8692.0,40,8693.0,50,8694.0,76,8690.0
OI409,,13:40:28.500#,8654.0,8732.0,8616.0,9094.0,8064.0,690580,275312,8685.0,107,8686.0,192,8687.0,111,8688.0,70,8689.0,61,8690.0,146,8691.0,33,8692.0,40,8693.0,50,8694.0,76,8690.0
OI409,,13:40:28.750#,8654.0,8732.0,8616.0,9094.0,8064.0,690623,275339,8685.0,106,8686.0,192,8687.0,111,8688.0,70,8689.0,62,8690.0,104,8691.0,33,8692.0,40,8693.0,50,8694.0,76,8690.0
OI409,,13:40:29.0#,8654.0,8732.0,8616.0,9094.0,8064.0,690729,275368,8686.0,192,8687.0,111,8688.0,69,8689.0,45,8690.0,3,8691.0,33,8692.0,40,8693.0,50,8694.0,76,8695.0,41,8690.0
OI409,,13:40:29.250#,8654.0,8732.0,8616.0,9094.0,8064.0,690731,275368,8686.0,192,8687.0,116,8688.0,73,8689.0,45,8690.0,28,8691.0,13,8692.0,38,8693.0,50,8694.0,76,8695.0,41,8691.0
OI409,,13:40:29.500#,8654.0,8732.0,8616.0,9094.0,8064.0,690737,275366,8686.0,192,8687.0,116,8688.0,73,8689.0,45,8690.0,29,8691.0,3,8692.0,38,8693.0,50,8694.0,76,8695.0,41,8691.0
OI409,,13:40:29.750#,8654.0,8732.0,8616.0,9094.0,8064.0,690743,275363,8686.0,191,8687.0,116,8688.0,74,8689.0,44,8690.0,55,8691.0,4,8692.0,38,8693.0,50,8694.0,76,8695.0,41,8690.0
OI409,,13:40:30.0#,8654.0,8732.0,8616.0,9094.0,8064.0,690746,275361,8687.0,117,8688.0,73,8689.0,45,8690.0,52,8691.0,7,8692.0,39,8693.0,50,8694.0,76,8695.0,41,8696.0,13,8691.0
OI409,,13:40:30.250#,8654.0,8732.0,8616.0,9094.0,8064.0,690746,275361,8687.0,117,8688.0,73,8689.0,46,8690.0,62,8691.0,15,8692.0,27,8693.0,50,8694.0,75,8695.0,41,8696.0,18,8691.0
OI409,,13:40:30.500#,8654.0,8732.0,8616.0,9094.0,8064.0,690796,275375,8686.0,192,8687.0,117,8688.0,73,8689.0,46,8690.0,50,8692.0,26,8693.0,50,8694.0,72,8695.0,41,8696.0,20,8690.0
OI409,,13:40:30.750#,8654.0,8732.0,8616.0,9094.0,8064.0,690802,275370,8687.0,115,8688.0,73,8689.0,47,8690.0,46,8691.0,8,8692.0,33,8693.0,50,8694.0,72,8695.0,41,8696.0,20,8691.0
OI409,,13:40:31.0#,8654.0,8732.0,8616.0,9094.0,8064.0,690807,275372,8687.0,115,8688.0,73,8689.0,47,8690.0,49,8691.0,9,8692.0,29,8693.0,50,8694.0,72,8695.0,41,8696.0,20,8691.0
OI409,,13:40:31.250#,8654.0,8732.0,8616.0,9094.0,8064.0,690810,275373,8687.0,115,8688.0,73,8689.0,51,8690.0,53,8691.0,7,8692.0,27,8693.0,50,8694.0,72,8695.0,41,8696.0,20,8691.0
OI409,,13:40:31.500#,8654.0,8732.0,8616.0,9094.0,8064.0,690814,275373,8687.0,115,8688.0,78,8689.0,51,8690.0,48,8691.0,11,8692.0,28,8693.0,50,8694.0,72,8695.0,41,8696.0,20,8692.0
OI409,,13:40:31.750#,8654.0,8732.0,8616.0,9094.0,8064.0,690825,275375,8687.0,115,8688.0,78,8689.0,52,8690.0,54,8691.0,6,8692.0,22,8693.0,50,8694.0,72,8695.0,41,8696.0,20,8692.0
OI409,,13:40:32.0#,8654.0,8732.0,8616.0,9094.0,8064.0,690827,275376,8687.0,115,8688.0,78,8689.0,43,8690.0,55,8691.0,21,8692.0,23,8693.0,50,8694.0,72,8695.0,41,8696.0,20,8691.0
OI409,,13:40:32.250#,8654.0,8732.0,8616.0,9094.0,8064.0,690835,275377,8687.0,114,8688.0,78,8689.0,43,8690.0,55,8691.0,37,8692.0,20,8693.0,50,8694.0,72,8695.0,41,8696.0,20,8691.0
OI409,,13:40:32.500#,8654.0,8732.0,8616.0,9094.0,8064.0,690836,275377,8687.0,115,8688.0,78,8689.0,43,8690.0,55,8691.0,36,8692.0,20,8693.0,50,8694.0,72,8695.0,41,8696.0,20,8691.0
OI409,,13:40:32.750#,8654.0,8732.0,8616.0,9094.0,8064.0,690838,275377,8687.0,114,8688.0,78,8689.0,43,8690.0,55,8691.0,36,8692.0,18,8693.0,51,8694.0,72,8695.0,41,8696.0,20,8692.0
OI409,,13:40:33.0#,8654.0,8732.0,8616.0,9094.0,8064.0,690847,275382,8687.0,115,8688.0,78,8689.0,43,8690.0,56,8691.0,27,8692.0,18,8693.0,51,8694.0,72,8695.0,41,8696.0,20,8691.0
OI409,,13:40:33.250#,8654.0,8732.0,8616.0,9094.0,8064.0,690850,275384,8687.0,118,8688.0,78,8689.0,43,8690.0,56,8691.0,32,8692.0,17,8693.0,51,8694.0,72,8695.0,41,8696.0,16,8691.0
OI409,,13:40:33.500#,8654.0,8732.0,8616.0,9094.0,8064.0,690875,275362,8687.0,118,8688.0,78,8689.0,43,8690.0,56,8691.0,9,8692.0,18,8693.0,51,8694.0,72,8695.0,41,8696.0,16,8691.0
OI409,,13:40:33.750#,8654.0,8732.0,8616.0,9094.0,8064.0,690877,275364,8687.0,118,8688.0,78,8689.0,43,8690.0,57,8691.0,10,8692.0,19,8693.0,51,8694.0,72,8695.0,41,8696.0,16,8692.0
OI409,,13:40:34.0#,8654.0,8732.0,8616.0,9094.0,8064.0,690879,275364,8687.0,118,8688.0,78,8689.0,43,8690.0,57,8691.0,15,8692.0,17,8693.0,51,8694.0,72,8695.0,40,8696.0,16,8692.0
OI409,,13:40:34.250#,8654.0,8732.0,8616.0,9094.0,8064.0,690890,275360,8687.0,118,8688.0,77,8689.0,43,8690.0,62,8691.0,5,8692.0,16,8693.0,51,8694.0,72,8695.0,40,8696.0,16,8691.0
OI409,,13:40:34.500#,8654.0,8732.0,8616.0,9094.0,8064.0,690891,275359,8687.0,118,8688.0,77,8689.0,45,8690.0,65,8691.0,10,8692.0,16,8693.0,51,8694.0,72,8695.0,40,8696.0,16,8692.0
OI409,,13:40:34.750#,8654.0,8732.0,8616.0,9094.0,8064.0,690894,275359,8687.0,118,8688.0,77,8689.0,42,8690.0,66,8691.0,10,8692.0,19,8693.0,51,8694.0,72,8695.0,40,8696.0,16,8692.0
OI409,,13:40:35.0#,8654.0,8732.0,8616.0,9094.0,8064.0,690901,275358,8687.0,118,8688.0,77,8689.0,42,8690.0,66,8691.0,10,8692.0,13,8693.0,51,8694.0,72,8695.0,40,8696.0,16,8692.0
OI409,,13:40:35.250#,8654.0,8732.0,8616.0,9094.0,8064.0,690918,275350,8686.0,193,8687.0,118,8688.0,78,8689.0,41,8690.0,66,8691.0,5,8692.0,11,8693.0,51,8694.0,72,8695.0,40,8691.0
OI409,,13:40:35.500#,8654.0,8732.0,8616.0,9094.0,8064.0,690927,275345,8686.0,193,8687.0,117,8688.0,78,8689.0,41,8690.0,65,8691.0,4,8692.0,14,8693.0,51,8694.0,72,8695.0,40,8690.0
OI409,,13:40:35.750#,8654.0,8732.0,8616.0,9094.0,8064.0,690929,275344,8686.0,193,8687.0,116,8688.0,78,8689.0,41,8690.0,64,8691.0,1,8692.0,24,8693.0,51,8694.0,72,8695.0,40,8691.0
OI409,,13:40:36.0#,8654.0,8732.0,8616.0,9094.0,8064.0,690934,275341,8686.0,193,8687.0,116,8688.0,79,8689.0,42,8690.0,63,8691.0,10,8692.0,24,8693.0,51,8694.0,72,8695.0,40,8691.0
OI409,,13:40:36.250#,8654.0,8732.0,8616.0,9094.0,8064.0,690936,275340,8686.0,193,8687.0,116,8688.0,79,8689.0,42,8690.0,66,8691.0,12,8692.0,34,8693.0,51,8694.0,72,8695.0,40,8691.0
OI409,,13:40:36.500#,8654.0,8732.0,8616.0,9094.0,8064.0,690940,275338,8686.0,192,8687.0,116,8688.0,80,8689.0,42,8690.0,64,8691.0,12,8692.0,34,8693.0,51,8694.0,72,8695.0,40,8690.0
OI409,,13:40:36.750#,8654.0,8732.0,8616.0,9094.0,8064.0,690942,275336,8686.0,192,8687.0,117,8688.0,80,8689.0,42,8690.0,64,8691.0,11,8692.0,38,8693.0,51,8694.0,72,8695.0,41,8691.0
OI409,,13:40:37.0#,8654.0,8732.0,8616.0,9094.0,8064.0,690945,275335,8686.0,192,8687.0,117,8688.0,80,8689.0,42,8690.0,62,8691.0,9,8692.0,38,8693.0,51,8694.0,72,8695.0,41,8690.0
OI409,,13:40:37.250#,8654.0,8732.0,8616.0,9094.0,8064.0,690946,275335,8686.0,192,8687.0,116,8688.0,81,8689.0,42,8690.0,62,8691.0,7,8692.0,38,8693.0,26,8694.0,72,8695.0,41,8691.0
OI409,,13:40:37.500#,8654.0,8732.0,8616.0,9094.0,8064.0,690958,275327,8686.0,192,8687.0,116,8688.0,81,8689.0,42,8690.0,62,8692.0,32,8693.0,26,8694.0,72,8695.0,41,8696.0,19,8692.0
OI409,,13:40:37.750#,8654.0,8732.0,8616.0,9094.0,8064.0,690961,275326,8687.0,116,8688.0,81,8689.0,41,8690.0,62,8691.0,3,8692.0,38,8693.0,26,8694.0,72,8695.0,41,8696.0,19,8691.0
OI409,,13:40:38.0#,8654.0,8732.0,8616.0,9094.0,8064.0,690968,275323,8686.0,192,8687.0,116,8688.0,81,8689.0,41,8690.0,60,8691.0,5,8692.0,33,8693.0,27,8694.0,72,8695.0,41,8691.0
OI409,,13:40:38.250#,8654.0,8732.0,8616.0,9094.0,8064.0,690969,275324,8686.0,192,8687.0,116,8688.0,81,8689.0,41,8690.0,62,8691.0,14,8692.0,34,8693.0,28,8694.0,72,8695.0,41,8690.0
OI409,,13:40:38.500#,8654.0,8732.0,8616.0,9094.0,8064.0,690977,275324,8686.0,192,8687.0,116,8688.0,82,8689.0,41,8690.0,57,8691.0,14,8692.0,34,8693.0,28,8694.0,72,8695.0,41,8690.0
OI409,,13:40:38.750#,8654.0,8732.0,8616.0,9094.0,8064.0,690979,275325,8686.0,192,8687.0,116,8688.0,83,8689.0,41,8690.0,56,8691.0,14,8692.0,39,8693.0,28,8694.0,72,8695.0,41,8690.0
OI409,,13:40:39.0#,8654.0,8732.0,8616.0,9094.0,8064.0,690985,275324,8686.0,192,8687.0,116,8688.0,83,8689.0,41,8690.0,56,8691.0,8,8692.0,39,8693.0,28,8694.0,72,8695.0,41,8691.0
OI409,,13:40:39.250#,8654.0,8732.0,8616.0,9094.0,8064.0,691003,275329,8686.0,192,8687.0,116,8688.0,84,8689.0,41,8690.0,41,8691.0,1,8692.0,39,8693.0,28,8694.0,72,8695.0,41,8691.0
OI409,,13:40:39.500#,8654.0,8732.0,8616.0,9094.0,8064.0,691006,275330,8686.0,192,8687.0,116,8688.0,84,8689.0,41,8690.0,40,8691.0,23,8692.0,40,8693.0,28,8694.0,72,8695.0,41,8691.0
OI409,,13:40:39.750#,8654.0,8732.0,8616.0,9094.0,8064.0,691006,275330,8686.0,192,8687.0,116,8688.0,84,8689.0,35,8690.0,37,8691.0,28,8692.0,40,8693.0,28,8694.0,72,8695.0,41,8691.0
OI409,,13:40:40.0#,8654.0,8732.0,8616.0,9094.0,8064.0,691012,275327,8686.0,193,8687.0,116,8688.0,84,8689.0,35,8690.0,38,8691.0,22,8692.0,40,8693.0,28,8694.0,72,8695.0,41,8691.0
OI409,,13:40:40.250#,8654.0,8732.0,8616.0,9094.0,8064.0,691016,275327,8686.0,193,8687.0,116,8688.0,84,8689.0,35,8690.0,57,8691.0,12,8692.0,40,8693.0,28,8694.0,72,8695.0,41,8691.0
OI409,,13:40:40.500#,8654.0,8732.0,8616.0,9094.0,8064.0,691018,275327,8686.0,193,8687.0,116,8688.0,84,8689.0,35,8690.0,71,8691.0,16,8692.0,40,8693.0,28,8694.0,72,8695.0,41,8691.0
OI409,,13:40:40.750#,8654.0,8732.0,8616.0,9094.0,8064.0,691021,275327,8686.0,193,8687.0,116,8688.0,84,8689.0,40,8690.0,72,8691.0,13,8692.0,40,8693.0,28,8694.0,72,8695.0,41,8691.0
OI409,,13:40:41.0#,8654.0,8732.0,8616.0,9094.0,8064.0,691021,275327,8686.0,193,8687.0,116,8688.0,84,8689.0,40,8690.0,72,8691.0,13,8692.0,34,8693.0,28,8694.0,72,8695.0,41,8691.0
OI409,,13:40:41.250#,8654.0,8732.0,8616.0,9094.0,8064.0,691024,275324,8686.0,193,8687.0,116,8688.0,84,8689.0,39,8690.0,73,8691.0,17,8692.0,34,8693.0,28,8694.0,72,8695.0,41,8691.0
OI409,,13:40:41.500#,8654.0,8732.0,8616.0,9094.0,8064.0,691025,275324,8686.0,193,8687.0,117,8688.0,84,8689.0,39,8690.0,75,8691.0,16,8692.0,39,8693.0,28,8694.0,72,8695.0,41,8691.0
OI409,,13:40:41.750#,8654.0,8732.0,8616.0,9094.0,8064.0,691029,275323,8686.0,193,8687.0,117,8688.0,84,8689.0,39,8690.0,75,8691.0,12,8692.0,39,8693.0,38,8694.0,62,8695.0,43,8691.0
OI409,,13:40:42.0#,8654.0,8732.0,8616.0,9094.0,8064.0,691029,275323,8686.0,193,8687.0,117,8688.0,84,8689.0,38,8690.0,77,8691.0,12,8692.0,39,8693.0,38,8694.0,62,8695.0,43,8691.0
OI409,,13:40:42.250#,8654.0,8732.0,8616.0,9094.0,8064.0,691030,275322,8686.0,193,8687.0,117,8688.0,84,8689.0,38,8690.0,77,8691.0,11,8692.0,40,8693.0,38,8694.0,62,8695.0,43,8691.0
OI409,,13:40:42.500#,8654.0,8732.0,8616.0,9094.0,8064.0,691035,275320,8686.0,193,8687.0,118,8688.0,84,8689.0,38,8690.0,57,8691.0,13,8692.0,40,8693.0,38,8694.0,62,8695.0,43,8691.0
OI409,,13:40:43.0#,8654.0,8732.0,8616.0,9094.0,8064.0,691047,275326,8686.0,193,8687.0,118,8688.0,84,8689.0,38,8690.0,57,8691.0,3,8692.0,40,8693.0,38,8694.0,62,8695.0,43,8691.0
OI409,,13:40:43.250#,8654.0,8732.0,8616.0,9094.0,8064.0,691048,275327,8687.0,118,8688.0,84,8689.0,38,8690.0,59,8691.0,2,8692.0,41,8693.0,38,8694.0,62,8695.0,43,8696.0,19,8690.0
OI409,,13:40:43.500#,8654.0,8732.0,8616.0,9094.0,8064.0,691064,275316,8686.0,193,8687.0,117,8688.0,84,8689.0,41,8690.0,49,8691.0,2,8692.0,40,8693.0,38,8694.0,62,8695.0,43,8690.0
OI409,,13:40:43.750#,8654.0,8732.0,8616.0,9094.0,8064.0,691066,275318,8686.0,193,8687.0,117,8688.0,84,8689.0,40,8690.0,48,8691.0,30,8692.0,46,8693.0,38,8694.0,63,8695.0,43,8691.0
OI409,,13:40:44.0#,8654.0,8732.0,8616.0,9094.0,8064.0,691067,275319,8686.0,193,8687.0,117,8688.0,84,8689.0,39,8690.0,48,8691.0,30,8692.0,46,8693.0,38,8694.0,63,8695.0,43,8690.0
OI409,,13:40:44.250#,8654.0,8732.0,8616.0,9094.0,8064.0,691070,275318,8686.0,193,8687.0,117,8688.0,84,8689.0,39,8690.0,50,8691.0,27,8692.0,46,8693.0,38,8694.0,63,8695.0,43,8691.0
OI409,,13:40:44.500#,8654.0,8732.0,8616.0,9094.0,8064.0,691074,275317,8686.0,194,8687.0,117,8688.0,84,8689.0,39,8690.0,51,8691.0,74,8692.0,46,8693.0,38,8694.0,63,8695.0,43,8691.0
OI409,,13:40:44.750#,8654.0,8732.0,8616.0,9094.0,8064.0,691077,275315,8686.0,194,8687.0,117,8688.0,84,8689.0,39,8690.0,49,8691.0,79,8692.0,46,8693.0,38,8694.0,63,8695.0,43,8691.0
OI409,,13:40:45.0#,8654.0,8732.0,8616.0,9094.0,8064.0,691077,275315,8686.0,194,8687.0,116,8688.0,83,8689.0,39,8690.0,49,8691.0,73,8692.0,46,8693.0,38,8694.0,63,8695.0,43,8691.0
OI409,,13:40:45.250#,8654.0,8732.0,8616.0,9094.0,8064.0,691088,275315,8686.0,194,8687.0,116,8688.0,83,8689.0,39,8690.0,50,8691.0,63,8692.0,46,8693.0,38,8694.0,63,8695.0,43,8691.0
OI409,,13:40:45.500#,8654.0,8732.0,8616.0,9094.0,8064.0,691089,275315,8686.0,194,8687.0,116,8688.0,83,8689.0,39,8690.0,51,8691.0,63,8692.0,47,8693.0,48,8694.0,53,8695.0,44,8690.0
OI409,,13:40:45.750#,8654.0,8732.0,8616.0,9094.0,8064.0,691092,275315,8686.0,194,8687.0,116,8688.0,83,8689.0,39,8690.0,48,8691.0,62,8692.0,48,8693.0,48,8694.0,53,8695.0,44,8691.0
OI409,,13:40:46.0#,8654.0,8732.0,8616.0,9094.0,8064.0,691093,275316,8686.0,194,8687.0,116,8688.0,83,8689.0,39,8690.0,47,8691.0,62,8692.0,55,8693.0,48,8694.0,53,8695.0,49,8690.0
OI409,,13:40:46.250#,8654.0,8732.0,8616.0,9094.0,8064.0,691094,275316,8686.0,194,8687.0,115,8688.0,84,8689.0,40,8690.0,48,8691.0,61,8692.0,55,8693.0,48,8694.0,53,8695.0,49,8691.0
OI409,,13:40:46.500#,8654.0,8732.0,8616.0,9094.0,8064.0,691100,275313,8686.0,194,8687.0,114,8688.0,84,8689.0,40,8690.0,43,8691.0,61,8692.0,55,8693.0,48,8694.0,53,8695.0,49,8690.0
OI409,,13:40:46.750#,8654.0,8732.0,8616.0,9094.0,8064.0,691112,275318,8686.0,194,8687.0,114,8688.0,81,8689.0,40,8690.0,35,8691.0,58,8692.0,55,8693.0,48,8694.0,53,8695.0,49,8690.0
OI409,,13:40:47.0#,8654.0,8732.0,8616.0,9094.0,8064.0,691112,275318,8686.0,194,8687.0,114,8688.0,82,8689.0,40,8690.0,35,8691.0,58,8692.0,55,8693.0,48,8694.0,53,8695.0,49,8690.0
OI409,,13:40:47.250#,8654.0,8732.0,8616.0,9094.0,8064.0,691118,275322,8686.0,194,8687.0,114,8688.0,82,8689.0,40,8690.0,31,8691.0,56,8692.0,55,8693.0,48,8694.0,53,8695.0,49,8691.0
OI409,,13:40:47.500#,8654.0,8732.0,8616.0,9094.0,8064.0,691118,275322,8686.0,194,8687.0,114,8688.0,82,8689.0,41,8690.0,50,8691.0,56,8692.0,55,8693.0,48,8694.0,53,8695.0,49,8691.0
OI409,,13:40:47.750#,8654.0,8732.0,8616.0,9094.0,8064.0,691165,275365,8686.0,193,8687.0,113,8688.0,83,8689.0,41,8690.0,52,8691.0,10,8692.0,55,8693.0,48,8694.0,53,8695.0,49,8691.0
OI409,,13:40:48.0#,8654.0,8732.0,8616.0,9094.0,8064.0,691175,275373,8687.0,113,8688.0,83,8689.0,41,8690.0,68,8691.0,64,8692.0,56,8693.0,48,8694.0,53,8695.0,49,8696.0,19,8691.0
OI409,,13:40:48.250#,8654.0,8732.0,8616.0,9094.0,8064.0,691175,275373,8687.0,113,8688.0,83,8689.0,56,8690.0,65,8691.0,70,8692.0,52,8693.0,48,8694.0,53,8695.0,49,8696.0,19,8691.0
OI409,,13:40:48.500#,8654.0,8732.0,8616.0,9094.0,8064.0,691186,275364,8687.0,113,8688.0,83,8689.0,56,8690.0,65,8691.0,72,8692.0,41,8693.0,48,8694.0,54,8695.0,49,8696.0,19,8691.0
OI409,,13:40:48.750#,8654.0,8732.0,8616.0,9094.0,8064.0,691233,275374,8688.0,83,8689.0,56,8690.0,65,8691.0,65,8692.0,4,8693.0,37,8694.0,54,8695.0,49,8696.0,19,8697.0,19,8693.0
OI409,,13:40:49.0#,8654.0,8732.0,8616.0,9094.0,8064.0,691240,275371,8688.0,83,8689.0,58,8690.0,68,8691.0,69,8692.0,28,8693.0,60,8694.0,54,8695.0,49,8696.0,19,8697.0,26,8692.0
OI409,,13:40:49.250#,8654.0,8732.0,8616.0,9094.0,8064.0,691241,275371,8688.0,83,8689.0,58,8690.0,63,8691.0,68,8692.0,25,8693.0,58,8694.0,54,8695.0,49,8696.0,19,8697.0,26,8692.0
OI409,,13:40:49.500#,8654.0,8732.0,8616.0,9094.0,8064.0,691273,275345,8688.0,83,8689.0,58,8690.0,63,8691.0,68,8692.0,16,8693.0,33,8694.0,54,8695.0,49,8696.0,19,8697.0,26,8693.0
OI409,,13:40:49.750#,8654.0,8732.0,8616.0,9094.0,8064.0,691276,275345,8688.0,83,8689.0,58,8690.0,64,8691.0,68,8692.0,17,8693.0,31,8694.0,54,8695.0,49,8696.0,19,8697.0,26,8693.0
OI409,,13:40:50.0#,8654.0,8732.0,8616.0,9094.0,8064.0,691308,275338,8689.0,58,8690.0,65,8691.0,68,8692.0,17,8693.0,10,8694.0,54,8695.0,49,8696.0,19,8697.0,26,8698.0,26,8693.0
OI409,,13:40:50.250#,8654.0,8732.0,8616.0,9094.0,8064.0,691308,275338,8689.0,57,8690.0,65,8691.0,68,8692.0,14,8693.0,20,8694.0,45,8695.0,49,8696.0,19,8697.0,26,8698.0,26,8693.0
OI409,,13:40:50.500#,8654.0,8732.0,8616.0,9094.0,8064.0,691311,275339,8689.0,57,8690.0,73,8691.0,68,8692.0,17,8693.0,19,8694.0,43,8695.0,49,8696.0,19,8697.0,26,8698.0,26,8693.0
OI409,,13:40:50.750#,8654.0,8732.0,8616.0,9094.0,8064.0,691331,275340,8688.0,83,8689.0,57,8690.0,73,8691.0,68,8692.0,18,8693.0,15,8694.0,39,8695.0,49,8696.0,19,8697.0,26,8693.0
OI409,,13:40:51.0#,8654.0,8732.0,8616.0,9094.0,8064.0,691333,275342,8688.0,83,8689.0,57,8690.0,73,8691.0,66,8692.0,14,8693.0,13,8694.0,40,8695.0,49,8696.0,19,8697.0,26,8693.0
OI409,,13:40:51.250#,8654.0,8732.0,8616.0,9094.0,8064.0,691340,275342,8688.0,83,8689.0,57,8690.0,74,8691.0,66,8692.0,9,8693.0,11,8694.0,39,8695.0,49,8696.0,19,8697.0,26,8692.0
OI409,,13:40:51.500#,8654.0,8732.0,8616.0,9094.0,8064.0,691350,275352,8688.0,83,8689.0,57,8690.0,74,8691.0,70,8692.0,15,8693.0,2,8694.0,39,8695.0,49,8696.0,19,8697.0,26,8693.0
OI409,,13:40:51.750#,8654.0,8732.0,8616.0,9094.0,8064.0,691352,275352,8689.0,57,8690.0,74,8691.0,52,8692.0,25,8693.0,5,8694.0,41,8695.0,49,8696.0,19,8697.0,26,8698.0,26,8693.0
OI409,,13:40:52.0#,8654.0,8732.0,8616.0,9094.0,8064.0,691352,275352,8689.0,57,8690.0,74,8691.0,59,8692.0,25,8693.0,5,8694.0,39,8695.0,49,8696.0,19,8697.0,26,8698.0,26,8693.0
OI409,,13:40:52.250#,8654.0,8732.0,8616.0,9094.0,8064.0,691355,275351,8689.0,57,8690.0,75,8691.0,59,8692.0,29,8693.0,3,8694.0,41,8695.0,49,8696.0,22,8697.0,26,8698.0,26,8693.0
OI409,,13:40:52.500#,8654.0,8732.0,8616.0,9094.0,8064.0,691356,275350,8689.0,57,8690.0,75,8691.0,54,8692.0,28,8693.0,7,8694.0,44,8695.0,49,8696.0,22,8697.0,26,8698.0,26,8693.0
OI409,,13:40:52.750#,8654.0,8732.0,8616.0,9094.0,8064.0,691359,275351,8689.0,57,8690.0,76,8691.0,54,8692.0,29,8693.0,16,8694.0,43,8695.0,48,8696.0,22,8697.0,25,8698.0,26,8694.0
OI409,,13:40:53.0#,8654.0,8732.0,8616.0,9094.0,8064.0,691373,275344,8689.0,57,8690.0,76,8691.0,51,8692.0,29,8693.0,3,8694.0,46,8695.0,48,8696.0,22,8697.0,25,8698.0,26,8693.0
OI409,,13:40:53.250#,8654.0,8732.0,8616.0,9094.0,8064.0,691377,275343,8688.0,83,8689.0,51,8690.0,76,8691.0,51,8692.0,30,8694.0,47,8695.0,49,8696.0,23,8697.0,25,8698.0,26,8693.0
OI409,,13:40:53.500#,8654.0,8732.0,8616.0,9094.0,8064.0,691384,275336,8688.0,83,8689.0,51,8690.0,76,8691.0,51,8692.0,30,8693.0,11,8694.0,45,8695.0,49,8696.0,23,8697.0,25,8693.0
OI409,,13:40:53.750#,8654.0,8732.0,8616.0,9094.0,8064.0,691384,275336,8688.0,82,8689.0,51,8690.0,78,8691.0,51,8692.0,25,8693.0,4,8694.0,46,8695.0,49,8696.0,23,8697.0,25,8693.0
OI409,,13:40:54.0#,8654.0,8732.0,8616.0,9094.0,8064.0,691385,275335,8688.0,82,8689.0,51,8690.0,79,8691.0,51,8692.0,26,8693.0,2,8694.0,47,8695.0,49,8696.0,23,8697.0,25,8693.0
OI409,,13:40:54.250#,8654.0,8732.0,8616.0,9094.0,8064.0,691389,275333,8689.0,51,8690.0,79,8691.0,51,8692.0,26,8693.0,1,8694.0,47,8695.0,49,8696.0,23,8697.0,25,8698.0,26,8694.0
OI409,,13:40:54.500#,8654.0,8732.0,8616.0,9094.0,8064.0,691390,275333,8689.0,54,8690.0,79,8691.0,55,8692.0,26,8693.0,5,8694.0,46,8695.0,50,8696.0,23,8697.0,25,8698.0,26,8694.0
OI409,,13:40:54.750#,8654.0,8732.0,8616.0,9094.0,8064.0,691403,275335,8689.0,54,8690.0,84,8691.0,55,8692.0,32,8693.0,16,8694.0,37,8695.0,49,8696.0,23,8697.0,25,8698.0,26,8693.0
OI409,,13:40:55.0#,8654.0,8732.0,8616.0,9094.0,8064.0,691404,275335,8689.0,54,8690.0,84,8691.0,55,8692.0,33,8693.0,22,8694.0,37,8695.0,49,8696.0,23,8697.0,25,8698.0,26,8694.0
OI409,,13:40:55.250#,8654.0,8732.0,8616.0,9094.0,8064.0,691424,275339,8689.0,51,8690.0,84,8691.0,55,8692.0,33,8693.0,14,8694.0,29,8695.0,49,8696.0,23,8697.0,25,8698.0,26,8694.0
OI409,,13:40:55.500#,8654.0,8732.0,8616.0,9094.0,8064.0,691430,275338,8689.0,50,8690.0,84,8691.0,55,8692.0,33,8693.0,13,8694.0,24,8695.0,49,8696.0,23,8697.0,25,8698.0,26,8693.0
OI409,,13:40:55.750#,8654.0,8732.0,8616.0,9094.0,8064.0,691432,275340,8689.0,50,8690.0,84,8691.0,55,8692.0,30,8693.0,16,8694.0,24,8695.0,49,8696.0,23,8697.0,25,8698.0,26,8693.0
OI409,,13:40:56.0#,8654.0,8732.0,8616.0,9094.0,8064.0,691436,275337,8689.0,49,8690.0,84,8691.0,55,8692.0,30,8693.0,22,8694.0,21,8695.0,59,8696.0,23,8697.0,25,8698.0,25,8694.0
