InstrumentId,ExchangeId,Datetime,OpenPrice,HighestPrice,LowestPrice,UpperLimitPrice,LowerLimitPrice,Volume,OpenInterest,BidPrice5,BidVolume5,BidPrice4,BidVolume4,BidPrice3,BidVolume3,BidPrice2,BidVolume2,BidPrice1,BidVolume1,AskPrice1,AskVolume1,AskPrice2,AskVolume2,AskPrice3,AskVolume3,AskPrice4,AskVolume4,AskPrice5,AskVolume5,LastPrice
OI411,,13:38:35.0#,8725.0,8808.0,8695.0,9178.0,8138.0,24731,31440,8767.0,5,8771.0,1,8772.0,20,8773.0,20,8774.0,6,8776.0,32,8777.0,35,8779.0,5,8781.0,2,8786.0,1,8776.0
OI411,,13:38:35.250#,8725.0,8808.0,8695.0,9178.0,8138.0,24731,31440,8767.0,5,8771.0,1,8772.0,20,8773.0,20,8774.0,8,8776.0,32,8777.0,35,8779.0,5,8781.0,2,8786.0,1,8776.0
OI411,,13:38:35.500#,8725.0,8808.0,8695.0,9178.0,8138.0,24731,31440,8771.0,1,8772.0,20,8773.0,20,8774.0,1,8775.0,2,8776.0,33,8777.0,35,8779.0,5,8781.0,2,8786.0,1,8776.0
OI411,,13:38:35.750#,8725.0,8808.0,8695.0,9178.0,8138.0,24731,31440,8768.0,5,8771.0,1,8772.0,20,8773.0,20,8774.0,7,8776.0,33,8777.0,25,8778.0,10,8780.0,5,8781.0,2,8776.0
OI411,,13:38:36.0#,8725.0,8808.0,8695.0,9178.0,8138.0,24731,31440,8767.0,5,8771.0,1,8772.0,20,8773.0,20,8774.0,7,8776.0,33,8777.0,35,8779.0,5,8781.0,2,8786.0,1,8776.0
OI411,,13:38:36.250#,8725.0,8808.0,8695.0,9178.0,8138.0,24731,31440,8767.0,5,8771.0,1,8772.0,25,8773.0,15,8774.0,7,8776.0,33,8777.0,35,8779.0,5,8781.0,2,8786.0,1,8776.0
OI411,,13:38:36.500#,8725.0,8808.0,8695.0,9178.0,8138.0,24731,31440,8767.0,5,8771.0,1,8772.0,30,8773.0,10,8774.0,7,8776.0,35,8777.0,35,8779.0,5,8781.0,2,8786.0,1,8776.0
OI411,,13:38:36.750#,8725.0,8808.0,8695.0,9178.0,8138.0,24731,31440,8767.0,5,8771.0,1,8772.0,35,8773.0,5,8774.0,5,8776.0,35,8777.0,35,8779.0,5,8781.0,2,8786.0,1,8776.0
OI411,,13:38:37.0#,8725.0,8808.0,8695.0,9178.0,8138.0,24731,31440,8767.0,5,8771.0,1,8772.0,35,8773.0,5,8774.0,7,8776.0,35,8777.0,35,8779.0,5,8781.0,2,8786.0,1,8776.0
OI411,,13:38:37.250#,8725.0,8808.0,8695.0,9178.0,8138.0,24731,31440,8767.0,5,8771.0,1,8772.0,35,8773.0,5,8774.0,7,8776.0,34,8777.0,30,8778.0,5,8779.0,5,8781.0,2,8776.0
OI411,,13:38:37.500#,8725.0,8808.0,8695.0,9178.0,8138.0,24731,31440,8767.0,5,8771.0,1,8772.0,35,8773.0,5,8774.0,7,8776.0,36,8777.0,35,8779.0,5,8781.0,2,8786.0,1,8776.0
OI411,,13:38:38.0#,8725.0,8808.0,8695.0,9178.0,8138.0,24731,31440,8767.0,5,8771.0,1,8772.0,35,8773.0,5,8774.0,5,8775.0,3,8776.0,5,8777.0,35,8779.0,5,8781.0,2,8776.0
OI411,,13:38:38.250#,8725.0,8808.0,8695.0,9178.0,8138.0,24731,31440,8766.0,7,8769.0,5,8771.0,6,8772.0,35,8774.0,5,8775.0,14,8776.0,5,8777.0,35,8781.0,6,8786.0,1,8776.0
OI411,,13:38:38.500#,8725.0,8808.0,8695.0,9178.0,8138.0,24731,31440,8766.0,7,8767.0,5,8771.0,1,8772.0,40,8774.0,5,8775.0,16,8776.0,5,8777.0,35,8779.0,6,8781.0,1,8776.0
OI411,,13:38:38.750#,8725.0,8808.0,8695.0,9178.0,8138.0,24731,31440,8766.0,7,8767.0,5,8771.0,1,8772.0,40,8774.0,5,8775.0,17,8776.0,10,8777.0,30,8779.0,6,8781.0,1,8776.0
OI411,,13:38:39.0#,8725.0,8808.0,8695.0,9178.0,8138.0,24731,31440,8766.0,7,8767.0,5,8771.0,1,8772.0,40,8774.0,5,8775.0,16,8776.0,15,8777.0,25,8779.0,6,8781.0,1,8776.0
OI411,,13:38:39.250#,8725.0,8808.0,8695.0,9178.0,8138.0,24731,31440,8766.0,7,8767.0,5,8771.0,1,8772.0,40,8774.0,5,8775.0,21,8776.0,15,8777.0,25,8779.0,6,8781.0,1,8776.0
OI411,,13:38:39.500#,8725.0,8808.0,8695.0,9178.0,8138.0,24731,31440,8766.0,7,8767.0,5,8771.0,1,8772.0,40,8774.0,5,8775.0,25,8776.0,20,8777.0,20,8779.0,6,8781.0,1,8776.0
OI411,,13:38:39.750#,8725.0,8808.0,8695.0,9178.0,8138.0,24731,31440,8766.0,7,8767.0,5,8771.0,1,8772.0,40,8774.0,5,8775.0,27,8776.0,20,8777.0,20,8779.0,6,8781.0,1,8776.0
OI411,,13:38:40.250#,8725.0,8808.0,8695.0,9178.0,8138.0,24731,31440,8766.0,7,8767.0,5,8771.0,1,8772.0,40,8774.0,5,8775.0,25,8776.0,25,8777.0,15,8779.0,6,8781.0,1,8776.0
OI411,,13:38:40.500#,8725.0,8808.0,8695.0,9178.0,8138.0,24733,31438,8766.0,7,8767.0,5,8771.0,1,8772.0,40,8774.0,5,8775.0,23,8776.0,25,8777.0,15,8779.0,6,8781.0,1,8775.0
OI411,,13:38:40.750#,8725.0,8808.0,8695.0,9178.0,8138.0,24733,31438,8766.0,7,8767.0,5,8771.0,1,8772.0,40,8774.0,5,8775.0,24,8776.0,25,8777.0,15,8779.0,6,8781.0,1,8775.0
OI411,,13:38:41.0#,8725.0,8808.0,8695.0,9178.0,8138.0,24733,31438,8766.0,7,8767.0,5,8771.0,1,8772.0,40,8774.0,5,8775.0,23,8776.0,25,8777.0,15,8779.0,6,8781.0,1,8775.0
OI411,,13:38:41.250#,8725.0,8808.0,8695.0,9178.0,8138.0,24733,31438,8766.0,7,8767.0,5,8771.0,1,8772.0,40,8774.0,5,8775.0,20,8776.0,25,8777.0,15,8779.0,6,8781.0,1,8775.0
OI411,,13:38:41.500#,8725.0,8808.0,8695.0,9178.0,8138.0,24733,31438,8766.0,7,8767.0,5,8771.0,1,8772.0,40,8773.0,7,8775.0,21,8776.0,25,8777.0,15,8779.0,6,8781.0,1,8775.0
OI411,,13:38:41.750#,8725.0,8808.0,8695.0,9178.0,8138.0,24733,31438,8766.0,7,8767.0,5,8771.0,11,8772.0,30,8773.0,7,8775.0,21,8776.0,35,8777.0,5,8779.0,6,8781.0,1,8775.0
OI411,,13:38:42.0#,8725.0,8808.0,8695.0,9178.0,8138.0,24733,31438,8763.0,1,8766.0,12,8771.0,11,8772.0,30,8773.0,7,8775.0,21,8776.0,35,8777.0,5,8778.0,5,8779.0,1,8775.0
OI411,,13:38:42.500#,8725.0,8808.0,8695.0,9178.0,8138.0,24733,31438,8763.0,1,8766.0,12,8771.0,11,8772.0,30,8773.0,7,8775.0,11,8776.0,35,8777.0,5,8778.0,5,8779.0,1,8775.0
OI411,,13:38:42.750#,8725.0,8808.0,8695.0,9178.0,8138.0,24733,31438,8766.0,7,8767.0,5,8771.0,11,8772.0,30,8773.0,7,8775.0,9,8776.0,35,8777.0,5,8779.0,6,8781.0,1,8775.0
OI411,,13:38:43.0#,8725.0,8808.0,8695.0,9178.0,8138.0,24733,31438,8766.0,7,8768.0,5,8771.0,11,8772.0,30,8773.0,7,8775.0,9,8776.0,30,8777.0,10,8779.0,1,8780.0,5,8775.0
OI411,,13:38:43.750#,8725.0,8808.0,8695.0,9178.0,8138.0,24733,31438,8766.0,7,8768.0,5,8771.0,11,8772.0,30,8773.0,7,8775.0,1,8776.0,30,8777.0,10,8779.0,1,8780.0,5,8775.0
OI411,,13:38:44.0#,8725.0,8808.0,8695.0,9178.0,8138.0,24733,31438,8766.0,7,8768.0,5,8771.0,1,8772.0,40,8773.0,7,8775.0,10,8776.0,10,8777.0,25,8778.0,5,8779.0,1,8775.0
OI411,,13:38:44.250#,8725.0,8808.0,8695.0,9178.0,8138.0,24733,31438,8766.0,7,8767.0,5,8771.0,16,8772.0,25,8773.0,7,8775.0,3,8776.0,20,8777.0,20,8779.0,6,8781.0,1,8775.0
OI411,,13:38:44.500#,8725.0,8808.0,8695.0,9178.0,8138.0,24733,31438,8766.0,7,8768.0,5,8771.0,1,8772.0,40,8774.0,5,8775.0,1,8776.0,5,8777.0,35,8779.0,1,8780.0,5,8775.0
OI411,,13:38:44.750#,8725.0,8808.0,8695.0,9178.0,8138.0,24733,31438,8769.0,5,8771.0,1,8772.0,35,8773.0,5,8774.0,7,8776.0,11,8777.0,40,8779.0,1,8781.0,6,8786.0,1,8775.0
OI411,,13:38:45.0#,8725.0,8808.0,8695.0,9178.0,8138.0,24733,31438,8767.0,5,8771.0,1,8772.0,35,8773.0,5,8774.0,7,8776.0,19,8777.0,35,8778.0,5,8779.0,6,8781.0,1,8775.0
OI411,,13:38:45.250#,8725.0,8808.0,8695.0,9178.0,8138.0,24733,31438,8767.0,5,8771.0,1,8772.0,35,8773.0,5,8774.0,5,8775.0,2,8777.0,40,8779.0,6,8781.0,1,8786.0,1,8775.0
OI411,,13:38:45.500#,8725.0,8808.0,8695.0,9178.0,8138.0,24733,31438,8766.0,7,8769.0,5,8771.0,6,8772.0,35,8774.0,7,8776.0,31,8777.0,35,8779.0,1,8781.0,6,8786.0,1,8775.0
OI411,,13:38:45.750#,8725.0,8808.0,8695.0,9178.0,8138.0,24733,31438,8767.0,5,8771.0,1,8772.0,35,8773.0,5,8774.0,7,8776.0,30,8777.0,30,8778.0,5,8779.0,6,8781.0,1,8775.0
OI411,,13:38:46.0#,8725.0,8808.0,8695.0,9178.0,8138.0,24733,31438,8767.0,5,8771.0,1,8772.0,30,8773.0,5,8775.0,5,8776.0,10,8777.0,25,8778.0,5,8779.0,6,8781.0,1,8775.0
OI411,,13:38:46.250#,8725.0,8808.0,8695.0,9178.0,8138.0,24733,31438,8769.0,10,8771.0,1,8772.0,20,8773.0,15,8775.0,7,8777.0,48,8778.0,25,8779.0,1,8781.0,11,8786.0,1,8775.0
OI411,,13:38:46.500#,8725.0,8808.0,8695.0,9178.0,8138.0,24733,31438,8771.0,1,8772.0,20,8773.0,15,8774.0,5,8776.0,3,8777.0,47,8778.0,25,8779.0,5,8780.0,5,8781.0,1,8775.0
OI411,,13:38:46.750#,8725.0,8808.0,8695.0,9178.0,8138.0,24733,31438,8771.0,1,8772.0,15,8773.0,10,8774.0,10,8775.0,7,8777.0,42,8778.0,20,8779.0,10,8781.0,7,8782.0,5,8775.0
OI411,,13:38:47.0#,8725.0,8808.0,8695.0,9178.0,8138.0,24733,31438,8768.0,5,8771.0,1,8772.0,5,8773.0,35,8775.0,8,8777.0,42,8778.0,35,8780.0,5,8781.0,2,8786.0,1,8775.0
OI411,,13:38:47.250#,8725.0,8808.0,8695.0,9178.0,8138.0,24733,31438,8768.0,5,8771.0,1,8773.0,30,8774.0,10,8775.0,9,8777.0,39,8778.0,30,8779.0,5,8780.0,5,8781.0,2,8775.0
OI411,,13:38:47.500#,8725.0,8808.0,8695.0,9178.0,8138.0,24733,31438,8771.0,1,8773.0,35,8774.0,5,8775.0,2,8776.0,1,8777.0,38,8778.0,30,8779.0,5,8780.0,5,8781.0,2,8775.0
OI411,,13:38:47.750#,8725.0,8808.0,8695.0,9178.0,8138.0,24733,31438,8770.0,5,8771.0,1,8773.0,20,8774.0,15,8775.0,8,8777.0,37,8778.0,20,8779.0,10,8781.0,7,8782.0,5,8775.0
OI411,,13:38:48.0#,8725.0,8808.0,8695.0,9178.0,8138.0,24733,31438,8768.0,5,8771.0,1,8773.0,40,8775.0,2,8776.0,1,8777.0,37,8778.0,35,8780.0,5,8781.0,2,8786.0,1,8775.0
OI411,,13:38:48.250#,8725.0,8808.0,8695.0,9178.0,8138.0,24733,31438,8769.0,5,8771.0,1,8773.0,20,8774.0,20,8775.0,8,8777.0,39,8778.0,20,8779.0,15,8781.0,7,8786.0,1,8775.0
OI411,,13:38:48.500#,8725.0,8808.0,8695.0,9178.0,8138.0,24733,31438,8768.0,5,8771.0,1,8773.0,25,8774.0,15,8775.0,10,8777.0,43,8778.0,30,8779.0,5,8780.0,5,8781.0,2,8775.0
OI411,,13:38:48.750#,8725.0,8808.0,8695.0,9178.0,8138.0,24733,31438,8769.0,5,8771.0,1,8773.0,30,8774.0,10,8775.0,8,8777.0,43,8778.0,35,8781.0,7,8786.0,1,8787.0,1,8775.0
OI411,,13:38:49.0#,8725.0,8808.0,8695.0,9178.0,8138.0,24733,31438,8768.0,5,8771.0,1,8773.0,35,8774.0,5,8775.0,8,8777.0,42,8778.0,35,8780.0,5,8781.0,2,8786.0,1,8775.0
OI411,,13:38:49.250#,8725.0,8808.0,8695.0,9178.0,8138.0,24733,31438,8771.0,1,8773.0,35,8774.0,5,8775.0,1,8776.0,2,8777.0,42,8778.0,35,8780.0,5,8781.0,2,8786.0,1,8775.0
OI411,,13:38:49.500#,8725.0,8808.0,8695.0,9178.0,8138.0,24735,31436,8770.0,5,8771.0,1,8773.0,25,8774.0,10,8776.0,1,8777.0,9,8778.0,20,8779.0,10,8781.0,7,8782.0,5,8776.0
OI411,,13:38:49.750#,8725.0,8808.0,8695.0,9178.0,8138.0,24737,31438,8771.0,1,8773.0,20,8774.0,10,8775.0,5,8776.0,7,8778.0,38,8779.0,20,8780.0,5,8781.0,2,8782.0,10,8777.0
OI411,,13:38:50.0#,8725.0,8808.0,8695.0,9178.0,8138.0,24737,31438,8773.0,20,8774.0,10,8775.0,10,8776.0,2,8777.0,1,8778.0,27,8779.0,10,8780.0,15,8781.0,7,8786.0,1,8777.0
OI411,,13:38:50.250#,8725.0,8808.0,8695.0,9178.0,8138.0,24737,31438,8773.0,15,8774.0,5,8775.0,15,8776.0,2,8777.0,1,8778.0,17,8779.0,10,8780.0,20,8781.0,2,8782.0,5,8777.0
OI411,,13:38:50.500#,8725.0,8808.0,8695.0,9178.0,8138.0,24737,31438,8773.0,15,8774.0,5,8775.0,15,8776.0,2,8777.0,1,8778.0,17,8779.0,10,8780.0,20,8781.0,2,8783.0,10,8777.0
OI411,,13:38:50.750#,8725.0,8808.0,8695.0,9178.0,8138.0,24737,31438,8771.0,11,8773.0,10,8774.0,5,8775.0,20,8776.0,7,8778.0,12,8779.0,15,8780.0,20,8781.0,2,8783.0,10,8777.0
OI411,,13:38:51.0#,8725.0,8808.0,8695.0,9178.0,8138.0,24737,31438,8766.0,7,8771.0,6,8774.0,15,8775.0,25,8776.0,7,8778.0,13,8779.0,25,8780.0,15,8781.0,2,8783.0,5,8777.0
OI411,,13:38:51.250#,8725.0,8808.0,8695.0,9178.0,8138.0,24737,31438,8770.0,5,8771.0,1,8774.0,15,8775.0,25,8776.0,7,8778.0,14,8779.0,25,8780.0,15,8781.0,2,8782.0,5,8777.0
OI411,,13:38:51.750#,8725.0,8808.0,8695.0,9178.0,8138.0,24737,31438,8770.0,5,8771.0,1,8774.0,10,8775.0,30,8776.0,7,8778.0,13,8779.0,25,8780.0,15,8781.0,2,8782.0,5,8777.0
OI411,,13:38:52.0#,8725.0,8808.0,8695.0,9178.0,8138.0,24737,31438,8770.0,5,8771.0,1,8774.0,15,8775.0,25,8776.0,7,8778.0,15,8779.0,35,8780.0,5,8781.0,2,8782.0,5,8777.0
OI411,,13:38:52.250#,8725.0,8808.0,8695.0,9178.0,8138.0,24737,31438,8769.0,5,8771.0,1,8774.0,20,8775.0,20,8776.0,7,8778.0,27,8779.0,40,8781.0,7,8786.0,1,8787.0,1,8777.0
OI411,,13:38:52.500#,8725.0,8808.0,8695.0,9178.0,8138.0,24737,31438,8769.0,5,8771.0,1,8774.0,25,8775.0,15,8776.0,7,8778.0,27,8779.0,40,8781.0,7,8786.0,1,8787.0,1,8777.0
OI411,,13:38:52.750#,8725.0,8808.0,8695.0,9178.0,8138.0,24737,31438,8769.0,5,8771.0,1,8774.0,30,8775.0,10,8776.0,7,8778.0,27,8779.0,35,8780.0,5,8781.0,7,8786.0,1,8777.0
OI411,,13:38:53.0#,8725.0,8808.0,8695.0,9178.0,8138.0,24737,31438,8769.0,5,8771.0,1,8774.0,30,8775.0,10,8776.0,7,8778.0,17,8779.0,35,8780.0,5,8781.0,7,8786.0,1,8777.0
OI411,,13:38:53.500#,8725.0,8808.0,8695.0,9178.0,8138.0,24737,31438,8769.0,5,8771.0,1,8774.0,25,8775.0,15,8776.0,7,8778.0,12,8779.0,30,8780.0,10,8781.0,7,8786.0,1,8777.0
OI411,,13:38:53.750#,8725.0,8808.0,8695.0,9178.0,8138.0,24737,31438,8770.0,5,8771.0,1,8774.0,25,8775.0,15,8776.0,7,8778.0,12,8779.0,30,8780.0,10,8781.0,2,8782.0,5,8777.0
OI411,,13:38:54.0#,8725.0,8808.0,8695.0,9178.0,8138.0,24737,31438,8770.0,5,8771.0,1,8774.0,25,8775.0,15,8776.0,7,8778.0,13,8779.0,30,8780.0,10,8781.0,2,8782.0,5,8777.0
OI411,,13:38:54.250#,8725.0,8808.0,8695.0,9178.0,8138.0,24737,31438,8770.0,5,8771.0,1,8774.0,25,8775.0,15,8776.0,7,8778.0,13,8779.0,35,8780.0,5,8781.0,2,8782.0,5,8777.0
OI411,,13:38:54.500#,8725.0,8808.0,8695.0,9178.0,8138.0,24737,31438,8770.0,5,8771.0,1,8774.0,25,8775.0,15,8776.0,7,8778.0,11,8779.0,35,8780.0,5,8781.0,2,8782.0,5,8777.0
OI411,,13:38:55.0#,8725.0,8808.0,8695.0,9178.0,8138.0,24737,31438,8770.0,5,8771.0,1,8774.0,20,8775.0,20,8776.0,7,8778.0,10,8779.0,35,8780.0,5,8781.0,2,8782.0,5,8777.0
OI411,,13:38:55.250#,8725.0,8808.0,8695.0,9178.0,8138.0,24737,31438,8770.0,5,8771.0,1,8774.0,10,8775.0,30,8776.0,7,8778.0,13,8779.0,35,8780.0,5,8781.0,2,8782.0,5,8777.0
OI411,,13:38:55.500#,8725.0,8808.0,8695.0,9178.0,8138.0,24737,31438,8770.0,5,8771.0,1,8774.0,10,8775.0,30,8776.0,7,8778.0,11,8779.0,35,8780.0,5,8781.0,2,8782.0,5,8777.0
OI411,,13:38:55.750#,8725.0,8808.0,8695.0,9178.0,8138.0,24737,31438,8770.0,5,8771.0,1,8774.0,10,8775.0,30,8776.0,7,8778.0,9,8779.0,35,8780.0,5,8781.0,2,8782.0,5,8777.0
OI411,,13:38:56.0#,8725.0,8808.0,8695.0,9178.0,8138.0,24737,31438,8770.0,5,8771.0,1,8774.0,10,8775.0,30,8776.0,5,8778.0,10,8779.0,35,8780.0,5,8781.0,2,8782.0,5,8777.0
OI411,,13:38:56.250#,8725.0,8808.0,8695.0,9178.0,8138.0,24737,31438,8770.0,5,8771.0,1,8774.0,10,8775.0,30,8776.0,5,8778.0,12,8779.0,35,8780.0,5,8781.0,2,8782.0,5,8777.0
OI411,,13:38:56.500#,8725.0,8808.0,8695.0,9178.0,8138.0,24737,31438,8770.0,5,8771.0,1,8774.0,10,8775.0,30,8776.0,5,8778.0,14,8779.0,35,8780.0,5,8781.0,2,8782.0,5,8777.0
OI411,,13:38:56.750#,8725.0,8808.0,8695.0,9178.0,8138.0,24737,31438,8770.0,5,8771.0,1,8774.0,10,8775.0,30,8776.0,5,8778.0,20,8779.0,35,8780.0,5,8781.0,2,8782.0,5,8777.0
OI411,,13:38:57.0#,8725.0,8808.0,8695.0,9178.0,8138.0,24737,31438,8769.0,5,8771.0,1,8774.0,10,8775.0,30,8776.0,5,8778.0,20,8779.0,35,8780.0,5,8781.0,7,8786.0,1,8777.0
OI411,,13:38:57.250#,8725.0,8808.0,8695.0,9178.0,8138.0,24737,31438,8769.0,5,8771.0,1,8774.0,15,8775.0,25,8776.0,5,8778.0,21,8779.0,35,8780.0,5,8781.0,7,8786.0,1,8777.0
OI411,,13:38:58.0#,8725.0,8808.0,8695.0,9178.0,8138.0,24737,31438,8769.0,5,8771.0,1,8774.0,15,8775.0,25,8776.0,5,8778.0,23,8779.0,35,8780.0,5,8781.0,7,8786.0,1,8777.0
OI411,,13:38:58.250#,8725.0,8808.0,8695.0,9178.0,8138.0,24737,31438,8769.0,5,8771.0,1,8774.0,10,8775.0,30,8776.0,5,8778.0,23,8779.0,35,8780.0,5,8781.0,7,8786.0,1,8777.0
OI411,,13:38:58.500#,8725.0,8808.0,8695.0,9178.0,8138.0,24737,31438,8769.0,5,8771.0,1,8774.0,10,8775.0,30,8776.0,6,8778.0,23,8779.0,35,8780.0,5,8781.0,7,8786.0,1,8777.0
OI411,,13:38:58.750#,8725.0,8808.0,8695.0,9178.0,8138.0,24737,31438,8769.0,5,8771.0,1,8774.0,15,8775.0,25,8776.0,5,8778.0,23,8779.0,40,8781.0,7,8786.0,1,8787.0,1,8777.0
OI411,,13:38:59.500#,8725.0,8808.0,8695.0,9178.0,8138.0,24737,31438,8769.0,5,8771.0,1,8774.0,15,8775.0,25,8776.0,6,8778.0,23,8779.0,40,8781.0,7,8786.0,1,8787.0,1,8777.0
OI411,,13:39:00.0#,8725.0,8808.0,8695.0,9178.0,8138.0,24737,31438,8769.0,5,8771.0,1,8774.0,20,8775.0,20,8776.0,4,8778.0,23,8779.0,40,8781.0,7,8786.0,1,8787.0,1,8777.0
OI411,,13:39:00.250#,8725.0,8808.0,8695.0,9178.0,8138.0,24737,31438,8769.0,5,8771.0,1,8774.0,25,8775.0,15,8776.0,5,8778.0,24,8779.0,40,8781.0,7,8786.0,1,8787.0,1,8777.0
OI411,,13:39:00.500#,8725.0,8808.0,8695.0,9178.0,8138.0,24737,31438,8769.0,5,8771.0,1,8774.0,30,8775.0,10,8776.0,4,8778.0,15,8779.0,40,8781.0,7,8786.0,1,8787.0,1,8777.0
OI411,,13:39:00.750#,8725.0,8808.0,8695.0,9178.0,8138.0,24737,31438,8769.0,5,8771.0,1,8774.0,30,8775.0,10,8776.0,7,8778.0,11,8779.0,35,8780.0,5,8781.0,7,8786.0,1,8777.0
OI411,,13:39:01.0#,8725.0,8808.0,8695.0,9178.0,8138.0,24737,31438,8770.0,5,8771.0,1,8774.0,30,8775.0,10,8776.0,7,8778.0,9,8779.0,35,8780.0,5,8781.0,2,8782.0,5,8777.0
OI411,,13:39:01.250#,8725.0,8808.0,8695.0,9178.0,8138.0,24737,31438,8770.0,5,8771.0,1,8774.0,25,8775.0,15,8776.0,7,8778.0,14,8779.0,30,8780.0,10,8781.0,2,8782.0,5,8777.0
OI411,,13:39:01.500#,8725.0,8808.0,8695.0,9178.0,8138.0,24737,31438,8770.0,5,8771.0,1,8774.0,20,8775.0,20,8776.0,7,8778.0,19,8779.0,35,8780.0,5,8781.0,2,8782.0,5,8777.0
OI411,,13:39:01.750#,8725.0,8808.0,8695.0,9178.0,8138.0,24737,31438,8769.0,5,8771.0,1,8774.0,15,8775.0,25,8776.0,7,8778.0,29,8779.0,35,8780.0,5,8781.0,7,8786.0,1,8777.0
OI411,,13:39:02.0#,8725.0,8808.0,8695.0,9178.0,8138.0,24737,31438,8769.0,5,8771.0,1,8774.0,15,8775.0,25,8776.0,7,8778.0,34,8779.0,30,8780.0,5,8781.0,7,8786.0,1,8777.0
OI411,,13:39:02.250#,8725.0,8808.0,8695.0,9178.0,8138.0,24737,31438,8769.0,5,8771.0,1,8774.0,10,8775.0,30,8776.0,7,8778.0,41,8779.0,30,8780.0,5,8781.0,7,8786.0,1,8777.0
OI411,,13:39:02.500#,8725.0,8808.0,8695.0,9178.0,8138.0,24737,31438,8769.0,5,8771.0,1,8774.0,10,8775.0,30,8776.0,7,8778.0,42,8779.0,35,8781.0,7,8786.0,1,8787.0,1,8777.0
OI411,,13:39:02.750#,8725.0,8808.0,8695.0,9178.0,8138.0,24737,31438,8769.0,5,8771.0,1,8774.0,10,8775.0,30,8776.0,7,8778.0,46,8779.0,35,8781.0,7,8786.0,1,8787.0,1,8777.0
OI411,,13:39:03.250#,8725.0,8808.0,8695.0,9178.0,8138.0,24737,31438,8769.0,5,8771.0,1,8774.0,15,8775.0,25,8776.0,7,8778.0,46,8779.0,35,8781.0,7,8786.0,1,8787.0,1,8777.0
OI411,,13:39:03.500#,8725.0,8808.0,8695.0,9178.0,8138.0,24737,31438,8769.0,5,8771.0,1,8774.0,27,8775.0,25,8776.0,4,8778.0,46,8779.0,35,8781.0,7,8786.0,1,8787.0,1,8777.0
OI411,,13:39:03.750#,8725.0,8808.0,8695.0,9178.0,8138.0,24737,31438,8770.0,5,8771.0,1,8774.0,32,8775.0,20,8776.0,4,8778.0,46,8779.0,35,8781.0,2,8782.0,5,8786.0,1,8777.0
OI411,,13:39:05.0#,8725.0,8808.0,8695.0,9178.0,8138.0,24740,31437,8770.0,5,8771.0,1,8774.0,32,8775.0,20,8776.0,1,8777.0,1,8778.0,8,8779.0,35,8781.0,2,8782.0,5,8776.0
OI411,,13:39:05.250#,8725.0,8808.0,8695.0,9178.0,8138.0,24740,31437,8772.0,5,8773.0,5,8774.0,42,8775.0,5,8776.0,2,8778.0,43,8779.0,35,8781.0,2,8784.0,5,8786.0,1,8776.0
OI411,,13:39:05.500#,8725.0,8808.0,8695.0,9178.0,8138.0,24740,31437,8770.0,5,8771.0,1,8774.0,42,8775.0,10,8776.0,4,8777.0,1,8778.0,8,8779.0,30,8780.0,5,8781.0,2,8776.0
OI411,,13:39:05.750#,8725.0,8808.0,8695.0,9178.0,8138.0,24740,31437,8766.0,7,8771.0,1,8772.0,5,8774.0,47,8775.0,9,8777.0,5,8778.0,3,8779.0,40,8781.0,2,8784.0,5,8776.0
OI411,,13:39:06.0#,8725.0,8808.0,8695.0,9178.0,8138.0,24740,31437,8771.0,1,8772.0,5,8773.0,5,8774.0,47,8775.0,6,8777.0,22,8778.0,6,8779.0,35,8781.0,2,8784.0,5,8776.0
OI411,,13:39:06.250#,8725.0,8808.0,8695.0,9178.0,8138.0,24740,31437,8770.0,5,8771.0,1,8773.0,15,8774.0,37,8775.0,6,8777.0,22,8778.0,36,8779.0,5,8781.0,2,8782.0,5,8776.0
OI411,,13:39:06.500#,8725.0,8808.0,8695.0,9178.0,8138.0,24740,31437,8769.0,5,8771.0,1,8773.0,15,8774.0,37,8775.0,4,8777.0,27,8778.0,41,8781.0,7,8786.0,1,8787.0,1,8776.0
OI411,,13:39:06.750#,8725.0,8808.0,8695.0,9178.0,8138.0,24740,31437,8769.0,5,8771.0,1,8773.0,20,8774.0,32,8775.0,4,8777.0,34,8778.0,41,8781.0,7,8786.0,1,8787.0,1,8776.0
OI411,,13:39:07.0#,8725.0,8808.0,8695.0,9178.0,8138.0,24740,31437,8769.0,5,8771.0,1,8773.0,25,8774.0,27,8775.0,2,8776.0,7,8777.0,7,8778.0,36,8781.0,7,8786.0,1,8776.0
OI411,,13:39:07.250#,8725.0,8808.0,8695.0,9178.0,8138.0,24740,31437,8771.0,1,8772.0,5,8773.0,20,8774.0,27,8775.0,2,8776.0,13,8777.0,7,8778.0,36,8781.0,7,8786.0,1,8776.0
OI411,,13:39:07.500#,8725.0,8808.0,8695.0,9178.0,8138.0,24740,31437,8769.0,5,8771.0,1,8773.0,30,8774.0,22,8775.0,2,8776.0,17,8778.0,41,8781.0,7,8786.0,1,8787.0,1,8776.0
OI411,,13:39:07.750#,8725.0,8808.0,8695.0,9178.0,8138.0,24740,31437,8769.0,5,8771.0,1,8773.0,30,8774.0,22,8775.0,2,8776.0,21,8777.0,5,8778.0,36,8781.0,7,8786.0,1,8776.0
OI411,,13:39:08.0#,8725.0,8808.0,8695.0,9178.0,8138.0,24740,31437,8769.0,5,8771.0,1,8773.0,30,8774.0,22,8775.0,1,8776.0,22,8777.0,5,8778.0,36,8781.0,7,8786.0,1,8776.0
OI411,,13:39:08.250#,8725.0,8808.0,8695.0,9178.0,8138.0,24740,31437,8766.0,7,8769.0,5,8771.0,1,8773.0,35,8774.0,19,8776.0,28,8777.0,10,8778.0,31,8781.0,7,8786.0,1,8776.0
OI411,,13:39:08.500#,8725.0,8808.0,8695.0,9178.0,8138.0,24740,31437,8769.0,5,8771.0,1,8772.0,20,8773.0,15,8774.0,21,8776.0,31,8777.0,30,8778.0,11,8781.0,7,8786.0,1,8776.0
OI411,,13:39:08.750#,8725.0,8808.0,8695.0,9178.0,8138.0,24740,31437,8768.0,5,8771.0,1,8772.0,15,8773.0,25,8774.0,16,8776.0,39,8777.0,25,8778.0,11,8780.0,5,8781.0,2,8776.0
OI411,,13:39:09.0#,8725.0,8808.0,8695.0,9178.0,8138.0,24740,31437,8768.0,5,8771.0,1,8772.0,15,8773.0,25,8774.0,16,8776.0,40,8777.0,25,8778.0,11,8780.0,5,8781.0,2,8776.0
OI411,,13:39:09.250#,8725.0,8808.0,8695.0,9178.0,8138.0,24754,31425,8766.0,7,8768.0,5,8771.0,1,8772.0,15,8773.0,27,8774.0,1,8776.0,7,8777.0,25,8778.0,11,8780.0,5,8774.0
OI411,,13:39:09.500#,8725.0,8808.0,8695.0,9178.0,8138.0,24754,31425,8766.0,7,8768.0,10,8771.0,11,8772.0,10,8773.0,14,8774.0,1,8776.0,17,8777.0,10,8778.0,6,8780.0,10,8774.0
OI411,,13:39:09.750#,8725.0,8808.0,8695.0,9178.0,8138.0,24754,31425,8766.0,7,8768.0,10,8771.0,16,8772.0,20,8773.0,2,8774.0,2,8776.0,22,8777.0,10,8778.0,5,8780.0,10,8774.0
OI411,,13:39:10.0#,8725.0,8808.0,8695.0,9178.0,8138.0,24754,31425,8763.0,1,8766.0,7,8768.0,5,8771.0,25,8772.0,16,8774.0,39,8775.0,5,8776.0,20,8777.0,10,8780.0,5,8774.0
OI411,,13:39:10.250#,8725.0,8808.0,8695.0,9178.0,8138.0,24754,31425,8766.0,12,8768.0,1,8770.0,15,8771.0,15,8772.0,16,8774.0,27,8775.0,25,8776.0,10,8777.0,5,8778.0,6,8774.0
OI411,,13:39:10.500#,8725.0,8808.0,8695.0,9178.0,8138.0,24754,31425,8766.0,7,8768.0,1,8770.0,15,8771.0,25,8772.0,6,8774.0,12,8775.0,30,8776.0,10,8777.0,5,8778.0,1,8774.0
OI411,,13:39:10.750#,8725.0,8808.0,8695.0,9178.0,8138.0,24754,31425,8766.0,12,8768.0,1,8770.0,15,8771.0,25,8772.0,6,8774.0,4,8775.0,25,8776.0,15,8778.0,6,8781.0,1,8774.0
OI411,,13:39:11.0#,8725.0,8808.0,8695.0,9178.0,8138.0,24755,31425,8768.0,1,8770.0,5,8771.0,35,8772.0,2,8773.0,5,8774.0,1,8775.0,5,8776.0,35,8778.0,1,8779.0,5,8774.0
OI411,,13:39:11.250#,8725.0,8808.0,8695.0,9178.0,8138.0,24755,31425,8766.0,7,8768.0,6,8771.0,30,8772.0,10,8773.0,7,8774.0,1,8776.0,35,8777.0,5,8778.0,1,8780.0,5,8774.0
OI411,,13:39:11.500#,8725.0,8808.0,8695.0,9178.0,8138.0,24755,31425,8766.0,7,8768.0,6,8771.0,35,8772.0,5,8773.0,9,8774.0,1,8776.0,40,8778.0,1,8780.0,5,8781.0,1,8774.0
OI411,,13:39:11.750#,8725.0,8808.0,8695.0,9178.0,8138.0,24756,31424,8766.0,7,8768.0,6,8771.0,30,8772.0,10,8773.0,26,8775.0,5,8776.0,35,8777.0,5,8778.0,1,8780.0,5,8774.0
OI411,,13:39:12.0#,8725.0,8808.0,8695.0,9178.0,8138.0,24756,31424,8769.0,5,8771.0,10,8772.0,25,8773.0,11,8774.0,1,8775.0,2,8776.0,15,8777.0,25,8778.0,1,8781.0,6,8774.0
OI411,,13:39:12.250#,8725.0,8808.0,8695.0,9178.0,8138.0,24756,31424,8766.0,7,8768.0,6,8772.0,40,8773.0,6,8774.0,15,8775.0,1,8776.0,7,8777.0,35,8778.0,1,8780.0,5,8774.0
OI411,,13:39:12.500#,8725.0,8808.0,8695.0,9178.0,8138.0,24756,31424,8768.0,1,8770.0,5,8772.0,40,8773.0,6,8774.0,19,8776.0,29,8777.0,35,8778.0,1,8781.0,1,8782.0,5,8774.0
OI411,,13:39:12.750#,8725.0,8808.0,8695.0,9178.0,8138.0,24756,31424,8766.0,7,8768.0,6,8772.0,15,8773.0,29,8774.0,21,8776.0,27,8777.0,25,8778.0,11,8780.0,5,8781.0,1,8774.0
OI411,,13:39:13.0#,8725.0,8808.0,8695.0,9178.0,8138.0,24756,31424,8766.0,7,8768.0,6,8772.0,20,8773.0,24,8774.0,21,8776.0,26,8777.0,35,8778.0,6,8780.0,5,8781.0,1,8774.0
OI411,,13:39:13.250#,8725.0,8808.0,8695.0,9178.0,8138.0,24756,31424,8766.0,7,8768.0,6,8772.0,15,8773.0,29,8774.0,21,8776.0,26,8777.0,30,8778.0,11,8780.0,5,8781.0,1,8774.0
OI411,,13:39:13.500#,8725.0,8808.0,8695.0,9178.0,8138.0,24756,31424,8766.0,7,8768.0,6,8772.0,10,8773.0,34,8774.0,21,8776.0,26,8777.0,25,8778.0,16,8780.0,5,8781.0,1,8774.0
OI411,,13:39:13.750#,8725.0,8808.0,8695.0,9178.0,8138.0,24756,31424,8766.0,7,8768.0,6,8772.0,10,8773.0,34,8774.0,21,8776.0,26,8777.0,30,8778.0,11,8780.0,5,8781.0,1,8774.0
OI411,,13:39:14.0#,8725.0,8808.0,8695.0,9178.0,8138.0,24756,31424,8766.0,7,8768.0,6,8772.0,10,8773.0,34,8774.0,21,8776.0,26,8777.0,25,8778.0,16,8780.0,5,8781.0,1,8774.0
OI411,,13:39:14.250#,8725.0,8808.0,8695.0,9178.0,8138.0,24756,31424,8766.0,7,8768.0,6,8772.0,10,8773.0,34,8774.0,21,8776.0,26,8777.0,30,8778.0,11,8780.0,5,8781.0,1,8774.0
OI411,,13:39:14.500#,8725.0,8808.0,8695.0,9178.0,8138.0,24756,31424,8766.0,7,8768.0,6,8772.0,10,8773.0,34,8774.0,21,8776.0,26,8777.0,25,8778.0,16,8780.0,5,8781.0,1,8774.0
OI411,,13:39:14.750#,8725.0,8808.0,8695.0,9178.0,8138.0,24758,31423,8766.0,7,8768.0,6,8772.0,10,8773.0,34,8774.0,19,8776.0,26,8777.0,30,8778.0,11,8780.0,5,8781.0,1,8774.0
OI411,,13:39:15.0#,8725.0,8808.0,8695.0,9178.0,8138.0,24759,31422,8766.0,7,8768.0,6,8772.0,10,8773.0,34,8774.0,18,8775.0,1,8776.0,2,8777.0,25,8778.0,16,8780.0,5,8774.0
OI411,,13:39:15.250#,8725.0,8808.0,8695.0,9178.0,8138.0,24759,31422,8768.0,1,8770.0,5,8772.0,20,8773.0,24,8774.0,18,8776.0,29,8777.0,35,8778.0,6,8781.0,1,8782.0,5,8774.0
OI411,,13:39:15.500#,8725.0,8808.0,8695.0,9178.0,8138.0,24759,31422,8766.0,7,8768.0,6,8772.0,15,8773.0,29,8774.0,18,8776.0,33,8777.0,25,8778.0,11,8780.0,5,8781.0,1,8774.0
OI411,,13:39:16.0#,8725.0,8808.0,8695.0,9178.0,8138.0,24759,31422,8766.0,7,8768.0,6,8772.0,15,8773.0,29,8774.0,18,8776.0,34,8777.0,25,8778.0,11,8780.0,5,8781.0,1,8774.0
OI411,,13:39:16.250#,8725.0,8808.0,8695.0,9178.0,8138.0,24759,31422,8766.0,7,8768.0,6,8772.0,15,8773.0,29,8774.0,18,8776.0,33,8777.0,25,8778.0,11,8780.0,5,8781.0,1,8774.0
OI411,,13:39:16.500#,8725.0,8808.0,8695.0,9178.0,8138.0,24759,31422,8766.0,7,8768.0,6,8772.0,15,8773.0,29,8775.0,2,8776.0,23,8777.0,25,8778.0,11,8780.0,5,8781.0,1,8774.0
OI411,,13:39:16.750#,8725.0,8808.0,8695.0,9178.0,8138.0,24759,31422,8766.0,7,8768.0,6,8772.0,5,8773.0,39,8775.0,2,8776.0,17,8777.0,20,8778.0,21,8780.0,5,8781.0,1,8774.0
OI411,,13:39:17.250#,8725.0,8808.0,8695.0,9178.0,8138.0,24759,31422,8766.0,7,8768.0,6,8772.0,5,8773.0,39,8775.0,2,8776.0,23,8777.0,25,8778.0,16,8780.0,5,8781.0,1,8774.0
OI411,,13:39:17.500#,8725.0,8808.0,8695.0,9178.0,8138.0,24759,31422,8766.0,7,8768.0,6,8772.0,5,8773.0,39,8774.0,20,8776.0,20,8777.0,25,8778.0,16,8780.0,5,8781.0,1,8774.0
OI411,,13:39:17.750#,8725.0,8808.0,8695.0,9178.0,8138.0,24759,31422,8766.0,7,8770.0,5,8772.0,5,8773.0,39,8774.0,20,8776.0,20,8777.0,25,8778.0,15,8781.0,1,8782.0,5,8774.0
OI411,,13:39:18.0#,8725.0,8808.0,8695.0,9178.0,8138.0,24759,31422,8766.0,7,8770.0,6,8772.0,5,8773.0,39,8774.0,20,8776.0,28,8777.0,25,8778.0,15,8780.0,1,8781.0,1,8774.0
OI411,,13:39:18.250#,8725.0,8808.0,8695.0,9178.0,8138.0,24759,31422,8768.0,5,8770.0,1,8772.0,15,8773.0,29,8774.0,20,8776.0,32,8777.0,35,8778.0,5,8780.0,6,8781.0,1,8774.0
OI411,,13:39:18.500#,8725.0,8808.0,8695.0,9178.0,8138.0,24759,31422,8768.0,5,8770.0,1,8772.0,15,8773.0,29,8774.0,20,8776.0,40,8777.0,30,8778.0,5,8780.0,6,8781.0,1,8774.0
OI411,,13:39:18.750#,8725.0,8808.0,8695.0,9178.0,8138.0,24759,31422,8768.0,5,8770.0,1,8772.0,15,8773.0,29,8774.0,20,8776.0,39,8777.0,30,8778.0,5,8780.0,6,8781.0,1,8774.0
OI411,,13:39:19.0#,8725.0,8808.0,8695.0,9178.0,8138.0,24759,31422,8768.0,5,8770.0,1,8772.0,15,8773.0,29,8774.0,20,8776.0,35,8777.0,30,8778.0,5,8780.0,6,8781.0,1,8774.0
OI411,,13:39:19.250#,8725.0,8808.0,8695.0,9178.0,8138.0,24759,31422,8768.0,5,8770.0,1,8772.0,15,8773.0,29,8774.0,20,8776.0,30,8777.0,30,8778.0,5,8780.0,6,8781.0,1,8774.0
OI411,,13:39:20.250#,8725.0,8808.0,8695.0,9178.0,8138.0,24759,31422,8768.0,5,8770.0,1,8772.0,15,8773.0,29,8774.0,20,8776.0,24,8777.0,30,8778.0,5,8780.0,6,8781.0,1,8774.0
OI411,,13:39:20.500#,8725.0,8808.0,8695.0,9178.0,8138.0,24759,31422,8768.0,5,8770.0,1,8772.0,15,8773.0,29,8774.0,22,8776.0,11,8777.0,35,8778.0,5,8780.0,6,8781.0,1,8774.0
OI411,,13:39:20.750#,8725.0,8808.0,8695.0,9178.0,8138.0,24759,31422,8766.0,7,8770.0,6,8772.0,5,8773.0,39,8774.0,22,8776.0,12,8777.0,25,8778.0,15,8780.0,1,8781.0,1,8774.0
OI411,,13:39:21.0#,8725.0,8808.0,8695.0,9178.0,8138.0,24759,31422,8766.0,7,8770.0,6,8772.0,5,8773.0,39,8774.0,20,8776.0,17,8777.0,25,8778.0,15,8780.0,1,8781.0,1,8774.0
OI411,,13:39:21.250#,8725.0,8808.0,8695.0,9178.0,8138.0,24759,31422,8766.0,7,8770.0,6,8772.0,5,8773.0,39,8774.0,20,8776.0,18,8777.0,25,8778.0,15,8780.0,1,8781.0,1,8774.0
OI411,,13:39:21.500#,8725.0,8808.0,8695.0,9178.0,8138.0,24759,31422,8766.0,7,8770.0,6,8772.0,5,8773.0,39,8774.0,20,8776.0,19,8777.0,25,8778.0,15,8780.0,1,8781.0,1,8774.0
OI411,,13:39:21.750#,8725.0,8808.0,8695.0,9178.0,8138.0,24759,31422,8766.0,7,8770.0,6,8772.0,5,8773.0,39,8774.0,20,8775.0,10,8776.0,2,8777.0,25,8778.0,15,8780.0,1,8774.0
OI411,,13:39:22.0#,8725.0,8808.0,8695.0,9178.0,8138.0,24759,31422,8766.0,7,8770.0,6,8772.0,15,8773.0,29,8774.0,18,8775.0,10,8776.0,2,8777.0,35,8778.0,5,8780.0,1,8774.0
OI411,,13:39:22.250#,8725.0,8808.0,8695.0,9178.0,8138.0,24765,31416,8766.0,7,8769.0,5,8770.0,1,8772.0,15,8773.0,43,8775.0,10,8776.0,2,8777.0,35,8778.0,5,8780.0,1,8774.0
OI411,,13:39:22.500#,8725.0,8808.0,8695.0,9178.0,8138.0,24765,31416,8769.0,5,8770.0,1,8771.0,5,8772.0,25,8773.0,26,8774.0,2,8775.0,2,8776.0,5,8777.0,35,8780.0,1,8774.0
OI411,,13:39:22.750#,8725.0,8808.0,8695.0,9178.0,8138.0,24766,31416,8768.0,5,8769.0,5,8770.0,6,8771.0,10,8772.0,33,8774.0,5,8775.0,5,8776.0,10,8777.0,20,8780.0,6,8774.0
OI411,,13:39:23.0#,8725.0,8808.0,8695.0,9178.0,8138.0,24766,31416,8766.0,7,8767.0,5,8770.0,1,8771.0,30,8772.0,25,8774.0,11,8776.0,30,8777.0,10,8779.0,5,8780.0,1,8774.0
OI411,,13:39:23.250#,8725.0,8808.0,8695.0,9178.0,8138.0,24767,31415,8766.0,7,8768.0,5,8770.0,5,8771.0,35,8772.0,14,8774.0,5,8775.0,10,8776.0,30,8780.0,5,8781.0,1,8774.0
OI411,,13:39:23.500#,8725.0,8808.0,8695.0,9178.0,8138.0,24767,31415,8763.0,1,8766.0,7,8768.0,6,8771.0,40,8772.0,14,8774.0,12,8775.0,5,8776.0,35,8778.0,1,8780.0,5,8774.0
OI411,,13:39:23.750#,8725.0,8808.0,8695.0,9178.0,8138.0,24767,31415,8766.0,7,8768.0,6,8770.0,5,8771.0,35,8772.0,14,8774.0,7,8775.0,10,8776.0,30,8778.0,1,8780.0,5,8774.0
OI411,,13:39:24.0#,8725.0,8808.0,8695.0,9178.0,8138.0,24767,31415,8763.0,1,8766.0,7,8768.0,6,8771.0,40,8772.0,14,8774.0,4,8775.0,5,8776.0,35,8778.0,1,8780.0,5,8774.0
OI411,,13:39:24.250#,8725.0,8808.0,8695.0,9178.0,8138.0,24767,31415,8768.0,1,8769.0,5,8770.0,5,8771.0,35,8772.0,14,8774.0,12,8775.0,10,8776.0,30,8778.0,1,8781.0,6,8774.0
OI411,,13:39:24.500#,8725.0,8808.0,8695.0,9178.0,8138.0,24767,31415,8763.0,1,8766.0,7,8768.0,6,8771.0,40,8772.0,14,8774.0,22,8776.0,40,8778.0,1,8780.0,5,8781.0,1,8774.0
OI411,,13:39:24.750#,8725.0,8808.0,8695.0,9178.0,8138.0,24767,31415,8767.0,5,8768.0,1,8770.0,10,8771.0,30,8772.0,14,8774.0,21,8775.0,25,8776.0,15,8778.0,1,8779.0,5,8774.0
OI411,,13:39:25.0#,8725.0,8808.0,8695.0,9178.0,8138.0,24767,31415,8766.0,12,8768.0,1,8770.0,10,8771.0,30,8772.0,14,8774.0,20,8775.0,25,8776.0,15,8778.0,6,8781.0,1,8774.0
OI411,,13:39:25.250#,8725.0,8808.0,8695.0,9178.0,8138.0,24767,31415,8766.0,12,8768.0,1,8770.0,10,8771.0,30,8772.0,14,8774.0,19,8775.0,30,8776.0,10,8778.0,6,8781.0,1,8774.0
OI411,,13:39:25.500#,8725.0,8808.0,8695.0,9178.0,8138.0,24767,31415,8766.0,12,8768.0,1,8770.0,10,8771.0,30,8772.0,14,8774.0,18,8775.0,30,8776.0,10,8778.0,6,8781.0,1,8774.0
OI411,,13:39:26.0#,8725.0,8808.0,8695.0,9178.0,8138.0,24767,31415,8766.0,12,8768.0,1,8770.0,10,8771.0,30,8772.0,14,8774.0,19,8775.0,30,8776.0,10,8778.0,6,8781.0,1,8774.0
OI411,,13:39:26.250#,8725.0,8808.0,8695.0,9178.0,8138.0,24767,31415,8766.0,12,8768.0,1,8770.0,10,8771.0,30,8772.0,14,8774.0,20,8775.0,30,8776.0,10,8778.0,6,8781.0,1,8774.0
OI411,,13:39:26.750#,8725.0,8808.0,8695.0,9178.0,8138.0,24767,31415,8766.0,12,8768.0,1,8770.0,10,8771.0,30,8772.0,14,8774.0,19,8775.0,30,8776.0,10,8778.0,6,8781.0,1,8774.0
OI411,,13:39:27.500#,8725.0,8808.0,8695.0,9178.0,8138.0,24783,31401,8766.0,12,8768.0,1,8770.0,10,8771.0,30,8772.0,14,8774.0,19,8775.0,30,8776.0,10,8778.0,6,8781.0,1,8772.0
OI411,,13:39:27.750#,8725.0,8808.0,8695.0,9178.0,8138.0,24783,31401,8763.0,1,8766.0,12,8768.0,1,8770.0,20,8771.0,34,8773.0,45,8774.0,2,8775.0,35,8776.0,5,8778.0,6,8772.0
OI411,,13:39:28.0#,8725.0,8808.0,8695.0,9178.0,8138.0,24787,31399,8763.0,1,8766.0,12,8768.0,1,8769.0,20,8771.0,22,8772.0,2,8773.0,2,8774.0,20,8775.0,10,8778.0,6,8773.0
OI411,,13:39:28.250#,8725.0,8808.0,8695.0,9178.0,8138.0,24787,31399,8766.0,12,8768.0,1,8769.0,25,8770.0,5,8771.0,14,8773.0,42,8774.0,25,8775.0,5,8778.0,6,8781.0,1,8773.0
OI411,,13:39:28.500#,8725.0,8808.0,8695.0,9178.0,8138.0,24787,31399,8764.0,5,8766.0,7,8768.0,1,8769.0,35,8771.0,12,8772.0,1,8773.0,2,8774.0,30,8775.0,5,8776.0,5,8773.0
OI411,,13:39:28.750#,8725.0,8808.0,8695.0,9178.0,8138.0,24787,31399,8766.0,12,8768.0,1,8769.0,30,8770.0,5,8771.0,12,8773.0,39,8774.0,30,8775.0,5,8778.0,6,8781.0,1,8773.0
OI411,,13:39:29.0#,8725.0,8808.0,8695.0,9178.0,8138.0,24787,31399,8766.0,7,8768.0,1,8769.0,30,8770.0,5,8771.0,2,8772.0,5,8773.0,2,8774.0,30,8775.0,5,8776.0,5,8773.0
OI411,,13:39:29.250#,8725.0,8808.0,8695.0,9178.0,8138.0,24787,31399,8766.0,7,8768.0,6,8769.0,25,8770.0,5,8771.0,14,8772.0,2,8773.0,5,8774.0,30,8777.0,5,8781.0,1,8773.0
OI411,,13:39:29.500#,8725.0,8808.0,8695.0,9178.0,8138.0,24787,31399,8763.0,1,8766.0,12,8768.0,1,8769.0,35,8771.0,14,8773.0,40,8774.0,35,8777.0,1,8778.0,5,8781.0,1,8773.0
OI411,,13:39:29.750#,8725.0,8808.0,8695.0,9178.0,8138.0,24787,31399,8766.0,7,8768.0,1,8769.0,30,8770.0,5,8771.0,14,8773.0,40,8774.0,35,8777.0,6,8781.0,1,8786.0,1,8773.0
OI411,,13:39:30.0#,8725.0,8808.0,8695.0,9178.0,8138.0,24787,31399,8765.0,5,8766.0,7,8768.0,1,8769.0,35,8771.0,14,8773.0,40,8774.0,35,8777.0,6,8781.0,1,8786.0,1,8773.0
OI411,,13:39:30.250#,8725.0,8808.0,8695.0,9178.0,8138.0,24787,31399,8765.0,5,8766.0,7,8768.0,1,8769.0,40,8771.0,10,8773.0,29,8774.0,40,8777.0,6,8781.0,1,8786.0,1,8773.0
OI411,,13:39:30.500#,8725.0,8808.0,8695.0,9178.0,8138.0,24787,31399,8765.0,5,8766.0,7,8768.0,1,8769.0,40,8771.0,9,8773.0,24,8774.0,40,8777.0,6,8781.0,1,8786.0,1,8773.0
OI411,,13:39:30.750#,8725.0,8808.0,8695.0,9178.0,8138.0,24787,31399,8765.0,5,8766.0,7,8768.0,1,8769.0,40,8771.0,14,8773.0,22,8774.0,40,8777.0,6,8781.0,1,8786.0,1,8773.0
OI411,,13:39:31.0#,8725.0,8808.0,8695.0,9178.0,8138.0,24787,31399,8766.0,7,8768.0,1,8769.0,35,8770.0,5,8771.0,16,8773.0,24,8774.0,30,8775.0,10,8777.0,6,8781.0,1,8773.0
OI411,,13:39:31.250#,8725.0,8808.0,8695.0,9178.0,8138.0,24787,31399,8766.0,7,8768.0,1,8769.0,35,8770.0,5,8772.0,1,8773.0,19,8774.0,35,8775.0,5,8777.0,6,8781.0,1,8773.0
OI411,,13:39:31.500#,8725.0,8808.0,8695.0,9178.0,8138.0,24787,31399,8766.0,12,8768.0,1,8769.0,15,8770.0,20,8772.0,8,8774.0,52,8775.0,20,8777.0,6,8778.0,5,8781.0,1,8773.0
OI411,,13:39:31.750#,8725.0,8808.0,8695.0,9178.0,8138.0,24787,31399,8768.0,1,8769.0,10,8770.0,25,8771.0,5,8772.0,14,8774.0,36,8775.0,20,8776.0,5,8777.0,6,8781.0,1,8773.0
OI411,,13:39:32.0#,8725.0,8808.0,8695.0,9178.0,8138.0,24787,31399,8768.0,1,8769.0,5,8770.0,30,8771.0,5,8772.0,15,8774.0,30,8775.0,25,8776.0,5,8777.0,1,8778.0,5,8773.0
OI411,,13:39:32.250#,8725.0,8808.0,8695.0,9178.0,8138.0,24787,31399,8768.0,1,8769.0,5,8770.0,25,8771.0,10,8772.0,13,8774.0,31,8775.0,25,8776.0,5,8777.0,1,8778.0,5,8773.0
OI411,,13:39:32.500#,8725.0,8808.0,8695.0,9178.0,8138.0,24787,31399,8768.0,1,8769.0,5,8770.0,25,8771.0,10,8772.0,18,8774.0,26,8775.0,25,8776.0,5,8777.0,1,8778.0,5,8773.0
OI411,,13:39:32.750#,8725.0,8808.0,8695.0,9178.0,8138.0,24787,31399,8768.0,1,8769.0,5,8770.0,10,8771.0,25,8772.0,18,8774.0,20,8775.0,25,8776.0,10,8777.0,1,8778.0,5,8773.0
OI411,,13:39:33.0#,8725.0,8808.0,8695.0,9178.0,8138.0,24787,31399,8766.0,12,8768.0,1,8770.0,10,8771.0,30,8772.0,18,8774.0,15,8775.0,25,8776.0,15,8777.0,1,8778.0,5,8773.0
OI411,,13:39:33.250#,8725.0,8808.0,8695.0,9178.0,8138.0,24787,31399,8763.0,1,8766.0,7,8768.0,6,8771.0,40,8772.0,6,8773.0,37,8774.0,2,8775.0,15,8776.0,25,8777.0,1,8773.0
OI411,,13:39:33.500#,8725.0,8808.0,8695.0,9178.0,8138.0,24791,31395,8766.0,7,8768.0,1,8769.0,10,8770.0,15,8771.0,29,8773.0,46,8774.0,15,8775.0,15,8776.0,5,8777.0,6,8772.0
OI411,,13:39:33.750#,8725.0,8808.0,8695.0,9178.0,8138.0,24791,31395,8765.0,5,8766.0,7,8768.0,1,8769.0,20,8770.0,34,8772.0,17,8773.0,7,8774.0,35,8777.0,6,8781.0,1,8772.0
OI411,,13:39:34.0#,8725.0,8808.0,8695.0,9178.0,8138.0,24791,31395,8763.0,1,8766.0,12,8768.0,15,8769.0,10,8770.0,29,8772.0,4,8773.0,10,8774.0,30,8777.0,1,8778.0,5,8772.0
OI411,,13:39:34.250#,8725.0,8808.0,8695.0,9178.0,8138.0,24791,31395,8763.0,1,8766.0,13,8768.0,5,8769.0,30,8770.0,19,8772.0,2,8773.0,10,8774.0,30,8777.0,1,8778.0,5,8772.0
OI411,,13:39:34.500#,8725.0,8808.0,8695.0,9178.0,8138.0,24791,31395,8763.0,1,8766.0,13,8768.0,5,8769.0,30,8770.0,21,8772.0,4,8773.0,5,8774.0,35,8777.0,1,8778.0,5,8772.0
OI411,,13:39:34.750#,8725.0,8808.0,8695.0,9178.0,8138.0,24791,31395,8766.0,8,8767.0,5,8768.0,10,8769.0,25,8770.0,21,8772.0,9,8773.0,10,8774.0,30,8777.0,1,8779.0,5,8772.0
OI411,,13:39:35.0#,8725.0,8808.0,8695.0,9178.0,8138.0,24791,31395,8763.0,1,8766.0,13,8768.0,10,8769.0,25,8770.0,19,8772.0,31,8773.0,10,8774.0,30,8777.0,1,8778.0,5,8772.0
OI411,,13:39:35.250#,8725.0,8808.0,8695.0,9178.0,8138.0,24791,31395,8764.0,5,8766.0,8,8768.0,20,8769.0,15,8770.0,19,8772.0,37,8773.0,35,8774.0,5,8776.0,5,8777.0,1,8772.0
OI411,,13:39:35.500#,8725.0,8808.0,8695.0,9178.0,8138.0,24796,31395,8763.0,1,8764.0,5,8766.0,8,8768.0,20,8769.0,29,8771.0,28,8772.0,7,8773.0,30,8774.0,5,8776.0,5,8770.0
OI411,,13:39:35.750#,8725.0,8808.0,8695.0,9178.0,8138.0,24796,31395,8764.0,5,8766.0,8,8767.0,10,8768.0,25,8769.0,14,8770.0,7,8772.0,25,8773.0,15,8776.0,5,8781.0,1,8770.0
OI411,,13:39:36.0#,8725.0,8808.0,8695.0,9178.0,8138.0,24799,31395,8764.0,5,8766.0,8,8767.0,20,8768.0,15,8769.0,2,8770.0,8,8772.0,35,8773.0,5,8775.0,1,8776.0,5,8770.0
OI411,,13:39:36.250#,8725.0,8808.0,8695.0,9178.0,8138.0,24799,31395,8763.0,6,8766.0,13,8767.0,25,8768.0,5,8769.0,1,8770.0,12,8771.0,5,8772.0,35,8775.0,6,8781.0,1,8770.0
OI411,,13:39:36.500#,8725.0,8808.0,8695.0,9178.0,8138.0,24799,31395,8762.0,5,8763.0,1,8766.0,18,8767.0,20,8768.0,16,8770.0,8,8771.0,5,8772.0,35,8774.0,5,8775.0,1,8770.0
OI411,,13:39:36.750#,8725.0,8808.0,8695.0,9178.0,8138.0,24799,31395,8763.0,1,8764.0,5,8766.0,7,8767.0,35,8768.0,13,8770.0,10,8771.0,10,8772.0,30,8775.0,1,8776.0,5,8770.0
OI411,,13:39:37.0#,8725.0,8808.0,8695.0,9178.0,8138.0,24799,31395,8764.0,6,8766.0,7,8767.0,35,8768.0,2,8769.0,1,8770.0,4,8771.0,5,8772.0,35,8775.0,1,8776.0,5,8770.0
OI411,,13:39:37.250#,8725.0,8808.0,8695.0,9178.0,8138.0,24799,31395,8763.0,6,8764.0,1,8766.0,12,8767.0,35,8768.0,13,8770.0,15,8771.0,15,8772.0,30,8775.0,6,8781.0,1,8770.0
OI411,,13:39:37.500#,8725.0,8808.0,8695.0,9178.0,8138.0,24799,31395,8763.0,1,8764.0,1,8766.0,27,8767.0,20,8768.0,4,8769.0,11,8770.0,4,8771.0,20,8772.0,25,8774.0,5,8770.0
OI411,,13:39:37.750#,8725.0,8808.0,8695.0,9178.0,8138.0,24799,31395,8764.0,1,8765.0,5,8766.0,32,8767.0,5,8768.0,9,8769.0,2,8770.0,12,8771.0,25,8772.0,5,8774.0,5,8770.0
OI411,,13:39:38.0#,8725.0,8808.0,8695.0,9178.0,8138.0,24799,31395,8763.0,6,8764.0,1,8766.0,32,8767.0,10,8768.0,13,8770.0,10,8771.0,25,8772.0,15,8774.0,1,8775.0,5,8770.0
OI411,,13:39:38.250#,8725.0,8808.0,8695.0,9178.0,8138.0,24799,31395,8763.0,1,8764.0,6,8766.0,27,8767.0,15,8768.0,11,8770.0,32,8771.0,15,8772.0,25,8774.0,1,8776.0,5,8770.0
OI411,,13:39:38.500#,8725.0,8808.0,8695.0,9178.0,8138.0,24799,31395,8763.0,1,8764.0,1,8766.0,32,8767.0,10,8768.0,11,8770.0,32,8771.0,35,8772.0,5,8774.0,6,8781.0,1,8770.0
OI411,,13:39:38.750#,8725.0,8808.0,8695.0,9178.0,8138.0,24799,31395,8763.0,1,8764.0,1,8766.0,37,8767.0,5,8768.0,2,8770.0,32,8771.0,35,8772.0,5,8774.0,6,8781.0,1,8770.0
OI411,,13:39:39.0#,8725.0,8808.0,8695.0,9178.0,8138.0,24799,31395,8763.0,1,8764.0,1,8766.0,37,8767.0,5,8768.0,2,8770.0,33,8771.0,30,8772.0,5,8773.0,5,8774.0,1,8770.0
OI411,,13:39:39.250#,8725.0,8808.0,8695.0,9178.0,8138.0,24799,31395,8761.0,5,8763.0,1,8764.0,1,8766.0,37,8768.0,11,8770.0,10,8771.0,25,8772.0,5,8773.0,5,8774.0,1,8770.0
OI411,,13:39:39.500#,8725.0,8808.0,8695.0,9178.0,8138.0,24799,31395,8764.0,1,8766.0,27,8767.0,20,8768.0,2,8769.0,10,8770.0,2,8771.0,10,8772.0,35,8774.0,1,8775.0,5,8770.0
OI411,,13:39:39.750#,8725.0,8808.0,8695.0,9178.0,8138.0,24799,31395,8764.0,6,8766.0,22,8767.0,20,8768.0,7,8769.0,11,8770.0,2,8771.0,5,8772.0,30,8773.0,10,8774.0,1,8770.0
OI411,,13:39:40.0#,8725.0,8808.0,8695.0,9178.0,8138.0,24801,31395,8764.0,6,8766.0,12,8767.0,35,8768.0,2,8769.0,8,8770.0,2,8771.0,5,8772.0,40,8774.0,1,8776.0,5,8770.0
OI411,,13:39:40.250#,8725.0,8808.0,8695.0,9178.0,8138.0,24802,31395,8764.0,6,8766.0,7,8767.0,35,8768.0,7,8769.0,7,8770.0,1,8771.0,5,8772.0,40,8774.0,1,8776.0,5,8770.0
OI411,,13:39:40.500#,8725.0,8808.0,8695.0,9178.0,8138.0,24802,31395,8764.0,6,8766.0,7,8767.0,35,8768.0,7,8769.0,6,8770.0,6,8771.0,5,8772.0,40,8774.0,1,8776.0,5,8770.0
OI411,,13:39:40.750#,8725.0,8808.0,8695.0,9178.0,8138.0,24802,31395,8763.0,1,8764.0,6,8766.0,7,8767.0,40,8768.0,3,8769.0,28,8770.0,2,8771.0,5,8772.0,40,8774.0,1,8770.0
OI411,,13:39:41.0#,8725.0,8808.0,8695.0,9178.0,8138.0,24802,31395,8763.0,1,8764.0,1,8765.0,10,8766.0,22,8767.0,23,8769.0,32,8770.0,15,8771.0,15,8772.0,15,8774.0,6,8770.0
OI411,,13:39:41.250#,8725.0,8808.0,8695.0,9178.0,8138.0,24802,31395,8763.0,1,8764.0,1,8765.0,15,8766.0,22,8767.0,20,8769.0,30,8770.0,30,8771.0,5,8772.0,10,8773.0,5,8770.0
OI411,,13:39:41.500#,8725.0,8808.0,8695.0,9178.0,8138.0,24802,31395,8763.0,1,8764.0,1,8765.0,15,8766.0,27,8767.0,13,8769.0,30,8770.0,30,8771.0,5,8772.0,10,8773.0,5,8770.0
OI411,,13:39:41.750#,8725.0,8808.0,8695.0,9178.0,8138.0,24802,31395,8764.0,1,8765.0,15,8766.0,27,8767.0,5,8768.0,1,8769.0,30,8770.0,25,8771.0,10,8772.0,10,8773.0,5,8770.0
OI411,,13:39:42.0#,8725.0,8808.0,8695.0,9178.0,8138.0,24802,31395,8764.0,1,8765.0,10,8766.0,32,8767.0,5,8768.0,4,8769.0,30,8770.0,15,8771.0,20,8772.0,10,8773.0,5,8770.0
OI411,,13:39:42.250#,8725.0,8808.0,8695.0,9178.0,8138.0,24802,31395,8764.0,1,8765.0,5,8766.0,37,8767.0,5,8768.0,4,8769.0,30,8770.0,15,8771.0,20,8772.0,10,8774.0,6,8770.0
OI411,,13:39:42.500#,8725.0,8808.0,8695.0,9178.0,8138.0,24807,31395,8764.0,1,8765.0,5,8766.0,37,8767.0,5,8768.0,2,8770.0,41,8771.0,20,8772.0,10,8774.0,6,8781.0,1,8768.0
OI411,,13:39:42.750#,8725.0,8808.0,8695.0,9178.0,8138.0,24808,31395,8761.0,5,8763.0,1,8764.0,1,8766.0,47,8768.0,7,8770.0,28,8771.0,35,8772.0,10,8773.0,5,8774.0,1,8768.0
OI411,,13:39:43.0#,8725.0,8808.0,8695.0,9178.0,8138.0,24811,31393,8763.0,1,8764.0,1,8766.0,42,8767.0,5,8768.0,1,8770.0,27,8771.0,30,8772.0,15,8774.0,6,8781.0,1,8768.0
OI411,,13:39:43.250#,8725.0,8808.0,8695.0,9178.0,8138.0,24811,31393,8761.0,5,8763.0,1,8764.0,1,8766.0,47,8767.0,10,8769.0,1,8770.0,7,8771.0,35,8772.0,5,8773.0,5,8768.0
OI411,,13:39:43.500#,8725.0,8808.0,8695.0,9178.0,8138.0,24811,31393,8763.0,1,8764.0,6,8765.0,5,8766.0,42,8767.0,12,8769.0,24,8770.0,10,8771.0,30,8772.0,5,8774.0,1,8768.0
OI411,,13:39:43.750#,8725.0,8808.0,8695.0,9178.0,8138.0,24811,31393,8763.0,1,8764.0,1,8765.0,20,8766.0,32,8767.0,10,8769.0,28,8770.0,20,8771.0,20,8772.0,5,8774.0,6,8768.0
OI411,,13:39:44.0#,8725.0,8808.0,8695.0,9178.0,8138.0,24811,31393,8763.0,1,8764.0,1,8765.0,15,8766.0,37,8767.0,10,8769.0,28,8770.0,30,8771.0,10,8772.0,5,8773.0,5,8768.0
OI411,,13:39:44.250#,8725.0,8808.0,8695.0,9178.0,8138.0,24811,31393,8763.0,1,8764.0,1,8765.0,15,8766.0,37,8767.0,10,8769.0,29,8770.0,30,8771.0,10,8772.0,5,8773.0,5,8768.0
OI411,,13:39:44.750#,8725.0,8808.0,8695.0,9178.0,8138.0,24811,31393,8763.0,1,8764.0,1,8765.0,15,8766.0,37,8767.0,10,8769.0,29,8770.0,35,8771.0,5,8772.0,5,8773.0,5,8768.0
OI411,,13:39:45.500#,8725.0,8808.0,8695.0,9178.0,8138.0,24811,31393,8763.0,1,8764.0,1,8765.0,20,8766.0,32,8768.0,6,8769.0,6,8770.0,40,8772.0,5,8773.0,5,8774.0,1,8768.0
OI411,,13:39:45.750#,8725.0,8808.0,8695.0,9178.0,8138.0,24814,31390,8764.0,1,8766.0,47,8767.0,10,8768.0,2,8769.0,1,8770.0,31,8771.0,15,8772.0,20,8774.0,1,8775.0,5,8769.0
OI411,,13:39:46.0#,8725.0,8808.0,8695.0,9178.0,8138.0,24814,31390,8764.0,1,8766.0,32,8767.0,15,8768.0,2,8769.0,1,8770.0,10,8771.0,15,8772.0,25,8774.0,1,8775.0,10,8769.0
OI411,,13:39:46.250#,8725.0,8808.0,8695.0,9178.0,8138.0,24814,31390,8764.0,1,8766.0,32,8767.0,15,8768.0,2,8769.0,1,8770.0,15,8771.0,10,8772.0,30,8774.0,1,8775.0,10,8769.0
OI411,,13:39:46.500#,8725.0,8808.0,8695.0,9178.0,8138.0,24814,31390,8764.0,1,8766.0,27,8767.0,20,8768.0,2,8769.0,1,8770.0,18,8771.0,10,8772.0,30,8774.0,1,8775.0,10,8769.0
OI411,,13:39:46.750#,8725.0,8808.0,8695.0,9178.0,8138.0,24814,31390,8764.0,1,8766.0,27,8767.0,25,8768.0,2,8769.0,1,8770.0,11,8771.0,10,8772.0,35,8774.0,1,8775.0,5,8769.0
OI411,,13:39:47.0#,8725.0,8808.0,8695.0,9178.0,8138.0,24820,31384,8763.0,6,8764.0,1,8766.0,22,8767.0,30,8768.0,19,8770.0,7,8771.0,10,8772.0,35,8774.0,1,8775.0,5,8768.0
OI411,,13:39:47.250#,8725.0,8808.0,8695.0,9178.0,8138.0,24820,31384,8763.0,1,8764.0,6,8766.0,22,8767.0,30,8768.0,19,8770.0,28,8771.0,15,8772.0,30,8774.0,1,8776.0,5,8768.0
OI411,,13:39:47.500#,8725.0,8808.0,8695.0,9178.0,8138.0,24820,31384,8763.0,1,8764.0,1,8766.0,32,8767.0,20,8768.0,19,8770.0,23,8771.0,35,8772.0,10,8774.0,6,8781.0,1,8768.0
OI411,,13:39:47.750#,8725.0,8808.0,8695.0,9178.0,8138.0,24820,31384,8763.0,1,8764.0,1,8766.0,22,8767.0,30,8768.0,21,8770.0,6,8771.0,20,8772.0,25,8774.0,6,8781.0,1,8768.0
OI411,,13:39:48.0#,8725.0,8808.0,8695.0,9178.0,8138.0,24820,31384,8764.0,6,8766.0,12,8767.0,40,8768.0,2,8769.0,15,8770.0,6,8771.0,5,8772.0,40,8774.0,1,8776.0,5,8768.0
OI411,,13:39:48.250#,8725.0,8808.0,8695.0,9178.0,8138.0,24820,31384,8764.0,6,8766.0,12,8767.0,35,8768.0,7,8769.0,10,8770.0,3,8771.0,5,8772.0,35,8773.0,5,8774.0,1,8768.0
OI411,,13:39:48.500#,8725.0,8808.0,8695.0,9178.0,8138.0,24820,31384,8765.0,5,8766.0,12,8767.0,35,8768.0,7,8769.0,8,8771.0,25,8772.0,45,8774.0,1,8777.0,5,8781.0,1,8768.0
OI411,,13:39:48.750#,8725.0,8808.0,8695.0,9178.0,8138.0,24820,31384,8764.0,1,8766.0,12,8767.0,35,8768.0,7,8769.0,7,8771.0,27,8772.0,45,8774.0,1,8775.0,5,8781.0,1,8768.0
OI411,,13:39:49.0#,8725.0,8808.0,8695.0,9178.0,8138.0,24820,31384,8764.0,1,8766.0,12,8767.0,30,8768.0,12,8769.0,19,8771.0,27,8772.0,40,8773.0,5,8774.0,1,8775.0,5,8768.0
OI411,,13:39:49.250#,8725.0,8808.0,8695.0,9178.0,8138.0,24821,31384,8764.0,1,8766.0,12,8767.0,35,8768.0,7,8769.0,16,8771.0,24,8772.0,40,8773.0,5,8774.0,1,8775.0,5,8769.0
OI411,,13:39:49.500#,8725.0,8808.0,8695.0,9178.0,8138.0,24821,31384,8764.0,1,8766.0,12,8767.0,35,8768.0,7,8769.0,4,8771.0,24,8772.0,45,8774.0,1,8775.0,5,8781.0,1,8769.0
OI411,,13:39:49.750#,8725.0,8808.0,8695.0,9178.0,8138.0,24821,31384,8764.0,1,8766.0,12,8767.0,35,8768.0,7,8769.0,1,8770.0,19,8771.0,2,8772.0,45,8774.0,1,8775.0,5,8769.0
OI411,,13:39:50.0#,8725.0,8808.0,8695.0,9178.0,8138.0,24821,31384,8764.0,1,8766.0,12,8767.0,40,8768.0,2,8769.0,1,8770.0,18,8772.0,45,8774.0,1,8775.0,5,8781.0,1,8769.0
OI411,,13:39:50.250#,8725.0,8808.0,8695.0,9178.0,8138.0,24821,31384,8764.0,1,8766.0,17,8767.0,35,8768.0,2,8769.0,1,8770.0,20,8771.0,10,8772.0,35,8774.0,1,8775.0,5,8769.0
OI411,,13:39:50.500#,8725.0,8808.0,8695.0,9178.0,8138.0,24821,31384,8764.0,1,8766.0,17,8767.0,35,8768.0,2,8769.0,1,8770.0,15,8771.0,5,8772.0,40,8774.0,1,8775.0,5,8769.0
OI411,,13:39:50.750#,8725.0,8808.0,8695.0,9178.0,8138.0,24823,31384,8764.0,1,8766.0,12,8767.0,35,8768.0,12,8769.0,20,8771.0,32,8772.0,35,8773.0,5,8774.0,1,8775.0,5,8770.0
OI411,,13:39:51.0#,8725.0,8808.0,8695.0,9178.0,8138.0,24823,31384,8764.0,1,8766.0,12,8767.0,30,8768.0,10,8769.0,23,8771.0,32,8772.0,25,8773.0,10,8774.0,1,8775.0,5,8770.0
OI411,,13:39:51.250#,8725.0,8808.0,8695.0,9178.0,8138.0,24823,31384,8764.0,1,8766.0,12,8767.0,20,8768.0,20,8769.0,23,8771.0,25,8772.0,30,8773.0,10,8774.0,1,8775.0,5,8770.0
OI411,,13:39:51.500#,8725.0,8808.0,8695.0,9178.0,8138.0,24823,31384,8766.0,12,8767.0,15,8768.0,25,8769.0,4,8770.0,3,8771.0,25,8772.0,30,8773.0,5,8774.0,1,8775.0,5,8770.0
OI411,,13:39:51.750#,8725.0,8808.0,8695.0,9178.0,8138.0,24826,31382,8764.0,1,8766.0,12,8767.0,10,8768.0,25,8769.0,26,8771.0,24,8772.0,15,8773.0,15,8774.0,6,8775.0,5,8770.0
OI411,,13:39:52.0#,8725.0,8808.0,8695.0,9178.0,8138.0,24826,31382,8765.0,5,8766.0,12,8767.0,5,8768.0,30,8769.0,26,8771.0,25,8772.0,15,8773.0,20,8774.0,1,8777.0,5,8770.0
OI411,,13:39:52.250#,8725.0,8808.0,8695.0,9178.0,8138.0,24826,31382,8765.0,5,8766.0,12,8767.0,5,8768.0,35,8769.0,21,8771.0,22,8772.0,15,8773.0,20,8774.0,1,8777.0,5,8770.0
OI411,,13:39:52.500#,8725.0,8808.0,8695.0,9178.0,8138.0,24826,31382,8764.0,6,8766.0,12,8767.0,15,8768.0,25,8769.0,20,8771.0,23,8772.0,30,8773.0,5,8774.0,1,8776.0,5,8770.0
OI411,,13:39:52.750#,8725.0,8808.0,8695.0,9178.0,8138.0,24826,31382,8764.0,1,8766.0,7,8767.0,15,8768.0,25,8769.0,20,8771.0,24,8772.0,30,8773.0,5,8774.0,1,8775.0,5,8770.0
OI411,,13:39:53.0#,8725.0,8808.0,8695.0,9178.0,8138.0,24826,31382,8764.0,1,8766.0,7,8767.0,10,8768.0,30,8769.0,20,8771.0,10,8772.0,35,8773.0,5,8774.0,1,8775.0,5,8770.0
OI411,,13:39:53.250#,8725.0,8808.0,8695.0,9178.0,8138.0,24826,31382,8764.0,1,8765.0,5,8766.0,7,8768.0,40,8769.0,20,8771.0,8,8772.0,20,8773.0,20,8774.0,1,8777.0,5,8770.0
OI411,,13:39:53.500#,8725.0,8808.0,8695.0,9178.0,8138.0,24826,31382,8764.0,1,8766.0,12,8767.0,5,8768.0,35,8769.0,20,8771.0,29,8772.0,15,8773.0,25,8774.0,1,8778.0,5,8770.0
OI411,,13:39:53.750#,8725.0,8808.0,8695.0,9178.0,8138.0,24826,31382,8764.0,6,8766.0,7,8767.0,20,8768.0,20,8769.0,20,8771.0,33,8772.0,30,8773.0,10,8774.0,1,8776.0,5,8770.0
OI411,,13:39:54.0#,8725.0,8808.0,8695.0,9178.0,8138.0,24826,31382,8764.0,1,8766.0,7,8767.0,15,8768.0,25,8769.0,19,8770.0,1,8771.0,2,8772.0,35,8773.0,5,8774.0,1,8770.0
OI411,,13:39:54.250#,8725.0,8808.0,8695.0,9178.0,8138.0,24826,31382,8765.0,5,8766.0,7,8767.0,15,8768.0,25,8769.0,19,8770.0,1,8771.0,2,8772.0,35,8773.0,5,8774.0,1,8770.0
OI411,,13:39:54.500#,8725.0,8808.0,8695.0,9178.0,8138.0,24826,31382,8765.0,5,8766.0,7,8767.0,15,8768.0,25,8769.0,8,8770.0,1,8771.0,2,8772.0,35,8773.0,5,8774.0,1,8770.0
OI411,,13:39:54.750#,8725.0,8808.0,8695.0,9178.0,8138.0,24826,31382,8763.0,6,8764.0,6,8766.0,12,8767.0,20,8768.0,34,8770.0,25,8771.0,5,8772.0,30,8773.0,5,8774.0,1,8770.0
OI411,,13:39:55.0#,8725.0,8808.0,8695.0,9178.0,8138.0,24826,31382,8763.0,6,8764.0,6,8766.0,17,8767.0,15,8768.0,34,8770.0,27,8771.0,15,8772.0,20,8773.0,5,8774.0,1,8770.0
OI411,,13:39:55.250#,8725.0,8808.0,8695.0,9178.0,8138.0,24826,31382,8763.0,6,8764.0,6,8766.0,12,8767.0,25,8768.0,31,8770.0,27,8771.0,25,8772.0,10,8773.0,5,8774.0,1,8770.0
OI411,,13:39:55.500#,8725.0,8808.0,8695.0,9178.0,8138.0,24826,31382,8764.0,6,8766.0,7,8767.0,30,8768.0,12,8769.0,2,8770.0,3,8771.0,20,8772.0,15,8773.0,5,8774.0,1,8770.0
OI411,,13:39:55.750#,8725.0,8808.0,8695.0,9178.0,8138.0,24826,31382,8764.0,1,8766.0,7,8767.0,30,8768.0,10,8769.0,19,8770.0,1,8771.0,5,8772.0,25,8773.0,10,8774.0,1,8770.0
OI411,,13:39:56.0#,8725.0,8808.0,8695.0,9178.0,8138.0,24826,31382,8765.0,5,8766.0,7,8767.0,25,8768.0,15,8769.0,14,8770.0,1,8771.0,5,8772.0,20,8773.0,15,8774.0,1,8770.0
OI411,,13:39:56.250#,8725.0,8808.0,8695.0,9178.0,8138.0,24826,31382,8765.0,5,8766.0,7,8767.0,25,8768.0,15,8769.0,5,8770.0,1,8772.0,25,8773.0,15,8774.0,1,8777.0,5,8770.0
OI411,,13:39:56.500#,8725.0,8808.0,8695.0,9178.0,8138.0,24826,31382,8764.0,6,8766.0,7,8767.0,30,8768.0,10,8769.0,17,8770.0,2,8772.0,35,8773.0,5,8774.0,1,8776.0,5,8770.0
OI411,,13:39:56.750#,8725.0,8808.0,8695.0,9178.0,8138.0,24828,31382,8766.0,7,8767.0,25,8768.0,15,8769.0,2,8770.0,4,8771.0,23,8772.0,30,8773.0,10,8774.0,1,8777.0,5,8770.0
OI411,,13:39:57.0#,8725.0,8808.0,8695.0,9178.0,8138.0,24828,31382,8766.0,7,8767.0,15,8768.0,25,8769.0,2,8770.0,4,8771.0,25,8772.0,15,8773.0,25,8774.0,1,8775.0,5,8770.0
OI411,,13:39:57.250#,8725.0,8808.0,8695.0,9178.0,8138.0,24828,31382,8766.0,7,8767.0,10,8768.0,30,8769.0,2,8770.0,4,8771.0,25,8772.0,15,8773.0,25,8774.0,1,8775.0,5,8770.0
OI411,,13:39:57.500#,8725.0,8808.0,8695.0,9178.0,8138.0,24831,31382,8766.0,7,8767.0,5,8768.0,35,8769.0,2,8770.0,1,8771.0,22,8772.0,15,8773.0,25,8774.0,1,8775.0,5,8770.0
OI411,,13:39:57.750#,8725.0,8808.0,8695.0,9178.0,8138.0,24831,31382,8764.0,1,8766.0,7,8768.0,40,8769.0,2,8770.0,1,8771.0,22,8772.0,15,8773.0,25,8774.0,1,8775.0,5,8770.0
OI411,,13:39:58.0#,8725.0,8808.0,8695.0,9178.0,8138.0,24832,31382,8763.0,11,8764.0,1,8766.0,7,8768.0,40,8769.0,21,8771.0,20,8772.0,15,8773.0,25,8774.0,1,8775.0,5,8770.0
OI411,,13:39:58.250#,8725.0,8808.0,8695.0,9178.0,8138.0,24832,31382,8765.0,5,8766.0,7,8767.0,5,8768.0,35,8769.0,21,8771.0,20,8772.0,20,8773.0,20,8774.0,1,8777.0,5,8770.0
OI411,,13:39:58.500#,8725.0,8808.0,8695.0,9178.0,8138.0,24832,31382,8764.0,1,8765.0,5,8766.0,7,8768.0,40,8769.0,16,8771.0,17,8772.0,15,8773.0,25,8774.0,1,8777.0,5,8770.0
OI411,,13:39:58.750#,8725.0,8808.0,8695.0,9178.0,8138.0,24832,31382,8764.0,6,8766.0,7,8767.0,20,8768.0,20,8769.0,13,8771.0,20,8772.0,35,8773.0,5,8774.0,1,8776.0,5,8770.0
OI411,,13:39:59.0#,8725.0,8808.0,8695.0,9178.0,8138.0,24832,31382,8764.0,1,8766.0,7,8767.0,25,8768.0,15,8769.0,9,8771.0,20,8772.0,40,8774.0,1,8775.0,5,8781.0,1,8770.0
OI411,,13:39:59.250#,8725.0,8808.0,8695.0,9178.0,8138.0,24832,31382,8764.0,1,8766.0,1,8767.0,25,8768.0,15,8769.0,7,8771.0,24,8772.0,35,8773.0,5,8774.0,1,8775.0,5,8770.0
OI411,,13:39:59.500#,8725.0,8808.0,8695.0,9178.0,8138.0,24832,31382,8764.0,1,8766.0,1,8767.0,25,8768.0,15,8769.0,4,8771.0,24,8772.0,35,8773.0,5,8774.0,6,8781.0,1,8770.0
OI411,,13:39:59.750#,8725.0,8808.0,8695.0,9178.0,8138.0,24832,31382,8763.0,6,8764.0,1,8766.0,1,8767.0,25,8768.0,34,8770.0,9,8771.0,2,8772.0,35,8773.0,5,8774.0,6,8770.0
OI411,,13:40:00.0#,8725.0,8808.0,8695.0,9178.0,8138.0,24832,31382,8763.0,6,8764.0,6,8766.0,1,8767.0,25,8768.0,36,8770.0,27,8771.0,2,8772.0,40,8774.0,1,8776.0,5,8770.0
OI411,,13:40:00.250#,8725.0,8808.0,8695.0,9178.0,8138.0,24832,31382,8763.0,6,8764.0,6,8766.0,6,8767.0,25,8768.0,31,8770.0,25,8771.0,11,8772.0,30,8774.0,1,8776.0,5,8770.0
OI411,,13:40:00.500#,8725.0,8808.0,8695.0,9178.0,8138.0,24832,31382,8764.0,6,8766.0,1,8767.0,35,8768.0,7,8769.0,2,8770.0,11,8771.0,21,8772.0,20,8774.0,1,8776.0,5,8770.0
OI411,,13:40:00.750#,8725.0,8808.0,8695.0,9178.0,8138.0,24832,31382,8764.0,1,8766.0,1,8767.0,30,8768.0,12,8769.0,7,8770.0,9,8771.0,6,8772.0,30,8773.0,5,8774.0,6,8770.0
OI411,,13:40:01.0#,8725.0,8808.0,8695.0,9178.0,8138.0,24832,31382,8764.0,1,8766.0,1,8767.0,35,8768.0,7,8769.0,6,8770.0,9,8771.0,6,8772.0,30,8773.0,5,8774.0,1,8770.0
OI411,,13:40:01.250#,8725.0,8808.0,8695.0,9178.0,8138.0,24832,31382,8764.0,1,8766.0,1,8767.0,35,8768.0,7,8769.0,9,8770.0,9,8771.0,6,8772.0,35,8774.0,1,8775.0,5,8770.0
OI411,,13:40:01.500#,8725.0,8808.0,8695.0,9178.0,8138.0,24832,31382,8764.0,6,8766.0,1,8767.0,40,8768.0,2,8769.0,17,8770.0,9,8771.0,6,8772.0,35,8774.0,1,8776.0,5,8770.0
OI411,,13:40:01.750#,8725.0,8808.0,8695.0,9178.0,8138.0,24832,31382,8764.0,6,8766.0,1,8767.0,30,8768.0,10,8769.0,19,8770.0,9,8771.0,6,8772.0,30,8773.0,5,8774.0,1,8770.0
OI411,,13:40:02.0#,8725.0,8808.0,8695.0,9178.0,8138.0,24832,31382,8764.0,6,8766.0,1,8767.0,30,8768.0,10,8769.0,14,8770.0,9,8771.0,6,8772.0,35,8774.0,1,8776.0,5,8770.0
OI411,,13:40:02.250#,8725.0,8808.0,8695.0,9178.0,8138.0,24832,31382,8764.0,6,8766.0,1,8767.0,30,8768.0,10,8769.0,17,8770.0,9,8771.0,6,8772.0,35,8774.0,1,8776.0,5,8770.0
OI411,,13:40:02.500#,8725.0,8808.0,8695.0,9178.0,8138.0,24832,31382,8764.0,6,8766.0,1,8767.0,20,8768.0,20,8769.0,19,8770.0,9,8771.0,6,8772.0,30,8773.0,5,8774.0,1,8770.0
OI411,,13:40:02.750#,8725.0,8808.0,8695.0,9178.0,8138.0,24845,31369,8764.0,6,8766.0,1,8767.0,10,8768.0,30,8769.0,17,8770.0,2,8771.0,6,8772.0,30,8773.0,5,8774.0,1,8769.0
OI411,,13:40:03.0#,8725.0,8808.0,8695.0,9178.0,8138.0,24845,31369,8765.0,5,8766.0,1,8767.0,15,8768.0,25,8769.0,15,8770.0,2,8771.0,6,8772.0,35,8774.0,1,8777.0,5,8769.0
OI411,,13:40:03.250#,8725.0,8808.0,8695.0,9178.0,8138.0,24845,31369,8764.0,1,8765.0,5,8766.0,1,8767.0,15,8768.0,44,8770.0,16,8771.0,1,8772.0,40,8774.0,1,8777.0,5,8769.0
OI411,,13:40:03.500#,8725.0,8808.0,8695.0,9178.0,8138.0,24848,31369,8763.0,6,8764.0,6,8766.0,11,8767.0,15,8768.0,33,8771.0,30,8772.0,30,8774.0,1,8776.0,5,8781.0,1,8770.0
OI411,,13:40:03.750#,8725.0,8808.0,8695.0,9178.0,8138.0,24848,31369,8764.0,6,8766.0,1,8767.0,35,8768.0,7,8769.0,4,8770.0,3,8771.0,1,8772.0,40,8774.0,1,8776.0,5,8770.0
OI411,,13:40:04.0#,8725.0,8808.0,8695.0,9178.0,8138.0,24848,31369,8764.0,6,8766.0,1,8767.0,35,8768.0,7,8769.0,1,8770.0,2,8771.0,1,8772.0,40,8774.0,1,8776.0,5,8770.0
OI411,,13:40:04.250#,8725.0,8808.0,8695.0,9178.0,8138.0,24849,31368,8763.0,11,8764.0,1,8766.0,1,8767.0,35,8768.0,20,8770.0,1,8771.0,1,8772.0,40,8774.0,1,8775.0,5,8770.0
OI411,,13:40:04.500#,8725.0,8808.0,8695.0,9178.0,8138.0,24849,31368,8764.0,1,8765.0,5,8766.0,1,8767.0,40,8768.0,12,8770.0,2,8771.0,1,8772.0,40,8774.0,1,8777.0,6,8770.0
OI411,,13:40:04.750#,8725.0,8808.0,8695.0,9178.0,8138.0,24849,31368,8764.0,1,8765.0,5,8766.0,1,8767.0,40,8768.0,12,8769.0,1,8770.0,3,8771.0,1,8772.0,40,8774.0,1,8770.0
OI411,,13:40:05.0#,8725.0,8808.0,8695.0,9178.0,8138.0,24849,31368,8764.0,6,8765.0,5,8766.0,11,8767.0,20,8768.0,3,8770.0,26,8771.0,11,8772.0,20,8774.0,1,8775.0,5,8770.0
OI411,,13:40:05.250#,8725.0,8808.0,8695.0,9178.0,8138.0,24849,31368,8764.0,1,8765.0,5,8766.0,21,8767.0,15,8768.0,15,8770.0,21,8771.0,26,8772.0,15,8774.0,6,8777.0,1,8770.0
OI411,,13:40:05.500#,8725.0,8808.0,8695.0,9178.0,8138.0,24851,31366,8763.0,6,8764.0,1,8766.0,21,8767.0,20,8768.0,9,8770.0,21,8771.0,26,8772.0,15,8774.0,6,8777.0,1,8768.0
OI411,,13:40:05.750#,8725.0,8808.0,8695.0,9178.0,8138.0,24851,31366,8763.0,6,8764.0,1,8766.0,26,8767.0,15,8768.0,5,8770.0,23,8771.0,36,8772.0,5,8774.0,6,8777.0,1,8768.0
OI411,,13:40:06.0#,8725.0,8808.0,8695.0,9178.0,8138.0,24851,31366,8763.0,6,8764.0,1,8766.0,31,8767.0,10,8768.0,13,8769.0,1,8770.0,2,8771.0,36,8772.0,5,8773.0,5,8768.0
OI411,,13:40:06.250#,8725.0,8808.0,8695.0,9178.0,8138.0,24851,31366,8763.0,6,8764.0,6,8766.0,26,8767.0,15,8768.0,13,8770.0,23,8771.0,36,8772.0,5,8774.0,1,8776.0,5,8768.0
OI411,,13:40:06.500#,8725.0,8808.0,8695.0,9178.0,8138.0,24851,31366,8762.0,5,8763.0,6,8764.0,1,8766.0,26,8767.0,31,8770.0,23,8771.0,41,8774.0,6,8777.0,1,8781.0,1,8768.0
OI411,,13:40:06.750#,8725.0,8808.0,8695.0,9178.0,8138.0,24851,31366,8760.0,1,8763.0,11,8764.0,1,8766.0,26,8767.0,33,8769.0,4,8770.0,2,8771.0,41,8774.0,1,8775.0,5,8768.0
OI411,,13:40:07.0#,8725.0,8808.0,8695.0,9178.0,8138.0,24851,31366,8760.0,1,8763.0,6,8764.0,6,8766.0,31,8767.0,28,8769.0,28,8770.0,5,8771.0,36,8774.0,1,8776.0,5,8768.0
OI411,,13:40:07.250#,8725.0,8808.0,8695.0,9178.0,8138.0,24853,31366,8763.0,11,8764.0,1,8765.0,10,8766.0,26,8767.0,19,8769.0,1,8770.0,10,8771.0,31,8774.0,1,8775.0,5,8769.0
OI411,,13:40:07.500#,8725.0,8808.0,8695.0,9178.0,8138.0,24853,31366,8760.0,1,8763.0,11,8764.0,1,8766.0,41,8767.0,16,8769.0,4,8771.0,41,8774.0,1,8775.0,5,8777.0,1,8769.0
OI411,,13:40:07.750#,8725.0,8808.0,8695.0,9178.0,8138.0,24853,31366,8763.0,6,8764.0,6,8765.0,5,8766.0,36,8767.0,16,8769.0,20,8770.0,5,8771.0,36,8774.0,1,8776.0,5,8769.0
OI411,,13:40:08.0#,8725.0,8808.0,8695.0,9178.0,8138.0,24853,31366,8763.0,6,8764.0,1,8765.0,20,8766.0,21,8767.0,15,8769.0,20,8770.0,20,8771.0,21,8774.0,6,8777.0,1,8769.0
OI411,,13:40:08.250#,8725.0,8808.0,8695.0,9178.0,8138.0,24853,31366,8763.0,6,8764.0,1,8765.0,15,8766.0,26,8767.0,15,8769.0,12,8770.0,25,8771.0,16,8773.0,5,8774.0,1,8769.0
OI411,,13:40:08.500#,8725.0,8808.0,8695.0,9178.0,8138.0,24853,31366,8763.0,11,8764.0,1,8765.0,5,8766.0,36,8767.0,4,8768.0,9,8769.0,2,8770.0,15,8771.0,26,8774.0,1,8769.0
OI411,,13:40:08.750#,8725.0,8808.0,8695.0,9178.0,8138.0,24853,31366,8761.0,5,8763.0,6,8764.0,6,8765.0,20,8766.0,30,8768.0,29,8769.0,5,8770.0,25,8771.0,11,8773.0,5,8769.0
OI411,,13:40:09.0#,8725.0,8808.0,8695.0,9178.0,8138.0,24853,31366,8762.0,5,8763.0,6,8764.0,5,8765.0,20,8766.0,30,8767.0,1,8768.0,2,8769.0,5,8770.0,30,8771.0,6,8769.0
OI411,,13:40:09.250#,8725.0,8808.0,8695.0,9178.0,8138.0,24853,31366,8762.0,6,8763.0,11,8764.0,10,8765.0,10,8766.0,17,8768.0,34,8769.0,15,8770.0,5,8771.0,6,8772.0,1,8769.0
OI411,,13:40:09.500#,8725.0,8808.0,8695.0,9178.0,8138.0,24854,31365,8762.0,1,8763.0,6,8764.0,25,8765.0,10,8766.0,1,8767.0,19,8768.0,2,8769.0,30,8770.0,5,8771.0,1,8766.0
OI411,,13:40:09.750#,8725.0,8808.0,8695.0,9178.0,8138.0,24856,31364,8760.0,1,8762.0,1,8763.0,16,8764.0,25,8765.0,11,8766.0,1,8767.0,2,8768.0,20,8769.0,15,8771.0,6,8766.0
OI411,,13:40:10.0#,8725.0,8808.0,8695.0,9178.0,8138.0,24856,31364,8760.0,1,8762.0,1,8763.0,21,8764.0,20,8765.0,13,8766.0,1,8767.0,2,8768.0,25,8769.0,10,8771.0,1,8766.0
OI411,,13:40:10.250#,8725.0,8808.0,8695.0,9178.0,8138.0,24856,31364,8760.0,1,8762.0,1,8763.0,26,8764.0,15,8765.0,11,8766.0,2,8767.0,2,8768.0,25,8769.0,10,8771.0,1,8766.0
OI411,,13:40:10.500#,8725.0,8808.0,8695.0,9178.0,8138.0,24857,31363,8761.0,5,8762.0,1,8763.0,31,8764.0,10,8765.0,10,8767.0,28,8768.0,30,8769.0,5,8771.0,1,8772.0,1,8766.0
OI411,,13:40:10.750#,8725.0,8808.0,8695.0,9178.0,8138.0,24857,31363,8759.0,5,8760.0,1,8762.0,1,8763.0,36,8764.0,16,8766.0,9,8767.0,2,8768.0,35,8769.0,1,8771.0,6,8766.0
OI411,,13:40:11.0#,8725.0,8808.0,8695.0,9178.0,8138.0,24857,31363,8760.0,1,8761.0,5,8762.0,5,8763.0,31,8764.0,18,8766.0,10,8767.0,7,8768.0,30,8769.0,1,8771.0,1,8766.0
OI411,,13:40:11.250#,8725.0,8808.0,8695.0,9178.0,8138.0,24857,31363,8756.0,1,8758.0,5,8760.0,7,8763.0,41,8764.0,13,8766.0,10,8768.0,35,8769.0,1,8770.0,1,8771.0,1,8766.0
OI411,,13:40:11.500#,8725.0,8808.0,8695.0,9178.0,8138.0,24857,31363,8760.0,2,8761.0,5,8762.0,5,8763.0,41,8764.0,13,8766.0,4,8767.0,10,8768.0,30,8769.0,1,8770.0,1,8766.0
OI411,,13:40:11.750#,8725.0,8808.0,8695.0,9178.0,8138.0,24857,31363,8758.0,5,8760.0,2,8761.0,5,8763.0,46,8764.0,13,8766.0,15,8768.0,40,8769.0,1,8770.0,1,8771.0,1,8766.0
OI411,,13:40:12.0#,8725.0,8808.0,8695.0,9178.0,8138.0,24857,31363,8759.0,5,8760.0,2,8762.0,15,8763.0,31,8764.0,13,8766.0,19,8767.0,15,8768.0,25,8769.0,1,8770.0,1,8766.0
OI411,,13:40:12.250#,8725.0,8808.0,8695.0,9178.0,8138.0,24857,31363,8758.0,10,8760.0,2,8762.0,15,8763.0,31,8764.0,13,8766.0,19,8767.0,15,8768.0,25,8769.0,1,8770.0,6,8766.0
OI411,,13:40:12.500#,8725.0,8808.0,8695.0,9178.0,8138.0,24857,31363,8758.0,10,8760.0,2,8762.0,10,8763.0,36,8764.0,12,8766.0,19,8767.0,15,8768.0,25,8769.0,1,8770.0,6,8766.0
OI411,,13:40:12.750#,8725.0,8808.0,8695.0,9178.0,8138.0,24857,31363,8756.0,1,8758.0,10,8760.0,2,8762.0,20,8763.0,38,8765.0,4,8766.0,3,8767.0,25,8768.0,15,8769.0,1,8766.0
OI411,,13:40:13.0#,8725.0,8808.0,8695.0,9178.0,8138.0,24859,31361,8760.0,7,8761.0,5,8762.0,15,8763.0,23,8764.0,8,8765.0,9,8766.0,8,8767.0,25,8768.0,5,8769.0,1,8765.0
OI411,,13:40:13.250#,8725.0,8808.0,8695.0,9178.0,8138.0,24861,31361,8758.0,10,8760.0,2,8762.0,25,8763.0,18,8764.0,6,8766.0,26,8767.0,30,8769.0,1,8770.0,6,8771.0,1,8765.0
OI411,,13:40:13.500#,8725.0,8808.0,8695.0,9178.0,8138.0,24864,31359,8757.0,5,8758.0,5,8760.0,2,8762.0,30,8763.0,24,8765.0,16,8766.0,3,8767.0,30,8768.0,10,8769.0,6,8764.0
OI411,,13:40:13.750#,8725.0,8808.0,8695.0,9178.0,8138.0,24868,31355,8759.0,5,8760.0,2,8761.0,10,8762.0,30,8763.0,2,8764.0,11,8766.0,16,8767.0,25,8769.0,1,8770.0,1,8763.0
OI411,,13:40:14.0#,8725.0,8808.0,8695.0,9178.0,8138.0,24883,31350,8757.0,5,8758.0,5,8760.0,7,8761.0,20,8763.0,6,8765.0,21,8766.0,21,8767.0,5,8769.0,6,8771.0,1,8762.0
OI411,,13:40:14.250#,8725.0,8808.0,8695.0,9178.0,8138.0,24885,31350,8758.0,10,8760.0,2,8761.0,15,8762.0,5,8763.0,9,8765.0,1,8766.0,16,8767.0,5,8769.0,2,8770.0,5,8765.0
OI411,,13:40:14.500#,8725.0,8808.0,8695.0,9178.0,8138.0,24887,31350,8760.0,2,8761.0,10,8762.0,15,8763.0,4,8764.0,4,8766.0,20,8767.0,15,8769.0,2,8770.0,10,8771.0,1,8764.0
OI411,,13:40:14.750#,8725.0,8808.0,8695.0,9178.0,8138.0,24889,31348,8759.0,5,8760.0,2,8761.0,10,8762.0,5,8763.0,16,8766.0,21,8767.0,15,8768.0,5,8769.0,2,8771.0,6,8764.0
OI411,,13:40:15.0#,8725.0,8808.0,8695.0,9178.0,8138.0,24890,31348,8758.0,10,8760.0,2,8761.0,5,8762.0,20,8763.0,7,8764.0,1,8765.0,2,8766.0,3,8767.0,25,8769.0,2,8763.0
OI411,,13:40:15.250#,8725.0,8808.0,8695.0,9178.0,8138.0,24891,31348,8758.0,10,8760.0,7,8761.0,10,8762.0,10,8763.0,6,8765.0,18,8766.0,13,8767.0,10,8769.0,2,8770.0,5,8764.0
OI411,,13:40:15.500#,8725.0,8808.0,8695.0,9178.0,8138.0,24891,31348,8758.0,10,8760.0,7,8761.0,5,8762.0,15,8763.0,6,8764.0,1,8765.0,4,8766.0,11,8767.0,15,8769.0,2,8764.0
OI411,,13:40:15.750#,8725.0,8808.0,8695.0,9178.0,8138.0,24891,31348,8756.0,1,8758.0,10,8760.0,2,8761.0,25,8763.0,1,8765.0,16,8766.0,21,8767.0,5,8769.0,2,8770.0,5,8764.0
OI411,,13:40:16.0#,8725.0,8808.0,8695.0,9178.0,8138.0,24891,31348,8758.0,10,8759.0,5,8760.0,2,8761.0,20,8764.0,8,8765.0,2,8766.0,26,8769.0,2,8770.0,5,8771.0,1,8764.0
OI411,,13:40:16.250#,8725.0,8808.0,8695.0,9178.0,8138.0,24891,31348,8760.0,2,8761.0,10,8762.0,10,8763.0,5,8764.0,11,8766.0,8,8767.0,10,8768.0,5,8769.0,7,8771.0,6,8764.0
OI411,,13:40:16.500#,8725.0,8808.0,8695.0,9178.0,8138.0,24893,31346,8759.0,10,8760.0,2,8761.0,5,8762.0,10,8763.0,10,8764.0,10,8766.0,3,8767.0,10,8768.0,10,8769.0,7,8764.0
OI411,,13:40:16.750#,8725.0,8808.0,8695.0,9178.0,8138.0,24895,31346,8758.0,15,8759.0,5,8760.0,12,8761.0,15,8764.0,2,8765.0,12,8766.0,6,8767.0,10,8768.0,5,8769.0,2,8764.0
OI411,,13:40:17.0#,8725.0,8808.0,8695.0,9178.0,8138.0,24895,31346,8760.0,7,8761.0,10,8762.0,10,8763.0,5,8764.0,2,8765.0,2,8766.0,6,8767.0,20,8768.0,5,8769.0,2,8764.0
OI411,,13:40:17.250#,8725.0,8808.0,8695.0,9178.0,8138.0,24899,31344,8759.0,5,8760.0,7,8761.0,10,8762.0,10,8763.0,9,8765.0,7,8766.0,6,8767.0,15,8768.0,5,8769.0,2,8764.0
OI411,,13:40:17.500#,8725.0,8808.0,8695.0,9178.0,8138.0,24899,31344,8758.0,10,8760.0,7,8761.0,15,8762.0,10,8763.0,20,8764.0,1,8765.0,2,8766.0,11,8767.0,20,8769.0,2,8764.0
OI411,,13:40:17.750#,8725.0,8808.0,8695.0,9178.0,8138.0,24899,31344,8760.0,2,8761.0,10,8762.0,20,8763.0,2,8764.0,16,8765.0,5,8766.0,6,8767.0,25,8769.0,2,8770.0,5,8764.0
OI411,,13:40:18.0#,8725.0,8808.0,8695.0,9178.0,8138.0,24901,31342,8759.0,5,8760.0,2,8762.0,30,8763.0,7,8764.0,6,8765.0,3,8766.0,1,8767.0,30,8768.0,5,8769.0,2,8765.0
OI411,,13:40:18.250#,8725.0,8808.0,8695.0,9178.0,8138.0,24902,31342,8758.0,5,8759.0,5,8760.0,2,8762.0,35,8764.0,3,8765.0,8,8766.0,1,8767.0,30,8768.0,5,8769.0,2,8764.0
OI411,,13:40:18.500#,8725.0,8808.0,8695.0,9178.0,8138.0,24903,31342,8760.0,2,8761.0,5,8762.0,25,8763.0,5,8764.0,18,8766.0,17,8767.0,30,8769.0,2,8770.0,5,8771.0,1,8764.0
OI411,,13:40:18.750#,8725.0,8808.0,8695.0,9178.0,8138.0,24903,31342,8758.0,5,8760.0,7,8762.0,20,8763.0,15,8764.0,18,8766.0,14,8767.0,25,8768.0,10,8769.0,2,8771.0,1,8764.0
OI411,,13:40:19.0#,8725.0,8808.0,8695.0,9178.0,8138.0,24903,31342,8758.0,5,8760.0,7,8762.0,15,8763.0,20,8764.0,23,8766.0,14,8767.0,30,8768.0,5,8769.0,2,8771.0,1,8764.0
OI411,,13:40:19.250#,8725.0,8808.0,8695.0,9178.0,8138.0,24903,31342,8758.0,5,8760.0,7,8762.0,5,8763.0,30,8764.0,14,8766.0,13,8767.0,25,8768.0,10,8769.0,2,8771.0,1,8764.0
OI411,,13:40:19.500#,8725.0,8808.0,8695.0,9178.0,8138.0,24903,31342,8759.0,5,8760.0,2,8762.0,10,8763.0,30,8764.0,14,8766.0,13,8767.0,30,8768.0,10,8769.0,2,8771.0,6,8764.0
OI411,,13:40:19.750#,8725.0,8808.0,8695.0,9178.0,8138.0,24903,31342,8758.0,5,8760.0,7,8762.0,10,8763.0,30,8764.0,13,8766.0,10,8767.0,30,8768.0,10,8769.0,2,8771.0,1,8764.0
OI411,,13:40:20.0#,8725.0,8808.0,8695.0,9178.0,8138.0,24905,31342,8758.0,5,8760.0,7,8762.0,10,8763.0,30,8765.0,3,8766.0,7,8767.0,30,8768.0,10,8769.0,2,8771.0,1,8764.0
OI411,,13:40:20.250#,8725.0,8808.0,8695.0,9178.0,8138.0,24905,31342,8759.0,5,8760.0,2,8762.0,5,8763.0,30,8764.0,21,8765.0,4,8766.0,2,8767.0,20,8768.0,15,8769.0,7,8764.0
OI411,,13:40:20.500#,8725.0,8808.0,8695.0,9178.0,8138.0,24905,31342,8760.0,7,8761.0,5,8762.0,15,8763.0,20,8764.0,16,8765.0,5,8766.0,7,8767.0,30,8768.0,5,8769.0,2,8764.0
OI411,,13:40:20.750#,8725.0,8808.0,8695.0,9178.0,8138.0,24905,31342,8758.0,5,8760.0,7,8762.0,20,8763.0,20,8764.0,16,8765.0,4,8766.0,2,8767.0,40,8769.0,2,8771.0,1,8764.0
OI411,,13:40:21.0#,8725.0,8808.0,8695.0,9178.0,8138.0,24905,31342,8758.0,5,8760.0,7,8762.0,20,8763.0,20,8764.0,16,8765.0,3,8766.0,2,8767.0,40,8769.0,2,8771.0,1,8764.0
OI411,,13:40:21.250#,8725.0,8808.0,8695.0,9178.0,8138.0,24907,31340,8758.0,5,8760.0,7,8762.0,20,8763.0,20,8764.0,16,8766.0,14,8767.0,40,8769.0,2,8771.0,1,8772.0,5,8765.0
OI411,,13:40:21.500#,8725.0,8808.0,8695.0,9178.0,8138.0,24907,31340,8759.0,5,8760.0,2,8762.0,5,8763.0,35,8765.0,4,8766.0,5,8767.0,25,8768.0,15,8769.0,2,8771.0,6,8765.0
OI411,,13:40:21.750#,8725.0,8808.0,8695.0,9178.0,8138.0,24907,31340,8759.0,5,8760.0,2,8762.0,5,8763.0,35,8765.0,2,8766.0,5,8767.0,15,8768.0,25,8769.0,2,8771.0,6,8765.0
OI411,,13:40:22.0#,8725.0,8808.0,8695.0,9178.0,8138.0,24907,31340,8759.0,5,8760.0,2,8762.0,5,8763.0,35,8765.0,1,8766.0,5,8767.0,15,8768.0,25,8769.0,2,8771.0,6,8765.0
OI411,,13:40:22.250#,8725.0,8808.0,8695.0,9178.0,8138.0,24907,31340,8759.0,5,8760.0,2,8762.0,5,8763.0,35,8765.0,6,8766.0,5,8767.0,15,8768.0,25,8769.0,2,8771.0,6,8765.0
OI411,,13:40:22.500#,8725.0,8808.0,8695.0,9178.0,8138.0,24907,31340,8758.0,5,8760.0,7,8762.0,5,8763.0,35,8765.0,5,8766.0,5,8767.0,15,8768.0,25,8769.0,2,8771.0,1,8765.0
OI411,,13:40:22.750#,8725.0,8808.0,8695.0,9178.0,8138.0,24908,31340,8760.0,7,8762.0,5,8763.0,30,8764.0,5,8765.0,6,8766.0,3,8767.0,15,8768.0,25,8769.0,1,8771.0,1,8766.0
OI411,,13:40:23.0#,8725.0,8808.0,8695.0,9178.0,8138.0,24909,31340,8758.0,5,8760.0,7,8763.0,35,8764.0,5,8765.0,5,8767.0,22,8768.0,30,8769.0,1,8771.0,1,8772.0,5,8766.0
OI411,,13:40:23.250#,8725.0,8808.0,8695.0,9178.0,8138.0,24909,31340,8756.0,1,8758.0,10,8760.0,2,8763.0,40,8765.0,4,8767.0,17,8768.0,35,8769.0,1,8770.0,5,8771.0,1,8766.0
OI411,,13:40:23.500#,8725.0,8808.0,8695.0,9178.0,8138.0,24909,31340,8756.0,1,8758.0,10,8760.0,2,8763.0,40,8764.0,14,8766.0,9,8767.0,5,8768.0,35,8769.0,1,8770.0,5,8766.0
OI411,,13:40:23.750#,8725.0,8808.0,8695.0,9178.0,8138.0,24909,31340,8760.0,7,8762.0,5,8763.0,35,8764.0,2,8765.0,14,8766.0,3,8767.0,10,8768.0,30,8769.0,1,8771.0,1,8766.0
OI411,,13:40:24.0#,8725.0,8808.0,8695.0,9178.0,8138.0,24912,31337,8760.0,2,8761.0,5,8763.0,35,8764.0,7,8765.0,14,8767.0,15,8768.0,30,8769.0,6,8771.0,1,8773.0,5,8766.0
OI411,,13:40:24.250#,8725.0,8808.0,8695.0,9178.0,8138.0,24912,31337,8759.0,5,8760.0,2,8763.0,30,8764.0,12,8765.0,14,8767.0,15,8768.0,30,8769.0,6,8771.0,6,8777.0,1,8766.0
OI411,,13:40:24.500#,8725.0,8808.0,8695.0,9178.0,8138.0,24912,31337,8759.0,5,8760.0,2,8763.0,30,8764.0,12,8765.0,14,8767.0,15,8768.0,35,8769.0,1,8771.0,6,8777.0,1,8766.0
OI411,,13:40:24.750#,8725.0,8808.0,8695.0,9178.0,8138.0,24912,31337,8759.0,5,8760.0,2,8763.0,30,8764.0,12,8765.0,15,8767.0,15,8768.0,30,8769.0,6,8771.0,6,8777.0,1,8766.0
OI411,,13:40:25.0#,8725.0,8808.0,8695.0,9178.0,8138.0,24912,31337,8760.0,2,8761.0,5,8763.0,20,8764.0,22,8765.0,15,8767.0,15,8768.0,25,8769.0,11,8771.0,1,8773.0,5,8766.0
OI411,,13:40:25.250#,8725.0,8808.0,8695.0,9178.0,8138.0,24912,31337,8760.0,2,8761.0,5,8763.0,10,8764.0,32,8765.0,15,8767.0,15,8768.0,20,8769.0,16,8771.0,1,8773.0,5,8766.0
OI411,,13:40:25.500#,8725.0,8808.0,8695.0,9178.0,8138.0,24912,31337,8760.0,2,8761.0,5,8763.0,15,8764.0,27,8765.0,15,8767.0,10,8768.0,30,8769.0,11,8771.0,1,8773.0,5,8766.0
OI411,,13:40:25.750#,8725.0,8808.0,8695.0,9178.0,8138.0,24912,31337,8760.0,2,8761.0,5,8763.0,10,8764.0,32,8765.0,14,8767.0,10,8768.0,30,8769.0,11,8771.0,1,8773.0,5,8766.0
OI411,,13:40:26.500#,8725.0,8808.0,8695.0,9178.0,8138.0,24912,31337,8760.0,2,8761.0,5,8763.0,5,8764.0,37,8765.0,14,8767.0,10,8768.0,25,8769.0,16,8771.0,1,8773.0,5,8766.0
OI411,,13:40:26.750#,8725.0,8808.0,8695.0,9178.0,8138.0,24912,31337,8760.0,2,8761.0,5,8763.0,5,8764.0,37,8765.0,14,8766.0,1,8768.0,30,8769.0,11,8771.0,1,8773.0,5,8766.0
OI411,,13:40:27.0#,8725.0,8808.0,8695.0,9178.0,8138.0,24912,31337,8760.0,2,8761.0,5,8763.0,15,8764.0,27,8765.0,19,8767.0,10,8768.0,35,8769.0,6,8771.0,1,8773.0,5,8766.0
OI411,,13:40:27.250#,8725.0,8808.0,8695.0,9178.0,8138.0,24912,31337,8760.0,2,8761.0,5,8763.0,5,8764.0,37,8765.0,18,8767.0,10,8768.0,30,8769.0,11,8771.0,1,8773.0,5,8766.0
OI411,,13:40:27.500#,8725.0,8808.0,8695.0,9178.0,8138.0,24912,31337,8760.0,2,8761.0,5,8763.0,5,8764.0,37,8765.0,14,8767.0,10,8768.0,25,8769.0,16,8771.0,1,8773.0,5,8766.0
OI411,,13:40:27.750#,8725.0,8808.0,8695.0,9178.0,8138.0,24912,31337,8760.0,2,8761.0,5,8763.0,5,8764.0,30,8765.0,21,8767.0,10,8768.0,20,8769.0,16,8771.0,1,8773.0,5,8766.0
OI411,,13:40:28.0#,8725.0,8808.0,8695.0,9178.0,8138.0,24924,31335,8760.0,2,8762.0,5,8763.0,5,8764.0,30,8765.0,21,8767.0,21,8768.0,20,8769.0,16,8771.0,1,8774.0,5,8767.0
OI411,,13:40:28.250#,8725.0,8808.0,8695.0,9178.0,8138.0,24930,31329,8760.0,2,8761.0,5,8764.0,35,8765.0,2,8766.0,4,8767.0,19,8768.0,25,8769.0,11,8771.0,1,8773.0,5,8767.0
OI411,,13:40:28.500#,8725.0,8808.0,8695.0,9178.0,8138.0,24930,31329,8759.0,5,8760.0,2,8764.0,35,8765.0,2,8766.0,4,8767.0,19,8768.0,25,8769.0,11,8771.0,6,8777.0,1,8767.0
OI411,,13:40:28.750#,8725.0,8808.0,8695.0,9178.0,8138.0,24930,31329,8759.0,5,8760.0,2,8763.0,5,8764.0,30,8766.0,4,8767.0,19,8768.0,30,8769.0,6,8771.0,6,8777.0,1,8767.0
OI411,,13:40:29.0#,8725.0,8808.0,8695.0,9178.0,8138.0,24934,31332,8763.0,5,8764.0,30,8765.0,5,8766.0,4,8767.0,1,8768.0,42,8769.0,16,8771.0,6,8777.0,1,8778.0,1,8767.0
OI411,,13:40:29.250#,8725.0,8808.0,8695.0,9178.0,8138.0,24935,31333,8758.0,5,8760.0,7,8764.0,25,8765.0,5,8766.0,28,8768.0,14,8769.0,25,8770.0,5,8771.0,6,8772.0,5,8767.0
OI411,,13:40:29.500#,8725.0,8808.0,8695.0,9178.0,8138.0,24935,31333,8760.0,2,8762.0,5,8764.0,5,8765.0,25,8766.0,30,8768.0,4,8769.0,20,8770.0,15,8771.0,1,8772.0,1,8767.0
OI411,,13:40:29.750#,8725.0,8808.0,8695.0,9178.0,8138.0,24935,31333,8758.0,5,8760.0,2,8763.0,5,8765.0,30,8766.0,29,8768.0,5,8769.0,15,8770.0,20,8771.0,1,8772.0,1,8767.0
OI411,,13:40:30.0#,8725.0,8808.0,8695.0,9178.0,8138.0,24935,31333,8760.0,2,8763.0,5,8765.0,35,8766.0,6,8767.0,7,8768.0,1,8769.0,15,8770.0,20,8771.0,1,8772.0,1,8767.0
OI411,,13:40:30.250#,8725.0,8808.0,8695.0,9178.0,8138.0,24935,31333,8760.0,1,8762.0,5,8765.0,30,8766.0,11,8767.0,15,8769.0,20,8770.0,25,8771.0,6,8772.0,1,8774.0,5,8767.0
OI411,,13:40:30.500#,8725.0,8808.0,8695.0,9178.0,8138.0,24935,31333,8760.0,1,8761.0,5,8763.0,1,8765.0,30,8766.0,30,8769.0,20,8770.0,30,8771.0,6,8772.0,1,8773.0,5,8767.0
OI411,,13:40:30.750#,8725.0,8808.0,8695.0,9178.0,8138.0,24935,31333,8762.0,5,8763.0,1,8765.0,35,8766.0,11,8767.0,8,8769.0,20,8770.0,35,8771.0,1,8772.0,1,8774.0,5,8767.0
OI411,,13:40:31.0#,8725.0,8808.0,8695.0,9178.0,8138.0,24935,31333,8761.0,5,8763.0,1,8765.0,30,8766.0,16,8767.0,9,8769.0,15,8770.0,35,8771.0,6,8772.0,1,8773.0,5,8767.0
OI411,,13:40:31.250#,8725.0,8808.0,8695.0,9178.0,8138.0,24935,31333,8761.0,5,8763.0,1,8765.0,35,8766.0,11,8767.0,7,8769.0,15,8770.0,35,8771.0,6,8772.0,1,8773.0,5,8767.0
OI411,,13:40:31.500#,8725.0,8808.0,8695.0,9178.0,8138.0,24935,31333,8761.0,5,8763.0,1,8765.0,35,8766.0,11,8767.0,11,8769.0,15,8770.0,35,8771.0,6,8772.0,1,8773.0,5,8767.0
OI411,,13:40:31.750#,8725.0,8808.0,8695.0,9178.0,8138.0,24935,31333,8761.0,5,8763.0,1,8765.0,40,8766.0,6,8767.0,6,8769.0,15,8770.0,40,8771.0,1,8772.0,1,8773.0,5,8767.0
OI411,,13:40:32.0#,8725.0,8808.0,8695.0,9178.0,8138.0,24935,31333,8761.0,5,8763.0,1,8765.0,40,8766.0,6,8767.0,19,8769.0,16,8770.0,40,8771.0,1,8772.0,1,8773.0,5,8767.0
OI411,,13:40:32.250#,8725.0,8808.0,8695.0,9178.0,8138.0,24935,31333,8762.0,5,8763.0,1,8765.0,20,8766.0,24,8767.0,19,8769.0,15,8770.0,25,8771.0,16,8772.0,1,8774.0,5,8767.0
OI411,,13:40:32.500#,8725.0,8808.0,8695.0,9178.0,8138.0,24935,31333,8758.0,5,8760.0,1,8763.0,6,8766.0,44,8767.0,18,8769.0,15,8770.0,25,8771.0,16,8772.0,1,8775.0,5,8767.0
OI411,,13:40:33.0#,8725.0,8808.0,8695.0,9178.0,8138.0,24935,31333,8760.0,1,8763.0,6,8765.0,5,8766.0,39,8767.0,16,8769.0,15,8770.0,30,8771.0,11,8772.0,1,8775.0,5,8767.0
OI411,,13:40:33.250#,8725.0,8808.0,8695.0,9178.0,8138.0,24935,31333,8760.0,1,8763.0,6,8765.0,5,8766.0,39,8767.0,14,8769.0,15,8770.0,30,8771.0,11,8772.0,1,8775.0,5,8767.0
OI411,,13:40:33.500#,8725.0,8808.0,8695.0,9178.0,8138.0,24935,31333,8762.0,5,8763.0,1,8765.0,10,8766.0,34,8767.0,11,8769.0,15,8770.0,35,8771.0,6,8772.0,1,8774.0,5,8767.0
OI411,,13:40:33.750#,8725.0,8808.0,8695.0,9178.0,8138.0,24935,31333,8761.0,5,8763.0,1,8765.0,25,8766.0,19,8767.0,10,8769.0,16,8770.0,40,8771.0,1,8772.0,1,8773.0,5,8767.0
OI411,,13:40:34.0#,8725.0,8808.0,8695.0,9178.0,8138.0,24935,31333,8761.0,5,8763.0,1,8765.0,35,8766.0,9,8767.0,14,8769.0,16,8770.0,40,8771.0,1,8772.0,1,8773.0,5,8767.0
OI411,,13:40:34.250#,8725.0,8808.0,8695.0,9178.0,8138.0,24935,31333,8761.0,5,8763.0,1,8765.0,25,8766.0,19,8767.0,7,8769.0,16,8770.0,40,8771.0,1,8772.0,1,8773.0,5,8767.0
OI411,,13:40:34.500#,8725.0,8808.0,8695.0,9178.0,8138.0,24935,31333,8761.0,5,8763.0,1,8765.0,30,8766.0,14,8767.0,10,8769.0,16,8770.0,40,8771.0,1,8772.0,1,8773.0,5,8767.0
OI411,,13:40:34.750#,8725.0,8808.0,8695.0,9178.0,8138.0,24935,31333,8761.0,5,8763.0,1,8765.0,35,8766.0,9,8767.0,10,8769.0,16,8770.0,40,8771.0,1,8772.0,1,8773.0,5,8767.0
OI411,,13:40:35.0#,8725.0,8808.0,8695.0,9178.0,8138.0,24935,31333,8761.0,5,8763.0,1,8765.0,40,8766.0,4,8767.0,10,8769.0,14,8770.0,40,8771.0,1,8772.0,1,8773.0,5,8767.0
OI411,,13:40:35.250#,8725.0,8808.0,8695.0,9178.0,8138.0,24935,31333,8760.0,1,8761.0,5,8763.0,1,8765.0,35,8766.0,23,8767.0,1,8770.0,40,8771.0,1,8772.0,1,8773.0,5,8767.0
OI411,,13:40:35.500#,8725.0,8808.0,8695.0,9178.0,8138.0,24935,31333,8762.0,5,8763.0,1,8764.0,15,8765.0,25,8766.0,22,8768.0,9,8769.0,10,8770.0,25,8771.0,1,8772.0,1,8767.0
OI411,,13:40:35.750#,8725.0,8808.0,8695.0,9178.0,8138.0,24935,31333,8760.0,1,8762.0,5,8763.0,1,8765.0,40,8766.0,21,8768.0,1,8769.0,5,8770.0,35,8771.0,1,8772.0,1,8767.0
OI411,,13:40:36.0#,8725.0,8808.0,8695.0,9178.0,8138.0,24935,31333,8758.0,5,8760.0,1,8763.0,6,8765.0,40,8766.0,20,8768.0,10,8769.0,5,8770.0,35,8771.0,1,8772.0,1,8767.0
OI411,,13:40:36.250#,8725.0,8808.0,8695.0,9178.0,8138.0,24935,31333,8762.0,5,8763.0,1,8764.0,5,8765.0,35,8766.0,20,8768.0,13,8769.0,10,8770.0,30,8771.0,1,8772.0,1,8767.0
OI411,,13:40:36.500#,8725.0,8808.0,8695.0,9178.0,8138.0,24935,31333,8762.0,5,8763.0,1,8764.0,5,8765.0,35,8766.0,20,8768.0,13,8769.0,15,8770.0,25,8771.0,1,8772.0,1,8767.0
OI411,,13:40:36.750#,8725.0,8808.0,8695.0,9178.0,8138.0,24935,31333,8760.0,1,8762.0,5,8763.0,1,8765.0,40,8766.0,20,8768.0,12,8769.0,10,8770.0,30,8771.0,1,8772.0,1,8767.0
OI411,,13:40:37.0#,8725.0,8808.0,8695.0,9178.0,8138.0,24935,31333,8762.0,5,8763.0,1,8764.0,5,8765.0,35,8766.0,20,8768.0,10,8769.0,15,8770.0,25,8771.0,1,8772.0,1,8767.0
OI411,,13:40:37.250#,8725.0,8808.0,8695.0,9178.0,8138.0,24935,31333,8760.0,1,8762.0,5,8763.0,1,8765.0,40,8766.0,20,8768.0,8,8769.0,10,8770.0,30,8771.0,1,8772.0,1,8767.0
OI411,,13:40:37.500#,8725.0,8808.0,8695.0,9178.0,8138.0,24935,31333,8760.0,1,8763.0,6,8764.0,5,8765.0,35,8766.0,20,8769.0,31,8770.0,25,8771.0,1,8772.0,1,8775.0,5,8767.0
OI411,,13:40:37.750#,8725.0,8808.0,8695.0,9178.0,8138.0,24935,31333,8761.0,5,8763.0,1,8765.0,40,8766.0,6,8767.0,3,8768.0,1,8769.0,5,8770.0,35,8771.0,1,8772.0,1,8767.0
OI411,,13:40:38.0#,8725.0,8808.0,8695.0,9178.0,8138.0,24935,31333,8760.0,1,8762.0,5,8763.0,1,8765.0,40,8766.0,20,8768.0,6,8770.0,40,8771.0,1,8772.0,1,8774.0,5,8767.0
OI411,,13:40:38.250#,8725.0,8808.0,8695.0,9178.0,8138.0,24935,31333,8760.0,1,8763.0,6,8764.0,5,8765.0,35,8766.0,23,8768.0,15,8769.0,10,8770.0,30,8771.0,1,8772.0,1,8767.0
OI411,,13:40:38.500#,8725.0,8808.0,8695.0,9178.0,8138.0,24935,31333,8760.0,1,8762.0,5,8763.0,1,8765.0,40,8766.0,23,8768.0,15,8769.0,5,8770.0,35,8771.0,1,8772.0,1,8767.0
OI411,,13:40:38.750#,8725.0,8808.0,8695.0,9178.0,8138.0,24935,31333,8762.0,5,8763.0,1,8764.0,5,8765.0,35,8766.0,23,8768.0,15,8769.0,15,8770.0,25,8771.0,1,8772.0,1,8767.0
OI411,,13:40:39.0#,8725.0,8808.0,8695.0,9178.0,8138.0,24935,31333,8760.0,1,8762.0,5,8763.0,1,8765.0,40,8766.0,23,8768.0,9,8769.0,15,8770.0,25,8771.0,1,8772.0,1,8767.0
OI411,,13:40:39.250#,8725.0,8808.0,8695.0,9178.0,8138.0,24935,31333,8760.0,1,8762.0,5,8763.0,1,8765.0,40,8766.0,23,8768.0,2,8769.0,15,8770.0,25,8771.0,1,8772.0,1,8767.0
OI411,,13:40:39.500#,8725.0,8808.0,8695.0,9178.0,8138.0,24935,31333,8758.0,5,8760.0,1,8763.0,6,8765.0,40,8766.0,23,8768.0,16,8769.0,20,8770.0,20,8771.0,1,8772.0,1,8767.0
OI411,,13:40:39.750#,8725.0,8808.0,8695.0,9178.0,8138.0,24935,31333,8762.0,5,8763.0,1,8764.0,10,8765.0,30,8766.0,16,8767.0,1,8769.0,30,8770.0,10,8771.0,1,8772.0,1,8767.0
OI411,,13:40:40.0#,8725.0,8808.0,8695.0,9178.0,8138.0,24935,31333,8762.0,5,8763.0,1,8764.0,15,8765.0,25,8766.0,14,8768.0,16,8769.0,35,8770.0,5,8771.0,1,8772.0,1,8767.0
OI411,,13:40:40.250#,8725.0,8808.0,8695.0,9178.0,8138.0,24935,31333,8760.0,6,8763.0,1,8764.0,15,8765.0,25,8766.0,21,8768.0,13,8769.0,40,8771.0,1,8772.0,6,8777.0,1,8767.0
OI411,,13:40:40.500#,8725.0,8808.0,8695.0,9178.0,8138.0,24935,31333,8760.0,1,8761.0,5,8763.0,1,8765.0,40,8766.0,21,8768.0,16,8769.0,15,8770.0,25,8771.0,1,8772.0,1,8767.0
OI411,,13:40:40.750#,8725.0,8808.0,8695.0,9178.0,8138.0,24935,31333,8760.0,1,8762.0,5,8763.0,1,8765.0,40,8766.0,21,8768.0,14,8769.0,15,8770.0,25,8771.0,1,8772.0,1,8767.0
OI411,,13:40:41.250#,8725.0,8808.0,8695.0,9178.0,8138.0,24935,31333,8760.0,1,8762.0,5,8763.0,1,8765.0,40,8766.0,21,8768.0,16,8769.0,15,8770.0,25,8771.0,1,8772.0,1,8767.0
OI411,,13:40:41.500#,8725.0,8808.0,8695.0,9178.0,8138.0,24935,31333,8760.0,1,8762.0,5,8763.0,1,8765.0,40,8766.0,21,8768.0,16,8769.0,20,8770.0,20,8771.0,1,8772.0,1,8767.0
OI411,,13:40:41.750#,8725.0,8808.0,8695.0,9178.0,8138.0,24935,31333,8760.0,1,8762.0,5,8763.0,1,8765.0,40,8766.0,21,8768.0,13,8769.0,25,8770.0,15,8771.0,1,8772.0,1,8767.0
OI411,,13:40:42.250#,8725.0,8808.0,8695.0,9178.0,8138.0,24935,31333,8760.0,1,8762.0,5,8763.0,1,8765.0,40,8766.0,21,8768.0,12,8769.0,25,8770.0,15,8771.0,1,8772.0,1,8767.0
OI411,,13:40:42.500#,8725.0,8808.0,8695.0,9178.0,8138.0,24935,31333,8760.0,1,8762.0,5,8763.0,1,8765.0,40,8766.0,16,8767.0,1,8769.0,25,8770.0,15,8771.0,1,8772.0,1,8767.0
OI411,,13:40:43.0#,8725.0,8808.0,8695.0,9178.0,8138.0,24935,31333,8762.0,5,8763.0,1,8764.0,15,8765.0,25,8766.0,16,8767.0,1,8768.0,5,8769.0,25,8770.0,10,8771.0,1,8767.0
OI411,,13:40:43.250#,8725.0,8808.0,8695.0,9178.0,8138.0,24935,31333,8763.0,1,8764.0,10,8765.0,30,8766.0,2,8767.0,2,8768.0,1,8769.0,30,8770.0,10,8771.0,1,8772.0,1,8767.0
OI411,,13:40:43.500#,8725.0,8808.0,8695.0,9178.0,8138.0,24935,31333,8762.0,5,8763.0,1,8764.0,5,8765.0,30,8766.0,21,8768.0,3,8769.0,15,8770.0,20,8771.0,6,8772.0,1,8767.0
OI411,,13:40:43.750#,8725.0,8808.0,8695.0,9178.0,8138.0,24935,31333,8758.0,5,8760.0,1,8763.0,6,8765.0,40,8766.0,16,8767.0,1,8769.0,20,8770.0,20,8771.0,1,8772.0,1,8767.0
OI411,,13:40:44.0#,8725.0,8808.0,8695.0,9178.0,8138.0,24935,31333,8762.0,5,8763.0,1,8764.0,20,8765.0,20,8766.0,14,8767.0,1,8768.0,5,8769.0,25,8770.0,10,8771.0,1,8767.0
OI411,,13:40:44.250#,8725.0,8808.0,8695.0,9178.0,8138.0,24935,31333,8762.0,5,8763.0,1,8764.0,20,8765.0,20,8766.0,18,8768.0,16,8769.0,30,8770.0,10,8771.0,1,8772.0,1,8767.0
OI411,,13:40:44.500#,8725.0,8808.0,8695.0,9178.0,8138.0,24935,31333,8762.0,5,8763.0,1,8764.0,5,8765.0,35,8766.0,17,8768.0,16,8769.0,30,8770.0,10,8771.0,1,8772.0,1,8767.0
OI411,,13:40:44.750#,8725.0,8808.0,8695.0,9178.0,8138.0,24935,31333,8762.0,5,8763.0,1,8764.0,10,8765.0,30,8766.0,14,8767.0,1,8769.0,30,8770.0,10,8771.0,1,8772.0,1,8767.0
OI411,,13:40:45.0#,8725.0,8808.0,8695.0,9178.0,8138.0,24935,31333,8762.0,5,8763.0,1,8764.0,15,8765.0,25,8766.0,14,8768.0,16,8769.0,35,8770.0,5,8771.0,1,8772.0,1,8767.0
OI411,,13:40:45.250#,8725.0,8808.0,8695.0,9178.0,8138.0,24935,31333,8760.0,6,8763.0,1,8764.0,15,8765.0,25,8766.0,14,8768.0,16,8769.0,40,8771.0,1,8772.0,6,8777.0,1,8767.0
OI411,,13:40:47.750#,8725.0,8808.0,8695.0,9178.0,8138.0,24935,31333,8760.0,6,8763.0,1,8764.0,15,8765.0,25,8766.0,18,8768.0,11,8769.0,35,8770.0,5,8771.0,1,8772.0,6,8767.0
OI411,,13:40:48.0#,8725.0,8808.0,8695.0,9178.0,8138.0,24935,31333,8762.0,5,8763.0,1,8765.0,40,8766.0,2,8767.0,18,8768.0,1,8769.0,15,8770.0,25,8771.0,1,8772.0,1,8767.0
OI411,,13:40:48.250#,8725.0,8808.0,8695.0,9178.0,8138.0,24935,31333,8760.0,1,8763.0,6,8765.0,30,8766.0,10,8767.0,25,8769.0,26,8770.0,25,8771.0,6,8772.0,1,8775.0,5,8767.0
OI411,,13:40:48.500#,8725.0,8808.0,8695.0,9178.0,8138.0,24935,31333,8761.0,5,8763.0,1,8765.0,15,8766.0,20,8767.0,30,8769.0,26,8770.0,30,8771.0,1,8772.0,1,8773.0,5,8767.0
OI411,,13:40:48.750#,8725.0,8808.0,8695.0,9178.0,8138.0,24935,31333,8763.0,6,8765.0,5,8766.0,30,8767.0,11,8768.0,4,8770.0,46,8771.0,11,8772.0,1,8775.0,5,8777.0,1,8767.0
OI411,,13:40:49.0#,8725.0,8808.0,8695.0,9178.0,8138.0,24935,31333,8762.0,5,8763.0,1,8766.0,40,8767.0,11,8768.0,14,8769.0,1,8770.0,10,8771.0,31,8772.0,6,8774.0,5,8767.0
OI411,,13:40:49.250#,8725.0,8808.0,8695.0,9178.0,8138.0,24935,31333,8763.0,1,8764.0,5,8766.0,25,8767.0,21,8768.0,14,8769.0,1,8771.0,41,8772.0,1,8776.0,5,8777.0,1,8767.0
OI411,,13:40:49.500#,8725.0,8808.0,8695.0,9178.0,8138.0,24935,31333,8763.0,1,8764.0,5,8766.0,20,8767.0,26,8768.0,14,8770.0,16,8771.0,41,8772.0,1,8776.0,5,8777.0,1,8767.0
OI411,,13:40:49.750#,8725.0,8808.0,8695.0,9178.0,8138.0,24935,31333,8762.0,5,8763.0,1,8766.0,15,8767.0,29,8768.0,16,8770.0,16,8771.0,36,8772.0,6,8774.0,5,8777.0,1,8767.0
OI411,,13:40:50.0#,8725.0,8808.0,8695.0,9178.0,8138.0,24935,31333,8760.0,1,8763.0,6,8766.0,10,8767.0,34,8769.0,10,8771.0,47,8772.0,11,8775.0,5,8777.0,1,8778.0,1,8767.0
OI411,,13:40:50.250#,8725.0,8808.0,8695.0,9178.0,8138.0,24935,31333,8760.0,1,8763.0,6,8767.0,39,8768.0,5,8769.0,16,8771.0,22,8772.0,30,8773.0,5,8775.0,5,8777.0,1,8767.0
OI411,,13:40:50.500#,8725.0,8808.0,8695.0,9178.0,8138.0,24935,31333,8760.0,1,8763.0,6,8767.0,39,8768.0,5,8769.0,16,8771.0,17,8772.0,35,8773.0,5,8775.0,6,8777.0,1,8767.0
OI411,,13:40:50.750#,8725.0,8808.0,8695.0,9178.0,8138.0,24935,31333,8760.0,1,8763.0,6,8767.0,39,8768.0,5,8769.0,2,8770.0,15,8771.0,1,8772.0,40,8775.0,6,8777.0,1,8767.0
OI411,,13:40:51.0#,8725.0,8808.0,8695.0,9178.0,8138.0,24935,31333,8762.0,5,8763.0,1,8766.0,10,8767.0,34,8768.0,14,8770.0,13,8771.0,11,8772.0,30,8774.0,5,8775.0,1,8767.0
OI411,,13:40:51.250#,8725.0,8808.0,8695.0,9178.0,8138.0,24935,31333,8763.0,1,8764.0,5,8766.0,15,8767.0,29,8768.0,11,8770.0,11,8771.0,16,8772.0,25,8775.0,1,8776.0,5,8767.0
OI411,,13:40:51.500#,8725.0,8808.0,8695.0,9178.0,8138.0,24935,31333,8763.0,1,8764.0,5,8766.0,15,8767.0,29,8768.0,14,8770.0,3,8771.0,21,8772.0,20,8775.0,1,8776.0,5,8767.0
OI411,,13:40:51.750#,8725.0,8808.0,8695.0,9178.0,8138.0,24935,31333,8763.0,1,8764.0,5,8767.0,44,8768.0,2,8769.0,5,8770.0,1,8771.0,6,8772.0,35,8775.0,1,8776.0,5,8767.0
OI411,,13:40:52.0#,8725.0,8808.0,8695.0,9178.0,8138.0,24935,31333,8763.0,1,8765.0,5,8767.0,44,8768.0,2,8769.0,5,8771.0,22,8772.0,35,8775.0,1,8777.0,6,8778.0,1,8767.0
OI411,,13:40:52.250#,8725.0,8808.0,8695.0,9178.0,8138.0,24935,31333,8760.0,1,8763.0,6,8767.0,44,8768.0,2,8769.0,3,8771.0,17,8772.0,40,8775.0,6,8777.0,1,8778.0,1,8767.0
OI411,,13:40:52.500#,8725.0,8808.0,8695.0,9178.0,8138.0,24935,31333,8762.0,5,8763.0,1,8767.0,44,8768.0,2,8769.0,7,8771.0,17,8772.0,40,8774.0,5,8775.0,1,8777.0,1,8767.0
OI411,,13:40:52.750#,8725.0,8808.0,8695.0,9178.0,8138.0,24935,31333,8760.0,1,8763.0,6,8767.0,44,8768.0,2,8769.0,17,8771.0,17,8772.0,40,8775.0,6,8777.0,1,8778.0,1,8767.0
OI411,,13:40:53.0#,8725.0,8808.0,8695.0,9178.0,8138.0,24935,31333,8763.0,1,8764.0,10,8767.0,34,8768.0,7,8769.0,6,8771.0,17,8772.0,30,8773.0,5,8775.0,1,8776.0,10,8767.0
OI411,,13:40:53.250#,8725.0,8808.0,8695.0,9178.0,8138.0,24935,31333,8760.0,1,8763.0,6,8767.0,44,8768.0,2,8769.0,3,8771.0,17,8772.0,40,8775.0,6,8777.0,1,8778.0,1,8767.0
OI411,,13:40:53.500#,8725.0,8808.0,8695.0,9178.0,8138.0,24935,31333,8762.0,5,8763.0,1,8767.0,44,8768.0,2,8769.0,1,8770.0,11,8771.0,1,8772.0,40,8774.0,5,8775.0,1,8767.0
OI411,,13:40:53.750#,8725.0,8808.0,8695.0,9178.0,8138.0,24935,31333,8762.0,5,8763.0,1,8766.0,5,8767.0,39,8768.0,16,8770.0,5,8771.0,6,8772.0,35,8774.0,5,8775.0,1,8767.0
OI411,,13:40:54.0#,8725.0,8808.0,8695.0,9178.0,8138.0,24935,31333,8760.0,1,8763.0,1,8765.0,5,8767.0,44,8768.0,18,8770.0,2,8771.0,1,8772.0,40,8775.0,1,8777.0,6,8767.0
OI411,,13:40:54.250#,8725.0,8808.0,8695.0,9178.0,8138.0,24935,31333,8763.0,1,8765.0,5,8767.0,44,8768.0,2,8769.0,1,8771.0,17,8772.0,40,8775.0,1,8777.0,6,8778.0,1,8767.0
OI411,,13:40:54.500#,8725.0,8808.0,8695.0,9178.0,8138.0,24935,31333,8762.0,5,8763.0,1,8767.0,39,8768.0,7,8769.0,5,8771.0,17,8772.0,35,8773.0,5,8774.0,5,8775.0,1,8767.0
OI411,,13:40:54.750#,8725.0,8808.0,8695.0,9178.0,8138.0,24935,31333,8760.0,1,8763.0,6,8767.0,44,8768.0,2,8769.0,14,8771.0,17,8772.0,40,8775.0,6,8777.0,1,8778.0,1,8767.0
OI411,,13:40:55.0#,8725.0,8808.0,8695.0,9178.0,8138.0,24935,31333,8760.0,1,8763.0,6,8767.0,39,8768.0,5,8769.0,16,8771.0,17,8772.0,35,8773.0,5,8775.0,6,8777.0,1,8767.0
OI411,,13:40:55.250#,8725.0,8808.0,8695.0,9178.0,8138.0,24935,31333,8760.0,1,8763.0,6,8767.0,39,8768.0,5,8769.0,14,8771.0,17,8772.0,40,8775.0,6,8777.0,1,8778.0,1,8767.0
OI411,,13:40:55.500#,8725.0,8808.0,8695.0,9178.0,8138.0,24935,31333,8758.0,5,8760.0,1,8763.0,6,8767.0,44,8769.0,13,8771.0,17,8772.0,40,8775.0,6,8777.0,1,8778.0,1,8767.0
OI411,,13:40:55.750#,8725.0,8808.0,8695.0,9178.0,8138.0,24935,31333,8758.0,5,8760.0,1,8763.0,6,8767.0,44,8769.0,14,8771.0,17,8772.0,40,8775.0,6,8777.0,1,8778.0,1,8767.0
OI411,,13:40:56.0#,8725.0,8808.0,8695.0,9178.0,8138.0,24935,31333,8760.0,1,8763.0,6,8767.0,39,8768.0,5,8769.0,14,8771.0,17,8772.0,35,8773.0,5,8775.0,6,8777.0,1,8767.0
OI411,,13:40:56.250#,8725.0,8808.0,8695.0,9178.0,8138.0,24935,31333,8760.0,1,8763.0,6,8767.0,39,8768.0,5,8769.0,16,8771.0,17,8772.0,35,8773.0,5,8775.0,6,8777.0,1,8767.0
OI411,,13:40:56.500#,8725.0,8808.0,8695.0,9178.0,8138.0,24935,31333,8760.0,1,8763.0,6,8767.0,39,8768.0,5,8769.0,14,8771.0,17,8772.0,40,8775.0,6,8777.0,1,8778.0,1,8767.0
OI411,,13:40:56.750#,8725.0,8808.0,8695.0,9178.0,8138.0,24935,31333,8760.0,1,8763.0,6,8767.0,34,8768.0,10,8769.0,14,8771.0,17,8772.0,40,8775.0,6,8777.0,1,8778.0,1,8767.0
OI411,,13:40:57.0#,8725.0,8808.0,8695.0,9178.0,8138.0,24935,31333,8760.0,1,8763.0,6,8767.0,29,8768.0,15,8769.0,14,8771.0,17,8772.0,40,8775.0,6,8777.0,1,8778.0,1,8767.0
OI411,,13:40:57.250#,8725.0,8808.0,8695.0,9178.0,8138.0,24935,31333,8760.0,1,8763.0,6,8767.0,34,8768.0,10,8769.0,14,8771.0,17,8772.0,40,8775.0,6,8777.0,1,8778.0,1,8767.0
OI411,,13:40:57.500#,8725.0,8808.0,8695.0,9178.0,8138.0,24935,31333,8760.0,1,8763.0,6,8767.0,29,8768.0,15,8769.0,14,8771.0,17,8772.0,40,8775.0,6,8777.0,1,8778.0,1,8767.0
OI411,,13:40:57.750#,8725.0,8808.0,8695.0,9178.0,8138.0,24935,31333,8760.0,1,8763.0,6,8767.0,24,8768.0,20,8769.0,14,8771.0,17,8772.0,40,8775.0,6,8777.0,1,8778.0,1,8767.0
OI411,,13:40:58.500#,8725.0,8808.0,8695.0,9178.0,8138.0,24935,31333,8760.0,1,8763.0,6,8767.0,24,8768.0,20,8769.0,16,8771.0,4,8772.0,40,8775.0,6,8777.0,1,8778.0,1,8767.0
OI411,,13:40:58.750#,8725.0,8808.0,8695.0,9178.0,8138.0,24935,31333,8765.0,5,8767.0,4,8768.0,40,8769.0,2,8770.0,11,8771.0,1,8772.0,20,8773.0,20,8775.0,1,8777.0,6,8767.0
OI411,,13:40:59.0#,8725.0,8808.0,8695.0,9178.0,8138.0,24935,31333,8766.0,5,8767.0,4,8768.0,35,8769.0,7,8770.0,12,8771.0,1,8772.0,10,8773.0,25,8774.0,5,8775.0,1,8767.0
OI411,,13:40:59.250#,8725.0,8808.0,8695.0,9178.0,8138.0,24936,31333,8766.0,6,8767.0,4,8768.0,35,8769.0,7,8770.0,10,8772.0,26,8773.0,30,8775.0,1,8777.0,1,8778.0,6,8771.0
OI411,,13:40:59.500#,8725.0,8808.0,8695.0,9178.0,8138.0,24936,31333,8766.0,1,8767.0,4,8768.0,35,8769.0,7,8770.0,6,8772.0,16,8773.0,40,8775.0,1,8776.0,5,8777.0,1,8771.0
OI411,,13:40:59.750#,8725.0,8808.0,8695.0,9178.0,8138.0,24937,31333,8766.0,1,8767.0,4,8768.0,35,8769.0,7,8770.0,5,8771.0,1,8773.0,40,8775.0,1,8776.0,5,8777.0,1,8771.0
OI411,,13:41:00.0#,8725.0,8808.0,8695.0,9178.0,8138.0,24937,31333,8766.0,1,8767.0,4,8768.0,35,8769.0,7,8770.0,12,8772.0,16,8773.0,40,8775.0,1,8777.0,6,8778.0,1,8771.0
OI411,,13:41:00.250#,8725.0,8808.0,8695.0,9178.0,8138.0,24937,31333,8766.0,1,8767.0,4,8768.0,35,8769.0,5,8770.0,14,8772.0,18,8773.0,40,8775.0,1,8776.0,5,8777.0,1,8771.0
OI411,,13:41:00.500#,8725.0,8808.0,8695.0,9178.0,8138.0,24937,31333,8766.0,1,8767.0,4,8768.0,25,8769.0,15,8770.0,14,8772.0,17,8773.0,35,8774.0,5,8775.0,1,8776.0,5,8771.0
OI411,,13:41:00.750#,8725.0,8808.0,8695.0,9178.0,8138.0,24937,31333,8766.0,1,8767.0,4,8768.0,25,8769.0,15,8770.0,15,8772.0,18,8773.0,40,8775.0,1,8776.0,5,8777.0,1,8771.0
OI411,,13:41:01.0#,8725.0,8808.0,8695.0,9178.0,8138.0,24937,31333,8767.0,4,8768.0,25,8769.0,15,8770.0,2,8771.0,6,8772.0,2,8773.0,40,8775.0,1,8776.0,5,8777.0,1,8771.0
OI411,,13:41:01.250#,8725.0,8808.0,8695.0,9178.0,8138.0,24937,31333,8766.0,6,8768.0,15,8769.0,25,8770.0,2,8771.0,12,8773.0,33,8774.0,25,8775.0,1,8777.0,1,8778.0,6,8771.0
OI411,,13:41:01.500#,8725.0,8808.0,8695.0,9178.0,8138.0,24937,31333,8766.0,1,8768.0,5,8769.0,35,8770.0,2,8771.0,12,8773.0,33,8774.0,25,8775.0,1,8777.0,6,8778.0,1,8771.0
OI411,,13:41:01.750#,8725.0,8808.0,8695.0,9178.0,8138.0,24937,31333,8765.0,5,8766.0,1,8769.0,40,8770.0,2,8771.0,12,8773.0,23,8774.0,35,8775.0,1,8777.0,6,8778.0,1,8771.0
OI411,,13:41:02.0#,8725.0,8808.0,8695.0,9178.0,8138.0,24937,31333,8765.0,5,8766.0,1,8769.0,30,8770.0,10,8771.0,16,8773.0,18,8774.0,35,8775.0,6,8777.0,6,8778.0,1,8771.0
OI411,,13:41:02.250#,8725.0,8808.0,8695.0,9178.0,8138.0,24937,31333,8765.0,5,8766.0,1,8769.0,20,8770.0,20,8771.0,14,8773.0,16,8774.0,35,8775.0,6,8777.0,6,8778.0,1,8771.0
OI411,,13:41:02.500#,8725.0,8808.0,8695.0,9178.0,8138.0,24937,31333,8765.0,5,8766.0,1,8769.0,15,8770.0,25,8771.0,14,8773.0,18,8774.0,35,8775.0,6,8777.0,6,8778.0,1,8771.0
OI411,,13:41:02.750#,8725.0,8808.0,8695.0,9178.0,8138.0,24937,31333,8765.0,5,8766.0,1,8769.0,15,8770.0,25,8771.0,18,8773.0,11,8774.0,35,8775.0,6,8777.0,6,8778.0,1,8771.0
OI411,,13:41:03.0#,8725.0,8808.0,8695.0,9178.0,8138.0,24937,31333,8766.0,1,8767.0,5,8769.0,5,8770.0,35,8771.0,18,8773.0,16,8774.0,20,8775.0,21,8777.0,1,8778.0,1,8771.0
OI411,,13:41:03.250#,8725.0,8808.0,8695.0,9178.0,8138.0,24937,31333,8766.0,1,8767.0,5,8769.0,10,8770.0,30,8771.0,18,8773.0,18,8774.0,25,8775.0,16,8777.0,1,8778.0,1,8771.0
OI411,,13:41:03.500#,8725.0,8808.0,8695.0,9178.0,8138.0,24937,31333,8766.0,1,8767.0,5,8769.0,10,8770.0,30,8771.0,18,8773.0,18,8774.0,30,8775.0,11,8777.0,1,8778.0,1,8771.0
OI411,,13:41:04.0#,8725.0,8808.0,8695.0,9178.0,8138.0,24937,31333,8766.0,1,8767.0,5,8769.0,5,8770.0,35,8771.0,14,8773.0,18,8774.0,30,8775.0,11,8777.0,1,8778.0,1,8771.0
OI411,,13:41:04.250#,8725.0,8808.0,8695.0,9178.0,8138.0,24937,31333,8766.0,1,8769.0,10,8770.0,30,8771.0,2,8772.0,1,8773.0,3,8774.0,35,8775.0,6,8777.0,6,8778.0,1,8771.0
OI411,,13:41:04.500#,8725.0,8808.0,8695.0,9178.0,8138.0,24937,31333,8758.0,5,8760.0,1,8766.0,6,8770.0,35,8771.0,24,8773.0,4,8774.0,15,8775.0,20,8776.0,5,8777.0,1,8771.0
OI411,,13:41:04.750#,8725.0,8808.0,8695.0,9178.0,8138.0,24937,31333,8766.0,1,8768.0,5,8769.0,5,8770.0,35,8771.0,14,8772.0,1,8773.0,4,8774.0,15,8775.0,25,8777.0,2,8771.0
OI411,,13:41:05.0#,8725.0,8808.0,8695.0,9178.0,8138.0,24937,31333,8766.0,1,8767.0,5,8769.0,15,8770.0,25,8771.0,14,8772.0,1,8773.0,4,8774.0,30,8775.0,10,8777.0,2,8771.0
OI411,,13:41:05.250#,8725.0,8808.0,8695.0,9178.0,8138.0,24937,31333,8766.0,1,8767.0,5,8769.0,15,8770.0,25,8771.0,14,8773.0,20,8774.0,40,8777.0,2,8778.0,1,8779.0,5,8771.0
OI411,,13:41:05.500#,8725.0,8808.0,8695.0,9178.0,8138.0,24937,31333,8765.0,5,8766.0,1,8769.0,10,8770.0,30,8771.0,14,8772.0,1,8773.0,4,8774.0,40,8777.0,7,8778.0,1,8771.0
OI411,,13:41:05.750#,8725.0,8808.0,8695.0,9178.0,8138.0,24938,31333,8767.0,5,8769.0,10,8770.0,30,8771.0,2,8772.0,15,8773.0,1,8774.0,40,8777.0,2,8778.0,1,8779.0,5,8773.0
OI411,,13:41:06.0#,8725.0,8808.0,8695.0,9178.0,8138.0,24939,31333,8766.0,1,8767.0,5,8770.0,30,8771.0,10,8772.0,2,8773.0,15,8774.0,10,8775.0,25,8776.0,5,8777.0,2,8773.0
OI411,,13:41:06.250#,8725.0,8808.0,8695.0,9178.0,8138.0,24939,31333,8765.0,5,8766.0,1,8769.0,5,8770.0,35,8771.0,13,8773.0,17,8774.0,25,8775.0,15,8777.0,7,8778.0,1,8773.0
OI411,,13:41:06.500#,8725.0,8808.0,8695.0,9178.0,8138.0,24939,31333,8765.0,5,8766.0,1,8769.0,15,8770.0,25,8771.0,2,8772.0,7,8773.0,2,8774.0,35,8775.0,5,8777.0,7,8773.0
OI411,,13:41:06.750#,8725.0,8808.0,8695.0,9178.0,8138.0,24939,31333,8765.0,5,8766.0,1,8768.0,5,8769.0,30,8770.0,20,8771.0,4,8772.0,2,8773.0,10,8774.0,25,8775.0,5,8773.0
OI411,,13:41:07.0#,8725.0,8808.0,8695.0,9178.0,8138.0,24940,31332,8766.0,6,8767.0,5,8768.0,10,8769.0,20,8770.0,7,8771.0,4,8772.0,7,8773.0,15,8774.0,15,8777.0,7,8771.0
OI411,,13:41:07.250#,8725.0,8808.0,8695.0,9178.0,8138.0,24940,31332,8760.0,1,8765.0,5,8766.0,1,8768.0,30,8769.0,23,8771.0,10,8772.0,2,8773.0,25,8774.0,15,8777.0,7,8771.0
OI411,,13:41:07.500#,8725.0,8808.0,8695.0,9178.0,8138.0,24940,31332,8765.0,5,8766.0,1,8767.0,5,8768.0,30,8769.0,19,8771.0,16,8772.0,5,8773.0,30,8774.0,5,8777.0,6,8771.0
OI411,,13:41:08.0#,8725.0,8808.0,8695.0,9178.0,8138.0,24951,31333,8766.0,1,8768.0,20,8769.0,5,8770.0,14,8771.0,21,8773.0,16,8774.0,30,8775.0,6,8777.0,11,8778.0,1,8771.0
OI411,,13:41:08.500#,8725.0,8808.0,8695.0,9178.0,8138.0,24951,31333,8766.0,1,8767.0,5,8769.0,5,8770.0,39,8771.0,15,8773.0,16,8774.0,15,8775.0,26,8777.0,1,8778.0,1,8771.0
OI411,,13:41:09.0#,8725.0,8808.0,8695.0,9178.0,8138.0,24951,31333,8765.0,5,8766.0,1,8769.0,15,8770.0,29,8771.0,11,8773.0,16,8774.0,35,8775.0,6,8777.0,6,8778.0,1,8771.0
OI411,,13:41:09.500#,8725.0,8808.0,8695.0,9178.0,8138.0,24951,31333,8765.0,5,8766.0,1,8769.0,15,8770.0,29,8771.0,10,8773.0,16,8774.0,35,8775.0,6,8777.0,6,8781.0,1,8771.0
OI411,,13:41:10.0#,8725.0,8808.0,8695.0,9178.0,8138.0,24951,31333,8766.0,1,8767.0,5,8769.0,20,8770.0,24,8771.0,11,8773.0,16,8774.0,40,8775.0,1,8777.0,1,8779.0,5,8771.0
OI411,,13:41:10.250#,8725.0,8808.0,8695.0,9178.0,8138.0,24951,31333,8765.0,5,8766.0,1,8769.0,15,8770.0,29,8771.0,16,8773.0,16,8774.0,35,8775.0,6,8777.0,6,8781.0,1,8771.0
OI411,,13:41:10.500#,8725.0,8808.0,8695.0,9178.0,8138.0,24951,31333,8760.0,1,8766.0,6,8769.0,10,8770.0,34,8771.0,18,8773.0,16,8774.0,25,8775.0,16,8777.0,1,8778.0,5,8771.0
OI411,,13:41:11.0#,8725.0,8808.0,8695.0,9178.0,8138.0,24951,31333,8766.0,1,8767.0,5,8769.0,5,8770.0,39,8771.0,18,8773.0,5,8774.0,25,8775.0,16,8777.0,1,8779.0,5,8771.0
OI411,,13:41:11.500#,8725.0,8808.0,8695.0,9178.0,8138.0,24951,31333,8766.0,6,8769.0,5,8770.0,39,8771.0,6,8772.0,4,8773.0,3,8774.0,17,8775.0,25,8777.0,1,8778.0,5,8771.0
OI411,,13:41:11.750#,8725.0,8808.0,8695.0,9178.0,8138.0,24951,31333,8767.0,5,8769.0,5,8770.0,39,8771.0,6,8772.0,12,8774.0,21,8775.0,35,8777.0,2,8779.0,5,8781.0,1,8771.0
OI411,,13:41:12.0#,8725.0,8808.0,8695.0,9178.0,8138.0,24951,31333,8766.0,6,8769.0,5,8770.0,34,8771.0,9,8772.0,20,8774.0,26,8775.0,25,8776.0,5,8777.0,2,8778.0,5,8771.0
OI411,,13:41:12.250#,8725.0,8808.0,8695.0,9178.0,8138.0,24951,31333,8766.0,6,8769.0,5,8770.0,14,8771.0,29,8772.0,20,8774.0,21,8775.0,30,8776.0,5,8777.0,2,8778.0,5,8771.0
OI411,,13:41:12.500#,8725.0,8808.0,8695.0,9178.0,8138.0,24951,31333,8760.0,1,8766.0,6,8770.0,14,8771.0,34,8772.0,20,8774.0,16,8775.0,35,8776.0,5,8777.0,2,8778.0,5,8771.0
OI411,,13:41:13.500#,8725.0,8808.0,8695.0,9178.0,8138.0,24951,31333,8766.0,1,8768.0,5,8770.0,4,8771.0,44,8772.0,20,8774.0,14,8775.0,20,8776.0,20,8777.0,2,8780.0,5,8771.0
OI411,,13:41:14.0#,8725.0,8808.0,8695.0,9178.0,8138.0,24951,31333,8766.0,1,8768.0,5,8770.0,4,8771.0,44,8772.0,20,8774.0,11,8775.0,10,8776.0,30,8777.0,2,8780.0,5,8771.0
OI411,,13:41:14.250#,8725.0,8808.0,8695.0,9178.0,8138.0,24951,31333,8766.0,1,8768.0,5,8770.0,4,8771.0,44,8772.0,16,8774.0,10,8775.0,5,8776.0,35,8777.0,2,8780.0,5,8771.0
OI411,,13:41:14.500#,8725.0,8808.0,8695.0,9178.0,8138.0,24951,31333,8766.0,1,8768.0,5,8770.0,4,8771.0,44,8772.0,16,8774.0,8,8775.0,5,8776.0,35,8777.0,2,8780.0,5,8771.0
OI411,,13:41:15.0#,8725.0,8808.0,8695.0,9178.0,8138.0,24951,31333,8769.0,5,8770.0,4,8771.0,44,8772.0,6,8773.0,2,8775.0,14,8776.0,40,8777.0,2,8781.0,6,8782.0,1,8771.0
OI411,,13:41:15.250#,8725.0,8808.0,8695.0,9178.0,8138.0,24951,31333,8767.0,5,8770.0,4,8771.0,35,8772.0,5,8773.0,2,8774.0,5,8775.0,2,8776.0,35,8777.0,7,8779.0,5,8771.0
OI411,,13:41:15.500#,8725.0,8808.0,8695.0,9178.0,8138.0,24951,31333,8767.0,5,8768.0,1,8770.0,4,8771.0,40,8772.0,17,8774.0,6,8775.0,2,8776.0,40,8777.0,2,8779.0,5,8771.0
OI411,,13:41:15.750#,8725.0,8808.0,8695.0,9178.0,8138.0,24951,31333,8768.0,6,8770.0,4,8771.0,35,8772.0,11,8773.0,6,8775.0,16,8776.0,35,8777.0,7,8780.0,5,8781.0,1,8771.0
OI411,,13:41:16.0#,8725.0,8808.0,8695.0,9178.0,8138.0,24951,31333,8768.0,1,8770.0,4,8771.0,35,8772.0,11,8773.0,6,8775.0,16,8776.0,35,8777.0,7,8779.0,5,8781.0,1,8771.0
OI411,,13:41:16.250#,8725.0,8808.0,8695.0,9178.0,8138.0,24951,31333,8768.0,1,8770.0,4,8771.0,35,8772.0,11,8773.0,11,8775.0,16,8776.0,35,8777.0,7,8779.0,5,8781.0,1,8771.0
OI411,,13:41:16.500#,8725.0,8808.0,8695.0,9178.0,8138.0,24951,31333,8768.0,1,8770.0,4,8771.0,30,8772.0,16,8773.0,11,8775.0,16,8776.0,35,8777.0,7,8779.0,5,8781.0,1,8771.0
OI411,,13:41:16.750#,8725.0,8808.0,8695.0,9178.0,8138.0,24951,31333,8768.0,1,8770.0,4,8771.0,20,8772.0,26,8773.0,11,8775.0,16,8776.0,35,8777.0,7,8779.0,5,8781.0,1,8771.0
OI411,,13:41:17.0#,8725.0,8808.0,8695.0,9178.0,8138.0,24951,31333,8768.0,1,8770.0,4,8771.0,15,8772.0,31,8773.0,11,8775.0,16,8776.0,35,8777.0,7,8779.0,5,8781.0,1,8771.0
