InstrumentId,ExchangeId,Datetime,OpenPrice,HighestPrice,LowestPrice,UpperLimitPrice,LowerLimitPrice,Volume,OpenInterest,BidPrice5,BidVolume5,BidPrice4,BidVolume4,BidPrice3,BidVolume3,BidPrice2,BidVolume2,BidPrice1,BidVolume1,AskPrice1,AskVolume1,AskPrice2,AskVolume2,AskPrice3,AskVolume3,AskPrice4,AskVolume4,AskPrice5,AskVolume5,LastPrice
OI501,,13:38:35.250#,8800.0,8876.0,8761.0,9246.0,8198.0,162989,178345,8837.0,9,8838.0,8,8839.0,4,8840.0,9,8841.0,13,8843.0,36,8844.0,2,8845.0,2,8846.0,5,8847.0,1,8843.0
OI501,,13:38:35.500#,8800.0,8876.0,8761.0,9246.0,8198.0,162989,178345,8838.0,8,8839.0,4,8840.0,9,8841.0,13,8842.0,2,8843.0,37,8844.0,2,8845.0,2,8846.0,5,8847.0,1,8843.0
OI501,,13:38:35.750#,8800.0,8876.0,8761.0,9246.0,8198.0,162989,178345,8837.0,9,8838.0,8,8839.0,4,8840.0,9,8841.0,13,8843.0,36,8844.0,2,8845.0,2,8846.0,5,8847.0,1,8843.0
OI501,,13:38:36.250#,8800.0,8876.0,8761.0,9246.0,8198.0,162989,178345,8837.0,9,8838.0,8,8839.0,4,8840.0,9,8841.0,13,8843.0,36,8844.0,2,8845.0,2,8846.0,5,8847.0,1,8843.0
OI501,,13:38:36.500#,8800.0,8876.0,8761.0,9246.0,8198.0,162989,178345,8837.0,9,8838.0,7,8839.0,4,8840.0,9,8841.0,13,8843.0,38,8844.0,2,8845.0,2,8846.0,5,8847.0,1,8843.0
OI501,,13:38:36.750#,8800.0,8876.0,8761.0,9246.0,8198.0,162989,178345,8837.0,9,8838.0,7,8839.0,4,8840.0,9,8841.0,13,8843.0,39,8844.0,2,8845.0,2,8846.0,5,8847.0,1,8843.0
OI501,,13:38:37.250#,8800.0,8876.0,8761.0,9246.0,8198.0,162989,178345,8837.0,9,8838.0,7,8839.0,4,8840.0,9,8841.0,13,8843.0,38,8844.0,2,8845.0,2,8846.0,5,8847.0,1,8843.0
OI501,,13:38:37.500#,8800.0,8876.0,8761.0,9246.0,8198.0,162989,178345,8837.0,9,8838.0,7,8839.0,4,8840.0,9,8841.0,13,8843.0,40,8844.0,2,8845.0,2,8846.0,5,8847.0,1,8843.0
OI501,,13:38:38.0#,8800.0,8876.0,8761.0,9246.0,8198.0,162989,178345,8837.0,9,8838.0,7,8839.0,4,8840.0,9,8841.0,13,8842.0,3,8843.0,4,8844.0,2,8845.0,2,8846.0,5,8843.0
OI501,,13:38:38.250#,8800.0,8876.0,8761.0,9246.0,8198.0,162989,178345,8837.0,9,8838.0,7,8839.0,4,8840.0,9,8841.0,13,8842.0,14,8843.0,4,8844.0,2,8845.0,2,8846.0,5,8843.0
OI501,,13:38:38.500#,8800.0,8876.0,8761.0,9246.0,8198.0,162989,178345,8837.0,9,8838.0,7,8839.0,4,8840.0,9,8841.0,12,8842.0,16,8843.0,4,8844.0,2,8845.0,2,8846.0,6,8843.0
OI501,,13:38:38.750#,8800.0,8876.0,8761.0,9246.0,8198.0,162989,178345,8837.0,9,8838.0,7,8839.0,4,8840.0,9,8841.0,12,8842.0,17,8843.0,4,8844.0,2,8845.0,2,8846.0,6,8843.0
OI501,,13:38:39.0#,8800.0,8876.0,8761.0,9246.0,8198.0,162990,178346,8837.0,9,8838.0,7,8839.0,4,8840.0,9,8841.0,12,8842.0,16,8843.0,4,8844.0,2,8845.0,2,8846.0,6,8842.0
OI501,,13:38:39.250#,8800.0,8876.0,8761.0,9246.0,8198.0,162990,178346,8837.0,9,8838.0,7,8839.0,4,8840.0,9,8841.0,12,8842.0,21,8843.0,4,8844.0,2,8845.0,2,8846.0,6,8842.0
OI501,,13:38:39.500#,8800.0,8876.0,8761.0,9246.0,8198.0,162990,178346,8837.0,9,8838.0,7,8839.0,4,8840.0,9,8841.0,12,8842.0,25,8843.0,4,8844.0,2,8845.0,2,8846.0,6,8842.0
OI501,,13:38:39.750#,8800.0,8876.0,8761.0,9246.0,8198.0,162991,178346,8837.0,9,8838.0,7,8839.0,4,8840.0,9,8841.0,11,8842.0,27,8843.0,4,8844.0,2,8845.0,2,8846.0,6,8841.0
OI501,,13:38:40.250#,8800.0,8876.0,8761.0,9246.0,8198.0,162991,178346,8837.0,9,8838.0,7,8839.0,4,8840.0,9,8841.0,11,8842.0,25,8843.0,4,8844.0,2,8845.0,2,8846.0,6,8841.0
OI501,,13:38:40.500#,8800.0,8876.0,8761.0,9246.0,8198.0,162991,178346,8837.0,9,8838.0,7,8839.0,4,8840.0,9,8841.0,11,8842.0,23,8843.0,4,8844.0,2,8845.0,2,8846.0,6,8841.0
OI501,,13:38:40.750#,8800.0,8876.0,8761.0,9246.0,8198.0,162991,178346,8837.0,9,8838.0,7,8839.0,4,8840.0,9,8841.0,11,8842.0,24,8843.0,4,8844.0,2,8845.0,2,8846.0,6,8841.0
OI501,,13:38:41.0#,8800.0,8876.0,8761.0,9246.0,8198.0,162991,178346,8837.0,9,8838.0,7,8839.0,4,8840.0,9,8841.0,11,8842.0,23,8843.0,4,8844.0,2,8845.0,2,8846.0,6,8841.0
OI501,,13:38:41.250#,8800.0,8876.0,8761.0,9246.0,8198.0,162991,178346,8837.0,9,8838.0,7,8839.0,4,8840.0,9,8841.0,11,8842.0,20,8843.0,4,8844.0,2,8845.0,2,8846.0,6,8841.0
OI501,,13:38:41.500#,8800.0,8876.0,8761.0,9246.0,8198.0,163003,178335,8836.0,18,8837.0,9,8838.0,7,8839.0,4,8840.0,10,8841.0,25,8843.0,4,8844.0,2,8845.0,2,8846.0,6,8841.0
OI501,,13:38:41.750#,8800.0,8876.0,8761.0,9246.0,8198.0,163003,178335,8836.0,18,8837.0,9,8838.0,6,8839.0,4,8840.0,9,8841.0,25,8843.0,3,8844.0,2,8845.0,2,8846.0,6,8841.0
OI501,,13:38:42.0#,8800.0,8876.0,8761.0,9246.0,8198.0,163003,178335,8836.0,19,8837.0,9,8838.0,6,8839.0,4,8840.0,7,8841.0,25,8843.0,3,8844.0,2,8845.0,2,8846.0,6,8841.0
OI501,,13:38:42.250#,8800.0,8876.0,8761.0,9246.0,8198.0,163003,178335,8836.0,19,8837.0,9,8838.0,6,8839.0,4,8840.0,25,8841.0,25,8843.0,3,8844.0,2,8845.0,2,8846.0,6,8841.0
OI501,,13:38:43.500#,8800.0,8876.0,8761.0,9246.0,8198.0,163003,178335,8836.0,19,8837.0,9,8838.0,6,8839.0,4,8840.0,25,8841.0,25,8843.0,3,8844.0,2,8845.0,2,8846.0,6,8841.0
OI501,,13:38:43.750#,8800.0,8876.0,8761.0,9246.0,8198.0,163003,178335,8836.0,19,8837.0,9,8838.0,6,8839.0,4,8840.0,26,8841.0,25,8843.0,3,8844.0,2,8845.0,2,8846.0,6,8841.0
OI501,,13:38:44.500#,8800.0,8876.0,8761.0,9246.0,8198.0,163028,178335,8837.0,9,8838.0,6,8839.0,4,8840.0,26,8841.0,25,8842.0,1,8843.0,3,8844.0,2,8845.0,2,8846.0,6,8841.0
OI501,,13:38:44.750#,8800.0,8876.0,8761.0,9246.0,8198.0,163028,178335,8837.0,9,8838.0,6,8839.0,4,8840.0,26,8841.0,25,8843.0,14,8844.0,2,8845.0,2,8846.0,6,8847.0,1,8841.0
OI501,,13:38:45.0#,8800.0,8876.0,8761.0,9246.0,8198.0,163028,178335,8837.0,9,8838.0,6,8839.0,4,8840.0,26,8841.0,25,8842.0,1,8843.0,3,8844.0,2,8845.0,2,8846.0,6,8841.0
OI501,,13:38:45.250#,8800.0,8876.0,8761.0,9246.0,8198.0,163029,178335,8837.0,9,8838.0,6,8839.0,4,8840.0,26,8841.0,25,8842.0,3,8843.0,3,8844.0,2,8845.0,2,8846.0,6,8842.0
OI501,,13:38:45.500#,8800.0,8876.0,8761.0,9246.0,8198.0,163029,178335,8837.0,9,8838.0,6,8839.0,4,8840.0,26,8841.0,25,8842.0,1,8843.0,3,8844.0,2,8845.0,2,8846.0,6,8842.0
OI501,,13:38:45.750#,8800.0,8876.0,8761.0,9246.0,8198.0,163030,178335,8837.0,9,8838.0,6,8839.0,4,8840.0,26,8841.0,25,8843.0,33,8844.0,2,8845.0,2,8846.0,6,8847.0,1,8842.0
OI501,,13:38:46.0#,8800.0,8876.0,8761.0,9246.0,8198.0,163030,178335,8838.0,6,8839.0,4,8840.0,26,8841.0,25,8842.0,20,8843.0,13,8844.0,2,8845.0,2,8846.0,6,8847.0,1,8842.0
OI501,,13:38:46.250#,8800.0,8876.0,8761.0,9246.0,8198.0,163030,178335,8838.0,6,8839.0,4,8840.0,26,8841.0,25,8842.0,28,8843.0,3,8844.0,2,8845.0,2,8846.0,6,8847.0,1,8842.0
OI501,,13:38:46.500#,8800.0,8876.0,8761.0,9246.0,8198.0,163033,178338,8839.0,4,8840.0,26,8841.0,25,8842.0,28,8843.0,3,8844.0,50,8845.0,2,8846.0,6,8847.0,2,8848.0,3,8843.0
OI501,,13:38:46.750#,8800.0,8876.0,8761.0,9246.0,8198.0,163033,178338,8838.0,6,8839.0,4,8840.0,26,8841.0,25,8842.0,28,8844.0,50,8845.0,2,8846.0,6,8847.0,2,8848.0,3,8843.0
OI501,,13:38:47.0#,8800.0,8876.0,8761.0,9246.0,8198.0,163033,178338,8838.0,6,8839.0,4,8840.0,26,8841.0,25,8842.0,28,8844.0,49,8845.0,2,8846.0,6,8847.0,2,8848.0,3,8843.0
OI501,,13:38:47.250#,8800.0,8876.0,8761.0,9246.0,8198.0,163035,178338,8838.0,6,8839.0,4,8840.0,26,8841.0,25,8842.0,28,8844.0,40,8845.0,2,8846.0,6,8847.0,2,8848.0,3,8843.0
OI501,,13:38:47.500#,8800.0,8876.0,8761.0,9246.0,8198.0,163036,178338,8839.0,4,8840.0,26,8841.0,25,8842.0,28,8843.0,1,8844.0,39,8845.0,2,8846.0,6,8847.0,2,8848.0,3,8843.0
OI501,,13:38:47.750#,8800.0,8876.0,8761.0,9246.0,8198.0,163036,178338,8838.0,6,8839.0,4,8840.0,26,8841.0,25,8842.0,28,8844.0,38,8845.0,2,8846.0,6,8847.0,2,8848.0,3,8843.0
OI501,,13:38:48.0#,8800.0,8876.0,8761.0,9246.0,8198.0,163036,178338,8839.0,4,8840.0,26,8841.0,26,8842.0,28,8843.0,1,8844.0,38,8845.0,2,8846.0,6,8847.0,2,8848.0,3,8843.0
OI501,,13:38:48.250#,8800.0,8876.0,8761.0,9246.0,8198.0,163036,178338,8838.0,7,8839.0,4,8840.0,26,8841.0,26,8842.0,28,8844.0,38,8845.0,3,8846.0,6,8847.0,2,8848.0,3,8843.0
OI501,,13:38:48.500#,8800.0,8876.0,8761.0,9246.0,8198.0,163036,178338,8838.0,7,8839.0,4,8840.0,26,8841.0,26,8842.0,28,8844.0,42,8845.0,3,8846.0,6,8847.0,2,8848.0,3,8843.0
OI501,,13:38:48.750#,8800.0,8876.0,8761.0,9246.0,8198.0,163036,178338,8838.0,7,8839.0,4,8840.0,26,8841.0,26,8842.0,32,8844.0,42,8845.0,3,8846.0,6,8847.0,2,8848.0,3,8843.0
OI501,,13:38:49.0#,8800.0,8876.0,8761.0,9246.0,8198.0,163036,178338,8838.0,7,8839.0,4,8840.0,26,8841.0,26,8842.0,32,8844.0,41,8845.0,3,8846.0,6,8847.0,2,8848.0,3,8843.0
OI501,,13:38:49.250#,8800.0,8876.0,8761.0,9246.0,8198.0,163036,178338,8839.0,4,8840.0,26,8841.0,26,8842.0,30,8843.0,2,8844.0,41,8845.0,3,8846.0,6,8847.0,2,8848.0,3,8843.0
OI501,,13:38:49.500#,8800.0,8876.0,8761.0,9246.0,8198.0,163038,178336,8839.0,4,8840.0,26,8841.0,26,8842.0,30,8843.0,1,8844.0,6,8845.0,3,8846.0,6,8847.0,2,8848.0,3,8843.0
OI501,,13:38:49.750#,8800.0,8876.0,8761.0,9246.0,8198.0,163038,178336,8839.0,4,8840.0,26,8841.0,26,8842.0,30,8843.0,18,8845.0,34,8846.0,6,8847.0,2,8848.0,3,8849.0,1,8843.0
OI501,,13:38:50.0#,8800.0,8876.0,8761.0,9246.0,8198.0,163039,178336,8840.0,26,8841.0,26,8842.0,30,8843.0,6,8844.0,1,8845.0,18,8846.0,5,8847.0,2,8848.0,3,8849.0,1,8844.0
OI501,,13:38:50.250#,8800.0,8876.0,8761.0,9246.0,8198.0,163039,178336,8840.0,26,8841.0,26,8842.0,30,8843.0,5,8844.0,1,8845.0,18,8846.0,5,8847.0,2,8848.0,3,8849.0,2,8844.0
OI501,,13:38:50.750#,8800.0,8876.0,8761.0,9246.0,8198.0,163040,178336,8839.0,5,8840.0,26,8841.0,26,8842.0,30,8843.0,5,8845.0,15,8846.0,5,8847.0,2,8848.0,3,8849.0,2,8844.0
OI501,,13:38:51.0#,8800.0,8876.0,8761.0,9246.0,8198.0,163040,178336,8839.0,5,8840.0,26,8841.0,26,8842.0,30,8843.0,5,8845.0,16,8846.0,5,8847.0,2,8848.0,3,8849.0,2,8844.0
OI501,,13:38:51.250#,8800.0,8876.0,8761.0,9246.0,8198.0,163040,178336,8839.0,5,8840.0,26,8841.0,26,8842.0,30,8843.0,3,8845.0,17,8846.0,5,8847.0,2,8848.0,3,8849.0,2,8844.0
OI501,,13:38:51.750#,8800.0,8876.0,8761.0,9246.0,8198.0,163040,178336,8839.0,5,8840.0,26,8841.0,26,8842.0,30,8843.0,3,8845.0,16,8846.0,5,8847.0,2,8848.0,3,8849.0,2,8844.0
OI501,,13:38:52.0#,8800.0,8876.0,8761.0,9246.0,8198.0,163040,178336,8839.0,5,8840.0,26,8841.0,26,8842.0,30,8843.0,3,8845.0,18,8846.0,7,8847.0,2,8848.0,3,8849.0,2,8844.0
OI501,,13:38:52.250#,8800.0,8876.0,8761.0,9246.0,8198.0,163040,178336,8839.0,5,8840.0,26,8841.0,26,8842.0,31,8843.0,3,8845.0,30,8846.0,7,8847.0,2,8848.0,3,8849.0,2,8844.0
OI501,,13:38:52.500#,8800.0,8876.0,8761.0,9246.0,8198.0,163040,178336,8839.0,5,8840.0,26,8841.0,26,8842.0,31,8843.0,3,8845.0,30,8846.0,7,8847.0,2,8848.0,3,8849.0,2,8844.0
OI501,,13:38:53.0#,8800.0,8876.0,8761.0,9246.0,8198.0,163040,178336,8839.0,5,8840.0,26,8841.0,26,8842.0,31,8843.0,3,8845.0,20,8846.0,7,8847.0,2,8848.0,3,8849.0,2,8844.0
OI501,,13:38:53.500#,8800.0,8876.0,8761.0,9246.0,8198.0,163040,178336,8839.0,5,8840.0,26,8841.0,26,8842.0,31,8843.0,4,8845.0,15,8846.0,7,8847.0,2,8848.0,3,8849.0,2,8844.0
OI501,,13:38:53.750#,8800.0,8876.0,8761.0,9246.0,8198.0,163040,178336,8839.0,5,8840.0,26,8841.0,26,8842.0,31,8843.0,5,8845.0,15,8846.0,7,8847.0,2,8848.0,3,8849.0,2,8844.0
OI501,,13:38:54.0#,8800.0,8876.0,8761.0,9246.0,8198.0,163040,178336,8839.0,5,8840.0,26,8841.0,26,8842.0,31,8843.0,5,8845.0,16,8846.0,7,8847.0,2,8848.0,3,8849.0,2,8844.0
OI501,,13:38:54.250#,8800.0,8876.0,8761.0,9246.0,8198.0,163040,178336,8839.0,5,8840.0,26,8841.0,26,8842.0,31,8843.0,6,8845.0,16,8846.0,8,8847.0,2,8848.0,3,8849.0,2,8844.0
OI501,,13:38:54.500#,8800.0,8876.0,8761.0,9246.0,8198.0,163040,178336,8839.0,5,8840.0,26,8841.0,26,8842.0,31,8843.0,6,8845.0,14,8846.0,8,8847.0,2,8848.0,3,8849.0,2,8844.0
OI501,,13:38:55.0#,8800.0,8876.0,8761.0,9246.0,8198.0,163040,178336,8839.0,5,8840.0,26,8841.0,26,8842.0,31,8843.0,6,8845.0,13,8846.0,8,8847.0,2,8848.0,3,8849.0,2,8844.0
OI501,,13:38:55.250#,8800.0,8876.0,8761.0,9246.0,8198.0,163040,178336,8839.0,5,8840.0,26,8841.0,26,8842.0,31,8843.0,4,8845.0,16,8846.0,8,8847.0,2,8848.0,3,8849.0,2,8844.0
OI501,,13:38:55.500#,8800.0,8876.0,8761.0,9246.0,8198.0,163040,178336,8839.0,5,8840.0,26,8841.0,26,8842.0,31,8843.0,4,8845.0,14,8846.0,8,8847.0,2,8848.0,3,8849.0,2,8844.0
OI501,,13:38:55.750#,8800.0,8876.0,8761.0,9246.0,8198.0,163040,178336,8839.0,5,8840.0,26,8841.0,26,8842.0,31,8843.0,4,8844.0,31,8845.0,3,8846.0,8,8847.0,2,8848.0,3,8844.0
OI501,,13:38:56.0#,8800.0,8876.0,8761.0,9246.0,8198.0,163040,178336,8839.0,5,8840.0,26,8841.0,26,8842.0,31,8843.0,1,8844.0,31,8845.0,3,8846.0,8,8847.0,2,8848.0,3,8844.0
OI501,,13:38:56.500#,8800.0,8876.0,8761.0,9246.0,8198.0,163040,178336,8839.0,5,8840.0,26,8841.0,26,8842.0,31,8843.0,1,8844.0,31,8845.0,3,8846.0,8,8847.0,2,8848.0,3,8844.0
OI501,,13:38:56.750#,8800.0,8876.0,8761.0,9246.0,8198.0,163040,178336,8839.0,5,8840.0,27,8841.0,26,8842.0,31,8843.0,1,8844.0,31,8845.0,3,8846.0,8,8847.0,2,8848.0,3,8844.0
OI501,,13:38:58.250#,8800.0,8876.0,8761.0,9246.0,8198.0,163040,178336,8839.0,5,8840.0,27,8841.0,26,8842.0,31,8843.0,1,8844.0,31,8845.0,3,8846.0,8,8847.0,2,8848.0,3,8844.0
OI501,,13:38:58.500#,8800.0,8876.0,8761.0,9246.0,8198.0,163040,178336,8839.0,5,8840.0,27,8841.0,26,8842.0,31,8843.0,2,8844.0,31,8845.0,3,8846.0,8,8847.0,2,8848.0,3,8844.0
OI501,,13:38:58.750#,8800.0,8876.0,8761.0,9246.0,8198.0,163040,178336,8839.0,5,8840.0,27,8841.0,26,8842.0,31,8843.0,1,8844.0,31,8845.0,3,8846.0,8,8847.0,2,8848.0,3,8844.0
OI501,,13:38:59.250#,8800.0,8876.0,8761.0,9246.0,8198.0,163040,178336,8839.0,5,8840.0,27,8841.0,26,8842.0,31,8843.0,1,8844.0,31,8845.0,3,8846.0,6,8847.0,2,8848.0,3,8844.0
OI501,,13:38:59.500#,8800.0,8876.0,8761.0,9246.0,8198.0,163040,178336,8839.0,5,8840.0,27,8841.0,26,8842.0,31,8843.0,2,8844.0,31,8845.0,3,8846.0,6,8847.0,2,8848.0,3,8844.0
OI501,,13:39:00.0#,8800.0,8876.0,8761.0,9246.0,8198.0,163041,178335,8838.0,7,8839.0,5,8840.0,27,8841.0,26,8842.0,36,8844.0,31,8845.0,3,8846.0,6,8847.0,2,8848.0,3,8843.0
OI501,,13:39:00.250#,8800.0,8876.0,8761.0,9246.0,8198.0,163066,178336,8839.0,5,8840.0,27,8841.0,1,8842.0,31,8843.0,1,8844.0,6,8845.0,3,8846.0,6,8847.0,2,8848.0,3,8844.0
OI501,,13:39:00.500#,8800.0,8876.0,8761.0,9246.0,8198.0,163066,178336,8838.0,7,8839.0,7,8840.0,27,8841.0,1,8842.0,36,8844.0,6,8845.0,4,8846.0,6,8847.0,2,8848.0,3,8844.0
OI501,,13:39:00.750#,8800.0,8876.0,8761.0,9246.0,8198.0,163066,178336,8839.0,7,8840.0,27,8841.0,1,8842.0,31,8843.0,6,8844.0,6,8845.0,4,8846.0,6,8847.0,2,8848.0,3,8844.0
OI501,,13:39:01.0#,8800.0,8876.0,8761.0,9246.0,8198.0,163066,178336,8839.0,7,8840.0,27,8841.0,1,8842.0,31,8843.0,8,8844.0,7,8845.0,4,8846.0,6,8847.0,2,8848.0,3,8844.0
OI501,,13:39:02.0#,8800.0,8876.0,8761.0,9246.0,8198.0,163066,178336,8839.0,7,8840.0,27,8841.0,1,8842.0,31,8843.0,6,8844.0,7,8845.0,4,8846.0,6,8847.0,2,8848.0,3,8844.0
OI501,,13:39:02.250#,8800.0,8876.0,8761.0,9246.0,8198.0,163066,178336,8839.0,7,8840.0,27,8841.0,1,8842.0,31,8843.0,6,8844.0,9,8845.0,4,8846.0,6,8847.0,2,8848.0,3,8844.0
OI501,,13:39:02.500#,8800.0,8876.0,8761.0,9246.0,8198.0,163066,178336,8839.0,7,8840.0,27,8841.0,1,8842.0,31,8843.0,4,8844.0,9,8845.0,4,8846.0,6,8847.0,2,8848.0,3,8844.0
OI501,,13:39:02.750#,8800.0,8876.0,8761.0,9246.0,8198.0,163066,178336,8839.0,7,8840.0,27,8841.0,1,8842.0,31,8843.0,4,8844.0,10,8845.0,4,8846.0,6,8847.0,2,8848.0,3,8844.0
OI501,,13:39:03.250#,8800.0,8876.0,8761.0,9246.0,8198.0,163066,178336,8839.0,7,8840.0,27,8841.0,1,8842.0,31,8843.0,4,8844.0,10,8845.0,4,8846.0,6,8847.0,2,8848.0,4,8844.0
OI501,,13:39:03.500#,8800.0,8876.0,8761.0,9246.0,8198.0,163066,178336,8838.0,7,8839.0,7,8840.0,27,8841.0,1,8842.0,36,8844.0,10,8845.0,4,8846.0,6,8847.0,2,8848.0,4,8844.0
OI501,,13:39:03.750#,8800.0,8876.0,8761.0,9246.0,8198.0,163066,178336,8838.0,7,8839.0,7,8840.0,27,8841.0,1,8842.0,36,8844.0,10,8845.0,4,8846.0,6,8847.0,2,8848.0,4,8844.0
OI501,,13:39:05.0#,8800.0,8876.0,8761.0,9246.0,8198.0,163067,178335,8839.0,7,8840.0,27,8841.0,1,8842.0,31,8843.0,1,8844.0,11,8845.0,4,8846.0,6,8847.0,2,8848.0,4,8843.0
OI501,,13:39:05.250#,8800.0,8876.0,8761.0,9246.0,8198.0,163068,178334,8838.0,7,8839.0,7,8840.0,27,8841.0,1,8842.0,35,8844.0,10,8845.0,4,8846.0,6,8847.0,2,8848.0,4,8843.0
OI501,,13:39:05.500#,8800.0,8876.0,8761.0,9246.0,8198.0,163068,178334,8838.0,7,8839.0,7,8840.0,27,8841.0,1,8842.0,36,8843.0,2,8844.0,10,8845.0,4,8846.0,6,8847.0,2,8843.0
OI501,,13:39:05.750#,8800.0,8876.0,8761.0,9246.0,8198.0,163068,178334,8838.0,7,8839.0,7,8840.0,27,8841.0,1,8842.0,31,8843.0,2,8844.0,8,8845.0,4,8846.0,6,8847.0,2,8843.0
OI501,,13:39:06.250#,8800.0,8876.0,8761.0,9246.0,8198.0,163068,178334,8838.0,7,8839.0,7,8840.0,27,8841.0,1,8842.0,27,8843.0,4,8844.0,7,8845.0,4,8846.0,6,8847.0,2,8843.0
OI501,,13:39:06.500#,8800.0,8876.0,8761.0,9246.0,8198.0,163068,178334,8838.0,7,8839.0,7,8840.0,27,8841.0,1,8842.0,23,8843.0,5,8844.0,6,8845.0,4,8846.0,6,8847.0,2,8843.0
OI501,,13:39:06.750#,8800.0,8876.0,8761.0,9246.0,8198.0,163068,178334,8838.0,7,8839.0,7,8840.0,27,8841.0,1,8842.0,23,8843.0,6,8844.0,6,8845.0,4,8846.0,6,8847.0,2,8843.0
OI501,,13:39:07.0#,8800.0,8876.0,8761.0,9246.0,8198.0,163068,178334,8838.0,7,8839.0,7,8840.0,27,8841.0,1,8842.0,23,8843.0,13,8844.0,6,8845.0,4,8846.0,6,8847.0,2,8843.0
OI501,,13:39:07.250#,8800.0,8876.0,8761.0,9246.0,8198.0,163068,178334,8838.0,7,8839.0,7,8840.0,27,8841.0,1,8842.0,23,8843.0,19,8844.0,6,8845.0,4,8846.0,6,8847.0,2,8843.0
OI501,,13:39:07.500#,8800.0,8876.0,8761.0,9246.0,8198.0,163074,178334,8837.0,9,8838.0,7,8839.0,7,8840.0,27,8842.0,17,8843.0,23,8844.0,6,8845.0,4,8846.0,6,8847.0,3,8842.0
OI501,,13:39:07.750#,8800.0,8876.0,8761.0,9246.0,8198.0,163080,178338,8837.0,9,8838.0,7,8839.0,7,8840.0,27,8842.0,11,8843.0,27,8844.0,6,8845.0,4,8846.0,6,8847.0,3,8842.0
OI501,,13:39:08.0#,8800.0,8876.0,8761.0,9246.0,8198.0,163090,178340,8837.0,9,8838.0,7,8839.0,7,8840.0,27,8842.0,1,8843.0,28,8844.0,6,8845.0,4,8846.0,6,8847.0,3,8842.0
OI501,,13:39:08.250#,8800.0,8876.0,8761.0,9246.0,8198.0,163091,178340,8836.0,18,8837.0,9,8838.0,7,8839.0,7,8840.0,32,8842.0,2,8843.0,6,8844.0,6,8845.0,4,8846.0,6,8842.0
OI501,,13:39:08.500#,8800.0,8876.0,8761.0,9246.0,8198.0,163091,178340,8836.0,18,8837.0,9,8838.0,7,8839.0,6,8840.0,32,8842.0,2,8843.0,6,8844.0,6,8845.0,4,8846.0,6,8842.0
OI501,,13:39:08.750#,8800.0,8876.0,8761.0,9246.0,8198.0,163091,178340,8836.0,18,8837.0,10,8838.0,7,8839.0,6,8840.0,32,8842.0,4,8843.0,3,8844.0,6,8845.0,4,8846.0,6,8842.0
OI501,,13:39:09.0#,8800.0,8876.0,8761.0,9246.0,8198.0,163091,178340,8836.0,18,8837.0,10,8838.0,7,8839.0,6,8840.0,32,8842.0,5,8843.0,2,8844.0,6,8845.0,4,8846.0,6,8842.0
OI501,,13:39:09.250#,8800.0,8876.0,8761.0,9246.0,8198.0,163158,178288,8835.0,12,8836.0,18,8837.0,10,8838.0,7,8839.0,10,8840.0,47,8842.0,9,8843.0,2,8844.0,6,8845.0,4,8840.0
OI501,,13:39:09.500#,8800.0,8876.0,8761.0,9246.0,8198.0,163160,178286,8835.0,12,8836.0,18,8837.0,10,8838.0,7,8839.0,6,8840.0,45,8842.0,7,8843.0,2,8844.0,6,8845.0,3,8840.0
OI501,,13:39:09.750#,8800.0,8876.0,8761.0,9246.0,8198.0,163160,178286,8835.0,12,8836.0,18,8837.0,10,8838.0,7,8839.0,5,8840.0,45,8842.0,4,8843.0,2,8844.0,6,8845.0,3,8840.0
OI501,,13:39:10.0#,8800.0,8876.0,8761.0,9246.0,8198.0,163160,178286,8835.0,12,8836.0,18,8837.0,10,8838.0,7,8839.0,4,8840.0,45,8842.0,4,8843.0,2,8844.0,6,8845.0,3,8840.0
OI501,,13:39:10.250#,8800.0,8876.0,8761.0,9246.0,8198.0,163160,178286,8835.0,12,8836.0,18,8837.0,9,8838.0,7,8839.0,4,8840.0,49,8842.0,3,8843.0,2,8844.0,6,8845.0,3,8840.0
OI501,,13:39:10.500#,8800.0,8876.0,8761.0,9246.0,8198.0,163160,178286,8835.0,13,8836.0,18,8837.0,9,8838.0,7,8839.0,4,8840.0,49,8842.0,3,8843.0,2,8844.0,6,8845.0,4,8840.0
OI501,,13:39:11.0#,8800.0,8876.0,8761.0,9246.0,8198.0,163161,178285,8835.0,13,8836.0,18,8837.0,9,8838.0,7,8839.0,14,8840.0,48,8842.0,3,8843.0,2,8844.0,6,8845.0,4,8840.0
OI501,,13:39:11.250#,8800.0,8876.0,8761.0,9246.0,8198.0,163207,178259,8835.0,13,8836.0,18,8837.0,9,8838.0,7,8839.0,14,8840.0,2,8842.0,3,8843.0,2,8845.0,4,8846.0,6,8840.0
OI501,,13:39:11.500#,8800.0,8876.0,8761.0,9246.0,8198.0,163209,178257,8836.0,18,8837.0,9,8838.0,7,8839.0,12,8840.0,16,8841.0,1,8842.0,3,8843.0,2,8845.0,4,8846.0,6,8840.0
OI501,,13:39:11.750#,8800.0,8876.0,8761.0,9246.0,8198.0,163209,178257,8836.0,18,8837.0,9,8838.0,7,8839.0,8,8840.0,20,8842.0,8,8843.0,2,8845.0,4,8846.0,6,8847.0,2,8840.0
OI501,,13:39:12.0#,8800.0,8876.0,8761.0,9246.0,8198.0,163209,178257,8836.0,18,8837.0,9,8838.0,7,8839.0,8,8840.0,19,8842.0,5,8843.0,2,8845.0,4,8846.0,6,8847.0,2,8840.0
OI501,,13:39:12.250#,8800.0,8876.0,8761.0,9246.0,8198.0,163209,178257,8836.0,18,8837.0,9,8838.0,7,8839.0,8,8840.0,25,8841.0,1,8842.0,3,8843.0,2,8845.0,4,8846.0,6,8840.0
OI501,,13:39:12.500#,8800.0,8876.0,8761.0,9246.0,8198.0,163210,178257,8836.0,18,8837.0,9,8838.0,7,8839.0,8,8840.0,25,8842.0,3,8843.0,2,8845.0,4,8846.0,6,8847.0,2,8841.0
OI501,,13:39:12.750#,8800.0,8876.0,8761.0,9246.0,8198.0,163210,178257,8836.0,18,8837.0,9,8838.0,7,8839.0,8,8840.0,23,8842.0,3,8843.0,2,8845.0,4,8846.0,6,8847.0,2,8841.0
OI501,,13:39:13.0#,8800.0,8876.0,8761.0,9246.0,8198.0,163210,178257,8836.0,18,8837.0,9,8838.0,7,8839.0,10,8840.0,23,8842.0,3,8843.0,2,8845.0,4,8846.0,6,8847.0,2,8841.0
OI501,,13:39:14.250#,8800.0,8876.0,8761.0,9246.0,8198.0,163210,178257,8836.0,18,8837.0,9,8838.0,7,8839.0,10,8840.0,23,8842.0,1,8843.0,2,8845.0,4,8846.0,6,8847.0,2,8841.0
OI501,,13:39:14.750#,8800.0,8876.0,8761.0,9246.0,8198.0,163214,178257,8836.0,18,8837.0,9,8838.0,7,8839.0,10,8840.0,21,8842.0,1,8843.0,2,8845.0,4,8846.0,6,8847.0,2,8840.0
OI501,,13:39:15.0#,8800.0,8876.0,8761.0,9246.0,8198.0,163215,178257,8836.0,18,8837.0,9,8838.0,7,8839.0,10,8840.0,20,8841.0,1,8842.0,3,8843.0,2,8845.0,4,8846.0,6,8840.0
OI501,,13:39:15.250#,8800.0,8876.0,8761.0,9246.0,8198.0,163215,178257,8836.0,18,8837.0,9,8838.0,7,8839.0,10,8840.0,20,8842.0,3,8843.0,2,8845.0,4,8846.0,6,8847.0,2,8840.0
OI501,,13:39:15.500#,8800.0,8876.0,8761.0,9246.0,8198.0,163215,178257,8836.0,18,8837.0,9,8838.0,7,8839.0,9,8840.0,20,8842.0,3,8843.0,2,8845.0,4,8846.0,6,8847.0,2,8840.0
OI501,,13:39:16.0#,8800.0,8876.0,8761.0,9246.0,8198.0,163215,178257,8836.0,18,8837.0,9,8838.0,7,8839.0,9,8840.0,20,8842.0,3,8843.0,2,8845.0,4,8846.0,5,8847.0,2,8840.0
OI501,,13:39:16.500#,8800.0,8876.0,8761.0,9246.0,8198.0,163218,178256,8837.0,9,8838.0,7,8839.0,9,8840.0,14,8842.0,2,8843.0,20,8845.0,4,8846.0,5,8847.0,2,8848.0,4,8842.0
OI501,,13:39:16.750#,8800.0,8876.0,8761.0,9246.0,8198.0,163222,178254,8838.0,7,8839.0,9,8840.0,10,8841.0,2,8842.0,2,8843.0,19,8845.0,4,8846.0,5,8847.0,2,8848.0,4,8842.0
OI501,,13:39:17.0#,8800.0,8876.0,8761.0,9246.0,8198.0,163222,178254,8838.0,7,8839.0,9,8840.0,10,8841.0,2,8842.0,3,8843.0,19,8845.0,4,8846.0,5,8847.0,2,8848.0,4,8842.0
OI501,,13:39:17.250#,8800.0,8876.0,8761.0,9246.0,8198.0,163222,178254,8838.0,7,8839.0,9,8840.0,10,8841.0,2,8842.0,4,8843.0,25,8845.0,4,8846.0,5,8847.0,2,8848.0,4,8842.0
OI501,,13:39:17.500#,8800.0,8876.0,8761.0,9246.0,8198.0,163226,178252,8837.0,9,8838.0,7,8839.0,14,8840.0,10,8841.0,2,8843.0,22,8845.0,4,8846.0,5,8847.0,2,8848.0,4,8842.0
OI501,,13:39:17.750#,8800.0,8876.0,8761.0,9246.0,8198.0,163226,178252,8837.0,9,8838.0,7,8839.0,14,8840.0,10,8841.0,2,8843.0,22,8845.0,4,8846.0,5,8847.0,3,8848.0,4,8842.0
OI501,,13:39:18.0#,8800.0,8876.0,8761.0,9246.0,8198.0,163226,178252,8837.0,9,8838.0,7,8839.0,14,8840.0,10,8841.0,2,8842.0,5,8843.0,2,8845.0,4,8846.0,5,8847.0,3,8842.0
OI501,,13:39:18.250#,8800.0,8876.0,8761.0,9246.0,8198.0,163226,178252,8837.0,9,8838.0,7,8839.0,14,8840.0,10,8841.0,2,8842.0,9,8843.0,2,8845.0,4,8846.0,5,8847.0,3,8842.0
OI501,,13:39:18.500#,8800.0,8876.0,8761.0,9246.0,8198.0,163226,178252,8837.0,9,8838.0,7,8839.0,14,8840.0,10,8841.0,3,8842.0,9,8843.0,2,8845.0,4,8846.0,5,8847.0,3,8842.0
OI501,,13:39:18.750#,8800.0,8876.0,8761.0,9246.0,8198.0,163226,178252,8837.0,9,8838.0,7,8839.0,14,8840.0,10,8841.0,3,8842.0,9,8843.0,2,8845.0,4,8846.0,5,8847.0,3,8842.0
OI501,,13:39:19.0#,8800.0,8876.0,8761.0,9246.0,8198.0,163226,178252,8837.0,9,8838.0,7,8839.0,12,8840.0,10,8841.0,3,8842.0,5,8843.0,2,8845.0,4,8846.0,5,8847.0,3,8842.0
OI501,,13:39:19.250#,8800.0,8876.0,8761.0,9246.0,8198.0,163226,178252,8837.0,9,8838.0,7,8839.0,12,8840.0,10,8841.0,3,8842.0,1,8843.0,2,8845.0,4,8846.0,5,8847.0,3,8842.0
OI501,,13:39:20.500#,8800.0,8876.0,8761.0,9246.0,8198.0,163226,178252,8837.0,9,8838.0,7,8839.0,12,8840.0,10,8841.0,3,8842.0,1,8843.0,2,8845.0,5,8846.0,5,8847.0,3,8842.0
OI501,,13:39:20.750#,8800.0,8876.0,8761.0,9246.0,8198.0,163226,178252,8837.0,9,8838.0,7,8839.0,12,8840.0,10,8841.0,4,8842.0,1,8843.0,2,8845.0,5,8846.0,5,8847.0,3,8842.0
OI501,,13:39:21.250#,8800.0,8876.0,8761.0,9246.0,8198.0,163226,178252,8837.0,9,8838.0,7,8839.0,12,8840.0,10,8841.0,4,8842.0,2,8843.0,2,8845.0,5,8846.0,5,8847.0,3,8842.0
OI501,,13:39:21.500#,8800.0,8876.0,8761.0,9246.0,8198.0,163226,178252,8837.0,9,8838.0,7,8839.0,13,8840.0,10,8841.0,4,8842.0,2,8843.0,2,8845.0,5,8846.0,5,8847.0,3,8842.0
OI501,,13:39:21.750#,8800.0,8876.0,8761.0,9246.0,8198.0,163230,178250,8836.0,18,8837.0,9,8838.0,7,8839.0,13,8840.0,18,8841.0,110,8842.0,2,8843.0,2,8845.0,5,8846.0,5,8841.0
OI501,,13:39:22.0#,8800.0,8876.0,8761.0,9246.0,8198.0,163230,178250,8836.0,18,8837.0,9,8838.0,7,8839.0,13,8840.0,14,8841.0,110,8842.0,2,8843.0,2,8845.0,5,8846.0,5,8841.0
OI501,,13:39:22.250#,8800.0,8876.0,8761.0,9246.0,8198.0,163230,178250,8836.0,18,8837.0,9,8838.0,7,8839.0,13,8840.0,8,8841.0,110,8842.0,2,8843.0,2,8845.0,5,8846.0,5,8841.0
OI501,,13:39:22.500#,8800.0,8876.0,8761.0,9246.0,8198.0,163238,178247,8835.0,13,8836.0,18,8837.0,9,8838.0,7,8839.0,27,8840.0,2,8841.0,110,8842.0,2,8843.0,2,8845.0,5,8840.0
OI501,,13:39:22.750#,8800.0,8876.0,8761.0,9246.0,8198.0,163238,178247,8835.0,13,8836.0,18,8837.0,9,8838.0,7,8839.0,10,8840.0,4,8841.0,110,8842.0,2,8843.0,2,8845.0,5,8840.0
OI501,,13:39:23.0#,8800.0,8876.0,8761.0,9246.0,8198.0,163238,178247,8835.0,13,8836.0,18,8837.0,9,8838.0,7,8839.0,10,8840.0,3,8841.0,120,8842.0,2,8843.0,2,8845.0,5,8840.0
OI501,,13:39:23.250#,8800.0,8876.0,8761.0,9246.0,8198.0,163238,178247,8835.0,13,8836.0,18,8837.0,9,8838.0,7,8839.0,10,8840.0,4,8841.0,121,8842.0,2,8843.0,2,8845.0,5,8840.0
OI501,,13:39:23.500#,8800.0,8876.0,8761.0,9246.0,8198.0,163238,178247,8835.0,13,8836.0,18,8837.0,9,8838.0,7,8839.0,10,8840.0,2,8841.0,121,8842.0,2,8843.0,2,8845.0,5,8840.0
OI501,,13:39:23.750#,8800.0,8876.0,8761.0,9246.0,8198.0,163238,178247,8835.0,13,8836.0,18,8837.0,9,8838.0,7,8839.0,10,8840.0,3,8841.0,121,8842.0,2,8843.0,2,8845.0,5,8840.0
OI501,,13:39:24.0#,8800.0,8876.0,8761.0,9246.0,8198.0,163238,178247,8835.0,13,8836.0,18,8837.0,9,8838.0,7,8839.0,10,8840.0,3,8841.0,121,8842.0,2,8843.0,2,8845.0,5,8840.0
OI501,,13:39:24.250#,8800.0,8876.0,8761.0,9246.0,8198.0,163239,178247,8835.0,13,8836.0,18,8837.0,9,8838.0,7,8839.0,10,8840.0,2,8841.0,121,8842.0,2,8843.0,2,8845.0,5,8840.0
OI501,,13:39:24.500#,8800.0,8876.0,8761.0,9246.0,8198.0,163239,178247,8835.0,13,8836.0,18,8837.0,9,8838.0,7,8839.0,10,8840.0,4,8841.0,121,8842.0,2,8843.0,2,8845.0,5,8840.0
OI501,,13:39:24.750#,8800.0,8876.0,8761.0,9246.0,8198.0,163239,178247,8835.0,13,8836.0,18,8837.0,9,8838.0,7,8839.0,10,8840.0,5,8841.0,121,8842.0,2,8843.0,2,8845.0,5,8840.0
OI501,,13:39:25.250#,8800.0,8876.0,8761.0,9246.0,8198.0,163239,178247,8835.0,13,8836.0,18,8837.0,9,8838.0,7,8839.0,10,8840.0,5,8841.0,121,8842.0,2,8843.0,2,8845.0,5,8840.0
OI501,,13:39:26.500#,8800.0,8876.0,8761.0,9246.0,8198.0,163240,178247,8835.0,13,8836.0,18,8837.0,9,8838.0,7,8839.0,9,8840.0,5,8841.0,121,8842.0,2,8843.0,2,8845.0,5,8839.0
OI501,,13:39:26.750#,8800.0,8876.0,8761.0,9246.0,8198.0,163245,178245,8835.0,13,8836.0,18,8837.0,9,8838.0,7,8839.0,6,8840.0,3,8841.0,121,8842.0,2,8843.0,2,8845.0,5,8840.0
OI501,,13:39:27.500#,8800.0,8876.0,8761.0,9246.0,8198.0,163251,178244,8834.0,3,8835.0,13,8836.0,18,8837.0,9,8838.0,13,8840.0,3,8841.0,121,8842.0,2,8843.0,2,8845.0,5,8839.0
OI501,,13:39:27.750#,8800.0,8876.0,8761.0,9246.0,8198.0,163251,178244,8834.0,3,8835.0,13,8836.0,18,8837.0,9,8838.0,7,8839.0,8,8840.0,7,8841.0,121,8842.0,2,8843.0,2,8839.0
OI501,,13:39:28.0#,8800.0,8876.0,8761.0,9246.0,8198.0,163262,178238,8833.0,15,8834.0,3,8835.0,13,8836.0,18,8837.0,19,8838.0,2,8839.0,6,8840.0,7,8841.0,121,8842.0,2,8839.0
OI501,,13:39:28.250#,8800.0,8876.0,8761.0,9246.0,8198.0,163264,178236,8833.0,15,8834.0,3,8835.0,13,8836.0,18,8837.0,15,8839.0,6,8840.0,7,8841.0,121,8842.0,2,8843.0,2,8838.0
OI501,,13:39:28.500#,8800.0,8876.0,8761.0,9246.0,8198.0,163267,178235,8833.0,15,8834.0,3,8835.0,13,8836.0,18,8837.0,11,8838.0,1,8839.0,6,8840.0,7,8841.0,121,8842.0,2,8837.0
OI501,,13:39:28.750#,8800.0,8876.0,8761.0,9246.0,8198.0,163277,178235,8833.0,15,8834.0,3,8835.0,13,8836.0,18,8837.0,13,8840.0,45,8841.0,121,8842.0,2,8843.0,2,8845.0,5,8840.0
OI501,,13:39:29.0#,8800.0,8876.0,8761.0,9246.0,8198.0,163277,178235,8834.0,3,8835.0,13,8836.0,18,8837.0,10,8838.0,4,8839.0,6,8840.0,9,8841.0,121,8842.0,2,8843.0,2,8840.0
OI501,,13:39:29.250#,8800.0,8876.0,8761.0,9246.0,8198.0,163282,178232,8834.0,3,8835.0,12,8836.0,18,8837.0,10,8838.0,4,8839.0,3,8840.0,9,8841.0,121,8842.0,2,8843.0,2,8838.0
OI501,,13:39:29.500#,8800.0,8876.0,8761.0,9246.0,8198.0,163282,178232,8834.0,3,8835.0,12,8836.0,19,8837.0,10,8838.0,4,8839.0,1,8840.0,9,8841.0,121,8842.0,2,8843.0,3,8838.0
OI501,,13:39:29.750#,8800.0,8876.0,8761.0,9246.0,8198.0,163282,178232,8834.0,3,8835.0,12,8836.0,19,8837.0,10,8838.0,4,8839.0,1,8840.0,9,8841.0,121,8842.0,2,8843.0,3,8838.0
OI501,,13:39:30.250#,8800.0,8876.0,8761.0,9246.0,8198.0,163282,178232,8834.0,3,8835.0,12,8836.0,19,8837.0,10,8838.0,7,8839.0,1,8840.0,9,8841.0,121,8842.0,2,8843.0,3,8838.0
OI501,,13:39:30.500#,8800.0,8876.0,8761.0,9246.0,8198.0,163283,178233,8834.0,3,8835.0,12,8836.0,19,8837.0,10,8838.0,7,8840.0,33,8841.0,121,8842.0,2,8843.0,3,8845.0,4,8839.0
OI501,,13:39:30.750#,8800.0,8876.0,8761.0,9246.0,8198.0,163283,178233,8834.0,3,8835.0,12,8836.0,19,8837.0,10,8838.0,7,8840.0,32,8841.0,121,8842.0,2,8843.0,3,8845.0,4,8839.0
OI501,,13:39:31.0#,8800.0,8876.0,8761.0,9246.0,8198.0,163283,178233,8834.0,3,8835.0,12,8836.0,19,8837.0,10,8838.0,8,8840.0,34,8841.0,121,8842.0,2,8843.0,3,8844.0,1,8839.0
OI501,,13:39:31.250#,8800.0,8876.0,8761.0,9246.0,8198.0,163283,178233,8835.0,12,8836.0,19,8837.0,10,8838.0,8,8839.0,1,8840.0,29,8841.0,121,8842.0,2,8843.0,3,8844.0,2,8839.0
OI501,,13:39:31.500#,8800.0,8876.0,8761.0,9246.0,8198.0,163284,178232,8835.0,12,8836.0,19,8837.0,10,8838.0,8,8839.0,2,8840.0,8,8841.0,121,8842.0,2,8843.0,3,8844.0,2,8839.0
OI501,,13:39:31.750#,8800.0,8876.0,8761.0,9246.0,8198.0,163284,178232,8835.0,12,8836.0,19,8837.0,10,8838.0,8,8839.0,2,8840.0,7,8841.0,121,8842.0,2,8843.0,3,8844.0,2,8839.0
OI501,,13:39:32.0#,8800.0,8876.0,8761.0,9246.0,8198.0,163284,178232,8835.0,12,8836.0,19,8837.0,10,8838.0,8,8839.0,2,8840.0,11,8841.0,121,8842.0,2,8843.0,3,8844.0,2,8839.0
OI501,,13:39:32.250#,8800.0,8876.0,8761.0,9246.0,8198.0,163284,178232,8835.0,12,8836.0,19,8837.0,10,8838.0,8,8839.0,8,8840.0,11,8841.0,121,8842.0,2,8843.0,4,8844.0,2,8839.0
OI501,,13:39:32.500#,8800.0,8876.0,8761.0,9246.0,8198.0,163284,178232,8835.0,12,8836.0,19,8837.0,9,8838.0,7,8839.0,9,8840.0,11,8841.0,121,8842.0,2,8843.0,4,8844.0,2,8839.0
OI501,,13:39:33.250#,8800.0,8876.0,8761.0,9246.0,8198.0,163288,178230,8835.0,12,8836.0,19,8837.0,9,8838.0,7,8839.0,5,8840.0,42,8841.0,121,8842.0,2,8843.0,4,8844.0,2,8839.0
OI501,,13:39:33.500#,8800.0,8876.0,8761.0,9246.0,8198.0,163294,178225,8834.0,3,8835.0,12,8836.0,19,8837.0,9,8838.0,7,8839.0,16,8840.0,8,8841.0,121,8842.0,2,8843.0,4,8839.0
OI501,,13:39:33.750#,8800.0,8876.0,8761.0,9246.0,8198.0,163294,178225,8833.0,16,8834.0,3,8835.0,12,8836.0,19,8837.0,9,8839.0,31,8840.0,8,8841.0,121,8842.0,2,8843.0,4,8839.0
OI501,,13:39:34.0#,8800.0,8876.0,8761.0,9246.0,8198.0,163294,178225,8833.0,16,8834.0,3,8835.0,12,8836.0,19,8837.0,8,8839.0,18,8840.0,8,8841.0,121,8842.0,2,8843.0,4,8839.0
OI501,,13:39:34.250#,8800.0,8876.0,8761.0,9246.0,8198.0,163294,178225,8833.0,16,8834.0,3,8835.0,12,8836.0,19,8837.0,8,8839.0,11,8840.0,8,8841.0,121,8842.0,2,8843.0,4,8839.0
OI501,,13:39:34.500#,8800.0,8876.0,8761.0,9246.0,8198.0,163294,178225,8833.0,16,8834.0,3,8835.0,13,8836.0,19,8837.0,6,8839.0,10,8840.0,8,8841.0,121,8842.0,2,8843.0,4,8839.0
OI501,,13:39:34.750#,8800.0,8876.0,8761.0,9246.0,8198.0,163294,178225,8833.0,16,8834.0,3,8835.0,13,8836.0,19,8837.0,14,8839.0,15,8840.0,8,8841.0,121,8842.0,2,8843.0,4,8839.0
OI501,,13:39:35.0#,8800.0,8876.0,8761.0,9246.0,8198.0,163304,178235,8833.0,16,8834.0,3,8835.0,13,8836.0,19,8837.0,14,8839.0,32,8840.0,8,8841.0,121,8842.0,2,8843.0,4,8839.0
OI501,,13:39:35.250#,8800.0,8876.0,8761.0,9246.0,8198.0,163304,178235,8833.0,16,8834.0,3,8835.0,13,8836.0,19,8837.0,6,8838.0,1,8839.0,6,8840.0,8,8841.0,121,8842.0,2,8839.0
OI501,,13:39:35.500#,8800.0,8876.0,8761.0,9246.0,8198.0,163314,178238,8832.0,4,8833.0,16,8834.0,3,8835.0,13,8836.0,19,8838.0,17,8839.0,6,8840.0,8,8841.0,121,8842.0,2,8838.0
OI501,,13:39:35.750#,8800.0,8876.0,8761.0,9246.0,8198.0,163314,178238,8832.0,4,8833.0,16,8834.0,3,8835.0,13,8836.0,19,8837.0,2,8838.0,1,8839.0,6,8840.0,8,8841.0,120,8838.0
OI501,,13:39:36.0#,8800.0,8876.0,8761.0,9246.0,8198.0,163326,178248,8832.0,4,8833.0,16,8834.0,3,8835.0,13,8836.0,7,8837.0,6,8838.0,1,8839.0,6,8840.0,8,8841.0,120,8836.0
OI501,,13:39:36.250#,8800.0,8876.0,8761.0,9246.0,8198.0,163333,178248,8832.0,4,8833.0,16,8834.0,3,8835.0,13,8836.0,1,8837.0,10,8838.0,1,8839.0,6,8840.0,8,8841.0,120,8837.0
OI501,,13:39:36.500#,8800.0,8876.0,8761.0,9246.0,8198.0,163337,178247,8831.0,7,8832.0,4,8833.0,16,8834.0,3,8835.0,12,8837.0,6,8838.0,1,8839.0,6,8840.0,8,8841.0,121,8836.0
OI501,,13:39:36.750#,8800.0,8876.0,8761.0,9246.0,8198.0,163337,178247,8831.0,7,8832.0,4,8833.0,15,8834.0,3,8835.0,12,8836.0,21,8837.0,1,8838.0,1,8839.0,6,8840.0,8,8836.0
OI501,,13:39:37.0#,8800.0,8876.0,8761.0,9246.0,8198.0,163365,178243,8831.0,8,8832.0,4,8833.0,15,8834.0,3,8835.0,9,8837.0,3,8838.0,1,8839.0,6,8840.0,8,8841.0,121,8835.0
OI501,,13:39:37.250#,8800.0,8876.0,8761.0,9246.0,8198.0,163365,178243,8831.0,8,8832.0,4,8833.0,15,8834.0,3,8835.0,8,8837.0,7,8838.0,1,8839.0,6,8840.0,8,8841.0,121,8835.0
OI501,,13:39:37.500#,8800.0,8876.0,8761.0,9246.0,8198.0,163371,178243,8831.0,8,8832.0,4,8833.0,15,8834.0,3,8835.0,2,8836.0,4,8837.0,1,8838.0,1,8839.0,6,8840.0,8,8835.0
OI501,,13:39:37.750#,8800.0,8876.0,8761.0,9246.0,8198.0,163374,178243,8830.0,28,8831.0,8,8832.0,4,8833.0,15,8834.0,5,8836.0,2,8837.0,2,8838.0,1,8839.0,6,8840.0,8,8834.0
OI501,,13:39:38.0#,8800.0,8876.0,8761.0,9246.0,8198.0,163374,178243,8831.0,8,8832.0,4,8833.0,15,8834.0,5,8835.0,16,8837.0,8,8838.0,1,8839.0,6,8840.0,13,8841.0,121,8834.0
OI501,,13:39:38.250#,8800.0,8876.0,8761.0,9246.0,8198.0,163374,178243,8831.0,8,8832.0,4,8833.0,15,8834.0,5,8835.0,6,8837.0,8,8838.0,1,8839.0,6,8840.0,13,8841.0,121,8834.0
OI501,,13:39:38.500#,8800.0,8876.0,8761.0,9246.0,8198.0,163374,178243,8831.0,8,8832.0,4,8833.0,15,8834.0,5,8835.0,6,8837.0,9,8838.0,1,8839.0,11,8840.0,13,8841.0,121,8834.0
OI501,,13:39:38.750#,8800.0,8876.0,8761.0,9246.0,8198.0,163375,178242,8831.0,8,8832.0,4,8833.0,15,8834.0,5,8835.0,5,8837.0,9,8838.0,1,8839.0,11,8840.0,13,8841.0,121,8835.0
OI501,,13:39:39.0#,8800.0,8876.0,8761.0,9246.0,8198.0,163385,178242,8831.0,8,8832.0,4,8833.0,15,8834.0,5,8835.0,16,8836.0,1,8837.0,3,8838.0,1,8839.0,11,8840.0,13,8835.0
OI501,,13:39:39.250#,8800.0,8876.0,8761.0,9246.0,8198.0,163386,178241,8831.0,8,8832.0,4,8833.0,15,8834.0,5,8835.0,16,8837.0,6,8838.0,1,8839.0,11,8840.0,13,8841.0,121,8836.0
OI501,,13:39:39.500#,8800.0,8876.0,8761.0,9246.0,8198.0,163387,178240,8832.0,4,8833.0,15,8834.0,5,8835.0,16,8836.0,1,8837.0,3,8838.0,1,8839.0,11,8840.0,13,8841.0,121,8836.0
OI501,,13:39:39.750#,8800.0,8876.0,8761.0,9246.0,8198.0,163387,178240,8832.0,4,8833.0,15,8834.0,5,8835.0,16,8836.0,2,8837.0,3,8838.0,1,8839.0,11,8840.0,13,8841.0,121,8836.0
OI501,,13:39:40.0#,8800.0,8876.0,8761.0,9246.0,8198.0,163387,178240,8832.0,4,8833.0,15,8834.0,5,8835.0,16,8836.0,1,8837.0,5,8838.0,1,8839.0,11,8840.0,13,8841.0,121,8836.0
OI501,,13:39:40.250#,8800.0,8876.0,8761.0,9246.0,8198.0,163387,178240,8832.0,4,8833.0,15,8834.0,5,8835.0,16,8836.0,1,8837.0,4,8838.0,1,8839.0,11,8840.0,13,8841.0,121,8836.0
OI501,,13:39:40.500#,8800.0,8876.0,8761.0,9246.0,8198.0,163403,178240,8831.0,8,8832.0,4,8833.0,15,8834.0,5,8835.0,5,8836.0,100,8837.0,3,8838.0,1,8839.0,11,8840.0,13,8835.0
OI501,,13:39:40.750#,8800.0,8876.0,8761.0,9246.0,8198.0,163406,178241,8831.0,8,8832.0,4,8833.0,15,8834.0,5,8835.0,1,8836.0,103,8837.0,3,8838.0,1,8839.0,11,8840.0,13,8835.0
OI501,,13:39:41.0#,8800.0,8876.0,8761.0,9246.0,8198.0,163412,178239,8830.0,28,8831.0,8,8832.0,4,8833.0,15,8834.0,5,8835.0,2,8836.0,102,8837.0,3,8838.0,1,8839.0,11,8835.0
OI501,,13:39:41.250#,8800.0,8876.0,8761.0,9246.0,8198.0,163412,178239,8830.0,28,8831.0,8,8832.0,4,8833.0,15,8834.0,5,8836.0,107,8837.0,3,8838.0,1,8839.0,11,8840.0,13,8835.0
OI501,,13:39:41.500#,8800.0,8876.0,8761.0,9246.0,8198.0,163413,178238,8830.0,28,8831.0,8,8832.0,4,8833.0,15,8834.0,6,8836.0,106,8837.0,3,8838.0,1,8839.0,11,8840.0,13,8836.0
OI501,,13:39:41.750#,8800.0,8876.0,8761.0,9246.0,8198.0,163414,178238,8831.0,8,8832.0,4,8833.0,15,8834.0,6,8835.0,1,8836.0,106,8837.0,3,8838.0,1,8839.0,11,8840.0,13,8835.0
OI501,,13:39:42.0#,8800.0,8876.0,8761.0,9246.0,8198.0,163415,178238,8831.0,8,8832.0,4,8833.0,15,8834.0,2,8835.0,5,8836.0,105,8837.0,3,8838.0,1,8839.0,11,8840.0,13,8835.0
OI501,,13:39:42.250#,8800.0,8876.0,8761.0,9246.0,8198.0,163415,178238,8831.0,8,8832.0,4,8833.0,15,8834.0,2,8835.0,5,8836.0,105,8837.0,3,8838.0,1,8839.0,11,8840.0,13,8835.0
OI501,,13:39:42.500#,8800.0,8876.0,8761.0,9246.0,8198.0,163427,178243,8831.0,8,8832.0,4,8833.0,15,8834.0,2,8835.0,2,8836.0,97,8837.0,3,8838.0,1,8839.0,11,8840.0,13,8835.0
OI501,,13:39:42.750#,8800.0,8876.0,8761.0,9246.0,8198.0,163431,178243,8830.0,29,8831.0,8,8832.0,4,8833.0,15,8834.0,5,8836.0,96,8837.0,3,8838.0,1,8839.0,11,8840.0,13,8834.0
OI501,,13:39:43.0#,8800.0,8876.0,8761.0,9246.0,8198.0,163432,178243,8830.0,30,8831.0,8,8832.0,4,8833.0,15,8834.0,3,8836.0,95,8837.0,3,8838.0,1,8839.0,11,8840.0,13,8836.0
OI501,,13:39:43.250#,8800.0,8876.0,8761.0,9246.0,8198.0,163439,178236,8830.0,30,8831.0,8,8832.0,4,8833.0,15,8834.0,2,8836.0,89,8837.0,7,8838.0,1,8839.0,11,8840.0,13,8836.0
OI501,,13:39:43.500#,8800.0,8876.0,8761.0,9246.0,8198.0,163442,178233,8830.0,30,8831.0,8,8832.0,4,8833.0,15,8834.0,6,8836.0,88,8837.0,7,8838.0,1,8839.0,11,8840.0,13,8836.0
OI501,,13:39:43.750#,8800.0,8876.0,8761.0,9246.0,8198.0,163442,178233,8830.0,32,8831.0,8,8832.0,4,8833.0,15,8834.0,4,8835.0,2,8836.0,85,8837.0,7,8838.0,1,8839.0,11,8836.0
OI501,,13:39:44.0#,8800.0,8876.0,8761.0,9246.0,8198.0,163442,178233,8830.0,33,8831.0,8,8832.0,4,8833.0,15,8834.0,6,8835.0,2,8836.0,85,8837.0,7,8838.0,1,8839.0,7,8836.0
OI501,,13:39:44.250#,8800.0,8876.0,8761.0,9246.0,8198.0,163442,178233,8830.0,33,8831.0,8,8832.0,4,8833.0,15,8834.0,6,8835.0,3,8836.0,85,8837.0,7,8838.0,1,8839.0,7,8836.0
OI501,,13:39:44.750#,8800.0,8876.0,8761.0,9246.0,8198.0,163442,178233,8830.0,33,8831.0,8,8832.0,4,8833.0,15,8834.0,6,8835.0,3,8836.0,85,8837.0,7,8838.0,1,8839.0,7,8836.0
OI501,,13:39:45.250#,8800.0,8876.0,8761.0,9246.0,8198.0,163443,178233,8830.0,33,8831.0,8,8832.0,4,8833.0,15,8834.0,5,8835.0,3,8836.0,85,8837.0,7,8838.0,1,8839.0,7,8834.0
OI501,,13:39:45.500#,8800.0,8876.0,8761.0,9246.0,8198.0,163444,178233,8830.0,33,8831.0,8,8832.0,4,8833.0,15,8834.0,8,8835.0,2,8836.0,85,8837.0,7,8838.0,1,8839.0,7,8835.0
OI501,,13:39:45.750#,8800.0,8876.0,8761.0,9246.0,8198.0,163447,178231,8831.0,8,8832.0,4,8833.0,15,8834.0,6,8835.0,21,8836.0,85,8837.0,7,8838.0,1,8839.0,7,8840.0,9,8835.0
OI501,,13:39:46.0#,8800.0,8876.0,8761.0,9246.0,8198.0,163447,178231,8831.0,9,8832.0,4,8833.0,15,8834.0,6,8835.0,18,8836.0,85,8837.0,7,8838.0,1,8839.0,7,8840.0,9,8835.0
OI501,,13:39:46.250#,8800.0,8876.0,8761.0,9246.0,8198.0,163447,178231,8831.0,9,8832.0,4,8833.0,15,8834.0,6,8835.0,19,8836.0,85,8837.0,7,8838.0,1,8839.0,7,8840.0,9,8835.0
OI501,,13:39:46.500#,8800.0,8876.0,8761.0,9246.0,8198.0,163447,178231,8831.0,9,8832.0,4,8833.0,15,8834.0,6,8835.0,11,8836.0,85,8837.0,7,8838.0,1,8839.0,7,8840.0,9,8835.0
OI501,,13:39:46.750#,8800.0,8876.0,8761.0,9246.0,8198.0,163447,178231,8831.0,9,8832.0,4,8833.0,15,8834.0,6,8835.0,2,8836.0,85,8837.0,7,8838.0,1,8839.0,7,8840.0,9,8835.0
OI501,,13:39:47.0#,8800.0,8876.0,8761.0,9246.0,8198.0,163449,178232,8830.0,34,8831.0,9,8832.0,4,8833.0,15,8834.0,10,8836.0,85,8837.0,7,8838.0,1,8839.0,7,8840.0,9,8835.0
OI501,,13:39:47.250#,8800.0,8876.0,8761.0,9246.0,8198.0,163449,178232,8831.0,9,8832.0,4,8833.0,15,8834.0,10,8835.0,6,8836.0,85,8837.0,7,8838.0,1,8839.0,7,8840.0,9,8835.0
OI501,,13:39:47.500#,8800.0,8876.0,8761.0,9246.0,8198.0,163450,178232,8831.0,9,8832.0,4,8833.0,15,8834.0,10,8835.0,6,8836.0,89,8837.0,7,8838.0,1,8839.0,7,8840.0,8,8836.0
OI501,,13:39:47.750#,8800.0,8876.0,8761.0,9246.0,8198.0,163452,178230,8831.0,9,8832.0,4,8833.0,15,8834.0,13,8835.0,4,8836.0,84,8837.0,7,8838.0,1,8839.0,7,8840.0,8,8835.0
OI501,,13:39:48.0#,8800.0,8876.0,8761.0,9246.0,8198.0,163468,178214,8831.0,9,8832.0,5,8833.0,15,8834.0,13,8835.0,6,8836.0,68,8837.0,7,8838.0,1,8839.0,7,8840.0,8,8836.0
OI501,,13:39:48.250#,8800.0,8876.0,8761.0,9246.0,8198.0,163509,178198,8831.0,9,8832.0,5,8833.0,15,8834.0,13,8835.0,14,8836.0,27,8837.0,7,8838.0,1,8839.0,7,8840.0,8,8836.0
OI501,,13:39:48.500#,8800.0,8876.0,8761.0,9246.0,8198.0,163537,178191,8832.0,5,8833.0,15,8834.0,13,8835.0,11,8836.0,1,8837.0,12,8838.0,1,8839.0,7,8840.0,8,8841.0,121,8835.0
OI501,,13:39:48.750#,8800.0,8876.0,8761.0,9246.0,8198.0,163542,178187,8831.0,9,8832.0,5,8833.0,15,8834.0,13,8835.0,3,8837.0,12,8838.0,1,8839.0,7,8840.0,8,8841.0,121,8835.0
OI501,,13:39:49.0#,8800.0,8876.0,8761.0,9246.0,8198.0,163542,178187,8831.0,9,8832.0,5,8833.0,15,8834.0,13,8835.0,5,8837.0,12,8838.0,1,8839.0,7,8840.0,8,8841.0,121,8835.0
OI501,,13:39:49.250#,8800.0,8876.0,8761.0,9246.0,8198.0,163554,178186,8831.0,9,8832.0,5,8833.0,15,8834.0,13,8835.0,5,8837.0,1,8838.0,1,8839.0,7,8840.0,8,8841.0,121,8835.0
OI501,,13:39:49.500#,8800.0,8876.0,8761.0,9246.0,8198.0,163555,178187,8831.0,9,8832.0,5,8833.0,16,8834.0,13,8835.0,3,8837.0,1,8838.0,1,8839.0,7,8840.0,8,8841.0,121,8836.0
OI501,,13:39:49.750#,8800.0,8876.0,8761.0,9246.0,8198.0,163555,178187,8831.0,9,8832.0,5,8833.0,16,8834.0,13,8835.0,3,8836.0,1,8838.0,1,8839.0,7,8840.0,8,8841.0,121,8836.0
OI501,,13:39:50.0#,8800.0,8876.0,8761.0,9246.0,8198.0,163555,178187,8831.0,9,8832.0,5,8833.0,16,8834.0,13,8835.0,5,8836.0,2,8838.0,1,8839.0,7,8840.0,8,8841.0,121,8836.0
OI501,,13:39:50.250#,8800.0,8876.0,8761.0,9246.0,8198.0,163557,178188,8831.0,9,8832.0,5,8833.0,16,8834.0,13,8835.0,11,8837.0,3,8838.0,1,8839.0,7,8840.0,8,8841.0,121,8836.0
OI501,,13:39:50.750#,8800.0,8876.0,8761.0,9246.0,8198.0,163557,178188,8832.0,5,8833.0,16,8834.0,13,8835.0,10,8836.0,2,8838.0,4,8839.0,7,8840.0,8,8841.0,121,8842.0,1,8836.0
OI501,,13:39:51.0#,8800.0,8876.0,8761.0,9246.0,8198.0,163558,178187,8832.0,5,8833.0,16,8834.0,13,8835.0,10,8836.0,3,8838.0,6,8839.0,7,8840.0,8,8841.0,121,8842.0,2,8838.0
OI501,,13:39:51.250#,8800.0,8876.0,8761.0,9246.0,8198.0,163558,178187,8832.0,5,8833.0,16,8834.0,13,8835.0,10,8836.0,11,8838.0,6,8839.0,7,8840.0,8,8841.0,111,8842.0,2,8838.0
OI501,,13:39:51.500#,8800.0,8876.0,8761.0,9246.0,8198.0,163558,178187,8832.0,5,8833.0,16,8834.0,13,8835.0,10,8836.0,16,8838.0,6,8839.0,7,8840.0,8,8841.0,111,8842.0,2,8838.0
OI501,,13:39:51.750#,8800.0,8876.0,8761.0,9246.0,8198.0,163573,178175,8832.0,5,8833.0,16,8834.0,13,8835.0,10,8836.0,2,8838.0,5,8839.0,7,8840.0,8,8841.0,111,8842.0,2,8836.0
OI501,,13:39:52.0#,8800.0,8876.0,8761.0,9246.0,8198.0,163573,178175,8832.0,5,8833.0,16,8834.0,13,8835.0,12,8836.0,2,8838.0,6,8839.0,7,8840.0,8,8841.0,111,8842.0,2,8836.0
OI501,,13:39:52.250#,8800.0,8876.0,8761.0,9246.0,8198.0,163574,178175,8832.0,5,8833.0,16,8834.0,13,8835.0,13,8836.0,2,8838.0,6,8839.0,7,8840.0,8,8841.0,111,8842.0,2,8836.0
OI501,,13:39:52.500#,8800.0,8876.0,8761.0,9246.0,8198.0,163575,178175,8832.0,5,8833.0,16,8834.0,13,8835.0,13,8836.0,1,8838.0,6,8839.0,7,8840.0,8,8841.0,111,8842.0,2,8836.0
OI501,,13:39:53.250#,8800.0,8876.0,8761.0,9246.0,8198.0,163575,178175,8832.0,5,8833.0,16,8834.0,13,8835.0,13,8836.0,1,8838.0,4,8839.0,7,8840.0,8,8841.0,111,8842.0,2,8836.0
OI501,,13:39:53.500#,8800.0,8876.0,8761.0,9246.0,8198.0,163575,178175,8832.0,5,8833.0,16,8834.0,13,8835.0,13,8836.0,1,8837.0,5,8838.0,4,8839.0,7,8840.0,8,8841.0,112,8836.0
OI501,,13:39:53.750#,8800.0,8876.0,8761.0,9246.0,8198.0,163575,178175,8832.0,5,8833.0,16,8834.0,13,8835.0,13,8836.0,1,8837.0,19,8838.0,4,8839.0,7,8840.0,8,8841.0,112,8836.0
OI501,,13:39:54.0#,8800.0,8876.0,8761.0,9246.0,8198.0,163576,178174,8831.0,9,8832.0,5,8833.0,16,8834.0,13,8835.0,16,8837.0,21,8838.0,4,8839.0,7,8840.0,8,8841.0,112,8836.0
OI501,,13:39:54.250#,8800.0,8876.0,8761.0,9246.0,8198.0,163576,178174,8831.0,9,8832.0,5,8833.0,16,8834.0,13,8835.0,9,8837.0,15,8838.0,4,8839.0,7,8840.0,8,8841.0,112,8836.0
OI501,,13:39:54.500#,8800.0,8876.0,8761.0,9246.0,8198.0,163576,178174,8831.0,9,8832.0,6,8833.0,16,8834.0,13,8835.0,9,8837.0,15,8838.0,4,8839.0,7,8840.0,8,8841.0,112,8836.0
OI501,,13:39:54.750#,8800.0,8876.0,8761.0,9246.0,8198.0,163576,178174,8831.0,9,8832.0,6,8833.0,16,8834.0,13,8835.0,6,8837.0,19,8838.0,4,8839.0,7,8840.0,8,8841.0,112,8836.0
OI501,,13:39:55.0#,8800.0,8876.0,8761.0,9246.0,8198.0,163576,178174,8831.0,9,8832.0,6,8833.0,16,8834.0,13,8835.0,5,8836.0,2,8837.0,14,8838.0,4,8839.0,7,8840.0,8,8836.0
OI501,,13:39:55.250#,8800.0,8876.0,8761.0,9246.0,8198.0,163576,178174,8831.0,9,8832.0,6,8833.0,16,8834.0,17,8835.0,5,8836.0,2,8837.0,14,8838.0,4,8839.0,7,8840.0,8,8836.0
OI501,,13:39:55.500#,8800.0,8876.0,8761.0,9246.0,8198.0,163579,178172,8831.0,9,8832.0,6,8833.0,16,8834.0,17,8835.0,7,8837.0,18,8838.0,4,8839.0,7,8840.0,8,8841.0,112,8837.0
OI501,,13:39:55.750#,8800.0,8876.0,8761.0,9246.0,8198.0,163579,178172,8831.0,9,8832.0,6,8833.0,16,8834.0,17,8835.0,9,8837.0,16,8838.0,4,8839.0,7,8840.0,8,8841.0,2,8837.0
OI501,,13:39:56.0#,8800.0,8876.0,8761.0,9246.0,8198.0,163581,178170,8831.0,9,8832.0,6,8833.0,16,8834.0,17,8835.0,7,8837.0,9,8838.0,4,8839.0,7,8840.0,8,8841.0,2,8837.0
OI501,,13:39:56.500#,8800.0,8876.0,8761.0,9246.0,8198.0,163581,178170,8831.0,9,8832.0,6,8833.0,16,8834.0,17,8835.0,7,8837.0,6,8838.0,3,8839.0,7,8840.0,8,8841.0,2,8837.0
OI501,,13:39:56.750#,8800.0,8876.0,8761.0,9246.0,8198.0,163582,178169,8832.0,10,8833.0,16,8834.0,17,8835.0,14,8836.0,5,8837.0,1,8838.0,2,8839.0,7,8840.0,8,8841.0,2,8836.0
OI501,,13:39:57.0#,8800.0,8876.0,8761.0,9246.0,8198.0,163582,178169,8832.0,10,8833.0,16,8834.0,17,8835.0,14,8836.0,16,8837.0,1,8838.0,2,8839.0,7,8840.0,8,8841.0,2,8836.0
OI501,,13:39:57.250#,8800.0,8876.0,8761.0,9246.0,8198.0,163584,178169,8832.0,10,8833.0,16,8834.0,17,8835.0,14,8836.0,16,8837.0,1,8838.0,2,8839.0,7,8840.0,8,8841.0,2,8837.0
OI501,,13:39:57.500#,8800.0,8876.0,8761.0,9246.0,8198.0,163584,178169,8832.0,10,8833.0,16,8834.0,17,8835.0,14,8836.0,7,8837.0,1,8838.0,2,8839.0,7,8840.0,8,8841.0,2,8837.0
OI501,,13:39:58.0#,8800.0,8876.0,8761.0,9246.0,8198.0,163585,178169,8832.0,10,8833.0,16,8834.0,17,8835.0,14,8836.0,9,8838.0,7,8839.0,7,8840.0,8,8841.0,2,8842.0,2,8837.0
OI501,,13:39:58.250#,8800.0,8876.0,8761.0,9246.0,8198.0,163585,178169,8832.0,10,8833.0,16,8834.0,17,8835.0,15,8836.0,6,8838.0,6,8839.0,7,8840.0,8,8841.0,2,8842.0,2,8837.0
OI501,,13:39:58.500#,8800.0,8876.0,8761.0,9246.0,8198.0,163585,178169,8832.0,10,8833.0,16,8834.0,17,8835.0,15,8836.0,6,8838.0,7,8839.0,7,8840.0,8,8841.0,2,8842.0,2,8837.0
OI501,,13:39:58.750#,8800.0,8876.0,8761.0,9246.0,8198.0,163585,178169,8832.0,10,8833.0,16,8834.0,17,8835.0,15,8836.0,6,8838.0,7,8839.0,7,8840.0,9,8841.0,2,8842.0,2,8837.0
OI501,,13:39:59.0#,8800.0,8876.0,8761.0,9246.0,8198.0,163585,178169,8832.0,10,8833.0,16,8834.0,17,8835.0,15,8836.0,6,8838.0,7,8839.0,7,8840.0,10,8841.0,2,8842.0,2,8837.0
OI501,,13:39:59.250#,8800.0,8876.0,8761.0,9246.0,8198.0,163585,178169,8832.0,10,8833.0,16,8834.0,17,8835.0,15,8836.0,6,8837.0,4,8838.0,2,8839.0,7,8840.0,10,8841.0,2,8837.0
OI501,,13:39:59.500#,8800.0,8876.0,8761.0,9246.0,8198.0,163586,178168,8832.0,10,8833.0,16,8834.0,17,8835.0,15,8836.0,5,8837.0,4,8838.0,2,8839.0,7,8840.0,10,8841.0,2,8836.0
OI501,,13:39:59.750#,8800.0,8876.0,8761.0,9246.0,8198.0,163591,178168,8831.0,9,8832.0,10,8833.0,15,8834.0,17,8835.0,15,8836.0,105,8837.0,4,8838.0,2,8839.0,7,8840.0,10,8836.0
OI501,,13:40:00.0#,8800.0,8876.0,8761.0,9246.0,8198.0,163593,178166,8831.0,9,8832.0,10,8833.0,15,8834.0,17,8835.0,6,8836.0,104,8837.0,4,8838.0,2,8839.0,7,8840.0,10,8836.0
OI501,,13:40:00.500#,8800.0,8876.0,8761.0,9246.0,8198.0,163593,178166,8831.0,9,8832.0,10,8833.0,15,8834.0,17,8835.0,7,8836.0,104,8837.0,4,8838.0,2,8839.0,7,8840.0,10,8836.0
OI501,,13:40:00.750#,8800.0,8876.0,8761.0,9246.0,8198.0,163594,178165,8831.0,9,8832.0,10,8833.0,15,8834.0,17,8835.0,7,8836.0,104,8837.0,4,8838.0,2,8839.0,7,8840.0,10,8836.0
OI501,,13:40:01.0#,8800.0,8876.0,8761.0,9246.0,8198.0,163599,178160,8831.0,9,8832.0,10,8833.0,15,8834.0,17,8835.0,7,8836.0,99,8837.0,4,8838.0,2,8839.0,7,8840.0,10,8836.0
OI501,,13:40:01.500#,8800.0,8876.0,8761.0,9246.0,8198.0,163599,178160,8831.0,9,8832.0,10,8833.0,15,8834.0,17,8835.0,10,8836.0,99,8837.0,4,8838.0,2,8839.0,7,8840.0,10,8836.0
OI501,,13:40:01.750#,8800.0,8876.0,8761.0,9246.0,8198.0,163599,178160,8831.0,9,8832.0,10,8833.0,15,8834.0,17,8835.0,12,8836.0,99,8837.0,4,8838.0,2,8839.0,7,8840.0,10,8836.0
OI501,,13:40:02.0#,8800.0,8876.0,8761.0,9246.0,8198.0,163600,178159,8831.0,9,8832.0,10,8833.0,15,8834.0,17,8835.0,10,8836.0,98,8837.0,4,8838.0,2,8839.0,7,8840.0,10,8836.0
OI501,,13:40:02.250#,8800.0,8876.0,8761.0,9246.0,8198.0,163601,178158,8831.0,9,8832.0,10,8833.0,15,8834.0,17,8835.0,10,8836.0,97,8837.0,4,8838.0,2,8839.0,7,8840.0,10,8836.0
OI501,,13:40:02.500#,8800.0,8876.0,8761.0,9246.0,8198.0,163602,178158,8831.0,9,8832.0,10,8833.0,15,8834.0,17,8835.0,12,8836.0,96,8837.0,4,8838.0,2,8839.0,7,8840.0,10,8836.0
OI501,,13:40:02.750#,8800.0,8876.0,8761.0,9246.0,8198.0,163628,178132,8831.0,9,8832.0,10,8833.0,15,8834.0,17,8835.0,10,8836.0,75,8837.0,4,8838.0,2,8839.0,7,8840.0,10,8836.0
OI501,,13:40:03.0#,8800.0,8876.0,8761.0,9246.0,8198.0,163643,178132,8831.0,9,8832.0,10,8833.0,15,8834.0,17,8835.0,10,8836.0,60,8837.0,4,8838.0,2,8839.0,7,8840.0,10,8836.0
OI501,,13:40:03.250#,8800.0,8876.0,8761.0,9246.0,8198.0,163643,178132,8831.0,9,8832.0,10,8833.0,15,8834.0,17,8835.0,9,8836.0,61,8837.0,4,8838.0,2,8839.0,7,8840.0,10,8836.0
OI501,,13:40:03.500#,8800.0,8876.0,8761.0,9246.0,8198.0,163704,178073,8831.0,9,8832.0,10,8833.0,15,8834.0,17,8835.0,8,8837.0,5,8838.0,2,8839.0,7,8840.0,10,8841.0,2,8836.0
OI501,,13:40:03.750#,8800.0,8876.0,8761.0,9246.0,8198.0,163704,178073,8831.0,9,8832.0,10,8833.0,15,8834.0,17,8835.0,12,8836.0,2,8837.0,4,8838.0,2,8839.0,7,8840.0,10,8836.0
OI501,,13:40:04.0#,8800.0,8876.0,8761.0,9246.0,8198.0,163706,178075,8831.0,9,8832.0,10,8833.0,15,8834.0,17,8835.0,9,8837.0,7,8838.0,2,8839.0,7,8840.0,10,8841.0,2,8836.0
OI501,,13:40:04.250#,8800.0,8876.0,8761.0,9246.0,8198.0,163716,178070,8830.0,34,8831.0,9,8832.0,10,8833.0,15,8834.0,40,8837.0,6,8838.0,2,8839.0,7,8840.0,10,8841.0,2,8835.0
OI501,,13:40:04.500#,8800.0,8876.0,8761.0,9246.0,8198.0,163724,178078,8831.0,9,8832.0,10,8833.0,15,8834.0,18,8835.0,2,8836.0,2,8837.0,4,8838.0,2,8839.0,7,8840.0,10,8835.0
OI501,,13:40:04.750#,8800.0,8876.0,8761.0,9246.0,8198.0,163727,178080,8830.0,34,8831.0,9,8832.0,10,8833.0,15,8834.0,30,8835.0,1,8836.0,3,8837.0,4,8838.0,2,8839.0,7,8836.0
OI501,,13:40:05.0#,8800.0,8876.0,8761.0,9246.0,8198.0,163728,178079,8830.0,34,8831.0,9,8832.0,10,8833.0,15,8834.0,21,8836.0,27,8837.0,4,8838.0,2,8839.0,7,8840.0,10,8836.0
OI501,,13:40:05.250#,8800.0,8876.0,8761.0,9246.0,8198.0,163728,178079,8830.0,34,8831.0,9,8832.0,10,8833.0,15,8834.0,43,8836.0,32,8837.0,4,8838.0,2,8839.0,7,8840.0,10,8836.0
OI501,,13:40:05.500#,8800.0,8876.0,8761.0,9246.0,8198.0,163731,178076,8830.0,34,8831.0,9,8832.0,10,8833.0,15,8834.0,27,8836.0,19,8837.0,4,8838.0,2,8839.0,7,8840.0,10,8834.0
OI501,,13:40:05.750#,8800.0,8876.0,8761.0,9246.0,8198.0,163731,178076,8830.0,34,8831.0,9,8832.0,10,8833.0,15,8834.0,23,8836.0,28,8837.0,4,8838.0,2,8839.0,7,8840.0,10,8834.0
OI501,,13:40:06.0#,8800.0,8876.0,8761.0,9246.0,8198.0,163732,178075,8830.0,34,8831.0,9,8832.0,10,8833.0,15,8834.0,31,8835.0,1,8836.0,3,8837.0,4,8838.0,2,8839.0,7,8835.0
OI501,,13:40:06.250#,8800.0,8876.0,8761.0,9246.0,8198.0,163733,178074,8830.0,34,8831.0,9,8832.0,10,8833.0,15,8834.0,31,8836.0,53,8837.0,4,8838.0,2,8839.0,7,8840.0,10,8835.0
OI501,,13:40:06.500#,8800.0,8876.0,8761.0,9246.0,8198.0,163733,178074,8830.0,34,8831.0,9,8832.0,10,8833.0,15,8834.0,18,8836.0,44,8837.0,4,8838.0,2,8839.0,7,8840.0,10,8835.0
OI501,,13:40:06.750#,8800.0,8876.0,8761.0,9246.0,8198.0,163733,178074,8830.0,34,8831.0,9,8832.0,10,8833.0,15,8834.0,18,8835.0,4,8836.0,3,8837.0,4,8838.0,2,8839.0,7,8835.0
OI501,,13:40:07.0#,8800.0,8876.0,8761.0,9246.0,8198.0,163733,178074,8830.0,34,8831.0,9,8832.0,10,8833.0,15,8834.0,18,8835.0,32,8836.0,3,8837.0,4,8838.0,2,8839.0,7,8835.0
OI501,,13:40:07.250#,8800.0,8876.0,8761.0,9246.0,8198.0,163745,178072,8830.0,34,8831.0,9,8832.0,10,8833.0,15,8834.0,11,8835.0,1,8836.0,3,8837.0,4,8838.0,2,8839.0,7,8834.0
OI501,,13:40:07.500#,8800.0,8876.0,8761.0,9246.0,8198.0,163745,178072,8830.0,34,8831.0,9,8832.0,10,8833.0,15,8834.0,11,8835.0,4,8836.0,3,8837.0,4,8838.0,2,8839.0,7,8834.0
OI501,,13:40:07.750#,8800.0,8876.0,8761.0,9246.0,8198.0,163746,178072,8830.0,34,8831.0,9,8832.0,10,8833.0,15,8834.0,11,8835.0,24,8836.0,3,8837.0,4,8838.0,2,8839.0,7,8835.0
OI501,,13:40:08.0#,8800.0,8876.0,8761.0,9246.0,8198.0,163746,178072,8830.0,34,8831.0,9,8832.0,10,8833.0,15,8834.0,11,8835.0,18,8836.0,3,8837.0,4,8838.0,2,8839.0,7,8835.0
OI501,,13:40:08.250#,8800.0,8876.0,8761.0,9246.0,8198.0,163750,178068,8830.0,34,8831.0,9,8832.0,10,8833.0,15,8834.0,8,8835.0,10,8836.0,3,8837.0,4,8838.0,2,8839.0,7,8834.0
OI501,,13:40:08.500#,8800.0,8876.0,8761.0,9246.0,8198.0,163757,178061,8829.0,7,8830.0,34,8831.0,9,8832.0,11,8833.0,19,8834.0,20,8836.0,5,8837.0,4,8838.0,2,8839.0,7,8834.0
OI501,,13:40:08.750#,8800.0,8876.0,8761.0,9246.0,8198.0,163757,178061,8829.0,7,8830.0,34,8831.0,9,8832.0,11,8833.0,15,8834.0,70,8836.0,5,8837.0,4,8838.0,2,8839.0,5,8834.0
OI501,,13:40:09.0#,8800.0,8876.0,8761.0,9246.0,8198.0,163772,178062,8828.0,5,8829.0,7,8830.0,34,8831.0,8,8832.0,50,8833.0,1,8834.0,23,8836.0,5,8837.0,4,8838.0,2,8833.0
OI501,,13:40:09.250#,8800.0,8876.0,8761.0,9246.0,8198.0,163775,178060,8828.0,6,8829.0,7,8830.0,34,8831.0,8,8832.0,28,8834.0,52,8836.0,5,8838.0,3,8840.0,10,8841.0,1,8833.0
OI501,,13:40:09.500#,8800.0,8876.0,8761.0,9246.0,8198.0,163775,178060,8828.0,6,8829.0,7,8830.0,34,8831.0,8,8832.0,12,8833.0,19,8834.0,23,8836.0,5,8838.0,4,8839.0,1,8833.0
OI501,,13:40:09.750#,8800.0,8876.0,8761.0,9246.0,8198.0,163787,178053,8827.0,3,8828.0,6,8829.0,7,8830.0,34,8831.0,33,8833.0,30,8834.0,23,8836.0,5,8837.0,1,8838.0,4,8833.0
OI501,,13:40:10.0#,8800.0,8876.0,8761.0,9246.0,8198.0,163787,178053,8827.0,3,8828.0,6,8829.0,7,8830.0,34,8831.0,34,8833.0,44,8834.0,23,8836.0,10,8837.0,1,8838.0,4,8833.0
OI501,,13:40:10.250#,8800.0,8876.0,8761.0,9246.0,8198.0,163787,178053,8827.0,3,8828.0,6,8829.0,7,8830.0,34,8831.0,27,8832.0,1,8833.0,13,8834.0,23,8836.0,10,8837.0,1,8833.0
OI501,,13:40:10.500#,8800.0,8876.0,8761.0,9246.0,8198.0,163788,178052,8827.0,3,8828.0,6,8829.0,8,8830.0,34,8831.0,21,8833.0,48,8834.0,23,8836.0,10,8837.0,1,8838.0,4,8832.0
OI501,,13:40:10.750#,8800.0,8876.0,8761.0,9246.0,8198.0,163789,178052,8827.0,3,8828.0,6,8829.0,8,8830.0,34,8831.0,8,8832.0,9,8833.0,13,8834.0,23,8836.0,10,8837.0,1,8832.0
OI501,,13:40:11.0#,8800.0,8876.0,8761.0,9246.0,8198.0,163793,178052,8827.0,3,8828.0,6,8829.0,8,8830.0,34,8831.0,7,8832.0,10,8833.0,13,8834.0,23,8836.0,10,8837.0,1,8831.0
OI501,,13:40:11.250#,8800.0,8876.0,8761.0,9246.0,8198.0,163795,178051,8827.0,3,8828.0,6,8829.0,8,8830.0,34,8831.0,5,8832.0,8,8833.0,13,8834.0,21,8836.0,10,8837.0,1,8831.0
OI501,,13:40:11.500#,8800.0,8876.0,8761.0,9246.0,8198.0,163802,178052,8827.0,3,8828.0,6,8829.0,8,8830.0,34,8831.0,10,8832.0,4,8833.0,13,8834.0,21,8836.0,10,8837.0,1,8832.0
OI501,,13:40:11.750#,8800.0,8876.0,8761.0,9246.0,8198.0,163802,178052,8827.0,3,8828.0,6,8829.0,8,8830.0,34,8831.0,10,8832.0,15,8833.0,13,8834.0,21,8836.0,10,8837.0,1,8832.0
OI501,,13:40:12.0#,8800.0,8876.0,8761.0,9246.0,8198.0,163805,178055,8827.0,3,8828.0,6,8829.0,8,8830.0,34,8831.0,7,8832.0,18,8833.0,13,8834.0,21,8836.0,10,8837.0,1,8831.0
OI501,,13:40:12.250#,8800.0,8876.0,8761.0,9246.0,8198.0,163805,178055,8827.0,3,8828.0,6,8829.0,8,8830.0,34,8831.0,7,8832.0,19,8833.0,13,8834.0,21,8836.0,10,8837.0,1,8831.0
OI501,,13:40:12.500#,8800.0,8876.0,8761.0,9246.0,8198.0,163813,178054,8826.0,17,8827.0,3,8828.0,6,8829.0,8,8830.0,47,8832.0,17,8833.0,13,8834.0,21,8836.0,10,8837.0,1,8831.0
OI501,,13:40:12.750#,8800.0,8876.0,8761.0,9246.0,8198.0,163814,178054,8826.0,17,8827.0,3,8828.0,6,8829.0,8,8830.0,34,8831.0,4,8832.0,3,8833.0,13,8834.0,21,8836.0,10,8831.0
OI501,,13:40:13.0#,8800.0,8876.0,8761.0,9246.0,8198.0,163834,178036,8826.0,17,8827.0,3,8828.0,6,8829.0,8,8830.0,68,8831.0,82,8832.0,3,8833.0,13,8834.0,21,8836.0,10,8831.0
OI501,,13:40:13.250#,8800.0,8876.0,8761.0,9246.0,8198.0,163916,178036,8826.0,18,8827.0,3,8828.0,6,8829.0,8,8830.0,51,8832.0,23,8833.0,13,8834.0,21,8836.0,11,8837.0,1,8831.0
OI501,,13:40:13.500#,8800.0,8876.0,8761.0,9246.0,8198.0,163953,178027,8826.0,18,8827.0,3,8828.0,6,8829.0,8,8830.0,2,8831.0,78,8832.0,2,8833.0,13,8834.0,21,8836.0,11,8830.0
OI501,,13:40:13.750#,8800.0,8876.0,8761.0,9246.0,8198.0,163960,178027,8825.0,23,8826.0,18,8827.0,3,8828.0,6,8829.0,9,8830.0,14,8831.0,7,8833.0,13,8834.0,21,8836.0,11,8829.0
OI501,,13:40:14.0#,8800.0,8876.0,8761.0,9246.0,8198.0,164015,177975,8825.0,23,8826.0,18,8827.0,3,8828.0,3,8829.0,11,8831.0,18,8833.0,14,8834.0,21,8836.0,11,8837.0,1,8831.0
OI501,,13:40:14.250#,8800.0,8876.0,8761.0,9246.0,8198.0,164022,177975,8826.0,18,8827.0,3,8828.0,3,8829.0,1,8830.0,2,8831.0,1,8833.0,14,8834.0,21,8836.0,11,8837.0,1,8831.0
OI501,,13:40:14.500#,8800.0,8876.0,8761.0,9246.0,8198.0,164027,177970,8826.0,18,8827.0,3,8828.0,3,8829.0,1,8830.0,16,8832.0,22,8833.0,14,8834.0,21,8836.0,11,8837.0,1,8830.0
OI501,,13:40:14.750#,8800.0,8876.0,8761.0,9246.0,8198.0,164030,177967,8825.0,23,8826.0,18,8827.0,3,8828.0,3,8829.0,32,8832.0,27,8833.0,14,8834.0,21,8836.0,11,8837.0,1,8830.0
OI501,,13:40:15.0#,8800.0,8876.0,8761.0,9246.0,8198.0,164032,177967,8825.0,23,8826.0,18,8827.0,3,8828.0,3,8829.0,31,8831.0,44,8832.0,1,8833.0,14,8834.0,21,8836.0,11,8829.0
OI501,,13:40:15.250#,8800.0,8876.0,8761.0,9246.0,8198.0,164033,177966,8825.0,23,8826.0,18,8827.0,3,8828.0,3,8829.0,20,8831.0,15,8832.0,1,8833.0,14,8834.0,21,8836.0,10,8831.0
OI501,,13:40:15.500#,8800.0,8876.0,8761.0,9246.0,8198.0,164038,177966,8825.0,23,8826.0,18,8827.0,3,8828.0,3,8829.0,11,8830.0,1,8831.0,6,8832.0,1,8833.0,14,8834.0,21,8831.0
OI501,,13:40:15.750#,8800.0,8876.0,8761.0,9246.0,8198.0,164041,177966,8825.0,23,8826.0,18,8827.0,3,8828.0,3,8829.0,6,8831.0,15,8832.0,1,8833.0,14,8834.0,21,8836.0,10,8830.0
OI501,,13:40:16.0#,8800.0,8876.0,8761.0,9246.0,8198.0,164055,177967,8826.0,18,8827.0,3,8828.0,3,8829.0,4,8831.0,86,8832.0,45,8833.0,15,8834.0,21,8836.0,10,8837.0,1,8831.0
OI501,,13:40:16.250#,8800.0,8876.0,8761.0,9246.0,8198.0,164077,177973,8827.0,3,8828.0,3,8829.0,4,8830.0,7,8831.0,64,8833.0,221,8834.0,21,8836.0,10,8837.0,1,8838.0,1,8831.0
OI501,,13:40:16.500#,8800.0,8876.0,8761.0,9246.0,8198.0,164148,177973,8825.0,23,8826.0,18,8827.0,3,8828.0,3,8829.0,6,8830.0,43,8831.0,2,8832.0,9,8833.0,15,8834.0,21,8830.0
OI501,,13:40:16.750#,8800.0,8876.0,8761.0,9246.0,8198.0,164150,177973,8826.0,18,8827.0,3,8828.0,3,8829.0,4,8830.0,3,8831.0,2,8832.0,16,8833.0,15,8834.0,21,8836.0,10,8830.0
OI501,,13:40:17.0#,8800.0,8876.0,8761.0,9246.0,8198.0,164156,177971,8826.0,18,8827.0,3,8828.0,3,8829.0,4,8830.0,33,8831.0,2,8832.0,16,8833.0,15,8834.0,21,8836.0,10,8830.0
OI501,,13:40:17.250#,8800.0,8876.0,8761.0,9246.0,8198.0,164159,177970,8825.0,23,8826.0,18,8827.0,3,8828.0,3,8829.0,14,8831.0,7,8832.0,16,8833.0,15,8834.0,21,8836.0,10,8829.0
OI501,,13:40:17.500#,8800.0,8876.0,8761.0,9246.0,8198.0,164159,177970,8825.0,23,8826.0,18,8827.0,3,8828.0,3,8829.0,31,8830.0,1,8831.0,4,8832.0,16,8833.0,15,8834.0,21,8829.0
OI501,,13:40:17.750#,8800.0,8876.0,8761.0,9246.0,8198.0,164160,177970,8826.0,18,8827.0,3,8828.0,3,8829.0,5,8830.0,21,8831.0,4,8832.0,16,8833.0,15,8834.0,21,8836.0,10,8830.0
OI501,,13:40:18.0#,8800.0,8876.0,8761.0,9246.0,8198.0,164161,177969,8826.0,18,8827.0,3,8828.0,3,8829.0,5,8830.0,9,8831.0,3,8832.0,16,8833.0,16,8834.0,21,8836.0,10,8831.0
OI501,,13:40:18.250#,8800.0,8876.0,8761.0,9246.0,8198.0,164161,177969,8826.0,18,8827.0,3,8828.0,3,8829.0,5,8830.0,6,8831.0,10,8832.0,16,8833.0,16,8834.0,21,8836.0,10,8831.0
OI501,,13:40:18.500#,8800.0,8876.0,8761.0,9246.0,8198.0,164167,177963,8826.0,18,8827.0,3,8828.0,3,8829.0,5,8831.0,1,8832.0,32,8833.0,16,8834.0,21,8836.0,10,8837.0,1,8831.0
OI501,,13:40:18.750#,8800.0,8876.0,8761.0,9246.0,8198.0,164167,177963,8826.0,18,8827.0,4,8828.0,3,8829.0,5,8830.0,21,8832.0,18,8833.0,16,8834.0,21,8836.0,10,8837.0,1,8831.0
OI501,,13:40:19.0#,8800.0,8876.0,8761.0,9246.0,8198.0,164169,177963,8827.0,4,8828.0,3,8829.0,5,8830.0,1,8831.0,29,8832.0,43,8833.0,16,8834.0,21,8836.0,10,8837.0,1,8831.0
OI501,,13:40:19.250#,8800.0,8876.0,8761.0,9246.0,8198.0,164180,177963,8827.0,4,8828.0,3,8829.0,5,8830.0,1,8831.0,18,8832.0,31,8833.0,16,8834.0,21,8836.0,10,8837.0,1,8831.0
OI501,,13:40:19.500#,8800.0,8876.0,8761.0,9246.0,8198.0,164194,177962,8827.0,4,8828.0,3,8829.0,5,8830.0,1,8831.0,5,8832.0,21,8833.0,16,8834.0,21,8836.0,10,8837.0,1,8832.0
OI501,,13:40:19.750#,8800.0,8876.0,8761.0,9246.0,8198.0,164209,177962,8826.0,18,8827.0,4,8828.0,3,8829.0,10,8830.0,13,8832.0,15,8833.0,16,8834.0,21,8836.0,10,8837.0,1,8832.0
OI501,,13:40:20.0#,8800.0,8876.0,8761.0,9246.0,8198.0,164214,177957,8827.0,4,8828.0,3,8829.0,10,8830.0,1,8831.0,3,8832.0,6,8833.0,16,8834.0,21,8836.0,10,8837.0,1,8830.0
OI501,,13:40:20.250#,8800.0,8876.0,8761.0,9246.0,8198.0,164215,177956,8826.0,18,8827.0,4,8828.0,3,8829.0,10,8830.0,39,8831.0,4,8832.0,6,8833.0,16,8834.0,21,8836.0,10,8831.0
OI501,,13:40:20.500#,8800.0,8876.0,8761.0,9246.0,8198.0,164216,177956,8826.0,18,8827.0,4,8828.0,3,8829.0,10,8830.0,29,8831.0,5,8832.0,6,8833.0,16,8834.0,21,8836.0,10,8830.0
OI501,,13:40:20.750#,8800.0,8876.0,8761.0,9246.0,8198.0,164217,177956,8826.0,18,8827.0,4,8828.0,3,8829.0,10,8830.0,28,8831.0,4,8832.0,6,8833.0,16,8834.0,21,8836.0,10,8831.0
OI501,,13:40:21.0#,8800.0,8876.0,8761.0,9246.0,8198.0,164220,177957,8826.0,18,8827.0,4,8828.0,3,8829.0,10,8830.0,26,8831.0,3,8832.0,6,8833.0,16,8834.0,21,8836.0,10,8830.0
OI501,,13:40:21.250#,8800.0,8876.0,8761.0,9246.0,8198.0,164223,177957,8826.0,18,8827.0,4,8828.0,3,8829.0,10,8830.0,28,8832.0,28,8833.0,16,8834.0,21,8836.0,10,8837.0,1,8831.0
OI501,,13:40:21.500#,8800.0,8876.0,8761.0,9246.0,8198.0,164223,177957,8827.0,4,8828.0,3,8829.0,10,8830.0,2,8831.0,5,8832.0,6,8833.0,16,8834.0,21,8836.0,10,8837.0,1,8831.0
OI501,,13:40:21.750#,8800.0,8876.0,8761.0,9246.0,8198.0,164224,177957,8827.0,4,8828.0,3,8829.0,10,8830.0,2,8831.0,3,8832.0,3,8833.0,16,8834.0,21,8836.0,10,8837.0,1,8832.0
OI501,,13:40:22.0#,8800.0,8876.0,8761.0,9246.0,8198.0,164224,177957,8827.0,4,8828.0,3,8829.0,10,8830.0,2,8831.0,2,8832.0,3,8833.0,16,8834.0,21,8836.0,10,8837.0,1,8832.0
OI501,,13:40:22.250#,8800.0,8876.0,8761.0,9246.0,8198.0,164224,177957,8827.0,4,8828.0,3,8829.0,10,8830.0,2,8831.0,7,8832.0,3,8833.0,16,8834.0,21,8836.0,10,8837.0,1,8832.0
OI501,,13:40:22.500#,8800.0,8876.0,8761.0,9246.0,8198.0,164224,177957,8827.0,4,8828.0,3,8829.0,10,8830.0,2,8831.0,6,8832.0,3,8833.0,17,8834.0,21,8836.0,10,8837.0,1,8832.0
OI501,,13:40:22.750#,8800.0,8876.0,8761.0,9246.0,8198.0,164226,177958,8827.0,4,8828.0,3,8829.0,10,8830.0,2,8831.0,7,8832.0,2,8833.0,17,8834.0,21,8836.0,10,8837.0,1,8832.0
OI501,,13:40:23.0#,8800.0,8876.0,8761.0,9246.0,8198.0,164228,177958,8827.0,4,8828.0,3,8829.0,10,8830.0,2,8831.0,6,8833.0,114,8834.0,21,8836.0,10,8837.0,1,8838.0,1,8832.0
OI501,,13:40:23.250#,8800.0,8876.0,8761.0,9246.0,8198.0,164229,177958,8827.0,4,8828.0,3,8829.0,10,8830.0,2,8831.0,5,8833.0,112,8834.0,21,8836.0,10,8837.0,1,8838.0,1,8832.0
OI501,,13:40:23.500#,8800.0,8876.0,8761.0,9246.0,8198.0,164241,177947,8826.0,20,8827.0,4,8828.0,3,8829.0,10,8830.0,54,8832.0,19,8833.0,15,8834.0,21,8836.0,10,8837.0,1,8831.0
OI501,,13:40:23.750#,8800.0,8876.0,8761.0,9246.0,8198.0,164242,177947,8827.0,4,8828.0,3,8829.0,10,8830.0,2,8831.0,35,8832.0,20,8833.0,15,8834.0,1,8836.0,10,8837.0,1,8832.0
OI501,,13:40:24.0#,8800.0,8876.0,8761.0,9246.0,8198.0,164262,177940,8827.0,4,8828.0,3,8829.0,10,8830.0,2,8831.0,46,8833.0,112,8834.0,1,8836.0,10,8837.0,1,8838.0,1,8832.0
OI501,,13:40:24.250#,8800.0,8876.0,8761.0,9246.0,8198.0,164263,177939,8827.0,4,8828.0,3,8829.0,10,8830.0,2,8831.0,49,8833.0,112,8834.0,1,8836.0,10,8837.0,1,8838.0,1,8831.0
OI501,,13:40:24.500#,8800.0,8876.0,8761.0,9246.0,8198.0,164263,177939,8827.0,4,8828.0,3,8829.0,10,8830.0,2,8831.0,62,8833.0,113,8834.0,1,8836.0,10,8837.0,1,8838.0,1,8831.0
OI501,,13:40:24.750#,8800.0,8876.0,8761.0,9246.0,8198.0,164263,177939,8828.0,3,8829.0,10,8830.0,2,8831.0,8,8832.0,1,8833.0,113,8834.0,1,8836.0,5,8837.0,1,8838.0,1,8831.0
OI501,,13:40:25.0#,8800.0,8876.0,8761.0,9246.0,8198.0,164263,177939,8828.0,2,8829.0,10,8830.0,2,8831.0,8,8832.0,1,8833.0,113,8834.0,1,8836.0,5,8837.0,1,8838.0,1,8831.0
OI501,,13:40:25.250#,8800.0,8876.0,8761.0,9246.0,8198.0,164263,177939,8828.0,5,8829.0,10,8830.0,2,8831.0,8,8832.0,1,8833.0,113,8834.0,1,8836.0,5,8837.0,1,8838.0,1,8831.0
OI501,,13:40:25.750#,8800.0,8876.0,8761.0,9246.0,8198.0,164264,177940,8827.0,4,8828.0,5,8829.0,10,8830.0,2,8831.0,64,8833.0,113,8834.0,1,8836.0,5,8837.0,1,8838.0,1,8831.0
OI501,,13:40:26.0#,8800.0,8876.0,8761.0,9246.0,8198.0,164264,177940,8827.0,4,8828.0,5,8829.0,10,8830.0,2,8831.0,33,8833.0,113,8834.0,1,8836.0,5,8837.0,1,8838.0,1,8831.0
OI501,,13:40:26.250#,8800.0,8876.0,8761.0,9246.0,8198.0,164265,177939,8827.0,4,8828.0,5,8829.0,10,8830.0,2,8831.0,41,8833.0,112,8834.0,1,8836.0,5,8837.0,1,8838.0,1,8833.0
OI501,,13:40:26.500#,8800.0,8876.0,8761.0,9246.0,8198.0,164267,177939,8827.0,4,8828.0,5,8829.0,10,8830.0,2,8831.0,41,8833.0,105,8834.0,1,8836.0,5,8837.0,1,8838.0,1,8832.0
OI501,,13:40:26.750#,8800.0,8876.0,8761.0,9246.0,8198.0,164267,177939,8827.0,4,8828.0,5,8829.0,10,8830.0,2,8831.0,48,8832.0,5,8833.0,11,8834.0,1,8836.0,5,8837.0,1,8832.0
OI501,,13:40:27.0#,8800.0,8876.0,8761.0,9246.0,8198.0,164272,177942,8828.0,5,8829.0,10,8830.0,2,8831.0,8,8832.0,16,8833.0,100,8834.0,1,8836.0,5,8837.0,1,8838.0,1,8832.0
OI501,,13:40:27.250#,8800.0,8876.0,8761.0,9246.0,8198.0,164283,177942,8828.0,5,8829.0,10,8830.0,2,8831.0,8,8832.0,4,8833.0,89,8834.0,1,8836.0,5,8837.0,1,8838.0,1,8832.0
OI501,,13:40:27.500#,8800.0,8876.0,8761.0,9246.0,8198.0,164287,177942,8827.0,4,8828.0,5,8829.0,10,8830.0,2,8831.0,43,8833.0,83,8834.0,1,8836.0,5,8837.0,1,8838.0,1,8832.0
OI501,,13:40:27.750#,8800.0,8876.0,8761.0,9246.0,8198.0,164287,177942,8828.0,5,8829.0,10,8830.0,2,8831.0,8,8832.0,6,8833.0,83,8834.0,1,8836.0,5,8837.0,1,8838.0,1,8832.0
OI501,,13:40:28.0#,8800.0,8876.0,8761.0,9246.0,8198.0,164293,177937,8828.0,5,8829.0,10,8830.0,2,8831.0,13,8832.0,5,8833.0,77,8834.0,1,8836.0,5,8837.0,1,8838.0,1,8833.0
OI501,,13:40:28.250#,8800.0,8876.0,8761.0,9246.0,8198.0,164299,177936,8828.0,5,8829.0,10,8830.0,2,8831.0,13,8832.0,14,8833.0,72,8834.0,1,8836.0,5,8837.0,1,8838.0,1,8832.0
OI501,,13:40:28.500#,8800.0,8876.0,8761.0,9246.0,8198.0,164299,177936,8828.0,5,8829.0,10,8830.0,2,8831.0,13,8832.0,14,8833.0,72,8834.0,1,8836.0,5,8837.0,2,8838.0,1,8832.0
OI501,,13:40:28.750#,8800.0,8876.0,8761.0,9246.0,8198.0,164300,177935,8828.0,5,8829.0,10,8830.0,2,8831.0,13,8832.0,14,8833.0,71,8834.0,1,8836.0,5,8837.0,2,8838.0,1,8833.0
OI501,,13:40:29.0#,8800.0,8876.0,8761.0,9246.0,8198.0,164327,177920,8829.0,10,8830.0,2,8831.0,13,8832.0,13,8833.0,1,8834.0,34,8836.0,5,8837.0,2,8838.0,1,8839.0,1,8833.0
OI501,,13:40:29.250#,8800.0,8876.0,8761.0,9246.0,8198.0,164327,177920,8829.0,10,8830.0,2,8831.0,13,8832.0,13,8833.0,7,8834.0,14,8836.0,4,8837.0,2,8838.0,1,8839.0,1,8833.0
OI501,,13:40:29.500#,8800.0,8876.0,8761.0,9246.0,8198.0,164328,177919,8829.0,10,8830.0,2,8831.0,13,8832.0,13,8833.0,8,8834.0,4,8836.0,4,8837.0,2,8838.0,2,8839.0,1,8833.0
OI501,,13:40:29.750#,8800.0,8876.0,8761.0,9246.0,8198.0,164332,177915,8829.0,10,8830.0,2,8831.0,13,8832.0,13,8833.0,4,8834.0,5,8836.0,4,8837.0,2,8838.0,2,8839.0,1,8833.0
OI501,,13:40:30.0#,8800.0,8876.0,8761.0,9246.0,8198.0,164332,177915,8829.0,10,8830.0,2,8831.0,13,8832.0,13,8833.0,11,8834.0,1,8836.0,4,8837.0,2,8838.0,2,8839.0,1,8833.0
OI501,,13:40:30.250#,8800.0,8876.0,8761.0,9246.0,8198.0,164333,177916,8830.0,2,8831.0,13,8832.0,13,8833.0,4,8834.0,4,8835.0,27,8836.0,4,8837.0,2,8838.0,2,8839.0,1,8834.0
OI501,,13:40:30.500#,8800.0,8876.0,8761.0,9246.0,8198.0,164344,177909,8828.0,6,8829.0,10,8830.0,4,8831.0,13,8832.0,64,8835.0,26,8836.0,4,8837.0,2,8838.0,2,8839.0,1,8834.0
OI501,,13:40:30.750#,8800.0,8876.0,8761.0,9246.0,8198.0,164344,177909,8829.0,10,8830.0,4,8831.0,13,8832.0,11,8833.0,9,8835.0,28,8836.0,4,8837.0,2,8838.0,2,8839.0,1,8834.0
OI501,,13:40:31.0#,8800.0,8876.0,8761.0,9246.0,8198.0,164344,177909,8829.0,10,8830.0,4,8831.0,13,8832.0,11,8833.0,11,8835.0,28,8836.0,4,8837.0,2,8838.0,2,8839.0,1,8834.0
OI501,,13:40:31.250#,8800.0,8876.0,8761.0,9246.0,8198.0,164344,177909,8829.0,10,8830.0,4,8831.0,13,8832.0,11,8833.0,10,8835.0,27,8836.0,4,8837.0,2,8838.0,2,8839.0,1,8834.0
OI501,,13:40:31.500#,8800.0,8876.0,8761.0,9246.0,8198.0,164344,177909,8829.0,10,8830.0,4,8831.0,13,8832.0,11,8833.0,14,8835.0,28,8836.0,4,8837.0,2,8838.0,2,8839.0,1,8834.0
OI501,,13:40:31.750#,8800.0,8876.0,8761.0,9246.0,8198.0,164345,177908,8829.0,10,8830.0,4,8831.0,13,8832.0,11,8833.0,9,8835.0,22,8836.0,4,8837.0,2,8838.0,2,8839.0,1,8833.0
OI501,,13:40:32.0#,8800.0,8876.0,8761.0,9246.0,8198.0,164345,177908,8830.0,4,8831.0,13,8832.0,11,8833.0,3,8834.0,5,8835.0,24,8836.0,4,8837.0,2,8838.0,2,8839.0,1,8833.0
OI501,,13:40:32.250#,8800.0,8876.0,8761.0,9246.0,8198.0,164347,177908,8830.0,9,8831.0,13,8832.0,11,8833.0,3,8834.0,3,8835.0,20,8836.0,4,8837.0,2,8838.0,2,8839.0,1,8834.0
OI501,,13:40:32.500#,8800.0,8876.0,8761.0,9246.0,8198.0,164348,177908,8830.0,9,8831.0,13,8832.0,11,8833.0,3,8834.0,2,8835.0,20,8836.0,4,8837.0,2,8838.0,2,8839.0,1,8834.0
OI501,,13:40:32.750#,8800.0,8876.0,8761.0,9246.0,8198.0,164348,177908,8830.0,9,8831.0,13,8832.0,11,8833.0,3,8834.0,2,8835.0,18,8836.0,4,8837.0,2,8838.0,2,8839.0,1,8834.0
OI501,,13:40:33.0#,8800.0,8876.0,8761.0,9246.0,8198.0,164350,177906,8829.0,5,8830.0,9,8831.0,13,8832.0,13,8833.0,31,8835.0,18,8836.0,4,8837.0,2,8838.0,2,8839.0,1,8834.0
OI501,,13:40:33.250#,8800.0,8876.0,8761.0,9246.0,8198.0,164350,177906,8829.0,5,8830.0,9,8831.0,13,8832.0,13,8833.0,35,8835.0,17,8836.0,4,8837.0,2,8838.0,2,8839.0,1,8834.0
OI501,,13:40:33.500#,8800.0,8876.0,8761.0,9246.0,8198.0,164350,177906,8829.0,5,8830.0,9,8831.0,13,8832.0,13,8833.0,13,8835.0,18,8836.0,4,8837.0,2,8838.0,2,8839.0,1,8834.0
OI501,,13:40:33.750#,8800.0,8876.0,8761.0,9246.0,8198.0,164350,177906,8829.0,5,8830.0,9,8831.0,13,8832.0,13,8833.0,13,8835.0,20,8836.0,4,8837.0,2,8838.0,2,8839.0,1,8834.0
OI501,,13:40:34.0#,8800.0,8876.0,8761.0,9246.0,8198.0,164350,177906,8829.0,5,8830.0,9,8831.0,13,8832.0,13,8833.0,18,8835.0,18,8836.0,4,8837.0,2,8838.0,2,8839.0,1,8834.0
OI501,,13:40:34.250#,8800.0,8876.0,8761.0,9246.0,8198.0,164350,177906,8829.0,5,8830.0,9,8831.0,13,8832.0,13,8833.0,9,8835.0,18,8836.0,4,8837.0,2,8838.0,2,8839.0,1,8834.0
OI501,,13:40:34.500#,8800.0,8876.0,8761.0,9246.0,8198.0,164350,177906,8829.0,5,8830.0,9,8831.0,14,8832.0,13,8833.0,13,8835.0,18,8836.0,4,8837.0,2,8838.0,2,8839.0,1,8834.0
OI501,,13:40:34.750#,8800.0,8876.0,8761.0,9246.0,8198.0,164350,177906,8829.0,5,8830.0,9,8831.0,14,8832.0,13,8833.0,13,8835.0,21,8836.0,6,8837.0,2,8838.0,2,8839.0,1,8834.0
OI501,,13:40:35.0#,8800.0,8876.0,8761.0,9246.0,8198.0,164350,177906,8829.0,5,8830.0,9,8831.0,14,8832.0,13,8833.0,13,8835.0,15,8836.0,6,8837.0,2,8838.0,2,8839.0,1,8834.0
OI501,,13:40:35.250#,8800.0,8876.0,8761.0,9246.0,8198.0,164365,177891,8828.0,6,8829.0,5,8830.0,9,8831.0,14,8832.0,80,8833.0,5,8835.0,2,8836.0,6,8837.0,2,8838.0,2,8833.0
OI501,,13:40:35.500#,8800.0,8876.0,8761.0,9246.0,8198.0,164371,177885,8829.0,5,8830.0,10,8831.0,14,8832.0,13,8833.0,2,8834.0,4,8835.0,2,8836.0,6,8837.0,2,8838.0,2,8833.0
OI501,,13:40:35.750#,8800.0,8876.0,8761.0,9246.0,8198.0,164371,177885,8829.0,5,8830.0,10,8831.0,14,8832.0,13,8833.0,1,8834.0,1,8835.0,2,8836.0,6,8837.0,2,8838.0,2,8833.0
OI501,,13:40:36.0#,8800.0,8876.0,8761.0,9246.0,8198.0,164372,177884,8828.0,6,8829.0,5,8830.0,10,8831.0,14,8832.0,77,8834.0,10,8835.0,2,8836.0,6,8837.0,2,8838.0,2,8833.0
OI501,,13:40:36.250#,8800.0,8876.0,8761.0,9246.0,8198.0,164375,177884,8828.0,6,8829.0,5,8830.0,10,8831.0,14,8832.0,80,8834.0,13,8835.0,2,8836.0,6,8837.0,2,8838.0,2,8834.0
OI501,,13:40:36.500#,8800.0,8876.0,8761.0,9246.0,8198.0,164375,177884,8828.0,6,8829.0,5,8830.0,10,8831.0,14,8832.0,78,8834.0,13,8835.0,3,8836.0,6,8837.0,2,8838.0,2,8834.0
OI501,,13:40:36.750#,8800.0,8876.0,8761.0,9246.0,8198.0,164375,177884,8828.0,6,8829.0,5,8830.0,10,8831.0,14,8832.0,78,8834.0,12,8835.0,3,8836.0,7,8837.0,2,8838.0,2,8834.0
OI501,,13:40:37.0#,8800.0,8876.0,8761.0,9246.0,8198.0,164377,177884,8828.0,6,8829.0,5,8830.0,10,8831.0,14,8832.0,76,8834.0,10,8835.0,3,8836.0,7,8837.0,2,8838.0,2,8832.0
OI501,,13:40:37.250#,8800.0,8876.0,8761.0,9246.0,8198.0,164377,177884,8828.0,6,8829.0,5,8830.0,10,8831.0,14,8832.0,76,8834.0,8,8835.0,3,8836.0,7,8837.0,32,8838.0,2,8832.0
OI501,,13:40:37.500#,8800.0,8876.0,8761.0,9246.0,8198.0,164378,177884,8828.0,6,8829.0,5,8830.0,10,8831.0,14,8832.0,76,8835.0,24,8836.0,7,8837.0,32,8838.0,2,8839.0,1,8834.0
OI501,,13:40:37.750#,8800.0,8876.0,8761.0,9246.0,8198.0,164380,177882,8829.0,5,8830.0,10,8831.0,14,8832.0,15,8833.0,3,8834.0,6,8835.0,3,8836.0,7,8837.0,32,8838.0,2,8833.0
OI501,,13:40:38.0#,8800.0,8876.0,8761.0,9246.0,8198.0,164381,177881,8828.0,6,8829.0,5,8830.0,10,8831.0,14,8832.0,76,8834.0,11,8835.0,3,8836.0,7,8837.0,32,8838.0,2,8833.0
OI501,,13:40:38.250#,8800.0,8876.0,8761.0,9246.0,8198.0,164381,177881,8829.0,5,8830.0,10,8831.0,14,8832.0,9,8833.0,3,8834.0,20,8835.0,3,8836.0,7,8837.0,32,8838.0,2,8833.0
OI501,,13:40:38.500#,8800.0,8876.0,8761.0,9246.0,8198.0,164381,177881,8829.0,6,8830.0,10,8831.0,14,8832.0,9,8833.0,3,8834.0,20,8835.0,3,8836.0,7,8837.0,32,8838.0,2,8833.0
OI501,,13:40:39.0#,8800.0,8876.0,8761.0,9246.0,8198.0,164381,177881,8829.0,6,8830.0,10,8831.0,14,8832.0,9,8833.0,3,8834.0,14,8835.0,3,8836.0,7,8837.0,32,8838.0,2,8833.0
OI501,,13:40:39.250#,8800.0,8876.0,8761.0,9246.0,8198.0,164381,177881,8829.0,6,8830.0,10,8831.0,14,8832.0,9,8833.0,3,8834.0,7,8835.0,3,8836.0,7,8837.0,32,8838.0,2,8833.0
OI501,,13:40:39.500#,8800.0,8876.0,8761.0,9246.0,8198.0,164382,177881,8829.0,6,8830.0,10,8831.0,14,8832.0,9,8833.0,3,8834.0,26,8835.0,3,8836.0,7,8837.0,31,8838.0,2,8834.0
OI501,,13:40:39.750#,8800.0,8876.0,8761.0,9246.0,8198.0,164385,177878,8828.0,6,8829.0,6,8830.0,11,8831.0,14,8832.0,47,8833.0,5,8834.0,6,8835.0,3,8836.0,7,8837.0,31,8833.0
OI501,,13:40:40.0#,8800.0,8876.0,8761.0,9246.0,8198.0,164389,177874,8828.0,6,8829.0,6,8830.0,11,8831.0,14,8832.0,48,8834.0,26,8835.0,3,8836.0,7,8837.0,31,8838.0,2,8833.0
OI501,,13:40:40.250#,8800.0,8876.0,8761.0,9246.0,8198.0,164390,177875,8829.0,6,8830.0,11,8831.0,14,8832.0,10,8833.0,99,8834.0,18,8835.0,3,8836.0,7,8837.0,31,8838.0,2,8833.0
OI501,,13:40:40.500#,8800.0,8876.0,8761.0,9246.0,8198.0,164391,177874,8829.0,6,8830.0,11,8831.0,14,8832.0,10,8833.0,99,8834.0,17,8835.0,3,8836.0,7,8837.0,31,8838.0,2,8834.0
OI501,,13:40:40.750#,8800.0,8876.0,8761.0,9246.0,8198.0,164393,177876,8829.0,6,8830.0,11,8831.0,14,8832.0,10,8833.0,97,8834.0,14,8835.0,3,8836.0,7,8837.0,31,8838.0,2,8833.0
OI501,,13:40:41.0#,8800.0,8876.0,8761.0,9246.0,8198.0,164397,177877,8829.0,6,8830.0,11,8831.0,14,8832.0,10,8833.0,93,8834.0,14,8835.0,3,8836.0,7,8837.0,31,8838.0,2,8833.0
OI501,,13:40:41.250#,8800.0,8876.0,8761.0,9246.0,8198.0,164397,177877,8829.0,6,8830.0,11,8831.0,14,8832.0,10,8833.0,93,8834.0,18,8835.0,3,8836.0,7,8837.0,31,8838.0,2,8833.0
OI501,,13:40:41.500#,8800.0,8876.0,8761.0,9246.0,8198.0,164397,177877,8829.0,6,8830.0,11,8831.0,14,8832.0,10,8833.0,93,8834.0,17,8835.0,3,8836.0,7,8837.0,31,8838.0,2,8833.0
OI501,,13:40:41.750#,8800.0,8876.0,8761.0,9246.0,8198.0,164397,177877,8829.0,6,8830.0,12,8831.0,14,8832.0,10,8833.0,93,8834.0,13,8835.0,2,8836.0,7,8837.0,31,8838.0,2,8833.0
OI501,,13:40:42.250#,8800.0,8876.0,8761.0,9246.0,8198.0,164397,177877,8829.0,6,8830.0,12,8831.0,14,8832.0,10,8833.0,93,8834.0,12,8835.0,2,8836.0,7,8837.0,31,8838.0,2,8833.0
OI501,,13:40:42.500#,8800.0,8876.0,8761.0,9246.0,8198.0,164491,177878,8828.0,6,8829.0,6,8830.0,12,8831.0,14,8832.0,68,8833.0,7,8834.0,1,8835.0,2,8836.0,7,8837.0,31,8833.0
OI501,,13:40:43.0#,8800.0,8876.0,8761.0,9246.0,8198.0,164497,177872,8828.0,6,8829.0,6,8830.0,12,8831.0,14,8832.0,68,8833.0,1,8834.0,1,8835.0,2,8836.0,7,8837.0,31,8833.0
OI501,,13:40:43.250#,8800.0,8876.0,8761.0,9246.0,8198.0,164498,177872,8829.0,6,8830.0,12,8831.0,14,8832.0,10,8833.0,4,8834.0,1,8835.0,2,8836.0,7,8837.0,31,8838.0,2,8833.0
OI501,,13:40:43.500#,8800.0,8876.0,8761.0,9246.0,8198.0,164498,177872,8828.0,6,8829.0,6,8830.0,12,8831.0,14,8832.0,60,8834.0,3,8835.0,2,8836.0,7,8837.0,31,8838.0,2,8833.0
OI501,,13:40:43.750#,8800.0,8876.0,8761.0,9246.0,8198.0,164498,177872,8828.0,6,8829.0,6,8830.0,12,8831.0,14,8832.0,59,8833.0,1,8834.0,3,8835.0,2,8836.0,7,8837.0,31,8833.0
OI501,,13:40:44.0#,8800.0,8876.0,8761.0,9246.0,8198.0,164498,177872,8828.0,6,8829.0,6,8830.0,12,8831.0,14,8832.0,58,8833.0,1,8834.0,3,8835.0,2,8836.0,7,8837.0,31,8833.0
OI501,,13:40:44.250#,8800.0,8876.0,8761.0,9246.0,8198.0,164500,177871,8829.0,6,8830.0,12,8831.0,14,8832.0,10,8833.0,2,8834.0,22,8835.0,2,8836.0,7,8837.0,31,8838.0,2,8834.0
OI501,,13:40:44.500#,8800.0,8876.0,8761.0,9246.0,8198.0,164501,177870,8829.0,6,8830.0,12,8831.0,14,8832.0,10,8833.0,1,8834.0,21,8835.0,2,8836.0,7,8837.0,31,8838.0,2,8833.0
OI501,,13:40:44.750#,8800.0,8876.0,8761.0,9246.0,8198.0,164502,177870,8828.0,6,8829.0,6,8830.0,13,8831.0,14,8832.0,60,8833.0,6,8834.0,3,8835.0,2,8836.0,7,8837.0,31,8833.0
OI501,,13:40:45.0#,8800.0,8876.0,8761.0,9246.0,8198.0,164502,177870,8828.0,6,8829.0,6,8830.0,13,8831.0,14,8832.0,60,8834.0,19,8835.0,2,8836.0,7,8837.0,31,8838.0,2,8833.0
OI501,,13:40:45.250#,8800.0,8876.0,8761.0,9246.0,8198.0,164502,177870,8828.0,6,8829.0,6,8830.0,13,8831.0,14,8832.0,61,8834.0,20,8835.0,2,8836.0,7,8837.0,31,8838.0,2,8833.0
OI501,,13:40:45.500#,8800.0,8876.0,8761.0,9246.0,8198.0,164502,177870,8828.0,6,8829.0,6,8830.0,13,8831.0,14,8832.0,62,8834.0,20,8835.0,2,8836.0,7,8837.0,32,8838.0,2,8833.0
OI501,,13:40:45.750#,8800.0,8876.0,8761.0,9246.0,8198.0,164503,177869,8828.0,6,8829.0,6,8830.0,13,8831.0,14,8832.0,59,8834.0,20,8835.0,2,8836.0,7,8837.0,32,8838.0,2,8832.0
OI501,,13:40:46.0#,8800.0,8876.0,8761.0,9246.0,8198.0,164503,177869,8828.0,6,8829.0,6,8830.0,13,8831.0,14,8832.0,58,8834.0,20,8835.0,2,8836.0,7,8837.0,32,8838.0,2,8832.0
OI501,,13:40:46.250#,8800.0,8876.0,8761.0,9246.0,8198.0,164503,177869,8828.0,6,8829.0,6,8830.0,13,8831.0,14,8832.0,59,8834.0,20,8835.0,2,8836.0,7,8837.0,32,8838.0,2,8832.0
OI501,,13:40:46.500#,8800.0,8876.0,8761.0,9246.0,8198.0,164503,177869,8828.0,6,8829.0,6,8830.0,13,8831.0,14,8832.0,54,8834.0,20,8835.0,2,8836.0,7,8837.0,32,8838.0,2,8832.0
OI501,,13:40:46.750#,8800.0,8876.0,8761.0,9246.0,8198.0,164503,177869,8828.0,6,8829.0,6,8830.0,13,8831.0,14,8832.0,46,8834.0,20,8835.0,2,8836.0,7,8837.0,32,8838.0,2,8832.0
OI501,,13:40:47.250#,8800.0,8876.0,8761.0,9246.0,8198.0,164503,177869,8828.0,6,8829.0,6,8830.0,13,8831.0,14,8832.0,42,8834.0,20,8835.0,3,8836.0,7,8837.0,32,8838.0,2,8832.0
OI501,,13:40:47.500#,8800.0,8876.0,8761.0,9246.0,8198.0,164503,177869,8828.0,6,8829.0,6,8830.0,13,8831.0,14,8832.0,61,8834.0,19,8835.0,3,8836.0,7,8837.0,32,8838.0,2,8832.0
OI501,,13:40:47.750#,8800.0,8876.0,8761.0,9246.0,8198.0,164503,177869,8829.0,6,8830.0,13,8831.0,14,8832.0,11,8833.0,2,8834.0,12,8835.0,3,8836.0,7,8837.0,32,8838.0,2,8832.0
OI501,,13:40:48.0#,8800.0,8876.0,8761.0,9246.0,8198.0,164503,177869,8829.0,6,8830.0,13,8831.0,14,8832.0,11,8833.0,73,8834.0,1,8835.0,3,8836.0,7,8837.0,32,8838.0,2,8832.0
OI501,,13:40:48.250#,8800.0,8876.0,8761.0,9246.0,8198.0,164504,177869,8830.0,13,8831.0,14,8832.0,11,8833.0,8,8834.0,9,8835.0,21,8836.0,7,8837.0,32,8838.0,2,8839.0,2,8834.0
OI501,,13:40:48.500#,8800.0,8876.0,8761.0,9246.0,8198.0,164514,177859,8830.0,13,8831.0,14,8832.0,11,8833.0,8,8834.0,7,8835.0,11,8836.0,7,8837.0,32,8838.0,2,8839.0,2,8835.0
OI501,,13:40:48.750#,8800.0,8876.0,8761.0,9246.0,8198.0,164564,177833,8831.0,14,8832.0,11,8833.0,8,8834.0,8,8835.0,1,8836.0,3,8837.0,32,8838.0,2,8839.0,2,8840.0,9,8836.0
OI501,,13:40:49.0#,8800.0,8876.0,8761.0,9246.0,8198.0,164565,177833,8830.0,13,8831.0,14,8832.0,11,8833.0,8,8834.0,37,8835.0,29,8836.0,3,8837.0,32,8838.0,1,8839.0,2,8835.0
OI501,,13:40:49.250#,8800.0,8876.0,8761.0,9246.0,8198.0,164567,177831,8830.0,13,8831.0,14,8832.0,11,8833.0,8,8834.0,34,8835.0,27,8836.0,3,8837.0,32,8838.0,1,8839.0,2,8835.0
OI501,,13:40:49.500#,8800.0,8876.0,8761.0,9246.0,8198.0,164594,177804,8831.0,14,8832.0,11,8833.0,8,8834.0,9,8835.0,3,8836.0,3,8837.0,32,8838.0,1,8839.0,2,8840.0,10,8835.0
OI501,,13:40:49.750#,8800.0,8876.0,8761.0,9246.0,8198.0,164594,177804,8831.0,14,8832.0,11,8833.0,9,8834.0,9,8835.0,3,8836.0,3,8837.0,32,8838.0,1,8839.0,2,8840.0,10,8835.0
OI501,,13:40:50.0#,8800.0,8876.0,8761.0,9246.0,8198.0,164597,177802,8831.0,14,8832.0,11,8833.0,9,8834.0,9,8835.0,10,8837.0,32,8838.0,1,8839.0,2,8840.0,10,8841.0,2,8836.0
OI501,,13:40:50.250#,8800.0,8876.0,8761.0,9246.0,8198.0,164597,177802,8832.0,11,8833.0,9,8834.0,9,8835.0,1,8836.0,7,8837.0,32,8838.0,1,8839.0,2,8840.0,10,8841.0,2,8836.0
OI501,,13:40:50.500#,8800.0,8876.0,8761.0,9246.0,8198.0,164597,177802,8832.0,11,8833.0,9,8834.0,9,8835.0,1,8836.0,7,8837.0,33,8838.0,1,8839.0,2,8840.0,10,8841.0,2,8836.0
OI501,,13:40:50.750#,8800.0,8876.0,8761.0,9246.0,8198.0,164597,177802,8832.0,11,8833.0,9,8834.0,9,8835.0,1,8836.0,2,8837.0,34,8838.0,1,8839.0,2,8840.0,10,8841.0,2,8836.0
OI501,,13:40:51.0#,8800.0,8876.0,8761.0,9246.0,8198.0,164600,177799,8831.0,10,8832.0,11,8833.0,9,8834.0,9,8835.0,5,8837.0,34,8838.0,1,8839.0,2,8840.0,10,8841.0,2,8836.0
OI501,,13:40:51.250#,8800.0,8876.0,8761.0,9246.0,8198.0,164605,177799,8830.0,13,8831.0,10,8832.0,11,8833.0,9,8834.0,19,8837.0,34,8838.0,1,8839.0,2,8840.0,10,8841.0,2,8835.0
OI501,,13:40:51.500#,8800.0,8876.0,8761.0,9246.0,8198.0,164605,177799,8830.0,13,8831.0,10,8832.0,11,8833.0,9,8834.0,24,8836.0,2,8837.0,33,8838.0,1,8839.0,2,8840.0,10,8835.0
OI501,,13:40:51.750#,8800.0,8876.0,8761.0,9246.0,8198.0,164605,177799,8831.0,10,8832.0,11,8833.0,9,8834.0,9,8835.0,7,8836.0,2,8837.0,33,8838.0,1,8839.0,2,8840.0,10,8835.0
OI501,,13:40:52.0#,8800.0,8876.0,8761.0,9246.0,8198.0,164605,177799,8831.0,10,8832.0,11,8833.0,9,8834.0,9,8835.0,5,8837.0,34,8838.0,1,8839.0,2,8840.0,10,8841.0,2,8835.0
OI501,,13:40:52.250#,8800.0,8876.0,8761.0,9246.0,8198.0,164605,177799,8831.0,10,8832.0,11,8833.0,9,8834.0,9,8835.0,4,8837.0,34,8838.0,1,8839.0,2,8840.0,10,8841.0,2,8835.0
OI501,,13:40:52.500#,8800.0,8876.0,8761.0,9246.0,8198.0,164605,177799,8831.0,10,8832.0,16,8833.0,9,8834.0,9,8835.0,8,8837.0,34,8838.0,1,8839.0,2,8840.0,10,8841.0,2,8835.0
OI501,,13:40:52.750#,8800.0,8876.0,8761.0,9246.0,8198.0,164605,177799,8832.0,16,8833.0,9,8834.0,8,8835.0,1,8836.0,3,8837.0,34,8838.0,1,8839.0,2,8840.0,10,8841.0,2,8835.0
OI501,,13:40:53.0#,8800.0,8876.0,8761.0,9246.0,8198.0,164605,177799,8832.0,16,8833.0,9,8834.0,8,8835.0,1,8836.0,3,8837.0,33,8838.0,1,8839.0,2,8840.0,10,8841.0,2,8835.0
OI501,,13:40:53.250#,8800.0,8876.0,8761.0,9246.0,8198.0,164605,177799,8832.0,16,8833.0,9,8834.0,8,8835.0,1,8836.0,3,8837.0,33,8838.0,1,8839.0,2,8840.0,10,8841.0,2,8835.0
OI501,,13:40:53.500#,8800.0,8876.0,8761.0,9246.0,8198.0,164607,177799,8832.0,16,8833.0,9,8834.0,8,8835.0,1,8836.0,1,8837.0,34,8838.0,1,8839.0,2,8840.0,10,8841.0,2,8836.0
OI501,,13:40:53.750#,8800.0,8876.0,8761.0,9246.0,8198.0,164611,177798,8830.0,13,8831.0,10,8832.0,16,8833.0,9,8834.0,34,8836.0,4,8837.0,32,8838.0,1,8839.0,2,8840.0,10,8836.0
OI501,,13:40:54.0#,8800.0,8876.0,8761.0,9246.0,8198.0,164611,177798,8831.0,10,8832.0,16,8833.0,9,8834.0,8,8835.0,2,8837.0,34,8838.0,1,8839.0,2,8840.0,10,8841.0,2,8836.0
OI501,,13:40:54.250#,8800.0,8876.0,8761.0,9246.0,8198.0,164612,177798,8831.0,10,8832.0,16,8833.0,9,8834.0,8,8836.0,1,8837.0,33,8838.0,1,8839.0,2,8840.0,10,8841.0,2,8836.0
OI501,,13:40:54.500#,8800.0,8876.0,8761.0,9246.0,8198.0,164612,177798,8831.0,10,8832.0,16,8833.0,9,8834.0,8,8836.0,1,8837.0,33,8838.0,1,8839.0,2,8840.0,10,8841.0,2,8836.0
OI501,,13:40:55.0#,8800.0,8876.0,8761.0,9246.0,8198.0,164612,177798,8831.0,10,8832.0,16,8833.0,9,8834.0,8,8836.0,1,8837.0,32,8838.0,1,8839.0,2,8840.0,10,8841.0,2,8836.0
OI501,,13:40:55.250#,8800.0,8876.0,8761.0,9246.0,8198.0,164615,177798,8831.0,10,8832.0,16,8833.0,9,8834.0,8,8836.0,1,8837.0,29,8838.0,1,8839.0,2,8840.0,10,8841.0,2,8837.0
OI501,,13:40:56.250#,8800.0,8876.0,8761.0,9246.0,8198.0,164615,177798,8831.0,10,8832.0,16,8833.0,9,8834.0,8,8836.0,1,8837.0,29,8838.0,1,8839.0,2,8840.0,10,8841.0,2,8837.0
OI501,,13:40:56.500#,8800.0,8876.0,8761.0,9246.0,8198.0,164615,177798,8831.0,10,8832.0,16,8833.0,9,8834.0,8,8836.0,1,8837.0,29,8838.0,1,8839.0,2,8840.0,10,8841.0,2,8837.0
OI501,,13:40:57.500#,8800.0,8876.0,8761.0,9246.0,8198.0,164615,177798,8831.0,10,8832.0,16,8833.0,12,8834.0,8,8836.0,1,8837.0,29,8838.0,1,8839.0,2,8840.0,10,8841.0,2,8837.0
OI501,,13:40:58.250#,8800.0,8876.0,8761.0,9246.0,8198.0,164616,177797,8831.0,10,8832.0,16,8833.0,12,8834.0,8,8836.0,1,8837.0,28,8838.0,1,8839.0,2,8840.0,10,8841.0,2,8837.0
OI501,,13:40:58.500#,8800.0,8876.0,8761.0,9246.0,8198.0,164641,177796,8831.0,10,8832.0,16,8833.0,12,8834.0,8,8835.0,22,8837.0,3,8838.0,1,8839.0,2,8840.0,10,8841.0,2,8837.0
OI501,,13:40:58.750#,8800.0,8876.0,8761.0,9246.0,8198.0,164644,177797,8832.0,16,8833.0,12,8834.0,8,8835.0,2,8836.0,16,8838.0,1,8839.0,2,8840.0,10,8841.0,2,8842.0,2,8837.0
OI501,,13:40:59.0#,8800.0,8876.0,8761.0,9246.0,8198.0,164644,177797,8832.0,16,8833.0,12,8834.0,8,8835.0,4,8836.0,15,8838.0,2,8839.0,2,8840.0,9,8841.0,2,8842.0,2,8837.0
OI501,,13:40:59.250#,8800.0,8876.0,8761.0,9246.0,8198.0,164644,177797,8832.0,17,8833.0,12,8834.0,8,8835.0,4,8836.0,13,8838.0,1,8839.0,2,8840.0,9,8841.0,2,8842.0,3,8837.0
OI501,,13:40:59.500#,8800.0,8876.0,8761.0,9246.0,8198.0,164644,177797,8832.0,17,8833.0,12,8834.0,8,8835.0,4,8836.0,9,8838.0,1,8839.0,2,8840.0,9,8841.0,2,8842.0,3,8837.0
OI501,,13:40:59.750#,8800.0,8876.0,8761.0,9246.0,8198.0,164644,177797,8832.0,17,8833.0,12,8834.0,8,8835.0,4,8836.0,8,8838.0,2,8839.0,2,8840.0,9,8841.0,2,8842.0,3,8837.0
OI501,,13:41:00.0#,8800.0,8876.0,8761.0,9246.0,8198.0,164644,177797,8832.0,17,8833.0,12,8834.0,8,8835.0,4,8836.0,17,8838.0,1,8839.0,2,8840.0,9,8841.0,2,8842.0,3,8837.0
OI501,,13:41:00.250#,8800.0,8876.0,8761.0,9246.0,8198.0,164644,177797,8832.0,17,8833.0,12,8834.0,8,8835.0,4,8836.0,19,8838.0,1,8839.0,2,8840.0,10,8841.0,2,8842.0,3,8837.0
OI501,,13:41:00.500#,8800.0,8876.0,8761.0,9246.0,8198.0,164645,177796,8832.0,18,8833.0,13,8834.0,8,8835.0,4,8836.0,23,8839.0,5,8840.0,10,8841.0,2,8842.0,3,8843.0,1,8838.0
OI501,,13:41:00.750#,8800.0,8876.0,8761.0,9246.0,8198.0,164645,177796,8833.0,13,8834.0,8,8835.0,4,8836.0,3,8837.0,1,8838.0,2,8839.0,2,8840.0,10,8841.0,2,8842.0,3,8838.0
OI501,,13:41:01.0#,8800.0,8876.0,8761.0,9246.0,8198.0,164645,177796,8833.0,7,8834.0,8,8835.0,4,8836.0,3,8837.0,7,8839.0,4,8840.0,10,8841.0,2,8842.0,3,8843.0,2,8838.0
OI501,,13:41:01.250#,8800.0,8876.0,8761.0,9246.0,8198.0,164645,177796,8833.0,6,8834.0,8,8835.0,4,8836.0,3,8837.0,17,8839.0,2,8840.0,10,8841.0,2,8842.0,3,8843.0,2,8838.0
OI501,,13:41:01.750#,8800.0,8876.0,8761.0,9246.0,8198.0,164645,177796,8833.0,6,8834.0,8,8835.0,4,8836.0,4,8837.0,43,8839.0,2,8840.0,10,8841.0,2,8842.0,3,8843.0,2,8838.0
OI501,,13:41:02.0#,8800.0,8876.0,8761.0,9246.0,8198.0,164645,177796,8834.0,8,8835.0,4,8836.0,4,8837.0,2,8838.0,2,8839.0,2,8840.0,10,8841.0,2,8842.0,3,8843.0,2,8838.0
OI501,,13:41:02.250#,8800.0,8876.0,8761.0,9246.0,8198.0,164651,177798,8833.0,6,8834.0,8,8835.0,4,8836.0,4,8837.0,57,8839.0,2,8840.0,10,8841.0,2,8842.0,3,8843.0,2,8837.0
OI501,,13:41:02.500#,8800.0,8876.0,8761.0,9246.0,8198.0,164652,177797,8833.0,6,8834.0,8,8835.0,4,8836.0,5,8837.0,68,8839.0,1,8840.0,10,8841.0,2,8842.0,3,8843.0,2,8839.0
OI501,,13:41:02.750#,8800.0,8876.0,8761.0,9246.0,8198.0,164653,177796,8834.0,8,8835.0,4,8836.0,5,8837.0,3,8838.0,4,8839.0,2,8840.0,10,8841.0,2,8842.0,3,8843.0,2,8839.0
OI501,,13:41:03.0#,8800.0,8876.0,8761.0,9246.0,8198.0,164654,177796,8834.0,8,8835.0,4,8836.0,5,8837.0,3,8838.0,4,8839.0,1,8840.0,10,8841.0,2,8842.0,3,8843.0,2,8839.0
OI501,,13:41:03.250#,8800.0,8876.0,8761.0,9246.0,8198.0,164654,177796,8834.0,8,8835.0,4,8836.0,5,8837.0,3,8838.0,4,8839.0,7,8840.0,10,8841.0,2,8842.0,3,8843.0,2,8839.0
OI501,,13:41:03.500#,8800.0,8876.0,8761.0,9246.0,8198.0,164654,177796,8834.0,8,8835.0,4,8836.0,5,8837.0,3,8838.0,4,8839.0,7,8840.0,10,8841.0,2,8842.0,3,8843.0,2,8839.0
OI501,,13:41:04.0#,8800.0,8876.0,8761.0,9246.0,8198.0,164654,177796,8833.0,6,8834.0,8,8835.0,4,8836.0,5,8837.0,70,8839.0,7,8840.0,10,8841.0,2,8842.0,3,8843.0,2,8839.0
OI501,,13:41:04.250#,8800.0,8876.0,8761.0,9246.0,8198.0,164654,177796,8834.0,8,8835.0,4,8836.0,5,8837.0,3,8838.0,1,8839.0,3,8840.0,10,8841.0,2,8842.0,3,8843.0,2,8839.0
OI501,,13:41:04.500#,8800.0,8876.0,8761.0,9246.0,8198.0,164654,177796,8834.0,8,8835.0,4,8836.0,5,8837.0,3,8838.0,10,8839.0,3,8840.0,10,8841.0,2,8842.0,3,8843.0,2,8839.0
OI501,,13:41:04.750#,8800.0,8876.0,8761.0,9246.0,8198.0,164654,177796,8833.0,8,8834.0,8,8835.0,4,8836.0,5,8837.0,65,8838.0,1,8839.0,3,8840.0,10,8841.0,2,8842.0,3,8839.0
OI501,,13:41:05.0#,8800.0,8876.0,8761.0,9246.0,8198.0,164655,177797,8833.0,8,8834.0,8,8835.0,4,8836.0,5,8837.0,64,8838.0,1,8839.0,2,8840.0,10,8841.0,2,8842.0,3,8838.0
OI501,,13:41:05.250#,8800.0,8876.0,8761.0,9246.0,8198.0,164657,177797,8833.0,8,8834.0,8,8835.0,4,8836.0,5,8837.0,52,8839.0,1,8840.0,10,8841.0,2,8842.0,3,8843.0,2,8839.0
OI501,,13:41:05.500#,8800.0,8876.0,8761.0,9246.0,8198.0,164658,177796,8833.0,8,8834.0,8,8835.0,4,8836.0,5,8837.0,57,8838.0,1,8839.0,9,8840.0,10,8841.0,2,8842.0,3,8838.0
OI501,,13:41:05.750#,8800.0,8876.0,8761.0,9246.0,8198.0,164665,177791,8834.0,8,8835.0,4,8836.0,5,8837.0,3,8839.0,4,8840.0,11,8841.0,2,8842.0,3,8843.0,2,8844.0,1,8839.0
OI501,,13:41:06.0#,8800.0,8876.0,8761.0,9246.0,8198.0,164669,177791,8834.0,8,8835.0,4,8836.0,5,8837.0,3,8838.0,1,8839.0,14,8840.0,10,8841.0,2,8842.0,2,8843.0,2,8839.0
OI501,,13:41:06.250#,8800.0,8876.0,8761.0,9246.0,8198.0,164671,177790,8833.0,8,8834.0,8,8835.0,4,8836.0,5,8837.0,44,8839.0,17,8840.0,10,8841.0,2,8842.0,2,8843.0,3,8839.0
OI501,,13:41:06.500#,8800.0,8876.0,8761.0,9246.0,8198.0,164672,177790,8833.0,8,8834.0,8,8835.0,4,8836.0,5,8837.0,4,8838.0,12,8839.0,6,8840.0,10,8841.0,2,8842.0,2,8839.0
OI501,,13:41:06.750#,8800.0,8876.0,8761.0,9246.0,8198.0,164672,177790,8833.0,8,8834.0,8,8835.0,4,8836.0,5,8837.0,2,8838.0,23,8839.0,6,8840.0,9,8841.0,2,8842.0,2,8839.0
OI501,,13:41:07.0#,8800.0,8876.0,8761.0,9246.0,8198.0,164674,177789,8832.0,12,8833.0,8,8834.0,8,8835.0,4,8836.0,12,8837.0,2,8838.0,9,8839.0,6,8840.0,9,8841.0,2,8837.0
OI501,,13:41:07.250#,8800.0,8876.0,8761.0,9246.0,8198.0,164676,177787,8832.0,12,8833.0,8,8834.0,8,8835.0,4,8836.0,3,8837.0,7,8838.0,9,8839.0,6,8840.0,9,8841.0,2,8837.0
OI501,,13:41:07.500#,8800.0,8876.0,8761.0,9246.0,8198.0,164676,177787,8832.0,12,8833.0,8,8834.0,8,8835.0,4,8836.0,2,8837.0,9,8838.0,9,8839.0,6,8840.0,8,8841.0,2,8837.0
OI501,,13:41:08.0#,8800.0,8876.0,8761.0,9246.0,8198.0,164776,177834,8834.0,8,8835.0,4,8836.0,4,8837.0,9,8838.0,6,8839.0,4,8840.0,9,8841.0,2,8842.0,2,8843.0,3,8840.0
OI501,,13:41:08.500#,8800.0,8876.0,8761.0,9246.0,8198.0,164777,177834,8834.0,8,8835.0,4,8836.0,4,8837.0,9,8838.0,9,8839.0,11,8840.0,9,8841.0,2,8842.0,2,8843.0,3,8840.0
OI501,,13:41:09.0#,8800.0,8876.0,8761.0,9246.0,8198.0,164777,177834,8834.0,8,8835.0,4,8836.0,4,8837.0,9,8838.0,5,8839.0,11,8840.0,9,8841.0,2,8842.0,2,8843.0,3,8840.0
OI501,,13:41:09.500#,8800.0,8876.0,8761.0,9246.0,8198.0,164777,177834,8834.0,8,8835.0,4,8836.0,4,8837.0,9,8838.0,4,8839.0,5,8840.0,9,8841.0,2,8842.0,2,8843.0,3,8840.0
OI501,,13:41:10.0#,8800.0,8876.0,8761.0,9246.0,8198.0,164779,177835,8834.0,8,8835.0,2,8836.0,4,8837.0,9,8838.0,3,8839.0,5,8840.0,9,8841.0,2,8842.0,2,8843.0,3,8838.0
OI501,,13:41:10.500#,8800.0,8876.0,8761.0,9246.0,8198.0,164779,177835,8834.0,8,8835.0,2,8836.0,4,8837.0,9,8838.0,3,8839.0,5,8840.0,9,8841.0,2,8842.0,2,8843.0,3,8838.0
OI501,,13:41:11.0#,8800.0,8876.0,8761.0,9246.0,8198.0,164784,177835,8834.0,8,8835.0,2,8836.0,4,8837.0,9,8838.0,3,8840.0,12,8841.0,2,8842.0,2,8843.0,3,8844.0,1,8839.0
OI501,,13:41:11.500#,8800.0,8876.0,8761.0,9246.0,8198.0,164786,177833,8834.0,8,8835.0,2,8836.0,4,8837.0,9,8838.0,6,8840.0,11,8841.0,3,8842.0,2,8843.0,3,8844.0,1,8839.0
OI501,,13:41:11.750#,8800.0,8876.0,8761.0,9246.0,8198.0,164786,177833,8835.0,2,8836.0,4,8837.0,9,8838.0,4,8839.0,1,8840.0,8,8841.0,3,8842.0,2,8843.0,3,8844.0,1,8839.0
OI501,,13:41:12.0#,8800.0,8876.0,8761.0,9246.0,8198.0,164786,177833,8835.0,3,8836.0,4,8837.0,9,8838.0,4,8839.0,5,8840.0,8,8841.0,3,8842.0,2,8843.0,3,8844.0,1,8839.0
OI501,,13:41:13.0#,8800.0,8876.0,8761.0,9246.0,8198.0,164786,177833,8835.0,3,8836.0,4,8837.0,9,8838.0,4,8839.0,5,8840.0,8,8841.0,3,8842.0,2,8843.0,3,8844.0,1,8839.0
OI501,,13:41:13.250#,8800.0,8876.0,8761.0,9246.0,8198.0,164786,177833,8835.0,3,8836.0,4,8837.0,9,8838.0,4,8839.0,5,8840.0,8,8841.0,3,8842.0,2,8843.0,3,8844.0,1,8839.0
OI501,,13:41:14.0#,8800.0,8876.0,8761.0,9246.0,8198.0,164793,177834,8835.0,3,8836.0,4,8837.0,9,8838.0,4,8839.0,5,8840.0,1,8841.0,3,8842.0,2,8843.0,3,8844.0,1,8840.0
OI501,,13:41:15.0#,8800.0,8876.0,8761.0,9246.0,8198.0,164794,177834,8836.0,4,8837.0,9,8838.0,4,8839.0,1,8840.0,1,8841.0,3,8842.0,2,8843.0,3,8844.0,1,8845.0,11,8840.0
OI501,,13:41:15.250#,8800.0,8876.0,8761.0,9246.0,8198.0,164794,177834,8835.0,3,8836.0,3,8837.0,9,8838.0,3,8839.0,3,8841.0,10,8842.0,2,8843.0,2,8844.0,1,8845.0,11,8840.0
OI501,,13:41:15.500#,8800.0,8876.0,8761.0,9246.0,8198.0,164794,177834,8835.0,3,8836.0,3,8837.0,9,8838.0,3,8839.0,2,8840.0,25,8841.0,4,8842.0,2,8843.0,2,8844.0,2,8840.0
OI501,,13:41:15.750#,8800.0,8876.0,8761.0,9246.0,8198.0,164819,177813,8836.0,3,8837.0,10,8838.0,3,8839.0,2,8840.0,3,8841.0,4,8842.0,2,8843.0,2,8844.0,2,8845.0,11,8840.0
OI501,,13:41:16.750#,8800.0,8876.0,8761.0,9246.0,8198.0,164819,177813,8836.0,3,8837.0,10,8838.0,3,8839.0,2,8840.0,3,8841.0,10,8842.0,2,8843.0,2,8844.0,2,8845.0,11,8840.0
OI501,,13:41:17.0#,8800.0,8876.0,8761.0,9246.0,8198.0,164819,177813,8836.0,3,8837.0,10,8838.0,3,8839.0,2,8840.0,2,8841.0,10,8842.0,3,8843.0,2,8844.0,2,8845.0,11,8840.0
OI501,,13:41:17.500#,8800.0,8876.0,8761.0,9246.0,8198.0,164839,177811,8836.0,3,8837.0,10,8838.0,3,8839.0,2,8840.0,6,8842.0,3,8843.0,2,8844.0,2,8845.0,11,8846.0,8,8840.0
OI501,,13:41:18.0#,8800.0,8876.0,8761.0,9246.0,8198.0,164841,177811,8836.0,1,8837.0,2,8838.0,3,8839.0,2,8840.0,4,8841.0,6,8842.0,13,8843.0,2,8844.0,2,8845.0,11,8840.0
OI501,,13:41:18.500#,8800.0,8876.0,8761.0,9246.0,8198.0,164842,177811,8835.0,3,8836.0,4,8837.0,2,8838.0,3,8839.0,5,8841.0,17,8842.0,13,8843.0,2,8844.0,2,8845.0,11,8840.0
OI501,,13:41:19.0#,8800.0,8876.0,8761.0,9246.0,8198.0,164842,177811,8836.0,4,8837.0,2,8838.0,3,8839.0,2,8840.0,7,8841.0,12,8842.0,13,8843.0,2,8844.0,2,8845.0,11,8840.0
OI501,,13:41:19.500#,8800.0,8876.0,8761.0,9246.0,8198.0,164843,177811,8836.0,4,8837.0,2,8838.0,3,8839.0,2,8840.0,7,8841.0,11,8842.0,13,8843.0,2,8844.0,2,8845.0,11,8841.0
OI501,,13:41:19.750#,8800.0,8876.0,8761.0,9246.0,8198.0,164845,177811,8836.0,4,8837.0,2,8838.0,3,8839.0,3,8840.0,5,8841.0,10,8842.0,13,8843.0,2,8844.0,2,8845.0,11,8840.0
OI501,,13:41:20.0#,8800.0,8876.0,8761.0,9246.0,8198.0,164847,177813,8836.0,4,8837.0,2,8838.0,3,8839.0,2,8840.0,1,8841.0,15,8842.0,13,8843.0,2,8844.0,2,8845.0,11,8841.0
OI501,,13:41:20.250#,8800.0,8876.0,8761.0,9246.0,8198.0,164847,177813,8835.0,3,8836.0,4,8837.0,2,8838.0,3,8839.0,2,8840.0,2,8841.0,11,8842.0,13,8843.0,2,8844.0,2,8841.0
OI501,,13:41:20.500#,8800.0,8876.0,8761.0,9246.0,8198.0,164847,177813,8835.0,3,8836.0,4,8837.0,2,8838.0,3,8839.0,2,8840.0,2,8841.0,11,8842.0,13,8843.0,2,8844.0,2,8841.0
OI501,,13:41:21.500#,8800.0,8876.0,8761.0,9246.0,8198.0,164847,177813,8835.0,3,8836.0,4,8837.0,2,8838.0,3,8839.0,2,8840.0,3,8841.0,11,8842.0,12,8843.0,2,8844.0,2,8841.0
OI501,,13:41:21.750#,8800.0,8876.0,8761.0,9246.0,8198.0,164847,177813,8835.0,3,8836.0,4,8837.0,2,8838.0,3,8839.0,2,8840.0,3,8841.0,12,8842.0,12,8843.0,2,8844.0,2,8841.0
OI501,,13:41:22.0#,8800.0,8876.0,8761.0,9246.0,8198.0,164848,177813,8835.0,3,8836.0,4,8837.0,2,8838.0,1,8839.0,1,8840.0,9,8841.0,12,8842.0,12,8843.0,2,8844.0,2,8839.0
OI501,,13:41:23.250#,8800.0,8876.0,8761.0,9246.0,8198.0,164848,177813,8835.0,3,8836.0,4,8837.0,2,8838.0,1,8839.0,1,8840.0,9,8841.0,12,8842.0,12,8843.0,2,8844.0,2,8839.0
OI501,,13:41:24.250#,8800.0,8876.0,8761.0,9246.0,8198.0,164848,177813,8835.0,3,8836.0,4,8837.0,2,8838.0,1,8839.0,1,8840.0,9,8841.0,12,8842.0,13,8843.0,2,8844.0,2,8839.0
OI501,,13:41:24.500#,8800.0,8876.0,8761.0,9246.0,8198.0,164848,177813,8835.0,3,8836.0,4,8837.0,2,8838.0,1,8839.0,1,8840.0,3,8841.0,12,8842.0,13,8843.0,2,8844.0,2,8839.0
OI501,,13:41:25.0#,8800.0,8876.0,8761.0,9246.0,8198.0,164848,177813,8835.0,3,8836.0,4,8837.0,2,8838.0,1,8839.0,1,8840.0,10,8841.0,12,8842.0,13,8843.0,2,8844.0,2,8839.0
OI501,,13:41:25.500#,8800.0,8876.0,8761.0,9246.0,8198.0,164848,177813,8835.0,3,8836.0,4,8837.0,3,8838.0,1,8839.0,1,8840.0,10,8841.0,12,8842.0,13,8843.0,2,8844.0,2,8839.0
OI501,,13:41:25.750#,8800.0,8876.0,8761.0,9246.0,8198.0,164848,177813,8835.0,3,8836.0,4,8837.0,3,8838.0,1,8839.0,2,8840.0,9,8841.0,12,8842.0,13,8843.0,2,8844.0,2,8839.0
OI501,,13:41:26.0#,8800.0,8876.0,8761.0,9246.0,8198.0,164848,177813,8835.0,3,8836.0,4,8837.0,3,8838.0,1,8839.0,1,8840.0,9,8841.0,12,8842.0,13,8843.0,2,8844.0,2,8839.0
OI501,,13:41:26.250#,8800.0,8876.0,8761.0,9246.0,8198.0,164849,177812,8834.0,9,8835.0,3,8836.0,4,8837.0,3,8838.0,86,8839.0,2,8840.0,9,8841.0,12,8842.0,13,8843.0,2,8839.0
OI501,,13:41:26.500#,8800.0,8876.0,8761.0,9246.0,8198.0,164851,177812,8835.0,3,8836.0,4,8837.0,3,8838.0,2,8839.0,6,8840.0,9,8841.0,12,8842.0,13,8843.0,2,8844.0,2,8839.0
OI501,,13:41:26.750#,8800.0,8876.0,8761.0,9246.0,8198.0,164851,177812,8835.0,3,8836.0,4,8837.0,3,8838.0,2,8839.0,4,8840.0,9,8841.0,12,8842.0,13,8843.0,2,8844.0,2,8839.0
OI501,,13:41:27.500#,8800.0,8876.0,8761.0,9246.0,8198.0,164852,177812,8834.0,9,8835.0,3,8836.0,4,8837.0,3,8838.0,85,8840.0,9,8841.0,12,8842.0,13,8843.0,2,8844.0,2,8839.0
OI501,,13:41:27.750#,8800.0,8876.0,8761.0,9246.0,8198.0,164852,177812,8834.0,9,8835.0,3,8836.0,4,8837.0,3,8838.0,85,8840.0,5,8841.0,12,8842.0,13,8843.0,2,8844.0,2,8839.0
OI501,,13:41:28.0#,8800.0,8876.0,8761.0,9246.0,8198.0,164852,177812,8834.0,9,8835.0,3,8836.0,4,8837.0,3,8838.0,84,8840.0,5,8841.0,12,8842.0,13,8843.0,2,8844.0,2,8839.0
OI501,,13:41:28.500#,8800.0,8876.0,8761.0,9246.0,8198.0,164852,177812,8834.0,9,8835.0,3,8836.0,4,8837.0,3,8838.0,84,8840.0,5,8841.0,12,8842.0,13,8843.0,2,8844.0,2,8839.0
OI501,,13:41:28.750#,8800.0,8876.0,8761.0,9246.0,8198.0,164852,177812,8834.0,9,8835.0,3,8836.0,4,8837.0,3,8838.0,84,8840.0,5,8841.0,10,8842.0,13,8843.0,2,8844.0,2,8839.0
OI501,,13:41:29.0#,8800.0,8876.0,8761.0,9246.0,8198.0,164852,177812,8835.0,3,8836.0,4,8837.0,3,8838.0,2,8839.0,5,8840.0,5,8841.0,10,8842.0,13,8843.0,2,8844.0,2,8839.0
OI501,,13:41:29.250#,8800.0,8876.0,8761.0,9246.0,8198.0,164852,177812,8835.0,3,8836.0,4,8837.0,3,8838.0,2,8839.0,5,8840.0,11,8841.0,10,8842.0,13,8843.0,2,8844.0,2,8839.0
OI501,,13:41:30.750#,8800.0,8876.0,8761.0,9246.0,8198.0,164855,177814,8835.0,3,8836.0,4,8837.0,3,8838.0,2,8839.0,3,8840.0,10,8841.0,10,8842.0,13,8843.0,2,8844.0,2,8839.0
OI501,,13:41:31.0#,8800.0,8876.0,8761.0,9246.0,8198.0,164858,177815,8834.0,9,8835.0,3,8836.0,4,8837.0,3,8838.0,13,8839.0,4,8840.0,10,8841.0,10,8842.0,13,8843.0,2,8839.0
OI501,,13:41:31.250#,8800.0,8876.0,8761.0,9246.0,8198.0,164858,177815,8834.0,9,8835.0,3,8836.0,4,8837.0,3,8838.0,2,8839.0,15,8840.0,8,8841.0,10,8842.0,13,8843.0,2,8839.0
OI501,,13:41:31.500#,8800.0,8876.0,8761.0,9246.0,8198.0,164860,177814,8833.0,11,8834.0,9,8835.0,3,8836.0,4,8837.0,4,8838.0,8,8839.0,13,8840.0,8,8841.0,10,8842.0,13,8838.0
OI501,,13:41:31.750#,8800.0,8876.0,8761.0,9246.0,8198.0,164860,177814,8833.0,11,8834.0,9,8835.0,3,8836.0,4,8837.0,3,8838.0,13,8839.0,13,8840.0,8,8841.0,10,8842.0,13,8838.0
OI501,,13:41:32.250#,8800.0,8876.0,8761.0,9246.0,8198.0,164860,177814,8833.0,11,8834.0,9,8835.0,3,8836.0,4,8837.0,3,8838.0,13,8839.0,13,8840.0,8,8841.0,9,8842.0,13,8838.0
OI501,,13:41:32.500#,8800.0,8876.0,8761.0,9246.0,8198.0,164863,177812,8833.0,11,8834.0,9,8835.0,3,8836.0,4,8837.0,5,8838.0,5,8839.0,13,8840.0,8,8841.0,9,8842.0,13,8838.0
