InstrumentId,ExchangeId,Datetime,OpenPrice,HighestPrice,LowestPrice,UpperLimitPrice,LowerLimitPrice,Volume,OpenInterest,BidPrice5,BidVolume5,BidPrice4,BidVolume4,BidPrice3,BidVolume3,BidPrice2,BidVolume2,BidPrice1,BidVolume1,AskPrice1,AskVolume1,AskPrice2,AskVolume2,AskPrice3,AskVolume3,AskPrice4,AskVolume4,AskPrice5,AskVolume5,LastPrice
OI505,,13:38:35.500#,8881.0,8927.0,8805.0,9309.0,8255.0,6595,20525,8881.0,3,8885.0,1,8890.0,2,8894.0,1,8897.0,2,8899.0,1,8904.0,1,8905.0,4,8916.0,1,8917.0,4,8901.0
OI505,,13:38:35.750#,8881.0,8927.0,8805.0,9309.0,8255.0,6595,20525,8881.0,3,8885.0,1,8890.0,2,8894.0,1,8897.0,1,8899.0,1,8904.0,1,8905.0,4,8916.0,1,8917.0,4,8901.0
OI505,,13:38:36.750#,8881.0,8927.0,8805.0,9309.0,8255.0,6596,20524,8881.0,3,8885.0,1,8890.0,2,8894.0,1,8896.0,1,8899.0,1,8904.0,1,8905.0,4,8916.0,1,8917.0,4,8897.0
OI505,,13:38:38.0#,8881.0,8927.0,8805.0,9309.0,8255.0,6596,20524,8881.0,3,8885.0,1,8890.0,2,8894.0,1,8896.0,1,8898.0,1,8904.0,1,8905.0,4,8916.0,1,8917.0,4,8897.0
OI505,,13:38:41.500#,8881.0,8927.0,8805.0,9309.0,8255.0,6596,20524,8881.0,3,8885.0,1,8890.0,2,8894.0,1,8895.0,1,8898.0,2,8904.0,1,8905.0,4,8916.0,1,8917.0,4,8897.0
OI505,,13:38:41.750#,8881.0,8927.0,8805.0,9309.0,8255.0,6596,20524,8880.0,3,8881.0,3,8885.0,1,8890.0,2,8895.0,1,8898.0,2,8905.0,4,8916.0,1,8917.0,4,8918.0,2,8897.0
OI505,,13:38:42.0#,8881.0,8927.0,8805.0,9309.0,8255.0,6596,20524,8881.0,3,8885.0,1,8890.0,2,8891.0,1,8895.0,1,8898.0,2,8901.0,1,8905.0,4,8916.0,1,8917.0,4,8897.0
OI505,,13:38:43.750#,8881.0,8927.0,8805.0,9309.0,8255.0,6596,20524,8881.0,3,8885.0,1,8890.0,2,8891.0,1,8895.0,1,8898.0,1,8901.0,1,8905.0,4,8916.0,1,8917.0,4,8897.0
OI505,,13:38:44.0#,8881.0,8927.0,8805.0,9309.0,8255.0,6596,20524,8881.0,3,8885.0,1,8890.0,2,8891.0,1,8895.0,1,8898.0,2,8901.0,1,8905.0,4,8916.0,1,8917.0,4,8897.0
OI505,,13:38:44.500#,8881.0,8927.0,8805.0,9309.0,8255.0,6596,20524,8881.0,3,8885.0,1,8890.0,2,8891.0,1,8896.0,1,8898.0,1,8901.0,1,8905.0,4,8916.0,1,8917.0,4,8897.0
OI505,,13:38:44.750#,8881.0,8927.0,8805.0,9309.0,8255.0,6596,20524,8881.0,3,8885.0,1,8890.0,2,8891.0,1,8896.0,1,8899.0,1,8901.0,1,8905.0,4,8916.0,1,8917.0,4,8897.0
OI505,,13:38:45.0#,8881.0,8927.0,8805.0,9309.0,8255.0,6596,20524,8881.0,3,8885.0,1,8890.0,2,8891.0,1,8896.0,1,8899.0,2,8901.0,1,8905.0,4,8916.0,1,8917.0,4,8897.0
OI505,,13:38:45.250#,8881.0,8927.0,8805.0,9309.0,8255.0,6596,20524,8881.0,3,8885.0,1,8890.0,2,8891.0,1,8896.0,1,8898.0,1,8901.0,1,8905.0,4,8916.0,1,8917.0,4,8897.0
OI505,,13:38:45.500#,8881.0,8927.0,8805.0,9309.0,8255.0,6596,20524,8881.0,3,8885.0,1,8890.0,2,8891.0,1,8896.0,1,8899.0,2,8901.0,1,8905.0,4,8916.0,1,8917.0,4,8897.0
OI505,,13:38:45.750#,8881.0,8927.0,8805.0,9309.0,8255.0,6596,20524,8881.0,3,8885.0,1,8890.0,2,8891.0,1,8896.0,1,8899.0,1,8901.0,1,8905.0,4,8916.0,1,8917.0,4,8897.0
OI505,,13:38:46.0#,8881.0,8927.0,8805.0,9309.0,8255.0,6596,20524,8881.0,3,8885.0,1,8890.0,2,8891.0,1,8897.0,1,8899.0,1,8901.0,1,8905.0,4,8916.0,1,8917.0,4,8897.0
OI505,,13:38:46.250#,8881.0,8927.0,8805.0,9309.0,8255.0,6596,20524,8880.0,3,8881.0,3,8885.0,1,8890.0,2,8897.0,1,8900.0,2,8905.0,4,8916.0,1,8917.0,4,8918.0,2,8897.0
OI505,,13:38:46.500#,8881.0,8927.0,8805.0,9309.0,8255.0,6596,20524,8881.0,3,8885.0,1,8890.0,2,8893.0,1,8898.0,1,8900.0,1,8903.0,1,8905.0,4,8916.0,1,8917.0,4,8897.0
OI505,,13:38:46.750#,8881.0,8927.0,8805.0,9309.0,8255.0,6596,20524,8881.0,3,8885.0,1,8890.0,2,8893.0,1,8897.0,1,8900.0,1,8903.0,1,8905.0,4,8916.0,1,8917.0,4,8897.0
OI505,,13:38:47.500#,8881.0,8927.0,8805.0,9309.0,8255.0,6596,20524,8881.0,3,8885.0,1,8890.0,2,8893.0,1,8898.0,1,8900.0,1,8903.0,1,8905.0,4,8916.0,1,8917.0,4,8897.0
OI505,,13:38:47.750#,8881.0,8927.0,8805.0,9309.0,8255.0,6596,20524,8881.0,3,8885.0,1,8890.0,2,8893.0,1,8897.0,1,8900.0,1,8903.0,1,8905.0,4,8916.0,1,8917.0,4,8897.0
OI505,,13:38:48.0#,8881.0,8927.0,8805.0,9309.0,8255.0,6596,20524,8881.0,3,8885.0,1,8890.0,2,8893.0,1,8898.0,1,8900.0,1,8903.0,1,8905.0,4,8916.0,1,8917.0,4,8897.0
OI505,,13:38:48.250#,8881.0,8927.0,8805.0,9309.0,8255.0,6596,20524,8881.0,3,8885.0,1,8890.0,2,8893.0,1,8897.0,1,8900.0,1,8903.0,1,8905.0,4,8916.0,1,8917.0,4,8897.0
OI505,,13:38:49.250#,8881.0,8927.0,8805.0,9309.0,8255.0,6596,20524,8881.0,3,8885.0,1,8890.0,2,8893.0,1,8898.0,1,8900.0,1,8903.0,1,8905.0,4,8916.0,1,8917.0,4,8897.0
OI505,,13:38:49.750#,8881.0,8927.0,8805.0,9309.0,8255.0,6596,20524,8881.0,3,8885.0,1,8890.0,2,8893.0,1,8898.0,1,8901.0,1,8903.0,1,8905.0,4,8916.0,1,8917.0,4,8897.0
OI505,,13:38:50.0#,8881.0,8927.0,8805.0,9309.0,8255.0,6596,20524,8881.0,3,8885.0,1,8890.0,2,8893.0,1,8899.0,1,8901.0,1,8903.0,1,8905.0,4,8916.0,1,8917.0,4,8897.0
OI505,,13:38:50.250#,8881.0,8927.0,8805.0,9309.0,8255.0,6596,20524,8880.0,3,8881.0,3,8885.0,1,8890.0,2,8899.0,1,8901.0,1,8905.0,4,8916.0,1,8917.0,4,8918.0,2,8897.0
OI505,,13:38:50.500#,8881.0,8927.0,8805.0,9309.0,8255.0,6596,20524,8881.0,3,8885.0,1,8890.0,2,8895.0,1,8899.0,1,8901.0,1,8905.0,5,8916.0,1,8917.0,4,8918.0,2,8897.0
OI505,,13:38:50.750#,8881.0,8927.0,8805.0,9309.0,8255.0,6596,20524,8881.0,3,8885.0,1,8890.0,2,8895.0,1,8898.0,1,8901.0,1,8905.0,5,8916.0,1,8917.0,4,8918.0,2,8897.0
OI505,,13:38:52.750#,8881.0,8927.0,8805.0,9309.0,8255.0,6596,20524,8881.0,3,8885.0,1,8890.0,2,8895.0,1,8898.0,1,8901.0,1,8905.0,5,8916.0,1,8917.0,4,8918.0,2,8897.0
OI505,,13:38:55.750#,8881.0,8927.0,8805.0,9309.0,8255.0,6596,20524,8881.0,3,8885.0,1,8890.0,2,8895.0,1,8898.0,1,8901.0,2,8905.0,5,8916.0,1,8917.0,4,8918.0,2,8897.0
OI505,,13:39:00.0#,8881.0,8927.0,8805.0,9309.0,8255.0,6596,20524,8881.0,3,8885.0,1,8890.0,2,8895.0,1,8897.0,2,8901.0,2,8905.0,5,8916.0,1,8917.0,4,8918.0,2,8897.0
OI505,,13:39:00.250#,8881.0,8927.0,8805.0,9309.0,8255.0,6596,20524,8881.0,3,8885.0,1,8890.0,2,8895.0,1,8898.0,1,8901.0,2,8905.0,5,8916.0,1,8917.0,4,8918.0,2,8897.0
OI505,,13:39:00.500#,8881.0,8927.0,8805.0,9309.0,8255.0,6596,20524,8881.0,3,8885.0,1,8890.0,2,8895.0,1,8897.0,2,8901.0,2,8905.0,5,8916.0,1,8917.0,4,8918.0,2,8897.0
OI505,,13:39:00.750#,8881.0,8927.0,8805.0,9309.0,8255.0,6596,20524,8881.0,3,8885.0,1,8890.0,2,8895.0,1,8898.0,1,8901.0,2,8905.0,5,8916.0,1,8917.0,4,8918.0,2,8897.0
OI505,,13:39:03.500#,8881.0,8927.0,8805.0,9309.0,8255.0,6596,20524,8881.0,3,8885.0,1,8890.0,2,8895.0,1,8897.0,2,8901.0,2,8905.0,5,8916.0,1,8917.0,4,8918.0,2,8897.0
OI505,,13:39:05.0#,8881.0,8927.0,8805.0,9309.0,8255.0,6596,20524,8881.0,3,8885.0,1,8890.0,2,8895.0,1,8898.0,1,8900.0,1,8905.0,5,8916.0,1,8917.0,4,8918.0,2,8897.0
OI505,,13:39:05.250#,8881.0,8927.0,8805.0,9309.0,8255.0,6596,20524,8881.0,3,8885.0,1,8890.0,2,8895.0,1,8897.0,2,8901.0,2,8905.0,5,8916.0,1,8917.0,4,8918.0,2,8897.0
OI505,,13:39:05.500#,8881.0,8927.0,8805.0,9309.0,8255.0,6596,20524,8881.0,3,8885.0,1,8890.0,2,8895.0,1,8897.0,2,8900.0,1,8905.0,5,8916.0,1,8917.0,4,8918.0,2,8897.0
OI505,,13:39:05.750#,8881.0,8927.0,8805.0,9309.0,8255.0,6596,20524,8881.0,3,8885.0,1,8890.0,2,8895.0,1,8897.0,1,8900.0,2,8905.0,5,8916.0,1,8917.0,4,8918.0,2,8897.0
OI505,,13:39:07.0#,8881.0,8927.0,8805.0,9309.0,8255.0,6596,20524,8881.0,3,8885.0,1,8890.0,2,8895.0,1,8897.0,1,8899.0,1,8905.0,5,8916.0,1,8917.0,4,8918.0,2,8897.0
OI505,,13:39:08.250#,8881.0,8927.0,8805.0,9309.0,8255.0,6596,20524,8880.0,3,8881.0,3,8885.0,1,8890.0,2,8895.0,3,8899.0,2,8905.0,5,8916.0,1,8917.0,4,8918.0,2,8897.0
OI505,,13:39:08.500#,8881.0,8927.0,8805.0,9309.0,8255.0,6596,20524,8880.0,3,8881.0,3,8885.0,1,8890.0,2,8895.0,2,8899.0,2,8905.0,4,8916.0,1,8917.0,4,8918.0,2,8897.0
OI505,,13:39:08.750#,8881.0,8927.0,8805.0,9309.0,8255.0,6596,20524,8881.0,3,8885.0,1,8890.0,2,8892.0,1,8895.0,2,8899.0,2,8902.0,1,8905.0,4,8916.0,1,8917.0,4,8897.0
OI505,,13:39:09.250#,8881.0,8927.0,8805.0,9309.0,8255.0,6596,20524,8881.0,3,8885.0,1,8890.0,2,8892.0,1,8894.0,2,8897.0,1,8902.0,1,8905.0,4,8916.0,1,8917.0,4,8897.0
OI505,,13:39:09.750#,8881.0,8927.0,8805.0,9309.0,8255.0,6596,20524,8881.0,3,8885.0,1,8890.0,2,8892.0,1,8894.0,1,8897.0,1,8902.0,1,8905.0,4,8916.0,1,8917.0,4,8897.0
OI505,,13:39:10.0#,8881.0,8927.0,8805.0,9309.0,8255.0,6596,20524,8881.0,3,8885.0,1,8890.0,2,8892.0,1,8894.0,1,8897.0,2,8902.0,1,8905.0,4,8916.0,1,8917.0,4,8897.0
OI505,,13:39:10.750#,8881.0,8927.0,8805.0,9309.0,8255.0,6596,20524,8881.0,3,8885.0,1,8890.0,2,8892.0,1,8894.0,1,8897.0,1,8902.0,1,8905.0,4,8916.0,1,8917.0,4,8897.0
OI505,,13:39:11.0#,8881.0,8927.0,8805.0,9309.0,8255.0,6596,20524,8881.0,3,8885.0,1,8890.0,2,8892.0,1,8894.0,2,8897.0,1,8902.0,1,8905.0,4,8916.0,1,8917.0,4,8897.0
OI505,,13:39:11.500#,8881.0,8927.0,8805.0,9309.0,8255.0,6596,20524,8881.0,3,8885.0,1,8890.0,2,8892.0,1,8895.0,1,8898.0,1,8902.0,1,8905.0,4,8916.0,1,8917.0,4,8897.0
OI505,,13:39:12.0#,8881.0,8927.0,8805.0,9309.0,8255.0,6596,20524,8881.0,3,8885.0,1,8890.0,2,8892.0,1,8895.0,2,8899.0,2,8902.0,1,8905.0,4,8916.0,1,8917.0,4,8897.0
OI505,,13:39:12.250#,8881.0,8927.0,8805.0,9309.0,8255.0,6596,20524,8881.0,3,8885.0,1,8890.0,2,8892.0,1,8895.0,2,8898.0,1,8902.0,1,8905.0,4,8916.0,1,8917.0,4,8897.0
OI505,,13:39:12.500#,8881.0,8927.0,8805.0,9309.0,8255.0,6596,20524,8881.0,3,8885.0,1,8890.0,2,8892.0,1,8895.0,2,8899.0,2,8902.0,1,8905.0,4,8916.0,1,8917.0,4,8897.0
OI505,,13:39:15.0#,8881.0,8927.0,8805.0,9309.0,8255.0,6596,20524,8881.0,3,8885.0,1,8890.0,2,8892.0,1,8895.0,2,8898.0,1,8902.0,1,8905.0,4,8916.0,1,8917.0,4,8897.0
OI505,,13:39:15.250#,8881.0,8927.0,8805.0,9309.0,8255.0,6596,20524,8882.0,1,8885.0,1,8890.0,2,8892.0,1,8895.0,2,8899.0,2,8902.0,1,8905.0,4,8916.0,1,8917.0,4,8897.0
OI505,,13:39:16.500#,8881.0,8927.0,8805.0,9309.0,8255.0,6596,20524,8882.0,1,8885.0,1,8890.0,2,8892.0,1,8897.0,1,8899.0,1,8902.0,1,8905.0,4,8916.0,1,8917.0,4,8897.0
OI505,,13:39:17.500#,8881.0,8927.0,8805.0,9309.0,8255.0,6596,20524,8882.0,1,8885.0,1,8890.0,2,8892.0,1,8896.0,1,8899.0,1,8902.0,1,8905.0,4,8916.0,1,8917.0,4,8897.0
OI505,,13:39:18.0#,8881.0,8927.0,8805.0,9309.0,8255.0,6596,20524,8882.0,1,8885.0,1,8890.0,2,8892.0,1,8896.0,1,8899.0,2,8902.0,1,8905.0,4,8916.0,1,8917.0,4,8897.0
OI505,,13:39:21.750#,8881.0,8927.0,8805.0,9309.0,8255.0,6596,20524,8882.0,1,8885.0,1,8890.0,2,8892.0,1,8895.0,2,8898.0,1,8902.0,1,8905.0,4,8916.0,1,8917.0,4,8897.0
OI505,,13:39:22.250#,8881.0,8927.0,8805.0,9309.0,8255.0,6596,20524,8882.0,1,8885.0,1,8890.0,2,8892.0,1,8895.0,1,8898.0,1,8902.0,1,8905.0,4,8916.0,1,8917.0,4,8897.0
OI505,,13:39:22.500#,8881.0,8927.0,8805.0,9309.0,8255.0,6596,20524,8882.0,1,8885.0,1,8890.0,2,8892.0,1,8894.0,2,8897.0,1,8902.0,1,8905.0,4,8916.0,1,8917.0,4,8897.0
OI505,,13:39:22.750#,8881.0,8927.0,8805.0,9309.0,8255.0,6596,20524,8882.0,1,8885.0,1,8890.0,2,8892.0,1,8894.0,1,8897.0,1,8902.0,1,8905.0,4,8916.0,1,8917.0,4,8897.0
OI505,,13:39:23.0#,8881.0,8927.0,8805.0,9309.0,8255.0,6596,20524,8882.0,1,8885.0,1,8890.0,2,8892.0,1,8894.0,1,8897.0,2,8902.0,1,8905.0,4,8916.0,1,8917.0,4,8897.0
OI505,,13:39:23.250#,8881.0,8927.0,8805.0,9309.0,8255.0,6596,20524,8882.0,1,8885.0,1,8890.0,2,8892.0,1,8894.0,1,8897.0,1,8902.0,1,8905.0,4,8916.0,1,8917.0,4,8897.0
OI505,,13:39:23.500#,8881.0,8927.0,8805.0,9309.0,8255.0,6596,20524,8882.0,1,8885.0,1,8890.0,2,8892.0,1,8894.0,1,8897.0,2,8902.0,1,8905.0,4,8916.0,1,8917.0,4,8897.0
OI505,,13:39:27.500#,8881.0,8927.0,8805.0,9309.0,8255.0,6596,20524,8882.0,1,8885.0,1,8890.0,2,8892.0,1,8893.0,2,8897.0,2,8902.0,1,8905.0,4,8916.0,1,8917.0,4,8897.0
OI505,,13:39:27.750#,8881.0,8927.0,8805.0,9309.0,8255.0,6596,20524,8881.0,3,8882.0,1,8885.0,1,8890.0,2,8893.0,1,8896.0,2,8905.0,4,8916.0,1,8917.0,4,8918.0,2,8897.0
OI505,,13:39:28.0#,8881.0,8927.0,8805.0,9309.0,8255.0,6596,20524,8882.0,1,8885.0,1,8889.0,1,8890.0,2,8892.0,3,8895.0,1,8899.0,1,8905.0,4,8916.0,1,8917.0,4,8897.0
OI505,,13:39:28.250#,8881.0,8927.0,8805.0,9309.0,8255.0,6596,20524,8882.0,1,8885.0,1,8889.0,1,8890.0,2,8892.0,3,8896.0,2,8899.0,1,8905.0,4,8916.0,1,8917.0,4,8897.0
OI505,,13:39:28.500#,8881.0,8927.0,8805.0,9309.0,8255.0,6596,20524,8882.0,1,8885.0,1,8889.0,1,8890.0,2,8892.0,3,8895.0,1,8899.0,1,8905.0,4,8916.0,1,8917.0,4,8897.0
OI505,,13:39:28.750#,8881.0,8927.0,8805.0,9309.0,8255.0,6596,20524,8882.0,1,8885.0,1,8889.0,1,8890.0,2,8892.0,3,8896.0,1,8899.0,1,8905.0,4,8916.0,1,8917.0,4,8897.0
OI505,,13:39:29.0#,8881.0,8927.0,8805.0,9309.0,8255.0,6596,20524,8882.0,1,8885.0,1,8889.0,1,8890.0,2,8893.0,1,8895.0,1,8899.0,1,8905.0,4,8916.0,1,8917.0,4,8897.0
OI505,,13:39:29.250#,8881.0,8927.0,8805.0,9309.0,8255.0,6596,20524,8882.0,1,8885.0,1,8889.0,1,8890.0,2,8893.0,1,8896.0,2,8899.0,1,8905.0,4,8916.0,1,8917.0,4,8897.0
OI505,,13:39:30.500#,8881.0,8927.0,8805.0,9309.0,8255.0,6596,20524,8882.0,1,8885.0,1,8889.0,1,8890.0,2,8893.0,1,8896.0,1,8899.0,1,8905.0,4,8916.0,1,8917.0,4,8897.0
OI505,,13:39:31.250#,8881.0,8927.0,8805.0,9309.0,8255.0,6596,20524,8882.0,1,8885.0,1,8889.0,1,8890.0,2,8894.0,1,8896.0,1,8899.0,1,8905.0,4,8916.0,1,8917.0,4,8897.0
OI505,,13:39:31.500#,8881.0,8927.0,8805.0,9309.0,8255.0,6596,20524,8882.0,1,8885.0,1,8889.0,1,8890.0,2,8894.0,1,8897.0,2,8899.0,1,8905.0,4,8916.0,1,8917.0,4,8897.0
OI505,,13:39:33.250#,8881.0,8927.0,8805.0,9309.0,8255.0,6596,20524,8882.0,1,8885.0,1,8889.0,1,8890.0,2,8894.0,1,8896.0,1,8899.0,1,8905.0,4,8916.0,1,8917.0,4,8897.0
OI505,,13:39:33.500#,8881.0,8927.0,8805.0,9309.0,8255.0,6596,20524,8882.0,1,8885.0,1,8889.0,1,8890.0,2,8893.0,1,8896.0,2,8899.0,1,8905.0,4,8916.0,1,8917.0,4,8897.0
OI505,,13:39:33.750#,8881.0,8927.0,8805.0,9309.0,8255.0,6596,20524,8882.0,1,8885.0,1,8889.0,1,8890.0,2,8892.0,2,8895.0,1,8899.0,1,8905.0,4,8916.0,1,8917.0,4,8897.0
OI505,,13:39:34.0#,8881.0,8927.0,8805.0,9309.0,8255.0,6596,20524,8882.0,1,8885.0,1,8889.0,1,8890.0,2,8892.0,2,8895.0,1,8899.0,1,8905.0,4,8916.0,1,8917.0,4,8897.0
OI505,,13:39:34.250#,8881.0,8927.0,8805.0,9309.0,8255.0,6596,20524,8882.0,1,8885.0,1,8889.0,1,8890.0,2,8892.0,2,8896.0,2,8899.0,1,8905.0,4,8916.0,1,8917.0,4,8897.0
OI505,,13:39:34.500#,8881.0,8927.0,8805.0,9309.0,8255.0,6596,20524,8882.0,1,8885.0,1,8889.0,1,8890.0,2,8892.0,2,8895.0,1,8899.0,1,8905.0,4,8916.0,1,8917.0,4,8897.0
OI505,,13:39:35.250#,8881.0,8927.0,8805.0,9309.0,8255.0,6596,20524,8882.0,1,8885.0,1,8889.0,1,8890.0,2,8892.0,2,8895.0,2,8899.0,1,8905.0,4,8916.0,1,8917.0,4,8897.0
OI505,,13:39:35.500#,8881.0,8927.0,8805.0,9309.0,8255.0,6596,20524,8882.0,1,8885.0,1,8889.0,1,8890.0,2,8892.0,1,8894.0,1,8899.0,1,8905.0,4,8916.0,1,8917.0,4,8897.0
OI505,,13:39:36.0#,8881.0,8927.0,8805.0,9309.0,8255.0,6596,20524,8882.0,1,8885.0,1,8889.0,1,8890.0,2,8892.0,1,8893.0,1,8899.0,1,8905.0,4,8916.0,1,8917.0,4,8897.0
OI505,,13:39:36.250#,8881.0,8927.0,8805.0,9309.0,8255.0,6597,20523,8882.0,1,8885.0,1,8889.0,1,8890.0,2,8891.0,1,8893.0,1,8899.0,1,8905.0,4,8916.0,1,8917.0,4,8892.0
OI505,,13:39:36.500#,8881.0,8927.0,8805.0,9309.0,8255.0,6597,20523,8881.0,3,8882.0,1,8885.0,1,8889.0,1,8890.0,4,8893.0,1,8899.0,1,8905.0,4,8916.0,1,8917.0,4,8892.0
OI505,,13:39:36.750#,8881.0,8927.0,8805.0,9309.0,8255.0,6597,20523,8877.0,1,8880.0,2,8882.0,1,8885.0,1,8890.0,4,8893.0,1,8905.0,4,8916.0,1,8917.0,4,8918.0,2,8892.0
OI505,,13:39:37.0#,8881.0,8927.0,8805.0,9309.0,8255.0,6597,20523,8880.0,2,8882.0,1,8885.0,1,8886.0,1,8890.0,5,8894.0,2,8896.0,1,8905.0,4,8912.0,6,8916.0,1,8892.0
OI505,,13:39:37.250#,8881.0,8927.0,8805.0,9309.0,8255.0,6597,20523,8880.0,2,8882.0,1,8885.0,1,8886.0,1,8890.0,4,8893.0,1,8896.0,2,8905.0,4,8910.0,3,8912.0,9,8892.0
OI505,,13:39:37.500#,8881.0,8927.0,8805.0,9309.0,8255.0,6597,20523,8880.0,2,8882.0,1,8885.0,1,8886.0,1,8890.0,4,8892.0,1,8896.0,2,8905.0,4,8910.0,3,8912.0,9,8892.0
OI505,,13:39:37.750#,8881.0,8927.0,8805.0,9309.0,8255.0,6597,20523,8880.0,2,8882.0,1,8885.0,1,8886.0,1,8890.0,3,8893.0,1,8896.0,2,8905.0,4,8910.0,3,8912.0,9,8892.0
OI505,,13:39:38.0#,8881.0,8927.0,8805.0,9309.0,8255.0,6597,20523,8880.0,2,8882.0,1,8885.0,1,8886.0,1,8890.0,4,8893.0,1,8896.0,2,8905.0,4,8910.0,3,8912.0,9,8892.0
OI505,,13:39:39.0#,8881.0,8927.0,8805.0,9309.0,8255.0,6597,20523,8880.0,2,8882.0,1,8885.0,1,8886.0,1,8890.0,4,8893.0,2,8896.0,2,8905.0,4,8910.0,3,8912.0,9,8892.0
OI505,,13:39:39.250#,8881.0,8927.0,8805.0,9309.0,8255.0,6597,20523,8880.0,2,8882.0,1,8885.0,1,8886.0,1,8890.0,4,8893.0,1,8896.0,2,8905.0,4,8910.0,3,8912.0,9,8892.0
OI505,,13:39:39.500#,8881.0,8927.0,8805.0,9309.0,8255.0,6597,20523,8882.0,1,8885.0,1,8886.0,1,8890.0,2,8891.0,1,8894.0,2,8896.0,2,8905.0,4,8910.0,3,8912.0,9,8892.0
OI505,,13:39:40.500#,8881.0,8927.0,8805.0,9309.0,8255.0,6597,20523,8880.0,2,8882.0,1,8885.0,1,8886.0,1,8890.0,5,8893.0,1,8896.0,2,8905.0,4,8910.0,3,8912.0,9,8892.0
OI505,,13:39:40.750#,8881.0,8927.0,8805.0,9309.0,8255.0,6597,20523,8880.0,2,8882.0,1,8885.0,1,8886.0,1,8890.0,4,8892.0,1,8896.0,2,8905.0,4,8910.0,3,8912.0,9,8892.0
OI505,,13:39:41.0#,8881.0,8927.0,8805.0,9309.0,8255.0,6597,20523,8880.0,2,8882.0,1,8885.0,1,8886.0,1,8890.0,3,8892.0,2,8896.0,2,8905.0,4,8910.0,3,8912.0,9,8892.0
OI505,,13:39:41.250#,8881.0,8927.0,8805.0,9309.0,8255.0,6597,20523,8880.0,2,8882.0,1,8885.0,1,8886.0,1,8890.0,3,8892.0,1,8896.0,2,8905.0,4,8910.0,3,8912.0,9,8892.0
OI505,,13:39:41.750#,8881.0,8927.0,8805.0,9309.0,8255.0,6597,20523,8880.0,2,8882.0,1,8885.0,1,8886.0,1,8890.0,4,8892.0,1,8896.0,2,8905.0,4,8910.0,3,8912.0,9,8892.0
OI505,,13:39:42.500#,8881.0,8927.0,8805.0,9309.0,8255.0,6597,20523,8880.0,2,8882.0,1,8885.0,1,8886.0,1,8890.0,4,8893.0,2,8896.0,2,8905.0,4,8910.0,3,8912.0,9,8892.0
OI505,,13:39:42.750#,8881.0,8927.0,8805.0,9309.0,8255.0,6597,20523,8880.0,2,8882.0,1,8885.0,1,8886.0,1,8890.0,3,8893.0,2,8896.0,2,8905.0,4,8910.0,3,8912.0,9,8892.0
OI505,,13:39:43.0#,8881.0,8927.0,8805.0,9309.0,8255.0,6597,20523,8880.0,2,8882.0,1,8885.0,1,8886.0,1,8890.0,3,8893.0,4,8896.0,2,8905.0,4,8910.0,3,8912.0,9,8892.0
OI505,,13:39:43.250#,8881.0,8927.0,8805.0,9309.0,8255.0,6597,20523,8880.0,2,8882.0,1,8885.0,1,8886.0,1,8890.0,3,8892.0,1,8896.0,2,8905.0,4,8910.0,3,8912.0,9,8892.0
OI505,,13:39:43.500#,8881.0,8927.0,8805.0,9309.0,8255.0,6597,20523,8880.0,2,8882.0,1,8885.0,1,8886.0,1,8890.0,3,8892.0,5,8896.0,2,8905.0,4,8910.0,3,8912.0,9,8892.0
OI505,,13:39:43.750#,8881.0,8927.0,8805.0,9309.0,8255.0,6597,20523,8880.0,2,8882.0,1,8885.0,1,8886.0,1,8890.0,3,8892.0,6,8896.0,2,8905.0,4,8910.0,3,8912.0,9,8892.0
OI505,,13:39:44.250#,8881.0,8927.0,8805.0,9309.0,8255.0,6597,20523,8880.0,2,8882.0,1,8885.0,1,8886.0,1,8890.0,3,8892.0,6,8896.0,2,8905.0,4,8910.0,3,8912.0,12,8892.0
OI505,,13:39:45.500#,8881.0,8927.0,8805.0,9309.0,8255.0,6597,20523,8880.0,2,8882.0,1,8885.0,1,8886.0,1,8890.0,3,8892.0,5,8896.0,2,8905.0,4,8910.0,3,8912.0,12,8892.0
OI505,,13:39:45.750#,8881.0,8927.0,8805.0,9309.0,8255.0,6597,20523,8880.0,2,8882.0,1,8885.0,1,8886.0,1,8890.0,4,8893.0,7,8896.0,2,8905.0,4,8910.0,3,8912.0,12,8892.0
OI505,,13:39:46.0#,8881.0,8927.0,8805.0,9309.0,8255.0,6597,20523,8880.0,2,8882.0,1,8885.0,1,8886.0,1,8890.0,4,8893.0,4,8896.0,2,8905.0,4,8910.0,3,8912.0,12,8892.0
OI505,,13:39:47.0#,8881.0,8927.0,8805.0,9309.0,8255.0,6597,20523,8880.0,2,8882.0,1,8885.0,1,8886.0,1,8890.0,3,8893.0,4,8896.0,2,8905.0,4,8910.0,3,8912.0,12,8892.0
OI505,,13:39:47.250#,8881.0,8927.0,8805.0,9309.0,8255.0,6597,20523,8880.0,2,8882.0,1,8885.0,1,8886.0,1,8890.0,4,8893.0,5,8896.0,2,8905.0,4,8910.0,3,8912.0,12,8892.0
OI505,,13:39:47.750#,8881.0,8927.0,8805.0,9309.0,8255.0,6597,20523,8880.0,2,8882.0,1,8885.0,1,8886.0,1,8890.0,4,8893.0,4,8896.0,2,8905.0,4,8910.0,3,8912.0,12,8892.0
OI505,,13:39:48.0#,8881.0,8927.0,8805.0,9309.0,8255.0,6597,20523,8880.0,2,8882.0,1,8885.0,1,8886.0,1,8890.0,5,8893.0,4,8896.0,2,8905.0,4,8910.0,3,8912.0,12,8892.0
OI505,,13:39:48.250#,8881.0,8927.0,8805.0,9309.0,8255.0,6597,20523,8880.0,2,8882.0,1,8885.0,1,8886.0,1,8890.0,5,8893.0,1,8896.0,2,8905.0,4,8910.0,3,8912.0,12,8892.0
OI505,,13:39:48.500#,8881.0,8927.0,8805.0,9309.0,8255.0,6597,20523,8882.0,1,8885.0,1,8886.0,1,8890.0,2,8891.0,1,8894.0,2,8896.0,2,8905.0,4,8910.0,3,8912.0,12,8892.0
OI505,,13:39:48.750#,8881.0,8927.0,8805.0,9309.0,8255.0,6597,20523,8880.0,2,8882.0,1,8885.0,1,8886.0,1,8890.0,5,8894.0,4,8896.0,2,8905.0,4,8910.0,3,8912.0,12,8892.0
OI505,,13:39:49.250#,8881.0,8927.0,8805.0,9309.0,8255.0,6604,20518,8880.0,2,8882.0,1,8885.0,1,8886.0,1,8890.0,5,8894.0,3,8896.0,2,8905.0,4,8910.0,3,8912.0,12,8894.0
OI505,,13:39:49.750#,8881.0,8927.0,8805.0,9309.0,8255.0,6604,20518,8880.0,2,8882.0,1,8885.0,1,8886.0,1,8890.0,4,8893.0,1,8896.0,2,8905.0,4,8910.0,3,8912.0,12,8894.0
OI505,,13:39:50.0#,8881.0,8927.0,8805.0,9309.0,8255.0,6604,20518,8880.0,2,8882.0,1,8885.0,1,8886.0,1,8890.0,4,8893.0,4,8896.0,2,8905.0,4,8910.0,3,8912.0,12,8894.0
OI505,,13:39:50.250#,8881.0,8927.0,8805.0,9309.0,8255.0,6604,20518,8880.0,2,8882.0,1,8885.0,1,8886.0,1,8890.0,4,8893.0,3,8896.0,2,8905.0,4,8910.0,3,8912.0,12,8894.0
OI505,,13:39:50.750#,8881.0,8927.0,8805.0,9309.0,8255.0,6604,20518,8882.0,1,8885.0,1,8886.0,1,8890.0,2,8891.0,1,8894.0,6,8896.0,2,8905.0,4,8910.0,3,8912.0,12,8894.0
OI505,,13:39:51.500#,8881.0,8927.0,8805.0,9309.0,8255.0,6604,20518,8885.0,1,8886.0,1,8889.0,1,8890.0,2,8891.0,1,8894.0,6,8896.0,2,8905.0,4,8910.0,3,8912.0,12,8894.0
OI505,,13:39:53.0#,8881.0,8927.0,8805.0,9309.0,8255.0,6604,20518,8885.0,1,8886.0,1,8889.0,1,8890.0,2,8891.0,1,8894.0,3,8896.0,2,8905.0,4,8910.0,3,8912.0,12,8894.0
OI505,,13:39:53.250#,8881.0,8927.0,8805.0,9309.0,8255.0,6604,20518,8885.0,1,8886.0,1,8889.0,1,8890.0,2,8891.0,1,8894.0,1,8896.0,2,8905.0,4,8910.0,3,8912.0,12,8894.0
OI505,,13:39:53.500#,8881.0,8927.0,8805.0,9309.0,8255.0,6604,20518,8885.0,1,8886.0,1,8889.0,1,8890.0,2,8891.0,1,8894.0,4,8896.0,2,8905.0,4,8910.0,3,8912.0,12,8894.0
OI505,,13:39:54.0#,8881.0,8927.0,8805.0,9309.0,8255.0,6607,20515,8882.0,1,8885.0,1,8886.0,1,8889.0,1,8890.0,4,8891.0,7,8896.0,2,8905.0,4,8910.0,3,8912.0,12,8891.0
OI505,,13:39:54.750#,8881.0,8927.0,8805.0,9309.0,8255.0,6607,20515,8882.0,1,8885.0,1,8886.0,1,8889.0,1,8890.0,3,8891.0,7,8896.0,2,8905.0,4,8910.0,3,8912.0,12,8891.0
OI505,,13:39:55.500#,8881.0,8927.0,8805.0,9309.0,8255.0,6607,20515,8882.0,1,8885.0,1,8886.0,1,8889.0,1,8890.0,4,8891.0,7,8896.0,2,8905.0,4,8910.0,3,8912.0,12,8891.0
OI505,,13:39:56.0#,8881.0,8927.0,8805.0,9309.0,8255.0,6612,20513,8882.0,1,8885.0,1,8886.0,1,8889.0,1,8890.0,3,8891.0,2,8896.0,1,8905.0,4,8910.0,3,8912.0,12,8891.0
OI505,,13:39:56.250#,8881.0,8927.0,8805.0,9309.0,8255.0,6612,20513,8882.0,1,8885.0,1,8886.0,1,8889.0,1,8890.0,3,8891.0,2,8893.0,1,8896.0,1,8905.0,4,8910.0,3,8891.0
OI505,,13:39:56.750#,8881.0,8927.0,8805.0,9309.0,8255.0,6615,20511,8882.0,1,8885.0,1,8886.0,1,8889.0,1,8891.0,1,8892.0,1,8893.0,1,8896.0,1,8905.0,4,8910.0,3,8891.0
OI505,,13:39:57.500#,8881.0,8927.0,8805.0,9309.0,8255.0,6615,20511,8882.0,1,8885.0,1,8886.0,1,8889.0,1,8891.0,1,8892.0,1,8893.0,1,8896.0,1,8905.0,4,8910.0,3,8891.0
OI505,,13:39:58.0#,8881.0,8927.0,8805.0,9309.0,8255.0,6615,20511,8882.0,1,8885.0,1,8886.0,1,8889.0,1,8891.0,1,8893.0,1,8896.0,1,8905.0,4,8910.0,3,8912.0,12,8891.0
OI505,,13:39:59.500#,8881.0,8927.0,8805.0,9309.0,8255.0,6616,20511,8882.0,1,8885.0,1,8886.0,1,8889.0,1,8890.0,5,8893.0,1,8896.0,1,8905.0,4,8910.0,3,8912.0,12,8891.0
OI505,,13:39:59.750#,8881.0,8927.0,8805.0,9309.0,8255.0,6616,20511,8882.0,1,8885.0,1,8886.0,1,8889.0,1,8890.0,1,8893.0,2,8896.0,1,8905.0,4,8910.0,3,8912.0,12,8891.0
OI505,,13:40:00.0#,8881.0,8927.0,8805.0,9309.0,8255.0,6616,20511,8882.0,1,8885.0,1,8886.0,1,8889.0,1,8890.0,1,8893.0,3,8896.0,1,8905.0,4,8910.0,3,8912.0,12,8891.0
OI505,,13:40:00.250#,8881.0,8927.0,8805.0,9309.0,8255.0,6616,20511,8882.0,1,8885.0,1,8886.0,1,8889.0,1,8890.0,1,8893.0,5,8896.0,1,8905.0,4,8910.0,3,8912.0,12,8891.0
OI505,,13:40:00.500#,8881.0,8927.0,8805.0,9309.0,8255.0,6616,20511,8882.0,1,8885.0,1,8886.0,1,8889.0,1,8890.0,2,8893.0,4,8896.0,1,8905.0,4,8910.0,3,8912.0,12,8891.0
OI505,,13:40:00.750#,8881.0,8927.0,8805.0,9309.0,8255.0,6616,20511,8882.0,1,8885.0,1,8886.0,1,8889.0,1,8890.0,2,8893.0,2,8896.0,1,8905.0,4,8910.0,3,8912.0,12,8891.0
OI505,,13:40:01.250#,8881.0,8927.0,8805.0,9309.0,8255.0,6616,20511,8882.0,1,8885.0,1,8886.0,1,8889.0,1,8890.0,2,8893.0,2,8896.0,1,8905.0,3,8910.0,3,8912.0,12,8891.0
OI505,,13:40:01.750#,8881.0,8927.0,8805.0,9309.0,8255.0,6616,20511,8882.0,1,8885.0,1,8886.0,1,8889.0,1,8890.0,3,8893.0,2,8896.0,1,8905.0,3,8910.0,3,8912.0,12,8891.0
OI505,,13:40:02.750#,8881.0,8927.0,8805.0,9309.0,8255.0,6616,20511,8882.0,1,8885.0,1,8886.0,1,8889.0,1,8890.0,3,8893.0,3,8896.0,1,8905.0,3,8910.0,3,8912.0,12,8891.0
OI505,,13:40:03.250#,8881.0,8927.0,8805.0,9309.0,8255.0,6616,20511,8882.0,1,8885.0,1,8886.0,1,8889.0,1,8890.0,2,8893.0,4,8896.0,1,8905.0,3,8910.0,3,8912.0,12,8891.0
OI505,,13:40:03.500#,8881.0,8927.0,8805.0,9309.0,8255.0,6616,20511,8882.0,1,8885.0,1,8886.0,1,8889.0,1,8890.0,2,8893.0,1,8896.0,1,8905.0,3,8910.0,3,8912.0,12,8891.0
OI505,,13:40:03.750#,8881.0,8927.0,8805.0,9309.0,8255.0,6616,20511,8882.0,1,8885.0,1,8886.0,1,8889.0,1,8890.0,3,8893.0,4,8896.0,1,8905.0,3,8910.0,3,8912.0,12,8891.0
OI505,,13:40:04.0#,8881.0,8927.0,8805.0,9309.0,8255.0,6616,20511,8882.0,1,8885.0,1,8886.0,1,8889.0,1,8890.0,3,8893.0,3,8896.0,1,8905.0,3,8910.0,3,8912.0,12,8891.0
OI505,,13:40:04.250#,8881.0,8927.0,8805.0,9309.0,8255.0,6616,20511,8882.0,1,8885.0,1,8886.0,1,8889.0,1,8890.0,2,8893.0,2,8896.0,1,8905.0,3,8910.0,3,8912.0,12,8891.0
OI505,,13:40:04.500#,8881.0,8927.0,8805.0,9309.0,8255.0,6616,20511,8882.0,1,8885.0,1,8886.0,1,8889.0,1,8890.0,2,8893.0,3,8896.0,1,8905.0,3,8910.0,3,8912.0,12,8891.0
OI505,,13:40:04.750#,8881.0,8927.0,8805.0,9309.0,8255.0,6616,20511,8882.0,1,8885.0,1,8886.0,1,8889.0,1,8890.0,2,8892.0,1,8893.0,1,8896.0,1,8905.0,3,8910.0,3,8891.0
OI505,,13:40:05.0#,8881.0,8927.0,8805.0,9309.0,8255.0,6616,20511,8882.0,1,8885.0,1,8886.0,1,8889.0,1,8890.0,2,8893.0,8,8896.0,1,8905.0,3,8910.0,3,8912.0,12,8891.0
OI505,,13:40:05.250#,8881.0,8927.0,8805.0,9309.0,8255.0,6616,20511,8882.0,1,8885.0,1,8886.0,1,8889.0,1,8890.0,2,8893.0,5,8896.0,1,8905.0,3,8910.0,3,8912.0,12,8891.0
OI505,,13:40:06.0#,8881.0,8927.0,8805.0,9309.0,8255.0,6616,20511,8882.0,1,8885.0,1,8886.0,1,8889.0,1,8890.0,2,8892.0,1,8893.0,1,8896.0,1,8905.0,3,8910.0,3,8891.0
OI505,,13:40:06.250#,8881.0,8927.0,8805.0,9309.0,8255.0,6616,20511,8882.0,1,8885.0,1,8886.0,1,8889.0,1,8890.0,2,8893.0,5,8896.0,1,8905.0,3,8910.0,3,8912.0,12,8891.0
OI505,,13:40:06.750#,8881.0,8927.0,8805.0,9309.0,8255.0,6616,20511,8882.0,1,8885.0,1,8886.0,1,8889.0,1,8890.0,2,8892.0,1,8893.0,1,8896.0,1,8905.0,3,8910.0,3,8891.0
OI505,,13:40:07.0#,8881.0,8927.0,8805.0,9309.0,8255.0,6616,20511,8882.0,1,8885.0,1,8886.0,1,8889.0,1,8890.0,2,8892.0,4,8893.0,1,8896.0,1,8905.0,3,8910.0,3,8891.0
OI505,,13:40:07.250#,8881.0,8927.0,8805.0,9309.0,8255.0,6616,20511,8882.0,1,8885.0,1,8886.0,1,8889.0,1,8890.0,2,8892.0,1,8893.0,1,8896.0,1,8905.0,3,8910.0,3,8891.0
OI505,,13:40:07.750#,8881.0,8927.0,8805.0,9309.0,8255.0,6616,20511,8882.0,1,8885.0,1,8886.0,1,8889.0,1,8890.0,2,8892.0,3,8893.0,1,8896.0,1,8905.0,3,8910.0,3,8891.0
OI505,,13:40:08.0#,8881.0,8927.0,8805.0,9309.0,8255.0,6616,20511,8882.0,1,8885.0,1,8886.0,1,8889.0,1,8890.0,1,8892.0,3,8893.0,1,8896.0,1,8905.0,3,8910.0,3,8891.0
OI505,,13:40:08.250#,8881.0,8927.0,8805.0,9309.0,8255.0,6617,20510,8882.0,1,8885.0,1,8886.0,1,8889.0,1,8890.0,1,8892.0,3,8893.0,1,8896.0,1,8905.0,3,8910.0,3,8891.0
OI505,,13:40:08.500#,8881.0,8927.0,8805.0,9309.0,8255.0,6617,20510,8882.0,1,8885.0,1,8886.0,1,8889.0,1,8890.0,1,8891.0,1,8893.0,1,8896.0,1,8905.0,3,8910.0,3,8891.0
OI505,,13:40:08.750#,8881.0,8927.0,8805.0,9309.0,8255.0,6618,20511,8880.0,2,8882.0,1,8885.0,1,8886.0,1,8889.0,1,8891.0,4,8893.0,1,8896.0,1,8905.0,3,8910.0,3,8890.0
OI505,,13:40:09.0#,8881.0,8927.0,8805.0,9309.0,8255.0,6618,20511,8880.0,2,8882.0,1,8885.0,1,8886.0,1,8889.0,1,8890.0,1,8893.0,1,8896.0,1,8905.0,3,8910.0,3,8890.0
OI505,,13:40:09.250#,8881.0,8927.0,8805.0,9309.0,8255.0,6618,20511,8880.0,2,8882.0,1,8885.0,1,8886.0,1,8889.0,1,8891.0,7,8893.0,1,8905.0,3,8910.0,3,8912.0,12,8890.0
OI505,,13:40:09.500#,8881.0,8927.0,8805.0,9309.0,8255.0,6618,20511,8880.0,2,8882.0,1,8885.0,1,8886.0,1,8889.0,1,8890.0,2,8893.0,1,8894.0,1,8905.0,3,8910.0,3,8890.0
OI505,,13:40:09.750#,8881.0,8927.0,8805.0,9309.0,8255.0,6619,20511,8875.0,4,8880.0,2,8882.0,1,8885.0,1,8886.0,3,8889.0,1,8893.0,1,8894.0,1,8905.0,3,8910.0,3,8889.0
OI505,,13:40:10.0#,8881.0,8927.0,8805.0,9309.0,8255.0,6619,20511,8875.0,3,8880.0,2,8882.0,1,8885.0,1,8886.0,2,8889.0,1,8893.0,1,8894.0,1,8905.0,3,8910.0,3,8889.0
OI505,,13:40:10.250#,8881.0,8927.0,8805.0,9309.0,8255.0,6619,20511,8880.0,2,8882.0,1,8883.0,1,8885.0,1,8886.0,2,8889.0,2,8893.0,1,8894.0,1,8905.0,3,8910.0,3,8889.0
OI505,,13:40:10.500#,8881.0,8927.0,8805.0,9309.0,8255.0,6619,20511,8880.0,2,8882.0,1,8883.0,1,8885.0,1,8886.0,2,8890.0,4,8893.0,1,8894.0,1,8905.0,3,8910.0,3,8889.0
OI505,,13:40:10.750#,8881.0,8927.0,8805.0,9309.0,8255.0,6619,20511,8880.0,2,8882.0,1,8883.0,1,8885.0,1,8886.0,1,8889.0,1,8893.0,1,8894.0,1,8905.0,3,8910.0,3,8889.0
OI505,,13:40:11.0#,8881.0,8927.0,8805.0,9309.0,8255.0,6619,20511,8880.0,2,8882.0,1,8883.0,1,8885.0,1,8886.0,1,8889.0,1,8893.0,1,8894.0,1,8905.0,3,8907.0,3,8889.0
OI505,,13:40:11.250#,8881.0,8927.0,8805.0,9309.0,8255.0,6619,20511,8880.0,2,8882.0,1,8883.0,1,8885.0,1,8886.0,1,8889.0,3,8893.0,1,8894.0,1,8905.0,3,8907.0,3,8889.0
OI505,,13:40:11.500#,8881.0,8927.0,8805.0,9309.0,8255.0,6619,20511,8880.0,2,8882.0,1,8883.0,1,8885.0,1,8886.0,2,8889.0,1,8893.0,1,8894.0,1,8905.0,3,8907.0,3,8889.0
OI505,,13:40:12.0#,8881.0,8927.0,8805.0,9309.0,8255.0,6619,20511,8880.0,2,8882.0,1,8883.0,1,8885.0,1,8886.0,2,8889.0,3,8893.0,1,8894.0,1,8905.0,3,8907.0,3,8889.0
OI505,,13:40:12.500#,8881.0,8927.0,8805.0,9309.0,8255.0,6619,20511,8880.0,2,8882.0,1,8883.0,1,8885.0,1,8886.0,1,8889.0,3,8893.0,1,8894.0,1,8905.0,3,8907.0,3,8889.0
OI505,,13:40:12.750#,8881.0,8927.0,8805.0,9309.0,8255.0,6619,20511,8880.0,2,8882.0,1,8883.0,1,8885.0,1,8886.0,1,8888.0,2,8893.0,1,8905.0,3,8907.0,3,8910.0,3,8889.0
OI505,,13:40:13.0#,8881.0,8927.0,8805.0,9309.0,8255.0,6619,20511,8880.0,2,8882.0,1,8883.0,1,8885.0,1,8886.0,1,8888.0,1,8891.0,1,8893.0,1,8905.0,3,8907.0,3,8889.0
OI505,,13:40:13.250#,8881.0,8927.0,8805.0,9309.0,8255.0,6619,20511,8880.0,2,8882.0,1,8883.0,1,8885.0,1,8886.0,1,8889.0,6,8891.0,1,8893.0,1,8905.0,3,8907.0,3,8889.0
OI505,,13:40:13.500#,8881.0,8927.0,8805.0,9309.0,8255.0,6619,20511,8880.0,2,8882.0,1,8883.0,1,8885.0,1,8886.0,1,8888.0,2,8891.0,1,8893.0,1,8905.0,3,8907.0,3,8889.0
OI505,,13:40:13.750#,8881.0,8927.0,8805.0,9309.0,8255.0,6620,20511,8874.0,3,8880.0,2,8882.0,1,8883.0,1,8885.0,1,8887.0,4,8891.0,1,8893.0,1,8905.0,3,8907.0,3,8886.0
OI505,,13:40:14.0#,8881.0,8927.0,8805.0,9309.0,8255.0,6620,20511,8872.0,10,8874.0,3,8880.0,2,8882.0,1,8885.0,1,8888.0,6,8891.0,1,8893.0,1,8905.0,3,8907.0,3,8886.0
OI505,,13:40:14.250#,8881.0,8927.0,8805.0,9309.0,8255.0,6620,20511,8874.0,3,8880.0,2,8881.0,1,8882.0,1,8885.0,2,8888.0,1,8891.0,1,8893.0,1,8905.0,3,8907.0,3,8886.0
OI505,,13:40:14.500#,8881.0,8927.0,8805.0,9309.0,8255.0,6620,20511,8872.0,10,8880.0,2,8881.0,1,8882.0,1,8885.0,3,8889.0,5,8891.0,1,8893.0,1,8905.0,3,8907.0,3,8886.0
OI505,,13:40:14.750#,8881.0,8927.0,8805.0,9309.0,8255.0,6620,20511,8872.0,10,8880.0,2,8881.0,1,8882.0,1,8885.0,1,8889.0,6,8891.0,1,8893.0,1,8905.0,3,8907.0,3,8886.0
OI505,,13:40:15.0#,8881.0,8927.0,8805.0,9309.0,8255.0,6620,20511,8872.0,10,8880.0,2,8881.0,1,8882.0,1,8885.0,1,8887.0,1,8891.0,1,8893.0,1,8904.0,3,8905.0,3,8886.0
OI505,,13:40:15.250#,8881.0,8927.0,8805.0,9309.0,8255.0,6620,20511,8872.0,10,8880.0,2,8881.0,1,8882.0,1,8885.0,1,8888.0,6,8891.0,1,8893.0,1,8904.0,3,8905.0,3,8886.0
OI505,,13:40:15.500#,8881.0,8927.0,8805.0,9309.0,8255.0,6620,20511,8872.0,10,8880.0,2,8881.0,1,8882.0,1,8885.0,1,8887.0,1,8891.0,1,8893.0,1,8904.0,3,8905.0,3,8886.0
OI505,,13:40:15.750#,8881.0,8927.0,8805.0,9309.0,8255.0,6620,20511,8872.0,10,8880.0,2,8881.0,1,8882.0,1,8885.0,1,8888.0,4,8891.0,1,8893.0,1,8904.0,3,8905.0,3,8886.0
OI505,,13:40:16.0#,8881.0,8927.0,8805.0,9309.0,8255.0,6620,20511,8880.0,2,8881.0,1,8882.0,1,8885.0,1,8886.0,1,8888.0,2,8891.0,1,8893.0,1,8904.0,3,8905.0,3,8886.0
OI505,,13:40:16.250#,8881.0,8927.0,8805.0,9309.0,8255.0,6620,20511,8880.0,2,8881.0,1,8882.0,1,8885.0,1,8886.0,1,8889.0,4,8891.0,1,8893.0,1,8904.0,3,8905.0,3,8886.0
OI505,,13:40:16.500#,8881.0,8927.0,8805.0,9309.0,8255.0,6620,20511,8872.0,10,8880.0,2,8881.0,1,8882.0,1,8885.0,1,8887.0,1,8891.0,1,8893.0,1,8904.0,3,8905.0,3,8886.0
OI505,,13:40:16.750#,8881.0,8927.0,8805.0,9309.0,8255.0,6620,20511,8872.0,10,8880.0,2,8881.0,1,8882.0,1,8885.0,3,8888.0,5,8891.0,1,8893.0,1,8904.0,3,8905.0,3,8886.0
OI505,,13:40:17.0#,8881.0,8927.0,8805.0,9309.0,8255.0,6620,20511,8872.0,10,8880.0,2,8881.0,1,8882.0,1,8885.0,3,8888.0,1,8891.0,1,8893.0,1,8904.0,3,8905.0,3,8886.0
OI505,,13:40:17.250#,8881.0,8927.0,8805.0,9309.0,8255.0,6620,20511,8872.0,10,8880.0,2,8881.0,1,8882.0,1,8885.0,1,8888.0,2,8891.0,1,8893.0,1,8904.0,3,8905.0,3,8886.0
OI505,,13:40:17.500#,8881.0,8927.0,8805.0,9309.0,8255.0,6620,20511,8872.0,10,8880.0,2,8881.0,1,8882.0,1,8885.0,1,8887.0,1,8891.0,1,8893.0,1,8904.0,3,8905.0,3,8886.0
OI505,,13:40:17.750#,8881.0,8927.0,8805.0,9309.0,8255.0,6620,20511,8872.0,10,8880.0,2,8881.0,1,8882.0,1,8885.0,3,8888.0,3,8891.0,1,8893.0,1,8904.0,3,8905.0,3,8886.0
OI505,,13:40:18.0#,8881.0,8927.0,8805.0,9309.0,8255.0,6620,20511,8872.0,10,8880.0,2,8881.0,1,8882.0,1,8885.0,3,8888.0,1,8891.0,1,8893.0,1,8904.0,3,8905.0,3,8886.0
OI505,,13:40:18.250#,8881.0,8927.0,8805.0,9309.0,8255.0,6620,20511,8872.0,10,8880.0,2,8881.0,1,8882.0,1,8885.0,2,8888.0,2,8891.0,1,8893.0,1,8904.0,3,8905.0,3,8886.0
OI505,,13:40:18.500#,8881.0,8927.0,8805.0,9309.0,8255.0,6620,20511,8872.0,10,8880.0,2,8881.0,1,8882.0,1,8885.0,3,8889.0,6,8891.0,1,8893.0,1,8904.0,3,8905.0,3,8886.0
OI505,,13:40:18.750#,8881.0,8927.0,8805.0,9309.0,8255.0,6620,20511,8872.0,10,8880.0,2,8881.0,1,8882.0,1,8885.0,2,8889.0,5,8891.0,1,8893.0,1,8904.0,3,8905.0,3,8886.0
OI505,,13:40:19.0#,8881.0,8927.0,8805.0,9309.0,8255.0,6620,20511,8880.0,2,8881.0,1,8882.0,1,8885.0,1,8886.0,1,8889.0,5,8891.0,1,8893.0,1,8904.0,3,8905.0,3,8886.0
OI505,,13:40:19.250#,8881.0,8927.0,8805.0,9309.0,8255.0,6620,20511,8880.0,2,8881.0,1,8882.0,1,8885.0,1,8886.0,1,8889.0,4,8891.0,1,8893.0,1,8904.0,3,8905.0,3,8886.0
OI505,,13:40:19.750#,8881.0,8927.0,8805.0,9309.0,8255.0,6620,20511,8872.0,10,8880.0,2,8881.0,1,8882.0,1,8885.0,2,8889.0,4,8891.0,1,8893.0,1,8904.0,3,8905.0,3,8886.0
OI505,,13:40:20.0#,8881.0,8927.0,8805.0,9309.0,8255.0,6620,20511,8880.0,2,8881.0,1,8882.0,1,8885.0,1,8886.0,1,8889.0,3,8891.0,1,8893.0,1,8904.0,3,8905.0,3,8886.0
OI505,,13:40:20.250#,8881.0,8927.0,8805.0,9309.0,8255.0,6620,20511,8872.0,10,8880.0,2,8881.0,1,8882.0,1,8885.0,3,8888.0,1,8891.0,1,8893.0,1,8904.0,3,8905.0,3,8886.0
OI505,,13:40:21.250#,8881.0,8927.0,8805.0,9309.0,8255.0,6620,20511,8872.0,10,8880.0,2,8881.0,1,8882.0,1,8885.0,3,8889.0,4,8891.0,1,8893.0,1,8904.0,3,8905.0,3,8886.0
OI505,,13:40:21.500#,8881.0,8927.0,8805.0,9309.0,8255.0,6620,20511,8880.0,2,8881.0,1,8882.0,1,8885.0,1,8886.0,2,8889.0,3,8891.0,1,8893.0,1,8904.0,3,8905.0,3,8886.0
OI505,,13:40:21.750#,8881.0,8927.0,8805.0,9309.0,8255.0,6620,20511,8880.0,2,8881.0,1,8882.0,1,8885.0,1,8886.0,2,8888.0,1,8891.0,1,8904.0,3,8905.0,3,8907.0,3,8886.0
OI505,,13:40:23.500#,8881.0,8927.0,8805.0,9309.0,8255.0,6620,20511,8872.0,10,8880.0,2,8881.0,1,8882.0,1,8885.0,3,8888.0,1,8891.0,1,8904.0,3,8905.0,3,8907.0,3,8886.0
OI505,,13:40:23.750#,8881.0,8927.0,8805.0,9309.0,8255.0,6620,20511,8880.0,2,8881.0,1,8882.0,1,8885.0,1,8886.0,1,8888.0,1,8891.0,1,8904.0,3,8905.0,3,8907.0,3,8886.0
OI505,,13:40:24.0#,8881.0,8927.0,8805.0,9309.0,8255.0,6620,20511,8880.0,2,8881.0,1,8882.0,1,8885.0,1,8886.0,2,8888.0,1,8891.0,1,8904.0,3,8905.0,3,8907.0,3,8886.0
OI505,,13:40:24.750#,8881.0,8927.0,8805.0,9309.0,8255.0,6620,20511,8880.0,2,8881.0,1,8882.0,1,8885.0,1,8887.0,1,8888.0,1,8891.0,1,8904.0,3,8905.0,3,8907.0,3,8886.0
OI505,,13:40:25.0#,8881.0,8927.0,8805.0,9309.0,8255.0,6620,20511,8872.0,10,8880.0,2,8882.0,1,8885.0,1,8887.0,1,8888.0,1,8891.0,1,8904.0,3,8905.0,3,8907.0,3,8886.0
OI505,,13:40:25.250#,8881.0,8927.0,8805.0,9309.0,8255.0,6620,20511,8880.0,2,8882.0,1,8883.0,1,8885.0,1,8887.0,1,8888.0,1,8891.0,1,8904.0,3,8905.0,3,8907.0,3,8886.0
OI505,,13:40:25.750#,8881.0,8927.0,8805.0,9309.0,8255.0,6620,20511,8880.0,2,8882.0,1,8883.0,1,8885.0,1,8886.0,2,8888.0,1,8891.0,1,8904.0,3,8905.0,3,8907.0,3,8886.0
OI505,,13:40:26.750#,8881.0,8927.0,8805.0,9309.0,8255.0,6621,20511,8880.0,2,8882.0,1,8883.0,1,8885.0,1,8886.0,2,8889.0,1,8891.0,1,8904.0,3,8905.0,3,8907.0,3,8888.0
OI505,,13:40:27.0#,8881.0,8927.0,8805.0,9309.0,8255.0,6621,20511,8880.0,2,8882.0,1,8883.0,1,8885.0,1,8887.0,1,8890.0,2,8891.0,1,8904.0,3,8905.0,3,8907.0,3,8888.0
OI505,,13:40:27.250#,8881.0,8927.0,8805.0,9309.0,8255.0,6621,20511,8880.0,2,8882.0,1,8883.0,1,8885.0,1,8887.0,1,8890.0,2,8904.0,3,8905.0,3,8907.0,3,8912.0,12,8888.0
OI505,,13:40:27.500#,8881.0,8927.0,8805.0,9309.0,8255.0,6621,20511,8880.0,2,8882.0,1,8883.0,1,8885.0,1,8886.0,2,8890.0,2,8893.0,1,8904.0,3,8905.0,3,8907.0,3,8888.0
OI505,,13:40:27.750#,8881.0,8927.0,8805.0,9309.0,8255.0,6621,20511,8880.0,2,8882.0,1,8883.0,1,8885.0,1,8887.0,1,8890.0,2,8893.0,1,8904.0,3,8905.0,3,8907.0,3,8888.0
OI505,,13:40:29.0#,8881.0,8927.0,8805.0,9309.0,8255.0,6621,20511,8880.0,2,8882.0,1,8883.0,1,8885.0,1,8887.0,2,8891.0,6,8893.0,1,8904.0,3,8905.0,3,8907.0,3,8888.0
OI505,,13:40:29.250#,8881.0,8927.0,8805.0,9309.0,8255.0,6621,20511,8880.0,2,8882.0,1,8883.0,1,8885.0,1,8888.0,1,8891.0,2,8893.0,1,8904.0,3,8905.0,3,8907.0,3,8888.0
OI505,,13:40:30.0#,8881.0,8927.0,8805.0,9309.0,8255.0,6621,20511,8880.0,2,8882.0,1,8883.0,1,8885.0,1,8888.0,2,8891.0,1,8893.0,1,8904.0,3,8905.0,3,8907.0,3,8888.0
OI505,,13:40:30.250#,8881.0,8927.0,8805.0,9309.0,8255.0,6621,20511,8880.0,2,8882.0,1,8883.0,1,8885.0,1,8889.0,1,8892.0,5,8893.0,1,8904.0,3,8905.0,3,8907.0,3,8888.0
OI505,,13:40:30.500#,8881.0,8927.0,8805.0,9309.0,8255.0,6621,20511,8872.0,10,8880.0,2,8882.0,1,8885.0,1,8887.0,2,8892.0,5,8904.0,3,8905.0,3,8907.0,3,8912.0,12,8888.0
OI505,,13:40:30.750#,8881.0,8927.0,8805.0,9309.0,8255.0,6621,20511,8880.0,2,8882.0,1,8884.0,1,8885.0,1,8888.0,2,8892.0,5,8894.0,1,8904.0,3,8905.0,3,8907.0,3,8888.0
OI505,,13:40:31.0#,8881.0,8927.0,8805.0,9309.0,8255.0,6621,20511,8880.0,2,8882.0,1,8884.0,1,8885.0,1,8888.0,2,8892.0,1,8894.0,1,8904.0,3,8905.0,3,8907.0,3,8888.0
OI505,,13:40:32.0#,8881.0,8927.0,8805.0,9309.0,8255.0,6621,20511,8880.0,2,8882.0,1,8884.0,1,8885.0,1,8889.0,1,8892.0,2,8894.0,1,8904.0,3,8905.0,3,8907.0,3,8888.0
OI505,,13:40:32.250#,8881.0,8927.0,8805.0,9309.0,8255.0,6621,20511,8880.0,2,8882.0,1,8884.0,1,8885.0,1,8889.0,1,8892.0,1,8894.0,1,8904.0,3,8905.0,3,8907.0,3,8888.0
OI505,,13:40:33.0#,8881.0,8927.0,8805.0,9309.0,8255.0,6621,20511,8880.0,2,8882.0,1,8884.0,1,8885.0,1,8888.0,2,8892.0,2,8894.0,1,8904.0,3,8905.0,3,8907.0,3,8888.0
OI505,,13:40:33.750#,8881.0,8927.0,8805.0,9309.0,8255.0,6621,20511,8880.0,2,8882.0,1,8884.0,1,8885.0,1,8888.0,3,8892.0,3,8894.0,1,8904.0,3,8905.0,3,8907.0,3,8888.0
OI505,,13:40:35.250#,8881.0,8927.0,8805.0,9309.0,8255.0,6621,20511,8880.0,2,8882.0,1,8884.0,1,8885.0,1,8888.0,1,8890.0,1,8892.0,1,8894.0,1,8904.0,3,8905.0,3,8888.0
OI505,,13:40:35.500#,8881.0,8927.0,8805.0,9309.0,8255.0,6621,20511,8880.0,2,8882.0,1,8884.0,1,8885.0,1,8888.0,2,8891.0,5,8892.0,1,8894.0,1,8904.0,3,8905.0,3,8888.0
OI505,,13:40:35.750#,8881.0,8927.0,8805.0,9309.0,8255.0,6621,20511,8880.0,2,8882.0,1,8884.0,1,8885.0,1,8888.0,2,8891.0,1,8892.0,1,8894.0,1,8904.0,3,8905.0,3,8888.0
OI505,,13:40:36.0#,8881.0,8927.0,8805.0,9309.0,8255.0,6621,20511,8880.0,2,8882.0,1,8884.0,1,8885.0,1,8888.0,1,8891.0,1,8892.0,1,8894.0,1,8904.0,3,8905.0,3,8888.0
OI505,,13:40:36.250#,8881.0,8927.0,8805.0,9309.0,8255.0,6621,20511,8880.0,2,8882.0,1,8884.0,1,8885.0,1,8888.0,1,8891.0,2,8892.0,1,8894.0,1,8904.0,3,8905.0,3,8888.0
OI505,,13:40:37.500#,8881.0,8927.0,8805.0,9309.0,8255.0,6621,20511,8880.0,2,8882.0,1,8884.0,1,8885.0,1,8888.0,1,8892.0,7,8894.0,1,8904.0,3,8905.0,3,8907.0,3,8888.0
OI505,,13:40:37.750#,8881.0,8927.0,8805.0,9309.0,8255.0,6621,20511,8880.0,2,8882.0,1,8884.0,1,8885.0,1,8888.0,2,8891.0,1,8892.0,1,8894.0,1,8904.0,3,8905.0,3,8888.0
OI505,,13:40:38.0#,8881.0,8927.0,8805.0,9309.0,8255.0,6621,20511,8880.0,2,8882.0,1,8884.0,1,8885.0,1,8888.0,1,8891.0,2,8892.0,1,8894.0,1,8904.0,3,8905.0,3,8888.0
OI505,,13:40:38.250#,8881.0,8927.0,8805.0,9309.0,8255.0,6621,20511,8880.0,2,8882.0,1,8884.0,1,8885.0,1,8888.0,2,8891.0,2,8892.0,1,8894.0,1,8904.0,3,8905.0,3,8888.0
OI505,,13:40:39.750#,8881.0,8927.0,8805.0,9309.0,8255.0,6621,20511,8880.0,2,8882.0,1,8884.0,1,8885.0,1,8888.0,1,8890.0,1,8892.0,1,8894.0,1,8904.0,3,8905.0,3,8888.0
OI505,,13:40:40.0#,8881.0,8927.0,8805.0,9309.0,8255.0,6621,20511,8880.0,2,8882.0,1,8884.0,1,8885.0,1,8888.0,1,8891.0,2,8892.0,1,8894.0,1,8904.0,3,8905.0,3,8888.0
OI505,,13:40:40.250#,8881.0,8927.0,8805.0,9309.0,8255.0,6621,20511,8880.0,2,8882.0,1,8884.0,1,8885.0,1,8888.0,2,8891.0,2,8892.0,1,8894.0,1,8904.0,3,8905.0,3,8888.0
OI505,,13:40:42.500#,8881.0,8927.0,8805.0,9309.0,8255.0,6621,20511,8880.0,2,8882.0,1,8884.0,1,8885.0,1,8888.0,1,8890.0,1,8892.0,1,8894.0,1,8904.0,3,8905.0,3,8888.0
OI505,,13:40:43.250#,8881.0,8927.0,8805.0,9309.0,8255.0,6621,20511,8880.0,2,8882.0,1,8884.0,1,8885.0,1,8888.0,3,8891.0,1,8892.0,1,8894.0,1,8904.0,3,8905.0,3,8888.0
OI505,,13:40:43.500#,8881.0,8927.0,8805.0,9309.0,8255.0,6621,20511,8880.0,2,8882.0,1,8884.0,1,8885.0,1,8888.0,1,8891.0,2,8892.0,1,8894.0,1,8904.0,3,8905.0,3,8888.0
OI505,,13:40:43.750#,8881.0,8927.0,8805.0,9309.0,8255.0,6621,20511,8880.0,2,8882.0,1,8884.0,1,8885.0,1,8888.0,1,8890.0,1,8892.0,1,8894.0,1,8904.0,3,8905.0,3,8888.0
OI505,,13:40:44.250#,8881.0,8927.0,8805.0,9309.0,8255.0,6621,20511,8880.0,2,8882.0,1,8884.0,1,8885.0,1,8888.0,2,8891.0,2,8892.0,1,8894.0,1,8904.0,3,8905.0,3,8888.0
OI505,,13:40:44.750#,8881.0,8927.0,8805.0,9309.0,8255.0,6621,20511,8880.0,2,8882.0,1,8884.0,1,8885.0,1,8888.0,1,8890.0,1,8892.0,1,8894.0,1,8904.0,3,8905.0,3,8888.0
OI505,,13:40:45.0#,8881.0,8927.0,8805.0,9309.0,8255.0,6621,20511,8880.0,2,8882.0,1,8884.0,1,8885.0,1,8888.0,1,8891.0,2,8892.0,1,8894.0,1,8904.0,3,8905.0,3,8888.0
OI505,,13:40:47.750#,8881.0,8927.0,8805.0,9309.0,8255.0,6621,20511,8880.0,2,8882.0,1,8884.0,1,8885.0,1,8888.0,2,8891.0,2,8892.0,1,8894.0,1,8904.0,3,8905.0,3,8888.0
OI505,,13:40:48.0#,8881.0,8927.0,8805.0,9309.0,8255.0,6621,20511,8880.0,2,8882.0,1,8884.0,1,8885.0,1,8888.0,3,8891.0,1,8892.0,1,8894.0,1,8904.0,3,8905.0,3,8888.0
OI505,,13:40:48.250#,8881.0,8927.0,8805.0,9309.0,8255.0,6621,20511,8882.0,1,8884.0,1,8885.0,1,8888.0,1,8889.0,1,8892.0,7,8894.0,1,8904.0,3,8905.0,3,8907.0,3,8888.0
OI505,,13:40:48.750#,8881.0,8927.0,8805.0,9309.0,8255.0,6621,20511,8882.0,1,8884.0,1,8885.0,1,8888.0,1,8889.0,2,8892.0,1,8894.0,1,8904.0,3,8905.0,3,8907.0,3,8888.0
OI505,,13:40:49.0#,8881.0,8927.0,8805.0,9309.0,8255.0,6621,20511,8880.0,2,8882.0,1,8885.0,1,8888.0,1,8889.0,2,8892.0,2,8904.0,3,8905.0,3,8907.0,3,8912.0,12,8888.0
OI505,,13:40:49.250#,8881.0,8927.0,8805.0,9309.0,8255.0,6621,20511,8882.0,1,8885.0,1,8886.0,1,8888.0,1,8889.0,2,8892.0,2,8896.0,1,8904.0,3,8905.0,3,8907.0,3,8888.0
OI505,,13:40:49.500#,8881.0,8927.0,8805.0,9309.0,8255.0,6621,20511,8882.0,1,8885.0,1,8886.0,1,8888.0,1,8889.0,2,8892.0,1,8896.0,1,8904.0,3,8905.0,3,8907.0,3,8888.0
OI505,,13:40:50.0#,8881.0,8927.0,8805.0,9309.0,8255.0,6621,20511,8882.0,1,8885.0,1,8886.0,1,8888.0,1,8890.0,1,8894.0,6,8896.0,1,8904.0,3,8905.0,3,8907.0,3,8888.0
OI505,,13:40:50.250#,8881.0,8927.0,8805.0,9309.0,8255.0,6621,20511,8882.0,1,8885.0,1,8886.0,1,8888.0,1,8891.0,1,8894.0,6,8896.0,1,8904.0,3,8905.0,3,8907.0,3,8888.0
OI505,,13:40:50.500#,8881.0,8927.0,8805.0,9309.0,8255.0,6621,20511,8882.0,1,8885.0,1,8886.0,1,8888.0,1,8891.0,1,8892.0,1,8896.0,1,8904.0,3,8905.0,3,8907.0,3,8888.0
OI505,,13:40:51.0#,8881.0,8927.0,8805.0,9309.0,8255.0,6621,20511,8882.0,1,8885.0,1,8886.0,1,8888.0,1,8889.0,2,8892.0,1,8896.0,1,8904.0,3,8905.0,3,8907.0,3,8888.0
OI505,,13:40:51.750#,8881.0,8927.0,8805.0,9309.0,8255.0,6621,20511,8882.0,1,8885.0,1,8886.0,1,8888.0,1,8890.0,2,8892.0,1,8896.0,1,8904.0,3,8905.0,3,8907.0,3,8888.0
OI505,,13:40:52.0#,8881.0,8927.0,8805.0,9309.0,8255.0,6621,20511,8882.0,1,8885.0,1,8886.0,1,8888.0,1,8890.0,1,8892.0,1,8896.0,1,8904.0,3,8905.0,3,8907.0,3,8888.0
OI505,,13:40:52.250#,8881.0,8927.0,8805.0,9309.0,8255.0,6621,20511,8882.0,1,8885.0,1,8886.0,1,8888.0,1,8890.0,2,8892.0,1,8896.0,1,8904.0,3,8905.0,3,8907.0,3,8888.0
OI505,,13:40:52.750#,8881.0,8927.0,8805.0,9309.0,8255.0,6621,20511,8882.0,1,8885.0,1,8886.0,1,8888.0,1,8891.0,1,8892.0,1,8896.0,1,8904.0,3,8905.0,3,8907.0,3,8888.0
OI505,,13:40:53.750#,8881.0,8927.0,8805.0,9309.0,8255.0,6621,20511,8882.0,1,8885.0,1,8886.0,1,8888.0,1,8889.0,2,8892.0,1,8896.0,1,8904.0,3,8905.0,3,8907.0,3,8888.0
OI505,,13:40:54.0#,8881.0,8927.0,8805.0,9309.0,8255.0,6621,20511,8882.0,1,8885.0,1,8886.0,1,8888.0,1,8890.0,1,8892.0,1,8896.0,1,8904.0,3,8905.0,3,8907.0,3,8888.0
OI505,,13:40:55.0#,8881.0,8927.0,8805.0,9309.0,8255.0,6622,20511,8882.0,1,8885.0,1,8886.0,1,8888.0,1,8890.0,1,8894.0,3,8896.0,1,8904.0,3,8905.0,3,8907.0,3,8892.0
OI505,,13:40:58.750#,8881.0,8927.0,8805.0,9309.0,8255.0,6622,20511,8882.0,1,8885.0,1,8886.0,1,8888.0,1,8891.0,2,8894.0,1,8896.0,1,8904.0,3,8905.0,3,8907.0,3,8892.0
OI505,,13:40:59.250#,8881.0,8927.0,8805.0,9309.0,8255.0,6622,20511,8882.0,1,8885.0,1,8886.0,1,8888.0,1,8891.0,2,8895.0,6,8896.0,1,8904.0,3,8905.0,3,8907.0,3,8892.0
OI505,,13:40:59.500#,8881.0,8927.0,8805.0,9309.0,8255.0,6622,20511,8882.0,1,8885.0,1,8886.0,1,8888.0,1,8891.0,2,8895.0,2,8896.0,1,8904.0,3,8905.0,3,8907.0,3,8892.0
OI505,,13:40:59.750#,8881.0,8927.0,8805.0,9309.0,8255.0,6622,20511,8882.0,1,8885.0,1,8886.0,1,8888.0,1,8891.0,2,8894.0,1,8896.0,1,8904.0,3,8905.0,3,8907.0,3,8892.0
OI505,,13:41:00.0#,8881.0,8927.0,8805.0,9309.0,8255.0,6622,20511,8882.0,1,8885.0,1,8886.0,1,8888.0,1,8891.0,2,8895.0,2,8896.0,1,8904.0,3,8905.0,3,8907.0,3,8892.0
OI505,,13:41:00.250#,8881.0,8927.0,8805.0,9309.0,8255.0,6622,20511,8882.0,1,8885.0,1,8886.0,1,8888.0,1,8891.0,2,8895.0,4,8896.0,1,8904.0,3,8905.0,3,8907.0,3,8892.0
OI505,,13:41:00.500#,8881.0,8927.0,8805.0,9309.0,8255.0,6622,20511,8882.0,1,8885.0,1,8886.0,1,8888.0,1,8891.0,2,8895.0,3,8896.0,1,8904.0,3,8905.0,3,8907.0,3,8892.0
OI505,,13:41:00.750#,8881.0,8927.0,8805.0,9309.0,8255.0,6622,20511,8880.0,2,8882.0,1,8885.0,1,8888.0,1,8892.0,1,8895.0,4,8904.0,3,8905.0,3,8907.0,3,8912.0,12,8892.0
OI505,,13:41:01.0#,8881.0,8927.0,8805.0,9309.0,8255.0,6622,20511,8880.0,2,8882.0,1,8885.0,1,8888.0,2,8892.0,2,8895.0,2,8898.0,1,8904.0,3,8905.0,3,8907.0,3,8892.0
OI505,,13:41:01.250#,8881.0,8927.0,8805.0,9309.0,8255.0,6622,20511,8880.0,2,8882.0,1,8885.0,1,8888.0,2,8892.0,2,8896.0,6,8898.0,1,8904.0,3,8905.0,3,8907.0,3,8892.0
OI505,,13:41:02.0#,8881.0,8927.0,8805.0,9309.0,8255.0,6622,20511,8880.0,2,8882.0,1,8885.0,1,8888.0,2,8893.0,1,8896.0,4,8898.0,1,8904.0,3,8905.0,3,8907.0,3,8892.0
OI505,,13:41:02.250#,8881.0,8927.0,8805.0,9309.0,8255.0,6622,20511,8880.0,2,8882.0,1,8885.0,1,8888.0,2,8892.0,2,8896.0,2,8898.0,1,8904.0,3,8905.0,3,8907.0,3,8892.0
OI505,,13:41:02.500#,8881.0,8927.0,8805.0,9309.0,8255.0,6622,20511,8880.0,2,8882.0,1,8885.0,1,8888.0,2,8892.0,2,8896.0,4,8898.0,1,8904.0,3,8905.0,3,8907.0,3,8892.0
OI505,,13:41:02.750#,8881.0,8927.0,8805.0,9309.0,8255.0,6622,20511,8880.0,2,8882.0,1,8885.0,1,8888.0,2,8893.0,1,8896.0,4,8898.0,1,8904.0,3,8905.0,3,8907.0,3,8892.0
OI505,,13:41:03.0#,8881.0,8927.0,8805.0,9309.0,8255.0,6622,20511,8880.0,2,8882.0,1,8885.0,1,8888.0,2,8893.0,1,8896.0,2,8898.0,1,8904.0,3,8905.0,3,8907.0,3,8892.0
OI505,,13:41:03.250#,8881.0,8927.0,8805.0,9309.0,8255.0,6622,20511,8880.0,2,8882.0,1,8885.0,1,8888.0,2,8893.0,1,8896.0,4,8898.0,1,8904.0,3,8905.0,3,8907.0,3,8892.0
OI505,,13:41:04.0#,8881.0,8927.0,8805.0,9309.0,8255.0,6622,20511,8880.0,2,8882.0,1,8885.0,1,8888.0,2,8892.0,2,8896.0,4,8898.0,1,8904.0,3,8905.0,3,8907.0,3,8892.0
OI505,,13:41:04.250#,8881.0,8927.0,8805.0,9309.0,8255.0,6622,20511,8880.0,2,8882.0,1,8885.0,1,8888.0,2,8893.0,1,8896.0,3,8898.0,1,8904.0,3,8905.0,3,8907.0,3,8892.0
OI505,,13:41:04.500#,8881.0,8927.0,8805.0,9309.0,8255.0,6622,20511,8880.0,2,8882.0,1,8885.0,1,8888.0,2,8893.0,1,8896.0,2,8898.0,1,8904.0,3,8905.0,3,8907.0,3,8892.0
OI505,,13:41:04.750#,8881.0,8927.0,8805.0,9309.0,8255.0,6622,20511,8880.0,2,8882.0,1,8885.0,1,8888.0,2,8892.0,2,8895.0,1,8898.0,1,8904.0,3,8905.0,3,8907.0,3,8892.0
OI505,,13:41:05.250#,8881.0,8927.0,8805.0,9309.0,8255.0,6622,20511,8880.0,2,8882.0,1,8885.0,1,8888.0,2,8892.0,2,8896.0,6,8898.0,1,8904.0,3,8905.0,3,8907.0,3,8892.0
OI505,,13:41:05.500#,8881.0,8927.0,8805.0,9309.0,8255.0,6622,20511,8880.0,2,8882.0,1,8885.0,1,8888.0,2,8892.0,2,8895.0,1,8898.0,1,8904.0,3,8905.0,3,8907.0,3,8892.0
OI505,,13:41:05.750#,8881.0,8927.0,8805.0,9309.0,8255.0,6622,20511,8880.0,2,8882.0,1,8885.0,1,8888.0,2,8894.0,1,8896.0,1,8898.0,1,8904.0,3,8905.0,3,8907.0,3,8892.0
OI505,,13:41:06.0#,8881.0,8927.0,8805.0,9309.0,8255.0,6622,20511,8880.0,2,8882.0,1,8885.0,1,8888.0,1,8892.0,2,8896.0,2,8904.0,3,8905.0,3,8907.0,3,8912.0,12,8892.0
OI505,,13:41:06.250#,8881.0,8927.0,8805.0,9309.0,8255.0,6622,20511,8882.0,1,8885.0,1,8888.0,1,8889.0,1,8892.0,2,8896.0,4,8899.0,1,8904.0,3,8905.0,3,8907.0,3,8892.0
OI505,,13:41:06.500#,8881.0,8927.0,8805.0,9309.0,8255.0,6622,20511,8882.0,1,8885.0,1,8888.0,1,8889.0,1,8892.0,1,8895.0,2,8899.0,1,8904.0,3,8905.0,3,8907.0,3,8892.0
OI505,,13:41:06.750#,8881.0,8927.0,8805.0,9309.0,8255.0,6622,20511,8882.0,1,8885.0,1,8888.0,1,8889.0,1,8892.0,1,8894.0,4,8899.0,1,8904.0,3,8905.0,3,8907.0,3,8892.0
OI505,,13:41:07.0#,8881.0,8927.0,8805.0,9309.0,8255.0,6622,20511,8882.0,1,8885.0,1,8888.0,1,8889.0,1,8891.0,2,8894.0,4,8899.0,1,8904.0,3,8905.0,3,8907.0,3,8892.0
OI505,,13:41:07.250#,8881.0,8927.0,8805.0,9309.0,8255.0,6622,20511,8882.0,1,8885.0,1,8888.0,1,8889.0,1,8891.0,1,8894.0,4,8899.0,1,8904.0,3,8905.0,3,8907.0,3,8892.0
OI505,,13:41:07.500#,8881.0,8927.0,8805.0,9309.0,8255.0,6622,20511,8882.0,1,8885.0,1,8888.0,1,8889.0,1,8891.0,1,8894.0,6,8899.0,1,8904.0,3,8905.0,3,8907.0,3,8892.0
OI505,,13:41:08.0#,8881.0,8927.0,8805.0,9309.0,8255.0,6622,20511,8882.0,1,8885.0,1,8888.0,1,8889.0,1,8893.0,1,8896.0,4,8899.0,1,8904.0,3,8905.0,3,8907.0,3,8892.0
OI505,,13:41:10.0#,8881.0,8927.0,8805.0,9309.0,8255.0,6622,20511,8882.0,1,8885.0,1,8888.0,1,8889.0,1,8893.0,1,8896.0,4,8899.0,1,8904.0,3,8905.0,3,8907.0,3,8892.0
OI505,,13:41:11.0#,8881.0,8927.0,8805.0,9309.0,8255.0,6622,20511,8882.0,1,8885.0,1,8888.0,1,8889.0,1,8893.0,1,8896.0,3,8899.0,1,8904.0,3,8905.0,3,8907.0,3,8892.0
OI505,,13:41:11.500#,8881.0,8927.0,8805.0,9309.0,8255.0,6622,20511,8882.0,1,8885.0,1,8888.0,1,8889.0,1,8893.0,1,8896.0,1,8899.0,1,8904.0,3,8905.0,3,8907.0,3,8892.0
OI505,,13:41:11.750#,8881.0,8927.0,8805.0,9309.0,8255.0,6622,20511,8882.0,1,8885.0,1,8888.0,1,8889.0,1,8893.0,2,8897.0,6,8899.0,1,8904.0,3,8905.0,3,8907.0,3,8892.0
OI505,,13:41:12.0#,8881.0,8927.0,8805.0,9309.0,8255.0,6622,20511,8882.0,1,8885.0,1,8888.0,1,8889.0,1,8894.0,1,8897.0,6,8899.0,1,8904.0,3,8905.0,3,8907.0,3,8892.0
OI505,,13:41:12.500#,8881.0,8927.0,8805.0,9309.0,8255.0,6622,20511,8882.0,1,8885.0,1,8888.0,1,8889.0,1,8894.0,1,8897.0,4,8899.0,1,8904.0,3,8905.0,3,8907.0,3,8892.0
OI505,,13:41:13.500#,8881.0,8927.0,8805.0,9309.0,8255.0,6622,20511,8882.0,1,8885.0,1,8888.0,1,8889.0,1,8894.0,1,8897.0,2,8899.0,1,8904.0,3,8905.0,3,8907.0,3,8892.0
OI505,,13:41:15.0#,8881.0,8927.0,8805.0,9309.0,8255.0,6622,20511,8882.0,1,8885.0,1,8888.0,1,8889.0,1,8894.0,2,8898.0,2,8899.0,1,8904.0,3,8905.0,3,8907.0,3,8892.0
OI505,,13:41:15.250#,8881.0,8927.0,8805.0,9309.0,8255.0,6622,20511,8880.0,3,8882.0,1,8885.0,1,8888.0,1,8894.0,1,8897.0,1,8904.0,3,8905.0,3,8907.0,3,8912.0,12,8892.0
OI505,,13:41:15.500#,8881.0,8927.0,8805.0,9309.0,8255.0,6622,20511,8882.0,1,8885.0,1,8888.0,1,8891.0,1,8894.0,1,8897.0,2,8901.0,1,8904.0,3,8905.0,3,8907.0,3,8892.0
OI505,,13:41:15.750#,8881.0,8927.0,8805.0,9309.0,8255.0,6622,20511,8882.0,1,8885.0,1,8888.0,1,8891.0,1,8895.0,1,8898.0,4,8901.0,1,8904.0,3,8905.0,3,8907.0,3,8892.0
OI505,,13:41:17.500#,8881.0,8927.0,8805.0,9309.0,8255.0,6622,20511,8882.0,1,8885.0,1,8888.0,1,8891.0,1,8895.0,1,8899.0,6,8901.0,1,8904.0,3,8905.0,3,8907.0,3,8892.0
OI505,,13:41:18.0#,8881.0,8927.0,8805.0,9309.0,8255.0,6622,20511,8882.0,1,8885.0,1,8888.0,1,8891.0,1,8895.0,1,8898.0,2,8901.0,1,8904.0,3,8905.0,3,8907.0,3,8892.0
OI505,,13:41:18.500#,8881.0,8927.0,8805.0,9309.0,8255.0,6622,20511,8882.0,1,8885.0,1,8888.0,1,8891.0,1,8894.0,2,8898.0,6,8901.0,1,8904.0,3,8905.0,3,8907.0,3,8892.0
OI505,,13:41:19.0#,8881.0,8927.0,8805.0,9309.0,8255.0,6622,20511,8882.0,1,8885.0,1,8888.0,1,8891.0,1,8895.0,1,8898.0,2,8901.0,1,8904.0,3,8905.0,3,8907.0,3,8892.0
OI505,,13:41:20.0#,8881.0,8927.0,8805.0,9309.0,8255.0,6622,20511,8882.0,1,8885.0,1,8888.0,1,8891.0,1,8895.0,1,8897.0,3,8901.0,1,8904.0,3,8905.0,3,8907.0,3,8892.0
OI505,,13:41:20.250#,8881.0,8927.0,8805.0,9309.0,8255.0,6622,20511,8882.0,1,8885.0,1,8888.0,1,8891.0,1,8894.0,1,8896.0,2,8901.0,1,8904.0,3,8905.0,3,8907.0,3,8892.0
OI505,,13:41:20.500#,8881.0,8927.0,8805.0,9309.0,8255.0,6622,20511,8882.0,1,8885.0,1,8888.0,1,8891.0,1,8894.0,1,8897.0,4,8901.0,1,8904.0,3,8905.0,3,8907.0,3,8892.0
OI505,,13:41:21.750#,8881.0,8927.0,8805.0,9309.0,8255.0,6622,20511,8882.0,1,8885.0,1,8888.0,1,8891.0,1,8894.0,1,8897.0,2,8901.0,1,8904.0,3,8905.0,3,8907.0,3,8892.0
OI505,,13:41:22.0#,8881.0,8927.0,8805.0,9309.0,8255.0,6622,20511,8882.0,1,8885.0,1,8888.0,1,8891.0,1,8894.0,1,8897.0,4,8901.0,1,8904.0,3,8905.0,3,8907.0,3,8892.0
OI505,,13:41:24.250#,8881.0,8927.0,8805.0,9309.0,8255.0,6622,20511,8882.0,1,8885.0,1,8888.0,1,8891.0,1,8894.0,1,8897.0,2,8901.0,1,8904.0,3,8905.0,3,8907.0,3,8892.0
OI505,,13:41:25.0#,8881.0,8927.0,8805.0,9309.0,8255.0,6622,20511,8882.0,1,8885.0,1,8888.0,1,8891.0,1,8894.0,1,8897.0,4,8901.0,1,8904.0,3,8905.0,3,8907.0,3,8892.0
OI505,,13:41:26.0#,8881.0,8927.0,8805.0,9309.0,8255.0,6622,20511,8882.0,1,8885.0,1,8888.0,1,8891.0,1,8894.0,1,8897.0,2,8901.0,1,8904.0,3,8905.0,3,8907.0,3,8892.0
OI505,,13:41:26.250#,8881.0,8927.0,8805.0,9309.0,8255.0,6622,20511,8882.0,1,8885.0,1,8888.0,1,8891.0,1,8893.0,2,8896.0,1,8901.0,1,8904.0,3,8905.0,3,8907.0,3,8892.0
OI505,,13:41:26.500#,8881.0,8927.0,8805.0,9309.0,8255.0,6622,20511,8882.0,1,8885.0,1,8888.0,1,8891.0,1,8894.0,1,8897.0,4,8901.0,1,8904.0,3,8905.0,3,8907.0,3,8892.0
OI505,,13:41:27.500#,8881.0,8927.0,8805.0,9309.0,8255.0,6622,20511,8882.0,1,8885.0,1,8888.0,1,8891.0,1,8893.0,2,8897.0,4,8901.0,1,8904.0,3,8905.0,3,8907.0,3,8892.0
OI505,,13:41:27.750#,8881.0,8927.0,8805.0,9309.0,8255.0,6622,20511,8882.0,1,8885.0,1,8888.0,1,8891.0,1,8893.0,2,8896.0,1,8901.0,1,8904.0,3,8905.0,3,8907.0,3,8892.0
OI505,,13:41:29.0#,8881.0,8927.0,8805.0,9309.0,8255.0,6622,20511,8882.0,1,8885.0,1,8888.0,1,8891.0,1,8894.0,1,8896.0,1,8901.0,1,8904.0,3,8905.0,3,8907.0,3,8892.0
OI505,,13:41:31.0#,8881.0,8927.0,8805.0,9309.0,8255.0,6622,20511,8882.0,1,8885.0,1,8888.0,1,8891.0,1,8893.0,2,8896.0,2,8901.0,1,8904.0,3,8905.0,3,8907.0,3,8892.0
OI505,,13:41:31.250#,8881.0,8927.0,8805.0,9309.0,8255.0,6622,20511,8882.0,1,8885.0,1,8888.0,1,8891.0,1,8893.0,1,8895.0,2,8896.0,1,8901.0,1,8904.0,3,8905.0,3,8892.0
OI505,,13:41:31.500#,8881.0,8927.0,8805.0,9309.0,8255.0,6622,20511,8882.0,1,8885.0,1,8888.0,1,8891.0,1,8892.0,1,8895.0,6,8896.0,1,8901.0,1,8904.0,3,8905.0,3,8892.0
OI505,,13:41:31.750#,8881.0,8927.0,8805.0,9309.0,8255.0,6622,20511,8880.0,2,8882.0,1,8885.0,1,8888.0,1,8892.0,1,8894.0,3,8896.0,1,8904.0,3,8905.0,3,8907.0,3,8892.0
OI505,,13:41:32.0#,8881.0,8927.0,8805.0,9309.0,8255.0,6622,20511,8880.0,2,8882.0,1,8885.0,1,8888.0,2,8892.0,1,8894.0,3,8896.0,1,8898.0,1,8904.0,3,8905.0,3,8892.0
OI505,,13:41:32.250#,8881.0,8927.0,8805.0,9309.0,8255.0,6622,20511,8880.0,2,8882.0,1,8885.0,1,8888.0,2,8892.0,1,8894.0,4,8896.0,1,8898.0,1,8904.0,3,8905.0,3,8892.0
OI505,,13:41:32.500#,8881.0,8927.0,8805.0,9309.0,8255.0,6622,20511,8880.0,2,8882.0,1,8885.0,1,8888.0,2,8892.0,1,8895.0,1,8896.0,1,8898.0,1,8904.0,3,8905.0,3,8892.0
OI505,,13:41:32.750#,8881.0,8927.0,8805.0,9309.0,8255.0,6622,20511,8880.0,2,8882.0,1,8885.0,1,8888.0,2,8892.0,2,8896.0,7,8898.0,1,8904.0,3,8905.0,3,8907.0,3,8892.0
OI505,,13:41:33.0#,8881.0,8927.0,8805.0,9309.0,8255.0,6622,20511,8880.0,2,8882.0,1,8885.0,1,8888.0,2,8893.0,1,8896.0,7,8898.0,1,8904.0,3,8905.0,3,8907.0,3,8892.0
OI505,,13:41:33.250#,8881.0,8927.0,8805.0,9309.0,8255.0,6622,20511,8880.0,2,8882.0,1,8885.0,1,8888.0,2,8893.0,1,8896.0,5,8898.0,1,8904.0,3,8905.0,3,8907.0,3,8892.0
OI505,,13:41:33.750#,8881.0,8927.0,8805.0,9309.0,8255.0,6622,20511,8880.0,2,8882.0,1,8885.0,1,8888.0,2,8892.0,2,8896.0,5,8898.0,1,8904.0,3,8905.0,3,8907.0,3,8892.0
OI505,,13:41:34.0#,8881.0,8927.0,8805.0,9309.0,8255.0,6622,20511,8880.0,2,8882.0,1,8885.0,1,8888.0,2,8892.0,2,8895.0,1,8896.0,1,8898.0,1,8904.0,3,8905.0,3,8892.0
OI505,,13:41:34.500#,8881.0,8927.0,8805.0,9309.0,8255.0,6622,20511,8880.0,2,8882.0,1,8885.0,1,8888.0,2,8892.0,1,8895.0,2,8896.0,1,8898.0,1,8904.0,3,8905.0,3,8892.0
OI505,,13:41:36.500#,8881.0,8927.0,8805.0,9309.0,8255.0,6622,20511,8880.0,2,8882.0,1,8885.0,1,8888.0,2,8892.0,1,8895.0,1,8896.0,1,8898.0,1,8904.0,3,8905.0,3,8892.0
OI505,,13:41:36.750#,8881.0,8927.0,8805.0,9309.0,8255.0,6622,20511,8877.0,1,8880.0,2,8885.0,1,8888.0,2,8892.0,1,8895.0,4,8896.0,1,8898.0,1,8904.0,3,8905.0,3,8892.0
OI505,,13:41:37.0#,8881.0,8927.0,8805.0,9309.0,8255.0,6622,20511,8877.0,1,8880.0,2,8885.0,1,8888.0,2,8892.0,1,8895.0,2,8896.0,1,8898.0,1,8904.0,3,8905.0,3,8892.0
OI505,,13:41:38.750#,8881.0,8927.0,8805.0,9309.0,8255.0,6622,20511,8877.0,1,8880.0,2,8885.0,1,8888.0,2,8891.0,2,8894.0,1,8896.0,1,8898.0,1,8904.0,3,8905.0,3,8892.0
OI505,,13:41:39.750#,8881.0,8927.0,8805.0,9309.0,8255.0,6622,20511,8877.0,1,8880.0,2,8885.0,1,8888.0,2,8892.0,1,8895.0,2,8896.0,1,8898.0,1,8904.0,3,8905.0,3,8892.0
OI505,,13:41:40.0#,8881.0,8927.0,8805.0,9309.0,8255.0,6622,20511,8877.0,1,8880.0,2,8885.0,1,8888.0,2,8891.0,2,8895.0,2,8896.0,1,8898.0,1,8904.0,3,8905.0,3,8892.0
OI505,,13:41:40.500#,8881.0,8927.0,8805.0,9309.0,8255.0,6622,20511,8877.0,1,8880.0,2,8885.0,1,8888.0,2,8892.0,1,8895.0,2,8896.0,1,8898.0,1,8904.0,3,8905.0,3,8892.0
OI505,,13:41:41.0#,8881.0,8927.0,8805.0,9309.0,8255.0,6622,20511,8877.0,1,8880.0,2,8885.0,1,8888.0,2,8892.0,1,8895.0,4,8896.0,1,8898.0,1,8904.0,3,8905.0,3,8892.0
OI505,,13:41:41.250#,8881.0,8927.0,8805.0,9309.0,8255.0,6622,20511,8877.0,1,8880.0,2,8885.0,1,8888.0,2,8892.0,1,8895.0,2,8896.0,1,8898.0,1,8904.0,3,8905.0,3,8892.0
OI505,,13:41:42.250#,8881.0,8927.0,8805.0,9309.0,8255.0,6622,20511,8877.0,1,8880.0,2,8885.0,1,8888.0,2,8892.0,1,8894.0,1,8896.0,1,8898.0,1,8904.0,3,8905.0,3,8892.0
OI505,,13:41:42.500#,8881.0,8927.0,8805.0,9309.0,8255.0,6622,20511,8877.0,1,8880.0,2,8885.0,1,8888.0,2,8891.0,1,8894.0,2,8896.0,1,8898.0,1,8904.0,3,8905.0,3,8892.0
OI505,,13:41:44.500#,8881.0,8927.0,8805.0,9309.0,8255.0,6622,20511,8877.0,1,8880.0,2,8885.0,1,8888.0,2,8891.0,1,8894.0,4,8896.0,1,8898.0,1,8904.0,3,8905.0,3,8892.0
OI505,,13:41:45.0#,8881.0,8927.0,8805.0,9309.0,8255.0,6628,20513,8877.0,1,8880.0,2,8885.0,1,8888.0,2,8890.0,1,8893.0,1,8896.0,1,8898.0,1,8904.0,3,8905.0,3,8890.0
OI505,,13:41:47.0#,8881.0,8927.0,8805.0,9309.0,8255.0,6628,20513,8877.0,1,8880.0,2,8885.0,1,8888.0,2,8891.0,1,8894.0,1,8896.0,1,8898.0,1,8904.0,3,8905.0,3,8890.0
OI505,,13:41:48.500#,8881.0,8927.0,8805.0,9309.0,8255.0,6628,20513,8877.0,1,8880.0,2,8885.0,1,8888.0,2,8891.0,1,8895.0,2,8896.0,1,8898.0,1,8904.0,3,8905.0,3,8890.0
OI505,,13:41:48.750#,8881.0,8927.0,8805.0,9309.0,8255.0,6628,20513,8877.0,1,8880.0,2,8885.0,1,8888.0,2,8891.0,2,8895.0,2,8896.0,1,8898.0,1,8904.0,3,8905.0,3,8890.0
OI505,,13:41:51.500#,8881.0,8927.0,8805.0,9309.0,8255.0,6628,20513,8877.0,1,8880.0,2,8885.0,1,8888.0,2,8890.0,2,8894.0,1,8896.0,1,8898.0,1,8904.0,3,8905.0,3,8890.0
OI505,,13:41:51.750#,8881.0,8927.0,8805.0,9309.0,8255.0,6628,20513,8877.0,1,8880.0,2,8885.0,1,8888.0,2,8890.0,2,8894.0,2,8896.0,1,8898.0,1,8904.0,3,8905.0,3,8890.0
OI505,,13:41:52.500#,8881.0,8927.0,8805.0,9309.0,8255.0,6628,20513,8877.0,1,8880.0,2,8885.0,1,8888.0,2,8890.0,2,8894.0,1,8896.0,1,8898.0,1,8904.0,3,8905.0,3,8890.0
OI505,,13:41:52.750#,8881.0,8927.0,8805.0,9309.0,8255.0,6628,20513,8877.0,1,8880.0,2,8885.0,1,8888.0,2,8890.0,2,8894.0,2,8896.0,1,8898.0,1,8904.0,3,8905.0,3,8890.0
OI505,,13:41:54.250#,8881.0,8927.0,8805.0,9309.0,8255.0,6628,20513,8877.0,1,8880.0,2,8885.0,1,8888.0,2,8890.0,2,8894.0,2,8896.0,1,8898.0,1,8904.0,3,8905.0,3,8890.0
OI505,,13:41:54.500#,8881.0,8927.0,8805.0,9309.0,8255.0,6628,20513,8877.0,1,8880.0,2,8885.0,1,8888.0,2,8890.0,2,8894.0,1,8896.0,1,8898.0,1,8904.0,3,8905.0,3,8890.0
OI505,,13:41:55.750#,8881.0,8927.0,8805.0,9309.0,8255.0,6628,20513,8877.0,1,8880.0,2,8885.0,1,8888.0,2,8891.0,1,8894.0,1,8896.0,1,8898.0,1,8904.0,3,8905.0,3,8890.0
OI505,,13:41:56.0#,8881.0,8927.0,8805.0,9309.0,8255.0,6628,20513,8877.0,1,8880.0,2,8885.0,1,8888.0,2,8891.0,2,8895.0,2,8896.0,1,8898.0,1,8904.0,3,8905.0,3,8890.0
OI505,,13:41:56.500#,8881.0,8927.0,8805.0,9309.0,8255.0,6628,20513,8877.0,1,8880.0,2,8885.0,1,8888.0,2,8891.0,2,8895.0,2,8896.0,1,8898.0,1,8904.0,3,8905.0,3,8890.0
OI505,,13:41:57.0#,8881.0,8927.0,8805.0,9309.0,8255.0,6628,20513,8877.0,1,8880.0,2,8885.0,1,8888.0,2,8891.0,1,8895.0,1,8896.0,1,8898.0,1,8904.0,3,8905.0,3,8890.0
OI505,,13:41:57.750#,8881.0,8927.0,8805.0,9309.0,8255.0,6628,20513,8877.0,1,8880.0,2,8885.0,1,8888.0,2,8890.0,2,8894.0,1,8896.0,1,8898.0,1,8904.0,3,8905.0,3,8890.0
OI505,,13:41:58.0#,8881.0,8927.0,8805.0,9309.0,8255.0,6628,20513,8880.0,2,8885.0,1,8888.0,2,8890.0,1,8892.0,1,8894.0,1,8896.0,1,8898.0,1,8904.0,3,8905.0,3,8890.0
OI505,,13:41:58.250#,8881.0,8927.0,8805.0,9309.0,8255.0,6628,20513,8877.0,1,8880.0,2,8885.0,1,8888.0,2,8890.0,2,8894.0,1,8896.0,1,8898.0,1,8904.0,3,8905.0,3,8890.0
OI505,,13:41:58.500#,8881.0,8927.0,8805.0,9309.0,8255.0,6628,20513,8877.0,1,8880.0,2,8885.0,1,8888.0,2,8891.0,1,8894.0,1,8896.0,1,8898.0,1,8904.0,3,8905.0,3,8890.0
OI505,,13:42:00.250#,8881.0,8927.0,8805.0,9309.0,8255.0,6628,20513,8877.0,1,8880.0,2,8885.0,1,8888.0,2,8891.0,1,8894.0,1,8896.0,1,8898.0,1,8904.0,3,8905.0,3,8890.0
OI505,,13:42:00.750#,8881.0,8927.0,8805.0,9309.0,8255.0,6628,20513,8877.0,1,8880.0,2,8885.0,1,8888.0,2,8890.0,1,8894.0,2,8896.0,1,8898.0,1,8904.0,3,8905.0,3,8890.0
OI505,,13:42:01.0#,8881.0,8927.0,8805.0,9309.0,8255.0,6628,20513,8877.0,1,8880.0,2,8885.0,1,8888.0,2,8890.0,1,8894.0,1,8896.0,1,8898.0,1,8904.0,3,8905.0,3,8890.0
OI505,,13:42:01.250#,8881.0,8927.0,8805.0,9309.0,8255.0,6628,20513,8877.0,1,8880.0,2,8885.0,1,8888.0,2,8889.0,2,8894.0,1,8896.0,1,8898.0,1,8904.0,3,8905.0,3,8890.0
OI505,,13:42:01.500#,8881.0,8927.0,8805.0,9309.0,8255.0,6628,20513,8877.0,1,8880.0,2,8885.0,1,8888.0,2,8890.0,2,8894.0,5,8896.0,1,8898.0,1,8904.0,3,8905.0,3,8890.0
OI505,,13:42:02.0#,8881.0,8927.0,8805.0,9309.0,8255.0,6628,20513,8877.0,1,8880.0,2,8885.0,1,8888.0,2,8890.0,1,8893.0,1,8896.0,1,8898.0,1,8904.0,3,8905.0,3,8890.0
OI505,,13:42:02.250#,8881.0,8927.0,8805.0,9309.0,8255.0,6628,20513,8877.0,1,8880.0,2,8885.0,1,8888.0,2,8890.0,2,8894.0,6,8896.0,1,8898.0,1,8904.0,3,8905.0,3,8890.0
OI505,,13:42:02.500#,8881.0,8927.0,8805.0,9309.0,8255.0,6628,20513,8877.0,1,8880.0,2,8885.0,1,8888.0,2,8890.0,2,8894.0,1,8896.0,1,8898.0,1,8904.0,3,8905.0,3,8890.0
OI505,,13:42:02.750#,8881.0,8927.0,8805.0,9309.0,8255.0,6628,20513,8877.0,1,8880.0,2,8885.0,1,8888.0,2,8890.0,1,8893.0,1,8896.0,1,8898.0,1,8904.0,3,8905.0,3,8890.0
OI505,,13:42:05.750#,8881.0,8927.0,8805.0,9309.0,8255.0,6628,20513,8877.0,1,8880.0,2,8885.0,1,8888.0,2,8889.0,2,8893.0,2,8896.0,1,8898.0,1,8904.0,3,8905.0,3,8890.0
OI505,,13:42:06.0#,8881.0,8927.0,8805.0,9309.0,8255.0,6628,20513,8877.0,1,8880.0,2,8885.0,1,8888.0,2,8890.0,1,8893.0,1,8896.0,1,8898.0,1,8904.0,3,8905.0,3,8890.0
OI505,,13:42:06.500#,8881.0,8927.0,8805.0,9309.0,8255.0,6628,20513,8877.0,1,8880.0,2,8885.0,1,8888.0,2,8890.0,2,8894.0,3,8896.0,1,8898.0,1,8904.0,3,8905.0,3,8890.0
OI505,,13:42:06.750#,8881.0,8927.0,8805.0,9309.0,8255.0,6628,20513,8877.0,1,8880.0,2,8885.0,1,8888.0,2,8891.0,1,8894.0,1,8896.0,1,8898.0,1,8904.0,3,8905.0,3,8890.0
OI505,,13:42:09.0#,8881.0,8927.0,8805.0,9309.0,8255.0,6628,20513,8877.0,1,8880.0,2,8885.0,1,8888.0,2,8892.0,1,8894.0,1,8896.0,1,8898.0,1,8904.0,3,8905.0,3,8890.0
OI505,,13:42:09.250#,8881.0,8927.0,8805.0,9309.0,8255.0,6628,20513,8877.0,1,8880.0,2,8885.0,1,8888.0,2,8891.0,1,8894.0,1,8896.0,1,8898.0,1,8904.0,3,8905.0,2,8890.0
OI505,,13:42:10.750#,8881.0,8927.0,8805.0,9309.0,8255.0,6628,20513,8877.0,1,8880.0,2,8885.0,1,8888.0,2,8892.0,1,8895.0,3,8896.0,1,8898.0,1,8904.0,3,8905.0,2,8890.0
OI505,,13:42:15.750#,8881.0,8927.0,8805.0,9309.0,8255.0,6628,20513,8877.0,1,8880.0,2,8885.0,1,8888.0,2,8893.0,1,8895.0,1,8896.0,1,8898.0,1,8904.0,3,8905.0,2,8890.0
OI505,,13:42:16.0#,8881.0,8927.0,8805.0,9309.0,8255.0,6628,20513,8877.0,1,8880.0,2,8885.0,1,8888.0,2,8893.0,1,8896.0,2,8898.0,1,8904.0,3,8905.0,2,8907.0,3,8890.0
OI505,,13:42:16.250#,8881.0,8927.0,8805.0,9309.0,8255.0,6628,20513,8877.0,1,8880.0,2,8885.0,1,8888.0,2,8894.0,1,8896.0,2,8898.0,1,8904.0,3,8905.0,2,8907.0,3,8890.0
OI505,,13:42:16.500#,8881.0,8927.0,8805.0,9309.0,8255.0,6628,20513,8877.0,1,8880.0,2,8885.0,1,8888.0,1,8894.0,1,8896.0,1,8904.0,3,8905.0,2,8907.0,3,8912.0,12,8890.0
OI505,,13:42:19.0#,8881.0,8927.0,8805.0,9309.0,8255.0,6628,20513,8880.0,2,8885.0,1,8888.0,1,8891.0,1,8893.0,2,8896.0,1,8901.0,1,8904.0,3,8905.0,2,8907.0,3,8890.0
OI505,,13:42:20.0#,8881.0,8927.0,8805.0,9309.0,8255.0,6628,20513,8880.0,2,8885.0,1,8888.0,1,8891.0,1,8895.0,1,8896.0,23,8901.0,1,8904.0,3,8905.0,2,8907.0,3,8890.0
OI505,,13:42:21.0#,8881.0,8927.0,8805.0,9309.0,8255.0,6628,20513,8880.0,2,8885.0,1,8888.0,1,8891.0,1,8895.0,1,8896.0,2,8901.0,1,8904.0,3,8905.0,2,8907.0,3,8890.0
OI505,,13:42:22.250#,8881.0,8927.0,8805.0,9309.0,8255.0,6630,20514,8880.0,2,8885.0,1,8888.0,1,8891.0,1,8896.0,1,8898.0,39,8901.0,1,8904.0,3,8905.0,2,8907.0,3,8897.0
OI505,,13:42:22.500#,8881.0,8927.0,8805.0,9309.0,8255.0,6630,20514,8880.0,2,8885.0,1,8888.0,1,8891.0,1,8895.0,2,8897.0,17,8901.0,1,8904.0,3,8905.0,2,8907.0,3,8897.0
OI505,,13:42:23.0#,8881.0,8927.0,8805.0,9309.0,8255.0,6630,20514,8877.0,1,8880.0,2,8885.0,1,8888.0,1,8897.0,1,8898.0,17,8901.0,1,8905.0,2,8912.0,9,8916.0,1,8897.0
OI505,,13:42:23.250#,8881.0,8927.0,8805.0,9309.0,8255.0,6630,20514,8880.0,2,8885.0,1,8888.0,1,8894.0,1,8897.0,1,8898.0,17,8901.0,1,8905.0,2,8912.0,9,8916.0,4,8897.0
OI505,,13:42:23.500#,8881.0,8927.0,8805.0,9309.0,8255.0,6630,20514,8880.0,2,8885.0,1,8888.0,1,8894.0,1,8897.0,1,8898.0,18,8901.0,1,8905.0,2,8912.0,9,8916.0,4,8897.0
OI505,,13:42:23.750#,8881.0,8927.0,8805.0,9309.0,8255.0,6632,20515,8880.0,2,8885.0,1,8888.0,1,8894.0,1,8897.0,3,8898.0,20,8901.0,1,8905.0,2,8912.0,9,8916.0,4,8898.0
OI505,,13:42:24.0#,8881.0,8927.0,8805.0,9309.0,8255.0,6635,20518,8880.0,2,8885.0,1,8888.0,1,8894.0,1,8896.0,1,8897.0,10,8901.0,1,8905.0,2,8912.0,9,8916.0,4,8897.0
OI505,,13:42:24.250#,8881.0,8927.0,8805.0,9309.0,8255.0,6635,20518,8880.0,2,8885.0,1,8888.0,1,8894.0,1,8895.0,1,8897.0,12,8901.0,1,8905.0,2,8912.0,9,8916.0,4,8897.0
OI505,,13:42:24.500#,8881.0,8927.0,8805.0,9309.0,8255.0,6635,20518,8880.0,2,8885.0,1,8888.0,1,8894.0,1,8895.0,1,8898.0,23,8901.0,1,8905.0,2,8912.0,9,8916.0,4,8897.0
OI505,,13:42:24.750#,8881.0,8927.0,8805.0,9309.0,8255.0,6635,20518,8880.0,2,8885.0,1,8888.0,1,8894.0,1,8895.0,2,8898.0,22,8901.0,1,8905.0,2,8912.0,9,8916.0,4,8897.0
OI505,,13:42:25.0#,8881.0,8927.0,8805.0,9309.0,8255.0,6635,20518,8880.0,2,8885.0,1,8888.0,1,8894.0,1,8896.0,2,8898.0,25,8901.0,1,8905.0,2,8912.0,9,8916.0,4,8897.0
OI505,,13:42:25.250#,8881.0,8927.0,8805.0,9309.0,8255.0,6635,20518,8880.0,2,8885.0,1,8888.0,1,8894.0,1,8895.0,2,8897.0,1,8901.0,1,8905.0,2,8912.0,9,8916.0,4,8897.0
OI505,,13:42:25.500#,8881.0,8927.0,8805.0,9309.0,8255.0,6635,20518,8880.0,2,8885.0,1,8888.0,1,8894.0,1,8895.0,2,8898.0,26,8901.0,1,8905.0,2,8912.0,9,8916.0,4,8897.0
OI505,,13:42:25.750#,8881.0,8927.0,8805.0,9309.0,8255.0,6635,20518,8880.0,2,8885.0,1,8888.0,1,8894.0,1,8895.0,2,8897.0,2,8901.0,1,8905.0,2,8912.0,9,8916.0,4,8897.0
OI505,,13:42:26.0#,8881.0,8927.0,8805.0,9309.0,8255.0,6635,20518,8880.0,2,8885.0,1,8888.0,1,8894.0,1,8895.0,2,8897.0,6,8901.0,1,8905.0,2,8912.0,9,8916.0,4,8897.0
OI505,,13:42:26.250#,8881.0,8927.0,8805.0,9309.0,8255.0,6635,20518,8880.0,2,8885.0,1,8888.0,1,8894.0,1,8895.0,2,8897.0,17,8901.0,1,8905.0,2,8912.0,9,8916.0,4,8897.0
OI505,,13:42:26.500#,8881.0,8927.0,8805.0,9309.0,8255.0,6635,20518,8880.0,2,8885.0,1,8888.0,1,8894.0,1,8895.0,2,8897.0,14,8901.0,1,8905.0,2,8912.0,9,8916.0,4,8897.0
OI505,,13:42:26.750#,8881.0,8927.0,8805.0,9309.0,8255.0,6635,20518,8880.0,2,8885.0,1,8888.0,1,8894.0,1,8895.0,3,8898.0,23,8901.0,1,8905.0,2,8912.0,9,8916.0,4,8897.0
OI505,,13:42:27.0#,8881.0,8927.0,8805.0,9309.0,8255.0,6635,20518,8880.0,2,8885.0,1,8888.0,1,8894.0,1,8896.0,3,8898.0,23,8901.0,1,8905.0,2,8912.0,9,8916.0,4,8897.0
OI505,,13:42:27.250#,8881.0,8927.0,8805.0,9309.0,8255.0,6635,20518,8880.0,2,8885.0,1,8888.0,1,8894.0,1,8896.0,3,8898.0,17,8901.0,1,8905.0,2,8912.0,9,8916.0,4,8897.0
OI505,,13:42:31.250#,8881.0,8927.0,8805.0,9309.0,8255.0,6635,20518,8880.0,2,8885.0,1,8892.0,1,8894.0,1,8897.0,1,8899.0,45,8904.0,1,8905.0,2,8912.0,9,8916.0,4,8897.0
OI505,,13:42:32.500#,8881.0,8927.0,8805.0,9309.0,8255.0,6635,20518,8880.0,2,8885.0,1,8892.0,1,8894.0,1,8897.0,2,8899.0,45,8904.0,1,8905.0,2,8912.0,9,8916.0,4,8897.0
OI505,,13:42:32.750#,8881.0,8927.0,8805.0,9309.0,8255.0,6635,20518,8880.0,2,8885.0,1,8892.0,1,8894.0,1,8897.0,3,8899.0,45,8904.0,1,8905.0,2,8912.0,9,8916.0,4,8897.0
OI505,,13:42:33.250#,8881.0,8927.0,8805.0,9309.0,8255.0,6635,20518,8880.0,2,8885.0,1,8892.0,1,8894.0,1,8897.0,2,8899.0,45,8904.0,1,8905.0,2,8912.0,9,8916.0,4,8897.0
OI505,,13:42:33.500#,8881.0,8927.0,8805.0,9309.0,8255.0,6635,20518,8880.0,2,8885.0,1,8892.0,1,8894.0,1,8897.0,2,8899.0,39,8904.0,1,8905.0,2,8912.0,9,8916.0,4,8897.0
OI505,,13:42:33.750#,8881.0,8927.0,8805.0,9309.0,8255.0,6635,20518,8880.0,2,8885.0,1,8892.0,1,8894.0,1,8897.0,3,8899.0,41,8904.0,1,8905.0,2,8912.0,9,8916.0,4,8897.0
OI505,,13:42:34.0#,8881.0,8927.0,8805.0,9309.0,8255.0,6635,20518,8880.0,2,8885.0,1,8892.0,1,8894.0,1,8897.0,3,8899.0,40,8904.0,1,8905.0,2,8912.0,9,8916.0,4,8897.0
OI505,,13:42:34.500#,8881.0,8927.0,8805.0,9309.0,8255.0,6635,20518,8880.0,2,8885.0,1,8892.0,1,8894.0,1,8897.0,3,8899.0,35,8904.0,1,8905.0,2,8912.0,9,8916.0,4,8897.0
OI505,,13:42:34.750#,8881.0,8927.0,8805.0,9309.0,8255.0,6635,20518,8880.0,2,8885.0,1,8892.0,1,8894.0,1,8897.0,3,8899.0,32,8904.0,1,8905.0,2,8912.0,9,8916.0,4,8897.0
OI505,,13:42:35.0#,8881.0,8927.0,8805.0,9309.0,8255.0,6635,20518,8880.0,2,8885.0,1,8892.0,1,8894.0,1,8898.0,1,8900.0,41,8904.0,1,8905.0,2,8912.0,9,8916.0,4,8897.0
OI505,,13:42:35.250#,8881.0,8927.0,8805.0,9309.0,8255.0,6635,20518,8880.0,2,8885.0,1,8892.0,1,8894.0,1,8898.0,1,8900.0,40,8904.0,1,8905.0,2,8912.0,9,8916.0,4,8897.0
OI505,,13:42:35.500#,8881.0,8927.0,8805.0,9309.0,8255.0,6635,20518,8880.0,2,8885.0,1,8892.0,1,8894.0,1,8897.0,1,8899.0,1,8904.0,1,8905.0,2,8912.0,9,8916.0,4,8897.0
OI505,,13:42:35.750#,8881.0,8927.0,8805.0,9309.0,8255.0,6635,20518,8880.0,2,8885.0,1,8892.0,1,8894.0,1,8897.0,1,8899.0,28,8904.0,1,8905.0,2,8912.0,9,8916.0,4,8897.0
OI505,,13:42:36.0#,8881.0,8927.0,8805.0,9309.0,8255.0,6635,20518,8885.0,1,8888.0,1,8892.0,1,8894.0,1,8897.0,1,8899.0,20,8904.0,1,8905.0,2,8912.0,9,8916.0,4,8897.0
OI505,,13:42:36.250#,8881.0,8927.0,8805.0,9309.0,8255.0,6635,20518,8885.0,1,8888.0,1,8892.0,1,8894.0,1,8897.0,1,8899.0,19,8904.0,1,8905.0,2,8912.0,9,8916.0,4,8897.0
OI505,,13:42:36.750#,8881.0,8927.0,8805.0,9309.0,8255.0,6635,20518,8885.0,1,8888.0,1,8892.0,1,8894.0,1,8897.0,1,8899.0,36,8904.0,1,8905.0,2,8912.0,9,8916.0,4,8897.0
OI505,,13:42:37.250#,8881.0,8927.0,8805.0,9309.0,8255.0,6635,20518,8885.0,1,8888.0,1,8892.0,1,8894.0,1,8897.0,1,8899.0,35,8904.0,1,8905.0,2,8912.0,9,8916.0,4,8897.0
OI505,,13:42:37.500#,8881.0,8927.0,8805.0,9309.0,8255.0,6635,20518,8885.0,1,8888.0,1,8892.0,1,8894.0,1,8897.0,1,8899.0,36,8904.0,1,8905.0,2,8912.0,9,8916.0,4,8897.0
OI505,,13:42:37.750#,8881.0,8927.0,8805.0,9309.0,8255.0,6635,20518,8885.0,1,8888.0,1,8892.0,1,8894.0,1,8897.0,3,8899.0,37,8904.0,1,8905.0,2,8912.0,9,8916.0,4,8897.0
OI505,,13:42:38.0#,8881.0,8927.0,8805.0,9309.0,8255.0,6635,20518,8885.0,1,8888.0,1,8892.0,1,8894.0,1,8897.0,3,8899.0,17,8904.0,1,8905.0,2,8912.0,9,8916.0,4,8897.0
OI505,,13:42:38.250#,8881.0,8927.0,8805.0,9309.0,8255.0,6635,20518,8885.0,1,8888.0,1,8892.0,1,8894.0,1,8897.0,3,8899.0,16,8904.0,1,8905.0,2,8912.0,9,8916.0,4,8897.0
OI505,,13:42:38.500#,8881.0,8927.0,8805.0,9309.0,8255.0,6635,20518,8885.0,1,8888.0,1,8892.0,1,8894.0,1,8897.0,3,8899.0,18,8904.0,1,8905.0,2,8912.0,9,8916.0,4,8897.0
OI505,,13:42:38.750#,8881.0,8927.0,8805.0,9309.0,8255.0,6635,20518,8885.0,1,8888.0,1,8892.0,1,8894.0,1,8898.0,2,8899.0,15,8904.0,1,8905.0,2,8912.0,9,8916.0,4,8897.0
OI505,,13:42:39.0#,8881.0,8927.0,8805.0,9309.0,8255.0,6635,20518,8885.0,1,8888.0,1,8892.0,1,8894.0,1,8898.0,2,8900.0,45,8904.0,1,8905.0,2,8912.0,9,8916.0,4,8897.0
OI505,,13:42:39.250#,8881.0,8927.0,8805.0,9309.0,8255.0,6635,20518,8885.0,1,8888.0,1,8892.0,1,8894.0,1,8898.0,3,8900.0,45,8904.0,1,8905.0,2,8912.0,9,8916.0,4,8897.0
OI505,,13:42:41.0#,8881.0,8927.0,8805.0,9309.0,8255.0,6635,20518,8885.0,1,8888.0,1,8892.0,1,8894.0,1,8898.0,3,8900.0,43,8904.0,1,8905.0,2,8912.0,9,8916.0,4,8897.0
OI505,,13:42:41.250#,8881.0,8927.0,8805.0,9309.0,8255.0,6635,20518,8885.0,1,8888.0,1,8892.0,1,8894.0,1,8898.0,3,8900.0,41,8904.0,1,8905.0,2,8912.0,9,8916.0,4,8897.0
OI505,,13:42:41.500#,8881.0,8927.0,8805.0,9309.0,8255.0,6635,20518,8885.0,1,8888.0,1,8892.0,1,8894.0,1,8898.0,3,8900.0,38,8904.0,1,8905.0,2,8912.0,9,8916.0,4,8897.0
OI505,,13:42:41.750#,8881.0,8927.0,8805.0,9309.0,8255.0,6635,20518,8885.0,1,8888.0,1,8892.0,1,8894.0,1,8898.0,2,8899.0,9,8904.0,1,8905.0,2,8912.0,9,8916.0,4,8897.0
OI505,,13:42:42.0#,8881.0,8927.0,8805.0,9309.0,8255.0,6635,20518,8888.0,1,8892.0,1,8894.0,1,8895.0,1,8898.0,3,8900.0,43,8904.0,1,8905.0,2,8912.0,9,8916.0,4,8897.0
OI505,,13:42:42.250#,8881.0,8927.0,8805.0,9309.0,8255.0,6635,20518,8888.0,1,8892.0,1,8894.0,1,8895.0,1,8898.0,3,8900.0,40,8904.0,1,8905.0,2,8912.0,9,8916.0,4,8897.0
OI505,,13:42:42.500#,8881.0,8927.0,8805.0,9309.0,8255.0,6635,20518,8888.0,1,8892.0,1,8894.0,1,8895.0,1,8898.0,3,8900.0,39,8904.0,1,8905.0,2,8912.0,9,8916.0,4,8897.0
OI505,,13:42:42.750#,8881.0,8927.0,8805.0,9309.0,8255.0,6635,20518,8888.0,1,8892.0,1,8894.0,1,8895.0,1,8898.0,3,8900.0,40,8904.0,1,8905.0,2,8912.0,9,8916.0,4,8897.0
OI505,,13:42:43.250#,8881.0,8927.0,8805.0,9309.0,8255.0,6635,20518,8888.0,1,8892.0,1,8894.0,1,8895.0,1,8898.0,2,8899.0,1,8904.0,1,8905.0,2,8912.0,9,8916.0,4,8897.0
OI505,,13:42:43.500#,8881.0,8927.0,8805.0,9309.0,8255.0,6635,20518,8888.0,1,8892.0,1,8894.0,1,8895.0,1,8898.0,2,8899.0,8,8904.0,1,8905.0,2,8912.0,9,8916.0,4,8897.0
OI505,,13:42:43.750#,8881.0,8927.0,8805.0,9309.0,8255.0,6635,20518,8888.0,1,8892.0,1,8894.0,1,8895.0,1,8898.0,2,8899.0,26,8904.0,1,8905.0,2,8912.0,9,8916.0,4,8897.0
OI505,,13:42:44.0#,8881.0,8927.0,8805.0,9309.0,8255.0,6648,20518,8888.0,1,8892.0,1,8894.0,1,8895.0,1,8897.0,4,8899.0,42,8904.0,1,8905.0,2,8912.0,9,8916.0,4,8898.0
OI505,,13:42:44.250#,8881.0,8927.0,8805.0,9309.0,8255.0,6648,20518,8888.0,1,8892.0,1,8894.0,1,8895.0,1,8896.0,4,8899.0,42,8904.0,1,8905.0,2,8912.0,9,8916.0,4,8898.0
OI505,,13:42:44.500#,8881.0,8927.0,8805.0,9309.0,8255.0,6648,20518,8888.0,1,8892.0,1,8894.0,1,8895.0,1,8896.0,3,8898.0,21,8904.0,1,8905.0,2,8912.0,9,8916.0,4,8898.0
OI505,,13:42:44.750#,8881.0,8927.0,8805.0,9309.0,8255.0,6648,20518,8888.0,1,8892.0,1,8894.0,1,8895.0,1,8896.0,1,8898.0,24,8904.0,1,8905.0,2,8912.0,9,8916.0,4,8898.0
OI505,,13:42:45.0#,8881.0,8927.0,8805.0,9309.0,8255.0,6648,20518,8888.0,1,8892.0,1,8894.0,1,8895.0,1,8896.0,1,8898.0,26,8904.0,1,8905.0,2,8912.0,9,8916.0,4,8898.0
OI505,,13:42:45.250#,8881.0,8927.0,8805.0,9309.0,8255.0,6648,20518,8888.0,1,8892.0,1,8894.0,1,8895.0,1,8896.0,1,8898.0,24,8904.0,1,8905.0,2,8912.0,9,8916.0,4,8898.0
OI505,,13:42:45.500#,8881.0,8927.0,8805.0,9309.0,8255.0,6648,20518,8888.0,1,8892.0,1,8894.0,1,8895.0,1,8896.0,1,8898.0,16,8904.0,1,8905.0,2,8912.0,9,8916.0,4,8898.0
OI505,,13:42:45.750#,8881.0,8927.0,8805.0,9309.0,8255.0,6648,20518,8888.0,1,8892.0,1,8894.0,1,8895.0,1,8896.0,1,8898.0,18,8904.0,1,8905.0,2,8912.0,9,8916.0,4,8898.0
OI505,,13:42:46.250#,8881.0,8927.0,8805.0,9309.0,8255.0,6648,20518,8888.0,1,8892.0,1,8894.0,1,8895.0,1,8897.0,1,8899.0,45,8904.0,1,8905.0,2,8912.0,9,8916.0,4,8898.0
OI505,,13:42:46.500#,8881.0,8927.0,8805.0,9309.0,8255.0,6648,20518,8888.0,1,8892.0,1,8894.0,1,8895.0,1,8896.0,1,8899.0,45,8904.0,1,8905.0,2,8912.0,9,8916.0,4,8898.0
OI505,,13:42:46.750#,8881.0,8927.0,8805.0,9309.0,8255.0,6648,20518,8888.0,1,8892.0,1,8894.0,1,8895.0,1,8896.0,1,8898.0,4,8904.0,1,8905.0,2,8912.0,9,8916.0,4,8898.0
OI505,,13:42:47.0#,8881.0,8927.0,8805.0,9309.0,8255.0,6648,20518,8888.0,1,8892.0,1,8894.0,1,8895.0,1,8896.0,1,8898.0,22,8904.0,1,8905.0,2,8912.0,9,8916.0,4,8898.0
OI505,,13:42:47.250#,8881.0,8927.0,8805.0,9309.0,8255.0,6648,20518,8888.0,1,8892.0,1,8894.0,1,8895.0,1,8896.0,1,8898.0,20,8904.0,1,8905.0,2,8912.0,9,8916.0,4,8898.0
OI505,,13:42:47.500#,8881.0,8927.0,8805.0,9309.0,8255.0,6648,20518,8888.0,1,8892.0,1,8894.0,1,8895.0,1,8897.0,1,8899.0,45,8904.0,1,8905.0,2,8912.0,9,8916.0,4,8898.0
OI505,,13:42:48.0#,8881.0,8927.0,8805.0,9309.0,8255.0,6648,20518,8888.0,1,8892.0,1,8894.0,1,8895.0,1,8896.0,1,8899.0,45,8904.0,1,8905.0,2,8912.0,9,8916.0,4,8898.0
OI505,,13:42:48.250#,8881.0,8927.0,8805.0,9309.0,8255.0,6648,20518,8888.0,1,8892.0,1,8894.0,1,8895.0,1,8897.0,1,8899.0,45,8904.0,1,8905.0,2,8912.0,9,8916.0,4,8898.0
OI505,,13:42:49.500#,8881.0,8927.0,8805.0,9309.0,8255.0,6648,20518,8888.0,1,8892.0,1,8894.0,1,8895.0,1,8896.0,2,8898.0,6,8904.0,1,8905.0,2,8912.0,9,8916.0,4,8898.0
OI505,,13:42:49.750#,8881.0,8927.0,8805.0,9309.0,8255.0,6648,20518,8888.0,1,8892.0,1,8894.0,1,8895.0,1,8896.0,1,8898.0,10,8904.0,1,8905.0,2,8912.0,9,8916.0,4,8898.0
OI505,,13:42:50.0#,8881.0,8927.0,8805.0,9309.0,8255.0,6648,20518,8888.0,1,8892.0,1,8894.0,1,8895.0,1,8896.0,1,8899.0,45,8904.0,1,8905.0,2,8912.0,9,8916.0,4,8898.0
OI505,,13:42:50.250#,8881.0,8927.0,8805.0,9309.0,8255.0,6648,20518,8888.0,1,8892.0,1,8894.0,1,8895.0,1,8897.0,1,8899.0,45,8904.0,1,8905.0,2,8912.0,9,8916.0,4,8898.0
OI505,,13:42:50.500#,8881.0,8927.0,8805.0,9309.0,8255.0,6648,20518,8888.0,1,8892.0,1,8894.0,1,8895.0,1,8896.0,1,8898.0,16,8904.0,1,8905.0,2,8912.0,9,8916.0,4,8898.0
OI505,,13:42:50.750#,8881.0,8927.0,8805.0,9309.0,8255.0,6648,20518,8888.0,1,8892.0,1,8894.0,1,8895.0,1,8896.0,1,8898.0,17,8904.0,1,8905.0,2,8912.0,9,8916.0,4,8898.0
OI505,,13:42:51.0#,8881.0,8927.0,8805.0,9309.0,8255.0,6648,20518,8888.0,1,8892.0,1,8894.0,1,8895.0,1,8896.0,1,8898.0,11,8904.0,1,8905.0,2,8912.0,9,8916.0,4,8898.0
OI505,,13:42:51.250#,8881.0,8927.0,8805.0,9309.0,8255.0,6648,20518,8888.0,1,8892.0,1,8894.0,1,8895.0,1,8896.0,1,8898.0,42,8904.0,1,8905.0,2,8912.0,9,8916.0,4,8898.0
OI505,,13:42:51.500#,8881.0,8927.0,8805.0,9309.0,8255.0,6648,20518,8888.0,1,8892.0,1,8894.0,1,8895.0,1,8896.0,1,8898.0,45,8904.0,1,8905.0,2,8912.0,9,8916.0,4,8898.0
OI505,,13:42:53.0#,8881.0,8927.0,8805.0,9309.0,8255.0,6648,20518,8888.0,1,8892.0,1,8894.0,1,8895.0,1,8896.0,1,8898.0,44,8904.0,1,8905.0,2,8912.0,9,8916.0,4,8898.0
OI505,,13:42:53.250#,8881.0,8927.0,8805.0,9309.0,8255.0,6648,20518,8888.0,1,8892.0,1,8894.0,1,8895.0,1,8896.0,1,8898.0,43,8904.0,1,8905.0,2,8912.0,9,8916.0,4,8898.0
OI505,,13:42:53.500#,8881.0,8927.0,8805.0,9309.0,8255.0,6648,20518,8888.0,1,8892.0,1,8894.0,1,8895.0,1,8896.0,1,8898.0,44,8904.0,1,8905.0,2,8912.0,9,8916.0,4,8898.0
OI505,,13:42:53.750#,8881.0,8927.0,8805.0,9309.0,8255.0,6648,20518,8888.0,1,8892.0,1,8894.0,1,8895.0,1,8896.0,1,8898.0,43,8904.0,1,8905.0,2,8912.0,9,8916.0,4,8898.0
OI505,,13:42:54.750#,8881.0,8927.0,8805.0,9309.0,8255.0,6648,20518,8888.0,1,8892.0,1,8894.0,1,8895.0,1,8896.0,1,8898.0,45,8904.0,1,8905.0,2,8912.0,9,8916.0,4,8898.0
OI505,,13:42:55.0#,8881.0,8927.0,8805.0,9309.0,8255.0,6648,20518,8888.0,1,8892.0,1,8894.0,1,8895.0,1,8896.0,4,8898.0,45,8904.0,1,8905.0,2,8912.0,9,8916.0,4,8898.0
OI505,,13:42:55.250#,8881.0,8927.0,8805.0,9309.0,8255.0,6648,20518,8888.0,1,8892.0,1,8894.0,1,8895.0,1,8896.0,4,8898.0,43,8904.0,1,8905.0,2,8912.0,9,8916.0,4,8898.0
OI505,,13:42:55.500#,8881.0,8927.0,8805.0,9309.0,8255.0,6648,20518,8888.0,1,8892.0,1,8894.0,1,8895.0,1,8896.0,4,8898.0,45,8904.0,1,8905.0,2,8912.0,9,8916.0,4,8898.0
OI505,,13:42:58.500#,8881.0,8927.0,8805.0,9309.0,8255.0,6648,20518,8888.0,1,8892.0,1,8894.0,1,8895.0,1,8896.0,4,8898.0,45,8904.0,1,8905.0,2,8912.0,9,8916.0,4,8898.0
OI505,,13:43:00.250#,8881.0,8927.0,8805.0,9309.0,8255.0,6648,20518,8888.0,1,8892.0,1,8894.0,1,8895.0,1,8896.0,1,8898.0,45,8904.0,1,8905.0,2,8912.0,9,8916.0,4,8898.0
OI505,,13:43:00.500#,8881.0,8927.0,8805.0,9309.0,8255.0,6648,20518,8885.0,2,8888.0,1,8892.0,1,8894.0,1,8895.0,2,8897.0,8,8904.0,1,8905.0,2,8912.0,9,8916.0,4,8898.0
OI505,,13:43:00.750#,8881.0,8927.0,8805.0,9309.0,8255.0,6648,20518,8880.0,2,8885.0,2,8888.0,1,8892.0,1,8895.0,2,8897.0,21,8905.0,2,8912.0,9,8916.0,4,8917.0,1,8898.0
OI505,,13:43:01.0#,8881.0,8927.0,8805.0,9309.0,8255.0,6648,20518,8880.0,2,8885.0,2,8888.0,1,8892.0,2,8895.0,2,8897.0,20,8902.0,1,8905.0,2,8912.0,9,8916.0,4,8898.0
OI505,,13:43:01.250#,8881.0,8927.0,8805.0,9309.0,8255.0,6648,20518,8880.0,2,8885.0,2,8888.0,1,8892.0,2,8895.0,2,8897.0,29,8902.0,1,8905.0,2,8912.0,9,8916.0,4,8898.0
OI505,,13:43:01.500#,8881.0,8927.0,8805.0,9309.0,8255.0,6648,20518,8880.0,2,8885.0,2,8888.0,1,8892.0,2,8895.0,2,8897.0,34,8902.0,1,8905.0,2,8912.0,9,8916.0,4,8898.0
OI505,,13:43:01.750#,8881.0,8927.0,8805.0,9309.0,8255.0,6648,20518,8880.0,2,8885.0,2,8888.0,1,8892.0,2,8895.0,2,8897.0,36,8902.0,1,8905.0,2,8912.0,9,8916.0,4,8898.0
OI505,,13:43:02.0#,8881.0,8927.0,8805.0,9309.0,8255.0,6648,20518,8880.0,2,8885.0,2,8888.0,1,8892.0,2,8895.0,2,8897.0,31,8902.0,1,8905.0,2,8912.0,9,8916.0,4,8898.0
OI505,,13:43:02.250#,8881.0,8927.0,8805.0,9309.0,8255.0,6648,20518,8880.0,2,8885.0,2,8888.0,1,8892.0,2,8895.0,2,8897.0,24,8902.0,1,8905.0,2,8912.0,9,8916.0,4,8898.0
OI505,,13:43:02.500#,8881.0,8927.0,8805.0,9309.0,8255.0,6648,20518,8880.0,2,8885.0,2,8888.0,1,8892.0,2,8895.0,3,8897.0,15,8902.0,1,8905.0,2,8912.0,9,8916.0,4,8898.0
OI505,,13:43:02.750#,8881.0,8927.0,8805.0,9309.0,8255.0,6648,20518,8885.0,2,8888.0,1,8892.0,2,8895.0,1,8896.0,1,8898.0,35,8902.0,1,8905.0,2,8912.0,9,8916.0,4,8898.0
OI505,,13:43:03.0#,8881.0,8927.0,8805.0,9309.0,8255.0,6648,20518,8885.0,2,8888.0,1,8892.0,2,8895.0,1,8896.0,4,8898.0,35,8902.0,1,8905.0,2,8912.0,9,8916.0,4,8898.0
OI505,,13:43:03.250#,8881.0,8927.0,8805.0,9309.0,8255.0,6648,20518,8885.0,2,8888.0,1,8892.0,2,8895.0,1,8896.0,3,8898.0,37,8902.0,1,8905.0,2,8912.0,9,8916.0,4,8898.0
OI505,,13:43:03.500#,8881.0,8927.0,8805.0,9309.0,8255.0,6648,20518,8885.0,2,8888.0,1,8892.0,2,8895.0,1,8896.0,3,8898.0,27,8902.0,1,8905.0,2,8912.0,9,8916.0,4,8898.0
OI505,,13:43:04.0#,8881.0,8927.0,8805.0,9309.0,8255.0,6648,20518,8885.0,2,8888.0,1,8892.0,2,8895.0,1,8896.0,3,8898.0,7,8902.0,1,8905.0,2,8912.0,9,8916.0,4,8898.0
OI505,,13:43:04.250#,8881.0,8927.0,8805.0,9309.0,8255.0,6648,20518,8885.0,2,8888.0,1,8892.0,2,8895.0,1,8897.0,1,8899.0,46,8902.0,1,8905.0,2,8912.0,9,8916.0,4,8898.0
OI505,,13:43:04.500#,8881.0,8927.0,8805.0,9309.0,8255.0,6648,20518,8885.0,2,8888.0,1,8892.0,2,8895.0,1,8897.0,4,8899.0,45,8902.0,1,8905.0,2,8912.0,9,8916.0,4,8898.0
OI505,,13:43:04.750#,8881.0,8927.0,8805.0,9309.0,8255.0,6648,20518,8885.0,2,8888.0,1,8892.0,1,8895.0,1,8897.0,1,8899.0,45,8902.0,1,8905.0,2,8912.0,9,8916.0,4,8898.0
OI505,,13:43:05.0#,8881.0,8927.0,8805.0,9309.0,8255.0,6648,20518,8888.0,1,8892.0,1,8894.0,1,8895.0,1,8897.0,1,8899.0,45,8902.0,1,8905.0,2,8912.0,9,8916.0,4,8898.0
OI505,,13:43:05.250#,8881.0,8927.0,8805.0,9309.0,8255.0,6648,20518,8888.0,1,8892.0,1,8894.0,1,8895.0,1,8896.0,1,8899.0,45,8902.0,1,8905.0,2,8912.0,9,8916.0,4,8898.0
OI505,,13:43:05.500#,8881.0,8927.0,8805.0,9309.0,8255.0,6648,20518,8888.0,1,8892.0,1,8894.0,1,8895.0,1,8896.0,4,8898.0,6,8902.0,1,8905.0,2,8912.0,9,8916.0,4,8898.0
OI505,,13:43:05.750#,8881.0,8927.0,8805.0,9309.0,8255.0,6648,20518,8888.0,1,8892.0,1,8894.0,1,8895.0,1,8897.0,1,8899.0,46,8902.0,1,8905.0,2,8912.0,9,8916.0,4,8898.0
OI505,,13:43:06.250#,8881.0,8927.0,8805.0,9309.0,8255.0,6648,20518,8888.0,1,8892.0,1,8894.0,1,8895.0,1,8896.0,2,8899.0,46,8902.0,1,8905.0,2,8912.0,9,8916.0,4,8898.0
OI505,,13:43:06.500#,8881.0,8927.0,8805.0,9309.0,8255.0,6648,20518,8888.0,1,8892.0,1,8894.0,1,8895.0,1,8896.0,1,8898.0,1,8902.0,1,8905.0,2,8912.0,9,8916.0,4,8898.0
OI505,,13:43:06.750#,8881.0,8927.0,8805.0,9309.0,8255.0,6648,20518,8888.0,1,8892.0,1,8894.0,1,8895.0,1,8896.0,1,8899.0,44,8902.0,1,8905.0,2,8912.0,9,8916.0,4,8898.0
OI505,,13:43:07.0#,8881.0,8927.0,8805.0,9309.0,8255.0,6648,20518,8888.0,1,8892.0,1,8894.0,1,8895.0,1,8897.0,1,8899.0,46,8902.0,1,8905.0,2,8912.0,9,8916.0,4,8898.0
OI505,,13:43:07.500#,8881.0,8927.0,8805.0,9309.0,8255.0,6648,20518,8888.0,1,8892.0,1,8894.0,1,8895.0,1,8897.0,1,8899.0,45,8902.0,1,8905.0,2,8912.0,9,8916.0,4,8898.0
OI505,,13:43:08.0#,8881.0,8927.0,8805.0,9309.0,8255.0,6648,20518,8888.0,1,8892.0,1,8894.0,1,8895.0,1,8897.0,1,8899.0,43,8902.0,1,8905.0,2,8912.0,9,8916.0,4,8898.0
OI505,,13:43:08.250#,8881.0,8927.0,8805.0,9309.0,8255.0,6648,20518,8888.0,1,8892.0,1,8894.0,1,8895.0,1,8897.0,1,8899.0,45,8902.0,1,8905.0,2,8912.0,9,8916.0,4,8898.0
OI505,,13:43:08.500#,8881.0,8927.0,8805.0,9309.0,8255.0,6648,20518,8888.0,1,8892.0,1,8894.0,1,8895.0,1,8897.0,1,8899.0,44,8902.0,1,8905.0,2,8912.0,9,8916.0,4,8898.0
OI505,,13:43:08.750#,8881.0,8927.0,8805.0,9309.0,8255.0,6648,20518,8888.0,1,8892.0,1,8894.0,1,8895.0,1,8897.0,1,8899.0,44,8902.0,1,8905.0,2,8912.0,9,8916.0,4,8898.0
OI505,,13:43:09.500#,8881.0,8927.0,8805.0,9309.0,8255.0,6648,20518,8888.0,1,8892.0,1,8894.0,1,8895.0,1,8897.0,1,8899.0,45,8902.0,1,8905.0,2,8912.0,9,8916.0,4,8898.0
OI505,,13:43:09.750#,8881.0,8927.0,8805.0,9309.0,8255.0,6648,20518,8888.0,1,8892.0,1,8894.0,1,8895.0,1,8896.0,4,8898.0,1,8902.0,1,8905.0,2,8912.0,9,8916.0,4,8898.0
OI505,,13:43:10.0#,8881.0,8927.0,8805.0,9309.0,8255.0,6648,20518,8888.0,1,8892.0,1,8894.0,1,8895.0,1,8896.0,4,8898.0,40,8902.0,1,8905.0,2,8912.0,9,8916.0,4,8898.0
OI505,,13:43:10.250#,8881.0,8927.0,8805.0,9309.0,8255.0,6648,20518,8888.0,1,8892.0,1,8894.0,1,8895.0,1,8896.0,4,8898.0,33,8902.0,1,8905.0,2,8912.0,9,8916.0,4,8898.0
OI505,,13:43:10.500#,8881.0,8927.0,8805.0,9309.0,8255.0,6648,20518,8888.0,1,8892.0,1,8894.0,1,8895.0,1,8896.0,4,8898.0,25,8902.0,1,8905.0,2,8912.0,9,8916.0,4,8898.0
OI505,,13:43:10.750#,8881.0,8927.0,8805.0,9309.0,8255.0,6648,20518,8888.0,1,8892.0,1,8894.0,1,8895.0,1,8896.0,4,8898.0,18,8902.0,1,8905.0,2,8912.0,9,8916.0,4,8898.0
OI505,,13:43:11.0#,8881.0,8927.0,8805.0,9309.0,8255.0,6648,20518,8888.0,1,8892.0,1,8894.0,1,8895.0,1,8896.0,4,8899.0,45,8902.0,1,8905.0,2,8912.0,9,8916.0,4,8898.0
OI505,,13:43:11.250#,8881.0,8927.0,8805.0,9309.0,8255.0,6648,20518,8888.0,1,8892.0,1,8894.0,1,8895.0,1,8897.0,1,8899.0,45,8902.0,1,8905.0,2,8912.0,9,8916.0,4,8898.0
OI505,,13:43:11.750#,8881.0,8927.0,8805.0,9309.0,8255.0,6648,20518,8888.0,1,8892.0,1,8894.0,1,8895.0,1,8896.0,4,8899.0,45,8902.0,1,8905.0,2,8912.0,9,8916.0,4,8898.0
OI505,,13:43:12.250#,8881.0,8927.0,8805.0,9309.0,8255.0,6648,20518,8888.0,1,8892.0,1,8894.0,1,8895.0,1,8897.0,1,8899.0,45,8902.0,1,8905.0,2,8912.0,9,8916.0,4,8898.0
OI505,,13:43:12.500#,8881.0,8927.0,8805.0,9309.0,8255.0,6648,20518,8888.0,1,8892.0,1,8894.0,1,8895.0,1,8896.0,4,8898.0,19,8902.0,1,8905.0,2,8912.0,9,8916.0,4,8898.0
OI505,,13:43:12.750#,8881.0,8927.0,8805.0,9309.0,8255.0,6648,20518,8888.0,1,8892.0,1,8894.0,1,8895.0,1,8896.0,4,8898.0,32,8902.0,1,8905.0,2,8912.0,9,8916.0,4,8898.0
OI505,,13:43:13.0#,8881.0,8927.0,8805.0,9309.0,8255.0,6648,20518,8888.0,1,8892.0,1,8894.0,1,8895.0,1,8896.0,1,8898.0,32,8902.0,1,8905.0,2,8912.0,9,8916.0,4,8898.0
OI505,,13:43:13.250#,8881.0,8927.0,8805.0,9309.0,8255.0,6648,20518,8888.0,1,8892.0,1,8894.0,1,8895.0,1,8896.0,1,8898.0,28,8902.0,1,8905.0,2,8912.0,9,8916.0,4,8898.0
OI505,,13:43:13.500#,8881.0,8927.0,8805.0,9309.0,8255.0,6648,20518,8888.0,1,8892.0,1,8894.0,1,8895.0,1,8896.0,1,8898.0,21,8902.0,1,8905.0,2,8912.0,9,8916.0,4,8898.0
OI505,,13:43:13.750#,8881.0,8927.0,8805.0,9309.0,8255.0,6648,20518,8888.0,1,8892.0,1,8894.0,1,8895.0,1,8896.0,1,8898.0,19,8902.0,1,8905.0,2,8912.0,9,8916.0,4,8898.0
OI505,,13:43:14.0#,8881.0,8927.0,8805.0,9309.0,8255.0,6648,20518,8888.0,1,8892.0,1,8894.0,1,8895.0,1,8896.0,1,8898.0,4,8902.0,1,8905.0,2,8912.0,9,8916.0,4,8898.0
OI505,,13:43:14.250#,8881.0,8927.0,8805.0,9309.0,8255.0,6648,20518,8888.0,1,8892.0,1,8894.0,1,8895.0,1,8896.0,3,8898.0,4,8902.0,1,8905.0,2,8912.0,9,8916.0,4,8898.0
OI505,,13:43:14.500#,8881.0,8927.0,8805.0,9309.0,8255.0,6648,20518,8888.0,1,8892.0,1,8894.0,1,8895.0,1,8896.0,1,8898.0,4,8902.0,1,8905.0,2,8912.0,9,8916.0,4,8898.0
OI505,,13:43:14.750#,8881.0,8927.0,8805.0,9309.0,8255.0,6648,20518,8888.0,1,8892.0,1,8894.0,1,8895.0,1,8896.0,1,8898.0,20,8902.0,1,8905.0,2,8912.0,9,8916.0,4,8898.0
OI505,,13:43:15.0#,8881.0,8927.0,8805.0,9309.0,8255.0,6648,20518,8888.0,1,8892.0,1,8894.0,1,8895.0,1,8896.0,1,8898.0,28,8902.0,1,8905.0,2,8912.0,9,8916.0,4,8898.0
OI505,,13:43:15.500#,8881.0,8927.0,8805.0,9309.0,8255.0,6648,20518,8888.0,1,8892.0,1,8894.0,1,8895.0,1,8896.0,1,8898.0,32,8902.0,1,8905.0,2,8912.0,9,8916.0,4,8898.0
OI505,,13:43:15.750#,8881.0,8927.0,8805.0,9309.0,8255.0,6648,20518,8888.0,1,8892.0,1,8894.0,1,8895.0,1,8896.0,1,8898.0,32,8902.0,1,8905.0,2,8912.0,9,8916.0,4,8898.0
OI505,,13:43:16.0#,8881.0,8927.0,8805.0,9309.0,8255.0,6648,20518,8888.0,1,8892.0,1,8894.0,1,8895.0,1,8896.0,1,8898.0,9,8902.0,1,8905.0,2,8912.0,9,8916.0,4,8898.0
OI505,,13:43:16.250#,8881.0,8927.0,8805.0,9309.0,8255.0,6648,20518,8888.0,1,8892.0,1,8894.0,1,8895.0,1,8896.0,1,8898.0,6,8902.0,1,8905.0,2,8912.0,9,8916.0,4,8898.0
OI505,,13:43:17.250#,8881.0,8927.0,8805.0,9309.0,8255.0,6648,20518,8888.0,1,8892.0,1,8894.0,1,8895.0,1,8896.0,1,8898.0,5,8902.0,1,8905.0,2,8912.0,9,8916.0,4,8898.0
OI505,,13:43:17.500#,8881.0,8927.0,8805.0,9309.0,8255.0,6648,20518,8888.0,1,8892.0,1,8894.0,1,8895.0,1,8896.0,1,8898.0,4,8902.0,1,8905.0,2,8912.0,9,8916.0,4,8898.0
OI505,,13:43:17.750#,8881.0,8927.0,8805.0,9309.0,8255.0,6648,20518,8888.0,1,8892.0,1,8894.0,1,8895.0,1,8896.0,1,8898.0,2,8902.0,1,8905.0,2,8912.0,9,8916.0,4,8898.0
OI505,,13:43:18.250#,8881.0,8927.0,8805.0,9309.0,8255.0,6648,20518,8888.0,1,8892.0,1,8894.0,1,8895.0,1,8896.0,1,8898.0,3,8902.0,1,8905.0,2,8912.0,9,8916.0,4,8898.0
OI505,,13:43:18.500#,8881.0,8927.0,8805.0,9309.0,8255.0,6648,20518,8888.0,1,8892.0,1,8894.0,1,8895.0,1,8896.0,1,8898.0,7,8902.0,1,8905.0,2,8912.0,9,8916.0,4,8898.0
OI505,,13:43:18.750#,8881.0,8927.0,8805.0,9309.0,8255.0,6648,20518,8888.0,1,8892.0,1,8894.0,1,8895.0,1,8896.0,1,8898.0,16,8902.0,1,8905.0,2,8912.0,9,8916.0,4,8898.0
OI505,,13:43:19.0#,8881.0,8927.0,8805.0,9309.0,8255.0,6648,20518,8888.0,1,8892.0,1,8894.0,1,8895.0,1,8896.0,1,8898.0,27,8902.0,1,8905.0,2,8912.0,9,8916.0,4,8898.0
OI505,,13:43:19.500#,8881.0,8927.0,8805.0,9309.0,8255.0,6652,20520,8885.0,2,8888.0,1,8892.0,1,8894.0,1,8895.0,5,8898.0,31,8902.0,1,8905.0,2,8912.0,9,8916.0,4,8897.0
OI505,,13:43:19.750#,8881.0,8927.0,8805.0,9309.0,8255.0,6652,20520,8885.0,2,8888.0,1,8892.0,1,8894.0,1,8895.0,4,8897.0,37,8902.0,1,8905.0,2,8912.0,9,8916.0,4,8897.0
OI505,,13:43:20.0#,8881.0,8927.0,8805.0,9309.0,8255.0,6652,20520,8885.0,2,8888.0,1,8892.0,1,8894.0,1,8895.0,1,8897.0,9,8902.0,1,8905.0,2,8912.0,9,8916.0,4,8897.0
OI505,,13:43:20.250#,8881.0,8927.0,8805.0,9309.0,8255.0,6652,20520,8880.0,2,8885.0,2,8888.0,1,8892.0,1,8895.0,1,8897.0,14,8902.0,1,8905.0,2,8912.0,9,8916.0,4,8897.0
OI505,,13:43:20.500#,8881.0,8927.0,8805.0,9309.0,8255.0,6652,20520,8885.0,2,8888.0,1,8891.0,1,8892.0,1,8895.0,1,8897.0,15,8902.0,1,8905.0,2,8912.0,9,8916.0,4,8897.0
OI505,,13:43:20.750#,8881.0,8927.0,8805.0,9309.0,8255.0,6652,20520,8885.0,2,8888.0,1,8891.0,1,8892.0,1,8895.0,1,8897.0,16,8902.0,1,8905.0,2,8912.0,9,8916.0,4,8897.0
OI505,,13:43:21.0#,8881.0,8927.0,8805.0,9309.0,8255.0,6652,20520,8885.0,2,8888.0,1,8891.0,1,8892.0,1,8895.0,1,8897.0,15,8902.0,1,8905.0,2,8912.0,9,8916.0,4,8897.0
OI505,,13:43:21.250#,8881.0,8927.0,8805.0,9309.0,8255.0,6652,20520,8885.0,2,8888.0,1,8891.0,1,8892.0,1,8895.0,1,8897.0,14,8902.0,1,8905.0,2,8912.0,9,8916.0,4,8897.0
OI505,,13:43:21.500#,8881.0,8927.0,8805.0,9309.0,8255.0,6652,20520,8885.0,2,8888.0,1,8891.0,1,8892.0,1,8895.0,1,8897.0,15,8902.0,1,8905.0,2,8912.0,9,8916.0,4,8897.0
OI505,,13:43:22.0#,8881.0,8927.0,8805.0,9309.0,8255.0,6652,20520,8885.0,2,8888.0,1,8891.0,1,8892.0,1,8895.0,1,8897.0,16,8902.0,1,8905.0,2,8912.0,9,8916.0,4,8897.0
OI505,,13:43:22.250#,8881.0,8927.0,8805.0,9309.0,8255.0,6652,20520,8885.0,2,8888.0,1,8891.0,1,8892.0,1,8895.0,1,8897.0,17,8902.0,1,8905.0,2,8912.0,9,8916.0,4,8897.0
OI505,,13:43:22.750#,8881.0,8927.0,8805.0,9309.0,8255.0,6652,20520,8885.0,2,8888.0,1,8891.0,1,8892.0,1,8895.0,1,8897.0,18,8902.0,1,8905.0,2,8912.0,9,8916.0,4,8897.0
OI505,,13:43:23.250#,8881.0,8927.0,8805.0,9309.0,8255.0,6652,20520,8885.0,2,8888.0,1,8891.0,1,8892.0,1,8895.0,1,8896.0,3,8902.0,1,8905.0,2,8912.0,9,8916.0,4,8897.0
OI505,,13:43:25.500#,8881.0,8927.0,8805.0,9309.0,8255.0,6652,20520,8885.0,2,8888.0,1,8891.0,1,8892.0,1,8895.0,4,8897.0,3,8902.0,1,8905.0,2,8912.0,9,8916.0,4,8897.0
OI505,,13:43:25.750#,8881.0,8927.0,8805.0,9309.0,8255.0,6652,20520,8885.0,2,8888.0,1,8891.0,1,8892.0,1,8895.0,5,8897.0,3,8902.0,1,8905.0,2,8912.0,9,8916.0,4,8897.0
OI505,,13:43:26.250#,8881.0,8927.0,8805.0,9309.0,8255.0,6652,20520,8888.0,1,8891.0,1,8892.0,1,8895.0,1,8896.0,1,8897.0,3,8902.0,1,8905.0,2,8912.0,9,8916.0,4,8897.0
OI505,,13:43:26.500#,8881.0,8927.0,8805.0,9309.0,8255.0,6652,20520,8885.0,2,8888.0,1,8891.0,1,8892.0,1,8895.0,5,8897.0,3,8902.0,1,8905.0,2,8912.0,9,8916.0,4,8897.0
OI505,,13:43:26.750#,8881.0,8927.0,8805.0,9309.0,8255.0,6652,20520,8888.0,1,8891.0,1,8892.0,1,8895.0,1,8896.0,3,8898.0,3,8902.0,1,8905.0,2,8912.0,9,8916.0,4,8897.0
OI505,,13:43:27.0#,8881.0,8927.0,8805.0,9309.0,8255.0,6652,20520,8888.0,1,8891.0,1,8892.0,1,8895.0,1,8896.0,4,8898.0,3,8902.0,1,8905.0,2,8912.0,9,8916.0,4,8897.0
OI505,,13:43:27.250#,8881.0,8927.0,8805.0,9309.0,8255.0,6652,20520,8888.0,1,8891.0,1,8892.0,1,8895.0,1,8896.0,3,8898.0,3,8902.0,1,8905.0,2,8912.0,9,8916.0,4,8897.0
OI505,,13:43:27.750#,8881.0,8927.0,8805.0,9309.0,8255.0,6652,20520,8888.0,1,8891.0,1,8892.0,1,8895.0,1,8896.0,2,8897.0,3,8902.0,1,8905.0,2,8912.0,9,8916.0,4,8897.0
OI505,,13:43:28.0#,8881.0,8927.0,8805.0,9309.0,8255.0,6652,20520,8888.0,1,8891.0,1,8892.0,1,8895.0,1,8896.0,1,8897.0,3,8902.0,1,8905.0,2,8912.0,9,8916.0,4,8897.0
OI505,,13:43:28.250#,8881.0,8927.0,8805.0,9309.0,8255.0,6652,20520,8885.0,2,8888.0,1,8891.0,1,8892.0,1,8895.0,5,8897.0,3,8902.0,1,8905.0,2,8912.0,9,8916.0,4,8897.0
OI505,,13:43:35.750#,8881.0,8927.0,8805.0,9309.0,8255.0,6652,20520,8885.0,2,8888.0,1,8891.0,1,8892.0,1,8895.0,5,8896.0,1,8902.0,1,8905.0,2,8912.0,9,8916.0,4,8897.0
OI505,,13:43:38.0#,8881.0,8927.0,8805.0,9309.0,8255.0,6653,20521,8885.0,2,8888.0,1,8891.0,1,8892.0,1,8895.0,5,8897.0,3,8902.0,1,8905.0,2,8912.0,9,8916.0,4,8896.0
OI505,,13:43:38.250#,8881.0,8927.0,8805.0,9309.0,8255.0,6653,20521,8888.0,1,8891.0,1,8892.0,1,8895.0,1,8896.0,1,8898.0,3,8902.0,1,8905.0,2,8912.0,9,8916.0,4,8896.0
OI505,,13:43:40.500#,8881.0,8927.0,8805.0,9309.0,8255.0,6653,20521,8888.0,1,8891.0,1,8892.0,1,8895.0,2,8896.0,1,8898.0,3,8902.0,1,8905.0,2,8912.0,9,8916.0,4,8896.0
OI505,,13:43:40.750#,8881.0,8927.0,8805.0,9309.0,8255.0,6653,20521,8888.0,1,8891.0,1,8892.0,1,8895.0,2,8896.0,2,8898.0,3,8902.0,1,8905.0,2,8912.0,9,8916.0,4,8896.0
OI505,,13:43:41.0#,8881.0,8927.0,8805.0,9309.0,8255.0,6653,20521,8888.0,1,8891.0,1,8892.0,1,8895.0,2,8897.0,4,8899.0,3,8902.0,1,8905.0,2,8912.0,9,8916.0,4,8896.0
OI505,,13:43:41.250#,8881.0,8927.0,8805.0,9309.0,8255.0,6653,20521,8885.0,2,8888.0,1,8892.0,1,8895.0,2,8897.0,4,8899.0,1,8902.0,1,8905.0,2,8912.0,9,8916.0,4,8896.0
OI505,,13:43:41.500#,8881.0,8927.0,8805.0,9309.0,8255.0,6653,20521,8888.0,1,8892.0,1,8894.0,1,8895.0,2,8898.0,4,8900.0,3,8902.0,1,8905.0,2,8912.0,9,8916.0,4,8896.0
OI505,,13:43:41.750#,8881.0,8927.0,8805.0,9309.0,8255.0,6653,20521,8888.0,1,8892.0,1,8894.0,1,8895.0,2,8898.0,1,8900.0,3,8905.0,2,8912.0,9,8916.0,4,8917.0,1,8896.0
OI505,,13:43:42.0#,8881.0,8927.0,8805.0,9309.0,8255.0,6653,20521,8888.0,1,8892.0,1,8894.0,1,8895.0,2,8898.0,1,8900.0,3,8905.0,3,8912.0,9,8916.0,4,8917.0,1,8896.0
OI505,,13:43:44.0#,8881.0,8927.0,8805.0,9309.0,8255.0,6653,20521,8888.0,1,8892.0,1,8894.0,1,8895.0,2,8897.0,4,8900.0,3,8905.0,3,8912.0,9,8916.0,4,8917.0,1,8896.0
OI505,,13:43:44.250#,8881.0,8927.0,8805.0,9309.0,8255.0,6653,20521,8888.0,1,8892.0,1,8894.0,1,8895.0,2,8898.0,1,8900.0,3,8905.0,3,8912.0,9,8916.0,4,8917.0,1,8896.0
OI505,,13:43:44.750#,8881.0,8927.0,8805.0,9309.0,8255.0,6653,20521,8888.0,1,8892.0,1,8894.0,1,8895.0,2,8898.0,2,8900.0,3,8905.0,3,8912.0,9,8916.0,4,8917.0,1,8896.0
OI505,,13:43:45.0#,8881.0,8927.0,8805.0,9309.0,8255.0,6653,20521,8888.0,1,8892.0,1,8894.0,1,8895.0,2,8898.0,1,8900.0,3,8905.0,3,8912.0,9,8916.0,4,8917.0,1,8896.0
OI505,,13:43:47.250#,8881.0,8927.0,8805.0,9309.0,8255.0,6653,20521,8888.0,1,8892.0,1,8894.0,1,8895.0,2,8898.0,3,8900.0,3,8905.0,3,8912.0,9,8916.0,4,8917.0,1,8896.0
OI505,,13:43:47.500#,8881.0,8927.0,8805.0,9309.0,8255.0,6653,20521,8888.0,1,8892.0,1,8894.0,1,8895.0,2,8898.0,4,8900.0,3,8905.0,3,8912.0,9,8916.0,4,8917.0,1,8896.0
OI505,,13:43:47.750#,8881.0,8927.0,8805.0,9309.0,8255.0,6653,20521,8888.0,1,8892.0,1,8894.0,1,8895.0,2,8899.0,1,8901.0,3,8905.0,3,8912.0,9,8916.0,4,8917.0,1,8896.0
OI505,,13:43:48.0#,8881.0,8927.0,8805.0,9309.0,8255.0,6653,20521,8888.0,1,8892.0,1,8894.0,1,8895.0,2,8899.0,4,8901.0,3,8905.0,3,8912.0,9,8916.0,4,8917.0,1,8896.0
OI505,,13:43:48.250#,8881.0,8927.0,8805.0,9309.0,8255.0,6653,20521,8888.0,1,8892.0,1,8894.0,1,8895.0,2,8899.0,3,8901.0,3,8905.0,3,8912.0,9,8916.0,4,8917.0,1,8896.0
OI505,,13:43:48.750#,8881.0,8927.0,8805.0,9309.0,8255.0,6653,20521,8888.0,1,8892.0,1,8894.0,1,8895.0,2,8899.0,2,8900.0,3,8905.0,3,8912.0,9,8916.0,4,8917.0,1,8896.0
OI505,,13:43:49.0#,8881.0,8927.0,8805.0,9309.0,8255.0,6653,20521,8888.0,1,8892.0,1,8894.0,1,8895.0,2,8898.0,2,8900.0,3,8905.0,3,8912.0,9,8916.0,4,8917.0,1,8896.0
OI505,,13:43:49.250#,8881.0,8927.0,8805.0,9309.0,8255.0,6653,20521,8890.0,1,8892.0,1,8894.0,1,8895.0,2,8898.0,1,8900.0,3,8905.0,3,8912.0,9,8916.0,4,8917.0,1,8896.0
OI505,,13:43:50.0#,8881.0,8927.0,8805.0,9309.0,8255.0,6653,20521,8890.0,1,8892.0,1,8894.0,1,8895.0,2,8898.0,2,8900.0,3,8905.0,3,8912.0,9,8916.0,4,8917.0,1,8896.0
OI505,,13:43:51.750#,8881.0,8927.0,8805.0,9309.0,8255.0,6653,20521,8890.0,1,8892.0,1,8894.0,1,8895.0,2,8898.0,1,8900.0,3,8905.0,3,8912.0,9,8916.0,4,8917.0,1,8896.0
OI505,,13:43:52.500#,8881.0,8927.0,8805.0,9309.0,8255.0,6653,20521,8890.0,1,8892.0,1,8894.0,1,8895.0,2,8898.0,2,8900.0,3,8905.0,3,8912.0,9,8916.0,4,8917.0,1,8896.0
OI505,,13:43:53.500#,8881.0,8927.0,8805.0,9309.0,8255.0,6653,20521,8890.0,1,8892.0,1,8894.0,1,8895.0,2,8899.0,1,8901.0,3,8905.0,3,8912.0,9,8916.0,4,8917.0,1,8896.0
OI505,,13:43:54.750#,8881.0,8927.0,8805.0,9309.0,8255.0,6653,20521,8890.0,1,8892.0,1,8894.0,1,8895.0,2,8898.0,3,8900.0,3,8905.0,3,8912.0,9,8916.0,4,8917.0,1,8896.0
OI505,,13:43:57.250#,8881.0,8927.0,8805.0,9309.0,8255.0,6653,20521,8890.0,1,8892.0,1,8894.0,1,8895.0,2,8898.0,4,8900.0,3,8905.0,3,8912.0,9,8916.0,4,8917.0,1,8896.0
OI505,,13:43:58.0#,8881.0,8927.0,8805.0,9309.0,8255.0,6653,20521,8890.0,1,8892.0,1,8894.0,1,8895.0,2,8898.0,3,8900.0,3,8905.0,3,8912.0,9,8916.0,4,8917.0,1,8896.0
OI505,,13:43:58.500#,8881.0,8927.0,8805.0,9309.0,8255.0,6653,20521,8890.0,1,8892.0,1,8894.0,1,8895.0,2,8898.0,3,8899.0,1,8905.0,3,8912.0,9,8916.0,4,8917.0,1,8896.0
OI505,,13:43:58.750#,8881.0,8927.0,8805.0,9309.0,8255.0,6653,20521,8890.0,1,8892.0,1,8894.0,1,8895.0,2,8897.0,3,8899.0,1,8905.0,3,8912.0,9,8916.0,4,8917.0,1,8896.0
OI505,,13:43:59.0#,8881.0,8927.0,8805.0,9309.0,8255.0,6653,20521,8890.0,1,8892.0,1,8894.0,1,8895.0,2,8897.0,3,8899.0,3,8905.0,3,8912.0,9,8916.0,4,8917.0,1,8896.0
OI505,,13:43:59.500#,8881.0,8927.0,8805.0,9309.0,8255.0,6653,20521,8890.0,1,8892.0,1,8894.0,1,8895.0,2,8898.0,1,8900.0,3,8905.0,3,8912.0,9,8916.0,4,8917.0,1,8896.0
OI505,,13:43:59.750#,8881.0,8927.0,8805.0,9309.0,8255.0,6653,20521,8890.0,1,8892.0,1,8894.0,1,8895.0,2,8897.0,3,8899.0,3,8905.0,3,8912.0,9,8916.0,4,8917.0,1,8896.0
OI505,,13:44:00.750#,8881.0,8927.0,8805.0,9309.0,8255.0,6653,20521,8890.0,1,8892.0,1,8894.0,1,8895.0,2,8897.0,2,8899.0,3,8905.0,3,8912.0,9,8916.0,4,8917.0,1,8896.0
OI505,,13:44:01.0#,8881.0,8927.0,8805.0,9309.0,8255.0,6653,20521,8890.0,1,8892.0,1,8894.0,1,8895.0,2,8897.0,1,8899.0,3,8905.0,3,8912.0,9,8916.0,4,8917.0,1,8896.0
OI505,,13:44:02.250#,8881.0,8927.0,8805.0,9309.0,8255.0,6654,20521,8890.0,1,8892.0,1,8894.0,1,8895.0,2,8897.0,1,8899.0,2,8905.0,3,8912.0,9,8916.0,4,8917.0,1,8899.0
OI505,,13:44:02.500#,8881.0,8927.0,8805.0,9309.0,8255.0,6654,20521,8890.0,1,8892.0,1,8894.0,1,8895.0,2,8897.0,1,8899.0,2,8905.0,2,8912.0,9,8916.0,4,8917.0,1,8899.0
