InstrumentId,ExchangeId,Datetime,OpenPrice,HighestPrice,LowestPrice,UpperLimitPrice,LowerLimitPrice,Volume,OpenInterest,BidPrice5,BidVolume5,BidPrice4,BidVolume4,BidPrice3,BidVolume3,BidPrice2,BidVolume2,BidPrice1,BidVolume1,AskPrice1,AskVolume1,AskPrice2,AskVolume2,AskPrice3,AskVolume3,AskPrice4,AskVolume4,AskPrice5,AskVolume5,LastPrice
p2409,DCE,13:38:33.660#,7892.0,7956.0,7732.0,8384.0,7288.0,738571,386159.0,7926.0,204,7928.0,344,7930.0,333,7932.0,196,7934.0,61,7936.0,178,7938.0,313,7940.0,426,7942.0,234,7944.0,171,7934.0
p2409,DCE,13:38:33.903#,7892.0,7956.0,7732.0,8384.0,7288.0,738571,386159.0,7926.0,204,7928.0,344,7930.0,332,7932.0,196,7934.0,59,7936.0,194,7938.0,314,7940.0,426,7942.0,234,7944.0,171,7934.0
p2409,DCE,13:38:34.316#,7892.0,7956.0,7732.0,8384.0,7288.0,738572,386160.0,7926.0,204,7928.0,344,7930.0,333,7932.0,196,7934.0,58,7936.0,201,7938.0,315,7940.0,426,7942.0,234,7944.0,171,7934.0
p2409,DCE,13:38:34.491#,7892.0,7956.0,7732.0,8384.0,7288.0,738573,386160.0,7926.0,204,7928.0,344,7930.0,332,7932.0,196,7934.0,58,7936.0,205,7938.0,319,7940.0,426,7942.0,234,7944.0,171,7936.0
p2409,DCE,13:38:34.583#,7892.0,7956.0,7732.0,8384.0,7288.0,738573,386160.0,7926.0,204,7928.0,344,7930.0,333,7932.0,196,7934.0,58,7936.0,205,7938.0,318,7940.0,426,7942.0,234,7944.0,171,7936.0
p2409,DCE,13:38:34.830#,7892.0,7956.0,7732.0,8384.0,7288.0,738573,386160.0,7926.0,204,7928.0,344,7930.0,333,7932.0,196,7934.0,60,7936.0,205,7938.0,318,7940.0,426,7942.0,234,7944.0,171,7936.0
p2409,DCE,13:38:35.307#,7892.0,7956.0,7732.0,8384.0,7288.0,738573,386160.0,7926.0,204,7928.0,344,7930.0,333,7932.0,196,7934.0,63,7936.0,198,7938.0,318,7940.0,426,7942.0,234,7944.0,171,7936.0
p2409,DCE,13:38:35.492#,7892.0,7956.0,7732.0,8384.0,7288.0,738574,386161.0,7926.0,204,7928.0,344,7930.0,333,7932.0,196,7934.0,63,7936.0,182,7938.0,318,7940.0,426,7942.0,234,7944.0,171,7936.0
p2409,DCE,13:38:35.786#,7892.0,7956.0,7732.0,8384.0,7288.0,738574,386161.0,7926.0,204,7928.0,344,7930.0,333,7932.0,196,7934.0,64,7936.0,179,7938.0,318,7940.0,426,7942.0,234,7944.0,171,7936.0
p2409,DCE,13:38:36.6#,7892.0,7956.0,7732.0,8384.0,7288.0,738574,386161.0,7926.0,204,7928.0,344,7930.0,333,7932.0,196,7934.0,64,7936.0,180,7938.0,318,7940.0,426,7942.0,235,7944.0,171,7936.0
p2409,DCE,13:38:36.282#,7892.0,7956.0,7732.0,8384.0,7288.0,738578,386164.0,7926.0,204,7928.0,344,7930.0,333,7932.0,196,7934.0,61,7936.0,180,7938.0,318,7940.0,426,7942.0,235,7944.0,173,7934.0
p2409,DCE,13:38:36.512#,7892.0,7956.0,7732.0,8384.0,7288.0,738579,386165.0,7926.0,204,7928.0,344,7930.0,332,7932.0,196,7934.0,61,7936.0,185,7938.0,319,7940.0,426,7942.0,235,7944.0,173,7936.0
p2409,DCE,13:38:36.579#,7892.0,7956.0,7732.0,8384.0,7288.0,738579,386165.0,7926.0,204,7928.0,344,7930.0,333,7932.0,196,7934.0,61,7936.0,204,7938.0,318,7940.0,426,7942.0,235,7944.0,173,7936.0
p2409,DCE,13:38:36.927#,7892.0,7956.0,7732.0,8384.0,7288.0,738581,386166.0,7926.0,204,7928.0,344,7930.0,333,7932.0,196,7934.0,57,7936.0,204,7938.0,318,7940.0,426,7942.0,235,7944.0,173,7934.0
p2409,DCE,13:38:37.197#,7892.0,7956.0,7732.0,8384.0,7288.0,738581,386166.0,7926.0,204,7928.0,344,7930.0,332,7932.0,196,7934.0,57,7936.0,209,7938.0,319,7940.0,426,7942.0,235,7944.0,173,7934.0
p2409,DCE,13:38:37.492#,7892.0,7956.0,7732.0,8384.0,7288.0,738581,386166.0,7926.0,204,7928.0,344,7930.0,333,7932.0,196,7934.0,57,7936.0,205,7938.0,318,7940.0,426,7942.0,235,7944.0,173,7934.0
p2409,DCE,13:38:37.816#,7892.0,7956.0,7732.0,8384.0,7288.0,738581,386166.0,7926.0,204,7928.0,344,7930.0,333,7932.0,196,7934.0,59,7936.0,226,7938.0,318,7940.0,426,7942.0,235,7944.0,173,7934.0
p2409,DCE,13:38:37.906#,7892.0,7956.0,7732.0,8384.0,7288.0,738587,386172.0,7926.0,204,7928.0,344,7930.0,333,7932.0,196,7934.0,56,7936.0,221,7938.0,319,7940.0,426,7942.0,235,7944.0,173,7936.0
p2409,DCE,13:38:38.314#,7892.0,7956.0,7732.0,8384.0,7288.0,738589,386173.0,7926.0,204,7928.0,344,7930.0,333,7932.0,196,7934.0,57,7936.0,217,7938.0,319,7940.0,427,7942.0,235,7944.0,173,7934.0
p2409,DCE,13:38:38.537#,7892.0,7956.0,7732.0,8384.0,7288.0,738589,386173.0,7926.0,204,7928.0,344,7930.0,334,7932.0,196,7934.0,63,7936.0,218,7938.0,320,7940.0,427,7942.0,235,7944.0,173,7934.0
p2409,DCE,13:38:38.679#,7892.0,7956.0,7732.0,8384.0,7288.0,738589,386173.0,7926.0,204,7928.0,344,7930.0,334,7932.0,196,7934.0,63,7936.0,219,7938.0,320,7940.0,427,7942.0,235,7944.0,173,7934.0
p2409,DCE,13:38:38.891#,7892.0,7956.0,7732.0,8384.0,7288.0,738590,386173.0,7926.0,204,7928.0,344,7930.0,334,7932.0,196,7934.0,62,7936.0,223,7938.0,320,7940.0,427,7942.0,235,7944.0,173,7934.0
p2409,DCE,13:38:39.284#,7892.0,7956.0,7732.0,8384.0,7288.0,738590,386173.0,7926.0,204,7928.0,344,7930.0,333,7932.0,196,7934.0,63,7936.0,226,7938.0,321,7940.0,427,7942.0,235,7944.0,173,7934.0
p2409,DCE,13:38:39.535#,7892.0,7956.0,7732.0,8384.0,7288.0,738591,386173.0,7926.0,204,7928.0,344,7930.0,334,7932.0,196,7934.0,65,7936.0,226,7938.0,320,7940.0,427,7942.0,235,7944.0,173,7934.0
p2409,DCE,13:38:39.776#,7892.0,7956.0,7732.0,8384.0,7288.0,738591,386173.0,7926.0,204,7928.0,344,7930.0,334,7932.0,196,7934.0,68,7936.0,225,7938.0,320,7940.0,427,7942.0,235,7944.0,173,7934.0
p2409,DCE,13:38:39.974#,7892.0,7956.0,7732.0,8384.0,7288.0,738591,386173.0,7926.0,204,7928.0,344,7930.0,334,7932.0,196,7934.0,76,7936.0,226,7938.0,320,7940.0,427,7942.0,235,7944.0,173,7934.0
p2409,DCE,13:38:40.271#,7892.0,7956.0,7732.0,8384.0,7288.0,738591,386173.0,7926.0,204,7928.0,342,7930.0,334,7932.0,196,7934.0,77,7936.0,226,7938.0,320,7940.0,427,7942.0,235,7944.0,173,7934.0
p2409,DCE,13:38:40.492#,7892.0,7956.0,7732.0,8384.0,7288.0,738591,386173.0,7926.0,204,7928.0,342,7930.0,334,7932.0,196,7934.0,79,7936.0,225,7938.0,320,7940.0,427,7942.0,235,7944.0,173,7934.0
p2409,DCE,13:38:40.605#,7892.0,7956.0,7732.0,8384.0,7288.0,738592,386174.0,7926.0,204,7928.0,342,7930.0,334,7932.0,196,7934.0,79,7936.0,215,7938.0,320,7940.0,427,7942.0,235,7944.0,173,7936.0
p2409,DCE,13:38:40.992#,7892.0,7956.0,7732.0,8384.0,7288.0,738671,386232.0,7924.0,214,7926.0,204,7928.0,342,7930.0,334,7932.0,195,7934.0,60,7936.0,210,7938.0,320,7940.0,426,7942.0,235,7934.0
p2409,DCE,13:38:41.297#,7892.0,7956.0,7732.0,8384.0,7288.0,738673,386234.0,7924.0,214,7926.0,204,7928.0,343,7930.0,330,7932.0,127,7934.0,81,7936.0,296,7938.0,325,7940.0,426,7942.0,237,7934.0
p2409,DCE,13:38:41.526#,7892.0,7956.0,7732.0,8384.0,7288.0,738673,386234.0,7924.0,214,7926.0,205,7928.0,343,7930.0,331,7932.0,124,7934.0,137,7936.0,304,7938.0,328,7940.0,426,7942.0,237,7934.0
p2409,DCE,13:38:41.711#,7892.0,7956.0,7732.0,8384.0,7288.0,738673,386234.0,7924.0,214,7926.0,205,7928.0,343,7930.0,331,7932.0,97,7934.0,137,7936.0,305,7938.0,328,7940.0,426,7942.0,236,7934.0
p2409,DCE,13:38:41.839#,7892.0,7956.0,7732.0,8384.0,7288.0,738673,386234.0,7924.0,214,7926.0,205,7928.0,343,7930.0,331,7932.0,96,7934.0,140,7936.0,251,7938.0,328,7940.0,426,7942.0,236,7934.0
p2409,DCE,13:38:42.122#,7892.0,7956.0,7732.0,8384.0,7288.0,738673,386234.0,7924.0,214,7926.0,205,7928.0,343,7930.0,331,7932.0,96,7934.0,148,7936.0,251,7938.0,328,7940.0,425,7942.0,236,7934.0
p2409,DCE,13:38:42.491#,7892.0,7956.0,7732.0,8384.0,7288.0,738673,386234.0,7924.0,214,7926.0,205,7928.0,343,7930.0,331,7932.0,96,7934.0,148,7936.0,250,7938.0,328,7940.0,425,7942.0,236,7934.0
p2409,DCE,13:38:42.776#,7892.0,7956.0,7732.0,8384.0,7288.0,738673,386234.0,7924.0,214,7926.0,205,7928.0,343,7930.0,331,7932.0,97,7934.0,149,7936.0,250,7938.0,326,7940.0,425,7942.0,236,7934.0
p2409,DCE,13:38:43.74#,7892.0,7956.0,7732.0,8384.0,7288.0,738673,386234.0,7924.0,214,7926.0,205,7928.0,343,7930.0,331,7932.0,97,7934.0,149,7936.0,250,7938.0,325,7940.0,425,7942.0,236,7934.0
p2409,DCE,13:38:43.524#,7892.0,7956.0,7732.0,8384.0,7288.0,738770,386285.0,7922.0,200,7924.0,214,7926.0,205,7928.0,343,7930.0,331,7932.0,42,7934.0,150,7936.0,250,7938.0,327,7940.0,425,7932.0
p2409,DCE,13:38:43.784#,7892.0,7956.0,7732.0,8384.0,7288.0,738771,386286.0,7922.0,200,7924.0,215,7926.0,205,7928.0,352,7930.0,319,7932.0,58,7934.0,161,7936.0,253,7938.0,326,7940.0,424,7932.0
p2409,DCE,13:38:44.23#,7892.0,7956.0,7732.0,8384.0,7288.0,738772,386287.0,7922.0,200,7924.0,215,7926.0,205,7928.0,345,7930.0,320,7932.0,57,7934.0,161,7936.0,261,7938.0,326,7940.0,424,7932.0
p2409,DCE,13:38:44.322#,7892.0,7956.0,7732.0,8384.0,7288.0,738784,386287.0,7922.0,200,7924.0,215,7926.0,205,7928.0,345,7930.0,322,7932.0,39,7934.0,156,7936.0,263,7938.0,326,7940.0,424,7932.0
p2409,DCE,13:38:44.571#,7892.0,7956.0,7732.0,8384.0,7288.0,738787,386289.0,7922.0,200,7924.0,215,7926.0,205,7928.0,345,7930.0,322,7932.0,25,7934.0,157,7936.0,263,7938.0,326,7940.0,424,7932.0
p2409,DCE,13:38:44.744#,7892.0,7956.0,7732.0,8384.0,7288.0,738813,386289.0,7922.0,200,7924.0,215,7926.0,205,7928.0,345,7930.0,321,7934.0,157,7936.0,263,7938.0,326,7940.0,424,7942.0,236,7932.0
p2409,DCE,13:38:44.971#,7892.0,7956.0,7732.0,8384.0,7288.0,738818,386290.0,7924.0,215,7926.0,205,7928.0,345,7930.0,316,7932.0,9,7934.0,144,7936.0,264,7938.0,383,7940.0,424,7942.0,236,7932.0
p2409,DCE,13:38:45.234#,7892.0,7956.0,7732.0,8384.0,7288.0,738818,386290.0,7924.0,215,7926.0,205,7928.0,345,7930.0,322,7932.0,131,7934.0,132,7936.0,205,7938.0,382,7940.0,424,7942.0,236,7932.0
p2409,DCE,13:38:45.492#,7892.0,7956.0,7732.0,8384.0,7288.0,738818,386290.0,7924.0,215,7926.0,205,7928.0,350,7930.0,320,7932.0,135,7934.0,76,7936.0,232,7938.0,380,7940.0,424,7942.0,237,7932.0
p2409,DCE,13:38:45.658#,7892.0,7956.0,7732.0,8384.0,7288.0,738820,386292.0,7924.0,215,7926.0,205,7928.0,352,7930.0,320,7932.0,147,7934.0,75,7936.0,221,7938.0,380,7940.0,424,7942.0,237,7932.0
p2409,DCE,13:38:45.940#,7892.0,7956.0,7732.0,8384.0,7288.0,738821,386293.0,7924.0,215,7926.0,206,7928.0,352,7930.0,320,7932.0,148,7934.0,74,7936.0,213,7938.0,379,7940.0,424,7942.0,237,7934.0
p2409,DCE,13:38:46.292#,7892.0,7956.0,7732.0,8384.0,7288.0,738821,386293.0,7924.0,215,7926.0,206,7928.0,352,7930.0,320,7932.0,149,7934.0,75,7936.0,212,7938.0,379,7940.0,492,7942.0,237,7934.0
p2409,DCE,13:38:46.701#,7892.0,7956.0,7732.0,8384.0,7288.0,738821,386293.0,7924.0,215,7926.0,206,7928.0,352,7930.0,320,7932.0,149,7934.0,76,7936.0,212,7938.0,379,7940.0,492,7942.0,237,7934.0
p2409,DCE,13:38:47.38#,7892.0,7956.0,7732.0,8384.0,7288.0,738921,386342.0,7924.0,215,7926.0,206,7928.0,354,7930.0,320,7932.0,50,7934.0,113,7936.0,212,7938.0,379,7940.0,492,7942.0,237,7932.0
p2409,DCE,13:38:47.284#,7892.0,7956.0,7732.0,8384.0,7288.0,738964,386357.0,7922.0,200,7924.0,215,7926.0,206,7928.0,351,7930.0,318,7934.0,130,7936.0,253,7938.0,379,7940.0,492,7942.0,237,7932.0
p2409,DCE,13:38:47.513#,7892.0,7956.0,7732.0,8384.0,7288.0,738970,386357.0,7922.0,200,7924.0,215,7926.0,206,7928.0,347,7930.0,330,7934.0,163,7936.0,256,7938.0,380,7940.0,492,7942.0,237,7932.0
p2409,DCE,13:38:47.778#,7892.0,7956.0,7732.0,8384.0,7288.0,738987,386365.0,7924.0,215,7926.0,206,7928.0,346,7930.0,329,7932.0,1,7934.0,159,7936.0,210,7938.0,383,7940.0,492,7942.0,237,7934.0
p2409,DCE,13:38:48.8#,7892.0,7956.0,7732.0,8384.0,7288.0,738989,386365.0,7924.0,215,7926.0,206,7928.0,346,7930.0,329,7932.0,1,7934.0,127,7936.0,211,7938.0,383,7940.0,492,7942.0,237,7932.0
p2409,DCE,13:38:48.295#,7892.0,7956.0,7732.0,8384.0,7288.0,738989,386365.0,7924.0,215,7926.0,206,7928.0,346,7930.0,329,7932.0,26,7934.0,127,7936.0,260,7938.0,382,7940.0,492,7942.0,237,7932.0
p2409,DCE,13:38:48.491#,7892.0,7956.0,7732.0,8384.0,7288.0,738989,386365.0,7924.0,215,7926.0,206,7928.0,348,7930.0,329,7932.0,72,7934.0,125,7936.0,256,7938.0,382,7940.0,492,7942.0,237,7932.0
p2409,DCE,13:38:48.791#,7892.0,7956.0,7732.0,8384.0,7288.0,738989,386365.0,7924.0,215,7926.0,206,7928.0,350,7930.0,328,7932.0,87,7934.0,120,7936.0,253,7938.0,382,7940.0,492,7942.0,237,7932.0
p2409,DCE,13:38:49.53#,7892.0,7956.0,7732.0,8384.0,7288.0,738990,386366.0,7924.0,215,7926.0,206,7928.0,352,7930.0,328,7932.0,111,7934.0,119,7936.0,259,7938.0,383,7940.0,491,7942.0,237,7934.0
p2409,DCE,13:38:49.289#,7892.0,7956.0,7732.0,8384.0,7288.0,738990,386366.0,7924.0,215,7926.0,206,7928.0,353,7930.0,328,7932.0,112,7934.0,119,7936.0,252,7938.0,383,7940.0,491,7942.0,237,7934.0
p2409,DCE,13:38:49.558#,7892.0,7956.0,7732.0,8384.0,7288.0,738990,386366.0,7924.0,215,7926.0,206,7928.0,353,7930.0,327,7932.0,112,7934.0,119,7936.0,252,7938.0,383,7940.0,501,7942.0,237,7934.0
p2409,DCE,13:38:49.773#,7892.0,7956.0,7732.0,8384.0,7288.0,738990,386366.0,7924.0,215,7926.0,206,7928.0,353,7930.0,327,7932.0,113,7934.0,120,7936.0,252,7938.0,383,7940.0,500,7942.0,236,7934.0
p2409,DCE,13:38:50.52#,7892.0,7956.0,7732.0,8384.0,7288.0,738991,386366.0,7924.0,215,7926.0,206,7928.0,353,7930.0,327,7932.0,113,7934.0,131,7936.0,251,7938.0,383,7940.0,500,7942.0,236,7932.0
p2409,DCE,13:38:50.316#,7892.0,7956.0,7732.0,8384.0,7288.0,738995,386370.0,7924.0,215,7926.0,206,7928.0,353,7930.0,328,7932.0,113,7934.0,131,7936.0,251,7938.0,356,7940.0,500,7942.0,236,7932.0
p2409,DCE,13:38:50.515#,7892.0,7956.0,7732.0,8384.0,7288.0,738996,386371.0,7924.0,215,7926.0,206,7928.0,353,7930.0,328,7932.0,112,7934.0,131,7936.0,251,7938.0,357,7940.0,500,7942.0,236,7932.0
p2409,DCE,13:38:50.705#,7892.0,7956.0,7732.0,8384.0,7288.0,738996,386371.0,7924.0,215,7926.0,206,7928.0,352,7930.0,326,7932.0,112,7934.0,131,7936.0,252,7938.0,356,7940.0,500,7942.0,236,7932.0
p2409,DCE,13:38:50.981#,7892.0,7956.0,7732.0,8384.0,7288.0,738996,386371.0,7924.0,215,7926.0,206,7928.0,353,7930.0,327,7932.0,112,7934.0,132,7936.0,251,7938.0,356,7940.0,500,7942.0,236,7932.0
p2409,DCE,13:38:51.792#,7892.0,7956.0,7732.0,8384.0,7288.0,738996,386371.0,7924.0,215,7926.0,206,7928.0,353,7930.0,327,7932.0,116,7934.0,133,7936.0,251,7938.0,356,7940.0,500,7942.0,236,7932.0
p2409,DCE,13:38:52.59#,7892.0,7956.0,7732.0,8384.0,7288.0,739096,386440.0,7924.0,215,7926.0,206,7928.0,353,7930.0,328,7932.0,16,7934.0,133,7936.0,251,7938.0,356,7940.0,500,7942.0,236,7932.0
p2409,DCE,13:38:52.289#,7892.0,7956.0,7732.0,8384.0,7288.0,739114,386450.0,7922.0,200,7924.0,215,7926.0,206,7928.0,351,7930.0,329,7932.0,8,7934.0,138,7936.0,263,7938.0,356,7940.0,500,7932.0
p2409,DCE,13:38:52.538#,7892.0,7956.0,7732.0,8384.0,7288.0,739126,386456.0,7924.0,215,7926.0,206,7928.0,375,7930.0,293,7932.0,2,7934.0,134,7936.0,274,7938.0,356,7940.0,500,7942.0,236,7934.0
p2409,DCE,13:38:52.679#,7892.0,7956.0,7732.0,8384.0,7288.0,739127,386457.0,7924.0,215,7926.0,206,7928.0,377,7930.0,327,7932.0,7,7934.0,143,7936.0,220,7938.0,356,7940.0,500,7942.0,236,7934.0
p2409,DCE,13:38:53.24#,7892.0,7956.0,7732.0,8384.0,7288.0,739130,386460.0,7924.0,215,7926.0,206,7928.0,376,7930.0,328,7932.0,4,7934.0,143,7936.0,221,7938.0,356,7940.0,500,7942.0,236,7932.0
p2409,DCE,13:38:53.284#,7892.0,7956.0,7732.0,8384.0,7288.0,739136,386464.0,7922.0,200,7924.0,215,7926.0,205,7928.0,375,7930.0,328,7932.0,14,7934.0,142,7936.0,221,7938.0,356,7940.0,500,7932.0
p2409,DCE,13:38:53.557#,7892.0,7956.0,7732.0,8384.0,7288.0,739136,386464.0,7922.0,200,7924.0,215,7926.0,205,7928.0,371,7930.0,291,7932.0,72,7934.0,135,7936.0,222,7938.0,356,7940.0,500,7932.0
p2409,DCE,13:38:53.590#,7892.0,7956.0,7732.0,8384.0,7288.0,739137,386464.0,7922.0,200,7924.0,215,7926.0,205,7928.0,371,7930.0,291,7932.0,71,7934.0,138,7936.0,223,7938.0,356,7940.0,500,7932.0
p2409,DCE,13:38:53.987#,7892.0,7956.0,7732.0,8384.0,7288.0,739137,386464.0,7922.0,200,7924.0,215,7926.0,206,7928.0,372,7930.0,291,7932.0,72,7934.0,138,7936.0,222,7938.0,357,7940.0,499,7932.0
p2409,DCE,13:38:54.288#,7892.0,7956.0,7732.0,8384.0,7288.0,739138,386464.0,7922.0,200,7924.0,215,7926.0,206,7928.0,371,7930.0,293,7932.0,71,7934.0,138,7936.0,223,7938.0,358,7940.0,499,7932.0
p2409,DCE,13:38:54.556#,7892.0,7956.0,7732.0,8384.0,7288.0,739138,386464.0,7922.0,200,7924.0,215,7926.0,206,7928.0,372,7930.0,293,7932.0,73,7934.0,138,7936.0,222,7938.0,359,7940.0,499,7932.0
p2409,DCE,13:38:54.721#,7892.0,7956.0,7732.0,8384.0,7288.0,739138,386464.0,7922.0,200,7924.0,215,7926.0,206,7928.0,371,7930.0,293,7932.0,73,7934.0,138,7936.0,225,7938.0,358,7940.0,499,7932.0
p2409,DCE,13:38:55.51#,7892.0,7956.0,7732.0,8384.0,7288.0,739138,386464.0,7922.0,200,7924.0,215,7926.0,206,7928.0,371,7930.0,293,7932.0,73,7934.0,138,7936.0,226,7938.0,358,7940.0,500,7932.0
p2409,DCE,13:38:55.291#,7892.0,7956.0,7732.0,8384.0,7288.0,739138,386464.0,7922.0,200,7924.0,215,7926.0,206,7928.0,371,7930.0,293,7932.0,73,7934.0,131,7936.0,241,7938.0,358,7940.0,501,7932.0
p2409,DCE,13:38:55.543#,7892.0,7956.0,7732.0,8384.0,7288.0,739139,386465.0,7922.0,200,7924.0,215,7926.0,206,7928.0,346,7930.0,298,7932.0,73,7934.0,131,7936.0,241,7938.0,358,7940.0,501,7930.0
p2409,DCE,13:38:55.727#,7892.0,7956.0,7732.0,8384.0,7288.0,739139,386465.0,7922.0,200,7924.0,215,7926.0,206,7928.0,346,7930.0,297,7932.0,67,7934.0,131,7936.0,252,7938.0,358,7940.0,501,7930.0
p2409,DCE,13:38:56.34#,7892.0,7956.0,7732.0,8384.0,7288.0,739139,386465.0,7922.0,200,7924.0,215,7926.0,206,7928.0,346,7930.0,300,7932.0,67,7934.0,131,7936.0,252,7938.0,358,7940.0,501,7930.0
p2409,DCE,13:38:56.314#,7892.0,7956.0,7732.0,8384.0,7288.0,739140,386466.0,7922.0,200,7924.0,214,7926.0,206,7928.0,346,7930.0,300,7932.0,76,7934.0,131,7936.0,252,7938.0,359,7940.0,501,7932.0
p2409,DCE,13:38:56.571#,7892.0,7956.0,7732.0,8384.0,7288.0,739141,386467.0,7922.0,201,7924.0,214,7926.0,206,7928.0,346,7930.0,298,7932.0,76,7934.0,144,7936.0,241,7938.0,359,7940.0,502,7930.0
p2409,DCE,13:38:56.729#,7892.0,7956.0,7732.0,8384.0,7288.0,739141,386467.0,7922.0,201,7924.0,214,7926.0,206,7928.0,345,7930.0,323,7932.0,76,7934.0,144,7936.0,242,7938.0,360,7940.0,502,7930.0
p2409,DCE,13:38:56.947#,7892.0,7956.0,7732.0,8384.0,7288.0,739143,386469.0,7922.0,201,7924.0,214,7926.0,206,7928.0,345,7930.0,322,7932.0,76,7934.0,144,7936.0,243,7938.0,360,7940.0,502,7930.0
p2409,DCE,13:38:57.242#,7892.0,7956.0,7732.0,8384.0,7288.0,739143,386469.0,7922.0,201,7924.0,214,7926.0,206,7928.0,345,7930.0,324,7932.0,76,7934.0,144,7936.0,244,7938.0,360,7940.0,497,7930.0
p2409,DCE,13:38:57.492#,7892.0,7956.0,7732.0,8384.0,7288.0,739145,386471.0,7922.0,201,7924.0,214,7926.0,206,7928.0,345,7930.0,322,7932.0,76,7934.0,144,7936.0,244,7938.0,360,7940.0,497,7930.0
p2409,DCE,13:38:58.34#,7892.0,7956.0,7732.0,8384.0,7288.0,739146,386472.0,7922.0,201,7924.0,214,7926.0,206,7928.0,345,7930.0,322,7932.0,76,7934.0,136,7936.0,244,7938.0,360,7940.0,497,7930.0
p2409,DCE,13:38:58.263#,7892.0,7956.0,7732.0,8384.0,7288.0,739157,386475.0,7922.0,201,7924.0,214,7926.0,206,7928.0,345,7930.0,323,7932.0,65,7934.0,136,7936.0,244,7938.0,360,7940.0,497,7932.0
p2409,DCE,13:38:58.530#,7892.0,7956.0,7732.0,8384.0,7288.0,739160,386478.0,7922.0,200,7924.0,214,7926.0,206,7928.0,346,7930.0,321,7932.0,63,7934.0,136,7936.0,243,7938.0,360,7940.0,496,7930.0
p2409,DCE,13:38:58.780#,7892.0,7956.0,7732.0,8384.0,7288.0,739163,386478.0,7922.0,200,7924.0,214,7926.0,206,7928.0,345,7930.0,319,7932.0,63,7934.0,136,7936.0,252,7938.0,360,7940.0,428,7930.0
p2409,DCE,13:38:59.55#,7892.0,7956.0,7732.0,8384.0,7288.0,739167,386482.0,7922.0,200,7924.0,214,7926.0,226,7928.0,345,7930.0,323,7932.0,59,7934.0,136,7936.0,252,7938.0,360,7940.0,428,7932.0
p2409,DCE,13:38:59.249#,7892.0,7956.0,7732.0,8384.0,7288.0,739195,386484.0,7922.0,200,7924.0,214,7926.0,226,7928.0,346,7930.0,319,7932.0,31,7934.0,136,7936.0,251,7938.0,360,7940.0,428,7932.0
p2409,DCE,13:38:59.531#,7892.0,7956.0,7732.0,8384.0,7288.0,739224,386510.0,7924.0,214,7926.0,226,7928.0,346,7930.0,317,7932.0,38,7934.0,136,7936.0,251,7938.0,360,7940.0,428,7942.0,237,7932.0
p2409,DCE,13:38:59.733#,7892.0,7956.0,7732.0,8384.0,7288.0,739224,386510.0,7924.0,214,7926.0,226,7928.0,348,7930.0,352,7932.0,58,7934.0,136,7936.0,242,7938.0,360,7940.0,428,7942.0,236,7932.0
p2409,DCE,13:39:00.32#,7892.0,7956.0,7732.0,8384.0,7288.0,739224,386510.0,7924.0,214,7926.0,226,7928.0,350,7930.0,351,7932.0,56,7934.0,137,7936.0,241,7938.0,360,7940.0,428,7942.0,236,7932.0
p2409,DCE,13:39:00.318#,7892.0,7956.0,7732.0,8384.0,7288.0,739253,386528.0,7924.0,214,7926.0,227,7928.0,350,7930.0,349,7932.0,20,7934.0,138,7936.0,240,7938.0,361,7940.0,428,7942.0,236,7932.0
p2409,DCE,13:39:00.531#,7892.0,7956.0,7732.0,8384.0,7288.0,739268,386521.0,7924.0,214,7926.0,227,7928.0,349,7930.0,350,7932.0,7,7934.0,138,7936.0,243,7938.0,361,7940.0,428,7942.0,236,7932.0
p2409,DCE,13:39:00.812#,7892.0,7956.0,7732.0,8384.0,7288.0,739278,386521.0,7924.0,214,7926.0,227,7928.0,346,7930.0,348,7932.0,39,7934.0,139,7936.0,245,7938.0,361,7940.0,428,7942.0,236,7930.0
p2409,DCE,13:39:00.888#,7892.0,7956.0,7732.0,8384.0,7288.0,739278,386521.0,7924.0,214,7926.0,227,7928.0,347,7930.0,347,7932.0,44,7934.0,140,7936.0,243,7938.0,361,7940.0,427,7942.0,236,7930.0
p2409,DCE,13:39:01.242#,7892.0,7956.0,7732.0,8384.0,7288.0,739278,386521.0,7924.0,214,7926.0,227,7928.0,346,7930.0,346,7932.0,56,7934.0,133,7936.0,242,7938.0,361,7940.0,427,7942.0,236,7930.0
p2409,DCE,13:39:01.560#,7892.0,7956.0,7732.0,8384.0,7288.0,739278,386521.0,7924.0,214,7926.0,227,7928.0,349,7930.0,346,7932.0,71,7934.0,133,7936.0,241,7938.0,399,7940.0,427,7942.0,236,7930.0
p2409,DCE,13:39:01.749#,7892.0,7956.0,7732.0,8384.0,7288.0,739279,386520.0,7924.0,214,7926.0,227,7928.0,350,7930.0,349,7932.0,70,7934.0,134,7936.0,240,7938.0,399,7940.0,427,7942.0,236,7932.0
p2409,DCE,13:39:02.40#,7892.0,7956.0,7732.0,8384.0,7288.0,739281,386520.0,7924.0,214,7926.0,227,7928.0,348,7930.0,349,7932.0,69,7934.0,144,7936.0,242,7938.0,402,7940.0,427,7942.0,236,7932.0
p2409,DCE,13:39:02.231#,7892.0,7956.0,7732.0,8384.0,7288.0,739282,386520.0,7924.0,214,7926.0,227,7928.0,349,7930.0,349,7932.0,65,7934.0,144,7936.0,241,7938.0,402,7940.0,426,7942.0,236,7932.0
p2409,DCE,13:39:02.539#,7892.0,7956.0,7732.0,8384.0,7288.0,739282,386520.0,7924.0,214,7926.0,227,7928.0,348,7930.0,350,7932.0,78,7934.0,144,7936.0,258,7938.0,402,7940.0,426,7942.0,236,7932.0
p2409,DCE,13:39:02.580#,7892.0,7956.0,7732.0,8384.0,7288.0,739282,386520.0,7924.0,214,7926.0,227,7928.0,349,7930.0,350,7932.0,80,7934.0,144,7936.0,257,7938.0,402,7940.0,426,7942.0,236,7932.0
p2409,DCE,13:39:03.69#,7892.0,7956.0,7732.0,8384.0,7288.0,739282,386520.0,7924.0,214,7926.0,227,7928.0,349,7930.0,350,7932.0,77,7934.0,145,7936.0,257,7938.0,402,7940.0,426,7942.0,236,7932.0
p2409,DCE,13:39:03.306#,7892.0,7956.0,7732.0,8384.0,7288.0,739284,386520.0,7924.0,213,7926.0,227,7928.0,349,7930.0,351,7932.0,78,7934.0,145,7936.0,257,7938.0,402,7940.0,426,7942.0,236,7932.0
p2409,DCE,13:39:03.559#,7892.0,7956.0,7732.0,8384.0,7288.0,739284,386520.0,7924.0,213,7926.0,227,7928.0,349,7930.0,353,7932.0,80,7934.0,145,7936.0,257,7938.0,402,7940.0,426,7942.0,236,7932.0
p2409,DCE,13:39:03.814#,7892.0,7956.0,7732.0,8384.0,7288.0,739291,386527.0,7924.0,213,7926.0,227,7928.0,359,7930.0,343,7932.0,80,7934.0,139,7936.0,317,7938.0,342,7940.0,426,7942.0,236,7934.0
p2409,DCE,13:39:03.882#,7892.0,7956.0,7732.0,8384.0,7288.0,739291,386527.0,7924.0,213,7926.0,227,7928.0,360,7930.0,343,7932.0,82,7934.0,122,7936.0,317,7938.0,342,7940.0,426,7942.0,236,7934.0
p2409,DCE,13:39:04.290#,7892.0,7956.0,7732.0,8384.0,7288.0,739291,386527.0,7924.0,213,7926.0,227,7928.0,361,7930.0,343,7932.0,84,7934.0,127,7936.0,316,7938.0,342,7940.0,426,7942.0,236,7934.0
p2409,DCE,13:39:04.527#,7892.0,7956.0,7732.0,8384.0,7288.0,739299,386527.0,7924.0,213,7926.0,227,7928.0,360,7930.0,343,7932.0,75,7934.0,129,7936.0,317,7938.0,342,7940.0,426,7942.0,236,7932.0
p2409,DCE,13:39:04.795#,7892.0,7956.0,7732.0,8384.0,7288.0,739300,386526.0,7924.0,213,7926.0,227,7928.0,359,7930.0,343,7932.0,74,7934.0,129,7936.0,318,7938.0,342,7940.0,426,7942.0,236,7934.0
p2409,DCE,13:39:04.893#,7892.0,7956.0,7732.0,8384.0,7288.0,739306,386521.0,7924.0,213,7926.0,227,7928.0,358,7930.0,343,7932.0,68,7934.0,129,7936.0,319,7938.0,342,7940.0,426,7942.0,236,7932.0
p2409,DCE,13:39:05.315#,7892.0,7956.0,7732.0,8384.0,7288.0,739316,386512.0,7924.0,213,7926.0,227,7928.0,358,7930.0,350,7932.0,56,7934.0,162,7936.0,319,7938.0,342,7940.0,426,7942.0,236,7932.0
p2409,DCE,13:39:05.492#,7892.0,7956.0,7732.0,8384.0,7288.0,739370,386520.0,7922.0,200,7924.0,213,7926.0,227,7928.0,358,7930.0,354,7932.0,85,7934.0,170,7936.0,321,7938.0,342,7940.0,426,7932.0
p2409,DCE,13:39:05.740#,7892.0,7956.0,7732.0,8384.0,7288.0,739370,386520.0,7922.0,200,7924.0,213,7926.0,227,7928.0,354,7930.0,312,7932.0,96,7934.0,177,7936.0,283,7938.0,342,7940.0,426,7932.0
p2409,DCE,13:39:06.40#,7892.0,7956.0,7732.0,8384.0,7288.0,739373,386522.0,7922.0,200,7924.0,213,7926.0,227,7928.0,354,7930.0,313,7932.0,114,7934.0,192,7936.0,285,7938.0,342,7940.0,426,7932.0
p2409,DCE,13:39:06.215#,7892.0,7956.0,7732.0,8384.0,7288.0,739373,386522.0,7922.0,200,7924.0,213,7926.0,227,7928.0,352,7930.0,315,7932.0,115,7934.0,192,7936.0,285,7938.0,342,7940.0,426,7932.0
p2409,DCE,13:39:06.549#,7892.0,7956.0,7732.0,8384.0,7288.0,739373,386522.0,7922.0,200,7924.0,214,7926.0,227,7928.0,352,7930.0,315,7932.0,106,7934.0,193,7936.0,286,7938.0,342,7940.0,426,7932.0
p2409,DCE,13:39:06.792#,7892.0,7956.0,7732.0,8384.0,7288.0,739374,386522.0,7922.0,200,7924.0,214,7926.0,227,7928.0,352,7930.0,290,7932.0,105,7934.0,193,7936.0,286,7938.0,342,7940.0,426,7932.0
p2409,DCE,13:39:07.12#,7892.0,7956.0,7732.0,8384.0,7288.0,739374,386522.0,7922.0,200,7924.0,215,7926.0,227,7928.0,352,7930.0,290,7932.0,105,7934.0,193,7936.0,286,7938.0,342,7940.0,426,7932.0
p2409,DCE,13:39:07.308#,7892.0,7956.0,7732.0,8384.0,7288.0,739374,386522.0,7922.0,200,7924.0,215,7926.0,227,7928.0,352,7930.0,290,7932.0,106,7934.0,193,7936.0,286,7938.0,341,7940.0,426,7932.0
p2409,DCE,13:39:07.492#,7892.0,7956.0,7732.0,8384.0,7288.0,739375,386522.0,7922.0,200,7924.0,215,7926.0,227,7928.0,352,7930.0,290,7932.0,106,7934.0,192,7936.0,286,7938.0,341,7940.0,426,7932.0
p2409,DCE,13:39:07.730#,7892.0,7956.0,7732.0,8384.0,7288.0,739376,386522.0,7922.0,200,7924.0,215,7926.0,227,7928.0,352,7930.0,294,7932.0,106,7934.0,192,7936.0,296,7938.0,341,7940.0,426,7930.0
p2409,DCE,13:39:08.280#,7892.0,7956.0,7732.0,8384.0,7288.0,739376,386522.0,7922.0,200,7924.0,215,7926.0,227,7928.0,352,7930.0,298,7932.0,111,7934.0,192,7936.0,296,7938.0,341,7940.0,426,7930.0
p2409,DCE,13:39:08.495#,7892.0,7956.0,7732.0,8384.0,7288.0,739381,386527.0,7922.0,200,7924.0,215,7926.0,227,7928.0,352,7930.0,303,7932.0,77,7934.0,192,7936.0,334,7938.0,341,7940.0,426,7930.0
p2409,DCE,13:39:08.745#,7892.0,7956.0,7732.0,8384.0,7288.0,739381,386527.0,7922.0,200,7924.0,215,7926.0,227,7928.0,352,7930.0,303,7932.0,127,7934.0,192,7936.0,333,7938.0,341,7940.0,426,7930.0
p2409,DCE,13:39:08.957#,7892.0,7956.0,7732.0,8384.0,7288.0,739381,386527.0,7922.0,200,7924.0,215,7926.0,236,7928.0,351,7930.0,306,7932.0,127,7934.0,193,7936.0,334,7938.0,341,7940.0,426,7930.0
p2409,DCE,13:39:09.263#,7892.0,7956.0,7732.0,8384.0,7288.0,739382,386528.0,7922.0,200,7924.0,215,7926.0,236,7928.0,351,7930.0,305,7932.0,126,7934.0,189,7936.0,334,7938.0,341,7940.0,426,7932.0
p2409,DCE,13:39:09.492#,7892.0,7956.0,7732.0,8384.0,7288.0,739433,386497.0,7922.0,200,7924.0,215,7926.0,236,7928.0,352,7930.0,313,7932.0,42,7934.0,193,7936.0,334,7938.0,341,7940.0,426,7932.0
p2409,DCE,13:39:09.813#,7892.0,7956.0,7732.0,8384.0,7288.0,739480,386467.0,7924.0,215,7926.0,236,7928.0,352,7930.0,313,7932.0,50,7934.0,188,7936.0,334,7938.0,341,7940.0,426,7942.0,236,7932.0
p2409,DCE,13:39:10.68#,7892.0,7956.0,7732.0,8384.0,7288.0,739491,386478.0,7924.0,217,7926.0,236,7928.0,352,7930.0,349,7932.0,47,7934.0,179,7936.0,332,7938.0,341,7940.0,426,7942.0,236,7932.0
p2409,DCE,13:39:10.240#,7892.0,7956.0,7732.0,8384.0,7288.0,739496,386482.0,7924.0,217,7926.0,235,7928.0,352,7930.0,349,7932.0,43,7934.0,176,7936.0,332,7938.0,341,7940.0,426,7942.0,236,7932.0
p2409,DCE,13:39:10.510#,7892.0,7956.0,7732.0,8384.0,7288.0,739497,386483.0,7924.0,217,7926.0,235,7928.0,352,7930.0,352,7932.0,60,7934.0,176,7936.0,332,7938.0,341,7940.0,426,7942.0,236,7932.0
p2409,DCE,13:39:10.778#,7892.0,7956.0,7732.0,8384.0,7288.0,739499,386485.0,7924.0,217,7926.0,235,7928.0,352,7930.0,379,7932.0,73,7934.0,174,7936.0,333,7938.0,341,7940.0,425,7942.0,236,7932.0
p2409,DCE,13:39:11.65#,7892.0,7956.0,7732.0,8384.0,7288.0,739499,386485.0,7924.0,217,7926.0,235,7928.0,352,7930.0,380,7932.0,79,7934.0,142,7936.0,332,7938.0,341,7940.0,425,7942.0,236,7932.0
p2409,DCE,13:39:11.212#,7892.0,7956.0,7732.0,8384.0,7288.0,739500,386485.0,7924.0,217,7926.0,235,7928.0,352,7930.0,382,7932.0,80,7934.0,133,7936.0,376,7938.0,341,7940.0,425,7942.0,236,7932.0
p2409,DCE,13:39:11.494#,7892.0,7956.0,7732.0,8384.0,7288.0,739501,386486.0,7924.0,217,7926.0,235,7928.0,352,7930.0,382,7932.0,79,7934.0,133,7936.0,374,7938.0,342,7940.0,425,7942.0,236,7932.0
p2409,DCE,13:39:11.802#,7892.0,7956.0,7732.0,8384.0,7288.0,739602,386557.0,7924.0,217,7926.0,235,7928.0,352,7930.0,356,7932.0,15,7934.0,133,7936.0,374,7938.0,342,7940.0,425,7942.0,236,7930.0
p2409,DCE,13:39:11.977#,7892.0,7956.0,7732.0,8384.0,7288.0,739620,386573.0,7922.0,199,7924.0,217,7926.0,235,7928.0,352,7930.0,360,7932.0,8,7934.0,157,7936.0,332,7938.0,342,7940.0,425,7932.0
p2409,DCE,13:39:12.244#,7892.0,7956.0,7732.0,8384.0,7288.0,739625,386573.0,7922.0,199,7924.0,217,7926.0,235,7928.0,352,7930.0,324,7932.0,8,7934.0,146,7936.0,332,7938.0,342,7940.0,425,7932.0
p2409,DCE,13:39:12.506#,7892.0,7956.0,7732.0,8384.0,7288.0,739626,386574.0,7922.0,199,7924.0,217,7926.0,235,7928.0,352,7930.0,325,7932.0,29,7934.0,148,7936.0,332,7938.0,342,7940.0,425,7932.0
p2409,DCE,13:39:12.737#,7892.0,7956.0,7732.0,8384.0,7288.0,739626,386574.0,7922.0,199,7924.0,217,7926.0,235,7928.0,352,7930.0,325,7932.0,84,7934.0,148,7936.0,332,7938.0,342,7940.0,425,7932.0
p2409,DCE,13:39:13.3#,7892.0,7956.0,7732.0,8384.0,7288.0,739627,386575.0,7922.0,199,7924.0,217,7926.0,235,7928.0,351,7930.0,325,7932.0,86,7934.0,148,7936.0,332,7938.0,342,7940.0,425,7930.0
p2409,DCE,13:39:13.311#,7892.0,7956.0,7732.0,8384.0,7288.0,739633,386575.0,7922.0,199,7924.0,217,7926.0,235,7928.0,351,7930.0,318,7932.0,88,7934.0,148,7936.0,332,7938.0,342,7940.0,425,7930.0
p2409,DCE,13:39:13.492#,7892.0,7956.0,7732.0,8384.0,7288.0,739633,386575.0,7922.0,199,7924.0,217,7926.0,235,7928.0,351,7930.0,319,7932.0,88,7934.0,151,7936.0,333,7938.0,342,7940.0,425,7930.0
p2409,DCE,13:39:13.723#,7892.0,7956.0,7732.0,8384.0,7288.0,739663,386603.0,7922.0,199,7924.0,217,7926.0,238,7928.0,351,7930.0,289,7932.0,88,7934.0,151,7936.0,335,7938.0,342,7940.0,425,7930.0
p2409,DCE,13:39:14.59#,7892.0,7956.0,7732.0,8384.0,7288.0,739663,386603.0,7922.0,199,7924.0,217,7926.0,238,7928.0,351,7930.0,290,7932.0,107,7934.0,151,7936.0,336,7938.0,342,7940.0,425,7930.0
p2409,DCE,13:39:14.281#,7892.0,7956.0,7732.0,8384.0,7288.0,739663,386603.0,7922.0,199,7924.0,217,7926.0,238,7928.0,351,7930.0,290,7932.0,107,7934.0,152,7936.0,336,7938.0,341,7940.0,425,7930.0
p2409,DCE,13:39:14.492#,7892.0,7956.0,7732.0,8384.0,7288.0,739763,386678.0,7922.0,199,7924.0,217,7926.0,228,7928.0,351,7930.0,190,7932.0,107,7934.0,152,7936.0,336,7938.0,341,7940.0,425,7930.0
p2409,DCE,13:39:14.760#,7892.0,7956.0,7732.0,8384.0,7288.0,739765,386679.0,7922.0,199,7924.0,217,7926.0,228,7928.0,349,7930.0,193,7932.0,114,7934.0,150,7936.0,335,7938.0,342,7940.0,425,7930.0
p2409,DCE,13:39:15.67#,7892.0,7956.0,7732.0,8384.0,7288.0,739770,386678.0,7922.0,199,7924.0,217,7926.0,228,7928.0,349,7930.0,199,7932.0,109,7934.0,189,7936.0,336,7938.0,342,7940.0,425,7932.0
p2409,DCE,13:39:15.262#,7892.0,7956.0,7732.0,8384.0,7288.0,739771,386679.0,7922.0,199,7924.0,217,7926.0,228,7928.0,349,7930.0,198,7932.0,109,7934.0,188,7936.0,336,7938.0,342,7940.0,425,7930.0
p2409,DCE,13:39:15.563#,7892.0,7956.0,7732.0,8384.0,7288.0,739783,386686.0,7922.0,199,7924.0,217,7926.0,228,7928.0,349,7930.0,197,7932.0,113,7934.0,188,7936.0,336,7938.0,342,7940.0,425,7930.0
p2409,DCE,13:39:15.799#,7892.0,7956.0,7732.0,8384.0,7288.0,739783,386686.0,7922.0,199,7924.0,217,7926.0,228,7928.0,349,7930.0,199,7932.0,114,7934.0,188,7936.0,337,7938.0,342,7940.0,425,7930.0
p2409,DCE,13:39:15.955#,7892.0,7956.0,7732.0,8384.0,7288.0,739788,386689.0,7922.0,199,7924.0,217,7926.0,228,7928.0,349,7930.0,194,7932.0,104,7934.0,188,7936.0,337,7938.0,342,7940.0,425,7930.0
p2409,DCE,13:39:16.271#,7892.0,7956.0,7732.0,8384.0,7288.0,739788,386689.0,7922.0,199,7924.0,217,7926.0,228,7928.0,349,7930.0,195,7932.0,118,7934.0,188,7936.0,337,7938.0,339,7940.0,425,7930.0
p2409,DCE,13:39:16.534#,7892.0,7956.0,7732.0,8384.0,7288.0,739788,386689.0,7922.0,199,7924.0,218,7926.0,228,7928.0,349,7930.0,195,7932.0,118,7934.0,188,7936.0,337,7938.0,340,7940.0,425,7930.0
p2409,DCE,13:39:16.737#,7892.0,7956.0,7732.0,8384.0,7288.0,739888,386743.0,7922.0,199,7924.0,218,7926.0,228,7928.0,351,7930.0,95,7932.0,118,7934.0,190,7936.0,339,7938.0,340,7940.0,425,7930.0
p2409,DCE,13:39:17.31#,7892.0,7956.0,7732.0,8384.0,7288.0,739908,386743.0,7922.0,199,7924.0,218,7926.0,228,7928.0,351,7930.0,78,7932.0,118,7934.0,226,7936.0,325,7938.0,340,7940.0,425,7930.0
p2409,DCE,13:39:17.278#,7892.0,7956.0,7732.0,8384.0,7288.0,739911,386744.0,7922.0,199,7924.0,218,7926.0,227,7928.0,351,7930.0,85,7932.0,118,7934.0,240,7936.0,325,7938.0,340,7940.0,425,7930.0
p2409,DCE,13:39:17.389#,7892.0,7956.0,7732.0,8384.0,7288.0,739922,386734.0,7922.0,199,7924.0,218,7926.0,228,7928.0,351,7930.0,85,7932.0,117,7934.0,239,7936.0,325,7938.0,340,7940.0,425,7932.0
p2409,DCE,13:39:17.817#,7892.0,7956.0,7732.0,8384.0,7288.0,739922,386734.0,7922.0,199,7924.0,218,7926.0,228,7928.0,352,7930.0,89,7932.0,118,7934.0,197,7936.0,325,7938.0,340,7940.0,425,7932.0
p2409,DCE,13:39:18.20#,7892.0,7956.0,7732.0,8384.0,7288.0,739926,386733.0,7922.0,199,7924.0,218,7926.0,228,7928.0,352,7930.0,85,7932.0,119,7934.0,228,7936.0,325,7938.0,340,7940.0,425,7930.0
p2409,DCE,13:39:18.305#,7892.0,7956.0,7732.0,8384.0,7288.0,739929,386734.0,7922.0,199,7924.0,218,7926.0,227,7928.0,352,7930.0,92,7932.0,116,7934.0,239,7936.0,325,7938.0,340,7940.0,424,7932.0
p2409,DCE,13:39:18.569#,7892.0,7956.0,7732.0,8384.0,7288.0,739931,386736.0,7922.0,199,7924.0,218,7926.0,228,7928.0,352,7930.0,92,7932.0,117,7934.0,238,7936.0,325,7938.0,340,7940.0,424,7930.0
p2409,DCE,13:39:18.821#,7892.0,7956.0,7732.0,8384.0,7288.0,739932,386737.0,7922.0,199,7924.0,218,7926.0,228,7928.0,352,7930.0,92,7932.0,128,7934.0,238,7936.0,323,7938.0,340,7940.0,424,7932.0
p2409,DCE,13:39:18.963#,7892.0,7956.0,7732.0,8384.0,7288.0,739958,386735.0,7922.0,199,7924.0,218,7926.0,227,7928.0,352,7930.0,67,7932.0,129,7934.0,255,7936.0,323,7938.0,340,7940.0,424,7930.0
p2409,DCE,13:39:19.310#,7892.0,7956.0,7732.0,8384.0,7288.0,739958,386735.0,7922.0,199,7924.0,218,7926.0,226,7928.0,352,7930.0,64,7932.0,130,7934.0,258,7936.0,322,7938.0,340,7940.0,424,7930.0
p2409,DCE,13:39:19.566#,7892.0,7956.0,7732.0,8384.0,7288.0,740029,386769.0,7920.0,298,7922.0,199,7924.0,218,7926.0,226,7928.0,359,7930.0,49,7932.0,131,7934.0,258,7936.0,322,7938.0,340,7930.0
p2409,DCE,13:39:19.717#,7892.0,7956.0,7732.0,8384.0,7288.0,740033,386773.0,7920.0,298,7922.0,200,7924.0,219,7926.0,251,7928.0,349,7930.0,59,7932.0,127,7934.0,269,7936.0,321,7938.0,339,7930.0
p2409,DCE,13:39:20.68#,7892.0,7956.0,7732.0,8384.0,7288.0,740033,386773.0,7920.0,298,7922.0,200,7924.0,219,7926.0,221,7928.0,354,7930.0,62,7932.0,142,7934.0,236,7936.0,267,7938.0,339,7930.0
p2409,DCE,13:39:20.207#,7892.0,7956.0,7732.0,8384.0,7288.0,740033,386773.0,7920.0,298,7922.0,200,7924.0,219,7926.0,221,7928.0,355,7930.0,62,7932.0,142,7934.0,237,7936.0,267,7938.0,339,7930.0
p2409,DCE,13:39:20.560#,7892.0,7956.0,7732.0,8384.0,7288.0,740033,386773.0,7920.0,298,7922.0,200,7924.0,219,7926.0,221,7928.0,365,7930.0,55,7932.0,142,7934.0,238,7936.0,267,7938.0,339,7930.0
p2409,DCE,13:39:20.782#,7892.0,7956.0,7732.0,8384.0,7288.0,740035,386773.0,7920.0,298,7922.0,200,7924.0,219,7926.0,221,7928.0,364,7930.0,55,7932.0,144,7934.0,238,7936.0,267,7938.0,339,7928.0
p2409,DCE,13:39:20.941#,7892.0,7956.0,7732.0,8384.0,7288.0,740036,386773.0,7920.0,298,7922.0,215,7924.0,219,7926.0,221,7928.0,363,7930.0,63,7932.0,144,7934.0,238,7936.0,267,7938.0,407,7928.0
p2409,DCE,13:39:21.277#,7892.0,7956.0,7732.0,8384.0,7288.0,740052,386767.0,7920.0,298,7922.0,215,7924.0,219,7926.0,251,7928.0,347,7930.0,60,7932.0,146,7934.0,238,7936.0,267,7938.0,407,7930.0
p2409,DCE,13:39:21.514#,7892.0,7956.0,7732.0,8384.0,7288.0,740181,386709.0,7920.0,298,7922.0,215,7924.0,219,7926.0,250,7928.0,311,7930.0,16,7932.0,147,7934.0,238,7936.0,268,7938.0,408,7930.0
p2409,DCE,13:39:21.810#,7892.0,7956.0,7732.0,8384.0,7288.0,740182,386710.0,7920.0,298,7922.0,215,7924.0,219,7926.0,250,7928.0,309,7930.0,130,7932.0,151,7934.0,233,7936.0,267,7938.0,409,7928.0
p2409,DCE,13:39:22.41#,7892.0,7956.0,7732.0,8384.0,7288.0,740183,386710.0,7920.0,298,7922.0,215,7924.0,219,7926.0,248,7928.0,303,7930.0,142,7932.0,139,7934.0,233,7936.0,267,7938.0,410,7930.0
p2409,DCE,13:39:22.277#,7892.0,7956.0,7732.0,8384.0,7288.0,740183,386710.0,7920.0,298,7922.0,215,7924.0,219,7926.0,249,7928.0,303,7930.0,149,7932.0,139,7934.0,234,7936.0,268,7938.0,410,7930.0
p2409,DCE,13:39:22.493#,7892.0,7956.0,7732.0,8384.0,7288.0,740183,386710.0,7920.0,298,7922.0,215,7924.0,219,7926.0,249,7928.0,303,7930.0,149,7932.0,140,7934.0,239,7936.0,268,7938.0,410,7930.0
p2409,DCE,13:39:22.802#,7892.0,7956.0,7732.0,8384.0,7288.0,740285,386709.0,7920.0,298,7922.0,215,7924.0,219,7926.0,249,7928.0,201,7930.0,149,7932.0,140,7934.0,239,7936.0,268,7938.0,410,7928.0
p2409,DCE,13:39:23.69#,7892.0,7956.0,7732.0,8384.0,7288.0,740290,386710.0,7920.0,298,7922.0,215,7924.0,227,7926.0,247,7928.0,195,7930.0,158,7932.0,138,7934.0,239,7936.0,268,7938.0,410,7930.0
p2409,DCE,13:39:23.308#,7892.0,7956.0,7732.0,8384.0,7288.0,740346,386673.0,7920.0,298,7922.0,215,7924.0,227,7926.0,244,7928.0,141,7930.0,149,7932.0,132,7934.0,239,7936.0,268,7938.0,410,7928.0
p2409,DCE,13:39:23.561#,7892.0,7956.0,7732.0,8384.0,7288.0,740352,386674.0,7920.0,299,7922.0,215,7924.0,226,7926.0,244,7928.0,136,7930.0,164,7932.0,132,7934.0,239,7936.0,268,7938.0,410,7928.0
p2409,DCE,13:39:23.792#,7892.0,7956.0,7732.0,8384.0,7288.0,740354,386675.0,7920.0,299,7922.0,215,7924.0,226,7926.0,244,7928.0,135,7930.0,164,7932.0,170,7934.0,239,7936.0,268,7938.0,410,7930.0
p2409,DCE,13:39:24.52#,7892.0,7956.0,7732.0,8384.0,7288.0,740355,386676.0,7920.0,299,7922.0,215,7924.0,227,7926.0,248,7928.0,136,7930.0,166,7932.0,166,7934.0,239,7936.0,268,7938.0,413,7930.0
p2409,DCE,13:39:24.280#,7892.0,7956.0,7732.0,8384.0,7288.0,740356,386677.0,7920.0,283,7922.0,215,7924.0,227,7926.0,248,7928.0,140,7930.0,167,7932.0,166,7934.0,239,7936.0,268,7938.0,413,7928.0
p2409,DCE,13:39:24.552#,7892.0,7956.0,7732.0,8384.0,7288.0,740357,386678.0,7920.0,283,7922.0,215,7924.0,227,7926.0,248,7928.0,140,7930.0,167,7932.0,171,7934.0,239,7936.0,269,7938.0,413,7928.0
p2409,DCE,13:39:24.818#,7892.0,7956.0,7732.0,8384.0,7288.0,740359,386680.0,7920.0,283,7922.0,215,7924.0,227,7926.0,248,7928.0,138,7930.0,205,7932.0,170,7934.0,240,7936.0,269,7938.0,413,7928.0
p2409,DCE,13:39:25.53#,7892.0,7956.0,7732.0,8384.0,7288.0,740363,386684.0,7920.0,283,7922.0,215,7924.0,226,7926.0,248,7928.0,134,7930.0,205,7932.0,170,7934.0,240,7936.0,269,7938.0,396,7928.0
p2409,DCE,13:39:25.270#,7892.0,7956.0,7732.0,8384.0,7288.0,740363,386684.0,7920.0,283,7922.0,215,7924.0,227,7926.0,248,7928.0,134,7930.0,205,7932.0,170,7934.0,241,7936.0,269,7938.0,396,7928.0
p2409,DCE,13:39:25.562#,7892.0,7956.0,7732.0,8384.0,7288.0,740363,386684.0,7920.0,283,7922.0,215,7924.0,229,7926.0,248,7928.0,134,7930.0,206,7932.0,171,7934.0,241,7936.0,269,7938.0,396,7928.0
p2409,DCE,13:39:25.821#,7892.0,7956.0,7732.0,8384.0,7288.0,740371,386684.0,7920.0,283,7922.0,215,7924.0,237,7926.0,248,7928.0,117,7930.0,216,7932.0,161,7934.0,247,7936.0,269,7938.0,395,7928.0
p2409,DCE,13:39:26.64#,7892.0,7956.0,7732.0,8384.0,7288.0,740379,386692.0,7920.0,283,7922.0,215,7924.0,237,7926.0,248,7928.0,110,7930.0,221,7932.0,160,7934.0,247,7936.0,269,7938.0,395,7928.0
p2409,DCE,13:39:26.280#,7892.0,7956.0,7732.0,8384.0,7288.0,740416,386718.0,7920.0,283,7922.0,215,7924.0,267,7926.0,218,7928.0,74,7930.0,207,7932.0,160,7934.0,247,7936.0,269,7938.0,391,7928.0
p2409,DCE,13:39:26.561#,7892.0,7956.0,7732.0,8384.0,7288.0,740436,386726.0,7920.0,283,7922.0,215,7924.0,267,7926.0,228,7928.0,44,7930.0,210,7932.0,161,7934.0,238,7936.0,263,7938.0,390,7928.0
p2409,DCE,13:39:26.747#,7892.0,7956.0,7732.0,8384.0,7288.0,740480,386742.0,7918.0,155,7920.0,283,7922.0,215,7924.0,267,7926.0,228,7928.0,80,7930.0,209,7932.0,191,7934.0,225,7936.0,263,7928.0
p2409,DCE,13:39:27.49#,7892.0,7956.0,7732.0,8384.0,7288.0,740482,386741.0,7918.0,161,7920.0,284,7922.0,215,7924.0,303,7926.0,224,7928.0,89,7930.0,203,7932.0,198,7934.0,225,7936.0,263,7928.0
p2409,DCE,13:39:27.212#,7892.0,7956.0,7732.0,8384.0,7288.0,740485,386741.0,7918.0,161,7920.0,284,7922.0,215,7924.0,305,7926.0,224,7928.0,99,7930.0,191,7932.0,200,7934.0,225,7936.0,262,7928.0
p2409,DCE,13:39:27.492#,7892.0,7956.0,7732.0,8384.0,7288.0,740485,386741.0,7918.0,161,7920.0,284,7922.0,215,7924.0,305,7926.0,225,7928.0,101,7930.0,191,7932.0,200,7934.0,225,7936.0,262,7928.0
p2409,DCE,13:39:27.716#,7892.0,7956.0,7732.0,8384.0,7288.0,740486,386742.0,7918.0,161,7920.0,284,7922.0,215,7924.0,305,7926.0,224,7928.0,101,7930.0,192,7932.0,200,7934.0,225,7936.0,262,7926.0
p2409,DCE,13:39:28.42#,7892.0,7956.0,7732.0,8384.0,7288.0,740490,386738.0,7918.0,161,7920.0,284,7922.0,215,7924.0,305,7926.0,191,7928.0,99,7930.0,192,7932.0,200,7934.0,225,7936.0,263,7928.0
p2409,DCE,13:39:28.243#,7892.0,7956.0,7732.0,8384.0,7288.0,740492,386736.0,7918.0,161,7920.0,284,7922.0,215,7924.0,305,7926.0,192,7928.0,100,7930.0,197,7932.0,200,7934.0,225,7936.0,263,7928.0
p2409,DCE,13:39:28.528#,7892.0,7956.0,7732.0,8384.0,7288.0,740494,386738.0,7918.0,161,7920.0,284,7922.0,215,7924.0,305,7926.0,194,7928.0,102,7930.0,202,7932.0,201,7934.0,225,7936.0,263,7926.0
p2409,DCE,13:39:28.819#,7892.0,7956.0,7732.0,8384.0,7288.0,740544,386728.0,7918.0,161,7920.0,284,7922.0,215,7924.0,309,7926.0,145,7928.0,144,7930.0,202,7932.0,201,7934.0,219,7936.0,263,7926.0
p2409,DCE,13:39:29.27#,7892.0,7956.0,7732.0,8384.0,7288.0,740555,386722.0,7918.0,161,7920.0,284,7922.0,215,7924.0,309,7926.0,139,7928.0,194,7930.0,241,7932.0,188,7934.0,219,7936.0,263,7926.0
p2409,DCE,13:39:29.296#,7892.0,7956.0,7732.0,8384.0,7288.0,740557,386722.0,7918.0,169,7920.0,276,7922.0,215,7924.0,309,7926.0,136,7928.0,194,7930.0,240,7932.0,190,7934.0,219,7936.0,263,7928.0
p2409,DCE,13:39:29.508#,7892.0,7956.0,7732.0,8384.0,7288.0,740557,386722.0,7918.0,169,7920.0,276,7922.0,215,7924.0,309,7926.0,136,7928.0,192,7930.0,240,7932.0,191,7934.0,219,7936.0,263,7928.0
p2409,DCE,13:39:29.772#,7892.0,7956.0,7732.0,8384.0,7288.0,740578,386706.0,7918.0,169,7920.0,276,7922.0,217,7924.0,309,7926.0,118,7928.0,173,7930.0,240,7932.0,191,7934.0,219,7936.0,263,7926.0
p2409,DCE,13:39:30.26#,7892.0,7956.0,7732.0,8384.0,7288.0,740578,386706.0,7918.0,169,7920.0,276,7922.0,217,7924.0,308,7926.0,118,7928.0,173,7930.0,241,7932.0,191,7934.0,219,7936.0,263,7926.0
p2409,DCE,13:39:30.260#,7892.0,7956.0,7732.0,8384.0,7288.0,740580,386708.0,7918.0,169,7920.0,276,7922.0,217,7924.0,308,7926.0,119,7928.0,172,7930.0,241,7932.0,191,7934.0,219,7936.0,263,7928.0
p2409,DCE,13:39:30.549#,7892.0,7956.0,7732.0,8384.0,7288.0,740699,386724.0,7916.0,127,7918.0,169,7920.0,276,7922.0,217,7924.0,308,7926.0,24,7928.0,172,7930.0,241,7932.0,191,7934.0,219,7926.0
p2409,DCE,13:39:30.792#,7892.0,7956.0,7732.0,8384.0,7288.0,740785,386734.0,7916.0,142,7918.0,170,7920.0,277,7922.0,219,7924.0,304,7926.0,26,7928.0,162,7930.0,248,7932.0,191,7934.0,217,7926.0
p2409,DCE,13:39:31.59#,7892.0,7956.0,7732.0,8384.0,7288.0,740840,386697.0,7918.0,170,7920.0,277,7922.0,219,7924.0,304,7926.0,32,7928.0,167,7930.0,248,7932.0,191,7934.0,217,7936.0,234,7926.0
p2409,DCE,13:39:31.225#,7892.0,7956.0,7732.0,8384.0,7288.0,740876,386687.0,7918.0,170,7920.0,277,7922.0,221,7924.0,304,7926.0,49,7928.0,158,7930.0,296,7932.0,190,7934.0,217,7936.0,234,7926.0
p2409,DCE,13:39:31.516#,7892.0,7956.0,7732.0,8384.0,7288.0,740878,386686.0,7918.0,170,7920.0,277,7922.0,221,7924.0,304,7926.0,36,7928.0,162,7930.0,297,7932.0,190,7934.0,217,7936.0,234,7926.0
p2409,DCE,13:39:31.762#,7892.0,7956.0,7732.0,8384.0,7288.0,740881,386686.0,7918.0,170,7920.0,277,7922.0,221,7924.0,304,7926.0,10,7928.0,159,7930.0,297,7932.0,189,7934.0,217,7936.0,226,7926.0
p2409,DCE,13:39:32.40#,7892.0,7956.0,7732.0,8384.0,7288.0,740892,386688.0,7918.0,170,7920.0,277,7922.0,221,7924.0,304,7926.0,3,7928.0,169,7930.0,283,7932.0,191,7934.0,217,7936.0,226,7926.0
p2409,DCE,13:39:32.313#,7892.0,7956.0,7732.0,8384.0,7288.0,740902,386692.0,7918.0,170,7920.0,275,7922.0,221,7924.0,304,7926.0,6,7928.0,173,7930.0,284,7932.0,191,7934.0,217,7936.0,226,7928.0
p2409,DCE,13:39:32.561#,7892.0,7956.0,7732.0,8384.0,7288.0,740906,386692.0,7918.0,170,7920.0,275,7922.0,221,7924.0,304,7926.0,36,7928.0,169,7930.0,284,7932.0,191,7934.0,217,7936.0,226,7926.0
p2409,DCE,13:39:32.810#,7892.0,7956.0,7732.0,8384.0,7288.0,740931,386694.0,7918.0,170,7920.0,275,7922.0,221,7924.0,304,7926.0,25,7928.0,168,7930.0,284,7932.0,191,7934.0,217,7936.0,226,7926.0
p2409,DCE,13:39:32.980#,7892.0,7956.0,7732.0,8384.0,7288.0,740934,386694.0,7916.0,144,7918.0,170,7920.0,275,7922.0,221,7924.0,304,7926.0,2,7928.0,185,7930.0,282,7932.0,191,7934.0,217,7926.0
p2409,DCE,13:39:33.270#,7892.0,7956.0,7732.0,8384.0,7288.0,740956,386674.0,7916.0,144,7918.0,170,7920.0,275,7922.0,221,7924.0,302,7926.0,37,7928.0,180,7930.0,281,7932.0,192,7934.0,215,7926.0
p2409,DCE,13:39:33.546#,7892.0,7956.0,7732.0,8384.0,7288.0,740959,386671.0,7916.0,144,7918.0,170,7920.0,275,7922.0,221,7924.0,301,7926.0,47,7928.0,182,7930.0,283,7932.0,192,7934.0,215,7924.0
p2409,DCE,13:39:33.772#,7892.0,7956.0,7732.0,8384.0,7288.0,740988,386660.0,7916.0,144,7918.0,170,7920.0,275,7922.0,221,7924.0,293,7926.0,149,7928.0,179,7930.0,284,7932.0,192,7934.0,215,7924.0
p2409,DCE,13:39:34.24#,7892.0,7956.0,7732.0,8384.0,7288.0,740990,386659.0,7916.0,144,7918.0,170,7920.0,277,7922.0,226,7924.0,294,7926.0,185,7928.0,175,7930.0,283,7932.0,192,7934.0,216,7926.0
p2409,DCE,13:39:34.310#,7892.0,7956.0,7732.0,8384.0,7288.0,740990,386659.0,7916.0,144,7918.0,170,7920.0,277,7922.0,220,7924.0,300,7926.0,185,7928.0,176,7930.0,287,7932.0,192,7934.0,216,7926.0
p2409,DCE,13:39:34.492#,7892.0,7956.0,7732.0,8384.0,7288.0,740997,386661.0,7916.0,144,7918.0,170,7920.0,278,7922.0,220,7924.0,293,7926.0,187,7928.0,185,7930.0,279,7932.0,192,7934.0,216,7924.0
p2409,DCE,13:39:34.758#,7892.0,7956.0,7732.0,8384.0,7288.0,741020,386666.0,7916.0,144,7918.0,170,7920.0,278,7922.0,220,7924.0,271,7926.0,187,7928.0,185,7930.0,279,7932.0,192,7934.0,216,7924.0
p2409,DCE,13:39:35.65#,7892.0,7956.0,7732.0,8384.0,7288.0,741022,386665.0,7916.0,144,7918.0,170,7920.0,278,7922.0,220,7924.0,277,7926.0,200,7928.0,194,7930.0,279,7932.0,192,7934.0,216,7926.0
p2409,DCE,13:39:35.305#,7892.0,7956.0,7732.0,8384.0,7288.0,741128,386691.0,7916.0,144,7918.0,170,7920.0,278,7922.0,220,7924.0,176,7926.0,197,7928.0,194,7930.0,279,7932.0,204,7934.0,216,7926.0
p2409,DCE,13:39:35.541#,7892.0,7956.0,7732.0,8384.0,7288.0,741151,386697.0,7916.0,144,7918.0,170,7920.0,277,7922.0,220,7924.0,125,7926.0,208,7928.0,195,7930.0,279,7932.0,204,7934.0,216,7926.0
p2409,DCE,13:39:35.822#,7892.0,7956.0,7732.0,8384.0,7288.0,741160,386695.0,7916.0,144,7918.0,171,7920.0,277,7922.0,219,7924.0,126,7926.0,201,7928.0,195,7930.0,279,7932.0,204,7934.0,216,7924.0
p2409,DCE,13:39:36.59#,7892.0,7956.0,7732.0,8384.0,7288.0,741163,386695.0,7916.0,144,7918.0,171,7920.0,277,7922.0,220,7924.0,164,7926.0,201,7928.0,195,7930.0,278,7932.0,203,7934.0,215,7924.0
p2409,DCE,13:39:36.295#,7892.0,7956.0,7732.0,8384.0,7288.0,741168,386694.0,7916.0,144,7918.0,171,7920.0,277,7922.0,219,7924.0,163,7926.0,174,7928.0,195,7930.0,278,7932.0,203,7934.0,205,7924.0
p2409,DCE,13:39:36.536#,7892.0,7956.0,7732.0,8384.0,7288.0,741173,386695.0,7916.0,144,7918.0,171,7920.0,277,7922.0,220,7924.0,161,7926.0,172,7928.0,196,7930.0,278,7932.0,203,7934.0,206,7924.0
p2409,DCE,13:39:36.747#,7892.0,7956.0,7732.0,8384.0,7288.0,741185,386699.0,7916.0,144,7918.0,171,7920.0,277,7922.0,220,7924.0,155,7926.0,167,7928.0,196,7930.0,279,7932.0,203,7934.0,206,7924.0
p2409,DCE,13:39:37.51#,7892.0,7956.0,7732.0,8384.0,7288.0,741192,386693.0,7916.0,144,7918.0,171,7920.0,277,7922.0,220,7924.0,148,7926.0,168,7928.0,196,7930.0,280,7932.0,203,7934.0,206,7924.0
p2409,DCE,13:39:37.317#,7892.0,7956.0,7732.0,8384.0,7288.0,741195,386691.0,7916.0,144,7918.0,171,7920.0,277,7922.0,220,7924.0,146,7926.0,167,7928.0,191,7930.0,280,7932.0,203,7934.0,206,7924.0
p2409,DCE,13:39:37.492#,7892.0,7956.0,7732.0,8384.0,7288.0,741195,386691.0,7916.0,144,7918.0,171,7920.0,277,7922.0,220,7924.0,146,7926.0,167,7928.0,194,7930.0,280,7932.0,203,7934.0,206,7924.0
p2409,DCE,13:39:37.806#,7892.0,7956.0,7732.0,8384.0,7288.0,741197,386690.0,7916.0,144,7918.0,171,7920.0,277,7922.0,220,7924.0,144,7926.0,168,7928.0,230,7930.0,280,7932.0,202,7934.0,205,7924.0
p2409,DCE,13:39:38.65#,7892.0,7956.0,7732.0,8384.0,7288.0,741337,386737.0,7916.0,144,7918.0,171,7920.0,277,7922.0,220,7924.0,21,7926.0,201,7928.0,189,7930.0,324,7932.0,202,7934.0,205,7924.0
p2409,DCE,13:39:38.301#,7892.0,7956.0,7732.0,8384.0,7288.0,741349,386741.0,7914.0,94,7916.0,144,7918.0,171,7920.0,279,7922.0,234,7924.0,108,7926.0,200,7928.0,240,7930.0,267,7932.0,203,7924.0
p2409,DCE,13:39:38.542#,7892.0,7956.0,7732.0,8384.0,7288.0,741371,386745.0,7914.0,112,7916.0,145,7918.0,171,7920.0,281,7922.0,232,7924.0,62,7926.0,203,7928.0,220,7930.0,267,7932.0,202,7924.0
p2409,DCE,13:39:38.809#,7892.0,7956.0,7732.0,8384.0,7288.0,741434,386733.0,7916.0,145,7918.0,171,7920.0,281,7922.0,258,7924.0,126,7926.0,205,7928.0,234,7930.0,264,7932.0,201,7934.0,205,7924.0
p2409,DCE,13:39:39.54#,7892.0,7956.0,7732.0,8384.0,7288.0,741439,386731.0,7916.0,145,7918.0,171,7920.0,281,7922.0,252,7924.0,135,7926.0,172,7928.0,231,7930.0,264,7932.0,201,7934.0,205,7924.0
p2409,DCE,13:39:39.318#,7892.0,7956.0,7732.0,8384.0,7288.0,741450,386720.0,7916.0,145,7918.0,171,7920.0,281,7922.0,252,7924.0,111,7926.0,168,7928.0,225,7930.0,264,7932.0,201,7934.0,205,7924.0
p2409,DCE,13:39:39.570#,7892.0,7956.0,7732.0,8384.0,7288.0,741452,386720.0,7916.0,145,7918.0,171,7920.0,281,7922.0,259,7924.0,108,7926.0,208,7928.0,230,7930.0,264,7932.0,201,7934.0,205,7924.0
p2409,DCE,13:39:39.819#,7892.0,7956.0,7732.0,8384.0,7288.0,741459,386723.0,7916.0,145,7918.0,171,7920.0,281,7922.0,244,7924.0,65,7926.0,215,7928.0,216,7930.0,264,7932.0,201,7934.0,205,7924.0
p2409,DCE,13:39:40.11#,7892.0,7956.0,7732.0,8384.0,7288.0,741501,386724.0,7916.0,145,7918.0,171,7920.0,281,7922.0,245,7924.0,58,7926.0,216,7928.0,217,7930.0,259,7932.0,201,7934.0,204,7924.0
p2409,DCE,13:39:40.316#,7892.0,7956.0,7732.0,8384.0,7288.0,741528,386741.0,7916.0,145,7918.0,171,7920.0,281,7922.0,246,7924.0,42,7926.0,216,7928.0,214,7930.0,259,7932.0,201,7934.0,204,7924.0
p2409,DCE,13:39:40.572#,7892.0,7956.0,7732.0,8384.0,7288.0,741536,386743.0,7916.0,145,7918.0,171,7920.0,281,7922.0,246,7924.0,44,7926.0,212,7928.0,214,7930.0,259,7932.0,201,7934.0,204,7924.0
p2409,DCE,13:39:40.808#,7892.0,7956.0,7732.0,8384.0,7288.0,741541,386744.0,7916.0,145,7918.0,170,7920.0,281,7922.0,248,7924.0,55,7926.0,212,7928.0,213,7930.0,260,7932.0,202,7934.0,204,7924.0
p2409,DCE,13:39:41.71#,7892.0,7956.0,7732.0,8384.0,7288.0,741546,386744.0,7916.0,145,7918.0,170,7920.0,281,7922.0,250,7924.0,61,7926.0,212,7928.0,213,7930.0,260,7932.0,202,7934.0,204,7924.0
p2409,DCE,13:39:41.293#,7892.0,7956.0,7732.0,8384.0,7288.0,741625,386773.0,7914.0,112,7916.0,145,7918.0,170,7920.0,281,7922.0,251,7924.0,32,7926.0,217,7928.0,209,7930.0,260,7932.0,202,7924.0
p2409,DCE,13:39:41.554#,7892.0,7956.0,7732.0,8384.0,7288.0,741626,386773.0,7914.0,111,7916.0,145,7918.0,170,7920.0,282,7922.0,239,7924.0,86,7926.0,225,7928.0,215,7930.0,260,7932.0,202,7924.0
p2409,DCE,13:39:41.809#,7892.0,7956.0,7732.0,8384.0,7288.0,741631,386774.0,7914.0,111,7916.0,144,7918.0,172,7920.0,281,7922.0,241,7924.0,95,7926.0,226,7928.0,216,7930.0,260,7932.0,202,7924.0
p2409,DCE,13:39:42.51#,7892.0,7956.0,7732.0,8384.0,7288.0,741652,386772.0,7914.0,111,7916.0,144,7918.0,173,7920.0,281,7922.0,227,7924.0,88,7926.0,230,7928.0,222,7930.0,260,7932.0,202,7922.0
p2409,DCE,13:39:42.304#,7892.0,7956.0,7732.0,8384.0,7288.0,741704,386745.0,7914.0,111,7916.0,144,7918.0,173,7920.0,281,7922.0,185,7924.0,86,7926.0,229,7928.0,222,7930.0,260,7932.0,203,7922.0
p2409,DCE,13:39:42.568#,7892.0,7956.0,7732.0,8384.0,7288.0,741716,386744.0,7914.0,111,7916.0,144,7918.0,173,7920.0,281,7922.0,183,7924.0,83,7926.0,229,7928.0,220,7930.0,298,7932.0,166,7924.0
p2409,DCE,13:39:42.783#,7892.0,7956.0,7732.0,8384.0,7288.0,741761,386718.0,7914.0,111,7916.0,144,7918.0,173,7920.0,282,7922.0,139,7924.0,91,7926.0,229,7928.0,220,7930.0,298,7932.0,168,7922.0
p2409,DCE,13:39:43.15#,7892.0,7956.0,7732.0,8384.0,7288.0,741761,386718.0,7914.0,111,7916.0,144,7918.0,173,7920.0,293,7922.0,135,7924.0,152,7926.0,238,7928.0,177,7930.0,298,7932.0,156,7922.0
p2409,DCE,13:39:43.286#,7892.0,7956.0,7732.0,8384.0,7288.0,741770,386718.0,7914.0,111,7916.0,144,7918.0,182,7920.0,287,7922.0,129,7924.0,153,7926.0,270,7928.0,181,7930.0,298,7932.0,156,7924.0
p2409,DCE,13:39:43.560#,7892.0,7956.0,7732.0,8384.0,7288.0,741780,386718.0,7914.0,111,7916.0,144,7918.0,183,7920.0,287,7922.0,132,7924.0,151,7926.0,273,7928.0,171,7930.0,302,7932.0,157,7922.0
p2409,DCE,13:39:43.820#,7892.0,7956.0,7732.0,8384.0,7288.0,741801,386698.0,7914.0,111,7916.0,144,7918.0,183,7920.0,287,7922.0,117,7924.0,150,7926.0,249,7928.0,171,7930.0,302,7932.0,157,7924.0
p2409,DCE,13:39:44.44#,7892.0,7956.0,7732.0,8384.0,7288.0,741841,386690.0,7914.0,111,7916.0,144,7918.0,183,7920.0,280,7922.0,85,7924.0,128,7926.0,238,7928.0,171,7930.0,303,7932.0,157,7922.0
p2409,DCE,13:39:44.311#,7892.0,7956.0,7732.0,8384.0,7288.0,741848,386696.0,7914.0,111,7916.0,144,7918.0,191,7920.0,280,7922.0,97,7924.0,127,7926.0,232,7928.0,171,7930.0,303,7932.0,157,7922.0
p2409,DCE,13:39:44.566#,7892.0,7956.0,7732.0,8384.0,7288.0,741858,386698.0,7914.0,111,7916.0,144,7918.0,191,7920.0,280,7922.0,92,7924.0,132,7926.0,232,7928.0,171,7930.0,303,7932.0,157,7924.0
p2409,DCE,13:39:44.724#,7892.0,7956.0,7732.0,8384.0,7288.0,741859,386698.0,7914.0,111,7916.0,144,7918.0,191,7920.0,280,7922.0,96,7924.0,135,7926.0,231,7928.0,171,7930.0,303,7932.0,157,7924.0
p2409,DCE,13:39:45.53#,7892.0,7956.0,7732.0,8384.0,7288.0,741928,386655.0,7914.0,111,7916.0,144,7918.0,191,7920.0,280,7922.0,24,7924.0,137,7926.0,231,7928.0,171,7930.0,303,7932.0,157,7922.0
p2409,DCE,13:39:45.290#,7892.0,7956.0,7732.0,8384.0,7288.0,741957,386671.0,7912.0,469,7914.0,111,7916.0,144,7918.0,193,7920.0,293,7922.0,47,7924.0,140,7926.0,232,7928.0,171,7930.0,303,7922.0
p2409,DCE,13:39:45.572#,7892.0,7956.0,7732.0,8384.0,7288.0,742047,386713.0,7912.0,471,7914.0,112,7916.0,146,7918.0,206,7920.0,277,7924.0,147,7926.0,222,7928.0,171,7930.0,264,7932.0,157,7924.0
p2409,DCE,13:39:45.821#,7892.0,7956.0,7732.0,8384.0,7288.0,742059,386710.0,7914.0,112,7916.0,142,7918.0,193,7920.0,304,7922.0,13,7924.0,136,7926.0,222,7928.0,181,7930.0,264,7932.0,158,7924.0
p2409,DCE,13:39:46.34#,7892.0,7956.0,7732.0,8384.0,7288.0,742060,386711.0,7914.0,112,7916.0,142,7918.0,195,7920.0,309,7922.0,66,7924.0,133,7926.0,224,7928.0,181,7930.0,265,7932.0,158,7922.0
p2409,DCE,13:39:46.248#,7892.0,7956.0,7732.0,8384.0,7288.0,742073,386722.0,7914.0,113,7916.0,141,7918.0,197,7920.0,315,7922.0,116,7924.0,124,7926.0,224,7928.0,181,7930.0,265,7932.0,156,7922.0
p2409,DCE,13:39:46.560#,7892.0,7956.0,7732.0,8384.0,7288.0,742076,386722.0,7914.0,113,7916.0,142,7918.0,197,7920.0,317,7922.0,122,7924.0,103,7926.0,222,7928.0,181,7930.0,265,7932.0,156,7922.0
p2409,DCE,13:39:46.785#,7892.0,7956.0,7732.0,8384.0,7288.0,742082,386724.0,7914.0,113,7916.0,142,7918.0,197,7920.0,317,7922.0,119,7924.0,85,7926.0,222,7928.0,181,7930.0,265,7932.0,156,7922.0
p2409,DCE,13:39:47.63#,7892.0,7956.0,7732.0,8384.0,7288.0,742189,386683.0,7916.0,142,7918.0,197,7920.0,317,7922.0,120,7924.0,15,7926.0,222,7928.0,181,7930.0,265,7932.0,156,7934.0,202,7924.0
p2409,DCE,13:39:47.304#,7892.0,7956.0,7732.0,8384.0,7288.0,742204,386671.0,7916.0,141,7918.0,197,7920.0,340,7922.0,122,7924.0,93,7926.0,204,7928.0,193,7930.0,267,7932.0,157,7934.0,201,7924.0
p2409,DCE,13:39:47.555#,7892.0,7956.0,7732.0,8384.0,7288.0,742219,386685.0,7916.0,141,7918.0,193,7920.0,296,7922.0,149,7924.0,89,7926.0,161,7928.0,200,7930.0,267,7932.0,157,7934.0,201,7924.0
p2409,DCE,13:39:47.815#,7892.0,7956.0,7732.0,8384.0,7288.0,742241,386697.0,7916.0,141,7918.0,193,7920.0,305,7922.0,169,7924.0,68,7926.0,161,7928.0,195,7930.0,267,7932.0,157,7934.0,201,7924.0
p2409,DCE,13:39:48.22#,7892.0,7956.0,7732.0,8384.0,7288.0,742251,386705.0,7916.0,141,7918.0,193,7920.0,304,7922.0,181,7924.0,57,7926.0,197,7928.0,193,7930.0,267,7932.0,157,7934.0,199,7926.0
p2409,DCE,13:39:48.321#,7892.0,7956.0,7732.0,8384.0,7288.0,742264,386717.0,7916.0,145,7918.0,193,7920.0,304,7922.0,182,7924.0,42,7926.0,194,7928.0,191,7930.0,267,7932.0,157,7934.0,199,7924.0
p2409,DCE,13:39:48.572#,7892.0,7956.0,7732.0,8384.0,7288.0,742315,386717.0,7916.0,145,7918.0,193,7920.0,304,7922.0,187,7924.0,34,7926.0,145,7928.0,191,7930.0,267,7932.0,157,7934.0,199,7926.0
p2409,DCE,13:39:48.791#,7892.0,7956.0,7732.0,8384.0,7288.0,742321,386715.0,7916.0,145,7918.0,193,7920.0,305,7922.0,188,7924.0,113,7926.0,147,7928.0,190,7930.0,267,7932.0,156,7934.0,199,7924.0
p2409,DCE,13:39:49.63#,7892.0,7956.0,7732.0,8384.0,7288.0,742328,386720.0,7916.0,145,7918.0,193,7920.0,305,7922.0,188,7924.0,108,7926.0,148,7928.0,188,7930.0,267,7932.0,156,7934.0,199,7924.0
p2409,DCE,13:39:49.316#,7892.0,7956.0,7732.0,8384.0,7288.0,742331,386722.0,7916.0,145,7918.0,193,7920.0,306,7922.0,191,7924.0,115,7926.0,149,7928.0,174,7930.0,312,7932.0,156,7934.0,199,7924.0
p2409,DCE,13:39:49.568#,7892.0,7956.0,7732.0,8384.0,7288.0,742331,386722.0,7916.0,145,7918.0,193,7920.0,306,7922.0,191,7924.0,119,7926.0,150,7928.0,176,7930.0,312,7932.0,156,7934.0,199,7924.0
p2409,DCE,13:39:49.817#,7892.0,7956.0,7732.0,8384.0,7288.0,742334,386721.0,7916.0,145,7918.0,193,7920.0,307,7922.0,192,7924.0,170,7926.0,150,7928.0,175,7930.0,312,7932.0,156,7934.0,199,7924.0
p2409,DCE,13:39:50.56#,7892.0,7956.0,7732.0,8384.0,7288.0,742339,386725.0,7916.0,145,7918.0,193,7920.0,307,7922.0,201,7924.0,173,7926.0,146,7928.0,168,7930.0,377,7932.0,156,7934.0,199,7926.0
p2409,DCE,13:39:50.296#,7892.0,7956.0,7732.0,8384.0,7288.0,742342,386723.0,7916.0,145,7918.0,193,7920.0,298,7922.0,216,7924.0,174,7926.0,145,7928.0,172,7930.0,372,7932.0,156,7934.0,199,7924.0
p2409,DCE,13:39:50.492#,7892.0,7956.0,7732.0,8384.0,7288.0,742347,386723.0,7916.0,145,7918.0,193,7920.0,298,7922.0,227,7924.0,174,7926.0,140,7928.0,172,7930.0,372,7932.0,156,7934.0,199,7926.0
p2409,DCE,13:39:50.817#,7892.0,7956.0,7732.0,8384.0,7288.0,742349,386724.0,7916.0,145,7918.0,193,7920.0,298,7922.0,230,7924.0,173,7926.0,139,7928.0,173,7930.0,371,7932.0,156,7934.0,198,7924.0
p2409,DCE,13:39:51.55#,7892.0,7956.0,7732.0,8384.0,7288.0,742352,386725.0,7916.0,145,7918.0,193,7920.0,298,7922.0,229,7924.0,171,7926.0,139,7928.0,173,7930.0,372,7932.0,156,7934.0,198,7924.0
p2409,DCE,13:39:51.290#,7892.0,7956.0,7732.0,8384.0,7288.0,742352,386725.0,7916.0,145,7918.0,193,7920.0,295,7922.0,231,7924.0,171,7926.0,140,7928.0,172,7930.0,372,7932.0,156,7934.0,198,7924.0
p2409,DCE,13:39:51.526#,7892.0,7956.0,7732.0,8384.0,7288.0,742353,386726.0,7916.0,145,7918.0,194,7920.0,298,7922.0,231,7924.0,188,7926.0,141,7928.0,172,7930.0,372,7932.0,156,7934.0,198,7924.0
p2409,DCE,13:39:51.764#,7892.0,7956.0,7732.0,8384.0,7288.0,742357,386728.0,7916.0,145,7918.0,194,7920.0,298,7922.0,232,7924.0,186,7926.0,155,7928.0,171,7930.0,372,7932.0,206,7934.0,198,7924.0
p2409,DCE,13:39:52.63#,7892.0,7956.0,7732.0,8384.0,7288.0,742364,386733.0,7916.0,145,7918.0,194,7920.0,304,7922.0,235,7924.0,179,7926.0,194,7928.0,172,7930.0,372,7932.0,208,7934.0,198,7924.0
p2409,DCE,13:39:52.315#,7892.0,7956.0,7732.0,8384.0,7288.0,742367,386735.0,7916.0,145,7918.0,196,7920.0,305,7922.0,206,7924.0,150,7926.0,195,7928.0,172,7930.0,372,7932.0,209,7934.0,198,7924.0
p2409,DCE,13:39:52.540#,7892.0,7956.0,7732.0,8384.0,7288.0,742373,386736.0,7916.0,146,7918.0,195,7920.0,306,7922.0,201,7924.0,143,7926.0,196,7928.0,164,7930.0,373,7932.0,209,7934.0,198,7924.0
p2409,DCE,13:39:52.785#,7892.0,7956.0,7732.0,8384.0,7288.0,742374,386736.0,7916.0,146,7918.0,195,7920.0,306,7922.0,201,7924.0,151,7926.0,199,7928.0,165,7930.0,374,7932.0,210,7934.0,198,7926.0
p2409,DCE,13:39:53.51#,7892.0,7956.0,7732.0,8384.0,7288.0,742375,386735.0,7916.0,146,7918.0,196,7920.0,306,7922.0,205,7924.0,151,7926.0,199,7928.0,162,7930.0,375,7932.0,210,7934.0,198,7924.0
p2409,DCE,13:39:53.231#,7892.0,7956.0,7732.0,8384.0,7288.0,742378,386734.0,7916.0,146,7918.0,196,7920.0,306,7922.0,205,7924.0,149,7926.0,200,7928.0,162,7930.0,375,7932.0,210,7934.0,198,7924.0
p2409,DCE,13:39:53.531#,7892.0,7956.0,7732.0,8384.0,7288.0,742379,386735.0,7916.0,146,7918.0,196,7920.0,307,7922.0,207,7924.0,148,7926.0,201,7928.0,162,7930.0,375,7932.0,210,7934.0,198,7924.0
p2409,DCE,13:39:53.758#,7892.0,7956.0,7732.0,8384.0,7288.0,742381,386737.0,7916.0,146,7918.0,196,7920.0,307,7922.0,207,7924.0,148,7926.0,199,7928.0,162,7930.0,376,7932.0,210,7934.0,197,7926.0
p2409,DCE,13:39:54.59#,7892.0,7956.0,7732.0,8384.0,7288.0,742394,386738.0,7916.0,146,7918.0,195,7920.0,307,7922.0,208,7924.0,148,7926.0,187,7928.0,162,7930.0,375,7932.0,211,7934.0,197,7924.0
p2409,DCE,13:39:54.308#,7892.0,7956.0,7732.0,8384.0,7288.0,742394,386738.0,7916.0,147,7918.0,195,7920.0,307,7922.0,208,7924.0,149,7926.0,186,7928.0,167,7930.0,374,7932.0,211,7934.0,197,7924.0
p2409,DCE,13:39:54.550#,7892.0,7956.0,7732.0,8384.0,7288.0,742396,386740.0,7916.0,147,7918.0,195,7920.0,307,7922.0,207,7924.0,148,7926.0,224,7928.0,167,7930.0,374,7932.0,211,7934.0,192,7924.0
p2409,DCE,13:39:54.807#,7892.0,7956.0,7732.0,8384.0,7288.0,742429,386743.0,7916.0,147,7918.0,195,7920.0,307,7922.0,207,7924.0,139,7926.0,193,7928.0,167,7930.0,374,7932.0,211,7934.0,192,7926.0
p2409,DCE,13:39:55.64#,7892.0,7956.0,7732.0,8384.0,7288.0,742531,386730.0,7916.0,147,7918.0,195,7920.0,308,7922.0,213,7924.0,137,7926.0,94,7928.0,169,7930.0,373,7932.0,211,7934.0,192,7926.0
p2409,DCE,13:39:55.318#,7892.0,7956.0,7732.0,8384.0,7288.0,742608,386800.0,7916.0,147,7918.0,195,7920.0,308,7922.0,227,7924.0,135,7926.0,25,7928.0,170,7930.0,372,7932.0,211,7934.0,192,7924.0
p2409,DCE,13:39:55.566#,7892.0,7956.0,7732.0,8384.0,7288.0,742634,386813.0,7918.0,195,7920.0,308,7922.0,227,7924.0,136,7926.0,13,7928.0,170,7930.0,394,7932.0,212,7934.0,192,7936.0,266,7926.0
p2409,DCE,13:39:55.783#,7892.0,7956.0,7732.0,8384.0,7288.0,742657,386812.0,7916.0,147,7918.0,195,7920.0,309,7922.0,210,7924.0,147,7926.0,70,7928.0,167,7930.0,390,7932.0,213,7934.0,192,7924.0
p2409,DCE,13:39:56.65#,7892.0,7956.0,7732.0,8384.0,7288.0,742657,386812.0,7916.0,147,7918.0,195,7920.0,309,7922.0,234,7924.0,138,7926.0,74,7928.0,168,7930.0,370,7932.0,213,7934.0,193,7924.0
p2409,DCE,13:39:56.272#,7892.0,7956.0,7732.0,8384.0,7288.0,742680,386793.0,7916.0,146,7918.0,195,7920.0,309,7922.0,233,7924.0,115,7926.0,49,7928.0,168,7930.0,371,7932.0,213,7934.0,193,7926.0
p2409,DCE,13:39:56.567#,7892.0,7956.0,7732.0,8384.0,7288.0,742682,386794.0,7916.0,146,7918.0,196,7920.0,310,7922.0,238,7924.0,125,7926.0,60,7928.0,170,7930.0,371,7932.0,213,7934.0,193,7926.0
p2409,DCE,13:39:56.815#,7892.0,7956.0,7732.0,8384.0,7288.0,742683,386794.0,7916.0,146,7918.0,195,7920.0,310,7922.0,238,7924.0,130,7926.0,61,7928.0,170,7930.0,462,7932.0,213,7934.0,193,7924.0
p2409,DCE,13:39:57.62#,7892.0,7956.0,7732.0,8384.0,7288.0,742690,386793.0,7916.0,146,7918.0,195,7920.0,310,7922.0,238,7924.0,143,7926.0,45,7928.0,179,7930.0,461,7932.0,213,7934.0,193,7926.0
p2409,DCE,13:39:57.321#,7892.0,7956.0,7732.0,8384.0,7288.0,742701,386799.0,7916.0,146,7918.0,195,7920.0,310,7922.0,240,7924.0,144,7926.0,20,7928.0,178,7930.0,482,7932.0,212,7934.0,192,7926.0
p2409,DCE,13:39:57.551#,7892.0,7956.0,7732.0,8384.0,7288.0,742735,386809.0,7916.0,146,7918.0,195,7920.0,310,7922.0,213,7924.0,147,7928.0,174,7930.0,483,7932.0,212,7934.0,192,7936.0,280,7926.0
p2409,DCE,13:39:57.779#,7892.0,7956.0,7732.0,8384.0,7288.0,742735,386809.0,7916.0,146,7918.0,195,7920.0,310,7922.0,214,7924.0,158,7926.0,3,7928.0,175,7930.0,479,7932.0,212,7934.0,192,7926.0
p2409,DCE,13:39:58.34#,7892.0,7956.0,7732.0,8384.0,7288.0,742758,386814.0,7916.0,146,7918.0,195,7920.0,310,7922.0,215,7924.0,159,7926.0,482,7928.0,176,7930.0,478,7932.0,212,7934.0,192,7926.0
p2409,DCE,13:39:58.317#,7892.0,7956.0,7732.0,8384.0,7288.0,742759,386814.0,7916.0,145,7918.0,194,7920.0,312,7922.0,240,7924.0,136,7926.0,520,7928.0,184,7930.0,462,7932.0,213,7934.0,192,7926.0
p2409,DCE,13:39:58.522#,7892.0,7956.0,7732.0,8384.0,7288.0,742771,386823.0,7916.0,145,7918.0,196,7920.0,312,7922.0,241,7924.0,125,7926.0,489,7928.0,188,7930.0,463,7932.0,213,7934.0,192,7924.0
p2409,DCE,13:39:58.815#,7892.0,7956.0,7732.0,8384.0,7288.0,742872,386824.0,7916.0,145,7918.0,196,7920.0,312,7922.0,242,7924.0,132,7926.0,393,7928.0,188,7930.0,462,7932.0,213,7934.0,192,7926.0
p2409,DCE,13:39:59.61#,7892.0,7956.0,7732.0,8384.0,7288.0,742907,386815.0,7916.0,145,7918.0,196,7920.0,312,7922.0,242,7924.0,133,7926.0,393,7928.0,187,7930.0,461,7932.0,213,7934.0,192,7924.0
p2409,DCE,13:39:59.253#,7892.0,7956.0,7732.0,8384.0,7288.0,742918,386814.0,7916.0,145,7918.0,196,7920.0,312,7922.0,241,7924.0,129,7926.0,392,7928.0,186,7930.0,462,7932.0,213,7934.0,192,7924.0
p2409,DCE,13:39:59.530#,7892.0,7956.0,7732.0,8384.0,7288.0,742919,386815.0,7916.0,145,7918.0,196,7920.0,311,7922.0,241,7924.0,149,7926.0,397,7928.0,186,7930.0,462,7932.0,213,7934.0,192,7926.0
p2409,DCE,13:39:59.806#,7892.0,7956.0,7732.0,8384.0,7288.0,742945,386822.0,7916.0,145,7918.0,197,7920.0,311,7922.0,241,7924.0,136,7926.0,390,7928.0,187,7930.0,463,7932.0,213,7934.0,192,7924.0
p2409,DCE,13:40:00.68#,7892.0,7956.0,7732.0,8384.0,7288.0,742947,386824.0,7916.0,145,7918.0,197,7920.0,314,7922.0,241,7924.0,136,7926.0,388,7928.0,187,7930.0,464,7932.0,213,7934.0,192,7926.0
p2409,DCE,13:40:00.268#,7892.0,7956.0,7732.0,8384.0,7288.0,742949,386824.0,7916.0,145,7918.0,197,7920.0,314,7922.0,240,7924.0,145,7926.0,388,7928.0,187,7930.0,463,7932.0,213,7934.0,192,7924.0
p2409,DCE,13:40:00.530#,7892.0,7956.0,7732.0,8384.0,7288.0,742955,386827.0,7916.0,145,7918.0,197,7920.0,315,7922.0,239,7924.0,141,7926.0,387,7928.0,187,7930.0,464,7932.0,218,7934.0,192,7926.0
p2409,DCE,13:40:00.818#,7892.0,7956.0,7732.0,8384.0,7288.0,742956,386828.0,7916.0,145,7918.0,197,7920.0,315,7922.0,239,7924.0,141,7926.0,388,7928.0,187,7930.0,465,7932.0,218,7934.0,192,7926.0
p2409,DCE,13:40:00.974#,7892.0,7956.0,7732.0,8384.0,7288.0,742958,386830.0,7916.0,145,7918.0,197,7920.0,315,7922.0,236,7924.0,141,7926.0,386,7928.0,188,7930.0,465,7932.0,218,7934.0,192,7926.0
p2409,DCE,13:40:01.258#,7892.0,7956.0,7732.0,8384.0,7288.0,742959,386831.0,7916.0,143,7918.0,197,7920.0,315,7922.0,237,7924.0,153,7926.0,385,7928.0,188,7930.0,472,7932.0,218,7934.0,192,7926.0
p2409,DCE,13:40:01.558#,7892.0,7956.0,7732.0,8384.0,7288.0,742963,386832.0,7916.0,143,7918.0,197,7920.0,345,7922.0,237,7924.0,154,7926.0,388,7928.0,188,7930.0,472,7932.0,218,7934.0,192,7926.0
p2409,DCE,13:40:01.790#,7892.0,7956.0,7732.0,8384.0,7288.0,742966,386835.0,7916.0,143,7918.0,197,7920.0,345,7922.0,236,7924.0,154,7926.0,390,7928.0,186,7930.0,471,7932.0,218,7934.0,192,7924.0
p2409,DCE,13:40:01.879#,7892.0,7956.0,7732.0,8384.0,7288.0,742976,386838.0,7916.0,143,7918.0,197,7920.0,345,7922.0,236,7924.0,139,7926.0,393,7928.0,187,7930.0,471,7932.0,218,7934.0,192,7924.0
p2409,DCE,13:40:02.320#,7892.0,7956.0,7732.0,8384.0,7288.0,742980,386840.0,7916.0,143,7918.0,197,7920.0,345,7922.0,241,7924.0,147,7926.0,397,7928.0,188,7930.0,471,7932.0,218,7934.0,192,7924.0
p2409,DCE,13:40:02.562#,7892.0,7956.0,7732.0,8384.0,7288.0,742980,386840.0,7916.0,143,7918.0,197,7920.0,345,7922.0,246,7924.0,154,7926.0,397,7928.0,188,7930.0,509,7932.0,218,7934.0,192,7924.0
p2409,DCE,13:40:02.646#,7892.0,7956.0,7732.0,8384.0,7288.0,743080,386840.0,7916.0,143,7918.0,197,7920.0,345,7922.0,246,7924.0,154,7926.0,297,7928.0,188,7930.0,509,7932.0,218,7934.0,192,7926.0
p2409,DCE,13:40:02.975#,7892.0,7956.0,7732.0,8384.0,7288.0,743083,386838.0,7916.0,143,7918.0,197,7920.0,345,7922.0,249,7924.0,151,7926.0,298,7928.0,187,7930.0,508,7932.0,218,7934.0,192,7924.0
p2409,DCE,13:40:03.295#,7892.0,7956.0,7732.0,8384.0,7288.0,743086,386838.0,7916.0,143,7918.0,196,7920.0,345,7922.0,248,7924.0,149,7926.0,298,7928.0,187,7930.0,511,7932.0,218,7934.0,192,7924.0
p2409,DCE,13:40:03.566#,7892.0,7956.0,7732.0,8384.0,7288.0,743087,386838.0,7916.0,143,7918.0,196,7920.0,345,7922.0,247,7924.0,148,7926.0,299,7928.0,187,7930.0,511,7932.0,220,7934.0,192,7924.0
p2409,DCE,13:40:03.764#,7892.0,7956.0,7732.0,8384.0,7288.0,743087,386838.0,7916.0,143,7918.0,196,7920.0,345,7922.0,248,7924.0,148,7926.0,300,7928.0,187,7930.0,511,7932.0,220,7934.0,192,7924.0
p2409,DCE,13:40:04.52#,7892.0,7956.0,7732.0,8384.0,7288.0,743087,386838.0,7916.0,143,7918.0,196,7920.0,346,7922.0,248,7924.0,148,7926.0,301,7928.0,188,7930.0,511,7932.0,220,7934.0,192,7924.0
p2409,DCE,13:40:04.264#,7892.0,7956.0,7732.0,8384.0,7288.0,743105,386844.0,7916.0,143,7918.0,196,7920.0,346,7922.0,251,7924.0,133,7926.0,300,7928.0,190,7930.0,511,7932.0,222,7934.0,192,7926.0
p2409,DCE,13:40:04.493#,7892.0,7956.0,7732.0,8384.0,7288.0,743117,386849.0,7916.0,143,7918.0,196,7920.0,346,7922.0,249,7924.0,121,7926.0,299,7928.0,201,7930.0,511,7932.0,222,7934.0,192,7924.0
p2409,DCE,13:40:04.821#,7892.0,7956.0,7732.0,8384.0,7288.0,743118,386849.0,7916.0,145,7918.0,196,7920.0,346,7922.0,238,7924.0,119,7926.0,304,7928.0,211,7930.0,466,7932.0,222,7934.0,192,7924.0
p2409,DCE,13:40:05.17#,7892.0,7956.0,7732.0,8384.0,7288.0,743119,386849.0,7916.0,145,7918.0,196,7920.0,347,7922.0,230,7924.0,121,7926.0,304,7928.0,213,7930.0,466,7932.0,222,7934.0,192,7926.0
p2409,DCE,13:40:05.302#,7892.0,7956.0,7732.0,8384.0,7288.0,743119,386849.0,7916.0,145,7918.0,196,7920.0,347,7922.0,231,7924.0,121,7926.0,304,7928.0,213,7930.0,466,7932.0,222,7934.0,192,7926.0
p2409,DCE,13:40:05.567#,7892.0,7956.0,7732.0,8384.0,7288.0,743119,386849.0,7916.0,145,7918.0,196,7920.0,359,7922.0,219,7924.0,122,7926.0,305,7928.0,210,7930.0,466,7932.0,222,7934.0,192,7926.0
p2409,DCE,13:40:05.807#,7892.0,7956.0,7732.0,8384.0,7288.0,743120,386850.0,7916.0,145,7918.0,196,7920.0,359,7922.0,219,7924.0,122,7926.0,305,7928.0,210,7930.0,466,7932.0,222,7934.0,192,7926.0
p2409,DCE,13:40:06.6#,7892.0,7956.0,7732.0,8384.0,7288.0,743120,386850.0,7916.0,145,7918.0,196,7920.0,358,7922.0,219,7924.0,122,7926.0,305,7928.0,213,7930.0,466,7932.0,222,7934.0,192,7926.0
p2409,DCE,13:40:06.292#,7892.0,7956.0,7732.0,8384.0,7288.0,743125,386854.0,7916.0,145,7918.0,196,7920.0,358,7922.0,219,7924.0,118,7926.0,305,7928.0,213,7930.0,466,7932.0,222,7934.0,192,7924.0
p2409,DCE,13:40:06.571#,7892.0,7956.0,7732.0,8384.0,7288.0,743228,386855.0,7916.0,145,7918.0,196,7920.0,359,7922.0,219,7924.0,119,7926.0,204,7928.0,213,7930.0,466,7932.0,222,7934.0,192,7926.0
p2409,DCE,13:40:06.809#,7892.0,7956.0,7732.0,8384.0,7288.0,743229,386855.0,7916.0,145,7918.0,196,7920.0,360,7922.0,220,7924.0,125,7926.0,205,7928.0,211,7930.0,465,7932.0,222,7934.0,192,7924.0
p2409,DCE,13:40:06.974#,7892.0,7956.0,7732.0,8384.0,7288.0,743233,386855.0,7916.0,146,7918.0,211,7920.0,360,7922.0,219,7924.0,121,7926.0,206,7928.0,212,7930.0,463,7932.0,222,7934.0,192,7924.0
p2409,DCE,13:40:07.259#,7892.0,7956.0,7732.0,8384.0,7288.0,743235,386855.0,7916.0,146,7918.0,211,7920.0,360,7922.0,219,7924.0,122,7926.0,212,7928.0,212,7930.0,463,7932.0,222,7934.0,192,7926.0
p2409,DCE,13:40:07.493#,7892.0,7956.0,7732.0,8384.0,7288.0,743239,386851.0,7916.0,146,7918.0,211,7920.0,348,7922.0,220,7924.0,118,7926.0,212,7928.0,212,7930.0,463,7932.0,222,7934.0,192,7924.0
p2409,DCE,13:40:07.820#,7892.0,7956.0,7732.0,8384.0,7288.0,743241,386851.0,7916.0,146,7918.0,211,7920.0,348,7922.0,220,7924.0,118,7926.0,210,7928.0,212,7930.0,463,7932.0,222,7934.0,192,7926.0
p2409,DCE,13:40:08.41#,7892.0,7956.0,7732.0,8384.0,7288.0,743245,386850.0,7916.0,146,7918.0,211,7920.0,348,7922.0,221,7924.0,117,7926.0,211,7928.0,212,7930.0,462,7932.0,222,7934.0,193,7924.0
p2409,DCE,13:40:08.258#,7892.0,7956.0,7732.0,8384.0,7288.0,743246,386850.0,7916.0,146,7918.0,211,7920.0,348,7922.0,222,7924.0,115,7926.0,223,7928.0,212,7930.0,513,7932.0,222,7934.0,193,7924.0
p2409,DCE,13:40:08.495#,7892.0,7956.0,7732.0,8384.0,7288.0,743361,386878.0,7914.0,121,7916.0,146,7918.0,211,7920.0,358,7922.0,222,7926.0,244,7928.0,212,7930.0,513,7932.0,222,7934.0,193,7924.0
p2409,DCE,13:40:08.795#,7892.0,7956.0,7732.0,8384.0,7288.0,743361,386878.0,7914.0,121,7916.0,146,7918.0,211,7920.0,393,7922.0,236,7924.0,172,7926.0,275,7928.0,189,7930.0,504,7932.0,222,7924.0
p2409,DCE,13:40:09.31#,7892.0,7956.0,7732.0,8384.0,7288.0,743361,386878.0,7914.0,121,7916.0,146,7918.0,211,7920.0,392,7922.0,227,7924.0,204,7926.0,285,7928.0,193,7930.0,504,7932.0,222,7924.0
p2409,DCE,13:40:09.236#,7892.0,7956.0,7732.0,8384.0,7288.0,743367,386872.0,7914.0,121,7916.0,146,7918.0,211,7920.0,390,7922.0,227,7924.0,204,7926.0,281,7928.0,195,7930.0,504,7932.0,221,7924.0
p2409,DCE,13:40:09.572#,7892.0,7956.0,7732.0,8384.0,7288.0,743368,386871.0,7914.0,121,7916.0,146,7918.0,211,7920.0,387,7922.0,240,7924.0,203,7926.0,282,7928.0,195,7930.0,506,7932.0,221,7924.0
p2409,DCE,13:40:09.782#,7892.0,7956.0,7732.0,8384.0,7288.0,743370,386872.0,7914.0,121,7916.0,146,7918.0,211,7920.0,386,7922.0,250,7924.0,192,7926.0,282,7928.0,200,7930.0,506,7932.0,221,7924.0
p2409,DCE,13:40:09.991#,7892.0,7956.0,7732.0,8384.0,7288.0,743375,386872.0,7914.0,121,7916.0,146,7918.0,211,7920.0,381,7922.0,259,7924.0,161,7926.0,283,7928.0,200,7930.0,506,7932.0,271,7922.0
p2409,DCE,13:40:10.269#,7892.0,7956.0,7732.0,8384.0,7288.0,743377,386871.0,7914.0,121,7916.0,146,7918.0,211,7920.0,381,7922.0,261,7924.0,156,7926.0,283,7928.0,200,7930.0,508,7932.0,271,7924.0
p2409,DCE,13:40:10.484#,7892.0,7956.0,7732.0,8384.0,7288.0,743377,386871.0,7914.0,121,7916.0,146,7918.0,211,7920.0,382,7922.0,262,7924.0,158,7926.0,284,7928.0,200,7930.0,508,7932.0,271,7924.0
p2409,DCE,13:40:10.694#,7892.0,7956.0,7732.0,8384.0,7288.0,743481,386800.0,7914.0,121,7916.0,146,7918.0,211,7920.0,382,7922.0,267,7924.0,55,7926.0,285,7928.0,200,7930.0,508,7932.0,271,7924.0
p2409,DCE,13:40:11.52#,7892.0,7956.0,7732.0,8384.0,7288.0,743522,386797.0,7914.0,121,7916.0,146,7918.0,211,7920.0,382,7922.0,272,7924.0,3,7926.0,287,7928.0,198,7930.0,508,7932.0,271,7924.0
p2409,DCE,13:40:11.313#,7892.0,7956.0,7732.0,8384.0,7288.0,743534,386792.0,7914.0,121,7916.0,146,7918.0,211,7920.0,392,7922.0,272,7924.0,32,7926.0,287,7928.0,196,7930.0,508,7932.0,272,7924.0
p2409,DCE,13:40:11.568#,7892.0,7956.0,7732.0,8384.0,7288.0,743542,386790.0,7914.0,121,7916.0,146,7918.0,211,7920.0,387,7922.0,266,7924.0,123,7926.0,287,7928.0,197,7930.0,508,7932.0,271,7924.0
p2409,DCE,13:40:11.705#,7892.0,7956.0,7732.0,8384.0,7288.0,743542,386790.0,7914.0,121,7916.0,146,7918.0,212,7920.0,382,7922.0,262,7924.0,127,7926.0,288,7928.0,199,7930.0,509,7932.0,271,7924.0
p2409,DCE,13:40:11.999#,7892.0,7956.0,7732.0,8384.0,7288.0,743544,386789.0,7914.0,121,7916.0,146,7918.0,212,7920.0,381,7922.0,260,7924.0,128,7926.0,287,7928.0,199,7930.0,509,7932.0,271,7924.0
p2409,DCE,13:40:12.306#,7892.0,7956.0,7732.0,8384.0,7288.0,743559,386797.0,7914.0,121,7916.0,146,7918.0,212,7920.0,379,7922.0,247,7924.0,127,7926.0,301,7928.0,199,7930.0,509,7932.0,271,7922.0
p2409,DCE,13:40:12.533#,7892.0,7956.0,7732.0,8384.0,7288.0,743560,386798.0,7914.0,121,7916.0,146,7918.0,212,7920.0,379,7922.0,249,7924.0,127,7926.0,301,7928.0,199,7930.0,509,7932.0,271,7922.0
p2409,DCE,13:40:12.789#,7892.0,7956.0,7732.0,8384.0,7288.0,743666,386847.0,7914.0,121,7916.0,146,7918.0,212,7920.0,384,7922.0,240,7924.0,25,7926.0,302,7928.0,200,7930.0,509,7932.0,271,7922.0
p2409,DCE,13:40:13.59#,7892.0,7956.0,7732.0,8384.0,7288.0,743670,386846.0,7914.0,121,7916.0,146,7918.0,212,7920.0,381,7922.0,236,7924.0,30,7926.0,302,7928.0,203,7930.0,509,7932.0,271,7922.0
p2409,DCE,13:40:13.302#,7892.0,7956.0,7732.0,8384.0,7288.0,743672,386846.0,7914.0,122,7916.0,146,7918.0,221,7920.0,379,7922.0,236,7924.0,117,7926.0,302,7928.0,206,7930.0,509,7932.0,271,7922.0
p2409,DCE,13:40:13.523#,7892.0,7956.0,7732.0,8384.0,7288.0,743672,386846.0,7914.0,122,7916.0,146,7918.0,221,7920.0,379,7922.0,237,7924.0,122,7926.0,307,7928.0,207,7930.0,508,7932.0,271,7922.0
p2409,DCE,13:40:13.783#,7892.0,7956.0,7732.0,8384.0,7288.0,743672,386846.0,7914.0,122,7916.0,146,7918.0,221,7920.0,378,7922.0,237,7924.0,123,7926.0,307,7928.0,206,7930.0,508,7932.0,271,7922.0
p2409,DCE,13:40:14.63#,7892.0,7956.0,7732.0,8384.0,7288.0,743683,386841.0,7914.0,122,7916.0,146,7918.0,221,7920.0,378,7922.0,227,7924.0,118,7926.0,307,7928.0,206,7930.0,508,7932.0,271,7922.0
p2409,DCE,13:40:14.291#,7892.0,7956.0,7732.0,8384.0,7288.0,743700,386857.0,7914.0,122,7916.0,146,7918.0,223,7920.0,378,7922.0,212,7924.0,118,7926.0,308,7928.0,206,7930.0,508,7932.0,271,7922.0
p2409,DCE,13:40:14.493#,7892.0,7956.0,7732.0,8384.0,7288.0,743720,386857.0,7914.0,122,7916.0,146,7918.0,223,7920.0,379,7922.0,209,7924.0,107,7926.0,307,7928.0,206,7930.0,508,7932.0,271,7924.0
p2409,DCE,13:40:14.800#,7892.0,7956.0,7732.0,8384.0,7288.0,743731,386868.0,7914.0,122,7916.0,146,7918.0,223,7920.0,379,7922.0,207,7924.0,99,7926.0,308,7928.0,206,7930.0,508,7932.0,271,7922.0
p2409,DCE,13:40:15.71#,7892.0,7956.0,7732.0,8384.0,7288.0,743736,386868.0,7914.0,122,7916.0,149,7918.0,223,7920.0,377,7922.0,204,7924.0,112,7926.0,309,7928.0,206,7930.0,508,7932.0,271,7924.0
p2409,DCE,13:40:15.181#,7892.0,7956.0,7732.0,8384.0,7288.0,743736,386868.0,7914.0,122,7916.0,149,7918.0,224,7920.0,377,7922.0,204,7924.0,116,7926.0,309,7928.0,206,7930.0,508,7932.0,271,7924.0
p2409,DCE,13:40:15.523#,7892.0,7956.0,7732.0,8384.0,7288.0,743747,386874.0,7914.0,122,7916.0,149,7918.0,224,7920.0,374,7922.0,197,7924.0,110,7926.0,310,7928.0,206,7930.0,508,7932.0,271,7924.0
p2409,DCE,13:40:15.745#,7892.0,7956.0,7732.0,8384.0,7288.0,743747,386874.0,7914.0,122,7916.0,149,7918.0,224,7920.0,374,7922.0,199,7924.0,111,7926.0,309,7928.0,206,7930.0,508,7932.0,271,7924.0
p2409,DCE,13:40:16.48#,7892.0,7956.0,7732.0,8384.0,7288.0,743747,386874.0,7914.0,122,7916.0,149,7918.0,224,7920.0,374,7922.0,213,7924.0,107,7926.0,309,7928.0,206,7930.0,508,7932.0,271,7924.0
p2409,DCE,13:40:16.318#,7892.0,7956.0,7732.0,8384.0,7288.0,743860,386851.0,7914.0,122,7916.0,149,7918.0,224,7920.0,375,7922.0,240,7924.0,6,7926.0,310,7928.0,206,7930.0,508,7932.0,271,7922.0
p2409,DCE,13:40:16.535#,7892.0,7956.0,7732.0,8384.0,7288.0,743867,386854.0,7916.0,149,7918.0,224,7920.0,379,7922.0,247,7924.0,60,7926.0,300,7928.0,206,7930.0,508,7932.0,271,7934.0,231,7924.0
p2409,DCE,13:40:16.778#,7892.0,7956.0,7732.0,8384.0,7288.0,743893,386864.0,7916.0,149,7918.0,224,7920.0,385,7922.0,233,7924.0,77,7926.0,270,7928.0,205,7930.0,508,7932.0,271,7934.0,231,7924.0
p2409,DCE,13:40:16.955#,7892.0,7956.0,7732.0,8384.0,7288.0,743893,386864.0,7916.0,149,7918.0,224,7920.0,385,7922.0,233,7924.0,115,7926.0,262,7928.0,202,7930.0,508,7932.0,271,7934.0,231,7924.0
p2409,DCE,13:40:17.281#,7892.0,7956.0,7732.0,8384.0,7288.0,743893,386864.0,7916.0,149,7918.0,215,7920.0,388,7922.0,230,7924.0,119,7926.0,235,7928.0,227,7930.0,508,7932.0,271,7934.0,231,7924.0
p2409,DCE,13:40:17.493#,7892.0,7956.0,7732.0,8384.0,7288.0,743894,386865.0,7916.0,149,7918.0,215,7920.0,372,7922.0,236,7924.0,119,7926.0,235,7928.0,225,7930.0,508,7932.0,271,7934.0,230,7924.0
p2409,DCE,13:40:17.777#,7892.0,7956.0,7732.0,8384.0,7288.0,743895,386866.0,7916.0,149,7918.0,215,7920.0,376,7922.0,236,7924.0,130,7926.0,236,7928.0,225,7930.0,508,7932.0,269,7934.0,230,7924.0
p2409,DCE,13:40:18.33#,7892.0,7956.0,7732.0,8384.0,7288.0,743899,386866.0,7916.0,149,7918.0,215,7920.0,377,7922.0,236,7924.0,127,7926.0,236,7928.0,225,7930.0,508,7932.0,269,7934.0,230,7924.0
p2409,DCE,13:40:18.310#,7892.0,7956.0,7732.0,8384.0,7288.0,743899,386866.0,7916.0,149,7918.0,215,7920.0,379,7922.0,236,7924.0,131,7926.0,236,7928.0,226,7930.0,508,7932.0,271,7934.0,230,7924.0
p2409,DCE,13:40:18.514#,7892.0,7956.0,7732.0,8384.0,7288.0,743899,386866.0,7916.0,149,7918.0,215,7920.0,379,7922.0,236,7924.0,136,7926.0,236,7928.0,225,7930.0,508,7932.0,271,7934.0,230,7924.0
p2409,DCE,13:40:18.784#,7892.0,7956.0,7732.0,8384.0,7288.0,743899,386866.0,7916.0,149,7918.0,210,7920.0,380,7922.0,237,7924.0,136,7926.0,237,7928.0,257,7930.0,508,7932.0,271,7934.0,230,7924.0
p2409,DCE,13:40:19.70#,7892.0,7956.0,7732.0,8384.0,7288.0,743900,386866.0,7916.0,149,7918.0,210,7920.0,380,7922.0,238,7924.0,137,7926.0,237,7928.0,263,7930.0,508,7932.0,271,7934.0,230,7924.0
p2409,DCE,13:40:19.305#,7892.0,7956.0,7732.0,8384.0,7288.0,743905,386866.0,7916.0,149,7918.0,210,7920.0,380,7922.0,235,7924.0,138,7926.0,234,7928.0,258,7930.0,509,7932.0,271,7934.0,230,7924.0
p2409,DCE,13:40:19.498#,7892.0,7956.0,7732.0,8384.0,7288.0,743907,386866.0,7916.0,149,7918.0,210,7920.0,381,7922.0,238,7924.0,136,7926.0,234,7928.0,259,7930.0,509,7932.0,271,7934.0,230,7924.0
p2409,DCE,13:40:19.822#,7892.0,7956.0,7732.0,8384.0,7288.0,743924,386866.0,7916.0,149,7918.0,210,7920.0,381,7922.0,218,7924.0,119,7926.0,234,7928.0,260,7930.0,509,7932.0,271,7934.0,230,7924.0
p2409,DCE,13:40:20.54#,7892.0,7956.0,7732.0,8384.0,7288.0,744031,386866.0,7916.0,149,7918.0,210,7920.0,381,7922.0,215,7924.0,112,7926.0,135,7928.0,260,7930.0,510,7932.0,272,7934.0,230,7924.0
p2409,DCE,13:40:20.265#,7892.0,7956.0,7732.0,8384.0,7288.0,744042,386869.0,7916.0,149,7918.0,210,7920.0,381,7922.0,229,7924.0,128,7926.0,132,7928.0,257,7930.0,510,7932.0,272,7934.0,220,7924.0
p2409,DCE,13:40:20.394#,7892.0,7956.0,7732.0,8384.0,7288.0,744046,386873.0,7916.0,149,7918.0,210,7920.0,381,7922.0,229,7924.0,125,7926.0,133,7928.0,238,7930.0,510,7932.0,272,7934.0,220,7924.0
p2409,DCE,13:40:20.795#,7892.0,7956.0,7732.0,8384.0,7288.0,744047,386874.0,7916.0,149,7918.0,210,7920.0,381,7922.0,236,7924.0,125,7926.0,133,7928.0,239,7930.0,510,7932.0,272,7934.0,220,7924.0
p2409,DCE,13:40:21.67#,7892.0,7956.0,7732.0,8384.0,7288.0,744059,386884.0,7916.0,149,7918.0,210,7920.0,381,7922.0,241,7924.0,134,7926.0,133,7928.0,238,7930.0,511,7932.0,272,7934.0,220,7924.0
p2409,DCE,13:40:21.154#,7892.0,7956.0,7732.0,8384.0,7288.0,744073,386895.0,7916.0,149,7918.0,210,7920.0,381,7922.0,241,7924.0,123,7926.0,127,7928.0,238,7930.0,511,7932.0,272,7934.0,220,7924.0
p2409,DCE,13:40:21.484#,7892.0,7956.0,7732.0,8384.0,7288.0,744077,386899.0,7916.0,149,7918.0,210,7920.0,381,7922.0,241,7924.0,129,7926.0,130,7928.0,241,7930.0,511,7932.0,272,7934.0,219,7924.0
p2409,DCE,13:40:21.820#,7892.0,7956.0,7732.0,8384.0,7288.0,744077,386899.0,7916.0,149,7918.0,210,7920.0,381,7922.0,226,7924.0,136,7926.0,130,7928.0,240,7930.0,511,7932.0,272,7934.0,219,7924.0
p2409,DCE,13:40:22.20#,7892.0,7956.0,7732.0,8384.0,7288.0,744079,386901.0,7916.0,149,7918.0,210,7920.0,381,7922.0,228,7924.0,140,7926.0,128,7928.0,240,7930.0,511,7932.0,272,7934.0,219,7924.0
p2409,DCE,13:40:22.215#,7892.0,7956.0,7732.0,8384.0,7288.0,744080,386901.0,7916.0,149,7918.0,210,7920.0,381,7922.0,228,7924.0,139,7926.0,128,7928.0,240,7930.0,511,7932.0,271,7934.0,219,7924.0
p2409,DCE,13:40:22.456#,7892.0,7956.0,7732.0,8384.0,7288.0,744080,386901.0,7916.0,149,7918.0,210,7920.0,381,7922.0,229,7924.0,141,7926.0,129,7928.0,241,7930.0,511,7932.0,271,7934.0,219,7924.0
p2409,DCE,13:40:22.815#,7892.0,7956.0,7732.0,8384.0,7288.0,744086,386907.0,7916.0,149,7918.0,210,7920.0,382,7922.0,232,7924.0,135,7926.0,130,7928.0,240,7930.0,511,7932.0,271,7934.0,219,7924.0
p2409,DCE,13:40:23.64#,7892.0,7956.0,7732.0,8384.0,7288.0,744088,386909.0,7916.0,149,7918.0,210,7920.0,382,7922.0,232,7924.0,136,7926.0,132,7928.0,241,7930.0,512,7932.0,271,7934.0,219,7924.0
p2409,DCE,13:40:23.241#,7892.0,7956.0,7732.0,8384.0,7288.0,744091,386912.0,7916.0,149,7918.0,210,7920.0,382,7922.0,232,7924.0,134,7926.0,140,7928.0,240,7930.0,513,7932.0,271,7934.0,219,7924.0
p2409,DCE,13:40:23.511#,7892.0,7956.0,7732.0,8384.0,7288.0,744092,386912.0,7916.0,149,7918.0,210,7920.0,382,7922.0,232,7924.0,133,7926.0,145,7928.0,240,7930.0,513,7932.0,271,7934.0,219,7924.0
p2409,DCE,13:40:23.811#,7892.0,7956.0,7732.0,8384.0,7288.0,744099,386915.0,7916.0,149,7918.0,210,7920.0,383,7922.0,232,7924.0,127,7926.0,148,7928.0,241,7930.0,515,7932.0,271,7934.0,219,7924.0
p2409,DCE,13:40:24.71#,7892.0,7956.0,7732.0,8384.0,7288.0,744099,386915.0,7916.0,149,7918.0,210,7920.0,383,7922.0,232,7924.0,128,7926.0,159,7928.0,241,7930.0,515,7932.0,271,7934.0,219,7924.0
p2409,DCE,13:40:24.310#,7892.0,7956.0,7732.0,8384.0,7288.0,744110,386916.0,7916.0,149,7918.0,210,7920.0,383,7922.0,232,7924.0,108,7926.0,162,7928.0,246,7930.0,515,7932.0,271,7934.0,219,7924.0
p2409,DCE,13:40:24.509#,7892.0,7956.0,7732.0,8384.0,7288.0,744110,386916.0,7916.0,149,7918.0,210,7920.0,383,7922.0,226,7924.0,108,7926.0,199,7928.0,258,7930.0,515,7932.0,271,7934.0,219,7924.0
p2409,DCE,13:40:24.806#,7892.0,7956.0,7732.0,8384.0,7288.0,744114,386915.0,7916.0,149,7918.0,210,7920.0,383,7922.0,222,7924.0,225,7926.0,200,7928.0,265,7930.0,515,7932.0,271,7934.0,219,7924.0
p2409,DCE,13:40:25.53#,7892.0,7956.0,7732.0,8384.0,7288.0,744116,386915.0,7916.0,149,7918.0,210,7920.0,384,7922.0,222,7924.0,230,7926.0,164,7928.0,263,7930.0,515,7932.0,271,7934.0,218,7924.0
p2409,DCE,13:40:25.291#,7892.0,7956.0,7732.0,8384.0,7288.0,744117,386916.0,7916.0,149,7918.0,211,7920.0,385,7922.0,223,7924.0,231,7926.0,161,7928.0,271,7930.0,515,7932.0,271,7934.0,218,7926.0
p2409,DCE,13:40:25.528#,7892.0,7956.0,7732.0,8384.0,7288.0,744128,386922.0,7916.0,149,7918.0,211,7920.0,385,7922.0,212,7924.0,224,7926.0,158,7928.0,271,7930.0,515,7932.0,269,7934.0,218,7926.0
p2409,DCE,13:40:25.803#,7892.0,7956.0,7732.0,8384.0,7288.0,744129,386923.0,7916.0,149,7918.0,211,7920.0,385,7922.0,211,7924.0,225,7926.0,159,7928.0,271,7930.0,515,7932.0,271,7934.0,218,7924.0
p2409,DCE,13:40:26.70#,7892.0,7956.0,7732.0,8384.0,7288.0,744180,386920.0,7916.0,149,7918.0,211,7920.0,385,7922.0,211,7924.0,226,7926.0,108,7928.0,271,7930.0,515,7932.0,271,7934.0,218,7926.0
p2409,DCE,13:40:26.133#,7892.0,7956.0,7732.0,8384.0,7288.0,744204,386912.0,7916.0,149,7918.0,211,7920.0,385,7922.0,211,7924.0,226,7926.0,85,7928.0,251,7930.0,515,7932.0,271,7934.0,218,7926.0
p2409,DCE,13:40:26.525#,7892.0,7956.0,7732.0,8384.0,7288.0,744206,386913.0,7916.0,149,7918.0,211,7920.0,385,7922.0,211,7924.0,235,7926.0,100,7928.0,251,7930.0,515,7932.0,271,7934.0,218,7924.0
p2409,DCE,13:40:26.702#,7892.0,7956.0,7732.0,8384.0,7288.0,744208,386913.0,7916.0,149,7918.0,211,7920.0,385,7922.0,211,7924.0,235,7926.0,101,7928.0,251,7930.0,515,7932.0,271,7934.0,218,7926.0
p2409,DCE,13:40:27.35#,7892.0,7956.0,7732.0,8384.0,7288.0,744210,386915.0,7916.0,149,7918.0,211,7920.0,385,7922.0,262,7924.0,233,7926.0,99,7928.0,251,7930.0,519,7932.0,269,7934.0,218,7924.0
p2409,DCE,13:40:27.251#,7892.0,7956.0,7732.0,8384.0,7288.0,744210,386915.0,7916.0,149,7918.0,211,7920.0,386,7922.0,264,7924.0,233,7926.0,101,7928.0,245,7930.0,519,7932.0,271,7934.0,218,7924.0
p2409,DCE,13:40:27.494#,7892.0,7956.0,7732.0,8384.0,7288.0,744216,386912.0,7916.0,149,7918.0,211,7920.0,386,7922.0,264,7924.0,232,7926.0,96,7928.0,245,7930.0,519,7932.0,271,7934.0,218,7926.0
p2409,DCE,13:40:27.651#,7892.0,7956.0,7732.0,8384.0,7288.0,744217,386912.0,7916.0,149,7918.0,211,7920.0,386,7922.0,274,7924.0,232,7926.0,93,7928.0,245,7930.0,519,7932.0,271,7934.0,218,7926.0
p2409,DCE,13:40:27.952#,7892.0,7956.0,7732.0,8384.0,7288.0,744270,386892.0,7916.0,149,7918.0,211,7920.0,386,7922.0,274,7924.0,182,7926.0,90,7928.0,239,7930.0,519,7932.0,271,7934.0,218,7924.0
p2409,DCE,13:40:28.300#,7892.0,7956.0,7732.0,8384.0,7288.0,744270,386892.0,7916.0,149,7918.0,211,7920.0,386,7922.0,274,7924.0,188,7926.0,132,7928.0,240,7930.0,519,7932.0,271,7934.0,218,7924.0
p2409,DCE,13:40:28.535#,7892.0,7956.0,7732.0,8384.0,7288.0,744270,386892.0,7916.0,149,7918.0,211,7920.0,386,7922.0,274,7924.0,189,7926.0,132,7928.0,239,7930.0,520,7932.0,271,7934.0,218,7924.0
p2409,DCE,13:40:28.758#,7892.0,7956.0,7732.0,8384.0,7288.0,744272,386892.0,7916.0,149,7918.0,211,7920.0,386,7922.0,273,7924.0,190,7926.0,124,7928.0,241,7930.0,567,7932.0,271,7934.0,218,7924.0
p2409,DCE,13:40:29.26#,7892.0,7956.0,7732.0,8384.0,7288.0,744293,386891.0,7916.0,149,7918.0,211,7920.0,386,7922.0,272,7924.0,194,7926.0,103,7928.0,241,7930.0,567,7932.0,271,7934.0,218,7926.0
p2409,DCE,13:40:29.314#,7892.0,7956.0,7732.0,8384.0,7288.0,744365,386888.0,7918.0,211,7920.0,386,7922.0,249,7924.0,204,7926.0,31,7928.0,248,7930.0,566,7932.0,271,7934.0,218,7936.0,341,7924.0
p2409,DCE,13:40:29.546#,7892.0,7956.0,7732.0,8384.0,7288.0,744367,386890.0,7918.0,211,7920.0,386,7922.0,249,7924.0,260,7926.0,98,7928.0,237,7930.0,552,7932.0,271,7934.0,218,7936.0,341,7926.0
p2409,DCE,13:40:29.809#,7892.0,7956.0,7732.0,8384.0,7288.0,744369,386892.0,7918.0,211,7920.0,386,7922.0,248,7924.0,251,7926.0,113,7928.0,232,7930.0,611,7932.0,273,7934.0,218,7936.0,341,7928.0
p2409,DCE,13:40:29.900#,7892.0,7956.0,7732.0,8384.0,7288.0,744370,386893.0,7918.0,211,7920.0,377,7922.0,256,7924.0,251,7926.0,113,7928.0,232,7930.0,610,7932.0,273,7934.0,218,7936.0,341,7926.0
p2409,DCE,13:40:30.312#,7892.0,7956.0,7732.0,8384.0,7288.0,744372,386893.0,7918.0,211,7920.0,377,7922.0,257,7924.0,253,7926.0,116,7928.0,232,7930.0,605,7932.0,273,7934.0,218,7936.0,341,7926.0
p2409,DCE,13:40:30.507#,7892.0,7956.0,7732.0,8384.0,7288.0,744372,386893.0,7918.0,211,7920.0,377,7922.0,257,7924.0,253,7926.0,116,7928.0,233,7930.0,604,7932.0,273,7934.0,218,7936.0,341,7926.0
p2409,DCE,13:40:30.776#,7892.0,7956.0,7732.0,8384.0,7288.0,744373,386894.0,7918.0,211,7920.0,378,7922.0,257,7924.0,253,7926.0,115,7928.0,233,7930.0,605,7932.0,273,7934.0,218,7936.0,341,7926.0
p2409,DCE,13:40:30.969#,7892.0,7956.0,7732.0,8384.0,7288.0,744374,386895.0,7918.0,211,7920.0,378,7922.0,257,7924.0,254,7926.0,114,7928.0,233,7930.0,606,7932.0,273,7934.0,218,7936.0,341,7926.0
p2409,DCE,13:40:31.294#,7892.0,7956.0,7732.0,8384.0,7288.0,744374,386895.0,7918.0,211,7920.0,378,7922.0,257,7924.0,254,7926.0,134,7928.0,233,7930.0,606,7932.0,273,7934.0,218,7936.0,340,7926.0
p2409,DCE,13:40:31.554#,7892.0,7956.0,7732.0,8384.0,7288.0,744380,386899.0,7918.0,211,7920.0,378,7922.0,258,7924.0,254,7926.0,128,7928.0,232,7930.0,605,7932.0,274,7934.0,218,7936.0,340,7926.0
p2409,DCE,13:40:31.728#,7892.0,7956.0,7732.0,8384.0,7288.0,744385,386904.0,7918.0,211,7920.0,377,7922.0,258,7924.0,254,7926.0,128,7928.0,227,7930.0,606,7932.0,274,7934.0,218,7936.0,340,7928.0
p2409,DCE,13:40:32.63#,7892.0,7956.0,7732.0,8384.0,7288.0,744385,386904.0,7918.0,211,7920.0,377,7922.0,247,7924.0,257,7926.0,129,7928.0,227,7930.0,605,7932.0,274,7934.0,218,7936.0,340,7928.0
p2409,DCE,13:40:32.258#,7892.0,7956.0,7732.0,8384.0,7288.0,744397,386902.0,7918.0,212,7920.0,377,7922.0,247,7924.0,258,7926.0,128,7928.0,217,7930.0,605,7932.0,274,7934.0,218,7936.0,340,7928.0
p2409,DCE,13:40:32.542#,7892.0,7956.0,7732.0,8384.0,7288.0,744403,386902.0,7918.0,212,7920.0,377,7922.0,249,7924.0,260,7926.0,122,7928.0,221,7930.0,605,7932.0,274,7934.0,218,7936.0,340,7926.0
p2409,DCE,13:40:32.811#,7892.0,7956.0,7732.0,8384.0,7288.0,744404,386903.0,7918.0,218,7920.0,377,7922.0,249,7924.0,260,7926.0,125,7928.0,222,7930.0,606,7932.0,286,7934.0,218,7936.0,340,7926.0
p2409,DCE,13:40:32.986#,7892.0,7956.0,7732.0,8384.0,7288.0,744405,386904.0,7918.0,219,7920.0,377,7922.0,249,7924.0,260,7926.0,126,7928.0,221,7930.0,610,7932.0,286,7934.0,218,7936.0,340,7928.0
p2409,DCE,13:40:33.219#,7892.0,7956.0,7732.0,8384.0,7288.0,744410,386904.0,7918.0,219,7920.0,377,7922.0,249,7924.0,260,7926.0,128,7928.0,216,7930.0,610,7932.0,286,7934.0,223,7936.0,340,7928.0
p2409,DCE,13:40:33.483#,7892.0,7956.0,7732.0,8384.0,7288.0,744410,386904.0,7918.0,219,7920.0,377,7922.0,249,7924.0,260,7926.0,128,7928.0,216,7930.0,609,7932.0,287,7934.0,223,7936.0,340,7928.0
p2409,DCE,13:40:33.724#,7892.0,7956.0,7732.0,8384.0,7288.0,744410,386904.0,7918.0,219,7920.0,377,7922.0,249,7924.0,260,7926.0,128,7928.0,218,7930.0,609,7932.0,287,7934.0,223,7936.0,340,7928.0
p2409,DCE,13:40:34.281#,7892.0,7956.0,7732.0,8384.0,7288.0,744446,386889.0,7918.0,219,7920.0,377,7922.0,250,7924.0,260,7926.0,124,7928.0,220,7930.0,562,7932.0,287,7934.0,223,7936.0,340,7926.0
p2409,DCE,13:40:34.481#,7892.0,7956.0,7732.0,8384.0,7288.0,744446,386889.0,7918.0,219,7920.0,377,7922.0,250,7924.0,255,7926.0,120,7928.0,235,7930.0,562,7932.0,286,7934.0,235,7936.0,340,7926.0
p2409,DCE,13:40:34.778#,7892.0,7956.0,7732.0,8384.0,7288.0,744447,386889.0,7918.0,219,7920.0,377,7922.0,250,7924.0,248,7926.0,117,7928.0,237,7930.0,562,7932.0,286,7934.0,235,7936.0,340,7926.0
p2409,DCE,13:40:35.43#,7892.0,7956.0,7732.0,8384.0,7288.0,744447,386889.0,7918.0,219,7920.0,377,7922.0,250,7924.0,248,7926.0,117,7928.0,228,7930.0,563,7932.0,286,7934.0,235,7936.0,340,7926.0
p2409,DCE,13:40:35.225#,7892.0,7956.0,7732.0,8384.0,7288.0,744448,386890.0,7918.0,219,7920.0,377,7922.0,250,7924.0,248,7926.0,125,7928.0,228,7930.0,562,7932.0,286,7934.0,235,7936.0,340,7926.0
p2409,DCE,13:40:35.561#,7892.0,7956.0,7732.0,8384.0,7288.0,744458,386889.0,7918.0,219,7920.0,377,7922.0,250,7924.0,247,7926.0,119,7928.0,226,7930.0,566,7932.0,286,7934.0,236,7936.0,340,7926.0
p2409,DCE,13:40:35.794#,7892.0,7956.0,7732.0,8384.0,7288.0,744463,386885.0,7918.0,219,7920.0,377,7922.0,250,7924.0,247,7926.0,123,7928.0,222,7930.0,566,7932.0,286,7934.0,236,7936.0,340,7928.0
p2409,DCE,13:40:36.49#,7892.0,7956.0,7732.0,8384.0,7288.0,744465,386885.0,7918.0,219,7920.0,377,7922.0,250,7924.0,247,7926.0,121,7928.0,222,7930.0,566,7932.0,286,7934.0,236,7936.0,340,7926.0
p2409,DCE,13:40:36.286#,7892.0,7956.0,7732.0,8384.0,7288.0,744466,386885.0,7918.0,221,7920.0,377,7922.0,248,7924.0,246,7926.0,120,7928.0,222,7930.0,567,7932.0,286,7934.0,236,7936.0,340,7926.0
p2409,DCE,13:40:36.545#,7892.0,7956.0,7732.0,8384.0,7288.0,744468,386885.0,7918.0,221,7920.0,377,7922.0,248,7924.0,245,7926.0,118,7928.0,223,7930.0,567,7932.0,286,7934.0,236,7936.0,340,7926.0
p2409,DCE,13:40:36.799#,7892.0,7956.0,7732.0,8384.0,7288.0,744468,386885.0,7918.0,221,7920.0,377,7922.0,248,7924.0,245,7926.0,116,7928.0,223,7930.0,566,7932.0,286,7934.0,236,7936.0,341,7926.0
p2409,DCE,13:40:37.55#,7892.0,7956.0,7732.0,8384.0,7288.0,744468,386885.0,7918.0,221,7920.0,377,7922.0,248,7924.0,242,7926.0,117,7928.0,225,7930.0,565,7932.0,286,7934.0,236,7936.0,341,7926.0
p2409,DCE,13:40:37.302#,7892.0,7956.0,7732.0,8384.0,7288.0,744473,386880.0,7918.0,221,7920.0,377,7922.0,248,7924.0,242,7926.0,105,7928.0,225,7930.0,568,7932.0,286,7934.0,236,7936.0,341,7926.0
p2409,DCE,13:40:37.569#,7892.0,7956.0,7732.0,8384.0,7288.0,744473,386880.0,7918.0,241,7920.0,382,7922.0,248,7924.0,242,7926.0,106,7928.0,225,7930.0,569,7932.0,286,7934.0,236,7936.0,341,7926.0
p2409,DCE,13:40:37.800#,7892.0,7956.0,7732.0,8384.0,7288.0,744478,386879.0,7918.0,241,7920.0,382,7922.0,248,7924.0,242,7926.0,105,7928.0,221,7930.0,568,7932.0,286,7934.0,236,7936.0,341,7928.0
p2409,DCE,13:40:38.52#,7892.0,7956.0,7732.0,8384.0,7288.0,744478,386879.0,7918.0,241,7920.0,382,7922.0,248,7924.0,243,7926.0,106,7928.0,221,7930.0,568,7932.0,285,7934.0,236,7936.0,341,7928.0
p2409,DCE,13:40:38.317#,7892.0,7956.0,7732.0,8384.0,7288.0,744480,386879.0,7918.0,241,7920.0,382,7922.0,242,7924.0,243,7926.0,111,7928.0,221,7930.0,568,7932.0,286,7934.0,237,7936.0,341,7926.0
p2409,DCE,13:40:38.458#,7892.0,7956.0,7732.0,8384.0,7288.0,744591,386951.0,7916.0,154,7918.0,241,7920.0,382,7922.0,242,7924.0,244,7926.0,25,7928.0,221,7930.0,568,7932.0,286,7934.0,237,7926.0
p2409,DCE,13:40:38.774#,7892.0,7956.0,7732.0,8384.0,7288.0,744701,387041.0,7918.0,241,7920.0,382,7922.0,251,7924.0,165,7926.0,27,7928.0,256,7930.0,551,7932.0,286,7934.0,237,7936.0,341,7926.0
p2409,DCE,13:40:39.32#,7892.0,7956.0,7732.0,8384.0,7288.0,744737,387035.0,7918.0,241,7920.0,382,7922.0,252,7924.0,174,7926.0,62,7928.0,219,7930.0,592,7932.0,286,7934.0,237,7936.0,341,7926.0
p2409,DCE,13:40:39.222#,7892.0,7956.0,7732.0,8384.0,7288.0,744767,387035.0,7918.0,241,7920.0,382,7922.0,235,7924.0,178,7926.0,121,7928.0,252,7930.0,583,7932.0,286,7934.0,237,7936.0,341,7926.0
p2409,DCE,13:40:39.491#,7892.0,7956.0,7732.0,8384.0,7288.0,744768,387035.0,7918.0,241,7920.0,382,7922.0,240,7924.0,176,7926.0,124,7928.0,254,7930.0,578,7932.0,286,7934.0,237,7936.0,341,7926.0
p2409,DCE,13:40:39.769#,7892.0,7956.0,7732.0,8384.0,7288.0,744768,387035.0,7918.0,241,7920.0,382,7922.0,240,7924.0,176,7926.0,129,7928.0,254,7930.0,588,7932.0,286,7934.0,237,7936.0,341,7926.0
p2409,DCE,13:40:39.862#,7892.0,7956.0,7732.0,8384.0,7288.0,744768,387035.0,7918.0,241,7920.0,382,7922.0,240,7924.0,176,7926.0,129,7928.0,221,7930.0,588,7932.0,286,7934.0,237,7936.0,341,7926.0
p2409,DCE,13:40:40.257#,7892.0,7956.0,7732.0,8384.0,7288.0,744768,387035.0,7918.0,241,7920.0,382,7922.0,240,7924.0,177,7926.0,130,7928.0,221,7930.0,588,7932.0,286,7934.0,237,7936.0,341,7926.0
p2409,DCE,13:40:40.560#,7892.0,7956.0,7732.0,8384.0,7288.0,744792,387036.0,7918.0,241,7920.0,382,7922.0,224,7924.0,178,7926.0,106,7928.0,240,7930.0,588,7932.0,286,7934.0,237,7936.0,341,7926.0
p2409,DCE,13:40:40.729#,7892.0,7956.0,7732.0,8384.0,7288.0,744792,387036.0,7918.0,241,7920.0,382,7922.0,225,7924.0,178,7926.0,107,7928.0,270,7930.0,590,7932.0,286,7934.0,237,7936.0,342,7926.0
p2409,DCE,13:40:41.47#,7892.0,7956.0,7732.0,8384.0,7288.0,744792,387036.0,7918.0,241,7920.0,382,7922.0,224,7924.0,195,7926.0,108,7928.0,270,7930.0,590,7932.0,286,7934.0,237,7936.0,342,7926.0
p2409,DCE,13:40:41.196#,7892.0,7956.0,7732.0,8384.0,7288.0,744792,387036.0,7918.0,241,7920.0,382,7922.0,224,7924.0,195,7926.0,110,7928.0,270,7930.0,588,7932.0,286,7934.0,236,7936.0,342,7926.0
p2409,DCE,13:40:41.570#,7892.0,7956.0,7732.0,8384.0,7288.0,744792,387036.0,7918.0,241,7920.0,382,7922.0,222,7924.0,195,7926.0,110,7928.0,241,7930.0,589,7932.0,286,7934.0,236,7936.0,342,7926.0
p2409,DCE,13:40:41.750#,7892.0,7956.0,7732.0,8384.0,7288.0,744792,387036.0,7918.0,241,7920.0,382,7922.0,223,7924.0,197,7926.0,110,7928.0,238,7930.0,589,7932.0,286,7934.0,236,7936.0,342,7926.0
p2409,DCE,13:40:42.57#,7892.0,7956.0,7732.0,8384.0,7288.0,744793,387036.0,7918.0,241,7920.0,382,7922.0,223,7924.0,197,7926.0,109,7928.0,239,7930.0,591,7932.0,290,7934.0,236,7936.0,342,7926.0
p2409,DCE,13:40:42.258#,7892.0,7956.0,7732.0,8384.0,7288.0,744793,387036.0,7918.0,241,7920.0,381,7922.0,224,7924.0,197,7926.0,109,7928.0,239,7930.0,592,7932.0,290,7934.0,236,7936.0,342,7926.0
p2409,DCE,13:40:42.555#,7892.0,7956.0,7732.0,8384.0,7288.0,744797,387037.0,7918.0,241,7920.0,381,7922.0,224,7924.0,194,7926.0,118,7928.0,235,7930.0,591,7932.0,291,7934.0,236,7936.0,342,7928.0
p2409,DCE,13:40:42.795#,7892.0,7956.0,7732.0,8384.0,7288.0,744802,387037.0,7918.0,241,7920.0,381,7922.0,226,7924.0,189,7926.0,117,7928.0,230,7930.0,591,7932.0,291,7934.0,236,7936.0,342,7926.0
p2409,DCE,13:40:43.70#,7892.0,7956.0,7732.0,8384.0,7288.0,744803,387038.0,7918.0,241,7920.0,381,7922.0,226,7924.0,189,7926.0,122,7928.0,230,7930.0,591,7932.0,291,7934.0,236,7936.0,342,7926.0
p2409,DCE,13:40:43.307#,7892.0,7956.0,7732.0,8384.0,7288.0,744804,387038.0,7918.0,241,7920.0,381,7922.0,226,7924.0,189,7926.0,126,7928.0,233,7930.0,591,7932.0,291,7934.0,236,7936.0,342,7926.0
p2409,DCE,13:40:43.550#,7892.0,7956.0,7732.0,8384.0,7288.0,744804,387038.0,7918.0,241,7920.0,381,7922.0,227,7924.0,189,7926.0,126,7928.0,239,7930.0,591,7932.0,291,7934.0,236,7936.0,342,7926.0
p2409,DCE,13:40:43.798#,7892.0,7956.0,7732.0,8384.0,7288.0,744805,387039.0,7918.0,241,7920.0,381,7922.0,226,7924.0,187,7926.0,127,7928.0,239,7930.0,600,7932.0,291,7934.0,250,7936.0,342,7926.0
p2409,DCE,13:40:44.70#,7892.0,7956.0,7732.0,8384.0,7288.0,744821,387039.0,7918.0,241,7920.0,381,7922.0,226,7924.0,187,7926.0,128,7928.0,224,7930.0,600,7932.0,291,7934.0,250,7936.0,342,7928.0
p2409,DCE,13:40:44.215#,7892.0,7956.0,7732.0,8384.0,7288.0,744837,387054.0,7918.0,240,7920.0,381,7922.0,226,7924.0,187,7926.0,129,7928.0,209,7930.0,600,7932.0,292,7934.0,250,7936.0,342,7928.0
p2409,DCE,13:40:44.396#,7892.0,7956.0,7732.0,8384.0,7288.0,744837,387054.0,7918.0,240,7920.0,381,7922.0,226,7924.0,187,7926.0,132,7928.0,209,7930.0,599,7932.0,292,7934.0,250,7936.0,342,7928.0
p2409,DCE,13:40:44.736#,7892.0,7956.0,7732.0,8384.0,7288.0,744837,387054.0,7918.0,240,7920.0,381,7922.0,226,7924.0,187,7926.0,132,7928.0,209,7930.0,599,7932.0,292,7934.0,250,7936.0,343,7928.0
p2409,DCE,13:40:45.71#,7892.0,7956.0,7732.0,8384.0,7288.0,744837,387054.0,7918.0,240,7920.0,381,7922.0,226,7924.0,187,7926.0,134,7928.0,209,7930.0,599,7932.0,292,7934.0,250,7936.0,343,7928.0
p2409,DCE,13:40:45.241#,7892.0,7956.0,7732.0,8384.0,7288.0,744838,387054.0,7918.0,240,7920.0,381,7922.0,226,7924.0,191,7926.0,133,7928.0,215,7930.0,601,7932.0,292,7934.0,250,7936.0,343,7926.0
