InstrumentId,ExchangeId,Datetime,OpenPrice,HighestPrice,LowestPrice,UpperLimitPrice,LowerLimitPrice,Volume,OpenInterest,BidPrice5,BidVolume5,BidPrice4,BidVolume4,BidPrice3,BidVolume3,BidPrice2,BidVolume2,BidPrice1,BidVolume1,AskPrice1,AskVolume1,AskPrice2,AskVolume2,AskPrice3,AskVolume3,AskPrice4,AskVolume4,AskPrice5,AskVolume5,LastPrice
PF409,,13:38:35.250#,7502.0,7516.0,7460.0,8030.0,6978.0,33494,82489,7470.0,33,7472.0,30,7474.0,29,7476.0,44,7478.0,80,7482.0,44,7484.0,85,7486.0,41,7488.0,47,7490.0,32,7482.0
PF409,,13:38:55.0#,7502.0,7516.0,7460.0,8030.0,6978.0,33494,82489,7470.0,33,7472.0,30,7474.0,29,7476.0,44,7478.0,80,7482.0,46,7484.0,85,7486.0,41,7488.0,47,7490.0,32,7482.0
PF409,,13:38:55.500#,7502.0,7516.0,7460.0,8030.0,6978.0,33494,82489,7470.0,33,7472.0,30,7474.0,29,7476.0,44,7478.0,80,7482.0,49,7484.0,85,7486.0,41,7488.0,47,7490.0,32,7482.0
PF409,,13:38:55.750#,7502.0,7516.0,7460.0,8030.0,6978.0,33494,82489,7470.0,33,7472.0,30,7474.0,29,7476.0,44,7478.0,80,7482.0,46,7484.0,85,7486.0,41,7488.0,47,7490.0,32,7482.0
PF409,,13:38:56.0#,7502.0,7516.0,7460.0,8030.0,6978.0,33494,82489,7470.0,33,7472.0,30,7474.0,29,7476.0,44,7478.0,80,7482.0,47,7484.0,85,7486.0,41,7488.0,47,7490.0,32,7482.0
PF409,,13:39:00.250#,7502.0,7516.0,7460.0,8030.0,6978.0,33494,82489,7470.0,33,7472.0,30,7474.0,29,7476.0,44,7478.0,80,7482.0,48,7484.0,85,7486.0,41,7488.0,47,7490.0,32,7482.0
PF409,,13:39:00.750#,7502.0,7516.0,7460.0,8030.0,6978.0,33494,82489,7470.0,33,7472.0,30,7474.0,29,7476.0,44,7478.0,80,7482.0,47,7484.0,85,7486.0,41,7488.0,47,7490.0,32,7482.0
PF409,,13:39:01.0#,7502.0,7516.0,7460.0,8030.0,6978.0,33494,82489,7470.0,33,7472.0,30,7474.0,29,7476.0,44,7478.0,80,7482.0,49,7484.0,85,7486.0,41,7488.0,47,7490.0,32,7482.0
PF409,,13:39:02.250#,7502.0,7516.0,7460.0,8030.0,6978.0,33494,82489,7470.0,33,7472.0,30,7474.0,29,7476.0,44,7478.0,80,7482.0,43,7484.0,85,7486.0,41,7488.0,47,7490.0,32,7482.0
PF409,,13:39:02.500#,7502.0,7516.0,7460.0,8030.0,6978.0,33496,82487,7470.0,33,7472.0,30,7474.0,29,7476.0,44,7478.0,80,7482.0,35,7484.0,85,7486.0,41,7488.0,47,7490.0,32,7480.0
PF409,,13:39:02.750#,7502.0,7516.0,7460.0,8030.0,6978.0,33496,82487,7472.0,30,7474.0,29,7476.0,44,7478.0,47,7480.0,2,7482.0,35,7484.0,85,7486.0,41,7488.0,47,7490.0,32,7480.0
PF409,,13:39:03.0#,7502.0,7516.0,7460.0,8030.0,6978.0,33496,82487,7472.0,30,7474.0,29,7476.0,44,7478.0,49,7480.0,17,7482.0,35,7484.0,85,7486.0,41,7488.0,47,7490.0,32,7480.0
PF409,,13:39:03.250#,7502.0,7516.0,7460.0,8030.0,6978.0,33496,82487,7472.0,30,7474.0,29,7476.0,44,7478.0,49,7480.0,20,7482.0,24,7484.0,85,7486.0,41,7488.0,47,7490.0,32,7480.0
PF409,,13:39:03.500#,7502.0,7516.0,7460.0,8030.0,6978.0,33496,82487,7472.0,30,7474.0,29,7476.0,44,7478.0,49,7480.0,31,7482.0,24,7484.0,85,7486.0,41,7488.0,47,7490.0,32,7480.0
PF409,,13:39:03.750#,7502.0,7516.0,7460.0,8030.0,6978.0,33496,82487,7472.0,30,7474.0,29,7476.0,44,7478.0,49,7480.0,46,7482.0,24,7484.0,85,7486.0,41,7488.0,47,7490.0,32,7480.0
PF409,,13:39:04.0#,7502.0,7516.0,7460.0,8030.0,6978.0,33496,82487,7472.0,30,7474.0,29,7476.0,44,7478.0,49,7480.0,46,7482.0,23,7484.0,85,7486.0,41,7488.0,47,7490.0,32,7480.0
PF409,,13:39:06.750#,7502.0,7516.0,7460.0,8030.0,6978.0,33496,82487,7472.0,30,7474.0,29,7476.0,44,7478.0,49,7480.0,45,7482.0,23,7484.0,85,7486.0,41,7488.0,47,7490.0,32,7480.0
PF409,,13:39:10.500#,7502.0,7516.0,7460.0,8030.0,6978.0,33496,82487,7472.0,30,7474.0,29,7476.0,44,7478.0,49,7480.0,45,7482.0,31,7484.0,85,7486.0,41,7488.0,47,7490.0,32,7480.0
PF409,,13:39:10.750#,7502.0,7516.0,7460.0,8030.0,6978.0,33496,82487,7472.0,30,7474.0,29,7476.0,44,7478.0,49,7480.0,33,7482.0,32,7484.0,85,7486.0,41,7488.0,47,7490.0,32,7480.0
PF409,,13:39:11.0#,7502.0,7516.0,7460.0,8030.0,6978.0,33496,82487,7472.0,30,7474.0,29,7476.0,44,7478.0,49,7480.0,30,7482.0,39,7484.0,85,7486.0,41,7488.0,47,7490.0,32,7480.0
PF409,,13:39:11.250#,7502.0,7516.0,7460.0,8030.0,6978.0,33496,82487,7472.0,30,7474.0,29,7476.0,44,7478.0,49,7480.0,20,7482.0,39,7484.0,85,7486.0,41,7488.0,47,7490.0,32,7480.0
PF409,,13:39:11.500#,7502.0,7516.0,7460.0,8030.0,6978.0,33496,82487,7472.0,30,7474.0,29,7476.0,44,7478.0,49,7480.0,19,7482.0,39,7484.0,85,7486.0,41,7488.0,47,7490.0,32,7480.0
PF409,,13:39:12.750#,7502.0,7516.0,7460.0,8030.0,6978.0,33496,82487,7472.0,30,7474.0,29,7476.0,44,7478.0,49,7480.0,24,7482.0,39,7484.0,85,7486.0,41,7488.0,47,7490.0,32,7480.0
PF409,,13:39:16.750#,7502.0,7516.0,7460.0,8030.0,6978.0,33496,82487,7472.0,30,7474.0,29,7476.0,44,7478.0,49,7480.0,24,7482.0,38,7484.0,85,7486.0,41,7488.0,47,7490.0,32,7480.0
PF409,,13:39:17.0#,7502.0,7516.0,7460.0,8030.0,6978.0,33512,82471,7472.0,30,7474.0,29,7476.0,44,7478.0,49,7480.0,9,7482.0,38,7484.0,85,7486.0,41,7488.0,47,7490.0,32,7480.0
PF409,,13:39:22.0#,7502.0,7516.0,7460.0,8030.0,6978.0,33519,82470,7470.0,33,7472.0,30,7474.0,29,7476.0,44,7478.0,66,7482.0,40,7484.0,85,7486.0,41,7488.0,47,7490.0,32,7480.0
PF409,,13:39:22.250#,7502.0,7516.0,7460.0,8030.0,6978.0,33519,82470,7470.0,33,7472.0,30,7474.0,29,7476.0,44,7478.0,66,7482.0,50,7484.0,85,7486.0,41,7488.0,47,7490.0,32,7480.0
PF409,,13:39:22.500#,7502.0,7516.0,7460.0,8030.0,6978.0,33519,82470,7470.0,33,7472.0,30,7474.0,29,7476.0,44,7478.0,66,7482.0,30,7484.0,85,7486.0,41,7488.0,47,7490.0,32,7480.0
PF409,,13:39:24.250#,7502.0,7516.0,7460.0,8030.0,6978.0,33519,82470,7472.0,30,7474.0,29,7476.0,44,7478.0,49,7480.0,2,7482.0,25,7484.0,85,7486.0,41,7488.0,47,7490.0,32,7480.0
PF409,,13:39:24.500#,7502.0,7516.0,7460.0,8030.0,6978.0,33519,82470,7472.0,30,7474.0,29,7476.0,44,7478.0,49,7480.0,9,7482.0,25,7484.0,85,7486.0,41,7488.0,47,7490.0,32,7480.0
PF409,,13:39:24.750#,7502.0,7516.0,7460.0,8030.0,6978.0,33519,82470,7472.0,30,7474.0,29,7476.0,44,7478.0,49,7480.0,16,7482.0,25,7484.0,85,7486.0,41,7488.0,47,7490.0,32,7480.0
PF409,,13:39:25.250#,7502.0,7516.0,7460.0,8030.0,6978.0,33519,82470,7472.0,30,7474.0,29,7476.0,44,7478.0,49,7480.0,9,7482.0,25,7484.0,85,7486.0,41,7488.0,47,7490.0,32,7480.0
PF409,,13:39:25.500#,7502.0,7516.0,7460.0,8030.0,6978.0,33519,82470,7472.0,30,7474.0,29,7476.0,44,7478.0,49,7480.0,23,7482.0,25,7484.0,85,7486.0,41,7488.0,47,7490.0,32,7480.0
PF409,,13:39:25.750#,7502.0,7516.0,7460.0,8030.0,6978.0,33519,82470,7472.0,30,7474.0,29,7476.0,44,7478.0,49,7480.0,26,7482.0,25,7484.0,85,7486.0,41,7488.0,47,7490.0,32,7480.0
PF409,,13:39:26.0#,7502.0,7516.0,7460.0,8030.0,6978.0,33519,82470,7472.0,30,7474.0,29,7476.0,44,7478.0,49,7480.0,34,7482.0,25,7484.0,85,7486.0,41,7488.0,47,7490.0,32,7480.0
PF409,,13:39:26.250#,7502.0,7516.0,7460.0,8030.0,6978.0,33519,82470,7472.0,30,7474.0,29,7476.0,44,7478.0,49,7480.0,34,7482.0,19,7484.0,85,7486.0,41,7488.0,47,7490.0,32,7480.0
PF409,,13:39:26.500#,7502.0,7516.0,7460.0,8030.0,6978.0,33519,82470,7472.0,30,7474.0,29,7476.0,44,7478.0,49,7480.0,35,7482.0,15,7484.0,85,7486.0,41,7488.0,47,7490.0,32,7480.0
PF409,,13:39:26.750#,7502.0,7516.0,7460.0,8030.0,6978.0,33519,82470,7472.0,30,7474.0,29,7476.0,44,7478.0,49,7480.0,35,7482.0,11,7484.0,85,7486.0,41,7488.0,47,7490.0,32,7480.0
PF409,,13:39:27.0#,7502.0,7516.0,7460.0,8030.0,6978.0,33519,82470,7472.0,30,7474.0,29,7476.0,44,7478.0,49,7480.0,35,7482.0,10,7484.0,85,7486.0,41,7488.0,47,7490.0,32,7480.0
PF409,,13:39:27.750#,7502.0,7516.0,7460.0,8030.0,6978.0,33519,82470,7472.0,30,7474.0,29,7476.0,44,7478.0,49,7480.0,37,7482.0,10,7484.0,85,7486.0,41,7488.0,47,7490.0,32,7480.0
PF409,,13:39:28.0#,7502.0,7516.0,7460.0,8030.0,6978.0,33519,82470,7472.0,30,7474.0,29,7476.0,44,7478.0,49,7480.0,37,7482.0,9,7484.0,85,7486.0,41,7488.0,47,7490.0,32,7480.0
PF409,,13:39:28.250#,7502.0,7516.0,7460.0,8030.0,6978.0,33519,82470,7472.0,30,7474.0,29,7476.0,44,7478.0,49,7480.0,43,7482.0,9,7484.0,85,7486.0,41,7488.0,47,7490.0,32,7480.0
PF409,,13:39:28.500#,7502.0,7516.0,7460.0,8030.0,6978.0,33519,82470,7472.0,30,7474.0,29,7476.0,44,7478.0,49,7480.0,58,7482.0,9,7484.0,85,7486.0,41,7488.0,47,7490.0,32,7480.0
PF409,,13:39:28.750#,7502.0,7516.0,7460.0,8030.0,6978.0,33519,82470,7472.0,30,7474.0,29,7476.0,44,7478.0,49,7480.0,60,7482.0,3,7484.0,85,7486.0,41,7488.0,47,7490.0,32,7480.0
PF409,,13:39:29.0#,7502.0,7516.0,7460.0,8030.0,6978.0,33519,82470,7472.0,30,7474.0,29,7476.0,44,7478.0,49,7480.0,60,7482.0,3,7484.0,84,7486.0,41,7488.0,47,7490.0,32,7480.0
PF409,,13:39:29.750#,7502.0,7516.0,7460.0,8030.0,6978.0,33521,82468,7472.0,30,7474.0,29,7476.0,44,7478.0,49,7480.0,60,7484.0,90,7486.0,41,7488.0,47,7490.0,32,7492.0,24,7482.0
PF409,,13:39:30.0#,7502.0,7516.0,7460.0,8030.0,6978.0,33521,82468,7474.0,29,7476.0,44,7478.0,47,7480.0,52,7482.0,2,7484.0,89,7486.0,41,7488.0,47,7490.0,32,7492.0,24,7482.0
PF409,,13:39:30.250#,7502.0,7516.0,7460.0,8030.0,6978.0,33525,82468,7474.0,29,7476.0,44,7478.0,47,7480.0,57,7482.0,7,7484.0,88,7486.0,41,7488.0,47,7490.0,32,7492.0,24,7482.0
PF409,,13:39:30.500#,7502.0,7516.0,7460.0,8030.0,6978.0,33525,82468,7474.0,29,7476.0,44,7478.0,47,7480.0,57,7482.0,11,7484.0,88,7486.0,41,7488.0,47,7490.0,32,7492.0,24,7482.0
PF409,,13:39:31.250#,7502.0,7516.0,7460.0,8030.0,6978.0,33525,82468,7474.0,29,7476.0,44,7478.0,47,7480.0,57,7482.0,12,7484.0,88,7486.0,41,7488.0,47,7490.0,32,7492.0,24,7482.0
PF409,,13:39:31.500#,7502.0,7516.0,7460.0,8030.0,6978.0,33525,82468,7474.0,29,7476.0,44,7478.0,47,7480.0,57,7482.0,16,7484.0,83,7486.0,41,7488.0,47,7490.0,32,7492.0,24,7482.0
PF409,,13:39:31.750#,7502.0,7516.0,7460.0,8030.0,6978.0,33525,82468,7474.0,29,7476.0,44,7478.0,47,7480.0,57,7482.0,18,7484.0,78,7486.0,41,7488.0,47,7490.0,32,7492.0,24,7482.0
PF409,,13:39:32.0#,7502.0,7516.0,7460.0,8030.0,6978.0,33525,82468,7474.0,29,7476.0,44,7478.0,47,7480.0,57,7482.0,24,7484.0,78,7486.0,41,7488.0,47,7490.0,32,7492.0,24,7482.0
PF409,,13:39:32.250#,7502.0,7516.0,7460.0,8030.0,6978.0,33525,82468,7474.0,29,7476.0,44,7478.0,45,7480.0,57,7482.0,24,7484.0,74,7486.0,41,7488.0,47,7490.0,32,7492.0,24,7482.0
PF409,,13:39:33.0#,7502.0,7516.0,7460.0,8030.0,6978.0,33525,82468,7474.0,29,7476.0,44,7478.0,45,7480.0,57,7482.0,24,7484.0,72,7486.0,41,7488.0,47,7490.0,32,7492.0,24,7482.0
PF409,,13:39:38.500#,7502.0,7516.0,7460.0,8030.0,6978.0,33525,82468,7474.0,29,7476.0,44,7478.0,45,7480.0,58,7482.0,24,7484.0,72,7486.0,41,7488.0,47,7490.0,32,7492.0,24,7482.0
PF409,,13:39:38.750#,7502.0,7516.0,7460.0,8030.0,6978.0,33525,82468,7474.0,29,7476.0,44,7478.0,45,7480.0,58,7482.0,22,7484.0,72,7486.0,41,7488.0,47,7490.0,32,7492.0,24,7482.0
PF409,,13:39:39.500#,7502.0,7516.0,7460.0,8030.0,6978.0,33525,82468,7474.0,29,7476.0,44,7478.0,45,7480.0,58,7482.0,37,7484.0,72,7486.0,41,7488.0,47,7490.0,32,7492.0,24,7482.0
PF409,,13:39:39.750#,7502.0,7516.0,7460.0,8030.0,6978.0,33525,82468,7474.0,29,7476.0,44,7478.0,46,7480.0,58,7482.0,38,7484.0,72,7486.0,41,7488.0,47,7490.0,32,7492.0,24,7482.0
PF409,,13:39:40.0#,7502.0,7516.0,7460.0,8030.0,6978.0,33525,82468,7474.0,29,7476.0,44,7478.0,46,7480.0,58,7482.0,28,7484.0,72,7486.0,41,7488.0,47,7490.0,32,7492.0,24,7482.0
PF409,,13:39:40.250#,7502.0,7516.0,7460.0,8030.0,6978.0,33525,82468,7474.0,29,7476.0,44,7478.0,45,7480.0,58,7482.0,27,7484.0,72,7486.0,41,7488.0,47,7490.0,32,7492.0,24,7482.0
PF409,,13:39:40.500#,7502.0,7516.0,7460.0,8030.0,6978.0,33525,82468,7474.0,29,7476.0,44,7478.0,45,7480.0,58,7482.0,24,7484.0,72,7486.0,41,7488.0,47,7490.0,32,7492.0,24,7482.0
PF409,,13:39:40.750#,7502.0,7516.0,7460.0,8030.0,6978.0,33525,82468,7474.0,29,7476.0,44,7478.0,45,7480.0,58,7482.0,21,7484.0,72,7486.0,41,7488.0,47,7490.0,32,7492.0,24,7482.0
PF409,,13:39:41.500#,7502.0,7516.0,7460.0,8030.0,6978.0,33525,82468,7474.0,29,7476.0,44,7478.0,45,7480.0,58,7482.0,36,7484.0,72,7486.0,41,7488.0,47,7490.0,32,7492.0,24,7482.0
PF409,,13:39:41.750#,7502.0,7516.0,7460.0,8030.0,6978.0,33525,82468,7474.0,29,7476.0,44,7478.0,45,7480.0,58,7482.0,37,7484.0,72,7486.0,41,7488.0,47,7490.0,32,7492.0,24,7482.0
PF409,,13:39:44.0#,7502.0,7516.0,7460.0,8030.0,6978.0,33525,82468,7474.0,29,7476.0,44,7478.0,45,7480.0,58,7482.0,39,7484.0,72,7486.0,41,7488.0,47,7490.0,32,7492.0,24,7482.0
PF409,,13:39:53.250#,7502.0,7516.0,7460.0,8030.0,6978.0,33525,82468,7474.0,29,7476.0,44,7478.0,45,7480.0,58,7482.0,39,7484.0,73,7486.0,41,7488.0,47,7490.0,32,7492.0,24,7482.0
PF409,,13:39:54.0#,7502.0,7516.0,7460.0,8030.0,6978.0,33525,82468,7474.0,29,7476.0,44,7478.0,45,7480.0,58,7482.0,39,7484.0,73,7486.0,41,7488.0,47,7490.0,32,7492.0,24,7482.0
PF409,,13:39:57.250#,7502.0,7516.0,7460.0,8030.0,6978.0,33525,82468,7474.0,29,7476.0,44,7478.0,45,7480.0,58,7482.0,39,7484.0,74,7486.0,41,7488.0,47,7490.0,32,7492.0,24,7482.0
PF409,,13:39:58.500#,7502.0,7516.0,7460.0,8030.0,6978.0,33525,82468,7474.0,29,7476.0,44,7478.0,45,7480.0,58,7482.0,39,7484.0,75,7486.0,41,7488.0,47,7490.0,32,7492.0,24,7482.0
PF409,,13:40:00.250#,7502.0,7516.0,7460.0,8030.0,6978.0,33525,82468,7474.0,29,7476.0,44,7478.0,45,7480.0,58,7482.0,37,7484.0,75,7486.0,41,7488.0,47,7490.0,32,7492.0,24,7482.0
PF409,,13:40:00.750#,7502.0,7516.0,7460.0,8030.0,6978.0,33525,82468,7474.0,29,7476.0,44,7478.0,45,7480.0,58,7482.0,29,7484.0,75,7486.0,41,7488.0,47,7490.0,32,7492.0,24,7482.0
PF409,,13:40:01.0#,7502.0,7516.0,7460.0,8030.0,6978.0,33535,82471,7474.0,29,7476.0,44,7478.0,45,7480.0,58,7482.0,19,7484.0,65,7486.0,41,7488.0,47,7490.0,32,7492.0,24,7484.0
PF409,,13:40:01.250#,7502.0,7516.0,7460.0,8030.0,6978.0,33535,82471,7474.0,29,7476.0,44,7478.0,45,7480.0,58,7482.0,21,7484.0,65,7486.0,41,7488.0,47,7490.0,32,7492.0,24,7484.0
PF409,,13:40:01.750#,7502.0,7516.0,7460.0,8030.0,6978.0,33537,82472,7474.0,29,7476.0,44,7478.0,45,7480.0,58,7482.0,19,7484.0,63,7486.0,41,7488.0,47,7490.0,32,7492.0,24,7484.0
PF409,,13:40:02.250#,7502.0,7516.0,7460.0,8030.0,6978.0,33537,82472,7474.0,29,7476.0,44,7478.0,45,7480.0,58,7482.0,19,7484.0,65,7486.0,41,7488.0,47,7490.0,32,7492.0,24,7484.0
PF409,,13:40:02.500#,7502.0,7516.0,7460.0,8030.0,6978.0,33537,82472,7474.0,29,7476.0,44,7478.0,45,7480.0,58,7482.0,20,7484.0,65,7486.0,41,7488.0,47,7490.0,32,7492.0,24,7484.0
PF409,,13:40:02.750#,7502.0,7516.0,7460.0,8030.0,6978.0,33539,82474,7474.0,29,7476.0,44,7478.0,45,7480.0,58,7482.0,26,7484.0,63,7486.0,41,7488.0,47,7490.0,32,7492.0,24,7484.0
PF409,,13:40:03.250#,7502.0,7516.0,7460.0,8030.0,6978.0,33580,82455,7474.0,29,7476.0,44,7478.0,45,7480.0,58,7482.0,28,7484.0,22,7486.0,41,7488.0,47,7490.0,32,7492.0,24,7484.0
PF409,,13:40:03.500#,7502.0,7516.0,7460.0,8030.0,6978.0,33602,82454,7474.0,29,7476.0,44,7478.0,45,7480.0,58,7482.0,39,7486.0,56,7488.0,47,7490.0,32,7492.0,24,7494.0,6,7484.0
PF409,,13:40:03.750#,7502.0,7516.0,7460.0,8030.0,6978.0,33602,82454,7474.0,29,7476.0,44,7478.0,45,7480.0,56,7482.0,44,7486.0,57,7488.0,48,7490.0,33,7492.0,24,7494.0,20,7484.0
PF409,,13:40:04.0#,7502.0,7516.0,7460.0,8030.0,6978.0,33602,82454,7474.0,29,7476.0,44,7478.0,45,7480.0,56,7482.0,44,7486.0,58,7488.0,48,7490.0,34,7492.0,24,7494.0,20,7484.0
PF409,,13:40:04.250#,7502.0,7516.0,7460.0,8030.0,6978.0,33602,82454,7474.0,29,7476.0,44,7478.0,45,7480.0,56,7482.0,49,7486.0,58,7488.0,48,7490.0,34,7492.0,24,7494.0,20,7484.0
PF409,,13:40:05.0#,7502.0,7516.0,7460.0,8030.0,6978.0,33620,82467,7474.0,29,7476.0,44,7478.0,45,7480.0,56,7482.0,147,7486.0,61,7488.0,48,7490.0,34,7492.0,24,7494.0,20,7482.0
PF409,,13:40:05.250#,7502.0,7516.0,7460.0,8030.0,6978.0,33620,82467,7474.0,29,7476.0,44,7478.0,45,7480.0,56,7482.0,149,7486.0,60,7488.0,48,7490.0,34,7492.0,24,7494.0,20,7482.0
PF409,,13:40:05.750#,7502.0,7516.0,7460.0,8030.0,6978.0,33620,82467,7474.0,29,7476.0,44,7478.0,45,7480.0,56,7482.0,149,7486.0,65,7488.0,48,7490.0,34,7492.0,24,7494.0,20,7482.0
PF409,,13:40:06.0#,7502.0,7516.0,7460.0,8030.0,6978.0,33620,82467,7474.0,29,7476.0,44,7478.0,45,7480.0,56,7482.0,149,7486.0,66,7488.0,48,7490.0,34,7492.0,24,7494.0,20,7482.0
PF409,,13:40:06.250#,7502.0,7516.0,7460.0,8030.0,6978.0,33620,82467,7474.0,29,7476.0,44,7478.0,45,7480.0,56,7482.0,149,7486.0,67,7488.0,48,7490.0,34,7492.0,24,7494.0,20,7482.0
PF409,,13:40:09.500#,7502.0,7516.0,7460.0,8030.0,6978.0,33622,82467,7474.0,29,7476.0,44,7478.0,45,7480.0,56,7482.0,147,7486.0,67,7488.0,48,7490.0,34,7492.0,24,7494.0,20,7482.0
PF409,,13:40:10.0#,7502.0,7516.0,7460.0,8030.0,6978.0,33622,82467,7474.0,29,7476.0,44,7478.0,45,7480.0,56,7482.0,149,7486.0,67,7488.0,48,7490.0,34,7492.0,24,7494.0,20,7482.0
PF409,,13:40:10.500#,7502.0,7516.0,7460.0,8030.0,6978.0,33626,82467,7474.0,29,7476.0,44,7478.0,45,7480.0,56,7482.0,145,7486.0,67,7488.0,48,7490.0,34,7492.0,24,7494.0,20,7482.0
PF409,,13:40:10.750#,7502.0,7516.0,7460.0,8030.0,6978.0,33628,82467,7474.0,29,7476.0,44,7478.0,45,7480.0,56,7482.0,143,7486.0,67,7488.0,48,7490.0,34,7492.0,24,7494.0,20,7482.0
PF409,,13:40:11.0#,7502.0,7516.0,7460.0,8030.0,6978.0,33628,82467,7474.0,29,7476.0,44,7478.0,45,7480.0,56,7482.0,143,7484.0,1,7486.0,43,7488.0,48,7490.0,34,7492.0,24,7482.0
PF409,,13:40:11.0#,7502.0,7516.0,7460.0,8030.0,6978.0,33628,82467,7474.0,29,7476.0,44,7478.0,45,7480.0,56,7482.0,143,7484.0,1,7486.0,43,7488.0,48,7490.0,34,7492.0,24,7482.0
PF409,,13:40:11.250#,7502.0,7516.0,7460.0,8030.0,6978.0,33628,82467,7474.0,29,7476.0,42,7478.0,45,7480.0,58,7482.0,143,7484.0,1,7486.0,45,7488.0,49,7490.0,34,7492.0,24,7482.0
PF409,,13:40:13.0#,7502.0,7516.0,7460.0,8030.0,6978.0,33629,82467,7474.0,29,7476.0,42,7478.0,45,7480.0,58,7482.0,142,7484.0,1,7486.0,45,7488.0,49,7490.0,34,7492.0,24,7482.0
PF409,,13:40:16.0#,7502.0,7516.0,7460.0,8030.0,6978.0,33630,82466,7474.0,29,7476.0,42,7478.0,45,7480.0,58,7482.0,141,7486.0,69,7488.0,49,7490.0,34,7492.0,24,7494.0,20,7484.0
PF409,,13:40:16.250#,7502.0,7516.0,7460.0,8030.0,6978.0,33630,82466,7474.0,29,7476.0,42,7478.0,45,7480.0,56,7482.0,143,7484.0,2,7486.0,45,7488.0,49,7490.0,34,7492.0,24,7484.0
PF409,,13:40:16.500#,7502.0,7516.0,7460.0,8030.0,6978.0,33630,82466,7474.0,29,7476.0,42,7478.0,45,7480.0,58,7482.0,141,7486.0,69,7488.0,49,7490.0,34,7492.0,24,7494.0,20,7484.0
PF409,,13:40:16.750#,7502.0,7516.0,7460.0,8030.0,6978.0,33630,82466,7474.0,29,7476.0,42,7478.0,45,7480.0,56,7482.0,143,7486.0,69,7488.0,49,7490.0,34,7492.0,24,7494.0,20,7484.0
PF409,,13:40:18.500#,7502.0,7516.0,7460.0,8030.0,6978.0,33646,82450,7474.0,29,7476.0,42,7478.0,45,7480.0,56,7482.0,127,7486.0,69,7488.0,49,7490.0,34,7492.0,24,7494.0,20,7482.0
PF409,,13:40:24.0#,7502.0,7516.0,7460.0,8030.0,6978.0,33646,82450,7474.0,29,7476.0,42,7478.0,45,7480.0,56,7482.0,127,7486.0,70,7488.0,49,7490.0,34,7492.0,24,7494.0,20,7482.0
PF409,,13:40:26.0#,7502.0,7516.0,7460.0,8030.0,6978.0,33646,82450,7474.0,29,7476.0,42,7478.0,45,7480.0,56,7482.0,127,7486.0,64,7488.0,49,7490.0,34,7492.0,24,7494.0,20,7482.0
PF409,,13:40:29.750#,7502.0,7516.0,7460.0,8030.0,6978.0,33646,82450,7474.0,29,7476.0,42,7478.0,45,7480.0,56,7482.0,127,7486.0,68,7488.0,49,7490.0,34,7492.0,24,7494.0,20,7482.0
PF409,,13:40:30.0#,7502.0,7516.0,7460.0,8030.0,6978.0,33646,82450,7474.0,29,7476.0,42,7478.0,45,7480.0,56,7482.0,130,7486.0,68,7488.0,49,7490.0,34,7492.0,24,7494.0,20,7482.0
PF409,,13:40:30.250#,7502.0,7516.0,7460.0,8030.0,6978.0,33646,82450,7474.0,29,7476.0,42,7478.0,45,7480.0,56,7482.0,130,7486.0,71,7488.0,49,7490.0,34,7492.0,24,7494.0,20,7482.0
PF409,,13:40:31.250#,7502.0,7516.0,7460.0,8030.0,6978.0,33646,82450,7474.0,29,7476.0,42,7478.0,45,7480.0,56,7482.0,130,7486.0,70,7488.0,49,7490.0,34,7492.0,24,7494.0,20,7482.0
PF409,,13:40:31.500#,7502.0,7516.0,7460.0,8030.0,6978.0,33646,82450,7474.0,29,7476.0,42,7478.0,45,7480.0,56,7482.0,130,7486.0,68,7488.0,49,7490.0,34,7492.0,24,7494.0,20,7482.0
PF409,,13:40:32.0#,7502.0,7516.0,7460.0,8030.0,6978.0,33646,82450,7474.0,29,7476.0,42,7478.0,45,7480.0,56,7482.0,130,7486.0,71,7488.0,49,7490.0,34,7492.0,24,7494.0,20,7482.0
PF409,,13:40:32.250#,7502.0,7516.0,7460.0,8030.0,6978.0,33646,82450,7474.0,29,7476.0,42,7478.0,45,7480.0,56,7482.0,130,7486.0,73,7488.0,49,7490.0,34,7492.0,24,7494.0,20,7482.0
PF409,,13:40:32.500#,7502.0,7516.0,7460.0,8030.0,6978.0,33646,82450,7474.0,29,7476.0,42,7478.0,45,7480.0,56,7482.0,130,7486.0,79,7488.0,49,7490.0,34,7492.0,24,7494.0,20,7482.0
PF409,,13:40:34.250#,7502.0,7516.0,7460.0,8030.0,6978.0,33646,82450,7474.0,29,7476.0,42,7478.0,45,7480.0,56,7482.0,130,7486.0,73,7488.0,49,7490.0,34,7492.0,24,7494.0,20,7482.0
PF409,,13:40:34.500#,7502.0,7516.0,7460.0,8030.0,6978.0,33646,82450,7476.0,42,7478.0,45,7480.0,56,7482.0,54,7484.0,39,7486.0,70,7488.0,49,7490.0,34,7492.0,24,7494.0,20,7482.0
PF409,,13:40:34.750#,7502.0,7516.0,7460.0,8030.0,6978.0,33646,82450,7476.0,42,7478.0,45,7480.0,55,7482.0,55,7484.0,60,7486.0,53,7488.0,49,7490.0,34,7492.0,24,7494.0,20,7482.0
PF409,,13:40:35.0#,7502.0,7516.0,7460.0,8030.0,6978.0,33646,82450,7476.0,42,7478.0,45,7480.0,55,7482.0,54,7484.0,78,7486.0,53,7488.0,49,7490.0,34,7492.0,24,7494.0,24,7482.0
PF409,,13:40:35.500#,7502.0,7516.0,7460.0,8030.0,6978.0,33647,82449,7476.0,42,7478.0,45,7480.0,55,7482.0,52,7484.0,11,7486.0,52,7488.0,49,7490.0,34,7492.0,24,7494.0,24,7486.0
PF409,,13:40:35.750#,7502.0,7516.0,7460.0,8030.0,6978.0,33647,82449,7476.0,42,7478.0,45,7480.0,55,7482.0,52,7484.0,9,7486.0,55,7488.0,49,7490.0,34,7492.0,24,7494.0,24,7486.0
PF409,,13:40:36.0#,7502.0,7516.0,7460.0,8030.0,6978.0,33647,82449,7476.0,42,7478.0,45,7480.0,55,7482.0,52,7484.0,10,7486.0,55,7488.0,49,7490.0,34,7492.0,24,7494.0,24,7486.0
PF409,,13:40:36.250#,7502.0,7516.0,7460.0,8030.0,6978.0,33647,82449,7476.0,42,7478.0,45,7480.0,55,7482.0,52,7484.0,10,7486.0,56,7488.0,49,7490.0,34,7492.0,24,7494.0,24,7486.0
PF409,,13:40:36.500#,7502.0,7516.0,7460.0,8030.0,6978.0,33651,82448,7474.0,29,7476.0,42,7478.0,45,7480.0,55,7482.0,128,7486.0,52,7488.0,49,7490.0,34,7492.0,24,7494.0,24,7484.0
PF409,,13:40:36.750#,7502.0,7516.0,7460.0,8030.0,6978.0,33651,82448,7474.0,29,7476.0,42,7478.0,45,7480.0,55,7482.0,128,7486.0,58,7488.0,49,7490.0,34,7492.0,24,7494.0,24,7484.0
PF409,,13:40:38.250#,7502.0,7516.0,7460.0,8030.0,6978.0,33651,82448,7474.0,29,7476.0,42,7478.0,45,7480.0,55,7482.0,128,7486.0,52,7488.0,49,7490.0,34,7492.0,24,7494.0,24,7484.0
PF409,,13:40:38.750#,7502.0,7516.0,7460.0,8030.0,6978.0,33651,82448,7476.0,42,7478.0,45,7480.0,55,7482.0,52,7484.0,33,7486.0,49,7488.0,49,7490.0,34,7492.0,24,7494.0,24,7484.0
PF409,,13:40:39.0#,7502.0,7516.0,7460.0,8030.0,6978.0,33651,82448,7476.0,42,7478.0,45,7480.0,55,7482.0,52,7484.0,87,7486.0,49,7488.0,49,7490.0,34,7492.0,24,7494.0,24,7484.0
PF409,,13:40:39.250#,7502.0,7516.0,7460.0,8030.0,6978.0,33651,82448,7476.0,42,7478.0,45,7480.0,55,7482.0,52,7484.0,89,7486.0,48,7488.0,49,7490.0,34,7492.0,24,7494.0,24,7484.0
PF409,,13:40:39.500#,7502.0,7516.0,7460.0,8030.0,6978.0,33651,82448,7476.0,42,7478.0,45,7480.0,55,7482.0,52,7484.0,15,7486.0,44,7488.0,49,7490.0,34,7492.0,24,7494.0,24,7484.0
PF409,,13:40:39.750#,7502.0,7516.0,7460.0,8030.0,6978.0,33651,82448,7476.0,42,7478.0,45,7480.0,55,7482.0,52,7484.0,21,7486.0,44,7488.0,49,7490.0,34,7492.0,24,7494.0,24,7484.0
PF409,,13:40:40.0#,7502.0,7516.0,7460.0,8030.0,6978.0,33651,82448,7476.0,42,7478.0,45,7480.0,55,7482.0,51,7484.0,19,7486.0,44,7488.0,49,7490.0,34,7492.0,24,7494.0,24,7484.0
PF409,,13:40:40.250#,7502.0,7516.0,7460.0,8030.0,6978.0,33651,82448,7476.0,42,7478.0,45,7480.0,54,7482.0,51,7484.0,16,7486.0,44,7488.0,49,7490.0,34,7492.0,24,7494.0,24,7484.0
PF409,,13:40:42.500#,7502.0,7516.0,7460.0,8030.0,6978.0,33651,82448,7476.0,42,7478.0,45,7480.0,54,7482.0,51,7484.0,12,7486.0,44,7488.0,49,7490.0,34,7492.0,24,7494.0,24,7484.0
PF409,,13:40:43.250#,7502.0,7516.0,7460.0,8030.0,6978.0,33651,82448,7476.0,42,7478.0,45,7480.0,54,7482.0,51,7484.0,25,7486.0,44,7488.0,49,7490.0,34,7492.0,24,7494.0,24,7484.0
PF409,,13:40:47.750#,7502.0,7516.0,7460.0,8030.0,6978.0,33651,82448,7476.0,42,7478.0,45,7480.0,54,7482.0,61,7484.0,25,7486.0,44,7488.0,49,7490.0,34,7492.0,24,7494.0,24,7484.0
PF409,,13:40:48.0#,7502.0,7516.0,7460.0,8030.0,6978.0,33657,82453,7476.0,42,7478.0,45,7480.0,51,7482.0,58,7484.0,19,7486.0,43,7488.0,49,7490.0,34,7492.0,24,7494.0,24,7484.0
PF409,,13:40:48.250#,7502.0,7516.0,7460.0,8030.0,6978.0,33657,82453,7476.0,42,7478.0,45,7480.0,51,7482.0,58,7484.0,19,7486.0,51,7488.0,49,7490.0,34,7492.0,24,7494.0,24,7484.0
PF409,,13:40:48.750#,7502.0,7516.0,7460.0,8030.0,6978.0,33657,82453,7476.0,42,7478.0,45,7480.0,51,7482.0,58,7484.0,20,7486.0,51,7488.0,49,7490.0,34,7492.0,24,7494.0,24,7484.0
PF409,,13:40:50.0#,7502.0,7516.0,7460.0,8030.0,6978.0,33661,82457,7476.0,42,7478.0,45,7480.0,51,7482.0,58,7484.0,16,7486.0,49,7488.0,49,7490.0,34,7492.0,24,7494.0,24,7484.0
PF409,,13:40:51.750#,7502.0,7516.0,7460.0,8030.0,6978.0,33661,82457,7476.0,42,7478.0,45,7480.0,51,7482.0,58,7484.0,18,7486.0,49,7488.0,49,7490.0,34,7492.0,24,7494.0,24,7484.0
PF409,,13:40:54.500#,7502.0,7516.0,7460.0,8030.0,6978.0,33661,82457,7476.0,42,7478.0,45,7480.0,51,7482.0,58,7484.0,23,7486.0,49,7488.0,49,7490.0,34,7492.0,24,7494.0,24,7484.0
PF409,,13:40:54.750#,7502.0,7516.0,7460.0,8030.0,6978.0,33661,82457,7476.0,42,7478.0,45,7480.0,51,7482.0,58,7484.0,23,7486.0,43,7488.0,49,7490.0,34,7492.0,24,7494.0,24,7484.0
PF409,,13:40:55.500#,7502.0,7516.0,7460.0,8030.0,6978.0,33675,82448,7476.0,42,7478.0,45,7480.0,51,7482.0,58,7484.0,23,7486.0,34,7488.0,49,7490.0,34,7492.0,24,7494.0,24,7486.0
PF409,,13:40:55.750#,7502.0,7516.0,7460.0,8030.0,6978.0,33675,82448,7476.0,42,7478.0,45,7480.0,51,7482.0,58,7484.0,26,7486.0,42,7488.0,49,7490.0,34,7492.0,24,7494.0,24,7486.0
PF409,,13:40:57.0#,7502.0,7516.0,7460.0,8030.0,6978.0,33675,82448,7476.0,42,7478.0,45,7480.0,51,7482.0,58,7484.0,26,7486.0,48,7488.0,49,7490.0,34,7492.0,24,7494.0,24,7486.0
PF409,,13:40:57.250#,7502.0,7516.0,7460.0,8030.0,6978.0,33675,82448,7476.0,42,7478.0,45,7480.0,51,7482.0,58,7484.0,23,7486.0,48,7488.0,49,7490.0,34,7492.0,24,7494.0,24,7486.0
PF409,,13:40:58.500#,7502.0,7516.0,7460.0,8030.0,6978.0,33675,82448,7476.0,42,7478.0,45,7480.0,51,7482.0,58,7484.0,23,7486.0,42,7488.0,49,7490.0,34,7492.0,24,7494.0,24,7486.0
PF409,,13:40:58.750#,7502.0,7516.0,7460.0,8030.0,6978.0,33677,82448,7476.0,42,7478.0,45,7480.0,51,7482.0,58,7484.0,30,7486.0,41,7488.0,49,7490.0,34,7492.0,24,7494.0,24,7484.0
PF409,,13:40:59.0#,7502.0,7516.0,7460.0,8030.0,6978.0,33678,82449,7476.0,42,7478.0,45,7480.0,51,7482.0,58,7484.0,31,7486.0,41,7488.0,49,7490.0,34,7492.0,24,7494.0,24,7484.0
PF409,,13:41:00.250#,7502.0,7516.0,7460.0,8030.0,6978.0,33678,82449,7476.0,42,7478.0,45,7480.0,51,7482.0,58,7484.0,31,7486.0,41,7488.0,49,7490.0,34,7492.0,24,7494.0,24,7484.0
PF409,,13:41:01.500#,7502.0,7516.0,7460.0,8030.0,6978.0,33678,82449,7476.0,42,7478.0,45,7480.0,51,7482.0,58,7484.0,31,7486.0,33,7488.0,49,7490.0,34,7492.0,24,7494.0,24,7484.0
PF409,,13:41:01.750#,7502.0,7516.0,7460.0,8030.0,6978.0,33678,82449,7476.0,42,7478.0,45,7480.0,51,7482.0,58,7484.0,34,7486.0,37,7488.0,49,7490.0,34,7492.0,24,7494.0,24,7484.0
PF409,,13:41:02.0#,7502.0,7516.0,7460.0,8030.0,6978.0,33678,82449,7476.0,42,7478.0,45,7480.0,51,7482.0,58,7484.0,34,7486.0,41,7488.0,49,7490.0,34,7492.0,24,7494.0,24,7484.0
PF409,,13:41:02.500#,7502.0,7516.0,7460.0,8030.0,6978.0,33678,82449,7476.0,42,7478.0,45,7480.0,51,7482.0,58,7484.0,34,7486.0,43,7488.0,49,7490.0,34,7492.0,24,7494.0,24,7484.0
PF409,,13:41:02.750#,7502.0,7516.0,7460.0,8030.0,6978.0,33678,82449,7476.0,42,7478.0,45,7480.0,51,7482.0,58,7484.0,33,7486.0,43,7488.0,49,7490.0,34,7492.0,24,7494.0,24,7484.0
PF409,,13:41:03.0#,7502.0,7516.0,7460.0,8030.0,6978.0,33678,82449,7476.0,42,7478.0,45,7480.0,51,7482.0,58,7484.0,27,7486.0,43,7488.0,49,7490.0,34,7492.0,24,7494.0,24,7484.0
PF409,,13:41:03.250#,7502.0,7516.0,7460.0,8030.0,6978.0,33678,82449,7476.0,42,7478.0,45,7480.0,51,7482.0,58,7484.0,20,7486.0,43,7488.0,49,7490.0,34,7492.0,24,7494.0,24,7484.0
PF409,,13:41:04.0#,7502.0,7516.0,7460.0,8030.0,6978.0,33678,82449,7476.0,42,7478.0,45,7480.0,51,7482.0,58,7484.0,20,7486.0,49,7488.0,49,7490.0,34,7492.0,24,7494.0,24,7484.0
PF409,,13:41:04.500#,7502.0,7516.0,7460.0,8030.0,6978.0,33678,82449,7476.0,42,7478.0,45,7480.0,51,7482.0,58,7484.0,20,7486.0,47,7488.0,49,7490.0,34,7492.0,24,7494.0,24,7484.0
PF409,,13:41:06.0#,7502.0,7516.0,7460.0,8030.0,6978.0,33678,82449,7476.0,42,7478.0,45,7480.0,51,7482.0,58,7484.0,20,7486.0,41,7488.0,49,7490.0,34,7492.0,24,7494.0,24,7484.0
PF409,,13:41:07.500#,7502.0,7516.0,7460.0,8030.0,6978.0,33679,82449,7476.0,42,7478.0,45,7480.0,51,7482.0,58,7484.0,19,7486.0,41,7488.0,49,7490.0,34,7492.0,24,7494.0,24,7484.0
PF409,,13:41:08.500#,7502.0,7516.0,7460.0,8030.0,6978.0,33699,82447,7476.0,42,7478.0,45,7480.0,51,7482.0,59,7484.0,2,7486.0,51,7488.0,49,7490.0,34,7492.0,24,7494.0,24,7484.0
PF409,,13:41:11.500#,7502.0,7516.0,7460.0,8030.0,6978.0,33699,82447,7476.0,42,7478.0,45,7480.0,51,7482.0,59,7484.0,2,7486.0,71,7488.0,49,7490.0,34,7492.0,24,7494.0,24,7484.0
PF409,,13:41:11.750#,7502.0,7516.0,7460.0,8030.0,6978.0,33701,82447,7476.0,42,7478.0,45,7480.0,53,7482.0,59,7484.0,1,7486.0,71,7488.0,49,7490.0,34,7492.0,24,7494.0,24,7484.0
PF409,,13:41:14.0#,7502.0,7516.0,7460.0,8030.0,6978.0,33701,82447,7476.0,42,7478.0,45,7480.0,53,7482.0,59,7484.0,8,7486.0,71,7488.0,49,7490.0,34,7492.0,24,7494.0,24,7484.0
PF409,,13:41:20.0#,7502.0,7516.0,7460.0,8030.0,6978.0,33709,82446,7474.0,29,7476.0,42,7478.0,45,7480.0,53,7482.0,135,7484.0,8,7486.0,50,7488.0,49,7490.0,34,7492.0,24,7484.0
PF409,,13:41:20.250#,7502.0,7516.0,7460.0,8030.0,6978.0,33709,82446,7474.0,29,7476.0,42,7478.0,45,7480.0,53,7482.0,138,7484.0,8,7486.0,51,7488.0,49,7490.0,34,7492.0,24,7484.0
PF409,,13:41:20.750#,7502.0,7516.0,7460.0,8030.0,6978.0,33711,82444,7474.0,29,7476.0,42,7478.0,45,7480.0,53,7482.0,136,7484.0,6,7486.0,51,7488.0,49,7490.0,34,7492.0,24,7484.0
PF409,,13:41:21.0#,7502.0,7516.0,7460.0,8030.0,6978.0,33711,82444,7474.0,29,7476.0,42,7478.0,45,7480.0,53,7482.0,136,7484.0,6,7486.0,52,7488.0,49,7490.0,34,7492.0,24,7484.0
PF409,,13:41:21.250#,7502.0,7516.0,7460.0,8030.0,6978.0,33712,82443,7474.0,29,7476.0,42,7478.0,45,7480.0,53,7482.0,135,7484.0,5,7486.0,52,7488.0,49,7490.0,34,7492.0,24,7484.0
PF409,,13:41:22.250#,7502.0,7516.0,7460.0,8030.0,6978.0,33713,82442,7474.0,29,7476.0,42,7478.0,45,7480.0,53,7482.0,134,7484.0,4,7486.0,52,7488.0,49,7490.0,34,7492.0,24,7484.0
PF409,,13:41:23.250#,7502.0,7516.0,7460.0,8030.0,6978.0,33714,82441,7474.0,29,7476.0,42,7478.0,45,7480.0,53,7482.0,133,7484.0,3,7486.0,52,7488.0,49,7490.0,34,7492.0,24,7484.0
PF409,,13:41:24.0#,7502.0,7516.0,7460.0,8030.0,6978.0,33715,82440,7474.0,29,7476.0,42,7478.0,45,7480.0,53,7482.0,132,7484.0,2,7486.0,52,7488.0,49,7490.0,34,7492.0,24,7484.0
PF409,,13:41:25.0#,7502.0,7516.0,7460.0,8030.0,6978.0,33715,82440,7474.0,29,7476.0,42,7478.0,45,7480.0,53,7482.0,132,7484.0,2,7486.0,52,7488.0,49,7490.0,34,7492.0,24,7484.0
PF409,,13:41:27.500#,7502.0,7516.0,7460.0,8030.0,6978.0,33717,82438,7474.0,29,7476.0,42,7478.0,45,7480.0,53,7482.0,130,7486.0,73,7488.0,49,7490.0,34,7492.0,24,7494.0,24,7484.0
PF409,,13:41:27.750#,7502.0,7516.0,7460.0,8030.0,6978.0,33717,82438,7474.0,29,7476.0,42,7478.0,45,7480.0,33,7482.0,130,7486.0,73,7488.0,49,7490.0,34,7492.0,24,7494.0,24,7484.0
PF409,,13:41:32.500#,7502.0,7516.0,7460.0,8030.0,6978.0,33717,82438,7474.0,29,7476.0,42,7478.0,45,7480.0,33,7482.0,130,7486.0,77,7488.0,49,7490.0,34,7492.0,24,7494.0,24,7484.0
PF409,,13:41:34.500#,7502.0,7516.0,7460.0,8030.0,6978.0,33717,82438,7474.0,29,7476.0,42,7478.0,45,7480.0,33,7482.0,130,7486.0,75,7488.0,49,7490.0,34,7492.0,24,7494.0,24,7484.0
PF409,,13:41:36.250#,7502.0,7516.0,7460.0,8030.0,6978.0,33717,82438,7474.0,29,7476.0,42,7478.0,45,7480.0,33,7482.0,64,7486.0,78,7488.0,49,7490.0,34,7492.0,24,7494.0,24,7484.0
PF409,,13:41:36.500#,7502.0,7516.0,7460.0,8030.0,6978.0,33717,82438,7474.0,29,7476.0,42,7478.0,45,7480.0,33,7482.0,57,7484.0,4,7486.0,54,7488.0,49,7490.0,34,7492.0,24,7484.0
PF409,,13:41:36.750#,7502.0,7516.0,7460.0,8030.0,6978.0,33717,82438,7474.0,29,7476.0,42,7478.0,45,7480.0,33,7482.0,57,7484.0,22,7486.0,54,7488.0,49,7490.0,34,7492.0,24,7484.0
PF409,,13:41:37.0#,7502.0,7516.0,7460.0,8030.0,6978.0,33717,82438,7474.0,29,7476.0,42,7478.0,45,7480.0,33,7482.0,57,7484.0,23,7486.0,54,7488.0,49,7490.0,34,7492.0,24,7484.0
PF409,,13:41:37.250#,7502.0,7516.0,7460.0,8030.0,6978.0,33717,82438,7474.0,29,7476.0,42,7478.0,45,7480.0,33,7482.0,123,7484.0,12,7486.0,54,7488.0,49,7490.0,34,7492.0,24,7484.0
PF409,,13:41:37.500#,7502.0,7516.0,7460.0,8030.0,6978.0,33717,82438,7474.0,29,7476.0,42,7478.0,45,7480.0,33,7482.0,123,7486.0,75,7488.0,49,7490.0,34,7492.0,24,7494.0,24,7484.0
PF409,,13:41:58.500#,7502.0,7516.0,7460.0,8030.0,6978.0,33717,82438,7474.0,29,7476.0,42,7478.0,45,7480.0,33,7482.0,123,7486.0,80,7488.0,49,7490.0,34,7492.0,24,7494.0,24,7484.0
PF409,,13:41:58.750#,7502.0,7516.0,7460.0,8030.0,6978.0,33717,82438,7474.0,29,7476.0,41,7478.0,45,7480.0,33,7482.0,123,7486.0,80,7488.0,49,7490.0,34,7492.0,24,7494.0,24,7484.0
PF409,,13:42:01.0#,7502.0,7516.0,7460.0,8030.0,6978.0,33717,82438,7474.0,29,7476.0,41,7478.0,45,7480.0,33,7482.0,123,7486.0,86,7488.0,49,7490.0,34,7492.0,24,7494.0,24,7484.0
PF409,,13:42:02.500#,7502.0,7516.0,7460.0,8030.0,6978.0,33717,82438,7474.0,29,7476.0,41,7478.0,45,7480.0,33,7482.0,123,7486.0,91,7488.0,49,7490.0,34,7492.0,24,7494.0,24,7484.0
PF409,,13:42:03.250#,7502.0,7516.0,7460.0,8030.0,6978.0,33717,82438,7474.0,29,7476.0,41,7478.0,45,7480.0,33,7482.0,131,7486.0,91,7488.0,49,7490.0,34,7492.0,24,7494.0,24,7484.0
PF409,,13:42:04.500#,7502.0,7516.0,7460.0,8030.0,6978.0,33717,82438,7474.0,29,7476.0,41,7478.0,45,7480.0,33,7482.0,131,7486.0,87,7488.0,49,7490.0,34,7492.0,24,7494.0,24,7484.0
PF409,,13:42:15.750#,7502.0,7516.0,7460.0,8030.0,6978.0,33717,82438,7474.0,29,7476.0,41,7478.0,45,7480.0,33,7482.0,131,7486.0,87,7488.0,49,7490.0,34,7492.0,24,7494.0,24,7484.0
PF409,,13:42:21.500#,7502.0,7516.0,7460.0,8030.0,6978.0,33733,82422,7474.0,29,7476.0,41,7478.0,45,7480.0,33,7482.0,115,7486.0,87,7488.0,49,7490.0,34,7492.0,24,7494.0,24,7482.0
PF409,,13:42:32.500#,7502.0,7516.0,7460.0,8030.0,6978.0,33733,82422,7474.0,29,7476.0,41,7478.0,45,7480.0,33,7482.0,115,7486.0,93,7488.0,49,7490.0,37,7492.0,24,7494.0,24,7482.0
PF409,,13:42:32.750#,7502.0,7516.0,7460.0,8030.0,6978.0,33733,82422,7474.0,29,7476.0,41,7478.0,45,7480.0,33,7482.0,116,7486.0,93,7488.0,49,7490.0,37,7492.0,24,7494.0,24,7482.0
PF409,,13:42:34.500#,7502.0,7516.0,7460.0,8030.0,6978.0,33733,82422,7474.0,29,7476.0,41,7478.0,45,7480.0,33,7482.0,116,7486.0,88,7488.0,49,7490.0,37,7492.0,24,7494.0,24,7482.0
PF409,,13:42:39.0#,7502.0,7516.0,7460.0,8030.0,6978.0,33733,82422,7474.0,29,7476.0,41,7478.0,45,7480.0,33,7482.0,114,7486.0,88,7488.0,49,7490.0,37,7492.0,24,7494.0,24,7482.0
PF409,,13:42:39.250#,7502.0,7516.0,7460.0,8030.0,6978.0,33733,82422,7474.0,29,7476.0,41,7478.0,45,7480.0,33,7482.0,113,7486.0,88,7488.0,49,7490.0,37,7492.0,24,7494.0,24,7482.0
PF409,,13:42:39.500#,7502.0,7516.0,7460.0,8030.0,6978.0,33733,82422,7474.0,29,7476.0,41,7478.0,45,7480.0,33,7482.0,114,7486.0,88,7488.0,49,7490.0,37,7492.0,24,7494.0,24,7482.0
PF409,,13:42:39.750#,7502.0,7516.0,7460.0,8030.0,6978.0,33733,82422,7474.0,29,7476.0,41,7478.0,45,7480.0,33,7482.0,102,7486.0,88,7488.0,49,7490.0,37,7492.0,24,7494.0,24,7482.0
PF409,,13:42:40.250#,7502.0,7516.0,7460.0,8030.0,6978.0,33733,82422,7474.0,29,7476.0,41,7478.0,45,7480.0,33,7482.0,102,7486.0,88,7488.0,49,7490.0,37,7492.0,26,7494.0,24,7482.0
PF409,,13:42:40.500#,7502.0,7516.0,7460.0,8030.0,6978.0,33733,82422,7474.0,29,7476.0,41,7478.0,45,7480.0,33,7482.0,103,7486.0,88,7488.0,49,7490.0,37,7492.0,26,7494.0,24,7482.0
PF409,,13:42:40.750#,7502.0,7516.0,7460.0,8030.0,6978.0,33733,82422,7474.0,29,7476.0,41,7478.0,45,7480.0,33,7482.0,116,7486.0,88,7488.0,49,7490.0,37,7492.0,26,7494.0,24,7482.0
PF409,,13:42:41.500#,7502.0,7516.0,7460.0,8030.0,6978.0,33733,82422,7474.0,29,7476.0,41,7478.0,45,7480.0,33,7482.0,109,7486.0,88,7488.0,49,7490.0,37,7492.0,26,7494.0,24,7482.0
PF409,,13:42:41.750#,7502.0,7516.0,7460.0,8030.0,6978.0,33733,82422,7474.0,29,7476.0,41,7478.0,45,7480.0,33,7482.0,103,7486.0,88,7488.0,49,7490.0,37,7492.0,26,7494.0,24,7482.0
PF409,,13:42:42.250#,7502.0,7516.0,7460.0,8030.0,6978.0,33733,82422,7474.0,29,7476.0,41,7478.0,45,7480.0,33,7482.0,101,7486.0,88,7488.0,49,7490.0,37,7492.0,26,7494.0,24,7482.0
PF409,,13:42:42.500#,7502.0,7516.0,7460.0,8030.0,6978.0,33733,82422,7474.0,29,7476.0,41,7478.0,45,7480.0,33,7482.0,96,7486.0,88,7488.0,49,7490.0,37,7492.0,26,7494.0,24,7482.0
PF409,,13:42:42.750#,7502.0,7516.0,7460.0,8030.0,6978.0,33733,82422,7474.0,29,7476.0,41,7478.0,45,7480.0,33,7482.0,76,7486.0,88,7488.0,49,7490.0,37,7492.0,26,7494.0,24,7482.0
PF409,,13:42:43.0#,7502.0,7516.0,7460.0,8030.0,6978.0,33733,82422,7474.0,29,7476.0,41,7478.0,45,7480.0,33,7482.0,66,7486.0,91,7488.0,49,7490.0,37,7492.0,26,7494.0,24,7482.0
PF409,,13:42:43.250#,7502.0,7516.0,7460.0,8030.0,6978.0,33733,82422,7474.0,29,7476.0,41,7478.0,45,7480.0,33,7482.0,67,7486.0,91,7488.0,49,7490.0,37,7492.0,26,7494.0,24,7482.0
PF409,,13:42:43.500#,7502.0,7516.0,7460.0,8030.0,6978.0,33733,82422,7474.0,29,7476.0,41,7478.0,45,7480.0,33,7482.0,67,7484.0,7,7486.0,67,7488.0,49,7490.0,37,7492.0,26,7482.0
PF409,,13:42:43.750#,7502.0,7516.0,7460.0,8030.0,6978.0,33733,82422,7474.0,29,7476.0,41,7478.0,45,7480.0,33,7482.0,58,7484.0,19,7486.0,67,7488.0,49,7490.0,37,7492.0,26,7482.0
PF409,,13:42:44.250#,7502.0,7516.0,7460.0,8030.0,6978.0,33734,82421,7474.0,29,7476.0,41,7478.0,45,7480.0,33,7482.0,58,7484.0,23,7486.0,67,7488.0,49,7490.0,37,7492.0,26,7484.0
PF409,,13:42:44.500#,7502.0,7516.0,7460.0,8030.0,6978.0,33734,82421,7474.0,29,7476.0,41,7478.0,45,7480.0,33,7482.0,52,7484.0,23,7486.0,67,7488.0,49,7490.0,37,7492.0,26,7484.0
PF409,,13:42:44.750#,7502.0,7516.0,7460.0,8030.0,6978.0,33734,82421,7474.0,29,7476.0,41,7478.0,45,7480.0,33,7482.0,52,7484.0,24,7486.0,67,7488.0,49,7490.0,37,7492.0,26,7484.0
PF409,,13:42:47.250#,7502.0,7516.0,7460.0,8030.0,6978.0,33738,82421,7474.0,29,7476.0,41,7478.0,45,7480.0,33,7482.0,48,7484.0,24,7486.0,67,7488.0,49,7490.0,37,7492.0,26,7482.0
PF409,,13:42:56.0#,7502.0,7516.0,7460.0,8030.0,6978.0,33738,82421,7474.0,29,7476.0,41,7478.0,45,7480.0,33,7482.0,48,7484.0,25,7486.0,67,7488.0,49,7490.0,37,7492.0,26,7482.0
PF409,,13:42:56.250#,7502.0,7516.0,7460.0,8030.0,6978.0,33738,82421,7474.0,29,7476.0,41,7478.0,45,7480.0,33,7482.0,42,7484.0,25,7486.0,67,7488.0,49,7490.0,37,7492.0,26,7482.0
PF409,,13:42:59.500#,7502.0,7516.0,7460.0,8030.0,6978.0,33738,82421,7474.0,29,7476.0,41,7478.0,45,7480.0,33,7482.0,43,7484.0,25,7486.0,67,7488.0,49,7490.0,37,7492.0,26,7482.0
PF409,,13:43:00.0#,7502.0,7516.0,7460.0,8030.0,6978.0,33738,82421,7474.0,29,7476.0,41,7478.0,45,7480.0,33,7482.0,43,7484.0,26,7486.0,67,7488.0,49,7490.0,37,7492.0,26,7482.0
PF409,,13:43:00.250#,7502.0,7516.0,7460.0,8030.0,6978.0,33738,82421,7474.0,29,7476.0,41,7478.0,45,7480.0,33,7482.0,40,7484.0,26,7486.0,67,7488.0,49,7490.0,37,7492.0,26,7482.0
PF409,,13:43:01.250#,7502.0,7516.0,7460.0,8030.0,6978.0,33738,82421,7474.0,29,7476.0,41,7478.0,45,7480.0,33,7482.0,38,7484.0,30,7486.0,67,7488.0,49,7490.0,37,7492.0,26,7482.0
PF409,,13:43:01.500#,7502.0,7516.0,7460.0,8030.0,6978.0,33738,82421,7474.0,29,7476.0,41,7478.0,45,7480.0,35,7482.0,36,7484.0,31,7486.0,67,7488.0,49,7490.0,37,7492.0,26,7482.0
PF409,,13:43:01.750#,7502.0,7516.0,7460.0,8030.0,6978.0,33774,82436,7472.0,30,7474.0,29,7476.0,41,7478.0,45,7480.0,87,7484.0,32,7486.0,67,7488.0,49,7490.0,37,7492.0,26,7482.0
PF409,,13:43:02.0#,7502.0,7516.0,7460.0,8030.0,6978.0,33774,82436,7472.0,30,7474.0,29,7476.0,41,7478.0,46,7480.0,84,7484.0,32,7486.0,67,7488.0,49,7490.0,37,7492.0,26,7482.0
PF409,,13:43:02.500#,7502.0,7516.0,7460.0,8030.0,6978.0,33774,82436,7472.0,30,7474.0,29,7476.0,41,7478.0,46,7480.0,33,7484.0,42,7486.0,67,7488.0,49,7490.0,37,7492.0,26,7482.0
PF409,,13:43:02.750#,7502.0,7516.0,7460.0,8030.0,6978.0,33774,82436,7472.0,30,7474.0,29,7476.0,41,7478.0,46,7480.0,18,7482.0,8,7484.0,35,7486.0,67,7488.0,49,7490.0,37,7482.0
PF409,,13:43:03.0#,7502.0,7516.0,7460.0,8030.0,6978.0,33774,82436,7472.0,30,7474.0,29,7476.0,41,7478.0,45,7480.0,16,7482.0,37,7484.0,38,7486.0,67,7488.0,49,7490.0,37,7482.0
PF409,,13:43:03.250#,7502.0,7516.0,7460.0,8030.0,6978.0,33774,82436,7472.0,30,7474.0,29,7476.0,41,7478.0,45,7480.0,16,7482.0,37,7484.0,40,7486.0,65,7488.0,49,7490.0,37,7482.0
PF409,,13:43:03.500#,7502.0,7516.0,7460.0,8030.0,6978.0,33774,82436,7472.0,30,7474.0,29,7476.0,41,7478.0,45,7480.0,66,7482.0,34,7484.0,39,7486.0,65,7488.0,49,7490.0,37,7482.0
PF409,,13:43:03.750#,7502.0,7516.0,7460.0,8030.0,6978.0,33774,82436,7472.0,30,7474.0,29,7476.0,41,7478.0,45,7480.0,69,7482.0,15,7484.0,39,7486.0,65,7488.0,49,7490.0,37,7482.0
PF409,,13:43:04.0#,7502.0,7516.0,7460.0,8030.0,6978.0,33774,82436,7472.0,30,7474.0,29,7476.0,41,7478.0,45,7480.0,75,7482.0,7,7484.0,39,7486.0,65,7488.0,49,7490.0,37,7482.0
PF409,,13:43:04.250#,7502.0,7516.0,7460.0,8030.0,6978.0,33774,82436,7472.0,30,7474.0,29,7476.0,41,7478.0,45,7480.0,75,7482.0,5,7484.0,39,7486.0,65,7488.0,49,7490.0,37,7482.0
PF409,,13:43:04.500#,7502.0,7516.0,7460.0,8030.0,6978.0,33774,82436,7472.0,30,7474.0,29,7476.0,41,7478.0,45,7480.0,75,7482.0,5,7484.0,39,7486.0,59,7488.0,49,7490.0,37,7482.0
PF409,,13:43:04.750#,7502.0,7516.0,7460.0,8030.0,6978.0,33776,82434,7472.0,30,7474.0,29,7476.0,41,7478.0,45,7480.0,73,7482.0,3,7484.0,39,7486.0,59,7488.0,49,7490.0,37,7482.0
PF409,,13:43:05.750#,7502.0,7516.0,7460.0,8030.0,6978.0,33779,82431,7472.0,30,7474.0,29,7476.0,41,7478.0,45,7480.0,70,7484.0,44,7486.0,59,7488.0,49,7490.0,37,7492.0,26,7482.0
PF409,,13:43:06.0#,7502.0,7516.0,7460.0,8030.0,6978.0,33779,82431,7472.0,30,7474.0,29,7476.0,41,7478.0,45,7480.0,70,7484.0,46,7486.0,60,7488.0,49,7490.0,37,7492.0,26,7482.0
PF409,,13:43:06.500#,7502.0,7516.0,7460.0,8030.0,6978.0,33779,82431,7472.0,30,7474.0,29,7476.0,41,7478.0,45,7480.0,25,7484.0,49,7486.0,60,7488.0,49,7490.0,37,7492.0,26,7482.0
PF409,,13:43:08.500#,7502.0,7516.0,7460.0,8030.0,6978.0,33779,82431,7472.0,30,7474.0,29,7476.0,41,7478.0,45,7480.0,25,7484.0,50,7486.0,60,7488.0,49,7490.0,37,7492.0,26,7482.0
PF409,,13:43:08.750#,7502.0,7516.0,7460.0,8030.0,6978.0,33779,82431,7472.0,30,7474.0,29,7476.0,41,7478.0,45,7480.0,26,7484.0,51,7486.0,60,7488.0,49,7490.0,37,7492.0,26,7482.0
PF409,,13:43:09.0#,7502.0,7516.0,7460.0,8030.0,6978.0,33779,82431,7472.0,30,7474.0,29,7476.0,41,7478.0,45,7480.0,28,7484.0,51,7486.0,60,7488.0,49,7490.0,37,7492.0,26,7482.0
PF409,,13:43:09.250#,7502.0,7516.0,7460.0,8030.0,6978.0,33779,82431,7474.0,29,7476.0,41,7478.0,45,7480.0,28,7482.0,20,7484.0,51,7486.0,60,7488.0,49,7490.0,37,7492.0,26,7482.0
PF409,,13:43:09.500#,7502.0,7516.0,7460.0,8030.0,6978.0,33799,82431,7472.0,30,7474.0,29,7476.0,41,7478.0,45,7480.0,31,7484.0,50,7486.0,60,7488.0,49,7490.0,37,7492.0,26,7482.0
PF409,,13:43:09.750#,7502.0,7516.0,7460.0,8030.0,6978.0,33799,82431,7472.0,30,7474.0,29,7476.0,41,7478.0,45,7480.0,31,7484.0,50,7486.0,60,7488.0,49,7490.0,37,7492.0,26,7482.0
PF409,,13:43:10.0#,7502.0,7516.0,7460.0,8030.0,6978.0,33799,82431,7472.0,30,7474.0,29,7476.0,41,7478.0,45,7480.0,31,7484.0,50,7486.0,61,7488.0,49,7490.0,37,7492.0,26,7482.0
PF409,,13:43:13.500#,7502.0,7516.0,7460.0,8030.0,6978.0,33799,82431,7472.0,30,7474.0,29,7476.0,41,7478.0,45,7480.0,29,7482.0,5,7484.0,47,7486.0,61,7488.0,49,7490.0,37,7482.0
PF409,,13:43:13.750#,7502.0,7516.0,7460.0,8030.0,6978.0,33799,82431,7472.0,30,7474.0,29,7476.0,41,7478.0,47,7480.0,33,7482.0,13,7484.0,48,7486.0,61,7488.0,49,7490.0,37,7482.0
PF409,,13:43:14.0#,7502.0,7516.0,7460.0,8030.0,6978.0,33799,82431,7472.0,30,7474.0,29,7476.0,41,7478.0,47,7480.0,33,7482.0,16,7484.0,48,7486.0,61,7488.0,49,7490.0,37,7482.0
PF409,,13:43:14.250#,7502.0,7516.0,7460.0,8030.0,6978.0,33800,82430,7472.0,30,7474.0,29,7476.0,41,7478.0,47,7480.0,27,7482.0,15,7484.0,47,7486.0,61,7488.0,49,7490.0,37,7482.0
PF409,,13:43:14.500#,7502.0,7516.0,7460.0,8030.0,6978.0,33800,82430,7472.0,30,7474.0,29,7476.0,41,7478.0,47,7480.0,29,7482.0,3,7484.0,47,7486.0,61,7488.0,49,7490.0,37,7482.0
PF409,,13:43:14.750#,7502.0,7516.0,7460.0,8030.0,6978.0,33800,82430,7472.0,30,7474.0,29,7476.0,41,7478.0,45,7480.0,31,7484.0,54,7486.0,61,7488.0,49,7490.0,37,7492.0,26,7482.0
PF409,,13:43:15.0#,7502.0,7516.0,7460.0,8030.0,6978.0,33800,82430,7472.0,30,7474.0,29,7476.0,41,7478.0,45,7480.0,37,7484.0,53,7486.0,61,7488.0,49,7490.0,37,7492.0,26,7482.0
PF409,,13:43:18.750#,7502.0,7516.0,7460.0,8030.0,6978.0,33800,82430,7472.0,30,7474.0,29,7476.0,41,7478.0,46,7480.0,37,7484.0,53,7486.0,61,7488.0,49,7490.0,37,7492.0,26,7482.0
PF409,,13:43:19.0#,7502.0,7516.0,7460.0,8030.0,6978.0,33800,82430,7474.0,29,7476.0,41,7478.0,46,7480.0,35,7482.0,20,7484.0,53,7486.0,61,7488.0,49,7490.0,37,7492.0,26,7482.0
PF409,,13:43:19.250#,7502.0,7516.0,7460.0,8030.0,6978.0,33800,82430,7474.0,29,7476.0,41,7478.0,46,7480.0,35,7482.0,20,7484.0,53,7486.0,61,7488.0,49,7490.0,37,7492.0,26,7482.0
PF409,,13:43:20.0#,7502.0,7516.0,7460.0,8030.0,6978.0,33800,82430,7474.0,29,7476.0,41,7478.0,46,7480.0,35,7482.0,20,7484.0,52,7486.0,61,7488.0,49,7490.0,37,7492.0,26,7482.0
PF409,,13:43:20.250#,7502.0,7516.0,7460.0,8030.0,6978.0,33800,82430,7474.0,29,7476.0,41,7478.0,46,7480.0,35,7482.0,23,7484.0,52,7486.0,61,7488.0,49,7490.0,37,7492.0,26,7482.0
PF409,,13:43:22.750#,7502.0,7516.0,7460.0,8030.0,6978.0,33816,82430,7474.0,29,7476.0,41,7478.0,46,7480.0,35,7482.0,7,7484.0,52,7486.0,61,7488.0,49,7490.0,37,7492.0,26,7482.0
PF409,,13:43:23.0#,7502.0,7516.0,7460.0,8030.0,6978.0,33816,82430,7474.0,29,7476.0,41,7478.0,46,7480.0,36,7482.0,1,7484.0,52,7486.0,61,7488.0,49,7490.0,37,7492.0,26,7482.0
PF409,,13:43:23.250#,7502.0,7516.0,7460.0,8030.0,6978.0,33817,82430,7474.0,29,7476.0,41,7478.0,46,7480.0,36,7482.0,1,7484.0,52,7486.0,61,7488.0,49,7490.0,37,7492.0,26,7482.0
PF409,,13:43:24.0#,7502.0,7516.0,7460.0,8030.0,6978.0,33817,82430,7474.0,29,7476.0,41,7478.0,46,7480.0,36,7482.0,1,7484.0,55,7486.0,61,7488.0,49,7490.0,37,7492.0,26,7482.0
PF409,,13:43:24.500#,7502.0,7516.0,7460.0,8030.0,6978.0,33817,82430,7474.0,29,7476.0,41,7478.0,46,7480.0,35,7482.0,1,7484.0,55,7486.0,61,7488.0,49,7490.0,37,7492.0,26,7482.0
PF409,,13:43:25.500#,7502.0,7516.0,7460.0,8030.0,6978.0,33817,82430,7474.0,29,7476.0,41,7478.0,46,7480.0,35,7482.0,9,7484.0,55,7486.0,61,7488.0,49,7490.0,37,7492.0,26,7482.0
PF409,,13:43:25.750#,7502.0,7516.0,7460.0,8030.0,6978.0,33817,82430,7474.0,29,7476.0,41,7478.0,46,7480.0,35,7482.0,10,7484.0,53,7486.0,61,7488.0,49,7490.0,37,7492.0,26,7482.0
PF409,,13:43:30.0#,7502.0,7516.0,7460.0,8030.0,6978.0,33817,82430,7474.0,29,7476.0,41,7478.0,46,7480.0,36,7482.0,11,7484.0,49,7486.0,61,7488.0,49,7490.0,37,7492.0,26,7482.0
PF409,,13:43:30.250#,7502.0,7516.0,7460.0,8030.0,6978.0,33817,82430,7474.0,29,7476.0,41,7478.0,46,7480.0,34,7482.0,14,7484.0,49,7486.0,61,7488.0,49,7490.0,37,7492.0,26,7482.0
PF409,,13:43:30.500#,7502.0,7516.0,7460.0,8030.0,6978.0,33817,82430,7474.0,29,7476.0,41,7478.0,46,7480.0,34,7482.0,13,7484.0,50,7486.0,61,7488.0,49,7490.0,37,7492.0,26,7482.0
PF409,,13:43:30.750#,7502.0,7516.0,7460.0,8030.0,6978.0,33817,82430,7474.0,29,7476.0,41,7478.0,46,7480.0,36,7482.0,10,7484.0,54,7486.0,61,7488.0,49,7490.0,37,7492.0,26,7482.0
PF409,,13:43:31.250#,7502.0,7516.0,7460.0,8030.0,6978.0,33817,82430,7474.0,29,7476.0,41,7478.0,46,7480.0,35,7482.0,10,7484.0,54,7486.0,61,7488.0,49,7490.0,37,7492.0,26,7482.0
PF409,,13:43:32.250#,7502.0,7516.0,7460.0,8030.0,6978.0,33817,82430,7474.0,29,7476.0,41,7478.0,46,7480.0,35,7482.0,2,7484.0,54,7486.0,61,7488.0,49,7490.0,37,7492.0,26,7482.0
PF409,,13:43:32.500#,7502.0,7516.0,7460.0,8030.0,6978.0,33817,82430,7474.0,29,7476.0,41,7478.0,46,7480.0,35,7482.0,2,7484.0,62,7486.0,61,7488.0,49,7490.0,37,7492.0,26,7482.0
PF409,,13:43:32.750#,7502.0,7516.0,7460.0,8030.0,6978.0,33817,82430,7474.0,29,7476.0,41,7478.0,46,7480.0,35,7482.0,1,7484.0,62,7486.0,61,7488.0,49,7490.0,37,7492.0,26,7482.0
PF409,,13:43:34.500#,7502.0,7516.0,7460.0,8030.0,6978.0,33817,82430,7474.0,29,7476.0,41,7478.0,46,7480.0,35,7482.0,1,7484.0,55,7486.0,61,7488.0,49,7490.0,37,7492.0,26,7482.0
PF409,,13:43:34.750#,7502.0,7516.0,7460.0,8030.0,6978.0,33817,82430,7474.0,29,7476.0,41,7478.0,46,7480.0,35,7482.0,2,7484.0,55,7486.0,61,7488.0,49,7490.0,37,7492.0,26,7482.0
PF409,,13:43:35.750#,7502.0,7516.0,7460.0,8030.0,6978.0,33817,82430,7474.0,29,7476.0,41,7478.0,46,7480.0,35,7482.0,10,7484.0,55,7486.0,61,7488.0,49,7490.0,37,7492.0,26,7482.0
PF409,,13:43:36.250#,7502.0,7516.0,7460.0,8030.0,6978.0,33817,82430,7474.0,29,7476.0,41,7478.0,46,7480.0,35,7482.0,11,7484.0,56,7486.0,61,7488.0,49,7490.0,37,7492.0,26,7482.0
PF409,,13:43:36.750#,7502.0,7516.0,7460.0,8030.0,6978.0,33817,82430,7474.0,29,7476.0,41,7478.0,46,7480.0,35,7482.0,11,7484.0,54,7486.0,61,7488.0,49,7490.0,37,7492.0,26,7482.0
PF409,,13:43:37.0#,7502.0,7516.0,7460.0,8030.0,6978.0,33817,82430,7474.0,29,7476.0,41,7478.0,46,7480.0,36,7482.0,11,7484.0,54,7486.0,61,7488.0,49,7490.0,37,7492.0,26,7482.0
PF409,,13:43:37.250#,7502.0,7516.0,7460.0,8030.0,6978.0,33817,82430,7474.0,29,7476.0,41,7478.0,46,7480.0,36,7482.0,13,7484.0,50,7486.0,61,7488.0,49,7490.0,37,7492.0,26,7482.0
PF409,,13:43:37.500#,7502.0,7516.0,7460.0,8030.0,6978.0,33817,82430,7474.0,29,7476.0,41,7478.0,46,7480.0,34,7482.0,15,7484.0,50,7486.0,61,7488.0,49,7490.0,37,7492.0,26,7482.0
PF409,,13:43:37.750#,7502.0,7516.0,7460.0,8030.0,6978.0,33817,82430,7474.0,29,7476.0,41,7478.0,46,7480.0,34,7482.0,23,7484.0,50,7486.0,61,7488.0,49,7490.0,37,7492.0,26,7482.0
PF409,,13:43:38.0#,7502.0,7516.0,7460.0,8030.0,6978.0,33817,82430,7474.0,29,7476.0,41,7478.0,46,7480.0,34,7482.0,26,7484.0,49,7486.0,61,7488.0,49,7490.0,37,7492.0,26,7482.0
PF409,,13:43:38.250#,7502.0,7516.0,7460.0,8030.0,6978.0,33817,82430,7474.0,29,7476.0,41,7478.0,46,7480.0,34,7482.0,26,7484.0,45,7486.0,61,7488.0,49,7490.0,37,7492.0,26,7482.0
PF409,,13:43:38.500#,7502.0,7516.0,7460.0,8030.0,6978.0,33817,82430,7474.0,29,7476.0,41,7478.0,46,7480.0,34,7482.0,26,7484.0,41,7486.0,61,7488.0,49,7490.0,37,7492.0,26,7482.0
PF409,,13:43:38.750#,7502.0,7516.0,7460.0,8030.0,6978.0,33817,82430,7474.0,29,7476.0,41,7478.0,46,7480.0,34,7482.0,26,7484.0,40,7486.0,61,7488.0,49,7490.0,37,7492.0,26,7482.0
PF409,,13:43:40.250#,7502.0,7516.0,7460.0,8030.0,6978.0,33817,82430,7474.0,29,7476.0,41,7478.0,46,7480.0,34,7482.0,26,7484.0,32,7486.0,61,7488.0,49,7490.0,37,7492.0,26,7482.0
PF409,,13:43:41.0#,7502.0,7516.0,7460.0,8030.0,6978.0,33817,82430,7474.0,29,7476.0,41,7478.0,46,7480.0,34,7482.0,26,7484.0,27,7486.0,61,7488.0,49,7490.0,37,7492.0,26,7482.0
PF409,,13:43:41.250#,7502.0,7516.0,7460.0,8030.0,6978.0,33817,82430,7474.0,29,7476.0,41,7478.0,46,7480.0,34,7482.0,29,7484.0,27,7486.0,61,7488.0,49,7490.0,37,7492.0,26,7482.0
PF409,,13:43:41.750#,7502.0,7516.0,7460.0,8030.0,6978.0,33817,82430,7474.0,29,7476.0,41,7478.0,46,7480.0,34,7482.0,30,7484.0,27,7486.0,61,7488.0,49,7490.0,37,7492.0,26,7482.0
PF409,,13:43:42.0#,7502.0,7516.0,7460.0,8030.0,6978.0,33817,82430,7474.0,29,7476.0,41,7478.0,46,7480.0,34,7482.0,31,7484.0,27,7486.0,61,7488.0,49,7490.0,37,7492.0,26,7482.0
PF409,,13:43:42.500#,7502.0,7516.0,7460.0,8030.0,6978.0,33817,82430,7474.0,29,7476.0,41,7478.0,46,7480.0,34,7482.0,31,7484.0,47,7486.0,61,7488.0,49,7490.0,37,7492.0,26,7482.0
PF409,,13:43:51.750#,7502.0,7516.0,7460.0,8030.0,6978.0,33817,82430,7474.0,29,7476.0,41,7478.0,46,7480.0,34,7482.0,32,7484.0,47,7486.0,61,7488.0,49,7490.0,37,7492.0,26,7482.0
PF409,,13:44:00.750#,7502.0,7516.0,7460.0,8030.0,6978.0,33817,82430,7474.0,29,7476.0,41,7478.0,46,7480.0,34,7482.0,30,7484.0,47,7486.0,61,7488.0,49,7490.0,37,7492.0,26,7482.0
PF409,,13:44:01.750#,7502.0,7516.0,7460.0,8030.0,6978.0,33817,82430,7474.0,29,7476.0,41,7478.0,46,7480.0,34,7482.0,28,7484.0,47,7486.0,61,7488.0,49,7490.0,37,7492.0,26,7482.0
PF409,,13:44:02.500#,7502.0,7516.0,7460.0,8030.0,6978.0,33817,82430,7474.0,29,7476.0,41,7478.0,46,7480.0,34,7482.0,28,7484.0,57,7486.0,61,7488.0,49,7490.0,37,7492.0,26,7482.0
PF409,,13:44:02.750#,7502.0,7516.0,7460.0,8030.0,6978.0,33817,82430,7474.0,29,7476.0,41,7478.0,46,7480.0,34,7482.0,16,7484.0,57,7486.0,61,7488.0,49,7490.0,37,7492.0,26,7482.0
PF409,,13:44:04.250#,7502.0,7516.0,7460.0,8030.0,6978.0,33817,82430,7474.0,29,7476.0,41,7478.0,46,7480.0,34,7482.0,16,7484.0,49,7486.0,61,7488.0,49,7490.0,37,7492.0,26,7482.0
PF409,,13:44:04.750#,7502.0,7516.0,7460.0,8030.0,6978.0,33817,82430,7474.0,29,7476.0,41,7478.0,46,7480.0,34,7482.0,16,7484.0,54,7486.0,61,7488.0,49,7490.0,37,7492.0,26,7482.0
PF409,,13:44:11.0#,7502.0,7516.0,7460.0,8030.0,6978.0,33817,82430,7474.0,29,7476.0,41,7478.0,46,7480.0,34,7482.0,24,7484.0,54,7486.0,61,7488.0,49,7490.0,37,7492.0,26,7482.0
PF409,,13:44:11.250#,7502.0,7516.0,7460.0,8030.0,6978.0,33817,82430,7474.0,29,7476.0,41,7478.0,46,7480.0,34,7482.0,25,7484.0,55,7486.0,61,7488.0,49,7490.0,37,7492.0,26,7482.0
PF409,,13:44:15.750#,7502.0,7516.0,7460.0,8030.0,6978.0,33817,82430,7474.0,29,7476.0,41,7478.0,46,7480.0,34,7482.0,26,7484.0,55,7486.0,61,7488.0,49,7490.0,37,7492.0,26,7482.0
PF409,,13:44:18.0#,7502.0,7516.0,7460.0,8030.0,6978.0,33817,82430,7474.0,29,7476.0,41,7478.0,46,7480.0,34,7482.0,26,7484.0,50,7486.0,61,7488.0,49,7490.0,37,7492.0,26,7482.0
PF409,,13:44:24.0#,7502.0,7516.0,7460.0,8030.0,6978.0,33833,82428,7474.0,29,7476.0,41,7478.0,46,7480.0,34,7482.0,35,7484.0,50,7486.0,61,7488.0,49,7490.0,37,7492.0,26,7482.0
PF409,,13:44:27.250#,7502.0,7516.0,7460.0,8030.0,6978.0,33833,82428,7474.0,29,7476.0,41,7478.0,46,7480.0,34,7482.0,33,7484.0,50,7486.0,61,7488.0,49,7490.0,37,7492.0,26,7482.0
PF409,,13:44:28.750#,7502.0,7516.0,7460.0,8030.0,6978.0,33833,82428,7474.0,29,7476.0,41,7478.0,46,7480.0,34,7482.0,25,7484.0,50,7486.0,61,7488.0,49,7490.0,37,7492.0,26,7482.0
PF409,,13:44:31.250#,7502.0,7516.0,7460.0,8030.0,6978.0,33833,82428,7474.0,29,7476.0,41,7478.0,46,7480.0,34,7482.0,25,7484.0,53,7486.0,61,7488.0,49,7490.0,37,7492.0,26,7482.0
PF409,,13:44:32.500#,7502.0,7516.0,7460.0,8030.0,6978.0,33833,82428,7474.0,29,7476.0,41,7478.0,46,7480.0,34,7482.0,25,7484.0,63,7486.0,61,7488.0,49,7490.0,37,7492.0,26,7482.0
PF409,,13:44:34.250#,7502.0,7516.0,7460.0,8030.0,6978.0,33833,82428,7474.0,29,7476.0,41,7478.0,46,7480.0,34,7482.0,25,7484.0,53,7486.0,61,7488.0,49,7490.0,37,7492.0,26,7482.0
PF409,,13:44:39.500#,7502.0,7516.0,7460.0,8030.0,6978.0,33833,82428,7474.0,29,7476.0,41,7478.0,46,7480.0,34,7482.0,29,7484.0,53,7486.0,61,7488.0,49,7490.0,37,7492.0,26,7482.0
PF409,,13:44:39.750#,7502.0,7516.0,7460.0,8030.0,6978.0,33833,82428,7474.0,29,7476.0,41,7478.0,46,7480.0,34,7482.0,34,7484.0,53,7486.0,61,7488.0,49,7490.0,37,7492.0,26,7482.0
PF409,,13:44:45.0#,7502.0,7516.0,7460.0,8030.0,6978.0,33833,82428,7474.0,29,7476.0,41,7478.0,46,7480.0,34,7482.0,36,7484.0,53,7486.0,61,7488.0,49,7490.0,37,7492.0,26,7482.0
PF409,,13:44:52.750#,7502.0,7516.0,7460.0,8030.0,6978.0,33833,82428,7474.0,29,7476.0,41,7478.0,46,7480.0,34,7482.0,34,7484.0,53,7486.0,61,7488.0,49,7490.0,37,7492.0,26,7482.0
PF409,,13:44:53.250#,7502.0,7516.0,7460.0,8030.0,6978.0,33833,82428,7474.0,29,7476.0,41,7478.0,46,7480.0,34,7482.0,33,7484.0,53,7486.0,61,7488.0,49,7490.0,37,7492.0,26,7482.0
PF409,,13:44:53.500#,7502.0,7516.0,7460.0,8030.0,6978.0,33833,82428,7474.0,29,7476.0,41,7478.0,46,7480.0,34,7482.0,29,7484.0,53,7486.0,61,7488.0,49,7490.0,37,7492.0,26,7482.0
PF409,,13:44:53.750#,7502.0,7516.0,7460.0,8030.0,6978.0,33833,82428,7474.0,29,7476.0,41,7478.0,46,7480.0,34,7482.0,25,7484.0,53,7486.0,61,7488.0,49,7490.0,37,7492.0,26,7482.0
PF409,,13:44:58.750#,7502.0,7516.0,7460.0,8030.0,6978.0,33833,82428,7474.0,29,7476.0,41,7478.0,46,7480.0,34,7482.0,25,7484.0,58,7486.0,61,7488.0,49,7490.0,37,7492.0,26,7482.0
PF409,,13:45:01.0#,7502.0,7516.0,7460.0,8030.0,6978.0,33833,82428,7474.0,29,7476.0,41,7478.0,46,7480.0,34,7482.0,12,7484.0,58,7486.0,61,7488.0,49,7490.0,37,7492.0,26,7482.0
PF409,,13:45:01.500#,7502.0,7516.0,7460.0,8030.0,6978.0,33833,82428,7474.0,29,7476.0,41,7478.0,46,7480.0,34,7482.0,6,7484.0,59,7486.0,61,7488.0,49,7490.0,37,7492.0,26,7482.0
PF409,,13:45:01.750#,7502.0,7516.0,7460.0,8030.0,6978.0,33833,82428,7474.0,29,7476.0,41,7478.0,46,7480.0,35,7482.0,4,7484.0,62,7486.0,61,7488.0,49,7490.0,37,7492.0,26,7482.0
PF409,,13:45:02.0#,7502.0,7516.0,7460.0,8030.0,6978.0,33833,82428,7474.0,29,7476.0,41,7478.0,46,7480.0,35,7482.0,3,7484.0,62,7486.0,61,7488.0,49,7490.0,37,7492.0,26,7482.0
PF409,,13:45:02.500#,7502.0,7516.0,7460.0,8030.0,6978.0,33833,82428,7474.0,29,7476.0,41,7478.0,46,7480.0,35,7482.0,3,7484.0,74,7486.0,61,7488.0,49,7490.0,37,7492.0,26,7482.0
PF409,,13:45:02.750#,7502.0,7516.0,7460.0,8030.0,6978.0,33833,82428,7474.0,29,7476.0,41,7478.0,46,7480.0,29,7482.0,3,7484.0,74,7486.0,61,7488.0,49,7490.0,37,7492.0,26,7482.0
PF409,,13:45:03.500#,7502.0,7516.0,7460.0,8030.0,6978.0,33833,82428,7474.0,29,7476.0,41,7478.0,46,7480.0,29,7482.0,11,7484.0,74,7486.0,61,7488.0,49,7490.0,37,7492.0,26,7482.0
PF409,,13:45:03.750#,7502.0,7516.0,7460.0,8030.0,6978.0,33833,82428,7474.0,29,7476.0,41,7478.0,46,7480.0,29,7482.0,12,7484.0,74,7486.0,61,7488.0,49,7490.0,37,7492.0,26,7482.0
PF409,,13:45:04.250#,7502.0,7516.0,7460.0,8030.0,6978.0,33833,82428,7474.0,29,7476.0,41,7478.0,46,7480.0,29,7482.0,12,7484.0,64,7486.0,61,7488.0,49,7490.0,37,7492.0,26,7482.0
PF409,,13:45:04.500#,7502.0,7516.0,7460.0,8030.0,6978.0,33833,82428,7474.0,29,7476.0,41,7478.0,46,7480.0,30,7482.0,12,7484.0,64,7486.0,61,7488.0,49,7490.0,37,7492.0,26,7482.0
PF409,,13:45:07.0#,7502.0,7516.0,7460.0,8030.0,6978.0,33833,82428,7474.0,29,7476.0,41,7478.0,46,7480.0,30,7482.0,12,7484.0,65,7486.0,61,7488.0,49,7490.0,37,7492.0,26,7482.0
PF409,,13:45:07.250#,7502.0,7516.0,7460.0,8030.0,6978.0,33833,82428,7474.0,29,7476.0,41,7478.0,46,7480.0,30,7482.0,13,7484.0,65,7486.0,61,7488.0,49,7490.0,37,7492.0,26,7482.0
PF409,,13:45:14.0#,7502.0,7516.0,7460.0,8030.0,6978.0,33833,82428,7474.0,29,7476.0,41,7478.0,46,7480.0,28,7482.0,39,7484.0,61,7486.0,61,7488.0,49,7490.0,37,7492.0,26,7482.0
PF409,,13:45:16.750#,7502.0,7516.0,7460.0,8030.0,6978.0,33855,82427,7474.0,29,7476.0,41,7478.0,46,7480.0,28,7482.0,39,7484.0,39,7486.0,61,7488.0,49,7490.0,37,7492.0,26,7484.0
PF409,,13:45:17.0#,7502.0,7516.0,7460.0,8030.0,6978.0,33855,82427,7474.0,29,7476.0,41,7478.0,46,7480.0,28,7482.0,42,7484.0,59,7486.0,61,7488.0,49,7490.0,37,7492.0,26,7484.0
PF409,,13:45:17.250#,7502.0,7516.0,7460.0,8030.0,6978.0,33855,82427,7474.0,29,7476.0,41,7478.0,46,7480.0,28,7482.0,39,7484.0,61,7486.0,61,7488.0,49,7490.0,37,7492.0,26,7484.0
PF409,,13:45:17.500#,7502.0,7516.0,7460.0,8030.0,6978.0,33855,82427,7474.0,29,7476.0,41,7478.0,46,7480.0,28,7482.0,34,7484.0,61,7486.0,61,7488.0,49,7490.0,37,7492.0,26,7484.0
PF409,,13:45:17.750#,7502.0,7516.0,7460.0,8030.0,6978.0,33855,82427,7474.0,29,7476.0,41,7478.0,46,7480.0,28,7482.0,26,7484.0,61,7486.0,61,7488.0,49,7490.0,37,7492.0,26,7484.0
PF409,,13:45:19.0#,7502.0,7516.0,7460.0,8030.0,6978.0,33855,82427,7474.0,29,7476.0,41,7478.0,46,7480.0,28,7482.0,21,7484.0,61,7486.0,61,7488.0,49,7490.0,37,7492.0,26,7484.0
PF409,,13:45:19.250#,7502.0,7516.0,7460.0,8030.0,6978.0,33855,82427,7474.0,29,7476.0,41,7478.0,46,7480.0,28,7482.0,26,7484.0,61,7486.0,61,7488.0,49,7490.0,37,7492.0,26,7484.0
PF409,,13:45:19.500#,7502.0,7516.0,7460.0,8030.0,6978.0,33855,82427,7474.0,29,7476.0,41,7478.0,46,7480.0,28,7482.0,26,7484.0,42,7486.0,61,7488.0,49,7490.0,37,7492.0,26,7484.0
PF409,,13:45:19.750#,7502.0,7516.0,7460.0,8030.0,6978.0,33856,82427,7474.0,29,7476.0,41,7478.0,46,7480.0,28,7482.0,25,7484.0,41,7486.0,61,7488.0,49,7490.0,37,7492.0,26,7484.0
PF409,,13:45:25.750#,7502.0,7516.0,7460.0,8030.0,6978.0,33856,82427,7474.0,29,7476.0,41,7478.0,46,7480.0,28,7482.0,24,7484.0,41,7486.0,61,7488.0,49,7490.0,37,7492.0,26,7484.0
PF409,,13:45:26.0#,7502.0,7516.0,7460.0,8030.0,6978.0,33872,82424,7474.0,29,7476.0,41,7478.0,46,7480.0,28,7482.0,10,7484.0,45,7486.0,61,7488.0,49,7490.0,37,7492.0,26,7482.0
PF409,,13:45:26.250#,7502.0,7516.0,7460.0,8030.0,6978.0,33872,82424,7474.0,29,7476.0,41,7478.0,46,7480.0,30,7482.0,3,7484.0,65,7486.0,61,7488.0,49,7490.0,37,7492.0,26,7482.0
PF409,,13:45:26.500#,7502.0,7516.0,7460.0,8030.0,6978.0,33872,82424,7474.0,29,7476.0,41,7478.0,46,7480.0,30,7482.0,2,7484.0,65,7486.0,61,7488.0,49,7490.0,37,7492.0,26,7482.0
PF409,,13:45:26.750#,7502.0,7516.0,7460.0,8030.0,6978.0,33872,82424,7474.0,29,7476.0,41,7478.0,46,7480.0,30,7482.0,2,7484.0,67,7486.0,61,7488.0,49,7490.0,37,7492.0,26,7482.0
PF409,,13:45:31.0#,7502.0,7516.0,7460.0,8030.0,6978.0,33873,82424,7474.0,29,7476.0,41,7478.0,46,7480.0,30,7482.0,1,7484.0,66,7486.0,61,7488.0,49,7490.0,37,7492.0,26,7482.0
PF409,,13:45:31.250#,7502.0,7516.0,7460.0,8030.0,6978.0,33873,82424,7474.0,29,7476.0,41,7478.0,46,7480.0,30,7482.0,2,7484.0,66,7486.0,61,7488.0,49,7490.0,37,7492.0,26,7482.0
PF409,,13:45:31.500#,7502.0,7516.0,7460.0,8030.0,6978.0,33873,82424,7474.0,29,7476.0,41,7478.0,46,7480.0,30,7482.0,10,7484.0,66,7486.0,61,7488.0,49,7490.0,37,7492.0,26,7482.0
PF409,,13:45:31.750#,7502.0,7516.0,7460.0,8030.0,6978.0,33873,82424,7474.0,29,7476.0,41,7478.0,46,7480.0,30,7482.0,10,7484.0,64,7486.0,61,7488.0,49,7490.0,37,7492.0,26,7482.0
PF409,,13:45:32.500#,7502.0,7516.0,7460.0,8030.0,6978.0,33873,82424,7474.0,29,7476.0,41,7478.0,46,7480.0,30,7482.0,19,7484.0,72,7486.0,61,7488.0,49,7490.0,37,7492.0,26,7482.0
PF409,,13:45:32.750#,7502.0,7516.0,7460.0,8030.0,6978.0,33873,82424,7474.0,29,7476.0,41,7478.0,46,7480.0,28,7482.0,21,7484.0,72,7486.0,61,7488.0,49,7490.0,37,7492.0,26,7482.0
PF409,,13:45:33.250#,7502.0,7516.0,7460.0,8030.0,6978.0,33873,82424,7474.0,29,7476.0,41,7478.0,46,7480.0,28,7482.0,21,7484.0,72,7486.0,61,7488.0,49,7490.0,37,7492.0,26,7482.0
PF409,,13:45:34.250#,7502.0,7516.0,7460.0,8030.0,6978.0,33873,82424,7474.0,29,7476.0,41,7478.0,46,7480.0,28,7482.0,21,7484.0,60,7486.0,61,7488.0,49,7490.0,37,7492.0,26,7482.0
PF409,,13:45:43.500#,7502.0,7516.0,7460.0,8030.0,6978.0,33873,82424,7474.0,29,7476.0,41,7478.0,46,7480.0,28,7482.0,29,7484.0,60,7486.0,61,7488.0,49,7490.0,37,7492.0,26,7482.0
PF409,,13:45:45.500#,7502.0,7516.0,7460.0,8030.0,6978.0,33896,82411,7474.0,29,7476.0,41,7478.0,46,7480.0,28,7482.0,38,7484.0,37,7486.0,61,7488.0,49,7490.0,37,7492.0,26,7484.0
PF409,,13:45:45.750#,7502.0,7516.0,7460.0,8030.0,6978.0,33896,82411,7474.0,29,7476.0,41,7478.0,46,7480.0,28,7482.0,41,7484.0,37,7486.0,61,7488.0,49,7490.0,37,7492.0,26,7484.0
PF409,,13:45:47.0#,7502.0,7516.0,7460.0,8030.0,6978.0,33901,82411,7474.0,29,7476.0,41,7478.0,46,7480.0,28,7482.0,36,7484.0,37,7486.0,61,7488.0,49,7490.0,37,7492.0,26,7482.0
PF409,,13:45:47.250#,7502.0,7516.0,7460.0,8030.0,6978.0,33901,82411,7474.0,29,7476.0,41,7478.0,46,7480.0,28,7482.0,35,7484.0,37,7486.0,61,7488.0,49,7490.0,37,7492.0,26,7482.0
PF409,,13:45:49.0#,7502.0,7516.0,7460.0,8030.0,6978.0,33902,82412,7474.0,29,7476.0,41,7478.0,46,7480.0,28,7482.0,34,7484.0,37,7486.0,61,7488.0,49,7490.0,37,7492.0,26,7482.0
PF409,,13:45:49.250#,7502.0,7516.0,7460.0,8030.0,6978.0,33902,82412,7474.0,29,7476.0,41,7478.0,46,7480.0,28,7482.0,32,7484.0,37,7486.0,61,7488.0,49,7490.0,37,7492.0,26,7482.0
PF409,,13:45:51.250#,7502.0,7516.0,7460.0,8030.0,6978.0,33902,82412,7474.0,29,7476.0,41,7478.0,46,7480.0,28,7482.0,31,7484.0,37,7486.0,61,7488.0,49,7490.0,37,7492.0,26,7482.0
PF409,,13:45:51.500#,7502.0,7516.0,7460.0,8030.0,6978.0,33902,82412,7474.0,29,7476.0,41,7478.0,46,7480.0,28,7482.0,30,7484.0,18,7486.0,61,7488.0,49,7490.0,37,7492.0,26,7482.0
PF409,,13:45:51.750#,7502.0,7516.0,7460.0,8030.0,6978.0,33902,82412,7474.0,29,7476.0,41,7478.0,46,7480.0,28,7482.0,33,7484.0,18,7486.0,61,7488.0,49,7490.0,37,7492.0,26,7482.0
PF409,,13:45:56.750#,7502.0,7516.0,7460.0,8030.0,6978.0,33902,82412,7474.0,29,7476.0,41,7478.0,46,7480.0,28,7482.0,33,7484.0,22,7486.0,61,7488.0,49,7490.0,37,7492.0,26,7482.0
PF409,,13:45:57.250#,7502.0,7516.0,7460.0,8030.0,6978.0,33902,82412,7474.0,29,7476.0,41,7478.0,46,7480.0,28,7482.0,33,7484.0,26,7486.0,61,7488.0,49,7490.0,37,7492.0,26,7482.0
PF409,,13:45:57.500#,7502.0,7516.0,7460.0,8030.0,6978.0,33902,82412,7474.0,29,7476.0,41,7478.0,46,7480.0,28,7482.0,25,7484.0,27,7486.0,61,7488.0,49,7490.0,37,7492.0,26,7482.0
PF409,,13:45:57.750#,7502.0,7516.0,7460.0,8030.0,6978.0,33902,82412,7474.0,29,7476.0,41,7478.0,46,7480.0,28,7482.0,21,7484.0,32,7486.0,61,7488.0,49,7490.0,37,7492.0,26,7482.0
PF409,,13:45:58.0#,7502.0,7516.0,7460.0,8030.0,6978.0,33902,82412,7474.0,29,7476.0,41,7478.0,46,7480.0,28,7482.0,13,7484.0,32,7486.0,61,7488.0,49,7490.0,37,7492.0,26,7482.0
PF409,,13:46:01.750#,7502.0,7516.0,7460.0,8030.0,6978.0,33905,82410,7474.0,29,7476.0,41,7478.0,46,7480.0,28,7482.0,1,7484.0,37,7486.0,61,7488.0,49,7490.0,37,7492.0,26,7482.0
PF409,,13:46:02.0#,7502.0,7516.0,7460.0,8030.0,6978.0,33906,82409,7472.0,30,7474.0,29,7476.0,41,7478.0,46,7480.0,83,7482.0,19,7484.0,27,7486.0,62,7488.0,49,7490.0,37,7482.0
PF409,,13:46:02.250#,7502.0,7516.0,7460.0,8030.0,6978.0,33906,82409,7472.0,30,7474.0,29,7476.0,41,7478.0,46,7480.0,81,7482.0,19,7484.0,32,7486.0,61,7488.0,49,7490.0,37,7482.0
PF409,,13:46:02.500#,7502.0,7516.0,7460.0,8030.0,6978.0,33906,82409,7472.0,30,7474.0,29,7476.0,34,7478.0,46,7480.0,81,7482.0,34,7484.0,33,7486.0,61,7488.0,49,7490.0,37,7482.0
PF409,,13:46:02.750#,7502.0,7516.0,7460.0,8030.0,6978.0,33906,82409,7472.0,30,7474.0,29,7476.0,34,7478.0,46,7480.0,81,7482.0,34,7484.0,34,7486.0,61,7488.0,49,7490.0,37,7482.0
PF409,,13:46:03.250#,7502.0,7516.0,7460.0,8030.0,6978.0,33906,82409,7472.0,30,7474.0,29,7476.0,34,7478.0,46,7480.0,80,7482.0,34,7484.0,34,7486.0,61,7488.0,49,7490.0,37,7482.0
PF409,,13:46:04.250#,7502.0,7516.0,7460.0,8030.0,6978.0,33906,82409,7472.0,30,7474.0,29,7476.0,34,7478.0,46,7480.0,80,7482.0,34,7484.0,22,7486.0,61,7488.0,49,7490.0,37,7482.0
PF409,,13:46:04.500#,7502.0,7516.0,7460.0,8030.0,6978.0,33906,82409,7472.0,30,7474.0,29,7476.0,34,7478.0,46,7480.0,80,7482.0,34,7484.0,27,7486.0,61,7488.0,49,7490.0,37,7482.0
PF409,,13:46:05.250#,7502.0,7516.0,7460.0,8030.0,6978.0,33906,82409,7472.0,30,7474.0,29,7476.0,34,7478.0,46,7480.0,80,7482.0,34,7484.0,27,7486.0,61,7488.0,49,7490.0,37,7482.0
PF409,,13:46:05.500#,7502.0,7516.0,7460.0,8030.0,6978.0,33917,82398,7472.0,30,7474.0,29,7476.0,34,7478.0,46,7480.0,79,7482.0,23,7484.0,27,7486.0,61,7488.0,49,7490.0,37,7482.0
PF409,,13:46:06.0#,7502.0,7516.0,7460.0,8030.0,6978.0,33917,82398,7472.0,30,7474.0,29,7476.0,34,7478.0,46,7480.0,79,7482.0,23,7484.0,26,7486.0,61,7488.0,49,7490.0,37,7482.0
PF409,,13:46:06.250#,7502.0,7516.0,7460.0,8030.0,6978.0,33917,82398,7472.0,30,7474.0,29,7476.0,34,7478.0,46,7480.0,79,7482.0,15,7484.0,26,7486.0,61,7488.0,49,7490.0,37,7482.0
PF409,,13:46:06.750#,7502.0,7516.0,7460.0,8030.0,6978.0,33918,82397,7472.0,30,7474.0,29,7476.0,34,7478.0,46,7480.0,79,7482.0,14,7484.0,26,7486.0,61,7488.0,49,7490.0,37,7482.0
PF409,,13:46:07.0#,7502.0,7516.0,7460.0,8030.0,6978.0,33918,82397,7472.0,30,7474.0,29,7476.0,34,7478.0,46,7480.0,79,7482.0,15,7484.0,26,7486.0,61,7488.0,49,7490.0,37,7482.0
PF409,,13:46:09.250#,7502.0,7516.0,7460.0,8030.0,6978.0,33926,82389,7472.0,30,7474.0,29,7476.0,34,7478.0,46,7480.0,79,7482.0,7,7484.0,26,7486.0,61,7488.0,49,7490.0,37,7482.0
PF409,,13:46:09.500#,7502.0,7516.0,7460.0,8030.0,6978.0,33933,82383,7472.0,30,7474.0,29,7476.0,34,7478.0,46,7480.0,72,7484.0,47,7486.0,61,7488.0,49,7490.0,37,7492.0,26,7482.0
PF409,,13:46:09.750#,7502.0,7516.0,7460.0,8030.0,6978.0,33933,82383,7472.0,30,7474.0,29,7476.0,34,7478.0,46,7480.0,78,7484.0,46,7486.0,61,7488.0,49,7490.0,37,7492.0,26,7482.0
PF409,,13:46:10.0#,7502.0,7516.0,7460.0,8030.0,6978.0,33933,82383,7472.0,30,7474.0,29,7476.0,34,7478.0,46,7480.0,78,7484.0,47,7486.0,61,7488.0,49,7490.0,37,7492.0,26,7482.0
PF409,,13:46:12.750#,7502.0,7516.0,7460.0,8030.0,6978.0,33933,82383,7472.0,30,7474.0,29,7476.0,34,7478.0,46,7480.0,78,7484.0,47,7486.0,61,7488.0,49,7490.0,37,7492.0,26,7482.0
PF409,,13:46:13.250#,7502.0,7516.0,7460.0,8030.0,6978.0,33933,82383,7472.0,30,7474.0,29,7476.0,34,7478.0,46,7480.0,78,7484.0,37,7486.0,61,7488.0,49,7490.0,37,7492.0,26,7482.0
PF409,,13:46:14.750#,7502.0,7516.0,7460.0,8030.0,6978.0,33933,82383,7472.0,30,7474.0,29,7476.0,34,7478.0,46,7480.0,78,7484.0,37,7486.0,61,7488.0,49,7490.0,37,7492.0,26,7482.0
PF409,,13:46:16.750#,7502.0,7516.0,7460.0,8030.0,6978.0,33933,82383,7472.0,30,7474.0,29,7476.0,34,7478.0,46,7480.0,78,7484.0,37,7486.0,61,7488.0,49,7490.0,37,7492.0,26,7482.0
PF409,,13:46:17.0#,7502.0,7516.0,7460.0,8030.0,6978.0,33933,82383,7472.0,30,7474.0,29,7476.0,34,7478.0,46,7480.0,78,7484.0,38,7486.0,60,7488.0,49,7490.0,37,7492.0,26,7482.0
PF409,,13:46:19.0#,7502.0,7516.0,7460.0,8030.0,6978.0,33933,82383,7472.0,30,7474.0,29,7476.0,34,7478.0,46,7480.0,78,7484.0,46,7486.0,60,7488.0,49,7490.0,37,7492.0,26,7482.0
PF409,,13:46:23.0#,7502.0,7516.0,7460.0,8030.0,6978.0,33933,82383,7472.0,30,7474.0,29,7476.0,34,7478.0,46,7480.0,78,7484.0,46,7486.0,60,7488.0,49,7490.0,37,7492.0,26,7482.0
PF409,,13:46:23.750#,7502.0,7516.0,7460.0,8030.0,6978.0,33933,82383,7472.0,30,7474.0,29,7476.0,34,7478.0,46,7480.0,78,7484.0,103,7486.0,60,7488.0,49,7490.0,37,7492.0,26,7482.0
PF409,,13:46:24.0#,7502.0,7516.0,7460.0,8030.0,6978.0,33933,82383,7472.0,30,7474.0,29,7476.0,34,7478.0,46,7480.0,78,7484.0,105,7486.0,60,7488.0,49,7490.0,37,7492.0,26,7482.0
PF409,,13:46:24.750#,7502.0,7516.0,7460.0,8030.0,6978.0,33933,82383,7472.0,30,7474.0,29,7476.0,34,7478.0,46,7480.0,78,7484.0,110,7486.0,60,7488.0,49,7490.0,37,7492.0,26,7482.0
PF409,,13:46:25.0#,7502.0,7516.0,7460.0,8030.0,6978.0,33933,82383,7472.0,30,7474.0,29,7476.0,34,7478.0,46,7480.0,76,7484.0,110,7486.0,60,7488.0,49,7490.0,37,7492.0,26,7482.0
PF409,,13:46:26.750#,7502.0,7516.0,7460.0,8030.0,6978.0,33933,82383,7472.0,30,7474.0,29,7476.0,34,7478.0,46,7480.0,76,7484.0,111,7486.0,60,7488.0,49,7490.0,37,7492.0,26,7482.0
PF409,,13:46:27.250#,7502.0,7516.0,7460.0,8030.0,6978.0,33949,82367,7472.0,30,7474.0,29,7476.0,34,7478.0,46,7480.0,60,7484.0,111,7486.0,60,7488.0,49,7490.0,37,7492.0,26,7480.0
PF409,,13:46:27.500#,7502.0,7516.0,7460.0,8030.0,6978.0,33949,82367,7472.0,30,7474.0,29,7476.0,34,7478.0,46,7480.0,47,7484.0,111,7486.0,60,7488.0,49,7490.0,37,7492.0,26,7480.0
PF409,,13:46:27.750#,7502.0,7516.0,7460.0,8030.0,6978.0,33949,82367,7472.0,30,7474.0,29,7476.0,34,7478.0,46,7480.0,43,7482.0,1,7484.0,44,7486.0,60,7488.0,49,7490.0,37,7480.0
PF409,,13:46:28.0#,7502.0,7516.0,7460.0,8030.0,6978.0,33949,82367,7472.0,30,7474.0,29,7476.0,34,7478.0,46,7480.0,46,7482.0,18,7484.0,45,7486.0,60,7488.0,49,7490.0,37,7480.0
PF409,,13:46:28.250#,7502.0,7516.0,7460.0,8030.0,6978.0,33949,82367,7472.0,30,7474.0,29,7476.0,34,7478.0,46,7480.0,46,7482.0,19,7484.0,46,7486.0,60,7488.0,49,7490.0,37,7480.0
PF409,,13:46:28.500#,7502.0,7516.0,7460.0,8030.0,6978.0,33949,82367,7472.0,30,7474.0,29,7476.0,34,7478.0,46,7480.0,46,7482.0,19,7484.0,45,7486.0,60,7488.0,49,7490.0,37,7480.0
PF409,,13:46:28.750#,7502.0,7516.0,7460.0,8030.0,6978.0,33964,82357,7472.0,30,7474.0,29,7476.0,34,7478.0,46,7480.0,31,7482.0,4,7484.0,45,7486.0,60,7488.0,49,7490.0,37,7482.0
PF409,,13:46:29.0#,7502.0,7516.0,7460.0,8030.0,6978.0,33964,82357,7472.0,30,7474.0,29,7476.0,34,7478.0,46,7480.0,31,7482.0,14,7484.0,45,7486.0,60,7488.0,49,7490.0,37,7482.0
PF409,,13:46:29.500#,7502.0,7516.0,7460.0,8030.0,6978.0,33964,82357,7472.0,30,7474.0,29,7476.0,34,7478.0,46,7480.0,31,7482.0,18,7484.0,45,7486.0,60,7488.0,49,7490.0,37,7482.0
PF409,,13:46:30.500#,7502.0,7516.0,7460.0,8030.0,6978.0,33965,82358,7472.0,30,7474.0,29,7476.0,34,7478.0,46,7480.0,30,7482.0,17,7484.0,45,7486.0,60,7488.0,49,7490.0,37,7482.0
PF409,,13:46:31.250#,7502.0,7516.0,7460.0,8030.0,6978.0,33968,82358,7472.0,30,7474.0,29,7476.0,34,7478.0,46,7480.0,27,7482.0,14,7484.0,45,7486.0,60,7488.0,49,7490.0,37,7482.0
PF409,,13:46:32.500#,7502.0,7516.0,7460.0,8030.0,6978.0,33968,82358,7472.0,30,7474.0,29,7476.0,34,7478.0,46,7480.0,27,7482.0,28,7484.0,45,7486.0,60,7488.0,49,7490.0,37,7482.0
PF409,,13:46:32.750#,7502.0,7516.0,7460.0,8030.0,6978.0,33968,82358,7472.0,30,7474.0,29,7476.0,34,7478.0,46,7480.0,24,7482.0,28,7484.0,45,7486.0,60,7488.0,49,7490.0,37,7482.0
PF409,,13:46:33.500#,7502.0,7516.0,7460.0,8030.0,6978.0,33986,82365,7472.0,30,7474.0,29,7476.0,34,7478.0,46,7480.0,26,7482.0,11,7484.0,45,7486.0,60,7488.0,49,7490.0,37,7482.0
PF409,,13:46:33.750#,7502.0,7516.0,7460.0,8030.0,6978.0,33986,82365,7472.0,30,7474.0,29,7476.0,34,7478.0,46,7480.0,29,7482.0,10,7484.0,45,7486.0,60,7488.0,49,7490.0,37,7482.0
PF409,,13:46:34.250#,7502.0,7516.0,7460.0,8030.0,6978.0,33986,82365,7472.0,30,7474.0,29,7476.0,34,7478.0,46,7480.0,30,7482.0,10,7484.0,45,7486.0,60,7488.0,49,7490.0,37,7482.0
PF409,,13:46:34.500#,7502.0,7516.0,7460.0,8030.0,6978.0,33988,82363,7472.0,30,7474.0,29,7476.0,34,7478.0,46,7480.0,37,7482.0,8,7484.0,45,7486.0,60,7488.0,49,7490.0,37,7482.0
PF409,,13:46:34.750#,7502.0,7516.0,7460.0,8030.0,6978.0,33988,82363,7472.0,30,7474.0,29,7476.0,34,7478.0,46,7480.0,45,7482.0,8,7484.0,45,7486.0,60,7488.0,49,7490.0,37,7482.0
PF409,,13:46:35.250#,7502.0,7516.0,7460.0,8030.0,6978.0,33996,82355,7472.0,30,7474.0,29,7476.0,34,7478.0,46,7480.0,45,7484.0,112,7486.0,60,7488.0,49,7490.0,37,7492.0,26,7482.0
PF409,,13:46:35.500#,7502.0,7516.0,7460.0,8030.0,6978.0,33996,82355,7472.0,30,7474.0,29,7476.0,34,7478.0,46,7480.0,45,7484.0,111,7486.0,60,7488.0,49,7490.0,37,7492.0,26,7482.0
PF409,,13:46:36.0#,7502.0,7516.0,7460.0,8030.0,6978.0,33996,82355,7472.0,30,7474.0,29,7476.0,34,7478.0,46,7480.0,42,7484.0,111,7486.0,60,7488.0,49,7490.0,37,7492.0,26,7482.0
PF409,,13:46:36.500#,7502.0,7516.0,7460.0,8030.0,6978.0,33996,82355,7472.0,30,7474.0,29,7476.0,34,7478.0,46,7480.0,37,7484.0,111,7486.0,60,7488.0,49,7490.0,37,7492.0,26,7482.0
PF409,,13:46:36.750#,7502.0,7516.0,7460.0,8030.0,6978.0,33996,82355,7472.0,30,7474.0,29,7476.0,34,7478.0,46,7480.0,33,7484.0,111,7486.0,60,7488.0,49,7490.0,37,7492.0,26,7482.0
PF409,,13:46:37.0#,7502.0,7516.0,7460.0,8030.0,6978.0,33996,82355,7472.0,30,7474.0,29,7476.0,34,7478.0,46,7480.0,30,7484.0,111,7486.0,60,7488.0,49,7490.0,37,7492.0,26,7482.0
PF409,,13:46:41.500#,7502.0,7516.0,7460.0,8030.0,6978.0,33996,82355,7472.0,30,7474.0,29,7476.0,34,7478.0,46,7480.0,30,7484.0,112,7486.0,60,7488.0,49,7490.0,37,7492.0,26,7482.0
PF409,,13:46:43.250#,7502.0,7516.0,7460.0,8030.0,6978.0,33996,82355,7472.0,30,7474.0,29,7476.0,34,7478.0,46,7480.0,23,7482.0,65,7484.0,45,7486.0,60,7488.0,49,7490.0,37,7482.0
PF409,,13:46:43.500#,7502.0,7516.0,7460.0,8030.0,6978.0,33996,82355,7472.0,30,7474.0,29,7476.0,34,7478.0,46,7480.0,5,7482.0,71,7484.0,45,7486.0,60,7488.0,49,7490.0,37,7482.0
PF409,,13:46:43.750#,7502.0,7516.0,7460.0,8030.0,6978.0,33996,82355,7472.0,30,7474.0,29,7476.0,34,7478.0,46,7480.0,13,7482.0,79,7484.0,43,7486.0,60,7488.0,49,7490.0,37,7482.0
PF409,,13:46:54.500#,7502.0,7516.0,7460.0,8030.0,6978.0,33996,82355,7472.0,30,7474.0,29,7476.0,34,7478.0,46,7480.0,13,7482.0,79,7484.0,42,7486.0,60,7488.0,49,7490.0,37,7482.0
PF409,,13:46:54.750#,7502.0,7516.0,7460.0,8030.0,6978.0,34010,82345,7470.0,33,7472.0,30,7474.0,29,7476.0,34,7478.0,58,7480.0,6,7482.0,18,7484.0,42,7486.0,60,7488.0,49,7480.0
PF409,,13:46:55.0#,7502.0,7516.0,7460.0,8030.0,6978.0,34010,82345,7470.0,33,7472.0,30,7474.0,29,7476.0,34,7478.0,59,7480.0,6,7482.0,25,7484.0,42,7486.0,60,7488.0,49,7480.0
PF409,,13:46:55.250#,7502.0,7516.0,7460.0,8030.0,6978.0,34010,82345,7470.0,33,7472.0,30,7474.0,29,7476.0,34,7478.0,59,7480.0,6,7482.0,26,7484.0,42,7486.0,60,7488.0,49,7480.0
PF409,,13:46:55.500#,7502.0,7516.0,7460.0,8030.0,6978.0,34010,82345,7470.0,33,7472.0,30,7474.0,29,7476.0,34,7478.0,59,7480.0,6,7482.0,29,7484.0,42,7486.0,60,7488.0,49,7480.0
PF409,,13:47:01.250#,7502.0,7516.0,7460.0,8030.0,6978.0,34010,82345,7470.0,33,7472.0,30,7474.0,29,7476.0,34,7478.0,59,7480.0,6,7482.0,29,7484.0,62,7486.0,60,7488.0,49,7480.0
PF409,,13:47:01.500#,7502.0,7516.0,7460.0,8030.0,6978.0,34010,82345,7470.0,33,7472.0,30,7474.0,29,7476.0,34,7478.0,58,7480.0,6,7482.0,29,7484.0,62,7486.0,60,7488.0,49,7480.0
PF409,,13:47:02.250#,7502.0,7516.0,7460.0,8030.0,6978.0,34010,82345,7470.0,33,7472.0,30,7474.0,29,7476.0,34,7478.0,52,7480.0,6,7482.0,29,7484.0,62,7486.0,60,7488.0,49,7480.0
PF409,,13:47:02.500#,7502.0,7516.0,7460.0,8030.0,6978.0,34010,82345,7470.0,33,7472.0,30,7474.0,29,7476.0,34,7478.0,52,7480.0,16,7482.0,29,7484.0,62,7486.0,60,7488.0,49,7480.0
PF409,,13:47:11.750#,7502.0,7516.0,7460.0,8030.0,6978.0,34010,82345,7470.0,33,7472.0,30,7474.0,29,7476.0,34,7478.0,53,7480.0,16,7482.0,29,7484.0,62,7486.0,60,7488.0,49,7480.0
PF409,,13:47:12.0#,7502.0,7516.0,7460.0,8030.0,6978.0,34010,82345,7470.0,33,7472.0,30,7474.0,29,7476.0,34,7478.0,53,7480.0,10,7482.0,29,7484.0,62,7486.0,60,7488.0,49,7480.0
PF409,,13:47:12.250#,7502.0,7516.0,7460.0,8030.0,6978.0,34010,82345,7470.0,33,7472.0,30,7474.0,29,7476.0,34,7478.0,53,7480.0,2,7482.0,29,7484.0,62,7486.0,60,7488.0,49,7480.0
PF409,,13:47:24.750#,7502.0,7516.0,7460.0,8030.0,6978.0,34010,82345,7470.0,33,7472.0,30,7474.0,29,7476.0,34,7478.0,59,7480.0,2,7482.0,29,7484.0,62,7486.0,60,7488.0,49,7480.0
PF409,,13:47:26.750#,7502.0,7516.0,7460.0,8030.0,6978.0,34012,82343,7470.0,33,7472.0,30,7474.0,29,7476.0,34,7478.0,59,7482.0,90,7484.0,62,7486.0,60,7488.0,49,7490.0,34,7480.0
PF409,,13:47:27.0#,7502.0,7516.0,7460.0,8030.0,6978.0,34012,82343,7472.0,30,7474.0,29,7476.0,34,7478.0,47,7480.0,14,7482.0,28,7484.0,63,7486.0,60,7488.0,49,7490.0,34,7480.0
PF409,,13:47:27.250#,7502.0,7516.0,7460.0,8030.0,6978.0,34012,82343,7472.0,30,7474.0,29,7476.0,34,7478.0,47,7480.0,35,7482.0,13,7484.0,65,7486.0,60,7488.0,49,7490.0,34,7480.0
PF409,,13:47:27.500#,7502.0,7516.0,7460.0,8030.0,6978.0,34012,82343,7472.0,30,7474.0,29,7476.0,34,7478.0,47,7480.0,42,7482.0,10,7484.0,64,7486.0,60,7488.0,49,7490.0,34,7480.0
PF409,,13:47:28.500#,7502.0,7516.0,7460.0,8030.0,6978.0,34028,82342,7472.0,30,7474.0,29,7476.0,34,7478.0,47,7480.0,44,7482.0,10,7484.0,64,7486.0,60,7488.0,49,7490.0,34,7480.0
PF409,,13:47:32.500#,7502.0,7516.0,7460.0,8030.0,6978.0,34028,82342,7472.0,30,7474.0,29,7476.0,34,7478.0,47,7480.0,44,7482.0,12,7484.0,64,7486.0,60,7488.0,49,7490.0,34,7480.0
PF409,,13:47:32.750#,7502.0,7516.0,7460.0,8030.0,6978.0,34034,82348,7472.0,30,7474.0,29,7476.0,34,7478.0,47,7480.0,44,7482.0,4,7484.0,64,7486.0,60,7488.0,49,7490.0,34,7482.0
PF409,,13:47:33.750#,7502.0,7516.0,7460.0,8030.0,6978.0,34034,82348,7472.0,30,7474.0,29,7476.0,34,7478.0,47,7480.0,44,7482.0,24,7484.0,64,7486.0,60,7488.0,49,7490.0,34,7482.0
PF409,,13:47:34.0#,7502.0,7516.0,7460.0,8030.0,6978.0,34034,82348,7472.0,30,7474.0,29,7476.0,34,7478.0,47,7480.0,44,7482.0,24,7484.0,65,7486.0,60,7488.0,49,7490.0,34,7482.0
PF409,,13:47:35.0#,7502.0,7516.0,7460.0,8030.0,6978.0,34052,82332,7472.0,30,7474.0,29,7476.0,34,7478.0,47,7480.0,40,7482.0,6,7484.0,65,7486.0,60,7488.0,49,7490.0,34,7482.0
PF409,,13:47:35.500#,7502.0,7516.0,7460.0,8030.0,6978.0,34060,82340,7472.0,30,7474.0,29,7476.0,34,7478.0,47,7480.0,38,7482.0,6,7484.0,65,7486.0,60,7488.0,49,7490.0,34,7480.0
PF409,,13:47:39.0#,7502.0,7516.0,7460.0,8030.0,6978.0,34066,82335,7472.0,30,7474.0,29,7476.0,34,7478.0,47,7480.0,42,7484.0,132,7486.0,60,7488.0,49,7490.0,34,7492.0,26,7482.0
PF409,,13:47:39.250#,7502.0,7516.0,7460.0,8030.0,6978.0,34066,82335,7472.0,30,7474.0,29,7476.0,34,7478.0,47,7480.0,42,7484.0,130,7486.0,60,7488.0,49,7490.0,34,7492.0,26,7482.0
PF409,,13:47:39.500#,7502.0,7516.0,7460.0,8030.0,6978.0,34066,82335,7472.0,30,7474.0,29,7476.0,34,7478.0,47,7480.0,42,7484.0,129,7486.0,60,7488.0,49,7490.0,34,7492.0,26,7482.0
PF409,,13:47:53.0#,7502.0,7516.0,7460.0,8030.0,6978.0,34066,82335,7472.0,30,7474.0,29,7476.0,34,7478.0,47,7480.0,51,7484.0,129,7486.0,60,7488.0,49,7490.0,34,7492.0,26,7482.0
PF409,,13:47:53.250#,7502.0,7516.0,7460.0,8030.0,6978.0,34066,82335,7472.0,30,7474.0,29,7476.0,34,7478.0,47,7480.0,52,7482.0,20,7484.0,62,7486.0,60,7488.0,49,7490.0,34,7482.0
PF409,,13:47:53.500#,7502.0,7516.0,7460.0,8030.0,6978.0,34066,82335,7472.0,30,7474.0,29,7476.0,34,7478.0,47,7480.0,52,7482.0,20,7484.0,63,7486.0,60,7488.0,49,7490.0,34,7482.0
PF409,,13:47:57.0#,7502.0,7516.0,7460.0,8030.0,6978.0,34067,82334,7472.0,30,7474.0,29,7476.0,34,7478.0,47,7480.0,51,7482.0,20,7484.0,63,7486.0,60,7488.0,49,7490.0,34,7480.0
PF409,,13:48:02.500#,7502.0,7516.0,7460.0,8030.0,6978.0,34067,82334,7472.0,30,7474.0,29,7476.0,34,7478.0,47,7480.0,51,7482.0,22,7484.0,63,7486.0,60,7488.0,49,7490.0,34,7480.0
PF409,,13:48:02.750#,7502.0,7516.0,7460.0,8030.0,6978.0,34067,82334,7472.0,30,7474.0,29,7476.0,34,7478.0,47,7480.0,51,7482.0,22,7484.0,64,7486.0,60,7488.0,49,7490.0,34,7480.0
PF409,,13:48:03.750#,7502.0,7516.0,7460.0,8030.0,6978.0,34067,82334,7472.0,30,7474.0,29,7476.0,34,7478.0,47,7480.0,51,7482.0,24,7484.0,64,7486.0,60,7488.0,49,7490.0,34,7480.0
PF409,,13:48:09.0#,7502.0,7516.0,7460.0,8030.0,6978.0,34067,82334,7472.0,30,7474.0,29,7476.0,34,7478.0,47,7480.0,44,7482.0,24,7484.0,64,7486.0,60,7488.0,49,7490.0,34,7480.0
PF409,,13:48:09.250#,7502.0,7516.0,7460.0,8030.0,6978.0,34068,82334,7472.0,30,7474.0,29,7476.0,34,7478.0,47,7480.0,42,7482.0,23,7484.0,64,7486.0,60,7488.0,49,7490.0,34,7482.0
PF409,,13:48:13.0#,7502.0,7516.0,7460.0,8030.0,6978.0,34072,82330,7472.0,30,7474.0,29,7476.0,34,7478.0,47,7480.0,40,7482.0,23,7484.0,64,7486.0,60,7488.0,49,7490.0,34,7480.0
PF409,,13:48:15.500#,7502.0,7516.0,7460.0,8030.0,6978.0,34073,82330,7472.0,30,7474.0,29,7476.0,34,7478.0,47,7480.0,39,7482.0,22,7484.0,64,7486.0,60,7488.0,49,7490.0,34,7482.0
PF409,,13:48:17.500#,7502.0,7516.0,7460.0,8030.0,6978.0,34078,82330,7472.0,30,7474.0,29,7476.0,34,7478.0,47,7480.0,39,7482.0,17,7484.0,64,7486.0,60,7488.0,49,7490.0,34,7482.0
PF409,,13:48:17.750#,7502.0,7516.0,7460.0,8030.0,6978.0,34078,82330,7472.0,30,7474.0,29,7476.0,34,7478.0,47,7480.0,39,7482.0,4,7484.0,64,7486.0,60,7488.0,49,7490.0,34,7482.0
PF409,,13:48:20.750#,7502.0,7516.0,7460.0,8030.0,6978.0,34078,82330,7472.0,30,7474.0,29,7476.0,34,7478.0,47,7480.0,39,7482.0,11,7484.0,64,7486.0,60,7488.0,49,7490.0,34,7482.0
PF409,,13:48:21.750#,7502.0,7516.0,7460.0,8030.0,6978.0,34080,82328,7472.0,30,7474.0,29,7476.0,34,7478.0,47,7480.0,39,7482.0,9,7484.0,64,7486.0,60,7488.0,49,7490.0,34,7482.0
PF409,,13:48:25.0#,7502.0,7516.0,7460.0,8030.0,6978.0,34081,82328,7472.0,30,7474.0,29,7476.0,34,7478.0,47,7480.0,42,7482.0,8,7484.0,64,7486.0,60,7488.0,49,7490.0,34,7482.0
PF409,,13:48:25.750#,7502.0,7516.0,7460.0,8030.0,6978.0,34085,82328,7472.0,30,7474.0,29,7476.0,34,7478.0,47,7480.0,43,7484.0,131,7486.0,60,7488.0,49,7490.0,34,7492.0,26,7482.0
PF409,,13:48:26.0#,7502.0,7516.0,7460.0,8030.0,6978.0,34085,82328,7472.0,30,7474.0,29,7476.0,54,7478.0,47,7480.0,43,7484.0,131,7486.0,60,7488.0,49,7490.0,34,7492.0,26,7482.0
PF409,,13:48:26.250#,7502.0,7516.0,7460.0,8030.0,6978.0,34085,82328,7472.0,30,7474.0,29,7476.0,55,7478.0,47,7480.0,43,7484.0,131,7486.0,60,7488.0,49,7490.0,34,7492.0,26,7482.0
PF409,,13:48:28.500#,7502.0,7516.0,7460.0,8030.0,6978.0,34085,82328,7472.0,30,7474.0,29,7476.0,55,7478.0,47,7480.0,43,7484.0,131,7486.0,60,7488.0,49,7490.0,34,7492.0,26,7482.0
PF409,,13:48:29.250#,7502.0,7516.0,7460.0,8030.0,6978.0,34085,82328,7472.0,30,7474.0,29,7476.0,55,7478.0,47,7480.0,49,7484.0,131,7486.0,60,7488.0,49,7490.0,34,7492.0,26,7482.0
PF409,,13:48:29.500#,7502.0,7516.0,7460.0,8030.0,6978.0,34101,82312,7472.0,30,7474.0,29,7476.0,55,7478.0,47,7480.0,83,7484.0,131,7486.0,60,7488.0,49,7490.0,34,7492.0,26,7480.0
PF409,,13:48:30.0#,7502.0,7516.0,7460.0,8030.0,6978.0,34101,82312,7472.0,30,7474.0,29,7476.0,55,7478.0,47,7480.0,83,7484.0,130,7486.0,60,7488.0,49,7490.0,34,7492.0,26,7480.0
PF409,,13:48:32.500#,7502.0,7516.0,7460.0,8030.0,6978.0,34101,82312,7472.0,30,7474.0,29,7476.0,55,7478.0,47,7480.0,83,7484.0,133,7486.0,60,7488.0,49,7490.0,34,7492.0,26,7480.0
PF409,,13:48:32.750#,7502.0,7516.0,7460.0,8030.0,6978.0,34101,82312,7472.0,30,7474.0,29,7476.0,55,7478.0,47,7480.0,33,7482.0,57,7484.0,66,7486.0,60,7488.0,49,7490.0,34,7480.0
PF409,,13:48:33.0#,7502.0,7516.0,7460.0,8030.0,6978.0,34101,82312,7472.0,30,7474.0,29,7476.0,55,7478.0,47,7480.0,14,7482.0,59,7484.0,68,7486.0,60,7488.0,49,7490.0,34,7480.0
PF409,,13:48:33.500#,7502.0,7516.0,7460.0,8030.0,6978.0,34101,82312,7472.0,30,7474.0,29,7476.0,55,7478.0,47,7480.0,10,7482.0,63,7484.0,68,7486.0,60,7488.0,49,7490.0,34,7480.0
PF409,,13:48:33.750#,7502.0,7516.0,7460.0,8030.0,6978.0,34106,82312,7472.0,30,7474.0,29,7476.0,55,7478.0,47,7480.0,3,7482.0,65,7484.0,66,7486.0,60,7488.0,49,7490.0,34,7480.0
PF409,,13:48:34.0#,7502.0,7516.0,7460.0,8030.0,6978.0,34106,82312,7472.0,30,7474.0,29,7476.0,55,7478.0,48,7480.0,3,7482.0,65,7484.0,66,7486.0,60,7488.0,49,7490.0,34,7480.0
PF409,,13:48:36.250#,7502.0,7516.0,7460.0,8030.0,6978.0,34106,82312,7472.0,30,7474.0,29,7476.0,55,7478.0,48,7480.0,7,7482.0,61,7484.0,66,7486.0,60,7488.0,49,7490.0,34,7480.0
PF409,,13:48:36.500#,7502.0,7516.0,7460.0,8030.0,6978.0,34106,82312,7472.0,30,7474.0,29,7476.0,55,7478.0,48,7480.0,7,7482.0,59,7484.0,68,7486.0,60,7488.0,49,7490.0,34,7480.0
PF409,,13:48:41.750#,7502.0,7516.0,7460.0,8030.0,6978.0,34106,82312,7472.0,30,7474.0,29,7476.0,55,7478.0,48,7480.0,8,7482.0,59,7484.0,68,7486.0,60,7488.0,49,7490.0,34,7480.0
PF409,,13:48:45.250#,7502.0,7516.0,7460.0,8030.0,6978.0,34106,82312,7472.0,30,7474.0,29,7476.0,55,7478.0,48,7480.0,15,7482.0,59,7484.0,68,7486.0,60,7488.0,49,7490.0,34,7480.0
PF409,,13:48:48.750#,7502.0,7516.0,7460.0,8030.0,6978.0,34109,82309,7472.0,30,7474.0,29,7476.0,55,7478.0,48,7480.0,12,7482.0,59,7484.0,68,7486.0,60,7488.0,49,7490.0,34,7480.0
PF409,,13:48:51.0#,7502.0,7516.0,7460.0,8030.0,6978.0,34109,82309,7472.0,30,7474.0,29,7476.0,55,7478.0,48,7480.0,5,7482.0,59,7484.0,68,7486.0,60,7488.0,49,7490.0,34,7480.0
PF409,,13:48:51.750#,7502.0,7516.0,7460.0,8030.0,6978.0,34109,82309,7472.0,30,7474.0,29,7476.0,55,7478.0,48,7480.0,4,7482.0,60,7484.0,68,7486.0,60,7488.0,49,7490.0,34,7480.0
PF409,,13:48:52.0#,7502.0,7516.0,7460.0,8030.0,6978.0,34109,82309,7472.0,30,7474.0,29,7476.0,55,7478.0,48,7480.0,4,7482.0,64,7484.0,66,7486.0,60,7488.0,49,7490.0,34,7480.0
PF409,,13:48:52.250#,7502.0,7516.0,7460.0,8030.0,6978.0,34109,82309,7472.0,30,7474.0,29,7476.0,55,7478.0,48,7480.0,4,7482.0,65,7484.0,66,7486.0,60,7488.0,49,7490.0,34,7480.0
PF409,,13:49:00.500#,7502.0,7516.0,7460.0,8030.0,6978.0,34109,82309,7472.0,30,7474.0,29,7476.0,55,7478.0,47,7480.0,4,7482.0,65,7484.0,66,7486.0,60,7488.0,49,7490.0,34,7480.0
PF409,,13:49:01.0#,7502.0,7516.0,7460.0,8030.0,6978.0,34109,82309,7472.0,30,7474.0,29,7476.0,55,7478.0,47,7480.0,4,7482.0,71,7484.0,66,7486.0,60,7488.0,49,7490.0,34,7480.0
PF409,,13:49:01.250#,7502.0,7516.0,7460.0,8030.0,6978.0,34109,82309,7472.0,30,7474.0,29,7476.0,55,7478.0,41,7480.0,4,7482.0,71,7484.0,66,7486.0,60,7488.0,49,7490.0,34,7480.0
PF409,,13:49:02.500#,7502.0,7516.0,7460.0,8030.0,6978.0,34109,82309,7472.0,30,7474.0,29,7476.0,55,7478.0,41,7480.0,4,7482.0,73,7484.0,66,7486.0,60,7488.0,49,7490.0,34,7480.0
PF409,,13:49:04.250#,7502.0,7516.0,7460.0,8030.0,6978.0,34109,82309,7472.0,30,7474.0,29,7476.0,55,7478.0,41,7480.0,4,7482.0,73,7484.0,63,7486.0,60,7488.0,49,7490.0,34,7480.0
PF409,,13:49:11.750#,7502.0,7516.0,7460.0,8030.0,6978.0,34109,82309,7472.0,30,7474.0,29,7476.0,55,7478.0,41,7480.0,5,7482.0,69,7484.0,63,7486.0,60,7488.0,49,7490.0,34,7480.0
PF409,,13:49:12.0#,7502.0,7516.0,7460.0,8030.0,6978.0,34109,82309,7472.0,30,7474.0,29,7476.0,55,7478.0,41,7480.0,5,7482.0,67,7484.0,65,7486.0,60,7488.0,49,7490.0,34,7480.0
PF409,,13:49:25.750#,7502.0,7516.0,7460.0,8030.0,6978.0,34113,82308,7472.0,30,7474.0,29,7476.0,55,7478.0,41,7480.0,1,7482.0,63,7484.0,65,7486.0,60,7488.0,49,7490.0,34,7480.0
PF409,,13:49:26.250#,7502.0,7516.0,7460.0,8030.0,6978.0,34114,82307,7472.0,30,7474.0,29,7476.0,55,7478.0,41,7480.0,10,7482.0,63,7484.0,65,7486.0,60,7488.0,49,7490.0,34,7480.0
PF409,,13:49:27.0#,7502.0,7516.0,7460.0,8030.0,6978.0,34114,82307,7470.0,33,7472.0,30,7474.0,29,7476.0,55,7478.0,101,7482.0,67,7484.0,65,7486.0,60,7488.0,49,7490.0,34,7480.0
PF409,,13:49:27.250#,7502.0,7516.0,7460.0,8030.0,6978.0,34114,82307,7470.0,33,7472.0,30,7474.0,29,7476.0,55,7478.0,100,7482.0,69,7484.0,63,7486.0,60,7488.0,49,7490.0,34,7480.0
PF409,,13:49:27.750#,7502.0,7516.0,7460.0,8030.0,6978.0,34114,82307,7470.0,33,7472.0,30,7474.0,29,7476.0,55,7478.0,98,7482.0,69,7484.0,63,7486.0,60,7488.0,49,7490.0,34,7480.0
PF409,,13:49:28.0#,7502.0,7516.0,7460.0,8030.0,6978.0,34114,82307,7470.0,33,7472.0,30,7474.0,29,7476.0,55,7478.0,77,7482.0,69,7484.0,63,7486.0,60,7488.0,49,7490.0,34,7480.0
PF409,,13:49:28.250#,7502.0,7516.0,7460.0,8030.0,6978.0,34114,82307,7470.0,33,7472.0,30,7474.0,29,7476.0,55,7478.0,50,7480.0,53,7482.0,12,7484.0,63,7486.0,60,7488.0,49,7480.0
PF409,,13:49:28.500#,7502.0,7516.0,7460.0,8030.0,6978.0,34114,82307,7470.0,33,7472.0,30,7474.0,29,7476.0,55,7478.0,49,7480.0,54,7482.0,23,7484.0,63,7486.0,60,7488.0,49,7480.0
PF409,,13:49:28.750#,7502.0,7516.0,7460.0,8030.0,6978.0,34114,82307,7470.0,33,7472.0,30,7474.0,29,7476.0,55,7478.0,46,7480.0,54,7482.0,24,7484.0,63,7486.0,60,7488.0,49,7480.0
