InstrumentId,ExchangeId,Datetime,OpenPrice,HighestPrice,LowestPrice,UpperLimitPrice,LowerLimitPrice,Volume,OpenInterest,BidPrice5,BidVolume5,BidPrice4,BidVolume4,BidPrice3,BidVolume3,BidPrice2,BidVolume2,BidPrice1,BidVolume1,AskPrice1,AskVolume1,AskPrice2,AskVolume2,AskPrice3,AskVolume3,AskPrice4,AskVolume4,AskPrice5,AskVolume5,LastPrice
PF410,,13:38:55.0#,7542.0,7562.0,7494.0,8064.0,7008.0,79713,149671,7510.0,101,7512.0,108,7514.0,178,7516.0,132,7518.0,205,7520.0,8,7522.0,233,7524.0,52,7526.0,73,7528.0,59,7520.0
PF410,,13:38:55.250#,7542.0,7562.0,7494.0,8064.0,7008.0,79713,149671,7510.0,101,7512.0,108,7514.0,178,7516.0,132,7518.0,195,7520.0,8,7522.0,223,7524.0,52,7526.0,73,7528.0,59,7520.0
PF410,,13:38:55.500#,7542.0,7562.0,7494.0,8064.0,7008.0,79713,149671,7510.0,101,7512.0,108,7514.0,178,7516.0,132,7518.0,207,7520.0,11,7522.0,232,7524.0,52,7526.0,73,7528.0,59,7520.0
PF410,,13:38:55.750#,7542.0,7562.0,7494.0,8064.0,7008.0,79713,149671,7510.0,101,7512.0,108,7514.0,178,7516.0,122,7518.0,217,7520.0,8,7522.0,232,7524.0,52,7526.0,73,7528.0,59,7520.0
PF410,,13:38:56.0#,7542.0,7562.0,7494.0,8064.0,7008.0,79713,149671,7510.0,101,7512.0,108,7514.0,178,7516.0,122,7518.0,217,7520.0,9,7522.0,232,7524.0,52,7526.0,73,7528.0,59,7520.0
PF410,,13:39:00.250#,7542.0,7562.0,7494.0,8064.0,7008.0,79713,149671,7510.0,101,7512.0,108,7514.0,178,7516.0,122,7518.0,217,7520.0,10,7522.0,232,7524.0,52,7526.0,73,7528.0,59,7520.0
PF410,,13:39:00.500#,7542.0,7562.0,7494.0,8064.0,7008.0,79713,149671,7510.0,101,7512.0,108,7514.0,179,7516.0,121,7518.0,217,7520.0,10,7522.0,232,7524.0,52,7526.0,73,7528.0,59,7520.0
PF410,,13:39:00.750#,7542.0,7562.0,7494.0,8064.0,7008.0,79714,149670,7510.0,101,7512.0,108,7514.0,179,7516.0,121,7518.0,217,7520.0,9,7522.0,232,7524.0,52,7526.0,73,7528.0,59,7520.0
PF410,,13:39:01.0#,7542.0,7562.0,7494.0,8064.0,7008.0,79714,149670,7510.0,101,7512.0,108,7514.0,179,7516.0,131,7518.0,208,7520.0,11,7522.0,232,7524.0,52,7526.0,73,7528.0,59,7520.0
PF410,,13:39:01.250#,7542.0,7562.0,7494.0,8064.0,7008.0,79714,149670,7510.0,101,7512.0,108,7514.0,179,7516.0,121,7518.0,218,7520.0,11,7522.0,232,7524.0,52,7526.0,73,7528.0,59,7520.0
PF410,,13:39:01.500#,7542.0,7562.0,7494.0,8064.0,7008.0,79714,149670,7510.0,101,7512.0,108,7514.0,179,7516.0,121,7518.0,220,7520.0,11,7522.0,232,7524.0,52,7526.0,73,7528.0,59,7520.0
PF410,,13:39:02.500#,7542.0,7562.0,7494.0,8064.0,7008.0,79734,149668,7510.0,101,7512.0,108,7514.0,179,7516.0,121,7518.0,202,7520.0,11,7522.0,222,7524.0,62,7526.0,73,7528.0,59,7518.0
PF410,,13:39:02.750#,7542.0,7562.0,7494.0,8064.0,7008.0,79734,149668,7510.0,101,7512.0,108,7514.0,179,7516.0,121,7518.0,219,7520.0,11,7522.0,232,7524.0,52,7526.0,73,7528.0,59,7518.0
PF410,,13:39:03.0#,7542.0,7562.0,7494.0,8064.0,7008.0,79734,149668,7510.0,101,7512.0,108,7514.0,179,7516.0,120,7518.0,230,7520.0,11,7522.0,212,7524.0,72,7526.0,73,7528.0,59,7518.0
PF410,,13:39:03.250#,7542.0,7562.0,7494.0,8064.0,7008.0,79745,149674,7512.0,108,7514.0,179,7516.0,120,7518.0,204,7520.0,2,7522.0,252,7524.0,62,7526.0,73,7528.0,59,7530.0,47,7520.0
PF410,,13:39:03.500#,7542.0,7562.0,7494.0,8064.0,7008.0,79745,149674,7512.0,108,7514.0,179,7516.0,90,7518.0,233,7520.0,38,7522.0,212,7524.0,102,7526.0,73,7528.0,59,7530.0,48,7520.0
PF410,,13:39:03.750#,7542.0,7562.0,7494.0,8064.0,7008.0,79745,149674,7512.0,108,7514.0,179,7516.0,90,7518.0,225,7520.0,47,7522.0,180,7524.0,122,7526.0,73,7528.0,59,7530.0,48,7520.0
PF410,,13:39:04.0#,7542.0,7562.0,7494.0,8064.0,7008.0,79746,149675,7512.0,108,7514.0,179,7516.0,90,7518.0,225,7520.0,47,7522.0,190,7524.0,112,7526.0,73,7528.0,59,7530.0,48,7520.0
PF410,,13:39:06.250#,7542.0,7562.0,7494.0,8064.0,7008.0,79746,149675,7512.0,108,7514.0,179,7516.0,90,7518.0,225,7520.0,47,7522.0,191,7524.0,112,7526.0,73,7528.0,59,7530.0,48,7520.0
PF410,,13:39:06.500#,7542.0,7562.0,7494.0,8064.0,7008.0,79746,149675,7512.0,108,7514.0,179,7516.0,90,7518.0,225,7520.0,46,7522.0,202,7524.0,102,7526.0,73,7528.0,59,7530.0,48,7520.0
PF410,,13:39:06.750#,7542.0,7562.0,7494.0,8064.0,7008.0,79746,149675,7512.0,108,7514.0,179,7516.0,90,7518.0,225,7520.0,46,7522.0,193,7524.0,112,7526.0,73,7528.0,59,7530.0,48,7520.0
PF410,,13:39:07.0#,7542.0,7562.0,7494.0,8064.0,7008.0,79746,149675,7512.0,108,7514.0,179,7516.0,90,7518.0,225,7520.0,46,7522.0,194,7524.0,112,7526.0,73,7528.0,59,7530.0,48,7520.0
PF410,,13:39:07.250#,7542.0,7562.0,7494.0,8064.0,7008.0,79746,149675,7512.0,108,7514.0,179,7516.0,90,7518.0,226,7520.0,46,7522.0,194,7524.0,112,7526.0,73,7528.0,59,7530.0,48,7520.0
PF410,,13:39:10.500#,7542.0,7562.0,7494.0,8064.0,7008.0,79746,149675,7512.0,108,7514.0,179,7516.0,90,7518.0,226,7520.0,19,7522.0,194,7524.0,112,7526.0,73,7528.0,59,7530.0,48,7520.0
PF410,,13:39:10.750#,7542.0,7562.0,7494.0,8064.0,7008.0,79746,149675,7512.0,108,7514.0,179,7516.0,90,7518.0,226,7520.0,16,7522.0,214,7524.0,112,7526.0,73,7528.0,59,7530.0,48,7520.0
PF410,,13:39:11.0#,7542.0,7562.0,7494.0,8064.0,7008.0,79746,149675,7512.0,108,7514.0,179,7516.0,90,7518.0,226,7520.0,13,7522.0,234,7524.0,102,7526.0,73,7528.0,59,7530.0,48,7520.0
PF410,,13:39:12.750#,7542.0,7562.0,7494.0,8064.0,7008.0,79746,149675,7512.0,108,7514.0,179,7516.0,90,7518.0,226,7520.0,40,7522.0,234,7524.0,102,7526.0,73,7528.0,59,7530.0,48,7520.0
PF410,,13:39:13.0#,7542.0,7562.0,7494.0,8064.0,7008.0,79746,149675,7512.0,108,7514.0,179,7516.0,90,7518.0,226,7520.0,46,7522.0,234,7524.0,102,7526.0,73,7528.0,59,7530.0,48,7520.0
PF410,,13:39:16.500#,7542.0,7562.0,7494.0,8064.0,7008.0,79746,149675,7512.0,107,7514.0,179,7516.0,90,7518.0,226,7520.0,46,7522.0,234,7524.0,102,7526.0,73,7528.0,59,7530.0,48,7520.0
PF410,,13:39:17.0#,7542.0,7562.0,7494.0,8064.0,7008.0,79766,149664,7512.0,107,7514.0,179,7516.0,90,7518.0,226,7520.0,28,7522.0,218,7524.0,102,7526.0,73,7528.0,59,7530.0,48,7520.0
PF410,,13:39:17.250#,7542.0,7562.0,7494.0,8064.0,7008.0,79766,149664,7512.0,107,7514.0,179,7516.0,90,7518.0,226,7520.0,25,7522.0,218,7524.0,102,7526.0,73,7528.0,59,7530.0,48,7520.0
PF410,,13:39:21.250#,7542.0,7562.0,7494.0,8064.0,7008.0,79767,149664,7512.0,107,7514.0,179,7516.0,90,7518.0,226,7520.0,25,7522.0,217,7524.0,102,7526.0,73,7528.0,59,7530.0,48,7522.0
PF410,,13:39:21.500#,7542.0,7562.0,7494.0,8064.0,7008.0,79767,149664,7512.0,107,7514.0,179,7516.0,90,7518.0,226,7520.0,25,7522.0,227,7524.0,92,7526.0,73,7528.0,59,7530.0,48,7522.0
PF410,,13:39:22.0#,7542.0,7562.0,7494.0,8064.0,7008.0,79806,149669,7510.0,100,7512.0,107,7514.0,179,7516.0,90,7518.0,233,7520.0,2,7522.0,177,7524.0,92,7526.0,73,7528.0,59,7518.0
PF410,,13:39:22.250#,7542.0,7562.0,7494.0,8064.0,7008.0,79806,149669,7510.0,101,7512.0,107,7514.0,179,7516.0,140,7518.0,193,7520.0,5,7522.0,209,7524.0,62,7526.0,73,7528.0,59,7518.0
PF410,,13:39:22.500#,7542.0,7562.0,7494.0,8064.0,7008.0,79806,149669,7510.0,101,7512.0,107,7514.0,179,7516.0,131,7518.0,202,7520.0,10,7522.0,207,7524.0,61,7526.0,73,7528.0,59,7518.0
PF410,,13:39:22.750#,7542.0,7562.0,7494.0,8064.0,7008.0,79806,149669,7510.0,101,7512.0,107,7514.0,179,7516.0,121,7518.0,212,7520.0,12,7522.0,205,7524.0,61,7526.0,73,7528.0,59,7518.0
PF410,,13:39:24.250#,7542.0,7562.0,7494.0,8064.0,7008.0,79818,149672,7512.0,107,7514.0,179,7516.0,121,7518.0,198,7520.0,8,7522.0,216,7524.0,61,7526.0,73,7528.0,59,7530.0,47,7520.0
PF410,,13:39:24.500#,7542.0,7562.0,7494.0,8064.0,7008.0,79819,149672,7512.0,107,7514.0,179,7516.0,91,7518.0,224,7520.0,20,7522.0,169,7524.0,111,7526.0,73,7528.0,59,7530.0,48,7520.0
PF410,,13:39:24.750#,7542.0,7562.0,7494.0,8064.0,7008.0,79819,149672,7512.0,107,7514.0,179,7516.0,91,7518.0,224,7520.0,23,7522.0,178,7524.0,101,7526.0,73,7528.0,59,7530.0,48,7520.0
PF410,,13:39:25.0#,7542.0,7562.0,7494.0,8064.0,7008.0,79846,149666,7512.0,107,7514.0,179,7516.0,91,7518.0,224,7520.0,21,7522.0,188,7524.0,91,7526.0,73,7528.0,59,7530.0,48,7520.0
PF410,,13:39:25.250#,7542.0,7562.0,7494.0,8064.0,7008.0,79847,149666,7512.0,107,7514.0,179,7516.0,91,7518.0,224,7520.0,22,7522.0,159,7524.0,120,7526.0,73,7528.0,59,7530.0,48,7520.0
PF410,,13:39:25.750#,7542.0,7562.0,7494.0,8064.0,7008.0,79847,149666,7512.0,107,7514.0,179,7516.0,91,7518.0,224,7520.0,22,7522.0,139,7524.0,130,7526.0,73,7528.0,59,7530.0,48,7520.0
PF410,,13:39:26.0#,7542.0,7562.0,7494.0,8064.0,7008.0,79847,149666,7512.0,107,7514.0,179,7516.0,91,7518.0,218,7520.0,28,7522.0,139,7524.0,130,7526.0,73,7528.0,59,7530.0,48,7520.0
PF410,,13:39:27.0#,7542.0,7562.0,7494.0,8064.0,7008.0,79847,149666,7512.0,107,7514.0,179,7516.0,91,7518.0,218,7520.0,48,7522.0,139,7524.0,130,7526.0,73,7528.0,59,7530.0,48,7520.0
PF410,,13:39:27.250#,7542.0,7562.0,7494.0,8064.0,7008.0,79847,149666,7512.0,107,7514.0,179,7516.0,91,7518.0,218,7520.0,28,7522.0,132,7524.0,130,7526.0,73,7528.0,59,7530.0,48,7520.0
PF410,,13:39:27.500#,7542.0,7562.0,7494.0,8064.0,7008.0,79847,149666,7512.0,107,7514.0,179,7516.0,91,7518.0,218,7520.0,48,7522.0,149,7524.0,120,7526.0,73,7528.0,59,7530.0,48,7520.0
PF410,,13:39:27.750#,7542.0,7562.0,7494.0,8064.0,7008.0,79847,149666,7512.0,107,7514.0,179,7516.0,91,7518.0,218,7520.0,75,7522.0,139,7524.0,130,7526.0,73,7528.0,59,7530.0,48,7520.0
PF410,,13:39:28.0#,7542.0,7562.0,7494.0,8064.0,7008.0,79847,149666,7512.0,107,7514.0,179,7516.0,91,7518.0,218,7520.0,77,7522.0,102,7524.0,140,7526.0,73,7528.0,59,7530.0,48,7520.0
PF410,,13:39:28.250#,7542.0,7562.0,7494.0,8064.0,7008.0,79847,149666,7512.0,107,7514.0,179,7516.0,91,7518.0,218,7520.0,85,7522.0,87,7524.0,160,7526.0,73,7528.0,59,7530.0,48,7520.0
PF410,,13:39:28.500#,7542.0,7562.0,7494.0,8064.0,7008.0,79847,149666,7512.0,107,7514.0,179,7516.0,91,7518.0,179,7520.0,124,7522.0,57,7524.0,190,7526.0,73,7528.0,59,7530.0,48,7520.0
PF410,,13:39:28.750#,7542.0,7562.0,7494.0,8064.0,7008.0,79847,149666,7512.0,107,7514.0,179,7516.0,91,7518.0,119,7520.0,185,7522.0,43,7524.0,200,7526.0,73,7528.0,59,7530.0,48,7520.0
PF410,,13:39:29.0#,7542.0,7562.0,7494.0,8064.0,7008.0,79847,149666,7512.0,107,7514.0,179,7516.0,91,7518.0,109,7520.0,207,7522.0,35,7524.0,200,7526.0,73,7528.0,59,7530.0,48,7520.0
PF410,,13:39:29.250#,7542.0,7562.0,7494.0,8064.0,7008.0,79847,149666,7512.0,107,7514.0,179,7516.0,91,7518.0,109,7520.0,215,7522.0,35,7524.0,200,7526.0,73,7528.0,59,7530.0,48,7520.0
PF410,,13:39:29.500#,7542.0,7562.0,7494.0,8064.0,7008.0,79847,149666,7512.0,107,7514.0,179,7516.0,91,7518.0,119,7520.0,209,7522.0,35,7524.0,200,7526.0,73,7528.0,59,7530.0,48,7520.0
PF410,,13:39:29.750#,7542.0,7562.0,7494.0,8064.0,7008.0,79847,149666,7512.0,107,7514.0,179,7516.0,91,7518.0,119,7520.0,209,7522.0,39,7524.0,199,7526.0,73,7528.0,59,7530.0,48,7520.0
PF410,,13:39:30.0#,7542.0,7562.0,7494.0,8064.0,7008.0,79847,149666,7512.0,107,7514.0,179,7516.0,91,7518.0,119,7520.0,211,7522.0,33,7524.0,189,7526.0,83,7528.0,57,7530.0,49,7520.0
PF410,,13:39:30.250#,7542.0,7562.0,7494.0,8064.0,7008.0,79847,149666,7512.0,107,7514.0,179,7516.0,91,7518.0,109,7520.0,224,7522.0,33,7524.0,189,7526.0,83,7528.0,57,7530.0,49,7520.0
PF410,,13:39:30.500#,7542.0,7562.0,7494.0,8064.0,7008.0,79847,149666,7512.0,107,7514.0,179,7516.0,90,7518.0,109,7520.0,225,7522.0,33,7524.0,199,7526.0,73,7528.0,57,7530.0,49,7520.0
PF410,,13:39:31.750#,7542.0,7562.0,7494.0,8064.0,7008.0,79880,149687,7514.0,179,7516.0,90,7518.0,109,7520.0,207,7522.0,4,7524.0,228,7526.0,73,7528.0,57,7530.0,49,7532.0,29,7522.0
PF410,,13:39:32.0#,7542.0,7562.0,7494.0,8064.0,7008.0,79880,149687,7514.0,179,7516.0,89,7518.0,78,7520.0,239,7522.0,43,7524.0,193,7526.0,115,7528.0,57,7530.0,49,7532.0,33,7522.0
PF410,,13:39:32.250#,7542.0,7562.0,7494.0,8064.0,7008.0,79880,149687,7514.0,179,7516.0,89,7518.0,78,7520.0,232,7522.0,56,7524.0,164,7526.0,144,7528.0,57,7530.0,49,7532.0,33,7522.0
PF410,,13:39:32.500#,7542.0,7562.0,7494.0,8064.0,7008.0,79880,149687,7514.0,179,7516.0,89,7518.0,78,7520.0,232,7522.0,56,7524.0,174,7526.0,134,7528.0,57,7530.0,49,7532.0,33,7522.0
PF410,,13:39:32.750#,7542.0,7562.0,7494.0,8064.0,7008.0,79880,149687,7514.0,179,7516.0,89,7518.0,78,7520.0,232,7522.0,56,7524.0,185,7526.0,124,7528.0,57,7530.0,49,7532.0,33,7522.0
PF410,,13:39:33.0#,7542.0,7562.0,7494.0,8064.0,7008.0,79880,149687,7514.0,179,7516.0,89,7518.0,78,7520.0,232,7522.0,56,7524.0,175,7526.0,134,7528.0,57,7530.0,49,7532.0,33,7522.0
PF410,,13:39:33.250#,7542.0,7562.0,7494.0,8064.0,7008.0,79880,149687,7514.0,178,7516.0,89,7518.0,79,7520.0,232,7522.0,56,7524.0,175,7526.0,134,7528.0,57,7530.0,49,7532.0,33,7522.0
PF410,,13:39:33.750#,7542.0,7562.0,7494.0,8064.0,7008.0,79900,149675,7514.0,178,7516.0,89,7518.0,79,7520.0,232,7522.0,19,7524.0,175,7526.0,134,7528.0,57,7530.0,49,7532.0,33,7522.0
PF410,,13:39:34.0#,7542.0,7562.0,7494.0,8064.0,7008.0,79900,149675,7514.0,178,7516.0,89,7518.0,79,7520.0,232,7522.0,37,7524.0,175,7526.0,134,7528.0,57,7530.0,49,7532.0,33,7522.0
PF410,,13:39:34.250#,7542.0,7562.0,7494.0,8064.0,7008.0,79900,149675,7514.0,178,7516.0,89,7518.0,79,7520.0,232,7522.0,43,7524.0,175,7526.0,134,7528.0,57,7530.0,49,7532.0,33,7522.0
PF410,,13:39:34.500#,7542.0,7562.0,7494.0,8064.0,7008.0,79900,149675,7514.0,178,7516.0,89,7518.0,79,7520.0,232,7522.0,37,7524.0,175,7526.0,134,7528.0,57,7530.0,49,7532.0,33,7522.0
PF410,,13:39:35.500#,7542.0,7562.0,7494.0,8064.0,7008.0,79900,149675,7514.0,178,7516.0,89,7518.0,79,7520.0,232,7522.0,10,7524.0,175,7526.0,134,7528.0,57,7530.0,49,7532.0,33,7522.0
PF410,,13:39:38.250#,7542.0,7562.0,7494.0,8064.0,7008.0,79900,149675,7514.0,178,7516.0,89,7518.0,79,7520.0,231,7522.0,10,7524.0,175,7526.0,134,7528.0,57,7530.0,49,7532.0,33,7522.0
PF410,,13:39:38.500#,7542.0,7562.0,7494.0,8064.0,7008.0,79900,149675,7514.0,178,7516.0,89,7518.0,69,7520.0,241,7522.0,10,7524.0,165,7526.0,144,7528.0,57,7530.0,49,7532.0,33,7522.0
PF410,,13:39:38.750#,7542.0,7562.0,7494.0,8064.0,7008.0,79900,149675,7514.0,178,7516.0,89,7518.0,69,7520.0,241,7522.0,10,7524.0,184,7526.0,125,7528.0,57,7530.0,49,7532.0,33,7522.0
PF410,,13:39:39.0#,7542.0,7562.0,7494.0,8064.0,7008.0,79900,149675,7514.0,178,7516.0,89,7518.0,69,7520.0,241,7522.0,10,7524.0,194,7526.0,115,7528.0,57,7530.0,49,7532.0,33,7522.0
PF410,,13:39:39.500#,7542.0,7562.0,7494.0,8064.0,7008.0,79900,149675,7514.0,178,7516.0,89,7518.0,69,7520.0,241,7522.0,10,7524.0,184,7526.0,115,7528.0,57,7530.0,49,7532.0,33,7522.0
PF410,,13:39:39.750#,7542.0,7562.0,7494.0,8064.0,7008.0,79900,149675,7514.0,178,7516.0,89,7518.0,69,7520.0,241,7522.0,57,7524.0,179,7526.0,125,7528.0,57,7530.0,49,7532.0,33,7522.0
PF410,,13:39:40.0#,7542.0,7562.0,7494.0,8064.0,7008.0,79900,149675,7514.0,178,7516.0,89,7518.0,69,7520.0,242,7522.0,68,7524.0,150,7526.0,154,7528.0,57,7530.0,49,7532.0,33,7522.0
PF410,,13:39:40.250#,7542.0,7562.0,7494.0,8064.0,7008.0,79900,149675,7514.0,178,7516.0,89,7518.0,69,7520.0,242,7522.0,25,7524.0,147,7526.0,154,7528.0,57,7530.0,49,7532.0,33,7522.0
PF410,,13:39:40.500#,7542.0,7562.0,7494.0,8064.0,7008.0,79900,149675,7514.0,178,7516.0,89,7518.0,69,7520.0,242,7522.0,14,7524.0,167,7526.0,134,7528.0,57,7530.0,49,7532.0,33,7522.0
PF410,,13:39:40.750#,7542.0,7562.0,7494.0,8064.0,7008.0,79900,149675,7514.0,178,7516.0,89,7518.0,69,7520.0,242,7522.0,10,7524.0,167,7526.0,134,7528.0,57,7530.0,49,7532.0,33,7522.0
PF410,,13:39:41.0#,7542.0,7562.0,7494.0,8064.0,7008.0,79900,149675,7514.0,178,7516.0,89,7518.0,69,7520.0,241,7522.0,10,7524.0,167,7526.0,134,7528.0,57,7530.0,49,7532.0,33,7522.0
PF410,,13:39:41.250#,7542.0,7562.0,7494.0,8064.0,7008.0,79900,149675,7514.0,178,7516.0,89,7518.0,69,7520.0,241,7522.0,10,7524.0,186,7526.0,115,7528.0,57,7530.0,49,7532.0,33,7522.0
PF410,,13:39:41.750#,7542.0,7562.0,7494.0,8064.0,7008.0,79900,149675,7514.0,178,7516.0,89,7518.0,69,7520.0,241,7522.0,37,7524.0,186,7526.0,115,7528.0,57,7530.0,49,7532.0,33,7522.0
PF410,,13:39:42.0#,7542.0,7562.0,7494.0,8064.0,7008.0,79900,149675,7514.0,178,7516.0,89,7518.0,69,7520.0,242,7522.0,46,7524.0,157,7526.0,144,7528.0,57,7530.0,49,7532.0,33,7522.0
PF410,,13:39:42.750#,7542.0,7562.0,7494.0,8064.0,7008.0,79900,149675,7514.0,178,7516.0,89,7518.0,69,7520.0,242,7522.0,50,7524.0,157,7526.0,144,7528.0,57,7530.0,49,7532.0,33,7522.0
PF410,,13:39:43.0#,7542.0,7562.0,7494.0,8064.0,7008.0,79900,149675,7514.0,178,7516.0,89,7518.0,69,7520.0,242,7522.0,50,7524.0,167,7526.0,134,7528.0,57,7530.0,49,7532.0,33,7522.0
PF410,,13:39:43.500#,7542.0,7562.0,7494.0,8064.0,7008.0,79900,149675,7514.0,178,7516.0,89,7518.0,69,7520.0,242,7522.0,23,7524.0,167,7526.0,134,7528.0,57,7530.0,49,7532.0,33,7522.0
PF410,,13:39:43.750#,7542.0,7562.0,7494.0,8064.0,7008.0,79900,149675,7514.0,178,7516.0,89,7518.0,69,7520.0,242,7522.0,41,7524.0,167,7526.0,134,7528.0,57,7530.0,49,7532.0,33,7522.0
PF410,,13:39:44.0#,7542.0,7562.0,7494.0,8064.0,7008.0,79900,149675,7514.0,178,7516.0,89,7518.0,69,7520.0,242,7522.0,50,7524.0,157,7526.0,144,7528.0,57,7530.0,49,7532.0,33,7522.0
PF410,,13:39:44.250#,7542.0,7562.0,7494.0,8064.0,7008.0,79900,149675,7514.0,178,7516.0,89,7518.0,69,7520.0,242,7522.0,77,7524.0,157,7526.0,144,7528.0,57,7530.0,49,7532.0,33,7522.0
PF410,,13:39:44.500#,7542.0,7562.0,7494.0,8064.0,7008.0,79900,149675,7514.0,178,7516.0,89,7518.0,69,7520.0,242,7522.0,77,7524.0,143,7526.0,154,7528.0,57,7530.0,49,7532.0,33,7522.0
PF410,,13:39:45.0#,7542.0,7562.0,7494.0,8064.0,7008.0,79900,149675,7514.0,178,7516.0,89,7518.0,69,7520.0,242,7522.0,77,7524.0,243,7526.0,154,7528.0,57,7530.0,49,7532.0,33,7522.0
PF410,,13:39:45.250#,7542.0,7562.0,7494.0,8064.0,7008.0,79900,149675,7514.0,178,7516.0,89,7518.0,79,7520.0,232,7522.0,50,7524.0,263,7526.0,134,7528.0,57,7530.0,49,7532.0,33,7522.0
PF410,,13:39:45.500#,7542.0,7562.0,7494.0,8064.0,7008.0,79900,149675,7514.0,178,7516.0,89,7518.0,69,7520.0,242,7522.0,19,7524.0,263,7526.0,134,7528.0,57,7530.0,49,7532.0,33,7522.0
PF410,,13:39:45.750#,7542.0,7562.0,7494.0,8064.0,7008.0,79900,149675,7514.0,178,7516.0,89,7518.0,69,7520.0,242,7522.0,14,7524.0,263,7526.0,134,7528.0,57,7530.0,49,7532.0,33,7522.0
PF410,,13:39:46.0#,7542.0,7562.0,7494.0,8064.0,7008.0,79900,149675,7514.0,178,7516.0,89,7518.0,69,7520.0,242,7522.0,14,7524.0,267,7526.0,134,7528.0,57,7530.0,49,7532.0,33,7522.0
PF410,,13:39:47.250#,7542.0,7562.0,7494.0,8064.0,7008.0,79900,149675,7514.0,178,7516.0,89,7518.0,69,7520.0,242,7522.0,41,7524.0,267,7526.0,134,7528.0,57,7530.0,49,7532.0,33,7522.0
PF410,,13:39:47.500#,7542.0,7562.0,7494.0,8064.0,7008.0,79900,149675,7514.0,178,7516.0,89,7518.0,69,7520.0,242,7522.0,41,7524.0,257,7526.0,144,7528.0,57,7530.0,49,7532.0,33,7522.0
PF410,,13:39:47.750#,7542.0,7562.0,7494.0,8064.0,7008.0,79900,149675,7514.0,178,7516.0,89,7518.0,69,7520.0,242,7522.0,41,7524.0,267,7526.0,134,7528.0,57,7530.0,49,7532.0,33,7522.0
PF410,,13:39:49.500#,7542.0,7562.0,7494.0,8064.0,7008.0,79900,149675,7514.0,178,7516.0,89,7518.0,69,7520.0,242,7522.0,41,7524.0,267,7526.0,134,7528.0,57,7530.0,49,7532.0,33,7522.0
PF410,,13:39:52.500#,7542.0,7562.0,7494.0,8064.0,7008.0,79900,149675,7514.0,178,7516.0,89,7518.0,69,7520.0,242,7522.0,41,7524.0,267,7526.0,135,7528.0,57,7530.0,49,7532.0,33,7522.0
PF410,,13:39:53.250#,7542.0,7562.0,7494.0,8064.0,7008.0,79900,149675,7514.0,178,7516.0,89,7518.0,69,7520.0,242,7522.0,14,7524.0,267,7526.0,135,7528.0,57,7530.0,49,7532.0,33,7522.0
PF410,,13:39:53.500#,7542.0,7562.0,7494.0,8064.0,7008.0,79902,149673,7514.0,178,7516.0,89,7518.0,69,7520.0,241,7522.0,14,7524.0,265,7526.0,135,7528.0,57,7530.0,49,7532.0,33,7524.0
PF410,,13:39:56.0#,7542.0,7562.0,7494.0,8064.0,7008.0,79902,149673,7514.0,178,7516.0,89,7518.0,69,7520.0,241,7522.0,41,7524.0,265,7526.0,135,7528.0,57,7530.0,49,7532.0,33,7524.0
PF410,,13:39:56.250#,7542.0,7562.0,7494.0,8064.0,7008.0,79902,149673,7514.0,178,7516.0,89,7518.0,89,7520.0,242,7522.0,41,7524.0,265,7526.0,135,7528.0,57,7530.0,49,7532.0,33,7524.0
PF410,,13:39:57.250#,7542.0,7562.0,7494.0,8064.0,7008.0,79902,149673,7514.0,178,7516.0,89,7518.0,89,7520.0,242,7522.0,41,7524.0,267,7526.0,135,7528.0,57,7530.0,49,7532.0,33,7524.0
PF410,,13:40:02.750#,7542.0,7562.0,7494.0,8064.0,7008.0,79902,149673,7514.0,178,7516.0,89,7518.0,89,7520.0,242,7522.0,42,7524.0,267,7526.0,135,7528.0,57,7530.0,49,7532.0,33,7524.0
PF410,,13:40:03.0#,7542.0,7562.0,7494.0,8064.0,7008.0,79902,149673,7514.0,178,7516.0,89,7518.0,86,7520.0,241,7522.0,46,7524.0,267,7526.0,135,7528.0,57,7530.0,48,7532.0,34,7524.0
PF410,,13:40:03.500#,7542.0,7562.0,7494.0,8064.0,7008.0,79902,149673,7514.0,178,7516.0,89,7518.0,86,7520.0,241,7522.0,70,7524.0,221,7526.0,145,7528.0,57,7530.0,48,7532.0,34,7524.0
PF410,,13:40:03.750#,7542.0,7562.0,7494.0,8064.0,7008.0,79942,149685,7514.0,177,7516.0,89,7518.0,86,7520.0,221,7522.0,96,7524.0,185,7526.0,175,7528.0,56,7530.0,48,7532.0,34,7522.0
PF410,,13:40:04.0#,7542.0,7562.0,7494.0,8064.0,7008.0,79942,149685,7514.0,177,7516.0,90,7518.0,86,7520.0,201,7522.0,126,7524.0,184,7526.0,185,7528.0,56,7530.0,49,7532.0,33,7522.0
PF410,,13:40:04.250#,7542.0,7562.0,7494.0,8064.0,7008.0,79942,149685,7514.0,177,7516.0,90,7518.0,86,7520.0,191,7522.0,136,7524.0,194,7526.0,175,7528.0,56,7530.0,49,7532.0,33,7522.0
PF410,,13:40:04.750#,7542.0,7562.0,7494.0,8064.0,7008.0,79947,149687,7514.0,177,7516.0,90,7518.0,86,7520.0,191,7522.0,136,7524.0,189,7526.0,175,7528.0,56,7530.0,49,7532.0,33,7524.0
PF410,,13:40:05.0#,7542.0,7562.0,7494.0,8064.0,7008.0,79947,149687,7514.0,177,7516.0,90,7518.0,86,7520.0,182,7522.0,145,7524.0,200,7526.0,165,7528.0,56,7530.0,49,7532.0,33,7524.0
PF410,,13:40:05.250#,7542.0,7562.0,7494.0,8064.0,7008.0,79969,149677,7514.0,177,7516.0,90,7518.0,86,7520.0,174,7522.0,123,7524.0,191,7526.0,155,7528.0,66,7530.0,49,7532.0,33,7522.0
PF410,,13:40:05.500#,7542.0,7562.0,7494.0,8064.0,7008.0,79969,149677,7514.0,177,7516.0,90,7518.0,86,7520.0,181,7522.0,130,7524.0,191,7526.0,165,7528.0,66,7530.0,49,7532.0,33,7522.0
PF410,,13:40:05.750#,7542.0,7562.0,7494.0,8064.0,7008.0,79969,149677,7514.0,177,7516.0,90,7518.0,86,7520.0,191,7522.0,120,7524.0,192,7526.0,165,7528.0,66,7530.0,49,7532.0,33,7522.0
PF410,,13:40:06.0#,7542.0,7562.0,7494.0,8064.0,7008.0,79969,149677,7514.0,177,7516.0,90,7518.0,86,7520.0,191,7522.0,118,7524.0,200,7526.0,155,7528.0,66,7530.0,49,7532.0,33,7522.0
PF410,,13:40:06.250#,7542.0,7562.0,7494.0,8064.0,7008.0,79969,149677,7514.0,177,7516.0,90,7518.0,86,7520.0,201,7522.0,108,7524.0,200,7526.0,155,7528.0,66,7530.0,49,7532.0,33,7522.0
PF410,,13:40:06.500#,7542.0,7562.0,7494.0,8064.0,7008.0,79969,149677,7514.0,177,7516.0,90,7518.0,86,7520.0,213,7522.0,98,7524.0,202,7526.0,155,7528.0,66,7530.0,49,7532.0,33,7522.0
PF410,,13:40:07.0#,7542.0,7562.0,7494.0,8064.0,7008.0,79970,149677,7514.0,177,7516.0,90,7518.0,86,7520.0,213,7522.0,97,7524.0,202,7526.0,155,7528.0,66,7530.0,49,7532.0,33,7522.0
PF410,,13:40:07.250#,7542.0,7562.0,7494.0,8064.0,7008.0,79970,149677,7514.0,177,7516.0,90,7518.0,86,7520.0,213,7522.0,97,7524.0,192,7526.0,165,7528.0,66,7530.0,49,7532.0,33,7522.0
PF410,,13:40:07.500#,7542.0,7562.0,7494.0,8064.0,7008.0,79973,149674,7514.0,177,7516.0,90,7518.0,86,7520.0,213,7522.0,95,7524.0,202,7526.0,155,7528.0,66,7530.0,49,7532.0,33,7522.0
PF410,,13:40:07.750#,7542.0,7562.0,7494.0,8064.0,7008.0,79973,149674,7514.0,177,7516.0,90,7518.0,86,7520.0,213,7522.0,94,7524.0,192,7526.0,165,7528.0,66,7530.0,49,7532.0,33,7522.0
PF410,,13:40:08.0#,7542.0,7562.0,7494.0,8064.0,7008.0,79977,149674,7514.0,177,7516.0,90,7518.0,86,7520.0,213,7522.0,90,7524.0,198,7526.0,155,7528.0,66,7530.0,49,7532.0,33,7522.0
PF410,,13:40:08.250#,7542.0,7562.0,7494.0,8064.0,7008.0,79977,149674,7514.0,177,7516.0,90,7518.0,86,7520.0,213,7522.0,90,7524.0,188,7526.0,175,7528.0,56,7530.0,49,7532.0,33,7522.0
PF410,,13:40:08.500#,7542.0,7562.0,7494.0,8064.0,7008.0,79977,149674,7514.0,177,7516.0,90,7518.0,86,7520.0,213,7522.0,90,7524.0,198,7526.0,165,7528.0,56,7530.0,49,7532.0,33,7522.0
PF410,,13:40:10.0#,7542.0,7562.0,7494.0,8064.0,7008.0,79977,149674,7514.0,177,7516.0,90,7518.0,86,7520.0,213,7522.0,90,7524.0,199,7526.0,165,7528.0,56,7530.0,49,7532.0,33,7522.0
PF410,,13:40:10.750#,7542.0,7562.0,7494.0,8064.0,7008.0,79977,149674,7514.0,177,7516.0,90,7518.0,86,7520.0,213,7522.0,90,7524.0,200,7526.0,165,7528.0,56,7530.0,49,7532.0,33,7522.0
PF410,,13:40:11.0#,7542.0,7562.0,7494.0,8064.0,7008.0,79977,149674,7514.0,177,7516.0,90,7518.0,86,7520.0,213,7522.0,90,7524.0,202,7526.0,165,7528.0,56,7530.0,49,7532.0,33,7522.0
PF410,,13:40:11.250#,7542.0,7562.0,7494.0,8064.0,7008.0,79977,149674,7514.0,177,7516.0,90,7518.0,96,7520.0,213,7522.0,70,7524.0,202,7526.0,155,7528.0,66,7530.0,49,7532.0,33,7522.0
PF410,,13:40:11.500#,7542.0,7562.0,7494.0,8064.0,7008.0,79977,149674,7514.0,177,7516.0,90,7518.0,86,7520.0,243,7522.0,49,7524.0,203,7526.0,155,7528.0,66,7530.0,49,7532.0,33,7522.0
PF410,,13:40:11.750#,7542.0,7562.0,7494.0,8064.0,7008.0,79977,149674,7514.0,177,7516.0,90,7518.0,86,7520.0,233,7522.0,43,7524.0,214,7526.0,145,7528.0,56,7530.0,49,7532.0,33,7522.0
PF410,,13:40:12.0#,7542.0,7562.0,7494.0,8064.0,7008.0,79979,149672,7514.0,177,7516.0,90,7518.0,86,7520.0,233,7522.0,18,7524.0,215,7526.0,145,7528.0,56,7530.0,49,7532.0,33,7522.0
PF410,,13:40:12.500#,7542.0,7562.0,7494.0,8064.0,7008.0,79979,149672,7514.0,177,7516.0,90,7518.0,86,7520.0,231,7522.0,22,7524.0,215,7526.0,145,7528.0,56,7530.0,49,7532.0,33,7522.0
PF410,,13:40:13.750#,7542.0,7562.0,7494.0,8064.0,7008.0,79979,149672,7514.0,177,7516.0,90,7518.0,86,7520.0,231,7522.0,22,7524.0,214,7526.0,145,7528.0,56,7530.0,49,7532.0,33,7522.0
PF410,,13:40:15.0#,7542.0,7562.0,7494.0,8064.0,7008.0,79980,149671,7514.0,177,7516.0,90,7518.0,86,7520.0,231,7522.0,21,7524.0,213,7526.0,145,7528.0,56,7530.0,49,7532.0,33,7522.0
PF410,,13:40:16.0#,7542.0,7562.0,7494.0,8064.0,7008.0,79980,149671,7514.0,177,7516.0,90,7518.0,86,7520.0,231,7522.0,21,7524.0,212,7526.0,145,7528.0,56,7530.0,49,7532.0,33,7522.0
PF410,,13:40:16.250#,7542.0,7562.0,7494.0,8064.0,7008.0,79980,149671,7514.0,177,7516.0,90,7518.0,86,7520.0,221,7522.0,21,7524.0,204,7526.0,145,7528.0,56,7530.0,49,7532.0,33,7522.0
PF410,,13:40:16.500#,7542.0,7562.0,7494.0,8064.0,7008.0,79980,149671,7514.0,177,7516.0,90,7518.0,96,7520.0,231,7522.0,21,7524.0,222,7526.0,135,7528.0,66,7530.0,49,7532.0,33,7522.0
PF410,,13:40:16.750#,7542.0,7562.0,7494.0,8064.0,7008.0,79980,149671,7514.0,177,7516.0,90,7518.0,86,7520.0,241,7522.0,21,7524.0,212,7526.0,155,7528.0,56,7530.0,49,7532.0,33,7522.0
PF410,,13:40:17.0#,7542.0,7562.0,7494.0,8064.0,7008.0,79980,149671,7514.0,177,7516.0,90,7518.0,86,7520.0,241,7522.0,21,7524.0,222,7526.0,145,7528.0,56,7530.0,49,7532.0,33,7522.0
PF410,,13:40:18.0#,7542.0,7562.0,7494.0,8064.0,7008.0,79980,149671,7514.0,177,7516.0,90,7518.0,86,7520.0,241,7522.0,21,7524.0,222,7526.0,145,7528.0,56,7530.0,59,7532.0,33,7522.0
PF410,,13:40:18.500#,7542.0,7562.0,7494.0,8064.0,7008.0,79983,149668,7514.0,177,7516.0,90,7518.0,86,7520.0,241,7522.0,18,7524.0,222,7526.0,145,7528.0,56,7530.0,59,7532.0,33,7522.0
PF410,,13:40:19.500#,7542.0,7562.0,7494.0,8064.0,7008.0,79984,149668,7514.0,177,7516.0,90,7518.0,86,7520.0,241,7522.0,17,7524.0,222,7526.0,145,7528.0,56,7530.0,59,7532.0,33,7522.0
PF410,,13:40:23.750#,7542.0,7562.0,7494.0,8064.0,7008.0,79984,149668,7514.0,177,7516.0,90,7518.0,86,7520.0,241,7522.0,17,7524.0,226,7526.0,145,7528.0,56,7530.0,59,7532.0,33,7522.0
PF410,,13:40:24.250#,7542.0,7562.0,7494.0,8064.0,7008.0,79984,149668,7514.0,177,7516.0,90,7518.0,86,7520.0,241,7522.0,17,7524.0,246,7526.0,135,7528.0,56,7530.0,59,7532.0,33,7522.0
PF410,,13:40:25.500#,7542.0,7562.0,7494.0,8064.0,7008.0,80002,149686,7514.0,177,7516.0,90,7518.0,86,7520.0,241,7522.0,37,7524.0,243,7526.0,135,7528.0,56,7530.0,59,7532.0,33,7524.0
PF410,,13:40:25.750#,7542.0,7562.0,7494.0,8064.0,7008.0,80043,149687,7514.0,177,7516.0,90,7518.0,86,7520.0,241,7522.0,53,7524.0,228,7526.0,135,7528.0,56,7530.0,59,7532.0,33,7522.0
PF410,,13:40:26.0#,7542.0,7562.0,7494.0,8064.0,7008.0,80045,149689,7514.0,177,7516.0,90,7518.0,86,7520.0,241,7522.0,59,7524.0,218,7526.0,145,7528.0,56,7530.0,59,7532.0,33,7522.0
PF410,,13:40:26.250#,7542.0,7562.0,7494.0,8064.0,7008.0,80107,149671,7514.0,177,7516.0,90,7518.0,86,7520.0,241,7522.0,44,7524.0,218,7526.0,145,7528.0,56,7530.0,59,7532.0,33,7522.0
PF410,,13:40:26.500#,7542.0,7562.0,7494.0,8064.0,7008.0,80140,149688,7514.0,177,7516.0,90,7518.0,86,7520.0,241,7522.0,38,7524.0,237,7526.0,135,7528.0,56,7530.0,59,7532.0,33,7522.0
PF410,,13:40:26.750#,7542.0,7562.0,7494.0,8064.0,7008.0,80142,149688,7514.0,177,7516.0,90,7518.0,86,7520.0,241,7522.0,38,7524.0,238,7526.0,135,7528.0,56,7530.0,59,7532.0,33,7522.0
PF410,,13:40:27.0#,7542.0,7562.0,7494.0,8064.0,7008.0,80196,149675,7514.0,177,7516.0,90,7518.0,86,7520.0,241,7522.0,38,7524.0,225,7526.0,145,7528.0,56,7530.0,59,7532.0,33,7522.0
PF410,,13:40:27.250#,7542.0,7562.0,7494.0,8064.0,7008.0,80229,149682,7514.0,177,7516.0,90,7518.0,86,7520.0,241,7522.0,44,7524.0,218,7526.0,145,7528.0,56,7530.0,59,7532.0,33,7522.0
PF410,,13:40:27.500#,7542.0,7562.0,7494.0,8064.0,7008.0,80231,149684,7514.0,177,7516.0,90,7518.0,86,7520.0,241,7522.0,54,7524.0,218,7526.0,145,7528.0,56,7530.0,59,7532.0,33,7522.0
PF410,,13:40:27.750#,7542.0,7562.0,7494.0,8064.0,7008.0,80283,149664,7514.0,175,7516.0,90,7518.0,86,7520.0,241,7522.0,50,7524.0,218,7526.0,145,7528.0,56,7530.0,59,7532.0,33,7522.0
PF410,,13:40:28.0#,7542.0,7562.0,7494.0,8064.0,7008.0,80318,149688,7514.0,175,7516.0,90,7518.0,86,7520.0,241,7522.0,39,7524.0,222,7526.0,145,7528.0,56,7530.0,59,7532.0,33,7524.0
PF410,,13:40:28.250#,7542.0,7562.0,7494.0,8064.0,7008.0,80320,149688,7514.0,175,7516.0,90,7518.0,86,7520.0,243,7522.0,39,7524.0,232,7526.0,135,7528.0,56,7530.0,59,7532.0,33,7522.0
PF410,,13:40:28.500#,7542.0,7562.0,7494.0,8064.0,7008.0,80370,149675,7514.0,175,7516.0,90,7518.0,86,7520.0,243,7522.0,39,7524.0,231,7526.0,135,7528.0,56,7530.0,59,7532.0,33,7522.0
PF410,,13:40:28.750#,7542.0,7562.0,7494.0,8064.0,7008.0,80403,149682,7514.0,175,7516.0,90,7518.0,86,7520.0,243,7522.0,46,7524.0,214,7526.0,145,7528.0,56,7530.0,59,7532.0,33,7522.0
PF410,,13:40:29.0#,7542.0,7562.0,7494.0,8064.0,7008.0,80405,149684,7514.0,175,7516.0,90,7518.0,86,7520.0,243,7522.0,57,7524.0,214,7526.0,145,7528.0,56,7530.0,59,7532.0,33,7522.0
PF410,,13:40:29.250#,7542.0,7562.0,7494.0,8064.0,7008.0,80459,149664,7514.0,175,7516.0,90,7518.0,86,7520.0,243,7522.0,58,7524.0,214,7526.0,145,7528.0,56,7530.0,59,7532.0,33,7522.0
PF410,,13:40:29.500#,7542.0,7562.0,7494.0,8064.0,7008.0,80492,149688,7514.0,175,7516.0,90,7518.0,86,7520.0,243,7522.0,45,7524.0,220,7526.0,145,7528.0,56,7530.0,59,7532.0,33,7522.0
PF410,,13:40:29.750#,7542.0,7562.0,7494.0,8064.0,7008.0,80494,149688,7514.0,175,7516.0,90,7518.0,86,7520.0,243,7522.0,45,7524.0,234,7526.0,135,7528.0,56,7530.0,59,7532.0,33,7522.0
PF410,,13:40:30.0#,7542.0,7562.0,7494.0,8064.0,7008.0,80548,149675,7514.0,175,7516.0,90,7518.0,86,7520.0,243,7522.0,40,7524.0,231,7526.0,135,7528.0,56,7530.0,59,7532.0,33,7522.0
PF410,,13:40:30.250#,7542.0,7562.0,7494.0,8064.0,7008.0,80581,149682,7514.0,175,7516.0,90,7518.0,86,7520.0,243,7522.0,46,7524.0,214,7526.0,145,7528.0,56,7530.0,59,7532.0,33,7522.0
PF410,,13:40:30.500#,7542.0,7562.0,7494.0,8064.0,7008.0,80583,149684,7514.0,175,7516.0,90,7518.0,86,7520.0,243,7522.0,56,7524.0,214,7526.0,145,7528.0,56,7530.0,59,7532.0,33,7522.0
PF410,,13:40:30.750#,7542.0,7562.0,7494.0,8064.0,7008.0,80637,149664,7514.0,175,7516.0,90,7518.0,86,7520.0,243,7522.0,51,7524.0,214,7526.0,145,7528.0,56,7530.0,59,7532.0,33,7522.0
PF410,,13:40:31.0#,7542.0,7562.0,7494.0,8064.0,7008.0,80668,149688,7514.0,175,7516.0,90,7518.0,86,7520.0,243,7522.0,40,7524.0,222,7526.0,145,7528.0,56,7530.0,59,7532.0,33,7522.0
PF410,,13:40:31.250#,7542.0,7562.0,7494.0,8064.0,7008.0,80670,149688,7514.0,175,7516.0,90,7518.0,86,7520.0,243,7522.0,39,7524.0,235,7526.0,135,7528.0,56,7530.0,59,7532.0,33,7522.0
PF410,,13:40:31.500#,7542.0,7562.0,7494.0,8064.0,7008.0,80722,149677,7514.0,175,7516.0,90,7518.0,86,7520.0,243,7522.0,39,7524.0,234,7526.0,135,7528.0,56,7530.0,59,7532.0,33,7522.0
PF410,,13:40:31.750#,7542.0,7562.0,7494.0,8064.0,7008.0,80722,149677,7514.0,175,7516.0,90,7518.0,86,7520.0,243,7522.0,39,7524.0,224,7526.0,145,7528.0,56,7530.0,59,7532.0,33,7522.0
PF410,,13:40:32.0#,7542.0,7562.0,7494.0,8064.0,7008.0,80722,149677,7514.0,175,7516.0,90,7518.0,86,7520.0,243,7522.0,39,7524.0,234,7526.0,135,7528.0,56,7530.0,59,7532.0,33,7522.0
PF410,,13:40:32.250#,7542.0,7562.0,7494.0,8064.0,7008.0,80722,149677,7514.0,175,7516.0,90,7518.0,86,7520.0,243,7522.0,38,7524.0,234,7526.0,135,7528.0,56,7530.0,59,7532.0,33,7522.0
PF410,,13:40:34.750#,7542.0,7562.0,7494.0,8064.0,7008.0,80722,149677,7514.0,175,7516.0,90,7518.0,86,7520.0,233,7522.0,38,7524.0,194,7526.0,155,7528.0,56,7530.0,59,7532.0,33,7522.0
PF410,,13:40:35.0#,7542.0,7562.0,7494.0,8064.0,7008.0,80722,149677,7514.0,175,7516.0,90,7518.0,86,7520.0,243,7522.0,44,7524.0,204,7526.0,155,7528.0,56,7530.0,59,7532.0,33,7522.0
PF410,,13:40:35.250#,7542.0,7562.0,7494.0,8064.0,7008.0,80722,149677,7514.0,175,7516.0,90,7518.0,86,7520.0,243,7522.0,44,7524.0,214,7526.0,145,7528.0,56,7530.0,59,7532.0,33,7522.0
PF410,,13:40:35.750#,7542.0,7562.0,7494.0,8064.0,7008.0,80722,149677,7514.0,175,7516.0,90,7518.0,86,7520.0,243,7522.0,45,7524.0,234,7526.0,135,7528.0,56,7530.0,59,7532.0,33,7522.0
PF410,,13:40:36.250#,7542.0,7562.0,7494.0,8064.0,7008.0,80722,149677,7514.0,175,7516.0,90,7518.0,86,7520.0,243,7522.0,44,7524.0,234,7526.0,135,7528.0,56,7530.0,59,7532.0,33,7522.0
PF410,,13:40:36.500#,7542.0,7562.0,7494.0,8064.0,7008.0,80749,149667,7514.0,175,7516.0,90,7518.0,86,7520.0,235,7522.0,46,7524.0,223,7526.0,135,7528.0,56,7530.0,59,7532.0,34,7524.0
PF410,,13:40:36.750#,7542.0,7562.0,7494.0,8064.0,7008.0,80749,149667,7514.0,175,7516.0,90,7518.0,96,7520.0,225,7522.0,55,7524.0,213,7526.0,145,7528.0,56,7530.0,59,7532.0,35,7524.0
PF410,,13:40:37.0#,7542.0,7562.0,7494.0,8064.0,7008.0,80749,149667,7514.0,175,7516.0,90,7518.0,86,7520.0,233,7522.0,57,7524.0,223,7526.0,135,7528.0,56,7530.0,59,7532.0,35,7524.0
PF410,,13:40:37.500#,7542.0,7562.0,7494.0,8064.0,7008.0,80749,149667,7514.0,175,7516.0,90,7518.0,86,7520.0,243,7522.0,61,7524.0,233,7526.0,135,7528.0,56,7530.0,59,7532.0,35,7524.0
PF410,,13:40:38.0#,7542.0,7562.0,7494.0,8064.0,7008.0,80750,149668,7514.0,175,7516.0,90,7518.0,86,7520.0,243,7522.0,61,7524.0,232,7526.0,135,7528.0,56,7530.0,59,7532.0,35,7524.0
PF410,,13:40:38.250#,7542.0,7562.0,7494.0,8064.0,7008.0,80750,149668,7514.0,175,7516.0,90,7518.0,86,7520.0,243,7522.0,65,7524.0,232,7526.0,135,7528.0,56,7530.0,59,7532.0,35,7524.0
PF410,,13:40:38.750#,7542.0,7562.0,7494.0,8064.0,7008.0,80751,149669,7514.0,175,7516.0,90,7518.0,86,7520.0,243,7522.0,65,7524.0,227,7526.0,135,7528.0,56,7530.0,59,7532.0,35,7524.0
PF410,,13:40:39.0#,7542.0,7562.0,7494.0,8064.0,7008.0,80751,149669,7514.0,175,7516.0,90,7518.0,86,7520.0,243,7522.0,71,7524.0,187,7526.0,165,7528.0,56,7530.0,59,7532.0,35,7524.0
PF410,,13:40:39.250#,7542.0,7562.0,7494.0,8064.0,7008.0,80751,149669,7514.0,175,7516.0,90,7518.0,86,7520.0,233,7522.0,93,7524.0,197,7526.0,145,7528.0,66,7530.0,59,7532.0,35,7524.0
PF410,,13:40:39.500#,7542.0,7562.0,7494.0,8064.0,7008.0,80751,149669,7514.0,175,7516.0,90,7518.0,86,7520.0,213,7522.0,114,7524.0,187,7526.0,155,7528.0,66,7530.0,59,7532.0,35,7524.0
PF410,,13:40:39.750#,7542.0,7562.0,7494.0,8064.0,7008.0,80751,149669,7514.0,175,7516.0,90,7518.0,86,7520.0,213,7522.0,104,7524.0,187,7526.0,165,7528.0,56,7530.0,59,7532.0,35,7524.0
PF410,,13:40:40.0#,7542.0,7562.0,7494.0,8064.0,7008.0,80751,149669,7514.0,175,7516.0,90,7518.0,86,7520.0,223,7522.0,94,7524.0,187,7526.0,165,7528.0,56,7530.0,59,7532.0,35,7524.0
PF410,,13:40:42.0#,7542.0,7562.0,7494.0,8064.0,7008.0,80751,149669,7514.0,175,7516.0,90,7518.0,86,7520.0,223,7522.0,94,7524.0,187,7526.0,165,7528.0,56,7530.0,60,7532.0,35,7524.0
PF410,,13:40:45.250#,7542.0,7562.0,7494.0,8064.0,7008.0,80751,149669,7514.0,175,7516.0,90,7518.0,86,7520.0,223,7522.0,95,7524.0,187,7526.0,165,7528.0,56,7530.0,60,7532.0,35,7524.0
PF410,,13:40:46.0#,7542.0,7562.0,7494.0,8064.0,7008.0,80754,149672,7514.0,175,7516.0,90,7518.0,86,7520.0,223,7522.0,92,7524.0,187,7526.0,165,7528.0,56,7530.0,60,7532.0,35,7522.0
PF410,,13:40:46.250#,7542.0,7562.0,7494.0,8064.0,7008.0,80754,149672,7514.0,175,7516.0,90,7518.0,86,7520.0,223,7522.0,92,7524.0,177,7526.0,175,7528.0,56,7530.0,60,7532.0,35,7522.0
PF410,,13:40:51.500#,7542.0,7562.0,7494.0,8064.0,7008.0,80754,149672,7514.0,175,7516.0,90,7518.0,86,7520.0,223,7522.0,63,7524.0,177,7526.0,175,7528.0,56,7530.0,60,7532.0,35,7522.0
PF410,,13:40:51.750#,7542.0,7562.0,7494.0,8064.0,7008.0,80754,149672,7514.0,175,7516.0,90,7518.0,86,7520.0,243,7522.0,36,7524.0,201,7526.0,155,7528.0,56,7530.0,60,7532.0,35,7522.0
PF410,,13:40:52.0#,7542.0,7562.0,7494.0,8064.0,7008.0,80754,149672,7514.0,175,7516.0,90,7518.0,86,7520.0,243,7522.0,13,7524.0,211,7526.0,145,7528.0,56,7530.0,60,7532.0,35,7522.0
PF410,,13:40:52.250#,7542.0,7562.0,7494.0,8064.0,7008.0,80754,149672,7514.0,175,7516.0,90,7518.0,86,7520.0,242,7522.0,42,7524.0,211,7526.0,145,7528.0,56,7530.0,60,7532.0,35,7522.0
PF410,,13:40:52.500#,7542.0,7562.0,7494.0,8064.0,7008.0,80754,149672,7514.0,175,7516.0,90,7518.0,86,7520.0,242,7522.0,68,7524.0,211,7526.0,145,7528.0,56,7530.0,60,7532.0,35,7522.0
PF410,,13:40:52.750#,7542.0,7562.0,7494.0,8064.0,7008.0,80754,149672,7514.0,175,7516.0,90,7518.0,86,7520.0,243,7522.0,68,7524.0,201,7526.0,155,7528.0,56,7530.0,60,7532.0,35,7522.0
PF410,,13:40:55.500#,7542.0,7562.0,7494.0,8064.0,7008.0,80758,149672,7514.0,175,7516.0,90,7518.0,86,7520.0,243,7522.0,69,7524.0,197,7526.0,155,7528.0,56,7530.0,60,7532.0,35,7524.0
PF410,,13:40:55.750#,7542.0,7562.0,7494.0,8064.0,7008.0,80758,149672,7514.0,175,7516.0,90,7518.0,86,7520.0,243,7522.0,76,7524.0,203,7526.0,155,7528.0,56,7530.0,60,7532.0,35,7524.0
PF410,,13:40:58.750#,7542.0,7562.0,7494.0,8064.0,7008.0,80760,149670,7514.0,175,7516.0,90,7518.0,86,7520.0,243,7522.0,75,7524.0,203,7526.0,155,7528.0,56,7530.0,60,7532.0,35,7522.0
PF410,,13:40:59.0#,7542.0,7562.0,7494.0,8064.0,7008.0,80761,149671,7514.0,175,7516.0,90,7518.0,86,7520.0,243,7522.0,75,7524.0,192,7526.0,165,7528.0,56,7530.0,60,7532.0,35,7522.0
PF410,,13:41:00.500#,7542.0,7562.0,7494.0,8064.0,7008.0,80761,149671,7514.0,176,7516.0,90,7518.0,85,7520.0,243,7522.0,75,7524.0,192,7526.0,165,7528.0,56,7530.0,60,7532.0,35,7522.0
PF410,,13:41:00.750#,7542.0,7562.0,7494.0,8064.0,7008.0,80761,149671,7514.0,176,7516.0,90,7518.0,85,7520.0,243,7522.0,75,7524.0,202,7526.0,155,7528.0,56,7530.0,60,7532.0,35,7522.0
PF410,,13:41:01.0#,7542.0,7562.0,7494.0,8064.0,7008.0,80761,149671,7514.0,176,7516.0,90,7518.0,85,7520.0,243,7522.0,75,7524.0,192,7526.0,165,7528.0,56,7530.0,60,7532.0,35,7522.0
PF410,,13:41:03.500#,7542.0,7562.0,7494.0,8064.0,7008.0,80761,149671,7514.0,176,7516.0,90,7518.0,85,7520.0,243,7522.0,73,7524.0,192,7526.0,165,7528.0,56,7530.0,60,7532.0,35,7522.0
PF410,,13:41:03.750#,7542.0,7562.0,7494.0,8064.0,7008.0,80761,149671,7514.0,176,7516.0,90,7518.0,85,7520.0,243,7522.0,72,7524.0,202,7526.0,155,7528.0,56,7530.0,60,7532.0,35,7522.0
PF410,,13:41:05.750#,7542.0,7562.0,7494.0,8064.0,7008.0,80761,149671,7514.0,176,7516.0,90,7518.0,85,7520.0,244,7522.0,72,7524.0,202,7526.0,155,7528.0,56,7530.0,60,7532.0,35,7522.0
PF410,,13:41:07.500#,7542.0,7562.0,7494.0,8064.0,7008.0,80762,149670,7514.0,176,7516.0,90,7518.0,85,7520.0,244,7522.0,72,7524.0,202,7526.0,155,7528.0,56,7530.0,60,7532.0,35,7522.0
PF410,,13:41:08.500#,7542.0,7562.0,7494.0,8064.0,7008.0,80787,149651,7514.0,176,7516.0,90,7518.0,85,7520.0,246,7522.0,71,7524.0,213,7526.0,155,7528.0,56,7530.0,60,7532.0,35,7522.0
PF410,,13:41:10.250#,7542.0,7562.0,7494.0,8064.0,7008.0,80787,149651,7514.0,176,7516.0,90,7518.0,85,7520.0,244,7522.0,73,7524.0,225,7526.0,145,7528.0,56,7530.0,60,7532.0,35,7522.0
PF410,,13:41:11.750#,7542.0,7562.0,7494.0,8064.0,7008.0,80787,149651,7514.0,176,7516.0,90,7518.0,85,7520.0,244,7522.0,72,7524.0,225,7526.0,145,7528.0,56,7530.0,60,7532.0,35,7522.0
PF410,,13:41:14.0#,7542.0,7562.0,7494.0,8064.0,7008.0,80787,149651,7514.0,176,7516.0,90,7518.0,85,7520.0,244,7522.0,76,7524.0,225,7526.0,145,7528.0,56,7530.0,60,7532.0,35,7522.0
PF410,,13:41:18.0#,7542.0,7562.0,7494.0,8064.0,7008.0,80788,149652,7514.0,176,7516.0,90,7518.0,85,7520.0,244,7522.0,76,7524.0,224,7526.0,145,7528.0,56,7530.0,60,7532.0,35,7524.0
PF410,,13:41:20.0#,7542.0,7562.0,7494.0,8064.0,7008.0,80788,149652,7514.0,176,7516.0,90,7518.0,85,7520.0,244,7522.0,71,7524.0,226,7526.0,145,7528.0,56,7530.0,60,7532.0,35,7524.0
PF410,,13:41:20.250#,7542.0,7562.0,7494.0,8064.0,7008.0,80788,149652,7514.0,176,7516.0,90,7518.0,95,7520.0,234,7522.0,51,7524.0,226,7526.0,145,7528.0,56,7530.0,60,7532.0,35,7524.0
PF410,,13:41:20.500#,7542.0,7562.0,7494.0,8064.0,7008.0,80788,149652,7514.0,176,7516.0,90,7518.0,85,7520.0,244,7522.0,48,7524.0,246,7526.0,145,7528.0,56,7530.0,60,7532.0,35,7524.0
PF410,,13:41:24.500#,7542.0,7562.0,7494.0,8064.0,7008.0,80789,149652,7514.0,176,7516.0,90,7518.0,85,7520.0,244,7522.0,47,7524.0,246,7526.0,145,7528.0,56,7530.0,60,7532.0,35,7522.0
PF410,,13:41:24.750#,7542.0,7562.0,7494.0,8064.0,7008.0,80789,149652,7514.0,176,7516.0,90,7518.0,85,7520.0,244,7522.0,47,7524.0,236,7526.0,155,7528.0,56,7530.0,60,7532.0,35,7522.0
PF410,,13:41:25.0#,7542.0,7562.0,7494.0,8064.0,7008.0,80807,149670,7514.0,176,7516.0,90,7518.0,85,7520.0,226,7522.0,47,7524.0,218,7526.0,155,7528.0,56,7530.0,60,7532.0,35,7524.0
PF410,,13:41:25.250#,7542.0,7562.0,7494.0,8064.0,7008.0,80808,149670,7514.0,176,7516.0,90,7518.0,85,7520.0,226,7522.0,46,7524.0,247,7526.0,126,7528.0,56,7530.0,60,7532.0,35,7522.0
PF410,,13:41:27.0#,7542.0,7562.0,7494.0,8064.0,7008.0,80827,149687,7514.0,176,7516.0,90,7518.0,85,7520.0,226,7522.0,45,7524.0,219,7526.0,136,7528.0,56,7530.0,60,7532.0,35,7524.0
PF410,,13:41:27.250#,7542.0,7562.0,7494.0,8064.0,7008.0,80827,149687,7514.0,176,7516.0,90,7518.0,85,7520.0,226,7522.0,45,7524.0,229,7526.0,126,7528.0,56,7530.0,60,7532.0,35,7524.0
PF410,,13:41:27.500#,7542.0,7562.0,7494.0,8064.0,7008.0,80827,149687,7514.0,176,7516.0,90,7518.0,85,7520.0,226,7522.0,45,7524.0,227,7526.0,126,7528.0,56,7530.0,60,7532.0,35,7524.0
PF410,,13:41:27.750#,7542.0,7562.0,7494.0,8064.0,7008.0,80827,149687,7514.0,176,7516.0,90,7518.0,85,7520.0,216,7522.0,45,7524.0,187,7526.0,146,7528.0,56,7530.0,60,7532.0,35,7524.0
PF410,,13:41:28.0#,7542.0,7562.0,7494.0,8064.0,7008.0,80828,149687,7514.0,176,7516.0,90,7518.0,85,7520.0,226,7522.0,44,7524.0,197,7526.0,146,7528.0,56,7530.0,60,7532.0,35,7522.0
PF410,,13:41:29.750#,7542.0,7562.0,7494.0,8064.0,7008.0,80828,149687,7514.0,176,7516.0,90,7518.0,85,7520.0,226,7522.0,44,7524.0,197,7526.0,147,7528.0,56,7530.0,60,7532.0,35,7522.0
PF410,,13:41:30.0#,7542.0,7562.0,7494.0,8064.0,7008.0,80828,149687,7514.0,176,7516.0,90,7518.0,85,7520.0,226,7522.0,44,7524.0,197,7526.0,148,7528.0,56,7530.0,60,7532.0,35,7522.0
PF410,,13:41:30.250#,7542.0,7562.0,7494.0,8064.0,7008.0,80828,149687,7514.0,176,7516.0,90,7518.0,85,7520.0,226,7522.0,44,7524.0,197,7526.0,149,7528.0,56,7530.0,60,7532.0,35,7522.0
PF410,,13:41:30.750#,7542.0,7562.0,7494.0,8064.0,7008.0,80828,149687,7514.0,176,7516.0,90,7518.0,85,7520.0,226,7522.0,44,7524.0,197,7526.0,151,7528.0,56,7530.0,60,7532.0,35,7522.0
PF410,,13:41:31.0#,7542.0,7562.0,7494.0,8064.0,7008.0,80828,149687,7514.0,176,7516.0,90,7518.0,85,7520.0,226,7522.0,44,7524.0,207,7526.0,141,7528.0,56,7530.0,60,7532.0,35,7522.0
PF410,,13:41:31.750#,7542.0,7562.0,7494.0,8064.0,7008.0,80828,149687,7514.0,176,7516.0,90,7518.0,85,7520.0,226,7522.0,114,7524.0,207,7526.0,141,7528.0,56,7530.0,60,7532.0,35,7522.0
PF410,,13:41:32.0#,7542.0,7562.0,7494.0,8064.0,7008.0,80828,149687,7514.0,176,7516.0,90,7518.0,85,7520.0,196,7522.0,145,7524.0,178,7526.0,170,7528.0,56,7530.0,60,7532.0,35,7522.0
PF410,,13:41:32.250#,7542.0,7562.0,7494.0,8064.0,7008.0,80828,149687,7514.0,176,7516.0,90,7518.0,85,7520.0,186,7522.0,155,7524.0,168,7526.0,180,7528.0,56,7530.0,60,7532.0,35,7522.0
PF410,,13:41:35.750#,7542.0,7562.0,7494.0,8064.0,7008.0,80828,149687,7514.0,176,7516.0,90,7518.0,85,7520.0,186,7522.0,155,7524.0,178,7526.0,180,7528.0,56,7530.0,60,7532.0,35,7522.0
PF410,,13:41:36.0#,7542.0,7562.0,7494.0,8064.0,7008.0,80828,149687,7514.0,176,7516.0,90,7518.0,85,7520.0,196,7522.0,145,7524.0,188,7526.0,170,7528.0,56,7530.0,60,7532.0,35,7522.0
PF410,,13:41:36.500#,7542.0,7562.0,7494.0,8064.0,7008.0,80828,149687,7514.0,176,7516.0,90,7518.0,85,7520.0,196,7522.0,145,7524.0,210,7526.0,160,7528.0,56,7530.0,60,7532.0,35,7522.0
PF410,,13:41:37.250#,7542.0,7562.0,7494.0,8064.0,7008.0,80829,149686,7514.0,176,7516.0,90,7518.0,85,7520.0,196,7522.0,144,7524.0,210,7526.0,160,7528.0,56,7530.0,60,7532.0,35,7522.0
PF410,,13:41:37.500#,7542.0,7562.0,7494.0,8064.0,7008.0,80829,149686,7514.0,176,7516.0,90,7518.0,85,7520.0,186,7522.0,154,7524.0,198,7526.0,170,7528.0,56,7530.0,60,7532.0,35,7522.0
PF410,,13:41:37.750#,7542.0,7562.0,7494.0,8064.0,7008.0,80829,149686,7514.0,176,7516.0,90,7518.0,85,7520.0,176,7522.0,164,7524.0,168,7526.0,190,7528.0,56,7530.0,60,7532.0,35,7522.0
PF410,,13:41:38.0#,7542.0,7562.0,7494.0,8064.0,7008.0,80829,149686,7514.0,176,7516.0,90,7518.0,85,7520.0,146,7522.0,194,7524.0,158,7526.0,200,7528.0,56,7530.0,60,7532.0,35,7522.0
PF410,,13:41:38.250#,7542.0,7562.0,7494.0,8064.0,7008.0,80829,149686,7514.0,176,7516.0,90,7518.0,85,7520.0,139,7522.0,204,7524.0,148,7526.0,210,7528.0,56,7530.0,60,7532.0,35,7522.0
PF410,,13:41:38.500#,7542.0,7562.0,7494.0,8064.0,7008.0,80829,149686,7514.0,176,7516.0,90,7518.0,85,7520.0,139,7522.0,210,7524.0,148,7526.0,210,7528.0,56,7530.0,60,7532.0,35,7522.0
PF410,,13:41:39.500#,7542.0,7562.0,7494.0,8064.0,7008.0,80849,149666,7514.0,176,7516.0,90,7518.0,85,7520.0,139,7522.0,190,7524.0,148,7526.0,210,7528.0,56,7530.0,60,7532.0,35,7522.0
PF410,,13:41:40.750#,7542.0,7562.0,7494.0,8064.0,7008.0,80849,149666,7514.0,176,7516.0,90,7518.0,85,7520.0,139,7522.0,190,7524.0,128,7526.0,210,7528.0,56,7530.0,60,7532.0,35,7522.0
PF410,,13:41:41.0#,7542.0,7562.0,7494.0,8064.0,7008.0,80849,149666,7514.0,176,7516.0,90,7518.0,85,7520.0,121,7522.0,209,7524.0,128,7526.0,210,7528.0,56,7530.0,60,7532.0,35,7522.0
PF410,,13:41:44.500#,7542.0,7562.0,7494.0,8064.0,7008.0,80849,149666,7514.0,176,7516.0,90,7518.0,85,7520.0,121,7522.0,209,7524.0,105,7526.0,221,7528.0,56,7530.0,60,7532.0,35,7522.0
PF410,,13:41:48.0#,7542.0,7562.0,7494.0,8064.0,7008.0,80849,149666,7514.0,176,7516.0,90,7518.0,85,7520.0,121,7522.0,209,7524.0,127,7526.0,211,7528.0,56,7530.0,60,7532.0,35,7522.0
PF410,,13:41:48.750#,7542.0,7562.0,7494.0,8064.0,7008.0,80849,149666,7514.0,176,7516.0,90,7518.0,85,7520.0,121,7522.0,209,7524.0,128,7526.0,211,7528.0,56,7530.0,60,7532.0,35,7522.0
PF410,,13:41:49.500#,7542.0,7562.0,7494.0,8064.0,7008.0,80849,149666,7514.0,176,7516.0,90,7518.0,85,7520.0,121,7522.0,209,7524.0,129,7526.0,211,7528.0,56,7530.0,60,7532.0,35,7522.0
PF410,,13:41:49.750#,7542.0,7562.0,7494.0,8064.0,7008.0,80849,149666,7514.0,176,7516.0,90,7518.0,85,7520.0,121,7522.0,209,7524.0,128,7526.0,211,7528.0,56,7530.0,60,7532.0,35,7522.0
PF410,,13:41:58.750#,7542.0,7562.0,7494.0,8064.0,7008.0,80849,149666,7514.0,176,7516.0,90,7518.0,85,7520.0,111,7522.0,229,7524.0,129,7526.0,211,7528.0,56,7530.0,60,7532.0,35,7522.0
PF410,,13:42:02.0#,7542.0,7562.0,7494.0,8064.0,7008.0,80849,149666,7514.0,176,7516.0,90,7518.0,85,7520.0,121,7522.0,219,7524.0,131,7526.0,211,7528.0,56,7530.0,60,7532.0,35,7522.0
PF410,,13:42:02.250#,7542.0,7562.0,7494.0,8064.0,7008.0,80849,149666,7514.0,176,7516.0,90,7518.0,85,7520.0,121,7522.0,221,7524.0,131,7526.0,211,7528.0,56,7530.0,60,7532.0,35,7522.0
PF410,,13:42:02.500#,7542.0,7562.0,7494.0,8064.0,7008.0,80849,149666,7514.0,176,7516.0,90,7518.0,85,7520.0,120,7522.0,221,7524.0,131,7526.0,211,7528.0,56,7530.0,60,7532.0,35,7522.0
PF410,,13:42:03.0#,7542.0,7562.0,7494.0,8064.0,7008.0,80849,149666,7514.0,176,7516.0,90,7518.0,85,7520.0,120,7522.0,221,7524.0,129,7526.0,211,7528.0,56,7530.0,60,7532.0,35,7522.0
PF410,,13:42:07.500#,7542.0,7562.0,7494.0,8064.0,7008.0,80849,149666,7514.0,176,7516.0,90,7518.0,85,7520.0,120,7522.0,221,7524.0,130,7526.0,211,7528.0,56,7530.0,60,7532.0,35,7522.0
PF410,,13:42:08.500#,7542.0,7562.0,7494.0,8064.0,7008.0,80852,149663,7514.0,176,7516.0,90,7518.0,85,7520.0,120,7522.0,218,7524.0,130,7526.0,211,7528.0,56,7530.0,60,7532.0,35,7522.0
PF410,,13:42:08.750#,7542.0,7562.0,7494.0,8064.0,7008.0,80852,149663,7514.0,176,7516.0,90,7518.0,85,7520.0,120,7522.0,218,7524.0,131,7526.0,211,7528.0,56,7530.0,60,7532.0,35,7522.0
PF410,,13:42:09.250#,7542.0,7562.0,7494.0,8064.0,7008.0,80852,149663,7514.0,176,7516.0,90,7518.0,85,7520.0,120,7522.0,218,7524.0,137,7526.0,211,7528.0,56,7530.0,60,7532.0,35,7522.0
PF410,,13:42:09.500#,7542.0,7562.0,7494.0,8064.0,7008.0,80852,149663,7514.0,176,7516.0,90,7518.0,85,7520.0,120,7522.0,218,7524.0,139,7526.0,211,7528.0,56,7530.0,60,7532.0,35,7522.0
PF410,,13:42:10.750#,7542.0,7562.0,7494.0,8064.0,7008.0,80852,149663,7514.0,176,7516.0,90,7518.0,85,7520.0,120,7522.0,213,7524.0,139,7526.0,211,7528.0,56,7530.0,60,7532.0,35,7522.0
PF410,,13:42:12.250#,7542.0,7562.0,7494.0,8064.0,7008.0,80874,149656,7514.0,176,7516.0,90,7518.0,85,7520.0,181,7522.0,134,7524.0,220,7526.0,161,7528.0,56,7530.0,60,7532.0,35,7522.0
PF410,,13:42:13.0#,7542.0,7562.0,7494.0,8064.0,7008.0,80874,149656,7514.0,176,7516.0,90,7518.0,85,7520.0,181,7522.0,134,7524.0,218,7526.0,161,7528.0,56,7530.0,60,7532.0,35,7522.0
PF410,,13:42:13.250#,7542.0,7562.0,7494.0,8064.0,7008.0,80875,149657,7514.0,176,7516.0,90,7518.0,85,7520.0,191,7522.0,123,7524.0,217,7526.0,161,7528.0,56,7530.0,60,7532.0,35,7522.0
PF410,,13:42:13.750#,7542.0,7562.0,7494.0,8064.0,7008.0,80875,149657,7514.0,176,7516.0,90,7518.0,85,7520.0,191,7522.0,123,7524.0,216,7526.0,161,7528.0,56,7530.0,60,7532.0,35,7522.0
PF410,,13:42:14.250#,7542.0,7562.0,7494.0,8064.0,7008.0,80876,149658,7514.0,176,7516.0,90,7518.0,85,7520.0,191,7522.0,122,7524.0,216,7526.0,161,7528.0,56,7530.0,60,7532.0,35,7522.0
PF410,,13:42:15.750#,7542.0,7562.0,7494.0,8064.0,7008.0,80876,149658,7514.0,176,7516.0,90,7518.0,85,7520.0,191,7522.0,122,7524.0,242,7526.0,161,7528.0,56,7530.0,60,7532.0,35,7522.0
PF410,,13:42:16.250#,7542.0,7562.0,7494.0,8064.0,7008.0,80876,149658,7514.0,176,7516.0,90,7518.0,85,7520.0,191,7522.0,122,7524.0,232,7526.0,161,7528.0,56,7530.0,60,7532.0,35,7522.0
PF410,,13:42:20.0#,7542.0,7562.0,7494.0,8064.0,7008.0,80880,149662,7514.0,176,7516.0,90,7518.0,85,7520.0,191,7522.0,122,7524.0,232,7526.0,161,7528.0,56,7530.0,60,7532.0,35,7524.0
PF410,,13:42:21.500#,7542.0,7562.0,7494.0,8064.0,7008.0,80880,149662,7514.0,176,7516.0,90,7518.0,85,7520.0,191,7522.0,126,7524.0,204,7526.0,161,7528.0,56,7530.0,60,7532.0,35,7524.0
PF410,,13:42:22.250#,7542.0,7562.0,7494.0,8064.0,7008.0,80880,149662,7514.0,176,7516.0,90,7518.0,85,7520.0,201,7522.0,136,7524.0,204,7526.0,161,7528.0,56,7530.0,60,7532.0,35,7524.0
PF410,,13:42:22.500#,7542.0,7562.0,7494.0,8064.0,7008.0,80880,149662,7514.0,176,7516.0,90,7518.0,85,7520.0,201,7522.0,136,7524.0,184,7526.0,161,7528.0,56,7530.0,60,7532.0,35,7524.0
PF410,,13:42:23.0#,7542.0,7562.0,7494.0,8064.0,7008.0,80880,149662,7514.0,176,7516.0,90,7518.0,85,7520.0,201,7522.0,136,7524.0,184,7526.0,161,7528.0,56,7530.0,60,7532.0,35,7524.0
PF410,,13:42:23.500#,7542.0,7562.0,7494.0,8064.0,7008.0,80880,149662,7514.0,176,7516.0,90,7518.0,85,7520.0,201,7522.0,136,7524.0,184,7526.0,161,7528.0,56,7530.0,60,7532.0,35,7524.0
PF410,,13:42:23.750#,7542.0,7562.0,7494.0,8064.0,7008.0,80880,149662,7514.0,176,7516.0,90,7518.0,85,7520.0,201,7522.0,136,7524.0,189,7526.0,161,7528.0,56,7530.0,60,7532.0,35,7524.0
PF410,,13:42:25.250#,7542.0,7562.0,7494.0,8064.0,7008.0,80881,149663,7514.0,176,7516.0,90,7518.0,85,7520.0,201,7522.0,136,7524.0,188,7526.0,161,7528.0,56,7530.0,60,7532.0,35,7524.0
PF410,,13:42:25.750#,7542.0,7562.0,7494.0,8064.0,7008.0,80882,149663,7514.0,176,7516.0,90,7518.0,85,7520.0,201,7522.0,136,7524.0,188,7526.0,161,7528.0,56,7530.0,60,7532.0,35,7522.0
PF410,,13:42:26.0#,7542.0,7562.0,7494.0,8064.0,7008.0,80882,149663,7514.0,176,7516.0,90,7518.0,85,7520.0,191,7522.0,146,7524.0,178,7526.0,171,7528.0,56,7530.0,60,7532.0,35,7522.0
PF410,,13:42:26.250#,7542.0,7562.0,7494.0,8064.0,7008.0,80882,149663,7514.0,176,7516.0,90,7518.0,85,7520.0,191,7522.0,152,7524.0,178,7526.0,171,7528.0,56,7530.0,60,7532.0,35,7522.0
PF410,,13:42:34.750#,7542.0,7562.0,7494.0,8064.0,7008.0,80913,149681,7514.0,176,7516.0,90,7518.0,85,7520.0,142,7522.0,231,7524.0,93,7526.0,221,7528.0,56,7530.0,60,7532.0,35,7524.0
PF410,,13:42:35.250#,7542.0,7562.0,7494.0,8064.0,7008.0,80915,149682,7514.0,176,7516.0,90,7518.0,85,7520.0,142,7522.0,231,7524.0,91,7526.0,221,7528.0,56,7530.0,60,7532.0,35,7524.0
PF410,,13:42:39.250#,7542.0,7562.0,7494.0,8064.0,7008.0,80915,149682,7514.0,176,7516.0,90,7518.0,85,7520.0,132,7522.0,241,7524.0,91,7526.0,221,7528.0,56,7530.0,60,7532.0,35,7524.0
PF410,,13:42:39.500#,7542.0,7562.0,7494.0,8064.0,7008.0,80915,149682,7514.0,176,7516.0,90,7518.0,85,7520.0,122,7522.0,251,7524.0,91,7526.0,221,7528.0,56,7530.0,60,7532.0,35,7524.0
PF410,,13:42:40.750#,7542.0,7562.0,7494.0,8064.0,7008.0,80915,149682,7514.0,176,7516.0,90,7518.0,85,7520.0,122,7522.0,251,7524.0,92,7526.0,221,7528.0,56,7530.0,60,7532.0,35,7524.0
PF410,,13:42:41.0#,7542.0,7562.0,7494.0,8064.0,7008.0,80915,149682,7514.0,176,7516.0,90,7518.0,85,7520.0,132,7522.0,241,7524.0,92,7526.0,221,7528.0,56,7530.0,60,7532.0,35,7524.0
PF410,,13:42:42.250#,7542.0,7562.0,7494.0,8064.0,7008.0,80935,149682,7514.0,176,7516.0,90,7518.0,85,7520.0,132,7522.0,221,7524.0,92,7526.0,221,7528.0,56,7530.0,60,7532.0,35,7522.0
PF410,,13:42:42.500#,7542.0,7562.0,7494.0,8064.0,7008.0,80935,149682,7514.0,176,7516.0,90,7518.0,85,7520.0,122,7522.0,231,7524.0,92,7526.0,221,7528.0,56,7530.0,60,7532.0,35,7522.0
PF410,,13:42:42.750#,7542.0,7562.0,7494.0,8064.0,7008.0,80935,149682,7514.0,176,7516.0,90,7518.0,85,7520.0,122,7522.0,236,7524.0,112,7526.0,221,7528.0,56,7530.0,60,7532.0,35,7522.0
PF410,,13:42:43.0#,7542.0,7562.0,7494.0,8064.0,7008.0,80935,149682,7514.0,176,7516.0,90,7518.0,85,7520.0,122,7522.0,216,7524.0,122,7526.0,211,7528.0,56,7530.0,60,7532.0,35,7522.0
PF410,,13:42:43.250#,7542.0,7562.0,7494.0,8064.0,7008.0,80935,149682,7514.0,176,7516.0,90,7518.0,85,7520.0,132,7522.0,206,7524.0,126,7526.0,211,7528.0,56,7530.0,60,7532.0,35,7522.0
PF410,,13:42:43.500#,7542.0,7562.0,7494.0,8064.0,7008.0,80935,149682,7514.0,176,7516.0,90,7518.0,85,7520.0,122,7522.0,216,7524.0,128,7526.0,211,7528.0,56,7530.0,60,7532.0,35,7522.0
PF410,,13:42:43.750#,7542.0,7562.0,7494.0,8064.0,7008.0,80935,149682,7514.0,176,7516.0,90,7518.0,85,7520.0,132,7522.0,196,7524.0,138,7526.0,191,7528.0,56,7530.0,60,7532.0,35,7522.0
PF410,,13:42:44.0#,7542.0,7562.0,7494.0,8064.0,7008.0,80935,149682,7514.0,176,7516.0,90,7518.0,85,7520.0,142,7522.0,186,7524.0,138,7526.0,201,7528.0,56,7530.0,60,7532.0,35,7522.0
PF410,,13:42:44.250#,7542.0,7562.0,7494.0,8064.0,7008.0,80935,149682,7514.0,176,7516.0,90,7518.0,85,7520.0,142,7522.0,186,7524.0,148,7526.0,191,7528.0,56,7530.0,60,7532.0,35,7522.0
PF410,,13:42:44.500#,7542.0,7562.0,7494.0,8064.0,7008.0,80935,149682,7514.0,176,7516.0,90,7518.0,85,7520.0,161,7522.0,167,7524.0,148,7526.0,191,7528.0,56,7530.0,60,7532.0,35,7522.0
PF410,,13:42:45.0#,7542.0,7562.0,7494.0,8064.0,7008.0,80935,149682,7514.0,176,7516.0,90,7518.0,85,7520.0,159,7522.0,167,7524.0,148,7526.0,191,7528.0,56,7530.0,60,7532.0,35,7522.0
PF410,,13:42:45.500#,7542.0,7562.0,7494.0,8064.0,7008.0,80935,149682,7514.0,176,7516.0,90,7518.0,85,7520.0,159,7522.0,169,7524.0,148,7526.0,191,7528.0,56,7530.0,60,7532.0,35,7522.0
PF410,,13:42:47.500#,7542.0,7562.0,7494.0,8064.0,7008.0,80935,149682,7514.0,176,7516.0,90,7518.0,85,7520.0,169,7522.0,159,7524.0,158,7526.0,181,7528.0,56,7530.0,60,7532.0,35,7522.0
PF410,,13:42:47.750#,7542.0,7562.0,7494.0,8064.0,7008.0,80935,149682,7514.0,176,7516.0,90,7518.0,85,7520.0,179,7522.0,149,7524.0,168,7526.0,171,7528.0,56,7530.0,60,7532.0,35,7522.0
PF410,,13:42:48.0#,7542.0,7562.0,7494.0,8064.0,7008.0,80935,149682,7514.0,176,7516.0,90,7518.0,85,7520.0,189,7522.0,133,7524.0,178,7526.0,161,7528.0,56,7530.0,60,7532.0,35,7522.0
PF410,,13:42:48.250#,7542.0,7562.0,7494.0,8064.0,7008.0,80935,149682,7514.0,176,7516.0,90,7518.0,85,7520.0,199,7522.0,123,7524.0,178,7526.0,161,7528.0,56,7530.0,60,7532.0,35,7522.0
PF410,,13:42:48.500#,7542.0,7562.0,7494.0,8064.0,7008.0,80938,149682,7514.0,176,7516.0,90,7518.0,85,7520.0,199,7522.0,123,7524.0,175,7526.0,161,7528.0,56,7530.0,60,7532.0,35,7524.0
PF410,,13:42:50.500#,7542.0,7562.0,7494.0,8064.0,7008.0,80946,149690,7514.0,176,7516.0,90,7518.0,85,7520.0,199,7522.0,115,7524.0,167,7526.0,161,7528.0,56,7530.0,60,7532.0,35,7522.0
PF410,,13:42:50.750#,7542.0,7562.0,7494.0,8064.0,7008.0,80948,149692,7514.0,176,7516.0,90,7518.0,85,7520.0,199,7522.0,113,7524.0,154,7526.0,171,7528.0,56,7530.0,60,7532.0,35,7522.0
PF410,,13:42:51.0#,7542.0,7562.0,7494.0,8064.0,7008.0,80948,149692,7514.0,176,7516.0,90,7518.0,85,7520.0,189,7522.0,123,7524.0,154,7526.0,171,7528.0,56,7530.0,60,7532.0,35,7522.0
PF410,,13:42:51.250#,7542.0,7562.0,7494.0,8064.0,7008.0,80948,149692,7514.0,176,7516.0,90,7518.0,85,7520.0,199,7522.0,119,7524.0,164,7526.0,161,7528.0,56,7530.0,60,7532.0,35,7522.0
PF410,,13:42:51.500#,7542.0,7562.0,7494.0,8064.0,7008.0,80948,149692,7514.0,176,7516.0,90,7518.0,85,7520.0,209,7522.0,103,7524.0,164,7526.0,161,7528.0,56,7530.0,60,7532.0,35,7522.0
PF410,,13:42:56.0#,7542.0,7562.0,7494.0,8064.0,7008.0,80948,149692,7514.0,176,7516.0,90,7518.0,85,7520.0,209,7522.0,73,7524.0,164,7526.0,161,7528.0,56,7530.0,60,7532.0,35,7522.0
PF410,,13:42:56.250#,7542.0,7562.0,7494.0,8064.0,7008.0,80948,149692,7514.0,176,7516.0,90,7518.0,85,7520.0,229,7522.0,53,7524.0,174,7526.0,151,7528.0,56,7530.0,60,7532.0,35,7522.0
PF410,,13:42:56.750#,7542.0,7562.0,7494.0,8064.0,7008.0,80950,149692,7514.0,176,7516.0,90,7518.0,85,7520.0,229,7522.0,51,7524.0,173,7526.0,151,7528.0,56,7530.0,60,7532.0,35,7522.0
PF410,,13:42:57.250#,7542.0,7562.0,7494.0,8064.0,7008.0,80951,149692,7514.0,176,7516.0,90,7518.0,85,7520.0,227,7522.0,52,7524.0,173,7526.0,151,7528.0,56,7530.0,60,7532.0,35,7522.0
PF410,,13:42:59.750#,7542.0,7562.0,7494.0,8064.0,7008.0,80951,149692,7514.0,176,7516.0,90,7518.0,85,7520.0,227,7522.0,52,7524.0,203,7526.0,151,7528.0,56,7530.0,60,7532.0,35,7522.0
PF410,,13:43:00.250#,7542.0,7562.0,7494.0,8064.0,7008.0,80951,149692,7514.0,176,7516.0,90,7518.0,85,7520.0,227,7522.0,52,7524.0,222,7526.0,132,7528.0,56,7530.0,60,7532.0,35,7522.0
PF410,,13:43:00.750#,7542.0,7562.0,7494.0,8064.0,7008.0,80955,149696,7514.0,176,7516.0,90,7518.0,85,7520.0,227,7522.0,48,7524.0,222,7526.0,132,7528.0,56,7530.0,60,7532.0,35,7522.0
PF410,,13:43:01.250#,7542.0,7562.0,7494.0,8064.0,7008.0,81003,149698,7512.0,108,7514.0,176,7516.0,90,7518.0,85,7520.0,248,7522.0,4,7524.0,211,7526.0,132,7528.0,56,7530.0,60,7522.0
PF410,,13:43:01.500#,7542.0,7562.0,7494.0,8064.0,7008.0,81003,149698,7512.0,109,7514.0,176,7516.0,90,7518.0,137,7520.0,198,7522.0,66,7524.0,238,7526.0,102,7528.0,56,7530.0,60,7522.0
PF410,,13:43:01.750#,7542.0,7562.0,7494.0,8064.0,7008.0,81003,149698,7512.0,109,7514.0,176,7516.0,90,7518.0,147,7520.0,167,7522.0,76,7524.0,265,7526.0,82,7528.0,56,7530.0,60,7522.0
PF410,,13:43:02.0#,7542.0,7562.0,7494.0,8064.0,7008.0,81003,149698,7512.0,109,7514.0,176,7516.0,90,7518.0,147,7520.0,164,7522.0,104,7524.0,265,7526.0,82,7528.0,56,7530.0,60,7522.0
PF410,,13:43:02.250#,7542.0,7562.0,7494.0,8064.0,7008.0,81003,149698,7512.0,109,7514.0,51,7516.0,90,7518.0,137,7520.0,170,7522.0,115,7524.0,255,7526.0,82,7528.0,56,7530.0,60,7522.0
PF410,,13:43:02.500#,7542.0,7562.0,7494.0,8064.0,7008.0,81003,149698,7512.0,109,7514.0,75,7516.0,90,7518.0,137,7520.0,123,7522.0,125,7524.0,245,7526.0,82,7528.0,56,7530.0,60,7522.0
PF410,,13:43:02.750#,7542.0,7562.0,7494.0,8064.0,7008.0,81003,149698,7512.0,109,7514.0,75,7516.0,90,7518.0,186,7520.0,74,7522.0,167,7524.0,205,7526.0,82,7528.0,56,7530.0,60,7522.0
PF410,,13:43:03.0#,7542.0,7562.0,7494.0,8064.0,7008.0,81003,149698,7512.0,109,7514.0,75,7516.0,89,7518.0,226,7520.0,20,7522.0,167,7524.0,205,7526.0,82,7528.0,56,7530.0,59,7522.0
PF410,,13:43:03.250#,7542.0,7562.0,7494.0,8064.0,7008.0,81003,149698,7512.0,109,7514.0,76,7516.0,89,7518.0,236,7520.0,41,7522.0,216,7524.0,166,7526.0,82,7528.0,57,7530.0,59,7522.0
PF410,,13:43:03.500#,7542.0,7562.0,7494.0,8064.0,7008.0,81003,149698,7512.0,109,7514.0,76,7516.0,89,7518.0,236,7520.0,41,7522.0,186,7524.0,169,7526.0,82,7528.0,57,7530.0,59,7522.0
PF410,,13:43:03.750#,7542.0,7562.0,7494.0,8064.0,7008.0,81003,149698,7512.0,109,7514.0,76,7516.0,89,7518.0,236,7520.0,45,7522.0,186,7524.0,169,7526.0,82,7528.0,57,7530.0,59,7522.0
PF410,,13:43:04.0#,7542.0,7562.0,7494.0,8064.0,7008.0,81003,149698,7512.0,109,7514.0,76,7516.0,89,7518.0,236,7520.0,47,7522.0,166,7524.0,179,7526.0,82,7528.0,57,7530.0,59,7522.0
PF410,,13:43:04.250#,7542.0,7562.0,7494.0,8064.0,7008.0,81003,149698,7512.0,109,7514.0,76,7516.0,89,7518.0,236,7520.0,67,7522.0,166,7524.0,179,7526.0,82,7528.0,57,7530.0,59,7522.0
PF410,,13:43:04.500#,7542.0,7562.0,7494.0,8064.0,7008.0,81003,149698,7512.0,109,7514.0,76,7516.0,89,7518.0,236,7520.0,73,7522.0,148,7524.0,198,7526.0,82,7528.0,57,7530.0,59,7522.0
PF410,,13:43:04.750#,7542.0,7562.0,7494.0,8064.0,7008.0,81003,149698,7512.0,109,7514.0,76,7516.0,89,7518.0,236,7520.0,73,7522.0,149,7524.0,198,7526.0,82,7528.0,57,7530.0,59,7522.0
PF410,,13:43:05.750#,7542.0,7562.0,7494.0,8064.0,7008.0,81003,149698,7512.0,109,7514.0,76,7516.0,89,7518.0,236,7520.0,73,7522.0,147,7524.0,198,7526.0,82,7528.0,57,7530.0,59,7522.0
PF410,,13:43:06.0#,7542.0,7562.0,7494.0,8064.0,7008.0,81003,149698,7512.0,109,7514.0,76,7516.0,89,7518.0,226,7520.0,93,7522.0,137,7524.0,208,7526.0,82,7528.0,57,7530.0,59,7522.0
PF410,,13:43:06.250#,7542.0,7562.0,7494.0,8064.0,7008.0,81003,149698,7512.0,109,7514.0,76,7516.0,89,7518.0,206,7520.0,113,7522.0,137,7524.0,208,7526.0,82,7528.0,57,7530.0,59,7522.0
PF410,,13:43:06.500#,7542.0,7562.0,7494.0,8064.0,7008.0,81003,149698,7512.0,109,7514.0,76,7516.0,89,7518.0,186,7520.0,133,7522.0,107,7524.0,218,7526.0,82,7528.0,57,7530.0,59,7522.0
PF410,,13:43:06.750#,7542.0,7562.0,7494.0,8064.0,7008.0,81004,149698,7512.0,109,7514.0,76,7516.0,89,7518.0,176,7520.0,136,7522.0,86,7524.0,258,7526.0,82,7528.0,57,7530.0,59,7520.0
PF410,,13:43:07.0#,7542.0,7562.0,7494.0,8064.0,7008.0,81004,149698,7512.0,109,7514.0,76,7516.0,89,7518.0,166,7520.0,147,7522.0,76,7524.0,268,7526.0,82,7528.0,57,7530.0,59,7520.0
PF410,,13:43:07.250#,7542.0,7562.0,7494.0,8064.0,7008.0,81004,149698,7512.0,109,7514.0,76,7516.0,89,7518.0,147,7520.0,166,7522.0,76,7524.0,268,7526.0,82,7528.0,57,7530.0,59,7520.0
PF410,,13:43:07.750#,7542.0,7562.0,7494.0,8064.0,7008.0,81004,149698,7512.0,109,7514.0,76,7516.0,89,7518.0,147,7520.0,166,7522.0,106,7524.0,268,7526.0,82,7528.0,57,7530.0,59,7520.0
PF410,,13:43:08.0#,7542.0,7562.0,7494.0,8064.0,7008.0,81004,149698,7512.0,109,7514.0,76,7516.0,89,7518.0,157,7520.0,156,7522.0,126,7524.0,248,7526.0,82,7528.0,57,7530.0,59,7520.0
PF410,,13:43:08.250#,7542.0,7562.0,7494.0,8064.0,7008.0,81004,149698,7512.0,109,7514.0,76,7516.0,89,7518.0,157,7520.0,126,7522.0,146,7524.0,228,7526.0,82,7528.0,57,7530.0,59,7520.0
PF410,,13:43:08.500#,7542.0,7562.0,7494.0,8064.0,7008.0,81004,149698,7512.0,109,7514.0,76,7516.0,89,7518.0,196,7520.0,61,7522.0,176,7524.0,198,7526.0,82,7528.0,57,7530.0,59,7520.0
PF410,,13:43:08.750#,7542.0,7562.0,7494.0,8064.0,7008.0,81004,149698,7512.0,109,7514.0,76,7516.0,99,7518.0,226,7520.0,15,7522.0,186,7524.0,188,7526.0,82,7528.0,57,7530.0,59,7520.0
PF410,,13:43:09.0#,7542.0,7562.0,7494.0,8064.0,7008.0,81023,149696,7512.0,109,7514.0,76,7516.0,89,7518.0,236,7520.0,13,7522.0,205,7524.0,169,7526.0,82,7528.0,57,7530.0,59,7520.0
PF410,,13:43:09.250#,7542.0,7562.0,7494.0,8064.0,7008.0,81023,149696,7512.0,109,7514.0,76,7516.0,89,7518.0,236,7520.0,20,7522.0,206,7524.0,168,7526.0,82,7528.0,57,7530.0,59,7520.0
PF410,,13:43:09.500#,7542.0,7562.0,7494.0,8064.0,7008.0,81023,149696,7512.0,109,7514.0,76,7516.0,89,7518.0,216,7520.0,35,7522.0,186,7524.0,178,7526.0,82,7528.0,57,7530.0,59,7520.0
PF410,,13:43:09.750#,7542.0,7562.0,7494.0,8064.0,7008.0,81023,149696,7512.0,109,7514.0,76,7516.0,99,7518.0,226,7520.0,17,7522.0,206,7524.0,168,7526.0,82,7528.0,57,7530.0,59,7520.0
PF410,,13:43:10.0#,7542.0,7562.0,7494.0,8064.0,7008.0,81023,149696,7512.0,109,7514.0,76,7516.0,89,7518.0,236,7520.0,17,7522.0,206,7524.0,168,7526.0,82,7528.0,57,7530.0,59,7520.0
PF410,,13:43:10.250#,7542.0,7562.0,7494.0,8064.0,7008.0,81023,149696,7512.0,109,7514.0,76,7516.0,89,7518.0,236,7520.0,17,7522.0,206,7524.0,168,7526.0,82,7528.0,57,7530.0,59,7520.0
PF410,,13:43:13.500#,7542.0,7562.0,7494.0,8064.0,7008.0,81040,149696,7510.0,100,7512.0,109,7514.0,76,7516.0,89,7518.0,257,7520.0,7,7522.0,197,7524.0,168,7526.0,82,7528.0,57,7520.0
PF410,,13:43:13.750#,7542.0,7562.0,7494.0,8064.0,7008.0,81054,149695,7510.0,101,7512.0,109,7514.0,76,7516.0,140,7518.0,212,7520.0,12,7522.0,218,7524.0,133,7526.0,81,7528.0,58,7520.0
PF410,,13:43:14.0#,7542.0,7562.0,7494.0,8064.0,7008.0,81054,149695,7510.0,101,7512.0,109,7514.0,76,7516.0,130,7518.0,222,7520.0,10,7522.0,238,7524.0,123,7526.0,81,7528.0,58,7520.0
PF410,,13:43:14.250#,7542.0,7562.0,7494.0,8064.0,7008.0,81069,149687,7510.0,101,7512.0,109,7514.0,76,7516.0,120,7518.0,231,7520.0,5,7522.0,240,7524.0,123,7526.0,81,7528.0,58,7520.0
PF410,,13:43:14.500#,7542.0,7562.0,7494.0,8064.0,7008.0,81075,149687,7512.0,109,7514.0,76,7516.0,130,7518.0,203,7520.0,6,7522.0,253,7524.0,123,7526.0,81,7528.0,58,7530.0,58,7520.0
PF410,,13:43:14.750#,7542.0,7562.0,7494.0,8064.0,7008.0,81075,149687,7512.0,109,7514.0,76,7516.0,90,7518.0,240,7520.0,44,7522.0,214,7524.0,165,7526.0,81,7528.0,58,7530.0,59,7520.0
PF410,,13:43:15.0#,7542.0,7562.0,7494.0,8064.0,7008.0,81075,149687,7512.0,109,7514.0,76,7516.0,90,7518.0,240,7520.0,44,7522.0,203,7524.0,175,7526.0,81,7528.0,58,7530.0,59,7520.0
PF410,,13:43:15.250#,7542.0,7562.0,7494.0,8064.0,7008.0,81075,149687,7512.0,109,7514.0,76,7516.0,90,7518.0,240,7520.0,44,7522.0,213,7524.0,165,7526.0,81,7528.0,57,7530.0,60,7520.0
PF410,,13:43:16.500#,7542.0,7562.0,7494.0,8064.0,7008.0,81075,149687,7512.0,109,7514.0,76,7516.0,90,7518.0,240,7520.0,38,7522.0,213,7524.0,165,7526.0,81,7528.0,57,7530.0,60,7520.0
PF410,,13:43:16.750#,7542.0,7562.0,7494.0,8064.0,7008.0,81119,149696,7512.0,109,7514.0,76,7516.0,90,7518.0,240,7520.0,34,7522.0,213,7524.0,165,7526.0,81,7528.0,57,7530.0,60,7520.0
PF410,,13:43:17.0#,7542.0,7562.0,7494.0,8064.0,7008.0,81119,149696,7512.0,109,7514.0,76,7516.0,90,7518.0,240,7520.0,37,7522.0,194,7524.0,184,7526.0,81,7528.0,57,7530.0,60,7520.0
PF410,,13:43:17.500#,7542.0,7562.0,7494.0,8064.0,7008.0,81122,149696,7512.0,109,7514.0,76,7516.0,90,7518.0,240,7520.0,37,7522.0,181,7524.0,194,7526.0,81,7528.0,57,7530.0,60,7522.0
PF410,,13:43:17.750#,7542.0,7562.0,7494.0,8064.0,7008.0,81122,149696,7512.0,109,7514.0,76,7516.0,90,7518.0,240,7520.0,37,7522.0,203,7524.0,174,7526.0,81,7528.0,57,7530.0,60,7522.0
PF410,,13:43:18.750#,7542.0,7562.0,7494.0,8064.0,7008.0,81122,149696,7512.0,109,7514.0,76,7516.0,90,7518.0,240,7520.0,67,7522.0,203,7524.0,174,7526.0,81,7528.0,57,7530.0,60,7522.0
PF410,,13:43:19.0#,7542.0,7562.0,7494.0,8064.0,7008.0,81122,149696,7512.0,109,7514.0,76,7516.0,90,7518.0,234,7520.0,79,7522.0,193,7524.0,184,7526.0,81,7528.0,57,7530.0,60,7522.0
PF410,,13:43:19.250#,7542.0,7562.0,7494.0,8064.0,7008.0,81122,149696,7512.0,109,7514.0,76,7516.0,90,7518.0,224,7520.0,109,7522.0,133,7524.0,214,7526.0,81,7528.0,57,7530.0,60,7522.0
PF410,,13:43:19.500#,7542.0,7562.0,7494.0,8064.0,7008.0,81122,149696,7512.0,109,7514.0,76,7516.0,90,7518.0,214,7520.0,122,7522.0,133,7524.0,214,7526.0,81,7528.0,57,7530.0,60,7522.0
PF410,,13:43:19.750#,7542.0,7562.0,7494.0,8064.0,7008.0,81122,149696,7512.0,109,7514.0,76,7516.0,90,7518.0,194,7520.0,146,7522.0,133,7524.0,214,7526.0,81,7528.0,57,7530.0,60,7522.0
PF410,,13:43:20.0#,7542.0,7562.0,7494.0,8064.0,7008.0,81122,149696,7512.0,109,7514.0,76,7516.0,90,7518.0,145,7520.0,195,7522.0,103,7524.0,244,7526.0,81,7528.0,57,7530.0,60,7522.0
PF410,,13:43:20.250#,7542.0,7562.0,7494.0,8064.0,7008.0,81122,149696,7512.0,109,7514.0,76,7516.0,90,7518.0,135,7520.0,205,7522.0,89,7524.0,254,7526.0,81,7528.0,57,7530.0,60,7522.0
PF410,,13:43:20.500#,7542.0,7562.0,7494.0,8064.0,7008.0,81122,149696,7512.0,109,7514.0,76,7516.0,90,7518.0,135,7520.0,215,7522.0,89,7524.0,254,7526.0,81,7528.0,57,7530.0,60,7522.0
PF410,,13:43:23.0#,7542.0,7562.0,7494.0,8064.0,7008.0,81122,149696,7512.0,109,7514.0,76,7516.0,90,7518.0,145,7520.0,192,7522.0,89,7524.0,254,7526.0,81,7528.0,57,7530.0,60,7522.0
PF410,,13:43:23.250#,7542.0,7562.0,7494.0,8064.0,7008.0,81122,149696,7512.0,109,7514.0,76,7516.0,90,7518.0,145,7520.0,192,7522.0,89,7524.0,254,7526.0,81,7528.0,57,7530.0,60,7522.0
PF410,,13:43:24.250#,7542.0,7562.0,7494.0,8064.0,7008.0,81122,149696,7512.0,109,7514.0,76,7516.0,90,7518.0,145,7520.0,192,7522.0,89,7524.0,253,7526.0,81,7528.0,57,7530.0,60,7522.0
PF410,,13:43:25.0#,7542.0,7562.0,7494.0,8064.0,7008.0,81126,149700,7512.0,109,7514.0,76,7516.0,90,7518.0,145,7520.0,188,7522.0,89,7524.0,253,7526.0,81,7528.0,57,7530.0,60,7520.0
PF410,,13:43:25.250#,7542.0,7562.0,7494.0,8064.0,7008.0,81126,149700,7512.0,109,7514.0,76,7516.0,90,7518.0,135,7520.0,198,7522.0,89,7524.0,253,7526.0,81,7528.0,57,7530.0,60,7520.0
PF410,,13:43:25.500#,7542.0,7562.0,7494.0,8064.0,7008.0,81126,149700,7512.0,109,7514.0,76,7516.0,90,7518.0,135,7520.0,201,7522.0,60,7524.0,253,7526.0,81,7528.0,57,7530.0,60,7520.0
PF410,,13:43:25.750#,7542.0,7562.0,7494.0,8064.0,7008.0,81126,149700,7512.0,109,7514.0,76,7516.0,90,7518.0,135,7520.0,201,7522.0,50,7524.0,263,7526.0,81,7528.0,57,7530.0,60,7520.0
PF410,,13:43:26.0#,7542.0,7562.0,7494.0,8064.0,7008.0,81126,149700,7512.0,109,7514.0,76,7516.0,90,7518.0,115,7520.0,231,7522.0,52,7524.0,263,7526.0,81,7528.0,57,7530.0,60,7520.0
PF410,,13:43:26.500#,7542.0,7562.0,7494.0,8064.0,7008.0,81126,149700,7512.0,109,7514.0,76,7516.0,90,7518.0,115,7520.0,231,7522.0,51,7524.0,263,7526.0,81,7528.0,57,7530.0,60,7520.0
PF410,,13:43:26.750#,7542.0,7562.0,7494.0,8064.0,7008.0,81126,149700,7512.0,109,7514.0,76,7516.0,90,7518.0,115,7520.0,232,7522.0,48,7524.0,263,7526.0,81,7528.0,57,7530.0,60,7520.0
PF410,,13:43:27.0#,7542.0,7562.0,7494.0,8064.0,7008.0,81126,149700,7512.0,109,7514.0,76,7516.0,90,7518.0,115,7520.0,232,7522.0,46,7524.0,263,7526.0,81,7528.0,57,7530.0,60,7520.0
PF410,,13:43:29.250#,7542.0,7562.0,7494.0,8064.0,7008.0,81126,149700,7512.0,109,7514.0,76,7516.0,90,7518.0,115,7520.0,232,7522.0,47,7524.0,263,7526.0,81,7528.0,57,7530.0,60,7520.0
PF410,,13:43:29.750#,7542.0,7562.0,7494.0,8064.0,7008.0,81144,149700,7512.0,109,7514.0,76,7516.0,90,7518.0,115,7520.0,235,7522.0,32,7524.0,263,7526.0,81,7528.0,57,7530.0,60,7522.0
PF410,,13:43:30.0#,7542.0,7562.0,7494.0,8064.0,7008.0,81209,149736,7514.0,76,7516.0,90,7518.0,125,7520.0,218,7522.0,1,7524.0,277,7526.0,81,7528.0,57,7530.0,60,7532.0,34,7522.0
PF410,,13:43:30.250#,7542.0,7562.0,7494.0,8064.0,7008.0,81211,149738,7514.0,76,7516.0,89,7518.0,85,7520.0,260,7522.0,11,7524.0,241,7526.0,122,7528.0,57,7530.0,60,7532.0,35,7522.0
PF410,,13:43:30.500#,7542.0,7562.0,7494.0,8064.0,7008.0,81278,149708,7512.0,108,7514.0,76,7516.0,89,7518.0,85,7520.0,268,7522.0,1,7524.0,224,7526.0,122,7528.0,57,7530.0,60,7522.0
PF410,,13:43:30.750#,7542.0,7562.0,7494.0,8064.0,7008.0,81282,149707,7512.0,109,7514.0,76,7516.0,89,7518.0,127,7520.0,225,7522.0,13,7524.0,249,7526.0,92,7528.0,57,7530.0,60,7522.0
PF410,,13:43:31.0#,7542.0,7562.0,7494.0,8064.0,7008.0,81282,149707,7512.0,109,7514.0,76,7516.0,89,7518.0,127,7520.0,224,7522.0,18,7524.0,257,7526.0,82,7528.0,57,7530.0,60,7522.0
PF410,,13:43:31.250#,7542.0,7562.0,7494.0,8064.0,7008.0,81284,149709,7512.0,109,7514.0,76,7516.0,89,7518.0,117,7520.0,231,7522.0,18,7524.0,258,7526.0,82,7528.0,57,7530.0,60,7520.0
PF410,,13:43:31.500#,7542.0,7562.0,7494.0,8064.0,7008.0,81284,149709,7512.0,109,7514.0,76,7516.0,89,7518.0,117,7520.0,231,7522.0,13,7524.0,258,7526.0,82,7528.0,57,7530.0,60,7520.0
PF410,,13:43:32.250#,7542.0,7562.0,7494.0,8064.0,7008.0,81284,149709,7512.0,109,7514.0,76,7516.0,89,7518.0,117,7520.0,229,7522.0,13,7524.0,258,7526.0,82,7528.0,57,7530.0,60,7520.0
PF410,,13:43:32.750#,7542.0,7562.0,7494.0,8064.0,7008.0,81284,149709,7512.0,109,7514.0,76,7516.0,89,7518.0,117,7520.0,228,7522.0,13,7524.0,258,7526.0,82,7528.0,57,7530.0,60,7520.0
PF410,,13:43:34.750#,7542.0,7562.0,7494.0,8064.0,7008.0,81284,149709,7512.0,109,7514.0,76,7516.0,89,7518.0,117,7520.0,229,7522.0,13,7524.0,258,7526.0,82,7528.0,57,7530.0,60,7520.0
PF410,,13:43:35.0#,7542.0,7562.0,7494.0,8064.0,7008.0,81284,149709,7512.0,109,7514.0,76,7516.0,89,7518.0,117,7520.0,229,7522.0,12,7524.0,258,7526.0,82,7528.0,57,7530.0,60,7520.0
PF410,,13:43:35.750#,7542.0,7562.0,7494.0,8064.0,7008.0,81284,149709,7512.0,109,7514.0,76,7516.0,89,7518.0,117,7520.0,231,7522.0,12,7524.0,258,7526.0,82,7528.0,57,7530.0,60,7520.0
PF410,,13:43:37.0#,7542.0,7562.0,7494.0,8064.0,7008.0,81285,149709,7512.0,109,7514.0,76,7516.0,89,7518.0,117,7520.0,230,7522.0,12,7524.0,258,7526.0,82,7528.0,57,7530.0,60,7520.0
PF410,,13:43:37.250#,7542.0,7562.0,7494.0,8064.0,7008.0,81297,149701,7514.0,76,7516.0,89,7518.0,117,7520.0,223,7522.0,48,7524.0,274,7526.0,82,7528.0,57,7530.0,60,7532.0,34,7522.0
PF410,,13:43:37.500#,7542.0,7562.0,7494.0,8064.0,7008.0,81297,149701,7514.0,76,7516.0,89,7518.0,87,7520.0,253,7522.0,86,7524.0,240,7526.0,122,7528.0,57,7530.0,60,7532.0,35,7522.0
PF410,,13:43:37.750#,7542.0,7562.0,7494.0,8064.0,7008.0,81297,149701,7514.0,76,7516.0,89,7518.0,87,7520.0,234,7522.0,104,7524.0,220,7526.0,142,7528.0,57,7530.0,60,7532.0,35,7522.0
PF410,,13:43:38.0#,7542.0,7562.0,7494.0,8064.0,7008.0,81297,149701,7514.0,76,7516.0,89,7518.0,87,7520.0,224,7522.0,114,7524.0,211,7526.0,151,7528.0,57,7530.0,60,7532.0,35,7522.0
PF410,,13:43:38.250#,7542.0,7562.0,7494.0,8064.0,7008.0,81297,149701,7514.0,76,7516.0,89,7518.0,87,7520.0,214,7522.0,125,7524.0,202,7526.0,161,7528.0,57,7530.0,60,7532.0,35,7522.0
PF410,,13:43:38.750#,7542.0,7562.0,7494.0,8064.0,7008.0,81297,149701,7514.0,76,7516.0,89,7518.0,87,7520.0,214,7522.0,126,7524.0,202,7526.0,161,7528.0,57,7530.0,60,7532.0,35,7522.0
PF410,,13:43:40.500#,7542.0,7562.0,7494.0,8064.0,7008.0,81297,149701,7514.0,76,7516.0,89,7518.0,87,7520.0,214,7522.0,126,7524.0,182,7526.0,171,7528.0,57,7530.0,60,7532.0,35,7522.0
PF410,,13:43:41.250#,7542.0,7562.0,7494.0,8064.0,7008.0,81297,149701,7514.0,76,7516.0,89,7518.0,87,7520.0,214,7522.0,126,7524.0,182,7526.0,171,7528.0,57,7530.0,60,7532.0,35,7522.0
PF410,,13:43:41.500#,7542.0,7562.0,7494.0,8064.0,7008.0,81297,149701,7514.0,76,7516.0,89,7518.0,87,7520.0,214,7522.0,126,7524.0,182,7526.0,171,7528.0,57,7530.0,60,7532.0,35,7522.0
PF410,,13:43:42.0#,7542.0,7562.0,7494.0,8064.0,7008.0,81297,149701,7514.0,76,7516.0,89,7518.0,87,7520.0,214,7522.0,126,7524.0,152,7526.0,171,7528.0,57,7530.0,60,7532.0,35,7522.0
PF410,,13:43:42.750#,7542.0,7562.0,7494.0,8064.0,7008.0,81301,149701,7514.0,76,7516.0,89,7518.0,87,7520.0,214,7522.0,122,7524.0,152,7526.0,171,7528.0,57,7530.0,60,7532.0,35,7522.0
PF410,,13:43:44.750#,7542.0,7562.0,7494.0,8064.0,7008.0,81321,149681,7514.0,76,7516.0,89,7518.0,87,7520.0,214,7522.0,102,7524.0,152,7526.0,171,7528.0,57,7530.0,60,7532.0,35,7522.0
PF410,,13:43:45.0#,7542.0,7562.0,7494.0,8064.0,7008.0,81321,149681,7514.0,76,7516.0,89,7518.0,87,7520.0,224,7522.0,92,7524.0,152,7526.0,171,7528.0,57,7530.0,60,7532.0,35,7522.0
PF410,,13:43:45.250#,7542.0,7562.0,7494.0,8064.0,7008.0,81321,149681,7514.0,76,7516.0,89,7518.0,87,7520.0,224,7522.0,93,7524.0,152,7526.0,171,7528.0,57,7530.0,60,7532.0,35,7522.0
PF410,,13:43:48.250#,7542.0,7562.0,7494.0,8064.0,7008.0,81325,149681,7514.0,76,7516.0,89,7518.0,87,7520.0,224,7522.0,89,7524.0,152,7526.0,171,7528.0,57,7530.0,60,7532.0,35,7522.0
PF410,,13:43:51.500#,7542.0,7562.0,7494.0,8064.0,7008.0,81326,149681,7514.0,76,7516.0,89,7518.0,87,7520.0,224,7522.0,89,7524.0,151,7526.0,171,7528.0,57,7530.0,60,7532.0,35,7524.0
PF410,,13:43:52.500#,7542.0,7562.0,7494.0,8064.0,7008.0,81326,149681,7514.0,76,7516.0,89,7518.0,87,7520.0,225,7522.0,89,7524.0,151,7526.0,171,7528.0,57,7530.0,60,7532.0,35,7524.0
PF410,,13:43:52.750#,7542.0,7562.0,7494.0,8064.0,7008.0,81326,149681,7514.0,76,7516.0,90,7518.0,87,7520.0,225,7522.0,89,7524.0,161,7526.0,161,7528.0,57,7530.0,60,7532.0,35,7524.0
PF410,,13:43:56.750#,7542.0,7562.0,7494.0,8064.0,7008.0,81327,149680,7514.0,76,7516.0,90,7518.0,87,7520.0,225,7522.0,88,7524.0,161,7526.0,161,7528.0,57,7530.0,60,7532.0,35,7522.0
PF410,,13:43:57.0#,7542.0,7562.0,7494.0,8064.0,7008.0,81327,149680,7514.0,76,7516.0,90,7518.0,87,7520.0,235,7522.0,78,7524.0,151,7526.0,171,7528.0,57,7530.0,60,7532.0,35,7522.0
PF410,,13:43:57.250#,7542.0,7562.0,7494.0,8064.0,7008.0,81327,149680,7514.0,76,7516.0,90,7518.0,87,7520.0,245,7522.0,68,7524.0,159,7526.0,161,7528.0,57,7530.0,60,7532.0,35,7522.0
PF410,,13:43:57.500#,7542.0,7562.0,7494.0,8064.0,7008.0,81327,149680,7514.0,76,7516.0,90,7518.0,87,7520.0,245,7522.0,62,7524.0,151,7526.0,161,7528.0,57,7530.0,60,7532.0,35,7522.0
PF410,,13:43:57.750#,7542.0,7562.0,7494.0,8064.0,7008.0,81327,149680,7514.0,76,7516.0,90,7518.0,87,7520.0,245,7522.0,68,7524.0,156,7526.0,161,7528.0,57,7530.0,60,7532.0,35,7522.0
PF410,,13:43:58.0#,7542.0,7562.0,7494.0,8064.0,7008.0,81327,149680,7514.0,76,7516.0,90,7518.0,87,7520.0,245,7522.0,68,7524.0,146,7526.0,171,7528.0,57,7530.0,60,7532.0,35,7522.0
PF410,,13:43:58.250#,7542.0,7562.0,7494.0,8064.0,7008.0,81327,149680,7514.0,76,7516.0,90,7518.0,87,7520.0,245,7522.0,68,7524.0,151,7526.0,161,7528.0,57,7530.0,60,7532.0,35,7522.0
PF410,,13:43:58.500#,7542.0,7562.0,7494.0,8064.0,7008.0,81327,149680,7514.0,76,7516.0,90,7518.0,87,7520.0,245,7522.0,68,7524.0,156,7526.0,161,7528.0,57,7530.0,60,7532.0,35,7522.0
PF410,,13:44:01.250#,7542.0,7562.0,7494.0,8064.0,7008.0,81327,149680,7514.0,76,7516.0,90,7518.0,87,7520.0,245,7522.0,68,7524.0,157,7526.0,161,7528.0,57,7530.0,60,7532.0,35,7522.0
PF410,,13:44:01.750#,7542.0,7562.0,7494.0,8064.0,7008.0,81327,149680,7514.0,76,7516.0,90,7518.0,87,7520.0,245,7522.0,70,7524.0,159,7526.0,161,7528.0,57,7530.0,60,7532.0,35,7522.0
PF410,,13:44:02.250#,7542.0,7562.0,7494.0,8064.0,7008.0,81327,149680,7514.0,76,7516.0,90,7518.0,87,7520.0,245,7522.0,70,7524.0,160,7526.0,161,7528.0,57,7530.0,60,7532.0,35,7522.0
PF410,,13:44:03.0#,7542.0,7562.0,7494.0,8064.0,7008.0,81327,149680,7514.0,76,7516.0,90,7518.0,87,7520.0,245,7522.0,70,7524.0,180,7526.0,151,7528.0,57,7530.0,60,7532.0,35,7522.0
PF410,,13:44:03.250#,7542.0,7562.0,7494.0,8064.0,7008.0,81327,149680,7514.0,76,7516.0,90,7518.0,87,7520.0,245,7522.0,64,7524.0,180,7526.0,151,7528.0,57,7530.0,60,7532.0,35,7522.0
PF410,,13:44:03.750#,7542.0,7562.0,7494.0,8064.0,7008.0,81327,149680,7514.0,76,7516.0,90,7518.0,87,7520.0,245,7522.0,65,7524.0,175,7526.0,151,7528.0,57,7530.0,60,7532.0,35,7522.0
PF410,,13:44:04.0#,7542.0,7562.0,7494.0,8064.0,7008.0,81327,149680,7514.0,76,7516.0,90,7518.0,87,7520.0,245,7522.0,71,7524.0,180,7526.0,151,7528.0,57,7530.0,60,7532.0,35,7522.0
PF410,,13:44:04.250#,7542.0,7562.0,7494.0,8064.0,7008.0,81327,149680,7514.0,76,7516.0,90,7518.0,87,7520.0,245,7522.0,65,7524.0,180,7526.0,151,7528.0,57,7530.0,60,7532.0,35,7522.0
PF410,,13:44:05.0#,7542.0,7562.0,7494.0,8064.0,7008.0,81327,149680,7514.0,76,7516.0,90,7518.0,87,7520.0,245,7522.0,65,7524.0,185,7526.0,151,7528.0,57,7530.0,60,7532.0,35,7522.0
PF410,,13:44:06.250#,7542.0,7562.0,7494.0,8064.0,7008.0,81327,149680,7514.0,75,7516.0,90,7518.0,87,7520.0,245,7522.0,65,7524.0,185,7526.0,151,7528.0,57,7530.0,60,7532.0,35,7522.0
PF410,,13:44:06.500#,7542.0,7562.0,7494.0,8064.0,7008.0,81327,149680,7514.0,75,7516.0,90,7518.0,87,7520.0,245,7522.0,65,7524.0,185,7526.0,151,7528.0,57,7530.0,60,7532.0,35,7522.0
PF410,,13:44:09.750#,7542.0,7562.0,7494.0,8064.0,7008.0,81327,149680,7514.0,75,7516.0,90,7518.0,87,7520.0,245,7522.0,65,7524.0,175,7526.0,151,7528.0,57,7530.0,60,7532.0,35,7522.0
PF410,,13:44:10.0#,7542.0,7562.0,7494.0,8064.0,7008.0,81327,149680,7514.0,75,7516.0,90,7518.0,87,7520.0,245,7522.0,71,7524.0,165,7526.0,161,7528.0,57,7530.0,60,7532.0,35,7522.0
PF410,,13:44:11.250#,7542.0,7562.0,7494.0,8064.0,7008.0,81327,149680,7514.0,75,7516.0,90,7518.0,87,7520.0,245,7522.0,71,7524.0,145,7526.0,171,7528.0,57,7530.0,60,7532.0,35,7522.0
PF410,,13:44:11.500#,7542.0,7562.0,7494.0,8064.0,7008.0,81327,149680,7514.0,75,7516.0,90,7518.0,87,7520.0,245,7522.0,71,7524.0,145,7526.0,171,7528.0,57,7530.0,60,7532.0,35,7522.0
PF410,,13:44:12.250#,7542.0,7562.0,7494.0,8064.0,7008.0,81331,149680,7514.0,75,7516.0,90,7518.0,87,7520.0,245,7522.0,67,7524.0,145,7526.0,171,7528.0,57,7530.0,60,7532.0,35,7522.0
PF410,,13:44:13.500#,7542.0,7562.0,7494.0,8064.0,7008.0,81331,149680,7514.0,75,7516.0,90,7518.0,87,7520.0,245,7522.0,67,7524.0,150,7526.0,171,7528.0,57,7530.0,60,7532.0,35,7522.0
PF410,,13:44:13.750#,7542.0,7562.0,7494.0,8064.0,7008.0,81331,149680,7514.0,75,7516.0,90,7518.0,87,7520.0,245,7522.0,67,7524.0,162,7526.0,161,7528.0,57,7530.0,60,7532.0,35,7522.0
PF410,,13:44:14.0#,7542.0,7562.0,7494.0,8064.0,7008.0,81331,149680,7514.0,75,7516.0,90,7518.0,87,7520.0,245,7522.0,61,7524.0,162,7526.0,161,7528.0,57,7530.0,60,7532.0,35,7522.0
PF410,,13:44:14.250#,7542.0,7562.0,7494.0,8064.0,7008.0,81331,149680,7514.0,75,7516.0,90,7518.0,87,7520.0,245,7522.0,67,7524.0,162,7526.0,161,7528.0,57,7530.0,60,7532.0,35,7522.0
PF410,,13:44:16.0#,7542.0,7562.0,7494.0,8064.0,7008.0,81351,149667,7514.0,75,7516.0,90,7518.0,87,7520.0,245,7522.0,47,7524.0,162,7526.0,161,7528.0,57,7530.0,60,7532.0,35,7522.0
PF410,,13:44:16.250#,7542.0,7562.0,7494.0,8064.0,7008.0,81351,149667,7514.0,75,7516.0,90,7518.0,87,7520.0,245,7522.0,41,7524.0,172,7526.0,151,7528.0,57,7530.0,60,7532.0,35,7522.0
PF410,,13:44:16.500#,7542.0,7562.0,7494.0,8064.0,7008.0,81351,149667,7514.0,75,7516.0,90,7518.0,87,7520.0,245,7522.0,41,7524.0,191,7526.0,132,7528.0,57,7530.0,60,7532.0,35,7522.0
PF410,,13:44:23.500#,7542.0,7562.0,7494.0,8064.0,7008.0,81352,149666,7514.0,75,7516.0,90,7518.0,87,7520.0,245,7522.0,40,7524.0,191,7526.0,132,7528.0,57,7530.0,60,7532.0,35,7522.0
PF410,,13:44:23.750#,7542.0,7562.0,7494.0,8064.0,7008.0,81352,149666,7514.0,75,7516.0,90,7518.0,87,7520.0,245,7522.0,41,7524.0,191,7526.0,132,7528.0,57,7530.0,60,7532.0,35,7522.0
PF410,,13:44:24.0#,7542.0,7562.0,7494.0,8064.0,7008.0,81370,149664,7514.0,75,7516.0,90,7518.0,87,7520.0,245,7522.0,23,7524.0,200,7526.0,132,7528.0,57,7530.0,60,7532.0,35,7522.0
PF410,,13:44:24.250#,7542.0,7562.0,7494.0,8064.0,7008.0,81370,149664,7514.0,75,7516.0,90,7518.0,87,7520.0,245,7522.0,25,7524.0,200,7526.0,132,7528.0,57,7530.0,60,7532.0,35,7522.0
PF410,,13:44:29.0#,7542.0,7562.0,7494.0,8064.0,7008.0,81370,149664,7514.0,75,7516.0,90,7518.0,87,7520.0,245,7522.0,25,7524.0,220,7526.0,122,7528.0,57,7530.0,60,7532.0,35,7522.0
PF410,,13:44:29.250#,7542.0,7562.0,7494.0,8064.0,7008.0,81370,149664,7514.0,75,7516.0,90,7518.0,87,7520.0,245,7522.0,11,7524.0,220,7526.0,122,7528.0,57,7530.0,60,7532.0,35,7522.0
PF410,,13:44:29.500#,7542.0,7562.0,7494.0,8064.0,7008.0,81370,149664,7514.0,75,7516.0,90,7518.0,87,7520.0,244,7522.0,11,7524.0,220,7526.0,122,7528.0,57,7530.0,60,7532.0,35,7522.0
PF410,,13:44:31.0#,7542.0,7562.0,7494.0,8064.0,7008.0,81388,149682,7514.0,75,7516.0,90,7518.0,87,7520.0,244,7522.0,11,7524.0,202,7526.0,122,7528.0,57,7530.0,60,7532.0,35,7524.0
PF410,,13:44:31.250#,7542.0,7562.0,7494.0,8064.0,7008.0,81388,149682,7514.0,75,7516.0,90,7518.0,87,7520.0,244,7522.0,11,7524.0,203,7526.0,122,7528.0,57,7530.0,60,7532.0,35,7524.0
PF410,,13:44:32.750#,7542.0,7562.0,7494.0,8064.0,7008.0,81388,149682,7514.0,75,7516.0,90,7518.0,87,7520.0,244,7522.0,41,7524.0,203,7526.0,122,7528.0,57,7530.0,60,7532.0,35,7524.0
PF410,,13:44:33.500#,7542.0,7562.0,7494.0,8064.0,7008.0,81388,149682,7514.0,75,7516.0,90,7518.0,87,7520.0,245,7522.0,41,7524.0,203,7526.0,122,7528.0,57,7530.0,60,7532.0,35,7524.0
PF410,,13:44:38.750#,7542.0,7562.0,7494.0,8064.0,7008.0,81388,149682,7514.0,75,7516.0,90,7518.0,87,7520.0,245,7522.0,41,7524.0,196,7526.0,122,7528.0,57,7530.0,60,7532.0,35,7524.0
PF410,,13:44:41.750#,7542.0,7562.0,7494.0,8064.0,7008.0,81388,149682,7514.0,75,7516.0,90,7518.0,87,7520.0,245,7522.0,42,7524.0,201,7526.0,122,7528.0,57,7530.0,60,7532.0,35,7524.0
PF410,,13:44:45.500#,7542.0,7562.0,7494.0,8064.0,7008.0,81388,149682,7514.0,75,7516.0,90,7518.0,87,7520.0,245,7522.0,43,7524.0,201,7526.0,122,7528.0,57,7530.0,60,7532.0,35,7524.0
PF410,,13:44:45.750#,7542.0,7562.0,7494.0,8064.0,7008.0,81388,149682,7514.0,75,7516.0,90,7518.0,87,7520.0,245,7522.0,44,7524.0,206,7526.0,122,7528.0,57,7530.0,60,7532.0,35,7524.0
PF410,,13:44:47.750#,7542.0,7562.0,7494.0,8064.0,7008.0,81412,149663,7514.0,75,7516.0,90,7518.0,87,7520.0,245,7522.0,22,7524.0,206,7526.0,122,7528.0,57,7530.0,60,7532.0,35,7522.0
PF410,,13:44:48.0#,7542.0,7562.0,7494.0,8064.0,7008.0,81412,149663,7514.0,75,7516.0,90,7518.0,87,7520.0,245,7522.0,24,7524.0,206,7526.0,122,7528.0,57,7530.0,60,7532.0,35,7522.0
PF410,,13:44:50.250#,7542.0,7562.0,7494.0,8064.0,7008.0,81412,149663,7514.0,75,7516.0,90,7518.0,87,7520.0,245,7522.0,24,7524.0,207,7526.0,122,7528.0,57,7530.0,60,7532.0,35,7522.0
PF410,,13:44:50.750#,7542.0,7562.0,7494.0,8064.0,7008.0,81412,149663,7514.0,75,7516.0,90,7518.0,87,7520.0,245,7522.0,23,7524.0,207,7526.0,122,7528.0,57,7530.0,60,7532.0,35,7522.0
PF410,,13:44:57.750#,7542.0,7562.0,7494.0,8064.0,7008.0,81412,149663,7514.0,75,7516.0,90,7518.0,87,7520.0,245,7522.0,23,7524.0,207,7526.0,122,7528.0,57,7530.0,61,7532.0,35,7522.0
PF410,,13:45:00.750#,7542.0,7562.0,7494.0,8064.0,7008.0,81412,149663,7514.0,75,7516.0,90,7518.0,87,7520.0,245,7522.0,23,7524.0,197,7526.0,122,7528.0,57,7530.0,61,7532.0,35,7522.0
PF410,,13:45:01.0#,7542.0,7562.0,7494.0,8064.0,7008.0,81412,149663,7514.0,75,7516.0,90,7518.0,87,7520.0,245,7522.0,6,7524.0,207,7526.0,122,7528.0,57,7530.0,61,7532.0,35,7522.0
PF410,,13:45:01.250#,7542.0,7562.0,7494.0,8064.0,7008.0,81414,149665,7514.0,75,7516.0,90,7518.0,87,7520.0,245,7522.0,6,7524.0,205,7526.0,122,7528.0,57,7530.0,61,7532.0,35,7524.0
PF410,,13:45:01.500#,7542.0,7562.0,7494.0,8064.0,7008.0,81421,149664,7512.0,109,7514.0,75,7516.0,90,7518.0,87,7520.0,264,7522.0,1,7524.0,182,7526.0,122,7528.0,57,7530.0,61,7522.0
PF410,,13:45:01.750#,7542.0,7562.0,7494.0,8064.0,7008.0,81422,149663,7512.0,110,7514.0,75,7516.0,90,7518.0,127,7520.0,225,7522.0,10,7524.0,212,7526.0,92,7528.0,57,7530.0,61,7522.0
PF410,,13:45:02.0#,7542.0,7562.0,7494.0,8064.0,7008.0,81422,149663,7512.0,110,7514.0,75,7516.0,90,7518.0,127,7520.0,224,7522.0,12,7524.0,222,7526.0,82,7528.0,57,7530.0,61,7522.0
PF410,,13:45:02.250#,7542.0,7562.0,7494.0,8064.0,7008.0,81422,149663,7512.0,110,7514.0,75,7516.0,90,7518.0,127,7520.0,223,7522.0,14,7524.0,220,7526.0,82,7528.0,57,7530.0,61,7522.0
PF410,,13:45:02.500#,7542.0,7562.0,7494.0,8064.0,7008.0,81424,149665,7512.0,110,7514.0,75,7516.0,90,7518.0,127,7520.0,220,7522.0,14,7524.0,220,7526.0,82,7528.0,57,7530.0,61,7520.0
PF410,,13:45:02.750#,7542.0,7562.0,7494.0,8064.0,7008.0,81424,149665,7512.0,110,7514.0,75,7516.0,90,7518.0,117,7520.0,230,7522.0,23,7524.0,214,7526.0,82,7528.0,57,7530.0,61,7520.0
PF410,,13:45:03.0#,7542.0,7562.0,7494.0,8064.0,7008.0,81424,149665,7512.0,110,7514.0,75,7516.0,90,7518.0,117,7520.0,230,7522.0,24,7524.0,215,7526.0,82,7528.0,57,7530.0,61,7520.0
PF410,,13:45:03.250#,7542.0,7562.0,7494.0,8064.0,7008.0,81430,149665,7512.0,110,7514.0,75,7516.0,90,7518.0,127,7520.0,220,7522.0,18,7524.0,215,7526.0,82,7528.0,57,7530.0,61,7522.0
PF410,,13:45:03.500#,7542.0,7562.0,7494.0,8064.0,7008.0,81430,149665,7512.0,110,7514.0,75,7516.0,90,7518.0,127,7520.0,221,7522.0,12,7524.0,215,7526.0,82,7528.0,57,7530.0,61,7522.0
PF410,,13:45:03.750#,7542.0,7562.0,7494.0,8064.0,7008.0,81430,149665,7512.0,110,7514.0,75,7516.0,90,7518.0,127,7520.0,223,7522.0,9,7524.0,215,7526.0,82,7528.0,57,7530.0,61,7522.0
PF410,,13:45:04.0#,7542.0,7562.0,7494.0,8064.0,7008.0,81430,149665,7512.0,110,7514.0,75,7516.0,90,7518.0,127,7520.0,223,7522.0,7,7524.0,207,7526.0,92,7528.0,57,7530.0,61,7522.0
PF410,,13:45:04.500#,7542.0,7562.0,7494.0,8064.0,7008.0,81430,149665,7512.0,110,7514.0,75,7516.0,90,7518.0,127,7520.0,224,7522.0,7,7524.0,206,7526.0,92,7528.0,57,7530.0,61,7522.0
PF410,,13:45:06.500#,7542.0,7562.0,7494.0,8064.0,7008.0,81430,149665,7512.0,110,7514.0,75,7516.0,90,7518.0,127,7520.0,223,7522.0,7,7524.0,206,7526.0,92,7528.0,57,7530.0,61,7522.0
PF410,,13:45:06.750#,7542.0,7562.0,7494.0,8064.0,7008.0,81430,149665,7512.0,110,7514.0,75,7516.0,91,7518.0,127,7520.0,223,7522.0,8,7524.0,206,7526.0,92,7528.0,57,7530.0,61,7522.0
PF410,,13:45:08.250#,7542.0,7562.0,7494.0,8064.0,7008.0,81431,149666,7512.0,110,7514.0,75,7516.0,91,7518.0,127,7520.0,222,7522.0,8,7524.0,206,7526.0,92,7528.0,57,7530.0,61,7520.0
PF410,,13:45:08.500#,7542.0,7562.0,7494.0,8064.0,7008.0,81431,149666,7512.0,110,7514.0,75,7516.0,91,7518.0,117,7520.0,232,7522.0,8,7524.0,206,7526.0,92,7528.0,57,7530.0,61,7520.0
PF410,,13:45:09.500#,7542.0,7562.0,7494.0,8064.0,7008.0,81431,149666,7512.0,110,7514.0,75,7516.0,91,7518.0,117,7520.0,233,7522.0,8,7524.0,206,7526.0,92,7528.0,57,7530.0,61,7520.0
PF410,,13:45:14.0#,7542.0,7562.0,7494.0,8064.0,7008.0,81439,149671,7514.0,75,7516.0,90,7518.0,87,7520.0,250,7522.0,44,7524.0,195,7526.0,142,7528.0,57,7530.0,61,7532.0,35,7522.0
PF410,,13:45:14.250#,7542.0,7562.0,7494.0,8064.0,7008.0,81439,149671,7514.0,75,7516.0,90,7518.0,88,7520.0,251,7522.0,44,7524.0,215,7526.0,122,7528.0,57,7530.0,61,7532.0,35,7522.0
PF410,,13:45:16.750#,7542.0,7562.0,7494.0,8064.0,7008.0,81461,149671,7514.0,75,7516.0,90,7518.0,88,7520.0,219,7522.0,44,7524.0,203,7526.0,122,7528.0,57,7530.0,61,7532.0,35,7524.0
PF410,,13:45:17.0#,7542.0,7562.0,7494.0,8064.0,7008.0,81461,149671,7514.0,75,7516.0,90,7518.0,88,7520.0,229,7522.0,42,7524.0,193,7526.0,132,7528.0,57,7530.0,61,7532.0,35,7524.0
PF410,,13:45:17.250#,7542.0,7562.0,7494.0,8064.0,7008.0,81461,149671,7514.0,75,7516.0,90,7518.0,88,7520.0,229,7522.0,42,7524.0,183,7526.0,142,7528.0,57,7530.0,61,7532.0,35,7524.0
PF410,,13:45:17.500#,7542.0,7562.0,7494.0,8064.0,7008.0,81461,149671,7514.0,75,7516.0,90,7518.0,88,7520.0,229,7522.0,42,7524.0,203,7526.0,132,7528.0,57,7530.0,61,7532.0,35,7524.0
PF410,,13:45:17.750#,7542.0,7562.0,7494.0,8064.0,7008.0,81461,149671,7514.0,75,7516.0,90,7518.0,88,7520.0,229,7522.0,39,7524.0,203,7526.0,132,7528.0,57,7530.0,61,7532.0,35,7524.0
PF410,,13:45:18.500#,7542.0,7562.0,7494.0,8064.0,7008.0,81461,149671,7514.0,75,7516.0,90,7518.0,88,7520.0,229,7522.0,37,7524.0,203,7526.0,132,7528.0,57,7530.0,61,7532.0,35,7524.0
PF410,,13:45:19.0#,7542.0,7562.0,7494.0,8064.0,7008.0,81481,149653,7514.0,75,7516.0,90,7518.0,88,7520.0,229,7522.0,5,7524.0,203,7526.0,132,7528.0,57,7530.0,61,7532.0,35,7522.0
PF410,,13:45:19.250#,7542.0,7562.0,7494.0,8064.0,7008.0,81488,149648,7514.0,75,7516.0,90,7518.0,88,7520.0,230,7522.0,33,7524.0,203,7526.0,132,7528.0,57,7530.0,61,7532.0,35,7522.0
PF410,,13:45:19.500#,7542.0,7562.0,7494.0,8064.0,7008.0,81488,149648,7514.0,75,7516.0,90,7518.0,88,7520.0,228,7522.0,37,7524.0,203,7526.0,132,7528.0,57,7530.0,61,7532.0,35,7522.0
PF410,,13:45:19.750#,7542.0,7562.0,7494.0,8064.0,7008.0,81489,149648,7514.0,75,7516.0,90,7518.0,88,7520.0,228,7522.0,37,7524.0,202,7526.0,132,7528.0,57,7530.0,61,7532.0,35,7524.0
PF410,,13:45:20.0#,7542.0,7562.0,7494.0,8064.0,7008.0,81489,149648,7514.0,75,7516.0,90,7518.0,88,7520.0,229,7522.0,37,7524.0,212,7526.0,122,7528.0,57,7530.0,61,7532.0,35,7524.0
PF410,,13:45:21.250#,7542.0,7562.0,7494.0,8064.0,7008.0,81489,149648,7514.0,75,7516.0,90,7518.0,88,7520.0,229,7522.0,37,7524.0,213,7526.0,122,7528.0,57,7530.0,61,7532.0,35,7524.0
PF410,,13:45:21.500#,7542.0,7562.0,7494.0,8064.0,7008.0,81489,149648,7514.0,75,7516.0,90,7518.0,88,7520.0,229,7522.0,11,7524.0,213,7526.0,122,7528.0,57,7530.0,61,7532.0,35,7524.0
PF410,,13:45:21.750#,7542.0,7562.0,7494.0,8064.0,7008.0,81489,149648,7514.0,75,7516.0,90,7518.0,88,7520.0,229,7522.0,9,7524.0,213,7526.0,122,7528.0,57,7530.0,61,7532.0,35,7524.0
PF410,,13:45:22.250#,7542.0,7562.0,7494.0,8064.0,7008.0,81489,149648,7514.0,75,7516.0,90,7518.0,88,7520.0,228,7522.0,9,7524.0,213,7526.0,122,7528.0,57,7530.0,61,7532.0,35,7524.0
PF410,,13:45:25.500#,7542.0,7562.0,7494.0,8064.0,7008.0,81489,149648,7514.0,75,7516.0,90,7518.0,88,7520.0,228,7522.0,9,7524.0,203,7526.0,122,7528.0,57,7530.0,71,7532.0,35,7524.0
PF410,,13:45:25.750#,7542.0,7562.0,7494.0,8064.0,7008.0,81490,149647,7514.0,75,7516.0,90,7518.0,88,7520.0,228,7522.0,8,7524.0,203,7526.0,122,7528.0,57,7530.0,71,7532.0,35,7522.0
PF410,,13:45:26.0#,7542.0,7562.0,7494.0,8064.0,7008.0,81500,149652,7512.0,109,7514.0,75,7516.0,90,7518.0,88,7520.0,248,7522.0,5,7524.0,173,7526.0,132,7528.0,57,7530.0,71,7522.0
PF410,,13:45:26.250#,7542.0,7562.0,7494.0,8064.0,7008.0,81500,149652,7512.0,110,7514.0,75,7516.0,90,7518.0,128,7520.0,200,7522.0,15,7524.0,207,7526.0,92,7528.0,57,7530.0,71,7522.0
PF410,,13:45:26.500#,7542.0,7562.0,7494.0,8064.0,7008.0,81500,149652,7512.0,110,7514.0,75,7516.0,90,7518.0,128,7520.0,198,7522.0,11,7524.0,215,7526.0,82,7528.0,57,7530.0,71,7522.0
PF410,,13:45:26.750#,7542.0,7562.0,7494.0,8064.0,7008.0,81515,149644,7512.0,110,7514.0,75,7516.0,90,7518.0,118,7520.0,208,7522.0,7,7524.0,217,7526.0,82,7528.0,57,7530.0,71,7522.0
PF410,,13:45:27.0#,7542.0,7562.0,7494.0,8064.0,7008.0,81515,149644,7512.0,110,7514.0,75,7516.0,90,7518.0,118,7520.0,215,7522.0,8,7524.0,219,7526.0,82,7528.0,57,7530.0,71,7522.0
PF410,,13:45:27.250#,7542.0,7562.0,7494.0,8064.0,7008.0,81515,149644,7512.0,110,7514.0,75,7516.0,90,7518.0,118,7520.0,208,7522.0,10,7524.0,217,7526.0,82,7528.0,57,7530.0,71,7522.0
PF410,,13:45:27.500#,7542.0,7562.0,7494.0,8064.0,7008.0,81515,149644,7512.0,110,7514.0,75,7516.0,90,7518.0,128,7520.0,198,7522.0,10,7524.0,217,7526.0,82,7528.0,57,7530.0,71,7522.0
PF410,,13:45:27.750#,7542.0,7562.0,7494.0,8064.0,7008.0,81515,149644,7512.0,110,7514.0,75,7516.0,90,7518.0,128,7520.0,199,7522.0,10,7524.0,217,7526.0,82,7528.0,57,7530.0,71,7522.0
PF410,,13:45:31.0#,7542.0,7562.0,7494.0,8064.0,7008.0,81515,149644,7512.0,110,7514.0,75,7516.0,90,7518.0,128,7520.0,198,7522.0,10,7524.0,217,7526.0,82,7528.0,57,7530.0,71,7522.0
PF410,,13:45:31.250#,7542.0,7562.0,7494.0,8064.0,7008.0,81515,149644,7512.0,110,7514.0,75,7516.0,90,7518.0,128,7520.0,199,7522.0,10,7524.0,217,7526.0,82,7528.0,57,7530.0,71,7522.0
PF410,,13:45:31.500#,7542.0,7562.0,7494.0,8064.0,7008.0,81515,149644,7512.0,110,7514.0,75,7516.0,90,7518.0,128,7520.0,201,7522.0,11,7524.0,217,7526.0,82,7528.0,57,7530.0,71,7522.0
PF410,,13:45:31.750#,7542.0,7562.0,7494.0,8064.0,7008.0,81516,149644,7512.0,110,7514.0,75,7516.0,90,7518.0,128,7520.0,202,7522.0,10,7524.0,217,7526.0,82,7528.0,57,7530.0,71,7522.0
PF410,,13:45:32.500#,7542.0,7562.0,7494.0,8064.0,7008.0,81526,149645,7514.0,75,7516.0,90,7518.0,128,7520.0,191,7522.0,10,7524.0,240,7526.0,82,7528.0,57,7530.0,71,7532.0,34,7522.0
PF410,,13:45:32.750#,7542.0,7562.0,7494.0,8064.0,7008.0,81526,149645,7514.0,75,7516.0,90,7518.0,88,7520.0,228,7522.0,51,7524.0,205,7526.0,122,7528.0,57,7530.0,71,7532.0,35,7522.0
PF410,,13:45:33.0#,7542.0,7562.0,7494.0,8064.0,7008.0,81526,149645,7514.0,75,7516.0,90,7518.0,88,7520.0,229,7522.0,51,7524.0,194,7526.0,132,7528.0,57,7530.0,71,7532.0,35,7522.0
PF410,,13:45:33.250#,7542.0,7562.0,7494.0,8064.0,7008.0,81526,149645,7514.0,75,7516.0,90,7518.0,88,7520.0,229,7522.0,51,7524.0,204,7526.0,122,7528.0,57,7530.0,71,7532.0,35,7522.0
PF410,,13:45:37.0#,7542.0,7562.0,7494.0,8064.0,7008.0,81526,149645,7514.0,75,7516.0,90,7518.0,88,7520.0,229,7522.0,51,7524.0,205,7526.0,122,7528.0,57,7530.0,71,7532.0,35,7522.0
PF410,,13:45:39.750#,7542.0,7562.0,7494.0,8064.0,7008.0,81526,149645,7514.0,75,7516.0,90,7518.0,88,7520.0,229,7522.0,51,7524.0,206,7526.0,122,7528.0,57,7530.0,71,7532.0,35,7522.0
PF410,,13:45:45.500#,7542.0,7562.0,7494.0,8064.0,7008.0,81549,149649,7514.0,75,7516.0,90,7518.0,88,7520.0,229,7522.0,51,7524.0,213,7526.0,122,7528.0,57,7530.0,71,7532.0,35,7524.0
PF410,,13:45:45.750#,7542.0,7562.0,7494.0,8064.0,7008.0,81549,149649,7514.0,75,7516.0,90,7518.0,88,7520.0,229,7522.0,54,7524.0,183,7526.0,142,7528.0,57,7530.0,71,7532.0,35,7524.0
PF410,,13:45:46.0#,7542.0,7562.0,7494.0,8064.0,7008.0,81549,149649,7514.0,75,7516.0,90,7518.0,88,7520.0,229,7522.0,54,7524.0,183,7526.0,142,7528.0,57,7530.0,71,7532.0,35,7524.0
PF410,,13:45:47.0#,7542.0,7562.0,7494.0,8064.0,7008.0,81554,149654,7514.0,75,7516.0,90,7518.0,88,7520.0,229,7522.0,49,7524.0,178,7526.0,142,7528.0,57,7530.0,71,7532.0,35,7522.0
PF410,,13:45:50.750#,7542.0,7562.0,7494.0,8064.0,7008.0,81555,149655,7514.0,75,7516.0,90,7518.0,88,7520.0,229,7522.0,18,7524.0,177,7526.0,142,7528.0,57,7530.0,71,7532.0,35,7522.0
PF410,,13:45:51.0#,7542.0,7562.0,7494.0,8064.0,7008.0,81574,149663,7514.0,75,7516.0,90,7518.0,88,7520.0,229,7522.0,13,7524.0,177,7526.0,142,7528.0,57,7530.0,71,7532.0,35,7522.0
PF410,,13:45:51.250#,7542.0,7562.0,7494.0,8064.0,7008.0,81574,149663,7514.0,75,7516.0,90,7518.0,88,7520.0,229,7522.0,16,7524.0,177,7526.0,142,7528.0,57,7530.0,71,7532.0,35,7522.0
PF410,,13:45:57.0#,7542.0,7562.0,7494.0,8064.0,7008.0,81574,149663,7514.0,75,7516.0,90,7518.0,88,7520.0,229,7522.0,16,7524.0,207,7526.0,142,7528.0,57,7530.0,71,7532.0,35,7522.0
PF410,,13:45:57.500#,7542.0,7562.0,7494.0,8064.0,7008.0,81574,149663,7514.0,75,7516.0,90,7518.0,88,7520.0,229,7522.0,16,7524.0,227,7526.0,132,7528.0,57,7530.0,71,7532.0,35,7522.0
PF410,,13:45:57.750#,7542.0,7562.0,7494.0,8064.0,7008.0,81581,149663,7514.0,75,7516.0,90,7518.0,88,7520.0,229,7522.0,9,7524.0,237,7526.0,122,7528.0,57,7530.0,71,7532.0,35,7522.0
PF410,,13:45:58.0#,7542.0,7562.0,7494.0,8064.0,7008.0,81581,149663,7514.0,75,7516.0,90,7518.0,88,7520.0,229,7522.0,9,7524.0,227,7526.0,132,7528.0,57,7530.0,71,7532.0,35,7522.0
PF410,,13:45:58.250#,7542.0,7562.0,7494.0,8064.0,7008.0,81581,149663,7514.0,75,7516.0,90,7518.0,88,7520.0,229,7522.0,9,7524.0,237,7526.0,122,7528.0,57,7530.0,71,7532.0,35,7522.0
PF410,,13:46:01.500#,7542.0,7562.0,7494.0,8064.0,7008.0,81581,149663,7514.0,75,7516.0,90,7518.0,88,7520.0,229,7522.0,9,7524.0,238,7526.0,122,7528.0,57,7530.0,71,7532.0,35,7522.0
PF410,,13:46:01.750#,7542.0,7562.0,7494.0,8064.0,7008.0,81592,149667,7512.0,109,7514.0,75,7516.0,90,7518.0,88,7520.0,246,7522.0,11,7524.0,216,7526.0,122,7528.0,57,7530.0,71,7522.0
PF410,,13:46:02.0#,7542.0,7562.0,7494.0,8064.0,7008.0,81592,149667,7512.0,110,7514.0,75,7516.0,90,7518.0,128,7520.0,197,7522.0,60,7524.0,249,7526.0,82,7528.0,57,7530.0,71,7522.0
PF410,,13:46:02.250#,7542.0,7562.0,7494.0,8064.0,7008.0,81592,149667,7512.0,110,7514.0,75,7516.0,90,7518.0,168,7520.0,147,7522.0,65,7524.0,248,7526.0,82,7528.0,57,7530.0,71,7522.0
PF410,,13:46:02.500#,7542.0,7562.0,7494.0,8064.0,7008.0,81592,149667,7512.0,110,7514.0,75,7516.0,90,7518.0,177,7520.0,138,7522.0,65,7524.0,248,7526.0,82,7528.0,57,7530.0,71,7522.0
PF410,,13:46:02.750#,7542.0,7562.0,7494.0,8064.0,7008.0,81592,149667,7512.0,110,7514.0,75,7516.0,90,7518.0,177,7520.0,139,7522.0,65,7524.0,248,7526.0,82,7528.0,57,7530.0,71,7522.0
PF410,,13:46:04.0#,7542.0,7562.0,7494.0,8064.0,7008.0,81592,149667,7512.0,110,7514.0,75,7516.0,90,7518.0,177,7520.0,139,7522.0,85,7524.0,248,7526.0,82,7528.0,57,7530.0,71,7522.0
PF410,,13:46:04.250#,7542.0,7562.0,7494.0,8064.0,7008.0,81592,149667,7512.0,110,7514.0,75,7516.0,90,7518.0,177,7520.0,140,7522.0,85,7524.0,248,7526.0,82,7528.0,57,7530.0,71,7522.0
PF410,,13:46:04.750#,7542.0,7562.0,7494.0,8064.0,7008.0,81592,149667,7512.0,110,7514.0,75,7516.0,90,7518.0,177,7520.0,140,7522.0,86,7524.0,248,7526.0,82,7528.0,57,7530.0,71,7522.0
PF410,,13:46:05.750#,7542.0,7562.0,7494.0,8064.0,7008.0,81592,149667,7512.0,110,7514.0,75,7516.0,90,7518.0,177,7520.0,140,7522.0,66,7524.0,248,7526.0,82,7528.0,57,7530.0,71,7522.0
PF410,,13:46:06.250#,7542.0,7562.0,7494.0,8064.0,7008.0,81592,149667,7512.0,110,7514.0,75,7516.0,90,7518.0,176,7520.0,140,7522.0,66,7524.0,249,7526.0,82,7528.0,57,7530.0,71,7522.0
PF410,,13:46:06.500#,7542.0,7562.0,7494.0,8064.0,7008.0,81592,149667,7512.0,110,7514.0,75,7516.0,90,7518.0,166,7520.0,165,7522.0,66,7524.0,249,7526.0,82,7528.0,57,7530.0,71,7522.0
PF410,,13:46:06.750#,7542.0,7562.0,7494.0,8064.0,7008.0,81592,149667,7512.0,110,7514.0,75,7516.0,91,7518.0,156,7520.0,175,7522.0,59,7524.0,249,7526.0,82,7528.0,57,7530.0,71,7522.0
PF410,,13:46:07.0#,7542.0,7562.0,7494.0,8064.0,7008.0,81592,149667,7512.0,110,7514.0,75,7516.0,91,7518.0,137,7520.0,194,7522.0,60,7524.0,249,7526.0,82,7528.0,57,7530.0,71,7522.0
PF410,,13:46:07.750#,7542.0,7562.0,7494.0,8064.0,7008.0,81592,149667,7512.0,110,7514.0,75,7516.0,91,7518.0,137,7520.0,194,7522.0,61,7524.0,249,7526.0,82,7528.0,57,7530.0,71,7522.0
PF410,,13:46:08.750#,7542.0,7562.0,7494.0,8064.0,7008.0,81592,149667,7512.0,110,7514.0,75,7516.0,91,7518.0,137,7520.0,193,7522.0,61,7524.0,249,7526.0,82,7528.0,57,7530.0,71,7522.0
PF410,,13:46:09.250#,7542.0,7562.0,7494.0,8064.0,7008.0,81592,149667,7512.0,110,7514.0,75,7516.0,91,7518.0,137,7520.0,193,7522.0,58,7524.0,249,7526.0,82,7528.0,57,7530.0,71,7522.0
