InstrumentId,ExchangeId,Datetime,OpenPrice,HighestPrice,LowestPrice,UpperLimitPrice,LowerLimitPrice,Volume,OpenInterest,BidPrice5,BidVolume5,BidPrice4,BidVolume4,BidPrice3,BidVolume3,BidPrice2,BidVolume2,BidPrice1,BidVolume1,AskPrice1,AskVolume1,AskPrice2,AskVolume2,AskPrice3,AskVolume3,AskPrice4,AskVolume4,AskPrice5,AskVolume5,LastPrice
PF411,,13:38:55.0#,7500.0,7524.0,7460.0,8030.0,6978.0,15091,40353,7476.0,5,7478.0,11,7480.0,5,7482.0,101,7484.0,75,7486.0,18,7488.0,331,7490.0,2,7494.0,2,7496.0,10,7486.0
PF411,,13:38:55.250#,7500.0,7524.0,7460.0,8030.0,6978.0,15091,40353,7476.0,5,7478.0,11,7480.0,5,7482.0,101,7484.0,65,7486.0,18,7488.0,321,7490.0,2,7494.0,2,7496.0,10,7486.0
PF411,,13:38:55.500#,7500.0,7524.0,7460.0,8030.0,6978.0,15091,40353,7476.0,5,7478.0,11,7480.0,5,7482.0,131,7484.0,45,7486.0,21,7488.0,331,7490.0,2,7494.0,2,7496.0,10,7486.0
PF411,,13:38:55.750#,7500.0,7524.0,7460.0,8030.0,6978.0,15091,40353,7476.0,5,7478.0,11,7480.0,5,7482.0,141,7484.0,35,7486.0,18,7488.0,331,7490.0,2,7494.0,2,7496.0,10,7486.0
PF411,,13:38:56.0#,7500.0,7524.0,7460.0,8030.0,6978.0,15091,40353,7476.0,5,7478.0,11,7480.0,5,7482.0,141,7484.0,35,7486.0,19,7488.0,331,7490.0,2,7494.0,2,7496.0,10,7486.0
PF411,,13:39:00.250#,7500.0,7524.0,7460.0,8030.0,6978.0,15091,40353,7476.0,5,7478.0,11,7480.0,5,7482.0,141,7484.0,35,7486.0,20,7488.0,331,7490.0,2,7494.0,2,7496.0,10,7486.0
PF411,,13:39:00.750#,7500.0,7524.0,7460.0,8030.0,6978.0,15091,40353,7476.0,5,7478.0,11,7480.0,5,7482.0,141,7484.0,35,7486.0,19,7488.0,331,7490.0,2,7494.0,2,7496.0,10,7486.0
PF411,,13:39:01.0#,7500.0,7524.0,7460.0,8030.0,6978.0,15091,40353,7476.0,5,7478.0,11,7480.0,5,7482.0,141,7484.0,35,7486.0,21,7488.0,331,7490.0,2,7494.0,2,7496.0,10,7486.0
PF411,,13:39:03.0#,7500.0,7524.0,7460.0,8030.0,6978.0,15091,40353,7476.0,5,7478.0,11,7480.0,5,7482.0,141,7484.0,35,7486.0,21,7488.0,321,7490.0,12,7494.0,2,7496.0,10,7486.0
PF411,,13:39:03.250#,7500.0,7524.0,7460.0,8030.0,6978.0,15091,40353,7476.0,5,7478.0,11,7480.0,5,7482.0,131,7484.0,47,7486.0,10,7488.0,311,7490.0,22,7494.0,2,7496.0,10,7486.0
PF411,,13:39:03.500#,7500.0,7524.0,7460.0,8030.0,6978.0,15091,40353,7476.0,5,7478.0,11,7480.0,5,7482.0,121,7484.0,71,7486.0,10,7488.0,311,7490.0,22,7494.0,2,7496.0,10,7486.0
PF411,,13:39:03.750#,7500.0,7524.0,7460.0,8030.0,6978.0,15091,40353,7476.0,5,7478.0,11,7480.0,5,7482.0,91,7484.0,101,7486.0,10,7488.0,311,7490.0,22,7494.0,2,7496.0,10,7486.0
PF411,,13:39:04.0#,7500.0,7524.0,7460.0,8030.0,6978.0,15091,40353,7476.0,5,7478.0,11,7480.0,5,7482.0,81,7484.0,111,7486.0,10,7488.0,311,7490.0,22,7494.0,2,7496.0,10,7486.0
PF411,,13:39:11.0#,7500.0,7524.0,7460.0,8030.0,6978.0,15091,40353,7476.0,5,7478.0,11,7480.0,5,7482.0,91,7484.0,98,7486.0,10,7488.0,321,7490.0,12,7494.0,2,7496.0,10,7486.0
PF411,,13:39:11.750#,7500.0,7524.0,7460.0,8030.0,6978.0,15091,40353,7476.0,5,7478.0,11,7480.0,5,7482.0,101,7484.0,88,7486.0,10,7488.0,331,7490.0,2,7494.0,2,7496.0,10,7486.0
PF411,,13:39:12.750#,7500.0,7524.0,7460.0,8030.0,6978.0,15091,40353,7476.0,5,7478.0,11,7480.0,5,7482.0,101,7484.0,91,7486.0,10,7488.0,331,7490.0,2,7494.0,2,7496.0,10,7486.0
PF411,,13:39:21.250#,7500.0,7524.0,7460.0,8030.0,6978.0,15092,40353,7476.0,5,7478.0,11,7480.0,5,7482.0,101,7484.0,90,7486.0,9,7488.0,331,7490.0,2,7494.0,2,7496.0,10,7486.0
PF411,,13:39:22.0#,7500.0,7524.0,7460.0,8030.0,6978.0,15092,40353,7476.0,5,7478.0,11,7480.0,5,7482.0,101,7484.0,75,7486.0,11,7488.0,331,7490.0,2,7494.0,2,7496.0,10,7486.0
PF411,,13:39:22.250#,7500.0,7524.0,7460.0,8030.0,6978.0,15092,40353,7476.0,5,7478.0,11,7480.0,5,7482.0,101,7484.0,75,7486.0,14,7488.0,331,7490.0,2,7494.0,2,7496.0,10,7486.0
PF411,,13:39:22.500#,7500.0,7524.0,7460.0,8030.0,6978.0,15092,40353,7476.0,5,7478.0,11,7480.0,5,7482.0,101,7484.0,75,7486.0,19,7488.0,331,7490.0,2,7494.0,2,7496.0,10,7486.0
PF411,,13:39:22.750#,7500.0,7524.0,7460.0,8030.0,6978.0,15092,40353,7476.0,5,7478.0,11,7480.0,5,7482.0,101,7484.0,75,7486.0,21,7488.0,331,7490.0,2,7494.0,2,7496.0,10,7486.0
PF411,,13:39:24.250#,7500.0,7524.0,7460.0,8030.0,6978.0,15092,40353,7476.0,5,7478.0,11,7480.0,5,7482.0,101,7484.0,83,7486.0,9,7488.0,331,7490.0,2,7494.0,2,7496.0,10,7486.0
PF411,,13:39:24.500#,7500.0,7524.0,7460.0,8030.0,6978.0,15092,40353,7476.0,5,7478.0,11,7480.0,5,7482.0,101,7484.0,90,7486.0,9,7488.0,321,7490.0,12,7494.0,2,7496.0,10,7486.0
PF411,,13:39:24.750#,7500.0,7524.0,7460.0,8030.0,6978.0,15092,40353,7476.0,5,7478.0,11,7480.0,5,7482.0,91,7484.0,100,7486.0,9,7488.0,321,7490.0,12,7494.0,2,7496.0,10,7486.0
PF411,,13:39:25.500#,7500.0,7524.0,7460.0,8030.0,6978.0,15092,40353,7476.0,5,7478.0,11,7480.0,5,7482.0,82,7484.0,109,7486.0,9,7488.0,312,7490.0,21,7494.0,2,7496.0,10,7486.0
PF411,,13:39:25.750#,7500.0,7524.0,7460.0,8030.0,6978.0,15092,40353,7476.0,5,7478.0,11,7480.0,5,7482.0,72,7484.0,119,7486.0,9,7488.0,302,7490.0,31,7494.0,2,7496.0,10,7486.0
PF411,,13:39:27.250#,7500.0,7524.0,7460.0,8030.0,6978.0,15092,40353,7476.0,5,7478.0,11,7480.0,5,7482.0,72,7484.0,119,7486.0,2,7488.0,302,7490.0,31,7494.0,2,7496.0,10,7486.0
PF411,,13:39:27.500#,7500.0,7524.0,7460.0,8030.0,6978.0,15092,40353,7476.0,5,7478.0,11,7480.0,5,7482.0,72,7484.0,119,7486.0,9,7488.0,302,7490.0,31,7494.0,2,7496.0,10,7486.0
PF411,,13:39:28.0#,7500.0,7524.0,7460.0,8030.0,6978.0,15092,40353,7476.0,5,7478.0,11,7480.0,5,7482.0,72,7484.0,119,7486.0,2,7488.0,292,7490.0,41,7494.0,2,7496.0,10,7486.0
PF411,,13:39:28.750#,7500.0,7524.0,7460.0,8030.0,6978.0,15092,40353,7476.0,5,7478.0,11,7480.0,5,7482.0,62,7484.0,129,7486.0,2,7488.0,292,7490.0,41,7494.0,2,7496.0,10,7486.0
PF411,,13:39:29.0#,7500.0,7524.0,7460.0,8030.0,6978.0,15094,40353,7478.0,11,7480.0,5,7482.0,62,7484.0,114,7486.0,2,7488.0,308,7490.0,41,7494.0,2,7496.0,10,7500.0,14,7486.0
PF411,,13:39:29.250#,7500.0,7524.0,7460.0,8030.0,6978.0,15094,40353,7478.0,11,7480.0,5,7482.0,12,7484.0,157,7486.0,10,7488.0,264,7490.0,91,7494.0,2,7496.0,10,7500.0,14,7486.0
PF411,,13:39:29.500#,7500.0,7524.0,7460.0,8030.0,6978.0,15094,40353,7478.0,11,7480.0,5,7482.0,12,7484.0,153,7486.0,16,7488.0,264,7490.0,91,7494.0,2,7496.0,10,7500.0,14,7486.0
PF411,,13:39:30.250#,7500.0,7524.0,7460.0,8030.0,6978.0,15094,40353,7478.0,11,7480.0,5,7482.0,12,7484.0,143,7486.0,16,7488.0,254,7490.0,91,7494.0,2,7496.0,10,7500.0,14,7486.0
PF411,,13:39:30.500#,7500.0,7524.0,7460.0,8030.0,6978.0,15094,40353,7478.0,11,7480.0,5,7482.0,12,7484.0,153,7486.0,16,7488.0,254,7490.0,101,7494.0,2,7496.0,10,7500.0,14,7486.0
PF411,,13:39:30.750#,7500.0,7524.0,7460.0,8030.0,6978.0,15094,40353,7478.0,11,7480.0,5,7482.0,12,7484.0,153,7486.0,16,7488.0,264,7490.0,91,7494.0,2,7496.0,10,7500.0,14,7486.0
PF411,,13:39:31.750#,7500.0,7524.0,7460.0,8030.0,6978.0,15094,40353,7478.0,11,7480.0,5,7482.0,12,7484.0,153,7486.0,20,7488.0,250,7490.0,91,7494.0,2,7496.0,10,7500.0,14,7486.0
PF411,,13:39:32.0#,7500.0,7524.0,7460.0,8030.0,6978.0,15094,40353,7478.0,11,7480.0,5,7482.0,12,7484.0,153,7486.0,31,7488.0,250,7490.0,91,7494.0,2,7496.0,10,7500.0,14,7486.0
PF411,,13:39:35.500#,7500.0,7524.0,7460.0,8030.0,6978.0,15094,40353,7478.0,11,7480.0,5,7482.0,12,7484.0,153,7486.0,26,7488.0,250,7490.0,91,7494.0,2,7496.0,10,7500.0,14,7486.0
PF411,,13:39:38.750#,7500.0,7524.0,7460.0,8030.0,6978.0,15094,40353,7478.0,11,7480.0,5,7482.0,2,7484.0,163,7486.0,26,7488.0,240,7490.0,101,7494.0,2,7496.0,10,7500.0,14,7486.0
PF411,,13:39:39.750#,7500.0,7524.0,7460.0,8030.0,6978.0,15094,40353,7478.0,11,7480.0,5,7482.0,2,7484.0,163,7486.0,31,7488.0,240,7490.0,101,7494.0,2,7496.0,10,7500.0,14,7486.0
PF411,,13:39:40.500#,7500.0,7524.0,7460.0,8030.0,6978.0,15094,40353,7478.0,11,7480.0,5,7482.0,2,7484.0,163,7486.0,30,7488.0,240,7490.0,101,7494.0,2,7496.0,10,7500.0,14,7486.0
PF411,,13:39:40.750#,7500.0,7524.0,7460.0,8030.0,6978.0,15094,40353,7478.0,11,7480.0,5,7482.0,2,7484.0,163,7486.0,26,7488.0,240,7490.0,101,7494.0,2,7496.0,10,7500.0,14,7486.0
PF411,,13:39:41.750#,7500.0,7524.0,7460.0,8030.0,6978.0,15094,40353,7478.0,11,7480.0,5,7482.0,2,7484.0,163,7486.0,31,7488.0,240,7490.0,101,7494.0,2,7496.0,10,7500.0,14,7486.0
PF411,,13:39:42.250#,7500.0,7524.0,7460.0,8030.0,6978.0,15094,40353,7478.0,11,7480.0,5,7482.0,2,7484.0,163,7486.0,31,7488.0,241,7490.0,101,7494.0,2,7496.0,10,7500.0,14,7486.0
PF411,,13:39:44.500#,7500.0,7524.0,7460.0,8030.0,6978.0,15094,40353,7478.0,11,7480.0,5,7482.0,2,7484.0,163,7486.0,31,7488.0,234,7490.0,101,7494.0,2,7496.0,10,7500.0,14,7486.0
PF411,,13:39:44.750#,7500.0,7524.0,7460.0,8030.0,6978.0,15094,40353,7478.0,11,7480.0,5,7482.0,2,7484.0,163,7486.0,31,7488.0,241,7490.0,101,7494.0,2,7496.0,10,7500.0,14,7486.0
PF411,,13:39:45.750#,7500.0,7524.0,7460.0,8030.0,6978.0,15094,40353,7478.0,11,7480.0,5,7482.0,2,7484.0,163,7486.0,30,7488.0,241,7490.0,101,7494.0,2,7496.0,10,7500.0,14,7486.0
PF411,,13:39:47.250#,7500.0,7524.0,7460.0,8030.0,6978.0,15094,40353,7478.0,11,7480.0,5,7482.0,2,7484.0,163,7486.0,31,7488.0,241,7490.0,101,7494.0,2,7496.0,10,7500.0,14,7486.0
PF411,,13:39:53.250#,7500.0,7524.0,7460.0,8030.0,6978.0,15094,40353,7478.0,11,7480.0,5,7482.0,2,7484.0,163,7486.0,30,7488.0,241,7490.0,101,7494.0,2,7496.0,10,7500.0,14,7486.0
PF411,,13:39:53.500#,7500.0,7524.0,7460.0,8030.0,6978.0,15096,40353,7478.0,11,7480.0,5,7482.0,2,7484.0,163,7486.0,29,7488.0,239,7490.0,101,7494.0,2,7496.0,10,7500.0,14,7488.0
PF411,,13:39:56.500#,7500.0,7524.0,7460.0,8030.0,6978.0,15096,40353,7478.0,11,7480.0,5,7482.0,2,7484.0,163,7486.0,29,7488.0,239,7490.0,101,7494.0,2,7496.0,10,7500.0,14,7488.0
PF411,,13:40:03.750#,7500.0,7524.0,7460.0,8030.0,6978.0,15136,40363,7478.0,11,7480.0,5,7482.0,2,7484.0,150,7486.0,36,7488.0,208,7490.0,101,7494.0,2,7496.0,10,7500.0,14,7486.0
PF411,,13:40:04.0#,7500.0,7524.0,7460.0,8030.0,6978.0,15136,40363,7478.0,11,7480.0,5,7482.0,2,7484.0,150,7486.0,46,7488.0,201,7490.0,101,7492.0,10,7494.0,2,7496.0,10,7486.0
PF411,,13:40:04.250#,7500.0,7524.0,7460.0,8030.0,6978.0,15136,40363,7478.0,11,7480.0,5,7482.0,2,7484.0,150,7486.0,46,7488.0,211,7490.0,91,7492.0,10,7494.0,2,7496.0,10,7486.0
PF411,,13:40:05.500#,7500.0,7524.0,7460.0,8030.0,6978.0,15136,40363,7478.0,11,7480.0,5,7482.0,2,7484.0,150,7486.0,46,7488.0,218,7490.0,91,7492.0,10,7494.0,2,7496.0,10,7486.0
PF411,,13:40:05.750#,7500.0,7524.0,7460.0,8030.0,6978.0,15136,40363,7478.0,11,7480.0,5,7482.0,2,7484.0,150,7486.0,46,7488.0,211,7490.0,91,7492.0,10,7494.0,2,7496.0,10,7486.0
PF411,,13:40:06.250#,7500.0,7524.0,7460.0,8030.0,6978.0,15136,40363,7478.0,11,7480.0,5,7482.0,2,7484.0,150,7486.0,46,7488.0,218,7490.0,91,7492.0,10,7494.0,2,7496.0,10,7486.0
PF411,,13:40:08.0#,7500.0,7524.0,7460.0,8030.0,6978.0,15140,40367,7478.0,11,7480.0,5,7482.0,2,7484.0,150,7486.0,42,7488.0,218,7490.0,91,7492.0,10,7494.0,2,7496.0,10,7486.0
PF411,,13:40:11.250#,7500.0,7524.0,7460.0,8030.0,6978.0,15140,40367,7478.0,11,7480.0,5,7482.0,12,7484.0,140,7486.0,42,7488.0,228,7490.0,81,7492.0,10,7494.0,2,7496.0,10,7486.0
PF411,,13:40:11.500#,7500.0,7524.0,7460.0,8030.0,6978.0,15140,40367,7478.0,11,7480.0,5,7482.0,12,7484.0,140,7486.0,42,7488.0,218,7490.0,91,7492.0,10,7494.0,2,7496.0,10,7486.0
PF411,,13:40:11.750#,7500.0,7524.0,7460.0,8030.0,6978.0,15140,40367,7478.0,11,7480.0,5,7482.0,2,7484.0,150,7486.0,42,7488.0,218,7490.0,91,7492.0,10,7494.0,2,7496.0,10,7486.0
PF411,,13:40:12.0#,7500.0,7524.0,7460.0,8030.0,6978.0,15140,40367,7478.0,11,7480.0,5,7482.0,2,7484.0,140,7486.0,42,7488.0,218,7490.0,81,7492.0,10,7494.0,2,7496.0,10,7486.0
PF411,,13:40:16.250#,7500.0,7524.0,7460.0,8030.0,6978.0,15140,40367,7478.0,11,7480.0,5,7482.0,2,7484.0,150,7486.0,32,7488.0,218,7490.0,91,7494.0,2,7496.0,10,7500.0,14,7486.0
PF411,,13:40:16.500#,7500.0,7524.0,7460.0,8030.0,6978.0,15140,40367,7478.0,11,7480.0,5,7482.0,12,7484.0,150,7486.0,32,7488.0,218,7490.0,101,7494.0,2,7496.0,10,7500.0,14,7486.0
PF411,,13:40:17.0#,7500.0,7524.0,7460.0,8030.0,6978.0,15140,40367,7478.0,11,7480.0,5,7482.0,2,7484.0,160,7486.0,32,7488.0,218,7490.0,101,7494.0,2,7496.0,10,7500.0,14,7486.0
PF411,,13:40:25.500#,7500.0,7524.0,7460.0,8030.0,6978.0,15156,40383,7478.0,11,7480.0,5,7482.0,2,7484.0,160,7486.0,31,7488.0,202,7490.0,101,7494.0,2,7496.0,10,7500.0,14,7488.0
PF411,,13:40:25.750#,7500.0,7524.0,7460.0,8030.0,6978.0,15197,40382,7478.0,11,7480.0,5,7482.0,2,7484.0,160,7486.0,16,7488.0,222,7490.0,101,7494.0,2,7496.0,10,7500.0,14,7486.0
PF411,,13:40:26.0#,7500.0,7524.0,7460.0,8030.0,6978.0,15199,40384,7478.0,11,7480.0,5,7482.0,2,7484.0,160,7486.0,16,7488.0,221,7490.0,101,7494.0,2,7496.0,10,7500.0,14,7486.0
PF411,,13:40:26.250#,7500.0,7524.0,7460.0,8030.0,6978.0,15261,40371,7478.0,11,7480.0,5,7482.0,2,7484.0,160,7486.0,16,7488.0,209,7490.0,101,7494.0,2,7496.0,10,7500.0,14,7486.0
PF411,,13:40:26.500#,7500.0,7524.0,7460.0,8030.0,6978.0,15294,40393,7478.0,11,7480.0,5,7482.0,2,7484.0,150,7486.0,25,7488.0,192,7490.0,101,7494.0,2,7496.0,10,7500.0,14,7486.0
PF411,,13:40:26.750#,7500.0,7524.0,7460.0,8030.0,6978.0,15296,40395,7478.0,11,7480.0,5,7482.0,2,7484.0,150,7486.0,26,7488.0,192,7490.0,101,7494.0,2,7496.0,10,7500.0,14,7486.0
PF411,,13:40:27.0#,7500.0,7524.0,7460.0,8030.0,6978.0,15350,40372,7478.0,11,7480.0,5,7482.0,2,7484.0,150,7486.0,23,7488.0,192,7490.0,101,7494.0,2,7496.0,10,7500.0,14,7486.0
PF411,,13:40:27.250#,7500.0,7524.0,7460.0,8030.0,6978.0,15383,40379,7478.0,11,7480.0,5,7482.0,2,7484.0,160,7486.0,16,7488.0,208,7490.0,101,7494.0,2,7496.0,10,7500.0,14,7486.0
PF411,,13:40:27.500#,7500.0,7524.0,7460.0,8030.0,6978.0,15385,40381,7478.0,11,7480.0,5,7482.0,2,7484.0,160,7486.0,16,7488.0,219,7490.0,101,7494.0,2,7496.0,10,7500.0,14,7486.0
PF411,,13:40:27.750#,7500.0,7524.0,7460.0,8030.0,6978.0,15437,40371,7478.0,11,7480.0,5,7482.0,2,7484.0,160,7486.0,16,7488.0,207,7490.0,101,7494.0,2,7496.0,10,7500.0,14,7486.0
PF411,,13:40:28.0#,7500.0,7524.0,7460.0,8030.0,6978.0,15468,40395,7478.0,11,7480.0,5,7482.0,2,7484.0,160,7486.0,24,7488.0,202,7490.0,101,7494.0,2,7496.0,10,7500.0,14,7486.0
PF411,,13:40:28.250#,7500.0,7524.0,7460.0,8030.0,6978.0,15470,40395,7478.0,11,7480.0,5,7482.0,2,7484.0,160,7486.0,24,7488.0,202,7490.0,101,7494.0,2,7496.0,10,7500.0,14,7486.0
PF411,,13:40:28.500#,7500.0,7524.0,7460.0,8030.0,6978.0,15520,40382,7478.0,11,7480.0,5,7482.0,2,7484.0,160,7486.0,23,7488.0,202,7490.0,101,7494.0,2,7496.0,10,7500.0,14,7486.0
PF411,,13:40:28.750#,7500.0,7524.0,7460.0,8030.0,6978.0,15553,40384,7478.0,11,7480.0,5,7482.0,2,7484.0,160,7486.0,16,7488.0,209,7490.0,101,7494.0,2,7496.0,10,7500.0,14,7486.0
PF411,,13:40:29.0#,7500.0,7524.0,7460.0,8030.0,6978.0,15555,40386,7478.0,11,7480.0,5,7482.0,2,7484.0,160,7486.0,16,7488.0,221,7490.0,101,7494.0,2,7496.0,10,7500.0,14,7486.0
PF411,,13:40:29.250#,7500.0,7524.0,7460.0,8030.0,6978.0,15609,40371,7478.0,11,7480.0,5,7482.0,2,7484.0,160,7486.0,16,7488.0,209,7490.0,101,7494.0,2,7496.0,10,7500.0,14,7486.0
PF411,,13:40:29.500#,7500.0,7524.0,7460.0,8030.0,6978.0,15642,40395,7478.0,11,7480.0,5,7482.0,2,7484.0,160,7486.0,22,7488.0,202,7490.0,101,7494.0,2,7496.0,10,7500.0,14,7486.0
PF411,,13:40:29.750#,7500.0,7524.0,7460.0,8030.0,6978.0,15644,40395,7478.0,11,7480.0,5,7482.0,2,7484.0,160,7486.0,26,7488.0,202,7490.0,101,7494.0,2,7496.0,10,7500.0,14,7486.0
PF411,,13:40:30.0#,7500.0,7524.0,7460.0,8030.0,6978.0,15698,40382,7478.0,11,7480.0,5,7482.0,2,7484.0,160,7486.0,23,7488.0,202,7490.0,101,7494.0,2,7496.0,10,7500.0,14,7486.0
PF411,,13:40:30.250#,7500.0,7524.0,7460.0,8030.0,6978.0,15731,40389,7478.0,11,7480.0,5,7482.0,2,7484.0,160,7486.0,16,7488.0,208,7490.0,101,7494.0,2,7496.0,10,7500.0,14,7486.0
PF411,,13:40:30.500#,7500.0,7524.0,7460.0,8030.0,6978.0,15733,40391,7478.0,11,7480.0,5,7482.0,2,7484.0,160,7486.0,16,7488.0,222,7490.0,101,7494.0,2,7496.0,10,7500.0,14,7486.0
PF411,,13:40:30.750#,7500.0,7524.0,7460.0,8030.0,6978.0,15787,40371,7478.0,11,7480.0,5,7482.0,2,7484.0,160,7486.0,16,7488.0,208,7490.0,101,7494.0,2,7496.0,10,7500.0,14,7486.0
PF411,,13:40:31.0#,7500.0,7524.0,7460.0,8030.0,6978.0,15818,40395,7478.0,11,7480.0,5,7482.0,2,7484.0,160,7486.0,23,7488.0,203,7490.0,101,7494.0,2,7496.0,10,7500.0,14,7486.0
PF411,,13:40:31.250#,7500.0,7524.0,7460.0,8030.0,6978.0,15820,40395,7478.0,11,7480.0,5,7482.0,2,7484.0,160,7486.0,25,7488.0,203,7490.0,101,7494.0,2,7496.0,10,7500.0,14,7486.0
PF411,,13:40:31.500#,7500.0,7524.0,7460.0,8030.0,6978.0,15872,40384,7478.0,11,7480.0,5,7482.0,2,7484.0,160,7486.0,25,7488.0,203,7490.0,101,7494.0,2,7496.0,10,7500.0,14,7486.0
PF411,,13:40:34.750#,7500.0,7524.0,7460.0,8030.0,6978.0,15872,40384,7478.0,11,7480.0,5,7482.0,2,7484.0,140,7486.0,35,7488.0,192,7490.0,91,7492.0,10,7494.0,2,7496.0,10,7486.0
PF411,,13:40:35.0#,7500.0,7524.0,7460.0,8030.0,6978.0,15872,40384,7478.0,11,7480.0,4,7482.0,2,7484.0,150,7486.0,35,7488.0,192,7490.0,101,7492.0,10,7494.0,2,7496.0,10,7486.0
PF411,,13:40:35.250#,7500.0,7524.0,7460.0,8030.0,6978.0,15872,40384,7478.0,11,7480.0,4,7482.0,3,7484.0,150,7486.0,35,7488.0,202,7490.0,91,7492.0,10,7494.0,2,7496.0,10,7486.0
PF411,,13:40:35.750#,7500.0,7524.0,7460.0,8030.0,6978.0,15872,40384,7478.0,11,7480.0,4,7482.0,3,7484.0,160,7486.0,25,7488.0,202,7490.0,101,7494.0,2,7496.0,10,7500.0,14,7486.0
PF411,,13:40:36.750#,7500.0,7524.0,7460.0,8030.0,6978.0,15872,40384,7478.0,11,7480.0,4,7482.0,13,7484.0,150,7486.0,24,7488.0,213,7490.0,91,7494.0,2,7496.0,10,7500.0,14,7486.0
PF411,,13:40:38.0#,7500.0,7524.0,7460.0,8030.0,6978.0,15872,40384,7478.0,11,7480.0,4,7482.0,3,7484.0,160,7486.0,24,7488.0,203,7490.0,101,7494.0,2,7496.0,10,7500.0,14,7486.0
PF411,,13:40:38.750#,7500.0,7524.0,7460.0,8030.0,6978.0,15872,40384,7478.0,11,7480.0,4,7482.0,3,7484.0,160,7486.0,25,7488.0,203,7490.0,101,7494.0,2,7496.0,10,7500.0,14,7486.0
PF411,,13:40:39.0#,7500.0,7524.0,7460.0,8030.0,6978.0,15872,40384,7478.0,11,7480.0,4,7482.0,3,7484.0,160,7486.0,25,7488.0,202,7490.0,101,7494.0,2,7496.0,10,7500.0,14,7486.0
PF411,,13:40:39.250#,7500.0,7524.0,7460.0,8030.0,6978.0,15872,40384,7478.0,11,7480.0,4,7482.0,3,7484.0,150,7486.0,35,7488.0,202,7490.0,91,7492.0,10,7494.0,2,7496.0,10,7486.0
PF411,,13:40:39.750#,7500.0,7524.0,7460.0,8030.0,6978.0,15872,40384,7478.0,11,7480.0,4,7482.0,3,7484.0,160,7486.0,25,7488.0,202,7490.0,101,7494.0,2,7496.0,10,7500.0,14,7486.0
PF411,,13:40:45.500#,7500.0,7524.0,7460.0,8030.0,6978.0,15872,40384,7478.0,11,7480.0,4,7482.0,3,7484.0,160,7486.0,29,7488.0,202,7490.0,101,7494.0,2,7496.0,10,7500.0,14,7486.0
PF411,,13:40:51.750#,7500.0,7524.0,7460.0,8030.0,6978.0,15872,40384,7478.0,11,7480.0,4,7482.0,3,7484.0,160,7486.0,29,7488.0,203,7490.0,101,7494.0,2,7496.0,10,7500.0,14,7486.0
PF411,,13:40:52.500#,7500.0,7524.0,7460.0,8030.0,6978.0,15872,40384,7478.0,11,7480.0,4,7482.0,3,7484.0,160,7486.0,29,7488.0,202,7490.0,101,7494.0,2,7496.0,10,7500.0,14,7486.0
PF411,,13:40:55.750#,7500.0,7524.0,7460.0,8030.0,6978.0,15872,40384,7478.0,11,7480.0,4,7482.0,3,7484.0,160,7486.0,29,7488.0,195,7490.0,101,7494.0,2,7496.0,10,7500.0,14,7486.0
PF411,,13:40:58.250#,7500.0,7524.0,7460.0,8030.0,6978.0,15872,40384,7478.0,11,7480.0,4,7482.0,3,7484.0,155,7486.0,29,7488.0,195,7490.0,101,7494.0,2,7496.0,10,7500.0,14,7486.0
PF411,,13:40:58.500#,7500.0,7524.0,7460.0,8030.0,6978.0,15872,40384,7478.0,11,7480.0,4,7482.0,3,7484.0,155,7486.0,34,7488.0,195,7490.0,101,7494.0,2,7496.0,10,7500.0,14,7486.0
PF411,,13:41:02.750#,7500.0,7524.0,7460.0,8030.0,6978.0,15872,40384,7478.0,11,7480.0,4,7482.0,3,7484.0,155,7486.0,34,7488.0,195,7490.0,101,7494.0,2,7496.0,10,7500.0,14,7486.0
PF411,,13:41:08.500#,7500.0,7524.0,7460.0,8030.0,6978.0,15872,40384,7478.0,11,7480.0,4,7482.0,13,7484.0,145,7486.0,34,7488.0,207,7490.0,91,7494.0,2,7496.0,10,7500.0,14,7486.0
PF411,,13:41:11.750#,7500.0,7524.0,7460.0,8030.0,6978.0,15872,40384,7478.0,11,7480.0,4,7482.0,3,7484.0,155,7486.0,34,7488.0,197,7490.0,101,7494.0,2,7496.0,10,7500.0,14,7486.0
PF411,,13:41:12.500#,7500.0,7524.0,7460.0,8030.0,6978.0,15872,40384,7478.0,11,7480.0,4,7482.0,3,7484.0,155,7486.0,39,7488.0,197,7490.0,101,7494.0,2,7496.0,10,7500.0,14,7486.0
PF411,,13:41:14.500#,7500.0,7524.0,7460.0,8030.0,6978.0,15872,40384,7478.0,11,7480.0,4,7482.0,3,7484.0,155,7486.0,39,7488.0,196,7490.0,101,7494.0,2,7496.0,10,7500.0,14,7486.0
PF411,,13:41:20.250#,7500.0,7524.0,7460.0,8030.0,6978.0,15872,40384,7478.0,11,7480.0,4,7482.0,12,7484.0,145,7486.0,39,7488.0,207,7490.0,91,7494.0,2,7496.0,10,7500.0,14,7486.0
PF411,,13:41:20.500#,7500.0,7524.0,7460.0,8030.0,6978.0,15872,40384,7478.0,11,7480.0,5,7482.0,12,7484.0,145,7486.0,39,7488.0,214,7490.0,91,7494.0,2,7496.0,10,7500.0,14,7486.0
PF411,,13:41:20.750#,7500.0,7524.0,7460.0,8030.0,6978.0,15872,40384,7478.0,11,7480.0,5,7482.0,2,7484.0,155,7486.0,39,7488.0,204,7490.0,101,7494.0,2,7496.0,10,7500.0,14,7486.0
PF411,,13:41:25.250#,7500.0,7524.0,7460.0,8030.0,6978.0,15872,40384,7478.0,11,7480.0,5,7482.0,2,7484.0,155,7486.0,39,7488.0,197,7490.0,101,7494.0,2,7496.0,10,7500.0,14,7486.0
PF411,,13:41:27.250#,7500.0,7524.0,7460.0,8030.0,6978.0,15872,40384,7478.0,11,7480.0,5,7482.0,2,7484.0,155,7486.0,39,7488.0,197,7490.0,101,7494.0,2,7496.0,10,7500.0,14,7486.0
PF411,,13:41:27.500#,7500.0,7524.0,7460.0,8030.0,6978.0,15872,40384,7478.0,11,7480.0,5,7482.0,2,7484.0,155,7486.0,39,7488.0,204,7490.0,101,7494.0,2,7496.0,10,7500.0,14,7486.0
PF411,,13:41:27.750#,7500.0,7524.0,7460.0,8030.0,6978.0,15872,40384,7478.0,11,7480.0,5,7482.0,2,7484.0,145,7486.0,39,7488.0,194,7490.0,101,7494.0,2,7496.0,10,7500.0,14,7486.0
PF411,,13:41:28.0#,7500.0,7524.0,7460.0,8030.0,6978.0,15872,40384,7478.0,11,7480.0,5,7482.0,2,7484.0,155,7486.0,39,7488.0,187,7490.0,111,7494.0,2,7496.0,10,7500.0,14,7486.0
PF411,,13:41:28.250#,7500.0,7524.0,7460.0,8030.0,6978.0,15872,40384,7478.0,11,7480.0,5,7482.0,2,7484.0,155,7486.0,39,7488.0,204,7490.0,101,7494.0,2,7496.0,10,7500.0,14,7486.0
PF411,,13:41:32.0#,7500.0,7524.0,7460.0,8030.0,6978.0,15872,40384,7478.0,11,7480.0,5,7482.0,2,7484.0,145,7486.0,49,7488.0,197,7490.0,91,7492.0,10,7494.0,2,7496.0,10,7486.0
PF411,,13:41:32.750#,7500.0,7524.0,7460.0,8030.0,6978.0,15877,40389,7478.0,11,7480.0,5,7482.0,2,7484.0,145,7486.0,49,7488.0,192,7490.0,91,7492.0,10,7494.0,2,7496.0,10,7488.0
PF411,,13:41:36.750#,7500.0,7524.0,7460.0,8030.0,6978.0,15877,40389,7478.0,11,7480.0,5,7482.0,12,7484.0,135,7486.0,48,7488.0,202,7490.0,81,7492.0,10,7494.0,2,7496.0,10,7488.0
PF411,,13:41:37.0#,7500.0,7524.0,7460.0,8030.0,6978.0,15877,40389,7478.0,11,7480.0,5,7482.0,22,7484.0,125,7486.0,48,7488.0,212,7490.0,71,7492.0,10,7494.0,2,7496.0,10,7488.0
PF411,,13:41:37.250#,7500.0,7524.0,7460.0,8030.0,6978.0,15877,40389,7478.0,11,7480.0,5,7482.0,12,7484.0,135,7486.0,48,7488.0,202,7490.0,81,7492.0,10,7494.0,2,7496.0,10,7488.0
PF411,,13:41:37.500#,7500.0,7524.0,7460.0,8030.0,6978.0,15877,40389,7478.0,11,7480.0,5,7482.0,2,7484.0,145,7486.0,48,7488.0,192,7490.0,91,7492.0,10,7494.0,2,7496.0,10,7488.0
PF411,,13:41:37.750#,7500.0,7524.0,7460.0,8030.0,6978.0,15877,40389,7478.0,11,7480.0,5,7482.0,2,7484.0,145,7486.0,49,7488.0,192,7490.0,91,7492.0,10,7494.0,2,7496.0,10,7488.0
PF411,,13:41:41.250#,7500.0,7524.0,7460.0,8030.0,6978.0,15877,40389,7478.0,11,7480.0,5,7482.0,2,7484.0,145,7486.0,49,7488.0,191,7490.0,91,7492.0,10,7494.0,2,7496.0,10,7488.0
PF411,,13:41:58.750#,7500.0,7524.0,7460.0,8030.0,6978.0,15877,40389,7478.0,11,7480.0,5,7482.0,2,7484.0,135,7486.0,49,7488.0,181,7490.0,91,7492.0,10,7494.0,2,7496.0,10,7488.0
PF411,,13:41:59.0#,7500.0,7524.0,7460.0,8030.0,6978.0,15885,40389,7478.0,11,7480.0,5,7482.0,2,7484.0,145,7486.0,49,7488.0,183,7490.0,91,7492.0,10,7494.0,2,7496.0,10,7488.0
PF411,,13:42:09.500#,7500.0,7524.0,7460.0,8030.0,6978.0,15885,40389,7478.0,11,7480.0,5,7482.0,2,7484.0,155,7486.0,39,7488.0,183,7490.0,101,7494.0,2,7496.0,10,7500.0,14,7488.0
PF411,,13:42:34.500#,7500.0,7524.0,7460.0,8030.0,6978.0,15885,40389,7478.0,11,7480.0,5,7482.0,2,7484.0,155,7486.0,39,7488.0,191,7490.0,101,7494.0,2,7496.0,10,7500.0,14,7488.0
PF411,,13:42:35.0#,7500.0,7524.0,7460.0,8030.0,6978.0,15885,40389,7478.0,11,7480.0,5,7482.0,2,7484.0,155,7486.0,39,7488.0,184,7490.0,101,7494.0,2,7496.0,10,7500.0,14,7488.0
PF411,,13:42:42.500#,7500.0,7524.0,7460.0,8030.0,6978.0,15885,40389,7478.0,11,7480.0,5,7482.0,2,7484.0,155,7486.0,39,7488.0,191,7490.0,101,7494.0,2,7496.0,10,7500.0,14,7488.0
PF411,,13:42:43.750#,7500.0,7524.0,7460.0,8030.0,6978.0,15885,40389,7478.0,11,7480.0,5,7482.0,12,7484.0,145,7486.0,39,7488.0,201,7490.0,91,7494.0,2,7496.0,10,7500.0,14,7488.0
PF411,,13:42:47.500#,7500.0,7524.0,7460.0,8030.0,6978.0,15885,40389,7478.0,11,7480.0,5,7482.0,2,7484.0,155,7486.0,38,7488.0,192,7490.0,101,7494.0,2,7496.0,10,7500.0,14,7488.0
PF411,,13:43:01.250#,7500.0,7524.0,7460.0,8030.0,6978.0,15885,40389,7478.0,11,7480.0,5,7482.0,2,7484.0,155,7486.0,29,7488.0,196,7490.0,101,7494.0,2,7496.0,10,7500.0,14,7488.0
PF411,,13:43:01.500#,7500.0,7524.0,7460.0,8030.0,6978.0,15890,40391,7478.0,11,7480.0,5,7482.0,12,7484.0,145,7486.0,20,7488.0,206,7490.0,101,7494.0,2,7496.0,10,7500.0,14,7486.0
PF411,,13:43:01.750#,7500.0,7524.0,7460.0,8030.0,6978.0,15910,40392,7476.0,5,7478.0,11,7480.0,5,7482.0,12,7484.0,156,7486.0,5,7488.0,202,7490.0,91,7494.0,2,7496.0,10,7486.0
PF411,,13:43:02.0#,7500.0,7524.0,7460.0,8030.0,6978.0,15910,40392,7476.0,5,7478.0,11,7480.0,5,7482.0,72,7484.0,105,7486.0,9,7488.0,252,7490.0,41,7494.0,2,7496.0,10,7486.0
PF411,,13:43:02.250#,7500.0,7524.0,7460.0,8030.0,6978.0,15910,40392,7476.0,5,7478.0,11,7480.0,5,7482.0,82,7484.0,95,7486.0,11,7488.0,260,7490.0,31,7494.0,2,7496.0,10,7486.0
PF411,,13:43:02.750#,7500.0,7524.0,7460.0,8030.0,6978.0,15910,40392,7476.0,5,7478.0,11,7480.0,5,7482.0,101,7484.0,76,7486.0,18,7488.0,282,7490.0,2,7494.0,2,7496.0,10,7486.0
PF411,,13:43:03.0#,7500.0,7524.0,7460.0,8030.0,6978.0,15910,40392,7476.0,5,7478.0,11,7480.0,4,7482.0,101,7484.0,66,7486.0,20,7488.0,270,7490.0,2,7494.0,1,7496.0,10,7486.0
PF411,,13:43:03.250#,7500.0,7524.0,7460.0,8030.0,6978.0,15910,40392,7476.0,5,7478.0,12,7480.0,14,7482.0,131,7484.0,36,7486.0,30,7488.0,270,7490.0,2,7492.0,1,7494.0,1,7486.0
PF411,,13:43:03.500#,7500.0,7524.0,7460.0,8030.0,6978.0,15910,40392,7476.0,5,7478.0,12,7480.0,14,7482.0,131,7484.0,36,7486.0,20,7488.0,280,7490.0,2,7492.0,1,7494.0,1,7486.0
PF411,,13:43:04.0#,7500.0,7524.0,7460.0,8030.0,6978.0,15910,40392,7476.0,5,7478.0,12,7480.0,4,7482.0,141,7484.0,36,7486.0,19,7488.0,280,7490.0,2,7492.0,1,7494.0,1,7486.0
PF411,,13:43:06.0#,7500.0,7524.0,7460.0,8030.0,6978.0,15910,40392,7476.0,5,7478.0,12,7480.0,4,7482.0,141,7484.0,36,7486.0,19,7488.0,270,7490.0,12,7492.0,1,7494.0,1,7486.0
PF411,,13:43:06.500#,7500.0,7524.0,7460.0,8030.0,6978.0,15910,40392,7476.0,5,7478.0,12,7480.0,4,7482.0,141,7484.0,36,7486.0,12,7488.0,270,7490.0,12,7492.0,1,7494.0,1,7486.0
PF411,,13:43:07.750#,7500.0,7524.0,7460.0,8030.0,6978.0,15910,40392,7476.0,5,7478.0,12,7480.0,4,7482.0,141,7484.0,36,7486.0,13,7488.0,270,7490.0,12,7492.0,1,7494.0,1,7486.0
PF411,,13:43:08.500#,7500.0,7524.0,7460.0,8030.0,6978.0,15910,40392,7476.0,5,7478.0,12,7480.0,4,7482.0,141,7484.0,36,7486.0,20,7488.0,280,7490.0,2,7492.0,1,7494.0,1,7486.0
PF411,,13:43:09.500#,7500.0,7524.0,7460.0,8030.0,6978.0,15910,40392,7476.0,5,7478.0,12,7480.0,4,7482.0,121,7484.0,56,7486.0,20,7488.0,250,7490.0,32,7492.0,1,7494.0,1,7486.0
PF411,,13:43:09.750#,7500.0,7524.0,7460.0,8030.0,6978.0,15910,40392,7476.0,5,7478.0,12,7480.0,14,7482.0,131,7484.0,36,7486.0,20,7488.0,270,7490.0,12,7492.0,1,7494.0,1,7486.0
PF411,,13:43:10.0#,7500.0,7524.0,7460.0,8030.0,6978.0,15910,40392,7476.0,5,7478.0,12,7480.0,14,7482.0,131,7484.0,36,7486.0,21,7488.0,280,7490.0,2,7492.0,1,7494.0,1,7486.0
PF411,,13:43:10.250#,7500.0,7524.0,7460.0,8030.0,6978.0,15910,40392,7476.0,5,7478.0,12,7480.0,4,7482.0,141,7484.0,36,7486.0,21,7488.0,280,7490.0,2,7492.0,1,7494.0,1,7486.0
PF411,,13:43:11.500#,7500.0,7524.0,7460.0,8030.0,6978.0,15910,40392,7476.0,5,7478.0,12,7480.0,4,7482.0,141,7484.0,36,7486.0,21,7488.0,480,7490.0,2,7492.0,1,7494.0,1,7486.0
PF411,,13:43:11.750#,7500.0,7524.0,7460.0,8030.0,6978.0,15910,40392,7476.0,5,7478.0,22,7480.0,4,7482.0,131,7484.0,36,7486.0,21,7488.0,470,7490.0,12,7492.0,1,7494.0,1,7486.0
PF411,,13:43:12.0#,7500.0,7524.0,7460.0,8030.0,6978.0,15910,40392,7476.0,5,7478.0,12,7480.0,14,7482.0,131,7484.0,36,7486.0,21,7488.0,480,7490.0,2,7492.0,1,7494.0,1,7486.0
PF411,,13:43:12.250#,7500.0,7524.0,7460.0,8030.0,6978.0,15910,40392,7476.0,5,7478.0,12,7480.0,4,7482.0,141,7484.0,36,7486.0,21,7488.0,480,7490.0,2,7492.0,1,7494.0,1,7486.0
PF411,,13:43:13.500#,7500.0,7524.0,7460.0,8030.0,6978.0,15910,40392,7476.0,5,7478.0,12,7480.0,4,7482.0,141,7484.0,27,7486.0,28,7488.0,480,7490.0,2,7492.0,1,7494.0,1,7486.0
PF411,,13:43:13.750#,7500.0,7524.0,7460.0,8030.0,6978.0,15910,40392,7476.0,5,7478.0,12,7480.0,14,7482.0,141,7484.0,16,7486.0,43,7488.0,470,7490.0,2,7492.0,1,7494.0,1,7486.0
PF411,,13:43:14.0#,7500.0,7524.0,7460.0,8030.0,6978.0,15910,40392,7476.0,5,7478.0,12,7480.0,14,7482.0,141,7484.0,16,7486.0,41,7488.0,470,7490.0,2,7492.0,1,7494.0,1,7486.0
PF411,,13:43:14.250#,7500.0,7524.0,7460.0,8030.0,6978.0,15910,40392,7476.0,5,7478.0,12,7480.0,4,7482.0,151,7484.0,16,7486.0,36,7488.0,470,7490.0,2,7492.0,1,7494.0,1,7486.0
PF411,,13:43:14.500#,7500.0,7524.0,7460.0,8030.0,6978.0,15910,40392,7476.0,5,7478.0,12,7480.0,4,7482.0,151,7484.0,22,7486.0,31,7488.0,470,7490.0,2,7492.0,1,7494.0,1,7486.0
PF411,,13:43:14.750#,7500.0,7524.0,7460.0,8030.0,6978.0,15910,40392,7476.0,5,7478.0,12,7480.0,4,7482.0,151,7484.0,25,7486.0,31,7488.0,470,7490.0,2,7492.0,1,7494.0,1,7486.0
PF411,,13:43:15.0#,7500.0,7524.0,7460.0,8030.0,6978.0,15910,40392,7476.0,5,7478.0,12,7480.0,4,7482.0,151,7484.0,25,7486.0,31,7488.0,460,7490.0,12,7492.0,1,7494.0,1,7486.0
PF411,,13:43:16.250#,7500.0,7524.0,7460.0,8030.0,6978.0,15910,40392,7476.0,5,7478.0,12,7480.0,4,7482.0,151,7484.0,25,7486.0,31,7488.0,470,7490.0,2,7492.0,1,7494.0,1,7486.0
PF411,,13:43:17.500#,7500.0,7524.0,7460.0,8030.0,6978.0,15913,40390,7476.0,5,7478.0,12,7480.0,4,7482.0,151,7484.0,22,7486.0,28,7488.0,470,7490.0,2,7492.0,1,7494.0,1,7486.0
PF411,,13:43:17.750#,7500.0,7524.0,7460.0,8030.0,6978.0,15913,40390,7476.0,5,7478.0,12,7480.0,4,7482.0,151,7484.0,23,7486.0,29,7488.0,470,7490.0,2,7492.0,1,7494.0,1,7486.0
PF411,,13:43:19.250#,7500.0,7524.0,7460.0,8030.0,6978.0,15913,40390,7476.0,5,7478.0,12,7480.0,4,7482.0,141,7484.0,33,7486.0,29,7488.0,450,7490.0,22,7492.0,1,7494.0,1,7486.0
PF411,,13:43:19.500#,7500.0,7524.0,7460.0,8030.0,6978.0,15913,40390,7476.0,5,7478.0,12,7480.0,4,7482.0,131,7484.0,43,7486.0,12,7488.0,450,7490.0,32,7492.0,1,7494.0,1,7486.0
PF411,,13:43:19.750#,7500.0,7524.0,7460.0,8030.0,6978.0,15913,40390,7476.0,5,7478.0,12,7480.0,4,7482.0,131,7484.0,43,7486.0,9,7488.0,462,7490.0,22,7492.0,1,7494.0,1,7486.0
PF411,,13:43:20.250#,7500.0,7524.0,7460.0,8030.0,6978.0,15913,40390,7476.0,5,7478.0,12,7480.0,4,7482.0,141,7484.0,33,7486.0,9,7488.0,472,7490.0,12,7492.0,1,7494.0,1,7486.0
PF411,,13:43:20.500#,7500.0,7524.0,7460.0,8030.0,6978.0,15913,40390,7476.0,5,7478.0,12,7480.0,4,7482.0,131,7484.0,43,7486.0,9,7488.0,462,7490.0,22,7492.0,1,7494.0,1,7486.0
PF411,,13:43:23.0#,7500.0,7524.0,7460.0,8030.0,6978.0,15913,40390,7476.0,5,7478.0,12,7480.0,4,7482.0,141,7484.0,33,7486.0,9,7488.0,472,7490.0,12,7492.0,1,7494.0,1,7486.0
PF411,,13:43:29.750#,7500.0,7524.0,7460.0,8030.0,6978.0,15922,40388,7478.0,12,7480.0,4,7482.0,141,7484.0,27,7486.0,3,7488.0,488,7490.0,12,7492.0,1,7494.0,1,7496.0,10,7486.0
PF411,,13:43:30.0#,7500.0,7524.0,7460.0,8030.0,6978.0,15982,40428,7476.0,5,7478.0,12,7480.0,4,7482.0,91,7484.0,71,7488.0,455,7490.0,42,7492.0,1,7494.0,1,7496.0,10,7484.0
PF411,,13:43:30.250#,7500.0,7524.0,7460.0,8030.0,6978.0,15986,40428,7478.0,12,7480.0,4,7482.0,72,7484.0,77,7486.0,7,7488.0,471,7490.0,31,7492.0,1,7494.0,1,7496.0,10,7486.0
PF411,,13:43:30.500#,7500.0,7524.0,7460.0,8030.0,6978.0,16051,40401,7478.0,12,7480.0,4,7482.0,32,7484.0,105,7486.0,4,7488.0,396,7490.0,81,7492.0,1,7494.0,1,7496.0,10,7488.0
PF411,,13:43:30.750#,7500.0,7524.0,7460.0,8030.0,6978.0,16053,40399,7478.0,12,7480.0,14,7482.0,32,7484.0,107,7486.0,3,7488.0,418,7490.0,71,7492.0,11,7494.0,1,7496.0,10,7486.0
PF411,,13:43:31.0#,7500.0,7524.0,7460.0,8030.0,6978.0,16053,40399,7478.0,12,7480.0,4,7482.0,32,7484.0,127,7486.0,3,7488.0,429,7490.0,81,7492.0,1,7494.0,1,7496.0,10,7486.0
PF411,,13:43:31.500#,7500.0,7524.0,7460.0,8030.0,6978.0,16053,40399,7478.0,12,7480.0,4,7482.0,32,7484.0,127,7486.0,3,7488.0,428,7490.0,81,7492.0,1,7494.0,1,7496.0,10,7486.0
PF411,,13:43:34.750#,7500.0,7524.0,7460.0,8030.0,6978.0,16053,40399,7478.0,12,7480.0,4,7482.0,22,7484.0,137,7486.0,3,7488.0,418,7490.0,91,7492.0,1,7494.0,1,7496.0,10,7486.0
PF411,,13:43:35.0#,7500.0,7524.0,7460.0,8030.0,6978.0,16053,40399,7478.0,12,7480.0,4,7482.0,22,7484.0,137,7486.0,3,7488.0,417,7490.0,91,7492.0,1,7494.0,1,7496.0,10,7486.0
PF411,,13:43:36.0#,7500.0,7524.0,7460.0,8030.0,6978.0,16053,40399,7478.0,12,7480.0,4,7482.0,12,7484.0,147,7486.0,3,7488.0,407,7490.0,101,7492.0,1,7494.0,1,7496.0,10,7486.0
PF411,,13:43:37.250#,7500.0,7524.0,7460.0,8030.0,6978.0,16053,40399,7478.0,12,7480.0,4,7482.0,12,7484.0,147,7486.0,5,7488.0,395,7490.0,101,7492.0,1,7494.0,1,7496.0,10,7486.0
PF411,,13:43:37.500#,7500.0,7524.0,7460.0,8030.0,6978.0,16053,40399,7478.0,12,7480.0,4,7482.0,2,7484.0,157,7486.0,12,7488.0,395,7490.0,101,7492.0,1,7494.0,1,7496.0,10,7486.0
PF411,,13:43:37.750#,7500.0,7524.0,7460.0,8030.0,6978.0,16053,40399,7478.0,12,7480.0,4,7482.0,2,7484.0,155,7486.0,14,7488.0,395,7490.0,101,7492.0,1,7494.0,1,7496.0,10,7486.0
PF411,,13:43:41.250#,7500.0,7524.0,7460.0,8030.0,6978.0,16053,40399,7478.0,12,7480.0,4,7482.0,2,7484.0,155,7486.0,15,7488.0,395,7490.0,101,7492.0,1,7494.0,1,7496.0,10,7486.0
PF411,,13:43:44.500#,7500.0,7524.0,7460.0,8030.0,6978.0,16053,40399,7478.0,12,7480.0,4,7482.0,2,7484.0,155,7486.0,14,7488.0,395,7490.0,101,7492.0,1,7494.0,1,7496.0,10,7486.0
PF411,,13:43:48.250#,7500.0,7524.0,7460.0,8030.0,6978.0,16053,40399,7478.0,12,7480.0,4,7482.0,2,7484.0,155,7486.0,15,7488.0,395,7490.0,101,7492.0,1,7494.0,1,7496.0,10,7486.0
PF411,,13:43:49.750#,7500.0,7524.0,7460.0,8030.0,6978.0,16053,40399,7478.0,12,7480.0,4,7482.0,2,7484.0,156,7486.0,15,7488.0,395,7490.0,101,7492.0,1,7494.0,1,7496.0,10,7486.0
PF411,,13:43:51.0#,7500.0,7524.0,7460.0,8030.0,6978.0,16053,40399,7478.0,12,7480.0,4,7482.0,2,7484.0,156,7486.0,14,7488.0,395,7490.0,101,7492.0,1,7494.0,1,7496.0,10,7486.0
PF411,,13:43:52.0#,7500.0,7524.0,7460.0,8030.0,6978.0,16053,40399,7478.0,12,7480.0,4,7482.0,2,7484.0,156,7486.0,15,7488.0,395,7490.0,101,7492.0,1,7494.0,1,7496.0,10,7486.0
PF411,,13:43:57.750#,7500.0,7524.0,7460.0,8030.0,6978.0,16053,40399,7478.0,12,7480.0,4,7482.0,2,7484.0,156,7486.0,15,7488.0,394,7490.0,101,7492.0,1,7494.0,1,7496.0,10,7486.0
PF411,,13:44:00.250#,7500.0,7524.0,7460.0,8030.0,6978.0,16053,40399,7478.0,12,7480.0,4,7482.0,2,7484.0,156,7486.0,15,7488.0,395,7490.0,101,7492.0,1,7494.0,1,7496.0,10,7486.0
PF411,,13:44:02.750#,7500.0,7524.0,7460.0,8030.0,6978.0,16053,40399,7478.0,12,7480.0,4,7482.0,2,7484.0,156,7486.0,14,7488.0,395,7490.0,101,7492.0,1,7494.0,1,7496.0,10,7486.0
PF411,,13:44:03.0#,7500.0,7524.0,7460.0,8030.0,6978.0,16053,40399,7478.0,12,7480.0,4,7482.0,12,7484.0,146,7486.0,14,7488.0,405,7490.0,91,7492.0,1,7494.0,1,7496.0,10,7486.0
PF411,,13:44:04.500#,7500.0,7524.0,7460.0,8030.0,6978.0,16053,40399,7478.0,12,7480.0,4,7482.0,2,7484.0,156,7486.0,14,7488.0,395,7490.0,101,7492.0,1,7494.0,1,7496.0,10,7486.0
PF411,,13:44:10.0#,7500.0,7524.0,7460.0,8030.0,6978.0,16053,40399,7478.0,12,7480.0,4,7482.0,2,7484.0,156,7486.0,15,7488.0,395,7490.0,101,7492.0,1,7494.0,1,7496.0,10,7486.0
PF411,,13:44:12.500#,7500.0,7524.0,7460.0,8030.0,6978.0,16053,40399,7478.0,12,7480.0,4,7482.0,2,7484.0,156,7486.0,14,7488.0,395,7490.0,101,7492.0,1,7494.0,1,7496.0,10,7486.0
PF411,,13:44:15.500#,7500.0,7524.0,7460.0,8030.0,6978.0,16053,40399,7478.0,12,7480.0,4,7482.0,2,7484.0,156,7486.0,15,7488.0,395,7490.0,101,7492.0,1,7494.0,1,7496.0,10,7486.0
PF411,,13:44:24.250#,7500.0,7524.0,7460.0,8030.0,6978.0,16053,40399,7478.0,12,7480.0,4,7482.0,2,7484.0,156,7486.0,14,7488.0,395,7490.0,101,7492.0,1,7494.0,1,7496.0,10,7486.0
PF411,,13:44:29.250#,7500.0,7524.0,7460.0,8030.0,6978.0,16053,40399,7478.0,12,7480.0,4,7482.0,2,7484.0,156,7486.0,14,7488.0,395,7490.0,101,7492.0,1,7494.0,1,7496.0,10,7486.0
PF411,,13:44:29.500#,7500.0,7524.0,7460.0,8030.0,6978.0,16053,40399,7478.0,12,7480.0,4,7482.0,2,7484.0,156,7486.0,14,7488.0,396,7490.0,101,7492.0,1,7494.0,1,7496.0,10,7486.0
PF411,,13:44:31.500#,7500.0,7524.0,7460.0,8030.0,6978.0,16053,40399,7478.0,12,7480.0,4,7482.0,2,7484.0,156,7486.0,14,7488.0,397,7490.0,101,7492.0,1,7494.0,1,7496.0,10,7486.0
PF411,,13:44:34.250#,7500.0,7524.0,7460.0,8030.0,6978.0,16054,40399,7478.0,12,7480.0,4,7482.0,2,7484.0,156,7486.0,14,7488.0,396,7490.0,101,7492.0,1,7494.0,1,7496.0,10,7488.0
PF411,,13:44:34.500#,7500.0,7524.0,7460.0,8030.0,6978.0,16054,40399,7478.0,12,7480.0,4,7482.0,2,7484.0,156,7486.0,15,7488.0,396,7490.0,101,7492.0,1,7494.0,1,7496.0,10,7488.0
PF411,,13:44:44.0#,7500.0,7524.0,7460.0,8030.0,6978.0,16054,40399,7478.0,12,7480.0,4,7482.0,2,7484.0,156,7486.0,15,7488.0,395,7490.0,101,7492.0,2,7494.0,1,7496.0,10,7488.0
PF411,,13:44:48.250#,7500.0,7524.0,7460.0,8030.0,6978.0,16055,40399,7478.0,12,7480.0,4,7482.0,2,7484.0,156,7486.0,15,7488.0,394,7490.0,101,7492.0,2,7494.0,1,7496.0,10,7488.0
PF411,,13:44:55.250#,7500.0,7524.0,7460.0,8030.0,6978.0,16055,40399,7478.0,12,7480.0,4,7482.0,2,7484.0,156,7486.0,14,7488.0,394,7490.0,101,7492.0,2,7494.0,1,7496.0,10,7488.0
PF411,,13:44:58.750#,7500.0,7524.0,7460.0,8030.0,6978.0,16055,40399,7478.0,12,7480.0,4,7482.0,2,7484.0,156,7486.0,14,7488.0,194,7490.0,101,7492.0,2,7494.0,1,7496.0,10,7488.0
PF411,,13:44:59.0#,7500.0,7524.0,7460.0,8030.0,6978.0,16055,40399,7478.0,12,7480.0,14,7482.0,2,7484.0,146,7486.0,16,7488.0,193,7490.0,91,7492.0,12,7494.0,1,7496.0,10,7488.0
PF411,,13:44:59.250#,7500.0,7524.0,7460.0,8030.0,6978.0,16055,40399,7478.0,12,7480.0,4,7482.0,2,7484.0,156,7486.0,16,7488.0,193,7490.0,101,7492.0,2,7494.0,1,7496.0,10,7488.0
PF411,,13:45:01.250#,7500.0,7524.0,7460.0,8030.0,6978.0,16055,40399,7478.0,12,7480.0,4,7482.0,12,7484.0,146,7486.0,15,7488.0,203,7490.0,91,7492.0,2,7494.0,1,7496.0,10,7488.0
PF411,,13:45:01.500#,7500.0,7524.0,7460.0,8030.0,6978.0,16055,40399,7478.0,12,7480.0,4,7482.0,12,7484.0,146,7486.0,13,7488.0,206,7490.0,91,7492.0,2,7494.0,1,7496.0,10,7488.0
PF411,,13:45:01.750#,7500.0,7524.0,7460.0,8030.0,6978.0,16055,40399,7478.0,12,7480.0,4,7482.0,12,7484.0,146,7486.0,6,7488.0,215,7490.0,91,7492.0,2,7494.0,1,7496.0,10,7488.0
PF411,,13:45:02.0#,7500.0,7524.0,7460.0,8030.0,6978.0,16055,40399,7478.0,12,7480.0,4,7482.0,12,7484.0,146,7486.0,6,7488.0,217,7490.0,91,7492.0,2,7494.0,1,7496.0,10,7488.0
PF411,,13:45:02.250#,7500.0,7524.0,7460.0,8030.0,6978.0,16055,40399,7478.0,12,7480.0,4,7482.0,12,7484.0,146,7486.0,6,7488.0,219,7490.0,91,7492.0,2,7494.0,1,7496.0,10,7488.0
PF411,,13:45:03.500#,7500.0,7524.0,7460.0,8030.0,6978.0,16055,40399,7478.0,12,7480.0,4,7482.0,12,7484.0,146,7486.0,6,7488.0,217,7490.0,91,7492.0,2,7494.0,1,7496.0,10,7488.0
PF411,,13:45:03.750#,7500.0,7524.0,7460.0,8030.0,6978.0,16055,40399,7478.0,12,7480.0,4,7482.0,2,7484.0,156,7486.0,6,7488.0,204,7490.0,101,7492.0,2,7494.0,1,7496.0,10,7488.0
PF411,,13:45:04.0#,7500.0,7524.0,7460.0,8030.0,6978.0,16055,40399,7478.0,12,7480.0,4,7482.0,2,7484.0,146,7486.0,6,7488.0,192,7490.0,101,7492.0,2,7494.0,1,7496.0,10,7488.0
PF411,,13:45:04.250#,7500.0,7524.0,7460.0,8030.0,6978.0,16055,40399,7478.0,12,7480.0,4,7482.0,2,7484.0,156,7486.0,6,7488.0,202,7490.0,101,7492.0,2,7494.0,1,7496.0,10,7488.0
PF411,,13:45:04.500#,7500.0,7524.0,7460.0,8030.0,6978.0,16055,40399,7478.0,12,7480.0,4,7482.0,2,7484.0,156,7486.0,7,7488.0,202,7490.0,101,7492.0,2,7494.0,1,7496.0,10,7488.0
PF411,,13:45:06.500#,7500.0,7524.0,7460.0,8030.0,6978.0,16055,40399,7478.0,12,7480.0,4,7482.0,2,7484.0,156,7486.0,6,7488.0,202,7490.0,101,7492.0,2,7494.0,1,7496.0,10,7488.0
PF411,,13:45:06.750#,7500.0,7524.0,7460.0,8030.0,6978.0,16055,40399,7478.0,12,7480.0,4,7482.0,2,7484.0,156,7486.0,6,7488.0,203,7490.0,101,7492.0,2,7494.0,1,7496.0,10,7488.0
PF411,,13:45:09.500#,7500.0,7524.0,7460.0,8030.0,6978.0,16055,40399,7478.0,12,7480.0,4,7482.0,2,7484.0,156,7486.0,7,7488.0,203,7490.0,101,7492.0,2,7494.0,1,7496.0,10,7488.0
PF411,,13:45:14.0#,7500.0,7524.0,7460.0,8030.0,6978.0,16055,40399,7478.0,12,7480.0,4,7482.0,2,7484.0,156,7486.0,19,7488.0,194,7490.0,101,7492.0,2,7494.0,1,7496.0,10,7488.0
PF411,,13:45:17.0#,7500.0,7524.0,7460.0,8030.0,6978.0,16055,40399,7478.0,12,7480.0,4,7482.0,21,7484.0,137,7486.0,19,7488.0,213,7490.0,82,7492.0,2,7494.0,1,7496.0,10,7488.0
PF411,,13:45:19.250#,7500.0,7524.0,7460.0,8030.0,6978.0,16055,40399,7478.0,12,7480.0,4,7482.0,21,7484.0,137,7486.0,16,7488.0,213,7490.0,82,7492.0,2,7494.0,1,7496.0,10,7488.0
PF411,,13:45:26.0#,7500.0,7524.0,7460.0,8030.0,6978.0,16055,40399,7478.0,12,7480.0,4,7482.0,21,7484.0,137,7486.0,14,7488.0,218,7490.0,82,7492.0,2,7494.0,1,7496.0,10,7488.0
PF411,,13:45:26.250#,7500.0,7524.0,7460.0,8030.0,6978.0,16055,40399,7478.0,12,7480.0,4,7482.0,21,7484.0,137,7486.0,6,7488.0,228,7490.0,82,7492.0,2,7494.0,1,7496.0,10,7488.0
PF411,,13:45:26.500#,7500.0,7524.0,7460.0,8030.0,6978.0,16055,40399,7478.0,12,7480.0,4,7482.0,31,7484.0,127,7486.0,6,7488.0,235,7490.0,72,7492.0,2,7494.0,1,7496.0,10,7488.0
PF411,,13:45:26.750#,7500.0,7524.0,7460.0,8030.0,6978.0,16055,40399,7478.0,12,7480.0,4,7482.0,31,7484.0,127,7486.0,6,7488.0,231,7490.0,72,7492.0,2,7494.0,1,7496.0,10,7488.0
PF411,,13:45:27.0#,7500.0,7524.0,7460.0,8030.0,6978.0,16055,40399,7478.0,12,7480.0,4,7482.0,31,7484.0,127,7486.0,13,7488.0,232,7490.0,72,7492.0,2,7494.0,1,7496.0,10,7488.0
PF411,,13:45:27.250#,7500.0,7524.0,7460.0,8030.0,6978.0,16055,40399,7478.0,12,7480.0,4,7482.0,31,7484.0,127,7486.0,6,7488.0,234,7490.0,72,7492.0,2,7494.0,1,7496.0,10,7488.0
PF411,,13:45:27.750#,7500.0,7524.0,7460.0,8030.0,6978.0,16055,40399,7478.0,12,7480.0,4,7482.0,31,7484.0,127,7486.0,6,7488.0,234,7490.0,72,7492.0,2,7494.0,1,7496.0,10,7488.0
PF411,,13:45:31.250#,7500.0,7524.0,7460.0,8030.0,6978.0,16055,40399,7478.0,12,7480.0,4,7482.0,21,7484.0,137,7486.0,6,7488.0,224,7490.0,82,7492.0,2,7494.0,1,7496.0,10,7488.0
PF411,,13:45:31.500#,7500.0,7524.0,7460.0,8030.0,6978.0,16055,40399,7478.0,12,7480.0,4,7482.0,21,7484.0,137,7486.0,6,7488.0,225,7490.0,82,7492.0,2,7494.0,1,7496.0,10,7488.0
PF411,,13:45:31.750#,7500.0,7524.0,7460.0,8030.0,6978.0,16055,40399,7478.0,12,7480.0,4,7482.0,21,7484.0,137,7486.0,7,7488.0,224,7490.0,82,7492.0,2,7494.0,1,7496.0,10,7488.0
PF411,,13:45:32.500#,7500.0,7524.0,7460.0,8030.0,6978.0,16055,40399,7478.0,12,7480.0,4,7482.0,21,7484.0,137,7486.0,9,7488.0,214,7490.0,82,7492.0,2,7494.0,1,7496.0,10,7488.0
PF411,,13:45:32.750#,7500.0,7524.0,7460.0,8030.0,6978.0,16055,40399,7478.0,12,7480.0,4,7482.0,21,7484.0,137,7486.0,19,7488.0,214,7490.0,82,7492.0,2,7494.0,1,7496.0,10,7488.0
PF411,,13:45:33.0#,7500.0,7524.0,7460.0,8030.0,6978.0,16055,40399,7478.0,12,7480.0,4,7482.0,21,7484.0,137,7486.0,19,7488.0,213,7490.0,82,7492.0,2,7494.0,1,7496.0,10,7488.0
PF411,,13:45:43.750#,7500.0,7524.0,7460.0,8030.0,6978.0,16055,40399,7478.0,12,7480.0,4,7482.0,21,7484.0,127,7486.0,19,7488.0,203,7490.0,82,7492.0,2,7494.0,1,7496.0,10,7488.0
PF411,,13:45:44.0#,7500.0,7524.0,7460.0,8030.0,6978.0,16055,40399,7478.0,12,7480.0,4,7482.0,21,7484.0,137,7486.0,19,7488.0,213,7490.0,82,7492.0,2,7494.0,1,7496.0,10,7488.0
PF411,,13:45:51.500#,7500.0,7524.0,7460.0,8030.0,6978.0,16055,40399,7478.0,12,7480.0,4,7482.0,2,7484.0,156,7486.0,19,7488.0,194,7490.0,101,7492.0,2,7494.0,1,7496.0,10,7488.0
PF411,,13:45:57.750#,7500.0,7524.0,7460.0,8030.0,6978.0,16055,40399,7478.0,12,7480.0,4,7482.0,2,7484.0,156,7486.0,16,7488.0,194,7490.0,101,7492.0,2,7494.0,1,7496.0,10,7488.0
PF411,,13:45:58.0#,7500.0,7524.0,7460.0,8030.0,6978.0,16055,40399,7478.0,12,7480.0,4,7482.0,21,7484.0,137,7486.0,16,7488.0,213,7490.0,82,7492.0,2,7494.0,1,7496.0,10,7488.0
PF411,,13:45:58.250#,7500.0,7524.0,7460.0,8030.0,6978.0,16055,40399,7478.0,12,7480.0,4,7482.0,31,7484.0,127,7486.0,16,7488.0,223,7490.0,72,7492.0,2,7494.0,1,7496.0,10,7488.0
PF411,,13:46:01.750#,7500.0,7524.0,7460.0,8030.0,6978.0,16055,40399,7478.0,12,7480.0,4,7482.0,31,7484.0,127,7486.0,14,7488.0,234,7490.0,72,7492.0,2,7494.0,1,7496.0,10,7488.0
PF411,,13:46:02.0#,7500.0,7524.0,7460.0,8030.0,6978.0,16055,40399,7478.0,12,7480.0,4,7482.0,41,7484.0,117,7486.0,6,7488.0,238,7490.0,72,7492.0,2,7494.0,1,7496.0,10,7488.0
PF411,,13:46:02.250#,7500.0,7524.0,7460.0,8030.0,6978.0,16055,40399,7478.0,12,7480.0,4,7482.0,51,7484.0,107,7486.0,6,7488.0,258,7490.0,52,7492.0,2,7494.0,1,7496.0,10,7488.0
PF411,,13:46:02.750#,7500.0,7524.0,7460.0,8030.0,6978.0,16055,40399,7478.0,12,7480.0,4,7482.0,41,7484.0,117,7486.0,6,7488.0,248,7490.0,62,7492.0,2,7494.0,1,7496.0,10,7488.0
PF411,,13:46:09.500#,7500.0,7524.0,7460.0,8030.0,6978.0,16055,40399,7478.0,12,7480.0,4,7482.0,31,7484.0,127,7486.0,6,7488.0,238,7490.0,72,7492.0,2,7494.0,1,7496.0,10,7488.0
PF411,,13:46:09.750#,7500.0,7524.0,7460.0,8030.0,6978.0,16061,40396,7476.0,5,7478.0,12,7480.0,4,7482.0,31,7484.0,131,7486.0,2,7488.0,214,7490.0,82,7492.0,2,7494.0,1,7486.0
PF411,,13:46:10.0#,7500.0,7524.0,7460.0,8030.0,6978.0,16061,40396,7476.0,5,7478.0,12,7480.0,4,7482.0,71,7484.0,100,7486.0,2,7488.0,264,7490.0,32,7492.0,2,7494.0,1,7486.0
PF411,,13:46:10.250#,7500.0,7524.0,7460.0,8030.0,6978.0,16061,40396,7476.0,5,7478.0,12,7480.0,4,7482.0,81,7484.0,90,7486.0,4,7488.0,272,7490.0,22,7492.0,2,7494.0,1,7486.0
PF411,,13:46:24.0#,7500.0,7524.0,7460.0,8030.0,6978.0,16061,40396,7476.0,5,7478.0,12,7480.0,4,7482.0,91,7484.0,80,7486.0,4,7488.0,282,7490.0,12,7492.0,2,7494.0,1,7486.0
PF411,,13:46:28.0#,7500.0,7524.0,7460.0,8030.0,6978.0,16061,40396,7476.0,5,7478.0,12,7480.0,4,7482.0,81,7484.0,80,7486.0,4,7488.0,262,7490.0,22,7492.0,2,7494.0,1,7486.0
PF411,,13:46:28.250#,7500.0,7524.0,7460.0,8030.0,6978.0,16061,40396,7476.0,5,7478.0,12,7480.0,4,7482.0,101,7484.0,70,7486.0,11,7488.0,285,7490.0,2,7492.0,2,7494.0,1,7486.0
PF411,,13:46:28.500#,7500.0,7524.0,7460.0,8030.0,6978.0,16061,40396,7476.0,5,7478.0,12,7480.0,4,7482.0,111,7484.0,60,7486.0,11,7488.0,285,7490.0,2,7492.0,2,7494.0,1,7486.0
PF411,,13:46:28.750#,7500.0,7524.0,7460.0,8030.0,6978.0,16061,40396,7476.0,5,7478.0,12,7480.0,4,7482.0,141,7484.0,30,7486.0,11,7488.0,285,7490.0,2,7492.0,2,7494.0,1,7486.0
PF411,,13:46:35.500#,7500.0,7524.0,7460.0,8030.0,6978.0,16061,40396,7476.0,5,7478.0,12,7480.0,4,7482.0,141,7484.0,30,7486.0,11,7488.0,275,7490.0,12,7492.0,2,7494.0,1,7486.0
PF411,,13:46:36.250#,7500.0,7524.0,7460.0,8030.0,6978.0,16061,40396,7476.0,5,7478.0,12,7480.0,4,7482.0,141,7484.0,30,7486.0,11,7488.0,285,7490.0,2,7492.0,2,7494.0,1,7486.0
PF411,,13:46:43.500#,7500.0,7524.0,7460.0,8030.0,6978.0,16061,40396,7476.0,5,7478.0,12,7480.0,14,7482.0,131,7484.0,27,7486.0,18,7488.0,285,7490.0,2,7492.0,2,7494.0,1,7486.0
PF411,,13:46:43.750#,7500.0,7524.0,7460.0,8030.0,6978.0,16061,40396,7476.0,5,7478.0,12,7480.0,24,7482.0,121,7484.0,20,7486.0,25,7488.0,283,7490.0,2,7492.0,2,7494.0,1,7486.0
PF411,,13:46:44.0#,7500.0,7524.0,7460.0,8030.0,6978.0,16061,40396,7476.0,5,7478.0,12,7480.0,14,7482.0,141,7484.0,10,7486.0,45,7488.0,263,7490.0,2,7492.0,2,7494.0,1,7486.0
PF411,,13:46:46.250#,7500.0,7524.0,7460.0,8030.0,6978.0,16061,40396,7476.0,5,7478.0,12,7480.0,14,7482.0,141,7484.0,11,7486.0,45,7488.0,263,7490.0,2,7492.0,2,7494.0,1,7486.0
PF411,,13:46:46.750#,7500.0,7524.0,7460.0,8030.0,6978.0,16061,40396,7476.0,5,7478.0,12,7480.0,14,7482.0,141,7484.0,11,7486.0,35,7488.0,273,7490.0,2,7492.0,2,7494.0,1,7486.0
PF411,,13:46:47.500#,7500.0,7524.0,7460.0,8030.0,6978.0,16061,40396,7476.0,5,7478.0,12,7480.0,4,7482.0,151,7484.0,18,7486.0,35,7488.0,273,7490.0,2,7492.0,2,7494.0,1,7486.0
PF411,,13:46:54.750#,7500.0,7524.0,7460.0,8030.0,6978.0,16061,40396,7476.0,5,7478.0,12,7480.0,14,7482.0,141,7484.0,18,7486.0,45,7488.0,263,7490.0,2,7492.0,2,7494.0,1,7486.0
PF411,,13:46:55.0#,7500.0,7524.0,7460.0,8030.0,6978.0,16061,40396,7476.0,5,7478.0,12,7480.0,14,7482.0,141,7484.0,11,7486.0,35,7488.0,273,7490.0,2,7492.0,1,7494.0,1,7486.0
PF411,,13:46:55.250#,7500.0,7524.0,7460.0,8030.0,6978.0,16061,40396,7476.0,5,7478.0,12,7480.0,14,7482.0,141,7484.0,11,7486.0,35,7488.0,273,7490.0,3,7492.0,1,7494.0,1,7486.0
PF411,,13:46:55.500#,7500.0,7524.0,7460.0,8030.0,6978.0,16061,40396,7476.0,5,7478.0,12,7480.0,4,7482.0,151,7484.0,18,7486.0,35,7488.0,273,7490.0,3,7492.0,1,7494.0,1,7486.0
PF411,,13:46:56.500#,7500.0,7524.0,7460.0,8030.0,6978.0,16061,40396,7476.0,5,7478.0,12,7480.0,14,7482.0,141,7484.0,11,7486.0,35,7488.0,273,7490.0,3,7492.0,1,7494.0,1,7486.0
PF411,,13:46:57.500#,7500.0,7524.0,7460.0,8030.0,6978.0,16061,40396,7476.0,5,7478.0,12,7480.0,14,7482.0,141,7484.0,11,7486.0,45,7488.0,263,7490.0,3,7492.0,1,7494.0,1,7486.0
PF411,,13:46:57.750#,7500.0,7524.0,7460.0,8030.0,6978.0,16061,40396,7476.0,5,7478.0,12,7480.0,24,7482.0,131,7484.0,11,7486.0,45,7488.0,263,7490.0,3,7492.0,1,7494.0,1,7486.0
PF411,,13:46:58.0#,7500.0,7524.0,7460.0,8030.0,6978.0,16074,40396,7474.0,2,7476.0,5,7478.0,12,7480.0,24,7482.0,135,7484.0,2,7486.0,34,7488.0,263,7490.0,3,7492.0,1,7484.0
PF411,,13:46:58.250#,7500.0,7524.0,7460.0,8030.0,6978.0,16074,40396,7474.0,2,7476.0,5,7478.0,12,7480.0,73,7482.0,95,7484.0,4,7486.0,101,7488.0,192,7490.0,3,7492.0,2,7484.0
PF411,,13:46:58.500#,7500.0,7524.0,7460.0,8030.0,6978.0,16074,40396,7474.0,2,7476.0,5,7478.0,22,7480.0,73,7482.0,85,7484.0,6,7486.0,131,7488.0,152,7490.0,13,7492.0,2,7484.0
PF411,,13:46:58.750#,7500.0,7524.0,7460.0,8030.0,6978.0,16074,40396,7474.0,2,7476.0,5,7478.0,3,7480.0,83,7482.0,85,7484.0,8,7486.0,139,7488.0,152,7490.0,3,7492.0,2,7484.0
PF411,,13:46:59.0#,7500.0,7524.0,7460.0,8030.0,6978.0,16074,40396,7474.0,2,7476.0,5,7478.0,3,7480.0,83,7482.0,75,7484.0,8,7486.0,129,7488.0,152,7490.0,3,7492.0,2,7484.0
PF411,,13:46:59.250#,7500.0,7524.0,7460.0,8030.0,6978.0,16074,40396,7474.0,2,7476.0,5,7478.0,3,7480.0,83,7482.0,85,7484.0,8,7486.0,139,7488.0,152,7490.0,3,7492.0,2,7484.0
PF411,,13:47:01.500#,7500.0,7524.0,7460.0,8030.0,6978.0,16074,40396,7474.0,2,7476.0,5,7478.0,2,7480.0,83,7482.0,85,7484.0,8,7486.0,139,7488.0,152,7490.0,3,7492.0,2,7484.0
PF411,,13:47:01.750#,7500.0,7524.0,7460.0,8030.0,6978.0,16074,40396,7474.0,2,7476.0,6,7478.0,2,7480.0,83,7482.0,85,7484.0,8,7486.0,139,7488.0,152,7490.0,3,7492.0,2,7484.0
PF411,,13:47:02.750#,7500.0,7524.0,7460.0,8030.0,6978.0,16074,40396,7474.0,2,7476.0,6,7478.0,2,7480.0,93,7482.0,75,7484.0,8,7486.0,149,7488.0,142,7490.0,3,7492.0,2,7484.0
PF411,,13:47:08.250#,7500.0,7524.0,7460.0,8030.0,6978.0,16074,40396,7474.0,2,7476.0,6,7478.0,1,7480.0,93,7482.0,75,7484.0,8,7486.0,149,7488.0,142,7490.0,3,7492.0,2,7484.0
PF411,,13:47:12.250#,7500.0,7524.0,7460.0,8030.0,6978.0,16074,40396,7474.0,2,7476.0,6,7478.0,1,7480.0,83,7482.0,85,7484.0,8,7486.0,139,7488.0,152,7490.0,3,7492.0,2,7484.0
PF411,,13:47:18.500#,7500.0,7524.0,7460.0,8030.0,6978.0,16074,40396,7474.0,2,7476.0,6,7478.0,1,7480.0,83,7482.0,85,7484.0,8,7486.0,129,7488.0,162,7490.0,3,7492.0,2,7484.0
PF411,,13:47:24.750#,7500.0,7524.0,7460.0,8030.0,6978.0,16074,40396,7474.0,2,7476.0,6,7478.0,1,7480.0,73,7482.0,96,7484.0,8,7486.0,129,7488.0,162,7490.0,3,7492.0,2,7484.0
PF411,,13:47:25.0#,7500.0,7524.0,7460.0,8030.0,6978.0,16082,40390,7476.0,6,7478.0,1,7480.0,73,7482.0,95,7484.0,5,7486.0,142,7488.0,162,7490.0,3,7492.0,2,7494.0,1,7484.0
PF411,,13:47:25.250#,7500.0,7524.0,7460.0,8030.0,6978.0,16083,40389,7476.0,6,7478.0,1,7480.0,33,7482.0,133,7484.0,7,7486.0,93,7488.0,212,7490.0,3,7492.0,2,7494.0,1,7484.0
PF411,,13:47:25.500#,7500.0,7524.0,7460.0,8030.0,6978.0,16083,40389,7476.0,6,7478.0,1,7480.0,33,7482.0,131,7484.0,9,7486.0,93,7488.0,212,7490.0,3,7492.0,2,7494.0,1,7484.0
PF411,,13:47:25.750#,7500.0,7524.0,7460.0,8030.0,6978.0,16083,40389,7476.0,6,7478.0,1,7480.0,14,7482.0,150,7484.0,9,7486.0,74,7488.0,231,7490.0,3,7492.0,2,7494.0,1,7484.0
PF411,,13:47:27.0#,7500.0,7524.0,7460.0,8030.0,6978.0,16083,40389,7476.0,6,7478.0,1,7480.0,24,7482.0,140,7484.0,14,7486.0,74,7488.0,211,7490.0,13,7492.0,2,7494.0,1,7484.0
PF411,,13:47:27.250#,7500.0,7524.0,7460.0,8030.0,6978.0,16083,40389,7476.0,6,7478.0,1,7480.0,4,7482.0,143,7484.0,21,7486.0,53,7488.0,221,7490.0,13,7492.0,2,7494.0,1,7484.0
PF411,,13:47:27.500#,7500.0,7524.0,7460.0,8030.0,6978.0,16083,40389,7476.0,6,7478.0,1,7480.0,4,7482.0,153,7484.0,21,7486.0,33,7488.0,251,7490.0,13,7492.0,2,7494.0,1,7484.0
PF411,,13:47:27.750#,7500.0,7524.0,7460.0,8030.0,6978.0,16083,40389,7476.0,6,7478.0,1,7480.0,4,7482.0,153,7484.0,21,7486.0,23,7488.0,271,7490.0,3,7492.0,2,7494.0,1,7484.0
PF411,,13:47:33.0#,7500.0,7524.0,7460.0,8030.0,6978.0,16083,40389,7476.0,6,7478.0,1,7480.0,4,7482.0,153,7484.0,21,7486.0,16,7488.0,271,7490.0,3,7492.0,2,7494.0,1,7484.0
PF411,,13:47:33.250#,7500.0,7524.0,7460.0,8030.0,6978.0,16083,40389,7476.0,6,7478.0,1,7480.0,4,7482.0,143,7484.0,31,7486.0,6,7488.0,281,7490.0,3,7492.0,2,7494.0,1,7484.0
PF411,,13:47:34.0#,7500.0,7524.0,7460.0,8030.0,6978.0,16083,40389,7476.0,6,7478.0,1,7480.0,4,7482.0,143,7484.0,31,7486.0,13,7488.0,281,7490.0,3,7492.0,2,7494.0,1,7484.0
PF411,,13:47:39.250#,7500.0,7524.0,7460.0,8030.0,6978.0,16083,40389,7476.0,6,7478.0,1,7480.0,4,7482.0,143,7484.0,31,7486.0,13,7488.0,271,7490.0,12,7492.0,2,7494.0,1,7484.0
PF411,,13:47:39.500#,7500.0,7524.0,7460.0,8030.0,6978.0,16083,40389,7476.0,5,7478.0,1,7480.0,4,7482.0,143,7484.0,31,7486.0,6,7488.0,271,7490.0,12,7492.0,3,7494.0,1,7484.0
PF411,,13:47:39.750#,7500.0,7524.0,7460.0,8030.0,6978.0,16083,40389,7476.0,5,7478.0,2,7480.0,4,7482.0,143,7484.0,31,7486.0,13,7488.0,281,7490.0,2,7492.0,3,7494.0,1,7484.0
PF411,,13:47:40.0#,7500.0,7524.0,7460.0,8030.0,6978.0,16083,40389,7476.0,5,7478.0,2,7480.0,4,7482.0,143,7484.0,31,7486.0,6,7488.0,271,7490.0,12,7492.0,3,7494.0,1,7484.0
PF411,,13:47:40.250#,7500.0,7524.0,7460.0,8030.0,6978.0,16083,40389,7476.0,5,7478.0,2,7480.0,4,7482.0,133,7484.0,41,7486.0,6,7488.0,271,7490.0,12,7492.0,3,7494.0,1,7484.0
PF411,,13:47:42.250#,7500.0,7524.0,7460.0,8030.0,6978.0,16084,40388,7476.0,5,7478.0,2,7480.0,4,7482.0,133,7484.0,40,7486.0,5,7488.0,271,7490.0,12,7492.0,3,7494.0,1,7486.0
PF411,,13:47:42.500#,7500.0,7524.0,7460.0,8030.0,6978.0,16087,40387,7478.0,2,7480.0,4,7482.0,133,7484.0,39,7486.0,2,7488.0,285,7490.0,12,7492.0,3,7494.0,1,7496.0,10,7486.0
PF411,,13:47:42.750#,7500.0,7524.0,7460.0,8030.0,6978.0,16087,40387,7478.0,3,7480.0,4,7482.0,82,7484.0,80,7486.0,11,7488.0,262,7490.0,42,7492.0,3,7494.0,1,7496.0,10,7486.0
PF411,,13:47:43.0#,7500.0,7524.0,7460.0,8030.0,6978.0,16087,40387,7478.0,12,7480.0,4,7482.0,42,7484.0,118,7486.0,6,7488.0,242,7490.0,62,7492.0,3,7494.0,1,7496.0,10,7486.0
PF411,,13:47:52.750#,7500.0,7524.0,7460.0,8030.0,6978.0,16087,40387,7478.0,12,7480.0,4,7482.0,42,7484.0,118,7486.0,6,7488.0,242,7490.0,62,7492.0,2,7494.0,1,7496.0,10,7486.0
PF411,,13:47:53.250#,7500.0,7524.0,7460.0,8030.0,6978.0,16087,40387,7478.0,12,7480.0,4,7482.0,32,7484.0,128,7486.0,6,7488.0,232,7490.0,72,7492.0,2,7494.0,1,7496.0,10,7486.0
PF411,,13:47:53.500#,7500.0,7524.0,7460.0,8030.0,6978.0,16087,40387,7478.0,12,7480.0,4,7482.0,42,7484.0,118,7486.0,6,7488.0,242,7490.0,62,7492.0,2,7494.0,1,7496.0,10,7486.0
PF411,,13:47:53.750#,7500.0,7524.0,7460.0,8030.0,6978.0,16087,40387,7478.0,12,7480.0,4,7482.0,32,7484.0,128,7486.0,6,7488.0,232,7490.0,72,7492.0,2,7494.0,1,7496.0,10,7486.0
PF411,,13:48:02.250#,7500.0,7524.0,7460.0,8030.0,6978.0,16087,40387,7478.0,12,7480.0,4,7482.0,32,7484.0,128,7486.0,6,7488.0,233,7490.0,72,7492.0,2,7494.0,1,7496.0,10,7486.0
PF411,,13:48:09.250#,7500.0,7524.0,7460.0,8030.0,6978.0,16087,40387,7478.0,12,7480.0,4,7482.0,42,7484.0,118,7486.0,6,7488.0,233,7490.0,72,7492.0,2,7494.0,1,7496.0,10,7486.0
PF411,,13:48:12.250#,7500.0,7524.0,7460.0,8030.0,6978.0,16095,40383,7476.0,5,7478.0,12,7480.0,4,7482.0,42,7484.0,128,7486.0,2,7488.0,223,7490.0,72,7492.0,2,7494.0,1,7486.0
PF411,,13:48:12.500#,7500.0,7524.0,7460.0,8030.0,6978.0,16095,40383,7476.0,5,7478.0,12,7480.0,4,7482.0,92,7484.0,87,7486.0,2,7488.0,273,7490.0,22,7492.0,2,7494.0,1,7486.0
PF411,,13:48:12.750#,7500.0,7524.0,7460.0,8030.0,6978.0,16095,40383,7476.0,5,7478.0,12,7480.0,4,7482.0,92,7484.0,87,7486.0,4,7488.0,271,7490.0,22,7492.0,2,7494.0,1,7486.0
PF411,,13:48:13.500#,7500.0,7524.0,7460.0,8030.0,6978.0,16095,40383,7476.0,5,7478.0,12,7480.0,4,7482.0,92,7484.0,87,7486.0,11,7488.0,264,7490.0,22,7492.0,2,7494.0,1,7486.0
PF411,,13:48:13.750#,7500.0,7524.0,7460.0,8030.0,6978.0,16095,40383,7476.0,5,7478.0,12,7480.0,4,7482.0,92,7484.0,87,7486.0,11,7488.0,274,7490.0,12,7492.0,2,7494.0,1,7486.0
PF411,,13:48:26.500#,7500.0,7524.0,7460.0,8030.0,6978.0,16095,40383,7476.0,5,7478.0,12,7480.0,4,7482.0,102,7484.0,77,7486.0,11,7488.0,284,7490.0,2,7492.0,2,7494.0,1,7486.0
PF411,,13:48:29.500#,7500.0,7524.0,7460.0,8030.0,6978.0,16095,40383,7476.0,5,7478.0,12,7480.0,4,7482.0,92,7484.0,87,7486.0,11,7488.0,274,7490.0,12,7492.0,2,7494.0,1,7486.0
PF411,,13:48:29.750#,7500.0,7524.0,7460.0,8030.0,6978.0,16095,40383,7476.0,5,7478.0,12,7480.0,4,7482.0,82,7484.0,97,7486.0,11,7488.0,264,7490.0,22,7492.0,2,7494.0,1,7486.0
PF411,,13:48:30.250#,7500.0,7524.0,7460.0,8030.0,6978.0,16095,40383,7476.0,5,7478.0,12,7480.0,4,7482.0,92,7484.0,87,7486.0,11,7488.0,274,7490.0,12,7492.0,2,7494.0,1,7486.0
PF411,,13:48:33.0#,7500.0,7524.0,7460.0,8030.0,6978.0,16095,40383,7476.0,5,7478.0,12,7480.0,4,7482.0,102,7484.0,67,7486.0,11,7488.0,274,7490.0,2,7492.0,2,7494.0,1,7486.0
PF411,,13:48:33.250#,7500.0,7524.0,7460.0,8030.0,6978.0,16095,40383,7476.0,5,7478.0,12,7480.0,14,7482.0,132,7484.0,37,7486.0,11,7488.0,284,7490.0,2,7492.0,2,7494.0,1,7486.0
PF411,,13:48:33.500#,7500.0,7524.0,7460.0,8030.0,6978.0,16095,40383,7476.0,5,7478.0,12,7480.0,4,7482.0,142,7484.0,29,7486.0,15,7488.0,284,7490.0,2,7492.0,2,7494.0,1,7486.0
PF411,,13:48:33.750#,7500.0,7524.0,7460.0,8030.0,6978.0,16095,40383,7476.0,5,7478.0,12,7480.0,4,7482.0,142,7484.0,26,7486.0,19,7488.0,282,7490.0,2,7492.0,2,7494.0,1,7486.0
PF411,,13:48:34.0#,7500.0,7524.0,7460.0,8030.0,6978.0,16095,40383,7476.0,5,7478.0,12,7480.0,4,7482.0,142,7484.0,25,7486.0,20,7488.0,282,7490.0,2,7492.0,2,7494.0,1,7486.0
PF411,,13:48:36.250#,7500.0,7524.0,7460.0,8030.0,6978.0,16095,40383,7476.0,5,7478.0,12,7480.0,4,7482.0,142,7484.0,33,7486.0,14,7488.0,282,7490.0,2,7492.0,2,7494.0,1,7486.0
PF411,,13:48:36.500#,7500.0,7524.0,7460.0,8030.0,6978.0,16095,40383,7476.0,5,7478.0,12,7480.0,4,7482.0,142,7484.0,34,7486.0,13,7488.0,282,7490.0,2,7492.0,2,7494.0,1,7486.0
PF411,,13:48:40.250#,7500.0,7524.0,7460.0,8030.0,6978.0,16095,40383,7476.0,5,7478.0,12,7480.0,4,7482.0,142,7484.0,34,7486.0,14,7488.0,282,7490.0,2,7492.0,2,7494.0,1,7486.0
PF411,,13:48:51.750#,7500.0,7524.0,7460.0,8030.0,6978.0,16095,40383,7476.0,5,7478.0,12,7480.0,4,7482.0,142,7484.0,26,7486.0,15,7488.0,282,7490.0,2,7492.0,2,7494.0,1,7486.0
PF411,,13:48:52.0#,7500.0,7524.0,7460.0,8030.0,6978.0,16095,40383,7476.0,5,7478.0,12,7480.0,4,7482.0,142,7484.0,25,7486.0,17,7488.0,282,7490.0,2,7492.0,2,7494.0,1,7486.0
PF411,,13:48:52.250#,7500.0,7524.0,7460.0,8030.0,6978.0,16095,40383,7476.0,5,7478.0,12,7480.0,4,7482.0,142,7484.0,25,7486.0,19,7488.0,282,7490.0,2,7492.0,2,7494.0,1,7486.0
PF411,,13:48:53.500#,7500.0,7524.0,7460.0,8030.0,6978.0,16095,40383,7476.0,5,7478.0,12,7480.0,4,7482.0,142,7484.0,25,7486.0,18,7488.0,282,7490.0,2,7492.0,2,7494.0,1,7486.0
PF411,,13:49:01.250#,7500.0,7524.0,7460.0,8030.0,6978.0,16095,40383,7476.0,5,7478.0,12,7480.0,4,7482.0,142,7484.0,25,7486.0,19,7488.0,282,7490.0,2,7492.0,2,7494.0,1,7486.0
PF411,,13:49:03.500#,7500.0,7524.0,7460.0,8030.0,6978.0,16095,40383,7476.0,5,7478.0,12,7480.0,4,7482.0,142,7484.0,25,7486.0,21,7488.0,282,7490.0,2,7492.0,2,7494.0,1,7486.0
PF411,,13:49:03.750#,7500.0,7524.0,7460.0,8030.0,6978.0,16095,40383,7476.0,5,7478.0,12,7480.0,4,7482.0,142,7484.0,18,7486.0,21,7488.0,282,7490.0,2,7492.0,2,7494.0,1,7486.0
PF411,,13:49:04.0#,7500.0,7524.0,7460.0,8030.0,6978.0,16095,40383,7476.0,5,7478.0,12,7480.0,4,7482.0,152,7484.0,8,7486.0,31,7488.0,272,7490.0,2,7492.0,2,7494.0,1,7486.0
PF411,,13:49:04.750#,7500.0,7524.0,7460.0,8030.0,6978.0,16095,40383,7476.0,5,7478.0,12,7480.0,14,7482.0,142,7484.0,8,7486.0,31,7488.0,272,7490.0,2,7492.0,2,7494.0,1,7486.0
PF411,,13:49:08.250#,7500.0,7524.0,7460.0,8030.0,6978.0,16095,40383,7476.0,5,7478.0,12,7480.0,14,7482.0,142,7484.0,15,7486.0,31,7488.0,272,7490.0,2,7492.0,2,7494.0,1,7486.0
PF411,,13:49:08.750#,7500.0,7524.0,7460.0,8030.0,6978.0,16095,40383,7476.0,5,7478.0,12,7480.0,4,7482.0,152,7484.0,15,7486.0,31,7488.0,272,7490.0,2,7492.0,2,7494.0,1,7486.0
PF411,,13:49:11.750#,7500.0,7524.0,7460.0,8030.0,6978.0,16095,40383,7476.0,5,7478.0,12,7480.0,4,7482.0,152,7484.0,19,7486.0,25,7488.0,272,7490.0,2,7492.0,2,7494.0,1,7486.0
PF411,,13:49:12.0#,7500.0,7524.0,7460.0,8030.0,6978.0,16095,40383,7476.0,5,7478.0,12,7480.0,4,7482.0,152,7484.0,24,7486.0,24,7488.0,272,7490.0,2,7492.0,2,7494.0,1,7486.0
PF411,,13:49:12.250#,7500.0,7524.0,7460.0,8030.0,6978.0,16095,40383,7476.0,5,7478.0,12,7480.0,4,7482.0,142,7484.0,34,7486.0,14,7488.0,282,7490.0,2,7492.0,2,7494.0,1,7486.0
PF411,,13:49:18.250#,7500.0,7524.0,7460.0,8030.0,6978.0,16095,40383,7476.0,5,7478.0,12,7480.0,4,7482.0,142,7484.0,34,7486.0,15,7488.0,282,7490.0,2,7492.0,2,7494.0,1,7486.0
PF411,,13:49:27.0#,7500.0,7524.0,7460.0,8030.0,6978.0,16095,40383,7476.0,5,7478.0,12,7480.0,4,7482.0,142,7484.0,26,7486.0,19,7488.0,282,7490.0,2,7492.0,2,7494.0,1,7486.0
PF411,,13:49:27.250#,7500.0,7524.0,7460.0,8030.0,6978.0,16095,40383,7476.0,5,7478.0,12,7480.0,14,7482.0,132,7484.0,25,7486.0,21,7488.0,282,7490.0,2,7492.0,2,7494.0,1,7486.0
PF411,,13:49:28.0#,7500.0,7524.0,7460.0,8030.0,6978.0,16095,40383,7476.0,5,7478.0,12,7480.0,4,7482.0,142,7484.0,25,7486.0,22,7488.0,282,7490.0,2,7492.0,2,7494.0,1,7486.0
PF411,,13:49:28.250#,7500.0,7524.0,7460.0,8030.0,6978.0,16095,40383,7476.0,5,7478.0,12,7480.0,4,7482.0,142,7484.0,18,7486.0,22,7488.0,282,7490.0,2,7492.0,2,7494.0,1,7486.0
PF411,,13:49:28.500#,7500.0,7524.0,7460.0,8030.0,6978.0,16095,40383,7476.0,5,7478.0,12,7480.0,14,7482.0,142,7484.0,8,7486.0,32,7488.0,272,7490.0,2,7492.0,2,7494.0,1,7486.0
PF411,,13:49:28.750#,7500.0,7524.0,7460.0,8030.0,6978.0,16095,40383,7476.0,5,7478.0,12,7480.0,24,7482.0,132,7484.0,8,7486.0,42,7488.0,262,7490.0,2,7492.0,2,7494.0,1,7486.0
PF411,,13:49:29.0#,7500.0,7524.0,7460.0,8030.0,6978.0,16095,40383,7476.0,5,7478.0,12,7480.0,14,7482.0,142,7484.0,8,7486.0,42,7488.0,262,7490.0,2,7492.0,2,7494.0,1,7486.0
