InstrumentId,ExchangeId,Datetime,OpenPrice,HighestPrice,LowestPrice,UpperLimitPrice,LowerLimitPrice,Volume,OpenInterest,BidPrice5,BidVolume5,BidPrice4,BidVolume4,BidPrice3,BidVolume3,BidPrice2,BidVolume2,BidPrice1,BidVolume1,AskPrice1,AskVolume1,AskPrice2,AskVolume2,AskPrice3,AskVolume3,AskPrice4,AskVolume4,AskPrice5,AskVolume5,LastPrice
PF507,,13:39:53.250#,0.0,0.0,0.0,8660.0,6532.0,0,0,7288.0,1,7326.0,1,7388.0,1,7434.0,1,7486.0,3,7550.0,2,7620.0,1,7684.0,1,7776.0,1,7814.0,1,0.0
PF507,,13:39:53.750#,0.0,0.0,0.0,8660.0,6532.0,0,0,7326.0,1,7388.0,1,7434.0,1,7486.0,3,7488.0,1,7550.0,2,7620.0,1,7684.0,1,7776.0,1,7814.0,1,0.0
PF507,,13:39:54.0#,0.0,0.0,0.0,8660.0,6532.0,0,0,7326.0,1,7388.0,1,7434.0,1,7486.0,2,7488.0,2,7550.0,2,7620.0,1,7684.0,1,7776.0,1,7814.0,1,0.0
PF507,,13:40:01.0#,0.0,0.0,0.0,8660.0,6532.0,0,0,7326.0,1,7388.0,1,7434.0,1,7486.0,2,7488.0,1,7550.0,2,7620.0,1,7684.0,1,7776.0,1,7814.0,1,0.0
PF507,,13:40:04.0#,0.0,0.0,0.0,8660.0,6532.0,0,0,7326.0,1,7388.0,1,7434.0,1,7486.0,2,7488.0,2,7550.0,2,7620.0,1,7684.0,1,7776.0,1,7814.0,1,0.0
PF507,,13:40:04.500#,0.0,0.0,0.0,8660.0,6532.0,0,0,7288.0,1,7326.0,1,7388.0,1,7434.0,1,7488.0,2,7550.0,2,7620.0,1,7684.0,1,7776.0,1,7814.0,1,0.0
PF507,,13:40:05.500#,0.0,0.0,0.0,8660.0,6532.0,0,0,7326.0,1,7388.0,1,7434.0,1,7488.0,2,7490.0,2,7550.0,2,7620.0,1,7684.0,1,7776.0,1,7814.0,1,0.0
PF507,,13:40:06.0#,0.0,0.0,0.0,8660.0,6532.0,0,0,7326.0,1,7388.0,1,7434.0,1,7488.0,1,7490.0,3,7550.0,2,7620.0,1,7684.0,1,7776.0,1,7814.0,1,0.0
PF507,,13:40:27.0#,0.0,0.0,0.0,8660.0,6532.0,0,0,7288.0,1,7326.0,1,7388.0,1,7434.0,1,7490.0,3,7550.0,2,7620.0,1,7684.0,1,7776.0,1,7814.0,1,0.0
PF507,,13:40:27.500#,0.0,0.0,0.0,8660.0,6532.0,0,0,7288.0,1,7326.0,1,7388.0,1,7434.0,1,7490.0,4,7550.0,2,7620.0,1,7684.0,1,7776.0,1,7814.0,1,0.0
PF507,,13:40:57.750#,0.0,0.0,0.0,8660.0,6532.0,0,0,7288.0,1,7326.0,1,7388.0,1,7434.0,1,7490.0,3,7550.0,2,7620.0,1,7684.0,1,7776.0,1,7814.0,1,0.0
PF507,,13:40:59.250#,0.0,0.0,0.0,8660.0,6532.0,0,0,7288.0,1,7326.0,1,7388.0,1,7434.0,1,7490.0,4,7550.0,2,7620.0,1,7684.0,1,7776.0,1,7814.0,1,0.0
PF507,,13:41:06.250#,0.0,0.0,0.0,8660.0,6532.0,0,0,7288.0,1,7326.0,1,7388.0,1,7434.0,1,7490.0,3,7550.0,2,7620.0,1,7684.0,1,7776.0,1,7814.0,1,0.0
PF507,,13:42:17.250#,0.0,0.0,0.0,8660.0,6532.0,0,0,7288.0,1,7326.0,1,7388.0,1,7434.0,1,7490.0,3,7620.0,1,7684.0,1,7776.0,1,7814.0,1,8216.0,2,0.0
PF507,,13:42:22.250#,0.0,0.0,0.0,8660.0,6532.0,0,0,7288.0,1,7326.0,1,7388.0,1,7434.0,1,7490.0,1,7672.0,1,7674.0,2,7678.0,2,7684.0,1,7776.0,1,0.0
PF507,,13:42:22.500#,0.0,0.0,0.0,8660.0,6532.0,0,0,7288.0,1,7326.0,1,7388.0,1,7434.0,1,7490.0,1,7672.0,2,7674.0,2,7678.0,2,7684.0,1,7776.0,1,0.0
PF507,,13:42:23.0#,0.0,0.0,0.0,8660.0,6532.0,0,0,7288.0,1,7326.0,1,7388.0,1,7434.0,1,7490.0,1,7668.0,1,7670.0,1,7672.0,3,7678.0,2,7684.0,1,0.0
PF507,,13:42:25.250#,0.0,0.0,0.0,8660.0,6532.0,0,0,7288.0,1,7326.0,1,7388.0,1,7434.0,1,7490.0,1,7666.0,2,7668.0,2,7670.0,1,7678.0,2,7684.0,1,0.0
PF507,,13:42:25.500#,0.0,0.0,0.0,8660.0,6532.0,0,0,7288.0,1,7326.0,1,7388.0,1,7434.0,1,7490.0,1,7666.0,2,7668.0,2,7678.0,2,7684.0,1,7776.0,1,0.0
PF507,,13:42:25.750#,0.0,0.0,0.0,8660.0,6532.0,0,0,7288.0,1,7326.0,1,7388.0,1,7434.0,1,7490.0,1,7662.0,1,7664.0,1,7666.0,4,7678.0,2,7684.0,1,0.0
PF507,,13:42:26.0#,0.0,0.0,0.0,8660.0,6532.0,0,0,7288.0,1,7326.0,1,7388.0,1,7434.0,1,7490.0,1,7662.0,1,7664.0,2,7666.0,4,7678.0,2,7684.0,1,0.0
PF507,,13:42:26.250#,0.0,0.0,0.0,8660.0,6532.0,0,0,7288.0,1,7326.0,1,7388.0,1,7434.0,1,7490.0,1,7662.0,2,7664.0,2,7666.0,3,7678.0,2,7684.0,1,0.0
PF507,,13:42:31.250#,0.0,0.0,0.0,8660.0,6532.0,0,0,7288.0,1,7326.0,1,7388.0,1,7434.0,1,7490.0,1,7662.0,2,7664.0,2,7666.0,1,7684.0,1,7776.0,1,0.0
PF507,,13:42:31.750#,0.0,0.0,0.0,8660.0,6532.0,0,0,7288.0,1,7326.0,1,7388.0,1,7434.0,1,7490.0,1,7660.0,1,7662.0,2,7664.0,1,7684.0,1,7776.0,1,0.0
PF507,,13:42:32.0#,0.0,0.0,0.0,8660.0,6532.0,0,0,7288.0,1,7326.0,1,7388.0,1,7434.0,1,7490.0,1,7660.0,1,7662.0,2,7684.0,1,7776.0,1,7814.0,1,0.0
PF507,,13:42:32.250#,0.0,0.0,0.0,8660.0,6532.0,0,0,7288.0,1,7326.0,1,7388.0,1,7434.0,1,7490.0,1,7656.0,1,7658.0,2,7660.0,3,7684.0,1,7776.0,1,0.0
PF507,,13:42:32.750#,0.0,0.0,0.0,8660.0,6532.0,0,0,7288.0,1,7326.0,1,7388.0,1,7434.0,1,7490.0,1,7656.0,2,7658.0,3,7660.0,2,7684.0,1,7776.0,1,0.0
PF507,,13:42:33.750#,0.0,0.0,0.0,8660.0,6532.0,0,0,7288.0,1,7326.0,1,7388.0,1,7434.0,1,7490.0,1,7654.0,2,7656.0,2,7658.0,3,7660.0,2,7684.0,1,0.0
PF507,,13:42:34.250#,0.0,0.0,0.0,8660.0,6532.0,0,0,7288.0,1,7326.0,1,7388.0,1,7434.0,1,7490.0,1,7650.0,1,7654.0,3,7658.0,3,7660.0,2,7684.0,1,0.0
PF507,,13:42:34.750#,0.0,0.0,0.0,8660.0,6532.0,0,0,7288.0,1,7326.0,1,7388.0,1,7434.0,1,7490.0,1,7650.0,2,7654.0,2,7658.0,3,7660.0,2,7684.0,1,0.0
PF507,,13:42:37.750#,0.0,0.0,0.0,8660.0,6532.0,0,0,7288.0,1,7326.0,1,7388.0,1,7434.0,1,7490.0,1,7650.0,2,7654.0,2,7658.0,3,7660.0,1,7684.0,1,0.0
PF507,,13:42:38.250#,0.0,0.0,0.0,8660.0,6532.0,0,0,7288.0,1,7326.0,1,7388.0,1,7434.0,1,7490.0,1,7648.0,1,7650.0,2,7654.0,2,7658.0,3,7660.0,1,0.0
PF507,,13:42:38.500#,0.0,0.0,0.0,8660.0,6532.0,0,0,7288.0,1,7326.0,1,7388.0,1,7434.0,1,7490.0,1,7648.0,1,7650.0,2,7654.0,2,7658.0,1,7660.0,1,0.0
PF507,,13:42:38.750#,0.0,0.0,0.0,8660.0,6532.0,0,0,7288.0,1,7326.0,1,7388.0,1,7434.0,1,7490.0,1,7644.0,1,7648.0,2,7654.0,2,7658.0,1,7660.0,1,0.0
PF507,,13:42:39.0#,0.0,0.0,0.0,8660.0,6532.0,0,0,7288.0,1,7326.0,1,7388.0,1,7434.0,1,7490.0,1,7644.0,1,7646.0,2,7648.0,2,7654.0,2,7658.0,1,0.0
PF507,,13:42:39.250#,0.0,0.0,0.0,8660.0,6532.0,0,0,7288.0,1,7326.0,1,7388.0,1,7434.0,1,7490.0,1,7644.0,2,7646.0,2,7648.0,1,7654.0,2,7658.0,1,0.0
PF507,,13:42:40.0#,0.0,0.0,0.0,8660.0,6532.0,0,0,7288.0,1,7326.0,1,7388.0,1,7434.0,1,7490.0,1,7644.0,2,7646.0,2,7648.0,2,7654.0,2,7658.0,1,0.0
PF507,,13:42:44.750#,0.0,0.0,0.0,8660.0,6532.0,0,0,7288.0,1,7326.0,1,7388.0,1,7434.0,1,7490.0,1,7642.0,1,7644.0,2,7646.0,2,7648.0,1,7684.0,1,0.0
PF507,,13:42:45.0#,0.0,0.0,0.0,8660.0,6532.0,0,0,7288.0,1,7326.0,1,7388.0,1,7434.0,1,7490.0,1,7642.0,1,7644.0,2,7648.0,1,7684.0,1,7776.0,1,0.0
PF507,,13:42:45.250#,0.0,0.0,0.0,8660.0,6532.0,0,0,7288.0,1,7326.0,1,7388.0,1,7434.0,1,7490.0,1,7638.0,1,7642.0,2,7648.0,1,7684.0,1,7776.0,1,0.0
PF507,,13:42:45.500#,0.0,0.0,0.0,8660.0,6532.0,0,0,7288.0,1,7326.0,1,7388.0,1,7434.0,1,7490.0,1,7638.0,1,7640.0,2,7642.0,2,7648.0,1,7684.0,1,0.0
PF507,,13:42:45.750#,0.0,0.0,0.0,8660.0,6532.0,0,0,7288.0,1,7326.0,1,7388.0,1,7434.0,1,7490.0,1,7638.0,2,7640.0,3,7642.0,1,7648.0,1,7684.0,1,0.0
PF507,,13:42:48.750#,0.0,0.0,0.0,8660.0,6532.0,0,0,7288.0,1,7326.0,1,7388.0,1,7434.0,1,7490.0,1,7636.0,2,7638.0,2,7640.0,3,7642.0,1,7648.0,1,0.0
PF507,,13:42:49.250#,0.0,0.0,0.0,8660.0,6532.0,0,0,7288.0,1,7326.0,1,7388.0,1,7434.0,1,7490.0,1,7632.0,1,7636.0,3,7640.0,3,7642.0,1,7648.0,1,0.0
PF507,,13:42:49.750#,0.0,0.0,0.0,8660.0,6532.0,0,0,7288.0,1,7326.0,1,7388.0,1,7434.0,1,7490.0,1,7632.0,2,7636.0,2,7640.0,3,7642.0,1,7648.0,1,0.0
PF507,,13:42:51.500#,0.0,0.0,0.0,8660.0,6532.0,0,0,7288.0,1,7326.0,1,7388.0,1,7434.0,1,7490.0,1,7632.0,2,7636.0,2,7640.0,2,7642.0,1,7648.0,1,0.0
PF507,,13:42:51.750#,0.0,0.0,0.0,8660.0,6532.0,0,0,7288.0,1,7326.0,1,7388.0,1,7434.0,1,7490.0,1,7632.0,2,7636.0,2,7642.0,1,7648.0,1,7684.0,1,0.0
PF507,,13:42:52.0#,0.0,0.0,0.0,8660.0,6532.0,0,0,7288.0,1,7326.0,1,7388.0,1,7434.0,1,7490.0,1,7630.0,1,7632.0,2,7636.0,2,7642.0,1,7648.0,1,0.0
PF507,,13:42:52.250#,0.0,0.0,0.0,8660.0,6532.0,0,0,7288.0,1,7326.0,1,7388.0,1,7434.0,1,7490.0,1,7626.0,1,7628.0,1,7630.0,3,7636.0,2,7642.0,1,0.0
PF507,,13:42:52.750#,0.0,0.0,0.0,8660.0,6532.0,0,0,7288.0,1,7326.0,1,7388.0,1,7434.0,1,7490.0,1,7626.0,2,7628.0,1,7630.0,2,7636.0,2,7642.0,1,0.0
PF507,,13:42:56.750#,0.0,0.0,0.0,8660.0,6532.0,0,0,7288.0,1,7326.0,1,7388.0,1,7434.0,1,7490.0,1,7626.0,2,7628.0,1,7630.0,2,7636.0,2,7648.0,1,0.0
PF507,,13:42:57.500#,0.0,0.0,0.0,8660.0,6532.0,0,0,7288.0,1,7326.0,1,7388.0,1,7434.0,1,7490.0,1,7624.0,1,7626.0,2,7628.0,1,7630.0,2,7636.0,2,0.0
PF507,,13:42:57.750#,0.0,0.0,0.0,8660.0,6532.0,0,0,7288.0,1,7326.0,1,7388.0,1,7434.0,1,7490.0,1,7620.0,1,7624.0,2,7628.0,1,7630.0,2,7636.0,2,0.0
PF507,,13:42:58.0#,0.0,0.0,0.0,8660.0,6532.0,0,0,7288.0,1,7326.0,1,7388.0,1,7434.0,1,7490.0,1,7620.0,1,7624.0,2,7628.0,1,7630.0,1,7636.0,2,0.0
PF507,,13:42:58.250#,0.0,0.0,0.0,8660.0,6532.0,0,0,7288.0,1,7326.0,1,7388.0,1,7434.0,1,7490.0,1,7620.0,2,7624.0,1,7636.0,2,7648.0,1,7684.0,1,0.0
PF507,,13:42:58.750#,0.0,0.0,0.0,8660.0,6532.0,0,0,7288.0,1,7326.0,1,7388.0,1,7434.0,1,7490.0,1,7618.0,1,7620.0,2,7624.0,1,7636.0,2,7648.0,1,0.0
PF507,,13:42:59.0#,0.0,0.0,0.0,8660.0,6532.0,0,0,7288.0,1,7326.0,1,7388.0,1,7434.0,1,7490.0,1,7618.0,3,7620.0,2,7624.0,1,7636.0,2,7648.0,1,0.0
PF507,,13:42:59.250#,0.0,0.0,0.0,8660.0,6532.0,0,0,7288.0,1,7326.0,1,7388.0,1,7434.0,1,7490.0,1,7618.0,4,7620.0,1,7624.0,1,7636.0,2,7648.0,1,0.0
PF507,,13:42:59.750#,0.0,0.0,0.0,8660.0,6532.0,0,0,7288.0,1,7326.0,1,7388.0,1,7434.0,1,7490.0,1,7618.0,4,7620.0,1,7624.0,1,7648.0,1,7684.0,1,0.0
PF507,,13:43:01.750#,0.0,0.0,0.0,8660.0,6532.0,0,0,7288.0,1,7326.0,1,7388.0,1,7434.0,1,7490.0,1,7618.0,5,7624.0,1,7648.0,1,7684.0,1,7776.0,1,0.0
PF507,,13:43:02.250#,0.0,0.0,0.0,8660.0,6532.0,0,0,7288.0,1,7326.0,1,7388.0,1,7434.0,1,7490.0,1,7618.0,5,7684.0,1,7776.0,1,7814.0,1,8216.0,2,0.0
PF507,,13:43:02.750#,0.0,0.0,0.0,8660.0,6532.0,0,0,7288.0,1,7326.0,1,7388.0,1,7434.0,1,7490.0,1,7616.0,1,7618.0,5,7684.0,1,7776.0,1,7814.0,1,0.0
PF507,,13:43:03.250#,0.0,0.0,0.0,8660.0,6532.0,0,0,7288.0,1,7326.0,1,7388.0,1,7434.0,1,7490.0,1,7616.0,2,7618.0,4,7684.0,1,7776.0,1,7814.0,1,0.0
PF507,,13:43:03.750#,0.0,0.0,0.0,8660.0,6532.0,0,0,7288.0,1,7326.0,1,7388.0,1,7434.0,1,7490.0,1,7614.0,2,7616.0,2,7618.0,4,7684.0,1,7776.0,1,0.0
PF507,,13:43:04.250#,0.0,0.0,0.0,8660.0,6532.0,0,0,7288.0,1,7326.0,1,7388.0,1,7434.0,1,7490.0,1,7614.0,3,7616.0,1,7618.0,1,7684.0,1,7776.0,1,0.0
PF507,,13:43:04.750#,0.0,0.0,0.0,8660.0,6532.0,0,0,7288.0,1,7326.0,1,7388.0,1,7434.0,1,7490.0,1,7612.0,1,7614.0,3,7616.0,1,7618.0,1,7684.0,1,0.0
PF507,,13:43:05.250#,0.0,0.0,0.0,8660.0,6532.0,0,0,7288.0,1,7326.0,1,7388.0,1,7434.0,1,7490.0,1,7612.0,2,7614.0,2,7616.0,1,7618.0,1,7684.0,1,0.0
PF507,,13:43:08.0#,0.0,0.0,0.0,8660.0,6532.0,0,0,7288.0,1,7326.0,1,7388.0,1,7434.0,1,7490.0,1,7610.0,1,7612.0,2,7614.0,2,7616.0,1,7618.0,1,0.0
PF507,,13:43:08.250#,0.0,0.0,0.0,8660.0,6532.0,0,0,7288.0,1,7326.0,1,7388.0,1,7434.0,1,7490.0,1,7610.0,2,7614.0,2,7618.0,1,7684.0,1,7776.0,1,0.0
PF507,,13:43:08.750#,0.0,0.0,0.0,8660.0,6532.0,0,0,7288.0,1,7326.0,1,7388.0,1,7434.0,1,7490.0,1,7608.0,2,7610.0,2,7614.0,2,7618.0,1,7684.0,1,0.0
PF507,,13:43:09.250#,0.0,0.0,0.0,8660.0,6532.0,0,0,7288.0,1,7326.0,1,7388.0,1,7434.0,1,7490.0,1,7608.0,3,7610.0,1,7614.0,2,7618.0,1,7684.0,1,0.0
PF507,,13:43:16.0#,0.0,0.0,0.0,8660.0,6532.0,0,0,7288.0,1,7326.0,1,7388.0,1,7434.0,1,7490.0,1,7608.0,3,7610.0,1,7618.0,1,7684.0,1,7776.0,1,0.0
PF507,,13:43:19.0#,0.0,0.0,0.0,8660.0,6532.0,0,0,7288.0,1,7326.0,1,7388.0,1,7434.0,1,7490.0,1,7606.0,2,7608.0,3,7610.0,1,7618.0,1,7684.0,1,0.0
PF507,,13:43:19.250#,0.0,0.0,0.0,8660.0,6532.0,0,0,7288.0,1,7326.0,1,7388.0,1,7434.0,1,7490.0,1,7606.0,3,7608.0,2,7610.0,1,7618.0,1,7684.0,1,0.0
PF507,,13:43:20.250#,0.0,0.0,0.0,8660.0,6532.0,0,0,7288.0,1,7326.0,1,7388.0,1,7434.0,1,7490.0,1,7606.0,3,7610.0,1,7618.0,1,7684.0,1,7776.0,1,0.0
PF507,,13:43:20.750#,0.0,0.0,0.0,8660.0,6532.0,0,0,7288.0,1,7326.0,1,7388.0,1,7434.0,1,7490.0,1,7604.0,2,7606.0,3,7610.0,1,7618.0,1,7684.0,1,0.0
PF507,,13:43:21.250#,0.0,0.0,0.0,8660.0,6532.0,0,0,7288.0,1,7326.0,1,7388.0,1,7434.0,1,7490.0,1,7604.0,3,7606.0,2,7610.0,1,7618.0,1,7684.0,1,0.0
PF507,,13:43:31.250#,0.0,0.0,0.0,8660.0,6532.0,0,0,7288.0,1,7326.0,1,7388.0,1,7434.0,1,7490.0,1,7604.0,3,7606.0,2,7618.0,1,7684.0,1,7776.0,1,0.0
PF507,,13:43:32.0#,0.0,0.0,0.0,8660.0,6532.0,0,0,7288.0,1,7326.0,1,7388.0,1,7434.0,1,7490.0,1,7604.0,3,7618.0,1,7684.0,1,7776.0,1,7814.0,1,0.0
PF507,,13:43:34.0#,0.0,0.0,0.0,8660.0,6532.0,0,0,7288.0,1,7326.0,1,7388.0,1,7434.0,1,7490.0,1,7602.0,2,7604.0,3,7618.0,1,7684.0,1,7776.0,1,0.0
PF507,,13:43:34.250#,0.0,0.0,0.0,8660.0,6532.0,0,0,7288.0,1,7326.0,1,7388.0,1,7434.0,1,7490.0,1,7602.0,3,7604.0,2,7618.0,1,7684.0,1,7776.0,1,0.0
PF507,,13:43:34.750#,0.0,0.0,0.0,8660.0,6532.0,0,0,7288.0,1,7326.0,1,7388.0,1,7434.0,1,7490.0,1,7602.0,4,7618.0,1,7684.0,1,7776.0,1,7814.0,1,0.0
PF507,,13:43:35.250#,0.0,0.0,0.0,8660.0,6532.0,0,0,7288.0,1,7326.0,1,7388.0,1,7434.0,1,7490.0,1,7600.0,2,7602.0,4,7618.0,1,7684.0,1,7776.0,1,0.0
PF507,,13:43:35.750#,0.0,0.0,0.0,8660.0,6532.0,0,0,7288.0,1,7326.0,1,7388.0,1,7434.0,1,7490.0,1,7600.0,3,7602.0,3,7618.0,1,7684.0,1,7776.0,1,0.0
PF507,,13:43:46.0#,0.0,0.0,0.0,8660.0,6532.0,0,0,7288.0,1,7326.0,1,7388.0,1,7434.0,1,7490.0,1,7600.0,3,7602.0,1,7618.0,1,7684.0,1,7776.0,1,0.0
PF507,,13:43:49.0#,0.0,0.0,0.0,8660.0,6532.0,0,0,7288.0,1,7326.0,1,7388.0,1,7434.0,1,7490.0,1,7598.0,2,7600.0,3,7602.0,1,7618.0,1,7684.0,1,0.0
PF507,,13:43:49.250#,0.0,0.0,0.0,8660.0,6532.0,0,0,7288.0,1,7326.0,1,7388.0,1,7434.0,1,7490.0,1,7598.0,3,7600.0,2,7602.0,1,7618.0,1,7684.0,1,0.0
PF507,,13:43:53.250#,0.0,0.0,0.0,8660.0,6532.0,0,0,7288.0,1,7326.0,1,7388.0,1,7434.0,1,7490.0,1,7598.0,3,7602.0,1,7618.0,1,7684.0,1,7776.0,1,0.0
PF507,,13:43:54.0#,0.0,0.0,0.0,8660.0,6532.0,0,0,7288.0,1,7326.0,1,7388.0,1,7434.0,1,7490.0,1,7596.0,2,7598.0,3,7602.0,1,7618.0,1,7684.0,1,0.0
PF507,,13:43:54.250#,0.0,0.0,0.0,8660.0,6532.0,0,0,7288.0,1,7326.0,1,7388.0,1,7434.0,1,7490.0,1,7596.0,3,7598.0,2,7602.0,1,7618.0,1,7684.0,1,0.0
PF507,,13:43:57.0#,0.0,0.0,0.0,8660.0,6532.0,0,0,7288.0,1,7326.0,1,7388.0,1,7434.0,1,7490.0,1,7596.0,3,7598.0,2,7618.0,1,7684.0,1,7776.0,1,0.0
PF507,,13:44:03.0#,0.0,0.0,0.0,8660.0,6532.0,0,0,7288.0,1,7326.0,1,7388.0,1,7434.0,1,7490.0,1,7594.0,1,7596.0,3,7598.0,2,7618.0,1,7684.0,1,0.0
PF507,,13:44:03.250#,0.0,0.0,0.0,8660.0,6532.0,0,0,7288.0,1,7326.0,1,7388.0,1,7434.0,1,7490.0,1,7594.0,2,7596.0,2,7598.0,2,7618.0,1,7684.0,1,0.0
PF507,,13:44:04.250#,0.0,0.0,0.0,8660.0,6532.0,0,0,7288.0,1,7326.0,1,7388.0,1,7434.0,1,7490.0,1,7594.0,2,7598.0,2,7618.0,1,7684.0,1,7776.0,1,0.0
PF507,,13:44:04.750#,0.0,0.0,0.0,8660.0,6532.0,0,0,7288.0,1,7326.0,1,7388.0,1,7434.0,1,7490.0,1,7592.0,2,7594.0,2,7618.0,1,7684.0,1,7776.0,1,0.0
PF507,,13:44:05.250#,0.0,0.0,0.0,8660.0,6532.0,0,0,7288.0,1,7326.0,1,7388.0,1,7434.0,1,7490.0,1,7592.0,3,7594.0,1,7618.0,1,7684.0,1,7776.0,1,0.0
PF507,,13:44:06.0#,0.0,0.0,0.0,8660.0,6532.0,0,0,7288.0,1,7326.0,1,7388.0,1,7434.0,1,7490.0,1,7590.0,2,7592.0,3,7594.0,1,7618.0,1,7684.0,1,0.0
PF507,,13:44:06.250#,0.0,0.0,0.0,8660.0,6532.0,0,0,7288.0,1,7326.0,1,7388.0,1,7434.0,1,7490.0,1,7590.0,3,7592.0,2,7594.0,1,7618.0,1,7684.0,1,0.0
PF507,,13:44:10.750#,0.0,0.0,0.0,8660.0,6532.0,0,0,7288.0,1,7326.0,1,7388.0,1,7434.0,1,7490.0,1,7590.0,3,7592.0,1,7594.0,1,7618.0,1,7684.0,1,0.0
PF507,,13:44:11.250#,0.0,0.0,0.0,8660.0,6532.0,0,0,7288.0,1,7326.0,1,7388.0,1,7434.0,1,7490.0,1,7588.0,1,7590.0,3,7592.0,1,7594.0,1,7618.0,1,0.0
PF507,,13:44:11.750#,0.0,0.0,0.0,8660.0,6532.0,0,0,7288.0,1,7326.0,1,7388.0,1,7434.0,1,7490.0,1,7588.0,2,7590.0,2,7592.0,1,7594.0,1,7618.0,1,0.0
PF507,,13:44:16.750#,0.0,0.0,0.0,8660.0,6532.0,0,0,7288.0,1,7326.0,1,7388.0,1,7434.0,1,7490.0,1,7588.0,2,7590.0,2,7594.0,1,7618.0,1,7684.0,1,0.0
PF507,,13:44:17.500#,0.0,0.0,0.0,8660.0,6532.0,0,0,7288.0,1,7326.0,1,7388.0,1,7434.0,1,7490.0,1,7586.0,1,7588.0,2,7590.0,2,7594.0,1,7618.0,1,0.0
PF507,,13:44:17.750#,0.0,0.0,0.0,8660.0,6532.0,0,0,7288.0,1,7326.0,1,7388.0,1,7434.0,1,7490.0,1,7586.0,2,7588.0,1,7590.0,2,7594.0,1,7618.0,1,0.0
PF507,,13:44:22.0#,0.0,0.0,0.0,8660.0,6532.0,0,0,7288.0,1,7326.0,1,7388.0,1,7434.0,1,7490.0,1,7586.0,2,7588.0,1,7594.0,1,7618.0,1,7684.0,1,0.0
PF507,,13:44:22.750#,0.0,0.0,0.0,8660.0,6532.0,0,0,7288.0,1,7326.0,1,7388.0,1,7434.0,1,7490.0,1,7584.0,2,7586.0,2,7588.0,1,7594.0,1,7618.0,1,0.0
PF507,,13:44:23.250#,0.0,0.0,0.0,8660.0,6532.0,0,0,7288.0,1,7326.0,1,7388.0,1,7434.0,1,7490.0,1,7584.0,3,7586.0,1,7588.0,1,7594.0,1,7618.0,1,0.0
PF507,,13:44:23.500#,0.0,0.0,0.0,8660.0,6532.0,0,0,7288.0,1,7326.0,1,7388.0,1,7434.0,1,7490.0,1,7584.0,3,7588.0,1,7594.0,1,7618.0,1,7684.0,1,0.0
PF507,,13:44:24.0#,0.0,0.0,0.0,8660.0,6532.0,0,0,7288.0,1,7326.0,1,7388.0,1,7434.0,1,7490.0,1,7584.0,4,7588.0,1,7594.0,1,7618.0,1,7684.0,1,0.0
PF507,,13:44:26.250#,0.0,0.0,0.0,8660.0,6532.0,0,0,7288.0,1,7326.0,1,7388.0,1,7434.0,1,7490.0,1,7584.0,4,7588.0,1,7618.0,1,7684.0,1,7776.0,1,0.0
PF507,,13:44:29.250#,0.0,0.0,0.0,8660.0,6532.0,0,0,7288.0,1,7326.0,1,7388.0,1,7434.0,1,7490.0,1,7584.0,4,7618.0,1,7684.0,1,7776.0,1,7814.0,1,0.0
PF507,,13:44:29.750#,0.0,0.0,0.0,8660.0,6532.0,0,0,7288.0,1,7326.0,1,7388.0,1,7434.0,1,7490.0,1,7582.0,1,7584.0,4,7618.0,1,7684.0,1,7776.0,1,0.0
PF507,,13:44:30.0#,0.0,0.0,0.0,8660.0,6532.0,0,0,7288.0,1,7326.0,1,7388.0,1,7434.0,1,7490.0,1,7582.0,2,7584.0,4,7618.0,1,7684.0,1,7776.0,1,0.0
PF507,,13:44:30.250#,0.0,0.0,0.0,8660.0,6532.0,0,0,7288.0,1,7326.0,1,7388.0,1,7434.0,1,7490.0,1,7582.0,3,7584.0,3,7618.0,1,7684.0,1,7776.0,1,0.0
PF507,,13:44:40.750#,0.0,0.0,0.0,8660.0,6532.0,0,0,7288.0,1,7326.0,1,7388.0,1,7434.0,1,7490.0,1,7582.0,3,7584.0,1,7618.0,1,7684.0,1,7776.0,1,0.0
PF507,,13:44:41.750#,0.0,0.0,0.0,8660.0,6532.0,0,0,7288.0,1,7326.0,1,7388.0,1,7434.0,1,7490.0,1,7580.0,2,7582.0,3,7584.0,1,7618.0,1,7684.0,1,0.0
PF507,,13:44:42.250#,0.0,0.0,0.0,8660.0,6532.0,0,0,7288.0,1,7326.0,1,7388.0,1,7434.0,1,7490.0,1,7580.0,3,7582.0,2,7584.0,1,7618.0,1,7684.0,1,0.0
PF507,,13:44:48.0#,0.0,0.0,0.0,8660.0,6532.0,0,0,7288.0,1,7326.0,1,7388.0,1,7434.0,1,7490.0,1,7580.0,3,7582.0,1,7584.0,1,7618.0,1,7684.0,1,0.0
PF507,,13:44:48.500#,0.0,0.0,0.0,8660.0,6532.0,0,0,7288.0,1,7326.0,1,7388.0,1,7434.0,1,7490.0,1,7578.0,1,7580.0,3,7582.0,1,7584.0,1,7618.0,1,0.0
PF507,,13:44:48.750#,0.0,0.0,0.0,8660.0,6532.0,0,0,7288.0,1,7326.0,1,7388.0,1,7434.0,1,7490.0,1,7578.0,2,7580.0,2,7582.0,1,7584.0,1,7618.0,1,0.0
PF507,,13:44:58.750#,0.0,0.0,0.0,8660.0,6532.0,0,0,7288.0,1,7326.0,1,7388.0,1,7434.0,1,7490.0,1,7578.0,2,7582.0,1,7584.0,1,7618.0,1,7684.0,1,0.0
PF507,,13:45:00.0#,0.0,0.0,0.0,8660.0,6532.0,0,0,7288.0,1,7326.0,1,7388.0,1,7434.0,1,7490.0,1,7576.0,2,7578.0,2,7582.0,1,7584.0,1,7618.0,1,0.0
PF507,,13:45:00.250#,0.0,0.0,0.0,8660.0,6532.0,0,0,7288.0,1,7326.0,1,7388.0,1,7434.0,1,7490.0,1,7576.0,3,7578.0,1,7582.0,1,7584.0,1,7618.0,1,0.0
PF507,,13:45:00.500#,0.0,0.0,0.0,8660.0,6532.0,0,0,7288.0,1,7326.0,1,7388.0,1,7434.0,1,7490.0,1,7576.0,3,7582.0,1,7584.0,1,7618.0,1,7684.0,1,0.0
PF507,,13:45:01.250#,0.0,0.0,0.0,8660.0,6532.0,0,0,7288.0,1,7326.0,1,7388.0,1,7434.0,1,7490.0,1,7574.0,1,7576.0,3,7582.0,1,7584.0,1,7618.0,1,0.0
PF507,,13:45:01.750#,0.0,0.0,0.0,8660.0,6532.0,0,0,7288.0,1,7326.0,1,7388.0,1,7434.0,1,7490.0,1,7574.0,2,7576.0,2,7582.0,1,7584.0,1,7618.0,1,0.0
PF507,,13:45:03.250#,0.0,0.0,0.0,8660.0,6532.0,0,0,7288.0,1,7326.0,1,7388.0,1,7434.0,1,7490.0,1,7574.0,2,7576.0,2,7584.0,1,7618.0,1,7684.0,1,0.0
PF507,,13:45:07.250#,0.0,0.0,0.0,8660.0,6532.0,0,0,6608.0,2,7288.0,1,7326.0,1,7388.0,1,7434.0,1,7574.0,2,7576.0,2,7584.0,1,7618.0,1,7684.0,1,0.0
PF507,,13:45:07.750#,0.0,0.0,0.0,8660.0,6532.0,0,0,6602.0,2,6608.0,2,7288.0,1,7326.0,1,7388.0,1,7574.0,2,7584.0,1,7618.0,1,7684.0,1,7776.0,1,0.0
PF507,,13:45:08.750#,0.0,0.0,0.0,8660.0,6532.0,0,0,6608.0,2,7288.0,1,7326.0,1,7388.0,2,7392.0,1,7574.0,2,7584.0,1,7618.0,1,7684.0,1,7776.0,1,0.0
PF507,,13:45:09.250#,0.0,0.0,0.0,8660.0,6532.0,0,0,6608.0,2,7288.0,1,7326.0,1,7388.0,1,7392.0,2,7574.0,2,7584.0,1,7618.0,1,7684.0,1,7776.0,1,0.0
PF507,,13:45:11.750#,0.0,0.0,0.0,8660.0,6532.0,0,0,7288.0,1,7326.0,1,7388.0,1,7392.0,2,7394.0,2,7574.0,2,7584.0,1,7618.0,1,7684.0,1,7776.0,1,0.0
PF507,,13:45:12.250#,0.0,0.0,0.0,8660.0,6532.0,0,0,7288.0,1,7326.0,1,7388.0,1,7394.0,4,7398.0,1,7574.0,2,7584.0,1,7618.0,1,7684.0,1,7776.0,1,0.0
PF507,,13:45:12.750#,0.0,0.0,0.0,8660.0,6532.0,0,0,7288.0,1,7326.0,1,7388.0,1,7394.0,3,7398.0,2,7574.0,2,7584.0,1,7618.0,1,7684.0,1,7776.0,1,0.0
PF507,,13:45:14.250#,0.0,0.0,0.0,8660.0,6532.0,0,0,7326.0,1,7388.0,1,7394.0,3,7400.0,1,7404.0,2,7574.0,2,7584.0,1,7618.0,1,7684.0,1,7776.0,1,0.0
PF507,,13:45:14.750#,0.0,0.0,0.0,8660.0,6532.0,0,0,7388.0,1,7394.0,3,7400.0,1,7404.0,2,7406.0,2,7574.0,2,7584.0,1,7618.0,1,7684.0,1,7776.0,1,0.0
PF507,,13:45:15.250#,0.0,0.0,0.0,8660.0,6532.0,0,0,7388.0,1,7394.0,3,7400.0,1,7406.0,3,7410.0,1,7574.0,2,7584.0,1,7618.0,1,7684.0,1,7776.0,1,0.0
PF507,,13:45:15.750#,0.0,0.0,0.0,8660.0,6532.0,0,0,7388.0,1,7394.0,3,7400.0,1,7406.0,2,7410.0,2,7574.0,2,7584.0,1,7618.0,1,7684.0,1,7776.0,1,0.0
PF507,,13:45:17.750#,0.0,0.0,0.0,8660.0,6532.0,0,0,7388.0,1,7394.0,2,7400.0,1,7406.0,2,7410.0,2,7574.0,2,7584.0,1,7618.0,1,7684.0,1,7776.0,1,0.0
PF507,,13:45:18.500#,0.0,0.0,0.0,8660.0,6532.0,0,0,7394.0,2,7400.0,1,7406.0,2,7410.0,2,7412.0,1,7574.0,2,7584.0,1,7618.0,1,7684.0,1,7776.0,1,0.0
PF507,,13:45:18.750#,0.0,0.0,0.0,8660.0,6532.0,0,0,7394.0,2,7400.0,1,7406.0,2,7412.0,2,7416.0,1,7574.0,2,7584.0,1,7618.0,1,7684.0,1,7776.0,1,0.0
PF507,,13:45:19.250#,0.0,0.0,0.0,8660.0,6532.0,0,0,7394.0,2,7400.0,1,7406.0,2,7412.0,1,7416.0,2,7574.0,2,7584.0,1,7618.0,1,7684.0,1,7776.0,1,0.0
PF507,,13:45:19.500#,0.0,0.0,0.0,8660.0,6532.0,0,0,7388.0,1,7394.0,2,7406.0,2,7412.0,1,7416.0,2,7574.0,2,7584.0,1,7618.0,1,7684.0,1,7776.0,1,0.0
PF507,,13:45:20.0#,0.0,0.0,0.0,8660.0,6532.0,0,0,7394.0,2,7406.0,2,7412.0,1,7416.0,2,7418.0,1,7574.0,2,7584.0,1,7618.0,1,7684.0,1,7776.0,1,0.0
PF507,,13:45:20.250#,0.0,0.0,0.0,8660.0,6532.0,0,0,7394.0,2,7406.0,2,7412.0,1,7418.0,2,7422.0,1,7574.0,2,7584.0,1,7618.0,1,7684.0,1,7776.0,1,0.0
PF507,,13:45:20.750#,0.0,0.0,0.0,8660.0,6532.0,0,0,7394.0,2,7406.0,2,7412.0,1,7418.0,1,7422.0,2,7574.0,2,7584.0,1,7618.0,1,7684.0,1,7776.0,1,0.0
PF507,,13:45:21.750#,0.0,0.0,0.0,8660.0,6532.0,0,0,7406.0,2,7412.0,1,7418.0,1,7422.0,2,7424.0,1,7574.0,2,7584.0,1,7618.0,1,7684.0,1,7776.0,1,0.0
PF507,,13:45:22.250#,0.0,0.0,0.0,8660.0,6532.0,0,0,7406.0,2,7412.0,1,7418.0,1,7424.0,2,7428.0,1,7574.0,2,7584.0,1,7618.0,1,7684.0,1,7776.0,1,0.0
PF507,,13:45:22.750#,0.0,0.0,0.0,8660.0,6532.0,0,0,7406.0,2,7412.0,1,7418.0,1,7424.0,1,7428.0,2,7574.0,2,7584.0,1,7618.0,1,7684.0,1,7776.0,1,0.0
PF507,,13:45:23.750#,0.0,0.0,0.0,8660.0,6532.0,0,0,7406.0,2,7412.0,1,7418.0,1,7424.0,1,7428.0,2,7574.0,2,7584.0,1,7618.0,1,7684.0,1,7776.0,1,0.0
PF507,,13:45:24.250#,0.0,0.0,0.0,8660.0,6532.0,0,0,7406.0,2,7412.0,1,7418.0,1,7424.0,1,7428.0,2,7574.0,2,7584.0,1,7618.0,1,7684.0,1,7776.0,1,0.0
PF507,,13:45:24.500#,0.0,0.0,0.0,8660.0,6532.0,0,0,7406.0,2,7418.0,1,7424.0,1,7428.0,2,7430.0,1,7574.0,2,7584.0,1,7618.0,1,7684.0,1,7776.0,1,0.0
PF507,,13:45:24.750#,0.0,0.0,0.0,8660.0,6532.0,0,0,7406.0,2,7418.0,1,7424.0,1,7430.0,2,7434.0,1,7574.0,2,7584.0,1,7618.0,1,7684.0,1,7776.0,1,0.0
PF507,,13:45:25.0#,0.0,0.0,0.0,8660.0,6532.0,0,0,7418.0,1,7424.0,1,7430.0,2,7432.0,1,7434.0,1,7574.0,2,7584.0,1,7618.0,1,7684.0,1,7776.0,1,0.0
PF507,,13:45:25.250#,0.0,0.0,0.0,8660.0,6532.0,0,0,7418.0,1,7424.0,1,7430.0,1,7432.0,1,7434.0,2,7574.0,2,7584.0,1,7618.0,1,7684.0,1,7776.0,1,0.0
PF507,,13:45:25.750#,0.0,0.0,0.0,8660.0,6532.0,0,0,7418.0,1,7424.0,1,7430.0,1,7432.0,1,7434.0,2,7574.0,2,7584.0,1,7618.0,1,7684.0,1,7776.0,1,0.0
PF507,,13:45:26.250#,0.0,0.0,0.0,8660.0,6532.0,0,0,7388.0,1,7424.0,1,7430.0,1,7432.0,1,7434.0,2,7574.0,2,7584.0,1,7618.0,1,7684.0,1,7776.0,1,0.0
PF507,,13:45:26.750#,0.0,0.0,0.0,8660.0,6532.0,0,0,7424.0,1,7430.0,1,7432.0,1,7434.0,2,7436.0,1,7574.0,2,7584.0,1,7618.0,1,7684.0,1,7776.0,1,0.0
PF507,,13:45:27.250#,0.0,0.0,0.0,8660.0,6532.0,0,0,7424.0,1,7430.0,1,7432.0,1,7434.0,1,7436.0,2,7574.0,2,7584.0,1,7618.0,1,7684.0,1,7776.0,1,0.0
PF507,,13:45:30.250#,0.0,0.0,0.0,8660.0,6532.0,0,0,7430.0,1,7432.0,1,7434.0,1,7436.0,1,7438.0,3,7574.0,2,7584.0,1,7618.0,1,7684.0,1,7776.0,1,0.0
PF507,,13:45:30.500#,0.0,0.0,0.0,8660.0,6532.0,0,0,7424.0,1,7432.0,1,7434.0,1,7436.0,1,7438.0,3,7574.0,2,7584.0,1,7618.0,1,7684.0,1,7776.0,1,0.0
PF507,,13:45:31.0#,0.0,0.0,0.0,8660.0,6532.0,0,0,7424.0,1,7434.0,1,7436.0,1,7438.0,3,7440.0,1,7574.0,2,7584.0,1,7618.0,1,7684.0,1,7776.0,1,0.0
PF507,,13:45:31.250#,0.0,0.0,0.0,8660.0,6532.0,0,0,7424.0,1,7434.0,1,7436.0,1,7438.0,2,7440.0,2,7574.0,2,7584.0,1,7618.0,1,7684.0,1,7776.0,1,0.0
PF507,,13:45:31.500#,0.0,0.0,0.0,8660.0,6532.0,0,0,7434.0,1,7436.0,1,7438.0,2,7440.0,2,7442.0,1,7574.0,2,7584.0,1,7618.0,1,7684.0,1,7776.0,1,0.0
PF507,,13:45:31.750#,0.0,0.0,0.0,8660.0,6532.0,0,0,7434.0,1,7436.0,1,7438.0,2,7440.0,1,7442.0,2,7574.0,2,7584.0,1,7618.0,1,7684.0,1,7776.0,1,0.0
PF507,,13:45:37.0#,0.0,0.0,0.0,8660.0,6532.0,0,0,7424.0,1,7434.0,1,7436.0,1,7438.0,2,7442.0,2,7574.0,2,7584.0,1,7618.0,1,7684.0,1,7776.0,1,0.0
PF507,,13:45:37.750#,0.0,0.0,0.0,8660.0,6532.0,0,0,7434.0,1,7436.0,1,7438.0,2,7442.0,2,7444.0,1,7574.0,2,7584.0,1,7618.0,1,7684.0,1,7776.0,1,0.0
PF507,,13:45:38.250#,0.0,0.0,0.0,8660.0,6532.0,0,0,7434.0,1,7436.0,1,7438.0,2,7442.0,1,7444.0,2,7574.0,2,7584.0,1,7618.0,1,7684.0,1,7776.0,1,0.0
PF507,,13:45:38.750#,0.0,0.0,0.0,8660.0,6532.0,0,0,7424.0,1,7434.0,1,7438.0,2,7442.0,1,7444.0,2,7574.0,2,7584.0,1,7618.0,1,7684.0,1,7776.0,1,0.0
PF507,,13:45:39.500#,0.0,0.0,0.0,8660.0,6532.0,0,0,7434.0,1,7438.0,2,7442.0,1,7444.0,2,7446.0,1,7574.0,2,7584.0,1,7618.0,1,7684.0,1,7776.0,1,0.0
PF507,,13:45:39.750#,0.0,0.0,0.0,8660.0,6532.0,0,0,7434.0,1,7438.0,2,7442.0,1,7444.0,1,7446.0,2,7574.0,2,7584.0,1,7618.0,1,7684.0,1,7776.0,1,0.0
PF507,,13:45:41.750#,0.0,0.0,0.0,8660.0,6532.0,0,0,7424.0,1,7434.0,1,7442.0,1,7444.0,1,7446.0,2,7574.0,2,7584.0,1,7618.0,1,7684.0,1,7776.0,1,0.0
PF507,,13:45:43.750#,0.0,0.0,0.0,8660.0,6532.0,0,0,7326.0,1,7388.0,1,7424.0,1,7434.0,1,7446.0,2,7574.0,2,7584.0,1,7618.0,1,7684.0,1,7776.0,1,0.0
PF507,,13:45:44.0#,0.0,0.0,0.0,8660.0,6532.0,0,0,7288.0,1,7326.0,1,7388.0,1,7434.0,1,7446.0,2,7574.0,2,7584.0,1,7618.0,1,7684.0,1,7776.0,1,0.0
PF507,,13:45:44.250#,0.0,0.0,0.0,8660.0,6532.0,0,0,7326.0,1,7388.0,1,7434.0,1,7446.0,2,7448.0,1,7574.0,2,7584.0,1,7618.0,1,7684.0,1,7776.0,1,0.0
PF507,,13:45:44.500#,0.0,0.0,0.0,8660.0,6532.0,0,0,7326.0,1,7388.0,1,7434.0,1,7446.0,2,7448.0,2,7574.0,2,7584.0,1,7618.0,1,7684.0,1,7776.0,1,0.0
PF507,,13:45:44.750#,0.0,0.0,0.0,8660.0,6532.0,0,0,7388.0,1,7434.0,1,7446.0,1,7448.0,3,7450.0,2,7574.0,2,7584.0,1,7618.0,1,7684.0,1,7776.0,1,0.0
PF507,,13:45:45.250#,0.0,0.0,0.0,8660.0,6532.0,0,0,7388.0,1,7434.0,1,7446.0,1,7448.0,2,7450.0,3,7574.0,2,7584.0,1,7618.0,1,7684.0,1,7776.0,1,0.0
PF507,,13:45:49.500#,0.0,0.0,0.0,8660.0,6532.0,0,0,7434.0,1,7446.0,1,7448.0,2,7450.0,3,7452.0,1,7574.0,2,7584.0,1,7618.0,1,7684.0,1,7776.0,1,0.0
PF507,,13:45:49.750#,0.0,0.0,0.0,8660.0,6532.0,0,0,7434.0,1,7446.0,1,7448.0,2,7450.0,2,7452.0,2,7574.0,2,7584.0,1,7618.0,1,7684.0,1,7776.0,1,0.0
PF507,,13:45:50.250#,0.0,0.0,0.0,8660.0,6532.0,0,0,7434.0,1,7446.0,1,7448.0,1,7450.0,2,7452.0,2,7574.0,2,7584.0,1,7618.0,1,7684.0,1,7776.0,1,0.0
PF507,,13:45:50.500#,0.0,0.0,0.0,8660.0,6532.0,0,0,7388.0,1,7434.0,1,7446.0,1,7450.0,2,7452.0,2,7574.0,2,7584.0,1,7618.0,1,7684.0,1,7776.0,1,0.0
PF507,,13:45:50.750#,0.0,0.0,0.0,8660.0,6532.0,0,0,7434.0,1,7446.0,1,7450.0,2,7452.0,2,7454.0,1,7574.0,2,7584.0,1,7618.0,1,7684.0,1,7776.0,1,0.0
PF507,,13:45:51.0#,0.0,0.0,0.0,8660.0,6532.0,0,0,7434.0,1,7446.0,1,7450.0,2,7452.0,2,7454.0,2,7574.0,2,7584.0,1,7618.0,1,7684.0,1,7776.0,1,0.0
PF507,,13:45:51.250#,0.0,0.0,0.0,8660.0,6532.0,0,0,7388.0,1,7434.0,1,7450.0,2,7452.0,1,7454.0,3,7574.0,2,7584.0,1,7618.0,1,7684.0,1,7776.0,1,0.0
PF507,,13:45:51.750#,0.0,0.0,0.0,8660.0,6532.0,0,0,7434.0,1,7450.0,2,7452.0,1,7454.0,3,7456.0,1,7574.0,2,7584.0,1,7618.0,1,7684.0,1,7776.0,1,0.0
PF507,,13:45:52.250#,0.0,0.0,0.0,8660.0,6532.0,0,0,7434.0,1,7450.0,2,7452.0,1,7454.0,2,7456.0,2,7574.0,2,7584.0,1,7618.0,1,7684.0,1,7776.0,1,0.0
PF507,,13:45:57.0#,0.0,0.0,0.0,8660.0,6532.0,0,0,7434.0,1,7450.0,2,7452.0,1,7454.0,1,7456.0,2,7574.0,2,7584.0,1,7618.0,1,7684.0,1,7776.0,1,0.0
PF507,,13:45:57.500#,0.0,0.0,0.0,8660.0,6532.0,0,0,7450.0,2,7452.0,1,7454.0,1,7456.0,2,7458.0,1,7574.0,2,7584.0,1,7618.0,1,7684.0,1,7776.0,1,0.0
PF507,,13:45:57.750#,0.0,0.0,0.0,8660.0,6532.0,0,0,7450.0,2,7452.0,1,7454.0,1,7456.0,1,7458.0,2,7574.0,2,7584.0,1,7618.0,1,7684.0,1,7776.0,1,0.0
PF507,,13:46:00.0#,0.0,0.0,0.0,8660.0,6532.0,0,0,7434.0,1,7452.0,1,7454.0,1,7456.0,1,7458.0,2,7574.0,2,7584.0,1,7618.0,1,7684.0,1,7776.0,1,0.0
PF507,,13:46:01.500#,0.0,0.0,0.0,8660.0,6532.0,0,0,7452.0,1,7454.0,1,7456.0,1,7458.0,2,7460.0,2,7574.0,2,7584.0,1,7618.0,1,7684.0,1,7776.0,1,0.0
PF507,,13:46:01.750#,0.0,0.0,0.0,8660.0,6532.0,0,0,7452.0,1,7454.0,1,7456.0,1,7458.0,1,7460.0,3,7574.0,2,7584.0,1,7618.0,1,7684.0,1,7776.0,1,0.0
PF507,,13:46:03.0#,0.0,0.0,0.0,8660.0,6532.0,0,0,7434.0,1,7452.0,1,7456.0,1,7458.0,1,7460.0,3,7574.0,2,7584.0,1,7618.0,1,7684.0,1,7776.0,1,0.0
PF507,,13:46:03.250#,0.0,0.0,0.0,8660.0,6532.0,0,0,7388.0,1,7434.0,1,7452.0,1,7456.0,1,7460.0,3,7574.0,2,7584.0,1,7618.0,1,7684.0,1,7776.0,1,0.0
PF507,,13:46:03.500#,0.0,0.0,0.0,8660.0,6532.0,0,0,7388.0,1,7434.0,1,7452.0,1,7460.0,3,7462.0,1,7574.0,2,7584.0,1,7618.0,1,7684.0,1,7776.0,1,0.0
PF507,,13:46:03.750#,0.0,0.0,0.0,8660.0,6532.0,0,0,7388.0,1,7434.0,1,7452.0,1,7460.0,2,7462.0,2,7574.0,2,7584.0,1,7618.0,1,7684.0,1,7776.0,1,0.0
PF507,,13:46:12.750#,0.0,0.0,0.0,8660.0,6532.0,0,0,7326.0,1,7388.0,1,7434.0,1,7460.0,2,7462.0,2,7574.0,2,7584.0,1,7618.0,1,7684.0,1,7776.0,1,0.0
PF507,,13:46:13.750#,0.0,0.0,0.0,8660.0,6532.0,0,0,7288.0,1,7326.0,1,7388.0,1,7434.0,1,7462.0,2,7574.0,2,7584.0,1,7618.0,1,7684.0,1,7776.0,1,0.0
PF507,,13:46:16.500#,0.0,0.0,0.0,8660.0,6532.0,0,0,7326.0,1,7388.0,1,7434.0,1,7462.0,2,7464.0,1,7574.0,2,7584.0,1,7618.0,1,7684.0,1,7776.0,1,0.0
PF507,,13:46:16.750#,0.0,0.0,0.0,8660.0,6532.0,0,0,7326.0,1,7388.0,1,7434.0,1,7462.0,1,7464.0,2,7572.0,2,7574.0,2,7584.0,1,7618.0,1,7684.0,1,0.0
PF507,,13:46:17.250#,0.0,0.0,0.0,8660.0,6532.0,0,0,7326.0,1,7388.0,1,7434.0,1,7462.0,1,7464.0,2,7572.0,3,7574.0,1,7584.0,1,7618.0,1,7684.0,1,0.0
PF507,,13:46:21.750#,0.0,0.0,0.0,8660.0,6532.0,0,0,7288.0,1,7326.0,1,7388.0,1,7434.0,1,7464.0,2,7572.0,3,7584.0,1,7618.0,1,7684.0,1,7776.0,1,0.0
PF507,,13:46:22.250#,0.0,0.0,0.0,8660.0,6532.0,0,0,7326.0,1,7388.0,1,7434.0,1,7464.0,2,7466.0,1,7570.0,1,7572.0,3,7584.0,1,7618.0,1,7684.0,1,0.0
PF507,,13:46:22.750#,0.0,0.0,0.0,8660.0,6532.0,0,0,7326.0,1,7388.0,1,7434.0,1,7464.0,1,7466.0,2,7570.0,2,7572.0,2,7584.0,1,7618.0,1,7684.0,1,0.0
PF507,,13:46:32.750#,0.0,0.0,0.0,8660.0,6532.0,0,0,7326.0,1,7388.0,1,7434.0,1,7464.0,1,7466.0,2,7570.0,2,7584.0,1,7618.0,1,7684.0,1,7776.0,1,0.0
PF507,,13:46:33.750#,0.0,0.0,0.0,8660.0,6532.0,0,0,7326.0,1,7388.0,1,7434.0,1,7464.0,1,7466.0,2,7568.0,2,7570.0,2,7584.0,1,7618.0,1,7684.0,1,0.0
PF507,,13:46:34.250#,0.0,0.0,0.0,8660.0,6532.0,0,0,7326.0,1,7388.0,1,7434.0,1,7464.0,1,7466.0,2,7568.0,3,7584.0,1,7618.0,1,7684.0,1,7776.0,1,0.0
PF507,,13:46:34.750#,0.0,0.0,0.0,8660.0,6532.0,0,0,7326.0,1,7388.0,1,7434.0,1,7464.0,1,7466.0,2,7566.0,1,7568.0,3,7584.0,1,7618.0,1,7684.0,1,0.0
PF507,,13:46:35.250#,0.0,0.0,0.0,8660.0,6532.0,0,0,7326.0,1,7388.0,1,7434.0,1,7464.0,1,7466.0,2,7566.0,2,7568.0,2,7584.0,1,7618.0,1,7684.0,1,0.0
PF507,,13:46:36.0#,0.0,0.0,0.0,8660.0,6532.0,0,0,7326.0,1,7388.0,1,7434.0,1,7464.0,1,7466.0,2,7566.0,2,7584.0,1,7618.0,1,7684.0,1,7776.0,1,0.0
PF507,,13:46:44.500#,0.0,0.0,0.0,8660.0,6532.0,0,0,7288.0,1,7326.0,1,7388.0,1,7434.0,1,7466.0,2,7566.0,2,7584.0,1,7618.0,1,7684.0,1,7776.0,1,0.0
PF507,,13:46:49.0#,0.0,0.0,0.0,8660.0,6532.0,0,0,7326.0,1,7388.0,1,7434.0,1,7466.0,2,7468.0,2,7566.0,2,7584.0,1,7618.0,1,7684.0,1,7776.0,1,0.0
PF507,,13:46:49.250#,0.0,0.0,0.0,8660.0,6532.0,0,0,7326.0,1,7388.0,1,7434.0,1,7466.0,1,7468.0,3,7566.0,2,7584.0,1,7618.0,1,7684.0,1,7776.0,1,0.0
PF507,,13:46:58.250#,0.0,0.0,0.0,8660.0,6532.0,0,0,7288.0,1,7326.0,1,7388.0,1,7434.0,1,7468.0,3,7566.0,2,7584.0,1,7618.0,1,7684.0,1,7776.0,1,0.0
PF507,,13:46:59.0#,0.0,0.0,0.0,8660.0,6532.0,0,0,7326.0,1,7388.0,1,7434.0,1,7468.0,3,7470.0,1,7566.0,2,7584.0,1,7618.0,1,7684.0,1,7776.0,1,0.0
PF507,,13:46:59.250#,0.0,0.0,0.0,8660.0,6532.0,0,0,7326.0,1,7388.0,1,7434.0,1,7468.0,2,7470.0,2,7566.0,2,7584.0,1,7618.0,1,7684.0,1,7776.0,1,0.0
PF507,,13:47:00.0#,0.0,0.0,0.0,8660.0,6532.0,0,0,7288.0,1,7326.0,1,7388.0,1,7434.0,1,7470.0,2,7566.0,2,7584.0,1,7618.0,1,7684.0,1,7776.0,1,0.0
PF507,,13:47:04.0#,0.0,0.0,0.0,8660.0,6532.0,0,0,7288.0,1,7326.0,1,7388.0,1,7434.0,1,7470.0,2,7564.0,2,7566.0,2,7584.0,1,7618.0,1,7684.0,1,0.0
PF507,,13:47:04.250#,0.0,0.0,0.0,8660.0,6532.0,0,0,7288.0,1,7326.0,1,7388.0,1,7434.0,1,7470.0,2,7564.0,3,7566.0,1,7584.0,1,7618.0,1,7684.0,1,0.0
PF507,,13:47:10.0#,0.0,0.0,0.0,8660.0,6532.0,0,0,7288.0,1,7326.0,1,7388.0,1,7434.0,1,7470.0,2,7562.0,1,7564.0,3,7566.0,1,7584.0,1,7618.0,1,0.0
PF507,,13:47:10.250#,0.0,0.0,0.0,8660.0,6532.0,0,0,7288.0,1,7326.0,1,7388.0,1,7434.0,1,7470.0,2,7562.0,2,7564.0,2,7566.0,1,7584.0,1,7618.0,1,0.0
PF507,,13:47:11.0#,0.0,0.0,0.0,8660.0,6532.0,0,0,7288.0,1,7326.0,1,7388.0,1,7434.0,1,7470.0,2,7562.0,2,7564.0,2,7584.0,1,7618.0,1,7684.0,1,0.0
PF507,,13:47:21.0#,0.0,0.0,0.0,8660.0,6532.0,0,0,7288.0,1,7326.0,1,7388.0,1,7434.0,1,7470.0,2,7562.0,2,7584.0,1,7618.0,1,7684.0,1,7776.0,1,0.0
PF507,,13:47:22.0#,0.0,0.0,0.0,8660.0,6532.0,0,0,7326.0,1,7388.0,1,7434.0,1,7470.0,2,7472.0,2,7562.0,2,7584.0,1,7618.0,1,7684.0,1,7776.0,1,0.0
PF507,,13:47:22.250#,0.0,0.0,0.0,8660.0,6532.0,0,0,7326.0,1,7388.0,1,7434.0,1,7470.0,1,7472.0,3,7562.0,2,7584.0,1,7618.0,1,7684.0,1,7776.0,1,0.0
PF507,,13:47:23.0#,0.0,0.0,0.0,8660.0,6532.0,0,0,7288.0,1,7326.0,1,7388.0,1,7434.0,1,7472.0,3,7562.0,2,7584.0,1,7618.0,1,7684.0,1,7776.0,1,0.0
PF507,,13:47:23.500#,0.0,0.0,0.0,8660.0,6532.0,0,0,7326.0,1,7388.0,1,7434.0,1,7472.0,3,7474.0,1,7562.0,2,7584.0,1,7618.0,1,7684.0,1,7776.0,1,0.0
PF507,,13:47:23.750#,0.0,0.0,0.0,8660.0,6532.0,0,0,7326.0,1,7388.0,1,7434.0,1,7472.0,2,7474.0,2,7562.0,2,7584.0,1,7618.0,1,7684.0,1,7776.0,1,0.0
PF507,,13:47:34.0#,0.0,0.0,0.0,8660.0,6532.0,0,0,7288.0,1,7326.0,1,7388.0,1,7434.0,1,7474.0,2,7562.0,2,7584.0,1,7618.0,1,7684.0,1,7776.0,1,0.0
PF507,,13:47:37.0#,0.0,0.0,0.0,8660.0,6532.0,0,0,7326.0,1,7388.0,1,7434.0,1,7474.0,2,7476.0,2,7562.0,2,7584.0,1,7618.0,1,7684.0,1,7776.0,1,0.0
PF507,,13:47:37.250#,0.0,0.0,0.0,8660.0,6532.0,0,0,7326.0,1,7388.0,1,7434.0,1,7474.0,1,7476.0,3,7562.0,2,7584.0,1,7618.0,1,7684.0,1,7776.0,1,0.0
PF507,,13:47:47.750#,0.0,0.0,0.0,8660.0,6532.0,0,0,7288.0,1,7326.0,1,7388.0,1,7434.0,1,7476.0,3,7562.0,2,7584.0,1,7618.0,1,7684.0,1,7776.0,1,0.0
PF507,,13:47:48.250#,0.0,0.0,0.0,8660.0,6532.0,0,0,7326.0,1,7388.0,1,7434.0,1,7476.0,3,7478.0,1,7562.0,2,7584.0,1,7618.0,1,7684.0,1,7776.0,1,0.0
PF507,,13:47:48.750#,0.0,0.0,0.0,8660.0,6532.0,0,0,7326.0,1,7388.0,1,7434.0,1,7476.0,2,7478.0,2,7562.0,2,7584.0,1,7618.0,1,7684.0,1,7776.0,1,0.0
PF507,,13:47:59.0#,0.0,0.0,0.0,8660.0,6532.0,0,0,7288.0,1,7326.0,1,7388.0,1,7434.0,1,7478.0,2,7562.0,2,7584.0,1,7618.0,1,7684.0,1,7776.0,1,0.0
PF507,,13:48:00.0#,0.0,0.0,0.0,8660.0,6532.0,0,0,7288.0,1,7326.0,1,7388.0,1,7434.0,1,7478.0,2,7560.0,2,7562.0,2,7584.0,1,7618.0,1,7684.0,1,0.0
PF507,,13:48:00.250#,0.0,0.0,0.0,8660.0,6532.0,0,0,7288.0,1,7326.0,1,7388.0,1,7434.0,1,7478.0,2,7560.0,3,7562.0,1,7584.0,1,7618.0,1,7684.0,1,0.0
PF507,,13:48:21.250#,0.0,0.0,0.0,8660.0,6532.0,0,0,7288.0,1,7326.0,1,7388.0,1,7434.0,1,7478.0,2,7560.0,3,7584.0,1,7618.0,1,7684.0,1,7776.0,1,0.0
PF507,,13:48:24.250#,0.0,0.0,0.0,8660.0,6532.0,0,0,7288.0,1,7326.0,1,7388.0,1,7434.0,1,7478.0,2,7560.0,3,7618.0,1,7684.0,1,7776.0,1,7814.0,1,0.0
PF507,,13:48:29.750#,0.0,0.0,0.0,8660.0,6532.0,0,0,7326.0,1,7388.0,1,7434.0,1,7478.0,2,7480.0,1,7560.0,3,7618.0,1,7684.0,1,7776.0,1,7814.0,1,0.0
PF507,,13:48:30.250#,0.0,0.0,0.0,8660.0,6532.0,0,0,7326.0,1,7388.0,1,7434.0,1,7478.0,1,7480.0,2,7560.0,3,7618.0,1,7684.0,1,7776.0,1,7814.0,1,0.0
PF507,,13:48:33.250#,0.0,0.0,0.0,8660.0,6532.0,0,0,7288.0,1,7326.0,1,7388.0,1,7434.0,1,7480.0,2,7560.0,3,7618.0,1,7684.0,1,7776.0,1,7814.0,1,0.0
PF507,,13:48:33.750#,0.0,0.0,0.0,8660.0,6532.0,0,0,7326.0,1,7388.0,1,7434.0,1,7480.0,2,7482.0,1,7560.0,3,7618.0,1,7684.0,1,7776.0,1,7814.0,1,0.0
PF507,,13:48:34.250#,0.0,0.0,0.0,8660.0,6532.0,0,0,7326.0,1,7388.0,1,7434.0,1,7480.0,1,7482.0,2,7560.0,3,7618.0,1,7684.0,1,7776.0,1,7814.0,1,0.0
PF507,,13:48:34.750#,0.0,0.0,0.0,8660.0,6532.0,0,0,7288.0,1,7326.0,1,7388.0,1,7434.0,1,7482.0,2,7560.0,3,7618.0,1,7684.0,1,7776.0,1,7814.0,1,0.0
PF507,,13:48:56.250#,0.0,0.0,0.0,8660.0,6532.0,0,0,7288.0,1,7326.0,1,7388.0,1,7434.0,1,7482.0,2,7558.0,1,7560.0,3,7618.0,1,7684.0,1,7776.0,1,0.0
PF507,,13:48:56.750#,0.0,0.0,0.0,8660.0,6532.0,0,0,7288.0,1,7326.0,1,7388.0,1,7434.0,1,7482.0,2,7558.0,2,7560.0,2,7618.0,1,7684.0,1,7776.0,1,0.0
PF507,,13:49:07.0#,0.0,0.0,0.0,8660.0,6532.0,0,0,7288.0,1,7326.0,1,7388.0,1,7434.0,1,7482.0,2,7558.0,2,7618.0,1,7684.0,1,7776.0,1,7814.0,1,0.0
PF507,,13:49:08.0#,0.0,0.0,0.0,8660.0,6532.0,0,0,7288.0,1,7326.0,1,7388.0,1,7434.0,1,7482.0,2,7556.0,2,7558.0,2,7618.0,1,7684.0,1,7776.0,1,0.0
PF507,,13:49:08.250#,0.0,0.0,0.0,8660.0,6532.0,0,0,7288.0,1,7326.0,1,7388.0,1,7434.0,1,7482.0,2,7556.0,3,7558.0,1,7618.0,1,7684.0,1,7776.0,1,0.0
PF507,,13:49:29.500#,0.0,0.0,0.0,8660.0,6532.0,0,0,7288.0,1,7326.0,1,7388.0,1,7434.0,1,7482.0,2,7556.0,3,7618.0,1,7684.0,1,7776.0,1,7814.0,1,0.0
