InstrumentId,ExchangeId,Datetime,OpenPrice,HighestPrice,LowestPrice,UpperLimitPrice,LowerLimitPrice,Volume,OpenInterest,BidPrice5,BidVolume5,BidPrice4,BidVolume4,BidPrice3,BidVolume3,BidPrice2,BidVolume2,BidPrice1,BidVolume1,AskPrice1,AskVolume1,AskPrice2,AskVolume2,AskPrice3,AskVolume3,AskPrice4,AskVolume4,AskPrice5,AskVolume5,LastPrice
PK410,,13:38:35.500#,8788.0,8952.0,8788.0,9370.0,8142.0,117185,133376,8918.0,75,8920.0,804,8922.0,73,8924.0,25,8926.0,71,8928.0,18,8930.0,89,8932.0,117,8934.0,231,8936.0,271,8928.0
PK410,,13:38:36.0#,8788.0,8952.0,8788.0,9370.0,8142.0,117185,133376,8918.0,75,8920.0,804,8922.0,73,8924.0,25,8926.0,72,8928.0,18,8930.0,89,8932.0,117,8934.0,231,8936.0,271,8928.0
PK410,,13:38:36.750#,8788.0,8952.0,8788.0,9370.0,8142.0,117185,133376,8918.0,75,8920.0,804,8922.0,73,8924.0,25,8926.0,73,8928.0,18,8930.0,89,8932.0,117,8934.0,231,8936.0,271,8928.0
PK410,,13:38:37.0#,8788.0,8952.0,8788.0,9370.0,8142.0,117185,133376,8918.0,75,8920.0,804,8922.0,73,8924.0,25,8926.0,73,8928.0,18,8930.0,94,8932.0,117,8934.0,231,8936.0,271,8928.0
PK410,,13:38:37.500#,8788.0,8952.0,8788.0,9370.0,8142.0,117187,133376,8918.0,75,8920.0,804,8922.0,73,8924.0,25,8926.0,73,8928.0,16,8930.0,94,8932.0,116,8934.0,231,8936.0,271,8928.0
PK410,,13:38:38.250#,8788.0,8952.0,8788.0,9370.0,8142.0,117195,133377,8918.0,75,8920.0,804,8922.0,73,8924.0,25,8926.0,73,8928.0,9,8930.0,94,8932.0,121,8934.0,231,8936.0,271,8928.0
PK410,,13:38:38.500#,8788.0,8952.0,8788.0,9370.0,8142.0,117195,133377,8918.0,75,8920.0,804,8922.0,73,8924.0,25,8926.0,58,8928.0,16,8930.0,94,8932.0,121,8934.0,231,8936.0,271,8928.0
PK410,,13:38:38.750#,8788.0,8952.0,8788.0,9370.0,8142.0,117195,133377,8918.0,75,8920.0,804,8922.0,73,8924.0,25,8926.0,58,8928.0,19,8930.0,94,8932.0,121,8934.0,231,8936.0,271,8928.0
PK410,,13:38:39.0#,8788.0,8952.0,8788.0,9370.0,8142.0,117196,133378,8918.0,75,8920.0,804,8922.0,73,8924.0,25,8926.0,58,8928.0,18,8930.0,94,8932.0,121,8934.0,231,8936.0,271,8928.0
PK410,,13:38:39.250#,8788.0,8952.0,8788.0,9370.0,8142.0,117197,133379,8918.0,75,8920.0,804,8922.0,73,8924.0,25,8926.0,59,8928.0,17,8930.0,94,8932.0,121,8934.0,231,8936.0,271,8928.0
PK410,,13:38:39.750#,8788.0,8952.0,8788.0,9370.0,8142.0,117198,133379,8918.0,75,8920.0,804,8922.0,74,8924.0,25,8926.0,58,8928.0,18,8930.0,94,8932.0,121,8934.0,231,8936.0,271,8926.0
PK410,,13:38:40.0#,8788.0,8952.0,8788.0,9370.0,8142.0,117198,133379,8918.0,76,8920.0,804,8922.0,74,8924.0,25,8926.0,58,8928.0,17,8930.0,94,8932.0,121,8934.0,231,8936.0,271,8926.0
PK410,,13:38:40.250#,8788.0,8952.0,8788.0,9370.0,8142.0,117198,133379,8918.0,76,8920.0,804,8922.0,74,8924.0,25,8926.0,43,8928.0,17,8930.0,94,8932.0,121,8934.0,231,8936.0,271,8926.0
PK410,,13:38:40.500#,8788.0,8952.0,8788.0,9370.0,8142.0,117198,133379,8918.0,76,8920.0,804,8922.0,74,8924.0,25,8926.0,29,8928.0,17,8930.0,97,8932.0,121,8934.0,231,8936.0,271,8926.0
PK410,,13:38:40.750#,8788.0,8952.0,8788.0,9370.0,8142.0,117198,133379,8918.0,76,8920.0,804,8922.0,74,8924.0,40,8926.0,29,8928.0,33,8930.0,97,8932.0,121,8934.0,231,8936.0,271,8926.0
PK410,,13:38:41.250#,8788.0,8952.0,8788.0,9370.0,8142.0,117200,133380,8918.0,76,8920.0,804,8922.0,74,8924.0,40,8926.0,29,8928.0,31,8930.0,97,8932.0,121,8934.0,231,8936.0,271,8928.0
PK410,,13:38:41.750#,8788.0,8952.0,8788.0,9370.0,8142.0,117200,133380,8918.0,76,8920.0,804,8922.0,74,8924.0,40,8926.0,29,8928.0,31,8930.0,97,8932.0,121,8934.0,231,8936.0,271,8928.0
PK410,,13:38:42.0#,8788.0,8952.0,8788.0,9370.0,8142.0,117200,133380,8918.0,76,8920.0,804,8922.0,74,8924.0,40,8926.0,31,8928.0,31,8930.0,97,8932.0,121,8934.0,231,8936.0,271,8928.0
PK410,,13:38:43.500#,8788.0,8952.0,8788.0,9370.0,8142.0,117200,133380,8918.0,76,8920.0,804,8922.0,74,8924.0,40,8926.0,31,8928.0,32,8930.0,97,8932.0,121,8934.0,231,8936.0,271,8928.0
PK410,,13:38:43.750#,8788.0,8952.0,8788.0,9370.0,8142.0,117200,133380,8918.0,76,8920.0,804,8922.0,74,8924.0,40,8926.0,26,8928.0,32,8930.0,97,8932.0,121,8934.0,231,8936.0,271,8928.0
PK410,,13:38:44.250#,8788.0,8952.0,8788.0,9370.0,8142.0,117200,133380,8918.0,76,8920.0,804,8922.0,74,8924.0,40,8926.0,26,8928.0,33,8930.0,97,8932.0,121,8934.0,231,8936.0,271,8928.0
PK410,,13:38:44.500#,8788.0,8952.0,8788.0,9370.0,8142.0,117201,133380,8918.0,76,8920.0,804,8922.0,74,8924.0,40,8926.0,25,8928.0,33,8930.0,97,8932.0,121,8934.0,231,8936.0,271,8926.0
PK410,,13:38:44.750#,8788.0,8952.0,8788.0,9370.0,8142.0,117201,133380,8918.0,76,8920.0,804,8922.0,74,8924.0,40,8926.0,25,8928.0,43,8930.0,97,8932.0,121,8934.0,231,8936.0,271,8926.0
PK410,,13:38:46.0#,8788.0,8952.0,8788.0,9370.0,8142.0,117201,133380,8918.0,76,8920.0,804,8922.0,74,8924.0,40,8926.0,23,8928.0,43,8930.0,97,8932.0,121,8934.0,231,8936.0,271,8926.0
PK410,,13:38:46.250#,8788.0,8952.0,8788.0,9370.0,8142.0,117207,133380,8918.0,76,8920.0,804,8922.0,74,8924.0,40,8926.0,23,8928.0,37,8930.0,97,8932.0,121,8934.0,231,8936.0,271,8928.0
PK410,,13:38:46.750#,8788.0,8952.0,8788.0,9370.0,8142.0,117207,133380,8918.0,76,8920.0,804,8922.0,74,8924.0,40,8926.0,23,8928.0,37,8930.0,97,8932.0,120,8934.0,231,8936.0,271,8928.0
PK410,,13:38:47.0#,8788.0,8952.0,8788.0,9370.0,8142.0,117207,133380,8918.0,76,8920.0,804,8922.0,74,8924.0,40,8926.0,23,8928.0,33,8930.0,97,8932.0,120,8934.0,231,8936.0,271,8928.0
PK410,,13:38:48.500#,8788.0,8952.0,8788.0,9370.0,8142.0,117208,133380,8918.0,76,8920.0,804,8922.0,74,8924.0,40,8926.0,22,8928.0,33,8930.0,97,8932.0,120,8934.0,231,8936.0,271,8926.0
PK410,,13:38:49.0#,8788.0,8952.0,8788.0,9370.0,8142.0,117208,133380,8918.0,76,8920.0,804,8922.0,74,8924.0,40,8926.0,22,8928.0,33,8930.0,98,8932.0,120,8934.0,231,8936.0,271,8926.0
PK410,,13:38:49.250#,8788.0,8952.0,8788.0,9370.0,8142.0,117208,133380,8918.0,76,8920.0,804,8922.0,74,8924.0,40,8926.0,29,8928.0,33,8930.0,98,8932.0,120,8934.0,231,8936.0,271,8926.0
PK410,,13:38:50.0#,8788.0,8952.0,8788.0,9370.0,8142.0,117208,133380,8918.0,76,8920.0,804,8922.0,74,8924.0,40,8926.0,30,8928.0,33,8930.0,98,8932.0,120,8934.0,231,8936.0,271,8926.0
PK410,,13:38:50.250#,8788.0,8952.0,8788.0,9370.0,8142.0,117208,133380,8918.0,76,8920.0,804,8922.0,74,8924.0,40,8926.0,30,8928.0,30,8930.0,98,8932.0,120,8934.0,231,8936.0,271,8926.0
PK410,,13:38:50.500#,8788.0,8952.0,8788.0,9370.0,8142.0,117208,133380,8918.0,76,8920.0,804,8922.0,74,8924.0,40,8926.0,32,8928.0,29,8930.0,98,8932.0,120,8934.0,231,8936.0,271,8926.0
PK410,,13:38:51.250#,8788.0,8952.0,8788.0,9370.0,8142.0,117208,133380,8918.0,76,8920.0,804,8922.0,74,8924.0,40,8926.0,32,8928.0,30,8930.0,98,8932.0,120,8934.0,231,8936.0,271,8926.0
PK410,,13:38:52.0#,8788.0,8952.0,8788.0,9370.0,8142.0,117208,133380,8918.0,76,8920.0,804,8922.0,74,8924.0,40,8926.0,33,8928.0,31,8930.0,98,8932.0,120,8934.0,231,8936.0,271,8926.0
PK410,,13:38:52.750#,8788.0,8952.0,8788.0,9370.0,8142.0,117211,133380,8918.0,76,8920.0,804,8922.0,74,8924.0,40,8926.0,33,8928.0,28,8930.0,98,8932.0,120,8934.0,231,8936.0,271,8928.0
PK410,,13:38:53.250#,8788.0,8952.0,8788.0,9370.0,8142.0,117211,133380,8918.0,76,8920.0,804,8922.0,74,8924.0,40,8926.0,33,8928.0,29,8930.0,98,8932.0,120,8934.0,231,8936.0,271,8928.0
PK410,,13:38:53.500#,8788.0,8952.0,8788.0,9370.0,8142.0,117211,133380,8918.0,76,8920.0,804,8922.0,74,8924.0,40,8926.0,34,8928.0,29,8930.0,98,8932.0,120,8934.0,231,8936.0,271,8928.0
PK410,,13:38:53.750#,8788.0,8952.0,8788.0,9370.0,8142.0,117211,133380,8918.0,76,8920.0,804,8922.0,74,8924.0,40,8926.0,34,8928.0,29,8930.0,98,8932.0,120,8934.0,231,8936.0,271,8928.0
PK410,,13:38:54.0#,8788.0,8952.0,8788.0,9370.0,8142.0,117211,133380,8918.0,76,8920.0,804,8922.0,74,8924.0,40,8926.0,33,8928.0,29,8930.0,98,8932.0,120,8934.0,231,8936.0,271,8928.0
PK410,,13:38:54.250#,8788.0,8952.0,8788.0,9370.0,8142.0,117211,133380,8918.0,76,8920.0,804,8922.0,74,8924.0,40,8926.0,33,8928.0,30,8930.0,98,8932.0,120,8934.0,231,8936.0,271,8928.0
PK410,,13:38:54.500#,8788.0,8952.0,8788.0,9370.0,8142.0,117212,133380,8918.0,76,8920.0,804,8922.0,74,8924.0,40,8926.0,32,8928.0,30,8930.0,98,8932.0,120,8934.0,231,8936.0,271,8926.0
PK410,,13:38:56.750#,8788.0,8952.0,8788.0,9370.0,8142.0,117212,133380,8918.0,76,8920.0,804,8922.0,74,8924.0,40,8926.0,43,8928.0,30,8930.0,98,8932.0,120,8934.0,231,8936.0,271,8926.0
PK410,,13:38:57.250#,8788.0,8952.0,8788.0,9370.0,8142.0,117212,133380,8918.0,76,8920.0,804,8922.0,74,8924.0,40,8926.0,43,8928.0,30,8930.0,98,8932.0,120,8934.0,231,8936.0,271,8926.0
PK410,,13:38:57.500#,8788.0,8952.0,8788.0,9370.0,8142.0,117214,133380,8918.0,76,8920.0,804,8922.0,74,8924.0,40,8926.0,41,8928.0,30,8930.0,98,8932.0,120,8934.0,231,8936.0,271,8926.0
PK410,,13:38:58.0#,8788.0,8952.0,8788.0,9370.0,8142.0,117214,133380,8918.0,76,8920.0,804,8922.0,74,8924.0,40,8926.0,41,8928.0,31,8930.0,98,8932.0,120,8934.0,231,8936.0,271,8926.0
PK410,,13:38:59.250#,8788.0,8952.0,8788.0,9370.0,8142.0,117214,133380,8918.0,76,8920.0,804,8922.0,74,8924.0,40,8926.0,42,8928.0,31,8930.0,98,8932.0,120,8934.0,231,8936.0,271,8926.0
PK410,,13:38:59.500#,8788.0,8952.0,8788.0,9370.0,8142.0,117214,133380,8918.0,76,8920.0,804,8922.0,74,8924.0,40,8926.0,42,8928.0,31,8930.0,98,8932.0,120,8934.0,231,8936.0,271,8926.0
PK410,,13:39:01.250#,8788.0,8952.0,8788.0,9370.0,8142.0,117215,133381,8918.0,76,8920.0,804,8922.0,74,8924.0,40,8926.0,41,8928.0,31,8930.0,99,8932.0,120,8934.0,231,8936.0,271,8926.0
PK410,,13:39:01.500#,8788.0,8952.0,8788.0,9370.0,8142.0,117215,133381,8918.0,76,8920.0,804,8922.0,74,8924.0,40,8926.0,41,8928.0,34,8930.0,99,8932.0,120,8934.0,231,8936.0,271,8926.0
PK410,,13:39:02.500#,8788.0,8952.0,8788.0,9370.0,8142.0,117215,133381,8918.0,76,8920.0,804,8922.0,79,8924.0,40,8926.0,41,8928.0,34,8930.0,99,8932.0,121,8934.0,231,8936.0,271,8926.0
PK410,,13:39:02.750#,8788.0,8952.0,8788.0,9370.0,8142.0,117215,133381,8918.0,76,8920.0,804,8922.0,79,8924.0,40,8926.0,42,8928.0,34,8930.0,99,8932.0,121,8934.0,231,8936.0,271,8926.0
PK410,,13:39:03.0#,8788.0,8952.0,8788.0,9370.0,8142.0,117215,133381,8918.0,76,8920.0,803,8922.0,79,8924.0,40,8926.0,43,8928.0,34,8930.0,99,8932.0,121,8934.0,231,8936.0,271,8926.0
PK410,,13:39:03.250#,8788.0,8952.0,8788.0,9370.0,8142.0,117215,133381,8918.0,76,8920.0,803,8922.0,79,8924.0,40,8926.0,43,8928.0,35,8930.0,99,8932.0,121,8934.0,231,8936.0,271,8926.0
PK410,,13:39:03.500#,8788.0,8952.0,8788.0,9370.0,8142.0,117215,133381,8918.0,76,8920.0,803,8922.0,79,8924.0,41,8926.0,43,8928.0,35,8930.0,99,8932.0,121,8934.0,231,8936.0,271,8926.0
PK410,,13:39:04.250#,8788.0,8952.0,8788.0,9370.0,8142.0,117215,133381,8918.0,76,8920.0,803,8922.0,79,8924.0,41,8926.0,45,8928.0,35,8930.0,99,8932.0,121,8934.0,231,8936.0,271,8926.0
PK410,,13:39:05.250#,8788.0,8952.0,8788.0,9370.0,8142.0,117215,133381,8918.0,76,8920.0,806,8922.0,79,8924.0,41,8926.0,45,8928.0,35,8930.0,99,8932.0,121,8934.0,231,8936.0,271,8926.0
PK410,,13:39:06.0#,8788.0,8952.0,8788.0,9370.0,8142.0,117265,133411,8918.0,76,8920.0,806,8922.0,79,8924.0,41,8926.0,11,8928.0,44,8930.0,99,8932.0,121,8934.0,231,8936.0,271,8926.0
PK410,,13:39:06.250#,8788.0,8952.0,8788.0,9370.0,8142.0,117266,133411,8918.0,76,8920.0,806,8922.0,79,8924.0,37,8926.0,12,8928.0,47,8930.0,99,8932.0,121,8934.0,231,8936.0,271,8928.0
PK410,,13:39:06.500#,8788.0,8952.0,8788.0,9370.0,8142.0,117303,133429,8918.0,76,8920.0,806,8922.0,79,8924.0,37,8926.0,14,8928.0,19,8930.0,99,8932.0,121,8934.0,231,8936.0,271,8928.0
PK410,,13:39:06.750#,8788.0,8952.0,8788.0,9370.0,8142.0,117304,133429,8918.0,76,8920.0,806,8922.0,79,8924.0,37,8926.0,13,8928.0,24,8930.0,99,8932.0,121,8934.0,231,8936.0,271,8928.0
PK410,,13:39:07.0#,8788.0,8952.0,8788.0,9370.0,8142.0,117310,133434,8918.0,76,8920.0,806,8922.0,79,8924.0,37,8926.0,13,8928.0,18,8930.0,99,8932.0,121,8934.0,231,8936.0,271,8928.0
PK410,,13:39:07.250#,8788.0,8952.0,8788.0,9370.0,8142.0,117310,133434,8918.0,76,8920.0,806,8922.0,79,8924.0,37,8926.0,16,8928.0,18,8930.0,99,8932.0,121,8934.0,231,8936.0,271,8928.0
PK410,,13:39:07.500#,8788.0,8952.0,8788.0,9370.0,8142.0,117310,133434,8918.0,76,8920.0,806,8922.0,79,8924.0,37,8926.0,16,8928.0,19,8930.0,99,8932.0,121,8934.0,231,8936.0,271,8928.0
PK410,,13:39:08.250#,8788.0,8952.0,8788.0,9370.0,8142.0,117311,133434,8918.0,76,8920.0,816,8922.0,79,8924.0,37,8926.0,15,8928.0,19,8930.0,99,8932.0,121,8934.0,231,8936.0,271,8926.0
PK410,,13:39:09.250#,8788.0,8952.0,8788.0,9370.0,8142.0,117311,133434,8918.0,76,8920.0,816,8922.0,79,8924.0,37,8926.0,16,8928.0,19,8930.0,99,8932.0,121,8934.0,231,8936.0,271,8926.0
PK410,,13:39:09.500#,8788.0,8952.0,8788.0,9370.0,8142.0,117313,133432,8918.0,76,8920.0,816,8922.0,79,8924.0,37,8926.0,15,8928.0,19,8930.0,99,8932.0,121,8934.0,231,8936.0,271,8926.0
PK410,,13:39:10.250#,8788.0,8952.0,8788.0,9370.0,8142.0,117313,133432,8918.0,76,8920.0,816,8922.0,79,8924.0,37,8926.0,15,8928.0,23,8930.0,99,8932.0,121,8934.0,231,8936.0,271,8926.0
PK410,,13:39:10.500#,8788.0,8952.0,8788.0,9370.0,8142.0,117313,133432,8918.0,76,8920.0,816,8922.0,79,8924.0,37,8926.0,17,8928.0,23,8930.0,99,8932.0,121,8934.0,231,8936.0,271,8926.0
PK410,,13:39:10.750#,8788.0,8952.0,8788.0,9370.0,8142.0,117313,133432,8918.0,76,8920.0,816,8922.0,79,8924.0,37,8926.0,23,8928.0,23,8930.0,99,8932.0,121,8934.0,231,8936.0,271,8926.0
PK410,,13:39:11.250#,8788.0,8952.0,8788.0,9370.0,8142.0,117313,133432,8918.0,76,8920.0,816,8922.0,79,8924.0,37,8926.0,23,8928.0,19,8930.0,99,8932.0,121,8934.0,231,8936.0,271,8926.0
PK410,,13:39:11.750#,8788.0,8952.0,8788.0,9370.0,8142.0,117321,133432,8918.0,76,8920.0,816,8922.0,79,8924.0,37,8926.0,18,8928.0,15,8930.0,99,8932.0,121,8934.0,231,8936.0,271,8926.0
PK410,,13:39:12.0#,8788.0,8952.0,8788.0,9370.0,8142.0,117321,133432,8918.0,76,8920.0,816,8922.0,79,8924.0,37,8926.0,18,8928.0,16,8930.0,99,8932.0,121,8934.0,231,8936.0,271,8926.0
PK410,,13:39:12.250#,8788.0,8952.0,8788.0,9370.0,8142.0,117321,133432,8918.0,76,8920.0,816,8922.0,79,8924.0,37,8926.0,18,8928.0,16,8930.0,99,8932.0,120,8934.0,231,8936.0,271,8926.0
PK410,,13:39:15.0#,8788.0,8952.0,8788.0,9370.0,8142.0,117321,133432,8918.0,76,8920.0,816,8922.0,84,8924.0,37,8926.0,18,8928.0,16,8930.0,99,8932.0,120,8934.0,231,8936.0,271,8926.0
PK410,,13:39:15.250#,8788.0,8952.0,8788.0,9370.0,8142.0,117322,133432,8918.0,76,8920.0,816,8922.0,84,8924.0,37,8926.0,17,8928.0,15,8930.0,99,8932.0,120,8934.0,231,8936.0,271,8928.0
PK410,,13:39:15.500#,8788.0,8952.0,8788.0,9370.0,8142.0,117322,133432,8918.0,76,8920.0,816,8922.0,84,8924.0,37,8926.0,17,8928.0,19,8930.0,99,8932.0,120,8934.0,231,8936.0,271,8928.0
PK410,,13:39:16.0#,8788.0,8952.0,8788.0,9370.0,8142.0,117322,133432,8918.0,76,8920.0,816,8922.0,84,8924.0,37,8926.0,17,8928.0,19,8930.0,100,8932.0,120,8934.0,231,8936.0,271,8928.0
PK410,,13:39:16.250#,8788.0,8952.0,8788.0,9370.0,8142.0,117322,133432,8918.0,76,8920.0,816,8922.0,84,8924.0,37,8926.0,17,8928.0,19,8930.0,101,8932.0,120,8934.0,231,8936.0,271,8928.0
PK410,,13:39:16.750#,8788.0,8952.0,8788.0,9370.0,8142.0,117322,133432,8918.0,76,8920.0,816,8922.0,84,8924.0,37,8926.0,17,8928.0,19,8930.0,101,8932.0,120,8934.0,231,8936.0,271,8928.0
PK410,,13:39:17.500#,8788.0,8952.0,8788.0,9370.0,8142.0,117322,133432,8918.0,76,8920.0,816,8922.0,84,8924.0,37,8926.0,17,8928.0,20,8930.0,101,8932.0,120,8934.0,231,8936.0,271,8928.0
PK410,,13:39:18.0#,8788.0,8952.0,8788.0,9370.0,8142.0,117322,133432,8918.0,76,8920.0,816,8922.0,84,8924.0,37,8926.0,17,8928.0,21,8930.0,101,8932.0,120,8934.0,231,8936.0,271,8928.0
PK410,,13:39:18.250#,8788.0,8952.0,8788.0,9370.0,8142.0,117332,133440,8918.0,76,8920.0,816,8922.0,84,8924.0,37,8926.0,17,8928.0,9,8930.0,101,8932.0,120,8934.0,231,8936.0,271,8928.0
PK410,,13:39:18.500#,8788.0,8952.0,8788.0,9370.0,8142.0,117332,133440,8918.0,76,8920.0,816,8922.0,84,8924.0,37,8926.0,18,8928.0,8,8930.0,101,8932.0,120,8934.0,231,8936.0,271,8928.0
PK410,,13:39:18.750#,8788.0,8952.0,8788.0,9370.0,8142.0,117332,133440,8918.0,76,8920.0,816,8922.0,84,8924.0,37,8926.0,20,8928.0,9,8930.0,101,8932.0,120,8934.0,231,8936.0,271,8928.0
PK410,,13:39:19.250#,8788.0,8952.0,8788.0,9370.0,8142.0,117332,133440,8918.0,76,8920.0,816,8922.0,84,8924.0,37,8926.0,21,8928.0,9,8930.0,101,8932.0,120,8934.0,231,8936.0,271,8928.0
PK410,,13:39:19.500#,8788.0,8952.0,8788.0,9370.0,8142.0,117332,133440,8918.0,76,8920.0,816,8922.0,84,8924.0,37,8926.0,21,8928.0,10,8930.0,101,8932.0,120,8934.0,231,8936.0,271,8928.0
PK410,,13:39:19.750#,8788.0,8952.0,8788.0,9370.0,8142.0,117332,133440,8918.0,76,8920.0,816,8922.0,84,8924.0,37,8926.0,21,8928.0,11,8930.0,101,8932.0,120,8934.0,231,8936.0,271,8928.0
PK410,,13:39:20.0#,8788.0,8952.0,8788.0,9370.0,8142.0,117332,133440,8918.0,76,8920.0,816,8922.0,84,8924.0,37,8926.0,23,8928.0,10,8930.0,102,8932.0,120,8934.0,231,8936.0,271,8928.0
PK410,,13:39:20.250#,8788.0,8952.0,8788.0,9370.0,8142.0,117332,133440,8918.0,76,8920.0,816,8922.0,84,8924.0,37,8926.0,26,8928.0,10,8930.0,102,8932.0,120,8934.0,231,8936.0,271,8928.0
PK410,,13:39:20.500#,8788.0,8952.0,8788.0,9370.0,8142.0,117333,133440,8918.0,76,8920.0,816,8922.0,84,8924.0,37,8926.0,25,8928.0,10,8930.0,102,8932.0,120,8934.0,231,8936.0,271,8926.0
PK410,,13:39:20.750#,8788.0,8952.0,8788.0,9370.0,8142.0,117333,133440,8918.0,76,8920.0,816,8922.0,84,8924.0,37,8926.0,27,8928.0,10,8930.0,102,8932.0,120,8934.0,231,8936.0,271,8926.0
PK410,,13:39:21.250#,8788.0,8952.0,8788.0,9370.0,8142.0,117343,133433,8918.0,76,8920.0,816,8922.0,84,8924.0,37,8926.0,27,8930.0,110,8932.0,120,8934.0,231,8936.0,271,8938.0,276,8928.0
PK410,,13:39:21.500#,8788.0,8952.0,8788.0,9370.0,8142.0,117344,133433,8918.0,76,8920.0,816,8922.0,84,8924.0,37,8926.0,26,8928.0,1,8930.0,100,8932.0,120,8934.0,231,8936.0,271,8926.0
PK410,,13:39:21.750#,8788.0,8952.0,8788.0,9370.0,8142.0,117344,133433,8918.0,76,8920.0,816,8922.0,84,8924.0,37,8926.0,26,8928.0,1,8930.0,100,8932.0,122,8934.0,233,8936.0,271,8926.0
PK410,,13:39:22.0#,8788.0,8952.0,8788.0,9370.0,8142.0,117354,133436,8918.0,76,8920.0,816,8922.0,84,8924.0,37,8926.0,16,8928.0,4,8930.0,100,8932.0,122,8934.0,233,8936.0,271,8926.0
PK410,,13:39:22.250#,8788.0,8952.0,8788.0,9370.0,8142.0,117363,133431,8918.0,76,8920.0,816,8922.0,84,8924.0,37,8926.0,20,8928.0,2,8930.0,100,8932.0,122,8934.0,233,8936.0,271,8928.0
PK410,,13:39:22.500#,8788.0,8952.0,8788.0,9370.0,8142.0,117363,133431,8918.0,76,8920.0,816,8922.0,84,8924.0,37,8926.0,28,8928.0,2,8930.0,100,8932.0,122,8934.0,233,8936.0,271,8928.0
PK410,,13:39:22.750#,8788.0,8952.0,8788.0,9370.0,8142.0,117364,133431,8918.0,76,8920.0,816,8922.0,84,8924.0,37,8926.0,27,8928.0,2,8930.0,100,8932.0,122,8934.0,233,8936.0,271,8926.0
PK410,,13:39:23.250#,8788.0,8952.0,8788.0,9370.0,8142.0,117364,133431,8918.0,76,8920.0,816,8922.0,84,8924.0,37,8926.0,27,8928.0,2,8930.0,100,8932.0,122,8934.0,233,8936.0,271,8926.0
PK410,,13:39:24.0#,8788.0,8952.0,8788.0,9370.0,8142.0,117364,133431,8918.0,76,8920.0,816,8922.0,84,8924.0,37,8926.0,27,8928.0,2,8930.0,100,8932.0,122,8934.0,233,8936.0,271,8926.0
PK410,,13:39:25.0#,8788.0,8952.0,8788.0,9370.0,8142.0,117364,133431,8918.0,76,8920.0,816,8922.0,84,8924.0,37,8926.0,29,8928.0,2,8930.0,100,8932.0,122,8934.0,233,8936.0,271,8926.0
PK410,,13:39:25.250#,8788.0,8952.0,8788.0,9370.0,8142.0,117364,133431,8918.0,76,8920.0,816,8922.0,84,8924.0,37,8926.0,30,8930.0,100,8932.0,122,8934.0,233,8936.0,271,8938.0,276,8926.0
PK410,,13:39:25.500#,8788.0,8952.0,8788.0,9370.0,8142.0,117364,133431,8918.0,76,8920.0,816,8922.0,84,8924.0,37,8926.0,30,8930.0,100,8932.0,125,8934.0,233,8936.0,271,8938.0,276,8926.0
PK410,,13:39:25.750#,8788.0,8952.0,8788.0,9370.0,8142.0,117366,133433,8918.0,76,8920.0,816,8922.0,84,8924.0,37,8926.0,28,8930.0,105,8932.0,125,8934.0,233,8936.0,271,8938.0,276,8926.0
PK410,,13:39:26.0#,8788.0,8952.0,8788.0,9370.0,8142.0,117367,133433,8918.0,76,8920.0,816,8922.0,84,8924.0,37,8926.0,27,8928.0,3,8930.0,105,8932.0,125,8934.0,233,8936.0,271,8926.0
PK410,,13:39:26.250#,8788.0,8952.0,8788.0,9370.0,8142.0,117367,133433,8918.0,76,8920.0,816,8922.0,84,8924.0,37,8926.0,27,8928.0,3,8930.0,107,8932.0,125,8934.0,233,8936.0,271,8926.0
PK410,,13:39:27.750#,8788.0,8952.0,8788.0,9370.0,8142.0,117368,133433,8918.0,76,8920.0,816,8922.0,84,8924.0,37,8926.0,27,8928.0,2,8930.0,107,8932.0,125,8934.0,233,8936.0,271,8928.0
PK410,,13:39:28.0#,8788.0,8952.0,8788.0,9370.0,8142.0,117369,133434,8918.0,76,8920.0,816,8922.0,84,8924.0,37,8926.0,24,8928.0,7,8930.0,107,8932.0,125,8934.0,233,8936.0,271,8926.0
PK410,,13:39:28.250#,8788.0,8952.0,8788.0,9370.0,8142.0,117369,133434,8918.0,76,8920.0,816,8922.0,84,8924.0,37,8926.0,24,8928.0,10,8930.0,107,8932.0,125,8934.0,233,8936.0,271,8926.0
PK410,,13:39:28.500#,8788.0,8952.0,8788.0,9370.0,8142.0,117369,133434,8918.0,76,8920.0,816,8922.0,84,8924.0,37,8926.0,22,8928.0,10,8930.0,107,8932.0,125,8934.0,233,8936.0,271,8926.0
PK410,,13:39:28.750#,8788.0,8952.0,8788.0,9370.0,8142.0,117369,133434,8918.0,76,8920.0,816,8922.0,84,8924.0,37,8926.0,22,8928.0,10,8930.0,107,8932.0,125,8934.0,233,8936.0,271,8926.0
PK410,,13:39:29.0#,8788.0,8952.0,8788.0,9370.0,8142.0,117369,133434,8918.0,76,8920.0,816,8922.0,84,8924.0,37,8926.0,26,8928.0,11,8930.0,107,8932.0,125,8934.0,233,8936.0,271,8926.0
PK410,,13:39:29.250#,8788.0,8952.0,8788.0,9370.0,8142.0,117369,133434,8918.0,76,8920.0,816,8922.0,84,8924.0,37,8926.0,27,8928.0,11,8930.0,107,8932.0,125,8934.0,233,8936.0,271,8926.0
PK410,,13:39:29.750#,8788.0,8952.0,8788.0,9370.0,8142.0,117369,133434,8918.0,76,8920.0,816,8922.0,84,8924.0,37,8926.0,27,8928.0,11,8930.0,107,8932.0,125,8934.0,233,8936.0,271,8926.0
PK410,,13:39:30.0#,8788.0,8952.0,8788.0,9370.0,8142.0,117369,133434,8918.0,76,8920.0,816,8922.0,84,8924.0,37,8926.0,27,8928.0,11,8930.0,107,8932.0,125,8934.0,233,8936.0,271,8926.0
PK410,,13:39:32.0#,8788.0,8952.0,8788.0,9370.0,8142.0,117369,133434,8918.0,76,8920.0,816,8922.0,84,8924.0,37,8926.0,25,8928.0,11,8930.0,107,8932.0,125,8934.0,233,8936.0,271,8926.0
PK410,,13:39:32.250#,8788.0,8952.0,8788.0,9370.0,8142.0,117375,133436,8918.0,76,8920.0,816,8922.0,84,8924.0,37,8926.0,25,8928.0,5,8930.0,107,8932.0,125,8934.0,233,8936.0,271,8928.0
PK410,,13:39:32.500#,8788.0,8952.0,8788.0,9370.0,8142.0,117375,133436,8918.0,76,8920.0,816,8922.0,84,8924.0,37,8926.0,35,8928.0,2,8930.0,107,8932.0,125,8934.0,233,8936.0,271,8928.0
PK410,,13:39:32.750#,8788.0,8952.0,8788.0,9370.0,8142.0,117375,133436,8918.0,76,8920.0,816,8922.0,84,8924.0,37,8926.0,37,8928.0,2,8930.0,105,8932.0,125,8934.0,233,8936.0,271,8928.0
PK410,,13:39:33.0#,8788.0,8952.0,8788.0,9370.0,8142.0,117375,133436,8918.0,76,8920.0,816,8922.0,84,8924.0,37,8926.0,37,8928.0,2,8930.0,107,8932.0,125,8934.0,233,8936.0,271,8928.0
PK410,,13:39:33.250#,8788.0,8952.0,8788.0,9370.0,8142.0,117375,133436,8918.0,76,8920.0,816,8922.0,84,8924.0,37,8926.0,37,8928.0,4,8930.0,107,8932.0,125,8934.0,233,8936.0,271,8928.0
PK410,,13:39:34.250#,8788.0,8952.0,8788.0,9370.0,8142.0,117379,133439,8920.0,816,8922.0,84,8924.0,37,8926.0,37,8928.0,46,8930.0,108,8932.0,125,8934.0,233,8936.0,271,8938.0,276,8928.0
PK410,,13:39:34.500#,8788.0,8952.0,8788.0,9370.0,8142.0,117379,133439,8920.0,816,8922.0,84,8924.0,37,8926.0,39,8928.0,46,8930.0,105,8932.0,125,8934.0,233,8936.0,271,8938.0,276,8928.0
PK410,,13:39:34.750#,8788.0,8952.0,8788.0,9370.0,8142.0,117380,133439,8920.0,816,8922.0,84,8924.0,37,8926.0,39,8928.0,45,8930.0,105,8932.0,125,8934.0,233,8936.0,271,8938.0,276,8928.0
PK410,,13:39:35.750#,8788.0,8952.0,8788.0,9370.0,8142.0,117380,133439,8920.0,816,8922.0,84,8924.0,37,8926.0,39,8928.0,45,8930.0,108,8932.0,125,8934.0,233,8936.0,271,8938.0,276,8928.0
PK410,,13:39:37.250#,8788.0,8952.0,8788.0,9370.0,8142.0,117380,133439,8920.0,816,8922.0,84,8924.0,37,8926.0,39,8928.0,50,8930.0,108,8932.0,125,8934.0,233,8936.0,271,8938.0,276,8928.0
PK410,,13:39:37.500#,8788.0,8952.0,8788.0,9370.0,8142.0,117380,133439,8920.0,816,8922.0,84,8924.0,37,8926.0,38,8928.0,51,8930.0,108,8932.0,125,8934.0,233,8936.0,271,8938.0,276,8928.0
PK410,,13:39:38.250#,8788.0,8952.0,8788.0,9370.0,8142.0,117380,133439,8920.0,816,8922.0,84,8924.0,37,8926.0,38,8928.0,51,8930.0,109,8932.0,125,8934.0,233,8936.0,271,8938.0,276,8928.0
PK410,,13:39:38.500#,8788.0,8952.0,8788.0,9370.0,8142.0,117380,133439,8920.0,816,8922.0,84,8924.0,37,8926.0,38,8928.0,52,8930.0,109,8932.0,125,8934.0,233,8936.0,271,8938.0,276,8928.0
PK410,,13:39:38.750#,8788.0,8952.0,8788.0,9370.0,8142.0,117380,133439,8920.0,816,8922.0,84,8924.0,37,8926.0,38,8928.0,55,8930.0,110,8932.0,125,8934.0,233,8936.0,271,8938.0,276,8928.0
PK410,,13:39:39.250#,8788.0,8952.0,8788.0,9370.0,8142.0,117380,133439,8920.0,816,8922.0,84,8924.0,37,8926.0,38,8928.0,56,8930.0,110,8932.0,125,8934.0,233,8936.0,271,8938.0,276,8928.0
PK410,,13:39:39.500#,8788.0,8952.0,8788.0,9370.0,8142.0,117380,133439,8920.0,816,8922.0,84,8924.0,37,8926.0,38,8928.0,56,8930.0,110,8932.0,125,8934.0,233,8936.0,272,8938.0,276,8928.0
PK410,,13:39:39.750#,8788.0,8952.0,8788.0,9370.0,8142.0,117380,133439,8920.0,816,8922.0,84,8924.0,37,8926.0,38,8928.0,56,8930.0,110,8932.0,126,8934.0,233,8936.0,272,8938.0,276,8928.0
PK410,,13:39:40.750#,8788.0,8952.0,8788.0,9370.0,8142.0,117380,133439,8920.0,816,8922.0,84,8924.0,37,8926.0,38,8928.0,56,8930.0,111,8932.0,126,8934.0,233,8936.0,272,8938.0,276,8928.0
PK410,,13:39:41.250#,8788.0,8952.0,8788.0,9370.0,8142.0,117380,133439,8920.0,816,8922.0,84,8924.0,37,8926.0,38,8928.0,56,8930.0,111,8932.0,126,8934.0,234,8936.0,272,8938.0,276,8928.0
PK410,,13:39:42.250#,8788.0,8952.0,8788.0,9370.0,8142.0,117381,133440,8920.0,816,8922.0,84,8924.0,37,8926.0,38,8928.0,55,8930.0,111,8932.0,126,8934.0,234,8936.0,272,8938.0,276,8928.0
PK410,,13:39:42.500#,8788.0,8952.0,8788.0,9370.0,8142.0,117384,133443,8920.0,816,8922.0,84,8924.0,37,8926.0,38,8928.0,53,8930.0,111,8932.0,126,8934.0,234,8936.0,273,8938.0,276,8928.0
PK410,,13:39:42.750#,8788.0,8952.0,8788.0,9370.0,8142.0,117387,133446,8920.0,816,8922.0,84,8924.0,37,8926.0,38,8928.0,50,8930.0,111,8932.0,126,8934.0,234,8936.0,273,8938.0,276,8928.0
PK410,,13:39:45.500#,8788.0,8952.0,8788.0,9370.0,8142.0,117405,133464,8920.0,816,8922.0,84,8924.0,37,8926.0,38,8928.0,32,8930.0,111,8932.0,126,8934.0,234,8936.0,273,8938.0,276,8928.0
PK410,,13:39:45.750#,8788.0,8952.0,8788.0,9370.0,8142.0,117437,133488,8918.0,76,8920.0,816,8922.0,84,8924.0,37,8926.0,38,8928.0,9,8930.0,110,8932.0,126,8934.0,234,8936.0,273,8928.0
PK410,,13:39:46.0#,8788.0,8952.0,8788.0,9370.0,8142.0,117437,133488,8918.0,76,8920.0,816,8922.0,84,8924.0,37,8926.0,39,8928.0,15,8930.0,113,8932.0,126,8934.0,234,8936.0,273,8928.0
PK410,,13:39:46.500#,8788.0,8952.0,8788.0,9370.0,8142.0,117437,133488,8918.0,76,8920.0,816,8922.0,84,8924.0,37,8926.0,39,8928.0,15,8930.0,113,8932.0,126,8934.0,234,8936.0,273,8928.0
PK410,,13:39:46.750#,8788.0,8952.0,8788.0,9370.0,8142.0,117440,133487,8918.0,76,8920.0,816,8922.0,84,8924.0,37,8926.0,37,8928.0,15,8930.0,113,8932.0,126,8934.0,234,8936.0,273,8926.0
PK410,,13:39:47.0#,8788.0,8952.0,8788.0,9370.0,8142.0,117440,133487,8918.0,76,8920.0,816,8922.0,84,8924.0,37,8926.0,29,8928.0,15,8930.0,113,8932.0,126,8934.0,234,8936.0,273,8926.0
PK410,,13:39:48.0#,8788.0,8952.0,8788.0,9370.0,8142.0,117440,133487,8918.0,76,8920.0,816,8922.0,84,8924.0,37,8926.0,29,8928.0,15,8930.0,113,8932.0,128,8934.0,234,8936.0,273,8926.0
PK410,,13:39:48.750#,8788.0,8952.0,8788.0,9370.0,8142.0,117440,133487,8918.0,76,8920.0,816,8922.0,84,8924.0,37,8926.0,29,8928.0,20,8930.0,113,8932.0,128,8934.0,234,8936.0,273,8926.0
PK410,,13:39:49.250#,8788.0,8952.0,8788.0,9370.0,8142.0,117440,133487,8918.0,76,8920.0,816,8922.0,84,8924.0,37,8926.0,30,8928.0,20,8930.0,113,8932.0,128,8934.0,234,8936.0,273,8926.0
PK410,,13:39:49.750#,8788.0,8952.0,8788.0,9370.0,8142.0,117441,133486,8918.0,76,8920.0,816,8922.0,84,8924.0,37,8926.0,29,8928.0,20,8930.0,113,8932.0,128,8934.0,234,8936.0,273,8926.0
PK410,,13:39:50.500#,8788.0,8952.0,8788.0,9370.0,8142.0,117441,133486,8918.0,76,8920.0,816,8922.0,84,8924.0,37,8926.0,30,8928.0,20,8930.0,113,8932.0,128,8934.0,234,8936.0,273,8926.0
PK410,,13:39:50.750#,8788.0,8952.0,8788.0,9370.0,8142.0,117443,133486,8918.0,76,8920.0,816,8922.0,84,8924.0,37,8926.0,28,8928.0,11,8930.0,113,8932.0,128,8934.0,234,8936.0,273,8926.0
PK410,,13:39:51.0#,8788.0,8952.0,8788.0,9370.0,8142.0,117443,133486,8918.0,76,8920.0,816,8922.0,79,8924.0,37,8926.0,29,8928.0,11,8930.0,113,8932.0,128,8934.0,234,8936.0,273,8926.0
PK410,,13:39:51.250#,8788.0,8952.0,8788.0,9370.0,8142.0,117444,133486,8918.0,76,8920.0,816,8922.0,79,8924.0,37,8926.0,28,8928.0,11,8930.0,113,8932.0,128,8934.0,234,8936.0,273,8926.0
PK410,,13:39:51.750#,8788.0,8952.0,8788.0,9370.0,8142.0,117444,133486,8918.0,76,8920.0,816,8922.0,79,8924.0,37,8926.0,29,8928.0,11,8930.0,113,8932.0,128,8934.0,234,8936.0,273,8926.0
PK410,,13:39:52.250#,8788.0,8952.0,8788.0,9370.0,8142.0,117444,133486,8918.0,76,8920.0,816,8922.0,79,8924.0,37,8926.0,29,8928.0,11,8930.0,113,8932.0,128,8934.0,234,8936.0,273,8926.0
PK410,,13:39:52.500#,8788.0,8952.0,8788.0,9370.0,8142.0,117444,133486,8918.0,76,8920.0,816,8922.0,79,8924.0,37,8926.0,29,8928.0,11,8930.0,114,8932.0,128,8934.0,234,8936.0,273,8926.0
PK410,,13:39:53.250#,8788.0,8952.0,8788.0,9370.0,8142.0,117445,133486,8918.0,76,8920.0,816,8922.0,79,8924.0,37,8926.0,29,8928.0,10,8930.0,114,8932.0,128,8934.0,234,8936.0,273,8928.0
PK410,,13:39:53.500#,8788.0,8952.0,8788.0,9370.0,8142.0,117446,133487,8918.0,76,8920.0,816,8922.0,79,8924.0,37,8926.0,28,8928.0,8,8930.0,114,8932.0,128,8934.0,234,8936.0,273,8926.0
PK410,,13:39:56.500#,8788.0,8952.0,8788.0,9370.0,8142.0,117446,133487,8918.0,76,8920.0,816,8922.0,79,8924.0,37,8926.0,28,8928.0,8,8930.0,124,8932.0,128,8934.0,234,8936.0,273,8926.0
PK410,,13:39:57.750#,8788.0,8952.0,8788.0,9370.0,8142.0,117447,133487,8918.0,76,8920.0,816,8922.0,79,8924.0,37,8926.0,27,8928.0,8,8930.0,124,8932.0,128,8934.0,234,8936.0,273,8926.0
PK410,,13:39:58.0#,8788.0,8952.0,8788.0,9370.0,8142.0,117447,133487,8918.0,76,8920.0,816,8922.0,79,8924.0,37,8926.0,32,8928.0,8,8930.0,124,8932.0,128,8934.0,234,8936.0,273,8926.0
PK410,,13:39:58.250#,8788.0,8952.0,8788.0,9370.0,8142.0,117455,133487,8920.0,816,8922.0,79,8924.0,37,8926.0,31,8928.0,43,8930.0,134,8932.0,128,8934.0,234,8936.0,273,8938.0,276,8928.0
PK410,,13:39:58.500#,8788.0,8952.0,8788.0,9370.0,8142.0,117455,133487,8920.0,816,8922.0,79,8924.0,37,8926.0,30,8928.0,43,8930.0,123,8932.0,128,8934.0,234,8936.0,273,8938.0,276,8928.0
PK410,,13:39:58.750#,8788.0,8952.0,8788.0,9370.0,8142.0,117455,133487,8920.0,816,8922.0,79,8924.0,37,8926.0,30,8928.0,43,8930.0,123,8932.0,128,8934.0,234,8936.0,273,8938.0,276,8928.0
PK410,,13:40:00.250#,8788.0,8952.0,8788.0,9370.0,8142.0,117455,133487,8920.0,816,8922.0,79,8924.0,37,8926.0,30,8928.0,44,8930.0,123,8932.0,128,8934.0,234,8936.0,273,8938.0,276,8928.0
PK410,,13:40:00.500#,8788.0,8952.0,8788.0,9370.0,8142.0,117455,133487,8920.0,816,8922.0,79,8924.0,37,8926.0,29,8928.0,45,8930.0,123,8932.0,128,8934.0,234,8936.0,273,8938.0,276,8928.0
PK410,,13:40:01.0#,8788.0,8952.0,8788.0,9370.0,8142.0,117455,133487,8920.0,816,8922.0,79,8924.0,37,8926.0,29,8928.0,46,8930.0,123,8932.0,128,8934.0,234,8936.0,273,8938.0,276,8928.0
PK410,,13:40:01.250#,8788.0,8952.0,8788.0,9370.0,8142.0,117455,133487,8920.0,816,8922.0,79,8924.0,37,8926.0,29,8928.0,47,8930.0,123,8932.0,128,8934.0,234,8936.0,273,8938.0,276,8928.0
PK410,,13:40:01.500#,8788.0,8952.0,8788.0,9370.0,8142.0,117458,133487,8920.0,816,8922.0,79,8924.0,37,8926.0,29,8928.0,48,8930.0,120,8932.0,128,8934.0,234,8936.0,273,8938.0,276,8930.0
PK410,,13:40:01.750#,8788.0,8952.0,8788.0,9370.0,8142.0,117458,133487,8920.0,816,8922.0,79,8924.0,37,8926.0,29,8928.0,48,8930.0,121,8932.0,128,8934.0,234,8936.0,273,8938.0,276,8930.0
PK410,,13:40:02.0#,8788.0,8952.0,8788.0,9370.0,8142.0,117476,133485,8920.0,816,8922.0,79,8924.0,37,8926.0,29,8928.0,48,8930.0,103,8932.0,128,8934.0,234,8936.0,273,8938.0,276,8930.0
PK410,,13:40:02.250#,8788.0,8952.0,8788.0,9370.0,8142.0,117476,133485,8920.0,816,8922.0,79,8924.0,37,8926.0,29,8928.0,51,8930.0,103,8932.0,125,8934.0,234,8936.0,273,8938.0,276,8930.0
PK410,,13:40:02.500#,8788.0,8952.0,8788.0,9370.0,8142.0,117490,133485,8920.0,816,8922.0,79,8924.0,37,8926.0,29,8928.0,51,8930.0,90,8932.0,125,8934.0,234,8936.0,273,8938.0,276,8928.0
PK410,,13:40:02.750#,8788.0,8952.0,8788.0,9370.0,8142.0,117490,133485,8920.0,816,8922.0,79,8924.0,37,8926.0,20,8928.0,60,8930.0,90,8932.0,125,8934.0,234,8936.0,273,8938.0,276,8928.0
PK410,,13:40:03.0#,8788.0,8952.0,8788.0,9370.0,8142.0,117491,133485,8920.0,816,8922.0,79,8924.0,37,8926.0,26,8928.0,59,8930.0,90,8932.0,125,8934.0,234,8936.0,273,8938.0,276,8928.0
PK410,,13:40:03.500#,8788.0,8952.0,8788.0,9370.0,8142.0,117491,133485,8920.0,816,8922.0,79,8924.0,37,8926.0,26,8928.0,59,8930.0,89,8932.0,125,8934.0,234,8936.0,273,8938.0,276,8928.0
PK410,,13:40:04.250#,8788.0,8952.0,8788.0,9370.0,8142.0,117491,133485,8920.0,816,8922.0,79,8924.0,37,8926.0,26,8928.0,59,8930.0,90,8932.0,125,8934.0,234,8936.0,273,8938.0,276,8928.0
PK410,,13:40:07.0#,8788.0,8952.0,8788.0,9370.0,8142.0,117491,133485,8920.0,816,8922.0,79,8924.0,37,8926.0,26,8928.0,59,8930.0,90,8932.0,122,8934.0,234,8936.0,273,8938.0,276,8928.0
PK410,,13:40:08.250#,8788.0,8952.0,8788.0,9370.0,8142.0,117491,133485,8920.0,816,8922.0,79,8924.0,37,8926.0,26,8928.0,59,8930.0,90,8932.0,125,8934.0,234,8936.0,273,8938.0,276,8928.0
PK410,,13:40:09.250#,8788.0,8952.0,8788.0,9370.0,8142.0,117492,133486,8920.0,816,8922.0,79,8924.0,37,8926.0,24,8928.0,58,8930.0,90,8932.0,125,8934.0,234,8936.0,273,8938.0,276,8928.0
PK410,,13:40:09.500#,8788.0,8952.0,8788.0,9370.0,8142.0,117512,133486,8920.0,816,8922.0,79,8924.0,37,8926.0,24,8928.0,61,8930.0,70,8932.0,125,8934.0,234,8936.0,273,8938.0,276,8930.0
PK410,,13:40:09.750#,8788.0,8952.0,8788.0,9370.0,8142.0,117513,133487,8920.0,816,8922.0,79,8924.0,37,8926.0,23,8928.0,61,8930.0,70,8932.0,125,8934.0,234,8936.0,273,8938.0,276,8928.0
PK410,,13:40:10.250#,8788.0,8952.0,8788.0,9370.0,8142.0,117513,133487,8920.0,816,8922.0,79,8924.0,37,8926.0,23,8928.0,61,8930.0,71,8932.0,125,8934.0,234,8936.0,273,8938.0,276,8928.0
PK410,,13:40:10.750#,8788.0,8952.0,8788.0,9370.0,8142.0,117513,133487,8920.0,816,8922.0,79,8924.0,37,8926.0,23,8928.0,61,8930.0,71,8932.0,124,8934.0,234,8936.0,273,8938.0,276,8928.0
PK410,,13:40:11.0#,8788.0,8952.0,8788.0,9370.0,8142.0,117513,133487,8920.0,816,8922.0,79,8924.0,37,8926.0,23,8928.0,61,8930.0,72,8932.0,124,8934.0,234,8936.0,273,8938.0,276,8928.0
PK410,,13:40:11.250#,8788.0,8952.0,8788.0,9370.0,8142.0,117513,133487,8920.0,816,8922.0,79,8924.0,37,8926.0,23,8928.0,62,8930.0,72,8932.0,124,8934.0,234,8936.0,273,8938.0,276,8928.0
PK410,,13:40:13.250#,8788.0,8952.0,8788.0,9370.0,8142.0,117513,133487,8920.0,816,8922.0,79,8924.0,37,8926.0,23,8928.0,62,8930.0,72,8932.0,124,8934.0,231,8936.0,273,8938.0,276,8928.0
PK410,,13:40:13.500#,8788.0,8952.0,8788.0,9370.0,8142.0,117514,133487,8920.0,816,8922.0,79,8924.0,37,8926.0,23,8928.0,62,8930.0,71,8932.0,124,8934.0,231,8936.0,273,8938.0,276,8930.0
PK410,,13:40:13.750#,8788.0,8952.0,8788.0,9370.0,8142.0,117534,133487,8920.0,816,8922.0,79,8924.0,37,8926.0,23,8928.0,42,8930.0,71,8932.0,124,8934.0,231,8936.0,273,8938.0,276,8928.0
PK410,,13:40:15.0#,8788.0,8952.0,8788.0,9370.0,8142.0,117534,133487,8920.0,816,8922.0,79,8924.0,37,8926.0,23,8928.0,44,8930.0,71,8932.0,124,8934.0,231,8936.0,273,8938.0,276,8928.0
PK410,,13:40:15.250#,8788.0,8952.0,8788.0,9370.0,8142.0,117534,133487,8920.0,816,8922.0,79,8924.0,37,8926.0,23,8928.0,44,8930.0,71,8932.0,124,8934.0,231,8936.0,273,8938.0,276,8928.0
PK410,,13:40:16.250#,8788.0,8952.0,8788.0,9370.0,8142.0,117535,133487,8920.0,816,8922.0,79,8924.0,37,8926.0,23,8928.0,44,8930.0,70,8932.0,124,8934.0,231,8936.0,273,8938.0,276,8930.0
PK410,,13:40:19.500#,8788.0,8952.0,8788.0,9370.0,8142.0,117535,133487,8920.0,816,8922.0,79,8924.0,37,8926.0,23,8928.0,44,8930.0,70,8932.0,124,8934.0,231,8936.0,273,8938.0,276,8930.0
PK410,,13:40:19.750#,8788.0,8952.0,8788.0,9370.0,8142.0,117535,133487,8920.0,816,8922.0,79,8924.0,37,8926.0,23,8928.0,44,8930.0,71,8932.0,124,8934.0,231,8936.0,273,8938.0,276,8930.0
PK410,,13:40:21.0#,8788.0,8952.0,8788.0,9370.0,8142.0,117535,133487,8920.0,816,8922.0,79,8924.0,37,8926.0,23,8928.0,44,8930.0,72,8932.0,124,8934.0,231,8936.0,273,8938.0,276,8930.0
PK410,,13:40:21.250#,8788.0,8952.0,8788.0,9370.0,8142.0,117535,133487,8920.0,816,8922.0,79,8924.0,37,8926.0,23,8928.0,44,8930.0,72,8932.0,124,8934.0,231,8936.0,273,8938.0,276,8930.0
PK410,,13:40:21.500#,8788.0,8952.0,8788.0,9370.0,8142.0,117535,133487,8920.0,816,8922.0,79,8924.0,37,8926.0,23,8928.0,45,8930.0,72,8932.0,124,8934.0,231,8936.0,273,8938.0,276,8930.0
PK410,,13:40:21.750#,8788.0,8952.0,8788.0,9370.0,8142.0,117535,133487,8920.0,816,8922.0,79,8924.0,37,8926.0,23,8928.0,45,8930.0,73,8932.0,124,8934.0,231,8936.0,273,8938.0,276,8930.0
PK410,,13:40:22.250#,8788.0,8952.0,8788.0,9370.0,8142.0,117535,133487,8920.0,816,8922.0,79,8924.0,37,8926.0,23,8928.0,47,8930.0,73,8932.0,124,8934.0,231,8936.0,273,8938.0,276,8930.0
PK410,,13:40:23.0#,8788.0,8952.0,8788.0,9370.0,8142.0,117537,133489,8920.0,816,8922.0,79,8924.0,37,8926.0,23,8928.0,45,8930.0,73,8932.0,124,8934.0,231,8936.0,273,8938.0,276,8928.0
PK410,,13:40:25.750#,8788.0,8952.0,8788.0,9370.0,8142.0,117537,133489,8920.0,816,8922.0,79,8924.0,37,8926.0,23,8928.0,44,8930.0,73,8932.0,124,8934.0,231,8936.0,273,8938.0,276,8928.0
PK410,,13:40:26.250#,8788.0,8952.0,8788.0,9370.0,8142.0,117538,133489,8920.0,816,8922.0,79,8924.0,37,8926.0,23,8928.0,44,8930.0,72,8932.0,124,8934.0,231,8936.0,273,8938.0,276,8930.0
PK410,,13:40:28.250#,8788.0,8952.0,8788.0,9370.0,8142.0,117539,133489,8920.0,816,8922.0,79,8924.0,37,8926.0,23,8928.0,44,8930.0,72,8932.0,124,8934.0,231,8936.0,273,8938.0,276,8930.0
PK410,,13:40:29.0#,8788.0,8952.0,8788.0,9370.0,8142.0,117583,133470,8918.0,76,8920.0,816,8922.0,79,8924.0,37,8926.0,39,8928.0,6,8930.0,72,8932.0,124,8934.0,231,8936.0,273,8928.0
PK410,,13:40:29.250#,8788.0,8952.0,8788.0,9370.0,8142.0,117583,133470,8918.0,76,8920.0,816,8922.0,79,8924.0,37,8926.0,38,8928.0,6,8930.0,76,8932.0,124,8934.0,231,8936.0,273,8928.0
PK410,,13:40:29.500#,8788.0,8952.0,8788.0,9370.0,8142.0,117583,133470,8918.0,76,8920.0,816,8922.0,79,8924.0,37,8926.0,39,8928.0,7,8930.0,76,8932.0,124,8934.0,231,8936.0,273,8928.0
PK410,,13:40:29.750#,8788.0,8952.0,8788.0,9370.0,8142.0,117583,133470,8918.0,76,8920.0,816,8922.0,79,8924.0,37,8926.0,39,8928.0,7,8930.0,76,8932.0,124,8934.0,231,8936.0,273,8928.0
PK410,,13:40:30.500#,8788.0,8952.0,8788.0,9370.0,8142.0,117583,133470,8918.0,76,8920.0,816,8922.0,79,8924.0,37,8926.0,48,8928.0,7,8930.0,76,8932.0,124,8934.0,231,8936.0,273,8928.0
PK410,,13:40:31.250#,8788.0,8952.0,8788.0,9370.0,8142.0,117583,133470,8918.0,76,8920.0,816,8922.0,79,8924.0,37,8926.0,49,8928.0,7,8930.0,76,8932.0,124,8934.0,231,8936.0,273,8928.0
PK410,,13:40:31.500#,8788.0,8952.0,8788.0,9370.0,8142.0,117587,133466,8918.0,76,8920.0,816,8922.0,79,8924.0,37,8926.0,49,8928.0,3,8930.0,76,8932.0,124,8934.0,231,8936.0,273,8928.0
PK410,,13:40:32.0#,8788.0,8952.0,8788.0,9370.0,8142.0,117587,133466,8918.0,76,8920.0,816,8922.0,79,8924.0,37,8926.0,49,8928.0,4,8930.0,76,8932.0,124,8934.0,231,8936.0,273,8928.0
PK410,,13:40:32.250#,8788.0,8952.0,8788.0,9370.0,8142.0,117587,133466,8918.0,76,8920.0,816,8922.0,79,8924.0,37,8926.0,52,8928.0,4,8930.0,76,8932.0,124,8934.0,231,8936.0,273,8928.0
PK410,,13:40:34.0#,8788.0,8952.0,8788.0,9370.0,8142.0,117588,133466,8918.0,76,8920.0,816,8922.0,79,8924.0,37,8926.0,52,8928.0,3,8930.0,76,8932.0,124,8934.0,231,8936.0,273,8928.0
PK410,,13:40:34.500#,8788.0,8952.0,8788.0,9370.0,8142.0,117588,133466,8918.0,76,8920.0,816,8922.0,79,8924.0,37,8926.0,53,8928.0,2,8930.0,76,8932.0,124,8934.0,231,8936.0,273,8928.0
PK410,,13:40:35.500#,8788.0,8952.0,8788.0,9370.0,8142.0,117590,133467,8920.0,816,8922.0,79,8924.0,37,8926.0,37,8928.0,8,8930.0,76,8932.0,124,8934.0,231,8936.0,273,8938.0,276,8928.0
PK410,,13:40:35.750#,8788.0,8952.0,8788.0,9370.0,8142.0,117590,133467,8920.0,816,8922.0,79,8924.0,37,8926.0,38,8928.0,8,8930.0,76,8932.0,124,8934.0,231,8936.0,273,8938.0,276,8928.0
PK410,,13:40:36.0#,8788.0,8952.0,8788.0,9370.0,8142.0,117596,133467,8920.0,816,8922.0,79,8924.0,37,8926.0,38,8928.0,2,8930.0,76,8932.0,127,8934.0,231,8936.0,273,8938.0,276,8928.0
PK410,,13:40:36.250#,8788.0,8952.0,8788.0,9370.0,8142.0,117599,133466,8918.0,76,8920.0,816,8922.0,79,8924.0,37,8926.0,53,8930.0,76,8932.0,127,8934.0,231,8936.0,273,8938.0,276,8926.0
PK410,,13:40:37.0#,8788.0,8952.0,8788.0,9370.0,8142.0,117599,133466,8918.0,76,8920.0,816,8922.0,79,8924.0,37,8926.0,53,8930.0,76,8932.0,127,8934.0,231,8936.0,283,8938.0,276,8926.0
PK410,,13:40:37.250#,8788.0,8952.0,8788.0,9370.0,8142.0,117599,133466,8918.0,76,8920.0,816,8922.0,79,8924.0,37,8926.0,53,8928.0,31,8930.0,77,8932.0,127,8934.0,231,8936.0,283,8926.0
PK410,,13:40:37.500#,8788.0,8952.0,8788.0,9370.0,8142.0,117599,133466,8918.0,76,8920.0,816,8922.0,79,8924.0,37,8926.0,53,8928.0,31,8930.0,77,8932.0,127,8934.0,231,8936.0,283,8926.0
PK410,,13:40:38.250#,8788.0,8952.0,8788.0,9370.0,8142.0,117602,133463,8918.0,76,8920.0,816,8922.0,79,8924.0,37,8926.0,50,8928.0,31,8930.0,77,8932.0,127,8934.0,231,8936.0,283,8926.0
PK410,,13:40:38.500#,8788.0,8952.0,8788.0,9370.0,8142.0,117606,133463,8918.0,76,8920.0,816,8922.0,79,8924.0,37,8926.0,46,8928.0,32,8930.0,77,8932.0,127,8934.0,231,8936.0,283,8926.0
PK410,,13:40:38.750#,8788.0,8952.0,8788.0,9370.0,8142.0,117606,133463,8918.0,76,8920.0,816,8922.0,79,8924.0,37,8926.0,44,8928.0,32,8930.0,77,8932.0,127,8934.0,231,8936.0,283,8926.0
PK410,,13:40:39.500#,8788.0,8952.0,8788.0,9370.0,8142.0,117607,133464,8918.0,76,8920.0,816,8922.0,79,8924.0,37,8926.0,44,8928.0,36,8930.0,77,8932.0,127,8934.0,231,8936.0,283,8928.0
PK410,,13:40:40.250#,8788.0,8952.0,8788.0,9370.0,8142.0,117608,133465,8918.0,76,8920.0,816,8922.0,79,8924.0,37,8926.0,44,8928.0,35,8930.0,77,8932.0,127,8934.0,231,8936.0,283,8928.0
PK410,,13:40:40.750#,8788.0,8952.0,8788.0,9370.0,8142.0,117608,133465,8918.0,76,8920.0,816,8922.0,79,8924.0,37,8926.0,44,8928.0,35,8930.0,77,8932.0,127,8934.0,231,8936.0,283,8928.0
PK410,,13:40:41.250#,8788.0,8952.0,8788.0,9370.0,8142.0,117608,133465,8918.0,76,8920.0,816,8922.0,79,8924.0,37,8926.0,45,8928.0,35,8930.0,77,8932.0,127,8934.0,231,8936.0,283,8928.0
PK410,,13:40:42.0#,8788.0,8952.0,8788.0,9370.0,8142.0,117608,133465,8918.0,76,8920.0,816,8922.0,79,8924.0,37,8926.0,45,8928.0,35,8930.0,78,8932.0,127,8934.0,231,8936.0,283,8928.0
PK410,,13:40:42.250#,8788.0,8952.0,8788.0,9370.0,8142.0,117609,133464,8918.0,76,8920.0,816,8922.0,79,8924.0,37,8926.0,44,8928.0,35,8930.0,78,8932.0,127,8934.0,231,8936.0,283,8926.0
PK410,,13:40:42.500#,8788.0,8952.0,8788.0,9370.0,8142.0,117609,133464,8918.0,76,8920.0,816,8922.0,79,8924.0,37,8926.0,44,8928.0,35,8930.0,78,8932.0,127,8934.0,231,8936.0,276,8926.0
PK410,,13:40:43.0#,8788.0,8952.0,8788.0,9370.0,8142.0,117625,133452,8918.0,76,8920.0,816,8922.0,79,8924.0,37,8926.0,23,8928.0,34,8930.0,78,8932.0,127,8934.0,231,8936.0,276,8928.0
PK410,,13:40:43.250#,8788.0,8952.0,8788.0,9370.0,8142.0,117625,133452,8918.0,76,8920.0,816,8922.0,79,8924.0,37,8926.0,22,8928.0,34,8930.0,78,8932.0,127,8934.0,231,8936.0,276,8928.0
PK410,,13:40:43.500#,8788.0,8952.0,8788.0,9370.0,8142.0,117626,133452,8918.0,76,8920.0,816,8922.0,79,8924.0,37,8926.0,24,8928.0,33,8930.0,78,8932.0,127,8934.0,231,8936.0,276,8928.0
PK410,,13:40:43.750#,8788.0,8952.0,8788.0,9370.0,8142.0,117626,133452,8918.0,76,8920.0,816,8922.0,79,8924.0,37,8926.0,25,8928.0,36,8930.0,78,8932.0,127,8934.0,231,8936.0,276,8928.0
PK410,,13:40:44.250#,8788.0,8952.0,8788.0,9370.0,8142.0,117626,133452,8918.0,76,8920.0,816,8922.0,79,8924.0,37,8926.0,25,8928.0,33,8930.0,78,8932.0,127,8934.0,231,8936.0,276,8928.0
PK410,,13:40:44.500#,8788.0,8952.0,8788.0,9370.0,8142.0,117626,133452,8918.0,76,8920.0,816,8922.0,79,8924.0,37,8926.0,28,8928.0,36,8930.0,78,8932.0,127,8934.0,231,8936.0,276,8928.0
PK410,,13:40:45.0#,8788.0,8952.0,8788.0,9370.0,8142.0,117626,133452,8918.0,76,8920.0,816,8922.0,79,8924.0,37,8926.0,28,8928.0,33,8930.0,78,8932.0,127,8934.0,231,8936.0,276,8928.0
PK410,,13:40:45.250#,8788.0,8952.0,8788.0,9370.0,8142.0,117626,133452,8918.0,76,8920.0,816,8922.0,79,8924.0,37,8926.0,28,8928.0,36,8930.0,78,8932.0,127,8934.0,231,8936.0,276,8928.0
PK410,,13:40:45.750#,8788.0,8952.0,8788.0,9370.0,8142.0,117626,133452,8918.0,76,8920.0,816,8922.0,79,8924.0,37,8926.0,28,8928.0,34,8930.0,78,8932.0,127,8934.0,231,8936.0,276,8928.0
PK410,,13:40:46.0#,8788.0,8952.0,8788.0,9370.0,8142.0,117626,133452,8918.0,76,8920.0,816,8922.0,79,8924.0,37,8926.0,28,8928.0,37,8930.0,78,8932.0,127,8934.0,231,8936.0,276,8928.0
PK410,,13:40:46.500#,8788.0,8952.0,8788.0,9370.0,8142.0,117626,133452,8918.0,76,8920.0,816,8922.0,79,8924.0,37,8926.0,28,8928.0,34,8930.0,78,8932.0,127,8934.0,231,8936.0,276,8928.0
PK410,,13:40:46.750#,8788.0,8952.0,8788.0,9370.0,8142.0,117626,133452,8918.0,76,8920.0,816,8922.0,79,8924.0,37,8926.0,28,8928.0,37,8930.0,78,8932.0,127,8934.0,231,8936.0,276,8928.0
PK410,,13:40:47.250#,8788.0,8952.0,8788.0,9370.0,8142.0,117626,133452,8918.0,76,8920.0,816,8922.0,79,8924.0,37,8926.0,28,8928.0,34,8930.0,78,8932.0,127,8934.0,231,8936.0,276,8928.0
PK410,,13:40:47.500#,8788.0,8952.0,8788.0,9370.0,8142.0,117626,133452,8918.0,76,8920.0,816,8922.0,79,8924.0,37,8926.0,28,8928.0,35,8930.0,78,8932.0,127,8934.0,231,8936.0,276,8928.0
PK410,,13:40:47.750#,8788.0,8952.0,8788.0,9370.0,8142.0,117626,133452,8918.0,76,8920.0,816,8922.0,79,8924.0,37,8926.0,28,8928.0,37,8930.0,78,8932.0,127,8934.0,231,8936.0,276,8928.0
PK410,,13:40:48.0#,8788.0,8952.0,8788.0,9370.0,8142.0,117626,133452,8918.0,76,8920.0,816,8922.0,79,8924.0,37,8926.0,28,8928.0,34,8930.0,78,8932.0,127,8934.0,231,8936.0,276,8928.0
PK410,,13:40:48.250#,8788.0,8952.0,8788.0,9370.0,8142.0,117626,133452,8918.0,76,8920.0,816,8922.0,79,8924.0,37,8926.0,28,8928.0,37,8930.0,78,8932.0,127,8934.0,231,8936.0,276,8928.0
PK410,,13:40:48.750#,8788.0,8952.0,8788.0,9370.0,8142.0,117626,133452,8918.0,76,8920.0,816,8922.0,79,8924.0,37,8926.0,28,8928.0,34,8930.0,78,8932.0,127,8934.0,231,8936.0,276,8928.0
PK410,,13:40:49.0#,8788.0,8952.0,8788.0,9370.0,8142.0,117626,133452,8918.0,76,8920.0,816,8922.0,79,8924.0,37,8926.0,28,8928.0,37,8930.0,78,8932.0,127,8934.0,231,8936.0,276,8928.0
PK410,,13:40:49.500#,8788.0,8952.0,8788.0,9370.0,8142.0,117626,133452,8918.0,76,8920.0,816,8922.0,79,8924.0,37,8926.0,28,8928.0,34,8930.0,78,8932.0,127,8934.0,231,8936.0,276,8928.0
PK410,,13:40:49.750#,8788.0,8952.0,8788.0,9370.0,8142.0,117626,133452,8918.0,76,8920.0,816,8922.0,79,8924.0,37,8926.0,28,8928.0,37,8930.0,78,8932.0,127,8934.0,231,8936.0,276,8928.0
PK410,,13:40:50.250#,8788.0,8952.0,8788.0,9370.0,8142.0,117626,133452,8918.0,76,8920.0,816,8922.0,79,8924.0,37,8926.0,28,8928.0,34,8930.0,78,8932.0,127,8934.0,231,8936.0,276,8928.0
PK410,,13:40:50.500#,8788.0,8952.0,8788.0,9370.0,8142.0,117626,133452,8918.0,76,8920.0,816,8922.0,79,8924.0,37,8926.0,28,8928.0,37,8930.0,78,8932.0,127,8934.0,231,8936.0,276,8928.0
PK410,,13:40:51.0#,8788.0,8952.0,8788.0,9370.0,8142.0,117627,133453,8918.0,76,8920.0,816,8922.0,79,8924.0,37,8926.0,28,8928.0,33,8930.0,78,8932.0,127,8934.0,231,8936.0,276,8928.0
PK410,,13:40:51.250#,8788.0,8952.0,8788.0,9370.0,8142.0,117627,133453,8918.0,76,8920.0,816,8922.0,79,8924.0,37,8926.0,29,8928.0,36,8930.0,78,8932.0,127,8934.0,231,8936.0,276,8928.0
PK410,,13:40:51.500#,8788.0,8952.0,8788.0,9370.0,8142.0,117627,133453,8918.0,76,8920.0,816,8922.0,79,8924.0,37,8926.0,32,8928.0,36,8930.0,78,8932.0,127,8934.0,231,8936.0,276,8928.0
PK410,,13:40:51.750#,8788.0,8952.0,8788.0,9370.0,8142.0,117627,133453,8918.0,76,8920.0,816,8922.0,79,8924.0,37,8926.0,32,8928.0,34,8930.0,78,8932.0,127,8934.0,231,8936.0,276,8928.0
PK410,,13:40:52.0#,8788.0,8952.0,8788.0,9370.0,8142.0,117627,133453,8918.0,76,8920.0,816,8922.0,79,8924.0,37,8926.0,32,8928.0,37,8930.0,78,8932.0,127,8934.0,231,8936.0,276,8928.0
PK410,,13:40:52.500#,8788.0,8952.0,8788.0,9370.0,8142.0,117627,133453,8918.0,76,8920.0,816,8922.0,79,8924.0,37,8926.0,32,8928.0,34,8930.0,78,8932.0,127,8934.0,231,8936.0,276,8928.0
PK410,,13:40:52.750#,8788.0,8952.0,8788.0,9370.0,8142.0,117627,133453,8918.0,76,8920.0,816,8922.0,79,8924.0,37,8926.0,32,8928.0,37,8930.0,78,8932.0,127,8934.0,231,8936.0,276,8928.0
PK410,,13:40:53.0#,8788.0,8952.0,8788.0,9370.0,8142.0,117628,133454,8918.0,76,8920.0,816,8922.0,79,8924.0,37,8926.0,31,8928.0,37,8930.0,78,8932.0,127,8934.0,231,8936.0,276,8926.0
PK410,,13:40:53.250#,8788.0,8952.0,8788.0,9370.0,8142.0,117628,133454,8918.0,76,8920.0,816,8922.0,79,8924.0,37,8926.0,32,8928.0,34,8930.0,79,8932.0,127,8934.0,231,8936.0,276,8926.0
PK410,,13:40:53.500#,8788.0,8952.0,8788.0,9370.0,8142.0,117628,133454,8918.0,76,8920.0,816,8922.0,79,8924.0,37,8926.0,32,8928.0,37,8930.0,79,8932.0,127,8934.0,231,8936.0,276,8926.0
PK410,,13:40:54.0#,8788.0,8952.0,8788.0,9370.0,8142.0,117628,133454,8918.0,76,8920.0,816,8922.0,79,8924.0,37,8926.0,32,8928.0,34,8930.0,79,8932.0,127,8934.0,231,8936.0,276,8926.0
PK410,,13:40:54.250#,8788.0,8952.0,8788.0,9370.0,8142.0,117628,133454,8918.0,76,8920.0,816,8922.0,79,8924.0,37,8926.0,32,8928.0,37,8930.0,79,8932.0,127,8934.0,231,8936.0,276,8926.0
PK410,,13:40:54.500#,8788.0,8952.0,8788.0,9370.0,8142.0,117629,133453,8918.0,76,8920.0,816,8922.0,79,8924.0,37,8926.0,33,8928.0,37,8930.0,79,8932.0,127,8934.0,231,8936.0,276,8926.0
PK410,,13:40:55.250#,8788.0,8952.0,8788.0,9370.0,8142.0,117629,133453,8918.0,76,8920.0,816,8922.0,79,8924.0,37,8926.0,33,8928.0,37,8930.0,79,8932.0,127,8934.0,231,8936.0,276,8926.0
PK410,,13:40:56.0#,8788.0,8952.0,8788.0,9370.0,8142.0,117632,133453,8918.0,76,8920.0,816,8922.0,79,8924.0,37,8926.0,33,8928.0,34,8930.0,79,8932.0,127,8934.0,231,8936.0,276,8928.0
PK410,,13:40:56.250#,8788.0,8952.0,8788.0,9370.0,8142.0,117639,133453,8918.0,76,8920.0,816,8922.0,79,8924.0,37,8926.0,36,8928.0,31,8930.0,79,8932.0,127,8934.0,231,8936.0,276,8926.0
PK410,,13:40:56.500#,8788.0,8952.0,8788.0,9370.0,8142.0,117639,133453,8918.0,76,8920.0,816,8922.0,79,8924.0,37,8926.0,41,8928.0,31,8930.0,79,8932.0,128,8934.0,231,8936.0,276,8926.0
PK410,,13:40:56.750#,8788.0,8952.0,8788.0,9370.0,8142.0,117646,133453,8918.0,76,8920.0,816,8922.0,79,8924.0,37,8926.0,33,8928.0,31,8930.0,79,8932.0,128,8934.0,231,8936.0,276,8926.0
PK410,,13:40:57.0#,8788.0,8952.0,8788.0,9370.0,8142.0,117646,133453,8918.0,76,8920.0,816,8922.0,79,8924.0,37,8926.0,34,8928.0,31,8930.0,79,8932.0,128,8934.0,231,8936.0,276,8926.0
PK410,,13:40:57.250#,8788.0,8952.0,8788.0,9370.0,8142.0,117647,133452,8918.0,76,8920.0,816,8922.0,79,8924.0,37,8926.0,33,8928.0,31,8930.0,79,8932.0,128,8934.0,231,8936.0,276,8926.0
PK410,,13:40:57.500#,8788.0,8952.0,8788.0,9370.0,8142.0,117647,133452,8918.0,76,8920.0,816,8922.0,79,8924.0,37,8926.0,34,8928.0,31,8930.0,79,8932.0,128,8934.0,231,8936.0,276,8926.0
PK410,,13:40:58.250#,8788.0,8952.0,8788.0,9370.0,8142.0,117647,133452,8918.0,76,8920.0,816,8922.0,79,8924.0,37,8926.0,34,8928.0,61,8930.0,79,8932.0,128,8934.0,231,8936.0,276,8926.0
PK410,,13:40:58.500#,8788.0,8952.0,8788.0,9370.0,8142.0,117647,133452,8918.0,76,8920.0,816,8922.0,79,8924.0,37,8926.0,34,8928.0,63,8930.0,78,8932.0,128,8934.0,231,8936.0,276,8926.0
PK410,,13:40:59.750#,8788.0,8952.0,8788.0,9370.0,8142.0,117683,133432,8916.0,137,8918.0,76,8920.0,816,8922.0,79,8924.0,42,8926.0,61,8928.0,63,8930.0,78,8932.0,128,8934.0,231,8926.0
PK410,,13:41:00.0#,8788.0,8952.0,8788.0,9370.0,8142.0,117683,133432,8916.0,138,8918.0,76,8920.0,816,8922.0,79,8924.0,38,8926.0,62,8928.0,64,8930.0,78,8932.0,128,8934.0,231,8926.0
PK410,,13:41:00.250#,8788.0,8952.0,8788.0,9370.0,8142.0,117683,133432,8916.0,138,8918.0,76,8920.0,816,8922.0,79,8924.0,39,8926.0,62,8928.0,64,8930.0,77,8932.0,128,8934.0,231,8926.0
PK410,,13:41:00.500#,8788.0,8952.0,8788.0,9370.0,8142.0,117707,133432,8916.0,138,8918.0,76,8920.0,816,8922.0,79,8924.0,36,8926.0,56,8928.0,64,8930.0,77,8932.0,128,8934.0,231,8926.0
PK410,,13:41:00.750#,8788.0,8952.0,8788.0,9370.0,8142.0,117717,133432,8916.0,138,8918.0,76,8920.0,816,8922.0,79,8924.0,37,8926.0,59,8928.0,64,8930.0,77,8932.0,128,8934.0,231,8924.0
PK410,,13:41:01.0#,8788.0,8952.0,8788.0,9370.0,8142.0,117720,133431,8916.0,138,8918.0,76,8920.0,816,8922.0,79,8924.0,31,8926.0,59,8928.0,68,8930.0,76,8932.0,128,8934.0,231,8924.0
PK410,,13:41:01.250#,8788.0,8952.0,8788.0,9370.0,8142.0,117721,133431,8916.0,138,8918.0,76,8920.0,816,8922.0,79,8924.0,30,8926.0,59,8928.0,68,8930.0,76,8932.0,128,8934.0,231,8924.0
PK410,,13:41:01.500#,8788.0,8952.0,8788.0,9370.0,8142.0,117721,133431,8916.0,138,8918.0,76,8920.0,816,8922.0,79,8924.0,31,8926.0,59,8928.0,68,8930.0,76,8932.0,128,8934.0,231,8924.0
PK410,,13:41:01.750#,8788.0,8952.0,8788.0,9370.0,8142.0,117721,133431,8916.0,138,8918.0,76,8920.0,816,8922.0,79,8924.0,40,8926.0,59,8928.0,68,8930.0,76,8932.0,128,8934.0,231,8924.0
PK410,,13:41:02.0#,8788.0,8952.0,8788.0,9370.0,8142.0,117721,133431,8916.0,138,8918.0,76,8920.0,816,8922.0,79,8924.0,47,8926.0,59,8928.0,68,8930.0,76,8932.0,128,8934.0,231,8924.0
PK410,,13:41:02.500#,8788.0,8952.0,8788.0,9370.0,8142.0,117721,133431,8916.0,138,8918.0,76,8920.0,816,8922.0,79,8924.0,50,8926.0,59,8928.0,68,8930.0,76,8932.0,129,8934.0,231,8924.0
PK410,,13:41:03.500#,8788.0,8952.0,8788.0,9370.0,8142.0,117737,133426,8916.0,138,8918.0,76,8920.0,816,8922.0,79,8924.0,34,8926.0,59,8928.0,68,8930.0,76,8932.0,129,8934.0,231,8924.0
PK410,,13:41:03.750#,8788.0,8952.0,8788.0,9370.0,8142.0,117737,133426,8916.0,138,8918.0,76,8920.0,816,8922.0,79,8924.0,32,8926.0,59,8928.0,68,8930.0,76,8932.0,129,8934.0,231,8924.0
PK410,,13:41:04.500#,8788.0,8952.0,8788.0,9370.0,8142.0,117737,133426,8916.0,138,8918.0,76,8920.0,816,8922.0,79,8924.0,20,8926.0,59,8928.0,68,8930.0,76,8932.0,129,8934.0,231,8924.0
PK410,,13:41:04.750#,8788.0,8952.0,8788.0,9370.0,8142.0,117740,133426,8916.0,138,8918.0,76,8920.0,816,8922.0,79,8924.0,19,8926.0,59,8928.0,68,8930.0,76,8932.0,129,8934.0,231,8924.0
PK410,,13:41:05.250#,8788.0,8952.0,8788.0,9370.0,8142.0,117751,133426,8916.0,138,8918.0,76,8920.0,816,8922.0,79,8924.0,21,8926.0,48,8928.0,68,8930.0,76,8932.0,129,8934.0,231,8926.0
PK410,,13:41:05.500#,8788.0,8952.0,8788.0,9370.0,8142.0,117751,133426,8916.0,138,8918.0,76,8920.0,816,8922.0,79,8924.0,26,8926.0,48,8928.0,68,8930.0,76,8932.0,129,8934.0,231,8926.0
PK410,,13:41:05.750#,8788.0,8952.0,8788.0,9370.0,8142.0,117773,133426,8916.0,138,8918.0,76,8920.0,816,8922.0,79,8924.0,29,8926.0,26,8928.0,68,8930.0,76,8932.0,129,8934.0,231,8926.0
PK410,,13:41:06.0#,8788.0,8952.0,8788.0,9370.0,8142.0,117775,133426,8916.0,138,8918.0,76,8920.0,816,8922.0,79,8924.0,31,8926.0,24,8928.0,68,8930.0,76,8932.0,129,8934.0,231,8926.0
PK410,,13:41:06.250#,8788.0,8952.0,8788.0,9370.0,8142.0,117775,133426,8916.0,138,8918.0,76,8920.0,816,8922.0,79,8924.0,31,8926.0,24,8928.0,68,8930.0,76,8932.0,129,8934.0,231,8926.0
PK410,,13:41:06.750#,8788.0,8952.0,8788.0,9370.0,8142.0,117776,133425,8916.0,138,8918.0,76,8920.0,816,8922.0,79,8924.0,31,8926.0,23,8928.0,68,8930.0,76,8932.0,128,8934.0,231,8926.0
PK410,,13:41:07.250#,8788.0,8952.0,8788.0,9370.0,8142.0,117778,133423,8916.0,138,8918.0,76,8920.0,816,8922.0,79,8924.0,31,8926.0,22,8928.0,68,8930.0,76,8932.0,128,8934.0,231,8926.0
PK410,,13:41:08.500#,8788.0,8952.0,8788.0,9370.0,8142.0,117779,133423,8916.0,138,8918.0,76,8920.0,816,8922.0,79,8924.0,31,8926.0,21,8928.0,68,8930.0,74,8932.0,127,8934.0,251,8926.0
PK410,,13:41:09.0#,8788.0,8952.0,8788.0,9370.0,8142.0,117784,133418,8916.0,138,8918.0,76,8920.0,816,8922.0,79,8924.0,27,8926.0,25,8928.0,68,8930.0,74,8932.0,127,8934.0,251,8924.0
PK410,,13:41:09.500#,8788.0,8952.0,8788.0,9370.0,8142.0,117802,133410,8916.0,138,8918.0,76,8920.0,816,8922.0,79,8924.0,17,8926.0,20,8928.0,68,8930.0,74,8932.0,127,8934.0,251,8924.0
PK410,,13:41:10.0#,8788.0,8952.0,8788.0,9370.0,8142.0,117813,133410,8916.0,138,8918.0,76,8920.0,816,8922.0,79,8924.0,14,8926.0,23,8928.0,68,8930.0,74,8932.0,127,8934.0,251,8924.0
PK410,,13:41:10.250#,8788.0,8952.0,8788.0,9370.0,8142.0,117813,133410,8916.0,138,8918.0,76,8920.0,816,8922.0,79,8924.0,14,8926.0,20,8928.0,67,8930.0,74,8932.0,127,8934.0,251,8924.0
PK410,,13:41:10.500#,8788.0,8952.0,8788.0,9370.0,8142.0,117821,133410,8916.0,138,8918.0,76,8920.0,816,8922.0,79,8924.0,14,8926.0,22,8928.0,67,8930.0,74,8932.0,127,8934.0,251,8924.0
PK410,,13:41:11.0#,8788.0,8952.0,8788.0,9370.0,8142.0,117834,133410,8916.0,138,8918.0,76,8920.0,816,8922.0,79,8924.0,14,8926.0,23,8928.0,67,8930.0,74,8932.0,127,8934.0,251,8924.0
PK410,,13:41:11.500#,8788.0,8952.0,8788.0,9370.0,8142.0,117847,133407,8916.0,138,8918.0,76,8920.0,816,8922.0,79,8924.0,16,8926.0,23,8928.0,67,8930.0,74,8932.0,127,8934.0,251,8924.0
PK410,,13:41:11.750#,8788.0,8952.0,8788.0,9370.0,8142.0,117853,133401,8916.0,138,8918.0,76,8920.0,816,8922.0,79,8924.0,19,8926.0,17,8928.0,67,8930.0,74,8932.0,127,8934.0,251,8926.0
PK410,,13:41:12.0#,8788.0,8952.0,8788.0,9370.0,8142.0,117869,133398,8916.0,138,8918.0,76,8920.0,816,8922.0,79,8924.0,22,8926.0,11,8928.0,67,8930.0,74,8932.0,127,8934.0,251,8926.0
PK410,,13:41:12.250#,8788.0,8952.0,8788.0,9370.0,8142.0,117874,133395,8916.0,138,8918.0,76,8920.0,816,8922.0,79,8924.0,13,8926.0,19,8928.0,67,8930.0,74,8932.0,127,8934.0,251,8924.0
PK410,,13:41:12.500#,8788.0,8952.0,8788.0,9370.0,8142.0,117874,133395,8916.0,138,8918.0,76,8920.0,816,8922.0,79,8924.0,10,8926.0,8,8928.0,67,8930.0,74,8932.0,127,8934.0,251,8924.0
PK410,,13:41:13.0#,8788.0,8952.0,8788.0,9370.0,8142.0,117874,133395,8916.0,138,8918.0,76,8920.0,816,8922.0,79,8924.0,29,8926.0,7,8928.0,67,8930.0,74,8932.0,127,8934.0,251,8924.0
PK410,,13:41:13.250#,8788.0,8952.0,8788.0,9370.0,8142.0,117876,133396,8916.0,138,8918.0,76,8920.0,816,8922.0,79,8924.0,29,8926.0,5,8928.0,67,8930.0,74,8932.0,128,8934.0,251,8926.0
PK410,,13:41:13.500#,8788.0,8952.0,8788.0,9370.0,8142.0,117877,133396,8916.0,138,8918.0,76,8920.0,816,8922.0,79,8924.0,29,8926.0,4,8928.0,67,8930.0,76,8932.0,128,8934.0,251,8926.0
PK410,,13:41:14.500#,8788.0,8952.0,8788.0,9370.0,8142.0,117880,133397,8916.0,138,8918.0,76,8920.0,816,8922.0,79,8924.0,28,8926.0,2,8928.0,67,8930.0,76,8932.0,128,8934.0,251,8926.0
PK410,,13:41:15.0#,8788.0,8952.0,8788.0,9370.0,8142.0,117883,133399,8916.0,138,8918.0,76,8920.0,816,8922.0,79,8924.0,28,8928.0,77,8930.0,76,8932.0,128,8934.0,251,8936.0,275,8926.0
PK410,,13:41:16.0#,8788.0,8952.0,8788.0,9370.0,8142.0,117883,133399,8916.0,138,8918.0,76,8920.0,816,8922.0,79,8924.0,28,8928.0,77,8930.0,76,8932.0,128,8934.0,252,8936.0,275,8926.0
PK410,,13:41:18.0#,8788.0,8952.0,8788.0,9370.0,8142.0,117885,133400,8918.0,76,8920.0,816,8922.0,79,8924.0,36,8926.0,3,8928.0,76,8930.0,76,8932.0,128,8934.0,252,8936.0,275,8928.0
PK410,,13:41:18.500#,8788.0,8952.0,8788.0,9370.0,8142.0,117886,133401,8918.0,76,8920.0,816,8922.0,79,8924.0,35,8926.0,2,8928.0,76,8930.0,76,8932.0,128,8934.0,252,8936.0,276,8926.0
PK410,,13:41:19.500#,8788.0,8952.0,8788.0,9370.0,8142.0,117888,133401,8916.0,138,8918.0,76,8920.0,816,8922.0,79,8924.0,53,8926.0,1,8928.0,71,8930.0,76,8932.0,128,8934.0,252,8926.0
PK410,,13:41:19.750#,8788.0,8952.0,8788.0,9370.0,8142.0,117889,133402,8916.0,138,8918.0,76,8920.0,816,8922.0,79,8924.0,37,8928.0,81,8930.0,76,8932.0,130,8934.0,252,8936.0,276,8926.0
PK410,,13:41:20.0#,8788.0,8952.0,8788.0,9370.0,8142.0,117889,133402,8916.0,138,8918.0,76,8920.0,816,8922.0,79,8924.0,37,8926.0,1,8928.0,71,8930.0,76,8932.0,130,8934.0,252,8926.0
PK410,,13:41:20.750#,8788.0,8952.0,8788.0,9370.0,8142.0,117889,133402,8916.0,138,8918.0,76,8920.0,816,8922.0,79,8924.0,42,8926.0,8,8928.0,71,8930.0,76,8932.0,130,8934.0,252,8926.0
PK410,,13:41:21.250#,8788.0,8952.0,8788.0,9370.0,8142.0,117889,133402,8916.0,138,8918.0,76,8920.0,816,8922.0,79,8924.0,42,8926.0,13,8928.0,71,8930.0,76,8932.0,130,8934.0,252,8926.0
PK410,,13:41:21.500#,8788.0,8952.0,8788.0,9370.0,8142.0,117889,133402,8916.0,138,8918.0,76,8920.0,816,8922.0,79,8924.0,42,8926.0,13,8928.0,71,8930.0,76,8932.0,130,8934.0,252,8926.0
PK410,,13:41:21.750#,8788.0,8952.0,8788.0,9370.0,8142.0,117890,133403,8916.0,138,8918.0,76,8920.0,816,8922.0,79,8924.0,49,8926.0,12,8928.0,71,8930.0,76,8932.0,130,8934.0,252,8926.0
PK410,,13:41:22.0#,8788.0,8952.0,8788.0,9370.0,8142.0,117902,133415,8918.0,76,8920.0,816,8922.0,79,8924.0,48,8926.0,13,8928.0,81,8930.0,76,8932.0,130,8934.0,252,8936.0,276,8926.0
PK410,,13:41:22.250#,8788.0,8952.0,8788.0,9370.0,8142.0,117902,133415,8918.0,76,8920.0,816,8922.0,79,8924.0,46,8926.0,14,8928.0,83,8930.0,76,8932.0,130,8934.0,252,8936.0,276,8926.0
PK410,,13:41:22.750#,8788.0,8952.0,8788.0,9370.0,8142.0,117902,133415,8918.0,76,8920.0,816,8922.0,79,8924.0,46,8926.0,17,8928.0,83,8930.0,76,8932.0,130,8934.0,252,8936.0,276,8926.0
PK410,,13:41:23.0#,8788.0,8952.0,8788.0,9370.0,8142.0,117902,133415,8918.0,76,8920.0,816,8922.0,79,8924.0,63,8926.0,17,8928.0,83,8930.0,76,8932.0,130,8934.0,252,8936.0,276,8926.0
PK410,,13:41:23.250#,8788.0,8952.0,8788.0,9370.0,8142.0,117902,133415,8918.0,76,8920.0,816,8922.0,79,8924.0,63,8926.0,17,8928.0,80,8930.0,76,8932.0,130,8934.0,252,8936.0,276,8926.0
PK410,,13:41:24.0#,8788.0,8952.0,8788.0,9370.0,8142.0,117903,133416,8918.0,76,8920.0,816,8922.0,79,8924.0,63,8926.0,17,8928.0,79,8930.0,76,8932.0,130,8934.0,252,8936.0,276,8928.0
PK410,,13:41:26.0#,8788.0,8952.0,8788.0,9370.0,8142.0,117906,133418,8918.0,76,8920.0,816,8922.0,79,8924.0,62,8926.0,15,8928.0,79,8930.0,76,8932.0,130,8934.0,252,8936.0,276,8926.0
PK410,,13:41:26.500#,8788.0,8952.0,8788.0,9370.0,8142.0,117906,133418,8918.0,76,8920.0,816,8922.0,79,8924.0,62,8926.0,15,8928.0,78,8930.0,76,8932.0,130,8934.0,252,8936.0,276,8926.0
PK410,,13:41:26.750#,8788.0,8952.0,8788.0,9370.0,8142.0,117906,133418,8918.0,76,8920.0,816,8922.0,79,8924.0,62,8926.0,16,8928.0,78,8930.0,76,8932.0,130,8934.0,252,8936.0,276,8926.0
PK410,,13:41:27.0#,8788.0,8952.0,8788.0,9370.0,8142.0,117906,133418,8918.0,76,8920.0,816,8922.0,79,8924.0,55,8926.0,6,8928.0,78,8930.0,76,8932.0,130,8934.0,252,8936.0,276,8926.0
PK410,,13:41:27.250#,8788.0,8952.0,8788.0,9370.0,8142.0,117907,133418,8918.0,76,8920.0,816,8922.0,79,8924.0,55,8926.0,5,8928.0,77,8930.0,76,8932.0,130,8934.0,252,8936.0,276,8926.0
PK410,,13:41:27.500#,8788.0,8952.0,8788.0,9370.0,8142.0,117907,133418,8918.0,76,8920.0,816,8922.0,79,8924.0,51,8926.0,9,8928.0,77,8930.0,76,8932.0,130,8934.0,252,8936.0,276,8926.0
PK410,,13:41:27.750#,8788.0,8952.0,8788.0,9370.0,8142.0,117907,133418,8918.0,76,8920.0,816,8922.0,79,8924.0,49,8926.0,11,8928.0,77,8930.0,76,8932.0,130,8934.0,252,8936.0,276,8926.0
PK410,,13:41:28.500#,8788.0,8952.0,8788.0,9370.0,8142.0,117907,133418,8918.0,76,8920.0,816,8922.0,79,8924.0,49,8926.0,11,8928.0,79,8930.0,76,8932.0,130,8934.0,252,8936.0,276,8926.0
PK410,,13:41:29.0#,8788.0,8952.0,8788.0,9370.0,8142.0,117907,133418,8918.0,76,8920.0,816,8922.0,79,8924.0,49,8926.0,11,8928.0,79,8930.0,76,8932.0,130,8934.0,252,8936.0,276,8926.0
PK410,,13:41:32.250#,8788.0,8952.0,8788.0,9370.0,8142.0,117916,133413,8918.0,76,8920.0,816,8922.0,79,8924.0,49,8926.0,5,8928.0,70,8930.0,76,8932.0,130,8934.0,252,8936.0,276,8926.0
PK410,,13:41:32.500#,8788.0,8952.0,8788.0,9370.0,8142.0,117916,133413,8918.0,76,8920.0,816,8922.0,79,8924.0,49,8926.0,8,8928.0,70,8930.0,76,8932.0,130,8934.0,252,8936.0,276,8926.0
PK410,,13:41:32.750#,8788.0,8952.0,8788.0,9370.0,8142.0,117916,133413,8918.0,76,8920.0,816,8922.0,79,8924.0,49,8926.0,9,8928.0,70,8930.0,76,8932.0,130,8934.0,252,8936.0,276,8926.0
PK410,,13:41:33.0#,8788.0,8952.0,8788.0,9370.0,8142.0,117934,133424,8918.0,76,8920.0,816,8922.0,79,8924.0,49,8926.0,7,8928.0,79,8930.0,76,8932.0,130,8934.0,252,8936.0,276,8926.0
PK410,,13:41:33.250#,8788.0,8952.0,8788.0,9370.0,8142.0,117934,133424,8918.0,76,8920.0,816,8922.0,79,8924.0,49,8926.0,7,8928.0,78,8930.0,76,8932.0,130,8934.0,252,8936.0,276,8926.0
PK410,,13:41:33.500#,8788.0,8952.0,8788.0,9370.0,8142.0,117942,133424,8918.0,76,8920.0,816,8922.0,79,8924.0,49,8926.0,14,8928.0,70,8930.0,76,8932.0,130,8934.0,252,8936.0,276,8926.0
PK410,,13:41:33.750#,8788.0,8952.0,8788.0,9370.0,8142.0,117943,133424,8918.0,76,8920.0,816,8922.0,79,8924.0,49,8926.0,14,8928.0,69,8930.0,76,8932.0,130,8934.0,252,8936.0,276,8928.0
PK410,,13:41:35.500#,8788.0,8952.0,8788.0,9370.0,8142.0,117943,133424,8918.0,76,8920.0,816,8922.0,79,8924.0,51,8926.0,14,8928.0,69,8930.0,76,8932.0,130,8934.0,252,8936.0,276,8928.0
PK410,,13:41:36.250#,8788.0,8952.0,8788.0,9370.0,8142.0,117945,133422,8918.0,76,8920.0,816,8922.0,79,8924.0,51,8926.0,12,8928.0,69,8930.0,76,8932.0,130,8934.0,252,8936.0,276,8926.0
PK410,,13:41:36.500#,8788.0,8952.0,8788.0,9370.0,8142.0,117945,133422,8918.0,76,8920.0,816,8922.0,79,8924.0,51,8926.0,9,8928.0,69,8930.0,76,8932.0,130,8934.0,252,8936.0,276,8926.0
PK410,,13:41:36.750#,8788.0,8952.0,8788.0,9370.0,8142.0,117947,133424,8918.0,76,8920.0,816,8922.0,79,8924.0,51,8926.0,10,8928.0,67,8930.0,76,8932.0,130,8934.0,252,8936.0,276,8928.0
PK410,,13:41:37.500#,8788.0,8952.0,8788.0,9370.0,8142.0,117957,133430,8916.0,138,8918.0,76,8920.0,816,8922.0,79,8924.0,55,8926.0,2,8928.0,69,8930.0,76,8932.0,130,8934.0,252,8926.0
PK410,,13:41:37.750#,8788.0,8952.0,8788.0,9370.0,8142.0,117957,133430,8916.0,138,8918.0,76,8920.0,816,8922.0,79,8924.0,37,8926.0,4,8928.0,69,8930.0,76,8932.0,130,8934.0,252,8926.0
PK410,,13:41:38.0#,8788.0,8952.0,8788.0,9370.0,8142.0,117959,133432,8916.0,138,8918.0,76,8920.0,816,8922.0,79,8924.0,35,8926.0,2,8928.0,69,8930.0,76,8932.0,130,8934.0,252,8926.0
PK410,,13:41:40.0#,8788.0,8952.0,8788.0,9370.0,8142.0,117959,133432,8916.0,138,8918.0,76,8920.0,816,8922.0,79,8924.0,35,8926.0,3,8928.0,69,8930.0,76,8932.0,130,8934.0,252,8926.0
PK410,,13:41:42.0#,8788.0,8952.0,8788.0,9370.0,8142.0,117959,133432,8916.0,138,8918.0,76,8920.0,816,8922.0,79,8924.0,35,8926.0,3,8928.0,69,8930.0,76,8932.0,130,8934.0,252,8926.0
PK410,,13:41:42.250#,8788.0,8952.0,8788.0,9370.0,8142.0,117959,133432,8916.0,138,8918.0,76,8920.0,816,8922.0,79,8924.0,35,8926.0,3,8928.0,69,8930.0,76,8932.0,130,8934.0,252,8926.0
PK410,,13:41:42.500#,8788.0,8952.0,8788.0,9370.0,8142.0,117959,133432,8916.0,138,8918.0,76,8920.0,816,8922.0,79,8924.0,35,8926.0,3,8928.0,69,8930.0,76,8932.0,130,8934.0,252,8926.0
PK410,,13:41:44.500#,8788.0,8952.0,8788.0,9370.0,8142.0,117959,133432,8916.0,138,8918.0,76,8920.0,816,8922.0,79,8924.0,35,8926.0,3,8928.0,69,8930.0,75,8932.0,130,8934.0,252,8926.0
PK410,,13:41:45.500#,8788.0,8952.0,8788.0,9370.0,8142.0,117959,133432,8916.0,138,8918.0,76,8920.0,816,8922.0,79,8924.0,35,8926.0,3,8928.0,70,8930.0,75,8932.0,130,8934.0,252,8926.0
PK410,,13:41:45.750#,8788.0,8952.0,8788.0,9370.0,8142.0,117960,133431,8916.0,138,8918.0,76,8920.0,816,8922.0,79,8924.0,34,8926.0,3,8928.0,70,8930.0,75,8932.0,130,8934.0,252,8924.0
PK410,,13:41:46.0#,8788.0,8952.0,8788.0,9370.0,8142.0,117960,133431,8916.0,138,8918.0,76,8920.0,816,8922.0,79,8924.0,34,8926.0,3,8928.0,73,8930.0,75,8932.0,130,8934.0,252,8924.0
PK410,,13:41:46.250#,8788.0,8952.0,8788.0,9370.0,8142.0,117960,133431,8916.0,138,8918.0,76,8920.0,816,8922.0,79,8924.0,34,8926.0,3,8928.0,73,8930.0,76,8932.0,130,8934.0,252,8924.0
PK410,,13:41:48.0#,8788.0,8952.0,8788.0,9370.0,8142.0,117961,133432,8916.0,138,8918.0,76,8920.0,816,8922.0,79,8924.0,34,8926.0,3,8928.0,73,8930.0,76,8932.0,130,8934.0,252,8926.0
PK410,,13:41:51.750#,8788.0,8952.0,8788.0,9370.0,8142.0,117961,133432,8916.0,138,8918.0,76,8920.0,816,8922.0,79,8924.0,34,8926.0,3,8928.0,72,8930.0,76,8932.0,130,8934.0,252,8926.0
PK410,,13:41:52.500#,8788.0,8952.0,8788.0,9370.0,8142.0,117961,133432,8916.0,138,8918.0,76,8920.0,816,8922.0,79,8924.0,34,8926.0,4,8928.0,72,8930.0,76,8932.0,130,8934.0,252,8926.0
PK410,,13:41:53.0#,8788.0,8952.0,8788.0,9370.0,8142.0,117966,133432,8916.0,138,8918.0,76,8920.0,816,8922.0,79,8924.0,29,8926.0,7,8928.0,72,8930.0,76,8932.0,130,8934.0,252,8924.0
PK410,,13:41:53.500#,8788.0,8952.0,8788.0,9370.0,8142.0,117966,133432,8916.0,138,8918.0,76,8920.0,816,8922.0,79,8924.0,27,8926.0,7,8928.0,72,8930.0,76,8932.0,130,8934.0,252,8924.0
PK410,,13:41:53.750#,8788.0,8952.0,8788.0,9370.0,8142.0,117969,133433,8916.0,138,8918.0,76,8920.0,816,8922.0,79,8924.0,35,8926.0,4,8928.0,72,8930.0,76,8932.0,130,8934.0,252,8926.0
PK410,,13:41:54.0#,8788.0,8952.0,8788.0,9370.0,8142.0,117976,133433,8916.0,138,8918.0,76,8920.0,816,8922.0,79,8924.0,28,8926.0,4,8928.0,72,8930.0,76,8932.0,130,8934.0,252,8924.0
PK410,,13:41:54.250#,8788.0,8952.0,8788.0,9370.0,8142.0,117977,133433,8916.0,138,8918.0,76,8920.0,816,8922.0,79,8924.0,19,8926.0,11,8928.0,72,8930.0,76,8932.0,130,8934.0,252,8924.0
PK410,,13:41:54.500#,8788.0,8952.0,8788.0,9370.0,8142.0,117984,133426,8916.0,138,8918.0,76,8920.0,816,8922.0,77,8924.0,16,8926.0,6,8928.0,72,8930.0,78,8932.0,128,8934.0,252,8924.0
PK410,,13:41:54.750#,8788.0,8952.0,8788.0,9370.0,8142.0,117989,133424,8916.0,138,8918.0,76,8920.0,816,8922.0,77,8924.0,15,8926.0,12,8928.0,72,8930.0,78,8932.0,128,8934.0,252,8924.0
PK410,,13:41:55.0#,8788.0,8952.0,8788.0,9370.0,8142.0,117999,133424,8916.0,138,8918.0,76,8920.0,816,8922.0,77,8924.0,17,8926.0,5,8928.0,72,8930.0,78,8932.0,128,8934.0,252,8924.0
PK410,,13:41:55.250#,8788.0,8952.0,8788.0,9370.0,8142.0,117999,133424,8916.0,138,8918.0,76,8920.0,816,8922.0,77,8924.0,25,8926.0,5,8928.0,74,8930.0,78,8932.0,128,8934.0,252,8924.0
PK410,,13:41:55.500#,8788.0,8952.0,8788.0,9370.0,8142.0,118009,133424,8916.0,138,8918.0,76,8920.0,816,8922.0,77,8924.0,24,8926.0,5,8928.0,74,8930.0,78,8932.0,128,8934.0,232,8924.0
PK410,,13:41:55.750#,8788.0,8952.0,8788.0,9370.0,8142.0,118034,133429,8914.0,133,8916.0,138,8918.0,76,8920.0,816,8922.0,83,8924.0,3,8926.0,5,8928.0,74,8930.0,78,8932.0,128,8924.0
PK410,,13:41:56.0#,8788.0,8952.0,8788.0,9370.0,8142.0,118034,133429,8914.0,123,8916.0,139,8918.0,76,8920.0,815,8922.0,82,8924.0,3,8926.0,22,8928.0,74,8930.0,79,8932.0,128,8924.0
PK410,,13:41:56.500#,8788.0,8952.0,8788.0,9370.0,8142.0,118043,133433,8914.0,123,8916.0,139,8918.0,76,8920.0,815,8922.0,65,8926.0,32,8928.0,74,8930.0,79,8932.0,128,8934.0,231,8926.0
PK410,,13:41:57.0#,8788.0,8952.0,8788.0,9370.0,8142.0,118063,133428,8914.0,123,8916.0,139,8918.0,78,8920.0,815,8922.0,61,8924.0,3,8926.0,24,8928.0,74,8930.0,78,8932.0,128,8922.0
PK410,,13:41:57.750#,8788.0,8952.0,8788.0,9370.0,8142.0,118081,133427,8914.0,123,8916.0,139,8918.0,78,8920.0,815,8922.0,35,8924.0,10,8926.0,24,8928.0,76,8930.0,78,8932.0,128,8922.0
PK410,,13:41:58.0#,8788.0,8952.0,8788.0,9370.0,8142.0,118081,133427,8914.0,123,8916.0,139,8918.0,78,8920.0,815,8922.0,39,8924.0,5,8926.0,24,8928.0,76,8930.0,78,8932.0,128,8922.0
PK410,,13:41:58.250#,8788.0,8952.0,8788.0,9370.0,8142.0,118082,133428,8914.0,123,8916.0,139,8918.0,78,8920.0,815,8922.0,39,8924.0,4,8926.0,24,8928.0,76,8930.0,78,8932.0,128,8924.0
PK410,,13:41:58.500#,8788.0,8952.0,8788.0,9370.0,8142.0,118082,133428,8914.0,123,8916.0,139,8918.0,78,8920.0,815,8922.0,41,8924.0,4,8926.0,24,8928.0,76,8930.0,78,8932.0,128,8924.0
PK410,,13:41:58.750#,8788.0,8952.0,8788.0,9370.0,8142.0,118082,133428,8914.0,123,8916.0,139,8918.0,78,8920.0,815,8922.0,41,8924.0,4,8926.0,31,8928.0,72,8930.0,78,8932.0,128,8924.0
PK410,,13:41:59.0#,8788.0,8952.0,8788.0,9370.0,8142.0,118082,133428,8914.0,123,8916.0,139,8918.0,78,8920.0,815,8922.0,41,8924.0,4,8926.0,32,8928.0,72,8930.0,78,8932.0,128,8924.0
PK410,,13:42:00.0#,8788.0,8952.0,8788.0,9370.0,8142.0,118082,133428,8914.0,123,8916.0,139,8918.0,78,8920.0,815,8922.0,41,8924.0,4,8926.0,33,8928.0,72,8930.0,76,8932.0,128,8924.0
PK410,,13:42:00.750#,8788.0,8952.0,8788.0,9370.0,8142.0,118082,133428,8914.0,123,8916.0,139,8918.0,78,8920.0,825,8922.0,41,8924.0,4,8926.0,33,8928.0,72,8930.0,76,8932.0,128,8924.0
PK410,,13:42:01.0#,8788.0,8952.0,8788.0,9370.0,8142.0,118082,133428,8914.0,123,8916.0,139,8918.0,78,8920.0,825,8922.0,41,8924.0,4,8926.0,33,8928.0,73,8930.0,76,8932.0,128,8924.0
PK410,,13:42:02.0#,8788.0,8952.0,8788.0,9370.0,8142.0,118083,133429,8914.0,123,8916.0,139,8918.0,78,8920.0,826,8922.0,40,8924.0,4,8926.0,33,8928.0,73,8930.0,76,8932.0,128,8922.0
PK410,,13:42:02.250#,8788.0,8952.0,8788.0,9370.0,8142.0,118087,133431,8914.0,123,8916.0,139,8918.0,78,8920.0,826,8922.0,44,8926.0,41,8928.0,73,8930.0,76,8932.0,128,8934.0,231,8924.0
PK410,,13:42:02.500#,8788.0,8952.0,8788.0,9370.0,8142.0,118087,133431,8916.0,139,8918.0,78,8920.0,826,8922.0,41,8924.0,3,8926.0,34,8928.0,73,8930.0,77,8932.0,128,8934.0,231,8924.0
PK410,,13:42:03.250#,8788.0,8952.0,8788.0,9370.0,8142.0,118087,133431,8916.0,139,8918.0,78,8920.0,826,8922.0,54,8924.0,4,8926.0,34,8928.0,73,8930.0,77,8932.0,128,8934.0,231,8924.0
PK410,,13:42:03.500#,8788.0,8952.0,8788.0,9370.0,8142.0,118087,133431,8916.0,139,8918.0,78,8920.0,826,8922.0,55,8924.0,4,8926.0,34,8928.0,73,8930.0,77,8932.0,128,8934.0,231,8924.0
PK410,,13:42:03.750#,8788.0,8952.0,8788.0,9370.0,8142.0,118087,133431,8916.0,139,8918.0,78,8920.0,826,8922.0,55,8924.0,4,8926.0,35,8928.0,73,8930.0,77,8932.0,128,8934.0,231,8924.0
PK410,,13:42:04.0#,8788.0,8952.0,8788.0,9370.0,8142.0,118091,133432,8914.0,123,8916.0,139,8918.0,78,8920.0,826,8922.0,57,8924.0,16,8926.0,35,8928.0,73,8930.0,77,8932.0,128,8924.0
PK410,,13:42:04.250#,8788.0,8952.0,8788.0,9370.0,8142.0,118091,133432,8914.0,123,8916.0,139,8918.0,78,8920.0,826,8922.0,44,8924.0,16,8926.0,36,8928.0,73,8930.0,77,8932.0,128,8924.0
PK410,,13:42:04.500#,8788.0,8952.0,8788.0,9370.0,8142.0,118091,133432,8914.0,123,8916.0,139,8918.0,78,8920.0,826,8922.0,42,8924.0,20,8926.0,36,8928.0,75,8930.0,77,8932.0,128,8924.0
PK410,,13:42:04.750#,8788.0,8952.0,8788.0,9370.0,8142.0,118091,133432,8914.0,123,8916.0,139,8918.0,78,8920.0,828,8922.0,42,8924.0,20,8926.0,36,8928.0,75,8930.0,77,8932.0,128,8924.0
PK410,,13:42:05.0#,8788.0,8952.0,8788.0,9370.0,8142.0,118091,133432,8914.0,123,8916.0,139,8918.0,78,8920.0,828,8922.0,39,8924.0,20,8926.0,36,8928.0,75,8930.0,77,8932.0,128,8924.0
PK410,,13:42:05.250#,8788.0,8952.0,8788.0,9370.0,8142.0,118092,133433,8914.0,123,8916.0,139,8918.0,78,8920.0,828,8922.0,39,8924.0,19,8926.0,39,8928.0,75,8930.0,77,8932.0,128,8924.0
PK410,,13:42:05.750#,8788.0,8952.0,8788.0,9370.0,8142.0,118102,133443,8914.0,123,8916.0,139,8918.0,78,8920.0,828,8922.0,40,8924.0,9,8926.0,39,8928.0,75,8930.0,76,8932.0,128,8924.0
PK410,,13:42:06.0#,8788.0,8952.0,8788.0,9370.0,8142.0,118102,133443,8914.0,123,8916.0,139,8918.0,78,8920.0,828,8922.0,43,8924.0,9,8926.0,39,8928.0,75,8930.0,76,8932.0,128,8924.0
PK410,,13:42:07.0#,8788.0,8952.0,8788.0,9370.0,8142.0,118104,133445,8914.0,123,8916.0,139,8918.0,78,8920.0,828,8922.0,43,8924.0,7,8926.0,39,8928.0,75,8930.0,76,8932.0,128,8924.0
PK410,,13:42:08.500#,8788.0,8952.0,8788.0,9370.0,8142.0,118105,133444,8914.0,123,8916.0,139,8918.0,78,8920.0,828,8922.0,42,8924.0,7,8926.0,39,8928.0,75,8930.0,76,8932.0,128,8922.0
PK410,,13:42:09.250#,8788.0,8952.0,8788.0,9370.0,8142.0,118105,133444,8914.0,123,8916.0,139,8918.0,78,8920.0,828,8922.0,43,8924.0,7,8926.0,39,8928.0,75,8930.0,75,8932.0,128,8922.0
PK410,,13:42:09.500#,8788.0,8952.0,8788.0,9370.0,8142.0,118111,133443,8914.0,123,8916.0,139,8918.0,78,8920.0,828,8922.0,37,8924.0,7,8926.0,40,8928.0,75,8930.0,75,8932.0,128,8922.0
PK410,,13:42:09.750#,8788.0,8952.0,8788.0,9370.0,8142.0,118111,133443,8914.0,123,8916.0,139,8918.0,78,8920.0,828,8922.0,35,8924.0,7,8926.0,40,8928.0,75,8930.0,75,8932.0,128,8922.0
PK410,,13:42:12.250#,8788.0,8952.0,8788.0,9370.0,8142.0,118120,133449,8916.0,139,8918.0,78,8920.0,828,8922.0,38,8924.0,4,8926.0,40,8928.0,75,8930.0,75,8932.0,128,8934.0,231,8924.0
PK410,,13:42:12.500#,8788.0,8952.0,8788.0,9370.0,8142.0,118120,133449,8916.0,139,8918.0,78,8920.0,828,8922.0,38,8924.0,4,8926.0,41,8928.0,75,8930.0,75,8932.0,128,8934.0,231,8924.0
PK410,,13:42:13.250#,8788.0,8952.0,8788.0,9370.0,8142.0,118122,133449,8916.0,140,8918.0,78,8920.0,828,8922.0,53,8924.0,2,8926.0,51,8928.0,75,8930.0,75,8932.0,129,8934.0,231,8924.0
PK410,,13:42:13.500#,8788.0,8952.0,8788.0,9370.0,8142.0,118122,133449,8916.0,140,8918.0,78,8920.0,828,8922.0,53,8924.0,3,8926.0,54,8928.0,75,8930.0,75,8932.0,129,8934.0,231,8924.0
PK410,,13:42:13.750#,8788.0,8952.0,8788.0,9370.0,8142.0,118122,133449,8916.0,140,8918.0,78,8920.0,828,8922.0,53,8924.0,4,8926.0,54,8928.0,75,8930.0,75,8932.0,129,8934.0,231,8924.0
PK410,,13:42:14.0#,8788.0,8952.0,8788.0,9370.0,8142.0,118123,133450,8916.0,140,8918.0,78,8920.0,828,8922.0,53,8924.0,3,8926.0,53,8928.0,75,8930.0,75,8932.0,129,8934.0,231,8924.0
PK410,,13:42:16.0#,8788.0,8952.0,8788.0,9370.0,8142.0,118124,133451,8916.0,140,8918.0,78,8920.0,828,8922.0,53,8924.0,3,8926.0,52,8928.0,56,8930.0,75,8932.0,129,8934.0,231,8926.0
PK410,,13:42:16.250#,8788.0,8952.0,8788.0,9370.0,8142.0,118124,133451,8916.0,140,8918.0,78,8920.0,828,8922.0,53,8924.0,9,8926.0,40,8928.0,56,8930.0,75,8932.0,129,8934.0,231,8926.0
PK410,,13:42:16.500#,8788.0,8952.0,8788.0,9370.0,8142.0,118124,133451,8916.0,140,8918.0,78,8920.0,828,8922.0,52,8924.0,16,8926.0,39,8928.0,56,8930.0,75,8932.0,129,8934.0,231,8926.0
PK410,,13:42:17.250#,8788.0,8952.0,8788.0,9370.0,8142.0,118125,133452,8916.0,140,8918.0,78,8920.0,828,8922.0,52,8924.0,25,8926.0,38,8928.0,54,8930.0,75,8932.0,129,8934.0,231,8926.0
PK410,,13:42:21.500#,8788.0,8952.0,8788.0,9370.0,8142.0,118131,133455,8916.0,140,8918.0,78,8920.0,828,8922.0,52,8924.0,10,8926.0,53,8928.0,52,8930.0,75,8932.0,129,8934.0,231,8924.0
PK410,,13:42:22.500#,8788.0,8952.0,8788.0,9370.0,8142.0,118131,133455,8916.0,140,8918.0,78,8920.0,828,8922.0,52,8924.0,11,8926.0,53,8928.0,52,8930.0,75,8932.0,129,8934.0,231,8924.0
PK410,,13:42:23.500#,8788.0,8952.0,8788.0,9370.0,8142.0,118132,133455,8916.0,140,8918.0,78,8920.0,828,8922.0,52,8924.0,11,8926.0,52,8928.0,52,8930.0,75,8932.0,129,8934.0,231,8924.0
PK410,,13:42:23.750#,8788.0,8952.0,8788.0,9370.0,8142.0,118143,133459,8914.0,123,8916.0,140,8918.0,78,8920.0,828,8922.0,57,8924.0,7,8926.0,52,8928.0,52,8930.0,75,8932.0,129,8924.0
PK410,,13:42:24.0#,8788.0,8952.0,8788.0,9370.0,8142.0,118147,133463,8914.0,123,8916.0,140,8918.0,78,8920.0,828,8922.0,40,8924.0,3,8926.0,53,8928.0,52,8930.0,75,8932.0,129,8924.0
PK410,,13:42:24.250#,8788.0,8952.0,8788.0,9370.0,8142.0,118147,133463,8914.0,123,8916.0,140,8918.0,78,8920.0,828,8922.0,38,8924.0,3,8926.0,53,8928.0,54,8930.0,75,8932.0,129,8924.0
PK410,,13:42:24.750#,8788.0,8952.0,8788.0,9370.0,8142.0,118147,133463,8914.0,123,8916.0,140,8918.0,78,8920.0,828,8922.0,46,8924.0,6,8926.0,53,8928.0,54,8930.0,75,8932.0,129,8924.0
PK410,,13:42:25.0#,8788.0,8952.0,8788.0,9370.0,8142.0,118150,133466,8914.0,123,8916.0,140,8918.0,78,8920.0,828,8922.0,48,8924.0,3,8926.0,53,8928.0,54,8930.0,75,8932.0,129,8924.0
PK410,,13:42:25.500#,8788.0,8952.0,8788.0,9370.0,8142.0,118177,133469,8914.0,123,8916.0,140,8918.0,78,8920.0,828,8922.0,44,8924.0,1,8926.0,53,8928.0,54,8930.0,75,8932.0,129,8924.0
PK410,,13:42:25.750#,8788.0,8952.0,8788.0,9370.0,8142.0,118178,133469,8914.0,123,8916.0,140,8918.0,78,8920.0,828,8922.0,46,8924.0,2,8926.0,53,8928.0,54,8930.0,75,8932.0,129,8924.0
PK410,,13:42:26.0#,8788.0,8952.0,8788.0,9370.0,8142.0,118178,133469,8914.0,123,8916.0,140,8918.0,78,8920.0,828,8922.0,46,8924.0,1,8926.0,53,8928.0,54,8930.0,75,8932.0,129,8924.0
PK410,,13:42:26.750#,8788.0,8952.0,8788.0,9370.0,8142.0,118188,133467,8914.0,123,8916.0,140,8918.0,78,8920.0,828,8922.0,46,8926.0,45,8928.0,54,8930.0,75,8932.0,129,8934.0,231,8926.0
PK410,,13:42:27.0#,8788.0,8952.0,8788.0,9370.0,8142.0,118188,133467,8914.0,123,8916.0,140,8918.0,78,8920.0,828,8922.0,34,8926.0,45,8928.0,54,8930.0,75,8932.0,129,8934.0,231,8926.0
PK410,,13:42:27.250#,8788.0,8952.0,8788.0,9370.0,8142.0,118188,133467,8914.0,123,8916.0,140,8918.0,78,8920.0,828,8922.0,33,8926.0,45,8928.0,54,8930.0,75,8932.0,129,8934.0,231,8926.0
PK410,,13:42:31.0#,8788.0,8952.0,8788.0,9370.0,8142.0,118189,133467,8916.0,140,8918.0,78,8920.0,828,8922.0,53,8924.0,1,8926.0,46,8928.0,54,8930.0,75,8932.0,129,8934.0,231,8922.0
PK410,,13:42:31.250#,8788.0,8952.0,8788.0,9370.0,8142.0,118189,133467,8916.0,140,8918.0,78,8920.0,828,8922.0,53,8924.0,2,8926.0,46,8928.0,54,8930.0,75,8932.0,129,8934.0,231,8922.0
PK410,,13:42:31.500#,8788.0,8952.0,8788.0,9370.0,8142.0,118189,133467,8916.0,140,8918.0,78,8920.0,828,8922.0,53,8924.0,4,8926.0,46,8928.0,54,8930.0,75,8932.0,129,8934.0,231,8922.0
PK410,,13:42:31.750#,8788.0,8952.0,8788.0,9370.0,8142.0,118189,133467,8916.0,140,8918.0,78,8920.0,828,8922.0,67,8924.0,5,8926.0,46,8928.0,54,8930.0,75,8932.0,129,8934.0,231,8922.0
PK410,,13:42:32.500#,8788.0,8952.0,8788.0,9370.0,8142.0,118189,133467,8916.0,140,8918.0,78,8920.0,828,8922.0,67,8924.0,8,8926.0,46,8928.0,54,8930.0,75,8932.0,129,8934.0,231,8922.0
PK410,,13:42:32.750#,8788.0,8952.0,8788.0,9370.0,8142.0,118189,133467,8916.0,140,8918.0,78,8920.0,828,8922.0,67,8924.0,14,8926.0,46,8928.0,52,8930.0,75,8932.0,129,8934.0,231,8922.0
PK410,,13:42:33.0#,8788.0,8952.0,8788.0,9370.0,8142.0,118189,133467,8916.0,140,8918.0,78,8920.0,828,8922.0,67,8924.0,20,8926.0,46,8928.0,52,8930.0,75,8932.0,129,8934.0,231,8922.0
PK410,,13:42:33.750#,8788.0,8952.0,8788.0,9370.0,8142.0,118189,133467,8916.0,140,8918.0,78,8920.0,828,8922.0,67,8924.0,20,8926.0,46,8928.0,52,8930.0,75,8932.0,129,8934.0,231,8922.0
PK410,,13:42:34.250#,8788.0,8952.0,8788.0,9370.0,8142.0,118191,133467,8916.0,140,8918.0,78,8920.0,828,8922.0,67,8924.0,18,8926.0,47,8928.0,52,8930.0,75,8932.0,129,8934.0,231,8924.0
PK410,,13:42:34.500#,8788.0,8952.0,8788.0,9370.0,8142.0,118191,133467,8916.0,140,8918.0,78,8920.0,828,8922.0,64,8924.0,18,8926.0,48,8928.0,52,8930.0,75,8932.0,129,8934.0,231,8924.0
PK410,,13:42:35.500#,8788.0,8952.0,8788.0,9370.0,8142.0,118194,133466,8916.0,140,8918.0,78,8920.0,828,8922.0,64,8924.0,15,8926.0,48,8928.0,52,8930.0,75,8932.0,129,8934.0,231,8924.0
PK410,,13:42:35.750#,8788.0,8952.0,8788.0,9370.0,8142.0,118199,133463,8916.0,140,8918.0,78,8920.0,828,8922.0,64,8924.0,8,8926.0,48,8928.0,52,8930.0,75,8932.0,129,8934.0,231,8924.0
PK410,,13:42:36.0#,8788.0,8952.0,8788.0,9370.0,8142.0,118199,133463,8916.0,140,8918.0,78,8920.0,828,8922.0,64,8924.0,5,8926.0,48,8928.0,52,8930.0,75,8932.0,129,8934.0,231,8924.0
PK410,,13:42:36.250#,8788.0,8952.0,8788.0,9370.0,8142.0,118199,133463,8916.0,140,8918.0,78,8920.0,828,8922.0,64,8924.0,2,8926.0,48,8928.0,52,8930.0,75,8932.0,129,8934.0,231,8924.0
PK410,,13:42:36.500#,8788.0,8952.0,8788.0,9370.0,8142.0,118199,133463,8916.0,140,8918.0,78,8920.0,828,8922.0,64,8924.0,2,8926.0,49,8928.0,52,8930.0,75,8932.0,129,8934.0,231,8924.0
PK410,,13:42:36.750#,8788.0,8952.0,8788.0,9370.0,8142.0,118200,133464,8916.0,140,8918.0,78,8920.0,828,8922.0,64,8924.0,1,8926.0,49,8928.0,52,8930.0,75,8932.0,129,8934.0,231,8924.0
PK410,,13:42:37.500#,8788.0,8952.0,8788.0,9370.0,8142.0,118201,133464,8914.0,123,8916.0,140,8918.0,78,8920.0,828,8922.0,70,8924.0,26,8926.0,46,8928.0,52,8930.0,75,8932.0,129,8924.0
PK410,,13:42:37.750#,8788.0,8952.0,8788.0,9370.0,8142.0,118202,133464,8914.0,123,8916.0,140,8918.0,78,8920.0,828,8922.0,50,8924.0,25,8926.0,46,8928.0,52,8930.0,75,8932.0,129,8924.0
PK410,,13:42:38.0#,8788.0,8952.0,8788.0,9370.0,8142.0,118210,133464,8914.0,123,8916.0,140,8918.0,78,8920.0,828,8922.0,50,8924.0,18,8926.0,46,8928.0,52,8930.0,75,8932.0,129,8924.0
PK410,,13:42:38.250#,8788.0,8952.0,8788.0,9370.0,8142.0,118210,133464,8914.0,123,8916.0,140,8918.0,78,8920.0,828,8922.0,52,8924.0,18,8926.0,46,8928.0,52,8930.0,75,8932.0,129,8924.0
PK410,,13:42:38.500#,8788.0,8952.0,8788.0,9370.0,8142.0,118214,133464,8914.0,123,8916.0,140,8918.0,78,8920.0,828,8922.0,53,8924.0,14,8926.0,46,8928.0,52,8930.0,75,8932.0,129,8924.0
PK410,,13:42:39.0#,8788.0,8952.0,8788.0,9370.0,8142.0,118224,133466,8914.0,123,8916.0,140,8918.0,78,8920.0,828,8922.0,44,8924.0,15,8926.0,46,8928.0,52,8930.0,75,8932.0,129,8922.0
PK410,,13:42:39.250#,8788.0,8952.0,8788.0,9370.0,8142.0,118224,133466,8914.0,123,8916.0,140,8918.0,78,8920.0,828,8922.0,41,8924.0,16,8926.0,46,8928.0,52,8930.0,75,8932.0,129,8922.0
PK410,,13:42:40.500#,8788.0,8952.0,8788.0,9370.0,8142.0,118225,133467,8914.0,123,8916.0,140,8918.0,78,8920.0,828,8922.0,41,8924.0,16,8926.0,46,8928.0,52,8930.0,75,8932.0,129,8922.0
PK410,,13:42:41.250#,8788.0,8952.0,8788.0,9370.0,8142.0,118225,133467,8914.0,123,8916.0,140,8918.0,78,8920.0,828,8922.0,41,8924.0,17,8926.0,46,8928.0,52,8930.0,75,8932.0,129,8922.0
PK410,,13:42:41.500#,8788.0,8952.0,8788.0,9370.0,8142.0,118227,133465,8914.0,123,8916.0,140,8918.0,78,8920.0,828,8922.0,38,8924.0,17,8926.0,46,8928.0,52,8930.0,75,8932.0,129,8922.0
PK410,,13:42:41.750#,8788.0,8952.0,8788.0,9370.0,8142.0,118227,133465,8914.0,123,8916.0,140,8918.0,78,8920.0,829,8922.0,38,8924.0,17,8926.0,46,8928.0,52,8930.0,75,8932.0,129,8922.0
PK410,,13:42:42.0#,8788.0,8952.0,8788.0,9370.0,8142.0,118229,133465,8914.0,123,8916.0,140,8918.0,78,8920.0,829,8922.0,38,8924.0,15,8926.0,46,8928.0,52,8930.0,75,8932.0,129,8924.0
PK410,,13:42:42.250#,8788.0,8952.0,8788.0,9370.0,8142.0,118230,133465,8914.0,123,8916.0,140,8918.0,78,8920.0,829,8922.0,40,8924.0,14,8926.0,46,8928.0,52,8930.0,75,8932.0,129,8924.0
PK410,,13:42:42.500#,8788.0,8952.0,8788.0,9370.0,8142.0,118231,133465,8914.0,123,8916.0,140,8918.0,78,8920.0,829,8922.0,40,8924.0,13,8926.0,46,8928.0,52,8930.0,75,8932.0,129,8924.0
PK410,,13:42:43.500#,8788.0,8952.0,8788.0,9370.0,8142.0,118231,133465,8914.0,123,8916.0,140,8918.0,78,8920.0,829,8922.0,41,8924.0,13,8926.0,46,8928.0,52,8930.0,74,8932.0,129,8924.0
PK410,,13:42:43.750#,8788.0,8952.0,8788.0,9370.0,8142.0,118232,133465,8914.0,123,8916.0,140,8918.0,78,8920.0,829,8922.0,41,8924.0,12,8926.0,46,8928.0,52,8930.0,74,8932.0,129,8924.0
PK410,,13:42:44.750#,8788.0,8952.0,8788.0,9370.0,8142.0,118234,133465,8914.0,123,8916.0,140,8918.0,78,8920.0,829,8922.0,39,8924.0,12,8926.0,46,8928.0,52,8930.0,73,8932.0,129,8922.0
PK410,,13:42:45.750#,8788.0,8952.0,8788.0,9370.0,8142.0,118235,133465,8914.0,123,8916.0,140,8918.0,78,8920.0,829,8922.0,39,8924.0,9,8926.0,46,8928.0,52,8930.0,73,8932.0,129,8924.0
PK410,,13:42:46.0#,8788.0,8952.0,8788.0,9370.0,8142.0,118235,133465,8914.0,123,8916.0,140,8918.0,78,8920.0,829,8922.0,39,8924.0,9,8926.0,46,8928.0,52,8930.0,72,8932.0,129,8924.0
PK410,,13:42:46.250#,8788.0,8952.0,8788.0,9370.0,8142.0,118235,133465,8914.0,123,8916.0,140,8918.0,78,8920.0,829,8922.0,39,8924.0,10,8926.0,46,8928.0,52,8930.0,72,8932.0,129,8924.0
PK410,,13:42:46.750#,8788.0,8952.0,8788.0,9370.0,8142.0,118235,133465,8914.0,123,8916.0,140,8918.0,78,8920.0,829,8922.0,40,8924.0,10,8926.0,46,8928.0,52,8930.0,72,8932.0,129,8924.0
PK410,,13:42:47.500#,8788.0,8952.0,8788.0,9370.0,8142.0,118235,133465,8914.0,123,8916.0,140,8918.0,78,8920.0,829,8922.0,40,8924.0,11,8926.0,46,8928.0,52,8930.0,72,8932.0,129,8924.0
PK410,,13:42:47.750#,8788.0,8952.0,8788.0,9370.0,8142.0,118235,133465,8914.0,123,8916.0,139,8918.0,78,8920.0,829,8922.0,40,8924.0,11,8926.0,46,8928.0,52,8930.0,72,8932.0,129,8924.0
PK410,,13:42:48.250#,8788.0,8952.0,8788.0,9370.0,8142.0,118235,133465,8914.0,123,8916.0,139,8918.0,78,8920.0,829,8922.0,40,8924.0,11,8926.0,46,8928.0,51,8930.0,72,8932.0,129,8924.0
PK410,,13:42:48.750#,8788.0,8952.0,8788.0,9370.0,8142.0,118235,133465,8914.0,123,8916.0,139,8918.0,78,8920.0,829,8922.0,40,8924.0,11,8926.0,54,8928.0,51,8930.0,72,8932.0,129,8924.0
PK410,,13:42:49.0#,8788.0,8952.0,8788.0,9370.0,8142.0,118237,133464,8914.0,123,8916.0,139,8918.0,78,8920.0,829,8922.0,44,8924.0,10,8926.0,54,8928.0,51,8930.0,72,8932.0,129,8922.0
PK410,,13:42:49.500#,8788.0,8952.0,8788.0,9370.0,8142.0,118237,133464,8914.0,123,8916.0,139,8918.0,78,8920.0,829,8922.0,45,8924.0,10,8926.0,54,8928.0,51,8930.0,72,8932.0,129,8922.0
PK410,,13:42:49.750#,8788.0,8952.0,8788.0,9370.0,8142.0,118238,133463,8914.0,123,8916.0,139,8918.0,78,8920.0,829,8922.0,45,8924.0,9,8926.0,54,8928.0,51,8930.0,72,8932.0,129,8924.0
PK410,,13:42:50.500#,8788.0,8952.0,8788.0,9370.0,8142.0,118238,133463,8914.0,123,8916.0,139,8918.0,78,8920.0,829,8922.0,45,8924.0,9,8926.0,67,8928.0,51,8930.0,72,8932.0,129,8924.0
PK410,,13:42:51.250#,8788.0,8952.0,8788.0,9370.0,8142.0,118238,133463,8914.0,123,8916.0,139,8918.0,78,8920.0,829,8922.0,45,8924.0,11,8926.0,67,8928.0,51,8930.0,72,8932.0,129,8924.0
PK410,,13:42:51.750#,8788.0,8952.0,8788.0,9370.0,8142.0,118238,133463,8914.0,123,8916.0,139,8918.0,78,8920.0,829,8922.0,46,8924.0,11,8926.0,67,8928.0,51,8930.0,72,8932.0,129,8924.0
PK410,,13:42:52.0#,8788.0,8952.0,8788.0,9370.0,8142.0,118239,133463,8914.0,123,8916.0,139,8918.0,78,8920.0,829,8922.0,46,8924.0,10,8926.0,67,8928.0,51,8930.0,72,8932.0,129,8924.0
PK410,,13:42:52.750#,8788.0,8952.0,8788.0,9370.0,8142.0,118244,133464,8914.0,123,8916.0,139,8918.0,78,8920.0,829,8922.0,46,8924.0,5,8926.0,67,8928.0,51,8930.0,72,8932.0,129,8924.0
PK410,,13:42:53.0#,8788.0,8952.0,8788.0,9370.0,8142.0,118244,133464,8914.0,123,8916.0,139,8918.0,78,8920.0,829,8922.0,46,8924.0,5,8926.0,67,8928.0,53,8930.0,72,8932.0,129,8924.0
PK410,,13:42:55.750#,8788.0,8952.0,8788.0,9370.0,8142.0,118244,133464,8914.0,123,8916.0,139,8918.0,78,8920.0,829,8922.0,46,8924.0,5,8926.0,67,8928.0,53,8930.0,72,8932.0,129,8924.0
PK410,,13:42:56.0#,8788.0,8952.0,8788.0,9370.0,8142.0,118244,133464,8914.0,123,8916.0,139,8918.0,78,8920.0,829,8922.0,46,8924.0,5,8926.0,67,8928.0,54,8930.0,72,8932.0,129,8924.0
PK410,,13:42:57.500#,8788.0,8952.0,8788.0,9370.0,8142.0,118245,133464,8914.0,123,8916.0,139,8918.0,78,8920.0,829,8922.0,46,8924.0,4,8926.0,67,8928.0,54,8930.0,72,8932.0,129,8924.0
PK410,,13:42:57.750#,8788.0,8952.0,8788.0,9370.0,8142.0,118245,133464,8914.0,123,8916.0,139,8918.0,78,8920.0,829,8922.0,47,8924.0,4,8926.0,67,8928.0,54,8930.0,72,8932.0,129,8924.0
PK410,,13:42:58.0#,8788.0,8952.0,8788.0,9370.0,8142.0,118246,133463,8914.0,123,8916.0,139,8918.0,78,8920.0,829,8922.0,47,8924.0,3,8926.0,67,8928.0,54,8930.0,72,8932.0,129,8924.0
PK410,,13:42:58.250#,8788.0,8952.0,8788.0,9370.0,8142.0,118247,133462,8914.0,123,8916.0,139,8918.0,78,8920.0,829,8922.0,46,8924.0,3,8926.0,67,8928.0,54,8930.0,72,8932.0,129,8922.0
PK410,,13:42:58.500#,8788.0,8952.0,8788.0,9370.0,8142.0,118248,133463,8914.0,123,8916.0,139,8918.0,78,8920.0,829,8922.0,47,8924.0,2,8926.0,67,8928.0,54,8930.0,72,8932.0,129,8924.0
PK410,,13:42:58.750#,8788.0,8952.0,8788.0,9370.0,8142.0,118248,133463,8914.0,123,8916.0,139,8918.0,78,8920.0,829,8922.0,47,8924.0,2,8926.0,67,8928.0,54,8930.0,73,8932.0,129,8924.0
PK410,,13:42:59.0#,8788.0,8952.0,8788.0,9370.0,8142.0,118252,133461,8914.0,123,8916.0,139,8918.0,78,8920.0,829,8922.0,47,8926.0,68,8928.0,54,8930.0,73,8932.0,129,8934.0,231,8926.0
PK410,,13:42:59.250#,8788.0,8952.0,8788.0,9370.0,8142.0,118252,133461,8914.0,123,8916.0,139,8918.0,78,8920.0,829,8922.0,34,8924.0,1,8926.0,65,8928.0,54,8930.0,73,8932.0,129,8926.0
PK410,,13:42:59.500#,8788.0,8952.0,8788.0,9370.0,8142.0,118254,133463,8914.0,123,8916.0,139,8918.0,78,8920.0,829,8922.0,32,8926.0,68,8928.0,54,8930.0,73,8932.0,129,8934.0,231,8922.0
PK410,,13:42:59.750#,8788.0,8952.0,8788.0,9370.0,8142.0,118254,133463,8914.0,123,8916.0,139,8918.0,78,8920.0,829,8922.0,32,8926.0,70,8928.0,54,8930.0,73,8932.0,129,8934.0,231,8922.0
PK410,,13:43:01.0#,8788.0,8952.0,8788.0,9370.0,8142.0,118254,133463,8914.0,123,8916.0,139,8918.0,78,8920.0,829,8922.0,33,8926.0,70,8928.0,54,8930.0,73,8932.0,129,8934.0,231,8922.0
PK410,,13:43:01.250#,8788.0,8952.0,8788.0,9370.0,8142.0,118264,133456,8914.0,123,8916.0,139,8918.0,79,8920.0,829,8922.0,23,8924.0,3,8926.0,67,8928.0,54,8930.0,73,8932.0,129,8922.0
PK410,,13:43:01.500#,8788.0,8952.0,8788.0,9370.0,8142.0,118264,133456,8914.0,123,8916.0,139,8918.0,79,8920.0,829,8922.0,19,8924.0,7,8926.0,67,8928.0,54,8930.0,73,8932.0,129,8922.0
PK410,,13:43:01.750#,8788.0,8952.0,8788.0,9370.0,8142.0,118275,133456,8914.0,123,8916.0,139,8918.0,79,8920.0,829,8922.0,7,8924.0,9,8926.0,67,8928.0,54,8930.0,73,8932.0,129,8922.0
PK410,,13:43:02.0#,8788.0,8952.0,8788.0,9370.0,8142.0,118275,133456,8914.0,123,8916.0,139,8918.0,79,8920.0,829,8922.0,6,8924.0,9,8926.0,67,8928.0,54,8930.0,73,8932.0,129,8922.0
PK410,,13:43:02.250#,8788.0,8952.0,8788.0,9370.0,8142.0,118281,133455,8912.0,200,8914.0,123,8916.0,139,8918.0,79,8920.0,846,8922.0,1,8924.0,9,8926.0,67,8928.0,54,8930.0,73,8922.0
PK410,,13:43:02.500#,8788.0,8952.0,8788.0,9370.0,8142.0,118282,133455,8914.0,123,8916.0,139,8918.0,79,8920.0,828,8922.0,9,8924.0,20,8926.0,68,8928.0,54,8930.0,73,8932.0,137,8922.0
PK410,,13:43:02.750#,8788.0,8952.0,8788.0,9370.0,8142.0,118285,133454,8914.0,123,8916.0,139,8918.0,79,8920.0,829,8922.0,7,8924.0,20,8926.0,68,8928.0,54,8930.0,73,8932.0,137,8922.0
PK410,,13:43:03.0#,8788.0,8952.0,8788.0,9370.0,8142.0,118285,133454,8914.0,123,8916.0,139,8918.0,79,8920.0,829,8922.0,7,8924.0,36,8926.0,68,8928.0,54,8930.0,73,8932.0,137,8922.0
PK410,,13:43:03.250#,8788.0,8952.0,8788.0,9370.0,8142.0,118286,133453,8914.0,123,8916.0,139,8918.0,79,8920.0,827,8922.0,12,8924.0,35,8926.0,68,8928.0,54,8930.0,73,8932.0,137,8924.0
PK410,,13:43:03.500#,8788.0,8952.0,8788.0,9370.0,8142.0,118286,133453,8914.0,123,8916.0,139,8918.0,79,8920.0,827,8922.0,14,8924.0,35,8926.0,68,8928.0,54,8930.0,73,8932.0,137,8924.0
PK410,,13:43:04.0#,8788.0,8952.0,8788.0,9370.0,8142.0,118286,133453,8914.0,123,8916.0,139,8918.0,79,8920.0,827,8922.0,15,8924.0,35,8926.0,68,8928.0,54,8930.0,73,8932.0,137,8924.0
PK410,,13:43:04.250#,8788.0,8952.0,8788.0,9370.0,8142.0,118286,133453,8914.0,123,8916.0,139,8918.0,79,8920.0,827,8922.0,16,8924.0,35,8926.0,68,8928.0,54,8930.0,73,8932.0,137,8924.0
PK410,,13:43:04.500#,8788.0,8952.0,8788.0,9370.0,8142.0,118286,133453,8914.0,123,8916.0,139,8918.0,79,8920.0,827,8922.0,22,8924.0,35,8926.0,68,8928.0,54,8930.0,73,8932.0,137,8924.0
PK410,,13:43:07.250#,8788.0,8952.0,8788.0,9370.0,8142.0,118286,133453,8914.0,123,8916.0,139,8918.0,79,8920.0,827,8922.0,22,8924.0,36,8926.0,68,8928.0,54,8930.0,73,8932.0,137,8924.0
PK410,,13:43:07.500#,8788.0,8952.0,8788.0,9370.0,8142.0,118286,133453,8914.0,123,8916.0,139,8918.0,79,8920.0,827,8922.0,23,8924.0,36,8926.0,68,8928.0,54,8930.0,73,8932.0,137,8924.0
PK410,,13:43:07.750#,8788.0,8952.0,8788.0,9370.0,8142.0,118289,133453,8914.0,123,8916.0,139,8918.0,79,8920.0,827,8922.0,26,8924.0,33,8926.0,68,8928.0,54,8930.0,73,8932.0,137,8924.0
PK410,,13:43:08.0#,8788.0,8952.0,8788.0,9370.0,8142.0,118291,133451,8914.0,123,8916.0,139,8918.0,79,8920.0,827,8922.0,24,8924.0,31,8926.0,68,8928.0,54,8930.0,73,8932.0,137,8922.0
PK410,,13:43:08.250#,8788.0,8952.0,8788.0,9370.0,8142.0,118291,133451,8914.0,123,8916.0,139,8918.0,79,8920.0,827,8922.0,22,8924.0,31,8926.0,68,8928.0,54,8930.0,73,8932.0,137,8922.0
PK410,,13:43:08.750#,8788.0,8952.0,8788.0,9370.0,8142.0,118293,133449,8914.0,123,8916.0,139,8918.0,79,8920.0,827,8922.0,20,8924.0,31,8926.0,68,8928.0,54,8930.0,73,8932.0,137,8922.0
PK410,,13:43:09.0#,8788.0,8952.0,8788.0,9370.0,8142.0,118293,133449,8914.0,123,8916.0,139,8918.0,79,8920.0,827,8922.0,18,8924.0,31,8926.0,68,8928.0,54,8930.0,73,8932.0,137,8922.0
PK410,,13:43:09.500#,8788.0,8952.0,8788.0,9370.0,8142.0,118293,133449,8914.0,123,8916.0,139,8918.0,79,8920.0,827,8922.0,18,8924.0,31,8926.0,68,8928.0,54,8930.0,74,8932.0,137,8922.0
PK410,,13:43:09.750#,8788.0,8952.0,8788.0,9370.0,8142.0,118311,133440,8912.0,201,8914.0,123,8916.0,139,8918.0,79,8920.0,844,8922.0,12,8924.0,31,8926.0,68,8928.0,54,8930.0,74,8922.0
PK410,,13:43:10.0#,8788.0,8952.0,8788.0,9370.0,8142.0,118311,133440,8912.0,201,8914.0,123,8916.0,139,8918.0,79,8920.0,844,8922.0,12,8924.0,32,8926.0,68,8928.0,54,8930.0,74,8922.0
PK410,,13:43:10.250#,8788.0,8952.0,8788.0,9370.0,8142.0,118311,133440,8912.0,200,8914.0,123,8916.0,139,8918.0,79,8920.0,852,8922.0,12,8924.0,32,8926.0,68,8928.0,54,8930.0,74,8922.0
PK410,,13:43:10.500#,8788.0,8952.0,8788.0,9370.0,8142.0,118311,133440,8912.0,200,8914.0,123,8916.0,139,8918.0,79,8920.0,852,8922.0,12,8924.0,32,8926.0,68,8928.0,24,8930.0,74,8922.0
PK410,,13:43:10.750#,8788.0,8952.0,8788.0,9370.0,8142.0,118311,133440,8912.0,200,8914.0,123,8916.0,154,8918.0,79,8920.0,852,8922.0,12,8924.0,32,8926.0,68,8928.0,29,8930.0,74,8922.0
PK410,,13:43:11.750#,8788.0,8952.0,8788.0,9370.0,8142.0,118311,133440,8912.0,200,8914.0,123,8916.0,154,8918.0,79,8920.0,852,8922.0,22,8924.0,32,8926.0,67,8928.0,29,8930.0,74,8922.0
PK410,,13:43:12.0#,8788.0,8952.0,8788.0,9370.0,8142.0,118311,133440,8912.0,200,8914.0,123,8916.0,154,8918.0,79,8920.0,852,8922.0,22,8924.0,34,8926.0,67,8928.0,29,8930.0,74,8922.0
PK410,,13:43:12.500#,8788.0,8952.0,8788.0,9370.0,8142.0,118313,133439,8912.0,200,8914.0,123,8916.0,154,8918.0,79,8920.0,851,8922.0,21,8924.0,34,8926.0,67,8928.0,29,8930.0,74,8922.0
PK410,,13:43:13.0#,8788.0,8952.0,8788.0,9370.0,8142.0,118313,133439,8912.0,200,8914.0,123,8916.0,154,8918.0,79,8920.0,852,8922.0,21,8924.0,34,8926.0,67,8928.0,29,8930.0,74,8922.0
PK410,,13:43:13.250#,8788.0,8952.0,8788.0,9370.0,8142.0,118331,133421,8912.0,200,8914.0,123,8916.0,154,8918.0,79,8920.0,852,8922.0,3,8924.0,34,8926.0,67,8928.0,29,8930.0,74,8922.0
PK410,,13:43:13.500#,8788.0,8952.0,8788.0,9370.0,8142.0,118334,133421,8912.0,200,8914.0,123,8916.0,154,8918.0,79,8920.0,852,8924.0,34,8926.0,67,8928.0,29,8930.0,74,8932.0,138,8922.0
PK410,,13:43:13.750#,8788.0,8952.0,8788.0,9370.0,8142.0,118335,133420,8914.0,123,8916.0,154,8918.0,79,8920.0,834,8922.0,1,8924.0,34,8926.0,67,8928.0,29,8930.0,74,8932.0,138,8922.0
PK410,,13:43:14.0#,8788.0,8952.0,8788.0,9370.0,8142.0,118335,133420,8914.0,123,8916.0,156,8918.0,79,8920.0,834,8922.0,1,8924.0,34,8926.0,67,8928.0,29,8930.0,74,8932.0,138,8922.0
PK410,,13:43:14.750#,8788.0,8952.0,8788.0,9370.0,8142.0,118335,133420,8914.0,123,8916.0,156,8918.0,79,8920.0,834,8922.0,1,8924.0,34,8926.0,69,8928.0,29,8930.0,74,8932.0,138,8922.0
PK410,,13:43:15.0#,8788.0,8952.0,8788.0,9370.0,8142.0,118335,133420,8914.0,123,8916.0,156,8918.0,79,8920.0,834,8922.0,2,8924.0,34,8926.0,69,8928.0,29,8930.0,74,8932.0,138,8922.0
PK410,,13:43:15.250#,8788.0,8952.0,8788.0,9370.0,8142.0,118335,133420,8914.0,123,8916.0,156,8918.0,79,8920.0,834,8922.0,2,8924.0,35,8926.0,69,8928.0,29,8930.0,74,8932.0,138,8922.0
PK410,,13:43:15.500#,8788.0,8952.0,8788.0,9370.0,8142.0,118335,133420,8914.0,123,8916.0,156,8918.0,79,8920.0,834,8922.0,4,8924.0,35,8926.0,69,8928.0,29,8930.0,74,8932.0,138,8922.0
PK410,,13:43:16.250#,8788.0,8952.0,8788.0,9370.0,8142.0,118335,133420,8914.0,123,8916.0,156,8918.0,79,8920.0,834,8922.0,5,8924.0,35,8926.0,69,8928.0,29,8930.0,74,8932.0,138,8922.0
PK410,,13:43:17.500#,8788.0,8952.0,8788.0,9370.0,8142.0,118335,133420,8914.0,123,8916.0,156,8918.0,79,8920.0,834,8922.0,5,8924.0,35,8926.0,69,8928.0,29,8930.0,74,8932.0,138,8922.0
PK410,,13:43:17.750#,8788.0,8952.0,8788.0,9370.0,8142.0,118335,133420,8914.0,123,8916.0,156,8918.0,79,8920.0,834,8922.0,6,8924.0,35,8926.0,69,8928.0,29,8930.0,74,8932.0,138,8922.0
PK410,,13:43:18.0#,8788.0,8952.0,8788.0,9370.0,8142.0,118343,133415,8912.0,200,8914.0,123,8916.0,156,8918.0,79,8920.0,853,8922.0,22,8924.0,35,8926.0,69,8928.0,29,8930.0,74,8922.0
PK410,,13:43:18.250#,8788.0,8952.0,8788.0,9370.0,8142.0,118344,133414,8912.0,200,8914.0,123,8916.0,156,8918.0,79,8920.0,853,8922.0,22,8924.0,35,8926.0,69,8928.0,29,8930.0,74,8922.0
PK410,,13:43:18.750#,8788.0,8952.0,8788.0,9370.0,8142.0,118344,133414,8912.0,200,8914.0,123,8916.0,156,8918.0,79,8920.0,853,8922.0,24,8924.0,35,8926.0,69,8928.0,29,8930.0,74,8922.0
PK410,,13:43:19.250#,8788.0,8952.0,8788.0,9370.0,8142.0,118444,133514,8912.0,200,8914.0,123,8916.0,156,8918.0,79,8920.0,753,8922.0,24,8924.0,35,8926.0,69,8928.0,29,8930.0,74,8920.0
PK410,,13:43:19.500#,8788.0,8952.0,8788.0,9370.0,8142.0,118445,133514,8912.0,200,8914.0,123,8916.0,156,8918.0,79,8920.0,752,8922.0,24,8924.0,35,8926.0,69,8928.0,29,8930.0,76,8920.0
PK410,,13:43:19.750#,8788.0,8952.0,8788.0,9370.0,8142.0,118445,133514,8912.0,200,8914.0,123,8916.0,156,8918.0,79,8920.0,755,8922.0,24,8924.0,35,8926.0,69,8928.0,29,8930.0,76,8920.0
PK410,,13:43:20.0#,8788.0,8952.0,8788.0,9370.0,8142.0,118447,133512,8912.0,200,8914.0,123,8916.0,156,8918.0,79,8920.0,755,8922.0,22,8924.0,35,8926.0,69,8928.0,29,8930.0,76,8922.0
PK410,,13:43:20.750#,8788.0,8952.0,8788.0,9370.0,8142.0,118450,133512,8912.0,200,8914.0,123,8916.0,156,8918.0,79,8920.0,755,8922.0,20,8924.0,35,8926.0,69,8928.0,29,8930.0,76,8922.0
PK410,,13:43:21.250#,8788.0,8952.0,8788.0,9370.0,8142.0,118450,133512,8912.0,200,8914.0,123,8916.0,156,8918.0,79,8920.0,756,8922.0,20,8924.0,50,8926.0,69,8928.0,29,8930.0,76,8922.0
PK410,,13:43:22.250#,8788.0,8952.0,8788.0,9370.0,8142.0,118550,133612,8912.0,200,8914.0,123,8916.0,156,8918.0,79,8920.0,656,8922.0,21,8924.0,50,8926.0,69,8928.0,29,8930.0,76,8920.0
PK410,,13:43:23.0#,8788.0,8952.0,8788.0,9370.0,8142.0,118553,133612,8912.0,200,8914.0,123,8916.0,156,8918.0,79,8920.0,656,8922.0,18,8924.0,50,8926.0,69,8928.0,29,8930.0,76,8922.0
PK410,,13:43:23.250#,8788.0,8952.0,8788.0,9370.0,8142.0,118553,133612,8912.0,200,8914.0,123,8916.0,156,8918.0,79,8920.0,656,8922.0,19,8924.0,50,8926.0,69,8928.0,29,8930.0,76,8922.0
PK410,,13:43:23.750#,8788.0,8952.0,8788.0,9370.0,8142.0,118556,133615,8912.0,200,8914.0,123,8916.0,156,8918.0,79,8920.0,653,8922.0,19,8924.0,50,8926.0,69,8928.0,29,8930.0,76,8920.0
PK410,,13:43:24.250#,8788.0,8952.0,8788.0,9370.0,8142.0,118556,133615,8912.0,200,8914.0,123,8916.0,156,8918.0,79,8920.0,653,8922.0,20,8924.0,50,8926.0,69,8928.0,29,8930.0,76,8920.0
PK410,,13:43:24.750#,8788.0,8952.0,8788.0,9370.0,8142.0,118556,133615,8912.0,200,8914.0,123,8916.0,156,8918.0,79,8920.0,653,8922.0,21,8924.0,50,8926.0,69,8928.0,29,8930.0,76,8920.0
