InstrumentId,ExchangeId,Datetime,OpenPrice,HighestPrice,LowestPrice,UpperLimitPrice,LowerLimitPrice,Volume,OpenInterest,BidPrice5,BidVolume5,BidPrice4,BidVolume4,BidPrice3,BidVolume3,BidPrice2,BidVolume2,BidPrice1,BidVolume1,AskPrice1,AskVolume1,AskPrice2,AskVolume2,AskPrice3,AskVolume3,AskPrice4,AskVolume4,AskPrice5,AskVolume5,LastPrice
PK411,,13:38:37.500#,8624.0,8774.0,8624.0,9214.0,8006.0,25561,62344,8754.0,2,8756.0,140,8758.0,5,8760.0,93,8762.0,35,8764.0,11,8766.0,61,8768.0,61,8770.0,4,8772.0,7,8764.0
PK411,,13:38:37.750#,8624.0,8774.0,8624.0,9214.0,8006.0,25561,62344,8754.0,2,8756.0,140,8758.0,5,8760.0,103,8762.0,35,8764.0,11,8766.0,71,8768.0,61,8770.0,4,8772.0,7,8764.0
PK411,,13:38:38.250#,8624.0,8774.0,8624.0,9214.0,8006.0,25561,62344,8754.0,2,8756.0,140,8758.0,5,8760.0,103,8762.0,35,8764.0,10,8766.0,71,8768.0,61,8770.0,4,8772.0,7,8764.0
PK411,,13:38:38.500#,8624.0,8774.0,8624.0,9214.0,8006.0,25561,62344,8754.0,2,8756.0,140,8758.0,5,8760.0,103,8762.0,35,8764.0,11,8766.0,71,8768.0,61,8770.0,4,8772.0,7,8764.0
PK411,,13:38:38.750#,8624.0,8774.0,8624.0,9214.0,8006.0,25562,62343,8754.0,2,8756.0,140,8758.0,5,8760.0,103,8762.0,28,8764.0,10,8766.0,71,8768.0,61,8770.0,4,8772.0,7,8764.0
PK411,,13:38:39.0#,8624.0,8774.0,8624.0,9214.0,8006.0,25562,62343,8754.0,2,8756.0,140,8758.0,16,8760.0,94,8762.0,28,8764.0,11,8766.0,81,8768.0,51,8770.0,4,8772.0,7,8764.0
PK411,,13:38:39.250#,8624.0,8774.0,8624.0,9214.0,8006.0,25562,62343,8754.0,1,8756.0,140,8758.0,6,8760.0,104,8762.0,28,8764.0,11,8766.0,81,8768.0,51,8770.0,4,8772.0,7,8764.0
PK411,,13:38:39.500#,8624.0,8774.0,8624.0,9214.0,8006.0,25562,62343,8754.0,1,8756.0,140,8758.0,6,8760.0,94,8762.0,28,8764.0,11,8766.0,71,8768.0,51,8770.0,4,8772.0,7,8764.0
PK411,,13:38:39.750#,8624.0,8774.0,8624.0,9214.0,8006.0,25562,62343,8754.0,1,8756.0,140,8758.0,6,8760.0,104,8762.0,28,8764.0,11,8766.0,71,8768.0,61,8770.0,4,8772.0,7,8764.0
PK411,,13:38:40.0#,8624.0,8774.0,8624.0,9214.0,8006.0,25562,62343,8754.0,1,8756.0,140,8758.0,6,8760.0,104,8762.0,28,8764.0,11,8766.0,81,8768.0,51,8770.0,4,8772.0,7,8764.0
PK411,,13:38:40.250#,8624.0,8774.0,8624.0,9214.0,8006.0,25562,62343,8754.0,1,8756.0,140,8758.0,6,8760.0,104,8762.0,28,8764.0,11,8766.0,91,8768.0,41,8770.0,4,8772.0,7,8764.0
PK411,,13:38:41.0#,8624.0,8774.0,8624.0,9214.0,8006.0,25562,62343,8754.0,1,8756.0,140,8758.0,6,8760.0,104,8762.0,28,8764.0,21,8766.0,81,8768.0,41,8770.0,4,8772.0,7,8764.0
PK411,,13:38:41.250#,8624.0,8774.0,8624.0,9214.0,8006.0,25562,62343,8754.0,1,8756.0,140,8758.0,6,8760.0,104,8762.0,28,8764.0,23,8766.0,79,8768.0,41,8770.0,4,8772.0,7,8764.0
PK411,,13:38:42.250#,8624.0,8774.0,8624.0,9214.0,8006.0,25562,62343,8754.0,1,8756.0,140,8758.0,6,8760.0,104,8762.0,28,8764.0,23,8766.0,79,8768.0,41,8770.0,4,8772.0,7,8764.0
PK411,,13:38:43.250#,8624.0,8774.0,8624.0,9214.0,8006.0,25562,62343,8754.0,1,8756.0,140,8758.0,6,8760.0,104,8762.0,29,8764.0,23,8766.0,79,8768.0,41,8770.0,4,8772.0,7,8764.0
PK411,,13:38:44.0#,8624.0,8774.0,8624.0,9214.0,8006.0,25562,62343,8754.0,1,8756.0,140,8758.0,16,8760.0,94,8762.0,29,8764.0,23,8766.0,79,8768.0,41,8770.0,4,8772.0,7,8764.0
PK411,,13:38:47.750#,8624.0,8774.0,8624.0,9214.0,8006.0,25562,62343,8754.0,1,8756.0,140,8758.0,16,8760.0,84,8762.0,29,8764.0,23,8766.0,69,8768.0,41,8770.0,4,8772.0,7,8764.0
PK411,,13:38:48.0#,8624.0,8774.0,8624.0,9214.0,8006.0,25562,62343,8754.0,1,8756.0,140,8758.0,16,8760.0,94,8762.0,29,8764.0,23,8766.0,69,8768.0,51,8770.0,4,8772.0,7,8764.0
PK411,,13:38:52.0#,8624.0,8774.0,8624.0,9214.0,8006.0,25562,62343,8754.0,1,8756.0,140,8758.0,16,8760.0,84,8762.0,29,8764.0,23,8766.0,59,8768.0,51,8770.0,4,8772.0,7,8764.0
PK411,,13:38:52.250#,8624.0,8774.0,8624.0,9214.0,8006.0,25562,62343,8754.0,1,8756.0,140,8758.0,16,8760.0,94,8762.0,29,8764.0,23,8766.0,69,8768.0,51,8770.0,4,8772.0,7,8764.0
PK411,,13:38:54.0#,8624.0,8774.0,8624.0,9214.0,8006.0,25562,62343,8754.0,1,8756.0,140,8758.0,16,8760.0,84,8762.0,29,8764.0,23,8766.0,59,8768.0,51,8770.0,4,8772.0,7,8764.0
PK411,,13:38:54.250#,8624.0,8774.0,8624.0,9214.0,8006.0,25562,62343,8754.0,1,8756.0,140,8758.0,16,8760.0,94,8762.0,29,8764.0,23,8766.0,69,8768.0,51,8770.0,4,8772.0,7,8764.0
PK411,,13:38:56.0#,8624.0,8774.0,8624.0,9214.0,8006.0,25562,62343,8754.0,1,8756.0,140,8758.0,16,8760.0,84,8762.0,29,8764.0,23,8766.0,59,8768.0,51,8770.0,4,8772.0,7,8764.0
PK411,,13:38:56.250#,8624.0,8774.0,8624.0,9214.0,8006.0,25562,62343,8754.0,1,8756.0,140,8758.0,16,8760.0,94,8762.0,29,8764.0,23,8766.0,69,8768.0,51,8770.0,4,8772.0,7,8764.0
PK411,,13:38:57.250#,8624.0,8774.0,8624.0,9214.0,8006.0,25562,62343,8754.0,1,8756.0,140,8758.0,16,8760.0,94,8762.0,30,8764.0,23,8766.0,69,8768.0,51,8770.0,4,8772.0,7,8764.0
PK411,,13:38:58.0#,8624.0,8774.0,8624.0,9214.0,8006.0,25562,62343,8754.0,1,8756.0,140,8758.0,16,8760.0,84,8762.0,30,8764.0,23,8766.0,59,8768.0,51,8770.0,4,8772.0,7,8764.0
PK411,,13:38:58.250#,8624.0,8774.0,8624.0,9214.0,8006.0,25562,62343,8754.0,1,8756.0,140,8758.0,16,8760.0,94,8762.0,30,8764.0,23,8766.0,69,8768.0,51,8770.0,4,8772.0,7,8764.0
PK411,,13:38:59.0#,8624.0,8774.0,8624.0,9214.0,8006.0,25563,62342,8754.0,1,8756.0,140,8758.0,16,8760.0,94,8762.0,29,8764.0,23,8766.0,69,8768.0,51,8770.0,4,8772.0,7,8762.0
PK411,,13:39:02.0#,8624.0,8774.0,8624.0,9214.0,8006.0,25563,62342,8754.0,1,8756.0,140,8758.0,16,8760.0,84,8762.0,29,8764.0,23,8766.0,59,8768.0,51,8770.0,4,8772.0,7,8762.0
PK411,,13:39:02.250#,8624.0,8774.0,8624.0,9214.0,8006.0,25563,62342,8754.0,1,8756.0,140,8758.0,16,8760.0,94,8762.0,29,8764.0,23,8766.0,69,8768.0,51,8770.0,4,8772.0,7,8762.0
PK411,,13:39:04.0#,8624.0,8774.0,8624.0,9214.0,8006.0,25563,62342,8754.0,1,8756.0,140,8758.0,16,8760.0,84,8762.0,29,8764.0,23,8766.0,59,8768.0,51,8770.0,4,8772.0,7,8762.0
PK411,,13:39:04.250#,8624.0,8774.0,8624.0,9214.0,8006.0,25563,62342,8754.0,1,8756.0,140,8758.0,16,8760.0,94,8762.0,29,8764.0,23,8766.0,69,8768.0,51,8770.0,4,8772.0,7,8762.0
PK411,,13:39:06.0#,8624.0,8774.0,8624.0,9214.0,8006.0,25592,62353,8752.0,15,8754.0,1,8756.0,140,8758.0,16,8760.0,96,8762.0,9,8764.0,13,8766.0,49,8768.0,51,8770.0,4,8762.0
PK411,,13:39:06.250#,8624.0,8774.0,8624.0,9214.0,8006.0,25592,62353,8752.0,4,8754.0,1,8756.0,150,8758.0,56,8760.0,51,8762.0,12,8764.0,38,8766.0,59,8768.0,31,8770.0,4,8762.0
PK411,,13:39:06.500#,8624.0,8774.0,8624.0,9214.0,8006.0,25610,62346,8752.0,4,8754.0,1,8756.0,140,8758.0,76,8760.0,19,8762.0,4,8764.0,48,8766.0,49,8768.0,20,8770.0,4,8760.0
PK411,,13:39:06.750#,8624.0,8774.0,8624.0,9214.0,8006.0,25611,62345,8752.0,4,8754.0,1,8756.0,140,8758.0,86,8760.0,19,8762.0,2,8764.0,40,8766.0,59,8768.0,30,8770.0,4,8762.0
PK411,,13:39:07.0#,8624.0,8774.0,8624.0,9214.0,8006.0,25611,62345,8752.0,4,8754.0,1,8756.0,140,8758.0,96,8760.0,19,8762.0,2,8764.0,50,8766.0,59,8768.0,30,8770.0,4,8762.0
PK411,,13:39:08.250#,8624.0,8774.0,8624.0,9214.0,8006.0,25611,62345,8752.0,4,8754.0,1,8756.0,140,8758.0,96,8760.0,26,8762.0,2,8764.0,50,8766.0,59,8768.0,30,8770.0,4,8762.0
PK411,,13:39:08.500#,8624.0,8774.0,8624.0,9214.0,8006.0,25611,62345,8752.0,4,8754.0,1,8756.0,140,8758.0,96,8760.0,27,8762.0,2,8764.0,50,8766.0,59,8768.0,30,8770.0,4,8762.0
PK411,,13:39:09.0#,8624.0,8774.0,8624.0,9214.0,8006.0,25611,62345,8752.0,4,8754.0,1,8756.0,140,8758.0,96,8760.0,29,8762.0,2,8764.0,50,8766.0,59,8768.0,30,8770.0,4,8762.0
PK411,,13:39:09.500#,8624.0,8774.0,8624.0,9214.0,8006.0,25611,62345,8752.0,4,8754.0,1,8756.0,140,8758.0,96,8760.0,29,8762.0,2,8764.0,50,8766.0,60,8768.0,29,8770.0,4,8762.0
PK411,,13:39:10.250#,8624.0,8774.0,8624.0,9214.0,8006.0,25612,62344,8752.0,4,8754.0,1,8756.0,140,8758.0,96,8760.0,28,8762.0,2,8764.0,50,8766.0,60,8768.0,29,8770.0,4,8760.0
PK411,,13:39:11.250#,8624.0,8774.0,8624.0,9214.0,8006.0,25612,62344,8752.0,4,8754.0,1,8756.0,140,8758.0,96,8760.0,29,8762.0,2,8764.0,50,8766.0,60,8768.0,29,8770.0,4,8760.0
PK411,,13:39:11.750#,8624.0,8774.0,8624.0,9214.0,8006.0,25613,62343,8752.0,4,8754.0,1,8756.0,140,8758.0,96,8760.0,29,8762.0,1,8764.0,50,8766.0,60,8768.0,29,8770.0,4,8762.0
PK411,,13:39:12.0#,8624.0,8774.0,8624.0,9214.0,8006.0,25613,62343,8752.0,4,8754.0,1,8756.0,150,8758.0,86,8760.0,39,8762.0,1,8764.0,60,8766.0,50,8768.0,29,8770.0,4,8762.0
PK411,,13:39:12.250#,8624.0,8774.0,8624.0,9214.0,8006.0,25613,62343,8752.0,4,8754.0,1,8756.0,140,8758.0,96,8760.0,39,8762.0,1,8764.0,60,8766.0,50,8768.0,29,8770.0,4,8762.0
PK411,,13:39:12.500#,8624.0,8774.0,8624.0,9214.0,8006.0,25613,62343,8752.0,4,8754.0,1,8756.0,140,8758.0,86,8760.0,49,8762.0,1,8764.0,50,8766.0,60,8768.0,29,8770.0,4,8762.0
PK411,,13:39:16.250#,8624.0,8774.0,8624.0,9214.0,8006.0,25613,62343,8750.0,3,8752.0,4,8756.0,140,8758.0,86,8760.0,49,8762.0,1,8764.0,50,8766.0,60,8768.0,29,8770.0,4,8762.0
PK411,,13:39:16.500#,8624.0,8774.0,8624.0,9214.0,8006.0,25613,62343,8750.0,3,8752.0,4,8756.0,140,8758.0,86,8760.0,49,8762.0,1,8764.0,60,8766.0,50,8768.0,29,8770.0,4,8762.0
PK411,,13:39:16.750#,8624.0,8774.0,8624.0,9214.0,8006.0,25613,62343,8750.0,3,8752.0,4,8756.0,140,8758.0,86,8760.0,49,8762.0,1,8764.0,70,8766.0,40,8768.0,29,8770.0,4,8762.0
PK411,,13:39:17.0#,8624.0,8774.0,8624.0,9214.0,8006.0,25613,62343,8750.0,3,8752.0,4,8756.0,140,8758.0,86,8760.0,49,8762.0,1,8764.0,80,8766.0,30,8768.0,29,8770.0,4,8762.0
PK411,,13:39:18.750#,8624.0,8774.0,8624.0,9214.0,8006.0,25613,62343,8750.0,3,8752.0,4,8756.0,140,8758.0,86,8760.0,49,8762.0,1,8764.0,70,8766.0,40,8768.0,29,8770.0,4,8762.0
PK411,,13:39:20.0#,8624.0,8774.0,8624.0,9214.0,8006.0,25614,62344,8752.0,4,8756.0,140,8758.0,86,8760.0,39,8762.0,3,8764.0,72,8766.0,40,8768.0,29,8770.0,4,8772.0,7,8762.0
PK411,,13:39:20.250#,8624.0,8774.0,8624.0,9214.0,8006.0,25614,62344,8752.0,4,8756.0,140,8758.0,66,8760.0,59,8762.0,4,8764.0,35,8766.0,70,8768.0,30,8770.0,4,8772.0,7,8762.0
PK411,,13:39:20.500#,8624.0,8774.0,8624.0,9214.0,8006.0,25615,62344,8752.0,4,8756.0,139,8758.0,46,8760.0,77,8762.0,5,8764.0,14,8766.0,90,8768.0,30,8770.0,4,8772.0,7,8762.0
PK411,,13:39:20.750#,8624.0,8774.0,8624.0,9214.0,8006.0,25615,62344,8752.0,4,8756.0,139,8758.0,36,8760.0,87,8762.0,5,8764.0,16,8766.0,90,8768.0,30,8770.0,4,8772.0,7,8762.0
PK411,,13:39:21.0#,8624.0,8774.0,8624.0,9214.0,8006.0,25615,62344,8752.0,4,8756.0,139,8758.0,26,8760.0,97,8762.0,5,8764.0,16,8766.0,90,8768.0,30,8770.0,4,8772.0,7,8762.0
PK411,,13:39:21.250#,8624.0,8774.0,8624.0,9214.0,8006.0,25615,62344,8752.0,4,8756.0,139,8758.0,26,8760.0,97,8762.0,5,8764.0,15,8766.0,90,8768.0,30,8770.0,4,8772.0,7,8762.0
PK411,,13:39:21.500#,8624.0,8774.0,8624.0,9214.0,8006.0,25616,62344,8752.0,4,8756.0,139,8758.0,36,8760.0,87,8762.0,4,8764.0,15,8766.0,90,8768.0,30,8770.0,4,8772.0,7,8762.0
PK411,,13:39:21.750#,8624.0,8774.0,8624.0,9214.0,8006.0,25616,62344,8752.0,4,8756.0,139,8758.0,36,8760.0,67,8762.0,14,8764.0,15,8766.0,70,8768.0,40,8770.0,4,8772.0,7,8762.0
PK411,,13:39:22.0#,8624.0,8774.0,8624.0,9214.0,8006.0,25616,62344,8752.0,4,8756.0,139,8758.0,26,8760.0,87,8762.0,14,8764.0,13,8766.0,70,8768.0,50,8770.0,4,8772.0,7,8762.0
PK411,,13:39:22.250#,8624.0,8774.0,8624.0,9214.0,8006.0,25616,62344,8752.0,4,8756.0,139,8758.0,6,8760.0,97,8762.0,24,8764.0,3,8766.0,70,8768.0,60,8770.0,4,8772.0,7,8762.0
PK411,,13:39:22.500#,8624.0,8774.0,8624.0,9214.0,8006.0,25616,62344,8752.0,4,8756.0,139,8758.0,6,8760.0,97,8762.0,24,8764.0,1,8766.0,72,8768.0,60,8770.0,4,8772.0,7,8762.0
PK411,,13:39:23.250#,8624.0,8774.0,8624.0,9214.0,8006.0,25617,62343,8752.0,4,8756.0,139,8758.0,6,8760.0,97,8762.0,24,8766.0,74,8768.0,60,8770.0,4,8772.0,7,8774.0,8,8764.0
PK411,,13:39:23.500#,8624.0,8774.0,8624.0,9214.0,8006.0,25617,62343,8752.0,4,8756.0,139,8758.0,16,8760.0,87,8762.0,24,8766.0,86,8768.0,50,8770.0,5,8772.0,7,8774.0,8,8764.0
PK411,,13:39:25.250#,8624.0,8774.0,8624.0,9214.0,8006.0,25617,62343,8752.0,4,8756.0,139,8758.0,16,8760.0,87,8762.0,25,8766.0,84,8768.0,50,8770.0,5,8772.0,7,8774.0,8,8764.0
PK411,,13:39:25.500#,8624.0,8774.0,8624.0,9214.0,8006.0,25617,62343,8752.0,4,8756.0,139,8758.0,16,8760.0,97,8762.0,15,8766.0,84,8768.0,50,8770.0,5,8772.0,7,8774.0,8,8764.0
PK411,,13:39:25.750#,8624.0,8774.0,8624.0,9214.0,8006.0,25617,62343,8752.0,4,8756.0,139,8758.0,16,8760.0,97,8762.0,15,8766.0,94,8768.0,40,8770.0,5,8772.0,7,8774.0,8,8764.0
PK411,,13:39:26.0#,8624.0,8774.0,8624.0,9214.0,8006.0,25617,62343,8752.0,4,8756.0,139,8758.0,16,8760.0,97,8762.0,15,8766.0,97,8768.0,40,8770.0,5,8772.0,7,8774.0,8,8764.0
PK411,,13:39:26.250#,8624.0,8774.0,8624.0,9214.0,8006.0,25617,62343,8752.0,4,8756.0,139,8758.0,26,8760.0,67,8762.0,25,8766.0,87,8768.0,40,8770.0,5,8772.0,7,8774.0,8,8764.0
PK411,,13:39:26.500#,8624.0,8774.0,8624.0,9214.0,8006.0,25617,62343,8752.0,4,8756.0,139,8758.0,26,8760.0,77,8762.0,25,8766.0,87,8768.0,50,8770.0,5,8772.0,7,8774.0,8,8764.0
PK411,,13:39:26.750#,8624.0,8774.0,8624.0,9214.0,8006.0,25617,62343,8752.0,4,8756.0,139,8758.0,16,8760.0,87,8762.0,25,8766.0,87,8768.0,50,8770.0,5,8772.0,7,8774.0,8,8764.0
PK411,,13:39:27.750#,8624.0,8774.0,8624.0,9214.0,8006.0,25617,62343,8752.0,4,8756.0,139,8758.0,16,8760.0,87,8762.0,25,8766.0,86,8768.0,50,8770.0,5,8772.0,7,8774.0,8,8764.0
PK411,,13:39:28.0#,8624.0,8774.0,8624.0,9214.0,8006.0,25617,62343,8752.0,4,8756.0,139,8758.0,16,8760.0,87,8762.0,25,8766.0,91,8768.0,50,8770.0,5,8772.0,7,8774.0,8,8764.0
PK411,,13:39:28.250#,8624.0,8774.0,8624.0,9214.0,8006.0,25617,62343,8752.0,4,8756.0,139,8758.0,16,8760.0,87,8762.0,25,8764.0,1,8766.0,84,8768.0,50,8770.0,5,8772.0,7,8764.0
PK411,,13:39:28.500#,8624.0,8774.0,8624.0,9214.0,8006.0,25617,62343,8752.0,4,8756.0,139,8758.0,6,8760.0,107,8762.0,15,8764.0,1,8766.0,94,8768.0,40,8770.0,5,8772.0,7,8764.0
PK411,,13:39:28.750#,8624.0,8774.0,8624.0,9214.0,8006.0,25617,62343,8752.0,4,8756.0,139,8758.0,6,8760.0,107,8762.0,15,8764.0,1,8766.0,104,8768.0,30,8770.0,4,8772.0,7,8764.0
PK411,,13:39:32.750#,8624.0,8774.0,8624.0,9214.0,8006.0,25617,62343,8752.0,4,8756.0,139,8758.0,6,8760.0,97,8762.0,32,8764.0,1,8766.0,104,8768.0,30,8770.0,4,8772.0,7,8764.0
PK411,,13:39:33.0#,8624.0,8774.0,8624.0,9214.0,8006.0,25617,62343,8752.0,4,8756.0,139,8758.0,6,8760.0,97,8762.0,32,8764.0,1,8766.0,94,8768.0,40,8770.0,4,8772.0,7,8764.0
PK411,,13:39:33.250#,8624.0,8774.0,8624.0,9214.0,8006.0,25617,62343,8752.0,4,8756.0,139,8758.0,6,8760.0,97,8762.0,40,8764.0,1,8766.0,94,8768.0,40,8770.0,4,8772.0,7,8764.0
PK411,,13:39:34.250#,8624.0,8774.0,8624.0,9214.0,8006.0,25617,62343,8752.0,4,8756.0,139,8758.0,6,8760.0,97,8762.0,50,8764.0,1,8766.0,94,8768.0,40,8770.0,4,8772.0,7,8764.0
PK411,,13:39:34.500#,8624.0,8774.0,8624.0,9214.0,8006.0,25617,62343,8752.0,4,8756.0,139,8758.0,6,8760.0,87,8762.0,50,8764.0,1,8766.0,74,8768.0,50,8770.0,4,8772.0,7,8764.0
PK411,,13:39:34.750#,8624.0,8774.0,8624.0,9214.0,8006.0,25617,62343,8752.0,4,8756.0,139,8758.0,6,8760.0,97,8762.0,50,8764.0,1,8766.0,84,8768.0,50,8770.0,4,8772.0,7,8764.0
PK411,,13:39:39.250#,8624.0,8774.0,8624.0,9214.0,8006.0,25617,62343,8752.0,4,8756.0,139,8758.0,6,8760.0,97,8762.0,51,8764.0,1,8766.0,84,8768.0,50,8770.0,4,8772.0,7,8764.0
PK411,,13:39:42.500#,8624.0,8774.0,8624.0,9214.0,8006.0,25617,62343,8752.0,4,8756.0,139,8758.0,6,8760.0,87,8762.0,51,8764.0,1,8766.0,74,8768.0,50,8770.0,4,8772.0,7,8764.0
PK411,,13:39:42.750#,8624.0,8774.0,8624.0,9214.0,8006.0,25617,62343,8752.0,4,8756.0,139,8758.0,6,8760.0,97,8762.0,51,8764.0,1,8766.0,84,8768.0,50,8770.0,4,8772.0,7,8764.0
PK411,,13:39:45.750#,8624.0,8774.0,8624.0,9214.0,8006.0,25617,62343,8752.0,4,8756.0,139,8758.0,6,8760.0,97,8762.0,41,8764.0,1,8766.0,84,8768.0,50,8770.0,4,8772.0,7,8764.0
PK411,,13:39:46.0#,8624.0,8774.0,8624.0,9214.0,8006.0,25617,62343,8752.0,4,8756.0,139,8758.0,16,8760.0,97,8762.0,31,8764.0,2,8766.0,94,8768.0,40,8770.0,4,8772.0,7,8764.0
PK411,,13:39:46.250#,8624.0,8774.0,8624.0,9214.0,8006.0,25617,62343,8752.0,4,8756.0,139,8758.0,6,8760.0,107,8762.0,31,8764.0,1,8766.0,104,8768.0,30,8770.0,4,8772.0,7,8764.0
PK411,,13:39:46.750#,8624.0,8774.0,8624.0,9214.0,8006.0,25624,62340,8752.0,4,8756.0,139,8758.0,6,8760.0,107,8762.0,19,8764.0,8,8766.0,104,8768.0,30,8770.0,4,8772.0,7,8762.0
PK411,,13:39:47.0#,8624.0,8774.0,8624.0,9214.0,8006.0,25624,62340,8752.0,4,8756.0,139,8758.0,6,8760.0,107,8762.0,22,8764.0,10,8766.0,102,8768.0,30,8770.0,4,8772.0,7,8762.0
PK411,,13:39:49.250#,8624.0,8774.0,8624.0,9214.0,8006.0,25625,62341,8752.0,4,8756.0,139,8758.0,6,8760.0,107,8762.0,21,8764.0,10,8766.0,102,8768.0,30,8770.0,4,8772.0,7,8762.0
PK411,,13:39:50.750#,8624.0,8774.0,8624.0,9214.0,8006.0,25625,62341,8752.0,4,8756.0,139,8758.0,6,8760.0,97,8762.0,21,8764.0,10,8766.0,92,8768.0,30,8770.0,4,8772.0,7,8762.0
PK411,,13:39:51.0#,8624.0,8774.0,8624.0,9214.0,8006.0,25625,62341,8752.0,4,8756.0,139,8758.0,6,8760.0,107,8762.0,21,8764.0,3,8766.0,102,8768.0,30,8770.0,4,8772.0,7,8762.0
PK411,,13:39:51.250#,8624.0,8774.0,8624.0,9214.0,8006.0,25625,62341,8752.0,4,8756.0,139,8758.0,6,8760.0,107,8762.0,21,8764.0,1,8766.0,104,8768.0,30,8770.0,4,8772.0,7,8762.0
PK411,,13:39:51.500#,8624.0,8774.0,8624.0,9214.0,8006.0,25626,62341,8752.0,4,8756.0,139,8758.0,6,8760.0,107,8762.0,20,8764.0,1,8766.0,104,8768.0,30,8770.0,4,8772.0,7,8762.0
PK411,,13:39:55.0#,8624.0,8774.0,8624.0,9214.0,8006.0,25626,62341,8752.0,4,8756.0,139,8758.0,6,8760.0,107,8762.0,20,8764.0,8,8766.0,104,8768.0,30,8770.0,4,8772.0,7,8762.0
PK411,,13:39:55.250#,8624.0,8774.0,8624.0,9214.0,8006.0,25626,62341,8752.0,4,8756.0,139,8758.0,6,8760.0,107,8762.0,20,8764.0,10,8766.0,102,8768.0,30,8770.0,4,8772.0,7,8762.0
PK411,,13:39:55.500#,8624.0,8774.0,8624.0,9214.0,8006.0,25626,62341,8752.0,4,8756.0,139,8758.0,6,8760.0,107,8762.0,20,8764.0,10,8766.0,102,8768.0,30,8770.0,4,8772.0,7,8762.0
PK411,,13:39:58.250#,8624.0,8774.0,8624.0,9214.0,8006.0,25626,62341,8752.0,4,8756.0,139,8758.0,6,8760.0,107,8762.0,30,8764.0,10,8766.0,102,8768.0,30,8770.0,4,8772.0,7,8762.0
PK411,,13:39:58.500#,8624.0,8774.0,8624.0,9214.0,8006.0,25626,62341,8752.0,4,8756.0,139,8758.0,6,8760.0,97,8762.0,40,8764.0,3,8766.0,82,8768.0,50,8770.0,4,8772.0,7,8762.0
PK411,,13:39:58.750#,8624.0,8774.0,8624.0,9214.0,8006.0,25626,62341,8752.0,4,8756.0,139,8758.0,6,8760.0,97,8762.0,40,8764.0,1,8766.0,84,8768.0,50,8770.0,4,8772.0,7,8762.0
PK411,,13:40:03.0#,8624.0,8774.0,8624.0,9214.0,8006.0,25627,62340,8752.0,4,8756.0,139,8758.0,6,8760.0,97,8762.0,39,8764.0,1,8766.0,84,8768.0,50,8770.0,4,8772.0,7,8762.0
PK411,,13:40:03.500#,8624.0,8774.0,8624.0,9214.0,8006.0,25656,62350,8756.0,139,8758.0,6,8760.0,77,8762.0,37,8764.0,15,8766.0,52,8768.0,50,8770.0,4,8772.0,7,8774.0,7,8766.0
PK411,,13:40:03.750#,8624.0,8774.0,8624.0,9214.0,8006.0,25656,62350,8756.0,139,8758.0,5,8760.0,67,8762.0,65,8764.0,17,8766.0,12,8768.0,110,8770.0,5,8772.0,8,8774.0,7,8766.0
PK411,,13:40:04.0#,8624.0,8774.0,8624.0,9214.0,8006.0,25656,62350,8756.0,139,8758.0,5,8760.0,27,8762.0,95,8764.0,27,8766.0,2,8768.0,90,8770.0,35,8772.0,8,8774.0,7,8766.0
PK411,,13:40:04.250#,8624.0,8774.0,8624.0,9214.0,8006.0,25656,62350,8756.0,139,8758.0,5,8760.0,17,8762.0,105,8764.0,27,8768.0,98,8770.0,45,8772.0,8,8774.0,7,8776.0,31,8766.0
PK411,,13:40:04.500#,8624.0,8774.0,8624.0,9214.0,8006.0,25656,62350,8756.0,139,8758.0,5,8760.0,37,8762.0,85,8764.0,27,8768.0,118,8770.0,25,8772.0,8,8774.0,7,8776.0,31,8766.0
PK411,,13:40:04.750#,8624.0,8774.0,8624.0,9214.0,8006.0,25656,62350,8756.0,139,8758.0,5,8760.0,37,8762.0,73,8764.0,29,8768.0,119,8770.0,15,8772.0,8,8774.0,7,8776.0,31,8766.0
PK411,,13:40:05.0#,8624.0,8774.0,8624.0,9214.0,8006.0,25662,62344,8756.0,139,8758.0,5,8760.0,37,8762.0,83,8764.0,23,8766.0,1,8768.0,113,8770.0,15,8772.0,8,8774.0,7,8764.0
PK411,,13:40:05.250#,8624.0,8774.0,8624.0,9214.0,8006.0,25662,62344,8756.0,139,8758.0,5,8760.0,17,8762.0,101,8764.0,29,8766.0,1,8768.0,93,8770.0,35,8772.0,7,8774.0,7,8764.0
PK411,,13:40:05.500#,8624.0,8774.0,8624.0,9214.0,8006.0,25662,62344,8756.0,139,8758.0,5,8760.0,17,8762.0,99,8764.0,31,8766.0,1,8768.0,103,8770.0,25,8772.0,7,8774.0,7,8764.0
PK411,,13:40:14.0#,8624.0,8774.0,8624.0,9214.0,8006.0,25662,62344,8756.0,139,8758.0,5,8760.0,17,8762.0,99,8764.0,29,8766.0,1,8768.0,103,8770.0,25,8772.0,7,8774.0,7,8764.0
PK411,,13:40:14.250#,8624.0,8774.0,8624.0,9214.0,8006.0,25662,62344,8756.0,139,8758.0,5,8760.0,17,8762.0,99,8764.0,27,8766.0,1,8768.0,103,8770.0,25,8772.0,7,8774.0,7,8764.0
PK411,,13:40:14.500#,8624.0,8774.0,8624.0,9214.0,8006.0,25662,62344,8756.0,139,8758.0,5,8760.0,17,8762.0,89,8764.0,27,8766.0,1,8768.0,93,8770.0,25,8772.0,7,8774.0,7,8764.0
PK411,,13:40:14.750#,8624.0,8774.0,8624.0,9214.0,8006.0,25663,62344,8756.0,139,8758.0,5,8760.0,17,8762.0,89,8764.0,27,8766.0,5,8768.0,93,8770.0,25,8772.0,7,8774.0,7,8766.0
PK411,,13:40:15.0#,8624.0,8774.0,8624.0,9214.0,8006.0,25663,62344,8756.0,139,8758.0,5,8760.0,17,8762.0,89,8764.0,27,8766.0,5,8768.0,93,8770.0,25,8772.0,8,8774.0,7,8766.0
PK411,,13:40:15.500#,8624.0,8774.0,8624.0,9214.0,8006.0,25663,62344,8756.0,139,8758.0,5,8760.0,17,8762.0,79,8764.0,27,8766.0,5,8768.0,83,8770.0,25,8772.0,8,8774.0,7,8766.0
PK411,,13:40:15.750#,8624.0,8774.0,8624.0,9214.0,8006.0,25663,62344,8756.0,139,8758.0,5,8760.0,17,8762.0,89,8764.0,27,8766.0,5,8768.0,83,8770.0,35,8772.0,8,8774.0,7,8766.0
PK411,,13:40:16.500#,8624.0,8774.0,8624.0,9214.0,8006.0,25664,62343,8756.0,139,8758.0,5,8760.0,17,8762.0,89,8764.0,26,8766.0,5,8768.0,83,8770.0,35,8772.0,8,8774.0,7,8764.0
PK411,,13:40:17.0#,8624.0,8774.0,8624.0,9214.0,8006.0,25666,62343,8756.0,139,8758.0,5,8760.0,17,8762.0,89,8764.0,26,8766.0,3,8768.0,83,8770.0,35,8772.0,8,8774.0,7,8766.0
PK411,,13:40:17.250#,8624.0,8774.0,8624.0,9214.0,8006.0,25666,62343,8756.0,139,8758.0,5,8760.0,17,8762.0,89,8764.0,26,8766.0,3,8768.0,93,8770.0,25,8772.0,8,8774.0,7,8766.0
PK411,,13:40:21.250#,8624.0,8774.0,8624.0,9214.0,8006.0,25666,62343,8756.0,139,8758.0,5,8760.0,17,8762.0,89,8764.0,27,8766.0,3,8768.0,93,8770.0,25,8772.0,8,8774.0,7,8766.0
PK411,,13:40:21.500#,8624.0,8774.0,8624.0,9214.0,8006.0,25666,62343,8756.0,139,8758.0,5,8760.0,17,8762.0,99,8764.0,27,8766.0,3,8768.0,113,8770.0,15,8772.0,8,8774.0,7,8766.0
PK411,,13:40:21.750#,8624.0,8774.0,8624.0,9214.0,8006.0,25666,62343,8756.0,139,8758.0,5,8760.0,17,8762.0,99,8764.0,28,8766.0,3,8768.0,103,8770.0,25,8772.0,8,8774.0,7,8766.0
PK411,,13:40:22.0#,8624.0,8774.0,8624.0,9214.0,8006.0,25666,62343,8756.0,139,8758.0,5,8760.0,17,8762.0,99,8764.0,28,8766.0,3,8768.0,113,8770.0,15,8772.0,8,8774.0,7,8766.0
PK411,,13:40:22.250#,8624.0,8774.0,8624.0,9214.0,8006.0,25666,62343,8756.0,139,8758.0,5,8760.0,17,8762.0,99,8764.0,27,8766.0,3,8768.0,103,8770.0,25,8772.0,8,8774.0,7,8766.0
PK411,,13:40:22.500#,8624.0,8774.0,8624.0,9214.0,8006.0,25666,62343,8756.0,139,8758.0,5,8760.0,17,8762.0,99,8764.0,28,8766.0,3,8768.0,103,8770.0,25,8772.0,8,8774.0,7,8766.0
PK411,,13:40:29.0#,8624.0,8774.0,8624.0,9214.0,8006.0,25666,62343,8756.0,139,8758.0,5,8760.0,17,8762.0,99,8764.0,28,8766.0,9,8768.0,103,8770.0,25,8772.0,8,8774.0,7,8766.0
PK411,,13:40:29.250#,8624.0,8774.0,8624.0,9214.0,8006.0,25666,62343,8756.0,139,8758.0,5,8760.0,27,8762.0,89,8764.0,27,8766.0,21,8768.0,101,8770.0,15,8772.0,8,8774.0,7,8766.0
PK411,,13:40:29.500#,8624.0,8774.0,8624.0,9214.0,8006.0,25666,62343,8756.0,139,8758.0,5,8760.0,17,8762.0,99,8764.0,27,8766.0,22,8768.0,101,8770.0,15,8772.0,8,8774.0,7,8766.0
PK411,,13:40:31.500#,8624.0,8774.0,8624.0,9214.0,8006.0,25666,62343,8756.0,139,8758.0,5,8760.0,17,8762.0,99,8764.0,27,8766.0,19,8768.0,101,8770.0,15,8772.0,8,8774.0,7,8766.0
PK411,,13:40:31.750#,8624.0,8774.0,8624.0,9214.0,8006.0,25666,62343,8756.0,139,8758.0,5,8760.0,17,8762.0,89,8764.0,27,8766.0,19,8768.0,91,8770.0,15,8772.0,8,8774.0,7,8766.0
PK411,,13:40:32.0#,8624.0,8774.0,8624.0,9214.0,8006.0,25666,62343,8756.0,139,8758.0,5,8760.0,17,8762.0,99,8764.0,27,8766.0,20,8768.0,101,8770.0,15,8772.0,8,8774.0,7,8766.0
PK411,,13:40:34.0#,8624.0,8774.0,8624.0,9214.0,8006.0,25666,62343,8756.0,139,8758.0,5,8760.0,17,8762.0,99,8764.0,27,8766.0,19,8768.0,101,8770.0,15,8772.0,8,8774.0,7,8766.0
PK411,,13:40:34.500#,8624.0,8774.0,8624.0,9214.0,8006.0,25666,62343,8756.0,139,8758.0,5,8760.0,17,8762.0,99,8764.0,27,8766.0,18,8768.0,101,8770.0,15,8772.0,8,8774.0,7,8766.0
PK411,,13:40:35.250#,8624.0,8774.0,8624.0,9214.0,8006.0,25666,62343,8756.0,139,8758.0,5,8760.0,17,8762.0,99,8764.0,27,8766.0,18,8768.0,101,8770.0,15,8772.0,8,8774.0,7,8766.0
PK411,,13:40:35.500#,8624.0,8774.0,8624.0,9214.0,8006.0,25666,62343,8756.0,139,8758.0,5,8760.0,17,8762.0,99,8764.0,27,8766.0,16,8768.0,101,8770.0,15,8772.0,8,8774.0,7,8766.0
PK411,,13:40:35.750#,8624.0,8774.0,8624.0,9214.0,8006.0,25666,62343,8756.0,139,8758.0,5,8760.0,17,8762.0,99,8764.0,27,8766.0,16,8768.0,91,8770.0,25,8772.0,8,8774.0,7,8766.0
PK411,,13:40:36.0#,8624.0,8774.0,8624.0,9214.0,8006.0,25666,62343,8756.0,139,8758.0,5,8760.0,17,8762.0,99,8764.0,27,8766.0,16,8768.0,101,8770.0,15,8772.0,8,8774.0,7,8766.0
PK411,,13:40:36.250#,8624.0,8774.0,8624.0,9214.0,8006.0,25667,62343,8756.0,139,8758.0,5,8760.0,17,8762.0,99,8764.0,26,8766.0,16,8768.0,101,8770.0,15,8772.0,8,8774.0,7,8764.0
PK411,,13:40:36.500#,8624.0,8774.0,8624.0,9214.0,8006.0,25667,62343,8756.0,139,8758.0,5,8760.0,27,8762.0,89,8764.0,26,8766.0,16,8768.0,91,8770.0,25,8772.0,8,8774.0,7,8764.0
PK411,,13:40:36.750#,8624.0,8774.0,8624.0,9214.0,8006.0,25667,62343,8756.0,139,8758.0,5,8760.0,27,8762.0,89,8764.0,26,8766.0,16,8768.0,101,8770.0,15,8772.0,8,8774.0,7,8764.0
PK411,,13:40:37.0#,8624.0,8774.0,8624.0,9214.0,8006.0,25667,62343,8756.0,139,8758.0,5,8760.0,27,8762.0,89,8764.0,26,8766.0,16,8768.0,102,8770.0,15,8772.0,8,8774.0,7,8764.0
PK411,,13:40:37.250#,8624.0,8774.0,8624.0,9214.0,8006.0,25667,62343,8756.0,139,8758.0,5,8760.0,17,8762.0,99,8764.0,27,8766.0,31,8768.0,102,8770.0,15,8772.0,8,8774.0,7,8764.0
PK411,,13:40:37.500#,8624.0,8774.0,8624.0,9214.0,8006.0,25667,62343,8756.0,139,8758.0,5,8760.0,47,8762.0,79,8764.0,17,8766.0,41,8768.0,102,8770.0,5,8772.0,8,8774.0,7,8764.0
PK411,,13:40:38.0#,8624.0,8774.0,8624.0,9214.0,8006.0,25667,62343,8756.0,139,8758.0,5,8760.0,37,8762.0,89,8764.0,17,8766.0,41,8768.0,102,8770.0,5,8772.0,8,8774.0,7,8764.0
PK411,,13:40:38.250#,8624.0,8774.0,8624.0,9214.0,8006.0,25670,62343,8756.0,139,8758.0,5,8760.0,37,8762.0,89,8764.0,14,8766.0,38,8768.0,102,8770.0,5,8772.0,8,8774.0,7,8764.0
PK411,,13:40:38.500#,8624.0,8774.0,8624.0,9214.0,8006.0,25674,62345,8756.0,139,8758.0,5,8760.0,37,8762.0,89,8764.0,10,8766.0,34,8768.0,102,8770.0,5,8772.0,8,8774.0,7,8764.0
PK411,,13:40:41.500#,8624.0,8774.0,8624.0,9214.0,8006.0,25674,62345,8756.0,139,8758.0,5,8760.0,37,8762.0,89,8764.0,10,8766.0,34,8768.0,103,8770.0,5,8772.0,8,8774.0,7,8764.0
PK411,,13:40:42.0#,8624.0,8774.0,8624.0,9214.0,8006.0,25674,62345,8756.0,139,8758.0,5,8760.0,35,8762.0,79,8764.0,10,8766.0,44,8768.0,93,8770.0,5,8772.0,8,8774.0,7,8764.0
PK411,,13:40:42.250#,8624.0,8774.0,8624.0,9214.0,8006.0,25675,62346,8756.0,139,8758.0,5,8760.0,45,8762.0,79,8764.0,9,8766.0,44,8768.0,103,8770.0,5,8772.0,8,8774.0,7,8764.0
PK411,,13:40:42.500#,8624.0,8774.0,8624.0,9214.0,8006.0,25675,62346,8756.0,139,8758.0,5,8760.0,45,8762.0,79,8764.0,10,8766.0,44,8768.0,103,8770.0,5,8772.0,7,8774.0,7,8764.0
PK411,,13:40:43.0#,8624.0,8774.0,8624.0,9214.0,8006.0,25685,62352,8754.0,1,8756.0,139,8758.0,5,8760.0,45,8762.0,79,8764.0,2,8766.0,37,8768.0,103,8770.0,5,8772.0,7,8764.0
PK411,,13:40:43.250#,8624.0,8774.0,8624.0,9214.0,8006.0,25685,62352,8754.0,1,8756.0,139,8758.0,6,8760.0,75,8762.0,51,8764.0,3,8766.0,57,8768.0,83,8770.0,5,8772.0,7,8764.0
PK411,,13:40:43.500#,8624.0,8774.0,8624.0,9214.0,8006.0,25686,62351,8754.0,1,8756.0,139,8758.0,6,8760.0,105,8762.0,20,8764.0,3,8766.0,77,8768.0,63,8770.0,4,8772.0,7,8762.0
PK411,,13:40:43.750#,8624.0,8774.0,8624.0,9214.0,8006.0,25686,62351,8754.0,1,8756.0,139,8758.0,6,8760.0,105,8762.0,31,8764.0,3,8766.0,87,8768.0,53,8770.0,4,8772.0,7,8762.0
PK411,,13:40:44.0#,8624.0,8774.0,8624.0,9214.0,8006.0,25686,62351,8754.0,1,8756.0,139,8758.0,6,8760.0,105,8762.0,29,8764.0,3,8766.0,87,8768.0,53,8770.0,4,8772.0,7,8762.0
PK411,,13:40:44.250#,8624.0,8774.0,8624.0,9214.0,8006.0,25686,62351,8754.0,1,8756.0,139,8758.0,6,8760.0,105,8762.0,21,8764.0,3,8766.0,77,8768.0,63,8770.0,4,8772.0,7,8762.0
PK411,,13:40:44.500#,8624.0,8774.0,8624.0,9214.0,8006.0,25686,62351,8754.0,1,8756.0,139,8758.0,6,8760.0,105,8762.0,31,8764.0,3,8766.0,77,8768.0,63,8770.0,4,8772.0,7,8762.0
PK411,,13:40:44.750#,8624.0,8774.0,8624.0,9214.0,8006.0,25686,62351,8754.0,1,8756.0,139,8758.0,6,8760.0,105,8762.0,29,8764.0,3,8766.0,77,8768.0,63,8770.0,4,8772.0,7,8762.0
PK411,,13:40:45.0#,8624.0,8774.0,8624.0,9214.0,8006.0,25686,62351,8754.0,1,8756.0,139,8758.0,6,8760.0,105,8762.0,21,8764.0,3,8766.0,87,8768.0,53,8770.0,4,8772.0,7,8762.0
PK411,,13:40:45.250#,8624.0,8774.0,8624.0,9214.0,8006.0,25686,62351,8754.0,1,8756.0,139,8758.0,6,8760.0,105,8762.0,31,8764.0,3,8766.0,87,8768.0,53,8770.0,4,8772.0,7,8762.0
PK411,,13:40:45.500#,8624.0,8774.0,8624.0,9214.0,8006.0,25686,62351,8754.0,1,8756.0,139,8758.0,6,8760.0,105,8762.0,29,8764.0,3,8766.0,87,8768.0,53,8770.0,4,8772.0,7,8762.0
PK411,,13:40:45.750#,8624.0,8774.0,8624.0,9214.0,8006.0,25686,62351,8754.0,1,8756.0,139,8758.0,6,8760.0,105,8762.0,21,8764.0,3,8766.0,87,8768.0,53,8770.0,4,8772.0,7,8762.0
PK411,,13:40:46.0#,8624.0,8774.0,8624.0,9214.0,8006.0,25686,62351,8754.0,1,8756.0,139,8758.0,6,8760.0,105,8762.0,31,8764.0,3,8766.0,87,8768.0,53,8770.0,4,8772.0,7,8762.0
PK411,,13:40:46.250#,8624.0,8774.0,8624.0,9214.0,8006.0,25686,62351,8754.0,1,8756.0,139,8758.0,6,8760.0,105,8762.0,29,8764.0,3,8766.0,87,8768.0,53,8770.0,4,8772.0,7,8762.0
PK411,,13:40:46.500#,8624.0,8774.0,8624.0,9214.0,8006.0,25686,62351,8754.0,1,8756.0,139,8758.0,6,8760.0,105,8762.0,21,8764.0,3,8766.0,87,8768.0,53,8770.0,4,8772.0,7,8762.0
PK411,,13:40:46.750#,8624.0,8774.0,8624.0,9214.0,8006.0,25686,62351,8754.0,1,8756.0,139,8758.0,6,8760.0,105,8762.0,31,8764.0,3,8766.0,97,8768.0,43,8770.0,4,8772.0,7,8762.0
PK411,,13:40:47.0#,8624.0,8774.0,8624.0,9214.0,8006.0,25686,62351,8754.0,1,8756.0,139,8758.0,6,8760.0,105,8762.0,29,8764.0,3,8766.0,107,8768.0,33,8770.0,4,8772.0,7,8762.0
PK411,,13:40:47.250#,8624.0,8774.0,8624.0,9214.0,8006.0,25686,62351,8754.0,1,8756.0,139,8758.0,6,8760.0,105,8762.0,21,8764.0,3,8766.0,107,8768.0,33,8770.0,4,8772.0,7,8762.0
PK411,,13:40:47.500#,8624.0,8774.0,8624.0,9214.0,8006.0,25688,62351,8754.0,1,8756.0,139,8758.0,6,8760.0,105,8762.0,31,8764.0,1,8766.0,107,8768.0,33,8770.0,4,8772.0,7,8764.0
PK411,,13:40:47.750#,8624.0,8774.0,8624.0,9214.0,8006.0,25688,62351,8754.0,1,8756.0,139,8758.0,6,8760.0,105,8762.0,29,8764.0,3,8766.0,107,8768.0,33,8770.0,4,8772.0,7,8764.0
PK411,,13:40:48.0#,8624.0,8774.0,8624.0,9214.0,8006.0,25688,62351,8754.0,1,8756.0,139,8758.0,6,8760.0,105,8762.0,21,8764.0,3,8766.0,107,8768.0,33,8770.0,4,8772.0,7,8764.0
PK411,,13:40:48.250#,8624.0,8774.0,8624.0,9214.0,8006.0,25688,62351,8754.0,1,8756.0,139,8758.0,6,8760.0,105,8762.0,31,8764.0,3,8766.0,107,8768.0,33,8770.0,4,8772.0,7,8764.0
PK411,,13:40:48.500#,8624.0,8774.0,8624.0,9214.0,8006.0,25688,62351,8754.0,1,8756.0,139,8758.0,6,8760.0,105,8762.0,29,8764.0,3,8766.0,107,8768.0,33,8770.0,4,8772.0,7,8764.0
PK411,,13:40:48.750#,8624.0,8774.0,8624.0,9214.0,8006.0,25688,62351,8754.0,1,8756.0,139,8758.0,6,8760.0,105,8762.0,21,8764.0,3,8766.0,107,8768.0,33,8770.0,4,8772.0,7,8764.0
PK411,,13:40:49.0#,8624.0,8774.0,8624.0,9214.0,8006.0,25688,62351,8754.0,1,8756.0,139,8758.0,6,8760.0,105,8762.0,31,8764.0,3,8766.0,107,8768.0,33,8770.0,4,8772.0,7,8764.0
PK411,,13:40:49.250#,8624.0,8774.0,8624.0,9214.0,8006.0,25688,62351,8754.0,1,8756.0,139,8758.0,6,8760.0,105,8762.0,29,8764.0,3,8766.0,107,8768.0,33,8770.0,4,8772.0,7,8764.0
PK411,,13:40:49.500#,8624.0,8774.0,8624.0,9214.0,8006.0,25688,62351,8754.0,1,8756.0,139,8758.0,6,8760.0,105,8762.0,21,8764.0,3,8766.0,107,8768.0,33,8770.0,4,8772.0,7,8764.0
PK411,,13:40:49.750#,8624.0,8774.0,8624.0,9214.0,8006.0,25688,62351,8754.0,1,8756.0,139,8758.0,6,8760.0,105,8762.0,31,8764.0,3,8766.0,107,8768.0,33,8770.0,4,8772.0,7,8764.0
PK411,,13:40:50.0#,8624.0,8774.0,8624.0,9214.0,8006.0,25688,62351,8754.0,1,8756.0,139,8758.0,6,8760.0,105,8762.0,29,8764.0,3,8766.0,107,8768.0,33,8770.0,4,8772.0,7,8764.0
PK411,,13:40:50.250#,8624.0,8774.0,8624.0,9214.0,8006.0,25688,62351,8754.0,1,8756.0,139,8758.0,6,8760.0,105,8762.0,21,8764.0,3,8766.0,107,8768.0,33,8770.0,4,8772.0,7,8764.0
PK411,,13:40:50.500#,8624.0,8774.0,8624.0,9214.0,8006.0,25688,62351,8754.0,1,8756.0,139,8758.0,6,8760.0,105,8762.0,31,8764.0,3,8766.0,107,8768.0,33,8770.0,4,8772.0,7,8764.0
PK411,,13:40:50.750#,8624.0,8774.0,8624.0,9214.0,8006.0,25688,62351,8754.0,1,8756.0,139,8758.0,6,8760.0,105,8762.0,29,8764.0,3,8766.0,107,8768.0,33,8770.0,4,8772.0,7,8764.0
PK411,,13:40:51.0#,8624.0,8774.0,8624.0,9214.0,8006.0,25688,62351,8754.0,1,8756.0,139,8758.0,6,8760.0,105,8762.0,21,8764.0,3,8766.0,107,8768.0,33,8770.0,4,8772.0,7,8764.0
PK411,,13:40:51.250#,8624.0,8774.0,8624.0,9214.0,8006.0,25688,62351,8754.0,1,8756.0,139,8758.0,6,8760.0,105,8762.0,31,8764.0,3,8766.0,107,8768.0,33,8770.0,4,8772.0,7,8764.0
PK411,,13:40:51.500#,8624.0,8774.0,8624.0,9214.0,8006.0,25689,62351,8754.0,1,8756.0,139,8758.0,6,8760.0,105,8762.0,29,8764.0,2,8766.0,107,8768.0,33,8770.0,4,8772.0,7,8764.0
PK411,,13:40:51.750#,8624.0,8774.0,8624.0,9214.0,8006.0,25689,62351,8754.0,1,8756.0,139,8758.0,6,8760.0,105,8762.0,21,8764.0,3,8766.0,107,8768.0,33,8770.0,4,8772.0,7,8764.0
PK411,,13:40:52.0#,8624.0,8774.0,8624.0,9214.0,8006.0,25689,62351,8754.0,1,8756.0,139,8758.0,6,8760.0,105,8762.0,31,8764.0,3,8766.0,107,8768.0,33,8770.0,4,8772.0,7,8764.0
PK411,,13:40:52.250#,8624.0,8774.0,8624.0,9214.0,8006.0,25689,62351,8754.0,1,8756.0,139,8758.0,6,8760.0,105,8762.0,29,8764.0,3,8766.0,107,8768.0,33,8770.0,4,8772.0,7,8764.0
PK411,,13:40:52.500#,8624.0,8774.0,8624.0,9214.0,8006.0,25689,62351,8754.0,1,8756.0,139,8758.0,6,8760.0,105,8762.0,21,8764.0,3,8766.0,107,8768.0,33,8770.0,4,8772.0,7,8764.0
PK411,,13:40:52.750#,8624.0,8774.0,8624.0,9214.0,8006.0,25689,62351,8754.0,1,8756.0,139,8758.0,6,8760.0,105,8762.0,31,8764.0,3,8766.0,107,8768.0,33,8770.0,4,8772.0,7,8764.0
PK411,,13:40:53.0#,8624.0,8774.0,8624.0,9214.0,8006.0,25689,62351,8754.0,1,8756.0,139,8758.0,6,8760.0,105,8762.0,29,8764.0,3,8766.0,107,8768.0,33,8770.0,4,8772.0,7,8764.0
PK411,,13:40:53.250#,8624.0,8774.0,8624.0,9214.0,8006.0,25689,62351,8754.0,1,8756.0,139,8758.0,6,8760.0,105,8762.0,21,8764.0,3,8766.0,107,8768.0,33,8770.0,4,8772.0,7,8764.0
PK411,,13:40:53.500#,8624.0,8774.0,8624.0,9214.0,8006.0,25689,62351,8754.0,1,8756.0,139,8758.0,6,8760.0,105,8762.0,32,8764.0,3,8766.0,107,8768.0,33,8770.0,4,8772.0,7,8764.0
PK411,,13:40:53.750#,8624.0,8774.0,8624.0,9214.0,8006.0,25689,62351,8754.0,1,8756.0,139,8758.0,6,8760.0,105,8762.0,30,8764.0,3,8766.0,107,8768.0,33,8770.0,4,8772.0,7,8764.0
PK411,,13:40:54.0#,8624.0,8774.0,8624.0,9214.0,8006.0,25689,62351,8754.0,1,8756.0,139,8758.0,6,8760.0,105,8762.0,22,8764.0,3,8766.0,107,8768.0,33,8770.0,4,8772.0,7,8764.0
PK411,,13:40:54.250#,8624.0,8774.0,8624.0,9214.0,8006.0,25689,62351,8754.0,1,8756.0,139,8758.0,6,8760.0,105,8762.0,32,8764.0,3,8766.0,107,8768.0,33,8770.0,4,8772.0,7,8764.0
PK411,,13:40:54.500#,8624.0,8774.0,8624.0,9214.0,8006.0,25690,62350,8754.0,1,8756.0,139,8758.0,6,8760.0,105,8762.0,29,8764.0,3,8766.0,107,8768.0,33,8770.0,4,8772.0,7,8762.0
PK411,,13:40:55.0#,8624.0,8774.0,8624.0,9214.0,8006.0,25690,62350,8754.0,1,8756.0,139,8758.0,6,8760.0,95,8762.0,29,8764.0,3,8766.0,97,8768.0,33,8770.0,4,8772.0,7,8762.0
PK411,,13:40:55.250#,8624.0,8774.0,8624.0,9214.0,8006.0,25690,62350,8754.0,1,8756.0,139,8758.0,6,8760.0,105,8762.0,29,8764.0,3,8766.0,107,8768.0,33,8770.0,4,8772.0,7,8762.0
PK411,,13:40:55.500#,8624.0,8774.0,8624.0,9214.0,8006.0,25690,62350,8754.0,1,8756.0,139,8758.0,6,8760.0,105,8762.0,29,8764.0,3,8766.0,107,8768.0,33,8770.0,4,8772.0,7,8762.0
PK411,,13:40:56.250#,8624.0,8774.0,8624.0,9214.0,8006.0,25697,62350,8754.0,1,8756.0,139,8758.0,6,8760.0,105,8762.0,22,8764.0,6,8766.0,107,8768.0,33,8770.0,4,8772.0,7,8762.0
PK411,,13:40:56.500#,8624.0,8774.0,8624.0,9214.0,8006.0,25697,62350,8754.0,1,8756.0,139,8758.0,6,8760.0,105,8762.0,22,8764.0,13,8766.0,105,8768.0,33,8770.0,4,8772.0,7,8762.0
PK411,,13:40:56.750#,8624.0,8774.0,8624.0,9214.0,8006.0,25704,62350,8754.0,1,8756.0,139,8758.0,6,8760.0,105,8762.0,22,8764.0,5,8766.0,105,8768.0,33,8770.0,4,8772.0,7,8762.0
PK411,,13:40:57.0#,8624.0,8774.0,8624.0,9214.0,8006.0,25704,62350,8754.0,1,8756.0,139,8758.0,6,8760.0,95,8762.0,22,8764.0,4,8766.0,97,8768.0,33,8770.0,4,8772.0,7,8762.0
PK411,,13:40:57.250#,8624.0,8774.0,8624.0,9214.0,8006.0,25705,62349,8754.0,1,8756.0,139,8758.0,6,8760.0,105,8762.0,22,8764.0,3,8766.0,107,8768.0,33,8770.0,4,8772.0,7,8762.0
PK411,,13:40:57.500#,8624.0,8774.0,8624.0,9214.0,8006.0,25705,62349,8754.0,1,8756.0,139,8758.0,6,8760.0,105,8762.0,22,8764.0,4,8766.0,107,8768.0,33,8770.0,4,8772.0,7,8762.0
PK411,,13:40:59.750#,8624.0,8774.0,8624.0,9214.0,8006.0,25706,62348,8754.0,1,8756.0,139,8758.0,6,8760.0,105,8762.0,21,8764.0,8,8766.0,107,8768.0,33,8770.0,4,8772.0,7,8762.0
PK411,,13:41:00.0#,8624.0,8774.0,8624.0,9214.0,8006.0,25706,62348,8754.0,1,8756.0,139,8758.0,26,8760.0,85,8762.0,15,8764.0,26,8766.0,95,8768.0,33,8770.0,4,8772.0,7,8762.0
PK411,,13:41:00.250#,8624.0,8774.0,8624.0,9214.0,8006.0,25706,62348,8754.0,1,8756.0,139,8758.0,26,8760.0,95,8762.0,5,8764.0,36,8766.0,95,8768.0,23,8770.0,4,8772.0,7,8762.0
PK411,,13:41:00.500#,8624.0,8774.0,8624.0,9214.0,8006.0,25730,62350,8752.0,4,8754.0,1,8756.0,139,8758.0,26,8760.0,85,8762.0,3,8764.0,31,8766.0,85,8768.0,23,8770.0,4,8760.0
PK411,,13:41:00.750#,8624.0,8774.0,8624.0,9214.0,8006.0,25740,62350,8752.0,4,8754.0,1,8756.0,140,8758.0,66,8760.0,62,8762.0,2,8764.0,51,8766.0,75,8768.0,23,8770.0,4,8760.0
PK411,,13:41:01.0#,8624.0,8774.0,8624.0,9214.0,8006.0,25746,62345,8752.0,4,8754.0,1,8756.0,140,8758.0,86,8760.0,37,8762.0,2,8764.0,41,8766.0,85,8768.0,22,8770.0,4,8760.0
PK411,,13:41:01.250#,8624.0,8774.0,8624.0,9214.0,8006.0,25746,62345,8752.0,4,8754.0,1,8756.0,140,8758.0,96,8760.0,27,8762.0,2,8764.0,51,8766.0,75,8768.0,22,8770.0,4,8760.0
PK411,,13:41:01.500#,8624.0,8774.0,8624.0,9214.0,8006.0,25746,62345,8752.0,4,8754.0,1,8756.0,140,8758.0,96,8760.0,27,8762.0,2,8764.0,51,8766.0,75,8768.0,22,8770.0,4,8760.0
PK411,,13:41:02.750#,8624.0,8774.0,8624.0,9214.0,8006.0,25746,62345,8752.0,4,8754.0,1,8756.0,140,8758.0,96,8760.0,27,8762.0,2,8764.0,61,8766.0,65,8768.0,22,8770.0,4,8760.0
PK411,,13:41:03.0#,8624.0,8774.0,8624.0,9214.0,8006.0,25746,62345,8752.0,4,8754.0,1,8756.0,140,8758.0,96,8760.0,27,8762.0,2,8764.0,51,8766.0,75,8768.0,22,8770.0,4,8760.0
PK411,,13:41:09.0#,8624.0,8774.0,8624.0,9214.0,8006.0,25768,62342,8750.0,2,8752.0,4,8754.0,1,8756.0,140,8758.0,104,8760.0,5,8762.0,8,8764.0,31,8766.0,85,8768.0,20,8760.0
PK411,,13:41:09.500#,8624.0,8774.0,8624.0,9214.0,8006.0,25786,62333,8752.0,4,8754.0,2,8756.0,190,8758.0,47,8760.0,7,8762.0,13,8764.0,49,8766.0,65,8768.0,20,8770.0,7,8760.0
PK411,,13:41:10.0#,8624.0,8774.0,8624.0,9214.0,8006.0,25797,62333,8752.0,4,8754.0,1,8756.0,200,8758.0,47,8760.0,12,8762.0,20,8764.0,59,8766.0,55,8768.0,18,8770.0,7,8760.0
PK411,,13:41:10.250#,8624.0,8774.0,8624.0,9214.0,8006.0,25797,62333,8752.0,4,8754.0,1,8756.0,190,8758.0,57,8760.0,8,8762.0,20,8764.0,69,8766.0,45,8768.0,18,8770.0,7,8760.0
PK411,,13:41:10.500#,8624.0,8774.0,8624.0,9214.0,8006.0,25805,62333,8752.0,4,8754.0,1,8756.0,180,8758.0,67,8760.0,10,8762.0,20,8764.0,79,8766.0,35,8768.0,18,8770.0,7,8760.0
PK411,,13:41:11.0#,8624.0,8774.0,8624.0,9214.0,8006.0,25818,62330,8750.0,2,8752.0,4,8756.0,170,8758.0,77,8760.0,8,8762.0,20,8764.0,79,8766.0,35,8768.0,18,8770.0,7,8760.0
PK411,,13:41:11.500#,8624.0,8774.0,8624.0,9214.0,8006.0,25828,62330,8750.0,2,8752.0,4,8756.0,160,8758.0,87,8760.0,8,8762.0,19,8764.0,89,8766.0,25,8768.0,18,8770.0,7,8760.0
PK411,,13:41:11.750#,8624.0,8774.0,8624.0,9214.0,8006.0,25828,62330,8750.0,2,8752.0,4,8756.0,150,8758.0,97,8760.0,8,8762.0,24,8764.0,89,8766.0,25,8768.0,18,8770.0,7,8760.0
PK411,,13:41:12.0#,8624.0,8774.0,8624.0,9214.0,8006.0,25838,62330,8750.0,2,8752.0,4,8756.0,150,8758.0,97,8760.0,8,8762.0,22,8764.0,89,8766.0,25,8768.0,18,8770.0,7,8760.0
PK411,,13:41:12.250#,8624.0,8774.0,8624.0,9214.0,8006.0,25838,62330,8750.0,2,8752.0,4,8756.0,150,8758.0,97,8760.0,26,8762.0,14,8764.0,89,8766.0,25,8768.0,18,8770.0,7,8760.0
PK411,,13:41:12.500#,8624.0,8774.0,8624.0,9214.0,8006.0,25838,62330,8750.0,2,8752.0,4,8756.0,140,8758.0,97,8760.0,24,8762.0,4,8764.0,89,8766.0,35,8768.0,18,8770.0,7,8760.0
PK411,,13:41:13.0#,8624.0,8774.0,8624.0,9214.0,8006.0,25840,62331,8750.0,2,8752.0,4,8756.0,140,8758.0,87,8760.0,34,8764.0,86,8766.0,35,8768.0,18,8770.0,7,8772.0,7,8762.0
PK411,,13:41:13.250#,8624.0,8774.0,8624.0,9214.0,8006.0,25840,62331,8750.0,2,8752.0,4,8756.0,140,8758.0,87,8760.0,44,8764.0,66,8766.0,65,8768.0,19,8770.0,7,8772.0,7,8762.0
PK411,,13:41:13.500#,8624.0,8774.0,8624.0,9214.0,8006.0,25840,62331,8750.0,2,8752.0,4,8756.0,140,8758.0,87,8760.0,44,8764.0,45,8766.0,85,8768.0,19,8770.0,7,8772.0,7,8762.0
PK411,,13:41:14.0#,8624.0,8774.0,8624.0,9214.0,8006.0,25840,62331,8750.0,2,8752.0,4,8756.0,140,8758.0,77,8760.0,54,8764.0,23,8766.0,105,8768.0,19,8770.0,4,8772.0,7,8762.0
PK411,,13:41:14.500#,8624.0,8774.0,8624.0,9214.0,8006.0,25840,62331,8750.0,2,8752.0,4,8756.0,140,8758.0,57,8760.0,74,8764.0,23,8766.0,105,8768.0,19,8770.0,4,8772.0,7,8762.0
PK411,,13:41:15.0#,8624.0,8774.0,8624.0,9214.0,8006.0,25840,62331,8750.0,2,8752.0,4,8756.0,140,8758.0,17,8760.0,114,8764.0,21,8766.0,95,8768.0,29,8770.0,4,8772.0,7,8762.0
PK411,,13:41:15.250#,8624.0,8774.0,8624.0,9214.0,8006.0,25840,62331,8750.0,2,8752.0,4,8756.0,140,8758.0,17,8760.0,114,8764.0,21,8766.0,85,8768.0,39,8770.0,4,8772.0,7,8762.0
PK411,,13:41:16.250#,8624.0,8774.0,8624.0,9214.0,8006.0,25840,62331,8750.0,2,8752.0,4,8756.0,140,8758.0,17,8760.0,114,8764.0,21,8766.0,95,8768.0,29,8770.0,4,8772.0,7,8762.0
PK411,,13:41:16.500#,8624.0,8774.0,8624.0,9214.0,8006.0,25840,62331,8750.0,2,8752.0,4,8756.0,140,8758.0,17,8760.0,104,8764.0,21,8766.0,85,8768.0,29,8770.0,4,8772.0,7,8762.0
PK411,,13:41:16.750#,8624.0,8774.0,8624.0,9214.0,8006.0,25840,62331,8750.0,2,8752.0,4,8756.0,140,8758.0,27,8760.0,104,8764.0,21,8766.0,95,8768.0,29,8770.0,4,8772.0,7,8762.0
PK411,,13:41:17.0#,8624.0,8774.0,8624.0,9214.0,8006.0,25840,62331,8750.0,2,8752.0,4,8756.0,140,8758.0,17,8760.0,114,8764.0,21,8766.0,95,8768.0,29,8770.0,4,8772.0,7,8762.0
PK411,,13:41:18.0#,8624.0,8774.0,8624.0,9214.0,8006.0,25840,62331,8752.0,4,8756.0,140,8758.0,27,8760.0,84,8762.0,3,8764.0,21,8766.0,85,8768.0,29,8770.0,4,8772.0,7,8762.0
PK411,,13:41:18.500#,8624.0,8774.0,8624.0,9214.0,8006.0,25840,62331,8752.0,4,8756.0,139,8758.0,17,8760.0,102,8762.0,5,8764.0,21,8766.0,105,8768.0,19,8770.0,4,8772.0,7,8762.0
PK411,,13:41:19.500#,8624.0,8774.0,8624.0,9214.0,8006.0,25840,62331,8752.0,4,8756.0,139,8758.0,17,8760.0,102,8762.0,3,8764.0,22,8766.0,105,8768.0,19,8770.0,4,8772.0,7,8762.0
PK411,,13:41:19.750#,8624.0,8774.0,8624.0,9214.0,8006.0,25840,62331,8752.0,4,8756.0,139,8758.0,27,8760.0,94,8762.0,1,8764.0,21,8766.0,105,8768.0,19,8770.0,4,8772.0,7,8762.0
PK411,,13:41:20.0#,8624.0,8774.0,8624.0,9214.0,8006.0,25840,62331,8752.0,4,8756.0,139,8758.0,17,8760.0,104,8762.0,1,8764.0,24,8766.0,95,8768.0,29,8770.0,4,8772.0,7,8762.0
PK411,,13:41:20.500#,8624.0,8774.0,8624.0,9214.0,8006.0,25840,62331,8752.0,4,8756.0,139,8758.0,17,8760.0,104,8762.0,1,8764.0,28,8766.0,105,8768.0,19,8770.0,4,8772.0,7,8762.0
PK411,,13:41:21.750#,8624.0,8774.0,8624.0,9214.0,8006.0,25840,62331,8752.0,4,8756.0,139,8758.0,17,8760.0,104,8762.0,1,8764.0,28,8766.0,106,8768.0,19,8770.0,4,8772.0,7,8762.0
PK411,,13:41:22.0#,8624.0,8774.0,8624.0,9214.0,8006.0,25840,62331,8752.0,4,8756.0,139,8758.0,17,8760.0,104,8762.0,11,8764.0,23,8766.0,106,8768.0,19,8770.0,4,8772.0,7,8762.0
PK411,,13:41:22.250#,8624.0,8774.0,8624.0,9214.0,8006.0,25840,62331,8752.0,4,8756.0,139,8758.0,17,8760.0,102,8762.0,13,8764.0,21,8766.0,96,8768.0,29,8770.0,4,8772.0,7,8762.0
PK411,,13:41:22.500#,8624.0,8774.0,8624.0,9214.0,8006.0,25840,62331,8752.0,4,8756.0,139,8758.0,17,8760.0,102,8762.0,13,8764.0,21,8766.0,106,8768.0,19,8770.0,4,8772.0,7,8762.0
PK411,,13:41:27.0#,8624.0,8774.0,8624.0,9214.0,8006.0,25840,62331,8752.0,4,8756.0,139,8758.0,17,8760.0,102,8762.0,10,8764.0,15,8766.0,106,8768.0,19,8770.0,4,8772.0,7,8762.0
PK411,,13:41:27.250#,8624.0,8774.0,8624.0,9214.0,8006.0,25841,62331,8752.0,4,8756.0,139,8758.0,17,8760.0,102,8762.0,9,8764.0,15,8766.0,106,8768.0,19,8770.0,4,8772.0,7,8762.0
PK411,,13:41:27.500#,8624.0,8774.0,8624.0,9214.0,8006.0,25841,62331,8752.0,4,8756.0,139,8758.0,17,8760.0,102,8762.0,13,8764.0,15,8766.0,106,8768.0,19,8770.0,4,8772.0,7,8762.0
PK411,,13:41:32.250#,8624.0,8774.0,8624.0,9214.0,8006.0,25851,62321,8752.0,4,8756.0,139,8758.0,17,8760.0,102,8762.0,3,8764.0,25,8766.0,106,8768.0,19,8770.0,4,8772.0,7,8762.0
PK411,,13:41:32.500#,8624.0,8774.0,8624.0,9214.0,8006.0,25851,62321,8752.0,4,8756.0,139,8758.0,17,8760.0,104,8762.0,2,8764.0,27,8766.0,106,8768.0,19,8770.0,4,8772.0,7,8762.0
PK411,,13:41:32.750#,8624.0,8774.0,8624.0,9214.0,8006.0,25851,62321,8752.0,4,8756.0,139,8758.0,27,8760.0,94,8762.0,2,8764.0,37,8766.0,96,8768.0,19,8770.0,4,8772.0,7,8762.0
PK411,,13:41:33.0#,8624.0,8774.0,8624.0,9214.0,8006.0,25876,62337,8752.0,4,8756.0,139,8758.0,37,8760.0,74,8762.0,9,8764.0,12,8766.0,96,8768.0,19,8770.0,4,8772.0,7,8764.0
PK411,,13:41:33.250#,8624.0,8774.0,8624.0,9214.0,8006.0,25876,62337,8752.0,4,8756.0,139,8758.0,37,8760.0,72,8762.0,14,8764.0,13,8766.0,96,8768.0,19,8770.0,4,8772.0,7,8764.0
PK411,,13:41:33.500#,8624.0,8774.0,8624.0,9214.0,8006.0,25884,62337,8752.0,4,8756.0,139,8758.0,17,8760.0,92,8762.0,7,8764.0,13,8766.0,96,8768.0,29,8770.0,4,8772.0,7,8762.0
PK411,,13:41:33.750#,8624.0,8774.0,8624.0,9214.0,8006.0,25884,62337,8752.0,4,8756.0,139,8758.0,17,8760.0,92,8762.0,7,8764.0,13,8766.0,106,8768.0,19,8770.0,4,8772.0,7,8762.0
PK411,,13:41:34.0#,8624.0,8774.0,8624.0,9214.0,8006.0,25884,62337,8752.0,4,8756.0,139,8758.0,17,8760.0,102,8762.0,7,8764.0,23,8766.0,106,8768.0,19,8770.0,4,8772.0,7,8762.0
PK411,,13:41:36.500#,8624.0,8774.0,8624.0,9214.0,8006.0,25884,62337,8752.0,4,8756.0,139,8758.0,17,8760.0,102,8762.0,4,8764.0,23,8766.0,106,8768.0,19,8770.0,4,8772.0,7,8762.0
PK411,,13:41:36.750#,8624.0,8774.0,8624.0,9214.0,8006.0,25889,62340,8752.0,4,8756.0,139,8758.0,17,8760.0,102,8762.0,4,8764.0,18,8766.0,106,8768.0,19,8770.0,4,8772.0,7,8764.0
PK411,,13:41:37.0#,8624.0,8774.0,8624.0,9214.0,8006.0,25889,62340,8752.0,4,8756.0,139,8758.0,17,8760.0,102,8762.0,4,8764.0,21,8766.0,106,8768.0,19,8770.0,4,8772.0,7,8764.0
PK411,,13:41:37.500#,8624.0,8774.0,8624.0,9214.0,8006.0,25893,62344,8750.0,2,8752.0,4,8756.0,139,8758.0,17,8760.0,102,8762.0,2,8764.0,13,8766.0,106,8768.0,19,8770.0,4,8762.0
PK411,,13:41:37.750#,8624.0,8774.0,8624.0,9214.0,8006.0,25893,62344,8750.0,2,8752.0,4,8756.0,139,8758.0,67,8760.0,44,8762.0,6,8764.0,43,8766.0,66,8768.0,19,8770.0,4,8762.0
PK411,,13:41:38.0#,8624.0,8774.0,8624.0,9214.0,8006.0,25895,62344,8750.0,2,8752.0,4,8756.0,140,8758.0,97,8760.0,24,8762.0,7,8764.0,41,8766.0,76,8768.0,19,8770.0,4,8762.0
PK411,,13:41:38.250#,8624.0,8774.0,8624.0,9214.0,8006.0,25895,62344,8750.0,2,8752.0,4,8756.0,140,8758.0,97,8760.0,24,8762.0,7,8764.0,41,8766.0,76,8768.0,18,8770.0,4,8762.0
PK411,,13:41:41.500#,8624.0,8774.0,8624.0,9214.0,8006.0,25895,62344,8750.0,2,8752.0,4,8756.0,140,8758.0,97,8760.0,25,8762.0,7,8764.0,41,8766.0,76,8768.0,18,8770.0,4,8762.0
PK411,,13:41:41.750#,8624.0,8774.0,8624.0,9214.0,8006.0,25895,62344,8750.0,2,8752.0,4,8756.0,140,8758.0,97,8760.0,25,8762.0,7,8764.0,31,8766.0,86,8768.0,18,8770.0,4,8762.0
PK411,,13:41:53.750#,8624.0,8774.0,8624.0,9214.0,8006.0,25898,62347,8750.0,2,8752.0,4,8756.0,140,8758.0,97,8760.0,19,8762.0,9,8764.0,31,8766.0,86,8768.0,18,8770.0,4,8762.0
PK411,,13:41:54.0#,8624.0,8774.0,8624.0,9214.0,8006.0,25907,62345,8750.0,2,8752.0,4,8756.0,150,8758.0,77,8760.0,22,8762.0,3,8764.0,41,8766.0,66,8768.0,18,8770.0,4,8762.0
PK411,,13:41:54.250#,8624.0,8774.0,8624.0,9214.0,8006.0,25907,62345,8750.0,2,8752.0,4,8756.0,140,8758.0,97,8760.0,27,8762.0,7,8764.0,33,8766.0,86,8768.0,18,8770.0,4,8762.0
PK411,,13:41:54.500#,8624.0,8774.0,8624.0,9214.0,8006.0,25914,62338,8750.0,2,8752.0,4,8756.0,140,8758.0,97,8760.0,19,8762.0,7,8764.0,33,8766.0,86,8768.0,18,8770.0,4,8760.0
PK411,,13:41:54.750#,8624.0,8774.0,8624.0,9214.0,8006.0,25914,62338,8750.0,2,8752.0,4,8756.0,140,8758.0,87,8760.0,39,8762.0,7,8764.0,33,8766.0,86,8768.0,18,8770.0,4,8760.0
PK411,,13:41:55.0#,8624.0,8774.0,8624.0,9214.0,8006.0,25924,62338,8750.0,2,8752.0,4,8756.0,140,8758.0,97,8760.0,19,8762.0,12,8764.0,33,8766.0,86,8768.0,18,8770.0,4,8760.0
PK411,,13:41:55.250#,8624.0,8774.0,8624.0,9214.0,8006.0,25924,62338,8750.0,2,8752.0,4,8756.0,140,8758.0,87,8760.0,29,8762.0,14,8764.0,21,8766.0,96,8768.0,18,8770.0,4,8760.0
PK411,,13:41:55.500#,8624.0,8774.0,8624.0,9214.0,8006.0,25934,62348,8750.0,2,8752.0,4,8756.0,140,8758.0,97,8760.0,19,8762.0,14,8764.0,41,8766.0,76,8768.0,18,8770.0,4,8760.0
PK411,,13:41:55.750#,8624.0,8774.0,8624.0,9214.0,8006.0,25942,62348,8750.0,2,8752.0,4,8756.0,140,8758.0,97,8760.0,19,8762.0,12,8764.0,51,8766.0,66,8768.0,18,8770.0,4,8760.0
PK411,,13:41:56.0#,8624.0,8774.0,8624.0,9214.0,8006.0,25942,62348,8750.0,2,8752.0,4,8756.0,160,8758.0,77,8760.0,17,8762.0,22,8764.0,51,8766.0,56,8768.0,18,8770.0,4,8760.0
PK411,,13:41:56.500#,8624.0,8774.0,8624.0,9214.0,8006.0,25950,62349,8750.0,2,8752.0,4,8756.0,150,8758.0,87,8760.0,5,8762.0,19,8764.0,61,8766.0,36,8768.0,18,8770.0,4,8760.0
PK411,,13:41:57.0#,8624.0,8774.0,8624.0,9214.0,8006.0,25964,62352,8748.0,5,8750.0,2,8752.0,4,8756.0,150,8758.0,97,8760.0,5,8762.0,19,8764.0,61,8766.0,46,8768.0,18,8760.0
PK411,,13:41:57.750#,8624.0,8774.0,8624.0,9214.0,8006.0,25978,62352,8748.0,5,8750.0,2,8752.0,5,8756.0,230,8758.0,30,8760.0,5,8762.0,47,8764.0,51,8766.0,25,8768.0,18,8758.0
PK411,,13:41:58.0#,8624.0,8774.0,8624.0,9214.0,8006.0,25978,62352,8748.0,5,8750.0,2,8752.0,5,8756.0,230,8758.0,22,8760.0,9,8762.0,47,8764.0,51,8766.0,25,8768.0,18,8758.0
PK411,,13:41:58.250#,8624.0,8774.0,8624.0,9214.0,8006.0,25978,62352,8750.0,2,8752.0,5,8754.0,10,8756.0,210,8758.0,32,8760.0,9,8762.0,37,8764.0,61,8766.0,25,8768.0,18,8758.0
PK411,,13:41:58.500#,8624.0,8774.0,8624.0,9214.0,8006.0,25978,62352,8750.0,2,8752.0,5,8754.0,11,8756.0,210,8758.0,32,8760.0,9,8762.0,47,8764.0,51,8766.0,25,8768.0,18,8758.0
PK411,,13:41:58.750#,8624.0,8774.0,8624.0,9214.0,8006.0,25978,62352,8750.0,2,8752.0,4,8754.0,11,8756.0,210,8758.0,32,8760.0,9,8762.0,47,8764.0,51,8766.0,25,8768.0,18,8758.0
PK411,,13:41:59.0#,8624.0,8774.0,8624.0,9214.0,8006.0,25978,62352,8750.0,2,8752.0,4,8754.0,11,8756.0,210,8758.0,32,8760.0,9,8762.0,57,8764.0,41,8766.0,25,8768.0,18,8758.0
PK411,,13:41:59.250#,8624.0,8774.0,8624.0,9214.0,8006.0,25978,62352,8750.0,2,8752.0,4,8754.0,1,8756.0,220,8758.0,32,8760.0,9,8762.0,67,8764.0,31,8766.0,25,8768.0,18,8758.0
PK411,,13:42:02.0#,8624.0,8774.0,8624.0,9214.0,8006.0,25980,62350,8750.0,2,8752.0,4,8754.0,1,8756.0,220,8758.0,32,8760.0,12,8762.0,67,8764.0,31,8766.0,25,8768.0,18,8760.0
PK411,,13:42:02.250#,8624.0,8774.0,8624.0,9214.0,8006.0,25980,62350,8750.0,2,8752.0,4,8754.0,11,8756.0,210,8758.0,32,8760.0,8,8762.0,77,8764.0,21,8766.0,25,8768.0,18,8760.0
PK411,,13:42:02.500#,8624.0,8774.0,8624.0,9214.0,8006.0,25988,62357,8752.0,4,8754.0,11,8756.0,210,8758.0,32,8760.0,2,8762.0,71,8764.0,31,8766.0,25,8768.0,18,8770.0,7,8760.0
PK411,,13:42:03.0#,8624.0,8774.0,8624.0,9214.0,8006.0,25988,62357,8750.0,2,8752.0,4,8756.0,210,8758.0,42,8760.0,3,8762.0,33,8764.0,61,8766.0,36,8768.0,18,8770.0,7,8760.0
PK411,,13:42:04.0#,8624.0,8774.0,8624.0,9214.0,8006.0,25991,62355,8748.0,5,8750.0,2,8752.0,4,8756.0,210,8758.0,42,8760.0,1,8762.0,29,8764.0,61,8766.0,36,8768.0,18,8760.0
PK411,,13:42:04.250#,8624.0,8774.0,8624.0,9214.0,8006.0,25991,62355,8750.0,2,8752.0,5,8754.0,10,8756.0,200,8758.0,32,8760.0,2,8762.0,49,8764.0,41,8766.0,26,8768.0,18,8760.0
PK411,,13:42:04.500#,8624.0,8774.0,8624.0,9214.0,8006.0,25991,62355,8750.0,2,8752.0,5,8754.0,1,8756.0,230,8758.0,22,8760.0,2,8762.0,49,8764.0,51,8766.0,25,8768.0,18,8760.0
PK411,,13:42:04.750#,8624.0,8774.0,8624.0,9214.0,8006.0,25991,62355,8750.0,2,8752.0,4,8754.0,1,8756.0,230,8758.0,22,8760.0,2,8762.0,49,8764.0,51,8766.0,25,8768.0,18,8760.0
PK411,,13:42:05.0#,8624.0,8774.0,8624.0,9214.0,8006.0,25991,62355,8750.0,2,8752.0,4,8754.0,1,8756.0,230,8758.0,22,8760.0,3,8762.0,49,8764.0,51,8766.0,25,8768.0,18,8760.0
PK411,,13:42:06.0#,8624.0,8774.0,8624.0,9214.0,8006.0,25991,62355,8750.0,2,8752.0,4,8754.0,1,8756.0,230,8758.0,22,8760.0,3,8762.0,49,8764.0,51,8766.0,15,8768.0,18,8760.0
PK411,,13:42:06.250#,8624.0,8774.0,8624.0,9214.0,8006.0,25991,62355,8750.0,2,8752.0,4,8754.0,1,8756.0,230,8758.0,22,8760.0,3,8762.0,59,8764.0,41,8766.0,15,8768.0,18,8760.0
PK411,,13:42:06.500#,8624.0,8774.0,8624.0,9214.0,8006.0,25991,62355,8750.0,2,8752.0,4,8754.0,1,8756.0,230,8758.0,22,8760.0,3,8762.0,69,8764.0,41,8766.0,15,8768.0,18,8760.0
PK411,,13:42:06.750#,8624.0,8774.0,8624.0,9214.0,8006.0,25991,62355,8750.0,2,8752.0,4,8754.0,1,8756.0,230,8758.0,22,8760.0,3,8762.0,79,8764.0,31,8766.0,15,8768.0,18,8760.0
PK411,,13:42:08.750#,8624.0,8774.0,8624.0,9214.0,8006.0,25991,62355,8750.0,2,8752.0,4,8754.0,1,8756.0,230,8758.0,22,8760.0,3,8762.0,89,8764.0,21,8766.0,15,8768.0,18,8760.0
PK411,,13:42:09.0#,8624.0,8774.0,8624.0,9214.0,8006.0,25991,62355,8750.0,2,8752.0,4,8754.0,1,8756.0,230,8758.0,22,8760.0,3,8762.0,99,8764.0,11,8766.0,15,8768.0,18,8760.0
PK411,,13:42:12.250#,8624.0,8774.0,8624.0,9214.0,8006.0,25993,62355,8750.0,2,8752.0,4,8754.0,1,8756.0,220,8758.0,37,8762.0,90,8764.0,21,8766.0,15,8768.0,18,8770.0,7,8760.0
PK411,,13:42:12.500#,8624.0,8774.0,8624.0,9214.0,8006.0,25993,62355,8750.0,2,8752.0,4,8754.0,1,8756.0,220,8758.0,37,8762.0,70,8764.0,31,8766.0,16,8768.0,18,8770.0,7,8760.0
PK411,,13:42:13.500#,8624.0,8774.0,8624.0,9214.0,8006.0,25993,62355,8750.0,2,8752.0,4,8754.0,1,8756.0,220,8758.0,37,8760.0,13,8762.0,58,8764.0,41,8766.0,16,8768.0,18,8760.0
PK411,,13:42:13.750#,8624.0,8774.0,8624.0,9214.0,8006.0,25993,62355,8750.0,2,8752.0,4,8754.0,1,8756.0,220,8758.0,38,8760.0,13,8762.0,78,8764.0,21,8766.0,15,8768.0,18,8760.0
PK411,,13:42:14.0#,8624.0,8774.0,8624.0,9214.0,8006.0,25994,62355,8750.0,2,8752.0,4,8754.0,1,8756.0,220,8758.0,37,8760.0,12,8762.0,78,8764.0,21,8766.0,15,8768.0,18,8760.0
PK411,,13:42:16.250#,8624.0,8774.0,8624.0,9214.0,8006.0,26006,62367,8752.0,4,8754.0,1,8756.0,220,8758.0,34,8760.0,2,8762.0,79,8764.0,21,8766.0,15,8768.0,18,8770.0,7,8760.0
PK411,,13:42:16.500#,8624.0,8774.0,8624.0,9214.0,8006.0,26006,62367,8752.0,4,8754.0,1,8756.0,200,8758.0,53,8760.0,4,8762.0,35,8764.0,61,8766.0,16,8768.0,18,8770.0,7,8760.0
PK411,,13:42:19.0#,8624.0,8774.0,8624.0,9214.0,8006.0,26006,62367,8750.0,2,8752.0,4,8756.0,160,8758.0,91,8760.0,7,8762.0,15,8764.0,81,8766.0,16,8768.0,17,8770.0,7,8760.0
PK411,,13:42:23.750#,8624.0,8774.0,8624.0,9214.0,8006.0,26008,62365,8750.0,2,8752.0,4,8756.0,150,8758.0,101,8760.0,4,8762.0,19,8764.0,71,8766.0,26,8768.0,17,8770.0,7,8760.0
PK411,,13:42:24.0#,8624.0,8774.0,8624.0,9214.0,8006.0,26008,62365,8750.0,2,8752.0,4,8756.0,160,8758.0,81,8760.0,4,8762.0,27,8764.0,61,8766.0,16,8768.0,17,8770.0,7,8760.0
PK411,,13:42:24.250#,8624.0,8774.0,8624.0,9214.0,8006.0,26008,62365,8750.0,2,8752.0,4,8756.0,160,8758.0,91,8760.0,4,8762.0,27,8764.0,71,8766.0,16,8768.0,17,8770.0,7,8760.0
PK411,,13:42:24.500#,8624.0,8774.0,8624.0,9214.0,8006.0,26008,62365,8750.0,2,8752.0,4,8756.0,150,8758.0,91,8760.0,4,8762.0,27,8764.0,61,8766.0,16,8768.0,17,8770.0,7,8760.0
PK411,,13:42:24.750#,8624.0,8774.0,8624.0,9214.0,8006.0,26008,62365,8750.0,2,8752.0,4,8756.0,150,8758.0,101,8760.0,4,8762.0,29,8764.0,61,8766.0,26,8768.0,17,8770.0,7,8760.0
PK411,,13:42:25.0#,8624.0,8774.0,8624.0,9214.0,8006.0,26008,62365,8750.0,2,8752.0,4,8756.0,150,8758.0,101,8760.0,4,8762.0,27,8764.0,61,8766.0,26,8768.0,17,8770.0,7,8760.0
PK411,,13:42:25.500#,8624.0,8774.0,8624.0,9214.0,8006.0,26035,62378,8748.0,5,8750.0,2,8752.0,4,8756.0,150,8758.0,103,8760.0,1,8762.0,22,8764.0,61,8766.0,26,8768.0,17,8760.0
PK411,,13:42:25.750#,8624.0,8774.0,8624.0,9214.0,8006.0,26036,62377,8748.0,5,8750.0,2,8752.0,5,8756.0,190,8758.0,64,8760.0,1,8762.0,34,8764.0,51,8766.0,26,8768.0,17,8760.0
PK411,,13:42:26.0#,8624.0,8774.0,8624.0,9214.0,8006.0,26037,62377,8748.0,5,8750.0,2,8752.0,5,8756.0,200,8758.0,54,8762.0,45,8764.0,41,8766.0,25,8768.0,17,8770.0,7,8760.0
PK411,,13:42:26.250#,8624.0,8774.0,8624.0,9214.0,8006.0,26037,62377,8748.0,5,8750.0,2,8752.0,5,8756.0,210,8758.0,44,8762.0,25,8764.0,61,8766.0,26,8768.0,17,8770.0,7,8760.0
PK411,,13:42:26.750#,8624.0,8774.0,8624.0,9214.0,8006.0,26037,62377,8748.0,5,8750.0,2,8752.0,5,8756.0,210,8758.0,44,8762.0,24,8764.0,61,8766.0,26,8768.0,17,8770.0,7,8760.0
PK411,,13:42:27.0#,8624.0,8774.0,8624.0,9214.0,8006.0,26037,62377,8748.0,5,8750.0,2,8752.0,5,8756.0,210,8758.0,44,8762.0,24,8764.0,51,8766.0,36,8768.0,17,8770.0,7,8760.0
PK411,,13:42:31.0#,8624.0,8774.0,8624.0,9214.0,8006.0,26037,62377,8750.0,2,8752.0,4,8756.0,150,8758.0,108,8760.0,7,8762.0,24,8764.0,61,8766.0,26,8768.0,17,8770.0,7,8760.0
PK411,,13:42:31.250#,8624.0,8774.0,8624.0,9214.0,8006.0,26037,62377,8750.0,2,8752.0,4,8756.0,150,8758.0,108,8760.0,6,8762.0,24,8764.0,61,8766.0,26,8768.0,17,8770.0,7,8760.0
PK411,,13:42:32.750#,8624.0,8774.0,8624.0,9214.0,8006.0,26037,62377,8750.0,2,8752.0,4,8756.0,150,8758.0,108,8760.0,9,8762.0,14,8764.0,71,8766.0,26,8768.0,17,8770.0,7,8760.0
PK411,,13:42:33.0#,8624.0,8774.0,8624.0,9214.0,8006.0,26037,62377,8750.0,2,8752.0,4,8756.0,150,8758.0,108,8760.0,17,8762.0,14,8764.0,71,8766.0,26,8768.0,17,8770.0,7,8760.0
PK411,,13:42:33.250#,8624.0,8774.0,8624.0,9214.0,8006.0,26037,62377,8750.0,2,8752.0,4,8756.0,140,8758.0,108,8760.0,27,8762.0,4,8764.0,71,8766.0,36,8768.0,17,8770.0,7,8760.0
PK411,,13:42:33.500#,8624.0,8774.0,8624.0,9214.0,8006.0,26037,62377,8750.0,2,8752.0,4,8756.0,140,8758.0,108,8760.0,27,8762.0,2,8764.0,73,8766.0,36,8768.0,17,8770.0,7,8760.0
PK411,,13:42:34.0#,8624.0,8774.0,8624.0,9214.0,8006.0,26038,62376,8750.0,2,8752.0,4,8756.0,140,8758.0,108,8760.0,27,8762.0,1,8764.0,73,8766.0,36,8768.0,17,8770.0,7,8762.0
PK411,,13:42:34.250#,8624.0,8774.0,8624.0,9214.0,8006.0,26040,62375,8750.0,2,8752.0,4,8756.0,140,8758.0,108,8760.0,32,8762.0,2,8764.0,73,8766.0,36,8768.0,17,8770.0,7,8760.0
PK411,,13:42:35.500#,8624.0,8774.0,8624.0,9214.0,8006.0,26043,62378,8750.0,2,8752.0,4,8756.0,140,8758.0,108,8760.0,29,8762.0,2,8764.0,73,8766.0,36,8768.0,17,8770.0,7,8760.0
PK411,,13:42:35.750#,8624.0,8774.0,8624.0,9214.0,8006.0,26043,62378,8750.0,2,8752.0,4,8756.0,140,8758.0,108,8760.0,28,8762.0,2,8764.0,73,8766.0,36,8768.0,17,8770.0,7,8760.0
PK411,,13:42:36.0#,8624.0,8774.0,8624.0,9214.0,8006.0,26043,62378,8750.0,2,8752.0,4,8756.0,140,8758.0,108,8760.0,28,8762.0,2,8764.0,73,8766.0,36,8768.0,17,8770.0,7,8760.0
PK411,,13:42:36.250#,8624.0,8774.0,8624.0,9214.0,8006.0,26043,62378,8750.0,2,8752.0,4,8756.0,140,8758.0,98,8760.0,26,8762.0,2,8764.0,63,8766.0,36,8768.0,17,8770.0,7,8760.0
PK411,,13:42:36.500#,8624.0,8774.0,8624.0,9214.0,8006.0,26043,62378,8750.0,2,8752.0,4,8756.0,140,8758.0,108,8760.0,25,8762.0,12,8764.0,53,8766.0,46,8768.0,17,8770.0,7,8760.0
PK411,,13:42:36.750#,8624.0,8774.0,8624.0,9214.0,8006.0,26043,62378,8750.0,2,8752.0,4,8756.0,140,8758.0,108,8760.0,24,8762.0,14,8764.0,61,8766.0,36,8768.0,17,8770.0,7,8760.0
PK411,,13:42:37.500#,8624.0,8774.0,8624.0,9214.0,8006.0,26043,62378,8750.0,2,8752.0,4,8756.0,140,8758.0,108,8760.0,23,8762.0,19,8764.0,61,8766.0,36,8768.0,17,8770.0,7,8760.0
PK411,,13:42:37.750#,8624.0,8774.0,8624.0,9214.0,8006.0,26043,62378,8750.0,2,8752.0,4,8756.0,160,8758.0,88,8760.0,17,8762.0,19,8764.0,61,8766.0,36,8768.0,17,8770.0,7,8760.0
PK411,,13:42:38.0#,8624.0,8774.0,8624.0,9214.0,8006.0,26043,62378,8750.0,2,8752.0,4,8756.0,160,8758.0,98,8760.0,7,8762.0,29,8764.0,61,8766.0,26,8768.0,17,8770.0,7,8760.0
PK411,,13:42:39.0#,8624.0,8774.0,8624.0,9214.0,8006.0,26049,62377,8748.0,5,8750.0,2,8752.0,4,8756.0,160,8758.0,101,8760.0,1,8762.0,22,8764.0,61,8766.0,26,8768.0,17,8760.0
PK411,,13:42:39.250#,8624.0,8774.0,8624.0,9214.0,8006.0,26049,62377,8748.0,5,8750.0,2,8752.0,5,8756.0,200,8758.0,63,8760.0,2,8762.0,44,8764.0,41,8766.0,26,8768.0,17,8760.0
PK411,,13:42:39.500#,8624.0,8774.0,8624.0,9214.0,8006.0,26049,62377,8748.0,5,8750.0,2,8752.0,5,8756.0,220,8758.0,43,8760.0,2,8762.0,44,8764.0,41,8766.0,25,8768.0,17,8760.0
PK411,,13:42:39.750#,8624.0,8774.0,8624.0,9214.0,8006.0,26049,62377,8748.0,5,8750.0,2,8752.0,5,8756.0,230,8758.0,33,8760.0,2,8762.0,44,8764.0,41,8766.0,25,8768.0,17,8760.0
PK411,,13:42:41.500#,8624.0,8774.0,8624.0,9214.0,8006.0,26049,62377,8748.0,5,8750.0,2,8752.0,5,8756.0,220,8758.0,43,8760.0,2,8762.0,44,8764.0,41,8766.0,25,8768.0,17,8760.0
PK411,,13:42:41.750#,8624.0,8774.0,8624.0,9214.0,8006.0,26049,62377,8748.0,5,8750.0,2,8752.0,5,8756.0,220,8758.0,43,8760.0,2,8762.0,34,8764.0,51,8766.0,25,8768.0,17,8760.0
PK411,,13:42:42.0#,8624.0,8774.0,8624.0,9214.0,8006.0,26049,62377,8748.0,5,8750.0,2,8752.0,5,8756.0,220,8758.0,43,8760.0,2,8762.0,34,8764.0,61,8766.0,15,8768.0,17,8760.0
PK411,,13:42:45.500#,8624.0,8774.0,8624.0,9214.0,8006.0,26049,62377,8748.0,5,8750.0,2,8752.0,5,8756.0,220,8758.0,44,8760.0,2,8762.0,34,8764.0,61,8766.0,15,8768.0,17,8760.0
PK411,,13:42:45.750#,8624.0,8774.0,8624.0,9214.0,8006.0,26051,62378,8748.0,5,8750.0,2,8752.0,5,8756.0,220,8758.0,44,8762.0,43,8764.0,61,8766.0,15,8768.0,17,8770.0,7,8760.0
PK411,,13:42:46.0#,8624.0,8774.0,8624.0,9214.0,8006.0,26051,62378,8748.0,5,8750.0,2,8752.0,5,8756.0,210,8758.0,54,8762.0,34,8764.0,71,8766.0,16,8768.0,17,8770.0,7,8760.0
PK411,,13:42:46.250#,8624.0,8774.0,8624.0,9214.0,8006.0,26051,62378,8748.0,5,8750.0,2,8752.0,5,8756.0,200,8758.0,64,8762.0,34,8764.0,71,8766.0,16,8768.0,17,8770.0,7,8760.0
PK411,,13:42:47.0#,8624.0,8774.0,8624.0,9214.0,8006.0,26051,62378,8748.0,5,8750.0,2,8752.0,5,8756.0,190,8758.0,74,8762.0,34,8764.0,71,8766.0,16,8768.0,17,8770.0,7,8760.0
PK411,,13:42:47.250#,8624.0,8774.0,8624.0,9214.0,8006.0,26051,62378,8748.0,5,8750.0,2,8752.0,5,8756.0,170,8758.0,94,8762.0,34,8764.0,71,8766.0,16,8768.0,17,8770.0,7,8760.0
PK411,,13:42:47.500#,8624.0,8774.0,8624.0,9214.0,8006.0,26051,62378,8748.0,5,8750.0,2,8752.0,5,8756.0,170,8758.0,94,8762.0,35,8764.0,71,8766.0,16,8768.0,17,8770.0,7,8760.0
PK411,,13:42:49.0#,8624.0,8774.0,8624.0,9214.0,8006.0,26051,62378,8748.0,5,8750.0,2,8752.0,5,8756.0,170,8758.0,94,8762.0,35,8764.0,71,8766.0,16,8768.0,17,8770.0,7,8760.0
PK411,,13:42:49.750#,8624.0,8774.0,8624.0,9214.0,8006.0,26051,62378,8748.0,5,8750.0,2,8752.0,5,8756.0,170,8758.0,94,8762.0,34,8764.0,71,8766.0,16,8768.0,17,8770.0,7,8760.0
PK411,,13:42:51.250#,8624.0,8774.0,8624.0,9214.0,8006.0,26051,62378,8748.0,5,8750.0,2,8752.0,5,8756.0,170,8758.0,94,8762.0,36,8764.0,71,8766.0,16,8768.0,17,8770.0,7,8760.0
PK411,,13:42:51.500#,8624.0,8774.0,8624.0,9214.0,8006.0,26051,62378,8748.0,5,8750.0,2,8752.0,5,8756.0,170,8758.0,94,8762.0,36,8764.0,81,8766.0,6,8768.0,17,8770.0,7,8760.0
PK411,,13:42:52.0#,8624.0,8774.0,8624.0,9214.0,8006.0,26051,62378,8748.0,5,8750.0,2,8752.0,5,8756.0,170,8758.0,94,8762.0,35,8764.0,81,8766.0,6,8768.0,17,8770.0,7,8760.0
PK411,,13:42:52.750#,8624.0,8774.0,8624.0,9214.0,8006.0,26051,62378,8748.0,5,8750.0,2,8752.0,5,8756.0,170,8758.0,94,8762.0,30,8764.0,81,8766.0,6,8768.0,17,8770.0,7,8760.0
PK411,,13:42:53.0#,8624.0,8774.0,8624.0,9214.0,8006.0,26051,62378,8748.0,5,8750.0,2,8752.0,5,8756.0,160,8758.0,104,8762.0,30,8764.0,61,8766.0,26,8768.0,17,8770.0,7,8760.0
PK411,,13:42:53.250#,8624.0,8774.0,8624.0,9214.0,8006.0,26051,62378,8748.0,5,8750.0,2,8752.0,5,8756.0,150,8758.0,114,8762.0,30,8764.0,51,8766.0,36,8768.0,17,8770.0,7,8760.0
PK411,,13:42:57.500#,8624.0,8774.0,8624.0,9214.0,8006.0,26051,62378,8748.0,5,8750.0,2,8752.0,5,8756.0,150,8758.0,114,8762.0,29,8764.0,51,8766.0,36,8768.0,17,8770.0,7,8760.0
PK411,,13:42:58.0#,8624.0,8774.0,8624.0,9214.0,8006.0,26051,62378,8748.0,5,8750.0,2,8752.0,5,8756.0,150,8758.0,114,8762.0,28,8764.0,51,8766.0,36,8768.0,17,8770.0,7,8760.0
PK411,,13:42:58.500#,8624.0,8774.0,8624.0,9214.0,8006.0,26051,62378,8748.0,5,8750.0,2,8752.0,5,8756.0,150,8758.0,114,8762.0,27,8764.0,51,8766.0,36,8768.0,17,8770.0,7,8760.0
PK411,,13:42:59.0#,8624.0,8774.0,8624.0,9214.0,8006.0,26051,62378,8748.0,5,8750.0,2,8752.0,5,8756.0,150,8758.0,114,8762.0,25,8764.0,51,8766.0,36,8768.0,17,8770.0,7,8760.0
PK411,,13:42:59.250#,8624.0,8774.0,8624.0,9214.0,8006.0,26051,62378,8748.0,5,8750.0,2,8752.0,5,8756.0,150,8758.0,104,8762.0,26,8764.0,31,8766.0,46,8768.0,17,8770.0,7,8760.0
PK411,,13:42:59.500#,8624.0,8774.0,8624.0,9214.0,8006.0,26051,62378,8748.0,5,8750.0,2,8752.0,5,8756.0,160,8758.0,94,8762.0,25,8764.0,31,8766.0,46,8768.0,17,8770.0,7,8760.0
PK411,,13:42:59.750#,8624.0,8774.0,8624.0,9214.0,8006.0,26051,62378,8748.0,5,8750.0,2,8752.0,5,8756.0,160,8758.0,104,8762.0,25,8764.0,31,8766.0,46,8768.0,27,8770.0,7,8760.0
PK411,,13:43:00.0#,8624.0,8774.0,8624.0,9214.0,8006.0,26051,62378,8748.0,5,8750.0,2,8752.0,5,8756.0,150,8758.0,114,8762.0,25,8764.0,31,8766.0,56,8768.0,17,8770.0,7,8760.0
PK411,,13:43:01.250#,8624.0,8774.0,8624.0,9214.0,8006.0,26051,62378,8748.0,5,8750.0,2,8752.0,5,8756.0,150,8758.0,104,8762.0,34,8764.0,21,8766.0,56,8768.0,17,8770.0,7,8760.0
PK411,,13:43:01.500#,8624.0,8774.0,8624.0,9214.0,8006.0,26051,62378,8748.0,5,8750.0,2,8752.0,5,8756.0,160,8758.0,95,8762.0,38,8764.0,41,8766.0,36,8768.0,17,8770.0,7,8760.0
PK411,,13:43:01.750#,8624.0,8774.0,8624.0,9214.0,8006.0,26051,62378,8748.0,5,8750.0,2,8752.0,5,8756.0,170,8758.0,95,8762.0,40,8764.0,71,8766.0,16,8768.0,17,8770.0,7,8760.0
PK411,,13:43:02.0#,8624.0,8774.0,8624.0,9214.0,8006.0,26051,62378,8748.0,5,8750.0,2,8752.0,5,8756.0,180,8758.0,85,8762.0,40,8764.0,81,8766.0,6,8768.0,17,8770.0,7,8760.0
PK411,,13:43:02.250#,8624.0,8774.0,8624.0,9214.0,8006.0,26051,62378,8748.0,5,8750.0,2,8752.0,5,8756.0,180,8758.0,82,8760.0,1,8762.0,31,8764.0,81,8766.0,6,8768.0,17,8760.0
PK411,,13:43:02.500#,8624.0,8774.0,8624.0,9214.0,8006.0,26051,62378,8748.0,5,8750.0,2,8752.0,5,8756.0,210,8758.0,55,8760.0,1,8762.0,51,8764.0,61,8766.0,6,8768.0,17,8760.0
PK411,,13:43:02.750#,8624.0,8774.0,8624.0,9214.0,8006.0,26051,62378,8748.0,5,8750.0,2,8752.0,5,8756.0,230,8758.0,35,8760.0,1,8762.0,61,8764.0,41,8766.0,15,8768.0,17,8760.0
PK411,,13:43:03.0#,8624.0,8774.0,8624.0,9214.0,8006.0,26052,62378,8748.0,5,8750.0,2,8752.0,5,8756.0,230,8758.0,35,8762.0,78,8764.0,51,8766.0,5,8768.0,17,8770.0,7,8760.0
PK411,,13:43:03.250#,8624.0,8774.0,8624.0,9214.0,8006.0,26052,62378,8748.0,5,8750.0,2,8752.0,5,8756.0,230,8758.0,35,8762.0,90,8764.0,41,8766.0,6,8768.0,17,8770.0,7,8760.0
PK411,,13:43:09.750#,8624.0,8774.0,8624.0,9214.0,8006.0,26052,62378,8748.0,5,8750.0,2,8752.0,5,8756.0,230,8758.0,32,8760.0,12,8762.0,73,8764.0,41,8766.0,6,8768.0,17,8760.0
PK411,,13:43:10.0#,8624.0,8774.0,8624.0,9214.0,8006.0,26052,62378,8750.0,2,8752.0,5,8754.0,10,8756.0,220,8758.0,26,8760.0,14,8762.0,91,8764.0,21,8766.0,6,8768.0,17,8760.0
PK411,,13:43:10.250#,8624.0,8774.0,8624.0,9214.0,8006.0,26052,62378,8750.0,2,8752.0,5,8754.0,1,8756.0,230,8758.0,26,8760.0,14,8762.0,91,8764.0,21,8766.0,6,8768.0,17,8760.0
PK411,,13:43:10.500#,8624.0,8774.0,8624.0,9214.0,8006.0,26052,62378,8750.0,2,8752.0,4,8754.0,1,8756.0,230,8758.0,26,8760.0,14,8762.0,91,8764.0,21,8766.0,6,8768.0,17,8760.0
PK411,,13:43:11.750#,8624.0,8774.0,8624.0,9214.0,8006.0,26052,62378,8750.0,2,8752.0,4,8754.0,1,8756.0,230,8758.0,26,8760.0,19,8762.0,91,8764.0,21,8766.0,6,8768.0,17,8760.0
PK411,,13:43:12.0#,8624.0,8774.0,8624.0,9214.0,8006.0,26052,62378,8750.0,2,8752.0,4,8754.0,1,8756.0,230,8758.0,26,8760.0,19,8762.0,91,8764.0,21,8766.0,6,8768.0,18,8760.0
PK411,,13:43:13.250#,8624.0,8774.0,8624.0,9214.0,8006.0,26052,62378,8750.0,2,8752.0,4,8754.0,1,8756.0,230,8758.0,26,8760.0,5,8762.0,91,8764.0,21,8766.0,6,8768.0,18,8760.0
PK411,,13:43:13.500#,8624.0,8774.0,8624.0,9214.0,8006.0,26052,62378,8750.0,2,8752.0,4,8754.0,1,8756.0,230,8758.0,26,8762.0,110,8764.0,21,8766.0,6,8768.0,18,8770.0,7,8760.0
PK411,,13:43:13.750#,8624.0,8774.0,8624.0,9214.0,8006.0,26052,62378,8750.0,2,8752.0,4,8754.0,11,8756.0,220,8758.0,27,8762.0,90,8764.0,41,8766.0,6,8768.0,18,8770.0,7,8760.0
PK411,,13:43:14.250#,8624.0,8774.0,8624.0,9214.0,8006.0,26052,62378,8750.0,2,8752.0,4,8754.0,11,8756.0,220,8758.0,27,8762.0,100,8764.0,31,8766.0,6,8768.0,18,8770.0,7,8760.0
PK411,,13:43:15.0#,8624.0,8774.0,8624.0,9214.0,8006.0,26052,62378,8750.0,2,8752.0,4,8754.0,11,8756.0,220,8758.0,28,8762.0,100,8764.0,31,8766.0,6,8768.0,18,8770.0,7,8760.0
PK411,,13:43:15.500#,8624.0,8774.0,8624.0,9214.0,8006.0,26052,62378,8750.0,2,8752.0,4,8754.0,11,8756.0,220,8758.0,29,8762.0,100,8764.0,31,8766.0,6,8768.0,18,8770.0,7,8760.0
PK411,,13:43:17.500#,8624.0,8774.0,8624.0,9214.0,8006.0,26052,62378,8750.0,2,8752.0,4,8754.0,11,8756.0,220,8758.0,30,8762.0,100,8764.0,31,8766.0,6,8768.0,18,8770.0,7,8760.0
PK411,,13:43:18.0#,8624.0,8774.0,8624.0,9214.0,8006.0,26052,62378,8750.0,2,8752.0,4,8754.0,11,8756.0,220,8758.0,27,8760.0,17,8762.0,93,8764.0,21,8766.0,6,8768.0,18,8760.0
PK411,,13:43:18.250#,8624.0,8774.0,8624.0,9214.0,8006.0,26052,62378,8750.0,2,8752.0,4,8754.0,11,8756.0,220,8758.0,27,8760.0,19,8762.0,91,8764.0,21,8766.0,6,8768.0,18,8760.0
PK411,,13:43:18.500#,8624.0,8774.0,8624.0,9214.0,8006.0,26052,62378,8750.0,2,8752.0,4,8754.0,1,8756.0,230,8758.0,27,8760.0,19,8762.0,91,8764.0,21,8766.0,6,8768.0,18,8760.0
PK411,,13:43:19.500#,8624.0,8774.0,8624.0,9214.0,8006.0,26052,62378,8750.0,2,8752.0,4,8754.0,1,8756.0,230,8758.0,27,8760.0,25,8762.0,91,8764.0,21,8766.0,6,8768.0,18,8760.0
PK411,,13:43:30.250#,8624.0,8774.0,8624.0,9214.0,8006.0,26052,62378,8750.0,2,8752.0,4,8754.0,1,8756.0,220,8758.0,27,8760.0,25,8762.0,81,8764.0,21,8766.0,6,8768.0,18,8760.0
PK411,,13:43:30.500#,8624.0,8774.0,8624.0,9214.0,8006.0,26052,62378,8750.0,2,8752.0,4,8754.0,1,8756.0,230,8758.0,27,8760.0,25,8762.0,101,8764.0,11,8766.0,6,8768.0,18,8760.0
PK411,,13:43:31.0#,8624.0,8774.0,8624.0,9214.0,8006.0,26052,62378,8750.0,2,8752.0,4,8754.0,1,8756.0,230,8758.0,27,8760.0,19,8762.0,101,8764.0,11,8766.0,6,8768.0,18,8760.0
PK411,,13:43:33.500#,8624.0,8774.0,8624.0,9214.0,8006.0,26052,62378,8750.0,2,8752.0,4,8754.0,1,8756.0,230,8758.0,28,8760.0,19,8762.0,101,8764.0,11,8766.0,6,8768.0,18,8760.0
PK411,,13:43:34.750#,8624.0,8774.0,8624.0,9214.0,8006.0,26052,62378,8750.0,2,8752.0,4,8754.0,1,8756.0,230,8758.0,30,8760.0,19,8762.0,101,8764.0,11,8766.0,6,8768.0,18,8760.0
PK411,,13:43:40.0#,8624.0,8774.0,8624.0,9214.0,8006.0,26052,62378,8750.0,2,8752.0,4,8754.0,1,8756.0,230,8758.0,30,8760.0,20,8762.0,101,8764.0,11,8766.0,6,8768.0,18,8760.0
PK411,,13:43:41.750#,8624.0,8774.0,8624.0,9214.0,8006.0,26052,62378,8750.0,2,8752.0,4,8754.0,1,8756.0,230,8758.0,30,8760.0,22,8762.0,101,8764.0,11,8766.0,6,8768.0,18,8760.0
PK411,,13:43:44.0#,8624.0,8774.0,8624.0,9214.0,8006.0,26052,62378,8750.0,2,8752.0,4,8754.0,1,8756.0,230,8758.0,30,8760.0,23,8762.0,101,8764.0,11,8766.0,6,8768.0,18,8760.0
PK411,,13:43:44.500#,8624.0,8774.0,8624.0,9214.0,8006.0,26052,62378,8750.0,2,8752.0,4,8754.0,1,8756.0,220,8758.0,30,8760.0,23,8762.0,91,8764.0,11,8766.0,6,8768.0,18,8760.0
PK411,,13:43:44.750#,8624.0,8774.0,8624.0,9214.0,8006.0,26052,62378,8750.0,2,8752.0,4,8754.0,1,8756.0,230,8758.0,30,8760.0,23,8762.0,101,8764.0,11,8766.0,6,8768.0,18,8760.0
PK411,,13:43:47.250#,8624.0,8774.0,8624.0,9214.0,8006.0,26057,62378,8750.0,2,8752.0,4,8754.0,1,8756.0,230,8758.0,25,8760.0,23,8762.0,101,8764.0,11,8766.0,6,8768.0,18,8758.0
PK411,,13:43:49.250#,8624.0,8774.0,8624.0,9214.0,8006.0,26057,62378,8750.0,2,8752.0,4,8754.0,1,8756.0,230,8758.0,26,8760.0,23,8762.0,101,8764.0,11,8766.0,6,8768.0,18,8758.0
PK411,,13:43:49.750#,8624.0,8774.0,8624.0,9214.0,8006.0,26062,62381,8750.0,2,8752.0,4,8754.0,1,8756.0,230,8758.0,21,8760.0,24,8762.0,101,8764.0,11,8766.0,6,8768.0,18,8758.0
PK411,,13:43:50.0#,8624.0,8774.0,8624.0,9214.0,8006.0,26062,62381,8750.0,2,8752.0,4,8754.0,11,8756.0,230,8758.0,12,8760.0,34,8762.0,101,8764.0,1,8766.0,5,8768.0,18,8758.0
PK411,,13:43:51.500#,8624.0,8774.0,8624.0,9214.0,8006.0,26062,62381,8750.0,2,8752.0,4,8754.0,11,8756.0,230,8758.0,12,8760.0,34,8762.0,101,8764.0,1,8766.0,5,8768.0,18,8758.0
PK411,,13:43:52.250#,8624.0,8774.0,8624.0,9214.0,8006.0,26067,62385,8750.0,2,8752.0,4,8754.0,11,8756.0,230,8758.0,7,8760.0,34,8762.0,101,8764.0,1,8766.0,5,8768.0,18,8758.0
PK411,,13:43:52.500#,8624.0,8774.0,8624.0,9214.0,8006.0,26067,62385,8750.0,2,8752.0,4,8754.0,11,8756.0,230,8758.0,7,8760.0,31,8762.0,101,8764.0,1,8766.0,5,8768.0,18,8758.0
PK411,,13:43:53.250#,8624.0,8774.0,8624.0,9214.0,8006.0,26067,62385,8750.0,2,8752.0,4,8754.0,11,8756.0,230,8758.0,7,8760.0,32,8762.0,101,8764.0,1,8766.0,5,8768.0,18,8758.0
PK411,,13:43:53.500#,8624.0,8774.0,8624.0,9214.0,8006.0,26067,62385,8750.0,2,8752.0,4,8754.0,11,8756.0,230,8758.0,7,8760.0,30,8762.0,101,8764.0,1,8766.0,5,8768.0,18,8758.0
PK411,,13:43:54.0#,8624.0,8774.0,8624.0,9214.0,8006.0,26074,62389,8748.0,5,8750.0,2,8752.0,4,8754.0,11,8756.0,234,8760.0,30,8762.0,101,8764.0,1,8766.0,5,8768.0,18,8758.0
PK411,,13:43:54.250#,8624.0,8774.0,8624.0,9214.0,8006.0,26074,62389,8748.0,5,8750.0,2,8752.0,5,8754.0,11,8756.0,236,8760.0,31,8762.0,91,8764.0,11,8766.0,5,8768.0,18,8758.0
PK411,,13:43:55.0#,8624.0,8774.0,8624.0,9214.0,8006.0,26074,62389,8748.0,5,8750.0,2,8752.0,5,8754.0,11,8756.0,236,8760.0,34,8762.0,91,8764.0,11,8766.0,5,8768.0,18,8758.0
PK411,,13:43:55.500#,8624.0,8774.0,8624.0,9214.0,8006.0,26074,62389,8748.0,5,8750.0,2,8752.0,5,8754.0,11,8756.0,236,8760.0,31,8762.0,91,8764.0,11,8766.0,5,8768.0,18,8758.0
PK411,,13:43:55.750#,8624.0,8774.0,8624.0,9214.0,8006.0,26074,62389,8748.0,5,8750.0,2,8752.0,5,8754.0,11,8756.0,236,8760.0,34,8762.0,91,8764.0,11,8766.0,5,8768.0,18,8758.0
PK411,,13:44:02.0#,8624.0,8774.0,8624.0,9214.0,8006.0,26074,62389,8748.0,5,8750.0,2,8752.0,5,8754.0,11,8756.0,236,8760.0,41,8762.0,91,8764.0,11,8766.0,5,8768.0,18,8758.0
PK411,,13:44:05.500#,8624.0,8774.0,8624.0,9214.0,8006.0,26074,62389,8748.0,5,8750.0,2,8752.0,5,8754.0,11,8756.0,237,8760.0,41,8762.0,91,8764.0,11,8766.0,5,8768.0,18,8758.0
PK411,,13:44:07.750#,8624.0,8774.0,8624.0,9214.0,8006.0,26074,62389,8748.0,5,8750.0,2,8752.0,5,8754.0,11,8756.0,237,8758.0,2,8760.0,24,8762.0,91,8764.0,11,8766.0,5,8758.0
PK411,,13:44:08.0#,8624.0,8774.0,8624.0,9214.0,8006.0,26076,62389,8748.0,5,8750.0,2,8752.0,5,8754.0,41,8756.0,207,8758.0,8,8760.0,44,8762.0,81,8764.0,1,8766.0,5,8758.0
PK411,,13:44:08.250#,8624.0,8774.0,8624.0,9214.0,8006.0,26076,62389,8748.0,5,8750.0,2,8752.0,5,8754.0,41,8756.0,207,8758.0,10,8760.0,52,8762.0,71,8766.0,5,8768.0,19,8758.0
PK411,,13:44:09.0#,8624.0,8774.0,8624.0,9214.0,8006.0,26077,62388,8748.0,5,8750.0,2,8752.0,5,8754.0,41,8756.0,207,8758.0,9,8760.0,52,8762.0,71,8766.0,5,8768.0,19,8758.0
PK411,,13:44:09.250#,8624.0,8774.0,8624.0,9214.0,8006.0,26077,62388,8748.0,5,8750.0,2,8752.0,5,8754.0,51,8756.0,197,8758.0,10,8760.0,62,8762.0,61,8766.0,5,8768.0,19,8758.0
PK411,,13:44:09.500#,8624.0,8774.0,8624.0,9214.0,8006.0,26077,62388,8748.0,5,8750.0,2,8752.0,5,8754.0,51,8756.0,197,8758.0,10,8760.0,72,8762.0,51,8766.0,5,8768.0,19,8758.0
PK411,,13:44:10.0#,8624.0,8774.0,8624.0,9214.0,8006.0,26078,62387,8748.0,5,8750.0,2,8752.0,5,8754.0,51,8756.0,196,8758.0,10,8760.0,72,8762.0,51,8766.0,5,8768.0,19,8756.0
PK411,,13:44:10.250#,8624.0,8774.0,8624.0,9214.0,8006.0,26078,62387,8748.0,5,8750.0,2,8752.0,5,8754.0,51,8756.0,196,8758.0,10,8760.0,62,8762.0,61,8766.0,5,8768.0,19,8756.0
PK411,,13:44:10.500#,8624.0,8774.0,8624.0,9214.0,8006.0,26078,62387,8748.0,5,8750.0,2,8752.0,5,8754.0,51,8756.0,196,8758.0,10,8760.0,72,8762.0,51,8766.0,5,8768.0,19,8756.0
PK411,,13:44:18.250#,8624.0,8774.0,8624.0,9214.0,8006.0,26078,62387,8748.0,5,8750.0,2,8752.0,5,8754.0,41,8756.0,196,8758.0,10,8760.0,62,8762.0,51,8766.0,5,8768.0,19,8756.0
PK411,,13:44:18.500#,8624.0,8774.0,8624.0,9214.0,8006.0,26078,62387,8748.0,5,8750.0,2,8752.0,5,8754.0,51,8756.0,196,8758.0,3,8760.0,72,8762.0,51,8766.0,5,8768.0,19,8756.0
PK411,,13:44:18.750#,8624.0,8774.0,8624.0,9214.0,8006.0,26078,62387,8748.0,5,8750.0,2,8752.0,5,8754.0,51,8756.0,196,8758.0,1,8760.0,74,8762.0,51,8766.0,5,8768.0,19,8756.0
PK411,,13:44:19.0#,8624.0,8774.0,8624.0,9214.0,8006.0,26079,62388,8748.0,5,8750.0,2,8752.0,5,8754.0,51,8756.0,195,8760.0,91,8762.0,51,8766.0,5,8768.0,19,8770.0,7,8758.0
PK411,,13:44:19.250#,8624.0,8774.0,8624.0,9214.0,8006.0,26079,62388,8748.0,5,8750.0,2,8752.0,5,8754.0,21,8756.0,225,8760.0,51,8762.0,91,8766.0,6,8768.0,19,8770.0,7,8758.0
PK411,,13:44:19.500#,8624.0,8774.0,8624.0,9214.0,8006.0,26079,62388,8748.0,5,8750.0,2,8752.0,5,8754.0,11,8756.0,235,8760.0,41,8762.0,91,8764.0,10,8766.0,6,8768.0,19,8758.0
PK411,,13:44:19.750#,8624.0,8774.0,8624.0,9214.0,8006.0,26079,62388,8748.0,5,8750.0,2,8752.0,5,8754.0,11,8756.0,235,8760.0,41,8762.0,91,8764.0,11,8766.0,6,8768.0,19,8758.0
PK411,,13:44:20.0#,8624.0,8774.0,8624.0,9214.0,8006.0,26079,62388,8748.0,5,8750.0,2,8752.0,5,8754.0,11,8756.0,235,8760.0,42,8762.0,91,8764.0,11,8766.0,5,8768.0,19,8758.0
PK411,,13:44:21.0#,8624.0,8774.0,8624.0,9214.0,8006.0,26079,62388,8748.0,5,8750.0,2,8752.0,5,8754.0,11,8756.0,235,8760.0,42,8762.0,91,8764.0,11,8766.0,5,8768.0,19,8758.0
PK411,,13:44:21.250#,8624.0,8774.0,8624.0,9214.0,8006.0,26079,62388,8748.0,5,8750.0,2,8752.0,5,8754.0,11,8756.0,236,8760.0,42,8762.0,91,8764.0,11,8766.0,5,8768.0,19,8758.0
PK411,,13:44:21.750#,8624.0,8774.0,8624.0,9214.0,8006.0,26079,62388,8748.0,5,8750.0,2,8752.0,5,8754.0,11,8756.0,236,8760.0,41,8762.0,91,8764.0,11,8766.0,5,8768.0,19,8758.0
PK411,,13:44:23.750#,8624.0,8774.0,8624.0,9214.0,8006.0,26079,62388,8748.0,5,8750.0,2,8752.0,5,8754.0,11,8756.0,236,8760.0,42,8762.0,91,8764.0,11,8766.0,5,8768.0,19,8758.0
PK411,,13:44:26.250#,8624.0,8774.0,8624.0,9214.0,8006.0,26079,62388,8748.0,5,8750.0,2,8752.0,5,8754.0,11,8756.0,236,8760.0,41,8762.0,91,8764.0,11,8766.0,5,8768.0,19,8758.0
PK411,,13:44:26.750#,8624.0,8774.0,8624.0,9214.0,8006.0,26079,62388,8748.0,5,8750.0,2,8752.0,5,8754.0,11,8756.0,236,8758.0,1,8760.0,24,8762.0,91,8764.0,11,8766.0,5,8758.0
PK411,,13:44:27.0#,8624.0,8774.0,8624.0,9214.0,8006.0,26079,62388,8748.0,5,8750.0,2,8752.0,5,8754.0,41,8756.0,206,8758.0,1,8760.0,44,8762.0,81,8764.0,1,8766.0,5,8758.0
PK411,,13:44:27.250#,8624.0,8774.0,8624.0,9214.0,8006.0,26084,62388,8748.0,5,8750.0,2,8752.0,5,8754.0,41,8756.0,201,8758.0,1,8760.0,44,8762.0,81,8764.0,1,8766.0,5,8756.0
PK411,,13:44:27.500#,8624.0,8774.0,8624.0,9214.0,8006.0,26084,62388,8748.0,5,8750.0,2,8752.0,5,8754.0,41,8756.0,201,8758.0,1,8760.0,34,8762.0,91,8764.0,1,8766.0,5,8756.0
PK411,,13:44:27.750#,8624.0,8774.0,8624.0,9214.0,8006.0,26084,62388,8748.0,5,8750.0,2,8752.0,5,8754.0,41,8756.0,201,8758.0,1,8760.0,44,8762.0,81,8764.0,1,8766.0,5,8756.0
PK411,,13:44:28.750#,8624.0,8774.0,8624.0,9214.0,8006.0,26084,62388,8748.0,5,8750.0,2,8752.0,5,8754.0,41,8756.0,201,8758.0,28,8760.0,44,8762.0,81,8764.0,1,8766.0,5,8756.0
PK411,,13:44:29.0#,8624.0,8774.0,8624.0,9214.0,8006.0,26084,62388,8748.0,5,8750.0,2,8752.0,5,8754.0,61,8756.0,181,8758.0,30,8760.0,82,8762.0,41,8764.0,1,8766.0,5,8756.0
PK411,,13:44:29.250#,8624.0,8774.0,8624.0,9214.0,8006.0,26084,62388,8748.0,5,8750.0,2,8752.0,5,8754.0,61,8756.0,181,8758.0,30,8760.0,92,8762.0,31,8764.0,1,8766.0,5,8756.0
PK411,,13:44:29.750#,8624.0,8774.0,8624.0,9214.0,8006.0,26084,62388,8748.0,5,8750.0,2,8752.0,5,8754.0,61,8756.0,181,8758.0,30,8760.0,92,8762.0,31,8764.0,2,8766.0,5,8756.0
PK411,,13:44:32.250#,8624.0,8774.0,8624.0,9214.0,8006.0,26089,62388,8748.0,5,8750.0,2,8752.0,5,8754.0,61,8756.0,176,8758.0,30,8760.0,92,8762.0,31,8764.0,2,8766.0,5,8756.0
PK411,,13:44:33.500#,8624.0,8774.0,8624.0,9214.0,8006.0,26301,62232,8746.0,12,8748.0,5,8750.0,2,8752.0,5,8754.0,81,8756.0,22,8758.0,39,8760.0,62,8762.0,31,8764.0,2,8756.0
PK411,,13:44:33.750#,8624.0,8774.0,8624.0,9214.0,8006.0,26301,62232,8746.0,1,8748.0,15,8750.0,13,8752.0,32,8754.0,21,8756.0,31,8758.0,67,8760.0,52,8762.0,11,8764.0,1,8756.0
PK411,,13:44:34.0#,8624.0,8774.0,8624.0,9214.0,8006.0,26302,62232,8744.0,3,8746.0,11,8748.0,2,8750.0,33,8752.0,45,8754.0,2,8756.0,25,8758.0,97,8760.0,12,8762.0,10,8754.0
PK411,,13:44:34.250#,8624.0,8774.0,8624.0,9214.0,8006.0,26305,62234,8746.0,1,8748.0,23,8750.0,33,8752.0,20,8754.0,1,8756.0,45,8758.0,67,8760.0,22,8762.0,10,8764.0,1,8754.0
PK411,,13:44:34.500#,8624.0,8774.0,8624.0,9214.0,8006.0,26309,62232,8744.0,3,8746.0,1,8748.0,13,8750.0,23,8752.0,73,8754.0,1,8756.0,35,8758.0,77,8760.0,32,8762.0,10,8754.0
PK411,,13:44:34.750#,8624.0,8774.0,8624.0,9214.0,8006.0,26311,62232,8744.0,3,8746.0,11,8748.0,13,8750.0,43,8752.0,61,8756.0,45,8758.0,107,8760.0,12,8762.0,10,8764.0,1,8754.0
PK411,,13:44:35.0#,8624.0,8774.0,8624.0,9214.0,8006.0,26311,62232,8744.0,3,8746.0,1,8748.0,13,8750.0,43,8752.0,65,8756.0,35,8758.0,107,8760.0,22,8762.0,10,8764.0,1,8754.0
PK411,,13:44:35.500#,8624.0,8774.0,8624.0,9214.0,8006.0,26311,62232,8744.0,3,8746.0,1,8748.0,3,8750.0,45,8752.0,75,8756.0,35,8758.0,117,8760.0,12,8762.0,10,8764.0,1,8754.0
PK411,,13:44:35.750#,8624.0,8774.0,8624.0,9214.0,8006.0,26311,62232,8744.0,3,8746.0,1,8748.0,3,8750.0,35,8752.0,85,8756.0,35,8758.0,107,8760.0,22,8762.0,10,8764.0,1,8754.0
PK411,,13:44:36.0#,8624.0,8774.0,8624.0,9214.0,8006.0,26311,62232,8744.0,3,8746.0,1,8748.0,3,8750.0,35,8752.0,81,8756.0,35,8758.0,107,8760.0,22,8762.0,10,8764.0,1,8754.0
PK411,,13:44:36.250#,8624.0,8774.0,8624.0,9214.0,8006.0,26311,62232,8744.0,3,8746.0,1,8748.0,3,8750.0,35,8752.0,88,8756.0,35,8758.0,107,8760.0,22,8762.0,10,8764.0,1,8754.0
PK411,,13:44:36.500#,8624.0,8774.0,8624.0,9214.0,8006.0,26313,62232,8744.0,3,8746.0,1,8748.0,3,8750.0,35,8752.0,86,8756.0,35,8758.0,117,8760.0,10,8762.0,10,8764.0,1,8752.0
PK411,,13:44:36.750#,8624.0,8774.0,8624.0,9214.0,8006.0,26313,62232,8744.0,3,8746.0,1,8748.0,3,8750.0,35,8752.0,98,8756.0,37,8758.0,127,8760.0,10,8762.0,10,8764.0,1,8752.0
PK411,,13:44:37.0#,8624.0,8774.0,8624.0,9214.0,8006.0,26313,62232,8744.0,3,8746.0,1,8748.0,3,8750.0,35,8752.0,98,8756.0,37,8758.0,119,8760.0,20,8762.0,10,8764.0,1,8752.0
PK411,,13:44:37.250#,8624.0,8774.0,8624.0,9214.0,8006.0,26313,62232,8744.0,3,8746.0,1,8748.0,3,8750.0,35,8752.0,99,8756.0,37,8758.0,119,8760.0,20,8762.0,10,8764.0,1,8752.0
PK411,,13:44:37.500#,8624.0,8774.0,8624.0,9214.0,8006.0,26313,62232,8744.0,3,8746.0,1,8748.0,3,8750.0,35,8752.0,100,8756.0,37,8758.0,119,8760.0,20,8762.0,10,8764.0,1,8752.0
PK411,,13:44:37.750#,8624.0,8774.0,8624.0,9214.0,8006.0,26315,62232,8744.0,3,8746.0,1,8748.0,3,8750.0,35,8752.0,98,8756.0,37,8758.0,119,8760.0,20,8762.0,10,8764.0,1,8752.0
PK411,,13:44:38.250#,8624.0,8774.0,8624.0,9214.0,8006.0,26315,62232,8744.0,3,8746.0,1,8748.0,3,8750.0,35,8752.0,75,8756.0,54,8758.0,109,8760.0,20,8762.0,10,8764.0,1,8752.0
PK411,,13:44:38.500#,8624.0,8774.0,8624.0,9214.0,8006.0,26315,62232,8744.0,3,8746.0,1,8748.0,3,8750.0,55,8752.0,67,8754.0,2,8756.0,47,8758.0,119,8760.0,10,8762.0,10,8752.0
PK411,,13:44:38.750#,8624.0,8774.0,8624.0,9214.0,8006.0,26315,62232,8744.0,3,8746.0,1,8748.0,3,8750.0,55,8752.0,81,8754.0,3,8756.0,57,8758.0,72,8760.0,20,8762.0,10,8752.0
PK411,,13:44:39.0#,8624.0,8774.0,8624.0,9214.0,8006.0,26317,62232,8744.0,3,8746.0,1,8748.0,3,8750.0,55,8752.0,79,8754.0,1,8756.0,67,8758.0,62,8760.0,19,8762.0,10,8752.0
PK411,,13:44:39.500#,8624.0,8774.0,8624.0,9214.0,8006.0,26317,62232,8744.0,3,8746.0,1,8748.0,3,8750.0,65,8752.0,69,8754.0,1,8756.0,77,8758.0,52,8760.0,19,8762.0,10,8752.0
PK411,,13:44:39.750#,8624.0,8774.0,8624.0,9214.0,8006.0,26317,62232,8744.0,3,8746.0,1,8748.0,3,8750.0,65,8752.0,69,8754.0,1,8756.0,87,8758.0,42,8760.0,19,8762.0,10,8752.0
PK411,,13:44:40.250#,8624.0,8774.0,8624.0,9214.0,8006.0,26318,62233,8744.0,3,8746.0,1,8748.0,3,8750.0,65,8752.0,69,8756.0,87,8758.0,42,8760.0,19,8762.0,10,8764.0,1,8754.0
PK411,,13:44:40.500#,8624.0,8774.0,8624.0,9214.0,8006.0,26318,62233,8744.0,3,8746.0,1,8748.0,3,8750.0,55,8752.0,79,8756.0,67,8758.0,62,8760.0,20,8762.0,10,8764.0,1,8754.0
PK411,,13:44:40.750#,8624.0,8774.0,8624.0,9214.0,8006.0,26318,62233,8744.0,3,8746.0,1,8748.0,3,8750.0,35,8752.0,99,8756.0,47,8758.0,82,8760.0,20,8762.0,10,8764.0,1,8754.0
PK411,,13:44:41.0#,8624.0,8774.0,8624.0,9214.0,8006.0,26318,62233,8746.0,1,8748.0,3,8750.0,35,8752.0,82,8754.0,4,8756.0,37,8758.0,92,8760.0,20,8762.0,10,8764.0,1,8754.0
PK411,,13:44:41.250#,8624.0,8774.0,8624.0,9214.0,8006.0,26318,62233,8746.0,1,8748.0,3,8750.0,25,8752.0,82,8754.0,1,8756.0,37,8758.0,82,8760.0,20,8762.0,10,8764.0,1,8754.0
PK411,,13:44:41.500#,8624.0,8774.0,8624.0,9214.0,8006.0,26318,62233,8746.0,1,8748.0,2,8750.0,45,8752.0,72,8754.0,6,8756.0,37,8758.0,92,8760.0,20,8762.0,10,8764.0,1,8754.0
PK411,,13:44:41.750#,8624.0,8774.0,8624.0,9214.0,8006.0,26318,62233,8746.0,1,8748.0,2,8750.0,35,8752.0,80,8754.0,8,8756.0,37,8758.0,92,8760.0,20,8762.0,10,8764.0,1,8754.0
PK411,,13:44:42.0#,8624.0,8774.0,8624.0,9214.0,8006.0,26318,62233,8746.0,1,8748.0,2,8750.0,35,8752.0,80,8754.0,8,8756.0,37,8758.0,102,8760.0,10,8762.0,10,8764.0,1,8754.0
PK411,,13:44:42.250#,8624.0,8774.0,8624.0,9214.0,8006.0,26318,62233,8746.0,1,8748.0,2,8750.0,25,8752.0,90,8754.0,8,8756.0,37,8758.0,102,8760.0,10,8762.0,10,8764.0,1,8754.0
PK411,,13:44:42.500#,8624.0,8774.0,8624.0,9214.0,8006.0,26318,62233,8746.0,1,8748.0,2,8750.0,15,8752.0,100,8754.0,11,8756.0,37,8758.0,102,8760.0,10,8762.0,10,8764.0,1,8754.0
PK411,,13:44:42.750#,8624.0,8774.0,8624.0,9214.0,8006.0,26318,62233,8746.0,1,8748.0,2,8750.0,15,8752.0,90,8754.0,21,8756.0,37,8758.0,102,8760.0,10,8762.0,10,8764.0,1,8754.0
PK411,,13:44:43.250#,8624.0,8774.0,8624.0,9214.0,8006.0,26318,62233,8746.0,1,8748.0,2,8750.0,15,8752.0,90,8754.0,20,8756.0,37,8758.0,102,8760.0,10,8762.0,10,8764.0,1,8754.0
PK411,,13:44:43.750#,8624.0,8774.0,8624.0,9214.0,8006.0,26318,62233,8746.0,1,8748.0,1,8750.0,15,8752.0,90,8754.0,20,8756.0,37,8758.0,102,8760.0,10,8762.0,10,8764.0,1,8754.0
PK411,,13:44:44.0#,8624.0,8774.0,8624.0,9214.0,8006.0,26318,62233,8746.0,1,8748.0,1,8750.0,15,8752.0,80,8754.0,20,8756.0,37,8758.0,92,8760.0,10,8762.0,10,8764.0,1,8754.0
PK411,,13:44:44.250#,8624.0,8774.0,8624.0,9214.0,8006.0,26318,62233,8746.0,1,8748.0,1,8750.0,15,8752.0,90,8754.0,20,8756.0,37,8758.0,102,8760.0,10,8762.0,10,8764.0,1,8754.0
PK411,,13:44:44.500#,8624.0,8774.0,8624.0,9214.0,8006.0,26318,62233,8746.0,1,8748.0,1,8750.0,15,8752.0,90,8754.0,18,8756.0,37,8758.0,102,8760.0,10,8762.0,10,8764.0,1,8754.0
PK411,,13:44:44.750#,8624.0,8774.0,8624.0,9214.0,8006.0,26318,62233,8746.0,1,8748.0,1,8750.0,15,8752.0,90,8754.0,18,8756.0,37,8758.0,102,8760.0,10,8762.0,10,8764.0,1,8754.0
PK411,,13:44:45.0#,8624.0,8774.0,8624.0,9214.0,8006.0,26318,62233,8746.0,1,8748.0,1,8750.0,15,8752.0,90,8754.0,16,8756.0,37,8758.0,102,8760.0,10,8762.0,10,8764.0,1,8754.0
PK411,,13:44:45.250#,8624.0,8774.0,8624.0,9214.0,8006.0,26318,62233,8746.0,1,8748.0,1,8750.0,25,8752.0,90,8754.0,12,8756.0,37,8758.0,92,8760.0,20,8762.0,10,8764.0,1,8754.0
PK411,,13:44:45.500#,8624.0,8774.0,8624.0,9214.0,8006.0,26318,62233,8746.0,1,8748.0,1,8750.0,15,8752.0,90,8754.0,16,8756.0,37,8758.0,92,8760.0,20,8762.0,10,8764.0,1,8754.0
PK411,,13:44:45.750#,8624.0,8774.0,8624.0,9214.0,8006.0,26318,62233,8746.0,1,8748.0,1,8750.0,25,8752.0,90,8754.0,14,8756.0,37,8758.0,92,8760.0,20,8762.0,10,8764.0,1,8754.0
PK411,,13:44:46.0#,8624.0,8774.0,8624.0,9214.0,8006.0,26318,62233,8746.0,1,8748.0,1,8750.0,15,8752.0,100,8754.0,14,8756.0,37,8758.0,92,8760.0,20,8762.0,10,8764.0,1,8754.0
PK411,,13:44:46.250#,8624.0,8774.0,8624.0,9214.0,8006.0,26318,62233,8746.0,1,8748.0,1,8750.0,25,8752.0,90,8754.0,14,8756.0,37,8758.0,92,8760.0,20,8762.0,10,8764.0,1,8754.0
PK411,,13:44:46.500#,8624.0,8774.0,8624.0,9214.0,8006.0,26318,62233,8746.0,1,8748.0,1,8750.0,15,8752.0,100,8754.0,14,8756.0,37,8758.0,82,8760.0,30,8762.0,10,8764.0,1,8754.0
PK411,,13:44:47.0#,8624.0,8774.0,8624.0,9214.0,8006.0,26318,62233,8746.0,1,8748.0,1,8750.0,15,8752.0,100,8754.0,14,8756.0,37,8758.0,92,8760.0,20,8762.0,10,8764.0,1,8754.0
PK411,,13:44:48.500#,8624.0,8774.0,8624.0,9214.0,8006.0,26318,62233,8746.0,1,8748.0,1,8750.0,15,8752.0,100,8754.0,14,8756.0,37,8758.0,92,8760.0,19,8762.0,10,8764.0,1,8754.0
PK411,,13:44:48.750#,8624.0,8774.0,8624.0,9214.0,8006.0,26318,62233,8746.0,1,8748.0,1,8750.0,15,8752.0,100,8754.0,17,8756.0,37,8758.0,92,8760.0,19,8762.0,10,8764.0,1,8754.0
PK411,,13:44:49.0#,8624.0,8774.0,8624.0,9214.0,8006.0,26318,62233,8746.0,1,8748.0,1,8750.0,15,8752.0,100,8754.0,14,8756.0,37,8758.0,92,8760.0,19,8762.0,10,8764.0,1,8754.0
PK411,,13:44:49.250#,8624.0,8774.0,8624.0,9214.0,8006.0,26318,62233,8746.0,1,8748.0,1,8750.0,25,8752.0,90,8754.0,14,8756.0,37,8758.0,92,8760.0,19,8762.0,10,8764.0,1,8754.0
PK411,,13:44:49.500#,8624.0,8774.0,8624.0,9214.0,8006.0,26318,62233,8746.0,1,8748.0,1,8750.0,15,8752.0,100,8754.0,14,8756.0,37,8758.0,92,8760.0,19,8762.0,10,8764.0,1,8754.0
PK411,,13:44:50.500#,8624.0,8774.0,8624.0,9214.0,8006.0,26318,62233,8746.0,1,8748.0,1,8750.0,25,8752.0,90,8754.0,14,8756.0,37,8758.0,92,8760.0,19,8762.0,10,8764.0,1,8754.0
PK411,,13:44:50.750#,8624.0,8774.0,8624.0,9214.0,8006.0,26318,62233,8746.0,1,8748.0,1,8750.0,15,8752.0,100,8754.0,14,8756.0,37,8758.0,82,8760.0,29,8762.0,10,8764.0,1,8754.0
PK411,,13:44:51.0#,8624.0,8774.0,8624.0,9214.0,8006.0,26318,62233,8746.0,1,8748.0,1,8750.0,25,8752.0,90,8754.0,14,8756.0,37,8758.0,92,8760.0,19,8762.0,10,8764.0,1,8754.0
PK411,,13:44:51.250#,8624.0,8774.0,8624.0,9214.0,8006.0,26318,62233,8746.0,1,8748.0,1,8750.0,15,8752.0,100,8754.0,14,8756.0,37,8758.0,82,8760.0,29,8762.0,10,8764.0,1,8754.0
PK411,,13:44:51.500#,8624.0,8774.0,8624.0,9214.0,8006.0,26318,62233,8746.0,1,8748.0,1,8750.0,15,8752.0,100,8754.0,15,8756.0,37,8758.0,92,8760.0,19,8762.0,10,8764.0,1,8754.0
PK411,,13:44:52.250#,8624.0,8774.0,8624.0,9214.0,8006.0,26318,62233,8746.0,1,8748.0,1,8750.0,25,8752.0,90,8754.0,15,8756.0,37,8758.0,92,8760.0,19,8762.0,10,8764.0,1,8754.0
PK411,,13:44:52.750#,8624.0,8774.0,8624.0,9214.0,8006.0,26330,62234,8746.0,1,8748.0,1,8750.0,15,8752.0,100,8754.0,2,8756.0,37,8758.0,92,8760.0,19,8762.0,10,8764.0,1,8754.0
PK411,,13:44:53.0#,8624.0,8774.0,8624.0,9214.0,8006.0,26330,62234,8746.0,1,8748.0,1,8750.0,15,8752.0,102,8754.0,3,8756.0,37,8758.0,92,8760.0,19,8762.0,10,8764.0,1,8754.0
PK411,,13:44:53.250#,8624.0,8774.0,8624.0,9214.0,8006.0,26330,62234,8746.0,1,8748.0,1,8750.0,15,8752.0,102,8754.0,4,8756.0,37,8758.0,82,8760.0,29,8762.0,10,8764.0,1,8754.0
PK411,,13:44:53.500#,8624.0,8774.0,8624.0,9214.0,8006.0,26330,62234,8746.0,1,8748.0,1,8750.0,15,8752.0,102,8754.0,12,8756.0,37,8758.0,92,8760.0,19,8762.0,10,8764.0,1,8754.0
PK411,,13:44:53.750#,8624.0,8774.0,8624.0,9214.0,8006.0,26330,62234,8746.0,1,8748.0,1,8750.0,15,8752.0,100,8754.0,14,8756.0,37,8758.0,92,8760.0,19,8762.0,10,8764.0,1,8754.0
PK411,,13:44:54.250#,8624.0,8774.0,8624.0,9214.0,8006.0,26330,62234,8746.0,1,8748.0,1,8750.0,15,8752.0,90,8754.0,14,8756.0,37,8758.0,82,8760.0,19,8762.0,10,8764.0,1,8754.0
PK411,,13:44:54.500#,8624.0,8774.0,8624.0,9214.0,8006.0,26330,62234,8746.0,1,8748.0,1,8750.0,25,8752.0,90,8754.0,14,8756.0,37,8758.0,102,8760.0,9,8762.0,10,8764.0,1,8754.0
PK411,,13:44:54.750#,8624.0,8774.0,8624.0,9214.0,8006.0,26330,62234,8746.0,1,8748.0,1,8750.0,15,8752.0,100,8754.0,14,8756.0,37,8758.0,102,8760.0,9,8762.0,10,8764.0,1,8754.0
PK411,,13:44:55.750#,8624.0,8774.0,8624.0,9214.0,8006.0,26330,62234,8746.0,1,8748.0,1,8750.0,15,8752.0,100,8754.0,14,8756.0,37,8758.0,102,8760.0,9,8762.0,10,8764.0,1,8754.0
PK411,,13:44:56.250#,8624.0,8774.0,8624.0,9214.0,8006.0,26330,62234,8746.0,1,8748.0,1,8750.0,15,8752.0,90,8754.0,14,8756.0,37,8758.0,92,8760.0,9,8762.0,10,8764.0,1,8754.0
PK411,,13:44:56.500#,8624.0,8774.0,8624.0,9214.0,8006.0,26330,62234,8746.0,1,8748.0,1,8750.0,15,8752.0,100,8754.0,14,8756.0,37,8758.0,102,8760.0,9,8762.0,10,8764.0,1,8754.0
PK411,,13:44:56.750#,8624.0,8774.0,8624.0,9214.0,8006.0,26330,62234,8746.0,1,8748.0,1,8750.0,15,8752.0,100,8754.0,14,8756.0,39,8758.0,102,8760.0,9,8762.0,10,8764.0,1,8754.0
PK411,,13:44:57.500#,8624.0,8774.0,8624.0,9214.0,8006.0,26330,62234,8746.0,1,8748.0,1,8750.0,15,8752.0,100,8754.0,14,8756.0,39,8758.0,101,8760.0,9,8762.0,10,8764.0,1,8754.0
PK411,,13:44:58.250#,8624.0,8774.0,8624.0,9214.0,8006.0,26330,62234,8746.0,1,8748.0,1,8750.0,15,8752.0,90,8754.0,14,8756.0,39,8758.0,91,8760.0,9,8762.0,10,8764.0,1,8754.0
PK411,,13:44:58.500#,8624.0,8774.0,8624.0,9214.0,8006.0,26330,62234,8746.0,1,8748.0,1,8750.0,15,8752.0,100,8754.0,14,8756.0,39,8758.0,101,8760.0,9,8762.0,10,8764.0,1,8754.0
PK411,,13:45:00.250#,8624.0,8774.0,8624.0,9214.0,8006.0,26330,62234,8746.0,1,8748.0,1,8750.0,15,8752.0,90,8754.0,14,8756.0,39,8758.0,91,8760.0,9,8762.0,10,8764.0,1,8754.0
PK411,,13:45:00.500#,8624.0,8774.0,8624.0,9214.0,8006.0,26330,62234,8746.0,1,8748.0,1,8750.0,15,8752.0,100,8754.0,14,8756.0,39,8758.0,81,8760.0,29,8762.0,10,8764.0,1,8754.0
PK411,,13:45:00.750#,8624.0,8774.0,8624.0,9214.0,8006.0,26330,62234,8746.0,1,8748.0,1,8750.0,15,8752.0,100,8754.0,14,8756.0,39,8758.0,91,8760.0,19,8762.0,10,8764.0,1,8754.0
PK411,,13:45:01.500#,8624.0,8774.0,8624.0,9214.0,8006.0,26330,62234,8746.0,1,8748.0,1,8750.0,25,8752.0,90,8754.0,14,8756.0,39,8758.0,91,8760.0,19,8762.0,10,8764.0,1,8754.0
PK411,,13:45:01.750#,8624.0,8774.0,8624.0,9214.0,8006.0,26330,62234,8746.0,1,8748.0,1,8750.0,15,8752.0,100,8754.0,14,8756.0,39,8758.0,91,8760.0,19,8762.0,10,8764.0,1,8754.0
PK411,,13:45:02.0#,8624.0,8774.0,8624.0,9214.0,8006.0,26330,62234,8746.0,1,8748.0,1,8750.0,15,8752.0,100,8754.0,15,8756.0,39,8758.0,91,8760.0,19,8762.0,10,8764.0,1,8754.0
PK411,,13:45:02.250#,8624.0,8774.0,8624.0,9214.0,8006.0,26351,62234,8746.0,1,8748.0,1,8750.0,15,8752.0,100,8754.0,16,8756.0,18,8758.0,91,8760.0,19,8762.0,10,8764.0,1,8756.0
PK411,,13:45:02.500#,8624.0,8774.0,8624.0,9214.0,8006.0,26351,62234,8746.0,1,8748.0,1,8750.0,15,8752.0,100,8754.0,19,8756.0,18,8758.0,101,8760.0,9,8762.0,10,8764.0,1,8756.0
PK411,,13:45:02.750#,8624.0,8774.0,8624.0,9214.0,8006.0,26351,62234,8746.0,1,8748.0,1,8750.0,5,8752.0,90,8754.0,39,8756.0,8,8758.0,101,8760.0,19,8762.0,10,8764.0,1,8756.0
PK411,,13:45:03.0#,8624.0,8774.0,8624.0,9214.0,8006.0,26357,62237,8748.0,1,8750.0,5,8752.0,90,8754.0,34,8756.0,2,8758.0,101,8760.0,19,8762.0,10,8764.0,1,8766.0,7,8756.0
PK411,,13:45:03.250#,8624.0,8774.0,8624.0,9214.0,8006.0,26357,62237,8748.0,1,8750.0,5,8752.0,70,8754.0,54,8756.0,13,8758.0,55,8760.0,59,8762.0,11,8764.0,1,8766.0,7,8756.0
PK411,,13:45:03.500#,8624.0,8774.0,8624.0,9214.0,8006.0,26357,62237,8748.0,1,8750.0,4,8752.0,40,8754.0,82,8756.0,15,8758.0,25,8760.0,89,8762.0,11,8764.0,1,8766.0,7,8756.0
PK411,,13:45:03.750#,8624.0,8774.0,8624.0,9214.0,8006.0,26357,62237,8748.0,1,8750.0,4,8752.0,30,8754.0,92,8756.0,15,8758.0,25,8760.0,89,8762.0,13,8764.0,1,8766.0,7,8756.0
PK411,,13:45:05.250#,8624.0,8774.0,8624.0,9214.0,8006.0,26357,62237,8748.0,1,8750.0,4,8752.0,20,8754.0,102,8756.0,15,8758.0,25,8760.0,89,8762.0,13,8764.0,1,8766.0,7,8756.0
PK411,,13:45:05.500#,8624.0,8774.0,8624.0,9214.0,8006.0,26357,62237,8748.0,1,8750.0,4,8752.0,30,8754.0,92,8756.0,15,8758.0,25,8760.0,89,8762.0,13,8764.0,1,8766.0,7,8756.0
PK411,,13:45:08.500#,8624.0,8774.0,8624.0,9214.0,8006.0,26358,62237,8748.0,1,8750.0,4,8752.0,30,8754.0,92,8756.0,14,8758.0,25,8760.0,89,8762.0,13,8764.0,1,8766.0,7,8756.0
PK411,,13:45:08.750#,8624.0,8774.0,8624.0,9214.0,8006.0,26358,62237,8748.0,1,8750.0,4,8752.0,20,8754.0,102,8756.0,14,8758.0,27,8760.0,79,8762.0,23,8764.0,1,8766.0,7,8756.0
PK411,,13:45:09.0#,8624.0,8774.0,8624.0,9214.0,8006.0,26358,62237,8748.0,1,8750.0,4,8752.0,30,8754.0,92,8756.0,14,8758.0,27,8760.0,89,8762.0,13,8764.0,1,8766.0,7,8756.0
PK411,,13:45:09.250#,8624.0,8774.0,8624.0,9214.0,8006.0,26358,62237,8748.0,1,8750.0,4,8752.0,30,8754.0,92,8756.0,15,8758.0,27,8760.0,89,8762.0,13,8764.0,1,8766.0,7,8756.0
PK411,,13:45:09.500#,8624.0,8774.0,8624.0,9214.0,8006.0,26358,62237,8748.0,1,8750.0,4,8752.0,30,8754.0,92,8756.0,15,8758.0,25,8760.0,89,8762.0,13,8764.0,1,8766.0,7,8756.0
PK411,,13:45:15.250#,8624.0,8774.0,8624.0,9214.0,8006.0,26358,62237,8748.0,1,8750.0,4,8752.0,30,8754.0,80,8756.0,13,8758.0,26,8760.0,79,8762.0,13,8764.0,1,8766.0,7,8756.0
PK411,,13:45:15.500#,8624.0,8774.0,8624.0,9214.0,8006.0,26358,62237,8748.0,1,8750.0,4,8752.0,30,8754.0,90,8756.0,13,8758.0,26,8760.0,89,8762.0,13,8764.0,1,8766.0,7,8756.0
PK411,,13:45:15.750#,8624.0,8774.0,8624.0,9214.0,8006.0,26358,62237,8748.0,1,8750.0,4,8752.0,20,8754.0,100,8756.0,13,8758.0,26,8760.0,89,8762.0,13,8764.0,1,8766.0,7,8756.0
PK411,,13:45:21.500#,8624.0,8774.0,8624.0,9214.0,8006.0,26358,62237,8748.0,1,8750.0,4,8752.0,20,8754.0,90,8756.0,13,8758.0,26,8760.0,79,8762.0,13,8764.0,1,8766.0,7,8756.0
PK411,,13:45:21.750#,8624.0,8774.0,8624.0,9214.0,8006.0,26358,62237,8748.0,1,8750.0,4,8752.0,20,8754.0,100,8756.0,13,8758.0,25,8760.0,89,8762.0,13,8764.0,1,8766.0,7,8756.0
PK411,,13:45:24.500#,8624.0,8774.0,8624.0,9214.0,8006.0,26358,62237,8748.0,1,8750.0,4,8752.0,20,8754.0,100,8756.0,13,8758.0,25,8760.0,89,8762.0,13,8764.0,1,8766.0,7,8756.0
PK411,,13:45:25.250#,8624.0,8774.0,8624.0,9214.0,8006.0,26358,62237,8748.0,1,8750.0,4,8752.0,20,8754.0,100,8756.0,14,8758.0,25,8760.0,89,8762.0,13,8764.0,1,8766.0,7,8756.0
PK411,,13:45:25.500#,8624.0,8774.0,8624.0,9214.0,8006.0,26358,62237,8748.0,1,8750.0,4,8752.0,20,8754.0,100,8756.0,14,8758.0,27,8760.0,89,8762.0,13,8764.0,1,8766.0,7,8756.0
PK411,,13:45:25.750#,8624.0,8774.0,8624.0,9214.0,8006.0,26372,62249,8746.0,1,8748.0,1,8750.0,4,8752.0,20,8754.0,112,8756.0,15,8758.0,27,8760.0,89,8762.0,13,8764.0,1,8756.0
PK411,,13:45:26.0#,8624.0,8774.0,8624.0,9214.0,8006.0,26372,62249,8746.0,1,8748.0,1,8750.0,5,8752.0,50,8754.0,84,8756.0,18,8758.0,45,8760.0,71,8762.0,11,8764.0,1,8756.0
PK411,,13:45:26.250#,8624.0,8774.0,8624.0,9214.0,8006.0,26372,62249,8746.0,1,8748.0,1,8750.0,5,8752.0,80,8754.0,54,8756.0,18,8758.0,65,8760.0,51,8762.0,10,8764.0,1,8756.0
PK411,,13:45:26.500#,8624.0,8774.0,8624.0,9214.0,8006.0,26374,62249,8746.0,1,8748.0,1,8750.0,5,8752.0,90,8754.0,44,8756.0,16,8758.0,75,8760.0,41,8762.0,10,8764.0,1,8756.0
PK411,,13:45:27.0#,8624.0,8774.0,8624.0,9214.0,8006.0,26374,62249,8746.0,1,8748.0,1,8750.0,5,8752.0,90,8754.0,45,8756.0,16,8758.0,75,8760.0,41,8762.0,10,8764.0,1,8756.0
PK411,,13:45:27.250#,8624.0,8774.0,8624.0,9214.0,8006.0,26374,62249,8746.0,1,8748.0,1,8750.0,5,8752.0,90,8754.0,45,8756.0,16,8758.0,65,8760.0,51,8762.0,10,8764.0,1,8756.0
PK411,,13:45:28.0#,8624.0,8774.0,8624.0,9214.0,8006.0,26374,62249,8746.0,1,8748.0,1,8750.0,5,8752.0,90,8754.0,45,8756.0,16,8758.0,75,8760.0,41,8762.0,10,8764.0,1,8756.0
PK411,,13:45:28.500#,8624.0,8774.0,8624.0,9214.0,8006.0,26374,62249,8746.0,1,8748.0,1,8750.0,5,8752.0,90,8754.0,46,8756.0,16,8758.0,75,8760.0,41,8762.0,10,8764.0,1,8756.0
PK411,,13:45:30.500#,8624.0,8774.0,8624.0,9214.0,8006.0,26375,62249,8746.0,1,8748.0,1,8750.0,5,8752.0,90,8754.0,45,8756.0,15,8758.0,75,8760.0,41,8762.0,10,8764.0,1,8756.0
PK411,,13:45:30.750#,8624.0,8774.0,8624.0,9214.0,8006.0,26381,62255,8746.0,1,8748.0,1,8750.0,15,8752.0,80,8754.0,45,8756.0,9,8758.0,85,8760.0,31,8762.0,10,8764.0,1,8756.0
PK411,,13:45:31.0#,8624.0,8774.0,8624.0,9214.0,8006.0,26384,62255,8746.0,1,8748.0,1,8750.0,15,8752.0,80,8754.0,42,8756.0,6,8758.0,95,8760.0,21,8762.0,10,8764.0,1,8756.0
PK411,,13:45:32.0#,8624.0,8774.0,8624.0,9214.0,8006.0,26385,62255,8746.0,1,8748.0,1,8750.0,15,8752.0,80,8754.0,41,8756.0,5,8758.0,95,8760.0,21,8762.0,10,8764.0,1,8756.0
PK411,,13:45:32.500#,8624.0,8774.0,8624.0,9214.0,8006.0,26385,62255,8746.0,1,8748.0,1,8750.0,15,8752.0,80,8754.0,41,8756.0,5,8758.0,96,8760.0,21,8762.0,10,8764.0,1,8756.0
PK411,,13:45:32.750#,8624.0,8774.0,8624.0,9214.0,8006.0,26385,62255,8746.0,1,8748.0,1,8750.0,5,8752.0,90,8754.0,41,8756.0,5,8758.0,86,8760.0,31,8762.0,10,8764.0,1,8756.0
PK411,,13:45:33.0#,8624.0,8774.0,8624.0,9214.0,8006.0,26385,62255,8746.0,1,8748.0,1,8750.0,5,8752.0,90,8754.0,41,8756.0,5,8758.0,76,8760.0,41,8762.0,10,8764.0,1,8756.0
PK411,,13:45:33.250#,8624.0,8774.0,8624.0,9214.0,8006.0,26385,62255,8746.0,1,8748.0,1,8750.0,5,8752.0,90,8754.0,41,8756.0,5,8758.0,76,8760.0,41,8762.0,10,8764.0,1,8756.0
PK411,,13:45:33.500#,8624.0,8774.0,8624.0,9214.0,8006.0,26394,62255,8746.0,1,8748.0,1,8750.0,5,8752.0,90,8754.0,32,8756.0,14,8758.0,76,8760.0,41,8762.0,10,8764.0,1,8754.0
PK411,,13:45:33.750#,8624.0,8774.0,8624.0,9214.0,8006.0,26394,62255,8746.0,1,8748.0,1,8750.0,5,8752.0,90,8754.0,32,8756.0,14,8758.0,86,8760.0,31,8762.0,10,8764.0,1,8754.0
PK411,,13:45:34.0#,8624.0,8774.0,8624.0,9214.0,8006.0,26394,62255,8746.0,1,8748.0,1,8750.0,15,8752.0,90,8754.0,22,8756.0,24,8758.0,86,8760.0,21,8762.0,10,8764.0,1,8754.0
PK411,,13:45:34.250#,8624.0,8774.0,8624.0,9214.0,8006.0,26394,62255,8746.0,1,8748.0,1,8750.0,25,8752.0,90,8754.0,4,8756.0,34,8758.0,86,8760.0,11,8762.0,10,8764.0,1,8754.0
PK411,,13:45:34.500#,8624.0,8774.0,8624.0,9214.0,8006.0,26394,62255,8746.0,1,8748.0,1,8750.0,25,8752.0,92,8754.0,2,8756.0,34,8758.0,86,8760.0,11,8762.0,10,8764.0,1,8754.0
