InstrumentId,ExchangeId,Datetime,OpenPrice,HighestPrice,LowestPrice,UpperLimitPrice,LowerLimitPrice,Volume,OpenInterest,BidPrice5,BidVolume5,BidPrice4,BidVolume4,BidPrice3,BidVolume3,BidPrice2,BidVolume2,BidPrice1,BidVolume1,AskPrice1,AskVolume1,AskPrice2,AskVolume2,AskPrice3,AskVolume3,AskPrice4,AskVolume4,AskPrice5,AskVolume5,LastPrice
PK501,,13:38:35.500#,8666.0,8758.0,8666.0,9250.0,8038.0,4880,13130,8734.0,2,8736.0,4,8738.0,83,8740.0,2,8742.0,4,8744.0,3,8746.0,13,8748.0,16,8750.0,40,8752.0,13,8742.0
PK501,,13:38:38.750#,8666.0,8758.0,8666.0,9250.0,8038.0,4880,13130,8734.0,2,8736.0,4,8738.0,83,8740.0,2,8742.0,4,8744.0,2,8746.0,13,8748.0,16,8750.0,40,8752.0,13,8742.0
PK501,,13:38:39.0#,8666.0,8758.0,8666.0,9250.0,8038.0,4880,13130,8734.0,2,8736.0,4,8738.0,83,8740.0,2,8742.0,4,8744.0,4,8746.0,13,8748.0,16,8750.0,40,8752.0,13,8742.0
PK501,,13:38:41.0#,8666.0,8758.0,8666.0,9250.0,8038.0,4880,13130,8734.0,2,8736.0,4,8738.0,83,8740.0,2,8742.0,4,8744.0,6,8746.0,13,8748.0,16,8750.0,40,8752.0,13,8742.0
PK501,,13:38:56.750#,8666.0,8758.0,8666.0,9250.0,8038.0,4880,13130,8734.0,2,8736.0,4,8738.0,83,8740.0,2,8742.0,4,8744.0,6,8746.0,13,8748.0,16,8750.0,40,8752.0,13,8742.0
PK501,,13:38:57.0#,8666.0,8758.0,8666.0,9250.0,8038.0,4880,13130,8730.0,7,8736.0,4,8738.0,83,8740.0,2,8742.0,4,8744.0,6,8746.0,13,8748.0,16,8750.0,40,8752.0,13,8742.0
PK501,,13:39:06.0#,8666.0,8758.0,8666.0,9250.0,8038.0,4884,13126,8728.0,2,8730.0,7,8736.0,4,8738.0,83,8740.0,2,8742.0,3,8744.0,2,8746.0,13,8748.0,16,8750.0,40,8742.0
PK501,,13:39:06.500#,8666.0,8758.0,8666.0,9250.0,8038.0,4884,13126,8728.0,2,8730.0,7,8736.0,4,8738.0,83,8740.0,2,8744.0,3,8746.0,13,8748.0,16,8750.0,40,8752.0,13,8742.0
PK501,,13:39:06.750#,8666.0,8758.0,8666.0,9250.0,8038.0,4884,13126,8728.0,2,8730.0,7,8736.0,4,8738.0,83,8740.0,3,8744.0,4,8746.0,13,8748.0,16,8750.0,40,8752.0,13,8742.0
PK501,,13:39:20.0#,8666.0,8758.0,8666.0,9250.0,8038.0,4884,13126,8728.0,2,8730.0,7,8736.0,4,8738.0,83,8740.0,3,8744.0,3,8746.0,13,8748.0,16,8750.0,40,8752.0,13,8742.0
PK501,,13:39:21.250#,8666.0,8758.0,8666.0,9250.0,8038.0,4884,13126,8728.0,2,8730.0,7,8736.0,4,8738.0,83,8740.0,3,8744.0,2,8746.0,13,8748.0,16,8750.0,40,8752.0,13,8742.0
PK501,,13:39:21.500#,8666.0,8758.0,8666.0,9250.0,8038.0,4884,13126,8728.0,2,8730.0,7,8736.0,4,8738.0,83,8740.0,3,8744.0,3,8746.0,13,8748.0,16,8750.0,40,8752.0,13,8742.0
PK501,,13:39:24.0#,8666.0,8758.0,8666.0,9250.0,8038.0,4884,13126,8728.0,2,8730.0,7,8736.0,4,8738.0,83,8740.0,3,8744.0,21,8746.0,13,8748.0,16,8750.0,40,8752.0,13,8742.0
PK501,,13:39:25.250#,8666.0,8758.0,8666.0,9250.0,8038.0,4884,13126,8728.0,2,8730.0,7,8736.0,4,8738.0,83,8740.0,3,8744.0,20,8746.0,13,8748.0,16,8750.0,40,8752.0,13,8742.0
PK501,,13:39:26.0#,8666.0,8758.0,8666.0,9250.0,8038.0,4884,13126,8728.0,2,8730.0,7,8736.0,4,8738.0,83,8740.0,3,8744.0,21,8746.0,13,8748.0,16,8750.0,40,8752.0,13,8742.0
PK501,,13:39:32.750#,8666.0,8758.0,8666.0,9250.0,8038.0,4884,13126,8728.0,2,8730.0,7,8736.0,4,8738.0,83,8740.0,3,8744.0,21,8746.0,13,8748.0,16,8750.0,40,8752.0,13,8742.0
PK501,,13:39:33.0#,8666.0,8758.0,8666.0,9250.0,8038.0,4884,13126,8728.0,2,8730.0,7,8736.0,4,8738.0,83,8740.0,3,8744.0,21,8746.0,13,8748.0,16,8750.0,40,8752.0,13,8742.0
PK501,,13:39:34.250#,8666.0,8758.0,8666.0,9250.0,8038.0,4884,13126,8728.0,2,8730.0,7,8736.0,4,8738.0,83,8740.0,3,8744.0,20,8746.0,13,8748.0,16,8750.0,40,8752.0,13,8742.0
PK501,,13:39:34.500#,8666.0,8758.0,8666.0,9250.0,8038.0,4884,13126,8728.0,2,8730.0,7,8736.0,4,8738.0,83,8740.0,3,8744.0,20,8746.0,13,8748.0,16,8750.0,40,8752.0,12,8742.0
PK501,,13:39:34.750#,8666.0,8758.0,8666.0,9250.0,8038.0,4884,13126,8728.0,2,8730.0,8,8736.0,4,8738.0,83,8740.0,3,8744.0,20,8746.0,13,8748.0,16,8750.0,40,8752.0,12,8742.0
PK501,,13:39:40.250#,8666.0,8758.0,8666.0,9250.0,8038.0,4884,13126,8728.0,2,8730.0,8,8736.0,4,8738.0,83,8740.0,3,8744.0,21,8746.0,13,8748.0,16,8750.0,40,8752.0,12,8742.0
PK501,,13:39:45.750#,8666.0,8758.0,8666.0,9250.0,8038.0,4884,13126,8728.0,2,8730.0,8,8736.0,4,8738.0,83,8740.0,3,8744.0,22,8746.0,13,8748.0,16,8750.0,40,8752.0,12,8742.0
PK501,,13:39:46.750#,8666.0,8758.0,8666.0,9250.0,8038.0,4884,13126,8730.0,8,8736.0,4,8738.0,83,8740.0,3,8742.0,2,8744.0,22,8746.0,13,8748.0,16,8750.0,40,8752.0,12,8742.0
PK501,,13:39:49.750#,8666.0,8758.0,8666.0,9250.0,8038.0,4885,13125,8730.0,8,8736.0,4,8738.0,83,8740.0,3,8742.0,1,8744.0,21,8746.0,13,8748.0,16,8750.0,40,8752.0,12,8742.0
PK501,,13:39:50.0#,8666.0,8758.0,8666.0,9250.0,8038.0,4885,13125,8730.0,8,8736.0,4,8738.0,83,8740.0,3,8742.0,3,8744.0,20,8746.0,13,8748.0,16,8750.0,40,8752.0,12,8742.0
PK501,,13:39:50.500#,8666.0,8758.0,8666.0,9250.0,8038.0,4885,13125,8730.0,8,8736.0,4,8738.0,83,8740.0,3,8742.0,3,8744.0,21,8746.0,13,8748.0,16,8750.0,40,8752.0,12,8742.0
PK501,,13:39:51.500#,8666.0,8758.0,8666.0,9250.0,8038.0,4885,13125,8730.0,8,8736.0,3,8738.0,83,8740.0,3,8742.0,3,8744.0,21,8746.0,13,8748.0,16,8750.0,40,8752.0,12,8742.0
PK501,,13:39:58.250#,8666.0,8758.0,8666.0,9250.0,8038.0,4885,13125,8730.0,8,8736.0,3,8738.0,83,8740.0,3,8742.0,3,8744.0,20,8746.0,13,8748.0,16,8750.0,40,8752.0,12,8742.0
PK501,,13:40:02.250#,8666.0,8758.0,8666.0,9250.0,8038.0,4886,13124,8730.0,8,8736.0,3,8738.0,83,8740.0,3,8742.0,2,8744.0,20,8746.0,13,8748.0,16,8750.0,40,8752.0,12,8742.0
PK501,,13:40:04.250#,8666.0,8758.0,8666.0,9250.0,8038.0,4886,13124,8730.0,8,8736.0,3,8738.0,83,8740.0,3,8742.0,4,8744.0,20,8746.0,13,8748.0,16,8750.0,40,8752.0,12,8742.0
PK501,,13:40:05.250#,8666.0,8758.0,8666.0,9250.0,8038.0,4886,13124,8730.0,8,8736.0,3,8738.0,83,8740.0,3,8742.0,2,8744.0,20,8746.0,13,8748.0,16,8750.0,40,8752.0,12,8742.0
PK501,,13:40:07.500#,8666.0,8758.0,8666.0,9250.0,8038.0,4888,13124,8728.0,2,8730.0,8,8736.0,3,8738.0,83,8740.0,3,8742.0,2,8744.0,20,8746.0,13,8748.0,16,8750.0,40,8742.0
PK501,,13:40:08.0#,8666.0,8758.0,8666.0,9250.0,8038.0,4888,13124,8728.0,2,8730.0,8,8736.0,3,8738.0,83,8740.0,3,8742.0,3,8744.0,20,8746.0,13,8748.0,16,8750.0,40,8742.0
PK501,,13:40:15.0#,8666.0,8758.0,8666.0,9250.0,8038.0,4890,13125,8728.0,2,8730.0,8,8736.0,3,8738.0,83,8740.0,1,8742.0,3,8744.0,20,8746.0,13,8748.0,16,8750.0,40,8740.0
PK501,,13:40:15.500#,8666.0,8758.0,8666.0,9250.0,8038.0,4890,13125,8728.0,2,8730.0,8,8736.0,3,8738.0,83,8740.0,2,8742.0,3,8744.0,20,8746.0,13,8748.0,16,8750.0,40,8740.0
PK501,,13:40:23.500#,8666.0,8758.0,8666.0,9250.0,8038.0,4890,13125,8728.0,2,8730.0,8,8736.0,3,8738.0,83,8740.0,2,8742.0,3,8744.0,20,8746.0,13,8748.0,16,8750.0,40,8740.0
PK501,,13:40:37.750#,8666.0,8758.0,8666.0,9250.0,8038.0,4890,13125,8726.0,3,8728.0,2,8730.0,8,8736.0,3,8738.0,83,8742.0,3,8744.0,20,8746.0,13,8748.0,16,8750.0,40,8740.0
PK501,,13:40:53.0#,8666.0,8758.0,8666.0,9250.0,8038.0,4890,13125,8726.0,3,8728.0,2,8730.0,8,8736.0,3,8738.0,83,8742.0,3,8744.0,20,8746.0,13,8748.0,16,8750.0,40,8740.0
PK501,,13:40:57.250#,8666.0,8758.0,8666.0,9250.0,8038.0,4890,13125,8726.0,3,8728.0,2,8730.0,8,8736.0,3,8738.0,83,8742.0,1,8744.0,20,8746.0,13,8748.0,16,8750.0,40,8740.0
PK501,,13:40:59.750#,8666.0,8758.0,8666.0,9250.0,8038.0,4890,13125,8726.0,3,8728.0,2,8730.0,8,8736.0,3,8738.0,83,8742.0,2,8744.0,20,8746.0,13,8748.0,16,8750.0,40,8740.0
PK501,,13:41:00.0#,8666.0,8758.0,8666.0,9250.0,8038.0,4890,13125,8726.0,3,8728.0,2,8730.0,7,8736.0,3,8738.0,83,8742.0,10,8744.0,20,8746.0,13,8748.0,16,8750.0,40,8740.0
PK501,,13:41:00.250#,8666.0,8758.0,8666.0,9250.0,8038.0,4890,13125,8726.0,4,8728.0,2,8730.0,7,8736.0,3,8738.0,83,8742.0,10,8744.0,20,8746.0,13,8748.0,16,8750.0,40,8740.0
PK501,,13:41:02.0#,8666.0,8758.0,8666.0,9250.0,8038.0,4892,13123,8726.0,4,8728.0,2,8730.0,7,8736.0,3,8738.0,81,8742.0,10,8744.0,20,8746.0,13,8748.0,16,8750.0,40,8738.0
PK501,,13:41:02.250#,8666.0,8758.0,8666.0,9250.0,8038.0,4892,13123,8726.0,4,8728.0,2,8730.0,7,8736.0,3,8738.0,81,8742.0,10,8744.0,20,8746.0,13,8748.0,16,8750.0,40,8738.0
PK501,,13:41:02.500#,8666.0,8758.0,8666.0,9250.0,8038.0,4892,13123,8726.0,4,8728.0,2,8730.0,7,8736.0,3,8738.0,81,8742.0,10,8744.0,20,8746.0,13,8748.0,16,8750.0,40,8738.0
PK501,,13:41:06.250#,8666.0,8758.0,8666.0,9250.0,8038.0,4892,13123,8726.0,4,8728.0,2,8730.0,7,8736.0,3,8738.0,81,8742.0,11,8744.0,20,8746.0,13,8748.0,16,8750.0,40,8738.0
PK501,,13:41:09.0#,8666.0,8758.0,8666.0,9250.0,8038.0,4892,13123,8726.0,4,8728.0,2,8730.0,7,8736.0,3,8738.0,81,8742.0,12,8744.0,20,8746.0,13,8748.0,16,8750.0,40,8738.0
PK501,,13:41:15.0#,8666.0,8758.0,8666.0,9250.0,8038.0,4892,13123,8726.0,4,8728.0,2,8730.0,7,8736.0,3,8738.0,81,8742.0,10,8744.0,20,8746.0,13,8748.0,16,8750.0,40,8738.0
PK501,,13:41:18.0#,8666.0,8758.0,8666.0,9250.0,8038.0,4892,13123,8726.0,4,8728.0,2,8730.0,7,8736.0,3,8738.0,81,8742.0,10,8744.0,20,8746.0,13,8748.0,16,8750.0,40,8738.0
PK501,,13:41:19.500#,8666.0,8758.0,8666.0,9250.0,8038.0,4892,13123,8726.0,4,8728.0,2,8730.0,7,8736.0,3,8738.0,81,8742.0,11,8744.0,20,8746.0,13,8748.0,16,8750.0,40,8738.0
PK501,,13:41:19.750#,8666.0,8758.0,8666.0,9250.0,8038.0,4892,13123,8726.0,4,8728.0,2,8730.0,7,8736.0,3,8738.0,81,8742.0,10,8744.0,20,8746.0,13,8748.0,16,8750.0,40,8738.0
PK501,,13:41:20.0#,8666.0,8758.0,8666.0,9250.0,8038.0,4892,13123,8726.0,4,8728.0,2,8730.0,7,8736.0,3,8738.0,81,8742.0,11,8744.0,20,8746.0,13,8748.0,16,8750.0,40,8738.0
PK501,,13:41:22.0#,8666.0,8758.0,8666.0,9250.0,8038.0,4892,13123,8726.0,4,8728.0,2,8730.0,7,8736.0,3,8738.0,81,8742.0,10,8744.0,20,8746.0,13,8748.0,16,8750.0,40,8738.0
PK501,,13:41:22.250#,8666.0,8758.0,8666.0,9250.0,8038.0,4893,13123,8726.0,4,8728.0,2,8730.0,7,8736.0,3,8738.0,80,8742.0,10,8744.0,20,8746.0,13,8748.0,16,8750.0,40,8738.0
PK501,,13:41:24.500#,8666.0,8758.0,8666.0,9250.0,8038.0,4893,13123,8726.0,4,8728.0,2,8730.0,7,8736.0,3,8738.0,80,8742.0,9,8744.0,20,8746.0,13,8748.0,16,8750.0,40,8738.0
PK501,,13:41:27.0#,8666.0,8758.0,8666.0,9250.0,8038.0,4896,13123,8726.0,4,8728.0,2,8730.0,7,8736.0,3,8738.0,77,8742.0,9,8744.0,20,8746.0,13,8748.0,16,8750.0,40,8738.0
PK501,,13:41:32.500#,8666.0,8758.0,8666.0,9250.0,8038.0,4896,13123,8726.0,4,8728.0,2,8730.0,7,8736.0,3,8738.0,77,8742.0,10,8744.0,20,8746.0,13,8748.0,16,8750.0,40,8738.0
PK501,,13:41:35.250#,8666.0,8758.0,8666.0,9250.0,8038.0,4896,13123,8726.0,4,8728.0,2,8730.0,7,8736.0,3,8738.0,85,8742.0,10,8744.0,20,8746.0,13,8748.0,16,8750.0,40,8738.0
PK501,,13:41:37.500#,8666.0,8758.0,8666.0,9250.0,8038.0,4896,13123,8726.0,4,8728.0,2,8730.0,7,8736.0,3,8738.0,85,8742.0,11,8744.0,20,8746.0,13,8748.0,16,8750.0,40,8738.0
PK501,,13:41:54.500#,8666.0,8758.0,8666.0,9250.0,8038.0,4896,13123,8726.0,4,8728.0,2,8730.0,7,8736.0,6,8738.0,85,8740.0,1,8742.0,10,8744.0,20,8746.0,13,8748.0,16,8738.0
PK501,,13:41:55.750#,8666.0,8758.0,8666.0,9250.0,8038.0,4896,13123,8726.0,4,8728.0,2,8730.0,7,8736.0,6,8738.0,85,8740.0,2,8742.0,10,8744.0,20,8746.0,13,8748.0,16,8738.0
PK501,,13:41:57.0#,8666.0,8758.0,8666.0,9250.0,8038.0,4896,13123,8726.0,4,8728.0,2,8730.0,7,8736.0,6,8738.0,85,8740.0,2,8742.0,10,8744.0,20,8746.0,13,8748.0,16,8738.0
PK501,,13:42:02.250#,8666.0,8758.0,8666.0,9250.0,8038.0,4896,13123,8726.0,4,8728.0,2,8730.0,7,8736.0,6,8738.0,85,8740.0,1,8742.0,10,8744.0,20,8746.0,13,8748.0,16,8738.0
PK501,,13:42:04.0#,8666.0,8758.0,8666.0,9250.0,8038.0,4896,13123,8726.0,4,8728.0,2,8730.0,7,8736.0,6,8738.0,85,8740.0,2,8742.0,10,8744.0,20,8746.0,13,8748.0,16,8738.0
PK501,,13:42:13.750#,8666.0,8758.0,8666.0,9250.0,8038.0,4896,13123,8726.0,4,8728.0,2,8730.0,7,8736.0,6,8738.0,85,8740.0,1,8742.0,10,8744.0,2,8746.0,13,8748.0,16,8738.0
PK501,,13:42:22.500#,8666.0,8758.0,8666.0,9250.0,8038.0,4898,13121,8726.0,4,8728.0,2,8730.0,7,8736.0,6,8738.0,83,8740.0,1,8742.0,10,8744.0,2,8746.0,13,8748.0,16,8738.0
PK501,,13:42:23.0#,8666.0,8758.0,8666.0,9250.0,8038.0,4899,13121,8726.0,4,8728.0,2,8730.0,7,8736.0,6,8738.0,83,8742.0,11,8744.0,2,8746.0,13,8748.0,16,8750.0,40,8740.0
PK501,,13:42:23.500#,8666.0,8758.0,8666.0,9250.0,8038.0,4900,13121,8726.0,4,8728.0,2,8730.0,7,8736.0,6,8738.0,82,8742.0,11,8744.0,2,8746.0,13,8748.0,16,8750.0,40,8738.0
PK501,,13:42:23.750#,8666.0,8758.0,8666.0,9250.0,8038.0,4900,13121,8726.0,4,8728.0,2,8730.0,7,8736.0,6,8738.0,82,8740.0,1,8742.0,10,8744.0,2,8746.0,13,8748.0,16,8738.0
PK501,,13:42:25.500#,8666.0,8758.0,8666.0,9250.0,8038.0,4900,13121,8726.0,4,8728.0,2,8730.0,7,8736.0,6,8738.0,82,8742.0,12,8744.0,2,8746.0,13,8748.0,16,8750.0,40,8738.0
PK501,,13:42:26.750#,8666.0,8758.0,8666.0,9250.0,8038.0,4900,13121,8726.0,4,8728.0,2,8730.0,7,8736.0,6,8738.0,82,8742.0,11,8744.0,2,8746.0,13,8748.0,16,8750.0,40,8738.0
PK501,,13:42:32.250#,8666.0,8758.0,8666.0,9250.0,8038.0,4900,13121,8726.0,4,8728.0,2,8730.0,7,8736.0,6,8738.0,82,8742.0,10,8744.0,2,8746.0,13,8748.0,16,8750.0,40,8738.0
PK501,,13:42:32.500#,8666.0,8758.0,8666.0,9250.0,8038.0,4901,13121,8726.0,4,8728.0,2,8730.0,7,8736.0,6,8738.0,81,8742.0,10,8744.0,2,8746.0,13,8748.0,16,8750.0,40,8738.0
PK501,,13:42:35.750#,8666.0,8758.0,8666.0,9250.0,8038.0,4901,13121,8726.0,4,8728.0,2,8730.0,7,8736.0,6,8738.0,81,8742.0,10,8744.0,2,8746.0,13,8748.0,16,8750.0,40,8738.0
PK501,,13:42:36.0#,8666.0,8758.0,8666.0,9250.0,8038.0,4901,13121,8726.0,4,8728.0,2,8730.0,7,8736.0,6,8738.0,81,8742.0,10,8744.0,2,8746.0,13,8748.0,16,8750.0,40,8738.0
PK501,,13:42:37.500#,8666.0,8758.0,8666.0,9250.0,8038.0,4901,13121,8726.0,4,8728.0,2,8730.0,7,8736.0,6,8738.0,81,8740.0,1,8742.0,9,8744.0,2,8746.0,13,8748.0,16,8738.0
PK501,,13:42:43.750#,8666.0,8758.0,8666.0,9250.0,8038.0,4901,13121,8726.0,4,8728.0,2,8730.0,7,8736.0,6,8738.0,81,8740.0,1,8742.0,9,8744.0,2,8746.0,13,8748.0,16,8738.0
PK501,,13:42:44.0#,8666.0,8758.0,8666.0,9250.0,8038.0,4901,13121,8726.0,4,8728.0,2,8730.0,7,8736.0,6,8738.0,81,8740.0,1,8742.0,9,8744.0,2,8746.0,13,8748.0,16,8738.0
PK501,,13:42:47.0#,8666.0,8758.0,8666.0,9250.0,8038.0,4901,13121,8726.0,4,8728.0,2,8730.0,7,8736.0,6,8738.0,82,8740.0,1,8742.0,9,8744.0,2,8746.0,13,8748.0,16,8738.0
PK501,,13:42:58.250#,8666.0,8758.0,8666.0,9250.0,8038.0,4902,13120,8726.0,4,8728.0,2,8730.0,7,8736.0,6,8738.0,81,8742.0,9,8744.0,2,8746.0,13,8748.0,16,8750.0,40,8738.0
PK501,,13:43:01.0#,8666.0,8758.0,8666.0,9250.0,8038.0,4902,13120,8726.0,4,8728.0,2,8730.0,7,8736.0,6,8738.0,81,8742.0,10,8744.0,2,8746.0,13,8748.0,16,8750.0,40,8738.0
PK501,,13:43:01.250#,8666.0,8758.0,8666.0,9250.0,8038.0,4902,13120,8726.0,4,8728.0,2,8730.0,7,8736.0,6,8738.0,81,8740.0,1,8742.0,9,8744.0,2,8746.0,13,8748.0,16,8738.0
PK501,,13:43:02.250#,8666.0,8758.0,8666.0,9250.0,8038.0,4903,13119,8726.0,4,8728.0,2,8730.0,7,8736.0,6,8738.0,80,8742.0,11,8744.0,2,8746.0,13,8748.0,16,8750.0,40,8738.0
PK501,,13:43:03.0#,8666.0,8758.0,8666.0,9250.0,8038.0,4903,13119,8726.0,4,8728.0,2,8730.0,7,8736.0,6,8738.0,80,8742.0,10,8744.0,2,8746.0,13,8748.0,16,8750.0,40,8738.0
PK501,,13:43:04.0#,8666.0,8758.0,8666.0,9250.0,8038.0,4903,13119,8726.0,4,8728.0,2,8730.0,7,8736.0,6,8738.0,80,8740.0,1,8742.0,9,8744.0,2,8746.0,13,8748.0,16,8738.0
PK501,,13:43:09.0#,8666.0,8758.0,8666.0,9250.0,8038.0,4903,13119,8726.0,4,8728.0,2,8730.0,7,8736.0,6,8738.0,80,8740.0,1,8742.0,9,8744.0,2,8746.0,13,8748.0,16,8738.0
PK501,,13:43:09.750#,8666.0,8758.0,8666.0,9250.0,8038.0,4904,13118,8726.0,4,8728.0,2,8730.0,7,8736.0,6,8738.0,79,8742.0,22,8744.0,2,8746.0,13,8748.0,16,8750.0,40,8738.0
PK501,,13:43:10.0#,8666.0,8758.0,8666.0,9250.0,8038.0,4904,13118,8726.0,4,8728.0,2,8730.0,7,8736.0,6,8738.0,79,8742.0,23,8744.0,2,8746.0,13,8748.0,16,8750.0,40,8738.0
PK501,,13:43:11.750#,8666.0,8758.0,8666.0,9250.0,8038.0,4904,13118,8726.0,4,8728.0,2,8730.0,7,8736.0,6,8738.0,79,8742.0,31,8744.0,2,8746.0,13,8748.0,16,8750.0,40,8738.0
PK501,,13:43:13.0#,8666.0,8758.0,8666.0,9250.0,8038.0,4904,13118,8726.0,4,8728.0,2,8730.0,7,8736.0,6,8738.0,79,8740.0,1,8742.0,9,8744.0,2,8746.0,13,8748.0,16,8738.0
PK501,,13:43:13.500#,8666.0,8758.0,8666.0,9250.0,8038.0,4904,13118,8726.0,4,8728.0,2,8730.0,7,8736.0,6,8738.0,79,8742.0,11,8744.0,2,8746.0,13,8748.0,16,8750.0,40,8738.0
PK501,,13:43:18.0#,8666.0,8758.0,8666.0,9250.0,8038.0,4904,13118,8726.0,4,8728.0,2,8730.0,7,8736.0,6,8738.0,79,8740.0,1,8742.0,9,8744.0,2,8746.0,13,8748.0,16,8738.0
PK501,,13:43:36.0#,8666.0,8758.0,8666.0,9250.0,8038.0,4904,13118,8726.0,4,8728.0,2,8730.0,7,8736.0,6,8738.0,79,8740.0,1,8742.0,1,8744.0,2,8746.0,13,8748.0,16,8738.0
PK501,,13:43:59.750#,8666.0,8758.0,8666.0,9250.0,8038.0,4904,13118,8726.0,4,8728.0,2,8730.0,7,8736.0,6,8738.0,79,8740.0,1,8742.0,1,8744.0,2,8746.0,13,8748.0,16,8738.0
PK501,,13:44:03.0#,8666.0,8758.0,8666.0,9250.0,8038.0,4910,13112,8726.0,4,8728.0,2,8730.0,7,8736.0,6,8738.0,73,8740.0,1,8742.0,1,8744.0,2,8746.0,13,8748.0,16,8738.0
PK501,,13:44:03.250#,8666.0,8758.0,8666.0,9250.0,8038.0,4916,13112,8726.0,4,8728.0,2,8730.0,7,8736.0,6,8738.0,67,8740.0,1,8742.0,1,8744.0,2,8746.0,13,8748.0,16,8738.0
PK501,,13:44:04.500#,8666.0,8758.0,8666.0,9250.0,8038.0,4917,13112,8726.0,4,8728.0,2,8730.0,7,8736.0,6,8738.0,66,8740.0,1,8742.0,1,8744.0,2,8746.0,13,8748.0,16,8738.0
PK501,,13:44:07.750#,8666.0,8758.0,8666.0,9250.0,8038.0,4917,13112,8726.0,4,8728.0,2,8730.0,7,8736.0,6,8738.0,66,8740.0,2,8742.0,1,8744.0,2,8746.0,13,8748.0,16,8738.0
PK501,,13:44:19.0#,8666.0,8758.0,8666.0,9250.0,8038.0,4917,13112,8726.0,4,8728.0,2,8730.0,7,8736.0,6,8738.0,66,8740.0,1,8742.0,1,8744.0,2,8746.0,13,8748.0,16,8738.0
PK501,,13:44:21.750#,8666.0,8758.0,8666.0,9250.0,8038.0,4922,13107,8726.0,4,8728.0,2,8730.0,7,8736.0,6,8738.0,61,8740.0,1,8742.0,1,8744.0,2,8746.0,13,8748.0,16,8738.0
PK501,,13:44:24.250#,8666.0,8758.0,8666.0,9250.0,8038.0,4922,13107,8726.0,5,8728.0,2,8730.0,7,8736.0,6,8738.0,61,8740.0,1,8742.0,1,8744.0,2,8746.0,13,8748.0,16,8738.0
PK501,,13:44:26.750#,8666.0,8758.0,8666.0,9250.0,8038.0,4922,13107,8726.0,5,8728.0,2,8730.0,7,8736.0,6,8738.0,61,8740.0,2,8742.0,1,8744.0,2,8746.0,13,8748.0,16,8738.0
PK501,,13:44:33.500#,8666.0,8758.0,8666.0,9250.0,8038.0,4923,13106,8726.0,5,8728.0,2,8730.0,7,8736.0,6,8738.0,60,8740.0,1,8742.0,1,8744.0,2,8746.0,13,8748.0,16,8738.0
PK501,,13:44:33.750#,8666.0,8758.0,8666.0,9250.0,8038.0,4924,13105,8726.0,5,8728.0,2,8730.0,7,8736.0,6,8738.0,59,8740.0,20,8742.0,1,8744.0,2,8746.0,13,8748.0,16,8738.0
PK501,,13:44:34.0#,8666.0,8758.0,8666.0,9250.0,8038.0,4924,13105,8726.0,5,8728.0,2,8730.0,7,8736.0,6,8738.0,59,8740.0,22,8742.0,1,8744.0,2,8746.0,13,8748.0,16,8738.0
PK501,,13:44:34.250#,8666.0,8758.0,8666.0,9250.0,8038.0,4924,13105,8726.0,5,8728.0,2,8730.0,7,8736.0,6,8738.0,59,8740.0,20,8742.0,1,8744.0,2,8746.0,13,8748.0,16,8738.0
PK501,,13:44:34.500#,8666.0,8758.0,8666.0,9250.0,8038.0,4924,13105,8726.0,5,8728.0,2,8730.0,7,8736.0,6,8738.0,59,8740.0,21,8742.0,1,8744.0,2,8746.0,13,8748.0,16,8738.0
PK501,,13:44:34.750#,8666.0,8758.0,8666.0,9250.0,8038.0,4924,13105,8726.0,5,8728.0,2,8730.0,7,8736.0,6,8738.0,59,8740.0,20,8742.0,1,8744.0,2,8746.0,13,8748.0,16,8738.0
PK501,,13:44:37.250#,8666.0,8758.0,8666.0,9250.0,8038.0,4926,13105,8726.0,5,8728.0,2,8730.0,7,8736.0,6,8738.0,57,8740.0,18,8742.0,1,8744.0,2,8746.0,13,8748.0,16,8738.0
PK501,,13:44:38.0#,8666.0,8758.0,8666.0,9250.0,8038.0,4927,13105,8726.0,5,8728.0,2,8730.0,7,8736.0,6,8738.0,56,8740.0,17,8742.0,1,8744.0,2,8746.0,13,8748.0,16,8738.0
PK501,,13:44:38.250#,8666.0,8758.0,8666.0,9250.0,8038.0,4944,13105,8726.0,5,8728.0,2,8730.0,7,8736.0,6,8738.0,39,8742.0,4,8744.0,2,8746.0,13,8748.0,16,8750.0,40,8738.0
PK501,,13:44:38.500#,8666.0,8758.0,8666.0,9250.0,8038.0,4944,13105,8726.0,5,8728.0,2,8730.0,7,8736.0,6,8738.0,39,8740.0,2,8742.0,1,8744.0,2,8746.0,13,8748.0,16,8738.0
PK501,,13:44:38.750#,8666.0,8758.0,8666.0,9250.0,8038.0,4944,13105,8726.0,5,8728.0,2,8730.0,7,8736.0,6,8738.0,39,8740.0,3,8742.0,1,8744.0,2,8746.0,13,8748.0,16,8738.0
PK501,,13:44:39.0#,8666.0,8758.0,8666.0,9250.0,8038.0,4944,13105,8726.0,5,8728.0,2,8730.0,7,8736.0,6,8738.0,39,8740.0,1,8742.0,1,8744.0,2,8746.0,13,8748.0,16,8738.0
PK501,,13:44:40.250#,8666.0,8758.0,8666.0,9250.0,8038.0,4944,13105,8726.0,5,8728.0,2,8730.0,7,8736.0,6,8738.0,39,8742.0,4,8744.0,2,8746.0,13,8748.0,16,8750.0,41,8738.0
PK501,,13:44:43.750#,8666.0,8758.0,8666.0,9250.0,8038.0,4945,13105,8726.0,5,8728.0,2,8730.0,7,8736.0,6,8738.0,38,8742.0,4,8744.0,2,8746.0,13,8748.0,16,8750.0,41,8738.0
PK501,,13:44:50.250#,8666.0,8758.0,8666.0,9250.0,8038.0,4946,13105,8726.0,5,8728.0,2,8730.0,7,8736.0,6,8738.0,37,8742.0,3,8744.0,2,8746.0,13,8748.0,16,8750.0,41,8738.0
PK501,,13:44:50.500#,8666.0,8758.0,8666.0,9250.0,8038.0,4946,13105,8726.0,5,8728.0,2,8730.0,7,8736.0,6,8738.0,37,8742.0,4,8744.0,2,8746.0,13,8748.0,16,8750.0,41,8738.0
PK501,,13:44:51.250#,8666.0,8758.0,8666.0,9250.0,8038.0,4946,13105,8726.0,5,8728.0,2,8730.0,7,8736.0,6,8738.0,37,8742.0,4,8744.0,2,8746.0,13,8748.0,16,8750.0,40,8738.0
PK501,,13:44:57.750#,8666.0,8758.0,8666.0,9250.0,8038.0,4951,13105,8726.0,5,8728.0,2,8730.0,7,8736.0,6,8738.0,32,8742.0,4,8744.0,2,8746.0,13,8748.0,16,8750.0,40,8738.0
PK501,,13:45:02.250#,8666.0,8758.0,8666.0,9250.0,8038.0,4951,13105,8726.0,5,8728.0,2,8730.0,7,8736.0,6,8738.0,32,8742.0,1,8744.0,2,8746.0,13,8748.0,16,8750.0,40,8738.0
PK501,,13:45:11.250#,8666.0,8758.0,8666.0,9250.0,8038.0,4951,13105,8726.0,5,8728.0,2,8730.0,7,8736.0,6,8738.0,24,8742.0,1,8744.0,2,8746.0,13,8748.0,16,8750.0,40,8738.0
PK501,,13:45:11.500#,8666.0,8758.0,8666.0,9250.0,8038.0,4951,13105,8728.0,2,8730.0,7,8736.0,6,8738.0,24,8740.0,8,8742.0,1,8744.0,2,8746.0,13,8748.0,16,8750.0,40,8738.0
PK501,,13:45:14.250#,8666.0,8758.0,8666.0,9250.0,8038.0,4952,13106,8728.0,2,8730.0,7,8736.0,6,8738.0,24,8740.0,7,8742.0,1,8744.0,2,8746.0,13,8748.0,16,8750.0,40,8740.0
PK501,,13:45:15.750#,8666.0,8758.0,8666.0,9250.0,8038.0,4959,13113,8726.0,5,8728.0,2,8730.0,7,8736.0,6,8738.0,24,8740.0,3,8742.0,1,8744.0,2,8746.0,13,8748.0,16,8740.0
PK501,,13:45:38.500#,8666.0,8758.0,8666.0,9250.0,8038.0,4960,13112,8726.0,5,8728.0,2,8730.0,7,8736.0,6,8738.0,23,8740.0,3,8742.0,1,8744.0,2,8746.0,13,8748.0,16,8738.0
PK501,,13:46:04.250#,8666.0,8758.0,8666.0,9250.0,8038.0,4962,13110,8726.0,5,8728.0,2,8730.0,7,8736.0,6,8738.0,21,8740.0,3,8742.0,1,8744.0,2,8746.0,13,8748.0,16,8738.0
PK501,,13:46:31.250#,8666.0,8758.0,8666.0,9250.0,8038.0,4962,13110,8726.0,5,8728.0,2,8730.0,7,8736.0,6,8738.0,21,8740.0,3,8742.0,1,8744.0,2,8746.0,13,8748.0,16,8738.0
PK501,,13:46:32.0#,8666.0,8758.0,8666.0,9250.0,8038.0,4962,13110,8726.0,5,8728.0,2,8730.0,7,8736.0,6,8738.0,22,8740.0,3,8742.0,1,8744.0,2,8746.0,13,8748.0,16,8738.0
PK501,,13:46:43.0#,8666.0,8758.0,8666.0,9250.0,8038.0,4964,13108,8726.0,5,8728.0,2,8730.0,7,8736.0,6,8738.0,20,8740.0,3,8742.0,1,8744.0,2,8746.0,13,8748.0,16,8738.0
PK501,,13:46:54.0#,8666.0,8758.0,8666.0,9250.0,8038.0,4964,13108,8726.0,5,8728.0,2,8730.0,7,8736.0,6,8738.0,19,8740.0,3,8742.0,1,8744.0,2,8746.0,13,8748.0,16,8738.0
PK501,,13:47:01.500#,8666.0,8758.0,8666.0,9250.0,8038.0,4965,13108,8726.0,5,8728.0,2,8730.0,7,8736.0,6,8738.0,18,8740.0,3,8742.0,1,8744.0,2,8746.0,13,8748.0,16,8738.0
PK501,,13:47:05.250#,8666.0,8758.0,8666.0,9250.0,8038.0,4965,13108,8726.0,5,8728.0,2,8730.0,7,8736.0,6,8738.0,18,8740.0,4,8742.0,1,8744.0,2,8746.0,13,8748.0,16,8738.0
PK501,,13:47:09.500#,8666.0,8758.0,8666.0,9250.0,8038.0,4965,13108,8726.0,5,8728.0,2,8730.0,7,8736.0,6,8738.0,19,8740.0,4,8742.0,1,8744.0,2,8746.0,13,8748.0,16,8738.0
PK501,,13:47:29.0#,8666.0,8758.0,8666.0,9250.0,8038.0,4965,13108,8726.0,5,8728.0,2,8730.0,7,8736.0,6,8738.0,19,8740.0,4,8742.0,1,8744.0,2,8746.0,13,8748.0,16,8738.0
PK501,,13:47:32.250#,8666.0,8758.0,8666.0,9250.0,8038.0,4965,13108,8726.0,5,8728.0,2,8730.0,7,8736.0,6,8738.0,18,8740.0,4,8742.0,1,8744.0,2,8746.0,13,8748.0,16,8738.0
PK501,,13:47:38.750#,8666.0,8758.0,8666.0,9250.0,8038.0,4965,13108,8726.0,5,8728.0,2,8730.0,7,8736.0,6,8738.0,18,8740.0,4,8742.0,11,8744.0,2,8746.0,13,8748.0,16,8738.0
PK501,,13:48:07.0#,8666.0,8758.0,8666.0,9250.0,8038.0,4965,13108,8726.0,5,8728.0,2,8730.0,7,8736.0,6,8738.0,18,8740.0,4,8742.0,1,8744.0,2,8746.0,13,8748.0,16,8738.0
PK501,,13:48:16.250#,8666.0,8758.0,8666.0,9250.0,8038.0,4967,13106,8726.0,5,8728.0,2,8730.0,7,8736.0,6,8738.0,16,8740.0,4,8742.0,1,8744.0,2,8746.0,13,8748.0,16,8738.0
PK501,,13:48:17.500#,8666.0,8758.0,8666.0,9250.0,8038.0,4967,13106,8726.0,5,8728.0,2,8730.0,7,8736.0,6,8738.0,16,8740.0,4,8742.0,1,8744.0,2,8746.0,13,8748.0,26,8738.0
PK501,,13:48:42.250#,8666.0,8758.0,8666.0,9250.0,8038.0,4967,13106,8726.0,5,8728.0,2,8730.0,7,8736.0,6,8738.0,16,8740.0,4,8742.0,1,8744.0,2,8746.0,13,8748.0,26,8738.0
PK501,,13:48:43.750#,8666.0,8758.0,8666.0,9250.0,8038.0,4967,13106,8726.0,5,8728.0,2,8730.0,7,8736.0,6,8738.0,16,8740.0,4,8742.0,1,8744.0,2,8746.0,13,8748.0,26,8738.0
PK501,,13:48:45.750#,8666.0,8758.0,8666.0,9250.0,8038.0,4967,13106,8726.0,5,8728.0,2,8730.0,7,8736.0,6,8738.0,16,8740.0,4,8742.0,1,8744.0,2,8746.0,13,8748.0,26,8738.0
PK501,,13:48:47.500#,8666.0,8758.0,8666.0,9250.0,8038.0,4967,13106,8726.0,5,8728.0,2,8730.0,7,8736.0,6,8738.0,16,8740.0,4,8742.0,1,8744.0,2,8746.0,13,8748.0,26,8738.0
PK501,,13:48:51.500#,8666.0,8758.0,8666.0,9250.0,8038.0,4967,13106,8726.0,5,8728.0,2,8730.0,7,8736.0,6,8738.0,16,8740.0,5,8742.0,1,8744.0,2,8746.0,13,8748.0,26,8738.0
PK501,,13:48:54.750#,8666.0,8758.0,8666.0,9250.0,8038.0,4967,13106,8726.0,5,8728.0,2,8730.0,7,8736.0,6,8738.0,16,8740.0,4,8742.0,1,8744.0,2,8746.0,13,8748.0,26,8738.0
PK501,,13:48:56.250#,8666.0,8758.0,8666.0,9250.0,8038.0,4967,13106,8726.0,5,8728.0,2,8730.0,7,8736.0,6,8738.0,16,8740.0,5,8742.0,1,8744.0,2,8746.0,13,8748.0,26,8738.0
PK501,,13:49:08.0#,8666.0,8758.0,8666.0,9250.0,8038.0,4967,13106,8726.0,5,8728.0,2,8730.0,7,8736.0,6,8738.0,16,8740.0,5,8742.0,1,8744.0,2,8746.0,13,8748.0,26,8738.0
PK501,,13:49:09.750#,8666.0,8758.0,8666.0,9250.0,8038.0,4968,13106,8726.0,5,8728.0,2,8730.0,7,8736.0,6,8738.0,15,8740.0,5,8742.0,1,8744.0,2,8746.0,13,8748.0,26,8738.0
PK501,,13:49:10.0#,8666.0,8758.0,8666.0,9250.0,8038.0,4969,13105,8726.0,5,8728.0,2,8730.0,7,8736.0,6,8738.0,14,8740.0,5,8742.0,1,8744.0,2,8746.0,13,8748.0,26,8738.0
PK501,,13:49:10.500#,8666.0,8758.0,8666.0,9250.0,8038.0,4970,13104,8726.0,5,8728.0,2,8730.0,7,8736.0,6,8738.0,13,8740.0,5,8742.0,1,8744.0,2,8746.0,13,8748.0,26,8738.0
PK501,,13:49:12.750#,8666.0,8758.0,8666.0,9250.0,8038.0,4970,13104,8726.0,5,8728.0,2,8730.0,7,8736.0,6,8738.0,13,8740.0,4,8742.0,1,8744.0,2,8746.0,13,8748.0,26,8738.0
PK501,,13:49:25.0#,8666.0,8758.0,8666.0,9250.0,8038.0,4970,13104,8726.0,5,8728.0,2,8730.0,7,8736.0,6,8738.0,14,8740.0,4,8742.0,1,8744.0,2,8746.0,13,8748.0,26,8738.0
