InstrumentId,ExchangeId,Datetime,OpenPrice,HighestPrice,LowestPrice,UpperLimitPrice,LowerLimitPrice,Volume,OpenInterest,BidPrice5,BidVolume5,BidPrice4,BidVolume4,BidPrice3,BidVolume3,BidPrice2,BidVolume2,BidPrice1,BidVolume1,AskPrice1,AskVolume1,AskPrice2,AskVolume2,AskPrice3,AskVolume3,AskPrice4,AskVolume4,AskPrice5,AskVolume5,LastPrice
PX501,,13:38:35.0#,8430.0,8430.0,8360.0,9004.0,7824.0,3269,28921,8366.0,6,8368.0,21,8370.0,5,8380.0,1,8388.0,5,8392.0,4,8396.0,1,8398.0,2,8400.0,2,8410.0,1,8390.0
PX501,,13:38:35.250#,8430.0,8430.0,8360.0,9004.0,7824.0,3269,28921,8366.0,6,8368.0,21,8370.0,5,8380.0,1,8388.0,5,8392.0,2,8396.0,1,8398.0,2,8400.0,2,8410.0,1,8390.0
PX501,,13:38:35.500#,8430.0,8430.0,8360.0,9004.0,7824.0,3269,28921,8366.0,6,8368.0,21,8370.0,5,8380.0,1,8388.0,5,8392.0,1,8396.0,1,8398.0,2,8400.0,2,8410.0,1,8390.0
PX501,,13:38:35.750#,8430.0,8430.0,8360.0,9004.0,7824.0,3269,28921,8366.0,6,8368.0,21,8370.0,5,8380.0,1,8388.0,5,8392.0,4,8396.0,1,8398.0,2,8400.0,2,8410.0,1,8390.0
PX501,,13:38:36.0#,8430.0,8430.0,8360.0,9004.0,7824.0,3269,28921,8366.0,6,8368.0,21,8370.0,5,8380.0,1,8388.0,5,8392.0,1,8396.0,1,8398.0,2,8400.0,2,8410.0,1,8390.0
PX501,,13:38:37.250#,8430.0,8430.0,8360.0,9004.0,7824.0,3269,28921,8366.0,6,8368.0,21,8370.0,5,8380.0,1,8388.0,6,8392.0,1,8396.0,1,8398.0,2,8400.0,2,8410.0,1,8390.0
PX501,,13:38:49.0#,8430.0,8430.0,8360.0,9004.0,7824.0,3269,28921,8366.0,6,8368.0,21,8370.0,5,8380.0,1,8388.0,7,8392.0,1,8396.0,1,8398.0,2,8400.0,2,8410.0,1,8390.0
PX501,,13:38:55.500#,8430.0,8430.0,8360.0,9004.0,7824.0,3269,28921,8366.0,6,8368.0,21,8370.0,5,8380.0,1,8388.0,5,8392.0,1,8396.0,1,8398.0,2,8400.0,2,8410.0,1,8390.0
PX501,,13:38:59.250#,8430.0,8430.0,8360.0,9004.0,7824.0,3269,28921,8366.0,6,8368.0,21,8370.0,5,8380.0,1,8388.0,6,8392.0,1,8396.0,1,8398.0,2,8400.0,2,8410.0,1,8390.0
PX501,,13:38:59.500#,8430.0,8430.0,8360.0,9004.0,7824.0,3269,28921,8366.0,6,8368.0,21,8370.0,5,8380.0,1,8388.0,5,8392.0,1,8396.0,1,8398.0,2,8400.0,2,8410.0,1,8390.0
PX501,,13:39:01.750#,8430.0,8430.0,8360.0,9004.0,7824.0,3269,28921,8366.0,6,8368.0,21,8370.0,5,8380.0,1,8388.0,7,8392.0,1,8396.0,1,8398.0,2,8400.0,2,8410.0,1,8390.0
PX501,,13:39:09.0#,8430.0,8430.0,8360.0,9004.0,7824.0,3269,28921,8366.0,6,8368.0,21,8370.0,5,8380.0,1,8388.0,6,8392.0,1,8396.0,1,8398.0,2,8400.0,2,8410.0,1,8390.0
PX501,,13:39:13.0#,8430.0,8430.0,8360.0,9004.0,7824.0,3269,28921,8368.0,21,8370.0,5,8376.0,1,8380.0,1,8388.0,6,8392.0,1,8396.0,1,8398.0,2,8400.0,2,8410.0,1,8390.0
PX501,,13:39:14.750#,8430.0,8430.0,8360.0,9004.0,7824.0,3269,28921,8368.0,21,8370.0,5,8376.0,1,8380.0,1,8388.0,7,8392.0,1,8396.0,1,8398.0,2,8400.0,2,8410.0,1,8390.0
PX501,,13:39:18.750#,8430.0,8430.0,8360.0,9004.0,7824.0,3269,28921,8368.0,21,8370.0,5,8376.0,1,8380.0,1,8388.0,5,8392.0,4,8396.0,1,8398.0,2,8400.0,2,8410.0,1,8390.0
PX501,,13:39:19.0#,8430.0,8430.0,8360.0,9004.0,7824.0,3269,28921,8368.0,21,8370.0,5,8376.0,1,8380.0,1,8388.0,5,8392.0,1,8396.0,1,8398.0,2,8400.0,2,8410.0,1,8390.0
PX501,,13:39:21.750#,8430.0,8430.0,8360.0,9004.0,7824.0,3269,28921,8368.0,21,8370.0,5,8376.0,1,8380.0,1,8388.0,7,8392.0,1,8396.0,1,8398.0,2,8400.0,2,8410.0,1,8390.0
PX501,,13:39:27.500#,8430.0,8430.0,8360.0,9004.0,7824.0,3269,28921,8368.0,21,8370.0,5,8376.0,1,8380.0,1,8388.0,6,8392.0,1,8396.0,1,8398.0,2,8400.0,2,8410.0,1,8390.0
PX501,,13:39:28.750#,8430.0,8430.0,8360.0,9004.0,7824.0,3269,28921,8368.0,21,8370.0,5,8376.0,1,8380.0,1,8388.0,7,8392.0,1,8396.0,1,8398.0,2,8400.0,2,8410.0,1,8390.0
PX501,,13:39:29.0#,8430.0,8430.0,8360.0,9004.0,7824.0,3269,28921,8370.0,5,8376.0,1,8380.0,1,8388.0,5,8390.0,2,8392.0,1,8396.0,1,8398.0,2,8400.0,2,8410.0,1,8390.0
PX501,,13:39:29.250#,8430.0,8430.0,8360.0,9004.0,7824.0,3269,28921,8370.0,5,8376.0,1,8380.0,1,8388.0,2,8390.0,2,8392.0,1,8396.0,1,8398.0,2,8400.0,2,8410.0,1,8390.0
PX501,,13:39:31.0#,8430.0,8430.0,8360.0,9004.0,7824.0,3269,28921,8372.0,1,8376.0,1,8380.0,1,8388.0,2,8390.0,2,8392.0,1,8396.0,1,8398.0,2,8400.0,2,8410.0,1,8390.0
PX501,,13:39:32.750#,8430.0,8430.0,8360.0,9004.0,7824.0,3269,28921,8372.0,1,8376.0,1,8380.0,1,8388.0,2,8390.0,2,8392.0,2,8396.0,1,8398.0,2,8400.0,2,8410.0,1,8390.0
PX501,,13:39:37.750#,8430.0,8430.0,8360.0,9004.0,7824.0,3269,28921,8370.0,5,8372.0,1,8376.0,1,8380.0,1,8388.0,4,8392.0,2,8396.0,1,8398.0,2,8400.0,2,8410.0,1,8390.0
PX501,,13:39:38.0#,8430.0,8430.0,8360.0,9004.0,7824.0,3269,28921,8372.0,1,8376.0,1,8380.0,1,8388.0,2,8390.0,2,8392.0,2,8396.0,1,8398.0,2,8400.0,2,8410.0,1,8390.0
PX501,,13:39:40.0#,8430.0,8430.0,8360.0,9004.0,7824.0,3271,28921,8372.0,1,8376.0,1,8380.0,1,8388.0,2,8392.0,5,8396.0,1,8398.0,2,8400.0,2,8410.0,1,8412.0,20,8392.0
PX501,,13:39:40.250#,8430.0,8430.0,8360.0,9004.0,7824.0,3271,28921,8370.0,5,8372.0,1,8376.0,1,8380.0,1,8392.0,7,8396.0,2,8398.0,2,8400.0,2,8410.0,1,8412.0,20,8392.0
PX501,,13:39:40.500#,8430.0,8430.0,8360.0,9004.0,7824.0,3271,28921,8370.0,5,8372.0,1,8376.0,1,8380.0,1,8392.0,7,8396.0,2,8398.0,2,8400.0,1,8410.0,1,8412.0,20,8392.0
PX501,,13:39:42.750#,8430.0,8430.0,8360.0,9004.0,7824.0,3271,28921,8370.0,5,8372.0,1,8376.0,1,8380.0,1,8392.0,7,8396.0,1,8398.0,2,8400.0,1,8410.0,1,8412.0,20,8392.0
PX501,,13:39:43.0#,8430.0,8430.0,8360.0,9004.0,7824.0,3271,28921,8372.0,1,8376.0,1,8380.0,1,8392.0,2,8394.0,2,8396.0,1,8398.0,2,8400.0,1,8410.0,1,8412.0,20,8392.0
PX501,,13:39:43.250#,8430.0,8430.0,8360.0,9004.0,7824.0,3271,28921,8372.0,1,8376.0,1,8380.0,1,8392.0,2,8394.0,3,8396.0,1,8398.0,2,8400.0,1,8410.0,1,8412.0,20,8392.0
PX501,,13:39:43.500#,8430.0,8430.0,8360.0,9004.0,7824.0,3271,28921,8370.0,5,8372.0,1,8376.0,12,8380.0,1,8392.0,7,8396.0,2,8398.0,2,8400.0,1,8410.0,1,8412.0,20,8392.0
PX501,,13:39:44.500#,8430.0,8430.0,8360.0,9004.0,7824.0,3271,28921,8372.0,1,8376.0,12,8380.0,1,8392.0,2,8394.0,1,8396.0,2,8398.0,2,8400.0,1,8410.0,1,8412.0,20,8392.0
PX501,,13:39:44.750#,8430.0,8430.0,8360.0,9004.0,7824.0,3271,28921,8372.0,1,8376.0,12,8380.0,1,8392.0,2,8394.0,3,8396.0,2,8398.0,2,8400.0,1,8410.0,1,8412.0,20,8392.0
PX501,,13:39:45.0#,8430.0,8430.0,8360.0,9004.0,7824.0,3272,28921,8372.0,1,8376.0,12,8380.0,1,8392.0,2,8394.0,4,8396.0,1,8398.0,2,8400.0,1,8410.0,1,8412.0,20,8396.0
PX501,,13:39:45.250#,8430.0,8430.0,8360.0,9004.0,7824.0,3273,28922,8372.0,1,8376.0,12,8380.0,1,8392.0,2,8394.0,3,8398.0,2,8400.0,1,8410.0,1,8412.0,20,8414.0,6,8396.0
PX501,,13:39:48.0#,8430.0,8430.0,8360.0,9004.0,7824.0,3273,28922,8370.0,5,8372.0,1,8376.0,12,8380.0,1,8392.0,5,8398.0,2,8400.0,1,8410.0,1,8412.0,20,8414.0,6,8396.0
PX501,,13:39:48.250#,8430.0,8430.0,8360.0,9004.0,7824.0,3273,28922,8370.0,5,8372.0,1,8376.0,12,8380.0,1,8392.0,5,8398.0,3,8400.0,1,8410.0,1,8412.0,20,8414.0,6,8396.0
PX501,,13:39:48.500#,8430.0,8430.0,8360.0,9004.0,7824.0,3273,28922,8370.0,5,8372.0,1,8376.0,12,8380.0,1,8392.0,5,8398.0,6,8400.0,1,8410.0,1,8412.0,20,8414.0,6,8396.0
PX501,,13:39:48.750#,8430.0,8430.0,8360.0,9004.0,7824.0,3273,28922,8370.0,5,8372.0,1,8376.0,12,8380.0,1,8392.0,5,8398.0,3,8400.0,1,8404.0,1,8410.0,1,8412.0,20,8396.0
PX501,,13:39:49.0#,8430.0,8430.0,8360.0,9004.0,7824.0,3273,28922,8370.0,5,8372.0,1,8376.0,12,8380.0,1,8392.0,5,8398.0,6,8400.0,1,8404.0,1,8410.0,1,8412.0,20,8396.0
PX501,,13:39:49.250#,8430.0,8430.0,8360.0,9004.0,7824.0,3273,28922,8370.0,5,8372.0,1,8376.0,12,8380.0,1,8392.0,5,8398.0,3,8400.0,1,8404.0,1,8410.0,1,8412.0,20,8396.0
PX501,,13:39:52.0#,8430.0,8430.0,8360.0,9004.0,7824.0,3273,28922,8370.0,5,8372.0,1,8376.0,12,8380.0,1,8392.0,5,8398.0,6,8400.0,1,8404.0,1,8410.0,1,8412.0,20,8396.0
PX501,,13:39:53.500#,8430.0,8430.0,8360.0,9004.0,7824.0,3273,28922,8370.0,5,8372.0,1,8376.0,12,8380.0,1,8392.0,5,8398.0,3,8400.0,1,8404.0,1,8410.0,1,8412.0,20,8396.0
PX501,,13:39:53.750#,8430.0,8430.0,8360.0,9004.0,7824.0,3273,28922,8372.0,1,8376.0,12,8380.0,1,8392.0,3,8394.0,3,8398.0,3,8400.0,1,8404.0,1,8410.0,1,8412.0,20,8396.0
PX501,,13:39:57.750#,8430.0,8430.0,8360.0,9004.0,7824.0,3273,28922,8372.0,1,8376.0,12,8380.0,1,8392.0,3,8394.0,4,8398.0,3,8400.0,1,8404.0,1,8410.0,1,8412.0,20,8396.0
PX501,,13:39:58.250#,8430.0,8430.0,8360.0,9004.0,7824.0,3273,28922,8372.0,1,8376.0,12,8380.0,1,8392.0,3,8394.0,6,8398.0,3,8400.0,1,8404.0,1,8410.0,1,8412.0,20,8396.0
PX501,,13:39:59.0#,8430.0,8430.0,8360.0,9004.0,7824.0,3273,28922,8372.0,1,8376.0,12,8380.0,1,8392.0,3,8394.0,6,8398.0,3,8400.0,1,8404.0,1,8410.0,1,8412.0,20,8396.0
PX501,,13:40:03.500#,8430.0,8430.0,8360.0,9004.0,7824.0,3273,28922,8376.0,12,8380.0,1,8392.0,3,8394.0,3,8396.0,2,8398.0,3,8400.0,1,8404.0,1,8410.0,1,8412.0,20,8396.0
PX501,,13:40:03.750#,8430.0,8430.0,8360.0,9004.0,7824.0,3273,28922,8370.0,5,8372.0,1,8376.0,12,8380.0,1,8396.0,2,8398.0,3,8400.0,1,8404.0,1,8410.0,1,8412.0,20,8396.0
PX501,,13:40:04.500#,8430.0,8430.0,8360.0,9004.0,7824.0,3273,28922,8370.0,5,8372.0,1,8376.0,12,8380.0,1,8396.0,2,8398.0,3,8400.0,1,8404.0,1,8410.0,1,8412.0,11,8396.0
PX501,,13:40:04.750#,8430.0,8430.0,8360.0,9004.0,7824.0,3273,28922,8370.0,5,8372.0,1,8376.0,12,8380.0,1,8396.0,2,8398.0,3,8400.0,1,8404.0,1,8410.0,1,8412.0,11,8396.0
PX501,,13:40:05.0#,8430.0,8430.0,8360.0,9004.0,7824.0,3273,28922,8372.0,1,8374.0,9,8376.0,12,8380.0,1,8396.0,2,8398.0,3,8400.0,1,8404.0,1,8410.0,1,8412.0,11,8396.0
PX501,,13:40:05.250#,8430.0,8430.0,8360.0,9004.0,7824.0,3273,28922,8372.0,1,8374.0,15,8376.0,12,8380.0,1,8396.0,2,8398.0,3,8400.0,1,8404.0,1,8410.0,1,8412.0,11,8396.0
PX501,,13:40:06.250#,8430.0,8430.0,8360.0,9004.0,7824.0,3273,28922,8372.0,1,8374.0,15,8376.0,12,8380.0,1,8396.0,4,8398.0,3,8400.0,1,8404.0,1,8410.0,1,8412.0,11,8396.0
PX501,,13:40:06.500#,8430.0,8430.0,8360.0,9004.0,7824.0,3273,28922,8372.0,1,8374.0,15,8376.0,12,8380.0,1,8396.0,5,8398.0,3,8400.0,1,8404.0,1,8410.0,1,8412.0,11,8396.0
PX501,,13:40:23.0#,8430.0,8430.0,8360.0,9004.0,7824.0,3274,28922,8372.0,1,8374.0,15,8376.0,12,8380.0,1,8396.0,5,8398.0,2,8400.0,1,8404.0,1,8410.0,1,8412.0,11,8398.0
PX501,,13:40:26.500#,8430.0,8430.0,8360.0,9004.0,7824.0,3276,28923,8372.0,1,8374.0,15,8376.0,12,8380.0,1,8396.0,3,8400.0,2,8404.0,1,8410.0,1,8412.0,11,8416.0,1,8398.0
PX501,,13:40:26.750#,8430.0,8430.0,8360.0,9004.0,7824.0,3276,28923,8372.0,1,8374.0,15,8376.0,12,8380.0,1,8396.0,3,8400.0,3,8404.0,1,8410.0,1,8416.0,1,8418.0,15,8398.0
PX501,,13:40:27.0#,8430.0,8430.0,8360.0,9004.0,7824.0,3276,28923,8372.0,1,8374.0,15,8376.0,12,8380.0,1,8396.0,3,8400.0,3,8404.0,1,8410.0,1,8416.0,1,8418.0,26,8398.0
PX501,,13:40:30.0#,8430.0,8430.0,8360.0,9004.0,7824.0,3276,28923,8372.0,1,8374.0,15,8376.0,12,8380.0,1,8396.0,3,8400.0,6,8404.0,1,8410.0,1,8416.0,1,8418.0,26,8398.0
PX501,,13:40:30.250#,8430.0,8430.0,8360.0,9004.0,7824.0,3276,28923,8372.0,1,8374.0,15,8376.0,12,8380.0,1,8396.0,3,8400.0,7,8404.0,1,8410.0,1,8416.0,1,8418.0,26,8398.0
PX501,,13:40:30.500#,8430.0,8430.0,8360.0,9004.0,7824.0,3276,28923,8372.0,1,8374.0,15,8376.0,12,8380.0,1,8396.0,3,8398.0,1,8400.0,3,8404.0,1,8410.0,1,8416.0,1,8398.0
PX501,,13:40:30.750#,8430.0,8430.0,8360.0,9004.0,7824.0,3276,28923,8372.0,1,8374.0,15,8376.0,12,8380.0,1,8396.0,1,8398.0,1,8400.0,3,8404.0,1,8410.0,1,8416.0,1,8398.0
PX501,,13:40:35.0#,8430.0,8430.0,8360.0,9004.0,7824.0,3277,28924,8372.0,1,8374.0,15,8376.0,12,8380.0,1,8396.0,3,8400.0,3,8404.0,1,8410.0,1,8416.0,1,8418.0,26,8398.0
PX501,,13:40:35.250#,8430.0,8430.0,8360.0,9004.0,7824.0,3277,28924,8372.0,1,8374.0,15,8376.0,12,8380.0,1,8396.0,3,8400.0,4,8404.0,1,8410.0,1,8416.0,1,8418.0,26,8398.0
PX501,,13:40:36.0#,8430.0,8430.0,8360.0,9004.0,7824.0,3277,28924,8372.0,1,8374.0,15,8376.0,12,8380.0,1,8398.0,3,8400.0,3,8404.0,1,8410.0,1,8416.0,1,8418.0,26,8398.0
PX501,,13:40:36.250#,8430.0,8430.0,8360.0,9004.0,7824.0,3277,28924,8372.0,1,8374.0,15,8376.0,12,8380.0,1,8396.0,3,8400.0,3,8410.0,1,8416.0,1,8418.0,26,8420.0,3,8398.0
PX501,,13:40:36.500#,8430.0,8430.0,8360.0,9004.0,7824.0,3277,28924,8372.0,1,8374.0,15,8376.0,12,8380.0,1,8396.0,3,8400.0,4,8410.0,1,8416.0,1,8418.0,26,8420.0,3,8398.0
PX501,,13:40:39.250#,8430.0,8430.0,8360.0,9004.0,7824.0,3277,28924,8372.0,1,8374.0,15,8376.0,12,8380.0,1,8396.0,3,8400.0,3,8410.0,1,8416.0,1,8418.0,26,8420.0,3,8398.0
PX501,,13:40:39.500#,8430.0,8430.0,8360.0,9004.0,7824.0,3277,28924,8372.0,1,8374.0,15,8376.0,12,8380.0,1,8398.0,3,8400.0,3,8410.0,1,8416.0,1,8418.0,26,8420.0,3,8398.0
PX501,,13:40:39.750#,8430.0,8430.0,8360.0,9004.0,7824.0,3277,28924,8372.0,1,8374.0,15,8376.0,12,8380.0,1,8396.0,3,8400.0,3,8410.0,1,8416.0,1,8418.0,26,8420.0,3,8398.0
PX501,,13:40:40.0#,8430.0,8430.0,8360.0,9004.0,7824.0,3279,28925,8372.0,1,8374.0,15,8376.0,12,8380.0,2,8396.0,1,8400.0,1,8410.0,1,8416.0,1,8418.0,26,8420.0,3,8400.0
PX501,,13:40:42.0#,8430.0,8430.0,8360.0,9004.0,7824.0,3279,28925,8372.0,1,8374.0,15,8376.0,12,8380.0,2,8398.0,1,8400.0,1,8410.0,1,8416.0,1,8418.0,26,8420.0,3,8400.0
PX501,,13:40:43.250#,8430.0,8430.0,8360.0,9004.0,7824.0,3279,28925,8372.0,1,8374.0,15,8376.0,12,8380.0,2,8396.0,1,8400.0,2,8410.0,1,8416.0,1,8418.0,26,8420.0,3,8400.0
PX501,,13:40:43.500#,8430.0,8430.0,8360.0,9004.0,7824.0,3279,28925,8372.0,1,8374.0,15,8376.0,12,8380.0,2,8396.0,1,8400.0,2,8410.0,1,8416.0,1,8418.0,26,8420.0,3,8400.0
PX501,,13:40:43.750#,8430.0,8430.0,8360.0,9004.0,7824.0,3279,28925,8372.0,1,8374.0,15,8376.0,12,8380.0,2,8396.0,1,8400.0,1,8410.0,1,8416.0,1,8418.0,26,8420.0,3,8400.0
PX501,,13:40:45.500#,8430.0,8430.0,8360.0,9004.0,7824.0,3279,28925,8372.0,1,8374.0,15,8376.0,12,8380.0,2,8396.0,1,8400.0,4,8410.0,1,8416.0,1,8418.0,26,8420.0,3,8400.0
PX501,,13:40:45.750#,8430.0,8430.0,8360.0,9004.0,7824.0,3279,28925,8372.0,1,8374.0,15,8376.0,12,8380.0,2,8396.0,1,8400.0,5,8410.0,1,8416.0,1,8418.0,26,8420.0,3,8400.0
PX501,,13:40:46.0#,8430.0,8430.0,8360.0,9004.0,7824.0,3279,28925,8372.0,1,8374.0,15,8376.0,12,8380.0,2,8396.0,1,8398.0,20,8400.0,2,8410.0,1,8416.0,1,8418.0,26,8400.0
PX501,,13:40:46.250#,8430.0,8430.0,8360.0,9004.0,7824.0,3279,28925,8372.0,1,8374.0,15,8376.0,12,8380.0,2,8396.0,2,8398.0,20,8400.0,2,8410.0,1,8416.0,1,8418.0,26,8400.0
PX501,,13:40:48.0#,8430.0,8430.0,8360.0,9004.0,7824.0,3280,28926,8372.0,1,8374.0,15,8376.0,12,8380.0,2,8396.0,3,8398.0,19,8400.0,2,8410.0,1,8416.0,1,8418.0,26,8398.0
PX501,,13:40:48.250#,8430.0,8430.0,8360.0,9004.0,7824.0,3282,28928,8372.0,1,8374.0,15,8376.0,12,8380.0,2,8396.0,4,8398.0,17,8400.0,2,8410.0,1,8416.0,1,8418.0,26,8398.0
PX501,,13:40:48.500#,8430.0,8430.0,8360.0,9004.0,7824.0,3283,28929,8372.0,1,8374.0,15,8376.0,12,8380.0,2,8396.0,3,8398.0,16,8400.0,2,8410.0,1,8416.0,1,8418.0,26,8398.0
PX501,,13:40:52.250#,8430.0,8430.0,8360.0,9004.0,7824.0,3289,28935,8372.0,1,8374.0,15,8376.0,12,8380.0,2,8396.0,3,8398.0,10,8400.0,2,8410.0,1,8416.0,1,8418.0,26,8398.0
PX501,,13:40:54.250#,8430.0,8430.0,8360.0,9004.0,7824.0,3289,28935,8374.0,15,8376.0,12,8380.0,2,8394.0,4,8396.0,3,8398.0,10,8400.0,2,8410.0,1,8416.0,1,8418.0,26,8398.0
PX501,,13:40:55.250#,8430.0,8430.0,8360.0,9004.0,7824.0,3289,28935,8374.0,15,8376.0,12,8380.0,2,8394.0,4,8396.0,3,8398.0,10,8400.0,2,8410.0,1,8416.0,1,8418.0,26,8398.0
PX501,,13:40:57.250#,8430.0,8430.0,8360.0,9004.0,7824.0,3289,28935,8374.0,15,8376.0,12,8380.0,2,8394.0,4,8396.0,1,8398.0,14,8400.0,2,8410.0,1,8416.0,1,8418.0,26,8398.0
PX501,,13:40:57.500#,8430.0,8430.0,8360.0,9004.0,7824.0,3290,28935,8372.0,3,8374.0,15,8376.0,12,8380.0,2,8394.0,6,8398.0,14,8400.0,2,8410.0,1,8416.0,1,8418.0,26,8396.0
PX501,,13:40:57.750#,8430.0,8430.0,8360.0,9004.0,7824.0,3290,28935,8372.0,3,8374.0,15,8376.0,12,8380.0,2,8394.0,12,8398.0,14,8400.0,2,8410.0,1,8416.0,1,8418.0,26,8396.0
PX501,,13:40:58.0#,8430.0,8430.0,8360.0,9004.0,7824.0,3290,28935,8372.0,3,8374.0,15,8376.0,12,8380.0,2,8394.0,12,8398.0,13,8400.0,2,8410.0,1,8416.0,1,8418.0,26,8396.0
PX501,,13:40:58.250#,8430.0,8430.0,8360.0,9004.0,7824.0,3290,28935,8374.0,15,8376.0,12,8380.0,2,8394.0,10,8396.0,2,8398.0,13,8400.0,2,8410.0,1,8416.0,1,8418.0,26,8396.0
PX501,,13:40:58.750#,8430.0,8430.0,8360.0,9004.0,7824.0,3290,28935,8372.0,3,8374.0,15,8376.0,12,8380.0,2,8394.0,12,8398.0,13,8400.0,2,8410.0,1,8416.0,1,8418.0,26,8396.0
PX501,,13:40:59.0#,8430.0,8430.0,8360.0,9004.0,7824.0,3290,28935,8372.0,3,8374.0,15,8376.0,12,8380.0,2,8394.0,13,8398.0,13,8400.0,2,8410.0,1,8416.0,1,8418.0,26,8396.0
PX501,,13:40:59.250#,8430.0,8430.0,8360.0,9004.0,7824.0,3290,28935,8374.0,15,8376.0,12,8380.0,2,8394.0,11,8396.0,2,8398.0,13,8400.0,2,8410.0,1,8416.0,1,8418.0,26,8396.0
PX501,,13:40:59.750#,8430.0,8430.0,8360.0,9004.0,7824.0,3290,28935,8372.0,3,8374.0,15,8376.0,12,8380.0,2,8394.0,13,8398.0,13,8400.0,2,8410.0,1,8416.0,1,8418.0,26,8396.0
PX501,,13:41:00.0#,8430.0,8430.0,8360.0,9004.0,7824.0,3290,28935,8372.0,3,8374.0,15,8376.0,12,8380.0,2,8394.0,14,8398.0,13,8400.0,2,8410.0,1,8416.0,1,8418.0,26,8396.0
PX501,,13:41:00.250#,8430.0,8430.0,8360.0,9004.0,7824.0,3290,28935,8374.0,15,8376.0,12,8380.0,2,8394.0,12,8396.0,2,8398.0,13,8400.0,2,8410.0,1,8416.0,1,8418.0,26,8396.0
PX501,,13:41:01.0#,8430.0,8430.0,8360.0,9004.0,7824.0,3290,28935,8374.0,15,8376.0,12,8380.0,2,8394.0,12,8396.0,2,8398.0,19,8400.0,2,8410.0,1,8416.0,1,8418.0,26,8396.0
PX501,,13:41:01.500#,8430.0,8430.0,8360.0,9004.0,7824.0,3292,28935,8372.0,3,8374.0,15,8376.0,12,8380.0,2,8394.0,12,8398.0,18,8400.0,2,8410.0,1,8416.0,1,8418.0,26,8394.0
PX501,,13:41:01.750#,8430.0,8430.0,8360.0,9004.0,7824.0,3292,28935,8374.0,15,8376.0,12,8380.0,2,8394.0,10,8396.0,2,8398.0,17,8400.0,2,8410.0,1,8416.0,1,8418.0,26,8394.0
PX501,,13:41:03.0#,8430.0,8430.0,8360.0,9004.0,7824.0,3292,28935,8372.0,3,8374.0,15,8376.0,12,8380.0,2,8394.0,12,8398.0,17,8400.0,2,8410.0,1,8416.0,1,8418.0,26,8394.0
PX501,,13:41:03.250#,8430.0,8430.0,8360.0,9004.0,7824.0,3292,28935,8374.0,15,8376.0,12,8380.0,2,8394.0,10,8396.0,1,8398.0,17,8400.0,2,8410.0,1,8416.0,1,8418.0,26,8394.0
PX501,,13:41:03.750#,8430.0,8430.0,8360.0,9004.0,7824.0,3292,28935,8372.0,3,8374.0,15,8376.0,12,8380.0,2,8394.0,12,8398.0,17,8400.0,2,8410.0,1,8416.0,1,8418.0,26,8394.0
PX501,,13:41:04.250#,8430.0,8430.0,8360.0,9004.0,7824.0,3292,28935,8374.0,15,8376.0,12,8380.0,2,8394.0,10,8396.0,1,8398.0,17,8400.0,2,8410.0,1,8416.0,1,8418.0,26,8394.0
PX501,,13:41:04.750#,8430.0,8430.0,8360.0,9004.0,7824.0,3292,28935,8372.0,3,8374.0,15,8376.0,12,8380.0,2,8394.0,12,8398.0,17,8400.0,2,8410.0,1,8416.0,1,8418.0,26,8394.0
PX501,,13:41:05.250#,8430.0,8430.0,8360.0,9004.0,7824.0,3292,28935,8374.0,15,8376.0,12,8380.0,2,8394.0,10,8396.0,1,8398.0,17,8400.0,2,8410.0,1,8416.0,1,8418.0,26,8394.0
PX501,,13:41:05.750#,8430.0,8430.0,8360.0,9004.0,7824.0,3292,28935,8372.0,3,8374.0,15,8376.0,12,8380.0,2,8394.0,12,8398.0,17,8400.0,2,8410.0,1,8416.0,1,8418.0,26,8394.0
PX501,,13:41:06.250#,8430.0,8430.0,8360.0,9004.0,7824.0,3292,28935,8374.0,15,8376.0,12,8380.0,2,8394.0,10,8396.0,1,8398.0,17,8400.0,2,8410.0,1,8416.0,1,8418.0,26,8394.0
PX501,,13:41:06.750#,8430.0,8430.0,8360.0,9004.0,7824.0,3292,28935,8372.0,3,8374.0,15,8376.0,12,8380.0,2,8394.0,12,8398.0,17,8400.0,2,8410.0,1,8416.0,1,8418.0,26,8394.0
PX501,,13:41:07.250#,8430.0,8430.0,8360.0,9004.0,7824.0,3292,28935,8374.0,15,8376.0,12,8380.0,2,8394.0,10,8396.0,1,8398.0,17,8400.0,2,8410.0,1,8416.0,1,8418.0,26,8394.0
PX501,,13:41:10.250#,8430.0,8430.0,8360.0,9004.0,7824.0,3293,28936,8372.0,3,8374.0,15,8376.0,12,8380.0,2,8394.0,11,8398.0,16,8400.0,2,8410.0,1,8416.0,1,8418.0,26,8398.0
PX501,,13:41:11.500#,8430.0,8430.0,8360.0,9004.0,7824.0,3294,28937,8374.0,15,8376.0,12,8380.0,2,8394.0,10,8396.0,3,8398.0,15,8400.0,2,8410.0,1,8416.0,1,8418.0,26,8398.0
PX501,,13:41:11.750#,8430.0,8430.0,8360.0,9004.0,7824.0,3294,28937,8374.0,15,8376.0,12,8380.0,2,8394.0,10,8396.0,2,8398.0,15,8400.0,2,8410.0,1,8416.0,1,8418.0,26,8398.0
PX501,,13:41:18.500#,8430.0,8430.0,8360.0,9004.0,7824.0,3294,28937,8374.0,15,8376.0,12,8380.0,2,8394.0,10,8396.0,1,8398.0,15,8400.0,2,8410.0,1,8416.0,1,8418.0,26,8398.0
PX501,,13:41:20.750#,8430.0,8430.0,8360.0,9004.0,7824.0,3294,28937,8374.0,15,8376.0,12,8380.0,2,8394.0,10,8396.0,3,8398.0,15,8400.0,2,8410.0,1,8416.0,1,8418.0,26,8398.0
PX501,,13:41:22.0#,8430.0,8430.0,8360.0,9004.0,7824.0,3296,28937,8374.0,15,8376.0,12,8380.0,2,8394.0,10,8396.0,3,8398.0,13,8400.0,2,8410.0,1,8416.0,1,8418.0,26,8398.0
PX501,,13:41:27.250#,8430.0,8430.0,8360.0,9004.0,7824.0,3296,28937,8374.0,15,8376.0,12,8380.0,2,8394.0,12,8396.0,3,8398.0,13,8400.0,2,8410.0,1,8416.0,1,8418.0,26,8398.0
PX501,,13:41:32.750#,8430.0,8430.0,8360.0,9004.0,7824.0,3297,28938,8372.0,3,8374.0,15,8376.0,12,8380.0,2,8394.0,14,8398.0,12,8400.0,2,8410.0,1,8416.0,1,8418.0,26,8398.0
PX501,,13:41:33.250#,8430.0,8430.0,8360.0,9004.0,7824.0,3297,28938,8374.0,15,8376.0,12,8380.0,2,8394.0,12,8396.0,2,8398.0,12,8400.0,2,8410.0,1,8416.0,1,8418.0,26,8398.0
PX501,,13:41:33.750#,8430.0,8430.0,8360.0,9004.0,7824.0,3297,28938,8372.0,3,8374.0,15,8376.0,12,8380.0,2,8394.0,14,8398.0,12,8400.0,2,8410.0,1,8416.0,1,8418.0,26,8398.0
PX501,,13:41:34.250#,8430.0,8430.0,8360.0,9004.0,7824.0,3297,28938,8374.0,15,8376.0,12,8380.0,2,8394.0,12,8396.0,2,8398.0,12,8400.0,2,8410.0,1,8416.0,1,8418.0,26,8398.0
PX501,,13:41:34.750#,8430.0,8430.0,8360.0,9004.0,7824.0,3297,28938,8372.0,3,8374.0,15,8376.0,12,8380.0,2,8394.0,14,8398.0,12,8400.0,2,8410.0,1,8416.0,1,8418.0,26,8398.0
PX501,,13:41:35.250#,8430.0,8430.0,8360.0,9004.0,7824.0,3297,28938,8374.0,15,8376.0,12,8380.0,2,8394.0,12,8396.0,2,8398.0,12,8400.0,2,8410.0,1,8416.0,1,8418.0,26,8398.0
PX501,,13:41:35.750#,8430.0,8430.0,8360.0,9004.0,7824.0,3297,28938,8372.0,3,8374.0,15,8376.0,12,8380.0,2,8394.0,12,8398.0,13,8400.0,2,8410.0,1,8416.0,1,8418.0,26,8398.0
PX501,,13:41:38.0#,8430.0,8430.0,8360.0,9004.0,7824.0,3297,28938,8372.0,3,8374.0,15,8376.0,12,8380.0,2,8394.0,12,8398.0,12,8400.0,2,8410.0,1,8416.0,1,8418.0,26,8398.0
PX501,,13:41:40.750#,8430.0,8430.0,8360.0,9004.0,7824.0,3299,28940,8372.0,3,8374.0,15,8376.0,12,8380.0,2,8394.0,13,8398.0,10,8400.0,2,8410.0,1,8416.0,1,8418.0,26,8398.0
PX501,,13:41:45.750#,8430.0,8430.0,8360.0,9004.0,7824.0,3301,28942,8374.0,15,8376.0,12,8380.0,2,8394.0,11,8396.0,2,8398.0,8,8400.0,2,8410.0,1,8416.0,1,8418.0,26,8398.0
PX501,,13:41:58.500#,8430.0,8430.0,8360.0,9004.0,7824.0,3301,28942,8374.0,15,8376.0,12,8380.0,2,8394.0,16,8396.0,2,8398.0,8,8400.0,2,8410.0,1,8416.0,1,8418.0,26,8398.0
PX501,,13:41:58.750#,8430.0,8430.0,8360.0,9004.0,7824.0,3301,28942,8372.0,3,8374.0,15,8376.0,12,8380.0,2,8394.0,17,8398.0,8,8400.0,2,8410.0,1,8416.0,1,8418.0,26,8398.0
PX501,,13:41:59.250#,8430.0,8430.0,8360.0,9004.0,7824.0,3301,28942,8374.0,15,8376.0,12,8380.0,2,8394.0,16,8396.0,1,8398.0,8,8400.0,2,8410.0,1,8416.0,1,8418.0,26,8398.0
PX501,,13:42:00.250#,8430.0,8430.0,8360.0,9004.0,7824.0,3301,28942,8372.0,3,8374.0,15,8376.0,12,8380.0,2,8394.0,17,8398.0,9,8400.0,2,8410.0,1,8416.0,1,8418.0,26,8398.0
PX501,,13:42:02.500#,8430.0,8430.0,8360.0,9004.0,7824.0,3301,28942,8374.0,15,8376.0,12,8380.0,2,8394.0,16,8396.0,1,8398.0,8,8400.0,2,8410.0,1,8416.0,1,8418.0,26,8398.0
PX501,,13:42:04.0#,8430.0,8430.0,8360.0,9004.0,7824.0,3301,28942,8372.0,3,8374.0,15,8376.0,12,8380.0,2,8394.0,17,8398.0,9,8400.0,2,8410.0,1,8416.0,1,8418.0,26,8398.0
PX501,,13:42:04.250#,8430.0,8430.0,8360.0,9004.0,7824.0,3301,28942,8374.0,15,8376.0,12,8380.0,2,8394.0,17,8396.0,1,8398.0,8,8400.0,2,8410.0,1,8416.0,1,8418.0,26,8398.0
PX501,,13:42:04.500#,8430.0,8430.0,8360.0,9004.0,7824.0,3301,28942,8372.0,3,8374.0,15,8376.0,12,8380.0,2,8394.0,18,8398.0,8,8400.0,2,8410.0,1,8416.0,1,8418.0,26,8398.0
PX501,,13:42:04.750#,8430.0,8430.0,8360.0,9004.0,7824.0,3301,28942,8372.0,3,8374.0,15,8376.0,12,8380.0,2,8394.0,18,8396.0,1,8398.0,8,8400.0,2,8410.0,1,8416.0,1,8398.0
PX501,,13:42:05.0#,8430.0,8430.0,8360.0,9004.0,7824.0,3301,28942,8372.0,3,8374.0,15,8376.0,12,8380.0,2,8394.0,18,8396.0,1,8398.0,8,8410.0,1,8416.0,1,8418.0,26,8398.0
PX501,,13:42:22.250#,8430.0,8430.0,8360.0,9004.0,7824.0,3303,28944,8372.0,3,8374.0,15,8376.0,12,8380.0,2,8394.0,20,8398.0,10,8410.0,1,8416.0,1,8418.0,26,8420.0,3,8398.0
PX501,,13:42:24.500#,8430.0,8430.0,8360.0,9004.0,7824.0,3303,28944,8372.0,3,8374.0,15,8376.0,12,8380.0,2,8394.0,20,8398.0,9,8410.0,1,8416.0,1,8418.0,26,8420.0,3,8398.0
PX501,,13:42:35.250#,8430.0,8430.0,8360.0,9004.0,7824.0,3303,28944,8374.0,15,8376.0,12,8380.0,2,8394.0,17,8396.0,1,8398.0,24,8410.0,1,8416.0,1,8418.0,26,8420.0,3,8398.0
PX501,,13:42:35.500#,8430.0,8430.0,8360.0,9004.0,7824.0,3303,28944,8372.0,3,8374.0,15,8376.0,12,8380.0,2,8394.0,20,8398.0,24,8410.0,1,8416.0,1,8418.0,26,8420.0,3,8398.0
PX501,,13:42:35.750#,8430.0,8430.0,8360.0,9004.0,7824.0,3303,28944,8372.0,3,8374.0,15,8376.0,12,8380.0,2,8394.0,20,8398.0,25,8410.0,1,8416.0,1,8418.0,26,8420.0,3,8398.0
PX501,,13:42:36.250#,8430.0,8430.0,8360.0,9004.0,7824.0,3303,28944,8372.0,3,8374.0,15,8376.0,12,8380.0,2,8394.0,20,8398.0,17,8410.0,1,8416.0,1,8418.0,26,8420.0,3,8398.0
PX501,,13:42:36.750#,8430.0,8430.0,8360.0,9004.0,7824.0,3303,28944,8372.0,3,8374.0,15,8376.0,12,8380.0,2,8394.0,20,8398.0,13,8410.0,1,8416.0,1,8418.0,26,8420.0,3,8398.0
PX501,,13:42:37.0#,8430.0,8430.0,8360.0,9004.0,7824.0,3303,28944,8372.0,3,8374.0,15,8376.0,12,8380.0,2,8394.0,20,8398.0,12,8410.0,1,8416.0,1,8418.0,26,8420.0,3,8398.0
PX501,,13:42:37.250#,8430.0,8430.0,8360.0,9004.0,7824.0,3303,28944,8372.0,3,8374.0,15,8376.0,12,8380.0,2,8394.0,20,8398.0,24,8410.0,1,8416.0,1,8418.0,26,8420.0,3,8398.0
PX501,,13:42:37.500#,8430.0,8430.0,8360.0,9004.0,7824.0,3303,28944,8372.0,3,8374.0,15,8376.0,12,8380.0,2,8394.0,20,8398.0,22,8410.0,1,8416.0,1,8418.0,26,8420.0,3,8398.0
PX501,,13:42:38.250#,8430.0,8430.0,8360.0,9004.0,7824.0,3303,28944,8372.0,3,8374.0,15,8376.0,12,8380.0,2,8394.0,20,8398.0,19,8410.0,1,8416.0,1,8418.0,26,8420.0,3,8398.0
PX501,,13:42:38.500#,8430.0,8430.0,8360.0,9004.0,7824.0,3303,28944,8372.0,3,8374.0,15,8376.0,12,8380.0,2,8394.0,20,8398.0,9,8410.0,1,8416.0,1,8418.0,26,8420.0,3,8398.0
PX501,,13:42:40.0#,8430.0,8430.0,8360.0,9004.0,7824.0,3303,28944,8372.0,3,8374.0,15,8376.0,12,8380.0,2,8394.0,20,8398.0,10,8410.0,1,8416.0,1,8418.0,26,8420.0,3,8398.0
PX501,,13:42:40.500#,8430.0,8430.0,8360.0,9004.0,7824.0,3303,28944,8372.0,3,8374.0,15,8376.0,12,8380.0,2,8394.0,18,8398.0,10,8410.0,1,8416.0,1,8418.0,26,8420.0,3,8398.0
PX501,,13:42:40.750#,8430.0,8430.0,8360.0,9004.0,7824.0,3303,28944,8372.0,3,8374.0,15,8376.0,12,8380.0,2,8394.0,18,8398.0,9,8410.0,1,8416.0,1,8418.0,26,8420.0,3,8398.0
PX501,,13:42:43.0#,8430.0,8430.0,8360.0,9004.0,7824.0,3303,28944,8372.0,3,8374.0,15,8376.0,12,8380.0,2,8394.0,18,8398.0,10,8410.0,1,8416.0,1,8418.0,26,8420.0,3,8398.0
PX501,,13:42:43.500#,8430.0,8430.0,8360.0,9004.0,7824.0,3303,28944,8372.0,3,8374.0,15,8376.0,12,8380.0,2,8394.0,18,8398.0,25,8410.0,1,8416.0,1,8418.0,26,8420.0,3,8398.0
PX501,,13:43:00.250#,8430.0,8430.0,8360.0,9004.0,7824.0,3303,28944,8372.0,3,8374.0,15,8376.0,12,8380.0,2,8394.0,15,8396.0,1,8398.0,9,8410.0,1,8416.0,1,8418.0,26,8398.0
PX501,,13:43:00.500#,8430.0,8430.0,8360.0,9004.0,7824.0,3303,28944,8372.0,3,8374.0,15,8376.0,12,8380.0,2,8394.0,15,8396.0,14,8398.0,9,8410.0,1,8416.0,1,8418.0,26,8398.0
PX501,,13:43:00.750#,8430.0,8430.0,8360.0,9004.0,7824.0,3303,28944,8372.0,3,8374.0,15,8376.0,12,8380.0,2,8394.0,15,8396.0,17,8398.0,9,8410.0,1,8416.0,1,8418.0,26,8398.0
PX501,,13:43:02.750#,8430.0,8430.0,8360.0,9004.0,7824.0,3309,28938,8372.0,3,8374.0,15,8376.0,12,8380.0,2,8394.0,9,8396.0,17,8398.0,9,8410.0,1,8416.0,1,8418.0,26,8394.0
PX501,,13:43:03.0#,8430.0,8430.0,8360.0,9004.0,7824.0,3314,28935,8372.0,3,8374.0,15,8376.0,12,8380.0,2,8394.0,4,8396.0,17,8398.0,9,8410.0,1,8416.0,1,8418.0,26,8394.0
PX501,,13:43:04.750#,8430.0,8430.0,8360.0,9004.0,7824.0,3314,28935,8372.0,3,8374.0,15,8376.0,12,8380.0,2,8394.0,4,8396.0,6,8398.0,9,8410.0,1,8416.0,1,8418.0,26,8394.0
PX501,,13:43:06.500#,8430.0,8430.0,8360.0,9004.0,7824.0,3318,28931,8372.0,3,8374.0,15,8376.0,12,8380.0,2,8392.0,3,8394.0,16,8396.0,1,8398.0,9,8410.0,1,8416.0,1,8394.0
PX501,,13:43:06.750#,8430.0,8430.0,8360.0,9004.0,7824.0,3318,28931,8372.0,3,8374.0,15,8376.0,12,8380.0,2,8392.0,3,8394.0,19,8396.0,1,8398.0,6,8410.0,1,8416.0,1,8394.0
PX501,,13:43:07.0#,8430.0,8430.0,8360.0,9004.0,7824.0,3319,28932,8372.0,3,8374.0,15,8376.0,12,8380.0,2,8392.0,2,8394.0,17,8396.0,1,8398.0,6,8410.0,1,8416.0,1,8392.0
PX501,,13:43:07.250#,8430.0,8430.0,8360.0,9004.0,7824.0,3320,28933,8372.0,3,8374.0,15,8376.0,12,8380.0,2,8392.0,1,8394.0,16,8396.0,1,8398.0,6,8410.0,1,8416.0,1,8392.0
PX501,,13:43:07.500#,8430.0,8430.0,8360.0,9004.0,7824.0,3320,28933,8372.0,3,8374.0,15,8376.0,12,8380.0,2,8392.0,1,8394.0,18,8396.0,1,8398.0,6,8410.0,1,8416.0,1,8392.0
PX501,,13:43:07.750#,8430.0,8430.0,8360.0,9004.0,7824.0,3320,28933,8372.0,3,8374.0,15,8376.0,12,8380.0,2,8392.0,1,8394.0,20,8396.0,1,8398.0,6,8410.0,1,8416.0,1,8392.0
PX501,,13:43:13.750#,8430.0,8430.0,8360.0,9004.0,7824.0,3321,28932,8372.0,3,8374.0,15,8376.0,12,8380.0,2,8392.0,1,8394.0,19,8396.0,1,8398.0,6,8410.0,1,8416.0,1,8394.0
PX501,,13:43:15.500#,8430.0,8430.0,8360.0,9004.0,7824.0,3321,28932,8372.0,3,8374.0,15,8376.0,12,8380.0,2,8392.0,1,8394.0,16,8396.0,1,8398.0,6,8410.0,1,8416.0,1,8394.0
PX501,,13:43:17.500#,8430.0,8430.0,8360.0,9004.0,7824.0,3321,28932,8372.0,3,8374.0,15,8376.0,12,8380.0,2,8392.0,1,8394.0,16,8396.0,1,8410.0,1,8416.0,1,8418.0,26,8394.0
PX501,,13:43:19.0#,8430.0,8430.0,8360.0,9004.0,7824.0,3321,28932,8372.0,3,8374.0,15,8376.0,12,8380.0,2,8392.0,1,8394.0,31,8396.0,1,8410.0,1,8416.0,1,8418.0,26,8394.0
PX501,,13:43:28.750#,8430.0,8430.0,8360.0,9004.0,7824.0,3321,28932,8372.0,3,8374.0,15,8376.0,12,8380.0,2,8390.0,1,8394.0,32,8396.0,1,8410.0,1,8416.0,1,8418.0,26,8394.0
PX501,,13:43:29.250#,8430.0,8430.0,8360.0,9004.0,7824.0,3321,28932,8372.0,3,8374.0,15,8376.0,12,8380.0,2,8390.0,1,8392.0,15,8394.0,16,8396.0,1,8410.0,1,8416.0,1,8394.0
PX501,,13:43:29.500#,8430.0,8430.0,8360.0,9004.0,7824.0,3359,28969,8372.0,3,8374.0,15,8376.0,12,8380.0,2,8388.0,11,8390.0,21,8394.0,16,8396.0,1,8410.0,1,8416.0,1,8390.0
PX501,,13:43:29.750#,8430.0,8430.0,8360.0,9004.0,7824.0,3365,28969,8372.0,3,8374.0,15,8376.0,1,8380.0,2,8388.0,47,8390.0,35,8394.0,16,8408.0,11,8410.0,1,8416.0,1,8390.0
PX501,,13:43:30.0#,8430.0,8430.0,8360.0,9004.0,7824.0,3382,28974,8372.0,3,8374.0,15,8376.0,1,8380.0,2,8388.0,37,8390.0,75,8394.0,16,8408.0,11,8410.0,1,8416.0,1,8390.0
PX501,,13:43:30.250#,8430.0,8430.0,8360.0,9004.0,7824.0,3440,28997,8372.0,3,8374.0,15,8376.0,1,8380.0,2,8388.0,39,8390.0,61,8394.0,16,8408.0,11,8410.0,1,8416.0,1,8390.0
PX501,,13:43:30.500#,8430.0,8430.0,8360.0,9004.0,7824.0,3447,29004,8372.0,3,8374.0,15,8376.0,1,8380.0,2,8388.0,32,8390.0,54,8394.0,16,8408.0,11,8410.0,1,8416.0,1,8390.0
PX501,,13:43:30.750#,8430.0,8430.0,8360.0,9004.0,7824.0,3449,29006,8372.0,3,8374.0,15,8376.0,1,8380.0,2,8388.0,30,8390.0,52,8394.0,16,8408.0,11,8410.0,1,8416.0,1,8390.0
PX501,,13:43:31.0#,8430.0,8430.0,8360.0,9004.0,7824.0,3452,29009,8372.0,3,8374.0,15,8376.0,1,8380.0,2,8388.0,27,8390.0,49,8394.0,16,8408.0,11,8410.0,1,8416.0,1,8390.0
PX501,,13:43:31.500#,8430.0,8430.0,8360.0,9004.0,7824.0,3462,29019,8372.0,3,8374.0,15,8376.0,1,8380.0,2,8388.0,17,8390.0,49,8394.0,16,8408.0,11,8410.0,1,8416.0,1,8388.0
PX501,,13:43:37.0#,8430.0,8430.0,8360.0,9004.0,7824.0,3508,29065,8372.0,3,8374.0,15,8376.0,1,8380.0,2,8388.0,27,8390.0,3,8394.0,16,8408.0,11,8410.0,1,8416.0,1,8390.0
PX501,,13:43:37.250#,8430.0,8430.0,8360.0,9004.0,7824.0,3511,29065,8372.0,3,8374.0,15,8376.0,1,8380.0,2,8388.0,24,8394.0,16,8408.0,11,8410.0,1,8416.0,1,8418.0,30,8390.0
PX501,,13:43:37.500#,8430.0,8430.0,8360.0,9004.0,7824.0,3511,29065,8374.0,15,8376.0,1,8380.0,2,8388.0,2,8390.0,2,8394.0,16,8408.0,11,8410.0,1,8416.0,1,8418.0,30,8390.0
PX501,,13:43:37.750#,8430.0,8430.0,8360.0,9004.0,7824.0,3511,29065,8374.0,15,8376.0,1,8380.0,2,8388.0,2,8390.0,2,8394.0,19,8408.0,11,8410.0,1,8416.0,1,8418.0,30,8390.0
PX501,,13:43:40.250#,8430.0,8430.0,8360.0,9004.0,7824.0,3511,29065,8374.0,15,8376.0,1,8380.0,2,8388.0,2,8390.0,5,8394.0,19,8408.0,11,8410.0,1,8416.0,1,8418.0,30,8390.0
PX501,,13:43:41.250#,8430.0,8430.0,8360.0,9004.0,7824.0,3511,29065,8374.0,15,8376.0,1,8380.0,2,8388.0,2,8390.0,2,8392.0,1,8394.0,16,8408.0,11,8410.0,1,8416.0,1,8390.0
PX501,,13:43:41.500#,8430.0,8430.0,8360.0,9004.0,7824.0,3511,29065,8374.0,15,8376.0,1,8380.0,2,8388.0,2,8390.0,5,8394.0,19,8408.0,11,8410.0,1,8416.0,1,8418.0,30,8390.0
PX501,,13:44:09.250#,8430.0,8430.0,8360.0,9004.0,7824.0,3511,29065,8374.0,15,8376.0,1,8380.0,2,8388.0,2,8390.0,5,8394.0,21,8408.0,11,8410.0,1,8416.0,1,8418.0,30,8390.0
PX501,,13:44:09.500#,8430.0,8430.0,8360.0,9004.0,7824.0,3511,29065,8374.0,15,8376.0,1,8380.0,2,8388.0,2,8390.0,5,8394.0,21,8408.0,11,8410.0,1,8416.0,1,8418.0,30,8390.0
PX501,,13:44:30.250#,8430.0,8430.0,8360.0,9004.0,7824.0,3511,29065,8374.0,15,8376.0,1,8380.0,2,8388.0,2,8390.0,5,8394.0,21,8408.0,11,8410.0,1,8416.0,1,8418.0,30,8390.0
PX501,,13:44:37.250#,8430.0,8430.0,8360.0,9004.0,7824.0,3531,29065,8374.0,15,8376.0,1,8380.0,2,8388.0,2,8390.0,5,8394.0,23,8408.0,11,8410.0,1,8416.0,1,8418.0,30,8394.0
PX501,,13:44:40.0#,8430.0,8430.0,8360.0,9004.0,7824.0,3531,29065,8374.0,15,8376.0,1,8380.0,2,8388.0,2,8390.0,5,8394.0,21,8408.0,11,8410.0,1,8416.0,1,8418.0,30,8394.0
PX501,,13:44:57.500#,8430.0,8430.0,8360.0,9004.0,7824.0,3531,29065,8376.0,1,8380.0,2,8388.0,2,8390.0,2,8392.0,4,8394.0,21,8408.0,11,8410.0,1,8416.0,1,8418.0,30,8394.0
PX501,,13:44:57.750#,8430.0,8430.0,8360.0,9004.0,7824.0,3531,29065,8374.0,15,8376.0,1,8380.0,2,8390.0,2,8392.0,4,8394.0,21,8408.0,11,8410.0,1,8416.0,1,8418.0,30,8394.0
PX501,,13:45:03.0#,8430.0,8430.0,8360.0,9004.0,7824.0,3531,29065,8374.0,15,8376.0,1,8380.0,2,8390.0,2,8392.0,1,8394.0,21,8408.0,11,8410.0,1,8416.0,1,8418.0,30,8394.0
PX501,,13:45:04.0#,8430.0,8430.0,8360.0,9004.0,7824.0,3532,29064,8372.0,3,8374.0,15,8376.0,1,8380.0,2,8390.0,5,8394.0,20,8408.0,11,8410.0,1,8416.0,1,8418.0,30,8392.0
PX501,,13:45:04.250#,8430.0,8430.0,8360.0,9004.0,7824.0,3532,29064,8372.0,3,8374.0,15,8376.0,1,8380.0,2,8390.0,6,8394.0,20,8408.0,11,8410.0,1,8416.0,1,8418.0,30,8392.0
PX501,,13:45:04.500#,8430.0,8430.0,8360.0,9004.0,7824.0,3532,29064,8372.0,3,8374.0,15,8376.0,1,8380.0,2,8390.0,7,8394.0,20,8408.0,11,8410.0,1,8416.0,1,8418.0,30,8392.0
PX501,,13:45:18.0#,8430.0,8430.0,8360.0,9004.0,7824.0,3532,29064,8372.0,3,8374.0,15,8376.0,1,8380.0,2,8390.0,4,8394.0,20,8408.0,11,8410.0,1,8416.0,1,8418.0,30,8392.0
PX501,,13:45:18.250#,8430.0,8430.0,8360.0,9004.0,7824.0,3532,29064,8372.0,3,8374.0,15,8376.0,1,8380.0,2,8390.0,4,8394.0,23,8408.0,11,8410.0,1,8416.0,1,8418.0,30,8392.0
PX501,,13:45:18.750#,8430.0,8430.0,8360.0,9004.0,7824.0,3532,29064,8372.0,3,8374.0,15,8376.0,1,8380.0,2,8390.0,2,8394.0,23,8408.0,11,8410.0,1,8416.0,1,8418.0,30,8392.0
PX501,,13:45:24.250#,8430.0,8430.0,8360.0,9004.0,7824.0,3532,29064,8372.0,3,8374.0,15,8376.0,1,8380.0,2,8388.0,4,8394.0,23,8408.0,11,8410.0,1,8416.0,1,8418.0,30,8392.0
PX501,,13:45:24.500#,8430.0,8430.0,8360.0,9004.0,7824.0,3532,29064,8372.0,3,8374.0,15,8376.0,1,8380.0,2,8388.0,5,8394.0,23,8408.0,11,8410.0,1,8416.0,1,8418.0,30,8392.0
PX501,,13:45:30.500#,8430.0,8430.0,8360.0,9004.0,7824.0,3532,29064,8374.0,15,8376.0,1,8380.0,2,8388.0,2,8390.0,1,8394.0,23,8408.0,11,8410.0,1,8416.0,1,8418.0,30,8392.0
PX501,,13:45:30.750#,8430.0,8430.0,8360.0,9004.0,7824.0,3532,29064,8374.0,15,8376.0,1,8380.0,2,8388.0,2,8390.0,2,8394.0,23,8408.0,11,8410.0,1,8416.0,1,8418.0,30,8392.0
PX501,,13:45:31.750#,8430.0,8430.0,8360.0,9004.0,7824.0,3532,29064,8374.0,15,8376.0,1,8380.0,2,8388.0,2,8390.0,1,8394.0,23,8408.0,11,8410.0,1,8416.0,1,8418.0,30,8392.0
PX501,,13:45:35.750#,8430.0,8430.0,8360.0,9004.0,7824.0,3532,29064,8374.0,15,8376.0,1,8380.0,2,8388.0,2,8390.0,3,8394.0,23,8408.0,11,8410.0,1,8416.0,1,8418.0,30,8392.0
PX501,,13:45:44.0#,8430.0,8430.0,8360.0,9004.0,7824.0,3532,29064,8374.0,15,8376.0,1,8380.0,2,8388.0,2,8390.0,3,8392.0,3,8394.0,16,8408.0,11,8410.0,1,8416.0,1,8392.0
PX501,,13:46:10.250#,8430.0,8430.0,8360.0,9004.0,7824.0,3532,29064,8374.0,15,8376.0,1,8380.0,2,8388.0,2,8390.0,3,8394.0,23,8408.0,11,8410.0,1,8416.0,1,8418.0,30,8392.0
PX501,,13:46:15.500#,8430.0,8430.0,8360.0,9004.0,7824.0,3532,29064,8372.0,3,8374.0,15,8376.0,1,8380.0,2,8388.0,5,8392.0,1,8394.0,16,8408.0,11,8410.0,1,8416.0,1,8392.0
PX501,,13:46:15.750#,8430.0,8430.0,8360.0,9004.0,7824.0,3532,29064,8372.0,3,8374.0,15,8376.0,1,8380.0,2,8388.0,5,8392.0,3,8394.0,16,8408.0,11,8410.0,1,8416.0,1,8392.0
PX501,,13:46:16.0#,8430.0,8430.0,8360.0,9004.0,7824.0,3532,29064,8372.0,3,8374.0,15,8376.0,1,8380.0,2,8388.0,5,8392.0,7,8394.0,16,8408.0,11,8410.0,1,8416.0,1,8392.0
PX501,,13:46:16.250#,8430.0,8430.0,8360.0,9004.0,7824.0,3532,29064,8372.0,3,8374.0,15,8376.0,1,8380.0,2,8388.0,5,8392.0,3,8394.0,16,8408.0,11,8410.0,1,8416.0,1,8392.0
PX501,,13:46:16.500#,8430.0,8430.0,8360.0,9004.0,7824.0,3532,29064,8372.0,3,8374.0,15,8376.0,1,8380.0,2,8388.0,5,8392.0,7,8394.0,16,8408.0,11,8410.0,1,8416.0,1,8392.0
PX501,,13:46:16.750#,8430.0,8430.0,8360.0,9004.0,7824.0,3532,29064,8372.0,3,8374.0,15,8376.0,1,8380.0,2,8388.0,5,8392.0,3,8394.0,16,8408.0,11,8410.0,1,8416.0,1,8392.0
PX501,,13:46:17.250#,8430.0,8430.0,8360.0,9004.0,7824.0,3532,29064,8372.0,3,8374.0,15,8376.0,1,8380.0,2,8388.0,5,8394.0,23,8408.0,11,8410.0,1,8416.0,1,8418.0,30,8392.0
PX501,,13:46:18.0#,8430.0,8430.0,8360.0,9004.0,7824.0,3532,29064,8372.0,3,8374.0,15,8376.0,1,8380.0,2,8388.0,5,8392.0,4,8394.0,16,8408.0,11,8410.0,1,8416.0,1,8392.0
PX501,,13:46:18.250#,8430.0,8430.0,8360.0,9004.0,7824.0,3532,29064,8372.0,3,8374.0,15,8376.0,1,8380.0,2,8388.0,5,8392.0,3,8394.0,16,8408.0,11,8410.0,1,8416.0,1,8392.0
PX501,,13:46:18.500#,8430.0,8430.0,8360.0,9004.0,7824.0,3532,29064,8372.0,3,8374.0,15,8376.0,1,8380.0,2,8388.0,5,8392.0,2,8394.0,16,8408.0,11,8410.0,1,8416.0,1,8392.0
PX501,,13:46:18.750#,8430.0,8430.0,8360.0,9004.0,7824.0,3532,29064,8372.0,3,8374.0,15,8376.0,1,8380.0,2,8388.0,5,8392.0,4,8394.0,16,8408.0,11,8410.0,1,8416.0,1,8392.0
PX501,,13:46:19.0#,8430.0,8430.0,8360.0,9004.0,7824.0,3532,29064,8372.0,3,8374.0,15,8376.0,1,8380.0,2,8388.0,5,8392.0,7,8394.0,16,8408.0,11,8410.0,1,8416.0,1,8392.0
PX501,,13:46:19.250#,8430.0,8430.0,8360.0,9004.0,7824.0,3532,29064,8372.0,3,8374.0,15,8376.0,1,8380.0,2,8388.0,5,8392.0,3,8394.0,16,8408.0,11,8410.0,1,8416.0,1,8392.0
PX501,,13:46:19.500#,8430.0,8430.0,8360.0,9004.0,7824.0,3532,29064,8372.0,3,8374.0,15,8376.0,1,8380.0,2,8388.0,5,8392.0,2,8394.0,16,8408.0,11,8410.0,1,8416.0,1,8392.0
PX501,,13:46:19.750#,8430.0,8430.0,8360.0,9004.0,7824.0,3532,29064,8372.0,3,8374.0,15,8376.0,1,8380.0,2,8388.0,5,8394.0,23,8408.0,11,8410.0,1,8416.0,1,8418.0,30,8392.0
PX501,,13:46:20.0#,8430.0,8430.0,8360.0,9004.0,7824.0,3532,29064,8372.0,3,8374.0,15,8376.0,1,8380.0,2,8388.0,5,8392.0,2,8394.0,16,8408.0,11,8410.0,1,8416.0,1,8392.0
PX501,,13:46:20.250#,8430.0,8430.0,8360.0,9004.0,7824.0,3532,29064,8372.0,3,8374.0,15,8376.0,1,8380.0,2,8388.0,5,8392.0,3,8394.0,16,8408.0,11,8410.0,1,8416.0,1,8392.0
PX501,,13:46:22.500#,8430.0,8430.0,8360.0,9004.0,7824.0,3532,29064,8372.0,3,8374.0,15,8376.0,1,8380.0,2,8388.0,5,8392.0,2,8394.0,16,8408.0,11,8410.0,1,8416.0,1,8392.0
PX501,,13:46:22.750#,8430.0,8430.0,8360.0,9004.0,7824.0,3532,29064,8372.0,3,8374.0,15,8376.0,1,8380.0,2,8388.0,5,8392.0,7,8394.0,16,8408.0,11,8410.0,1,8416.0,1,8392.0
PX501,,13:46:23.0#,8430.0,8430.0,8360.0,9004.0,7824.0,3532,29064,8372.0,3,8374.0,15,8376.0,1,8380.0,2,8388.0,5,8392.0,3,8394.0,16,8408.0,11,8410.0,1,8416.0,1,8392.0
PX501,,13:46:23.750#,8430.0,8430.0,8360.0,9004.0,7824.0,3532,29064,8372.0,3,8374.0,15,8376.0,1,8380.0,2,8388.0,5,8392.0,2,8394.0,16,8408.0,11,8410.0,1,8416.0,1,8392.0
PX501,,13:46:24.250#,8430.0,8430.0,8360.0,9004.0,7824.0,3532,29064,8372.0,3,8374.0,15,8376.0,1,8380.0,2,8388.0,5,8392.0,1,8394.0,16,8408.0,11,8410.0,1,8416.0,1,8392.0
PX501,,13:46:24.500#,8430.0,8430.0,8360.0,9004.0,7824.0,3532,29064,8372.0,3,8374.0,15,8376.0,1,8380.0,2,8388.0,5,8394.0,23,8408.0,11,8410.0,1,8416.0,1,8418.0,30,8392.0
PX501,,13:46:25.0#,8430.0,8430.0,8360.0,9004.0,7824.0,3532,29064,8372.0,3,8374.0,15,8376.0,1,8380.0,2,8388.0,5,8392.0,1,8394.0,16,8408.0,11,8410.0,1,8416.0,1,8392.0
PX501,,13:46:27.500#,8430.0,8430.0,8360.0,9004.0,7824.0,3532,29064,8372.0,3,8374.0,15,8376.0,1,8380.0,2,8388.0,5,8392.0,5,8394.0,16,8408.0,11,8410.0,1,8416.0,1,8392.0
PX501,,13:46:27.750#,8430.0,8430.0,8360.0,9004.0,7824.0,3532,29064,8372.0,3,8374.0,15,8376.0,1,8380.0,2,8388.0,5,8392.0,3,8394.0,16,8408.0,11,8410.0,1,8416.0,1,8392.0
PX501,,13:46:28.0#,8430.0,8430.0,8360.0,9004.0,7824.0,3532,29064,8372.0,3,8374.0,15,8376.0,1,8380.0,2,8388.0,5,8392.0,7,8394.0,16,8408.0,11,8410.0,1,8416.0,1,8392.0
PX501,,13:46:28.250#,8430.0,8430.0,8360.0,9004.0,7824.0,3532,29064,8372.0,3,8374.0,15,8376.0,1,8380.0,2,8388.0,5,8392.0,3,8394.0,16,8408.0,11,8410.0,1,8416.0,1,8392.0
PX501,,13:46:28.500#,8430.0,8430.0,8360.0,9004.0,7824.0,3532,29064,8372.0,3,8374.0,15,8376.0,1,8380.0,2,8388.0,5,8392.0,2,8394.0,16,8408.0,11,8410.0,1,8416.0,1,8392.0
PX501,,13:46:29.250#,8430.0,8430.0,8360.0,9004.0,7824.0,3532,29064,8372.0,3,8374.0,15,8376.0,1,8380.0,2,8388.0,5,8392.0,5,8394.0,16,8408.0,11,8410.0,1,8416.0,1,8392.0
PX501,,13:46:29.500#,8430.0,8430.0,8360.0,9004.0,7824.0,3532,29064,8372.0,3,8374.0,15,8376.0,1,8380.0,2,8388.0,5,8392.0,3,8394.0,16,8408.0,11,8410.0,1,8416.0,1,8392.0
PX501,,13:46:29.750#,8430.0,8430.0,8360.0,9004.0,7824.0,3532,29064,8372.0,3,8374.0,15,8376.0,1,8380.0,2,8388.0,5,8392.0,2,8394.0,16,8408.0,11,8410.0,1,8416.0,1,8392.0
PX501,,13:46:36.500#,8430.0,8430.0,8360.0,9004.0,7824.0,3532,29064,8372.0,3,8374.0,15,8376.0,1,8380.0,2,8388.0,5,8392.0,6,8394.0,16,8408.0,11,8410.0,1,8416.0,1,8392.0
PX501,,13:46:36.750#,8430.0,8430.0,8360.0,9004.0,7824.0,3532,29064,8372.0,3,8374.0,15,8376.0,1,8380.0,2,8388.0,5,8392.0,3,8394.0,16,8408.0,11,8410.0,1,8416.0,1,8392.0
PX501,,13:46:37.250#,8430.0,8430.0,8360.0,9004.0,7824.0,3532,29064,8372.0,3,8374.0,15,8376.0,1,8380.0,2,8388.0,5,8392.0,2,8394.0,16,8408.0,11,8410.0,1,8416.0,1,8392.0
PX501,,13:46:41.0#,8430.0,8430.0,8360.0,9004.0,7824.0,3532,29064,8372.0,3,8374.0,15,8376.0,1,8380.0,2,8388.0,5,8392.0,1,8394.0,16,8408.0,11,8410.0,1,8416.0,1,8392.0
PX501,,13:46:41.250#,8430.0,8430.0,8360.0,9004.0,7824.0,3532,29064,8372.0,3,8374.0,15,8376.0,1,8380.0,2,8388.0,5,8392.0,5,8394.0,16,8408.0,11,8410.0,1,8416.0,1,8392.0
PX501,,13:46:41.500#,8430.0,8430.0,8360.0,9004.0,7824.0,3532,29064,8372.0,3,8374.0,15,8376.0,1,8380.0,2,8388.0,5,8392.0,7,8394.0,16,8408.0,11,8410.0,1,8416.0,1,8392.0
PX501,,13:46:41.750#,8430.0,8430.0,8360.0,9004.0,7824.0,3532,29064,8372.0,3,8374.0,15,8376.0,1,8380.0,2,8388.0,5,8392.0,3,8394.0,16,8408.0,11,8410.0,1,8416.0,1,8392.0
PX501,,13:46:42.0#,8430.0,8430.0,8360.0,9004.0,7824.0,3532,29064,8372.0,3,8374.0,15,8376.0,1,8380.0,2,8388.0,5,8392.0,7,8394.0,16,8408.0,11,8410.0,1,8416.0,1,8392.0
PX501,,13:46:42.250#,8430.0,8430.0,8360.0,9004.0,7824.0,3532,29064,8372.0,3,8374.0,15,8376.0,1,8380.0,2,8388.0,5,8392.0,3,8394.0,16,8408.0,11,8410.0,1,8416.0,1,8392.0
PX501,,13:46:42.500#,8430.0,8430.0,8360.0,9004.0,7824.0,3532,29064,8372.0,3,8374.0,15,8376.0,1,8380.0,2,8388.0,5,8392.0,5,8394.0,16,8408.0,11,8410.0,1,8416.0,1,8392.0
PX501,,13:46:43.0#,8430.0,8430.0,8360.0,9004.0,7824.0,3532,29064,8372.0,3,8374.0,15,8376.0,1,8380.0,2,8388.0,5,8392.0,4,8394.0,16,8408.0,11,8410.0,1,8416.0,1,8392.0
PX501,,13:46:43.250#,8430.0,8430.0,8360.0,9004.0,7824.0,3532,29064,8372.0,3,8374.0,15,8376.0,1,8380.0,2,8388.0,5,8392.0,6,8394.0,16,8408.0,11,8410.0,1,8416.0,1,8392.0
PX501,,13:46:43.500#,8430.0,8430.0,8360.0,9004.0,7824.0,3532,29064,8372.0,3,8374.0,15,8376.0,1,8380.0,2,8388.0,5,8392.0,7,8394.0,16,8408.0,11,8410.0,1,8416.0,1,8392.0
PX501,,13:46:46.500#,8430.0,8430.0,8360.0,9004.0,7824.0,3534,29064,8372.0,3,8374.0,15,8376.0,1,8380.0,2,8388.0,3,8392.0,5,8394.0,16,8408.0,11,8410.0,1,8416.0,1,8388.0
PX501,,13:46:46.750#,8430.0,8430.0,8360.0,9004.0,7824.0,3534,29064,8370.0,15,8372.0,3,8376.0,1,8380.0,2,8388.0,3,8390.0,2,8394.0,16,8408.0,11,8410.0,1,8416.0,1,8388.0
PX501,,13:46:47.0#,8430.0,8430.0,8360.0,9004.0,7824.0,3534,29064,8370.0,15,8372.0,3,8376.0,1,8380.0,2,8388.0,3,8390.0,3,8394.0,16,8408.0,11,8410.0,1,8416.0,1,8388.0
PX501,,13:46:47.250#,8430.0,8430.0,8360.0,9004.0,7824.0,3534,29064,8370.0,15,8372.0,3,8376.0,1,8380.0,2,8388.0,3,8390.0,3,8394.0,16,8408.0,11,8410.0,16,8416.0,1,8388.0
PX501,,13:46:47.500#,8430.0,8430.0,8360.0,9004.0,7824.0,3534,29064,8370.0,15,8372.0,3,8376.0,1,8380.0,2,8388.0,3,8390.0,3,8394.0,16,8408.0,11,8410.0,16,8416.0,1,8388.0
PX501,,13:46:56.0#,8430.0,8430.0,8360.0,9004.0,7824.0,3534,29064,8370.0,15,8372.0,3,8376.0,1,8380.0,2,8388.0,1,8390.0,3,8394.0,16,8408.0,11,8410.0,16,8416.0,1,8388.0
PX501,,13:46:56.250#,8430.0,8430.0,8360.0,9004.0,7824.0,3534,29064,8370.0,15,8372.0,3,8376.0,1,8380.0,2,8386.0,3,8390.0,8,8394.0,16,8408.0,11,8410.0,16,8416.0,1,8388.0
PX501,,13:46:58.750#,8430.0,8430.0,8360.0,9004.0,7824.0,3534,29064,8370.0,15,8372.0,3,8376.0,1,8380.0,2,8386.0,3,8390.0,7,8394.0,16,8408.0,11,8410.0,16,8416.0,1,8388.0
PX501,,13:46:59.0#,8430.0,8430.0,8360.0,9004.0,7824.0,3534,29064,8370.0,15,8372.0,3,8376.0,1,8380.0,2,8386.0,3,8390.0,6,8394.0,16,8408.0,11,8410.0,16,8416.0,1,8388.0
PX501,,13:46:59.250#,8430.0,8430.0,8360.0,9004.0,7824.0,3534,29064,8370.0,15,8372.0,3,8376.0,1,8380.0,2,8386.0,3,8390.0,5,8394.0,16,8408.0,11,8410.0,16,8416.0,1,8388.0
PX501,,13:46:59.500#,8430.0,8430.0,8360.0,9004.0,7824.0,3534,29064,8370.0,15,8372.0,3,8376.0,1,8380.0,2,8386.0,3,8390.0,7,8394.0,16,8408.0,11,8410.0,16,8416.0,1,8388.0
PX501,,13:47:00.250#,8430.0,8430.0,8360.0,9004.0,7824.0,3534,29064,8370.0,15,8372.0,3,8376.0,1,8380.0,2,8386.0,3,8390.0,6,8394.0,16,8408.0,11,8410.0,16,8416.0,1,8388.0
PX501,,13:47:00.500#,8430.0,8430.0,8360.0,9004.0,7824.0,3534,29064,8370.0,15,8372.0,3,8376.0,1,8380.0,2,8386.0,3,8390.0,5,8394.0,16,8408.0,11,8410.0,16,8416.0,1,8388.0
PX501,,13:47:01.750#,8430.0,8430.0,8360.0,9004.0,7824.0,3534,29064,8370.0,15,8372.0,3,8376.0,1,8380.0,2,8386.0,3,8390.0,8,8394.0,16,8408.0,11,8410.0,16,8416.0,1,8388.0
PX501,,13:47:02.0#,8430.0,8430.0,8360.0,9004.0,7824.0,3534,29064,8370.0,15,8372.0,3,8376.0,1,8380.0,2,8386.0,3,8388.0,1,8390.0,3,8394.0,16,8408.0,11,8410.0,16,8388.0
PX501,,13:47:02.250#,8430.0,8430.0,8360.0,9004.0,7824.0,3535,29065,8370.0,15,8372.0,3,8376.0,1,8380.0,2,8386.0,2,8390.0,8,8394.0,15,8408.0,11,8410.0,16,8416.0,1,8388.0
PX501,,13:47:02.750#,8430.0,8430.0,8360.0,9004.0,7824.0,3535,29065,8370.0,15,8372.0,3,8376.0,1,8380.0,2,8386.0,2,8390.0,7,8394.0,15,8408.0,11,8410.0,16,8416.0,1,8388.0
PX501,,13:47:03.0#,8430.0,8430.0,8360.0,9004.0,7824.0,3535,29065,8370.0,15,8372.0,3,8376.0,1,8380.0,2,8386.0,2,8390.0,8,8394.0,15,8408.0,11,8410.0,16,8416.0,1,8388.0
PX501,,13:47:03.250#,8430.0,8430.0,8360.0,9004.0,7824.0,3535,29065,8370.0,15,8372.0,3,8376.0,1,8380.0,2,8386.0,2,8390.0,7,8394.0,15,8408.0,11,8410.0,16,8416.0,1,8388.0
PX501,,13:47:03.500#,8430.0,8430.0,8360.0,9004.0,7824.0,3535,29065,8370.0,15,8372.0,3,8376.0,1,8380.0,2,8386.0,2,8390.0,6,8394.0,15,8408.0,11,8410.0,16,8416.0,1,8388.0
PX501,,13:47:04.250#,8430.0,8430.0,8360.0,9004.0,7824.0,3535,29065,8370.0,15,8372.0,3,8376.0,1,8380.0,2,8386.0,2,8390.0,5,8394.0,15,8408.0,11,8410.0,16,8416.0,1,8388.0
PX501,,13:47:04.500#,8430.0,8430.0,8360.0,9004.0,7824.0,3535,29065,8370.0,15,8372.0,3,8376.0,1,8380.0,2,8386.0,2,8390.0,8,8394.0,15,8408.0,11,8410.0,16,8416.0,1,8388.0
PX501,,13:47:04.750#,8430.0,8430.0,8360.0,9004.0,7824.0,3535,29065,8370.0,15,8372.0,3,8376.0,1,8380.0,2,8386.0,2,8390.0,7,8394.0,15,8408.0,11,8410.0,16,8416.0,1,8388.0
PX501,,13:47:05.0#,8430.0,8430.0,8360.0,9004.0,7824.0,3555,29085,8370.0,15,8372.0,3,8376.0,1,8380.0,2,8386.0,2,8390.0,7,8394.0,15,8408.0,11,8410.0,16,8416.0,1,8388.0
PX501,,13:47:05.250#,8430.0,8430.0,8360.0,9004.0,7824.0,3555,29085,8370.0,15,8372.0,3,8376.0,1,8380.0,2,8386.0,2,8390.0,5,8394.0,15,8408.0,11,8410.0,16,8416.0,1,8388.0
PX501,,13:47:08.0#,8430.0,8430.0,8360.0,9004.0,7824.0,3555,29085,8370.0,15,8372.0,3,8376.0,1,8380.0,2,8386.0,2,8390.0,5,8394.0,15,8408.0,11,8410.0,16,8416.0,1,8388.0
PX501,,13:47:08.250#,8430.0,8430.0,8360.0,9004.0,7824.0,3555,29085,8370.0,15,8372.0,3,8376.0,1,8380.0,2,8386.0,2,8390.0,8,8394.0,15,8408.0,11,8410.0,16,8416.0,1,8388.0
PX501,,13:47:08.750#,8430.0,8430.0,8360.0,9004.0,7824.0,3555,29085,8370.0,15,8372.0,3,8376.0,1,8380.0,2,8386.0,2,8390.0,7,8394.0,15,8408.0,11,8410.0,16,8416.0,1,8388.0
PX501,,13:47:09.750#,8430.0,8430.0,8360.0,9004.0,7824.0,3555,29085,8370.0,15,8372.0,3,8376.0,1,8380.0,2,8386.0,2,8390.0,5,8394.0,15,8408.0,11,8410.0,16,8416.0,1,8388.0
PX501,,13:47:15.0#,8430.0,8430.0,8360.0,9004.0,7824.0,3555,29085,8370.0,15,8372.0,3,8376.0,1,8380.0,2,8388.0,2,8390.0,4,8394.0,15,8408.0,11,8410.0,16,8416.0,1,8388.0
PX501,,13:47:15.250#,8430.0,8430.0,8360.0,9004.0,7824.0,3555,29085,8370.0,15,8372.0,3,8376.0,1,8380.0,2,8388.0,2,8390.0,2,8394.0,15,8408.0,11,8410.0,16,8416.0,1,8388.0
PX501,,13:47:23.500#,8430.0,8430.0,8360.0,9004.0,7824.0,3555,29085,8370.0,15,8372.0,3,8376.0,1,8380.0,2,8386.0,2,8390.0,3,8394.0,15,8408.0,11,8410.0,16,8416.0,1,8388.0
PX501,,13:47:26.750#,8430.0,8430.0,8360.0,9004.0,7824.0,3555,29085,8370.0,15,8372.0,3,8376.0,1,8380.0,2,8386.0,2,8390.0,1,8394.0,15,8408.0,11,8410.0,16,8416.0,1,8388.0
PX501,,13:47:27.0#,8430.0,8430.0,8360.0,9004.0,7824.0,3555,29085,8370.0,15,8372.0,3,8376.0,1,8380.0,2,8388.0,2,8390.0,1,8394.0,15,8408.0,11,8410.0,16,8416.0,1,8388.0
PX501,,13:47:27.250#,8430.0,8430.0,8360.0,9004.0,7824.0,3556,29086,8370.0,15,8372.0,3,8376.0,1,8380.0,2,8388.0,2,8390.0,1,8394.0,15,8408.0,11,8410.0,16,8416.0,1,8390.0
PX501,,13:47:27.500#,8430.0,8430.0,8360.0,9004.0,7824.0,3557,29087,8370.0,15,8372.0,3,8376.0,1,8380.0,2,8390.0,1,8394.0,29,8408.0,11,8410.0,16,8416.0,1,8418.0,15,8390.0
PX501,,13:47:27.750#,8430.0,8430.0,8360.0,9004.0,7824.0,3557,29087,8370.0,15,8372.0,3,8376.0,1,8380.0,2,8390.0,1,8394.0,24,8408.0,11,8410.0,16,8416.0,1,8418.0,15,8390.0
PX501,,13:47:28.0#,8430.0,8430.0,8360.0,9004.0,7824.0,3557,29087,8370.0,15,8372.0,3,8376.0,1,8380.0,2,8390.0,1,8394.0,19,8408.0,11,8410.0,16,8416.0,1,8418.0,15,8390.0
PX501,,13:47:29.500#,8430.0,8430.0,8360.0,9004.0,7824.0,3558,29088,8370.0,15,8372.0,3,8376.0,1,8380.0,2,8390.0,1,8394.0,19,8408.0,11,8410.0,16,8416.0,1,8418.0,15,8390.0
PX501,,13:47:31.500#,8430.0,8430.0,8360.0,9004.0,7824.0,3558,29088,8370.0,15,8372.0,3,8376.0,1,8380.0,2,8388.0,1,8394.0,19,8408.0,11,8410.0,16,8416.0,1,8418.0,15,8390.0
PX501,,13:47:31.750#,8430.0,8430.0,8360.0,9004.0,7824.0,3558,29088,8370.0,15,8372.0,3,8376.0,1,8380.0,2,8388.0,1,8394.0,19,8408.0,11,8410.0,16,8416.0,1,8418.0,10,8390.0
PX501,,13:47:32.750#,8430.0,8430.0,8360.0,9004.0,7824.0,3558,29088,8370.0,15,8372.0,3,8376.0,1,8380.0,2,8388.0,1,8394.0,19,8408.0,11,8410.0,16,8416.0,1,8418.0,10,8390.0
PX501,,13:47:40.750#,8430.0,8430.0,8360.0,9004.0,7824.0,3558,29088,8370.0,15,8372.0,3,8376.0,1,8380.0,2,8390.0,1,8394.0,19,8408.0,11,8410.0,16,8416.0,1,8418.0,10,8390.0
PX501,,13:47:49.250#,8430.0,8430.0,8360.0,9004.0,7824.0,3558,29088,8370.0,15,8372.0,3,8376.0,1,8380.0,2,8390.0,1,8394.0,29,8408.0,11,8410.0,16,8416.0,1,8418.0,10,8390.0
PX501,,13:48:04.500#,8430.0,8430.0,8360.0,9004.0,7824.0,3558,29088,8370.0,15,8372.0,3,8376.0,1,8380.0,2,8390.0,1,8394.0,28,8408.0,11,8410.0,16,8416.0,1,8418.0,10,8390.0
PX501,,13:48:04.750#,8430.0,8430.0,8360.0,9004.0,7824.0,3558,29088,8370.0,15,8372.0,3,8376.0,1,8380.0,2,8390.0,1,8394.0,27,8408.0,11,8410.0,16,8416.0,1,8418.0,10,8390.0
PX501,,13:48:08.250#,8430.0,8430.0,8360.0,9004.0,7824.0,3558,29088,8370.0,15,8372.0,3,8376.0,1,8380.0,2,8390.0,1,8394.0,19,8408.0,11,8410.0,16,8416.0,1,8418.0,10,8390.0
PX501,,13:48:09.0#,8430.0,8430.0,8360.0,9004.0,7824.0,3558,29088,8370.0,15,8372.0,3,8376.0,1,8380.0,2,8388.0,1,8394.0,19,8408.0,11,8410.0,16,8416.0,1,8418.0,10,8390.0
PX501,,13:48:09.500#,8430.0,8430.0,8360.0,9004.0,7824.0,3558,29088,8370.0,15,8372.0,3,8376.0,1,8380.0,2,8388.0,1,8392.0,4,8394.0,15,8408.0,11,8410.0,16,8416.0,1,8390.0
PX501,,13:48:09.750#,8430.0,8430.0,8360.0,9004.0,7824.0,3558,29088,8370.0,15,8372.0,3,8376.0,1,8380.0,2,8388.0,1,8394.0,20,8408.0,11,8410.0,16,8416.0,1,8418.0,10,8390.0
PX501,,13:48:10.0#,8430.0,8430.0,8360.0,9004.0,7824.0,3558,29088,8370.0,15,8372.0,3,8376.0,1,8380.0,2,8388.0,1,8394.0,19,8400.0,1,8408.0,11,8410.0,16,8416.0,1,8390.0
PX501,,13:48:20.500#,8430.0,8430.0,8360.0,9004.0,7824.0,3558,29088,8370.0,15,8372.0,3,8376.0,1,8380.0,2,8388.0,1,8394.0,20,8400.0,1,8408.0,11,8410.0,16,8416.0,1,8390.0
PX501,,13:48:20.750#,8430.0,8430.0,8360.0,9004.0,7824.0,3558,29088,8370.0,15,8372.0,3,8376.0,1,8380.0,2,8390.0,2,8392.0,4,8394.0,15,8400.0,1,8408.0,11,8410.0,16,8390.0
PX501,,13:48:22.0#,8430.0,8430.0,8360.0,9004.0,7824.0,3558,29088,8370.0,15,8372.0,3,8376.0,1,8380.0,2,8390.0,3,8394.0,29,8400.0,1,8408.0,11,8410.0,16,8416.0,1,8390.0
PX501,,13:48:22.250#,8430.0,8430.0,8360.0,9004.0,7824.0,3558,29088,8370.0,15,8372.0,3,8376.0,1,8380.0,2,8390.0,2,8394.0,126,8400.0,1,8408.0,11,8410.0,16,8416.0,1,8390.0
PX501,,13:48:22.750#,8430.0,8430.0,8360.0,9004.0,7824.0,3558,29088,8370.0,15,8372.0,3,8376.0,1,8380.0,2,8390.0,2,8394.0,125,8400.0,1,8408.0,11,8410.0,16,8416.0,1,8390.0
PX501,,13:48:30.750#,8430.0,8430.0,8360.0,9004.0,7824.0,3558,29088,8370.0,15,8372.0,3,8376.0,1,8380.0,2,8390.0,2,8394.0,125,8400.0,1,8408.0,11,8410.0,16,8416.0,1,8390.0
PX501,,13:48:31.250#,8430.0,8430.0,8360.0,9004.0,7824.0,3558,29088,8370.0,15,8372.0,3,8376.0,1,8380.0,2,8390.0,3,8394.0,125,8400.0,1,8408.0,11,8410.0,16,8416.0,1,8390.0
PX501,,13:48:31.500#,8430.0,8430.0,8360.0,9004.0,7824.0,3558,29088,8370.0,15,8372.0,3,8376.0,1,8380.0,2,8390.0,2,8392.0,3,8394.0,115,8400.0,1,8408.0,11,8410.0,16,8390.0
PX501,,13:48:32.250#,8430.0,8430.0,8360.0,9004.0,7824.0,3558,29088,8370.0,15,8372.0,3,8376.0,1,8380.0,2,8390.0,2,8392.0,2,8394.0,115,8400.0,1,8408.0,11,8410.0,16,8390.0
PX501,,13:48:32.500#,8430.0,8430.0,8360.0,9004.0,7824.0,3558,29088,8370.0,15,8372.0,3,8376.0,1,8380.0,2,8390.0,2,8392.0,4,8394.0,115,8400.0,1,8408.0,11,8410.0,16,8390.0
PX501,,13:48:32.750#,8430.0,8430.0,8360.0,9004.0,7824.0,3558,29088,8370.0,15,8372.0,3,8376.0,1,8380.0,2,8390.0,2,8392.0,3,8394.0,115,8400.0,1,8408.0,11,8410.0,16,8390.0
PX501,,13:48:33.250#,8430.0,8430.0,8360.0,9004.0,7824.0,3558,29088,8370.0,15,8372.0,3,8376.0,1,8380.0,2,8390.0,2,8392.0,5,8394.0,115,8400.0,1,8408.0,11,8410.0,16,8390.0
PX501,,13:48:33.750#,8430.0,8430.0,8360.0,9004.0,7824.0,3560,29086,8370.0,15,8372.0,3,8376.0,1,8380.0,2,8388.0,1,8392.0,3,8394.0,115,8400.0,1,8408.0,11,8410.0,16,8390.0
PX501,,13:48:34.0#,8430.0,8430.0,8360.0,9004.0,7824.0,3560,29086,8370.0,15,8372.0,3,8376.0,1,8380.0,2,8386.0,1,8390.0,3,8392.0,1,8394.0,115,8400.0,1,8408.0,11,8390.0
PX501,,13:48:34.250#,8430.0,8430.0,8360.0,9004.0,7824.0,3560,29086,8370.0,15,8372.0,3,8376.0,1,8380.0,2,8386.0,2,8390.0,2,8392.0,1,8394.0,115,8400.0,1,8408.0,11,8390.0
PX501,,13:48:34.500#,8430.0,8430.0,8360.0,9004.0,7824.0,3560,29086,8370.0,15,8372.0,3,8376.0,1,8380.0,2,8386.0,3,8390.0,2,8392.0,1,8394.0,115,8400.0,1,8408.0,11,8390.0
PX501,,13:48:35.250#,8430.0,8430.0,8360.0,9004.0,7824.0,3560,29086,8370.0,15,8372.0,3,8376.0,1,8380.0,2,8386.0,3,8390.0,3,8392.0,1,8394.0,115,8400.0,1,8408.0,11,8390.0
PX501,,13:48:35.750#,8430.0,8430.0,8360.0,9004.0,7824.0,3560,29086,8370.0,15,8372.0,3,8376.0,1,8380.0,2,8386.0,3,8390.0,2,8392.0,1,8394.0,115,8400.0,1,8408.0,11,8390.0
PX501,,13:48:38.500#,8430.0,8430.0,8360.0,9004.0,7824.0,3560,29086,8370.0,15,8372.0,3,8376.0,1,8380.0,2,8386.0,3,8390.0,3,8392.0,1,8394.0,115,8400.0,1,8408.0,11,8390.0
PX501,,13:48:50.750#,8430.0,8430.0,8360.0,9004.0,7824.0,3560,29086,8370.0,15,8372.0,3,8376.0,1,8380.0,2,8386.0,1,8390.0,3,8392.0,1,8394.0,115,8400.0,1,8408.0,11,8390.0
PX501,,13:48:51.750#,8430.0,8430.0,8360.0,9004.0,7824.0,3560,29086,8370.0,15,8372.0,3,8376.0,1,8380.0,2,8386.0,1,8390.0,4,8392.0,1,8394.0,115,8400.0,1,8408.0,11,8390.0
PX501,,13:48:52.0#,8430.0,8430.0,8360.0,9004.0,7824.0,3560,29086,8370.0,15,8372.0,3,8376.0,1,8380.0,2,8386.0,1,8390.0,6,8392.0,1,8394.0,115,8400.0,1,8408.0,11,8390.0
PX501,,13:48:52.250#,8430.0,8430.0,8360.0,9004.0,7824.0,3560,29086,8370.0,15,8372.0,3,8376.0,1,8380.0,2,8386.0,1,8390.0,3,8392.0,1,8394.0,115,8400.0,1,8408.0,11,8390.0
PX501,,13:48:52.500#,8430.0,8430.0,8360.0,9004.0,7824.0,3560,29086,8370.0,15,8372.0,3,8376.0,1,8380.0,2,8386.0,1,8390.0,4,8392.0,1,8394.0,115,8400.0,1,8408.0,11,8390.0
PX501,,13:48:52.750#,8430.0,8430.0,8360.0,9004.0,7824.0,3560,29086,8370.0,15,8372.0,3,8376.0,1,8380.0,2,8386.0,2,8390.0,3,8392.0,1,8394.0,115,8400.0,1,8408.0,11,8390.0
PX501,,13:49:13.0#,8430.0,8430.0,8360.0,9004.0,7824.0,3560,29086,8370.0,15,8372.0,3,8376.0,1,8380.0,2,8386.0,1,8390.0,3,8392.0,1,8394.0,115,8400.0,1,8408.0,11,8390.0
PX501,,13:49:13.500#,8430.0,8430.0,8360.0,9004.0,7824.0,3560,29086,8370.0,15,8372.0,3,8376.0,1,8380.0,2,8386.0,2,8390.0,3,8392.0,1,8394.0,115,8400.0,1,8408.0,11,8390.0
PX501,,13:49:14.0#,8430.0,8430.0,8360.0,9004.0,7824.0,3560,29086,8370.0,15,8372.0,3,8376.0,1,8380.0,2,8386.0,1,8390.0,3,8392.0,1,8394.0,115,8400.0,1,8408.0,11,8390.0
PX501,,13:49:14.500#,8430.0,8430.0,8360.0,9004.0,7824.0,3560,29086,8370.0,15,8372.0,3,8376.0,1,8380.0,2,8386.0,2,8390.0,3,8392.0,1,8394.0,115,8400.0,1,8408.0,11,8390.0
PX501,,13:49:14.750#,8430.0,8430.0,8360.0,9004.0,7824.0,3560,29086,8370.0,15,8372.0,3,8376.0,1,8380.0,2,8386.0,1,8390.0,3,8392.0,1,8394.0,115,8400.0,1,8408.0,11,8390.0
PX501,,13:49:15.500#,8430.0,8430.0,8360.0,9004.0,7824.0,3560,29086,8370.0,15,8372.0,3,8376.0,1,8380.0,2,8386.0,2,8390.0,3,8392.0,1,8394.0,115,8400.0,1,8408.0,11,8390.0
PX501,,13:49:19.500#,8430.0,8430.0,8360.0,9004.0,7824.0,3560,29086,8370.0,15,8372.0,3,8376.0,1,8380.0,2,8386.0,1,8390.0,3,8392.0,1,8394.0,115,8400.0,1,8408.0,11,8390.0
PX501,,13:49:19.750#,8430.0,8430.0,8360.0,9004.0,7824.0,3560,29086,8370.0,15,8372.0,3,8376.0,1,8380.0,2,8386.0,2,8390.0,3,8392.0,1,8394.0,115,8400.0,1,8408.0,11,8390.0
PX501,,13:49:23.250#,8430.0,8430.0,8360.0,9004.0,7824.0,3560,29086,8370.0,15,8372.0,3,8376.0,1,8380.0,2,8386.0,1,8390.0,3,8392.0,1,8394.0,115,8400.0,1,8408.0,11,8390.0
PX501,,13:49:23.750#,8430.0,8430.0,8360.0,9004.0,7824.0,3560,29086,8370.0,15,8372.0,3,8376.0,1,8380.0,2,8386.0,1,8390.0,7,8392.0,1,8394.0,115,8400.0,1,8408.0,11,8390.0
PX501,,13:49:24.0#,8430.0,8430.0,8360.0,9004.0,7824.0,3560,29086,8370.0,15,8372.0,3,8376.0,1,8380.0,2,8386.0,1,8390.0,6,8392.0,1,8394.0,115,8400.0,1,8408.0,11,8390.0
PX501,,13:49:24.250#,8430.0,8430.0,8360.0,9004.0,7824.0,3560,29086,8370.0,15,8372.0,3,8376.0,1,8380.0,2,8386.0,1,8390.0,7,8392.0,1,8394.0,115,8400.0,1,8408.0,11,8390.0
PX501,,13:49:25.500#,8430.0,8430.0,8360.0,9004.0,7824.0,3560,29086,8370.0,15,8372.0,3,8376.0,1,8380.0,2,8386.0,1,8390.0,13,8392.0,1,8394.0,115,8400.0,1,8408.0,11,8390.0
PX501,,13:49:28.0#,8430.0,8430.0,8360.0,9004.0,7824.0,3560,29086,8370.0,15,8372.0,3,8376.0,1,8380.0,2,8386.0,1,8388.0,2,8390.0,1,8392.0,1,8394.0,115,8400.0,1,8390.0
PX501,,13:49:28.250#,8430.0,8430.0,8360.0,9004.0,7824.0,3560,29086,8370.0,15,8372.0,3,8376.0,1,8380.0,2,8386.0,2,8390.0,13,8392.0,1,8394.0,115,8400.0,1,8408.0,11,8390.0
PX501,,13:49:28.500#,8430.0,8430.0,8360.0,9004.0,7824.0,3560,29086,8370.0,15,8372.0,3,8376.0,1,8380.0,2,8386.0,2,8390.0,6,8392.0,1,8394.0,115,8400.0,1,8408.0,11,8390.0
PX501,,13:49:28.750#,8430.0,8430.0,8360.0,9004.0,7824.0,3560,29086,8370.0,15,8372.0,3,8376.0,1,8380.0,2,8386.0,2,8390.0,3,8392.0,1,8394.0,115,8400.0,1,8408.0,11,8390.0
