InstrumentId,ExchangeId,Datetime,OpenPrice,HighestPrice,LowestPrice,UpperLimitPrice,LowerLimitPrice,Volume,OpenInterest,BidPrice5,BidVolume5,BidPrice4,BidVolume4,BidPrice3,BidVolume3,BidPrice2,BidVolume2,BidPrice1,BidVolume1,AskPrice1,AskVolume1,AskPrice2,AskVolume2,AskPrice3,AskVolume3,AskPrice4,AskVolume4,AskPrice5,AskVolume5,LastPrice
rb2410,,13:38:35.0#,3473.0,3486.0,3441.0,3647.0,3300.0,1353586,2238195.0,3452.0,1075,3453.0,909,3454.0,875,3455.0,2893,3456.0,2359,3457.0,477,3458.0,999,3459.0,696,3460.0,765,3461.0,763,3456.0
rb2410,,13:38:35.500#,3473.0,3486.0,3441.0,3647.0,3300.0,1353611,2238211.0,3452.0,1075,3453.0,909,3454.0,875,3455.0,2895,3456.0,2340,3457.0,513,3458.0,998,3459.0,696,3460.0,765,3461.0,762,3457.0
rb2410,,13:38:36.0#,3473.0,3486.0,3441.0,3647.0,3300.0,1353621,2238215.0,3452.0,1076,3453.0,911,3454.0,875,3455.0,2897,3456.0,2345,3457.0,510,3458.0,998,3459.0,696,3460.0,765,3461.0,762,3457.0
rb2410,,13:38:36.500#,3473.0,3486.0,3441.0,3647.0,3300.0,1353651,2238233.0,3452.0,1076,3453.0,911,3454.0,875,3455.0,2897,3456.0,2353,3457.0,515,3458.0,998,3459.0,696,3460.0,765,3461.0,761,3456.0
rb2410,,13:38:37.0#,3473.0,3486.0,3441.0,3647.0,3300.0,1353688,2238257.0,3452.0,1077,3453.0,909,3454.0,876,3455.0,2898,3456.0,2356,3457.0,493,3458.0,993,3459.0,696,3460.0,766,3461.0,761,3456.0
rb2410,,13:38:37.500#,3473.0,3486.0,3441.0,3647.0,3300.0,1353692,2238260.0,3452.0,1077,3453.0,909,3454.0,907,3455.0,2899,3456.0,2358,3457.0,496,3458.0,989,3459.0,696,3460.0,766,3461.0,761,3457.0
rb2410,,13:38:38.0#,3473.0,3486.0,3441.0,3647.0,3300.0,1353710,2238269.0,3452.0,1079,3453.0,909,3454.0,908,3455.0,2899,3456.0,2361,3457.0,486,3458.0,990,3459.0,695,3460.0,766,3461.0,761,3457.0
rb2410,,13:38:38.500#,3473.0,3486.0,3441.0,3647.0,3300.0,1353719,2238273.0,3452.0,1079,3453.0,909,3454.0,908,3455.0,2899,3456.0,2365,3457.0,483,3458.0,991,3459.0,695,3460.0,764,3461.0,761,3456.0
rb2410,,13:38:39.0#,3473.0,3486.0,3441.0,3647.0,3300.0,1353741,2238273.0,3452.0,1079,3453.0,909,3454.0,908,3455.0,2899,3456.0,2354,3457.0,479,3458.0,989,3459.0,695,3460.0,764,3461.0,761,3457.0
rb2410,,13:38:39.500#,3473.0,3486.0,3441.0,3647.0,3300.0,1353751,2238277.0,3452.0,1079,3453.0,909,3454.0,908,3455.0,2899,3456.0,2351,3457.0,681,3458.0,989,3459.0,696,3460.0,764,3461.0,761,3456.0
rb2410,,13:38:40.0#,3473.0,3486.0,3441.0,3647.0,3300.0,1353760,2238279.0,3452.0,1079,3453.0,909,3454.0,908,3455.0,2899,3456.0,2348,3457.0,686,3458.0,993,3459.0,695,3460.0,764,3461.0,761,3456.0
rb2410,,13:38:40.500#,3473.0,3486.0,3441.0,3647.0,3300.0,1353764,2238279.0,3452.0,1079,3453.0,910,3454.0,910,3455.0,2899,3456.0,2346,3457.0,688,3458.0,993,3459.0,695,3460.0,764,3461.0,761,3457.0
rb2410,,13:38:41.0#,3473.0,3486.0,3441.0,3647.0,3300.0,1354067,2238181.0,3452.0,1079,3453.0,910,3454.0,909,3455.0,2899,3456.0,2107,3457.0,693,3458.0,993,3459.0,695,3460.0,764,3461.0,762,3456.0
rb2410,,13:38:41.500#,3473.0,3486.0,3441.0,3647.0,3300.0,1354077,2238181.0,3452.0,1079,3453.0,920,3454.0,918,3455.0,2899,3456.0,2101,3457.0,763,3458.0,996,3459.0,695,3460.0,763,3461.0,762,3456.0
rb2410,,13:38:42.0#,3473.0,3486.0,3441.0,3647.0,3300.0,1354382,2238393.0,3452.0,1082,3453.0,920,3454.0,923,3455.0,2899,3456.0,1705,3457.0,785,3458.0,996,3459.0,693,3460.0,764,3461.0,761,3457.0
rb2410,,13:38:42.500#,3473.0,3486.0,3441.0,3647.0,3300.0,1354391,2238401.0,3452.0,1082,3453.0,920,3454.0,922,3455.0,2899,3456.0,1697,3457.0,785,3458.0,997,3459.0,693,3460.0,764,3461.0,761,3456.0
rb2410,,13:38:43.0#,3473.0,3486.0,3441.0,3647.0,3300.0,1354399,2238406.0,3452.0,1083,3453.0,920,3454.0,922,3455.0,2899,3456.0,1698,3457.0,779,3458.0,997,3459.0,693,3460.0,764,3461.0,761,3457.0
rb2410,,13:38:43.500#,3473.0,3486.0,3441.0,3647.0,3300.0,1354428,2238431.0,3452.0,1083,3453.0,920,3454.0,922,3455.0,2899,3456.0,1696,3457.0,778,3458.0,997,3459.0,693,3460.0,764,3461.0,761,3456.0
rb2410,,13:38:44.0#,3473.0,3486.0,3441.0,3647.0,3300.0,1354428,2238431.0,3452.0,1084,3453.0,920,3454.0,921,3455.0,2897,3456.0,1713,3457.0,778,3458.0,977,3459.0,693,3460.0,765,3461.0,761,3456.0
rb2410,,13:38:44.500#,3473.0,3486.0,3441.0,3647.0,3300.0,1354434,2238435.0,3452.0,1084,3453.0,922,3454.0,921,3455.0,2898,3456.0,1716,3457.0,827,3458.0,957,3459.0,693,3460.0,765,3461.0,761,3456.0
rb2410,,13:38:45.0#,3473.0,3486.0,3441.0,3647.0,3300.0,1354441,2238438.0,3452.0,1084,3453.0,922,3454.0,921,3455.0,2898,3456.0,1813,3457.0,827,3458.0,949,3459.0,693,3460.0,765,3461.0,761,3457.0
rb2410,,13:38:45.500#,3473.0,3486.0,3441.0,3647.0,3300.0,1354543,2238540.0,3452.0,1084,3453.0,917,3454.0,921,3455.0,2909,3456.0,1766,3457.0,664,3458.0,918,3459.0,693,3460.0,765,3461.0,760,3457.0
rb2410,,13:38:46.0#,3473.0,3486.0,3441.0,3647.0,3300.0,1354547,2238541.0,3452.0,1083,3453.0,917,3454.0,921,3455.0,2914,3456.0,1768,3457.0,664,3458.0,919,3459.0,693,3460.0,765,3461.0,760,3456.0
rb2410,,13:38:46.500#,3473.0,3486.0,3441.0,3647.0,3300.0,1354573,2238553.0,3452.0,1084,3453.0,917,3454.0,921,3455.0,2913,3456.0,1748,3457.0,693,3458.0,915,3459.0,693,3460.0,766,3461.0,760,3456.0
rb2410,,13:38:47.0#,3473.0,3486.0,3441.0,3647.0,3300.0,1354576,2238556.0,3452.0,1086,3453.0,917,3454.0,921,3455.0,2915,3456.0,1748,3457.0,693,3458.0,915,3459.0,697,3460.0,766,3461.0,760,3457.0
rb2410,,13:38:47.500#,3473.0,3486.0,3441.0,3647.0,3300.0,1354584,2238563.0,3452.0,1086,3453.0,917,3454.0,921,3455.0,2915,3456.0,1752,3457.0,689,3458.0,915,3459.0,697,3460.0,767,3461.0,760,3457.0
rb2410,,13:38:48.0#,3473.0,3486.0,3441.0,3647.0,3300.0,1354591,2238569.0,3452.0,1086,3453.0,917,3454.0,921,3455.0,2903,3456.0,1719,3457.0,691,3458.0,915,3459.0,693,3460.0,768,3461.0,760,3457.0
rb2410,,13:38:48.500#,3473.0,3486.0,3441.0,3647.0,3300.0,1354598,2238576.0,3452.0,1087,3453.0,917,3454.0,921,3455.0,2902,3456.0,1720,3457.0,713,3458.0,915,3459.0,688,3460.0,770,3461.0,760,3457.0
rb2410,,13:38:49.0#,3473.0,3486.0,3441.0,3647.0,3300.0,1354599,2238576.0,3452.0,1087,3453.0,917,3454.0,921,3455.0,2904,3456.0,1720,3457.0,792,3458.0,925,3459.0,688,3460.0,770,3461.0,760,3456.0
rb2410,,13:38:49.500#,3473.0,3486.0,3441.0,3647.0,3300.0,1354658,2238634.0,3452.0,1092,3453.0,917,3454.0,921,3455.0,2905,3456.0,1667,3457.0,802,3458.0,925,3459.0,688,3460.0,770,3461.0,756,3456.0
rb2410,,13:38:50.0#,3473.0,3486.0,3441.0,3647.0,3300.0,1354702,2238637.0,3452.0,1092,3453.0,917,3454.0,931,3455.0,2905,3456.0,1662,3457.0,769,3458.0,925,3459.0,687,3460.0,751,3461.0,756,3457.0
rb2410,,13:38:50.500#,3473.0,3486.0,3441.0,3647.0,3300.0,1354730,2238665.0,3452.0,1093,3453.0,917,3454.0,932,3455.0,2905,3456.0,1634,3457.0,770,3458.0,925,3459.0,687,3460.0,750,3461.0,756,3456.0
rb2410,,13:38:51.0#,3473.0,3486.0,3441.0,3647.0,3300.0,1354737,2238665.0,3452.0,1093,3453.0,918,3454.0,932,3455.0,2906,3456.0,1629,3457.0,772,3458.0,925,3459.0,688,3460.0,750,3461.0,755,3456.0
rb2410,,13:38:51.500#,3473.0,3486.0,3441.0,3647.0,3300.0,1354743,2238670.0,3452.0,1093,3453.0,919,3454.0,932,3455.0,2906,3456.0,1642,3457.0,770,3458.0,925,3459.0,687,3460.0,750,3461.0,755,3457.0
rb2410,,13:38:52.0#,3473.0,3486.0,3441.0,3647.0,3300.0,1354926,2238673.0,3452.0,1093,3453.0,919,3454.0,933,3455.0,2903,3456.0,1464,3457.0,798,3458.0,925,3459.0,687,3460.0,750,3461.0,755,3457.0
rb2410,,13:38:52.500#,3473.0,3486.0,3441.0,3647.0,3300.0,1354945,2238689.0,3452.0,1093,3453.0,919,3454.0,933,3455.0,2903,3456.0,1468,3457.0,781,3458.0,976,3459.0,687,3460.0,750,3461.0,755,3457.0
rb2410,,13:38:53.0#,3473.0,3486.0,3441.0,3647.0,3300.0,1354950,2238693.0,3452.0,1093,3453.0,919,3454.0,938,3455.0,2904,3456.0,1467,3457.0,784,3458.0,976,3459.0,687,3460.0,750,3461.0,755,3456.0
rb2410,,13:38:53.500#,3473.0,3486.0,3441.0,3647.0,3300.0,1354957,2238699.0,3452.0,1093,3453.0,919,3454.0,938,3455.0,2904,3456.0,1468,3457.0,812,3458.0,979,3459.0,687,3460.0,750,3461.0,755,3456.0
rb2410,,13:38:54.0#,3473.0,3486.0,3441.0,3647.0,3300.0,1355019,2238761.0,3452.0,1092,3453.0,919,3454.0,940,3455.0,2875,3456.0,1467,3457.0,753,3458.0,981,3459.0,679,3460.0,750,3461.0,755,3457.0
rb2410,,13:38:54.500#,3473.0,3486.0,3441.0,3647.0,3300.0,1355025,2238766.0,3452.0,1092,3453.0,919,3454.0,940,3455.0,2875,3456.0,1461,3457.0,751,3458.0,981,3459.0,682,3460.0,750,3461.0,755,3457.0
rb2410,,13:38:55.0#,3473.0,3486.0,3441.0,3647.0,3300.0,1355037,2238777.0,3452.0,1093,3453.0,919,3454.0,940,3455.0,2884,3456.0,1452,3457.0,749,3458.0,961,3459.0,732,3460.0,749,3461.0,755,3456.0
rb2410,,13:38:55.500#,3473.0,3486.0,3441.0,3647.0,3300.0,1355101,2238838.0,3452.0,1093,3453.0,919,3454.0,940,3455.0,2884,3456.0,1394,3457.0,750,3458.0,961,3459.0,733,3460.0,749,3461.0,755,3457.0
rb2410,,13:38:56.0#,3473.0,3486.0,3441.0,3647.0,3300.0,1355104,2238840.0,3452.0,1093,3453.0,919,3454.0,940,3455.0,2887,3456.0,1524,3457.0,754,3458.0,963,3459.0,733,3460.0,751,3461.0,755,3456.0
rb2410,,13:38:56.500#,3473.0,3486.0,3441.0,3647.0,3300.0,1355104,2238840.0,3452.0,1093,3453.0,919,3454.0,940,3455.0,2887,3456.0,1523,3457.0,759,3458.0,963,3459.0,733,3460.0,751,3461.0,755,3456.0
rb2410,,13:38:57.0#,3473.0,3486.0,3441.0,3647.0,3300.0,1355132,2238840.0,3452.0,1093,3453.0,919,3454.0,940,3455.0,2887,3456.0,1500,3457.0,759,3458.0,962,3459.0,734,3460.0,751,3461.0,755,3457.0
rb2410,,13:38:57.500#,3473.0,3486.0,3441.0,3647.0,3300.0,1355168,2238845.0,3452.0,1093,3453.0,919,3454.0,940,3455.0,2887,3456.0,1469,3457.0,735,3458.0,961,3459.0,733,3460.0,751,3461.0,755,3457.0
rb2410,,13:38:58.0#,3473.0,3486.0,3441.0,3647.0,3300.0,1355176,2238850.0,3452.0,1093,3453.0,919,3454.0,941,3455.0,2888,3456.0,1463,3457.0,732,3458.0,1002,3459.0,733,3460.0,751,3461.0,755,3456.0
rb2410,,13:38:58.500#,3473.0,3486.0,3441.0,3647.0,3300.0,1355181,2238851.0,3452.0,1093,3453.0,924,3454.0,941,3455.0,2888,3456.0,1467,3457.0,731,3458.0,1002,3459.0,733,3460.0,751,3461.0,755,3456.0
rb2410,,13:38:59.0#,3473.0,3486.0,3441.0,3647.0,3300.0,1355183,2238852.0,3452.0,1093,3453.0,926,3454.0,941,3455.0,2887,3456.0,1468,3457.0,729,3458.0,1002,3459.0,734,3460.0,751,3461.0,755,3457.0
rb2410,,13:38:59.500#,3473.0,3486.0,3441.0,3647.0,3300.0,1355289,2238900.0,3452.0,1093,3453.0,926,3454.0,941,3455.0,2887,3456.0,1465,3457.0,657,3458.0,1002,3459.0,734,3460.0,751,3461.0,757,3456.0
rb2410,,13:39:00.0#,3473.0,3486.0,3441.0,3647.0,3300.0,1355297,2238906.0,3452.0,1093,3453.0,926,3454.0,941,3455.0,2878,3456.0,1455,3457.0,655,3458.0,1001,3459.0,734,3460.0,751,3461.0,756,3456.0
rb2410,,13:39:00.500#,3473.0,3486.0,3441.0,3647.0,3300.0,1355331,2238927.0,3452.0,1093,3453.0,926,3454.0,941,3455.0,2878,3456.0,1427,3457.0,665,3458.0,1002,3459.0,734,3460.0,751,3461.0,756,3456.0
rb2410,,13:39:01.0#,3473.0,3486.0,3441.0,3647.0,3300.0,1355333,2238928.0,3452.0,1093,3453.0,926,3454.0,941,3455.0,2879,3456.0,1526,3457.0,710,3458.0,1001,3459.0,734,3460.0,751,3461.0,746,3456.0
rb2410,,13:39:01.500#,3473.0,3486.0,3441.0,3647.0,3300.0,1355340,2238928.0,3452.0,1093,3453.0,926,3454.0,942,3455.0,2878,3456.0,1538,3457.0,670,3458.0,993,3459.0,734,3460.0,751,3461.0,746,3456.0
rb2410,,13:39:02.0#,3473.0,3486.0,3441.0,3647.0,3300.0,1355629,2238818.0,3452.0,1094,3453.0,927,3454.0,943,3455.0,2879,3456.0,1251,3457.0,673,3458.0,993,3459.0,734,3460.0,751,3461.0,746,3456.0
rb2410,,13:39:02.500#,3473.0,3486.0,3441.0,3647.0,3300.0,1355646,2238817.0,3452.0,1094,3453.0,927,3454.0,943,3455.0,2879,3456.0,1124,3457.0,690,3458.0,993,3459.0,734,3460.0,751,3461.0,746,3456.0
rb2410,,13:39:03.0#,3473.0,3486.0,3441.0,3647.0,3300.0,1355655,2238817.0,3452.0,1094,3453.0,927,3454.0,943,3455.0,2880,3456.0,1235,3457.0,687,3458.0,989,3459.0,731,3460.0,751,3461.0,745,3457.0
rb2410,,13:39:03.500#,3473.0,3486.0,3441.0,3647.0,3300.0,1355667,2238811.0,3452.0,1094,3453.0,927,3454.0,943,3455.0,2880,3456.0,1223,3457.0,686,3458.0,989,3459.0,731,3460.0,751,3461.0,745,3457.0
rb2410,,13:39:04.0#,3473.0,3486.0,3441.0,3647.0,3300.0,1355680,2238813.0,3452.0,1094,3453.0,927,3454.0,943,3455.0,2880,3456.0,1271,3457.0,673,3458.0,989,3459.0,731,3460.0,767,3461.0,745,3457.0
rb2410,,13:39:04.500#,3473.0,3486.0,3441.0,3647.0,3300.0,1355685,2238812.0,3452.0,1094,3453.0,927,3454.0,943,3455.0,2900,3456.0,1275,3457.0,671,3458.0,989,3459.0,731,3460.0,767,3461.0,745,3456.0
rb2410,,13:39:05.0#,3473.0,3486.0,3441.0,3647.0,3300.0,1355698,2238806.0,3452.0,1094,3453.0,928,3454.0,944,3455.0,2900,3456.0,1263,3457.0,672,3458.0,989,3459.0,731,3460.0,766,3461.0,745,3456.0
rb2410,,13:39:05.500#,3473.0,3486.0,3441.0,3647.0,3300.0,1355704,2238805.0,3452.0,1094,3453.0,936,3454.0,944,3455.0,2900,3456.0,1260,3457.0,676,3458.0,989,3459.0,731,3460.0,816,3461.0,745,3457.0
rb2410,,13:39:06.0#,3473.0,3486.0,3441.0,3647.0,3300.0,1355709,2238806.0,3452.0,1094,3453.0,937,3454.0,944,3455.0,2920,3456.0,1168,3457.0,681,3458.0,989,3459.0,731,3460.0,816,3461.0,745,3456.0
rb2410,,13:39:06.500#,3473.0,3486.0,3441.0,3647.0,3300.0,1355717,2238810.0,3452.0,1094,3453.0,938,3454.0,945,3455.0,2920,3456.0,1138,3457.0,673,3458.0,989,3459.0,731,3460.0,816,3461.0,744,3457.0
rb2410,,13:39:07.0#,3473.0,3486.0,3441.0,3647.0,3300.0,1355732,2238818.0,3452.0,1094,3453.0,938,3454.0,945,3455.0,2921,3456.0,1160,3457.0,719,3458.0,987,3459.0,731,3460.0,816,3461.0,744,3457.0
rb2410,,13:39:07.500#,3473.0,3486.0,3441.0,3647.0,3300.0,1355736,2238817.0,3452.0,1094,3453.0,939,3454.0,945,3455.0,2921,3456.0,1139,3457.0,721,3458.0,983,3459.0,731,3460.0,816,3461.0,743,3456.0
rb2410,,13:39:08.0#,3473.0,3486.0,3441.0,3647.0,3300.0,1355774,2238819.0,3452.0,1094,3453.0,939,3454.0,948,3455.0,2921,3456.0,1110,3457.0,609,3458.0,977,3459.0,731,3460.0,819,3461.0,793,3457.0
rb2410,,13:39:08.500#,3473.0,3486.0,3441.0,3647.0,3300.0,1355999,2238622.0,3452.0,1094,3453.0,939,3454.0,948,3455.0,2923,3456.0,1052,3457.0,605,3458.0,977,3459.0,731,3460.0,819,3461.0,793,3457.0
rb2410,,13:39:09.0#,3473.0,3486.0,3441.0,3647.0,3300.0,1356015,2238608.0,3452.0,1094,3453.0,940,3454.0,948,3455.0,2925,3456.0,904,3457.0,611,3458.0,974,3459.0,731,3460.0,819,3461.0,793,3456.0
rb2410,,13:39:09.500#,3473.0,3486.0,3441.0,3647.0,3300.0,1356032,2238616.0,3452.0,1094,3453.0,945,3454.0,948,3455.0,2925,3456.0,860,3457.0,543,3458.0,974,3459.0,731,3460.0,818,3461.0,793,3456.0
rb2410,,13:39:10.0#,3473.0,3486.0,3441.0,3647.0,3300.0,1356044,2238616.0,3452.0,1094,3453.0,945,3454.0,949,3455.0,2925,3456.0,1392,3457.0,752,3458.0,976,3459.0,731,3460.0,815,3461.0,793,3457.0
rb2410,,13:39:10.500#,3473.0,3486.0,3441.0,3647.0,3300.0,1356063,2238606.0,3452.0,1095,3453.0,945,3454.0,949,3455.0,2925,3456.0,1559,3457.0,755,3458.0,976,3459.0,731,3460.0,815,3461.0,793,3456.0
rb2410,,13:39:11.0#,3473.0,3486.0,3441.0,3647.0,3300.0,1356071,2238606.0,3452.0,1095,3453.0,945,3454.0,949,3455.0,2925,3456.0,1562,3457.0,493,3458.0,977,3459.0,731,3460.0,814,3461.0,793,3457.0
rb2410,,13:39:11.500#,3473.0,3486.0,3441.0,3647.0,3300.0,1356083,2238598.0,3452.0,1095,3453.0,946,3454.0,950,3455.0,2925,3456.0,1565,3457.0,507,3458.0,972,3459.0,730,3460.0,814,3461.0,793,3457.0
rb2410,,13:39:12.0#,3473.0,3486.0,3441.0,3647.0,3300.0,1356294,2238421.0,3452.0,1095,3453.0,947,3454.0,946,3455.0,2925,3456.0,1415,3457.0,497,3458.0,972,3459.0,730,3460.0,814,3461.0,793,3456.0
rb2410,,13:39:12.500#,3473.0,3486.0,3441.0,3647.0,3300.0,1356348,2238472.0,3452.0,1091,3453.0,947,3454.0,946,3455.0,2926,3456.0,1425,3457.0,493,3458.0,972,3459.0,731,3460.0,814,3461.0,793,3457.0
rb2410,,13:39:13.0#,3473.0,3486.0,3441.0,3647.0,3300.0,1356349,2238473.0,3452.0,1091,3453.0,947,3454.0,947,3455.0,2926,3456.0,1431,3457.0,494,3458.0,980,3459.0,731,3460.0,815,3461.0,793,3457.0
rb2410,,13:39:13.500#,3473.0,3486.0,3441.0,3647.0,3300.0,1356363,2238473.0,3452.0,1091,3453.0,947,3454.0,947,3455.0,2924,3456.0,1424,3457.0,452,3458.0,980,3459.0,731,3460.0,815,3461.0,793,3456.0
rb2410,,13:39:14.0#,3473.0,3486.0,3441.0,3647.0,3300.0,1356375,2238472.0,3452.0,1091,3453.0,947,3454.0,948,3455.0,2927,3456.0,1430,3457.0,565,3458.0,980,3459.0,745,3460.0,815,3461.0,794,3457.0
rb2410,,13:39:14.500#,3473.0,3486.0,3441.0,3647.0,3300.0,1356382,2238469.0,3452.0,1091,3453.0,947,3454.0,948,3455.0,3017,3456.0,1426,3457.0,566,3458.0,981,3459.0,745,3460.0,815,3461.0,794,3456.0
rb2410,,13:39:15.0#,3473.0,3486.0,3441.0,3647.0,3300.0,1356404,2238467.0,3452.0,1091,3453.0,947,3454.0,948,3455.0,3018,3456.0,1432,3457.0,493,3458.0,979,3459.0,745,3460.0,815,3461.0,794,3457.0
rb2410,,13:39:15.500#,3473.0,3486.0,3441.0,3647.0,3300.0,1356408,2238468.0,3452.0,1091,3453.0,947,3454.0,948,3455.0,3019,3456.0,1431,3457.0,490,3458.0,979,3459.0,746,3460.0,816,3461.0,794,3457.0
rb2410,,13:39:16.0#,3473.0,3486.0,3441.0,3647.0,3300.0,1356411,2238469.0,3452.0,1091,3453.0,949,3454.0,948,3455.0,3017,3456.0,1442,3457.0,492,3458.0,979,3459.0,746,3460.0,816,3461.0,794,3457.0
rb2410,,13:39:16.500#,3473.0,3486.0,3441.0,3647.0,3300.0,1356418,2238473.0,3452.0,1095,3453.0,949,3454.0,948,3455.0,3017,3456.0,1470,3457.0,489,3458.0,979,3459.0,746,3460.0,816,3461.0,794,3456.0
rb2410,,13:39:17.0#,3473.0,3486.0,3441.0,3647.0,3300.0,1356437,2238475.0,3452.0,1096,3453.0,949,3454.0,948,3455.0,3016,3456.0,1465,3457.0,475,3458.0,979,3459.0,746,3460.0,816,3461.0,794,3456.0
rb2410,,13:39:17.500#,3473.0,3486.0,3441.0,3647.0,3300.0,1356454,2238485.0,3452.0,1097,3453.0,949,3454.0,948,3455.0,3017,3456.0,1458,3457.0,469,3458.0,979,3459.0,746,3460.0,826,3461.0,794,3456.0
rb2410,,13:39:18.0#,3473.0,3486.0,3441.0,3647.0,3300.0,1356482,2238494.0,3452.0,1097,3453.0,949,3454.0,948,3455.0,3017,3456.0,1464,3457.0,559,3458.0,979,3459.0,746,3460.0,826,3461.0,794,3456.0
rb2410,,13:39:18.500#,3473.0,3486.0,3441.0,3647.0,3300.0,1356535,2238495.0,3452.0,1097,3453.0,955,3454.0,948,3455.0,3019,3456.0,1464,3457.0,509,3458.0,979,3459.0,746,3460.0,824,3461.0,794,3457.0
rb2410,,13:39:19.0#,3473.0,3486.0,3441.0,3647.0,3300.0,1356553,2238483.0,3452.0,1097,3453.0,955,3454.0,948,3455.0,3020,3456.0,1456,3457.0,531,3458.0,979,3459.0,746,3460.0,824,3461.0,804,3456.0
rb2410,,13:39:19.500#,3473.0,3486.0,3441.0,3647.0,3300.0,1356562,2238489.0,3452.0,1098,3453.0,966,3454.0,948,3455.0,3019,3456.0,1463,3457.0,572,3458.0,979,3459.0,746,3460.0,824,3461.0,802,3457.0
rb2410,,13:39:20.0#,3473.0,3486.0,3441.0,3647.0,3300.0,1356578,2238488.0,3452.0,1098,3453.0,966,3454.0,948,3455.0,3022,3456.0,1463,3457.0,559,3458.0,979,3459.0,746,3460.0,824,3461.0,802,3457.0
rb2410,,13:39:20.500#,3473.0,3486.0,3441.0,3647.0,3300.0,1356586,2238492.0,3452.0,1098,3453.0,966,3454.0,948,3455.0,3032,3456.0,1464,3457.0,558,3458.0,980,3459.0,746,3460.0,824,3461.0,802,3457.0
rb2410,,13:39:21.0#,3473.0,3486.0,3441.0,3647.0,3300.0,1356597,2238487.0,3452.0,1098,3453.0,966,3454.0,981,3455.0,3032,3456.0,1461,3457.0,567,3458.0,980,3459.0,746,3460.0,964,3461.0,802,3456.0
rb2410,,13:39:21.500#,3473.0,3486.0,3441.0,3647.0,3300.0,1356607,2238485.0,3452.0,1098,3453.0,961,3454.0,981,3455.0,3032,3456.0,1461,3457.0,563,3458.0,980,3459.0,746,3460.0,964,3461.0,802,3457.0
rb2410,,13:39:22.0#,3473.0,3486.0,3441.0,3647.0,3300.0,1356640,2238468.0,3452.0,1098,3453.0,952,3454.0,981,3455.0,3032,3456.0,1467,3457.0,564,3458.0,980,3459.0,746,3460.0,964,3461.0,801,3456.0
rb2410,,13:39:22.500#,3473.0,3486.0,3441.0,3647.0,3300.0,1356662,2238472.0,3452.0,1098,3453.0,957,3454.0,980,3455.0,3032,3456.0,1467,3457.0,550,3458.0,980,3459.0,746,3460.0,964,3461.0,801,3456.0
rb2410,,13:39:23.0#,3473.0,3486.0,3441.0,3647.0,3300.0,1356688,2238472.0,3452.0,1098,3453.0,960,3454.0,980,3455.0,3032,3456.0,1443,3457.0,551,3458.0,985,3459.0,746,3460.0,964,3461.0,801,3456.0
rb2410,,13:39:23.500#,3473.0,3486.0,3441.0,3647.0,3300.0,1356700,2238484.0,3452.0,1098,3453.0,960,3454.0,980,3455.0,3032,3456.0,1447,3457.0,501,3458.0,985,3459.0,746,3460.0,964,3461.0,801,3457.0
rb2410,,13:39:24.0#,3473.0,3486.0,3441.0,3647.0,3300.0,1356712,2238486.0,3452.0,1098,3453.0,960,3454.0,980,3455.0,3032,3456.0,1445,3457.0,531,3458.0,985,3459.0,489,3460.0,964,3461.0,801,3457.0
rb2410,,13:39:24.500#,3473.0,3486.0,3441.0,3647.0,3300.0,1356715,2238487.0,3452.0,1098,3453.0,960,3454.0,980,3455.0,3043,3456.0,1450,3457.0,476,3458.0,985,3459.0,489,3460.0,964,3461.0,801,3457.0
rb2410,,13:39:25.0#,3473.0,3486.0,3441.0,3647.0,3300.0,1356717,2238489.0,3452.0,1098,3453.0,960,3454.0,979,3455.0,3043,3456.0,1451,3457.0,474,3458.0,986,3459.0,539,3460.0,964,3461.0,801,3457.0
rb2410,,13:39:25.500#,3473.0,3486.0,3441.0,3647.0,3300.0,1356738,2238496.0,3452.0,1099,3453.0,980,3454.0,979,3455.0,2993,3456.0,1465,3457.0,583,3458.0,986,3459.0,539,3460.0,964,3461.0,801,3457.0
rb2410,,13:39:26.0#,3473.0,3486.0,3441.0,3647.0,3300.0,1356744,2238497.0,3452.0,1099,3453.0,980,3454.0,979,3455.0,2995,3456.0,1514,3457.0,581,3458.0,986,3459.0,539,3460.0,964,3461.0,801,3456.0
rb2410,,13:39:26.500#,3473.0,3486.0,3441.0,3647.0,3300.0,1356745,2238497.0,3452.0,1099,3453.0,981,3454.0,979,3455.0,2996,3456.0,1537,3457.0,489,3458.0,986,3459.0,539,3460.0,965,3461.0,801,3457.0
rb2410,,13:39:27.0#,3473.0,3486.0,3441.0,3647.0,3300.0,1356750,2238498.0,3452.0,1102,3453.0,981,3454.0,979,3455.0,2976,3456.0,1537,3457.0,486,3458.0,987,3459.0,539,3460.0,965,3461.0,801,3457.0
rb2410,,13:39:27.500#,3473.0,3486.0,3441.0,3647.0,3300.0,1356784,2238496.0,3452.0,1104,3453.0,981,3454.0,977,3455.0,2976,3456.0,1539,3457.0,456,3458.0,987,3459.0,539,3460.0,965,3461.0,801,3456.0
rb2410,,13:39:28.0#,3473.0,3486.0,3441.0,3647.0,3300.0,1356861,2238489.0,3452.0,1104,3453.0,982,3454.0,977,3455.0,2976,3456.0,1701,3457.0,385,3458.0,987,3459.0,539,3460.0,965,3461.0,801,3457.0
rb2410,,13:39:28.500#,3473.0,3486.0,3441.0,3647.0,3300.0,1357249,2238514.0,3453.0,982,3454.0,977,3455.0,2976,3456.0,1710,3457.0,1500,3458.0,987,3459.0,539,3460.0,966,3461.0,801,3462.0,1557,3457.0
rb2410,,13:39:29.0#,3473.0,3486.0,3441.0,3647.0,3300.0,1357273,2238511.0,3453.0,982,3454.0,977,3455.0,2976,3456.0,1739,3457.0,1542,3458.0,779,3459.0,539,3460.0,967,3461.0,801,3462.0,1557,3457.0
rb2410,,13:39:29.500#,3473.0,3486.0,3441.0,3647.0,3300.0,1357285,2238510.0,3453.0,982,3454.0,977,3455.0,2976,3456.0,1750,3457.0,1535,3458.0,778,3459.0,539,3460.0,967,3461.0,801,3462.0,1557,3458.0
rb2410,,13:39:30.0#,3473.0,3486.0,3441.0,3647.0,3300.0,1357290,2238509.0,3453.0,985,3454.0,977,3455.0,2976,3456.0,1750,3457.0,1535,3458.0,791,3459.0,539,3460.0,967,3461.0,801,3462.0,1557,3458.0
rb2410,,13:39:30.500#,3473.0,3486.0,3441.0,3647.0,3300.0,1357342,2238460.0,3453.0,985,3454.0,977,3455.0,2976,3456.0,1752,3457.0,1486,3458.0,807,3459.0,539,3460.0,967,3461.0,801,3462.0,1557,3457.0
rb2410,,13:39:31.0#,3473.0,3486.0,3441.0,3647.0,3300.0,1357345,2238460.0,3453.0,985,3454.0,977,3455.0,2976,3456.0,1753,3457.0,1157,3458.0,809,3459.0,539,3460.0,967,3461.0,801,3462.0,1557,3457.0
rb2410,,13:39:31.500#,3473.0,3486.0,3441.0,3647.0,3300.0,1357347,2238460.0,3453.0,985,3454.0,977,3455.0,2976,3456.0,1753,3457.0,953,3458.0,843,3459.0,539,3460.0,967,3461.0,801,3462.0,1557,3457.0
rb2410,,13:39:32.0#,3473.0,3486.0,3441.0,3647.0,3300.0,1357392,2238460.0,3453.0,985,3454.0,980,3455.0,2976,3456.0,1754,3457.0,578,3458.0,930,3459.0,538,3460.0,967,3461.0,801,3462.0,1557,3457.0
rb2410,,13:39:32.500#,3473.0,3486.0,3441.0,3647.0,3300.0,1357933,2238486.0,3452.0,1107,3453.0,985,3454.0,980,3455.0,2977,3456.0,1754,3457.0,168,3458.0,903,3459.0,541,3460.0,968,3461.0,801,3457.0
rb2410,,13:39:33.0#,3473.0,3486.0,3441.0,3647.0,3300.0,1358188,2238596.0,3452.0,1107,3453.0,985,3454.0,980,3455.0,2977,3456.0,1763,3457.0,50,3458.0,954,3459.0,541,3460.0,968,3461.0,807,3457.0
rb2410,,13:39:33.500#,3473.0,3486.0,3441.0,3647.0,3300.0,1358274,2238563.0,3453.0,985,3454.0,980,3455.0,2979,3456.0,1761,3457.0,13,3458.0,945,3459.0,541,3460.0,968,3461.0,807,3462.0,1557,3457.0
rb2410,,13:39:34.0#,3473.0,3486.0,3441.0,3647.0,3300.0,1358274,2238563.0,3453.0,985,3454.0,982,3455.0,2995,3456.0,1771,3457.0,143,3458.0,955,3459.0,541,3460.0,973,3461.0,807,3462.0,1557,3457.0
rb2410,,13:39:34.500#,3473.0,3486.0,3441.0,3647.0,3300.0,1358278,2238566.0,3453.0,975,3454.0,982,3455.0,2999,3456.0,1777,3457.0,176,3458.0,922,3459.0,541,3460.0,973,3461.0,807,3462.0,1557,3458.0
rb2410,,13:39:35.0#,3473.0,3486.0,3441.0,3647.0,3300.0,1358293,2238567.0,3453.0,975,3454.0,981,3455.0,2999,3456.0,1788,3457.0,216,3458.0,907,3459.0,541,3460.0,974,3461.0,807,3462.0,1557,3458.0
rb2410,,13:39:35.500#,3473.0,3486.0,3441.0,3647.0,3300.0,1358347,2238570.0,3453.0,975,3454.0,982,3455.0,3000,3456.0,1788,3457.0,305,3458.0,877,3459.0,542,3460.0,973,3461.0,807,3462.0,1557,3458.0
rb2410,,13:39:36.0#,3473.0,3486.0,3441.0,3647.0,3300.0,1358415,2238615.0,3453.0,975,3454.0,982,3455.0,3002,3456.0,1768,3457.0,389,3458.0,880,3459.0,542,3460.0,973,3461.0,808,3462.0,1556,3457.0
rb2410,,13:39:36.500#,3473.0,3486.0,3441.0,3647.0,3300.0,1358429,2238616.0,3453.0,975,3454.0,982,3455.0,3009,3456.0,1762,3457.0,375,3458.0,875,3459.0,542,3460.0,973,3461.0,808,3462.0,1556,3458.0
rb2410,,13:39:37.0#,3473.0,3486.0,3441.0,3647.0,3300.0,1358442,2238610.0,3453.0,975,3454.0,982,3455.0,3009,3456.0,1764,3457.0,500,3458.0,881,3459.0,539,3460.0,973,3461.0,808,3462.0,1556,3457.0
rb2410,,13:39:37.500#,3473.0,3486.0,3441.0,3647.0,3300.0,1358442,2238610.0,3453.0,975,3454.0,982,3455.0,3029,3456.0,1737,3457.0,545,3458.0,877,3459.0,539,3460.0,973,3461.0,808,3462.0,1556,3457.0
rb2410,,13:39:38.0#,3473.0,3486.0,3441.0,3647.0,3300.0,1358455,2238617.0,3453.0,975,3454.0,982,3455.0,3089,3456.0,1738,3457.0,534,3458.0,875,3459.0,539,3460.0,973,3461.0,808,3462.0,1556,3457.0
rb2410,,13:39:38.500#,3473.0,3486.0,3441.0,3647.0,3300.0,1358558,2238650.0,3453.0,975,3454.0,982,3455.0,3089,3456.0,1739,3457.0,447,3458.0,873,3459.0,519,3460.0,973,3461.0,808,3462.0,1556,3457.0
rb2410,,13:39:39.0#,3473.0,3486.0,3441.0,3647.0,3300.0,1358560,2238652.0,3453.0,980,3454.0,982,3455.0,3088,3456.0,1740,3457.0,366,3458.0,872,3459.0,519,3460.0,963,3461.0,808,3462.0,1556,3458.0
rb2410,,13:39:39.500#,3473.0,3486.0,3441.0,3647.0,3300.0,1358566,2238652.0,3453.0,980,3454.0,982,3455.0,3088,3456.0,1741,3457.0,361,3458.0,983,3459.0,519,3460.0,963,3461.0,808,3462.0,1556,3457.0
rb2410,,13:39:40.0#,3473.0,3486.0,3441.0,3647.0,3300.0,1358567,2238652.0,3453.0,980,3454.0,982,3455.0,3088,3456.0,1741,3457.0,239,3458.0,982,3459.0,522,3460.0,963,3461.0,808,3462.0,1556,3458.0
rb2410,,13:39:40.500#,3473.0,3486.0,3441.0,3647.0,3300.0,1358569,2238651.0,3453.0,980,3454.0,983,3455.0,3088,3456.0,1739,3457.0,168,3458.0,984,3459.0,522,3460.0,964,3461.0,808,3462.0,1556,3457.0
rb2410,,13:39:41.0#,3473.0,3486.0,3441.0,3647.0,3300.0,1358573,2238652.0,3453.0,980,3454.0,983,3455.0,3088,3456.0,1741,3457.0,202,3458.0,975,3459.0,524,3460.0,964,3461.0,808,3462.0,1556,3457.0
rb2410,,13:39:41.500#,3473.0,3486.0,3441.0,3647.0,3300.0,1358674,2238723.0,3453.0,981,3454.0,1003,3455.0,3088,3456.0,1740,3457.0,414,3458.0,978,3459.0,524,3460.0,964,3461.0,807,3462.0,1556,3457.0
rb2410,,13:39:42.0#,3473.0,3486.0,3441.0,3647.0,3300.0,1358675,2238724.0,3453.0,981,3454.0,1004,3455.0,3089,3456.0,1740,3457.0,475,3458.0,977,3459.0,524,3460.0,964,3461.0,807,3462.0,1556,3458.0
rb2410,,13:39:42.500#,3473.0,3486.0,3441.0,3647.0,3300.0,1358677,2238726.0,3453.0,981,3454.0,1004,3455.0,3102,3456.0,1743,3457.0,513,3458.0,976,3459.0,524,3460.0,964,3461.0,808,3462.0,1556,3458.0
rb2410,,13:39:43.0#,3473.0,3486.0,3441.0,3647.0,3300.0,1358698,2238723.0,3453.0,981,3454.0,1001,3455.0,3102,3456.0,1744,3457.0,510,3458.0,963,3459.0,525,3460.0,969,3461.0,808,3462.0,1556,3458.0
rb2410,,13:39:43.500#,3473.0,3486.0,3441.0,3647.0,3300.0,1358715,2238730.0,3453.0,981,3454.0,1001,3455.0,3098,3456.0,1748,3457.0,502,3458.0,962,3459.0,526,3460.0,969,3461.0,808,3462.0,1556,3457.0
rb2410,,13:39:44.0#,3473.0,3486.0,3441.0,3647.0,3300.0,1358717,2238730.0,3453.0,981,3454.0,1001,3455.0,3098,3456.0,1748,3457.0,502,3458.0,961,3459.0,526,3460.0,971,3461.0,808,3462.0,1556,3457.0
rb2410,,13:39:44.500#,3473.0,3486.0,3441.0,3647.0,3300.0,1358718,2238731.0,3453.0,981,3454.0,1001,3455.0,3098,3456.0,1746,3457.0,521,3458.0,960,3459.0,526,3460.0,971,3461.0,808,3462.0,1556,3458.0
rb2410,,13:39:45.0#,3473.0,3486.0,3441.0,3647.0,3300.0,1358724,2238731.0,3453.0,981,3454.0,1001,3455.0,3098,3456.0,1736,3457.0,525,3458.0,955,3459.0,526,3460.0,971,3461.0,808,3462.0,1556,3458.0
rb2410,,13:39:45.500#,3473.0,3486.0,3441.0,3647.0,3300.0,1358725,2238731.0,3453.0,981,3454.0,1001,3455.0,3098,3456.0,1737,3457.0,528,3458.0,963,3459.0,550,3460.0,971,3461.0,808,3462.0,1556,3458.0
rb2410,,13:39:46.0#,3473.0,3486.0,3441.0,3647.0,3300.0,1358729,2238731.0,3453.0,981,3454.0,1001,3455.0,3218,3456.0,1737,3457.0,530,3458.0,965,3459.0,550,3460.0,972,3461.0,808,3462.0,1556,3458.0
rb2410,,13:39:46.500#,3473.0,3486.0,3441.0,3647.0,3300.0,1358734,2238732.0,3453.0,975,3454.0,1001,3455.0,3218,3456.0,1737,3457.0,538,3458.0,964,3459.0,552,3460.0,973,3461.0,808,3462.0,1556,3458.0
rb2410,,13:39:47.0#,3473.0,3486.0,3441.0,3647.0,3300.0,1358747,2238734.0,3453.0,975,3454.0,1001,3455.0,3218,3456.0,1748,3457.0,513,3458.0,951,3459.0,553,3460.0,983,3461.0,808,3462.0,1556,3458.0
rb2410,,13:39:47.500#,3473.0,3486.0,3441.0,3647.0,3300.0,1358762,2238744.0,3453.0,975,3454.0,1001,3455.0,3219,3456.0,1749,3457.0,517,3458.0,939,3459.0,543,3460.0,983,3461.0,809,3462.0,1556,3458.0
rb2410,,13:39:48.0#,3473.0,3486.0,3441.0,3647.0,3300.0,1358766,2238744.0,3453.0,975,3454.0,1001,3455.0,3220,3456.0,1758,3457.0,717,3458.0,925,3459.0,543,3460.0,983,3461.0,809,3462.0,1556,3458.0
rb2410,,13:39:48.500#,3473.0,3486.0,3441.0,3647.0,3300.0,1358768,2238746.0,3453.0,975,3454.0,1001,3455.0,3213,3456.0,1765,3457.0,817,3458.0,924,3459.0,521,3460.0,983,3461.0,831,3462.0,1556,3458.0
rb2410,,13:39:49.0#,3473.0,3486.0,3441.0,3647.0,3300.0,1358832,2238795.0,3453.0,975,3454.0,1001,3455.0,3214,3456.0,1765,3457.0,816,3458.0,863,3459.0,521,3460.0,982,3461.0,831,3462.0,1556,3457.0
rb2410,,13:39:49.500#,3473.0,3486.0,3441.0,3647.0,3300.0,1358838,2238796.0,3453.0,975,3454.0,1001,3455.0,3214,3456.0,1765,3457.0,826,3458.0,861,3459.0,521,3460.0,981,3461.0,831,3462.0,1556,3458.0
rb2410,,13:39:50.0#,3473.0,3486.0,3441.0,3647.0,3300.0,1358841,2238797.0,3453.0,975,3454.0,1001,3455.0,3214,3456.0,1766,3457.0,827,3458.0,858,3459.0,521,3460.0,980,3461.0,831,3462.0,1556,3458.0
rb2410,,13:39:50.500#,3473.0,3486.0,3441.0,3647.0,3300.0,1358843,2238797.0,3453.0,978,3454.0,1001,3455.0,3214,3456.0,1767,3457.0,841,3458.0,857,3459.0,521,3460.0,982,3461.0,831,3462.0,1556,3458.0
rb2410,,13:39:51.0#,3473.0,3486.0,3441.0,3647.0,3300.0,1358847,2238800.0,3453.0,978,3454.0,1001,3455.0,3214,3456.0,1797,3457.0,840,3458.0,1105,3459.0,521,3460.0,982,3461.0,831,3462.0,1556,3457.0
rb2410,,13:39:51.500#,3473.0,3486.0,3441.0,3647.0,3300.0,1358856,2238806.0,3453.0,978,3454.0,1001,3455.0,3214,3456.0,1797,3457.0,847,3458.0,1101,3459.0,521,3460.0,982,3461.0,831,3462.0,1556,3458.0
rb2410,,13:39:52.0#,3473.0,3486.0,3441.0,3647.0,3300.0,1358961,2238906.0,3453.0,978,3454.0,1001,3455.0,3214,3456.0,1798,3457.0,873,3458.0,999,3459.0,521,3460.0,983,3461.0,831,3462.0,1556,3458.0
rb2410,,13:39:52.500#,3473.0,3486.0,3441.0,3647.0,3300.0,1358973,2238917.0,3453.0,979,3454.0,1001,3455.0,3214,3456.0,1798,3457.0,876,3458.0,900,3459.0,522,3460.0,983,3461.0,831,3462.0,1555,3458.0
rb2410,,13:39:53.0#,3473.0,3486.0,3441.0,3647.0,3300.0,1358974,2238918.0,3453.0,979,3454.0,1001,3455.0,3214,3456.0,1794,3457.0,879,3458.0,900,3459.0,521,3460.0,983,3461.0,831,3462.0,1555,3458.0
rb2410,,13:39:53.500#,3473.0,3486.0,3441.0,3647.0,3300.0,1358974,2238918.0,3453.0,979,3454.0,997,3455.0,3215,3456.0,1794,3457.0,888,3458.0,898,3459.0,521,3460.0,985,3461.0,830,3462.0,1555,3458.0
rb2410,,13:39:54.0#,3473.0,3486.0,3441.0,3647.0,3300.0,1358982,2238921.0,3453.0,979,3454.0,997,3455.0,3217,3456.0,1794,3457.0,893,3458.0,891,3459.0,521,3460.0,985,3461.0,830,3462.0,1554,3458.0
rb2410,,13:39:54.500#,3473.0,3486.0,3441.0,3647.0,3300.0,1358985,2238923.0,3453.0,979,3454.0,997,3455.0,3197,3456.0,1795,3457.0,895,3458.0,888,3459.0,525,3460.0,985,3461.0,831,3462.0,1554,3458.0
rb2410,,13:39:55.0#,3473.0,3486.0,3441.0,3647.0,3300.0,1358990,2238927.0,3453.0,979,3454.0,997,3455.0,3197,3456.0,1788,3457.0,900,3458.0,883,3459.0,525,3460.0,985,3461.0,831,3462.0,1554,3457.0
rb2410,,13:39:55.500#,3473.0,3486.0,3441.0,3647.0,3300.0,1358991,2238927.0,3453.0,979,3454.0,997,3455.0,3197,3456.0,1788,3457.0,902,3458.0,883,3459.0,525,3460.0,985,3461.0,831,3462.0,1554,3458.0
rb2410,,13:39:56.0#,3473.0,3486.0,3441.0,3647.0,3300.0,1359001,2238936.0,3453.0,978,3454.0,997,3455.0,3197,3456.0,1788,3457.0,972,3458.0,878,3459.0,525,3460.0,985,3461.0,831,3462.0,1554,3457.0
rb2410,,13:39:56.500#,3473.0,3486.0,3441.0,3647.0,3300.0,1359003,2238936.0,3453.0,978,3454.0,997,3455.0,3197,3456.0,1788,3457.0,977,3458.0,887,3459.0,525,3460.0,984,3461.0,831,3462.0,1554,3458.0
rb2410,,13:39:57.0#,3473.0,3486.0,3441.0,3647.0,3300.0,1359046,2238936.0,3453.0,978,3454.0,997,3455.0,3197,3456.0,1788,3457.0,981,3458.0,843,3459.0,525,3460.0,984,3461.0,831,3462.0,1554,3458.0
rb2410,,13:39:57.500#,3473.0,3486.0,3441.0,3647.0,3300.0,1359048,2238938.0,3453.0,978,3454.0,997,3455.0,3197,3456.0,1788,3457.0,982,3458.0,845,3459.0,525,3460.0,984,3461.0,831,3462.0,1554,3458.0
rb2410,,13:39:58.0#,3473.0,3486.0,3441.0,3647.0,3300.0,1359253,2239071.0,3453.0,978,3454.0,997,3455.0,3199,3456.0,1787,3457.0,983,3458.0,640,3459.0,524,3460.0,984,3461.0,831,3462.0,1554,3458.0
rb2410,,13:39:58.500#,3473.0,3486.0,3441.0,3647.0,3300.0,1359255,2239072.0,3453.0,978,3454.0,997,3455.0,3198,3456.0,1797,3457.0,1002,3458.0,637,3459.0,524,3460.0,985,3461.0,831,3462.0,1559,3458.0
rb2410,,13:39:59.0#,3473.0,3486.0,3441.0,3647.0,3300.0,1359268,2239078.0,3453.0,978,3454.0,997,3455.0,3195,3456.0,1797,3457.0,1006,3458.0,620,3459.0,528,3460.0,985,3461.0,831,3462.0,1539,3458.0
rb2410,,13:39:59.500#,3473.0,3486.0,3441.0,3647.0,3300.0,1359287,2239088.0,3453.0,978,3454.0,997,3455.0,3195,3456.0,1799,3457.0,1003,3458.0,607,3459.0,528,3460.0,984,3461.0,832,3462.0,1539,3458.0
rb2410,,13:40:00.0#,3473.0,3486.0,3441.0,3647.0,3300.0,1359293,2239094.0,3453.0,978,3454.0,997,3455.0,3195,3456.0,1799,3457.0,1003,3458.0,616,3459.0,528,3460.0,984,3461.0,832,3462.0,1539,3458.0
rb2410,,13:40:00.500#,3473.0,3486.0,3441.0,3647.0,3300.0,1359352,2239150.0,3453.0,978,3454.0,997,3455.0,3194,3456.0,1810,3457.0,983,3458.0,606,3459.0,528,3460.0,984,3461.0,832,3462.0,1539,3458.0
rb2410,,13:40:01.0#,3473.0,3486.0,3441.0,3647.0,3300.0,1359396,2239152.0,3453.0,978,3454.0,997,3455.0,3194,3456.0,1810,3457.0,945,3458.0,644,3459.0,528,3460.0,985,3461.0,832,3462.0,1539,3457.0
rb2410,,13:40:01.500#,3473.0,3486.0,3441.0,3647.0,3300.0,1359442,2239197.0,3453.0,969,3454.0,996,3455.0,3194,3456.0,1810,3457.0,904,3458.0,660,3459.0,528,3460.0,982,3461.0,832,3462.0,1546,3458.0
rb2410,,13:40:02.0#,3473.0,3486.0,3441.0,3647.0,3300.0,1359444,2239198.0,3453.0,969,3454.0,996,3455.0,3194,3456.0,1810,3457.0,899,3458.0,659,3459.0,528,3460.0,982,3461.0,832,3462.0,1546,3458.0
rb2410,,13:40:02.500#,3473.0,3486.0,3441.0,3647.0,3300.0,1359459,2239212.0,3453.0,969,3454.0,996,3455.0,3194,3456.0,1808,3457.0,903,3458.0,644,3459.0,529,3460.0,983,3461.0,832,3462.0,1549,3457.0
rb2410,,13:40:03.0#,3473.0,3486.0,3441.0,3647.0,3300.0,1359460,2239213.0,3453.0,969,3454.0,997,3455.0,3194,3456.0,1804,3457.0,903,3458.0,700,3459.0,529,3460.0,980,3461.0,832,3462.0,1549,3458.0
rb2410,,13:40:03.500#,3473.0,3486.0,3441.0,3647.0,3300.0,1359466,2239217.0,3453.0,969,3454.0,997,3455.0,3194,3456.0,1804,3457.0,901,3458.0,707,3459.0,529,3460.0,980,3461.0,832,3462.0,1547,3457.0
rb2410,,13:40:04.0#,3473.0,3486.0,3441.0,3647.0,3300.0,1359490,2239241.0,3453.0,969,3454.0,997,3455.0,3193,3456.0,1802,3457.0,900,3458.0,684,3459.0,530,3460.0,980,3461.0,832,3462.0,1550,3457.0
rb2410,,13:40:04.500#,3473.0,3486.0,3441.0,3647.0,3300.0,1359490,2239241.0,3453.0,969,3454.0,997,3455.0,3193,3456.0,1802,3457.0,917,3458.0,684,3459.0,530,3460.0,980,3461.0,832,3462.0,1550,3457.0
rb2410,,13:40:05.0#,3473.0,3486.0,3441.0,3647.0,3300.0,1359515,2239250.0,3453.0,969,3454.0,997,3455.0,3192,3456.0,1808,3457.0,904,3458.0,727,3459.0,530,3460.0,980,3461.0,832,3462.0,1550,3457.0
rb2410,,13:40:05.500#,3473.0,3486.0,3441.0,3647.0,3300.0,1359522,2239249.0,3453.0,969,3454.0,997,3455.0,3192,3456.0,1811,3457.0,878,3458.0,730,3459.0,530,3460.0,980,3461.0,832,3462.0,1550,3458.0
rb2410,,13:40:06.0#,3473.0,3486.0,3441.0,3647.0,3300.0,1359526,2239248.0,3453.0,969,3454.0,997,3455.0,3192,3456.0,1812,3457.0,879,3458.0,731,3459.0,531,3460.0,980,3461.0,832,3462.0,1550,3457.0
rb2410,,13:40:06.500#,3473.0,3486.0,3441.0,3647.0,3300.0,1359560,2239229.0,3453.0,966,3454.0,997,3455.0,3190,3456.0,1811,3457.0,859,3458.0,701,3459.0,531,3460.0,981,3461.0,832,3462.0,1550,3457.0
rb2410,,13:40:07.0#,3473.0,3486.0,3441.0,3647.0,3300.0,1359568,2239225.0,3453.0,966,3454.0,997,3455.0,3190,3456.0,1811,3457.0,853,3458.0,699,3459.0,532,3460.0,981,3461.0,832,3462.0,1550,3457.0
rb2410,,13:40:07.500#,3473.0,3486.0,3441.0,3647.0,3300.0,1359572,2239222.0,3453.0,966,3454.0,997,3455.0,3184,3456.0,1813,3457.0,867,3458.0,708,3459.0,532,3460.0,981,3461.0,832,3462.0,1550,3458.0
rb2410,,13:40:08.0#,3473.0,3486.0,3441.0,3647.0,3300.0,1359575,2239222.0,3453.0,966,3454.0,997,3455.0,3184,3456.0,1812,3457.0,866,3458.0,713,3459.0,532,3460.0,981,3461.0,832,3462.0,1550,3457.0
rb2410,,13:40:08.500#,3473.0,3486.0,3441.0,3647.0,3300.0,1360085,2239311.0,3453.0,966,3454.0,997,3455.0,3184,3456.0,1812,3457.0,873,3458.0,142,3459.0,532,3460.0,981,3461.0,832,3462.0,1550,3458.0
rb2410,,13:40:09.0#,3473.0,3486.0,3441.0,3647.0,3300.0,1360295,2239334.0,3454.0,997,3455.0,3184,3456.0,1813,3457.0,860,3458.0,49,3459.0,532,3460.0,983,3461.0,831,3462.0,1551,3463.0,629,3458.0
rb2410,,13:40:09.500#,3473.0,3486.0,3441.0,3647.0,3300.0,1360362,2239287.0,3454.0,997,3455.0,3164,3456.0,1832,3457.0,917,3458.0,45,3459.0,733,3460.0,983,3461.0,831,3462.0,1541,3463.0,630,3458.0
rb2410,,13:40:10.0#,3473.0,3486.0,3441.0,3647.0,3300.0,1360424,2239250.0,3453.0,966,3454.0,998,3455.0,3164,3456.0,1832,3457.0,907,3459.0,733,3460.0,983,3461.0,831,3462.0,1541,3463.0,630,3457.0
rb2410,,13:40:10.500#,3473.0,3486.0,3441.0,3647.0,3300.0,1360441,2239238.0,3454.0,998,3455.0,3214,3456.0,1832,3457.0,934,3458.0,47,3459.0,735,3460.0,1052,3461.0,830,3462.0,1541,3463.0,630,3458.0
rb2410,,13:40:11.0#,3473.0,3486.0,3441.0,3647.0,3300.0,1360513,2239189.0,3453.0,965,3454.0,998,3455.0,3214,3456.0,1873,3457.0,965,3458.0,6,3459.0,729,3460.0,1053,3461.0,830,3462.0,1241,3457.0
rb2410,,13:40:11.500#,3473.0,3486.0,3441.0,3647.0,3300.0,1360527,2239185.0,3453.0,965,3454.0,998,3455.0,3214,3456.0,1889,3457.0,915,3458.0,153,3459.0,741,3460.0,1053,3461.0,830,3462.0,1241,3457.0
rb2410,,13:40:12.0#,3473.0,3486.0,3441.0,3647.0,3300.0,1360551,2239186.0,3453.0,965,3454.0,999,3455.0,3215,3456.0,1889,3457.0,911,3458.0,380,3459.0,741,3460.0,1053,3461.0,830,3462.0,1241,3458.0
rb2410,,13:40:12.500#,3473.0,3486.0,3441.0,3647.0,3300.0,1360556,2239191.0,3453.0,965,3454.0,999,3455.0,3215,3456.0,1889,3457.0,911,3458.0,429,3459.0,741,3460.0,1053,3461.0,830,3462.0,1241,3458.0
rb2410,,13:40:13.0#,3473.0,3486.0,3441.0,3647.0,3300.0,1360574,2239207.0,3453.0,965,3454.0,999,3455.0,3216,3456.0,1891,3457.0,911,3458.0,338,3459.0,741,3460.0,1053,3461.0,830,3462.0,1241,3458.0
rb2410,,13:40:13.500#,3473.0,3486.0,3441.0,3647.0,3300.0,1360598,2239226.0,3453.0,965,3454.0,999,3455.0,3216,3456.0,1896,3457.0,911,3458.0,316,3459.0,741,3460.0,1053,3461.0,830,3462.0,1241,3457.0
rb2410,,13:40:14.0#,3473.0,3486.0,3441.0,3647.0,3300.0,1360600,2239226.0,3453.0,965,3454.0,999,3455.0,3216,3456.0,1896,3457.0,910,3458.0,260,3459.0,741,3460.0,1053,3461.0,830,3462.0,1241,3458.0
rb2410,,13:40:14.500#,3473.0,3486.0,3441.0,3647.0,3300.0,1360600,2239226.0,3453.0,965,3454.0,999,3455.0,3216,3456.0,1895,3457.0,911,3458.0,261,3459.0,741,3460.0,1054,3461.0,830,3462.0,1241,3458.0
rb2410,,13:40:15.0#,3473.0,3486.0,3441.0,3647.0,3300.0,1360608,2239220.0,3453.0,965,3454.0,1001,3455.0,3215,3456.0,1895,3457.0,929,3458.0,356,3459.0,735,3460.0,1054,3461.0,830,3462.0,1241,3458.0
rb2410,,13:40:15.500#,3473.0,3486.0,3441.0,3647.0,3300.0,1360664,2239185.0,3453.0,965,3454.0,1001,3455.0,3215,3456.0,1896,3457.0,929,3458.0,259,3459.0,735,3460.0,1054,3461.0,830,3462.0,1241,3458.0
rb2410,,13:40:16.0#,3473.0,3486.0,3441.0,3647.0,3300.0,1360668,2239185.0,3453.0,966,3454.0,1002,3455.0,3215,3456.0,1896,3457.0,947,3458.0,204,3459.0,735,3460.0,1054,3461.0,830,3462.0,1241,3458.0
rb2410,,13:40:16.500#,3473.0,3486.0,3441.0,3647.0,3300.0,1360751,2239104.0,3453.0,966,3454.0,1002,3455.0,3215,3456.0,1896,3457.0,944,3458.0,133,3459.0,758,3460.0,1057,3461.0,830,3462.0,1241,3458.0
rb2410,,13:40:17.0#,3473.0,3486.0,3441.0,3647.0,3300.0,1360908,2239200.0,3453.0,966,3454.0,1002,3455.0,3217,3456.0,1904,3457.0,945,3458.0,21,3459.0,758,3460.0,1060,3461.0,832,3462.0,1241,3458.0
rb2410,,13:40:17.500#,3473.0,3486.0,3441.0,3647.0,3300.0,1360919,2239200.0,3454.0,1002,3455.0,3237,3456.0,1897,3457.0,956,3458.0,112,3459.0,758,3460.0,1060,3461.0,832,3462.0,1241,3463.0,666,3458.0
rb2410,,13:40:18.0#,3473.0,3486.0,3441.0,3647.0,3300.0,1360931,2239201.0,3454.0,1002,3455.0,3238,3456.0,1897,3457.0,1004,3458.0,281,3459.0,758,3460.0,1060,3461.0,832,3462.0,1241,3463.0,666,3458.0
rb2410,,13:40:18.500#,3473.0,3486.0,3441.0,3647.0,3300.0,1360941,2239201.0,3454.0,1002,3455.0,3179,3456.0,1955,3457.0,993,3458.0,315,3459.0,754,3460.0,1060,3461.0,832,3462.0,1241,3463.0,666,3458.0
rb2410,,13:40:19.0#,3473.0,3486.0,3441.0,3647.0,3300.0,1360957,2239202.0,3454.0,1002,3455.0,3179,3456.0,1955,3457.0,994,3458.0,279,3459.0,750,3460.0,1059,3461.0,832,3462.0,1241,3463.0,666,3459.0
rb2410,,13:40:19.500#,3473.0,3486.0,3441.0,3647.0,3300.0,1360968,2239203.0,3454.0,1002,3455.0,3179,3456.0,1958,3457.0,999,3458.0,189,3459.0,751,3460.0,1059,3461.0,832,3462.0,1241,3463.0,666,3458.0
rb2410,,13:40:20.0#,3473.0,3486.0,3441.0,3647.0,3300.0,1360980,2239203.0,3454.0,1002,3455.0,3179,3456.0,1962,3457.0,999,3458.0,188,3459.0,749,3460.0,1059,3461.0,832,3462.0,1241,3463.0,666,3459.0
rb2410,,13:40:20.500#,3473.0,3486.0,3441.0,3647.0,3300.0,1360990,2239203.0,3454.0,1002,3455.0,3179,3456.0,1963,3457.0,999,3458.0,208,3459.0,702,3460.0,1059,3461.0,812,3462.0,1241,3463.0,666,3458.0
rb2410,,13:40:21.0#,3473.0,3486.0,3441.0,3647.0,3300.0,1361002,2239204.0,3454.0,1003,3455.0,3179,3456.0,1964,3457.0,990,3458.0,570,3459.0,706,3460.0,1059,3461.0,812,3462.0,1241,3463.0,666,3458.0
rb2410,,13:40:21.500#,3473.0,3486.0,3441.0,3647.0,3300.0,1361002,2239204.0,3454.0,1003,3455.0,3179,3456.0,1943,3457.0,995,3458.0,676,3459.0,483,3460.0,1059,3461.0,812,3462.0,1241,3463.0,666,3458.0
rb2410,,13:40:22.0#,3473.0,3486.0,3441.0,3647.0,3300.0,1361022,2239206.0,3454.0,1003,3455.0,3179,3456.0,1942,3457.0,996,3458.0,603,3459.0,427,3460.0,1159,3461.0,812,3462.0,1241,3463.0,666,3459.0
rb2410,,13:40:22.500#,3473.0,3486.0,3441.0,3647.0,3300.0,1361053,2239234.0,3454.0,1003,3455.0,3179,3456.0,1941,3457.0,996,3458.0,581,3459.0,463,3460.0,1157,3461.0,812,3462.0,1241,3463.0,666,3459.0
rb2410,,13:40:23.0#,3473.0,3486.0,3441.0,3647.0,3300.0,1361062,2239242.0,3454.0,1002,3455.0,3179,3456.0,1942,3457.0,994,3458.0,581,3459.0,493,3460.0,1158,3461.0,812,3462.0,1243,3463.0,666,3459.0
rb2410,,13:40:23.500#,3473.0,3486.0,3441.0,3647.0,3300.0,1361063,2239243.0,3454.0,1002,3455.0,3179,3456.0,1942,3457.0,1001,3458.0,581,3459.0,507,3460.0,1158,3461.0,812,3462.0,1243,3463.0,666,3459.0
rb2410,,13:40:24.0#,3473.0,3486.0,3441.0,3647.0,3300.0,1361064,2239244.0,3454.0,1002,3455.0,3179,3456.0,1942,3457.0,999,3458.0,594,3459.0,586,3460.0,1158,3461.0,812,3462.0,1243,3463.0,666,3458.0
rb2410,,13:40:24.500#,3473.0,3486.0,3441.0,3647.0,3300.0,1361065,2239245.0,3454.0,1002,3455.0,3160,3456.0,1902,3457.0,999,3458.0,595,3459.0,587,3460.0,1158,3461.0,812,3462.0,1243,3463.0,666,3459.0
rb2410,,13:40:25.0#,3473.0,3486.0,3441.0,3647.0,3300.0,1361065,2239245.0,3454.0,1002,3455.0,3160,3456.0,1894,3457.0,999,3458.0,600,3459.0,597,3460.0,1168,3461.0,812,3462.0,1243,3463.0,666,3459.0
rb2410,,13:40:25.500#,3473.0,3486.0,3441.0,3647.0,3300.0,1361065,2239245.0,3454.0,1002,3455.0,3162,3456.0,1895,3457.0,1001,3458.0,600,3459.0,597,3460.0,1168,3461.0,812,3462.0,1243,3463.0,668,3459.0
rb2410,,13:40:26.0#,3473.0,3486.0,3441.0,3647.0,3300.0,1361080,2239255.0,3454.0,1002,3455.0,3162,3456.0,1895,3457.0,1001,3458.0,603,3459.0,597,3460.0,1168,3461.0,812,3462.0,1243,3463.0,668,3459.0
rb2410,,13:40:26.500#,3473.0,3486.0,3441.0,3647.0,3300.0,1361085,2239255.0,3454.0,1002,3455.0,2961,3456.0,2094,3457.0,1002,3458.0,596,3459.0,593,3460.0,1168,3461.0,812,3462.0,1243,3463.0,668,3459.0
rb2410,,13:40:27.0#,3473.0,3486.0,3441.0,3647.0,3300.0,1361087,2239257.0,3454.0,1002,3455.0,2961,3456.0,2094,3457.0,1007,3458.0,597,3459.0,594,3460.0,1168,3461.0,812,3462.0,1243,3463.0,668,3459.0
rb2410,,13:40:27.500#,3473.0,3486.0,3441.0,3647.0,3300.0,1361089,2239259.0,3454.0,1002,3455.0,2961,3456.0,2094,3457.0,987,3458.0,645,3459.0,595,3460.0,1168,3461.0,812,3462.0,1243,3463.0,668,3458.0
rb2410,,13:40:28.0#,3473.0,3486.0,3441.0,3647.0,3300.0,1361124,2239288.0,3454.0,1002,3455.0,3011,3456.0,2095,3457.0,965,3458.0,610,3459.0,580,3460.0,1168,3461.0,811,3462.0,1243,3463.0,668,3458.0
rb2410,,13:40:28.500#,3473.0,3486.0,3441.0,3647.0,3300.0,1361143,2239307.0,3454.0,1002,3455.0,3011,3456.0,2095,3457.0,965,3458.0,612,3459.0,569,3460.0,1168,3461.0,816,3462.0,943,3463.0,668,3458.0
rb2410,,13:40:29.0#,3473.0,3486.0,3441.0,3647.0,3300.0,1361159,2239309.0,3454.0,1002,3455.0,3011,3456.0,2095,3457.0,964,3458.0,615,3459.0,458,3460.0,1168,3461.0,816,3462.0,944,3463.0,668,3459.0
rb2410,,13:40:29.500#,3473.0,3486.0,3441.0,3647.0,3300.0,1361165,2239312.0,3454.0,1002,3455.0,3011,3456.0,2095,3457.0,960,3458.0,622,3459.0,373,3460.0,1169,3461.0,815,3462.0,944,3463.0,668,3459.0
rb2410,,13:40:30.0#,3473.0,3486.0,3441.0,3647.0,3300.0,1361560,2239650.0,3455.0,3011,3456.0,2095,3457.0,961,3458.0,621,3459.0,24,3460.0,1169,3461.0,815,3462.0,944,3463.0,668,3464.0,805,3459.0
rb2410,,13:40:30.500#,3473.0,3486.0,3441.0,3647.0,3300.0,1361570,2239652.0,3455.0,3018,3456.0,2091,3457.0,971,3458.0,703,3459.0,459,3460.0,1147,3461.0,810,3462.0,944,3463.0,669,3464.0,770,3460.0
rb2410,,13:40:31.0#,3473.0,3486.0,3441.0,3647.0,3300.0,1361616,2239643.0,3455.0,3018,3456.0,2087,3457.0,958,3458.0,706,3459.0,477,3460.0,1111,3461.0,810,3462.0,944,3463.0,667,3464.0,763,3459.0
rb2410,,13:40:31.500#,3473.0,3486.0,3441.0,3647.0,3300.0,1361617,2239643.0,3455.0,3018,3456.0,2085,3457.0,958,3458.0,708,3459.0,478,3460.0,1114,3461.0,810,3462.0,944,3463.0,667,3464.0,761,3460.0
rb2410,,13:40:32.0#,3473.0,3486.0,3441.0,3647.0,3300.0,1361619,2239643.0,3455.0,3018,3456.0,2085,3457.0,952,3458.0,709,3459.0,468,3460.0,1113,3461.0,811,3462.0,944,3463.0,667,3464.0,761,3460.0
rb2410,,13:40:32.500#,3473.0,3486.0,3441.0,3647.0,3300.0,1361624,2239644.0,3455.0,3019,3456.0,2082,3457.0,953,3458.0,698,3459.0,264,3460.0,1114,3461.0,811,3462.0,944,3463.0,667,3464.0,761,3459.0
rb2410,,13:40:33.0#,3473.0,3486.0,3441.0,3647.0,3300.0,1361631,2239643.0,3455.0,3019,3456.0,2082,3457.0,954,3458.0,698,3459.0,145,3460.0,1154,3461.0,811,3462.0,944,3463.0,667,3464.0,761,3460.0
rb2410,,13:40:33.500#,3473.0,3486.0,3441.0,3647.0,3300.0,1361711,2239631.0,3454.0,1003,3455.0,3019,3456.0,2050,3457.0,954,3458.0,688,3459.0,40,3460.0,1204,3461.0,811,3462.0,944,3463.0,667,3459.0
rb2410,,13:40:34.0#,3473.0,3486.0,3441.0,3647.0,3300.0,1361724,2239625.0,3454.0,1003,3455.0,3019,3456.0,2050,3457.0,954,3458.0,641,3459.0,126,3460.0,1116,3461.0,813,3462.0,946,3463.0,667,3458.0
rb2410,,13:40:34.500#,3473.0,3486.0,3441.0,3647.0,3300.0,1361746,2239624.0,3454.0,1003,3455.0,3020,3456.0,2050,3457.0,954,3458.0,650,3459.0,239,3460.0,1117,3461.0,814,3462.0,946,3463.0,667,3459.0
rb2410,,13:40:35.0#,3473.0,3486.0,3441.0,3647.0,3300.0,1361750,2239622.0,3454.0,1003,3455.0,3022,3456.0,2050,3457.0,951,3458.0,673,3459.0,266,3460.0,1118,3461.0,814,3462.0,946,3463.0,667,3459.0
rb2410,,13:40:35.500#,3473.0,3486.0,3441.0,3647.0,3300.0,1361783,2239601.0,3454.0,1002,3455.0,3022,3456.0,2050,3457.0,946,3458.0,673,3459.0,294,3460.0,1118,3461.0,813,3462.0,946,3463.0,667,3459.0
rb2410,,13:40:36.0#,3473.0,3486.0,3441.0,3647.0,3300.0,1361794,2239598.0,3454.0,1002,3455.0,3024,3456.0,2041,3457.0,949,3458.0,673,3459.0,286,3460.0,1119,3461.0,814,3462.0,946,3463.0,667,3459.0
rb2410,,13:40:36.500#,3473.0,3486.0,3441.0,3647.0,3300.0,1361796,2239599.0,3454.0,1002,3455.0,3024,3456.0,2040,3457.0,933,3458.0,678,3459.0,263,3460.0,1119,3461.0,814,3462.0,946,3463.0,667,3459.0
rb2410,,13:40:37.0#,3473.0,3486.0,3441.0,3647.0,3300.0,1361840,2239602.0,3454.0,1002,3455.0,3024,3456.0,1940,3457.0,934,3458.0,977,3459.0,242,3460.0,1118,3461.0,814,3462.0,946,3463.0,667,3459.0
rb2410,,13:40:37.500#,3473.0,3486.0,3441.0,3647.0,3300.0,1361852,2239594.0,3454.0,1002,3455.0,3024,3456.0,1936,3457.0,934,3458.0,979,3459.0,59,3460.0,1117,3461.0,814,3462.0,946,3463.0,667,3459.0
rb2410,,13:40:38.0#,3473.0,3486.0,3441.0,3647.0,3300.0,1361867,2239585.0,3454.0,1002,3455.0,3024,3456.0,1936,3457.0,936,3458.0,989,3459.0,48,3460.0,1116,3461.0,814,3462.0,946,3463.0,667,3459.0
rb2410,,13:40:38.500#,3473.0,3486.0,3441.0,3647.0,3300.0,1361914,2239596.0,3455.0,3025,3456.0,1936,3457.0,936,3458.0,990,3459.0,159,3460.0,1119,3461.0,816,3462.0,946,3463.0,667,3464.0,763,3459.0
rb2410,,13:40:39.0#,3473.0,3486.0,3441.0,3647.0,3300.0,1361921,2239596.0,3455.0,3025,3456.0,1936,3457.0,967,3458.0,1036,3459.0,356,3460.0,1116,3461.0,816,3462.0,946,3463.0,668,3464.0,763,3460.0
rb2410,,13:40:39.500#,3473.0,3486.0,3441.0,3647.0,3300.0,1361921,2239596.0,3455.0,3025,3456.0,1938,3457.0,968,3458.0,1039,3459.0,444,3460.0,1109,3461.0,817,3462.0,946,3463.0,670,3464.0,763,3460.0
rb2410,,13:40:40.0#,3473.0,3486.0,3441.0,3647.0,3300.0,1361923,2239597.0,3455.0,3025,3456.0,1833,3457.0,1033,3458.0,1040,3459.0,404,3460.0,1111,3461.0,827,3462.0,946,3463.0,671,3464.0,763,3460.0
rb2410,,13:40:40.500#,3473.0,3486.0,3441.0,3647.0,3300.0,1361924,2239598.0,3455.0,3025,3456.0,1833,3457.0,1082,3458.0,1041,3459.0,377,3460.0,1109,3461.0,827,3462.0,951,3463.0,670,3464.0,763,3460.0
rb2410,,13:40:41.0#,3473.0,3486.0,3441.0,3647.0,3300.0,1361935,2239600.0,3455.0,3025,3456.0,1833,3457.0,1081,3458.0,1044,3459.0,402,3460.0,1215,3461.0,805,3462.0,951,3463.0,671,3464.0,763,3460.0
rb2410,,13:40:41.500#,3473.0,3486.0,3441.0,3647.0,3300.0,1361949,2239604.0,3455.0,3025,3456.0,1832,3457.0,1081,3458.0,1044,3459.0,375,3460.0,1218,3461.0,806,3462.0,952,3463.0,671,3464.0,763,3459.0
rb2410,,13:40:42.0#,3473.0,3486.0,3441.0,3647.0,3300.0,1361971,2239626.0,3455.0,3034,3456.0,1832,3457.0,1081,3458.0,1044,3459.0,355,3460.0,1318,3461.0,807,3462.0,952,3463.0,670,3464.0,763,3459.0
rb2410,,13:40:42.500#,3473.0,3486.0,3441.0,3647.0,3300.0,1361976,2239630.0,3455.0,3033,3456.0,1832,3457.0,1090,3458.0,1044,3459.0,193,3460.0,1307,3461.0,807,3462.0,952,3463.0,670,3464.0,763,3460.0
rb2410,,13:40:43.0#,3473.0,3486.0,3441.0,3647.0,3300.0,1362007,2239658.0,3455.0,3034,3456.0,1832,3457.0,1089,3458.0,1050,3459.0,172,3460.0,1299,3461.0,807,3462.0,952,3463.0,670,3464.0,764,3460.0
rb2410,,13:40:43.500#,3473.0,3486.0,3441.0,3647.0,3300.0,1362009,2239658.0,3455.0,3034,3456.0,1830,3457.0,1088,3458.0,1058,3459.0,173,3460.0,1314,3461.0,807,3462.0,952,3463.0,670,3464.0,763,3460.0
rb2410,,13:40:44.0#,3473.0,3486.0,3441.0,3647.0,3300.0,1362031,2239676.0,3455.0,3034,3456.0,1830,3457.0,1088,3458.0,1059,3459.0,171,3460.0,1295,3461.0,807,3462.0,952,3463.0,671,3464.0,764,3459.0
rb2410,,13:40:44.500#,3473.0,3486.0,3441.0,3647.0,3300.0,1362033,2239678.0,3455.0,3034,3456.0,1830,3457.0,1084,3458.0,1040,3459.0,202,3460.0,1294,3461.0,805,3462.0,952,3463.0,672,3464.0,764,3460.0
rb2410,,13:40:45.0#,3473.0,3486.0,3441.0,3647.0,3300.0,1362039,2239679.0,3455.0,3034,3456.0,1830,3457.0,1083,3458.0,1041,3459.0,204,3460.0,1297,3461.0,805,3462.0,952,3463.0,672,3464.0,764,3460.0
rb2410,,13:40:45.500#,3473.0,3486.0,3441.0,3647.0,3300.0,1362039,2239679.0,3455.0,3034,3456.0,1825,3457.0,1086,3458.0,1042,3459.0,204,3460.0,1297,3461.0,805,3462.0,952,3463.0,672,3464.0,764,3460.0
rb2410,,13:40:46.0#,3473.0,3486.0,3441.0,3647.0,3300.0,1362039,2239679.0,3455.0,3034,3456.0,1825,3457.0,1086,3458.0,1041,3459.0,255,3460.0,1287,3461.0,805,3462.0,952,3463.0,672,3464.0,764,3460.0
rb2410,,13:40:46.500#,3473.0,3486.0,3441.0,3647.0,3300.0,1362044,2239681.0,3455.0,3034,3456.0,1825,3457.0,1085,3458.0,1045,3459.0,305,3460.0,1281,3461.0,805,3462.0,952,3463.0,672,3464.0,764,3460.0
rb2410,,13:40:47.0#,3473.0,3486.0,3441.0,3647.0,3300.0,1362052,2239687.0,3455.0,3034,3456.0,1825,3457.0,1085,3458.0,1044,3459.0,397,3460.0,1291,3461.0,805,3462.0,952,3463.0,672,3464.0,764,3459.0
rb2410,,13:40:47.500#,3473.0,3486.0,3441.0,3647.0,3300.0,1362061,2239694.0,3455.0,3034,3456.0,1825,3457.0,1085,3458.0,1044,3459.0,498,3460.0,1281,3461.0,806,3462.0,952,3463.0,672,3464.0,764,3460.0
rb2410,,13:40:48.0#,3473.0,3486.0,3441.0,3647.0,3300.0,1362112,2239692.0,3455.0,3034,3456.0,1825,3457.0,1084,3458.0,1044,3459.0,538,3460.0,1226,3461.0,807,3462.0,952,3463.0,672,3464.0,764,3460.0
rb2410,,13:40:48.500#,3473.0,3486.0,3441.0,3647.0,3300.0,1362112,2239692.0,3455.0,3040,3456.0,1825,3457.0,1024,3458.0,1105,3459.0,539,3460.0,1162,3461.0,807,3462.0,952,3463.0,672,3464.0,764,3460.0
rb2410,,13:40:49.0#,3473.0,3486.0,3441.0,3647.0,3300.0,1362113,2239692.0,3455.0,3040,3456.0,1826,3457.0,1034,3458.0,1106,3459.0,611,3460.0,1157,3461.0,807,3462.0,952,3463.0,672,3464.0,764,3459.0
rb2410,,13:40:49.500#,3473.0,3486.0,3441.0,3647.0,3300.0,1362140,2239695.0,3455.0,3040,3456.0,1826,3457.0,1044,3458.0,1106,3459.0,611,3460.0,972,3461.0,807,3462.0,952,3463.0,674,3464.0,764,3460.0
rb2410,,13:40:50.0#,3473.0,3486.0,3441.0,3647.0,3300.0,1362213,2239694.0,3455.0,3040,3456.0,1826,3457.0,1041,3458.0,1117,3459.0,609,3460.0,864,3461.0,807,3462.0,952,3463.0,674,3464.0,764,3460.0
rb2410,,13:40:50.500#,3473.0,3486.0,3441.0,3647.0,3300.0,1362221,2239697.0,3455.0,3040,3456.0,1825,3457.0,1041,3458.0,1117,3459.0,610,3460.0,866,3461.0,807,3462.0,952,3463.0,674,3464.0,764,3460.0
rb2410,,13:40:51.0#,3473.0,3486.0,3441.0,3647.0,3300.0,1362224,2239700.0,3455.0,3040,3456.0,1825,3457.0,1041,3458.0,1114,3459.0,613,3460.0,865,3461.0,807,3462.0,969,3463.0,675,3464.0,764,3460.0
rb2410,,13:40:51.500#,3473.0,3486.0,3441.0,3647.0,3300.0,1362231,2239707.0,3455.0,3040,3456.0,1825,3457.0,1041,3458.0,1114,3459.0,615,3460.0,861,3461.0,797,3462.0,970,3463.0,675,3464.0,765,3459.0
rb2410,,13:40:52.0#,3473.0,3486.0,3441.0,3647.0,3300.0,1362233,2239709.0,3455.0,3040,3456.0,1825,3457.0,1041,3458.0,1115,3459.0,911,3460.0,861,3461.0,797,3462.0,970,3463.0,675,3464.0,765,3460.0
rb2410,,13:40:52.500#,3473.0,3486.0,3441.0,3647.0,3300.0,1362237,2239713.0,3455.0,3040,3456.0,1805,3457.0,1051,3458.0,1115,3459.0,916,3460.0,859,3461.0,798,3462.0,970,3463.0,675,3464.0,765,3460.0
rb2410,,13:40:53.0#,3473.0,3486.0,3441.0,3647.0,3300.0,1362238,2239714.0,3455.0,3041,3456.0,1804,3457.0,1051,3458.0,1115,3459.0,921,3460.0,859,3461.0,797,3462.0,971,3463.0,677,3464.0,765,3459.0
rb2410,,13:40:53.500#,3473.0,3486.0,3441.0,3647.0,3300.0,1362244,2239715.0,3455.0,3041,3456.0,1805,3457.0,1051,3458.0,1115,3459.0,926,3460.0,853,3461.0,797,3462.0,971,3463.0,677,3464.0,765,3460.0
rb2410,,13:40:54.0#,3473.0,3486.0,3441.0,3647.0,3300.0,1362253,2239715.0,3455.0,3043,3456.0,1805,3457.0,1051,3458.0,1136,3459.0,923,3460.0,851,3461.0,798,3462.0,971,3463.0,677,3464.0,765,3460.0
rb2410,,13:40:54.500#,3473.0,3486.0,3441.0,3647.0,3300.0,1362254,2239715.0,3455.0,3044,3456.0,1805,3457.0,1050,3458.0,1166,3459.0,924,3460.0,851,3461.0,801,3462.0,971,3463.0,677,3464.0,765,3460.0
rb2410,,13:40:55.0#,3473.0,3486.0,3441.0,3647.0,3300.0,1362261,2239710.0,3455.0,3044,3456.0,1805,3457.0,1050,3458.0,1167,3459.0,923,3460.0,848,3461.0,801,3462.0,971,3463.0,677,3464.0,765,3460.0
rb2410,,13:40:55.500#,3473.0,3486.0,3441.0,3647.0,3300.0,1362263,2239710.0,3455.0,3044,3456.0,1805,3457.0,1049,3458.0,1167,3459.0,923,3460.0,847,3461.0,801,3462.0,971,3463.0,678,3464.0,765,3460.0
rb2410,,13:40:56.0#,3473.0,3486.0,3441.0,3647.0,3300.0,1362317,2239710.0,3455.0,3043,3456.0,1804,3457.0,1049,3458.0,1267,3459.0,874,3460.0,847,3461.0,801,3462.0,971,3463.0,678,3464.0,765,3460.0
rb2410,,13:40:56.500#,3473.0,3486.0,3441.0,3647.0,3300.0,1362322,2239705.0,3455.0,3048,3456.0,1804,3457.0,1049,3458.0,1270,3459.0,877,3460.0,843,3461.0,798,3462.0,969,3463.0,678,3464.0,765,3460.0
rb2410,,13:40:57.0#,3473.0,3486.0,3441.0,3647.0,3300.0,1362322,2239705.0,3455.0,3098,3456.0,1804,3457.0,1049,3458.0,1269,3459.0,877,3460.0,844,3461.0,798,3462.0,969,3463.0,678,3464.0,765,3460.0
rb2410,,13:40:57.500#,3473.0,3486.0,3441.0,3647.0,3300.0,1362326,2239708.0,3455.0,3098,3456.0,1780,3457.0,1074,3458.0,1271,3459.0,881,3460.0,842,3461.0,798,3462.0,970,3463.0,677,3464.0,765,3460.0
rb2410,,13:40:58.0#,3473.0,3486.0,3441.0,3647.0,3300.0,1362332,2239703.0,3455.0,3098,3456.0,1780,3457.0,1073,3458.0,1278,3459.0,885,3460.0,841,3461.0,797,3462.0,970,3463.0,677,3464.0,765,3460.0
rb2410,,13:40:58.500#,3473.0,3486.0,3441.0,3647.0,3300.0,1362346,2239701.0,3455.0,3098,3456.0,1780,3457.0,1068,3458.0,1278,3459.0,884,3460.0,843,3461.0,798,3462.0,970,3463.0,677,3464.0,765,3460.0
rb2410,,13:40:59.0#,3473.0,3486.0,3441.0,3647.0,3300.0,1362698,2239620.0,3455.0,3098,3456.0,1780,3457.0,1070,3458.0,1278,3459.0,835,3460.0,540,3461.0,828,3462.0,970,3463.0,677,3464.0,765,3460.0
rb2410,,13:40:59.500#,3473.0,3486.0,3441.0,3647.0,3300.0,1362705,2239622.0,3455.0,3096,3456.0,1780,3457.0,1068,3458.0,1278,3459.0,1396,3460.0,532,3461.0,828,3462.0,971,3463.0,677,3464.0,765,3460.0
rb2410,,13:41:00.0#,3473.0,3486.0,3441.0,3647.0,3300.0,1362772,2239643.0,3455.0,3096,3456.0,1778,3457.0,1066,3458.0,1277,3459.0,1436,3460.0,487,3461.0,828,3462.0,971,3463.0,677,3464.0,765,3460.0
rb2410,,13:41:00.500#,3473.0,3486.0,3441.0,3647.0,3300.0,1362789,2239655.0,3455.0,3096,3456.0,1778,3457.0,1074,3458.0,1277,3459.0,1442,3460.0,473,3461.0,830,3462.0,971,3463.0,679,3464.0,765,3460.0
rb2410,,13:41:01.0#,3473.0,3486.0,3441.0,3647.0,3300.0,1362799,2239654.0,3455.0,3096,3456.0,1767,3457.0,1073,3458.0,1277,3459.0,1443,3460.0,475,3461.0,830,3462.0,971,3463.0,679,3464.0,765,3460.0
rb2410,,13:41:01.500#,3473.0,3486.0,3441.0,3647.0,3300.0,1362801,2239656.0,3455.0,3096,3456.0,1767,3457.0,1074,3458.0,1297,3459.0,1461,3460.0,478,3461.0,831,3462.0,972,3463.0,679,3464.0,765,3460.0
rb2410,,13:41:02.0#,3473.0,3486.0,3441.0,3647.0,3300.0,1362805,2239658.0,3455.0,3096,3456.0,1762,3457.0,1074,3458.0,1292,3459.0,1453,3460.0,465,3461.0,831,3462.0,972,3463.0,679,3464.0,765,3460.0
rb2410,,13:41:02.500#,3473.0,3486.0,3441.0,3647.0,3300.0,1362813,2239666.0,3455.0,3096,3456.0,1762,3457.0,1074,3458.0,1318,3459.0,1450,3460.0,519,3461.0,831,3462.0,969,3463.0,679,3464.0,765,3460.0
rb2410,,13:41:03.0#,3473.0,3486.0,3441.0,3647.0,3300.0,1362815,2239667.0,3455.0,3096,3456.0,1762,3457.0,1068,3458.0,1319,3459.0,1453,3460.0,520,3461.0,834,3462.0,969,3463.0,681,3464.0,765,3460.0
rb2410,,13:41:03.500#,3473.0,3486.0,3441.0,3647.0,3300.0,1362827,2239672.0,3455.0,3096,3456.0,1761,3457.0,1069,3458.0,1319,3459.0,1453,3460.0,510,3461.0,834,3462.0,969,3463.0,682,3464.0,765,3460.0
rb2410,,13:41:04.0#,3473.0,3486.0,3441.0,3647.0,3300.0,1362829,2239673.0,3455.0,2976,3456.0,1768,3457.0,1069,3458.0,1319,3459.0,1463,3460.0,522,3461.0,833,3462.0,969,3463.0,682,3464.0,768,3460.0
rb2410,,13:41:04.500#,3473.0,3486.0,3441.0,3647.0,3300.0,1362856,2239667.0,3455.0,2976,3456.0,1769,3457.0,1069,3458.0,1319,3459.0,1485,3460.0,509,3461.0,832,3462.0,969,3463.0,682,3464.0,768,3459.0
rb2410,,13:41:05.0#,3473.0,3486.0,3441.0,3647.0,3300.0,1362858,2239666.0,3455.0,2975,3456.0,1769,3457.0,1070,3458.0,1319,3459.0,1486,3460.0,507,3461.0,832,3462.0,966,3463.0,682,3464.0,769,3460.0
rb2410,,13:41:05.500#,3473.0,3486.0,3441.0,3647.0,3300.0,1362891,2239635.0,3455.0,2975,3456.0,1769,3457.0,1069,3458.0,1320,3459.0,1483,3460.0,461,3461.0,832,3462.0,966,3463.0,682,3464.0,772,3460.0
rb2410,,13:41:06.0#,3473.0,3486.0,3441.0,3647.0,3300.0,1362910,2239627.0,3455.0,2975,3456.0,1772,3457.0,1063,3458.0,1320,3459.0,1485,3460.0,447,3461.0,832,3462.0,966,3463.0,682,3464.0,772,3460.0
rb2410,,13:41:06.500#,3473.0,3486.0,3441.0,3647.0,3300.0,1363030,2239528.0,3455.0,2975,3456.0,1772,3457.0,1063,3458.0,1311,3459.0,1494,3460.0,330,3461.0,832,3462.0,971,3463.0,682,3464.0,772,3460.0
rb2410,,13:41:07.0#,3473.0,3486.0,3441.0,3647.0,3300.0,1363152,2239415.0,3455.0,2975,3456.0,1772,3457.0,1063,3458.0,1310,3459.0,1486,3460.0,219,3461.0,832,3462.0,971,3463.0,682,3464.0,772,3460.0
rb2410,,13:41:07.500#,3473.0,3486.0,3441.0,3647.0,3300.0,1363184,2239407.0,3455.0,2985,3456.0,1772,3457.0,1063,3458.0,1316,3459.0,1476,3460.0,266,3461.0,832,3462.0,971,3463.0,682,3464.0,772,3459.0
rb2410,,13:41:08.0#,3473.0,3486.0,3441.0,3647.0,3300.0,1363191,2239410.0,3455.0,2985,3456.0,1773,3457.0,1118,3458.0,1312,3459.0,1485,3460.0,322,3461.0,833,3462.0,971,3463.0,682,3464.0,772,3460.0
rb2410,,13:41:08.500#,3473.0,3486.0,3441.0,3647.0,3300.0,1363193,2239412.0,3455.0,2985,3456.0,1776,3457.0,1117,3458.0,1312,3459.0,1480,3460.0,336,3461.0,833,3462.0,971,3463.0,682,3464.0,772,3460.0
rb2410,,13:41:09.500#,3473.0,3486.0,3441.0,3647.0,3300.0,1363201,2239420.0,3455.0,2984,3456.0,1768,3457.0,1116,3458.0,1315,3459.0,1478,3460.0,277,3461.0,833,3462.0,972,3463.0,687,3464.0,772,3459.0
rb2410,,13:41:10.0#,3473.0,3486.0,3441.0,3647.0,3300.0,1363221,2239426.0,3455.0,2984,3456.0,1769,3457.0,1116,3458.0,1314,3459.0,1458,3460.0,272,3461.0,834,3462.0,972,3463.0,687,3464.0,772,3460.0
rb2410,,13:41:11.500#,3473.0,3486.0,3441.0,3647.0,3300.0,1363235,2239415.0,3455.0,2983,3456.0,1769,3457.0,1086,3458.0,1314,3459.0,1487,3460.0,281,3461.0,833,3462.0,972,3463.0,687,3464.0,772,3460.0
rb2410,,13:41:12.0#,3473.0,3486.0,3441.0,3647.0,3300.0,1363235,2239415.0,3455.0,2983,3456.0,1769,3457.0,1087,3458.0,1314,3459.0,1488,3460.0,281,3461.0,833,3462.0,972,3463.0,687,3464.0,772,3460.0
rb2410,,13:41:13.0#,3473.0,3486.0,3441.0,3647.0,3300.0,1363255,2239408.0,3455.0,2983,3456.0,1769,3457.0,1081,3458.0,1314,3459.0,1544,3460.0,247,3461.0,833,3462.0,973,3463.0,689,3464.0,777,3460.0
rb2410,,13:41:13.500#,3473.0,3486.0,3441.0,3647.0,3300.0,1363266,2239411.0,3455.0,2985,3456.0,1769,3457.0,1096,3458.0,1315,3459.0,1558,3460.0,281,3461.0,833,3462.0,973,3463.0,689,3464.0,777,3460.0
rb2410,,13:41:14.0#,3473.0,3486.0,3441.0,3647.0,3300.0,1363279,2239416.0,3455.0,2990,3456.0,1769,3457.0,1096,3458.0,1315,3459.0,1553,3460.0,273,3461.0,833,3462.0,973,3463.0,694,3464.0,777,3460.0
rb2410,,13:41:15.0#,3473.0,3486.0,3441.0,3647.0,3300.0,1363347,2239444.0,3455.0,2990,3456.0,1769,3457.0,1096,3458.0,1315,3459.0,1552,3460.0,212,3461.0,833,3462.0,973,3463.0,694,3464.0,777,3460.0
rb2410,,13:41:15.500#,3473.0,3486.0,3441.0,3647.0,3300.0,1363348,2239444.0,3455.0,2990,3456.0,1769,3457.0,1096,3458.0,1311,3459.0,1550,3460.0,225,3461.0,839,3462.0,973,3463.0,694,3464.0,777,3459.0
rb2410,,13:41:16.0#,3473.0,3486.0,3441.0,3647.0,3300.0,1363364,2239459.0,3455.0,2989,3456.0,1769,3457.0,1096,3458.0,1311,3459.0,1550,3460.0,212,3461.0,839,3462.0,975,3463.0,695,3464.0,777,3460.0
rb2410,,13:41:16.500#,3473.0,3486.0,3441.0,3647.0,3300.0,1363394,2239466.0,3455.0,2989,3456.0,1769,3457.0,1095,3458.0,1316,3459.0,1550,3460.0,182,3461.0,842,3462.0,975,3463.0,695,3464.0,777,3460.0
rb2410,,13:41:17.0#,3473.0,3486.0,3441.0,3647.0,3300.0,1363534,2239521.0,3455.0,3009,3456.0,1768,3457.0,1095,3458.0,1316,3459.0,1561,3460.0,45,3461.0,852,3462.0,975,3463.0,695,3464.0,778,3460.0
rb2410,,13:41:18.0#,3473.0,3486.0,3441.0,3647.0,3300.0,1363580,2239505.0,3456.0,1768,3457.0,885,3458.0,1317,3459.0,1648,3460.0,227,3461.0,844,3462.0,974,3463.0,695,3464.0,769,3465.0,1373,3460.0
rb2410,,13:41:18.500#,3473.0,3486.0,3441.0,3647.0,3300.0,1363580,2239505.0,3456.0,1769,3457.0,885,3458.0,1317,3459.0,1648,3460.0,314,3461.0,845,3462.0,975,3463.0,699,3464.0,769,3465.0,1373,3460.0
rb2410,,13:41:19.0#,3473.0,3486.0,3441.0,3647.0,3300.0,1363581,2239506.0,3456.0,1769,3457.0,886,3458.0,1317,3459.0,1647,3460.0,407,3461.0,845,3462.0,975,3463.0,699,3464.0,769,3465.0,1373,3461.0
rb2410,,13:41:19.500#,3473.0,3486.0,3441.0,3647.0,3300.0,1363601,2239508.0,3456.0,1769,3457.0,886,3458.0,1319,3459.0,1668,3460.0,454,3461.0,822,3462.0,975,3463.0,699,3464.0,769,3465.0,1373,3461.0
rb2410,,13:41:20.0#,3473.0,3486.0,3441.0,3647.0,3300.0,1363603,2239509.0,3456.0,1769,3457.0,886,3458.0,1319,3459.0,1668,3460.0,565,3461.0,820,3462.0,975,3463.0,699,3464.0,769,3465.0,1373,3461.0
rb2410,,13:41:20.500#,3473.0,3486.0,3441.0,3647.0,3300.0,1363604,2239510.0,3456.0,1768,3457.0,886,3458.0,1319,3459.0,1668,3460.0,582,3461.0,828,3462.0,975,3463.0,699,3464.0,769,3465.0,1373,3460.0
rb2410,,13:41:21.0#,3473.0,3486.0,3441.0,3647.0,3300.0,1363667,2239481.0,3456.0,1767,3457.0,886,3458.0,1369,3459.0,1674,3460.0,582,3461.0,816,3462.0,980,3463.0,699,3464.0,769,3465.0,1373,3460.0
rb2410,,13:41:21.500#,3473.0,3486.0,3441.0,3647.0,3300.0,1363668,2239481.0,3456.0,1767,3457.0,886,3458.0,1365,3459.0,1680,3460.0,585,3461.0,822,3462.0,985,3463.0,699,3464.0,769,3465.0,1373,3461.0
rb2410,,13:41:22.0#,3473.0,3486.0,3441.0,3647.0,3300.0,1363686,2239481.0,3456.0,1767,3457.0,891,3458.0,1365,3459.0,1680,3460.0,578,3461.0,817,3462.0,984,3463.0,699,3464.0,769,3465.0,1373,3461.0
rb2410,,13:41:22.500#,3473.0,3486.0,3441.0,3647.0,3300.0,1363694,2239476.0,3456.0,1761,3457.0,891,3458.0,1371,3459.0,1680,3460.0,583,3461.0,810,3462.0,984,3463.0,699,3464.0,769,3465.0,1373,3460.0
rb2410,,13:41:23.0#,3473.0,3486.0,3441.0,3647.0,3300.0,1363715,2239478.0,3456.0,1711,3457.0,892,3458.0,1370,3459.0,1678,3460.0,592,3461.0,790,3462.0,983,3463.0,699,3464.0,769,3465.0,1373,3461.0
rb2410,,13:41:23.500#,3473.0,3486.0,3441.0,3647.0,3300.0,1363715,2239478.0,3456.0,1711,3457.0,892,3458.0,1370,3459.0,1678,3460.0,594,3461.0,791,3462.0,983,3463.0,699,3464.0,769,3465.0,1373,3461.0
rb2410,,13:41:24.0#,3473.0,3486.0,3441.0,3647.0,3300.0,1363817,2239525.0,3456.0,1711,3457.0,892,3458.0,1370,3459.0,1678,3460.0,592,3461.0,701,3462.0,983,3463.0,699,3464.0,769,3465.0,1373,3461.0
rb2410,,13:41:24.500#,3473.0,3486.0,3441.0,3647.0,3300.0,1363841,2239504.0,3456.0,1711,3457.0,893,3458.0,1370,3459.0,1678,3460.0,608,3461.0,623,3462.0,983,3463.0,699,3464.0,769,3465.0,1373,3461.0
rb2410,,13:41:25.0#,3473.0,3486.0,3441.0,3647.0,3300.0,1363849,2239508.0,3456.0,1711,3457.0,893,3458.0,1370,3459.0,1677,3460.0,617,3461.0,591,3462.0,975,3463.0,699,3464.0,769,3465.0,1373,3461.0
rb2410,,13:41:26.0#,3473.0,3486.0,3441.0,3647.0,3300.0,1364108,2239559.0,3456.0,1720,3457.0,900,3458.0,1365,3459.0,1671,3460.0,436,3461.0,550,3462.0,976,3463.0,699,3464.0,769,3465.0,1373,3461.0
rb2410,,13:41:26.500#,3473.0,3486.0,3441.0,3647.0,3300.0,1364121,2239564.0,3456.0,1720,3457.0,899,3458.0,1365,3459.0,1672,3460.0,455,3461.0,590,3462.0,976,3463.0,699,3464.0,770,3465.0,1373,3461.0
rb2410,,13:41:27.0#,3473.0,3486.0,3441.0,3647.0,3300.0,1364123,2239566.0,3456.0,1720,3457.0,890,3458.0,1414,3459.0,1650,3460.0,458,3461.0,588,3462.0,977,3463.0,699,3464.0,770,3465.0,1373,3461.0
rb2410,,13:41:27.500#,3473.0,3486.0,3441.0,3647.0,3300.0,1364124,2239567.0,3456.0,1720,3457.0,890,3458.0,1414,3459.0,1650,3460.0,526,3461.0,587,3462.0,977,3463.0,701,3464.0,770,3465.0,1373,3461.0
rb2410,,13:41:28.0#,3473.0,3486.0,3441.0,3647.0,3300.0,1364124,2239567.0,3456.0,1720,3457.0,890,3458.0,1414,3459.0,1649,3460.0,525,3461.0,590,3462.0,977,3463.0,701,3464.0,775,3465.0,1373,3461.0
rb2410,,13:41:28.500#,3473.0,3486.0,3441.0,3647.0,3300.0,1364132,2239568.0,3456.0,1719,3457.0,889,3458.0,1415,3459.0,1649,3460.0,527,3461.0,583,3462.0,977,3463.0,701,3464.0,775,3465.0,1373,3461.0
rb2410,,13:41:29.0#,3473.0,3486.0,3441.0,3647.0,3300.0,1364145,2239566.0,3456.0,1718,3457.0,889,3458.0,1397,3459.0,1649,3460.0,600,3461.0,570,3462.0,977,3463.0,701,3464.0,776,3465.0,1373,3461.0
rb2410,,13:41:30.0#,3473.0,3486.0,3441.0,3647.0,3300.0,1364151,2239562.0,3456.0,1718,3457.0,889,3458.0,1396,3459.0,1649,3460.0,604,3461.0,670,3462.0,977,3463.0,702,3464.0,790,3465.0,1375,3461.0
rb2410,,13:41:30.500#,3473.0,3486.0,3441.0,3647.0,3300.0,1364166,2239554.0,3456.0,1715,3457.0,889,3458.0,1396,3459.0,1649,3460.0,647,3461.0,674,3462.0,978,3463.0,702,3464.0,790,3465.0,1375,3460.0
rb2410,,13:41:31.0#,3473.0,3486.0,3441.0,3647.0,3300.0,1364167,2239553.0,3456.0,1715,3457.0,889,3458.0,1396,3459.0,1647,3460.0,650,3461.0,676,3462.0,979,3463.0,702,3464.0,790,3465.0,1375,3461.0
rb2410,,13:41:31.500#,3473.0,3486.0,3441.0,3647.0,3300.0,1364167,2239553.0,3456.0,1713,3457.0,889,3458.0,1398,3459.0,1642,3460.0,654,3461.0,700,3462.0,1003,3463.0,703,3464.0,791,3465.0,1375,3461.0
rb2410,,13:41:32.0#,3473.0,3486.0,3441.0,3647.0,3300.0,1364173,2239555.0,3456.0,1853,3457.0,890,3458.0,1428,3459.0,1642,3460.0,638,3461.0,685,3462.0,1003,3463.0,703,3464.0,791,3465.0,1375,3460.0
rb2410,,13:41:32.500#,3473.0,3486.0,3441.0,3647.0,3300.0,1364233,2239542.0,3456.0,1852,3457.0,890,3458.0,1429,3459.0,1641,3460.0,586,3461.0,678,3462.0,1003,3463.0,716,3464.0,791,3465.0,1375,3460.0
rb2410,,13:41:33.0#,3473.0,3486.0,3441.0,3647.0,3300.0,1364234,2239542.0,3456.0,1852,3457.0,890,3458.0,1429,3459.0,1648,3460.0,607,3461.0,682,3462.0,1003,3463.0,716,3464.0,791,3465.0,1375,3461.0
rb2410,,13:41:33.500#,3473.0,3486.0,3441.0,3647.0,3300.0,1364248,2239541.0,3456.0,1851,3457.0,889,3458.0,1430,3459.0,1647,3460.0,638,3461.0,672,3462.0,1006,3463.0,716,3464.0,791,3465.0,1374,3460.0
rb2410,,13:41:34.0#,3473.0,3486.0,3441.0,3647.0,3300.0,1364258,2239541.0,3456.0,1852,3457.0,889,3458.0,1429,3459.0,1646,3460.0,633,3461.0,678,3462.0,1006,3463.0,726,3464.0,791,3465.0,1375,3461.0
rb2410,,13:41:34.500#,3473.0,3486.0,3441.0,3647.0,3300.0,1364259,2239542.0,3456.0,1852,3457.0,887,3458.0,1429,3459.0,1614,3460.0,649,3461.0,689,3462.0,1006,3463.0,726,3464.0,791,3465.0,1375,3461.0
rb2410,,13:41:35.0#,3473.0,3486.0,3441.0,3647.0,3300.0,1364265,2239546.0,3456.0,1852,3457.0,887,3458.0,1429,3459.0,1620,3460.0,649,3461.0,684,3462.0,1006,3463.0,726,3464.0,791,3465.0,1375,3461.0
rb2410,,13:41:35.500#,3473.0,3486.0,3441.0,3647.0,3300.0,1364265,2239546.0,3456.0,1852,3457.0,887,3458.0,1429,3459.0,1620,3460.0,655,3461.0,734,3462.0,1006,3463.0,726,3464.0,791,3465.0,1373,3461.0
rb2410,,13:41:36.0#,3473.0,3486.0,3441.0,3647.0,3300.0,1364267,2239546.0,3456.0,1852,3457.0,887,3458.0,1441,3459.0,1620,3460.0,651,3461.0,745,3462.0,1007,3463.0,726,3464.0,791,3465.0,1373,3460.0
rb2410,,13:41:36.500#,3473.0,3486.0,3441.0,3647.0,3300.0,1364287,2239555.0,3456.0,1852,3457.0,887,3458.0,1442,3459.0,1596,3460.0,621,3461.0,739,3462.0,1002,3463.0,728,3464.0,792,3465.0,1373,3461.0
rb2410,,13:41:37.0#,3473.0,3486.0,3441.0,3647.0,3300.0,1364305,2239561.0,3456.0,1852,3457.0,887,3458.0,1443,3459.0,1597,3460.0,619,3461.0,722,3462.0,1002,3463.0,728,3464.0,791,3465.0,1372,3461.0
rb2410,,13:41:37.500#,3473.0,3486.0,3441.0,3647.0,3300.0,1364320,2239557.0,3456.0,1852,3457.0,887,3458.0,1444,3459.0,1605,3460.0,640,3461.0,721,3462.0,1053,3463.0,728,3464.0,791,3465.0,1382,3461.0
rb2410,,13:41:38.0#,3473.0,3486.0,3441.0,3647.0,3300.0,1364322,2239556.0,3456.0,1852,3457.0,887,3458.0,1444,3459.0,1605,3460.0,655,3461.0,722,3462.0,1058,3463.0,728,3464.0,791,3465.0,1382,3460.0
rb2410,,13:41:38.500#,3473.0,3486.0,3441.0,3647.0,3300.0,1364328,2239556.0,3456.0,1853,3457.0,888,3458.0,1444,3459.0,1605,3460.0,649,3461.0,724,3462.0,1058,3463.0,727,3464.0,796,3465.0,1382,3460.0
rb2410,,13:41:39.0#,3473.0,3486.0,3441.0,3647.0,3300.0,1364330,2239558.0,3456.0,1853,3457.0,888,3458.0,1444,3459.0,1605,3460.0,670,3461.0,730,3462.0,1058,3463.0,727,3464.0,796,3465.0,1382,3460.0
rb2410,,13:41:39.500#,3473.0,3486.0,3441.0,3647.0,3300.0,1364357,2239576.0,3456.0,1853,3457.0,888,3458.0,1444,3459.0,1605,3460.0,703,3461.0,711,3462.0,1059,3463.0,727,3464.0,796,3465.0,1382,3461.0
rb2410,,13:41:40.0#,3473.0,3486.0,3441.0,3647.0,3300.0,1364427,2239527.0,3456.0,1853,3457.0,888,3458.0,1444,3459.0,1607,3460.0,729,3461.0,641,3462.0,1059,3463.0,727,3464.0,796,3465.0,1382,3461.0
rb2410,,13:41:40.500#,3473.0,3486.0,3441.0,3647.0,3300.0,1364429,2239529.0,3456.0,1854,3457.0,888,3458.0,1444,3459.0,1607,3460.0,725,3461.0,635,3462.0,1060,3463.0,727,3464.0,796,3465.0,1382,3461.0
rb2410,,13:41:41.0#,3473.0,3486.0,3441.0,3647.0,3300.0,1364444,2239539.0,3456.0,1854,3457.0,888,3458.0,1444,3459.0,1608,3460.0,731,3461.0,622,3462.0,1116,3463.0,727,3464.0,796,3465.0,1382,3461.0
rb2410,,13:41:41.500#,3473.0,3486.0,3441.0,3647.0,3300.0,1364446,2239540.0,3456.0,1854,3457.0,888,3458.0,1445,3459.0,1603,3460.0,732,3461.0,820,3462.0,1116,3463.0,727,3464.0,798,3465.0,1382,3461.0
rb2410,,13:41:42.0#,3473.0,3486.0,3441.0,3647.0,3300.0,1364450,2239541.0,3456.0,1854,3457.0,887,3458.0,1475,3459.0,1602,3460.0,644,3461.0,856,3462.0,1116,3463.0,727,3464.0,798,3465.0,1382,3461.0
rb2410,,13:41:43.0#,3473.0,3486.0,3441.0,3647.0,3300.0,1364474,2239555.0,3456.0,1854,3457.0,881,3458.0,1475,3459.0,1602,3460.0,626,3461.0,845,3462.0,1116,3463.0,732,3464.0,799,3465.0,1382,3461.0
rb2410,,13:41:43.500#,3473.0,3486.0,3441.0,3647.0,3300.0,1364481,2239553.0,3456.0,1854,3457.0,883,3458.0,1475,3459.0,1602,3460.0,690,3461.0,840,3462.0,1116,3463.0,732,3464.0,799,3465.0,1382,3460.0
rb2410,,13:41:45.0#,3473.0,3486.0,3441.0,3647.0,3300.0,1364506,2239541.0,3456.0,1849,3457.0,881,3458.0,1475,3459.0,1602,3460.0,724,3461.0,819,3462.0,1116,3463.0,734,3464.0,799,3465.0,1382,3461.0
rb2410,,13:41:45.500#,3473.0,3486.0,3441.0,3647.0,3300.0,1364508,2239541.0,3456.0,1849,3457.0,883,3458.0,1475,3459.0,1603,3460.0,742,3461.0,817,3462.0,1115,3463.0,734,3464.0,799,3465.0,1382,3461.0
rb2410,,13:41:46.0#,3473.0,3486.0,3441.0,3647.0,3300.0,1364508,2239541.0,3456.0,1845,3457.0,883,3458.0,1475,3459.0,1604,3460.0,762,3461.0,850,3462.0,1117,3463.0,737,3464.0,799,3465.0,1382,3461.0
rb2410,,13:41:46.500#,3473.0,3486.0,3441.0,3647.0,3300.0,1364510,2239541.0,3456.0,1845,3457.0,883,3458.0,1475,3459.0,1604,3460.0,782,3461.0,854,3462.0,1117,3463.0,737,3464.0,799,3465.0,1382,3461.0
rb2410,,13:41:47.500#,3473.0,3486.0,3441.0,3647.0,3300.0,1364513,2239540.0,3456.0,1845,3457.0,883,3458.0,1475,3459.0,1603,3460.0,755,3461.0,902,3462.0,1120,3463.0,739,3464.0,799,3465.0,1382,3461.0
rb2410,,13:41:48.0#,3473.0,3486.0,3441.0,3647.0,3300.0,1364513,2239540.0,3456.0,1845,3457.0,883,3458.0,1476,3459.0,1603,3460.0,703,3461.0,902,3462.0,1120,3463.0,739,3464.0,799,3465.0,1382,3461.0
rb2410,,13:41:48.500#,3473.0,3486.0,3441.0,3647.0,3300.0,1364535,2239544.0,3456.0,1847,3457.0,883,3458.0,1476,3459.0,1604,3460.0,662,3461.0,881,3462.0,1121,3463.0,739,3464.0,799,3465.0,1382,3461.0
rb2410,,13:41:49.0#,3473.0,3486.0,3441.0,3647.0,3300.0,1364536,2239545.0,3456.0,1847,3457.0,883,3458.0,1476,3459.0,1604,3460.0,687,3461.0,876,3462.0,1121,3463.0,739,3464.0,799,3465.0,1382,3461.0
rb2410,,13:41:49.500#,3473.0,3486.0,3441.0,3647.0,3300.0,1364536,2239545.0,3456.0,1847,3457.0,883,3458.0,1476,3459.0,1600,3460.0,739,3461.0,879,3462.0,1121,3463.0,709,3464.0,799,3465.0,1382,3461.0
rb2410,,13:41:50.0#,3473.0,3486.0,3441.0,3647.0,3300.0,1364545,2239546.0,3456.0,1847,3457.0,883,3458.0,1476,3459.0,1600,3460.0,764,3461.0,879,3462.0,1122,3463.0,709,3464.0,799,3465.0,1382,3460.0
rb2410,,13:41:50.500#,3473.0,3486.0,3441.0,3647.0,3300.0,1364555,2239545.0,3456.0,1847,3457.0,883,3458.0,1476,3459.0,1602,3460.0,768,3461.0,869,3462.0,1122,3463.0,708,3464.0,799,3465.0,1382,3461.0
rb2410,,13:41:51.0#,3473.0,3486.0,3441.0,3647.0,3300.0,1364678,2239668.0,3456.0,1847,3457.0,883,3458.0,1476,3459.0,1594,3460.0,664,3461.0,875,3462.0,1122,3463.0,708,3464.0,799,3465.0,1382,3460.0
rb2410,,13:41:51.500#,3473.0,3486.0,3441.0,3647.0,3300.0,1364685,2239668.0,3456.0,1847,3457.0,883,3458.0,1476,3459.0,1594,3460.0,734,3461.0,923,3462.0,1122,3463.0,708,3464.0,799,3465.0,1382,3461.0
rb2410,,13:41:52.0#,3473.0,3486.0,3441.0,3647.0,3300.0,1364697,2239678.0,3456.0,1847,3457.0,883,3458.0,1476,3459.0,1590,3460.0,845,3461.0,923,3462.0,1122,3463.0,708,3464.0,799,3465.0,1382,3461.0
rb2410,,13:41:52.500#,3473.0,3486.0,3441.0,3647.0,3300.0,1364697,2239678.0,3456.0,1847,3457.0,883,3458.0,1476,3459.0,1590,3460.0,845,3461.0,924,3462.0,1122,3463.0,707,3464.0,799,3465.0,1379,3461.0
rb2410,,13:41:53.500#,3473.0,3486.0,3441.0,3647.0,3300.0,1364712,2239683.0,3456.0,1850,3457.0,883,3458.0,1476,3459.0,1589,3460.0,843,3461.0,912,3462.0,1122,3463.0,707,3464.0,842,3465.0,1356,3460.0
rb2410,,13:41:54.0#,3473.0,3486.0,3441.0,3647.0,3300.0,1364715,2239684.0,3456.0,1850,3457.0,883,3458.0,1475,3459.0,1590,3460.0,851,3461.0,916,3462.0,1122,3463.0,707,3464.0,842,3465.0,1356,3460.0
rb2410,,13:41:54.500#,3473.0,3486.0,3441.0,3647.0,3300.0,1364721,2239685.0,3456.0,1850,3457.0,883,3458.0,1475,3459.0,1590,3460.0,855,3461.0,911,3462.0,1122,3463.0,711,3464.0,842,3465.0,1356,3461.0
rb2410,,13:41:55.0#,3473.0,3486.0,3441.0,3647.0,3300.0,1364731,2239683.0,3456.0,1859,3457.0,883,3458.0,1475,3459.0,1590,3460.0,856,3461.0,901,3462.0,1122,3463.0,704,3464.0,843,3465.0,1356,3461.0
rb2410,,13:41:55.500#,3473.0,3486.0,3441.0,3647.0,3300.0,1364733,2239685.0,3456.0,1858,3457.0,883,3458.0,1475,3459.0,1590,3460.0,859,3461.0,905,3462.0,1122,3463.0,704,3464.0,843,3465.0,1356,3460.0
rb2410,,13:41:56.0#,3473.0,3486.0,3441.0,3647.0,3300.0,1364736,2239685.0,3456.0,1858,3457.0,903,3458.0,1475,3459.0,1590,3460.0,891,3461.0,906,3462.0,1122,3463.0,704,3464.0,843,3465.0,1356,3461.0
rb2410,,13:41:56.500#,3473.0,3486.0,3441.0,3647.0,3300.0,1364739,2239686.0,3456.0,1858,3457.0,899,3458.0,1475,3459.0,1580,3460.0,891,3461.0,903,3462.0,1132,3463.0,704,3464.0,843,3465.0,1356,3461.0
rb2410,,13:41:57.0#,3473.0,3486.0,3441.0,3647.0,3300.0,1364740,2239687.0,3456.0,1848,3457.0,899,3458.0,1475,3459.0,1590,3460.0,893,3461.0,903,3462.0,1132,3463.0,704,3464.0,843,3465.0,1356,3460.0
rb2410,,13:41:57.500#,3473.0,3486.0,3441.0,3647.0,3300.0,1364749,2239692.0,3456.0,1848,3457.0,899,3458.0,1475,3459.0,1590,3460.0,799,3461.0,907,3462.0,1132,3463.0,706,3464.0,843,3465.0,1356,3461.0
rb2410,,13:41:58.0#,3473.0,3486.0,3441.0,3647.0,3300.0,1364806,2239683.0,3456.0,1849,3457.0,900,3458.0,1475,3459.0,1540,3460.0,777,3461.0,905,3462.0,1132,3463.0,706,3464.0,843,3465.0,1356,3461.0
rb2410,,13:41:58.500#,3473.0,3486.0,3441.0,3647.0,3300.0,1364840,2239673.0,3456.0,1849,3457.0,895,3458.0,1475,3459.0,1540,3460.0,744,3461.0,927,3462.0,1132,3463.0,706,3464.0,843,3465.0,1356,3460.0
rb2410,,13:41:59.0#,3473.0,3486.0,3441.0,3647.0,3300.0,1364854,2239687.0,3456.0,1849,3457.0,896,3458.0,1475,3459.0,1540,3460.0,741,3461.0,920,3462.0,1132,3463.0,706,3464.0,843,3465.0,1356,3460.0
rb2410,,13:41:59.500#,3473.0,3486.0,3441.0,3647.0,3300.0,1365081,2239890.0,3456.0,1849,3457.0,896,3458.0,1475,3459.0,1540,3460.0,539,3461.0,917,3462.0,1132,3463.0,704,3464.0,843,3465.0,1356,3461.0
rb2410,,13:42:00.0#,3473.0,3486.0,3441.0,3647.0,3300.0,1365433,2239809.0,3456.0,1849,3457.0,886,3458.0,1475,3459.0,1541,3460.0,169,3461.0,917,3462.0,1132,3463.0,704,3464.0,843,3465.0,1356,3460.0
rb2410,,13:42:00.500#,3473.0,3486.0,3441.0,3647.0,3300.0,1365930,2239874.0,3455.0,2990,3456.0,1849,3457.0,886,3458.0,1476,3459.0,1532,3460.0,216,3461.0,923,3462.0,1191,3463.0,703,3464.0,843,3460.0
rb2410,,13:42:01.0#,3473.0,3486.0,3441.0,3647.0,3300.0,1365949,2239874.0,3455.0,2988,3456.0,1849,3457.0,886,3458.0,1475,3459.0,1488,3460.0,425,3461.0,897,3462.0,1190,3463.0,703,3464.0,843,3460.0
rb2410,,13:42:01.500#,3473.0,3486.0,3441.0,3647.0,3300.0,1365955,2239879.0,3455.0,2988,3456.0,1846,3457.0,887,3458.0,1476,3459.0,1487,3460.0,396,3461.0,894,3462.0,1190,3463.0,703,3464.0,843,3460.0
rb2410,,13:42:02.0#,3473.0,3486.0,3441.0,3647.0,3300.0,1365957,2239879.0,3455.0,2988,3456.0,1846,3457.0,887,3458.0,1476,3459.0,1556,3460.0,392,3461.0,904,3462.0,1190,3463.0,704,3464.0,842,3460.0
rb2410,,13:42:02.500#,3473.0,3486.0,3441.0,3647.0,3300.0,1366039,2239881.0,3455.0,2988,3456.0,1846,3457.0,887,3458.0,1476,3459.0,1556,3460.0,308,3461.0,900,3462.0,1190,3463.0,704,3464.0,836,3460.0
rb2410,,13:42:03.0#,3473.0,3486.0,3441.0,3647.0,3300.0,1366070,2239897.0,3455.0,2988,3456.0,1846,3457.0,888,3458.0,1477,3459.0,1551,3460.0,235,3461.0,896,3462.0,1190,3463.0,704,3464.0,838,3459.0
rb2410,,13:42:03.500#,3473.0,3486.0,3441.0,3647.0,3300.0,1366079,2239904.0,3455.0,2988,3456.0,1846,3457.0,889,3458.0,1477,3459.0,1557,3460.0,226,3461.0,897,3462.0,1191,3463.0,704,3464.0,839,3460.0
rb2410,,13:42:04.0#,3473.0,3486.0,3441.0,3647.0,3300.0,1366080,2239905.0,3455.0,2988,3456.0,1846,3457.0,889,3458.0,1477,3459.0,1558,3460.0,229,3461.0,899,3462.0,1191,3463.0,704,3464.0,839,3460.0
rb2410,,13:42:04.500#,3473.0,3486.0,3441.0,3647.0,3300.0,1366083,2239908.0,3455.0,2988,3456.0,1845,3457.0,889,3458.0,1476,3459.0,1587,3460.0,281,3461.0,899,3462.0,1191,3463.0,704,3464.0,839,3460.0
rb2410,,13:42:05.0#,3473.0,3486.0,3441.0,3647.0,3300.0,1366084,2239909.0,3455.0,2988,3456.0,1845,3457.0,889,3458.0,1476,3459.0,1587,3460.0,329,3461.0,893,3462.0,1191,3463.0,704,3464.0,839,3460.0
rb2410,,13:42:05.500#,3473.0,3486.0,3441.0,3647.0,3300.0,1366085,2239910.0,3455.0,2988,3456.0,1845,3457.0,889,3458.0,1476,3459.0,1587,3460.0,393,3461.0,895,3462.0,1188,3463.0,705,3464.0,839,3460.0
rb2410,,13:42:06.0#,3473.0,3486.0,3441.0,3647.0,3300.0,1366094,2239915.0,3455.0,2988,3456.0,1846,3457.0,889,3458.0,1473,3459.0,1587,3460.0,419,3461.0,895,3462.0,1188,3463.0,705,3464.0,839,3460.0
rb2410,,13:42:06.500#,3473.0,3486.0,3441.0,3647.0,3300.0,1366099,2239915.0,3455.0,2988,3456.0,1846,3457.0,890,3458.0,1474,3459.0,1585,3460.0,415,3461.0,895,3462.0,1188,3463.0,705,3464.0,839,3460.0
rb2410,,13:42:07.0#,3473.0,3486.0,3441.0,3647.0,3300.0,1366111,2239908.0,3455.0,2988,3456.0,1847,3457.0,889,3458.0,1474,3459.0,1579,3460.0,411,3461.0,902,3462.0,1190,3463.0,713,3464.0,839,3460.0
rb2410,,13:42:07.500#,3473.0,3486.0,3441.0,3647.0,3300.0,1366111,2239908.0,3455.0,2988,3456.0,1847,3457.0,889,3458.0,1475,3459.0,1579,3460.0,423,3461.0,902,3462.0,1190,3463.0,713,3464.0,839,3460.0
rb2410,,13:42:08.0#,3473.0,3486.0,3441.0,3647.0,3300.0,1366111,2239908.0,3455.0,2988,3456.0,1847,3457.0,889,3458.0,1475,3459.0,1580,3460.0,625,3461.0,698,3462.0,1190,3463.0,713,3464.0,839,3460.0
rb2410,,13:42:08.500#,3473.0,3486.0,3441.0,3647.0,3300.0,1366112,2239908.0,3455.0,2990,3456.0,1846,3457.0,889,3458.0,1475,3459.0,1579,3460.0,777,3461.0,697,3462.0,1040,3463.0,713,3464.0,839,3460.0
rb2410,,13:42:09.0#,3473.0,3486.0,3441.0,3647.0,3300.0,1366114,2239908.0,3455.0,2990,3456.0,1846,3457.0,889,3458.0,1481,3459.0,1554,3460.0,796,3461.0,698,3462.0,1040,3463.0,713,3464.0,838,3460.0
rb2410,,13:42:09.500#,3473.0,3486.0,3441.0,3647.0,3300.0,1366120,2239914.0,3455.0,2990,3456.0,1846,3457.0,889,3458.0,1481,3459.0,1298,3460.0,798,3461.0,698,3462.0,1041,3463.0,713,3464.0,838,3460.0
rb2410,,13:42:10.0#,3473.0,3486.0,3441.0,3647.0,3300.0,1366125,2239919.0,3455.0,2990,3456.0,1846,3457.0,888,3458.0,1481,3459.0,1296,3460.0,895,3461.0,701,3462.0,1041,3463.0,713,3464.0,838,3460.0
rb2410,,13:42:10.500#,3473.0,3486.0,3441.0,3647.0,3300.0,1366129,2239921.0,3455.0,2990,3456.0,1847,3457.0,889,3458.0,1480,3459.0,1294,3460.0,944,3461.0,701,3462.0,1041,3463.0,713,3464.0,838,3460.0
rb2410,,13:42:12.0#,3473.0,3486.0,3441.0,3647.0,3300.0,1366147,2239925.0,3455.0,2990,3456.0,1851,3457.0,889,3458.0,1491,3459.0,1293,3460.0,967,3461.0,695,3462.0,1039,3463.0,712,3464.0,838,3460.0
rb2410,,13:42:12.500#,3473.0,3486.0,3441.0,3647.0,3300.0,1366188,2239913.0,3455.0,2990,3456.0,1851,3457.0,889,3458.0,1491,3459.0,1297,3460.0,960,3461.0,695,3462.0,1039,3463.0,712,3464.0,838,3459.0
rb2410,,13:42:13.500#,3473.0,3486.0,3441.0,3647.0,3300.0,1366191,2239911.0,3455.0,2990,3456.0,1851,3457.0,910,3458.0,1490,3459.0,1309,3460.0,1017,3461.0,697,3462.0,1055,3463.0,711,3464.0,837,3459.0
rb2410,,13:42:14.0#,3473.0,3486.0,3441.0,3647.0,3300.0,1366194,2239912.0,3455.0,2991,3456.0,1851,3457.0,909,3458.0,1490,3459.0,1251,3460.0,1015,3461.0,700,3462.0,1055,3463.0,712,3464.0,837,3460.0
rb2410,,13:42:14.500#,3473.0,3486.0,3441.0,3647.0,3300.0,1366197,2239910.0,3455.0,2991,3456.0,1852,3457.0,909,3458.0,1490,3459.0,1248,3460.0,1016,3461.0,701,3462.0,1055,3463.0,713,3464.0,837,3459.0
rb2410,,13:42:15.500#,3473.0,3486.0,3441.0,3647.0,3300.0,1367179,2240278.0,3455.0,2991,3456.0,1852,3457.0,909,3458.0,1492,3459.0,258,3460.0,1084,3461.0,674,3462.0,1054,3463.0,714,3464.0,837,3460.0
rb2410,,13:42:16.0#,3473.0,3486.0,3441.0,3647.0,3300.0,1367439,2240418.0,3454.0,1020,3455.0,2991,3456.0,1852,3457.0,909,3458.0,1486,3459.0,1206,3460.0,1089,3461.0,674,3462.0,1054,3463.0,715,3458.0
rb2410,,13:42:16.500#,3473.0,3486.0,3441.0,3647.0,3300.0,1367453,2240432.0,3454.0,980,3455.0,2981,3456.0,1852,3457.0,912,3458.0,1359,3459.0,1246,3460.0,1021,3461.0,723,3462.0,1054,3463.0,715,3459.0
rb2410,,13:42:17.0#,3473.0,3486.0,3441.0,3647.0,3300.0,1367470,2240443.0,3454.0,980,3455.0,2981,3456.0,1852,3457.0,912,3458.0,1355,3459.0,1333,3460.0,1021,3461.0,722,3462.0,1055,3463.0,715,3458.0
rb2410,,13:42:17.500#,3473.0,3486.0,3441.0,3647.0,3300.0,1367571,2240393.0,3454.0,980,3455.0,2981,3456.0,1852,3457.0,911,3458.0,1254,3459.0,1335,3460.0,1021,3461.0,722,3462.0,1055,3463.0,715,3458.0
rb2410,,13:42:18.0#,3473.0,3486.0,3441.0,3647.0,3300.0,1367574,2240391.0,3454.0,980,3455.0,2981,3456.0,1854,3457.0,907,3458.0,1249,3459.0,1328,3460.0,1022,3461.0,722,3462.0,1055,3463.0,715,3458.0
rb2410,,13:42:19.0#,3473.0,3486.0,3441.0,3647.0,3300.0,1367581,2240392.0,3454.0,980,3455.0,2981,3456.0,1854,3457.0,907,3458.0,1254,3459.0,1344,3460.0,1038,3461.0,707,3462.0,1056,3463.0,716,3459.0
rb2410,,13:42:19.500#,3473.0,3486.0,3441.0,3647.0,3300.0,1367584,2240392.0,3454.0,980,3455.0,2981,3456.0,1854,3457.0,937,3458.0,1222,3459.0,1344,3460.0,1039,3461.0,707,3462.0,1056,3463.0,716,3459.0
rb2410,,13:42:22.0#,3473.0,3486.0,3441.0,3647.0,3300.0,1367628,2240375.0,3454.0,980,3455.0,2981,3456.0,1848,3457.0,937,3458.0,1352,3459.0,604,3460.0,1048,3461.0,616,3462.0,1098,3463.0,716,3458.0
rb2410,,13:42:23.0#,3473.0,3486.0,3441.0,3647.0,3300.0,1367668,2240399.0,3454.0,979,3455.0,2985,3456.0,1807,3457.0,938,3458.0,1237,3459.0,603,3460.0,1048,3461.0,617,3462.0,1100,3463.0,715,3458.0
rb2410,,13:42:23.500#,3473.0,3486.0,3441.0,3647.0,3300.0,1367680,2240411.0,3454.0,979,3455.0,2985,3456.0,1807,3457.0,937,3458.0,1237,3459.0,592,3460.0,1049,3461.0,611,3462.0,1100,3463.0,715,3459.0
rb2410,,13:42:24.0#,3473.0,3486.0,3441.0,3647.0,3300.0,1367715,2240446.0,3454.0,979,3455.0,2985,3456.0,1807,3457.0,941,3458.0,1238,3459.0,560,3460.0,1048,3461.0,611,3462.0,1100,3463.0,715,3459.0
rb2410,,13:42:24.500#,3473.0,3486.0,3441.0,3647.0,3300.0,1367715,2240446.0,3454.0,978,3455.0,2985,3456.0,1807,3457.0,941,3458.0,1239,3459.0,509,3460.0,1046,3461.0,673,3462.0,1101,3463.0,715,3459.0
rb2410,,13:42:25.0#,3473.0,3486.0,3441.0,3647.0,3300.0,1367715,2240446.0,3454.0,978,3455.0,2985,3456.0,1806,3457.0,949,3458.0,1251,3459.0,411,3460.0,1045,3461.0,670,3462.0,1106,3463.0,714,3459.0
rb2410,,13:42:25.500#,3473.0,3486.0,3441.0,3647.0,3300.0,1367727,2240446.0,3454.0,978,3455.0,2985,3456.0,1806,3457.0,950,3458.0,1253,3459.0,403,3460.0,1046,3461.0,669,3462.0,1106,3463.0,714,3459.0
rb2410,,13:42:26.0#,3473.0,3486.0,3441.0,3647.0,3300.0,1367734,2240451.0,3454.0,978,3455.0,2985,3456.0,1805,3457.0,950,3458.0,1251,3459.0,399,3460.0,1047,3461.0,667,3462.0,1106,3463.0,714,3459.0
rb2410,,13:42:26.500#,3473.0,3486.0,3441.0,3647.0,3300.0,1367734,2240451.0,3454.0,978,3455.0,2985,3456.0,1805,3457.0,957,3458.0,1253,3459.0,400,3460.0,1047,3461.0,667,3462.0,1106,3463.0,714,3459.0
rb2410,,13:42:27.0#,3473.0,3486.0,3441.0,3647.0,3300.0,1367736,2240453.0,3454.0,978,3455.0,2985,3456.0,1806,3457.0,962,3458.0,1255,3459.0,395,3460.0,1047,3461.0,664,3462.0,1106,3463.0,714,3459.0
rb2410,,13:42:30.500#,3473.0,3486.0,3441.0,3647.0,3300.0,1367774,2240465.0,3454.0,982,3455.0,2987,3456.0,1817,3457.0,964,3458.0,1549,3459.0,402,3460.0,1048,3461.0,663,3462.0,1105,3463.0,715,3459.0
rb2410,,13:42:31.0#,3473.0,3486.0,3441.0,3647.0,3300.0,1368180,2240246.0,3455.0,3007,3456.0,1817,3457.0,963,3458.0,1550,3459.0,122,3460.0,993,3461.0,655,3462.0,1105,3463.0,715,3464.0,783,3459.0
rb2410,,13:42:31.500#,3473.0,3486.0,3441.0,3647.0,3300.0,1368228,2240294.0,3455.0,3006,3456.0,1817,3457.0,964,3458.0,1594,3459.0,781,3460.0,955,3461.0,655,3462.0,1105,3463.0,715,3464.0,783,3459.0
rb2410,,13:42:32.0#,3473.0,3486.0,3441.0,3647.0,3300.0,1368235,2240300.0,3455.0,3006,3456.0,1817,3457.0,944,3458.0,1595,3459.0,784,3460.0,805,3461.0,656,3462.0,1105,3463.0,715,3464.0,783,3459.0
rb2410,,13:42:32.500#,3473.0,3486.0,3441.0,3647.0,3300.0,1368239,2240304.0,3455.0,3006,3456.0,1817,3457.0,944,3458.0,1595,3459.0,781,3460.0,771,3461.0,656,3462.0,1105,3463.0,715,3464.0,783,3459.0
rb2410,,13:42:33.0#,3473.0,3486.0,3441.0,3647.0,3300.0,1368242,2240307.0,3455.0,3006,3456.0,1817,3457.0,945,3458.0,1598,3459.0,778,3460.0,772,3461.0,656,3462.0,1104,3463.0,715,3464.0,783,3459.0
rb2410,,13:42:33.500#,3473.0,3486.0,3441.0,3647.0,3300.0,1368243,2240307.0,3455.0,3006,3456.0,1817,3457.0,946,3458.0,1598,3459.0,789,3460.0,764,3461.0,656,3462.0,1104,3463.0,715,3464.0,783,3459.0
rb2410,,13:42:34.0#,3473.0,3486.0,3441.0,3647.0,3300.0,1368243,2240307.0,3455.0,3006,3456.0,1817,3457.0,946,3458.0,1598,3459.0,790,3460.0,764,3461.0,657,3462.0,1104,3463.0,715,3464.0,783,3459.0
rb2410,,13:42:34.500#,3473.0,3486.0,3441.0,3647.0,3300.0,1368244,2240308.0,3455.0,3007,3456.0,1818,3457.0,947,3458.0,1598,3459.0,803,3460.0,820,3461.0,657,3462.0,1104,3463.0,717,3464.0,783,3460.0
rb2410,,13:42:35.0#,3473.0,3486.0,3441.0,3647.0,3300.0,1368271,2240295.0,3455.0,3007,3456.0,1818,3457.0,947,3458.0,1599,3459.0,779,3460.0,817,3461.0,657,3462.0,1104,3463.0,718,3464.0,783,3460.0
rb2410,,13:42:35.500#,3473.0,3486.0,3441.0,3647.0,3300.0,1368272,2240295.0,3455.0,3007,3456.0,1819,3457.0,947,3458.0,1601,3459.0,787,3460.0,817,3461.0,654,3462.0,1104,3463.0,717,3464.0,783,3460.0
rb2410,,13:42:36.0#,3473.0,3486.0,3441.0,3647.0,3300.0,1368315,2240268.0,3455.0,3009,3456.0,1818,3457.0,956,3458.0,1601,3459.0,756,3460.0,811,3461.0,654,3462.0,1104,3463.0,717,3464.0,783,3460.0
rb2410,,13:42:36.500#,3473.0,3486.0,3441.0,3647.0,3300.0,1368325,2240276.0,3455.0,3009,3456.0,1819,3457.0,956,3458.0,1601,3459.0,746,3460.0,814,3461.0,642,3462.0,1094,3463.0,717,3464.0,783,3459.0
rb2410,,13:42:37.0#,3473.0,3486.0,3441.0,3647.0,3300.0,1368328,2240278.0,3455.0,3009,3456.0,1819,3457.0,956,3458.0,1603,3459.0,745,3460.0,815,3461.0,642,3462.0,1094,3463.0,717,3464.0,783,3459.0
rb2410,,13:42:37.500#,3473.0,3486.0,3441.0,3647.0,3300.0,1368329,2240279.0,3455.0,3010,3456.0,1820,3457.0,956,3458.0,1608,3459.0,725,3460.0,817,3461.0,642,3462.0,1094,3463.0,717,3464.0,783,3459.0
rb2410,,13:42:38.0#,3473.0,3486.0,3441.0,3647.0,3300.0,1368329,2240279.0,3455.0,3010,3456.0,1820,3457.0,956,3458.0,1609,3459.0,726,3460.0,828,3461.0,642,3462.0,1094,3463.0,717,3464.0,783,3459.0
rb2410,,13:42:38.500#,3473.0,3486.0,3441.0,3647.0,3300.0,1368330,2240279.0,3455.0,3010,3456.0,1820,3457.0,956,3458.0,1609,3459.0,726,3460.0,827,3461.0,642,3462.0,1092,3463.0,717,3464.0,783,3460.0
rb2410,,13:42:39.0#,3473.0,3486.0,3441.0,3647.0,3300.0,1368330,2240279.0,3455.0,3011,3456.0,1819,3457.0,956,3458.0,1609,3459.0,728,3460.0,827,3461.0,641,3462.0,1092,3463.0,717,3464.0,783,3460.0
rb2410,,13:42:39.500#,3473.0,3486.0,3441.0,3647.0,3300.0,1368332,2240277.0,3455.0,3012,3456.0,1816,3457.0,956,3458.0,1612,3459.0,720,3460.0,826,3461.0,641,3462.0,1092,3463.0,717,3464.0,783,3460.0
rb2410,,13:42:40.0#,3473.0,3486.0,3441.0,3647.0,3300.0,1368333,2240277.0,3455.0,3012,3456.0,1816,3457.0,956,3458.0,1613,3459.0,720,3460.0,827,3461.0,641,3462.0,1085,3463.0,707,3464.0,783,3460.0
rb2410,,13:42:40.500#,3473.0,3486.0,3441.0,3647.0,3300.0,1368333,2240277.0,3455.0,3012,3456.0,1816,3457.0,956,3458.0,1615,3459.0,712,3460.0,827,3461.0,642,3462.0,1085,3463.0,707,3464.0,793,3460.0
rb2410,,13:42:41.0#,3473.0,3486.0,3441.0,3647.0,3300.0,1368338,2240278.0,3455.0,3012,3456.0,1816,3457.0,956,3458.0,1615,3459.0,1001,3460.0,824,3461.0,642,3462.0,1085,3463.0,707,3464.0,793,3460.0
rb2410,,13:42:41.500#,3473.0,3486.0,3441.0,3647.0,3300.0,1368339,2240279.0,3455.0,3012,3456.0,1806,3457.0,956,3458.0,1616,3459.0,1003,3460.0,827,3461.0,640,3462.0,1085,3463.0,707,3464.0,793,3459.0
rb2410,,13:42:42.0#,3473.0,3486.0,3441.0,3647.0,3300.0,1368340,2240280.0,3455.0,3012,3456.0,1793,3457.0,959,3458.0,1616,3459.0,1008,3460.0,828,3461.0,640,3462.0,1085,3463.0,707,3464.0,793,3459.0
rb2410,,13:42:42.500#,3473.0,3486.0,3441.0,3647.0,3300.0,1368412,2240291.0,3455.0,3012,3456.0,1792,3457.0,959,3458.0,1615,3459.0,943,3460.0,819,3461.0,634,3462.0,1085,3463.0,707,3464.0,793,3460.0
rb2410,,13:42:43.0#,3473.0,3486.0,3441.0,3647.0,3300.0,1368523,2240203.0,3455.0,3012,3456.0,1792,3457.0,959,3458.0,1616,3459.0,880,3460.0,708,3461.0,636,3462.0,1084,3463.0,707,3464.0,793,3460.0
rb2410,,13:42:43.500#,3473.0,3486.0,3441.0,3647.0,3300.0,1368576,2240227.0,3455.0,3012,3456.0,1791,3457.0,958,3458.0,1616,3459.0,878,3460.0,658,3461.0,636,3462.0,1084,3463.0,707,3464.0,793,3460.0
rb2410,,13:42:44.0#,3473.0,3486.0,3441.0,3647.0,3300.0,1368633,2240188.0,3455.0,3012,3456.0,1791,3457.0,961,3458.0,1616,3459.0,766,3460.0,740,3461.0,637,3462.0,1084,3463.0,707,3464.0,793,3459.0
rb2410,,13:42:44.500#,3473.0,3486.0,3441.0,3647.0,3300.0,1368651,2240174.0,3455.0,3012,3456.0,1791,3457.0,962,3458.0,1618,3459.0,390,3460.0,830,3461.0,638,3462.0,1084,3463.0,707,3464.0,793,3459.0
rb2410,,13:42:45.0#,3473.0,3486.0,3441.0,3647.0,3300.0,1368656,2240169.0,3455.0,3012,3456.0,1791,3457.0,955,3458.0,1618,3459.0,446,3460.0,832,3461.0,638,3462.0,1084,3463.0,707,3464.0,793,3459.0
rb2410,,13:42:45.500#,3473.0,3486.0,3441.0,3647.0,3300.0,1368678,2240169.0,3455.0,3012,3456.0,1791,3457.0,955,3458.0,1618,3459.0,521,3460.0,830,3461.0,640,3462.0,1084,3463.0,707,3464.0,793,3459.0
rb2410,,13:42:46.0#,3473.0,3486.0,3441.0,3647.0,3300.0,1368684,2240171.0,3455.0,3013,3456.0,1791,3457.0,949,3458.0,1618,3459.0,521,3460.0,828,3461.0,640,3462.0,1084,3463.0,707,3464.0,793,3459.0
rb2410,,13:42:46.500#,3473.0,3486.0,3441.0,3647.0,3300.0,1368690,2240171.0,3455.0,3013,3456.0,1791,3457.0,950,3458.0,1618,3459.0,520,3460.0,824,3461.0,640,3462.0,1084,3463.0,707,3464.0,793,3459.0
rb2410,,13:42:47.0#,3473.0,3486.0,3441.0,3647.0,3300.0,1368699,2240172.0,3455.0,3013,3456.0,1791,3457.0,950,3458.0,1618,3459.0,516,3460.0,819,3461.0,640,3462.0,1085,3463.0,707,3464.0,793,3460.0
rb2410,,13:42:47.500#,3473.0,3486.0,3441.0,3647.0,3300.0,1368727,2240172.0,3455.0,3013,3456.0,1791,3457.0,950,3458.0,1613,3459.0,525,3460.0,794,3461.0,641,3462.0,1085,3463.0,707,3464.0,798,3459.0
rb2410,,13:42:48.0#,3473.0,3486.0,3441.0,3647.0,3300.0,1368729,2240172.0,3455.0,3013,3456.0,1791,3457.0,950,3458.0,1613,3459.0,548,3460.0,793,3461.0,641,3462.0,1085,3463.0,707,3464.0,798,3460.0
rb2410,,13:42:48.500#,3473.0,3486.0,3441.0,3647.0,3300.0,1368731,2240173.0,3455.0,3013,3456.0,1791,3457.0,950,3458.0,1614,3459.0,547,3460.0,792,3461.0,642,3462.0,1085,3463.0,707,3464.0,798,3460.0
rb2410,,13:42:49.0#,3473.0,3486.0,3441.0,3647.0,3300.0,1369033,2240191.0,3455.0,3013,3456.0,1791,3457.0,950,3458.0,1616,3459.0,253,3460.0,793,3461.0,642,3462.0,1085,3463.0,707,3464.0,798,3459.0
rb2410,,13:42:49.500#,3473.0,3486.0,3441.0,3647.0,3300.0,1369171,2240286.0,3454.0,999,3455.0,3013,3456.0,1791,3457.0,940,3458.0,1616,3459.0,72,3460.0,797,3461.0,642,3462.0,1085,3463.0,707,3459.0
rb2410,,13:42:50.0#,3473.0,3486.0,3441.0,3647.0,3300.0,1369173,2240284.0,3454.0,999,3455.0,3013,3456.0,1791,3457.0,940,3458.0,1580,3459.0,170,3460.0,846,3461.0,648,3462.0,1085,3463.0,707,3459.0
rb2410,,13:42:50.500#,3473.0,3486.0,3441.0,3647.0,3300.0,1369176,2240283.0,3454.0,999,3455.0,3013,3456.0,1790,3457.0,941,3458.0,1582,3459.0,173,3460.0,848,3461.0,647,3462.0,1085,3463.0,707,3459.0
rb2410,,13:42:51.0#,3473.0,3486.0,3441.0,3647.0,3300.0,1369182,2240282.0,3454.0,999,3455.0,3013,3456.0,1791,3457.0,939,3458.0,1578,3459.0,167,3460.0,850,3461.0,647,3462.0,1085,3463.0,707,3459.0
rb2410,,13:42:51.500#,3473.0,3486.0,3441.0,3647.0,3300.0,1369319,2240192.0,3455.0,3013,3456.0,1791,3457.0,939,3458.0,1578,3459.0,52,3460.0,849,3461.0,648,3462.0,1085,3463.0,707,3464.0,798,3460.0
rb2410,,13:42:52.0#,3473.0,3486.0,3441.0,3647.0,3300.0,1369378,2240201.0,3455.0,3013,3456.0,1791,3457.0,939,3458.0,1612,3459.0,3,3460.0,753,3461.0,648,3462.0,1085,3463.0,708,3464.0,798,3459.0
rb2410,,13:42:52.500#,3473.0,3486.0,3441.0,3647.0,3300.0,1369379,2240202.0,3455.0,3013,3456.0,1791,3457.0,939,3458.0,1612,3459.0,11,3460.0,755,3461.0,647,3462.0,1085,3463.0,708,3464.0,798,3459.0
rb2410,,13:42:53.0#,3473.0,3486.0,3441.0,3647.0,3300.0,1369380,2240203.0,3455.0,3013,3456.0,1791,3457.0,939,3458.0,1612,3459.0,10,3460.0,755,3461.0,647,3462.0,1085,3463.0,708,3464.0,798,3459.0
rb2410,,13:42:53.500#,3473.0,3486.0,3441.0,3647.0,3300.0,1369383,2240202.0,3455.0,3013,3456.0,1791,3457.0,940,3458.0,1612,3459.0,10,3460.0,754,3461.0,647,3462.0,1085,3463.0,708,3464.0,798,3459.0
rb2410,,13:42:54.0#,3473.0,3486.0,3441.0,3647.0,3300.0,1369385,2240202.0,3455.0,3013,3456.0,1791,3457.0,941,3458.0,1611,3459.0,8,3460.0,760,3461.0,652,3462.0,1085,3463.0,708,3464.0,798,3459.0
rb2410,,13:42:54.500#,3473.0,3486.0,3441.0,3647.0,3300.0,1369386,2240202.0,3455.0,3013,3456.0,1792,3457.0,941,3458.0,1611,3459.0,7,3460.0,761,3461.0,651,3462.0,1085,3463.0,708,3464.0,798,3459.0
rb2410,,13:42:55.0#,3473.0,3486.0,3441.0,3647.0,3300.0,1369389,2240200.0,3455.0,3013,3456.0,1794,3457.0,941,3458.0,1611,3459.0,6,3460.0,762,3461.0,651,3462.0,1085,3463.0,708,3464.0,798,3459.0
rb2410,,13:42:55.500#,3473.0,3486.0,3441.0,3647.0,3300.0,1369402,2240191.0,3455.0,3013,3456.0,1794,3457.0,941,3458.0,1612,3459.0,1,3460.0,763,3461.0,650,3462.0,1085,3463.0,708,3464.0,797,3459.0
rb2410,,13:42:56.0#,3473.0,3486.0,3441.0,3647.0,3300.0,1369403,2240191.0,3455.0,3013,3456.0,1794,3457.0,942,3458.0,1617,3459.0,1,3460.0,804,3461.0,650,3462.0,1085,3463.0,708,3464.0,797,3459.0
rb2410,,13:42:56.500#,3473.0,3486.0,3441.0,3647.0,3300.0,1369412,2240192.0,3454.0,999,3455.0,3013,3456.0,1794,3457.0,940,3458.0,1618,3460.0,804,3461.0,650,3462.0,1084,3463.0,708,3464.0,797,3458.0
rb2410,,13:42:57.0#,3473.0,3486.0,3441.0,3647.0,3300.0,1369422,2240182.0,3455.0,3013,3456.0,1797,3457.0,940,3458.0,1571,3459.0,8,3460.0,703,3461.0,657,3462.0,1082,3463.0,708,3464.0,797,3460.0
rb2410,,13:42:57.500#,3473.0,3486.0,3441.0,3647.0,3300.0,1369423,2240182.0,3455.0,3013,3456.0,1797,3457.0,940,3458.0,1613,3459.0,111,3460.0,696,3461.0,657,3462.0,1082,3463.0,708,3464.0,797,3460.0
rb2410,,13:42:58.0#,3473.0,3486.0,3441.0,3647.0,3300.0,1369423,2240182.0,3455.0,3013,3456.0,1798,3457.0,940,3458.0,1863,3459.0,139,3460.0,698,3461.0,657,3462.0,1082,3463.0,708,3464.0,797,3460.0
rb2410,,13:42:58.500#,3473.0,3486.0,3441.0,3647.0,3300.0,1369423,2240182.0,3455.0,3013,3456.0,1798,3457.0,941,3458.0,1865,3459.0,342,3460.0,696,3461.0,657,3462.0,1082,3463.0,708,3464.0,797,3460.0
rb2410,,13:42:59.0#,3473.0,3486.0,3441.0,3647.0,3300.0,1369424,2240181.0,3455.0,3013,3456.0,1798,3457.0,941,3458.0,1865,3459.0,414,3460.0,697,3461.0,658,3462.0,1082,3463.0,708,3464.0,797,3459.0
rb2410,,13:42:59.500#,3473.0,3486.0,3441.0,3647.0,3300.0,1369424,2240181.0,3455.0,3013,3456.0,1798,3457.0,941,3458.0,1865,3459.0,415,3460.0,709,3461.0,658,3462.0,1082,3463.0,708,3464.0,797,3459.0
rb2410,,13:43:00.0#,3473.0,3486.0,3441.0,3647.0,3300.0,1369426,2240181.0,3455.0,3013,3456.0,1800,3457.0,941,3458.0,1875,3459.0,415,3460.0,707,3461.0,655,3462.0,1082,3463.0,708,3464.0,797,3460.0
rb2410,,13:43:00.500#,3473.0,3486.0,3441.0,3647.0,3300.0,1369427,2240181.0,3455.0,3013,3456.0,1798,3457.0,940,3458.0,1880,3459.0,417,3460.0,706,3461.0,655,3462.0,1082,3463.0,708,3464.0,797,3460.0
rb2410,,13:43:01.0#,3473.0,3486.0,3441.0,3647.0,3300.0,1369471,2240181.0,3455.0,3013,3456.0,1798,3457.0,940,3458.0,1880,3459.0,418,3460.0,667,3461.0,655,3462.0,1082,3463.0,708,3464.0,797,3460.0
rb2410,,13:43:01.500#,3473.0,3486.0,3441.0,3647.0,3300.0,1369573,2240220.0,3455.0,3015,3456.0,1798,3457.0,940,3458.0,1882,3459.0,500,3460.0,566,3461.0,655,3462.0,1082,3463.0,708,3464.0,797,3460.0
rb2410,,13:43:02.0#,3473.0,3486.0,3441.0,3647.0,3300.0,1369574,2240221.0,3455.0,3015,3456.0,1798,3457.0,942,3458.0,1884,3459.0,576,3460.0,548,3461.0,655,3462.0,1082,3463.0,708,3464.0,797,3459.0
rb2410,,13:43:02.500#,3473.0,3486.0,3441.0,3647.0,3300.0,1369577,2240222.0,3455.0,3015,3456.0,1798,3457.0,941,3458.0,1885,3459.0,621,3460.0,549,3461.0,654,3462.0,1083,3463.0,708,3464.0,797,3459.0
rb2410,,13:43:03.0#,3473.0,3486.0,3441.0,3647.0,3300.0,1369584,2240229.0,3455.0,3015,3456.0,1797,3457.0,941,3458.0,1886,3459.0,621,3460.0,549,3461.0,654,3462.0,1083,3463.0,708,3464.0,797,3460.0
rb2410,,13:43:03.500#,3473.0,3486.0,3441.0,3647.0,3300.0,1369584,2240229.0,3455.0,3015,3456.0,1797,3457.0,941,3458.0,1885,3459.0,619,3460.0,553,3461.0,654,3462.0,1083,3463.0,708,3464.0,800,3460.0
rb2410,,13:43:04.0#,3473.0,3486.0,3441.0,3647.0,3300.0,1369584,2240229.0,3455.0,3015,3456.0,1797,3457.0,941,3458.0,1878,3459.0,618,3460.0,553,3461.0,654,3462.0,1083,3463.0,708,3464.0,800,3460.0
rb2410,,13:43:04.500#,3473.0,3486.0,3441.0,3647.0,3300.0,1369584,2240229.0,3455.0,3015,3456.0,1797,3457.0,941,3458.0,1878,3459.0,627,3460.0,554,3461.0,654,3462.0,1083,3463.0,708,3464.0,800,3460.0
