InstrumentId,ExchangeId,Datetime,OpenPrice,HighestPrice,LowestPrice,UpperLimitPrice,LowerLimitPrice,Volume,OpenInterest,BidPrice5,BidVolume5,BidPrice4,BidVolume4,BidPrice3,BidVolume3,BidPrice2,BidVolume2,BidPrice1,BidVolume1,AskPrice1,AskVolume1,AskPrice2,AskVolume2,AskPrice3,AskVolume3,AskPrice4,AskVolume4,AskPrice5,AskVolume5,LastPrice
RM408,,13:38:44.0#,2509.0,2515.0,2469.0,2636.0,2336.0,1529,8764,2483.0,2,2484.0,12,2485.0,2,2487.0,1,2490.0,5,2491.0,6,2493.0,1,2494.0,1,2496.0,13,2498.0,2,2493.0
RM408,,13:38:44.750#,2509.0,2515.0,2469.0,2636.0,2336.0,1529,8764,2483.0,2,2484.0,12,2485.0,2,2487.0,1,2490.0,10,2491.0,6,2493.0,1,2494.0,1,2496.0,13,2498.0,2,2493.0
RM408,,13:38:45.0#,2509.0,2515.0,2469.0,2636.0,2336.0,1529,8764,2483.0,2,2484.0,12,2485.0,2,2487.0,1,2490.0,5,2491.0,6,2493.0,1,2494.0,1,2496.0,13,2498.0,2,2493.0
RM408,,13:38:46.500#,2509.0,2515.0,2469.0,2636.0,2336.0,1529,8764,2483.0,2,2484.0,12,2485.0,2,2487.0,1,2490.0,10,2491.0,6,2493.0,1,2494.0,1,2496.0,13,2498.0,2,2493.0
RM408,,13:38:46.750#,2509.0,2515.0,2469.0,2636.0,2336.0,1529,8764,2483.0,2,2484.0,12,2485.0,2,2487.0,1,2490.0,5,2491.0,6,2493.0,1,2494.0,1,2496.0,13,2498.0,2,2493.0
RM408,,13:38:47.250#,2509.0,2515.0,2469.0,2636.0,2336.0,1529,8764,2483.0,2,2484.0,12,2485.0,2,2487.0,1,2490.0,4,2491.0,6,2493.0,1,2494.0,1,2496.0,13,2498.0,2,2493.0
RM408,,13:38:50.0#,2509.0,2515.0,2469.0,2636.0,2336.0,1529,8764,2483.0,2,2484.0,12,2485.0,2,2487.0,1,2490.0,9,2491.0,6,2493.0,1,2494.0,1,2496.0,13,2498.0,2,2493.0
RM408,,13:38:50.250#,2509.0,2515.0,2469.0,2636.0,2336.0,1529,8764,2483.0,2,2484.0,12,2485.0,2,2487.0,1,2490.0,4,2491.0,6,2493.0,1,2494.0,1,2496.0,13,2498.0,2,2493.0
RM408,,13:38:50.500#,2509.0,2515.0,2469.0,2636.0,2336.0,1529,8764,2483.0,2,2484.0,12,2485.0,2,2487.0,1,2489.0,42,2491.0,6,2493.0,1,2494.0,1,2496.0,13,2498.0,2,2493.0
RM408,,13:38:52.0#,2509.0,2515.0,2469.0,2636.0,2336.0,1529,8764,2483.0,2,2484.0,12,2485.0,2,2487.0,1,2490.0,6,2491.0,6,2493.0,1,2494.0,1,2496.0,13,2498.0,2,2493.0
RM408,,13:38:53.250#,2509.0,2515.0,2469.0,2636.0,2336.0,1529,8764,2483.0,2,2484.0,12,2485.0,2,2487.0,1,2490.0,2,2491.0,6,2493.0,1,2494.0,1,2496.0,13,2498.0,2,2493.0
RM408,,13:38:53.500#,2509.0,2515.0,2469.0,2636.0,2336.0,1529,8764,2483.0,2,2484.0,12,2485.0,2,2487.0,1,2490.0,1,2491.0,6,2493.0,1,2494.0,1,2496.0,13,2498.0,2,2493.0
RM408,,13:38:53.750#,2509.0,2515.0,2469.0,2636.0,2336.0,1529,8764,2483.0,2,2484.0,12,2485.0,2,2487.0,1,2490.0,2,2491.0,6,2493.0,1,2494.0,1,2496.0,13,2498.0,2,2493.0
RM408,,13:38:54.250#,2509.0,2515.0,2469.0,2636.0,2336.0,1529,8764,2483.0,2,2484.0,12,2485.0,2,2487.0,1,2490.0,3,2491.0,6,2493.0,1,2494.0,1,2496.0,13,2498.0,2,2493.0
RM408,,13:38:59.0#,2509.0,2515.0,2469.0,2636.0,2336.0,1529,8764,2483.0,2,2484.0,12,2485.0,2,2487.0,1,2490.0,4,2491.0,6,2493.0,1,2494.0,1,2496.0,13,2498.0,2,2493.0
RM408,,13:39:01.500#,2509.0,2515.0,2469.0,2636.0,2336.0,1529,8764,2483.0,2,2484.0,12,2485.0,2,2487.0,1,2489.0,42,2491.0,6,2493.0,1,2494.0,1,2496.0,13,2498.0,2,2493.0
RM408,,13:39:02.0#,2509.0,2515.0,2469.0,2636.0,2336.0,1529,8764,2483.0,2,2484.0,12,2485.0,2,2487.0,1,2490.0,1,2491.0,6,2493.0,1,2494.0,1,2496.0,13,2498.0,2,2493.0
RM408,,13:39:02.750#,2509.0,2515.0,2469.0,2636.0,2336.0,1529,8764,2483.0,2,2484.0,12,2485.0,2,2487.0,1,2490.0,2,2491.0,6,2493.0,1,2494.0,1,2496.0,13,2498.0,2,2493.0
RM408,,13:39:04.750#,2509.0,2515.0,2469.0,2636.0,2336.0,1529,8764,2483.0,2,2484.0,12,2485.0,2,2487.0,1,2490.0,6,2491.0,6,2493.0,1,2494.0,1,2496.0,13,2498.0,2,2493.0
RM408,,13:39:05.0#,2509.0,2515.0,2469.0,2636.0,2336.0,1529,8764,2483.0,2,2484.0,12,2485.0,2,2487.0,1,2490.0,2,2491.0,6,2493.0,1,2494.0,1,2496.0,13,2498.0,2,2493.0
RM408,,13:39:05.500#,2509.0,2515.0,2469.0,2636.0,2336.0,1529,8764,2483.0,2,2484.0,12,2485.0,2,2487.0,1,2490.0,1,2491.0,6,2493.0,1,2494.0,1,2496.0,13,2498.0,2,2493.0
RM408,,13:39:06.250#,2509.0,2515.0,2469.0,2636.0,2336.0,1529,8764,2483.0,2,2484.0,12,2485.0,2,2487.0,1,2490.0,6,2491.0,6,2493.0,1,2494.0,1,2496.0,13,2498.0,2,2493.0
RM408,,13:39:06.500#,2509.0,2515.0,2469.0,2636.0,2336.0,1529,8764,2483.0,2,2484.0,12,2485.0,2,2487.0,1,2490.0,2,2491.0,6,2493.0,1,2494.0,1,2496.0,13,2498.0,2,2493.0
RM408,,13:39:08.0#,2509.0,2515.0,2469.0,2636.0,2336.0,1529,8764,2483.0,2,2484.0,12,2485.0,2,2487.0,1,2490.0,6,2491.0,6,2493.0,1,2494.0,1,2496.0,13,2498.0,2,2493.0
RM408,,13:39:09.0#,2509.0,2515.0,2469.0,2636.0,2336.0,1529,8764,2483.0,2,2484.0,12,2485.0,2,2487.0,1,2490.0,7,2491.0,6,2493.0,1,2494.0,1,2496.0,13,2498.0,2,2493.0
RM408,,13:39:09.250#,2509.0,2515.0,2469.0,2636.0,2336.0,1529,8764,2483.0,2,2484.0,12,2485.0,2,2487.0,1,2490.0,11,2491.0,6,2493.0,1,2494.0,1,2496.0,13,2498.0,2,2493.0
RM408,,13:39:10.0#,2509.0,2515.0,2469.0,2636.0,2336.0,1529,8764,2483.0,2,2484.0,12,2485.0,2,2487.0,1,2490.0,21,2491.0,6,2493.0,1,2494.0,1,2496.0,13,2498.0,2,2493.0
RM408,,13:39:12.250#,2509.0,2515.0,2469.0,2636.0,2336.0,1529,8764,2483.0,2,2484.0,12,2485.0,2,2487.0,1,2490.0,20,2491.0,6,2493.0,1,2494.0,1,2496.0,13,2498.0,2,2493.0
RM408,,13:39:12.500#,2509.0,2515.0,2469.0,2636.0,2336.0,1529,8764,2483.0,2,2484.0,12,2485.0,2,2487.0,1,2490.0,15,2491.0,6,2493.0,1,2494.0,1,2496.0,13,2498.0,2,2493.0
RM408,,13:39:13.250#,2509.0,2515.0,2469.0,2636.0,2336.0,1529,8764,2483.0,2,2484.0,12,2485.0,2,2487.0,1,2490.0,5,2491.0,6,2493.0,1,2494.0,1,2496.0,13,2498.0,2,2493.0
RM408,,13:39:13.500#,2509.0,2515.0,2469.0,2636.0,2336.0,1529,8764,2483.0,2,2484.0,12,2485.0,2,2487.0,1,2489.0,34,2490.0,1,2493.0,1,2494.0,1,2496.0,13,2498.0,2,2493.0
RM408,,13:39:13.750#,2509.0,2515.0,2469.0,2636.0,2336.0,1530,8764,2483.0,2,2484.0,12,2485.0,2,2487.0,1,2489.0,33,2490.0,5,2493.0,1,2494.0,1,2496.0,13,2498.0,2,2490.0
RM408,,13:39:20.0#,2509.0,2515.0,2469.0,2636.0,2336.0,1532,8764,2483.0,2,2484.0,12,2485.0,2,2487.0,1,2489.0,31,2490.0,3,2493.0,1,2494.0,1,2496.0,13,2498.0,2,2490.0
RM408,,13:39:20.500#,2509.0,2515.0,2469.0,2636.0,2336.0,1532,8764,2483.0,2,2484.0,12,2485.0,2,2487.0,1,2490.0,1,2491.0,3,2493.0,1,2494.0,1,2496.0,13,2498.0,2,2490.0
RM408,,13:39:20.750#,2509.0,2515.0,2469.0,2636.0,2336.0,1532,8764,2483.0,2,2484.0,12,2485.0,2,2487.0,1,2490.0,5,2491.0,3,2493.0,1,2494.0,1,2496.0,13,2498.0,2,2490.0
RM408,,13:39:21.0#,2509.0,2515.0,2469.0,2636.0,2336.0,1532,8764,2483.0,2,2484.0,12,2485.0,2,2487.0,1,2490.0,6,2491.0,3,2493.0,1,2494.0,1,2496.0,13,2498.0,2,2490.0
RM408,,13:39:21.250#,2509.0,2515.0,2469.0,2636.0,2336.0,1557,8764,2483.0,2,2484.0,12,2485.0,2,2487.0,1,2489.0,6,2490.0,28,2493.0,1,2494.0,1,2496.0,13,2498.0,2,2490.0
RM408,,13:39:31.500#,2509.0,2515.0,2469.0,2636.0,2336.0,1559,8764,2483.0,2,2484.0,12,2485.0,2,2487.0,1,2489.0,4,2490.0,26,2493.0,1,2494.0,1,2496.0,13,2498.0,2,2490.0
RM408,,13:39:36.0#,2509.0,2515.0,2469.0,2636.0,2336.0,1560,8764,2483.0,2,2484.0,12,2485.0,2,2487.0,1,2489.0,3,2490.0,25,2493.0,1,2494.0,1,2496.0,13,2498.0,2,2490.0
RM408,,13:39:36.250#,2509.0,2515.0,2469.0,2636.0,2336.0,1563,8764,2481.0,1,2483.0,2,2484.0,12,2485.0,2,2487.0,9,2489.0,22,2493.0,1,2494.0,1,2496.0,13,2498.0,2,2489.0
RM408,,13:39:36.500#,2509.0,2515.0,2469.0,2636.0,2336.0,1563,8764,2480.0,1,2481.0,1,2483.0,2,2485.0,2,2487.0,10,2489.0,22,2493.0,1,2494.0,1,2496.0,13,2498.0,2,2489.0
RM408,,13:39:36.750#,2509.0,2515.0,2469.0,2636.0,2336.0,1563,8764,2481.0,1,2482.0,12,2483.0,2,2485.0,2,2487.0,10,2489.0,22,2493.0,1,2494.0,1,2496.0,13,2498.0,2,2489.0
RM408,,13:39:37.750#,2509.0,2515.0,2469.0,2636.0,2336.0,1563,8764,2481.0,1,2482.0,12,2483.0,2,2485.0,2,2487.0,9,2489.0,22,2493.0,1,2494.0,1,2496.0,13,2498.0,2,2489.0
RM408,,13:39:39.0#,2509.0,2515.0,2469.0,2636.0,2336.0,1563,8764,2481.0,1,2482.0,12,2483.0,2,2485.0,2,2487.0,10,2489.0,22,2493.0,1,2494.0,1,2496.0,13,2498.0,2,2489.0
RM408,,13:39:45.250#,2509.0,2515.0,2469.0,2636.0,2336.0,1563,8764,2481.0,1,2482.0,12,2483.0,2,2485.0,2,2487.0,9,2489.0,22,2493.0,1,2494.0,1,2496.0,13,2498.0,2,2489.0
RM408,,13:39:48.750#,2509.0,2515.0,2469.0,2636.0,2336.0,1563,8764,2481.0,1,2482.0,12,2483.0,2,2485.0,2,2487.0,10,2489.0,22,2493.0,1,2494.0,1,2496.0,13,2498.0,2,2489.0
RM408,,13:39:49.500#,2509.0,2515.0,2469.0,2636.0,2336.0,1563,8764,2482.0,12,2483.0,2,2485.0,2,2487.0,2,2488.0,8,2490.0,22,2493.0,1,2494.0,1,2496.0,13,2498.0,2,2489.0
RM408,,13:39:49.750#,2509.0,2515.0,2469.0,2636.0,2336.0,1563,8764,2482.0,12,2483.0,2,2485.0,2,2487.0,2,2488.0,9,2490.0,22,2493.0,1,2494.0,1,2496.0,13,2498.0,2,2489.0
RM408,,13:39:51.0#,2509.0,2515.0,2469.0,2636.0,2336.0,1563,8764,2483.0,2,2485.0,2,2487.0,2,2488.0,1,2489.0,8,2491.0,22,2493.0,1,2494.0,1,2496.0,13,2498.0,2,2489.0
RM408,,13:39:51.250#,2509.0,2515.0,2469.0,2636.0,2336.0,1563,8764,2483.0,2,2485.0,2,2487.0,2,2488.0,1,2489.0,9,2491.0,22,2493.0,1,2494.0,1,2496.0,13,2498.0,2,2489.0
RM408,,13:39:54.0#,2509.0,2515.0,2469.0,2636.0,2336.0,1563,8764,2483.0,2,2485.0,2,2487.0,2,2488.0,1,2489.0,20,2491.0,22,2493.0,1,2494.0,1,2496.0,13,2498.0,2,2489.0
RM408,,13:40:02.500#,2509.0,2515.0,2469.0,2636.0,2336.0,1563,8764,2483.0,2,2485.0,2,2487.0,2,2488.0,1,2489.0,12,2490.0,22,2493.0,1,2494.0,1,2496.0,13,2498.0,2,2489.0
RM408,,13:40:02.750#,2509.0,2515.0,2469.0,2636.0,2336.0,1563,8764,2483.0,2,2485.0,2,2487.0,2,2488.0,1,2489.0,11,2490.0,22,2493.0,1,2494.0,1,2496.0,13,2498.0,2,2489.0
RM408,,13:40:05.250#,2509.0,2515.0,2469.0,2636.0,2336.0,1574,8764,2482.0,12,2483.0,2,2485.0,2,2487.0,2,2488.0,9,2490.0,11,2493.0,1,2494.0,1,2496.0,13,2498.0,2,2489.0
RM408,,13:40:10.250#,2509.0,2515.0,2469.0,2636.0,2336.0,1574,8764,2482.0,12,2483.0,2,2485.0,2,2487.0,2,2488.0,9,2490.0,12,2493.0,1,2494.0,1,2496.0,13,2498.0,2,2489.0
RM408,,13:40:13.250#,2509.0,2515.0,2469.0,2636.0,2336.0,1574,8764,2482.0,12,2483.0,2,2485.0,2,2487.0,2,2488.0,1,2489.0,11,2490.0,1,2493.0,1,2494.0,1,2496.0,13,2489.0
RM408,,13:40:13.500#,2509.0,2515.0,2469.0,2636.0,2336.0,1574,8764,2481.0,1,2482.0,12,2483.0,2,2485.0,2,2487.0,10,2489.0,11,2490.0,1,2493.0,1,2494.0,1,2496.0,13,2489.0
RM408,,13:40:16.0#,2509.0,2515.0,2469.0,2636.0,2336.0,1574,8764,2482.0,12,2483.0,2,2485.0,2,2487.0,2,2488.0,8,2490.0,12,2493.0,1,2494.0,1,2496.0,13,2498.0,2,2489.0
RM408,,13:40:16.500#,2509.0,2515.0,2469.0,2636.0,2336.0,1574,8764,2482.0,12,2483.0,2,2485.0,2,2487.0,2,2488.0,9,2490.0,12,2493.0,1,2494.0,1,2496.0,13,2498.0,2,2489.0
RM408,,13:40:21.250#,2509.0,2515.0,2469.0,2636.0,2336.0,1574,8764,2482.0,12,2483.0,2,2485.0,2,2487.0,2,2488.0,9,2490.0,11,2493.0,1,2494.0,1,2496.0,13,2498.0,2,2489.0
RM408,,13:40:30.500#,2509.0,2515.0,2469.0,2636.0,2336.0,1574,8764,2483.0,2,2485.0,2,2487.0,2,2488.0,1,2489.0,8,2491.0,11,2493.0,1,2494.0,1,2496.0,13,2498.0,2,2489.0
RM408,,13:40:30.750#,2509.0,2515.0,2469.0,2636.0,2336.0,1574,8764,2483.0,2,2485.0,2,2487.0,2,2488.0,1,2489.0,9,2491.0,11,2493.0,1,2494.0,1,2496.0,13,2498.0,2,2489.0
RM408,,13:40:41.500#,2509.0,2515.0,2469.0,2636.0,2336.0,1574,8764,2485.0,2,2487.0,2,2488.0,1,2489.0,1,2490.0,8,2492.0,11,2493.0,1,2494.0,1,2496.0,13,2498.0,2,2489.0
RM408,,13:40:41.750#,2509.0,2515.0,2469.0,2636.0,2336.0,1574,8764,2485.0,2,2487.0,2,2488.0,1,2489.0,1,2490.0,8,2492.0,11,2493.0,1,2494.0,1,2496.0,13,2498.0,2,2489.0
RM408,,13:40:42.250#,2509.0,2515.0,2469.0,2636.0,2336.0,1574,8764,2485.0,2,2487.0,2,2488.0,1,2489.0,1,2490.0,9,2492.0,11,2493.0,1,2494.0,1,2496.0,13,2498.0,2,2489.0
RM408,,13:40:42.500#,2509.0,2515.0,2469.0,2636.0,2336.0,1574,8764,2485.0,14,2487.0,2,2488.0,1,2489.0,1,2490.0,9,2492.0,11,2493.0,1,2494.0,1,2496.0,13,2498.0,2,2489.0
RM408,,13:40:54.0#,2509.0,2515.0,2469.0,2636.0,2336.0,1574,8764,2487.0,2,2488.0,1,2489.0,1,2490.0,1,2491.0,8,2493.0,12,2494.0,1,2496.0,13,2498.0,2,2499.0,4,2489.0
RM408,,13:40:54.250#,2509.0,2515.0,2469.0,2636.0,2336.0,1574,8764,2487.0,2,2488.0,1,2489.0,1,2490.0,1,2491.0,9,2493.0,12,2494.0,1,2496.0,1,2498.0,2,2499.0,4,2489.0
RM408,,13:40:54.500#,2509.0,2515.0,2469.0,2636.0,2336.0,1574,8764,2487.0,2,2488.0,1,2489.0,1,2490.0,1,2491.0,9,2493.0,11,2494.0,1,2496.0,1,2498.0,14,2499.0,4,2489.0
RM408,,13:41:00.500#,2509.0,2515.0,2469.0,2636.0,2336.0,1574,8764,2487.0,2,2488.0,1,2489.0,1,2490.0,1,2491.0,9,2493.0,8,2494.0,1,2496.0,1,2498.0,14,2499.0,4,2489.0
RM408,,13:41:00.750#,2509.0,2515.0,2469.0,2636.0,2336.0,1574,8764,2488.0,1,2489.0,1,2490.0,1,2491.0,1,2492.0,9,2494.0,11,2496.0,1,2498.0,14,2499.0,4,2500.0,8,2489.0
RM408,,13:41:01.750#,2509.0,2515.0,2469.0,2636.0,2336.0,1574,8764,2487.0,2,2488.0,1,2489.0,1,2490.0,1,2491.0,9,2493.0,11,2496.0,1,2498.0,14,2499.0,4,2500.0,8,2489.0
RM408,,13:41:05.250#,2509.0,2515.0,2469.0,2636.0,2336.0,1574,8764,2487.0,2,2488.0,1,2489.0,1,2490.0,1,2491.0,1,2493.0,11,2496.0,1,2498.0,14,2499.0,4,2500.0,8,2489.0
RM408,,13:41:05.500#,2509.0,2515.0,2469.0,2636.0,2336.0,1574,8764,2483.0,2,2485.0,14,2487.0,2,2488.0,1,2491.0,6,2492.0,1,2493.0,1,2496.0,1,2498.0,14,2499.0,4,2489.0
RM408,,13:41:05.750#,2509.0,2515.0,2469.0,2636.0,2336.0,1574,8764,2483.0,2,2485.0,14,2487.0,2,2488.0,1,2491.0,8,2493.0,12,2496.0,1,2498.0,14,2499.0,4,2500.0,8,2489.0
RM408,,13:41:06.0#,2509.0,2515.0,2469.0,2636.0,2336.0,1574,8764,2483.0,2,2485.0,14,2487.0,2,2488.0,1,2491.0,8,2493.0,11,2496.0,1,2498.0,14,2499.0,4,2500.0,8,2489.0
RM408,,13:41:10.0#,2509.0,2515.0,2469.0,2636.0,2336.0,1574,8764,2483.0,2,2485.0,14,2487.0,2,2488.0,1,2490.0,9,2492.0,16,2493.0,1,2496.0,1,2498.0,14,2499.0,4,2489.0
RM408,,13:41:10.250#,2509.0,2515.0,2469.0,2636.0,2336.0,1574,8764,2485.0,14,2487.0,2,2488.0,1,2490.0,1,2491.0,8,2492.0,5,2493.0,1,2496.0,1,2498.0,14,2499.0,4,2489.0
RM408,,13:41:11.750#,2509.0,2515.0,2469.0,2636.0,2336.0,1574,8764,2485.0,14,2487.0,2,2488.0,1,2490.0,1,2491.0,9,2493.0,12,2496.0,1,2498.0,14,2499.0,4,2500.0,8,2489.0
RM408,,13:41:24.0#,2509.0,2515.0,2469.0,2636.0,2336.0,1574,8764,2485.0,14,2487.0,2,2488.0,1,2490.0,1,2491.0,9,2493.0,11,2496.0,1,2498.0,14,2499.0,4,2500.0,8,2489.0
RM408,,13:41:24.250#,2509.0,2515.0,2469.0,2636.0,2336.0,1574,8764,2487.0,2,2488.0,1,2490.0,1,2491.0,1,2492.0,8,2494.0,11,2496.0,1,2498.0,14,2499.0,4,2500.0,8,2489.0
RM408,,13:41:24.750#,2509.0,2515.0,2469.0,2636.0,2336.0,1574,8764,2487.0,2,2488.0,1,2490.0,1,2491.0,1,2492.0,9,2494.0,11,2496.0,1,2498.0,14,2499.0,4,2500.0,8,2489.0
RM408,,13:41:26.750#,2509.0,2515.0,2469.0,2636.0,2336.0,1574,8764,2487.0,2,2488.0,1,2490.0,1,2491.0,1,2492.0,9,2494.0,11,2496.0,1,2498.0,14,2499.0,4,2500.0,8,2489.0
RM408,,13:41:34.500#,2509.0,2515.0,2469.0,2636.0,2336.0,1574,8764,2487.0,2,2488.0,1,2490.0,1,2491.0,1,2492.0,8,2494.0,11,2496.0,1,2498.0,14,2499.0,4,2500.0,8,2489.0
RM408,,13:41:38.0#,2509.0,2515.0,2469.0,2636.0,2336.0,1574,8764,2485.0,14,2487.0,2,2488.0,1,2490.0,1,2491.0,9,2493.0,11,2496.0,1,2498.0,14,2499.0,4,2500.0,8,2489.0
RM408,,13:41:38.750#,2509.0,2515.0,2469.0,2636.0,2336.0,1574,8764,2485.0,14,2487.0,2,2488.0,1,2490.0,1,2491.0,9,2493.0,8,2496.0,1,2498.0,14,2499.0,4,2500.0,8,2489.0
RM408,,13:41:39.0#,2509.0,2515.0,2469.0,2636.0,2336.0,1574,8764,2487.0,2,2488.0,1,2490.0,1,2491.0,1,2492.0,8,2494.0,11,2496.0,1,2498.0,14,2499.0,4,2500.0,8,2489.0
RM408,,13:41:46.0#,2509.0,2515.0,2469.0,2636.0,2336.0,1574,8764,2485.0,14,2487.0,2,2488.0,1,2490.0,1,2491.0,8,2493.0,11,2496.0,1,2498.0,14,2499.0,4,2500.0,8,2489.0
RM408,,13:41:51.750#,2509.0,2515.0,2469.0,2636.0,2336.0,1574,8764,2485.0,14,2487.0,2,2488.0,1,2490.0,1,2491.0,8,2493.0,12,2496.0,1,2498.0,14,2499.0,4,2500.0,8,2489.0
RM408,,13:41:54.0#,2509.0,2515.0,2469.0,2636.0,2336.0,1574,8764,2485.0,14,2487.0,2,2488.0,1,2490.0,1,2491.0,8,2493.0,11,2496.0,1,2498.0,14,2499.0,4,2500.0,8,2489.0
RM408,,13:42:02.500#,2509.0,2515.0,2469.0,2636.0,2336.0,1574,8764,2483.0,2,2485.0,14,2487.0,2,2488.0,1,2490.0,9,2492.0,11,2493.0,1,2496.0,1,2498.0,14,2499.0,4,2489.0
RM408,,13:42:08.0#,2509.0,2515.0,2469.0,2636.0,2336.0,1574,8764,2485.0,14,2487.0,2,2488.0,1,2490.0,1,2491.0,8,2493.0,12,2496.0,1,2498.0,14,2499.0,4,2500.0,8,2489.0
RM408,,13:42:23.0#,2509.0,2515.0,2469.0,2636.0,2336.0,1574,8764,2485.0,14,2487.0,2,2488.0,1,2490.0,1,2491.0,9,2493.0,11,2496.0,1,2498.0,14,2499.0,4,2500.0,8,2489.0
RM408,,13:42:31.0#,2509.0,2515.0,2469.0,2636.0,2336.0,1574,8764,2487.0,2,2488.0,1,2490.0,1,2491.0,1,2492.0,9,2494.0,11,2496.0,1,2498.0,14,2499.0,4,2500.0,8,2489.0
RM408,,13:42:43.0#,2509.0,2515.0,2469.0,2636.0,2336.0,1574,8764,2487.0,2,2488.0,1,2490.0,1,2491.0,1,2492.0,9,2494.0,11,2498.0,14,2499.0,4,2500.0,8,2501.0,1,2489.0
RM408,,13:42:43.250#,2509.0,2515.0,2469.0,2636.0,2336.0,1574,8764,2487.0,2,2488.0,1,2490.0,1,2491.0,1,2492.0,9,2494.0,11,2498.0,14,2499.0,5,2500.0,8,2501.0,1,2489.0
RM408,,13:42:46.500#,2509.0,2515.0,2469.0,2636.0,2336.0,1574,8764,2485.0,14,2487.0,2,2488.0,1,2490.0,1,2491.0,9,2493.0,11,2498.0,14,2499.0,5,2500.0,8,2501.0,1,2489.0
RM408,,13:43:05.250#,2509.0,2515.0,2469.0,2636.0,2336.0,1574,8764,2487.0,2,2488.0,1,2490.0,1,2491.0,1,2492.0,8,2494.0,11,2498.0,14,2499.0,5,2500.0,8,2501.0,1,2489.0
RM408,,13:43:29.500#,2509.0,2515.0,2469.0,2636.0,2336.0,1574,8764,2485.0,14,2487.0,2,2488.0,1,2490.0,1,2491.0,9,2493.0,11,2498.0,14,2499.0,5,2500.0,8,2501.0,1,2489.0
RM408,,13:43:30.250#,2509.0,2515.0,2469.0,2636.0,2336.0,1574,8764,2485.0,14,2487.0,2,2488.0,1,2490.0,1,2491.0,9,2493.0,7,2498.0,14,2499.0,5,2500.0,8,2501.0,1,2489.0
RM408,,13:43:30.500#,2509.0,2515.0,2469.0,2636.0,2336.0,1574,8764,2485.0,14,2487.0,2,2488.0,1,2490.0,1,2491.0,9,2494.0,11,2498.0,14,2499.0,5,2500.0,8,2501.0,1,2489.0
RM408,,13:43:30.750#,2509.0,2515.0,2469.0,2636.0,2336.0,1574,8764,2487.0,2,2488.0,1,2490.0,1,2491.0,1,2492.0,1,2494.0,11,2498.0,14,2499.0,5,2500.0,8,2501.0,1,2489.0
RM408,,13:43:31.0#,2509.0,2515.0,2469.0,2636.0,2336.0,1574,8764,2487.0,2,2488.0,1,2490.0,1,2491.0,1,2492.0,8,2494.0,11,2498.0,14,2499.0,5,2500.0,8,2501.0,1,2489.0
RM408,,13:43:36.250#,2509.0,2515.0,2469.0,2636.0,2336.0,1574,8764,2487.0,2,2488.0,1,2490.0,1,2491.0,1,2492.0,9,2494.0,11,2498.0,14,2499.0,5,2500.0,8,2501.0,1,2489.0
RM408,,13:43:47.250#,2509.0,2515.0,2469.0,2636.0,2336.0,1574,8764,2488.0,1,2490.0,1,2491.0,1,2492.0,1,2493.0,8,2495.0,11,2498.0,14,2499.0,5,2500.0,8,2501.0,1,2489.0
RM408,,13:43:47.500#,2509.0,2515.0,2469.0,2636.0,2336.0,1574,8764,2488.0,1,2490.0,1,2491.0,1,2492.0,1,2493.0,8,2495.0,11,2498.0,2,2499.0,5,2500.0,8,2501.0,1,2489.0
RM408,,13:43:47.750#,2509.0,2515.0,2469.0,2636.0,2336.0,1574,8764,2488.0,13,2490.0,1,2491.0,1,2492.0,1,2493.0,8,2495.0,11,2498.0,2,2499.0,5,2500.0,20,2501.0,1,2489.0
RM408,,13:43:49.0#,2509.0,2515.0,2469.0,2636.0,2336.0,1574,8764,2488.0,13,2490.0,1,2491.0,1,2492.0,1,2493.0,9,2495.0,11,2498.0,2,2499.0,5,2500.0,20,2501.0,1,2489.0
RM408,,13:43:52.250#,2509.0,2515.0,2469.0,2636.0,2336.0,1574,8764,2488.0,13,2490.0,1,2491.0,1,2492.0,1,2493.0,8,2495.0,11,2498.0,2,2499.0,5,2500.0,20,2501.0,1,2489.0
RM408,,13:43:53.0#,2509.0,2515.0,2469.0,2636.0,2336.0,1574,8764,2488.0,13,2490.0,1,2491.0,1,2492.0,1,2493.0,9,2495.0,11,2498.0,2,2499.0,5,2500.0,20,2501.0,1,2489.0
RM408,,13:43:55.250#,2509.0,2515.0,2469.0,2636.0,2336.0,1574,8764,2488.0,13,2490.0,1,2491.0,1,2492.0,1,2493.0,8,2495.0,11,2498.0,2,2499.0,5,2500.0,20,2501.0,1,2489.0
RM408,,13:44:00.500#,2509.0,2515.0,2469.0,2636.0,2336.0,1574,8764,2487.0,2,2488.0,13,2490.0,1,2491.0,1,2492.0,9,2494.0,11,2498.0,2,2499.0,5,2500.0,20,2501.0,1,2489.0
RM408,,13:44:00.750#,2509.0,2515.0,2469.0,2636.0,2336.0,1574,8764,2487.0,2,2488.0,13,2490.0,1,2491.0,1,2492.0,9,2494.0,16,2498.0,2,2499.0,5,2500.0,20,2501.0,1,2489.0
RM408,,13:44:04.0#,2509.0,2515.0,2469.0,2636.0,2336.0,1574,8764,2487.0,2,2488.0,13,2490.0,1,2491.0,1,2492.0,9,2493.0,5,2498.0,2,2499.0,5,2500.0,20,2501.0,1,2489.0
RM408,,13:44:04.750#,2509.0,2515.0,2469.0,2636.0,2336.0,1574,8764,2487.0,2,2488.0,13,2490.0,1,2491.0,1,2492.0,9,2494.0,16,2498.0,2,2499.0,5,2500.0,20,2501.0,1,2489.0
RM408,,13:44:05.250#,2509.0,2515.0,2469.0,2636.0,2336.0,1574,8764,2487.0,2,2488.0,13,2490.0,1,2491.0,1,2492.0,9,2493.0,5,2498.0,2,2499.0,5,2500.0,20,2501.0,1,2489.0
RM408,,13:44:05.750#,2509.0,2515.0,2469.0,2636.0,2336.0,1574,8764,2487.0,2,2488.0,13,2490.0,1,2491.0,1,2492.0,9,2494.0,16,2498.0,2,2499.0,5,2500.0,20,2501.0,1,2489.0
RM408,,13:44:06.250#,2509.0,2515.0,2469.0,2636.0,2336.0,1574,8764,2487.0,2,2488.0,13,2490.0,1,2491.0,1,2492.0,9,2493.0,1,2498.0,2,2499.0,5,2500.0,20,2501.0,1,2489.0
RM408,,13:44:06.500#,2509.0,2515.0,2469.0,2636.0,2336.0,1574,8764,2487.0,2,2488.0,13,2490.0,1,2491.0,1,2492.0,9,2493.0,2,2498.0,2,2499.0,5,2500.0,20,2501.0,1,2489.0
RM408,,13:44:06.750#,2509.0,2515.0,2469.0,2636.0,2336.0,1574,8764,2487.0,2,2488.0,13,2490.0,1,2491.0,1,2492.0,9,2493.0,5,2498.0,2,2499.0,5,2500.0,20,2501.0,1,2489.0
RM408,,13:44:07.0#,2509.0,2515.0,2469.0,2636.0,2336.0,1574,8764,2487.0,2,2488.0,13,2490.0,1,2491.0,1,2492.0,8,2493.0,2,2498.0,2,2499.0,5,2500.0,20,2501.0,1,2489.0
RM408,,13:44:07.250#,2509.0,2515.0,2469.0,2636.0,2336.0,1574,8764,2487.0,2,2488.0,13,2490.0,1,2491.0,1,2492.0,8,2493.0,1,2498.0,2,2499.0,5,2500.0,20,2501.0,1,2489.0
RM408,,13:44:07.500#,2509.0,2515.0,2469.0,2636.0,2336.0,1574,8764,2487.0,2,2488.0,13,2490.0,1,2491.0,1,2492.0,8,2494.0,16,2498.0,2,2499.0,5,2500.0,20,2501.0,1,2489.0
RM408,,13:44:11.0#,2509.0,2515.0,2469.0,2636.0,2336.0,1574,8764,2487.0,2,2488.0,13,2490.0,1,2491.0,1,2492.0,8,2493.0,1,2498.0,2,2499.0,5,2500.0,20,2501.0,1,2489.0
RM408,,13:44:11.250#,2509.0,2515.0,2469.0,2636.0,2336.0,1574,8764,2487.0,2,2488.0,13,2490.0,1,2491.0,1,2492.0,8,2493.0,2,2498.0,2,2499.0,5,2500.0,20,2501.0,1,2489.0
RM408,,13:44:11.500#,2509.0,2515.0,2469.0,2636.0,2336.0,1574,8764,2487.0,2,2488.0,13,2490.0,1,2491.0,1,2492.0,8,2493.0,5,2498.0,2,2499.0,5,2500.0,20,2501.0,1,2489.0
RM408,,13:44:11.750#,2509.0,2515.0,2469.0,2636.0,2336.0,1574,8764,2487.0,2,2488.0,13,2490.0,1,2491.0,1,2492.0,8,2493.0,1,2498.0,2,2499.0,5,2500.0,20,2501.0,1,2489.0
RM408,,13:44:12.500#,2509.0,2515.0,2469.0,2636.0,2336.0,1574,8764,2487.0,2,2488.0,13,2490.0,1,2491.0,1,2492.0,8,2493.0,2,2498.0,2,2499.0,5,2500.0,20,2501.0,1,2489.0
RM408,,13:44:13.250#,2509.0,2515.0,2469.0,2636.0,2336.0,1574,8764,2487.0,2,2488.0,13,2490.0,1,2491.0,1,2492.0,8,2493.0,4,2498.0,2,2499.0,5,2500.0,20,2501.0,1,2489.0
RM408,,13:44:13.500#,2509.0,2515.0,2469.0,2636.0,2336.0,1574,8764,2485.0,2,2487.0,2,2488.0,13,2490.0,1,2491.0,9,2493.0,16,2498.0,2,2499.0,5,2500.0,20,2501.0,1,2489.0
RM408,,13:44:13.750#,2509.0,2515.0,2469.0,2636.0,2336.0,1574,8764,2485.0,2,2487.0,2,2488.0,1,2490.0,1,2491.0,9,2493.0,16,2498.0,2,2499.0,5,2500.0,20,2501.0,1,2489.0
RM408,,13:44:14.0#,2509.0,2515.0,2469.0,2636.0,2336.0,1574,8764,2486.0,12,2487.0,2,2488.0,1,2490.0,1,2491.0,9,2493.0,16,2498.0,2,2499.0,5,2500.0,20,2501.0,1,2489.0
RM408,,13:44:17.750#,2509.0,2515.0,2469.0,2636.0,2336.0,1574,8764,2487.0,2,2488.0,1,2490.0,1,2491.0,1,2492.0,8,2493.0,5,2498.0,2,2499.0,5,2500.0,20,2501.0,1,2489.0
RM408,,13:44:18.250#,2509.0,2515.0,2469.0,2636.0,2336.0,1574,8764,2487.0,2,2488.0,1,2490.0,1,2491.0,1,2492.0,8,2494.0,16,2498.0,2,2499.0,5,2500.0,20,2501.0,1,2489.0
RM408,,13:44:20.0#,2509.0,2515.0,2469.0,2636.0,2336.0,1574,8764,2487.0,2,2488.0,1,2490.0,1,2491.0,1,2492.0,8,2493.0,2,2498.0,2,2499.0,5,2500.0,20,2501.0,1,2489.0
RM408,,13:44:20.250#,2509.0,2515.0,2469.0,2636.0,2336.0,1574,8764,2487.0,2,2488.0,1,2490.0,1,2491.0,1,2492.0,8,2493.0,5,2498.0,2,2499.0,5,2500.0,20,2501.0,1,2489.0
RM408,,13:44:20.500#,2509.0,2515.0,2469.0,2636.0,2336.0,1574,8764,2487.0,2,2488.0,1,2490.0,1,2491.0,1,2492.0,8,2494.0,16,2498.0,2,2499.0,5,2500.0,20,2501.0,1,2489.0
RM408,,13:44:31.500#,2509.0,2515.0,2469.0,2636.0,2336.0,1574,8764,2487.0,2,2488.0,1,2490.0,1,2491.0,1,2492.0,8,2493.0,4,2498.0,2,2499.0,5,2500.0,20,2501.0,1,2489.0
RM408,,13:44:31.750#,2509.0,2515.0,2469.0,2636.0,2336.0,1574,8764,2487.0,2,2488.0,1,2490.0,1,2491.0,1,2492.0,8,2493.0,5,2498.0,2,2499.0,5,2500.0,20,2501.0,1,2489.0
RM408,,13:44:45.250#,2509.0,2515.0,2469.0,2636.0,2336.0,1574,8764,2487.0,2,2488.0,1,2490.0,1,2491.0,1,2492.0,8,2494.0,16,2498.0,2,2499.0,5,2500.0,20,2501.0,1,2489.0
RM408,,13:44:57.250#,2509.0,2515.0,2469.0,2636.0,2336.0,1574,8764,2487.0,2,2488.0,1,2490.0,1,2491.0,1,2492.0,8,2493.0,3,2498.0,2,2499.0,5,2500.0,20,2501.0,1,2489.0
RM408,,13:44:57.500#,2509.0,2515.0,2469.0,2636.0,2336.0,1574,8764,2487.0,2,2488.0,1,2490.0,1,2491.0,1,2492.0,8,2493.0,5,2498.0,2,2499.0,5,2500.0,20,2501.0,1,2489.0
RM408,,13:44:57.750#,2509.0,2515.0,2469.0,2636.0,2336.0,1574,8764,2487.0,2,2488.0,1,2490.0,1,2491.0,1,2492.0,8,2493.0,4,2498.0,2,2499.0,5,2500.0,20,2501.0,1,2489.0
RM408,,13:44:58.0#,2509.0,2515.0,2469.0,2636.0,2336.0,1574,8764,2487.0,2,2488.0,1,2490.0,1,2491.0,1,2492.0,8,2493.0,5,2498.0,2,2499.0,5,2500.0,20,2501.0,1,2489.0
RM408,,13:45:06.250#,2509.0,2515.0,2469.0,2636.0,2336.0,1574,8764,2486.0,12,2487.0,2,2488.0,1,2490.0,1,2491.0,8,2493.0,16,2498.0,2,2499.0,5,2500.0,20,2501.0,1,2489.0
RM408,,13:45:06.750#,2509.0,2515.0,2469.0,2636.0,2336.0,1574,8764,2486.0,12,2487.0,2,2488.0,1,2490.0,1,2491.0,8,2493.0,11,2498.0,2,2499.0,5,2500.0,20,2501.0,1,2489.0
RM408,,13:45:14.0#,2509.0,2515.0,2469.0,2636.0,2336.0,1574,8764,2486.0,12,2487.0,2,2488.0,1,2490.0,1,2491.0,8,2493.0,15,2498.0,2,2499.0,5,2500.0,20,2501.0,1,2489.0
RM408,,13:45:19.250#,2509.0,2515.0,2469.0,2636.0,2336.0,1574,8764,2486.0,12,2487.0,2,2488.0,1,2490.0,1,2491.0,8,2493.0,14,2498.0,2,2499.0,5,2500.0,20,2501.0,1,2489.0
RM408,,13:45:19.750#,2509.0,2515.0,2469.0,2636.0,2336.0,1574,8764,2486.0,12,2487.0,2,2488.0,1,2490.0,1,2491.0,8,2493.0,15,2498.0,2,2499.0,5,2500.0,20,2501.0,1,2489.0
RM408,,13:45:26.250#,2509.0,2515.0,2469.0,2636.0,2336.0,1574,8764,2486.0,12,2487.0,2,2488.0,1,2490.0,1,2491.0,8,2493.0,11,2498.0,2,2499.0,5,2500.0,20,2501.0,1,2489.0
RM408,,13:45:33.500#,2509.0,2515.0,2469.0,2636.0,2336.0,1574,8764,2486.0,12,2487.0,2,2488.0,1,2490.0,1,2491.0,8,2493.0,12,2498.0,2,2499.0,5,2500.0,20,2501.0,1,2489.0
RM408,,13:45:33.750#,2509.0,2515.0,2469.0,2636.0,2336.0,1574,8764,2485.0,2,2486.0,12,2487.0,2,2488.0,1,2490.0,9,2492.0,11,2498.0,2,2499.0,5,2500.0,20,2501.0,1,2489.0
RM408,,13:45:34.0#,2509.0,2515.0,2469.0,2636.0,2336.0,1574,8764,2485.0,2,2486.0,12,2487.0,2,2488.0,1,2490.0,9,2492.0,11,2498.0,2,2499.0,5,2500.0,8,2501.0,1,2489.0
RM408,,13:45:34.250#,2509.0,2515.0,2469.0,2636.0,2336.0,1574,8764,2485.0,2,2486.0,12,2487.0,2,2488.0,1,2490.0,9,2492.0,11,2497.0,12,2498.0,2,2499.0,5,2500.0,8,2489.0
RM408,,13:45:42.750#,2509.0,2515.0,2469.0,2636.0,2336.0,1574,8764,2485.0,2,2486.0,12,2487.0,2,2488.0,1,2490.0,8,2492.0,11,2497.0,12,2498.0,2,2499.0,5,2500.0,8,2489.0
RM408,,13:45:48.0#,2509.0,2515.0,2469.0,2636.0,2336.0,1574,8764,2485.0,2,2486.0,12,2487.0,2,2488.0,1,2490.0,8,2492.0,12,2497.0,12,2498.0,2,2499.0,5,2500.0,8,2489.0
RM408,,13:45:52.250#,2509.0,2515.0,2469.0,2636.0,2336.0,1574,8764,2485.0,2,2486.0,12,2487.0,2,2488.0,1,2490.0,8,2492.0,13,2497.0,12,2498.0,2,2499.0,5,2500.0,8,2489.0
RM408,,13:45:52.500#,2509.0,2515.0,2469.0,2636.0,2336.0,1574,8764,2485.0,2,2486.0,12,2487.0,2,2488.0,1,2490.0,8,2492.0,14,2497.0,12,2498.0,2,2499.0,5,2500.0,8,2489.0
RM408,,13:45:52.750#,2509.0,2515.0,2469.0,2636.0,2336.0,1574,8764,2485.0,2,2486.0,12,2487.0,2,2488.0,1,2490.0,8,2492.0,16,2497.0,12,2498.0,2,2499.0,5,2500.0,8,2489.0
RM408,,13:45:57.0#,2509.0,2515.0,2469.0,2636.0,2336.0,1574,8764,2485.0,2,2486.0,12,2487.0,2,2488.0,1,2489.0,8,2491.0,11,2492.0,1,2497.0,12,2498.0,2,2499.0,5,2489.0
RM408,,13:45:57.250#,2509.0,2515.0,2469.0,2636.0,2336.0,1574,8764,2483.0,2,2485.0,2,2487.0,2,2488.0,1,2489.0,8,2491.0,11,2492.0,1,2497.0,12,2498.0,2,2499.0,5,2489.0
RM408,,13:45:57.500#,2509.0,2515.0,2469.0,2636.0,2336.0,1574,8764,2484.0,12,2485.0,2,2487.0,2,2488.0,1,2489.0,8,2491.0,11,2492.0,1,2497.0,12,2498.0,2,2499.0,5,2489.0
RM408,,13:46:38.250#,2509.0,2515.0,2469.0,2636.0,2336.0,1574,8764,2483.0,2,2484.0,12,2485.0,2,2487.0,2,2488.0,9,2490.0,11,2492.0,1,2497.0,12,2498.0,2,2499.0,5,2489.0
RM408,,13:46:52.750#,2509.0,2515.0,2469.0,2636.0,2336.0,1574,8764,2483.0,2,2484.0,12,2485.0,2,2487.0,2,2488.0,8,2490.0,11,2492.0,1,2497.0,12,2498.0,2,2499.0,5,2489.0
RM408,,13:46:54.250#,2509.0,2515.0,2469.0,2636.0,2336.0,1574,8764,2483.0,2,2484.0,12,2485.0,2,2487.0,2,2488.0,7,2490.0,11,2492.0,1,2497.0,12,2498.0,2,2499.0,5,2489.0
RM408,,13:46:54.500#,2509.0,2515.0,2469.0,2636.0,2336.0,1574,8764,2481.0,1,2483.0,2,2484.0,12,2485.0,2,2487.0,10,2489.0,11,2492.0,1,2497.0,12,2498.0,2,2499.0,5,2489.0
RM408,,13:46:54.750#,2509.0,2515.0,2469.0,2636.0,2336.0,1574,8764,2480.0,1,2481.0,1,2483.0,2,2485.0,2,2487.0,10,2489.0,11,2492.0,1,2498.0,2,2499.0,5,2500.0,8,2489.0
RM408,,13:46:55.0#,2509.0,2515.0,2469.0,2636.0,2336.0,1574,8764,2482.0,12,2483.0,2,2485.0,2,2487.0,2,2488.0,8,2490.0,11,2492.0,1,2494.0,12,2498.0,2,2499.0,5,2489.0
RM408,,13:46:57.500#,2509.0,2515.0,2469.0,2636.0,2336.0,1574,8764,2481.0,1,2482.0,12,2483.0,2,2485.0,2,2487.0,10,2489.0,11,2492.0,1,2494.0,12,2498.0,2,2499.0,5,2489.0
RM408,,13:46:59.0#,2509.0,2515.0,2469.0,2636.0,2336.0,1574,8764,2481.0,1,2482.0,12,2483.0,2,2485.0,2,2487.0,9,2489.0,11,2492.0,1,2494.0,12,2498.0,2,2499.0,5,2489.0
RM408,,13:47:20.0#,2509.0,2515.0,2469.0,2636.0,2336.0,1574,8764,2482.0,12,2483.0,2,2485.0,2,2487.0,1,2488.0,8,2490.0,11,2492.0,1,2494.0,12,2498.0,2,2499.0,5,2489.0
RM408,,13:47:20.750#,2509.0,2515.0,2469.0,2636.0,2336.0,1574,8764,2482.0,12,2483.0,2,2485.0,2,2487.0,1,2488.0,9,2490.0,11,2492.0,1,2494.0,12,2498.0,2,2499.0,5,2489.0
RM408,,13:47:24.750#,2509.0,2515.0,2469.0,2636.0,2336.0,1574,8764,2483.0,2,2485.0,2,2487.0,1,2488.0,1,2489.0,8,2491.0,11,2492.0,1,2494.0,12,2498.0,2,2499.0,5,2489.0
RM408,,13:47:25.0#,2509.0,2515.0,2469.0,2636.0,2336.0,1574,8764,2483.0,2,2485.0,2,2487.0,1,2488.0,1,2489.0,8,2491.0,11,2492.0,1,2498.0,2,2499.0,5,2500.0,8,2489.0
RM408,,13:47:25.250#,2509.0,2515.0,2469.0,2636.0,2336.0,1574,8764,2483.0,2,2485.0,2,2487.0,1,2488.0,1,2489.0,8,2491.0,11,2492.0,1,2496.0,12,2498.0,2,2499.0,5,2489.0
RM408,,13:47:26.0#,2509.0,2515.0,2469.0,2636.0,2336.0,1574,8764,2483.0,2,2485.0,2,2487.0,1,2488.0,1,2489.0,9,2491.0,11,2492.0,1,2496.0,12,2498.0,2,2499.0,5,2489.0
RM408,,13:47:27.250#,2509.0,2515.0,2469.0,2636.0,2336.0,1574,8764,2485.0,2,2487.0,1,2488.0,1,2489.0,1,2490.0,8,2492.0,12,2496.0,12,2498.0,2,2499.0,5,2500.0,8,2489.0
RM408,,13:47:27.500#,2509.0,2515.0,2469.0,2636.0,2336.0,1574,8764,2485.0,2,2487.0,1,2488.0,1,2489.0,1,2490.0,8,2492.0,12,2496.0,12,2498.0,2,2499.0,5,2500.0,8,2489.0
RM408,,13:47:27.750#,2509.0,2515.0,2469.0,2636.0,2336.0,1574,8764,2485.0,2,2487.0,1,2488.0,1,2489.0,1,2490.0,8,2492.0,11,2496.0,12,2498.0,2,2499.0,5,2500.0,8,2489.0
RM408,,13:47:28.0#,2509.0,2515.0,2469.0,2636.0,2336.0,1574,8764,2485.0,14,2487.0,1,2488.0,1,2489.0,1,2490.0,8,2492.0,11,2496.0,12,2498.0,2,2499.0,5,2500.0,8,2489.0
RM408,,13:47:38.250#,2509.0,2515.0,2469.0,2636.0,2336.0,1574,8764,2485.0,14,2487.0,1,2488.0,1,2489.0,1,2490.0,9,2492.0,11,2496.0,12,2498.0,2,2499.0,5,2500.0,8,2489.0
RM408,,13:47:55.750#,2509.0,2515.0,2469.0,2636.0,2336.0,1574,8764,2485.0,14,2487.0,1,2488.0,1,2489.0,1,2490.0,8,2492.0,11,2496.0,12,2498.0,2,2499.0,5,2500.0,8,2489.0
RM408,,13:48:54.500#,2509.0,2515.0,2469.0,2636.0,2336.0,1574,8764,2485.0,14,2487.0,1,2488.0,1,2489.0,1,2490.0,9,2492.0,11,2496.0,12,2498.0,2,2499.0,5,2500.0,8,2489.0
RM408,,13:49:09.0#,2509.0,2515.0,2469.0,2636.0,2336.0,1574,8764,2483.0,2,2485.0,14,2487.0,1,2488.0,1,2489.0,9,2491.0,11,2496.0,12,2498.0,2,2499.0,5,2500.0,8,2489.0
