InstrumentId,ExchangeId,Datetime,OpenPrice,HighestPrice,LowestPrice,UpperLimitPrice,LowerLimitPrice,Volume,OpenInterest,BidPrice5,BidVolume5,BidPrice4,BidVolume4,BidPrice3,BidVolume3,BidPrice2,BidVolume2,BidPrice1,BidVolume1,AskPrice1,AskVolume1,AskPrice2,AskVolume2,AskPrice3,AskVolume3,AskPrice4,AskVolume4,AskPrice5,AskVolume5,LastPrice
RM409,,13:38:35.0#,2527.0,2533.0,2487.0,2650.0,2350.0,1786172,1177819,2503.0,1061,2504.0,933,2505.0,723,2506.0,838,2507.0,665,2508.0,599,2509.0,354,2510.0,474,2511.0,617,2512.0,658,2508.0
RM409,,13:38:35.250#,2527.0,2533.0,2487.0,2650.0,2350.0,1786221,1177826,2503.0,1061,2504.0,933,2505.0,723,2506.0,838,2507.0,666,2508.0,551,2509.0,354,2510.0,473,2511.0,617,2512.0,658,2508.0
RM409,,13:38:35.500#,2527.0,2533.0,2487.0,2650.0,2350.0,1786221,1177826,2503.0,1061,2504.0,933,2505.0,723,2506.0,838,2507.0,659,2508.0,551,2509.0,341,2510.0,473,2511.0,617,2512.0,658,2508.0
RM409,,13:38:35.750#,2527.0,2533.0,2487.0,2650.0,2350.0,1786222,1177826,2503.0,1061,2504.0,933,2505.0,723,2506.0,868,2507.0,659,2508.0,551,2509.0,341,2510.0,473,2511.0,616,2512.0,658,2507.0
RM409,,13:38:36.0#,2527.0,2533.0,2487.0,2650.0,2350.0,1786223,1177826,2503.0,1061,2504.0,933,2505.0,724,2506.0,868,2507.0,659,2508.0,550,2509.0,341,2510.0,473,2511.0,616,2512.0,658,2508.0
RM409,,13:38:36.250#,2527.0,2533.0,2487.0,2650.0,2350.0,1786226,1177826,2503.0,1061,2504.0,933,2505.0,724,2506.0,868,2507.0,657,2508.0,550,2509.0,341,2510.0,473,2511.0,616,2512.0,658,2507.0
RM409,,13:38:36.500#,2527.0,2533.0,2487.0,2650.0,2350.0,1786276,1177826,2503.0,1061,2504.0,932,2505.0,724,2506.0,868,2507.0,660,2508.0,553,2509.0,342,2510.0,475,2511.0,616,2512.0,658,2507.0
RM409,,13:38:36.750#,2527.0,2533.0,2487.0,2650.0,2350.0,1786276,1177826,2503.0,1061,2504.0,932,2505.0,725,2506.0,868,2507.0,666,2508.0,553,2509.0,342,2510.0,475,2511.0,616,2512.0,658,2507.0
RM409,,13:38:37.0#,2527.0,2533.0,2487.0,2650.0,2350.0,1786278,1177826,2503.0,1061,2504.0,932,2505.0,725,2506.0,888,2507.0,666,2508.0,553,2509.0,342,2510.0,475,2511.0,619,2512.0,658,2507.0
RM409,,13:38:37.250#,2527.0,2533.0,2487.0,2650.0,2350.0,1786278,1177826,2503.0,1061,2504.0,932,2505.0,725,2506.0,888,2507.0,666,2508.0,552,2509.0,320,2510.0,447,2511.0,582,2512.0,581,2507.0
RM409,,13:38:37.500#,2527.0,2533.0,2487.0,2650.0,2350.0,1786278,1177826,2503.0,1061,2504.0,932,2505.0,725,2506.0,889,2507.0,665,2508.0,552,2509.0,320,2510.0,447,2511.0,582,2512.0,581,2507.0
RM409,,13:38:37.750#,2527.0,2533.0,2487.0,2650.0,2350.0,1786279,1177825,2503.0,1061,2504.0,932,2505.0,725,2506.0,889,2507.0,661,2508.0,551,2509.0,320,2510.0,447,2511.0,582,2512.0,581,2508.0
RM409,,13:38:38.0#,2527.0,2533.0,2487.0,2650.0,2350.0,1786279,1177825,2503.0,1061,2504.0,933,2505.0,725,2506.0,889,2507.0,661,2508.0,554,2509.0,320,2510.0,447,2511.0,582,2512.0,581,2508.0
RM409,,13:38:38.250#,2527.0,2533.0,2487.0,2650.0,2350.0,1786282,1177825,2503.0,1062,2504.0,933,2505.0,725,2506.0,889,2507.0,664,2508.0,552,2509.0,321,2510.0,447,2511.0,582,2512.0,581,2507.0
RM409,,13:38:38.500#,2527.0,2533.0,2487.0,2650.0,2350.0,1786282,1177825,2503.0,1062,2504.0,933,2505.0,725,2506.0,889,2507.0,666,2508.0,555,2509.0,321,2510.0,446,2511.0,582,2512.0,581,2507.0
RM409,,13:38:38.750#,2527.0,2533.0,2487.0,2650.0,2350.0,1786283,1177824,2503.0,1062,2504.0,933,2505.0,725,2506.0,889,2507.0,666,2508.0,554,2509.0,322,2510.0,446,2511.0,582,2512.0,581,2508.0
RM409,,13:38:39.0#,2527.0,2533.0,2487.0,2650.0,2350.0,1786285,1177824,2503.0,1062,2504.0,933,2505.0,725,2506.0,889,2507.0,665,2508.0,573,2509.0,322,2510.0,446,2511.0,582,2512.0,581,2507.0
RM409,,13:38:39.250#,2527.0,2533.0,2487.0,2650.0,2350.0,1786287,1177822,2503.0,1062,2504.0,933,2505.0,724,2506.0,883,2507.0,666,2508.0,571,2509.0,322,2510.0,446,2511.0,582,2512.0,581,2508.0
RM409,,13:38:39.500#,2527.0,2533.0,2487.0,2650.0,2350.0,1786287,1177822,2503.0,1062,2504.0,933,2505.0,724,2506.0,883,2507.0,666,2508.0,572,2509.0,321,2510.0,446,2511.0,582,2512.0,581,2508.0
RM409,,13:38:39.750#,2527.0,2533.0,2487.0,2650.0,2350.0,1786288,1177822,2503.0,1062,2504.0,933,2505.0,726,2506.0,874,2507.0,678,2508.0,571,2509.0,321,2510.0,446,2511.0,582,2512.0,581,2508.0
RM409,,13:38:40.0#,2527.0,2533.0,2487.0,2650.0,2350.0,1786288,1177822,2503.0,1062,2504.0,933,2505.0,726,2506.0,874,2507.0,679,2508.0,571,2509.0,321,2510.0,446,2511.0,582,2512.0,581,2508.0
RM409,,13:38:40.250#,2527.0,2533.0,2487.0,2650.0,2350.0,1786288,1177822,2503.0,1062,2504.0,933,2505.0,726,2506.0,874,2507.0,680,2508.0,577,2509.0,321,2510.0,446,2511.0,582,2512.0,581,2508.0
RM409,,13:38:40.500#,2527.0,2533.0,2487.0,2650.0,2350.0,1786302,1177822,2503.0,1063,2504.0,933,2505.0,726,2506.0,884,2507.0,667,2508.0,578,2509.0,321,2510.0,446,2511.0,582,2512.0,581,2507.0
RM409,,13:38:40.750#,2527.0,2533.0,2487.0,2650.0,2350.0,1786316,1177832,2503.0,1063,2504.0,933,2505.0,727,2506.0,884,2507.0,525,2508.0,578,2509.0,321,2510.0,451,2511.0,582,2512.0,581,2507.0
RM409,,13:38:41.0#,2527.0,2533.0,2487.0,2650.0,2350.0,1786316,1177832,2503.0,1063,2504.0,933,2505.0,722,2506.0,884,2507.0,525,2508.0,577,2509.0,321,2510.0,451,2511.0,582,2512.0,581,2507.0
RM409,,13:38:41.250#,2527.0,2533.0,2487.0,2650.0,2350.0,1786317,1177832,2503.0,1063,2504.0,933,2505.0,722,2506.0,884,2507.0,529,2508.0,576,2509.0,371,2510.0,451,2511.0,582,2512.0,581,2508.0
RM409,,13:38:41.500#,2527.0,2533.0,2487.0,2650.0,2350.0,1786317,1177832,2503.0,1063,2504.0,933,2505.0,722,2506.0,882,2507.0,529,2508.0,576,2509.0,371,2510.0,451,2511.0,582,2512.0,581,2508.0
RM409,,13:38:41.750#,2527.0,2533.0,2487.0,2650.0,2350.0,1786317,1177832,2503.0,1063,2504.0,933,2505.0,722,2506.0,882,2507.0,530,2508.0,579,2509.0,371,2510.0,449,2511.0,582,2512.0,581,2508.0
RM409,,13:38:42.0#,2527.0,2533.0,2487.0,2650.0,2350.0,1786324,1177834,2503.0,1063,2504.0,933,2505.0,722,2506.0,882,2507.0,526,2508.0,582,2509.0,371,2510.0,449,2511.0,582,2512.0,581,2507.0
RM409,,13:38:42.250#,2527.0,2533.0,2487.0,2650.0,2350.0,1786326,1177834,2503.0,1063,2504.0,933,2505.0,722,2506.0,881,2507.0,527,2508.0,580,2509.0,371,2510.0,447,2511.0,582,2512.0,581,2508.0
RM409,,13:38:42.500#,2527.0,2533.0,2487.0,2650.0,2350.0,1786330,1177834,2503.0,1063,2504.0,933,2505.0,724,2506.0,882,2507.0,527,2508.0,580,2509.0,371,2510.0,447,2511.0,582,2512.0,581,2508.0
RM409,,13:38:42.750#,2527.0,2533.0,2487.0,2650.0,2350.0,1786330,1177834,2503.0,1063,2504.0,933,2505.0,724,2506.0,882,2507.0,527,2508.0,581,2509.0,371,2510.0,447,2511.0,582,2512.0,581,2508.0
RM409,,13:38:43.0#,2527.0,2533.0,2487.0,2650.0,2350.0,1786330,1177834,2503.0,1063,2504.0,933,2505.0,724,2506.0,881,2507.0,527,2508.0,580,2509.0,381,2510.0,447,2511.0,582,2512.0,581,2508.0
RM409,,13:38:43.250#,2527.0,2533.0,2487.0,2650.0,2350.0,1786331,1177835,2503.0,1063,2504.0,933,2505.0,734,2506.0,881,2507.0,527,2508.0,580,2509.0,381,2510.0,447,2511.0,582,2512.0,581,2507.0
RM409,,13:38:43.500#,2527.0,2533.0,2487.0,2650.0,2350.0,1786332,1177836,2503.0,1057,2504.0,934,2505.0,734,2506.0,880,2507.0,528,2508.0,579,2509.0,381,2510.0,447,2511.0,582,2512.0,581,2508.0
RM409,,13:38:43.750#,2527.0,2533.0,2487.0,2650.0,2350.0,1786335,1177836,2503.0,1057,2504.0,934,2505.0,734,2506.0,880,2507.0,529,2508.0,577,2509.0,381,2510.0,447,2511.0,582,2512.0,581,2507.0
RM409,,13:38:44.0#,2527.0,2533.0,2487.0,2650.0,2350.0,1786346,1177841,2503.0,1057,2504.0,934,2505.0,732,2506.0,880,2507.0,526,2508.0,573,2509.0,381,2510.0,447,2511.0,582,2512.0,581,2507.0
RM409,,13:38:44.250#,2527.0,2533.0,2487.0,2650.0,2350.0,1786349,1177841,2503.0,1057,2504.0,934,2505.0,732,2506.0,881,2507.0,533,2508.0,572,2509.0,381,2510.0,447,2511.0,582,2512.0,583,2507.0
RM409,,13:38:44.500#,2527.0,2533.0,2487.0,2650.0,2350.0,1786364,1177848,2503.0,1057,2504.0,934,2505.0,732,2506.0,882,2507.0,662,2508.0,561,2509.0,381,2510.0,446,2511.0,582,2512.0,583,2508.0
RM409,,13:38:44.750#,2527.0,2533.0,2487.0,2650.0,2350.0,1786375,1177859,2503.0,1058,2504.0,934,2505.0,732,2506.0,882,2507.0,654,2508.0,551,2509.0,382,2510.0,446,2511.0,582,2512.0,583,2508.0
RM409,,13:38:45.0#,2527.0,2533.0,2487.0,2650.0,2350.0,1786376,1177860,2503.0,1058,2504.0,934,2505.0,732,2506.0,882,2507.0,654,2508.0,551,2509.0,382,2510.0,446,2511.0,532,2512.0,583,2508.0
RM409,,13:38:45.250#,2527.0,2533.0,2487.0,2650.0,2350.0,1786376,1177860,2503.0,1058,2504.0,934,2505.0,732,2506.0,882,2507.0,657,2508.0,553,2509.0,383,2510.0,444,2511.0,532,2512.0,583,2508.0
RM409,,13:38:45.500#,2527.0,2533.0,2487.0,2650.0,2350.0,1786377,1177860,2503.0,1058,2504.0,934,2505.0,732,2506.0,882,2507.0,662,2508.0,553,2509.0,383,2510.0,444,2511.0,532,2512.0,583,2507.0
RM409,,13:38:45.750#,2527.0,2533.0,2487.0,2650.0,2350.0,1786378,1177859,2503.0,1058,2504.0,934,2505.0,732,2506.0,882,2507.0,688,2508.0,558,2509.0,379,2510.0,444,2511.0,532,2512.0,583,2507.0
RM409,,13:38:46.0#,2527.0,2533.0,2487.0,2650.0,2350.0,1786378,1177859,2503.0,1058,2504.0,934,2505.0,732,2506.0,883,2507.0,688,2508.0,564,2509.0,368,2510.0,444,2511.0,532,2512.0,583,2507.0
RM409,,13:38:46.250#,2527.0,2533.0,2487.0,2650.0,2350.0,1786410,1177872,2503.0,1058,2504.0,934,2505.0,732,2506.0,883,2507.0,734,2508.0,583,2509.0,368,2510.0,444,2511.0,532,2512.0,583,2507.0
RM409,,13:38:46.500#,2527.0,2533.0,2487.0,2650.0,2350.0,1786410,1177872,2503.0,1058,2504.0,934,2505.0,740,2506.0,883,2507.0,735,2508.0,583,2509.0,368,2510.0,444,2511.0,532,2512.0,583,2507.0
RM409,,13:38:46.750#,2527.0,2533.0,2487.0,2650.0,2350.0,1786411,1177871,2503.0,1058,2504.0,934,2505.0,740,2506.0,883,2507.0,734,2508.0,583,2509.0,368,2510.0,444,2511.0,532,2512.0,583,2507.0
RM409,,13:38:47.0#,2527.0,2533.0,2487.0,2650.0,2350.0,1786414,1177869,2503.0,1058,2504.0,934,2505.0,740,2506.0,883,2507.0,736,2508.0,583,2509.0,368,2510.0,444,2511.0,532,2512.0,583,2508.0
RM409,,13:38:47.250#,2527.0,2533.0,2487.0,2650.0,2350.0,1786419,1177864,2503.0,1058,2504.0,934,2505.0,740,2506.0,883,2507.0,730,2508.0,583,2509.0,368,2510.0,450,2511.0,533,2512.0,583,2507.0
RM409,,13:38:47.500#,2527.0,2533.0,2487.0,2650.0,2350.0,1786421,1177865,2503.0,1062,2504.0,934,2505.0,739,2506.0,883,2507.0,730,2508.0,576,2509.0,368,2510.0,450,2511.0,533,2512.0,583,2508.0
RM409,,13:38:47.750#,2527.0,2533.0,2487.0,2650.0,2350.0,1786421,1177865,2503.0,1062,2504.0,934,2505.0,739,2506.0,883,2507.0,732,2508.0,578,2509.0,368,2510.0,450,2511.0,533,2512.0,583,2508.0
RM409,,13:38:48.0#,2527.0,2533.0,2487.0,2650.0,2350.0,1786421,1177865,2503.0,1062,2504.0,934,2505.0,739,2506.0,883,2507.0,732,2508.0,578,2509.0,368,2510.0,450,2511.0,533,2512.0,583,2508.0
RM409,,13:38:48.250#,2527.0,2533.0,2487.0,2650.0,2350.0,1786421,1177865,2503.0,1062,2504.0,934,2505.0,739,2506.0,883,2507.0,732,2508.0,580,2509.0,368,2510.0,450,2511.0,533,2512.0,583,2508.0
RM409,,13:38:48.500#,2527.0,2533.0,2487.0,2650.0,2350.0,1786422,1177866,2503.0,1062,2504.0,934,2505.0,739,2506.0,883,2507.0,739,2508.0,582,2509.0,368,2510.0,450,2511.0,533,2512.0,583,2508.0
RM409,,13:38:48.750#,2527.0,2533.0,2487.0,2650.0,2350.0,1786422,1177866,2503.0,1062,2504.0,934,2505.0,739,2506.0,884,2507.0,743,2508.0,583,2509.0,368,2510.0,450,2511.0,533,2512.0,583,2508.0
RM409,,13:38:49.250#,2527.0,2533.0,2487.0,2650.0,2350.0,1786431,1177873,2503.0,1062,2504.0,934,2505.0,741,2506.0,882,2507.0,743,2508.0,574,2509.0,368,2510.0,450,2511.0,533,2512.0,583,2507.0
RM409,,13:38:49.500#,2527.0,2533.0,2487.0,2650.0,2350.0,1786432,1177873,2503.0,1062,2504.0,934,2505.0,741,2506.0,882,2507.0,750,2508.0,572,2509.0,368,2510.0,450,2511.0,533,2512.0,583,2508.0
RM409,,13:38:49.750#,2527.0,2533.0,2487.0,2650.0,2350.0,1786441,1177874,2503.0,1062,2504.0,934,2505.0,741,2506.0,882,2507.0,747,2508.0,567,2509.0,368,2510.0,450,2511.0,533,2512.0,583,2508.0
RM409,,13:38:50.0#,2527.0,2533.0,2487.0,2650.0,2350.0,1786944,1177376,2503.0,1062,2504.0,934,2505.0,741,2506.0,881,2507.0,742,2508.0,565,2509.0,368,2510.0,451,2511.0,533,2512.0,583,2508.0
RM409,,13:38:50.250#,2527.0,2533.0,2487.0,2650.0,2350.0,1786948,1177373,2503.0,1062,2504.0,934,2505.0,741,2506.0,881,2507.0,735,2508.0,565,2509.0,368,2510.0,451,2511.0,533,2512.0,583,2507.0
RM409,,13:38:50.500#,2527.0,2533.0,2487.0,2650.0,2350.0,1786962,1177367,2503.0,1062,2504.0,934,2505.0,741,2506.0,881,2507.0,739,2508.0,565,2509.0,368,2510.0,451,2511.0,533,2512.0,583,2507.0
RM409,,13:38:50.750#,2527.0,2533.0,2487.0,2650.0,2350.0,1786962,1177367,2503.0,1062,2504.0,934,2505.0,741,2506.0,891,2507.0,732,2508.0,565,2509.0,368,2510.0,451,2511.0,533,2512.0,583,2507.0
RM409,,13:38:51.0#,2527.0,2533.0,2487.0,2650.0,2350.0,1786962,1177367,2503.0,1062,2504.0,934,2505.0,741,2506.0,892,2507.0,727,2508.0,570,2509.0,368,2510.0,451,2511.0,533,2512.0,582,2507.0
RM409,,13:38:51.250#,2527.0,2533.0,2487.0,2650.0,2350.0,1786963,1177368,2503.0,1062,2504.0,934,2505.0,741,2506.0,892,2507.0,736,2508.0,565,2509.0,338,2510.0,451,2511.0,533,2512.0,582,2508.0
RM409,,13:38:51.500#,2527.0,2533.0,2487.0,2650.0,2350.0,1787023,1177368,2503.0,1062,2504.0,934,2505.0,741,2506.0,892,2507.0,733,2508.0,505,2509.0,339,2510.0,451,2511.0,533,2512.0,582,2508.0
RM409,,13:38:51.750#,2527.0,2533.0,2487.0,2650.0,2350.0,1787023,1177368,2503.0,1062,2504.0,934,2505.0,741,2506.0,892,2507.0,772,2508.0,505,2509.0,339,2510.0,451,2511.0,533,2512.0,582,2508.0
RM409,,13:38:52.0#,2527.0,2533.0,2487.0,2650.0,2350.0,1787030,1177375,2503.0,1062,2504.0,934,2505.0,741,2506.0,892,2507.0,779,2508.0,501,2509.0,339,2510.0,451,2511.0,533,2512.0,582,2508.0
RM409,,13:38:52.250#,2527.0,2533.0,2487.0,2650.0,2350.0,1787030,1177375,2503.0,1062,2504.0,934,2505.0,741,2506.0,902,2507.0,788,2508.0,501,2509.0,339,2510.0,451,2511.0,535,2512.0,582,2508.0
RM409,,13:38:52.500#,2527.0,2533.0,2487.0,2650.0,2350.0,1787040,1177369,2503.0,1062,2504.0,934,2505.0,741,2506.0,883,2507.0,783,2508.0,496,2509.0,339,2510.0,451,2511.0,535,2512.0,582,2508.0
RM409,,13:38:52.750#,2527.0,2533.0,2487.0,2650.0,2350.0,1787046,1177374,2503.0,1062,2504.0,934,2505.0,741,2506.0,883,2507.0,785,2508.0,492,2509.0,339,2510.0,451,2511.0,535,2512.0,582,2508.0
RM409,,13:38:53.0#,2527.0,2533.0,2487.0,2650.0,2350.0,1787072,1177374,2503.0,1062,2504.0,934,2505.0,741,2506.0,883,2507.0,790,2508.0,466,2509.0,339,2510.0,451,2511.0,535,2512.0,582,2508.0
RM409,,13:38:53.250#,2527.0,2533.0,2487.0,2650.0,2350.0,1787078,1177373,2503.0,1062,2504.0,934,2505.0,741,2506.0,883,2507.0,804,2508.0,465,2509.0,339,2510.0,451,2511.0,536,2512.0,582,2507.0
RM409,,13:38:53.500#,2527.0,2533.0,2487.0,2650.0,2350.0,1787085,1177369,2503.0,1062,2504.0,934,2505.0,741,2506.0,883,2507.0,797,2508.0,465,2509.0,339,2510.0,451,2511.0,536,2512.0,582,2507.0
RM409,,13:38:53.750#,2527.0,2533.0,2487.0,2650.0,2350.0,1787097,1177369,2503.0,1062,2504.0,934,2505.0,741,2506.0,883,2507.0,793,2508.0,457,2509.0,339,2510.0,452,2511.0,536,2512.0,582,2508.0
RM409,,13:38:54.0#,2527.0,2533.0,2487.0,2650.0,2350.0,1787097,1177369,2503.0,1062,2504.0,934,2505.0,741,2506.0,883,2507.0,800,2508.0,457,2509.0,339,2510.0,452,2511.0,536,2512.0,582,2508.0
RM409,,13:38:54.250#,2527.0,2533.0,2487.0,2650.0,2350.0,1787112,1177354,2503.0,1062,2504.0,934,2505.0,741,2506.0,883,2507.0,810,2508.0,457,2509.0,339,2510.0,452,2511.0,537,2512.0,582,2507.0
RM409,,13:38:54.500#,2527.0,2533.0,2487.0,2650.0,2350.0,1787117,1177349,2503.0,1062,2504.0,933,2505.0,741,2506.0,883,2507.0,809,2508.0,457,2509.0,339,2510.0,452,2511.0,537,2512.0,582,2507.0
RM409,,13:38:54.750#,2527.0,2533.0,2487.0,2650.0,2350.0,1787119,1177349,2503.0,1062,2504.0,933,2505.0,741,2506.0,888,2507.0,807,2508.0,456,2509.0,339,2510.0,451,2511.0,537,2512.0,582,2508.0
RM409,,13:38:55.0#,2527.0,2533.0,2487.0,2650.0,2350.0,1787119,1177349,2503.0,1062,2504.0,933,2505.0,741,2506.0,888,2507.0,834,2508.0,464,2509.0,339,2510.0,451,2511.0,537,2512.0,582,2508.0
RM409,,13:38:55.250#,2527.0,2533.0,2487.0,2650.0,2350.0,1787120,1177349,2503.0,1062,2504.0,933,2505.0,741,2506.0,888,2507.0,837,2508.0,463,2509.0,339,2510.0,451,2511.0,537,2512.0,582,2508.0
RM409,,13:38:55.500#,2527.0,2533.0,2487.0,2650.0,2350.0,1787122,1177351,2503.0,1062,2504.0,933,2505.0,741,2506.0,888,2507.0,843,2508.0,461,2509.0,339,2510.0,451,2511.0,536,2512.0,582,2508.0
RM409,,13:38:55.750#,2527.0,2533.0,2487.0,2650.0,2350.0,1787122,1177351,2503.0,1062,2504.0,933,2505.0,741,2506.0,890,2507.0,846,2508.0,461,2509.0,339,2510.0,451,2511.0,536,2512.0,582,2508.0
RM409,,13:38:56.0#,2527.0,2533.0,2487.0,2650.0,2350.0,1787125,1177352,2503.0,1062,2504.0,933,2505.0,741,2506.0,890,2507.0,848,2508.0,459,2509.0,339,2510.0,451,2511.0,536,2512.0,582,2507.0
RM409,,13:38:56.500#,2527.0,2533.0,2487.0,2650.0,2350.0,1787138,1177350,2503.0,1062,2504.0,932,2505.0,741,2506.0,890,2507.0,838,2508.0,459,2509.0,339,2510.0,451,2511.0,536,2512.0,582,2507.0
RM409,,13:38:56.750#,2527.0,2533.0,2487.0,2650.0,2350.0,1787138,1177350,2503.0,1062,2504.0,932,2505.0,741,2506.0,890,2507.0,838,2508.0,459,2509.0,339,2510.0,451,2511.0,536,2512.0,589,2507.0
RM409,,13:38:57.0#,2527.0,2533.0,2487.0,2650.0,2350.0,1787147,1177359,2503.0,1062,2504.0,932,2505.0,741,2506.0,890,2507.0,839,2508.0,450,2509.0,339,2510.0,451,2511.0,536,2512.0,589,2508.0
RM409,,13:38:57.250#,2527.0,2533.0,2487.0,2650.0,2350.0,1787147,1177359,2503.0,1062,2504.0,932,2505.0,741,2506.0,890,2507.0,840,2508.0,450,2509.0,339,2510.0,451,2511.0,536,2512.0,589,2508.0
RM409,,13:38:57.500#,2527.0,2533.0,2487.0,2650.0,2350.0,1787156,1177351,2503.0,1062,2504.0,932,2505.0,741,2506.0,892,2507.0,832,2508.0,449,2509.0,339,2510.0,451,2511.0,536,2512.0,589,2508.0
RM409,,13:38:57.750#,2527.0,2533.0,2487.0,2650.0,2350.0,1787158,1177350,2503.0,1062,2504.0,932,2505.0,741,2506.0,892,2507.0,831,2508.0,448,2509.0,339,2510.0,450,2511.0,536,2512.0,589,2508.0
RM409,,13:38:58.0#,2527.0,2533.0,2487.0,2650.0,2350.0,1787158,1177350,2503.0,1062,2504.0,932,2505.0,741,2506.0,894,2507.0,831,2508.0,448,2509.0,339,2510.0,450,2511.0,536,2512.0,589,2508.0
RM409,,13:38:58.250#,2527.0,2533.0,2487.0,2650.0,2350.0,1787159,1177350,2503.0,1062,2504.0,932,2505.0,741,2506.0,894,2507.0,831,2508.0,467,2509.0,339,2510.0,450,2511.0,536,2512.0,589,2508.0
RM409,,13:38:58.500#,2527.0,2533.0,2487.0,2650.0,2350.0,1787161,1177348,2503.0,1062,2504.0,932,2505.0,741,2506.0,894,2507.0,829,2508.0,467,2509.0,339,2510.0,449,2511.0,536,2512.0,589,2507.0
RM409,,13:38:58.750#,2527.0,2533.0,2487.0,2650.0,2350.0,1787171,1177348,2503.0,1062,2504.0,932,2505.0,741,2506.0,894,2507.0,829,2508.0,458,2509.0,339,2510.0,450,2511.0,536,2512.0,589,2507.0
RM409,,13:38:59.0#,2527.0,2533.0,2487.0,2650.0,2350.0,1787174,1177348,2503.0,1062,2504.0,932,2505.0,741,2506.0,894,2507.0,830,2508.0,456,2509.0,339,2510.0,450,2511.0,536,2512.0,589,2508.0
RM409,,13:38:59.250#,2527.0,2533.0,2487.0,2650.0,2350.0,1787176,1177350,2503.0,1062,2504.0,932,2505.0,741,2506.0,894,2507.0,830,2508.0,461,2509.0,329,2510.0,450,2511.0,536,2512.0,589,2508.0
RM409,,13:38:59.500#,2527.0,2533.0,2487.0,2650.0,2350.0,1787181,1177346,2503.0,1062,2504.0,933,2505.0,741,2506.0,894,2507.0,827,2508.0,460,2509.0,329,2510.0,450,2511.0,536,2512.0,589,2508.0
RM409,,13:38:59.750#,2527.0,2533.0,2487.0,2650.0,2350.0,1787186,1177345,2503.0,1062,2504.0,933,2505.0,738,2506.0,894,2507.0,828,2508.0,459,2509.0,329,2510.0,450,2511.0,536,2512.0,589,2507.0
RM409,,13:39:00.0#,2527.0,2533.0,2487.0,2650.0,2350.0,1787191,1177340,2503.0,1062,2504.0,933,2505.0,738,2506.0,894,2507.0,823,2508.0,461,2509.0,329,2510.0,450,2511.0,536,2512.0,589,2507.0
RM409,,13:39:00.250#,2527.0,2533.0,2487.0,2650.0,2350.0,1787194,1177338,2503.0,1062,2504.0,933,2505.0,738,2506.0,894,2507.0,824,2508.0,462,2509.0,329,2510.0,450,2511.0,536,2512.0,589,2507.0
RM409,,13:39:00.500#,2527.0,2533.0,2487.0,2650.0,2350.0,1787199,1177336,2503.0,1062,2504.0,933,2505.0,738,2506.0,894,2507.0,826,2508.0,460,2509.0,329,2510.0,450,2511.0,536,2512.0,589,2508.0
RM409,,13:39:00.750#,2527.0,2533.0,2487.0,2650.0,2350.0,1787239,1177296,2503.0,1062,2504.0,933,2505.0,738,2506.0,894,2507.0,786,2508.0,465,2509.0,329,2510.0,449,2511.0,536,2512.0,589,2507.0
RM409,,13:39:01.0#,2527.0,2533.0,2487.0,2650.0,2350.0,1787240,1177297,2503.0,1062,2504.0,933,2505.0,738,2506.0,894,2507.0,786,2508.0,470,2509.0,329,2510.0,449,2511.0,536,2512.0,589,2508.0
RM409,,13:39:01.250#,2527.0,2533.0,2487.0,2650.0,2350.0,1787243,1177297,2503.0,1062,2504.0,933,2505.0,738,2506.0,892,2507.0,800,2508.0,471,2509.0,329,2510.0,454,2511.0,536,2512.0,589,2507.0
RM409,,13:39:01.500#,2527.0,2533.0,2487.0,2650.0,2350.0,1787248,1177292,2503.0,1062,2504.0,933,2505.0,738,2506.0,892,2507.0,810,2508.0,472,2509.0,330,2510.0,454,2511.0,536,2512.0,589,2507.0
RM409,,13:39:01.750#,2527.0,2533.0,2487.0,2650.0,2350.0,1787261,1177290,2503.0,1062,2504.0,933,2505.0,738,2506.0,892,2507.0,799,2508.0,462,2509.0,330,2510.0,454,2511.0,536,2512.0,589,2508.0
RM409,,13:39:02.0#,2527.0,2533.0,2487.0,2650.0,2350.0,1787262,1177291,2503.0,1062,2504.0,933,2505.0,738,2506.0,892,2507.0,829,2508.0,462,2509.0,330,2510.0,454,2511.0,536,2512.0,589,2507.0
RM409,,13:39:02.250#,2527.0,2533.0,2487.0,2650.0,2350.0,1787263,1177292,2503.0,1062,2504.0,933,2505.0,738,2506.0,892,2507.0,832,2508.0,461,2509.0,330,2510.0,454,2511.0,536,2512.0,589,2508.0
RM409,,13:39:02.500#,2527.0,2533.0,2487.0,2650.0,2350.0,1787271,1177286,2503.0,1062,2504.0,933,2505.0,738,2506.0,892,2507.0,828,2508.0,461,2509.0,330,2510.0,453,2511.0,536,2512.0,589,2507.0
RM409,,13:39:02.750#,2527.0,2533.0,2487.0,2650.0,2350.0,1787273,1177285,2503.0,1062,2504.0,933,2505.0,737,2506.0,892,2507.0,826,2508.0,461,2509.0,330,2510.0,453,2511.0,536,2512.0,589,2507.0
RM409,,13:39:03.0#,2527.0,2533.0,2487.0,2650.0,2350.0,1787273,1177285,2503.0,1062,2504.0,933,2505.0,737,2506.0,888,2507.0,827,2508.0,464,2509.0,330,2510.0,453,2511.0,536,2512.0,589,2507.0
RM409,,13:39:03.250#,2527.0,2533.0,2487.0,2650.0,2350.0,1787273,1177285,2503.0,1062,2504.0,933,2505.0,737,2506.0,888,2507.0,827,2508.0,464,2509.0,330,2510.0,453,2511.0,536,2512.0,589,2507.0
RM409,,13:39:03.500#,2527.0,2533.0,2487.0,2650.0,2350.0,1787275,1177283,2503.0,1062,2504.0,933,2505.0,737,2506.0,888,2507.0,826,2508.0,465,2509.0,330,2510.0,453,2511.0,536,2512.0,589,2507.0
RM409,,13:39:03.750#,2527.0,2533.0,2487.0,2650.0,2350.0,1787275,1177283,2503.0,1062,2504.0,933,2505.0,737,2506.0,888,2507.0,862,2508.0,467,2509.0,330,2510.0,453,2511.0,536,2512.0,589,2507.0
RM409,,13:39:04.0#,2527.0,2533.0,2487.0,2650.0,2350.0,1787275,1177283,2503.0,1063,2504.0,933,2505.0,737,2506.0,888,2507.0,862,2508.0,467,2509.0,330,2510.0,453,2511.0,536,2512.0,589,2507.0
RM409,,13:39:04.250#,2527.0,2533.0,2487.0,2650.0,2350.0,1787275,1177283,2503.0,1063,2504.0,933,2505.0,737,2506.0,888,2507.0,864,2508.0,471,2509.0,330,2510.0,453,2511.0,536,2512.0,589,2507.0
RM409,,13:39:04.500#,2527.0,2533.0,2487.0,2650.0,2350.0,1787279,1177279,2503.0,1063,2504.0,933,2505.0,737,2506.0,888,2507.0,864,2508.0,471,2509.0,330,2510.0,453,2511.0,536,2512.0,589,2507.0
RM409,,13:39:04.750#,2527.0,2533.0,2487.0,2650.0,2350.0,1787279,1177279,2503.0,1063,2504.0,933,2505.0,737,2506.0,888,2507.0,854,2508.0,471,2509.0,330,2510.0,453,2511.0,536,2512.0,589,2507.0
RM409,,13:39:05.0#,2527.0,2533.0,2487.0,2650.0,2350.0,1787289,1177279,2503.0,1063,2504.0,933,2505.0,737,2506.0,888,2507.0,853,2508.0,471,2509.0,330,2510.0,453,2511.0,536,2512.0,589,2507.0
RM409,,13:39:05.250#,2527.0,2533.0,2487.0,2650.0,2350.0,1787289,1177279,2503.0,1063,2504.0,933,2505.0,737,2506.0,888,2507.0,853,2508.0,471,2509.0,330,2510.0,453,2511.0,536,2512.0,589,2507.0
RM409,,13:39:05.500#,2527.0,2533.0,2487.0,2650.0,2350.0,1787292,1177279,2503.0,1063,2504.0,933,2505.0,737,2506.0,888,2507.0,858,2508.0,470,2509.0,330,2510.0,453,2511.0,536,2512.0,589,2508.0
RM409,,13:39:05.750#,2527.0,2533.0,2487.0,2650.0,2350.0,1787307,1177289,2503.0,1063,2504.0,933,2505.0,737,2506.0,888,2507.0,858,2508.0,457,2509.0,330,2510.0,451,2511.0,536,2512.0,589,2508.0
RM409,,13:39:06.0#,2527.0,2533.0,2487.0,2650.0,2350.0,1787308,1177289,2503.0,1063,2504.0,933,2505.0,737,2506.0,888,2507.0,858,2508.0,458,2509.0,330,2510.0,451,2511.0,536,2512.0,589,2507.0
RM409,,13:39:06.250#,2527.0,2533.0,2487.0,2650.0,2350.0,1787312,1177290,2503.0,1063,2504.0,932,2505.0,737,2506.0,888,2507.0,859,2508.0,463,2509.0,330,2510.0,451,2511.0,536,2512.0,589,2507.0
RM409,,13:39:06.500#,2527.0,2533.0,2487.0,2650.0,2350.0,1787316,1177290,2503.0,1063,2504.0,932,2505.0,737,2506.0,888,2507.0,851,2508.0,463,2509.0,330,2510.0,451,2511.0,536,2512.0,589,2507.0
RM409,,13:39:06.750#,2527.0,2533.0,2487.0,2650.0,2350.0,1787316,1177290,2503.0,1063,2504.0,932,2505.0,737,2506.0,888,2507.0,851,2508.0,464,2509.0,330,2510.0,451,2511.0,536,2512.0,589,2507.0
RM409,,13:39:07.0#,2527.0,2533.0,2487.0,2650.0,2350.0,1787316,1177290,2503.0,1063,2504.0,932,2505.0,737,2506.0,888,2507.0,853,2508.0,464,2509.0,330,2510.0,451,2511.0,536,2512.0,589,2507.0
RM409,,13:39:07.250#,2527.0,2533.0,2487.0,2650.0,2350.0,1787318,1177291,2503.0,1063,2504.0,932,2505.0,737,2506.0,884,2507.0,857,2508.0,464,2509.0,330,2510.0,451,2511.0,536,2512.0,582,2507.0
RM409,,13:39:07.500#,2527.0,2533.0,2487.0,2650.0,2350.0,1787323,1177292,2503.0,1063,2504.0,932,2505.0,737,2506.0,884,2507.0,856,2508.0,463,2509.0,330,2510.0,451,2511.0,536,2512.0,582,2508.0
RM409,,13:39:07.750#,2527.0,2533.0,2487.0,2650.0,2350.0,1787324,1177293,2503.0,1063,2504.0,932,2505.0,737,2506.0,884,2507.0,856,2508.0,463,2509.0,330,2510.0,451,2511.0,536,2512.0,582,2507.0
RM409,,13:39:08.0#,2527.0,2533.0,2487.0,2650.0,2350.0,1787344,1177287,2503.0,1063,2504.0,932,2505.0,737,2506.0,884,2507.0,852,2508.0,463,2509.0,330,2510.0,451,2511.0,536,2512.0,582,2507.0
RM409,,13:39:08.250#,2527.0,2533.0,2487.0,2650.0,2350.0,1787346,1177289,2503.0,1063,2504.0,932,2505.0,737,2506.0,884,2507.0,853,2508.0,463,2509.0,330,2510.0,451,2511.0,536,2512.0,582,2507.0
RM409,,13:39:08.500#,2527.0,2533.0,2487.0,2650.0,2350.0,1787350,1177289,2503.0,1063,2504.0,932,2505.0,737,2506.0,884,2507.0,848,2508.0,463,2509.0,331,2510.0,451,2511.0,536,2512.0,582,2507.0
RM409,,13:39:08.750#,2527.0,2533.0,2487.0,2650.0,2350.0,1787350,1177289,2503.0,1063,2504.0,932,2505.0,737,2506.0,885,2507.0,851,2508.0,476,2509.0,331,2510.0,451,2511.0,536,2512.0,582,2507.0
RM409,,13:39:09.0#,2527.0,2533.0,2487.0,2650.0,2350.0,1787365,1177304,2503.0,1064,2504.0,932,2505.0,737,2506.0,885,2507.0,853,2508.0,461,2509.0,331,2510.0,421,2511.0,536,2512.0,582,2508.0
RM409,,13:39:09.250#,2527.0,2533.0,2487.0,2650.0,2350.0,1787367,1177305,2503.0,1064,2504.0,932,2505.0,737,2506.0,885,2507.0,858,2508.0,465,2509.0,331,2510.0,421,2511.0,536,2512.0,582,2507.0
RM409,,13:39:09.500#,2527.0,2533.0,2487.0,2650.0,2350.0,1787372,1177300,2503.0,1064,2504.0,932,2505.0,737,2506.0,885,2507.0,855,2508.0,465,2509.0,331,2510.0,421,2511.0,536,2512.0,582,2507.0
RM409,,13:39:10.0#,2527.0,2533.0,2487.0,2650.0,2350.0,1787382,1177310,2503.0,1064,2504.0,932,2505.0,737,2506.0,885,2507.0,857,2508.0,456,2509.0,331,2510.0,421,2511.0,536,2512.0,582,2508.0
RM409,,13:39:10.250#,2527.0,2533.0,2487.0,2650.0,2350.0,1787383,1177311,2503.0,1064,2504.0,932,2505.0,738,2506.0,885,2507.0,857,2508.0,457,2509.0,331,2510.0,421,2511.0,536,2512.0,582,2508.0
RM409,,13:39:10.500#,2527.0,2533.0,2487.0,2650.0,2350.0,1787384,1177312,2503.0,1064,2504.0,932,2505.0,738,2506.0,885,2507.0,859,2508.0,462,2509.0,331,2510.0,421,2511.0,536,2512.0,582,2508.0
RM409,,13:39:10.750#,2527.0,2533.0,2487.0,2650.0,2350.0,1787397,1177310,2503.0,1064,2504.0,932,2505.0,738,2506.0,885,2507.0,851,2508.0,462,2509.0,331,2510.0,421,2511.0,536,2512.0,582,2507.0
RM409,,13:39:11.0#,2527.0,2533.0,2487.0,2650.0,2350.0,1787397,1177310,2503.0,1064,2504.0,932,2505.0,738,2506.0,885,2507.0,852,2508.0,463,2509.0,331,2510.0,420,2511.0,536,2512.0,580,2507.0
RM409,,13:39:11.250#,2527.0,2533.0,2487.0,2650.0,2350.0,1787407,1177310,2503.0,1064,2504.0,932,2505.0,738,2506.0,885,2507.0,843,2508.0,463,2509.0,331,2510.0,420,2511.0,536,2512.0,580,2507.0
RM409,,13:39:11.500#,2527.0,2533.0,2487.0,2650.0,2350.0,1787412,1177311,2503.0,1064,2504.0,932,2505.0,738,2506.0,886,2507.0,845,2508.0,462,2509.0,331,2510.0,420,2511.0,536,2512.0,580,2508.0
RM409,,13:39:11.750#,2527.0,2533.0,2487.0,2650.0,2350.0,1787412,1177311,2503.0,1064,2504.0,932,2505.0,738,2506.0,886,2507.0,846,2508.0,462,2509.0,331,2510.0,420,2511.0,536,2512.0,580,2508.0
RM409,,13:39:12.0#,2527.0,2533.0,2487.0,2650.0,2350.0,1787423,1177313,2503.0,1064,2504.0,932,2505.0,738,2506.0,886,2507.0,836,2508.0,461,2509.0,331,2510.0,420,2511.0,536,2512.0,580,2507.0
RM409,,13:39:12.250#,2527.0,2533.0,2487.0,2650.0,2350.0,1787723,1177533,2503.0,1064,2504.0,932,2505.0,738,2506.0,886,2507.0,539,2508.0,591,2509.0,331,2510.0,420,2511.0,536,2512.0,484,2507.0
RM409,,13:39:12.500#,2527.0,2533.0,2487.0,2650.0,2350.0,1787973,1177471,2503.0,1064,2504.0,932,2505.0,738,2506.0,890,2507.0,302,2508.0,590,2509.0,322,2510.0,420,2511.0,536,2512.0,484,2507.0
RM409,,13:39:12.750#,2527.0,2533.0,2487.0,2650.0,2350.0,1788083,1177525,2503.0,1064,2504.0,932,2505.0,738,2506.0,890,2507.0,193,2508.0,649,2509.0,322,2510.0,420,2511.0,536,2512.0,484,2507.0
RM409,,13:39:13.0#,2527.0,2533.0,2487.0,2650.0,2350.0,1788127,1177543,2503.0,1064,2504.0,932,2505.0,738,2506.0,893,2507.0,153,2508.0,647,2509.0,322,2510.0,421,2511.0,536,2512.0,484,2507.0
RM409,,13:39:13.250#,2527.0,2533.0,2487.0,2650.0,2350.0,1788139,1177534,2503.0,1064,2504.0,932,2505.0,738,2506.0,888,2507.0,142,2508.0,668,2509.0,322,2510.0,421,2511.0,536,2512.0,485,2507.0
RM409,,13:39:13.500#,2527.0,2533.0,2487.0,2650.0,2350.0,1788286,1177633,2502.0,1026,2503.0,1064,2504.0,932,2505.0,738,2506.0,888,2507.0,2,2508.0,644,2509.0,322,2510.0,421,2511.0,537,2507.0
RM409,,13:39:13.750#,2527.0,2533.0,2487.0,2650.0,2350.0,1788289,1177632,2502.0,1027,2503.0,1052,2504.0,933,2505.0,738,2506.0,1025,2507.0,73,2508.0,664,2509.0,327,2510.0,423,2511.0,537,2507.0
RM409,,13:39:14.0#,2527.0,2533.0,2487.0,2650.0,2350.0,1788407,1177585,2502.0,1027,2503.0,1052,2504.0,933,2505.0,738,2506.0,1009,2507.0,40,2508.0,659,2509.0,326,2510.0,422,2511.0,537,2506.0
RM409,,13:39:14.250#,2527.0,2533.0,2487.0,2650.0,2350.0,1788458,1177589,2502.0,1027,2503.0,1052,2504.0,933,2505.0,740,2506.0,1000,2507.0,109,2508.0,656,2509.0,326,2510.0,422,2511.0,537,2506.0
RM409,,13:39:14.500#,2527.0,2533.0,2487.0,2650.0,2350.0,1788589,1177555,2502.0,1027,2503.0,1052,2504.0,933,2505.0,740,2506.0,904,2507.0,145,2508.0,655,2509.0,326,2510.0,421,2511.0,537,2507.0
RM409,,13:39:14.750#,2527.0,2533.0,2487.0,2650.0,2350.0,1788604,1177557,2502.0,1027,2503.0,1052,2504.0,933,2505.0,740,2506.0,765,2507.0,308,2508.0,661,2509.0,326,2510.0,421,2511.0,537,2506.0
RM409,,13:39:15.0#,2527.0,2533.0,2487.0,2650.0,2350.0,1788604,1177557,2502.0,1027,2503.0,1052,2504.0,933,2505.0,741,2506.0,763,2507.0,318,2508.0,658,2509.0,324,2510.0,421,2511.0,537,2506.0
RM409,,13:39:15.250#,2527.0,2533.0,2487.0,2650.0,2350.0,1788606,1177557,2502.0,1027,2503.0,1052,2504.0,933,2505.0,741,2506.0,761,2507.0,317,2508.0,658,2509.0,324,2510.0,421,2511.0,537,2506.0
RM409,,13:39:15.500#,2527.0,2533.0,2487.0,2650.0,2350.0,1788607,1177558,2502.0,1027,2503.0,1052,2504.0,933,2505.0,741,2506.0,758,2507.0,317,2508.0,658,2509.0,324,2510.0,421,2511.0,537,2506.0
RM409,,13:39:15.750#,2527.0,2533.0,2487.0,2650.0,2350.0,1788614,1177565,2502.0,1027,2503.0,1052,2504.0,933,2505.0,741,2506.0,756,2507.0,313,2508.0,661,2509.0,324,2510.0,421,2511.0,537,2507.0
RM409,,13:39:16.0#,2527.0,2533.0,2487.0,2650.0,2350.0,1788619,1177570,2502.0,1027,2503.0,1051,2504.0,933,2505.0,741,2506.0,756,2507.0,312,2508.0,661,2509.0,325,2510.0,421,2511.0,537,2507.0
RM409,,13:39:16.250#,2527.0,2533.0,2487.0,2650.0,2350.0,1788629,1177575,2502.0,1027,2503.0,1051,2504.0,933,2505.0,741,2506.0,746,2507.0,313,2508.0,660,2509.0,325,2510.0,421,2511.0,537,2506.0
RM409,,13:39:16.500#,2527.0,2533.0,2487.0,2650.0,2350.0,1788633,1177577,2502.0,1027,2503.0,1051,2504.0,933,2505.0,741,2506.0,745,2507.0,310,2508.0,659,2509.0,325,2510.0,421,2511.0,538,2506.0
RM409,,13:39:16.750#,2527.0,2533.0,2487.0,2650.0,2350.0,1788637,1177577,2502.0,1027,2503.0,1051,2504.0,933,2505.0,741,2506.0,734,2507.0,307,2508.0,659,2509.0,325,2510.0,421,2511.0,538,2507.0
RM409,,13:39:17.0#,2527.0,2533.0,2487.0,2650.0,2350.0,1788638,1177578,2502.0,1027,2503.0,1051,2504.0,933,2505.0,741,2506.0,733,2507.0,308,2508.0,660,2509.0,325,2510.0,421,2511.0,538,2506.0
RM409,,13:39:17.250#,2527.0,2533.0,2487.0,2650.0,2350.0,1788642,1177578,2502.0,1027,2503.0,1051,2504.0,933,2505.0,741,2506.0,729,2507.0,308,2508.0,660,2509.0,325,2510.0,421,2511.0,538,2506.0
RM409,,13:39:17.500#,2527.0,2533.0,2487.0,2650.0,2350.0,1788652,1177581,2502.0,1027,2503.0,1051,2504.0,933,2505.0,741,2506.0,728,2507.0,303,2508.0,659,2509.0,325,2510.0,421,2511.0,538,2507.0
RM409,,13:39:17.750#,2527.0,2533.0,2487.0,2650.0,2350.0,1788654,1177579,2502.0,1027,2503.0,1051,2504.0,933,2505.0,741,2506.0,730,2507.0,303,2508.0,659,2509.0,325,2510.0,421,2511.0,537,2506.0
RM409,,13:39:18.0#,2527.0,2533.0,2487.0,2650.0,2350.0,1788655,1177579,2502.0,1027,2503.0,1051,2504.0,933,2505.0,741,2506.0,729,2507.0,303,2508.0,659,2509.0,325,2510.0,421,2511.0,537,2506.0
RM409,,13:39:18.250#,2527.0,2533.0,2487.0,2650.0,2350.0,1788656,1177578,2502.0,1027,2503.0,1051,2504.0,933,2505.0,741,2506.0,728,2507.0,311,2508.0,661,2509.0,325,2510.0,422,2511.0,537,2506.0
RM409,,13:39:18.500#,2527.0,2533.0,2487.0,2650.0,2350.0,1788659,1177578,2502.0,1027,2503.0,1051,2504.0,933,2505.0,741,2506.0,727,2507.0,317,2508.0,660,2509.0,325,2510.0,422,2511.0,538,2506.0
RM409,,13:39:18.750#,2527.0,2533.0,2487.0,2650.0,2350.0,1788671,1177581,2502.0,1027,2503.0,1051,2504.0,933,2505.0,741,2506.0,722,2507.0,312,2508.0,660,2509.0,326,2510.0,422,2511.0,538,2506.0
RM409,,13:39:19.0#,2527.0,2533.0,2487.0,2650.0,2350.0,1788672,1177582,2502.0,1027,2503.0,1051,2504.0,933,2505.0,738,2506.0,722,2507.0,311,2508.0,660,2509.0,326,2510.0,422,2511.0,538,2507.0
RM409,,13:39:19.250#,2527.0,2533.0,2487.0,2650.0,2350.0,1788676,1177581,2502.0,1027,2503.0,1051,2504.0,933,2505.0,739,2506.0,720,2507.0,311,2508.0,660,2509.0,326,2510.0,421,2511.0,538,2506.0
RM409,,13:39:19.500#,2527.0,2533.0,2487.0,2650.0,2350.0,1788676,1177581,2502.0,1027,2503.0,1051,2504.0,933,2505.0,739,2506.0,721,2507.0,306,2508.0,660,2509.0,326,2510.0,421,2511.0,538,2506.0
RM409,,13:39:19.750#,2527.0,2533.0,2487.0,2650.0,2350.0,1788678,1177580,2502.0,1027,2503.0,1051,2504.0,933,2505.0,739,2506.0,931,2507.0,313,2508.0,660,2509.0,326,2510.0,421,2511.0,538,2506.0
RM409,,13:39:20.0#,2527.0,2533.0,2487.0,2650.0,2350.0,1788685,1177577,2502.0,1027,2503.0,1051,2504.0,933,2505.0,740,2506.0,1054,2507.0,128,2508.0,659,2509.0,325,2510.0,421,2511.0,538,2506.0
RM409,,13:39:20.250#,2527.0,2533.0,2487.0,2650.0,2350.0,1788743,1177575,2502.0,1027,2503.0,1051,2504.0,933,2505.0,740,2506.0,1053,2507.0,36,2508.0,659,2509.0,325,2510.0,421,2511.0,538,2506.0
RM409,,13:39:20.500#,2527.0,2533.0,2487.0,2650.0,2350.0,1788841,1177561,2503.0,1051,2504.0,933,2505.0,740,2506.0,1054,2507.0,21,2508.0,710,2509.0,325,2510.0,421,2511.0,538,2512.0,485,2507.0
RM409,,13:39:20.750#,2527.0,2533.0,2487.0,2650.0,2350.0,1788845,1177561,2503.0,1051,2504.0,936,2505.0,744,2506.0,1062,2507.0,23,2508.0,696,2509.0,325,2510.0,422,2511.0,538,2512.0,486,2507.0
RM409,,13:39:21.0#,2527.0,2533.0,2487.0,2650.0,2350.0,1788885,1177570,2503.0,1051,2504.0,936,2505.0,743,2506.0,1069,2507.0,39,2508.0,694,2509.0,325,2510.0,420,2511.0,538,2512.0,486,2507.0
RM409,,13:39:21.250#,2527.0,2533.0,2487.0,2650.0,2350.0,1788953,1177603,2502.0,1030,2503.0,1051,2504.0,936,2505.0,744,2506.0,1075,2507.0,186,2508.0,659,2509.0,325,2510.0,419,2511.0,538,2507.0
RM409,,13:39:21.500#,2527.0,2533.0,2487.0,2650.0,2350.0,1788963,1177600,2502.0,1030,2503.0,1051,2504.0,936,2505.0,744,2506.0,1108,2507.0,294,2508.0,448,2509.0,325,2510.0,420,2511.0,538,2506.0
RM409,,13:39:21.750#,2527.0,2533.0,2487.0,2650.0,2350.0,1788969,1177601,2502.0,1030,2503.0,1050,2504.0,936,2505.0,744,2506.0,1093,2507.0,293,2508.0,465,2509.0,324,2510.0,420,2511.0,538,2507.0
RM409,,13:39:22.0#,2527.0,2533.0,2487.0,2650.0,2350.0,1788970,1177602,2502.0,1030,2503.0,1050,2504.0,937,2505.0,744,2506.0,1167,2507.0,528,2508.0,465,2509.0,324,2510.0,420,2511.0,538,2507.0
RM409,,13:39:22.250#,2527.0,2533.0,2487.0,2650.0,2350.0,1788973,1177605,2502.0,1030,2503.0,1050,2504.0,937,2505.0,744,2506.0,1037,2507.0,526,2508.0,466,2509.0,319,2510.0,420,2511.0,537,2507.0
RM409,,13:39:22.500#,2527.0,2533.0,2487.0,2650.0,2350.0,1788974,1177606,2502.0,1030,2503.0,1050,2504.0,937,2505.0,744,2506.0,1046,2507.0,557,2508.0,466,2509.0,319,2510.0,420,2511.0,537,2507.0
RM409,,13:39:22.750#,2527.0,2533.0,2487.0,2650.0,2350.0,1788974,1177606,2502.0,1030,2503.0,1050,2504.0,937,2505.0,744,2506.0,1051,2507.0,557,2508.0,466,2509.0,319,2510.0,420,2511.0,537,2507.0
RM409,,13:39:23.0#,2527.0,2533.0,2487.0,2650.0,2350.0,1788978,1177606,2502.0,1030,2503.0,1050,2504.0,937,2505.0,747,2506.0,1049,2507.0,556,2508.0,481,2509.0,317,2510.0,415,2511.0,537,2507.0
RM409,,13:39:23.250#,2527.0,2533.0,2487.0,2650.0,2350.0,1788980,1177607,2502.0,1015,2503.0,1050,2504.0,937,2505.0,747,2506.0,1049,2507.0,555,2508.0,481,2509.0,317,2510.0,415,2511.0,537,2507.0
RM409,,13:39:23.500#,2527.0,2533.0,2487.0,2650.0,2350.0,1788984,1177609,2502.0,1015,2503.0,1050,2504.0,937,2505.0,747,2506.0,1046,2507.0,561,2508.0,481,2509.0,317,2510.0,425,2511.0,537,2507.0
RM409,,13:39:23.750#,2527.0,2533.0,2487.0,2650.0,2350.0,1789038,1177609,2502.0,1015,2503.0,1050,2504.0,937,2505.0,747,2506.0,1043,2507.0,512,2508.0,480,2509.0,316,2510.0,425,2511.0,537,2507.0
RM409,,13:39:24.0#,2527.0,2533.0,2487.0,2650.0,2350.0,1789039,1177610,2502.0,1015,2503.0,1050,2504.0,937,2505.0,746,2506.0,1172,2507.0,512,2508.0,480,2509.0,317,2510.0,425,2511.0,537,2507.0
RM409,,13:39:24.250#,2527.0,2533.0,2487.0,2650.0,2350.0,1789041,1177609,2502.0,1015,2503.0,1050,2504.0,937,2505.0,746,2506.0,1050,2507.0,469,2508.0,480,2509.0,317,2510.0,425,2511.0,537,2506.0
RM409,,13:39:24.500#,2527.0,2533.0,2487.0,2650.0,2350.0,1789045,1177610,2502.0,1015,2503.0,1050,2504.0,936,2505.0,747,2506.0,1177,2507.0,488,2508.0,478,2509.0,317,2510.0,419,2511.0,537,2507.0
RM409,,13:39:24.750#,2527.0,2533.0,2487.0,2650.0,2350.0,1789046,1177610,2502.0,1014,2503.0,1050,2504.0,936,2505.0,747,2506.0,966,2507.0,491,2508.0,477,2509.0,317,2510.0,419,2511.0,537,2506.0
RM409,,13:39:25.0#,2527.0,2533.0,2487.0,2650.0,2350.0,1789048,1177608,2502.0,1014,2503.0,1050,2504.0,937,2505.0,747,2506.0,835,2507.0,494,2508.0,475,2509.0,317,2510.0,419,2511.0,537,2506.0
RM409,,13:39:25.250#,2527.0,2533.0,2487.0,2650.0,2350.0,1789056,1177614,2502.0,1015,2503.0,1050,2504.0,937,2505.0,747,2506.0,834,2507.0,502,2508.0,475,2509.0,317,2510.0,419,2511.0,537,2506.0
RM409,,13:39:25.500#,2527.0,2533.0,2487.0,2650.0,2350.0,1789058,1177615,2502.0,1015,2503.0,1050,2504.0,937,2505.0,747,2506.0,833,2507.0,504,2508.0,475,2509.0,317,2510.0,420,2511.0,537,2506.0
RM409,,13:39:25.750#,2527.0,2533.0,2487.0,2650.0,2350.0,1789064,1177615,2502.0,1015,2503.0,1050,2504.0,937,2505.0,747,2506.0,827,2507.0,505,2508.0,475,2509.0,317,2510.0,420,2511.0,537,2506.0
RM409,,13:39:26.0#,2527.0,2533.0,2487.0,2650.0,2350.0,1789068,1177613,2502.0,1015,2503.0,1050,2504.0,937,2505.0,747,2506.0,823,2507.0,505,2508.0,475,2509.0,317,2510.0,420,2511.0,537,2506.0
RM409,,13:39:26.250#,2527.0,2533.0,2487.0,2650.0,2350.0,1789071,1177614,2502.0,1013,2503.0,1050,2504.0,937,2505.0,747,2506.0,821,2507.0,504,2508.0,471,2509.0,317,2510.0,421,2511.0,536,2506.0
RM409,,13:39:26.500#,2527.0,2533.0,2487.0,2650.0,2350.0,1789072,1177613,2502.0,1013,2503.0,1050,2504.0,937,2505.0,749,2506.0,822,2507.0,520,2508.0,468,2509.0,317,2510.0,421,2511.0,536,2506.0
RM409,,13:39:26.750#,2527.0,2533.0,2487.0,2650.0,2350.0,1789079,1177614,2502.0,1013,2503.0,1050,2504.0,937,2505.0,749,2506.0,821,2507.0,516,2508.0,467,2509.0,317,2510.0,421,2511.0,536,2507.0
RM409,,13:39:27.0#,2527.0,2533.0,2487.0,2650.0,2350.0,1789086,1177608,2502.0,1013,2503.0,1050,2504.0,937,2505.0,749,2506.0,814,2507.0,519,2508.0,467,2509.0,317,2510.0,421,2511.0,536,2506.0
RM409,,13:39:27.250#,2527.0,2533.0,2487.0,2650.0,2350.0,1789086,1177608,2502.0,1013,2503.0,1050,2504.0,937,2505.0,749,2506.0,820,2507.0,519,2508.0,469,2509.0,317,2510.0,421,2511.0,536,2506.0
RM409,,13:39:27.500#,2527.0,2533.0,2487.0,2650.0,2350.0,1789087,1177609,2502.0,1013,2503.0,1050,2504.0,937,2505.0,749,2506.0,820,2507.0,520,2508.0,469,2509.0,317,2510.0,421,2511.0,536,2507.0
RM409,,13:39:27.750#,2527.0,2533.0,2487.0,2650.0,2350.0,1789088,1177609,2502.0,1013,2503.0,1050,2504.0,937,2505.0,749,2506.0,819,2507.0,520,2508.0,469,2509.0,317,2510.0,422,2511.0,536,2506.0
RM409,,13:39:28.0#,2527.0,2533.0,2487.0,2650.0,2350.0,1789095,1177607,2502.0,1013,2503.0,1050,2504.0,938,2505.0,750,2506.0,812,2507.0,520,2508.0,469,2509.0,317,2510.0,422,2511.0,536,2506.0
RM409,,13:39:28.250#,2527.0,2533.0,2487.0,2650.0,2350.0,1789097,1177608,2502.0,1013,2503.0,1050,2504.0,938,2505.0,750,2506.0,811,2507.0,524,2508.0,467,2509.0,317,2510.0,422,2511.0,536,2506.0
RM409,,13:39:28.500#,2527.0,2533.0,2487.0,2650.0,2350.0,1789098,1177608,2502.0,1013,2503.0,1051,2504.0,938,2505.0,750,2506.0,813,2507.0,523,2508.0,467,2509.0,317,2510.0,422,2511.0,536,2506.0
RM409,,13:39:28.750#,2527.0,2533.0,2487.0,2650.0,2350.0,1789098,1177608,2502.0,1013,2503.0,1051,2504.0,938,2505.0,760,2506.0,819,2507.0,524,2508.0,468,2509.0,317,2510.0,421,2511.0,536,2506.0
RM409,,13:39:29.0#,2527.0,2533.0,2487.0,2650.0,2350.0,1789098,1177608,2502.0,1013,2503.0,1051,2504.0,938,2505.0,760,2506.0,820,2507.0,652,2508.0,467,2509.0,318,2510.0,421,2511.0,536,2506.0
RM409,,13:39:29.250#,2527.0,2533.0,2487.0,2650.0,2350.0,1789158,1177631,2502.0,1013,2503.0,1051,2504.0,938,2505.0,760,2506.0,761,2507.0,677,2508.0,537,2509.0,318,2510.0,421,2511.0,536,2506.0
RM409,,13:39:29.500#,2527.0,2533.0,2487.0,2650.0,2350.0,1789175,1177642,2502.0,1013,2503.0,1053,2504.0,939,2505.0,760,2506.0,751,2507.0,670,2508.0,537,2509.0,318,2510.0,424,2511.0,536,2506.0
RM409,,13:39:29.750#,2527.0,2533.0,2487.0,2650.0,2350.0,1789180,1177642,2502.0,1013,2503.0,1053,2504.0,939,2505.0,760,2506.0,750,2507.0,670,2508.0,537,2509.0,318,2510.0,424,2511.0,536,2506.0
RM409,,13:39:30.0#,2527.0,2533.0,2487.0,2650.0,2350.0,1789183,1177644,2502.0,1013,2503.0,1053,2504.0,939,2505.0,760,2506.0,747,2507.0,691,2508.0,536,2509.0,318,2510.0,424,2511.0,516,2506.0
RM409,,13:39:30.250#,2527.0,2533.0,2487.0,2650.0,2350.0,1789188,1177643,2502.0,1013,2503.0,1053,2504.0,939,2505.0,760,2506.0,743,2507.0,694,2508.0,536,2509.0,318,2510.0,424,2511.0,516,2506.0
RM409,,13:39:30.500#,2527.0,2533.0,2487.0,2650.0,2350.0,1789199,1177653,2502.0,1013,2503.0,1052,2504.0,940,2505.0,760,2506.0,738,2507.0,700,2508.0,536,2509.0,319,2510.0,424,2511.0,516,2506.0
RM409,,13:39:30.750#,2527.0,2533.0,2487.0,2650.0,2350.0,1789204,1177653,2502.0,1013,2503.0,1052,2504.0,940,2505.0,760,2506.0,738,2507.0,696,2508.0,538,2509.0,319,2510.0,429,2511.0,516,2507.0
RM409,,13:39:31.0#,2527.0,2533.0,2487.0,2650.0,2350.0,1789205,1177653,2502.0,1013,2503.0,1052,2504.0,940,2505.0,760,2506.0,737,2507.0,679,2508.0,538,2509.0,319,2510.0,429,2511.0,516,2506.0
RM409,,13:39:31.250#,2527.0,2533.0,2487.0,2650.0,2350.0,1789207,1177655,2502.0,1013,2503.0,1060,2504.0,940,2505.0,760,2506.0,756,2507.0,675,2508.0,537,2509.0,319,2510.0,429,2511.0,516,2506.0
RM409,,13:39:31.500#,2527.0,2533.0,2487.0,2650.0,2350.0,1789220,1177654,2502.0,1013,2503.0,1060,2504.0,940,2505.0,760,2506.0,749,2507.0,666,2508.0,537,2509.0,319,2510.0,429,2511.0,516,2507.0
RM409,,13:39:31.750#,2527.0,2533.0,2487.0,2650.0,2350.0,1789223,1177655,2502.0,1013,2503.0,1060,2504.0,940,2505.0,760,2506.0,749,2507.0,666,2508.0,536,2509.0,319,2510.0,429,2511.0,516,2506.0
RM409,,13:39:32.0#,2527.0,2533.0,2487.0,2650.0,2350.0,1789224,1177656,2502.0,1013,2503.0,1060,2504.0,940,2505.0,760,2506.0,749,2507.0,670,2508.0,532,2509.0,319,2510.0,430,2511.0,516,2507.0
RM409,,13:39:32.250#,2527.0,2533.0,2487.0,2650.0,2350.0,1789285,1177705,2502.0,1013,2503.0,1060,2504.0,940,2505.0,760,2506.0,689,2507.0,672,2508.0,526,2509.0,319,2510.0,430,2511.0,516,2506.0
RM409,,13:39:32.500#,2527.0,2533.0,2487.0,2650.0,2350.0,1789329,1177730,2502.0,1013,2503.0,1060,2504.0,940,2505.0,780,2506.0,657,2507.0,683,2508.0,522,2509.0,319,2510.0,430,2511.0,516,2506.0
RM409,,13:39:32.750#,2527.0,2533.0,2487.0,2650.0,2350.0,1789331,1177729,2502.0,1013,2503.0,1060,2504.0,940,2505.0,780,2506.0,655,2507.0,690,2508.0,522,2509.0,318,2510.0,430,2511.0,516,2506.0
RM409,,13:39:33.0#,2527.0,2533.0,2487.0,2650.0,2350.0,1789332,1177729,2502.0,1013,2503.0,1060,2504.0,940,2505.0,780,2506.0,654,2507.0,690,2508.0,523,2509.0,318,2510.0,430,2511.0,517,2506.0
RM409,,13:39:33.250#,2527.0,2533.0,2487.0,2650.0,2350.0,1789336,1177726,2502.0,1013,2503.0,1060,2504.0,940,2505.0,783,2506.0,650,2507.0,691,2508.0,523,2509.0,318,2510.0,429,2511.0,517,2506.0
RM409,,13:39:33.500#,2527.0,2533.0,2487.0,2650.0,2350.0,1789350,1177724,2502.0,1013,2503.0,1060,2504.0,940,2505.0,783,2506.0,636,2507.0,693,2508.0,533,2509.0,318,2510.0,429,2511.0,517,2506.0
RM409,,13:39:33.750#,2527.0,2533.0,2487.0,2650.0,2350.0,1789377,1177737,2502.0,1013,2503.0,1060,2504.0,940,2505.0,783,2506.0,611,2507.0,692,2508.0,533,2509.0,318,2510.0,429,2511.0,518,2507.0
RM409,,13:39:34.0#,2527.0,2533.0,2487.0,2650.0,2350.0,1789385,1177744,2502.0,1013,2503.0,1060,2504.0,940,2505.0,783,2506.0,604,2507.0,694,2508.0,532,2509.0,318,2510.0,429,2511.0,518,2506.0
RM409,,13:39:34.250#,2527.0,2533.0,2487.0,2650.0,2350.0,1789396,1177754,2502.0,1018,2503.0,1042,2504.0,938,2505.0,783,2506.0,593,2507.0,694,2508.0,527,2509.0,318,2510.0,429,2511.0,518,2506.0
RM409,,13:39:34.500#,2527.0,2533.0,2487.0,2650.0,2350.0,1789440,1177751,2502.0,1018,2503.0,1040,2504.0,938,2505.0,793,2506.0,553,2507.0,696,2508.0,487,2509.0,318,2510.0,429,2511.0,518,2506.0
RM409,,13:39:34.750#,2527.0,2533.0,2487.0,2650.0,2350.0,1789506,1177743,2502.0,1018,2503.0,1040,2504.0,938,2505.0,793,2506.0,491,2507.0,674,2508.0,487,2509.0,318,2510.0,429,2511.0,518,2506.0
RM409,,13:39:35.0#,2527.0,2533.0,2487.0,2650.0,2350.0,1789524,1177749,2502.0,1018,2503.0,1040,2504.0,938,2505.0,793,2506.0,473,2507.0,668,2508.0,488,2509.0,318,2510.0,429,2511.0,518,2506.0
RM409,,13:39:35.250#,2527.0,2533.0,2487.0,2650.0,2350.0,1789555,1177778,2502.0,1018,2503.0,1040,2504.0,938,2505.0,803,2506.0,442,2507.0,670,2508.0,487,2509.0,318,2510.0,429,2511.0,518,2506.0
RM409,,13:39:35.500#,2527.0,2533.0,2487.0,2650.0,2350.0,1789565,1177786,2502.0,1021,2503.0,1040,2504.0,938,2505.0,802,2506.0,433,2507.0,672,2508.0,483,2509.0,318,2510.0,429,2511.0,518,2506.0
RM409,,13:39:35.750#,2527.0,2533.0,2487.0,2650.0,2350.0,1789607,1177787,2502.0,1021,2503.0,1040,2504.0,941,2505.0,802,2506.0,393,2507.0,679,2508.0,482,2509.0,318,2510.0,429,2511.0,518,2506.0
RM409,,13:39:36.0#,2527.0,2533.0,2487.0,2650.0,2350.0,1789897,1177826,2502.0,1021,2503.0,1040,2504.0,941,2505.0,807,2506.0,159,2507.0,631,2508.0,480,2509.0,319,2510.0,429,2511.0,518,2507.0
RM409,,13:39:36.250#,2527.0,2533.0,2487.0,2650.0,2350.0,1790073,1177947,2501.0,782,2502.0,1021,2503.0,1042,2504.0,945,2505.0,852,2506.0,173,2507.0,630,2508.0,480,2509.0,319,2510.0,429,2506.0
RM409,,13:39:36.500#,2527.0,2533.0,2487.0,2650.0,2350.0,1790087,1177958,2501.0,785,2502.0,1021,2503.0,1046,2504.0,948,2505.0,976,2506.0,210,2507.0,675,2508.0,481,2509.0,309,2510.0,438,2506.0
RM409,,13:39:36.750#,2527.0,2533.0,2487.0,2650.0,2350.0,1790102,1177960,2501.0,785,2502.0,1021,2503.0,1045,2504.0,948,2505.0,978,2506.0,140,2507.0,671,2508.0,480,2509.0,326,2510.0,438,2506.0
RM409,,13:39:37.0#,2527.0,2533.0,2487.0,2650.0,2350.0,1790141,1177964,2501.0,785,2502.0,1021,2503.0,1045,2504.0,948,2505.0,966,2506.0,164,2507.0,671,2508.0,479,2509.0,326,2510.0,438,2505.0
RM409,,13:39:37.250#,2527.0,2533.0,2487.0,2650.0,2350.0,1790222,1177951,2501.0,785,2502.0,1021,2503.0,1045,2504.0,948,2505.0,917,2506.0,177,2507.0,673,2508.0,481,2509.0,325,2510.0,438,2505.0
RM409,,13:39:37.500#,2527.0,2533.0,2487.0,2650.0,2350.0,1791069,1177613,2501.0,785,2502.0,1021,2503.0,1045,2504.0,948,2505.0,428,2506.0,222,2507.0,674,2508.0,480,2509.0,325,2510.0,438,2505.0
RM409,,13:39:37.750#,2527.0,2533.0,2487.0,2650.0,2350.0,1791298,1177631,2501.0,785,2502.0,1021,2503.0,1045,2504.0,958,2505.0,207,2506.0,530,2507.0,701,2508.0,466,2509.0,324,2510.0,438,2505.0
RM409,,13:39:38.0#,2527.0,2533.0,2487.0,2650.0,2350.0,1791496,1177753,2501.0,785,2502.0,1023,2503.0,1047,2504.0,1084,2505.0,52,2506.0,547,2507.0,696,2508.0,465,2509.0,324,2510.0,438,2505.0
RM409,,13:39:38.250#,2527.0,2533.0,2487.0,2650.0,2350.0,1791517,1177768,2501.0,785,2502.0,1025,2503.0,1053,2504.0,1084,2505.0,35,2506.0,556,2507.0,696,2508.0,466,2509.0,324,2510.0,437,2506.0
RM409,,13:39:38.500#,2527.0,2533.0,2487.0,2650.0,2350.0,1791550,1177784,2501.0,785,2502.0,1027,2503.0,1053,2504.0,1084,2505.0,94,2506.0,528,2507.0,695,2508.0,465,2509.0,324,2510.0,437,2505.0
RM409,,13:39:38.750#,2527.0,2533.0,2487.0,2650.0,2350.0,1791551,1177785,2501.0,785,2502.0,1027,2503.0,1053,2504.0,1086,2505.0,409,2506.0,345,2507.0,701,2508.0,464,2509.0,324,2510.0,437,2505.0
RM409,,13:39:39.0#,2527.0,2533.0,2487.0,2650.0,2350.0,1791605,1177786,2501.0,785,2502.0,1027,2503.0,1053,2504.0,958,2505.0,530,2506.0,183,2507.0,701,2508.0,462,2509.0,324,2510.0,437,2505.0
RM409,,13:39:39.250#,2527.0,2533.0,2487.0,2650.0,2350.0,1791628,1177788,2501.0,785,2502.0,1027,2503.0,1053,2504.0,963,2505.0,634,2506.0,122,2507.0,700,2508.0,462,2509.0,324,2510.0,437,2505.0
RM409,,13:39:39.500#,2527.0,2533.0,2487.0,2650.0,2350.0,1791649,1177784,2501.0,786,2502.0,1027,2503.0,1055,2504.0,963,2505.0,713,2506.0,109,2507.0,704,2508.0,466,2509.0,324,2510.0,436,2505.0
RM409,,13:39:39.750#,2527.0,2533.0,2487.0,2650.0,2350.0,1791720,1177734,2501.0,786,2502.0,1028,2503.0,1055,2504.0,963,2505.0,663,2506.0,75,2507.0,704,2508.0,466,2509.0,324,2510.0,436,2505.0
RM409,,13:39:40.0#,2527.0,2533.0,2487.0,2650.0,2350.0,1791720,1177734,2501.0,786,2502.0,1028,2503.0,1055,2504.0,963,2505.0,650,2506.0,216,2507.0,697,2508.0,466,2509.0,324,2510.0,436,2505.0
RM409,,13:39:40.250#,2527.0,2533.0,2487.0,2650.0,2350.0,1791731,1177733,2501.0,786,2502.0,1028,2503.0,1055,2504.0,964,2505.0,636,2506.0,255,2507.0,696,2508.0,466,2509.0,324,2510.0,436,2505.0
RM409,,13:39:40.500#,2527.0,2533.0,2487.0,2650.0,2350.0,1791748,1177729,2501.0,786,2502.0,1028,2503.0,1054,2504.0,965,2505.0,640,2506.0,258,2507.0,693,2508.0,466,2509.0,324,2510.0,436,2506.0
RM409,,13:39:40.750#,2527.0,2533.0,2487.0,2650.0,2350.0,1791751,1177731,2501.0,786,2502.0,1028,2503.0,1054,2504.0,965,2505.0,655,2506.0,268,2507.0,693,2508.0,469,2509.0,334,2510.0,436,2505.0
RM409,,13:39:41.0#,2527.0,2533.0,2487.0,2650.0,2350.0,1791758,1177737,2501.0,786,2502.0,1028,2503.0,1054,2504.0,965,2505.0,649,2506.0,276,2507.0,693,2508.0,469,2509.0,334,2510.0,436,2505.0
RM409,,13:39:41.250#,2527.0,2533.0,2487.0,2650.0,2350.0,1791760,1177739,2501.0,786,2502.0,1028,2503.0,1054,2504.0,966,2505.0,648,2506.0,281,2507.0,693,2508.0,469,2509.0,334,2510.0,436,2505.0
RM409,,13:39:41.500#,2527.0,2533.0,2487.0,2650.0,2350.0,1791761,1177740,2501.0,786,2502.0,1028,2503.0,1054,2504.0,966,2505.0,743,2506.0,285,2507.0,693,2508.0,469,2509.0,334,2510.0,436,2506.0
RM409,,13:39:41.750#,2527.0,2533.0,2487.0,2650.0,2350.0,1791784,1177744,2501.0,785,2502.0,1028,2503.0,1059,2504.0,966,2505.0,746,2506.0,191,2507.0,693,2508.0,471,2509.0,334,2510.0,436,2506.0
RM409,,13:39:42.0#,2527.0,2533.0,2487.0,2650.0,2350.0,1791803,1177748,2501.0,785,2502.0,1028,2503.0,1059,2504.0,966,2505.0,734,2506.0,74,2507.0,701,2508.0,471,2509.0,334,2510.0,436,2505.0
RM409,,13:39:42.250#,2527.0,2533.0,2487.0,2650.0,2350.0,1791841,1177728,2501.0,785,2502.0,1028,2503.0,1069,2504.0,967,2505.0,747,2506.0,64,2507.0,700,2508.0,471,2509.0,334,2510.0,436,2506.0
RM409,,13:39:42.500#,2527.0,2533.0,2487.0,2650.0,2350.0,1791849,1177724,2501.0,784,2502.0,1043,2503.0,1068,2504.0,967,2505.0,767,2506.0,49,2507.0,700,2508.0,468,2509.0,334,2510.0,436,2505.0
RM409,,13:39:42.750#,2527.0,2533.0,2487.0,2650.0,2350.0,1791855,1177723,2501.0,784,2502.0,1043,2503.0,1068,2504.0,969,2505.0,562,2506.0,49,2507.0,698,2508.0,468,2509.0,341,2510.0,436,2505.0
RM409,,13:39:43.0#,2527.0,2533.0,2487.0,2650.0,2350.0,1791861,1177723,2501.0,784,2502.0,1043,2503.0,1069,2504.0,970,2505.0,564,2506.0,196,2507.0,695,2508.0,468,2509.0,341,2510.0,437,2506.0
RM409,,13:39:43.250#,2527.0,2533.0,2487.0,2650.0,2350.0,1791881,1177721,2501.0,784,2502.0,1043,2503.0,1069,2504.0,970,2505.0,542,2506.0,203,2507.0,695,2508.0,469,2509.0,341,2510.0,437,2506.0
RM409,,13:39:43.500#,2527.0,2533.0,2487.0,2650.0,2350.0,1791890,1177721,2501.0,784,2502.0,1043,2503.0,1068,2504.0,971,2505.0,540,2506.0,214,2507.0,693,2508.0,470,2509.0,341,2510.0,437,2506.0
RM409,,13:39:43.750#,2527.0,2533.0,2487.0,2650.0,2350.0,1791892,1177720,2501.0,784,2502.0,1043,2503.0,1068,2504.0,971,2505.0,411,2506.0,371,2507.0,693,2508.0,469,2509.0,341,2510.0,437,2505.0
RM409,,13:39:44.0#,2527.0,2533.0,2487.0,2650.0,2350.0,1791897,1177716,2501.0,784,2502.0,1043,2503.0,1068,2504.0,971,2505.0,394,2506.0,420,2507.0,692,2508.0,469,2509.0,341,2510.0,437,2506.0
RM409,,13:39:44.250#,2527.0,2533.0,2487.0,2650.0,2350.0,1791897,1177716,2501.0,784,2502.0,1043,2503.0,1073,2504.0,971,2505.0,395,2506.0,428,2507.0,690,2508.0,469,2509.0,341,2510.0,437,2506.0
RM409,,13:39:44.500#,2527.0,2533.0,2487.0,2650.0,2350.0,1791899,1177715,2501.0,784,2502.0,1043,2503.0,1073,2504.0,972,2505.0,394,2506.0,427,2507.0,680,2508.0,470,2509.0,341,2510.0,437,2505.0
RM409,,13:39:44.750#,2527.0,2533.0,2487.0,2650.0,2350.0,1791900,1177715,2501.0,784,2502.0,1046,2503.0,1073,2504.0,972,2505.0,394,2506.0,427,2507.0,680,2508.0,470,2509.0,341,2510.0,437,2505.0
RM409,,13:39:45.0#,2527.0,2533.0,2487.0,2650.0,2350.0,1791908,1177714,2501.0,784,2502.0,1046,2503.0,1073,2504.0,972,2505.0,394,2506.0,580,2507.0,685,2508.0,471,2509.0,341,2510.0,437,2505.0
RM409,,13:39:45.250#,2527.0,2533.0,2487.0,2650.0,2350.0,1791912,1177713,2501.0,784,2502.0,1046,2503.0,1073,2504.0,1002,2505.0,395,2506.0,587,2507.0,684,2508.0,471,2509.0,341,2510.0,438,2505.0
RM409,,13:39:45.500#,2527.0,2533.0,2487.0,2650.0,2350.0,1791924,1177711,2501.0,796,2502.0,1046,2503.0,1073,2504.0,1002,2505.0,363,2506.0,588,2507.0,684,2508.0,471,2509.0,341,2510.0,438,2505.0
RM409,,13:39:45.750#,2527.0,2533.0,2487.0,2650.0,2350.0,1791927,1177711,2501.0,796,2502.0,1046,2503.0,1073,2504.0,1002,2505.0,450,2506.0,641,2507.0,449,2508.0,471,2509.0,341,2510.0,438,2505.0
RM409,,13:39:46.0#,2527.0,2533.0,2487.0,2650.0,2350.0,1791933,1177711,2501.0,796,2502.0,996,2503.0,1073,2504.0,1002,2505.0,452,2506.0,642,2507.0,466,2508.0,471,2509.0,341,2510.0,438,2505.0
RM409,,13:39:46.250#,2527.0,2533.0,2487.0,2650.0,2350.0,1791938,1177711,2501.0,796,2502.0,996,2503.0,1073,2504.0,1002,2505.0,448,2506.0,741,2507.0,466,2508.0,471,2509.0,341,2510.0,438,2505.0
RM409,,13:39:46.500#,2527.0,2533.0,2487.0,2650.0,2350.0,1791944,1177707,2501.0,796,2502.0,996,2503.0,1073,2504.0,1003,2505.0,442,2506.0,738,2507.0,466,2508.0,469,2509.0,341,2510.0,439,2505.0
RM409,,13:39:46.750#,2527.0,2533.0,2487.0,2650.0,2350.0,1791977,1177708,2501.0,796,2502.0,996,2503.0,1073,2504.0,1003,2505.0,413,2506.0,738,2507.0,466,2508.0,469,2509.0,341,2510.0,439,2506.0
RM409,,13:39:47.0#,2527.0,2533.0,2487.0,2650.0,2350.0,1791981,1177709,2501.0,797,2502.0,996,2503.0,1072,2504.0,1003,2505.0,409,2506.0,1036,2507.0,460,2508.0,468,2509.0,341,2510.0,439,2506.0
RM409,,13:39:47.250#,2527.0,2533.0,2487.0,2650.0,2350.0,1792019,1177722,2501.0,797,2502.0,998,2503.0,1072,2504.0,1003,2505.0,424,2506.0,1044,2507.0,438,2508.0,465,2509.0,341,2510.0,439,2505.0
RM409,,13:39:47.500#,2527.0,2533.0,2487.0,2650.0,2350.0,1792021,1177721,2501.0,797,2502.0,998,2503.0,1073,2504.0,1004,2505.0,507,2506.0,1059,2507.0,436,2508.0,467,2509.0,342,2510.0,439,2505.0
RM409,,13:39:47.750#,2527.0,2533.0,2487.0,2650.0,2350.0,1792026,1177722,2501.0,797,2502.0,998,2503.0,1073,2504.0,1007,2505.0,516,2506.0,1061,2507.0,441,2508.0,467,2509.0,342,2510.0,439,2505.0
RM409,,13:39:48.0#,2527.0,2533.0,2487.0,2650.0,2350.0,1792037,1177723,2501.0,797,2502.0,998,2503.0,1073,2504.0,1007,2505.0,612,2506.0,1060,2507.0,452,2508.0,462,2509.0,343,2510.0,439,2505.0
RM409,,13:39:48.250#,2527.0,2533.0,2487.0,2650.0,2350.0,1792037,1177723,2501.0,797,2502.0,998,2503.0,1073,2504.0,1021,2505.0,625,2506.0,1055,2507.0,452,2508.0,463,2509.0,343,2510.0,439,2505.0
RM409,,13:39:48.500#,2527.0,2533.0,2487.0,2650.0,2350.0,1792037,1177723,2501.0,797,2502.0,998,2503.0,1073,2504.0,1021,2505.0,657,2506.0,1067,2507.0,449,2508.0,464,2509.0,342,2510.0,489,2505.0
RM409,,13:39:48.750#,2527.0,2533.0,2487.0,2650.0,2350.0,1792049,1177726,2501.0,797,2502.0,998,2503.0,1074,2504.0,1020,2505.0,803,2506.0,943,2507.0,446,2508.0,460,2509.0,343,2510.0,489,2505.0
RM409,,13:39:49.0#,2527.0,2533.0,2487.0,2650.0,2350.0,1792050,1177726,2501.0,797,2502.0,1000,2503.0,1074,2504.0,1021,2505.0,803,2506.0,930,2507.0,445,2508.0,460,2509.0,343,2510.0,489,2506.0
RM409,,13:39:49.250#,2527.0,2533.0,2487.0,2650.0,2350.0,1792380,1177693,2501.0,797,2502.0,1010,2503.0,1074,2504.0,1022,2505.0,832,2506.0,593,2507.0,445,2508.0,461,2509.0,343,2510.0,489,2505.0
RM409,,13:39:49.500#,2527.0,2533.0,2487.0,2650.0,2350.0,1793013,1177787,2502.0,1011,2503.0,1075,2504.0,1021,2505.0,984,2506.0,145,2507.0,530,2508.0,461,2509.0,343,2510.0,489,2511.0,340,2506.0
RM409,,13:39:49.750#,2527.0,2533.0,2487.0,2650.0,2350.0,1793038,1177773,2502.0,1012,2503.0,1075,2504.0,1021,2505.0,903,2506.0,413,2507.0,518,2508.0,461,2509.0,343,2510.0,489,2511.0,395,2506.0
RM409,,13:39:50.0#,2527.0,2533.0,2487.0,2650.0,2350.0,1793102,1177789,2502.0,1012,2503.0,1075,2504.0,1019,2505.0,905,2506.0,478,2507.0,403,2508.0,460,2509.0,343,2510.0,488,2511.0,395,2506.0
RM409,,13:39:50.250#,2527.0,2533.0,2487.0,2650.0,2350.0,1793127,1177807,2502.0,1012,2503.0,1075,2504.0,1019,2505.0,908,2506.0,485,2507.0,296,2508.0,460,2509.0,343,2510.0,488,2511.0,395,2507.0
RM409,,13:39:50.500#,2527.0,2533.0,2487.0,2650.0,2350.0,1793135,1177808,2502.0,1014,2503.0,1075,2504.0,1019,2505.0,627,2506.0,873,2507.0,287,2508.0,460,2509.0,343,2510.0,488,2511.0,395,2507.0
RM409,,13:39:50.750#,2527.0,2533.0,2487.0,2650.0,2350.0,1793252,1177785,2502.0,1014,2503.0,1075,2504.0,1019,2505.0,630,2506.0,901,2507.0,173,2508.0,460,2509.0,344,2510.0,485,2511.0,395,2506.0
RM409,,13:39:51.0#,2527.0,2533.0,2487.0,2650.0,2350.0,1793429,1177698,2503.0,1075,2504.0,1019,2505.0,636,2506.0,860,2507.0,161,2508.0,550,2509.0,344,2510.0,486,2511.0,395,2512.0,433,2507.0
RM409,,13:39:51.250#,2527.0,2533.0,2487.0,2650.0,2350.0,1793433,1177702,2503.0,1069,2504.0,1019,2505.0,607,2506.0,773,2507.0,395,2508.0,542,2509.0,344,2510.0,487,2511.0,395,2512.0,450,2507.0
RM409,,13:39:51.500#,2527.0,2533.0,2487.0,2650.0,2350.0,1793448,1177703,2503.0,1069,2504.0,1019,2505.0,608,2506.0,583,2507.0,494,2508.0,388,2509.0,343,2510.0,487,2511.0,395,2512.0,450,2507.0
RM409,,13:39:51.750#,2527.0,2533.0,2487.0,2650.0,2350.0,1793452,1177704,2503.0,1069,2504.0,1019,2505.0,609,2506.0,598,2507.0,491,2508.0,354,2509.0,343,2510.0,486,2511.0,395,2512.0,450,2507.0
RM409,,13:39:52.0#,2527.0,2533.0,2487.0,2650.0,2350.0,1793452,1177704,2503.0,1069,2504.0,1019,2505.0,629,2506.0,598,2507.0,492,2508.0,360,2509.0,344,2510.0,486,2511.0,395,2512.0,450,2507.0
RM409,,13:39:52.250#,2527.0,2533.0,2487.0,2650.0,2350.0,1793454,1177705,2503.0,1072,2504.0,1019,2505.0,629,2506.0,588,2507.0,491,2508.0,359,2509.0,344,2510.0,486,2511.0,395,2512.0,450,2508.0
RM409,,13:39:52.500#,2527.0,2533.0,2487.0,2650.0,2350.0,1793469,1177707,2503.0,1072,2504.0,1019,2505.0,632,2506.0,589,2507.0,487,2508.0,349,2509.0,344,2510.0,486,2511.0,395,2512.0,450,2507.0
RM409,,13:39:52.750#,2527.0,2533.0,2487.0,2650.0,2350.0,1793473,1177707,2503.0,1072,2504.0,1018,2505.0,640,2506.0,545,2507.0,484,2508.0,348,2509.0,344,2510.0,474,2511.0,395,2512.0,450,2507.0
RM409,,13:39:53.0#,2527.0,2533.0,2487.0,2650.0,2350.0,1793496,1177718,2503.0,1072,2504.0,1023,2505.0,643,2506.0,546,2507.0,468,2508.0,349,2509.0,344,2510.0,474,2511.0,395,2512.0,450,2508.0
RM409,,13:39:53.250#,2527.0,2533.0,2487.0,2650.0,2350.0,1793498,1177720,2503.0,1072,2504.0,1023,2505.0,643,2506.0,546,2507.0,466,2508.0,350,2509.0,344,2510.0,475,2511.0,395,2512.0,450,2507.0
RM409,,13:39:53.500#,2527.0,2533.0,2487.0,2650.0,2350.0,1793500,1177721,2503.0,1072,2504.0,1023,2505.0,643,2506.0,546,2507.0,464,2508.0,357,2509.0,344,2510.0,475,2511.0,395,2512.0,450,2507.0
RM409,,13:39:53.750#,2527.0,2533.0,2487.0,2650.0,2350.0,1793501,1177721,2503.0,1072,2504.0,1023,2505.0,644,2506.0,546,2507.0,464,2508.0,355,2509.0,344,2510.0,475,2511.0,395,2512.0,450,2507.0
RM409,,13:39:54.0#,2527.0,2533.0,2487.0,2650.0,2350.0,1793502,1177722,2503.0,1072,2504.0,1023,2505.0,645,2506.0,546,2507.0,462,2508.0,356,2509.0,344,2510.0,475,2511.0,395,2512.0,450,2507.0
RM409,,13:39:54.250#,2527.0,2533.0,2487.0,2650.0,2350.0,1793502,1177722,2503.0,1072,2504.0,1024,2505.0,645,2506.0,546,2507.0,463,2508.0,359,2509.0,344,2510.0,476,2511.0,395,2512.0,450,2507.0
RM409,,13:39:54.500#,2527.0,2533.0,2487.0,2650.0,2350.0,1793505,1177722,2503.0,1068,2504.0,1024,2505.0,553,2506.0,546,2507.0,460,2508.0,368,2509.0,344,2510.0,476,2511.0,395,2512.0,449,2507.0
RM409,,13:39:54.750#,2527.0,2533.0,2487.0,2650.0,2350.0,1793505,1177722,2503.0,1068,2504.0,1024,2505.0,555,2506.0,546,2507.0,461,2508.0,496,2509.0,344,2510.0,476,2511.0,395,2512.0,449,2507.0
RM409,,13:39:55.0#,2527.0,2533.0,2487.0,2650.0,2350.0,1793508,1177725,2503.0,1068,2504.0,1024,2505.0,576,2506.0,546,2507.0,402,2508.0,498,2509.0,344,2510.0,476,2511.0,395,2512.0,449,2507.0
RM409,,13:39:55.250#,2527.0,2533.0,2487.0,2650.0,2350.0,1793509,1177724,2503.0,1068,2504.0,1024,2505.0,586,2506.0,546,2507.0,402,2508.0,498,2509.0,344,2510.0,476,2511.0,395,2512.0,449,2508.0
RM409,,13:39:55.500#,2527.0,2533.0,2487.0,2650.0,2350.0,1793521,1177724,2503.0,1068,2504.0,1024,2505.0,586,2506.0,556,2507.0,396,2508.0,464,2509.0,344,2510.0,476,2511.0,395,2512.0,449,2507.0
RM409,,13:39:55.750#,2527.0,2533.0,2487.0,2650.0,2350.0,1793523,1177726,2503.0,1068,2504.0,1024,2505.0,585,2506.0,556,2507.0,396,2508.0,337,2509.0,345,2510.0,482,2511.0,395,2512.0,449,2507.0
RM409,,13:39:56.0#,2527.0,2533.0,2487.0,2650.0,2350.0,1793551,1177710,2503.0,1068,2504.0,1024,2505.0,585,2506.0,558,2507.0,372,2508.0,339,2509.0,345,2510.0,482,2511.0,396,2512.0,449,2507.0
RM409,,13:39:56.250#,2527.0,2533.0,2487.0,2650.0,2350.0,1793579,1177713,2503.0,1067,2504.0,1024,2505.0,584,2506.0,558,2507.0,345,2508.0,470,2509.0,345,2510.0,482,2511.0,396,2512.0,449,2507.0
RM409,,13:39:56.500#,2527.0,2533.0,2487.0,2650.0,2350.0,1793581,1177712,2503.0,1067,2504.0,1020,2505.0,584,2506.0,558,2507.0,151,2508.0,472,2509.0,347,2510.0,483,2511.0,396,2512.0,448,2507.0
RM409,,13:39:56.750#,2527.0,2533.0,2487.0,2650.0,2350.0,1793649,1177711,2503.0,1068,2504.0,1021,2505.0,584,2506.0,553,2507.0,170,2508.0,479,2509.0,347,2510.0,483,2511.0,396,2512.0,448,2507.0
RM409,,13:39:57.0#,2527.0,2533.0,2487.0,2650.0,2350.0,1793696,1177711,2503.0,1068,2504.0,1022,2505.0,584,2506.0,553,2507.0,125,2508.0,481,2509.0,347,2510.0,483,2511.0,396,2512.0,448,2507.0
RM409,,13:39:57.250#,2527.0,2533.0,2487.0,2650.0,2350.0,1793707,1177711,2503.0,1068,2504.0,1025,2505.0,592,2506.0,558,2507.0,131,2508.0,482,2509.0,384,2510.0,483,2511.0,396,2512.0,448,2507.0
RM409,,13:39:57.500#,2527.0,2533.0,2487.0,2650.0,2350.0,1793710,1177711,2503.0,1068,2504.0,1025,2505.0,613,2506.0,558,2507.0,337,2508.0,482,2509.0,384,2510.0,472,2511.0,396,2512.0,448,2507.0
RM409,,13:39:57.750#,2527.0,2533.0,2487.0,2650.0,2350.0,1793713,1177714,2503.0,1068,2504.0,1025,2505.0,613,2506.0,558,2507.0,338,2508.0,351,2509.0,384,2510.0,498,2511.0,395,2512.0,448,2507.0
RM409,,13:39:58.0#,2527.0,2533.0,2487.0,2650.0,2350.0,1793718,1177719,2503.0,1068,2504.0,1025,2505.0,613,2506.0,558,2507.0,402,2508.0,346,2509.0,385,2510.0,499,2511.0,395,2512.0,448,2508.0
RM409,,13:39:58.250#,2527.0,2533.0,2487.0,2650.0,2350.0,1793718,1177719,2503.0,1068,2504.0,1025,2505.0,613,2506.0,558,2507.0,405,2508.0,356,2509.0,385,2510.0,499,2511.0,396,2512.0,448,2508.0
RM409,,13:39:58.500#,2527.0,2533.0,2487.0,2650.0,2350.0,1793719,1177719,2503.0,1068,2504.0,1025,2505.0,612,2506.0,559,2507.0,405,2508.0,356,2509.0,386,2510.0,499,2511.0,397,2512.0,448,2507.0
RM409,,13:39:58.750#,2527.0,2533.0,2487.0,2650.0,2350.0,1793730,1177728,2503.0,1068,2504.0,1025,2505.0,611,2506.0,560,2507.0,395,2508.0,382,2509.0,387,2510.0,499,2511.0,397,2512.0,448,2507.0
RM409,,13:39:59.0#,2527.0,2533.0,2487.0,2650.0,2350.0,1793730,1177728,2503.0,1068,2504.0,1025,2505.0,611,2506.0,561,2507.0,354,2508.0,516,2509.0,387,2510.0,498,2511.0,397,2512.0,448,2507.0
RM409,,13:39:59.250#,2527.0,2533.0,2487.0,2650.0,2350.0,1793848,1177751,2503.0,1068,2504.0,1025,2505.0,621,2506.0,561,2507.0,224,2508.0,518,2509.0,387,2510.0,498,2511.0,397,2512.0,448,2507.0
RM409,,13:39:59.500#,2527.0,2533.0,2487.0,2650.0,2350.0,1793855,1177753,2503.0,1068,2504.0,1035,2505.0,621,2506.0,562,2507.0,236,2508.0,519,2509.0,389,2510.0,488,2511.0,397,2512.0,468,2507.0
RM409,,13:39:59.750#,2527.0,2533.0,2487.0,2650.0,2350.0,1793855,1177753,2503.0,1068,2504.0,1035,2505.0,621,2506.0,562,2507.0,249,2508.0,519,2509.0,389,2510.0,488,2511.0,407,2512.0,467,2507.0
RM409,,13:40:00.0#,2527.0,2533.0,2487.0,2650.0,2350.0,1793855,1177753,2503.0,1068,2504.0,1035,2505.0,621,2506.0,549,2507.0,254,2508.0,534,2509.0,389,2510.0,488,2511.0,407,2512.0,467,2507.0
RM409,,13:40:00.250#,2527.0,2533.0,2487.0,2650.0,2350.0,1793855,1177753,2503.0,1068,2504.0,1035,2505.0,621,2506.0,549,2507.0,255,2508.0,524,2509.0,389,2510.0,488,2511.0,408,2512.0,467,2507.0
RM409,,13:40:00.500#,2527.0,2533.0,2487.0,2650.0,2350.0,1793855,1177753,2503.0,1068,2504.0,1035,2505.0,631,2506.0,549,2507.0,258,2508.0,525,2509.0,389,2510.0,488,2511.0,408,2512.0,468,2507.0
RM409,,13:40:00.750#,2527.0,2533.0,2487.0,2650.0,2350.0,1793862,1177760,2503.0,1068,2504.0,1035,2505.0,631,2506.0,589,2507.0,257,2508.0,527,2509.0,389,2510.0,489,2511.0,408,2512.0,468,2507.0
RM409,,13:40:01.0#,2527.0,2533.0,2487.0,2650.0,2350.0,1793865,1177762,2503.0,1068,2504.0,1035,2505.0,651,2506.0,594,2507.0,277,2508.0,526,2509.0,390,2510.0,489,2511.0,408,2512.0,468,2507.0
RM409,,13:40:01.250#,2527.0,2533.0,2487.0,2650.0,2350.0,1793886,1177762,2503.0,1068,2504.0,1035,2505.0,651,2506.0,594,2507.0,269,2508.0,526,2509.0,390,2510.0,489,2511.0,408,2512.0,468,2507.0
RM409,,13:40:01.500#,2527.0,2533.0,2487.0,2650.0,2350.0,1793886,1177762,2503.0,1068,2504.0,1035,2505.0,648,2506.0,516,2507.0,262,2508.0,527,2509.0,390,2510.0,489,2511.0,408,2512.0,468,2507.0
RM409,,13:40:01.750#,2527.0,2533.0,2487.0,2650.0,2350.0,1793889,1177763,2503.0,1069,2504.0,1035,2505.0,648,2506.0,516,2507.0,260,2508.0,528,2509.0,390,2510.0,490,2511.0,428,2512.0,468,2507.0
RM409,,13:40:02.0#,2527.0,2533.0,2487.0,2650.0,2350.0,1793890,1177763,2503.0,1069,2504.0,1035,2505.0,649,2506.0,516,2507.0,271,2508.0,539,2509.0,391,2510.0,492,2511.0,428,2512.0,468,2507.0
RM409,,13:40:02.250#,2527.0,2533.0,2487.0,2650.0,2350.0,1793896,1177769,2503.0,1069,2504.0,1035,2505.0,648,2506.0,516,2507.0,271,2508.0,533,2509.0,391,2510.0,502,2511.0,428,2512.0,468,2508.0
RM409,,13:40:02.500#,2527.0,2533.0,2487.0,2650.0,2350.0,1794173,1178025,2502.0,1027,2503.0,1069,2504.0,1035,2505.0,649,2506.0,587,2507.0,267,2508.0,449,2509.0,392,2510.0,503,2511.0,428,2507.0
RM409,,13:40:02.750#,2527.0,2533.0,2487.0,2650.0,2350.0,1794175,1178026,2502.0,1027,2503.0,1069,2504.0,1035,2505.0,650,2506.0,519,2507.0,375,2508.0,499,2509.0,395,2510.0,503,2511.0,428,2507.0
RM409,,13:40:03.0#,2527.0,2533.0,2487.0,2650.0,2350.0,1794182,1178028,2502.0,1027,2503.0,1069,2504.0,1035,2505.0,639,2506.0,330,2507.0,378,2508.0,501,2509.0,398,2510.0,503,2511.0,428,2507.0
RM409,,13:40:03.250#,2527.0,2533.0,2487.0,2650.0,2350.0,1794186,1178032,2502.0,1027,2503.0,1069,2504.0,1035,2505.0,640,2506.0,326,2507.0,397,2508.0,545,2509.0,399,2510.0,504,2511.0,428,2507.0
RM409,,13:40:03.500#,2527.0,2533.0,2487.0,2650.0,2350.0,1794193,1178032,2502.0,1027,2503.0,1069,2504.0,1035,2505.0,641,2506.0,308,2507.0,394,2508.0,546,2509.0,398,2510.0,504,2511.0,428,2507.0
RM409,,13:40:03.750#,2527.0,2533.0,2487.0,2650.0,2350.0,1794193,1178032,2502.0,1027,2503.0,1069,2504.0,1035,2505.0,640,2506.0,307,2507.0,396,2508.0,548,2509.0,398,2510.0,505,2511.0,428,2507.0
RM409,,13:40:04.0#,2527.0,2533.0,2487.0,2650.0,2350.0,1794216,1178052,2502.0,1027,2503.0,1069,2504.0,1035,2505.0,641,2506.0,307,2507.0,372,2508.0,553,2509.0,398,2510.0,505,2511.0,428,2507.0
RM409,,13:40:04.250#,2527.0,2533.0,2487.0,2650.0,2350.0,1794216,1178052,2502.0,1027,2503.0,1069,2504.0,1035,2505.0,641,2506.0,312,2507.0,313,2508.0,553,2509.0,398,2510.0,504,2511.0,428,2507.0
RM409,,13:40:04.500#,2527.0,2533.0,2487.0,2650.0,2350.0,1794216,1178052,2502.0,1027,2503.0,1069,2504.0,1035,2505.0,645,2506.0,442,2507.0,296,2508.0,554,2509.0,398,2510.0,504,2511.0,428,2507.0
RM409,,13:40:04.750#,2527.0,2533.0,2487.0,2650.0,2350.0,1794216,1178052,2502.0,1027,2503.0,1069,2504.0,1035,2505.0,645,2506.0,442,2507.0,287,2508.0,560,2509.0,399,2510.0,505,2511.0,428,2507.0
RM409,,13:40:05.0#,2527.0,2533.0,2487.0,2650.0,2350.0,1794216,1178052,2502.0,1027,2503.0,1069,2504.0,1035,2505.0,647,2506.0,442,2507.0,297,2508.0,561,2509.0,399,2510.0,506,2511.0,428,2507.0
RM409,,13:40:05.250#,2527.0,2533.0,2487.0,2650.0,2350.0,1794247,1178072,2502.0,1027,2503.0,1069,2504.0,1037,2505.0,647,2506.0,415,2507.0,297,2508.0,560,2509.0,399,2510.0,506,2511.0,428,2506.0
RM409,,13:40:05.500#,2527.0,2533.0,2487.0,2650.0,2350.0,1794297,1178083,2502.0,1027,2503.0,1069,2504.0,1037,2505.0,647,2506.0,287,2507.0,268,2508.0,560,2509.0,399,2510.0,507,2511.0,428,2507.0
RM409,,13:40:05.750#,2527.0,2533.0,2487.0,2650.0,2350.0,1794297,1178083,2502.0,1027,2503.0,1069,2504.0,1037,2505.0,647,2506.0,286,2507.0,302,2508.0,560,2509.0,399,2510.0,507,2511.0,428,2507.0
RM409,,13:40:06.0#,2527.0,2533.0,2487.0,2650.0,2350.0,1794298,1178084,2502.0,1027,2503.0,1069,2504.0,1037,2505.0,649,2506.0,284,2507.0,467,2508.0,560,2509.0,399,2510.0,517,2511.0,428,2506.0
RM409,,13:40:06.250#,2527.0,2533.0,2487.0,2650.0,2350.0,1794298,1178084,2502.0,1027,2503.0,1069,2504.0,1037,2505.0,649,2506.0,263,2507.0,488,2508.0,560,2509.0,399,2510.0,517,2511.0,428,2506.0
RM409,,13:40:06.500#,2527.0,2533.0,2487.0,2650.0,2350.0,1794305,1178086,2502.0,1027,2503.0,1069,2504.0,1037,2505.0,650,2506.0,224,2507.0,492,2508.0,560,2509.0,399,2510.0,519,2511.0,428,2506.0
RM409,,13:40:06.750#,2527.0,2533.0,2487.0,2650.0,2350.0,1794305,1178086,2502.0,1027,2503.0,1069,2504.0,1037,2505.0,650,2506.0,207,2507.0,502,2508.0,560,2509.0,399,2510.0,519,2511.0,428,2506.0
RM409,,13:40:07.0#,2527.0,2533.0,2487.0,2650.0,2350.0,1794305,1178086,2502.0,1027,2503.0,1072,2504.0,1037,2505.0,650,2506.0,208,2507.0,502,2508.0,564,2509.0,399,2510.0,517,2511.0,428,2506.0
RM409,,13:40:07.250#,2527.0,2533.0,2487.0,2650.0,2350.0,1794312,1178093,2502.0,1027,2503.0,1072,2504.0,1037,2505.0,650,2506.0,208,2507.0,497,2508.0,565,2509.0,399,2510.0,517,2511.0,430,2507.0
RM409,,13:40:07.500#,2527.0,2533.0,2487.0,2650.0,2350.0,1794314,1178093,2502.0,1027,2503.0,1072,2504.0,1037,2505.0,650,2506.0,208,2507.0,495,2508.0,565,2509.0,399,2510.0,517,2511.0,431,2507.0
RM409,,13:40:07.750#,2527.0,2533.0,2487.0,2650.0,2350.0,1794324,1178102,2502.0,1027,2503.0,1072,2504.0,1042,2505.0,653,2506.0,206,2507.0,483,2508.0,566,2509.0,399,2510.0,517,2511.0,431,2506.0
RM409,,13:40:08.0#,2527.0,2533.0,2487.0,2650.0,2350.0,1794324,1178102,2502.0,1027,2503.0,1072,2504.0,1042,2505.0,653,2506.0,208,2507.0,483,2508.0,566,2509.0,399,2510.0,517,2511.0,431,2506.0
RM409,,13:40:08.250#,2527.0,2533.0,2487.0,2650.0,2350.0,1794324,1178102,2502.0,1027,2503.0,1072,2504.0,1042,2505.0,654,2506.0,220,2507.0,493,2508.0,567,2509.0,399,2510.0,517,2511.0,431,2506.0
RM409,,13:40:08.500#,2527.0,2533.0,2487.0,2650.0,2350.0,1794326,1178104,2502.0,1027,2503.0,1072,2504.0,1042,2505.0,655,2506.0,223,2507.0,492,2508.0,567,2509.0,399,2510.0,517,2511.0,431,2507.0
RM409,,13:40:08.750#,2527.0,2533.0,2487.0,2650.0,2350.0,1794343,1178088,2502.0,1027,2503.0,1072,2504.0,1042,2505.0,654,2506.0,206,2507.0,493,2508.0,567,2509.0,399,2510.0,517,2511.0,432,2506.0
RM409,,13:40:09.0#,2527.0,2533.0,2487.0,2650.0,2350.0,1794347,1178089,2502.0,1027,2503.0,1072,2504.0,1042,2505.0,654,2506.0,204,2507.0,493,2508.0,558,2509.0,399,2510.0,517,2511.0,432,2507.0
RM409,,13:40:09.250#,2527.0,2533.0,2487.0,2650.0,2350.0,1794352,1178088,2502.0,1028,2503.0,1072,2504.0,1037,2505.0,654,2506.0,205,2507.0,495,2508.0,557,2509.0,399,2510.0,517,2511.0,432,2507.0
RM409,,13:40:09.500#,2527.0,2533.0,2487.0,2650.0,2350.0,1794352,1178088,2502.0,1028,2503.0,1072,2504.0,1037,2505.0,644,2506.0,168,2507.0,506,2508.0,560,2509.0,399,2510.0,517,2511.0,432,2507.0
RM409,,13:40:09.750#,2527.0,2533.0,2487.0,2650.0,2350.0,1794352,1178088,2502.0,1028,2503.0,1072,2504.0,1037,2505.0,644,2506.0,169,2507.0,515,2508.0,558,2509.0,399,2510.0,517,2511.0,433,2507.0
RM409,,13:40:10.0#,2527.0,2533.0,2487.0,2650.0,2350.0,1794357,1178088,2502.0,1028,2503.0,1072,2504.0,1037,2505.0,644,2506.0,168,2507.0,515,2508.0,562,2509.0,399,2510.0,517,2511.0,433,2506.0
RM409,,13:40:10.250#,2527.0,2533.0,2487.0,2650.0,2350.0,1794378,1178087,2502.0,1029,2503.0,1072,2504.0,1037,2505.0,646,2506.0,153,2507.0,515,2508.0,562,2509.0,399,2510.0,517,2511.0,493,2506.0
RM409,,13:40:10.500#,2527.0,2533.0,2487.0,2650.0,2350.0,1794394,1178084,2502.0,1029,2503.0,1072,2504.0,1037,2505.0,646,2506.0,169,2507.0,530,2508.0,561,2509.0,399,2510.0,517,2511.0,494,2506.0
RM409,,13:40:10.750#,2527.0,2533.0,2487.0,2650.0,2350.0,1794400,1178088,2502.0,1029,2503.0,1072,2504.0,1037,2505.0,646,2506.0,172,2507.0,556,2508.0,561,2509.0,399,2510.0,517,2511.0,494,2506.0
RM409,,13:40:11.0#,2527.0,2533.0,2487.0,2650.0,2350.0,1794402,1178089,2502.0,1029,2503.0,1072,2504.0,1037,2505.0,646,2506.0,174,2507.0,556,2508.0,561,2509.0,399,2510.0,517,2511.0,480,2507.0
RM409,,13:40:11.250#,2527.0,2533.0,2487.0,2650.0,2350.0,1794403,1178088,2502.0,1029,2503.0,1072,2504.0,1037,2505.0,646,2506.0,173,2507.0,602,2508.0,516,2509.0,407,2510.0,522,2511.0,480,2506.0
RM409,,13:40:11.500#,2527.0,2533.0,2487.0,2650.0,2350.0,1794455,1178138,2502.0,1029,2503.0,1072,2504.0,1037,2505.0,646,2506.0,214,2507.0,558,2508.0,516,2509.0,407,2510.0,522,2511.0,480,2507.0
RM409,,13:40:11.750#,2527.0,2533.0,2487.0,2650.0,2350.0,1794455,1178138,2502.0,1029,2503.0,1072,2504.0,1037,2505.0,686,2506.0,302,2507.0,559,2508.0,516,2509.0,408,2510.0,522,2511.0,480,2507.0
RM409,,13:40:12.0#,2527.0,2533.0,2487.0,2650.0,2350.0,1794456,1178137,2502.0,1029,2503.0,1072,2504.0,1037,2505.0,686,2506.0,302,2507.0,434,2508.0,515,2509.0,408,2510.0,522,2511.0,480,2506.0
RM409,,13:40:12.250#,2527.0,2533.0,2487.0,2650.0,2350.0,1794457,1178137,2502.0,1029,2503.0,1072,2504.0,1037,2505.0,687,2506.0,383,2507.0,404,2508.0,515,2509.0,408,2510.0,522,2511.0,480,2506.0
RM409,,13:40:12.500#,2527.0,2533.0,2487.0,2650.0,2350.0,1794458,1178137,2502.0,1030,2503.0,1072,2504.0,1037,2505.0,688,2506.0,512,2507.0,403,2508.0,515,2509.0,408,2510.0,523,2511.0,480,2506.0
RM409,,13:40:12.750#,2527.0,2533.0,2487.0,2650.0,2350.0,1794458,1178137,2502.0,1030,2503.0,1072,2504.0,1037,2505.0,688,2506.0,513,2507.0,403,2508.0,515,2509.0,408,2510.0,523,2511.0,480,2506.0
RM409,,13:40:13.0#,2527.0,2533.0,2487.0,2650.0,2350.0,1794461,1178136,2502.0,1030,2503.0,1073,2504.0,1037,2505.0,688,2506.0,510,2507.0,401,2508.0,515,2509.0,409,2510.0,523,2511.0,480,2506.0
RM409,,13:40:13.250#,2527.0,2533.0,2487.0,2650.0,2350.0,1794974,1177949,2501.0,805,2502.0,1030,2503.0,1073,2504.0,1037,2505.0,812,2506.0,75,2507.0,366,2508.0,530,2509.0,409,2510.0,523,2506.0
RM409,,13:40:13.500#,2527.0,2533.0,2487.0,2650.0,2350.0,1794997,1177939,2501.0,805,2502.0,1030,2503.0,1074,2504.0,1037,2505.0,735,2506.0,230,2507.0,480,2508.0,540,2509.0,409,2510.0,525,2506.0
RM409,,13:40:13.750#,2527.0,2533.0,2487.0,2650.0,2350.0,1795010,1177943,2501.0,805,2502.0,1030,2503.0,1074,2504.0,1037,2505.0,633,2506.0,233,2507.0,480,2508.0,540,2509.0,405,2510.0,526,2505.0
RM409,,13:40:14.0#,2527.0,2533.0,2487.0,2650.0,2350.0,1795076,1177995,2501.0,805,2502.0,1030,2503.0,1074,2504.0,1037,2505.0,632,2506.0,179,2507.0,492,2508.0,539,2509.0,405,2510.0,526,2505.0
RM409,,13:40:14.250#,2527.0,2533.0,2487.0,2650.0,2350.0,1795079,1177998,2501.0,805,2502.0,1030,2503.0,1074,2504.0,1037,2505.0,634,2506.0,140,2507.0,492,2508.0,540,2509.0,405,2510.0,526,2506.0
RM409,,13:40:14.500#,2527.0,2533.0,2487.0,2650.0,2350.0,1795081,1178000,2501.0,805,2502.0,1028,2503.0,1074,2504.0,1038,2505.0,635,2506.0,121,2507.0,492,2508.0,540,2509.0,405,2510.0,526,2506.0
RM409,,13:40:14.750#,2527.0,2533.0,2487.0,2650.0,2350.0,1795081,1178000,2501.0,805,2502.0,1028,2503.0,1074,2504.0,1039,2505.0,694,2506.0,117,2507.0,493,2508.0,540,2509.0,405,2510.0,526,2506.0
RM409,,13:40:15.0#,2527.0,2533.0,2487.0,2650.0,2350.0,1795133,1177982,2501.0,805,2502.0,1028,2503.0,1074,2504.0,1055,2505.0,678,2506.0,111,2507.0,494,2508.0,539,2509.0,405,2510.0,526,2505.0
RM409,,13:40:15.250#,2527.0,2533.0,2487.0,2650.0,2350.0,1795136,1177982,2501.0,805,2502.0,1028,2503.0,1074,2504.0,1055,2505.0,682,2506.0,145,2507.0,494,2508.0,539,2509.0,405,2510.0,526,2506.0
RM409,,13:40:15.500#,2527.0,2533.0,2487.0,2650.0,2350.0,1795141,1177984,2501.0,805,2502.0,1028,2503.0,1074,2504.0,1054,2505.0,684,2506.0,141,2507.0,494,2508.0,539,2509.0,405,2510.0,526,2506.0
RM409,,13:40:15.750#,2527.0,2533.0,2487.0,2650.0,2350.0,1795141,1177984,2501.0,805,2502.0,1048,2503.0,1074,2504.0,1034,2505.0,686,2506.0,108,2507.0,494,2508.0,539,2509.0,405,2510.0,526,2506.0
RM409,,13:40:16.0#,2527.0,2533.0,2487.0,2650.0,2350.0,1795262,1177903,2502.0,1048,2503.0,1074,2504.0,1034,2505.0,743,2506.0,10,2507.0,559,2508.0,538,2509.0,405,2510.0,526,2511.0,461,2506.0
RM409,,13:40:16.250#,2527.0,2533.0,2487.0,2650.0,2350.0,1795263,1177902,2502.0,1048,2503.0,1074,2504.0,1036,2505.0,722,2506.0,23,2507.0,554,2508.0,538,2509.0,405,2510.0,526,2511.0,461,2506.0
RM409,,13:40:16.500#,2527.0,2533.0,2487.0,2650.0,2350.0,1795283,1177893,2502.0,1048,2503.0,1074,2504.0,1036,2505.0,723,2506.0,55,2507.0,436,2508.0,538,2509.0,405,2510.0,526,2511.0,461,2506.0
RM409,,13:40:16.750#,2527.0,2533.0,2487.0,2650.0,2350.0,1795295,1177896,2502.0,1048,2503.0,1076,2504.0,1036,2505.0,732,2506.0,219,2507.0,434,2508.0,558,2509.0,405,2510.0,526,2511.0,461,2506.0
RM409,,13:40:17.0#,2527.0,2533.0,2487.0,2650.0,2350.0,1795301,1177896,2502.0,1048,2503.0,1076,2504.0,1037,2505.0,752,2506.0,250,2507.0,356,2508.0,558,2509.0,405,2510.0,526,2511.0,461,2506.0
RM409,,13:40:17.250#,2527.0,2533.0,2487.0,2650.0,2350.0,1795303,1177895,2502.0,1048,2503.0,1076,2504.0,1034,2505.0,752,2506.0,276,2507.0,355,2508.0,558,2509.0,405,2510.0,526,2511.0,461,2506.0
RM409,,13:40:17.500#,2527.0,2533.0,2487.0,2650.0,2350.0,1795315,1177895,2502.0,1048,2503.0,1076,2504.0,1034,2505.0,754,2506.0,263,2507.0,352,2508.0,557,2509.0,405,2510.0,526,2511.0,461,2506.0
RM409,,13:40:17.750#,2527.0,2533.0,2487.0,2650.0,2350.0,1795315,1177895,2502.0,1048,2503.0,1076,2504.0,1034,2505.0,755,2506.0,263,2507.0,352,2508.0,557,2509.0,405,2510.0,526,2511.0,461,2506.0
RM409,,13:40:18.0#,2527.0,2533.0,2487.0,2650.0,2350.0,1795317,1177895,2502.0,1048,2503.0,1076,2504.0,1034,2505.0,749,2506.0,266,2507.0,342,2508.0,557,2509.0,405,2510.0,526,2511.0,461,2506.0
RM409,,13:40:18.250#,2527.0,2533.0,2487.0,2650.0,2350.0,1795318,1177895,2502.0,1048,2503.0,1076,2504.0,1034,2505.0,750,2506.0,265,2507.0,337,2508.0,557,2509.0,405,2510.0,526,2511.0,462,2506.0
RM409,,13:40:18.500#,2527.0,2533.0,2487.0,2650.0,2350.0,1795326,1177896,2502.0,1048,2503.0,1076,2504.0,1034,2505.0,750,2506.0,262,2507.0,352,2508.0,557,2509.0,405,2510.0,526,2511.0,462,2507.0
RM409,,13:40:18.750#,2527.0,2533.0,2487.0,2650.0,2350.0,1795326,1177896,2502.0,1048,2503.0,1076,2504.0,1035,2505.0,753,2506.0,263,2507.0,359,2508.0,559,2509.0,405,2510.0,526,2511.0,462,2507.0
RM409,,13:40:19.0#,2527.0,2533.0,2487.0,2650.0,2350.0,1795328,1177896,2502.0,1048,2503.0,1076,2504.0,1035,2505.0,753,2506.0,263,2507.0,360,2508.0,559,2509.0,405,2510.0,516,2511.0,462,2507.0
RM409,,13:40:19.250#,2527.0,2533.0,2487.0,2650.0,2350.0,1795328,1177896,2502.0,1048,2503.0,1076,2504.0,1035,2505.0,753,2506.0,263,2507.0,360,2508.0,559,2509.0,405,2510.0,516,2511.0,462,2507.0
RM409,,13:40:19.500#,2527.0,2533.0,2487.0,2650.0,2350.0,1795340,1177888,2502.0,1048,2503.0,1076,2504.0,1035,2505.0,756,2506.0,254,2507.0,359,2508.0,559,2509.0,405,2510.0,520,2511.0,458,2506.0
RM409,,13:40:19.750#,2527.0,2533.0,2487.0,2650.0,2350.0,1795340,1177888,2502.0,1048,2503.0,1076,2504.0,1035,2505.0,756,2506.0,270,2507.0,368,2508.0,559,2509.0,405,2510.0,520,2511.0,458,2506.0
RM409,,13:40:20.0#,2527.0,2533.0,2487.0,2650.0,2350.0,1795354,1177900,2502.0,1048,2503.0,1076,2504.0,1035,2505.0,756,2506.0,256,2507.0,370,2508.0,559,2509.0,405,2510.0,520,2511.0,458,2506.0
RM409,,13:40:20.250#,2527.0,2533.0,2487.0,2650.0,2350.0,1795355,1177901,2502.0,1048,2503.0,1076,2504.0,1035,2505.0,756,2506.0,253,2507.0,390,2508.0,559,2509.0,405,2510.0,520,2511.0,458,2506.0
RM409,,13:40:20.500#,2527.0,2533.0,2487.0,2650.0,2350.0,1795367,1177901,2502.0,1048,2503.0,1076,2504.0,1035,2505.0,756,2506.0,246,2507.0,390,2508.0,559,2509.0,405,2510.0,520,2511.0,458,2506.0
RM409,,13:40:20.750#,2527.0,2533.0,2487.0,2650.0,2350.0,1795420,1177901,2502.0,1048,2503.0,1077,2504.0,1035,2505.0,756,2506.0,227,2507.0,371,2508.0,559,2509.0,405,2510.0,520,2511.0,458,2506.0
RM409,,13:40:21.0#,2527.0,2533.0,2487.0,2650.0,2350.0,1795421,1177901,2502.0,1048,2503.0,1078,2504.0,1035,2505.0,758,2506.0,456,2507.0,338,2508.0,559,2509.0,405,2510.0,520,2511.0,458,2506.0
RM409,,13:40:21.250#,2527.0,2533.0,2487.0,2650.0,2350.0,1795423,1177903,2502.0,1048,2503.0,1078,2504.0,1035,2505.0,758,2506.0,464,2507.0,327,2508.0,559,2509.0,407,2510.0,519,2511.0,459,2506.0
RM409,,13:40:21.500#,2527.0,2533.0,2487.0,2650.0,2350.0,1795424,1177903,2502.0,1048,2503.0,1078,2504.0,1035,2505.0,760,2506.0,522,2507.0,328,2508.0,559,2509.0,407,2510.0,519,2511.0,459,2506.0
RM409,,13:40:21.750#,2527.0,2533.0,2487.0,2650.0,2350.0,1795424,1177903,2502.0,1048,2503.0,1078,2504.0,1035,2505.0,760,2506.0,529,2507.0,337,2508.0,559,2509.0,407,2510.0,519,2511.0,459,2506.0
RM409,,13:40:22.0#,2527.0,2533.0,2487.0,2650.0,2350.0,1795426,1177904,2502.0,1048,2503.0,1078,2504.0,1035,2505.0,760,2506.0,586,2507.0,339,2508.0,559,2509.0,407,2510.0,519,2511.0,460,2506.0
RM409,,13:40:22.250#,2527.0,2533.0,2487.0,2650.0,2350.0,1795427,1177905,2502.0,1048,2503.0,1078,2504.0,1035,2505.0,762,2506.0,592,2507.0,324,2508.0,587,2509.0,407,2510.0,519,2511.0,460,2506.0
RM409,,13:40:22.500#,2527.0,2533.0,2487.0,2650.0,2350.0,1795427,1177905,2502.0,1049,2503.0,1078,2504.0,1034,2505.0,764,2506.0,594,2507.0,319,2508.0,587,2509.0,407,2510.0,519,2511.0,460,2506.0
RM409,,13:40:22.750#,2527.0,2533.0,2487.0,2650.0,2350.0,1795428,1177906,2502.0,1050,2503.0,1078,2504.0,1034,2505.0,764,2506.0,613,2507.0,319,2508.0,587,2509.0,407,2510.0,520,2511.0,460,2506.0
RM409,,13:40:23.0#,2527.0,2533.0,2487.0,2650.0,2350.0,1795435,1177912,2502.0,1050,2503.0,1078,2504.0,1034,2505.0,764,2506.0,611,2507.0,325,2508.0,587,2509.0,407,2510.0,520,2511.0,460,2506.0
RM409,,13:40:23.250#,2527.0,2533.0,2487.0,2650.0,2350.0,1795435,1177912,2502.0,1050,2503.0,1078,2504.0,1039,2505.0,768,2506.0,616,2507.0,325,2508.0,587,2509.0,407,2510.0,520,2511.0,460,2506.0
RM409,,13:40:23.500#,2527.0,2533.0,2487.0,2650.0,2350.0,1795437,1177914,2502.0,1049,2503.0,1078,2504.0,1039,2505.0,768,2506.0,609,2507.0,325,2508.0,587,2509.0,407,2510.0,520,2511.0,460,2506.0
RM409,,13:40:23.750#,2527.0,2533.0,2487.0,2650.0,2350.0,1795437,1177914,2502.0,1049,2503.0,1078,2504.0,1039,2505.0,817,2506.0,611,2507.0,329,2508.0,587,2509.0,407,2510.0,520,2511.0,460,2506.0
RM409,,13:40:24.0#,2527.0,2533.0,2487.0,2650.0,2350.0,1795438,1177913,2502.0,1049,2503.0,1094,2504.0,1039,2505.0,817,2506.0,611,2507.0,326,2508.0,587,2509.0,407,2510.0,520,2511.0,460,2507.0
RM409,,13:40:24.250#,2527.0,2533.0,2487.0,2650.0,2350.0,1795442,1177913,2502.0,1129,2503.0,1094,2504.0,1039,2505.0,817,2506.0,610,2507.0,325,2508.0,588,2509.0,408,2510.0,520,2511.0,460,2507.0
RM409,,13:40:24.500#,2527.0,2533.0,2487.0,2650.0,2350.0,1795446,1177915,2502.0,1129,2503.0,1094,2504.0,1039,2505.0,817,2506.0,607,2507.0,329,2508.0,588,2509.0,408,2510.0,520,2511.0,460,2507.0
RM409,,13:40:24.750#,2527.0,2533.0,2487.0,2650.0,2350.0,1795449,1177914,2502.0,1129,2503.0,1094,2504.0,1039,2505.0,767,2506.0,616,2507.0,335,2508.0,589,2509.0,408,2510.0,520,2511.0,460,2506.0
RM409,,13:40:25.0#,2527.0,2533.0,2487.0,2650.0,2350.0,1795474,1177914,2502.0,1129,2503.0,1094,2504.0,1040,2505.0,737,2506.0,617,2507.0,308,2508.0,589,2509.0,408,2510.0,520,2511.0,460,2507.0
RM409,,13:40:25.250#,2527.0,2533.0,2487.0,2650.0,2350.0,1795474,1177914,2502.0,1129,2503.0,1094,2504.0,1040,2505.0,737,2506.0,622,2507.0,311,2508.0,589,2509.0,408,2510.0,520,2511.0,460,2507.0
RM409,,13:40:25.500#,2527.0,2533.0,2487.0,2650.0,2350.0,1795476,1177915,2502.0,1129,2503.0,1086,2504.0,1040,2505.0,745,2506.0,620,2507.0,311,2508.0,589,2509.0,408,2510.0,520,2511.0,460,2506.0
RM409,,13:40:25.750#,2527.0,2533.0,2487.0,2650.0,2350.0,1795478,1177915,2502.0,1129,2503.0,1086,2504.0,1040,2505.0,745,2506.0,623,2507.0,310,2508.0,589,2509.0,408,2510.0,530,2511.0,460,2507.0
RM409,,13:40:26.0#,2527.0,2533.0,2487.0,2650.0,2350.0,1795488,1177914,2502.0,1129,2503.0,1086,2504.0,1040,2505.0,745,2506.0,624,2507.0,305,2508.0,591,2509.0,407,2510.0,530,2511.0,460,2507.0
RM409,,13:40:26.250#,2527.0,2533.0,2487.0,2650.0,2350.0,1795495,1177908,2502.0,1129,2503.0,1086,2504.0,1040,2505.0,745,2506.0,619,2507.0,304,2508.0,591,2509.0,407,2510.0,530,2511.0,450,2507.0
RM409,,13:40:26.500#,2527.0,2533.0,2487.0,2650.0,2350.0,1795496,1177907,2502.0,1129,2503.0,1086,2504.0,1040,2505.0,746,2506.0,623,2507.0,303,2508.0,591,2509.0,407,2510.0,530,2511.0,450,2507.0
RM409,,13:40:26.750#,2527.0,2533.0,2487.0,2650.0,2350.0,1795496,1177907,2502.0,1129,2503.0,1086,2504.0,1040,2505.0,747,2506.0,623,2507.0,304,2508.0,599,2509.0,407,2510.0,531,2511.0,450,2507.0
RM409,,13:40:27.0#,2527.0,2533.0,2487.0,2650.0,2350.0,1795497,1177907,2502.0,1129,2503.0,1086,2504.0,1043,2505.0,747,2506.0,625,2507.0,303,2508.0,600,2509.0,407,2510.0,532,2511.0,450,2507.0
RM409,,13:40:27.250#,2527.0,2533.0,2487.0,2650.0,2350.0,1795504,1177907,2502.0,1129,2503.0,1086,2504.0,1043,2505.0,746,2506.0,618,2507.0,304,2508.0,600,2509.0,407,2510.0,532,2511.0,450,2506.0
RM409,,13:40:27.500#,2527.0,2533.0,2487.0,2650.0,2350.0,1795516,1177906,2502.0,1129,2503.0,1086,2504.0,1043,2505.0,747,2506.0,605,2507.0,302,2508.0,601,2509.0,407,2510.0,532,2511.0,450,2507.0
RM409,,13:40:27.750#,2527.0,2533.0,2487.0,2650.0,2350.0,1795519,1177906,2502.0,1129,2503.0,1086,2504.0,1043,2505.0,747,2506.0,611,2507.0,301,2508.0,601,2509.0,407,2510.0,532,2511.0,450,2507.0
RM409,,13:40:28.0#,2527.0,2533.0,2487.0,2650.0,2350.0,1795521,1177904,2502.0,1129,2503.0,1086,2504.0,1043,2505.0,747,2506.0,622,2507.0,304,2508.0,601,2509.0,407,2510.0,532,2511.0,450,2506.0
RM409,,13:40:28.250#,2527.0,2533.0,2487.0,2650.0,2350.0,1795530,1177901,2502.0,1129,2503.0,1086,2504.0,1043,2505.0,747,2506.0,625,2507.0,300,2508.0,601,2509.0,397,2510.0,532,2511.0,450,2506.0
RM409,,13:40:28.500#,2527.0,2533.0,2487.0,2650.0,2350.0,1795531,1177901,2502.0,1129,2503.0,1086,2504.0,1043,2505.0,752,2506.0,623,2507.0,302,2508.0,600,2509.0,397,2510.0,542,2511.0,450,2506.0
RM409,,13:40:28.750#,2527.0,2533.0,2487.0,2650.0,2350.0,1795531,1177901,2502.0,1129,2503.0,1086,2504.0,1043,2505.0,751,2506.0,623,2507.0,300,2508.0,600,2509.0,397,2510.0,542,2511.0,450,2506.0
RM409,,13:40:29.0#,2527.0,2533.0,2487.0,2650.0,2350.0,1795536,1177896,2502.0,1129,2503.0,1086,2504.0,1044,2505.0,751,2506.0,625,2507.0,300,2508.0,600,2509.0,397,2510.0,542,2511.0,450,2506.0
RM409,,13:40:29.250#,2527.0,2533.0,2487.0,2650.0,2350.0,1795537,1177896,2502.0,1129,2503.0,1086,2504.0,1044,2505.0,759,2506.0,629,2507.0,299,2508.0,600,2509.0,397,2510.0,542,2511.0,450,2507.0
RM409,,13:40:29.500#,2527.0,2533.0,2487.0,2650.0,2350.0,1795541,1177895,2502.0,1129,2503.0,1086,2504.0,1044,2505.0,759,2506.0,641,2507.0,297,2508.0,600,2509.0,397,2510.0,542,2511.0,451,2506.0
RM409,,13:40:29.750#,2527.0,2533.0,2487.0,2650.0,2350.0,1795549,1177893,2502.0,1129,2503.0,1086,2504.0,1044,2505.0,760,2506.0,636,2507.0,298,2508.0,600,2509.0,397,2510.0,542,2511.0,451,2506.0
RM409,,13:40:30.0#,2527.0,2533.0,2487.0,2650.0,2350.0,1795549,1177893,2502.0,1129,2503.0,1086,2504.0,1044,2505.0,760,2506.0,636,2507.0,297,2508.0,598,2509.0,397,2510.0,542,2511.0,452,2506.0
RM409,,13:40:30.250#,2527.0,2533.0,2487.0,2650.0,2350.0,1795552,1177896,2502.0,1129,2503.0,1086,2504.0,1044,2505.0,760,2506.0,698,2507.0,294,2508.0,593,2509.0,397,2510.0,544,2511.0,452,2507.0
RM409,,13:40:30.500#,2527.0,2533.0,2487.0,2650.0,2350.0,1795879,1177867,2503.0,1086,2504.0,1044,2505.0,760,2506.0,469,2507.0,294,2508.0,659,2509.0,397,2510.0,545,2511.0,452,2512.0,472,2507.0
RM409,,13:40:30.750#,2527.0,2533.0,2487.0,2650.0,2350.0,1795880,1177866,2503.0,1085,2504.0,1044,2505.0,763,2506.0,497,2507.0,356,2508.0,625,2509.0,497,2510.0,547,2511.0,452,2512.0,472,2507.0
RM409,,13:40:31.0#,2527.0,2533.0,2487.0,2650.0,2350.0,1795881,1177866,2503.0,1085,2504.0,1044,2505.0,703,2506.0,497,2507.0,378,2508.0,492,2509.0,497,2510.0,547,2511.0,452,2512.0,472,2507.0
RM409,,13:40:31.250#,2527.0,2533.0,2487.0,2650.0,2350.0,1795882,1177865,2503.0,1084,2504.0,1044,2505.0,703,2506.0,506,2507.0,378,2508.0,397,2509.0,497,2510.0,547,2511.0,452,2512.0,472,2507.0
RM409,,13:40:31.500#,2527.0,2533.0,2487.0,2650.0,2350.0,1795882,1177865,2503.0,1084,2504.0,1048,2505.0,703,2506.0,505,2507.0,397,2508.0,385,2509.0,497,2510.0,547,2511.0,452,2512.0,472,2507.0
RM409,,13:40:31.750#,2527.0,2533.0,2487.0,2650.0,2350.0,1795885,1177862,2503.0,1084,2504.0,1050,2505.0,703,2506.0,505,2507.0,398,2508.0,385,2509.0,497,2510.0,547,2511.0,452,2512.0,472,2507.0
RM409,,13:40:32.0#,2527.0,2533.0,2487.0,2650.0,2350.0,1795890,1177862,2503.0,1084,2504.0,1050,2505.0,698,2506.0,506,2507.0,404,2508.0,384,2509.0,497,2510.0,547,2511.0,452,2512.0,472,2507.0
RM409,,13:40:32.250#,2527.0,2533.0,2487.0,2650.0,2350.0,1795891,1177862,2503.0,1084,2504.0,1050,2505.0,699,2506.0,507,2507.0,405,2508.0,384,2509.0,497,2510.0,547,2511.0,452,2512.0,472,2507.0
RM409,,13:40:32.500#,2527.0,2533.0,2487.0,2650.0,2350.0,1795891,1177862,2503.0,1084,2504.0,1050,2505.0,700,2506.0,508,2507.0,407,2508.0,385,2509.0,497,2510.0,547,2511.0,452,2512.0,472,2507.0
RM409,,13:40:32.750#,2527.0,2533.0,2487.0,2650.0,2350.0,1795891,1177862,2503.0,1084,2504.0,1050,2505.0,700,2506.0,518,2507.0,410,2508.0,385,2509.0,497,2510.0,547,2511.0,452,2512.0,472,2507.0
RM409,,13:40:33.0#,2527.0,2533.0,2487.0,2650.0,2350.0,1795891,1177862,2503.0,1084,2504.0,1050,2505.0,679,2506.0,519,2507.0,410,2508.0,385,2509.0,497,2510.0,547,2511.0,452,2512.0,472,2507.0
RM409,,13:40:33.250#,2527.0,2533.0,2487.0,2650.0,2350.0,1795891,1177862,2503.0,1084,2504.0,1050,2505.0,679,2506.0,520,2507.0,411,2508.0,386,2509.0,497,2510.0,547,2511.0,452,2512.0,471,2507.0
RM409,,13:40:33.500#,2527.0,2533.0,2487.0,2650.0,2350.0,1795891,1177862,2503.0,1085,2504.0,1050,2505.0,679,2506.0,522,2507.0,402,2508.0,386,2509.0,497,2510.0,547,2511.0,452,2512.0,471,2507.0
RM409,,13:40:33.750#,2527.0,2533.0,2487.0,2650.0,2350.0,1795891,1177862,2503.0,1085,2504.0,1050,2505.0,699,2506.0,527,2507.0,404,2508.0,386,2509.0,497,2510.0,547,2511.0,452,2512.0,472,2507.0
RM409,,13:40:34.0#,2527.0,2533.0,2487.0,2650.0,2350.0,1795893,1177862,2503.0,1085,2504.0,1048,2505.0,675,2506.0,527,2507.0,405,2508.0,386,2509.0,497,2510.0,547,2511.0,452,2512.0,472,2507.0
RM409,,13:40:34.250#,2527.0,2533.0,2487.0,2650.0,2350.0,1795894,1177862,2503.0,1089,2504.0,1048,2505.0,675,2506.0,567,2507.0,405,2508.0,388,2509.0,498,2510.0,547,2511.0,452,2512.0,472,2508.0
RM409,,13:40:34.500#,2527.0,2533.0,2487.0,2650.0,2350.0,1795949,1177830,2503.0,1089,2504.0,1048,2505.0,675,2506.0,567,2507.0,350,2508.0,389,2509.0,498,2510.0,547,2511.0,452,2512.0,472,2507.0
RM409,,13:40:34.750#,2527.0,2533.0,2487.0,2650.0,2350.0,1795952,1177833,2503.0,1089,2504.0,1048,2505.0,675,2506.0,567,2507.0,360,2508.0,396,2509.0,498,2510.0,547,2511.0,452,2512.0,472,2507.0
RM409,,13:40:35.0#,2527.0,2533.0,2487.0,2650.0,2350.0,1795967,1177841,2503.0,1089,2504.0,1048,2505.0,677,2506.0,566,2507.0,346,2508.0,404,2509.0,498,2510.0,548,2511.0,453,2512.0,472,2507.0
RM409,,13:40:35.250#,2527.0,2533.0,2487.0,2650.0,2350.0,1795967,1177841,2503.0,1089,2504.0,1048,2505.0,682,2506.0,566,2507.0,339,2508.0,408,2509.0,498,2510.0,548,2511.0,453,2512.0,472,2507.0
RM409,,13:40:35.500#,2527.0,2533.0,2487.0,2650.0,2350.0,1795969,1177841,2503.0,1089,2504.0,1048,2505.0,697,2506.0,566,2507.0,332,2508.0,438,2509.0,496,2510.0,548,2511.0,453,2512.0,472,2508.0
RM409,,13:40:35.750#,2527.0,2533.0,2487.0,2650.0,2350.0,1795970,1177841,2503.0,1089,2504.0,1048,2505.0,697,2506.0,566,2507.0,332,2508.0,540,2509.0,496,2510.0,548,2511.0,453,2512.0,472,2507.0
RM409,,13:40:36.0#,2527.0,2533.0,2487.0,2650.0,2350.0,1795974,1177845,2503.0,1089,2504.0,1048,2505.0,707,2506.0,566,2507.0,332,2508.0,575,2509.0,496,2510.0,548,2511.0,453,2512.0,472,2508.0
RM409,,13:40:36.250#,2527.0,2533.0,2487.0,2650.0,2350.0,1795980,1177839,2503.0,1089,2504.0,1048,2505.0,706,2506.0,566,2507.0,326,2508.0,580,2509.0,496,2510.0,548,2511.0,454,2512.0,471,2507.0
RM409,,13:40:36.500#,2527.0,2533.0,2487.0,2650.0,2350.0,1795981,1177838,2503.0,1089,2504.0,1048,2505.0,765,2506.0,549,2507.0,326,2508.0,562,2509.0,496,2510.0,548,2511.0,454,2512.0,471,2507.0
RM409,,13:40:36.750#,2527.0,2533.0,2487.0,2650.0,2350.0,1795981,1177838,2503.0,1089,2504.0,1048,2505.0,766,2506.0,551,2507.0,326,2508.0,453,2509.0,496,2510.0,548,2511.0,454,2512.0,471,2507.0
RM409,,13:40:37.0#,2527.0,2533.0,2487.0,2650.0,2350.0,1795981,1177838,2503.0,1089,2504.0,1048,2505.0,766,2506.0,551,2507.0,337,2508.0,454,2509.0,496,2510.0,548,2511.0,454,2512.0,471,2507.0
RM409,,13:40:37.250#,2527.0,2533.0,2487.0,2650.0,2350.0,1795983,1177838,2503.0,1087,2504.0,1048,2505.0,766,2506.0,551,2507.0,335,2508.0,458,2509.0,496,2510.0,548,2511.0,454,2512.0,471,2507.0
RM409,,13:40:37.500#,2527.0,2533.0,2487.0,2650.0,2350.0,1795986,1177841,2503.0,1086,2504.0,1048,2505.0,826,2506.0,541,2507.0,333,2508.0,459,2509.0,496,2510.0,548,2511.0,454,2512.0,471,2507.0
RM409,,13:40:37.750#,2527.0,2533.0,2487.0,2650.0,2350.0,1795989,1177841,2503.0,1086,2504.0,1048,2505.0,826,2506.0,545,2507.0,332,2508.0,454,2509.0,509,2510.0,547,2511.0,454,2512.0,471,2508.0
RM409,,13:40:38.0#,2527.0,2533.0,2487.0,2650.0,2350.0,1795989,1177841,2503.0,1085,2504.0,1048,2505.0,885,2506.0,545,2507.0,334,2508.0,457,2509.0,508,2510.0,546,2511.0,454,2512.0,471,2508.0
RM409,,13:40:38.250#,2527.0,2533.0,2487.0,2650.0,2350.0,1795993,1177841,2503.0,1085,2504.0,1049,2505.0,886,2506.0,544,2507.0,335,2508.0,455,2509.0,508,2510.0,546,2511.0,454,2512.0,471,2508.0
RM409,,13:40:38.500#,2527.0,2533.0,2487.0,2650.0,2350.0,1796013,1177827,2503.0,1089,2504.0,1049,2505.0,886,2506.0,544,2507.0,335,2508.0,439,2509.0,508,2510.0,546,2511.0,454,2512.0,471,2508.0
RM409,,13:40:38.750#,2527.0,2533.0,2487.0,2650.0,2350.0,1796015,1177826,2503.0,1089,2504.0,1049,2505.0,1004,2506.0,544,2507.0,334,2508.0,441,2509.0,508,2510.0,546,2511.0,454,2512.0,471,2508.0
RM409,,13:40:39.0#,2527.0,2533.0,2487.0,2650.0,2350.0,1796017,1177828,2503.0,1089,2504.0,1049,2505.0,1004,2506.0,547,2507.0,332,2508.0,441,2509.0,508,2510.0,546,2511.0,454,2512.0,471,2507.0
RM409,,13:40:39.250#,2527.0,2533.0,2487.0,2650.0,2350.0,1796023,1177830,2503.0,1089,2504.0,1049,2505.0,1004,2506.0,547,2507.0,334,2508.0,430,2509.0,508,2510.0,546,2511.0,454,2512.0,471,2508.0
RM409,,13:40:39.500#,2527.0,2533.0,2487.0,2650.0,2350.0,1796023,1177830,2503.0,1089,2504.0,1048,2505.0,1061,2506.0,548,2507.0,333,2508.0,434,2509.0,500,2510.0,546,2511.0,454,2512.0,471,2508.0
RM409,,13:40:39.750#,2527.0,2533.0,2487.0,2650.0,2350.0,1796029,1177835,2503.0,1089,2504.0,1048,2505.0,1063,2506.0,549,2507.0,330,2508.0,435,2509.0,500,2510.0,546,2511.0,454,2512.0,471,2507.0
RM409,,13:40:40.0#,2527.0,2533.0,2487.0,2650.0,2350.0,1796030,1177836,2503.0,1089,2504.0,1049,2505.0,1063,2506.0,549,2507.0,331,2508.0,445,2509.0,499,2510.0,546,2511.0,454,2512.0,472,2508.0
RM409,,13:40:40.250#,2527.0,2533.0,2487.0,2650.0,2350.0,1796031,1177837,2503.0,1089,2504.0,1049,2505.0,1063,2506.0,549,2507.0,331,2508.0,443,2509.0,499,2510.0,546,2511.0,454,2512.0,472,2508.0
RM409,,13:40:40.500#,2527.0,2533.0,2487.0,2650.0,2350.0,1796031,1177837,2503.0,1089,2504.0,1049,2505.0,1063,2506.0,550,2507.0,331,2508.0,443,2509.0,499,2510.0,546,2511.0,454,2512.0,471,2508.0
RM409,,13:40:40.750#,2527.0,2533.0,2487.0,2650.0,2350.0,1796051,1177857,2503.0,1089,2504.0,1049,2505.0,1060,2506.0,547,2507.0,338,2508.0,424,2509.0,529,2510.0,546,2511.0,454,2512.0,471,2508.0
RM409,,13:40:41.0#,2527.0,2533.0,2487.0,2650.0,2350.0,1796054,1177858,2503.0,1089,2504.0,1049,2505.0,1060,2506.0,547,2507.0,336,2508.0,435,2509.0,529,2510.0,546,2511.0,454,2512.0,471,2507.0
RM409,,13:40:41.250#,2527.0,2533.0,2487.0,2650.0,2350.0,1796055,1177859,2503.0,1089,2504.0,1049,2505.0,1119,2506.0,547,2507.0,341,2508.0,432,2509.0,529,2510.0,546,2511.0,454,2512.0,471,2508.0
RM409,,13:40:41.500#,2527.0,2533.0,2487.0,2650.0,2350.0,1796493,1177578,2504.0,1049,2505.0,1119,2506.0,546,2507.0,344,2508.0,211,2509.0,595,2510.0,547,2511.0,454,2512.0,473,2513.0,496,2508.0
RM409,,13:40:41.750#,2527.0,2533.0,2487.0,2650.0,2350.0,1796494,1177578,2504.0,1049,2505.0,1119,2506.0,496,2507.0,347,2508.0,243,2509.0,718,2510.0,547,2511.0,454,2512.0,472,2513.0,496,2508.0
RM409,,13:40:42.0#,2527.0,2533.0,2487.0,2650.0,2350.0,1796507,1177578,2504.0,1049,2505.0,1119,2506.0,496,2507.0,351,2508.0,245,2509.0,719,2510.0,547,2511.0,454,2512.0,472,2513.0,497,2508.0
RM409,,13:40:42.250#,2527.0,2533.0,2487.0,2650.0,2350.0,1796510,1177578,2504.0,1050,2505.0,1119,2506.0,494,2507.0,351,2508.0,256,2509.0,720,2510.0,547,2511.0,454,2512.0,472,2513.0,498,2508.0
RM409,,13:40:42.500#,2527.0,2533.0,2487.0,2650.0,2350.0,1796514,1177578,2504.0,1045,2505.0,1179,2506.0,494,2507.0,350,2508.0,247,2509.0,721,2510.0,547,2511.0,454,2512.0,467,2513.0,498,2508.0
RM409,,13:40:43.0#,2527.0,2533.0,2487.0,2650.0,2350.0,1796555,1177578,2504.0,1045,2505.0,1209,2506.0,494,2507.0,350,2508.0,212,2509.0,663,2510.0,547,2511.0,454,2512.0,467,2513.0,498,2508.0
RM409,,13:40:43.250#,2527.0,2533.0,2487.0,2650.0,2350.0,1796556,1177578,2504.0,1045,2505.0,1267,2506.0,494,2507.0,351,2508.0,244,2509.0,790,2510.0,547,2511.0,454,2512.0,467,2513.0,498,2509.0
RM409,,13:40:43.500#,2527.0,2533.0,2487.0,2650.0,2350.0,1796558,1177578,2504.0,1045,2505.0,1268,2506.0,494,2507.0,356,2508.0,239,2509.0,790,2510.0,547,2511.0,454,2512.0,467,2513.0,498,2509.0
RM409,,13:40:43.750#,2527.0,2533.0,2487.0,2650.0,2350.0,1796574,1177564,2504.0,1045,2505.0,1267,2506.0,494,2507.0,361,2508.0,239,2509.0,773,2510.0,547,2511.0,454,2512.0,467,2513.0,498,2509.0
RM409,,13:40:44.0#,2527.0,2533.0,2487.0,2650.0,2350.0,1796575,1177563,2504.0,1045,2505.0,1321,2506.0,494,2507.0,361,2508.0,259,2509.0,772,2510.0,547,2511.0,454,2512.0,467,2513.0,498,2509.0
RM409,,13:40:44.250#,2527.0,2533.0,2487.0,2650.0,2350.0,1796575,1177563,2504.0,1045,2505.0,1321,2506.0,493,2507.0,361,2508.0,265,2509.0,644,2510.0,547,2511.0,454,2512.0,467,2513.0,498,2509.0
RM409,,13:40:44.500#,2527.0,2533.0,2487.0,2650.0,2350.0,1796575,1177563,2504.0,1044,2505.0,1321,2506.0,493,2507.0,361,2508.0,287,2509.0,642,2510.0,549,2511.0,454,2512.0,465,2513.0,498,2509.0
RM409,,13:40:44.750#,2527.0,2533.0,2487.0,2650.0,2350.0,1796581,1177562,2504.0,1044,2505.0,1303,2506.0,543,2507.0,381,2508.0,289,2509.0,635,2510.0,549,2511.0,454,2512.0,467,2513.0,498,2508.0
RM409,,13:40:45.0#,2527.0,2533.0,2487.0,2650.0,2350.0,1796587,1177558,2504.0,1044,2505.0,1323,2506.0,542,2507.0,381,2508.0,285,2509.0,588,2510.0,552,2511.0,454,2512.0,467,2513.0,498,2508.0
RM409,,13:40:45.250#,2527.0,2533.0,2487.0,2650.0,2350.0,1796598,1177562,2504.0,1044,2505.0,1323,2506.0,542,2507.0,381,2508.0,291,2509.0,577,2510.0,552,2511.0,454,2512.0,467,2513.0,498,2509.0
RM409,,13:40:45.500#,2527.0,2533.0,2487.0,2650.0,2350.0,1796599,1177563,2504.0,1044,2505.0,1323,2506.0,543,2507.0,382,2508.0,294,2509.0,577,2510.0,552,2511.0,454,2512.0,467,2513.0,498,2509.0
RM409,,13:40:45.750#,2527.0,2533.0,2487.0,2650.0,2350.0,1796607,1177563,2504.0,1044,2505.0,1323,2506.0,601,2507.0,382,2508.0,292,2509.0,575,2510.0,552,2511.0,454,2512.0,467,2513.0,498,2509.0
RM409,,13:40:46.0#,2527.0,2533.0,2487.0,2650.0,2350.0,1796607,1177563,2504.0,1044,2505.0,1323,2506.0,598,2507.0,372,2508.0,292,2509.0,585,2510.0,552,2511.0,454,2512.0,467,2513.0,498,2509.0
RM409,,13:40:46.250#,2527.0,2533.0,2487.0,2650.0,2350.0,1796609,1177564,2504.0,1044,2505.0,1321,2506.0,657,2507.0,372,2508.0,290,2509.0,583,2510.0,552,2511.0,454,2512.0,467,2513.0,498,2509.0
RM409,,13:40:46.500#,2527.0,2533.0,2487.0,2650.0,2350.0,1796609,1177564,2504.0,1044,2505.0,1335,2506.0,657,2507.0,372,2508.0,290,2509.0,583,2510.0,552,2511.0,454,2512.0,467,2513.0,498,2509.0
