InstrumentId,ExchangeId,Datetime,OpenPrice,HighestPrice,LowestPrice,UpperLimitPrice,LowerLimitPrice,Volume,OpenInterest,BidPrice5,BidVolume5,BidPrice4,BidVolume4,BidPrice3,BidVolume3,BidPrice2,BidVolume2,BidPrice1,BidVolume1,AskPrice1,AskVolume1,AskPrice2,AskVolume2,AskPrice3,AskVolume3,AskPrice4,AskVolume4,AskPrice5,AskVolume5,LastPrice
RM411,,13:38:36.500#,2471.0,2476.0,2433.0,2592.0,2298.0,108315,183686,2450.0,30,2451.0,61,2452.0,49,2453.0,162,2454.0,9,2455.0,55,2456.0,114,2457.0,19,2458.0,24,2459.0,22,2454.0
RM411,,13:38:37.250#,2471.0,2476.0,2433.0,2592.0,2298.0,108315,183686,2450.0,30,2451.0,61,2452.0,49,2453.0,162,2454.0,9,2455.0,55,2456.0,114,2457.0,19,2458.0,24,2459.0,22,2454.0
RM411,,13:38:37.750#,2471.0,2476.0,2433.0,2592.0,2298.0,108315,183686,2450.0,30,2451.0,61,2452.0,49,2453.0,163,2454.0,9,2455.0,55,2456.0,114,2457.0,19,2458.0,24,2459.0,22,2454.0
RM411,,13:38:38.500#,2471.0,2476.0,2433.0,2592.0,2298.0,108315,183686,2450.0,30,2451.0,61,2452.0,49,2453.0,164,2454.0,9,2455.0,55,2456.0,114,2457.0,19,2458.0,24,2459.0,22,2454.0
RM411,,13:38:40.500#,2471.0,2476.0,2433.0,2592.0,2298.0,108315,183686,2450.0,30,2451.0,61,2452.0,49,2453.0,164,2454.0,9,2455.0,55,2456.0,114,2457.0,18,2458.0,24,2459.0,22,2454.0
RM411,,13:38:41.0#,2471.0,2476.0,2433.0,2592.0,2298.0,108315,183686,2450.0,30,2451.0,61,2452.0,59,2453.0,154,2454.0,9,2455.0,55,2456.0,114,2457.0,18,2458.0,24,2459.0,22,2454.0
RM411,,13:38:41.250#,2471.0,2476.0,2433.0,2592.0,2298.0,108315,183686,2450.0,30,2451.0,62,2452.0,59,2453.0,155,2454.0,9,2455.0,55,2456.0,114,2457.0,18,2458.0,24,2459.0,22,2454.0
RM411,,13:38:41.500#,2471.0,2476.0,2433.0,2592.0,2298.0,108315,183686,2450.0,30,2451.0,62,2452.0,59,2453.0,154,2454.0,9,2455.0,55,2456.0,114,2457.0,18,2458.0,24,2459.0,22,2454.0
RM411,,13:38:43.500#,2471.0,2476.0,2433.0,2592.0,2298.0,108315,183686,2450.0,30,2451.0,62,2452.0,60,2453.0,154,2454.0,9,2455.0,55,2456.0,114,2457.0,18,2458.0,24,2459.0,22,2454.0
RM411,,13:38:43.750#,2471.0,2476.0,2433.0,2592.0,2298.0,108318,183683,2450.0,30,2451.0,62,2452.0,60,2453.0,154,2454.0,9,2455.0,52,2456.0,114,2457.0,18,2458.0,24,2459.0,22,2454.0
RM411,,13:38:44.0#,2471.0,2476.0,2433.0,2592.0,2298.0,108324,183677,2450.0,30,2451.0,62,2452.0,60,2453.0,154,2454.0,10,2455.0,36,2456.0,124,2457.0,18,2458.0,24,2459.0,22,2454.0
RM411,,13:38:44.250#,2471.0,2476.0,2433.0,2592.0,2298.0,108324,183677,2450.0,30,2451.0,62,2452.0,60,2453.0,154,2454.0,10,2455.0,26,2456.0,134,2457.0,18,2458.0,24,2459.0,22,2454.0
RM411,,13:38:44.750#,2471.0,2476.0,2433.0,2592.0,2298.0,108324,183677,2450.0,30,2451.0,62,2452.0,60,2453.0,149,2454.0,15,2455.0,26,2456.0,134,2457.0,18,2458.0,24,2459.0,22,2454.0
RM411,,13:38:45.0#,2471.0,2476.0,2433.0,2592.0,2298.0,108324,183677,2450.0,30,2451.0,62,2452.0,50,2453.0,159,2454.0,10,2455.0,26,2456.0,134,2457.0,18,2458.0,24,2459.0,22,2454.0
RM411,,13:38:45.250#,2471.0,2476.0,2433.0,2592.0,2298.0,108324,183677,2450.0,30,2451.0,62,2452.0,60,2453.0,149,2454.0,10,2455.0,26,2456.0,134,2457.0,18,2458.0,24,2459.0,22,2454.0
RM411,,13:38:45.750#,2471.0,2476.0,2433.0,2592.0,2298.0,108324,183677,2450.0,30,2451.0,62,2452.0,60,2453.0,149,2454.0,10,2455.0,26,2456.0,135,2457.0,18,2458.0,24,2459.0,22,2454.0
RM411,,13:38:46.0#,2471.0,2476.0,2433.0,2592.0,2298.0,108324,183677,2450.0,30,2451.0,62,2452.0,50,2453.0,159,2454.0,10,2455.0,26,2456.0,135,2457.0,18,2458.0,24,2459.0,22,2454.0
RM411,,13:38:46.500#,2471.0,2476.0,2433.0,2592.0,2298.0,108324,183677,2450.0,30,2451.0,62,2452.0,50,2453.0,159,2454.0,15,2455.0,26,2456.0,135,2457.0,18,2458.0,24,2459.0,22,2454.0
RM411,,13:38:46.750#,2471.0,2476.0,2433.0,2592.0,2298.0,108324,183677,2450.0,30,2451.0,62,2452.0,50,2453.0,159,2454.0,10,2455.0,26,2456.0,135,2457.0,18,2458.0,24,2459.0,22,2454.0
RM411,,13:38:47.0#,2471.0,2476.0,2433.0,2592.0,2298.0,108325,183677,2450.0,30,2451.0,62,2452.0,50,2453.0,159,2454.0,10,2455.0,45,2456.0,135,2457.0,18,2458.0,24,2459.0,22,2455.0
RM411,,13:38:47.250#,2471.0,2476.0,2433.0,2592.0,2298.0,108325,183677,2450.0,30,2451.0,62,2452.0,60,2453.0,149,2454.0,9,2455.0,45,2456.0,135,2457.0,18,2458.0,24,2459.0,22,2455.0
RM411,,13:38:50.0#,2471.0,2476.0,2433.0,2592.0,2298.0,108325,183677,2450.0,30,2451.0,62,2452.0,60,2453.0,149,2454.0,14,2455.0,45,2456.0,135,2457.0,18,2458.0,24,2459.0,22,2455.0
RM411,,13:38:50.250#,2471.0,2476.0,2433.0,2592.0,2298.0,108325,183677,2450.0,30,2451.0,62,2452.0,60,2453.0,149,2454.0,9,2455.0,45,2456.0,135,2457.0,18,2458.0,24,2459.0,22,2455.0
RM411,,13:38:50.500#,2471.0,2476.0,2433.0,2592.0,2298.0,108330,183672,2450.0,30,2451.0,62,2452.0,60,2453.0,149,2454.0,4,2455.0,40,2456.0,135,2457.0,18,2458.0,24,2459.0,22,2454.0
RM411,,13:38:50.750#,2471.0,2476.0,2433.0,2592.0,2298.0,108330,183672,2450.0,30,2451.0,62,2452.0,60,2453.0,152,2454.0,4,2455.0,43,2456.0,132,2457.0,18,2458.0,24,2459.0,22,2454.0
RM411,,13:38:51.0#,2471.0,2476.0,2433.0,2592.0,2298.0,108330,183672,2449.0,31,2450.0,30,2451.0,62,2452.0,60,2453.0,171,2455.0,44,2456.0,132,2457.0,18,2458.0,24,2459.0,22,2454.0
RM411,,13:38:51.250#,2471.0,2476.0,2433.0,2592.0,2298.0,108330,183672,2450.0,30,2451.0,62,2452.0,80,2453.0,137,2454.0,4,2455.0,53,2456.0,122,2457.0,18,2458.0,24,2459.0,22,2454.0
RM411,,13:38:51.500#,2471.0,2476.0,2433.0,2592.0,2298.0,108330,183672,2449.0,31,2450.0,30,2451.0,62,2452.0,60,2453.0,176,2455.0,53,2456.0,122,2457.0,18,2458.0,24,2459.0,22,2454.0
RM411,,13:38:51.750#,2471.0,2476.0,2433.0,2592.0,2298.0,108330,183672,2450.0,30,2451.0,62,2452.0,80,2453.0,137,2454.0,4,2455.0,63,2456.0,112,2457.0,18,2458.0,24,2459.0,22,2454.0
RM411,,13:38:52.0#,2471.0,2476.0,2433.0,2592.0,2298.0,108330,183672,2450.0,30,2451.0,62,2452.0,60,2453.0,152,2454.0,10,2455.0,54,2456.0,122,2457.0,18,2458.0,24,2459.0,22,2454.0
RM411,,13:38:53.250#,2471.0,2476.0,2433.0,2592.0,2298.0,108345,183674,2450.0,29,2451.0,62,2452.0,50,2453.0,162,2454.0,17,2455.0,39,2456.0,122,2457.0,18,2458.0,24,2459.0,22,2454.0
RM411,,13:38:53.500#,2471.0,2476.0,2433.0,2592.0,2298.0,108346,183673,2450.0,29,2451.0,62,2452.0,50,2453.0,162,2454.0,16,2455.0,29,2456.0,132,2457.0,18,2458.0,24,2459.0,22,2454.0
RM411,,13:38:53.750#,2471.0,2476.0,2433.0,2592.0,2298.0,108354,183673,2450.0,29,2451.0,62,2452.0,50,2453.0,162,2454.0,17,2455.0,22,2456.0,132,2457.0,18,2458.0,24,2459.0,22,2455.0
RM411,,13:38:54.0#,2471.0,2476.0,2433.0,2592.0,2298.0,108354,183673,2450.0,29,2451.0,62,2452.0,50,2453.0,162,2454.0,17,2455.0,23,2456.0,132,2457.0,18,2458.0,24,2459.0,22,2455.0
RM411,,13:38:54.250#,2471.0,2476.0,2433.0,2592.0,2298.0,108369,183658,2450.0,29,2451.0,62,2452.0,40,2453.0,172,2454.0,18,2455.0,29,2456.0,132,2457.0,18,2458.0,24,2459.0,22,2454.0
RM411,,13:38:56.750#,2471.0,2476.0,2433.0,2592.0,2298.0,108370,183659,2450.0,29,2451.0,62,2452.0,40,2453.0,172,2454.0,17,2455.0,28,2456.0,132,2457.0,18,2458.0,24,2459.0,22,2455.0
RM411,,13:38:59.0#,2471.0,2476.0,2433.0,2592.0,2298.0,108370,183659,2450.0,29,2451.0,62,2452.0,40,2453.0,172,2454.0,18,2455.0,28,2456.0,132,2457.0,18,2458.0,24,2459.0,22,2455.0
RM411,,13:39:01.0#,2471.0,2476.0,2433.0,2592.0,2298.0,108371,183660,2450.0,29,2451.0,62,2452.0,40,2453.0,172,2454.0,17,2455.0,27,2456.0,132,2457.0,18,2458.0,24,2459.0,22,2455.0
RM411,,13:39:01.500#,2471.0,2476.0,2433.0,2592.0,2298.0,108377,183658,2450.0,29,2451.0,62,2452.0,40,2453.0,172,2454.0,11,2455.0,22,2456.0,132,2457.0,18,2458.0,24,2459.0,22,2454.0
RM411,,13:39:01.750#,2471.0,2476.0,2433.0,2592.0,2298.0,108379,183658,2450.0,29,2451.0,62,2452.0,40,2453.0,172,2454.0,10,2455.0,21,2456.0,133,2457.0,18,2458.0,24,2459.0,22,2454.0
RM411,,13:39:02.0#,2471.0,2476.0,2433.0,2592.0,2298.0,108379,183658,2450.0,29,2451.0,62,2452.0,40,2453.0,172,2454.0,11,2455.0,21,2456.0,133,2457.0,18,2458.0,24,2459.0,22,2454.0
RM411,,13:39:02.500#,2471.0,2476.0,2433.0,2592.0,2298.0,108381,183658,2450.0,29,2451.0,62,2452.0,40,2453.0,172,2454.0,10,2455.0,22,2456.0,133,2457.0,18,2458.0,24,2459.0,22,2454.0
RM411,,13:39:02.750#,2471.0,2476.0,2433.0,2592.0,2298.0,108381,183658,2450.0,29,2451.0,62,2452.0,40,2453.0,172,2454.0,11,2455.0,22,2456.0,133,2457.0,18,2458.0,24,2459.0,22,2454.0
RM411,,13:39:04.500#,2471.0,2476.0,2433.0,2592.0,2298.0,108387,183658,2450.0,29,2451.0,62,2452.0,40,2453.0,172,2454.0,5,2455.0,22,2456.0,133,2457.0,18,2458.0,24,2459.0,22,2454.0
RM411,,13:39:04.750#,2471.0,2476.0,2433.0,2592.0,2298.0,108387,183658,2450.0,29,2451.0,62,2452.0,40,2453.0,172,2454.0,9,2455.0,22,2456.0,133,2457.0,18,2458.0,24,2459.0,22,2454.0
RM411,,13:39:05.0#,2471.0,2476.0,2433.0,2592.0,2298.0,108387,183658,2450.0,29,2451.0,62,2452.0,40,2453.0,172,2454.0,5,2455.0,22,2456.0,133,2457.0,18,2458.0,24,2459.0,22,2454.0
RM411,,13:39:05.250#,2471.0,2476.0,2433.0,2592.0,2298.0,108387,183658,2450.0,29,2451.0,62,2452.0,50,2453.0,162,2454.0,5,2455.0,22,2456.0,133,2457.0,18,2458.0,24,2459.0,22,2454.0
RM411,,13:39:05.500#,2471.0,2476.0,2433.0,2592.0,2298.0,108389,183658,2450.0,29,2451.0,62,2452.0,50,2453.0,162,2454.0,3,2455.0,20,2456.0,133,2457.0,18,2458.0,24,2459.0,22,2454.0
RM411,,13:39:06.0#,2471.0,2476.0,2433.0,2592.0,2298.0,108389,183658,2450.0,29,2451.0,62,2452.0,50,2453.0,162,2454.0,3,2455.0,29,2456.0,133,2457.0,18,2458.0,24,2459.0,22,2454.0
RM411,,13:39:06.250#,2471.0,2476.0,2433.0,2592.0,2298.0,108389,183658,2450.0,29,2451.0,62,2452.0,50,2453.0,162,2454.0,8,2455.0,29,2456.0,133,2457.0,18,2458.0,24,2459.0,22,2454.0
RM411,,13:39:06.500#,2471.0,2476.0,2433.0,2592.0,2298.0,108389,183658,2450.0,29,2451.0,62,2452.0,50,2453.0,162,2454.0,4,2455.0,30,2456.0,133,2457.0,18,2458.0,24,2459.0,22,2454.0
RM411,,13:39:07.750#,2471.0,2476.0,2433.0,2592.0,2298.0,108390,183659,2450.0,29,2451.0,62,2452.0,50,2453.0,162,2454.0,3,2455.0,29,2456.0,133,2457.0,18,2458.0,24,2459.0,22,2455.0
RM411,,13:39:08.0#,2471.0,2476.0,2433.0,2592.0,2298.0,108390,183659,2450.0,29,2451.0,62,2452.0,50,2453.0,162,2454.0,7,2455.0,29,2456.0,133,2457.0,18,2458.0,24,2459.0,22,2455.0
RM411,,13:39:08.750#,2471.0,2476.0,2433.0,2592.0,2298.0,108391,183660,2450.0,29,2451.0,62,2452.0,50,2453.0,162,2454.0,26,2455.0,28,2456.0,133,2457.0,18,2458.0,24,2459.0,22,2455.0
RM411,,13:39:09.0#,2471.0,2476.0,2433.0,2592.0,2298.0,108412,183667,2450.0,29,2451.0,62,2452.0,50,2453.0,151,2454.0,17,2455.0,6,2456.0,133,2457.0,18,2458.0,24,2459.0,22,2455.0
RM411,,13:39:09.250#,2471.0,2476.0,2433.0,2592.0,2298.0,108412,183667,2450.0,29,2451.0,62,2452.0,40,2453.0,158,2454.0,21,2455.0,13,2456.0,136,2457.0,18,2458.0,24,2459.0,22,2455.0
RM411,,13:39:09.750#,2471.0,2476.0,2433.0,2592.0,2298.0,108412,183667,2450.0,29,2451.0,62,2452.0,40,2453.0,158,2454.0,21,2455.0,14,2456.0,136,2457.0,18,2458.0,24,2459.0,22,2455.0
RM411,,13:39:10.0#,2471.0,2476.0,2433.0,2592.0,2298.0,108412,183667,2450.0,29,2451.0,62,2452.0,40,2453.0,159,2454.0,31,2455.0,15,2456.0,146,2457.0,18,2458.0,24,2459.0,22,2455.0
RM411,,13:39:12.250#,2471.0,2476.0,2433.0,2592.0,2298.0,108412,183667,2450.0,29,2451.0,62,2452.0,40,2453.0,159,2454.0,30,2455.0,15,2456.0,146,2457.0,18,2458.0,24,2459.0,22,2455.0
RM411,,13:39:12.500#,2471.0,2476.0,2433.0,2592.0,2298.0,108412,183667,2450.0,29,2451.0,62,2452.0,50,2453.0,149,2454.0,25,2455.0,15,2456.0,146,2457.0,18,2458.0,24,2459.0,22,2455.0
RM411,,13:39:12.750#,2471.0,2476.0,2433.0,2592.0,2298.0,108412,183667,2450.0,29,2451.0,62,2452.0,50,2453.0,149,2454.0,17,2455.0,15,2456.0,146,2457.0,18,2458.0,24,2459.0,22,2455.0
RM411,,13:39:13.0#,2471.0,2476.0,2433.0,2592.0,2298.0,108412,183667,2450.0,29,2451.0,62,2452.0,50,2453.0,149,2454.0,15,2455.0,16,2456.0,136,2457.0,28,2458.0,24,2459.0,22,2455.0
RM411,,13:39:13.250#,2471.0,2476.0,2433.0,2592.0,2298.0,108412,183667,2450.0,29,2451.0,62,2452.0,60,2453.0,149,2454.0,5,2455.0,26,2456.0,136,2457.0,18,2458.0,24,2459.0,22,2455.0
RM411,,13:39:13.500#,2471.0,2476.0,2433.0,2592.0,2298.0,108417,183667,2449.0,30,2450.0,29,2451.0,62,2452.0,60,2453.0,168,2454.0,1,2455.0,19,2456.0,136,2457.0,18,2458.0,24,2454.0
RM411,,13:39:13.750#,2471.0,2476.0,2433.0,2592.0,2298.0,108421,183665,2449.0,31,2450.0,29,2451.0,62,2452.0,100,2453.0,133,2455.0,87,2456.0,93,2457.0,17,2458.0,24,2459.0,22,2454.0
RM411,,13:39:14.0#,2471.0,2476.0,2433.0,2592.0,2298.0,108421,183665,2449.0,31,2450.0,29,2451.0,63,2452.0,110,2453.0,123,2455.0,97,2456.0,84,2457.0,17,2458.0,24,2459.0,22,2454.0
RM411,,13:39:14.250#,2471.0,2476.0,2433.0,2592.0,2298.0,108421,183665,2449.0,31,2450.0,29,2451.0,63,2452.0,100,2453.0,133,2455.0,87,2456.0,94,2457.0,17,2458.0,24,2459.0,22,2454.0
RM411,,13:39:14.500#,2471.0,2476.0,2433.0,2592.0,2298.0,108421,183665,2449.0,31,2450.0,29,2451.0,63,2452.0,100,2453.0,133,2455.0,117,2456.0,64,2457.0,17,2458.0,24,2459.0,22,2454.0
RM411,,13:39:14.750#,2471.0,2476.0,2433.0,2592.0,2298.0,108421,183665,2449.0,31,2450.0,29,2451.0,63,2452.0,110,2453.0,124,2454.0,6,2455.0,117,2456.0,44,2457.0,17,2458.0,24,2454.0
RM411,,13:39:15.0#,2471.0,2476.0,2433.0,2592.0,2298.0,108421,183665,2449.0,31,2450.0,29,2451.0,73,2452.0,104,2453.0,114,2454.0,21,2455.0,118,2456.0,34,2457.0,17,2458.0,24,2454.0
RM411,,13:39:15.250#,2471.0,2476.0,2433.0,2592.0,2298.0,108421,183665,2449.0,31,2450.0,29,2451.0,73,2452.0,104,2453.0,119,2454.0,21,2455.0,118,2456.0,34,2457.0,17,2458.0,24,2454.0
RM411,,13:39:15.500#,2471.0,2476.0,2433.0,2592.0,2298.0,108421,183665,2449.0,31,2450.0,29,2451.0,73,2452.0,114,2453.0,109,2454.0,17,2455.0,128,2456.0,24,2457.0,17,2458.0,24,2454.0
RM411,,13:39:15.750#,2471.0,2476.0,2433.0,2592.0,2298.0,108421,183665,2449.0,31,2450.0,29,2451.0,63,2452.0,124,2453.0,109,2454.0,17,2455.0,128,2456.0,24,2457.0,17,2458.0,24,2454.0
RM411,,13:39:17.250#,2471.0,2476.0,2433.0,2592.0,2298.0,108421,183665,2449.0,31,2450.0,29,2451.0,63,2452.0,124,2453.0,109,2454.0,12,2455.0,128,2456.0,24,2457.0,17,2458.0,24,2454.0
RM411,,13:39:17.750#,2471.0,2476.0,2433.0,2592.0,2298.0,108422,183665,2449.0,31,2450.0,29,2451.0,63,2452.0,124,2453.0,109,2454.0,11,2455.0,128,2456.0,24,2457.0,17,2458.0,24,2454.0
RM411,,13:39:18.250#,2471.0,2476.0,2433.0,2592.0,2298.0,108424,183667,2449.0,31,2450.0,29,2451.0,63,2452.0,124,2453.0,109,2454.0,9,2455.0,118,2456.0,34,2457.0,17,2458.0,24,2454.0
RM411,,13:39:18.500#,2471.0,2476.0,2433.0,2592.0,2298.0,108425,183666,2449.0,31,2450.0,29,2451.0,63,2452.0,121,2453.0,111,2454.0,6,2455.0,121,2456.0,34,2457.0,17,2458.0,24,2453.0
RM411,,13:39:18.750#,2471.0,2476.0,2433.0,2592.0,2298.0,108425,183666,2449.0,31,2450.0,29,2451.0,63,2452.0,121,2453.0,112,2454.0,6,2455.0,121,2456.0,34,2457.0,17,2458.0,24,2453.0
RM411,,13:39:19.500#,2471.0,2476.0,2433.0,2592.0,2298.0,108425,183666,2449.0,31,2450.0,29,2451.0,63,2452.0,111,2453.0,122,2454.0,6,2455.0,121,2456.0,34,2457.0,17,2458.0,24,2453.0
RM411,,13:39:19.750#,2471.0,2476.0,2433.0,2592.0,2298.0,108425,183666,2449.0,31,2450.0,29,2451.0,63,2452.0,104,2453.0,129,2454.0,9,2455.0,108,2456.0,44,2457.0,17,2458.0,24,2453.0
RM411,,13:39:20.0#,2471.0,2476.0,2433.0,2592.0,2298.0,108436,183663,2449.0,31,2450.0,29,2451.0,63,2452.0,103,2453.0,128,2455.0,129,2456.0,44,2457.0,17,2458.0,24,2459.0,21,2454.0
RM411,,13:39:20.250#,2471.0,2476.0,2433.0,2592.0,2298.0,108436,183663,2449.0,31,2450.0,29,2451.0,63,2452.0,90,2453.0,141,2455.0,117,2456.0,64,2457.0,17,2458.0,24,2459.0,22,2454.0
RM411,,13:39:20.500#,2471.0,2476.0,2433.0,2592.0,2298.0,108436,183663,2450.0,29,2451.0,63,2452.0,90,2453.0,124,2454.0,8,2455.0,77,2456.0,84,2457.0,17,2458.0,24,2459.0,22,2454.0
RM411,,13:39:20.750#,2471.0,2476.0,2433.0,2592.0,2298.0,108436,183663,2450.0,29,2451.0,62,2452.0,70,2453.0,139,2454.0,12,2455.0,45,2456.0,117,2457.0,17,2458.0,24,2459.0,22,2454.0
RM411,,13:39:21.0#,2471.0,2476.0,2433.0,2592.0,2298.0,108436,183663,2450.0,29,2451.0,62,2452.0,71,2453.0,139,2454.0,13,2455.0,36,2456.0,127,2457.0,17,2458.0,24,2459.0,22,2454.0
RM411,,13:39:21.250#,2471.0,2476.0,2433.0,2592.0,2298.0,108462,183652,2449.0,30,2450.0,29,2451.0,62,2452.0,71,2453.0,152,2455.0,55,2456.0,127,2457.0,17,2458.0,24,2459.0,22,2454.0
RM411,,13:39:21.500#,2471.0,2476.0,2433.0,2592.0,2298.0,108462,183652,2449.0,31,2450.0,29,2451.0,62,2452.0,111,2453.0,120,2454.0,12,2455.0,67,2456.0,94,2457.0,17,2458.0,24,2454.0
RM411,,13:39:21.750#,2471.0,2476.0,2433.0,2592.0,2298.0,108462,183652,2449.0,31,2450.0,29,2451.0,62,2452.0,105,2453.0,125,2454.0,17,2455.0,103,2456.0,54,2457.0,17,2458.0,24,2454.0
RM411,,13:39:22.0#,2471.0,2476.0,2433.0,2592.0,2298.0,108463,183653,2449.0,31,2450.0,29,2451.0,62,2452.0,105,2453.0,124,2454.0,17,2455.0,113,2456.0,44,2457.0,17,2458.0,24,2453.0
RM411,,13:39:22.250#,2471.0,2476.0,2433.0,2592.0,2298.0,108464,183654,2449.0,31,2450.0,29,2451.0,62,2452.0,115,2453.0,115,2454.0,17,2455.0,123,2456.0,34,2457.0,17,2458.0,24,2454.0
RM411,,13:39:22.500#,2471.0,2476.0,2433.0,2592.0,2298.0,108464,183654,2449.0,31,2450.0,29,2451.0,62,2452.0,115,2453.0,113,2454.0,22,2455.0,118,2456.0,34,2457.0,17,2458.0,24,2454.0
RM411,,13:39:22.750#,2471.0,2476.0,2433.0,2592.0,2298.0,108464,183654,2449.0,31,2450.0,29,2451.0,62,2452.0,115,2453.0,113,2454.0,17,2455.0,118,2456.0,34,2457.0,17,2458.0,24,2454.0
RM411,,13:39:23.0#,2471.0,2476.0,2433.0,2592.0,2298.0,108464,183654,2449.0,31,2450.0,29,2451.0,62,2452.0,115,2453.0,113,2454.0,27,2455.0,118,2456.0,34,2457.0,17,2458.0,24,2454.0
RM411,,13:39:23.250#,2471.0,2476.0,2433.0,2592.0,2298.0,108465,183655,2449.0,31,2450.0,29,2451.0,62,2452.0,115,2453.0,112,2454.0,26,2455.0,118,2456.0,34,2457.0,17,2458.0,24,2454.0
RM411,,13:39:24.500#,2471.0,2476.0,2433.0,2592.0,2298.0,108466,183656,2449.0,31,2450.0,29,2451.0,62,2452.0,115,2453.0,111,2454.0,25,2455.0,118,2456.0,34,2457.0,17,2458.0,24,2454.0
RM411,,13:39:24.750#,2471.0,2476.0,2433.0,2592.0,2298.0,108467,183657,2449.0,31,2450.0,29,2451.0,62,2452.0,115,2453.0,110,2454.0,24,2455.0,118,2456.0,34,2457.0,17,2458.0,24,2454.0
RM411,,13:39:25.0#,2471.0,2476.0,2433.0,2592.0,2298.0,108483,183654,2449.0,31,2450.0,29,2451.0,62,2452.0,114,2453.0,104,2454.0,8,2455.0,118,2456.0,34,2457.0,17,2458.0,24,2454.0
RM411,,13:39:25.250#,2471.0,2476.0,2433.0,2592.0,2298.0,108483,183654,2449.0,31,2450.0,29,2451.0,62,2452.0,111,2453.0,107,2454.0,13,2455.0,121,2456.0,34,2457.0,17,2458.0,24,2454.0
RM411,,13:39:25.500#,2471.0,2476.0,2433.0,2592.0,2298.0,108484,183653,2449.0,31,2450.0,29,2451.0,62,2452.0,111,2453.0,107,2454.0,12,2455.0,121,2456.0,34,2457.0,17,2458.0,24,2454.0
RM411,,13:39:25.750#,2471.0,2476.0,2433.0,2592.0,2298.0,108484,183653,2449.0,31,2450.0,29,2451.0,62,2452.0,111,2453.0,107,2454.0,8,2455.0,121,2456.0,34,2457.0,17,2458.0,24,2454.0
RM411,,13:39:26.0#,2471.0,2476.0,2433.0,2592.0,2298.0,108485,183652,2449.0,31,2450.0,29,2451.0,62,2452.0,112,2453.0,108,2454.0,13,2455.0,121,2456.0,34,2457.0,17,2458.0,24,2454.0
RM411,,13:39:27.250#,2471.0,2476.0,2433.0,2592.0,2298.0,108487,183652,2449.0,31,2450.0,29,2451.0,62,2452.0,112,2453.0,108,2454.0,11,2455.0,121,2456.0,34,2457.0,17,2458.0,24,2454.0
RM411,,13:39:27.500#,2471.0,2476.0,2433.0,2592.0,2298.0,108487,183652,2449.0,31,2450.0,29,2451.0,62,2452.0,112,2453.0,108,2454.0,7,2455.0,121,2456.0,34,2457.0,17,2458.0,24,2454.0
RM411,,13:39:28.0#,2471.0,2476.0,2433.0,2592.0,2298.0,108487,183652,2449.0,31,2450.0,29,2451.0,62,2452.0,107,2453.0,110,2454.0,7,2455.0,121,2456.0,34,2457.0,17,2458.0,24,2454.0
RM411,,13:39:28.500#,2471.0,2476.0,2433.0,2592.0,2298.0,108488,183651,2449.0,31,2450.0,29,2451.0,62,2452.0,107,2453.0,110,2454.0,6,2455.0,121,2456.0,34,2457.0,17,2458.0,24,2454.0
RM411,,13:39:29.250#,2471.0,2476.0,2433.0,2592.0,2298.0,108488,183651,2449.0,31,2450.0,29,2451.0,62,2452.0,107,2453.0,105,2454.0,16,2455.0,121,2456.0,34,2457.0,17,2458.0,24,2454.0
RM411,,13:39:29.500#,2471.0,2476.0,2433.0,2592.0,2298.0,108488,183651,2449.0,31,2450.0,29,2451.0,62,2452.0,107,2453.0,105,2454.0,21,2455.0,121,2456.0,34,2457.0,17,2458.0,24,2454.0
RM411,,13:39:29.750#,2471.0,2476.0,2433.0,2592.0,2298.0,108488,183651,2449.0,31,2450.0,29,2451.0,62,2452.0,107,2453.0,105,2454.0,16,2455.0,121,2456.0,34,2457.0,17,2458.0,24,2454.0
RM411,,13:39:30.500#,2471.0,2476.0,2433.0,2592.0,2298.0,108488,183651,2449.0,31,2450.0,29,2451.0,62,2452.0,107,2453.0,105,2454.0,16,2455.0,121,2456.0,33,2457.0,17,2458.0,24,2454.0
RM411,,13:39:30.750#,2471.0,2476.0,2433.0,2592.0,2298.0,108489,183651,2449.0,31,2450.0,29,2451.0,62,2452.0,107,2453.0,105,2454.0,15,2455.0,121,2456.0,33,2457.0,17,2458.0,24,2454.0
RM411,,13:39:31.0#,2471.0,2476.0,2433.0,2592.0,2298.0,108492,183649,2449.0,31,2450.0,29,2451.0,62,2452.0,107,2453.0,102,2454.0,15,2455.0,121,2456.0,33,2457.0,17,2458.0,24,2453.0
RM411,,13:39:31.500#,2471.0,2476.0,2433.0,2592.0,2298.0,108505,183644,2449.0,31,2450.0,29,2451.0,62,2452.0,106,2453.0,121,2455.0,142,2456.0,33,2457.0,17,2458.0,24,2459.0,20,2454.0
RM411,,13:39:31.750#,2471.0,2476.0,2433.0,2592.0,2298.0,108505,183644,2449.0,31,2450.0,29,2451.0,62,2452.0,106,2453.0,121,2455.0,137,2456.0,38,2457.0,17,2458.0,24,2459.0,21,2454.0
RM411,,13:39:32.0#,2471.0,2476.0,2433.0,2592.0,2298.0,108505,183644,2449.0,31,2450.0,29,2451.0,62,2452.0,106,2453.0,122,2454.0,1,2455.0,116,2456.0,38,2457.0,17,2458.0,24,2454.0
RM411,,13:39:32.250#,2471.0,2476.0,2433.0,2592.0,2298.0,108505,183644,2449.0,31,2450.0,29,2451.0,62,2452.0,86,2453.0,147,2454.0,2,2455.0,106,2456.0,48,2457.0,17,2458.0,24,2454.0
RM411,,13:39:32.500#,2471.0,2476.0,2433.0,2592.0,2298.0,108505,183644,2449.0,31,2450.0,29,2451.0,62,2452.0,97,2453.0,138,2454.0,9,2455.0,116,2456.0,38,2457.0,17,2458.0,24,2454.0
RM411,,13:39:33.750#,2471.0,2476.0,2433.0,2592.0,2298.0,108505,183644,2449.0,31,2450.0,29,2451.0,62,2452.0,97,2453.0,133,2454.0,9,2455.0,116,2456.0,38,2457.0,17,2458.0,24,2454.0
RM411,,13:39:34.0#,2471.0,2476.0,2433.0,2592.0,2298.0,108505,183644,2449.0,31,2450.0,29,2451.0,62,2452.0,107,2453.0,123,2454.0,14,2455.0,121,2456.0,28,2457.0,17,2458.0,24,2454.0
RM411,,13:39:34.250#,2471.0,2476.0,2433.0,2592.0,2298.0,108505,183644,2449.0,31,2450.0,29,2451.0,62,2452.0,107,2453.0,123,2454.0,9,2455.0,121,2456.0,28,2457.0,17,2458.0,24,2454.0
RM411,,13:39:34.500#,2471.0,2476.0,2433.0,2592.0,2298.0,108505,183644,2449.0,31,2450.0,29,2451.0,62,2452.0,97,2453.0,133,2454.0,9,2455.0,111,2456.0,38,2457.0,17,2458.0,24,2454.0
RM411,,13:39:34.750#,2471.0,2476.0,2433.0,2592.0,2298.0,108505,183644,2449.0,31,2450.0,29,2451.0,62,2452.0,97,2453.0,133,2454.0,14,2455.0,111,2456.0,38,2457.0,17,2458.0,24,2454.0
RM411,,13:39:35.0#,2471.0,2476.0,2433.0,2592.0,2298.0,108518,183648,2449.0,31,2450.0,29,2451.0,62,2452.0,116,2453.0,112,2454.0,1,2455.0,121,2456.0,28,2457.0,17,2458.0,24,2454.0
RM411,,13:39:35.250#,2471.0,2476.0,2433.0,2592.0,2298.0,108518,183648,2449.0,31,2450.0,29,2451.0,62,2452.0,106,2453.0,122,2454.0,5,2455.0,121,2456.0,28,2457.0,17,2458.0,24,2454.0
RM411,,13:39:35.500#,2471.0,2476.0,2433.0,2592.0,2298.0,108518,183648,2449.0,31,2450.0,29,2451.0,62,2452.0,96,2453.0,132,2454.0,5,2455.0,111,2456.0,38,2457.0,17,2458.0,24,2454.0
RM411,,13:39:36.0#,2471.0,2476.0,2433.0,2592.0,2298.0,108526,183645,2449.0,31,2450.0,29,2451.0,62,2452.0,107,2453.0,115,2455.0,132,2456.0,38,2457.0,17,2458.0,24,2459.0,20,2454.0
RM411,,13:39:36.250#,2471.0,2476.0,2433.0,2592.0,2298.0,108530,183646,2449.0,31,2450.0,29,2451.0,72,2452.0,106,2453.0,102,2454.0,26,2455.0,122,2456.0,28,2457.0,17,2458.0,24,2454.0
RM411,,13:39:36.500#,2471.0,2476.0,2433.0,2592.0,2298.0,108543,183658,2449.0,31,2450.0,29,2451.0,92,2452.0,95,2453.0,74,2454.0,35,2455.0,122,2456.0,17,2457.0,17,2458.0,24,2453.0
RM411,,13:39:36.750#,2471.0,2476.0,2433.0,2592.0,2298.0,108546,183661,2449.0,31,2450.0,25,2451.0,82,2452.0,115,2453.0,67,2454.0,23,2455.0,133,2456.0,19,2457.0,17,2458.0,24,2453.0
RM411,,13:39:37.0#,2471.0,2476.0,2433.0,2592.0,2298.0,108563,183674,2449.0,31,2450.0,25,2451.0,82,2452.0,116,2453.0,32,2454.0,12,2455.0,113,2456.0,16,2457.0,17,2458.0,24,2453.0
RM411,,13:39:37.250#,2471.0,2476.0,2433.0,2592.0,2298.0,108578,183675,2449.0,31,2450.0,25,2451.0,82,2452.0,126,2453.0,18,2454.0,11,2455.0,123,2456.0,18,2457.0,17,2458.0,24,2453.0
RM411,,13:39:37.500#,2471.0,2476.0,2433.0,2592.0,2298.0,108581,183674,2448.0,29,2449.0,31,2450.0,25,2451.0,72,2452.0,167,2454.0,112,2455.0,120,2456.0,18,2457.0,17,2458.0,24,2453.0
RM411,,13:39:37.750#,2471.0,2476.0,2433.0,2592.0,2298.0,108581,183674,2448.0,30,2449.0,19,2450.0,35,2451.0,82,2452.0,124,2454.0,168,2455.0,50,2456.0,18,2457.0,17,2458.0,24,2453.0
RM411,,13:39:38.0#,2471.0,2476.0,2433.0,2592.0,2298.0,108581,183674,2448.0,30,2449.0,19,2450.0,35,2451.0,102,2452.0,103,2453.0,4,2454.0,107,2455.0,10,2456.0,18,2457.0,17,2453.0
RM411,,13:39:38.250#,2471.0,2476.0,2433.0,2592.0,2298.0,108581,183674,2448.0,30,2449.0,19,2450.0,35,2451.0,84,2452.0,110,2453.0,9,2454.0,89,2455.0,24,2456.0,18,2457.0,17,2453.0
RM411,,13:39:38.500#,2471.0,2476.0,2433.0,2592.0,2298.0,108590,183683,2448.0,30,2449.0,19,2450.0,35,2451.0,84,2452.0,116,2454.0,199,2455.0,24,2456.0,18,2457.0,17,2458.0,35,2453.0
RM411,,13:39:38.750#,2471.0,2476.0,2433.0,2592.0,2298.0,108590,183683,2448.0,30,2449.0,19,2450.0,25,2451.0,91,2452.0,119,2454.0,207,2455.0,24,2456.0,18,2457.0,17,2458.0,36,2453.0
RM411,,13:39:39.0#,2471.0,2476.0,2433.0,2592.0,2298.0,108590,183683,2448.0,30,2449.0,19,2450.0,25,2451.0,101,2452.0,124,2454.0,208,2455.0,34,2456.0,18,2457.0,17,2458.0,36,2453.0
RM411,,13:39:39.250#,2471.0,2476.0,2433.0,2592.0,2298.0,108590,183683,2449.0,19,2450.0,25,2451.0,101,2452.0,96,2453.0,20,2454.0,198,2455.0,44,2456.0,18,2457.0,17,2458.0,36,2453.0
RM411,,13:39:39.500#,2471.0,2476.0,2433.0,2592.0,2298.0,108590,183683,2449.0,19,2450.0,25,2451.0,71,2452.0,128,2453.0,19,2454.0,195,2455.0,47,2456.0,18,2457.0,17,2458.0,36,2453.0
RM411,,13:39:39.750#,2471.0,2476.0,2433.0,2592.0,2298.0,108601,183673,2449.0,19,2450.0,25,2451.0,61,2452.0,138,2453.0,8,2454.0,159,2455.0,57,2456.0,18,2457.0,17,2458.0,36,2453.0
RM411,,13:39:40.0#,2471.0,2476.0,2433.0,2592.0,2298.0,108601,183673,2449.0,19,2450.0,27,2451.0,71,2452.0,133,2453.0,10,2454.0,175,2455.0,54,2456.0,18,2457.0,17,2458.0,36,2453.0
RM411,,13:39:40.250#,2471.0,2476.0,2433.0,2592.0,2298.0,108604,183672,2449.0,19,2450.0,27,2451.0,71,2452.0,133,2453.0,2,2454.0,173,2455.0,54,2456.0,18,2457.0,17,2458.0,36,2453.0
RM411,,13:39:40.500#,2471.0,2476.0,2433.0,2592.0,2298.0,108606,183672,2449.0,19,2450.0,27,2451.0,71,2452.0,133,2453.0,3,2454.0,172,2455.0,54,2456.0,18,2457.0,17,2458.0,36,2453.0
RM411,,13:39:40.750#,2471.0,2476.0,2433.0,2592.0,2298.0,108607,183671,2448.0,29,2449.0,19,2450.0,27,2451.0,71,2452.0,149,2453.0,1,2454.0,87,2455.0,54,2456.0,18,2457.0,17,2453.0
RM411,,13:39:41.0#,2471.0,2476.0,2433.0,2592.0,2298.0,108607,183671,2448.0,30,2449.0,19,2450.0,27,2451.0,84,2452.0,142,2453.0,5,2454.0,87,2455.0,54,2456.0,18,2457.0,17,2453.0
RM411,,13:39:41.250#,2471.0,2476.0,2433.0,2592.0,2298.0,108609,183673,2448.0,30,2449.0,19,2450.0,27,2451.0,81,2452.0,145,2454.0,185,2455.0,44,2456.0,18,2457.0,17,2458.0,35,2453.0
RM411,,13:39:41.500#,2471.0,2476.0,2433.0,2592.0,2298.0,108609,183673,2449.0,19,2450.0,27,2451.0,101,2452.0,109,2453.0,5,2454.0,195,2455.0,34,2456.0,18,2457.0,17,2458.0,36,2453.0
RM411,,13:39:41.750#,2471.0,2476.0,2433.0,2592.0,2298.0,108609,183673,2449.0,19,2450.0,27,2451.0,81,2452.0,129,2453.0,6,2454.0,185,2455.0,44,2456.0,18,2457.0,17,2458.0,36,2453.0
RM411,,13:39:42.0#,2471.0,2476.0,2433.0,2592.0,2298.0,108619,183664,2448.0,29,2449.0,19,2450.0,27,2451.0,71,2452.0,155,2454.0,165,2455.0,54,2456.0,18,2457.0,17,2458.0,36,2453.0
RM411,,13:39:42.250#,2471.0,2476.0,2433.0,2592.0,2298.0,108622,183664,2449.0,19,2450.0,27,2451.0,81,2452.0,129,2453.0,8,2454.0,153,2455.0,54,2456.0,18,2457.0,17,2458.0,36,2453.0
RM411,,13:39:42.500#,2471.0,2476.0,2433.0,2592.0,2298.0,108624,183665,2449.0,19,2450.0,27,2451.0,81,2452.0,129,2453.0,8,2454.0,148,2455.0,44,2456.0,18,2457.0,17,2458.0,36,2453.0
RM411,,13:39:42.750#,2471.0,2476.0,2433.0,2592.0,2298.0,108630,183664,2449.0,19,2450.0,27,2451.0,71,2452.0,139,2453.0,6,2454.0,128,2455.0,64,2456.0,18,2457.0,17,2458.0,36,2453.0
RM411,,13:39:43.0#,2471.0,2476.0,2433.0,2592.0,2298.0,108633,183664,2449.0,19,2450.0,27,2451.0,61,2452.0,149,2453.0,4,2454.0,134,2455.0,74,2456.0,18,2457.0,17,2458.0,36,2453.0
RM411,,13:39:43.250#,2471.0,2476.0,2433.0,2592.0,2298.0,108633,183664,2449.0,19,2450.0,27,2451.0,61,2452.0,149,2453.0,4,2454.0,144,2455.0,64,2456.0,18,2457.0,17,2458.0,36,2453.0
RM411,,13:39:43.500#,2471.0,2476.0,2433.0,2592.0,2298.0,108633,183664,2448.0,30,2449.0,19,2450.0,27,2451.0,71,2452.0,153,2454.0,154,2455.0,54,2456.0,18,2457.0,17,2458.0,36,2453.0
RM411,,13:39:43.750#,2471.0,2476.0,2433.0,2592.0,2298.0,108633,183664,2448.0,30,2449.0,19,2450.0,27,2451.0,91,2452.0,133,2454.0,165,2455.0,45,2456.0,18,2457.0,17,2458.0,36,2453.0
RM411,,13:39:44.0#,2471.0,2476.0,2433.0,2592.0,2298.0,108637,183664,2448.0,30,2449.0,19,2450.0,27,2451.0,101,2452.0,119,2454.0,185,2455.0,25,2456.0,18,2457.0,17,2458.0,36,2453.0
RM411,,13:39:44.250#,2471.0,2476.0,2433.0,2592.0,2298.0,108637,183664,2448.0,30,2449.0,19,2450.0,27,2451.0,101,2452.0,119,2453.0,4,2454.0,119,2455.0,25,2456.0,18,2457.0,17,2453.0
RM411,,13:39:44.500#,2471.0,2476.0,2433.0,2592.0,2298.0,108637,183664,2448.0,30,2449.0,19,2450.0,27,2451.0,91,2452.0,129,2453.0,1,2454.0,121,2455.0,25,2456.0,18,2457.0,17,2453.0
RM411,,13:39:44.750#,2471.0,2476.0,2433.0,2592.0,2298.0,108637,183664,2448.0,30,2449.0,19,2450.0,27,2451.0,101,2452.0,119,2453.0,1,2454.0,131,2455.0,15,2456.0,18,2457.0,17,2453.0
RM411,,13:39:45.0#,2471.0,2476.0,2433.0,2592.0,2298.0,108639,183664,2448.0,30,2449.0,19,2450.0,27,2451.0,102,2452.0,116,2453.0,1,2454.0,130,2455.0,15,2456.0,18,2457.0,17,2452.0
RM411,,13:39:45.250#,2471.0,2476.0,2433.0,2592.0,2298.0,108642,183661,2448.0,30,2449.0,19,2450.0,27,2451.0,102,2452.0,114,2453.0,8,2454.0,125,2455.0,15,2456.0,18,2457.0,17,2453.0
RM411,,13:39:45.500#,2471.0,2476.0,2433.0,2592.0,2298.0,108644,183662,2448.0,30,2449.0,19,2450.0,27,2451.0,105,2452.0,109,2453.0,8,2454.0,122,2455.0,15,2456.0,18,2457.0,17,2453.0
RM411,,13:39:45.750#,2471.0,2476.0,2433.0,2592.0,2298.0,108644,183662,2448.0,30,2449.0,19,2450.0,27,2451.0,102,2452.0,112,2453.0,6,2454.0,125,2455.0,15,2456.0,18,2457.0,17,2453.0
RM411,,13:39:46.0#,2471.0,2476.0,2433.0,2592.0,2298.0,108646,183661,2449.0,19,2450.0,27,2451.0,101,2452.0,108,2453.0,1,2454.0,191,2455.0,15,2456.0,18,2457.0,17,2458.0,35,2453.0
RM411,,13:39:46.250#,2471.0,2476.0,2433.0,2592.0,2298.0,108648,183660,2448.0,30,2449.0,19,2450.0,27,2451.0,81,2452.0,131,2454.0,174,2455.0,35,2456.0,18,2457.0,17,2458.0,36,2453.0
RM411,,13:39:46.500#,2471.0,2476.0,2433.0,2592.0,2298.0,108648,183660,2448.0,30,2449.0,19,2450.0,27,2451.0,101,2452.0,106,2454.0,184,2455.0,25,2456.0,18,2457.0,17,2458.0,36,2453.0
RM411,,13:39:46.750#,2471.0,2476.0,2433.0,2592.0,2298.0,108648,183660,2448.0,30,2449.0,19,2450.0,27,2451.0,101,2452.0,107,2454.0,185,2455.0,25,2456.0,18,2457.0,17,2458.0,36,2453.0
RM411,,13:39:47.250#,2471.0,2476.0,2433.0,2592.0,2298.0,108648,183660,2449.0,19,2450.0,27,2451.0,101,2452.0,101,2453.0,1,2454.0,185,2455.0,25,2456.0,18,2457.0,17,2458.0,36,2453.0
RM411,,13:39:47.500#,2471.0,2476.0,2433.0,2592.0,2298.0,108649,183659,2449.0,19,2450.0,27,2451.0,81,2452.0,123,2453.0,1,2454.0,175,2455.0,34,2456.0,18,2457.0,17,2458.0,36,2453.0
RM411,,13:39:47.750#,2471.0,2476.0,2433.0,2592.0,2298.0,108649,183659,2449.0,19,2450.0,27,2451.0,71,2452.0,133,2453.0,5,2454.0,165,2455.0,44,2456.0,18,2457.0,17,2458.0,36,2453.0
RM411,,13:39:48.0#,2471.0,2476.0,2433.0,2592.0,2298.0,108654,183654,2448.0,29,2449.0,19,2450.0,27,2451.0,71,2452.0,137,2454.0,160,2455.0,44,2456.0,18,2457.0,17,2458.0,36,2453.0
RM411,,13:39:48.250#,2471.0,2476.0,2433.0,2592.0,2298.0,108654,183654,2448.0,30,2449.0,19,2450.0,27,2451.0,101,2452.0,112,2454.0,180,2455.0,24,2456.0,18,2457.0,17,2458.0,36,2453.0
RM411,,13:39:49.0#,2471.0,2476.0,2433.0,2592.0,2298.0,108654,183654,2448.0,30,2449.0,19,2450.0,27,2451.0,101,2452.0,112,2454.0,168,2455.0,34,2456.0,18,2457.0,17,2458.0,36,2453.0
RM411,,13:39:49.250#,2471.0,2476.0,2433.0,2592.0,2298.0,108654,183654,2448.0,30,2449.0,19,2450.0,27,2451.0,111,2452.0,112,2454.0,167,2455.0,44,2456.0,18,2457.0,17,2458.0,36,2453.0
RM411,,13:39:49.500#,2471.0,2476.0,2433.0,2592.0,2298.0,108654,183654,2449.0,19,2450.0,27,2451.0,111,2452.0,108,2453.0,10,2454.0,99,2455.0,54,2456.0,18,2457.0,17,2458.0,36,2453.0
RM411,,13:39:49.750#,2471.0,2476.0,2433.0,2592.0,2298.0,108654,183654,2449.0,19,2450.0,26,2451.0,51,2452.0,122,2453.0,39,2454.0,23,2455.0,85,2456.0,38,2457.0,17,2458.0,36,2453.0
RM411,,13:39:50.0#,2471.0,2476.0,2433.0,2592.0,2298.0,108654,183654,2449.0,19,2450.0,26,2451.0,51,2452.0,135,2453.0,38,2454.0,14,2455.0,104,2456.0,38,2457.0,17,2458.0,36,2453.0
RM411,,13:39:50.250#,2471.0,2476.0,2433.0,2592.0,2298.0,108668,183658,2450.0,26,2451.0,51,2452.0,144,2453.0,23,2454.0,2,2455.0,163,2456.0,38,2457.0,17,2458.0,36,2459.0,20,2454.0
RM411,,13:39:50.500#,2471.0,2476.0,2433.0,2592.0,2298.0,108668,183658,2450.0,26,2451.0,51,2452.0,120,2453.0,58,2454.0,5,2455.0,147,2456.0,68,2457.0,17,2458.0,24,2459.0,21,2454.0
RM411,,13:39:50.750#,2471.0,2476.0,2433.0,2592.0,2298.0,108668,183658,2450.0,26,2451.0,51,2452.0,110,2453.0,68,2454.0,9,2455.0,148,2456.0,67,2457.0,17,2458.0,24,2459.0,21,2454.0
RM411,,13:39:51.0#,2471.0,2476.0,2433.0,2592.0,2298.0,108668,183658,2450.0,26,2451.0,51,2452.0,90,2453.0,85,2454.0,15,2455.0,87,2456.0,70,2457.0,17,2458.0,24,2459.0,21,2454.0
RM411,,13:39:51.250#,2471.0,2476.0,2433.0,2592.0,2298.0,108668,183658,2450.0,26,2451.0,51,2452.0,40,2453.0,110,2454.0,36,2455.0,37,2456.0,110,2457.0,17,2458.0,24,2459.0,21,2454.0
RM411,,13:39:51.500#,2471.0,2476.0,2433.0,2592.0,2298.0,108668,183658,2450.0,26,2451.0,51,2452.0,40,2453.0,130,2454.0,26,2455.0,20,2456.0,130,2457.0,18,2458.0,24,2459.0,21,2454.0
RM411,,13:39:51.750#,2471.0,2476.0,2433.0,2592.0,2298.0,108668,183658,2450.0,26,2451.0,51,2452.0,40,2453.0,120,2454.0,36,2455.0,10,2456.0,130,2457.0,28,2458.0,24,2459.0,21,2454.0
RM411,,13:39:52.250#,2471.0,2476.0,2433.0,2592.0,2298.0,108668,183658,2450.0,26,2451.0,51,2452.0,41,2453.0,120,2454.0,36,2455.0,10,2456.0,130,2457.0,28,2458.0,24,2459.0,21,2454.0
RM411,,13:39:52.500#,2471.0,2476.0,2433.0,2592.0,2298.0,108668,183658,2450.0,26,2451.0,51,2452.0,41,2453.0,120,2454.0,36,2455.0,10,2456.0,131,2457.0,28,2458.0,24,2459.0,21,2454.0
RM411,,13:39:52.750#,2471.0,2476.0,2433.0,2592.0,2298.0,108668,183658,2450.0,26,2451.0,51,2452.0,42,2453.0,122,2454.0,35,2455.0,10,2456.0,132,2457.0,28,2458.0,24,2459.0,21,2454.0
RM411,,13:39:53.0#,2471.0,2476.0,2433.0,2592.0,2298.0,108669,183659,2450.0,26,2451.0,51,2452.0,42,2453.0,122,2454.0,34,2455.0,9,2456.0,132,2457.0,28,2458.0,24,2459.0,21,2455.0
RM411,,13:39:53.250#,2471.0,2476.0,2433.0,2592.0,2298.0,108674,183658,2450.0,26,2451.0,51,2452.0,42,2453.0,122,2454.0,42,2455.0,10,2456.0,132,2457.0,28,2458.0,24,2459.0,21,2454.0
RM411,,13:39:53.500#,2471.0,2476.0,2433.0,2592.0,2298.0,108674,183658,2450.0,26,2451.0,51,2452.0,42,2453.0,122,2454.0,43,2455.0,10,2456.0,132,2457.0,28,2458.0,24,2459.0,21,2454.0
RM411,,13:39:54.0#,2471.0,2476.0,2433.0,2592.0,2298.0,108674,183658,2450.0,26,2451.0,50,2452.0,42,2453.0,122,2454.0,43,2455.0,10,2456.0,132,2457.0,28,2458.0,24,2459.0,21,2454.0
RM411,,13:39:54.500#,2471.0,2476.0,2433.0,2592.0,2298.0,108674,183658,2450.0,26,2451.0,50,2452.0,42,2453.0,122,2454.0,43,2455.0,10,2456.0,132,2457.0,28,2458.0,24,2459.0,21,2454.0
RM411,,13:39:55.0#,2471.0,2476.0,2433.0,2592.0,2298.0,108675,183659,2450.0,26,2451.0,50,2452.0,42,2453.0,122,2454.0,42,2455.0,15,2456.0,132,2457.0,28,2458.0,24,2459.0,21,2454.0
RM411,,13:39:55.250#,2471.0,2476.0,2433.0,2592.0,2298.0,108676,183659,2450.0,26,2451.0,50,2452.0,42,2453.0,122,2454.0,36,2455.0,15,2456.0,132,2457.0,28,2458.0,24,2459.0,21,2454.0
RM411,,13:39:55.500#,2471.0,2476.0,2433.0,2592.0,2298.0,108676,183659,2450.0,26,2451.0,50,2452.0,42,2453.0,122,2454.0,36,2455.0,10,2456.0,132,2457.0,28,2458.0,24,2459.0,21,2454.0
RM411,,13:39:56.0#,2471.0,2476.0,2433.0,2592.0,2298.0,108681,183660,2450.0,26,2451.0,50,2452.0,42,2453.0,123,2454.0,36,2455.0,5,2456.0,132,2457.0,28,2458.0,24,2459.0,21,2455.0
RM411,,13:39:56.500#,2471.0,2476.0,2433.0,2592.0,2298.0,108681,183660,2450.0,26,2451.0,50,2452.0,42,2453.0,123,2454.0,36,2455.0,10,2456.0,142,2457.0,18,2458.0,24,2459.0,21,2455.0
RM411,,13:39:56.750#,2471.0,2476.0,2433.0,2592.0,2298.0,108681,183660,2450.0,26,2451.0,50,2452.0,42,2453.0,123,2454.0,36,2455.0,12,2456.0,142,2457.0,18,2458.0,24,2459.0,21,2455.0
RM411,,13:39:57.0#,2471.0,2476.0,2433.0,2592.0,2298.0,108681,183660,2450.0,26,2451.0,50,2452.0,42,2453.0,123,2454.0,37,2455.0,13,2456.0,142,2457.0,18,2458.0,24,2459.0,21,2455.0
RM411,,13:39:57.250#,2471.0,2476.0,2433.0,2592.0,2298.0,108681,183660,2450.0,26,2451.0,50,2452.0,42,2453.0,123,2454.0,32,2455.0,14,2456.0,142,2457.0,18,2458.0,24,2459.0,21,2455.0
RM411,,13:39:57.500#,2471.0,2476.0,2433.0,2592.0,2298.0,108681,183660,2450.0,26,2451.0,50,2452.0,42,2453.0,123,2454.0,32,2455.0,19,2456.0,142,2457.0,18,2458.0,24,2459.0,21,2455.0
RM411,,13:39:57.750#,2471.0,2476.0,2433.0,2592.0,2298.0,108681,183660,2450.0,26,2451.0,50,2452.0,42,2453.0,123,2454.0,37,2455.0,14,2456.0,142,2457.0,18,2458.0,24,2459.0,21,2455.0
RM411,,13:39:58.0#,2471.0,2476.0,2433.0,2592.0,2298.0,108681,183660,2450.0,26,2451.0,50,2452.0,42,2453.0,123,2454.0,37,2455.0,14,2456.0,133,2457.0,28,2458.0,24,2459.0,21,2455.0
RM411,,13:39:58.250#,2471.0,2476.0,2433.0,2592.0,2298.0,108681,183660,2450.0,26,2451.0,50,2452.0,42,2453.0,123,2454.0,37,2455.0,13,2456.0,133,2457.0,28,2458.0,25,2459.0,21,2455.0
RM411,,13:39:58.500#,2471.0,2476.0,2433.0,2592.0,2298.0,108681,183660,2450.0,26,2451.0,50,2452.0,42,2453.0,123,2454.0,37,2455.0,13,2456.0,133,2457.0,28,2458.0,25,2459.0,21,2455.0
RM411,,13:39:58.750#,2471.0,2476.0,2433.0,2592.0,2298.0,108681,183660,2450.0,26,2451.0,50,2452.0,43,2453.0,123,2454.0,37,2455.0,13,2456.0,133,2457.0,28,2458.0,25,2459.0,21,2455.0
RM411,,13:39:59.250#,2471.0,2476.0,2433.0,2592.0,2298.0,108681,183660,2450.0,26,2451.0,50,2452.0,43,2453.0,123,2454.0,37,2455.0,18,2456.0,143,2457.0,18,2458.0,25,2459.0,21,2455.0
RM411,,13:39:59.500#,2471.0,2476.0,2433.0,2592.0,2298.0,108681,183660,2450.0,26,2451.0,50,2452.0,43,2453.0,123,2454.0,32,2455.0,19,2456.0,143,2457.0,18,2458.0,25,2459.0,21,2455.0
RM411,,13:39:59.750#,2471.0,2476.0,2433.0,2592.0,2298.0,108681,183660,2450.0,26,2451.0,50,2452.0,43,2453.0,123,2454.0,32,2455.0,19,2456.0,142,2457.0,18,2458.0,25,2459.0,21,2455.0
RM411,,13:40:00.500#,2471.0,2476.0,2433.0,2592.0,2298.0,108681,183660,2450.0,26,2451.0,50,2452.0,43,2453.0,123,2454.0,32,2455.0,21,2456.0,142,2457.0,18,2458.0,25,2459.0,21,2455.0
RM411,,13:40:01.0#,2471.0,2476.0,2433.0,2592.0,2298.0,108681,183660,2450.0,26,2451.0,50,2452.0,44,2453.0,123,2454.0,32,2455.0,21,2456.0,142,2457.0,18,2458.0,25,2459.0,21,2455.0
RM411,,13:40:01.250#,2471.0,2476.0,2433.0,2592.0,2298.0,108681,183660,2450.0,26,2451.0,50,2452.0,44,2453.0,123,2454.0,37,2455.0,21,2456.0,142,2457.0,18,2458.0,25,2459.0,21,2455.0
RM411,,13:40:02.250#,2471.0,2476.0,2433.0,2592.0,2298.0,108681,183660,2450.0,26,2451.0,50,2452.0,44,2453.0,124,2454.0,37,2455.0,21,2456.0,142,2457.0,18,2458.0,25,2459.0,21,2455.0
RM411,,13:40:02.500#,2471.0,2476.0,2433.0,2592.0,2298.0,108681,183660,2450.0,26,2451.0,50,2452.0,44,2453.0,124,2454.0,35,2455.0,79,2456.0,142,2457.0,18,2458.0,25,2459.0,21,2455.0
RM411,,13:40:02.750#,2471.0,2476.0,2433.0,2592.0,2298.0,108690,183652,2449.0,18,2450.0,26,2451.0,50,2452.0,64,2453.0,118,2454.0,2,2455.0,51,2456.0,111,2457.0,17,2458.0,25,2454.0
RM411,,13:40:03.0#,2471.0,2476.0,2433.0,2592.0,2298.0,108690,183652,2449.0,19,2450.0,26,2451.0,50,2452.0,84,2453.0,106,2454.0,3,2455.0,96,2456.0,69,2457.0,17,2458.0,25,2454.0
RM411,,13:40:03.250#,2471.0,2476.0,2433.0,2592.0,2298.0,108690,183652,2449.0,19,2450.0,26,2451.0,50,2452.0,94,2453.0,94,2454.0,7,2455.0,106,2456.0,59,2457.0,17,2458.0,25,2454.0
RM411,,13:40:03.500#,2471.0,2476.0,2433.0,2592.0,2298.0,108690,183652,2449.0,19,2450.0,26,2451.0,50,2452.0,107,2453.0,81,2454.0,10,2455.0,123,2456.0,39,2457.0,17,2458.0,25,2454.0
RM411,,13:40:03.750#,2471.0,2476.0,2433.0,2592.0,2298.0,108690,183652,2449.0,19,2450.0,26,2451.0,50,2452.0,127,2453.0,62,2454.0,11,2455.0,123,2456.0,39,2457.0,17,2458.0,25,2454.0
RM411,,13:40:04.0#,2471.0,2476.0,2433.0,2592.0,2298.0,108690,183652,2449.0,19,2450.0,26,2451.0,50,2452.0,137,2453.0,52,2454.0,11,2455.0,133,2456.0,29,2457.0,17,2458.0,25,2454.0
RM411,,13:40:04.250#,2471.0,2476.0,2433.0,2592.0,2298.0,108690,183652,2449.0,19,2450.0,26,2451.0,50,2452.0,137,2453.0,52,2454.0,7,2455.0,133,2456.0,29,2457.0,17,2458.0,25,2454.0
RM411,,13:40:04.500#,2471.0,2476.0,2433.0,2592.0,2298.0,108690,183652,2449.0,19,2450.0,26,2451.0,50,2452.0,147,2453.0,43,2454.0,7,2455.0,133,2456.0,29,2457.0,17,2458.0,25,2454.0
RM411,,13:40:04.750#,2471.0,2476.0,2433.0,2592.0,2298.0,108690,183652,2449.0,19,2450.0,27,2451.0,50,2452.0,157,2453.0,33,2454.0,7,2455.0,133,2456.0,29,2457.0,17,2458.0,25,2454.0
RM411,,13:40:05.0#,2471.0,2476.0,2433.0,2592.0,2298.0,108693,183652,2449.0,19,2450.0,27,2451.0,50,2452.0,157,2453.0,50,2454.0,7,2455.0,133,2456.0,29,2457.0,17,2458.0,25,2453.0
RM411,,13:40:05.250#,2471.0,2476.0,2433.0,2592.0,2298.0,108693,183652,2449.0,19,2450.0,27,2451.0,50,2452.0,147,2453.0,60,2454.0,7,2455.0,133,2456.0,29,2457.0,17,2458.0,25,2453.0
RM411,,13:40:05.500#,2471.0,2476.0,2433.0,2592.0,2298.0,108693,183652,2449.0,19,2450.0,27,2451.0,50,2452.0,147,2453.0,60,2454.0,8,2455.0,133,2456.0,29,2457.0,17,2458.0,25,2453.0
RM411,,13:40:05.750#,2471.0,2476.0,2433.0,2592.0,2298.0,108693,183652,2449.0,19,2450.0,27,2451.0,50,2452.0,137,2453.0,70,2454.0,11,2455.0,132,2456.0,29,2457.0,17,2458.0,25,2453.0
RM411,,13:40:06.250#,2471.0,2476.0,2433.0,2592.0,2298.0,108693,183652,2449.0,19,2450.0,27,2451.0,50,2452.0,137,2453.0,70,2454.0,16,2455.0,137,2456.0,19,2457.0,17,2458.0,25,2453.0
RM411,,13:40:06.750#,2471.0,2476.0,2433.0,2592.0,2298.0,108693,183652,2449.0,19,2450.0,27,2451.0,50,2452.0,137,2453.0,70,2454.0,17,2455.0,137,2456.0,19,2457.0,17,2458.0,25,2453.0
RM411,,13:40:08.500#,2471.0,2476.0,2433.0,2592.0,2298.0,108695,183653,2449.0,19,2450.0,27,2451.0,50,2452.0,137,2453.0,68,2454.0,15,2455.0,137,2456.0,19,2457.0,17,2458.0,25,2454.0
RM411,,13:40:08.750#,2471.0,2476.0,2433.0,2592.0,2298.0,108695,183653,2449.0,19,2450.0,27,2451.0,50,2452.0,137,2453.0,68,2454.0,11,2455.0,137,2456.0,19,2457.0,17,2458.0,25,2454.0
RM411,,13:40:09.500#,2471.0,2476.0,2433.0,2592.0,2298.0,108695,183653,2449.0,19,2450.0,27,2451.0,50,2452.0,137,2453.0,68,2454.0,11,2455.0,137,2456.0,19,2457.0,17,2458.0,25,2454.0
RM411,,13:40:10.250#,2471.0,2476.0,2433.0,2592.0,2298.0,108695,183653,2449.0,19,2450.0,27,2451.0,50,2452.0,137,2453.0,62,2454.0,11,2455.0,137,2456.0,19,2457.0,17,2458.0,25,2454.0
RM411,,13:40:11.0#,2471.0,2476.0,2433.0,2592.0,2298.0,108695,183653,2449.0,19,2450.0,27,2451.0,50,2452.0,137,2453.0,62,2454.0,11,2455.0,138,2456.0,19,2457.0,17,2458.0,25,2454.0
RM411,,13:40:12.0#,2471.0,2476.0,2433.0,2592.0,2298.0,108695,183653,2449.0,19,2450.0,27,2451.0,50,2452.0,137,2453.0,62,2454.0,6,2455.0,138,2456.0,19,2457.0,17,2458.0,25,2454.0
RM411,,13:40:12.500#,2471.0,2476.0,2433.0,2592.0,2298.0,108697,183653,2449.0,19,2450.0,27,2451.0,50,2452.0,157,2453.0,60,2454.0,6,2455.0,128,2456.0,29,2457.0,17,2458.0,25,2453.0
RM411,,13:40:12.750#,2471.0,2476.0,2433.0,2592.0,2298.0,108697,183653,2449.0,19,2450.0,27,2451.0,50,2452.0,154,2453.0,64,2454.0,3,2455.0,121,2456.0,39,2457.0,17,2458.0,25,2453.0
RM411,,13:40:13.0#,2471.0,2476.0,2433.0,2592.0,2298.0,108697,183653,2449.0,19,2450.0,27,2451.0,50,2452.0,157,2453.0,61,2454.0,6,2455.0,118,2456.0,39,2457.0,17,2458.0,25,2453.0
RM411,,13:40:13.250#,2471.0,2476.0,2433.0,2592.0,2298.0,108697,183653,2449.0,19,2450.0,27,2451.0,50,2452.0,157,2453.0,58,2454.0,64,2455.0,118,2456.0,39,2457.0,17,2458.0,25,2453.0
RM411,,13:40:13.500#,2471.0,2476.0,2433.0,2592.0,2298.0,108708,183652,2449.0,19,2450.0,27,2451.0,71,2452.0,155,2453.0,13,2454.0,80,2455.0,107,2456.0,18,2457.0,17,2458.0,25,2453.0
RM411,,13:40:13.750#,2471.0,2476.0,2433.0,2592.0,2298.0,108709,183651,2449.0,19,2450.0,28,2451.0,70,2452.0,166,2453.0,1,2454.0,99,2455.0,98,2456.0,18,2457.0,17,2458.0,25,2453.0
RM411,,13:40:14.0#,2471.0,2476.0,2433.0,2592.0,2298.0,108709,183651,2449.0,19,2450.0,28,2451.0,70,2452.0,166,2453.0,1,2454.0,121,2455.0,78,2456.0,18,2457.0,17,2458.0,25,2453.0
RM411,,13:40:14.250#,2471.0,2476.0,2433.0,2592.0,2298.0,108709,183651,2449.0,19,2450.0,28,2451.0,80,2452.0,156,2453.0,1,2454.0,120,2455.0,78,2456.0,18,2457.0,17,2458.0,25,2453.0
RM411,,13:40:14.500#,2471.0,2476.0,2433.0,2592.0,2298.0,108709,183651,2449.0,19,2450.0,28,2451.0,80,2452.0,156,2453.0,4,2454.0,121,2455.0,78,2456.0,18,2457.0,17,2458.0,25,2453.0
RM411,,13:40:14.750#,2471.0,2476.0,2433.0,2592.0,2298.0,108709,183651,2449.0,19,2450.0,28,2451.0,70,2452.0,166,2453.0,15,2454.0,121,2455.0,78,2456.0,18,2457.0,17,2458.0,25,2453.0
RM411,,13:40:15.0#,2471.0,2476.0,2433.0,2592.0,2298.0,108712,183649,2449.0,19,2450.0,28,2451.0,70,2452.0,166,2453.0,12,2454.0,118,2455.0,78,2456.0,18,2457.0,17,2458.0,25,2453.0
RM411,,13:40:16.0#,2471.0,2476.0,2433.0,2592.0,2298.0,108714,183648,2449.0,19,2450.0,28,2451.0,70,2452.0,166,2453.0,13,2454.0,72,2455.0,78,2456.0,18,2457.0,17,2458.0,25,2453.0
RM411,,13:40:16.250#,2471.0,2476.0,2433.0,2592.0,2298.0,108714,183648,2449.0,19,2450.0,27,2451.0,60,2452.0,175,2453.0,20,2454.0,31,2455.0,119,2456.0,18,2457.0,17,2458.0,25,2453.0
RM411,,13:40:16.500#,2471.0,2476.0,2433.0,2592.0,2298.0,108714,183648,2449.0,19,2450.0,27,2451.0,51,2452.0,185,2453.0,20,2454.0,21,2455.0,129,2456.0,18,2457.0,17,2458.0,25,2453.0
RM411,,13:40:17.0#,2471.0,2476.0,2433.0,2592.0,2298.0,108715,183649,2449.0,19,2450.0,27,2451.0,51,2452.0,185,2453.0,22,2454.0,16,2455.0,119,2456.0,28,2457.0,17,2458.0,25,2454.0
RM411,,13:40:17.250#,2471.0,2476.0,2433.0,2592.0,2298.0,108715,183649,2449.0,19,2450.0,27,2451.0,51,2452.0,176,2453.0,31,2454.0,8,2455.0,128,2456.0,28,2457.0,17,2458.0,25,2454.0
RM411,,13:40:17.750#,2471.0,2476.0,2433.0,2592.0,2298.0,108715,183649,2449.0,19,2450.0,27,2451.0,51,2452.0,176,2453.0,31,2454.0,8,2455.0,129,2456.0,28,2457.0,17,2458.0,25,2454.0
RM411,,13:40:18.0#,2471.0,2476.0,2433.0,2592.0,2298.0,108715,183649,2449.0,19,2450.0,27,2451.0,51,2452.0,175,2453.0,31,2454.0,7,2455.0,129,2456.0,28,2457.0,17,2458.0,25,2454.0
RM411,,13:40:18.250#,2471.0,2476.0,2433.0,2592.0,2298.0,108715,183649,2449.0,19,2450.0,27,2451.0,51,2452.0,175,2453.0,32,2454.0,7,2455.0,129,2456.0,28,2457.0,17,2458.0,25,2454.0
RM411,,13:40:19.250#,2471.0,2476.0,2433.0,2592.0,2298.0,108719,183653,2449.0,19,2450.0,27,2451.0,51,2452.0,175,2453.0,28,2454.0,7,2455.0,129,2456.0,28,2457.0,17,2458.0,25,2453.0
RM411,,13:40:19.500#,2471.0,2476.0,2433.0,2592.0,2298.0,108719,183653,2449.0,19,2450.0,27,2451.0,51,2452.0,175,2453.0,28,2454.0,11,2455.0,129,2456.0,28,2457.0,17,2458.0,25,2453.0
RM411,,13:40:19.750#,2471.0,2476.0,2433.0,2592.0,2298.0,108719,183653,2449.0,19,2450.0,27,2451.0,51,2452.0,175,2453.0,28,2454.0,10,2455.0,129,2456.0,28,2457.0,17,2458.0,25,2453.0
RM411,,13:40:20.0#,2471.0,2476.0,2433.0,2592.0,2298.0,108719,183653,2449.0,19,2450.0,27,2451.0,51,2452.0,175,2453.0,33,2454.0,6,2455.0,129,2456.0,28,2457.0,17,2458.0,25,2453.0
RM411,,13:40:20.250#,2471.0,2476.0,2433.0,2592.0,2298.0,108720,183654,2449.0,19,2450.0,27,2451.0,51,2452.0,175,2453.0,32,2454.0,5,2455.0,129,2456.0,28,2457.0,17,2458.0,25,2454.0
RM411,,13:40:20.500#,2471.0,2476.0,2433.0,2592.0,2298.0,108720,183654,2449.0,19,2450.0,27,2451.0,51,2452.0,175,2453.0,32,2454.0,11,2455.0,129,2456.0,28,2457.0,17,2458.0,25,2454.0
RM411,,13:40:21.0#,2471.0,2476.0,2433.0,2592.0,2298.0,108726,183656,2450.0,27,2451.0,51,2452.0,174,2453.0,24,2454.0,21,2455.0,175,2456.0,28,2457.0,17,2458.0,25,2459.0,19,2454.0
RM411,,13:40:21.250#,2471.0,2476.0,2433.0,2592.0,2298.0,108726,183656,2450.0,27,2451.0,51,2452.0,131,2453.0,64,2454.0,7,2455.0,159,2456.0,51,2457.0,17,2458.0,25,2459.0,20,2454.0
RM411,,13:40:21.500#,2471.0,2476.0,2433.0,2592.0,2298.0,108726,183656,2450.0,27,2451.0,51,2452.0,121,2453.0,79,2454.0,4,2455.0,162,2456.0,48,2457.0,18,2458.0,25,2459.0,20,2454.0
RM411,,13:40:21.750#,2471.0,2476.0,2433.0,2592.0,2298.0,108726,183656,2450.0,27,2451.0,51,2452.0,101,2453.0,96,2454.0,7,2455.0,159,2456.0,51,2457.0,18,2458.0,25,2459.0,20,2454.0
RM411,,13:40:22.0#,2471.0,2476.0,2433.0,2592.0,2298.0,108726,183656,2450.0,27,2451.0,51,2452.0,101,2453.0,96,2454.0,8,2455.0,160,2456.0,51,2457.0,18,2458.0,25,2459.0,20,2454.0
RM411,,13:40:22.250#,2471.0,2476.0,2433.0,2592.0,2298.0,108726,183656,2450.0,27,2451.0,51,2452.0,102,2453.0,96,2454.0,12,2455.0,160,2456.0,51,2457.0,18,2458.0,25,2459.0,20,2454.0
RM411,,13:40:22.500#,2471.0,2476.0,2433.0,2592.0,2298.0,108726,183656,2450.0,27,2451.0,51,2452.0,102,2453.0,96,2454.0,12,2455.0,150,2456.0,61,2457.0,18,2458.0,25,2459.0,20,2454.0
RM411,,13:40:22.750#,2471.0,2476.0,2433.0,2592.0,2298.0,108726,183656,2450.0,27,2451.0,51,2452.0,92,2453.0,106,2454.0,12,2455.0,140,2456.0,71,2457.0,18,2458.0,25,2459.0,20,2454.0
RM411,,13:40:23.250#,2471.0,2476.0,2433.0,2592.0,2298.0,108726,183656,2450.0,27,2451.0,51,2452.0,92,2453.0,106,2454.0,17,2455.0,140,2456.0,71,2457.0,18,2458.0,25,2459.0,20,2454.0
RM411,,13:40:23.500#,2471.0,2476.0,2433.0,2592.0,2298.0,108726,183656,2450.0,27,2451.0,51,2452.0,93,2453.0,107,2454.0,12,2455.0,140,2456.0,72,2457.0,18,2458.0,25,2459.0,20,2454.0
RM411,,13:40:23.750#,2471.0,2476.0,2433.0,2592.0,2298.0,108726,183656,2450.0,27,2451.0,51,2452.0,93,2453.0,107,2454.0,12,2455.0,139,2456.0,72,2457.0,18,2458.0,25,2459.0,20,2454.0
RM411,,13:40:24.0#,2471.0,2476.0,2433.0,2592.0,2298.0,108726,183656,2450.0,27,2451.0,51,2452.0,93,2453.0,107,2454.0,12,2455.0,139,2456.0,72,2457.0,18,2458.0,25,2459.0,20,2454.0
RM411,,13:40:24.250#,2471.0,2476.0,2433.0,2592.0,2298.0,108726,183656,2450.0,27,2451.0,51,2452.0,93,2453.0,107,2454.0,12,2455.0,137,2456.0,72,2457.0,18,2458.0,25,2459.0,20,2454.0
RM411,,13:40:25.250#,2471.0,2476.0,2433.0,2592.0,2298.0,108726,183656,2450.0,27,2451.0,51,2452.0,93,2453.0,107,2454.0,12,2455.0,137,2456.0,71,2457.0,18,2458.0,25,2459.0,20,2454.0
RM411,,13:40:25.750#,2471.0,2476.0,2433.0,2592.0,2298.0,108726,183656,2450.0,27,2451.0,51,2452.0,93,2453.0,107,2454.0,16,2455.0,137,2456.0,71,2457.0,18,2458.0,25,2459.0,20,2454.0
RM411,,13:40:26.0#,2471.0,2476.0,2433.0,2592.0,2298.0,108727,183655,2450.0,27,2451.0,51,2452.0,93,2453.0,107,2454.0,15,2455.0,136,2456.0,71,2457.0,18,2458.0,25,2459.0,20,2454.0
RM411,,13:40:26.250#,2471.0,2476.0,2433.0,2592.0,2298.0,108730,183653,2450.0,27,2451.0,51,2452.0,93,2453.0,107,2454.0,12,2455.0,133,2456.0,71,2457.0,18,2458.0,25,2459.0,20,2454.0
RM411,,13:40:26.500#,2471.0,2476.0,2433.0,2592.0,2298.0,108730,183653,2450.0,27,2451.0,51,2452.0,93,2453.0,107,2454.0,15,2455.0,136,2456.0,68,2457.0,18,2458.0,25,2459.0,20,2454.0
RM411,,13:40:27.0#,2471.0,2476.0,2433.0,2592.0,2298.0,108730,183653,2450.0,27,2451.0,51,2452.0,93,2453.0,107,2454.0,15,2455.0,135,2456.0,68,2457.0,18,2458.0,25,2459.0,20,2454.0
RM411,,13:40:27.250#,2471.0,2476.0,2433.0,2592.0,2298.0,108738,183650,2450.0,27,2451.0,51,2452.0,93,2453.0,107,2454.0,7,2455.0,127,2456.0,69,2457.0,18,2458.0,25,2459.0,20,2454.0
RM411,,13:40:27.500#,2471.0,2476.0,2433.0,2592.0,2298.0,108742,183646,2450.0,27,2451.0,51,2452.0,93,2453.0,110,2454.0,1,2455.0,123,2456.0,69,2457.0,18,2458.0,25,2459.0,20,2454.0
RM411,,13:40:28.250#,2471.0,2476.0,2433.0,2592.0,2298.0,108744,183644,2450.0,27,2451.0,51,2452.0,93,2453.0,110,2454.0,5,2455.0,122,2456.0,69,2457.0,18,2458.0,25,2459.0,20,2454.0
RM411,,13:40:28.500#,2471.0,2476.0,2433.0,2592.0,2298.0,108749,183644,2449.0,18,2450.0,27,2451.0,51,2452.0,83,2453.0,134,2454.0,14,2455.0,83,2456.0,79,2457.0,18,2458.0,25,2454.0
RM411,,13:40:28.750#,2471.0,2476.0,2433.0,2592.0,2298.0,108767,183641,2449.0,19,2450.0,27,2451.0,51,2452.0,106,2453.0,111,2455.0,129,2456.0,59,2457.0,18,2458.0,25,2459.0,20,2454.0
RM411,,13:40:29.0#,2471.0,2476.0,2433.0,2592.0,2298.0,108772,183636,2450.0,27,2451.0,51,2452.0,123,2453.0,80,2454.0,1,2455.0,127,2456.0,59,2457.0,18,2458.0,25,2459.0,20,2454.0
RM411,,13:40:29.250#,2471.0,2476.0,2433.0,2592.0,2298.0,108772,183636,2450.0,27,2451.0,51,2452.0,113,2453.0,90,2454.0,2,2455.0,117,2456.0,69,2457.0,18,2458.0,25,2459.0,20,2454.0
RM411,,13:40:29.500#,2471.0,2476.0,2433.0,2592.0,2298.0,108774,183635,2450.0,27,2451.0,51,2452.0,93,2453.0,110,2454.0,1,2455.0,117,2456.0,69,2457.0,18,2458.0,25,2459.0,21,2454.0
RM411,,13:40:29.750#,2471.0,2476.0,2433.0,2592.0,2298.0,108775,183634,2449.0,18,2450.0,27,2451.0,51,2452.0,93,2453.0,124,2454.0,1,2455.0,94,2456.0,69,2457.0,18,2458.0,25,2454.0
RM411,,13:40:30.0#,2471.0,2476.0,2433.0,2592.0,2298.0,108777,183632,2449.0,19,2450.0,27,2451.0,51,2452.0,103,2453.0,114,2455.0,135,2456.0,49,2457.0,18,2458.0,25,2459.0,21,2454.0
RM411,,13:40:30.250#,2471.0,2476.0,2433.0,2592.0,2298.0,108777,183632,2449.0,19,2450.0,27,2451.0,51,2452.0,123,2453.0,94,2455.0,146,2456.0,39,2457.0,18,2458.0,25,2459.0,21,2454.0
RM411,,13:40:30.500#,2471.0,2476.0,2433.0,2592.0,2298.0,108777,183632,2450.0,27,2451.0,51,2452.0,123,2453.0,80,2454.0,2,2455.0,125,2456.0,39,2457.0,18,2458.0,25,2459.0,21,2454.0
RM411,,13:40:30.750#,2471.0,2476.0,2433.0,2592.0,2298.0,108777,183632,2450.0,27,2451.0,50,2452.0,82,2453.0,95,2454.0,26,2455.0,66,2456.0,87,2457.0,19,2458.0,25,2459.0,21,2454.0
RM411,,13:40:31.0#,2471.0,2476.0,2433.0,2592.0,2298.0,108777,183632,2450.0,27,2451.0,50,2452.0,62,2453.0,133,2454.0,19,2455.0,43,2456.0,120,2457.0,20,2458.0,25,2459.0,21,2454.0
RM411,,13:40:31.250#,2471.0,2476.0,2433.0,2592.0,2298.0,108777,183632,2450.0,27,2451.0,50,2452.0,63,2453.0,133,2454.0,18,2455.0,28,2456.0,131,2457.0,19,2458.0,25,2459.0,21,2454.0
RM411,,13:40:31.500#,2471.0,2476.0,2433.0,2592.0,2298.0,108777,183632,2450.0,27,2451.0,50,2452.0,63,2453.0,133,2454.0,30,2455.0,26,2456.0,131,2457.0,19,2458.0,25,2459.0,21,2454.0
RM411,,13:40:31.750#,2471.0,2476.0,2433.0,2592.0,2298.0,108777,183632,2450.0,27,2451.0,50,2452.0,63,2453.0,123,2454.0,40,2455.0,16,2456.0,141,2457.0,19,2458.0,25,2459.0,21,2454.0
RM411,,13:40:32.0#,2471.0,2476.0,2433.0,2592.0,2298.0,108777,183632,2450.0,27,2451.0,50,2452.0,63,2453.0,123,2454.0,40,2455.0,16,2456.0,141,2457.0,19,2458.0,25,2459.0,21,2454.0
RM411,,13:40:33.750#,2471.0,2476.0,2433.0,2592.0,2298.0,108777,183632,2450.0,27,2451.0,50,2452.0,63,2453.0,123,2454.0,40,2455.0,15,2456.0,141,2457.0,19,2458.0,25,2459.0,21,2454.0
RM411,,13:40:34.500#,2471.0,2476.0,2433.0,2592.0,2298.0,108777,183632,2450.0,27,2451.0,50,2452.0,63,2453.0,123,2454.0,28,2455.0,15,2456.0,142,2457.0,19,2458.0,25,2459.0,21,2454.0
RM411,,13:40:34.750#,2471.0,2476.0,2433.0,2592.0,2298.0,108777,183632,2450.0,27,2451.0,50,2452.0,63,2453.0,123,2454.0,40,2455.0,16,2456.0,142,2457.0,19,2458.0,25,2459.0,21,2454.0
RM411,,13:40:35.0#,2471.0,2476.0,2433.0,2592.0,2298.0,108777,183632,2450.0,27,2451.0,50,2452.0,63,2453.0,123,2454.0,39,2455.0,15,2456.0,142,2457.0,19,2458.0,25,2459.0,21,2454.0
RM411,,13:40:35.250#,2471.0,2476.0,2433.0,2592.0,2298.0,108777,183632,2450.0,27,2451.0,50,2452.0,63,2453.0,123,2454.0,30,2455.0,15,2456.0,142,2457.0,19,2458.0,25,2459.0,21,2454.0
RM411,,13:40:35.500#,2471.0,2476.0,2433.0,2592.0,2298.0,108777,183632,2450.0,27,2451.0,50,2452.0,63,2453.0,123,2454.0,28,2455.0,16,2456.0,142,2457.0,19,2458.0,25,2459.0,21,2454.0
RM411,,13:40:35.750#,2471.0,2476.0,2433.0,2592.0,2298.0,108777,183632,2450.0,27,2451.0,50,2452.0,63,2453.0,123,2454.0,29,2455.0,15,2456.0,142,2457.0,19,2458.0,25,2459.0,21,2454.0
RM411,,13:40:36.0#,2471.0,2476.0,2433.0,2592.0,2298.0,108777,183632,2450.0,27,2451.0,50,2452.0,63,2453.0,123,2454.0,28,2455.0,21,2456.0,142,2457.0,19,2458.0,25,2459.0,21,2454.0
RM411,,13:40:36.500#,2471.0,2476.0,2433.0,2592.0,2298.0,108777,183632,2450.0,27,2451.0,50,2452.0,63,2453.0,123,2454.0,28,2455.0,21,2456.0,142,2457.0,19,2458.0,25,2459.0,21,2454.0
RM411,,13:40:36.750#,2471.0,2476.0,2433.0,2592.0,2298.0,108777,183632,2450.0,26,2451.0,50,2452.0,63,2453.0,123,2454.0,28,2455.0,21,2456.0,142,2457.0,19,2458.0,25,2459.0,21,2454.0
RM411,,13:40:37.0#,2471.0,2476.0,2433.0,2592.0,2298.0,108777,183632,2450.0,26,2451.0,50,2452.0,63,2453.0,123,2454.0,28,2455.0,16,2456.0,142,2457.0,19,2458.0,25,2459.0,21,2454.0
RM411,,13:40:37.250#,2471.0,2476.0,2433.0,2592.0,2298.0,108777,183632,2450.0,26,2451.0,50,2452.0,63,2453.0,123,2454.0,28,2455.0,16,2456.0,142,2457.0,19,2458.0,25,2459.0,21,2454.0
RM411,,13:40:38.500#,2471.0,2476.0,2433.0,2592.0,2298.0,108777,183632,2450.0,26,2451.0,50,2452.0,63,2453.0,123,2454.0,43,2455.0,16,2456.0,142,2457.0,19,2458.0,25,2459.0,21,2454.0
RM411,,13:40:39.250#,2471.0,2476.0,2433.0,2592.0,2298.0,108777,183632,2450.0,26,2451.0,50,2452.0,63,2453.0,123,2454.0,43,2455.0,15,2456.0,142,2457.0,19,2458.0,25,2459.0,21,2454.0
RM411,,13:40:40.0#,2471.0,2476.0,2433.0,2592.0,2298.0,108777,183632,2450.0,26,2451.0,50,2452.0,63,2453.0,123,2454.0,43,2455.0,16,2456.0,142,2457.0,19,2458.0,25,2459.0,21,2454.0
RM411,,13:40:40.500#,2471.0,2476.0,2433.0,2592.0,2298.0,108777,183632,2450.0,26,2451.0,50,2452.0,63,2453.0,123,2454.0,43,2455.0,15,2456.0,142,2457.0,19,2458.0,25,2459.0,21,2454.0
RM411,,13:40:41.0#,2471.0,2476.0,2433.0,2592.0,2298.0,108777,183632,2450.0,26,2451.0,50,2452.0,63,2453.0,123,2454.0,44,2455.0,15,2456.0,142,2457.0,19,2458.0,25,2459.0,21,2454.0
RM411,,13:40:41.250#,2471.0,2476.0,2433.0,2592.0,2298.0,108792,183640,2451.0,50,2452.0,63,2453.0,123,2454.0,40,2455.0,2,2456.0,166,2457.0,19,2458.0,25,2459.0,21,2460.0,46,2455.0
RM411,,13:40:41.500#,2471.0,2476.0,2433.0,2592.0,2298.0,108792,183640,2451.0,50,2452.0,63,2453.0,82,2454.0,80,2455.0,5,2456.0,130,2457.0,39,2458.0,25,2459.0,21,2460.0,47,2455.0
RM411,,13:40:41.750#,2471.0,2476.0,2433.0,2592.0,2298.0,108792,183640,2451.0,50,2452.0,62,2453.0,32,2454.0,115,2455.0,28,2456.0,65,2457.0,103,2458.0,25,2459.0,21,2460.0,47,2455.0
RM411,,13:40:42.0#,2471.0,2476.0,2433.0,2592.0,2298.0,108792,183640,2451.0,50,2452.0,62,2453.0,22,2454.0,135,2455.0,18,2456.0,55,2457.0,113,2458.0,25,2459.0,21,2460.0,47,2455.0
RM411,,13:40:42.250#,2471.0,2476.0,2433.0,2592.0,2298.0,108792,183640,2451.0,50,2452.0,62,2453.0,12,2454.0,145,2455.0,19,2456.0,46,2457.0,123,2458.0,25,2459.0,21,2460.0,47,2455.0
RM411,,13:40:42.500#,2471.0,2476.0,2433.0,2592.0,2298.0,108792,183640,2451.0,50,2452.0,62,2453.0,12,2454.0,145,2455.0,19,2456.0,36,2457.0,133,2458.0,25,2459.0,21,2460.0,47,2455.0
RM411,,13:40:43.0#,2471.0,2476.0,2433.0,2592.0,2298.0,108792,183640,2451.0,50,2452.0,62,2453.0,12,2454.0,145,2455.0,19,2456.0,32,2457.0,133,2458.0,25,2459.0,21,2460.0,47,2455.0
RM411,,13:40:43.750#,2471.0,2476.0,2433.0,2592.0,2298.0,108792,183640,2451.0,50,2452.0,62,2453.0,12,2454.0,146,2455.0,19,2456.0,32,2457.0,133,2458.0,25,2459.0,21,2460.0,47,2455.0
RM411,,13:40:44.0#,2471.0,2476.0,2433.0,2592.0,2298.0,108792,183640,2451.0,50,2452.0,62,2453.0,12,2454.0,146,2455.0,19,2456.0,32,2457.0,133,2458.0,25,2459.0,21,2460.0,47,2455.0
RM411,,13:40:45.500#,2471.0,2476.0,2433.0,2592.0,2298.0,108792,183640,2451.0,50,2452.0,62,2453.0,13,2454.0,146,2455.0,19,2456.0,32,2457.0,133,2458.0,25,2459.0,21,2460.0,47,2455.0
RM411,,13:40:46.0#,2471.0,2476.0,2433.0,2592.0,2298.0,108792,183640,2451.0,50,2452.0,62,2453.0,13,2454.0,146,2455.0,19,2456.0,36,2457.0,133,2458.0,25,2459.0,21,2460.0,47,2455.0
RM411,,13:40:46.750#,2471.0,2476.0,2433.0,2592.0,2298.0,108792,183640,2451.0,50,2452.0,62,2453.0,13,2454.0,146,2455.0,19,2456.0,36,2457.0,133,2458.0,25,2459.0,21,2460.0,47,2455.0
RM411,,13:40:47.750#,2471.0,2476.0,2433.0,2592.0,2298.0,108792,183640,2451.0,50,2452.0,62,2453.0,13,2454.0,146,2455.0,19,2456.0,41,2457.0,133,2458.0,25,2459.0,21,2460.0,47,2455.0
RM411,,13:40:48.0#,2471.0,2476.0,2433.0,2592.0,2298.0,108792,183640,2451.0,50,2452.0,62,2453.0,13,2454.0,147,2455.0,19,2456.0,41,2457.0,133,2458.0,25,2459.0,21,2460.0,47,2455.0
RM411,,13:40:48.250#,2471.0,2476.0,2433.0,2592.0,2298.0,108792,183640,2451.0,50,2452.0,62,2453.0,13,2454.0,147,2455.0,19,2456.0,41,2457.0,133,2458.0,25,2459.0,21,2460.0,47,2455.0
RM411,,13:40:49.500#,2471.0,2476.0,2433.0,2592.0,2298.0,108829,183657,2452.0,62,2453.0,15,2454.0,137,2455.0,16,2456.0,11,2457.0,156,2458.0,25,2459.0,21,2460.0,47,2461.0,50,2456.0
RM411,,13:40:49.750#,2471.0,2476.0,2433.0,2592.0,2298.0,108829,183657,2452.0,57,2453.0,17,2454.0,97,2455.0,53,2456.0,15,2457.0,138,2458.0,48,2459.0,21,2460.0,35,2461.0,51,2456.0
RM411,,13:40:50.0#,2471.0,2476.0,2433.0,2592.0,2298.0,108829,183657,2452.0,57,2453.0,17,2454.0,87,2455.0,63,2456.0,15,2457.0,138,2458.0,48,2459.0,21,2460.0,35,2461.0,51,2456.0
RM411,,13:40:50.250#,2471.0,2476.0,2433.0,2592.0,2298.0,108829,183657,2452.0,57,2453.0,20,2454.0,77,2455.0,73,2456.0,15,2457.0,138,2458.0,48,2459.0,21,2460.0,35,2461.0,51,2456.0
RM411,,13:40:50.500#,2471.0,2476.0,2433.0,2592.0,2298.0,108829,183657,2452.0,57,2453.0,20,2454.0,77,2455.0,83,2456.0,16,2457.0,149,2458.0,48,2459.0,21,2460.0,35,2461.0,51,2456.0
RM411,,13:40:50.750#,2471.0,2476.0,2433.0,2592.0,2298.0,108829,183657,2452.0,57,2453.0,20,2454.0,66,2455.0,94,2456.0,16,2457.0,148,2458.0,49,2459.0,21,2460.0,35,2461.0,51,2456.0
RM411,,13:40:51.0#,2471.0,2476.0,2433.0,2592.0,2298.0,108829,183657,2452.0,57,2453.0,20,2454.0,56,2455.0,104,2456.0,16,2457.0,138,2458.0,59,2459.0,21,2460.0,35,2461.0,51,2456.0
RM411,,13:40:51.250#,2471.0,2476.0,2433.0,2592.0,2298.0,108831,183655,2452.0,57,2453.0,20,2454.0,56,2455.0,104,2456.0,14,2457.0,136,2458.0,59,2459.0,21,2460.0,35,2461.0,51,2456.0
RM411,,13:40:52.0#,2471.0,2476.0,2433.0,2592.0,2298.0,108833,183654,2452.0,57,2453.0,20,2454.0,56,2455.0,104,2456.0,12,2457.0,124,2458.0,69,2459.0,21,2460.0,35,2461.0,51,2456.0
RM411,,13:40:52.250#,2471.0,2476.0,2433.0,2592.0,2298.0,108833,183654,2452.0,57,2453.0,20,2454.0,46,2455.0,114,2456.0,12,2457.0,114,2458.0,79,2459.0,21,2460.0,35,2461.0,51,2456.0
RM411,,13:40:53.0#,2471.0,2476.0,2433.0,2592.0,2298.0,108838,183649,2452.0,57,2453.0,20,2454.0,46,2455.0,114,2456.0,7,2457.0,110,2458.0,79,2459.0,21,2460.0,35,2461.0,51,2456.0
RM411,,13:40:53.250#,2471.0,2476.0,2433.0,2592.0,2298.0,108840,183647,2452.0,57,2453.0,20,2454.0,46,2455.0,116,2456.0,7,2457.0,108,2458.0,79,2459.0,21,2460.0,35,2461.0,51,2457.0
RM411,,13:40:53.500#,2471.0,2476.0,2433.0,2592.0,2298.0,108841,183646,2452.0,57,2453.0,20,2454.0,46,2455.0,116,2456.0,7,2457.0,112,2458.0,79,2459.0,21,2460.0,35,2461.0,51,2457.0
RM411,,13:40:54.0#,2471.0,2476.0,2433.0,2592.0,2298.0,108841,183646,2452.0,57,2453.0,20,2454.0,46,2455.0,116,2456.0,9,2457.0,100,2458.0,79,2459.0,21,2460.0,35,2461.0,51,2457.0
RM411,,13:40:54.250#,2471.0,2476.0,2433.0,2592.0,2298.0,108841,183646,2452.0,57,2453.0,19,2454.0,36,2455.0,100,2456.0,41,2457.0,41,2458.0,118,2459.0,32,2460.0,35,2461.0,51,2457.0
RM411,,13:40:54.500#,2471.0,2476.0,2433.0,2592.0,2298.0,108842,183647,2452.0,57,2453.0,19,2454.0,36,2455.0,111,2456.0,43,2457.0,19,2458.0,138,2459.0,33,2460.0,35,2461.0,51,2457.0
RM411,,13:40:54.750#,2471.0,2476.0,2433.0,2592.0,2298.0,108861,183651,2452.0,57,2453.0,19,2454.0,36,2455.0,111,2456.0,37,2458.0,151,2459.0,33,2460.0,35,2461.0,51,2462.0,28,2457.0
RM411,,13:40:55.0#,2471.0,2476.0,2433.0,2592.0,2298.0,108861,183651,2452.0,57,2453.0,19,2454.0,36,2455.0,101,2456.0,47,2458.0,136,2459.0,53,2460.0,35,2461.0,51,2462.0,29,2457.0
RM411,,13:40:55.250#,2471.0,2476.0,2433.0,2592.0,2298.0,108861,183651,2452.0,57,2453.0,19,2454.0,36,2455.0,102,2456.0,46,2458.0,137,2459.0,52,2460.0,35,2461.0,51,2462.0,29,2457.0
RM411,,13:40:55.500#,2471.0,2476.0,2433.0,2592.0,2298.0,108861,183651,2453.0,19,2454.0,36,2455.0,102,2456.0,44,2457.0,1,2458.0,137,2459.0,52,2460.0,35,2461.0,51,2462.0,29,2457.0
RM411,,13:40:55.750#,2471.0,2476.0,2433.0,2592.0,2298.0,108862,183651,2453.0,19,2454.0,36,2455.0,71,2456.0,71,2457.0,4,2458.0,134,2459.0,55,2460.0,35,2461.0,51,2462.0,29,2457.0
RM411,,13:40:56.0#,2471.0,2476.0,2433.0,2592.0,2298.0,108867,183647,2453.0,19,2454.0,36,2455.0,61,2456.0,83,2457.0,4,2458.0,133,2459.0,55,2460.0,35,2461.0,51,2462.0,29,2457.0
RM411,,13:40:56.250#,2471.0,2476.0,2433.0,2592.0,2298.0,108871,183647,2453.0,19,2454.0,36,2455.0,30,2456.0,117,2457.0,1,2458.0,125,2459.0,63,2460.0,35,2461.0,51,2462.0,29,2457.0
RM411,,13:40:56.750#,2471.0,2476.0,2433.0,2592.0,2298.0,108872,183646,2452.0,56,2453.0,19,2454.0,36,2455.0,20,2456.0,129,2458.0,115,2459.0,73,2460.0,35,2461.0,51,2462.0,29,2457.0
RM411,,13:40:57.0#,2471.0,2476.0,2433.0,2592.0,2298.0,108872,183646,2452.0,57,2453.0,19,2454.0,36,2455.0,40,2456.0,109,2457.0,12,2458.0,113,2459.0,63,2460.0,35,2461.0,51,2457.0
RM411,,13:40:57.250#,2471.0,2476.0,2433.0,2592.0,2298.0,108872,183646,2452.0,57,2453.0,19,2454.0,26,2455.0,73,2456.0,86,2457.0,16,2458.0,140,2459.0,33,2460.0,35,2461.0,51,2457.0
RM411,,13:40:57.500#,2471.0,2476.0,2433.0,2592.0,2298.0,108872,183646,2452.0,57,2453.0,19,2454.0,26,2455.0,103,2456.0,56,2457.0,16,2458.0,140,2459.0,33,2460.0,35,2461.0,51,2457.0
RM411,,13:40:57.750#,2471.0,2476.0,2433.0,2592.0,2298.0,108872,183646,2452.0,57,2453.0,19,2454.0,26,2455.0,104,2456.0,56,2457.0,4,2458.0,140,2459.0,33,2460.0,35,2461.0,51,2457.0
RM411,,13:40:58.0#,2471.0,2476.0,2433.0,2592.0,2298.0,108872,183646,2452.0,57,2453.0,19,2454.0,26,2455.0,102,2456.0,58,2457.0,1,2458.0,144,2459.0,32,2460.0,37,2461.0,51,2457.0
RM411,,13:40:59.250#,2471.0,2476.0,2433.0,2592.0,2298.0,108872,183646,2452.0,57,2453.0,19,2454.0,26,2455.0,102,2456.0,56,2457.0,1,2458.0,144,2459.0,32,2460.0,37,2461.0,51,2457.0
RM411,,13:41:00.0#,2471.0,2476.0,2433.0,2592.0,2298.0,108872,183646,2452.0,57,2453.0,19,2454.0,26,2455.0,102,2456.0,56,2457.0,6,2458.0,139,2459.0,32,2460.0,37,2461.0,51,2457.0
RM411,,13:41:00.250#,2471.0,2476.0,2433.0,2592.0,2298.0,108872,183646,2452.0,57,2453.0,19,2454.0,26,2455.0,105,2456.0,53,2457.0,13,2458.0,136,2459.0,32,2460.0,37,2461.0,51,2457.0
RM411,,13:41:00.500#,2471.0,2476.0,2433.0,2592.0,2298.0,108885,183656,2452.0,57,2453.0,19,2454.0,26,2455.0,105,2456.0,81,2458.0,145,2459.0,32,2460.0,37,2461.0,51,2462.0,28,2457.0
RM411,,13:41:00.750#,2471.0,2476.0,2433.0,2592.0,2298.0,108885,183656,2453.0,19,2454.0,26,2455.0,52,2456.0,104,2457.0,32,2458.0,95,2459.0,58,2460.0,47,2461.0,51,2462.0,29,2457.0
RM411,,13:41:01.0#,2471.0,2476.0,2433.0,2592.0,2298.0,108885,183656,2453.0,19,2454.0,26,2455.0,11,2456.0,127,2457.0,52,2458.0,52,2459.0,102,2460.0,47,2461.0,51,2462.0,29,2457.0
RM411,,13:41:01.250#,2471.0,2476.0,2433.0,2592.0,2298.0,108885,183656,2453.0,24,2454.0,26,2455.0,11,2456.0,117,2457.0,62,2458.0,32,2459.0,122,2460.0,47,2461.0,51,2462.0,29,2457.0
RM411,,13:41:01.500#,2471.0,2476.0,2433.0,2592.0,2298.0,108885,183656,2453.0,24,2454.0,26,2455.0,11,2456.0,107,2457.0,72,2458.0,22,2459.0,132,2460.0,47,2461.0,51,2462.0,29,2457.0
RM411,,13:41:01.750#,2471.0,2476.0,2433.0,2592.0,2298.0,108885,183656,2453.0,24,2454.0,26,2455.0,11,2456.0,107,2457.0,40,2458.0,42,2459.0,132,2460.0,47,2461.0,51,2462.0,29,2457.0
RM411,,13:41:02.0#,2471.0,2476.0,2433.0,2592.0,2298.0,108885,183656,2453.0,24,2454.0,26,2455.0,32,2456.0,116,2457.0,5,2458.0,65,2459.0,121,2460.0,37,2461.0,51,2462.0,29,2457.0
RM411,,13:41:02.250#,2471.0,2476.0,2433.0,2592.0,2298.0,108886,183656,2453.0,24,2454.0,26,2455.0,32,2456.0,116,2457.0,4,2458.0,75,2459.0,111,2460.0,37,2461.0,51,2462.0,29,2457.0
RM411,,13:41:02.500#,2471.0,2476.0,2433.0,2592.0,2298.0,108886,183656,2453.0,24,2454.0,26,2455.0,32,2456.0,116,2457.0,5,2458.0,85,2459.0,101,2460.0,37,2461.0,51,2462.0,29,2457.0
RM411,,13:41:02.750#,2471.0,2476.0,2433.0,2592.0,2298.0,108886,183656,2453.0,24,2454.0,26,2455.0,31,2456.0,117,2457.0,5,2458.0,94,2459.0,92,2460.0,37,2461.0,51,2462.0,29,2457.0
RM411,,13:41:03.0#,2471.0,2476.0,2433.0,2592.0,2298.0,108886,183656,2453.0,24,2454.0,26,2455.0,31,2456.0,117,2457.0,5,2458.0,104,2459.0,82,2460.0,37,2461.0,51,2462.0,29,2457.0
RM411,,13:41:03.250#,2471.0,2476.0,2433.0,2592.0,2298.0,108892,183652,2452.0,57,2453.0,24,2454.0,26,2455.0,36,2456.0,148,2458.0,114,2459.0,72,2460.0,37,2461.0,51,2462.0,29,2457.0
RM411,,13:41:03.500#,2471.0,2476.0,2433.0,2592.0,2298.0,108899,183653,2452.0,58,2453.0,24,2454.0,26,2455.0,56,2456.0,131,2457.0,6,2458.0,116,2459.0,59,2460.0,37,2461.0,51,2457.0
RM411,,13:41:03.750#,2471.0,2476.0,2433.0,2592.0,2298.0,108902,183656,2452.0,58,2453.0,24,2454.0,26,2455.0,69,2456.0,115,2457.0,7,2458.0,133,2459.0,39,2460.0,37,2461.0,51,2457.0
RM411,,13:41:04.0#,2471.0,2476.0,2433.0,2592.0,2298.0,108902,183656,2452.0,58,2453.0,24,2454.0,26,2455.0,76,2456.0,108,2457.0,8,2458.0,146,2459.0,29,2460.0,37,2461.0,51,2457.0
RM411,,13:41:04.250#,2471.0,2476.0,2433.0,2592.0,2298.0,108905,183659,2452.0,58,2453.0,24,2454.0,26,2455.0,79,2456.0,102,2457.0,9,2458.0,143,2459.0,29,2460.0,37,2461.0,51,2457.0
RM411,,13:41:04.500#,2471.0,2476.0,2433.0,2592.0,2298.0,108905,183659,2452.0,58,2453.0,24,2454.0,26,2455.0,80,2456.0,101,2457.0,5,2458.0,144,2459.0,28,2460.0,37,2461.0,51,2457.0
RM411,,13:41:04.750#,2471.0,2476.0,2433.0,2592.0,2298.0,108906,183660,2452.0,58,2453.0,24,2454.0,26,2455.0,77,2456.0,103,2457.0,1,2458.0,147,2459.0,28,2460.0,37,2461.0,51,2457.0
RM411,,13:41:05.0#,2471.0,2476.0,2433.0,2592.0,2298.0,108908,183661,2452.0,58,2453.0,24,2454.0,26,2455.0,77,2456.0,101,2457.0,5,2458.0,147,2459.0,28,2460.0,37,2461.0,51,2457.0
RM411,,13:41:05.250#,2471.0,2476.0,2433.0,2592.0,2298.0,108913,183666,2452.0,58,2453.0,24,2454.0,26,2455.0,77,2456.0,85,2458.0,158,2459.0,28,2460.0,37,2461.0,51,2462.0,28,2457.0
RM411,,13:41:05.500#,2471.0,2476.0,2433.0,2592.0,2298.0,108913,183666,2452.0,58,2453.0,24,2454.0,36,2455.0,97,2456.0,45,2457.0,8,2458.0,127,2459.0,38,2460.0,37,2461.0,51,2457.0
RM411,,13:41:05.750#,2471.0,2476.0,2433.0,2592.0,2298.0,108913,183666,2452.0,58,2453.0,24,2454.0,26,2455.0,120,2456.0,38,2457.0,17,2458.0,119,2459.0,38,2460.0,37,2461.0,51,2457.0
RM411,,13:41:06.0#,2471.0,2476.0,2433.0,2592.0,2298.0,108925,183677,2453.0,24,2454.0,26,2455.0,120,2456.0,26,2457.0,1,2458.0,140,2459.0,28,2460.0,37,2461.0,51,2462.0,28,2457.0
RM411,,13:41:06.250#,2471.0,2476.0,2433.0,2592.0,2298.0,108928,183675,2452.0,58,2453.0,24,2454.0,26,2455.0,97,2456.0,68,2458.0,138,2459.0,48,2460.0,37,2461.0,51,2462.0,29,2457.0
RM411,,13:41:06.500#,2471.0,2476.0,2433.0,2592.0,2298.0,108928,183675,2452.0,58,2453.0,24,2454.0,26,2455.0,107,2456.0,58,2458.0,148,2459.0,38,2460.0,37,2461.0,51,2462.0,29,2457.0
RM411,,13:41:07.250#,2471.0,2476.0,2433.0,2592.0,2298.0,108928,183675,2452.0,58,2453.0,24,2454.0,26,2455.0,106,2456.0,59,2458.0,137,2459.0,49,2460.0,37,2461.0,51,2462.0,29,2457.0
RM411,,13:41:09.0#,2471.0,2476.0,2433.0,2592.0,2298.0,108928,183675,2452.0,58,2453.0,29,2454.0,26,2455.0,106,2456.0,60,2458.0,147,2459.0,39,2460.0,37,2461.0,51,2462.0,29,2457.0
RM411,,13:41:10.250#,2471.0,2476.0,2433.0,2592.0,2298.0,108934,183670,2452.0,58,2453.0,30,2454.0,37,2455.0,115,2456.0,36,2457.0,24,2458.0,142,2459.0,18,2460.0,37,2461.0,51,2456.0
RM411,,13:41:10.500#,2471.0,2476.0,2433.0,2592.0,2298.0,108934,183670,2452.0,58,2453.0,30,2454.0,26,2455.0,117,2456.0,47,2457.0,6,2458.0,143,2459.0,28,2460.0,37,2461.0,51,2456.0
RM411,,13:41:11.0#,2471.0,2476.0,2433.0,2592.0,2298.0,108936,183671,2452.0,58,2453.0,30,2454.0,26,2455.0,127,2456.0,37,2458.0,138,2459.0,38,2460.0,37,2461.0,51,2462.0,28,2457.0
RM411,,13:41:11.750#,2471.0,2476.0,2433.0,2592.0,2298.0,108936,183671,2452.0,58,2453.0,30,2454.0,26,2455.0,126,2456.0,39,2458.0,133,2459.0,47,2460.0,37,2461.0,52,2462.0,29,2457.0
RM411,,13:41:13.0#,2471.0,2476.0,2433.0,2592.0,2298.0,108936,183671,2452.0,58,2453.0,30,2454.0,25,2455.0,127,2456.0,38,2457.0,3,2458.0,137,2459.0,37,2460.0,37,2461.0,52,2457.0
RM411,,13:41:13.250#,2471.0,2476.0,2433.0,2592.0,2298.0,108936,183671,2452.0,58,2453.0,30,2454.0,25,2455.0,127,2456.0,38,2457.0,3,2458.0,147,2459.0,27,2460.0,37,2461.0,52,2457.0
RM411,,13:41:14.0#,2471.0,2476.0,2433.0,2592.0,2298.0,108937,183671,2452.0,58,2453.0,30,2454.0,25,2455.0,127,2456.0,37,2457.0,2,2458.0,147,2459.0,27,2460.0,37,2461.0,52,2457.0
RM411,,13:41:15.750#,2471.0,2476.0,2433.0,2592.0,2298.0,108939,183672,2453.0,30,2454.0,25,2455.0,126,2456.0,31,2457.0,1,2458.0,152,2459.0,27,2460.0,37,2461.0,52,2462.0,28,2457.0
RM411,,13:41:16.0#,2471.0,2476.0,2433.0,2592.0,2298.0,108939,183672,2453.0,30,2454.0,25,2455.0,86,2456.0,71,2457.0,2,2458.0,132,2459.0,47,2460.0,37,2461.0,52,2462.0,29,2457.0
RM411,,13:41:16.250#,2471.0,2476.0,2433.0,2592.0,2298.0,108939,183672,2453.0,30,2454.0,25,2455.0,76,2456.0,81,2457.0,2,2458.0,132,2459.0,47,2460.0,37,2461.0,52,2462.0,29,2457.0
RM411,,13:41:16.500#,2471.0,2476.0,2433.0,2592.0,2298.0,108939,183672,2453.0,30,2454.0,25,2455.0,56,2456.0,98,2457.0,5,2458.0,129,2459.0,50,2460.0,37,2461.0,52,2462.0,29,2457.0
RM411,,13:41:16.750#,2471.0,2476.0,2433.0,2592.0,2298.0,108939,183672,2453.0,30,2454.0,25,2455.0,46,2456.0,110,2457.0,5,2458.0,119,2459.0,60,2460.0,37,2461.0,52,2462.0,29,2457.0
RM411,,13:41:18.0#,2471.0,2476.0,2433.0,2592.0,2298.0,108939,183672,2453.0,30,2454.0,25,2455.0,36,2456.0,128,2457.0,5,2458.0,109,2459.0,70,2460.0,37,2461.0,52,2462.0,29,2457.0
RM411,,13:41:18.500#,2471.0,2476.0,2433.0,2592.0,2298.0,108939,183672,2453.0,29,2454.0,25,2455.0,36,2456.0,130,2457.0,5,2458.0,99,2459.0,80,2460.0,37,2461.0,52,2462.0,29,2457.0
RM411,,13:41:21.250#,2471.0,2476.0,2433.0,2592.0,2298.0,108940,183672,2453.0,29,2454.0,25,2455.0,36,2456.0,130,2457.0,6,2458.0,101,2459.0,80,2460.0,37,2461.0,52,2462.0,29,2458.0
RM411,,13:41:21.500#,2471.0,2476.0,2433.0,2592.0,2298.0,108940,183672,2453.0,29,2454.0,25,2455.0,36,2456.0,130,2457.0,10,2458.0,101,2459.0,80,2460.0,37,2461.0,52,2462.0,29,2458.0
RM411,,13:41:21.750#,2471.0,2476.0,2433.0,2592.0,2298.0,108940,183672,2453.0,29,2454.0,25,2455.0,36,2456.0,130,2457.0,6,2458.0,101,2459.0,80,2460.0,37,2461.0,52,2462.0,29,2458.0
RM411,,13:41:22.500#,2471.0,2476.0,2433.0,2592.0,2298.0,108941,183672,2453.0,29,2454.0,25,2455.0,36,2456.0,130,2457.0,6,2458.0,96,2459.0,80,2460.0,37,2461.0,52,2462.0,29,2458.0
RM411,,13:41:24.0#,2471.0,2476.0,2433.0,2592.0,2298.0,108941,183672,2453.0,29,2454.0,25,2455.0,36,2456.0,125,2457.0,11,2458.0,96,2459.0,80,2460.0,37,2461.0,52,2462.0,29,2458.0
RM411,,13:41:24.250#,2471.0,2476.0,2433.0,2592.0,2298.0,108941,183672,2453.0,29,2454.0,25,2455.0,26,2456.0,135,2457.0,13,2458.0,94,2459.0,70,2460.0,47,2461.0,52,2462.0,29,2458.0
RM411,,13:41:24.500#,2471.0,2476.0,2433.0,2592.0,2298.0,108941,183672,2453.0,29,2454.0,25,2455.0,16,2456.0,135,2457.0,30,2458.0,87,2459.0,99,2460.0,47,2461.0,52,2462.0,29,2458.0
RM411,,13:41:24.750#,2471.0,2476.0,2433.0,2592.0,2298.0,108941,183672,2453.0,29,2454.0,25,2455.0,16,2456.0,145,2457.0,20,2458.0,77,2459.0,109,2460.0,48,2461.0,52,2462.0,29,2458.0
RM411,,13:41:26.0#,2471.0,2476.0,2433.0,2592.0,2298.0,108941,183672,2453.0,29,2454.0,25,2455.0,26,2456.0,135,2457.0,18,2458.0,89,2459.0,100,2460.0,48,2461.0,52,2462.0,29,2458.0
RM411,,13:41:26.500#,2471.0,2476.0,2433.0,2592.0,2298.0,108941,183672,2453.0,29,2454.0,25,2455.0,26,2456.0,135,2457.0,20,2458.0,89,2459.0,100,2460.0,48,2461.0,52,2462.0,29,2458.0
RM411,,13:41:26.750#,2471.0,2476.0,2433.0,2592.0,2298.0,108941,183672,2453.0,29,2454.0,25,2455.0,26,2456.0,134,2457.0,20,2458.0,99,2459.0,90,2460.0,48,2461.0,52,2462.0,29,2458.0
RM411,,13:41:27.500#,2471.0,2476.0,2433.0,2592.0,2298.0,108942,183672,2453.0,29,2454.0,25,2455.0,26,2456.0,134,2457.0,20,2458.0,98,2459.0,90,2460.0,48,2461.0,52,2462.0,29,2458.0
RM411,,13:41:28.0#,2471.0,2476.0,2433.0,2592.0,2298.0,108942,183672,2453.0,29,2454.0,25,2455.0,26,2456.0,134,2457.0,18,2458.0,98,2459.0,90,2460.0,48,2461.0,52,2462.0,29,2458.0
RM411,,13:41:28.250#,2471.0,2476.0,2433.0,2592.0,2298.0,108942,183672,2453.0,29,2454.0,25,2455.0,26,2456.0,134,2457.0,20,2458.0,98,2459.0,90,2460.0,48,2461.0,52,2462.0,29,2458.0
RM411,,13:41:28.500#,2471.0,2476.0,2433.0,2592.0,2298.0,108942,183672,2453.0,29,2454.0,25,2455.0,26,2456.0,134,2457.0,18,2458.0,98,2459.0,90,2460.0,48,2461.0,52,2462.0,29,2458.0
RM411,,13:41:28.750#,2471.0,2476.0,2433.0,2592.0,2298.0,108942,183672,2453.0,29,2454.0,25,2455.0,26,2456.0,134,2457.0,20,2458.0,98,2459.0,90,2460.0,48,2461.0,52,2462.0,29,2458.0
RM411,,13:41:29.0#,2471.0,2476.0,2433.0,2592.0,2298.0,108944,183673,2453.0,29,2454.0,25,2455.0,26,2456.0,134,2457.0,20,2458.0,96,2459.0,90,2460.0,48,2461.0,52,2462.0,29,2458.0
RM411,,13:41:29.750#,2471.0,2476.0,2433.0,2592.0,2298.0,108944,183673,2453.0,29,2454.0,25,2455.0,26,2456.0,134,2457.0,21,2458.0,96,2459.0,90,2460.0,48,2461.0,52,2462.0,29,2458.0
RM411,,13:41:31.0#,2471.0,2476.0,2433.0,2592.0,2298.0,108982,183678,2453.0,29,2454.0,25,2455.0,26,2456.0,124,2457.0,34,2458.0,36,2459.0,110,2460.0,48,2461.0,52,2462.0,29,2458.0
RM411,,13:41:31.250#,2471.0,2476.0,2433.0,2592.0,2298.0,108982,183678,2453.0,29,2454.0,25,2455.0,16,2456.0,134,2457.0,34,2458.0,26,2459.0,120,2460.0,48,2461.0,52,2462.0,29,2458.0
RM411,,13:41:31.500#,2471.0,2476.0,2433.0,2592.0,2298.0,108982,183678,2453.0,29,2454.0,25,2455.0,16,2456.0,134,2457.0,24,2458.0,26,2459.0,120,2460.0,48,2461.0,52,2462.0,29,2458.0
RM411,,13:41:31.750#,2471.0,2476.0,2433.0,2592.0,2298.0,108982,183678,2453.0,29,2454.0,25,2455.0,16,2456.0,144,2457.0,24,2458.0,36,2459.0,120,2460.0,48,2461.0,52,2462.0,29,2458.0
RM411,,13:41:32.750#,2471.0,2476.0,2433.0,2592.0,2298.0,108982,183678,2453.0,29,2454.0,25,2455.0,16,2456.0,144,2457.0,24,2458.0,36,2459.0,120,2460.0,48,2461.0,52,2462.0,29,2458.0
RM411,,13:41:33.0#,2471.0,2476.0,2433.0,2592.0,2298.0,108982,183678,2453.0,29,2454.0,25,2455.0,16,2456.0,144,2457.0,23,2458.0,36,2459.0,120,2460.0,48,2461.0,52,2462.0,29,2458.0
RM411,,13:41:33.750#,2471.0,2476.0,2433.0,2592.0,2298.0,108982,183678,2453.0,29,2454.0,25,2455.0,16,2456.0,144,2457.0,24,2458.0,36,2459.0,120,2460.0,48,2461.0,52,2462.0,29,2458.0
RM411,,13:41:34.0#,2471.0,2476.0,2433.0,2592.0,2298.0,108982,183678,2453.0,29,2454.0,25,2455.0,16,2456.0,144,2457.0,22,2458.0,36,2459.0,120,2460.0,48,2461.0,52,2462.0,29,2458.0
RM411,,13:41:34.500#,2471.0,2476.0,2433.0,2592.0,2298.0,108982,183678,2453.0,29,2454.0,25,2455.0,26,2456.0,134,2457.0,21,2458.0,38,2459.0,120,2460.0,48,2461.0,52,2462.0,29,2458.0
RM411,,13:41:35.500#,2471.0,2476.0,2433.0,2592.0,2298.0,108983,183678,2453.0,29,2454.0,25,2455.0,16,2456.0,144,2457.0,21,2458.0,37,2459.0,120,2460.0,48,2461.0,52,2462.0,29,2458.0
RM411,,13:41:35.750#,2471.0,2476.0,2433.0,2592.0,2298.0,108983,183678,2453.0,29,2454.0,25,2455.0,16,2456.0,144,2457.0,21,2458.0,38,2459.0,120,2460.0,48,2461.0,52,2462.0,29,2458.0
RM411,,13:41:36.0#,2471.0,2476.0,2433.0,2592.0,2298.0,108983,183678,2453.0,29,2454.0,25,2455.0,16,2456.0,144,2457.0,21,2458.0,38,2459.0,120,2460.0,48,2461.0,52,2462.0,29,2458.0
RM411,,13:41:36.500#,2471.0,2476.0,2433.0,2592.0,2298.0,108983,183678,2453.0,29,2454.0,25,2455.0,16,2456.0,144,2457.0,21,2458.0,38,2459.0,121,2460.0,48,2461.0,52,2462.0,29,2458.0
RM411,,13:41:36.750#,2471.0,2476.0,2433.0,2592.0,2298.0,108983,183678,2453.0,29,2454.0,25,2455.0,16,2456.0,144,2457.0,22,2458.0,37,2459.0,121,2460.0,48,2461.0,52,2462.0,29,2458.0
RM411,,13:41:37.0#,2471.0,2476.0,2433.0,2592.0,2298.0,108983,183678,2453.0,29,2454.0,25,2455.0,16,2456.0,144,2457.0,22,2458.0,36,2459.0,121,2460.0,48,2461.0,52,2462.0,29,2458.0
RM411,,13:41:37.500#,2471.0,2476.0,2433.0,2592.0,2298.0,108989,183672,2453.0,29,2454.0,25,2455.0,16,2456.0,144,2457.0,17,2458.0,37,2459.0,121,2460.0,48,2461.0,52,2462.0,29,2457.0
RM411,,13:41:37.750#,2471.0,2476.0,2433.0,2592.0,2298.0,108989,183672,2453.0,29,2454.0,25,2455.0,16,2456.0,144,2457.0,17,2458.0,49,2459.0,121,2460.0,48,2461.0,52,2462.0,29,2457.0
RM411,,13:41:38.0#,2471.0,2476.0,2433.0,2592.0,2298.0,109012,183664,2452.0,57,2453.0,29,2454.0,25,2455.0,16,2456.0,151,2458.0,44,2459.0,121,2460.0,48,2461.0,52,2462.0,29,2456.0
RM411,,13:41:38.250#,2471.0,2476.0,2433.0,2592.0,2298.0,109013,183664,2452.0,58,2453.0,29,2454.0,25,2455.0,86,2456.0,88,2458.0,78,2459.0,98,2460.0,38,2461.0,52,2462.0,29,2456.0
RM411,,13:41:38.500#,2471.0,2476.0,2433.0,2592.0,2298.0,109017,183660,2452.0,58,2453.0,29,2454.0,25,2455.0,106,2456.0,64,2457.0,5,2458.0,105,2459.0,68,2460.0,38,2461.0,52,2456.0
RM411,,13:41:38.750#,2471.0,2476.0,2433.0,2592.0,2298.0,109018,183661,2452.0,58,2453.0,29,2454.0,25,2455.0,119,2456.0,51,2457.0,8,2458.0,135,2459.0,38,2460.0,38,2461.0,52,2457.0
RM411,,13:41:39.0#,2471.0,2476.0,2433.0,2592.0,2298.0,109022,183659,2452.0,58,2453.0,29,2454.0,25,2455.0,119,2456.0,65,2457.0,3,2458.0,125,2459.0,48,2460.0,38,2461.0,52,2457.0
RM411,,13:41:39.500#,2471.0,2476.0,2433.0,2592.0,2298.0,109025,183657,2452.0,58,2453.0,29,2454.0,35,2455.0,106,2456.0,54,2457.0,12,2458.0,135,2459.0,38,2460.0,38,2461.0,52,2456.0
RM411,,13:41:39.750#,2471.0,2476.0,2433.0,2592.0,2298.0,109025,183657,2452.0,58,2453.0,29,2454.0,25,2455.0,116,2456.0,54,2457.0,12,2458.0,145,2459.0,28,2460.0,38,2461.0,52,2456.0
RM411,,13:41:40.250#,2471.0,2476.0,2433.0,2592.0,2298.0,109025,183657,2452.0,60,2453.0,29,2454.0,25,2455.0,116,2456.0,47,2457.0,17,2458.0,150,2459.0,18,2460.0,38,2461.0,52,2456.0
RM411,,13:41:40.500#,2471.0,2476.0,2433.0,2592.0,2298.0,109027,183657,2452.0,60,2453.0,29,2454.0,25,2455.0,126,2456.0,31,2457.0,16,2458.0,150,2459.0,18,2460.0,38,2461.0,52,2457.0
RM411,,13:41:40.750#,2471.0,2476.0,2433.0,2592.0,2298.0,109028,183658,2452.0,60,2453.0,29,2454.0,25,2455.0,126,2456.0,31,2457.0,15,2458.0,150,2459.0,18,2460.0,38,2461.0,52,2457.0
RM411,,13:41:41.250#,2471.0,2476.0,2433.0,2592.0,2298.0,109028,183658,2452.0,60,2453.0,29,2454.0,25,2455.0,126,2456.0,31,2457.0,15,2458.0,151,2459.0,18,2460.0,38,2461.0,52,2457.0
RM411,,13:41:41.500#,2471.0,2476.0,2433.0,2592.0,2298.0,109028,183658,2452.0,60,2453.0,29,2454.0,25,2455.0,126,2456.0,32,2457.0,16,2458.0,151,2459.0,18,2460.0,37,2461.0,52,2457.0
RM411,,13:41:41.750#,2471.0,2476.0,2433.0,2592.0,2298.0,109028,183658,2452.0,60,2453.0,29,2454.0,25,2455.0,126,2456.0,32,2457.0,16,2458.0,151,2459.0,19,2460.0,37,2461.0,52,2457.0
RM411,,13:41:42.0#,2471.0,2476.0,2433.0,2592.0,2298.0,109028,183658,2452.0,60,2453.0,29,2454.0,25,2455.0,126,2456.0,33,2457.0,16,2458.0,151,2459.0,19,2460.0,37,2461.0,52,2457.0
RM411,,13:41:43.0#,2471.0,2476.0,2433.0,2592.0,2298.0,109031,183658,2452.0,60,2453.0,29,2454.0,35,2455.0,116,2456.0,36,2457.0,14,2458.0,151,2459.0,19,2460.0,37,2461.0,52,2456.0
RM411,,13:41:45.750#,2471.0,2476.0,2433.0,2592.0,2298.0,109068,183644,2451.0,60,2452.0,60,2453.0,29,2454.0,35,2455.0,144,2456.0,175,2457.0,14,2458.0,141,2459.0,19,2460.0,37,2456.0
RM411,,13:41:46.0#,2471.0,2476.0,2433.0,2592.0,2298.0,109068,183644,2451.0,61,2452.0,60,2453.0,29,2454.0,88,2455.0,90,2456.0,209,2457.0,52,2458.0,60,2459.0,19,2460.0,37,2456.0
RM411,,13:41:47.0#,2471.0,2476.0,2433.0,2592.0,2298.0,109068,183644,2451.0,61,2452.0,60,2453.0,30,2454.0,129,2455.0,66,2456.0,231,2457.0,61,2458.0,50,2459.0,19,2460.0,37,2456.0
RM411,,13:41:47.500#,2471.0,2476.0,2433.0,2592.0,2298.0,109079,183644,2451.0,61,2452.0,60,2453.0,40,2454.0,120,2455.0,55,2456.0,230,2457.0,61,2458.0,40,2459.0,19,2460.0,37,2456.0
RM411,,13:41:47.750#,2471.0,2476.0,2433.0,2592.0,2298.0,109080,183644,2451.0,61,2452.0,60,2453.0,40,2454.0,120,2455.0,54,2456.0,229,2457.0,61,2458.0,40,2459.0,19,2460.0,37,2456.0
RM411,,13:41:48.0#,2471.0,2476.0,2433.0,2592.0,2298.0,109080,183644,2451.0,61,2452.0,60,2453.0,40,2454.0,130,2455.0,44,2456.0,229,2457.0,61,2458.0,40,2459.0,19,2460.0,37,2456.0
RM411,,13:41:49.0#,2471.0,2476.0,2433.0,2592.0,2298.0,109094,183642,2451.0,61,2452.0,60,2453.0,50,2454.0,130,2455.0,42,2456.0,215,2457.0,62,2458.0,40,2459.0,19,2460.0,37,2456.0
RM411,,13:41:49.500#,2471.0,2476.0,2433.0,2592.0,2298.0,109096,183642,2451.0,61,2452.0,60,2453.0,50,2454.0,130,2455.0,40,2456.0,213,2457.0,62,2458.0,40,2459.0,19,2460.0,37,2456.0
RM411,,13:41:50.0#,2471.0,2476.0,2433.0,2592.0,2298.0,109099,183642,2451.0,61,2452.0,60,2453.0,50,2454.0,130,2455.0,37,2456.0,210,2457.0,62,2458.0,40,2459.0,19,2460.0,37,2456.0
RM411,,13:41:50.250#,2471.0,2476.0,2433.0,2592.0,2298.0,109100,183642,2451.0,61,2452.0,60,2453.0,50,2454.0,130,2455.0,36,2456.0,209,2457.0,62,2458.0,40,2459.0,19,2460.0,37,2456.0
RM411,,13:41:51.0#,2471.0,2476.0,2433.0,2592.0,2298.0,109109,183642,2451.0,61,2452.0,60,2453.0,50,2454.0,130,2455.0,28,2456.0,200,2457.0,62,2458.0,40,2459.0,19,2460.0,37,2456.0
RM411,,13:41:51.500#,2471.0,2476.0,2433.0,2592.0,2298.0,109110,183642,2451.0,61,2452.0,60,2453.0,50,2454.0,130,2455.0,22,2456.0,209,2457.0,62,2458.0,40,2459.0,19,2460.0,37,2456.0
RM411,,13:41:52.750#,2471.0,2476.0,2433.0,2592.0,2298.0,109123,183632,2451.0,61,2452.0,60,2453.0,50,2454.0,130,2455.0,40,2456.0,196,2457.0,62,2458.0,40,2459.0,19,2460.0,37,2456.0
RM411,,13:41:53.500#,2471.0,2476.0,2433.0,2592.0,2298.0,109140,183632,2451.0,61,2452.0,60,2453.0,51,2454.0,130,2455.0,23,2456.0,179,2457.0,62,2458.0,40,2459.0,19,2460.0,37,2456.0
RM411,,13:41:53.750#,2471.0,2476.0,2433.0,2592.0,2298.0,109161,183622,2451.0,61,2452.0,60,2453.0,51,2454.0,130,2455.0,43,2456.0,148,2457.0,62,2458.0,40,2459.0,19,2460.0,37,2456.0
RM411,,13:41:54.0#,2471.0,2476.0,2433.0,2592.0,2298.0,109167,183616,2451.0,61,2452.0,60,2453.0,51,2454.0,130,2455.0,41,2456.0,142,2457.0,62,2458.0,40,2459.0,19,2460.0,37,2456.0
RM411,,13:41:54.250#,2471.0,2476.0,2433.0,2592.0,2298.0,109167,183616,2451.0,61,2452.0,60,2453.0,51,2454.0,130,2455.0,37,2456.0,142,2457.0,62,2458.0,40,2459.0,19,2460.0,37,2456.0
RM411,,13:41:54.500#,2471.0,2476.0,2433.0,2592.0,2298.0,109167,183616,2451.0,61,2452.0,60,2453.0,41,2454.0,140,2455.0,23,2456.0,142,2457.0,72,2458.0,40,2459.0,19,2460.0,37,2456.0
RM411,,13:41:54.750#,2471.0,2476.0,2433.0,2592.0,2298.0,109168,183615,2451.0,61,2452.0,60,2453.0,41,2454.0,140,2455.0,23,2456.0,141,2457.0,72,2458.0,40,2459.0,19,2460.0,37,2456.0
RM411,,13:41:55.250#,2471.0,2476.0,2433.0,2592.0,2298.0,109205,183613,2451.0,61,2452.0,60,2453.0,41,2454.0,140,2455.0,39,2456.0,94,2457.0,72,2458.0,40,2459.0,19,2460.0,37,2456.0
RM411,,13:41:55.500#,2471.0,2476.0,2433.0,2592.0,2298.0,109206,183613,2451.0,61,2452.0,60,2453.0,41,2454.0,140,2455.0,38,2456.0,93,2457.0,72,2458.0,40,2459.0,19,2460.0,37,2456.0
RM411,,13:41:55.750#,2471.0,2476.0,2433.0,2592.0,2298.0,109211,183613,2451.0,61,2452.0,60,2453.0,41,2454.0,140,2455.0,34,2456.0,88,2457.0,72,2458.0,40,2459.0,19,2460.0,37,2456.0
RM411,,13:41:56.0#,2471.0,2476.0,2433.0,2592.0,2298.0,109211,183613,2451.0,61,2452.0,60,2453.0,41,2454.0,140,2455.0,34,2456.0,68,2457.0,92,2458.0,40,2459.0,19,2460.0,37,2456.0
RM411,,13:41:57.750#,2471.0,2476.0,2433.0,2592.0,2298.0,109276,183610,2451.0,60,2452.0,60,2453.0,41,2454.0,66,2455.0,94,2456.0,1,2457.0,95,2458.0,60,2459.0,19,2460.0,37,2456.0
RM411,,13:41:58.0#,2471.0,2476.0,2433.0,2592.0,2298.0,109277,183611,2451.0,61,2452.0,60,2453.0,41,2454.0,79,2455.0,84,2456.0,4,2457.0,104,2458.0,50,2459.0,19,2460.0,37,2456.0
RM411,,13:41:58.250#,2471.0,2476.0,2433.0,2592.0,2298.0,109277,183611,2451.0,61,2452.0,60,2453.0,41,2454.0,107,2455.0,68,2456.0,3,2457.0,127,2458.0,40,2459.0,19,2460.0,37,2456.0
RM411,,13:41:58.500#,2471.0,2476.0,2433.0,2592.0,2298.0,109277,183611,2451.0,61,2452.0,60,2453.0,41,2454.0,110,2455.0,70,2456.0,6,2457.0,124,2458.0,40,2459.0,19,2460.0,37,2456.0
RM411,,13:41:58.750#,2471.0,2476.0,2433.0,2592.0,2298.0,109277,183611,2451.0,61,2452.0,60,2453.0,41,2454.0,110,2455.0,65,2456.0,23,2457.0,129,2458.0,30,2459.0,19,2460.0,37,2456.0
RM411,,13:41:59.0#,2471.0,2476.0,2433.0,2592.0,2298.0,109277,183611,2451.0,61,2452.0,60,2453.0,41,2454.0,110,2455.0,63,2456.0,23,2457.0,129,2458.0,30,2459.0,19,2460.0,37,2456.0
RM411,,13:41:59.500#,2471.0,2476.0,2433.0,2592.0,2298.0,109277,183611,2451.0,61,2452.0,60,2453.0,41,2454.0,110,2455.0,64,2456.0,23,2457.0,129,2458.0,30,2459.0,19,2460.0,37,2456.0
RM411,,13:42:00.0#,2471.0,2476.0,2433.0,2592.0,2298.0,109277,183611,2451.0,61,2452.0,60,2453.0,41,2454.0,110,2455.0,64,2456.0,23,2457.0,129,2458.0,31,2459.0,19,2460.0,37,2456.0
RM411,,13:42:00.500#,2471.0,2476.0,2433.0,2592.0,2298.0,109277,183611,2451.0,61,2452.0,60,2453.0,41,2454.0,110,2455.0,64,2456.0,28,2457.0,129,2458.0,31,2459.0,19,2460.0,37,2456.0
RM411,,13:42:01.0#,2471.0,2476.0,2433.0,2592.0,2298.0,109277,183611,2451.0,61,2452.0,60,2453.0,41,2454.0,110,2455.0,74,2456.0,28,2457.0,129,2458.0,31,2459.0,19,2460.0,37,2456.0
RM411,,13:42:01.250#,2471.0,2476.0,2433.0,2592.0,2298.0,109277,183611,2451.0,61,2452.0,60,2453.0,41,2454.0,110,2455.0,73,2456.0,28,2457.0,129,2458.0,31,2459.0,19,2460.0,37,2456.0
RM411,,13:42:02.0#,2471.0,2476.0,2433.0,2592.0,2298.0,109277,183611,2451.0,61,2452.0,59,2453.0,41,2454.0,111,2455.0,73,2456.0,28,2457.0,129,2458.0,31,2459.0,19,2460.0,37,2456.0
RM411,,13:42:02.250#,2471.0,2476.0,2433.0,2592.0,2298.0,109277,183611,2451.0,61,2452.0,59,2453.0,41,2454.0,111,2455.0,73,2456.0,28,2457.0,129,2458.0,31,2459.0,19,2460.0,37,2456.0
RM411,,13:42:02.500#,2471.0,2476.0,2433.0,2592.0,2298.0,109277,183611,2451.0,61,2452.0,59,2453.0,41,2454.0,111,2455.0,55,2456.0,39,2457.0,129,2458.0,31,2459.0,19,2460.0,37,2456.0
RM411,,13:42:03.0#,2471.0,2476.0,2433.0,2592.0,2298.0,109277,183611,2451.0,61,2452.0,59,2453.0,52,2454.0,130,2455.0,24,2456.0,49,2457.0,120,2458.0,31,2459.0,18,2460.0,37,2456.0
RM411,,13:42:03.250#,2471.0,2476.0,2433.0,2592.0,2298.0,109277,183611,2451.0,61,2452.0,59,2453.0,52,2454.0,136,2455.0,24,2456.0,49,2457.0,120,2458.0,31,2459.0,18,2460.0,37,2456.0
RM411,,13:42:04.500#,2471.0,2476.0,2433.0,2592.0,2298.0,109277,183611,2451.0,61,2452.0,59,2453.0,52,2454.0,136,2455.0,24,2456.0,49,2457.0,120,2458.0,31,2459.0,18,2460.0,37,2456.0
RM411,,13:42:05.500#,2471.0,2476.0,2433.0,2592.0,2298.0,109277,183611,2451.0,61,2452.0,59,2453.0,52,2454.0,136,2455.0,23,2456.0,49,2457.0,120,2458.0,31,2459.0,18,2460.0,37,2456.0
RM411,,13:42:06.0#,2471.0,2476.0,2433.0,2592.0,2298.0,109301,183609,2450.0,42,2451.0,61,2452.0,59,2453.0,52,2454.0,154,2456.0,51,2457.0,120,2458.0,31,2459.0,18,2460.0,37,2455.0
RM411,,13:42:06.250#,2471.0,2476.0,2433.0,2592.0,2298.0,109301,183609,2451.0,61,2452.0,59,2453.0,62,2454.0,131,2455.0,6,2456.0,71,2457.0,100,2458.0,31,2459.0,18,2460.0,37,2455.0
RM411,,13:42:06.500#,2471.0,2476.0,2433.0,2592.0,2298.0,109308,183602,2450.0,43,2451.0,61,2452.0,59,2453.0,42,2454.0,169,2455.0,13,2456.0,40,2457.0,110,2458.0,31,2459.0,18,2455.0
RM411,,13:42:06.750#,2471.0,2476.0,2433.0,2592.0,2298.0,109309,183602,2450.0,43,2451.0,61,2452.0,59,2453.0,75,2454.0,136,2455.0,16,2456.0,87,2457.0,60,2458.0,31,2459.0,18,2455.0
RM411,,13:42:07.0#,2471.0,2476.0,2433.0,2592.0,2298.0,109309,183602,2450.0,43,2451.0,61,2452.0,59,2453.0,85,2454.0,127,2455.0,17,2456.0,97,2457.0,50,2458.0,31,2459.0,18,2455.0
RM411,,13:42:07.250#,2471.0,2476.0,2433.0,2592.0,2298.0,109309,183602,2450.0,43,2451.0,61,2452.0,59,2453.0,85,2454.0,128,2455.0,17,2456.0,107,2457.0,40,2458.0,31,2459.0,18,2455.0
RM411,,13:42:07.500#,2471.0,2476.0,2433.0,2592.0,2298.0,109327,183600,2451.0,61,2452.0,59,2453.0,85,2454.0,108,2455.0,1,2456.0,137,2457.0,30,2458.0,31,2459.0,18,2460.0,36,2455.0
RM411,,13:42:07.750#,2471.0,2476.0,2433.0,2592.0,2298.0,109327,183600,2451.0,61,2452.0,59,2453.0,62,2454.0,131,2455.0,2,2456.0,110,2457.0,60,2458.0,31,2459.0,18,2460.0,37,2455.0
RM411,,13:42:08.0#,2471.0,2476.0,2433.0,2592.0,2298.0,109327,183600,2451.0,61,2452.0,59,2453.0,52,2454.0,136,2455.0,26,2456.0,90,2457.0,70,2458.0,31,2459.0,18,2460.0,37,2455.0
RM411,,13:42:08.250#,2471.0,2476.0,2433.0,2592.0,2298.0,109327,183600,2451.0,61,2452.0,59,2453.0,42,2454.0,133,2455.0,35,2456.0,59,2457.0,99,2458.0,31,2459.0,18,2460.0,37,2455.0
RM411,,13:42:08.750#,2471.0,2476.0,2433.0,2592.0,2298.0,109327,183600,2451.0,61,2452.0,59,2453.0,32,2454.0,153,2455.0,27,2456.0,50,2457.0,109,2458.0,32,2459.0,18,2460.0,37,2455.0
RM411,,13:42:09.0#,2471.0,2476.0,2433.0,2592.0,2298.0,109327,183600,2451.0,61,2452.0,59,2453.0,32,2454.0,153,2455.0,27,2456.0,50,2457.0,109,2458.0,31,2459.0,18,2460.0,37,2455.0
RM411,,13:42:09.250#,2471.0,2476.0,2433.0,2592.0,2298.0,109327,183600,2451.0,61,2452.0,59,2453.0,32,2454.0,153,2455.0,27,2456.0,48,2457.0,109,2458.0,31,2459.0,18,2460.0,37,2455.0
RM411,,13:42:09.500#,2471.0,2476.0,2433.0,2592.0,2298.0,109327,183600,2451.0,61,2452.0,58,2453.0,32,2454.0,153,2455.0,27,2456.0,38,2457.0,119,2458.0,31,2459.0,18,2460.0,37,2455.0
RM411,,13:42:09.750#,2471.0,2476.0,2433.0,2592.0,2298.0,109327,183600,2451.0,61,2452.0,58,2453.0,32,2454.0,153,2455.0,27,2456.0,37,2457.0,119,2458.0,31,2459.0,18,2460.0,37,2455.0
RM411,,13:42:10.750#,2471.0,2476.0,2433.0,2592.0,2298.0,109327,183600,2451.0,61,2452.0,58,2453.0,33,2454.0,156,2455.0,41,2456.0,38,2457.0,120,2458.0,30,2459.0,18,2460.0,37,2455.0
RM411,,13:42:12.500#,2471.0,2476.0,2433.0,2592.0,2298.0,109327,183600,2451.0,61,2452.0,58,2453.0,33,2454.0,126,2455.0,71,2456.0,29,2457.0,130,2458.0,30,2459.0,18,2460.0,37,2455.0
RM411,,13:42:13.500#,2471.0,2476.0,2433.0,2592.0,2298.0,109329,183600,2451.0,61,2452.0,58,2453.0,33,2454.0,126,2455.0,69,2456.0,30,2457.0,130,2458.0,30,2459.0,18,2460.0,37,2456.0
RM411,,13:42:15.750#,2471.0,2476.0,2433.0,2592.0,2298.0,109330,183601,2451.0,61,2452.0,58,2453.0,34,2454.0,126,2455.0,69,2456.0,29,2457.0,130,2458.0,30,2459.0,18,2460.0,37,2456.0
RM411,,13:42:16.0#,2471.0,2476.0,2433.0,2592.0,2298.0,109330,183601,2451.0,61,2452.0,58,2453.0,34,2454.0,126,2455.0,69,2456.0,29,2457.0,130,2458.0,29,2459.0,18,2460.0,37,2456.0
RM411,,13:42:16.500#,2471.0,2476.0,2433.0,2592.0,2298.0,109330,183601,2451.0,61,2452.0,58,2453.0,34,2454.0,126,2455.0,69,2456.0,19,2457.0,130,2458.0,29,2459.0,18,2460.0,37,2456.0
RM411,,13:42:17.250#,2471.0,2476.0,2433.0,2592.0,2298.0,109330,183601,2451.0,61,2452.0,58,2453.0,34,2454.0,126,2455.0,69,2456.0,21,2457.0,121,2458.0,39,2459.0,18,2460.0,37,2456.0
RM411,,13:42:17.500#,2471.0,2476.0,2433.0,2592.0,2298.0,109330,183601,2451.0,61,2452.0,58,2453.0,34,2454.0,126,2455.0,69,2456.0,29,2457.0,121,2458.0,39,2459.0,18,2460.0,37,2456.0
RM411,,13:42:19.0#,2471.0,2476.0,2433.0,2592.0,2298.0,109330,183601,2451.0,61,2452.0,58,2453.0,44,2454.0,146,2455.0,20,2456.0,70,2457.0,102,2458.0,29,2459.0,18,2460.0,37,2456.0
RM411,,13:42:21.500#,2471.0,2476.0,2433.0,2592.0,2298.0,109345,183592,2451.0,61,2452.0,58,2453.0,34,2454.0,126,2455.0,74,2456.0,18,2457.0,126,2458.0,39,2459.0,18,2460.0,37,2456.0
RM411,,13:42:23.0#,2471.0,2476.0,2433.0,2592.0,2298.0,109352,183590,2452.0,58,2453.0,34,2454.0,85,2455.0,97,2456.0,3,2457.0,132,2458.0,59,2459.0,18,2460.0,37,2461.0,52,2456.0
RM411,,13:42:23.250#,2471.0,2476.0,2433.0,2592.0,2298.0,109353,183590,2452.0,58,2453.0,34,2454.0,65,2455.0,117,2456.0,6,2457.0,121,2458.0,69,2459.0,18,2460.0,37,2461.0,52,2456.0
RM411,,13:42:23.500#,2471.0,2476.0,2433.0,2592.0,2298.0,109354,183589,2452.0,58,2453.0,34,2454.0,55,2455.0,124,2456.0,9,2457.0,95,2458.0,92,2459.0,18,2460.0,37,2461.0,52,2456.0
RM411,,13:42:23.750#,2471.0,2476.0,2433.0,2592.0,2298.0,109354,183589,2452.0,58,2453.0,34,2454.0,55,2455.0,124,2456.0,10,2457.0,96,2458.0,92,2459.0,18,2460.0,37,2461.0,52,2456.0
RM411,,13:42:24.0#,2471.0,2476.0,2433.0,2592.0,2298.0,109354,183589,2452.0,58,2453.0,33,2454.0,45,2455.0,130,2456.0,15,2457.0,95,2458.0,93,2459.0,18,2460.0,37,2461.0,52,2456.0
RM411,,13:42:24.500#,2471.0,2476.0,2433.0,2592.0,2298.0,109354,183589,2452.0,58,2453.0,33,2454.0,45,2455.0,130,2456.0,10,2457.0,95,2458.0,93,2459.0,18,2460.0,37,2461.0,52,2456.0
RM411,,13:42:26.0#,2471.0,2476.0,2433.0,2592.0,2298.0,109354,183589,2452.0,58,2453.0,33,2454.0,45,2455.0,130,2456.0,11,2457.0,57,2458.0,123,2459.0,18,2460.0,37,2461.0,52,2456.0
RM411,,13:42:26.250#,2471.0,2476.0,2433.0,2592.0,2298.0,109354,183589,2452.0,58,2453.0,33,2454.0,45,2455.0,130,2456.0,11,2457.0,62,2458.0,123,2459.0,18,2460.0,37,2461.0,52,2456.0
RM411,,13:42:31.250#,2471.0,2476.0,2433.0,2592.0,2298.0,109365,183591,2453.0,32,2454.0,39,2455.0,121,2456.0,31,2457.0,1,2458.0,153,2459.0,29,2460.0,37,2461.0,52,2462.0,28,2457.0
RM411,,13:42:31.500#,2471.0,2476.0,2433.0,2592.0,2298.0,109365,183591,2453.0,32,2454.0,39,2455.0,81,2456.0,73,2457.0,2,2458.0,138,2459.0,49,2460.0,37,2461.0,52,2462.0,29,2457.0
RM411,,13:42:31.750#,2471.0,2476.0,2433.0,2592.0,2298.0,109365,183591,2453.0,33,2454.0,39,2455.0,71,2456.0,83,2457.0,6,2458.0,139,2459.0,49,2460.0,37,2461.0,52,2462.0,29,2457.0
RM411,,13:42:32.0#,2471.0,2476.0,2433.0,2592.0,2298.0,109365,183591,2453.0,33,2454.0,39,2455.0,51,2456.0,100,2457.0,9,2458.0,136,2459.0,52,2460.0,37,2461.0,52,2462.0,29,2457.0
RM411,,13:42:32.250#,2471.0,2476.0,2433.0,2592.0,2298.0,109365,183591,2453.0,33,2454.0,39,2455.0,45,2456.0,111,2457.0,10,2458.0,126,2459.0,63,2460.0,37,2461.0,52,2462.0,29,2457.0
RM411,,13:42:32.500#,2471.0,2476.0,2433.0,2592.0,2298.0,109365,183591,2453.0,33,2454.0,39,2455.0,35,2456.0,121,2457.0,10,2458.0,115,2459.0,73,2460.0,37,2461.0,52,2462.0,29,2457.0
RM411,,13:42:35.750#,2471.0,2476.0,2433.0,2592.0,2298.0,109366,183591,2453.0,33,2454.0,39,2455.0,35,2456.0,121,2457.0,9,2458.0,114,2459.0,73,2460.0,37,2461.0,52,2462.0,29,2457.0
RM411,,13:42:36.0#,2471.0,2476.0,2433.0,2592.0,2298.0,109366,183591,2453.0,33,2454.0,39,2455.0,35,2456.0,121,2457.0,9,2458.0,114,2459.0,73,2460.0,37,2461.0,52,2462.0,29,2457.0
RM411,,13:42:36.750#,2471.0,2476.0,2433.0,2592.0,2298.0,109366,183591,2453.0,33,2454.0,29,2455.0,45,2456.0,121,2457.0,9,2458.0,104,2459.0,83,2460.0,37,2461.0,52,2462.0,29,2457.0
RM411,,13:42:37.0#,2471.0,2476.0,2433.0,2592.0,2298.0,109366,183591,2453.0,33,2454.0,29,2455.0,45,2456.0,121,2457.0,24,2458.0,104,2459.0,83,2460.0,37,2461.0,52,2462.0,29,2457.0
RM411,,13:42:37.250#,2471.0,2476.0,2433.0,2592.0,2298.0,109366,183591,2453.0,33,2454.0,29,2455.0,45,2456.0,121,2457.0,29,2458.0,104,2459.0,83,2460.0,37,2461.0,52,2462.0,29,2457.0
RM411,,13:42:38.500#,2471.0,2476.0,2433.0,2592.0,2298.0,109366,183591,2453.0,33,2454.0,29,2455.0,46,2456.0,121,2457.0,29,2458.0,104,2459.0,83,2460.0,37,2461.0,52,2462.0,29,2457.0
RM411,,13:42:38.750#,2471.0,2476.0,2433.0,2592.0,2298.0,109366,183591,2453.0,33,2454.0,29,2455.0,46,2456.0,121,2457.0,29,2458.0,104,2459.0,83,2460.0,37,2461.0,52,2462.0,29,2457.0
RM411,,13:42:39.0#,2471.0,2476.0,2433.0,2592.0,2298.0,109366,183591,2453.0,33,2454.0,29,2455.0,46,2456.0,121,2457.0,9,2458.0,104,2459.0,83,2460.0,37,2461.0,52,2462.0,29,2457.0
RM411,,13:42:39.250#,2471.0,2476.0,2433.0,2592.0,2298.0,109366,183591,2453.0,33,2454.0,29,2455.0,46,2456.0,121,2457.0,14,2458.0,104,2459.0,83,2460.0,37,2461.0,52,2462.0,29,2457.0
RM411,,13:42:39.500#,2471.0,2476.0,2433.0,2592.0,2298.0,109366,183591,2453.0,33,2454.0,29,2455.0,46,2456.0,121,2457.0,14,2458.0,104,2459.0,83,2460.0,37,2461.0,52,2462.0,29,2457.0
RM411,,13:42:40.0#,2471.0,2476.0,2433.0,2592.0,2298.0,109366,183591,2453.0,33,2454.0,34,2455.0,46,2456.0,121,2457.0,14,2458.0,104,2459.0,83,2460.0,37,2461.0,52,2462.0,29,2457.0
RM411,,13:42:41.250#,2471.0,2476.0,2433.0,2592.0,2298.0,109366,183591,2453.0,33,2454.0,34,2455.0,46,2456.0,121,2457.0,14,2458.0,105,2459.0,83,2460.0,37,2461.0,52,2462.0,29,2457.0
RM411,,13:42:42.0#,2471.0,2476.0,2433.0,2592.0,2298.0,109367,183591,2453.0,33,2454.0,34,2455.0,46,2456.0,121,2457.0,13,2458.0,105,2459.0,83,2460.0,37,2461.0,52,2462.0,29,2457.0
RM411,,13:42:42.250#,2471.0,2476.0,2433.0,2592.0,2298.0,109367,183591,2453.0,33,2454.0,34,2455.0,46,2456.0,121,2457.0,10,2458.0,105,2459.0,83,2460.0,37,2461.0,52,2462.0,29,2457.0
RM411,,13:42:43.0#,2471.0,2476.0,2433.0,2592.0,2298.0,109367,183591,2453.0,33,2454.0,34,2455.0,46,2456.0,121,2457.0,10,2458.0,105,2459.0,83,2460.0,37,2461.0,52,2462.0,29,2457.0
RM411,,13:42:45.0#,2471.0,2476.0,2433.0,2592.0,2298.0,109367,183591,2453.0,33,2454.0,34,2455.0,46,2456.0,121,2457.0,10,2458.0,106,2459.0,83,2460.0,37,2461.0,52,2462.0,29,2457.0
RM411,,13:42:45.500#,2471.0,2476.0,2433.0,2592.0,2298.0,109377,183581,2452.0,36,2453.0,33,2454.0,34,2455.0,46,2456.0,132,2457.0,1,2458.0,94,2459.0,83,2460.0,37,2461.0,52,2457.0
RM411,,13:42:45.750#,2471.0,2476.0,2433.0,2592.0,2298.0,109377,183581,2452.0,37,2453.0,33,2454.0,34,2455.0,76,2456.0,105,2457.0,5,2458.0,134,2459.0,40,2460.0,37,2461.0,52,2457.0
RM411,,13:42:46.0#,2471.0,2476.0,2433.0,2592.0,2298.0,109377,183581,2452.0,37,2453.0,33,2454.0,34,2455.0,76,2456.0,105,2457.0,2,2458.0,139,2459.0,40,2460.0,37,2461.0,52,2457.0
RM411,,13:42:46.250#,2471.0,2476.0,2433.0,2592.0,2298.0,109377,183581,2452.0,37,2453.0,33,2454.0,34,2455.0,76,2456.0,105,2457.0,7,2458.0,139,2459.0,40,2460.0,37,2461.0,52,2457.0
RM411,,13:42:46.500#,2471.0,2476.0,2433.0,2592.0,2298.0,109377,183581,2452.0,37,2453.0,33,2454.0,44,2455.0,97,2456.0,53,2457.0,31,2458.0,152,2459.0,19,2460.0,37,2461.0,52,2457.0
RM411,,13:42:46.750#,2471.0,2476.0,2433.0,2592.0,2298.0,109377,183581,2452.0,37,2453.0,34,2454.0,44,2455.0,125,2456.0,17,2457.0,52,2458.0,131,2459.0,19,2460.0,37,2461.0,52,2457.0
RM411,,13:42:47.0#,2471.0,2476.0,2433.0,2592.0,2298.0,109377,183581,2452.0,37,2453.0,34,2454.0,55,2455.0,125,2456.0,7,2457.0,52,2458.0,131,2459.0,19,2460.0,37,2461.0,52,2457.0
RM411,,13:42:47.250#,2471.0,2476.0,2433.0,2592.0,2298.0,109377,183581,2452.0,37,2453.0,34,2454.0,55,2455.0,126,2456.0,11,2457.0,52,2458.0,131,2459.0,19,2460.0,37,2461.0,52,2457.0
RM411,,13:42:47.500#,2471.0,2476.0,2433.0,2592.0,2298.0,109377,183581,2452.0,37,2453.0,33,2454.0,55,2455.0,127,2456.0,7,2457.0,51,2458.0,132,2459.0,19,2460.0,37,2461.0,52,2457.0
RM411,,13:42:50.500#,2471.0,2476.0,2433.0,2592.0,2298.0,109377,183581,2452.0,37,2453.0,33,2454.0,55,2455.0,127,2456.0,7,2457.0,51,2458.0,132,2459.0,19,2460.0,37,2461.0,52,2457.0
