InstrumentId,ExchangeId,Datetime,OpenPrice,HighestPrice,LowestPrice,UpperLimitPrice,LowerLimitPrice,Volume,OpenInterest,BidPrice5,BidVolume5,BidPrice4,BidVolume4,BidPrice3,BidVolume3,BidPrice2,BidVolume2,BidPrice1,BidVolume1,AskPrice1,AskVolume1,AskPrice2,AskVolume2,AskPrice3,AskVolume3,AskPrice4,AskVolume4,AskPrice5,AskVolume5,LastPrice
RM501,,13:38:35.0#,2530.0,2535.0,2494.0,2656.0,2354.0,366993,518592,2509.0,287,2510.0,319,2511.0,133,2512.0,282,2513.0,45,2514.0,218,2515.0,94,2516.0,140,2517.0,78,2518.0,90,2513.0
RM501,,13:38:35.250#,2530.0,2535.0,2494.0,2656.0,2354.0,366994,518592,2509.0,287,2510.0,319,2511.0,133,2512.0,282,2513.0,44,2514.0,217,2515.0,94,2516.0,140,2517.0,78,2518.0,90,2513.0
RM501,,13:38:35.500#,2530.0,2535.0,2494.0,2656.0,2354.0,366994,518592,2509.0,287,2510.0,319,2511.0,133,2512.0,282,2513.0,46,2514.0,217,2515.0,94,2516.0,140,2517.0,78,2518.0,90,2513.0
RM501,,13:38:35.750#,2530.0,2535.0,2494.0,2656.0,2354.0,366995,518592,2509.0,287,2510.0,319,2511.0,133,2512.0,282,2513.0,46,2514.0,216,2515.0,94,2516.0,140,2517.0,78,2518.0,90,2513.0
RM501,,13:38:36.250#,2530.0,2535.0,2494.0,2656.0,2354.0,366998,518592,2509.0,287,2510.0,319,2511.0,133,2512.0,282,2513.0,43,2514.0,213,2515.0,94,2516.0,140,2517.0,78,2518.0,90,2513.0
RM501,,13:38:36.500#,2530.0,2535.0,2494.0,2656.0,2354.0,367048,518592,2509.0,287,2510.0,319,2511.0,133,2512.0,282,2513.0,44,2514.0,164,2515.0,94,2516.0,140,2517.0,78,2518.0,90,2513.0
RM501,,13:38:36.750#,2530.0,2535.0,2494.0,2656.0,2354.0,367048,518592,2509.0,287,2510.0,319,2511.0,133,2512.0,282,2513.0,49,2514.0,164,2515.0,94,2516.0,136,2517.0,78,2518.0,90,2513.0
RM501,,13:38:37.0#,2530.0,2535.0,2494.0,2656.0,2354.0,367050,518592,2509.0,287,2510.0,318,2511.0,133,2512.0,282,2513.0,53,2514.0,166,2515.0,94,2516.0,136,2517.0,78,2518.0,90,2513.0
RM501,,13:38:37.250#,2530.0,2535.0,2494.0,2656.0,2354.0,367050,518592,2509.0,287,2510.0,318,2511.0,133,2512.0,282,2513.0,54,2514.0,166,2515.0,94,2516.0,136,2517.0,78,2518.0,90,2513.0
RM501,,13:38:37.500#,2530.0,2535.0,2494.0,2656.0,2354.0,367050,518592,2509.0,287,2510.0,318,2511.0,133,2512.0,282,2513.0,64,2514.0,166,2515.0,94,2516.0,136,2517.0,78,2518.0,90,2513.0
RM501,,13:38:38.0#,2530.0,2535.0,2494.0,2656.0,2354.0,367050,518592,2509.0,287,2510.0,318,2511.0,133,2512.0,282,2513.0,65,2514.0,166,2515.0,94,2516.0,136,2517.0,78,2518.0,90,2513.0
RM501,,13:38:38.250#,2530.0,2535.0,2494.0,2656.0,2354.0,367051,518593,2509.0,287,2510.0,318,2511.0,133,2512.0,282,2513.0,58,2514.0,165,2515.0,94,2516.0,136,2517.0,78,2518.0,90,2513.0
RM501,,13:38:38.750#,2530.0,2535.0,2494.0,2656.0,2354.0,367051,518593,2509.0,287,2510.0,318,2511.0,133,2512.0,282,2513.0,59,2514.0,165,2515.0,94,2516.0,136,2517.0,78,2518.0,90,2513.0
RM501,,13:38:39.0#,2530.0,2535.0,2494.0,2656.0,2354.0,367052,518594,2509.0,287,2510.0,318,2511.0,133,2512.0,282,2513.0,58,2514.0,164,2515.0,94,2516.0,136,2517.0,78,2518.0,90,2513.0
RM501,,13:38:39.250#,2530.0,2535.0,2494.0,2656.0,2354.0,367052,518594,2509.0,287,2510.0,318,2511.0,133,2512.0,282,2513.0,60,2514.0,164,2515.0,94,2516.0,135,2517.0,78,2518.0,90,2513.0
RM501,,13:38:39.750#,2530.0,2535.0,2494.0,2656.0,2354.0,367052,518594,2509.0,287,2510.0,318,2511.0,133,2512.0,282,2513.0,61,2514.0,164,2515.0,94,2516.0,135,2517.0,78,2518.0,90,2513.0
RM501,,13:38:40.0#,2530.0,2535.0,2494.0,2656.0,2354.0,367052,518594,2509.0,287,2510.0,318,2511.0,134,2512.0,282,2513.0,62,2514.0,164,2515.0,94,2516.0,135,2517.0,78,2518.0,90,2513.0
RM501,,13:38:40.250#,2530.0,2535.0,2494.0,2656.0,2354.0,367052,518594,2509.0,287,2510.0,318,2511.0,134,2512.0,282,2513.0,65,2514.0,164,2515.0,94,2516.0,135,2517.0,78,2518.0,90,2513.0
RM501,,13:38:40.500#,2530.0,2535.0,2494.0,2656.0,2354.0,367065,518607,2509.0,287,2510.0,318,2511.0,134,2512.0,282,2513.0,52,2514.0,151,2515.0,94,2516.0,135,2517.0,78,2518.0,90,2513.0
RM501,,13:38:40.750#,2530.0,2535.0,2494.0,2656.0,2354.0,367079,518619,2509.0,287,2510.0,318,2511.0,134,2512.0,282,2513.0,39,2514.0,137,2515.0,94,2516.0,135,2517.0,78,2518.0,90,2513.0
RM501,,13:38:41.0#,2530.0,2535.0,2494.0,2656.0,2354.0,367080,518618,2509.0,287,2510.0,318,2511.0,134,2512.0,282,2513.0,18,2514.0,137,2515.0,94,2516.0,135,2517.0,78,2518.0,90,2513.0
RM501,,13:38:42.0#,2530.0,2535.0,2494.0,2656.0,2354.0,367086,518619,2509.0,287,2510.0,318,2511.0,134,2512.0,282,2513.0,14,2514.0,131,2515.0,94,2516.0,135,2517.0,78,2518.0,90,2513.0
RM501,,13:38:42.250#,2530.0,2535.0,2494.0,2656.0,2354.0,367086,518619,2509.0,287,2510.0,318,2511.0,134,2512.0,282,2513.0,15,2514.0,131,2515.0,94,2516.0,135,2517.0,78,2518.0,90,2513.0
RM501,,13:38:42.500#,2530.0,2535.0,2494.0,2656.0,2354.0,367086,518619,2509.0,287,2510.0,318,2511.0,134,2512.0,282,2513.0,16,2514.0,131,2515.0,94,2516.0,135,2517.0,78,2518.0,90,2513.0
RM501,,13:38:42.750#,2530.0,2535.0,2494.0,2656.0,2354.0,367086,518619,2509.0,287,2510.0,318,2511.0,134,2512.0,282,2513.0,16,2514.0,131,2515.0,94,2516.0,135,2517.0,78,2518.0,90,2513.0
RM501,,13:38:43.0#,2530.0,2535.0,2494.0,2656.0,2354.0,367086,518619,2509.0,287,2510.0,318,2511.0,134,2512.0,282,2513.0,15,2514.0,131,2515.0,94,2516.0,135,2517.0,78,2518.0,90,2513.0
RM501,,13:38:43.250#,2530.0,2535.0,2494.0,2656.0,2354.0,367087,518619,2509.0,287,2510.0,318,2511.0,134,2512.0,282,2513.0,14,2514.0,130,2515.0,94,2516.0,135,2517.0,78,2518.0,90,2513.0
RM501,,13:38:44.0#,2530.0,2535.0,2494.0,2656.0,2354.0,367087,518619,2509.0,287,2510.0,318,2511.0,134,2512.0,282,2513.0,15,2514.0,130,2515.0,94,2516.0,135,2517.0,78,2518.0,90,2513.0
RM501,,13:38:44.250#,2530.0,2535.0,2494.0,2656.0,2354.0,367090,518619,2509.0,287,2510.0,318,2511.0,134,2512.0,282,2513.0,14,2514.0,127,2515.0,94,2516.0,135,2517.0,78,2518.0,90,2513.0
RM501,,13:38:44.500#,2530.0,2535.0,2494.0,2656.0,2354.0,367090,518619,2509.0,287,2510.0,318,2511.0,134,2512.0,282,2513.0,20,2514.0,127,2515.0,94,2516.0,135,2517.0,78,2518.0,90,2513.0
RM501,,13:38:44.750#,2530.0,2535.0,2494.0,2656.0,2354.0,367100,518629,2509.0,287,2510.0,318,2511.0,134,2512.0,282,2513.0,47,2514.0,119,2515.0,94,2516.0,135,2517.0,78,2518.0,90,2514.0
RM501,,13:38:45.0#,2530.0,2535.0,2494.0,2656.0,2354.0,367100,518629,2509.0,287,2510.0,318,2511.0,134,2512.0,282,2513.0,90,2514.0,119,2515.0,94,2516.0,135,2517.0,78,2518.0,90,2514.0
RM501,,13:38:45.250#,2530.0,2535.0,2494.0,2656.0,2354.0,367100,518629,2509.0,287,2510.0,318,2511.0,134,2512.0,282,2513.0,98,2514.0,111,2515.0,94,2516.0,135,2517.0,78,2518.0,90,2514.0
RM501,,13:38:45.500#,2530.0,2535.0,2494.0,2656.0,2354.0,367101,518629,2509.0,287,2510.0,318,2511.0,134,2512.0,282,2513.0,97,2514.0,110,2515.0,94,2516.0,135,2517.0,78,2518.0,90,2513.0
RM501,,13:38:45.750#,2530.0,2535.0,2494.0,2656.0,2354.0,367103,518628,2509.0,287,2510.0,319,2511.0,134,2512.0,282,2513.0,95,2514.0,110,2515.0,94,2516.0,135,2517.0,78,2518.0,90,2513.0
RM501,,13:38:46.250#,2530.0,2535.0,2494.0,2656.0,2354.0,367134,518625,2509.0,287,2510.0,319,2511.0,134,2512.0,282,2513.0,64,2514.0,138,2515.0,94,2516.0,135,2517.0,78,2518.0,90,2513.0
RM501,,13:38:46.500#,2530.0,2535.0,2494.0,2656.0,2354.0,367134,518625,2509.0,287,2510.0,319,2511.0,134,2512.0,282,2513.0,34,2514.0,138,2515.0,94,2516.0,135,2517.0,78,2518.0,90,2513.0
RM501,,13:38:46.750#,2530.0,2535.0,2494.0,2656.0,2354.0,367135,518624,2509.0,287,2510.0,319,2511.0,134,2512.0,282,2513.0,33,2514.0,137,2515.0,94,2516.0,135,2517.0,78,2518.0,90,2513.0
RM501,,13:38:47.0#,2530.0,2535.0,2494.0,2656.0,2354.0,367137,518622,2509.0,287,2510.0,319,2511.0,134,2512.0,282,2513.0,33,2514.0,135,2515.0,94,2516.0,135,2517.0,78,2518.0,90,2513.0
RM501,,13:38:47.250#,2530.0,2535.0,2494.0,2656.0,2354.0,367142,518617,2509.0,287,2510.0,319,2511.0,134,2512.0,282,2513.0,28,2514.0,130,2515.0,94,2516.0,135,2517.0,78,2518.0,90,2513.0
RM501,,13:38:47.500#,2530.0,2535.0,2494.0,2656.0,2354.0,367143,518616,2509.0,287,2510.0,319,2511.0,134,2512.0,282,2513.0,28,2514.0,129,2515.0,94,2516.0,135,2517.0,78,2518.0,90,2513.0
RM501,,13:38:47.750#,2530.0,2535.0,2494.0,2656.0,2354.0,367143,518616,2509.0,287,2510.0,319,2511.0,134,2512.0,282,2513.0,28,2514.0,129,2515.0,94,2516.0,135,2517.0,78,2518.0,90,2513.0
RM501,,13:38:48.250#,2530.0,2535.0,2494.0,2656.0,2354.0,367143,518616,2509.0,287,2510.0,319,2511.0,134,2512.0,282,2513.0,28,2514.0,129,2515.0,94,2516.0,135,2517.0,78,2518.0,90,2513.0
RM501,,13:38:49.250#,2530.0,2535.0,2494.0,2656.0,2354.0,367144,518616,2509.0,287,2510.0,319,2511.0,134,2512.0,282,2513.0,27,2514.0,128,2515.0,94,2516.0,135,2517.0,78,2518.0,90,2513.0
RM501,,13:38:49.750#,2530.0,2535.0,2494.0,2656.0,2354.0,367148,518616,2509.0,287,2510.0,319,2511.0,134,2512.0,283,2513.0,23,2514.0,124,2515.0,94,2516.0,135,2517.0,78,2518.0,90,2513.0
RM501,,13:38:50.0#,2530.0,2535.0,2494.0,2656.0,2354.0,367648,518117,2509.0,287,2510.0,319,2511.0,134,2512.0,283,2513.0,23,2514.0,113,2515.0,94,2516.0,136,2517.0,78,2518.0,90,2513.0
RM501,,13:38:50.250#,2530.0,2535.0,2494.0,2656.0,2354.0,367652,518117,2509.0,287,2510.0,319,2511.0,134,2512.0,283,2513.0,19,2514.0,110,2515.0,94,2516.0,136,2517.0,78,2518.0,90,2513.0
RM501,,13:38:50.500#,2530.0,2535.0,2494.0,2656.0,2354.0,367657,518121,2509.0,287,2510.0,319,2511.0,134,2512.0,283,2513.0,14,2514.0,181,2515.0,94,2516.0,136,2517.0,78,2518.0,90,2513.0
RM501,,13:38:50.750#,2530.0,2535.0,2494.0,2656.0,2354.0,367657,518121,2509.0,287,2510.0,319,2511.0,134,2512.0,283,2513.0,5,2514.0,121,2515.0,94,2516.0,136,2517.0,78,2518.0,90,2513.0
RM501,,13:38:51.0#,2530.0,2535.0,2494.0,2656.0,2354.0,367662,518116,2508.0,231,2509.0,287,2510.0,319,2511.0,134,2512.0,769,2513.0,4,2514.0,104,2515.0,94,2516.0,136,2517.0,78,2513.0
RM501,,13:38:51.250#,2530.0,2535.0,2494.0,2656.0,2354.0,367666,518116,2509.0,287,2510.0,319,2511.0,134,2512.0,287,2513.0,4,2514.0,125,2515.0,94,2516.0,136,2517.0,78,2518.0,90,2513.0
RM501,,13:38:51.500#,2530.0,2535.0,2494.0,2656.0,2354.0,367666,518116,2508.0,231,2509.0,287,2510.0,319,2511.0,134,2512.0,773,2514.0,123,2515.0,94,2516.0,136,2517.0,78,2518.0,90,2513.0
RM501,,13:38:51.750#,2530.0,2535.0,2494.0,2656.0,2354.0,367666,518116,2509.0,287,2510.0,319,2511.0,134,2512.0,288,2513.0,4,2514.0,105,2515.0,94,2516.0,136,2517.0,78,2518.0,90,2513.0
RM501,,13:38:52.0#,2530.0,2535.0,2494.0,2656.0,2354.0,367666,518116,2509.0,287,2510.0,319,2511.0,134,2512.0,288,2513.0,4,2514.0,109,2515.0,94,2516.0,136,2517.0,78,2518.0,90,2513.0
RM501,,13:38:52.500#,2530.0,2535.0,2494.0,2656.0,2354.0,367666,518116,2509.0,287,2510.0,319,2511.0,134,2512.0,288,2513.0,4,2514.0,109,2515.0,94,2516.0,136,2517.0,78,2518.0,90,2513.0
RM501,,13:38:52.750#,2530.0,2535.0,2494.0,2656.0,2354.0,367666,518116,2509.0,287,2510.0,319,2511.0,134,2512.0,288,2513.0,5,2514.0,109,2515.0,94,2516.0,136,2517.0,78,2518.0,90,2513.0
RM501,,13:38:53.0#,2530.0,2535.0,2494.0,2656.0,2354.0,367666,518116,2509.0,287,2510.0,319,2511.0,134,2512.0,288,2513.0,6,2514.0,109,2515.0,94,2516.0,136,2517.0,78,2518.0,90,2513.0
RM501,,13:38:53.250#,2530.0,2535.0,2494.0,2656.0,2354.0,367675,518120,2509.0,287,2510.0,319,2511.0,134,2512.0,288,2513.0,17,2514.0,120,2515.0,94,2516.0,136,2517.0,78,2518.0,90,2513.0
RM501,,13:38:53.500#,2530.0,2535.0,2494.0,2656.0,2354.0,367675,518120,2509.0,287,2510.0,319,2511.0,134,2512.0,288,2513.0,31,2514.0,119,2515.0,94,2516.0,136,2517.0,78,2518.0,90,2513.0
RM501,,13:38:53.750#,2530.0,2535.0,2494.0,2656.0,2354.0,367675,518120,2509.0,287,2510.0,319,2511.0,134,2512.0,288,2513.0,32,2514.0,119,2515.0,94,2516.0,136,2517.0,78,2518.0,90,2513.0
RM501,,13:38:54.250#,2530.0,2535.0,2494.0,2656.0,2354.0,367676,518119,2509.0,287,2510.0,319,2511.0,134,2512.0,288,2513.0,31,2514.0,119,2515.0,94,2516.0,136,2517.0,78,2518.0,90,2513.0
RM501,,13:38:54.500#,2530.0,2535.0,2494.0,2656.0,2354.0,367676,518119,2509.0,287,2510.0,319,2511.0,134,2512.0,288,2513.0,34,2514.0,119,2515.0,94,2516.0,136,2517.0,78,2518.0,90,2513.0
RM501,,13:38:54.750#,2530.0,2535.0,2494.0,2656.0,2354.0,367676,518119,2509.0,287,2510.0,319,2511.0,134,2512.0,288,2513.0,35,2514.0,119,2515.0,93,2516.0,136,2517.0,78,2518.0,90,2513.0
RM501,,13:38:55.0#,2530.0,2535.0,2494.0,2656.0,2354.0,367676,518119,2509.0,287,2510.0,319,2511.0,134,2512.0,288,2513.0,40,2514.0,119,2515.0,93,2516.0,136,2517.0,78,2518.0,90,2513.0
RM501,,13:38:55.500#,2530.0,2535.0,2494.0,2656.0,2354.0,367676,518119,2509.0,287,2510.0,319,2511.0,134,2512.0,288,2513.0,40,2514.0,119,2515.0,93,2516.0,136,2517.0,77,2518.0,90,2513.0
RM501,,13:38:55.750#,2530.0,2535.0,2494.0,2656.0,2354.0,367676,518119,2509.0,287,2510.0,319,2511.0,135,2512.0,288,2513.0,40,2514.0,119,2515.0,93,2516.0,126,2517.0,77,2518.0,90,2513.0
RM501,,13:38:56.750#,2530.0,2535.0,2494.0,2656.0,2354.0,367677,518120,2509.0,287,2510.0,319,2511.0,135,2512.0,288,2513.0,41,2514.0,118,2515.0,93,2516.0,126,2517.0,77,2518.0,90,2514.0
RM501,,13:38:57.0#,2530.0,2535.0,2494.0,2656.0,2354.0,367677,518120,2509.0,287,2510.0,319,2511.0,135,2512.0,288,2513.0,41,2514.0,118,2515.0,93,2516.0,126,2517.0,77,2518.0,90,2514.0
RM501,,13:38:57.500#,2530.0,2535.0,2494.0,2656.0,2354.0,367677,518120,2509.0,287,2510.0,319,2511.0,136,2512.0,288,2513.0,41,2514.0,118,2515.0,93,2516.0,126,2517.0,77,2518.0,90,2514.0
RM501,,13:38:58.0#,2530.0,2535.0,2494.0,2656.0,2354.0,367677,518120,2509.0,287,2510.0,319,2511.0,136,2512.0,288,2513.0,42,2514.0,118,2515.0,93,2516.0,126,2517.0,77,2518.0,90,2514.0
RM501,,13:38:58.250#,2530.0,2535.0,2494.0,2656.0,2354.0,367677,518120,2509.0,287,2510.0,319,2511.0,136,2512.0,288,2513.0,43,2514.0,118,2515.0,93,2516.0,126,2517.0,77,2518.0,90,2514.0
RM501,,13:38:58.750#,2530.0,2535.0,2494.0,2656.0,2354.0,367678,518120,2509.0,287,2510.0,319,2511.0,136,2512.0,288,2513.0,42,2514.0,118,2515.0,93,2516.0,126,2517.0,77,2518.0,90,2513.0
RM501,,13:38:59.250#,2530.0,2535.0,2494.0,2656.0,2354.0,367678,518120,2509.0,287,2510.0,319,2511.0,137,2512.0,288,2513.0,42,2514.0,118,2515.0,93,2516.0,126,2517.0,77,2518.0,90,2513.0
RM501,,13:39:01.0#,2530.0,2535.0,2494.0,2656.0,2354.0,367679,518121,2509.0,287,2510.0,319,2511.0,137,2512.0,288,2513.0,42,2514.0,117,2515.0,93,2516.0,126,2517.0,77,2518.0,90,2514.0
RM501,,13:39:01.250#,2530.0,2535.0,2494.0,2656.0,2354.0,367679,518121,2509.0,287,2510.0,319,2511.0,137,2512.0,288,2513.0,42,2514.0,117,2515.0,93,2516.0,126,2517.0,77,2518.0,90,2514.0
RM501,,13:39:01.500#,2530.0,2535.0,2494.0,2656.0,2354.0,367681,518122,2509.0,287,2510.0,319,2511.0,137,2512.0,288,2513.0,42,2514.0,115,2515.0,93,2516.0,126,2517.0,77,2518.0,90,2513.0
RM501,,13:39:01.750#,2530.0,2535.0,2494.0,2656.0,2354.0,367682,518122,2509.0,287,2510.0,320,2511.0,137,2512.0,288,2513.0,41,2514.0,114,2515.0,93,2516.0,126,2517.0,77,2518.0,90,2513.0
RM501,,13:39:02.250#,2530.0,2535.0,2494.0,2656.0,2354.0,367682,518122,2509.0,287,2510.0,320,2511.0,138,2512.0,288,2513.0,41,2514.0,114,2515.0,93,2516.0,126,2517.0,77,2518.0,90,2513.0
RM501,,13:39:02.500#,2530.0,2535.0,2494.0,2656.0,2354.0,367683,518123,2509.0,287,2510.0,320,2511.0,138,2512.0,288,2513.0,40,2514.0,113,2515.0,93,2516.0,126,2517.0,77,2518.0,90,2513.0
RM501,,13:39:03.0#,2530.0,2535.0,2494.0,2656.0,2354.0,367683,518123,2509.0,287,2510.0,320,2511.0,138,2512.0,288,2513.0,40,2514.0,114,2515.0,93,2516.0,126,2517.0,77,2518.0,90,2513.0
RM501,,13:39:03.250#,2530.0,2535.0,2494.0,2656.0,2354.0,367684,518123,2509.0,287,2510.0,320,2511.0,138,2512.0,288,2513.0,40,2514.0,113,2515.0,93,2516.0,126,2517.0,77,2518.0,90,2514.0
RM501,,13:39:03.500#,2530.0,2535.0,2494.0,2656.0,2354.0,367684,518123,2509.0,287,2510.0,320,2511.0,138,2512.0,288,2513.0,41,2514.0,113,2515.0,93,2516.0,126,2517.0,77,2518.0,90,2514.0
RM501,,13:39:04.0#,2530.0,2535.0,2494.0,2656.0,2354.0,367684,518123,2509.0,287,2510.0,320,2511.0,139,2512.0,288,2513.0,41,2514.0,113,2515.0,93,2516.0,126,2517.0,77,2518.0,90,2514.0
RM501,,13:39:04.500#,2530.0,2535.0,2494.0,2656.0,2354.0,367690,518129,2509.0,287,2510.0,320,2511.0,139,2512.0,288,2513.0,35,2514.0,107,2515.0,93,2516.0,126,2517.0,77,2518.0,90,2513.0
RM501,,13:39:04.750#,2530.0,2535.0,2494.0,2656.0,2354.0,367690,518129,2509.0,287,2510.0,320,2511.0,139,2512.0,288,2513.0,35,2514.0,107,2515.0,93,2516.0,126,2517.0,77,2518.0,140,2513.0
RM501,,13:39:05.0#,2530.0,2535.0,2494.0,2656.0,2354.0,367690,518129,2509.0,287,2510.0,320,2511.0,139,2512.0,288,2513.0,45,2514.0,118,2515.0,93,2516.0,126,2517.0,77,2518.0,140,2513.0
RM501,,13:39:05.250#,2530.0,2535.0,2494.0,2656.0,2354.0,367690,518129,2509.0,287,2510.0,320,2511.0,139,2512.0,288,2513.0,45,2514.0,118,2515.0,93,2516.0,126,2517.0,77,2518.0,140,2513.0
RM501,,13:39:05.500#,2530.0,2535.0,2494.0,2656.0,2354.0,367691,518130,2509.0,287,2510.0,320,2511.0,139,2512.0,288,2513.0,44,2514.0,117,2515.0,93,2516.0,126,2517.0,77,2518.0,140,2513.0
RM501,,13:39:06.0#,2530.0,2535.0,2494.0,2656.0,2354.0,367691,518130,2509.0,287,2510.0,320,2511.0,139,2512.0,288,2513.0,48,2514.0,117,2515.0,93,2516.0,126,2517.0,76,2518.0,140,2513.0
RM501,,13:39:06.750#,2530.0,2535.0,2494.0,2656.0,2354.0,367696,518129,2509.0,287,2510.0,320,2511.0,139,2512.0,288,2513.0,43,2514.0,117,2515.0,93,2516.0,126,2517.0,76,2518.0,140,2513.0
RM501,,13:39:07.500#,2530.0,2535.0,2494.0,2656.0,2354.0,367696,518129,2509.0,287,2510.0,320,2511.0,139,2512.0,288,2513.0,43,2514.0,117,2515.0,93,2516.0,126,2517.0,76,2518.0,140,2513.0
RM501,,13:39:07.750#,2530.0,2535.0,2494.0,2656.0,2354.0,367697,518130,2509.0,287,2510.0,320,2511.0,139,2512.0,288,2513.0,43,2514.0,116,2515.0,93,2516.0,126,2517.0,76,2518.0,140,2514.0
RM501,,13:39:08.0#,2530.0,2535.0,2494.0,2656.0,2354.0,367697,518130,2509.0,287,2510.0,320,2511.0,139,2512.0,288,2513.0,44,2514.0,116,2515.0,93,2516.0,123,2517.0,76,2518.0,140,2514.0
RM501,,13:39:08.500#,2530.0,2535.0,2494.0,2656.0,2354.0,367698,518129,2509.0,287,2510.0,320,2511.0,154,2512.0,288,2513.0,44,2514.0,116,2515.0,93,2516.0,123,2517.0,76,2518.0,140,2513.0
RM501,,13:39:08.750#,2530.0,2535.0,2494.0,2656.0,2354.0,367699,518130,2509.0,287,2510.0,320,2511.0,154,2512.0,288,2513.0,44,2514.0,134,2515.0,93,2516.0,123,2517.0,76,2518.0,140,2514.0
RM501,,13:39:09.0#,2530.0,2535.0,2494.0,2656.0,2354.0,367709,518140,2509.0,287,2510.0,320,2511.0,154,2512.0,288,2513.0,44,2514.0,116,2515.0,93,2516.0,123,2517.0,76,2518.0,140,2514.0
RM501,,13:39:09.250#,2530.0,2535.0,2494.0,2656.0,2354.0,367709,518140,2509.0,287,2510.0,320,2511.0,154,2512.0,288,2513.0,81,2514.0,123,2515.0,93,2516.0,123,2517.0,76,2518.0,140,2514.0
RM501,,13:39:09.500#,2530.0,2535.0,2494.0,2656.0,2354.0,367709,518140,2509.0,287,2510.0,320,2511.0,154,2512.0,288,2513.0,82,2514.0,123,2515.0,93,2516.0,123,2517.0,76,2518.0,140,2514.0
RM501,,13:39:09.750#,2530.0,2535.0,2494.0,2656.0,2354.0,367709,518140,2509.0,287,2510.0,320,2511.0,154,2512.0,288,2513.0,82,2514.0,124,2515.0,93,2516.0,123,2517.0,76,2518.0,140,2514.0
RM501,,13:39:10.0#,2530.0,2535.0,2494.0,2656.0,2354.0,367709,518140,2509.0,287,2510.0,320,2511.0,154,2512.0,288,2513.0,82,2514.0,125,2515.0,93,2516.0,123,2517.0,76,2518.0,140,2514.0
RM501,,13:39:10.500#,2530.0,2535.0,2494.0,2656.0,2354.0,367709,518140,2509.0,287,2510.0,320,2511.0,154,2512.0,287,2513.0,82,2514.0,125,2515.0,93,2516.0,123,2517.0,76,2518.0,140,2514.0
RM501,,13:39:10.750#,2530.0,2535.0,2494.0,2656.0,2354.0,367709,518140,2509.0,287,2510.0,320,2511.0,154,2512.0,287,2513.0,83,2514.0,125,2515.0,93,2516.0,123,2517.0,76,2518.0,140,2514.0
RM501,,13:39:11.250#,2530.0,2535.0,2494.0,2656.0,2354.0,367709,518140,2509.0,287,2510.0,320,2511.0,154,2512.0,287,2513.0,83,2514.0,125,2515.0,93,2516.0,123,2517.0,76,2518.0,140,2514.0
RM501,,13:39:11.500#,2530.0,2535.0,2494.0,2656.0,2354.0,367709,518140,2509.0,287,2510.0,320,2511.0,154,2512.0,287,2513.0,84,2514.0,125,2515.0,93,2516.0,123,2517.0,76,2518.0,140,2514.0
RM501,,13:39:11.750#,2530.0,2535.0,2494.0,2656.0,2354.0,367709,518140,2509.0,287,2510.0,320,2511.0,154,2512.0,287,2513.0,84,2514.0,125,2515.0,93,2516.0,123,2517.0,76,2518.0,140,2514.0
RM501,,13:39:12.250#,2530.0,2535.0,2494.0,2656.0,2354.0,367710,518140,2509.0,287,2510.0,320,2511.0,154,2512.0,287,2513.0,54,2514.0,126,2515.0,93,2516.0,123,2517.0,76,2518.0,140,2513.0
RM501,,13:39:12.500#,2530.0,2535.0,2494.0,2656.0,2354.0,367714,518139,2509.0,287,2510.0,320,2511.0,154,2512.0,287,2513.0,37,2514.0,126,2515.0,93,2516.0,123,2517.0,76,2518.0,140,2513.0
RM501,,13:39:12.750#,2530.0,2535.0,2494.0,2656.0,2354.0,367751,518128,2509.0,287,2510.0,320,2511.0,154,2512.0,287,2513.0,2,2514.0,126,2515.0,93,2516.0,123,2517.0,76,2518.0,140,2513.0
RM501,,13:39:13.0#,2530.0,2535.0,2494.0,2656.0,2354.0,367754,518125,2508.0,231,2509.0,287,2510.0,320,2511.0,154,2512.0,436,2513.0,1,2514.0,116,2515.0,93,2516.0,123,2517.0,76,2513.0
RM501,,13:39:13.250#,2530.0,2535.0,2494.0,2656.0,2354.0,367755,518124,2508.0,231,2509.0,287,2510.0,320,2511.0,154,2512.0,426,2513.0,24,2514.0,118,2515.0,93,2516.0,123,2517.0,76,2513.0
RM501,,13:39:13.500#,2530.0,2535.0,2494.0,2656.0,2354.0,367755,518124,2508.0,231,2509.0,287,2510.0,320,2511.0,154,2512.0,288,2513.0,42,2514.0,118,2515.0,93,2516.0,123,2517.0,76,2513.0
RM501,,13:39:13.750#,2530.0,2535.0,2494.0,2656.0,2354.0,367757,518126,2508.0,231,2509.0,287,2510.0,319,2511.0,154,2512.0,286,2513.0,72,2514.0,118,2515.0,93,2516.0,123,2517.0,76,2513.0
RM501,,13:39:14.0#,2530.0,2535.0,2494.0,2656.0,2354.0,367757,518126,2508.0,231,2509.0,287,2510.0,319,2511.0,154,2512.0,286,2513.0,78,2514.0,118,2515.0,93,2516.0,123,2517.0,76,2513.0
RM501,,13:39:14.250#,2530.0,2535.0,2494.0,2656.0,2354.0,367757,518126,2508.0,231,2509.0,287,2510.0,319,2511.0,154,2512.0,286,2513.0,70,2514.0,118,2515.0,93,2516.0,123,2517.0,76,2513.0
RM501,,13:39:14.500#,2530.0,2535.0,2494.0,2656.0,2354.0,367757,518126,2508.0,231,2509.0,287,2510.0,319,2511.0,154,2512.0,286,2513.0,72,2514.0,118,2515.0,93,2516.0,123,2517.0,76,2513.0
RM501,,13:39:14.750#,2530.0,2535.0,2494.0,2656.0,2354.0,367757,518126,2508.0,231,2509.0,287,2510.0,319,2511.0,154,2512.0,286,2513.0,108,2514.0,118,2515.0,92,2516.0,123,2517.0,76,2513.0
RM501,,13:39:15.0#,2530.0,2535.0,2494.0,2656.0,2354.0,367757,518126,2508.0,231,2509.0,287,2510.0,319,2511.0,154,2512.0,286,2513.0,128,2514.0,118,2515.0,92,2516.0,123,2517.0,76,2513.0
RM501,,13:39:15.250#,2530.0,2535.0,2494.0,2656.0,2354.0,367757,518126,2508.0,231,2509.0,287,2510.0,319,2511.0,154,2512.0,292,2513.0,125,2514.0,118,2515.0,92,2516.0,123,2517.0,76,2513.0
RM501,,13:39:15.500#,2530.0,2535.0,2494.0,2656.0,2354.0,367757,518126,2508.0,231,2509.0,287,2510.0,319,2511.0,154,2512.0,292,2513.0,124,2514.0,118,2515.0,92,2516.0,123,2517.0,76,2513.0
RM501,,13:39:16.500#,2530.0,2535.0,2494.0,2656.0,2354.0,367759,518128,2508.0,231,2509.0,287,2510.0,319,2511.0,155,2512.0,292,2513.0,122,2514.0,118,2515.0,92,2516.0,123,2517.0,76,2513.0
RM501,,13:39:16.750#,2530.0,2535.0,2494.0,2656.0,2354.0,367761,518130,2508.0,231,2509.0,287,2510.0,319,2511.0,155,2512.0,292,2513.0,120,2514.0,118,2515.0,92,2516.0,123,2517.0,76,2513.0
RM501,,13:39:17.250#,2530.0,2535.0,2494.0,2656.0,2354.0,367763,518130,2508.0,231,2509.0,287,2510.0,319,2511.0,155,2512.0,291,2513.0,119,2514.0,118,2515.0,92,2516.0,123,2517.0,76,2512.0
RM501,,13:39:17.500#,2530.0,2535.0,2494.0,2656.0,2354.0,367763,518130,2508.0,231,2509.0,287,2510.0,319,2511.0,155,2512.0,291,2513.0,120,2514.0,118,2515.0,92,2516.0,123,2517.0,76,2512.0
RM501,,13:39:17.750#,2530.0,2535.0,2494.0,2656.0,2354.0,367763,518130,2508.0,231,2509.0,287,2510.0,319,2511.0,155,2512.0,291,2513.0,120,2514.0,118,2515.0,92,2516.0,123,2517.0,76,2512.0
RM501,,13:39:18.0#,2530.0,2535.0,2494.0,2656.0,2354.0,367763,518130,2508.0,231,2509.0,287,2510.0,319,2511.0,156,2512.0,291,2513.0,120,2514.0,118,2515.0,92,2516.0,123,2517.0,76,2512.0
RM501,,13:39:18.250#,2530.0,2535.0,2494.0,2656.0,2354.0,367764,518131,2508.0,231,2509.0,287,2510.0,319,2511.0,156,2512.0,291,2513.0,118,2514.0,118,2515.0,92,2516.0,123,2517.0,76,2513.0
RM501,,13:39:18.500#,2530.0,2535.0,2494.0,2656.0,2354.0,367764,518131,2508.0,231,2509.0,287,2510.0,319,2511.0,156,2512.0,291,2513.0,115,2514.0,118,2515.0,92,2516.0,123,2517.0,76,2513.0
RM501,,13:39:19.0#,2530.0,2535.0,2494.0,2656.0,2354.0,367764,518131,2508.0,231,2509.0,287,2510.0,319,2511.0,156,2512.0,291,2513.0,116,2514.0,118,2515.0,92,2516.0,123,2517.0,76,2513.0
RM501,,13:39:19.250#,2530.0,2535.0,2494.0,2656.0,2354.0,367764,518131,2508.0,231,2509.0,287,2510.0,319,2511.0,156,2512.0,295,2513.0,116,2514.0,118,2515.0,92,2516.0,123,2517.0,76,2513.0
RM501,,13:39:19.500#,2530.0,2535.0,2494.0,2656.0,2354.0,367764,518131,2508.0,231,2509.0,287,2510.0,321,2511.0,156,2512.0,295,2513.0,116,2514.0,118,2515.0,92,2516.0,123,2517.0,76,2513.0
RM501,,13:39:19.750#,2530.0,2535.0,2494.0,2656.0,2354.0,367764,518131,2508.0,231,2509.0,287,2510.0,321,2511.0,156,2512.0,295,2513.0,119,2514.0,118,2515.0,92,2516.0,123,2517.0,76,2513.0
RM501,,13:39:20.0#,2530.0,2535.0,2494.0,2656.0,2354.0,367764,518131,2508.0,231,2509.0,287,2510.0,321,2511.0,156,2512.0,295,2513.0,109,2514.0,118,2515.0,92,2516.0,123,2517.0,76,2513.0
RM501,,13:39:20.250#,2530.0,2535.0,2494.0,2656.0,2354.0,367765,518132,2508.0,231,2509.0,287,2510.0,321,2511.0,156,2512.0,295,2513.0,59,2514.0,118,2515.0,92,2516.0,123,2517.0,76,2513.0
RM501,,13:39:20.500#,2530.0,2535.0,2494.0,2656.0,2354.0,367765,518132,2508.0,231,2509.0,287,2510.0,321,2511.0,156,2512.0,318,2513.0,44,2514.0,118,2515.0,92,2516.0,123,2517.0,76,2513.0
RM501,,13:39:20.750#,2530.0,2535.0,2494.0,2656.0,2354.0,367765,518132,2508.0,231,2509.0,287,2510.0,321,2511.0,156,2512.0,321,2513.0,28,2514.0,118,2515.0,92,2516.0,123,2517.0,76,2513.0
RM501,,13:39:21.0#,2530.0,2535.0,2494.0,2656.0,2354.0,367765,518132,2508.0,231,2509.0,287,2510.0,321,2511.0,157,2512.0,337,2513.0,28,2514.0,118,2515.0,92,2516.0,123,2517.0,76,2513.0
RM501,,13:39:21.250#,2530.0,2535.0,2494.0,2656.0,2354.0,367765,518132,2508.0,231,2509.0,287,2510.0,321,2511.0,157,2512.0,297,2513.0,29,2514.0,118,2515.0,92,2516.0,123,2517.0,76,2513.0
RM501,,13:39:21.500#,2530.0,2535.0,2494.0,2656.0,2354.0,367765,518132,2508.0,231,2509.0,287,2510.0,321,2511.0,157,2512.0,302,2513.0,81,2514.0,118,2515.0,92,2516.0,123,2517.0,76,2513.0
RM501,,13:39:21.750#,2530.0,2535.0,2494.0,2656.0,2354.0,367765,518132,2508.0,231,2509.0,287,2510.0,321,2511.0,157,2512.0,301,2513.0,110,2514.0,118,2515.0,92,2516.0,123,2517.0,76,2513.0
RM501,,13:39:22.0#,2530.0,2535.0,2494.0,2656.0,2354.0,367765,518132,2508.0,231,2509.0,287,2510.0,321,2511.0,157,2512.0,305,2513.0,113,2514.0,118,2515.0,92,2516.0,123,2517.0,76,2513.0
RM501,,13:39:22.250#,2530.0,2535.0,2494.0,2656.0,2354.0,367766,518133,2508.0,231,2509.0,287,2510.0,321,2511.0,157,2512.0,305,2513.0,112,2514.0,118,2515.0,92,2516.0,123,2517.0,76,2513.0
RM501,,13:39:22.750#,2530.0,2535.0,2494.0,2656.0,2354.0,367766,518133,2508.0,231,2509.0,287,2510.0,321,2511.0,157,2512.0,306,2513.0,112,2514.0,108,2515.0,92,2516.0,123,2517.0,76,2513.0
RM501,,13:39:23.250#,2530.0,2535.0,2494.0,2656.0,2354.0,367767,518134,2508.0,231,2509.0,287,2510.0,321,2511.0,157,2512.0,306,2513.0,111,2514.0,108,2515.0,92,2516.0,123,2517.0,76,2513.0
RM501,,13:39:23.500#,2530.0,2535.0,2494.0,2656.0,2354.0,367767,518134,2508.0,231,2509.0,287,2510.0,321,2511.0,157,2512.0,306,2513.0,111,2514.0,106,2515.0,92,2516.0,123,2517.0,76,2513.0
RM501,,13:39:23.750#,2530.0,2535.0,2494.0,2656.0,2354.0,367767,518134,2508.0,231,2509.0,287,2510.0,321,2511.0,157,2512.0,306,2513.0,112,2514.0,106,2515.0,92,2516.0,123,2517.0,76,2513.0
RM501,,13:39:24.0#,2530.0,2535.0,2494.0,2656.0,2354.0,367767,518134,2508.0,231,2509.0,287,2510.0,321,2511.0,157,2512.0,306,2513.0,112,2514.0,106,2515.0,92,2516.0,122,2517.0,76,2513.0
RM501,,13:39:24.250#,2530.0,2535.0,2494.0,2656.0,2354.0,367767,518134,2508.0,231,2509.0,287,2510.0,321,2511.0,157,2512.0,306,2513.0,112,2514.0,106,2515.0,92,2516.0,122,2517.0,76,2513.0
RM501,,13:39:24.500#,2530.0,2535.0,2494.0,2656.0,2354.0,367768,518135,2508.0,231,2509.0,287,2510.0,321,2511.0,157,2512.0,306,2513.0,111,2514.0,106,2515.0,92,2516.0,122,2517.0,76,2513.0
RM501,,13:39:24.750#,2530.0,2535.0,2494.0,2656.0,2354.0,367769,518136,2508.0,231,2509.0,287,2510.0,321,2511.0,157,2512.0,306,2513.0,115,2514.0,106,2515.0,92,2516.0,122,2517.0,76,2513.0
RM501,,13:39:25.0#,2530.0,2535.0,2494.0,2656.0,2354.0,367783,518142,2508.0,231,2509.0,287,2510.0,321,2511.0,157,2512.0,306,2513.0,110,2514.0,106,2515.0,92,2516.0,122,2517.0,76,2513.0
RM501,,13:39:25.250#,2530.0,2535.0,2494.0,2656.0,2354.0,367783,518142,2508.0,231,2509.0,287,2510.0,321,2511.0,157,2512.0,306,2513.0,110,2514.0,106,2515.0,93,2516.0,122,2517.0,76,2513.0
RM501,,13:39:25.500#,2530.0,2535.0,2494.0,2656.0,2354.0,367784,518142,2508.0,231,2509.0,287,2510.0,321,2511.0,157,2512.0,306,2513.0,110,2514.0,106,2515.0,93,2516.0,122,2517.0,76,2513.0
RM501,,13:39:26.0#,2530.0,2535.0,2494.0,2656.0,2354.0,367785,518142,2508.0,231,2509.0,287,2510.0,321,2511.0,157,2512.0,306,2513.0,110,2514.0,106,2515.0,93,2516.0,122,2517.0,76,2513.0
RM501,,13:39:26.500#,2530.0,2535.0,2494.0,2656.0,2354.0,367785,518142,2508.0,231,2509.0,287,2510.0,321,2511.0,157,2512.0,306,2513.0,110,2514.0,106,2515.0,93,2516.0,122,2517.0,76,2513.0
RM501,,13:39:26.750#,2530.0,2535.0,2494.0,2656.0,2354.0,367785,518142,2508.0,231,2509.0,287,2510.0,321,2511.0,157,2512.0,306,2513.0,110,2514.0,106,2515.0,93,2516.0,122,2517.0,76,2513.0
RM501,,13:39:27.250#,2530.0,2535.0,2494.0,2656.0,2354.0,367787,518144,2508.0,231,2509.0,287,2510.0,321,2511.0,157,2512.0,306,2513.0,110,2514.0,106,2515.0,93,2516.0,122,2517.0,76,2513.0
RM501,,13:39:27.500#,2530.0,2535.0,2494.0,2656.0,2354.0,367787,518144,2508.0,231,2509.0,287,2510.0,321,2511.0,160,2512.0,306,2513.0,110,2514.0,106,2515.0,93,2516.0,122,2517.0,76,2513.0
RM501,,13:39:28.0#,2530.0,2535.0,2494.0,2656.0,2354.0,367787,518144,2508.0,231,2509.0,287,2510.0,321,2511.0,161,2512.0,306,2513.0,110,2514.0,106,2515.0,93,2516.0,122,2517.0,76,2513.0
RM501,,13:39:28.500#,2530.0,2535.0,2494.0,2656.0,2354.0,367787,518144,2508.0,231,2509.0,287,2510.0,321,2511.0,161,2512.0,308,2513.0,110,2514.0,106,2515.0,93,2516.0,122,2517.0,76,2513.0
RM501,,13:39:29.0#,2530.0,2535.0,2494.0,2656.0,2354.0,367787,518144,2508.0,231,2509.0,287,2510.0,321,2511.0,161,2512.0,308,2513.0,110,2514.0,110,2515.0,93,2516.0,122,2517.0,76,2513.0
RM501,,13:39:29.250#,2530.0,2535.0,2494.0,2656.0,2354.0,367787,518144,2508.0,231,2509.0,287,2510.0,321,2511.0,161,2512.0,305,2513.0,110,2514.0,110,2515.0,93,2516.0,122,2517.0,76,2513.0
RM501,,13:39:29.750#,2530.0,2535.0,2494.0,2656.0,2354.0,367787,518144,2508.0,231,2509.0,287,2510.0,321,2511.0,160,2512.0,305,2513.0,111,2514.0,110,2515.0,93,2516.0,122,2517.0,76,2513.0
RM501,,13:39:30.0#,2530.0,2535.0,2494.0,2656.0,2354.0,367787,518144,2508.0,231,2509.0,287,2510.0,322,2511.0,160,2512.0,305,2513.0,111,2514.0,110,2515.0,93,2516.0,122,2517.0,76,2513.0
RM501,,13:39:30.250#,2530.0,2535.0,2494.0,2656.0,2354.0,367787,518144,2508.0,231,2509.0,287,2510.0,322,2511.0,160,2512.0,304,2513.0,111,2514.0,110,2515.0,93,2516.0,122,2517.0,76,2513.0
RM501,,13:39:30.750#,2530.0,2535.0,2494.0,2656.0,2354.0,367788,518145,2508.0,232,2509.0,287,2510.0,322,2511.0,160,2512.0,304,2513.0,111,2514.0,110,2515.0,93,2516.0,122,2517.0,76,2513.0
RM501,,13:39:31.250#,2530.0,2535.0,2494.0,2656.0,2354.0,367788,518145,2508.0,232,2509.0,287,2510.0,322,2511.0,160,2512.0,307,2513.0,111,2514.0,110,2515.0,93,2516.0,122,2517.0,76,2513.0
RM501,,13:39:31.500#,2530.0,2535.0,2494.0,2656.0,2354.0,367818,518157,2508.0,232,2509.0,287,2510.0,322,2511.0,160,2512.0,307,2513.0,91,2514.0,110,2515.0,93,2516.0,122,2517.0,76,2513.0
RM501,,13:39:31.750#,2530.0,2535.0,2494.0,2656.0,2354.0,367818,518157,2508.0,232,2509.0,287,2510.0,322,2511.0,160,2512.0,307,2513.0,90,2514.0,110,2515.0,93,2516.0,122,2517.0,76,2513.0
RM501,,13:39:32.0#,2530.0,2535.0,2494.0,2656.0,2354.0,367818,518157,2508.0,232,2509.0,287,2510.0,322,2511.0,160,2512.0,308,2513.0,91,2514.0,110,2515.0,93,2516.0,122,2517.0,76,2513.0
RM501,,13:39:32.250#,2530.0,2535.0,2494.0,2656.0,2354.0,367819,518157,2508.0,232,2509.0,287,2510.0,322,2511.0,160,2512.0,308,2513.0,91,2514.0,110,2515.0,93,2516.0,122,2517.0,76,2513.0
RM501,,13:39:32.500#,2530.0,2535.0,2494.0,2656.0,2354.0,367819,518157,2508.0,232,2509.0,287,2510.0,322,2511.0,160,2512.0,308,2513.0,98,2514.0,110,2515.0,97,2516.0,122,2517.0,76,2513.0
RM501,,13:39:32.750#,2530.0,2535.0,2494.0,2656.0,2354.0,367819,518157,2508.0,232,2509.0,287,2510.0,322,2511.0,160,2512.0,308,2513.0,98,2514.0,110,2515.0,97,2516.0,108,2517.0,76,2513.0
RM501,,13:39:33.250#,2530.0,2535.0,2494.0,2656.0,2354.0,367821,518155,2508.0,232,2509.0,287,2510.0,322,2511.0,160,2512.0,306,2513.0,100,2514.0,110,2515.0,97,2516.0,108,2517.0,76,2512.0
RM501,,13:39:33.500#,2530.0,2535.0,2494.0,2656.0,2354.0,367821,518155,2508.0,232,2509.0,287,2510.0,322,2511.0,160,2512.0,306,2513.0,100,2514.0,110,2515.0,97,2516.0,108,2517.0,77,2512.0
RM501,,13:39:34.0#,2530.0,2535.0,2494.0,2656.0,2354.0,367821,518155,2508.0,232,2509.0,287,2510.0,322,2511.0,160,2512.0,306,2513.0,105,2514.0,110,2515.0,97,2516.0,108,2517.0,77,2512.0
RM501,,13:39:34.250#,2530.0,2535.0,2494.0,2656.0,2354.0,367821,518155,2508.0,232,2509.0,287,2510.0,322,2511.0,160,2512.0,306,2513.0,100,2514.0,110,2515.0,97,2516.0,108,2517.0,77,2512.0
RM501,,13:39:34.500#,2530.0,2535.0,2494.0,2656.0,2354.0,367821,518155,2508.0,232,2509.0,287,2510.0,322,2511.0,160,2512.0,306,2513.0,100,2514.0,110,2515.0,97,2516.0,108,2517.0,77,2512.0
RM501,,13:39:34.750#,2530.0,2535.0,2494.0,2656.0,2354.0,367821,518155,2508.0,232,2509.0,287,2510.0,322,2511.0,160,2512.0,306,2513.0,106,2514.0,110,2515.0,97,2516.0,108,2517.0,77,2512.0
RM501,,13:39:35.0#,2530.0,2535.0,2494.0,2656.0,2354.0,367821,518155,2508.0,232,2509.0,287,2510.0,322,2511.0,160,2512.0,306,2513.0,95,2514.0,110,2515.0,97,2516.0,108,2517.0,77,2512.0
RM501,,13:39:35.250#,2530.0,2535.0,2494.0,2656.0,2354.0,367821,518155,2508.0,232,2509.0,287,2510.0,322,2511.0,160,2512.0,316,2513.0,101,2514.0,110,2515.0,97,2516.0,108,2517.0,77,2512.0
RM501,,13:39:35.500#,2530.0,2535.0,2494.0,2656.0,2354.0,367821,518155,2508.0,232,2509.0,287,2510.0,322,2511.0,160,2512.0,317,2513.0,101,2514.0,111,2515.0,97,2516.0,108,2517.0,77,2512.0
RM501,,13:39:36.0#,2530.0,2535.0,2494.0,2656.0,2354.0,367821,518155,2508.0,232,2509.0,287,2510.0,322,2511.0,160,2512.0,317,2513.0,96,2514.0,111,2515.0,97,2516.0,108,2517.0,77,2512.0
RM501,,13:39:36.250#,2530.0,2535.0,2494.0,2656.0,2354.0,367821,518155,2508.0,232,2509.0,287,2510.0,322,2511.0,160,2512.0,317,2513.0,133,2514.0,111,2515.0,97,2516.0,108,2517.0,77,2512.0
RM501,,13:39:36.500#,2530.0,2535.0,2494.0,2656.0,2354.0,367821,518155,2508.0,203,2509.0,287,2510.0,322,2511.0,160,2512.0,285,2513.0,146,2514.0,111,2515.0,97,2516.0,108,2517.0,77,2512.0
RM501,,13:39:36.750#,2530.0,2535.0,2494.0,2656.0,2354.0,367821,518155,2508.0,203,2509.0,287,2510.0,322,2511.0,160,2512.0,285,2513.0,136,2514.0,111,2515.0,89,2516.0,108,2517.0,77,2512.0
RM501,,13:39:37.0#,2530.0,2535.0,2494.0,2656.0,2354.0,367824,518157,2508.0,203,2509.0,287,2510.0,321,2511.0,160,2512.0,283,2513.0,136,2514.0,111,2515.0,89,2516.0,108,2517.0,77,2513.0
RM501,,13:39:37.250#,2530.0,2535.0,2494.0,2656.0,2354.0,367825,518157,2508.0,203,2509.0,287,2510.0,321,2511.0,160,2512.0,282,2513.0,136,2514.0,111,2515.0,89,2516.0,108,2517.0,77,2512.0
RM501,,13:39:37.500#,2530.0,2535.0,2494.0,2656.0,2354.0,368108,518188,2507.0,78,2508.0,203,2509.0,287,2510.0,321,2511.0,365,2513.0,349,2514.0,111,2515.0,89,2516.0,108,2517.0,77,2512.0
RM501,,13:39:37.750#,2530.0,2535.0,2494.0,2656.0,2354.0,368108,518188,2507.0,86,2508.0,191,2509.0,287,2510.0,327,2511.0,362,2512.0,72,2513.0,114,2514.0,112,2515.0,74,2516.0,108,2512.0
RM501,,13:39:38.0#,2530.0,2535.0,2494.0,2656.0,2354.0,368108,518188,2507.0,87,2508.0,191,2509.0,287,2510.0,330,2511.0,228,2512.0,128,2513.0,102,2514.0,101,2515.0,74,2516.0,112,2512.0
RM501,,13:39:38.250#,2530.0,2535.0,2494.0,2656.0,2354.0,368108,518188,2507.0,87,2508.0,191,2509.0,287,2510.0,330,2511.0,210,2512.0,133,2513.0,103,2514.0,101,2515.0,75,2516.0,112,2512.0
RM501,,13:39:38.500#,2530.0,2535.0,2494.0,2656.0,2354.0,368126,518205,2507.0,87,2508.0,191,2509.0,287,2510.0,330,2511.0,270,2512.0,115,2513.0,103,2514.0,101,2515.0,75,2516.0,112,2512.0
RM501,,13:39:38.750#,2530.0,2535.0,2494.0,2656.0,2354.0,368126,518205,2507.0,87,2508.0,191,2509.0,287,2510.0,332,2511.0,393,2512.0,85,2513.0,103,2514.0,101,2515.0,75,2516.0,112,2512.0
RM501,,13:39:39.0#,2530.0,2535.0,2494.0,2656.0,2354.0,368201,518262,2507.0,87,2508.0,191,2509.0,287,2510.0,332,2511.0,393,2513.0,296,2514.0,101,2515.0,75,2516.0,113,2517.0,73,2512.0
RM501,,13:39:39.250#,2530.0,2535.0,2494.0,2656.0,2354.0,368201,518262,2508.0,191,2509.0,287,2510.0,332,2511.0,193,2512.0,17,2513.0,240,2514.0,102,2515.0,75,2516.0,113,2517.0,73,2512.0
RM501,,13:39:39.500#,2530.0,2535.0,2494.0,2656.0,2354.0,368201,518262,2508.0,191,2509.0,287,2510.0,332,2511.0,195,2512.0,59,2513.0,227,2514.0,102,2515.0,75,2516.0,113,2517.0,73,2512.0
RM501,,13:39:39.750#,2530.0,2535.0,2494.0,2656.0,2354.0,368243,518237,2508.0,191,2509.0,287,2510.0,332,2511.0,195,2512.0,27,2513.0,193,2514.0,102,2515.0,75,2516.0,113,2517.0,73,2512.0
RM501,,13:39:40.0#,2530.0,2535.0,2494.0,2656.0,2354.0,368243,518237,2508.0,191,2509.0,287,2510.0,332,2511.0,195,2512.0,17,2513.0,334,2514.0,102,2515.0,71,2516.0,113,2517.0,73,2512.0
RM501,,13:39:40.250#,2530.0,2535.0,2494.0,2656.0,2354.0,368258,518238,2508.0,191,2509.0,287,2510.0,332,2511.0,195,2512.0,2,2513.0,372,2514.0,102,2515.0,73,2516.0,113,2517.0,73,2512.0
RM501,,13:39:40.500#,2530.0,2535.0,2494.0,2656.0,2354.0,368283,518232,2508.0,191,2509.0,287,2510.0,333,2511.0,195,2512.0,3,2513.0,376,2514.0,102,2515.0,73,2516.0,113,2517.0,73,2512.0
RM501,,13:39:40.750#,2530.0,2535.0,2494.0,2656.0,2354.0,368288,518231,2507.0,87,2508.0,191,2509.0,287,2510.0,333,2511.0,395,2512.0,8,2513.0,110,2514.0,102,2515.0,78,2516.0,113,2512.0
RM501,,13:39:41.0#,2530.0,2535.0,2494.0,2656.0,2354.0,368289,518230,2507.0,87,2508.0,191,2509.0,287,2510.0,333,2511.0,395,2512.0,12,2513.0,112,2514.0,102,2515.0,78,2516.0,113,2512.0
RM501,,13:39:41.250#,2530.0,2535.0,2494.0,2656.0,2354.0,368289,518230,2507.0,87,2508.0,191,2509.0,287,2510.0,333,2511.0,395,2512.0,17,2513.0,112,2514.0,102,2515.0,78,2516.0,113,2512.0
RM501,,13:39:41.500#,2530.0,2535.0,2494.0,2656.0,2354.0,368289,518230,2507.0,87,2508.0,191,2509.0,287,2510.0,333,2511.0,411,2512.0,20,2513.0,112,2514.0,102,2515.0,78,2516.0,113,2512.0
RM501,,13:39:41.750#,2530.0,2535.0,2494.0,2656.0,2354.0,368299,518230,2507.0,87,2508.0,191,2509.0,287,2510.0,333,2511.0,401,2513.0,309,2514.0,103,2515.0,78,2516.0,113,2517.0,73,2512.0
RM501,,13:39:42.0#,2530.0,2535.0,2494.0,2656.0,2354.0,368299,518230,2507.0,87,2508.0,191,2509.0,287,2510.0,333,2511.0,400,2513.0,192,2514.0,103,2515.0,78,2516.0,113,2517.0,73,2512.0
RM501,,13:39:42.250#,2530.0,2535.0,2494.0,2656.0,2354.0,368299,518230,2508.0,191,2509.0,287,2510.0,333,2511.0,210,2512.0,15,2513.0,187,2514.0,103,2515.0,78,2516.0,113,2517.0,73,2512.0
RM501,,13:39:42.500#,2530.0,2535.0,2494.0,2656.0,2354.0,368299,518230,2508.0,191,2509.0,287,2510.0,333,2511.0,197,2512.0,39,2513.0,172,2514.0,103,2515.0,78,2516.0,113,2517.0,73,2512.0
RM501,,13:39:42.750#,2530.0,2535.0,2494.0,2656.0,2354.0,368299,518230,2508.0,191,2509.0,287,2510.0,333,2511.0,206,2512.0,39,2513.0,172,2514.0,103,2515.0,78,2516.0,113,2517.0,73,2512.0
RM501,,13:39:43.0#,2530.0,2535.0,2494.0,2656.0,2354.0,368305,518232,2508.0,191,2509.0,287,2510.0,333,2511.0,206,2512.0,33,2513.0,317,2514.0,103,2515.0,78,2516.0,113,2517.0,73,2512.0
RM501,,13:39:43.250#,2530.0,2535.0,2494.0,2656.0,2354.0,368323,518228,2508.0,191,2509.0,287,2510.0,333,2511.0,206,2512.0,6,2513.0,324,2514.0,103,2515.0,78,2516.0,113,2517.0,73,2512.0
RM501,,13:39:43.500#,2530.0,2535.0,2494.0,2656.0,2354.0,368330,518228,2507.0,87,2508.0,191,2509.0,287,2510.0,333,2511.0,397,2513.0,335,2514.0,103,2515.0,79,2516.0,113,2517.0,73,2512.0
RM501,,13:39:43.750#,2530.0,2535.0,2494.0,2656.0,2354.0,368330,518228,2507.0,87,2508.0,191,2509.0,287,2510.0,333,2511.0,395,2512.0,6,2513.0,123,2514.0,103,2515.0,79,2516.0,113,2512.0
RM501,,13:39:44.0#,2530.0,2535.0,2494.0,2656.0,2354.0,368332,518227,2507.0,87,2508.0,191,2509.0,287,2510.0,331,2511.0,392,2512.0,46,2513.0,115,2514.0,103,2515.0,79,2516.0,113,2512.0
RM501,,13:39:44.250#,2530.0,2535.0,2494.0,2656.0,2354.0,368332,518227,2507.0,87,2508.0,191,2509.0,287,2510.0,331,2511.0,392,2512.0,49,2513.0,116,2514.0,103,2515.0,79,2516.0,113,2512.0
RM501,,13:39:44.500#,2530.0,2535.0,2494.0,2656.0,2354.0,368334,518226,2507.0,87,2508.0,191,2509.0,286,2510.0,332,2511.0,392,2512.0,44,2513.0,110,2514.0,103,2515.0,79,2516.0,113,2512.0
RM501,,13:39:45.0#,2530.0,2535.0,2494.0,2656.0,2354.0,368338,518226,2507.0,87,2508.0,191,2509.0,286,2510.0,332,2511.0,388,2512.0,40,2513.0,111,2514.0,103,2515.0,79,2516.0,113,2512.0
RM501,,13:39:45.250#,2530.0,2535.0,2494.0,2656.0,2354.0,368341,518226,2507.0,87,2508.0,191,2509.0,286,2510.0,332,2511.0,385,2512.0,45,2513.0,111,2514.0,103,2515.0,79,2516.0,113,2511.0
RM501,,13:39:45.500#,2530.0,2535.0,2494.0,2656.0,2354.0,368431,518194,2507.0,87,2508.0,191,2509.0,286,2510.0,332,2511.0,317,2512.0,44,2513.0,111,2514.0,103,2515.0,79,2516.0,113,2511.0
RM501,,13:39:45.750#,2530.0,2535.0,2494.0,2656.0,2354.0,368431,518194,2507.0,87,2508.0,191,2509.0,286,2510.0,332,2511.0,319,2512.0,96,2513.0,111,2514.0,103,2515.0,79,2516.0,113,2511.0
RM501,,13:39:46.0#,2530.0,2535.0,2494.0,2656.0,2354.0,368437,518196,2507.0,87,2508.0,191,2509.0,286,2510.0,332,2511.0,317,2512.0,96,2513.0,111,2514.0,103,2515.0,79,2516.0,113,2512.0
RM501,,13:39:46.250#,2530.0,2535.0,2494.0,2656.0,2354.0,368443,518200,2507.0,87,2508.0,191,2509.0,286,2510.0,332,2511.0,312,2512.0,94,2513.0,111,2514.0,103,2515.0,79,2516.0,113,2512.0
RM501,,13:39:46.500#,2530.0,2535.0,2494.0,2656.0,2354.0,368449,518206,2507.0,87,2508.0,191,2509.0,286,2510.0,332,2511.0,313,2512.0,89,2513.0,111,2514.0,103,2515.0,79,2516.0,113,2512.0
RM501,,13:39:46.750#,2530.0,2535.0,2494.0,2656.0,2354.0,368450,518207,2507.0,87,2508.0,191,2509.0,286,2510.0,332,2511.0,313,2512.0,88,2513.0,111,2514.0,103,2515.0,79,2516.0,113,2512.0
RM501,,13:39:47.0#,2530.0,2535.0,2494.0,2656.0,2354.0,368454,518211,2507.0,87,2508.0,191,2509.0,286,2510.0,332,2511.0,309,2512.0,94,2513.0,111,2514.0,103,2515.0,79,2516.0,113,2512.0
RM501,,13:39:47.250#,2530.0,2535.0,2494.0,2656.0,2354.0,368454,518211,2507.0,87,2508.0,191,2509.0,286,2510.0,332,2511.0,310,2512.0,98,2513.0,111,2514.0,103,2515.0,79,2516.0,113,2512.0
RM501,,13:39:47.750#,2530.0,2535.0,2494.0,2656.0,2354.0,368456,518213,2507.0,87,2508.0,191,2509.0,286,2510.0,332,2511.0,309,2512.0,96,2513.0,111,2514.0,103,2515.0,79,2516.0,113,2512.0
RM501,,13:39:48.0#,2530.0,2535.0,2494.0,2656.0,2354.0,368457,518214,2507.0,87,2508.0,191,2509.0,286,2510.0,332,2511.0,307,2512.0,95,2513.0,111,2514.0,103,2515.0,79,2516.0,113,2512.0
RM501,,13:39:48.250#,2530.0,2535.0,2494.0,2656.0,2354.0,368457,518214,2507.0,87,2508.0,191,2509.0,286,2510.0,332,2511.0,307,2512.0,90,2513.0,111,2514.0,103,2515.0,79,2516.0,113,2512.0
RM501,,13:39:48.500#,2530.0,2535.0,2494.0,2656.0,2354.0,368457,518214,2507.0,87,2508.0,191,2509.0,286,2510.0,332,2511.0,307,2512.0,101,2513.0,111,2514.0,103,2515.0,79,2516.0,113,2512.0
RM501,,13:39:48.750#,2530.0,2535.0,2494.0,2656.0,2354.0,368457,518214,2507.0,87,2508.0,191,2509.0,286,2510.0,332,2511.0,307,2512.0,101,2513.0,109,2514.0,103,2515.0,79,2516.0,113,2512.0
RM501,,13:39:49.0#,2530.0,2535.0,2494.0,2656.0,2354.0,368464,518221,2507.0,87,2508.0,191,2509.0,286,2510.0,332,2511.0,308,2512.0,93,2513.0,109,2514.0,103,2515.0,79,2516.0,113,2512.0
RM501,,13:39:49.250#,2530.0,2535.0,2494.0,2656.0,2354.0,368528,518239,2507.0,87,2508.0,191,2509.0,286,2510.0,332,2511.0,244,2513.0,704,2514.0,103,2515.0,79,2516.0,113,2517.0,73,2512.0
RM501,,13:39:49.500#,2530.0,2535.0,2494.0,2656.0,2354.0,368557,518268,2508.0,191,2509.0,286,2510.0,332,2511.0,149,2512.0,86,2513.0,121,2514.0,103,2515.0,79,2516.0,113,2517.0,73,2512.0
RM501,,13:39:49.750#,2530.0,2535.0,2494.0,2656.0,2354.0,368558,518268,2508.0,191,2509.0,286,2510.0,329,2511.0,158,2512.0,128,2513.0,119,2514.0,103,2515.0,79,2516.0,113,2517.0,73,2512.0
RM501,,13:39:50.0#,2530.0,2535.0,2494.0,2656.0,2354.0,368558,518268,2508.0,191,2509.0,286,2510.0,319,2511.0,158,2512.0,132,2513.0,107,2514.0,103,2515.0,79,2516.0,113,2517.0,73,2512.0
RM501,,13:39:50.250#,2530.0,2535.0,2494.0,2656.0,2354.0,368658,518320,2508.0,191,2509.0,286,2510.0,318,2511.0,146,2512.0,169,2514.0,405,2515.0,79,2516.0,113,2517.0,73,2518.0,139,2513.0
RM501,,13:39:50.500#,2530.0,2535.0,2494.0,2656.0,2354.0,368658,518320,2509.0,286,2510.0,318,2511.0,146,2512.0,98,2513.0,5,2514.0,406,2515.0,79,2516.0,113,2517.0,73,2518.0,139,2513.0
RM501,,13:39:50.750#,2530.0,2535.0,2494.0,2656.0,2354.0,368664,518314,2509.0,286,2510.0,318,2511.0,146,2512.0,100,2513.0,37,2514.0,287,2515.0,79,2516.0,113,2517.0,73,2518.0,139,2513.0
RM501,,13:39:51.0#,2530.0,2535.0,2494.0,2656.0,2354.0,368664,518314,2509.0,286,2510.0,318,2511.0,145,2512.0,100,2513.0,122,2514.0,114,2515.0,79,2516.0,113,2517.0,73,2518.0,139,2513.0
RM501,,13:39:51.250#,2530.0,2535.0,2494.0,2656.0,2354.0,368664,518314,2509.0,286,2510.0,318,2511.0,144,2512.0,88,2513.0,134,2514.0,100,2515.0,79,2516.0,113,2517.0,73,2518.0,139,2513.0
RM501,,13:39:51.500#,2530.0,2535.0,2494.0,2656.0,2354.0,368664,518314,2509.0,286,2510.0,318,2511.0,144,2512.0,88,2513.0,172,2514.0,99,2515.0,79,2516.0,112,2517.0,73,2518.0,139,2513.0
RM501,,13:39:52.500#,2530.0,2535.0,2494.0,2656.0,2354.0,368664,518314,2509.0,286,2510.0,318,2511.0,145,2512.0,88,2513.0,172,2514.0,100,2515.0,79,2516.0,112,2517.0,73,2518.0,139,2513.0
RM501,,13:39:53.0#,2530.0,2535.0,2494.0,2656.0,2354.0,368666,518315,2509.0,286,2510.0,318,2511.0,144,2512.0,89,2513.0,171,2514.0,100,2515.0,79,2516.0,112,2517.0,73,2518.0,139,2513.0
RM501,,13:39:53.250#,2530.0,2535.0,2494.0,2656.0,2354.0,368671,518314,2509.0,286,2510.0,318,2511.0,144,2512.0,89,2513.0,166,2514.0,107,2515.0,79,2516.0,112,2517.0,73,2518.0,139,2513.0
RM501,,13:39:53.500#,2530.0,2535.0,2494.0,2656.0,2354.0,368671,518314,2509.0,286,2510.0,318,2511.0,144,2512.0,90,2513.0,137,2514.0,107,2515.0,79,2516.0,112,2517.0,73,2518.0,139,2513.0
RM501,,13:39:53.750#,2530.0,2535.0,2494.0,2656.0,2354.0,368673,518312,2509.0,286,2510.0,318,2511.0,144,2512.0,90,2513.0,135,2514.0,110,2515.0,79,2516.0,112,2517.0,73,2518.0,139,2513.0
RM501,,13:39:54.0#,2530.0,2535.0,2494.0,2656.0,2354.0,368673,518312,2509.0,286,2510.0,318,2511.0,144,2512.0,90,2513.0,135,2514.0,110,2515.0,79,2516.0,112,2517.0,73,2518.0,140,2513.0
RM501,,13:39:54.750#,2530.0,2535.0,2494.0,2656.0,2354.0,368673,518312,2509.0,286,2510.0,318,2511.0,144,2512.0,90,2513.0,136,2514.0,111,2515.0,79,2516.0,112,2517.0,73,2518.0,140,2513.0
RM501,,13:39:55.0#,2530.0,2535.0,2494.0,2656.0,2354.0,368674,518312,2509.0,286,2510.0,318,2511.0,144,2512.0,90,2513.0,135,2514.0,114,2515.0,79,2516.0,112,2517.0,73,2518.0,140,2513.0
RM501,,13:39:55.250#,2530.0,2535.0,2494.0,2656.0,2354.0,368675,518313,2509.0,286,2510.0,318,2511.0,144,2512.0,90,2513.0,134,2514.0,113,2515.0,79,2516.0,112,2517.0,73,2518.0,140,2513.0
RM501,,13:39:55.500#,2530.0,2535.0,2494.0,2656.0,2354.0,368675,518313,2509.0,286,2510.0,318,2511.0,144,2512.0,91,2513.0,134,2514.0,113,2515.0,79,2516.0,112,2517.0,73,2518.0,140,2513.0
RM501,,13:39:55.750#,2530.0,2535.0,2494.0,2656.0,2354.0,368675,518313,2509.0,286,2510.0,318,2511.0,144,2512.0,91,2513.0,134,2514.0,109,2515.0,79,2516.0,112,2517.0,73,2518.0,140,2513.0
RM501,,13:39:56.0#,2530.0,2535.0,2494.0,2656.0,2354.0,368680,518318,2509.0,286,2510.0,318,2511.0,144,2512.0,91,2513.0,134,2514.0,104,2515.0,79,2516.0,112,2517.0,73,2518.0,140,2514.0
RM501,,13:39:56.250#,2530.0,2535.0,2494.0,2656.0,2354.0,368680,518318,2509.0,286,2510.0,318,2511.0,151,2512.0,91,2513.0,134,2514.0,104,2515.0,89,2516.0,112,2517.0,73,2518.0,140,2514.0
RM501,,13:39:56.500#,2530.0,2535.0,2494.0,2656.0,2354.0,368680,518318,2509.0,286,2510.0,318,2511.0,151,2512.0,91,2513.0,134,2514.0,110,2515.0,89,2516.0,112,2517.0,73,2518.0,140,2514.0
RM501,,13:39:56.750#,2530.0,2535.0,2494.0,2656.0,2354.0,368680,518318,2509.0,286,2510.0,318,2511.0,151,2512.0,91,2513.0,134,2514.0,110,2515.0,90,2516.0,112,2517.0,73,2518.0,140,2514.0
RM501,,13:39:57.0#,2530.0,2535.0,2494.0,2656.0,2354.0,368680,518318,2509.0,286,2510.0,318,2511.0,151,2512.0,91,2513.0,134,2514.0,119,2515.0,90,2516.0,112,2517.0,73,2518.0,140,2514.0
RM501,,13:39:57.250#,2530.0,2535.0,2494.0,2656.0,2354.0,368680,518318,2509.0,286,2510.0,319,2511.0,151,2512.0,91,2513.0,134,2514.0,119,2515.0,90,2516.0,112,2517.0,73,2518.0,140,2514.0
RM501,,13:39:57.500#,2530.0,2535.0,2494.0,2656.0,2354.0,368680,518318,2509.0,286,2510.0,319,2511.0,151,2512.0,91,2513.0,134,2514.0,117,2515.0,90,2516.0,112,2517.0,73,2518.0,140,2514.0
RM501,,13:39:57.750#,2530.0,2535.0,2494.0,2656.0,2354.0,368680,518318,2509.0,286,2510.0,319,2511.0,151,2512.0,91,2513.0,134,2514.0,113,2515.0,90,2516.0,112,2517.0,73,2518.0,140,2514.0
RM501,,13:39:58.0#,2530.0,2535.0,2494.0,2656.0,2354.0,368680,518318,2509.0,286,2510.0,319,2511.0,151,2512.0,93,2513.0,134,2514.0,113,2515.0,90,2516.0,112,2517.0,73,2518.0,140,2514.0
RM501,,13:39:58.500#,2530.0,2535.0,2494.0,2656.0,2354.0,368680,518318,2509.0,286,2510.0,319,2511.0,151,2512.0,93,2513.0,134,2514.0,113,2515.0,90,2516.0,112,2517.0,73,2518.0,140,2514.0
RM501,,13:39:58.750#,2530.0,2535.0,2494.0,2656.0,2354.0,368680,518318,2509.0,286,2510.0,320,2511.0,151,2512.0,94,2513.0,134,2514.0,115,2515.0,90,2516.0,112,2517.0,73,2518.0,140,2514.0
RM501,,13:39:59.0#,2530.0,2535.0,2494.0,2656.0,2354.0,368681,518318,2509.0,286,2510.0,320,2511.0,151,2512.0,94,2513.0,133,2514.0,116,2515.0,90,2516.0,112,2517.0,73,2518.0,140,2513.0
RM501,,13:39:59.250#,2530.0,2535.0,2494.0,2656.0,2354.0,368681,518318,2509.0,286,2510.0,325,2511.0,151,2512.0,94,2513.0,133,2514.0,118,2515.0,90,2516.0,112,2517.0,73,2518.0,140,2513.0
RM501,,13:39:59.500#,2530.0,2535.0,2494.0,2656.0,2354.0,368681,518318,2509.0,286,2510.0,325,2511.0,151,2512.0,99,2513.0,133,2514.0,122,2515.0,90,2516.0,112,2517.0,73,2518.0,140,2513.0
RM501,,13:39:59.750#,2530.0,2535.0,2494.0,2656.0,2354.0,368681,518318,2509.0,286,2510.0,325,2511.0,151,2512.0,99,2513.0,133,2514.0,122,2515.0,90,2516.0,112,2517.0,73,2518.0,140,2513.0
RM501,,13:40:00.0#,2530.0,2535.0,2494.0,2656.0,2354.0,368681,518318,2509.0,286,2510.0,325,2511.0,151,2512.0,99,2513.0,133,2514.0,123,2515.0,90,2516.0,112,2517.0,73,2518.0,140,2513.0
RM501,,13:40:00.750#,2530.0,2535.0,2494.0,2656.0,2354.0,368681,518318,2509.0,286,2510.0,325,2511.0,151,2512.0,99,2513.0,133,2514.0,123,2515.0,89,2516.0,112,2517.0,73,2518.0,140,2513.0
RM501,,13:40:01.250#,2530.0,2535.0,2494.0,2656.0,2354.0,368682,518318,2509.0,286,2510.0,325,2511.0,151,2512.0,99,2513.0,132,2514.0,123,2515.0,91,2516.0,112,2517.0,73,2518.0,140,2513.0
RM501,,13:40:01.500#,2530.0,2535.0,2494.0,2656.0,2354.0,368682,518318,2509.0,286,2510.0,325,2511.0,137,2512.0,82,2513.0,107,2514.0,123,2515.0,101,2516.0,112,2517.0,73,2518.0,140,2513.0
RM501,,13:40:02.0#,2530.0,2535.0,2494.0,2656.0,2354.0,368682,518318,2509.0,286,2510.0,325,2511.0,137,2512.0,82,2513.0,108,2514.0,123,2515.0,101,2516.0,112,2517.0,73,2518.0,140,2513.0
RM501,,13:40:02.250#,2530.0,2535.0,2494.0,2656.0,2354.0,368683,518318,2509.0,286,2510.0,325,2511.0,137,2512.0,82,2513.0,107,2514.0,123,2515.0,101,2516.0,112,2517.0,73,2518.0,140,2513.0
RM501,,13:40:02.500#,2530.0,2535.0,2494.0,2656.0,2354.0,368683,518318,2509.0,286,2510.0,325,2511.0,137,2512.0,82,2513.0,25,2514.0,390,2515.0,101,2516.0,112,2517.0,73,2518.0,140,2513.0
RM501,,13:40:02.750#,2530.0,2535.0,2494.0,2656.0,2354.0,368707,518306,2508.0,192,2509.0,286,2510.0,325,2511.0,137,2512.0,165,2513.0,20,2514.0,121,2515.0,101,2516.0,112,2517.0,73,2513.0
RM501,,13:40:03.0#,2530.0,2535.0,2494.0,2656.0,2354.0,368707,518306,2508.0,192,2509.0,286,2510.0,325,2511.0,137,2512.0,158,2513.0,19,2514.0,121,2515.0,101,2516.0,112,2517.0,73,2513.0
RM501,,13:40:03.250#,2530.0,2535.0,2494.0,2656.0,2354.0,368707,518306,2508.0,192,2509.0,286,2510.0,325,2511.0,142,2512.0,158,2513.0,34,2514.0,122,2515.0,101,2516.0,112,2517.0,73,2513.0
RM501,,13:40:03.500#,2530.0,2535.0,2494.0,2656.0,2354.0,368707,518306,2508.0,192,2509.0,286,2510.0,325,2511.0,142,2512.0,158,2513.0,35,2514.0,121,2515.0,101,2516.0,112,2517.0,73,2513.0
RM501,,13:40:04.0#,2530.0,2535.0,2494.0,2656.0,2354.0,368707,518306,2508.0,192,2509.0,286,2510.0,325,2511.0,142,2512.0,157,2513.0,35,2514.0,121,2515.0,101,2516.0,112,2517.0,73,2513.0
RM501,,13:40:04.250#,2530.0,2535.0,2494.0,2656.0,2354.0,368707,518306,2508.0,192,2509.0,286,2510.0,325,2511.0,142,2512.0,157,2513.0,25,2514.0,121,2515.0,101,2516.0,112,2517.0,73,2513.0
RM501,,13:40:04.500#,2530.0,2535.0,2494.0,2656.0,2354.0,368707,518306,2508.0,192,2509.0,286,2510.0,325,2511.0,142,2512.0,157,2513.0,11,2514.0,121,2515.0,101,2516.0,112,2517.0,73,2513.0
RM501,,13:40:04.750#,2530.0,2535.0,2494.0,2656.0,2354.0,368707,518306,2508.0,192,2509.0,286,2510.0,325,2511.0,142,2512.0,157,2513.0,4,2514.0,123,2515.0,101,2516.0,112,2517.0,73,2513.0
RM501,,13:40:05.0#,2530.0,2535.0,2494.0,2656.0,2354.0,368710,518308,2508.0,192,2509.0,286,2510.0,325,2511.0,142,2512.0,154,2513.0,9,2514.0,123,2515.0,101,2516.0,112,2517.0,73,2512.0
RM501,,13:40:05.250#,2530.0,2535.0,2494.0,2656.0,2354.0,368710,518308,2508.0,192,2509.0,286,2510.0,325,2511.0,142,2512.0,154,2513.0,12,2514.0,123,2515.0,101,2516.0,112,2517.0,73,2512.0
RM501,,13:40:05.500#,2530.0,2535.0,2494.0,2656.0,2354.0,368710,518308,2508.0,192,2509.0,286,2510.0,325,2511.0,142,2512.0,155,2513.0,13,2514.0,123,2515.0,101,2516.0,112,2517.0,73,2512.0
RM501,,13:40:05.750#,2530.0,2535.0,2494.0,2656.0,2354.0,368710,518308,2508.0,192,2509.0,286,2510.0,325,2511.0,142,2512.0,160,2513.0,34,2514.0,123,2515.0,101,2516.0,112,2517.0,73,2512.0
RM501,,13:40:06.0#,2530.0,2535.0,2494.0,2656.0,2354.0,368710,518308,2508.0,192,2509.0,286,2510.0,325,2511.0,142,2512.0,160,2513.0,63,2514.0,123,2515.0,101,2516.0,112,2517.0,72,2512.0
RM501,,13:40:06.250#,2530.0,2535.0,2494.0,2656.0,2354.0,368710,518308,2508.0,192,2509.0,286,2510.0,325,2511.0,142,2512.0,160,2513.0,81,2514.0,123,2515.0,101,2516.0,112,2517.0,74,2512.0
RM501,,13:40:06.750#,2530.0,2535.0,2494.0,2656.0,2354.0,368710,518308,2508.0,192,2509.0,286,2510.0,325,2511.0,145,2512.0,160,2513.0,82,2514.0,124,2515.0,101,2516.0,112,2517.0,74,2512.0
RM501,,13:40:07.250#,2530.0,2535.0,2494.0,2656.0,2354.0,368710,518308,2508.0,192,2509.0,286,2510.0,326,2511.0,145,2512.0,162,2513.0,82,2514.0,124,2515.0,101,2516.0,112,2517.0,74,2512.0
RM501,,13:40:07.750#,2530.0,2535.0,2494.0,2656.0,2354.0,368710,518308,2508.0,192,2509.0,286,2510.0,326,2511.0,145,2512.0,162,2513.0,77,2514.0,124,2515.0,101,2516.0,112,2517.0,74,2512.0
RM501,,13:40:08.500#,2530.0,2535.0,2494.0,2656.0,2354.0,368712,518310,2508.0,192,2509.0,286,2510.0,326,2511.0,145,2512.0,161,2513.0,75,2514.0,124,2515.0,101,2516.0,112,2517.0,74,2513.0
RM501,,13:40:08.750#,2530.0,2535.0,2494.0,2656.0,2354.0,368712,518310,2508.0,192,2509.0,286,2510.0,326,2511.0,145,2512.0,163,2513.0,71,2514.0,124,2515.0,101,2516.0,112,2517.0,75,2513.0
RM501,,13:40:09.0#,2530.0,2535.0,2494.0,2656.0,2354.0,368712,518310,2508.0,192,2509.0,286,2510.0,326,2511.0,146,2512.0,163,2513.0,71,2514.0,124,2515.0,101,2516.0,112,2517.0,75,2513.0
RM501,,13:40:09.500#,2530.0,2535.0,2494.0,2656.0,2354.0,368712,518310,2508.0,192,2509.0,286,2510.0,326,2511.0,146,2512.0,163,2513.0,71,2514.0,124,2515.0,101,2516.0,112,2517.0,75,2513.0
RM501,,13:40:09.750#,2530.0,2535.0,2494.0,2656.0,2354.0,368712,518310,2508.0,192,2509.0,286,2510.0,326,2511.0,146,2512.0,193,2513.0,79,2514.0,124,2515.0,101,2516.0,112,2517.0,75,2513.0
RM501,,13:40:10.250#,2530.0,2535.0,2494.0,2656.0,2354.0,368712,518310,2508.0,192,2509.0,286,2510.0,326,2511.0,147,2512.0,193,2513.0,79,2514.0,124,2515.0,101,2516.0,112,2517.0,75,2513.0
RM501,,13:40:10.500#,2530.0,2535.0,2494.0,2656.0,2354.0,368712,518310,2508.0,192,2509.0,286,2510.0,326,2511.0,147,2512.0,192,2513.0,104,2514.0,124,2515.0,101,2516.0,112,2517.0,75,2513.0
RM501,,13:40:10.750#,2530.0,2535.0,2494.0,2656.0,2354.0,368712,518310,2508.0,192,2509.0,286,2510.0,326,2511.0,147,2512.0,192,2513.0,103,2514.0,124,2515.0,101,2516.0,112,2517.0,75,2513.0
RM501,,13:40:11.0#,2530.0,2535.0,2494.0,2656.0,2354.0,368712,518310,2508.0,192,2509.0,286,2510.0,326,2511.0,149,2512.0,192,2513.0,103,2514.0,124,2515.0,101,2516.0,112,2517.0,75,2513.0
RM501,,13:40:11.750#,2530.0,2535.0,2494.0,2656.0,2354.0,368712,518310,2508.0,192,2509.0,286,2510.0,326,2511.0,149,2512.0,192,2513.0,104,2514.0,124,2515.0,101,2516.0,112,2517.0,75,2513.0
RM501,,13:40:12.0#,2530.0,2535.0,2494.0,2656.0,2354.0,368712,518310,2508.0,192,2509.0,286,2510.0,326,2511.0,149,2512.0,192,2513.0,99,2514.0,124,2515.0,101,2516.0,112,2517.0,75,2513.0
RM501,,13:40:12.250#,2530.0,2535.0,2494.0,2656.0,2354.0,368712,518310,2508.0,192,2509.0,286,2510.0,326,2511.0,151,2512.0,192,2513.0,95,2514.0,124,2515.0,101,2516.0,112,2517.0,75,2513.0
RM501,,13:40:12.500#,2530.0,2535.0,2494.0,2656.0,2354.0,368714,518310,2508.0,192,2509.0,286,2510.0,326,2511.0,151,2512.0,190,2513.0,87,2514.0,124,2515.0,101,2516.0,112,2517.0,75,2512.0
RM501,,13:40:12.750#,2530.0,2535.0,2494.0,2656.0,2354.0,368714,518310,2508.0,192,2509.0,286,2510.0,326,2511.0,151,2512.0,190,2513.0,84,2514.0,124,2515.0,101,2516.0,112,2517.0,75,2512.0
RM501,,13:40:13.0#,2530.0,2535.0,2494.0,2656.0,2354.0,368714,518310,2508.0,192,2509.0,286,2510.0,326,2511.0,151,2512.0,190,2513.0,87,2514.0,124,2515.0,101,2516.0,112,2517.0,75,2512.0
RM501,,13:40:13.250#,2530.0,2535.0,2494.0,2656.0,2354.0,368714,518310,2508.0,192,2509.0,286,2510.0,326,2511.0,151,2512.0,79,2513.0,153,2514.0,124,2515.0,101,2516.0,112,2517.0,75,2512.0
RM501,,13:40:13.500#,2530.0,2535.0,2494.0,2656.0,2354.0,368726,518308,2508.0,192,2509.0,286,2510.0,326,2511.0,151,2512.0,51,2513.0,329,2514.0,124,2515.0,101,2516.0,112,2517.0,75,2512.0
RM501,,13:40:13.750#,2530.0,2535.0,2494.0,2656.0,2354.0,368777,518319,2507.0,130,2508.0,192,2509.0,286,2510.0,326,2511.0,239,2513.0,334,2514.0,124,2515.0,101,2516.0,112,2517.0,75,2512.0
RM501,,13:40:14.0#,2530.0,2535.0,2494.0,2656.0,2354.0,368781,518321,2507.0,130,2508.0,192,2509.0,286,2510.0,326,2511.0,244,2512.0,5,2513.0,94,2514.0,124,2515.0,101,2516.0,112,2512.0
RM501,,13:40:14.250#,2530.0,2535.0,2494.0,2656.0,2354.0,368786,518316,2507.0,130,2508.0,192,2509.0,286,2510.0,326,2511.0,245,2513.0,235,2514.0,124,2515.0,101,2516.0,112,2517.0,75,2512.0
RM501,,13:40:14.500#,2530.0,2535.0,2494.0,2656.0,2354.0,368786,518316,2508.0,192,2509.0,286,2510.0,326,2511.0,161,2512.0,2,2513.0,196,2514.0,124,2515.0,102,2516.0,112,2517.0,75,2512.0
RM501,,13:40:14.750#,2530.0,2535.0,2494.0,2656.0,2354.0,368786,518316,2508.0,192,2509.0,286,2510.0,326,2511.0,157,2512.0,57,2513.0,192,2514.0,124,2515.0,102,2516.0,112,2517.0,75,2512.0
RM501,,13:40:15.0#,2530.0,2535.0,2494.0,2656.0,2354.0,368813,518308,2508.0,192,2509.0,286,2510.0,326,2511.0,157,2512.0,36,2513.0,186,2514.0,123,2515.0,102,2516.0,112,2517.0,75,2512.0
RM501,,13:40:15.250#,2530.0,2535.0,2494.0,2656.0,2354.0,368815,518306,2508.0,192,2509.0,286,2510.0,326,2511.0,157,2512.0,34,2513.0,220,2514.0,123,2515.0,102,2516.0,112,2517.0,75,2512.0
RM501,,13:40:15.500#,2530.0,2535.0,2494.0,2656.0,2354.0,368816,518307,2508.0,192,2509.0,286,2510.0,326,2511.0,157,2512.0,21,2513.0,216,2514.0,123,2515.0,102,2516.0,112,2517.0,75,2512.0
RM501,,13:40:15.750#,2530.0,2535.0,2494.0,2656.0,2354.0,368816,518307,2508.0,192,2509.0,286,2510.0,326,2511.0,157,2512.0,21,2513.0,183,2514.0,123,2515.0,102,2516.0,112,2517.0,75,2512.0
RM501,,13:40:16.0#,2530.0,2535.0,2494.0,2656.0,2354.0,368827,518308,2508.0,192,2509.0,286,2510.0,326,2511.0,157,2512.0,30,2513.0,74,2514.0,123,2515.0,102,2516.0,112,2517.0,75,2512.0
RM501,,13:40:16.250#,2530.0,2535.0,2494.0,2656.0,2354.0,368827,518308,2508.0,192,2509.0,286,2510.0,326,2511.0,157,2512.0,54,2513.0,74,2514.0,123,2515.0,102,2516.0,112,2517.0,75,2512.0
RM501,,13:40:16.500#,2530.0,2535.0,2494.0,2656.0,2354.0,368831,518308,2508.0,192,2509.0,286,2510.0,326,2511.0,157,2512.0,83,2513.0,74,2514.0,123,2515.0,102,2516.0,112,2517.0,75,2512.0
RM501,,13:40:16.750#,2530.0,2535.0,2494.0,2656.0,2354.0,368831,518308,2508.0,192,2509.0,286,2510.0,328,2511.0,157,2512.0,110,2513.0,74,2514.0,123,2515.0,102,2516.0,112,2517.0,75,2512.0
RM501,,13:40:17.0#,2530.0,2535.0,2494.0,2656.0,2354.0,368833,518309,2508.0,192,2509.0,286,2510.0,328,2511.0,157,2512.0,138,2513.0,39,2514.0,123,2515.0,102,2516.0,112,2517.0,75,2513.0
RM501,,13:40:17.250#,2530.0,2535.0,2494.0,2656.0,2354.0,368833,518309,2508.0,192,2509.0,286,2510.0,328,2511.0,157,2512.0,142,2513.0,36,2514.0,123,2515.0,102,2516.0,112,2517.0,75,2513.0
RM501,,13:40:17.500#,2530.0,2535.0,2494.0,2656.0,2354.0,368833,518309,2508.0,192,2509.0,286,2510.0,328,2511.0,157,2512.0,147,2513.0,36,2514.0,123,2515.0,102,2516.0,112,2517.0,75,2513.0
RM501,,13:40:17.750#,2530.0,2535.0,2494.0,2656.0,2354.0,368833,518309,2508.0,192,2509.0,286,2510.0,330,2511.0,157,2512.0,148,2513.0,35,2514.0,123,2515.0,103,2516.0,112,2517.0,74,2513.0
RM501,,13:40:18.0#,2530.0,2535.0,2494.0,2656.0,2354.0,368833,518309,2508.0,192,2509.0,286,2510.0,330,2511.0,157,2512.0,149,2513.0,26,2514.0,124,2515.0,103,2516.0,112,2517.0,74,2513.0
RM501,,13:40:18.250#,2530.0,2535.0,2494.0,2656.0,2354.0,368833,518309,2508.0,192,2509.0,286,2510.0,330,2511.0,157,2512.0,150,2513.0,26,2514.0,124,2515.0,103,2516.0,112,2517.0,74,2513.0
RM501,,13:40:18.500#,2530.0,2535.0,2494.0,2656.0,2354.0,368833,518309,2508.0,192,2509.0,286,2510.0,330,2511.0,158,2512.0,150,2513.0,26,2514.0,124,2515.0,103,2516.0,112,2517.0,74,2513.0
RM501,,13:40:18.750#,2530.0,2535.0,2494.0,2656.0,2354.0,368833,518309,2508.0,192,2509.0,286,2510.0,330,2511.0,158,2512.0,150,2513.0,29,2514.0,124,2515.0,103,2516.0,112,2517.0,74,2513.0
RM501,,13:40:19.250#,2530.0,2535.0,2494.0,2656.0,2354.0,368837,518313,2508.0,192,2509.0,286,2510.0,330,2511.0,158,2512.0,146,2513.0,28,2514.0,124,2515.0,103,2516.0,112,2517.0,72,2512.0
RM501,,13:40:19.500#,2530.0,2535.0,2494.0,2656.0,2354.0,368837,518313,2508.0,192,2509.0,286,2510.0,330,2511.0,158,2512.0,146,2513.0,28,2514.0,124,2515.0,105,2516.0,112,2517.0,72,2512.0
RM501,,13:40:19.750#,2530.0,2535.0,2494.0,2656.0,2354.0,368837,518313,2508.0,192,2509.0,286,2510.0,330,2511.0,158,2512.0,146,2513.0,28,2514.0,124,2515.0,105,2516.0,112,2517.0,72,2512.0
RM501,,13:40:20.0#,2530.0,2535.0,2494.0,2656.0,2354.0,368852,518313,2508.0,192,2509.0,286,2510.0,330,2511.0,158,2512.0,134,2513.0,28,2514.0,124,2515.0,105,2516.0,112,2517.0,72,2512.0
RM501,,13:40:20.250#,2530.0,2535.0,2494.0,2656.0,2354.0,368853,518314,2508.0,192,2509.0,288,2510.0,330,2511.0,158,2512.0,135,2513.0,37,2514.0,124,2515.0,105,2516.0,112,2517.0,72,2513.0
RM501,,13:40:20.500#,2530.0,2535.0,2494.0,2656.0,2354.0,368853,518314,2508.0,192,2509.0,288,2510.0,330,2511.0,158,2512.0,135,2513.0,37,2514.0,124,2515.0,105,2516.0,112,2517.0,72,2513.0
RM501,,13:40:20.750#,2530.0,2535.0,2494.0,2656.0,2354.0,368853,518314,2508.0,192,2509.0,288,2510.0,331,2511.0,158,2512.0,135,2513.0,37,2514.0,124,2515.0,105,2516.0,112,2517.0,72,2513.0
RM501,,13:40:21.0#,2530.0,2535.0,2494.0,2656.0,2354.0,368891,518298,2509.0,288,2510.0,331,2511.0,158,2512.0,71,2513.0,212,2514.0,483,2515.0,105,2516.0,112,2517.0,72,2518.0,141,2513.0
RM501,,13:40:21.250#,2530.0,2535.0,2494.0,2656.0,2354.0,368891,518298,2509.0,290,2510.0,331,2511.0,158,2512.0,65,2513.0,217,2514.0,452,2515.0,105,2516.0,112,2517.0,72,2518.0,141,2513.0
RM501,,13:40:21.500#,2530.0,2535.0,2494.0,2656.0,2354.0,368891,518298,2509.0,290,2510.0,331,2511.0,158,2512.0,65,2513.0,224,2514.0,453,2515.0,105,2516.0,112,2517.0,72,2518.0,141,2513.0
RM501,,13:40:21.750#,2530.0,2535.0,2494.0,2656.0,2354.0,368891,518298,2509.0,290,2510.0,331,2511.0,158,2512.0,68,2513.0,224,2514.0,462,2515.0,105,2516.0,112,2517.0,72,2518.0,141,2513.0
RM501,,13:40:22.0#,2530.0,2535.0,2494.0,2656.0,2354.0,368891,518298,2509.0,290,2510.0,331,2511.0,158,2512.0,68,2513.0,224,2514.0,464,2515.0,105,2516.0,112,2517.0,72,2518.0,141,2513.0
RM501,,13:40:22.250#,2530.0,2535.0,2494.0,2656.0,2354.0,368891,518298,2509.0,290,2510.0,331,2511.0,158,2512.0,68,2513.0,224,2514.0,449,2515.0,105,2516.0,112,2517.0,72,2518.0,141,2513.0
RM501,,13:40:22.500#,2530.0,2535.0,2494.0,2656.0,2354.0,368891,518298,2509.0,290,2510.0,331,2511.0,158,2512.0,69,2513.0,224,2514.0,444,2515.0,105,2516.0,112,2517.0,72,2518.0,141,2513.0
RM501,,13:40:22.750#,2530.0,2535.0,2494.0,2656.0,2354.0,368891,518298,2509.0,290,2510.0,331,2511.0,158,2512.0,69,2513.0,224,2514.0,443,2515.0,105,2516.0,112,2517.0,72,2518.0,141,2513.0
RM501,,13:40:23.0#,2530.0,2535.0,2494.0,2656.0,2354.0,368891,518298,2509.0,290,2510.0,331,2511.0,156,2512.0,69,2513.0,224,2514.0,449,2515.0,105,2516.0,112,2517.0,72,2518.0,141,2513.0
RM501,,13:40:23.750#,2530.0,2535.0,2494.0,2656.0,2354.0,368891,518298,2509.0,290,2510.0,331,2511.0,156,2512.0,69,2513.0,224,2514.0,453,2515.0,105,2516.0,112,2517.0,72,2518.0,141,2513.0
RM501,,13:40:24.0#,2530.0,2535.0,2494.0,2656.0,2354.0,368892,518298,2509.0,290,2510.0,331,2511.0,156,2512.0,69,2513.0,224,2514.0,438,2515.0,105,2516.0,112,2517.0,72,2518.0,141,2514.0
RM501,,13:40:24.250#,2530.0,2535.0,2494.0,2656.0,2354.0,368893,518298,2509.0,290,2510.0,337,2511.0,156,2512.0,69,2513.0,223,2514.0,437,2515.0,105,2516.0,112,2517.0,72,2518.0,141,2513.0
RM501,,13:40:24.500#,2530.0,2535.0,2494.0,2656.0,2354.0,368893,518298,2509.0,290,2510.0,337,2511.0,156,2512.0,69,2513.0,223,2514.0,441,2515.0,105,2516.0,112,2517.0,72,2518.0,141,2513.0
RM501,,13:40:24.750#,2530.0,2535.0,2494.0,2656.0,2354.0,368893,518298,2509.0,290,2510.0,337,2511.0,156,2512.0,69,2513.0,223,2514.0,447,2515.0,105,2516.0,112,2517.0,72,2518.0,141,2513.0
RM501,,13:40:25.0#,2530.0,2535.0,2494.0,2656.0,2354.0,368893,518298,2509.0,290,2510.0,337,2511.0,156,2512.0,69,2513.0,223,2514.0,420,2515.0,105,2516.0,112,2517.0,72,2518.0,141,2513.0
RM501,,13:40:25.250#,2530.0,2535.0,2494.0,2656.0,2354.0,368893,518298,2509.0,290,2510.0,337,2511.0,156,2512.0,69,2513.0,227,2514.0,423,2515.0,105,2516.0,112,2517.0,72,2518.0,141,2513.0
RM501,,13:40:25.750#,2530.0,2535.0,2494.0,2656.0,2354.0,368893,518298,2509.0,290,2510.0,337,2511.0,156,2512.0,69,2513.0,227,2514.0,447,2515.0,105,2516.0,112,2517.0,72,2518.0,141,2513.0
RM501,,13:40:26.0#,2530.0,2535.0,2494.0,2656.0,2354.0,368893,518298,2509.0,290,2510.0,337,2511.0,156,2512.0,69,2513.0,227,2514.0,442,2515.0,105,2516.0,112,2517.0,72,2518.0,141,2513.0
RM501,,13:40:26.250#,2530.0,2535.0,2494.0,2656.0,2354.0,368893,518298,2509.0,290,2510.0,337,2511.0,156,2512.0,68,2513.0,227,2514.0,441,2515.0,105,2516.0,112,2517.0,72,2518.0,141,2513.0
RM501,,13:40:26.500#,2530.0,2535.0,2494.0,2656.0,2354.0,368893,518298,2509.0,290,2510.0,337,2511.0,156,2512.0,68,2513.0,227,2514.0,440,2515.0,105,2516.0,112,2517.0,72,2518.0,141,2513.0
RM501,,13:40:26.750#,2530.0,2535.0,2494.0,2656.0,2354.0,368893,518298,2509.0,290,2510.0,337,2511.0,156,2512.0,68,2513.0,227,2514.0,441,2515.0,105,2516.0,112,2517.0,72,2518.0,141,2513.0
RM501,,13:40:27.0#,2530.0,2535.0,2494.0,2656.0,2354.0,368893,518298,2509.0,290,2510.0,337,2511.0,156,2512.0,68,2513.0,229,2514.0,440,2515.0,105,2516.0,112,2517.0,72,2518.0,141,2513.0
RM501,,13:40:27.250#,2530.0,2535.0,2494.0,2656.0,2354.0,368893,518298,2509.0,290,2510.0,337,2511.0,156,2512.0,68,2513.0,229,2514.0,441,2515.0,105,2516.0,112,2517.0,72,2518.0,141,2513.0
RM501,,13:40:27.500#,2530.0,2535.0,2494.0,2656.0,2354.0,368901,518292,2509.0,290,2510.0,337,2511.0,156,2512.0,68,2513.0,221,2514.0,439,2515.0,105,2516.0,112,2517.0,72,2518.0,141,2513.0
RM501,,13:40:27.750#,2530.0,2535.0,2494.0,2656.0,2354.0,368901,518292,2509.0,290,2510.0,337,2511.0,156,2512.0,68,2513.0,221,2514.0,440,2515.0,105,2516.0,112,2517.0,72,2518.0,141,2513.0
RM501,,13:40:28.0#,2530.0,2535.0,2494.0,2656.0,2354.0,368903,518290,2509.0,290,2510.0,337,2511.0,156,2512.0,69,2513.0,229,2514.0,443,2515.0,105,2516.0,112,2517.0,72,2518.0,141,2513.0
RM501,,13:40:28.250#,2530.0,2535.0,2494.0,2656.0,2354.0,368908,518285,2509.0,290,2510.0,337,2511.0,155,2512.0,69,2513.0,230,2514.0,443,2515.0,105,2516.0,112,2517.0,72,2518.0,141,2513.0
RM501,,13:40:28.500#,2530.0,2535.0,2494.0,2656.0,2354.0,368914,518284,2509.0,290,2510.0,337,2511.0,152,2512.0,69,2513.0,225,2514.0,450,2515.0,105,2516.0,112,2517.0,72,2518.0,141,2513.0
RM501,,13:40:28.750#,2530.0,2535.0,2494.0,2656.0,2354.0,368914,518284,2509.0,290,2510.0,337,2511.0,152,2512.0,69,2513.0,225,2514.0,438,2515.0,105,2516.0,112,2517.0,72,2518.0,141,2513.0
RM501,,13:40:29.250#,2530.0,2535.0,2494.0,2656.0,2354.0,368914,518284,2509.0,290,2510.0,337,2511.0,152,2512.0,69,2513.0,225,2514.0,437,2515.0,105,2516.0,112,2517.0,72,2518.0,141,2513.0
RM501,,13:40:29.500#,2530.0,2535.0,2494.0,2656.0,2354.0,368914,518284,2509.0,290,2510.0,337,2511.0,152,2512.0,69,2513.0,236,2514.0,435,2515.0,105,2516.0,112,2517.0,72,2518.0,141,2513.0
RM501,,13:40:29.750#,2530.0,2535.0,2494.0,2656.0,2354.0,368918,518280,2509.0,290,2510.0,337,2511.0,152,2512.0,69,2513.0,232,2514.0,436,2515.0,105,2516.0,112,2517.0,72,2518.0,141,2513.0
RM501,,13:40:30.0#,2530.0,2535.0,2494.0,2656.0,2354.0,368918,518280,2509.0,290,2510.0,337,2511.0,152,2512.0,69,2513.0,232,2514.0,435,2515.0,105,2516.0,112,2517.0,72,2518.0,141,2513.0
RM501,,13:40:30.250#,2530.0,2535.0,2494.0,2656.0,2354.0,368918,518280,2509.0,290,2510.0,337,2511.0,152,2512.0,74,2513.0,232,2514.0,432,2515.0,105,2516.0,112,2517.0,72,2518.0,141,2513.0
RM501,,13:40:30.500#,2530.0,2535.0,2494.0,2656.0,2354.0,368918,518280,2509.0,290,2510.0,337,2511.0,152,2512.0,76,2513.0,313,2514.0,138,2515.0,105,2516.0,112,2517.0,72,2518.0,141,2513.0
RM501,,13:40:30.750#,2530.0,2535.0,2494.0,2656.0,2354.0,368928,518289,2509.0,290,2510.0,337,2511.0,152,2512.0,76,2513.0,330,2514.0,72,2515.0,105,2516.0,112,2517.0,72,2518.0,141,2514.0
RM501,,13:40:31.0#,2530.0,2535.0,2494.0,2656.0,2354.0,368931,518290,2509.0,290,2510.0,337,2511.0,152,2512.0,76,2513.0,337,2514.0,70,2515.0,106,2516.0,112,2517.0,72,2518.0,141,2513.0
RM501,,13:40:31.250#,2530.0,2535.0,2494.0,2656.0,2354.0,368989,518320,2509.0,290,2510.0,337,2511.0,152,2512.0,77,2513.0,338,2514.0,12,2515.0,106,2516.0,112,2517.0,72,2518.0,141,2514.0
RM501,,13:40:31.500#,2530.0,2535.0,2494.0,2656.0,2354.0,369001,518330,2510.0,337,2511.0,152,2512.0,77,2513.0,306,2514.0,20,2515.0,504,2516.0,112,2517.0,72,2518.0,141,2519.0,138,2514.0
RM501,,13:40:31.750#,2530.0,2535.0,2494.0,2656.0,2354.0,369001,518330,2510.0,337,2511.0,152,2512.0,77,2513.0,300,2514.0,24,2515.0,512,2516.0,112,2517.0,72,2518.0,129,2519.0,138,2514.0
RM501,,13:40:32.0#,2530.0,2535.0,2494.0,2656.0,2354.0,369001,518330,2510.0,337,2511.0,152,2512.0,77,2513.0,300,2514.0,34,2515.0,511,2516.0,112,2517.0,72,2518.0,129,2519.0,138,2514.0
RM501,,13:40:32.250#,2530.0,2535.0,2494.0,2656.0,2354.0,369001,518330,2510.0,337,2511.0,152,2512.0,77,2513.0,300,2514.0,34,2515.0,511,2516.0,112,2517.0,72,2518.0,129,2519.0,138,2514.0
RM501,,13:40:32.500#,2530.0,2535.0,2494.0,2656.0,2354.0,369001,518330,2510.0,337,2511.0,152,2512.0,77,2513.0,309,2514.0,34,2515.0,510,2516.0,112,2517.0,72,2518.0,129,2519.0,138,2514.0
RM501,,13:40:33.0#,2530.0,2535.0,2494.0,2656.0,2354.0,369001,518330,2510.0,338,2511.0,152,2512.0,77,2513.0,309,2514.0,34,2515.0,510,2516.0,112,2517.0,72,2518.0,129,2519.0,138,2514.0
RM501,,13:40:33.250#,2530.0,2535.0,2494.0,2656.0,2354.0,369001,518330,2510.0,338,2511.0,152,2512.0,77,2513.0,309,2514.0,34,2515.0,511,2516.0,112,2517.0,72,2518.0,129,2519.0,138,2514.0
RM501,,13:40:33.500#,2530.0,2535.0,2494.0,2656.0,2354.0,369001,518330,2510.0,338,2511.0,152,2512.0,77,2513.0,308,2514.0,34,2515.0,511,2516.0,112,2517.0,72,2518.0,129,2519.0,138,2514.0
RM501,,13:40:33.750#,2530.0,2535.0,2494.0,2656.0,2354.0,369001,518330,2510.0,338,2511.0,152,2512.0,77,2513.0,308,2514.0,34,2515.0,511,2516.0,112,2517.0,72,2518.0,129,2519.0,138,2514.0
RM501,,13:40:34.0#,2530.0,2535.0,2494.0,2656.0,2354.0,369003,518329,2510.0,338,2511.0,152,2512.0,79,2513.0,310,2514.0,32,2515.0,511,2516.0,112,2517.0,72,2518.0,129,2519.0,138,2514.0
RM501,,13:40:34.250#,2530.0,2535.0,2494.0,2656.0,2354.0,369003,518329,2510.0,338,2511.0,152,2512.0,79,2513.0,310,2514.0,32,2515.0,513,2516.0,112,2517.0,72,2518.0,129,2519.0,138,2514.0
RM501,,13:40:34.500#,2530.0,2535.0,2494.0,2656.0,2354.0,369035,518325,2509.0,302,2510.0,338,2511.0,152,2512.0,79,2513.0,374,2515.0,514,2516.0,112,2517.0,72,2518.0,129,2519.0,138,2514.0
RM501,,13:40:34.750#,2530.0,2535.0,2494.0,2656.0,2354.0,369043,518325,2510.0,338,2511.0,152,2512.0,79,2513.0,294,2514.0,12,2515.0,525,2516.0,112,2517.0,72,2518.0,129,2519.0,138,2514.0
RM501,,13:40:35.0#,2530.0,2535.0,2494.0,2656.0,2354.0,369057,518323,2510.0,338,2511.0,153,2512.0,79,2513.0,295,2514.0,11,2515.0,533,2516.0,112,2517.0,72,2518.0,130,2519.0,138,2514.0
RM501,,13:40:35.250#,2530.0,2535.0,2494.0,2656.0,2354.0,369068,518321,2510.0,338,2511.0,154,2512.0,81,2513.0,295,2514.0,2,2515.0,537,2516.0,112,2517.0,72,2518.0,130,2519.0,138,2514.0
RM501,,13:40:35.500#,2530.0,2535.0,2494.0,2656.0,2354.0,369072,518317,2509.0,302,2510.0,338,2511.0,154,2512.0,81,2513.0,361,2514.0,31,2515.0,117,2516.0,112,2517.0,72,2518.0,130,2514.0
RM501,,13:40:35.750#,2530.0,2535.0,2494.0,2656.0,2354.0,369072,518317,2510.0,338,2511.0,154,2512.0,81,2513.0,296,2514.0,1,2515.0,669,2516.0,112,2517.0,72,2518.0,130,2519.0,138,2514.0
RM501,,13:40:36.0#,2530.0,2535.0,2494.0,2656.0,2354.0,369074,518316,2509.0,302,2510.0,338,2511.0,154,2512.0,81,2513.0,361,2514.0,32,2515.0,117,2516.0,112,2517.0,72,2518.0,130,2514.0
RM501,,13:40:36.250#,2530.0,2535.0,2494.0,2656.0,2354.0,369074,518316,2509.0,302,2510.0,338,2511.0,154,2512.0,81,2513.0,359,2514.0,31,2515.0,115,2516.0,112,2517.0,72,2518.0,130,2514.0
RM501,,13:40:36.500#,2530.0,2535.0,2494.0,2656.0,2354.0,369074,518316,2509.0,302,2510.0,338,2511.0,154,2512.0,81,2513.0,360,2514.0,12,2515.0,115,2516.0,112,2517.0,72,2518.0,130,2514.0
RM501,,13:40:36.750#,2530.0,2535.0,2494.0,2656.0,2354.0,369074,518316,2509.0,302,2510.0,338,2511.0,154,2512.0,81,2513.0,361,2514.0,10,2515.0,117,2516.0,112,2517.0,72,2518.0,130,2514.0
RM501,,13:40:37.0#,2530.0,2535.0,2494.0,2656.0,2354.0,369074,518316,2509.0,302,2510.0,338,2511.0,154,2512.0,81,2513.0,361,2514.0,11,2515.0,117,2516.0,112,2517.0,72,2518.0,130,2514.0
RM501,,13:40:37.250#,2530.0,2535.0,2494.0,2656.0,2354.0,369074,518316,2509.0,302,2510.0,338,2511.0,154,2512.0,81,2513.0,361,2514.0,12,2515.0,117,2516.0,112,2517.0,72,2518.0,130,2514.0
RM501,,13:40:37.500#,2530.0,2535.0,2494.0,2656.0,2354.0,369074,518316,2509.0,302,2510.0,338,2511.0,154,2512.0,81,2513.0,362,2514.0,12,2515.0,117,2516.0,112,2517.0,72,2518.0,130,2514.0
RM501,,13:40:37.750#,2530.0,2535.0,2494.0,2656.0,2354.0,369076,518318,2509.0,302,2510.0,338,2511.0,154,2512.0,81,2513.0,362,2514.0,10,2515.0,117,2516.0,112,2517.0,72,2518.0,130,2514.0
RM501,,13:40:38.0#,2530.0,2535.0,2494.0,2656.0,2354.0,369076,518318,2509.0,302,2510.0,338,2511.0,154,2512.0,81,2513.0,362,2514.0,10,2515.0,118,2516.0,112,2517.0,72,2518.0,130,2514.0
RM501,,13:40:38.500#,2530.0,2535.0,2494.0,2656.0,2354.0,369076,518318,2509.0,302,2510.0,338,2511.0,154,2512.0,81,2513.0,362,2514.0,10,2515.0,118,2516.0,112,2517.0,72,2518.0,130,2514.0
RM501,,13:40:38.750#,2530.0,2535.0,2494.0,2656.0,2354.0,369076,518318,2509.0,302,2510.0,338,2511.0,154,2512.0,81,2513.0,364,2514.0,10,2515.0,118,2516.0,112,2517.0,72,2518.0,130,2514.0
RM501,,13:40:39.0#,2530.0,2535.0,2494.0,2656.0,2354.0,369077,518319,2509.0,302,2510.0,338,2511.0,154,2512.0,81,2513.0,365,2514.0,9,2515.0,118,2516.0,112,2517.0,72,2518.0,130,2514.0
RM501,,13:40:39.250#,2530.0,2535.0,2494.0,2656.0,2354.0,369086,518317,2509.0,302,2510.0,334,2511.0,154,2512.0,81,2513.0,365,2515.0,560,2516.0,112,2517.0,72,2518.0,130,2519.0,138,2514.0
RM501,,13:40:39.500#,2530.0,2535.0,2494.0,2656.0,2354.0,369086,518317,2509.0,302,2510.0,334,2511.0,154,2512.0,81,2513.0,365,2515.0,565,2516.0,112,2517.0,72,2518.0,130,2519.0,138,2514.0
RM501,,13:40:39.750#,2530.0,2535.0,2494.0,2656.0,2354.0,369086,518317,2509.0,302,2510.0,334,2511.0,154,2512.0,81,2513.0,366,2515.0,566,2516.0,112,2517.0,72,2518.0,130,2519.0,138,2514.0
RM501,,13:40:40.0#,2530.0,2535.0,2494.0,2656.0,2354.0,369086,518317,2509.0,302,2510.0,334,2511.0,154,2512.0,81,2513.0,366,2514.0,1,2515.0,119,2516.0,112,2517.0,72,2518.0,130,2514.0
RM501,,13:40:40.500#,2530.0,2535.0,2494.0,2656.0,2354.0,369087,518317,2509.0,302,2510.0,334,2511.0,154,2512.0,81,2513.0,366,2515.0,575,2516.0,112,2517.0,72,2518.0,130,2519.0,138,2514.0
RM501,,13:40:40.750#,2530.0,2535.0,2494.0,2656.0,2354.0,369087,518317,2509.0,302,2510.0,334,2511.0,154,2512.0,81,2513.0,366,2515.0,556,2516.0,112,2517.0,72,2518.0,130,2519.0,138,2514.0
RM501,,13:40:41.0#,2530.0,2535.0,2494.0,2656.0,2354.0,369087,518317,2510.0,334,2511.0,154,2512.0,81,2513.0,301,2514.0,1,2515.0,567,2516.0,112,2517.0,72,2518.0,130,2519.0,138,2514.0
RM501,,13:40:41.250#,2530.0,2535.0,2494.0,2656.0,2354.0,369087,518317,2510.0,334,2511.0,154,2512.0,81,2513.0,305,2514.0,5,2515.0,554,2516.0,112,2517.0,72,2518.0,130,2519.0,138,2514.0
RM501,,13:40:41.500#,2530.0,2535.0,2494.0,2656.0,2354.0,369087,518317,2510.0,334,2511.0,154,2512.0,81,2513.0,303,2514.0,98,2515.0,122,2516.0,112,2517.0,72,2518.0,130,2519.0,138,2514.0
RM501,,13:40:41.750#,2530.0,2535.0,2494.0,2656.0,2354.0,369087,518317,2510.0,334,2511.0,153,2512.0,81,2513.0,303,2514.0,132,2515.0,101,2516.0,112,2517.0,72,2518.0,130,2519.0,138,2514.0
RM501,,13:40:42.0#,2530.0,2535.0,2494.0,2656.0,2354.0,369087,518317,2510.0,334,2511.0,153,2512.0,81,2513.0,303,2514.0,132,2515.0,104,2516.0,112,2517.0,72,2518.0,130,2519.0,138,2514.0
RM501,,13:40:42.250#,2530.0,2535.0,2494.0,2656.0,2354.0,369087,518317,2510.0,334,2511.0,153,2512.0,81,2513.0,303,2514.0,132,2515.0,82,2516.0,112,2517.0,72,2518.0,130,2519.0,138,2514.0
RM501,,13:40:42.500#,2530.0,2535.0,2494.0,2656.0,2354.0,369087,518317,2510.0,334,2511.0,153,2512.0,82,2513.0,302,2514.0,133,2515.0,78,2516.0,112,2517.0,72,2518.0,130,2519.0,138,2514.0
RM501,,13:40:43.0#,2530.0,2535.0,2494.0,2656.0,2354.0,369087,518317,2510.0,334,2511.0,153,2512.0,82,2513.0,303,2514.0,133,2515.0,78,2516.0,112,2517.0,72,2518.0,130,2519.0,138,2514.0
RM501,,13:40:43.250#,2530.0,2535.0,2494.0,2656.0,2354.0,369087,518317,2510.0,334,2511.0,153,2512.0,107,2513.0,303,2514.0,133,2515.0,78,2516.0,112,2517.0,72,2518.0,135,2519.0,138,2514.0
RM501,,13:40:43.750#,2530.0,2535.0,2494.0,2656.0,2354.0,369087,518317,2510.0,334,2511.0,153,2512.0,106,2513.0,303,2514.0,133,2515.0,78,2516.0,112,2517.0,72,2518.0,135,2519.0,138,2514.0
RM501,,13:40:44.0#,2530.0,2535.0,2494.0,2656.0,2354.0,369087,518317,2510.0,333,2511.0,153,2512.0,106,2513.0,303,2514.0,133,2515.0,80,2516.0,112,2517.0,72,2518.0,135,2519.0,138,2514.0
RM501,,13:40:44.250#,2530.0,2535.0,2494.0,2656.0,2354.0,369087,518317,2510.0,333,2511.0,153,2512.0,106,2513.0,303,2514.0,135,2515.0,80,2516.0,112,2517.0,72,2518.0,135,2519.0,138,2514.0
RM501,,13:40:44.500#,2530.0,2535.0,2494.0,2656.0,2354.0,369087,518317,2510.0,333,2511.0,153,2512.0,106,2513.0,303,2514.0,135,2515.0,69,2516.0,112,2517.0,72,2518.0,135,2519.0,138,2514.0
RM501,,13:40:44.750#,2530.0,2535.0,2494.0,2656.0,2354.0,369087,518317,2510.0,333,2511.0,153,2512.0,106,2513.0,305,2514.0,136,2515.0,69,2516.0,112,2517.0,72,2518.0,135,2519.0,138,2514.0
RM501,,13:40:45.250#,2530.0,2535.0,2494.0,2656.0,2354.0,369087,518317,2510.0,333,2511.0,153,2512.0,106,2513.0,306,2514.0,136,2515.0,69,2516.0,112,2517.0,72,2518.0,135,2519.0,138,2514.0
RM501,,13:40:45.500#,2530.0,2535.0,2494.0,2656.0,2354.0,369087,518317,2510.0,333,2511.0,153,2512.0,106,2513.0,306,2514.0,138,2515.0,69,2516.0,112,2517.0,72,2518.0,135,2519.0,138,2514.0
RM501,,13:40:45.750#,2530.0,2535.0,2494.0,2656.0,2354.0,369087,518317,2510.0,333,2511.0,153,2512.0,106,2513.0,306,2514.0,138,2515.0,71,2516.0,112,2517.0,72,2518.0,135,2519.0,138,2514.0
RM501,,13:40:46.500#,2530.0,2535.0,2494.0,2656.0,2354.0,369087,518317,2510.0,333,2511.0,153,2512.0,106,2513.0,306,2514.0,138,2515.0,69,2516.0,112,2517.0,72,2518.0,135,2519.0,138,2514.0
RM501,,13:40:46.750#,2530.0,2535.0,2494.0,2656.0,2354.0,369087,518317,2510.0,333,2511.0,153,2512.0,106,2513.0,307,2514.0,138,2515.0,69,2516.0,114,2517.0,72,2518.0,135,2519.0,138,2514.0
RM501,,13:40:47.250#,2530.0,2535.0,2494.0,2656.0,2354.0,369087,518317,2510.0,333,2511.0,153,2512.0,106,2513.0,307,2514.0,138,2515.0,69,2516.0,114,2517.0,72,2518.0,135,2519.0,138,2514.0
RM501,,13:40:47.750#,2530.0,2535.0,2494.0,2656.0,2354.0,369087,518317,2510.0,333,2511.0,153,2512.0,107,2513.0,306,2514.0,138,2515.0,69,2516.0,114,2517.0,72,2518.0,135,2519.0,138,2514.0
RM501,,13:40:48.0#,2530.0,2535.0,2494.0,2656.0,2354.0,369087,518317,2510.0,333,2511.0,153,2512.0,107,2513.0,306,2514.0,138,2515.0,74,2516.0,114,2517.0,72,2518.0,135,2519.0,138,2514.0
RM501,,13:40:48.250#,2530.0,2535.0,2494.0,2656.0,2354.0,369087,518317,2510.0,333,2511.0,153,2512.0,108,2513.0,306,2514.0,138,2515.0,79,2516.0,114,2517.0,72,2518.0,135,2519.0,138,2514.0
RM501,,13:40:48.750#,2530.0,2535.0,2494.0,2656.0,2354.0,369090,518317,2510.0,333,2511.0,153,2512.0,108,2513.0,306,2514.0,138,2515.0,76,2516.0,114,2517.0,72,2518.0,135,2519.0,138,2515.0
RM501,,13:40:49.250#,2530.0,2535.0,2494.0,2656.0,2354.0,369090,518317,2510.0,333,2511.0,153,2512.0,108,2513.0,306,2514.0,139,2515.0,76,2516.0,114,2517.0,72,2518.0,135,2519.0,138,2515.0
RM501,,13:40:49.500#,2530.0,2535.0,2494.0,2656.0,2354.0,369098,518321,2510.0,333,2511.0,153,2512.0,108,2513.0,306,2514.0,139,2515.0,67,2516.0,114,2517.0,72,2518.0,135,2519.0,138,2515.0
RM501,,13:40:49.750#,2530.0,2535.0,2494.0,2656.0,2354.0,369098,518321,2510.0,333,2511.0,158,2512.0,108,2513.0,306,2514.0,148,2515.0,67,2516.0,114,2517.0,72,2518.0,135,2519.0,138,2515.0
RM501,,13:40:50.0#,2530.0,2535.0,2494.0,2656.0,2354.0,369098,518321,2510.0,333,2511.0,158,2512.0,108,2513.0,306,2514.0,148,2515.0,67,2516.0,114,2517.0,72,2518.0,135,2519.0,138,2515.0
RM501,,13:40:50.250#,2530.0,2535.0,2494.0,2656.0,2354.0,369098,518321,2510.0,333,2511.0,158,2512.0,108,2513.0,306,2514.0,148,2515.0,67,2516.0,114,2517.0,72,2518.0,135,2519.0,138,2515.0
RM501,,13:40:50.750#,2530.0,2535.0,2494.0,2656.0,2354.0,369098,518321,2510.0,333,2511.0,158,2512.0,108,2513.0,306,2514.0,148,2515.0,67,2516.0,114,2517.0,72,2518.0,135,2519.0,138,2515.0
RM501,,13:40:51.0#,2530.0,2535.0,2494.0,2656.0,2354.0,369098,518321,2510.0,333,2511.0,158,2512.0,108,2513.0,306,2514.0,148,2515.0,67,2516.0,114,2517.0,72,2518.0,135,2519.0,138,2515.0
RM501,,13:40:51.250#,2530.0,2535.0,2494.0,2656.0,2354.0,369098,518321,2510.0,334,2511.0,158,2512.0,108,2513.0,306,2514.0,148,2515.0,67,2516.0,114,2517.0,72,2518.0,135,2519.0,138,2515.0
RM501,,13:40:51.500#,2530.0,2535.0,2494.0,2656.0,2354.0,369098,518321,2510.0,334,2511.0,158,2512.0,108,2513.0,295,2514.0,148,2515.0,67,2516.0,114,2517.0,72,2518.0,135,2519.0,138,2515.0
RM501,,13:40:52.0#,2530.0,2535.0,2494.0,2656.0,2354.0,369098,518321,2510.0,334,2511.0,158,2512.0,109,2513.0,295,2514.0,148,2515.0,67,2516.0,114,2517.0,72,2518.0,135,2519.0,139,2515.0
RM501,,13:40:52.500#,2530.0,2535.0,2494.0,2656.0,2354.0,369098,518321,2510.0,334,2511.0,158,2512.0,109,2513.0,295,2514.0,149,2515.0,67,2516.0,114,2517.0,72,2518.0,135,2519.0,139,2515.0
RM501,,13:40:53.0#,2530.0,2535.0,2494.0,2656.0,2354.0,369100,518320,2510.0,334,2511.0,158,2512.0,109,2513.0,295,2514.0,149,2515.0,66,2516.0,114,2517.0,72,2518.0,135,2519.0,139,2515.0
RM501,,13:40:53.500#,2530.0,2535.0,2494.0,2656.0,2354.0,369100,518320,2510.0,334,2511.0,158,2512.0,109,2513.0,295,2514.0,150,2515.0,66,2516.0,114,2517.0,72,2518.0,135,2519.0,139,2515.0
RM501,,13:40:54.0#,2530.0,2535.0,2494.0,2656.0,2354.0,369166,518331,2511.0,158,2512.0,109,2513.0,295,2514.0,85,2515.0,1,2516.0,118,2517.0,72,2518.0,135,2519.0,139,2520.0,177,2515.0
RM501,,13:40:54.250#,2530.0,2535.0,2494.0,2656.0,2354.0,369166,518331,2511.0,158,2512.0,109,2513.0,295,2514.0,87,2515.0,41,2516.0,123,2517.0,72,2518.0,135,2519.0,139,2520.0,177,2515.0
RM501,,13:40:54.500#,2530.0,2535.0,2494.0,2656.0,2354.0,369301,518245,2512.0,108,2513.0,295,2514.0,87,2515.0,53,2516.0,115,2517.0,611,2518.0,135,2519.0,139,2520.0,177,2521.0,101,2516.0
RM501,,13:40:54.750#,2530.0,2535.0,2494.0,2656.0,2354.0,369416,518200,2511.0,153,2512.0,109,2513.0,296,2514.0,84,2515.0,59,2516.0,2,2517.0,91,2518.0,134,2519.0,139,2520.0,165,2516.0
RM501,,13:40:55.0#,2530.0,2535.0,2494.0,2656.0,2354.0,369416,518200,2511.0,153,2512.0,109,2513.0,296,2514.0,84,2515.0,69,2516.0,42,2517.0,91,2518.0,134,2519.0,139,2520.0,165,2516.0
RM501,,13:40:55.250#,2530.0,2535.0,2494.0,2656.0,2354.0,369416,518200,2511.0,153,2512.0,110,2513.0,296,2514.0,84,2515.0,73,2516.0,52,2517.0,91,2518.0,134,2519.0,139,2520.0,165,2516.0
RM501,,13:40:55.500#,2530.0,2535.0,2494.0,2656.0,2354.0,369416,518200,2511.0,153,2512.0,110,2513.0,296,2514.0,84,2515.0,74,2516.0,52,2517.0,91,2518.0,134,2519.0,139,2520.0,165,2516.0
RM501,,13:40:55.750#,2530.0,2535.0,2494.0,2656.0,2354.0,369418,518199,2511.0,153,2512.0,110,2513.0,296,2514.0,84,2515.0,74,2516.0,60,2517.0,91,2518.0,134,2519.0,139,2520.0,166,2516.0
RM501,,13:40:56.250#,2530.0,2535.0,2494.0,2656.0,2354.0,369418,518199,2511.0,153,2512.0,110,2513.0,296,2514.0,84,2515.0,74,2516.0,60,2517.0,91,2518.0,134,2519.0,139,2520.0,166,2516.0
RM501,,13:40:56.500#,2530.0,2535.0,2494.0,2656.0,2354.0,369418,518199,2511.0,153,2512.0,110,2513.0,296,2514.0,84,2515.0,74,2516.0,60,2517.0,91,2518.0,134,2519.0,139,2520.0,166,2516.0
RM501,,13:40:56.750#,2530.0,2535.0,2494.0,2656.0,2354.0,369418,518199,2511.0,153,2512.0,110,2513.0,296,2514.0,86,2515.0,73,2516.0,52,2517.0,91,2518.0,133,2519.0,139,2520.0,166,2516.0
RM501,,13:40:57.0#,2530.0,2535.0,2494.0,2656.0,2354.0,369418,518199,2511.0,153,2512.0,110,2513.0,296,2514.0,86,2515.0,73,2516.0,82,2517.0,91,2518.0,133,2519.0,139,2520.0,166,2516.0
RM501,,13:40:57.250#,2530.0,2535.0,2494.0,2656.0,2354.0,369418,518199,2511.0,153,2512.0,110,2513.0,296,2514.0,88,2515.0,74,2516.0,82,2517.0,91,2518.0,133,2519.0,139,2520.0,166,2516.0
RM501,,13:40:57.500#,2530.0,2535.0,2494.0,2656.0,2354.0,369418,518199,2511.0,153,2512.0,110,2513.0,296,2514.0,88,2515.0,74,2516.0,80,2517.0,91,2518.0,133,2519.0,139,2520.0,166,2516.0
RM501,,13:40:57.750#,2530.0,2535.0,2494.0,2656.0,2354.0,369418,518199,2511.0,153,2512.0,110,2513.0,296,2514.0,88,2515.0,75,2516.0,80,2517.0,91,2518.0,133,2519.0,139,2520.0,166,2516.0
RM501,,13:40:58.0#,2530.0,2535.0,2494.0,2656.0,2354.0,369418,518199,2511.0,153,2512.0,111,2513.0,296,2514.0,88,2515.0,75,2516.0,80,2517.0,91,2518.0,133,2519.0,139,2520.0,166,2516.0
RM501,,13:40:58.250#,2530.0,2535.0,2494.0,2656.0,2354.0,369418,518199,2511.0,153,2512.0,111,2513.0,297,2514.0,88,2515.0,75,2516.0,72,2517.0,91,2518.0,133,2519.0,139,2520.0,166,2516.0
RM501,,13:40:58.750#,2530.0,2535.0,2494.0,2656.0,2354.0,369469,518220,2511.0,153,2512.0,111,2513.0,297,2514.0,88,2515.0,105,2516.0,42,2517.0,91,2518.0,133,2519.0,139,2520.0,166,2515.0
RM501,,13:40:59.0#,2530.0,2535.0,2494.0,2656.0,2354.0,369469,518220,2511.0,159,2512.0,111,2513.0,297,2514.0,88,2515.0,106,2516.0,42,2517.0,91,2518.0,133,2519.0,139,2520.0,166,2515.0
RM501,,13:40:59.250#,2530.0,2535.0,2494.0,2656.0,2354.0,369469,518220,2511.0,159,2512.0,111,2513.0,297,2514.0,88,2515.0,107,2516.0,68,2517.0,91,2518.0,133,2519.0,139,2520.0,166,2515.0
RM501,,13:40:59.500#,2530.0,2535.0,2494.0,2656.0,2354.0,369469,518220,2511.0,159,2512.0,111,2513.0,297,2514.0,88,2515.0,107,2516.0,69,2517.0,91,2518.0,133,2519.0,139,2520.0,166,2515.0
RM501,,13:41:00.0#,2530.0,2535.0,2494.0,2656.0,2354.0,369469,518220,2511.0,159,2512.0,110,2513.0,297,2514.0,88,2515.0,107,2516.0,70,2517.0,91,2518.0,133,2519.0,139,2520.0,166,2515.0
RM501,,13:41:00.250#,2530.0,2535.0,2494.0,2656.0,2354.0,369469,518220,2511.0,163,2512.0,110,2513.0,297,2514.0,88,2515.0,108,2516.0,70,2517.0,91,2518.0,133,2519.0,139,2520.0,166,2515.0
RM501,,13:41:00.500#,2530.0,2535.0,2494.0,2656.0,2354.0,369539,518210,2511.0,163,2512.0,110,2513.0,297,2514.0,88,2515.0,171,2517.0,110,2518.0,133,2519.0,139,2520.0,166,2521.0,113,2516.0
RM501,,13:41:00.750#,2530.0,2535.0,2494.0,2656.0,2354.0,369539,518210,2512.0,110,2513.0,297,2514.0,88,2515.0,106,2516.0,117,2517.0,115,2518.0,133,2519.0,139,2520.0,166,2521.0,113,2516.0
RM501,,13:41:01.0#,2530.0,2535.0,2494.0,2656.0,2354.0,369539,518210,2512.0,110,2513.0,297,2514.0,88,2515.0,106,2516.0,70,2517.0,127,2518.0,133,2519.0,139,2520.0,166,2521.0,113,2516.0
RM501,,13:41:01.250#,2530.0,2535.0,2494.0,2656.0,2354.0,369540,518210,2512.0,110,2513.0,297,2514.0,88,2515.0,107,2516.0,70,2517.0,131,2518.0,133,2519.0,139,2520.0,166,2521.0,113,2516.0
RM501,,13:41:01.500#,2530.0,2535.0,2494.0,2656.0,2354.0,369612,518181,2512.0,110,2513.0,297,2514.0,88,2515.0,107,2516.0,84,2517.0,130,2518.0,133,2519.0,139,2520.0,166,2521.0,113,2517.0
RM501,,13:41:01.750#,2530.0,2535.0,2494.0,2656.0,2354.0,369650,518158,2511.0,163,2512.0,115,2513.0,297,2514.0,88,2515.0,531,2517.0,462,2518.0,133,2519.0,139,2520.0,166,2521.0,113,2517.0
RM501,,13:41:02.0#,2530.0,2535.0,2494.0,2656.0,2354.0,369652,518159,2511.0,163,2512.0,117,2513.0,296,2514.0,88,2515.0,504,2516.0,27,2517.0,137,2518.0,133,2519.0,139,2520.0,166,2516.0
RM501,,13:41:02.250#,2530.0,2535.0,2494.0,2656.0,2354.0,369661,518164,2511.0,163,2512.0,117,2513.0,296,2514.0,88,2515.0,567,2516.0,28,2517.0,138,2518.0,133,2519.0,139,2520.0,166,2516.0
RM501,,13:41:02.500#,2530.0,2535.0,2494.0,2656.0,2354.0,369661,518164,2511.0,163,2512.0,117,2513.0,296,2514.0,89,2515.0,566,2516.0,20,2517.0,139,2518.0,133,2519.0,139,2520.0,166,2516.0
RM501,,13:41:02.750#,2530.0,2535.0,2494.0,2656.0,2354.0,369664,518161,2511.0,162,2512.0,117,2513.0,296,2514.0,89,2515.0,568,2516.0,13,2517.0,123,2518.0,133,2519.0,139,2520.0,166,2516.0
RM501,,13:41:03.0#,2530.0,2535.0,2494.0,2656.0,2354.0,369667,518158,2511.0,162,2512.0,122,2513.0,296,2514.0,89,2515.0,522,2516.0,18,2517.0,125,2518.0,134,2519.0,139,2520.0,166,2516.0
RM501,,13:41:03.250#,2530.0,2535.0,2494.0,2656.0,2354.0,369670,518155,2511.0,162,2512.0,122,2513.0,296,2514.0,89,2515.0,523,2516.0,33,2517.0,125,2518.0,134,2519.0,139,2520.0,166,2516.0
RM501,,13:41:03.500#,2530.0,2535.0,2494.0,2656.0,2354.0,369670,518155,2511.0,162,2512.0,122,2513.0,296,2514.0,89,2515.0,367,2516.0,35,2517.0,125,2518.0,134,2519.0,139,2520.0,166,2516.0
RM501,,13:41:03.750#,2530.0,2535.0,2494.0,2656.0,2354.0,369671,518155,2511.0,162,2512.0,122,2513.0,296,2514.0,89,2515.0,371,2516.0,45,2517.0,125,2518.0,134,2519.0,140,2520.0,166,2516.0
RM501,,13:41:04.0#,2530.0,2535.0,2494.0,2656.0,2354.0,369671,518155,2511.0,162,2512.0,123,2513.0,296,2514.0,89,2515.0,371,2516.0,63,2517.0,125,2518.0,134,2519.0,140,2520.0,166,2516.0
RM501,,13:41:04.250#,2530.0,2535.0,2494.0,2656.0,2354.0,369671,518155,2511.0,162,2512.0,123,2513.0,296,2514.0,89,2515.0,370,2516.0,63,2517.0,125,2518.0,134,2519.0,140,2520.0,166,2516.0
RM501,,13:41:04.500#,2530.0,2535.0,2494.0,2656.0,2354.0,369672,518154,2511.0,162,2512.0,123,2513.0,296,2514.0,89,2515.0,370,2516.0,65,2517.0,125,2518.0,134,2519.0,140,2520.0,166,2515.0
RM501,,13:41:04.750#,2530.0,2535.0,2494.0,2656.0,2354.0,369672,518154,2511.0,162,2512.0,123,2513.0,296,2514.0,89,2515.0,369,2516.0,75,2517.0,125,2518.0,134,2519.0,140,2520.0,166,2515.0
RM501,,13:41:05.0#,2530.0,2535.0,2494.0,2656.0,2354.0,369677,518154,2511.0,162,2512.0,123,2513.0,296,2514.0,89,2515.0,369,2516.0,72,2517.0,125,2518.0,135,2519.0,140,2520.0,166,2516.0
RM501,,13:41:05.250#,2530.0,2535.0,2494.0,2656.0,2354.0,370177,518066,2510.0,330,2511.0,162,2512.0,122,2513.0,296,2514.0,91,2516.0,107,2517.0,125,2518.0,135,2519.0,140,2520.0,166,2515.0
RM501,,13:41:05.500#,2530.0,2535.0,2494.0,2656.0,2354.0,370177,518066,2511.0,162,2512.0,122,2513.0,296,2514.0,96,2515.0,1,2516.0,136,2517.0,126,2518.0,135,2519.0,140,2520.0,166,2515.0
RM501,,13:41:05.750#,2530.0,2535.0,2494.0,2656.0,2354.0,370180,518067,2511.0,162,2512.0,122,2513.0,296,2514.0,96,2515.0,3,2516.0,274,2517.0,126,2518.0,135,2519.0,140,2520.0,166,2515.0
RM501,,13:41:06.0#,2530.0,2535.0,2494.0,2656.0,2354.0,370180,518067,2511.0,162,2512.0,122,2513.0,296,2514.0,96,2515.0,14,2516.0,272,2517.0,126,2518.0,135,2519.0,140,2520.0,166,2515.0
RM501,,13:41:06.250#,2530.0,2535.0,2494.0,2656.0,2354.0,370180,518067,2511.0,162,2512.0,122,2513.0,296,2514.0,96,2515.0,13,2516.0,272,2517.0,126,2518.0,135,2519.0,140,2520.0,166,2515.0
RM501,,13:41:06.500#,2530.0,2535.0,2494.0,2656.0,2354.0,370180,518067,2511.0,162,2512.0,122,2513.0,296,2514.0,96,2515.0,13,2516.0,153,2517.0,126,2518.0,135,2519.0,140,2520.0,166,2515.0
RM501,,13:41:07.0#,2530.0,2535.0,2494.0,2656.0,2354.0,370180,518067,2511.0,162,2512.0,125,2513.0,296,2514.0,96,2515.0,14,2516.0,153,2517.0,126,2518.0,135,2519.0,140,2520.0,166,2515.0
RM501,,13:41:07.250#,2530.0,2535.0,2494.0,2656.0,2354.0,370180,518067,2511.0,162,2512.0,125,2513.0,295,2514.0,96,2515.0,14,2516.0,153,2517.0,126,2518.0,135,2519.0,140,2520.0,166,2515.0
RM501,,13:41:07.500#,2530.0,2535.0,2494.0,2656.0,2354.0,370180,518067,2511.0,162,2512.0,125,2513.0,295,2514.0,96,2515.0,14,2516.0,153,2517.0,130,2518.0,135,2519.0,140,2520.0,166,2515.0
RM501,,13:41:08.500#,2530.0,2535.0,2494.0,2656.0,2354.0,370182,518067,2511.0,162,2512.0,126,2513.0,295,2514.0,96,2515.0,16,2516.0,152,2517.0,130,2518.0,135,2519.0,140,2520.0,166,2516.0
RM501,,13:41:09.0#,2530.0,2535.0,2494.0,2656.0,2354.0,370182,518067,2511.0,162,2512.0,126,2513.0,295,2514.0,96,2515.0,11,2516.0,154,2517.0,130,2518.0,139,2519.0,140,2520.0,166,2516.0
RM501,,13:41:10.250#,2530.0,2535.0,2494.0,2656.0,2354.0,370198,518064,2510.0,331,2511.0,162,2512.0,128,2513.0,295,2514.0,153,2515.0,6,2516.0,146,2517.0,129,2518.0,139,2519.0,140,2515.0
RM501,,13:41:10.500#,2530.0,2535.0,2494.0,2656.0,2354.0,370204,518064,2510.0,331,2511.0,162,2512.0,128,2513.0,295,2514.0,237,2516.0,152,2517.0,130,2518.0,139,2519.0,140,2520.0,166,2515.0
RM501,,13:41:11.0#,2530.0,2535.0,2494.0,2656.0,2354.0,370204,518064,2511.0,162,2512.0,128,2513.0,295,2514.0,99,2515.0,28,2516.0,148,2517.0,130,2518.0,143,2519.0,140,2520.0,166,2515.0
RM501,,13:41:11.500#,2530.0,2535.0,2494.0,2656.0,2354.0,370204,518064,2511.0,162,2512.0,127,2513.0,295,2514.0,100,2515.0,60,2516.0,149,2517.0,130,2518.0,143,2519.0,140,2520.0,166,2515.0
RM501,,13:41:11.750#,2530.0,2535.0,2494.0,2656.0,2354.0,370204,518064,2511.0,162,2512.0,127,2513.0,295,2514.0,100,2515.0,68,2516.0,149,2517.0,130,2518.0,143,2519.0,140,2520.0,166,2515.0
RM501,,13:41:12.250#,2530.0,2535.0,2494.0,2656.0,2354.0,370208,518064,2511.0,162,2512.0,127,2513.0,295,2514.0,112,2515.0,64,2516.0,149,2517.0,130,2518.0,143,2519.0,140,2520.0,166,2515.0
RM501,,13:41:13.0#,2530.0,2535.0,2494.0,2656.0,2354.0,370208,518064,2511.0,162,2512.0,127,2513.0,295,2514.0,112,2515.0,64,2516.0,152,2517.0,130,2518.0,143,2519.0,140,2520.0,166,2515.0
RM501,,13:41:13.250#,2530.0,2535.0,2494.0,2656.0,2354.0,370208,518064,2511.0,162,2512.0,127,2513.0,295,2514.0,112,2515.0,64,2516.0,153,2517.0,130,2518.0,143,2519.0,140,2520.0,166,2515.0
RM501,,13:41:13.500#,2530.0,2535.0,2494.0,2656.0,2354.0,370208,518064,2511.0,162,2512.0,127,2513.0,295,2514.0,112,2515.0,64,2516.0,155,2517.0,130,2518.0,143,2519.0,140,2520.0,166,2515.0
RM501,,13:41:14.0#,2530.0,2535.0,2494.0,2656.0,2354.0,370208,518064,2511.0,162,2512.0,126,2513.0,295,2514.0,112,2515.0,106,2516.0,155,2517.0,132,2518.0,143,2519.0,140,2520.0,166,2515.0
RM501,,13:41:14.500#,2530.0,2535.0,2494.0,2656.0,2354.0,370208,518064,2511.0,162,2512.0,126,2513.0,296,2514.0,113,2515.0,109,2516.0,155,2517.0,132,2518.0,143,2519.0,140,2520.0,166,2515.0
RM501,,13:41:15.0#,2530.0,2535.0,2494.0,2656.0,2354.0,370208,518064,2511.0,162,2512.0,126,2513.0,295,2514.0,113,2515.0,111,2516.0,155,2517.0,132,2518.0,143,2519.0,141,2520.0,166,2515.0
RM501,,13:41:15.500#,2530.0,2535.0,2494.0,2656.0,2354.0,370208,518064,2511.0,162,2512.0,126,2513.0,295,2514.0,113,2515.0,121,2516.0,155,2517.0,132,2518.0,143,2519.0,141,2520.0,166,2515.0
RM501,,13:41:15.750#,2530.0,2535.0,2494.0,2656.0,2354.0,370208,518064,2511.0,162,2512.0,126,2513.0,295,2514.0,113,2515.0,122,2516.0,154,2517.0,133,2518.0,143,2519.0,141,2520.0,166,2515.0
RM501,,13:41:16.0#,2530.0,2535.0,2494.0,2656.0,2354.0,370208,518064,2511.0,162,2512.0,126,2513.0,295,2514.0,113,2515.0,124,2516.0,154,2517.0,133,2518.0,143,2519.0,141,2520.0,166,2515.0
RM501,,13:41:16.500#,2530.0,2535.0,2494.0,2656.0,2354.0,370208,518064,2511.0,162,2512.0,126,2513.0,295,2514.0,113,2515.0,124,2516.0,157,2517.0,133,2518.0,143,2519.0,141,2520.0,166,2515.0
RM501,,13:41:16.750#,2530.0,2535.0,2494.0,2656.0,2354.0,370208,518064,2511.0,162,2512.0,126,2513.0,295,2514.0,114,2515.0,124,2516.0,157,2517.0,133,2518.0,143,2519.0,141,2520.0,166,2515.0
RM501,,13:41:17.0#,2530.0,2535.0,2494.0,2656.0,2354.0,370208,518064,2511.0,162,2512.0,126,2513.0,295,2514.0,114,2515.0,124,2516.0,157,2517.0,133,2518.0,143,2519.0,141,2520.0,166,2515.0
RM501,,13:41:17.500#,2530.0,2535.0,2494.0,2656.0,2354.0,370208,518064,2511.0,162,2512.0,126,2513.0,295,2514.0,114,2515.0,125,2516.0,159,2517.0,134,2518.0,143,2519.0,141,2520.0,166,2515.0
RM501,,13:41:19.500#,2530.0,2535.0,2494.0,2656.0,2354.0,370219,518071,2511.0,163,2512.0,126,2513.0,295,2514.0,105,2515.0,135,2516.0,150,2517.0,134,2518.0,143,2519.0,141,2520.0,166,2516.0
RM501,,13:41:19.750#,2530.0,2535.0,2494.0,2656.0,2354.0,370219,518071,2511.0,163,2512.0,126,2513.0,295,2514.0,105,2515.0,135,2516.0,149,2517.0,134,2518.0,143,2519.0,141,2520.0,166,2516.0
RM501,,13:41:20.0#,2530.0,2535.0,2494.0,2656.0,2354.0,370219,518071,2511.0,163,2512.0,126,2513.0,295,2514.0,105,2515.0,135,2516.0,148,2517.0,134,2518.0,143,2519.0,141,2520.0,166,2516.0
RM501,,13:41:20.500#,2530.0,2535.0,2494.0,2656.0,2354.0,370219,518071,2511.0,163,2512.0,126,2513.0,295,2514.0,105,2515.0,145,2516.0,148,2517.0,134,2518.0,143,2519.0,141,2520.0,166,2516.0
RM501,,13:41:21.0#,2530.0,2535.0,2494.0,2656.0,2354.0,370219,518071,2511.0,163,2512.0,126,2513.0,295,2514.0,105,2515.0,145,2516.0,109,2517.0,134,2518.0,143,2519.0,141,2520.0,166,2516.0
RM501,,13:41:21.250#,2530.0,2535.0,2494.0,2656.0,2354.0,370219,518071,2511.0,163,2512.0,126,2513.0,295,2514.0,105,2515.0,145,2516.0,104,2517.0,134,2518.0,143,2519.0,141,2520.0,166,2516.0
RM501,,13:41:21.750#,2530.0,2535.0,2494.0,2656.0,2354.0,370219,518071,2511.0,163,2512.0,126,2513.0,295,2514.0,105,2515.0,144,2516.0,114,2517.0,134,2518.0,143,2519.0,141,2520.0,166,2516.0
RM501,,13:41:22.750#,2530.0,2535.0,2494.0,2656.0,2354.0,370219,518071,2511.0,163,2512.0,126,2513.0,295,2514.0,105,2515.0,144,2516.0,114,2517.0,134,2518.0,143,2519.0,141,2520.0,166,2516.0
RM501,,13:41:23.0#,2530.0,2535.0,2494.0,2656.0,2354.0,370219,518071,2511.0,163,2512.0,126,2513.0,295,2514.0,105,2515.0,146,2516.0,104,2517.0,134,2518.0,143,2519.0,141,2520.0,166,2516.0
RM501,,13:41:23.250#,2530.0,2535.0,2494.0,2656.0,2354.0,370220,518072,2511.0,163,2512.0,126,2513.0,295,2514.0,105,2515.0,148,2516.0,103,2517.0,134,2518.0,143,2519.0,141,2520.0,166,2516.0
RM501,,13:41:23.500#,2530.0,2535.0,2494.0,2656.0,2354.0,370220,518072,2511.0,163,2512.0,126,2513.0,295,2514.0,105,2515.0,148,2516.0,103,2517.0,134,2518.0,143,2519.0,141,2520.0,166,2516.0
RM501,,13:41:23.750#,2530.0,2535.0,2494.0,2656.0,2354.0,370220,518072,2511.0,163,2512.0,126,2513.0,295,2514.0,105,2515.0,148,2516.0,95,2517.0,134,2518.0,143,2519.0,141,2520.0,166,2516.0
RM501,,13:41:24.0#,2530.0,2535.0,2494.0,2656.0,2354.0,370220,518072,2511.0,164,2512.0,126,2513.0,295,2514.0,105,2515.0,177,2516.0,82,2517.0,134,2518.0,143,2519.0,141,2520.0,166,2516.0
RM501,,13:41:24.250#,2530.0,2535.0,2494.0,2656.0,2354.0,370283,518025,2511.0,164,2512.0,126,2513.0,295,2514.0,105,2515.0,617,2516.0,8,2517.0,134,2518.0,143,2519.0,141,2520.0,166,2516.0
RM501,,13:41:24.500#,2530.0,2535.0,2494.0,2656.0,2354.0,370291,518021,2512.0,126,2513.0,295,2514.0,105,2515.0,177,2516.0,142,2517.0,151,2518.0,147,2519.0,141,2520.0,166,2521.0,113,2516.0
RM501,,13:41:24.750#,2530.0,2535.0,2494.0,2656.0,2354.0,370291,518021,2512.0,126,2513.0,295,2514.0,97,2515.0,165,2516.0,64,2517.0,162,2518.0,147,2519.0,141,2520.0,166,2521.0,113,2516.0
RM501,,13:41:25.0#,2530.0,2535.0,2494.0,2656.0,2354.0,370291,518021,2512.0,126,2513.0,295,2514.0,97,2515.0,165,2516.0,51,2517.0,165,2518.0,147,2519.0,141,2520.0,166,2521.0,113,2516.0
RM501,,13:41:26.0#,2530.0,2535.0,2494.0,2656.0,2354.0,370380,518016,2511.0,164,2512.0,126,2513.0,295,2514.0,97,2515.0,500,2517.0,168,2518.0,147,2519.0,141,2520.0,166,2521.0,113,2516.0
RM501,,13:41:26.250#,2530.0,2535.0,2494.0,2656.0,2354.0,370380,518016,2511.0,164,2512.0,126,2513.0,295,2514.0,97,2515.0,542,2517.0,168,2518.0,147,2519.0,141,2520.0,166,2521.0,113,2516.0
RM501,,13:41:26.500#,2530.0,2535.0,2494.0,2656.0,2354.0,370380,518016,2512.0,126,2513.0,295,2514.0,97,2515.0,166,2516.0,15,2517.0,168,2518.0,147,2519.0,141,2520.0,166,2521.0,113,2516.0
RM501,,13:41:26.750#,2530.0,2535.0,2494.0,2656.0,2354.0,370380,518016,2512.0,127,2513.0,295,2514.0,97,2515.0,171,2516.0,20,2517.0,166,2518.0,147,2519.0,141,2520.0,166,2521.0,113,2516.0
RM501,,13:41:27.0#,2530.0,2535.0,2494.0,2656.0,2354.0,370381,518016,2512.0,127,2513.0,295,2514.0,97,2515.0,171,2516.0,21,2517.0,166,2518.0,147,2519.0,141,2520.0,166,2521.0,113,2516.0
