InstrumentId,ExchangeId,Datetime,OpenPrice,HighestPrice,LowestPrice,UpperLimitPrice,LowerLimitPrice,Volume,OpenInterest,BidPrice5,BidVolume5,BidPrice4,BidVolume4,BidPrice3,BidVolume3,BidPrice2,BidVolume2,BidPrice1,BidVolume1,AskPrice1,AskVolume1,AskPrice2,AskVolume2,AskPrice3,AskVolume3,AskPrice4,AskVolume4,AskPrice5,AskVolume5,LastPrice
RM505,,13:38:35.250#,2550.0,2556.0,2529.0,2687.0,2381.0,11701,46632,2537.0,10,2538.0,23,2539.0,13,2540.0,21,2541.0,22,2543.0,4,2544.0,18,2545.0,9,2546.0,11,2547.0,42,2542.0
RM505,,13:38:42.250#,2550.0,2556.0,2529.0,2687.0,2381.0,11701,46632,2537.0,10,2538.0,23,2539.0,13,2540.0,21,2541.0,22,2543.0,7,2544.0,18,2545.0,9,2546.0,11,2547.0,42,2542.0
RM505,,13:38:44.750#,2550.0,2556.0,2529.0,2687.0,2381.0,11701,46632,2537.0,10,2538.0,23,2539.0,13,2540.0,21,2541.0,22,2543.0,4,2544.0,18,2545.0,9,2546.0,11,2547.0,42,2542.0
RM505,,13:38:49.0#,2550.0,2556.0,2529.0,2687.0,2381.0,11701,46632,2537.0,10,2538.0,23,2539.0,13,2540.0,21,2541.0,22,2543.0,5,2544.0,18,2545.0,9,2546.0,11,2547.0,42,2542.0
RM505,,13:38:50.500#,2550.0,2556.0,2529.0,2687.0,2381.0,11701,46632,2537.0,10,2538.0,23,2539.0,13,2540.0,21,2541.0,22,2543.0,5,2544.0,18,2545.0,9,2546.0,11,2547.0,42,2542.0
RM505,,13:38:51.0#,2550.0,2556.0,2529.0,2687.0,2381.0,11701,46632,2537.0,10,2538.0,23,2539.0,13,2540.0,21,2541.0,21,2543.0,8,2544.0,18,2545.0,9,2546.0,11,2547.0,42,2542.0
RM505,,13:38:51.250#,2550.0,2556.0,2529.0,2687.0,2381.0,11701,46632,2537.0,10,2538.0,23,2539.0,13,2540.0,20,2541.0,22,2543.0,5,2544.0,18,2545.0,9,2546.0,11,2547.0,42,2542.0
RM505,,13:38:51.500#,2550.0,2556.0,2529.0,2687.0,2381.0,11701,46632,2537.0,10,2538.0,23,2539.0,13,2540.0,21,2541.0,21,2543.0,5,2544.0,18,2545.0,9,2546.0,11,2547.0,42,2542.0
RM505,,13:38:51.750#,2550.0,2556.0,2529.0,2687.0,2381.0,11701,46632,2537.0,10,2538.0,23,2539.0,13,2540.0,21,2541.0,22,2543.0,5,2544.0,18,2545.0,9,2546.0,11,2547.0,42,2542.0
RM505,,13:38:53.0#,2550.0,2556.0,2529.0,2687.0,2381.0,11701,46632,2537.0,10,2538.0,23,2539.0,13,2540.0,21,2541.0,22,2543.0,5,2544.0,18,2545.0,9,2546.0,11,2547.0,42,2542.0
RM505,,13:38:55.0#,2550.0,2556.0,2529.0,2687.0,2381.0,11701,46632,2537.0,10,2538.0,23,2539.0,13,2540.0,21,2541.0,22,2543.0,5,2544.0,18,2545.0,9,2546.0,11,2547.0,42,2542.0
RM505,,13:38:58.0#,2550.0,2556.0,2529.0,2687.0,2381.0,11701,46632,2537.0,10,2538.0,23,2539.0,13,2540.0,21,2541.0,22,2543.0,5,2544.0,18,2545.0,9,2546.0,11,2547.0,42,2542.0
RM505,,13:39:03.0#,2550.0,2556.0,2529.0,2687.0,2381.0,11701,46632,2537.0,10,2538.0,23,2539.0,13,2540.0,21,2541.0,22,2543.0,6,2544.0,18,2545.0,9,2546.0,11,2547.0,42,2542.0
RM505,,13:39:03.250#,2550.0,2556.0,2529.0,2687.0,2381.0,11701,46632,2537.0,10,2538.0,23,2539.0,13,2540.0,21,2541.0,22,2543.0,5,2544.0,18,2545.0,9,2546.0,11,2547.0,42,2542.0
RM505,,13:39:07.750#,2550.0,2556.0,2529.0,2687.0,2381.0,11701,46632,2537.0,10,2538.0,23,2539.0,13,2540.0,21,2541.0,22,2543.0,5,2544.0,17,2545.0,9,2546.0,11,2547.0,42,2542.0
RM505,,13:39:08.750#,2550.0,2556.0,2529.0,2687.0,2381.0,11701,46632,2537.0,10,2538.0,23,2539.0,13,2540.0,21,2541.0,22,2543.0,5,2544.0,17,2545.0,9,2546.0,11,2547.0,42,2542.0
RM505,,13:39:13.0#,2550.0,2556.0,2529.0,2687.0,2381.0,11701,46632,2537.0,10,2538.0,23,2539.0,13,2540.0,21,2541.0,21,2543.0,6,2544.0,17,2545.0,9,2546.0,11,2547.0,42,2542.0
RM505,,13:39:13.250#,2550.0,2556.0,2529.0,2687.0,2381.0,11701,46632,2537.0,10,2538.0,23,2539.0,13,2540.0,20,2541.0,21,2543.0,11,2544.0,17,2545.0,9,2546.0,11,2547.0,42,2542.0
RM505,,13:39:13.500#,2550.0,2556.0,2529.0,2687.0,2381.0,11701,46632,2537.0,10,2538.0,23,2539.0,14,2540.0,20,2541.0,21,2543.0,12,2544.0,16,2545.0,9,2546.0,11,2547.0,42,2542.0
RM505,,13:39:13.750#,2550.0,2556.0,2529.0,2687.0,2381.0,11701,46632,2537.0,10,2538.0,23,2539.0,14,2540.0,20,2541.0,21,2542.0,10,2543.0,9,2544.0,16,2545.0,9,2546.0,11,2542.0
RM505,,13:39:14.0#,2550.0,2556.0,2529.0,2687.0,2381.0,11701,46632,2537.0,10,2538.0,23,2539.0,14,2540.0,20,2541.0,21,2543.0,12,2544.0,16,2545.0,9,2546.0,11,2547.0,42,2542.0
RM505,,13:39:14.750#,2550.0,2556.0,2529.0,2687.0,2381.0,11701,46632,2537.0,10,2538.0,23,2539.0,14,2540.0,20,2541.0,18,2542.0,10,2543.0,9,2544.0,16,2545.0,9,2546.0,11,2542.0
RM505,,13:39:15.0#,2550.0,2556.0,2529.0,2687.0,2381.0,11701,46632,2537.0,10,2538.0,23,2539.0,14,2540.0,20,2541.0,14,2542.0,10,2543.0,9,2544.0,16,2545.0,9,2546.0,11,2542.0
RM505,,13:39:17.500#,2550.0,2556.0,2529.0,2687.0,2381.0,11701,46632,2537.0,10,2538.0,23,2539.0,14,2540.0,20,2541.0,18,2542.0,10,2543.0,9,2544.0,16,2545.0,9,2546.0,11,2542.0
RM505,,13:39:18.0#,2550.0,2556.0,2529.0,2687.0,2381.0,11701,46632,2537.0,10,2538.0,23,2539.0,14,2540.0,20,2541.0,18,2542.0,10,2543.0,9,2544.0,16,2545.0,9,2546.0,11,2542.0
RM505,,13:39:18.500#,2550.0,2556.0,2529.0,2687.0,2381.0,11701,46632,2537.0,10,2538.0,23,2539.0,14,2540.0,20,2541.0,18,2542.0,10,2543.0,9,2544.0,16,2545.0,9,2546.0,12,2542.0
RM505,,13:39:22.0#,2550.0,2556.0,2529.0,2687.0,2381.0,11707,46638,2537.0,10,2538.0,23,2539.0,14,2540.0,20,2541.0,18,2542.0,4,2543.0,9,2544.0,16,2545.0,9,2546.0,12,2542.0
RM505,,13:39:25.0#,2550.0,2556.0,2529.0,2687.0,2381.0,11708,46638,2537.0,10,2538.0,23,2539.0,14,2540.0,20,2541.0,18,2542.0,3,2543.0,9,2544.0,16,2545.0,9,2546.0,12,2542.0
RM505,,13:39:33.500#,2550.0,2556.0,2529.0,2687.0,2381.0,11708,46638,2537.0,10,2538.0,23,2539.0,14,2540.0,20,2541.0,18,2542.0,3,2543.0,9,2544.0,16,2545.0,9,2546.0,12,2542.0
RM505,,13:39:35.250#,2550.0,2556.0,2529.0,2687.0,2381.0,11708,46638,2537.0,10,2538.0,23,2539.0,14,2540.0,20,2541.0,18,2542.0,3,2543.0,8,2544.0,16,2545.0,9,2546.0,12,2542.0
RM505,,13:39:36.500#,2550.0,2556.0,2529.0,2687.0,2381.0,11708,46638,2537.0,10,2538.0,23,2539.0,14,2540.0,20,2541.0,14,2542.0,3,2543.0,8,2544.0,16,2545.0,9,2546.0,12,2542.0
RM505,,13:39:36.750#,2550.0,2556.0,2529.0,2687.0,2381.0,11708,46638,2537.0,10,2538.0,23,2539.0,14,2540.0,20,2541.0,14,2542.0,6,2543.0,8,2544.0,16,2545.0,9,2546.0,12,2542.0
RM505,,13:39:37.250#,2550.0,2556.0,2529.0,2687.0,2381.0,11708,46638,2537.0,10,2538.0,23,2539.0,14,2540.0,17,2541.0,14,2542.0,6,2543.0,8,2544.0,16,2545.0,9,2546.0,12,2542.0
RM505,,13:39:37.500#,2550.0,2556.0,2529.0,2687.0,2381.0,11708,46638,2537.0,10,2538.0,23,2539.0,14,2540.0,17,2541.0,14,2542.0,7,2543.0,8,2544.0,16,2545.0,9,2546.0,12,2542.0
RM505,,13:39:37.750#,2550.0,2556.0,2529.0,2687.0,2381.0,11722,46633,2536.0,22,2537.0,10,2538.0,23,2539.0,14,2540.0,17,2542.0,11,2543.0,8,2544.0,16,2545.0,9,2546.0,12,2541.0
RM505,,13:39:38.0#,2550.0,2556.0,2529.0,2687.0,2381.0,11722,46633,2536.0,22,2537.0,13,2538.0,23,2539.0,14,2540.0,17,2542.0,13,2543.0,7,2544.0,16,2545.0,9,2546.0,12,2541.0
RM505,,13:39:38.250#,2550.0,2556.0,2529.0,2687.0,2381.0,11722,46633,2536.0,22,2537.0,13,2538.0,23,2539.0,14,2540.0,17,2542.0,13,2543.0,8,2544.0,16,2545.0,9,2546.0,12,2541.0
RM505,,13:39:38.750#,2550.0,2556.0,2529.0,2687.0,2381.0,11722,46633,2536.0,22,2537.0,13,2538.0,23,2539.0,14,2540.0,21,2542.0,13,2543.0,8,2544.0,16,2545.0,9,2546.0,12,2541.0
RM505,,13:39:39.0#,2550.0,2556.0,2529.0,2687.0,2381.0,11722,46633,2536.0,22,2537.0,13,2538.0,23,2539.0,14,2540.0,24,2542.0,7,2543.0,8,2544.0,16,2545.0,9,2546.0,12,2541.0
RM505,,13:39:39.250#,2550.0,2556.0,2529.0,2687.0,2381.0,11722,46633,2536.0,22,2537.0,13,2538.0,23,2539.0,14,2540.0,25,2542.0,6,2543.0,8,2544.0,16,2545.0,9,2546.0,12,2541.0
RM505,,13:39:39.500#,2550.0,2556.0,2529.0,2687.0,2381.0,11722,46633,2536.0,22,2537.0,13,2538.0,23,2539.0,14,2540.0,25,2542.0,5,2543.0,9,2544.0,16,2545.0,9,2546.0,12,2541.0
RM505,,13:39:40.500#,2550.0,2556.0,2529.0,2687.0,2381.0,11722,46633,2536.0,22,2537.0,13,2538.0,23,2539.0,14,2540.0,25,2542.0,6,2543.0,9,2544.0,16,2545.0,9,2546.0,12,2541.0
RM505,,13:39:40.750#,2550.0,2556.0,2529.0,2687.0,2381.0,11722,46633,2536.0,22,2537.0,13,2538.0,23,2539.0,14,2540.0,24,2542.0,8,2543.0,9,2544.0,16,2545.0,8,2546.0,12,2541.0
RM505,,13:39:41.0#,2550.0,2556.0,2529.0,2687.0,2381.0,11722,46633,2536.0,22,2537.0,13,2538.0,23,2539.0,14,2540.0,24,2542.0,9,2543.0,8,2544.0,16,2545.0,8,2546.0,12,2541.0
RM505,,13:39:41.750#,2550.0,2556.0,2529.0,2687.0,2381.0,11722,46633,2536.0,22,2537.0,13,2538.0,23,2539.0,14,2540.0,24,2542.0,6,2543.0,8,2544.0,16,2545.0,8,2546.0,12,2541.0
RM505,,13:39:42.0#,2550.0,2556.0,2529.0,2687.0,2381.0,11722,46633,2536.0,22,2537.0,13,2538.0,23,2539.0,14,2540.0,24,2542.0,5,2543.0,9,2544.0,16,2545.0,8,2546.0,12,2541.0
RM505,,13:39:42.250#,2550.0,2556.0,2529.0,2687.0,2381.0,11722,46633,2536.0,22,2537.0,13,2538.0,23,2539.0,14,2540.0,25,2542.0,5,2543.0,9,2544.0,16,2545.0,8,2546.0,12,2541.0
RM505,,13:39:43.500#,2550.0,2556.0,2529.0,2687.0,2381.0,11722,46633,2536.0,22,2537.0,13,2538.0,23,2539.0,14,2540.0,24,2542.0,5,2543.0,9,2544.0,16,2545.0,8,2546.0,12,2541.0
RM505,,13:39:43.750#,2550.0,2556.0,2529.0,2687.0,2381.0,11722,46633,2536.0,22,2537.0,13,2538.0,23,2539.0,14,2540.0,24,2542.0,8,2543.0,9,2544.0,16,2545.0,8,2546.0,12,2541.0
RM505,,13:39:44.0#,2550.0,2556.0,2529.0,2687.0,2381.0,11722,46633,2536.0,22,2537.0,13,2538.0,23,2539.0,14,2540.0,24,2542.0,9,2543.0,8,2544.0,16,2545.0,8,2546.0,12,2541.0
RM505,,13:39:46.500#,2550.0,2556.0,2529.0,2687.0,2381.0,11722,46633,2536.0,22,2537.0,13,2538.0,23,2539.0,14,2540.0,24,2542.0,9,2543.0,8,2544.0,16,2545.0,9,2546.0,12,2541.0
RM505,,13:39:49.250#,2550.0,2556.0,2529.0,2687.0,2381.0,11722,46633,2536.0,22,2537.0,13,2538.0,23,2539.0,14,2540.0,24,2542.0,6,2543.0,8,2544.0,16,2545.0,9,2546.0,12,2541.0
RM505,,13:39:49.500#,2550.0,2556.0,2529.0,2687.0,2381.0,11722,46633,2536.0,22,2537.0,13,2538.0,23,2539.0,14,2540.0,25,2542.0,5,2543.0,9,2544.0,16,2545.0,9,2546.0,12,2541.0
RM505,,13:39:49.750#,2550.0,2556.0,2529.0,2687.0,2381.0,11722,46633,2537.0,13,2538.0,23,2539.0,14,2540.0,24,2541.0,7,2542.0,5,2543.0,9,2544.0,16,2545.0,9,2546.0,12,2541.0
RM505,,13:39:50.0#,2550.0,2556.0,2529.0,2687.0,2381.0,11722,46633,2537.0,13,2538.0,23,2539.0,14,2540.0,24,2541.0,11,2542.0,5,2543.0,9,2544.0,16,2545.0,9,2546.0,12,2541.0
RM505,,13:39:50.250#,2550.0,2556.0,2529.0,2687.0,2381.0,11722,46633,2537.0,13,2538.0,23,2539.0,14,2540.0,24,2541.0,14,2542.0,2,2543.0,6,2544.0,16,2545.0,9,2546.0,12,2541.0
RM505,,13:39:50.500#,2550.0,2556.0,2529.0,2687.0,2381.0,11722,46633,2537.0,13,2538.0,23,2539.0,14,2540.0,24,2541.0,15,2542.0,2,2543.0,4,2544.0,17,2545.0,9,2546.0,12,2541.0
RM505,,13:39:50.750#,2550.0,2556.0,2529.0,2687.0,2381.0,11724,46634,2537.0,13,2538.0,23,2539.0,13,2540.0,24,2541.0,15,2543.0,5,2544.0,17,2545.0,10,2546.0,12,2547.0,42,2542.0
RM505,,13:39:51.0#,2550.0,2556.0,2529.0,2687.0,2381.0,11724,46634,2537.0,13,2538.0,23,2539.0,13,2540.0,25,2541.0,16,2543.0,4,2544.0,17,2545.0,10,2546.0,12,2547.0,42,2542.0
RM505,,13:39:51.500#,2550.0,2556.0,2529.0,2687.0,2381.0,11724,46634,2537.0,13,2538.0,23,2539.0,13,2540.0,25,2541.0,16,2543.0,3,2544.0,17,2545.0,10,2546.0,12,2547.0,42,2542.0
RM505,,13:39:55.750#,2550.0,2556.0,2529.0,2687.0,2381.0,11724,46634,2537.0,13,2538.0,23,2539.0,13,2540.0,25,2541.0,17,2543.0,3,2544.0,17,2545.0,10,2546.0,12,2547.0,42,2542.0
RM505,,13:39:58.250#,2550.0,2556.0,2529.0,2687.0,2381.0,11724,46634,2537.0,13,2538.0,23,2539.0,13,2540.0,24,2541.0,17,2543.0,3,2544.0,17,2545.0,10,2546.0,12,2547.0,42,2542.0
RM505,,13:39:59.0#,2550.0,2556.0,2529.0,2687.0,2381.0,11724,46634,2537.0,13,2538.0,24,2539.0,13,2540.0,24,2541.0,17,2543.0,3,2544.0,17,2545.0,10,2546.0,12,2547.0,42,2542.0
RM505,,13:40:02.750#,2550.0,2556.0,2529.0,2687.0,2381.0,11724,46634,2537.0,13,2538.0,24,2539.0,13,2540.0,24,2541.0,16,2543.0,6,2544.0,17,2545.0,10,2546.0,12,2547.0,42,2542.0
RM505,,13:40:03.0#,2550.0,2556.0,2529.0,2687.0,2381.0,11724,46634,2537.0,13,2538.0,24,2539.0,13,2540.0,24,2541.0,16,2543.0,8,2544.0,16,2545.0,9,2546.0,12,2547.0,42,2542.0
RM505,,13:40:03.250#,2550.0,2556.0,2529.0,2687.0,2381.0,11724,46634,2537.0,13,2538.0,24,2539.0,13,2540.0,24,2541.0,16,2543.0,8,2544.0,17,2545.0,9,2546.0,12,2547.0,42,2542.0
RM505,,13:40:04.750#,2550.0,2556.0,2529.0,2687.0,2381.0,11724,46634,2537.0,13,2538.0,24,2539.0,13,2540.0,24,2541.0,16,2543.0,7,2544.0,17,2545.0,9,2546.0,12,2547.0,42,2542.0
RM505,,13:40:05.250#,2550.0,2556.0,2529.0,2687.0,2381.0,11724,46634,2537.0,13,2538.0,24,2539.0,13,2540.0,24,2541.0,16,2543.0,8,2544.0,17,2545.0,9,2546.0,12,2547.0,42,2542.0
RM505,,13:40:06.750#,2550.0,2556.0,2529.0,2687.0,2381.0,11724,46634,2537.0,13,2538.0,24,2539.0,13,2540.0,24,2541.0,16,2543.0,11,2544.0,17,2545.0,9,2546.0,12,2547.0,42,2542.0
RM505,,13:40:09.750#,2550.0,2556.0,2529.0,2687.0,2381.0,11724,46634,2537.0,13,2538.0,24,2539.0,13,2540.0,24,2541.0,13,2543.0,11,2544.0,17,2545.0,9,2546.0,12,2547.0,42,2542.0
RM505,,13:40:11.500#,2550.0,2556.0,2529.0,2687.0,2381.0,11724,46634,2537.0,13,2538.0,23,2539.0,13,2540.0,24,2541.0,13,2543.0,11,2544.0,17,2545.0,9,2546.0,12,2547.0,42,2542.0
RM505,,13:40:14.0#,2550.0,2556.0,2529.0,2687.0,2381.0,11724,46634,2537.0,13,2538.0,23,2539.0,13,2540.0,23,2541.0,13,2542.0,11,2543.0,7,2544.0,17,2545.0,9,2546.0,12,2542.0
RM505,,13:40:14.250#,2550.0,2556.0,2529.0,2687.0,2381.0,11724,46634,2537.0,13,2538.0,24,2539.0,13,2540.0,23,2541.0,13,2542.0,8,2543.0,7,2544.0,16,2545.0,9,2546.0,12,2542.0
RM505,,13:40:14.500#,2550.0,2556.0,2529.0,2687.0,2381.0,11724,46634,2537.0,13,2538.0,24,2539.0,13,2540.0,23,2541.0,13,2542.0,8,2543.0,8,2544.0,16,2545.0,9,2546.0,12,2542.0
RM505,,13:40:14.750#,2550.0,2556.0,2529.0,2687.0,2381.0,11724,46634,2537.0,13,2538.0,23,2539.0,13,2540.0,23,2541.0,13,2542.0,8,2543.0,8,2544.0,16,2545.0,9,2546.0,12,2542.0
RM505,,13:40:15.0#,2550.0,2556.0,2529.0,2687.0,2381.0,11724,46634,2537.0,13,2538.0,23,2539.0,14,2540.0,23,2541.0,13,2542.0,8,2543.0,8,2544.0,16,2545.0,9,2546.0,12,2542.0
RM505,,13:40:16.750#,2550.0,2556.0,2529.0,2687.0,2381.0,11724,46634,2537.0,13,2538.0,23,2539.0,14,2540.0,23,2541.0,13,2542.0,3,2543.0,8,2544.0,16,2545.0,9,2546.0,12,2542.0
RM505,,13:40:17.0#,2550.0,2556.0,2529.0,2687.0,2381.0,11724,46634,2537.0,13,2538.0,23,2539.0,14,2540.0,23,2541.0,13,2543.0,12,2544.0,16,2545.0,9,2546.0,12,2547.0,42,2542.0
RM505,,13:40:17.250#,2550.0,2556.0,2529.0,2687.0,2381.0,11724,46634,2537.0,13,2538.0,23,2539.0,14,2540.0,23,2541.0,16,2543.0,12,2544.0,16,2545.0,9,2546.0,12,2547.0,42,2542.0
RM505,,13:40:18.0#,2550.0,2556.0,2529.0,2687.0,2381.0,11724,46634,2537.0,13,2538.0,23,2539.0,14,2540.0,23,2541.0,16,2543.0,9,2544.0,16,2545.0,9,2546.0,12,2547.0,42,2542.0
RM505,,13:40:19.750#,2550.0,2556.0,2529.0,2687.0,2381.0,11724,46634,2537.0,13,2538.0,23,2539.0,14,2540.0,23,2541.0,16,2543.0,12,2544.0,16,2545.0,9,2546.0,12,2547.0,42,2542.0
RM505,,13:40:21.0#,2550.0,2556.0,2529.0,2687.0,2381.0,11724,46634,2537.0,13,2538.0,23,2539.0,14,2540.0,23,2541.0,17,2543.0,9,2544.0,16,2545.0,9,2546.0,11,2547.0,42,2542.0
RM505,,13:40:21.250#,2550.0,2556.0,2529.0,2687.0,2381.0,11724,46634,2537.0,13,2538.0,23,2539.0,13,2540.0,23,2541.0,17,2543.0,4,2544.0,16,2545.0,9,2546.0,11,2547.0,42,2542.0
RM505,,13:40:21.500#,2550.0,2556.0,2529.0,2687.0,2381.0,11724,46634,2537.0,13,2538.0,23,2539.0,13,2540.0,24,2541.0,17,2543.0,3,2544.0,17,2545.0,10,2546.0,11,2547.0,42,2542.0
RM505,,13:40:27.250#,2550.0,2556.0,2529.0,2687.0,2381.0,11724,46634,2537.0,13,2538.0,23,2539.0,13,2540.0,24,2541.0,17,2543.0,3,2544.0,17,2545.0,10,2546.0,11,2547.0,42,2542.0
RM505,,13:40:30.750#,2550.0,2556.0,2529.0,2687.0,2381.0,11724,46634,2538.0,23,2539.0,13,2540.0,24,2541.0,16,2542.0,2,2543.0,3,2544.0,17,2545.0,10,2546.0,11,2547.0,42,2542.0
RM505,,13:40:31.0#,2550.0,2556.0,2529.0,2687.0,2381.0,11724,46634,2538.0,23,2539.0,13,2540.0,24,2541.0,16,2542.0,6,2543.0,3,2544.0,17,2545.0,10,2546.0,11,2547.0,42,2542.0
RM505,,13:40:31.500#,2550.0,2556.0,2529.0,2687.0,2381.0,11724,46634,2538.0,23,2539.0,13,2540.0,24,2541.0,16,2542.0,7,2543.0,3,2544.0,17,2545.0,10,2546.0,11,2547.0,42,2542.0
RM505,,13:40:31.750#,2550.0,2556.0,2529.0,2687.0,2381.0,11724,46634,2538.0,23,2539.0,13,2540.0,23,2541.0,16,2542.0,7,2543.0,3,2544.0,17,2545.0,10,2546.0,11,2547.0,42,2542.0
RM505,,13:40:32.0#,2550.0,2556.0,2529.0,2687.0,2381.0,11724,46634,2538.0,22,2539.0,14,2540.0,23,2541.0,17,2542.0,7,2543.0,3,2544.0,16,2545.0,11,2546.0,11,2547.0,42,2542.0
RM505,,13:40:34.500#,2550.0,2556.0,2529.0,2687.0,2381.0,11724,46634,2538.0,22,2539.0,14,2540.0,23,2541.0,17,2542.0,6,2543.0,3,2544.0,16,2545.0,11,2546.0,11,2547.0,42,2542.0
RM505,,13:40:34.750#,2550.0,2556.0,2529.0,2687.0,2381.0,11724,46634,2538.0,22,2539.0,14,2540.0,23,2541.0,17,2542.0,7,2543.0,3,2544.0,16,2545.0,11,2546.0,11,2547.0,42,2542.0
RM505,,13:40:35.500#,2550.0,2556.0,2529.0,2687.0,2381.0,11724,46634,2538.0,22,2539.0,14,2540.0,23,2541.0,17,2542.0,6,2543.0,3,2544.0,16,2545.0,11,2546.0,11,2547.0,42,2542.0
RM505,,13:40:35.750#,2550.0,2556.0,2529.0,2687.0,2381.0,11724,46634,2538.0,22,2539.0,14,2540.0,23,2541.0,17,2542.0,7,2543.0,3,2544.0,16,2545.0,11,2546.0,11,2547.0,42,2542.0
RM505,,13:40:36.0#,2550.0,2556.0,2529.0,2687.0,2381.0,11724,46634,2538.0,22,2539.0,14,2540.0,23,2541.0,17,2542.0,6,2543.0,3,2544.0,16,2545.0,11,2546.0,11,2547.0,42,2542.0
RM505,,13:40:40.250#,2550.0,2556.0,2529.0,2687.0,2381.0,11724,46634,2538.0,22,2539.0,14,2540.0,23,2541.0,16,2542.0,6,2543.0,3,2544.0,16,2545.0,11,2546.0,11,2547.0,42,2542.0
RM505,,13:40:40.750#,2550.0,2556.0,2529.0,2687.0,2381.0,11724,46634,2538.0,22,2539.0,14,2540.0,23,2541.0,16,2542.0,6,2543.0,3,2544.0,16,2545.0,12,2546.0,11,2547.0,42,2542.0
RM505,,13:40:41.0#,2550.0,2556.0,2529.0,2687.0,2381.0,11724,46634,2538.0,22,2539.0,14,2540.0,24,2541.0,16,2542.0,7,2543.0,3,2544.0,16,2545.0,12,2546.0,11,2547.0,42,2542.0
RM505,,13:40:41.250#,2550.0,2556.0,2529.0,2687.0,2381.0,11724,46634,2538.0,22,2539.0,14,2540.0,23,2541.0,16,2542.0,7,2543.0,3,2544.0,16,2545.0,12,2546.0,11,2547.0,42,2542.0
RM505,,13:40:41.500#,2550.0,2556.0,2529.0,2687.0,2381.0,11724,46634,2538.0,22,2539.0,14,2540.0,23,2541.0,17,2542.0,7,2543.0,3,2544.0,16,2545.0,12,2546.0,11,2547.0,42,2542.0
RM505,,13:40:41.750#,2550.0,2556.0,2529.0,2687.0,2381.0,11727,46631,2538.0,22,2539.0,14,2540.0,23,2541.0,17,2542.0,10,2544.0,13,2545.0,12,2546.0,11,2547.0,42,2548.0,21,2543.0
RM505,,13:40:42.0#,2550.0,2556.0,2529.0,2687.0,2381.0,11727,46631,2538.0,22,2539.0,14,2540.0,23,2541.0,17,2542.0,11,2544.0,9,2545.0,12,2546.0,11,2547.0,30,2548.0,21,2543.0
RM505,,13:40:42.250#,2550.0,2556.0,2529.0,2687.0,2381.0,11727,46631,2538.0,22,2539.0,14,2540.0,23,2541.0,17,2542.0,11,2544.0,9,2545.0,12,2546.0,11,2547.0,30,2548.0,21,2543.0
RM505,,13:40:42.500#,2550.0,2556.0,2529.0,2687.0,2381.0,11727,46631,2538.0,22,2539.0,14,2540.0,23,2541.0,17,2542.0,11,2544.0,12,2545.0,12,2546.0,11,2547.0,30,2548.0,21,2543.0
RM505,,13:40:43.0#,2550.0,2556.0,2529.0,2687.0,2381.0,11727,46631,2538.0,22,2539.0,14,2540.0,23,2541.0,17,2542.0,8,2544.0,12,2545.0,12,2546.0,11,2547.0,30,2548.0,21,2543.0
RM505,,13:40:44.0#,2550.0,2556.0,2529.0,2687.0,2381.0,11727,46631,2538.0,22,2539.0,14,2540.0,23,2541.0,17,2542.0,11,2544.0,9,2545.0,12,2546.0,11,2547.0,30,2548.0,21,2543.0
RM505,,13:40:47.500#,2550.0,2556.0,2529.0,2687.0,2381.0,11727,46631,2538.0,22,2539.0,14,2540.0,23,2541.0,18,2542.0,11,2544.0,9,2545.0,12,2546.0,11,2547.0,30,2548.0,21,2543.0
RM505,,13:40:49.250#,2550.0,2556.0,2529.0,2687.0,2381.0,11727,46631,2538.0,22,2539.0,14,2540.0,23,2541.0,18,2542.0,11,2544.0,10,2545.0,12,2546.0,11,2547.0,30,2548.0,21,2543.0
RM505,,13:40:54.250#,2550.0,2556.0,2529.0,2687.0,2381.0,11727,46631,2539.0,13,2540.0,24,2541.0,18,2542.0,10,2543.0,1,2544.0,10,2545.0,10,2546.0,11,2547.0,5,2548.0,21,2543.0
RM505,,13:40:54.500#,2550.0,2556.0,2529.0,2687.0,2381.0,11730,46632,2540.0,20,2541.0,11,2542.0,10,2543.0,4,2544.0,21,2545.0,10,2546.0,12,2547.0,5,2548.0,21,2549.0,28,2544.0
RM505,,13:40:54.750#,2550.0,2556.0,2529.0,2687.0,2381.0,11730,46632,2540.0,23,2541.0,7,2542.0,10,2543.0,8,2544.0,4,2545.0,7,2546.0,11,2547.0,6,2548.0,21,2549.0,28,2544.0
RM505,,13:40:55.0#,2550.0,2556.0,2529.0,2687.0,2381.0,11730,46632,2539.0,25,2540.0,23,2541.0,7,2542.0,11,2543.0,29,2545.0,8,2546.0,12,2547.0,6,2548.0,21,2549.0,28,2544.0
RM505,,13:40:55.250#,2550.0,2556.0,2529.0,2687.0,2381.0,11730,46632,2539.0,25,2540.0,23,2541.0,7,2542.0,11,2543.0,29,2545.0,8,2546.0,12,2547.0,6,2548.0,21,2549.0,28,2544.0
RM505,,13:41:00.0#,2550.0,2556.0,2529.0,2687.0,2381.0,11730,46632,2539.0,25,2540.0,23,2541.0,7,2542.0,11,2543.0,29,2545.0,11,2546.0,13,2547.0,6,2548.0,21,2549.0,28,2544.0
RM505,,13:41:00.500#,2550.0,2556.0,2529.0,2687.0,2381.0,11730,46632,2539.0,25,2540.0,23,2541.0,7,2542.0,11,2543.0,29,2545.0,10,2546.0,13,2547.0,6,2548.0,21,2549.0,28,2544.0
RM505,,13:41:00.750#,2550.0,2556.0,2529.0,2687.0,2381.0,11730,46632,2540.0,23,2541.0,7,2542.0,11,2543.0,8,2544.0,28,2545.0,7,2546.0,13,2547.0,6,2548.0,21,2549.0,28,2544.0
RM505,,13:41:01.0#,2550.0,2556.0,2529.0,2687.0,2381.0,11730,46632,2540.0,23,2541.0,7,2542.0,11,2543.0,8,2544.0,32,2545.0,7,2546.0,12,2547.0,6,2548.0,21,2549.0,28,2544.0
RM505,,13:41:01.250#,2550.0,2556.0,2529.0,2687.0,2381.0,11731,46632,2540.0,23,2541.0,7,2542.0,11,2543.0,8,2544.0,31,2545.0,7,2546.0,12,2547.0,7,2548.0,21,2549.0,28,2544.0
RM505,,13:41:01.750#,2550.0,2556.0,2529.0,2687.0,2381.0,11731,46632,2540.0,22,2541.0,7,2542.0,12,2543.0,8,2544.0,11,2545.0,7,2546.0,12,2547.0,7,2548.0,21,2549.0,28,2544.0
RM505,,13:41:02.0#,2550.0,2556.0,2529.0,2687.0,2381.0,11731,46632,2540.0,22,2541.0,7,2542.0,12,2543.0,8,2544.0,7,2545.0,8,2546.0,12,2547.0,7,2548.0,21,2549.0,28,2544.0
RM505,,13:41:02.250#,2550.0,2556.0,2529.0,2687.0,2381.0,11731,46632,2540.0,22,2541.0,7,2542.0,12,2543.0,8,2544.0,11,2545.0,11,2546.0,12,2547.0,7,2548.0,21,2549.0,28,2544.0
RM505,,13:41:02.500#,2550.0,2556.0,2529.0,2687.0,2381.0,11731,46632,2540.0,22,2541.0,7,2542.0,12,2543.0,8,2544.0,11,2545.0,12,2546.0,12,2547.0,7,2548.0,21,2549.0,28,2544.0
RM505,,13:41:04.0#,2550.0,2556.0,2529.0,2687.0,2381.0,11731,46632,2540.0,22,2541.0,7,2542.0,12,2543.0,8,2544.0,7,2545.0,12,2546.0,12,2547.0,7,2548.0,21,2549.0,28,2544.0
RM505,,13:41:04.250#,2550.0,2556.0,2529.0,2687.0,2381.0,11738,46632,2539.0,25,2540.0,22,2541.0,7,2542.0,12,2543.0,25,2545.0,12,2546.0,12,2547.0,7,2548.0,21,2549.0,28,2544.0
RM505,,13:41:04.500#,2550.0,2556.0,2529.0,2687.0,2381.0,11739,46631,2539.0,25,2540.0,22,2541.0,7,2542.0,12,2543.0,24,2545.0,12,2546.0,12,2547.0,7,2548.0,21,2549.0,28,2543.0
RM505,,13:41:04.750#,2550.0,2556.0,2529.0,2687.0,2381.0,11739,46631,2539.0,25,2540.0,22,2541.0,7,2542.0,12,2543.0,24,2545.0,12,2546.0,11,2547.0,7,2548.0,21,2549.0,28,2543.0
RM505,,13:41:05.250#,2550.0,2556.0,2529.0,2687.0,2381.0,11739,46631,2539.0,26,2540.0,22,2541.0,7,2542.0,12,2543.0,5,2545.0,12,2546.0,11,2547.0,7,2548.0,21,2549.0,28,2543.0
RM505,,13:41:05.500#,2550.0,2556.0,2529.0,2687.0,2381.0,11739,46631,2539.0,26,2540.0,22,2541.0,7,2542.0,12,2543.0,5,2545.0,12,2546.0,11,2547.0,6,2548.0,21,2549.0,28,2543.0
RM505,,13:41:05.750#,2550.0,2556.0,2529.0,2687.0,2381.0,11739,46631,2539.0,26,2540.0,22,2541.0,7,2542.0,12,2543.0,8,2545.0,12,2546.0,12,2547.0,6,2548.0,21,2549.0,28,2543.0
RM505,,13:41:06.0#,2550.0,2556.0,2529.0,2687.0,2381.0,11739,46631,2539.0,26,2540.0,22,2541.0,7,2542.0,12,2543.0,18,2545.0,12,2546.0,12,2547.0,6,2548.0,21,2549.0,28,2543.0
RM505,,13:41:07.0#,2550.0,2556.0,2529.0,2687.0,2381.0,11739,46631,2539.0,26,2540.0,22,2541.0,7,2542.0,12,2543.0,19,2545.0,12,2546.0,12,2547.0,6,2548.0,21,2549.0,28,2543.0
RM505,,13:41:08.500#,2550.0,2556.0,2529.0,2687.0,2381.0,11739,46631,2539.0,26,2540.0,22,2541.0,7,2542.0,12,2543.0,21,2545.0,12,2546.0,12,2547.0,6,2548.0,21,2549.0,28,2543.0
RM505,,13:41:10.250#,2550.0,2556.0,2529.0,2687.0,2381.0,11739,46631,2539.0,26,2540.0,22,2541.0,8,2542.0,10,2543.0,5,2544.0,1,2545.0,10,2546.0,12,2547.0,6,2548.0,21,2543.0
RM505,,13:41:10.500#,2550.0,2556.0,2529.0,2687.0,2381.0,11739,46631,2539.0,26,2540.0,22,2541.0,9,2542.0,10,2543.0,5,2545.0,11,2546.0,12,2547.0,6,2548.0,21,2549.0,28,2543.0
RM505,,13:41:11.0#,2550.0,2556.0,2529.0,2687.0,2381.0,11739,46631,2539.0,26,2540.0,23,2541.0,9,2542.0,10,2543.0,27,2545.0,11,2546.0,12,2547.0,6,2548.0,21,2549.0,28,2543.0
RM505,,13:41:16.500#,2550.0,2556.0,2529.0,2687.0,2381.0,11739,46631,2539.0,26,2540.0,23,2541.0,9,2542.0,10,2543.0,27,2544.0,2,2545.0,7,2546.0,12,2547.0,6,2548.0,21,2543.0
RM505,,13:41:16.750#,2550.0,2556.0,2529.0,2687.0,2381.0,11739,46631,2539.0,26,2540.0,23,2541.0,9,2542.0,10,2543.0,27,2544.0,2,2545.0,10,2546.0,12,2547.0,6,2548.0,21,2543.0
RM505,,13:41:17.0#,2550.0,2556.0,2529.0,2687.0,2381.0,11739,46631,2539.0,26,2540.0,23,2541.0,9,2542.0,10,2543.0,24,2544.0,2,2545.0,10,2546.0,12,2547.0,6,2548.0,21,2543.0
RM505,,13:41:21.0#,2550.0,2556.0,2529.0,2687.0,2381.0,11741,46629,2539.0,26,2540.0,23,2541.0,9,2542.0,10,2543.0,26,2545.0,11,2546.0,12,2547.0,6,2548.0,21,2549.0,28,2544.0
RM505,,13:41:23.0#,2550.0,2556.0,2529.0,2687.0,2381.0,11741,46629,2539.0,26,2540.0,23,2541.0,9,2542.0,10,2543.0,26,2545.0,8,2546.0,12,2547.0,6,2548.0,21,2549.0,28,2544.0
RM505,,13:41:24.250#,2550.0,2556.0,2529.0,2687.0,2381.0,11741,46629,2539.0,26,2540.0,23,2541.0,9,2542.0,10,2543.0,26,2545.0,8,2546.0,9,2547.0,6,2548.0,21,2549.0,28,2544.0
RM505,,13:41:24.500#,2550.0,2556.0,2529.0,2687.0,2381.0,11741,46629,2540.0,23,2541.0,9,2542.0,10,2543.0,9,2544.0,17,2545.0,7,2546.0,9,2547.0,6,2548.0,21,2549.0,28,2544.0
RM505,,13:41:24.750#,2550.0,2556.0,2529.0,2687.0,2381.0,11741,46629,2540.0,22,2541.0,8,2542.0,11,2543.0,9,2544.0,24,2545.0,7,2546.0,8,2547.0,6,2548.0,21,2549.0,28,2544.0
RM505,,13:41:25.0#,2550.0,2556.0,2529.0,2687.0,2381.0,11741,46629,2540.0,22,2541.0,8,2542.0,11,2543.0,10,2544.0,24,2545.0,7,2546.0,11,2547.0,7,2548.0,21,2549.0,28,2544.0
RM505,,13:41:26.0#,2550.0,2556.0,2529.0,2687.0,2381.0,11742,46628,2540.0,22,2541.0,8,2542.0,12,2543.0,9,2544.0,3,2545.0,8,2546.0,11,2547.0,7,2548.0,21,2549.0,28,2544.0
RM505,,13:41:26.250#,2550.0,2556.0,2529.0,2687.0,2381.0,11742,46628,2540.0,22,2541.0,8,2542.0,12,2543.0,9,2544.0,4,2545.0,8,2546.0,11,2547.0,7,2548.0,21,2549.0,28,2544.0
RM505,,13:41:26.500#,2550.0,2556.0,2529.0,2687.0,2381.0,11742,46628,2540.0,22,2541.0,8,2542.0,12,2543.0,9,2544.0,19,2545.0,8,2546.0,11,2547.0,7,2548.0,21,2549.0,28,2544.0
RM505,,13:41:26.750#,2550.0,2556.0,2529.0,2687.0,2381.0,11742,46628,2540.0,22,2541.0,8,2542.0,12,2543.0,9,2544.0,21,2545.0,8,2546.0,11,2547.0,7,2548.0,21,2549.0,28,2544.0
RM505,,13:41:27.250#,2550.0,2556.0,2529.0,2687.0,2381.0,11742,46628,2540.0,22,2541.0,8,2542.0,12,2543.0,9,2544.0,20,2545.0,8,2546.0,11,2547.0,7,2548.0,21,2549.0,28,2544.0
RM505,,13:41:27.500#,2550.0,2556.0,2529.0,2687.0,2381.0,11742,46628,2540.0,22,2541.0,8,2542.0,12,2543.0,9,2544.0,11,2545.0,8,2546.0,11,2547.0,7,2548.0,21,2549.0,28,2544.0
RM505,,13:41:28.0#,2550.0,2556.0,2529.0,2687.0,2381.0,11742,46628,2540.0,22,2541.0,8,2542.0,12,2543.0,9,2544.0,4,2545.0,8,2546.0,11,2547.0,7,2548.0,21,2549.0,28,2544.0
RM505,,13:41:28.250#,2550.0,2556.0,2529.0,2687.0,2381.0,11742,46628,2540.0,22,2541.0,8,2542.0,12,2543.0,9,2544.0,7,2545.0,8,2546.0,11,2547.0,7,2548.0,21,2549.0,28,2544.0
RM505,,13:41:28.500#,2550.0,2556.0,2529.0,2687.0,2381.0,11742,46628,2540.0,22,2541.0,8,2542.0,12,2543.0,9,2544.0,4,2545.0,8,2546.0,11,2547.0,7,2548.0,21,2549.0,28,2544.0
RM505,,13:41:28.750#,2550.0,2556.0,2529.0,2687.0,2381.0,11742,46628,2540.0,22,2541.0,8,2542.0,12,2543.0,9,2544.0,19,2545.0,8,2546.0,11,2547.0,7,2548.0,21,2549.0,28,2544.0
RM505,,13:41:29.0#,2550.0,2556.0,2529.0,2687.0,2381.0,11742,46628,2540.0,22,2541.0,10,2542.0,12,2543.0,9,2544.0,19,2545.0,8,2546.0,11,2547.0,7,2548.0,21,2549.0,28,2544.0
RM505,,13:41:29.250#,2550.0,2556.0,2529.0,2687.0,2381.0,11742,46628,2540.0,22,2541.0,10,2542.0,12,2543.0,9,2544.0,21,2545.0,8,2546.0,11,2547.0,7,2548.0,21,2549.0,28,2544.0
RM505,,13:41:32.0#,2550.0,2556.0,2529.0,2687.0,2381.0,11742,46628,2540.0,22,2541.0,10,2542.0,12,2543.0,9,2544.0,19,2545.0,8,2546.0,11,2547.0,7,2548.0,21,2549.0,28,2544.0
RM505,,13:41:33.250#,2550.0,2556.0,2529.0,2687.0,2381.0,11742,46628,2540.0,22,2541.0,10,2542.0,12,2543.0,9,2544.0,14,2545.0,8,2546.0,11,2547.0,7,2548.0,21,2549.0,28,2544.0
RM505,,13:41:33.500#,2550.0,2556.0,2529.0,2687.0,2381.0,11742,46628,2540.0,22,2541.0,10,2542.0,12,2543.0,9,2544.0,9,2545.0,8,2546.0,11,2547.0,7,2548.0,21,2549.0,28,2544.0
RM505,,13:41:34.0#,2550.0,2556.0,2529.0,2687.0,2381.0,11742,46628,2540.0,22,2541.0,10,2542.0,12,2543.0,9,2544.0,4,2545.0,8,2546.0,11,2547.0,7,2548.0,21,2549.0,28,2544.0
RM505,,13:41:34.500#,2550.0,2556.0,2529.0,2687.0,2381.0,11742,46628,2539.0,26,2540.0,22,2541.0,10,2542.0,12,2543.0,26,2545.0,12,2546.0,11,2547.0,7,2548.0,21,2549.0,28,2544.0
RM505,,13:41:35.0#,2550.0,2556.0,2529.0,2687.0,2381.0,11742,46628,2539.0,26,2540.0,22,2541.0,10,2542.0,12,2543.0,26,2544.0,1,2545.0,10,2546.0,11,2547.0,7,2548.0,21,2544.0
RM505,,13:41:35.250#,2550.0,2556.0,2529.0,2687.0,2381.0,11743,46628,2539.0,26,2540.0,22,2541.0,10,2542.0,12,2543.0,26,2545.0,11,2546.0,11,2547.0,7,2548.0,21,2549.0,28,2544.0
RM505,,13:41:37.0#,2550.0,2556.0,2529.0,2687.0,2381.0,11743,46628,2539.0,26,2540.0,22,2541.0,10,2542.0,12,2543.0,26,2545.0,10,2546.0,11,2547.0,7,2548.0,21,2549.0,28,2544.0
RM505,,13:41:37.250#,2550.0,2556.0,2529.0,2687.0,2381.0,11743,46628,2539.0,26,2540.0,22,2541.0,10,2542.0,12,2543.0,26,2545.0,10,2546.0,11,2547.0,7,2548.0,21,2549.0,28,2544.0
RM505,,13:41:37.500#,2550.0,2556.0,2529.0,2687.0,2381.0,11743,46628,2539.0,26,2540.0,22,2541.0,10,2542.0,12,2543.0,26,2545.0,11,2546.0,11,2547.0,7,2548.0,21,2549.0,28,2544.0
RM505,,13:41:38.0#,2550.0,2556.0,2529.0,2687.0,2381.0,11743,46628,2539.0,26,2540.0,22,2541.0,10,2542.0,12,2543.0,23,2545.0,11,2546.0,11,2547.0,7,2548.0,21,2549.0,28,2544.0
RM505,,13:41:39.0#,2550.0,2556.0,2529.0,2687.0,2381.0,11743,46628,2539.0,26,2540.0,22,2541.0,10,2542.0,12,2543.0,26,2545.0,11,2546.0,11,2547.0,7,2548.0,21,2549.0,28,2544.0
RM505,,13:41:40.250#,2550.0,2556.0,2529.0,2687.0,2381.0,11750,46628,2539.0,26,2540.0,22,2541.0,10,2542.0,12,2543.0,16,2544.0,3,2545.0,10,2546.0,11,2547.0,7,2548.0,21,2544.0
RM505,,13:41:40.500#,2550.0,2556.0,2529.0,2687.0,2381.0,11754,46627,2539.0,26,2540.0,22,2541.0,10,2542.0,12,2543.0,8,2545.0,11,2546.0,11,2547.0,7,2548.0,21,2549.0,28,2544.0
RM505,,13:41:40.750#,2550.0,2556.0,2529.0,2687.0,2381.0,11754,46627,2539.0,26,2540.0,22,2541.0,10,2542.0,12,2543.0,8,2545.0,10,2546.0,11,2547.0,7,2548.0,21,2549.0,28,2544.0
RM505,,13:41:44.500#,2550.0,2556.0,2529.0,2687.0,2381.0,11754,46627,2539.0,26,2540.0,22,2541.0,10,2542.0,12,2543.0,12,2544.0,6,2545.0,9,2546.0,11,2547.0,7,2548.0,21,2544.0
RM505,,13:41:45.250#,2550.0,2556.0,2529.0,2687.0,2381.0,11758,46627,2539.0,26,2540.0,22,2541.0,10,2542.0,12,2543.0,8,2544.0,2,2545.0,9,2546.0,11,2547.0,7,2548.0,21,2544.0
RM505,,13:41:51.750#,2550.0,2556.0,2529.0,2687.0,2381.0,11758,46627,2539.0,26,2540.0,22,2541.0,10,2542.0,10,2543.0,2,2544.0,3,2545.0,9,2546.0,11,2547.0,6,2548.0,21,2544.0
RM505,,13:41:53.500#,2550.0,2556.0,2529.0,2687.0,2381.0,11758,46627,2539.0,26,2540.0,23,2541.0,11,2542.0,10,2543.0,6,2544.0,3,2545.0,10,2546.0,11,2547.0,6,2548.0,21,2544.0
RM505,,13:41:53.750#,2550.0,2556.0,2529.0,2687.0,2381.0,11758,46627,2539.0,26,2540.0,23,2541.0,11,2542.0,10,2543.0,7,2544.0,2,2545.0,10,2546.0,11,2547.0,6,2548.0,21,2544.0
RM505,,13:41:54.0#,2550.0,2556.0,2529.0,2687.0,2381.0,11758,46627,2539.0,26,2540.0,23,2541.0,11,2542.0,10,2543.0,8,2544.0,2,2545.0,9,2546.0,11,2547.0,6,2548.0,21,2544.0
RM505,,13:41:54.250#,2550.0,2556.0,2529.0,2687.0,2381.0,11758,46627,2539.0,26,2540.0,23,2541.0,11,2542.0,10,2543.0,7,2544.0,2,2545.0,9,2546.0,12,2547.0,6,2548.0,21,2544.0
RM505,,13:41:54.500#,2550.0,2556.0,2529.0,2687.0,2381.0,11758,46627,2539.0,26,2540.0,23,2541.0,11,2542.0,10,2543.0,6,2544.0,3,2545.0,9,2546.0,12,2547.0,6,2548.0,21,2544.0
RM505,,13:41:55.250#,2550.0,2556.0,2529.0,2687.0,2381.0,11758,46627,2539.0,26,2540.0,23,2541.0,11,2542.0,10,2543.0,7,2544.0,2,2545.0,9,2546.0,12,2547.0,6,2548.0,21,2544.0
RM505,,13:41:55.750#,2550.0,2556.0,2529.0,2687.0,2381.0,11758,46627,2539.0,26,2540.0,23,2541.0,11,2542.0,10,2543.0,8,2544.0,2,2545.0,9,2546.0,12,2547.0,6,2548.0,21,2544.0
RM505,,13:41:56.0#,2550.0,2556.0,2529.0,2687.0,2381.0,11758,46627,2539.0,26,2540.0,23,2541.0,11,2542.0,10,2543.0,8,2544.0,2,2545.0,10,2546.0,12,2547.0,6,2548.0,21,2544.0
RM505,,13:41:57.750#,2550.0,2556.0,2529.0,2687.0,2381.0,11758,46627,2539.0,26,2540.0,23,2541.0,11,2542.0,10,2543.0,6,2544.0,2,2545.0,10,2546.0,12,2547.0,6,2548.0,21,2544.0
RM505,,13:41:58.0#,2550.0,2556.0,2529.0,2687.0,2381.0,11758,46627,2539.0,26,2540.0,23,2541.0,11,2542.0,10,2543.0,6,2544.0,2,2545.0,10,2546.0,12,2547.0,6,2548.0,21,2544.0
RM505,,13:41:58.250#,2550.0,2556.0,2529.0,2687.0,2381.0,11758,46627,2539.0,26,2540.0,23,2541.0,11,2542.0,10,2543.0,6,2544.0,2,2545.0,10,2546.0,12,2547.0,6,2548.0,21,2544.0
RM505,,13:41:58.500#,2550.0,2556.0,2529.0,2687.0,2381.0,11758,46627,2539.0,26,2540.0,23,2541.0,11,2542.0,10,2543.0,8,2544.0,2,2545.0,10,2546.0,12,2547.0,6,2548.0,21,2544.0
RM505,,13:41:58.750#,2550.0,2556.0,2529.0,2687.0,2381.0,11758,46627,2539.0,26,2540.0,23,2541.0,11,2542.0,10,2543.0,6,2544.0,3,2545.0,10,2546.0,12,2547.0,6,2548.0,21,2544.0
RM505,,13:41:59.0#,2550.0,2556.0,2529.0,2687.0,2381.0,11758,46627,2539.0,26,2540.0,23,2541.0,11,2542.0,10,2543.0,2,2544.0,3,2545.0,10,2546.0,12,2547.0,6,2548.0,21,2544.0
RM505,,13:41:59.250#,2550.0,2556.0,2529.0,2687.0,2381.0,11758,46627,2539.0,26,2540.0,23,2541.0,11,2542.0,10,2543.0,2,2544.0,6,2545.0,10,2546.0,12,2547.0,6,2548.0,21,2544.0
RM505,,13:42:01.250#,2550.0,2556.0,2529.0,2687.0,2381.0,11758,46627,2539.0,26,2540.0,23,2541.0,11,2542.0,10,2543.0,2,2544.0,6,2545.0,10,2546.0,12,2547.0,6,2548.0,21,2544.0
RM505,,13:42:02.250#,2550.0,2556.0,2529.0,2687.0,2381.0,11760,46627,2538.0,22,2539.0,26,2540.0,23,2541.0,11,2542.0,12,2543.0,13,2544.0,5,2545.0,10,2546.0,12,2547.0,6,2543.0
RM505,,13:42:02.500#,2550.0,2556.0,2529.0,2687.0,2381.0,11760,46627,2538.0,22,2539.0,14,2540.0,23,2541.0,11,2542.0,9,2543.0,13,2544.0,6,2545.0,10,2546.0,12,2547.0,7,2543.0
RM505,,13:42:09.0#,2550.0,2556.0,2529.0,2687.0,2381.0,11760,46627,2538.0,22,2539.0,14,2540.0,23,2541.0,11,2542.0,12,2543.0,12,2544.0,6,2545.0,10,2546.0,12,2547.0,7,2543.0
RM505,,13:42:10.750#,2550.0,2556.0,2529.0,2687.0,2381.0,11760,46627,2538.0,22,2539.0,14,2540.0,23,2541.0,12,2542.0,12,2543.0,12,2544.0,6,2545.0,10,2546.0,12,2547.0,7,2543.0
RM505,,13:42:14.0#,2550.0,2556.0,2529.0,2687.0,2381.0,11762,46625,2539.0,14,2540.0,23,2541.0,12,2542.0,10,2543.0,1,2544.0,7,2545.0,10,2546.0,12,2547.0,7,2548.0,21,2543.0
RM505,,13:42:16.0#,2550.0,2556.0,2529.0,2687.0,2381.0,11763,46625,2538.0,22,2539.0,14,2540.0,23,2541.0,12,2542.0,11,2544.0,7,2545.0,10,2546.0,12,2547.0,7,2548.0,21,2543.0
RM505,,13:42:17.250#,2550.0,2556.0,2529.0,2687.0,2381.0,11763,46625,2538.0,22,2539.0,14,2540.0,23,2541.0,12,2542.0,11,2544.0,8,2545.0,10,2546.0,12,2547.0,7,2548.0,21,2543.0
RM505,,13:42:23.0#,2550.0,2556.0,2529.0,2687.0,2381.0,11763,46625,2539.0,14,2540.0,23,2541.0,12,2542.0,7,2543.0,1,2544.0,8,2545.0,10,2546.0,11,2547.0,7,2548.0,21,2543.0
RM505,,13:42:25.250#,2550.0,2556.0,2529.0,2687.0,2381.0,11763,46625,2539.0,14,2540.0,23,2541.0,12,2542.0,7,2543.0,1,2544.0,8,2545.0,10,2546.0,11,2547.0,7,2548.0,21,2543.0
RM505,,13:42:31.250#,2550.0,2556.0,2529.0,2687.0,2381.0,11764,46625,2539.0,14,2540.0,23,2541.0,12,2542.0,10,2543.0,14,2544.0,4,2545.0,11,2546.0,11,2547.0,7,2548.0,21,2544.0
RM505,,13:42:31.500#,2550.0,2556.0,2529.0,2687.0,2381.0,11764,46625,2539.0,14,2540.0,23,2541.0,11,2542.0,10,2543.0,17,2544.0,4,2545.0,11,2546.0,11,2547.0,7,2548.0,21,2544.0
RM505,,13:42:31.750#,2550.0,2556.0,2529.0,2687.0,2381.0,11764,46625,2539.0,14,2540.0,23,2541.0,11,2542.0,10,2543.0,18,2544.0,4,2545.0,11,2546.0,11,2547.0,7,2548.0,21,2544.0
RM505,,13:42:34.750#,2550.0,2556.0,2529.0,2687.0,2381.0,11764,46625,2539.0,14,2540.0,23,2541.0,11,2542.0,10,2543.0,18,2544.0,4,2545.0,11,2546.0,11,2547.0,7,2548.0,21,2544.0
RM505,,13:42:35.0#,2550.0,2556.0,2529.0,2687.0,2381.0,11767,46623,2539.0,14,2540.0,23,2541.0,11,2542.0,10,2543.0,18,2544.0,1,2545.0,11,2546.0,11,2547.0,7,2548.0,21,2544.0
RM505,,13:42:35.250#,2550.0,2556.0,2529.0,2687.0,2381.0,11768,46622,2539.0,14,2540.0,23,2541.0,11,2542.0,10,2543.0,19,2544.0,1,2545.0,8,2546.0,11,2547.0,7,2548.0,21,2544.0
RM505,,13:42:36.0#,2550.0,2556.0,2529.0,2687.0,2381.0,11768,46622,2539.0,14,2540.0,23,2541.0,11,2542.0,10,2543.0,19,2544.0,1,2545.0,11,2546.0,11,2547.0,7,2548.0,21,2544.0
RM505,,13:42:37.750#,2550.0,2556.0,2529.0,2687.0,2381.0,11768,46622,2539.0,14,2540.0,23,2541.0,11,2542.0,10,2543.0,19,2544.0,1,2545.0,11,2546.0,11,2547.0,7,2548.0,21,2544.0
RM505,,13:42:40.0#,2550.0,2556.0,2529.0,2687.0,2381.0,11768,46622,2539.0,14,2540.0,23,2541.0,11,2542.0,10,2543.0,19,2544.0,1,2545.0,8,2546.0,11,2547.0,7,2548.0,21,2544.0
RM505,,13:42:41.0#,2550.0,2556.0,2529.0,2687.0,2381.0,11768,46622,2539.0,14,2540.0,23,2541.0,11,2542.0,10,2543.0,19,2544.0,1,2545.0,11,2546.0,11,2547.0,7,2548.0,21,2544.0
RM505,,13:42:43.0#,2550.0,2556.0,2529.0,2687.0,2381.0,11768,46622,2539.0,14,2540.0,23,2541.0,11,2542.0,10,2543.0,19,2544.0,2,2545.0,11,2546.0,11,2547.0,7,2548.0,21,2544.0
RM505,,13:42:45.0#,2550.0,2556.0,2529.0,2687.0,2381.0,11768,46622,2539.0,14,2540.0,23,2541.0,11,2542.0,10,2543.0,6,2544.0,2,2545.0,11,2546.0,11,2547.0,7,2548.0,21,2544.0
RM505,,13:42:45.250#,2550.0,2556.0,2529.0,2687.0,2381.0,11768,46622,2539.0,14,2540.0,23,2541.0,11,2542.0,10,2543.0,5,2544.0,2,2545.0,11,2546.0,11,2547.0,7,2548.0,21,2544.0
RM505,,13:42:46.500#,2550.0,2556.0,2529.0,2687.0,2381.0,11768,46622,2539.0,14,2540.0,23,2541.0,11,2542.0,10,2543.0,5,2544.0,5,2545.0,11,2546.0,11,2547.0,7,2548.0,21,2544.0
RM505,,13:42:46.750#,2550.0,2556.0,2529.0,2687.0,2381.0,11769,46622,2538.0,22,2539.0,14,2540.0,23,2541.0,12,2542.0,20,2544.0,5,2545.0,11,2546.0,11,2547.0,7,2548.0,21,2543.0
RM505,,13:42:47.0#,2550.0,2556.0,2529.0,2687.0,2381.0,11769,46622,2538.0,22,2539.0,14,2540.0,23,2541.0,12,2542.0,20,2544.0,3,2545.0,11,2546.0,11,2547.0,7,2548.0,21,2543.0
RM505,,13:42:49.750#,2550.0,2556.0,2529.0,2687.0,2381.0,11769,46622,2539.0,14,2540.0,23,2541.0,12,2542.0,10,2543.0,1,2544.0,3,2545.0,11,2546.0,11,2547.0,7,2548.0,21,2543.0
RM505,,13:42:53.0#,2550.0,2556.0,2529.0,2687.0,2381.0,11769,46622,2539.0,14,2540.0,23,2541.0,12,2542.0,10,2543.0,1,2544.0,3,2545.0,11,2546.0,11,2547.0,7,2548.0,21,2543.0
RM505,,13:42:53.250#,2550.0,2556.0,2529.0,2687.0,2381.0,11769,46622,2539.0,14,2540.0,23,2541.0,13,2542.0,10,2543.0,1,2544.0,3,2545.0,11,2546.0,11,2547.0,7,2548.0,21,2543.0
RM505,,13:43:01.250#,2550.0,2556.0,2529.0,2687.0,2381.0,11769,46622,2539.0,14,2540.0,23,2541.0,13,2542.0,10,2543.0,1,2544.0,4,2545.0,11,2546.0,11,2547.0,7,2548.0,21,2543.0
RM505,,13:43:01.500#,2550.0,2556.0,2529.0,2687.0,2381.0,11769,46622,2539.0,14,2540.0,23,2541.0,13,2542.0,10,2543.0,1,2544.0,4,2545.0,11,2546.0,10,2547.0,7,2548.0,21,2543.0
RM505,,13:43:01.750#,2550.0,2556.0,2529.0,2687.0,2381.0,11769,46622,2539.0,14,2540.0,23,2541.0,13,2542.0,10,2543.0,1,2544.0,3,2545.0,12,2546.0,10,2547.0,7,2548.0,21,2543.0
RM505,,13:43:04.0#,2550.0,2556.0,2529.0,2687.0,2381.0,11769,46622,2539.0,14,2540.0,23,2541.0,13,2542.0,10,2543.0,1,2544.0,3,2545.0,12,2546.0,10,2547.0,7,2548.0,21,2543.0
RM505,,13:43:05.500#,2550.0,2556.0,2529.0,2687.0,2381.0,11769,46622,2539.0,14,2540.0,23,2541.0,13,2542.0,10,2543.0,5,2544.0,3,2545.0,12,2546.0,10,2547.0,7,2548.0,21,2543.0
RM505,,13:43:06.0#,2550.0,2556.0,2529.0,2687.0,2381.0,11769,46622,2539.0,14,2540.0,23,2541.0,13,2542.0,10,2543.0,8,2544.0,3,2545.0,12,2546.0,10,2547.0,7,2548.0,21,2543.0
RM505,,13:43:09.750#,2550.0,2556.0,2529.0,2687.0,2381.0,11769,46622,2539.0,14,2540.0,23,2541.0,13,2542.0,10,2543.0,5,2544.0,3,2545.0,12,2546.0,10,2547.0,7,2548.0,21,2543.0
RM505,,13:43:13.250#,2550.0,2556.0,2529.0,2687.0,2381.0,11769,46622,2539.0,14,2540.0,23,2541.0,13,2542.0,10,2543.0,5,2544.0,3,2545.0,12,2546.0,10,2547.0,7,2548.0,21,2543.0
RM505,,13:43:18.500#,2550.0,2556.0,2529.0,2687.0,2381.0,11769,46622,2539.0,14,2540.0,23,2541.0,13,2542.0,10,2543.0,6,2544.0,3,2545.0,12,2546.0,10,2547.0,7,2548.0,21,2543.0
RM505,,13:43:18.750#,2550.0,2556.0,2529.0,2687.0,2381.0,11769,46622,2539.0,14,2540.0,23,2541.0,12,2542.0,10,2543.0,6,2544.0,3,2545.0,12,2546.0,10,2547.0,7,2548.0,21,2543.0
RM505,,13:43:19.0#,2550.0,2556.0,2529.0,2687.0,2381.0,11769,46622,2539.0,14,2540.0,23,2541.0,12,2542.0,11,2543.0,6,2544.0,3,2545.0,12,2546.0,10,2547.0,7,2548.0,21,2543.0
RM505,,13:43:27.0#,2550.0,2556.0,2529.0,2687.0,2381.0,11769,46622,2539.0,14,2540.0,23,2541.0,12,2542.0,11,2543.0,6,2544.0,3,2545.0,12,2546.0,10,2547.0,7,2548.0,21,2543.0
RM505,,13:43:31.0#,2550.0,2556.0,2529.0,2687.0,2381.0,11769,46622,2539.0,14,2540.0,23,2541.0,12,2542.0,11,2543.0,6,2544.0,3,2545.0,12,2546.0,10,2547.0,7,2548.0,21,2543.0
RM505,,13:43:34.500#,2550.0,2556.0,2529.0,2687.0,2381.0,11769,46622,2539.0,14,2540.0,23,2541.0,12,2542.0,11,2543.0,6,2544.0,3,2545.0,11,2546.0,10,2547.0,7,2548.0,21,2543.0
RM505,,13:43:34.750#,2550.0,2556.0,2529.0,2687.0,2381.0,11769,46622,2539.0,14,2540.0,23,2541.0,12,2542.0,11,2543.0,6,2544.0,3,2545.0,11,2546.0,11,2547.0,7,2548.0,21,2543.0
RM505,,13:43:35.0#,2550.0,2556.0,2529.0,2687.0,2381.0,11769,46622,2539.0,14,2540.0,23,2541.0,12,2542.0,11,2543.0,7,2544.0,3,2545.0,11,2546.0,11,2547.0,7,2548.0,21,2543.0
RM505,,13:43:35.250#,2550.0,2556.0,2529.0,2687.0,2381.0,11769,46622,2539.0,14,2540.0,23,2541.0,11,2542.0,11,2543.0,6,2544.0,3,2545.0,11,2546.0,11,2547.0,7,2548.0,21,2543.0
RM505,,13:43:35.500#,2550.0,2556.0,2529.0,2687.0,2381.0,11769,46622,2539.0,14,2540.0,23,2541.0,11,2542.0,12,2543.0,6,2544.0,3,2545.0,11,2546.0,11,2547.0,7,2548.0,21,2543.0
RM505,,13:43:36.0#,2550.0,2556.0,2529.0,2687.0,2381.0,11769,46622,2539.0,14,2540.0,23,2541.0,11,2542.0,12,2543.0,10,2544.0,3,2545.0,11,2546.0,11,2547.0,7,2548.0,21,2543.0
RM505,,13:43:36.500#,2550.0,2556.0,2529.0,2687.0,2381.0,11769,46622,2539.0,14,2540.0,23,2541.0,11,2542.0,12,2543.0,16,2544.0,3,2545.0,11,2546.0,11,2547.0,7,2548.0,21,2543.0
RM505,,13:43:36.750#,2550.0,2556.0,2529.0,2687.0,2381.0,11769,46622,2539.0,14,2540.0,23,2541.0,11,2542.0,12,2543.0,12,2544.0,3,2545.0,11,2546.0,11,2547.0,7,2548.0,21,2543.0
RM505,,13:43:37.0#,2550.0,2556.0,2529.0,2687.0,2381.0,11769,46622,2539.0,14,2540.0,23,2541.0,11,2542.0,12,2543.0,16,2544.0,3,2545.0,11,2546.0,11,2547.0,7,2548.0,21,2543.0
RM505,,13:43:38.500#,2550.0,2556.0,2529.0,2687.0,2381.0,11769,46622,2539.0,14,2540.0,23,2541.0,11,2542.0,12,2543.0,6,2544.0,3,2545.0,11,2546.0,11,2547.0,7,2548.0,21,2543.0
RM505,,13:43:38.750#,2550.0,2556.0,2529.0,2687.0,2381.0,11769,46622,2539.0,14,2540.0,23,2541.0,11,2542.0,12,2543.0,7,2544.0,3,2545.0,11,2546.0,11,2547.0,7,2548.0,21,2543.0
RM505,,13:43:39.0#,2550.0,2556.0,2529.0,2687.0,2381.0,11769,46622,2539.0,14,2540.0,23,2541.0,11,2542.0,12,2543.0,16,2544.0,3,2545.0,11,2546.0,11,2547.0,7,2548.0,21,2543.0
RM505,,13:43:40.500#,2550.0,2556.0,2529.0,2687.0,2381.0,11769,46622,2539.0,14,2540.0,23,2541.0,11,2542.0,12,2543.0,16,2544.0,3,2545.0,11,2546.0,11,2547.0,7,2548.0,21,2543.0
RM505,,13:43:44.750#,2550.0,2556.0,2529.0,2687.0,2381.0,11769,46622,2539.0,14,2540.0,23,2541.0,11,2542.0,12,2543.0,19,2544.0,3,2545.0,11,2546.0,11,2547.0,7,2548.0,21,2543.0
RM505,,13:43:47.0#,2550.0,2556.0,2529.0,2687.0,2381.0,11769,46622,2539.0,14,2540.0,23,2541.0,11,2542.0,12,2543.0,19,2544.0,3,2545.0,8,2546.0,11,2547.0,7,2548.0,21,2543.0
RM505,,13:43:47.500#,2550.0,2556.0,2529.0,2687.0,2381.0,11769,46622,2539.0,14,2540.0,23,2541.0,11,2542.0,12,2543.0,19,2544.0,3,2545.0,11,2546.0,11,2547.0,7,2548.0,21,2543.0
RM505,,13:43:48.500#,2550.0,2556.0,2529.0,2687.0,2381.0,11769,46622,2539.0,14,2540.0,23,2541.0,11,2542.0,12,2543.0,19,2544.0,3,2545.0,8,2546.0,11,2547.0,7,2548.0,21,2543.0
RM505,,13:43:49.0#,2550.0,2556.0,2529.0,2687.0,2381.0,11772,46624,2540.0,23,2541.0,11,2542.0,12,2543.0,10,2544.0,17,2545.0,8,2546.0,11,2547.0,7,2548.0,21,2549.0,28,2544.0
RM505,,13:43:49.250#,2550.0,2556.0,2529.0,2687.0,2381.0,11772,46624,2540.0,23,2541.0,11,2542.0,12,2543.0,10,2544.0,21,2545.0,8,2546.0,10,2547.0,6,2548.0,22,2549.0,27,2544.0
RM505,,13:43:49.500#,2550.0,2556.0,2529.0,2687.0,2381.0,11772,46624,2540.0,23,2541.0,11,2542.0,12,2543.0,10,2544.0,14,2545.0,8,2546.0,10,2547.0,7,2548.0,22,2549.0,27,2544.0
RM505,,13:43:50.500#,2550.0,2556.0,2529.0,2687.0,2381.0,11772,46624,2540.0,23,2541.0,11,2542.0,12,2543.0,10,2544.0,14,2545.0,8,2546.0,10,2547.0,7,2548.0,23,2549.0,27,2544.0
RM505,,13:43:55.500#,2550.0,2556.0,2529.0,2687.0,2381.0,11772,46624,2540.0,23,2541.0,11,2542.0,12,2543.0,10,2544.0,14,2545.0,11,2546.0,10,2547.0,7,2548.0,23,2549.0,27,2544.0
RM505,,13:43:55.750#,2550.0,2556.0,2529.0,2687.0,2381.0,11772,46624,2540.0,23,2541.0,11,2542.0,12,2543.0,10,2544.0,10,2545.0,11,2546.0,10,2547.0,7,2548.0,23,2549.0,27,2544.0
RM505,,13:43:56.0#,2550.0,2556.0,2529.0,2687.0,2381.0,11772,46624,2540.0,23,2541.0,11,2542.0,12,2543.0,10,2544.0,10,2545.0,8,2546.0,10,2547.0,7,2548.0,23,2549.0,27,2544.0
RM505,,13:43:56.250#,2550.0,2556.0,2529.0,2687.0,2381.0,11772,46624,2540.0,23,2541.0,11,2542.0,12,2543.0,10,2544.0,14,2545.0,8,2546.0,10,2547.0,7,2548.0,23,2549.0,27,2544.0
RM505,,13:43:59.500#,2550.0,2556.0,2529.0,2687.0,2381.0,11772,46624,2540.0,23,2541.0,11,2542.0,12,2543.0,10,2544.0,10,2545.0,8,2546.0,10,2547.0,7,2548.0,23,2549.0,27,2544.0
RM505,,13:44:00.250#,2550.0,2556.0,2529.0,2687.0,2381.0,11782,46624,2539.0,14,2540.0,23,2541.0,11,2542.0,12,2543.0,17,2545.0,8,2546.0,10,2547.0,7,2548.0,23,2549.0,27,2544.0
RM505,,13:44:00.500#,2550.0,2556.0,2529.0,2687.0,2381.0,11782,46624,2539.0,14,2540.0,23,2541.0,11,2542.0,12,2543.0,14,2545.0,11,2546.0,10,2547.0,7,2548.0,23,2549.0,27,2544.0
RM505,,13:44:00.750#,2550.0,2556.0,2529.0,2687.0,2381.0,11782,46624,2539.0,14,2540.0,23,2541.0,11,2542.0,12,2543.0,7,2545.0,11,2546.0,10,2547.0,7,2548.0,23,2549.0,27,2544.0
RM505,,13:44:01.0#,2550.0,2556.0,2529.0,2687.0,2381.0,11782,46624,2539.0,14,2540.0,23,2541.0,11,2542.0,12,2543.0,7,2545.0,12,2546.0,10,2547.0,6,2548.0,23,2549.0,27,2544.0
RM505,,13:44:01.250#,2550.0,2556.0,2529.0,2687.0,2381.0,11782,46624,2539.0,14,2540.0,23,2541.0,11,2542.0,11,2543.0,7,2544.0,10,2545.0,13,2546.0,10,2547.0,6,2548.0,22,2544.0
RM505,,13:44:01.500#,2550.0,2556.0,2529.0,2687.0,2381.0,11782,46624,2539.0,14,2540.0,23,2541.0,11,2542.0,12,2543.0,14,2545.0,13,2546.0,10,2547.0,6,2548.0,22,2549.0,27,2544.0
RM505,,13:44:01.750#,2550.0,2556.0,2529.0,2687.0,2381.0,11782,46624,2539.0,14,2540.0,23,2541.0,11,2542.0,12,2543.0,14,2545.0,11,2546.0,11,2547.0,6,2548.0,22,2549.0,27,2544.0
RM505,,13:44:02.0#,2550.0,2556.0,2529.0,2687.0,2381.0,11782,46624,2539.0,14,2540.0,23,2541.0,11,2542.0,12,2543.0,14,2545.0,11,2546.0,12,2547.0,6,2548.0,22,2549.0,27,2544.0
RM505,,13:44:03.500#,2550.0,2556.0,2529.0,2687.0,2381.0,11782,46624,2539.0,14,2540.0,23,2541.0,11,2542.0,12,2543.0,7,2545.0,12,2546.0,12,2547.0,6,2548.0,22,2549.0,27,2544.0
RM505,,13:44:03.750#,2550.0,2556.0,2529.0,2687.0,2381.0,11782,46624,2539.0,14,2540.0,23,2541.0,11,2542.0,12,2543.0,3,2544.0,10,2545.0,12,2546.0,11,2547.0,6,2548.0,22,2544.0
RM505,,13:44:04.0#,2550.0,2556.0,2529.0,2687.0,2381.0,11782,46624,2539.0,14,2540.0,23,2541.0,11,2542.0,12,2543.0,3,2544.0,13,2545.0,12,2546.0,11,2547.0,6,2548.0,22,2544.0
RM505,,13:44:04.250#,2550.0,2556.0,2529.0,2687.0,2381.0,11782,46624,2539.0,14,2540.0,23,2541.0,11,2542.0,9,2543.0,3,2544.0,13,2545.0,11,2546.0,12,2547.0,6,2548.0,22,2544.0
RM505,,13:44:04.750#,2550.0,2556.0,2529.0,2687.0,2381.0,11782,46624,2539.0,14,2540.0,23,2541.0,11,2542.0,12,2543.0,3,2544.0,13,2545.0,11,2546.0,12,2547.0,6,2548.0,22,2544.0
RM505,,13:44:07.500#,2550.0,2556.0,2529.0,2687.0,2381.0,11782,46624,2539.0,14,2540.0,23,2541.0,11,2542.0,12,2543.0,4,2544.0,13,2545.0,11,2546.0,12,2547.0,6,2548.0,22,2544.0
RM505,,13:44:08.500#,2550.0,2556.0,2529.0,2687.0,2381.0,11782,46624,2539.0,14,2540.0,23,2541.0,11,2542.0,12,2543.0,4,2544.0,13,2545.0,12,2546.0,12,2547.0,6,2548.0,22,2544.0
RM505,,13:44:10.250#,2550.0,2556.0,2529.0,2687.0,2381.0,11782,46624,2539.0,14,2540.0,23,2541.0,11,2542.0,12,2543.0,11,2544.0,13,2545.0,12,2546.0,12,2547.0,6,2548.0,22,2544.0
RM505,,13:44:10.500#,2550.0,2556.0,2529.0,2687.0,2381.0,11782,46624,2539.0,14,2540.0,23,2541.0,11,2542.0,12,2543.0,4,2544.0,10,2545.0,12,2546.0,12,2547.0,6,2548.0,22,2544.0
RM505,,13:44:13.0#,2550.0,2556.0,2529.0,2687.0,2381.0,11782,46624,2539.0,14,2540.0,23,2541.0,11,2542.0,12,2543.0,4,2544.0,13,2545.0,12,2546.0,12,2547.0,6,2548.0,22,2544.0
RM505,,13:44:13.250#,2550.0,2556.0,2529.0,2687.0,2381.0,11786,46626,2538.0,47,2539.0,14,2540.0,23,2541.0,11,2542.0,16,2544.0,13,2545.0,12,2546.0,12,2547.0,6,2548.0,22,2543.0
RM505,,13:44:13.500#,2550.0,2556.0,2529.0,2687.0,2381.0,11786,46626,2538.0,47,2539.0,14,2540.0,23,2541.0,11,2542.0,16,2544.0,14,2545.0,12,2546.0,12,2547.0,6,2548.0,22,2543.0
RM505,,13:44:14.0#,2550.0,2556.0,2529.0,2687.0,2381.0,11786,46626,2539.0,14,2540.0,23,2541.0,11,2542.0,9,2543.0,1,2544.0,14,2545.0,12,2546.0,12,2547.0,6,2548.0,22,2543.0
RM505,,13:44:14.250#,2550.0,2556.0,2529.0,2687.0,2381.0,11787,46626,2538.0,47,2539.0,14,2540.0,23,2541.0,11,2542.0,12,2544.0,14,2545.0,12,2546.0,12,2547.0,6,2548.0,22,2543.0
RM505,,13:44:16.250#,2550.0,2556.0,2529.0,2687.0,2381.0,11787,46626,2538.0,47,2539.0,14,2540.0,23,2541.0,11,2542.0,16,2544.0,14,2545.0,12,2546.0,12,2547.0,6,2548.0,22,2543.0
RM505,,13:44:16.500#,2550.0,2556.0,2529.0,2687.0,2381.0,11787,46626,2538.0,47,2539.0,14,2540.0,23,2541.0,11,2542.0,19,2544.0,14,2545.0,12,2546.0,12,2547.0,6,2548.0,22,2543.0
RM505,,13:44:17.500#,2550.0,2556.0,2529.0,2687.0,2381.0,11787,46626,2538.0,47,2539.0,14,2540.0,23,2541.0,11,2542.0,19,2544.0,11,2545.0,12,2546.0,12,2547.0,6,2548.0,22,2543.0
RM505,,13:44:18.750#,2550.0,2556.0,2529.0,2687.0,2381.0,11787,46626,2538.0,47,2539.0,14,2540.0,23,2541.0,11,2542.0,18,2544.0,11,2545.0,12,2546.0,12,2547.0,6,2548.0,22,2543.0
RM505,,13:44:19.500#,2550.0,2556.0,2529.0,2687.0,2381.0,11787,46626,2539.0,14,2540.0,23,2541.0,11,2542.0,11,2543.0,7,2544.0,11,2545.0,12,2546.0,12,2547.0,6,2548.0,22,2543.0
RM505,,13:44:19.750#,2550.0,2556.0,2529.0,2687.0,2381.0,11787,46626,2539.0,14,2540.0,23,2541.0,11,2542.0,12,2543.0,7,2544.0,11,2545.0,12,2546.0,12,2547.0,6,2548.0,22,2543.0
RM505,,13:44:20.0#,2550.0,2556.0,2529.0,2687.0,2381.0,11787,46626,2539.0,14,2540.0,23,2541.0,11,2542.0,12,2543.0,3,2544.0,11,2545.0,12,2546.0,12,2547.0,6,2548.0,22,2543.0
RM505,,13:44:20.250#,2550.0,2556.0,2529.0,2687.0,2381.0,11787,46626,2538.0,47,2539.0,14,2540.0,23,2541.0,11,2542.0,19,2544.0,11,2545.0,12,2546.0,12,2547.0,6,2548.0,22,2543.0
RM505,,13:44:20.500#,2550.0,2556.0,2529.0,2687.0,2381.0,11787,46626,2539.0,14,2540.0,23,2541.0,11,2542.0,11,2543.0,1,2544.0,11,2545.0,12,2546.0,12,2547.0,6,2548.0,22,2543.0
RM505,,13:44:20.750#,2550.0,2556.0,2529.0,2687.0,2381.0,11787,46626,2539.0,14,2540.0,23,2541.0,12,2542.0,11,2543.0,1,2544.0,11,2545.0,12,2546.0,12,2547.0,6,2548.0,22,2543.0
RM505,,13:44:23.0#,2550.0,2556.0,2529.0,2687.0,2381.0,11787,46626,2539.0,14,2540.0,23,2541.0,12,2542.0,11,2543.0,1,2544.0,11,2545.0,12,2546.0,12,2547.0,6,2548.0,22,2543.0
RM505,,13:44:23.750#,2550.0,2556.0,2529.0,2687.0,2381.0,11790,46629,2539.0,14,2540.0,23,2541.0,12,2542.0,11,2543.0,1,2544.0,8,2545.0,12,2546.0,12,2547.0,6,2548.0,22,2544.0
RM505,,13:44:24.250#,2550.0,2556.0,2529.0,2687.0,2381.0,11790,46629,2539.0,14,2540.0,23,2541.0,12,2542.0,11,2543.0,2,2544.0,8,2545.0,12,2546.0,12,2547.0,6,2548.0,22,2544.0
RM505,,13:44:24.500#,2550.0,2556.0,2529.0,2687.0,2381.0,11790,46629,2539.0,14,2540.0,23,2541.0,12,2542.0,11,2543.0,1,2544.0,8,2545.0,12,2546.0,12,2547.0,6,2548.0,22,2544.0
RM505,,13:44:25.0#,2550.0,2556.0,2529.0,2687.0,2381.0,11791,46630,2539.0,14,2540.0,23,2541.0,12,2542.0,11,2543.0,1,2544.0,7,2545.0,12,2546.0,12,2547.0,6,2548.0,22,2544.0
RM505,,13:44:25.750#,2550.0,2556.0,2529.0,2687.0,2381.0,11791,46630,2539.0,14,2540.0,23,2541.0,12,2542.0,11,2543.0,2,2544.0,7,2545.0,12,2546.0,12,2547.0,6,2548.0,22,2544.0
RM505,,13:44:26.0#,2550.0,2556.0,2529.0,2687.0,2381.0,11791,46630,2539.0,14,2540.0,23,2541.0,12,2542.0,11,2543.0,1,2544.0,7,2545.0,12,2546.0,12,2547.0,6,2548.0,22,2544.0
RM505,,13:44:26.750#,2550.0,2556.0,2529.0,2687.0,2381.0,11791,46630,2539.0,14,2540.0,23,2541.0,12,2542.0,11,2543.0,7,2544.0,7,2545.0,12,2546.0,12,2547.0,6,2548.0,22,2544.0
RM505,,13:44:27.0#,2550.0,2556.0,2529.0,2687.0,2381.0,11791,46630,2539.0,14,2540.0,23,2541.0,12,2542.0,11,2543.0,8,2544.0,7,2545.0,12,2546.0,12,2547.0,6,2548.0,22,2544.0
RM505,,13:44:27.500#,2550.0,2556.0,2529.0,2687.0,2381.0,11791,46630,2539.0,14,2540.0,23,2541.0,12,2542.0,11,2543.0,6,2544.0,7,2545.0,12,2546.0,12,2547.0,6,2548.0,22,2544.0
RM505,,13:44:28.0#,2550.0,2556.0,2529.0,2687.0,2381.0,11791,46630,2539.0,14,2540.0,23,2541.0,12,2542.0,11,2543.0,5,2544.0,7,2545.0,12,2546.0,12,2547.0,6,2548.0,22,2544.0
RM505,,13:44:28.250#,2550.0,2556.0,2529.0,2687.0,2381.0,11791,46630,2539.0,14,2540.0,23,2541.0,12,2542.0,11,2543.0,1,2544.0,7,2545.0,12,2546.0,12,2547.0,6,2548.0,22,2544.0
RM505,,13:44:29.750#,2550.0,2556.0,2529.0,2687.0,2381.0,11791,46630,2539.0,14,2540.0,23,2541.0,12,2542.0,11,2543.0,2,2544.0,7,2545.0,12,2546.0,12,2547.0,6,2548.0,22,2544.0
RM505,,13:44:30.0#,2550.0,2556.0,2529.0,2687.0,2381.0,11791,46630,2539.0,14,2540.0,23,2541.0,12,2542.0,11,2543.0,1,2544.0,7,2545.0,12,2546.0,12,2547.0,6,2548.0,22,2544.0
RM505,,13:44:30.250#,2550.0,2556.0,2529.0,2687.0,2381.0,11791,46630,2539.0,14,2540.0,23,2541.0,12,2542.0,11,2543.0,2,2544.0,7,2545.0,12,2546.0,12,2547.0,6,2548.0,22,2544.0
RM505,,13:44:30.500#,2550.0,2556.0,2529.0,2687.0,2381.0,11791,46630,2539.0,14,2540.0,23,2541.0,12,2542.0,11,2543.0,1,2544.0,7,2545.0,12,2546.0,12,2547.0,6,2548.0,22,2544.0
RM505,,13:44:30.750#,2550.0,2556.0,2529.0,2687.0,2381.0,11791,46630,2539.0,14,2540.0,23,2541.0,12,2542.0,11,2543.0,4,2544.0,7,2545.0,12,2546.0,12,2547.0,6,2548.0,22,2544.0
RM505,,13:44:32.0#,2550.0,2556.0,2529.0,2687.0,2381.0,11791,46630,2539.0,14,2540.0,23,2541.0,13,2542.0,11,2543.0,1,2544.0,7,2545.0,12,2546.0,12,2547.0,6,2548.0,22,2544.0
RM505,,13:44:32.250#,2550.0,2556.0,2529.0,2687.0,2381.0,11791,46630,2539.0,14,2540.0,23,2541.0,13,2542.0,11,2543.0,4,2544.0,7,2545.0,12,2546.0,12,2547.0,6,2548.0,22,2544.0
RM505,,13:44:32.500#,2550.0,2556.0,2529.0,2687.0,2381.0,11791,46630,2539.0,14,2540.0,23,2541.0,13,2542.0,11,2543.0,1,2544.0,7,2545.0,12,2546.0,12,2547.0,6,2548.0,22,2544.0
RM505,,13:44:37.750#,2550.0,2556.0,2529.0,2687.0,2381.0,11791,46630,2539.0,14,2540.0,23,2541.0,13,2542.0,11,2543.0,1,2544.0,7,2545.0,12,2546.0,12,2547.0,6,2548.0,22,2544.0
RM505,,13:44:38.500#,2550.0,2556.0,2529.0,2687.0,2381.0,11791,46630,2539.0,14,2540.0,23,2541.0,13,2542.0,12,2543.0,1,2544.0,7,2545.0,12,2546.0,12,2547.0,6,2548.0,22,2544.0
RM505,,13:44:41.0#,2550.0,2556.0,2529.0,2687.0,2381.0,11791,46630,2539.0,14,2540.0,23,2541.0,13,2542.0,12,2543.0,4,2544.0,7,2545.0,12,2546.0,12,2547.0,6,2548.0,22,2544.0
RM505,,13:44:41.250#,2550.0,2556.0,2529.0,2687.0,2381.0,11791,46630,2539.0,14,2540.0,23,2541.0,13,2542.0,12,2543.0,1,2544.0,7,2545.0,12,2546.0,12,2547.0,6,2548.0,22,2544.0
RM505,,13:44:42.0#,2550.0,2556.0,2529.0,2687.0,2381.0,11791,46630,2539.0,14,2540.0,23,2541.0,13,2542.0,12,2543.0,1,2544.0,8,2545.0,12,2546.0,12,2547.0,6,2548.0,22,2544.0
RM505,,13:44:44.500#,2550.0,2556.0,2529.0,2687.0,2381.0,11791,46630,2539.0,14,2540.0,23,2541.0,13,2542.0,12,2543.0,51,2544.0,8,2545.0,12,2546.0,12,2547.0,6,2548.0,22,2544.0
RM505,,13:44:44.750#,2550.0,2556.0,2529.0,2687.0,2381.0,11791,46630,2539.0,14,2540.0,23,2541.0,13,2542.0,12,2543.0,55,2544.0,8,2545.0,12,2546.0,12,2547.0,6,2548.0,22,2544.0
RM505,,13:44:45.0#,2550.0,2556.0,2529.0,2687.0,2381.0,11791,46630,2539.0,14,2540.0,23,2541.0,13,2542.0,12,2543.0,58,2544.0,8,2545.0,12,2546.0,12,2547.0,6,2548.0,22,2544.0
RM505,,13:44:45.250#,2550.0,2556.0,2529.0,2687.0,2381.0,11791,46630,2539.0,14,2540.0,23,2541.0,13,2542.0,12,2543.0,55,2544.0,8,2545.0,12,2546.0,12,2547.0,6,2548.0,22,2544.0
RM505,,13:44:50.250#,2550.0,2556.0,2529.0,2687.0,2381.0,11792,46631,2539.0,14,2540.0,23,2541.0,13,2542.0,12,2543.0,55,2544.0,7,2545.0,12,2546.0,12,2547.0,6,2548.0,22,2544.0
RM505,,13:44:51.250#,2550.0,2556.0,2529.0,2687.0,2381.0,11792,46631,2539.0,14,2540.0,23,2541.0,13,2542.0,12,2543.0,55,2544.0,7,2545.0,12,2546.0,12,2547.0,6,2548.0,22,2544.0
RM505,,13:44:55.750#,2550.0,2556.0,2529.0,2687.0,2381.0,11792,46631,2539.0,14,2540.0,23,2541.0,13,2542.0,12,2543.0,56,2544.0,7,2545.0,12,2546.0,12,2547.0,6,2548.0,22,2544.0
RM505,,13:45:02.500#,2550.0,2556.0,2529.0,2687.0,2381.0,11792,46631,2539.0,14,2540.0,23,2541.0,13,2542.0,12,2543.0,56,2544.0,7,2545.0,12,2546.0,12,2547.0,6,2548.0,22,2544.0
RM505,,13:45:06.250#,2550.0,2556.0,2529.0,2687.0,2381.0,11792,46631,2539.0,14,2540.0,23,2541.0,13,2542.0,9,2543.0,2,2544.0,10,2545.0,12,2546.0,12,2547.0,6,2548.0,22,2544.0
RM505,,13:45:07.250#,2550.0,2556.0,2529.0,2687.0,2381.0,11792,46631,2539.0,14,2540.0,23,2541.0,13,2542.0,12,2543.0,2,2544.0,10,2545.0,12,2546.0,12,2547.0,6,2548.0,22,2544.0
RM505,,13:45:08.250#,2550.0,2556.0,2529.0,2687.0,2381.0,11792,46631,2539.0,14,2540.0,23,2541.0,13,2542.0,9,2543.0,2,2544.0,10,2545.0,12,2546.0,12,2547.0,6,2548.0,22,2544.0
RM505,,13:45:08.750#,2550.0,2556.0,2529.0,2687.0,2381.0,11794,46633,2538.0,47,2539.0,14,2540.0,23,2541.0,13,2542.0,59,2544.0,11,2545.0,12,2546.0,12,2547.0,6,2548.0,22,2543.0
RM505,,13:45:09.0#,2550.0,2556.0,2529.0,2687.0,2381.0,11794,46633,2538.0,47,2539.0,14,2540.0,23,2541.0,13,2542.0,62,2544.0,11,2545.0,12,2546.0,11,2547.0,6,2548.0,22,2543.0
RM505,,13:45:09.250#,2550.0,2556.0,2529.0,2687.0,2381.0,11794,46633,2538.0,47,2539.0,14,2540.0,23,2541.0,13,2542.0,59,2544.0,12,2545.0,13,2546.0,10,2547.0,6,2548.0,22,2543.0
RM505,,13:45:11.0#,2550.0,2556.0,2529.0,2687.0,2381.0,11794,46633,2538.0,47,2539.0,14,2540.0,23,2541.0,13,2542.0,62,2544.0,9,2545.0,13,2546.0,10,2547.0,6,2548.0,22,2543.0
RM505,,13:45:12.0#,2550.0,2556.0,2529.0,2687.0,2381.0,11794,46633,2538.0,47,2539.0,14,2540.0,23,2541.0,13,2542.0,62,2544.0,9,2545.0,13,2546.0,10,2547.0,6,2548.0,22,2543.0
RM505,,13:45:12.500#,2550.0,2556.0,2529.0,2687.0,2381.0,11794,46633,2538.0,47,2539.0,14,2540.0,23,2541.0,13,2542.0,62,2544.0,8,2545.0,13,2546.0,10,2547.0,6,2548.0,22,2543.0
RM505,,13:45:12.750#,2550.0,2556.0,2529.0,2687.0,2381.0,11794,46633,2538.0,47,2539.0,14,2540.0,23,2541.0,13,2542.0,62,2544.0,8,2545.0,14,2546.0,10,2547.0,6,2548.0,22,2543.0
RM505,,13:45:15.0#,2550.0,2556.0,2529.0,2687.0,2381.0,11794,46633,2538.0,47,2539.0,14,2540.0,23,2541.0,13,2542.0,63,2544.0,7,2545.0,13,2546.0,10,2547.0,6,2548.0,22,2543.0
RM505,,13:45:15.250#,2550.0,2556.0,2529.0,2687.0,2381.0,11794,46633,2539.0,14,2540.0,23,2541.0,13,2542.0,12,2543.0,1,2544.0,7,2545.0,14,2546.0,10,2547.0,6,2548.0,22,2543.0
RM505,,13:45:15.500#,2550.0,2556.0,2529.0,2687.0,2381.0,11794,46633,2539.0,14,2540.0,23,2541.0,13,2542.0,12,2543.0,2,2544.0,10,2545.0,14,2546.0,10,2547.0,6,2548.0,22,2543.0
RM505,,13:45:15.750#,2550.0,2556.0,2529.0,2687.0,2381.0,11794,46633,2538.0,47,2539.0,14,2540.0,23,2541.0,13,2542.0,64,2544.0,10,2545.0,14,2546.0,10,2547.0,6,2548.0,22,2543.0
RM505,,13:45:16.0#,2550.0,2556.0,2529.0,2687.0,2381.0,11794,46633,2538.0,47,2539.0,14,2540.0,23,2541.0,13,2542.0,64,2544.0,8,2545.0,14,2546.0,10,2547.0,6,2548.0,22,2543.0
RM505,,13:45:18.0#,2550.0,2556.0,2529.0,2687.0,2381.0,11794,46633,2538.0,47,2539.0,14,2540.0,23,2541.0,13,2542.0,64,2544.0,12,2545.0,13,2546.0,10,2547.0,6,2548.0,22,2543.0
RM505,,13:45:18.750#,2550.0,2556.0,2529.0,2687.0,2381.0,11804,46625,2538.0,47,2539.0,14,2540.0,23,2541.0,13,2542.0,54,2544.0,12,2545.0,13,2546.0,10,2547.0,6,2548.0,22,2542.0
RM505,,13:45:19.0#,2550.0,2556.0,2529.0,2687.0,2381.0,11804,46625,2538.0,47,2539.0,14,2540.0,23,2541.0,13,2542.0,54,2543.0,1,2544.0,11,2545.0,13,2546.0,10,2547.0,6,2542.0
RM505,,13:45:22.750#,2550.0,2556.0,2529.0,2687.0,2381.0,11804,46625,2538.0,47,2539.0,14,2540.0,23,2541.0,13,2542.0,51,2543.0,1,2544.0,11,2545.0,13,2546.0,10,2547.0,6,2542.0
RM505,,13:45:25.500#,2550.0,2556.0,2529.0,2687.0,2381.0,11804,46625,2538.0,47,2539.0,14,2540.0,23,2541.0,13,2542.0,54,2543.0,1,2544.0,11,2545.0,13,2546.0,10,2547.0,6,2542.0
RM505,,13:45:26.250#,2550.0,2556.0,2529.0,2687.0,2381.0,11805,46624,2538.0,47,2539.0,14,2540.0,23,2541.0,13,2542.0,53,2544.0,12,2545.0,13,2546.0,10,2547.0,6,2548.0,22,2543.0
RM505,,13:45:26.500#,2550.0,2556.0,2529.0,2687.0,2381.0,11805,46624,2539.0,14,2540.0,23,2541.0,13,2542.0,8,2543.0,2,2544.0,8,2545.0,13,2546.0,10,2547.0,6,2548.0,22,2543.0
RM505,,13:45:26.750#,2550.0,2556.0,2529.0,2687.0,2381.0,11805,46624,2539.0,14,2540.0,23,2541.0,13,2542.0,8,2543.0,2,2544.0,7,2545.0,14,2546.0,10,2547.0,6,2548.0,22,2543.0
RM505,,13:45:27.0#,2550.0,2556.0,2529.0,2687.0,2381.0,11805,46624,2539.0,14,2540.0,23,2541.0,23,2542.0,8,2543.0,2,2544.0,10,2545.0,14,2546.0,10,2547.0,6,2548.0,22,2543.0
RM505,,13:45:28.0#,2550.0,2556.0,2529.0,2687.0,2381.0,11805,46624,2539.0,14,2540.0,23,2541.0,23,2542.0,8,2543.0,2,2544.0,10,2545.0,14,2546.0,10,2547.0,6,2548.0,22,2543.0
RM505,,13:45:28.500#,2550.0,2556.0,2529.0,2687.0,2381.0,11805,46624,2538.0,47,2539.0,14,2540.0,23,2541.0,23,2542.0,54,2544.0,10,2545.0,14,2546.0,10,2547.0,6,2548.0,22,2543.0
RM505,,13:45:28.750#,2550.0,2556.0,2529.0,2687.0,2381.0,11805,46624,2538.0,47,2539.0,14,2540.0,23,2541.0,23,2542.0,54,2544.0,7,2545.0,14,2546.0,10,2547.0,6,2548.0,22,2543.0
RM505,,13:45:30.500#,2550.0,2556.0,2529.0,2687.0,2381.0,11805,46624,2538.0,47,2539.0,14,2540.0,23,2541.0,22,2542.0,54,2544.0,7,2545.0,14,2546.0,10,2547.0,6,2548.0,22,2543.0
RM505,,13:45:31.250#,2550.0,2556.0,2529.0,2687.0,2381.0,11805,46624,2538.0,47,2539.0,14,2540.0,23,2541.0,22,2542.0,54,2544.0,10,2545.0,14,2546.0,10,2547.0,6,2548.0,22,2543.0
RM505,,13:45:31.500#,2550.0,2556.0,2529.0,2687.0,2381.0,11805,46624,2538.0,47,2539.0,14,2540.0,23,2541.0,22,2542.0,51,2544.0,10,2545.0,14,2546.0,10,2547.0,6,2548.0,22,2543.0
RM505,,13:45:31.750#,2550.0,2556.0,2529.0,2687.0,2381.0,11805,46624,2538.0,47,2539.0,14,2540.0,23,2541.0,22,2542.0,54,2544.0,10,2545.0,14,2546.0,10,2547.0,6,2548.0,22,2543.0
RM505,,13:45:33.500#,2550.0,2556.0,2529.0,2687.0,2381.0,11805,46624,2538.0,47,2539.0,14,2540.0,23,2541.0,22,2542.0,52,2544.0,10,2545.0,14,2546.0,10,2547.0,6,2548.0,22,2543.0
RM505,,13:45:33.750#,2550.0,2556.0,2529.0,2687.0,2381.0,11805,46624,2538.0,47,2539.0,14,2540.0,23,2541.0,22,2542.0,5,2544.0,11,2545.0,14,2546.0,10,2547.0,6,2548.0,22,2543.0
RM505,,13:45:34.0#,2550.0,2556.0,2529.0,2687.0,2381.0,11805,46624,2538.0,47,2539.0,14,2540.0,23,2541.0,22,2542.0,8,2543.0,14,2544.0,10,2545.0,14,2546.0,10,2547.0,6,2543.0
RM505,,13:45:34.250#,2550.0,2556.0,2529.0,2687.0,2381.0,11805,46624,2538.0,47,2539.0,14,2540.0,23,2541.0,22,2542.0,5,2543.0,14,2544.0,10,2545.0,14,2546.0,10,2547.0,6,2543.0
RM505,,13:45:34.500#,2550.0,2556.0,2529.0,2687.0,2381.0,11805,46624,2538.0,47,2539.0,14,2540.0,23,2541.0,22,2542.0,1,2543.0,14,2544.0,10,2545.0,14,2546.0,10,2547.0,6,2543.0
RM505,,13:45:34.750#,2550.0,2556.0,2529.0,2687.0,2381.0,11805,46624,2538.0,47,2539.0,14,2540.0,22,2541.0,22,2542.0,1,2543.0,14,2544.0,10,2545.0,14,2546.0,10,2547.0,6,2543.0
RM505,,13:45:36.500#,2550.0,2556.0,2529.0,2687.0,2381.0,11805,46624,2538.0,47,2539.0,14,2540.0,22,2541.0,22,2542.0,1,2543.0,17,2544.0,10,2545.0,14,2546.0,10,2547.0,6,2543.0
RM505,,13:45:37.0#,2550.0,2556.0,2529.0,2687.0,2381.0,11805,46624,2538.0,47,2539.0,14,2540.0,22,2541.0,22,2542.0,1,2543.0,14,2544.0,10,2545.0,14,2546.0,10,2547.0,6,2543.0
RM505,,13:45:39.750#,2550.0,2556.0,2529.0,2687.0,2381.0,11805,46624,2538.0,47,2539.0,14,2540.0,22,2541.0,22,2542.0,1,2543.0,17,2544.0,10,2545.0,14,2546.0,10,2547.0,6,2543.0
RM505,,13:45:42.250#,2550.0,2556.0,2529.0,2687.0,2381.0,11805,46624,2538.0,47,2539.0,14,2540.0,22,2541.0,22,2542.0,1,2543.0,17,2544.0,10,2545.0,15,2546.0,10,2547.0,6,2543.0
RM505,,13:45:44.500#,2550.0,2556.0,2529.0,2687.0,2381.0,11805,46624,2538.0,47,2539.0,14,2540.0,22,2541.0,22,2542.0,1,2543.0,18,2544.0,10,2545.0,15,2546.0,10,2547.0,6,2543.0
RM505,,13:45:46.500#,2550.0,2556.0,2529.0,2687.0,2381.0,11805,46624,2538.0,47,2539.0,14,2540.0,22,2541.0,19,2542.0,1,2543.0,18,2544.0,10,2545.0,15,2546.0,10,2547.0,6,2543.0
RM505,,13:45:48.250#,2550.0,2556.0,2529.0,2687.0,2381.0,11805,46624,2538.0,22,2539.0,15,2540.0,22,2541.0,18,2542.0,1,2543.0,20,2544.0,11,2545.0,13,2546.0,10,2547.0,6,2543.0
RM505,,13:45:49.250#,2550.0,2556.0,2529.0,2687.0,2381.0,11805,46624,2538.0,22,2539.0,15,2540.0,22,2541.0,18,2542.0,1,2543.0,20,2544.0,11,2545.0,13,2546.0,10,2547.0,6,2543.0
RM505,,13:45:50.500#,2550.0,2556.0,2529.0,2687.0,2381.0,11805,46624,2538.0,22,2539.0,15,2540.0,22,2541.0,21,2542.0,1,2543.0,20,2544.0,11,2545.0,13,2546.0,10,2547.0,6,2543.0
RM505,,13:45:50.750#,2550.0,2556.0,2529.0,2687.0,2381.0,11805,46624,2538.0,22,2539.0,15,2540.0,22,2541.0,18,2542.0,1,2543.0,20,2544.0,11,2545.0,13,2546.0,10,2547.0,6,2543.0
RM505,,13:45:54.750#,2550.0,2556.0,2529.0,2687.0,2381.0,11805,46624,2538.0,22,2539.0,15,2540.0,22,2541.0,18,2542.0,1,2543.0,20,2544.0,11,2545.0,13,2546.0,10,2547.0,6,2543.0
RM505,,13:45:57.0#,2550.0,2556.0,2529.0,2687.0,2381.0,11806,46625,2537.0,23,2538.0,22,2539.0,15,2540.0,22,2541.0,18,2543.0,21,2544.0,11,2545.0,13,2546.0,10,2547.0,6,2542.0
RM505,,13:45:57.500#,2550.0,2556.0,2529.0,2687.0,2381.0,11806,46625,2537.0,23,2538.0,22,2539.0,15,2540.0,19,2541.0,22,2543.0,21,2544.0,11,2545.0,13,2546.0,10,2547.0,6,2542.0
RM505,,13:46:04.0#,2550.0,2556.0,2529.0,2687.0,2381.0,11806,46625,2537.0,23,2538.0,22,2539.0,15,2540.0,19,2541.0,18,2543.0,21,2544.0,11,2545.0,13,2546.0,10,2547.0,6,2542.0
RM505,,13:46:04.250#,2550.0,2556.0,2529.0,2687.0,2381.0,11806,46625,2537.0,23,2538.0,22,2539.0,15,2540.0,19,2541.0,18,2542.0,1,2543.0,20,2544.0,11,2545.0,13,2546.0,10,2542.0
RM505,,13:46:04.500#,2550.0,2556.0,2529.0,2687.0,2381.0,11806,46625,2537.0,23,2538.0,22,2539.0,15,2540.0,19,2541.0,18,2542.0,2,2543.0,20,2544.0,5,2545.0,13,2546.0,10,2542.0
RM505,,13:46:04.750#,2550.0,2556.0,2529.0,2687.0,2381.0,11806,46625,2537.0,23,2538.0,22,2539.0,15,2540.0,19,2541.0,18,2542.0,2,2543.0,21,2544.0,5,2545.0,13,2546.0,10,2542.0
RM505,,13:46:05.250#,2550.0,2556.0,2529.0,2687.0,2381.0,11806,46625,2537.0,23,2538.0,22,2539.0,15,2540.0,19,2541.0,18,2542.0,1,2543.0,21,2544.0,5,2545.0,13,2546.0,10,2542.0
RM505,,13:46:05.500#,2550.0,2556.0,2529.0,2687.0,2381.0,11806,46625,2537.0,23,2538.0,22,2539.0,15,2540.0,19,2541.0,22,2542.0,1,2543.0,21,2544.0,5,2545.0,13,2546.0,10,2542.0
RM505,,13:46:05.750#,2550.0,2556.0,2529.0,2687.0,2381.0,11806,46625,2537.0,23,2538.0,22,2539.0,15,2540.0,19,2541.0,25,2542.0,1,2543.0,20,2544.0,6,2545.0,13,2546.0,10,2542.0
RM505,,13:46:06.500#,2550.0,2556.0,2529.0,2687.0,2381.0,11806,46625,2537.0,23,2538.0,22,2539.0,15,2540.0,19,2541.0,25,2542.0,1,2543.0,19,2544.0,6,2545.0,13,2546.0,10,2542.0
RM505,,13:46:06.750#,2550.0,2556.0,2529.0,2687.0,2381.0,11806,46625,2537.0,23,2538.0,22,2539.0,15,2540.0,19,2541.0,25,2542.0,1,2543.0,19,2544.0,7,2545.0,13,2546.0,10,2542.0
RM505,,13:46:07.500#,2550.0,2556.0,2529.0,2687.0,2381.0,11806,46625,2537.0,23,2538.0,22,2539.0,15,2540.0,19,2541.0,22,2542.0,2,2543.0,19,2544.0,7,2545.0,13,2546.0,10,2542.0
RM505,,13:46:07.750#,2550.0,2556.0,2529.0,2687.0,2381.0,11806,46625,2537.0,23,2538.0,22,2539.0,15,2540.0,19,2541.0,22,2542.0,1,2543.0,19,2544.0,7,2545.0,13,2546.0,10,2542.0
RM505,,13:46:08.750#,2550.0,2556.0,2529.0,2687.0,2381.0,11806,46625,2537.0,23,2538.0,22,2539.0,15,2540.0,19,2541.0,25,2542.0,1,2543.0,19,2544.0,7,2545.0,13,2546.0,10,2542.0
RM505,,13:46:11.0#,2550.0,2556.0,2529.0,2687.0,2381.0,11806,46625,2537.0,23,2538.0,22,2539.0,15,2540.0,19,2541.0,25,2542.0,2,2543.0,19,2544.0,7,2545.0,13,2546.0,10,2542.0
RM505,,13:46:11.250#,2550.0,2556.0,2529.0,2687.0,2381.0,11806,46625,2537.0,23,2538.0,22,2539.0,15,2540.0,19,2541.0,25,2542.0,1,2543.0,19,2544.0,7,2545.0,13,2546.0,10,2542.0
RM505,,13:46:16.500#,2550.0,2556.0,2529.0,2687.0,2381.0,11806,46625,2537.0,23,2538.0,22,2539.0,15,2540.0,19,2541.0,25,2542.0,3,2543.0,19,2544.0,7,2545.0,13,2546.0,10,2542.0
RM505,,13:46:17.250#,2550.0,2556.0,2529.0,2687.0,2381.0,11806,46625,2537.0,23,2538.0,21,2539.0,15,2540.0,19,2541.0,25,2542.0,3,2543.0,19,2544.0,7,2545.0,13,2546.0,10,2542.0
RM505,,13:46:22.0#,2550.0,2556.0,2529.0,2687.0,2381.0,11806,46625,2537.0,23,2538.0,21,2539.0,15,2540.0,19,2541.0,25,2542.0,3,2543.0,16,2544.0,7,2545.0,13,2546.0,10,2542.0
RM505,,13:46:22.250#,2550.0,2556.0,2529.0,2687.0,2381.0,11806,46625,2537.0,23,2538.0,21,2539.0,15,2540.0,19,2541.0,25,2542.0,3,2543.0,16,2544.0,7,2545.0,13,2546.0,10,2542.0
RM505,,13:46:24.0#,2550.0,2556.0,2529.0,2687.0,2381.0,11806,46625,2537.0,23,2538.0,21,2539.0,15,2540.0,19,2541.0,25,2542.0,3,2543.0,19,2544.0,7,2545.0,13,2546.0,10,2542.0
RM505,,13:46:25.250#,2550.0,2556.0,2529.0,2687.0,2381.0,11806,46625,2537.0,23,2538.0,21,2539.0,15,2540.0,19,2541.0,25,2542.0,3,2543.0,16,2544.0,7,2545.0,13,2546.0,10,2542.0
RM505,,13:46:26.0#,2550.0,2556.0,2529.0,2687.0,2381.0,11806,46625,2537.0,23,2538.0,21,2539.0,15,2540.0,19,2541.0,25,2542.0,3,2543.0,19,2544.0,7,2545.0,13,2546.0,10,2542.0
RM505,,13:46:27.0#,2550.0,2556.0,2529.0,2687.0,2381.0,11806,46625,2537.0,23,2538.0,21,2539.0,15,2540.0,19,2541.0,25,2542.0,3,2543.0,16,2544.0,7,2545.0,13,2546.0,10,2542.0
RM505,,13:46:28.0#,2550.0,2556.0,2529.0,2687.0,2381.0,11806,46625,2537.0,23,2538.0,21,2539.0,15,2540.0,19,2541.0,25,2542.0,3,2543.0,19,2544.0,7,2545.0,13,2546.0,10,2542.0
RM505,,13:46:28.750#,2550.0,2556.0,2529.0,2687.0,2381.0,11806,46625,2537.0,23,2538.0,21,2539.0,15,2540.0,19,2541.0,25,2542.0,3,2543.0,16,2544.0,7,2545.0,13,2546.0,10,2542.0
RM505,,13:46:29.250#,2550.0,2556.0,2529.0,2687.0,2381.0,11806,46625,2537.0,23,2538.0,21,2539.0,15,2540.0,19,2541.0,25,2542.0,3,2543.0,19,2544.0,7,2545.0,13,2546.0,10,2542.0
RM505,,13:46:32.750#,2550.0,2556.0,2529.0,2687.0,2381.0,11806,46625,2537.0,23,2538.0,21,2539.0,15,2540.0,19,2541.0,25,2542.0,4,2543.0,19,2544.0,7,2545.0,13,2546.0,10,2542.0
RM505,,13:46:36.250#,2550.0,2556.0,2529.0,2687.0,2381.0,11806,46625,2537.0,23,2538.0,21,2539.0,15,2540.0,19,2541.0,22,2542.0,4,2543.0,19,2544.0,7,2545.0,13,2546.0,10,2542.0
RM505,,13:46:38.250#,2550.0,2556.0,2529.0,2687.0,2381.0,11806,46625,2537.0,23,2538.0,21,2539.0,15,2540.0,19,2541.0,22,2542.0,5,2543.0,19,2544.0,7,2545.0,13,2546.0,10,2542.0
RM505,,13:46:38.500#,2550.0,2556.0,2529.0,2687.0,2381.0,11806,46625,2537.0,23,2538.0,21,2539.0,15,2540.0,19,2541.0,18,2542.0,5,2543.0,19,2544.0,6,2545.0,13,2546.0,10,2542.0
RM505,,13:46:38.750#,2550.0,2556.0,2529.0,2687.0,2381.0,11806,46625,2537.0,23,2538.0,21,2539.0,15,2540.0,19,2541.0,18,2542.0,5,2543.0,20,2544.0,6,2545.0,13,2546.0,10,2542.0
RM505,,13:46:43.750#,2550.0,2556.0,2529.0,2687.0,2381.0,11806,46625,2537.0,23,2538.0,21,2539.0,15,2540.0,19,2541.0,18,2542.0,5,2543.0,20,2544.0,6,2545.0,13,2546.0,11,2542.0
RM505,,13:46:45.500#,2550.0,2556.0,2529.0,2687.0,2381.0,11806,46625,2537.0,23,2538.0,21,2539.0,15,2540.0,19,2541.0,19,2542.0,5,2543.0,20,2544.0,6,2545.0,13,2546.0,11,2542.0
RM505,,13:46:54.250#,2550.0,2556.0,2529.0,2687.0,2381.0,11819,46634,2537.0,23,2538.0,21,2539.0,15,2540.0,19,2541.0,6,2542.0,7,2543.0,20,2544.0,6,2545.0,13,2546.0,11,2541.0
RM505,,13:46:54.500#,2550.0,2556.0,2529.0,2687.0,2381.0,11824,46634,2537.0,23,2538.0,21,2539.0,15,2540.0,19,2541.0,1,2542.0,9,2543.0,20,2544.0,7,2545.0,13,2546.0,11,2541.0
RM505,,13:46:54.750#,2550.0,2556.0,2529.0,2687.0,2381.0,11825,46635,2536.0,10,2537.0,23,2538.0,21,2539.0,15,2540.0,19,2542.0,13,2543.0,20,2544.0,6,2545.0,13,2546.0,11,2541.0
RM505,,13:46:55.0#,2550.0,2556.0,2529.0,2687.0,2381.0,11825,46635,2536.0,10,2537.0,14,2538.0,21,2539.0,14,2540.0,23,2542.0,9,2543.0,20,2544.0,6,2545.0,13,2546.0,11,2541.0
RM505,,13:46:55.250#,2550.0,2556.0,2529.0,2687.0,2381.0,11825,46635,2536.0,10,2537.0,14,2538.0,22,2539.0,14,2540.0,25,2542.0,6,2543.0,20,2544.0,6,2545.0,14,2546.0,11,2541.0
RM505,,13:46:55.750#,2550.0,2556.0,2529.0,2687.0,2381.0,11825,46635,2536.0,10,2537.0,14,2538.0,22,2539.0,14,2540.0,25,2542.0,5,2543.0,21,2544.0,6,2545.0,14,2546.0,11,2541.0
RM505,,13:46:56.500#,2550.0,2556.0,2529.0,2687.0,2381.0,11825,46635,2536.0,10,2537.0,14,2538.0,22,2539.0,14,2540.0,23,2542.0,5,2543.0,21,2544.0,6,2545.0,14,2546.0,11,2541.0
RM505,,13:46:57.500#,2550.0,2556.0,2529.0,2687.0,2381.0,11825,46635,2536.0,10,2537.0,14,2538.0,22,2539.0,14,2540.0,23,2542.0,9,2543.0,21,2544.0,6,2545.0,14,2546.0,11,2541.0
RM505,,13:46:57.750#,2550.0,2556.0,2529.0,2687.0,2381.0,11825,46635,2536.0,10,2537.0,14,2538.0,22,2539.0,14,2540.0,23,2542.0,11,2543.0,20,2544.0,6,2545.0,14,2546.0,11,2541.0
RM505,,13:46:58.0#,2550.0,2556.0,2529.0,2687.0,2381.0,11825,46635,2536.0,10,2537.0,14,2538.0,22,2539.0,14,2540.0,23,2542.0,14,2543.0,20,2544.0,6,2545.0,14,2546.0,11,2541.0
RM505,,13:46:58.500#,2550.0,2556.0,2529.0,2687.0,2381.0,11825,46635,2536.0,10,2537.0,14,2538.0,22,2539.0,14,2540.0,23,2542.0,13,2543.0,20,2544.0,6,2545.0,14,2546.0,11,2541.0
RM505,,13:46:59.750#,2550.0,2556.0,2529.0,2687.0,2381.0,11825,46635,2536.0,10,2537.0,14,2538.0,22,2539.0,14,2540.0,23,2542.0,10,2543.0,20,2544.0,6,2545.0,14,2546.0,11,2541.0
RM505,,13:47:03.500#,2550.0,2556.0,2529.0,2687.0,2381.0,11825,46635,2536.0,10,2537.0,14,2538.0,22,2539.0,14,2540.0,23,2542.0,10,2543.0,20,2544.0,6,2545.0,14,2546.0,11,2541.0
RM505,,13:47:06.250#,2550.0,2556.0,2529.0,2687.0,2381.0,11825,46635,2536.0,10,2537.0,14,2538.0,22,2539.0,14,2540.0,24,2542.0,10,2543.0,20,2544.0,6,2545.0,14,2546.0,11,2541.0
RM505,,13:47:07.500#,2550.0,2556.0,2529.0,2687.0,2381.0,11825,46635,2536.0,10,2537.0,14,2538.0,22,2539.0,14,2540.0,24,2542.0,10,2543.0,20,2544.0,8,2545.0,14,2546.0,11,2541.0
RM505,,13:47:07.750#,2550.0,2556.0,2529.0,2687.0,2381.0,11825,46635,2536.0,10,2537.0,14,2538.0,22,2539.0,14,2540.0,24,2542.0,10,2543.0,21,2544.0,8,2545.0,14,2546.0,11,2541.0
RM505,,13:47:08.0#,2550.0,2556.0,2529.0,2687.0,2381.0,11825,46635,2536.0,10,2537.0,14,2538.0,22,2539.0,14,2540.0,24,2542.0,13,2543.0,21,2544.0,8,2545.0,14,2546.0,11,2541.0
RM505,,13:47:08.250#,2550.0,2556.0,2529.0,2687.0,2381.0,11825,46635,2536.0,10,2537.0,14,2538.0,22,2539.0,14,2540.0,24,2542.0,14,2543.0,21,2544.0,8,2545.0,14,2546.0,11,2541.0
RM505,,13:47:13.0#,2550.0,2556.0,2529.0,2687.0,2381.0,11825,46635,2536.0,10,2537.0,14,2538.0,22,2539.0,14,2540.0,24,2542.0,14,2543.0,21,2544.0,9,2545.0,14,2546.0,11,2541.0
RM505,,13:47:13.750#,2550.0,2556.0,2529.0,2687.0,2381.0,11825,46635,2536.0,10,2537.0,14,2538.0,22,2539.0,14,2540.0,24,2542.0,11,2543.0,21,2544.0,9,2545.0,14,2546.0,11,2541.0
RM505,,13:47:20.0#,2550.0,2556.0,2529.0,2687.0,2381.0,11825,46635,2536.0,10,2537.0,14,2538.0,22,2539.0,14,2540.0,24,2542.0,7,2543.0,21,2544.0,9,2545.0,14,2546.0,11,2541.0
RM505,,13:47:20.250#,2550.0,2556.0,2529.0,2687.0,2381.0,11825,46635,2537.0,14,2538.0,21,2539.0,14,2540.0,24,2541.0,10,2542.0,6,2543.0,22,2544.0,9,2545.0,14,2546.0,11,2541.0
RM505,,13:47:20.500#,2550.0,2556.0,2529.0,2687.0,2381.0,11825,46635,2537.0,14,2538.0,21,2539.0,15,2540.0,24,2541.0,14,2542.0,6,2543.0,22,2544.0,9,2545.0,14,2546.0,11,2541.0
RM505,,13:47:20.750#,2550.0,2556.0,2529.0,2687.0,2381.0,11825,46635,2537.0,14,2538.0,21,2539.0,15,2540.0,24,2541.0,14,2542.0,5,2543.0,22,2544.0,9,2545.0,14,2546.0,11,2541.0
RM505,,13:47:21.0#,2550.0,2556.0,2529.0,2687.0,2381.0,11825,46635,2537.0,14,2538.0,21,2539.0,15,2540.0,24,2541.0,27,2542.0,5,2543.0,22,2544.0,9,2545.0,14,2546.0,11,2541.0
RM505,,13:47:21.250#,2550.0,2556.0,2529.0,2687.0,2381.0,11825,46635,2537.0,14,2538.0,21,2539.0,15,2540.0,24,2541.0,30,2542.0,5,2543.0,22,2544.0,9,2545.0,14,2546.0,11,2541.0
RM505,,13:47:22.500#,2550.0,2556.0,2529.0,2687.0,2381.0,11830,46634,2537.0,14,2538.0,21,2539.0,15,2540.0,25,2541.0,28,2543.0,26,2544.0,9,2545.0,14,2546.0,11,2547.0,6,2542.0
RM505,,13:47:24.750#,2550.0,2556.0,2529.0,2687.0,2381.0,11830,46634,2537.0,14,2538.0,21,2539.0,15,2540.0,25,2541.0,33,2543.0,22,2544.0,9,2545.0,14,2546.0,11,2547.0,6,2542.0
RM505,,13:47:25.0#,2550.0,2556.0,2529.0,2687.0,2381.0,11830,46634,2537.0,14,2538.0,21,2539.0,14,2540.0,25,2541.0,33,2543.0,18,2544.0,9,2545.0,14,2546.0,11,2547.0,6,2542.0
RM505,,13:47:25.250#,2550.0,2556.0,2529.0,2687.0,2381.0,11830,46634,2537.0,14,2538.0,21,2539.0,14,2540.0,26,2541.0,33,2543.0,17,2544.0,10,2545.0,15,2546.0,11,2547.0,6,2542.0
RM505,,13:47:26.750#,2550.0,2556.0,2529.0,2687.0,2381.0,11830,46634,2537.0,14,2538.0,21,2539.0,14,2540.0,26,2541.0,33,2543.0,17,2544.0,10,2545.0,14,2546.0,11,2547.0,6,2542.0
RM505,,13:47:27.250#,2550.0,2556.0,2529.0,2687.0,2381.0,11830,46634,2537.0,14,2538.0,21,2539.0,14,2540.0,26,2541.0,41,2543.0,17,2544.0,10,2545.0,14,2546.0,11,2547.0,6,2542.0
RM505,,13:47:27.500#,2550.0,2556.0,2529.0,2687.0,2381.0,11830,46634,2537.0,14,2538.0,21,2539.0,14,2540.0,26,2541.0,70,2543.0,17,2544.0,7,2545.0,14,2546.0,11,2547.0,6,2542.0
RM505,,13:47:27.750#,2550.0,2556.0,2529.0,2687.0,2381.0,11830,46634,2537.0,14,2538.0,21,2539.0,14,2540.0,26,2541.0,77,2543.0,3,2544.0,7,2545.0,14,2546.0,11,2547.0,6,2542.0
RM505,,13:47:28.500#,2550.0,2556.0,2529.0,2687.0,2381.0,11830,46634,2537.0,14,2538.0,21,2539.0,14,2540.0,26,2541.0,77,2543.0,4,2544.0,7,2545.0,14,2546.0,11,2547.0,6,2542.0
RM505,,13:47:29.0#,2550.0,2556.0,2529.0,2687.0,2381.0,11830,46634,2537.0,14,2538.0,21,2539.0,14,2540.0,26,2541.0,77,2543.0,4,2544.0,7,2545.0,14,2546.0,11,2547.0,6,2542.0
RM505,,13:47:29.250#,2550.0,2556.0,2529.0,2687.0,2381.0,11830,46634,2537.0,14,2538.0,21,2539.0,14,2540.0,27,2541.0,77,2543.0,4,2544.0,7,2545.0,14,2546.0,11,2547.0,6,2542.0
RM505,,13:47:30.750#,2550.0,2556.0,2529.0,2687.0,2381.0,11830,46634,2537.0,14,2538.0,21,2539.0,14,2540.0,27,2541.0,77,2543.0,4,2544.0,10,2545.0,14,2546.0,11,2547.0,6,2542.0
RM505,,13:47:31.0#,2550.0,2556.0,2529.0,2687.0,2381.0,11830,46634,2538.0,21,2539.0,14,2540.0,27,2541.0,31,2542.0,2,2543.0,4,2544.0,7,2545.0,14,2546.0,11,2547.0,6,2542.0
RM505,,13:47:31.250#,2550.0,2556.0,2529.0,2687.0,2381.0,11830,46634,2538.0,21,2539.0,14,2540.0,26,2541.0,31,2542.0,6,2543.0,4,2544.0,9,2545.0,15,2546.0,11,2547.0,6,2542.0
RM505,,13:47:31.500#,2550.0,2556.0,2529.0,2687.0,2381.0,11830,46634,2538.0,21,2539.0,14,2540.0,26,2541.0,32,2542.0,6,2543.0,4,2544.0,9,2545.0,15,2546.0,11,2547.0,6,2542.0
RM505,,13:47:32.500#,2550.0,2556.0,2529.0,2687.0,2381.0,11830,46634,2538.0,21,2539.0,14,2540.0,26,2541.0,32,2542.0,4,2543.0,4,2544.0,9,2545.0,15,2546.0,11,2547.0,6,2542.0
RM505,,13:47:33.500#,2550.0,2556.0,2529.0,2687.0,2381.0,11830,46634,2538.0,21,2539.0,14,2540.0,26,2541.0,32,2542.0,9,2543.0,4,2544.0,9,2545.0,15,2546.0,11,2547.0,6,2542.0
RM505,,13:47:33.750#,2550.0,2556.0,2529.0,2687.0,2381.0,11830,46634,2538.0,21,2539.0,15,2540.0,26,2541.0,32,2542.0,9,2543.0,4,2544.0,9,2545.0,15,2546.0,11,2547.0,6,2542.0
RM505,,13:47:34.0#,2550.0,2556.0,2529.0,2687.0,2381.0,11830,46634,2538.0,21,2539.0,15,2540.0,26,2541.0,32,2542.0,9,2543.0,4,2544.0,9,2545.0,15,2546.0,11,2547.0,6,2542.0
RM505,,13:47:35.500#,2550.0,2556.0,2529.0,2687.0,2381.0,11830,46634,2538.0,21,2539.0,15,2540.0,26,2541.0,32,2542.0,9,2543.0,4,2544.0,6,2545.0,15,2546.0,11,2547.0,6,2542.0
RM505,,13:47:36.0#,2550.0,2556.0,2529.0,2687.0,2381.0,11830,46634,2538.0,21,2539.0,15,2540.0,26,2541.0,32,2542.0,9,2543.0,4,2544.0,9,2545.0,15,2546.0,11,2547.0,6,2542.0
RM505,,13:47:38.250#,2550.0,2556.0,2529.0,2687.0,2381.0,11830,46634,2538.0,21,2539.0,15,2540.0,26,2541.0,32,2542.0,9,2543.0,4,2544.0,9,2545.0,15,2546.0,11,2547.0,6,2542.0
RM505,,13:47:40.0#,2550.0,2556.0,2529.0,2687.0,2381.0,11830,46634,2538.0,21,2539.0,15,2540.0,26,2541.0,32,2542.0,6,2543.0,4,2544.0,9,2545.0,15,2546.0,11,2547.0,6,2542.0
RM505,,13:47:42.0#,2550.0,2556.0,2529.0,2687.0,2381.0,11830,46634,2538.0,21,2539.0,15,2540.0,26,2541.0,32,2542.0,6,2543.0,4,2544.0,9,2545.0,15,2546.0,11,2547.0,6,2542.0
RM505,,13:47:42.750#,2550.0,2556.0,2529.0,2687.0,2381.0,11830,46634,2538.0,21,2539.0,15,2540.0,26,2541.0,32,2542.0,6,2543.0,4,2544.0,10,2545.0,15,2546.0,11,2547.0,6,2542.0
RM505,,13:47:44.750#,2550.0,2556.0,2529.0,2687.0,2381.0,11830,46634,2538.0,21,2539.0,15,2540.0,26,2541.0,32,2542.0,6,2543.0,4,2544.0,10,2545.0,15,2546.0,11,2547.0,6,2542.0
RM505,,13:47:45.0#,2550.0,2556.0,2529.0,2687.0,2381.0,11830,46634,2538.0,21,2539.0,15,2540.0,27,2541.0,32,2542.0,6,2543.0,4,2544.0,10,2545.0,15,2546.0,11,2547.0,6,2542.0
RM505,,13:47:47.500#,2550.0,2556.0,2529.0,2687.0,2381.0,11830,46634,2538.0,21,2539.0,15,2540.0,27,2541.0,19,2542.0,6,2543.0,4,2544.0,10,2545.0,15,2546.0,11,2547.0,6,2542.0
RM505,,13:47:48.0#,2550.0,2556.0,2529.0,2687.0,2381.0,11830,46634,2538.0,21,2539.0,15,2540.0,37,2541.0,19,2542.0,6,2543.0,4,2544.0,10,2545.0,15,2546.0,11,2547.0,6,2542.0
RM505,,13:47:51.750#,2550.0,2556.0,2529.0,2687.0,2381.0,11830,46634,2538.0,21,2539.0,15,2540.0,37,2541.0,19,2542.0,6,2543.0,4,2544.0,10,2545.0,15,2546.0,11,2547.0,6,2542.0
RM505,,13:48:15.0#,2550.0,2556.0,2529.0,2687.0,2381.0,11830,46634,2538.0,21,2539.0,15,2540.0,37,2541.0,19,2542.0,9,2543.0,4,2544.0,10,2545.0,15,2546.0,11,2547.0,6,2542.0
RM505,,13:48:18.250#,2550.0,2556.0,2529.0,2687.0,2381.0,11830,46634,2538.0,21,2539.0,15,2540.0,37,2541.0,19,2542.0,6,2543.0,4,2544.0,10,2545.0,15,2546.0,11,2547.0,6,2542.0
RM505,,13:48:30.500#,2550.0,2556.0,2529.0,2687.0,2381.0,11830,46634,2538.0,21,2539.0,15,2540.0,37,2541.0,19,2542.0,5,2543.0,4,2544.0,10,2545.0,15,2546.0,11,2547.0,6,2542.0
RM505,,13:48:30.750#,2550.0,2556.0,2529.0,2687.0,2381.0,11830,46634,2538.0,21,2539.0,15,2540.0,37,2541.0,19,2542.0,6,2543.0,4,2544.0,10,2545.0,15,2546.0,11,2547.0,6,2542.0
RM505,,13:48:50.250#,2550.0,2556.0,2529.0,2687.0,2381.0,11830,46634,2538.0,21,2539.0,15,2540.0,37,2541.0,19,2542.0,6,2543.0,4,2544.0,11,2545.0,15,2546.0,11,2547.0,6,2542.0
RM505,,13:49:02.250#,2550.0,2556.0,2529.0,2687.0,2381.0,11831,46633,2538.0,21,2539.0,15,2540.0,37,2541.0,19,2542.0,5,2543.0,3,2544.0,11,2545.0,15,2546.0,11,2547.0,6,2543.0
RM505,,13:49:02.750#,2550.0,2556.0,2529.0,2687.0,2381.0,11832,46632,2538.0,21,2539.0,15,2540.0,37,2541.0,19,2542.0,4,2543.0,2,2544.0,11,2545.0,15,2546.0,11,2547.0,6,2543.0
RM505,,13:49:03.0#,2550.0,2556.0,2529.0,2687.0,2381.0,11832,46632,2538.0,21,2539.0,15,2540.0,37,2541.0,19,2542.0,5,2543.0,2,2544.0,11,2545.0,15,2546.0,11,2547.0,6,2543.0
RM505,,13:49:09.0#,2550.0,2556.0,2529.0,2687.0,2381.0,11832,46632,2538.0,21,2539.0,15,2540.0,37,2541.0,18,2542.0,1,2543.0,13,2544.0,11,2545.0,15,2546.0,11,2547.0,6,2543.0
RM505,,13:49:09.250#,2550.0,2556.0,2529.0,2687.0,2381.0,11833,46632,2537.0,15,2538.0,21,2539.0,16,2540.0,37,2541.0,15,2542.0,14,2543.0,4,2544.0,11,2545.0,14,2546.0,11,2542.0
RM505,,13:49:09.500#,2550.0,2556.0,2529.0,2687.0,2381.0,11833,46632,2537.0,15,2538.0,21,2539.0,16,2540.0,37,2541.0,15,2542.0,14,2543.0,5,2544.0,12,2545.0,14,2546.0,11,2542.0
RM505,,13:49:09.750#,2550.0,2556.0,2529.0,2687.0,2381.0,11833,46632,2537.0,15,2538.0,21,2539.0,16,2540.0,37,2541.0,15,2542.0,17,2543.0,5,2544.0,12,2545.0,14,2546.0,11,2542.0
RM505,,13:49:10.500#,2550.0,2556.0,2529.0,2687.0,2381.0,11833,46632,2537.0,15,2538.0,21,2539.0,16,2540.0,37,2541.0,15,2542.0,14,2543.0,5,2544.0,12,2545.0,14,2546.0,11,2542.0
RM505,,13:49:19.750#,2550.0,2556.0,2529.0,2687.0,2381.0,11833,46632,2537.0,15,2538.0,21,2539.0,16,2540.0,37,2541.0,15,2542.0,19,2543.0,5,2544.0,12,2545.0,14,2546.0,11,2542.0
RM505,,13:49:23.0#,2550.0,2556.0,2529.0,2687.0,2381.0,11852,46632,2537.0,15,2538.0,21,2539.0,16,2540.0,37,2541.0,15,2543.0,6,2544.0,12,2545.0,14,2546.0,11,2547.0,6,2542.0
RM505,,13:49:23.250#,2550.0,2556.0,2529.0,2687.0,2381.0,11852,46632,2537.0,15,2538.0,21,2539.0,16,2540.0,37,2541.0,20,2543.0,6,2544.0,12,2545.0,14,2546.0,11,2547.0,6,2542.0
RM505,,13:49:23.750#,2550.0,2556.0,2529.0,2687.0,2381.0,11852,46632,2538.0,21,2539.0,15,2540.0,38,2541.0,18,2542.0,14,2543.0,3,2544.0,12,2545.0,14,2546.0,11,2547.0,6,2542.0
RM505,,13:49:24.0#,2550.0,2556.0,2529.0,2687.0,2381.0,11852,46632,2538.0,21,2539.0,15,2540.0,38,2541.0,18,2542.0,18,2543.0,3,2544.0,12,2545.0,14,2546.0,11,2547.0,6,2542.0
RM505,,13:49:28.0#,2550.0,2556.0,2529.0,2687.0,2381.0,11852,46632,2538.0,21,2539.0,15,2540.0,38,2541.0,18,2542.0,18,2543.0,2,2544.0,12,2545.0,14,2546.0,11,2547.0,6,2542.0
