InstrumentId,ExchangeId,Datetime,OpenPrice,HighestPrice,LowestPrice,UpperLimitPrice,LowerLimitPrice,Volume,OpenInterest,BidPrice5,BidVolume5,BidPrice4,BidVolume4,BidPrice3,BidVolume3,BidPrice2,BidVolume2,BidPrice1,BidVolume1,AskPrice1,AskVolume1,AskPrice2,AskVolume2,AskPrice3,AskVolume3,AskPrice4,AskVolume4,AskPrice5,AskVolume5,LastPrice
RM503,,13:38:37.750#,2522.0,2528.0,2490.0,2654.0,2352.0,3220,13917,2502.0,41,2504.0,2,2505.0,8,2506.0,1,2507.0,9,2509.0,11,2510.0,4,2511.0,1,2512.0,1,2513.0,25,2507.0
RM503,,13:38:50.750#,2522.0,2528.0,2490.0,2654.0,2352.0,3220,13917,2502.0,41,2504.0,2,2505.0,8,2506.0,1,2507.0,5,2509.0,11,2510.0,4,2511.0,1,2512.0,1,2513.0,25,2507.0
RM503,,13:38:51.0#,2522.0,2528.0,2490.0,2654.0,2352.0,3220,13917,2501.0,2,2502.0,41,2504.0,2,2505.0,8,2506.0,12,2508.0,4,2509.0,1,2510.0,4,2511.0,1,2512.0,1,2507.0
RM503,,13:38:51.250#,2522.0,2528.0,2490.0,2654.0,2352.0,3220,13917,2502.0,41,2504.0,2,2505.0,8,2506.0,1,2507.0,4,2509.0,11,2510.0,4,2511.0,1,2512.0,1,2513.0,25,2507.0
RM503,,13:38:51.500#,2522.0,2528.0,2490.0,2654.0,2352.0,3220,13917,2501.0,2,2502.0,41,2504.0,2,2505.0,8,2506.0,12,2509.0,11,2510.0,4,2511.0,1,2512.0,1,2513.0,25,2507.0
RM503,,13:38:51.750#,2522.0,2528.0,2490.0,2654.0,2352.0,3220,13917,2502.0,41,2504.0,2,2505.0,8,2506.0,1,2507.0,4,2509.0,11,2510.0,4,2511.0,1,2512.0,1,2513.0,25,2507.0
RM503,,13:38:52.750#,2522.0,2528.0,2490.0,2654.0,2352.0,3220,13917,2502.0,41,2504.0,2,2505.0,8,2506.0,1,2507.0,5,2509.0,11,2510.0,4,2511.0,1,2512.0,1,2513.0,25,2507.0
RM503,,13:38:53.0#,2522.0,2528.0,2490.0,2654.0,2352.0,3220,13917,2502.0,41,2504.0,2,2505.0,8,2506.0,1,2507.0,6,2509.0,11,2510.0,4,2511.0,1,2512.0,1,2513.0,25,2507.0
RM503,,13:38:53.250#,2522.0,2528.0,2490.0,2654.0,2352.0,3220,13917,2502.0,41,2504.0,2,2505.0,8,2506.0,1,2507.0,9,2509.0,11,2510.0,4,2511.0,1,2512.0,1,2513.0,25,2507.0
RM503,,13:39:03.0#,2522.0,2528.0,2490.0,2654.0,2352.0,3220,13917,2502.0,41,2504.0,2,2505.0,8,2506.0,1,2507.0,9,2508.0,1,2509.0,1,2510.0,4,2511.0,1,2512.0,1,2507.0
RM503,,13:39:03.250#,2522.0,2528.0,2490.0,2654.0,2352.0,3221,13916,2502.0,41,2504.0,2,2505.0,8,2506.0,1,2507.0,8,2509.0,11,2510.0,4,2511.0,1,2512.0,1,2513.0,25,2508.0
RM503,,13:39:07.750#,2522.0,2528.0,2490.0,2654.0,2352.0,3221,13916,2503.0,1,2504.0,2,2505.0,8,2506.0,1,2507.0,8,2509.0,11,2510.0,4,2511.0,1,2512.0,1,2513.0,25,2508.0
RM503,,13:39:12.750#,2522.0,2528.0,2490.0,2654.0,2352.0,3221,13916,2503.0,1,2504.0,2,2505.0,8,2506.0,1,2507.0,2,2509.0,11,2510.0,4,2511.0,1,2512.0,1,2513.0,25,2508.0
RM503,,13:39:13.0#,2522.0,2528.0,2490.0,2654.0,2352.0,3221,13916,2502.0,41,2503.0,1,2504.0,2,2505.0,8,2506.0,12,2508.0,1,2509.0,1,2510.0,4,2511.0,1,2512.0,1,2508.0
RM503,,13:39:13.250#,2522.0,2528.0,2490.0,2654.0,2352.0,3221,13916,2502.0,41,2503.0,1,2504.0,2,2505.0,8,2506.0,12,2508.0,8,2509.0,1,2510.0,4,2511.0,1,2512.0,1,2508.0
RM503,,13:39:13.500#,2522.0,2528.0,2490.0,2654.0,2352.0,3221,13916,2502.0,41,2503.0,1,2504.0,2,2505.0,8,2506.0,10,2508.0,10,2509.0,1,2510.0,4,2511.0,1,2512.0,1,2508.0
RM503,,13:39:13.750#,2522.0,2528.0,2490.0,2654.0,2352.0,3221,13916,2502.0,41,2503.0,1,2504.0,2,2505.0,8,2506.0,10,2508.0,9,2509.0,1,2510.0,4,2511.0,1,2512.0,1,2508.0
RM503,,13:39:14.750#,2522.0,2528.0,2490.0,2654.0,2352.0,3221,13916,2502.0,41,2503.0,1,2504.0,2,2505.0,8,2506.0,10,2508.0,10,2509.0,1,2510.0,4,2511.0,1,2512.0,1,2508.0
RM503,,13:39:20.0#,2522.0,2528.0,2490.0,2654.0,2352.0,3221,13916,2502.0,41,2503.0,1,2504.0,2,2505.0,8,2506.0,10,2508.0,9,2509.0,1,2510.0,4,2511.0,1,2512.0,1,2508.0
RM503,,13:39:20.500#,2522.0,2528.0,2490.0,2654.0,2352.0,3221,13916,2502.0,41,2503.0,1,2504.0,2,2505.0,8,2506.0,12,2508.0,8,2509.0,1,2510.0,4,2511.0,1,2512.0,1,2508.0
RM503,,13:39:20.750#,2522.0,2528.0,2490.0,2654.0,2352.0,3221,13916,2503.0,1,2504.0,2,2505.0,8,2506.0,1,2507.0,1,2508.0,8,2509.0,1,2510.0,4,2511.0,1,2512.0,1,2508.0
RM503,,13:39:21.250#,2522.0,2528.0,2490.0,2654.0,2352.0,3221,13916,2503.0,1,2504.0,2,2505.0,8,2506.0,1,2507.0,1,2508.0,9,2509.0,1,2510.0,4,2511.0,1,2512.0,1,2508.0
RM503,,13:39:21.500#,2522.0,2528.0,2490.0,2654.0,2352.0,3221,13916,2503.0,1,2504.0,2,2505.0,8,2506.0,1,2507.0,1,2508.0,12,2509.0,1,2510.0,4,2511.0,1,2512.0,1,2508.0
RM503,,13:39:21.750#,2522.0,2528.0,2490.0,2654.0,2352.0,3222,13915,2502.0,40,2503.0,1,2504.0,2,2505.0,8,2506.0,10,2508.0,11,2509.0,1,2510.0,4,2511.0,1,2512.0,1,2507.0
RM503,,13:39:31.500#,2522.0,2528.0,2490.0,2654.0,2352.0,3222,13915,2502.0,40,2503.0,1,2504.0,2,2505.0,8,2506.0,10,2508.0,10,2509.0,1,2510.0,4,2511.0,1,2512.0,1,2507.0
RM503,,13:39:32.0#,2522.0,2528.0,2490.0,2654.0,2352.0,3222,13915,2502.0,40,2503.0,1,2504.0,2,2505.0,7,2506.0,10,2508.0,11,2509.0,1,2510.0,4,2511.0,2,2512.0,1,2507.0
RM503,,13:39:36.0#,2522.0,2528.0,2490.0,2654.0,2352.0,3222,13915,2502.0,40,2503.0,1,2504.0,2,2505.0,7,2506.0,10,2508.0,10,2509.0,1,2510.0,4,2511.0,2,2512.0,1,2507.0
RM503,,13:39:36.250#,2522.0,2528.0,2490.0,2654.0,2352.0,3222,13915,2502.0,40,2503.0,1,2504.0,2,2505.0,7,2506.0,11,2508.0,12,2509.0,1,2510.0,4,2511.0,2,2512.0,1,2507.0
RM503,,13:39:36.500#,2522.0,2528.0,2490.0,2654.0,2352.0,3222,13915,2502.0,14,2503.0,1,2504.0,2,2505.0,7,2506.0,11,2508.0,12,2509.0,1,2510.0,4,2511.0,2,2512.0,1,2507.0
RM503,,13:39:36.750#,2522.0,2528.0,2490.0,2654.0,2352.0,3222,13915,2502.0,14,2503.0,1,2504.0,2,2505.0,7,2506.0,11,2508.0,12,2509.0,1,2510.0,4,2511.0,2,2512.0,1,2507.0
RM503,,13:39:37.500#,2522.0,2528.0,2490.0,2654.0,2352.0,3222,13915,2502.0,14,2503.0,1,2504.0,2,2505.0,7,2506.0,3,2508.0,12,2509.0,1,2510.0,4,2511.0,2,2512.0,1,2507.0
RM503,,13:39:37.750#,2522.0,2528.0,2490.0,2654.0,2352.0,3222,13915,2501.0,2,2502.0,14,2503.0,1,2504.0,2,2505.0,16,2507.0,10,2508.0,2,2509.0,1,2510.0,3,2511.0,2,2507.0
RM503,,13:39:38.0#,2522.0,2528.0,2490.0,2654.0,2352.0,3222,13915,2501.0,2,2502.0,2,2503.0,1,2504.0,4,2505.0,12,2507.0,11,2508.0,3,2509.0,1,2510.0,4,2511.0,2,2507.0
RM503,,13:39:38.250#,2522.0,2528.0,2490.0,2654.0,2352.0,3222,13915,2501.0,2,2502.0,2,2503.0,1,2504.0,5,2505.0,12,2507.0,11,2508.0,3,2509.0,1,2510.0,4,2511.0,2,2507.0
RM503,,13:39:38.500#,2522.0,2528.0,2490.0,2654.0,2352.0,3222,13915,2501.0,2,2502.0,3,2503.0,1,2504.0,4,2505.0,12,2507.0,10,2508.0,3,2509.0,1,2510.0,4,2511.0,2,2507.0
RM503,,13:39:39.0#,2522.0,2528.0,2490.0,2654.0,2352.0,3222,13915,2501.0,2,2502.0,3,2503.0,1,2504.0,4,2505.0,12,2507.0,2,2508.0,3,2509.0,1,2510.0,4,2511.0,2,2507.0
RM503,,13:39:39.250#,2522.0,2528.0,2490.0,2654.0,2352.0,3222,13915,2502.0,3,2503.0,1,2504.0,4,2505.0,3,2506.0,8,2508.0,13,2509.0,1,2510.0,4,2511.0,2,2512.0,1,2507.0
RM503,,13:39:39.500#,2522.0,2528.0,2490.0,2654.0,2352.0,3222,13915,2502.0,2,2503.0,2,2504.0,4,2505.0,3,2506.0,8,2508.0,12,2509.0,1,2510.0,4,2511.0,2,2512.0,1,2507.0
RM503,,13:39:39.750#,2522.0,2528.0,2490.0,2654.0,2352.0,3222,13915,2502.0,2,2503.0,2,2504.0,4,2505.0,3,2506.0,8,2508.0,12,2509.0,2,2510.0,4,2511.0,2,2512.0,1,2507.0
RM503,,13:39:40.250#,2522.0,2528.0,2490.0,2654.0,2352.0,3222,13915,2502.0,2,2503.0,2,2504.0,4,2505.0,3,2506.0,2,2508.0,12,2509.0,2,2510.0,4,2511.0,2,2512.0,1,2507.0
RM503,,13:39:40.500#,2522.0,2528.0,2490.0,2654.0,2352.0,3222,13915,2502.0,2,2503.0,2,2504.0,4,2505.0,3,2506.0,3,2507.0,2,2508.0,2,2509.0,2,2510.0,4,2511.0,2,2507.0
RM503,,13:39:40.750#,2522.0,2528.0,2490.0,2654.0,2352.0,3222,13915,2501.0,2,2502.0,2,2503.0,2,2504.0,4,2505.0,12,2507.0,8,2508.0,2,2509.0,2,2510.0,4,2511.0,2,2507.0
RM503,,13:39:41.250#,2522.0,2528.0,2490.0,2654.0,2352.0,3222,13915,2501.0,2,2502.0,2,2503.0,2,2504.0,4,2505.0,12,2507.0,8,2508.0,2,2509.0,2,2510.0,4,2511.0,2,2507.0
RM503,,13:39:41.500#,2522.0,2528.0,2490.0,2654.0,2352.0,3222,13915,2501.0,2,2502.0,2,2503.0,2,2504.0,4,2505.0,13,2507.0,8,2508.0,2,2509.0,2,2510.0,4,2511.0,2,2507.0
RM503,,13:39:41.750#,2522.0,2528.0,2490.0,2654.0,2352.0,3222,13915,2501.0,2,2502.0,2,2503.0,2,2504.0,4,2505.0,13,2508.0,12,2509.0,2,2510.0,4,2511.0,2,2512.0,1,2507.0
RM503,,13:39:42.0#,2522.0,2528.0,2490.0,2654.0,2352.0,3222,13915,2501.0,2,2502.0,2,2503.0,2,2504.0,4,2505.0,12,2508.0,12,2509.0,2,2510.0,4,2511.0,2,2512.0,1,2507.0
RM503,,13:39:42.250#,2522.0,2528.0,2490.0,2654.0,2352.0,3222,13915,2502.0,2,2503.0,2,2504.0,4,2505.0,3,2506.0,8,2508.0,12,2509.0,2,2510.0,4,2511.0,2,2512.0,1,2507.0
RM503,,13:39:42.500#,2522.0,2528.0,2490.0,2654.0,2352.0,3222,13915,2502.0,2,2503.0,2,2504.0,1,2505.0,6,2507.0,1,2508.0,12,2509.0,2,2510.0,4,2511.0,2,2512.0,1,2507.0
RM503,,13:39:42.750#,2522.0,2528.0,2490.0,2654.0,2352.0,3223,13915,2502.0,2,2503.0,2,2504.0,1,2505.0,6,2506.0,8,2508.0,11,2509.0,2,2510.0,4,2511.0,2,2512.0,1,2507.0
RM503,,13:39:43.250#,2522.0,2528.0,2490.0,2654.0,2352.0,3223,13915,2502.0,2,2503.0,2,2504.0,1,2505.0,6,2506.0,6,2508.0,11,2509.0,2,2510.0,4,2511.0,2,2512.0,1,2507.0
RM503,,13:39:43.500#,2522.0,2528.0,2490.0,2654.0,2352.0,3223,13915,2501.0,2,2502.0,2,2503.0,2,2504.0,1,2505.0,16,2508.0,11,2509.0,2,2510.0,4,2511.0,2,2512.0,1,2507.0
RM503,,13:39:43.750#,2522.0,2528.0,2490.0,2654.0,2352.0,3223,13915,2501.0,2,2502.0,2,2503.0,2,2504.0,1,2505.0,16,2507.0,6,2508.0,2,2509.0,2,2510.0,4,2511.0,2,2507.0
RM503,,13:39:44.0#,2522.0,2528.0,2490.0,2654.0,2352.0,3223,13915,2501.0,2,2502.0,2,2503.0,2,2504.0,4,2505.0,13,2507.0,8,2508.0,2,2509.0,2,2510.0,4,2511.0,2,2507.0
RM503,,13:39:46.0#,2522.0,2528.0,2490.0,2654.0,2352.0,3223,13915,2502.0,2,2503.0,2,2504.0,4,2505.0,3,2506.0,1,2507.0,8,2508.0,2,2509.0,2,2510.0,4,2511.0,2,2507.0
RM503,,13:39:46.250#,2522.0,2528.0,2490.0,2654.0,2352.0,3223,13915,2501.0,2,2502.0,2,2503.0,2,2504.0,4,2505.0,13,2507.0,8,2508.0,2,2509.0,2,2510.0,4,2511.0,2,2507.0
RM503,,13:39:47.250#,2522.0,2528.0,2490.0,2654.0,2352.0,3223,13915,2502.0,2,2503.0,2,2504.0,4,2505.0,3,2506.0,1,2507.0,8,2508.0,2,2509.0,2,2510.0,4,2511.0,2,2507.0
RM503,,13:39:48.0#,2522.0,2528.0,2490.0,2654.0,2352.0,3223,13915,2501.0,2,2502.0,2,2503.0,2,2504.0,4,2505.0,13,2507.0,8,2508.0,2,2509.0,2,2510.0,4,2511.0,2,2507.0
RM503,,13:39:49.0#,2522.0,2528.0,2490.0,2654.0,2352.0,3223,13915,2501.0,2,2502.0,2,2503.0,2,2504.0,4,2505.0,13,2507.0,8,2508.0,3,2509.0,2,2510.0,4,2511.0,2,2507.0
RM503,,13:39:49.250#,2522.0,2528.0,2490.0,2654.0,2352.0,3223,13915,2501.0,2,2502.0,2,2503.0,2,2504.0,4,2505.0,13,2508.0,12,2509.0,2,2510.0,4,2511.0,2,2512.0,1,2507.0
RM503,,13:39:49.500#,2522.0,2528.0,2490.0,2654.0,2352.0,3223,13915,2502.0,2,2503.0,2,2504.0,4,2505.0,3,2506.0,3,2508.0,11,2509.0,2,2510.0,4,2511.0,2,2512.0,1,2507.0
RM503,,13:39:49.750#,2522.0,2528.0,2490.0,2654.0,2352.0,3223,13915,2502.0,2,2503.0,2,2504.0,4,2505.0,3,2506.0,12,2508.0,11,2509.0,2,2510.0,4,2511.0,2,2512.0,1,2507.0
RM503,,13:39:50.250#,2522.0,2528.0,2490.0,2654.0,2352.0,3223,13915,2503.0,2,2504.0,4,2505.0,3,2506.0,2,2507.0,1,2508.0,3,2509.0,2,2510.0,4,2511.0,2,2512.0,1,2507.0
RM503,,13:39:50.500#,2522.0,2528.0,2490.0,2654.0,2352.0,3223,13915,2503.0,2,2504.0,3,2505.0,3,2506.0,2,2507.0,6,2508.0,3,2509.0,2,2510.0,4,2511.0,2,2512.0,1,2507.0
RM503,,13:39:50.750#,2522.0,2528.0,2490.0,2654.0,2352.0,3223,13915,2503.0,2,2504.0,3,2505.0,3,2506.0,3,2507.0,9,2508.0,1,2509.0,1,2510.0,4,2511.0,2,2512.0,1,2507.0
RM503,,13:39:51.0#,2522.0,2528.0,2490.0,2654.0,2352.0,3223,13915,2503.0,2,2504.0,3,2505.0,3,2506.0,3,2507.0,9,2508.0,1,2509.0,1,2510.0,5,2511.0,2,2512.0,1,2507.0
RM503,,13:39:51.250#,2522.0,2528.0,2490.0,2654.0,2352.0,3223,13915,2503.0,2,2504.0,3,2505.0,3,2506.0,3,2507.0,11,2508.0,1,2509.0,1,2510.0,5,2511.0,2,2512.0,1,2507.0
RM503,,13:39:51.500#,2522.0,2528.0,2490.0,2654.0,2352.0,3224,13914,2503.0,2,2504.0,3,2505.0,3,2506.0,3,2507.0,11,2509.0,9,2510.0,5,2511.0,2,2512.0,1,2513.0,25,2508.0
RM503,,13:39:51.750#,2522.0,2528.0,2490.0,2654.0,2352.0,3224,13914,2503.0,2,2504.0,3,2505.0,3,2506.0,3,2507.0,11,2509.0,10,2510.0,5,2511.0,2,2512.0,1,2513.0,25,2508.0
RM503,,13:39:53.0#,2522.0,2528.0,2490.0,2654.0,2352.0,3224,13914,2503.0,1,2504.0,4,2505.0,3,2506.0,3,2507.0,11,2509.0,10,2510.0,5,2511.0,2,2512.0,1,2513.0,25,2508.0
RM503,,13:40:01.750#,2522.0,2528.0,2490.0,2654.0,2352.0,3224,13914,2503.0,1,2504.0,4,2505.0,3,2506.0,3,2507.0,11,2509.0,10,2510.0,4,2511.0,2,2512.0,1,2513.0,25,2508.0
RM503,,13:40:02.500#,2522.0,2528.0,2490.0,2654.0,2352.0,3224,13914,2503.0,1,2504.0,4,2505.0,3,2506.0,3,2507.0,11,2509.0,11,2510.0,4,2511.0,2,2512.0,1,2513.0,25,2508.0
RM503,,13:40:02.750#,2522.0,2528.0,2490.0,2654.0,2352.0,3224,13914,2503.0,1,2504.0,4,2505.0,3,2506.0,3,2507.0,1,2508.0,8,2509.0,2,2510.0,4,2511.0,2,2512.0,1,2508.0
RM503,,13:40:03.0#,2522.0,2528.0,2490.0,2654.0,2352.0,3224,13914,2503.0,1,2504.0,4,2505.0,3,2506.0,2,2507.0,1,2508.0,10,2509.0,2,2510.0,4,2511.0,2,2512.0,1,2508.0
RM503,,13:40:03.250#,2522.0,2528.0,2490.0,2654.0,2352.0,3224,13914,2503.0,1,2504.0,4,2505.0,4,2506.0,2,2507.0,1,2508.0,10,2509.0,2,2510.0,4,2511.0,2,2512.0,1,2508.0
RM503,,13:40:04.750#,2522.0,2528.0,2490.0,2654.0,2352.0,3224,13914,2503.0,1,2504.0,4,2505.0,4,2506.0,2,2507.0,1,2508.0,4,2509.0,2,2510.0,4,2511.0,2,2512.0,1,2508.0
RM503,,13:40:05.250#,2522.0,2528.0,2490.0,2654.0,2352.0,3224,13914,2503.0,1,2504.0,4,2505.0,4,2506.0,2,2507.0,1,2508.0,7,2509.0,2,2510.0,4,2511.0,2,2512.0,1,2508.0
RM503,,13:40:05.750#,2522.0,2528.0,2490.0,2654.0,2352.0,3224,13914,2503.0,1,2504.0,4,2505.0,4,2506.0,2,2507.0,1,2508.0,10,2509.0,2,2510.0,4,2511.0,2,2512.0,1,2508.0
RM503,,13:40:10.500#,2522.0,2528.0,2490.0,2654.0,2352.0,3225,13915,2502.0,2,2503.0,1,2504.0,4,2505.0,4,2506.0,12,2508.0,10,2509.0,2,2510.0,4,2511.0,2,2512.0,1,2507.0
RM503,,13:40:13.250#,2522.0,2528.0,2490.0,2654.0,2352.0,3225,13915,2502.0,2,2503.0,1,2504.0,4,2505.0,4,2506.0,12,2508.0,11,2509.0,2,2510.0,4,2511.0,2,2512.0,1,2507.0
RM503,,13:40:13.500#,2522.0,2528.0,2490.0,2654.0,2352.0,3225,13915,2502.0,2,2503.0,1,2504.0,4,2505.0,4,2506.0,11,2508.0,11,2509.0,2,2510.0,4,2511.0,2,2512.0,1,2507.0
RM503,,13:40:13.750#,2522.0,2528.0,2490.0,2654.0,2352.0,3225,13915,2502.0,2,2503.0,1,2504.0,4,2505.0,4,2506.0,4,2508.0,11,2509.0,2,2510.0,4,2511.0,2,2512.0,1,2507.0
RM503,,13:40:14.0#,2522.0,2528.0,2490.0,2654.0,2352.0,3225,13915,2502.0,2,2503.0,1,2504.0,4,2505.0,4,2506.0,4,2507.0,5,2508.0,2,2509.0,2,2510.0,3,2511.0,2,2507.0
RM503,,13:40:14.250#,2522.0,2528.0,2490.0,2654.0,2352.0,3225,13915,2502.0,2,2503.0,1,2504.0,4,2505.0,3,2506.0,4,2508.0,12,2509.0,2,2510.0,4,2511.0,2,2512.0,1,2507.0
RM503,,13:40:14.500#,2522.0,2528.0,2490.0,2654.0,2352.0,3225,13915,2502.0,2,2503.0,1,2504.0,5,2505.0,3,2506.0,6,2508.0,12,2509.0,2,2510.0,4,2511.0,2,2512.0,1,2507.0
RM503,,13:40:14.750#,2522.0,2528.0,2490.0,2654.0,2352.0,3225,13915,2502.0,2,2503.0,1,2504.0,5,2505.0,3,2506.0,12,2508.0,11,2509.0,2,2510.0,4,2511.0,2,2512.0,1,2507.0
RM503,,13:40:15.0#,2522.0,2528.0,2490.0,2654.0,2352.0,3225,13915,2502.0,2,2503.0,1,2504.0,5,2505.0,3,2506.0,11,2508.0,11,2509.0,3,2510.0,4,2511.0,2,2512.0,1,2507.0
RM503,,13:40:16.0#,2522.0,2528.0,2490.0,2654.0,2352.0,3225,13915,2502.0,2,2503.0,1,2504.0,5,2505.0,3,2506.0,11,2508.0,10,2509.0,3,2510.0,4,2511.0,2,2512.0,1,2507.0
RM503,,13:40:16.250#,2522.0,2528.0,2490.0,2654.0,2352.0,3225,13915,2502.0,2,2503.0,1,2504.0,5,2505.0,3,2506.0,12,2508.0,10,2509.0,3,2510.0,4,2511.0,2,2512.0,1,2507.0
RM503,,13:40:19.500#,2522.0,2528.0,2490.0,2654.0,2352.0,3225,13915,2502.0,2,2503.0,1,2504.0,5,2505.0,3,2506.0,12,2508.0,10,2509.0,4,2510.0,4,2511.0,2,2512.0,1,2507.0
RM503,,13:40:21.0#,2522.0,2528.0,2490.0,2654.0,2352.0,3225,13915,2503.0,1,2504.0,5,2505.0,3,2506.0,2,2507.0,9,2508.0,2,2509.0,4,2510.0,4,2511.0,2,2512.0,1,2507.0
RM503,,13:40:21.250#,2522.0,2528.0,2490.0,2654.0,2352.0,3225,13915,2503.0,1,2504.0,4,2505.0,3,2506.0,2,2507.0,9,2509.0,12,2510.0,4,2511.0,2,2512.0,1,2513.0,25,2507.0
RM503,,13:40:21.500#,2522.0,2528.0,2490.0,2654.0,2352.0,3225,13915,2503.0,1,2504.0,4,2505.0,3,2506.0,3,2507.0,9,2509.0,12,2510.0,5,2511.0,2,2512.0,1,2513.0,25,2507.0
RM503,,13:40:27.500#,2522.0,2528.0,2490.0,2654.0,2352.0,3225,13915,2503.0,1,2504.0,4,2505.0,3,2506.0,3,2507.0,8,2509.0,12,2510.0,5,2511.0,2,2512.0,1,2513.0,25,2507.0
RM503,,13:40:29.0#,2522.0,2528.0,2490.0,2654.0,2352.0,3225,13915,2503.0,1,2504.0,4,2505.0,3,2506.0,3,2507.0,9,2509.0,12,2510.0,5,2511.0,2,2512.0,1,2513.0,25,2507.0
RM503,,13:40:29.750#,2522.0,2528.0,2490.0,2654.0,2352.0,3225,13915,2503.0,1,2504.0,4,2505.0,3,2506.0,3,2507.0,8,2509.0,12,2510.0,5,2511.0,2,2512.0,1,2513.0,25,2507.0
RM503,,13:40:30.500#,2522.0,2528.0,2490.0,2654.0,2352.0,3225,13915,2503.0,1,2504.0,4,2505.0,3,2506.0,3,2507.0,8,2509.0,11,2510.0,5,2511.0,2,2512.0,1,2513.0,25,2507.0
RM503,,13:40:30.750#,2522.0,2528.0,2490.0,2654.0,2352.0,3225,13915,2503.0,1,2504.0,4,2505.0,3,2506.0,3,2507.0,12,2509.0,11,2510.0,5,2511.0,2,2512.0,1,2513.0,25,2507.0
RM503,,13:40:31.500#,2522.0,2528.0,2490.0,2654.0,2352.0,3225,13915,2504.0,4,2505.0,3,2506.0,3,2507.0,2,2508.0,8,2509.0,3,2510.0,4,2511.0,2,2512.0,1,2513.0,25,2507.0
RM503,,13:40:31.750#,2522.0,2528.0,2490.0,2654.0,2352.0,3225,13915,2504.0,4,2505.0,3,2506.0,3,2507.0,2,2508.0,8,2509.0,1,2510.0,3,2511.0,2,2512.0,1,2513.0,25,2507.0
RM503,,13:40:32.0#,2522.0,2528.0,2490.0,2654.0,2352.0,3225,13915,2504.0,4,2505.0,3,2506.0,3,2507.0,2,2508.0,8,2509.0,1,2510.0,2,2511.0,4,2512.0,1,2513.0,25,2507.0
RM503,,13:40:32.750#,2522.0,2528.0,2490.0,2654.0,2352.0,3225,13915,2504.0,4,2505.0,4,2506.0,3,2507.0,2,2508.0,8,2509.0,1,2510.0,2,2511.0,4,2512.0,1,2513.0,25,2507.0
RM503,,13:40:33.500#,2522.0,2528.0,2490.0,2654.0,2352.0,3225,13915,2504.0,4,2505.0,5,2506.0,3,2507.0,2,2508.0,8,2509.0,1,2510.0,2,2511.0,4,2512.0,1,2513.0,25,2507.0
RM503,,13:40:34.500#,2522.0,2528.0,2490.0,2654.0,2352.0,3225,13915,2503.0,13,2504.0,3,2505.0,6,2506.0,3,2507.0,12,2509.0,1,2510.0,2,2511.0,4,2512.0,1,2513.0,25,2507.0
RM503,,13:40:34.750#,2522.0,2528.0,2490.0,2654.0,2352.0,3225,13915,2504.0,3,2505.0,6,2506.0,3,2507.0,2,2508.0,8,2509.0,1,2510.0,2,2511.0,4,2512.0,1,2513.0,25,2507.0
RM503,,13:40:35.250#,2522.0,2528.0,2490.0,2654.0,2352.0,3225,13915,2504.0,3,2505.0,6,2506.0,3,2507.0,2,2508.0,2,2509.0,1,2510.0,2,2511.0,4,2512.0,1,2513.0,25,2507.0
RM503,,13:40:35.500#,2522.0,2528.0,2490.0,2654.0,2352.0,3225,13915,2503.0,13,2504.0,3,2505.0,6,2506.0,3,2507.0,12,2509.0,9,2510.0,2,2511.0,3,2512.0,1,2513.0,25,2507.0
RM503,,13:40:35.750#,2522.0,2528.0,2490.0,2654.0,2352.0,3225,13915,2504.0,3,2505.0,6,2506.0,3,2507.0,2,2508.0,1,2509.0,1,2510.0,2,2511.0,3,2512.0,1,2513.0,25,2507.0
RM503,,13:40:36.0#,2522.0,2528.0,2490.0,2654.0,2352.0,3225,13915,2503.0,13,2504.0,3,2505.0,6,2506.0,3,2507.0,12,2509.0,9,2510.0,2,2511.0,3,2512.0,2,2513.0,25,2507.0
RM503,,13:40:38.500#,2522.0,2528.0,2490.0,2654.0,2352.0,3225,13915,2503.0,13,2504.0,3,2505.0,6,2506.0,3,2507.0,12,2509.0,9,2510.0,2,2511.0,3,2512.0,2,2513.0,25,2507.0
RM503,,13:40:39.250#,2522.0,2528.0,2490.0,2654.0,2352.0,3225,13915,2503.0,13,2504.0,3,2505.0,6,2506.0,3,2507.0,12,2509.0,1,2510.0,2,2511.0,3,2512.0,2,2513.0,25,2507.0
RM503,,13:40:39.750#,2522.0,2528.0,2490.0,2654.0,2352.0,3225,13915,2503.0,13,2504.0,3,2505.0,6,2506.0,3,2507.0,12,2509.0,1,2510.0,2,2511.0,3,2512.0,2,2513.0,26,2507.0
RM503,,13:40:40.0#,2522.0,2528.0,2490.0,2654.0,2352.0,3225,13915,2503.0,13,2504.0,3,2505.0,6,2506.0,3,2507.0,12,2509.0,2,2510.0,2,2511.0,3,2512.0,2,2513.0,26,2507.0
RM503,,13:40:40.500#,2522.0,2528.0,2490.0,2654.0,2352.0,3225,13915,2503.0,13,2504.0,3,2505.0,6,2506.0,3,2507.0,12,2509.0,1,2510.0,2,2511.0,3,2512.0,2,2513.0,26,2507.0
RM503,,13:40:41.0#,2522.0,2528.0,2490.0,2654.0,2352.0,3225,13915,2504.0,3,2505.0,6,2506.0,3,2507.0,2,2508.0,1,2509.0,1,2510.0,2,2511.0,3,2512.0,2,2513.0,26,2507.0
RM503,,13:40:41.250#,2522.0,2528.0,2490.0,2654.0,2352.0,3225,13915,2504.0,3,2505.0,6,2506.0,3,2507.0,2,2508.0,5,2509.0,1,2510.0,2,2511.0,3,2512.0,2,2513.0,26,2507.0
RM503,,13:40:41.500#,2522.0,2528.0,2490.0,2654.0,2352.0,3225,13915,2504.0,3,2505.0,6,2506.0,3,2507.0,2,2508.0,9,2509.0,1,2510.0,2,2511.0,3,2512.0,2,2513.0,26,2507.0
RM503,,13:40:41.750#,2522.0,2528.0,2490.0,2654.0,2352.0,3226,13914,2504.0,3,2505.0,6,2506.0,3,2507.0,2,2508.0,9,2510.0,10,2511.0,3,2512.0,2,2513.0,26,2514.0,14,2509.0
RM503,,13:40:49.500#,2522.0,2528.0,2490.0,2654.0,2352.0,3226,13914,2504.0,3,2505.0,6,2506.0,3,2507.0,2,2509.0,1,2510.0,10,2511.0,3,2512.0,2,2513.0,26,2514.0,14,2509.0
RM503,,13:40:49.750#,2522.0,2528.0,2490.0,2654.0,2352.0,3226,13914,2504.0,4,2505.0,6,2506.0,4,2507.0,2,2509.0,1,2510.0,10,2511.0,3,2512.0,2,2513.0,26,2514.0,14,2509.0
RM503,,13:40:52.500#,2522.0,2528.0,2490.0,2654.0,2352.0,3226,13914,2505.0,6,2506.0,4,2507.0,2,2508.0,1,2509.0,1,2510.0,10,2511.0,3,2512.0,2,2513.0,26,2514.0,14,2509.0
RM503,,13:40:54.0#,2522.0,2528.0,2490.0,2654.0,2352.0,3226,13914,2505.0,6,2506.0,4,2507.0,2,2508.0,1,2509.0,1,2510.0,2,2511.0,3,2512.0,2,2513.0,26,2514.0,14,2509.0
RM503,,13:40:54.250#,2522.0,2528.0,2490.0,2654.0,2352.0,3226,13914,2505.0,6,2506.0,3,2507.0,2,2508.0,1,2509.0,9,2510.0,2,2511.0,1,2512.0,3,2513.0,26,2514.0,14,2509.0
RM503,,13:40:54.500#,2522.0,2528.0,2490.0,2654.0,2352.0,3226,13914,2505.0,6,2506.0,3,2507.0,2,2508.0,2,2510.0,8,2511.0,1,2512.0,4,2513.0,26,2514.0,14,2515.0,29,2509.0
RM503,,13:40:54.750#,2522.0,2528.0,2490.0,2654.0,2352.0,3226,13914,2505.0,5,2506.0,3,2507.0,3,2508.0,2,2509.0,10,2511.0,3,2512.0,1,2513.0,27,2514.0,2,2515.0,29,2509.0
RM503,,13:40:55.0#,2522.0,2528.0,2490.0,2654.0,2352.0,3226,13914,2505.0,5,2506.0,3,2507.0,3,2508.0,2,2509.0,9,2511.0,9,2512.0,2,2513.0,27,2514.0,2,2515.0,29,2509.0
RM503,,13:40:55.250#,2522.0,2528.0,2490.0,2654.0,2352.0,3226,13914,2505.0,5,2506.0,3,2507.0,3,2508.0,2,2509.0,9,2511.0,9,2512.0,2,2513.0,27,2514.0,3,2515.0,29,2509.0
RM503,,13:40:55.500#,2522.0,2528.0,2490.0,2654.0,2352.0,3226,13914,2505.0,5,2506.0,3,2507.0,3,2508.0,2,2510.0,1,2511.0,9,2512.0,2,2513.0,27,2514.0,3,2515.0,29,2509.0
RM503,,13:40:56.750#,2522.0,2528.0,2490.0,2654.0,2352.0,3226,13914,2505.0,5,2506.0,3,2507.0,3,2508.0,2,2509.0,9,2511.0,9,2512.0,2,2513.0,27,2514.0,3,2515.0,29,2509.0
RM503,,13:41:00.500#,2522.0,2528.0,2490.0,2654.0,2352.0,3226,13914,2505.0,5,2506.0,3,2507.0,3,2508.0,2,2509.0,9,2511.0,1,2512.0,2,2513.0,27,2514.0,3,2515.0,29,2509.0
RM503,,13:41:00.750#,2522.0,2528.0,2490.0,2654.0,2352.0,3226,13914,2506.0,3,2507.0,3,2508.0,2,2509.0,2,2510.0,8,2512.0,10,2513.0,27,2514.0,3,2515.0,29,2516.0,13,2509.0
RM503,,13:41:01.0#,2522.0,2528.0,2490.0,2654.0,2352.0,3226,13914,2506.0,3,2507.0,3,2508.0,2,2509.0,2,2510.0,9,2512.0,9,2513.0,27,2514.0,3,2515.0,29,2516.0,13,2509.0
RM503,,13:41:01.250#,2522.0,2528.0,2490.0,2654.0,2352.0,3226,13914,2506.0,3,2507.0,3,2508.0,2,2509.0,2,2510.0,9,2512.0,9,2513.0,28,2514.0,3,2515.0,29,2516.0,13,2509.0
RM503,,13:41:01.750#,2522.0,2528.0,2490.0,2654.0,2352.0,3226,13914,2506.0,3,2507.0,3,2508.0,2,2509.0,2,2510.0,1,2512.0,10,2513.0,28,2514.0,3,2515.0,29,2516.0,13,2509.0
RM503,,13:41:02.0#,2522.0,2528.0,2490.0,2654.0,2352.0,3226,13914,2506.0,3,2507.0,3,2508.0,2,2509.0,2,2510.0,1,2511.0,9,2512.0,1,2513.0,28,2514.0,3,2515.0,29,2509.0
RM503,,13:41:02.250#,2522.0,2528.0,2490.0,2654.0,2352.0,3227,13914,2505.0,5,2506.0,3,2507.0,3,2508.0,4,2509.0,10,2511.0,9,2512.0,1,2513.0,28,2514.0,3,2515.0,29,2510.0
RM503,,13:41:03.250#,2522.0,2528.0,2490.0,2654.0,2352.0,3227,13914,2505.0,5,2506.0,3,2507.0,3,2508.0,4,2509.0,9,2511.0,9,2512.0,1,2513.0,28,2514.0,3,2515.0,29,2510.0
RM503,,13:41:03.500#,2522.0,2528.0,2490.0,2654.0,2352.0,3227,13914,2505.0,5,2506.0,3,2507.0,3,2508.0,4,2509.0,9,2511.0,10,2512.0,1,2513.0,28,2514.0,3,2515.0,29,2510.0
RM503,,13:41:04.250#,2522.0,2528.0,2490.0,2654.0,2352.0,3227,13914,2505.0,5,2506.0,3,2507.0,3,2508.0,4,2509.0,8,2511.0,10,2512.0,1,2513.0,28,2514.0,3,2515.0,29,2510.0
RM503,,13:41:05.250#,2522.0,2528.0,2490.0,2654.0,2352.0,3227,13914,2504.0,4,2505.0,5,2506.0,3,2507.0,3,2508.0,14,2511.0,9,2512.0,1,2513.0,28,2514.0,3,2515.0,29,2510.0
RM503,,13:41:05.500#,2522.0,2528.0,2490.0,2654.0,2352.0,3227,13914,2504.0,4,2505.0,5,2506.0,3,2507.0,3,2508.0,15,2511.0,10,2512.0,1,2513.0,27,2514.0,3,2515.0,29,2510.0
RM503,,13:41:05.750#,2522.0,2528.0,2490.0,2654.0,2352.0,3227,13914,2505.0,5,2506.0,3,2507.0,3,2508.0,5,2509.0,3,2511.0,10,2512.0,2,2513.0,27,2514.0,3,2515.0,29,2510.0
RM503,,13:41:06.0#,2522.0,2528.0,2490.0,2654.0,2352.0,3227,13914,2505.0,5,2506.0,3,2507.0,3,2508.0,5,2509.0,9,2511.0,9,2512.0,2,2513.0,27,2514.0,3,2515.0,29,2510.0
RM503,,13:41:06.250#,2522.0,2528.0,2490.0,2654.0,2352.0,3227,13914,2505.0,5,2506.0,3,2507.0,3,2508.0,5,2509.0,8,2511.0,9,2512.0,2,2513.0,27,2514.0,3,2515.0,29,2510.0
RM503,,13:41:10.250#,2522.0,2528.0,2490.0,2654.0,2352.0,3227,13914,2504.0,3,2505.0,5,2506.0,3,2507.0,4,2508.0,14,2510.0,6,2511.0,2,2512.0,2,2513.0,27,2514.0,2,2510.0
RM503,,13:41:10.500#,2522.0,2528.0,2490.0,2654.0,2352.0,3227,13914,2504.0,3,2505.0,5,2506.0,3,2507.0,5,2508.0,14,2511.0,11,2512.0,2,2513.0,27,2514.0,2,2515.0,29,2510.0
RM503,,13:41:11.0#,2522.0,2528.0,2490.0,2654.0,2352.0,3227,13914,2505.0,5,2506.0,3,2507.0,5,2508.0,3,2509.0,8,2511.0,9,2512.0,3,2513.0,27,2514.0,2,2515.0,29,2510.0
RM503,,13:41:15.750#,2522.0,2528.0,2490.0,2654.0,2352.0,3227,13914,2505.0,5,2506.0,3,2507.0,5,2508.0,3,2509.0,9,2511.0,9,2512.0,3,2513.0,27,2514.0,2,2515.0,29,2510.0
RM503,,13:41:24.250#,2522.0,2528.0,2490.0,2654.0,2352.0,3227,13914,2505.0,5,2506.0,3,2507.0,5,2508.0,3,2509.0,10,2511.0,9,2512.0,3,2513.0,27,2514.0,2,2515.0,29,2510.0
RM503,,13:41:24.500#,2522.0,2528.0,2490.0,2654.0,2352.0,3227,13914,2506.0,3,2507.0,5,2508.0,3,2509.0,2,2510.0,8,2511.0,1,2512.0,3,2513.0,27,2514.0,2,2515.0,29,2510.0
RM503,,13:41:24.750#,2522.0,2528.0,2490.0,2654.0,2352.0,3227,13914,2506.0,3,2507.0,4,2508.0,3,2509.0,2,2510.0,8,2512.0,10,2513.0,28,2514.0,2,2515.0,29,2516.0,13,2510.0
RM503,,13:41:25.0#,2522.0,2528.0,2490.0,2654.0,2352.0,3227,13914,2506.0,3,2507.0,4,2508.0,3,2509.0,3,2510.0,8,2512.0,10,2513.0,29,2514.0,2,2515.0,29,2516.0,13,2510.0
RM503,,13:41:26.0#,2522.0,2528.0,2490.0,2654.0,2352.0,3227,13914,2505.0,5,2506.0,3,2507.0,4,2508.0,4,2509.0,13,2512.0,10,2513.0,29,2514.0,2,2515.0,29,2516.0,13,2510.0
RM503,,13:41:26.500#,2522.0,2528.0,2490.0,2654.0,2352.0,3227,13914,2506.0,3,2507.0,4,2508.0,4,2509.0,2,2510.0,8,2512.0,10,2513.0,29,2514.0,2,2515.0,29,2516.0,13,2510.0
RM503,,13:41:27.500#,2522.0,2528.0,2490.0,2654.0,2352.0,3227,13914,2506.0,3,2507.0,4,2508.0,4,2509.0,2,2510.0,7,2512.0,10,2513.0,29,2514.0,2,2515.0,29,2516.0,13,2510.0
RM503,,13:41:27.750#,2522.0,2528.0,2490.0,2654.0,2352.0,3227,13914,2506.0,3,2507.0,4,2508.0,4,2509.0,2,2510.0,2,2512.0,10,2513.0,29,2514.0,2,2515.0,29,2516.0,13,2510.0
RM503,,13:41:28.0#,2522.0,2528.0,2490.0,2654.0,2352.0,3227,13914,2505.0,5,2506.0,3,2507.0,4,2508.0,4,2509.0,13,2512.0,10,2513.0,29,2514.0,2,2515.0,29,2516.0,13,2510.0
RM503,,13:41:28.250#,2522.0,2528.0,2490.0,2654.0,2352.0,3227,13914,2506.0,3,2507.0,4,2508.0,4,2509.0,2,2510.0,3,2512.0,10,2513.0,29,2514.0,2,2515.0,29,2516.0,13,2510.0
RM503,,13:41:28.500#,2522.0,2528.0,2490.0,2654.0,2352.0,3227,13914,2505.0,5,2506.0,3,2507.0,4,2508.0,4,2509.0,13,2512.0,10,2513.0,29,2514.0,2,2515.0,29,2516.0,13,2510.0
RM503,,13:41:28.750#,2522.0,2528.0,2490.0,2654.0,2352.0,3227,13914,2506.0,3,2507.0,4,2508.0,4,2509.0,2,2510.0,8,2512.0,10,2513.0,29,2514.0,2,2515.0,29,2516.0,13,2510.0
RM503,,13:41:33.500#,2522.0,2528.0,2490.0,2654.0,2352.0,3227,13914,2506.0,3,2507.0,4,2508.0,4,2509.0,2,2510.0,5,2512.0,10,2513.0,29,2514.0,2,2515.0,29,2516.0,13,2510.0
RM503,,13:41:34.0#,2522.0,2528.0,2490.0,2654.0,2352.0,3227,13914,2505.0,5,2506.0,3,2507.0,4,2508.0,4,2509.0,13,2512.0,10,2513.0,29,2514.0,2,2515.0,29,2516.0,13,2510.0
RM503,,13:41:34.500#,2522.0,2528.0,2490.0,2654.0,2352.0,3227,13914,2505.0,5,2506.0,3,2507.0,4,2508.0,4,2509.0,12,2511.0,3,2512.0,1,2513.0,29,2514.0,2,2515.0,29,2510.0
RM503,,13:41:34.750#,2522.0,2528.0,2490.0,2654.0,2352.0,3227,13914,2505.0,5,2506.0,3,2507.0,4,2508.0,4,2509.0,12,2511.0,8,2512.0,1,2513.0,29,2514.0,2,2515.0,29,2510.0
RM503,,13:41:36.500#,2522.0,2528.0,2490.0,2654.0,2352.0,3227,13914,2505.0,5,2506.0,3,2507.0,4,2508.0,4,2509.0,12,2511.0,7,2512.0,1,2513.0,29,2514.0,2,2515.0,29,2510.0
RM503,,13:41:36.750#,2522.0,2528.0,2490.0,2654.0,2352.0,3227,13914,2505.0,5,2506.0,3,2507.0,4,2508.0,4,2509.0,12,2511.0,3,2512.0,1,2513.0,29,2514.0,2,2515.0,29,2510.0
RM503,,13:41:37.0#,2522.0,2528.0,2490.0,2654.0,2352.0,3227,13914,2505.0,5,2506.0,3,2507.0,4,2508.0,4,2509.0,12,2512.0,10,2513.0,29,2514.0,2,2515.0,29,2516.0,13,2510.0
RM503,,13:41:37.500#,2522.0,2528.0,2490.0,2654.0,2352.0,3227,13914,2505.0,5,2506.0,3,2507.0,4,2508.0,4,2509.0,12,2511.0,2,2512.0,1,2513.0,29,2514.0,2,2515.0,29,2510.0
RM503,,13:41:37.750#,2522.0,2528.0,2490.0,2654.0,2352.0,3227,13914,2505.0,5,2506.0,3,2507.0,4,2508.0,4,2509.0,12,2511.0,8,2512.0,1,2513.0,29,2514.0,2,2515.0,29,2510.0
RM503,,13:41:38.0#,2522.0,2528.0,2490.0,2654.0,2352.0,3227,13914,2505.0,5,2506.0,3,2507.0,4,2508.0,4,2509.0,10,2511.0,8,2512.0,1,2513.0,29,2514.0,2,2515.0,29,2510.0
RM503,,13:41:38.250#,2522.0,2528.0,2490.0,2654.0,2352.0,3227,13914,2505.0,5,2506.0,3,2507.0,4,2508.0,4,2509.0,10,2511.0,9,2512.0,1,2513.0,29,2514.0,2,2515.0,29,2510.0
RM503,,13:41:38.750#,2522.0,2528.0,2490.0,2654.0,2352.0,3227,13914,2505.0,5,2506.0,3,2507.0,4,2508.0,4,2509.0,10,2511.0,10,2512.0,1,2513.0,29,2514.0,2,2515.0,29,2510.0
RM503,,13:41:39.0#,2522.0,2528.0,2490.0,2654.0,2352.0,3227,13914,2505.0,5,2506.0,3,2507.0,4,2508.0,4,2509.0,11,2511.0,10,2512.0,1,2513.0,29,2514.0,2,2515.0,29,2510.0
RM503,,13:41:45.750#,2522.0,2528.0,2490.0,2654.0,2352.0,3227,13914,2505.0,5,2506.0,3,2507.0,4,2508.0,4,2509.0,11,2510.0,1,2511.0,1,2512.0,1,2513.0,29,2514.0,2,2510.0
RM503,,13:41:47.500#,2522.0,2528.0,2490.0,2654.0,2352.0,3227,13914,2505.0,5,2506.0,3,2507.0,4,2508.0,4,2509.0,11,2510.0,1,2511.0,1,2512.0,1,2513.0,26,2514.0,2,2510.0
RM503,,13:41:51.500#,2522.0,2528.0,2490.0,2654.0,2352.0,3227,13914,2505.0,5,2506.0,3,2507.0,4,2508.0,4,2509.0,3,2510.0,9,2511.0,1,2512.0,1,2513.0,26,2514.0,2,2510.0
RM503,,13:41:51.750#,2522.0,2528.0,2490.0,2654.0,2352.0,3227,13914,2505.0,5,2506.0,3,2507.0,3,2508.0,3,2509.0,1,2510.0,9,2511.0,1,2512.0,1,2513.0,25,2514.0,2,2510.0
RM503,,13:41:53.750#,2522.0,2528.0,2490.0,2654.0,2352.0,3227,13914,2505.0,5,2506.0,3,2507.0,4,2508.0,3,2509.0,2,2510.0,1,2511.0,2,2512.0,1,2513.0,25,2514.0,2,2510.0
RM503,,13:41:54.0#,2522.0,2528.0,2490.0,2654.0,2352.0,3227,13914,2505.0,5,2506.0,3,2507.0,4,2508.0,3,2509.0,7,2510.0,1,2511.0,1,2512.0,1,2513.0,25,2514.0,2,2510.0
RM503,,13:41:54.250#,2522.0,2528.0,2490.0,2654.0,2352.0,3227,13914,2505.0,5,2506.0,4,2507.0,4,2508.0,3,2509.0,2,2510.0,1,2511.0,1,2512.0,2,2513.0,25,2514.0,2,2510.0
RM503,,13:41:54.500#,2522.0,2528.0,2490.0,2654.0,2352.0,3227,13914,2505.0,5,2506.0,4,2507.0,4,2508.0,3,2509.0,1,2510.0,9,2511.0,1,2512.0,2,2513.0,25,2514.0,2,2510.0
RM503,,13:41:55.250#,2522.0,2528.0,2490.0,2654.0,2352.0,3227,13914,2505.0,5,2506.0,4,2507.0,4,2508.0,3,2509.0,2,2510.0,2,2511.0,1,2512.0,2,2513.0,25,2514.0,2,2510.0
RM503,,13:41:55.750#,2522.0,2528.0,2490.0,2654.0,2352.0,3227,13914,2505.0,5,2506.0,4,2507.0,4,2508.0,3,2509.0,3,2510.0,2,2511.0,1,2512.0,2,2513.0,25,2514.0,2,2510.0
RM503,,13:41:57.750#,2522.0,2528.0,2490.0,2654.0,2352.0,3227,13914,2505.0,5,2506.0,4,2507.0,4,2508.0,3,2509.0,1,2510.0,2,2511.0,1,2512.0,2,2513.0,25,2514.0,2,2510.0
RM503,,13:41:58.500#,2522.0,2528.0,2490.0,2654.0,2352.0,3227,13914,2505.0,5,2506.0,4,2507.0,4,2508.0,3,2509.0,9,2510.0,2,2511.0,1,2512.0,2,2513.0,25,2514.0,2,2510.0
RM503,,13:41:58.750#,2522.0,2528.0,2490.0,2654.0,2352.0,3227,13914,2505.0,5,2506.0,4,2507.0,4,2508.0,3,2509.0,1,2510.0,10,2511.0,1,2512.0,2,2513.0,25,2514.0,2,2510.0
RM503,,13:42:02.500#,2522.0,2528.0,2490.0,2654.0,2352.0,3227,13914,2505.0,5,2506.0,4,2507.0,4,2508.0,3,2509.0,1,2510.0,12,2511.0,1,2512.0,2,2513.0,25,2514.0,2,2510.0
RM503,,13:42:05.500#,2522.0,2528.0,2490.0,2654.0,2352.0,3228,13915,2504.0,3,2505.0,5,2506.0,4,2507.0,4,2508.0,9,2510.0,11,2511.0,1,2512.0,2,2513.0,25,2514.0,2,2509.0
RM503,,13:42:06.500#,2522.0,2528.0,2490.0,2654.0,2352.0,3228,13915,2504.0,3,2505.0,5,2506.0,4,2507.0,4,2508.0,9,2509.0,1,2510.0,3,2511.0,1,2512.0,2,2513.0,25,2509.0
RM503,,13:42:06.750#,2522.0,2528.0,2490.0,2654.0,2352.0,3228,13915,2504.0,3,2505.0,5,2506.0,4,2507.0,4,2508.0,9,2509.0,1,2510.0,3,2511.0,1,2512.0,2,2513.0,25,2509.0
RM503,,13:42:07.500#,2522.0,2528.0,2490.0,2654.0,2352.0,3228,13915,2504.0,3,2505.0,5,2506.0,4,2507.0,4,2508.0,9,2510.0,11,2511.0,1,2512.0,2,2513.0,25,2514.0,2,2509.0
RM503,,13:42:08.0#,2522.0,2528.0,2490.0,2654.0,2352.0,3228,13915,2504.0,3,2505.0,5,2506.0,4,2507.0,4,2508.0,10,2510.0,11,2511.0,1,2512.0,2,2513.0,25,2514.0,2,2509.0
RM503,,13:42:09.250#,2522.0,2528.0,2490.0,2654.0,2352.0,3228,13915,2504.0,3,2505.0,5,2506.0,4,2507.0,4,2508.0,10,2510.0,11,2511.0,1,2512.0,2,2513.0,26,2514.0,1,2509.0
RM503,,13:42:13.750#,2522.0,2528.0,2490.0,2654.0,2352.0,3228,13915,2504.0,1,2505.0,5,2506.0,4,2507.0,6,2508.0,10,2510.0,11,2511.0,1,2512.0,2,2513.0,26,2514.0,1,2509.0
RM503,,13:42:14.0#,2522.0,2528.0,2490.0,2654.0,2352.0,3228,13915,2504.0,1,2505.0,5,2506.0,4,2507.0,6,2508.0,11,2510.0,11,2511.0,1,2512.0,2,2513.0,26,2514.0,1,2509.0
RM503,,13:42:16.500#,2522.0,2528.0,2490.0,2654.0,2352.0,3228,13915,2504.0,1,2505.0,5,2506.0,4,2507.0,6,2508.0,10,2510.0,5,2511.0,1,2512.0,2,2513.0,26,2514.0,1,2509.0
RM503,,13:42:17.250#,2522.0,2528.0,2490.0,2654.0,2352.0,3228,13915,2504.0,1,2505.0,5,2506.0,4,2507.0,6,2508.0,12,2510.0,8,2511.0,1,2512.0,2,2513.0,26,2514.0,1,2509.0
RM503,,13:42:17.500#,2522.0,2528.0,2490.0,2654.0,2352.0,3228,13915,2504.0,1,2505.0,5,2506.0,4,2507.0,6,2508.0,12,2510.0,12,2511.0,1,2512.0,2,2513.0,26,2514.0,1,2509.0
RM503,,13:42:21.500#,2522.0,2528.0,2490.0,2654.0,2352.0,3228,13915,2504.0,1,2505.0,5,2506.0,4,2507.0,6,2508.0,12,2510.0,12,2511.0,1,2512.0,2,2513.0,26,2514.0,1,2509.0
RM503,,13:42:23.0#,2522.0,2528.0,2490.0,2654.0,2352.0,3228,13915,2505.0,5,2506.0,4,2507.0,6,2508.0,3,2509.0,5,2510.0,4,2511.0,1,2512.0,2,2513.0,26,2514.0,1,2509.0
RM503,,13:42:31.0#,2522.0,2528.0,2490.0,2654.0,2352.0,3230,13914,2505.0,5,2506.0,4,2507.0,7,2508.0,3,2509.0,9,2511.0,6,2512.0,2,2513.0,26,2514.0,1,2515.0,30,2510.0
RM503,,13:42:31.250#,2522.0,2528.0,2490.0,2654.0,2352.0,3230,13914,2505.0,5,2506.0,4,2507.0,7,2508.0,3,2510.0,8,2511.0,1,2512.0,2,2513.0,25,2514.0,1,2515.0,30,2510.0
RM503,,13:42:31.500#,2522.0,2528.0,2490.0,2654.0,2352.0,3230,13914,2505.0,5,2506.0,4,2507.0,6,2508.0,3,2510.0,8,2511.0,1,2512.0,1,2513.0,25,2514.0,1,2515.0,30,2510.0
RM503,,13:42:31.750#,2522.0,2528.0,2490.0,2654.0,2352.0,3230,13914,2506.0,4,2507.0,6,2508.0,3,2509.0,1,2510.0,8,2512.0,11,2513.0,26,2514.0,1,2515.0,30,2516.0,13,2510.0
RM503,,13:42:32.250#,2522.0,2528.0,2490.0,2654.0,2352.0,3230,13914,2506.0,4,2507.0,6,2508.0,3,2509.0,1,2510.0,8,2512.0,11,2513.0,26,2514.0,1,2515.0,31,2516.0,13,2510.0
RM503,,13:42:34.750#,2522.0,2528.0,2490.0,2654.0,2352.0,3230,13914,2506.0,4,2507.0,5,2508.0,3,2509.0,1,2510.0,8,2512.0,11,2513.0,26,2514.0,1,2515.0,31,2516.0,13,2510.0
RM503,,13:42:35.0#,2522.0,2528.0,2490.0,2654.0,2352.0,3230,13914,2506.0,4,2507.0,5,2508.0,4,2509.0,1,2510.0,8,2512.0,11,2513.0,26,2514.0,1,2515.0,31,2516.0,13,2510.0
RM503,,13:42:42.0#,2522.0,2528.0,2490.0,2654.0,2352.0,3230,13914,2506.0,4,2507.0,5,2508.0,4,2509.0,1,2510.0,8,2512.0,11,2513.0,25,2514.0,1,2515.0,31,2516.0,13,2510.0
RM503,,13:42:43.250#,2522.0,2528.0,2490.0,2654.0,2352.0,3230,13914,2506.0,4,2507.0,5,2508.0,4,2509.0,1,2510.0,8,2512.0,11,2513.0,25,2514.0,1,2515.0,30,2516.0,14,2510.0
RM503,,13:42:44.500#,2522.0,2528.0,2490.0,2654.0,2352.0,3230,13914,2506.0,4,2507.0,5,2508.0,4,2509.0,1,2510.0,8,2512.0,11,2513.0,25,2514.0,1,2515.0,30,2516.0,14,2510.0
RM503,,13:42:45.0#,2522.0,2528.0,2490.0,2654.0,2352.0,3230,13914,2505.0,5,2506.0,4,2507.0,5,2508.0,4,2509.0,11,2511.0,7,2512.0,1,2513.0,25,2514.0,1,2515.0,30,2510.0
RM503,,13:42:45.250#,2522.0,2528.0,2490.0,2654.0,2352.0,3230,13914,2505.0,5,2506.0,4,2507.0,5,2508.0,4,2509.0,10,2511.0,7,2512.0,1,2513.0,25,2514.0,2,2515.0,30,2510.0
RM503,,13:42:45.500#,2522.0,2528.0,2490.0,2654.0,2352.0,3230,13914,2505.0,5,2506.0,4,2507.0,5,2508.0,5,2509.0,10,2511.0,8,2512.0,1,2513.0,25,2514.0,2,2515.0,30,2510.0
RM503,,13:42:46.500#,2522.0,2528.0,2490.0,2654.0,2352.0,3230,13914,2505.0,5,2506.0,4,2507.0,5,2508.0,5,2509.0,9,2511.0,10,2512.0,1,2513.0,25,2514.0,2,2515.0,30,2510.0
RM503,,13:42:54.0#,2522.0,2528.0,2490.0,2654.0,2352.0,3230,13914,2505.0,5,2506.0,4,2507.0,5,2508.0,5,2509.0,4,2511.0,10,2512.0,1,2513.0,25,2514.0,2,2515.0,30,2510.0
RM503,,13:42:54.250#,2522.0,2528.0,2490.0,2654.0,2352.0,3230,13914,2505.0,5,2506.0,4,2507.0,5,2508.0,5,2509.0,5,2511.0,10,2512.0,1,2513.0,25,2514.0,2,2515.0,30,2510.0
RM503,,13:42:54.500#,2522.0,2528.0,2490.0,2654.0,2352.0,3230,13914,2505.0,5,2506.0,4,2507.0,5,2508.0,5,2509.0,8,2511.0,10,2512.0,1,2513.0,25,2514.0,2,2515.0,30,2510.0
RM503,,13:42:55.0#,2522.0,2528.0,2490.0,2654.0,2352.0,3230,13914,2505.0,5,2506.0,4,2507.0,5,2508.0,5,2509.0,9,2511.0,10,2512.0,1,2513.0,25,2514.0,2,2515.0,30,2510.0
RM503,,13:42:57.750#,2522.0,2528.0,2490.0,2654.0,2352.0,3230,13914,2505.0,5,2506.0,4,2507.0,5,2508.0,5,2509.0,2,2510.0,1,2511.0,1,2512.0,1,2513.0,25,2514.0,2,2510.0
RM503,,13:42:58.0#,2522.0,2528.0,2490.0,2654.0,2352.0,3230,13914,2505.0,5,2506.0,4,2507.0,5,2508.0,5,2509.0,4,2510.0,1,2511.0,1,2512.0,1,2513.0,25,2514.0,2,2510.0
RM503,,13:42:58.250#,2522.0,2528.0,2490.0,2654.0,2352.0,3230,13914,2505.0,5,2506.0,4,2507.0,5,2508.0,5,2509.0,4,2511.0,10,2512.0,1,2513.0,25,2514.0,2,2515.0,30,2510.0
RM503,,13:42:58.500#,2522.0,2528.0,2490.0,2654.0,2352.0,3230,13914,2505.0,5,2506.0,4,2507.0,5,2508.0,5,2509.0,3,2511.0,10,2512.0,1,2513.0,25,2514.0,2,2515.0,30,2510.0
RM503,,13:42:58.750#,2522.0,2528.0,2490.0,2654.0,2352.0,3230,13914,2505.0,5,2506.0,4,2507.0,5,2508.0,5,2509.0,3,2510.0,1,2511.0,1,2512.0,1,2513.0,25,2514.0,2,2510.0
RM503,,13:42:59.0#,2522.0,2528.0,2490.0,2654.0,2352.0,3230,13914,2505.0,5,2506.0,4,2507.0,5,2508.0,5,2509.0,9,2510.0,1,2511.0,1,2512.0,1,2513.0,25,2514.0,2,2510.0
RM503,,13:42:59.250#,2522.0,2528.0,2490.0,2654.0,2352.0,3230,13914,2505.0,5,2506.0,4,2507.0,5,2508.0,5,2509.0,9,2511.0,10,2512.0,1,2513.0,25,2514.0,3,2515.0,29,2510.0
RM503,,13:43:00.750#,2522.0,2528.0,2490.0,2654.0,2352.0,3230,13914,2505.0,5,2506.0,4,2507.0,5,2508.0,5,2509.0,2,2511.0,10,2512.0,1,2513.0,25,2514.0,3,2515.0,29,2510.0
RM503,,13:43:01.0#,2522.0,2528.0,2490.0,2654.0,2352.0,3230,13914,2505.0,5,2506.0,4,2507.0,5,2508.0,5,2509.0,1,2511.0,10,2512.0,1,2513.0,25,2514.0,3,2515.0,29,2510.0
RM503,,13:43:01.250#,2522.0,2528.0,2490.0,2654.0,2352.0,3230,13914,2505.0,5,2506.0,4,2507.0,5,2508.0,5,2509.0,1,2510.0,1,2511.0,1,2512.0,1,2513.0,24,2514.0,3,2510.0
RM503,,13:43:01.500#,2522.0,2528.0,2490.0,2654.0,2352.0,3230,13914,2505.0,5,2506.0,4,2507.0,5,2508.0,4,2509.0,1,2510.0,7,2511.0,2,2512.0,1,2513.0,24,2514.0,3,2510.0
RM503,,13:43:01.750#,2522.0,2528.0,2490.0,2654.0,2352.0,3230,13914,2505.0,5,2506.0,4,2507.0,6,2508.0,4,2509.0,9,2511.0,11,2512.0,1,2513.0,24,2514.0,3,2515.0,29,2510.0
RM503,,13:43:02.0#,2522.0,2528.0,2490.0,2654.0,2352.0,3230,13914,2505.0,5,2506.0,4,2507.0,6,2508.0,4,2509.0,9,2511.0,10,2512.0,1,2513.0,24,2514.0,3,2515.0,29,2510.0
RM503,,13:43:02.250#,2522.0,2528.0,2490.0,2654.0,2352.0,3230,13914,2505.0,5,2506.0,4,2507.0,6,2508.0,4,2509.0,9,2511.0,10,2512.0,2,2513.0,24,2514.0,3,2515.0,29,2510.0
RM503,,13:43:04.250#,2522.0,2528.0,2490.0,2654.0,2352.0,3230,13914,2505.0,5,2506.0,4,2507.0,6,2508.0,4,2509.0,8,2511.0,10,2512.0,2,2513.0,24,2514.0,3,2515.0,29,2510.0
RM503,,13:43:04.750#,2522.0,2528.0,2490.0,2654.0,2352.0,3230,13914,2505.0,5,2506.0,4,2507.0,6,2508.0,4,2509.0,7,2511.0,10,2512.0,2,2513.0,24,2514.0,3,2515.0,29,2510.0
RM503,,13:43:05.0#,2522.0,2528.0,2490.0,2654.0,2352.0,3230,13914,2505.0,5,2506.0,4,2507.0,6,2508.0,4,2509.0,9,2511.0,10,2512.0,2,2513.0,24,2514.0,3,2515.0,29,2510.0
RM503,,13:43:05.250#,2522.0,2528.0,2490.0,2654.0,2352.0,3230,13914,2505.0,5,2506.0,4,2507.0,6,2508.0,4,2509.0,10,2511.0,9,2512.0,2,2513.0,24,2514.0,3,2515.0,29,2510.0
RM503,,13:43:22.0#,2522.0,2528.0,2490.0,2654.0,2352.0,3230,13914,2505.0,5,2506.0,4,2507.0,6,2508.0,4,2509.0,10,2511.0,9,2512.0,2,2513.0,24,2514.0,3,2515.0,29,2510.0
RM503,,13:43:27.250#,2522.0,2528.0,2490.0,2654.0,2352.0,3230,13914,2505.0,5,2506.0,4,2507.0,6,2508.0,4,2509.0,10,2511.0,8,2512.0,2,2513.0,24,2514.0,3,2515.0,29,2510.0
RM503,,13:43:27.500#,2522.0,2528.0,2490.0,2654.0,2352.0,3230,13914,2505.0,5,2506.0,4,2507.0,6,2508.0,4,2509.0,10,2511.0,7,2512.0,2,2513.0,24,2514.0,3,2515.0,29,2510.0
RM503,,13:43:28.0#,2522.0,2528.0,2490.0,2654.0,2352.0,3230,13914,2505.0,5,2506.0,4,2507.0,6,2508.0,4,2509.0,10,2511.0,9,2512.0,2,2513.0,24,2514.0,3,2515.0,29,2510.0
RM503,,13:43:29.500#,2522.0,2528.0,2490.0,2654.0,2352.0,3230,13914,2505.0,5,2506.0,4,2507.0,6,2508.0,4,2509.0,9,2511.0,10,2512.0,2,2513.0,24,2514.0,3,2515.0,29,2510.0
RM503,,13:43:30.500#,2522.0,2528.0,2490.0,2654.0,2352.0,3230,13914,2505.0,5,2506.0,4,2507.0,6,2508.0,4,2509.0,9,2511.0,9,2512.0,2,2513.0,24,2514.0,3,2515.0,29,2510.0
RM503,,13:43:30.750#,2522.0,2528.0,2490.0,2654.0,2352.0,3230,13914,2505.0,5,2506.0,4,2507.0,6,2508.0,4,2509.0,10,2511.0,7,2512.0,2,2513.0,24,2514.0,3,2515.0,29,2510.0
RM503,,13:43:31.0#,2522.0,2528.0,2490.0,2654.0,2352.0,3230,13914,2505.0,5,2506.0,4,2507.0,6,2508.0,4,2509.0,10,2511.0,9,2512.0,2,2513.0,24,2514.0,3,2515.0,29,2510.0
RM503,,13:43:33.0#,2522.0,2528.0,2490.0,2654.0,2352.0,3230,13914,2505.0,5,2506.0,4,2507.0,6,2508.0,4,2509.0,10,2511.0,5,2512.0,2,2513.0,24,2514.0,3,2515.0,29,2510.0
RM503,,13:43:34.0#,2522.0,2528.0,2490.0,2654.0,2352.0,3230,13914,2505.0,5,2506.0,4,2507.0,6,2508.0,4,2509.0,10,2511.0,4,2512.0,2,2513.0,24,2514.0,3,2515.0,29,2510.0
RM503,,13:43:34.250#,2522.0,2528.0,2490.0,2654.0,2352.0,3230,13914,2505.0,5,2506.0,4,2507.0,6,2508.0,4,2509.0,10,2511.0,2,2512.0,2,2513.0,24,2514.0,3,2515.0,29,2510.0
RM503,,13:43:34.500#,2522.0,2528.0,2490.0,2654.0,2352.0,3230,13914,2505.0,5,2506.0,4,2507.0,5,2508.0,4,2509.0,10,2511.0,2,2512.0,2,2513.0,24,2514.0,3,2515.0,29,2510.0
RM503,,13:43:34.750#,2522.0,2528.0,2490.0,2654.0,2352.0,3230,13914,2505.0,5,2506.0,4,2507.0,5,2508.0,5,2509.0,10,2511.0,2,2512.0,2,2513.0,24,2514.0,3,2515.0,29,2510.0
RM503,,13:43:35.0#,2522.0,2528.0,2490.0,2654.0,2352.0,3230,13914,2506.0,4,2507.0,5,2508.0,5,2509.0,1,2510.0,1,2511.0,2,2512.0,2,2513.0,24,2514.0,3,2515.0,29,2510.0
RM503,,13:43:35.250#,2522.0,2528.0,2490.0,2654.0,2352.0,3230,13914,2505.0,5,2506.0,4,2507.0,5,2508.0,5,2509.0,10,2511.0,2,2512.0,1,2513.0,24,2514.0,3,2515.0,29,2510.0
RM503,,13:43:35.500#,2522.0,2528.0,2490.0,2654.0,2352.0,3230,13914,2505.0,5,2506.0,4,2507.0,5,2508.0,5,2509.0,10,2511.0,3,2512.0,1,2513.0,25,2514.0,3,2515.0,29,2510.0
RM503,,13:43:35.750#,2522.0,2528.0,2490.0,2654.0,2352.0,3230,13914,2505.0,5,2506.0,4,2507.0,5,2508.0,5,2509.0,10,2511.0,5,2512.0,1,2513.0,25,2514.0,3,2515.0,29,2510.0
RM503,,13:43:36.0#,2522.0,2528.0,2490.0,2654.0,2352.0,3230,13914,2506.0,4,2507.0,5,2508.0,5,2509.0,1,2510.0,4,2511.0,1,2512.0,1,2513.0,25,2514.0,3,2515.0,29,2510.0
RM503,,13:43:36.250#,2522.0,2528.0,2490.0,2654.0,2352.0,3230,13914,2506.0,4,2507.0,5,2508.0,5,2509.0,1,2510.0,4,2512.0,11,2513.0,25,2514.0,3,2515.0,29,2516.0,14,2510.0
RM503,,13:43:36.500#,2522.0,2528.0,2490.0,2654.0,2352.0,3230,13914,2506.0,4,2507.0,5,2508.0,5,2509.0,1,2510.0,8,2512.0,11,2513.0,25,2514.0,3,2515.0,29,2516.0,14,2510.0
RM503,,13:43:36.750#,2522.0,2528.0,2490.0,2654.0,2352.0,3230,13914,2506.0,4,2507.0,5,2508.0,5,2509.0,1,2510.0,6,2512.0,11,2513.0,25,2514.0,3,2515.0,29,2516.0,14,2510.0
RM503,,13:43:37.0#,2522.0,2528.0,2490.0,2654.0,2352.0,3230,13914,2506.0,4,2507.0,5,2508.0,5,2509.0,1,2510.0,8,2512.0,11,2513.0,25,2514.0,3,2515.0,29,2516.0,14,2510.0
RM503,,13:43:38.500#,2522.0,2528.0,2490.0,2654.0,2352.0,3230,13914,2505.0,5,2506.0,4,2507.0,5,2508.0,5,2509.0,11,2512.0,11,2513.0,25,2514.0,3,2515.0,29,2516.0,14,2510.0
RM503,,13:43:38.750#,2522.0,2528.0,2490.0,2654.0,2352.0,3230,13914,2506.0,4,2507.0,5,2508.0,5,2509.0,1,2510.0,1,2512.0,11,2513.0,25,2514.0,3,2515.0,29,2516.0,14,2510.0
RM503,,13:43:39.0#,2522.0,2528.0,2490.0,2654.0,2352.0,3230,13914,2506.0,4,2507.0,5,2508.0,5,2509.0,3,2510.0,8,2512.0,11,2513.0,25,2514.0,3,2515.0,29,2516.0,14,2510.0
RM503,,13:43:39.250#,2522.0,2528.0,2490.0,2654.0,2352.0,3230,13914,2506.0,4,2507.0,5,2508.0,5,2509.0,4,2510.0,8,2512.0,11,2513.0,25,2514.0,3,2515.0,29,2516.0,14,2510.0
RM503,,13:43:46.250#,2522.0,2528.0,2490.0,2654.0,2352.0,3230,13914,2506.0,4,2507.0,5,2508.0,5,2509.0,4,2510.0,8,2512.0,11,2513.0,25,2514.0,3,2515.0,29,2516.0,14,2510.0
RM503,,13:43:47.250#,2522.0,2528.0,2490.0,2654.0,2352.0,3230,13914,2506.0,4,2507.0,5,2508.0,5,2509.0,4,2510.0,9,2512.0,10,2513.0,25,2514.0,3,2515.0,29,2516.0,14,2510.0
RM503,,13:43:47.750#,2522.0,2528.0,2490.0,2654.0,2352.0,3230,13914,2506.0,4,2507.0,5,2508.0,5,2509.0,4,2510.0,9,2512.0,10,2513.0,25,2514.0,3,2515.0,3,2516.0,14,2510.0
RM503,,13:43:48.750#,2522.0,2528.0,2490.0,2654.0,2352.0,3230,13914,2506.0,4,2507.0,5,2508.0,5,2509.0,4,2510.0,9,2512.0,3,2513.0,25,2514.0,3,2515.0,3,2516.0,14,2510.0
RM503,,13:43:49.0#,2522.0,2528.0,2490.0,2654.0,2352.0,3230,13914,2507.0,5,2508.0,5,2509.0,4,2510.0,2,2511.0,8,2512.0,2,2513.0,25,2514.0,3,2515.0,3,2516.0,14,2510.0
RM503,,13:43:49.250#,2522.0,2528.0,2490.0,2654.0,2352.0,3230,13914,2507.0,5,2508.0,5,2509.0,4,2510.0,2,2511.0,8,2513.0,32,2514.0,5,2515.0,3,2516.0,14,2517.0,5,2510.0
RM503,,13:43:49.500#,2522.0,2528.0,2490.0,2654.0,2352.0,3230,13914,2506.0,16,2507.0,5,2508.0,5,2509.0,4,2510.0,13,2513.0,32,2514.0,6,2515.0,3,2516.0,2,2517.0,5,2510.0
RM503,,13:43:49.750#,2522.0,2528.0,2490.0,2654.0,2352.0,3230,13914,2506.0,16,2507.0,5,2508.0,5,2509.0,4,2510.0,12,2512.0,7,2513.0,22,2514.0,5,2515.0,3,2516.0,2,2510.0
RM503,,13:43:50.0#,2522.0,2528.0,2490.0,2654.0,2352.0,3230,13914,2506.0,16,2507.0,5,2508.0,5,2509.0,4,2510.0,11,2512.0,7,2513.0,22,2514.0,5,2515.0,3,2516.0,2,2510.0
RM503,,13:43:50.250#,2522.0,2528.0,2490.0,2654.0,2352.0,3230,13914,2506.0,16,2507.0,5,2508.0,5,2509.0,5,2510.0,11,2512.0,7,2513.0,22,2514.0,5,2515.0,3,2516.0,2,2510.0
RM503,,13:43:52.250#,2522.0,2528.0,2490.0,2654.0,2352.0,3230,13914,2506.0,16,2507.0,5,2508.0,5,2509.0,5,2510.0,11,2512.0,8,2513.0,22,2514.0,5,2515.0,3,2516.0,2,2510.0
RM503,,13:43:57.500#,2522.0,2528.0,2490.0,2654.0,2352.0,3230,13914,2506.0,16,2507.0,5,2508.0,5,2509.0,5,2510.0,11,2512.0,9,2513.0,22,2514.0,5,2515.0,3,2516.0,2,2510.0
RM503,,13:43:59.750#,2522.0,2528.0,2490.0,2654.0,2352.0,3230,13914,2506.0,16,2507.0,5,2508.0,5,2509.0,5,2510.0,11,2512.0,9,2513.0,22,2514.0,5,2515.0,4,2516.0,2,2510.0
RM503,,13:44:00.500#,2522.0,2528.0,2490.0,2654.0,2352.0,3230,13914,2506.0,16,2507.0,5,2508.0,5,2509.0,5,2510.0,10,2512.0,10,2513.0,22,2514.0,5,2515.0,4,2516.0,2,2510.0
RM503,,13:44:00.750#,2522.0,2528.0,2490.0,2654.0,2352.0,3230,13914,2505.0,6,2506.0,16,2507.0,5,2508.0,5,2509.0,15,2512.0,10,2513.0,22,2514.0,5,2515.0,4,2516.0,2,2510.0
RM503,,13:44:01.0#,2522.0,2528.0,2490.0,2654.0,2352.0,3230,13914,2505.0,6,2506.0,4,2507.0,5,2508.0,5,2509.0,15,2511.0,6,2512.0,1,2513.0,22,2514.0,4,2515.0,4,2510.0
RM503,,13:44:01.250#,2522.0,2528.0,2490.0,2654.0,2352.0,3230,13914,2505.0,6,2506.0,4,2507.0,5,2508.0,5,2509.0,14,2512.0,12,2513.0,22,2514.0,4,2515.0,4,2516.0,2,2510.0
RM503,,13:44:01.500#,2522.0,2528.0,2490.0,2654.0,2352.0,3230,13914,2506.0,4,2507.0,5,2508.0,6,2509.0,4,2510.0,8,2512.0,11,2513.0,22,2514.0,4,2515.0,4,2516.0,2,2510.0
RM503,,13:44:01.750#,2522.0,2528.0,2490.0,2654.0,2352.0,3230,13914,2506.0,4,2507.0,5,2508.0,6,2509.0,4,2510.0,8,2512.0,10,2513.0,22,2514.0,4,2515.0,4,2516.0,2,2510.0
RM503,,13:44:02.0#,2522.0,2528.0,2490.0,2654.0,2352.0,3230,13914,2506.0,4,2507.0,5,2508.0,6,2509.0,4,2510.0,8,2512.0,10,2513.0,23,2514.0,4,2515.0,4,2516.0,2,2510.0
RM503,,13:44:03.500#,2522.0,2528.0,2490.0,2654.0,2352.0,3230,13914,2505.0,6,2506.0,4,2507.0,5,2508.0,6,2509.0,14,2511.0,7,2512.0,1,2513.0,23,2514.0,4,2515.0,4,2510.0
RM503,,13:44:04.0#,2522.0,2528.0,2490.0,2654.0,2352.0,3230,13914,2505.0,6,2506.0,4,2507.0,5,2508.0,6,2509.0,13,2511.0,1,2512.0,1,2513.0,23,2514.0,4,2515.0,4,2510.0
RM503,,13:44:04.250#,2522.0,2528.0,2490.0,2654.0,2352.0,3230,13914,2505.0,6,2506.0,4,2507.0,5,2508.0,6,2509.0,13,2511.0,8,2512.0,1,2513.0,23,2514.0,4,2515.0,4,2510.0
RM503,,13:44:04.750#,2522.0,2528.0,2490.0,2654.0,2352.0,3230,13914,2505.0,6,2506.0,4,2507.0,5,2508.0,6,2509.0,13,2512.0,11,2513.0,23,2514.0,4,2515.0,4,2516.0,2,2510.0
RM503,,13:44:05.0#,2522.0,2528.0,2490.0,2654.0,2352.0,3230,13914,2505.0,6,2506.0,4,2507.0,5,2508.0,6,2509.0,13,2511.0,4,2512.0,1,2513.0,23,2514.0,4,2515.0,4,2510.0
RM503,,13:44:05.250#,2522.0,2528.0,2490.0,2654.0,2352.0,3230,13914,2505.0,6,2506.0,4,2507.0,5,2508.0,6,2509.0,13,2511.0,1,2512.0,1,2513.0,23,2514.0,4,2515.0,4,2510.0
RM503,,13:44:05.500#,2522.0,2528.0,2490.0,2654.0,2352.0,3230,13914,2505.0,6,2506.0,4,2507.0,5,2508.0,6,2509.0,13,2511.0,8,2512.0,1,2513.0,23,2514.0,4,2515.0,4,2510.0
RM503,,13:44:05.750#,2522.0,2528.0,2490.0,2654.0,2352.0,3230,13914,2505.0,6,2506.0,4,2507.0,5,2508.0,6,2509.0,14,2512.0,11,2513.0,23,2514.0,4,2515.0,4,2516.0,2,2510.0
RM503,,13:44:06.250#,2522.0,2528.0,2490.0,2654.0,2352.0,3230,13914,2505.0,6,2506.0,4,2507.0,5,2508.0,6,2509.0,13,2511.0,3,2512.0,1,2513.0,23,2514.0,4,2515.0,4,2510.0
RM503,,13:44:06.500#,2522.0,2528.0,2490.0,2654.0,2352.0,3230,13914,2505.0,6,2506.0,4,2507.0,5,2508.0,6,2509.0,13,2511.0,8,2512.0,1,2513.0,23,2514.0,4,2515.0,4,2510.0
RM503,,13:44:07.500#,2522.0,2528.0,2490.0,2654.0,2352.0,3230,13914,2505.0,6,2506.0,4,2507.0,5,2508.0,6,2509.0,13,2511.0,7,2512.0,1,2513.0,23,2514.0,4,2515.0,4,2510.0
RM503,,13:44:10.250#,2522.0,2528.0,2490.0,2654.0,2352.0,3230,13914,2506.0,4,2507.0,5,2508.0,6,2509.0,4,2510.0,8,2512.0,11,2513.0,23,2514.0,4,2515.0,4,2516.0,2,2510.0
RM503,,13:44:10.500#,2522.0,2528.0,2490.0,2654.0,2352.0,3230,13914,2505.0,6,2506.0,4,2507.0,5,2508.0,6,2509.0,14,2512.0,11,2513.0,23,2514.0,4,2515.0,4,2516.0,2,2510.0
RM503,,13:44:11.0#,2522.0,2528.0,2490.0,2654.0,2352.0,3230,13914,2505.0,6,2506.0,4,2507.0,5,2508.0,6,2509.0,13,2511.0,1,2512.0,1,2513.0,23,2514.0,4,2515.0,4,2510.0
RM503,,13:44:11.750#,2522.0,2528.0,2490.0,2654.0,2352.0,3230,13914,2505.0,6,2506.0,4,2507.0,5,2508.0,6,2509.0,13,2511.0,8,2512.0,1,2513.0,23,2514.0,4,2515.0,4,2510.0
RM503,,13:44:12.0#,2522.0,2528.0,2490.0,2654.0,2352.0,3230,13914,2505.0,6,2506.0,4,2507.0,5,2508.0,6,2509.0,13,2511.0,1,2512.0,1,2513.0,23,2514.0,4,2515.0,4,2510.0
RM503,,13:44:12.500#,2522.0,2528.0,2490.0,2654.0,2352.0,3230,13914,2505.0,6,2506.0,4,2507.0,5,2508.0,6,2509.0,13,2511.0,6,2512.0,1,2513.0,23,2514.0,4,2515.0,4,2510.0
RM503,,13:44:12.750#,2522.0,2528.0,2490.0,2654.0,2352.0,3230,13914,2505.0,6,2506.0,4,2507.0,5,2508.0,6,2509.0,13,2511.0,8,2512.0,1,2513.0,23,2514.0,4,2515.0,4,2510.0
RM503,,13:44:13.500#,2522.0,2528.0,2490.0,2654.0,2352.0,3230,13914,2505.0,6,2506.0,4,2507.0,5,2508.0,6,2509.0,12,2511.0,9,2512.0,1,2513.0,23,2514.0,4,2515.0,4,2510.0
RM503,,13:44:13.750#,2522.0,2528.0,2490.0,2654.0,2352.0,3230,13914,2505.0,6,2506.0,4,2507.0,5,2508.0,6,2509.0,10,2511.0,10,2512.0,1,2513.0,23,2514.0,4,2515.0,4,2510.0
RM503,,13:44:17.750#,2522.0,2528.0,2490.0,2654.0,2352.0,3230,13914,2505.0,6,2506.0,4,2507.0,5,2508.0,6,2509.0,11,2511.0,9,2512.0,1,2513.0,23,2514.0,4,2515.0,4,2510.0
RM503,,13:44:18.0#,2522.0,2528.0,2490.0,2654.0,2352.0,3230,13914,2505.0,6,2506.0,4,2507.0,5,2508.0,6,2509.0,11,2511.0,8,2512.0,1,2513.0,23,2514.0,4,2515.0,4,2510.0
RM503,,13:44:18.250#,2522.0,2528.0,2490.0,2654.0,2352.0,3230,13914,2505.0,6,2506.0,4,2507.0,5,2508.0,6,2509.0,12,2512.0,11,2513.0,23,2514.0,4,2515.0,4,2516.0,2,2510.0
RM503,,13:44:18.500#,2522.0,2528.0,2490.0,2654.0,2352.0,3230,13914,2505.0,6,2506.0,4,2507.0,5,2508.0,6,2509.0,12,2511.0,6,2512.0,1,2513.0,23,2514.0,4,2515.0,4,2510.0
RM503,,13:44:19.500#,2522.0,2528.0,2490.0,2654.0,2352.0,3230,13914,2506.0,4,2507.0,5,2508.0,6,2509.0,2,2510.0,8,2512.0,11,2513.0,23,2514.0,4,2515.0,4,2516.0,2,2510.0
RM503,,13:44:20.0#,2522.0,2528.0,2490.0,2654.0,2352.0,3230,13914,2505.0,6,2506.0,4,2507.0,5,2508.0,6,2509.0,11,2511.0,1,2512.0,1,2513.0,23,2514.0,4,2515.0,4,2510.0
RM503,,13:44:20.250#,2522.0,2528.0,2490.0,2654.0,2352.0,3230,13914,2505.0,6,2506.0,4,2507.0,5,2508.0,6,2509.0,11,2511.0,3,2512.0,1,2513.0,23,2514.0,4,2515.0,4,2510.0
RM503,,13:44:20.500#,2522.0,2528.0,2490.0,2654.0,2352.0,3230,13914,2505.0,6,2506.0,4,2507.0,5,2508.0,6,2509.0,11,2512.0,11,2513.0,23,2514.0,4,2515.0,4,2516.0,2,2510.0
RM503,,13:44:22.250#,2522.0,2528.0,2490.0,2654.0,2352.0,3230,13914,2505.0,6,2506.0,4,2507.0,5,2508.0,6,2509.0,12,2512.0,11,2513.0,23,2514.0,4,2515.0,4,2516.0,2,2510.0
RM503,,13:44:24.250#,2522.0,2528.0,2490.0,2654.0,2352.0,3230,13914,2506.0,4,2507.0,5,2508.0,6,2509.0,2,2510.0,1,2512.0,11,2513.0,23,2514.0,4,2515.0,4,2516.0,2,2510.0
RM503,,13:44:24.500#,2522.0,2528.0,2490.0,2654.0,2352.0,3230,13914,2505.0,6,2506.0,4,2507.0,5,2508.0,6,2509.0,12,2512.0,11,2513.0,23,2514.0,4,2515.0,4,2516.0,2,2510.0
RM503,,13:44:25.750#,2522.0,2528.0,2490.0,2654.0,2352.0,3230,13914,2506.0,4,2507.0,5,2508.0,6,2509.0,2,2510.0,1,2512.0,11,2513.0,23,2514.0,4,2515.0,4,2516.0,2,2510.0
RM503,,13:44:26.0#,2522.0,2528.0,2490.0,2654.0,2352.0,3230,13914,2505.0,6,2506.0,4,2507.0,5,2508.0,6,2509.0,12,2512.0,11,2513.0,23,2514.0,4,2515.0,4,2516.0,2,2510.0
RM503,,13:44:26.750#,2522.0,2528.0,2490.0,2654.0,2352.0,3230,13914,2506.0,4,2507.0,5,2508.0,6,2509.0,4,2510.0,8,2512.0,11,2513.0,23,2514.0,4,2515.0,4,2516.0,2,2510.0
RM503,,13:44:27.0#,2522.0,2528.0,2490.0,2654.0,2352.0,3230,13914,2506.0,4,2507.0,5,2508.0,6,2509.0,4,2510.0,9,2512.0,11,2513.0,23,2514.0,4,2515.0,4,2516.0,2,2510.0
RM503,,13:44:27.250#,2522.0,2528.0,2490.0,2654.0,2352.0,3230,13914,2506.0,4,2507.0,5,2508.0,6,2509.0,4,2510.0,10,2512.0,11,2513.0,23,2514.0,4,2515.0,4,2516.0,2,2510.0
RM503,,13:44:27.500#,2522.0,2528.0,2490.0,2654.0,2352.0,3230,13914,2506.0,4,2507.0,5,2508.0,6,2509.0,4,2510.0,7,2512.0,11,2513.0,23,2514.0,4,2515.0,4,2516.0,2,2510.0
RM503,,13:44:28.0#,2522.0,2528.0,2490.0,2654.0,2352.0,3230,13914,2506.0,4,2507.0,5,2508.0,6,2509.0,4,2510.0,6,2512.0,11,2513.0,23,2514.0,4,2515.0,4,2516.0,2,2510.0
RM503,,13:44:29.750#,2522.0,2528.0,2490.0,2654.0,2352.0,3230,13914,2506.0,4,2507.0,5,2508.0,6,2509.0,4,2510.0,7,2512.0,11,2513.0,23,2514.0,4,2515.0,4,2516.0,2,2510.0
RM503,,13:44:30.0#,2522.0,2528.0,2490.0,2654.0,2352.0,3230,13914,2506.0,4,2507.0,5,2508.0,6,2509.0,4,2510.0,6,2512.0,11,2513.0,23,2514.0,4,2515.0,4,2516.0,2,2510.0
RM503,,13:44:30.250#,2522.0,2528.0,2490.0,2654.0,2352.0,3230,13914,2506.0,4,2507.0,5,2508.0,6,2509.0,4,2510.0,7,2512.0,11,2513.0,23,2514.0,4,2515.0,4,2516.0,2,2510.0
RM503,,13:44:30.500#,2522.0,2528.0,2490.0,2654.0,2352.0,3230,13914,2506.0,4,2507.0,5,2508.0,6,2509.0,4,2510.0,6,2511.0,1,2512.0,1,2513.0,23,2514.0,4,2515.0,4,2510.0
RM503,,13:44:30.750#,2522.0,2528.0,2490.0,2654.0,2352.0,3230,13914,2506.0,4,2507.0,5,2508.0,6,2509.0,4,2510.0,14,2512.0,11,2513.0,23,2514.0,4,2515.0,4,2516.0,2,2510.0
RM503,,13:44:31.500#,2522.0,2528.0,2490.0,2654.0,2352.0,3230,13914,2506.0,4,2507.0,5,2508.0,6,2509.0,4,2510.0,14,2511.0,1,2512.0,1,2513.0,23,2514.0,4,2515.0,4,2510.0
RM503,,13:44:31.750#,2522.0,2528.0,2490.0,2654.0,2352.0,3230,13914,2506.0,4,2507.0,5,2508.0,6,2509.0,4,2510.0,11,2511.0,1,2512.0,1,2513.0,23,2514.0,4,2515.0,4,2510.0
RM503,,13:44:32.0#,2522.0,2528.0,2490.0,2654.0,2352.0,3230,13914,2506.0,4,2507.0,5,2508.0,6,2509.0,4,2510.0,6,2511.0,1,2512.0,1,2513.0,23,2514.0,4,2515.0,4,2510.0
RM503,,13:44:32.250#,2522.0,2528.0,2490.0,2654.0,2352.0,3230,13914,2506.0,4,2507.0,5,2508.0,6,2509.0,4,2510.0,14,2511.0,1,2512.0,1,2513.0,23,2514.0,4,2515.0,4,2510.0
RM503,,13:44:32.500#,2522.0,2528.0,2490.0,2654.0,2352.0,3230,13914,2506.0,4,2507.0,5,2508.0,6,2509.0,4,2510.0,6,2511.0,1,2512.0,1,2513.0,23,2514.0,4,2515.0,4,2510.0
RM503,,13:44:32.750#,2522.0,2528.0,2490.0,2654.0,2352.0,3230,13914,2506.0,4,2507.0,5,2508.0,6,2509.0,4,2510.0,6,2511.0,3,2512.0,1,2513.0,23,2514.0,4,2515.0,4,2510.0
RM503,,13:44:33.0#,2522.0,2528.0,2490.0,2654.0,2352.0,3230,13914,2506.0,4,2507.0,5,2508.0,6,2509.0,4,2510.0,6,2511.0,5,2512.0,1,2513.0,23,2514.0,4,2515.0,4,2510.0
RM503,,13:44:33.750#,2522.0,2528.0,2490.0,2654.0,2352.0,3230,13914,2506.0,4,2507.0,5,2508.0,6,2509.0,4,2510.0,6,2511.0,8,2512.0,1,2513.0,23,2514.0,4,2515.0,4,2510.0
RM503,,13:44:38.0#,2522.0,2528.0,2490.0,2654.0,2352.0,3245,13929,2506.0,4,2507.0,5,2508.0,6,2509.0,4,2510.0,6,2511.0,4,2512.0,1,2513.0,23,2514.0,4,2515.0,4,2511.0
RM503,,13:44:40.250#,2522.0,2528.0,2490.0,2654.0,2352.0,3245,13929,2506.0,4,2507.0,5,2508.0,6,2509.0,5,2510.0,6,2511.0,4,2512.0,1,2513.0,23,2514.0,4,2515.0,4,2511.0
RM503,,13:44:40.750#,2522.0,2528.0,2490.0,2654.0,2352.0,3245,13929,2506.0,4,2507.0,5,2508.0,6,2509.0,5,2510.0,6,2511.0,1,2512.0,1,2513.0,23,2514.0,4,2515.0,4,2511.0
RM503,,13:44:41.0#,2522.0,2528.0,2490.0,2654.0,2352.0,3245,13929,2506.0,4,2507.0,5,2508.0,6,2509.0,5,2510.0,14,2511.0,1,2512.0,1,2513.0,23,2514.0,4,2515.0,4,2511.0
RM503,,13:44:41.250#,2522.0,2528.0,2490.0,2654.0,2352.0,3245,13929,2506.0,4,2507.0,5,2508.0,6,2509.0,5,2510.0,6,2511.0,1,2512.0,1,2513.0,23,2514.0,4,2515.0,4,2511.0
RM503,,13:44:41.500#,2522.0,2528.0,2490.0,2654.0,2352.0,3245,13929,2506.0,4,2507.0,5,2508.0,6,2509.0,5,2510.0,6,2511.0,3,2512.0,1,2513.0,23,2514.0,4,2515.0,4,2511.0
RM503,,13:44:41.750#,2522.0,2528.0,2490.0,2654.0,2352.0,3245,13929,2506.0,4,2507.0,5,2508.0,6,2509.0,5,2510.0,6,2511.0,4,2512.0,1,2513.0,23,2514.0,4,2515.0,4,2511.0
RM503,,13:44:42.0#,2522.0,2528.0,2490.0,2654.0,2352.0,3245,13929,2506.0,4,2507.0,5,2508.0,6,2509.0,5,2510.0,6,2511.0,2,2512.0,1,2513.0,23,2514.0,4,2515.0,4,2511.0
RM503,,13:44:42.250#,2522.0,2528.0,2490.0,2654.0,2352.0,3245,13929,2506.0,4,2507.0,5,2508.0,6,2509.0,5,2510.0,6,2511.0,4,2512.0,1,2513.0,23,2514.0,4,2515.0,4,2511.0
RM503,,13:44:42.500#,2522.0,2528.0,2490.0,2654.0,2352.0,3245,13929,2506.0,4,2507.0,5,2508.0,6,2509.0,5,2510.0,6,2511.0,3,2512.0,1,2513.0,23,2514.0,4,2515.0,4,2511.0
RM503,,13:44:43.250#,2522.0,2528.0,2490.0,2654.0,2352.0,3245,13929,2506.0,4,2507.0,5,2508.0,6,2509.0,5,2510.0,6,2511.0,4,2512.0,1,2513.0,23,2514.0,4,2515.0,4,2511.0
RM503,,13:44:45.250#,2522.0,2528.0,2490.0,2654.0,2352.0,3245,13929,2506.0,4,2507.0,5,2508.0,6,2509.0,5,2510.0,6,2511.0,3,2512.0,1,2513.0,23,2514.0,4,2515.0,4,2511.0
RM503,,13:44:48.0#,2522.0,2528.0,2490.0,2654.0,2352.0,3245,13929,2506.0,4,2507.0,5,2508.0,6,2509.0,5,2510.0,6,2512.0,7,2513.0,23,2514.0,4,2515.0,4,2516.0,2,2511.0
RM503,,13:44:50.500#,2522.0,2528.0,2490.0,2654.0,2352.0,3245,13929,2506.0,4,2507.0,5,2508.0,6,2509.0,5,2510.0,6,2511.0,3,2512.0,1,2513.0,23,2514.0,4,2515.0,4,2511.0
RM503,,13:44:50.750#,2522.0,2528.0,2490.0,2654.0,2352.0,3245,13929,2506.0,4,2507.0,5,2508.0,6,2509.0,5,2510.0,6,2512.0,7,2513.0,23,2514.0,4,2515.0,4,2516.0,2,2511.0
RM503,,13:44:51.250#,2522.0,2528.0,2490.0,2654.0,2352.0,3245,13929,2506.0,4,2507.0,5,2508.0,6,2509.0,5,2510.0,6,2511.0,3,2512.0,1,2513.0,23,2514.0,4,2515.0,4,2511.0
RM503,,13:44:51.500#,2522.0,2528.0,2490.0,2654.0,2352.0,3245,13929,2506.0,4,2507.0,5,2508.0,6,2509.0,5,2510.0,6,2512.0,7,2513.0,23,2514.0,4,2515.0,4,2516.0,2,2511.0
RM503,,13:44:51.750#,2522.0,2528.0,2490.0,2654.0,2352.0,3245,13929,2506.0,4,2507.0,5,2508.0,6,2509.0,5,2510.0,6,2511.0,3,2512.0,1,2513.0,23,2514.0,4,2515.0,4,2511.0
RM503,,13:44:52.0#,2522.0,2528.0,2490.0,2654.0,2352.0,3245,13929,2506.0,4,2507.0,5,2508.0,6,2509.0,5,2510.0,6,2512.0,7,2513.0,23,2514.0,4,2515.0,4,2516.0,2,2511.0
RM503,,13:44:52.250#,2522.0,2528.0,2490.0,2654.0,2352.0,3245,13929,2506.0,4,2507.0,5,2508.0,6,2509.0,5,2510.0,6,2511.0,3,2512.0,1,2513.0,23,2514.0,4,2515.0,4,2511.0
RM503,,13:44:52.500#,2522.0,2528.0,2490.0,2654.0,2352.0,3245,13929,2506.0,4,2507.0,5,2508.0,6,2509.0,5,2510.0,6,2512.0,7,2513.0,23,2514.0,4,2515.0,4,2516.0,2,2511.0
RM503,,13:44:52.750#,2522.0,2528.0,2490.0,2654.0,2352.0,3245,13929,2506.0,4,2507.0,5,2508.0,6,2509.0,5,2510.0,6,2511.0,3,2512.0,1,2513.0,23,2514.0,4,2515.0,4,2511.0
RM503,,13:44:53.0#,2522.0,2528.0,2490.0,2654.0,2352.0,3245,13929,2506.0,4,2507.0,5,2508.0,6,2509.0,5,2510.0,6,2512.0,7,2513.0,23,2514.0,4,2515.0,4,2516.0,2,2511.0
RM503,,13:44:53.250#,2522.0,2528.0,2490.0,2654.0,2352.0,3245,13929,2506.0,4,2507.0,5,2508.0,6,2509.0,5,2510.0,6,2511.0,3,2512.0,1,2513.0,23,2514.0,4,2515.0,4,2511.0
RM503,,13:44:53.500#,2522.0,2528.0,2490.0,2654.0,2352.0,3245,13929,2506.0,4,2507.0,5,2508.0,6,2509.0,5,2510.0,6,2512.0,7,2513.0,23,2514.0,4,2515.0,4,2516.0,2,2511.0
RM503,,13:44:53.750#,2522.0,2528.0,2490.0,2654.0,2352.0,3245,13929,2506.0,4,2507.0,5,2508.0,6,2509.0,5,2510.0,6,2511.0,3,2512.0,1,2513.0,23,2514.0,4,2515.0,4,2511.0
RM503,,13:44:57.250#,2522.0,2528.0,2490.0,2654.0,2352.0,3245,13929,2506.0,4,2507.0,5,2508.0,6,2509.0,5,2510.0,6,2511.0,4,2512.0,1,2513.0,23,2514.0,4,2515.0,4,2511.0
RM503,,13:45:03.0#,2522.0,2528.0,2490.0,2654.0,2352.0,3251,13935,2505.0,6,2506.0,4,2507.0,5,2508.0,6,2509.0,14,2511.0,2,2512.0,1,2513.0,23,2514.0,4,2515.0,4,2510.0
RM503,,13:45:04.500#,2522.0,2528.0,2490.0,2654.0,2352.0,3251,13935,2505.0,6,2506.0,4,2507.0,5,2508.0,6,2509.0,14,2511.0,3,2512.0,1,2513.0,23,2514.0,4,2515.0,4,2510.0
RM503,,13:45:06.250#,2522.0,2528.0,2490.0,2654.0,2352.0,3251,13935,2505.0,6,2506.0,4,2507.0,5,2508.0,6,2509.0,13,2511.0,4,2512.0,1,2513.0,23,2514.0,4,2515.0,4,2510.0
RM503,,13:45:08.500#,2522.0,2528.0,2490.0,2654.0,2352.0,3251,13935,2505.0,6,2506.0,4,2507.0,5,2508.0,6,2509.0,6,2511.0,4,2512.0,1,2513.0,23,2514.0,4,2515.0,4,2510.0
RM503,,13:45:08.750#,2522.0,2528.0,2490.0,2654.0,2352.0,3251,13935,2505.0,6,2506.0,4,2507.0,5,2508.0,6,2509.0,5,2510.0,1,2511.0,1,2512.0,1,2513.0,23,2514.0,4,2510.0
RM503,,13:45:09.0#,2522.0,2528.0,2490.0,2654.0,2352.0,3251,13935,2505.0,6,2506.0,4,2507.0,5,2508.0,6,2509.0,3,2510.0,1,2511.0,1,2512.0,1,2513.0,22,2514.0,4,2510.0
RM503,,13:45:09.250#,2522.0,2528.0,2490.0,2654.0,2352.0,3251,13935,2505.0,6,2506.0,4,2507.0,5,2508.0,6,2509.0,3,2510.0,1,2511.0,2,2512.0,1,2513.0,22,2514.0,4,2510.0
RM503,,13:45:12.250#,2522.0,2528.0,2490.0,2654.0,2352.0,3251,13935,2505.0,6,2506.0,4,2507.0,5,2508.0,6,2509.0,3,2510.0,1,2511.0,2,2512.0,2,2513.0,22,2514.0,4,2510.0
RM503,,13:45:12.500#,2522.0,2528.0,2490.0,2654.0,2352.0,3251,13935,2505.0,6,2506.0,4,2507.0,5,2508.0,6,2509.0,3,2511.0,5,2512.0,2,2513.0,22,2514.0,4,2515.0,16,2510.0
RM503,,13:45:12.750#,2522.0,2528.0,2490.0,2654.0,2352.0,3251,13935,2505.0,6,2506.0,4,2507.0,5,2508.0,6,2509.0,3,2510.0,1,2511.0,2,2512.0,2,2513.0,22,2514.0,4,2510.0
RM503,,13:45:14.0#,2522.0,2528.0,2490.0,2654.0,2352.0,3251,13935,2505.0,6,2506.0,4,2507.0,5,2508.0,5,2509.0,3,2510.0,2,2511.0,2,2512.0,2,2513.0,22,2514.0,4,2510.0
RM503,,13:45:15.0#,2522.0,2528.0,2490.0,2654.0,2352.0,3251,13935,2505.0,6,2506.0,4,2507.0,5,2508.0,5,2509.0,4,2510.0,1,2511.0,2,2512.0,2,2513.0,22,2514.0,4,2510.0
RM503,,13:45:15.250#,2522.0,2528.0,2490.0,2654.0,2352.0,3251,13935,2505.0,6,2506.0,4,2507.0,5,2508.0,5,2509.0,4,2510.0,1,2511.0,1,2512.0,2,2513.0,22,2514.0,4,2510.0
RM503,,13:45:15.500#,2522.0,2528.0,2490.0,2654.0,2352.0,3251,13935,2505.0,6,2506.0,4,2507.0,5,2508.0,5,2509.0,8,2510.0,1,2511.0,1,2512.0,3,2513.0,22,2514.0,4,2510.0
RM503,,13:45:15.750#,2522.0,2528.0,2490.0,2654.0,2352.0,3251,13935,2505.0,6,2506.0,4,2507.0,5,2508.0,5,2509.0,3,2510.0,1,2511.0,1,2512.0,3,2513.0,22,2514.0,4,2510.0
RM503,,13:45:16.0#,2522.0,2528.0,2490.0,2654.0,2352.0,3251,13935,2505.0,6,2506.0,4,2507.0,5,2508.0,5,2509.0,3,2510.0,2,2511.0,1,2512.0,3,2513.0,22,2514.0,4,2510.0
RM503,,13:45:24.500#,2522.0,2528.0,2490.0,2654.0,2352.0,3252,13936,2505.0,6,2506.0,4,2507.0,6,2508.0,4,2509.0,2,2510.0,2,2511.0,1,2512.0,3,2513.0,22,2514.0,4,2509.0
RM503,,13:45:26.250#,2522.0,2528.0,2490.0,2654.0,2352.0,3252,13936,2505.0,6,2506.0,4,2507.0,6,2508.0,4,2509.0,2,2510.0,1,2511.0,1,2512.0,3,2513.0,22,2514.0,4,2509.0
RM503,,13:45:26.500#,2522.0,2528.0,2490.0,2654.0,2352.0,3252,13936,2505.0,6,2506.0,4,2507.0,6,2508.0,4,2509.0,7,2511.0,4,2512.0,3,2513.0,22,2514.0,4,2515.0,16,2509.0
RM503,,13:45:26.750#,2522.0,2528.0,2490.0,2654.0,2352.0,3252,13936,2505.0,6,2506.0,4,2507.0,6,2508.0,4,2509.0,4,2511.0,4,2512.0,3,2513.0,22,2514.0,4,2515.0,16,2509.0
RM503,,13:45:27.750#,2522.0,2528.0,2490.0,2654.0,2352.0,3252,13936,2505.0,6,2506.0,4,2507.0,6,2508.0,4,2509.0,10,2511.0,4,2512.0,3,2513.0,22,2514.0,4,2515.0,16,2509.0
RM503,,13:45:33.500#,2522.0,2528.0,2490.0,2654.0,2352.0,3252,13936,2505.0,6,2506.0,4,2507.0,6,2508.0,4,2509.0,2,2510.0,1,2511.0,1,2512.0,3,2513.0,22,2514.0,4,2509.0
RM503,,13:45:33.750#,2522.0,2528.0,2490.0,2654.0,2352.0,3252,13936,2505.0,6,2506.0,4,2507.0,6,2508.0,4,2509.0,2,2510.0,3,2511.0,1,2512.0,3,2513.0,22,2514.0,4,2509.0
RM503,,13:45:34.0#,2522.0,2528.0,2490.0,2654.0,2352.0,3252,13936,2505.0,6,2506.0,4,2507.0,6,2508.0,4,2509.0,2,2510.0,5,2511.0,1,2512.0,3,2513.0,22,2514.0,4,2509.0
RM503,,13:45:38.500#,2522.0,2528.0,2490.0,2654.0,2352.0,3254,13937,2504.0,13,2505.0,6,2506.0,4,2507.0,6,2508.0,12,2509.0,2,2510.0,2,2511.0,1,2512.0,3,2513.0,22,2509.0
RM503,,13:45:39.750#,2522.0,2528.0,2490.0,2654.0,2352.0,3254,13937,2504.0,13,2505.0,6,2506.0,4,2507.0,6,2508.0,12,2509.0,2,2510.0,2,2511.0,2,2512.0,3,2513.0,22,2509.0
RM503,,13:45:40.0#,2522.0,2528.0,2490.0,2654.0,2352.0,3256,13937,2504.0,13,2505.0,6,2506.0,4,2507.0,6,2508.0,10,2510.0,5,2511.0,2,2512.0,3,2513.0,22,2514.0,4,2509.0
RM503,,13:45:45.0#,2522.0,2528.0,2490.0,2654.0,2352.0,3256,13937,2504.0,13,2505.0,6,2506.0,4,2507.0,6,2508.0,9,2510.0,5,2511.0,2,2512.0,3,2513.0,22,2514.0,4,2509.0
RM503,,13:45:45.250#,2522.0,2528.0,2490.0,2654.0,2352.0,3256,13937,2504.0,13,2505.0,6,2506.0,4,2507.0,7,2508.0,9,2510.0,5,2511.0,2,2512.0,3,2513.0,22,2514.0,4,2509.0
RM503,,13:45:47.750#,2522.0,2528.0,2490.0,2654.0,2352.0,3256,13937,2504.0,13,2505.0,6,2506.0,4,2507.0,7,2508.0,3,2509.0,1,2510.0,2,2511.0,2,2512.0,3,2513.0,22,2509.0
RM503,,13:45:48.250#,2522.0,2528.0,2490.0,2654.0,2352.0,3256,13937,2504.0,13,2505.0,6,2506.0,8,2507.0,3,2508.0,1,2509.0,1,2510.0,3,2511.0,2,2512.0,2,2513.0,22,2509.0
RM503,,13:45:49.250#,2522.0,2528.0,2490.0,2654.0,2352.0,3256,13937,2504.0,13,2505.0,6,2506.0,8,2507.0,3,2508.0,2,2509.0,1,2510.0,3,2511.0,2,2512.0,2,2513.0,22,2509.0
RM503,,13:45:52.250#,2522.0,2528.0,2490.0,2654.0,2352.0,3256,13937,2504.0,13,2505.0,6,2506.0,8,2507.0,3,2508.0,2,2509.0,2,2510.0,3,2511.0,2,2512.0,2,2513.0,22,2509.0
RM503,,13:45:57.0#,2522.0,2528.0,2490.0,2654.0,2352.0,3256,13937,2504.0,13,2505.0,6,2506.0,8,2507.0,3,2508.0,2,2509.0,3,2510.0,3,2511.0,2,2512.0,2,2513.0,22,2509.0
RM503,,13:45:57.250#,2522.0,2528.0,2490.0,2654.0,2352.0,3256,13937,2504.0,13,2505.0,6,2506.0,7,2507.0,3,2508.0,2,2509.0,5,2510.0,3,2511.0,2,2512.0,2,2513.0,22,2509.0
RM503,,13:46:04.0#,2522.0,2528.0,2490.0,2654.0,2352.0,3258,13939,2503.0,1,2504.0,13,2505.0,6,2506.0,7,2507.0,4,2509.0,5,2510.0,4,2511.0,2,2512.0,2,2513.0,22,2508.0
RM503,,13:46:04.250#,2522.0,2528.0,2490.0,2654.0,2352.0,3258,13939,2503.0,1,2504.0,2,2505.0,6,2506.0,7,2507.0,3,2508.0,1,2509.0,2,2510.0,4,2511.0,2,2512.0,2,2508.0
RM503,,13:46:04.500#,2522.0,2528.0,2490.0,2654.0,2352.0,3258,13939,2503.0,1,2504.0,2,2505.0,6,2506.0,7,2507.0,3,2508.0,1,2509.0,2,2510.0,4,2511.0,3,2512.0,2,2508.0
RM503,,13:46:04.750#,2522.0,2528.0,2490.0,2654.0,2352.0,3259,13940,2503.0,1,2504.0,2,2505.0,9,2506.0,4,2507.0,2,2508.0,4,2509.0,3,2510.0,4,2511.0,3,2512.0,2,2507.0
RM503,,13:46:05.0#,2522.0,2528.0,2490.0,2654.0,2352.0,3259,13940,2503.0,1,2504.0,2,2505.0,9,2506.0,4,2507.0,2,2508.0,8,2509.0,3,2510.0,4,2511.0,3,2512.0,2,2507.0
RM503,,13:46:05.250#,2522.0,2528.0,2490.0,2654.0,2352.0,3259,13940,2503.0,1,2504.0,2,2505.0,9,2506.0,4,2507.0,1,2509.0,13,2510.0,4,2511.0,3,2512.0,2,2513.0,22,2507.0
RM503,,13:46:05.750#,2522.0,2528.0,2490.0,2654.0,2352.0,3259,13940,2503.0,1,2504.0,2,2505.0,9,2506.0,4,2507.0,1,2508.0,1,2509.0,2,2510.0,5,2511.0,3,2512.0,2,2507.0
RM503,,13:46:06.0#,2522.0,2528.0,2490.0,2654.0,2352.0,3259,13940,2503.0,1,2504.0,2,2505.0,9,2506.0,4,2507.0,1,2509.0,12,2510.0,5,2511.0,3,2512.0,2,2513.0,22,2507.0
RM503,,13:46:06.250#,2522.0,2528.0,2490.0,2654.0,2352.0,3259,13940,2503.0,1,2504.0,2,2505.0,9,2506.0,4,2507.0,7,2509.0,12,2510.0,5,2511.0,3,2512.0,2,2513.0,22,2507.0
RM503,,13:46:07.250#,2522.0,2528.0,2490.0,2654.0,2352.0,3259,13940,2503.0,1,2504.0,2,2505.0,9,2506.0,4,2507.0,1,2509.0,12,2510.0,5,2511.0,3,2512.0,2,2513.0,22,2507.0
RM503,,13:46:07.500#,2522.0,2528.0,2490.0,2654.0,2352.0,3259,13940,2503.0,1,2504.0,2,2505.0,9,2506.0,4,2507.0,1,2508.0,2,2509.0,2,2510.0,5,2511.0,3,2512.0,2,2507.0
RM503,,13:46:07.750#,2522.0,2528.0,2490.0,2654.0,2352.0,3259,13940,2503.0,1,2504.0,2,2505.0,9,2506.0,4,2507.0,1,2509.0,14,2510.0,4,2511.0,3,2512.0,2,2513.0,22,2507.0
RM503,,13:46:08.250#,2522.0,2528.0,2490.0,2654.0,2352.0,3259,13940,2503.0,1,2504.0,2,2505.0,9,2506.0,4,2507.0,1,2509.0,12,2510.0,6,2511.0,3,2512.0,2,2513.0,22,2507.0
RM503,,13:46:08.750#,2522.0,2528.0,2490.0,2654.0,2352.0,3259,13940,2503.0,1,2504.0,2,2505.0,9,2506.0,4,2507.0,7,2509.0,12,2510.0,6,2511.0,3,2512.0,2,2513.0,22,2507.0
RM503,,13:46:09.0#,2522.0,2528.0,2490.0,2654.0,2352.0,3259,13940,2503.0,1,2504.0,2,2505.0,9,2506.0,4,2507.0,4,2509.0,12,2510.0,6,2511.0,3,2512.0,2,2513.0,22,2507.0
RM503,,13:46:09.250#,2522.0,2528.0,2490.0,2654.0,2352.0,3259,13940,2503.0,1,2504.0,2,2505.0,9,2506.0,4,2507.0,7,2509.0,12,2510.0,6,2511.0,3,2512.0,2,2513.0,22,2507.0
RM503,,13:46:09.750#,2522.0,2528.0,2490.0,2654.0,2352.0,3259,13940,2503.0,1,2504.0,2,2505.0,9,2506.0,4,2507.0,3,2509.0,12,2510.0,6,2511.0,3,2512.0,2,2513.0,22,2507.0
RM503,,13:46:10.0#,2522.0,2528.0,2490.0,2654.0,2352.0,3259,13940,2503.0,1,2504.0,2,2505.0,9,2506.0,4,2507.0,7,2509.0,12,2510.0,6,2511.0,3,2512.0,2,2513.0,22,2507.0
RM503,,13:46:10.250#,2522.0,2528.0,2490.0,2654.0,2352.0,3259,13940,2503.0,2,2504.0,2,2505.0,9,2506.0,4,2507.0,1,2509.0,12,2510.0,6,2511.0,3,2512.0,2,2513.0,22,2507.0
RM503,,13:46:11.0#,2522.0,2528.0,2490.0,2654.0,2352.0,3259,13940,2503.0,2,2504.0,2,2505.0,9,2506.0,4,2507.0,1,2508.0,2,2509.0,2,2510.0,6,2511.0,3,2512.0,2,2507.0
RM503,,13:46:11.250#,2522.0,2528.0,2490.0,2654.0,2352.0,3259,13940,2503.0,2,2504.0,2,2505.0,9,2506.0,4,2507.0,1,2509.0,13,2510.0,5,2511.0,3,2512.0,2,2513.0,22,2507.0
RM503,,13:46:11.750#,2522.0,2528.0,2490.0,2654.0,2352.0,3259,13940,2503.0,2,2504.0,2,2505.0,9,2506.0,4,2507.0,1,2509.0,12,2510.0,6,2511.0,3,2512.0,2,2513.0,22,2507.0
RM503,,13:46:12.500#,2522.0,2528.0,2490.0,2654.0,2352.0,3259,13940,2503.0,2,2504.0,2,2505.0,9,2506.0,4,2507.0,7,2508.0,1,2509.0,2,2510.0,6,2511.0,3,2512.0,2,2507.0
RM503,,13:46:13.0#,2522.0,2528.0,2490.0,2654.0,2352.0,3259,13940,2503.0,2,2504.0,2,2505.0,9,2506.0,4,2507.0,7,2509.0,12,2510.0,6,2511.0,3,2512.0,2,2513.0,22,2507.0
RM503,,13:46:13.250#,2522.0,2528.0,2490.0,2654.0,2352.0,3259,13940,2503.0,2,2504.0,2,2505.0,9,2506.0,4,2507.0,7,2508.0,1,2509.0,2,2510.0,6,2511.0,3,2512.0,2,2507.0
RM503,,13:46:14.0#,2522.0,2528.0,2490.0,2654.0,2352.0,3259,13940,2503.0,2,2504.0,2,2505.0,9,2506.0,4,2507.0,7,2509.0,12,2510.0,6,2511.0,3,2512.0,2,2513.0,22,2507.0
RM503,,13:46:21.250#,2522.0,2528.0,2490.0,2654.0,2352.0,3259,13940,2503.0,2,2504.0,2,2505.0,9,2506.0,4,2507.0,8,2509.0,12,2510.0,6,2511.0,3,2512.0,2,2513.0,22,2507.0
RM503,,13:46:31.250#,2522.0,2528.0,2490.0,2654.0,2352.0,3259,13940,2503.0,2,2504.0,2,2505.0,9,2506.0,4,2507.0,10,2509.0,12,2510.0,6,2511.0,3,2512.0,2,2513.0,22,2507.0
RM503,,13:46:33.0#,2522.0,2528.0,2490.0,2654.0,2352.0,3259,13940,2503.0,2,2504.0,2,2505.0,10,2506.0,4,2507.0,10,2509.0,12,2510.0,6,2511.0,3,2512.0,2,2513.0,22,2507.0
RM503,,13:46:38.0#,2522.0,2528.0,2490.0,2654.0,2352.0,3259,13940,2503.0,2,2504.0,2,2505.0,10,2506.0,4,2507.0,4,2508.0,1,2509.0,2,2510.0,6,2511.0,3,2512.0,2,2507.0
RM503,,13:46:38.250#,2522.0,2528.0,2490.0,2654.0,2352.0,3259,13940,2503.0,2,2504.0,2,2505.0,10,2506.0,4,2507.0,2,2508.0,10,2509.0,2,2510.0,6,2511.0,3,2512.0,2,2507.0
RM503,,13:46:38.500#,2522.0,2528.0,2490.0,2654.0,2352.0,3259,13940,2503.0,2,2504.0,2,2505.0,10,2506.0,3,2507.0,2,2508.0,10,2509.0,2,2510.0,6,2511.0,3,2512.0,2,2507.0
RM503,,13:46:38.750#,2522.0,2528.0,2490.0,2654.0,2352.0,3262,13943,2503.0,2,2504.0,2,2505.0,11,2506.0,3,2507.0,2,2508.0,7,2509.0,2,2510.0,6,2511.0,3,2512.0,2,2508.0
RM503,,13:46:40.250#,2522.0,2528.0,2490.0,2654.0,2352.0,3263,13944,2503.0,2,2504.0,2,2505.0,11,2506.0,3,2507.0,1,2508.0,6,2509.0,2,2510.0,6,2511.0,3,2512.0,2,2507.0
RM503,,13:46:42.0#,2522.0,2528.0,2490.0,2654.0,2352.0,3264,13945,2502.0,14,2503.0,2,2504.0,2,2505.0,11,2506.0,10,2508.0,5,2509.0,2,2510.0,6,2511.0,3,2512.0,2,2507.0
RM503,,13:46:42.250#,2522.0,2528.0,2490.0,2654.0,2352.0,3264,13945,2502.0,14,2503.0,2,2504.0,2,2505.0,11,2506.0,9,2508.0,5,2509.0,2,2510.0,6,2511.0,3,2512.0,2,2507.0
RM503,,13:46:47.250#,2522.0,2528.0,2490.0,2654.0,2352.0,3264,13945,2502.0,14,2503.0,2,2504.0,2,2505.0,11,2506.0,10,2508.0,4,2509.0,2,2510.0,6,2511.0,3,2512.0,2,2507.0
RM503,,13:46:47.750#,2522.0,2528.0,2490.0,2654.0,2352.0,3264,13945,2502.0,14,2503.0,2,2504.0,2,2505.0,11,2506.0,9,2508.0,5,2509.0,2,2510.0,6,2511.0,3,2512.0,2,2507.0
RM503,,13:46:48.750#,2522.0,2528.0,2490.0,2654.0,2352.0,3264,13945,2502.0,14,2503.0,2,2504.0,2,2505.0,11,2506.0,9,2508.0,5,2509.0,3,2510.0,6,2511.0,3,2512.0,2,2507.0
RM503,,13:46:52.500#,2522.0,2528.0,2490.0,2654.0,2352.0,3264,13945,2502.0,14,2503.0,2,2504.0,2,2505.0,10,2506.0,9,2508.0,5,2509.0,3,2510.0,6,2511.0,3,2512.0,2,2507.0
RM503,,13:46:52.750#,2522.0,2528.0,2490.0,2654.0,2352.0,3264,13945,2502.0,14,2503.0,2,2504.0,2,2505.0,10,2506.0,5,2508.0,7,2509.0,3,2510.0,6,2511.0,3,2512.0,2,2507.0
RM503,,13:46:53.0#,2522.0,2528.0,2490.0,2654.0,2352.0,3264,13945,2502.0,14,2503.0,2,2504.0,2,2505.0,10,2506.0,9,2508.0,7,2509.0,3,2510.0,6,2511.0,3,2512.0,2,2507.0
RM503,,13:46:53.500#,2522.0,2528.0,2490.0,2654.0,2352.0,3264,13945,2502.0,14,2503.0,2,2504.0,2,2505.0,10,2506.0,5,2508.0,7,2509.0,3,2510.0,6,2511.0,3,2512.0,2,2507.0
RM503,,13:46:53.750#,2522.0,2528.0,2490.0,2654.0,2352.0,3264,13945,2502.0,14,2503.0,2,2504.0,2,2505.0,10,2506.0,6,2508.0,7,2509.0,3,2510.0,6,2511.0,3,2512.0,2,2507.0
RM503,,13:46:54.0#,2522.0,2528.0,2490.0,2654.0,2352.0,3264,13945,2502.0,14,2503.0,2,2504.0,2,2505.0,10,2506.0,3,2508.0,7,2509.0,3,2510.0,6,2511.0,3,2512.0,2,2507.0
RM503,,13:46:54.250#,2522.0,2528.0,2490.0,2654.0,2352.0,3264,13945,2502.0,14,2503.0,2,2504.0,2,2505.0,10,2506.0,3,2507.0,3,2508.0,2,2509.0,3,2510.0,6,2511.0,3,2507.0
RM503,,13:46:54.500#,2522.0,2528.0,2490.0,2654.0,2352.0,3264,13945,2502.0,14,2503.0,2,2504.0,2,2505.0,9,2506.0,3,2507.0,4,2508.0,2,2509.0,3,2510.0,5,2511.0,3,2507.0
RM503,,13:46:54.750#,2522.0,2528.0,2490.0,2654.0,2352.0,3264,13945,2501.0,2,2502.0,14,2503.0,2,2504.0,6,2505.0,14,2507.0,4,2508.0,3,2509.0,3,2510.0,5,2511.0,3,2507.0
RM503,,13:46:55.0#,2522.0,2528.0,2490.0,2654.0,2352.0,3264,13945,2501.0,2,2502.0,2,2503.0,2,2504.0,6,2505.0,15,2507.0,3,2508.0,3,2509.0,3,2510.0,5,2511.0,3,2507.0
RM503,,13:46:55.250#,2522.0,2528.0,2490.0,2654.0,2352.0,3264,13945,2502.0,2,2503.0,2,2504.0,5,2505.0,6,2506.0,6,2508.0,8,2509.0,3,2510.0,5,2511.0,3,2512.0,14,2507.0
RM503,,13:46:55.500#,2522.0,2528.0,2490.0,2654.0,2352.0,3264,13945,2502.0,2,2503.0,2,2504.0,5,2505.0,6,2506.0,9,2508.0,6,2509.0,3,2510.0,5,2511.0,3,2512.0,14,2507.0
RM503,,13:46:55.750#,2522.0,2528.0,2490.0,2654.0,2352.0,3264,13945,2502.0,2,2503.0,2,2504.0,5,2505.0,6,2506.0,9,2508.0,6,2509.0,4,2510.0,5,2511.0,3,2512.0,14,2507.0
RM503,,13:46:57.500#,2522.0,2528.0,2490.0,2654.0,2352.0,3264,13945,2502.0,2,2503.0,2,2504.0,5,2505.0,6,2506.0,2,2507.0,4,2508.0,2,2509.0,4,2510.0,5,2511.0,3,2507.0
RM503,,13:46:57.750#,2522.0,2528.0,2490.0,2654.0,2352.0,3264,13945,2501.0,2,2502.0,2,2503.0,2,2504.0,5,2505.0,14,2507.0,6,2508.0,2,2509.0,4,2510.0,5,2511.0,3,2507.0
RM503,,13:46:58.500#,2522.0,2528.0,2490.0,2654.0,2352.0,3264,13945,2501.0,2,2502.0,2,2503.0,2,2504.0,5,2505.0,14,2507.0,4,2508.0,2,2509.0,4,2510.0,5,2511.0,3,2507.0
RM503,,13:46:58.750#,2522.0,2528.0,2490.0,2654.0,2352.0,3264,13945,2501.0,2,2502.0,2,2503.0,2,2504.0,5,2505.0,13,2507.0,5,2508.0,2,2509.0,4,2510.0,5,2511.0,3,2507.0
RM503,,13:46:59.250#,2522.0,2528.0,2490.0,2654.0,2352.0,3264,13945,2501.0,2,2502.0,2,2503.0,2,2504.0,5,2505.0,13,2507.0,4,2508.0,2,2509.0,4,2510.0,5,2511.0,3,2507.0
RM503,,13:47:00.750#,2522.0,2528.0,2490.0,2654.0,2352.0,3264,13945,2501.0,2,2502.0,2,2503.0,2,2504.0,5,2505.0,13,2507.0,5,2508.0,2,2509.0,4,2510.0,5,2511.0,3,2507.0
RM503,,13:47:01.250#,2522.0,2528.0,2490.0,2654.0,2352.0,3264,13945,2501.0,2,2502.0,2,2503.0,2,2504.0,4,2505.0,13,2507.0,5,2508.0,2,2509.0,4,2510.0,5,2511.0,3,2507.0
RM503,,13:47:01.750#,2522.0,2528.0,2490.0,2654.0,2352.0,3264,13945,2501.0,2,2502.0,3,2503.0,2,2504.0,4,2505.0,13,2507.0,5,2508.0,2,2509.0,4,2510.0,5,2511.0,3,2507.0
RM503,,13:47:03.500#,2522.0,2528.0,2490.0,2654.0,2352.0,3264,13945,2501.0,2,2502.0,3,2503.0,2,2504.0,4,2505.0,14,2507.0,4,2508.0,2,2509.0,4,2510.0,5,2511.0,3,2507.0
RM503,,13:47:04.750#,2522.0,2528.0,2490.0,2654.0,2352.0,3264,13945,2501.0,2,2502.0,3,2503.0,2,2504.0,4,2505.0,13,2507.0,4,2508.0,2,2509.0,4,2510.0,5,2511.0,3,2507.0
RM503,,13:47:05.0#,2522.0,2528.0,2490.0,2654.0,2352.0,3264,13945,2501.0,2,2502.0,3,2503.0,2,2504.0,4,2505.0,13,2507.0,5,2508.0,2,2509.0,4,2510.0,5,2511.0,3,2507.0
RM503,,13:47:05.750#,2522.0,2528.0,2490.0,2654.0,2352.0,3264,13945,2501.0,2,2502.0,3,2503.0,2,2504.0,4,2505.0,13,2507.0,4,2508.0,2,2509.0,4,2510.0,5,2511.0,3,2507.0
RM503,,13:47:06.0#,2522.0,2528.0,2490.0,2654.0,2352.0,3264,13945,2501.0,2,2502.0,3,2503.0,2,2504.0,4,2505.0,13,2507.0,5,2508.0,2,2509.0,4,2510.0,5,2511.0,3,2507.0
RM503,,13:47:07.500#,2522.0,2528.0,2490.0,2654.0,2352.0,3264,13945,2501.0,2,2502.0,3,2503.0,2,2504.0,4,2505.0,13,2507.0,4,2508.0,2,2509.0,4,2510.0,5,2511.0,3,2507.0
RM503,,13:47:08.0#,2522.0,2528.0,2490.0,2654.0,2352.0,3264,13945,2501.0,2,2502.0,3,2503.0,2,2504.0,4,2505.0,13,2507.0,5,2508.0,2,2509.0,4,2510.0,5,2511.0,3,2507.0
RM503,,13:47:08.250#,2522.0,2528.0,2490.0,2654.0,2352.0,3264,13945,2501.0,2,2502.0,3,2503.0,2,2504.0,4,2505.0,13,2507.0,7,2508.0,2,2509.0,4,2510.0,5,2511.0,3,2507.0
RM503,,13:47:11.500#,2522.0,2528.0,2490.0,2654.0,2352.0,3264,13945,2501.0,2,2502.0,3,2503.0,2,2504.0,4,2505.0,13,2507.0,8,2508.0,2,2509.0,4,2510.0,5,2511.0,3,2507.0
RM503,,13:47:12.250#,2522.0,2528.0,2490.0,2654.0,2352.0,3264,13945,2501.0,2,2502.0,3,2503.0,2,2504.0,4,2505.0,14,2507.0,7,2508.0,2,2509.0,4,2510.0,5,2511.0,3,2507.0
RM503,,13:47:15.500#,2522.0,2528.0,2490.0,2654.0,2352.0,3264,13945,2501.0,2,2502.0,3,2503.0,2,2504.0,4,2505.0,13,2507.0,7,2508.0,2,2509.0,4,2510.0,5,2511.0,3,2507.0
RM503,,13:47:15.750#,2522.0,2528.0,2490.0,2654.0,2352.0,3264,13945,2501.0,2,2502.0,3,2503.0,2,2504.0,4,2505.0,13,2507.0,8,2508.0,2,2509.0,4,2510.0,5,2511.0,3,2507.0
RM503,,13:47:16.250#,2522.0,2528.0,2490.0,2654.0,2352.0,3264,13945,2501.0,2,2502.0,3,2503.0,2,2504.0,4,2505.0,13,2507.0,7,2508.0,2,2509.0,4,2510.0,5,2511.0,3,2507.0
RM503,,13:47:20.0#,2522.0,2528.0,2490.0,2654.0,2352.0,3264,13945,2501.0,2,2502.0,3,2503.0,2,2504.0,4,2505.0,15,2507.0,1,2508.0,2,2509.0,4,2510.0,5,2511.0,3,2507.0
RM503,,13:47:20.250#,2522.0,2528.0,2490.0,2654.0,2352.0,3264,13945,2502.0,3,2503.0,2,2504.0,1,2505.0,9,2506.0,9,2507.0,1,2508.0,2,2509.0,4,2510.0,5,2511.0,3,2507.0
RM503,,13:47:20.750#,2522.0,2528.0,2490.0,2654.0,2352.0,3265,13944,2502.0,3,2503.0,2,2504.0,1,2505.0,9,2506.0,10,2508.0,4,2509.0,4,2510.0,5,2511.0,3,2512.0,14,2507.0
RM503,,13:47:22.0#,2522.0,2528.0,2490.0,2654.0,2352.0,3265,13944,2502.0,3,2503.0,2,2504.0,1,2505.0,9,2506.0,9,2508.0,4,2509.0,4,2510.0,5,2511.0,3,2512.0,14,2507.0
RM503,,13:47:22.750#,2522.0,2528.0,2490.0,2654.0,2352.0,3265,13944,2502.0,3,2503.0,2,2504.0,1,2505.0,9,2506.0,10,2508.0,4,2509.0,4,2510.0,5,2511.0,3,2512.0,14,2507.0
RM503,,13:47:24.750#,2522.0,2528.0,2490.0,2654.0,2352.0,3265,13944,2503.0,2,2504.0,1,2505.0,9,2506.0,3,2507.0,6,2509.0,9,2510.0,5,2511.0,3,2512.0,14,2513.0,22,2507.0
RM503,,13:47:25.0#,2522.0,2528.0,2490.0,2654.0,2352.0,3265,13944,2502.0,3,2503.0,2,2505.0,9,2506.0,3,2507.0,6,2509.0,8,2510.0,5,2511.0,3,2512.0,2,2513.0,22,2507.0
RM503,,13:47:25.250#,2522.0,2528.0,2490.0,2654.0,2352.0,3265,13944,2502.0,3,2503.0,2,2505.0,9,2506.0,4,2507.0,6,2509.0,8,2510.0,6,2511.0,3,2512.0,3,2513.0,22,2507.0
RM503,,13:47:26.250#,2522.0,2528.0,2490.0,2654.0,2352.0,3265,13944,2502.0,3,2503.0,2,2505.0,9,2506.0,4,2507.0,7,2509.0,7,2510.0,6,2511.0,3,2512.0,3,2513.0,22,2507.0
RM503,,13:47:27.250#,2522.0,2528.0,2490.0,2654.0,2352.0,3265,13944,2502.0,3,2503.0,2,2505.0,9,2506.0,4,2507.0,8,2509.0,6,2510.0,6,2511.0,3,2512.0,3,2513.0,22,2507.0
RM503,,13:47:28.0#,2522.0,2528.0,2490.0,2654.0,2352.0,3265,13944,2502.0,3,2503.0,2,2505.0,9,2506.0,4,2507.0,10,2509.0,6,2510.0,6,2511.0,3,2512.0,3,2513.0,22,2507.0
RM503,,13:47:31.0#,2522.0,2528.0,2490.0,2654.0,2352.0,3265,13944,2503.0,2,2505.0,9,2506.0,4,2507.0,2,2508.0,6,2509.0,3,2510.0,6,2511.0,3,2512.0,3,2513.0,22,2507.0
RM503,,13:47:31.250#,2522.0,2528.0,2490.0,2654.0,2352.0,3265,13944,2503.0,2,2505.0,9,2506.0,4,2507.0,2,2508.0,6,2509.0,1,2510.0,3,2511.0,5,2512.0,3,2513.0,22,2507.0
RM503,,13:47:31.500#,2522.0,2528.0,2490.0,2654.0,2352.0,3265,13944,2503.0,14,2505.0,10,2506.0,4,2507.0,2,2508.0,6,2509.0,1,2510.0,3,2511.0,6,2512.0,3,2513.0,22,2507.0
RM503,,13:47:32.500#,2522.0,2528.0,2490.0,2654.0,2352.0,3265,13944,2502.0,3,2503.0,14,2505.0,10,2506.0,4,2507.0,11,2509.0,1,2510.0,3,2511.0,6,2512.0,3,2513.0,22,2507.0
RM503,,13:47:33.0#,2522.0,2528.0,2490.0,2654.0,2352.0,3265,13944,2502.0,3,2503.0,14,2505.0,10,2506.0,4,2507.0,11,2509.0,2,2510.0,3,2511.0,6,2512.0,3,2513.0,22,2507.0
RM503,,13:47:33.250#,2522.0,2528.0,2490.0,2654.0,2352.0,3265,13944,2502.0,3,2503.0,14,2505.0,10,2506.0,4,2507.0,11,2509.0,1,2510.0,3,2511.0,6,2512.0,3,2513.0,22,2507.0
RM503,,13:47:33.500#,2522.0,2528.0,2490.0,2654.0,2352.0,3265,13944,2503.0,14,2505.0,10,2506.0,4,2507.0,2,2508.0,3,2509.0,1,2510.0,3,2511.0,6,2512.0,3,2513.0,22,2507.0
RM503,,13:47:33.750#,2522.0,2528.0,2490.0,2654.0,2352.0,3265,13944,2503.0,14,2505.0,10,2506.0,4,2507.0,2,2508.0,4,2509.0,1,2510.0,3,2511.0,6,2512.0,3,2513.0,22,2507.0
RM503,,13:47:34.0#,2522.0,2528.0,2490.0,2654.0,2352.0,3265,13944,2503.0,14,2505.0,10,2506.0,4,2507.0,2,2508.0,4,2509.0,1,2510.0,3,2511.0,6,2512.0,3,2513.0,2,2507.0
RM503,,13:47:34.250#,2522.0,2528.0,2490.0,2654.0,2352.0,3265,13944,2503.0,14,2505.0,10,2506.0,4,2507.0,2,2508.0,3,2509.0,1,2510.0,3,2511.0,6,2512.0,3,2513.0,2,2507.0
RM503,,13:47:35.250#,2522.0,2528.0,2490.0,2654.0,2352.0,3265,13944,2503.0,14,2505.0,10,2506.0,4,2507.0,2,2508.0,5,2509.0,1,2510.0,3,2511.0,6,2512.0,3,2513.0,2,2507.0
RM503,,13:47:35.500#,2522.0,2528.0,2490.0,2654.0,2352.0,3265,13944,2503.0,14,2505.0,10,2506.0,4,2507.0,2,2508.0,6,2509.0,1,2510.0,3,2511.0,6,2512.0,3,2513.0,2,2507.0
RM503,,13:47:39.500#,2522.0,2528.0,2490.0,2654.0,2352.0,3266,13943,2503.0,14,2505.0,10,2506.0,4,2507.0,2,2508.0,5,2510.0,8,2511.0,6,2512.0,3,2513.0,2,2514.0,40,2509.0
RM503,,13:47:46.0#,2522.0,2528.0,2490.0,2654.0,2352.0,3266,13943,2503.0,14,2505.0,10,2506.0,4,2507.0,2,2508.0,5,2510.0,28,2511.0,6,2512.0,3,2513.0,2,2514.0,40,2509.0
RM503,,13:47:49.0#,2522.0,2528.0,2490.0,2654.0,2352.0,3266,13943,2503.0,14,2505.0,10,2506.0,4,2507.0,3,2508.0,5,2510.0,28,2511.0,6,2512.0,3,2513.0,2,2514.0,40,2509.0
RM503,,13:47:50.0#,2522.0,2528.0,2490.0,2654.0,2352.0,3266,13943,2503.0,14,2505.0,10,2506.0,4,2507.0,3,2508.0,5,2510.0,28,2511.0,5,2512.0,3,2513.0,2,2514.0,40,2509.0
RM503,,13:47:58.250#,2522.0,2528.0,2490.0,2654.0,2352.0,3266,13943,2503.0,14,2505.0,10,2506.0,4,2507.0,4,2508.0,5,2510.0,28,2511.0,5,2512.0,3,2513.0,2,2514.0,40,2509.0
RM503,,13:47:58.750#,2522.0,2528.0,2490.0,2654.0,2352.0,3266,13943,2503.0,14,2505.0,10,2506.0,4,2507.0,4,2508.0,6,2510.0,27,2511.0,5,2512.0,3,2513.0,2,2514.0,40,2509.0
RM503,,13:47:59.0#,2522.0,2528.0,2490.0,2654.0,2352.0,3266,13943,2503.0,14,2505.0,10,2506.0,4,2507.0,4,2508.0,5,2510.0,27,2511.0,5,2512.0,3,2513.0,2,2514.0,40,2509.0
RM503,,13:48:02.500#,2522.0,2528.0,2490.0,2654.0,2352.0,3266,13943,2503.0,14,2505.0,10,2506.0,5,2507.0,4,2508.0,5,2510.0,27,2511.0,5,2512.0,3,2513.0,2,2514.0,40,2509.0
RM503,,13:48:15.0#,2522.0,2528.0,2490.0,2654.0,2352.0,3266,13943,2503.0,14,2505.0,10,2506.0,5,2507.0,4,2508.0,6,2510.0,27,2511.0,5,2512.0,3,2513.0,2,2514.0,40,2509.0
RM503,,13:48:15.750#,2522.0,2528.0,2490.0,2654.0,2352.0,3266,13943,2503.0,14,2505.0,10,2506.0,5,2507.0,4,2508.0,5,2510.0,28,2511.0,5,2512.0,3,2513.0,2,2514.0,40,2509.0
RM503,,13:48:16.250#,2522.0,2528.0,2490.0,2654.0,2352.0,3266,13943,2503.0,14,2505.0,10,2506.0,5,2507.0,4,2508.0,5,2510.0,27,2511.0,5,2512.0,3,2513.0,2,2514.0,40,2509.0
RM503,,13:48:20.250#,2522.0,2528.0,2490.0,2654.0,2352.0,3266,13943,2503.0,14,2505.0,10,2506.0,5,2507.0,4,2508.0,5,2510.0,28,2511.0,5,2512.0,3,2513.0,2,2514.0,40,2509.0
RM503,,13:48:24.250#,2522.0,2528.0,2490.0,2654.0,2352.0,3266,13943,2503.0,14,2505.0,10,2506.0,5,2507.0,4,2508.0,6,2510.0,27,2511.0,5,2512.0,3,2513.0,2,2514.0,40,2509.0
RM503,,13:48:24.500#,2522.0,2528.0,2490.0,2654.0,2352.0,3266,13943,2503.0,14,2505.0,10,2506.0,5,2507.0,4,2508.0,5,2510.0,27,2511.0,5,2512.0,3,2513.0,2,2514.0,40,2509.0
RM503,,13:48:26.0#,2522.0,2528.0,2490.0,2654.0,2352.0,3266,13943,2503.0,14,2505.0,10,2506.0,5,2507.0,4,2508.0,5,2510.0,28,2511.0,5,2512.0,3,2513.0,2,2514.0,40,2509.0
RM503,,13:48:27.250#,2522.0,2528.0,2490.0,2654.0,2352.0,3266,13943,2503.0,14,2505.0,10,2506.0,5,2507.0,4,2508.0,6,2510.0,27,2511.0,5,2512.0,3,2513.0,2,2514.0,40,2509.0
RM503,,13:48:29.750#,2522.0,2528.0,2490.0,2654.0,2352.0,3266,13943,2503.0,14,2505.0,10,2506.0,5,2507.0,4,2508.0,5,2510.0,28,2511.0,5,2512.0,3,2513.0,2,2514.0,40,2509.0
RM503,,13:48:30.250#,2522.0,2528.0,2490.0,2654.0,2352.0,3266,13943,2503.0,14,2505.0,10,2506.0,5,2507.0,4,2508.0,5,2510.0,28,2511.0,5,2512.0,2,2513.0,3,2514.0,40,2509.0
RM503,,13:48:30.500#,2522.0,2528.0,2490.0,2654.0,2352.0,3266,13943,2503.0,14,2505.0,10,2506.0,5,2507.0,4,2508.0,1,2510.0,28,2511.0,5,2512.0,2,2513.0,3,2514.0,40,2509.0
RM503,,13:48:30.750#,2522.0,2528.0,2490.0,2654.0,2352.0,3266,13943,2503.0,14,2505.0,10,2506.0,5,2507.0,4,2508.0,5,2510.0,28,2511.0,5,2512.0,2,2513.0,3,2514.0,40,2509.0
RM503,,13:48:32.750#,2522.0,2528.0,2490.0,2654.0,2352.0,3266,13943,2503.0,14,2505.0,10,2506.0,5,2507.0,4,2508.0,5,2510.0,27,2511.0,5,2512.0,2,2513.0,3,2514.0,40,2509.0
RM503,,13:48:45.0#,2522.0,2528.0,2490.0,2654.0,2352.0,3266,13943,2503.0,14,2505.0,10,2506.0,5,2507.0,4,2508.0,5,2510.0,27,2511.0,5,2512.0,2,2513.0,3,2514.0,40,2509.0
RM503,,13:48:45.250#,2522.0,2528.0,2490.0,2654.0,2352.0,3266,13943,2503.0,14,2505.0,10,2506.0,5,2507.0,4,2508.0,6,2510.0,27,2511.0,5,2512.0,2,2513.0,3,2514.0,40,2509.0
RM503,,13:48:58.250#,2522.0,2528.0,2490.0,2654.0,2352.0,3266,13943,2503.0,14,2505.0,10,2506.0,5,2507.0,4,2508.0,5,2510.0,27,2511.0,5,2512.0,2,2513.0,3,2514.0,40,2509.0
RM503,,13:48:59.500#,2522.0,2528.0,2490.0,2654.0,2352.0,3266,13943,2503.0,14,2505.0,10,2506.0,5,2507.0,4,2508.0,5,2510.0,28,2511.0,5,2512.0,2,2513.0,3,2514.0,40,2509.0
RM503,,13:49:01.750#,2522.0,2528.0,2490.0,2654.0,2352.0,3266,13943,2503.0,14,2505.0,10,2506.0,5,2507.0,4,2508.0,6,2510.0,27,2511.0,5,2512.0,2,2513.0,3,2514.0,40,2509.0
RM503,,13:49:02.500#,2522.0,2528.0,2490.0,2654.0,2352.0,3267,13943,2503.0,14,2505.0,10,2506.0,5,2507.0,4,2508.0,6,2510.0,26,2511.0,5,2512.0,2,2513.0,3,2514.0,40,2510.0
RM503,,13:49:02.750#,2522.0,2528.0,2490.0,2654.0,2352.0,3268,13944,2503.0,14,2505.0,10,2506.0,5,2507.0,4,2508.0,6,2510.0,25,2511.0,5,2512.0,2,2513.0,3,2514.0,40,2510.0
RM503,,13:49:03.750#,2522.0,2528.0,2490.0,2654.0,2352.0,3268,13944,2503.0,14,2505.0,10,2506.0,5,2507.0,4,2508.0,5,2510.0,26,2511.0,5,2512.0,2,2513.0,3,2514.0,40,2510.0
RM503,,13:49:06.500#,2522.0,2528.0,2490.0,2654.0,2352.0,3268,13944,2503.0,14,2505.0,10,2506.0,5,2507.0,4,2508.0,5,2510.0,25,2511.0,5,2512.0,2,2513.0,3,2514.0,40,2510.0
RM503,,13:49:06.750#,2522.0,2528.0,2490.0,2654.0,2352.0,3268,13944,2503.0,14,2505.0,10,2506.0,5,2507.0,4,2508.0,5,2510.0,26,2511.0,5,2512.0,2,2513.0,3,2514.0,40,2510.0
RM503,,13:49:07.250#,2522.0,2528.0,2490.0,2654.0,2352.0,3268,13944,2503.0,14,2505.0,10,2506.0,5,2507.0,4,2508.0,6,2510.0,25,2511.0,5,2512.0,2,2513.0,3,2514.0,40,2510.0
RM503,,13:49:07.750#,2522.0,2528.0,2490.0,2654.0,2352.0,3268,13944,2503.0,14,2505.0,10,2506.0,5,2507.0,4,2508.0,5,2510.0,25,2511.0,5,2512.0,2,2513.0,3,2514.0,40,2510.0
RM503,,13:49:08.250#,2522.0,2528.0,2490.0,2654.0,2352.0,3268,13944,2503.0,14,2505.0,10,2506.0,5,2507.0,4,2508.0,5,2510.0,26,2511.0,5,2512.0,2,2513.0,3,2514.0,40,2510.0
RM503,,13:49:08.750#,2522.0,2528.0,2490.0,2654.0,2352.0,3268,13944,2502.0,3,2503.0,14,2505.0,10,2506.0,5,2507.0,12,2510.0,26,2511.0,5,2512.0,2,2513.0,3,2514.0,40,2510.0
RM503,,13:49:09.0#,2522.0,2528.0,2490.0,2654.0,2352.0,3268,13944,2502.0,3,2503.0,14,2505.0,10,2506.0,5,2507.0,11,2509.0,2,2510.0,23,2511.0,5,2512.0,2,2513.0,3,2510.0
RM503,,13:49:09.250#,2522.0,2528.0,2490.0,2654.0,2352.0,3268,13944,2503.0,14,2504.0,1,2505.0,10,2506.0,5,2507.0,10,2509.0,4,2510.0,23,2511.0,5,2512.0,2,2513.0,3,2510.0
RM503,,13:49:13.750#,2522.0,2528.0,2490.0,2654.0,2352.0,3268,13944,2503.0,14,2504.0,1,2505.0,10,2506.0,5,2507.0,9,2509.0,5,2510.0,23,2511.0,5,2512.0,2,2513.0,3,2510.0
RM503,,13:49:14.250#,2522.0,2528.0,2490.0,2654.0,2352.0,3268,13944,2503.0,14,2504.0,1,2505.0,10,2506.0,5,2507.0,9,2509.0,4,2510.0,23,2511.0,5,2512.0,2,2513.0,3,2510.0
RM503,,13:49:14.500#,2522.0,2528.0,2490.0,2654.0,2352.0,3268,13944,2503.0,14,2504.0,1,2505.0,10,2506.0,5,2507.0,10,2509.0,4,2510.0,23,2511.0,5,2512.0,2,2513.0,3,2510.0
RM503,,13:49:22.750#,2522.0,2528.0,2490.0,2654.0,2352.0,3268,13944,2503.0,14,2504.0,1,2505.0,10,2506.0,5,2507.0,10,2509.0,3,2510.0,23,2511.0,5,2512.0,2,2513.0,3,2510.0
RM503,,13:49:23.250#,2522.0,2528.0,2490.0,2654.0,2352.0,3268,13944,2504.0,1,2505.0,10,2506.0,5,2507.0,4,2508.0,5,2509.0,3,2510.0,23,2511.0,5,2512.0,2,2513.0,3,2510.0
RM503,,13:49:23.500#,2522.0,2528.0,2490.0,2654.0,2352.0,3268,13944,2504.0,1,2505.0,10,2506.0,5,2507.0,4,2508.0,5,2509.0,2,2510.0,23,2511.0,5,2512.0,2,2513.0,3,2510.0
RM503,,13:49:23.750#,2522.0,2528.0,2490.0,2654.0,2352.0,3268,13944,2504.0,1,2505.0,9,2506.0,5,2507.0,5,2508.0,5,2510.0,26,2511.0,5,2512.0,2,2513.0,3,2514.0,40,2510.0
