InstrumentId,ExchangeId,Datetime,OpenPrice,HighestPrice,LowestPrice,UpperLimitPrice,LowerLimitPrice,Volume,OpenInterest,BidPrice5,BidVolume5,BidPrice4,BidVolume4,BidPrice3,BidVolume3,BidPrice2,BidVolume2,BidPrice1,BidVolume1,AskPrice1,AskVolume1,AskPrice2,AskVolume2,AskPrice3,AskVolume3,AskPrice4,AskVolume4,AskPrice5,AskVolume5,LastPrice
RS408,,13:38:38.500#,0.0,0.0,0.0,5518.0,4514.0,0,7,4979.0,1,4980.0,1,4986.0,1,4987.0,1,4990.0,1,5325.0,1,5326.0,1,5394.0,1,5395.0,1,5480.0,1,0.0
RS408,,13:38:39.0#,0.0,0.0,0.0,5518.0,4514.0,0,7,4979.0,1,4980.0,1,4986.0,1,4987.0,1,4990.0,1,5324.0,1,5325.0,1,5394.0,1,5395.0,1,5480.0,1,0.0
RS408,,13:38:50.250#,0.0,0.0,0.0,5518.0,4514.0,0,7,4979.0,1,4980.0,1,4986.0,1,4987.0,1,4990.0,1,5324.0,1,5394.0,1,5395.0,1,5480.0,1,5515.0,1,0.0
RS408,,13:38:53.500#,0.0,0.0,0.0,5518.0,4514.0,0,7,4979.0,1,4980.0,1,4986.0,1,4987.0,1,4990.0,1,5323.0,1,5324.0,1,5394.0,1,5395.0,1,5480.0,1,0.0
RS408,,13:38:54.0#,0.0,0.0,0.0,5518.0,4514.0,0,7,4979.0,1,4980.0,1,4986.0,1,4987.0,1,4990.0,1,5322.0,1,5323.0,1,5394.0,1,5395.0,1,5480.0,1,0.0
RS408,,13:39:04.500#,0.0,0.0,0.0,5518.0,4514.0,0,7,4979.0,1,4980.0,1,4986.0,1,4987.0,1,4990.0,1,5322.0,1,5394.0,1,5395.0,1,5480.0,1,5515.0,1,0.0
RS408,,13:39:08.750#,0.0,0.0,0.0,5518.0,4514.0,0,7,4979.0,1,4980.0,1,4986.0,1,4987.0,1,4990.0,1,5321.0,1,5322.0,1,5394.0,1,5395.0,1,5480.0,1,0.0
RS408,,13:39:09.0#,0.0,0.0,0.0,5518.0,4514.0,0,7,4979.0,1,4980.0,1,4986.0,1,4987.0,1,4990.0,1,5320.0,1,5321.0,1,5394.0,1,5395.0,1,5480.0,1,0.0
RS408,,13:39:19.500#,0.0,0.0,0.0,5518.0,4514.0,0,7,4979.0,1,4980.0,1,4986.0,1,4987.0,1,4990.0,1,5320.0,1,5394.0,1,5395.0,1,5480.0,1,5515.0,1,0.0
RS408,,13:39:23.500#,0.0,0.0,0.0,5518.0,4514.0,0,7,4979.0,1,4980.0,1,4986.0,1,4987.0,1,4990.0,1,5319.0,1,5320.0,1,5394.0,1,5395.0,1,5480.0,1,0.0
RS408,,13:39:24.0#,0.0,0.0,0.0,5518.0,4514.0,0,7,4979.0,1,4980.0,1,4986.0,1,4987.0,1,4990.0,1,5318.0,1,5319.0,1,5394.0,1,5395.0,1,5480.0,1,0.0
RS408,,13:39:34.500#,0.0,0.0,0.0,5518.0,4514.0,0,7,4979.0,1,4980.0,1,4986.0,1,4987.0,1,4990.0,1,5318.0,1,5394.0,1,5395.0,1,5480.0,1,5515.0,1,0.0
RS408,,13:39:38.500#,0.0,0.0,0.0,5518.0,4514.0,0,7,4979.0,1,4980.0,1,4986.0,1,4987.0,1,4990.0,1,5317.0,1,5318.0,1,5394.0,1,5395.0,1,5480.0,1,0.0
RS408,,13:39:39.0#,0.0,0.0,0.0,5518.0,4514.0,0,7,4979.0,1,4980.0,1,4986.0,1,4987.0,1,4990.0,1,5316.0,1,5317.0,1,5394.0,1,5395.0,1,5480.0,1,0.0
RS408,,13:39:49.500#,0.0,0.0,0.0,5518.0,4514.0,0,7,4979.0,1,4980.0,1,4986.0,1,4987.0,1,4990.0,1,5316.0,1,5394.0,1,5395.0,1,5480.0,1,5515.0,1,0.0
RS408,,13:39:53.500#,0.0,0.0,0.0,5518.0,4514.0,0,7,4979.0,1,4980.0,1,4986.0,1,4987.0,1,4990.0,1,5315.0,1,5316.0,1,5394.0,1,5395.0,1,5480.0,1,0.0
RS408,,13:39:54.0#,0.0,0.0,0.0,5518.0,4514.0,0,7,4979.0,1,4980.0,1,4986.0,1,4987.0,1,4990.0,1,5314.0,1,5315.0,1,5394.0,1,5395.0,1,5480.0,1,0.0
RS408,,13:40:04.500#,0.0,0.0,0.0,5518.0,4514.0,0,7,4979.0,1,4980.0,1,4986.0,1,4987.0,1,4990.0,1,5314.0,1,5394.0,1,5395.0,1,5480.0,1,5515.0,1,0.0
RS408,,13:40:08.750#,0.0,0.0,0.0,5518.0,4514.0,0,7,4979.0,1,4980.0,1,4986.0,1,4987.0,1,4990.0,1,5313.0,1,5314.0,1,5394.0,1,5395.0,1,5480.0,1,0.0
RS408,,13:40:09.0#,0.0,0.0,0.0,5518.0,4514.0,0,7,4979.0,1,4980.0,1,4986.0,1,4987.0,1,4990.0,1,5313.0,1,5394.0,1,5395.0,1,5480.0,1,5515.0,1,0.0
RS408,,13:40:09.250#,0.0,0.0,0.0,5518.0,4514.0,0,7,4979.0,1,4980.0,1,4986.0,1,4987.0,1,4990.0,1,5312.0,1,5313.0,1,5394.0,1,5395.0,1,5480.0,1,0.0
RS408,,13:40:19.500#,0.0,0.0,0.0,5518.0,4514.0,0,7,4979.0,1,4980.0,1,4986.0,1,4987.0,1,4990.0,1,5312.0,1,5394.0,1,5395.0,1,5480.0,1,5515.0,1,0.0
RS408,,13:40:23.750#,0.0,0.0,0.0,5518.0,4514.0,0,7,4979.0,1,4980.0,1,4986.0,1,4987.0,1,4990.0,1,5311.0,1,5312.0,1,5394.0,1,5395.0,1,5480.0,1,0.0
RS408,,13:40:24.0#,0.0,0.0,0.0,5518.0,4514.0,0,7,4979.0,1,4980.0,1,4986.0,1,4987.0,1,4990.0,1,5310.0,1,5311.0,1,5394.0,1,5395.0,1,5480.0,1,0.0
RS408,,13:40:34.500#,0.0,0.0,0.0,5518.0,4514.0,0,7,4979.0,1,4980.0,1,4986.0,1,4987.0,1,4990.0,1,5310.0,1,5394.0,1,5395.0,1,5480.0,1,5515.0,1,0.0
RS408,,13:40:38.750#,0.0,0.0,0.0,5518.0,4514.0,0,7,4979.0,1,4980.0,1,4986.0,1,4987.0,1,4990.0,1,5309.0,1,5310.0,1,5394.0,1,5395.0,1,5480.0,1,0.0
RS408,,13:40:39.0#,0.0,0.0,0.0,5518.0,4514.0,0,7,4979.0,1,4980.0,1,4986.0,1,4987.0,1,4990.0,1,5308.0,1,5309.0,1,5394.0,1,5395.0,1,5480.0,1,0.0
RS408,,13:40:49.750#,0.0,0.0,0.0,5518.0,4514.0,0,7,4979.0,1,4980.0,1,4986.0,1,4987.0,1,4990.0,1,5308.0,1,5394.0,1,5395.0,1,5480.0,1,5515.0,1,0.0
RS408,,13:40:53.750#,0.0,0.0,0.0,5518.0,4514.0,0,7,4979.0,1,4980.0,1,4986.0,1,4987.0,1,4990.0,1,5307.0,1,5308.0,1,5394.0,1,5395.0,1,5480.0,1,0.0
RS408,,13:40:54.250#,0.0,0.0,0.0,5518.0,4514.0,0,7,4979.0,1,4980.0,1,4986.0,1,4987.0,1,4990.0,1,5306.0,1,5307.0,1,5394.0,1,5395.0,1,5480.0,1,0.0
RS408,,13:41:04.750#,0.0,0.0,0.0,5518.0,4514.0,0,7,4979.0,1,4980.0,1,4986.0,1,4987.0,1,4990.0,1,5306.0,1,5394.0,1,5395.0,1,5480.0,1,5515.0,1,0.0
RS408,,13:41:23.750#,0.0,0.0,0.0,5518.0,4514.0,0,7,4979.0,1,4980.0,1,4986.0,1,4987.0,1,4990.0,1,5303.0,1,5304.0,1,5394.0,1,5395.0,1,5480.0,1,0.0
RS408,,13:41:24.250#,0.0,0.0,0.0,5518.0,4514.0,0,7,4979.0,1,4980.0,1,4986.0,1,4987.0,1,4990.0,1,5302.0,1,5303.0,1,5394.0,1,5395.0,1,5480.0,1,0.0
RS408,,13:41:34.750#,0.0,0.0,0.0,5518.0,4514.0,0,7,4979.0,1,4980.0,1,4986.0,1,4987.0,1,4990.0,1,5302.0,1,5394.0,1,5395.0,1,5480.0,1,5515.0,1,0.0
RS408,,13:41:38.750#,0.0,0.0,0.0,5518.0,4514.0,0,7,4979.0,1,4980.0,1,4986.0,1,4987.0,1,4990.0,1,5301.0,1,5302.0,1,5394.0,1,5395.0,1,5480.0,1,0.0
RS408,,13:41:49.750#,0.0,0.0,0.0,5518.0,4514.0,0,7,4979.0,1,4980.0,1,4986.0,1,4987.0,1,4990.0,1,5300.0,1,5394.0,1,5395.0,1,5480.0,1,5515.0,1,0.0
RS408,,13:41:53.750#,0.0,0.0,0.0,5518.0,4514.0,0,7,4979.0,1,4980.0,1,4986.0,1,4987.0,1,4990.0,1,5299.0,1,5300.0,1,5394.0,1,5395.0,1,5480.0,1,0.0
RS408,,13:41:54.250#,0.0,0.0,0.0,5518.0,4514.0,0,7,4979.0,1,4980.0,1,4986.0,1,4987.0,1,4990.0,1,5298.0,1,5299.0,1,5394.0,1,5395.0,1,5480.0,1,0.0
RS408,,13:42:00.750#,0.0,0.0,0.0,5518.0,4514.0,0,7,4979.0,1,4980.0,1,4986.0,1,4987.0,1,4990.0,1,5298.0,1,5299.0,1,5395.0,1,5480.0,1,5515.0,1,0.0
RS408,,13:42:01.250#,0.0,0.0,0.0,5518.0,4514.0,0,7,4979.0,1,4980.0,1,4986.0,1,4987.0,1,4990.0,1,5298.0,1,5299.0,1,5394.0,1,5395.0,1,5480.0,1,0.0
RS408,,13:42:04.750#,0.0,0.0,0.0,5518.0,4514.0,0,7,4979.0,1,4980.0,1,4986.0,1,4987.0,1,4990.0,1,5298.0,1,5394.0,1,5395.0,1,5480.0,1,5515.0,1,0.0
RS408,,13:42:08.750#,0.0,0.0,0.0,5518.0,4514.0,0,7,4979.0,1,4980.0,1,4986.0,1,4987.0,1,4990.0,1,5297.0,1,5298.0,1,5394.0,1,5395.0,1,5480.0,1,0.0
RS408,,13:42:09.250#,0.0,0.0,0.0,5518.0,4514.0,0,7,4979.0,1,4980.0,1,4986.0,1,4987.0,1,4990.0,1,5296.0,1,5297.0,1,5394.0,1,5395.0,1,5480.0,1,0.0
RS408,,13:42:24.0#,0.0,0.0,0.0,5518.0,4514.0,0,7,4979.0,1,4980.0,1,4986.0,1,4987.0,1,4990.0,1,5295.0,1,5296.0,1,5394.0,1,5395.0,1,5480.0,1,0.0
RS408,,13:42:24.250#,0.0,0.0,0.0,5518.0,4514.0,0,7,4979.0,1,4980.0,1,4986.0,1,4987.0,1,4990.0,1,5294.0,1,5295.0,1,5394.0,1,5395.0,1,5480.0,1,0.0
RS408,,13:42:34.750#,0.0,0.0,0.0,5518.0,4514.0,0,7,4979.0,1,4980.0,1,4986.0,1,4987.0,1,4990.0,1,5294.0,1,5394.0,1,5395.0,1,5480.0,1,5515.0,1,0.0
RS408,,13:42:38.750#,0.0,0.0,0.0,5518.0,4514.0,0,7,4979.0,1,4980.0,1,4986.0,1,4987.0,1,4990.0,1,5293.0,1,5294.0,1,5394.0,1,5395.0,1,5480.0,1,0.0
RS408,,13:42:39.250#,0.0,0.0,0.0,5518.0,4514.0,0,7,4979.0,1,4980.0,1,4986.0,1,4987.0,1,4990.0,1,5292.0,1,5293.0,1,5394.0,1,5395.0,1,5480.0,1,0.0
RS408,,13:42:50.0#,0.0,0.0,0.0,5518.0,4514.0,0,7,4979.0,1,4980.0,1,4986.0,1,4987.0,1,4990.0,1,5292.0,1,5394.0,1,5395.0,1,5480.0,1,5515.0,1,0.0
RS408,,13:42:53.750#,0.0,0.0,0.0,5518.0,4514.0,0,7,4979.0,1,4980.0,1,4986.0,1,4987.0,1,4990.0,1,5291.0,1,5292.0,1,5394.0,1,5395.0,1,5480.0,1,0.0
RS408,,13:42:54.250#,0.0,0.0,0.0,5518.0,4514.0,0,7,4979.0,1,4980.0,1,4986.0,1,4987.0,1,4990.0,1,5290.0,1,5291.0,1,5394.0,1,5395.0,1,5480.0,1,0.0
RS408,,13:43:04.750#,0.0,0.0,0.0,5518.0,4514.0,0,7,4979.0,1,4980.0,1,4986.0,1,4987.0,1,4990.0,1,5290.0,1,5394.0,1,5395.0,1,5480.0,1,5515.0,1,0.0
RS408,,13:43:08.750#,0.0,0.0,0.0,5518.0,4514.0,0,7,4979.0,1,4980.0,1,4986.0,1,4987.0,1,4990.0,1,5289.0,1,5290.0,1,5394.0,1,5395.0,1,5480.0,1,0.0
RS408,,13:43:09.250#,0.0,0.0,0.0,5518.0,4514.0,0,7,4979.0,1,4980.0,1,4986.0,1,4987.0,1,4990.0,1,5288.0,1,5289.0,1,5394.0,1,5395.0,1,5480.0,1,0.0
RS408,,13:43:20.0#,0.0,0.0,0.0,5518.0,4514.0,0,7,4979.0,1,4980.0,1,4986.0,1,4987.0,1,4990.0,1,5288.0,1,5394.0,1,5395.0,1,5480.0,1,5515.0,1,0.0
RS408,,13:43:24.0#,0.0,0.0,0.0,5518.0,4514.0,0,7,4979.0,1,4980.0,1,4986.0,1,4987.0,1,4990.0,1,5287.0,1,5288.0,1,5394.0,1,5395.0,1,5480.0,1,0.0
RS408,,13:43:24.250#,0.0,0.0,0.0,5518.0,4514.0,0,7,4979.0,1,4980.0,1,4986.0,1,4987.0,1,4990.0,1,5286.0,1,5287.0,1,5394.0,1,5395.0,1,5480.0,1,0.0
RS408,,13:43:35.0#,0.0,0.0,0.0,5518.0,4514.0,0,7,4979.0,1,4980.0,1,4986.0,1,4987.0,1,4990.0,1,5286.0,1,5394.0,1,5395.0,1,5480.0,1,5515.0,1,0.0
RS408,,13:43:39.0#,0.0,0.0,0.0,5518.0,4514.0,0,7,4979.0,1,4980.0,1,4986.0,1,4987.0,1,4990.0,1,5285.0,1,5286.0,1,5394.0,1,5395.0,1,5480.0,1,0.0
RS408,,13:43:39.250#,0.0,0.0,0.0,5518.0,4514.0,0,7,4979.0,1,4980.0,1,4986.0,1,4987.0,1,4990.0,1,5284.0,1,5285.0,1,5394.0,1,5395.0,1,5480.0,1,0.0
RS408,,13:43:50.0#,0.0,0.0,0.0,5518.0,4514.0,0,7,4979.0,1,4980.0,1,4986.0,1,4987.0,1,4990.0,1,5284.0,1,5394.0,1,5395.0,1,5480.0,1,5515.0,1,0.0
RS408,,13:43:54.0#,0.0,0.0,0.0,5518.0,4514.0,0,7,4979.0,1,4980.0,1,4986.0,1,4987.0,1,4990.0,1,5283.0,1,5284.0,1,5394.0,1,5395.0,1,5480.0,1,0.0
RS408,,13:43:54.250#,0.0,0.0,0.0,5518.0,4514.0,0,7,4979.0,1,4980.0,1,4986.0,1,4987.0,1,4990.0,1,5282.0,1,5283.0,1,5394.0,1,5395.0,1,5480.0,1,0.0
RS408,,13:44:05.0#,0.0,0.0,0.0,5518.0,4514.0,0,7,4979.0,1,4980.0,1,4986.0,1,4987.0,1,4990.0,1,5282.0,1,5394.0,1,5395.0,1,5480.0,1,5515.0,1,0.0
RS408,,13:44:08.750#,0.0,0.0,0.0,5518.0,4514.0,0,7,4979.0,1,4980.0,1,4986.0,1,4987.0,1,4990.0,1,5281.0,1,5282.0,1,5394.0,1,5395.0,1,5480.0,1,0.0
RS408,,13:44:09.250#,0.0,0.0,0.0,5518.0,4514.0,0,7,4979.0,1,4980.0,1,4986.0,1,4987.0,1,4990.0,1,5280.0,1,5281.0,1,5394.0,1,5395.0,1,5480.0,1,0.0
RS408,,13:44:19.750#,0.0,0.0,0.0,5518.0,4514.0,0,7,4979.0,1,4980.0,1,4986.0,1,4987.0,1,4990.0,1,5280.0,1,5394.0,1,5395.0,1,5480.0,1,5515.0,1,0.0
RS408,,13:44:24.0#,0.0,0.0,0.0,5518.0,4514.0,0,7,4979.0,1,4980.0,1,4986.0,1,4987.0,1,4990.0,1,5279.0,1,5280.0,1,5394.0,1,5395.0,1,5480.0,1,0.0
RS408,,13:44:24.250#,0.0,0.0,0.0,5518.0,4514.0,0,7,4979.0,1,4980.0,1,4986.0,1,4987.0,1,4990.0,1,5278.0,1,5279.0,1,5394.0,1,5395.0,1,5480.0,1,0.0
RS408,,13:44:34.750#,0.0,0.0,0.0,5518.0,4514.0,0,7,4979.0,1,4980.0,1,4986.0,1,4987.0,1,4990.0,1,5278.0,1,5394.0,1,5395.0,1,5480.0,1,5515.0,1,0.0
RS408,,13:44:38.750#,0.0,0.0,0.0,5518.0,4514.0,0,7,4979.0,1,4980.0,1,4986.0,1,4987.0,1,4990.0,1,5277.0,1,5278.0,1,5394.0,1,5395.0,1,5480.0,1,0.0
RS408,,13:44:39.250#,0.0,0.0,0.0,5518.0,4514.0,0,7,4979.0,1,4980.0,1,4986.0,1,4987.0,1,4990.0,1,5276.0,1,5277.0,1,5394.0,1,5395.0,1,5480.0,1,0.0
RS408,,13:44:49.750#,0.0,0.0,0.0,5518.0,4514.0,0,7,4979.0,1,4980.0,1,4986.0,1,4987.0,1,4990.0,1,5276.0,1,5394.0,1,5395.0,1,5480.0,1,5515.0,1,0.0
RS408,,13:44:53.750#,0.0,0.0,0.0,5518.0,4514.0,0,7,4979.0,1,4980.0,1,4986.0,1,4987.0,1,4990.0,1,5275.0,1,5276.0,1,5394.0,1,5395.0,1,5480.0,1,0.0
RS408,,13:44:54.250#,0.0,0.0,0.0,5518.0,4514.0,0,7,4979.0,1,4980.0,1,4986.0,1,4987.0,1,4990.0,1,5274.0,1,5275.0,1,5394.0,1,5395.0,1,5480.0,1,0.0
RS408,,13:45:04.750#,0.0,0.0,0.0,5518.0,4514.0,0,7,4979.0,1,4980.0,1,4986.0,1,4987.0,1,4990.0,1,5274.0,1,5394.0,1,5395.0,1,5480.0,1,5515.0,1,0.0
RS408,,13:45:08.750#,0.0,0.0,0.0,5518.0,4514.0,0,7,4979.0,1,4980.0,1,4986.0,1,4987.0,1,4990.0,1,5273.0,1,5274.0,1,5394.0,1,5395.0,1,5480.0,1,0.0
RS408,,13:45:09.250#,0.0,0.0,0.0,5518.0,4514.0,0,7,4979.0,1,4980.0,1,4986.0,1,4987.0,1,4990.0,1,5272.0,1,5273.0,1,5394.0,1,5395.0,1,5480.0,1,0.0
RS408,,13:45:19.750#,0.0,0.0,0.0,5518.0,4514.0,0,7,4979.0,1,4980.0,1,4986.0,1,4987.0,1,4990.0,1,5272.0,1,5394.0,1,5395.0,1,5480.0,1,5515.0,1,0.0
RS408,,13:45:23.750#,0.0,0.0,0.0,5518.0,4514.0,0,7,4979.0,1,4980.0,1,4986.0,1,4987.0,1,4990.0,1,5271.0,1,5272.0,1,5394.0,1,5395.0,1,5480.0,1,0.0
RS408,,13:45:34.750#,0.0,0.0,0.0,5518.0,4514.0,0,7,4979.0,1,4980.0,1,4986.0,1,4987.0,1,4990.0,1,5270.0,1,5394.0,1,5395.0,1,5480.0,1,5515.0,1,0.0
RS408,,13:45:38.750#,0.0,0.0,0.0,5518.0,4514.0,0,7,4979.0,1,4980.0,1,4986.0,1,4987.0,1,4990.0,1,5269.0,1,5270.0,1,5394.0,1,5395.0,1,5480.0,1,0.0
RS408,,13:45:39.250#,0.0,0.0,0.0,5518.0,4514.0,0,7,4979.0,1,4980.0,1,4986.0,1,4987.0,1,4990.0,1,5268.0,1,5269.0,1,5394.0,1,5395.0,1,5480.0,1,0.0
RS408,,13:45:49.750#,0.0,0.0,0.0,5518.0,4514.0,0,7,4979.0,1,4980.0,1,4986.0,1,4987.0,1,4990.0,1,5268.0,1,5394.0,1,5395.0,1,5480.0,1,5515.0,1,0.0
RS408,,13:45:53.750#,0.0,0.0,0.0,5518.0,4514.0,0,7,4979.0,1,4980.0,1,4986.0,1,4987.0,1,4990.0,1,5267.0,1,5268.0,1,5394.0,1,5395.0,1,5480.0,1,0.0
RS408,,13:45:54.250#,0.0,0.0,0.0,5518.0,4514.0,0,7,4979.0,1,4980.0,1,4986.0,1,4987.0,1,4990.0,1,5266.0,1,5267.0,1,5394.0,1,5395.0,1,5480.0,1,0.0
RS408,,13:46:04.750#,0.0,0.0,0.0,5518.0,4514.0,0,7,4979.0,1,4980.0,1,4986.0,1,4987.0,1,4990.0,1,5266.0,1,5394.0,1,5395.0,1,5480.0,1,5515.0,1,0.0
RS408,,13:46:09.0#,0.0,0.0,0.0,5518.0,4514.0,0,7,4979.0,1,4980.0,1,4986.0,1,4987.0,1,4990.0,1,5265.0,1,5266.0,1,5394.0,1,5395.0,1,5480.0,1,0.0
RS408,,13:46:09.250#,0.0,0.0,0.0,5518.0,4514.0,0,7,4979.0,1,4980.0,1,4986.0,1,4987.0,1,4990.0,1,5264.0,1,5265.0,1,5394.0,1,5395.0,1,5480.0,1,0.0
RS408,,13:46:19.750#,0.0,0.0,0.0,5518.0,4514.0,0,7,4979.0,1,4980.0,1,4986.0,1,4987.0,1,4990.0,1,5264.0,1,5394.0,1,5395.0,1,5480.0,1,5515.0,1,0.0
RS408,,13:46:21.250#,0.0,0.0,0.0,5518.0,4514.0,0,7,4979.0,1,4980.0,1,4986.0,1,4987.0,1,4990.0,1,5264.0,1,5395.0,1,5480.0,1,5515.0,1,0.0,0,0.0
RS408,,13:46:21.750#,0.0,0.0,0.0,5518.0,4514.0,0,7,4979.0,1,4980.0,1,4986.0,1,4987.0,1,4990.0,1,5264.0,1,5394.0,1,5395.0,1,5480.0,1,5515.0,1,0.0
RS408,,13:46:23.750#,0.0,0.0,0.0,5518.0,4514.0,0,7,4979.0,1,4980.0,1,4986.0,1,4987.0,1,4990.0,1,5263.0,1,5264.0,1,5394.0,1,5395.0,1,5480.0,1,0.0
RS408,,13:46:24.250#,0.0,0.0,0.0,5518.0,4514.0,0,7,4979.0,1,4980.0,1,4986.0,1,4987.0,1,4990.0,1,5262.0,1,5263.0,1,5394.0,1,5395.0,1,5480.0,1,0.0
RS408,,13:46:34.750#,0.0,0.0,0.0,5518.0,4514.0,0,7,4979.0,1,4980.0,1,4986.0,1,4987.0,1,4990.0,1,5262.0,1,5394.0,1,5395.0,1,5480.0,1,5515.0,1,0.0
RS408,,13:46:38.750#,0.0,0.0,0.0,5518.0,4514.0,0,7,4979.0,1,4980.0,1,4986.0,1,4987.0,1,4990.0,1,5261.0,1,5262.0,1,5394.0,1,5395.0,1,5480.0,1,0.0
RS408,,13:46:39.250#,0.0,0.0,0.0,5518.0,4514.0,0,7,4979.0,1,4980.0,1,4986.0,1,4987.0,1,4990.0,1,5260.0,1,5261.0,1,5394.0,1,5395.0,1,5480.0,1,0.0
RS408,,13:46:49.750#,0.0,0.0,0.0,5518.0,4514.0,0,7,4979.0,1,4980.0,1,4986.0,1,4987.0,1,4990.0,1,5260.0,1,5394.0,1,5395.0,1,5480.0,1,5515.0,1,0.0
RS408,,13:46:54.0#,0.0,0.0,0.0,5518.0,4514.0,0,7,4979.0,1,4980.0,1,4986.0,1,4987.0,1,4990.0,1,5259.0,1,5260.0,1,5394.0,1,5395.0,1,5480.0,1,0.0
RS408,,13:46:54.250#,0.0,0.0,0.0,5518.0,4514.0,0,7,4979.0,1,4980.0,1,4986.0,1,4987.0,1,4990.0,1,5258.0,1,5259.0,1,5394.0,1,5395.0,1,5480.0,1,0.0
RS408,,13:47:05.0#,0.0,0.0,0.0,5518.0,4514.0,0,7,4979.0,1,4980.0,1,4986.0,1,4987.0,1,4990.0,1,5258.0,1,5394.0,1,5395.0,1,5480.0,1,5515.0,1,0.0
RS408,,13:47:09.0#,0.0,0.0,0.0,5518.0,4514.0,0,7,4979.0,1,4980.0,1,4986.0,1,4987.0,1,4990.0,1,5257.0,1,5258.0,1,5394.0,1,5395.0,1,5480.0,1,0.0
RS408,,13:47:20.0#,0.0,0.0,0.0,5518.0,4514.0,0,7,4979.0,1,4980.0,1,4986.0,1,4987.0,1,4990.0,1,5256.0,1,5394.0,1,5395.0,1,5480.0,1,5515.0,1,0.0
RS408,,13:47:24.0#,0.0,0.0,0.0,5518.0,4514.0,0,7,4979.0,1,4980.0,1,4986.0,1,4987.0,1,4990.0,1,5255.0,1,5256.0,1,5394.0,1,5395.0,1,5480.0,1,0.0
RS408,,13:47:24.250#,0.0,0.0,0.0,5518.0,4514.0,0,7,4979.0,1,4980.0,1,4986.0,1,4987.0,1,4990.0,1,5254.0,1,5255.0,1,5394.0,1,5395.0,1,5480.0,1,0.0
RS408,,13:47:35.0#,0.0,0.0,0.0,5518.0,4514.0,0,7,4979.0,1,4980.0,1,4986.0,1,4987.0,1,4990.0,1,5254.0,1,5394.0,1,5395.0,1,5480.0,1,5515.0,1,0.0
RS408,,13:47:39.0#,0.0,0.0,0.0,5518.0,4514.0,0,7,4979.0,1,4980.0,1,4986.0,1,4987.0,1,4990.0,1,5253.0,1,5254.0,1,5394.0,1,5395.0,1,5480.0,1,0.0
RS408,,13:47:39.250#,0.0,0.0,0.0,5518.0,4514.0,0,7,4979.0,1,4980.0,1,4986.0,1,4987.0,1,4990.0,1,5252.0,1,5253.0,1,5394.0,1,5395.0,1,5480.0,1,0.0
RS408,,13:47:50.0#,0.0,0.0,0.0,5518.0,4514.0,0,7,4979.0,1,4980.0,1,4986.0,1,4987.0,1,4990.0,1,5252.0,1,5394.0,1,5395.0,1,5480.0,1,5515.0,1,0.0
RS408,,13:47:54.0#,0.0,0.0,0.0,5518.0,4514.0,0,7,4979.0,1,4980.0,1,4986.0,1,4987.0,1,4990.0,1,5251.0,1,5252.0,1,5394.0,1,5395.0,1,5480.0,1,0.0
RS408,,13:47:54.250#,0.0,0.0,0.0,5518.0,4514.0,0,7,4979.0,1,4980.0,1,4986.0,1,4987.0,1,4990.0,1,5250.0,1,5251.0,1,5394.0,1,5395.0,1,5480.0,1,0.0
RS408,,13:48:05.0#,0.0,0.0,0.0,5518.0,4514.0,0,7,4979.0,1,4980.0,1,4986.0,1,4987.0,1,4990.0,1,5250.0,1,5394.0,1,5395.0,1,5480.0,1,5515.0,1,0.0
RS408,,13:48:09.0#,0.0,0.0,0.0,5518.0,4514.0,0,7,4979.0,1,4980.0,1,4986.0,1,4987.0,1,4990.0,1,5249.0,1,5250.0,1,5394.0,1,5395.0,1,5480.0,1,0.0
RS408,,13:48:09.250#,0.0,0.0,0.0,5518.0,4514.0,0,7,4979.0,1,4980.0,1,4986.0,1,4987.0,1,4990.0,1,5248.0,1,5249.0,1,5394.0,1,5395.0,1,5480.0,1,0.0
RS408,,13:48:20.0#,0.0,0.0,0.0,5518.0,4514.0,0,7,4979.0,1,4980.0,1,4986.0,1,4987.0,1,4990.0,1,5248.0,1,5394.0,1,5395.0,1,5480.0,1,5515.0,1,0.0
RS408,,13:48:24.0#,0.0,0.0,0.0,5518.0,4514.0,0,7,4979.0,1,4980.0,1,4986.0,1,4987.0,1,4990.0,1,5247.0,1,5248.0,1,5394.0,1,5395.0,1,5480.0,1,0.0
RS408,,13:48:24.250#,0.0,0.0,0.0,5518.0,4514.0,0,7,4979.0,1,4980.0,1,4986.0,1,4987.0,1,4990.0,1,5246.0,1,5247.0,1,5394.0,1,5395.0,1,5480.0,1,0.0
RS408,,13:48:35.0#,0.0,0.0,0.0,5518.0,4514.0,0,7,4979.0,1,4980.0,1,4986.0,1,4987.0,1,4990.0,1,5246.0,1,5394.0,1,5395.0,1,5480.0,1,5515.0,1,0.0
RS408,,13:48:39.0#,0.0,0.0,0.0,5518.0,4514.0,0,7,4979.0,1,4980.0,1,4986.0,1,4987.0,1,4990.0,1,5245.0,1,5246.0,1,5394.0,1,5395.0,1,5480.0,1,0.0
RS408,,13:48:50.0#,0.0,0.0,0.0,5518.0,4514.0,0,7,4979.0,1,4980.0,1,4986.0,1,4987.0,1,4990.0,1,5244.0,1,5394.0,1,5395.0,1,5480.0,1,5515.0,1,0.0
RS408,,13:48:54.0#,0.0,0.0,0.0,5518.0,4514.0,0,7,4979.0,1,4980.0,1,4986.0,1,4987.0,1,4990.0,1,5243.0,1,5244.0,1,5394.0,1,5395.0,1,5480.0,1,0.0
RS408,,13:48:54.250#,0.0,0.0,0.0,5518.0,4514.0,0,7,4979.0,1,4980.0,1,4986.0,1,4987.0,1,4990.0,1,5242.0,1,5243.0,1,5394.0,1,5395.0,1,5480.0,1,0.0
RS408,,13:49:05.0#,0.0,0.0,0.0,5518.0,4514.0,0,7,4979.0,1,4980.0,1,4986.0,1,4987.0,1,4990.0,1,5242.0,1,5394.0,1,5395.0,1,5480.0,1,5515.0,1,0.0
RS408,,13:49:09.0#,0.0,0.0,0.0,5518.0,4514.0,0,7,4979.0,1,4980.0,1,4986.0,1,4987.0,1,4990.0,1,5241.0,1,5242.0,1,5394.0,1,5395.0,1,5480.0,1,0.0
RS408,,13:49:09.250#,0.0,0.0,0.0,5518.0,4514.0,0,7,4979.0,1,4980.0,1,4986.0,1,4987.0,1,4990.0,1,5240.0,1,5241.0,1,5394.0,1,5395.0,1,5480.0,1,0.0
RS408,,13:49:20.0#,0.0,0.0,0.0,5518.0,4514.0,0,7,4979.0,1,4980.0,1,4986.0,1,4987.0,1,4990.0,1,5240.0,1,5394.0,1,5395.0,1,5480.0,1,5515.0,1,0.0
RS408,,13:49:24.0#,0.0,0.0,0.0,5518.0,4514.0,0,7,4979.0,1,4980.0,1,4986.0,1,4987.0,1,4990.0,1,5239.0,1,5240.0,1,5394.0,1,5395.0,1,5480.0,1,0.0
RS408,,13:49:24.250#,0.0,0.0,0.0,5518.0,4514.0,0,7,4979.0,1,4980.0,1,4986.0,1,4987.0,1,4990.0,1,5238.0,1,5239.0,1,5394.0,1,5395.0,1,5480.0,1,0.0
