InstrumentId,ExchangeId,Datetime,OpenPrice,HighestPrice,LowestPrice,UpperLimitPrice,LowerLimitPrice,Volume,OpenInterest,BidPrice5,BidVolume5,BidPrice4,BidVolume4,BidPrice3,BidVolume3,BidPrice2,BidVolume2,BidPrice1,BidVolume1,AskPrice1,AskVolume1,AskPrice2,AskVolume2,AskPrice3,AskVolume3,AskPrice4,AskVolume4,AskPrice5,AskVolume5,LastPrice
ru2409,,13:38:35.0#,14600.0,14710.0,14475.0,15425.0,13680.0,207956,187618.0,14560.0,236,14565.0,146,14570.0,177,14575.0,140,14580.0,418,14585.0,296,14590.0,98,14595.0,136,14600.0,131,14605.0,202,14580.0
ru2409,,13:38:35.500#,14600.0,14710.0,14475.0,15425.0,13680.0,207959,187619.0,14560.0,236,14565.0,146,14570.0,178,14575.0,140,14580.0,420,14585.0,295,14590.0,101,14595.0,136,14600.0,132,14605.0,202,14585.0
ru2409,,13:38:36.0#,14600.0,14710.0,14475.0,15425.0,13680.0,207965,187619.0,14560.0,236,14565.0,149,14570.0,178,14575.0,141,14580.0,411,14585.0,296,14590.0,102,14595.0,136,14600.0,132,14605.0,202,14580.0
ru2409,,13:38:36.500#,14600.0,14710.0,14475.0,15425.0,13680.0,207965,187619.0,14560.0,236,14565.0,149,14570.0,178,14575.0,139,14580.0,419,14585.0,297,14590.0,102,14595.0,135,14600.0,133,14605.0,202,14580.0
ru2409,,13:38:37.0#,14600.0,14710.0,14475.0,15425.0,13680.0,207965,187619.0,14560.0,236,14565.0,149,14570.0,177,14575.0,140,14580.0,421,14585.0,299,14590.0,102,14595.0,135,14600.0,133,14605.0,202,14580.0
ru2409,,13:38:37.500#,14600.0,14710.0,14475.0,15425.0,13680.0,207967,187620.0,14560.0,236,14565.0,149,14570.0,177,14575.0,140,14580.0,424,14585.0,300,14590.0,102,14595.0,135,14600.0,133,14605.0,202,14585.0
ru2409,,13:38:38.0#,14600.0,14710.0,14475.0,15425.0,13680.0,207972,187620.0,14560.0,237,14565.0,151,14570.0,177,14575.0,140,14580.0,425,14585.0,299,14590.0,102,14595.0,135,14600.0,133,14605.0,202,14585.0
ru2409,,13:38:38.500#,14600.0,14710.0,14475.0,15425.0,13680.0,207981,187621.0,14560.0,237,14565.0,151,14570.0,178,14575.0,140,14580.0,421,14585.0,295,14590.0,102,14595.0,135,14600.0,133,14605.0,202,14580.0
ru2409,,13:38:39.0#,14600.0,14710.0,14475.0,15425.0,13680.0,207985,187621.0,14560.0,237,14565.0,152,14570.0,178,14575.0,143,14580.0,419,14585.0,296,14590.0,102,14595.0,135,14600.0,133,14605.0,202,14580.0
ru2409,,13:38:39.500#,14600.0,14710.0,14475.0,15425.0,13680.0,207986,187620.0,14560.0,237,14565.0,152,14570.0,178,14575.0,143,14580.0,414,14585.0,296,14590.0,102,14595.0,135,14600.0,133,14605.0,202,14580.0
ru2409,,13:38:40.0#,14600.0,14710.0,14475.0,15425.0,13680.0,207990,187621.0,14560.0,238,14565.0,152,14570.0,178,14575.0,143,14580.0,411,14585.0,298,14590.0,102,14595.0,135,14600.0,133,14605.0,202,14585.0
ru2409,,13:38:40.500#,14600.0,14710.0,14475.0,15425.0,13680.0,207993,187621.0,14560.0,238,14565.0,152,14570.0,177,14575.0,143,14580.0,410,14585.0,297,14590.0,102,14595.0,135,14600.0,133,14605.0,202,14580.0
ru2409,,13:38:41.0#,14600.0,14710.0,14475.0,15425.0,13680.0,207993,187621.0,14560.0,238,14565.0,152,14570.0,176,14575.0,143,14580.0,411,14585.0,298,14590.0,104,14595.0,135,14600.0,133,14605.0,202,14580.0
ru2409,,13:38:41.500#,14600.0,14710.0,14475.0,15425.0,13680.0,207994,187622.0,14560.0,238,14565.0,152,14570.0,176,14575.0,138,14580.0,416,14585.0,293,14590.0,104,14595.0,135,14600.0,133,14605.0,202,14585.0
ru2409,,13:38:42.0#,14600.0,14710.0,14475.0,15425.0,13680.0,207995,187622.0,14560.0,237,14565.0,152,14570.0,177,14575.0,139,14580.0,424,14585.0,295,14590.0,104,14595.0,135,14600.0,133,14605.0,202,14585.0
ru2409,,13:38:42.500#,14600.0,14710.0,14475.0,15425.0,13680.0,207997,187623.0,14560.0,237,14565.0,152,14570.0,177,14575.0,138,14580.0,432,14585.0,295,14590.0,104,14595.0,135,14600.0,133,14605.0,202,14585.0
ru2409,,13:38:43.0#,14600.0,14710.0,14475.0,15425.0,13680.0,208018,187622.0,14560.0,237,14565.0,152,14570.0,178,14575.0,138,14580.0,422,14585.0,281,14590.0,104,14595.0,135,14600.0,133,14605.0,202,14585.0
ru2409,,13:38:43.500#,14600.0,14710.0,14475.0,15425.0,13680.0,208019,187622.0,14560.0,237,14565.0,152,14570.0,178,14575.0,138,14580.0,422,14585.0,282,14590.0,104,14595.0,135,14600.0,133,14605.0,198,14580.0
ru2409,,13:38:44.0#,14600.0,14710.0,14475.0,15425.0,13680.0,208031,187629.0,14560.0,237,14565.0,152,14570.0,178,14575.0,138,14580.0,417,14585.0,272,14590.0,104,14595.0,135,14600.0,133,14605.0,198,14585.0
ru2409,,13:38:44.500#,14600.0,14710.0,14475.0,15425.0,13680.0,208032,187630.0,14560.0,237,14565.0,152,14570.0,178,14575.0,139,14580.0,416,14585.0,272,14590.0,104,14595.0,135,14600.0,133,14605.0,198,14580.0
ru2409,,13:38:45.0#,14600.0,14710.0,14475.0,15425.0,13680.0,208032,187630.0,14560.0,238,14565.0,152,14570.0,178,14575.0,139,14580.0,416,14585.0,265,14590.0,104,14595.0,135,14600.0,133,14605.0,198,14580.0
ru2409,,13:38:45.500#,14600.0,14710.0,14475.0,15425.0,13680.0,208062,187638.0,14560.0,238,14565.0,152,14570.0,179,14575.0,139,14580.0,387,14585.0,271,14590.0,105,14595.0,135,14600.0,133,14605.0,198,14585.0
ru2409,,13:38:46.0#,14600.0,14710.0,14475.0,15425.0,13680.0,208062,187638.0,14560.0,238,14565.0,152,14570.0,179,14575.0,139,14580.0,389,14585.0,270,14590.0,105,14595.0,135,14600.0,133,14605.0,198,14585.0
ru2409,,13:38:46.500#,14600.0,14710.0,14475.0,15425.0,13680.0,208062,187638.0,14560.0,238,14565.0,153,14570.0,179,14575.0,139,14580.0,391,14585.0,271,14590.0,105,14595.0,135,14600.0,133,14605.0,198,14585.0
ru2409,,13:38:47.0#,14600.0,14710.0,14475.0,15425.0,13680.0,208062,187638.0,14560.0,238,14565.0,153,14570.0,183,14575.0,139,14580.0,391,14585.0,270,14590.0,105,14595.0,135,14600.0,133,14605.0,198,14585.0
ru2409,,13:38:47.500#,14600.0,14710.0,14475.0,15425.0,13680.0,208062,187638.0,14560.0,238,14565.0,153,14570.0,183,14575.0,139,14580.0,393,14585.0,270,14590.0,105,14595.0,135,14600.0,133,14605.0,198,14585.0
ru2409,,13:38:48.0#,14600.0,14710.0,14475.0,15425.0,13680.0,208062,187638.0,14560.0,238,14565.0,153,14570.0,183,14575.0,139,14580.0,393,14585.0,270,14590.0,108,14595.0,134,14600.0,133,14605.0,198,14585.0
ru2409,,13:38:48.500#,14600.0,14710.0,14475.0,15425.0,13680.0,208064,187637.0,14560.0,238,14565.0,153,14570.0,183,14575.0,139,14580.0,392,14585.0,271,14590.0,108,14595.0,134,14600.0,133,14605.0,198,14580.0
ru2409,,13:38:49.0#,14600.0,14710.0,14475.0,15425.0,13680.0,208069,187642.0,14560.0,238,14565.0,153,14570.0,183,14575.0,139,14580.0,388,14585.0,272,14590.0,105,14595.0,134,14600.0,133,14605.0,198,14580.0
ru2409,,13:38:49.500#,14600.0,14710.0,14475.0,15425.0,13680.0,208071,187644.0,14560.0,237,14565.0,153,14570.0,183,14575.0,139,14580.0,386,14585.0,291,14590.0,105,14595.0,134,14600.0,133,14605.0,198,14580.0
ru2409,,13:38:50.0#,14600.0,14710.0,14475.0,15425.0,13680.0,208091,187641.0,14560.0,237,14565.0,153,14570.0,183,14575.0,139,14580.0,386,14585.0,273,14590.0,105,14595.0,134,14600.0,133,14605.0,198,14585.0
ru2409,,13:38:50.500#,14600.0,14710.0,14475.0,15425.0,13680.0,208091,187641.0,14560.0,237,14565.0,153,14570.0,183,14575.0,139,14580.0,389,14585.0,277,14590.0,113,14595.0,134,14600.0,133,14605.0,199,14585.0
ru2409,,13:38:51.0#,14600.0,14710.0,14475.0,15425.0,13680.0,208091,187641.0,14560.0,237,14565.0,153,14570.0,183,14575.0,139,14580.0,391,14585.0,277,14590.0,113,14595.0,134,14600.0,133,14605.0,199,14585.0
ru2409,,13:38:51.500#,14600.0,14710.0,14475.0,15425.0,13680.0,208094,187639.0,14560.0,237,14565.0,153,14570.0,183,14575.0,138,14580.0,396,14585.0,281,14590.0,113,14595.0,134,14600.0,133,14605.0,199,14585.0
ru2409,,13:38:52.0#,14600.0,14710.0,14475.0,15425.0,13680.0,208094,187639.0,14560.0,237,14565.0,153,14570.0,183,14575.0,138,14580.0,396,14585.0,284,14590.0,113,14595.0,134,14600.0,133,14605.0,199,14585.0
ru2409,,13:38:52.500#,14600.0,14710.0,14475.0,15425.0,13680.0,208116,187660.0,14560.0,237,14565.0,153,14570.0,183,14575.0,140,14580.0,375,14585.0,284,14590.0,113,14595.0,134,14600.0,133,14605.0,199,14585.0
ru2409,,13:38:53.0#,14600.0,14710.0,14475.0,15425.0,13680.0,208128,187670.0,14560.0,237,14565.0,153,14570.0,183,14575.0,140,14580.0,364,14585.0,284,14590.0,113,14595.0,135,14600.0,133,14605.0,198,14580.0
ru2409,,13:38:53.500#,14600.0,14710.0,14475.0,15425.0,13680.0,208132,187670.0,14560.0,237,14565.0,153,14570.0,183,14575.0,140,14580.0,361,14585.0,282,14590.0,113,14595.0,135,14600.0,133,14605.0,198,14580.0
ru2409,,13:38:54.0#,14600.0,14710.0,14475.0,15425.0,13680.0,208137,187670.0,14560.0,237,14565.0,153,14570.0,173,14575.0,141,14580.0,373,14585.0,280,14590.0,113,14595.0,135,14600.0,134,14605.0,198,14585.0
ru2409,,13:38:54.500#,14600.0,14710.0,14475.0,15425.0,13680.0,208153,187686.0,14560.0,237,14565.0,153,14570.0,173,14575.0,141,14580.0,360,14585.0,278,14590.0,114,14595.0,134,14600.0,134,14605.0,198,14580.0
ru2409,,13:38:55.0#,14600.0,14710.0,14475.0,15425.0,13680.0,208153,187686.0,14560.0,237,14565.0,153,14570.0,173,14575.0,141,14580.0,361,14585.0,278,14590.0,114,14595.0,134,14600.0,132,14605.0,198,14580.0
ru2409,,13:38:55.500#,14600.0,14710.0,14475.0,15425.0,13680.0,208181,187702.0,14560.0,237,14565.0,153,14570.0,173,14575.0,141,14580.0,332,14585.0,278,14590.0,114,14595.0,129,14600.0,128,14605.0,198,14580.0
ru2409,,13:38:56.0#,14600.0,14710.0,14475.0,15425.0,13680.0,208181,187702.0,14560.0,238,14565.0,153,14570.0,174,14575.0,141,14580.0,335,14585.0,280,14590.0,114,14595.0,129,14600.0,128,14605.0,199,14580.0
ru2409,,13:38:56.500#,14600.0,14710.0,14475.0,15425.0,13680.0,208187,187705.0,14560.0,238,14565.0,153,14570.0,174,14575.0,141,14580.0,333,14585.0,281,14590.0,114,14595.0,129,14600.0,128,14605.0,199,14580.0
ru2409,,13:38:57.0#,14600.0,14710.0,14475.0,15425.0,13680.0,208194,187708.0,14560.0,238,14565.0,153,14570.0,174,14575.0,141,14580.0,323,14585.0,286,14590.0,115,14595.0,129,14600.0,128,14605.0,199,14580.0
ru2409,,13:38:57.500#,14600.0,14710.0,14475.0,15425.0,13680.0,208195,187708.0,14560.0,238,14565.0,153,14570.0,174,14575.0,141,14580.0,321,14585.0,286,14590.0,115,14595.0,129,14600.0,128,14605.0,199,14580.0
ru2409,,13:38:58.0#,14600.0,14710.0,14475.0,15425.0,13680.0,208205,187713.0,14560.0,242,14565.0,152,14570.0,174,14575.0,141,14580.0,325,14585.0,279,14590.0,115,14595.0,129,14600.0,128,14605.0,199,14585.0
ru2409,,13:38:58.500#,14600.0,14710.0,14475.0,15425.0,13680.0,208210,187718.0,14560.0,242,14565.0,152,14570.0,174,14575.0,141,14580.0,326,14585.0,275,14590.0,115,14595.0,129,14600.0,128,14605.0,199,14585.0
ru2409,,13:38:59.0#,14600.0,14710.0,14475.0,15425.0,13680.0,208217,187724.0,14560.0,242,14565.0,152,14570.0,174,14575.0,141,14580.0,324,14585.0,315,14590.0,115,14595.0,129,14600.0,128,14605.0,199,14585.0
ru2409,,13:38:59.500#,14600.0,14710.0,14475.0,15425.0,13680.0,208218,187725.0,14560.0,242,14565.0,152,14570.0,174,14575.0,141,14580.0,325,14585.0,322,14590.0,113,14595.0,129,14600.0,128,14605.0,199,14580.0
ru2409,,13:39:00.0#,14600.0,14710.0,14475.0,15425.0,13680.0,208219,187725.0,14560.0,250,14565.0,152,14570.0,172,14575.0,143,14580.0,331,14585.0,322,14590.0,113,14595.0,129,14600.0,128,14605.0,199,14585.0
ru2409,,13:39:00.500#,14600.0,14710.0,14475.0,15425.0,13680.0,208228,187729.0,14560.0,250,14565.0,152,14570.0,192,14575.0,143,14580.0,324,14585.0,322,14590.0,113,14595.0,136,14600.0,137,14605.0,199,14580.0
ru2409,,13:39:01.0#,14600.0,14710.0,14475.0,15425.0,13680.0,208231,187730.0,14560.0,250,14565.0,152,14570.0,192,14575.0,143,14580.0,321,14585.0,341,14590.0,107,14595.0,136,14600.0,137,14605.0,199,14580.0
ru2409,,13:39:01.500#,14600.0,14710.0,14475.0,15425.0,13680.0,208232,187730.0,14560.0,250,14565.0,152,14570.0,192,14575.0,143,14580.0,320,14585.0,356,14590.0,106,14595.0,136,14600.0,137,14605.0,199,14580.0
ru2409,,13:39:02.0#,14600.0,14710.0,14475.0,15425.0,13680.0,208232,187730.0,14560.0,250,14565.0,152,14570.0,192,14575.0,143,14580.0,321,14585.0,373,14590.0,106,14595.0,136,14600.0,137,14605.0,199,14580.0
ru2409,,13:39:02.500#,14600.0,14710.0,14475.0,15425.0,13680.0,208236,187734.0,14560.0,250,14565.0,152,14570.0,193,14575.0,142,14580.0,317,14585.0,389,14590.0,106,14595.0,136,14600.0,137,14605.0,199,14580.0
ru2409,,13:39:03.0#,14600.0,14710.0,14475.0,15425.0,13680.0,208289,187780.0,14560.0,250,14565.0,152,14570.0,193,14575.0,142,14580.0,269,14585.0,384,14590.0,102,14595.0,136,14600.0,137,14605.0,199,14580.0
ru2409,,13:39:03.500#,14600.0,14710.0,14475.0,15425.0,13680.0,208560,187836.0,14555.0,190,14560.0,250,14565.0,152,14570.0,193,14575.0,143,14580.0,24,14585.0,382,14590.0,102,14595.0,136,14600.0,137,14580.0
ru2409,,13:39:04.0#,14600.0,14710.0,14475.0,15425.0,13680.0,208572,187835.0,14555.0,192,14560.0,251,14565.0,154,14570.0,200,14575.0,139,14580.0,164,14585.0,369,14590.0,100,14595.0,136,14600.0,137,14575.0
ru2409,,13:39:04.500#,14600.0,14710.0,14475.0,15425.0,13680.0,208643,187798.0,14555.0,191,14560.0,251,14565.0,155,14570.0,199,14575.0,95,14580.0,203,14585.0,369,14590.0,101,14595.0,137,14600.0,137,14575.0
ru2409,,13:39:05.0#,14600.0,14710.0,14475.0,15425.0,13680.0,208643,187798.0,14555.0,190,14560.0,252,14565.0,155,14570.0,198,14575.0,96,14580.0,224,14585.0,368,14590.0,99,14595.0,123,14600.0,137,14575.0
ru2409,,13:39:05.500#,14600.0,14710.0,14475.0,15425.0,13680.0,208659,187806.0,14555.0,190,14560.0,252,14565.0,155,14570.0,198,14575.0,92,14580.0,224,14585.0,368,14590.0,99,14595.0,123,14600.0,137,14575.0
ru2409,,13:39:06.0#,14600.0,14710.0,14475.0,15425.0,13680.0,208660,187806.0,14555.0,190,14560.0,252,14565.0,155,14570.0,199,14575.0,102,14580.0,227,14585.0,388,14590.0,95,14595.0,123,14600.0,137,14580.0
ru2409,,13:39:06.500#,14600.0,14710.0,14475.0,15425.0,13680.0,208666,187810.0,14555.0,190,14560.0,252,14565.0,155,14570.0,201,14575.0,99,14580.0,235,14585.0,389,14590.0,95,14595.0,122,14600.0,138,14575.0
ru2409,,13:39:07.0#,14600.0,14710.0,14475.0,15425.0,13680.0,208673,187810.0,14555.0,190,14560.0,252,14565.0,155,14570.0,201,14575.0,94,14580.0,239,14585.0,389,14590.0,95,14595.0,122,14600.0,138,14575.0
ru2409,,13:39:07.500#,14600.0,14710.0,14475.0,15425.0,13680.0,208688,187812.0,14555.0,190,14560.0,253,14565.0,155,14570.0,200,14575.0,86,14580.0,239,14585.0,388,14590.0,95,14595.0,122,14600.0,138,14575.0
ru2409,,13:39:08.0#,14600.0,14710.0,14475.0,15425.0,13680.0,208689,187812.0,14555.0,190,14560.0,253,14565.0,155,14570.0,202,14575.0,86,14580.0,243,14585.0,388,14590.0,94,14595.0,122,14600.0,138,14575.0
ru2409,,13:39:08.500#,14600.0,14710.0,14475.0,15425.0,13680.0,208691,187812.0,14555.0,190,14560.0,253,14565.0,155,14570.0,202,14575.0,86,14580.0,242,14585.0,381,14590.0,94,14595.0,122,14600.0,141,14580.0
ru2409,,13:39:09.0#,14600.0,14710.0,14475.0,15425.0,13680.0,208691,187812.0,14555.0,190,14560.0,253,14565.0,155,14570.0,202,14575.0,86,14580.0,242,14585.0,381,14590.0,94,14595.0,122,14600.0,141,14580.0
ru2409,,13:39:09.500#,14600.0,14710.0,14475.0,15425.0,13680.0,208700,187808.0,14555.0,190,14560.0,253,14565.0,156,14570.0,202,14575.0,79,14580.0,244,14585.0,381,14590.0,94,14595.0,122,14600.0,141,14575.0
ru2409,,13:39:10.0#,14600.0,14710.0,14475.0,15425.0,13680.0,208723,187822.0,14555.0,190,14560.0,253,14565.0,156,14570.0,201,14575.0,56,14580.0,245,14585.0,383,14590.0,94,14595.0,122,14600.0,141,14575.0
ru2409,,13:39:10.500#,14600.0,14710.0,14475.0,15425.0,13680.0,208772,187821.0,14555.0,189,14560.0,253,14565.0,156,14570.0,200,14575.0,3,14580.0,250,14585.0,380,14590.0,94,14595.0,122,14600.0,141,14575.0
ru2409,,13:39:11.0#,14600.0,14710.0,14475.0,15425.0,13680.0,208787,187823.0,14555.0,189,14560.0,253,14565.0,166,14570.0,200,14575.0,20,14580.0,262,14585.0,380,14590.0,94,14595.0,122,14600.0,141,14575.0
ru2409,,13:39:11.500#,14600.0,14710.0,14475.0,15425.0,13680.0,208821,187834.0,14555.0,189,14560.0,253,14565.0,166,14570.0,201,14575.0,10,14580.0,271,14585.0,389,14590.0,89,14595.0,122,14600.0,141,14575.0
ru2409,,13:39:12.0#,14600.0,14710.0,14475.0,15425.0,13680.0,208849,187839.0,14555.0,194,14560.0,253,14565.0,166,14570.0,201,14575.0,12,14580.0,261,14585.0,386,14590.0,78,14595.0,114,14600.0,141,14575.0
ru2409,,13:39:12.500#,14600.0,14710.0,14475.0,15425.0,13680.0,208874,187858.0,14555.0,194,14560.0,254,14565.0,166,14570.0,202,14575.0,24,14580.0,245,14585.0,290,14590.0,78,14595.0,114,14600.0,141,14575.0
ru2409,,13:39:13.0#,14600.0,14710.0,14475.0,15425.0,13680.0,208878,187862.0,14555.0,195,14560.0,254,14565.0,166,14570.0,202,14575.0,131,14580.0,243,14585.0,256,14590.0,78,14595.0,114,14600.0,141,14575.0
ru2409,,13:39:13.500#,14600.0,14710.0,14475.0,15425.0,13680.0,209012,187881.0,14555.0,195,14560.0,254,14565.0,167,14570.0,202,14575.0,12,14580.0,232,14585.0,256,14590.0,78,14595.0,114,14600.0,141,14575.0
ru2409,,13:39:14.0#,14600.0,14710.0,14475.0,15425.0,13680.0,209027,187893.0,14550.0,340,14555.0,195,14560.0,255,14565.0,167,14570.0,202,14575.0,21,14580.0,247,14585.0,249,14590.0,88,14595.0,114,14575.0
ru2409,,13:39:14.500#,14600.0,14710.0,14475.0,15425.0,13680.0,209075,187914.0,14550.0,344,14555.0,196,14560.0,254,14565.0,173,14570.0,205,14575.0,87,14580.0,206,14585.0,249,14590.0,88,14595.0,118,14570.0
ru2409,,13:39:15.0#,14600.0,14710.0,14475.0,15425.0,13680.0,209147,187891.0,14550.0,344,14555.0,196,14560.0,254,14565.0,182,14570.0,168,14575.0,168,14580.0,161,14585.0,246,14590.0,88,14595.0,118,14570.0
ru2409,,13:39:15.500#,14600.0,14710.0,14475.0,15425.0,13680.0,209148,187891.0,14550.0,344,14555.0,197,14560.0,254,14565.0,182,14570.0,161,14575.0,182,14580.0,151,14585.0,246,14590.0,89,14595.0,118,14575.0
ru2409,,13:39:16.0#,14600.0,14710.0,14475.0,15425.0,13680.0,209159,187890.0,14550.0,344,14555.0,197,14560.0,254,14565.0,182,14570.0,154,14575.0,182,14580.0,151,14585.0,243,14590.0,90,14595.0,118,14575.0
ru2409,,13:39:16.500#,14600.0,14710.0,14475.0,15425.0,13680.0,209162,187887.0,14550.0,344,14555.0,197,14560.0,254,14565.0,182,14570.0,152,14575.0,203,14580.0,151,14585.0,243,14590.0,90,14595.0,118,14570.0
ru2409,,13:39:17.0#,14600.0,14710.0,14475.0,15425.0,13680.0,209165,187888.0,14550.0,344,14555.0,198,14560.0,254,14565.0,182,14570.0,159,14575.0,206,14580.0,152,14585.0,242,14590.0,90,14595.0,118,14570.0
ru2409,,13:39:17.500#,14600.0,14710.0,14475.0,15425.0,13680.0,209176,187888.0,14550.0,349,14555.0,198,14560.0,237,14565.0,182,14570.0,161,14575.0,196,14580.0,151,14585.0,242,14590.0,90,14595.0,98,14570.0
ru2409,,13:39:18.0#,14600.0,14710.0,14475.0,15425.0,13680.0,209190,187887.0,14550.0,349,14555.0,198,14560.0,237,14565.0,183,14570.0,155,14575.0,198,14580.0,151,14585.0,242,14590.0,90,14595.0,99,14575.0
ru2409,,13:39:18.500#,14600.0,14710.0,14475.0,15425.0,13680.0,209194,187885.0,14550.0,349,14555.0,198,14560.0,238,14565.0,183,14570.0,161,14575.0,195,14580.0,151,14585.0,242,14590.0,89,14595.0,99,14575.0
ru2409,,13:39:19.0#,14600.0,14710.0,14475.0,15425.0,13680.0,209205,187883.0,14550.0,349,14555.0,198,14560.0,238,14565.0,183,14570.0,157,14575.0,192,14580.0,152,14585.0,243,14590.0,89,14595.0,99,14570.0
ru2409,,13:39:19.500#,14600.0,14710.0,14475.0,15425.0,13680.0,209209,187882.0,14550.0,349,14555.0,198,14560.0,238,14565.0,183,14570.0,158,14575.0,192,14580.0,152,14585.0,239,14590.0,89,14595.0,99,14570.0
ru2409,,13:39:20.0#,14600.0,14710.0,14475.0,15425.0,13680.0,209214,187885.0,14550.0,350,14555.0,198,14560.0,238,14565.0,184,14570.0,149,14575.0,206,14580.0,153,14585.0,239,14590.0,89,14595.0,99,14575.0
ru2409,,13:39:20.500#,14600.0,14710.0,14475.0,15425.0,13680.0,209218,187883.0,14550.0,350,14555.0,199,14560.0,238,14565.0,183,14570.0,147,14575.0,208,14580.0,154,14585.0,239,14590.0,89,14595.0,99,14575.0
ru2409,,13:39:21.0#,14600.0,14710.0,14475.0,15425.0,13680.0,209218,187883.0,14550.0,350,14555.0,199,14560.0,238,14565.0,183,14570.0,156,14575.0,234,14580.0,148,14585.0,237,14590.0,89,14595.0,99,14575.0
ru2409,,13:39:21.500#,14600.0,14710.0,14475.0,15425.0,13680.0,209218,187883.0,14550.0,351,14555.0,198,14560.0,238,14565.0,183,14570.0,158,14575.0,250,14580.0,148,14585.0,237,14590.0,89,14595.0,99,14575.0
ru2409,,13:39:22.0#,14600.0,14710.0,14475.0,15425.0,13680.0,209224,187886.0,14550.0,351,14555.0,198,14560.0,237,14565.0,208,14570.0,154,14575.0,252,14580.0,148,14585.0,237,14590.0,89,14595.0,99,14570.0
ru2409,,13:39:22.500#,14600.0,14710.0,14475.0,15425.0,13680.0,209226,187886.0,14550.0,351,14555.0,196,14560.0,238,14565.0,209,14570.0,153,14575.0,253,14580.0,147,14585.0,212,14590.0,89,14595.0,99,14575.0
ru2409,,13:39:23.0#,14600.0,14710.0,14475.0,15425.0,13680.0,209233,187892.0,14550.0,351,14555.0,196,14560.0,241,14565.0,209,14570.0,153,14575.0,255,14580.0,148,14585.0,210,14590.0,89,14595.0,99,14570.0
ru2409,,13:39:23.500#,14600.0,14710.0,14475.0,15425.0,13680.0,209242,187888.0,14550.0,351,14555.0,196,14560.0,241,14565.0,213,14570.0,145,14575.0,255,14580.0,148,14585.0,202,14590.0,89,14595.0,99,14570.0
ru2409,,13:39:24.0#,14600.0,14710.0,14475.0,15425.0,13680.0,209246,187885.0,14550.0,351,14555.0,195,14560.0,241,14565.0,214,14570.0,142,14575.0,261,14580.0,147,14585.0,201,14590.0,89,14595.0,99,14570.0
ru2409,,13:39:24.500#,14600.0,14710.0,14475.0,15425.0,13680.0,209257,187886.0,14550.0,351,14555.0,195,14560.0,241,14565.0,222,14570.0,127,14575.0,265,14580.0,147,14585.0,201,14590.0,89,14595.0,100,14570.0
ru2409,,13:39:25.0#,14600.0,14710.0,14475.0,15425.0,13680.0,209260,187885.0,14550.0,351,14555.0,195,14560.0,242,14565.0,222,14570.0,173,14575.0,268,14580.0,147,14585.0,241,14590.0,89,14595.0,100,14570.0
ru2409,,13:39:25.500#,14600.0,14710.0,14475.0,15425.0,13680.0,209266,187886.0,14550.0,349,14555.0,195,14560.0,242,14565.0,222,14570.0,188,14575.0,268,14580.0,147,14585.0,241,14590.0,90,14595.0,100,14570.0
ru2409,,13:39:26.0#,14600.0,14710.0,14475.0,15425.0,13680.0,209278,187878.0,14550.0,349,14555.0,195,14560.0,242,14565.0,222,14570.0,211,14575.0,262,14580.0,147,14585.0,241,14590.0,89,14595.0,100,14575.0
ru2409,,13:39:26.500#,14600.0,14710.0,14475.0,15425.0,13680.0,209287,187874.0,14550.0,349,14555.0,195,14560.0,242,14565.0,222,14570.0,212,14575.0,256,14580.0,147,14585.0,240,14590.0,89,14595.0,100,14570.0
ru2409,,13:39:27.0#,14600.0,14710.0,14475.0,15425.0,13680.0,209330,187894.0,14550.0,349,14555.0,195,14560.0,240,14565.0,222,14570.0,225,14575.0,215,14580.0,147,14585.0,240,14590.0,89,14595.0,100,14575.0
ru2409,,13:39:27.500#,14600.0,14710.0,14475.0,15425.0,13680.0,209552,188020.0,14555.0,195,14560.0,241,14565.0,223,14570.0,239,14575.0,83,14580.0,147,14585.0,240,14590.0,88,14595.0,96,14600.0,135,14575.0
ru2409,,13:39:28.0#,14600.0,14710.0,14475.0,15425.0,13680.0,209567,188026.0,14555.0,195,14560.0,241,14565.0,224,14570.0,249,14575.0,127,14580.0,159,14585.0,240,14590.0,88,14595.0,96,14600.0,135,14580.0
ru2409,,13:39:28.500#,14600.0,14710.0,14475.0,15425.0,13680.0,209574,188031.0,14555.0,195,14560.0,241,14565.0,225,14570.0,250,14575.0,127,14580.0,162,14585.0,240,14590.0,88,14595.0,96,14600.0,135,14575.0
ru2409,,13:39:29.0#,14600.0,14710.0,14475.0,15425.0,13680.0,209580,188031.0,14555.0,195,14560.0,242,14565.0,226,14570.0,254,14575.0,129,14580.0,174,14585.0,239,14590.0,88,14595.0,96,14600.0,136,14575.0
ru2409,,13:39:29.500#,14600.0,14710.0,14475.0,15425.0,13680.0,209582,188032.0,14555.0,236,14560.0,244,14565.0,226,14570.0,256,14575.0,129,14580.0,167,14585.0,239,14590.0,88,14595.0,96,14600.0,136,14575.0
ru2409,,13:39:30.0#,14600.0,14710.0,14475.0,15425.0,13680.0,209584,188033.0,14555.0,238,14560.0,244,14565.0,227,14570.0,257,14575.0,128,14580.0,170,14585.0,239,14590.0,90,14595.0,96,14600.0,136,14575.0
ru2409,,13:39:30.500#,14600.0,14710.0,14475.0,15425.0,13680.0,209586,188035.0,14555.0,239,14560.0,244,14565.0,226,14570.0,263,14575.0,126,14580.0,174,14585.0,239,14590.0,90,14595.0,98,14600.0,136,14575.0
ru2409,,13:39:31.0#,14600.0,14710.0,14475.0,15425.0,13680.0,209586,188035.0,14555.0,239,14560.0,243,14565.0,226,14570.0,264,14575.0,131,14580.0,177,14585.0,239,14590.0,90,14595.0,98,14600.0,136,14575.0
ru2409,,13:39:31.500#,14600.0,14710.0,14475.0,15425.0,13680.0,209589,188036.0,14555.0,239,14560.0,243,14565.0,226,14570.0,265,14575.0,131,14580.0,179,14585.0,241,14590.0,90,14595.0,98,14600.0,136,14575.0
ru2409,,13:39:32.0#,14600.0,14710.0,14475.0,15425.0,13680.0,209589,188036.0,14555.0,239,14560.0,233,14565.0,226,14570.0,267,14575.0,139,14580.0,181,14585.0,241,14590.0,90,14595.0,98,14600.0,136,14575.0
ru2409,,13:39:32.500#,14600.0,14710.0,14475.0,15425.0,13680.0,209590,188036.0,14555.0,240,14560.0,233,14565.0,218,14570.0,273,14575.0,143,14580.0,181,14585.0,246,14590.0,90,14595.0,98,14600.0,136,14575.0
ru2409,,13:39:33.0#,14600.0,14710.0,14475.0,15425.0,13680.0,209591,188035.0,14555.0,240,14560.0,233,14565.0,218,14570.0,274,14575.0,145,14580.0,185,14585.0,246,14590.0,90,14595.0,98,14600.0,136,14580.0
ru2409,,13:39:33.500#,14600.0,14710.0,14475.0,15425.0,13680.0,209598,188029.0,14555.0,241,14560.0,234,14565.0,218,14570.0,263,14575.0,147,14580.0,186,14585.0,246,14590.0,90,14595.0,97,14600.0,136,14580.0
ru2409,,13:39:34.0#,14600.0,14710.0,14475.0,15425.0,13680.0,209601,188026.0,14555.0,241,14560.0,234,14565.0,218,14570.0,264,14575.0,147,14580.0,193,14585.0,246,14590.0,90,14595.0,97,14600.0,136,14580.0
ru2409,,13:39:34.500#,14600.0,14710.0,14475.0,15425.0,13680.0,209602,188026.0,14555.0,241,14560.0,234,14565.0,218,14570.0,264,14575.0,146,14580.0,193,14585.0,246,14590.0,90,14595.0,97,14600.0,136,14575.0
ru2409,,13:39:35.0#,14600.0,14710.0,14475.0,15425.0,13680.0,209603,188027.0,14555.0,241,14560.0,234,14565.0,219,14570.0,264,14575.0,145,14580.0,193,14585.0,246,14590.0,90,14595.0,97,14600.0,136,14575.0
ru2409,,13:39:35.500#,14600.0,14710.0,14475.0,15425.0,13680.0,209613,188031.0,14555.0,241,14560.0,229,14565.0,219,14570.0,265,14575.0,154,14580.0,184,14585.0,245,14590.0,91,14595.0,97,14600.0,136,14580.0
ru2409,,13:39:36.0#,14600.0,14710.0,14475.0,15425.0,13680.0,209643,188031.0,14555.0,241,14560.0,229,14565.0,219,14570.0,265,14575.0,157,14580.0,156,14585.0,245,14590.0,91,14595.0,97,14600.0,136,14580.0
ru2409,,13:39:36.500#,14600.0,14710.0,14475.0,15425.0,13680.0,209646,188033.0,14555.0,241,14560.0,229,14565.0,219,14570.0,265,14575.0,157,14580.0,157,14585.0,245,14590.0,91,14595.0,97,14600.0,136,14575.0
ru2409,,13:39:37.0#,14600.0,14710.0,14475.0,15425.0,13680.0,209651,188034.0,14555.0,241,14560.0,229,14565.0,220,14570.0,265,14575.0,151,14580.0,159,14585.0,245,14590.0,91,14595.0,99,14600.0,136,14580.0
ru2409,,13:39:37.500#,14600.0,14710.0,14475.0,15425.0,13680.0,209652,188033.0,14555.0,236,14560.0,239,14565.0,220,14570.0,264,14575.0,154,14580.0,170,14585.0,245,14590.0,91,14595.0,99,14600.0,136,14580.0
ru2409,,13:39:38.0#,14600.0,14710.0,14475.0,15425.0,13680.0,209659,188028.0,14555.0,236,14560.0,239,14565.0,221,14570.0,264,14575.0,160,14580.0,168,14585.0,246,14590.0,92,14595.0,99,14600.0,136,14580.0
ru2409,,13:39:38.500#,14600.0,14710.0,14475.0,15425.0,13680.0,209661,188027.0,14555.0,236,14560.0,239,14565.0,221,14570.0,264,14575.0,171,14580.0,167,14585.0,246,14590.0,92,14595.0,99,14600.0,136,14575.0
ru2409,,13:39:39.0#,14600.0,14710.0,14475.0,15425.0,13680.0,209662,188026.0,14555.0,236,14560.0,239,14565.0,221,14570.0,264,14575.0,172,14580.0,174,14585.0,252,14590.0,92,14595.0,99,14600.0,136,14580.0
ru2409,,13:39:39.500#,14600.0,14710.0,14475.0,15425.0,13680.0,209663,188026.0,14555.0,236,14560.0,239,14565.0,221,14570.0,264,14575.0,172,14580.0,175,14585.0,252,14590.0,92,14595.0,99,14600.0,136,14575.0
ru2409,,13:39:40.0#,14600.0,14710.0,14475.0,15425.0,13680.0,209663,188026.0,14555.0,236,14560.0,239,14565.0,211,14570.0,244,14575.0,192,14580.0,178,14585.0,252,14590.0,92,14595.0,99,14600.0,136,14575.0
ru2409,,13:39:40.500#,14600.0,14710.0,14475.0,15425.0,13680.0,209667,188025.0,14555.0,236,14560.0,239,14565.0,211,14570.0,244,14575.0,196,14580.0,176,14585.0,251,14590.0,91,14595.0,99,14600.0,136,14580.0
ru2409,,13:39:41.0#,14600.0,14710.0,14475.0,15425.0,13680.0,209670,188026.0,14555.0,236,14560.0,244,14565.0,211,14570.0,246,14575.0,198,14580.0,174,14585.0,251,14590.0,91,14595.0,99,14600.0,136,14580.0
ru2409,,13:39:41.500#,14600.0,14710.0,14475.0,15425.0,13680.0,209679,188029.0,14555.0,236,14560.0,241,14565.0,211,14570.0,248,14575.0,200,14580.0,192,14585.0,251,14590.0,91,14595.0,99,14600.0,136,14580.0
ru2409,,13:39:42.0#,14600.0,14710.0,14475.0,15425.0,13680.0,209683,188027.0,14555.0,236,14560.0,242,14565.0,211,14570.0,248,14575.0,200,14580.0,190,14585.0,251,14590.0,91,14595.0,99,14600.0,136,14580.0
ru2409,,13:39:42.500#,14600.0,14710.0,14475.0,15425.0,13680.0,209685,188027.0,14555.0,236,14560.0,241,14565.0,211,14570.0,255,14575.0,195,14580.0,192,14585.0,251,14590.0,91,14595.0,99,14600.0,136,14575.0
ru2409,,13:39:43.0#,14600.0,14710.0,14475.0,15425.0,13680.0,209685,188027.0,14555.0,236,14560.0,241,14565.0,211,14570.0,253,14575.0,196,14580.0,193,14585.0,252,14590.0,91,14595.0,99,14600.0,138,14575.0
ru2409,,13:39:43.500#,14600.0,14710.0,14475.0,15425.0,13680.0,209699,188025.0,14555.0,236,14560.0,241,14565.0,211,14570.0,255,14575.0,189,14580.0,187,14585.0,252,14590.0,91,14595.0,99,14600.0,138,14580.0
ru2409,,13:39:44.0#,14600.0,14710.0,14475.0,15425.0,13680.0,209703,188023.0,14555.0,226,14560.0,241,14565.0,211,14570.0,259,14575.0,182,14580.0,183,14585.0,252,14590.0,91,14595.0,99,14600.0,138,14580.0
ru2409,,13:39:44.500#,14600.0,14710.0,14475.0,15425.0,13680.0,209703,188023.0,14555.0,226,14560.0,241,14565.0,211,14570.0,259,14575.0,185,14580.0,193,14585.0,252,14590.0,91,14595.0,99,14600.0,138,14580.0
ru2409,,13:39:45.0#,14600.0,14710.0,14475.0,15425.0,13680.0,209703,188023.0,14555.0,226,14560.0,241,14565.0,211,14570.0,259,14575.0,186,14580.0,196,14585.0,254,14590.0,91,14595.0,99,14600.0,137,14580.0
ru2409,,13:39:45.500#,14600.0,14710.0,14475.0,15425.0,13680.0,209713,188021.0,14555.0,226,14560.0,241,14565.0,211,14570.0,259,14575.0,190,14580.0,198,14585.0,254,14590.0,91,14595.0,99,14600.0,138,14580.0
ru2409,,13:39:46.0#,14600.0,14710.0,14475.0,15425.0,13680.0,209737,188020.0,14555.0,226,14560.0,241,14565.0,211,14570.0,263,14575.0,186,14580.0,182,14585.0,234,14590.0,91,14595.0,99,14600.0,138,14580.0
ru2409,,13:39:46.500#,14600.0,14710.0,14475.0,15425.0,13680.0,209764,188024.0,14555.0,226,14560.0,240,14565.0,211,14570.0,263,14575.0,159,14580.0,183,14585.0,234,14590.0,91,14595.0,99,14600.0,138,14575.0
ru2409,,13:39:47.0#,14600.0,14710.0,14475.0,15425.0,13680.0,209766,188024.0,14555.0,226,14560.0,240,14565.0,211,14570.0,263,14575.0,162,14580.0,188,14585.0,234,14590.0,91,14595.0,99,14600.0,138,14580.0
ru2409,,13:39:47.500#,14600.0,14710.0,14475.0,15425.0,13680.0,209767,188024.0,14555.0,226,14560.0,240,14565.0,211,14570.0,264,14575.0,164,14580.0,195,14585.0,234,14590.0,91,14595.0,101,14600.0,138,14580.0
ru2409,,13:39:48.0#,14600.0,14710.0,14475.0,15425.0,13680.0,209768,188023.0,14555.0,226,14560.0,241,14565.0,211,14570.0,264,14575.0,162,14580.0,183,14585.0,234,14590.0,91,14595.0,101,14600.0,138,14575.0
ru2409,,13:39:48.500#,14600.0,14710.0,14475.0,15425.0,13680.0,209770,188025.0,14555.0,236,14560.0,241,14565.0,210,14570.0,264,14575.0,162,14580.0,189,14585.0,234,14590.0,91,14595.0,101,14600.0,138,14580.0
ru2409,,13:39:49.0#,14600.0,14710.0,14475.0,15425.0,13680.0,209770,188025.0,14555.0,236,14560.0,242,14565.0,210,14570.0,264,14575.0,163,14580.0,190,14585.0,234,14590.0,91,14595.0,101,14600.0,138,14580.0
ru2409,,13:39:49.500#,14600.0,14710.0,14475.0,15425.0,13680.0,209771,188024.0,14555.0,236,14560.0,242,14565.0,209,14570.0,265,14575.0,166,14580.0,185,14585.0,234,14590.0,91,14595.0,101,14600.0,140,14575.0
ru2409,,13:39:50.0#,14600.0,14710.0,14475.0,15425.0,13680.0,209774,188024.0,14555.0,236,14560.0,242,14565.0,209,14570.0,268,14575.0,167,14580.0,185,14585.0,234,14590.0,91,14595.0,101,14600.0,140,14580.0
ru2409,,13:39:50.500#,14600.0,14710.0,14475.0,15425.0,13680.0,209775,188024.0,14555.0,236,14560.0,242,14565.0,209,14570.0,269,14575.0,170,14580.0,194,14585.0,234,14590.0,91,14595.0,101,14600.0,140,14580.0
ru2409,,13:39:51.0#,14600.0,14710.0,14475.0,15425.0,13680.0,209777,188023.0,14555.0,236,14560.0,238,14565.0,208,14570.0,269,14575.0,171,14580.0,194,14585.0,234,14590.0,91,14595.0,101,14600.0,140,14575.0
ru2409,,13:39:51.500#,14600.0,14710.0,14475.0,15425.0,13680.0,209778,188023.0,14555.0,232,14560.0,238,14565.0,208,14570.0,279,14575.0,170,14580.0,196,14585.0,234,14590.0,91,14595.0,96,14600.0,140,14580.0
ru2409,,13:39:52.0#,14600.0,14710.0,14475.0,15425.0,13680.0,209791,188019.0,14555.0,232,14560.0,237,14565.0,208,14570.0,279,14575.0,157,14580.0,201,14585.0,234,14590.0,91,14595.0,96,14600.0,140,14575.0
ru2409,,13:39:52.500#,14600.0,14710.0,14475.0,15425.0,13680.0,209793,188021.0,14555.0,233,14560.0,237,14565.0,208,14570.0,280,14575.0,159,14580.0,200,14585.0,239,14590.0,91,14595.0,96,14600.0,140,14580.0
ru2409,,13:39:53.0#,14600.0,14710.0,14475.0,15425.0,13680.0,209795,188021.0,14555.0,233,14560.0,237,14565.0,208,14570.0,284,14575.0,159,14580.0,202,14585.0,239,14590.0,91,14595.0,96,14600.0,140,14575.0
ru2409,,13:39:53.500#,14600.0,14710.0,14475.0,15425.0,13680.0,209798,188021.0,14555.0,233,14560.0,237,14565.0,207,14570.0,284,14575.0,157,14580.0,202,14585.0,239,14590.0,91,14595.0,96,14600.0,140,14575.0
ru2409,,13:39:54.0#,14600.0,14710.0,14475.0,15425.0,13680.0,209798,188021.0,14555.0,233,14560.0,238,14565.0,207,14570.0,284,14575.0,158,14580.0,202,14585.0,239,14590.0,91,14595.0,96,14600.0,140,14575.0
ru2409,,13:39:54.500#,14600.0,14710.0,14475.0,15425.0,13680.0,209800,188021.0,14555.0,233,14560.0,238,14565.0,207,14570.0,284,14575.0,161,14580.0,201,14585.0,239,14590.0,91,14595.0,96,14600.0,140,14580.0
ru2409,,13:39:55.0#,14600.0,14710.0,14475.0,15425.0,13680.0,209800,188021.0,14555.0,233,14560.0,228,14565.0,207,14570.0,286,14575.0,163,14580.0,204,14585.0,239,14590.0,91,14595.0,96,14600.0,140,14580.0
ru2409,,13:39:55.500#,14600.0,14710.0,14475.0,15425.0,13680.0,209804,188022.0,14555.0,233,14560.0,228,14565.0,207,14570.0,286,14575.0,160,14580.0,205,14585.0,239,14590.0,91,14595.0,91,14600.0,134,14580.0
ru2409,,13:39:56.0#,14600.0,14710.0,14475.0,15425.0,13680.0,209805,188022.0,14555.0,233,14560.0,228,14565.0,207,14570.0,287,14575.0,159,14580.0,205,14585.0,237,14590.0,91,14595.0,91,14600.0,134,14580.0
ru2409,,13:39:56.500#,14600.0,14710.0,14475.0,15425.0,13680.0,209818,188021.0,14555.0,233,14560.0,229,14565.0,208,14570.0,288,14575.0,155,14580.0,200,14585.0,237,14590.0,91,14595.0,91,14600.0,134,14580.0
ru2409,,13:39:57.0#,14600.0,14710.0,14475.0,15425.0,13680.0,209818,188021.0,14555.0,233,14560.0,229,14565.0,208,14570.0,289,14575.0,155,14580.0,199,14585.0,237,14590.0,91,14595.0,91,14600.0,134,14580.0
ru2409,,13:39:57.500#,14600.0,14710.0,14475.0,15425.0,13680.0,209821,188018.0,14555.0,233,14560.0,229,14565.0,208,14570.0,289,14575.0,153,14580.0,199,14585.0,237,14590.0,92,14595.0,89,14600.0,134,14575.0
ru2409,,13:39:58.0#,14600.0,14710.0,14475.0,15425.0,13680.0,209823,188017.0,14555.0,233,14560.0,228,14565.0,208,14570.0,292,14575.0,162,14580.0,204,14585.0,237,14590.0,92,14595.0,89,14600.0,134,14575.0
ru2409,,13:39:58.500#,14600.0,14710.0,14475.0,15425.0,13680.0,209828,188017.0,14555.0,233,14560.0,228,14565.0,208,14570.0,291,14575.0,160,14580.0,205,14585.0,237,14590.0,92,14595.0,89,14600.0,134,14575.0
ru2409,,13:39:59.0#,14600.0,14710.0,14475.0,15425.0,13680.0,209829,188017.0,14555.0,233,14560.0,228,14565.0,208,14570.0,291,14575.0,157,14580.0,206,14585.0,237,14590.0,92,14595.0,89,14600.0,135,14575.0
ru2409,,13:39:59.500#,14600.0,14710.0,14475.0,15425.0,13680.0,209832,188018.0,14555.0,233,14560.0,228,14565.0,208,14570.0,292,14575.0,162,14580.0,203,14585.0,237,14590.0,92,14595.0,89,14600.0,135,14580.0
ru2409,,13:40:00.0#,14600.0,14710.0,14475.0,15425.0,13680.0,209836,188016.0,14555.0,233,14560.0,228,14565.0,208,14570.0,291,14575.0,162,14580.0,214,14585.0,237,14590.0,92,14595.0,89,14600.0,135,14580.0
ru2409,,13:40:00.500#,14600.0,14710.0,14475.0,15425.0,13680.0,209838,188017.0,14555.0,234,14560.0,227,14565.0,208,14570.0,292,14575.0,162,14580.0,218,14585.0,237,14590.0,100,14595.0,93,14600.0,135,14580.0
ru2409,,13:40:01.0#,14600.0,14710.0,14475.0,15425.0,13680.0,209840,188017.0,14555.0,234,14560.0,228,14565.0,208,14570.0,293,14575.0,162,14580.0,227,14585.0,230,14590.0,102,14595.0,93,14600.0,135,14575.0
ru2409,,13:40:01.500#,14600.0,14710.0,14475.0,15425.0,13680.0,209841,188018.0,14555.0,234,14560.0,228,14565.0,208,14570.0,293,14575.0,163,14580.0,245,14585.0,230,14590.0,103,14595.0,93,14600.0,136,14580.0
ru2409,,13:40:02.0#,14600.0,14710.0,14475.0,15425.0,13680.0,209844,188019.0,14555.0,234,14560.0,228,14565.0,208,14570.0,293,14575.0,160,14580.0,247,14585.0,230,14590.0,103,14595.0,93,14600.0,137,14575.0
ru2409,,13:40:02.500#,14600.0,14710.0,14475.0,15425.0,13680.0,209848,188016.0,14555.0,234,14560.0,228,14565.0,208,14570.0,293,14575.0,156,14580.0,258,14585.0,230,14590.0,103,14595.0,93,14600.0,137,14575.0
ru2409,,13:40:03.0#,14600.0,14710.0,14475.0,15425.0,13680.0,209857,188017.0,14555.0,234,14560.0,228,14565.0,208,14570.0,278,14575.0,147,14580.0,262,14585.0,230,14590.0,103,14595.0,93,14600.0,137,14575.0
ru2409,,13:40:03.500#,14600.0,14710.0,14475.0,15425.0,13680.0,210004,187961.0,14550.0,354,14555.0,234,14560.0,228,14565.0,207,14570.0,278,14575.0,38,14580.0,253,14585.0,229,14590.0,103,14595.0,93,14575.0
ru2409,,13:40:04.0#,14600.0,14710.0,14475.0,15425.0,13680.0,210006,187963.0,14550.0,354,14555.0,234,14560.0,228,14565.0,207,14570.0,275,14575.0,142,14580.0,263,14585.0,229,14590.0,102,14595.0,93,14575.0
ru2409,,13:40:04.500#,14600.0,14710.0,14475.0,15425.0,13680.0,210019,187972.0,14550.0,355,14555.0,235,14560.0,228,14565.0,206,14570.0,246,14575.0,159,14580.0,263,14585.0,228,14590.0,102,14595.0,93,14575.0
ru2409,,13:40:05.0#,14600.0,14710.0,14475.0,15425.0,13680.0,210040,187971.0,14550.0,355,14555.0,235,14560.0,230,14565.0,206,14570.0,226,14575.0,165,14580.0,263,14585.0,228,14590.0,102,14595.0,93,14570.0
ru2409,,13:40:05.500#,14600.0,14710.0,14475.0,15425.0,13680.0,210053,187980.0,14550.0,355,14555.0,235,14560.0,231,14565.0,206,14570.0,220,14575.0,180,14580.0,267,14585.0,228,14590.0,102,14595.0,93,14575.0
ru2409,,13:40:06.0#,14600.0,14710.0,14475.0,15425.0,13680.0,210060,187981.0,14550.0,355,14555.0,240,14560.0,231,14565.0,206,14570.0,217,14575.0,179,14580.0,265,14585.0,228,14590.0,102,14595.0,93,14575.0
ru2409,,13:40:06.500#,14600.0,14710.0,14475.0,15425.0,13680.0,210062,187982.0,14550.0,355,14555.0,240,14560.0,231,14565.0,206,14570.0,216,14575.0,185,14580.0,266,14585.0,228,14590.0,102,14595.0,93,14575.0
ru2409,,13:40:07.0#,14600.0,14710.0,14475.0,15425.0,13680.0,210062,187982.0,14550.0,355,14555.0,240,14560.0,231,14565.0,206,14570.0,216,14575.0,185,14580.0,266,14585.0,228,14590.0,102,14595.0,93,14575.0
ru2409,,13:40:07.500#,14600.0,14710.0,14475.0,15425.0,13680.0,210064,187982.0,14550.0,354,14555.0,240,14560.0,232,14565.0,206,14570.0,215,14575.0,198,14580.0,266,14585.0,228,14590.0,102,14595.0,94,14575.0
ru2409,,13:40:08.0#,14600.0,14710.0,14475.0,15425.0,13680.0,210069,187982.0,14550.0,354,14555.0,240,14560.0,232,14565.0,206,14570.0,214,14575.0,222,14580.0,266,14585.0,228,14590.0,102,14595.0,94,14575.0
ru2409,,13:40:08.500#,14600.0,14710.0,14475.0,15425.0,13680.0,210070,187982.0,14550.0,354,14555.0,240,14560.0,232,14565.0,206,14570.0,219,14575.0,224,14580.0,266,14585.0,228,14590.0,102,14595.0,94,14575.0
ru2409,,13:40:09.0#,14600.0,14710.0,14475.0,15425.0,13680.0,210075,187985.0,14550.0,354,14555.0,240,14560.0,232,14565.0,206,14570.0,218,14575.0,222,14580.0,266,14585.0,225,14590.0,102,14595.0,94,14570.0
ru2409,,13:40:09.500#,14600.0,14710.0,14475.0,15425.0,13680.0,210075,187985.0,14550.0,354,14555.0,240,14560.0,232,14565.0,206,14570.0,218,14575.0,225,14580.0,266,14585.0,226,14590.0,102,14595.0,94,14570.0
ru2409,,13:40:10.0#,14600.0,14710.0,14475.0,15425.0,13680.0,210075,187985.0,14550.0,354,14555.0,240,14560.0,233,14565.0,205,14570.0,214,14575.0,230,14580.0,266,14585.0,226,14590.0,102,14595.0,94,14570.0
ru2409,,13:40:10.500#,14600.0,14710.0,14475.0,15425.0,13680.0,210076,187985.0,14550.0,360,14555.0,240,14560.0,233,14565.0,205,14570.0,214,14575.0,232,14580.0,266,14585.0,226,14590.0,102,14595.0,94,14570.0
ru2409,,13:40:11.0#,14600.0,14710.0,14475.0,15425.0,13680.0,210080,187984.0,14550.0,360,14555.0,240,14560.0,233,14565.0,206,14570.0,216,14575.0,234,14580.0,259,14585.0,226,14590.0,99,14595.0,94,14575.0
ru2409,,13:40:11.500#,14600.0,14710.0,14475.0,15425.0,13680.0,210082,187984.0,14550.0,360,14555.0,240,14560.0,233,14565.0,206,14570.0,215,14575.0,248,14580.0,260,14585.0,226,14590.0,99,14595.0,94,14570.0
ru2409,,13:40:12.0#,14600.0,14710.0,14475.0,15425.0,13680.0,210092,187984.0,14550.0,361,14555.0,240,14560.0,233,14565.0,207,14570.0,197,14575.0,245,14580.0,259,14585.0,226,14590.0,99,14595.0,94,14570.0
ru2409,,13:40:12.500#,14600.0,14710.0,14475.0,15425.0,13680.0,210095,187987.0,14550.0,361,14555.0,240,14560.0,231,14565.0,207,14570.0,196,14575.0,248,14580.0,259,14585.0,226,14590.0,99,14595.0,94,14570.0
ru2409,,13:40:13.0#,14600.0,14710.0,14475.0,15425.0,13680.0,210097,187988.0,14550.0,361,14555.0,240,14560.0,231,14565.0,207,14570.0,194,14575.0,251,14580.0,258,14585.0,226,14590.0,99,14595.0,94,14570.0
ru2409,,13:40:13.500#,14600.0,14710.0,14475.0,15425.0,13680.0,210099,187988.0,14550.0,361,14555.0,240,14560.0,231,14565.0,208,14570.0,193,14575.0,254,14580.0,258,14585.0,226,14590.0,99,14595.0,94,14570.0
ru2409,,13:40:14.0#,14600.0,14710.0,14475.0,15425.0,13680.0,210112,187993.0,14550.0,361,14555.0,241,14560.0,231,14565.0,208,14570.0,186,14575.0,250,14580.0,254,14585.0,226,14590.0,99,14595.0,95,14575.0
ru2409,,13:40:14.500#,14600.0,14710.0,14475.0,15425.0,13680.0,210123,187998.0,14550.0,361,14555.0,241,14560.0,231,14565.0,209,14570.0,180,14575.0,271,14580.0,248,14585.0,226,14590.0,104,14595.0,95,14575.0
ru2409,,13:40:15.0#,14600.0,14710.0,14475.0,15425.0,13680.0,210126,188000.0,14550.0,361,14555.0,241,14560.0,232,14565.0,209,14570.0,177,14575.0,273,14580.0,248,14585.0,226,14590.0,104,14595.0,95,14570.0
ru2409,,13:40:15.500#,14600.0,14710.0,14475.0,15425.0,13680.0,210130,187997.0,14550.0,363,14555.0,241,14560.0,232,14565.0,210,14570.0,173,14575.0,273,14580.0,248,14585.0,226,14590.0,104,14595.0,95,14570.0
ru2409,,13:40:16.0#,14600.0,14710.0,14475.0,15425.0,13680.0,210133,187998.0,14550.0,363,14555.0,241,14560.0,232,14565.0,210,14570.0,171,14575.0,272,14580.0,248,14585.0,225,14590.0,104,14595.0,95,14570.0
ru2409,,13:40:16.500#,14600.0,14710.0,14475.0,15425.0,13680.0,210138,187996.0,14550.0,363,14555.0,241,14560.0,232,14565.0,210,14570.0,172,14575.0,275,14580.0,249,14585.0,225,14590.0,104,14595.0,95,14570.0
ru2409,,13:40:17.0#,14600.0,14710.0,14475.0,15425.0,13680.0,210143,187997.0,14550.0,364,14555.0,241,14560.0,232,14565.0,211,14570.0,170,14575.0,278,14580.0,248,14585.0,225,14590.0,105,14595.0,95,14570.0
ru2409,,13:40:17.500#,14600.0,14710.0,14475.0,15425.0,13680.0,210149,187996.0,14550.0,365,14555.0,241,14560.0,232,14565.0,211,14570.0,167,14575.0,278,14580.0,248,14585.0,225,14590.0,105,14595.0,95,14570.0
ru2409,,13:40:18.0#,14600.0,14710.0,14475.0,15425.0,13680.0,210154,187998.0,14550.0,365,14555.0,241,14560.0,232,14565.0,212,14570.0,163,14575.0,278,14580.0,248,14585.0,225,14590.0,105,14595.0,95,14575.0
ru2409,,13:40:18.500#,14600.0,14710.0,14475.0,15425.0,13680.0,210163,187996.0,14550.0,365,14555.0,241,14560.0,232,14565.0,212,14570.0,163,14575.0,278,14580.0,248,14585.0,225,14590.0,105,14595.0,95,14575.0
ru2409,,13:40:19.0#,14600.0,14710.0,14475.0,15425.0,13680.0,210168,188001.0,14550.0,365,14555.0,242,14560.0,232,14565.0,222,14570.0,165,14575.0,283,14580.0,248,14585.0,225,14590.0,105,14595.0,95,14570.0
ru2409,,13:40:19.500#,14600.0,14710.0,14475.0,15425.0,13680.0,210191,188011.0,14550.0,365,14555.0,242,14560.0,232,14565.0,222,14570.0,142,14575.0,284,14580.0,247,14585.0,225,14590.0,105,14595.0,95,14570.0
ru2409,,13:40:20.0#,14600.0,14710.0,14475.0,15425.0,13680.0,210207,188017.0,14550.0,365,14555.0,242,14560.0,232,14565.0,222,14570.0,126,14575.0,285,14580.0,247,14585.0,225,14590.0,105,14595.0,95,14570.0
ru2409,,13:40:20.500#,14600.0,14710.0,14475.0,15425.0,13680.0,210252,188045.0,14550.0,365,14555.0,242,14560.0,232,14565.0,222,14570.0,83,14575.0,260,14580.0,247,14585.0,225,14590.0,105,14595.0,94,14575.0
ru2409,,13:40:21.0#,14600.0,14710.0,14475.0,15425.0,13680.0,210267,188043.0,14550.0,365,14555.0,242,14560.0,232,14565.0,222,14570.0,75,14575.0,265,14580.0,247,14585.0,226,14590.0,109,14595.0,94,14575.0
ru2409,,13:40:21.500#,14600.0,14710.0,14475.0,15425.0,13680.0,210271,188042.0,14550.0,365,14555.0,242,14560.0,232,14565.0,222,14570.0,80,14575.0,269,14580.0,246,14585.0,226,14590.0,109,14595.0,94,14575.0
ru2409,,13:40:22.0#,14600.0,14710.0,14475.0,15425.0,13680.0,210278,188043.0,14550.0,366,14555.0,242,14560.0,233,14565.0,222,14570.0,83,14575.0,280,14580.0,246,14585.0,226,14590.0,109,14595.0,94,14575.0
ru2409,,13:40:22.500#,14600.0,14710.0,14475.0,15425.0,13680.0,210290,188041.0,14550.0,366,14555.0,242,14560.0,233,14565.0,224,14570.0,99,14575.0,272,14580.0,246,14585.0,226,14590.0,108,14595.0,94,14570.0
ru2409,,13:40:23.0#,14600.0,14710.0,14475.0,15425.0,13680.0,210297,188043.0,14550.0,366,14555.0,243,14560.0,233,14565.0,224,14570.0,111,14575.0,273,14580.0,246,14585.0,227,14590.0,108,14595.0,94,14570.0
ru2409,,13:40:23.500#,14600.0,14710.0,14475.0,15425.0,13680.0,210300,188043.0,14550.0,366,14555.0,243,14560.0,233,14565.0,224,14570.0,115,14575.0,281,14580.0,246,14585.0,227,14590.0,108,14595.0,94,14570.0
ru2409,,13:40:24.0#,14600.0,14710.0,14475.0,15425.0,13680.0,210304,188041.0,14550.0,367,14555.0,243,14560.0,233,14565.0,225,14570.0,111,14575.0,281,14580.0,246,14585.0,227,14590.0,108,14595.0,94,14570.0
ru2409,,13:40:24.500#,14600.0,14710.0,14475.0,15425.0,13680.0,210308,188040.0,14550.0,367,14555.0,243,14560.0,233,14565.0,225,14570.0,102,14575.0,292,14580.0,245,14585.0,227,14590.0,108,14595.0,94,14570.0
ru2409,,13:40:25.0#,14600.0,14710.0,14475.0,15425.0,13680.0,210319,188042.0,14550.0,367,14555.0,243,14560.0,233,14565.0,225,14570.0,89,14575.0,293,14580.0,245,14585.0,227,14590.0,108,14595.0,94,14570.0
ru2409,,13:40:25.500#,14600.0,14710.0,14475.0,15425.0,13680.0,210326,188041.0,14550.0,367,14555.0,243,14560.0,234,14565.0,225,14570.0,78,14575.0,294,14580.0,245,14585.0,227,14590.0,108,14595.0,94,14570.0
ru2409,,13:40:26.0#,14600.0,14710.0,14475.0,15425.0,13680.0,210339,188038.0,14550.0,367,14555.0,243,14560.0,234,14565.0,225,14570.0,59,14575.0,299,14580.0,245,14585.0,227,14590.0,108,14595.0,94,14570.0
ru2409,,13:40:26.500#,14600.0,14710.0,14475.0,15425.0,13680.0,210359,188040.0,14550.0,367,14555.0,243,14560.0,234,14565.0,225,14570.0,22,14575.0,297,14580.0,245,14585.0,225,14590.0,107,14595.0,94,14570.0
ru2409,,13:40:27.0#,14600.0,14710.0,14475.0,15425.0,13680.0,210383,188034.0,14545.0,84,14550.0,367,14555.0,243,14560.0,234,14565.0,224,14570.0,14,14575.0,297,14580.0,245,14585.0,225,14590.0,107,14570.0
ru2409,,13:40:27.500#,14600.0,14710.0,14475.0,15425.0,13680.0,210388,188033.0,14545.0,75,14550.0,367,14555.0,244,14560.0,235,14565.0,232,14570.0,76,14575.0,268,14580.0,229,14585.0,226,14590.0,111,14570.0
ru2409,,13:40:28.0#,14600.0,14710.0,14475.0,15425.0,13680.0,210388,188033.0,14545.0,76,14550.0,367,14555.0,244,14560.0,233,14565.0,226,14570.0,237,14575.0,230,14580.0,217,14585.0,209,14590.0,111,14570.0
ru2409,,13:40:28.500#,14600.0,14710.0,14475.0,15425.0,13680.0,210389,188032.0,14545.0,76,14550.0,367,14555.0,244,14560.0,233,14565.0,224,14570.0,256,14575.0,228,14580.0,205,14585.0,209,14590.0,111,14570.0
ru2409,,13:40:29.0#,14600.0,14710.0,14475.0,15425.0,13680.0,210394,188033.0,14545.0,76,14550.0,367,14555.0,244,14560.0,232,14565.0,221,14570.0,266,14575.0,227,14580.0,200,14585.0,209,14590.0,111,14565.0
ru2409,,13:40:29.500#,14600.0,14710.0,14475.0,15425.0,13680.0,210474,187990.0,14545.0,76,14550.0,367,14555.0,244,14560.0,232,14565.0,200,14570.0,223,14575.0,243,14580.0,194,14585.0,209,14590.0,111,14570.0
ru2409,,13:40:30.0#,14600.0,14710.0,14475.0,15425.0,13680.0,210477,187992.0,14545.0,76,14550.0,367,14555.0,244,14560.0,232,14565.0,209,14570.0,240,14575.0,245,14580.0,187,14585.0,209,14590.0,111,14565.0
ru2409,,13:40:30.500#,14600.0,14710.0,14475.0,15425.0,13680.0,210494,187995.0,14545.0,76,14550.0,367,14555.0,244,14560.0,233,14565.0,218,14570.0,244,14575.0,243,14580.0,184,14585.0,209,14590.0,112,14570.0
ru2409,,13:40:31.0#,14600.0,14710.0,14475.0,15425.0,13680.0,210495,187996.0,14545.0,76,14550.0,367,14555.0,244,14560.0,232,14565.0,223,14570.0,247,14575.0,243,14580.0,177,14585.0,205,14590.0,112,14570.0
ru2409,,13:40:31.500#,14600.0,14710.0,14475.0,15425.0,13680.0,210509,188008.0,14545.0,76,14550.0,367,14555.0,244,14560.0,232,14565.0,230,14570.0,250,14575.0,243,14580.0,174,14585.0,206,14590.0,112,14570.0
ru2409,,13:40:32.0#,14600.0,14710.0,14475.0,15425.0,13680.0,210511,188008.0,14545.0,76,14550.0,367,14555.0,244,14560.0,232,14565.0,243,14570.0,259,14575.0,245,14580.0,167,14585.0,206,14590.0,112,14570.0
ru2409,,13:40:32.500#,14600.0,14710.0,14475.0,15425.0,13680.0,210524,188004.0,14545.0,76,14550.0,367,14555.0,245,14560.0,232,14565.0,235,14570.0,265,14575.0,245,14580.0,167,14585.0,206,14590.0,111,14565.0
ru2409,,13:40:33.0#,14600.0,14710.0,14475.0,15425.0,13680.0,210524,188004.0,14545.0,76,14550.0,367,14555.0,245,14560.0,232,14565.0,235,14570.0,268,14575.0,246,14580.0,162,14585.0,206,14590.0,111,14565.0
ru2409,,13:40:33.500#,14600.0,14710.0,14475.0,15425.0,13680.0,210525,188004.0,14545.0,76,14550.0,367,14555.0,245,14560.0,232,14565.0,243,14570.0,273,14575.0,245,14580.0,162,14585.0,206,14590.0,111,14565.0
ru2409,,13:40:34.0#,14600.0,14710.0,14475.0,15425.0,13680.0,210529,188006.0,14545.0,76,14550.0,365,14555.0,245,14560.0,232,14565.0,256,14570.0,275,14575.0,244,14580.0,162,14585.0,206,14590.0,111,14565.0
ru2409,,13:40:34.500#,14600.0,14710.0,14475.0,15425.0,13680.0,210534,188008.0,14545.0,76,14550.0,365,14555.0,246,14560.0,232,14565.0,253,14570.0,286,14575.0,242,14580.0,162,14585.0,206,14590.0,111,14565.0
ru2409,,13:40:35.0#,14600.0,14710.0,14475.0,15425.0,13680.0,210535,188008.0,14545.0,76,14550.0,365,14555.0,274,14560.0,232,14565.0,248,14570.0,285,14575.0,242,14580.0,162,14585.0,206,14590.0,111,14570.0
ru2409,,13:40:35.500#,14600.0,14710.0,14475.0,15425.0,13680.0,210541,188014.0,14545.0,76,14550.0,365,14555.0,275,14560.0,232,14565.0,242,14570.0,286,14575.0,241,14580.0,161,14585.0,206,14590.0,111,14565.0
ru2409,,13:40:36.0#,14600.0,14710.0,14475.0,15425.0,13680.0,210542,188015.0,14545.0,76,14550.0,415,14555.0,274,14560.0,232,14565.0,240,14570.0,287,14575.0,241,14580.0,161,14585.0,206,14590.0,111,14565.0
ru2409,,13:40:36.500#,14600.0,14710.0,14475.0,15425.0,13680.0,210553,188010.0,14545.0,76,14550.0,417,14555.0,274,14560.0,233,14565.0,236,14570.0,293,14575.0,241,14580.0,161,14585.0,206,14590.0,111,14570.0
ru2409,,13:40:37.0#,14600.0,14710.0,14475.0,15425.0,13680.0,210553,188010.0,14545.0,76,14550.0,417,14555.0,274,14560.0,233,14565.0,238,14570.0,294,14575.0,241,14580.0,160,14585.0,206,14590.0,111,14570.0
ru2409,,13:40:37.500#,14600.0,14710.0,14475.0,15425.0,13680.0,210554,188010.0,14545.0,76,14550.0,417,14555.0,273,14560.0,234,14565.0,237,14570.0,295,14575.0,240,14580.0,160,14585.0,206,14590.0,111,14565.0
ru2409,,13:40:38.0#,14600.0,14710.0,14475.0,15425.0,13680.0,210566,188008.0,14545.0,81,14550.0,419,14555.0,273,14560.0,236,14565.0,241,14570.0,285,14575.0,240,14580.0,161,14585.0,205,14590.0,111,14565.0
ru2409,,13:40:38.500#,14600.0,14710.0,14475.0,15425.0,13680.0,210568,188009.0,14545.0,81,14550.0,420,14555.0,273,14560.0,236,14565.0,247,14570.0,285,14575.0,240,14580.0,161,14585.0,206,14590.0,111,14565.0
ru2409,,13:40:39.0#,14600.0,14710.0,14475.0,15425.0,13680.0,210569,188010.0,14545.0,81,14550.0,420,14555.0,273,14560.0,236,14565.0,264,14570.0,286,14575.0,240,14580.0,161,14585.0,201,14590.0,111,14565.0
ru2409,,13:40:39.500#,14600.0,14710.0,14475.0,15425.0,13680.0,210603,188018.0,14545.0,81,14550.0,425,14555.0,270,14560.0,235,14565.0,263,14570.0,255,14575.0,239,14580.0,161,14585.0,201,14590.0,111,14570.0
ru2409,,13:40:40.0#,14600.0,14710.0,14475.0,15425.0,13680.0,210666,188045.0,14545.0,81,14550.0,426,14555.0,270,14560.0,235,14565.0,260,14570.0,198,14575.0,236,14580.0,161,14585.0,201,14590.0,116,14570.0
ru2409,,13:40:40.500#,14600.0,14710.0,14475.0,15425.0,13680.0,210782,188117.0,14545.0,81,14550.0,428,14555.0,270,14560.0,235,14565.0,258,14570.0,93,14575.0,236,14580.0,161,14585.0,201,14590.0,116,14570.0
ru2409,,13:40:41.0#,14600.0,14710.0,14475.0,15425.0,13680.0,210881,188139.0,14550.0,428,14555.0,270,14560.0,235,14565.0,266,14570.0,91,14575.0,231,14580.0,161,14585.0,201,14590.0,116,14595.0,84,14575.0
ru2409,,13:40:41.500#,14600.0,14710.0,14475.0,15425.0,13680.0,210922,188130.0,14550.0,428,14555.0,271,14560.0,235,14565.0,273,14570.0,106,14575.0,200,14580.0,161,14585.0,200,14590.0,116,14595.0,84,14570.0
ru2409,,13:40:42.0#,14600.0,14710.0,14475.0,15425.0,13680.0,210924,188130.0,14550.0,427,14555.0,272,14560.0,236,14565.0,273,14570.0,113,14575.0,212,14580.0,160,14585.0,200,14590.0,116,14595.0,85,14575.0
ru2409,,13:40:42.500#,14600.0,14710.0,14475.0,15425.0,13680.0,210924,188130.0,14550.0,427,14555.0,272,14560.0,237,14565.0,275,14570.0,119,14575.0,212,14580.0,157,14585.0,200,14590.0,116,14595.0,85,14575.0
ru2409,,13:40:43.0#,14600.0,14710.0,14475.0,15425.0,13680.0,210925,188131.0,14550.0,427,14555.0,273,14560.0,237,14565.0,276,14570.0,118,14575.0,213,14580.0,157,14585.0,200,14590.0,117,14595.0,84,14570.0
ru2409,,13:40:43.500#,14600.0,14710.0,14475.0,15425.0,13680.0,210928,188133.0,14550.0,429,14555.0,273,14560.0,237,14565.0,277,14570.0,121,14575.0,211,14580.0,157,14585.0,200,14590.0,117,14595.0,84,14570.0
ru2409,,13:40:44.0#,14600.0,14710.0,14475.0,15425.0,13680.0,210933,188131.0,14550.0,430,14555.0,273,14560.0,238,14565.0,277,14570.0,134,14575.0,207,14580.0,157,14585.0,200,14590.0,117,14595.0,84,14575.0
ru2409,,13:40:44.500#,14600.0,14710.0,14475.0,15425.0,13680.0,210934,188132.0,14550.0,430,14555.0,278,14560.0,238,14565.0,278,14570.0,142,14575.0,198,14580.0,157,14585.0,198,14590.0,117,14595.0,84,14575.0
ru2409,,13:40:45.0#,14600.0,14710.0,14475.0,15425.0,13680.0,210938,188133.0,14550.0,430,14555.0,278,14560.0,238,14565.0,278,14570.0,157,14575.0,184,14580.0,157,14585.0,198,14590.0,117,14595.0,84,14570.0
ru2409,,13:40:45.500#,14600.0,14710.0,14475.0,15425.0,13680.0,210941,188136.0,14550.0,430,14555.0,278,14560.0,239,14565.0,278,14570.0,160,14575.0,182,14580.0,157,14585.0,198,14590.0,117,14595.0,84,14575.0
ru2409,,13:40:46.0#,14600.0,14710.0,14475.0,15425.0,13680.0,210946,188136.0,14550.0,429,14555.0,278,14560.0,239,14565.0,278,14570.0,164,14575.0,187,14580.0,157,14585.0,198,14590.0,117,14595.0,84,14575.0
ru2409,,13:40:46.500#,14600.0,14710.0,14475.0,15425.0,13680.0,210959,188141.0,14550.0,428,14555.0,278,14560.0,240,14565.0,278,14570.0,163,14575.0,181,14580.0,149,14585.0,198,14590.0,117,14595.0,84,14575.0
ru2409,,13:40:47.0#,14600.0,14710.0,14475.0,15425.0,13680.0,210961,188141.0,14550.0,428,14555.0,278,14560.0,241,14565.0,278,14570.0,166,14575.0,184,14580.0,149,14585.0,198,14590.0,117,14595.0,84,14575.0
ru2409,,13:40:47.500#,14600.0,14710.0,14475.0,15425.0,13680.0,210964,188141.0,14550.0,428,14555.0,278,14560.0,241,14565.0,278,14570.0,172,14575.0,180,14580.0,149,14585.0,198,14590.0,117,14595.0,84,14575.0
ru2409,,13:40:48.0#,14600.0,14710.0,14475.0,15425.0,13680.0,210965,188142.0,14550.0,428,14555.0,278,14560.0,241,14565.0,278,14570.0,173,14575.0,181,14580.0,149,14585.0,198,14590.0,117,14595.0,84,14570.0
ru2409,,13:40:48.500#,14600.0,14710.0,14475.0,15425.0,13680.0,210965,188142.0,14550.0,428,14555.0,278,14560.0,241,14565.0,278,14570.0,174,14575.0,183,14580.0,150,14585.0,198,14590.0,116,14595.0,84,14570.0
ru2409,,13:40:49.0#,14600.0,14710.0,14475.0,15425.0,13680.0,210967,188144.0,14550.0,427,14555.0,278,14560.0,241,14565.0,279,14570.0,175,14575.0,183,14580.0,150,14585.0,198,14590.0,116,14595.0,84,14570.0
ru2409,,13:40:49.500#,14600.0,14710.0,14475.0,15425.0,13680.0,210968,188143.0,14550.0,427,14555.0,278,14560.0,240,14565.0,281,14570.0,176,14575.0,188,14580.0,150,14585.0,203,14590.0,116,14595.0,87,14575.0
ru2409,,13:40:50.0#,14600.0,14710.0,14475.0,15425.0,13680.0,210969,188144.0,14550.0,427,14555.0,279,14560.0,240,14565.0,280,14570.0,176,14575.0,189,14580.0,151,14585.0,203,14590.0,116,14595.0,87,14570.0
ru2409,,13:40:50.500#,14600.0,14710.0,14475.0,15425.0,13680.0,210969,188144.0,14550.0,427,14555.0,279,14560.0,240,14565.0,281,14570.0,178,14575.0,198,14580.0,151,14585.0,203,14590.0,116,14595.0,87,14570.0
ru2409,,13:40:51.0#,14600.0,14710.0,14475.0,15425.0,13680.0,210972,188144.0,14550.0,427,14555.0,279,14560.0,240,14565.0,281,14570.0,177,14575.0,198,14580.0,151,14585.0,203,14590.0,116,14595.0,87,14575.0
ru2409,,13:40:51.500#,14600.0,14710.0,14475.0,15425.0,13680.0,210972,188144.0,14550.0,427,14555.0,279,14560.0,242,14565.0,281,14570.0,178,14575.0,198,14580.0,153,14585.0,202,14590.0,116,14595.0,88,14575.0
ru2409,,13:40:52.0#,14600.0,14710.0,14475.0,15425.0,13680.0,210975,188144.0,14550.0,427,14555.0,279,14560.0,242,14565.0,281,14570.0,185,14575.0,199,14580.0,153,14585.0,202,14590.0,116,14595.0,88,14575.0
ru2409,,13:40:52.500#,14600.0,14710.0,14475.0,15425.0,13680.0,210975,188144.0,14550.0,427,14555.0,279,14560.0,242,14565.0,276,14570.0,190,14575.0,199,14580.0,163,14585.0,202,14590.0,116,14595.0,88,14575.0
ru2409,,13:40:53.0#,14600.0,14710.0,14475.0,15425.0,13680.0,210990,188146.0,14550.0,427,14555.0,279,14560.0,242,14565.0,275,14570.0,197,14575.0,187,14580.0,162,14585.0,202,14590.0,116,14595.0,88,14575.0
ru2409,,13:40:53.500#,14600.0,14710.0,14475.0,15425.0,13680.0,210994,188148.0,14550.0,428,14555.0,279,14560.0,237,14565.0,276,14570.0,200,14575.0,188,14580.0,162,14585.0,202,14590.0,116,14595.0,88,14570.0
ru2409,,13:40:54.0#,14600.0,14710.0,14475.0,15425.0,13680.0,210995,188149.0,14550.0,428,14555.0,281,14560.0,237,14565.0,276,14570.0,200,14575.0,195,14580.0,162,14585.0,202,14590.0,116,14595.0,89,14575.0
ru2409,,13:40:54.500#,14600.0,14710.0,14475.0,15425.0,13680.0,211007,188159.0,14550.0,428,14555.0,281,14560.0,237,14565.0,276,14570.0,200,14575.0,189,14580.0,162,14585.0,202,14590.0,116,14595.0,89,14575.0
ru2409,,13:40:55.0#,14600.0,14710.0,14475.0,15425.0,13680.0,211008,188160.0,14550.0,428,14555.0,281,14560.0,236,14565.0,276,14570.0,200,14575.0,191,14580.0,162,14585.0,202,14590.0,116,14595.0,89,14575.0
ru2409,,13:40:55.500#,14600.0,14710.0,14475.0,15425.0,13680.0,211008,188160.0,14550.0,428,14555.0,281,14560.0,236,14565.0,276,14570.0,200,14575.0,191,14580.0,161,14585.0,202,14590.0,111,14595.0,83,14575.0
ru2409,,13:40:56.0#,14600.0,14710.0,14475.0,15425.0,13680.0,211008,188160.0,14550.0,428,14555.0,281,14560.0,236,14565.0,276,14570.0,201,14575.0,192,14580.0,161,14585.0,202,14590.0,111,14595.0,83,14575.0
ru2409,,13:40:56.500#,14600.0,14710.0,14475.0,15425.0,13680.0,211009,188161.0,14550.0,428,14555.0,281,14560.0,236,14565.0,276,14570.0,201,14575.0,191,14580.0,161,14585.0,202,14590.0,111,14595.0,83,14575.0
ru2409,,13:40:57.0#,14600.0,14710.0,14475.0,15425.0,13680.0,211012,188164.0,14550.0,428,14555.0,281,14560.0,236,14565.0,277,14570.0,202,14575.0,191,14580.0,161,14585.0,202,14590.0,111,14595.0,83,14575.0
ru2409,,13:40:57.500#,14600.0,14710.0,14475.0,15425.0,13680.0,211014,188164.0,14550.0,428,14555.0,281,14560.0,236,14565.0,277,14570.0,201,14575.0,193,14580.0,161,14585.0,202,14590.0,109,14595.0,79,14570.0
ru2409,,13:40:58.0#,14600.0,14710.0,14475.0,15425.0,13680.0,211016,188164.0,14550.0,428,14555.0,281,14560.0,237,14565.0,276,14570.0,201,14575.0,195,14580.0,161,14585.0,202,14590.0,109,14595.0,79,14575.0
ru2409,,13:40:58.500#,14600.0,14710.0,14475.0,15425.0,13680.0,211018,188164.0,14550.0,428,14555.0,281,14560.0,242,14565.0,276,14570.0,201,14575.0,194,14580.0,161,14585.0,202,14590.0,109,14595.0,79,14575.0
ru2409,,13:40:59.0#,14600.0,14710.0,14475.0,15425.0,13680.0,211019,188163.0,14550.0,432,14555.0,281,14560.0,242,14565.0,281,14570.0,200,14575.0,195,14580.0,161,14585.0,207,14590.0,109,14595.0,79,14575.0
ru2409,,13:40:59.500#,14600.0,14710.0,14475.0,15425.0,13680.0,211019,188163.0,14550.0,432,14555.0,281,14560.0,242,14565.0,281,14570.0,202,14575.0,195,14580.0,161,14585.0,207,14590.0,109,14595.0,79,14575.0
ru2409,,13:41:00.0#,14600.0,14710.0,14475.0,15425.0,13680.0,211087,188164.0,14550.0,434,14555.0,281,14560.0,242,14565.0,281,14570.0,148,14575.0,188,14580.0,161,14585.0,206,14590.0,109,14595.0,79,14575.0
ru2409,,13:41:00.500#,14600.0,14710.0,14475.0,15425.0,13680.0,211102,188162.0,14550.0,434,14555.0,281,14560.0,242,14565.0,280,14570.0,134,14575.0,217,14580.0,150,14585.0,215,14590.0,115,14595.0,79,14570.0
ru2409,,13:41:01.0#,14600.0,14710.0,14475.0,15425.0,13680.0,211121,188166.0,14550.0,434,14555.0,281,14560.0,242,14565.0,280,14570.0,120,14575.0,233,14580.0,146,14585.0,215,14590.0,115,14595.0,80,14575.0
ru2409,,13:41:01.500#,14600.0,14710.0,14475.0,15425.0,13680.0,211121,188166.0,14550.0,434,14555.0,281,14560.0,241,14565.0,280,14570.0,114,14575.0,248,14580.0,146,14585.0,215,14590.0,115,14595.0,80,14575.0
ru2409,,13:41:02.0#,14600.0,14710.0,14475.0,15425.0,13680.0,211123,188164.0,14550.0,434,14555.0,286,14560.0,241,14565.0,280,14570.0,113,14575.0,250,14580.0,146,14585.0,215,14590.0,115,14595.0,80,14570.0
ru2409,,13:41:02.500#,14600.0,14710.0,14475.0,15425.0,13680.0,211132,188161.0,14550.0,434,14555.0,286,14560.0,241,14565.0,281,14570.0,102,14575.0,247,14580.0,149,14585.0,215,14590.0,115,14595.0,80,14575.0
ru2409,,13:41:03.0#,14600.0,14710.0,14475.0,15425.0,13680.0,211141,188158.0,14550.0,438,14555.0,286,14560.0,241,14565.0,266,14570.0,94,14575.0,248,14580.0,148,14585.0,215,14590.0,115,14595.0,80,14570.0
ru2409,,13:41:03.500#,14600.0,14710.0,14475.0,15425.0,13680.0,211237,188203.0,14545.0,104,14550.0,438,14555.0,286,14560.0,240,14565.0,266,14570.0,15,14575.0,251,14580.0,148,14585.0,215,14590.0,114,14570.0
ru2409,,13:41:04.0#,14600.0,14710.0,14475.0,15425.0,13680.0,211241,188207.0,14545.0,105,14550.0,438,14555.0,286,14560.0,247,14565.0,259,14570.0,145,14575.0,238,14580.0,148,14585.0,216,14590.0,114,14570.0
ru2409,,13:41:04.500#,14600.0,14710.0,14475.0,15425.0,13680.0,211245,188209.0,14545.0,105,14550.0,438,14555.0,286,14560.0,247,14565.0,246,14570.0,158,14575.0,235,14580.0,148,14585.0,216,14590.0,114,14570.0
ru2409,,13:41:05.0#,14600.0,14710.0,14475.0,15425.0,13680.0,211248,188209.0,14545.0,106,14550.0,439,14555.0,286,14560.0,246,14565.0,246,14570.0,160,14575.0,236,14580.0,150,14585.0,216,14590.0,114,14570.0
ru2409,,13:41:05.500#,14600.0,14710.0,14475.0,15425.0,13680.0,211264,188211.0,14545.0,106,14550.0,439,14555.0,288,14560.0,247,14565.0,231,14570.0,151,14575.0,236,14580.0,150,14585.0,216,14590.0,114,14565.0
ru2409,,13:41:06.0#,14600.0,14710.0,14475.0,15425.0,13680.0,211265,188211.0,14545.0,106,14550.0,444,14555.0,288,14560.0,247,14565.0,232,14570.0,153,14575.0,235,14580.0,150,14585.0,211,14590.0,114,14570.0
ru2409,,13:41:06.500#,14600.0,14710.0,14475.0,15425.0,13680.0,211276,188211.0,14545.0,106,14550.0,444,14555.0,288,14560.0,247,14565.0,230,14570.0,151,14575.0,236,14580.0,149,14585.0,211,14590.0,114,14570.0
ru2409,,13:41:07.0#,14600.0,14710.0,14475.0,15425.0,13680.0,211282,188210.0,14545.0,106,14550.0,444,14555.0,288,14560.0,246,14565.0,230,14570.0,153,14575.0,236,14580.0,149,14585.0,211,14590.0,114,14570.0
ru2409,,13:41:07.500#,14600.0,14710.0,14475.0,15425.0,13680.0,211282,188210.0,14545.0,106,14550.0,443,14555.0,288,14560.0,246,14565.0,231,14570.0,194,14575.0,236,14580.0,149,14585.0,211,14590.0,114,14570.0
ru2409,,13:41:08.0#,14600.0,14710.0,14475.0,15425.0,13680.0,211284,188209.0,14545.0,106,14550.0,442,14555.0,288,14560.0,246,14565.0,231,14570.0,204,14575.0,235,14580.0,149,14585.0,211,14590.0,114,14570.0
ru2409,,13:41:08.500#,14600.0,14710.0,14475.0,15425.0,13680.0,211286,188209.0,14545.0,106,14550.0,442,14555.0,289,14560.0,245,14565.0,234,14570.0,213,14575.0,235,14580.0,149,14585.0,211,14590.0,114,14570.0
ru2409,,13:41:09.500#,14600.0,14710.0,14475.0,15425.0,13680.0,211291,188208.0,14545.0,106,14550.0,444,14555.0,290,14560.0,246,14565.0,229,14570.0,213,14575.0,235,14580.0,148,14585.0,211,14590.0,114,14565.0
ru2409,,13:41:10.0#,14600.0,14710.0,14475.0,15425.0,13680.0,211299,188202.0,14545.0,106,14550.0,444,14555.0,291,14560.0,246,14565.0,226,14570.0,207,14575.0,235,14580.0,148,14585.0,211,14590.0,114,14565.0
ru2409,,13:41:11.500#,14600.0,14710.0,14475.0,15425.0,13680.0,211318,188203.0,14545.0,106,14550.0,445,14555.0,291,14560.0,248,14565.0,237,14570.0,203,14575.0,235,14580.0,148,14585.0,211,14590.0,115,14570.0
ru2409,,13:41:12.0#,14600.0,14710.0,14475.0,15425.0,13680.0,211354,188221.0,14545.0,106,14550.0,445,14555.0,291,14560.0,248,14565.0,238,14570.0,183,14575.0,234,14580.0,148,14585.0,211,14590.0,115,14565.0
ru2409,,13:41:13.0#,14600.0,14710.0,14475.0,15425.0,13680.0,211396,188221.0,14545.0,106,14550.0,455,14555.0,291,14560.0,248,14565.0,233,14570.0,160,14575.0,234,14580.0,148,14585.0,211,14590.0,115,14570.0
ru2409,,13:41:13.500#,14600.0,14710.0,14475.0,15425.0,13680.0,211398,188219.0,14545.0,106,14550.0,455,14555.0,291,14560.0,250,14565.0,240,14570.0,160,14575.0,234,14580.0,148,14585.0,211,14590.0,115,14565.0
ru2409,,13:41:14.0#,14600.0,14710.0,14475.0,15425.0,13680.0,211401,188219.0,14545.0,106,14550.0,460,14555.0,290,14560.0,250,14565.0,233,14570.0,175,14575.0,240,14580.0,149,14585.0,211,14590.0,115,14565.0
ru2409,,13:41:15.0#,14600.0,14710.0,14475.0,15425.0,13680.0,211408,188215.0,14545.0,106,14550.0,461,14555.0,290,14560.0,250,14565.0,224,14570.0,185,14575.0,239,14580.0,149,14585.0,211,14590.0,115,14570.0
ru2409,,13:41:15.500#,14600.0,14710.0,14475.0,15425.0,13680.0,211411,188214.0,14545.0,106,14550.0,461,14555.0,290,14560.0,251,14565.0,223,14570.0,185,14575.0,239,14580.0,149,14585.0,211,14590.0,115,14570.0
ru2409,,13:41:16.0#,14600.0,14710.0,14475.0,15425.0,13680.0,211412,188215.0,14545.0,106,14550.0,453,14555.0,290,14560.0,251,14565.0,233,14570.0,185,14575.0,239,14580.0,149,14585.0,211,14590.0,115,14570.0
ru2409,,13:41:16.500#,14600.0,14710.0,14475.0,15425.0,13680.0,211414,188215.0,14545.0,106,14550.0,453,14555.0,291,14560.0,251,14565.0,232,14570.0,195,14575.0,237,14580.0,149,14585.0,211,14590.0,115,14570.0
ru2409,,13:41:17.0#,14600.0,14710.0,14475.0,15425.0,13680.0,211416,188213.0,14545.0,107,14550.0,453,14555.0,291,14560.0,252,14565.0,235,14570.0,197,14575.0,237,14580.0,149,14585.0,211,14590.0,115,14565.0
ru2409,,13:41:18.0#,14600.0,14710.0,14475.0,15425.0,13680.0,211422,188214.0,14545.0,107,14550.0,453,14555.0,292,14560.0,257,14565.0,229,14570.0,205,14575.0,237,14580.0,149,14585.0,212,14590.0,114,14565.0
ru2409,,13:41:18.500#,14600.0,14710.0,14475.0,15425.0,13680.0,211426,188215.0,14545.0,107,14550.0,453,14555.0,292,14560.0,258,14565.0,227,14570.0,205,14575.0,234,14580.0,149,14585.0,212,14590.0,114,14565.0
ru2409,,13:41:19.0#,14600.0,14710.0,14475.0,15425.0,13680.0,211427,188215.0,14545.0,107,14550.0,453,14555.0,292,14560.0,259,14565.0,226,14570.0,206,14575.0,234,14580.0,149,14585.0,212,14590.0,114,14565.0
ru2409,,13:41:19.500#,14600.0,14710.0,14475.0,15425.0,13680.0,211477,188254.0,14545.0,107,14550.0,453,14555.0,292,14560.0,260,14565.0,230,14570.0,155,14575.0,234,14580.0,149,14585.0,212,14590.0,114,14570.0
ru2409,,13:41:20.0#,14600.0,14710.0,14475.0,15425.0,13680.0,211496,188261.0,14545.0,107,14550.0,453,14555.0,292,14560.0,261,14565.0,237,14570.0,145,14575.0,234,14580.0,150,14585.0,212,14590.0,114,14570.0
ru2409,,13:41:20.500#,14600.0,14710.0,14475.0,15425.0,13680.0,211511,188275.0,14545.0,107,14550.0,454,14555.0,292,14560.0,261,14565.0,239,14570.0,134,14575.0,233,14580.0,151,14585.0,212,14590.0,114,14570.0
ru2409,,13:41:21.0#,14600.0,14710.0,14475.0,15425.0,13680.0,211518,188279.0,14545.0,107,14550.0,454,14555.0,292,14560.0,261,14565.0,233,14570.0,129,14575.0,233,14580.0,151,14585.0,212,14590.0,114,14565.0
ru2409,,13:41:21.500#,14600.0,14710.0,14475.0,15425.0,13680.0,211522,188283.0,14545.0,107,14550.0,454,14555.0,292,14560.0,262,14565.0,234,14570.0,134,14575.0,233,14580.0,152,14585.0,212,14590.0,114,14570.0
ru2409,,13:41:22.0#,14600.0,14710.0,14475.0,15425.0,13680.0,211524,188284.0,14545.0,107,14550.0,454,14555.0,293,14560.0,263,14565.0,234,14570.0,143,14575.0,233,14580.0,152,14585.0,212,14590.0,114,14565.0
ru2409,,13:41:22.500#,14600.0,14710.0,14475.0,15425.0,13680.0,211525,188284.0,14545.0,107,14550.0,454,14555.0,293,14560.0,263,14565.0,238,14570.0,144,14575.0,233,14580.0,152,14585.0,213,14590.0,114,14570.0
ru2409,,13:41:23.0#,14600.0,14710.0,14475.0,15425.0,13680.0,211525,188284.0,14545.0,107,14550.0,454,14555.0,293,14560.0,268,14565.0,239,14570.0,144,14575.0,232,14580.0,152,14585.0,213,14590.0,114,14570.0
ru2409,,13:41:23.500#,14600.0,14710.0,14475.0,15425.0,13680.0,211525,188284.0,14545.0,107,14550.0,404,14555.0,293,14560.0,272,14565.0,240,14570.0,144,14575.0,232,14580.0,152,14585.0,213,14590.0,114,14570.0
ru2409,,13:41:24.0#,14600.0,14710.0,14475.0,15425.0,13680.0,211526,188284.0,14545.0,107,14550.0,404,14555.0,293,14560.0,273,14565.0,242,14570.0,185,14575.0,232,14580.0,152,14585.0,213,14590.0,114,14570.0
ru2409,,13:41:24.500#,14600.0,14710.0,14475.0,15425.0,13680.0,211527,188284.0,14545.0,107,14550.0,405,14555.0,293,14560.0,273,14565.0,240,14570.0,187,14575.0,232,14580.0,152,14585.0,213,14590.0,114,14565.0
ru2409,,13:41:25.0#,14600.0,14710.0,14475.0,15425.0,13680.0,211527,188284.0,14545.0,107,14550.0,405,14555.0,293,14560.0,273,14565.0,240,14570.0,193,14575.0,232,14580.0,152,14585.0,213,14590.0,114,14565.0
ru2409,,13:41:26.0#,14600.0,14710.0,14475.0,15425.0,13680.0,211529,188283.0,14545.0,106,14550.0,405,14555.0,294,14560.0,273,14565.0,239,14570.0,197,14575.0,231,14580.0,152,14585.0,212,14590.0,115,14565.0
ru2409,,13:41:26.500#,14600.0,14710.0,14475.0,15425.0,13680.0,211532,188281.0,14545.0,106,14550.0,405,14555.0,294,14560.0,273,14565.0,241,14570.0,196,14575.0,231,14580.0,152,14585.0,212,14590.0,115,14570.0
ru2409,,13:41:27.0#,14600.0,14710.0,14475.0,15425.0,13680.0,211537,188283.0,14545.0,106,14550.0,405,14555.0,294,14560.0,273,14565.0,245,14570.0,191,14575.0,231,14580.0,152,14585.0,212,14590.0,115,14570.0
ru2409,,13:41:27.500#,14600.0,14710.0,14475.0,15425.0,13680.0,211538,188283.0,14545.0,106,14550.0,405,14555.0,294,14560.0,273,14565.0,245,14570.0,190,14575.0,229,14580.0,152,14585.0,211,14590.0,115,14570.0
ru2409,,13:41:28.0#,14600.0,14710.0,14475.0,15425.0,13680.0,211538,188283.0,14545.0,106,14550.0,405,14555.0,294,14560.0,272,14565.0,248,14570.0,190,14575.0,229,14580.0,152,14585.0,211,14590.0,115,14570.0
ru2409,,13:41:28.500#,14600.0,14710.0,14475.0,15425.0,13680.0,211546,188289.0,14545.0,106,14550.0,405,14555.0,294,14560.0,272,14565.0,254,14570.0,188,14575.0,229,14580.0,152,14585.0,211,14590.0,116,14570.0
ru2409,,13:41:29.0#,14600.0,14710.0,14475.0,15425.0,13680.0,211546,188289.0,14545.0,107,14550.0,405,14555.0,294,14560.0,272,14565.0,254,14570.0,192,14575.0,229,14580.0,152,14585.0,211,14590.0,116,14570.0
ru2409,,13:41:30.0#,14600.0,14710.0,14475.0,15425.0,13680.0,211557,188279.0,14545.0,107,14550.0,405,14555.0,295,14560.0,272,14565.0,246,14570.0,198,14575.0,229,14580.0,152,14585.0,211,14590.0,116,14565.0
ru2409,,13:41:30.500#,14600.0,14710.0,14475.0,15425.0,13680.0,211562,188279.0,14545.0,107,14550.0,405,14555.0,301,14560.0,272,14565.0,241,14570.0,199,14575.0,229,14580.0,153,14585.0,211,14590.0,116,14565.0
ru2409,,13:41:31.0#,14600.0,14710.0,14475.0,15425.0,13680.0,211562,188279.0,14545.0,107,14550.0,405,14555.0,301,14560.0,272,14565.0,242,14570.0,204,14575.0,231,14580.0,153,14585.0,211,14590.0,116,14565.0
ru2409,,13:41:31.500#,14600.0,14710.0,14475.0,15425.0,13680.0,211565,188282.0,14545.0,107,14550.0,405,14555.0,301,14560.0,272,14565.0,242,14570.0,215,14575.0,231,14580.0,163,14585.0,210,14590.0,116,14570.0
ru2409,,13:41:32.0#,14600.0,14710.0,14475.0,15425.0,13680.0,211578,188279.0,14545.0,107,14550.0,405,14555.0,301,14560.0,277,14565.0,239,14570.0,206,14575.0,230,14580.0,163,14585.0,210,14590.0,116,14565.0
ru2409,,13:41:32.500#,14600.0,14710.0,14475.0,15425.0,13680.0,211580,188281.0,14545.0,107,14550.0,405,14555.0,302,14560.0,277,14565.0,238,14570.0,204,14575.0,230,14580.0,163,14585.0,210,14590.0,116,14570.0
ru2409,,13:41:33.0#,14600.0,14710.0,14475.0,15425.0,13680.0,211580,188281.0,14545.0,107,14550.0,410,14555.0,302,14560.0,277,14565.0,239,14570.0,205,14575.0,230,14580.0,163,14585.0,210,14590.0,116,14570.0
ru2409,,13:41:33.500#,14600.0,14710.0,14475.0,15425.0,13680.0,211580,188281.0,14545.0,107,14550.0,410,14555.0,302,14560.0,275,14565.0,241,14570.0,205,14575.0,230,14580.0,163,14585.0,210,14590.0,116,14570.0
ru2409,,13:41:34.0#,14600.0,14710.0,14475.0,15425.0,13680.0,211589,188290.0,14545.0,107,14550.0,410,14555.0,302,14560.0,275,14565.0,241,14570.0,197,14575.0,230,14580.0,163,14585.0,210,14590.0,116,14570.0
ru2409,,13:41:34.500#,14600.0,14710.0,14475.0,15425.0,13680.0,211593,188292.0,14545.0,107,14550.0,410,14555.0,302,14560.0,274,14565.0,241,14570.0,195,14575.0,230,14580.0,163,14585.0,210,14590.0,116,14570.0
ru2409,,13:41:35.0#,14600.0,14710.0,14475.0,15425.0,13680.0,211594,188293.0,14545.0,107,14550.0,410,14555.0,302,14560.0,274,14565.0,243,14570.0,198,14575.0,230,14580.0,163,14585.0,210,14590.0,116,14570.0
ru2409,,13:41:35.500#,14600.0,14710.0,14475.0,15425.0,13680.0,211603,188295.0,14545.0,104,14550.0,410,14555.0,302,14560.0,279,14565.0,241,14570.0,191,14575.0,230,14580.0,163,14585.0,210,14590.0,116,14565.0
ru2409,,13:41:36.0#,14600.0,14710.0,14475.0,15425.0,13680.0,211604,188296.0,14545.0,104,14550.0,410,14555.0,302,14560.0,279,14565.0,241,14570.0,199,14575.0,230,14580.0,163,14585.0,210,14590.0,116,14570.0
ru2409,,13:41:36.500#,14600.0,14710.0,14475.0,15425.0,13680.0,211607,188296.0,14545.0,104,14550.0,410,14555.0,302,14560.0,289,14565.0,238,14570.0,202,14575.0,230,14580.0,163,14585.0,209,14590.0,116,14565.0
ru2409,,13:41:37.0#,14600.0,14710.0,14475.0,15425.0,13680.0,211610,188297.0,14545.0,104,14550.0,410,14555.0,302,14560.0,289,14565.0,238,14570.0,203,14575.0,230,14580.0,163,14585.0,209,14590.0,116,14570.0
ru2409,,13:41:37.500#,14600.0,14710.0,14475.0,15425.0,13680.0,211613,188295.0,14545.0,104,14550.0,410,14555.0,302,14560.0,289,14565.0,236,14570.0,210,14575.0,230,14580.0,163,14585.0,209,14590.0,116,14565.0
ru2409,,13:41:38.0#,14600.0,14710.0,14475.0,15425.0,13680.0,211613,188295.0,14545.0,104,14550.0,410,14555.0,302,14560.0,289,14565.0,237,14570.0,210,14575.0,230,14580.0,163,14585.0,210,14590.0,116,14565.0
ru2409,,13:41:38.500#,14600.0,14710.0,14475.0,15425.0,13680.0,211620,188294.0,14545.0,104,14550.0,413,14555.0,302,14560.0,289,14565.0,237,14570.0,205,14575.0,230,14580.0,163,14585.0,210,14590.0,116,14570.0
ru2409,,13:41:39.0#,14600.0,14710.0,14475.0,15425.0,13680.0,211620,188294.0,14545.0,104,14550.0,415,14555.0,302,14560.0,290,14565.0,237,14570.0,207,14575.0,230,14580.0,163,14585.0,210,14590.0,116,14570.0
ru2409,,13:41:39.500#,14600.0,14710.0,14475.0,15425.0,13680.0,211622,188293.0,14545.0,104,14550.0,412,14555.0,302,14560.0,293,14565.0,237,14570.0,209,14575.0,230,14580.0,163,14585.0,210,14590.0,116,14570.0
ru2409,,13:41:40.0#,14600.0,14710.0,14475.0,15425.0,13680.0,211635,188288.0,14545.0,104,14550.0,412,14555.0,303,14560.0,293,14565.0,236,14570.0,202,14575.0,230,14580.0,163,14585.0,210,14590.0,116,14570.0
ru2409,,13:41:40.500#,14600.0,14710.0,14475.0,15425.0,13680.0,211640,188292.0,14545.0,104,14550.0,412,14555.0,303,14560.0,293,14565.0,237,14570.0,197,14575.0,230,14580.0,165,14585.0,210,14590.0,116,14570.0
ru2409,,13:41:41.0#,14600.0,14710.0,14475.0,15425.0,13680.0,211640,188292.0,14545.0,104,14550.0,412,14555.0,304,14560.0,293,14565.0,243,14570.0,198,14575.0,230,14580.0,165,14585.0,210,14590.0,116,14570.0
ru2409,,13:41:41.500#,14600.0,14710.0,14475.0,15425.0,13680.0,211642,188291.0,14545.0,104,14550.0,412,14555.0,304,14560.0,293,14565.0,242,14570.0,198,14575.0,230,14580.0,165,14585.0,210,14590.0,116,14565.0
ru2409,,13:41:42.0#,14600.0,14710.0,14475.0,15425.0,13680.0,211642,188291.0,14545.0,104,14550.0,413,14555.0,304,14560.0,293,14565.0,243,14570.0,198,14575.0,230,14580.0,165,14585.0,210,14590.0,116,14565.0
ru2409,,13:41:43.0#,14600.0,14710.0,14475.0,15425.0,13680.0,211643,188291.0,14545.0,104,14550.0,413,14555.0,304,14560.0,294,14565.0,244,14570.0,200,14575.0,230,14580.0,165,14585.0,210,14590.0,116,14570.0
ru2409,,13:41:43.500#,14600.0,14710.0,14475.0,15425.0,13680.0,211644,188292.0,14545.0,104,14550.0,413,14555.0,304,14560.0,294,14565.0,244,14570.0,199,14575.0,230,14580.0,165,14585.0,210,14590.0,116,14570.0
ru2409,,13:41:45.0#,14600.0,14710.0,14475.0,15425.0,13680.0,211651,188291.0,14545.0,104,14550.0,413,14555.0,303,14560.0,295,14565.0,240,14570.0,198,14575.0,230,14580.0,165,14585.0,210,14590.0,116,14565.0
ru2409,,13:41:45.500#,14600.0,14710.0,14475.0,15425.0,13680.0,211651,188291.0,14545.0,104,14550.0,413,14555.0,303,14560.0,297,14565.0,240,14570.0,200,14575.0,230,14580.0,165,14585.0,210,14590.0,116,14565.0
ru2409,,13:41:46.0#,14600.0,14710.0,14475.0,15425.0,13680.0,211662,188289.0,14545.0,106,14550.0,415,14555.0,303,14560.0,297,14565.0,239,14570.0,194,14575.0,230,14580.0,165,14585.0,210,14590.0,116,14570.0
ru2409,,13:41:46.500#,14600.0,14710.0,14475.0,15425.0,13680.0,211664,188290.0,14545.0,106,14550.0,415,14555.0,303,14560.0,298,14565.0,239,14570.0,193,14575.0,230,14580.0,165,14585.0,210,14590.0,116,14565.0
ru2409,,13:41:47.500#,14600.0,14710.0,14475.0,15425.0,13680.0,211668,188292.0,14545.0,106,14550.0,416,14555.0,307,14560.0,298,14565.0,239,14570.0,192,14575.0,229,14580.0,165,14585.0,210,14590.0,116,14565.0
ru2409,,13:41:48.0#,14600.0,14710.0,14475.0,15425.0,13680.0,211671,188293.0,14545.0,106,14550.0,416,14555.0,307,14560.0,298,14565.0,237,14570.0,193,14575.0,229,14580.0,165,14585.0,210,14590.0,116,14565.0
ru2409,,13:41:48.500#,14600.0,14710.0,14475.0,15425.0,13680.0,211673,188294.0,14545.0,106,14550.0,416,14555.0,307,14560.0,298,14565.0,236,14570.0,198,14575.0,229,14580.0,155,14585.0,210,14590.0,116,14570.0
ru2409,,13:41:49.0#,14600.0,14710.0,14475.0,15425.0,13680.0,211697,188287.0,14545.0,106,14550.0,416,14555.0,307,14560.0,299,14565.0,235,14570.0,183,14575.0,229,14580.0,155,14585.0,210,14590.0,116,14570.0
ru2409,,13:41:49.500#,14600.0,14710.0,14475.0,15425.0,13680.0,211712,188288.0,14545.0,106,14550.0,416,14555.0,307,14560.0,299,14565.0,237,14570.0,173,14575.0,229,14580.0,155,14585.0,210,14590.0,116,14570.0
ru2409,,13:41:50.0#,14600.0,14710.0,14475.0,15425.0,13680.0,211712,188288.0,14545.0,106,14550.0,417,14555.0,307,14560.0,299,14565.0,239,14570.0,177,14575.0,229,14580.0,155,14585.0,210,14590.0,116,14570.0
ru2409,,13:41:50.500#,14600.0,14710.0,14475.0,15425.0,13680.0,211712,188288.0,14545.0,106,14550.0,417,14555.0,307,14560.0,301,14565.0,240,14570.0,179,14575.0,229,14580.0,155,14585.0,210,14590.0,116,14570.0
ru2409,,13:41:51.0#,14600.0,14710.0,14475.0,15425.0,13680.0,211714,188289.0,14545.0,106,14550.0,417,14555.0,307,14560.0,301,14565.0,240,14570.0,180,14575.0,229,14580.0,155,14585.0,210,14590.0,116,14570.0
ru2409,,13:41:51.500#,14600.0,14710.0,14475.0,15425.0,13680.0,211722,188288.0,14545.0,106,14550.0,417,14555.0,307,14560.0,302,14565.0,235,14570.0,181,14575.0,229,14580.0,155,14585.0,210,14590.0,116,14565.0
ru2409,,13:41:52.0#,14600.0,14710.0,14475.0,15425.0,13680.0,211722,188288.0,14545.0,106,14550.0,418,14555.0,307,14560.0,299,14565.0,239,14570.0,181,14575.0,229,14580.0,155,14585.0,210,14590.0,116,14565.0
ru2409,,13:41:52.500#,14600.0,14710.0,14475.0,15425.0,13680.0,211737,188300.0,14545.0,106,14550.0,418,14555.0,307,14560.0,299,14565.0,230,14570.0,180,14575.0,229,14580.0,155,14585.0,210,14590.0,116,14570.0
ru2409,,13:41:53.500#,14600.0,14710.0,14475.0,15425.0,13680.0,211746,188301.0,14545.0,106,14550.0,418,14555.0,307,14560.0,299,14565.0,228,14570.0,183,14575.0,229,14580.0,155,14585.0,210,14590.0,116,14570.0
ru2409,,13:41:54.0#,14600.0,14710.0,14475.0,15425.0,13680.0,211748,188303.0,14545.0,106,14550.0,418,14555.0,307,14560.0,299,14565.0,228,14570.0,183,14575.0,229,14580.0,155,14585.0,210,14590.0,116,14570.0
ru2409,,13:41:54.500#,14600.0,14710.0,14475.0,15425.0,13680.0,211750,188303.0,14545.0,106,14550.0,418,14555.0,309,14560.0,299,14565.0,226,14570.0,185,14575.0,229,14580.0,155,14585.0,210,14590.0,116,14565.0
ru2409,,13:41:55.0#,14600.0,14710.0,14475.0,15425.0,13680.0,211752,188305.0,14545.0,106,14550.0,418,14555.0,307,14560.0,299,14565.0,227,14570.0,190,14575.0,229,14580.0,155,14585.0,210,14590.0,116,14570.0
ru2409,,13:41:55.500#,14600.0,14710.0,14475.0,15425.0,13680.0,211753,188305.0,14545.0,106,14550.0,418,14555.0,307,14560.0,299,14565.0,226,14570.0,195,14575.0,229,14580.0,155,14585.0,205,14590.0,110,14565.0
ru2409,,13:41:57.0#,14600.0,14710.0,14475.0,15425.0,13680.0,211754,188306.0,14545.0,106,14550.0,419,14555.0,307,14560.0,299,14565.0,228,14570.0,200,14575.0,229,14580.0,155,14585.0,205,14590.0,110,14570.0
ru2409,,13:41:57.500#,14600.0,14710.0,14475.0,15425.0,13680.0,211755,188306.0,14545.0,106,14550.0,418,14555.0,307,14560.0,299,14565.0,227,14570.0,201,14575.0,230,14580.0,155,14585.0,203,14590.0,110,14570.0
ru2409,,13:41:58.0#,14600.0,14710.0,14475.0,15425.0,13680.0,211755,188306.0,14545.0,106,14550.0,418,14555.0,307,14560.0,299,14565.0,227,14570.0,205,14575.0,228,14580.0,155,14585.0,203,14590.0,110,14570.0
ru2409,,13:41:58.500#,14600.0,14710.0,14475.0,15425.0,13680.0,211756,188306.0,14545.0,106,14550.0,418,14555.0,307,14560.0,299,14565.0,219,14570.0,205,14575.0,228,14580.0,155,14585.0,203,14590.0,110,14570.0
ru2409,,13:41:59.0#,14600.0,14710.0,14475.0,15425.0,13680.0,211759,188307.0,14545.0,106,14550.0,418,14555.0,307,14560.0,300,14565.0,217,14570.0,205,14575.0,228,14580.0,155,14585.0,203,14590.0,110,14565.0
ru2409,,13:41:59.500#,14600.0,14710.0,14475.0,15425.0,13680.0,211771,188319.0,14545.0,106,14550.0,419,14555.0,307,14560.0,300,14565.0,206,14570.0,194,14575.0,228,14580.0,155,14585.0,203,14590.0,109,14565.0
ru2409,,13:42:00.0#,14600.0,14710.0,14475.0,15425.0,13680.0,211786,188330.0,14545.0,106,14550.0,421,14555.0,307,14560.0,300,14565.0,191,14570.0,196,14575.0,228,14580.0,156,14585.0,203,14590.0,109,14565.0
ru2409,,13:42:00.500#,14600.0,14710.0,14475.0,15425.0,13680.0,211805,188339.0,14545.0,106,14550.0,421,14555.0,307,14560.0,300,14565.0,172,14570.0,196,14575.0,228,14580.0,165,14585.0,203,14590.0,109,14570.0
ru2409,,13:42:01.0#,14600.0,14710.0,14475.0,15425.0,13680.0,211839,188329.0,14545.0,106,14550.0,421,14555.0,307,14560.0,301,14565.0,142,14570.0,208,14575.0,222,14580.0,165,14585.0,203,14590.0,109,14565.0
ru2409,,13:42:01.500#,14600.0,14710.0,14475.0,15425.0,13680.0,211859,188344.0,14545.0,106,14550.0,421,14555.0,308,14560.0,301,14565.0,127,14570.0,248,14575.0,229,14580.0,165,14585.0,203,14590.0,109,14570.0
ru2409,,13:42:02.0#,14600.0,14710.0,14475.0,15425.0,13680.0,211894,188358.0,14545.0,106,14550.0,421,14555.0,308,14560.0,301,14565.0,92,14570.0,251,14575.0,229,14580.0,165,14585.0,203,14590.0,109,14565.0
ru2409,,13:42:02.500#,14600.0,14710.0,14475.0,15425.0,13680.0,211914,188365.0,14545.0,106,14550.0,422,14555.0,308,14560.0,301,14565.0,74,14570.0,254,14575.0,229,14580.0,165,14585.0,203,14590.0,109,14570.0
ru2409,,13:42:03.0#,14600.0,14710.0,14475.0,15425.0,13680.0,211935,188368.0,14545.0,106,14550.0,422,14555.0,308,14560.0,301,14565.0,54,14570.0,256,14575.0,229,14580.0,165,14585.0,203,14590.0,109,14565.0
ru2409,,13:42:03.500#,14600.0,14710.0,14475.0,15425.0,13680.0,211993,188363.0,14540.0,142,14545.0,106,14550.0,422,14555.0,308,14560.0,298,14565.0,24,14570.0,252,14575.0,229,14580.0,165,14585.0,203,14560.0
ru2409,,13:42:04.0#,14600.0,14710.0,14475.0,15425.0,13680.0,212050,188329.0,14540.0,143,14545.0,107,14550.0,423,14555.0,316,14560.0,290,14565.0,128,14570.0,248,14575.0,198,14580.0,165,14585.0,203,14560.0
ru2409,,13:42:04.500#,14600.0,14710.0,14475.0,15425.0,13680.0,212057,188329.0,14540.0,141,14545.0,107,14550.0,421,14555.0,316,14560.0,293,14565.0,163,14570.0,236,14575.0,165,14580.0,162,14585.0,203,14560.0
ru2409,,13:42:05.0#,14600.0,14710.0,14475.0,15425.0,13680.0,212076,188328.0,14540.0,141,14545.0,107,14550.0,421,14555.0,316,14560.0,281,14565.0,176,14570.0,236,14575.0,157,14580.0,162,14585.0,203,14565.0
ru2409,,13:42:05.500#,14600.0,14710.0,14475.0,15425.0,13680.0,212089,188336.0,14540.0,142,14545.0,107,14550.0,421,14555.0,314,14560.0,268,14565.0,194,14570.0,256,14575.0,141,14580.0,162,14585.0,203,14565.0
ru2409,,13:42:06.0#,14600.0,14710.0,14475.0,15425.0,13680.0,212089,188336.0,14540.0,142,14545.0,107,14550.0,421,14555.0,315,14560.0,264,14565.0,210,14570.0,257,14575.0,137,14580.0,162,14585.0,203,14565.0
ru2409,,13:42:06.500#,14600.0,14710.0,14475.0,15425.0,13680.0,212090,188337.0,14540.0,142,14545.0,107,14550.0,421,14555.0,315,14560.0,265,14565.0,230,14570.0,258,14575.0,123,14580.0,162,14585.0,203,14565.0
ru2409,,13:42:07.0#,14600.0,14710.0,14475.0,15425.0,13680.0,212110,188331.0,14540.0,142,14545.0,107,14550.0,421,14555.0,315,14560.0,266,14565.0,218,14570.0,258,14575.0,123,14580.0,162,14585.0,203,14565.0
ru2409,,13:42:07.500#,14600.0,14710.0,14475.0,15425.0,13680.0,212118,188327.0,14540.0,142,14545.0,107,14550.0,421,14555.0,315,14560.0,260,14565.0,224,14570.0,259,14575.0,123,14580.0,161,14585.0,203,14560.0
ru2409,,13:42:08.0#,14600.0,14710.0,14475.0,15425.0,13680.0,212122,188329.0,14540.0,142,14545.0,107,14550.0,421,14555.0,315,14560.0,258,14565.0,228,14570.0,259,14575.0,123,14580.0,161,14585.0,203,14565.0
ru2409,,13:42:08.500#,14600.0,14710.0,14475.0,15425.0,13680.0,212125,188327.0,14540.0,142,14545.0,107,14550.0,421,14555.0,315,14560.0,258,14565.0,225,14570.0,259,14575.0,123,14580.0,170,14585.0,195,14565.0
ru2409,,13:42:09.0#,14600.0,14710.0,14475.0,15425.0,13680.0,212127,188326.0,14540.0,142,14545.0,107,14550.0,421,14555.0,315,14560.0,264,14565.0,225,14570.0,259,14575.0,123,14580.0,172,14585.0,195,14565.0
ru2409,,13:42:09.500#,14600.0,14710.0,14475.0,15425.0,13680.0,212127,188326.0,14540.0,142,14545.0,107,14550.0,421,14555.0,317,14560.0,274,14565.0,228,14570.0,259,14575.0,123,14580.0,172,14585.0,195,14565.0
ru2409,,13:42:10.0#,14600.0,14710.0,14475.0,15425.0,13680.0,212128,188326.0,14540.0,142,14545.0,110,14550.0,421,14555.0,317,14560.0,280,14565.0,229,14570.0,259,14575.0,123,14580.0,172,14585.0,195,14565.0
ru2409,,13:42:10.500#,14600.0,14710.0,14475.0,15425.0,13680.0,212130,188326.0,14540.0,142,14545.0,110,14550.0,421,14555.0,317,14560.0,281,14565.0,229,14570.0,259,14575.0,124,14580.0,172,14585.0,194,14565.0
ru2409,,13:42:12.0#,14600.0,14710.0,14475.0,15425.0,13680.0,212137,188326.0,14540.0,150,14545.0,110,14550.0,425,14555.0,316,14560.0,282,14565.0,245,14570.0,256,14575.0,124,14580.0,172,14585.0,194,14565.0
ru2409,,13:42:12.500#,14600.0,14710.0,14475.0,15425.0,13680.0,212137,188326.0,14540.0,150,14545.0,110,14550.0,425,14555.0,318,14560.0,284,14565.0,251,14570.0,256,14575.0,124,14580.0,172,14585.0,194,14565.0
ru2409,,13:42:13.500#,14600.0,14710.0,14475.0,15425.0,13680.0,212147,188325.0,14540.0,150,14545.0,111,14550.0,425,14555.0,322,14560.0,278,14565.0,253,14570.0,255,14575.0,124,14580.0,172,14585.0,194,14565.0
ru2409,,13:42:14.0#,14600.0,14710.0,14475.0,15425.0,13680.0,212161,188328.0,14540.0,150,14545.0,111,14550.0,425,14555.0,322,14560.0,271,14565.0,254,14570.0,255,14575.0,124,14580.0,172,14585.0,195,14565.0
ru2409,,13:42:14.500#,14600.0,14710.0,14475.0,15425.0,13680.0,212163,188326.0,14540.0,150,14545.0,111,14550.0,427,14555.0,322,14560.0,270,14565.0,252,14570.0,255,14575.0,124,14580.0,172,14585.0,195,14565.0
ru2409,,13:42:15.500#,14600.0,14710.0,14475.0,15425.0,13680.0,212169,188326.0,14540.0,150,14545.0,111,14550.0,427,14555.0,322,14560.0,275,14565.0,254,14570.0,254,14575.0,122,14580.0,172,14585.0,195,14565.0
ru2409,,13:42:16.0#,14600.0,14710.0,14475.0,15425.0,13680.0,212173,188327.0,14540.0,150,14545.0,111,14550.0,427,14555.0,322,14560.0,275,14565.0,254,14570.0,254,14575.0,122,14580.0,172,14585.0,195,14565.0
ru2409,,13:42:16.500#,14600.0,14710.0,14475.0,15425.0,13680.0,212178,188328.0,14540.0,150,14545.0,111,14550.0,427,14555.0,321,14560.0,274,14565.0,254,14570.0,254,14575.0,122,14580.0,172,14585.0,195,14565.0
ru2409,,13:42:17.0#,14600.0,14710.0,14475.0,15425.0,13680.0,212182,188330.0,14540.0,150,14545.0,111,14550.0,427,14555.0,321,14560.0,272,14565.0,256,14570.0,254,14575.0,123,14580.0,172,14585.0,195,14565.0
ru2409,,13:42:17.500#,14600.0,14710.0,14475.0,15425.0,13680.0,212183,188329.0,14540.0,150,14545.0,111,14550.0,428,14555.0,321,14560.0,269,14565.0,265,14570.0,254,14575.0,123,14580.0,172,14585.0,194,14565.0
ru2409,,13:42:19.0#,14600.0,14710.0,14475.0,15425.0,13680.0,212188,188333.0,14540.0,150,14545.0,111,14550.0,428,14555.0,321,14560.0,268,14565.0,271,14570.0,254,14575.0,122,14580.0,171,14585.0,195,14565.0
ru2409,,13:42:19.500#,14600.0,14710.0,14475.0,15425.0,13680.0,212189,188334.0,14540.0,150,14545.0,111,14550.0,429,14555.0,327,14560.0,269,14565.0,270,14570.0,254,14575.0,122,14580.0,171,14585.0,195,14565.0
ru2409,,13:42:22.0#,14600.0,14710.0,14475.0,15425.0,13680.0,212483,188368.0,14545.0,111,14550.0,431,14555.0,329,14560.0,292,14565.0,5,14570.0,254,14575.0,122,14580.0,171,14585.0,195,14590.0,107,14565.0
ru2409,,13:42:23.0#,14600.0,14710.0,14475.0,15425.0,13680.0,212490,188370.0,14545.0,112,14550.0,431,14555.0,327,14560.0,294,14565.0,147,14570.0,237,14575.0,122,14580.0,171,14585.0,195,14590.0,107,14570.0
ru2409,,13:42:23.500#,14600.0,14710.0,14475.0,15425.0,13680.0,212490,188370.0,14545.0,112,14550.0,431,14555.0,327,14560.0,294,14565.0,150,14570.0,236,14575.0,122,14580.0,171,14585.0,195,14590.0,107,14570.0
ru2409,,13:42:24.0#,14600.0,14710.0,14475.0,15425.0,13680.0,212490,188370.0,14545.0,112,14550.0,431,14555.0,327,14560.0,294,14565.0,155,14570.0,236,14575.0,122,14580.0,171,14585.0,195,14590.0,107,14570.0
ru2409,,13:42:24.500#,14600.0,14710.0,14475.0,15425.0,13680.0,212505,188376.0,14545.0,112,14550.0,431,14555.0,328,14560.0,295,14565.0,145,14570.0,234,14575.0,121,14580.0,171,14585.0,195,14590.0,108,14570.0
ru2409,,13:42:25.0#,14600.0,14710.0,14475.0,15425.0,13680.0,212507,188378.0,14545.0,112,14550.0,433,14555.0,328,14560.0,294,14565.0,145,14570.0,240,14575.0,121,14580.0,171,14585.0,195,14590.0,108,14570.0
ru2409,,13:42:25.500#,14600.0,14710.0,14475.0,15425.0,13680.0,212507,188378.0,14545.0,112,14550.0,433,14555.0,328,14560.0,294,14565.0,146,14570.0,250,14575.0,122,14580.0,171,14585.0,195,14590.0,108,14570.0
ru2409,,13:42:26.0#,14600.0,14710.0,14475.0,15425.0,13680.0,212511,188379.0,14545.0,112,14550.0,433,14555.0,330,14560.0,295,14565.0,129,14570.0,246,14575.0,122,14580.0,171,14585.0,197,14590.0,108,14570.0
ru2409,,13:42:26.500#,14600.0,14710.0,14475.0,15425.0,13680.0,212512,188380.0,14545.0,112,14550.0,433,14555.0,330,14560.0,301,14565.0,131,14570.0,251,14575.0,116,14580.0,171,14585.0,197,14590.0,108,14570.0
ru2409,,13:42:27.0#,14600.0,14710.0,14475.0,15425.0,13680.0,212526,188379.0,14545.0,112,14550.0,433,14555.0,330,14560.0,301,14565.0,119,14570.0,243,14575.0,116,14580.0,171,14585.0,197,14590.0,108,14570.0
ru2409,,13:42:30.500#,14600.0,14710.0,14475.0,15425.0,13680.0,212561,188393.0,14545.0,112,14550.0,432,14555.0,333,14560.0,314,14565.0,135,14570.0,224,14575.0,111,14580.0,173,14585.0,192,14590.0,108,14565.0
ru2409,,13:42:31.0#,14600.0,14710.0,14475.0,15425.0,13680.0,212568,188392.0,14545.0,112,14550.0,432,14555.0,333,14560.0,314,14565.0,136,14570.0,226,14575.0,111,14580.0,174,14585.0,192,14590.0,108,14570.0
ru2409,,13:42:31.500#,14600.0,14710.0,14475.0,15425.0,13680.0,212569,188393.0,14545.0,112,14550.0,432,14555.0,333,14560.0,311,14565.0,146,14570.0,237,14575.0,123,14580.0,174,14585.0,192,14590.0,108,14570.0
ru2409,,13:42:32.0#,14600.0,14710.0,14475.0,15425.0,13680.0,212572,188393.0,14545.0,112,14550.0,432,14555.0,333,14560.0,311,14565.0,145,14570.0,248,14575.0,124,14580.0,173,14585.0,192,14590.0,108,14570.0
ru2409,,13:42:32.500#,14600.0,14710.0,14475.0,15425.0,13680.0,212572,188393.0,14545.0,112,14550.0,432,14555.0,334,14560.0,311,14565.0,145,14570.0,243,14575.0,124,14580.0,173,14585.0,192,14590.0,108,14570.0
ru2409,,13:42:33.0#,14600.0,14710.0,14475.0,15425.0,13680.0,212574,188395.0,14545.0,112,14550.0,432,14555.0,334,14560.0,312,14565.0,145,14570.0,241,14575.0,123,14580.0,173,14585.0,192,14590.0,108,14570.0
ru2409,,13:42:33.500#,14600.0,14710.0,14475.0,15425.0,13680.0,212585,188406.0,14545.0,112,14550.0,427,14555.0,334,14560.0,312,14565.0,145,14570.0,230,14575.0,123,14580.0,173,14585.0,192,14590.0,108,14570.0
ru2409,,13:42:34.0#,14600.0,14710.0,14475.0,15425.0,13680.0,212586,188406.0,14545.0,112,14550.0,427,14555.0,335,14560.0,312,14565.0,166,14570.0,231,14575.0,123,14580.0,173,14585.0,192,14590.0,108,14570.0
ru2409,,13:42:34.500#,14600.0,14710.0,14475.0,15425.0,13680.0,212587,188407.0,14545.0,112,14550.0,427,14555.0,335,14560.0,312,14565.0,167,14570.0,231,14575.0,123,14580.0,173,14585.0,193,14590.0,108,14570.0
ru2409,,13:42:35.0#,14600.0,14710.0,14475.0,15425.0,13680.0,212588,188407.0,14545.0,112,14550.0,427,14555.0,335,14560.0,312,14565.0,167,14570.0,231,14575.0,123,14580.0,173,14585.0,193,14590.0,108,14570.0
ru2409,,13:42:35.500#,14600.0,14710.0,14475.0,15425.0,13680.0,212590,188408.0,14545.0,114,14550.0,427,14555.0,335,14560.0,312,14565.0,169,14570.0,237,14575.0,123,14580.0,173,14585.0,193,14590.0,108,14570.0
ru2409,,13:42:36.0#,14600.0,14710.0,14475.0,15425.0,13680.0,212592,188409.0,14545.0,114,14550.0,427,14555.0,335,14560.0,313,14565.0,179,14570.0,235,14575.0,123,14580.0,173,14585.0,193,14590.0,108,14565.0
ru2409,,13:42:36.500#,14600.0,14710.0,14475.0,15425.0,13680.0,212595,188409.0,14545.0,114,14550.0,427,14555.0,335,14560.0,313,14565.0,181,14570.0,234,14575.0,123,14580.0,173,14585.0,193,14590.0,108,14570.0
ru2409,,13:42:37.0#,14600.0,14710.0,14475.0,15425.0,13680.0,212599,188411.0,14545.0,114,14550.0,427,14555.0,335,14560.0,313,14565.0,182,14570.0,235,14575.0,123,14580.0,173,14585.0,193,14590.0,108,14570.0
ru2409,,13:42:37.500#,14600.0,14710.0,14475.0,15425.0,13680.0,212609,188421.0,14545.0,114,14550.0,427,14555.0,335,14560.0,313,14565.0,182,14570.0,227,14575.0,123,14580.0,173,14585.0,193,14590.0,108,14570.0
ru2409,,13:42:38.0#,14600.0,14710.0,14475.0,15425.0,13680.0,212609,188421.0,14545.0,114,14550.0,427,14555.0,335,14560.0,318,14565.0,186,14570.0,228,14575.0,123,14580.0,173,14585.0,193,14590.0,108,14570.0
ru2409,,13:42:38.500#,14600.0,14710.0,14475.0,15425.0,13680.0,212612,188423.0,14545.0,113,14550.0,426,14555.0,335,14560.0,318,14565.0,190,14570.0,226,14575.0,123,14580.0,173,14585.0,193,14590.0,108,14570.0
ru2409,,13:42:39.0#,14600.0,14710.0,14475.0,15425.0,13680.0,212613,188423.0,14545.0,113,14550.0,427,14555.0,336,14560.0,317,14565.0,198,14570.0,229,14575.0,123,14580.0,173,14585.0,194,14590.0,108,14565.0
ru2409,,13:42:39.500#,14600.0,14710.0,14475.0,15425.0,13680.0,212613,188423.0,14545.0,118,14550.0,427,14555.0,336,14560.0,317,14565.0,201,14570.0,229,14575.0,123,14580.0,173,14585.0,194,14590.0,108,14565.0
ru2409,,13:42:40.0#,14600.0,14710.0,14475.0,15425.0,13680.0,212613,188423.0,14545.0,118,14550.0,427,14555.0,336,14560.0,317,14565.0,201,14570.0,230,14575.0,123,14580.0,173,14585.0,194,14590.0,108,14565.0
ru2409,,13:42:40.500#,14600.0,14710.0,14475.0,15425.0,13680.0,212614,188423.0,14545.0,118,14550.0,427,14555.0,336,14560.0,319,14565.0,207,14570.0,229,14575.0,123,14580.0,173,14585.0,194,14590.0,108,14570.0
ru2409,,13:42:41.0#,14600.0,14710.0,14475.0,15425.0,13680.0,212614,188423.0,14545.0,118,14550.0,427,14555.0,336,14560.0,319,14565.0,210,14570.0,233,14575.0,123,14580.0,173,14585.0,194,14590.0,108,14570.0
ru2409,,13:42:41.500#,14600.0,14710.0,14475.0,15425.0,13680.0,212625,188428.0,14545.0,118,14550.0,428,14555.0,337,14560.0,320,14565.0,218,14570.0,224,14575.0,123,14580.0,173,14585.0,194,14590.0,108,14570.0
ru2409,,13:42:42.0#,14600.0,14710.0,14475.0,15425.0,13680.0,212630,188431.0,14545.0,118,14550.0,428,14555.0,337,14560.0,320,14565.0,217,14570.0,243,14575.0,123,14580.0,173,14585.0,194,14590.0,108,14570.0
ru2409,,13:42:42.500#,14600.0,14710.0,14475.0,15425.0,13680.0,212635,188431.0,14545.0,120,14550.0,428,14555.0,337,14560.0,321,14565.0,214,14570.0,244,14575.0,123,14580.0,173,14585.0,194,14590.0,108,14565.0
ru2409,,13:42:43.0#,14600.0,14710.0,14475.0,15425.0,13680.0,212636,188431.0,14545.0,120,14550.0,428,14555.0,337,14560.0,320,14565.0,216,14570.0,249,14575.0,123,14580.0,173,14585.0,194,14590.0,108,14570.0
ru2409,,13:42:43.500#,14600.0,14710.0,14475.0,15425.0,13680.0,212636,188431.0,14545.0,120,14550.0,428,14555.0,339,14560.0,320,14565.0,216,14570.0,256,14575.0,123,14580.0,173,14585.0,194,14590.0,108,14570.0
ru2409,,13:42:44.0#,14600.0,14710.0,14475.0,15425.0,13680.0,212642,188431.0,14545.0,120,14550.0,427,14555.0,340,14560.0,320,14565.0,211,14570.0,252,14575.0,123,14580.0,173,14585.0,194,14590.0,109,14570.0
ru2409,,13:42:44.500#,14600.0,14710.0,14475.0,15425.0,13680.0,212649,188428.0,14545.0,120,14550.0,427,14555.0,340,14560.0,321,14565.0,207,14570.0,257,14575.0,123,14580.0,173,14585.0,194,14590.0,109,14570.0
ru2409,,13:42:45.0#,14600.0,14710.0,14475.0,15425.0,13680.0,212684,188412.0,14545.0,120,14550.0,432,14555.0,340,14560.0,320,14565.0,162,14570.0,277,14575.0,123,14580.0,173,14585.0,194,14590.0,109,14565.0
ru2409,,13:42:45.500#,14600.0,14710.0,14475.0,15425.0,13680.0,212861,188442.0,14540.0,173,14545.0,121,14550.0,433,14555.0,340,14560.0,314,14565.0,22,14570.0,279,14575.0,123,14580.0,173,14585.0,194,14565.0
ru2409,,13:42:46.0#,14600.0,14710.0,14475.0,15425.0,13680.0,212864,188442.0,14540.0,174,14545.0,121,14550.0,433,14555.0,339,14560.0,314,14565.0,244,14570.0,273,14575.0,123,14580.0,173,14585.0,194,14565.0
ru2409,,13:42:46.500#,14600.0,14710.0,14475.0,15425.0,13680.0,212864,188442.0,14540.0,174,14545.0,121,14550.0,434,14555.0,339,14560.0,307,14565.0,269,14570.0,272,14575.0,123,14580.0,173,14585.0,194,14565.0
ru2409,,13:42:47.0#,14600.0,14710.0,14475.0,15425.0,13680.0,212875,188439.0,14540.0,174,14545.0,121,14550.0,435,14555.0,340,14560.0,299,14565.0,253,14570.0,274,14575.0,123,14580.0,173,14585.0,194,14565.0
ru2409,,13:42:47.500#,14600.0,14710.0,14475.0,15425.0,13680.0,212877,188438.0,14540.0,174,14545.0,121,14550.0,435,14555.0,340,14560.0,297,14565.0,252,14570.0,274,14575.0,123,14580.0,173,14585.0,194,14565.0
ru2409,,13:42:48.0#,14600.0,14710.0,14475.0,15425.0,13680.0,212877,188438.0,14540.0,175,14545.0,121,14550.0,435,14555.0,339,14560.0,296,14565.0,252,14570.0,274,14575.0,124,14580.0,173,14585.0,194,14565.0
ru2409,,13:42:48.500#,14600.0,14710.0,14475.0,15425.0,13680.0,212890,188443.0,14540.0,175,14545.0,121,14550.0,435,14555.0,339,14560.0,299,14565.0,241,14570.0,274,14575.0,124,14580.0,173,14585.0,194,14565.0
ru2409,,13:42:49.0#,14600.0,14710.0,14475.0,15425.0,13680.0,212901,188451.0,14540.0,175,14545.0,121,14550.0,435,14555.0,339,14560.0,298,14565.0,233,14570.0,273,14575.0,124,14580.0,173,14585.0,194,14565.0
ru2409,,13:42:49.500#,14600.0,14710.0,14475.0,15425.0,13680.0,212901,188451.0,14540.0,175,14545.0,121,14550.0,435,14555.0,339,14560.0,300,14565.0,234,14570.0,271,14575.0,124,14580.0,173,14585.0,194,14565.0
ru2409,,13:42:50.0#,14600.0,14710.0,14475.0,15425.0,13680.0,212905,188454.0,14540.0,175,14545.0,121,14550.0,435,14555.0,339,14560.0,300,14565.0,230,14570.0,271,14575.0,124,14580.0,173,14585.0,194,14565.0
ru2409,,13:42:50.500#,14600.0,14710.0,14475.0,15425.0,13680.0,212906,188455.0,14540.0,175,14545.0,116,14550.0,435,14555.0,337,14560.0,301,14565.0,234,14570.0,271,14575.0,124,14580.0,174,14585.0,189,14560.0
ru2409,,13:42:51.0#,14600.0,14710.0,14475.0,15425.0,13680.0,212912,188460.0,14540.0,175,14545.0,116,14550.0,435,14555.0,337,14560.0,292,14565.0,236,14570.0,271,14575.0,124,14580.0,175,14585.0,189,14565.0
ru2409,,13:42:51.500#,14600.0,14710.0,14475.0,15425.0,13680.0,212913,188461.0,14540.0,175,14545.0,115,14550.0,435,14555.0,337,14560.0,293,14565.0,243,14570.0,271,14575.0,124,14580.0,175,14585.0,189,14565.0
ru2409,,13:42:52.0#,14600.0,14710.0,14475.0,15425.0,13680.0,212913,188461.0,14540.0,175,14545.0,115,14550.0,435,14555.0,337,14560.0,294,14565.0,244,14570.0,271,14575.0,124,14580.0,174,14585.0,189,14565.0
ru2409,,13:42:52.500#,14600.0,14710.0,14475.0,15425.0,13680.0,212914,188462.0,14540.0,175,14545.0,115,14550.0,434,14555.0,337,14560.0,295,14565.0,243,14570.0,270,14575.0,124,14580.0,180,14585.0,189,14565.0
ru2409,,13:42:53.0#,14600.0,14710.0,14475.0,15425.0,13680.0,212916,188462.0,14540.0,175,14545.0,115,14550.0,434,14555.0,337,14560.0,294,14565.0,248,14570.0,268,14575.0,124,14580.0,180,14585.0,189,14560.0
ru2409,,13:42:53.500#,14600.0,14710.0,14475.0,15425.0,13680.0,212918,188463.0,14540.0,175,14545.0,115,14550.0,424,14555.0,337,14560.0,293,14565.0,248,14570.0,268,14575.0,123,14580.0,180,14585.0,189,14560.0
ru2409,,13:42:54.0#,14600.0,14710.0,14475.0,15425.0,13680.0,212931,188470.0,14540.0,175,14545.0,115,14550.0,424,14555.0,337,14560.0,287,14565.0,247,14570.0,268,14575.0,123,14580.0,180,14585.0,189,14560.0
