InstrumentId,ExchangeId,Datetime,OpenPrice,HighestPrice,LowestPrice,UpperLimitPrice,LowerLimitPrice,Volume,OpenInterest,BidPrice5,BidVolume5,BidPrice4,BidVolume4,BidPrice3,BidVolume3,BidPrice2,BidVolume2,BidPrice1,BidVolume1,AskPrice1,AskVolume1,AskPrice2,AskVolume2,AskPrice3,AskVolume3,AskPrice4,AskVolume4,AskPrice5,AskVolume5,LastPrice
SA409,,13:38:35.0#,1930.0,1952.0,1891.0,2142.0,1752.0,1216125,786903,1911.0,610,1912.0,642,1913.0,676,1914.0,528,1915.0,603,1916.0,221,1917.0,361,1918.0,340,1919.0,449,1920.0,748,1916.0
SA409,,13:38:35.250#,1930.0,1952.0,1891.0,2142.0,1752.0,1216129,786903,1911.0,608,1912.0,642,1913.0,676,1914.0,528,1915.0,605,1916.0,217,1917.0,361,1918.0,340,1919.0,449,1920.0,748,1916.0
SA409,,13:38:35.500#,1930.0,1952.0,1891.0,2142.0,1752.0,1216131,786903,1911.0,608,1912.0,644,1913.0,676,1914.0,528,1915.0,605,1916.0,216,1917.0,361,1918.0,340,1919.0,449,1920.0,748,1916.0
SA409,,13:38:35.750#,1930.0,1952.0,1891.0,2142.0,1752.0,1216193,786943,1911.0,608,1912.0,646,1913.0,676,1914.0,528,1915.0,606,1916.0,157,1917.0,363,1918.0,340,1919.0,449,1920.0,748,1916.0
SA409,,13:38:36.0#,1930.0,1952.0,1891.0,2142.0,1752.0,1216196,786946,1911.0,608,1912.0,646,1913.0,675,1914.0,530,1915.0,604,1916.0,154,1917.0,363,1918.0,340,1919.0,449,1920.0,749,1915.0
SA409,,13:38:36.250#,1930.0,1952.0,1891.0,2142.0,1752.0,1216198,786948,1911.0,608,1912.0,646,1913.0,675,1914.0,530,1915.0,605,1916.0,156,1917.0,363,1918.0,340,1919.0,449,1920.0,746,1915.0
SA409,,13:38:36.500#,1930.0,1952.0,1891.0,2142.0,1752.0,1216206,786941,1911.0,608,1912.0,645,1913.0,675,1914.0,531,1915.0,606,1916.0,148,1917.0,363,1918.0,340,1919.0,449,1920.0,746,1916.0
SA409,,13:38:36.750#,1930.0,1952.0,1891.0,2142.0,1752.0,1216207,786941,1911.0,608,1912.0,645,1913.0,675,1914.0,532,1915.0,605,1916.0,162,1917.0,363,1918.0,340,1919.0,449,1920.0,746,1916.0
SA409,,13:38:37.0#,1930.0,1952.0,1891.0,2142.0,1752.0,1216207,786941,1911.0,609,1912.0,645,1913.0,675,1914.0,533,1915.0,610,1916.0,162,1917.0,362,1918.0,341,1919.0,449,1920.0,746,1916.0
SA409,,13:38:37.250#,1930.0,1952.0,1891.0,2142.0,1752.0,1216207,786941,1911.0,609,1912.0,645,1913.0,677,1914.0,533,1915.0,611,1916.0,162,1917.0,363,1918.0,341,1919.0,449,1920.0,746,1916.0
SA409,,13:38:37.500#,1930.0,1952.0,1891.0,2142.0,1752.0,1216207,786941,1911.0,609,1912.0,646,1913.0,677,1914.0,533,1915.0,614,1916.0,162,1917.0,363,1918.0,341,1919.0,449,1920.0,746,1916.0
SA409,,13:38:37.750#,1930.0,1952.0,1891.0,2142.0,1752.0,1216210,786939,1911.0,609,1912.0,646,1913.0,678,1914.0,533,1915.0,615,1916.0,159,1917.0,363,1918.0,341,1919.0,449,1920.0,746,1916.0
SA409,,13:38:38.0#,1930.0,1952.0,1891.0,2142.0,1752.0,1216210,786939,1911.0,609,1912.0,646,1913.0,678,1914.0,533,1915.0,618,1916.0,159,1917.0,363,1918.0,341,1919.0,450,1920.0,746,1916.0
SA409,,13:38:38.250#,1930.0,1952.0,1891.0,2142.0,1752.0,1216212,786939,1911.0,609,1912.0,646,1913.0,678,1914.0,533,1915.0,625,1916.0,157,1917.0,363,1918.0,341,1919.0,450,1920.0,746,1916.0
SA409,,13:38:38.500#,1930.0,1952.0,1891.0,2142.0,1752.0,1216213,786939,1911.0,609,1912.0,646,1913.0,678,1914.0,533,1915.0,626,1916.0,157,1917.0,363,1918.0,341,1919.0,450,1920.0,746,1916.0
SA409,,13:38:38.750#,1930.0,1952.0,1891.0,2142.0,1752.0,1216214,786939,1911.0,609,1912.0,646,1913.0,678,1914.0,533,1915.0,626,1916.0,156,1917.0,363,1918.0,341,1919.0,450,1920.0,746,1916.0
SA409,,13:38:39.0#,1930.0,1952.0,1891.0,2142.0,1752.0,1216216,786939,1911.0,609,1912.0,646,1913.0,678,1914.0,535,1915.0,628,1916.0,154,1917.0,368,1918.0,341,1919.0,451,1920.0,746,1916.0
SA409,,13:38:39.250#,1930.0,1952.0,1891.0,2142.0,1752.0,1216217,786938,1911.0,609,1912.0,646,1913.0,681,1914.0,535,1915.0,633,1916.0,154,1917.0,368,1918.0,341,1919.0,451,1920.0,746,1916.0
SA409,,13:38:39.500#,1930.0,1952.0,1891.0,2142.0,1752.0,1216224,786939,1911.0,609,1912.0,641,1913.0,683,1914.0,535,1915.0,633,1916.0,147,1917.0,368,1918.0,341,1919.0,451,1920.0,746,1916.0
SA409,,13:38:39.750#,1930.0,1952.0,1891.0,2142.0,1752.0,1216226,786941,1911.0,609,1912.0,641,1913.0,683,1914.0,535,1915.0,628,1916.0,145,1917.0,369,1918.0,341,1919.0,451,1920.0,746,1916.0
SA409,,13:38:40.0#,1930.0,1952.0,1891.0,2142.0,1752.0,1216229,786941,1911.0,609,1912.0,642,1913.0,683,1914.0,537,1915.0,633,1916.0,142,1917.0,369,1918.0,341,1919.0,451,1920.0,746,1916.0
SA409,,13:38:40.250#,1930.0,1952.0,1891.0,2142.0,1752.0,1216236,786947,1911.0,609,1912.0,642,1913.0,681,1914.0,537,1915.0,637,1916.0,138,1917.0,369,1918.0,341,1919.0,451,1920.0,746,1916.0
SA409,,13:38:40.500#,1930.0,1952.0,1891.0,2142.0,1752.0,1216245,786947,1911.0,609,1912.0,642,1913.0,681,1914.0,540,1915.0,636,1916.0,130,1917.0,369,1918.0,341,1919.0,451,1920.0,746,1916.0
SA409,,13:38:40.750#,1930.0,1952.0,1891.0,2142.0,1752.0,1216245,786947,1911.0,609,1912.0,642,1913.0,685,1914.0,540,1915.0,636,1916.0,131,1917.0,364,1918.0,341,1919.0,451,1920.0,746,1916.0
SA409,,13:38:41.0#,1930.0,1952.0,1891.0,2142.0,1752.0,1216245,786947,1911.0,609,1912.0,642,1913.0,685,1914.0,541,1915.0,640,1916.0,137,1917.0,364,1918.0,341,1919.0,451,1920.0,746,1916.0
SA409,,13:38:41.250#,1930.0,1952.0,1891.0,2142.0,1752.0,1216247,786948,1911.0,609,1912.0,642,1913.0,685,1914.0,541,1915.0,639,1916.0,136,1917.0,364,1918.0,341,1919.0,451,1920.0,746,1916.0
SA409,,13:38:41.500#,1930.0,1952.0,1891.0,2142.0,1752.0,1216247,786948,1911.0,609,1912.0,642,1913.0,685,1914.0,541,1915.0,639,1916.0,121,1917.0,343,1918.0,341,1919.0,451,1920.0,746,1916.0
SA409,,13:38:41.750#,1930.0,1952.0,1891.0,2142.0,1752.0,1216252,786950,1911.0,609,1912.0,642,1913.0,685,1914.0,541,1915.0,639,1916.0,129,1917.0,343,1918.0,341,1919.0,451,1920.0,746,1916.0
SA409,,13:38:42.0#,1930.0,1952.0,1891.0,2142.0,1752.0,1216252,786950,1911.0,609,1912.0,642,1913.0,685,1914.0,541,1915.0,643,1916.0,142,1917.0,343,1918.0,341,1919.0,451,1920.0,746,1916.0
SA409,,13:38:42.250#,1930.0,1952.0,1891.0,2142.0,1752.0,1216252,786950,1911.0,609,1912.0,642,1913.0,685,1914.0,541,1915.0,660,1916.0,142,1917.0,343,1918.0,341,1919.0,451,1920.0,739,1916.0
SA409,,13:38:42.500#,1930.0,1952.0,1891.0,2142.0,1752.0,1216253,786950,1911.0,609,1912.0,642,1913.0,685,1914.0,541,1915.0,662,1916.0,144,1917.0,344,1918.0,341,1919.0,451,1920.0,739,1916.0
SA409,,13:38:42.750#,1930.0,1952.0,1891.0,2142.0,1752.0,1216254,786951,1911.0,609,1912.0,642,1913.0,685,1914.0,541,1915.0,662,1916.0,143,1917.0,344,1918.0,341,1919.0,451,1920.0,739,1916.0
SA409,,13:38:43.0#,1930.0,1952.0,1891.0,2142.0,1752.0,1216255,786952,1911.0,610,1912.0,642,1913.0,685,1914.0,541,1915.0,672,1916.0,148,1917.0,344,1918.0,341,1919.0,451,1920.0,739,1916.0
SA409,,13:38:43.250#,1930.0,1952.0,1891.0,2142.0,1752.0,1216258,786952,1911.0,610,1912.0,642,1913.0,685,1914.0,541,1915.0,670,1916.0,147,1917.0,344,1918.0,341,1919.0,451,1920.0,739,1916.0
SA409,,13:38:43.500#,1930.0,1952.0,1891.0,2142.0,1752.0,1216258,786952,1911.0,610,1912.0,642,1913.0,685,1914.0,541,1915.0,673,1916.0,147,1917.0,345,1918.0,341,1919.0,450,1920.0,739,1916.0
SA409,,13:38:43.750#,1930.0,1952.0,1891.0,2142.0,1752.0,1216260,786952,1911.0,610,1912.0,642,1913.0,685,1914.0,546,1915.0,672,1916.0,146,1917.0,346,1918.0,341,1919.0,450,1920.0,739,1915.0
SA409,,13:38:44.0#,1930.0,1952.0,1891.0,2142.0,1752.0,1216263,786953,1911.0,610,1912.0,642,1913.0,685,1914.0,546,1915.0,673,1916.0,148,1917.0,346,1918.0,341,1919.0,450,1920.0,739,1916.0
SA409,,13:38:44.250#,1930.0,1952.0,1891.0,2142.0,1752.0,1216263,786953,1911.0,610,1912.0,642,1913.0,685,1914.0,547,1915.0,678,1916.0,148,1917.0,346,1918.0,341,1919.0,450,1920.0,739,1916.0
SA409,,13:38:44.500#,1930.0,1952.0,1891.0,2142.0,1752.0,1216263,786953,1911.0,610,1912.0,642,1913.0,685,1914.0,547,1915.0,687,1916.0,151,1917.0,346,1918.0,341,1919.0,450,1920.0,739,1916.0
SA409,,13:38:44.750#,1930.0,1952.0,1891.0,2142.0,1752.0,1216263,786953,1911.0,610,1912.0,642,1913.0,685,1914.0,549,1915.0,683,1916.0,152,1917.0,348,1918.0,340,1919.0,450,1920.0,739,1916.0
SA409,,13:38:45.0#,1930.0,1952.0,1891.0,2142.0,1752.0,1216273,786963,1911.0,610,1912.0,642,1913.0,685,1914.0,549,1915.0,685,1916.0,143,1917.0,347,1918.0,335,1919.0,450,1920.0,739,1916.0
SA409,,13:38:45.250#,1930.0,1952.0,1891.0,2142.0,1752.0,1216275,786964,1911.0,610,1912.0,642,1913.0,685,1914.0,549,1915.0,690,1916.0,141,1917.0,347,1918.0,335,1919.0,450,1920.0,739,1916.0
SA409,,13:38:45.500#,1930.0,1952.0,1891.0,2142.0,1752.0,1216275,786964,1911.0,610,1912.0,642,1913.0,685,1914.0,549,1915.0,694,1916.0,141,1917.0,347,1918.0,335,1919.0,450,1920.0,739,1916.0
SA409,,13:38:45.750#,1930.0,1952.0,1891.0,2142.0,1752.0,1216276,786964,1911.0,610,1912.0,642,1913.0,685,1914.0,549,1915.0,698,1916.0,141,1917.0,347,1918.0,335,1919.0,450,1920.0,739,1916.0
SA409,,13:38:46.0#,1930.0,1952.0,1891.0,2142.0,1752.0,1216282,786967,1911.0,610,1912.0,642,1913.0,685,1914.0,549,1915.0,690,1916.0,143,1917.0,347,1918.0,335,1919.0,450,1920.0,739,1915.0
SA409,,13:38:46.250#,1930.0,1952.0,1891.0,2142.0,1752.0,1216289,786967,1911.0,610,1912.0,642,1913.0,685,1914.0,549,1915.0,691,1916.0,136,1917.0,347,1918.0,335,1919.0,450,1920.0,739,1916.0
SA409,,13:38:46.500#,1930.0,1952.0,1891.0,2142.0,1752.0,1216289,786967,1911.0,610,1912.0,642,1913.0,685,1914.0,549,1915.0,694,1916.0,136,1917.0,347,1918.0,335,1919.0,450,1920.0,739,1916.0
SA409,,13:38:46.750#,1930.0,1952.0,1891.0,2142.0,1752.0,1216295,786967,1911.0,610,1912.0,642,1913.0,685,1914.0,549,1915.0,694,1916.0,131,1917.0,347,1918.0,335,1919.0,450,1920.0,739,1916.0
SA409,,13:38:47.0#,1930.0,1952.0,1891.0,2142.0,1752.0,1216297,786969,1911.0,611,1912.0,642,1913.0,685,1914.0,549,1915.0,695,1916.0,131,1917.0,347,1918.0,335,1919.0,450,1920.0,739,1916.0
SA409,,13:38:47.250#,1930.0,1952.0,1891.0,2142.0,1752.0,1216382,786941,1911.0,611,1912.0,642,1913.0,685,1914.0,549,1915.0,611,1916.0,132,1917.0,348,1918.0,335,1919.0,450,1920.0,739,1915.0
SA409,,13:38:47.500#,1930.0,1952.0,1891.0,2142.0,1752.0,1216467,787013,1911.0,611,1912.0,642,1913.0,685,1914.0,549,1915.0,606,1916.0,136,1917.0,348,1918.0,335,1919.0,450,1920.0,739,1915.0
SA409,,13:38:47.750#,1930.0,1952.0,1891.0,2142.0,1752.0,1216467,787013,1911.0,611,1912.0,642,1913.0,679,1914.0,549,1915.0,610,1916.0,136,1917.0,348,1918.0,335,1919.0,450,1920.0,739,1915.0
SA409,,13:38:48.0#,1930.0,1952.0,1891.0,2142.0,1752.0,1216468,787013,1911.0,611,1912.0,643,1913.0,678,1914.0,549,1915.0,609,1916.0,141,1917.0,342,1918.0,335,1919.0,450,1920.0,739,1915.0
SA409,,13:38:48.250#,1930.0,1952.0,1891.0,2142.0,1752.0,1216468,787013,1911.0,611,1912.0,643,1913.0,678,1914.0,549,1915.0,610,1916.0,141,1917.0,342,1918.0,335,1919.0,450,1920.0,739,1915.0
SA409,,13:38:48.500#,1930.0,1952.0,1891.0,2142.0,1752.0,1216477,787014,1911.0,611,1912.0,643,1913.0,678,1914.0,549,1915.0,598,1916.0,143,1917.0,341,1918.0,335,1919.0,450,1920.0,739,1915.0
SA409,,13:38:48.750#,1930.0,1952.0,1891.0,2142.0,1752.0,1216482,787019,1911.0,611,1912.0,645,1913.0,678,1914.0,549,1915.0,608,1916.0,129,1917.0,341,1918.0,335,1919.0,450,1920.0,739,1916.0
SA409,,13:38:49.0#,1930.0,1952.0,1891.0,2142.0,1752.0,1216493,787019,1911.0,611,1912.0,645,1913.0,680,1914.0,549,1915.0,608,1916.0,119,1917.0,341,1918.0,334,1919.0,450,1920.0,739,1916.0
SA409,,13:38:49.250#,1930.0,1952.0,1891.0,2142.0,1752.0,1216493,787019,1911.0,611,1912.0,645,1913.0,680,1914.0,550,1915.0,607,1916.0,120,1917.0,341,1918.0,334,1919.0,450,1920.0,739,1916.0
SA409,,13:38:49.500#,1930.0,1952.0,1891.0,2142.0,1752.0,1216494,787019,1911.0,611,1912.0,645,1913.0,680,1914.0,550,1915.0,607,1916.0,119,1917.0,341,1918.0,334,1919.0,450,1920.0,739,1916.0
SA409,,13:38:49.750#,1930.0,1952.0,1891.0,2142.0,1752.0,1216498,787022,1911.0,611,1912.0,645,1913.0,680,1914.0,550,1915.0,604,1916.0,118,1917.0,341,1918.0,334,1919.0,450,1920.0,739,1916.0
SA409,,13:38:50.0#,1930.0,1952.0,1891.0,2142.0,1752.0,1216513,787032,1911.0,611,1912.0,645,1913.0,680,1914.0,550,1915.0,597,1916.0,125,1917.0,341,1918.0,334,1919.0,450,1920.0,739,1916.0
SA409,,13:38:50.250#,1930.0,1952.0,1891.0,2142.0,1752.0,1216513,787032,1911.0,611,1912.0,645,1913.0,680,1914.0,550,1915.0,600,1916.0,125,1917.0,341,1918.0,334,1919.0,450,1920.0,738,1916.0
SA409,,13:38:50.500#,1930.0,1952.0,1891.0,2142.0,1752.0,1216516,787033,1911.0,611,1912.0,645,1913.0,680,1914.0,550,1915.0,598,1916.0,124,1917.0,341,1918.0,334,1919.0,450,1920.0,738,1916.0
SA409,,13:38:50.750#,1930.0,1952.0,1891.0,2142.0,1752.0,1216516,787033,1911.0,611,1912.0,647,1913.0,680,1914.0,550,1915.0,599,1916.0,125,1917.0,341,1918.0,334,1919.0,450,1920.0,738,1916.0
SA409,,13:38:51.0#,1930.0,1952.0,1891.0,2142.0,1752.0,1216518,787033,1911.0,611,1912.0,647,1913.0,680,1914.0,550,1915.0,600,1916.0,126,1917.0,350,1918.0,334,1919.0,450,1920.0,738,1915.0
SA409,,13:38:51.250#,1930.0,1952.0,1891.0,2142.0,1752.0,1216518,787033,1911.0,611,1912.0,647,1913.0,680,1914.0,550,1915.0,598,1916.0,130,1917.0,350,1918.0,335,1919.0,450,1920.0,738,1915.0
SA409,,13:38:51.500#,1930.0,1952.0,1891.0,2142.0,1752.0,1216519,787034,1911.0,611,1912.0,647,1913.0,680,1914.0,550,1915.0,598,1916.0,129,1917.0,350,1918.0,335,1919.0,450,1920.0,738,1916.0
SA409,,13:38:51.750#,1930.0,1952.0,1891.0,2142.0,1752.0,1216519,787034,1911.0,611,1912.0,647,1913.0,680,1914.0,550,1915.0,599,1916.0,129,1917.0,350,1918.0,335,1919.0,450,1920.0,738,1916.0
SA409,,13:38:52.0#,1930.0,1952.0,1891.0,2142.0,1752.0,1216521,787036,1911.0,611,1912.0,647,1913.0,680,1914.0,551,1915.0,599,1916.0,127,1917.0,350,1918.0,336,1919.0,450,1920.0,738,1916.0
SA409,,13:38:52.250#,1930.0,1952.0,1891.0,2142.0,1752.0,1216521,787036,1911.0,611,1912.0,647,1913.0,680,1914.0,551,1915.0,599,1916.0,127,1917.0,350,1918.0,336,1919.0,450,1920.0,738,1916.0
SA409,,13:38:52.500#,1930.0,1952.0,1891.0,2142.0,1752.0,1216521,787036,1911.0,611,1912.0,647,1913.0,680,1914.0,551,1915.0,610,1916.0,133,1917.0,350,1918.0,336,1919.0,450,1920.0,738,1916.0
SA409,,13:38:52.750#,1930.0,1952.0,1891.0,2142.0,1752.0,1216521,787036,1911.0,611,1912.0,647,1913.0,680,1914.0,551,1915.0,610,1916.0,135,1917.0,350,1918.0,336,1919.0,450,1920.0,738,1916.0
SA409,,13:38:53.0#,1930.0,1952.0,1891.0,2142.0,1752.0,1216521,787036,1911.0,613,1912.0,647,1913.0,681,1914.0,550,1915.0,610,1916.0,136,1917.0,350,1918.0,337,1919.0,450,1920.0,738,1916.0
SA409,,13:38:53.250#,1930.0,1952.0,1891.0,2142.0,1752.0,1216525,787040,1911.0,613,1912.0,647,1913.0,681,1914.0,556,1915.0,610,1916.0,133,1917.0,350,1918.0,337,1919.0,450,1920.0,738,1916.0
SA409,,13:38:53.500#,1930.0,1952.0,1891.0,2142.0,1752.0,1216527,787040,1911.0,613,1912.0,647,1913.0,681,1914.0,556,1915.0,619,1916.0,143,1917.0,350,1918.0,337,1919.0,450,1920.0,738,1915.0
SA409,,13:38:53.750#,1930.0,1952.0,1891.0,2142.0,1752.0,1216532,787042,1911.0,613,1912.0,647,1913.0,680,1914.0,556,1915.0,614,1916.0,143,1917.0,350,1918.0,337,1919.0,450,1920.0,738,1915.0
SA409,,13:38:54.0#,1930.0,1952.0,1891.0,2142.0,1752.0,1216532,787042,1911.0,613,1912.0,642,1913.0,680,1914.0,556,1915.0,618,1916.0,143,1917.0,350,1918.0,337,1919.0,450,1920.0,738,1915.0
SA409,,13:38:54.250#,1930.0,1952.0,1891.0,2142.0,1752.0,1216538,787042,1911.0,613,1912.0,642,1913.0,679,1914.0,557,1915.0,615,1916.0,143,1917.0,350,1918.0,337,1919.0,451,1920.0,738,1915.0
SA409,,13:38:54.500#,1930.0,1952.0,1891.0,2142.0,1752.0,1216545,787045,1911.0,613,1912.0,646,1913.0,680,1914.0,557,1915.0,615,1916.0,136,1917.0,350,1918.0,338,1919.0,451,1920.0,738,1916.0
SA409,,13:38:54.750#,1930.0,1952.0,1891.0,2142.0,1752.0,1216546,787045,1911.0,613,1912.0,646,1913.0,680,1914.0,557,1915.0,616,1916.0,139,1917.0,350,1918.0,338,1919.0,451,1920.0,738,1915.0
SA409,,13:38:55.0#,1930.0,1952.0,1891.0,2142.0,1752.0,1216546,787045,1911.0,613,1912.0,646,1913.0,685,1914.0,557,1915.0,615,1916.0,141,1917.0,350,1918.0,327,1919.0,451,1920.0,738,1915.0
SA409,,13:38:55.250#,1930.0,1952.0,1891.0,2142.0,1752.0,1216546,787045,1911.0,613,1912.0,646,1913.0,685,1914.0,557,1915.0,615,1916.0,143,1917.0,350,1918.0,327,1919.0,451,1920.0,738,1915.0
SA409,,13:38:55.500#,1930.0,1952.0,1891.0,2142.0,1752.0,1216561,787057,1911.0,613,1912.0,646,1913.0,685,1914.0,557,1915.0,607,1916.0,137,1917.0,350,1918.0,324,1919.0,451,1920.0,738,1916.0
SA409,,13:38:55.750#,1930.0,1952.0,1891.0,2142.0,1752.0,1216563,787058,1911.0,613,1912.0,646,1913.0,685,1914.0,557,1915.0,607,1916.0,135,1917.0,350,1918.0,324,1919.0,451,1920.0,738,1916.0
SA409,,13:38:56.0#,1930.0,1952.0,1891.0,2142.0,1752.0,1216566,787057,1911.0,613,1912.0,646,1913.0,685,1914.0,557,1915.0,606,1916.0,132,1917.0,350,1918.0,324,1919.0,451,1920.0,738,1916.0
SA409,,13:38:56.250#,1930.0,1952.0,1891.0,2142.0,1752.0,1216566,787057,1911.0,612,1912.0,646,1913.0,683,1914.0,556,1915.0,607,1916.0,134,1917.0,350,1918.0,324,1919.0,451,1920.0,738,1916.0
SA409,,13:38:56.500#,1930.0,1952.0,1891.0,2142.0,1752.0,1216572,787057,1911.0,612,1912.0,646,1913.0,684,1914.0,556,1915.0,607,1916.0,173,1917.0,350,1918.0,324,1919.0,451,1920.0,738,1916.0
SA409,,13:38:56.750#,1930.0,1952.0,1891.0,2142.0,1752.0,1216572,787057,1911.0,612,1912.0,646,1913.0,684,1914.0,556,1915.0,607,1916.0,173,1917.0,350,1918.0,324,1919.0,451,1920.0,738,1916.0
SA409,,13:38:57.0#,1930.0,1952.0,1891.0,2142.0,1752.0,1216574,787057,1911.0,612,1912.0,646,1913.0,669,1914.0,558,1915.0,620,1916.0,178,1917.0,350,1918.0,324,1919.0,451,1920.0,739,1915.0
SA409,,13:38:57.250#,1930.0,1952.0,1891.0,2142.0,1752.0,1216579,787052,1911.0,612,1912.0,646,1913.0,669,1914.0,558,1915.0,621,1916.0,173,1917.0,350,1918.0,324,1919.0,451,1920.0,739,1916.0
SA409,,13:38:57.500#,1930.0,1952.0,1891.0,2142.0,1752.0,1216579,787052,1911.0,612,1912.0,646,1913.0,669,1914.0,558,1915.0,621,1916.0,174,1917.0,350,1918.0,324,1919.0,451,1920.0,739,1916.0
SA409,,13:38:57.750#,1930.0,1952.0,1891.0,2142.0,1752.0,1216589,787045,1911.0,612,1912.0,646,1913.0,669,1914.0,558,1915.0,633,1916.0,164,1917.0,350,1918.0,324,1919.0,451,1920.0,739,1916.0
SA409,,13:38:58.0#,1930.0,1952.0,1891.0,2142.0,1752.0,1216589,787045,1911.0,612,1912.0,646,1913.0,669,1914.0,559,1915.0,634,1916.0,165,1917.0,350,1918.0,324,1919.0,453,1920.0,739,1916.0
SA409,,13:38:58.250#,1930.0,1952.0,1891.0,2142.0,1752.0,1216590,787045,1911.0,612,1912.0,646,1913.0,668,1914.0,558,1915.0,634,1916.0,165,1917.0,350,1918.0,324,1919.0,453,1920.0,739,1916.0
SA409,,13:38:58.500#,1930.0,1952.0,1891.0,2142.0,1752.0,1216591,787044,1911.0,612,1912.0,646,1913.0,668,1914.0,558,1915.0,634,1916.0,164,1917.0,350,1918.0,323,1919.0,453,1920.0,739,1916.0
SA409,,13:38:58.750#,1930.0,1952.0,1891.0,2142.0,1752.0,1216593,787044,1911.0,612,1912.0,646,1913.0,668,1914.0,558,1915.0,641,1916.0,161,1917.0,351,1918.0,323,1919.0,453,1920.0,739,1916.0
SA409,,13:38:59.0#,1930.0,1952.0,1891.0,2142.0,1752.0,1216594,787045,1911.0,612,1912.0,646,1913.0,668,1914.0,558,1915.0,641,1916.0,169,1917.0,350,1918.0,323,1919.0,453,1920.0,739,1916.0
SA409,,13:38:59.250#,1930.0,1952.0,1891.0,2142.0,1752.0,1216594,787045,1911.0,612,1912.0,646,1913.0,668,1914.0,558,1915.0,643,1916.0,168,1917.0,350,1918.0,323,1919.0,453,1920.0,739,1916.0
SA409,,13:38:59.500#,1930.0,1952.0,1891.0,2142.0,1752.0,1216594,787045,1911.0,613,1912.0,645,1913.0,668,1914.0,558,1915.0,645,1916.0,168,1917.0,349,1918.0,323,1919.0,453,1920.0,739,1916.0
SA409,,13:38:59.750#,1930.0,1952.0,1891.0,2142.0,1752.0,1216594,787045,1911.0,613,1912.0,645,1913.0,668,1914.0,558,1915.0,645,1916.0,169,1917.0,349,1918.0,323,1919.0,453,1920.0,739,1916.0
SA409,,13:39:00.0#,1930.0,1952.0,1891.0,2142.0,1752.0,1216595,787045,1911.0,613,1912.0,644,1913.0,668,1914.0,558,1915.0,646,1916.0,173,1917.0,351,1918.0,323,1919.0,453,1920.0,739,1916.0
SA409,,13:39:00.250#,1930.0,1952.0,1891.0,2142.0,1752.0,1216595,787045,1911.0,613,1912.0,644,1913.0,668,1914.0,558,1915.0,646,1916.0,173,1917.0,351,1918.0,323,1919.0,453,1920.0,739,1916.0
SA409,,13:39:00.500#,1930.0,1952.0,1891.0,2142.0,1752.0,1216597,787047,1911.0,613,1912.0,644,1913.0,668,1914.0,558,1915.0,645,1916.0,172,1917.0,355,1918.0,337,1919.0,453,1920.0,739,1915.0
SA409,,13:39:00.750#,1930.0,1952.0,1891.0,2142.0,1752.0,1216597,787047,1911.0,613,1912.0,644,1913.0,668,1914.0,558,1915.0,645,1916.0,173,1917.0,355,1918.0,337,1919.0,453,1920.0,739,1915.0
SA409,,13:39:01.0#,1930.0,1952.0,1891.0,2142.0,1752.0,1216597,787047,1911.0,613,1912.0,644,1913.0,669,1914.0,559,1915.0,646,1916.0,175,1917.0,356,1918.0,337,1919.0,453,1920.0,739,1915.0
SA409,,13:39:01.250#,1930.0,1952.0,1891.0,2142.0,1752.0,1216597,787047,1911.0,613,1912.0,644,1913.0,669,1914.0,559,1915.0,648,1916.0,177,1917.0,356,1918.0,337,1919.0,453,1920.0,739,1915.0
SA409,,13:39:01.500#,1930.0,1952.0,1891.0,2142.0,1752.0,1216597,787047,1911.0,613,1912.0,644,1913.0,669,1914.0,559,1915.0,649,1916.0,195,1917.0,356,1918.0,337,1919.0,453,1920.0,739,1915.0
SA409,,13:39:01.750#,1930.0,1952.0,1891.0,2142.0,1752.0,1216605,787049,1911.0,613,1912.0,644,1913.0,669,1914.0,559,1915.0,645,1916.0,197,1917.0,356,1918.0,337,1919.0,453,1920.0,739,1916.0
SA409,,13:39:02.0#,1930.0,1952.0,1891.0,2142.0,1752.0,1216606,787048,1911.0,613,1912.0,644,1913.0,668,1914.0,559,1915.0,645,1916.0,197,1917.0,356,1918.0,337,1919.0,453,1920.0,739,1916.0
SA409,,13:39:02.250#,1930.0,1952.0,1891.0,2142.0,1752.0,1216606,787048,1911.0,613,1912.0,644,1913.0,668,1914.0,558,1915.0,646,1916.0,197,1917.0,355,1918.0,337,1919.0,453,1920.0,739,1916.0
SA409,,13:39:02.500#,1930.0,1952.0,1891.0,2142.0,1752.0,1216607,787048,1911.0,613,1912.0,644,1913.0,668,1914.0,558,1915.0,646,1916.0,199,1917.0,365,1918.0,337,1919.0,453,1920.0,739,1916.0
SA409,,13:39:02.750#,1930.0,1952.0,1891.0,2142.0,1752.0,1216608,787047,1911.0,613,1912.0,644,1913.0,668,1914.0,558,1915.0,647,1916.0,204,1917.0,365,1918.0,340,1919.0,453,1920.0,739,1915.0
SA409,,13:39:03.0#,1930.0,1952.0,1891.0,2142.0,1752.0,1216613,787044,1911.0,613,1912.0,644,1913.0,668,1914.0,558,1915.0,647,1916.0,299,1917.0,369,1918.0,340,1919.0,453,1920.0,739,1916.0
SA409,,13:39:03.250#,1930.0,1952.0,1891.0,2142.0,1752.0,1216614,787044,1911.0,613,1912.0,644,1913.0,668,1914.0,558,1915.0,647,1916.0,311,1917.0,370,1918.0,340,1919.0,453,1920.0,739,1915.0
SA409,,13:39:03.500#,1930.0,1952.0,1891.0,2142.0,1752.0,1216617,787047,1911.0,613,1912.0,644,1913.0,668,1914.0,558,1915.0,647,1916.0,308,1917.0,370,1918.0,340,1919.0,453,1920.0,739,1916.0
SA409,,13:39:03.750#,1930.0,1952.0,1891.0,2142.0,1752.0,1216627,787054,1911.0,613,1912.0,644,1913.0,668,1914.0,558,1915.0,637,1916.0,309,1917.0,370,1918.0,340,1919.0,453,1920.0,739,1915.0
SA409,,13:39:04.0#,1930.0,1952.0,1891.0,2142.0,1752.0,1216789,787130,1911.0,613,1912.0,644,1913.0,668,1914.0,558,1915.0,485,1916.0,316,1917.0,370,1918.0,340,1919.0,453,1920.0,739,1915.0
SA409,,13:39:04.250#,1930.0,1952.0,1891.0,2142.0,1752.0,1216800,787134,1911.0,613,1912.0,644,1913.0,668,1914.0,558,1915.0,475,1916.0,318,1917.0,370,1918.0,340,1919.0,453,1920.0,739,1916.0
SA409,,13:39:04.500#,1930.0,1952.0,1891.0,2142.0,1752.0,1216806,787133,1911.0,613,1912.0,644,1913.0,668,1914.0,558,1915.0,477,1916.0,312,1917.0,370,1918.0,340,1919.0,453,1920.0,739,1916.0
SA409,,13:39:04.750#,1930.0,1952.0,1891.0,2142.0,1752.0,1216812,787133,1911.0,613,1912.0,643,1913.0,668,1914.0,558,1915.0,477,1916.0,310,1917.0,370,1918.0,340,1919.0,453,1920.0,739,1916.0
SA409,,13:39:05.0#,1930.0,1952.0,1891.0,2142.0,1752.0,1216812,787133,1911.0,613,1912.0,643,1913.0,668,1914.0,558,1915.0,477,1916.0,319,1917.0,370,1918.0,340,1919.0,453,1920.0,739,1916.0
SA409,,13:39:05.250#,1930.0,1952.0,1891.0,2142.0,1752.0,1216816,787133,1911.0,613,1912.0,643,1913.0,668,1914.0,558,1915.0,476,1916.0,323,1917.0,370,1918.0,340,1919.0,453,1920.0,739,1915.0
SA409,,13:39:05.500#,1930.0,1952.0,1891.0,2142.0,1752.0,1216819,787133,1911.0,612,1912.0,643,1913.0,668,1914.0,558,1915.0,474,1916.0,330,1917.0,369,1918.0,339,1919.0,453,1920.0,739,1916.0
SA409,,13:39:05.750#,1930.0,1952.0,1891.0,2142.0,1752.0,1216820,787133,1911.0,612,1912.0,643,1913.0,668,1914.0,559,1915.0,492,1916.0,331,1917.0,369,1918.0,339,1919.0,453,1920.0,739,1915.0
SA409,,13:39:06.0#,1930.0,1952.0,1891.0,2142.0,1752.0,1216821,787133,1911.0,612,1912.0,643,1913.0,668,1914.0,559,1915.0,492,1916.0,354,1917.0,369,1918.0,344,1919.0,453,1920.0,740,1916.0
SA409,,13:39:06.250#,1930.0,1952.0,1891.0,2142.0,1752.0,1216824,787131,1911.0,612,1912.0,643,1913.0,668,1914.0,559,1915.0,490,1916.0,354,1917.0,369,1918.0,344,1919.0,453,1920.0,740,1916.0
SA409,,13:39:06.500#,1930.0,1952.0,1891.0,2142.0,1752.0,1216825,787131,1911.0,612,1912.0,643,1913.0,668,1914.0,559,1915.0,489,1916.0,355,1917.0,369,1918.0,344,1919.0,453,1920.0,740,1915.0
SA409,,13:39:06.750#,1930.0,1952.0,1891.0,2142.0,1752.0,1216825,787131,1911.0,612,1912.0,643,1913.0,668,1914.0,559,1915.0,489,1916.0,356,1917.0,369,1918.0,344,1919.0,453,1920.0,740,1915.0
SA409,,13:39:07.0#,1930.0,1952.0,1891.0,2142.0,1752.0,1216827,787131,1911.0,612,1912.0,643,1913.0,668,1914.0,560,1915.0,489,1916.0,354,1917.0,369,1918.0,344,1919.0,453,1920.0,740,1916.0
SA409,,13:39:07.250#,1930.0,1952.0,1891.0,2142.0,1752.0,1216835,787132,1911.0,612,1912.0,643,1913.0,668,1914.0,560,1915.0,486,1916.0,349,1917.0,369,1918.0,344,1919.0,453,1920.0,740,1915.0
SA409,,13:39:07.500#,1930.0,1952.0,1891.0,2142.0,1752.0,1216918,787080,1911.0,612,1912.0,643,1913.0,668,1914.0,559,1915.0,398,1916.0,359,1917.0,369,1918.0,343,1919.0,453,1920.0,740,1916.0
SA409,,13:39:07.750#,1930.0,1952.0,1891.0,2142.0,1752.0,1216927,787088,1911.0,612,1912.0,643,1913.0,668,1914.0,559,1915.0,392,1916.0,355,1917.0,369,1918.0,343,1919.0,453,1920.0,740,1915.0
SA409,,13:39:08.0#,1930.0,1952.0,1891.0,2142.0,1752.0,1216927,787088,1911.0,612,1912.0,643,1913.0,668,1914.0,559,1915.0,377,1916.0,355,1917.0,369,1918.0,341,1919.0,453,1920.0,740,1915.0
SA409,,13:39:08.250#,1930.0,1952.0,1891.0,2142.0,1752.0,1216929,787089,1911.0,612,1912.0,643,1913.0,668,1914.0,559,1915.0,377,1916.0,355,1917.0,369,1918.0,341,1919.0,453,1920.0,740,1915.0
SA409,,13:39:08.500#,1930.0,1952.0,1891.0,2142.0,1752.0,1216931,787089,1911.0,612,1912.0,643,1913.0,667,1914.0,560,1915.0,376,1916.0,364,1917.0,368,1918.0,341,1919.0,453,1920.0,740,1915.0
SA409,,13:39:08.750#,1930.0,1952.0,1891.0,2142.0,1752.0,1216931,787089,1911.0,612,1912.0,643,1913.0,667,1914.0,570,1915.0,376,1916.0,364,1917.0,368,1918.0,341,1919.0,453,1920.0,740,1915.0
SA409,,13:39:09.0#,1930.0,1952.0,1891.0,2142.0,1752.0,1216932,787090,1911.0,612,1912.0,643,1913.0,667,1914.0,570,1915.0,379,1916.0,364,1917.0,368,1918.0,341,1919.0,456,1920.0,740,1915.0
SA409,,13:39:09.250#,1930.0,1952.0,1891.0,2142.0,1752.0,1216945,787083,1911.0,612,1912.0,643,1913.0,667,1914.0,570,1915.0,376,1916.0,381,1917.0,368,1918.0,341,1919.0,456,1920.0,740,1915.0
SA409,,13:39:09.500#,1930.0,1952.0,1891.0,2142.0,1752.0,1216945,787083,1911.0,612,1912.0,643,1913.0,667,1914.0,570,1915.0,378,1916.0,381,1917.0,368,1918.0,341,1919.0,455,1920.0,740,1915.0
SA409,,13:39:09.750#,1930.0,1952.0,1891.0,2142.0,1752.0,1216946,787083,1911.0,612,1912.0,643,1913.0,667,1914.0,570,1915.0,378,1916.0,382,1917.0,368,1918.0,341,1919.0,455,1920.0,740,1915.0
SA409,,13:39:10.0#,1930.0,1952.0,1891.0,2142.0,1752.0,1216946,787083,1911.0,612,1912.0,643,1913.0,667,1914.0,570,1915.0,378,1916.0,382,1917.0,367,1918.0,341,1919.0,455,1920.0,740,1915.0
SA409,,13:39:10.250#,1930.0,1952.0,1891.0,2142.0,1752.0,1216949,787083,1911.0,612,1912.0,643,1913.0,668,1914.0,570,1915.0,382,1916.0,386,1917.0,367,1918.0,341,1919.0,455,1920.0,739,1915.0
SA409,,13:39:10.500#,1930.0,1952.0,1891.0,2142.0,1752.0,1216954,787083,1911.0,612,1912.0,643,1913.0,668,1914.0,569,1915.0,385,1916.0,381,1917.0,367,1918.0,341,1919.0,455,1920.0,739,1916.0
SA409,,13:39:10.750#,1930.0,1952.0,1891.0,2142.0,1752.0,1216954,787083,1911.0,613,1912.0,643,1913.0,668,1914.0,569,1915.0,385,1916.0,384,1917.0,367,1918.0,341,1919.0,455,1920.0,739,1916.0
SA409,,13:39:11.0#,1930.0,1952.0,1891.0,2142.0,1752.0,1216967,787092,1911.0,613,1912.0,643,1913.0,668,1914.0,569,1915.0,390,1916.0,391,1917.0,367,1918.0,341,1919.0,455,1920.0,739,1916.0
SA409,,13:39:11.250#,1930.0,1952.0,1891.0,2142.0,1752.0,1217114,787066,1911.0,613,1912.0,643,1913.0,668,1914.0,569,1915.0,245,1916.0,387,1917.0,367,1918.0,341,1919.0,455,1920.0,739,1916.0
SA409,,13:39:11.500#,1930.0,1952.0,1891.0,2142.0,1752.0,1217283,787102,1911.0,618,1912.0,643,1913.0,690,1914.0,569,1915.0,78,1916.0,393,1917.0,367,1918.0,346,1919.0,455,1920.0,739,1915.0
SA409,,13:39:11.750#,1930.0,1952.0,1891.0,2142.0,1752.0,1217364,787146,1910.0,1840,1911.0,618,1912.0,640,1913.0,690,1914.0,575,1915.0,174,1916.0,383,1917.0,367,1918.0,346,1919.0,455,1915.0
SA409,,13:39:12.0#,1930.0,1952.0,1891.0,2142.0,1752.0,1217373,787154,1910.0,1836,1911.0,617,1912.0,640,1913.0,691,1914.0,574,1915.0,215,1916.0,383,1917.0,360,1918.0,346,1919.0,454,1914.0
SA409,,13:39:12.250#,1930.0,1952.0,1891.0,2142.0,1752.0,1217379,787155,1910.0,1836,1911.0,617,1912.0,640,1913.0,691,1914.0,581,1915.0,195,1916.0,386,1917.0,357,1918.0,346,1919.0,454,1915.0
SA409,,13:39:12.500#,1930.0,1952.0,1891.0,2142.0,1752.0,1217384,787160,1910.0,1838,1911.0,618,1912.0,640,1913.0,691,1914.0,576,1915.0,268,1916.0,345,1917.0,352,1918.0,346,1919.0,454,1914.0
SA409,,13:39:12.750#,1930.0,1952.0,1891.0,2142.0,1752.0,1217384,787160,1910.0,1838,1911.0,618,1912.0,640,1913.0,695,1914.0,576,1915.0,289,1916.0,335,1917.0,352,1918.0,346,1919.0,454,1914.0
SA409,,13:39:13.0#,1930.0,1952.0,1891.0,2142.0,1752.0,1217398,787161,1910.0,1838,1911.0,618,1912.0,640,1913.0,695,1914.0,583,1915.0,284,1916.0,335,1917.0,346,1918.0,346,1919.0,454,1914.0
SA409,,13:39:13.250#,1930.0,1952.0,1891.0,2142.0,1752.0,1217401,787164,1910.0,1838,1911.0,618,1912.0,640,1913.0,695,1914.0,581,1915.0,294,1916.0,337,1917.0,346,1918.0,346,1919.0,454,1915.0
SA409,,13:39:13.500#,1930.0,1952.0,1891.0,2142.0,1752.0,1217401,787164,1910.0,1838,1911.0,618,1912.0,640,1913.0,695,1914.0,592,1915.0,299,1916.0,337,1917.0,343,1918.0,345,1919.0,454,1915.0
SA409,,13:39:13.750#,1930.0,1952.0,1891.0,2142.0,1752.0,1217404,787167,1910.0,1838,1911.0,618,1912.0,640,1913.0,696,1914.0,591,1915.0,307,1916.0,337,1917.0,341,1918.0,345,1919.0,452,1915.0
SA409,,13:39:14.0#,1930.0,1952.0,1891.0,2142.0,1752.0,1217405,787167,1910.0,1838,1911.0,618,1912.0,640,1913.0,696,1914.0,592,1915.0,324,1916.0,330,1917.0,339,1918.0,335,1919.0,452,1915.0
SA409,,13:39:14.250#,1930.0,1952.0,1891.0,2142.0,1752.0,1217408,787168,1910.0,1838,1911.0,618,1912.0,640,1913.0,696,1914.0,591,1915.0,295,1916.0,317,1917.0,339,1918.0,335,1919.0,452,1915.0
SA409,,13:39:14.500#,1930.0,1952.0,1891.0,2142.0,1752.0,1217410,787169,1910.0,1838,1911.0,618,1912.0,640,1913.0,696,1914.0,589,1915.0,292,1916.0,320,1917.0,336,1918.0,341,1919.0,452,1914.0
SA409,,13:39:14.750#,1930.0,1952.0,1891.0,2142.0,1752.0,1217411,787170,1910.0,1838,1911.0,618,1912.0,640,1913.0,696,1914.0,589,1915.0,291,1916.0,320,1917.0,333,1918.0,340,1919.0,452,1915.0
SA409,,13:39:15.0#,1930.0,1952.0,1891.0,2142.0,1752.0,1217414,787172,1910.0,1838,1911.0,618,1912.0,640,1913.0,696,1914.0,582,1915.0,293,1916.0,320,1917.0,332,1918.0,340,1919.0,452,1915.0
SA409,,13:39:15.250#,1930.0,1952.0,1891.0,2142.0,1752.0,1217419,787176,1910.0,1838,1911.0,618,1912.0,640,1913.0,696,1914.0,580,1915.0,290,1916.0,320,1917.0,331,1918.0,340,1919.0,452,1914.0
SA409,,13:39:15.500#,1930.0,1952.0,1891.0,2142.0,1752.0,1217425,787179,1910.0,1838,1911.0,620,1912.0,639,1913.0,696,1914.0,577,1915.0,295,1916.0,320,1917.0,328,1918.0,340,1919.0,452,1915.0
SA409,,13:39:15.750#,1930.0,1952.0,1891.0,2142.0,1752.0,1217427,787181,1910.0,1838,1911.0,618,1912.0,639,1913.0,696,1914.0,577,1915.0,293,1916.0,325,1917.0,328,1918.0,341,1919.0,452,1915.0
SA409,,13:39:16.0#,1930.0,1952.0,1891.0,2142.0,1752.0,1217458,787183,1910.0,1838,1911.0,618,1912.0,639,1913.0,696,1914.0,548,1915.0,298,1916.0,325,1917.0,318,1918.0,341,1919.0,452,1915.0
SA409,,13:39:16.250#,1930.0,1952.0,1891.0,2142.0,1752.0,1217487,787181,1910.0,1837,1911.0,618,1912.0,639,1913.0,695,1914.0,519,1915.0,300,1916.0,325,1917.0,318,1918.0,341,1919.0,452,1914.0
SA409,,13:39:16.500#,1930.0,1952.0,1891.0,2142.0,1752.0,1217491,787185,1910.0,1837,1911.0,618,1912.0,639,1913.0,695,1914.0,519,1915.0,298,1916.0,325,1917.0,316,1918.0,341,1919.0,452,1915.0
SA409,,13:39:16.750#,1930.0,1952.0,1891.0,2142.0,1752.0,1217496,787186,1910.0,1832,1911.0,618,1912.0,639,1913.0,696,1914.0,517,1915.0,289,1916.0,326,1917.0,316,1918.0,341,1919.0,452,1914.0
SA409,,13:39:17.0#,1930.0,1952.0,1891.0,2142.0,1752.0,1217498,787187,1910.0,1832,1911.0,618,1912.0,639,1913.0,696,1914.0,518,1915.0,307,1916.0,326,1917.0,295,1918.0,341,1919.0,452,1915.0
SA409,,13:39:17.250#,1930.0,1952.0,1891.0,2142.0,1752.0,1217500,787189,1910.0,1831,1911.0,618,1912.0,639,1913.0,699,1914.0,523,1915.0,308,1916.0,324,1917.0,295,1918.0,342,1919.0,452,1915.0
SA409,,13:39:17.500#,1930.0,1952.0,1891.0,2142.0,1752.0,1217506,787188,1910.0,1838,1911.0,618,1912.0,639,1913.0,698,1914.0,511,1915.0,323,1916.0,324,1917.0,294,1918.0,342,1919.0,452,1914.0
SA409,,13:39:17.750#,1930.0,1952.0,1891.0,2142.0,1752.0,1217509,787190,1910.0,1838,1911.0,618,1912.0,639,1913.0,682,1914.0,508,1915.0,322,1916.0,324,1917.0,293,1918.0,341,1919.0,449,1914.0
SA409,,13:39:18.0#,1930.0,1952.0,1891.0,2142.0,1752.0,1217521,787202,1910.0,1838,1911.0,618,1912.0,639,1913.0,683,1914.0,498,1915.0,327,1916.0,329,1917.0,293,1918.0,341,1919.0,449,1914.0
SA409,,13:39:18.250#,1930.0,1952.0,1891.0,2142.0,1752.0,1217523,787204,1910.0,1838,1911.0,618,1912.0,639,1913.0,683,1914.0,498,1915.0,331,1916.0,331,1917.0,295,1918.0,341,1919.0,449,1915.0
SA409,,13:39:18.500#,1930.0,1952.0,1891.0,2142.0,1752.0,1217525,787206,1910.0,1838,1911.0,618,1912.0,640,1913.0,692,1914.0,499,1915.0,331,1916.0,331,1917.0,297,1918.0,341,1919.0,449,1915.0
SA409,,13:39:18.750#,1930.0,1952.0,1891.0,2142.0,1752.0,1217526,787206,1910.0,1838,1911.0,618,1912.0,640,1913.0,690,1914.0,498,1915.0,351,1916.0,331,1917.0,297,1918.0,341,1919.0,449,1914.0
SA409,,13:39:19.0#,1930.0,1952.0,1891.0,2142.0,1752.0,1217526,787206,1910.0,1838,1911.0,618,1912.0,640,1913.0,690,1914.0,498,1915.0,356,1916.0,331,1917.0,296,1918.0,341,1919.0,449,1914.0
SA409,,13:39:19.250#,1930.0,1952.0,1891.0,2142.0,1752.0,1217568,787207,1910.0,1838,1911.0,618,1912.0,640,1913.0,690,1914.0,456,1915.0,356,1916.0,332,1917.0,296,1918.0,341,1919.0,449,1914.0
SA409,,13:39:19.500#,1930.0,1952.0,1891.0,2142.0,1752.0,1217569,787208,1910.0,1838,1911.0,619,1912.0,641,1913.0,688,1914.0,458,1915.0,356,1916.0,332,1917.0,297,1918.0,341,1919.0,449,1915.0
SA409,,13:39:19.750#,1930.0,1952.0,1891.0,2142.0,1752.0,1217570,787208,1910.0,1838,1911.0,619,1912.0,641,1913.0,689,1914.0,457,1915.0,375,1916.0,332,1917.0,297,1918.0,341,1919.0,449,1914.0
SA409,,13:39:20.0#,1930.0,1952.0,1891.0,2142.0,1752.0,1217571,787208,1910.0,1838,1911.0,619,1912.0,641,1913.0,689,1914.0,458,1915.0,375,1916.0,332,1917.0,287,1918.0,341,1919.0,450,1915.0
SA409,,13:39:20.250#,1930.0,1952.0,1891.0,2142.0,1752.0,1217574,787209,1910.0,1838,1911.0,619,1912.0,641,1913.0,689,1914.0,455,1915.0,376,1916.0,331,1917.0,284,1918.0,341,1919.0,450,1915.0
SA409,,13:39:20.500#,1930.0,1952.0,1891.0,2142.0,1752.0,1217578,787209,1910.0,1838,1911.0,619,1912.0,641,1913.0,691,1914.0,445,1915.0,377,1916.0,328,1917.0,284,1918.0,341,1919.0,450,1914.0
SA409,,13:39:20.750#,1930.0,1952.0,1891.0,2142.0,1752.0,1217579,787210,1910.0,1838,1911.0,619,1912.0,641,1913.0,691,1914.0,448,1915.0,379,1916.0,332,1917.0,284,1918.0,341,1919.0,450,1915.0
SA409,,13:39:21.0#,1930.0,1952.0,1891.0,2142.0,1752.0,1217580,787209,1910.0,1838,1911.0,619,1912.0,641,1913.0,691,1914.0,447,1915.0,380,1916.0,330,1917.0,284,1918.0,340,1919.0,450,1914.0
SA409,,13:39:21.250#,1930.0,1952.0,1891.0,2142.0,1752.0,1217583,787209,1910.0,1838,1911.0,620,1912.0,641,1913.0,690,1914.0,445,1915.0,383,1916.0,330,1917.0,283,1918.0,340,1919.0,450,1915.0
SA409,,13:39:21.500#,1930.0,1952.0,1891.0,2142.0,1752.0,1217583,787209,1910.0,1838,1911.0,620,1912.0,641,1913.0,690,1914.0,445,1915.0,465,1916.0,330,1917.0,283,1918.0,340,1919.0,450,1915.0
SA409,,13:39:21.750#,1930.0,1952.0,1891.0,2142.0,1752.0,1217588,787208,1910.0,1838,1911.0,620,1912.0,641,1913.0,690,1914.0,447,1915.0,462,1916.0,330,1917.0,283,1918.0,340,1919.0,450,1914.0
SA409,,13:39:22.0#,1930.0,1952.0,1891.0,2142.0,1752.0,1217589,787207,1910.0,1840,1911.0,620,1912.0,641,1913.0,690,1914.0,447,1915.0,463,1916.0,327,1917.0,283,1918.0,340,1919.0,450,1914.0
SA409,,13:39:22.250#,1930.0,1952.0,1891.0,2142.0,1752.0,1217590,787207,1910.0,1840,1911.0,620,1912.0,641,1913.0,690,1914.0,441,1915.0,452,1916.0,325,1917.0,283,1918.0,340,1919.0,450,1914.0
SA409,,13:39:22.500#,1930.0,1952.0,1891.0,2142.0,1752.0,1217604,787213,1910.0,1840,1911.0,620,1912.0,641,1913.0,691,1914.0,431,1915.0,422,1916.0,325,1917.0,283,1918.0,340,1919.0,450,1915.0
SA409,,13:39:22.750#,1930.0,1952.0,1891.0,2142.0,1752.0,1217604,787213,1910.0,1840,1911.0,620,1912.0,641,1913.0,691,1914.0,430,1915.0,428,1916.0,326,1917.0,283,1918.0,340,1919.0,450,1915.0
SA409,,13:39:23.0#,1930.0,1952.0,1891.0,2142.0,1752.0,1217611,787210,1910.0,1840,1911.0,620,1912.0,641,1913.0,692,1914.0,425,1915.0,431,1916.0,316,1917.0,271,1918.0,340,1919.0,450,1914.0
SA409,,13:39:23.250#,1930.0,1952.0,1891.0,2142.0,1752.0,1217616,787214,1910.0,1840,1911.0,620,1912.0,641,1913.0,692,1914.0,422,1915.0,439,1916.0,316,1917.0,271,1918.0,340,1919.0,450,1915.0
SA409,,13:39:23.500#,1930.0,1952.0,1891.0,2142.0,1752.0,1217638,787236,1910.0,1840,1911.0,621,1912.0,641,1913.0,693,1914.0,400,1915.0,439,1916.0,335,1917.0,271,1918.0,340,1919.0,450,1914.0
SA409,,13:39:23.750#,1930.0,1952.0,1891.0,2142.0,1752.0,1217639,787236,1910.0,1839,1911.0,621,1912.0,641,1913.0,694,1914.0,402,1915.0,438,1916.0,335,1917.0,271,1918.0,340,1919.0,450,1914.0
SA409,,13:39:24.0#,1930.0,1952.0,1891.0,2142.0,1752.0,1217643,787238,1910.0,1839,1911.0,621,1912.0,641,1913.0,694,1914.0,400,1915.0,439,1916.0,335,1917.0,271,1918.0,335,1919.0,450,1914.0
SA409,,13:39:24.250#,1930.0,1952.0,1891.0,2142.0,1752.0,1217644,787239,1910.0,1839,1911.0,621,1912.0,641,1913.0,695,1914.0,397,1915.0,439,1916.0,335,1917.0,271,1918.0,335,1919.0,450,1914.0
SA409,,13:39:24.500#,1930.0,1952.0,1891.0,2142.0,1752.0,1217644,787239,1910.0,1839,1911.0,621,1912.0,642,1913.0,691,1914.0,401,1915.0,444,1916.0,335,1917.0,271,1918.0,388,1919.0,450,1914.0
SA409,,13:39:24.750#,1930.0,1952.0,1891.0,2142.0,1752.0,1217647,787242,1910.0,1838,1911.0,651,1912.0,642,1913.0,691,1914.0,398,1915.0,444,1916.0,335,1917.0,272,1918.0,388,1919.0,450,1914.0
SA409,,13:39:25.0#,1930.0,1952.0,1891.0,2142.0,1752.0,1217647,787242,1910.0,1838,1911.0,651,1912.0,642,1913.0,691,1914.0,398,1915.0,449,1916.0,336,1917.0,272,1918.0,381,1919.0,450,1914.0
SA409,,13:39:25.250#,1930.0,1952.0,1891.0,2142.0,1752.0,1217649,787244,1910.0,1838,1911.0,652,1912.0,642,1913.0,693,1914.0,396,1915.0,447,1916.0,336,1917.0,272,1918.0,381,1919.0,450,1915.0
SA409,,13:39:25.500#,1930.0,1952.0,1891.0,2142.0,1752.0,1217650,787244,1910.0,1838,1911.0,652,1912.0,642,1913.0,693,1914.0,395,1915.0,452,1916.0,336,1917.0,272,1918.0,382,1919.0,450,1914.0
SA409,,13:39:25.750#,1930.0,1952.0,1891.0,2142.0,1752.0,1217652,787246,1910.0,1838,1911.0,652,1912.0,642,1913.0,693,1914.0,395,1915.0,453,1916.0,336,1917.0,272,1918.0,382,1919.0,450,1914.0
SA409,,13:39:26.0#,1930.0,1952.0,1891.0,2142.0,1752.0,1217654,787248,1910.0,1838,1911.0,652,1912.0,642,1913.0,693,1914.0,394,1915.0,454,1916.0,336,1917.0,273,1918.0,382,1919.0,450,1914.0
SA409,,13:39:26.250#,1930.0,1952.0,1891.0,2142.0,1752.0,1217672,787266,1910.0,1837,1911.0,652,1912.0,642,1913.0,693,1914.0,378,1915.0,451,1916.0,336,1917.0,273,1918.0,382,1919.0,450,1914.0
SA409,,13:39:26.500#,1930.0,1952.0,1891.0,2142.0,1752.0,1217676,787267,1910.0,1837,1911.0,652,1912.0,638,1913.0,693,1914.0,376,1915.0,452,1916.0,336,1917.0,273,1918.0,382,1919.0,450,1914.0
SA409,,13:39:26.750#,1930.0,1952.0,1891.0,2142.0,1752.0,1217689,787278,1910.0,1837,1911.0,652,1912.0,638,1913.0,693,1914.0,377,1915.0,442,1916.0,336,1917.0,271,1918.0,382,1919.0,450,1915.0
SA409,,13:39:27.0#,1930.0,1952.0,1891.0,2142.0,1752.0,1217691,787278,1910.0,1837,1911.0,652,1912.0,638,1913.0,695,1914.0,376,1915.0,444,1916.0,336,1917.0,271,1918.0,382,1919.0,450,1914.0
SA409,,13:39:27.250#,1930.0,1952.0,1891.0,2142.0,1752.0,1217693,787279,1910.0,1837,1911.0,652,1912.0,639,1913.0,695,1914.0,375,1915.0,452,1916.0,336,1917.0,271,1918.0,382,1919.0,450,1914.0
SA409,,13:39:27.500#,1930.0,1952.0,1891.0,2142.0,1752.0,1217695,787280,1910.0,1837,1911.0,652,1912.0,640,1913.0,695,1914.0,376,1915.0,451,1916.0,336,1917.0,271,1918.0,382,1919.0,450,1914.0
SA409,,13:39:27.750#,1930.0,1952.0,1891.0,2142.0,1752.0,1217696,787280,1910.0,1837,1911.0,652,1912.0,640,1913.0,696,1914.0,465,1915.0,450,1916.0,336,1917.0,271,1918.0,382,1919.0,450,1915.0
SA409,,13:39:28.0#,1930.0,1952.0,1891.0,2142.0,1752.0,1217698,787280,1910.0,1837,1911.0,652,1912.0,640,1913.0,695,1914.0,476,1915.0,445,1916.0,337,1917.0,271,1918.0,382,1919.0,450,1915.0
SA409,,13:39:28.250#,1930.0,1952.0,1891.0,2142.0,1752.0,1217916,787222,1910.0,1837,1911.0,652,1912.0,640,1913.0,696,1914.0,477,1915.0,228,1916.0,337,1917.0,271,1918.0,380,1919.0,450,1915.0
SA409,,13:39:28.500#,1930.0,1952.0,1891.0,2142.0,1752.0,1218148,787122,1911.0,652,1912.0,640,1913.0,698,1914.0,469,1915.0,883,1916.0,337,1917.0,271,1918.0,380,1919.0,450,1920.0,744,1915.0
SA409,,13:39:28.750#,1930.0,1952.0,1891.0,2142.0,1752.0,1218229,787137,1911.0,652,1912.0,640,1913.0,696,1914.0,477,1915.0,905,1916.0,253,1917.0,255,1918.0,380,1919.0,450,1920.0,744,1916.0
SA409,,13:39:29.0#,1930.0,1952.0,1891.0,2142.0,1752.0,1218258,787156,1911.0,653,1912.0,640,1913.0,696,1914.0,474,1915.0,896,1916.0,244,1917.0,255,1918.0,380,1919.0,450,1920.0,744,1915.0
SA409,,13:39:29.250#,1930.0,1952.0,1891.0,2142.0,1752.0,1218264,787160,1911.0,662,1912.0,640,1913.0,696,1914.0,474,1915.0,865,1916.0,243,1917.0,255,1918.0,380,1919.0,450,1920.0,744,1915.0
SA409,,13:39:29.500#,1930.0,1952.0,1891.0,2142.0,1752.0,1218314,787196,1911.0,662,1912.0,638,1913.0,696,1914.0,475,1915.0,843,1916.0,192,1917.0,255,1918.0,380,1919.0,450,1920.0,745,1916.0
SA409,,13:39:29.750#,1930.0,1952.0,1891.0,2142.0,1752.0,1218314,787196,1911.0,662,1912.0,638,1913.0,696,1914.0,475,1915.0,841,1916.0,193,1917.0,255,1918.0,380,1919.0,450,1920.0,745,1916.0
SA409,,13:39:30.0#,1930.0,1952.0,1891.0,2142.0,1752.0,1218314,787196,1911.0,661,1912.0,638,1913.0,696,1914.0,470,1915.0,850,1916.0,193,1917.0,255,1918.0,380,1919.0,450,1920.0,745,1916.0
SA409,,13:39:30.250#,1930.0,1952.0,1891.0,2142.0,1752.0,1218314,787196,1911.0,661,1912.0,638,1913.0,696,1914.0,470,1915.0,850,1916.0,195,1917.0,255,1918.0,380,1919.0,450,1920.0,745,1916.0
SA409,,13:39:30.500#,1930.0,1952.0,1891.0,2142.0,1752.0,1218315,787196,1911.0,661,1912.0,637,1913.0,696,1914.0,480,1915.0,835,1916.0,196,1917.0,255,1918.0,380,1919.0,450,1920.0,745,1915.0
SA409,,13:39:30.750#,1930.0,1952.0,1891.0,2142.0,1752.0,1218322,787201,1911.0,661,1912.0,637,1913.0,697,1914.0,483,1915.0,828,1916.0,197,1917.0,255,1918.0,380,1919.0,450,1920.0,745,1915.0
SA409,,13:39:31.0#,1930.0,1952.0,1891.0,2142.0,1752.0,1218325,787204,1911.0,661,1912.0,637,1913.0,698,1914.0,482,1915.0,826,1916.0,199,1917.0,255,1918.0,380,1919.0,450,1920.0,745,1915.0
SA409,,13:39:31.250#,1930.0,1952.0,1891.0,2142.0,1752.0,1218328,787207,1911.0,661,1912.0,637,1913.0,698,1914.0,482,1915.0,823,1916.0,206,1917.0,255,1918.0,372,1919.0,450,1920.0,745,1915.0
SA409,,13:39:31.500#,1930.0,1952.0,1891.0,2142.0,1752.0,1218328,787207,1911.0,671,1912.0,638,1913.0,698,1914.0,481,1915.0,811,1916.0,219,1917.0,255,1918.0,372,1919.0,450,1920.0,745,1915.0
SA409,,13:39:31.750#,1930.0,1952.0,1891.0,2142.0,1752.0,1218328,787207,1911.0,671,1912.0,638,1913.0,698,1914.0,481,1915.0,811,1916.0,225,1917.0,255,1918.0,372,1919.0,450,1920.0,745,1915.0
SA409,,13:39:32.0#,1930.0,1952.0,1891.0,2142.0,1752.0,1218346,787207,1911.0,671,1912.0,638,1913.0,698,1914.0,501,1915.0,793,1916.0,213,1917.0,254,1918.0,372,1919.0,450,1920.0,746,1916.0
SA409,,13:39:32.250#,1930.0,1952.0,1891.0,2142.0,1752.0,1218347,787208,1911.0,671,1912.0,638,1913.0,698,1914.0,497,1915.0,792,1916.0,216,1917.0,254,1918.0,372,1919.0,450,1920.0,746,1915.0
SA409,,13:39:32.500#,1930.0,1952.0,1891.0,2142.0,1752.0,1218350,787209,1911.0,671,1912.0,638,1913.0,698,1914.0,498,1915.0,795,1916.0,211,1917.0,254,1918.0,372,1919.0,450,1920.0,746,1916.0
SA409,,13:39:32.750#,1930.0,1952.0,1891.0,2142.0,1752.0,1218435,787194,1911.0,671,1912.0,638,1913.0,698,1914.0,414,1915.0,787,1916.0,154,1917.0,254,1918.0,371,1919.0,450,1920.0,746,1916.0
SA409,,13:39:33.0#,1930.0,1952.0,1891.0,2142.0,1752.0,1218448,787187,1911.0,671,1912.0,638,1913.0,698,1914.0,387,1915.0,784,1916.0,153,1917.0,263,1918.0,371,1919.0,450,1920.0,746,1915.0
SA409,,13:39:33.250#,1930.0,1952.0,1891.0,2142.0,1752.0,1218458,787177,1911.0,671,1912.0,638,1913.0,698,1914.0,387,1915.0,784,1916.0,144,1917.0,263,1918.0,371,1919.0,450,1920.0,746,1916.0
SA409,,13:39:33.500#,1930.0,1952.0,1891.0,2142.0,1752.0,1218459,787177,1911.0,671,1912.0,638,1913.0,693,1914.0,385,1915.0,784,1916.0,144,1917.0,263,1918.0,371,1919.0,450,1920.0,746,1915.0
SA409,,13:39:33.750#,1930.0,1952.0,1891.0,2142.0,1752.0,1218465,787179,1911.0,671,1912.0,638,1913.0,695,1914.0,395,1915.0,779,1916.0,143,1917.0,264,1918.0,372,1919.0,450,1920.0,746,1915.0
SA409,,13:39:34.0#,1930.0,1952.0,1891.0,2142.0,1752.0,1218465,787179,1911.0,671,1912.0,638,1913.0,695,1914.0,395,1915.0,783,1916.0,144,1917.0,264,1918.0,372,1919.0,450,1920.0,746,1915.0
SA409,,13:39:34.250#,1930.0,1952.0,1891.0,2142.0,1752.0,1218465,787179,1911.0,671,1912.0,644,1913.0,695,1914.0,395,1915.0,783,1916.0,145,1917.0,264,1918.0,371,1919.0,450,1920.0,746,1915.0
SA409,,13:39:34.500#,1930.0,1952.0,1891.0,2142.0,1752.0,1218466,787178,1911.0,671,1912.0,654,1913.0,695,1914.0,395,1915.0,848,1916.0,145,1917.0,264,1918.0,371,1919.0,450,1920.0,746,1916.0
SA409,,13:39:34.750#,1930.0,1952.0,1891.0,2142.0,1752.0,1218468,787179,1911.0,671,1912.0,654,1913.0,695,1914.0,395,1915.0,849,1916.0,144,1917.0,264,1918.0,371,1919.0,450,1920.0,746,1916.0
SA409,,13:39:35.0#,1930.0,1952.0,1891.0,2142.0,1752.0,1218468,787179,1911.0,671,1912.0,654,1913.0,695,1914.0,398,1915.0,849,1916.0,148,1917.0,264,1918.0,371,1919.0,450,1920.0,746,1916.0
SA409,,13:39:35.250#,1930.0,1952.0,1891.0,2142.0,1752.0,1218481,787191,1911.0,671,1912.0,654,1913.0,695,1914.0,403,1915.0,840,1916.0,147,1917.0,264,1918.0,371,1919.0,450,1920.0,746,1915.0
SA409,,13:39:35.500#,1930.0,1952.0,1891.0,2142.0,1752.0,1218482,787191,1911.0,671,1912.0,654,1913.0,695,1914.0,409,1915.0,843,1916.0,147,1917.0,264,1918.0,371,1919.0,450,1920.0,746,1916.0
SA409,,13:39:35.750#,1930.0,1952.0,1891.0,2142.0,1752.0,1218482,787191,1911.0,671,1912.0,651,1913.0,695,1914.0,409,1915.0,845,1916.0,145,1917.0,264,1918.0,371,1919.0,455,1920.0,746,1916.0
SA409,,13:39:36.0#,1930.0,1952.0,1891.0,2142.0,1752.0,1218483,787191,1911.0,673,1912.0,651,1913.0,695,1914.0,409,1915.0,851,1916.0,144,1917.0,264,1918.0,371,1919.0,455,1920.0,746,1916.0
SA409,,13:39:36.250#,1930.0,1952.0,1891.0,2142.0,1752.0,1218485,787192,1911.0,673,1912.0,651,1913.0,695,1914.0,409,1915.0,851,1916.0,143,1917.0,263,1918.0,372,1919.0,455,1920.0,746,1916.0
SA409,,13:39:36.500#,1930.0,1952.0,1891.0,2142.0,1752.0,1218493,787192,1911.0,673,1912.0,651,1913.0,695,1914.0,410,1915.0,866,1916.0,134,1917.0,263,1918.0,372,1919.0,455,1920.0,749,1916.0
SA409,,13:39:36.750#,1930.0,1952.0,1891.0,2142.0,1752.0,1218494,787192,1911.0,673,1912.0,651,1913.0,695,1914.0,410,1915.0,867,1916.0,133,1917.0,264,1918.0,372,1919.0,455,1920.0,749,1916.0
SA409,,13:39:37.0#,1930.0,1952.0,1891.0,2142.0,1752.0,1218494,787192,1911.0,673,1912.0,651,1913.0,695,1914.0,410,1915.0,867,1916.0,134,1917.0,264,1918.0,372,1919.0,455,1920.0,749,1916.0
SA409,,13:39:37.250#,1930.0,1952.0,1891.0,2142.0,1752.0,1218495,787192,1911.0,673,1912.0,651,1913.0,695,1914.0,410,1915.0,867,1916.0,135,1917.0,264,1918.0,372,1919.0,455,1920.0,749,1915.0
SA409,,13:39:37.500#,1930.0,1952.0,1891.0,2142.0,1752.0,1218548,787181,1911.0,673,1912.0,651,1913.0,695,1914.0,410,1915.0,865,1916.0,84,1917.0,264,1918.0,372,1919.0,455,1920.0,749,1915.0
SA409,,13:39:37.750#,1930.0,1952.0,1891.0,2142.0,1752.0,1218590,787196,1911.0,673,1912.0,651,1913.0,694,1914.0,410,1915.0,851,1916.0,60,1917.0,264,1918.0,372,1919.0,455,1920.0,749,1915.0
SA409,,13:39:38.0#,1930.0,1952.0,1891.0,2142.0,1752.0,1218632,787188,1911.0,673,1912.0,651,1913.0,694,1914.0,410,1915.0,850,1916.0,19,1917.0,266,1918.0,372,1919.0,455,1920.0,749,1916.0
SA409,,13:39:38.250#,1930.0,1952.0,1891.0,2142.0,1752.0,1218651,787177,1912.0,651,1913.0,694,1914.0,417,1915.0,845,1916.0,58,1917.0,266,1918.0,372,1919.0,455,1920.0,749,1921.0,495,1916.0
SA409,,13:39:38.500#,1930.0,1952.0,1891.0,2142.0,1752.0,1218654,787177,1912.0,651,1913.0,694,1914.0,417,1915.0,538,1916.0,143,1917.0,270,1918.0,378,1919.0,455,1920.0,749,1921.0,495,1916.0
SA409,,13:39:38.750#,1930.0,1952.0,1891.0,2142.0,1752.0,1218655,787176,1912.0,651,1913.0,694,1914.0,417,1915.0,526,1916.0,155,1917.0,269,1918.0,378,1919.0,455,1920.0,749,1921.0,495,1917.0
SA409,,13:39:39.0#,1930.0,1952.0,1891.0,2142.0,1752.0,1218659,787178,1912.0,651,1913.0,694,1914.0,418,1915.0,527,1916.0,166,1917.0,281,1918.0,378,1919.0,455,1920.0,749,1921.0,495,1916.0
SA409,,13:39:39.250#,1930.0,1952.0,1891.0,2142.0,1752.0,1218669,787173,1912.0,651,1913.0,694,1914.0,418,1915.0,530,1916.0,165,1917.0,274,1918.0,378,1919.0,455,1920.0,749,1921.0,495,1916.0
SA409,,13:39:39.500#,1930.0,1952.0,1891.0,2142.0,1752.0,1218670,787173,1912.0,651,1913.0,694,1914.0,414,1915.0,530,1916.0,165,1917.0,275,1918.0,378,1919.0,455,1920.0,749,1921.0,495,1917.0
SA409,,13:39:39.750#,1930.0,1952.0,1891.0,2142.0,1752.0,1218670,787173,1912.0,651,1913.0,694,1914.0,415,1915.0,530,1916.0,175,1917.0,275,1918.0,378,1919.0,455,1920.0,749,1921.0,495,1917.0
SA409,,13:39:40.0#,1930.0,1952.0,1891.0,2142.0,1752.0,1218672,787173,1912.0,651,1913.0,709,1914.0,415,1915.0,530,1916.0,175,1917.0,275,1918.0,378,1919.0,455,1920.0,747,1921.0,495,1917.0
SA409,,13:39:40.250#,1930.0,1952.0,1891.0,2142.0,1752.0,1218672,787173,1912.0,651,1913.0,709,1914.0,414,1915.0,530,1916.0,176,1917.0,247,1918.0,378,1919.0,455,1920.0,747,1921.0,495,1917.0
SA409,,13:39:40.500#,1930.0,1952.0,1891.0,2142.0,1752.0,1218674,787174,1912.0,652,1913.0,709,1914.0,409,1915.0,530,1916.0,175,1917.0,246,1918.0,378,1919.0,455,1920.0,747,1921.0,495,1916.0
SA409,,13:39:40.750#,1930.0,1952.0,1891.0,2142.0,1752.0,1218674,787174,1912.0,652,1913.0,709,1914.0,409,1915.0,532,1916.0,175,1917.0,245,1918.0,378,1919.0,455,1920.0,747,1921.0,495,1916.0
SA409,,13:39:41.0#,1930.0,1952.0,1891.0,2142.0,1752.0,1218683,787183,1912.0,652,1913.0,709,1914.0,410,1915.0,547,1916.0,166,1917.0,247,1918.0,378,1919.0,455,1920.0,747,1921.0,495,1916.0
SA409,,13:39:41.250#,1930.0,1952.0,1891.0,2142.0,1752.0,1218685,787181,1912.0,651,1913.0,709,1914.0,410,1915.0,547,1916.0,166,1917.0,311,1918.0,378,1919.0,455,1920.0,747,1921.0,495,1917.0
SA409,,13:39:41.500#,1930.0,1952.0,1891.0,2142.0,1752.0,1218690,787180,1912.0,651,1913.0,709,1914.0,410,1915.0,546,1916.0,158,1917.0,350,1918.0,378,1919.0,455,1920.0,747,1921.0,495,1917.0
SA409,,13:39:41.750#,1930.0,1952.0,1891.0,2142.0,1752.0,1218691,787180,1912.0,651,1913.0,709,1914.0,410,1915.0,547,1916.0,135,1917.0,355,1918.0,378,1919.0,455,1920.0,747,1921.0,495,1916.0
SA409,,13:39:42.0#,1930.0,1952.0,1891.0,2142.0,1752.0,1218692,787179,1912.0,651,1913.0,709,1914.0,408,1915.0,545,1916.0,131,1917.0,354,1918.0,378,1919.0,455,1920.0,747,1921.0,495,1916.0
SA409,,13:39:42.250#,1930.0,1952.0,1891.0,2142.0,1752.0,1218697,787184,1912.0,651,1913.0,709,1914.0,409,1915.0,545,1916.0,154,1917.0,349,1918.0,384,1919.0,454,1920.0,747,1921.0,495,1917.0
SA409,,13:39:42.500#,1930.0,1952.0,1891.0,2142.0,1752.0,1218697,787184,1912.0,651,1913.0,709,1914.0,409,1915.0,549,1916.0,153,1917.0,349,1918.0,384,1919.0,454,1920.0,747,1921.0,495,1917.0
SA409,,13:39:42.750#,1930.0,1952.0,1891.0,2142.0,1752.0,1218707,787184,1912.0,652,1913.0,708,1914.0,409,1915.0,549,1916.0,143,1917.0,349,1918.0,385,1919.0,454,1920.0,747,1921.0,495,1916.0
SA409,,13:39:43.0#,1930.0,1952.0,1891.0,2142.0,1752.0,1218707,787184,1912.0,652,1913.0,709,1914.0,409,1915.0,550,1916.0,150,1917.0,349,1918.0,385,1919.0,454,1920.0,747,1921.0,494,1916.0
SA409,,13:39:43.250#,1930.0,1952.0,1891.0,2142.0,1752.0,1218712,787187,1912.0,652,1913.0,709,1914.0,408,1915.0,550,1916.0,155,1917.0,344,1918.0,386,1919.0,454,1920.0,747,1921.0,494,1917.0
SA409,,13:39:43.500#,1930.0,1952.0,1891.0,2142.0,1752.0,1218712,787187,1912.0,652,1913.0,708,1914.0,407,1915.0,551,1916.0,157,1917.0,345,1918.0,386,1919.0,454,1920.0,746,1921.0,494,1917.0
SA409,,13:39:43.750#,1930.0,1952.0,1891.0,2142.0,1752.0,1218719,787185,1912.0,652,1913.0,706,1914.0,417,1915.0,551,1916.0,150,1917.0,345,1918.0,386,1919.0,454,1920.0,746,1921.0,494,1916.0
SA409,,13:39:44.0#,1930.0,1952.0,1891.0,2142.0,1752.0,1218750,787155,1912.0,652,1913.0,704,1914.0,418,1915.0,552,1916.0,119,1917.0,345,1918.0,386,1919.0,455,1920.0,746,1921.0,494,1916.0
SA409,,13:39:44.250#,1930.0,1952.0,1891.0,2142.0,1752.0,1218766,787155,1912.0,652,1913.0,704,1914.0,418,1915.0,549,1916.0,119,1917.0,329,1918.0,386,1919.0,455,1920.0,746,1921.0,494,1917.0
SA409,,13:39:44.500#,1930.0,1952.0,1891.0,2142.0,1752.0,1218766,787155,1912.0,652,1913.0,704,1914.0,419,1915.0,549,1916.0,119,1917.0,379,1918.0,386,1919.0,455,1920.0,746,1921.0,494,1917.0
SA409,,13:39:44.750#,1930.0,1952.0,1891.0,2142.0,1752.0,1218772,787161,1912.0,652,1913.0,704,1914.0,419,1915.0,549,1916.0,120,1917.0,373,1918.0,391,1919.0,455,1920.0,746,1921.0,494,1917.0
SA409,,13:39:45.0#,1930.0,1952.0,1891.0,2142.0,1752.0,1218781,787161,1912.0,652,1913.0,703,1914.0,419,1915.0,549,1916.0,115,1917.0,373,1918.0,391,1919.0,455,1920.0,746,1921.0,494,1916.0
SA409,,13:39:45.250#,1930.0,1952.0,1891.0,2142.0,1752.0,1218781,787161,1912.0,652,1913.0,703,1914.0,419,1915.0,549,1916.0,115,1917.0,373,1918.0,391,1919.0,455,1920.0,746,1921.0,494,1916.0
SA409,,13:39:45.500#,1930.0,1952.0,1891.0,2142.0,1752.0,1218782,787161,1912.0,660,1913.0,703,1914.0,422,1915.0,549,1916.0,115,1917.0,377,1918.0,390,1919.0,456,1920.0,747,1921.0,494,1916.0
SA409,,13:39:45.750#,1930.0,1952.0,1891.0,2142.0,1752.0,1218790,787167,1912.0,660,1913.0,703,1914.0,422,1915.0,549,1916.0,117,1917.0,369,1918.0,389,1919.0,456,1920.0,747,1921.0,494,1917.0
SA409,,13:39:46.0#,1930.0,1952.0,1891.0,2142.0,1752.0,1218791,787167,1912.0,660,1913.0,704,1914.0,422,1915.0,550,1916.0,117,1917.0,374,1918.0,389,1919.0,456,1920.0,747,1921.0,494,1916.0
SA409,,13:39:46.250#,1930.0,1952.0,1891.0,2142.0,1752.0,1218793,787167,1912.0,660,1913.0,704,1914.0,422,1915.0,550,1916.0,117,1917.0,373,1918.0,389,1919.0,456,1920.0,748,1921.0,494,1916.0
SA409,,13:39:46.500#,1930.0,1952.0,1891.0,2142.0,1752.0,1218814,787160,1912.0,660,1913.0,704,1914.0,422,1915.0,550,1916.0,120,1917.0,352,1918.0,389,1919.0,456,1920.0,748,1921.0,494,1917.0
SA409,,13:39:46.750#,1930.0,1952.0,1891.0,2142.0,1752.0,1218814,787160,1912.0,660,1913.0,704,1914.0,423,1915.0,550,1916.0,120,1917.0,352,1918.0,389,1919.0,456,1920.0,748,1921.0,494,1917.0
SA409,,13:39:47.0#,1930.0,1952.0,1891.0,2142.0,1752.0,1218819,787157,1912.0,660,1913.0,704,1914.0,423,1915.0,554,1916.0,133,1917.0,352,1918.0,389,1919.0,456,1920.0,748,1921.0,494,1917.0
SA409,,13:39:47.250#,1930.0,1952.0,1891.0,2142.0,1752.0,1218824,787158,1912.0,660,1913.0,704,1914.0,426,1915.0,548,1916.0,138,1917.0,347,1918.0,389,1919.0,456,1920.0,748,1921.0,494,1917.0
SA409,,13:39:47.500#,1930.0,1952.0,1891.0,2142.0,1752.0,1218836,787148,1912.0,660,1913.0,704,1914.0,425,1915.0,549,1916.0,137,1917.0,336,1918.0,390,1919.0,456,1920.0,748,1921.0,495,1917.0
SA409,,13:39:47.750#,1930.0,1952.0,1891.0,2142.0,1752.0,1218836,787148,1912.0,660,1913.0,703,1914.0,426,1915.0,549,1916.0,144,1917.0,337,1918.0,390,1919.0,456,1920.0,748,1921.0,495,1917.0
SA409,,13:39:48.0#,1930.0,1952.0,1891.0,2142.0,1752.0,1218837,787148,1912.0,660,1913.0,703,1914.0,426,1915.0,550,1916.0,147,1917.0,341,1918.0,390,1919.0,456,1920.0,748,1921.0,495,1917.0
SA409,,13:39:48.250#,1930.0,1952.0,1891.0,2142.0,1752.0,1218839,787149,1912.0,660,1913.0,703,1914.0,426,1915.0,550,1916.0,171,1917.0,339,1918.0,390,1919.0,456,1920.0,748,1921.0,495,1917.0
SA409,,13:39:48.500#,1930.0,1952.0,1891.0,2142.0,1752.0,1218847,787156,1912.0,658,1913.0,703,1914.0,426,1915.0,561,1916.0,166,1917.0,339,1918.0,392,1919.0,456,1920.0,748,1921.0,495,1917.0
SA409,,13:39:48.750#,1930.0,1952.0,1891.0,2142.0,1752.0,1218848,787157,1912.0,658,1913.0,702,1914.0,427,1915.0,564,1916.0,166,1917.0,339,1918.0,392,1919.0,456,1920.0,748,1921.0,495,1917.0
SA409,,13:39:49.0#,1930.0,1952.0,1891.0,2142.0,1752.0,1218852,787154,1912.0,658,1913.0,713,1914.0,427,1915.0,564,1916.0,166,1917.0,335,1918.0,392,1919.0,456,1920.0,748,1921.0,489,1917.0
SA409,,13:39:49.250#,1930.0,1952.0,1891.0,2142.0,1752.0,1218863,787154,1912.0,658,1913.0,713,1914.0,427,1915.0,564,1916.0,166,1917.0,328,1918.0,412,1919.0,456,1920.0,748,1921.0,489,1917.0
SA409,,13:39:49.500#,1930.0,1952.0,1891.0,2142.0,1752.0,1218863,787154,1912.0,658,1913.0,713,1914.0,427,1915.0,565,1916.0,171,1917.0,328,1918.0,412,1919.0,456,1920.0,748,1921.0,489,1917.0
SA409,,13:39:49.750#,1930.0,1952.0,1891.0,2142.0,1752.0,1218866,787157,1912.0,656,1913.0,713,1914.0,432,1915.0,565,1916.0,183,1917.0,325,1918.0,412,1919.0,456,1920.0,748,1921.0,489,1917.0
SA409,,13:39:50.0#,1930.0,1952.0,1891.0,2142.0,1752.0,1218866,787157,1912.0,656,1913.0,713,1914.0,432,1915.0,565,1916.0,183,1917.0,326,1918.0,412,1919.0,456,1920.0,748,1921.0,489,1917.0
SA409,,13:39:50.250#,1930.0,1952.0,1891.0,2142.0,1752.0,1218866,787157,1912.0,656,1913.0,712,1914.0,432,1915.0,565,1916.0,209,1917.0,332,1918.0,412,1919.0,456,1920.0,749,1921.0,489,1917.0
SA409,,13:39:50.500#,1930.0,1952.0,1891.0,2142.0,1752.0,1218873,787151,1912.0,656,1913.0,713,1914.0,455,1915.0,565,1916.0,240,1917.0,326,1918.0,411,1919.0,457,1920.0,749,1921.0,489,1917.0
SA409,,13:39:50.750#,1930.0,1952.0,1891.0,2142.0,1752.0,1218878,787151,1912.0,656,1913.0,713,1914.0,455,1915.0,565,1916.0,241,1917.0,318,1918.0,411,1919.0,457,1920.0,749,1921.0,489,1917.0
SA409,,13:39:51.0#,1930.0,1952.0,1891.0,2142.0,1752.0,1218888,787151,1912.0,656,1913.0,713,1914.0,455,1915.0,566,1916.0,246,1917.0,308,1918.0,411,1919.0,457,1920.0,749,1921.0,489,1917.0
SA409,,13:39:51.250#,1930.0,1952.0,1891.0,2142.0,1752.0,1218898,787151,1912.0,656,1913.0,713,1914.0,455,1915.0,564,1916.0,237,1917.0,308,1918.0,411,1919.0,457,1920.0,749,1921.0,489,1916.0
SA409,,13:39:51.500#,1930.0,1952.0,1891.0,2142.0,1752.0,1218903,787150,1912.0,656,1913.0,713,1914.0,452,1915.0,564,1916.0,241,1917.0,311,1918.0,411,1919.0,457,1920.0,749,1921.0,489,1917.0
SA409,,13:39:51.750#,1930.0,1952.0,1891.0,2142.0,1752.0,1218903,787150,1912.0,656,1913.0,714,1914.0,452,1915.0,564,1916.0,242,1917.0,332,1918.0,411,1919.0,457,1920.0,749,1921.0,489,1917.0
SA409,,13:39:52.0#,1930.0,1952.0,1891.0,2142.0,1752.0,1218905,787150,1912.0,656,1913.0,714,1914.0,453,1915.0,584,1916.0,242,1917.0,331,1918.0,411,1919.0,457,1920.0,749,1921.0,489,1917.0
SA409,,13:39:52.250#,1930.0,1952.0,1891.0,2142.0,1752.0,1218906,787151,1912.0,657,1913.0,714,1914.0,451,1915.0,590,1916.0,241,1917.0,331,1918.0,412,1919.0,457,1920.0,749,1921.0,489,1916.0
SA409,,13:39:52.500#,1930.0,1952.0,1891.0,2142.0,1752.0,1218908,787149,1912.0,657,1913.0,714,1914.0,452,1915.0,591,1916.0,241,1917.0,335,1918.0,412,1919.0,457,1920.0,749,1921.0,489,1917.0
SA409,,13:39:52.750#,1930.0,1952.0,1891.0,2142.0,1752.0,1218910,787149,1912.0,657,1913.0,713,1914.0,453,1915.0,592,1916.0,244,1917.0,335,1918.0,411,1919.0,457,1920.0,749,1921.0,489,1916.0
SA409,,13:39:53.0#,1930.0,1952.0,1891.0,2142.0,1752.0,1218916,787146,1912.0,657,1913.0,713,1914.0,453,1915.0,609,1916.0,244,1917.0,341,1918.0,411,1919.0,457,1920.0,749,1921.0,489,1917.0
SA409,,13:39:53.250#,1930.0,1952.0,1891.0,2142.0,1752.0,1218916,787146,1912.0,657,1913.0,667,1914.0,457,1915.0,609,1916.0,246,1917.0,341,1918.0,411,1919.0,457,1920.0,750,1921.0,489,1917.0
SA409,,13:39:53.500#,1930.0,1952.0,1891.0,2142.0,1752.0,1218917,787147,1912.0,657,1913.0,667,1914.0,503,1915.0,610,1916.0,254,1917.0,341,1918.0,411,1919.0,457,1920.0,750,1921.0,489,1917.0
SA409,,13:39:53.750#,1930.0,1952.0,1891.0,2142.0,1752.0,1218919,787149,1912.0,657,1913.0,668,1914.0,501,1915.0,610,1916.0,256,1917.0,343,1918.0,417,1919.0,457,1920.0,750,1921.0,489,1917.0
SA409,,13:39:54.0#,1930.0,1952.0,1891.0,2142.0,1752.0,1218925,787151,1912.0,657,1913.0,668,1914.0,501,1915.0,610,1916.0,257,1917.0,337,1918.0,417,1919.0,457,1920.0,750,1921.0,489,1917.0
SA409,,13:39:54.250#,1930.0,1952.0,1891.0,2142.0,1752.0,1218930,787156,1912.0,657,1913.0,668,1914.0,506,1915.0,611,1916.0,253,1917.0,333,1918.0,417,1919.0,457,1920.0,750,1921.0,489,1916.0
SA409,,13:39:54.500#,1930.0,1952.0,1891.0,2142.0,1752.0,1218933,787157,1912.0,657,1913.0,666,1914.0,508,1915.0,615,1916.0,252,1917.0,332,1918.0,417,1919.0,457,1920.0,750,1921.0,489,1917.0
SA409,,13:39:54.750#,1930.0,1952.0,1891.0,2142.0,1752.0,1218933,787157,1912.0,657,1913.0,661,1914.0,508,1915.0,620,1916.0,254,1917.0,332,1918.0,417,1919.0,458,1920.0,750,1921.0,489,1917.0
SA409,,13:39:55.0#,1930.0,1952.0,1891.0,2142.0,1752.0,1218933,787157,1912.0,652,1913.0,661,1914.0,507,1915.0,619,1916.0,255,1917.0,332,1918.0,406,1919.0,458,1920.0,750,1921.0,489,1917.0
SA409,,13:39:55.250#,1930.0,1952.0,1891.0,2142.0,1752.0,1218944,787166,1912.0,652,1913.0,661,1914.0,507,1915.0,620,1916.0,258,1917.0,322,1918.0,405,1919.0,459,1920.0,750,1921.0,489,1917.0
SA409,,13:39:55.500#,1930.0,1952.0,1891.0,2142.0,1752.0,1218960,787163,1912.0,652,1913.0,661,1914.0,507,1915.0,620,1916.0,258,1917.0,307,1918.0,402,1919.0,459,1920.0,750,1921.0,489,1917.0
SA409,,13:39:55.750#,1930.0,1952.0,1891.0,2142.0,1752.0,1218963,787166,1912.0,652,1913.0,661,1914.0,507,1915.0,621,1916.0,258,1917.0,305,1918.0,402,1919.0,459,1920.0,750,1921.0,489,1917.0
SA409,,13:39:56.0#,1930.0,1952.0,1891.0,2142.0,1752.0,1218967,787167,1912.0,652,1913.0,661,1914.0,507,1915.0,621,1916.0,259,1917.0,301,1918.0,402,1919.0,459,1920.0,750,1921.0,489,1917.0
SA409,,13:39:56.250#,1930.0,1952.0,1891.0,2142.0,1752.0,1218968,787167,1912.0,652,1913.0,661,1914.0,507,1915.0,624,1916.0,258,1917.0,301,1918.0,407,1919.0,459,1920.0,750,1921.0,489,1916.0
SA409,,13:39:56.500#,1930.0,1952.0,1891.0,2142.0,1752.0,1218973,787172,1912.0,652,1913.0,661,1914.0,508,1915.0,623,1916.0,259,1917.0,296,1918.0,410,1919.0,459,1920.0,750,1921.0,489,1917.0
SA409,,13:39:56.750#,1930.0,1952.0,1891.0,2142.0,1752.0,1218979,787177,1912.0,652,1913.0,661,1914.0,508,1915.0,622,1916.0,255,1917.0,295,1918.0,410,1919.0,459,1920.0,750,1921.0,489,1917.0
SA409,,13:39:57.0#,1930.0,1952.0,1891.0,2142.0,1752.0,1218982,787177,1912.0,652,1913.0,661,1914.0,508,1915.0,623,1916.0,256,1917.0,294,1918.0,410,1919.0,459,1920.0,750,1921.0,489,1917.0
SA409,,13:39:57.250#,1930.0,1952.0,1891.0,2142.0,1752.0,1218992,787172,1912.0,652,1913.0,660,1914.0,516,1915.0,623,1916.0,252,1917.0,295,1918.0,405,1919.0,459,1920.0,750,1921.0,490,1916.0
SA409,,13:39:57.500#,1930.0,1952.0,1891.0,2142.0,1752.0,1218992,787172,1912.0,652,1913.0,660,1914.0,518,1915.0,616,1916.0,253,1917.0,295,1918.0,404,1919.0,459,1920.0,750,1921.0,490,1916.0
SA409,,13:39:57.750#,1930.0,1952.0,1891.0,2142.0,1752.0,1218995,787171,1912.0,652,1913.0,659,1914.0,518,1915.0,619,1916.0,257,1917.0,294,1918.0,404,1919.0,459,1920.0,750,1921.0,490,1917.0
SA409,,13:39:58.0#,1930.0,1952.0,1891.0,2142.0,1752.0,1218996,787171,1912.0,652,1913.0,659,1914.0,521,1915.0,619,1916.0,257,1917.0,293,1918.0,411,1919.0,459,1920.0,750,1921.0,490,1917.0
SA409,,13:39:58.250#,1930.0,1952.0,1891.0,2142.0,1752.0,1218997,787172,1912.0,652,1913.0,659,1914.0,523,1915.0,619,1916.0,258,1917.0,294,1918.0,411,1919.0,459,1920.0,750,1921.0,490,1917.0
SA409,,13:39:58.500#,1930.0,1952.0,1891.0,2142.0,1752.0,1219002,787173,1912.0,652,1913.0,659,1914.0,522,1915.0,619,1916.0,254,1917.0,293,1918.0,411,1919.0,459,1920.0,750,1921.0,490,1916.0
SA409,,13:39:58.750#,1930.0,1952.0,1891.0,2142.0,1752.0,1219002,787173,1912.0,651,1913.0,659,1914.0,522,1915.0,619,1916.0,269,1917.0,293,1918.0,411,1919.0,459,1920.0,750,1921.0,490,1916.0
SA409,,13:39:59.0#,1930.0,1952.0,1891.0,2142.0,1752.0,1219010,787176,1912.0,651,1913.0,659,1914.0,522,1915.0,620,1916.0,280,1917.0,286,1918.0,411,1919.0,459,1920.0,750,1921.0,490,1917.0
SA409,,13:39:59.250#,1930.0,1952.0,1891.0,2142.0,1752.0,1219010,787176,1912.0,651,1913.0,661,1914.0,522,1915.0,620,1916.0,280,1917.0,286,1918.0,411,1919.0,459,1920.0,750,1921.0,490,1917.0
SA409,,13:39:59.500#,1930.0,1952.0,1891.0,2142.0,1752.0,1219030,787182,1912.0,651,1913.0,661,1914.0,522,1915.0,620,1916.0,280,1917.0,272,1918.0,411,1919.0,459,1920.0,750,1921.0,490,1917.0
SA409,,13:39:59.750#,1930.0,1952.0,1891.0,2142.0,1752.0,1219034,787180,1912.0,651,1913.0,661,1914.0,522,1915.0,620,1916.0,279,1917.0,274,1918.0,392,1919.0,459,1920.0,750,1921.0,490,1916.0
SA409,,13:40:00.0#,1930.0,1952.0,1891.0,2142.0,1752.0,1219035,787180,1912.0,651,1913.0,659,1914.0,522,1915.0,623,1916.0,279,1917.0,280,1918.0,392,1919.0,459,1920.0,740,1921.0,490,1917.0
SA409,,13:40:00.250#,1930.0,1952.0,1891.0,2142.0,1752.0,1219041,787181,1912.0,651,1913.0,659,1914.0,522,1915.0,623,1916.0,275,1917.0,274,1918.0,392,1919.0,459,1920.0,740,1921.0,490,1917.0
SA409,,13:40:00.500#,1930.0,1952.0,1891.0,2142.0,1752.0,1219041,787181,1912.0,651,1913.0,660,1914.0,522,1915.0,623,1916.0,276,1917.0,274,1918.0,392,1919.0,472,1920.0,738,1921.0,490,1917.0
SA409,,13:40:00.750#,1930.0,1952.0,1891.0,2142.0,1752.0,1219047,787185,1912.0,651,1913.0,660,1914.0,522,1915.0,628,1916.0,273,1917.0,273,1918.0,393,1919.0,472,1920.0,738,1921.0,490,1916.0
SA409,,13:40:01.0#,1930.0,1952.0,1891.0,2142.0,1752.0,1219097,787135,1912.0,651,1913.0,660,1914.0,522,1915.0,630,1916.0,280,1917.0,224,1918.0,395,1919.0,472,1920.0,738,1921.0,490,1917.0
SA409,,13:40:01.250#,1930.0,1952.0,1891.0,2142.0,1752.0,1219097,787135,1912.0,651,1913.0,660,1914.0,517,1915.0,630,1916.0,281,1917.0,225,1918.0,395,1919.0,472,1920.0,738,1921.0,490,1917.0
SA409,,13:40:01.500#,1930.0,1952.0,1891.0,2142.0,1752.0,1219101,787135,1912.0,651,1913.0,660,1914.0,515,1915.0,632,1916.0,281,1917.0,239,1918.0,395,1919.0,472,1920.0,738,1921.0,490,1917.0
SA409,,13:40:01.750#,1930.0,1952.0,1891.0,2142.0,1752.0,1219110,787128,1912.0,651,1913.0,660,1914.0,525,1915.0,631,1916.0,292,1917.0,230,1918.0,395,1919.0,472,1920.0,738,1921.0,490,1917.0
SA409,,13:40:02.0#,1930.0,1952.0,1891.0,2142.0,1752.0,1219111,787129,1912.0,651,1913.0,660,1914.0,525,1915.0,631,1916.0,291,1917.0,230,1918.0,395,1919.0,472,1920.0,738,1921.0,490,1916.0
SA409,,13:40:02.250#,1930.0,1952.0,1891.0,2142.0,1752.0,1219114,787127,1912.0,651,1913.0,660,1914.0,522,1915.0,631,1916.0,291,1917.0,227,1918.0,395,1919.0,472,1920.0,738,1921.0,490,1917.0
SA409,,13:40:02.500#,1930.0,1952.0,1891.0,2142.0,1752.0,1219115,787127,1912.0,651,1913.0,660,1914.0,523,1915.0,631,1916.0,292,1917.0,226,1918.0,395,1919.0,472,1920.0,738,1921.0,490,1917.0
SA409,,13:40:02.750#,1930.0,1952.0,1891.0,2142.0,1752.0,1219118,787127,1912.0,651,1913.0,660,1914.0,523,1915.0,631,1916.0,292,1917.0,229,1918.0,395,1919.0,472,1920.0,738,1921.0,490,1917.0
SA409,,13:40:03.0#,1930.0,1952.0,1891.0,2142.0,1752.0,1219122,787127,1912.0,651,1913.0,660,1914.0,523,1915.0,631,1916.0,290,1917.0,229,1918.0,395,1919.0,472,1920.0,738,1921.0,490,1916.0
SA409,,13:40:03.250#,1930.0,1952.0,1891.0,2142.0,1752.0,1219122,787127,1912.0,651,1913.0,659,1914.0,524,1915.0,631,1916.0,302,1917.0,230,1918.0,395,1919.0,472,1920.0,738,1921.0,490,1916.0
SA409,,13:40:03.500#,1930.0,1952.0,1891.0,2142.0,1752.0,1219122,787127,1912.0,651,1913.0,659,1914.0,524,1915.0,631,1916.0,308,1917.0,231,1918.0,395,1919.0,472,1920.0,738,1921.0,490,1916.0
SA409,,13:40:03.750#,1930.0,1952.0,1891.0,2142.0,1752.0,1219122,787127,1912.0,651,1913.0,660,1914.0,524,1915.0,635,1916.0,311,1917.0,231,1918.0,395,1919.0,472,1920.0,738,1921.0,490,1916.0
SA409,,13:40:04.0#,1930.0,1952.0,1891.0,2142.0,1752.0,1219124,787127,1912.0,651,1913.0,660,1914.0,523,1915.0,641,1916.0,312,1917.0,240,1918.0,388,1919.0,472,1920.0,738,1921.0,490,1917.0
SA409,,13:40:04.250#,1930.0,1952.0,1891.0,2142.0,1752.0,1219127,787127,1912.0,651,1913.0,660,1914.0,523,1915.0,662,1916.0,312,1917.0,237,1918.0,388,1919.0,472,1920.0,738,1921.0,490,1917.0
SA409,,13:40:04.500#,1930.0,1952.0,1891.0,2142.0,1752.0,1219127,787127,1912.0,651,1913.0,660,1914.0,524,1915.0,662,1916.0,313,1917.0,237,1918.0,388,1919.0,472,1920.0,738,1921.0,490,1917.0
SA409,,13:40:04.750#,1930.0,1952.0,1891.0,2142.0,1752.0,1219127,787127,1912.0,651,1913.0,662,1914.0,524,1915.0,664,1916.0,314,1917.0,237,1918.0,393,1919.0,472,1920.0,738,1921.0,490,1917.0
SA409,,13:40:05.0#,1930.0,1952.0,1891.0,2142.0,1752.0,1219128,787127,1912.0,651,1913.0,662,1914.0,524,1915.0,664,1916.0,313,1917.0,237,1918.0,393,1919.0,472,1920.0,738,1921.0,490,1916.0
SA409,,13:40:05.250#,1930.0,1952.0,1891.0,2142.0,1752.0,1219128,787127,1912.0,651,1913.0,662,1914.0,524,1915.0,665,1916.0,314,1917.0,237,1918.0,393,1919.0,472,1920.0,738,1921.0,490,1916.0
SA409,,13:40:05.500#,1930.0,1952.0,1891.0,2142.0,1752.0,1219129,787127,1912.0,653,1913.0,662,1914.0,524,1915.0,666,1916.0,316,1917.0,237,1918.0,393,1919.0,472,1920.0,738,1921.0,490,1916.0
SA409,,13:40:05.750#,1930.0,1952.0,1891.0,2142.0,1752.0,1219185,787137,1912.0,653,1913.0,661,1914.0,524,1915.0,667,1916.0,315,1917.0,184,1918.0,393,1919.0,472,1920.0,738,1921.0,490,1916.0
SA409,,13:40:06.0#,1930.0,1952.0,1891.0,2142.0,1752.0,1219186,787137,1912.0,653,1913.0,661,1914.0,524,1915.0,668,1916.0,316,1917.0,187,1918.0,393,1919.0,476,1920.0,738,1921.0,490,1916.0
SA409,,13:40:06.250#,1930.0,1952.0,1891.0,2142.0,1752.0,1219187,787137,1912.0,653,1913.0,661,1914.0,524,1915.0,668,1916.0,317,1917.0,187,1918.0,393,1919.0,471,1920.0,738,1921.0,490,1916.0
SA409,,13:40:06.500#,1930.0,1952.0,1891.0,2142.0,1752.0,1219192,787141,1912.0,653,1913.0,661,1914.0,524,1915.0,667,1916.0,321,1917.0,203,1918.0,393,1919.0,471,1920.0,738,1921.0,490,1917.0
SA409,,13:40:06.750#,1930.0,1952.0,1891.0,2142.0,1752.0,1219193,787141,1912.0,653,1913.0,661,1914.0,524,1915.0,668,1916.0,332,1917.0,203,1918.0,393,1919.0,471,1920.0,738,1921.0,490,1916.0
SA409,,13:40:07.0#,1930.0,1952.0,1891.0,2142.0,1752.0,1219225,787157,1912.0,653,1913.0,661,1914.0,527,1915.0,668,1916.0,305,1917.0,213,1918.0,396,1919.0,472,1920.0,738,1921.0,490,1916.0
SA409,,13:40:07.250#,1930.0,1952.0,1891.0,2142.0,1752.0,1219232,787163,1912.0,653,1913.0,661,1914.0,528,1915.0,674,1916.0,301,1917.0,212,1918.0,396,1919.0,472,1920.0,738,1921.0,490,1916.0
SA409,,13:40:07.500#,1930.0,1952.0,1891.0,2142.0,1752.0,1219233,787163,1912.0,653,1913.0,661,1914.0,528,1915.0,673,1916.0,302,1917.0,214,1918.0,399,1919.0,473,1920.0,738,1921.0,490,1916.0
SA409,,13:40:07.750#,1930.0,1952.0,1891.0,2142.0,1752.0,1219239,787167,1912.0,653,1913.0,661,1914.0,527,1915.0,666,1916.0,313,1917.0,210,1918.0,399,1919.0,473,1920.0,738,1921.0,490,1916.0
SA409,,13:40:08.0#,1930.0,1952.0,1891.0,2142.0,1752.0,1219239,787167,1912.0,653,1913.0,661,1914.0,527,1915.0,667,1916.0,319,1917.0,210,1918.0,401,1919.0,473,1920.0,738,1921.0,490,1916.0
SA409,,13:40:08.250#,1930.0,1952.0,1891.0,2142.0,1752.0,1219241,787168,1912.0,653,1913.0,661,1914.0,526,1915.0,667,1916.0,317,1917.0,210,1918.0,401,1919.0,473,1920.0,738,1921.0,490,1916.0
SA409,,13:40:08.500#,1930.0,1952.0,1891.0,2142.0,1752.0,1219242,787169,1912.0,653,1913.0,661,1914.0,523,1915.0,668,1916.0,319,1917.0,210,1918.0,401,1919.0,473,1920.0,738,1921.0,490,1916.0
SA409,,13:40:08.750#,1930.0,1952.0,1891.0,2142.0,1752.0,1219243,787169,1912.0,653,1913.0,661,1914.0,523,1915.0,668,1916.0,329,1917.0,210,1918.0,402,1919.0,473,1920.0,738,1921.0,490,1917.0
SA409,,13:40:09.0#,1930.0,1952.0,1891.0,2142.0,1752.0,1219243,787169,1912.0,653,1913.0,661,1914.0,520,1915.0,668,1916.0,330,1917.0,211,1918.0,402,1919.0,474,1920.0,748,1921.0,490,1917.0
SA409,,13:40:09.250#,1930.0,1952.0,1891.0,2142.0,1752.0,1219248,787174,1912.0,653,1913.0,660,1914.0,520,1915.0,672,1916.0,333,1917.0,206,1918.0,402,1919.0,474,1920.0,748,1921.0,490,1917.0
SA409,,13:40:09.500#,1930.0,1952.0,1891.0,2142.0,1752.0,1219454,787285,1913.0,660,1914.0,520,1915.0,672,1916.0,339,1917.0,294,1918.0,407,1919.0,474,1920.0,748,1921.0,490,1922.0,263,1917.0
SA409,,13:40:09.750#,1930.0,1952.0,1891.0,2142.0,1752.0,1219454,787285,1913.0,660,1914.0,510,1915.0,653,1916.0,341,1917.0,316,1918.0,399,1919.0,474,1920.0,748,1921.0,490,1922.0,263,1917.0
SA409,,13:40:10.0#,1930.0,1952.0,1891.0,2142.0,1752.0,1219458,787289,1913.0,660,1914.0,512,1915.0,653,1916.0,338,1917.0,320,1918.0,398,1919.0,474,1920.0,748,1921.0,490,1922.0,263,1917.0
SA409,,13:40:10.250#,1930.0,1952.0,1891.0,2142.0,1752.0,1219459,787289,1913.0,660,1914.0,512,1915.0,653,1916.0,340,1917.0,321,1918.0,398,1919.0,474,1920.0,748,1921.0,490,1922.0,263,1917.0
SA409,,13:40:10.500#,1930.0,1952.0,1891.0,2142.0,1752.0,1219459,787289,1913.0,660,1914.0,511,1915.0,653,1916.0,341,1917.0,321,1918.0,345,1919.0,474,1920.0,748,1921.0,490,1922.0,263,1917.0
SA409,,13:40:10.750#,1930.0,1952.0,1891.0,2142.0,1752.0,1219460,787290,1913.0,660,1914.0,511,1915.0,653,1916.0,341,1917.0,301,1918.0,346,1919.0,474,1920.0,748,1921.0,490,1922.0,263,1917.0
SA409,,13:40:11.0#,1930.0,1952.0,1891.0,2142.0,1752.0,1219463,787293,1913.0,660,1914.0,511,1915.0,653,1916.0,343,1917.0,301,1918.0,347,1919.0,474,1920.0,748,1921.0,490,1922.0,263,1917.0
SA409,,13:40:11.250#,1930.0,1952.0,1891.0,2142.0,1752.0,1219464,787294,1913.0,660,1914.0,511,1915.0,653,1916.0,344,1917.0,300,1918.0,347,1919.0,474,1920.0,748,1921.0,490,1922.0,263,1917.0
SA409,,13:40:11.500#,1930.0,1952.0,1891.0,2142.0,1752.0,1219469,787295,1913.0,660,1914.0,511,1915.0,654,1916.0,339,1917.0,302,1918.0,359,1919.0,499,1920.0,748,1921.0,490,1922.0,263,1918.0
SA409,,13:40:11.750#,1930.0,1952.0,1891.0,2142.0,1752.0,1219472,787298,1913.0,660,1914.0,511,1915.0,654,1916.0,344,1917.0,300,1918.0,360,1919.0,499,1920.0,748,1921.0,490,1922.0,263,1917.0
SA409,,13:40:12.0#,1930.0,1952.0,1891.0,2142.0,1752.0,1219472,787298,1913.0,660,1914.0,511,1915.0,655,1916.0,344,1917.0,300,1918.0,370,1919.0,498,1920.0,748,1921.0,490,1922.0,263,1917.0
SA409,,13:40:12.250#,1930.0,1952.0,1891.0,2142.0,1752.0,1219473,787299,1913.0,660,1914.0,511,1915.0,655,1916.0,348,1917.0,311,1918.0,369,1919.0,498,1920.0,748,1921.0,490,1922.0,263,1918.0
SA409,,13:40:12.500#,1930.0,1952.0,1891.0,2142.0,1752.0,1219484,787305,1913.0,660,1914.0,512,1915.0,654,1916.0,361,1917.0,310,1918.0,368,1919.0,498,1920.0,748,1921.0,490,1922.0,263,1918.0
SA409,,13:40:12.750#,1930.0,1952.0,1891.0,2142.0,1752.0,1219501,787305,1913.0,660,1914.0,512,1915.0,654,1916.0,360,1917.0,306,1918.0,366,1919.0,498,1920.0,748,1921.0,490,1922.0,263,1918.0
SA409,,13:40:13.0#,1930.0,1952.0,1891.0,2142.0,1752.0,1219503,787307,1913.0,660,1914.0,512,1915.0,656,1916.0,360,1917.0,305,1918.0,365,1919.0,498,1920.0,748,1921.0,490,1922.0,263,1917.0
SA409,,13:40:13.250#,1930.0,1952.0,1891.0,2142.0,1752.0,1219505,787307,1913.0,660,1914.0,512,1915.0,656,1916.0,361,1917.0,305,1918.0,363,1919.0,498,1920.0,748,1921.0,489,1922.0,263,1918.0
SA409,,13:40:13.500#,1930.0,1952.0,1891.0,2142.0,1752.0,1219507,787309,1913.0,660,1914.0,512,1915.0,661,1916.0,361,1917.0,305,1918.0,367,1919.0,498,1920.0,748,1921.0,489,1922.0,263,1918.0
SA409,,13:40:13.750#,1930.0,1952.0,1891.0,2142.0,1752.0,1219507,787309,1913.0,660,1914.0,512,1915.0,662,1916.0,360,1917.0,306,1918.0,367,1919.0,498,1920.0,748,1921.0,489,1922.0,263,1918.0
SA409,,13:40:14.0#,1930.0,1952.0,1891.0,2142.0,1752.0,1219522,787317,1913.0,670,1914.0,512,1915.0,652,1916.0,360,1917.0,309,1918.0,360,1919.0,498,1920.0,748,1921.0,489,1922.0,263,1918.0
SA409,,13:40:14.250#,1930.0,1952.0,1891.0,2142.0,1752.0,1219525,787320,1913.0,670,1914.0,512,1915.0,652,1916.0,360,1917.0,308,1918.0,357,1919.0,498,1920.0,748,1921.0,489,1922.0,263,1918.0
SA409,,13:40:14.500#,1930.0,1952.0,1891.0,2142.0,1752.0,1219682,787376,1913.0,671,1914.0,512,1915.0,655,1916.0,360,1917.0,308,1918.0,236,1919.0,498,1920.0,748,1921.0,489,1922.0,265,1918.0
SA409,,13:40:14.750#,1930.0,1952.0,1891.0,2142.0,1752.0,1219683,787376,1913.0,671,1914.0,512,1915.0,656,1916.0,359,1917.0,308,1918.0,235,1919.0,499,1920.0,748,1921.0,489,1922.0,268,1918.0
SA409,,13:40:15.0#,1930.0,1952.0,1891.0,2142.0,1752.0,1219689,787380,1913.0,671,1914.0,513,1915.0,656,1916.0,358,1917.0,307,1918.0,232,1919.0,499,1920.0,748,1921.0,489,1922.0,268,1917.0
SA409,,13:40:15.250#,1930.0,1952.0,1891.0,2142.0,1752.0,1219689,787380,1913.0,671,1914.0,513,1915.0,656,1916.0,358,1917.0,314,1918.0,232,1919.0,498,1920.0,748,1921.0,489,1922.0,268,1917.0
SA409,,13:40:15.500#,1930.0,1952.0,1891.0,2142.0,1752.0,1219690,787380,1913.0,671,1914.0,513,1915.0,657,1916.0,358,1917.0,315,1918.0,234,1919.0,498,1920.0,748,1921.0,490,1922.0,268,1918.0
SA409,,13:40:15.750#,1930.0,1952.0,1891.0,2142.0,1752.0,1219707,787377,1913.0,671,1914.0,513,1915.0,660,1916.0,363,1917.0,315,1918.0,221,1919.0,498,1920.0,733,1921.0,491,1922.0,268,1918.0
SA409,,13:40:16.0#,1930.0,1952.0,1891.0,2142.0,1752.0,1219741,787361,1913.0,671,1914.0,513,1915.0,660,1916.0,363,1917.0,315,1918.0,188,1919.0,498,1920.0,733,1921.0,491,1922.0,268,1918.0
SA409,,13:40:16.250#,1930.0,1952.0,1891.0,2142.0,1752.0,1219910,787332,1913.0,671,1914.0,513,1915.0,660,1916.0,361,1917.0,315,1918.0,74,1919.0,498,1920.0,733,1921.0,491,1922.0,268,1918.0
SA409,,13:40:16.500#,1930.0,1952.0,1891.0,2142.0,1752.0,1219940,787334,1913.0,671,1914.0,512,1915.0,660,1916.0,361,1917.0,317,1918.0,59,1919.0,493,1920.0,733,1921.0,491,1922.0,268,1918.0
SA409,,13:40:16.750#,1930.0,1952.0,1891.0,2142.0,1752.0,1219951,787331,1913.0,671,1914.0,512,1915.0,660,1916.0,364,1917.0,318,1918.0,90,1919.0,493,1920.0,733,1921.0,491,1922.0,268,1918.0
SA409,,13:40:17.0#,1930.0,1952.0,1891.0,2142.0,1752.0,1219957,787336,1913.0,671,1914.0,512,1915.0,660,1916.0,363,1917.0,314,1918.0,121,1919.0,493,1920.0,734,1921.0,491,1922.0,268,1917.0
SA409,,13:40:17.250#,1930.0,1952.0,1891.0,2142.0,1752.0,1219957,787336,1913.0,671,1914.0,512,1915.0,660,1916.0,365,1917.0,314,1918.0,88,1919.0,493,1920.0,734,1921.0,491,1922.0,272,1917.0
SA409,,13:40:17.500#,1930.0,1952.0,1891.0,2142.0,1752.0,1219966,787339,1913.0,671,1914.0,512,1915.0,660,1916.0,360,1917.0,348,1918.0,82,1919.0,493,1920.0,733,1921.0,491,1922.0,272,1918.0
SA409,,13:40:17.750#,1930.0,1952.0,1891.0,2142.0,1752.0,1219983,787328,1913.0,671,1914.0,512,1915.0,660,1916.0,360,1917.0,358,1918.0,52,1919.0,493,1920.0,734,1921.0,491,1922.0,272,1918.0
SA409,,13:40:18.0#,1930.0,1952.0,1891.0,2142.0,1752.0,1220014,787330,1913.0,670,1914.0,512,1915.0,661,1916.0,360,1917.0,358,1918.0,22,1919.0,495,1920.0,734,1921.0,491,1922.0,272,1918.0
SA409,,13:40:18.250#,1930.0,1952.0,1891.0,2142.0,1752.0,1220039,787329,1914.0,512,1915.0,661,1916.0,360,1917.0,354,1918.0,97,1919.0,503,1920.0,734,1921.0,491,1922.0,272,1923.0,532,1918.0
SA409,,13:40:18.500#,1930.0,1952.0,1891.0,2142.0,1752.0,1220039,787329,1914.0,512,1915.0,650,1916.0,359,1917.0,356,1918.0,134,1919.0,512,1920.0,734,1921.0,491,1922.0,272,1923.0,534,1918.0
SA409,,13:40:18.750#,1930.0,1952.0,1891.0,2142.0,1752.0,1220051,787319,1914.0,511,1915.0,649,1916.0,356,1917.0,354,1918.0,133,1919.0,503,1920.0,733,1921.0,490,1922.0,271,1923.0,533,1919.0
SA409,,13:40:19.0#,1930.0,1952.0,1891.0,2142.0,1752.0,1220144,787270,1914.0,510,1915.0,652,1916.0,351,1917.0,354,1918.0,62,1919.0,417,1920.0,733,1921.0,490,1922.0,271,1923.0,533,1919.0
SA409,,13:40:19.250#,1930.0,1952.0,1891.0,2142.0,1752.0,1220147,787271,1914.0,510,1915.0,653,1916.0,351,1917.0,354,1918.0,157,1919.0,416,1920.0,736,1921.0,490,1922.0,271,1923.0,533,1919.0
SA409,,13:40:19.500#,1930.0,1952.0,1891.0,2142.0,1752.0,1220161,787272,1914.0,510,1915.0,654,1916.0,346,1917.0,354,1918.0,157,1919.0,410,1920.0,736,1921.0,490,1922.0,271,1923.0,533,1919.0
SA409,,13:40:19.750#,1930.0,1952.0,1891.0,2142.0,1752.0,1220185,787283,1914.0,504,1915.0,653,1916.0,346,1917.0,356,1918.0,161,1919.0,382,1920.0,736,1921.0,490,1922.0,271,1923.0,533,1919.0
SA409,,13:40:20.0#,1930.0,1952.0,1891.0,2142.0,1752.0,1220203,787285,1914.0,504,1915.0,653,1916.0,347,1917.0,358,1918.0,177,1919.0,375,1920.0,737,1921.0,490,1922.0,271,1923.0,533,1919.0
SA409,,13:40:20.250#,1930.0,1952.0,1891.0,2142.0,1752.0,1220211,787292,1914.0,504,1915.0,648,1916.0,347,1917.0,359,1918.0,177,1919.0,369,1920.0,737,1921.0,490,1922.0,271,1923.0,533,1919.0
SA409,,13:40:20.500#,1930.0,1952.0,1891.0,2142.0,1752.0,1220218,787293,1914.0,504,1915.0,649,1916.0,346,1917.0,359,1918.0,184,1919.0,363,1920.0,737,1921.0,490,1922.0,271,1923.0,533,1919.0
SA409,,13:40:20.750#,1930.0,1952.0,1891.0,2142.0,1752.0,1220269,787317,1914.0,504,1915.0,649,1916.0,346,1917.0,360,1918.0,185,1919.0,314,1920.0,737,1921.0,490,1922.0,271,1923.0,533,1918.0
SA409,,13:40:21.0#,1930.0,1952.0,1891.0,2142.0,1752.0,1220270,787316,1914.0,504,1915.0,649,1916.0,346,1917.0,360,1918.0,204,1919.0,340,1920.0,737,1921.0,490,1922.0,271,1923.0,533,1918.0
SA409,,13:40:21.250#,1930.0,1952.0,1891.0,2142.0,1752.0,1220276,787316,1914.0,504,1915.0,649,1916.0,343,1917.0,360,1918.0,208,1919.0,367,1920.0,737,1921.0,490,1922.0,271,1923.0,533,1919.0
SA409,,13:40:21.500#,1930.0,1952.0,1891.0,2142.0,1752.0,1220301,787306,1914.0,504,1915.0,649,1916.0,343,1917.0,361,1918.0,200,1919.0,381,1920.0,736,1921.0,490,1922.0,271,1923.0,533,1919.0
SA409,,13:40:21.750#,1930.0,1952.0,1891.0,2142.0,1752.0,1220305,787306,1914.0,504,1915.0,639,1916.0,343,1917.0,361,1918.0,199,1919.0,380,1920.0,736,1921.0,490,1922.0,271,1923.0,533,1919.0
SA409,,13:40:22.0#,1930.0,1952.0,1891.0,2142.0,1752.0,1220313,787304,1914.0,504,1915.0,642,1916.0,343,1917.0,361,1918.0,204,1919.0,373,1920.0,735,1921.0,490,1922.0,271,1923.0,533,1919.0
SA409,,13:40:22.250#,1930.0,1952.0,1891.0,2142.0,1752.0,1220333,787296,1914.0,504,1915.0,647,1916.0,343,1917.0,361,1918.0,198,1919.0,366,1920.0,746,1921.0,489,1922.0,271,1923.0,533,1919.0
SA409,,13:40:22.500#,1930.0,1952.0,1891.0,2142.0,1752.0,1220365,787267,1914.0,504,1915.0,647,1916.0,342,1917.0,366,1918.0,200,1919.0,334,1920.0,746,1921.0,489,1922.0,271,1923.0,533,1919.0
SA409,,13:40:22.750#,1930.0,1952.0,1891.0,2142.0,1752.0,1220366,787267,1914.0,504,1915.0,647,1916.0,342,1917.0,366,1918.0,202,1919.0,334,1920.0,749,1921.0,489,1922.0,272,1923.0,533,1919.0
SA409,,13:40:23.0#,1930.0,1952.0,1891.0,2142.0,1752.0,1220402,787258,1914.0,504,1915.0,646,1916.0,341,1917.0,366,1918.0,201,1919.0,300,1920.0,749,1921.0,489,1922.0,271,1923.0,533,1919.0
SA409,,13:40:23.250#,1930.0,1952.0,1891.0,2142.0,1752.0,1220411,787258,1914.0,504,1915.0,648,1916.0,338,1917.0,366,1918.0,197,1919.0,302,1920.0,751,1921.0,490,1922.0,271,1923.0,533,1919.0
SA409,,13:40:23.500#,1930.0,1952.0,1891.0,2142.0,1752.0,1220414,787258,1914.0,504,1915.0,648,1916.0,327,1917.0,367,1918.0,201,1919.0,299,1920.0,752,1921.0,490,1922.0,271,1923.0,533,1919.0
SA409,,13:40:23.750#,1930.0,1952.0,1891.0,2142.0,1752.0,1220473,787305,1914.0,503,1915.0,648,1916.0,327,1917.0,361,1918.0,149,1919.0,325,1920.0,752,1921.0,490,1922.0,271,1923.0,533,1918.0
SA409,,13:40:24.0#,1930.0,1952.0,1891.0,2142.0,1752.0,1220499,787312,1914.0,503,1915.0,648,1916.0,326,1917.0,361,1918.0,130,1919.0,309,1920.0,752,1921.0,490,1922.0,275,1923.0,533,1919.0
SA409,,13:40:24.250#,1930.0,1952.0,1891.0,2142.0,1752.0,1220512,787317,1914.0,507,1915.0,648,1916.0,306,1917.0,361,1918.0,107,1919.0,315,1920.0,753,1921.0,490,1922.0,275,1923.0,533,1919.0
SA409,,13:40:24.500#,1930.0,1952.0,1891.0,2142.0,1752.0,1220533,787309,1914.0,507,1915.0,648,1916.0,306,1917.0,361,1918.0,117,1919.0,369,1920.0,754,1921.0,490,1922.0,275,1923.0,533,1919.0
SA409,,13:40:24.500#,1930.0,1952.0,1891.0,2142.0,1752.0,1220533,787309,1914.0,507,1915.0,648,1916.0,306,1917.0,361,1918.0,117,1919.0,369,1920.0,754,1921.0,490,1922.0,275,1923.0,533,1919.0
SA409,,13:40:24.750#,1930.0,1952.0,1891.0,2142.0,1752.0,1220546,787306,1914.0,502,1915.0,651,1916.0,306,1917.0,361,1918.0,121,1919.0,366,1920.0,754,1921.0,490,1922.0,275,1923.0,534,1918.0
SA409,,13:40:25.0#,1930.0,1952.0,1891.0,2142.0,1752.0,1220559,787311,1914.0,502,1915.0,651,1916.0,305,1917.0,361,1918.0,113,1919.0,370,1920.0,754,1921.0,490,1922.0,275,1923.0,534,1919.0
SA409,,13:40:25.250#,1930.0,1952.0,1891.0,2142.0,1752.0,1220569,787307,1914.0,502,1915.0,651,1916.0,305,1917.0,361,1918.0,106,1919.0,375,1920.0,764,1921.0,490,1922.0,276,1923.0,535,1918.0
SA409,,13:40:25.500#,1930.0,1952.0,1891.0,2142.0,1752.0,1220586,787302,1914.0,502,1915.0,651,1916.0,305,1917.0,360,1918.0,104,1919.0,388,1920.0,765,1921.0,491,1922.0,276,1923.0,535,1919.0
SA409,,13:40:25.750#,1930.0,1952.0,1891.0,2142.0,1752.0,1220601,787302,1914.0,510,1915.0,652,1916.0,305,1917.0,359,1918.0,95,1919.0,403,1920.0,766,1921.0,491,1922.0,276,1923.0,535,1919.0
SA409,,13:40:26.0#,1930.0,1952.0,1891.0,2142.0,1752.0,1220607,787307,1914.0,509,1915.0,654,1916.0,305,1917.0,359,1918.0,92,1919.0,415,1920.0,766,1921.0,494,1922.0,276,1923.0,535,1919.0
SA409,,13:40:26.250#,1930.0,1952.0,1891.0,2142.0,1752.0,1220608,787308,1914.0,509,1915.0,654,1916.0,304,1917.0,359,1918.0,96,1919.0,420,1920.0,766,1921.0,494,1922.0,276,1923.0,535,1918.0
SA409,,13:40:26.500#,1930.0,1952.0,1891.0,2142.0,1752.0,1220617,787302,1914.0,509,1915.0,654,1916.0,304,1917.0,359,1918.0,98,1919.0,428,1920.0,780,1921.0,494,1922.0,274,1923.0,535,1918.0
SA409,,13:40:26.750#,1930.0,1952.0,1891.0,2142.0,1752.0,1220624,787302,1914.0,507,1915.0,654,1916.0,305,1917.0,359,1918.0,99,1919.0,422,1920.0,780,1921.0,494,1922.0,274,1923.0,535,1919.0
SA409,,13:40:27.0#,1930.0,1952.0,1891.0,2142.0,1752.0,1220626,787303,1914.0,507,1915.0,654,1916.0,305,1917.0,359,1918.0,98,1919.0,427,1920.0,781,1921.0,494,1922.0,274,1923.0,535,1918.0
SA409,,13:40:27.250#,1930.0,1952.0,1891.0,2142.0,1752.0,1220636,787302,1914.0,507,1915.0,654,1916.0,303,1917.0,359,1918.0,112,1919.0,418,1920.0,781,1921.0,494,1922.0,274,1923.0,535,1919.0
SA409,,13:40:27.500#,1930.0,1952.0,1891.0,2142.0,1752.0,1220663,787297,1914.0,507,1915.0,654,1916.0,304,1917.0,359,1918.0,108,1919.0,408,1920.0,782,1921.0,494,1922.0,274,1923.0,535,1919.0
SA409,,13:40:27.750#,1930.0,1952.0,1891.0,2142.0,1752.0,1220665,787296,1914.0,507,1915.0,653,1916.0,304,1917.0,359,1918.0,109,1919.0,407,1920.0,782,1921.0,494,1922.0,274,1923.0,535,1919.0
SA409,,13:40:28.0#,1930.0,1952.0,1891.0,2142.0,1752.0,1220667,787296,1914.0,507,1915.0,654,1916.0,303,1917.0,356,1918.0,109,1919.0,411,1920.0,787,1921.0,489,1922.0,274,1923.0,536,1919.0
SA409,,13:40:28.250#,1930.0,1952.0,1891.0,2142.0,1752.0,1220673,787296,1914.0,507,1915.0,654,1916.0,298,1917.0,356,1918.0,109,1919.0,421,1920.0,781,1921.0,489,1922.0,274,1923.0,536,1918.0
SA409,,13:40:28.500#,1930.0,1952.0,1891.0,2142.0,1752.0,1220718,787294,1914.0,507,1915.0,654,1916.0,298,1917.0,356,1918.0,115,1919.0,378,1920.0,782,1921.0,489,1922.0,273,1923.0,536,1918.0
SA409,,13:40:28.750#,1930.0,1952.0,1891.0,2142.0,1752.0,1220725,787295,1914.0,507,1915.0,664,1916.0,294,1917.0,361,1918.0,132,1919.0,395,1920.0,783,1921.0,489,1922.0,273,1923.0,536,1918.0
SA409,,13:40:29.0#,1930.0,1952.0,1891.0,2142.0,1752.0,1220731,787290,1914.0,506,1915.0,666,1916.0,293,1917.0,361,1918.0,133,1919.0,391,1920.0,783,1921.0,489,1922.0,273,1923.0,536,1919.0
SA409,,13:40:29.250#,1930.0,1952.0,1891.0,2142.0,1752.0,1220736,787291,1914.0,506,1915.0,667,1916.0,292,1917.0,361,1918.0,139,1919.0,388,1920.0,783,1921.0,488,1922.0,273,1923.0,536,1919.0
SA409,,13:40:29.500#,1930.0,1952.0,1891.0,2142.0,1752.0,1220749,787279,1914.0,506,1915.0,606,1916.0,293,1917.0,360,1918.0,165,1919.0,388,1920.0,784,1921.0,488,1922.0,273,1923.0,536,1919.0
SA409,,13:40:29.750#,1930.0,1952.0,1891.0,2142.0,1752.0,1220754,787276,1914.0,506,1915.0,606,1916.0,292,1917.0,360,1918.0,160,1919.0,389,1920.0,794,1921.0,488,1922.0,273,1923.0,536,1918.0
SA409,,13:40:30.0#,1930.0,1952.0,1891.0,2142.0,1752.0,1220756,787276,1914.0,507,1915.0,606,1916.0,293,1917.0,359,1918.0,164,1919.0,389,1920.0,796,1921.0,488,1922.0,273,1923.0,536,1919.0
SA409,,13:40:30.250#,1930.0,1952.0,1891.0,2142.0,1752.0,1220768,787275,1914.0,507,1915.0,603,1916.0,293,1917.0,359,1918.0,258,1919.0,389,1920.0,794,1921.0,487,1922.0,271,1923.0,535,1918.0
SA409,,13:40:30.500#,1930.0,1952.0,1891.0,2142.0,1752.0,1220770,787274,1914.0,507,1915.0,604,1916.0,293,1917.0,360,1918.0,271,1919.0,397,1920.0,800,1921.0,487,1922.0,266,1923.0,535,1919.0
SA409,,13:40:30.750#,1930.0,1952.0,1891.0,2142.0,1752.0,1220780,787273,1914.0,501,1915.0,604,1916.0,293,1917.0,366,1918.0,274,1919.0,390,1920.0,800,1921.0,487,1922.0,269,1923.0,535,1919.0
SA409,,13:40:31.0#,1930.0,1952.0,1891.0,2142.0,1752.0,1220784,787272,1914.0,506,1915.0,604,1916.0,293,1917.0,366,1918.0,275,1919.0,390,1920.0,800,1921.0,489,1922.0,269,1923.0,535,1919.0
SA409,,13:40:31.250#,1930.0,1952.0,1891.0,2142.0,1752.0,1220809,787252,1914.0,506,1915.0,604,1916.0,293,1917.0,367,1918.0,269,1919.0,374,1920.0,800,1921.0,489,1922.0,269,1923.0,535,1919.0
SA409,,13:40:31.500#,1930.0,1952.0,1891.0,2142.0,1752.0,1220811,787252,1914.0,506,1915.0,604,1916.0,292,1917.0,367,1918.0,270,1919.0,396,1920.0,800,1921.0,489,1922.0,269,1923.0,535,1919.0
SA409,,13:40:31.750#,1930.0,1952.0,1891.0,2142.0,1752.0,1220819,787250,1914.0,506,1915.0,604,1916.0,286,1917.0,368,1918.0,272,1919.0,390,1920.0,801,1921.0,489,1922.0,269,1923.0,535,1919.0
SA409,,13:40:32.0#,1930.0,1952.0,1891.0,2142.0,1752.0,1220829,787248,1914.0,506,1915.0,604,1916.0,286,1917.0,373,1918.0,272,1919.0,384,1920.0,801,1921.0,489,1922.0,269,1923.0,535,1919.0
SA409,,13:40:32.250#,1930.0,1952.0,1891.0,2142.0,1752.0,1220840,787250,1914.0,506,1915.0,604,1916.0,286,1917.0,375,1918.0,273,1919.0,375,1920.0,801,1921.0,489,1922.0,269,1923.0,535,1919.0
SA409,,13:40:32.500#,1930.0,1952.0,1891.0,2142.0,1752.0,1220848,787251,1914.0,505,1915.0,605,1916.0,286,1917.0,375,1918.0,275,1919.0,367,1920.0,801,1921.0,483,1922.0,269,1923.0,535,1919.0
SA409,,13:40:32.750#,1930.0,1952.0,1891.0,2142.0,1752.0,1220848,787251,1914.0,504,1915.0,606,1916.0,287,1917.0,375,1918.0,274,1919.0,368,1920.0,800,1921.0,485,1922.0,269,1923.0,535,1919.0
SA409,,13:40:33.0#,1930.0,1952.0,1891.0,2142.0,1752.0,1220851,787252,1914.0,504,1915.0,602,1916.0,287,1917.0,375,1918.0,274,1919.0,377,1920.0,800,1921.0,480,1922.0,269,1923.0,535,1919.0
SA409,,13:40:33.250#,1930.0,1952.0,1891.0,2142.0,1752.0,1220862,787260,1914.0,504,1915.0,602,1916.0,287,1917.0,380,1918.0,275,1919.0,371,1920.0,802,1921.0,480,1922.0,269,1923.0,535,1919.0
SA409,,13:40:33.500#,1930.0,1952.0,1891.0,2142.0,1752.0,1220866,787264,1914.0,504,1915.0,602,1916.0,283,1917.0,380,1918.0,276,1919.0,367,1920.0,801,1921.0,481,1922.0,269,1923.0,535,1919.0
SA409,,13:40:33.750#,1930.0,1952.0,1891.0,2142.0,1752.0,1220872,787265,1914.0,505,1915.0,602,1916.0,283,1917.0,380,1918.0,273,1919.0,372,1920.0,801,1921.0,481,1922.0,269,1923.0,535,1918.0
SA409,,13:40:34.0#,1930.0,1952.0,1891.0,2142.0,1752.0,1220880,787273,1914.0,505,1915.0,602,1916.0,283,1917.0,380,1918.0,273,1919.0,367,1920.0,801,1921.0,478,1922.0,269,1923.0,535,1919.0
SA409,,13:40:34.250#,1930.0,1952.0,1891.0,2142.0,1752.0,1220882,787275,1914.0,504,1915.0,602,1916.0,283,1917.0,380,1918.0,282,1919.0,365,1920.0,801,1921.0,478,1922.0,269,1923.0,535,1919.0
SA409,,13:40:34.500#,1930.0,1952.0,1891.0,2142.0,1752.0,1220885,787275,1914.0,504,1915.0,602,1916.0,283,1917.0,381,1918.0,283,1919.0,363,1920.0,801,1921.0,475,1922.0,269,1923.0,536,1919.0
SA409,,13:40:34.750#,1930.0,1952.0,1891.0,2142.0,1752.0,1220890,787274,1914.0,504,1915.0,600,1916.0,283,1917.0,381,1918.0,292,1919.0,363,1920.0,801,1921.0,475,1922.0,269,1923.0,536,1919.0
SA409,,13:40:35.0#,1930.0,1952.0,1891.0,2142.0,1752.0,1220890,787274,1914.0,504,1915.0,601,1916.0,315,1917.0,381,1918.0,293,1919.0,364,1920.0,801,1921.0,475,1922.0,269,1923.0,536,1919.0
SA409,,13:40:35.250#,1930.0,1952.0,1891.0,2142.0,1752.0,1220891,787274,1914.0,505,1915.0,601,1916.0,316,1917.0,383,1918.0,313,1919.0,367,1920.0,801,1921.0,478,1922.0,269,1923.0,538,1919.0
SA409,,13:40:35.500#,1930.0,1952.0,1891.0,2142.0,1752.0,1220903,787274,1914.0,505,1915.0,601,1916.0,316,1917.0,383,1918.0,313,1919.0,378,1920.0,801,1921.0,478,1922.0,269,1923.0,538,1918.0
SA409,,13:40:35.750#,1930.0,1952.0,1891.0,2142.0,1752.0,1220905,787273,1914.0,508,1915.0,601,1916.0,318,1917.0,382,1918.0,313,1919.0,379,1920.0,800,1921.0,478,1922.0,269,1923.0,538,1919.0
SA409,,13:40:36.0#,1930.0,1952.0,1891.0,2142.0,1752.0,1221303,787035,1915.0,601,1916.0,318,1917.0,378,1918.0,325,1919.0,116,1920.0,803,1921.0,478,1922.0,269,1923.0,538,1924.0,233,1919.0
SA409,,13:40:36.250#,1930.0,1952.0,1891.0,2142.0,1752.0,1221305,787035,1915.0,603,1916.0,318,1917.0,378,1918.0,346,1919.0,121,1920.0,783,1921.0,478,1922.0,269,1923.0,538,1924.0,235,1919.0
SA409,,13:40:36.500#,1930.0,1952.0,1891.0,2142.0,1752.0,1221330,787026,1915.0,603,1916.0,319,1917.0,382,1918.0,342,1919.0,143,1920.0,770,1921.0,478,1922.0,269,1923.0,538,1924.0,236,1919.0
SA409,,13:40:36.750#,1930.0,1952.0,1891.0,2142.0,1752.0,1221331,787026,1915.0,603,1916.0,319,1917.0,383,1918.0,344,1919.0,145,1920.0,769,1921.0,478,1922.0,270,1923.0,538,1924.0,236,1920.0
SA409,,13:40:37.0#,1930.0,1952.0,1891.0,2142.0,1752.0,1221542,786995,1915.0,612,1916.0,321,1917.0,387,1918.0,349,1919.0,127,1920.0,595,1921.0,478,1922.0,269,1923.0,538,1924.0,237,1920.0
SA409,,13:40:37.250#,1930.0,1952.0,1891.0,2142.0,1752.0,1221682,786914,1915.0,612,1916.0,321,1917.0,387,1918.0,349,1919.0,191,1920.0,460,1921.0,478,1922.0,269,1923.0,538,1924.0,237,1920.0
SA409,,13:40:37.500#,1930.0,1952.0,1891.0,2142.0,1752.0,1221686,786913,1915.0,612,1916.0,321,1917.0,392,1918.0,349,1919.0,231,1920.0,474,1921.0,478,1922.0,269,1923.0,540,1924.0,237,1920.0
SA409,,13:40:37.750#,1930.0,1952.0,1891.0,2142.0,1752.0,1221698,786911,1915.0,611,1916.0,321,1917.0,392,1918.0,348,1919.0,240,1920.0,472,1921.0,478,1922.0,269,1923.0,540,1924.0,237,1920.0
SA409,,13:40:38.0#,1930.0,1952.0,1891.0,2142.0,1752.0,1221730,786903,1915.0,611,1916.0,321,1917.0,392,1918.0,348,1919.0,222,1920.0,459,1921.0,479,1922.0,269,1923.0,540,1924.0,238,1920.0
SA409,,13:40:38.250#,1930.0,1952.0,1891.0,2142.0,1752.0,1221741,786908,1915.0,617,1916.0,321,1917.0,393,1918.0,348,1919.0,221,1920.0,457,1921.0,479,1922.0,269,1923.0,540,1924.0,238,1920.0
SA409,,13:40:38.500#,1930.0,1952.0,1891.0,2142.0,1752.0,1221755,786915,1915.0,617,1916.0,321,1917.0,395,1918.0,350,1919.0,215,1920.0,466,1921.0,479,1922.0,269,1923.0,540,1924.0,238,1919.0
SA409,,13:40:38.750#,1930.0,1952.0,1891.0,2142.0,1752.0,1221783,786920,1915.0,619,1916.0,322,1917.0,395,1918.0,352,1919.0,205,1920.0,449,1921.0,479,1922.0,269,1923.0,540,1924.0,238,1920.0
SA409,,13:40:39.0#,1930.0,1952.0,1891.0,2142.0,1752.0,1221784,786920,1915.0,620,1916.0,322,1917.0,395,1918.0,352,1919.0,205,1920.0,448,1921.0,481,1922.0,268,1923.0,540,1924.0,238,1920.0
SA409,,13:40:39.250#,1930.0,1952.0,1891.0,2142.0,1752.0,1221833,786919,1915.0,620,1916.0,322,1917.0,395,1918.0,363,1919.0,203,1920.0,404,1921.0,483,1922.0,268,1923.0,541,1924.0,238,1919.0
SA409,,13:40:39.500#,1930.0,1952.0,1891.0,2142.0,1752.0,1221841,786926,1915.0,620,1916.0,321,1917.0,395,1918.0,361,1919.0,203,1920.0,420,1921.0,483,1922.0,268,1923.0,541,1924.0,238,1920.0
SA409,,13:40:39.750#,1930.0,1952.0,1891.0,2142.0,1752.0,1221847,786928,1915.0,620,1916.0,321,1917.0,395,1918.0,362,1919.0,203,1920.0,416,1921.0,484,1922.0,268,1923.0,541,1924.0,238,1920.0
SA409,,13:40:40.0#,1930.0,1952.0,1891.0,2142.0,1752.0,1221860,786915,1915.0,628,1916.0,290,1917.0,394,1918.0,363,1919.0,191,1920.0,418,1921.0,485,1922.0,268,1923.0,541,1924.0,238,1919.0
SA409,,13:40:40.250#,1930.0,1952.0,1891.0,2142.0,1752.0,1221876,786920,1915.0,626,1916.0,290,1917.0,425,1918.0,363,1919.0,153,1920.0,406,1921.0,485,1922.0,274,1923.0,541,1924.0,238,1920.0
SA409,,13:40:40.500#,1930.0,1952.0,1891.0,2142.0,1752.0,1221882,786922,1915.0,626,1916.0,290,1917.0,425,1918.0,361,1919.0,150,1920.0,405,1921.0,490,1922.0,274,1923.0,541,1924.0,238,1920.0
SA409,,13:40:40.750#,1930.0,1952.0,1891.0,2142.0,1752.0,1221906,786935,1915.0,629,1916.0,278,1917.0,426,1918.0,364,1919.0,137,1920.0,394,1921.0,490,1922.0,274,1923.0,541,1924.0,238,1920.0
SA409,,13:40:41.0#,1930.0,1952.0,1891.0,2142.0,1752.0,1221934,786961,1915.0,629,1916.0,278,1917.0,426,1918.0,364,1919.0,135,1920.0,374,1921.0,490,1922.0,274,1923.0,538,1924.0,238,1920.0
SA409,,13:40:41.250#,1930.0,1952.0,1891.0,2142.0,1752.0,1221954,786967,1915.0,629,1916.0,278,1917.0,426,1918.0,364,1919.0,129,1920.0,361,1921.0,491,1922.0,274,1923.0,538,1924.0,238,1919.0
SA409,,13:40:41.500#,1930.0,1952.0,1891.0,2142.0,1752.0,1221974,786973,1915.0,629,1916.0,276,1917.0,426,1918.0,363,1919.0,156,1920.0,361,1921.0,491,1922.0,274,1923.0,538,1924.0,238,1920.0
SA409,,13:40:41.750#,1930.0,1952.0,1891.0,2142.0,1752.0,1221991,786961,1915.0,637,1916.0,274,1917.0,396,1918.0,358,1919.0,157,1920.0,373,1921.0,491,1922.0,275,1923.0,540,1924.0,238,1920.0
SA409,,13:40:42.0#,1930.0,1952.0,1891.0,2142.0,1752.0,1222029,786959,1915.0,638,1916.0,274,1917.0,397,1918.0,355,1919.0,158,1920.0,370,1921.0,491,1922.0,275,1923.0,540,1924.0,238,1919.0
SA409,,13:40:42.250#,1930.0,1952.0,1891.0,2142.0,1752.0,1222051,786956,1915.0,638,1916.0,274,1917.0,397,1918.0,359,1919.0,153,1920.0,365,1921.0,495,1922.0,276,1923.0,540,1924.0,238,1920.0
SA409,,13:40:42.500#,1930.0,1952.0,1891.0,2142.0,1752.0,1222051,786956,1915.0,638,1916.0,275,1917.0,426,1918.0,354,1919.0,153,1920.0,480,1921.0,495,1922.0,276,1923.0,540,1924.0,238,1920.0
SA409,,13:40:43.0#,1930.0,1952.0,1891.0,2142.0,1752.0,1222106,786925,1915.0,642,1916.0,277,1917.0,427,1918.0,382,1919.0,125,1920.0,442,1921.0,495,1922.0,276,1923.0,540,1924.0,238,1920.0
SA409,,13:40:43.250#,1930.0,1952.0,1891.0,2142.0,1752.0,1222211,786912,1914.0,512,1915.0,642,1916.0,277,1917.0,426,1918.0,381,1919.0,147,1920.0,448,1921.0,496,1922.0,276,1923.0,540,1919.0
SA409,,13:40:43.500#,1930.0,1952.0,1891.0,2142.0,1752.0,1222218,786910,1914.0,513,1915.0,643,1916.0,277,1917.0,425,1918.0,381,1919.0,203,1920.0,429,1921.0,497,1922.0,286,1923.0,540,1919.0
SA409,,13:40:43.750#,1930.0,1952.0,1891.0,2142.0,1752.0,1222230,786905,1914.0,513,1915.0,649,1916.0,277,1917.0,425,1918.0,380,1919.0,236,1920.0,427,1921.0,512,1922.0,287,1923.0,540,1918.0
SA409,,13:40:44.0#,1930.0,1952.0,1891.0,2142.0,1752.0,1222251,786905,1914.0,513,1915.0,639,1916.0,277,1917.0,425,1918.0,370,1919.0,215,1920.0,431,1921.0,512,1922.0,287,1923.0,540,1919.0
SA409,,13:40:44.250#,1930.0,1952.0,1891.0,2142.0,1752.0,1222264,786905,1914.0,512,1915.0,639,1916.0,277,1917.0,425,1918.0,369,1919.0,203,1920.0,438,1921.0,513,1922.0,292,1923.0,540,1919.0
SA409,,13:40:44.500#,1930.0,1952.0,1891.0,2142.0,1752.0,1222295,786912,1914.0,512,1915.0,649,1916.0,277,1917.0,425,1918.0,368,1919.0,175,1920.0,465,1921.0,513,1922.0,292,1923.0,540,1919.0
SA409,,13:40:44.750#,1930.0,1952.0,1891.0,2142.0,1752.0,1222305,786912,1914.0,512,1915.0,649,1916.0,277,1917.0,425,1918.0,368,1919.0,151,1920.0,469,1921.0,513,1922.0,292,1923.0,540,1919.0
SA409,,13:40:45.0#,1930.0,1952.0,1891.0,2142.0,1752.0,1222323,786923,1914.0,512,1915.0,656,1916.0,277,1917.0,425,1918.0,375,1919.0,121,1920.0,475,1921.0,513,1922.0,292,1923.0,540,1919.0
SA409,,13:40:45.250#,1930.0,1952.0,1891.0,2142.0,1752.0,1222340,786939,1914.0,502,1915.0,656,1916.0,277,1917.0,425,1918.0,380,1919.0,81,1920.0,475,1921.0,513,1922.0,292,1923.0,540,1919.0
SA409,,13:40:45.500#,1930.0,1952.0,1891.0,2142.0,1752.0,1222357,786941,1914.0,502,1915.0,656,1916.0,277,1917.0,425,1918.0,380,1919.0,66,1920.0,475,1921.0,518,1922.0,292,1923.0,540,1919.0
SA409,,13:40:45.750#,1930.0,1952.0,1891.0,2142.0,1752.0,1222385,786936,1914.0,502,1915.0,656,1916.0,277,1917.0,425,1918.0,380,1919.0,55,1920.0,487,1921.0,518,1922.0,292,1923.0,545,1919.0
SA409,,13:40:46.0#,1930.0,1952.0,1891.0,2142.0,1752.0,1222393,786936,1914.0,502,1915.0,656,1916.0,277,1917.0,425,1918.0,375,1919.0,51,1920.0,490,1921.0,518,1922.0,291,1923.0,545,1919.0
SA409,,13:40:46.250#,1930.0,1952.0,1891.0,2142.0,1752.0,1222442,786931,1914.0,502,1915.0,642,1916.0,277,1917.0,425,1918.0,376,1919.0,4,1920.0,491,1921.0,528,1922.0,281,1923.0,545,1919.0
SA409,,13:40:46.500#,1930.0,1952.0,1891.0,2142.0,1752.0,1222445,786931,1914.0,504,1915.0,642,1916.0,276,1917.0,425,1918.0,391,1919.0,4,1920.0,491,1921.0,528,1922.0,281,1923.0,546,1919.0
SA409,,13:40:46.750#,1930.0,1952.0,1891.0,2142.0,1752.0,1222463,786937,1914.0,504,1915.0,646,1916.0,276,1917.0,425,1918.0,392,1919.0,10,1920.0,492,1921.0,528,1922.0,281,1923.0,546,1919.0
SA409,,13:40:47.0#,1930.0,1952.0,1891.0,2142.0,1752.0,1222464,786938,1914.0,504,1915.0,645,1916.0,276,1917.0,427,1918.0,392,1919.0,10,1920.0,498,1921.0,528,1922.0,281,1923.0,546,1919.0
SA409,,13:40:47.250#,1930.0,1952.0,1891.0,2142.0,1752.0,1222465,786939,1914.0,504,1915.0,645,1916.0,287,1917.0,427,1918.0,401,1919.0,9,1920.0,498,1921.0,528,1922.0,281,1923.0,546,1919.0
SA409,,13:40:47.500#,1930.0,1952.0,1891.0,2142.0,1752.0,1222478,786948,1915.0,645,1916.0,287,1917.0,427,1918.0,406,1919.0,4,1920.0,500,1921.0,527,1922.0,280,1923.0,547,1924.0,242,1919.0
