InstrumentId,ExchangeId,Datetime,OpenPrice,HighestPrice,LowestPrice,UpperLimitPrice,LowerLimitPrice,Volume,OpenInterest,BidPrice5,BidVolume5,BidPrice4,BidVolume4,BidPrice3,BidVolume3,BidPrice2,BidVolume2,BidPrice1,BidVolume1,AskPrice1,AskVolume1,AskPrice2,AskVolume2,AskPrice3,AskVolume3,AskPrice4,AskVolume4,AskPrice5,AskVolume5,LastPrice
SA503,,13:38:42.750#,1894.0,1908.0,1869.0,2095.0,1713.0,2055,8106,1873.0,1,1874.0,4,1875.0,2,1876.0,1,1878.0,2,1881.0,4,1883.0,1,1885.0,4,1886.0,12,1890.0,1,1881.0
SA503,,13:38:44.500#,1894.0,1908.0,1869.0,2095.0,1713.0,2055,8106,1873.0,1,1874.0,4,1875.0,2,1876.0,1,1879.0,1,1882.0,4,1883.0,1,1885.0,4,1886.0,12,1890.0,1,1881.0
SA503,,13:38:45.0#,1894.0,1908.0,1869.0,2095.0,1713.0,2055,8106,1873.0,1,1874.0,4,1875.0,2,1876.0,1,1878.0,2,1882.0,4,1883.0,1,1885.0,4,1886.0,12,1890.0,1,1881.0
SA503,,13:38:46.0#,1894.0,1908.0,1869.0,2095.0,1713.0,2055,8106,1873.0,1,1874.0,4,1875.0,2,1876.0,1,1878.0,2,1881.0,4,1883.0,1,1885.0,4,1886.0,12,1890.0,1,1881.0
SA503,,13:38:47.250#,1894.0,1908.0,1869.0,2095.0,1713.0,2055,8106,1873.0,1,1874.0,4,1875.0,2,1876.0,1,1878.0,3,1881.0,4,1883.0,1,1885.0,4,1886.0,12,1890.0,1,1881.0
SA503,,13:38:50.250#,1894.0,1908.0,1869.0,2095.0,1713.0,2055,8106,1873.0,1,1874.0,4,1875.0,2,1876.0,1,1878.0,2,1881.0,4,1883.0,1,1885.0,4,1886.0,12,1890.0,1,1881.0
SA503,,13:38:53.500#,1894.0,1908.0,1869.0,2095.0,1713.0,2055,8106,1873.0,1,1874.0,4,1875.0,2,1876.0,1,1878.0,2,1881.0,3,1883.0,1,1885.0,4,1886.0,12,1890.0,1,1881.0
SA503,,13:38:53.750#,1894.0,1908.0,1869.0,2095.0,1713.0,2055,8106,1873.0,1,1874.0,4,1875.0,2,1876.0,1,1878.0,2,1881.0,2,1883.0,1,1885.0,4,1886.0,12,1890.0,1,1881.0
SA503,,13:38:54.0#,1894.0,1908.0,1869.0,2095.0,1713.0,2055,8106,1873.0,1,1874.0,4,1875.0,2,1876.0,1,1878.0,2,1881.0,4,1883.0,1,1885.0,4,1886.0,12,1890.0,1,1881.0
SA503,,13:38:56.0#,1894.0,1908.0,1869.0,2095.0,1713.0,2055,8106,1873.0,1,1874.0,4,1875.0,2,1876.0,1,1878.0,2,1881.0,4,1883.0,1,1885.0,4,1888.0,12,1890.0,1,1881.0
SA503,,13:39:01.0#,1894.0,1908.0,1869.0,2095.0,1713.0,2056,8106,1873.0,1,1874.0,4,1875.0,2,1876.0,1,1878.0,2,1881.0,4,1883.0,1,1885.0,4,1888.0,12,1890.0,1,1878.0
SA503,,13:39:03.500#,1894.0,1908.0,1869.0,2095.0,1713.0,2056,8106,1873.0,1,1874.0,4,1875.0,2,1876.0,1,1878.0,1,1881.0,4,1883.0,1,1885.0,4,1888.0,12,1890.0,1,1878.0
SA503,,13:39:03.750#,1894.0,1908.0,1869.0,2095.0,1713.0,2056,8106,1873.0,1,1874.0,4,1875.0,2,1876.0,1,1878.0,1,1880.0,1,1883.0,1,1885.0,4,1888.0,12,1890.0,1,1878.0
SA503,,13:39:04.0#,1894.0,1908.0,1869.0,2095.0,1713.0,2056,8106,1873.0,1,1874.0,4,1875.0,2,1876.0,1,1878.0,1,1880.0,4,1883.0,1,1885.0,4,1888.0,12,1890.0,1,1878.0
SA503,,13:39:04.750#,1894.0,1908.0,1869.0,2095.0,1713.0,2056,8106,1873.0,1,1874.0,4,1875.0,2,1876.0,1,1878.0,1,1881.0,4,1883.0,1,1885.0,4,1888.0,12,1890.0,1,1878.0
SA503,,13:39:05.0#,1894.0,1908.0,1869.0,2095.0,1713.0,2056,8106,1873.0,1,1874.0,4,1875.0,2,1876.0,1,1878.0,1,1880.0,4,1883.0,1,1885.0,4,1888.0,12,1890.0,1,1878.0
SA503,,13:39:07.250#,1894.0,1908.0,1869.0,2095.0,1713.0,2056,8106,1873.0,1,1874.0,4,1875.0,2,1876.0,1,1879.0,1,1880.0,4,1883.0,1,1885.0,4,1888.0,12,1890.0,1,1878.0
SA503,,13:39:07.500#,1894.0,1908.0,1869.0,2095.0,1713.0,2056,8106,1873.0,1,1874.0,4,1875.0,2,1876.0,1,1879.0,1,1881.0,4,1883.0,1,1885.0,4,1888.0,12,1890.0,1,1878.0
SA503,,13:39:07.750#,1894.0,1908.0,1869.0,2095.0,1713.0,2056,8106,1873.0,1,1874.0,4,1875.0,2,1876.0,1,1879.0,1,1880.0,4,1883.0,1,1885.0,4,1888.0,12,1890.0,1,1878.0
SA503,,13:39:11.250#,1894.0,1908.0,1869.0,2095.0,1713.0,2058,8107,1873.0,1,1874.0,4,1875.0,2,1876.0,1,1879.0,1,1880.0,2,1883.0,1,1885.0,4,1888.0,12,1890.0,1,1880.0
SA503,,13:39:28.0#,1894.0,1908.0,1869.0,2095.0,1713.0,2058,8107,1873.0,1,1874.0,4,1875.0,2,1876.0,1,1879.0,1,1881.0,2,1883.0,1,1885.0,4,1888.0,12,1890.0,1,1880.0
SA503,,13:39:28.250#,1894.0,1908.0,1869.0,2095.0,1713.0,2058,8107,1873.0,1,1874.0,4,1875.0,2,1876.0,1,1880.0,1,1881.0,2,1883.0,1,1885.0,4,1888.0,12,1890.0,1,1880.0
SA503,,13:39:28.500#,1894.0,1908.0,1869.0,2095.0,1713.0,2058,8107,1874.0,4,1875.0,2,1876.0,1,1877.0,4,1879.0,1,1881.0,2,1883.0,1,1885.0,4,1888.0,12,1890.0,1,1880.0
SA503,,13:39:28.750#,1894.0,1908.0,1869.0,2095.0,1713.0,2058,8107,1874.0,4,1875.0,2,1876.0,1,1877.0,4,1879.0,1,1882.0,2,1883.0,1,1885.0,4,1888.0,12,1890.0,1,1880.0
SA503,,13:39:29.0#,1894.0,1908.0,1869.0,2095.0,1713.0,2058,8107,1874.0,4,1875.0,2,1876.0,1,1877.0,4,1881.0,1,1882.0,2,1883.0,1,1885.0,4,1888.0,12,1890.0,1,1880.0
SA503,,13:39:29.750#,1894.0,1908.0,1869.0,2095.0,1713.0,2061,8107,1874.0,4,1875.0,2,1876.0,1,1877.0,4,1879.0,1,1881.0,1,1883.0,1,1885.0,4,1888.0,12,1890.0,1,1881.0
SA503,,13:39:34.750#,1894.0,1908.0,1869.0,2095.0,1713.0,2061,8107,1874.0,4,1875.0,2,1876.0,1,1877.0,4,1879.0,1,1882.0,3,1883.0,1,1885.0,4,1888.0,12,1890.0,1,1881.0
SA503,,13:39:35.0#,1894.0,1908.0,1869.0,2095.0,1713.0,2061,8107,1874.0,4,1875.0,2,1876.0,1,1877.0,4,1879.0,1,1881.0,1,1883.0,1,1885.0,4,1888.0,12,1890.0,1,1881.0
SA503,,13:39:36.0#,1894.0,1908.0,1869.0,2095.0,1713.0,2061,8107,1874.0,4,1875.0,2,1876.0,1,1877.0,4,1879.0,1,1881.0,2,1883.0,1,1885.0,4,1888.0,12,1890.0,1,1881.0
SA503,,13:39:36.250#,1894.0,1908.0,1869.0,2095.0,1713.0,2061,8107,1874.0,4,1875.0,2,1876.0,1,1877.0,4,1879.0,1,1881.0,3,1883.0,1,1885.0,4,1888.0,12,1890.0,1,1881.0
SA503,,13:39:36.500#,1894.0,1908.0,1869.0,2095.0,1713.0,2061,8107,1874.0,4,1875.0,2,1876.0,1,1877.0,4,1879.0,2,1882.0,3,1883.0,1,1885.0,4,1888.0,12,1890.0,1,1881.0
SA503,,13:39:40.750#,1894.0,1908.0,1869.0,2095.0,1713.0,2061,8107,1874.0,4,1875.0,2,1876.0,1,1877.0,4,1880.0,1,1882.0,3,1883.0,1,1885.0,4,1888.0,12,1890.0,1,1881.0
SA503,,13:39:41.0#,1894.0,1908.0,1869.0,2095.0,1713.0,2061,8107,1874.0,4,1875.0,2,1876.0,1,1877.0,4,1880.0,1,1882.0,3,1883.0,1,1885.0,4,1888.0,12,1890.0,1,1881.0
SA503,,13:39:41.500#,1894.0,1908.0,1869.0,2095.0,1713.0,2061,8107,1874.0,4,1875.0,2,1876.0,1,1877.0,4,1879.0,1,1882.0,3,1883.0,1,1885.0,4,1888.0,12,1890.0,1,1881.0
SA503,,13:39:41.750#,1894.0,1908.0,1869.0,2095.0,1713.0,2061,8107,1874.0,4,1875.0,2,1876.0,1,1877.0,4,1879.0,2,1882.0,3,1883.0,1,1885.0,4,1888.0,12,1890.0,1,1881.0
SA503,,13:39:42.0#,1894.0,1908.0,1869.0,2095.0,1713.0,2061,8107,1874.0,4,1875.0,2,1876.0,1,1877.0,4,1879.0,3,1882.0,3,1883.0,1,1885.0,4,1888.0,12,1890.0,1,1881.0
SA503,,13:39:42.500#,1894.0,1908.0,1869.0,2095.0,1713.0,2061,8107,1874.0,4,1875.0,2,1876.0,1,1877.0,4,1879.0,1,1882.0,3,1883.0,1,1885.0,4,1888.0,12,1890.0,1,1881.0
SA503,,13:39:47.0#,1894.0,1908.0,1869.0,2095.0,1713.0,2061,8107,1874.0,4,1875.0,2,1876.0,1,1877.0,4,1879.0,1,1881.0,1,1883.0,1,1885.0,4,1888.0,12,1890.0,1,1881.0
SA503,,13:39:49.250#,1894.0,1908.0,1869.0,2095.0,1713.0,2061,8107,1874.0,4,1875.0,2,1876.0,1,1877.0,4,1879.0,1,1881.0,2,1883.0,1,1885.0,4,1888.0,12,1890.0,1,1881.0
SA503,,13:39:50.250#,1894.0,1908.0,1869.0,2095.0,1713.0,2061,8107,1874.0,4,1875.0,2,1876.0,1,1877.0,4,1879.0,1,1881.0,3,1883.0,1,1885.0,4,1888.0,12,1890.0,1,1881.0
SA503,,13:40:09.750#,1894.0,1908.0,1869.0,2095.0,1713.0,2062,8107,1874.0,4,1875.0,2,1876.0,1,1877.0,4,1881.0,1,1882.0,2,1883.0,1,1885.0,4,1888.0,12,1890.0,1,1882.0
SA503,,13:40:10.500#,1894.0,1908.0,1869.0,2095.0,1713.0,2062,8107,1874.0,4,1875.0,2,1876.0,1,1877.0,4,1881.0,1,1882.0,2,1883.0,1,1885.0,4,1888.0,12,1890.0,1,1882.0
SA503,,13:40:11.500#,1894.0,1908.0,1869.0,2095.0,1713.0,2062,8107,1874.0,4,1875.0,2,1876.0,1,1877.0,4,1880.0,1,1882.0,2,1883.0,1,1885.0,4,1888.0,12,1890.0,1,1882.0
SA503,,13:40:12.0#,1894.0,1908.0,1869.0,2095.0,1713.0,2062,8107,1874.0,4,1875.0,2,1876.0,1,1877.0,4,1880.0,1,1881.0,2,1883.0,1,1885.0,4,1888.0,12,1890.0,1,1882.0
SA503,,13:40:17.500#,1894.0,1908.0,1869.0,2095.0,1713.0,2062,8107,1874.0,4,1875.0,2,1876.0,1,1877.0,4,1880.0,1,1882.0,2,1883.0,1,1885.0,4,1888.0,12,1890.0,1,1882.0
SA503,,13:40:19.0#,1894.0,1908.0,1869.0,2095.0,1713.0,2062,8107,1874.0,4,1875.0,2,1876.0,1,1877.0,4,1880.0,1,1882.0,2,1883.0,1,1885.0,4,1888.0,12,1890.0,1,1882.0
SA503,,13:40:19.500#,1894.0,1908.0,1869.0,2095.0,1713.0,2062,8107,1874.0,4,1875.0,2,1876.0,1,1877.0,4,1880.0,1,1882.0,2,1883.0,1,1885.0,4,1888.0,12,1890.0,1,1882.0
SA503,,13:40:25.250#,1894.0,1908.0,1869.0,2095.0,1713.0,2062,8107,1874.0,4,1875.0,2,1876.0,1,1877.0,4,1881.0,1,1882.0,2,1885.0,4,1888.0,12,1890.0,1,1895.0,1,1882.0
SA503,,13:40:36.500#,1894.0,1908.0,1869.0,2095.0,1713.0,2062,8107,1874.0,4,1875.0,2,1876.0,1,1877.0,4,1881.0,1,1883.0,2,1885.0,4,1888.0,12,1890.0,1,1895.0,1,1882.0
SA503,,13:40:39.500#,1894.0,1908.0,1869.0,2095.0,1713.0,2062,8107,1874.0,4,1875.0,2,1876.0,1,1877.0,4,1881.0,1,1882.0,2,1885.0,4,1888.0,12,1890.0,1,1895.0,1,1882.0
SA503,,13:40:42.0#,1894.0,1908.0,1869.0,2095.0,1713.0,2062,8107,1874.0,4,1875.0,2,1876.0,1,1877.0,4,1881.0,1,1883.0,2,1885.0,4,1888.0,12,1890.0,1,1895.0,1,1882.0
SA503,,13:40:42.250#,1894.0,1908.0,1869.0,2095.0,1713.0,2062,8107,1874.0,4,1875.0,2,1876.0,1,1877.0,4,1881.0,1,1883.0,2,1885.0,5,1888.0,12,1890.0,1,1895.0,1,1882.0
SA503,,13:40:43.0#,1894.0,1908.0,1869.0,2095.0,1713.0,2062,8107,1874.0,4,1875.0,2,1876.0,1,1877.0,4,1881.0,1,1882.0,2,1885.0,5,1888.0,12,1890.0,1,1895.0,1,1882.0
SA503,,13:40:46.0#,1894.0,1908.0,1869.0,2095.0,1713.0,2062,8107,1874.0,4,1875.0,2,1876.0,1,1877.0,4,1881.0,1,1882.0,1,1885.0,5,1888.0,12,1890.0,1,1895.0,1,1882.0
SA503,,13:40:46.250#,1894.0,1908.0,1869.0,2095.0,1713.0,2062,8107,1874.0,4,1875.0,2,1876.0,1,1877.0,4,1881.0,1,1882.0,2,1885.0,5,1888.0,12,1890.0,1,1895.0,1,1882.0
SA503,,13:40:50.0#,1894.0,1908.0,1869.0,2095.0,1713.0,2062,8107,1874.0,4,1875.0,2,1876.0,1,1877.0,4,1881.0,1,1883.0,2,1885.0,5,1888.0,12,1890.0,1,1895.0,1,1882.0
SA503,,13:40:54.250#,1894.0,1908.0,1869.0,2095.0,1713.0,2062,8107,1874.0,4,1875.0,14,1876.0,1,1877.0,4,1881.0,1,1883.0,2,1885.0,5,1890.0,1,1891.0,12,1895.0,1,1882.0
SA503,,13:41:03.0#,1894.0,1908.0,1869.0,2095.0,1713.0,2062,8107,1874.0,4,1875.0,14,1876.0,1,1877.0,4,1881.0,1,1882.0,2,1885.0,5,1890.0,1,1891.0,12,1895.0,1,1882.0
SA503,,13:42:32.750#,1894.0,1908.0,1869.0,2095.0,1713.0,2065,8107,1874.0,4,1875.0,14,1876.0,1,1877.0,4,1882.0,2,1883.0,7,1885.0,5,1888.0,12,1890.0,1,1895.0,1,1881.0
SA503,,13:42:33.0#,1894.0,1908.0,1869.0,2095.0,1713.0,2065,8107,1874.0,4,1875.0,14,1876.0,1,1877.0,4,1882.0,1,1883.0,7,1885.0,5,1888.0,12,1890.0,1,1895.0,1,1881.0
SA503,,13:42:33.750#,1894.0,1908.0,1869.0,2095.0,1713.0,2065,8107,1874.0,4,1875.0,14,1876.0,1,1877.0,4,1882.0,1,1883.0,7,1885.0,5,1890.0,13,1895.0,1,1898.0,6,1881.0
SA503,,13:42:35.750#,1894.0,1908.0,1869.0,2095.0,1713.0,2065,8107,1874.0,4,1875.0,14,1876.0,1,1877.0,4,1880.0,3,1883.0,7,1885.0,5,1890.0,13,1895.0,1,1898.0,6,1881.0
SA503,,13:42:36.0#,1894.0,1908.0,1869.0,2095.0,1713.0,2065,8107,1873.0,1,1874.0,4,1875.0,14,1877.0,4,1880.0,2,1883.0,7,1885.0,5,1890.0,13,1895.0,1,1898.0,6,1881.0
SA503,,13:42:36.250#,1894.0,1908.0,1869.0,2095.0,1713.0,2065,8107,1874.0,4,1875.0,14,1877.0,4,1878.0,1,1880.0,3,1883.0,7,1885.0,5,1890.0,13,1895.0,1,1898.0,6,1881.0
SA503,,13:42:41.0#,1894.0,1908.0,1869.0,2095.0,1713.0,2065,8107,1874.0,4,1875.0,14,1877.0,4,1878.0,1,1880.0,4,1883.0,7,1885.0,5,1890.0,13,1895.0,1,1898.0,6,1881.0
SA503,,13:42:41.250#,1894.0,1908.0,1869.0,2095.0,1713.0,2065,8107,1874.0,4,1875.0,14,1877.0,4,1878.0,1,1880.0,5,1883.0,7,1885.0,5,1890.0,13,1895.0,1,1898.0,6,1881.0
SA503,,13:42:43.0#,1894.0,1908.0,1869.0,2095.0,1713.0,2065,8107,1874.0,4,1875.0,14,1877.0,4,1878.0,1,1880.0,4,1882.0,7,1885.0,5,1890.0,13,1895.0,1,1898.0,6,1881.0
SA503,,13:42:43.250#,1894.0,1908.0,1869.0,2095.0,1713.0,2065,8107,1874.0,4,1875.0,14,1877.0,4,1878.0,1,1880.0,3,1882.0,7,1885.0,5,1890.0,13,1895.0,1,1898.0,6,1881.0
SA503,,13:42:49.0#,1894.0,1908.0,1869.0,2095.0,1713.0,2065,8107,1874.0,4,1875.0,14,1877.0,4,1878.0,1,1880.0,3,1882.0,4,1885.0,5,1890.0,13,1895.0,1,1898.0,6,1881.0
SA503,,13:42:49.250#,1894.0,1908.0,1869.0,2095.0,1713.0,2065,8107,1874.0,4,1875.0,14,1877.0,4,1878.0,1,1880.0,4,1883.0,7,1885.0,5,1890.0,13,1895.0,1,1898.0,6,1881.0
SA503,,13:42:50.0#,1894.0,1908.0,1869.0,2095.0,1713.0,2065,8107,1874.0,4,1875.0,14,1877.0,4,1878.0,1,1880.0,3,1882.0,7,1885.0,5,1890.0,13,1895.0,1,1898.0,6,1881.0
SA503,,13:42:50.500#,1894.0,1908.0,1869.0,2095.0,1713.0,2065,8107,1874.0,4,1875.0,14,1877.0,4,1878.0,1,1880.0,3,1882.0,6,1885.0,5,1890.0,13,1895.0,1,1898.0,6,1881.0
SA503,,13:42:51.0#,1894.0,1908.0,1869.0,2095.0,1713.0,2065,8107,1874.0,4,1875.0,14,1877.0,4,1878.0,1,1880.0,3,1882.0,7,1885.0,5,1890.0,13,1895.0,1,1898.0,6,1881.0
SA503,,13:43:04.0#,1894.0,1908.0,1869.0,2095.0,1713.0,2065,8107,1874.0,4,1875.0,14,1877.0,4,1878.0,1,1879.0,3,1882.0,7,1885.0,5,1890.0,13,1895.0,1,1898.0,6,1881.0
SA503,,13:43:11.0#,1894.0,1908.0,1869.0,2095.0,1713.0,2065,8107,1874.0,4,1875.0,14,1877.0,4,1878.0,1,1879.0,3,1882.0,7,1884.0,3,1885.0,5,1890.0,13,1895.0,1,1881.0
SA503,,13:43:13.250#,1894.0,1908.0,1869.0,2095.0,1713.0,2065,8107,1874.0,4,1875.0,14,1877.0,4,1878.0,1,1879.0,3,1882.0,7,1883.0,3,1884.0,3,1885.0,5,1890.0,13,1881.0
SA503,,13:43:18.250#,1894.0,1908.0,1869.0,2095.0,1713.0,2065,8107,1874.0,4,1875.0,14,1877.0,4,1878.0,1,1879.0,3,1882.0,7,1883.0,3,1885.0,5,1890.0,13,1895.0,1,1881.0
SA503,,13:43:18.750#,1894.0,1908.0,1869.0,2095.0,1713.0,2065,8107,1874.0,4,1875.0,14,1877.0,4,1878.0,1,1880.0,1,1882.0,7,1883.0,3,1885.0,5,1890.0,13,1895.0,1,1881.0
SA503,,13:43:20.250#,1894.0,1908.0,1869.0,2095.0,1713.0,2065,8107,1874.0,4,1875.0,14,1877.0,4,1878.0,1,1880.0,2,1882.0,7,1883.0,3,1885.0,5,1890.0,13,1895.0,1,1881.0
SA503,,13:43:25.750#,1894.0,1908.0,1869.0,2095.0,1713.0,2065,8107,1874.0,4,1875.0,14,1877.0,4,1878.0,1,1880.0,2,1882.0,6,1883.0,3,1885.0,5,1890.0,13,1895.0,1,1881.0
SA503,,13:43:26.250#,1894.0,1908.0,1869.0,2095.0,1713.0,2065,8107,1874.0,4,1875.0,14,1877.0,4,1878.0,1,1880.0,2,1882.0,2,1883.0,3,1885.0,5,1890.0,13,1895.0,1,1881.0
SA503,,13:43:26.750#,1894.0,1908.0,1869.0,2095.0,1713.0,2065,8107,1874.0,4,1875.0,14,1877.0,4,1878.0,1,1880.0,2,1882.0,1,1883.0,3,1885.0,5,1890.0,13,1895.0,1,1881.0
SA503,,13:43:29.0#,1894.0,1908.0,1869.0,2095.0,1713.0,2065,8107,1874.0,4,1875.0,14,1877.0,4,1878.0,1,1880.0,2,1882.0,7,1885.0,5,1890.0,13,1895.0,1,1898.0,6,1881.0
SA503,,13:43:30.250#,1894.0,1908.0,1869.0,2095.0,1713.0,2066,8107,1874.0,4,1875.0,14,1877.0,4,1878.0,1,1880.0,1,1882.0,6,1885.0,5,1890.0,13,1895.0,1,1898.0,6,1882.0
SA503,,13:43:33.750#,1894.0,1908.0,1869.0,2095.0,1713.0,2068,8108,1874.0,4,1875.0,14,1877.0,4,1878.0,1,1880.0,2,1882.0,4,1885.0,5,1890.0,13,1895.0,1,1898.0,6,1882.0
SA503,,13:43:46.750#,1894.0,1908.0,1869.0,2095.0,1713.0,2068,8108,1874.0,4,1875.0,14,1877.0,4,1878.0,1,1881.0,1,1882.0,4,1885.0,5,1890.0,13,1895.0,1,1898.0,6,1882.0
SA503,,13:43:50.750#,1894.0,1908.0,1869.0,2095.0,1713.0,2068,8108,1874.0,4,1875.0,14,1877.0,4,1878.0,1,1881.0,2,1882.0,4,1885.0,5,1890.0,13,1895.0,1,1898.0,6,1882.0
SA503,,13:43:57.750#,1894.0,1908.0,1869.0,2095.0,1713.0,2068,8108,1874.0,4,1875.0,14,1877.0,4,1878.0,1,1881.0,2,1882.0,2,1885.0,5,1890.0,13,1895.0,1,1898.0,6,1882.0
SA503,,13:44:00.0#,1894.0,1908.0,1869.0,2095.0,1713.0,2068,8108,1874.0,4,1875.0,14,1877.0,4,1878.0,1,1881.0,2,1882.0,4,1885.0,5,1890.0,13,1895.0,1,1898.0,6,1882.0
SA503,,13:44:19.500#,1894.0,1908.0,1869.0,2095.0,1713.0,2069,8109,1874.0,4,1875.0,14,1877.0,4,1878.0,1,1881.0,1,1882.0,3,1885.0,5,1890.0,13,1895.0,1,1898.0,6,1882.0
SA503,,13:44:29.750#,1894.0,1908.0,1869.0,2095.0,1713.0,2069,8109,1874.0,4,1875.0,14,1877.0,4,1878.0,1,1880.0,1,1882.0,3,1885.0,5,1890.0,13,1895.0,1,1898.0,6,1882.0
SA503,,13:44:30.0#,1894.0,1908.0,1869.0,2095.0,1713.0,2069,8109,1874.0,4,1875.0,14,1877.0,4,1878.0,1,1880.0,1,1881.0,3,1885.0,5,1890.0,13,1895.0,1,1898.0,6,1882.0
SA503,,13:44:30.250#,1894.0,1908.0,1869.0,2095.0,1713.0,2069,8109,1874.0,4,1875.0,14,1877.0,4,1878.0,1,1880.0,1,1881.0,3,1885.0,5,1887.0,12,1890.0,1,1895.0,1,1882.0
SA503,,13:44:34.0#,1894.0,1908.0,1869.0,2095.0,1713.0,2069,8109,1874.0,4,1875.0,14,1877.0,4,1878.0,1,1880.0,1,1881.0,2,1885.0,5,1887.0,12,1890.0,1,1895.0,1,1882.0
SA503,,13:44:34.500#,1894.0,1908.0,1869.0,2095.0,1713.0,2069,8109,1874.0,4,1875.0,14,1877.0,4,1878.0,1,1880.0,1,1882.0,3,1885.0,5,1887.0,12,1890.0,1,1895.0,1,1882.0
SA503,,13:44:35.0#,1894.0,1908.0,1869.0,2095.0,1713.0,2069,8109,1874.0,4,1875.0,14,1877.0,4,1878.0,1,1880.0,1,1881.0,1,1885.0,5,1887.0,12,1890.0,1,1895.0,1,1882.0
SA503,,13:44:36.250#,1894.0,1908.0,1869.0,2095.0,1713.0,2069,8109,1874.0,4,1875.0,14,1877.0,4,1878.0,1,1880.0,1,1882.0,3,1885.0,5,1887.0,12,1890.0,1,1895.0,1,1882.0
SA503,,13:44:36.500#,1894.0,1908.0,1869.0,2095.0,1713.0,2069,8109,1874.0,4,1875.0,14,1877.0,4,1878.0,1,1880.0,1,1881.0,3,1885.0,5,1887.0,12,1890.0,1,1895.0,1,1882.0
SA503,,13:44:38.500#,1894.0,1908.0,1869.0,2095.0,1713.0,2069,8109,1874.0,4,1875.0,14,1877.0,4,1878.0,1,1880.0,1,1882.0,3,1885.0,5,1887.0,12,1890.0,1,1895.0,1,1882.0
SA503,,13:45:17.750#,1894.0,1908.0,1869.0,2095.0,1713.0,2069,8109,1874.0,4,1875.0,14,1877.0,4,1878.0,1,1880.0,1,1881.0,1,1885.0,5,1887.0,12,1890.0,1,1895.0,1,1882.0
SA503,,13:45:21.250#,1894.0,1908.0,1869.0,2095.0,1713.0,2069,8109,1874.0,4,1875.0,14,1877.0,4,1878.0,1,1880.0,1,1881.0,2,1885.0,5,1887.0,12,1890.0,1,1895.0,1,1882.0
SA503,,13:45:21.500#,1894.0,1908.0,1869.0,2095.0,1713.0,2069,8109,1874.0,4,1875.0,14,1877.0,4,1878.0,1,1880.0,1,1881.0,3,1885.0,5,1887.0,12,1890.0,1,1895.0,1,1882.0
SA503,,13:45:34.0#,1894.0,1908.0,1869.0,2095.0,1713.0,2069,8109,1874.0,4,1875.0,14,1877.0,4,1878.0,1,1879.0,1,1881.0,3,1885.0,5,1887.0,12,1890.0,1,1895.0,1,1882.0
SA503,,13:45:59.750#,1894.0,1908.0,1869.0,2095.0,1713.0,2069,8109,1871.0,8,1873.0,1,1874.0,4,1875.0,14,1878.0,5,1881.0,3,1885.0,5,1887.0,12,1890.0,1,1895.0,1,1882.0
SA503,,13:46:00.500#,1894.0,1908.0,1869.0,2095.0,1713.0,2069,8109,1873.0,1,1874.0,4,1875.0,14,1878.0,1,1879.0,1,1881.0,3,1885.0,5,1887.0,12,1890.0,1,1895.0,1,1882.0
SA503,,13:46:07.500#,1894.0,1908.0,1869.0,2095.0,1713.0,2069,8109,1873.0,1,1874.0,4,1875.0,14,1878.0,1,1880.0,1,1881.0,3,1885.0,5,1887.0,12,1890.0,1,1895.0,1,1882.0
SA503,,13:46:07.750#,1894.0,1908.0,1869.0,2095.0,1713.0,2069,8109,1874.0,4,1875.0,14,1877.0,4,1878.0,1,1880.0,1,1881.0,3,1885.0,5,1887.0,12,1890.0,1,1895.0,1,1882.0
SA503,,13:46:10.0#,1894.0,1908.0,1869.0,2095.0,1713.0,2069,8109,1874.0,4,1875.0,14,1877.0,4,1878.0,1,1879.0,1,1881.0,3,1885.0,5,1887.0,12,1890.0,1,1895.0,1,1882.0
SA503,,13:46:17.750#,1894.0,1908.0,1869.0,2095.0,1713.0,2069,8109,1874.0,4,1875.0,14,1877.0,4,1878.0,1,1880.0,1,1881.0,3,1885.0,5,1887.0,12,1890.0,1,1895.0,1,1882.0
SA503,,13:46:31.250#,1894.0,1908.0,1869.0,2095.0,1713.0,2069,8109,1874.0,4,1875.0,14,1877.0,4,1878.0,1,1879.0,1,1881.0,3,1885.0,5,1887.0,12,1890.0,1,1895.0,1,1882.0
SA503,,13:46:32.500#,1894.0,1908.0,1869.0,2095.0,1713.0,2069,8109,1874.0,4,1875.0,14,1877.0,4,1878.0,1,1879.0,1,1880.0,1,1885.0,5,1887.0,12,1890.0,1,1895.0,1,1882.0
SA503,,13:46:35.250#,1894.0,1908.0,1869.0,2095.0,1713.0,2069,8109,1873.0,1,1874.0,4,1875.0,14,1877.0,4,1878.0,5,1880.0,1,1885.0,5,1887.0,12,1890.0,1,1895.0,1,1882.0
SA503,,13:46:36.750#,1894.0,1908.0,1869.0,2095.0,1713.0,2069,8109,1873.0,1,1874.0,4,1875.0,14,1877.0,4,1878.0,5,1881.0,3,1885.0,5,1887.0,12,1890.0,1,1895.0,1,1882.0
SA503,,13:46:38.750#,1894.0,1908.0,1869.0,2095.0,1713.0,2070,8109,1873.0,1,1874.0,4,1875.0,14,1877.0,4,1878.0,4,1881.0,3,1885.0,5,1887.0,12,1890.0,1,1895.0,1,1878.0
SA503,,13:46:45.0#,1894.0,1908.0,1869.0,2095.0,1713.0,2070,8109,1873.0,1,1874.0,4,1875.0,14,1877.0,4,1878.0,3,1880.0,3,1885.0,5,1887.0,12,1890.0,1,1895.0,1,1878.0
SA503,,13:46:45.250#,1894.0,1908.0,1869.0,2095.0,1713.0,2070,8109,1873.0,1,1874.0,4,1875.0,14,1877.0,4,1878.0,2,1880.0,3,1885.0,5,1887.0,12,1890.0,1,1895.0,1,1878.0
SA503,,13:46:45.500#,1894.0,1908.0,1869.0,2095.0,1713.0,2070,8109,1873.0,1,1874.0,4,1875.0,14,1876.0,1,1878.0,2,1880.0,3,1885.0,5,1887.0,12,1890.0,1,1895.0,1,1878.0
SA503,,13:46:47.250#,1894.0,1908.0,1869.0,2095.0,1713.0,2070,8109,1873.0,1,1874.0,4,1875.0,2,1876.0,1,1878.0,2,1880.0,3,1885.0,17,1890.0,1,1895.0,1,1898.0,6,1878.0
SA503,,13:46:47.750#,1894.0,1908.0,1869.0,2095.0,1713.0,2070,8109,1873.0,1,1874.0,4,1875.0,2,1876.0,1,1878.0,2,1880.0,3,1885.0,17,1890.0,1,1895.0,1,1898.0,6,1878.0
SA503,,13:46:48.250#,1894.0,1908.0,1869.0,2095.0,1713.0,2070,8109,1873.0,1,1874.0,4,1875.0,2,1876.0,1,1878.0,2,1880.0,3,1885.0,17,1890.0,1,1895.0,1,1898.0,6,1878.0
SA503,,13:47:01.750#,1894.0,1908.0,1869.0,2095.0,1713.0,2070,8109,1873.0,1,1874.0,4,1875.0,2,1876.0,1,1879.0,1,1880.0,3,1885.0,17,1890.0,1,1895.0,1,1898.0,6,1878.0
SA503,,13:47:03.250#,1894.0,1908.0,1869.0,2095.0,1713.0,2070,8109,1873.0,1,1874.0,4,1875.0,2,1876.0,1,1878.0,2,1880.0,3,1885.0,17,1890.0,1,1895.0,1,1898.0,6,1878.0
SA503,,13:47:03.500#,1894.0,1908.0,1869.0,2095.0,1713.0,2070,8109,1873.0,1,1874.0,4,1875.0,2,1876.0,1,1878.0,3,1881.0,4,1885.0,17,1890.0,1,1895.0,1,1898.0,6,1878.0
SA503,,13:47:03.750#,1894.0,1908.0,1869.0,2095.0,1713.0,2070,8109,1873.0,1,1874.0,4,1875.0,2,1876.0,1,1878.0,3,1881.0,4,1885.0,16,1890.0,1,1895.0,1,1898.0,6,1878.0
SA503,,13:47:04.0#,1894.0,1908.0,1869.0,2095.0,1713.0,2070,8109,1873.0,1,1874.0,4,1875.0,2,1876.0,1,1878.0,3,1881.0,4,1883.0,1,1885.0,16,1890.0,1,1895.0,1,1878.0
SA503,,13:47:05.250#,1894.0,1908.0,1869.0,2095.0,1713.0,2070,8109,1873.0,1,1874.0,4,1875.0,2,1876.0,1,1878.0,2,1880.0,1,1883.0,1,1885.0,16,1890.0,1,1895.0,1,1878.0
SA503,,13:47:08.250#,1894.0,1908.0,1869.0,2095.0,1713.0,2070,8109,1873.0,1,1874.0,4,1875.0,2,1876.0,1,1878.0,3,1881.0,4,1883.0,1,1885.0,16,1890.0,1,1895.0,1,1878.0
SA503,,13:47:08.500#,1894.0,1908.0,1869.0,2095.0,1713.0,2070,8109,1873.0,1,1874.0,4,1875.0,2,1876.0,1,1878.0,2,1881.0,4,1883.0,1,1885.0,16,1890.0,1,1895.0,1,1878.0
SA503,,13:47:09.0#,1894.0,1908.0,1869.0,2095.0,1713.0,2070,8109,1873.0,1,1874.0,4,1875.0,2,1876.0,1,1878.0,1,1881.0,4,1883.0,1,1885.0,16,1890.0,1,1895.0,1,1878.0
SA503,,13:47:11.250#,1894.0,1908.0,1869.0,2095.0,1713.0,2070,8109,1873.0,1,1874.0,4,1875.0,2,1876.0,1,1878.0,1,1880.0,3,1883.0,1,1885.0,16,1890.0,1,1895.0,1,1878.0
SA503,,13:47:12.250#,1894.0,1908.0,1869.0,2095.0,1713.0,2070,8109,1873.0,1,1874.0,4,1875.0,2,1876.0,1,1878.0,1,1880.0,5,1883.0,1,1885.0,16,1890.0,1,1895.0,1,1878.0
SA503,,13:47:12.500#,1894.0,1908.0,1869.0,2095.0,1713.0,2070,8109,1873.0,1,1874.0,4,1875.0,2,1876.0,1,1878.0,1,1880.0,3,1883.0,1,1885.0,16,1890.0,1,1895.0,1,1878.0
SA503,,13:47:18.0#,1894.0,1908.0,1869.0,2095.0,1713.0,2070,8109,1873.0,1,1874.0,4,1875.0,2,1876.0,1,1878.0,1,1880.0,4,1883.0,1,1885.0,16,1890.0,1,1895.0,1,1878.0
SA503,,13:47:18.250#,1894.0,1908.0,1869.0,2095.0,1713.0,2070,8109,1873.0,1,1874.0,4,1875.0,2,1876.0,1,1878.0,1,1880.0,3,1883.0,1,1885.0,16,1890.0,1,1895.0,1,1878.0
SA503,,13:47:22.500#,1894.0,1908.0,1869.0,2095.0,1713.0,2070,8109,1873.0,1,1874.0,4,1875.0,2,1876.0,1,1878.0,2,1881.0,6,1883.0,1,1885.0,16,1890.0,1,1895.0,1,1878.0
SA503,,13:47:22.750#,1894.0,1908.0,1869.0,2095.0,1713.0,2070,8109,1873.0,1,1874.0,4,1875.0,2,1876.0,1,1878.0,1,1881.0,6,1883.0,1,1885.0,16,1890.0,1,1895.0,1,1878.0
SA503,,13:47:24.250#,1894.0,1908.0,1869.0,2095.0,1713.0,2070,8109,1873.0,1,1874.0,4,1875.0,2,1876.0,1,1878.0,2,1881.0,6,1883.0,1,1885.0,16,1890.0,1,1895.0,1,1878.0
SA503,,13:47:24.500#,1894.0,1908.0,1869.0,2095.0,1713.0,2070,8109,1873.0,1,1874.0,4,1875.0,2,1876.0,1,1878.0,3,1881.0,4,1883.0,1,1885.0,16,1890.0,1,1895.0,1,1878.0
SA503,,13:47:24.750#,1894.0,1908.0,1869.0,2095.0,1713.0,2070,8109,1873.0,1,1874.0,4,1875.0,2,1876.0,1,1878.0,3,1881.0,3,1883.0,1,1885.0,16,1890.0,1,1895.0,1,1878.0
SA503,,13:47:25.500#,1894.0,1908.0,1869.0,2095.0,1713.0,2070,8109,1873.0,1,1874.0,4,1875.0,2,1876.0,1,1878.0,2,1881.0,3,1883.0,1,1885.0,16,1890.0,1,1895.0,1,1878.0
SA503,,13:47:25.750#,1894.0,1908.0,1869.0,2095.0,1713.0,2070,8109,1873.0,1,1874.0,4,1875.0,2,1876.0,1,1878.0,3,1881.0,3,1883.0,1,1885.0,16,1890.0,1,1895.0,1,1878.0
SA503,,13:47:32.0#,1894.0,1908.0,1869.0,2095.0,1713.0,2070,8109,1873.0,1,1874.0,4,1875.0,2,1876.0,1,1879.0,1,1881.0,3,1883.0,1,1885.0,16,1890.0,1,1895.0,1,1878.0
SA503,,13:47:32.250#,1894.0,1908.0,1869.0,2095.0,1713.0,2070,8109,1873.0,1,1874.0,4,1875.0,2,1876.0,1,1879.0,1,1881.0,3,1883.0,1,1885.0,16,1890.0,1,1895.0,1,1878.0
SA503,,13:47:34.0#,1894.0,1908.0,1869.0,2095.0,1713.0,2070,8109,1873.0,1,1874.0,4,1875.0,2,1876.0,1,1878.0,2,1881.0,3,1883.0,1,1885.0,16,1890.0,1,1895.0,1,1878.0
SA503,,13:47:35.750#,1894.0,1908.0,1869.0,2095.0,1713.0,2070,8109,1873.0,1,1874.0,4,1875.0,2,1876.0,1,1878.0,3,1881.0,3,1883.0,1,1885.0,16,1890.0,1,1895.0,1,1878.0
SA503,,13:47:36.500#,1894.0,1908.0,1869.0,2095.0,1713.0,2070,8109,1873.0,1,1874.0,4,1875.0,2,1876.0,1,1878.0,2,1881.0,3,1883.0,1,1885.0,16,1890.0,1,1895.0,1,1878.0
SA503,,13:48:05.750#,1894.0,1908.0,1869.0,2095.0,1713.0,2070,8109,1873.0,1,1874.0,4,1875.0,2,1876.0,1,1879.0,1,1882.0,4,1883.0,1,1885.0,16,1890.0,1,1895.0,1,1878.0
SA503,,13:48:06.250#,1894.0,1908.0,1869.0,2095.0,1713.0,2070,8109,1873.0,1,1874.0,4,1875.0,2,1876.0,1,1879.0,1,1882.0,4,1883.0,1,1885.0,4,1887.0,12,1890.0,1,1878.0
SA503,,13:48:08.500#,1894.0,1908.0,1869.0,2095.0,1713.0,2070,8109,1873.0,1,1874.0,4,1875.0,2,1876.0,1,1878.0,2,1881.0,2,1883.0,1,1885.0,4,1887.0,12,1890.0,1,1878.0
SA503,,13:48:08.750#,1894.0,1908.0,1869.0,2095.0,1713.0,2070,8109,1873.0,1,1874.0,4,1875.0,2,1876.0,1,1878.0,2,1881.0,3,1883.0,1,1885.0,4,1887.0,12,1890.0,1,1878.0
SA503,,13:48:11.500#,1894.0,1908.0,1869.0,2095.0,1713.0,2070,8109,1873.0,1,1874.0,4,1875.0,2,1876.0,1,1879.0,1,1881.0,3,1883.0,1,1885.0,4,1887.0,12,1890.0,1,1878.0
SA503,,13:48:14.500#,1894.0,1908.0,1869.0,2095.0,1713.0,2070,8109,1873.0,1,1874.0,4,1875.0,2,1876.0,1,1878.0,2,1881.0,3,1883.0,1,1885.0,4,1887.0,12,1890.0,1,1878.0
SA503,,13:48:25.500#,1894.0,1908.0,1869.0,2095.0,1713.0,2070,8109,1873.0,1,1874.0,4,1875.0,2,1876.0,1,1879.0,1,1881.0,3,1883.0,1,1885.0,4,1887.0,12,1890.0,1,1878.0
SA503,,13:48:29.500#,1894.0,1908.0,1869.0,2095.0,1713.0,2070,8109,1873.0,1,1874.0,4,1875.0,2,1876.0,1,1879.0,2,1882.0,4,1883.0,1,1885.0,4,1887.0,12,1890.0,1,1878.0
SA503,,13:49:03.750#,1894.0,1908.0,1869.0,2095.0,1713.0,2070,8109,1873.0,1,1874.0,4,1875.0,2,1876.0,1,1878.0,2,1881.0,3,1883.0,1,1885.0,4,1887.0,12,1890.0,1,1878.0
SA503,,13:49:17.0#,1894.0,1908.0,1869.0,2095.0,1713.0,2070,8109,1873.0,1,1874.0,4,1875.0,2,1876.0,1,1878.0,2,1882.0,4,1883.0,1,1885.0,4,1887.0,12,1890.0,1,1878.0
SA503,,13:49:17.250#,1894.0,1908.0,1869.0,2095.0,1713.0,2070,8109,1873.0,1,1874.0,4,1875.0,2,1876.0,1,1879.0,1,1882.0,4,1883.0,1,1885.0,4,1887.0,12,1890.0,1,1878.0
