InstrumentId,ExchangeId,Datetime,OpenPrice,HighestPrice,LowestPrice,UpperLimitPrice,LowerLimitPrice,Volume,OpenInterest,BidPrice5,BidVolume5,BidPrice4,BidVolume4,BidPrice3,BidVolume3,BidPrice2,BidVolume2,BidPrice1,BidVolume1,AskPrice1,AskVolume1,AskPrice2,AskVolume2,AskPrice3,AskVolume3,AskPrice4,AskVolume4,AskPrice5,AskVolume5,LastPrice
SA501,,13:38:35.250#,1885.0,1902.0,1855.0,2083.0,1703.0,158157,370573,1866.0,166,1867.0,107,1868.0,84,1869.0,146,1870.0,8,1871.0,38,1872.0,185,1873.0,27,1874.0,129,1875.0,75,1870.0
SA501,,13:38:36.0#,1885.0,1902.0,1855.0,2083.0,1703.0,158159,370574,1866.0,166,1867.0,107,1868.0,84,1869.0,146,1870.0,6,1871.0,37,1872.0,185,1873.0,27,1874.0,129,1875.0,75,1870.0
SA501,,13:38:36.750#,1885.0,1902.0,1855.0,2083.0,1703.0,158164,370574,1866.0,166,1867.0,107,1868.0,84,1869.0,146,1870.0,6,1871.0,32,1872.0,185,1873.0,27,1874.0,129,1875.0,75,1871.0
SA501,,13:38:37.0#,1885.0,1902.0,1855.0,2083.0,1703.0,158165,370573,1866.0,166,1867.0,107,1868.0,84,1869.0,146,1870.0,5,1871.0,32,1872.0,185,1873.0,27,1874.0,129,1875.0,75,1870.0
SA501,,13:38:37.250#,1885.0,1902.0,1855.0,2083.0,1703.0,158166,370573,1866.0,166,1867.0,107,1868.0,84,1869.0,146,1870.0,5,1871.0,32,1872.0,185,1873.0,27,1874.0,129,1875.0,75,1871.0
SA501,,13:38:38.0#,1885.0,1902.0,1855.0,2083.0,1703.0,158166,370573,1866.0,166,1867.0,107,1868.0,84,1869.0,146,1870.0,5,1871.0,31,1872.0,185,1873.0,27,1874.0,129,1875.0,75,1871.0
SA501,,13:38:38.250#,1885.0,1902.0,1855.0,2083.0,1703.0,158168,370573,1866.0,166,1867.0,107,1868.0,84,1869.0,146,1870.0,5,1871.0,29,1872.0,185,1873.0,27,1874.0,129,1875.0,75,1871.0
SA501,,13:38:39.0#,1885.0,1902.0,1855.0,2083.0,1703.0,158174,370574,1866.0,166,1867.0,107,1868.0,84,1869.0,146,1870.0,5,1871.0,23,1872.0,185,1873.0,27,1874.0,129,1875.0,75,1871.0
SA501,,13:38:39.250#,1885.0,1902.0,1855.0,2083.0,1703.0,158174,370574,1866.0,166,1867.0,107,1868.0,84,1869.0,146,1870.0,5,1871.0,24,1872.0,185,1873.0,27,1874.0,129,1875.0,75,1871.0
SA501,,13:38:39.750#,1885.0,1902.0,1855.0,2083.0,1703.0,158174,370574,1866.0,166,1867.0,107,1868.0,84,1869.0,146,1870.0,5,1871.0,24,1872.0,185,1873.0,27,1874.0,129,1875.0,75,1871.0
SA501,,13:38:40.0#,1885.0,1902.0,1855.0,2083.0,1703.0,158175,370573,1866.0,166,1867.0,107,1868.0,84,1869.0,146,1870.0,5,1871.0,23,1872.0,185,1873.0,27,1874.0,129,1875.0,75,1871.0
SA501,,13:38:40.500#,1885.0,1902.0,1855.0,2083.0,1703.0,158176,370574,1866.0,166,1867.0,107,1868.0,84,1869.0,146,1870.0,5,1871.0,23,1872.0,185,1873.0,27,1874.0,129,1875.0,75,1871.0
SA501,,13:38:41.250#,1885.0,1902.0,1855.0,2083.0,1703.0,158176,370574,1866.0,166,1867.0,107,1868.0,84,1869.0,146,1870.0,5,1871.0,23,1872.0,185,1873.0,27,1874.0,129,1875.0,75,1871.0
SA501,,13:38:41.500#,1885.0,1902.0,1855.0,2083.0,1703.0,158177,370575,1866.0,166,1867.0,107,1868.0,84,1869.0,146,1870.0,5,1871.0,22,1872.0,185,1873.0,27,1874.0,129,1875.0,75,1871.0
SA501,,13:38:41.750#,1885.0,1902.0,1855.0,2083.0,1703.0,158177,370575,1866.0,166,1867.0,107,1868.0,84,1869.0,146,1870.0,5,1871.0,21,1872.0,185,1873.0,27,1874.0,129,1875.0,75,1871.0
SA501,,13:38:42.500#,1885.0,1902.0,1855.0,2083.0,1703.0,158177,370575,1866.0,166,1867.0,107,1868.0,84,1869.0,146,1870.0,5,1871.0,21,1872.0,185,1873.0,27,1874.0,129,1875.0,75,1871.0
SA501,,13:38:42.750#,1885.0,1902.0,1855.0,2083.0,1703.0,158182,370574,1866.0,166,1867.0,107,1868.0,84,1869.0,146,1870.0,6,1871.0,17,1872.0,185,1873.0,27,1874.0,129,1875.0,75,1871.0
SA501,,13:38:43.0#,1885.0,1902.0,1855.0,2083.0,1703.0,158184,370575,1866.0,166,1867.0,107,1868.0,84,1869.0,146,1870.0,6,1871.0,15,1872.0,185,1873.0,27,1874.0,129,1875.0,75,1871.0
SA501,,13:38:43.250#,1885.0,1902.0,1855.0,2083.0,1703.0,158184,370575,1866.0,166,1867.0,107,1868.0,84,1869.0,146,1870.0,6,1871.0,22,1872.0,185,1873.0,27,1874.0,129,1875.0,75,1871.0
SA501,,13:38:43.500#,1885.0,1902.0,1855.0,2083.0,1703.0,158184,370575,1866.0,166,1867.0,107,1868.0,84,1869.0,146,1870.0,6,1871.0,23,1872.0,185,1873.0,27,1874.0,129,1875.0,75,1871.0
SA501,,13:38:43.750#,1885.0,1902.0,1855.0,2083.0,1703.0,158184,370575,1866.0,166,1867.0,107,1868.0,84,1869.0,146,1870.0,8,1871.0,29,1872.0,184,1873.0,27,1874.0,129,1875.0,75,1871.0
SA501,,13:38:44.0#,1885.0,1902.0,1855.0,2083.0,1703.0,158204,370595,1866.0,166,1867.0,107,1868.0,84,1869.0,146,1870.0,7,1871.0,29,1872.0,184,1873.0,27,1874.0,129,1875.0,85,1870.0
SA501,,13:38:44.250#,1885.0,1902.0,1855.0,2083.0,1703.0,158204,370595,1866.0,166,1867.0,107,1868.0,84,1869.0,146,1870.0,7,1871.0,29,1872.0,184,1873.0,27,1874.0,129,1875.0,85,1870.0
SA501,,13:38:44.500#,1885.0,1902.0,1855.0,2083.0,1703.0,158233,370580,1867.0,107,1868.0,84,1869.0,146,1870.0,7,1871.0,11,1872.0,198,1873.0,27,1874.0,129,1875.0,85,1876.0,264,1871.0
SA501,,13:38:44.750#,1885.0,1902.0,1855.0,2083.0,1703.0,158243,370579,1867.0,105,1868.0,84,1869.0,146,1870.0,8,1871.0,1,1872.0,199,1873.0,27,1874.0,129,1875.0,85,1876.0,264,1871.0
SA501,,13:38:45.0#,1885.0,1902.0,1855.0,2083.0,1703.0,158244,370578,1866.0,164,1867.0,105,1868.0,84,1869.0,146,1870.0,8,1872.0,200,1873.0,27,1874.0,129,1875.0,85,1876.0,264,1871.0
SA501,,13:38:45.250#,1885.0,1902.0,1855.0,2083.0,1703.0,158244,370578,1866.0,164,1867.0,105,1868.0,84,1869.0,146,1870.0,24,1872.0,199,1873.0,27,1874.0,129,1875.0,85,1876.0,264,1871.0
SA501,,13:38:45.500#,1885.0,1902.0,1855.0,2083.0,1703.0,158244,370578,1866.0,164,1867.0,105,1868.0,84,1869.0,146,1870.0,27,1872.0,199,1873.0,27,1874.0,129,1875.0,85,1876.0,264,1871.0
SA501,,13:38:45.750#,1885.0,1902.0,1855.0,2083.0,1703.0,158254,370588,1866.0,164,1867.0,105,1868.0,84,1869.0,146,1870.0,27,1872.0,189,1873.0,27,1874.0,129,1875.0,86,1876.0,264,1872.0
SA501,,13:38:46.0#,1885.0,1902.0,1855.0,2083.0,1703.0,158275,370578,1866.0,164,1867.0,105,1868.0,84,1869.0,146,1870.0,9,1871.0,14,1872.0,176,1873.0,27,1874.0,129,1875.0,86,1871.0
SA501,,13:38:46.250#,1885.0,1902.0,1855.0,2083.0,1703.0,158275,370578,1866.0,164,1867.0,105,1868.0,84,1869.0,146,1870.0,10,1871.0,16,1872.0,175,1873.0,27,1874.0,129,1875.0,86,1871.0
SA501,,13:38:46.500#,1885.0,1902.0,1855.0,2083.0,1703.0,158275,370578,1866.0,164,1867.0,105,1868.0,84,1869.0,146,1870.0,24,1871.0,13,1872.0,175,1873.0,27,1874.0,129,1875.0,86,1871.0
SA501,,13:38:46.750#,1885.0,1902.0,1855.0,2083.0,1703.0,158275,370578,1866.0,164,1867.0,105,1868.0,84,1869.0,146,1870.0,25,1871.0,12,1872.0,175,1873.0,27,1874.0,129,1875.0,86,1871.0
SA501,,13:38:47.0#,1885.0,1902.0,1855.0,2083.0,1703.0,158295,370587,1866.0,164,1867.0,105,1868.0,84,1869.0,146,1870.0,25,1871.0,8,1872.0,175,1873.0,27,1874.0,129,1875.0,86,1870.0
SA501,,13:38:47.250#,1885.0,1902.0,1855.0,2083.0,1703.0,158295,370587,1866.0,164,1867.0,105,1868.0,84,1869.0,146,1870.0,25,1871.0,11,1872.0,177,1873.0,27,1874.0,129,1875.0,86,1870.0
SA501,,13:38:47.500#,1885.0,1902.0,1855.0,2083.0,1703.0,158295,370587,1866.0,164,1867.0,105,1868.0,84,1869.0,147,1870.0,25,1871.0,11,1872.0,177,1873.0,27,1874.0,129,1875.0,86,1870.0
SA501,,13:38:47.750#,1885.0,1902.0,1855.0,2083.0,1703.0,158295,370587,1866.0,164,1867.0,105,1868.0,84,1869.0,147,1870.0,25,1871.0,23,1872.0,177,1873.0,27,1874.0,129,1875.0,86,1870.0
SA501,,13:38:48.0#,1885.0,1902.0,1855.0,2083.0,1703.0,158295,370587,1866.0,164,1867.0,105,1868.0,84,1869.0,147,1870.0,23,1871.0,25,1872.0,177,1873.0,27,1874.0,129,1875.0,86,1870.0
SA501,,13:38:48.250#,1885.0,1902.0,1855.0,2083.0,1703.0,158295,370587,1866.0,164,1867.0,105,1868.0,84,1869.0,147,1870.0,16,1871.0,25,1872.0,177,1873.0,27,1874.0,129,1875.0,86,1870.0
SA501,,13:38:48.500#,1885.0,1902.0,1855.0,2083.0,1703.0,158295,370587,1866.0,164,1867.0,105,1868.0,86,1869.0,147,1870.0,19,1871.0,25,1872.0,177,1873.0,27,1874.0,129,1875.0,86,1870.0
SA501,,13:38:48.750#,1885.0,1902.0,1855.0,2083.0,1703.0,158295,370587,1866.0,164,1867.0,105,1868.0,86,1869.0,147,1870.0,19,1871.0,25,1872.0,177,1873.0,27,1874.0,130,1875.0,86,1870.0
SA501,,13:38:49.250#,1885.0,1902.0,1855.0,2083.0,1703.0,158295,370587,1866.0,164,1867.0,105,1868.0,86,1869.0,147,1870.0,19,1871.0,31,1872.0,177,1873.0,27,1874.0,130,1875.0,86,1870.0
SA501,,13:38:49.500#,1885.0,1902.0,1855.0,2083.0,1703.0,158295,370587,1866.0,164,1867.0,105,1868.0,86,1869.0,147,1870.0,15,1871.0,31,1872.0,177,1873.0,27,1874.0,131,1875.0,86,1870.0
SA501,,13:38:49.750#,1885.0,1902.0,1855.0,2083.0,1703.0,158295,370587,1866.0,164,1867.0,105,1868.0,91,1869.0,147,1870.0,15,1871.0,31,1872.0,177,1873.0,27,1874.0,131,1875.0,86,1870.0
SA501,,13:38:50.0#,1885.0,1902.0,1855.0,2083.0,1703.0,158305,370593,1866.0,164,1867.0,105,1868.0,91,1869.0,147,1870.0,9,1871.0,28,1872.0,180,1873.0,27,1874.0,128,1875.0,86,1871.0
SA501,,13:38:50.250#,1885.0,1902.0,1855.0,2083.0,1703.0,158306,370594,1866.0,164,1867.0,105,1868.0,91,1869.0,147,1870.0,9,1871.0,29,1872.0,180,1873.0,27,1874.0,128,1875.0,86,1871.0
SA501,,13:38:50.500#,1885.0,1902.0,1855.0,2083.0,1703.0,158306,370594,1866.0,164,1867.0,105,1868.0,91,1869.0,147,1870.0,9,1871.0,28,1872.0,180,1873.0,27,1874.0,128,1875.0,86,1871.0
SA501,,13:38:51.250#,1885.0,1902.0,1855.0,2083.0,1703.0,158306,370594,1866.0,164,1867.0,105,1868.0,91,1869.0,147,1870.0,10,1871.0,28,1872.0,180,1873.0,27,1874.0,128,1875.0,86,1871.0
SA501,,13:38:51.750#,1885.0,1902.0,1855.0,2083.0,1703.0,158306,370594,1866.0,164,1867.0,105,1868.0,91,1869.0,148,1870.0,13,1871.0,28,1872.0,180,1873.0,27,1874.0,128,1875.0,86,1871.0
SA501,,13:38:52.250#,1885.0,1902.0,1855.0,2083.0,1703.0,158306,370594,1866.0,164,1867.0,105,1868.0,91,1869.0,148,1870.0,14,1871.0,28,1872.0,180,1873.0,27,1874.0,128,1875.0,86,1871.0
SA501,,13:38:53.0#,1885.0,1902.0,1855.0,2083.0,1703.0,158306,370594,1866.0,164,1867.0,105,1868.0,91,1869.0,148,1870.0,14,1871.0,28,1872.0,180,1873.0,27,1874.0,128,1875.0,86,1871.0
SA501,,13:38:53.500#,1885.0,1902.0,1855.0,2083.0,1703.0,158326,370591,1866.0,164,1867.0,105,1868.0,91,1869.0,148,1870.0,21,1871.0,8,1872.0,180,1873.0,27,1874.0,128,1875.0,86,1871.0
SA501,,13:38:53.750#,1885.0,1902.0,1855.0,2083.0,1703.0,158333,370591,1866.0,164,1867.0,105,1868.0,91,1869.0,147,1870.0,22,1871.0,7,1872.0,180,1873.0,27,1874.0,128,1875.0,86,1870.0
SA501,,13:38:54.0#,1885.0,1902.0,1855.0,2083.0,1703.0,158333,370591,1866.0,165,1867.0,104,1868.0,91,1869.0,147,1870.0,22,1871.0,13,1872.0,180,1873.0,27,1874.0,128,1875.0,86,1870.0
SA501,,13:38:54.250#,1885.0,1902.0,1855.0,2083.0,1703.0,158333,370591,1866.0,165,1867.0,104,1868.0,92,1869.0,147,1870.0,22,1871.0,13,1872.0,180,1873.0,27,1874.0,128,1875.0,86,1870.0
SA501,,13:38:55.0#,1885.0,1902.0,1855.0,2083.0,1703.0,158333,370591,1866.0,165,1867.0,104,1868.0,92,1869.0,147,1870.0,22,1871.0,13,1872.0,180,1873.0,27,1874.0,128,1875.0,86,1870.0
SA501,,13:38:55.250#,1885.0,1902.0,1855.0,2083.0,1703.0,158333,370591,1866.0,165,1867.0,99,1868.0,92,1869.0,147,1870.0,22,1871.0,13,1872.0,180,1873.0,27,1874.0,128,1875.0,86,1870.0
SA501,,13:38:55.500#,1885.0,1902.0,1855.0,2083.0,1703.0,158333,370591,1866.0,165,1867.0,99,1868.0,92,1869.0,152,1870.0,22,1871.0,13,1872.0,180,1873.0,27,1874.0,128,1875.0,86,1870.0
SA501,,13:38:55.750#,1885.0,1902.0,1855.0,2083.0,1703.0,158393,370630,1866.0,165,1867.0,99,1868.0,92,1869.0,152,1870.0,16,1871.0,10,1872.0,180,1873.0,27,1874.0,128,1875.0,86,1870.0
SA501,,13:38:56.0#,1885.0,1902.0,1855.0,2083.0,1703.0,158394,370630,1866.0,165,1867.0,99,1868.0,92,1869.0,152,1870.0,18,1871.0,15,1872.0,180,1873.0,27,1874.0,128,1875.0,86,1870.0
SA501,,13:38:56.250#,1885.0,1902.0,1855.0,2083.0,1703.0,158394,370630,1866.0,165,1867.0,99,1868.0,92,1869.0,152,1870.0,18,1871.0,16,1872.0,180,1873.0,27,1874.0,128,1875.0,86,1870.0
SA501,,13:38:56.500#,1885.0,1902.0,1855.0,2083.0,1703.0,158394,370630,1866.0,165,1867.0,99,1868.0,92,1869.0,152,1870.0,19,1871.0,16,1872.0,180,1873.0,27,1874.0,128,1875.0,86,1870.0
SA501,,13:38:56.750#,1885.0,1902.0,1855.0,2083.0,1703.0,158394,370630,1866.0,165,1867.0,99,1868.0,92,1869.0,152,1870.0,15,1871.0,16,1872.0,180,1873.0,27,1874.0,128,1875.0,86,1870.0
SA501,,13:38:57.250#,1885.0,1902.0,1855.0,2083.0,1703.0,158394,370630,1866.0,165,1867.0,99,1868.0,92,1869.0,152,1870.0,9,1871.0,16,1872.0,180,1873.0,27,1874.0,128,1875.0,86,1870.0
SA501,,13:38:57.500#,1885.0,1902.0,1855.0,2083.0,1703.0,158394,370630,1866.0,165,1867.0,99,1868.0,92,1869.0,152,1870.0,9,1871.0,17,1872.0,180,1873.0,27,1874.0,128,1875.0,86,1870.0
SA501,,13:38:58.0#,1885.0,1902.0,1855.0,2083.0,1703.0,158394,370630,1866.0,165,1867.0,99,1868.0,92,1869.0,152,1870.0,9,1871.0,17,1872.0,180,1873.0,27,1874.0,128,1875.0,86,1870.0
SA501,,13:38:59.0#,1885.0,1902.0,1855.0,2083.0,1703.0,158394,370630,1866.0,165,1867.0,99,1868.0,90,1869.0,152,1870.0,9,1871.0,17,1872.0,180,1873.0,27,1874.0,128,1875.0,86,1870.0
SA501,,13:38:59.500#,1885.0,1902.0,1855.0,2083.0,1703.0,158395,370631,1866.0,165,1867.0,99,1868.0,90,1869.0,152,1870.0,8,1871.0,17,1872.0,180,1873.0,27,1874.0,128,1875.0,86,1870.0
SA501,,13:38:59.750#,1885.0,1902.0,1855.0,2083.0,1703.0,158395,370631,1866.0,165,1867.0,99,1868.0,90,1869.0,152,1870.0,8,1871.0,17,1872.0,180,1873.0,27,1874.0,128,1875.0,86,1870.0
SA501,,13:39:00.500#,1885.0,1902.0,1855.0,2083.0,1703.0,158395,370631,1866.0,165,1867.0,98,1868.0,90,1869.0,152,1870.0,8,1871.0,17,1872.0,180,1873.0,27,1874.0,128,1875.0,86,1870.0
SA501,,13:39:00.750#,1885.0,1902.0,1855.0,2083.0,1703.0,158395,370631,1866.0,165,1867.0,98,1868.0,90,1869.0,152,1870.0,8,1871.0,18,1872.0,180,1873.0,27,1874.0,128,1875.0,86,1870.0
SA501,,13:39:01.0#,1885.0,1902.0,1855.0,2083.0,1703.0,158395,370631,1866.0,165,1867.0,98,1868.0,90,1869.0,152,1870.0,9,1871.0,18,1872.0,180,1873.0,27,1874.0,128,1875.0,86,1870.0
SA501,,13:39:01.250#,1885.0,1902.0,1855.0,2083.0,1703.0,158395,370631,1866.0,165,1867.0,98,1868.0,90,1869.0,153,1870.0,9,1871.0,18,1872.0,180,1873.0,27,1874.0,128,1875.0,86,1870.0
SA501,,13:39:01.500#,1885.0,1902.0,1855.0,2083.0,1703.0,158395,370631,1866.0,165,1867.0,99,1868.0,90,1869.0,153,1870.0,11,1871.0,20,1872.0,180,1873.0,27,1874.0,128,1875.0,86,1870.0
SA501,,13:39:01.750#,1885.0,1902.0,1855.0,2083.0,1703.0,158395,370631,1866.0,165,1867.0,99,1868.0,90,1869.0,153,1870.0,11,1871.0,20,1872.0,180,1873.0,27,1874.0,128,1875.0,86,1870.0
SA501,,13:39:02.0#,1885.0,1902.0,1855.0,2083.0,1703.0,158396,370632,1866.0,165,1867.0,99,1868.0,90,1869.0,153,1870.0,11,1871.0,20,1872.0,180,1873.0,27,1874.0,128,1875.0,86,1870.0
SA501,,13:39:02.250#,1885.0,1902.0,1855.0,2083.0,1703.0,158397,370633,1866.0,165,1867.0,99,1868.0,90,1869.0,153,1870.0,12,1871.0,21,1872.0,180,1873.0,27,1874.0,128,1875.0,86,1871.0
SA501,,13:39:02.500#,1885.0,1902.0,1855.0,2083.0,1703.0,158397,370633,1866.0,165,1867.0,99,1868.0,90,1869.0,153,1870.0,12,1871.0,24,1872.0,180,1873.0,27,1874.0,128,1875.0,86,1871.0
SA501,,13:39:02.750#,1885.0,1902.0,1855.0,2083.0,1703.0,158397,370633,1866.0,165,1867.0,99,1868.0,92,1869.0,153,1870.0,7,1871.0,24,1872.0,180,1873.0,27,1874.0,128,1875.0,86,1871.0
SA501,,13:39:03.0#,1885.0,1902.0,1855.0,2083.0,1703.0,158397,370633,1866.0,165,1867.0,99,1868.0,92,1869.0,153,1870.0,7,1871.0,28,1872.0,180,1873.0,27,1874.0,128,1875.0,86,1871.0
SA501,,13:39:03.250#,1885.0,1902.0,1855.0,2083.0,1703.0,158404,370638,1866.0,165,1867.0,99,1868.0,92,1869.0,153,1870.0,2,1871.0,28,1872.0,180,1873.0,27,1874.0,128,1875.0,86,1870.0
SA501,,13:39:03.500#,1885.0,1902.0,1855.0,2083.0,1703.0,158407,370640,1865.0,260,1866.0,165,1867.0,99,1868.0,92,1869.0,172,1870.0,1,1871.0,31,1872.0,180,1873.0,27,1874.0,128,1870.0
SA501,,13:39:03.750#,1885.0,1902.0,1855.0,2083.0,1703.0,158409,370639,1865.0,260,1866.0,165,1867.0,99,1868.0,92,1869.0,185,1870.0,1,1871.0,31,1872.0,180,1873.0,27,1874.0,128,1870.0
SA501,,13:39:04.0#,1885.0,1902.0,1855.0,2083.0,1703.0,158411,370637,1865.0,260,1866.0,165,1867.0,99,1868.0,92,1869.0,183,1870.0,5,1871.0,28,1872.0,180,1873.0,27,1874.0,128,1870.0
SA501,,13:39:04.250#,1885.0,1902.0,1855.0,2083.0,1703.0,158411,370637,1865.0,260,1866.0,165,1867.0,99,1868.0,92,1869.0,181,1870.0,12,1871.0,30,1872.0,180,1873.0,27,1874.0,128,1870.0
SA501,,13:39:04.500#,1885.0,1902.0,1855.0,2083.0,1703.0,158414,370637,1865.0,260,1866.0,165,1867.0,99,1868.0,92,1869.0,178,1870.0,9,1871.0,31,1872.0,180,1873.0,27,1874.0,128,1870.0
SA501,,13:39:04.750#,1885.0,1902.0,1855.0,2083.0,1703.0,158417,370636,1865.0,260,1866.0,165,1867.0,99,1868.0,92,1869.0,175,1871.0,43,1872.0,180,1873.0,27,1874.0,128,1875.0,86,1870.0
SA501,,13:39:05.0#,1885.0,1902.0,1855.0,2083.0,1703.0,158417,370636,1865.0,260,1866.0,165,1867.0,99,1868.0,92,1869.0,175,1870.0,4,1871.0,35,1872.0,180,1873.0,27,1874.0,128,1870.0
SA501,,13:39:05.250#,1885.0,1902.0,1855.0,2083.0,1703.0,158417,370636,1865.0,260,1866.0,165,1867.0,99,1868.0,92,1869.0,175,1870.0,10,1871.0,35,1872.0,180,1873.0,27,1874.0,128,1870.0
SA501,,13:39:05.500#,1885.0,1902.0,1855.0,2083.0,1703.0,158419,370634,1865.0,260,1866.0,165,1867.0,99,1868.0,92,1869.0,173,1870.0,12,1871.0,35,1872.0,180,1873.0,27,1874.0,128,1870.0
SA501,,13:39:05.750#,1885.0,1902.0,1855.0,2083.0,1703.0,158419,370634,1865.0,260,1866.0,165,1867.0,91,1868.0,92,1869.0,173,1870.0,12,1871.0,33,1872.0,180,1873.0,27,1874.0,128,1870.0
SA501,,13:39:06.0#,1885.0,1902.0,1855.0,2083.0,1703.0,158420,370633,1865.0,260,1866.0,165,1867.0,91,1868.0,92,1869.0,172,1870.0,11,1871.0,33,1872.0,180,1873.0,27,1874.0,128,1870.0
SA501,,13:39:06.250#,1885.0,1902.0,1855.0,2083.0,1703.0,158421,370632,1865.0,260,1866.0,165,1867.0,91,1868.0,92,1869.0,171,1870.0,12,1871.0,33,1872.0,180,1873.0,27,1874.0,128,1870.0
SA501,,13:39:06.500#,1885.0,1902.0,1855.0,2083.0,1703.0,158421,370632,1865.0,260,1866.0,165,1867.0,91,1868.0,93,1869.0,171,1870.0,14,1871.0,31,1872.0,180,1873.0,27,1874.0,128,1870.0
SA501,,13:39:07.0#,1885.0,1902.0,1855.0,2083.0,1703.0,158424,370630,1865.0,260,1866.0,165,1867.0,91,1868.0,93,1869.0,169,1870.0,11,1871.0,31,1872.0,180,1873.0,27,1874.0,128,1870.0
SA501,,13:39:07.250#,1885.0,1902.0,1855.0,2083.0,1703.0,158429,370625,1865.0,260,1866.0,165,1867.0,91,1868.0,93,1869.0,164,1870.0,4,1871.0,31,1872.0,180,1873.0,27,1874.0,128,1870.0
SA501,,13:39:07.500#,1885.0,1902.0,1855.0,2083.0,1703.0,158435,370626,1865.0,260,1866.0,165,1867.0,91,1868.0,93,1869.0,167,1871.0,43,1872.0,180,1873.0,27,1874.0,128,1875.0,86,1870.0
SA501,,13:39:07.750#,1885.0,1902.0,1855.0,2083.0,1703.0,158436,370627,1865.0,260,1866.0,165,1867.0,91,1868.0,93,1869.0,155,1870.0,33,1871.0,31,1872.0,180,1873.0,27,1874.0,128,1870.0
SA501,,13:39:08.0#,1885.0,1902.0,1855.0,2083.0,1703.0,158436,370627,1865.0,260,1866.0,165,1867.0,91,1868.0,93,1869.0,155,1870.0,33,1871.0,31,1872.0,180,1873.0,27,1874.0,128,1870.0
SA501,,13:39:08.500#,1885.0,1902.0,1855.0,2083.0,1703.0,158437,370627,1865.0,260,1866.0,165,1867.0,91,1868.0,93,1869.0,154,1870.0,32,1871.0,31,1872.0,180,1873.0,27,1874.0,128,1870.0
SA501,,13:39:08.750#,1885.0,1902.0,1855.0,2083.0,1703.0,158438,370628,1865.0,260,1866.0,165,1867.0,91,1868.0,93,1869.0,154,1870.0,31,1871.0,31,1872.0,180,1873.0,27,1874.0,128,1870.0
SA501,,13:39:09.250#,1885.0,1902.0,1855.0,2083.0,1703.0,158449,370629,1865.0,260,1866.0,165,1867.0,91,1868.0,93,1869.0,174,1870.0,20,1871.0,31,1872.0,180,1873.0,27,1874.0,128,1870.0
SA501,,13:39:09.500#,1885.0,1902.0,1855.0,2083.0,1703.0,158449,370629,1865.0,260,1866.0,164,1867.0,91,1868.0,93,1869.0,174,1870.0,20,1871.0,31,1872.0,180,1873.0,27,1874.0,128,1870.0
SA501,,13:39:10.250#,1885.0,1902.0,1855.0,2083.0,1703.0,158450,370629,1865.0,260,1866.0,164,1867.0,91,1868.0,93,1869.0,173,1870.0,19,1871.0,31,1872.0,180,1873.0,27,1874.0,128,1870.0
SA501,,13:39:10.500#,1885.0,1902.0,1855.0,2083.0,1703.0,158455,370629,1865.0,260,1866.0,164,1867.0,91,1868.0,93,1869.0,167,1870.0,14,1871.0,31,1872.0,180,1873.0,27,1874.0,128,1870.0
SA501,,13:39:11.0#,1885.0,1902.0,1855.0,2083.0,1703.0,158458,370629,1865.0,260,1866.0,164,1867.0,91,1868.0,93,1869.0,164,1870.0,11,1871.0,31,1872.0,180,1873.0,27,1874.0,128,1870.0
SA501,,13:39:11.250#,1885.0,1902.0,1855.0,2083.0,1703.0,158463,370632,1865.0,260,1866.0,164,1867.0,91,1868.0,93,1869.0,162,1870.0,6,1871.0,31,1872.0,180,1873.0,27,1874.0,128,1870.0
SA501,,13:39:11.500#,1885.0,1902.0,1855.0,2083.0,1703.0,158466,370633,1865.0,260,1866.0,164,1867.0,91,1868.0,93,1869.0,160,1870.0,20,1871.0,31,1872.0,180,1873.0,27,1874.0,128,1870.0
SA501,,13:39:11.750#,1885.0,1902.0,1855.0,2083.0,1703.0,158467,370634,1865.0,260,1866.0,164,1867.0,89,1868.0,93,1869.0,150,1870.0,22,1871.0,31,1872.0,181,1873.0,27,1874.0,130,1870.0
SA501,,13:39:12.0#,1885.0,1902.0,1855.0,2083.0,1703.0,158467,370634,1865.0,260,1866.0,163,1867.0,89,1868.0,93,1869.0,150,1870.0,26,1871.0,31,1872.0,181,1873.0,27,1874.0,130,1870.0
SA501,,13:39:12.250#,1885.0,1902.0,1855.0,2083.0,1703.0,158468,370635,1865.0,260,1866.0,163,1867.0,89,1868.0,93,1869.0,150,1870.0,25,1871.0,31,1872.0,181,1873.0,27,1874.0,130,1870.0
SA501,,13:39:12.500#,1885.0,1902.0,1855.0,2083.0,1703.0,158468,370635,1865.0,260,1866.0,164,1867.0,89,1868.0,93,1869.0,150,1870.0,25,1871.0,31,1872.0,181,1873.0,27,1874.0,130,1870.0
SA501,,13:39:12.750#,1885.0,1902.0,1855.0,2083.0,1703.0,158468,370635,1865.0,260,1866.0,164,1867.0,89,1868.0,93,1869.0,150,1870.0,25,1871.0,31,1872.0,181,1873.0,27,1874.0,130,1870.0
SA501,,13:39:13.0#,1885.0,1902.0,1855.0,2083.0,1703.0,158468,370635,1865.0,260,1866.0,164,1867.0,89,1868.0,93,1869.0,150,1870.0,25,1871.0,30,1872.0,181,1873.0,27,1874.0,130,1870.0
SA501,,13:39:13.250#,1885.0,1902.0,1855.0,2083.0,1703.0,158468,370635,1865.0,260,1866.0,164,1867.0,89,1868.0,93,1869.0,150,1870.0,26,1871.0,30,1872.0,181,1873.0,27,1874.0,130,1870.0
SA501,,13:39:13.500#,1885.0,1902.0,1855.0,2083.0,1703.0,158470,370637,1865.0,260,1866.0,164,1867.0,89,1868.0,93,1869.0,150,1870.0,31,1871.0,30,1872.0,181,1873.0,27,1874.0,130,1870.0
SA501,,13:39:13.750#,1885.0,1902.0,1855.0,2083.0,1703.0,158471,370638,1865.0,260,1866.0,164,1867.0,89,1868.0,93,1869.0,150,1870.0,30,1871.0,30,1872.0,181,1873.0,27,1874.0,130,1870.0
SA501,,13:39:14.0#,1885.0,1902.0,1855.0,2083.0,1703.0,158471,370638,1865.0,260,1866.0,164,1867.0,89,1868.0,93,1869.0,150,1870.0,30,1871.0,31,1872.0,181,1873.0,27,1874.0,130,1870.0
SA501,,13:39:14.500#,1885.0,1902.0,1855.0,2083.0,1703.0,158471,370638,1865.0,260,1866.0,164,1867.0,89,1868.0,93,1869.0,150,1870.0,28,1871.0,31,1872.0,181,1873.0,27,1874.0,130,1870.0
SA501,,13:39:15.0#,1885.0,1902.0,1855.0,2083.0,1703.0,158471,370638,1865.0,260,1866.0,164,1867.0,89,1868.0,93,1869.0,149,1870.0,18,1871.0,31,1872.0,181,1873.0,27,1874.0,130,1870.0
SA501,,13:39:15.750#,1885.0,1902.0,1855.0,2083.0,1703.0,158472,370639,1865.0,260,1866.0,164,1867.0,89,1868.0,93,1869.0,149,1870.0,18,1871.0,31,1872.0,181,1873.0,27,1874.0,130,1870.0
SA501,,13:39:16.0#,1885.0,1902.0,1855.0,2083.0,1703.0,158472,370639,1865.0,260,1866.0,164,1867.0,89,1868.0,93,1869.0,149,1870.0,18,1871.0,31,1872.0,181,1873.0,27,1874.0,130,1870.0
SA501,,13:39:17.250#,1885.0,1902.0,1855.0,2083.0,1703.0,158472,370639,1865.0,260,1866.0,164,1867.0,89,1868.0,93,1869.0,149,1870.0,23,1871.0,31,1872.0,181,1873.0,27,1874.0,130,1870.0
SA501,,13:39:17.750#,1885.0,1902.0,1855.0,2083.0,1703.0,158472,370639,1865.0,260,1866.0,164,1867.0,89,1868.0,93,1869.0,149,1870.0,23,1871.0,31,1872.0,187,1873.0,27,1874.0,124,1870.0
SA501,,13:39:18.0#,1885.0,1902.0,1855.0,2083.0,1703.0,158472,370639,1865.0,260,1866.0,164,1867.0,89,1868.0,97,1869.0,149,1870.0,23,1871.0,31,1872.0,187,1873.0,27,1874.0,124,1870.0
SA501,,13:39:19.0#,1885.0,1902.0,1855.0,2083.0,1703.0,158472,370639,1865.0,259,1866.0,164,1867.0,89,1868.0,97,1869.0,149,1870.0,23,1871.0,31,1872.0,187,1873.0,27,1874.0,124,1870.0
SA501,,13:39:19.500#,1885.0,1902.0,1855.0,2083.0,1703.0,158472,370639,1865.0,259,1866.0,164,1867.0,89,1868.0,97,1869.0,149,1870.0,23,1871.0,31,1872.0,187,1873.0,27,1874.0,124,1870.0
SA501,,13:39:19.750#,1885.0,1902.0,1855.0,2083.0,1703.0,158472,370639,1865.0,259,1866.0,164,1867.0,89,1868.0,97,1869.0,149,1870.0,24,1871.0,31,1872.0,187,1873.0,27,1874.0,124,1870.0
SA501,,13:39:20.0#,1885.0,1902.0,1855.0,2083.0,1703.0,158472,370639,1865.0,259,1866.0,164,1867.0,90,1868.0,97,1869.0,149,1870.0,24,1871.0,31,1872.0,187,1873.0,27,1874.0,124,1870.0
SA501,,13:39:20.250#,1885.0,1902.0,1855.0,2083.0,1703.0,158472,370639,1865.0,259,1866.0,164,1867.0,90,1868.0,97,1869.0,149,1870.0,24,1871.0,32,1872.0,187,1873.0,26,1874.0,124,1870.0
SA501,,13:39:20.500#,1885.0,1902.0,1855.0,2083.0,1703.0,158472,370639,1865.0,259,1866.0,164,1867.0,90,1868.0,97,1869.0,149,1870.0,24,1871.0,32,1872.0,187,1873.0,26,1874.0,124,1870.0
SA501,,13:39:21.0#,1885.0,1902.0,1855.0,2083.0,1703.0,158472,370639,1865.0,259,1866.0,164,1867.0,90,1868.0,97,1869.0,149,1870.0,25,1871.0,32,1872.0,187,1873.0,26,1874.0,124,1870.0
SA501,,13:39:21.250#,1885.0,1902.0,1855.0,2083.0,1703.0,158472,370639,1865.0,259,1866.0,164,1867.0,91,1868.0,97,1869.0,149,1870.0,25,1871.0,32,1872.0,187,1873.0,26,1874.0,124,1870.0
SA501,,13:39:21.750#,1885.0,1902.0,1855.0,2083.0,1703.0,158472,370639,1865.0,259,1866.0,164,1867.0,91,1868.0,97,1869.0,149,1870.0,25,1871.0,32,1872.0,187,1873.0,26,1874.0,124,1870.0
SA501,,13:39:22.250#,1885.0,1902.0,1855.0,2083.0,1703.0,158472,370639,1865.0,259,1866.0,158,1867.0,91,1868.0,97,1869.0,149,1870.0,25,1871.0,32,1872.0,187,1873.0,26,1874.0,124,1870.0
SA501,,13:39:22.750#,1885.0,1902.0,1855.0,2083.0,1703.0,158472,370639,1865.0,259,1866.0,158,1867.0,91,1868.0,97,1869.0,149,1870.0,25,1871.0,32,1872.0,187,1873.0,26,1874.0,124,1870.0
SA501,,13:39:23.0#,1885.0,1902.0,1855.0,2083.0,1703.0,158472,370639,1865.0,259,1866.0,158,1867.0,91,1868.0,97,1869.0,149,1870.0,25,1871.0,31,1872.0,187,1873.0,26,1874.0,124,1870.0
SA501,,13:39:23.500#,1885.0,1902.0,1855.0,2083.0,1703.0,158472,370639,1865.0,259,1866.0,163,1867.0,91,1868.0,97,1869.0,149,1870.0,25,1871.0,31,1872.0,187,1873.0,26,1874.0,124,1870.0
SA501,,13:39:23.750#,1885.0,1902.0,1855.0,2083.0,1703.0,158472,370639,1865.0,259,1866.0,163,1867.0,91,1868.0,97,1869.0,149,1870.0,26,1871.0,31,1872.0,187,1873.0,26,1874.0,124,1870.0
SA501,,13:39:25.250#,1885.0,1902.0,1855.0,2083.0,1703.0,158472,370639,1865.0,259,1866.0,163,1867.0,91,1868.0,97,1869.0,149,1870.0,27,1871.0,31,1872.0,187,1873.0,26,1874.0,124,1870.0
SA501,,13:39:25.500#,1885.0,1902.0,1855.0,2083.0,1703.0,158472,370639,1865.0,259,1866.0,163,1867.0,91,1868.0,97,1869.0,149,1870.0,27,1871.0,31,1872.0,187,1873.0,26,1874.0,124,1870.0
SA501,,13:39:26.250#,1885.0,1902.0,1855.0,2083.0,1703.0,158472,370639,1865.0,259,1866.0,163,1867.0,91,1868.0,97,1869.0,149,1870.0,27,1871.0,31,1872.0,187,1873.0,26,1874.0,124,1870.0
SA501,,13:39:26.750#,1885.0,1902.0,1855.0,2083.0,1703.0,158473,370640,1865.0,259,1866.0,163,1867.0,91,1868.0,97,1869.0,149,1870.0,26,1871.0,31,1872.0,187,1873.0,26,1874.0,124,1870.0
SA501,,13:39:27.500#,1885.0,1902.0,1855.0,2083.0,1703.0,158473,370640,1865.0,259,1866.0,163,1867.0,91,1868.0,97,1869.0,149,1870.0,15,1871.0,31,1872.0,187,1873.0,26,1874.0,124,1870.0
SA501,,13:39:27.750#,1885.0,1902.0,1855.0,2083.0,1703.0,158474,370641,1865.0,259,1866.0,163,1867.0,91,1868.0,97,1869.0,150,1870.0,14,1871.0,31,1872.0,187,1873.0,26,1874.0,124,1870.0
SA501,,13:39:28.0#,1885.0,1902.0,1855.0,2083.0,1703.0,158487,370647,1866.0,163,1867.0,91,1868.0,97,1869.0,150,1870.0,11,1871.0,49,1872.0,187,1873.0,26,1874.0,124,1875.0,85,1870.0
SA501,,13:39:28.250#,1885.0,1902.0,1855.0,2083.0,1703.0,158487,370647,1866.0,163,1867.0,91,1868.0,97,1869.0,150,1870.0,23,1871.0,44,1872.0,187,1873.0,26,1874.0,124,1875.0,85,1870.0
SA501,,13:39:28.500#,1885.0,1902.0,1855.0,2083.0,1703.0,158487,370647,1866.0,163,1867.0,91,1868.0,97,1869.0,150,1870.0,35,1871.0,22,1872.0,187,1873.0,26,1874.0,124,1875.0,85,1870.0
SA501,,13:39:28.750#,1885.0,1902.0,1855.0,2083.0,1703.0,158505,370648,1866.0,163,1867.0,91,1868.0,97,1869.0,150,1870.0,41,1872.0,209,1873.0,26,1874.0,124,1875.0,85,1876.0,265,1871.0
SA501,,13:39:29.0#,1885.0,1902.0,1855.0,2083.0,1703.0,158506,370648,1867.0,91,1868.0,97,1869.0,150,1870.0,41,1871.0,3,1872.0,199,1873.0,26,1874.0,124,1875.0,85,1876.0,265,1871.0
SA501,,13:39:29.250#,1885.0,1902.0,1855.0,2083.0,1703.0,158506,370648,1867.0,91,1868.0,97,1869.0,152,1870.0,39,1871.0,3,1872.0,197,1873.0,26,1874.0,124,1875.0,85,1876.0,265,1871.0
SA501,,13:39:29.500#,1885.0,1902.0,1855.0,2083.0,1703.0,158507,370647,1867.0,91,1868.0,97,1869.0,152,1870.0,41,1871.0,2,1872.0,196,1873.0,26,1874.0,124,1875.0,85,1876.0,265,1871.0
SA501,,13:39:29.750#,1885.0,1902.0,1855.0,2083.0,1703.0,158512,370646,1866.0,163,1867.0,91,1868.0,97,1869.0,152,1870.0,41,1871.0,1,1872.0,183,1873.0,26,1874.0,124,1875.0,85,1871.0
SA501,,13:39:30.0#,1885.0,1902.0,1855.0,2083.0,1703.0,158512,370646,1866.0,163,1867.0,91,1868.0,97,1869.0,135,1870.0,55,1871.0,1,1872.0,185,1873.0,26,1874.0,124,1875.0,85,1871.0
SA501,,13:39:30.250#,1885.0,1902.0,1855.0,2083.0,1703.0,158512,370646,1866.0,163,1867.0,91,1868.0,97,1869.0,135,1870.0,58,1871.0,1,1872.0,185,1873.0,26,1874.0,124,1875.0,85,1871.0
SA501,,13:39:30.500#,1885.0,1902.0,1855.0,2083.0,1703.0,158513,370646,1866.0,163,1867.0,91,1868.0,97,1869.0,135,1870.0,55,1871.0,1,1872.0,185,1873.0,26,1874.0,124,1875.0,85,1870.0
SA501,,13:39:30.750#,1885.0,1902.0,1855.0,2083.0,1703.0,158513,370646,1866.0,163,1867.0,91,1868.0,97,1869.0,135,1870.0,55,1871.0,1,1872.0,189,1873.0,26,1874.0,124,1875.0,85,1870.0
SA501,,13:39:31.0#,1885.0,1902.0,1855.0,2083.0,1703.0,158513,370646,1866.0,163,1867.0,91,1868.0,97,1869.0,135,1870.0,57,1871.0,1,1872.0,189,1873.0,26,1874.0,124,1875.0,85,1870.0
SA501,,13:39:31.500#,1885.0,1902.0,1855.0,2083.0,1703.0,158513,370646,1866.0,163,1867.0,91,1868.0,97,1869.0,135,1870.0,57,1871.0,1,1872.0,189,1873.0,26,1874.0,124,1875.0,85,1870.0
SA501,,13:39:32.250#,1885.0,1902.0,1855.0,2083.0,1703.0,158513,370646,1866.0,163,1867.0,91,1868.0,97,1869.0,135,1870.0,58,1871.0,1,1872.0,189,1873.0,26,1874.0,124,1875.0,85,1870.0
SA501,,13:39:32.500#,1885.0,1902.0,1855.0,2083.0,1703.0,158513,370646,1866.0,163,1867.0,91,1868.0,97,1869.0,135,1870.0,58,1871.0,1,1872.0,189,1873.0,26,1874.0,124,1875.0,85,1870.0
SA501,,13:39:32.750#,1885.0,1902.0,1855.0,2083.0,1703.0,158513,370646,1866.0,163,1867.0,91,1868.0,97,1869.0,135,1870.0,58,1871.0,1,1872.0,189,1873.0,26,1874.0,124,1875.0,85,1870.0
SA501,,13:39:33.0#,1885.0,1902.0,1855.0,2083.0,1703.0,158513,370646,1866.0,163,1867.0,91,1868.0,97,1869.0,133,1870.0,58,1871.0,1,1872.0,189,1873.0,26,1874.0,124,1875.0,85,1870.0
SA501,,13:39:33.250#,1885.0,1902.0,1855.0,2083.0,1703.0,158513,370646,1866.0,163,1867.0,91,1868.0,97,1869.0,133,1870.0,62,1871.0,1,1872.0,189,1873.0,26,1874.0,124,1875.0,85,1870.0
SA501,,13:39:34.0#,1885.0,1902.0,1855.0,2083.0,1703.0,158513,370646,1866.0,163,1867.0,91,1868.0,97,1869.0,133,1870.0,61,1871.0,1,1872.0,189,1873.0,26,1874.0,124,1875.0,85,1870.0
SA501,,13:39:34.750#,1885.0,1902.0,1855.0,2083.0,1703.0,158514,370646,1866.0,163,1867.0,91,1868.0,97,1869.0,133,1870.0,61,1872.0,211,1873.0,26,1874.0,124,1875.0,85,1876.0,266,1871.0
SA501,,13:39:35.0#,1885.0,1902.0,1855.0,2083.0,1703.0,158514,370646,1866.0,163,1867.0,91,1868.0,97,1869.0,132,1870.0,57,1871.0,1,1872.0,189,1873.0,26,1874.0,124,1875.0,85,1871.0
SA501,,13:39:36.0#,1885.0,1902.0,1855.0,2083.0,1703.0,158514,370646,1866.0,163,1867.0,91,1868.0,97,1869.0,132,1870.0,57,1871.0,2,1872.0,189,1873.0,26,1874.0,124,1875.0,85,1871.0
SA501,,13:39:36.250#,1885.0,1902.0,1855.0,2083.0,1703.0,158514,370646,1866.0,163,1867.0,91,1868.0,97,1869.0,132,1870.0,57,1871.0,4,1872.0,189,1873.0,26,1874.0,124,1875.0,85,1871.0
SA501,,13:39:36.500#,1885.0,1902.0,1855.0,2083.0,1703.0,158518,370644,1867.0,91,1868.0,97,1869.0,132,1870.0,57,1871.0,2,1872.0,211,1873.0,26,1874.0,124,1875.0,85,1876.0,267,1871.0
SA501,,13:39:36.750#,1885.0,1902.0,1855.0,2083.0,1703.0,158518,370644,1867.0,91,1868.0,97,1869.0,132,1870.0,59,1871.0,3,1872.0,207,1873.0,26,1874.0,124,1875.0,85,1876.0,267,1871.0
SA501,,13:39:37.0#,1885.0,1902.0,1855.0,2083.0,1703.0,158518,370644,1867.0,91,1868.0,97,1869.0,132,1870.0,59,1871.0,3,1872.0,199,1873.0,26,1874.0,124,1875.0,85,1876.0,267,1871.0
SA501,,13:39:37.250#,1885.0,1902.0,1855.0,2083.0,1703.0,158518,370644,1867.0,91,1868.0,97,1869.0,132,1870.0,59,1871.0,4,1872.0,199,1873.0,26,1874.0,124,1875.0,85,1876.0,267,1871.0
SA501,,13:39:37.500#,1885.0,1902.0,1855.0,2083.0,1703.0,158518,370644,1867.0,91,1868.0,97,1869.0,132,1870.0,59,1871.0,4,1872.0,199,1873.0,26,1874.0,124,1875.0,85,1876.0,267,1871.0
SA501,,13:39:37.750#,1885.0,1902.0,1855.0,2083.0,1703.0,158518,370644,1867.0,91,1868.0,97,1869.0,132,1870.0,59,1871.0,4,1872.0,197,1873.0,26,1874.0,124,1875.0,85,1876.0,267,1871.0
SA501,,13:39:38.0#,1885.0,1902.0,1855.0,2083.0,1703.0,158518,370644,1867.0,91,1868.0,97,1869.0,132,1870.0,61,1871.0,4,1872.0,197,1873.0,26,1874.0,124,1875.0,85,1876.0,267,1871.0
SA501,,13:39:38.250#,1885.0,1902.0,1855.0,2083.0,1703.0,158518,370644,1867.0,91,1868.0,97,1869.0,132,1870.0,62,1871.0,4,1872.0,191,1873.0,26,1874.0,124,1875.0,85,1876.0,267,1871.0
SA501,,13:39:38.500#,1885.0,1902.0,1855.0,2083.0,1703.0,158518,370644,1867.0,91,1868.0,97,1869.0,132,1870.0,65,1871.0,6,1872.0,181,1873.0,25,1874.0,130,1875.0,85,1876.0,267,1871.0
SA501,,13:39:38.750#,1885.0,1902.0,1855.0,2083.0,1703.0,158518,370644,1867.0,91,1868.0,97,1869.0,127,1870.0,65,1871.0,6,1872.0,181,1873.0,25,1874.0,130,1875.0,85,1876.0,267,1871.0
SA501,,13:39:39.0#,1885.0,1902.0,1855.0,2083.0,1703.0,158518,370644,1867.0,91,1868.0,97,1869.0,127,1870.0,70,1871.0,10,1872.0,181,1873.0,25,1874.0,130,1875.0,85,1876.0,267,1871.0
SA501,,13:39:39.250#,1885.0,1902.0,1855.0,2083.0,1703.0,158520,370644,1867.0,91,1868.0,97,1869.0,127,1870.0,70,1871.0,8,1872.0,181,1873.0,25,1874.0,130,1875.0,85,1876.0,267,1871.0
SA501,,13:39:39.500#,1885.0,1902.0,1855.0,2083.0,1703.0,158520,370644,1867.0,91,1868.0,97,1869.0,127,1870.0,70,1871.0,9,1872.0,181,1873.0,25,1874.0,130,1875.0,85,1876.0,267,1871.0
SA501,,13:39:39.750#,1885.0,1902.0,1855.0,2083.0,1703.0,158520,370644,1867.0,91,1868.0,97,1869.0,127,1870.0,70,1871.0,9,1872.0,181,1873.0,25,1874.0,130,1875.0,85,1876.0,267,1871.0
SA501,,13:39:40.0#,1885.0,1902.0,1855.0,2083.0,1703.0,158521,370645,1867.0,91,1868.0,97,1869.0,127,1870.0,70,1871.0,8,1872.0,181,1873.0,25,1874.0,130,1875.0,85,1876.0,267,1871.0
SA501,,13:39:40.500#,1885.0,1902.0,1855.0,2083.0,1703.0,158521,370645,1867.0,91,1868.0,97,1869.0,127,1870.0,70,1871.0,8,1872.0,178,1873.0,25,1874.0,130,1875.0,85,1876.0,267,1871.0
SA501,,13:39:40.750#,1885.0,1902.0,1855.0,2083.0,1703.0,158579,370701,1867.0,91,1868.0,97,1869.0,127,1870.0,70,1871.0,1,1872.0,187,1873.0,25,1874.0,130,1875.0,85,1876.0,267,1871.0
SA501,,13:39:41.0#,1885.0,1902.0,1855.0,2083.0,1703.0,158580,370702,1866.0,163,1867.0,91,1868.0,97,1869.0,127,1870.0,80,1872.0,187,1873.0,25,1874.0,130,1875.0,85,1876.0,267,1871.0
SA501,,13:39:41.250#,1885.0,1902.0,1855.0,2083.0,1703.0,158580,370702,1866.0,163,1867.0,91,1868.0,97,1869.0,127,1870.0,76,1872.0,188,1873.0,25,1874.0,130,1875.0,85,1876.0,267,1871.0
SA501,,13:39:41.500#,1885.0,1902.0,1855.0,2083.0,1703.0,158580,370702,1866.0,163,1867.0,91,1868.0,97,1869.0,127,1870.0,74,1872.0,189,1873.0,25,1874.0,130,1875.0,85,1876.0,267,1871.0
SA501,,13:39:41.750#,1885.0,1902.0,1855.0,2083.0,1703.0,158580,370702,1867.0,91,1868.0,97,1869.0,127,1870.0,63,1871.0,1,1872.0,189,1873.0,25,1874.0,130,1875.0,85,1876.0,267,1871.0
SA501,,13:39:42.0#,1885.0,1902.0,1855.0,2083.0,1703.0,158581,370703,1866.0,162,1867.0,91,1868.0,97,1869.0,127,1870.0,74,1872.0,184,1873.0,25,1874.0,130,1875.0,85,1876.0,267,1871.0
SA501,,13:39:42.500#,1885.0,1902.0,1855.0,2083.0,1703.0,158581,370703,1866.0,162,1867.0,90,1868.0,97,1869.0,127,1870.0,74,1872.0,184,1873.0,25,1874.0,130,1875.0,85,1876.0,267,1871.0
SA501,,13:39:42.750#,1885.0,1902.0,1855.0,2083.0,1703.0,158581,370703,1866.0,162,1867.0,90,1868.0,97,1869.0,127,1870.0,74,1872.0,186,1873.0,25,1874.0,130,1875.0,85,1876.0,267,1871.0
SA501,,13:39:43.0#,1885.0,1902.0,1855.0,2083.0,1703.0,158581,370703,1866.0,162,1867.0,90,1868.0,97,1869.0,127,1870.0,76,1872.0,186,1873.0,25,1874.0,130,1875.0,85,1876.0,267,1871.0
SA501,,13:39:43.500#,1885.0,1902.0,1855.0,2083.0,1703.0,158581,370703,1866.0,162,1867.0,90,1868.0,97,1869.0,127,1870.0,76,1872.0,186,1873.0,25,1874.0,130,1875.0,85,1876.0,267,1871.0
SA501,,13:39:44.0#,1885.0,1902.0,1855.0,2083.0,1703.0,158581,370703,1866.0,162,1867.0,90,1868.0,97,1869.0,127,1870.0,76,1872.0,187,1873.0,25,1874.0,130,1875.0,85,1876.0,267,1871.0
SA501,,13:39:46.500#,1885.0,1902.0,1855.0,2083.0,1703.0,158581,370703,1866.0,162,1867.0,90,1868.0,97,1869.0,127,1870.0,76,1872.0,187,1873.0,25,1874.0,130,1875.0,85,1876.0,267,1871.0
SA501,,13:39:46.750#,1885.0,1902.0,1855.0,2083.0,1703.0,158581,370703,1866.0,162,1867.0,90,1868.0,97,1869.0,127,1870.0,76,1871.0,1,1872.0,174,1873.0,25,1874.0,130,1875.0,85,1871.0
SA501,,13:39:47.0#,1885.0,1902.0,1855.0,2083.0,1703.0,158581,370703,1866.0,162,1867.0,90,1868.0,97,1869.0,127,1870.0,74,1871.0,10,1872.0,176,1873.0,25,1874.0,130,1875.0,85,1871.0
SA501,,13:39:47.500#,1885.0,1902.0,1855.0,2083.0,1703.0,158581,370703,1866.0,162,1867.0,90,1868.0,97,1869.0,127,1870.0,74,1871.0,10,1872.0,176,1873.0,25,1874.0,130,1875.0,85,1871.0
SA501,,13:39:47.750#,1885.0,1902.0,1855.0,2083.0,1703.0,158581,370703,1866.0,162,1867.0,90,1868.0,97,1869.0,127,1870.0,72,1871.0,10,1872.0,176,1873.0,25,1874.0,130,1875.0,85,1871.0
SA501,,13:39:48.250#,1885.0,1902.0,1855.0,2083.0,1703.0,158581,370703,1866.0,162,1867.0,90,1868.0,97,1869.0,128,1870.0,72,1871.0,10,1872.0,176,1873.0,25,1874.0,130,1875.0,85,1871.0
SA501,,13:39:49.0#,1885.0,1902.0,1855.0,2083.0,1703.0,158581,370703,1866.0,162,1867.0,90,1868.0,97,1869.0,128,1870.0,72,1871.0,10,1872.0,176,1873.0,25,1874.0,130,1875.0,85,1871.0
SA501,,13:39:49.250#,1885.0,1902.0,1855.0,2083.0,1703.0,158581,370703,1866.0,162,1867.0,90,1868.0,97,1869.0,128,1870.0,74,1871.0,12,1872.0,176,1873.0,25,1874.0,130,1875.0,85,1871.0
SA501,,13:39:49.500#,1885.0,1902.0,1855.0,2083.0,1703.0,158582,370704,1866.0,162,1867.0,90,1868.0,97,1869.0,128,1870.0,74,1871.0,11,1872.0,176,1873.0,25,1874.0,130,1875.0,85,1871.0
SA501,,13:39:50.250#,1885.0,1902.0,1855.0,2083.0,1703.0,158582,370704,1866.0,162,1867.0,90,1868.0,97,1869.0,129,1870.0,74,1871.0,12,1872.0,176,1873.0,25,1874.0,130,1875.0,85,1871.0
SA501,,13:39:50.500#,1885.0,1902.0,1855.0,2083.0,1703.0,158583,370704,1866.0,162,1867.0,90,1868.0,97,1869.0,129,1870.0,74,1871.0,11,1872.0,176,1873.0,26,1874.0,130,1875.0,85,1871.0
SA501,,13:39:50.750#,1885.0,1902.0,1855.0,2083.0,1703.0,158583,370704,1866.0,162,1867.0,90,1868.0,97,1869.0,129,1870.0,74,1871.0,11,1872.0,176,1873.0,27,1874.0,130,1875.0,85,1871.0
SA501,,13:39:51.0#,1885.0,1902.0,1855.0,2083.0,1703.0,158583,370704,1866.0,162,1867.0,90,1868.0,98,1869.0,129,1870.0,74,1871.0,11,1872.0,176,1873.0,27,1874.0,130,1875.0,85,1871.0
SA501,,13:39:51.250#,1885.0,1902.0,1855.0,2083.0,1703.0,158593,370694,1866.0,162,1867.0,90,1868.0,98,1869.0,129,1870.0,71,1871.0,11,1872.0,176,1873.0,27,1874.0,130,1875.0,85,1870.0
SA501,,13:39:51.500#,1885.0,1902.0,1855.0,2083.0,1703.0,158601,370694,1866.0,162,1867.0,90,1868.0,98,1869.0,129,1870.0,71,1871.0,3,1872.0,176,1873.0,27,1874.0,130,1875.0,85,1871.0
SA501,,13:39:51.750#,1885.0,1902.0,1855.0,2083.0,1703.0,158601,370694,1866.0,162,1867.0,90,1868.0,98,1869.0,129,1870.0,71,1871.0,3,1872.0,180,1873.0,27,1874.0,130,1875.0,85,1871.0
SA501,,13:39:52.0#,1885.0,1902.0,1855.0,2083.0,1703.0,158602,370695,1866.0,162,1867.0,90,1868.0,98,1869.0,129,1870.0,71,1871.0,12,1872.0,180,1873.0,27,1874.0,130,1875.0,85,1871.0
SA501,,13:39:52.500#,1885.0,1902.0,1855.0,2083.0,1703.0,158602,370695,1866.0,162,1867.0,90,1868.0,98,1869.0,129,1870.0,71,1871.0,12,1872.0,180,1873.0,27,1874.0,130,1875.0,85,1871.0
SA501,,13:39:53.250#,1885.0,1902.0,1855.0,2083.0,1703.0,158604,370697,1866.0,162,1867.0,90,1868.0,98,1869.0,128,1870.0,71,1871.0,10,1872.0,180,1873.0,27,1874.0,130,1875.0,85,1871.0
SA501,,13:39:53.750#,1885.0,1902.0,1855.0,2083.0,1703.0,158604,370697,1866.0,162,1867.0,90,1868.0,98,1869.0,128,1870.0,71,1871.0,10,1872.0,180,1873.0,27,1874.0,130,1875.0,85,1871.0
SA501,,13:39:54.250#,1885.0,1902.0,1855.0,2083.0,1703.0,158610,370698,1866.0,162,1867.0,90,1868.0,98,1869.0,128,1870.0,66,1871.0,9,1872.0,180,1873.0,27,1874.0,130,1875.0,85,1870.0
SA501,,13:39:54.500#,1885.0,1902.0,1855.0,2083.0,1703.0,158610,370698,1866.0,162,1867.0,90,1868.0,98,1869.0,128,1870.0,66,1871.0,10,1872.0,180,1873.0,27,1874.0,130,1875.0,85,1870.0
SA501,,13:39:54.750#,1885.0,1902.0,1855.0,2083.0,1703.0,158613,370701,1866.0,162,1867.0,90,1868.0,98,1869.0,128,1870.0,66,1871.0,8,1872.0,180,1873.0,27,1874.0,130,1875.0,85,1871.0
SA501,,13:39:56.0#,1885.0,1902.0,1855.0,2083.0,1703.0,158613,370701,1866.0,162,1867.0,90,1868.0,98,1869.0,128,1870.0,66,1871.0,8,1872.0,180,1873.0,27,1874.0,130,1875.0,85,1871.0
SA501,,13:39:57.0#,1885.0,1902.0,1855.0,2083.0,1703.0,158613,370701,1866.0,162,1867.0,90,1868.0,98,1869.0,128,1870.0,66,1871.0,8,1872.0,180,1873.0,27,1874.0,130,1875.0,85,1871.0
SA501,,13:39:57.500#,1885.0,1902.0,1855.0,2083.0,1703.0,158613,370701,1866.0,162,1867.0,90,1868.0,98,1869.0,128,1870.0,66,1871.0,8,1872.0,180,1873.0,27,1874.0,131,1875.0,85,1871.0
SA501,,13:39:57.750#,1885.0,1902.0,1855.0,2083.0,1703.0,158613,370701,1866.0,162,1867.0,90,1868.0,98,1869.0,128,1870.0,66,1871.0,9,1872.0,181,1873.0,27,1874.0,131,1875.0,85,1871.0
SA501,,13:39:58.0#,1885.0,1902.0,1855.0,2083.0,1703.0,158613,370701,1866.0,162,1867.0,90,1868.0,98,1869.0,128,1870.0,66,1871.0,9,1872.0,181,1873.0,27,1874.0,131,1875.0,84,1871.0
SA501,,13:39:58.250#,1885.0,1902.0,1855.0,2083.0,1703.0,158613,370701,1866.0,162,1867.0,90,1868.0,98,1869.0,128,1870.0,66,1871.0,11,1872.0,181,1873.0,27,1874.0,131,1875.0,84,1871.0
SA501,,13:39:58.750#,1885.0,1902.0,1855.0,2083.0,1703.0,158613,370701,1866.0,164,1867.0,90,1868.0,98,1869.0,128,1870.0,66,1871.0,16,1872.0,181,1873.0,27,1874.0,131,1875.0,84,1871.0
SA501,,13:39:59.0#,1885.0,1902.0,1855.0,2083.0,1703.0,158613,370701,1866.0,164,1867.0,90,1868.0,98,1869.0,128,1870.0,67,1871.0,16,1872.0,181,1873.0,27,1874.0,131,1875.0,84,1871.0
SA501,,13:39:59.500#,1885.0,1902.0,1855.0,2083.0,1703.0,158613,370701,1866.0,164,1867.0,90,1868.0,98,1869.0,128,1870.0,69,1871.0,16,1872.0,181,1873.0,27,1874.0,131,1875.0,84,1871.0
SA501,,13:40:00.500#,1885.0,1902.0,1855.0,2083.0,1703.0,158613,370701,1866.0,164,1867.0,90,1868.0,98,1869.0,128,1870.0,69,1871.0,17,1872.0,181,1873.0,27,1874.0,131,1875.0,83,1871.0
SA501,,13:40:00.750#,1885.0,1902.0,1855.0,2083.0,1703.0,158614,370702,1866.0,164,1867.0,90,1868.0,98,1869.0,128,1870.0,69,1871.0,16,1872.0,181,1873.0,27,1874.0,131,1875.0,83,1871.0
SA501,,13:40:01.750#,1885.0,1902.0,1855.0,2083.0,1703.0,158614,370702,1866.0,164,1867.0,90,1868.0,98,1869.0,128,1870.0,69,1871.0,16,1872.0,181,1873.0,24,1874.0,131,1875.0,83,1871.0
SA501,,13:40:02.0#,1885.0,1902.0,1855.0,2083.0,1703.0,158614,370702,1866.0,164,1867.0,90,1868.0,98,1869.0,128,1870.0,69,1871.0,16,1872.0,181,1873.0,24,1874.0,131,1875.0,82,1871.0
SA501,,13:40:02.250#,1885.0,1902.0,1855.0,2083.0,1703.0,158614,370702,1866.0,164,1867.0,90,1868.0,98,1869.0,128,1870.0,69,1871.0,18,1872.0,181,1873.0,24,1874.0,131,1875.0,82,1871.0
SA501,,13:40:02.500#,1885.0,1902.0,1855.0,2083.0,1703.0,158614,370702,1866.0,164,1867.0,90,1868.0,98,1869.0,128,1870.0,69,1871.0,18,1872.0,181,1873.0,24,1874.0,131,1875.0,82,1871.0
SA501,,13:40:03.250#,1885.0,1902.0,1855.0,2083.0,1703.0,158614,370702,1866.0,164,1867.0,90,1868.0,98,1869.0,128,1870.0,69,1871.0,19,1872.0,181,1873.0,24,1874.0,131,1875.0,82,1871.0
SA501,,13:40:03.500#,1885.0,1902.0,1855.0,2083.0,1703.0,158614,370702,1866.0,164,1867.0,90,1868.0,98,1869.0,128,1870.0,69,1871.0,19,1872.0,181,1873.0,24,1874.0,131,1875.0,82,1871.0
SA501,,13:40:04.0#,1885.0,1902.0,1855.0,2083.0,1703.0,158615,370703,1866.0,164,1867.0,90,1868.0,98,1869.0,128,1870.0,68,1871.0,18,1872.0,181,1873.0,24,1874.0,131,1875.0,82,1871.0
SA501,,13:40:04.250#,1885.0,1902.0,1855.0,2083.0,1703.0,158615,370703,1866.0,164,1867.0,89,1868.0,98,1869.0,128,1870.0,68,1871.0,18,1872.0,181,1873.0,24,1874.0,131,1875.0,82,1871.0
SA501,,13:40:04.750#,1885.0,1902.0,1855.0,2083.0,1703.0,158615,370703,1866.0,164,1867.0,89,1868.0,98,1869.0,127,1870.0,69,1871.0,19,1872.0,180,1873.0,24,1874.0,131,1875.0,82,1871.0
SA501,,13:40:06.0#,1885.0,1902.0,1855.0,2083.0,1703.0,158617,370703,1866.0,164,1867.0,89,1868.0,98,1869.0,127,1870.0,70,1871.0,17,1872.0,180,1873.0,24,1874.0,131,1875.0,82,1871.0
SA501,,13:40:06.250#,1885.0,1902.0,1855.0,2083.0,1703.0,158619,370704,1866.0,165,1867.0,89,1868.0,98,1869.0,127,1870.0,70,1871.0,15,1872.0,180,1873.0,24,1874.0,131,1875.0,82,1871.0
SA501,,13:40:08.500#,1885.0,1902.0,1855.0,2083.0,1703.0,158619,370704,1866.0,165,1867.0,89,1868.0,98,1869.0,127,1870.0,70,1871.0,15,1872.0,180,1873.0,24,1874.0,131,1875.0,82,1871.0
SA501,,13:40:09.500#,1885.0,1902.0,1855.0,2083.0,1703.0,158619,370704,1866.0,165,1867.0,89,1868.0,98,1869.0,127,1870.0,80,1871.0,15,1872.0,180,1873.0,24,1874.0,131,1875.0,82,1871.0
SA501,,13:40:09.750#,1885.0,1902.0,1855.0,2083.0,1703.0,158635,370711,1867.0,89,1868.0,98,1869.0,127,1870.0,70,1871.0,52,1872.0,181,1873.0,24,1874.0,131,1875.0,82,1876.0,267,1872.0
SA501,,13:40:10.0#,1885.0,1902.0,1855.0,2083.0,1703.0,158635,370711,1867.0,89,1868.0,98,1869.0,127,1870.0,70,1871.0,27,1872.0,176,1873.0,24,1874.0,131,1875.0,82,1876.0,267,1872.0
SA501,,13:40:10.250#,1885.0,1902.0,1855.0,2083.0,1703.0,158635,370711,1867.0,89,1868.0,98,1869.0,127,1870.0,70,1871.0,23,1872.0,176,1873.0,24,1874.0,131,1875.0,82,1876.0,267,1872.0
SA501,,13:40:10.750#,1885.0,1902.0,1855.0,2083.0,1703.0,158635,370711,1867.0,89,1868.0,98,1869.0,127,1870.0,72,1871.0,23,1872.0,176,1873.0,24,1874.0,131,1875.0,82,1876.0,267,1872.0
SA501,,13:40:11.250#,1885.0,1902.0,1855.0,2083.0,1703.0,158635,370711,1867.0,89,1868.0,99,1869.0,127,1870.0,72,1871.0,23,1872.0,176,1873.0,24,1874.0,131,1875.0,82,1876.0,267,1872.0
SA501,,13:40:11.500#,1885.0,1902.0,1855.0,2083.0,1703.0,158636,370712,1867.0,89,1868.0,99,1869.0,127,1870.0,72,1871.0,22,1872.0,177,1873.0,24,1874.0,131,1875.0,82,1876.0,267,1871.0
SA501,,13:40:11.750#,1885.0,1902.0,1855.0,2083.0,1703.0,158636,370712,1867.0,89,1868.0,99,1869.0,127,1870.0,72,1871.0,19,1872.0,177,1873.0,24,1874.0,131,1875.0,82,1876.0,267,1871.0
SA501,,13:40:12.0#,1885.0,1902.0,1855.0,2083.0,1703.0,158636,370712,1866.0,165,1867.0,89,1868.0,99,1869.0,127,1870.0,82,1871.0,128,1872.0,172,1873.0,24,1874.0,131,1875.0,82,1871.0
SA501,,13:40:12.250#,1885.0,1902.0,1855.0,2083.0,1703.0,158636,370712,1866.0,165,1867.0,89,1868.0,99,1869.0,127,1870.0,87,1871.0,129,1872.0,172,1873.0,24,1874.0,131,1875.0,82,1871.0
SA501,,13:40:13.500#,1885.0,1902.0,1855.0,2083.0,1703.0,158636,370712,1866.0,165,1867.0,89,1868.0,99,1869.0,126,1870.0,87,1871.0,129,1872.0,172,1873.0,24,1874.0,131,1875.0,82,1871.0
SA501,,13:40:14.0#,1885.0,1902.0,1855.0,2083.0,1703.0,158636,370712,1866.0,165,1867.0,89,1868.0,99,1869.0,126,1870.0,85,1871.0,129,1872.0,172,1873.0,24,1874.0,131,1875.0,82,1871.0
SA501,,13:40:14.500#,1885.0,1902.0,1855.0,2083.0,1703.0,158668,370687,1866.0,165,1867.0,89,1868.0,99,1869.0,126,1870.0,80,1871.0,97,1872.0,172,1873.0,24,1874.0,131,1875.0,82,1871.0
SA501,,13:40:14.750#,1885.0,1902.0,1855.0,2083.0,1703.0,158669,370687,1866.0,165,1867.0,89,1868.0,99,1869.0,126,1870.0,80,1871.0,96,1872.0,172,1873.0,24,1874.0,131,1875.0,82,1871.0
SA501,,13:40:15.0#,1885.0,1902.0,1855.0,2083.0,1703.0,158669,370687,1866.0,165,1867.0,89,1868.0,99,1869.0,126,1870.0,78,1871.0,98,1872.0,172,1873.0,24,1874.0,131,1875.0,82,1871.0
SA501,,13:40:15.250#,1885.0,1902.0,1855.0,2083.0,1703.0,158670,370687,1866.0,165,1867.0,89,1868.0,99,1869.0,126,1870.0,78,1871.0,97,1872.0,172,1873.0,24,1874.0,131,1875.0,82,1871.0
SA501,,13:40:15.750#,1885.0,1902.0,1855.0,2083.0,1703.0,158671,370686,1866.0,165,1867.0,89,1868.0,99,1869.0,126,1870.0,76,1871.0,96,1872.0,172,1873.0,24,1874.0,131,1875.0,82,1871.0
SA501,,13:40:16.250#,1885.0,1902.0,1855.0,2083.0,1703.0,158710,370683,1866.0,165,1867.0,89,1868.0,99,1869.0,126,1870.0,72,1871.0,57,1872.0,172,1873.0,24,1874.0,131,1875.0,82,1871.0
SA501,,13:40:16.500#,1885.0,1902.0,1855.0,2083.0,1703.0,158712,370683,1866.0,165,1867.0,89,1868.0,99,1869.0,126,1870.0,72,1871.0,55,1872.0,172,1873.0,24,1874.0,131,1875.0,82,1871.0
SA501,,13:40:16.750#,1885.0,1902.0,1855.0,2083.0,1703.0,158712,370683,1866.0,165,1867.0,89,1868.0,99,1869.0,126,1870.0,72,1871.0,56,1872.0,172,1873.0,24,1874.0,131,1875.0,82,1871.0
SA501,,13:40:17.250#,1885.0,1902.0,1855.0,2083.0,1703.0,158761,370635,1866.0,165,1867.0,89,1868.0,99,1869.0,126,1870.0,75,1871.0,7,1872.0,172,1873.0,24,1874.0,131,1875.0,82,1871.0
SA501,,13:40:17.500#,1885.0,1902.0,1855.0,2083.0,1703.0,158768,370636,1867.0,89,1868.0,100,1869.0,126,1870.0,72,1871.0,27,1872.0,180,1873.0,24,1874.0,131,1875.0,82,1876.0,267,1871.0
SA501,,13:40:17.750#,1885.0,1902.0,1855.0,2083.0,1703.0,158771,370636,1867.0,89,1868.0,100,1869.0,126,1870.0,72,1871.0,24,1872.0,182,1873.0,24,1874.0,131,1875.0,82,1876.0,267,1871.0
SA501,,13:40:18.0#,1885.0,1902.0,1855.0,2083.0,1703.0,158771,370636,1867.0,89,1868.0,100,1869.0,126,1870.0,72,1871.0,24,1872.0,182,1873.0,24,1874.0,131,1875.0,82,1876.0,267,1871.0
SA501,,13:40:18.250#,1885.0,1902.0,1855.0,2083.0,1703.0,158771,370636,1867.0,89,1868.0,100,1869.0,126,1870.0,69,1871.0,24,1872.0,177,1873.0,24,1874.0,131,1875.0,82,1876.0,267,1871.0
SA501,,13:40:18.750#,1885.0,1902.0,1855.0,2083.0,1703.0,158771,370636,1867.0,89,1868.0,100,1869.0,126,1870.0,69,1871.0,29,1872.0,177,1873.0,24,1874.0,131,1875.0,82,1876.0,267,1871.0
SA501,,13:40:19.250#,1885.0,1902.0,1855.0,2083.0,1703.0,158772,370636,1867.0,89,1868.0,100,1869.0,126,1870.0,69,1871.0,28,1872.0,177,1873.0,24,1874.0,131,1875.0,82,1876.0,267,1871.0
SA501,,13:40:19.500#,1885.0,1902.0,1855.0,2083.0,1703.0,158772,370636,1867.0,89,1868.0,100,1869.0,126,1870.0,69,1871.0,12,1872.0,177,1873.0,24,1874.0,131,1875.0,82,1876.0,267,1871.0
SA501,,13:40:19.750#,1885.0,1902.0,1855.0,2083.0,1703.0,158772,370636,1867.0,89,1868.0,100,1869.0,126,1870.0,69,1871.0,19,1872.0,177,1873.0,24,1874.0,131,1875.0,82,1876.0,267,1871.0
SA501,,13:40:20.250#,1885.0,1902.0,1855.0,2083.0,1703.0,158799,370663,1867.0,89,1868.0,100,1869.0,126,1870.0,69,1871.0,19,1872.0,177,1873.0,24,1874.0,131,1875.0,82,1876.0,267,1871.0
SA501,,13:40:20.750#,1885.0,1902.0,1855.0,2083.0,1703.0,158804,370668,1867.0,89,1868.0,100,1869.0,126,1870.0,69,1871.0,19,1872.0,172,1873.0,24,1874.0,131,1875.0,82,1876.0,267,1872.0
SA501,,13:40:21.0#,1885.0,1902.0,1855.0,2083.0,1703.0,158807,370668,1867.0,89,1868.0,99,1869.0,126,1870.0,69,1871.0,17,1872.0,172,1873.0,24,1874.0,131,1875.0,82,1876.0,267,1871.0
SA501,,13:40:21.250#,1885.0,1902.0,1855.0,2083.0,1703.0,158807,370668,1867.0,89,1868.0,99,1869.0,126,1870.0,73,1871.0,17,1872.0,172,1873.0,24,1874.0,131,1875.0,82,1876.0,267,1871.0
SA501,,13:40:21.500#,1885.0,1902.0,1855.0,2083.0,1703.0,158807,370668,1867.0,89,1868.0,99,1869.0,126,1870.0,73,1871.0,17,1872.0,174,1873.0,24,1874.0,131,1875.0,82,1876.0,267,1871.0
SA501,,13:40:21.750#,1885.0,1902.0,1855.0,2083.0,1703.0,158807,370668,1867.0,89,1868.0,99,1869.0,126,1870.0,73,1871.0,13,1872.0,174,1873.0,24,1874.0,131,1875.0,82,1876.0,267,1871.0
SA501,,13:40:22.0#,1885.0,1902.0,1855.0,2083.0,1703.0,158807,370668,1867.0,89,1868.0,99,1869.0,126,1870.0,73,1871.0,13,1872.0,174,1873.0,24,1874.0,131,1875.0,82,1876.0,267,1871.0
SA501,,13:40:22.250#,1885.0,1902.0,1855.0,2083.0,1703.0,158807,370668,1867.0,89,1868.0,99,1869.0,126,1870.0,73,1871.0,13,1872.0,174,1873.0,24,1874.0,131,1875.0,82,1876.0,267,1871.0
SA501,,13:40:22.500#,1885.0,1902.0,1855.0,2083.0,1703.0,158807,370668,1867.0,89,1868.0,99,1869.0,126,1870.0,106,1871.0,13,1872.0,174,1873.0,24,1874.0,131,1875.0,82,1876.0,267,1871.0
SA501,,13:40:23.250#,1885.0,1902.0,1855.0,2083.0,1703.0,158808,370669,1867.0,89,1868.0,99,1869.0,126,1870.0,106,1871.0,13,1872.0,173,1873.0,24,1874.0,131,1875.0,82,1876.0,267,1872.0
SA501,,13:40:23.750#,1885.0,1902.0,1855.0,2083.0,1703.0,158808,370669,1867.0,89,1868.0,99,1869.0,126,1870.0,107,1871.0,13,1872.0,173,1873.0,24,1874.0,131,1875.0,82,1876.0,267,1872.0
SA501,,13:40:24.0#,1885.0,1902.0,1855.0,2083.0,1703.0,158808,370669,1867.0,89,1868.0,99,1869.0,126,1870.0,108,1871.0,13,1872.0,173,1873.0,24,1874.0,131,1875.0,82,1876.0,267,1872.0
SA501,,13:40:24.250#,1885.0,1902.0,1855.0,2083.0,1703.0,158809,370670,1867.0,89,1868.0,99,1869.0,126,1870.0,108,1871.0,16,1872.0,172,1873.0,24,1874.0,131,1875.0,82,1876.0,267,1872.0
SA501,,13:40:24.500#,1885.0,1902.0,1855.0,2083.0,1703.0,158809,370670,1867.0,89,1868.0,99,1869.0,126,1870.0,108,1871.0,16,1872.0,173,1873.0,24,1874.0,131,1875.0,82,1876.0,267,1872.0
SA501,,13:40:24.750#,1885.0,1902.0,1855.0,2083.0,1703.0,158809,370670,1867.0,89,1868.0,99,1869.0,126,1870.0,108,1871.0,14,1872.0,175,1873.0,24,1874.0,131,1875.0,82,1876.0,267,1872.0
SA501,,13:40:25.0#,1885.0,1902.0,1855.0,2083.0,1703.0,158809,370670,1867.0,89,1868.0,99,1869.0,126,1870.0,108,1871.0,14,1872.0,175,1873.0,24,1874.0,131,1875.0,82,1876.0,267,1872.0
SA501,,13:40:25.250#,1885.0,1902.0,1855.0,2083.0,1703.0,158809,370670,1867.0,89,1868.0,99,1869.0,126,1870.0,108,1871.0,9,1872.0,175,1873.0,24,1874.0,131,1875.0,82,1876.0,267,1872.0
SA501,,13:40:25.500#,1885.0,1902.0,1855.0,2083.0,1703.0,158810,370670,1867.0,89,1868.0,119,1869.0,126,1870.0,110,1871.0,9,1872.0,175,1873.0,24,1874.0,131,1875.0,82,1876.0,267,1871.0
SA501,,13:40:26.250#,1885.0,1902.0,1855.0,2083.0,1703.0,158810,370670,1867.0,89,1868.0,119,1869.0,126,1870.0,110,1871.0,9,1872.0,175,1873.0,24,1874.0,131,1875.0,82,1876.0,267,1871.0
SA501,,13:40:26.500#,1885.0,1902.0,1855.0,2083.0,1703.0,158810,370670,1867.0,89,1868.0,119,1869.0,126,1870.0,110,1871.0,9,1872.0,178,1873.0,24,1874.0,131,1875.0,82,1876.0,267,1871.0
SA501,,13:40:26.750#,1885.0,1902.0,1855.0,2083.0,1703.0,158814,370670,1867.0,89,1868.0,119,1869.0,126,1870.0,110,1871.0,9,1872.0,174,1873.0,24,1874.0,131,1875.0,82,1876.0,267,1872.0
SA501,,13:40:27.250#,1885.0,1902.0,1855.0,2083.0,1703.0,158819,370675,1867.0,89,1868.0,119,1869.0,126,1870.0,110,1871.0,9,1872.0,169,1873.0,24,1874.0,131,1875.0,82,1876.0,267,1872.0
SA501,,13:40:27.500#,1885.0,1902.0,1855.0,2083.0,1703.0,158819,370675,1867.0,89,1868.0,119,1869.0,126,1870.0,110,1871.0,9,1872.0,169,1873.0,24,1874.0,131,1875.0,82,1876.0,267,1872.0
SA501,,13:40:27.750#,1885.0,1902.0,1855.0,2083.0,1703.0,158819,370675,1867.0,89,1868.0,119,1869.0,126,1870.0,111,1871.0,8,1872.0,169,1873.0,24,1874.0,131,1875.0,82,1876.0,267,1872.0
SA501,,13:40:28.0#,1885.0,1902.0,1855.0,2083.0,1703.0,158819,370675,1867.0,89,1868.0,119,1869.0,126,1870.0,111,1871.0,8,1872.0,170,1873.0,24,1874.0,131,1875.0,82,1876.0,267,1872.0
SA501,,13:40:28.250#,1885.0,1902.0,1855.0,2083.0,1703.0,158819,370675,1867.0,89,1868.0,119,1869.0,126,1870.0,125,1871.0,8,1872.0,170,1873.0,24,1874.0,131,1875.0,82,1876.0,267,1872.0
SA501,,13:40:28.500#,1885.0,1902.0,1855.0,2083.0,1703.0,158820,370676,1867.0,89,1868.0,119,1869.0,126,1870.0,125,1871.0,8,1872.0,169,1873.0,24,1874.0,131,1875.0,84,1876.0,267,1872.0
SA501,,13:40:28.750#,1885.0,1902.0,1855.0,2083.0,1703.0,158820,370676,1867.0,88,1868.0,119,1869.0,126,1870.0,125,1871.0,25,1872.0,169,1873.0,24,1874.0,131,1875.0,84,1876.0,267,1872.0
SA501,,13:40:29.0#,1885.0,1902.0,1855.0,2083.0,1703.0,158821,370676,1867.0,88,1868.0,119,1869.0,126,1870.0,125,1871.0,25,1872.0,168,1873.0,24,1874.0,131,1875.0,84,1876.0,267,1872.0
SA501,,13:40:29.250#,1885.0,1902.0,1855.0,2083.0,1703.0,158821,370676,1867.0,89,1868.0,120,1869.0,126,1870.0,125,1871.0,25,1872.0,168,1873.0,24,1874.0,131,1875.0,85,1876.0,272,1872.0
SA501,,13:40:29.500#,1885.0,1902.0,1855.0,2083.0,1703.0,158821,370676,1867.0,89,1868.0,120,1869.0,126,1870.0,125,1871.0,28,1872.0,168,1873.0,24,1874.0,131,1875.0,85,1876.0,272,1872.0
SA501,,13:40:30.0#,1885.0,1902.0,1855.0,2083.0,1703.0,158836,370691,1867.0,89,1868.0,120,1869.0,126,1870.0,125,1871.0,28,1872.0,153,1873.0,24,1874.0,131,1875.0,85,1876.0,272,1872.0
SA501,,13:40:30.250#,1885.0,1902.0,1855.0,2083.0,1703.0,158836,370691,1867.0,89,1868.0,120,1869.0,126,1870.0,120,1871.0,28,1872.0,153,1873.0,24,1874.0,131,1875.0,86,1876.0,272,1872.0
SA501,,13:40:30.500#,1885.0,1902.0,1855.0,2083.0,1703.0,158836,370691,1867.0,89,1868.0,120,1869.0,126,1870.0,120,1871.0,33,1872.0,153,1873.0,24,1874.0,131,1875.0,86,1876.0,272,1872.0
SA501,,13:40:30.750#,1885.0,1902.0,1855.0,2083.0,1703.0,158840,370695,1867.0,89,1868.0,120,1869.0,126,1870.0,120,1871.0,33,1872.0,149,1873.0,24,1874.0,131,1875.0,86,1876.0,272,1872.0
SA501,,13:40:31.0#,1885.0,1902.0,1855.0,2083.0,1703.0,158841,370696,1867.0,89,1868.0,120,1869.0,126,1870.0,120,1871.0,33,1872.0,148,1873.0,24,1874.0,131,1875.0,86,1876.0,272,1872.0
SA501,,13:40:31.500#,1885.0,1902.0,1855.0,2083.0,1703.0,158842,370696,1867.0,89,1868.0,120,1869.0,126,1870.0,120,1871.0,33,1872.0,148,1873.0,24,1874.0,131,1875.0,86,1876.0,272,1872.0
SA501,,13:40:32.0#,1885.0,1902.0,1855.0,2083.0,1703.0,158842,370696,1867.0,89,1868.0,120,1869.0,126,1870.0,120,1871.0,33,1872.0,148,1873.0,24,1874.0,131,1875.0,86,1876.0,272,1872.0
SA501,,13:40:32.250#,1885.0,1902.0,1855.0,2083.0,1703.0,158842,370696,1867.0,89,1868.0,120,1869.0,126,1870.0,120,1871.0,34,1872.0,148,1873.0,24,1874.0,131,1875.0,86,1876.0,272,1872.0
SA501,,13:40:32.500#,1885.0,1902.0,1855.0,2083.0,1703.0,158842,370696,1867.0,89,1868.0,120,1869.0,127,1870.0,118,1871.0,34,1872.0,148,1873.0,24,1874.0,131,1875.0,86,1876.0,272,1872.0
SA501,,13:40:32.750#,1885.0,1902.0,1855.0,2083.0,1703.0,158842,370696,1867.0,88,1868.0,120,1869.0,127,1870.0,118,1871.0,34,1872.0,148,1873.0,24,1874.0,131,1875.0,86,1876.0,272,1872.0
SA501,,13:40:33.0#,1885.0,1902.0,1855.0,2083.0,1703.0,158842,370696,1867.0,88,1868.0,120,1869.0,127,1870.0,118,1871.0,35,1872.0,148,1873.0,24,1874.0,131,1875.0,86,1876.0,272,1872.0
SA501,,13:40:34.0#,1885.0,1902.0,1855.0,2083.0,1703.0,158843,370697,1867.0,88,1868.0,120,1869.0,127,1870.0,118,1871.0,35,1872.0,147,1873.0,24,1874.0,131,1875.0,86,1876.0,272,1872.0
SA501,,13:40:34.250#,1885.0,1902.0,1855.0,2083.0,1703.0,158843,370697,1867.0,88,1868.0,120,1869.0,127,1870.0,119,1871.0,35,1872.0,147,1873.0,24,1874.0,131,1875.0,86,1876.0,272,1872.0
SA501,,13:40:35.0#,1885.0,1902.0,1855.0,2083.0,1703.0,158843,370697,1867.0,88,1868.0,120,1869.0,127,1870.0,119,1871.0,45,1872.0,147,1873.0,24,1874.0,131,1875.0,86,1876.0,272,1872.0
SA501,,13:40:35.750#,1885.0,1902.0,1855.0,2083.0,1703.0,158846,370697,1867.0,88,1868.0,116,1869.0,127,1870.0,119,1871.0,48,1872.0,145,1873.0,24,1874.0,131,1875.0,86,1876.0,272,1872.0
SA501,,13:40:36.0#,1885.0,1902.0,1855.0,2083.0,1703.0,158847,370698,1867.0,88,1868.0,116,1869.0,127,1870.0,119,1871.0,51,1872.0,144,1873.0,24,1874.0,131,1875.0,86,1876.0,272,1872.0
SA501,,13:40:36.250#,1885.0,1902.0,1855.0,2083.0,1703.0,158899,370714,1867.0,88,1868.0,116,1869.0,127,1870.0,119,1871.0,51,1872.0,90,1873.0,24,1874.0,131,1875.0,86,1876.0,272,1872.0
SA501,,13:40:36.500#,1885.0,1902.0,1855.0,2083.0,1703.0,158989,370760,1868.0,116,1869.0,127,1870.0,100,1871.0,67,1872.0,19,1873.0,26,1874.0,131,1875.0,86,1876.0,272,1877.0,26,1872.0
SA501,,13:40:36.750#,1885.0,1902.0,1855.0,2083.0,1703.0,158989,370760,1868.0,120,1869.0,127,1870.0,100,1871.0,64,1872.0,5,1873.0,27,1874.0,131,1875.0,86,1876.0,272,1877.0,28,1872.0
SA501,,13:40:37.0#,1885.0,1902.0,1855.0,2083.0,1703.0,158989,370760,1868.0,119,1869.0,127,1870.0,102,1871.0,70,1872.0,13,1873.0,33,1874.0,131,1875.0,86,1876.0,272,1877.0,28,1872.0
SA501,,13:40:37.250#,1885.0,1902.0,1855.0,2083.0,1703.0,158989,370760,1868.0,119,1869.0,128,1870.0,102,1871.0,70,1872.0,26,1873.0,33,1874.0,131,1875.0,86,1876.0,272,1877.0,28,1872.0
SA501,,13:40:37.500#,1885.0,1902.0,1855.0,2083.0,1703.0,158989,370760,1868.0,119,1869.0,128,1870.0,102,1871.0,70,1872.0,26,1873.0,31,1874.0,131,1875.0,86,1876.0,272,1877.0,28,1872.0
SA501,,13:40:37.750#,1885.0,1902.0,1855.0,2083.0,1703.0,158989,370760,1868.0,119,1869.0,128,1870.0,104,1871.0,70,1872.0,26,1873.0,31,1874.0,131,1875.0,86,1876.0,272,1877.0,28,1872.0
SA501,,13:40:38.0#,1885.0,1902.0,1855.0,2083.0,1703.0,158989,370760,1868.0,119,1869.0,128,1870.0,104,1871.0,70,1872.0,26,1873.0,31,1874.0,131,1875.0,86,1876.0,272,1877.0,28,1872.0
SA501,,13:40:38.500#,1885.0,1902.0,1855.0,2083.0,1703.0,158989,370760,1868.0,119,1869.0,128,1870.0,105,1871.0,70,1872.0,26,1873.0,31,1874.0,131,1875.0,86,1876.0,272,1877.0,28,1872.0
SA501,,13:40:38.750#,1885.0,1902.0,1855.0,2083.0,1703.0,158989,370760,1868.0,119,1869.0,128,1870.0,104,1871.0,70,1872.0,26,1873.0,31,1874.0,131,1875.0,86,1876.0,272,1877.0,28,1872.0
SA501,,13:40:39.0#,1885.0,1902.0,1855.0,2083.0,1703.0,158989,370760,1868.0,119,1869.0,128,1870.0,104,1871.0,70,1872.0,31,1873.0,31,1874.0,131,1875.0,86,1876.0,272,1877.0,28,1872.0
SA501,,13:40:39.250#,1885.0,1902.0,1855.0,2083.0,1703.0,158991,370758,1868.0,119,1869.0,128,1870.0,107,1871.0,70,1872.0,31,1873.0,29,1874.0,131,1875.0,86,1876.0,272,1877.0,28,1873.0
SA501,,13:40:39.500#,1885.0,1902.0,1855.0,2083.0,1703.0,159023,370782,1867.0,83,1868.0,119,1869.0,129,1870.0,107,1871.0,74,1872.0,78,1873.0,27,1874.0,131,1875.0,86,1876.0,272,1872.0
SA501,,13:40:39.750#,1885.0,1902.0,1855.0,2083.0,1703.0,159023,370782,1867.0,83,1868.0,119,1869.0,129,1870.0,107,1871.0,72,1872.0,87,1873.0,27,1874.0,131,1875.0,86,1876.0,272,1872.0
SA501,,13:40:40.0#,1885.0,1902.0,1855.0,2083.0,1703.0,159023,370782,1867.0,83,1868.0,119,1869.0,129,1870.0,106,1871.0,73,1872.0,87,1873.0,27,1874.0,131,1875.0,86,1876.0,272,1872.0
SA501,,13:40:40.250#,1885.0,1902.0,1855.0,2083.0,1703.0,159023,370782,1867.0,83,1868.0,119,1869.0,129,1870.0,106,1871.0,71,1872.0,87,1873.0,27,1874.0,131,1875.0,86,1876.0,272,1872.0
SA501,,13:40:40.750#,1885.0,1902.0,1855.0,2083.0,1703.0,159023,370782,1867.0,83,1868.0,119,1869.0,129,1870.0,106,1871.0,70,1872.0,87,1873.0,27,1874.0,131,1875.0,86,1876.0,272,1872.0
SA501,,13:40:41.0#,1885.0,1902.0,1855.0,2083.0,1703.0,159023,370782,1867.0,83,1868.0,119,1869.0,129,1870.0,106,1871.0,68,1872.0,87,1873.0,27,1874.0,131,1875.0,86,1876.0,272,1872.0
SA501,,13:40:41.250#,1885.0,1902.0,1855.0,2083.0,1703.0,159056,370815,1867.0,83,1868.0,119,1869.0,130,1870.0,106,1871.0,68,1872.0,54,1873.0,27,1874.0,131,1875.0,86,1876.0,272,1872.0
SA501,,13:40:41.500#,1885.0,1902.0,1855.0,2083.0,1703.0,159062,370817,1867.0,83,1868.0,119,1869.0,130,1870.0,106,1871.0,70,1872.0,53,1873.0,27,1874.0,131,1875.0,86,1876.0,272,1872.0
SA501,,13:40:41.750#,1885.0,1902.0,1855.0,2083.0,1703.0,159079,370817,1867.0,83,1868.0,119,1869.0,130,1870.0,106,1871.0,69,1872.0,36,1873.0,27,1874.0,131,1875.0,86,1876.0,272,1872.0
SA501,,13:40:42.0#,1885.0,1902.0,1855.0,2083.0,1703.0,159115,370804,1867.0,83,1868.0,119,1869.0,130,1870.0,106,1871.0,66,1873.0,29,1874.0,131,1875.0,86,1876.0,272,1877.0,28,1872.0
SA501,,13:40:42.250#,1885.0,1902.0,1855.0,2083.0,1703.0,159115,370804,1867.0,83,1868.0,119,1869.0,130,1870.0,106,1871.0,76,1873.0,35,1874.0,131,1875.0,86,1876.0,272,1877.0,28,1872.0
SA501,,13:40:42.500#,1885.0,1902.0,1855.0,2083.0,1703.0,159116,370804,1867.0,83,1868.0,119,1869.0,130,1870.0,106,1871.0,76,1873.0,34,1874.0,131,1875.0,86,1876.0,272,1877.0,28,1873.0
SA501,,13:40:43.0#,1885.0,1902.0,1855.0,2083.0,1703.0,159124,370804,1867.0,83,1868.0,119,1869.0,130,1870.0,106,1871.0,70,1872.0,18,1873.0,32,1874.0,131,1875.0,86,1876.0,272,1872.0
SA501,,13:40:43.250#,1885.0,1902.0,1855.0,2083.0,1703.0,159126,370806,1867.0,83,1868.0,119,1869.0,130,1870.0,106,1871.0,68,1872.0,13,1873.0,32,1874.0,131,1875.0,86,1876.0,272,1872.0
SA501,,13:40:43.500#,1885.0,1902.0,1855.0,2083.0,1703.0,159126,370806,1867.0,83,1868.0,119,1869.0,130,1870.0,106,1871.0,69,1872.0,13,1873.0,32,1874.0,131,1875.0,86,1876.0,272,1872.0
SA501,,13:40:44.250#,1885.0,1902.0,1855.0,2083.0,1703.0,159127,370807,1867.0,84,1868.0,119,1869.0,130,1870.0,106,1871.0,69,1872.0,13,1873.0,32,1874.0,131,1875.0,86,1876.0,272,1872.0
SA501,,13:40:44.500#,1885.0,1902.0,1855.0,2083.0,1703.0,159129,370809,1867.0,84,1868.0,119,1869.0,130,1870.0,106,1871.0,69,1872.0,12,1873.0,32,1874.0,131,1875.0,86,1876.0,272,1872.0
SA501,,13:40:44.750#,1885.0,1902.0,1855.0,2083.0,1703.0,159129,370809,1867.0,84,1868.0,119,1869.0,130,1870.0,106,1871.0,69,1872.0,12,1873.0,32,1874.0,132,1875.0,86,1876.0,272,1872.0
SA501,,13:40:45.250#,1885.0,1902.0,1855.0,2083.0,1703.0,159131,370809,1867.0,84,1868.0,119,1869.0,130,1870.0,106,1871.0,70,1872.0,10,1873.0,32,1874.0,132,1875.0,86,1876.0,272,1872.0
SA501,,13:40:45.500#,1885.0,1902.0,1855.0,2083.0,1703.0,159177,370835,1867.0,84,1868.0,119,1869.0,130,1870.0,106,1871.0,65,1872.0,6,1873.0,32,1874.0,132,1875.0,86,1876.0,272,1872.0
SA501,,13:40:45.750#,1885.0,1902.0,1855.0,2083.0,1703.0,159186,370835,1867.0,84,1868.0,119,1869.0,130,1870.0,106,1871.0,64,1872.0,6,1873.0,34,1874.0,132,1875.0,86,1876.0,272,1871.0
SA501,,13:40:46.0#,1885.0,1902.0,1855.0,2083.0,1703.0,159189,370832,1867.0,84,1868.0,119,1869.0,130,1870.0,106,1871.0,64,1872.0,3,1873.0,34,1874.0,132,1875.0,86,1876.0,272,1872.0
SA501,,13:40:46.250#,1885.0,1902.0,1855.0,2083.0,1703.0,159189,370832,1867.0,84,1868.0,119,1869.0,130,1870.0,106,1871.0,64,1872.0,5,1873.0,38,1874.0,134,1875.0,86,1876.0,272,1872.0
SA501,,13:40:46.500#,1885.0,1902.0,1855.0,2083.0,1703.0,159189,370832,1867.0,84,1868.0,119,1869.0,130,1870.0,106,1871.0,63,1872.0,5,1873.0,38,1874.0,134,1875.0,86,1876.0,272,1872.0
SA501,,13:40:46.750#,1885.0,1902.0,1855.0,2083.0,1703.0,159189,370832,1867.0,84,1868.0,119,1869.0,130,1870.0,106,1871.0,63,1872.0,5,1873.0,38,1874.0,134,1875.0,86,1876.0,272,1872.0
SA501,,13:40:47.0#,1885.0,1902.0,1855.0,2083.0,1703.0,159189,370832,1867.0,84,1868.0,119,1869.0,130,1870.0,106,1871.0,69,1872.0,5,1873.0,38,1874.0,134,1875.0,86,1876.0,272,1872.0
SA501,,13:40:47.250#,1885.0,1902.0,1855.0,2083.0,1703.0,159189,370832,1867.0,84,1868.0,119,1869.0,130,1870.0,106,1871.0,69,1872.0,5,1873.0,38,1874.0,134,1875.0,86,1876.0,272,1872.0
SA501,,13:40:47.500#,1885.0,1902.0,1855.0,2083.0,1703.0,159189,370832,1867.0,84,1868.0,119,1869.0,130,1870.0,106,1871.0,71,1872.0,5,1873.0,38,1874.0,134,1875.0,86,1876.0,272,1872.0
SA501,,13:40:48.0#,1885.0,1902.0,1855.0,2083.0,1703.0,159190,370832,1867.0,83,1868.0,119,1869.0,130,1870.0,106,1871.0,73,1872.0,5,1873.0,38,1874.0,134,1875.0,86,1876.0,272,1872.0
SA501,,13:40:48.500#,1885.0,1902.0,1855.0,2083.0,1703.0,159193,370832,1867.0,83,1868.0,120,1869.0,130,1870.0,106,1871.0,73,1872.0,2,1873.0,38,1874.0,134,1875.0,86,1876.0,272,1872.0
SA501,,13:40:48.750#,1885.0,1902.0,1855.0,2083.0,1703.0,159193,370832,1867.0,83,1868.0,119,1869.0,131,1870.0,107,1871.0,73,1872.0,2,1873.0,38,1874.0,134,1875.0,86,1876.0,272,1872.0
SA501,,13:40:49.250#,1885.0,1902.0,1855.0,2083.0,1703.0,159193,370832,1867.0,83,1868.0,119,1869.0,131,1870.0,108,1871.0,73,1872.0,2,1873.0,38,1874.0,134,1875.0,86,1876.0,272,1872.0
SA501,,13:40:49.500#,1885.0,1902.0,1855.0,2083.0,1703.0,159193,370832,1867.0,83,1868.0,119,1869.0,131,1870.0,108,1871.0,73,1872.0,2,1873.0,38,1874.0,135,1875.0,86,1876.0,272,1872.0
SA501,,13:40:49.750#,1885.0,1902.0,1855.0,2083.0,1703.0,159193,370832,1867.0,83,1868.0,118,1869.0,131,1870.0,108,1871.0,73,1872.0,2,1873.0,38,1874.0,135,1875.0,86,1876.0,272,1872.0
SA501,,13:40:50.0#,1885.0,1902.0,1855.0,2083.0,1703.0,159195,370833,1867.0,83,1868.0,118,1869.0,131,1870.0,108,1871.0,73,1873.0,59,1874.0,135,1875.0,86,1876.0,272,1877.0,28,1872.0
SA501,,13:40:50.250#,1885.0,1902.0,1855.0,2083.0,1703.0,159195,370833,1867.0,83,1868.0,118,1869.0,131,1870.0,108,1871.0,73,1873.0,60,1874.0,135,1875.0,86,1876.0,272,1877.0,28,1872.0
SA501,,13:40:50.500#,1885.0,1902.0,1855.0,2083.0,1703.0,159195,370833,1867.0,83,1868.0,118,1869.0,131,1870.0,108,1871.0,73,1873.0,60,1874.0,135,1875.0,86,1876.0,272,1877.0,28,1872.0
SA501,,13:40:51.0#,1885.0,1902.0,1855.0,2083.0,1703.0,159195,370833,1867.0,83,1868.0,119,1869.0,131,1870.0,108,1871.0,73,1873.0,59,1874.0,135,1875.0,86,1876.0,272,1877.0,28,1872.0
SA501,,13:40:51.250#,1885.0,1902.0,1855.0,2083.0,1703.0,159199,370837,1867.0,83,1868.0,119,1869.0,131,1870.0,108,1871.0,73,1873.0,59,1874.0,135,1875.0,86,1876.0,272,1877.0,28,1872.0
SA501,,13:40:51.750#,1885.0,1902.0,1855.0,2083.0,1703.0,159199,370837,1867.0,83,1868.0,119,1869.0,131,1870.0,108,1871.0,73,1873.0,61,1874.0,135,1875.0,86,1876.0,272,1877.0,28,1872.0
SA501,,13:40:52.0#,1885.0,1902.0,1855.0,2083.0,1703.0,159199,370837,1867.0,83,1868.0,119,1869.0,131,1870.0,108,1871.0,73,1873.0,56,1874.0,135,1875.0,86,1876.0,272,1877.0,28,1872.0
SA501,,13:40:52.250#,1885.0,1902.0,1855.0,2083.0,1703.0,159199,370837,1867.0,83,1868.0,119,1869.0,131,1870.0,108,1871.0,73,1873.0,57,1874.0,135,1875.0,86,1876.0,272,1877.0,28,1872.0
SA501,,13:40:52.500#,1885.0,1902.0,1855.0,2083.0,1703.0,159199,370837,1867.0,83,1868.0,119,1869.0,131,1870.0,108,1871.0,72,1873.0,57,1874.0,135,1875.0,86,1876.0,272,1877.0,28,1872.0
SA501,,13:40:52.750#,1885.0,1902.0,1855.0,2083.0,1703.0,159199,370837,1867.0,83,1868.0,120,1869.0,131,1870.0,109,1871.0,74,1873.0,57,1874.0,135,1875.0,86,1876.0,272,1877.0,28,1872.0
SA501,,13:40:53.500#,1885.0,1902.0,1855.0,2083.0,1703.0,159199,370837,1867.0,83,1868.0,120,1869.0,131,1870.0,109,1871.0,74,1873.0,57,1874.0,135,1875.0,86,1876.0,272,1877.0,28,1872.0
SA501,,13:40:53.750#,1885.0,1902.0,1855.0,2083.0,1703.0,159203,370841,1867.0,83,1868.0,120,1869.0,131,1870.0,109,1871.0,74,1873.0,58,1874.0,135,1875.0,86,1876.0,272,1877.0,28,1872.0
SA501,,13:40:54.0#,1885.0,1902.0,1855.0,2083.0,1703.0,159203,370841,1868.0,120,1869.0,131,1870.0,109,1871.0,72,1872.0,4,1873.0,56,1874.0,135,1875.0,86,1876.0,272,1877.0,28,1872.0
SA501,,13:40:54.250#,1885.0,1902.0,1855.0,2083.0,1703.0,159207,370845,1868.0,120,1869.0,131,1870.0,109,1871.0,73,1872.0,1,1873.0,51,1874.0,135,1875.0,86,1876.0,272,1877.0,28,1872.0
SA501,,13:40:54.500#,1885.0,1902.0,1855.0,2083.0,1703.0,159208,370846,1867.0,83,1868.0,120,1869.0,131,1870.0,109,1871.0,75,1873.0,50,1874.0,135,1875.0,86,1876.0,272,1877.0,28,1872.0
SA501,,13:40:54.750#,1885.0,1902.0,1855.0,2083.0,1703.0,159208,370846,1867.0,83,1868.0,120,1869.0,131,1870.0,110,1871.0,76,1873.0,52,1874.0,135,1875.0,86,1876.0,272,1877.0,28,1872.0
SA501,,13:40:55.0#,1885.0,1902.0,1855.0,2083.0,1703.0,159208,370846,1867.0,83,1868.0,120,1869.0,131,1870.0,110,1871.0,78,1873.0,52,1874.0,135,1875.0,86,1876.0,272,1877.0,28,1872.0
SA501,,13:40:55.250#,1885.0,1902.0,1855.0,2083.0,1703.0,159208,370846,1867.0,83,1868.0,122,1869.0,131,1870.0,110,1871.0,78,1873.0,52,1874.0,135,1875.0,86,1876.0,272,1877.0,28,1872.0
SA501,,13:40:55.500#,1885.0,1902.0,1855.0,2083.0,1703.0,159208,370846,1868.0,122,1869.0,131,1870.0,110,1871.0,73,1872.0,1,1873.0,52,1874.0,135,1875.0,86,1876.0,272,1877.0,28,1872.0
SA501,,13:40:55.750#,1885.0,1902.0,1855.0,2083.0,1703.0,159209,370847,1867.0,83,1868.0,122,1869.0,131,1870.0,110,1871.0,78,1873.0,52,1874.0,135,1875.0,86,1876.0,272,1877.0,28,1872.0
SA501,,13:40:56.250#,1885.0,1902.0,1855.0,2083.0,1703.0,159209,370847,1867.0,83,1868.0,122,1869.0,132,1870.0,110,1871.0,78,1873.0,52,1874.0,135,1875.0,86,1876.0,272,1877.0,28,1872.0
SA501,,13:40:57.0#,1885.0,1902.0,1855.0,2083.0,1703.0,159209,370847,1867.0,83,1868.0,122,1869.0,132,1870.0,110,1871.0,80,1873.0,52,1874.0,135,1875.0,86,1876.0,272,1877.0,28,1872.0
SA501,,13:40:57.250#,1885.0,1902.0,1855.0,2083.0,1703.0,159210,370846,1867.0,83,1868.0,124,1869.0,132,1870.0,110,1871.0,80,1873.0,51,1874.0,135,1875.0,86,1876.0,272,1877.0,28,1873.0
SA501,,13:40:57.500#,1885.0,1902.0,1855.0,2083.0,1703.0,159210,370846,1867.0,83,1868.0,124,1869.0,132,1870.0,108,1871.0,80,1873.0,51,1874.0,135,1875.0,86,1876.0,272,1877.0,28,1873.0
SA501,,13:40:58.0#,1885.0,1902.0,1855.0,2083.0,1703.0,159210,370846,1867.0,83,1868.0,124,1869.0,132,1870.0,108,1871.0,79,1873.0,51,1874.0,135,1875.0,86,1876.0,272,1877.0,28,1873.0
SA501,,13:40:58.500#,1885.0,1902.0,1855.0,2083.0,1703.0,159210,370846,1868.0,124,1869.0,132,1870.0,108,1871.0,74,1872.0,2,1873.0,51,1874.0,135,1875.0,86,1876.0,272,1877.0,28,1873.0
SA501,,13:40:58.750#,1885.0,1902.0,1855.0,2083.0,1703.0,159213,370843,1868.0,124,1869.0,132,1870.0,108,1871.0,74,1872.0,2,1873.0,48,1874.0,135,1875.0,86,1876.0,272,1877.0,28,1873.0
SA501,,13:40:59.0#,1885.0,1902.0,1855.0,2083.0,1703.0,159213,370843,1868.0,124,1869.0,132,1870.0,108,1871.0,76,1872.0,2,1873.0,48,1874.0,135,1875.0,86,1876.0,272,1877.0,28,1873.0
SA501,,13:40:59.750#,1885.0,1902.0,1855.0,2083.0,1703.0,159213,370843,1868.0,124,1869.0,132,1870.0,108,1871.0,77,1872.0,3,1873.0,48,1874.0,135,1875.0,86,1876.0,272,1877.0,28,1873.0
SA501,,13:41:00.0#,1885.0,1902.0,1855.0,2083.0,1703.0,159213,370843,1868.0,124,1869.0,132,1870.0,108,1871.0,77,1872.0,7,1873.0,51,1874.0,135,1875.0,86,1876.0,272,1877.0,28,1873.0
SA501,,13:41:00.250#,1885.0,1902.0,1855.0,2083.0,1703.0,159213,370843,1868.0,124,1869.0,132,1870.0,108,1871.0,77,1872.0,8,1873.0,51,1874.0,131,1875.0,86,1876.0,272,1877.0,28,1873.0
SA501,,13:41:00.500#,1885.0,1902.0,1855.0,2083.0,1703.0,159213,370843,1868.0,124,1869.0,132,1870.0,108,1871.0,78,1872.0,8,1873.0,51,1874.0,131,1875.0,86,1876.0,272,1877.0,28,1873.0
SA501,,13:41:01.0#,1885.0,1902.0,1855.0,2083.0,1703.0,159213,370843,1868.0,129,1869.0,132,1870.0,108,1871.0,78,1872.0,9,1873.0,51,1874.0,131,1875.0,86,1876.0,272,1877.0,28,1873.0
SA501,,13:41:01.250#,1885.0,1902.0,1855.0,2083.0,1703.0,159213,370843,1868.0,128,1869.0,132,1870.0,108,1871.0,78,1872.0,9,1873.0,51,1874.0,131,1875.0,86,1876.0,272,1877.0,28,1873.0
SA501,,13:41:01.500#,1885.0,1902.0,1855.0,2083.0,1703.0,159213,370843,1868.0,128,1869.0,132,1870.0,108,1871.0,78,1872.0,9,1873.0,51,1874.0,131,1875.0,86,1876.0,272,1877.0,32,1873.0
SA501,,13:41:01.750#,1885.0,1902.0,1855.0,2083.0,1703.0,159213,370843,1868.0,128,1869.0,132,1870.0,108,1871.0,78,1872.0,12,1873.0,53,1874.0,131,1875.0,86,1876.0,272,1877.0,32,1873.0
SA501,,13:41:02.0#,1885.0,1902.0,1855.0,2083.0,1703.0,159214,370842,1868.0,128,1869.0,132,1870.0,108,1871.0,78,1872.0,12,1873.0,52,1874.0,131,1875.0,86,1876.0,272,1877.0,32,1873.0
SA501,,13:41:02.250#,1885.0,1902.0,1855.0,2083.0,1703.0,159214,370842,1868.0,128,1869.0,132,1870.0,108,1871.0,78,1872.0,8,1873.0,52,1874.0,131,1875.0,86,1876.0,272,1877.0,32,1873.0
SA501,,13:41:02.500#,1885.0,1902.0,1855.0,2083.0,1703.0,159232,370848,1868.0,128,1869.0,132,1870.0,108,1871.0,78,1872.0,10,1873.0,62,1874.0,131,1875.0,86,1876.0,272,1877.0,32,1872.0
SA501,,13:41:02.750#,1885.0,1902.0,1855.0,2083.0,1703.0,159242,370848,1867.0,83,1868.0,127,1869.0,132,1870.0,108,1871.0,80,1873.0,53,1874.0,131,1875.0,86,1876.0,272,1877.0,32,1872.0
SA501,,13:41:03.0#,1885.0,1902.0,1855.0,2083.0,1703.0,159242,370848,1867.0,83,1868.0,127,1869.0,132,1870.0,108,1871.0,71,1872.0,24,1873.0,54,1874.0,131,1875.0,86,1876.0,272,1872.0
SA501,,13:41:03.250#,1885.0,1902.0,1855.0,2083.0,1703.0,159242,370848,1867.0,83,1868.0,127,1869.0,132,1870.0,109,1871.0,59,1872.0,47,1873.0,41,1874.0,131,1875.0,86,1876.0,272,1872.0
SA501,,13:41:03.500#,1885.0,1902.0,1855.0,2083.0,1703.0,159243,370849,1867.0,83,1868.0,127,1869.0,132,1870.0,109,1871.0,59,1872.0,47,1873.0,35,1874.0,131,1875.0,86,1876.0,272,1872.0
SA501,,13:41:03.750#,1885.0,1902.0,1855.0,2083.0,1703.0,159243,370849,1867.0,83,1868.0,127,1869.0,132,1870.0,109,1871.0,59,1872.0,47,1873.0,31,1874.0,131,1875.0,86,1876.0,272,1872.0
SA501,,13:41:04.0#,1885.0,1902.0,1855.0,2083.0,1703.0,159243,370849,1867.0,83,1868.0,127,1869.0,132,1870.0,109,1871.0,57,1872.0,53,1873.0,31,1874.0,131,1875.0,86,1876.0,272,1872.0
SA501,,13:41:04.250#,1885.0,1902.0,1855.0,2083.0,1703.0,159254,370860,1867.0,83,1868.0,127,1869.0,132,1870.0,109,1871.0,57,1872.0,43,1873.0,31,1874.0,131,1875.0,86,1876.0,272,1872.0
SA501,,13:41:04.500#,1885.0,1902.0,1855.0,2083.0,1703.0,159256,370860,1867.0,83,1868.0,127,1869.0,132,1870.0,109,1871.0,65,1872.0,41,1873.0,31,1874.0,131,1875.0,86,1876.0,272,1872.0
SA501,,13:41:04.750#,1885.0,1902.0,1855.0,2083.0,1703.0,159258,370858,1867.0,83,1868.0,127,1869.0,132,1870.0,109,1871.0,63,1872.0,38,1873.0,31,1874.0,131,1875.0,86,1876.0,272,1871.0
SA501,,13:41:05.0#,1885.0,1902.0,1855.0,2083.0,1703.0,159258,370858,1867.0,83,1868.0,127,1869.0,132,1870.0,109,1871.0,63,1872.0,36,1873.0,31,1874.0,131,1875.0,86,1876.0,272,1871.0
SA501,,13:41:05.250#,1885.0,1902.0,1855.0,2083.0,1703.0,159260,370858,1867.0,83,1868.0,127,1869.0,132,1870.0,109,1871.0,63,1872.0,35,1873.0,31,1874.0,131,1875.0,86,1876.0,272,1872.0
SA501,,13:41:05.500#,1885.0,1902.0,1855.0,2083.0,1703.0,159260,370858,1867.0,83,1868.0,127,1869.0,133,1870.0,109,1871.0,63,1872.0,35,1873.0,31,1874.0,131,1875.0,86,1876.0,272,1872.0
SA501,,13:41:07.0#,1885.0,1902.0,1855.0,2083.0,1703.0,159260,370858,1867.0,83,1868.0,127,1869.0,133,1870.0,109,1871.0,62,1872.0,35,1873.0,31,1874.0,131,1875.0,86,1876.0,273,1872.0
SA501,,13:41:07.250#,1885.0,1902.0,1855.0,2083.0,1703.0,159260,370858,1867.0,83,1868.0,126,1869.0,133,1870.0,109,1871.0,62,1872.0,36,1873.0,31,1874.0,131,1875.0,86,1876.0,273,1872.0
SA501,,13:41:07.500#,1885.0,1902.0,1855.0,2083.0,1703.0,159260,370858,1867.0,83,1868.0,126,1869.0,133,1870.0,108,1871.0,72,1872.0,36,1873.0,31,1874.0,131,1875.0,86,1876.0,273,1872.0
SA501,,13:41:08.500#,1885.0,1902.0,1855.0,2083.0,1703.0,159264,370856,1867.0,83,1868.0,126,1869.0,134,1870.0,108,1871.0,61,1872.0,32,1873.0,32,1874.0,130,1875.0,86,1876.0,270,1872.0
SA501,,13:41:09.0#,1885.0,1902.0,1855.0,2083.0,1703.0,159266,370856,1867.0,83,1868.0,125,1869.0,134,1870.0,108,1871.0,61,1872.0,30,1873.0,32,1874.0,130,1875.0,86,1876.0,270,1872.0
SA501,,13:41:10.250#,1885.0,1902.0,1855.0,2083.0,1703.0,159266,370856,1867.0,83,1868.0,125,1869.0,134,1870.0,135,1871.0,61,1872.0,30,1873.0,32,1874.0,130,1875.0,86,1876.0,270,1872.0
SA501,,13:41:10.500#,1885.0,1902.0,1855.0,2083.0,1703.0,159266,370856,1867.0,83,1868.0,125,1869.0,134,1870.0,135,1871.0,62,1872.0,30,1873.0,32,1874.0,130,1875.0,86,1876.0,270,1872.0
SA501,,13:41:11.500#,1885.0,1902.0,1855.0,2083.0,1703.0,159266,370856,1867.0,83,1868.0,125,1869.0,134,1870.0,136,1871.0,62,1872.0,32,1873.0,32,1874.0,130,1875.0,86,1876.0,270,1872.0
SA501,,13:41:11.750#,1885.0,1902.0,1855.0,2083.0,1703.0,159266,370856,1867.0,83,1868.0,125,1869.0,134,1870.0,136,1871.0,62,1872.0,33,1873.0,31,1874.0,130,1875.0,86,1876.0,270,1872.0
SA501,,13:41:12.0#,1885.0,1902.0,1855.0,2083.0,1703.0,159266,370856,1867.0,83,1868.0,125,1869.0,134,1870.0,136,1871.0,62,1872.0,33,1873.0,31,1874.0,128,1875.0,86,1876.0,270,1872.0
SA501,,13:41:12.250#,1885.0,1902.0,1855.0,2083.0,1703.0,159266,370856,1867.0,83,1868.0,125,1869.0,134,1870.0,136,1871.0,65,1872.0,33,1873.0,32,1874.0,128,1875.0,86,1876.0,270,1872.0
SA501,,13:41:12.500#,1885.0,1902.0,1855.0,2083.0,1703.0,159271,370857,1867.0,84,1868.0,125,1869.0,134,1870.0,136,1871.0,65,1872.0,28,1873.0,32,1874.0,128,1875.0,86,1876.0,270,1872.0
SA501,,13:41:13.0#,1885.0,1902.0,1855.0,2083.0,1703.0,159272,370858,1867.0,84,1868.0,125,1869.0,134,1870.0,136,1871.0,65,1872.0,27,1873.0,32,1874.0,128,1875.0,86,1876.0,270,1872.0
SA501,,13:41:13.250#,1885.0,1902.0,1855.0,2083.0,1703.0,159272,370858,1867.0,84,1868.0,125,1869.0,134,1870.0,137,1871.0,65,1872.0,27,1873.0,32,1874.0,128,1875.0,86,1876.0,270,1872.0
SA501,,13:41:13.500#,1885.0,1902.0,1855.0,2083.0,1703.0,159272,370858,1867.0,84,1868.0,125,1869.0,134,1870.0,137,1871.0,65,1872.0,27,1873.0,32,1874.0,128,1875.0,86,1876.0,270,1872.0
SA501,,13:41:14.0#,1885.0,1902.0,1855.0,2083.0,1703.0,159272,370858,1867.0,84,1868.0,125,1869.0,134,1870.0,137,1871.0,65,1872.0,27,1873.0,32,1874.0,128,1875.0,86,1876.0,270,1872.0
SA501,,13:41:15.0#,1885.0,1902.0,1855.0,2083.0,1703.0,159272,370858,1867.0,84,1868.0,125,1869.0,134,1870.0,137,1871.0,66,1872.0,27,1873.0,32,1874.0,128,1875.0,87,1876.0,270,1872.0
SA501,,13:41:15.250#,1885.0,1902.0,1855.0,2083.0,1703.0,159272,370858,1867.0,83,1868.0,125,1869.0,135,1870.0,137,1871.0,66,1872.0,27,1873.0,32,1874.0,128,1875.0,87,1876.0,270,1872.0
SA501,,13:41:16.0#,1885.0,1902.0,1855.0,2083.0,1703.0,159272,370858,1867.0,83,1868.0,125,1869.0,135,1870.0,137,1871.0,65,1872.0,27,1873.0,32,1874.0,128,1875.0,86,1876.0,270,1872.0
SA501,,13:41:16.750#,1885.0,1902.0,1855.0,2083.0,1703.0,159273,370859,1867.0,83,1868.0,125,1869.0,135,1870.0,147,1871.0,65,1872.0,27,1873.0,32,1874.0,128,1875.0,86,1876.0,270,1872.0
SA501,,13:41:18.0#,1885.0,1902.0,1855.0,2083.0,1703.0,159276,370862,1867.0,83,1868.0,125,1869.0,135,1870.0,147,1871.0,62,1872.0,27,1873.0,33,1874.0,128,1875.0,86,1876.0,270,1871.0
SA501,,13:41:18.500#,1885.0,1902.0,1855.0,2083.0,1703.0,159276,370862,1867.0,83,1868.0,125,1869.0,135,1870.0,147,1871.0,62,1872.0,32,1873.0,33,1874.0,128,1875.0,86,1876.0,270,1871.0
SA501,,13:41:19.500#,1885.0,1902.0,1855.0,2083.0,1703.0,159276,370862,1867.0,83,1868.0,125,1869.0,135,1870.0,147,1871.0,62,1872.0,32,1873.0,33,1874.0,128,1875.0,88,1876.0,270,1871.0
SA501,,13:41:20.0#,1885.0,1902.0,1855.0,2083.0,1703.0,159276,370862,1867.0,83,1868.0,125,1869.0,135,1870.0,147,1871.0,62,1872.0,32,1873.0,33,1874.0,128,1875.0,88,1876.0,270,1871.0
SA501,,13:41:21.0#,1885.0,1902.0,1855.0,2083.0,1703.0,159277,370863,1867.0,83,1868.0,125,1869.0,135,1870.0,147,1871.0,62,1872.0,31,1873.0,33,1874.0,128,1875.0,88,1876.0,270,1872.0
SA501,,13:41:21.250#,1885.0,1902.0,1855.0,2083.0,1703.0,159277,370863,1867.0,83,1868.0,125,1869.0,135,1870.0,148,1871.0,62,1872.0,31,1873.0,33,1874.0,128,1875.0,88,1876.0,270,1872.0
SA501,,13:41:21.750#,1885.0,1902.0,1855.0,2083.0,1703.0,159277,370863,1867.0,83,1868.0,125,1869.0,135,1870.0,148,1871.0,62,1872.0,32,1873.0,33,1874.0,128,1875.0,88,1876.0,270,1872.0
SA501,,13:41:22.0#,1885.0,1902.0,1855.0,2083.0,1703.0,159277,370863,1867.0,83,1868.0,125,1869.0,135,1870.0,148,1871.0,61,1872.0,32,1873.0,33,1874.0,128,1875.0,88,1876.0,270,1872.0
SA501,,13:41:22.250#,1885.0,1902.0,1855.0,2083.0,1703.0,159277,370863,1867.0,83,1868.0,125,1869.0,135,1870.0,148,1871.0,61,1872.0,33,1873.0,33,1874.0,128,1875.0,88,1876.0,270,1872.0
SA501,,13:41:22.500#,1885.0,1902.0,1855.0,2083.0,1703.0,159277,370863,1867.0,83,1868.0,125,1869.0,135,1870.0,148,1871.0,61,1872.0,33,1873.0,33,1874.0,128,1875.0,88,1876.0,270,1872.0
SA501,,13:41:22.750#,1885.0,1902.0,1855.0,2083.0,1703.0,159277,370863,1867.0,83,1868.0,125,1869.0,135,1870.0,148,1871.0,61,1872.0,34,1873.0,33,1874.0,128,1875.0,88,1876.0,270,1872.0
SA501,,13:41:23.500#,1885.0,1902.0,1855.0,2083.0,1703.0,159278,370864,1867.0,83,1868.0,125,1869.0,135,1870.0,148,1871.0,60,1872.0,34,1873.0,33,1874.0,128,1875.0,88,1876.0,270,1871.0
SA501,,13:41:24.0#,1885.0,1902.0,1855.0,2083.0,1703.0,159278,370864,1867.0,83,1868.0,125,1869.0,135,1870.0,149,1871.0,60,1872.0,34,1873.0,33,1874.0,128,1875.0,88,1876.0,270,1871.0
SA501,,13:41:25.0#,1885.0,1902.0,1855.0,2083.0,1703.0,159278,370864,1867.0,83,1868.0,125,1869.0,135,1870.0,149,1871.0,60,1872.0,34,1873.0,33,1874.0,128,1875.0,88,1876.0,270,1871.0
SA501,,13:41:26.250#,1885.0,1902.0,1855.0,2083.0,1703.0,159278,370864,1867.0,83,1868.0,125,1869.0,138,1870.0,149,1871.0,60,1872.0,34,1873.0,33,1874.0,128,1875.0,87,1876.0,270,1871.0
SA501,,13:41:26.500#,1885.0,1902.0,1855.0,2083.0,1703.0,159278,370864,1867.0,83,1868.0,125,1869.0,138,1870.0,149,1871.0,60,1872.0,34,1873.0,33,1874.0,128,1875.0,87,1876.0,270,1871.0
SA501,,13:41:26.750#,1885.0,1902.0,1855.0,2083.0,1703.0,159278,370864,1867.0,83,1868.0,125,1869.0,139,1870.0,149,1871.0,60,1872.0,35,1873.0,33,1874.0,128,1875.0,86,1876.0,270,1871.0
SA501,,13:41:27.0#,1885.0,1902.0,1855.0,2083.0,1703.0,159278,370864,1867.0,83,1868.0,125,1869.0,139,1870.0,149,1871.0,61,1872.0,35,1873.0,33,1874.0,128,1875.0,86,1876.0,270,1871.0
SA501,,13:41:27.500#,1885.0,1902.0,1855.0,2083.0,1703.0,159279,370864,1867.0,83,1868.0,125,1869.0,139,1870.0,149,1871.0,61,1872.0,34,1873.0,33,1874.0,128,1875.0,86,1876.0,270,1872.0
SA501,,13:41:29.250#,1885.0,1902.0,1855.0,2083.0,1703.0,159280,370864,1867.0,83,1868.0,125,1869.0,139,1870.0,149,1871.0,61,1872.0,33,1873.0,33,1874.0,128,1875.0,86,1876.0,270,1872.0
SA501,,13:41:29.500#,1885.0,1902.0,1855.0,2083.0,1703.0,159280,370864,1867.0,83,1868.0,125,1869.0,136,1870.0,149,1871.0,61,1872.0,33,1873.0,33,1874.0,128,1875.0,86,1876.0,270,1872.0
SA501,,13:41:29.750#,1885.0,1902.0,1855.0,2083.0,1703.0,159280,370864,1867.0,84,1868.0,125,1869.0,136,1870.0,149,1871.0,61,1872.0,38,1873.0,33,1874.0,128,1875.0,86,1876.0,270,1872.0
SA501,,13:41:30.250#,1885.0,1902.0,1855.0,2083.0,1703.0,159281,370864,1867.0,84,1868.0,125,1869.0,136,1870.0,149,1871.0,60,1872.0,38,1873.0,33,1874.0,128,1875.0,86,1876.0,270,1871.0
SA501,,13:41:31.0#,1885.0,1902.0,1855.0,2083.0,1703.0,159281,370864,1867.0,84,1868.0,125,1869.0,136,1870.0,149,1871.0,60,1872.0,38,1873.0,33,1874.0,128,1875.0,86,1876.0,270,1871.0
SA501,,13:41:31.500#,1885.0,1902.0,1855.0,2083.0,1703.0,159281,370864,1867.0,84,1868.0,125,1869.0,136,1870.0,149,1871.0,60,1872.0,39,1873.0,33,1874.0,128,1875.0,86,1876.0,270,1871.0
SA501,,13:41:31.750#,1885.0,1902.0,1855.0,2083.0,1703.0,159281,370864,1867.0,84,1868.0,125,1869.0,136,1870.0,149,1871.0,59,1872.0,34,1873.0,33,1874.0,128,1875.0,86,1876.0,270,1871.0
SA501,,13:41:32.250#,1885.0,1902.0,1855.0,2083.0,1703.0,159282,370864,1867.0,84,1868.0,125,1869.0,136,1870.0,149,1871.0,59,1872.0,33,1873.0,33,1874.0,128,1875.0,86,1876.0,270,1872.0
SA501,,13:41:33.0#,1885.0,1902.0,1855.0,2083.0,1703.0,159287,370869,1867.0,84,1868.0,125,1869.0,136,1870.0,149,1871.0,59,1872.0,28,1873.0,33,1874.0,128,1875.0,86,1876.0,270,1872.0
SA501,,13:41:34.750#,1885.0,1902.0,1855.0,2083.0,1703.0,159287,370869,1867.0,84,1868.0,125,1869.0,136,1870.0,149,1871.0,59,1872.0,28,1873.0,33,1874.0,128,1875.0,86,1876.0,270,1872.0
SA501,,13:41:36.250#,1885.0,1902.0,1855.0,2083.0,1703.0,159287,370869,1867.0,84,1868.0,125,1869.0,136,1870.0,149,1871.0,59,1872.0,28,1873.0,33,1874.0,128,1875.0,86,1876.0,270,1872.0
SA501,,13:41:38.250#,1885.0,1902.0,1855.0,2083.0,1703.0,159288,370870,1867.0,84,1868.0,125,1869.0,136,1870.0,150,1871.0,59,1872.0,27,1873.0,33,1874.0,128,1875.0,86,1876.0,270,1872.0
SA501,,13:41:38.500#,1885.0,1902.0,1855.0,2083.0,1703.0,159289,370871,1867.0,84,1868.0,125,1869.0,136,1870.0,150,1871.0,58,1872.0,27,1873.0,33,1874.0,128,1875.0,86,1876.0,270,1871.0
SA501,,13:41:40.750#,1885.0,1902.0,1855.0,2083.0,1703.0,159289,370871,1867.0,84,1868.0,125,1869.0,136,1870.0,150,1871.0,59,1872.0,27,1873.0,33,1874.0,128,1875.0,86,1876.0,270,1871.0
SA501,,13:41:41.250#,1885.0,1902.0,1855.0,2083.0,1703.0,159289,370871,1867.0,84,1868.0,125,1869.0,136,1870.0,150,1871.0,59,1872.0,27,1873.0,33,1874.0,128,1875.0,86,1876.0,270,1871.0
SA501,,13:41:45.250#,1885.0,1902.0,1855.0,2083.0,1703.0,159291,370873,1867.0,84,1868.0,125,1869.0,136,1870.0,150,1871.0,58,1872.0,36,1873.0,37,1874.0,128,1875.0,85,1876.0,270,1872.0
SA501,,13:41:47.500#,1885.0,1902.0,1855.0,2083.0,1703.0,159291,370873,1867.0,84,1868.0,125,1869.0,136,1870.0,150,1871.0,58,1872.0,40,1873.0,37,1874.0,128,1875.0,85,1876.0,270,1872.0
SA501,,13:41:47.750#,1885.0,1902.0,1855.0,2083.0,1703.0,159291,370873,1867.0,84,1868.0,125,1869.0,136,1870.0,150,1871.0,58,1872.0,40,1873.0,37,1874.0,128,1875.0,85,1876.0,270,1872.0
SA501,,13:41:49.0#,1885.0,1902.0,1855.0,2083.0,1703.0,159291,370873,1867.0,84,1868.0,125,1869.0,136,1870.0,150,1871.0,58,1872.0,46,1873.0,38,1874.0,128,1875.0,85,1876.0,270,1872.0
SA501,,13:41:50.0#,1885.0,1902.0,1855.0,2083.0,1703.0,159291,370873,1867.0,84,1868.0,125,1869.0,136,1870.0,150,1871.0,58,1872.0,46,1873.0,38,1874.0,128,1875.0,85,1876.0,270,1872.0
SA501,,13:41:52.750#,1885.0,1902.0,1855.0,2083.0,1703.0,159307,370868,1867.0,84,1868.0,125,1869.0,136,1870.0,150,1871.0,48,1872.0,41,1873.0,38,1874.0,128,1875.0,85,1876.0,270,1872.0
SA501,,13:41:53.0#,1885.0,1902.0,1855.0,2083.0,1703.0,159312,370869,1867.0,84,1868.0,125,1869.0,136,1870.0,150,1871.0,48,1872.0,44,1873.0,38,1874.0,128,1875.0,85,1876.0,270,1872.0
SA501,,13:41:54.250#,1885.0,1902.0,1855.0,2083.0,1703.0,159312,370869,1867.0,84,1868.0,125,1869.0,136,1870.0,150,1871.0,48,1872.0,44,1873.0,38,1874.0,128,1875.0,85,1876.0,270,1872.0
SA501,,13:41:55.250#,1885.0,1902.0,1855.0,2083.0,1703.0,159312,370869,1867.0,85,1868.0,125,1869.0,136,1870.0,150,1871.0,48,1872.0,44,1873.0,38,1874.0,128,1875.0,85,1876.0,270,1872.0
SA501,,13:42:00.0#,1885.0,1902.0,1855.0,2083.0,1703.0,159315,370867,1867.0,84,1868.0,125,1869.0,136,1870.0,150,1871.0,47,1872.0,43,1873.0,38,1874.0,128,1875.0,85,1876.0,270,1872.0
SA501,,13:42:00.500#,1885.0,1902.0,1855.0,2083.0,1703.0,159315,370867,1867.0,84,1868.0,125,1869.0,136,1870.0,150,1871.0,47,1872.0,43,1873.0,39,1874.0,128,1875.0,85,1876.0,270,1872.0
SA501,,13:42:00.750#,1885.0,1902.0,1855.0,2083.0,1703.0,159315,370867,1867.0,84,1868.0,127,1869.0,136,1870.0,150,1871.0,47,1872.0,43,1873.0,39,1874.0,128,1875.0,85,1876.0,270,1872.0
SA501,,13:42:01.0#,1885.0,1902.0,1855.0,2083.0,1703.0,159316,370867,1867.0,84,1868.0,127,1869.0,136,1870.0,150,1871.0,47,1872.0,42,1873.0,39,1874.0,128,1875.0,85,1876.0,270,1872.0
SA501,,13:42:02.250#,1885.0,1902.0,1855.0,2083.0,1703.0,159316,370867,1867.0,84,1868.0,127,1869.0,136,1870.0,150,1871.0,48,1872.0,42,1873.0,39,1874.0,128,1875.0,85,1876.0,270,1872.0
SA501,,13:42:02.500#,1885.0,1902.0,1855.0,2083.0,1703.0,159316,370867,1867.0,84,1868.0,127,1869.0,136,1870.0,150,1871.0,48,1872.0,43,1873.0,37,1874.0,128,1875.0,85,1876.0,270,1872.0
SA501,,13:42:03.0#,1885.0,1902.0,1855.0,2083.0,1703.0,159318,370867,1867.0,84,1868.0,127,1869.0,135,1870.0,150,1871.0,49,1872.0,41,1873.0,37,1874.0,128,1875.0,85,1876.0,270,1872.0
SA501,,13:42:03.250#,1885.0,1902.0,1855.0,2083.0,1703.0,159318,370867,1867.0,84,1868.0,127,1869.0,135,1870.0,149,1871.0,49,1872.0,41,1873.0,37,1874.0,128,1875.0,85,1876.0,270,1872.0
SA501,,13:42:04.500#,1885.0,1902.0,1855.0,2083.0,1703.0,159318,370867,1867.0,84,1868.0,127,1869.0,135,1870.0,149,1871.0,49,1872.0,46,1873.0,37,1874.0,128,1875.0,85,1876.0,270,1872.0
SA501,,13:42:04.750#,1885.0,1902.0,1855.0,2083.0,1703.0,159318,370867,1867.0,84,1868.0,127,1869.0,135,1870.0,149,1871.0,49,1872.0,46,1873.0,37,1874.0,128,1875.0,85,1876.0,270,1872.0
SA501,,13:42:05.0#,1885.0,1902.0,1855.0,2083.0,1703.0,159318,370867,1867.0,84,1868.0,127,1869.0,135,1870.0,149,1871.0,49,1872.0,46,1873.0,37,1874.0,128,1875.0,85,1876.0,270,1872.0
SA501,,13:42:05.750#,1885.0,1902.0,1855.0,2083.0,1703.0,159319,370867,1867.0,84,1868.0,127,1869.0,135,1870.0,149,1871.0,49,1872.0,45,1873.0,37,1874.0,128,1875.0,85,1876.0,270,1872.0
SA501,,13:42:07.0#,1885.0,1902.0,1855.0,2083.0,1703.0,159319,370867,1867.0,84,1868.0,127,1869.0,135,1870.0,149,1871.0,50,1872.0,45,1873.0,37,1874.0,128,1875.0,85,1876.0,270,1872.0
SA501,,13:42:07.750#,1885.0,1902.0,1855.0,2083.0,1703.0,159320,370866,1867.0,84,1868.0,127,1869.0,135,1870.0,149,1871.0,49,1872.0,45,1873.0,37,1874.0,128,1875.0,85,1876.0,270,1871.0
SA501,,13:42:09.250#,1885.0,1902.0,1855.0,2083.0,1703.0,159320,370866,1867.0,84,1868.0,127,1869.0,135,1870.0,149,1871.0,49,1872.0,45,1873.0,37,1874.0,128,1875.0,85,1876.0,270,1871.0
SA501,,13:42:13.500#,1885.0,1902.0,1855.0,2083.0,1703.0,159320,370866,1867.0,84,1868.0,125,1869.0,135,1870.0,149,1871.0,49,1872.0,45,1873.0,37,1874.0,128,1875.0,90,1876.0,270,1871.0
SA501,,13:42:15.750#,1885.0,1902.0,1855.0,2083.0,1703.0,159373,370885,1866.0,155,1867.0,84,1868.0,125,1869.0,135,1870.0,207,1871.0,15,1872.0,46,1873.0,37,1874.0,128,1875.0,90,1871.0
SA501,,13:42:16.0#,1885.0,1902.0,1855.0,2083.0,1703.0,159373,370885,1866.0,155,1867.0,84,1868.0,125,1869.0,135,1870.0,199,1871.0,15,1872.0,46,1873.0,37,1874.0,128,1875.0,90,1871.0
SA501,,13:42:16.250#,1885.0,1902.0,1855.0,2083.0,1703.0,159375,370886,1866.0,155,1867.0,84,1868.0,125,1869.0,135,1870.0,199,1871.0,13,1872.0,46,1873.0,37,1874.0,128,1875.0,90,1871.0
SA501,,13:42:16.500#,1885.0,1902.0,1855.0,2083.0,1703.0,159375,370886,1866.0,155,1867.0,84,1868.0,125,1869.0,135,1870.0,199,1871.0,14,1872.0,46,1873.0,37,1874.0,128,1875.0,90,1871.0
SA501,,13:42:17.250#,1885.0,1902.0,1855.0,2083.0,1703.0,159395,370889,1866.0,155,1867.0,84,1868.0,125,1869.0,135,1870.0,179,1871.0,21,1872.0,46,1873.0,33,1874.0,128,1875.0,90,1870.0
SA501,,13:42:17.500#,1885.0,1902.0,1855.0,2083.0,1703.0,159396,370889,1866.0,155,1867.0,84,1868.0,125,1869.0,135,1870.0,179,1871.0,20,1872.0,46,1873.0,33,1874.0,128,1875.0,90,1871.0
SA501,,13:42:24.250#,1885.0,1902.0,1855.0,2083.0,1703.0,159397,370889,1866.0,156,1867.0,84,1868.0,126,1869.0,133,1870.0,174,1871.0,9,1872.0,48,1873.0,32,1874.0,130,1875.0,90,1871.0
SA501,,13:42:24.500#,1885.0,1902.0,1855.0,2083.0,1703.0,159398,370890,1866.0,156,1867.0,84,1868.0,126,1869.0,133,1870.0,174,1871.0,8,1872.0,48,1873.0,32,1874.0,130,1875.0,90,1871.0
SA501,,13:42:25.0#,1885.0,1902.0,1855.0,2083.0,1703.0,159398,370890,1866.0,156,1867.0,84,1868.0,126,1869.0,133,1870.0,174,1871.0,4,1872.0,52,1873.0,34,1874.0,130,1875.0,90,1871.0
SA501,,13:42:26.250#,1885.0,1902.0,1855.0,2083.0,1703.0,159398,370890,1866.0,156,1867.0,84,1868.0,126,1869.0,133,1870.0,174,1871.0,4,1872.0,57,1873.0,34,1874.0,130,1875.0,85,1871.0
SA501,,13:42:26.500#,1885.0,1902.0,1855.0,2083.0,1703.0,159398,370890,1866.0,156,1867.0,84,1868.0,126,1869.0,133,1870.0,174,1871.0,4,1872.0,57,1873.0,34,1874.0,130,1875.0,85,1871.0
SA501,,13:42:26.750#,1885.0,1902.0,1855.0,2083.0,1703.0,159398,370890,1866.0,156,1867.0,84,1868.0,126,1869.0,133,1870.0,175,1871.0,4,1872.0,57,1873.0,34,1874.0,130,1875.0,85,1871.0
SA501,,13:42:31.0#,1885.0,1902.0,1855.0,2083.0,1703.0,159400,370892,1866.0,156,1867.0,84,1868.0,128,1869.0,133,1870.0,173,1871.0,2,1872.0,55,1873.0,34,1874.0,130,1875.0,85,1871.0
SA501,,13:42:31.500#,1885.0,1902.0,1855.0,2083.0,1703.0,159402,370892,1867.0,84,1868.0,128,1869.0,133,1870.0,173,1871.0,39,1872.0,51,1873.0,34,1874.0,130,1875.0,85,1876.0,268,1871.0
SA501,,13:42:31.750#,1885.0,1902.0,1855.0,2083.0,1703.0,159402,370892,1867.0,84,1868.0,128,1869.0,133,1870.0,146,1871.0,68,1872.0,49,1873.0,34,1874.0,130,1875.0,85,1876.0,268,1871.0
SA501,,13:42:32.0#,1885.0,1902.0,1855.0,2083.0,1703.0,159402,370892,1867.0,84,1868.0,128,1869.0,133,1870.0,146,1871.0,68,1872.0,47,1873.0,34,1874.0,130,1875.0,85,1876.0,268,1871.0
SA501,,13:42:32.250#,1885.0,1902.0,1855.0,2083.0,1703.0,159402,370892,1867.0,84,1868.0,128,1869.0,133,1870.0,146,1871.0,68,1872.0,46,1873.0,34,1874.0,130,1875.0,85,1876.0,268,1871.0
SA501,,13:42:32.500#,1885.0,1902.0,1855.0,2083.0,1703.0,159410,370892,1867.0,84,1868.0,128,1869.0,133,1870.0,146,1871.0,73,1872.0,44,1873.0,34,1874.0,130,1875.0,85,1876.0,268,1872.0
SA501,,13:42:32.750#,1885.0,1902.0,1855.0,2083.0,1703.0,159454,370913,1868.0,128,1869.0,133,1870.0,146,1871.0,68,1872.0,76,1873.0,55,1874.0,130,1875.0,85,1876.0,268,1877.0,37,1872.0
SA501,,13:42:33.0#,1885.0,1902.0,1855.0,2083.0,1703.0,159457,370913,1868.0,128,1869.0,134,1870.0,146,1871.0,69,1872.0,73,1873.0,45,1874.0,130,1875.0,85,1876.0,268,1877.0,37,1872.0
SA501,,13:42:33.250#,1885.0,1902.0,1855.0,2083.0,1703.0,159459,370913,1868.0,128,1869.0,134,1870.0,149,1871.0,70,1872.0,71,1873.0,43,1874.0,130,1875.0,85,1876.0,268,1877.0,37,1872.0
SA501,,13:42:33.500#,1885.0,1902.0,1855.0,2083.0,1703.0,159459,370913,1868.0,128,1869.0,134,1870.0,149,1871.0,70,1872.0,71,1873.0,43,1874.0,130,1875.0,85,1876.0,268,1877.0,37,1872.0
SA501,,13:42:34.750#,1885.0,1902.0,1855.0,2083.0,1703.0,159460,370913,1868.0,128,1869.0,134,1870.0,154,1871.0,70,1872.0,62,1873.0,42,1874.0,130,1875.0,85,1876.0,268,1877.0,37,1872.0
SA501,,13:42:35.0#,1885.0,1902.0,1855.0,2083.0,1703.0,159460,370913,1868.0,128,1869.0,134,1870.0,154,1871.0,70,1872.0,58,1873.0,42,1874.0,130,1875.0,85,1876.0,268,1877.0,37,1872.0
SA501,,13:42:35.250#,1885.0,1902.0,1855.0,2083.0,1703.0,159465,370913,1868.0,128,1869.0,134,1870.0,154,1871.0,70,1872.0,44,1873.0,42,1874.0,130,1875.0,85,1876.0,268,1877.0,37,1872.0
SA501,,13:42:35.500#,1885.0,1902.0,1855.0,2083.0,1703.0,159466,370912,1868.0,128,1869.0,134,1870.0,156,1871.0,70,1872.0,11,1873.0,41,1874.0,130,1875.0,85,1876.0,268,1877.0,37,1872.0
SA501,,13:42:35.750#,1885.0,1902.0,1855.0,2083.0,1703.0,159468,370910,1868.0,128,1869.0,134,1870.0,156,1871.0,70,1872.0,9,1873.0,39,1874.0,130,1875.0,85,1876.0,268,1877.0,37,1872.0
SA501,,13:42:36.0#,1885.0,1902.0,1855.0,2083.0,1703.0,159477,370909,1867.0,84,1868.0,128,1869.0,134,1870.0,157,1871.0,75,1873.0,33,1874.0,130,1875.0,85,1876.0,268,1877.0,37,1872.0
SA501,,13:42:36.250#,1885.0,1902.0,1855.0,2083.0,1703.0,159477,370909,1867.0,84,1868.0,128,1869.0,134,1870.0,157,1871.0,75,1873.0,33,1874.0,130,1875.0,86,1876.0,268,1877.0,37,1872.0
SA501,,13:42:36.500#,1885.0,1902.0,1855.0,2083.0,1703.0,159477,370909,1867.0,84,1868.0,128,1869.0,134,1870.0,157,1871.0,77,1873.0,26,1874.0,130,1875.0,86,1876.0,268,1877.0,37,1872.0
SA501,,13:42:36.750#,1885.0,1902.0,1855.0,2083.0,1703.0,159477,370909,1867.0,84,1868.0,128,1869.0,134,1870.0,157,1871.0,77,1873.0,32,1874.0,130,1875.0,86,1876.0,268,1877.0,37,1872.0
SA501,,13:42:37.250#,1885.0,1902.0,1855.0,2083.0,1703.0,159477,370909,1867.0,84,1868.0,128,1869.0,134,1870.0,157,1871.0,78,1873.0,32,1874.0,130,1875.0,86,1876.0,268,1877.0,37,1872.0
SA501,,13:42:38.250#,1885.0,1902.0,1855.0,2083.0,1703.0,159477,370909,1867.0,84,1868.0,127,1869.0,134,1870.0,157,1871.0,78,1873.0,32,1874.0,130,1875.0,86,1876.0,268,1877.0,37,1872.0
SA501,,13:42:38.750#,1885.0,1902.0,1855.0,2083.0,1703.0,159477,370909,1867.0,84,1868.0,127,1869.0,134,1870.0,158,1871.0,78,1873.0,32,1874.0,130,1875.0,86,1876.0,268,1877.0,37,1872.0
SA501,,13:42:39.0#,1885.0,1902.0,1855.0,2083.0,1703.0,159477,370909,1867.0,84,1868.0,127,1869.0,134,1870.0,158,1871.0,78,1873.0,32,1874.0,130,1875.0,87,1876.0,268,1877.0,37,1872.0
SA501,,13:42:39.500#,1885.0,1902.0,1855.0,2083.0,1703.0,159477,370909,1867.0,84,1868.0,127,1869.0,134,1870.0,158,1871.0,78,1873.0,32,1874.0,130,1875.0,87,1876.0,268,1877.0,37,1872.0
SA501,,13:42:39.750#,1885.0,1902.0,1855.0,2083.0,1703.0,159477,370909,1867.0,84,1868.0,127,1869.0,134,1870.0,158,1871.0,78,1873.0,32,1874.0,130,1875.0,87,1876.0,268,1877.0,37,1872.0
SA501,,13:42:40.250#,1885.0,1902.0,1855.0,2083.0,1703.0,159477,370909,1867.0,84,1868.0,127,1869.0,134,1870.0,158,1871.0,78,1873.0,33,1874.0,130,1875.0,87,1876.0,268,1877.0,37,1872.0
SA501,,13:42:40.500#,1885.0,1902.0,1855.0,2083.0,1703.0,159477,370909,1867.0,84,1868.0,127,1869.0,134,1870.0,159,1871.0,78,1873.0,33,1874.0,130,1875.0,87,1876.0,268,1877.0,37,1872.0
SA501,,13:42:41.0#,1885.0,1902.0,1855.0,2083.0,1703.0,159477,370909,1868.0,127,1869.0,134,1870.0,159,1871.0,73,1872.0,9,1873.0,31,1874.0,130,1875.0,87,1876.0,268,1877.0,37,1872.0
SA501,,13:42:41.250#,1885.0,1902.0,1855.0,2083.0,1703.0,159477,370909,1868.0,127,1869.0,134,1870.0,159,1871.0,75,1872.0,17,1873.0,31,1874.0,130,1875.0,87,1876.0,268,1877.0,37,1872.0
SA501,,13:42:41.500#,1885.0,1902.0,1855.0,2083.0,1703.0,159477,370909,1868.0,127,1869.0,134,1870.0,159,1871.0,74,1872.0,17,1873.0,31,1874.0,130,1875.0,87,1876.0,268,1877.0,37,1872.0
SA501,,13:42:41.750#,1885.0,1902.0,1855.0,2083.0,1703.0,159477,370909,1868.0,127,1869.0,134,1870.0,159,1871.0,74,1872.0,18,1873.0,31,1874.0,130,1875.0,87,1876.0,268,1877.0,37,1872.0
SA501,,13:42:42.500#,1885.0,1902.0,1855.0,2083.0,1703.0,159477,370909,1868.0,127,1869.0,134,1870.0,159,1871.0,74,1872.0,18,1873.0,32,1874.0,130,1875.0,87,1876.0,268,1877.0,37,1872.0
SA501,,13:42:42.750#,1885.0,1902.0,1855.0,2083.0,1703.0,159477,370909,1868.0,127,1869.0,134,1870.0,159,1871.0,72,1872.0,18,1873.0,32,1874.0,130,1875.0,87,1876.0,268,1877.0,37,1872.0
SA501,,13:42:43.0#,1885.0,1902.0,1855.0,2083.0,1703.0,159478,370909,1867.0,84,1868.0,127,1869.0,134,1870.0,159,1871.0,77,1872.0,19,1873.0,30,1874.0,130,1875.0,87,1876.0,268,1872.0
SA501,,13:42:43.250#,1885.0,1902.0,1855.0,2083.0,1703.0,159478,370909,1867.0,84,1868.0,127,1869.0,134,1870.0,121,1871.0,113,1872.0,19,1873.0,30,1874.0,130,1875.0,87,1876.0,268,1872.0
SA501,,13:42:43.500#,1885.0,1902.0,1855.0,2083.0,1703.0,159478,370909,1867.0,84,1868.0,127,1869.0,134,1870.0,121,1871.0,114,1872.0,19,1873.0,30,1874.0,130,1875.0,87,1876.0,262,1872.0
SA501,,13:42:44.0#,1885.0,1902.0,1855.0,2083.0,1703.0,159478,370909,1867.0,84,1868.0,127,1869.0,134,1870.0,121,1871.0,107,1872.0,19,1873.0,33,1874.0,130,1875.0,87,1876.0,262,1872.0
SA501,,13:42:44.500#,1885.0,1902.0,1855.0,2083.0,1703.0,159480,370909,1867.0,84,1868.0,127,1869.0,134,1870.0,121,1871.0,95,1872.0,21,1873.0,33,1874.0,130,1875.0,87,1876.0,262,1872.0
SA501,,13:42:45.0#,1885.0,1902.0,1855.0,2083.0,1703.0,159481,370909,1867.0,84,1868.0,127,1869.0,134,1870.0,121,1871.0,94,1872.0,20,1873.0,33,1874.0,130,1875.0,87,1876.0,262,1872.0
SA501,,13:42:45.250#,1885.0,1902.0,1855.0,2083.0,1703.0,159482,370909,1867.0,84,1868.0,127,1869.0,134,1870.0,123,1871.0,94,1872.0,19,1873.0,33,1874.0,130,1875.0,87,1876.0,262,1872.0
SA501,,13:42:45.500#,1885.0,1902.0,1855.0,2083.0,1703.0,159485,370909,1867.0,84,1868.0,127,1869.0,134,1870.0,123,1871.0,92,1872.0,18,1873.0,33,1874.0,130,1875.0,87,1876.0,262,1872.0
SA501,,13:42:45.750#,1885.0,1902.0,1855.0,2083.0,1703.0,159487,370909,1867.0,84,1868.0,127,1869.0,134,1870.0,123,1871.0,82,1872.0,16,1873.0,33,1874.0,130,1875.0,87,1876.0,262,1872.0
SA501,,13:42:46.0#,1885.0,1902.0,1855.0,2083.0,1703.0,159492,370909,1867.0,84,1868.0,127,1869.0,134,1870.0,124,1871.0,77,1872.0,16,1873.0,33,1874.0,130,1875.0,87,1876.0,262,1871.0
SA501,,13:42:46.500#,1885.0,1902.0,1855.0,2083.0,1703.0,159492,370909,1867.0,84,1868.0,127,1869.0,134,1870.0,124,1871.0,77,1872.0,16,1873.0,33,1874.0,130,1875.0,87,1876.0,262,1871.0
