InstrumentId,ExchangeId,Datetime,OpenPrice,HighestPrice,LowestPrice,UpperLimitPrice,LowerLimitPrice,Volume,OpenInterest,BidPrice5,BidVolume5,BidPrice4,BidVolume4,BidPrice3,BidVolume3,BidPrice2,BidVolume2,BidPrice1,BidVolume1,AskPrice1,AskVolume1,AskPrice2,AskVolume2,AskPrice3,AskVolume3,AskPrice4,AskVolume4,AskPrice5,AskVolume5,LastPrice
SA505,,13:38:35.250#,1890.0,1908.0,1872.0,2096.0,1714.0,6208,29470,1876.0,8,1877.0,110,1878.0,7,1879.0,18,1881.0,9,1883.0,26,1884.0,4,1885.0,19,1886.0,6,1887.0,9,1882.0
SA505,,13:38:36.0#,1890.0,1908.0,1872.0,2096.0,1714.0,6208,29470,1876.0,8,1877.0,110,1878.0,7,1879.0,18,1881.0,7,1883.0,26,1884.0,4,1885.0,19,1886.0,6,1887.0,9,1882.0
SA505,,13:38:37.0#,1890.0,1908.0,1872.0,2096.0,1714.0,6208,29470,1876.0,8,1877.0,110,1878.0,7,1879.0,18,1881.0,6,1883.0,26,1884.0,4,1885.0,19,1886.0,6,1887.0,9,1882.0
SA505,,13:38:40.500#,1890.0,1908.0,1872.0,2096.0,1714.0,6209,29471,1876.0,8,1877.0,110,1878.0,7,1879.0,18,1881.0,6,1883.0,26,1884.0,4,1885.0,19,1886.0,6,1887.0,9,1882.0
SA505,,13:38:42.750#,1890.0,1908.0,1872.0,2096.0,1714.0,6209,29471,1877.0,110,1878.0,7,1879.0,18,1881.0,1,1882.0,1,1883.0,23,1884.0,4,1885.0,19,1886.0,6,1887.0,9,1882.0
SA505,,13:38:43.0#,1890.0,1908.0,1872.0,2096.0,1714.0,6209,29471,1876.0,8,1877.0,110,1878.0,7,1879.0,18,1882.0,1,1883.0,21,1884.0,4,1885.0,19,1886.0,6,1887.0,9,1882.0
SA505,,13:38:43.250#,1890.0,1908.0,1872.0,2096.0,1714.0,6209,29471,1876.0,8,1877.0,110,1878.0,7,1879.0,18,1882.0,1,1883.0,26,1884.0,4,1885.0,19,1886.0,6,1887.0,9,1882.0
SA505,,13:38:44.0#,1890.0,1908.0,1872.0,2096.0,1714.0,6229,29491,1876.0,8,1877.0,110,1878.0,7,1879.0,18,1882.0,1,1883.0,6,1884.0,4,1885.0,19,1886.0,6,1887.0,9,1882.0
SA505,,13:38:44.500#,1890.0,1908.0,1872.0,2096.0,1714.0,6229,29491,1876.0,8,1877.0,110,1878.0,7,1879.0,18,1882.0,12,1883.0,6,1884.0,4,1885.0,19,1886.0,6,1887.0,9,1882.0
SA505,,13:38:44.750#,1890.0,1908.0,1872.0,2096.0,1714.0,6229,29491,1876.0,8,1877.0,110,1878.0,7,1879.0,18,1882.0,2,1883.0,6,1884.0,4,1885.0,19,1886.0,6,1887.0,9,1882.0
SA505,,13:38:45.0#,1890.0,1908.0,1872.0,2096.0,1714.0,6229,29491,1876.0,8,1877.0,110,1878.0,7,1879.0,18,1882.0,1,1883.0,6,1884.0,4,1885.0,2,1886.0,6,1887.0,9,1882.0
SA505,,13:38:47.0#,1890.0,1908.0,1872.0,2096.0,1714.0,6249,29500,1876.0,8,1877.0,110,1878.0,7,1879.0,18,1882.0,1,1883.0,6,1884.0,4,1885.0,2,1886.0,6,1887.0,9,1883.0
SA505,,13:38:47.250#,1890.0,1908.0,1872.0,2096.0,1714.0,6249,29500,1876.0,8,1877.0,110,1878.0,7,1879.0,18,1882.0,2,1883.0,6,1884.0,4,1885.0,2,1886.0,6,1887.0,9,1883.0
SA505,,13:38:48.0#,1890.0,1908.0,1872.0,2096.0,1714.0,6249,29500,1877.0,110,1878.0,7,1879.0,18,1880.0,2,1882.0,2,1883.0,6,1884.0,4,1885.0,2,1886.0,6,1887.0,9,1883.0
SA505,,13:38:49.250#,1890.0,1908.0,1872.0,2096.0,1714.0,6249,29500,1877.0,110,1878.0,7,1879.0,18,1880.0,2,1882.0,21,1883.0,6,1884.0,4,1885.0,2,1886.0,6,1887.0,9,1883.0
SA505,,13:38:49.500#,1890.0,1908.0,1872.0,2096.0,1714.0,6249,29500,1877.0,110,1878.0,7,1879.0,18,1880.0,2,1882.0,17,1883.0,6,1884.0,4,1885.0,2,1886.0,6,1887.0,9,1883.0
SA505,,13:38:50.0#,1890.0,1908.0,1872.0,2096.0,1714.0,6258,29504,1878.0,7,1879.0,18,1880.0,2,1882.0,2,1883.0,9,1884.0,6,1885.0,2,1886.0,6,1887.0,9,1888.0,5,1883.0
SA505,,13:38:50.250#,1890.0,1908.0,1872.0,2096.0,1714.0,6258,29504,1878.0,7,1879.0,18,1880.0,2,1882.0,1,1883.0,9,1884.0,7,1885.0,2,1886.0,6,1887.0,9,1888.0,5,1883.0
SA505,,13:38:51.250#,1890.0,1908.0,1872.0,2096.0,1714.0,6258,29504,1878.0,7,1879.0,18,1880.0,2,1882.0,1,1883.0,10,1884.0,7,1885.0,2,1886.0,6,1887.0,9,1888.0,5,1883.0
SA505,,13:38:51.750#,1890.0,1908.0,1872.0,2096.0,1714.0,6258,29504,1878.0,7,1879.0,18,1880.0,2,1882.0,1,1883.0,13,1884.0,7,1885.0,2,1886.0,6,1887.0,9,1888.0,5,1883.0
SA505,,13:38:52.250#,1890.0,1908.0,1872.0,2096.0,1714.0,6258,29504,1878.0,7,1879.0,18,1880.0,2,1882.0,1,1883.0,14,1884.0,7,1885.0,2,1886.0,6,1887.0,9,1888.0,5,1883.0
SA505,,13:38:53.0#,1890.0,1908.0,1872.0,2096.0,1714.0,6258,29504,1878.0,7,1879.0,18,1880.0,2,1882.0,1,1883.0,14,1884.0,7,1885.0,2,1886.0,6,1887.0,9,1888.0,5,1883.0
SA505,,13:38:53.500#,1890.0,1908.0,1872.0,2096.0,1714.0,6258,29504,1878.0,7,1879.0,18,1880.0,2,1882.0,1,1883.0,21,1884.0,7,1885.0,2,1886.0,6,1887.0,9,1888.0,5,1883.0
SA505,,13:38:53.750#,1890.0,1908.0,1872.0,2096.0,1714.0,6258,29504,1878.0,7,1879.0,18,1880.0,2,1882.0,1,1883.0,22,1884.0,7,1885.0,2,1886.0,6,1887.0,9,1888.0,5,1883.0
SA505,,13:38:55.750#,1890.0,1908.0,1872.0,2096.0,1714.0,6318,29544,1878.0,7,1879.0,18,1880.0,2,1882.0,1,1884.0,16,1885.0,7,1886.0,6,1887.0,9,1888.0,5,1889.0,20,1884.0
SA505,,13:38:56.0#,1890.0,1908.0,1872.0,2096.0,1714.0,6319,29545,1878.0,7,1879.0,18,1880.0,2,1882.0,1,1884.0,18,1885.0,7,1886.0,6,1887.0,9,1888.0,5,1889.0,20,1884.0
SA505,,13:38:56.250#,1890.0,1908.0,1872.0,2096.0,1714.0,6319,29545,1878.0,7,1879.0,18,1880.0,2,1882.0,1,1884.0,18,1885.0,7,1886.0,6,1887.0,9,1888.0,5,1889.0,20,1884.0
SA505,,13:38:56.500#,1890.0,1908.0,1872.0,2096.0,1714.0,6319,29545,1878.0,7,1879.0,18,1880.0,2,1882.0,1,1884.0,19,1885.0,7,1886.0,6,1887.0,9,1888.0,5,1889.0,20,1884.0
SA505,,13:38:56.750#,1890.0,1908.0,1872.0,2096.0,1714.0,6319,29545,1878.0,7,1879.0,18,1880.0,2,1882.0,1,1884.0,15,1885.0,7,1886.0,6,1887.0,9,1888.0,5,1889.0,20,1884.0
SA505,,13:38:57.250#,1890.0,1908.0,1872.0,2096.0,1714.0,6319,29545,1878.0,7,1879.0,18,1880.0,2,1882.0,1,1884.0,9,1885.0,7,1886.0,6,1887.0,9,1888.0,5,1889.0,20,1884.0
SA505,,13:38:59.500#,1890.0,1908.0,1872.0,2096.0,1714.0,6320,29545,1878.0,7,1879.0,18,1880.0,2,1882.0,1,1884.0,8,1885.0,6,1886.0,6,1887.0,9,1888.0,5,1889.0,20,1884.0
SA505,,13:39:01.0#,1890.0,1908.0,1872.0,2096.0,1714.0,6321,29546,1878.0,7,1879.0,18,1880.0,2,1882.0,1,1884.0,9,1885.0,6,1886.0,6,1887.0,9,1888.0,5,1889.0,20,1882.0
SA505,,13:39:01.500#,1890.0,1908.0,1872.0,2096.0,1714.0,6321,29546,1878.0,7,1879.0,18,1880.0,2,1882.0,1,1884.0,11,1885.0,6,1886.0,6,1887.0,9,1888.0,5,1889.0,20,1882.0
SA505,,13:39:02.0#,1890.0,1908.0,1872.0,2096.0,1714.0,6322,29547,1878.0,7,1879.0,18,1880.0,2,1882.0,2,1884.0,11,1885.0,6,1886.0,6,1887.0,9,1888.0,5,1889.0,20,1884.0
SA505,,13:39:02.250#,1890.0,1908.0,1872.0,2096.0,1714.0,6322,29547,1878.0,7,1879.0,18,1880.0,2,1882.0,2,1884.0,12,1885.0,6,1886.0,6,1887.0,9,1888.0,5,1889.0,20,1884.0
SA505,,13:39:02.750#,1890.0,1908.0,1872.0,2096.0,1714.0,6322,29547,1878.0,7,1879.0,18,1880.0,2,1882.0,2,1884.0,7,1885.0,6,1886.0,6,1887.0,9,1888.0,5,1889.0,20,1884.0
SA505,,13:39:03.250#,1890.0,1908.0,1872.0,2096.0,1714.0,6329,29550,1878.0,7,1879.0,18,1880.0,2,1882.0,2,1884.0,2,1885.0,6,1886.0,6,1887.0,9,1888.0,5,1889.0,20,1884.0
SA505,,13:39:03.500#,1890.0,1908.0,1872.0,2096.0,1714.0,6332,29550,1878.0,7,1879.0,18,1880.0,2,1882.0,2,1883.0,118,1884.0,1,1885.0,2,1886.0,6,1887.0,9,1888.0,5,1884.0
SA505,,13:39:03.750#,1890.0,1908.0,1872.0,2096.0,1714.0,6333,29550,1878.0,7,1879.0,18,1880.0,2,1882.0,2,1883.0,117,1885.0,7,1886.0,6,1887.0,9,1888.0,5,1889.0,20,1884.0
SA505,,13:39:04.0#,1890.0,1908.0,1872.0,2096.0,1714.0,6333,29550,1878.0,7,1879.0,18,1880.0,2,1882.0,2,1883.0,117,1885.0,15,1886.0,6,1887.0,18,1888.0,5,1889.0,3,1884.0
SA505,,13:39:04.500#,1890.0,1908.0,1872.0,2096.0,1714.0,6333,29550,1878.0,7,1879.0,18,1880.0,2,1882.0,2,1883.0,117,1885.0,15,1886.0,6,1887.0,18,1888.0,5,1889.0,3,1884.0
SA505,,13:39:04.750#,1890.0,1908.0,1872.0,2096.0,1714.0,6333,29550,1878.0,7,1879.0,18,1880.0,2,1882.0,2,1883.0,117,1885.0,14,1886.0,6,1887.0,18,1888.0,5,1889.0,3,1884.0
SA505,,13:39:05.0#,1890.0,1908.0,1872.0,2096.0,1714.0,6333,29550,1878.0,7,1879.0,18,1880.0,2,1882.0,2,1883.0,117,1885.0,8,1886.0,14,1887.0,18,1888.0,5,1889.0,3,1884.0
SA505,,13:39:05.500#,1890.0,1908.0,1872.0,2096.0,1714.0,6333,29550,1878.0,7,1879.0,18,1880.0,2,1882.0,2,1883.0,117,1885.0,16,1886.0,6,1887.0,18,1888.0,5,1889.0,3,1884.0
SA505,,13:39:05.750#,1890.0,1908.0,1872.0,2096.0,1714.0,6333,29550,1878.0,7,1879.0,18,1880.0,2,1882.0,3,1883.0,117,1885.0,16,1886.0,6,1887.0,18,1888.0,5,1889.0,3,1884.0
SA505,,13:39:06.750#,1890.0,1908.0,1872.0,2096.0,1714.0,6333,29550,1878.0,7,1879.0,18,1880.0,2,1882.0,3,1883.0,117,1885.0,17,1886.0,6,1887.0,18,1888.0,5,1889.0,3,1884.0
SA505,,13:39:07.250#,1890.0,1908.0,1872.0,2096.0,1714.0,6333,29550,1878.0,7,1879.0,18,1880.0,2,1882.0,3,1883.0,127,1885.0,17,1886.0,6,1887.0,18,1888.0,5,1889.0,3,1884.0
SA505,,13:39:07.500#,1890.0,1908.0,1872.0,2096.0,1714.0,6333,29550,1878.0,7,1879.0,18,1880.0,2,1882.0,3,1883.0,127,1885.0,16,1886.0,6,1887.0,18,1888.0,5,1889.0,3,1884.0
SA505,,13:39:07.750#,1890.0,1908.0,1872.0,2096.0,1714.0,6334,29550,1878.0,7,1879.0,18,1880.0,2,1882.0,3,1883.0,126,1885.0,17,1886.0,6,1887.0,18,1888.0,5,1889.0,3,1884.0
SA505,,13:39:11.250#,1890.0,1908.0,1872.0,2096.0,1714.0,6336,29549,1878.0,7,1879.0,18,1880.0,2,1882.0,3,1883.0,126,1885.0,17,1886.0,6,1887.0,18,1888.0,5,1889.0,3,1884.0
SA505,,13:39:11.750#,1890.0,1908.0,1872.0,2096.0,1714.0,6336,29549,1878.0,7,1879.0,18,1880.0,2,1882.0,3,1883.0,126,1884.0,2,1885.0,12,1886.0,6,1887.0,18,1888.0,5,1884.0
SA505,,13:39:12.0#,1890.0,1908.0,1872.0,2096.0,1714.0,6336,29549,1878.0,7,1879.0,18,1880.0,2,1882.0,3,1883.0,126,1884.0,6,1885.0,12,1886.0,6,1887.0,18,1888.0,5,1884.0
SA505,,13:39:12.250#,1890.0,1908.0,1872.0,2096.0,1714.0,6338,29551,1878.0,7,1879.0,18,1880.0,2,1882.0,3,1883.0,124,1884.0,4,1885.0,12,1886.0,6,1887.0,18,1888.0,5,1883.0
SA505,,13:39:13.500#,1890.0,1908.0,1872.0,2096.0,1714.0,6339,29552,1878.0,7,1879.0,18,1880.0,2,1882.0,3,1883.0,123,1884.0,3,1885.0,12,1886.0,6,1887.0,18,1888.0,5,1884.0
SA505,,13:39:13.750#,1890.0,1908.0,1872.0,2096.0,1714.0,6340,29553,1878.0,7,1879.0,18,1880.0,2,1882.0,3,1883.0,122,1884.0,2,1885.0,12,1886.0,6,1887.0,18,1888.0,5,1884.0
SA505,,13:39:14.500#,1890.0,1908.0,1872.0,2096.0,1714.0,6340,29553,1878.0,7,1879.0,18,1880.0,2,1882.0,3,1883.0,122,1885.0,15,1886.0,6,1887.0,18,1888.0,5,1889.0,3,1884.0
SA505,,13:39:15.750#,1890.0,1908.0,1872.0,2096.0,1714.0,6340,29553,1878.0,7,1879.0,18,1880.0,2,1882.0,3,1883.0,122,1884.0,1,1885.0,12,1886.0,6,1887.0,18,1888.0,5,1884.0
SA505,,13:39:18.0#,1890.0,1908.0,1872.0,2096.0,1714.0,6340,29553,1877.0,110,1878.0,7,1879.0,18,1880.0,2,1883.0,122,1884.0,1,1885.0,12,1886.0,6,1887.0,18,1888.0,5,1884.0
SA505,,13:39:21.250#,1890.0,1908.0,1872.0,2096.0,1714.0,6340,29553,1878.0,7,1879.0,18,1880.0,2,1882.0,1,1883.0,122,1884.0,1,1885.0,12,1886.0,6,1887.0,18,1888.0,5,1884.0
SA505,,13:39:22.250#,1890.0,1908.0,1872.0,2096.0,1714.0,6340,29553,1878.0,7,1879.0,18,1880.0,2,1882.0,2,1883.0,122,1884.0,1,1885.0,12,1886.0,6,1887.0,18,1888.0,5,1884.0
SA505,,13:39:23.750#,1890.0,1908.0,1872.0,2096.0,1714.0,6340,29553,1878.0,7,1879.0,18,1880.0,2,1882.0,2,1883.0,122,1884.0,2,1885.0,12,1886.0,6,1887.0,18,1888.0,5,1884.0
SA505,,13:39:24.750#,1890.0,1908.0,1872.0,2096.0,1714.0,6340,29553,1878.0,7,1879.0,17,1880.0,2,1882.0,2,1883.0,122,1884.0,2,1885.0,12,1886.0,6,1887.0,18,1888.0,5,1884.0
SA505,,13:39:25.250#,1890.0,1908.0,1872.0,2096.0,1714.0,6340,29553,1878.0,7,1879.0,17,1880.0,2,1882.0,2,1883.0,122,1884.0,3,1885.0,12,1886.0,6,1887.0,18,1888.0,5,1884.0
SA505,,13:39:26.750#,1890.0,1908.0,1872.0,2096.0,1714.0,6341,29553,1878.0,7,1879.0,17,1880.0,2,1882.0,2,1883.0,121,1884.0,3,1885.0,12,1886.0,6,1887.0,18,1888.0,5,1883.0
SA505,,13:39:28.0#,1890.0,1908.0,1872.0,2096.0,1714.0,6344,29553,1879.0,17,1880.0,2,1882.0,2,1883.0,10,1884.0,11,1885.0,13,1886.0,6,1887.0,18,1888.0,5,1889.0,3,1884.0
SA505,,13:39:28.250#,1890.0,1908.0,1872.0,2096.0,1714.0,6344,29553,1879.0,17,1880.0,2,1882.0,2,1883.0,10,1884.0,29,1885.0,12,1886.0,6,1887.0,18,1888.0,5,1889.0,3,1884.0
SA505,,13:39:28.500#,1890.0,1908.0,1872.0,2096.0,1714.0,6344,29553,1879.0,17,1880.0,2,1882.0,2,1883.0,10,1884.0,35,1885.0,4,1886.0,14,1887.0,18,1888.0,5,1889.0,3,1884.0
SA505,,13:39:28.750#,1890.0,1908.0,1872.0,2096.0,1714.0,6352,29551,1879.0,17,1880.0,2,1882.0,2,1883.0,10,1884.0,41,1886.0,15,1887.0,18,1888.0,5,1889.0,3,1890.0,6,1885.0
SA505,,13:39:29.0#,1890.0,1908.0,1872.0,2096.0,1714.0,6352,29551,1879.0,17,1880.0,2,1882.0,2,1883.0,10,1885.0,6,1886.0,7,1887.0,26,1888.0,6,1889.0,3,1890.0,6,1885.0
SA505,,13:39:29.250#,1890.0,1908.0,1872.0,2096.0,1714.0,6352,29551,1879.0,17,1880.0,2,1882.0,2,1883.0,10,1885.0,6,1886.0,7,1887.0,26,1888.0,6,1889.0,3,1890.0,6,1885.0
SA505,,13:39:29.500#,1890.0,1908.0,1872.0,2096.0,1714.0,6352,29551,1879.0,17,1880.0,2,1882.0,2,1883.0,10,1885.0,5,1886.0,7,1887.0,9,1888.0,6,1889.0,20,1890.0,6,1885.0
SA505,,13:39:29.750#,1890.0,1908.0,1872.0,2096.0,1714.0,6355,29549,1879.0,17,1880.0,2,1882.0,2,1883.0,10,1884.0,41,1886.0,8,1887.0,9,1888.0,6,1889.0,20,1890.0,6,1885.0
SA505,,13:39:30.0#,1890.0,1908.0,1872.0,2096.0,1714.0,6355,29549,1879.0,17,1880.0,2,1882.0,2,1883.0,10,1884.0,55,1886.0,16,1887.0,1,1888.0,6,1889.0,20,1890.0,6,1885.0
SA505,,13:39:30.250#,1890.0,1908.0,1872.0,2096.0,1714.0,6355,29549,1879.0,17,1880.0,2,1882.0,2,1883.0,10,1884.0,58,1886.0,16,1887.0,1,1888.0,6,1889.0,20,1890.0,6,1885.0
SA505,,13:39:30.500#,1890.0,1908.0,1872.0,2096.0,1714.0,6356,29549,1879.0,17,1880.0,2,1882.0,2,1883.0,10,1884.0,55,1886.0,16,1887.0,1,1888.0,6,1889.0,20,1890.0,6,1884.0
SA505,,13:39:31.0#,1890.0,1908.0,1872.0,2096.0,1714.0,6356,29549,1879.0,17,1880.0,2,1882.0,2,1883.0,10,1884.0,57,1886.0,16,1887.0,1,1888.0,6,1889.0,20,1890.0,6,1884.0
SA505,,13:39:32.250#,1890.0,1908.0,1872.0,2096.0,1714.0,6356,29549,1879.0,17,1880.0,2,1882.0,2,1883.0,10,1884.0,58,1886.0,16,1887.0,1,1888.0,6,1889.0,20,1890.0,6,1884.0
SA505,,13:39:33.0#,1890.0,1908.0,1872.0,2096.0,1714.0,6356,29549,1879.0,17,1880.0,2,1882.0,2,1883.0,10,1884.0,58,1886.0,17,1887.0,1,1888.0,6,1889.0,20,1890.0,6,1884.0
SA505,,13:39:33.250#,1890.0,1908.0,1872.0,2096.0,1714.0,6356,29549,1879.0,17,1880.0,2,1882.0,2,1883.0,10,1884.0,62,1886.0,17,1887.0,1,1888.0,6,1889.0,20,1890.0,6,1884.0
SA505,,13:39:34.0#,1890.0,1908.0,1872.0,2096.0,1714.0,6356,29549,1879.0,17,1880.0,2,1882.0,2,1883.0,10,1884.0,61,1886.0,17,1887.0,1,1888.0,6,1889.0,20,1890.0,6,1884.0
SA505,,13:39:34.750#,1890.0,1908.0,1872.0,2096.0,1714.0,6356,29549,1879.0,17,1880.0,2,1882.0,2,1883.0,10,1884.0,61,1886.0,16,1887.0,1,1888.0,6,1889.0,20,1890.0,6,1884.0
SA505,,13:39:35.0#,1890.0,1908.0,1872.0,2096.0,1714.0,6356,29549,1879.0,17,1880.0,2,1882.0,2,1883.0,10,1884.0,57,1886.0,9,1887.0,9,1888.0,6,1889.0,20,1890.0,6,1884.0
SA505,,13:39:35.500#,1890.0,1908.0,1872.0,2096.0,1714.0,6356,29549,1879.0,17,1880.0,2,1882.0,2,1883.0,10,1884.0,57,1886.0,17,1887.0,1,1888.0,6,1889.0,20,1890.0,6,1884.0
SA505,,13:39:36.0#,1890.0,1908.0,1872.0,2096.0,1714.0,6356,29549,1879.0,17,1880.0,2,1882.0,3,1883.0,10,1884.0,57,1886.0,17,1887.0,1,1888.0,6,1889.0,20,1890.0,6,1884.0
SA505,,13:39:36.500#,1890.0,1908.0,1872.0,2096.0,1714.0,6356,29549,1879.0,17,1880.0,2,1882.0,3,1883.0,10,1885.0,2,1886.0,16,1887.0,1,1888.0,6,1889.0,20,1890.0,6,1884.0
SA505,,13:39:36.750#,1890.0,1908.0,1872.0,2096.0,1714.0,6356,29549,1879.0,17,1880.0,2,1882.0,3,1883.0,10,1885.0,3,1886.0,16,1887.0,1,1888.0,6,1889.0,20,1890.0,6,1884.0
SA505,,13:39:37.0#,1890.0,1908.0,1872.0,2096.0,1714.0,6356,29549,1879.0,17,1880.0,2,1882.0,3,1883.0,10,1885.0,3,1886.0,8,1887.0,9,1888.0,6,1889.0,20,1890.0,6,1884.0
SA505,,13:39:37.250#,1890.0,1908.0,1872.0,2096.0,1714.0,6356,29549,1879.0,17,1880.0,2,1882.0,3,1883.0,10,1885.0,4,1886.0,8,1887.0,9,1888.0,6,1889.0,20,1890.0,6,1884.0
SA505,,13:39:38.500#,1890.0,1908.0,1872.0,2096.0,1714.0,6356,29549,1879.0,17,1880.0,2,1882.0,3,1883.0,10,1885.0,6,1886.0,4,1887.0,9,1888.0,6,1889.0,20,1890.0,6,1884.0
SA505,,13:39:39.0#,1890.0,1908.0,1872.0,2096.0,1714.0,6356,29549,1879.0,17,1880.0,2,1882.0,3,1883.0,10,1885.0,10,1886.0,4,1887.0,9,1888.0,6,1889.0,20,1890.0,6,1884.0
SA505,,13:39:39.250#,1890.0,1908.0,1872.0,2096.0,1714.0,6356,29549,1879.0,17,1880.0,2,1882.0,3,1883.0,10,1885.0,8,1886.0,4,1887.0,9,1888.0,6,1889.0,20,1890.0,6,1884.0
SA505,,13:39:39.500#,1890.0,1908.0,1872.0,2096.0,1714.0,6356,29549,1879.0,17,1880.0,2,1882.0,3,1883.0,10,1885.0,9,1886.0,4,1887.0,9,1888.0,6,1889.0,20,1890.0,6,1884.0
SA505,,13:39:40.0#,1890.0,1908.0,1872.0,2096.0,1714.0,6356,29549,1879.0,17,1880.0,2,1882.0,3,1883.0,10,1885.0,8,1886.0,4,1887.0,9,1888.0,6,1889.0,20,1890.0,6,1884.0
SA505,,13:39:40.500#,1890.0,1908.0,1872.0,2096.0,1714.0,6356,29549,1878.0,7,1879.0,17,1880.0,2,1882.0,3,1883.0,18,1886.0,4,1887.0,9,1888.0,6,1889.0,20,1890.0,6,1884.0
SA505,,13:39:40.750#,1890.0,1908.0,1872.0,2096.0,1714.0,6414,29605,1880.0,2,1882.0,3,1883.0,10,1884.0,9,1886.0,1,1887.0,12,1888.0,6,1889.0,20,1890.0,6,1891.0,110,1886.0
SA505,,13:39:41.0#,1890.0,1908.0,1872.0,2096.0,1714.0,6415,29606,1880.0,6,1882.0,3,1883.0,10,1884.0,1,1885.0,48,1887.0,12,1888.0,6,1889.0,20,1890.0,6,1891.0,110,1886.0
SA505,,13:39:41.250#,1890.0,1908.0,1872.0,2096.0,1714.0,6415,29606,1880.0,6,1882.0,3,1883.0,10,1884.0,1,1885.0,48,1887.0,13,1888.0,2,1889.0,20,1890.0,6,1891.0,110,1886.0
SA505,,13:39:41.500#,1890.0,1908.0,1872.0,2096.0,1714.0,6415,29606,1879.0,17,1880.0,6,1882.0,3,1883.0,10,1885.0,48,1887.0,13,1888.0,2,1889.0,20,1890.0,6,1891.0,110,1886.0
SA505,,13:39:41.750#,1890.0,1908.0,1872.0,2096.0,1714.0,6415,29606,1879.0,17,1880.0,6,1882.0,3,1883.0,10,1886.0,1,1887.0,13,1888.0,2,1889.0,20,1890.0,6,1891.0,110,1886.0
SA505,,13:39:42.0#,1890.0,1908.0,1872.0,2096.0,1714.0,6416,29606,1879.0,17,1880.0,6,1882.0,3,1883.0,10,1885.0,47,1887.0,13,1888.0,2,1889.0,20,1890.0,6,1891.0,110,1886.0
SA505,,13:39:42.250#,1890.0,1908.0,1872.0,2096.0,1714.0,6416,29606,1879.0,17,1880.0,6,1882.0,3,1883.0,10,1885.0,47,1887.0,13,1888.0,2,1889.0,20,1890.0,6,1891.0,110,1886.0
SA505,,13:39:42.750#,1890.0,1908.0,1872.0,2096.0,1714.0,6416,29606,1879.0,17,1880.0,6,1882.0,3,1883.0,10,1885.0,47,1887.0,13,1888.0,2,1889.0,20,1890.0,6,1891.0,110,1886.0
SA505,,13:39:46.500#,1890.0,1908.0,1872.0,2096.0,1714.0,6416,29606,1879.0,17,1880.0,8,1882.0,3,1883.0,10,1885.0,47,1887.0,13,1888.0,2,1889.0,20,1890.0,6,1891.0,110,1886.0
SA505,,13:39:46.750#,1890.0,1908.0,1872.0,2096.0,1714.0,6416,29606,1879.0,17,1880.0,8,1882.0,3,1883.0,10,1885.0,47,1886.0,1,1887.0,10,1888.0,2,1889.0,20,1890.0,6,1886.0
SA505,,13:39:47.0#,1890.0,1908.0,1872.0,2096.0,1714.0,6416,29606,1879.0,17,1880.0,8,1882.0,3,1883.0,10,1885.0,47,1886.0,9,1887.0,1,1888.0,2,1889.0,20,1890.0,6,1886.0
SA505,,13:39:49.250#,1890.0,1908.0,1872.0,2096.0,1714.0,6416,29606,1879.0,17,1880.0,8,1882.0,3,1883.0,10,1885.0,47,1886.0,10,1887.0,1,1888.0,2,1889.0,20,1890.0,6,1886.0
SA505,,13:39:49.500#,1890.0,1908.0,1872.0,2096.0,1714.0,6417,29606,1879.0,17,1880.0,8,1882.0,3,1883.0,10,1885.0,46,1886.0,9,1887.0,1,1888.0,2,1889.0,20,1890.0,6,1886.0
SA505,,13:39:50.500#,1890.0,1908.0,1872.0,2096.0,1714.0,6418,29606,1879.0,17,1880.0,8,1882.0,3,1883.0,10,1885.0,45,1886.0,8,1887.0,1,1888.0,2,1889.0,20,1890.0,6,1886.0
SA505,,13:39:51.500#,1890.0,1908.0,1872.0,2096.0,1714.0,6426,29606,1879.0,17,1880.0,8,1882.0,3,1883.0,10,1885.0,37,1887.0,5,1888.0,2,1889.0,20,1890.0,6,1891.0,110,1886.0
SA505,,13:39:52.0#,1890.0,1908.0,1872.0,2096.0,1714.0,6427,29607,1880.0,8,1881.0,9,1882.0,3,1883.0,10,1885.0,36,1886.0,8,1887.0,1,1888.0,2,1889.0,20,1890.0,6,1886.0
SA505,,13:39:52.750#,1890.0,1908.0,1872.0,2096.0,1714.0,6427,29607,1880.0,8,1881.0,9,1882.0,3,1883.0,10,1885.0,36,1886.0,8,1887.0,1,1888.0,2,1889.0,20,1890.0,6,1886.0
SA505,,13:39:53.250#,1890.0,1908.0,1872.0,2096.0,1714.0,6429,29609,1880.0,8,1881.0,9,1882.0,3,1883.0,10,1885.0,34,1886.0,6,1887.0,1,1888.0,2,1889.0,20,1890.0,6,1886.0
SA505,,13:39:54.250#,1890.0,1908.0,1872.0,2096.0,1714.0,6430,29610,1880.0,8,1881.0,9,1882.0,3,1883.0,10,1885.0,33,1886.0,5,1887.0,1,1888.0,2,1889.0,20,1890.0,6,1886.0
SA505,,13:39:54.750#,1890.0,1908.0,1872.0,2096.0,1714.0,6433,29613,1880.0,8,1881.0,9,1882.0,3,1883.0,10,1885.0,30,1886.0,2,1887.0,1,1888.0,2,1889.0,20,1890.0,6,1886.0
SA505,,13:39:55.0#,1890.0,1908.0,1872.0,2096.0,1714.0,6433,29613,1880.0,8,1881.0,15,1882.0,3,1883.0,10,1885.0,30,1886.0,2,1887.0,1,1888.0,2,1889.0,20,1890.0,6,1886.0
SA505,,13:40:00.750#,1890.0,1908.0,1872.0,2096.0,1714.0,6434,29614,1880.0,8,1881.0,15,1882.0,3,1883.0,10,1885.0,29,1886.0,1,1887.0,1,1888.0,2,1889.0,20,1890.0,6,1886.0
SA505,,13:40:02.750#,1890.0,1908.0,1872.0,2096.0,1714.0,6434,29614,1880.0,8,1881.0,15,1882.0,3,1883.0,10,1885.0,29,1886.0,1,1887.0,1,1888.0,3,1889.0,20,1890.0,6,1886.0
SA505,,13:40:04.0#,1890.0,1908.0,1872.0,2096.0,1714.0,6435,29615,1880.0,8,1881.0,15,1882.0,3,1883.0,10,1885.0,28,1887.0,5,1888.0,3,1889.0,20,1890.0,6,1891.0,110,1886.0
SA505,,13:40:04.250#,1890.0,1908.0,1872.0,2096.0,1714.0,6435,29615,1880.0,8,1881.0,15,1882.0,3,1883.0,10,1885.0,28,1887.0,6,1888.0,3,1889.0,20,1890.0,6,1891.0,110,1886.0
SA505,,13:40:05.250#,1890.0,1908.0,1872.0,2096.0,1714.0,6435,29615,1880.0,8,1881.0,15,1882.0,3,1883.0,10,1885.0,28,1887.0,7,1888.0,3,1889.0,20,1890.0,6,1891.0,110,1886.0
SA505,,13:40:09.750#,1890.0,1908.0,1872.0,2096.0,1714.0,6436,29614,1880.0,8,1881.0,15,1882.0,3,1883.0,10,1886.0,29,1887.0,5,1888.0,3,1889.0,20,1890.0,6,1891.0,110,1886.0
SA505,,13:40:10.0#,1890.0,1908.0,1872.0,2096.0,1714.0,6436,29614,1881.0,15,1882.0,6,1883.0,10,1885.0,3,1886.0,28,1887.0,5,1888.0,3,1889.0,20,1890.0,6,1891.0,110,1886.0
SA505,,13:40:10.250#,1890.0,1908.0,1872.0,2096.0,1714.0,6436,29614,1881.0,15,1882.0,6,1883.0,10,1885.0,3,1886.0,24,1887.0,5,1888.0,3,1889.0,20,1890.0,6,1891.0,110,1886.0
SA505,,13:40:11.500#,1890.0,1908.0,1872.0,2096.0,1714.0,6438,29615,1881.0,15,1882.0,6,1883.0,10,1885.0,3,1886.0,22,1887.0,5,1888.0,3,1889.0,20,1890.0,6,1891.0,110,1886.0
SA505,,13:40:11.750#,1890.0,1908.0,1872.0,2096.0,1714.0,6438,29615,1881.0,15,1882.0,6,1883.0,10,1885.0,3,1886.0,19,1887.0,5,1888.0,3,1889.0,20,1890.0,6,1891.0,110,1886.0
SA505,,13:40:12.0#,1890.0,1908.0,1872.0,2096.0,1714.0,6438,29615,1880.0,8,1881.0,15,1882.0,6,1883.0,10,1885.0,30,1887.0,6,1888.0,3,1889.0,20,1890.0,6,1891.0,110,1886.0
SA505,,13:40:12.500#,1890.0,1908.0,1872.0,2096.0,1714.0,6438,29615,1880.0,8,1881.0,18,1882.0,3,1883.0,10,1885.0,30,1887.0,6,1888.0,3,1889.0,20,1890.0,6,1891.0,110,1886.0
SA505,,13:40:17.500#,1890.0,1908.0,1872.0,2096.0,1714.0,6438,29615,1881.0,18,1882.0,3,1883.0,10,1885.0,3,1886.0,27,1887.0,5,1888.0,3,1889.0,20,1890.0,6,1891.0,110,1886.0
SA505,,13:40:17.750#,1890.0,1908.0,1872.0,2096.0,1714.0,6438,29615,1881.0,18,1882.0,3,1883.0,10,1885.0,3,1886.0,24,1887.0,4,1888.0,3,1889.0,20,1890.0,6,1891.0,110,1886.0
SA505,,13:40:18.750#,1890.0,1908.0,1872.0,2096.0,1714.0,6438,29615,1881.0,18,1882.0,3,1883.0,10,1885.0,3,1886.0,27,1887.0,4,1888.0,3,1889.0,20,1890.0,6,1891.0,110,1886.0
SA505,,13:40:19.500#,1890.0,1908.0,1872.0,2096.0,1714.0,6438,29615,1881.0,18,1882.0,3,1883.0,10,1885.0,3,1886.0,12,1887.0,4,1888.0,3,1889.0,20,1890.0,6,1891.0,110,1886.0
SA505,,13:40:19.750#,1890.0,1908.0,1872.0,2096.0,1714.0,6438,29615,1881.0,18,1882.0,3,1883.0,10,1885.0,3,1886.0,19,1887.0,4,1888.0,3,1889.0,20,1890.0,6,1891.0,110,1886.0
SA505,,13:40:20.250#,1890.0,1908.0,1872.0,2096.0,1714.0,6465,29642,1881.0,18,1882.0,3,1883.0,10,1885.0,3,1886.0,19,1887.0,4,1888.0,3,1889.0,20,1890.0,6,1891.0,110,1887.0
SA505,,13:40:21.0#,1890.0,1908.0,1872.0,2096.0,1714.0,6465,29642,1881.0,18,1882.0,3,1883.0,10,1885.0,3,1886.0,17,1887.0,4,1888.0,3,1889.0,20,1890.0,6,1891.0,110,1887.0
SA505,,13:40:21.750#,1890.0,1908.0,1872.0,2096.0,1714.0,6465,29642,1881.0,18,1882.0,3,1883.0,10,1885.0,3,1886.0,13,1887.0,4,1888.0,3,1889.0,20,1890.0,6,1891.0,110,1887.0
SA505,,13:40:24.250#,1890.0,1908.0,1872.0,2096.0,1714.0,6465,29642,1881.0,18,1882.0,3,1883.0,10,1885.0,3,1886.0,16,1887.0,4,1888.0,3,1889.0,20,1890.0,6,1891.0,110,1887.0
SA505,,13:40:24.750#,1890.0,1908.0,1872.0,2096.0,1714.0,6465,29642,1881.0,18,1882.0,3,1883.0,10,1885.0,3,1886.0,14,1887.0,4,1888.0,3,1889.0,20,1890.0,6,1891.0,110,1887.0
SA505,,13:40:25.250#,1890.0,1908.0,1872.0,2096.0,1714.0,6465,29642,1881.0,18,1882.0,3,1883.0,10,1885.0,3,1886.0,11,1887.0,4,1888.0,3,1889.0,20,1890.0,6,1891.0,110,1887.0
SA505,,13:40:25.500#,1890.0,1908.0,1872.0,2096.0,1714.0,6465,29642,1881.0,18,1882.0,3,1883.0,10,1885.0,3,1886.0,11,1887.0,4,1888.0,3,1889.0,20,1890.0,6,1891.0,110,1887.0
SA505,,13:40:27.750#,1890.0,1908.0,1872.0,2096.0,1714.0,6465,29642,1881.0,18,1882.0,3,1883.0,10,1885.0,3,1886.0,10,1887.0,4,1888.0,3,1889.0,20,1890.0,6,1891.0,110,1887.0
SA505,,13:40:28.500#,1890.0,1908.0,1872.0,2096.0,1714.0,6465,29642,1881.0,18,1882.0,3,1883.0,10,1885.0,3,1886.0,10,1887.0,4,1888.0,2,1889.0,20,1890.0,6,1891.0,110,1887.0
SA505,,13:40:28.750#,1890.0,1908.0,1872.0,2096.0,1714.0,6465,29642,1881.0,18,1882.0,3,1883.0,10,1885.0,3,1886.0,22,1887.0,4,1888.0,2,1889.0,20,1890.0,6,1891.0,110,1887.0
SA505,,13:40:32.500#,1890.0,1908.0,1872.0,2096.0,1714.0,6465,29642,1882.0,3,1883.0,10,1884.0,1,1885.0,3,1886.0,22,1887.0,4,1888.0,2,1889.0,20,1890.0,6,1891.0,110,1887.0
SA505,,13:40:36.250#,1890.0,1908.0,1872.0,2096.0,1714.0,6469,29640,1882.0,3,1883.0,10,1884.0,1,1885.0,3,1886.0,22,1888.0,5,1889.0,20,1890.0,6,1891.0,110,1892.0,5,1887.0
SA505,,13:40:36.500#,1890.0,1908.0,1872.0,2096.0,1714.0,6469,29640,1883.0,10,1884.0,1,1885.0,3,1886.0,2,1887.0,19,1888.0,4,1889.0,20,1890.0,7,1891.0,110,1892.0,5,1887.0
SA505,,13:40:36.750#,1890.0,1908.0,1872.0,2096.0,1714.0,6469,29640,1883.0,7,1884.0,1,1885.0,3,1886.0,2,1887.0,5,1888.0,4,1889.0,20,1890.0,7,1891.0,110,1892.0,5,1887.0
SA505,,13:40:37.0#,1890.0,1908.0,1872.0,2096.0,1714.0,6469,29640,1883.0,7,1884.0,1,1885.0,3,1886.0,2,1887.0,13,1888.0,4,1889.0,20,1890.0,7,1891.0,110,1892.0,5,1887.0
SA505,,13:40:37.250#,1890.0,1908.0,1872.0,2096.0,1714.0,6469,29640,1883.0,7,1884.0,1,1885.0,3,1886.0,2,1887.0,20,1888.0,4,1889.0,20,1890.0,7,1891.0,110,1892.0,5,1887.0
SA505,,13:40:39.500#,1890.0,1908.0,1872.0,2096.0,1714.0,6469,29640,1882.0,3,1883.0,7,1884.0,1,1885.0,3,1886.0,22,1888.0,5,1889.0,20,1890.0,7,1891.0,110,1892.0,5,1887.0
SA505,,13:40:39.750#,1890.0,1908.0,1872.0,2096.0,1714.0,6469,29640,1882.0,3,1883.0,7,1884.0,1,1885.0,3,1886.0,22,1887.0,1,1888.0,2,1889.0,20,1890.0,7,1891.0,110,1887.0
SA505,,13:40:41.0#,1890.0,1908.0,1872.0,2096.0,1714.0,6469,29640,1882.0,3,1883.0,7,1884.0,1,1885.0,3,1886.0,22,1887.0,1,1888.0,2,1889.0,20,1890.0,7,1891.0,110,1887.0
SA505,,13:40:41.250#,1890.0,1908.0,1872.0,2096.0,1714.0,6470,29640,1882.0,3,1883.0,7,1884.0,1,1885.0,3,1886.0,21,1888.0,5,1889.0,20,1890.0,7,1891.0,110,1892.0,5,1887.0
SA505,,13:40:42.0#,1890.0,1908.0,1872.0,2096.0,1714.0,6470,29640,1882.0,3,1883.0,7,1884.0,1,1885.0,3,1886.0,21,1888.0,4,1889.0,20,1890.0,7,1891.0,110,1892.0,5,1887.0
SA505,,13:40:42.500#,1890.0,1908.0,1872.0,2096.0,1714.0,6470,29640,1882.0,3,1883.0,7,1884.0,1,1885.0,3,1886.0,21,1888.0,4,1889.0,20,1890.0,5,1891.0,110,1892.0,5,1887.0
SA505,,13:40:43.0#,1890.0,1908.0,1872.0,2096.0,1714.0,6470,29640,1882.0,4,1883.0,7,1884.0,1,1885.0,3,1886.0,21,1887.0,9,1888.0,3,1889.0,20,1890.0,5,1891.0,110,1887.0
SA505,,13:40:43.250#,1890.0,1908.0,1872.0,2096.0,1714.0,6470,29640,1882.0,4,1883.0,7,1884.0,1,1885.0,3,1886.0,21,1887.0,9,1888.0,3,1889.0,20,1890.0,5,1891.0,110,1887.0
SA505,,13:40:43.750#,1890.0,1908.0,1872.0,2096.0,1714.0,6470,29640,1882.0,5,1883.0,7,1884.0,1,1885.0,3,1886.0,21,1887.0,9,1888.0,3,1889.0,20,1890.0,5,1891.0,110,1887.0
SA505,,13:40:44.0#,1890.0,1908.0,1872.0,2096.0,1714.0,6470,29640,1882.0,5,1883.0,7,1884.0,1,1885.0,3,1886.0,21,1887.0,9,1888.0,2,1889.0,20,1890.0,5,1891.0,110,1887.0
SA505,,13:40:44.250#,1890.0,1908.0,1872.0,2096.0,1714.0,6470,29640,1882.0,5,1883.0,7,1884.0,1,1885.0,3,1886.0,21,1887.0,10,1888.0,2,1889.0,20,1890.0,5,1891.0,110,1887.0
SA505,,13:40:44.500#,1890.0,1908.0,1872.0,2096.0,1714.0,6472,29640,1882.0,5,1883.0,7,1884.0,1,1885.0,3,1886.0,19,1887.0,8,1888.0,2,1889.0,20,1890.0,5,1891.0,110,1887.0
SA505,,13:40:45.250#,1890.0,1908.0,1872.0,2096.0,1714.0,6474,29640,1882.0,5,1883.0,7,1884.0,1,1885.0,3,1886.0,17,1887.0,6,1888.0,2,1889.0,20,1890.0,5,1891.0,110,1887.0
SA505,,13:40:45.500#,1890.0,1908.0,1872.0,2096.0,1714.0,6520,29665,1883.0,7,1884.0,1,1885.0,3,1886.0,2,1887.0,54,1888.0,4,1889.0,20,1890.0,5,1891.0,110,1892.0,5,1888.0
SA505,,13:40:45.750#,1890.0,1908.0,1872.0,2096.0,1714.0,6529,29665,1883.0,7,1884.0,1,1885.0,3,1886.0,2,1887.0,45,1888.0,4,1889.0,20,1890.0,5,1891.0,110,1892.0,5,1887.0
SA505,,13:40:48.500#,1890.0,1908.0,1872.0,2096.0,1714.0,6531,29667,1883.0,7,1884.0,1,1885.0,3,1886.0,2,1887.0,43,1888.0,2,1889.0,20,1890.0,5,1891.0,110,1892.0,5,1888.0
SA505,,13:40:51.250#,1890.0,1908.0,1872.0,2096.0,1714.0,6535,29668,1883.0,7,1884.0,1,1885.0,3,1886.0,2,1887.0,39,1888.0,1,1889.0,20,1890.0,5,1891.0,110,1892.0,5,1888.0
SA505,,13:40:53.500#,1890.0,1908.0,1872.0,2096.0,1714.0,6535,29668,1883.0,7,1884.0,1,1885.0,3,1886.0,2,1887.0,39,1888.0,1,1889.0,20,1890.0,5,1891.0,110,1892.0,5,1888.0
SA505,,13:40:53.750#,1890.0,1908.0,1872.0,2096.0,1714.0,6539,29672,1883.0,7,1884.0,1,1885.0,3,1886.0,2,1887.0,35,1889.0,20,1890.0,5,1891.0,110,1892.0,5,1893.0,5,1888.0
SA505,,13:40:54.0#,1890.0,1908.0,1872.0,2096.0,1714.0,6539,29672,1883.0,7,1884.0,1,1885.0,3,1886.0,2,1888.0,4,1889.0,20,1890.0,5,1891.0,110,1892.0,5,1893.0,5,1888.0
SA505,,13:40:54.250#,1890.0,1908.0,1872.0,2096.0,1714.0,6543,29676,1883.0,7,1884.0,1,1885.0,3,1886.0,2,1888.0,1,1889.0,20,1890.0,5,1891.0,110,1892.0,5,1893.0,5,1888.0
SA505,,13:40:54.500#,1890.0,1908.0,1872.0,2096.0,1714.0,6544,29676,1883.0,7,1884.0,1,1885.0,3,1886.0,2,1887.0,30,1889.0,20,1890.0,5,1891.0,110,1892.0,5,1893.0,5,1888.0
SA505,,13:40:55.500#,1890.0,1908.0,1872.0,2096.0,1714.0,6544,29676,1883.0,7,1884.0,1,1885.0,3,1886.0,2,1888.0,1,1889.0,20,1890.0,5,1891.0,110,1892.0,5,1893.0,5,1888.0
SA505,,13:40:55.750#,1890.0,1908.0,1872.0,2096.0,1714.0,6545,29676,1883.0,7,1884.0,1,1885.0,3,1886.0,2,1887.0,29,1889.0,20,1890.0,5,1891.0,110,1892.0,5,1893.0,5,1888.0
SA505,,13:40:58.500#,1890.0,1908.0,1872.0,2096.0,1714.0,6545,29676,1883.0,8,1884.0,1,1885.0,3,1886.0,2,1888.0,2,1889.0,20,1890.0,5,1891.0,110,1892.0,5,1893.0,5,1888.0
SA505,,13:40:59.750#,1890.0,1908.0,1872.0,2096.0,1714.0,6545,29676,1883.0,8,1884.0,1,1885.0,3,1886.0,2,1888.0,3,1889.0,20,1890.0,5,1891.0,110,1892.0,5,1893.0,5,1888.0
SA505,,13:41:00.0#,1890.0,1908.0,1872.0,2096.0,1714.0,6545,29676,1883.0,8,1884.0,1,1885.0,3,1886.0,2,1888.0,7,1889.0,20,1890.0,5,1891.0,110,1892.0,5,1893.0,5,1888.0
SA505,,13:41:00.250#,1890.0,1908.0,1872.0,2096.0,1714.0,6545,29676,1883.0,8,1884.0,1,1885.0,3,1886.0,2,1888.0,8,1889.0,20,1890.0,5,1891.0,110,1892.0,5,1893.0,5,1888.0
SA505,,13:41:01.0#,1890.0,1908.0,1872.0,2096.0,1714.0,6545,29676,1883.0,8,1884.0,1,1885.0,3,1886.0,2,1888.0,9,1889.0,20,1890.0,5,1891.0,110,1892.0,5,1893.0,5,1888.0
SA505,,13:41:01.250#,1890.0,1908.0,1872.0,2096.0,1714.0,6545,29676,1883.0,8,1884.0,1,1885.0,3,1886.0,2,1888.0,9,1889.0,20,1890.0,5,1891.0,110,1892.0,5,1893.0,5,1888.0
SA505,,13:41:01.750#,1890.0,1908.0,1872.0,2096.0,1714.0,6545,29676,1883.0,8,1884.0,1,1885.0,3,1886.0,2,1888.0,12,1889.0,20,1890.0,5,1891.0,110,1892.0,5,1893.0,5,1888.0
SA505,,13:41:02.250#,1890.0,1908.0,1872.0,2096.0,1714.0,6545,29676,1883.0,8,1884.0,1,1885.0,3,1886.0,2,1888.0,8,1889.0,20,1890.0,5,1891.0,110,1892.0,5,1893.0,5,1888.0
SA505,,13:41:02.500#,1890.0,1908.0,1872.0,2096.0,1714.0,6553,29684,1883.0,8,1884.0,1,1885.0,3,1886.0,2,1888.0,10,1889.0,20,1890.0,5,1891.0,110,1892.0,5,1893.0,5,1888.0
SA505,,13:41:02.750#,1890.0,1908.0,1872.0,2096.0,1714.0,6563,29694,1883.0,8,1884.0,1,1885.0,3,1886.0,2,1887.0,11,1889.0,20,1890.0,5,1891.0,110,1892.0,5,1893.0,5,1888.0
SA505,,13:41:03.0#,1890.0,1908.0,1872.0,2096.0,1714.0,6563,29694,1883.0,8,1884.0,1,1885.0,3,1886.0,2,1887.0,11,1889.0,21,1890.0,5,1891.0,110,1892.0,5,1893.0,5,1888.0
SA505,,13:41:03.250#,1890.0,1908.0,1872.0,2096.0,1714.0,6563,29694,1883.0,8,1884.0,1,1885.0,3,1886.0,2,1887.0,11,1888.0,13,1889.0,20,1890.0,5,1891.0,110,1892.0,5,1888.0
SA505,,13:41:03.500#,1890.0,1908.0,1872.0,2096.0,1714.0,6564,29695,1883.0,8,1884.0,1,1885.0,3,1886.0,2,1887.0,10,1888.0,12,1889.0,20,1890.0,5,1891.0,110,1892.0,5,1888.0
SA505,,13:41:03.750#,1890.0,1908.0,1872.0,2096.0,1714.0,6564,29695,1883.0,8,1884.0,1,1885.0,3,1886.0,2,1887.0,10,1888.0,12,1889.0,20,1890.0,5,1891.0,110,1892.0,5,1888.0
SA505,,13:41:04.250#,1890.0,1908.0,1872.0,2096.0,1714.0,6575,29705,1882.0,6,1883.0,8,1884.0,1,1885.0,3,1886.0,16,1888.0,21,1889.0,20,1890.0,5,1891.0,110,1892.0,5,1888.0
SA505,,13:41:05.250#,1890.0,1908.0,1872.0,2096.0,1714.0,6575,29705,1882.0,6,1883.0,8,1884.0,1,1885.0,3,1886.0,16,1888.0,21,1889.0,20,1890.0,5,1891.0,110,1892.0,5,1888.0
SA505,,13:41:12.0#,1890.0,1908.0,1872.0,2096.0,1714.0,6575,29705,1882.0,6,1883.0,8,1884.0,1,1885.0,3,1886.0,16,1888.0,21,1889.0,20,1890.0,5,1891.0,110,1892.0,5,1888.0
SA505,,13:41:14.500#,1890.0,1908.0,1872.0,2096.0,1714.0,6575,29705,1882.0,6,1883.0,8,1884.0,1,1885.0,3,1886.0,16,1888.0,21,1889.0,20,1890.0,5,1891.0,110,1892.0,5,1888.0
SA505,,13:41:15.500#,1890.0,1908.0,1872.0,2096.0,1714.0,6575,29705,1882.0,6,1883.0,8,1884.0,1,1885.0,3,1886.0,19,1888.0,21,1889.0,20,1890.0,5,1891.0,110,1892.0,5,1888.0
SA505,,13:41:24.0#,1890.0,1908.0,1872.0,2096.0,1714.0,6577,29705,1882.0,6,1883.0,8,1884.0,1,1885.0,3,1886.0,17,1888.0,19,1889.0,20,1890.0,5,1891.0,110,1892.0,5,1888.0
SA505,,13:41:27.250#,1890.0,1908.0,1872.0,2096.0,1714.0,6577,29705,1882.0,6,1883.0,8,1884.0,1,1885.0,3,1886.0,17,1888.0,19,1889.0,20,1890.0,5,1891.0,110,1892.0,5,1888.0
SA505,,13:41:28.500#,1890.0,1908.0,1872.0,2096.0,1714.0,6577,29705,1882.0,6,1883.0,8,1884.0,1,1885.0,3,1886.0,17,1888.0,19,1889.0,20,1890.0,5,1891.0,110,1892.0,5,1888.0
SA505,,13:41:29.0#,1890.0,1908.0,1872.0,2096.0,1714.0,6577,29705,1881.0,18,1883.0,8,1884.0,2,1885.0,3,1886.0,17,1888.0,19,1889.0,20,1890.0,5,1891.0,110,1892.0,5,1888.0
SA505,,13:41:29.250#,1890.0,1908.0,1872.0,2096.0,1714.0,6577,29705,1881.0,18,1883.0,8,1884.0,7,1885.0,3,1886.0,17,1888.0,19,1889.0,20,1890.0,5,1891.0,110,1892.0,5,1888.0
SA505,,13:41:34.750#,1890.0,1908.0,1872.0,2096.0,1714.0,6577,29705,1881.0,18,1883.0,8,1884.0,7,1885.0,3,1886.0,17,1888.0,19,1889.0,21,1890.0,5,1891.0,110,1892.0,5,1888.0
SA505,,13:41:41.500#,1890.0,1908.0,1872.0,2096.0,1714.0,6577,29705,1881.0,18,1883.0,8,1884.0,7,1885.0,3,1886.0,17,1888.0,20,1889.0,21,1890.0,5,1891.0,110,1892.0,5,1888.0
SA505,,13:42:07.500#,1890.0,1908.0,1872.0,2096.0,1714.0,6578,29705,1881.0,18,1883.0,8,1884.0,6,1885.0,3,1886.0,17,1888.0,19,1889.0,21,1890.0,5,1891.0,110,1892.0,5,1888.0
SA505,,13:42:12.500#,1890.0,1908.0,1872.0,2096.0,1714.0,6578,29705,1881.0,18,1883.0,8,1884.0,6,1885.0,3,1886.0,17,1888.0,19,1889.0,21,1890.0,5,1891.0,110,1892.0,5,1888.0
SA505,,13:42:24.500#,1890.0,1908.0,1872.0,2096.0,1714.0,6581,29702,1880.0,8,1881.0,18,1883.0,8,1884.0,7,1885.0,17,1887.0,8,1888.0,8,1889.0,21,1890.0,5,1891.0,110,1886.0
SA505,,13:42:31.500#,1890.0,1908.0,1872.0,2096.0,1714.0,6581,29702,1881.0,18,1883.0,8,1884.0,7,1885.0,3,1886.0,14,1888.0,18,1889.0,21,1890.0,5,1891.0,110,1892.0,5,1886.0
SA505,,13:42:32.750#,1890.0,1908.0,1872.0,2096.0,1714.0,6582,29703,1881.0,18,1883.0,8,1884.0,7,1885.0,3,1887.0,17,1888.0,8,1889.0,21,1890.0,5,1891.0,110,1892.0,5,1887.0
SA505,,13:42:33.0#,1890.0,1908.0,1872.0,2096.0,1714.0,6582,29703,1881.0,18,1883.0,8,1884.0,7,1885.0,3,1887.0,15,1888.0,8,1889.0,21,1890.0,5,1891.0,110,1892.0,5,1887.0
SA505,,13:42:35.500#,1890.0,1908.0,1872.0,2096.0,1714.0,6582,29703,1881.0,18,1883.0,8,1884.0,7,1885.0,3,1887.0,12,1888.0,8,1889.0,21,1890.0,5,1891.0,110,1892.0,5,1887.0
SA505,,13:42:35.750#,1890.0,1908.0,1872.0,2096.0,1714.0,6582,29703,1881.0,18,1883.0,8,1884.0,7,1885.0,3,1887.0,9,1888.0,8,1889.0,21,1890.0,5,1891.0,110,1892.0,5,1887.0
SA505,,13:42:36.0#,1890.0,1908.0,1872.0,2096.0,1714.0,6582,29703,1881.0,18,1883.0,8,1884.0,7,1885.0,3,1886.0,14,1888.0,8,1889.0,21,1890.0,5,1891.0,110,1892.0,5,1887.0
SA505,,13:42:36.250#,1890.0,1908.0,1872.0,2096.0,1714.0,6582,29703,1881.0,18,1883.0,8,1884.0,8,1885.0,3,1886.0,14,1888.0,8,1889.0,21,1890.0,5,1891.0,110,1892.0,5,1887.0
SA505,,13:42:36.500#,1890.0,1908.0,1872.0,2096.0,1714.0,6582,29703,1881.0,18,1883.0,8,1884.0,8,1885.0,3,1886.0,14,1888.0,1,1889.0,21,1890.0,5,1891.0,110,1892.0,5,1887.0
SA505,,13:42:39.250#,1890.0,1908.0,1872.0,2096.0,1714.0,6582,29703,1881.0,18,1883.0,8,1884.0,8,1885.0,3,1886.0,14,1887.0,1,1888.0,1,1889.0,21,1890.0,5,1891.0,110,1887.0
SA505,,13:42:39.500#,1890.0,1908.0,1872.0,2096.0,1714.0,6583,29703,1881.0,18,1883.0,8,1884.0,8,1885.0,3,1886.0,14,1888.0,1,1889.0,21,1890.0,5,1891.0,110,1892.0,5,1887.0
SA505,,13:42:40.250#,1890.0,1908.0,1872.0,2096.0,1714.0,6583,29703,1881.0,18,1883.0,8,1884.0,8,1885.0,3,1886.0,14,1888.0,2,1889.0,21,1890.0,5,1891.0,110,1892.0,5,1887.0
SA505,,13:42:40.500#,1890.0,1908.0,1872.0,2096.0,1714.0,6583,29703,1881.0,18,1883.0,8,1884.0,8,1885.0,3,1886.0,14,1888.0,2,1889.0,21,1890.0,6,1891.0,110,1892.0,5,1887.0
SA505,,13:42:41.0#,1890.0,1908.0,1872.0,2096.0,1714.0,6583,29703,1881.0,18,1883.0,8,1884.0,8,1885.0,3,1887.0,4,1888.0,2,1889.0,21,1890.0,6,1891.0,110,1892.0,5,1887.0
SA505,,13:42:41.250#,1890.0,1908.0,1872.0,2096.0,1714.0,6583,29703,1881.0,18,1883.0,8,1884.0,8,1885.0,3,1887.0,12,1888.0,2,1889.0,21,1890.0,6,1891.0,110,1892.0,5,1887.0
SA505,,13:42:41.750#,1890.0,1908.0,1872.0,2096.0,1714.0,6583,29703,1881.0,18,1883.0,8,1884.0,8,1885.0,3,1887.0,13,1888.0,2,1889.0,21,1890.0,6,1891.0,110,1892.0,5,1887.0
SA505,,13:42:43.0#,1890.0,1908.0,1872.0,2096.0,1714.0,6583,29703,1881.0,18,1883.0,8,1884.0,8,1885.0,3,1886.0,14,1888.0,12,1889.0,21,1890.0,6,1891.0,110,1892.0,5,1887.0
SA505,,13:42:47.0#,1890.0,1908.0,1872.0,2096.0,1714.0,6584,29704,1881.0,18,1883.0,8,1884.0,8,1885.0,3,1886.0,13,1888.0,12,1889.0,21,1890.0,6,1891.0,110,1892.0,5,1887.0
SA505,,13:42:47.500#,1890.0,1908.0,1872.0,2096.0,1714.0,6585,29705,1881.0,18,1883.0,8,1884.0,8,1885.0,3,1886.0,12,1888.0,12,1889.0,21,1890.0,6,1891.0,110,1892.0,5,1887.0
SA505,,13:42:49.0#,1890.0,1908.0,1872.0,2096.0,1714.0,6585,29705,1881.0,18,1883.0,8,1884.0,8,1885.0,3,1886.0,12,1888.0,6,1889.0,21,1890.0,6,1891.0,110,1892.0,5,1887.0
SA505,,13:42:49.250#,1890.0,1908.0,1872.0,2096.0,1714.0,6585,29705,1881.0,18,1883.0,8,1884.0,8,1885.0,3,1887.0,12,1888.0,2,1889.0,21,1890.0,6,1891.0,110,1892.0,5,1887.0
SA505,,13:42:49.750#,1890.0,1908.0,1872.0,2096.0,1714.0,6585,29705,1881.0,18,1883.0,8,1884.0,8,1885.0,3,1887.0,11,1888.0,2,1889.0,21,1890.0,6,1891.0,110,1892.0,5,1887.0
SA505,,13:42:50.0#,1890.0,1908.0,1872.0,2096.0,1714.0,6585,29705,1881.0,18,1883.0,8,1884.0,8,1885.0,3,1886.0,12,1888.0,12,1889.0,21,1890.0,6,1891.0,110,1892.0,5,1887.0
SA505,,13:42:50.500#,1890.0,1908.0,1872.0,2096.0,1714.0,6585,29705,1881.0,18,1883.0,8,1884.0,8,1885.0,3,1886.0,12,1888.0,8,1889.0,21,1890.0,6,1891.0,110,1892.0,5,1887.0
SA505,,13:42:51.0#,1890.0,1908.0,1872.0,2096.0,1714.0,6585,29705,1881.0,18,1883.0,8,1884.0,8,1885.0,3,1886.0,12,1888.0,12,1889.0,21,1890.0,6,1891.0,110,1892.0,5,1887.0
SA505,,13:42:51.250#,1890.0,1908.0,1872.0,2096.0,1714.0,6585,29705,1881.0,18,1883.0,8,1884.0,8,1885.0,3,1886.0,12,1887.0,1,1888.0,2,1889.0,21,1890.0,6,1891.0,110,1887.0
SA505,,13:42:55.500#,1890.0,1908.0,1872.0,2096.0,1714.0,6585,29705,1881.0,18,1883.0,8,1884.0,8,1885.0,3,1886.0,12,1887.0,1,1888.0,2,1889.0,21,1890.0,6,1891.0,110,1887.0
SA505,,13:43:04.0#,1890.0,1908.0,1872.0,2096.0,1714.0,6589,29709,1880.0,8,1881.0,18,1883.0,8,1884.0,7,1886.0,12,1887.0,1,1888.0,2,1889.0,21,1890.0,6,1891.0,110,1884.0
SA505,,13:43:06.500#,1890.0,1908.0,1872.0,2096.0,1714.0,6589,29709,1880.0,8,1881.0,18,1883.0,8,1884.0,6,1886.0,12,1887.0,1,1888.0,2,1889.0,21,1890.0,6,1891.0,110,1884.0
SA505,,13:43:07.0#,1890.0,1908.0,1872.0,2096.0,1714.0,6590,29709,1880.0,8,1881.0,18,1883.0,8,1884.0,6,1886.0,11,1888.0,12,1889.0,21,1890.0,6,1891.0,110,1892.0,5,1887.0
SA505,,13:43:07.250#,1890.0,1908.0,1872.0,2096.0,1714.0,6590,29709,1880.0,8,1881.0,18,1883.0,8,1884.0,6,1886.0,11,1888.0,15,1889.0,21,1890.0,6,1891.0,110,1892.0,5,1887.0
SA505,,13:43:07.750#,1890.0,1908.0,1872.0,2096.0,1714.0,6590,29709,1880.0,8,1881.0,18,1883.0,8,1884.0,10,1886.0,11,1888.0,15,1889.0,21,1890.0,6,1891.0,110,1892.0,5,1887.0
SA505,,13:43:10.0#,1890.0,1908.0,1872.0,2096.0,1714.0,6590,29709,1880.0,8,1881.0,18,1883.0,8,1884.0,10,1886.0,11,1888.0,15,1889.0,21,1890.0,6,1891.0,111,1892.0,5,1887.0
SA505,,13:43:10.750#,1890.0,1908.0,1872.0,2096.0,1714.0,6590,29709,1880.0,8,1881.0,18,1883.0,8,1884.0,10,1886.0,11,1888.0,14,1889.0,21,1890.0,6,1891.0,111,1892.0,5,1887.0
SA505,,13:43:13.250#,1890.0,1908.0,1872.0,2096.0,1714.0,6590,29709,1880.0,8,1881.0,18,1883.0,8,1884.0,10,1886.0,11,1888.0,16,1889.0,21,1890.0,6,1891.0,111,1892.0,5,1887.0
SA505,,13:43:17.750#,1890.0,1908.0,1872.0,2096.0,1714.0,6590,29709,1880.0,8,1881.0,18,1883.0,8,1884.0,10,1886.0,11,1888.0,15,1889.0,21,1890.0,6,1891.0,111,1892.0,5,1887.0
SA505,,13:43:18.0#,1890.0,1908.0,1872.0,2096.0,1714.0,6590,29709,1880.0,8,1881.0,18,1883.0,8,1884.0,10,1886.0,11,1888.0,16,1889.0,21,1890.0,6,1891.0,111,1892.0,5,1887.0
SA505,,13:43:18.750#,1890.0,1908.0,1872.0,2096.0,1714.0,6590,29709,1881.0,18,1883.0,8,1884.0,10,1885.0,1,1886.0,11,1888.0,16,1889.0,21,1890.0,6,1891.0,111,1892.0,5,1887.0
SA505,,13:43:20.250#,1890.0,1908.0,1872.0,2096.0,1714.0,6590,29709,1881.0,18,1883.0,8,1884.0,10,1885.0,2,1886.0,11,1888.0,16,1889.0,21,1890.0,6,1891.0,111,1892.0,5,1887.0
SA505,,13:43:25.750#,1890.0,1908.0,1872.0,2096.0,1714.0,6590,29709,1881.0,18,1883.0,8,1884.0,10,1885.0,2,1886.0,11,1888.0,12,1889.0,21,1890.0,6,1891.0,111,1892.0,5,1887.0
SA505,,13:43:26.250#,1890.0,1908.0,1872.0,2096.0,1714.0,6590,29709,1881.0,18,1883.0,8,1884.0,10,1885.0,2,1886.0,11,1888.0,8,1889.0,21,1890.0,6,1891.0,111,1892.0,5,1887.0
SA505,,13:43:26.750#,1890.0,1908.0,1872.0,2096.0,1714.0,6590,29709,1881.0,18,1883.0,8,1884.0,10,1885.0,2,1886.0,11,1888.0,7,1889.0,21,1890.0,6,1891.0,111,1892.0,5,1887.0
SA505,,13:43:29.0#,1890.0,1908.0,1872.0,2096.0,1714.0,6590,29709,1881.0,18,1883.0,8,1884.0,10,1885.0,2,1886.0,11,1888.0,12,1889.0,21,1890.0,6,1891.0,111,1892.0,5,1887.0
SA505,,13:43:29.250#,1890.0,1908.0,1872.0,2096.0,1714.0,6590,29709,1881.0,18,1883.0,8,1884.0,10,1885.0,2,1886.0,11,1888.0,14,1889.0,21,1890.0,6,1891.0,111,1892.0,5,1887.0
SA505,,13:43:30.0#,1890.0,1908.0,1872.0,2096.0,1714.0,6590,29709,1881.0,18,1883.0,8,1884.0,10,1885.0,2,1886.0,11,1888.0,15,1889.0,21,1890.0,6,1891.0,111,1892.0,5,1887.0
SA505,,13:43:30.250#,1890.0,1908.0,1872.0,2096.0,1714.0,6591,29709,1881.0,18,1883.0,8,1884.0,10,1885.0,2,1886.0,11,1888.0,15,1889.0,21,1890.0,6,1891.0,111,1892.0,5,1887.0
SA505,,13:43:32.500#,1890.0,1908.0,1872.0,2096.0,1714.0,6592,29709,1881.0,18,1883.0,8,1884.0,10,1885.0,2,1886.0,11,1888.0,12,1889.0,21,1890.0,6,1891.0,111,1892.0,5,1887.0
SA505,,13:43:32.750#,1890.0,1908.0,1872.0,2096.0,1714.0,6592,29709,1881.0,18,1883.0,8,1884.0,10,1885.0,2,1886.0,11,1888.0,10,1889.0,21,1890.0,6,1891.0,111,1892.0,5,1887.0
SA505,,13:43:33.750#,1890.0,1908.0,1872.0,2096.0,1714.0,6593,29710,1881.0,18,1883.0,8,1884.0,10,1885.0,2,1886.0,11,1888.0,22,1889.0,21,1890.0,6,1891.0,111,1892.0,5,1887.0
SA505,,13:43:34.500#,1890.0,1908.0,1872.0,2096.0,1714.0,6593,29710,1881.0,18,1883.0,8,1884.0,10,1885.0,2,1886.0,11,1888.0,23,1889.0,21,1890.0,6,1891.0,111,1892.0,5,1887.0
SA505,,13:43:37.250#,1890.0,1908.0,1872.0,2096.0,1714.0,6593,29710,1881.0,18,1883.0,8,1884.0,10,1885.0,2,1886.0,11,1888.0,23,1889.0,21,1890.0,6,1891.0,111,1892.0,5,1887.0
SA505,,13:43:38.0#,1890.0,1908.0,1872.0,2096.0,1714.0,6593,29710,1881.0,18,1883.0,8,1884.0,10,1885.0,2,1886.0,11,1888.0,23,1889.0,21,1890.0,6,1891.0,111,1892.0,5,1887.0
SA505,,13:43:38.500#,1890.0,1908.0,1872.0,2096.0,1714.0,6593,29710,1881.0,18,1883.0,8,1884.0,10,1885.0,2,1886.0,11,1888.0,20,1889.0,21,1890.0,6,1891.0,111,1892.0,5,1887.0
SA505,,13:43:42.250#,1890.0,1908.0,1872.0,2096.0,1714.0,6593,29710,1881.0,18,1883.0,8,1884.0,10,1885.0,2,1886.0,11,1888.0,26,1889.0,21,1890.0,6,1891.0,111,1892.0,5,1887.0
SA505,,13:43:42.500#,1890.0,1908.0,1872.0,2096.0,1714.0,6593,29710,1881.0,18,1883.0,8,1884.0,10,1885.0,5,1886.0,11,1888.0,26,1889.0,21,1890.0,6,1891.0,111,1892.0,5,1887.0
SA505,,13:43:43.0#,1890.0,1908.0,1872.0,2096.0,1714.0,6593,29710,1881.0,18,1883.0,8,1884.0,10,1885.0,5,1886.0,11,1888.0,26,1889.0,21,1890.0,6,1891.0,111,1892.0,5,1887.0
SA505,,13:43:45.750#,1890.0,1908.0,1872.0,2096.0,1714.0,6593,29710,1881.0,18,1883.0,8,1884.0,10,1885.0,5,1886.0,11,1888.0,26,1889.0,21,1890.0,6,1891.0,111,1892.0,5,1887.0
SA505,,13:43:46.500#,1890.0,1908.0,1872.0,2096.0,1714.0,6593,29710,1881.0,18,1883.0,8,1884.0,10,1885.0,5,1886.0,11,1887.0,1,1888.0,15,1889.0,21,1890.0,6,1891.0,111,1887.0
SA505,,13:43:46.750#,1890.0,1908.0,1872.0,2096.0,1714.0,6593,29710,1881.0,18,1883.0,8,1884.0,10,1885.0,5,1886.0,12,1887.0,1,1888.0,15,1889.0,21,1890.0,6,1891.0,111,1887.0
SA505,,13:43:50.750#,1890.0,1908.0,1872.0,2096.0,1714.0,6593,29710,1881.0,18,1883.0,8,1884.0,10,1885.0,5,1886.0,13,1887.0,1,1888.0,15,1889.0,21,1890.0,6,1891.0,111,1887.0
SA505,,13:43:52.250#,1890.0,1908.0,1872.0,2096.0,1714.0,6594,29711,1881.0,18,1883.0,8,1884.0,10,1885.0,5,1886.0,12,1888.0,26,1889.0,21,1890.0,6,1891.0,111,1892.0,5,1887.0
SA505,,13:43:54.250#,1890.0,1908.0,1872.0,2096.0,1714.0,6594,29711,1881.0,18,1883.0,8,1884.0,10,1885.0,5,1886.0,12,1888.0,21,1889.0,21,1890.0,6,1891.0,111,1892.0,5,1887.0
SA505,,13:43:56.250#,1890.0,1908.0,1872.0,2096.0,1714.0,6594,29711,1881.0,18,1883.0,8,1884.0,10,1885.0,5,1886.0,12,1888.0,21,1889.0,21,1890.0,6,1891.0,111,1892.0,5,1887.0
SA505,,13:43:56.750#,1890.0,1908.0,1872.0,2096.0,1714.0,6594,29711,1881.0,18,1883.0,8,1884.0,10,1885.0,5,1886.0,12,1888.0,21,1889.0,21,1890.0,6,1891.0,111,1892.0,5,1887.0
SA505,,13:43:57.500#,1890.0,1908.0,1872.0,2096.0,1714.0,6594,29711,1881.0,18,1883.0,8,1884.0,10,1885.0,5,1886.0,12,1888.0,20,1889.0,21,1890.0,6,1891.0,111,1892.0,5,1887.0
SA505,,13:43:57.750#,1890.0,1908.0,1872.0,2096.0,1714.0,6594,29711,1881.0,18,1883.0,8,1884.0,10,1885.0,5,1886.0,12,1888.0,18,1889.0,21,1890.0,6,1891.0,111,1892.0,5,1887.0
SA505,,13:43:59.250#,1890.0,1908.0,1872.0,2096.0,1714.0,6594,29711,1881.0,18,1883.0,8,1884.0,10,1885.0,5,1886.0,12,1888.0,18,1889.0,22,1890.0,6,1891.0,111,1892.0,5,1887.0
SA505,,13:44:00.0#,1890.0,1908.0,1872.0,2096.0,1714.0,6594,29711,1881.0,18,1883.0,8,1884.0,10,1885.0,5,1886.0,12,1888.0,26,1889.0,22,1890.0,6,1891.0,111,1892.0,5,1887.0
SA505,,13:44:00.250#,1890.0,1908.0,1872.0,2096.0,1714.0,6594,29711,1881.0,18,1883.0,8,1884.0,10,1885.0,2,1886.0,12,1888.0,26,1889.0,22,1890.0,6,1891.0,111,1892.0,5,1887.0
SA505,,13:44:18.750#,1890.0,1908.0,1872.0,2096.0,1714.0,6595,29712,1881.0,18,1883.0,8,1884.0,10,1885.0,2,1886.0,11,1888.0,26,1889.0,22,1890.0,6,1891.0,111,1892.0,5,1886.0
SA505,,13:44:19.0#,1890.0,1908.0,1872.0,2096.0,1714.0,6595,29712,1881.0,18,1883.0,8,1884.0,10,1885.0,2,1886.0,12,1888.0,26,1889.0,22,1890.0,6,1891.0,111,1892.0,5,1886.0
SA505,,13:44:19.250#,1890.0,1908.0,1872.0,2096.0,1714.0,6596,29713,1881.0,18,1883.0,8,1884.0,10,1885.0,2,1886.0,11,1888.0,26,1889.0,22,1890.0,6,1891.0,111,1892.0,5,1886.0
SA505,,13:44:19.500#,1890.0,1908.0,1872.0,2096.0,1714.0,6597,29714,1881.0,18,1883.0,8,1884.0,10,1885.0,2,1886.0,11,1888.0,26,1889.0,22,1890.0,6,1891.0,111,1892.0,5,1887.0
SA505,,13:44:20.250#,1890.0,1908.0,1872.0,2096.0,1714.0,6598,29715,1881.0,18,1883.0,8,1884.0,10,1885.0,2,1886.0,10,1888.0,26,1889.0,22,1890.0,6,1891.0,111,1892.0,5,1886.0
SA505,,13:44:22.250#,1890.0,1908.0,1872.0,2096.0,1714.0,6599,29716,1881.0,18,1883.0,8,1884.0,10,1885.0,2,1886.0,9,1888.0,26,1889.0,22,1890.0,6,1891.0,111,1892.0,5,1886.0
SA505,,13:44:22.500#,1890.0,1908.0,1872.0,2096.0,1714.0,6599,29716,1881.0,18,1883.0,8,1884.0,10,1885.0,2,1886.0,9,1887.0,1,1888.0,15,1889.0,22,1890.0,6,1891.0,111,1886.0
SA505,,13:44:22.750#,1890.0,1908.0,1872.0,2096.0,1714.0,6599,29716,1881.0,18,1883.0,8,1884.0,10,1885.0,2,1886.0,8,1887.0,1,1888.0,15,1889.0,22,1890.0,6,1891.0,111,1886.0
SA505,,13:44:23.0#,1890.0,1908.0,1872.0,2096.0,1714.0,6599,29716,1881.0,18,1883.0,7,1884.0,10,1885.0,2,1886.0,8,1887.0,1,1888.0,15,1889.0,22,1890.0,6,1891.0,111,1886.0
SA505,,13:44:24.0#,1890.0,1908.0,1872.0,2096.0,1714.0,6599,29716,1881.0,18,1883.0,7,1884.0,10,1885.0,2,1886.0,8,1887.0,2,1888.0,15,1889.0,22,1890.0,6,1891.0,111,1886.0
SA505,,13:44:24.500#,1890.0,1908.0,1872.0,2096.0,1714.0,6599,29716,1881.0,18,1883.0,7,1884.0,10,1885.0,2,1886.0,7,1887.0,2,1888.0,15,1889.0,22,1890.0,6,1891.0,111,1886.0
SA505,,13:44:29.500#,1890.0,1908.0,1872.0,2096.0,1714.0,6599,29716,1881.0,18,1883.0,7,1884.0,11,1885.0,2,1886.0,7,1887.0,2,1888.0,15,1889.0,22,1890.0,6,1891.0,111,1886.0
SA505,,13:44:30.0#,1890.0,1908.0,1872.0,2096.0,1714.0,6604,29721,1880.0,8,1881.0,18,1883.0,7,1884.0,11,1885.0,4,1886.0,3,1887.0,2,1888.0,15,1889.0,22,1890.0,6,1886.0
SA505,,13:44:30.250#,1890.0,1908.0,1872.0,2096.0,1714.0,6606,29723,1880.0,8,1881.0,18,1883.0,7,1884.0,10,1885.0,12,1886.0,1,1887.0,2,1888.0,15,1889.0,22,1890.0,6,1886.0
SA505,,13:44:31.0#,1890.0,1908.0,1872.0,2096.0,1714.0,6606,29723,1880.0,8,1881.0,18,1883.0,7,1884.0,10,1885.0,11,1886.0,3,1887.0,2,1888.0,15,1889.0,22,1890.0,6,1886.0
SA505,,13:44:33.500#,1890.0,1908.0,1872.0,2096.0,1714.0,6606,29723,1880.0,8,1881.0,18,1883.0,7,1884.0,10,1885.0,11,1886.0,2,1887.0,2,1888.0,15,1889.0,22,1890.0,6,1886.0
SA505,,13:44:34.500#,1890.0,1908.0,1872.0,2096.0,1714.0,6608,29725,1881.0,18,1883.0,7,1884.0,10,1885.0,1,1886.0,3,1887.0,2,1888.0,15,1889.0,22,1890.0,6,1891.0,111,1886.0
SA505,,13:44:34.750#,1890.0,1908.0,1872.0,2096.0,1714.0,6608,29725,1881.0,18,1883.0,7,1884.0,10,1885.0,1,1886.0,1,1887.0,3,1888.0,12,1889.0,22,1890.0,6,1891.0,111,1886.0
SA505,,13:44:35.0#,1890.0,1908.0,1872.0,2096.0,1714.0,6608,29725,1880.0,8,1881.0,18,1883.0,7,1884.0,10,1885.0,9,1887.0,4,1888.0,12,1889.0,22,1890.0,6,1891.0,111,1886.0
SA505,,13:44:36.250#,1890.0,1908.0,1872.0,2096.0,1714.0,6608,29725,1880.0,8,1881.0,18,1883.0,7,1884.0,10,1885.0,9,1887.0,3,1888.0,12,1889.0,22,1890.0,6,1891.0,111,1886.0
SA505,,13:44:36.500#,1890.0,1908.0,1872.0,2096.0,1714.0,6608,29725,1880.0,8,1881.0,18,1883.0,8,1884.0,10,1885.0,9,1887.0,7,1888.0,12,1889.0,22,1890.0,6,1891.0,111,1886.0
SA505,,13:44:38.500#,1890.0,1908.0,1872.0,2096.0,1714.0,6608,29725,1880.0,8,1881.0,18,1883.0,8,1884.0,10,1885.0,9,1887.0,3,1888.0,12,1889.0,22,1890.0,6,1891.0,111,1886.0
SA505,,13:44:38.750#,1890.0,1908.0,1872.0,2096.0,1714.0,6608,29725,1881.0,18,1883.0,8,1884.0,10,1885.0,1,1886.0,8,1887.0,3,1888.0,12,1889.0,22,1890.0,6,1891.0,111,1886.0
SA505,,13:44:39.750#,1890.0,1908.0,1872.0,2096.0,1714.0,6608,29725,1881.0,18,1883.0,8,1884.0,5,1885.0,1,1886.0,8,1887.0,3,1888.0,12,1889.0,22,1890.0,6,1891.0,111,1886.0
SA505,,13:44:40.0#,1890.0,1908.0,1872.0,2096.0,1714.0,6608,29725,1882.0,5,1883.0,8,1884.0,5,1885.0,1,1886.0,8,1887.0,3,1888.0,12,1889.0,22,1890.0,6,1891.0,111,1886.0
SA505,,13:44:42.500#,1890.0,1908.0,1872.0,2096.0,1714.0,6608,29725,1882.0,5,1883.0,8,1884.0,5,1885.0,1,1886.0,8,1887.0,3,1888.0,12,1889.0,22,1890.0,6,1891.0,111,1886.0
SA505,,13:44:46.750#,1890.0,1908.0,1872.0,2096.0,1714.0,6608,29725,1882.0,5,1883.0,8,1884.0,5,1885.0,1,1886.0,5,1887.0,3,1888.0,12,1889.0,22,1890.0,6,1891.0,111,1886.0
SA505,,13:44:47.0#,1890.0,1908.0,1872.0,2096.0,1714.0,6608,29725,1882.0,5,1883.0,8,1884.0,5,1885.0,1,1886.0,8,1887.0,3,1888.0,12,1889.0,22,1890.0,6,1891.0,111,1886.0
SA505,,13:44:47.750#,1890.0,1908.0,1872.0,2096.0,1714.0,6616,29733,1881.0,18,1882.0,5,1883.0,8,1884.0,5,1885.0,2,1887.0,15,1888.0,12,1889.0,22,1890.0,6,1891.0,111,1887.0
SA505,,13:44:48.0#,1890.0,1908.0,1872.0,2096.0,1714.0,6616,29733,1881.0,18,1882.0,5,1883.0,8,1884.0,5,1885.0,3,1887.0,15,1888.0,12,1889.0,22,1890.0,6,1891.0,111,1887.0
SA505,,13:44:49.250#,1890.0,1908.0,1872.0,2096.0,1714.0,6616,29733,1881.0,18,1882.0,5,1883.0,8,1884.0,5,1885.0,6,1887.0,15,1888.0,12,1889.0,22,1890.0,6,1891.0,111,1887.0
SA505,,13:44:52.750#,1890.0,1908.0,1872.0,2096.0,1714.0,6616,29733,1881.0,18,1882.0,5,1883.0,8,1884.0,4,1885.0,6,1887.0,15,1888.0,12,1889.0,22,1890.0,6,1891.0,111,1887.0
SA505,,13:44:55.250#,1890.0,1908.0,1872.0,2096.0,1714.0,6616,29733,1881.0,18,1882.0,5,1883.0,8,1884.0,4,1885.0,6,1886.0,1,1887.0,3,1888.0,12,1889.0,21,1890.0,6,1887.0
SA505,,13:44:55.500#,1890.0,1908.0,1872.0,2096.0,1714.0,6616,29733,1881.0,18,1882.0,5,1883.0,8,1884.0,4,1885.0,6,1886.0,1,1887.0,3,1888.0,13,1889.0,21,1890.0,6,1887.0
SA505,,13:44:56.250#,1890.0,1908.0,1872.0,2096.0,1714.0,6616,29733,1881.0,18,1882.0,5,1883.0,8,1884.0,4,1885.0,5,1886.0,1,1887.0,3,1888.0,13,1889.0,21,1890.0,6,1887.0
SA505,,13:45:00.0#,1890.0,1908.0,1872.0,2096.0,1714.0,6616,29733,1881.0,18,1882.0,5,1883.0,8,1884.0,4,1885.0,5,1886.0,1,1887.0,3,1888.0,13,1889.0,21,1890.0,6,1887.0
SA505,,13:45:04.0#,1890.0,1908.0,1872.0,2096.0,1714.0,6616,29733,1881.0,18,1882.0,6,1883.0,8,1884.0,4,1885.0,5,1886.0,1,1887.0,3,1888.0,13,1889.0,21,1890.0,6,1887.0
SA505,,13:45:05.250#,1890.0,1908.0,1872.0,2096.0,1714.0,6616,29733,1881.0,18,1882.0,6,1883.0,8,1884.0,4,1885.0,5,1886.0,1,1887.0,3,1888.0,13,1889.0,21,1890.0,6,1887.0
SA505,,13:45:06.500#,1890.0,1908.0,1872.0,2096.0,1714.0,6616,29733,1881.0,18,1882.0,6,1883.0,8,1884.0,4,1885.0,5,1886.0,2,1887.0,3,1888.0,13,1889.0,21,1890.0,6,1887.0
SA505,,13:45:08.500#,1890.0,1908.0,1872.0,2096.0,1714.0,6616,29733,1881.0,18,1882.0,6,1883.0,8,1884.0,4,1885.0,6,1886.0,2,1887.0,3,1888.0,13,1889.0,21,1890.0,6,1887.0
SA505,,13:45:17.0#,1890.0,1908.0,1872.0,2096.0,1714.0,6618,29733,1881.0,18,1882.0,6,1883.0,8,1884.0,4,1885.0,5,1887.0,15,1888.0,13,1889.0,21,1890.0,6,1891.0,111,1886.0
SA505,,13:45:17.500#,1890.0,1908.0,1872.0,2096.0,1714.0,6618,29733,1881.0,18,1882.0,6,1883.0,8,1884.0,4,1885.0,2,1887.0,15,1888.0,13,1889.0,21,1890.0,6,1891.0,111,1886.0
SA505,,13:45:17.750#,1890.0,1908.0,1872.0,2096.0,1714.0,6618,29733,1881.0,18,1882.0,6,1883.0,8,1884.0,4,1885.0,1,1886.0,1,1887.0,3,1888.0,13,1889.0,21,1890.0,6,1886.0
SA505,,13:45:18.750#,1890.0,1908.0,1872.0,2096.0,1714.0,6618,29733,1881.0,18,1882.0,6,1883.0,8,1884.0,4,1885.0,1,1886.0,1,1887.0,3,1888.0,13,1889.0,21,1890.0,6,1886.0
SA505,,13:45:21.250#,1890.0,1908.0,1872.0,2096.0,1714.0,6618,29733,1881.0,18,1882.0,6,1883.0,8,1884.0,4,1885.0,1,1886.0,2,1887.0,3,1888.0,13,1889.0,21,1890.0,6,1886.0
SA505,,13:45:21.500#,1890.0,1908.0,1872.0,2096.0,1714.0,6618,29733,1881.0,18,1882.0,6,1883.0,8,1884.0,4,1885.0,1,1886.0,3,1887.0,3,1888.0,13,1889.0,21,1890.0,6,1886.0
SA505,,13:45:26.0#,1890.0,1908.0,1872.0,2096.0,1714.0,6618,29733,1881.0,18,1882.0,6,1883.0,8,1884.0,4,1885.0,2,1886.0,9,1887.0,3,1888.0,13,1889.0,21,1890.0,6,1886.0
SA505,,13:45:28.500#,1890.0,1908.0,1872.0,2096.0,1714.0,6618,29733,1881.0,18,1882.0,6,1883.0,8,1884.0,4,1885.0,2,1886.0,7,1887.0,3,1888.0,13,1889.0,21,1890.0,6,1886.0
SA505,,13:45:31.0#,1890.0,1908.0,1872.0,2096.0,1714.0,6618,29733,1881.0,18,1882.0,6,1883.0,8,1884.0,4,1885.0,2,1886.0,11,1887.0,3,1888.0,13,1889.0,21,1890.0,6,1886.0
SA505,,13:45:31.250#,1890.0,1908.0,1872.0,2096.0,1714.0,6618,29733,1881.0,18,1882.0,6,1883.0,8,1884.0,4,1885.0,2,1886.0,12,1887.0,3,1888.0,13,1889.0,21,1890.0,6,1886.0
SA505,,13:45:32.0#,1890.0,1908.0,1872.0,2096.0,1714.0,6618,29733,1881.0,18,1882.0,6,1883.0,8,1884.0,4,1885.0,2,1886.0,13,1887.0,3,1888.0,13,1889.0,21,1890.0,6,1886.0
SA505,,13:45:32.750#,1890.0,1908.0,1872.0,2096.0,1714.0,6619,29734,1881.0,18,1882.0,6,1883.0,8,1884.0,4,1885.0,1,1886.0,13,1887.0,3,1888.0,13,1889.0,21,1890.0,6,1885.0
SA505,,13:45:34.0#,1890.0,1908.0,1872.0,2096.0,1714.0,6620,29735,1880.0,8,1881.0,18,1882.0,6,1883.0,8,1884.0,5,1886.0,13,1887.0,3,1888.0,13,1889.0,21,1890.0,6,1885.0
SA505,,13:45:34.250#,1890.0,1908.0,1872.0,2096.0,1714.0,6620,29735,1880.0,8,1881.0,18,1882.0,6,1883.0,8,1884.0,5,1886.0,12,1887.0,3,1888.0,13,1889.0,21,1890.0,6,1885.0
SA505,,13:45:34.500#,1890.0,1908.0,1872.0,2096.0,1714.0,6620,29735,1880.0,8,1881.0,18,1882.0,6,1883.0,8,1884.0,8,1886.0,12,1887.0,3,1888.0,13,1889.0,21,1890.0,6,1885.0
SA505,,13:45:34.750#,1890.0,1908.0,1872.0,2096.0,1714.0,6620,29735,1880.0,8,1881.0,18,1882.0,6,1883.0,8,1884.0,8,1886.0,13,1887.0,3,1888.0,13,1889.0,21,1890.0,6,1885.0
SA505,,13:45:38.250#,1890.0,1908.0,1872.0,2096.0,1714.0,6620,29735,1880.0,8,1881.0,18,1882.0,6,1883.0,8,1884.0,8,1886.0,14,1887.0,3,1888.0,13,1889.0,21,1890.0,6,1885.0
SA505,,13:45:40.500#,1890.0,1908.0,1872.0,2096.0,1714.0,6620,29735,1880.0,8,1881.0,18,1882.0,6,1883.0,8,1884.0,8,1885.0,1,1886.0,2,1887.0,3,1888.0,13,1889.0,21,1885.0
SA505,,13:45:40.750#,1890.0,1908.0,1872.0,2096.0,1714.0,6620,29735,1880.0,8,1881.0,18,1882.0,6,1883.0,8,1884.0,8,1885.0,1,1886.0,2,1887.0,3,1888.0,13,1889.0,21,1885.0
SA505,,13:45:42.0#,1890.0,1908.0,1872.0,2096.0,1714.0,6620,29735,1880.0,8,1881.0,18,1882.0,6,1883.0,8,1884.0,8,1885.0,2,1886.0,2,1887.0,3,1888.0,13,1889.0,21,1885.0
SA505,,13:45:42.250#,1890.0,1908.0,1872.0,2096.0,1714.0,6620,29735,1880.0,8,1881.0,18,1882.0,6,1883.0,8,1884.0,8,1885.0,2,1886.0,2,1887.0,3,1888.0,13,1889.0,21,1885.0
SA505,,13:45:44.250#,1890.0,1908.0,1872.0,2096.0,1714.0,6620,29735,1880.0,8,1881.0,18,1882.0,6,1883.0,8,1884.0,8,1885.0,2,1886.0,2,1887.0,3,1888.0,13,1889.0,21,1885.0
SA505,,13:45:45.750#,1890.0,1908.0,1872.0,2096.0,1714.0,6620,29735,1880.0,8,1881.0,18,1882.0,6,1883.0,8,1884.0,8,1885.0,2,1886.0,2,1887.0,3,1888.0,13,1889.0,21,1885.0
SA505,,13:45:49.250#,1890.0,1908.0,1872.0,2096.0,1714.0,6620,29735,1880.0,8,1881.0,18,1882.0,6,1883.0,8,1884.0,4,1885.0,2,1886.0,2,1887.0,3,1888.0,13,1889.0,21,1885.0
SA505,,13:45:56.0#,1890.0,1908.0,1872.0,2096.0,1714.0,6620,29735,1880.0,8,1881.0,18,1882.0,6,1883.0,8,1884.0,1,1885.0,2,1886.0,2,1887.0,3,1888.0,13,1889.0,21,1885.0
SA505,,13:45:58.750#,1890.0,1908.0,1872.0,2096.0,1714.0,6621,29735,1880.0,8,1881.0,18,1882.0,6,1883.0,8,1884.0,1,1885.0,1,1886.0,2,1887.0,3,1888.0,13,1889.0,21,1885.0
SA505,,13:45:59.250#,1890.0,1908.0,1872.0,2096.0,1714.0,6622,29735,1880.0,8,1881.0,18,1882.0,6,1883.0,8,1884.0,20,1886.0,14,1887.0,3,1888.0,13,1889.0,21,1890.0,6,1885.0
SA505,,13:45:59.500#,1890.0,1908.0,1872.0,2096.0,1714.0,6622,29735,1880.0,8,1881.0,18,1882.0,6,1883.0,8,1884.0,20,1886.0,14,1887.0,3,1888.0,13,1889.0,21,1890.0,6,1885.0
SA505,,13:46:00.500#,1890.0,1908.0,1872.0,2096.0,1714.0,6622,29735,1880.0,8,1881.0,18,1882.0,6,1883.0,8,1884.0,23,1886.0,14,1887.0,3,1888.0,13,1889.0,21,1890.0,6,1885.0
SA505,,13:46:07.500#,1890.0,1908.0,1872.0,2096.0,1714.0,6622,29735,1881.0,18,1882.0,6,1883.0,8,1884.0,3,1885.0,1,1886.0,14,1887.0,3,1888.0,13,1889.0,21,1890.0,6,1885.0
SA505,,13:46:10.0#,1890.0,1908.0,1872.0,2096.0,1714.0,6623,29736,1880.0,8,1881.0,18,1882.0,6,1883.0,8,1884.0,23,1886.0,13,1887.0,3,1888.0,13,1889.0,21,1890.0,6,1885.0
SA505,,13:46:13.0#,1890.0,1908.0,1872.0,2096.0,1714.0,6623,29736,1880.0,8,1881.0,18,1882.0,6,1883.0,8,1884.0,23,1885.0,1,1886.0,2,1887.0,3,1888.0,13,1889.0,21,1885.0
SA505,,13:46:16.250#,1890.0,1908.0,1872.0,2096.0,1714.0,6624,29736,1880.0,8,1881.0,18,1882.0,6,1883.0,8,1884.0,23,1886.0,13,1887.0,3,1888.0,13,1889.0,21,1890.0,6,1885.0
SA505,,13:46:17.750#,1890.0,1908.0,1872.0,2096.0,1714.0,6624,29736,1881.0,18,1882.0,6,1883.0,8,1884.0,3,1885.0,1,1886.0,13,1887.0,3,1888.0,13,1889.0,21,1890.0,6,1885.0
SA505,,13:46:18.0#,1890.0,1908.0,1872.0,2096.0,1714.0,6624,29736,1881.0,18,1882.0,6,1883.0,8,1884.0,3,1885.0,1,1886.0,14,1887.0,3,1888.0,13,1889.0,21,1890.0,6,1885.0
SA505,,13:46:24.750#,1890.0,1908.0,1872.0,2096.0,1714.0,6624,29736,1881.0,18,1882.0,6,1883.0,8,1884.0,3,1885.0,1,1886.0,14,1887.0,3,1888.0,13,1889.0,21,1890.0,6,1885.0
SA505,,13:46:31.250#,1890.0,1908.0,1872.0,2096.0,1714.0,6625,29737,1880.0,8,1881.0,18,1882.0,6,1883.0,8,1884.0,23,1886.0,13,1887.0,3,1888.0,13,1889.0,21,1890.0,6,1885.0
SA505,,13:46:32.500#,1890.0,1908.0,1872.0,2096.0,1714.0,6625,29737,1880.0,8,1881.0,18,1882.0,6,1883.0,8,1884.0,23,1885.0,1,1886.0,3,1887.0,3,1888.0,13,1889.0,21,1885.0
SA505,,13:46:34.500#,1890.0,1908.0,1872.0,2096.0,1714.0,6625,29737,1880.0,8,1881.0,18,1882.0,6,1883.0,8,1884.0,23,1885.0,1,1886.0,3,1887.0,3,1888.0,13,1889.0,21,1885.0
SA505,,13:46:34.750#,1890.0,1908.0,1872.0,2096.0,1714.0,6625,29737,1880.0,8,1881.0,18,1882.0,6,1883.0,8,1884.0,23,1885.0,1,1886.0,2,1887.0,3,1888.0,13,1889.0,21,1885.0
SA505,,13:46:35.250#,1890.0,1908.0,1872.0,2096.0,1714.0,6625,29737,1880.0,8,1881.0,18,1882.0,6,1883.0,8,1884.0,20,1885.0,2,1886.0,2,1887.0,3,1888.0,13,1889.0,21,1885.0
SA505,,13:46:36.750#,1890.0,1908.0,1872.0,2096.0,1714.0,6625,29737,1880.0,8,1881.0,18,1882.0,6,1883.0,8,1884.0,20,1885.0,1,1886.0,2,1887.0,3,1888.0,13,1889.0,21,1885.0
SA505,,13:46:37.500#,1890.0,1908.0,1872.0,2096.0,1714.0,6625,29737,1880.0,8,1881.0,18,1882.0,6,1883.0,8,1884.0,20,1885.0,3,1886.0,2,1887.0,3,1888.0,13,1889.0,21,1885.0
SA505,,13:46:38.500#,1890.0,1908.0,1872.0,2096.0,1714.0,6625,29737,1880.0,8,1881.0,18,1882.0,6,1883.0,8,1884.0,20,1885.0,4,1886.0,2,1887.0,3,1888.0,13,1889.0,21,1885.0
SA505,,13:46:45.0#,1890.0,1908.0,1872.0,2096.0,1714.0,6625,29737,1879.0,17,1880.0,8,1881.0,18,1882.0,6,1883.0,29,1885.0,8,1886.0,2,1887.0,3,1888.0,13,1889.0,21,1885.0
SA505,,13:46:45.250#,1890.0,1908.0,1872.0,2096.0,1714.0,6625,29737,1878.0,23,1879.0,17,1880.0,17,1882.0,6,1883.0,31,1885.0,14,1886.0,2,1887.0,3,1888.0,13,1889.0,21,1885.0
SA505,,13:46:45.500#,1890.0,1908.0,1872.0,2096.0,1714.0,6625,29737,1879.0,17,1880.0,17,1881.0,1,1882.0,6,1883.0,31,1885.0,14,1886.0,2,1887.0,3,1888.0,13,1889.0,21,1885.0
SA505,,13:46:47.0#,1890.0,1908.0,1872.0,2096.0,1714.0,6625,29737,1879.0,17,1880.0,17,1881.0,1,1882.0,6,1883.0,31,1885.0,15,1886.0,2,1887.0,3,1888.0,13,1889.0,21,1885.0
SA505,,13:46:47.250#,1890.0,1908.0,1872.0,2096.0,1714.0,6625,29737,1879.0,17,1880.0,17,1881.0,1,1882.0,6,1883.0,27,1884.0,1,1885.0,5,1886.0,2,1887.0,3,1888.0,13,1885.0
SA505,,13:46:47.750#,1890.0,1908.0,1872.0,2096.0,1714.0,6625,29737,1879.0,17,1880.0,17,1881.0,1,1882.0,6,1883.0,27,1884.0,1,1885.0,5,1886.0,2,1887.0,3,1888.0,17,1885.0
SA505,,13:46:48.500#,1890.0,1908.0,1872.0,2096.0,1714.0,6625,29737,1879.0,17,1880.0,17,1881.0,1,1882.0,6,1883.0,30,1884.0,1,1885.0,5,1886.0,2,1887.0,3,1888.0,17,1885.0
SA505,,13:46:50.750#,1890.0,1908.0,1872.0,2096.0,1714.0,6625,29737,1879.0,17,1880.0,17,1881.0,1,1882.0,6,1883.0,30,1884.0,1,1885.0,5,1886.0,2,1887.0,3,1888.0,17,1885.0
SA505,,13:46:52.0#,1890.0,1908.0,1872.0,2096.0,1714.0,6625,29737,1879.0,17,1880.0,17,1881.0,1,1882.0,6,1883.0,30,1884.0,1,1885.0,4,1886.0,2,1887.0,3,1888.0,17,1885.0
SA505,,13:46:53.750#,1890.0,1908.0,1872.0,2096.0,1714.0,6625,29737,1879.0,17,1880.0,17,1881.0,1,1882.0,6,1883.0,30,1884.0,1,1885.0,4,1886.0,2,1887.0,3,1888.0,17,1885.0
SA505,,13:46:56.750#,1890.0,1908.0,1872.0,2096.0,1714.0,6625,29737,1879.0,17,1880.0,17,1881.0,1,1882.0,6,1883.0,30,1884.0,2,1885.0,4,1886.0,2,1887.0,3,1888.0,17,1885.0
SA505,,13:46:58.750#,1890.0,1908.0,1872.0,2096.0,1714.0,6627,29738,1879.0,17,1880.0,17,1881.0,1,1882.0,6,1883.0,28,1885.0,15,1886.0,2,1887.0,3,1888.0,17,1889.0,21,1884.0
SA505,,13:46:59.250#,1890.0,1908.0,1872.0,2096.0,1714.0,6628,29738,1879.0,17,1880.0,17,1881.0,1,1882.0,6,1883.0,27,1885.0,15,1886.0,2,1887.0,3,1888.0,17,1889.0,21,1883.0
SA505,,13:46:59.500#,1890.0,1908.0,1872.0,2096.0,1714.0,6628,29738,1879.0,17,1880.0,17,1881.0,1,1882.0,6,1883.0,27,1885.0,16,1886.0,2,1887.0,3,1888.0,17,1889.0,21,1883.0
SA505,,13:47:01.750#,1890.0,1908.0,1872.0,2096.0,1714.0,6628,29738,1880.0,17,1881.0,1,1882.0,6,1883.0,9,1884.0,1,1885.0,16,1886.0,2,1887.0,3,1888.0,17,1889.0,21,1883.0
SA505,,13:47:03.250#,1890.0,1908.0,1872.0,2096.0,1714.0,6629,29739,1879.0,17,1880.0,17,1881.0,1,1882.0,6,1883.0,27,1884.0,49,1885.0,5,1886.0,2,1887.0,3,1888.0,17,1884.0
SA505,,13:47:03.500#,1890.0,1908.0,1872.0,2096.0,1714.0,6647,29757,1879.0,17,1880.0,17,1881.0,1,1882.0,6,1883.0,10,1884.0,31,1885.0,5,1886.0,2,1887.0,3,1888.0,17,1884.0
SA505,,13:47:03.750#,1890.0,1908.0,1872.0,2096.0,1714.0,6647,29757,1879.0,17,1880.0,17,1881.0,1,1882.0,6,1883.0,11,1884.0,31,1885.0,5,1886.0,2,1887.0,3,1888.0,17,1884.0
SA505,,13:47:04.0#,1890.0,1908.0,1872.0,2096.0,1714.0,6648,29757,1879.0,17,1880.0,17,1881.0,1,1882.0,6,1883.0,11,1884.0,30,1885.0,5,1886.0,2,1887.0,3,1888.0,17,1884.0
SA505,,13:47:05.250#,1890.0,1908.0,1872.0,2096.0,1714.0,6648,29757,1879.0,17,1880.0,17,1881.0,1,1882.0,6,1883.0,10,1884.0,30,1885.0,5,1886.0,2,1887.0,3,1888.0,17,1884.0
SA505,,13:47:07.750#,1890.0,1908.0,1872.0,2096.0,1714.0,6648,29757,1879.0,17,1880.0,17,1881.0,1,1882.0,6,1883.0,10,1884.0,31,1885.0,5,1886.0,2,1887.0,3,1888.0,17,1884.0
SA505,,13:47:08.250#,1890.0,1908.0,1872.0,2096.0,1714.0,6648,29757,1879.0,17,1880.0,17,1881.0,1,1882.0,6,1883.0,11,1884.0,30,1885.0,5,1886.0,2,1887.0,3,1888.0,17,1884.0
SA505,,13:47:08.500#,1890.0,1908.0,1872.0,2096.0,1714.0,6648,29757,1879.0,17,1880.0,17,1881.0,1,1882.0,6,1883.0,10,1884.0,30,1885.0,5,1886.0,2,1887.0,3,1888.0,17,1884.0
SA505,,13:47:08.750#,1890.0,1908.0,1872.0,2096.0,1714.0,6648,29757,1879.0,17,1880.0,17,1881.0,1,1882.0,6,1883.0,9,1884.0,31,1885.0,5,1886.0,2,1887.0,3,1888.0,17,1884.0
SA505,,13:47:09.0#,1890.0,1908.0,1872.0,2096.0,1714.0,6657,29763,1878.0,23,1879.0,17,1880.0,17,1881.0,1,1882.0,8,1884.0,31,1885.0,5,1886.0,2,1887.0,3,1888.0,17,1883.0
SA505,,13:47:09.500#,1890.0,1908.0,1872.0,2096.0,1714.0,6657,29763,1878.0,23,1879.0,17,1880.0,17,1881.0,1,1882.0,11,1884.0,31,1885.0,5,1886.0,2,1887.0,3,1888.0,17,1883.0
SA505,,13:47:11.250#,1890.0,1908.0,1872.0,2096.0,1714.0,6657,29763,1878.0,23,1879.0,17,1880.0,17,1881.0,1,1882.0,11,1884.0,35,1885.0,5,1886.0,2,1887.0,3,1888.0,17,1883.0
SA505,,13:47:11.750#,1890.0,1908.0,1872.0,2096.0,1714.0,6657,29763,1878.0,23,1879.0,17,1880.0,17,1881.0,1,1882.0,11,1884.0,38,1885.0,5,1886.0,2,1887.0,3,1888.0,17,1883.0
SA505,,13:47:12.250#,1890.0,1908.0,1872.0,2096.0,1714.0,6696,29770,1877.0,109,1878.0,23,1879.0,17,1880.0,17,1881.0,22,1882.0,11,1884.0,31,1885.0,5,1886.0,2,1887.0,3,1882.0
SA505,,13:47:12.500#,1890.0,1908.0,1872.0,2096.0,1714.0,6707,29777,1877.0,109,1878.0,23,1879.0,17,1880.0,17,1881.0,22,1883.0,1,1884.0,31,1885.0,5,1886.0,2,1887.0,3,1882.0
SA505,,13:47:12.750#,1890.0,1908.0,1872.0,2096.0,1714.0,6707,29777,1877.0,109,1878.0,23,1879.0,17,1880.0,17,1881.0,22,1883.0,1,1884.0,31,1885.0,5,1886.0,2,1887.0,3,1882.0
SA505,,13:47:13.0#,1890.0,1908.0,1872.0,2096.0,1714.0,6707,29777,1877.0,109,1878.0,23,1879.0,17,1880.0,13,1881.0,22,1883.0,1,1884.0,31,1885.0,5,1886.0,2,1887.0,3,1882.0
SA505,,13:47:13.750#,1890.0,1908.0,1872.0,2096.0,1714.0,6707,29777,1877.0,109,1878.0,23,1879.0,17,1880.0,14,1881.0,22,1883.0,1,1884.0,31,1885.0,5,1886.0,2,1887.0,3,1882.0
SA505,,13:47:14.250#,1890.0,1908.0,1872.0,2096.0,1714.0,6707,29777,1877.0,109,1878.0,23,1879.0,17,1880.0,14,1881.0,22,1883.0,1,1884.0,31,1885.0,4,1886.0,2,1887.0,3,1882.0
SA505,,13:47:14.500#,1890.0,1908.0,1872.0,2096.0,1714.0,6707,29777,1877.0,109,1878.0,23,1879.0,17,1880.0,14,1881.0,22,1883.0,1,1884.0,31,1885.0,4,1886.0,2,1887.0,3,1882.0
SA505,,13:47:14.750#,1890.0,1908.0,1872.0,2096.0,1714.0,6707,29777,1877.0,109,1878.0,23,1879.0,17,1880.0,14,1881.0,22,1883.0,1,1884.0,32,1885.0,4,1886.0,2,1887.0,3,1882.0
SA505,,13:47:18.0#,1890.0,1908.0,1872.0,2096.0,1714.0,6707,29777,1877.0,109,1878.0,23,1879.0,17,1880.0,14,1881.0,22,1882.0,1,1883.0,1,1884.0,32,1885.0,4,1886.0,2,1882.0
SA505,,13:47:18.250#,1890.0,1908.0,1872.0,2096.0,1714.0,6708,29777,1877.0,109,1878.0,23,1879.0,17,1880.0,14,1881.0,22,1883.0,1,1884.0,32,1885.0,4,1886.0,2,1887.0,3,1882.0
SA505,,13:47:18.500#,1890.0,1908.0,1872.0,2096.0,1714.0,6708,29777,1878.0,23,1879.0,17,1880.0,14,1881.0,1,1882.0,3,1883.0,1,1884.0,32,1885.0,4,1886.0,2,1887.0,3,1882.0
SA505,,13:47:20.250#,1890.0,1908.0,1872.0,2096.0,1714.0,6708,29777,1878.0,23,1879.0,17,1880.0,14,1881.0,1,1882.0,3,1883.0,3,1884.0,2,1885.0,4,1886.0,2,1887.0,3,1882.0
SA505,,13:47:20.750#,1890.0,1908.0,1872.0,2096.0,1714.0,6709,29778,1878.0,23,1879.0,17,1880.0,14,1881.0,1,1882.0,2,1883.0,3,1884.0,2,1885.0,4,1886.0,2,1887.0,3,1882.0
SA505,,13:47:22.500#,1890.0,1908.0,1872.0,2096.0,1714.0,6709,29778,1878.0,23,1879.0,17,1880.0,14,1881.0,1,1882.0,11,1883.0,3,1884.0,2,1885.0,4,1886.0,2,1887.0,3,1882.0
SA505,,13:47:22.750#,1890.0,1908.0,1872.0,2096.0,1714.0,6709,29778,1878.0,23,1879.0,17,1880.0,14,1881.0,1,1882.0,2,1883.0,3,1884.0,2,1885.0,4,1886.0,2,1887.0,3,1882.0
SA505,,13:47:24.250#,1890.0,1908.0,1872.0,2096.0,1714.0,6709,29778,1878.0,23,1879.0,17,1880.0,14,1881.0,1,1882.0,5,1883.0,3,1884.0,2,1885.0,4,1886.0,2,1887.0,3,1882.0
SA505,,13:47:24.500#,1890.0,1908.0,1872.0,2096.0,1714.0,6712,29778,1879.0,17,1880.0,14,1881.0,1,1882.0,3,1883.0,3,1884.0,2,1885.0,4,1886.0,2,1887.0,3,1888.0,17,1883.0
SA505,,13:47:24.750#,1890.0,1908.0,1872.0,2096.0,1714.0,6713,29779,1879.0,17,1880.0,14,1881.0,1,1882.0,3,1883.0,2,1884.0,2,1885.0,4,1886.0,2,1887.0,3,1888.0,17,1883.0
SA505,,13:47:25.500#,1890.0,1908.0,1872.0,2096.0,1714.0,6743,29803,1878.0,23,1879.0,17,1880.0,14,1881.0,1,1882.0,3,1884.0,2,1885.0,4,1886.0,2,1887.0,3,1888.0,17,1882.0
SA505,,13:47:25.750#,1890.0,1908.0,1872.0,2096.0,1714.0,6743,29803,1879.0,17,1880.0,14,1881.0,1,1882.0,1,1883.0,2,1884.0,2,1885.0,4,1886.0,2,1887.0,3,1888.0,17,1882.0
SA505,,13:47:26.0#,1890.0,1908.0,1872.0,2096.0,1714.0,6743,29803,1878.0,23,1879.0,17,1880.0,14,1881.0,1,1883.0,22,1884.0,2,1885.0,4,1886.0,2,1887.0,3,1888.0,17,1882.0
SA505,,13:47:27.0#,1890.0,1908.0,1872.0,2096.0,1714.0,6745,29802,1878.0,23,1879.0,17,1880.0,12,1881.0,1,1883.0,22,1885.0,24,1886.0,2,1887.0,3,1888.0,17,1889.0,21,1884.0
SA505,,13:47:27.250#,1890.0,1908.0,1872.0,2096.0,1714.0,6745,29802,1878.0,25,1879.0,17,1880.0,12,1881.0,1,1883.0,22,1885.0,26,1886.0,2,1887.0,3,1888.0,17,1889.0,21,1884.0
SA505,,13:47:28.250#,1890.0,1908.0,1872.0,2096.0,1714.0,6745,29802,1878.0,25,1879.0,17,1880.0,12,1881.0,2,1883.0,22,1885.0,26,1886.0,2,1887.0,3,1888.0,17,1889.0,21,1884.0
SA505,,13:47:29.250#,1890.0,1908.0,1872.0,2096.0,1714.0,6745,29802,1878.0,8,1879.0,17,1880.0,29,1881.0,2,1883.0,22,1885.0,26,1886.0,2,1887.0,3,1888.0,17,1889.0,21,1884.0
SA505,,13:47:30.500#,1890.0,1908.0,1872.0,2096.0,1714.0,6745,29802,1878.0,8,1879.0,17,1880.0,29,1881.0,3,1883.0,22,1885.0,26,1886.0,2,1887.0,3,1888.0,17,1889.0,21,1884.0
SA505,,13:47:32.0#,1890.0,1908.0,1872.0,2096.0,1714.0,6745,29802,1879.0,17,1880.0,29,1881.0,3,1883.0,2,1884.0,1,1885.0,26,1886.0,2,1887.0,3,1888.0,17,1889.0,21,1884.0
SA505,,13:47:32.250#,1890.0,1908.0,1872.0,2096.0,1714.0,6745,29802,1878.0,8,1879.0,17,1880.0,29,1881.0,3,1884.0,1,1885.0,25,1886.0,2,1887.0,3,1888.0,17,1889.0,21,1884.0
SA505,,13:47:32.750#,1890.0,1908.0,1872.0,2096.0,1714.0,6745,29802,1878.0,8,1879.0,17,1880.0,29,1881.0,3,1884.0,1,1885.0,25,1886.0,2,1887.0,3,1888.0,17,1889.0,21,1884.0
SA505,,13:47:33.0#,1890.0,1908.0,1872.0,2096.0,1714.0,6745,29802,1878.0,8,1879.0,17,1880.0,29,1881.0,3,1884.0,2,1885.0,25,1886.0,2,1887.0,3,1888.0,17,1889.0,21,1884.0
SA505,,13:47:33.250#,1890.0,1908.0,1872.0,2096.0,1714.0,6745,29802,1878.0,8,1879.0,17,1880.0,29,1881.0,3,1884.0,3,1885.0,25,1886.0,2,1887.0,3,1888.0,17,1889.0,21,1884.0
SA505,,13:47:33.750#,1890.0,1908.0,1872.0,2096.0,1714.0,6747,29804,1878.0,8,1879.0,17,1880.0,29,1881.0,3,1884.0,1,1885.0,24,1886.0,2,1887.0,3,1888.0,17,1889.0,21,1884.0
SA505,,13:47:34.0#,1890.0,1908.0,1872.0,2096.0,1714.0,6747,29804,1878.0,8,1879.0,17,1880.0,29,1881.0,3,1883.0,20,1885.0,24,1886.0,2,1887.0,3,1888.0,17,1889.0,21,1884.0
SA505,,13:47:35.500#,1890.0,1908.0,1872.0,2096.0,1714.0,6747,29804,1878.0,8,1879.0,17,1880.0,29,1881.0,3,1883.0,20,1885.0,25,1886.0,2,1887.0,3,1888.0,17,1889.0,21,1884.0
SA505,,13:47:35.750#,1890.0,1908.0,1872.0,2096.0,1714.0,6747,29804,1878.0,6,1879.0,17,1880.0,29,1881.0,3,1883.0,21,1885.0,25,1886.0,2,1887.0,3,1888.0,17,1889.0,21,1884.0
SA505,,13:47:36.0#,1890.0,1908.0,1872.0,2096.0,1714.0,6747,29804,1878.0,6,1879.0,17,1880.0,31,1881.0,3,1883.0,21,1885.0,24,1886.0,2,1887.0,3,1888.0,17,1889.0,21,1884.0
SA505,,13:47:36.250#,1890.0,1908.0,1872.0,2096.0,1714.0,6747,29804,1878.0,6,1879.0,17,1880.0,31,1881.0,3,1883.0,21,1885.0,23,1886.0,2,1887.0,3,1888.0,17,1889.0,21,1884.0
SA505,,13:47:36.500#,1890.0,1908.0,1872.0,2096.0,1714.0,6747,29804,1878.0,6,1879.0,17,1880.0,31,1881.0,3,1883.0,20,1885.0,23,1886.0,2,1887.0,3,1888.0,17,1889.0,21,1884.0
SA505,,13:47:36.750#,1890.0,1908.0,1872.0,2096.0,1714.0,6747,29804,1878.0,6,1879.0,17,1880.0,31,1881.0,3,1883.0,20,1884.0,1,1885.0,6,1886.0,2,1887.0,3,1888.0,17,1884.0
SA505,,13:47:38.750#,1890.0,1908.0,1872.0,2096.0,1714.0,6747,29804,1878.0,6,1879.0,17,1880.0,31,1881.0,3,1883.0,20,1884.0,2,1885.0,6,1886.0,2,1887.0,3,1888.0,17,1884.0
SA505,,13:47:40.250#,1890.0,1908.0,1872.0,2096.0,1714.0,6747,29804,1878.0,6,1879.0,17,1880.0,31,1881.0,3,1883.0,20,1884.0,1,1885.0,6,1886.0,2,1887.0,3,1888.0,17,1884.0
SA505,,13:47:40.500#,1890.0,1908.0,1872.0,2096.0,1714.0,6747,29804,1878.0,6,1879.0,17,1880.0,31,1881.0,3,1883.0,20,1884.0,2,1885.0,6,1886.0,2,1887.0,3,1888.0,17,1884.0
SA505,,13:47:41.0#,1890.0,1908.0,1872.0,2096.0,1714.0,6747,29804,1878.0,6,1879.0,17,1880.0,31,1881.0,4,1883.0,20,1884.0,2,1885.0,6,1886.0,2,1887.0,3,1888.0,17,1884.0
SA505,,13:47:47.0#,1890.0,1908.0,1872.0,2096.0,1714.0,6747,29804,1878.0,6,1879.0,17,1880.0,31,1881.0,4,1883.0,20,1884.0,2,1885.0,6,1886.0,2,1887.0,4,1888.0,17,1884.0
SA505,,13:47:53.750#,1890.0,1908.0,1872.0,2096.0,1714.0,6747,29804,1878.0,6,1879.0,17,1880.0,32,1881.0,4,1883.0,20,1884.0,2,1885.0,6,1886.0,2,1887.0,4,1888.0,17,1884.0
SA505,,13:47:54.0#,1890.0,1908.0,1872.0,2096.0,1714.0,6747,29804,1878.0,6,1879.0,17,1880.0,32,1881.0,4,1883.0,20,1884.0,1,1885.0,6,1886.0,2,1887.0,4,1888.0,17,1884.0
SA505,,13:47:57.250#,1890.0,1908.0,1872.0,2096.0,1714.0,6747,29804,1879.0,17,1880.0,32,1881.0,4,1882.0,1,1883.0,20,1884.0,1,1885.0,6,1886.0,2,1887.0,4,1888.0,17,1884.0
SA505,,13:48:00.250#,1890.0,1908.0,1872.0,2096.0,1714.0,6747,29804,1879.0,17,1880.0,30,1881.0,4,1882.0,1,1883.0,20,1884.0,1,1885.0,6,1886.0,2,1887.0,4,1888.0,17,1884.0
SA505,,13:48:01.750#,1890.0,1908.0,1872.0,2096.0,1714.0,6747,29804,1879.0,17,1880.0,30,1881.0,4,1882.0,1,1883.0,20,1884.0,3,1885.0,6,1886.0,2,1887.0,4,1888.0,17,1884.0
SA505,,13:48:02.500#,1890.0,1908.0,1872.0,2096.0,1714.0,6747,29804,1879.0,17,1880.0,30,1881.0,4,1882.0,1,1883.0,20,1884.0,3,1885.0,6,1886.0,2,1887.0,4,1888.0,18,1884.0
SA505,,13:48:03.500#,1890.0,1908.0,1872.0,2096.0,1714.0,6750,29807,1879.0,17,1880.0,30,1881.0,4,1882.0,1,1883.0,17,1885.0,10,1886.0,2,1887.0,4,1888.0,18,1889.0,21,1884.0
SA505,,13:48:03.750#,1890.0,1908.0,1872.0,2096.0,1714.0,6750,29807,1879.0,17,1880.0,30,1881.0,4,1882.0,1,1883.0,17,1885.0,26,1886.0,2,1887.0,4,1888.0,18,1889.0,21,1884.0
SA505,,13:48:05.500#,1890.0,1908.0,1872.0,2096.0,1714.0,6750,29807,1879.0,17,1880.0,30,1881.0,4,1882.0,1,1883.0,17,1885.0,12,1886.0,2,1887.0,4,1888.0,18,1889.0,21,1884.0
SA505,,13:48:05.750#,1890.0,1908.0,1872.0,2096.0,1714.0,6750,29807,1879.0,17,1880.0,30,1881.0,4,1882.0,1,1884.0,1,1885.0,6,1886.0,2,1887.0,4,1888.0,18,1889.0,21,1884.0
SA505,,13:48:06.0#,1890.0,1908.0,1872.0,2096.0,1714.0,6750,29807,1879.0,17,1880.0,30,1881.0,4,1882.0,1,1884.0,1,1885.0,3,1886.0,2,1887.0,4,1888.0,18,1889.0,21,1884.0
SA505,,13:48:06.250#,1890.0,1908.0,1872.0,2096.0,1714.0,6750,29807,1879.0,17,1880.0,30,1881.0,4,1882.0,1,1884.0,11,1885.0,3,1886.0,2,1887.0,4,1888.0,18,1889.0,21,1884.0
SA505,,13:48:06.500#,1890.0,1908.0,1872.0,2096.0,1714.0,6750,29807,1879.0,17,1880.0,30,1881.0,4,1882.0,1,1884.0,16,1885.0,3,1886.0,2,1887.0,4,1888.0,18,1889.0,21,1884.0
SA505,,13:48:06.750#,1890.0,1908.0,1872.0,2096.0,1714.0,6750,29807,1879.0,17,1880.0,30,1881.0,4,1882.0,1,1884.0,16,1885.0,4,1886.0,2,1887.0,4,1888.0,18,1889.0,21,1884.0
SA505,,13:48:07.0#,1890.0,1908.0,1872.0,2096.0,1714.0,6750,29807,1879.0,17,1880.0,30,1881.0,4,1882.0,1,1884.0,17,1885.0,4,1886.0,2,1887.0,4,1888.0,18,1889.0,21,1884.0
SA505,,13:48:08.250#,1890.0,1908.0,1872.0,2096.0,1714.0,6750,29807,1879.0,17,1880.0,30,1881.0,4,1882.0,1,1884.0,14,1885.0,4,1886.0,2,1887.0,4,1888.0,18,1889.0,21,1884.0
SA505,,13:48:08.500#,1890.0,1908.0,1872.0,2096.0,1714.0,6750,29807,1879.0,17,1880.0,30,1881.0,4,1882.0,1,1883.0,17,1885.0,9,1886.0,2,1887.0,4,1888.0,18,1889.0,21,1884.0
SA505,,13:48:08.750#,1890.0,1908.0,1872.0,2096.0,1714.0,6750,29807,1879.0,17,1880.0,30,1881.0,4,1882.0,1,1883.0,17,1885.0,27,1886.0,2,1887.0,4,1888.0,18,1889.0,21,1884.0
SA505,,13:48:11.500#,1890.0,1908.0,1872.0,2096.0,1714.0,6750,29807,1879.0,17,1880.0,30,1881.0,4,1882.0,1,1884.0,1,1885.0,27,1886.0,2,1887.0,4,1888.0,18,1889.0,21,1884.0
SA505,,13:48:11.750#,1890.0,1908.0,1872.0,2096.0,1714.0,6750,29807,1879.0,17,1880.0,30,1881.0,4,1882.0,1,1884.0,1,1885.0,25,1886.0,2,1887.0,4,1888.0,18,1889.0,21,1884.0
SA505,,13:48:14.500#,1890.0,1908.0,1872.0,2096.0,1714.0,6751,29808,1879.0,17,1880.0,30,1881.0,4,1882.0,1,1883.0,4,1885.0,24,1886.0,2,1887.0,4,1888.0,18,1889.0,21,1884.0
SA505,,13:48:14.750#,1890.0,1908.0,1872.0,2096.0,1714.0,6751,29808,1879.0,17,1880.0,30,1881.0,4,1882.0,1,1883.0,4,1884.0,6,1885.0,5,1886.0,2,1887.0,4,1888.0,18,1884.0
SA505,,13:48:15.0#,1890.0,1908.0,1872.0,2096.0,1714.0,6751,29808,1879.0,17,1880.0,30,1881.0,4,1882.0,1,1883.0,4,1884.0,6,1885.0,4,1886.0,2,1887.0,4,1888.0,18,1884.0
SA505,,13:48:16.750#,1890.0,1908.0,1872.0,2096.0,1714.0,6751,29808,1879.0,17,1880.0,30,1881.0,4,1882.0,1,1883.0,5,1884.0,6,1885.0,4,1886.0,2,1887.0,5,1888.0,18,1884.0
SA505,,13:48:17.750#,1890.0,1908.0,1872.0,2096.0,1714.0,6751,29808,1879.0,17,1880.0,30,1881.0,4,1882.0,1,1883.0,6,1884.0,6,1885.0,4,1886.0,2,1887.0,5,1888.0,18,1884.0
SA505,,13:48:20.750#,1890.0,1908.0,1872.0,2096.0,1714.0,6751,29808,1879.0,17,1880.0,30,1881.0,4,1882.0,1,1883.0,9,1885.0,23,1886.0,2,1887.0,5,1888.0,18,1889.0,21,1884.0
SA505,,13:48:21.250#,1890.0,1908.0,1872.0,2096.0,1714.0,6751,29808,1879.0,17,1880.0,30,1881.0,4,1882.0,1,1883.0,11,1885.0,23,1886.0,2,1887.0,5,1888.0,18,1889.0,21,1884.0
SA505,,13:48:21.750#,1890.0,1908.0,1872.0,2096.0,1714.0,6751,29808,1879.0,17,1880.0,30,1881.0,4,1882.0,1,1883.0,16,1884.0,1,1885.0,4,1886.0,2,1887.0,5,1888.0,18,1884.0
SA505,,13:48:22.500#,1890.0,1908.0,1872.0,2096.0,1714.0,6752,29808,1879.0,17,1880.0,30,1881.0,4,1882.0,1,1883.0,16,1885.0,23,1886.0,2,1887.0,5,1888.0,18,1889.0,21,1884.0
SA505,,13:48:23.0#,1890.0,1908.0,1872.0,2096.0,1714.0,6752,29808,1879.0,17,1880.0,30,1881.0,4,1882.0,1,1883.0,15,1885.0,23,1886.0,2,1887.0,5,1888.0,18,1889.0,21,1884.0
SA505,,13:48:25.250#,1890.0,1908.0,1872.0,2096.0,1714.0,6752,29808,1879.0,17,1880.0,30,1881.0,4,1882.0,1,1883.0,15,1885.0,23,1886.0,2,1887.0,4,1888.0,18,1889.0,21,1884.0
SA505,,13:48:25.500#,1890.0,1908.0,1872.0,2096.0,1714.0,6752,29808,1879.0,17,1880.0,30,1881.0,4,1882.0,1,1884.0,1,1885.0,23,1886.0,2,1887.0,4,1888.0,18,1889.0,21,1884.0
SA505,,13:48:25.750#,1890.0,1908.0,1872.0,2096.0,1714.0,6752,29808,1879.0,17,1880.0,30,1881.0,4,1882.0,1,1884.0,1,1885.0,23,1886.0,2,1887.0,4,1888.0,18,1889.0,21,1884.0
SA505,,13:48:29.0#,1890.0,1908.0,1872.0,2096.0,1714.0,6752,29808,1879.0,17,1880.0,30,1881.0,4,1882.0,1,1884.0,1,1885.0,10,1886.0,2,1887.0,4,1888.0,18,1889.0,21,1884.0
SA505,,13:48:29.250#,1890.0,1908.0,1872.0,2096.0,1714.0,6752,29808,1879.0,17,1880.0,30,1881.0,4,1882.0,1,1884.0,2,1885.0,9,1886.0,2,1887.0,4,1888.0,18,1889.0,21,1884.0
SA505,,13:48:29.500#,1890.0,1908.0,1872.0,2096.0,1714.0,6752,29808,1879.0,17,1880.0,30,1881.0,4,1882.0,1,1884.0,17,1885.0,4,1886.0,2,1887.0,4,1888.0,18,1889.0,21,1884.0
SA505,,13:48:29.750#,1890.0,1908.0,1872.0,2096.0,1714.0,6752,29808,1879.0,17,1880.0,30,1881.0,4,1882.0,1,1884.0,19,1885.0,1,1886.0,2,1887.0,4,1888.0,18,1889.0,21,1884.0
SA505,,13:48:30.0#,1890.0,1908.0,1872.0,2096.0,1714.0,6752,29808,1879.0,17,1880.0,30,1881.0,4,1882.0,1,1884.0,19,1885.0,1,1886.0,2,1887.0,4,1888.0,18,1889.0,21,1884.0
SA505,,13:48:32.500#,1890.0,1908.0,1872.0,2096.0,1714.0,6752,29808,1879.0,17,1880.0,30,1881.0,4,1882.0,1,1884.0,19,1885.0,3,1886.0,2,1887.0,4,1888.0,18,1889.0,21,1884.0
SA505,,13:48:50.250#,1890.0,1908.0,1872.0,2096.0,1714.0,6752,29808,1879.0,17,1880.0,30,1881.0,4,1882.0,1,1884.0,19,1885.0,3,1886.0,1,1887.0,4,1888.0,18,1889.0,21,1884.0
SA505,,13:48:50.500#,1890.0,1908.0,1872.0,2096.0,1714.0,6753,29808,1879.0,17,1880.0,30,1881.0,4,1882.0,1,1884.0,18,1885.0,3,1886.0,1,1887.0,4,1888.0,18,1889.0,21,1884.0
SA505,,13:48:54.250#,1890.0,1908.0,1872.0,2096.0,1714.0,6753,29808,1879.0,17,1880.0,30,1881.0,4,1882.0,1,1884.0,18,1885.0,3,1886.0,1,1887.0,4,1888.0,18,1889.0,4,1884.0
SA505,,13:49:01.750#,1890.0,1908.0,1872.0,2096.0,1714.0,6753,29808,1879.0,17,1880.0,31,1881.0,4,1882.0,1,1884.0,18,1885.0,3,1886.0,1,1887.0,4,1888.0,18,1889.0,4,1884.0
SA505,,13:49:02.0#,1890.0,1908.0,1872.0,2096.0,1714.0,6753,29808,1879.0,17,1880.0,31,1881.0,4,1882.0,1,1884.0,18,1885.0,7,1886.0,1,1887.0,4,1888.0,18,1889.0,4,1884.0
SA505,,13:49:03.750#,1890.0,1908.0,1872.0,2096.0,1714.0,6755,29810,1879.0,17,1880.0,31,1881.0,4,1882.0,1,1883.0,16,1884.0,6,1885.0,7,1886.0,1,1887.0,4,1888.0,18,1884.0
SA505,,13:49:04.0#,1890.0,1908.0,1872.0,2096.0,1714.0,6755,29810,1879.0,17,1880.0,31,1881.0,4,1882.0,1,1883.0,16,1884.0,6,1885.0,6,1886.0,1,1887.0,4,1888.0,18,1884.0
SA505,,13:49:04.250#,1890.0,1908.0,1872.0,2096.0,1714.0,6755,29810,1879.0,17,1880.0,31,1881.0,4,1882.0,1,1883.0,16,1884.0,7,1885.0,6,1886.0,1,1887.0,4,1888.0,18,1884.0
SA505,,13:49:04.500#,1890.0,1908.0,1872.0,2096.0,1714.0,6755,29810,1879.0,17,1880.0,31,1881.0,4,1882.0,1,1883.0,16,1884.0,1,1885.0,6,1886.0,1,1887.0,4,1888.0,18,1884.0
SA505,,13:49:05.500#,1890.0,1908.0,1872.0,2096.0,1714.0,6756,29810,1879.0,17,1880.0,31,1881.0,4,1882.0,1,1883.0,15,1885.0,25,1886.0,1,1887.0,4,1888.0,18,1889.0,4,1884.0
SA505,,13:49:08.0#,1890.0,1908.0,1872.0,2096.0,1714.0,6756,29810,1879.0,17,1880.0,31,1881.0,4,1882.0,1,1883.0,15,1885.0,16,1886.0,1,1887.0,4,1888.0,18,1889.0,4,1884.0
SA505,,13:49:08.250#,1890.0,1908.0,1872.0,2096.0,1714.0,6756,29810,1879.0,17,1880.0,31,1881.0,4,1882.0,1,1883.0,15,1885.0,13,1886.0,1,1887.0,4,1888.0,18,1889.0,4,1884.0
SA505,,13:49:11.250#,1890.0,1908.0,1872.0,2096.0,1714.0,6756,29810,1879.0,17,1880.0,31,1881.0,4,1882.0,1,1883.0,15,1885.0,15,1886.0,1,1887.0,4,1888.0,18,1889.0,4,1884.0
SA505,,13:49:11.500#,1890.0,1908.0,1872.0,2096.0,1714.0,6756,29810,1879.0,17,1880.0,31,1881.0,4,1882.0,1,1883.0,15,1885.0,14,1886.0,1,1887.0,4,1888.0,18,1889.0,4,1884.0
SA505,,13:49:11.750#,1890.0,1908.0,1872.0,2096.0,1714.0,6756,29810,1879.0,17,1880.0,30,1881.0,4,1882.0,1,1883.0,15,1885.0,14,1886.0,1,1887.0,4,1888.0,18,1889.0,4,1884.0
SA505,,13:49:12.0#,1890.0,1908.0,1872.0,2096.0,1714.0,6756,29810,1879.0,17,1880.0,32,1881.0,4,1882.0,1,1883.0,15,1885.0,14,1886.0,1,1887.0,4,1888.0,18,1889.0,4,1884.0
SA505,,13:49:12.500#,1890.0,1908.0,1872.0,2096.0,1714.0,6756,29810,1879.0,17,1880.0,32,1881.0,4,1882.0,1,1883.0,15,1885.0,12,1886.0,1,1887.0,4,1888.0,18,1889.0,4,1884.0
SA505,,13:49:16.750#,1890.0,1908.0,1872.0,2096.0,1714.0,6756,29810,1879.0,17,1880.0,32,1881.0,4,1882.0,1,1883.0,15,1885.0,7,1886.0,1,1887.0,4,1888.0,18,1889.0,4,1884.0
SA505,,13:49:17.0#,1890.0,1908.0,1872.0,2096.0,1714.0,6756,29810,1879.0,17,1880.0,32,1881.0,4,1882.0,1,1883.0,15,1885.0,3,1886.0,1,1887.0,4,1888.0,18,1889.0,4,1884.0
SA505,,13:49:17.250#,1890.0,1908.0,1872.0,2096.0,1714.0,6756,29810,1879.0,17,1880.0,32,1881.0,4,1882.0,1,1884.0,12,1885.0,3,1886.0,1,1887.0,4,1888.0,18,1889.0,4,1884.0
SA505,,13:49:19.0#,1890.0,1908.0,1872.0,2096.0,1714.0,6756,29810,1879.0,17,1880.0,32,1881.0,4,1882.0,1,1884.0,11,1885.0,3,1886.0,1,1887.0,4,1888.0,18,1889.0,4,1884.0
SA505,,13:49:19.250#,1890.0,1908.0,1872.0,2096.0,1714.0,6756,29810,1879.0,17,1880.0,32,1881.0,4,1882.0,1,1884.0,15,1885.0,3,1886.0,1,1887.0,4,1888.0,18,1889.0,4,1884.0
SA505,,13:49:22.500#,1890.0,1908.0,1872.0,2096.0,1714.0,6756,29810,1879.0,17,1880.0,32,1881.0,4,1882.0,1,1884.0,15,1885.0,3,1886.0,1,1887.0,4,1888.0,18,1889.0,4,1884.0
