InstrumentId,ExchangeId,Datetime,OpenPrice,HighestPrice,LowestPrice,UpperLimitPrice,LowerLimitPrice,Volume,OpenInterest,BidPrice5,BidVolume5,BidPrice4,BidVolume4,BidPrice3,BidVolume3,BidPrice2,BidVolume2,BidPrice1,BidVolume1,AskPrice1,AskVolume1,AskPrice2,AskVolume2,AskPrice3,AskVolume3,AskPrice4,AskVolume4,AskPrice5,AskVolume5,LastPrice
sc2409,,13:38:35.0#,613.9,614.4,594.5,661.3,563.4,122645,32544.0,599.5,23,599.6,17,599.7,16,599.8,20,599.9,21,600.0,3,600.1,38,600.2,57,600.3,30,600.4,40,600.0
sc2409,,13:38:35.500#,613.9,614.4,594.5,661.3,563.4,122645,32544.0,599.5,23,599.6,17,599.7,16,599.8,20,599.9,21,600.0,3,600.1,38,600.2,57,600.3,30,600.4,40,600.0
sc2409,,13:38:36.0#,613.9,614.4,594.5,661.3,563.4,122645,32544.0,599.5,23,599.6,17,599.7,16,599.8,20,599.9,22,600.0,3,600.1,38,600.2,58,600.3,30,600.4,40,600.0
sc2409,,13:38:36.500#,613.9,614.4,594.5,661.3,563.4,122645,32544.0,599.5,23,599.6,17,599.7,16,599.8,20,599.9,22,600.0,3,600.1,38,600.2,58,600.3,30,600.4,40,600.0
sc2409,,13:38:37.0#,613.9,614.4,594.5,661.3,563.4,122645,32544.0,599.5,23,599.6,17,599.7,16,599.8,20,599.9,22,600.0,3,600.1,38,600.2,58,600.3,30,600.4,40,600.0
sc2409,,13:38:37.500#,613.9,614.4,594.5,661.3,563.4,122645,32544.0,599.5,23,599.6,19,599.7,16,599.8,20,599.9,22,600.0,4,600.1,38,600.2,58,600.3,30,600.4,42,600.0
sc2409,,13:38:38.0#,613.9,614.4,594.5,661.3,563.4,122645,32544.0,599.5,23,599.6,19,599.7,16,599.8,20,599.9,22,600.0,4,600.1,38,600.2,58,600.3,30,600.4,42,600.0
sc2409,,13:38:38.500#,613.9,614.4,594.5,661.3,563.4,122645,32544.0,599.5,23,599.6,17,599.7,16,599.8,20,599.9,22,600.0,4,600.1,38,600.2,58,600.3,30,600.4,40,600.0
sc2409,,13:38:39.0#,613.9,614.4,594.5,661.3,563.4,122645,32544.0,599.5,23,599.6,17,599.7,16,599.8,20,599.9,22,600.0,4,600.1,38,600.2,58,600.3,30,600.4,40,600.0
sc2409,,13:38:39.500#,613.9,614.4,594.5,661.3,563.4,122645,32544.0,599.5,23,599.6,17,599.7,16,599.8,20,599.9,22,600.0,4,600.1,38,600.2,58,600.3,30,600.4,40,600.0
sc2409,,13:38:40.0#,613.9,614.4,594.5,661.3,563.4,122645,32544.0,599.5,23,599.6,17,599.7,16,599.8,20,599.9,22,600.0,4,600.1,38,600.2,58,600.3,30,600.4,40,600.0
sc2409,,13:38:40.500#,613.9,614.4,594.5,661.3,563.4,122645,32544.0,599.5,23,599.6,19,599.7,16,599.8,20,599.9,22,600.0,7,600.1,38,600.2,58,600.3,30,600.4,42,600.0
sc2409,,13:38:41.0#,613.9,614.4,594.5,661.3,563.4,122645,32544.0,599.5,23,599.6,17,599.7,16,599.8,20,599.9,22,600.0,7,600.1,38,600.2,58,600.3,30,600.4,40,600.0
sc2409,,13:38:41.500#,613.9,614.4,594.5,661.3,563.4,122645,32544.0,599.5,23,599.6,17,599.7,16,599.8,20,599.9,22,600.0,7,600.1,38,600.2,58,600.3,30,600.4,40,600.0
sc2409,,13:38:42.0#,613.9,614.4,594.5,661.3,563.4,122645,32544.0,599.5,23,599.6,19,599.7,16,599.8,20,599.9,22,600.0,9,600.1,38,600.2,58,600.3,30,600.4,42,600.0
sc2409,,13:38:42.500#,613.9,614.4,594.5,661.3,563.4,122645,32544.0,599.5,23,599.6,17,599.7,16,599.8,20,599.9,22,600.0,9,600.1,38,600.2,58,600.3,30,600.4,40,600.0
sc2409,,13:38:43.0#,613.9,614.4,594.5,661.3,563.4,122645,32544.0,599.5,23,599.6,17,599.7,16,599.8,20,599.9,22,600.0,9,600.1,38,600.2,58,600.3,30,600.4,40,600.0
sc2409,,13:38:43.500#,613.9,614.4,594.5,661.3,563.4,122645,32544.0,599.5,23,599.6,19,599.7,16,599.8,20,599.9,22,600.0,9,600.1,38,600.2,58,600.3,30,600.4,42,600.0
sc2409,,13:38:44.0#,613.9,614.4,594.5,661.3,563.4,122645,32544.0,599.5,23,599.6,17,599.7,16,599.8,20,599.9,22,600.0,9,600.1,38,600.2,58,600.3,30,600.4,40,600.0
sc2409,,13:38:44.500#,613.9,614.4,594.5,661.3,563.4,122646,32545.0,599.5,23,599.6,17,599.7,16,599.8,20,599.9,22,600.0,8,600.1,38,600.2,58,600.3,30,600.4,40,600.0
sc2409,,13:38:45.0#,613.9,614.4,594.5,661.3,563.4,122646,32545.0,599.5,23,599.6,17,599.7,16,599.8,20,599.9,22,600.0,8,600.1,38,600.2,58,600.3,30,600.4,40,600.0
sc2409,,13:38:45.500#,613.9,614.4,594.5,661.3,563.4,122646,32545.0,599.5,23,599.6,17,599.7,16,599.8,20,599.9,22,600.0,8,600.1,38,600.2,58,600.3,30,600.4,40,600.0
sc2409,,13:38:46.0#,613.9,614.4,594.5,661.3,563.4,122646,32545.0,599.5,23,599.6,19,599.7,16,599.8,20,599.9,22,600.0,9,600.1,38,600.2,58,600.3,30,600.4,42,600.0
sc2409,,13:38:46.500#,613.9,614.4,594.5,661.3,563.4,122646,32545.0,599.5,23,599.6,17,599.7,16,599.8,20,599.9,22,600.0,9,600.1,38,600.2,58,600.3,30,600.4,40,600.0
sc2409,,13:38:47.0#,613.9,614.4,594.5,661.3,563.4,122646,32545.0,599.5,23,599.6,17,599.7,16,599.8,20,599.9,22,600.0,9,600.1,38,600.2,58,600.3,30,600.4,40,600.0
sc2409,,13:38:47.500#,613.9,614.4,594.5,661.3,563.4,122646,32545.0,599.5,23,599.6,19,599.7,16,599.8,20,599.9,22,600.0,9,600.1,38,600.2,58,600.3,30,600.4,42,600.0
sc2409,,13:38:48.0#,613.9,614.4,594.5,661.3,563.4,122646,32545.0,599.5,23,599.6,17,599.7,16,599.8,20,599.9,22,600.0,9,600.1,38,600.2,58,600.3,30,600.4,40,600.0
sc2409,,13:38:48.500#,613.9,614.4,594.5,661.3,563.4,122646,32545.0,599.5,23,599.6,17,599.7,16,599.8,20,599.9,22,600.0,9,600.1,38,600.2,58,600.3,30,600.4,40,600.0
sc2409,,13:38:49.0#,613.9,614.4,594.5,661.3,563.4,122646,32545.0,599.5,23,599.6,17,599.7,16,599.8,20,599.9,22,600.0,9,600.1,38,600.2,58,600.3,30,600.4,40,600.0
sc2409,,13:38:49.500#,613.9,614.4,594.5,661.3,563.4,122647,32544.0,599.5,23,599.6,17,599.7,16,599.8,20,599.9,21,600.0,9,600.1,38,600.2,58,600.3,30,600.4,42,599.9
sc2409,,13:38:50.0#,613.9,614.4,594.5,661.3,563.4,122647,32544.0,599.5,23,599.6,17,599.7,16,599.8,20,599.9,21,600.0,9,600.1,38,600.2,58,600.3,30,600.4,40,599.9
sc2409,,13:38:50.500#,613.9,614.4,594.5,661.3,563.4,122647,32544.0,599.5,23,599.6,17,599.7,16,599.8,20,599.9,21,600.0,9,600.1,38,600.2,58,600.3,30,600.4,40,599.9
sc2409,,13:38:51.0#,613.9,614.4,594.5,661.3,563.4,122647,32544.0,599.5,23,599.6,17,599.7,16,599.8,20,599.9,21,600.0,9,600.1,38,600.2,58,600.3,30,600.4,40,599.9
sc2409,,13:38:51.500#,613.9,614.4,594.5,661.3,563.4,122647,32544.0,599.5,23,599.6,17,599.7,16,599.8,20,599.9,21,600.0,9,600.1,38,600.2,59,600.3,30,600.4,40,599.9
sc2409,,13:38:52.0#,613.9,614.4,594.5,661.3,563.4,122647,32544.0,599.5,23,599.6,19,599.7,16,599.8,20,599.9,21,600.0,9,600.1,38,600.2,59,600.3,30,600.4,42,599.9
sc2409,,13:38:52.500#,613.9,614.4,594.5,661.3,563.4,122647,32544.0,599.5,23,599.6,19,599.7,16,599.8,20,599.9,21,600.0,9,600.1,39,600.2,59,600.3,30,600.4,42,599.9
sc2409,,13:38:53.0#,613.9,614.4,594.5,661.3,563.4,122647,32544.0,599.5,23,599.6,17,599.7,16,599.8,20,599.9,22,600.0,9,600.1,39,600.2,59,600.3,30,600.4,40,599.9
sc2409,,13:38:53.500#,613.9,614.4,594.5,661.3,563.4,122648,32545.0,599.5,23,599.6,17,599.7,16,599.8,20,599.9,22,600.0,8,600.1,39,600.2,59,600.3,30,600.4,40,600.0
sc2409,,13:38:54.0#,613.9,614.4,594.5,661.3,563.4,122648,32545.0,599.5,23,599.6,17,599.7,16,599.8,20,599.9,22,600.0,8,600.1,39,600.2,59,600.3,30,600.4,40,600.0
sc2409,,13:38:54.500#,613.9,614.4,594.5,661.3,563.4,122648,32545.0,599.5,23,599.6,19,599.7,16,599.8,20,599.9,22,600.0,8,600.1,39,600.2,59,600.3,30,600.4,42,600.0
sc2409,,13:38:55.0#,613.9,614.4,594.5,661.3,563.4,122648,32545.0,599.5,23,599.6,17,599.7,16,599.8,20,599.9,22,600.0,8,600.1,39,600.2,59,600.3,30,600.4,40,600.0
sc2409,,13:38:55.500#,613.9,614.4,594.5,661.3,563.4,122648,32545.0,599.5,23,599.6,19,599.7,16,599.8,20,599.9,22,600.0,8,600.1,39,600.2,59,600.3,30,600.4,42,600.0
sc2409,,13:38:56.0#,613.9,614.4,594.5,661.3,563.4,122648,32545.0,599.5,23,599.6,19,599.7,16,599.8,20,599.9,22,600.0,8,600.1,39,600.2,59,600.3,30,600.4,42,600.0
sc2409,,13:38:56.500#,613.9,614.4,594.5,661.3,563.4,122648,32545.0,599.5,23,599.6,19,599.7,16,599.8,20,599.9,22,600.0,8,600.1,39,600.2,59,600.3,30,600.4,42,600.0
sc2409,,13:38:57.0#,613.9,614.4,594.5,661.3,563.4,122648,32545.0,599.5,23,599.6,17,599.7,16,599.8,20,599.9,22,600.0,8,600.1,39,600.2,59,600.3,30,600.4,40,600.0
sc2409,,13:38:57.500#,613.9,614.4,594.5,661.3,563.4,122648,32545.0,599.5,23,599.6,17,599.7,16,599.8,20,599.9,22,600.0,8,600.1,39,600.2,59,600.3,30,600.4,40,600.0
sc2409,,13:38:58.0#,613.9,614.4,594.5,661.3,563.4,122648,32545.0,599.5,23,599.6,19,599.7,16,599.8,20,599.9,22,600.0,8,600.1,39,600.2,59,600.3,30,600.4,42,600.0
sc2409,,13:38:58.500#,613.9,614.4,594.5,661.3,563.4,122648,32545.0,599.5,23,599.6,17,599.7,16,599.8,20,599.9,22,600.0,8,600.1,39,600.2,59,600.3,30,600.4,40,600.0
sc2409,,13:38:59.0#,613.9,614.4,594.5,661.3,563.4,122649,32545.0,599.5,23,599.6,19,599.7,16,599.8,20,599.9,21,600.0,8,600.1,39,600.2,59,600.3,30,600.4,42,599.9
sc2409,,13:38:59.500#,613.9,614.4,594.5,661.3,563.4,122649,32545.0,599.5,23,599.6,17,599.7,16,599.8,20,599.9,22,600.0,8,600.1,39,600.2,59,600.3,30,600.4,40,599.9
sc2409,,13:39:00.0#,613.9,614.4,594.5,661.3,563.4,122650,32546.0,599.5,23,599.6,19,599.7,16,599.8,20,599.9,22,600.0,7,600.1,39,600.2,59,600.3,30,600.4,42,600.0
sc2409,,13:39:00.500#,613.9,614.4,594.5,661.3,563.4,122650,32546.0,599.5,23,599.6,17,599.7,16,599.8,20,599.9,23,600.0,7,600.1,39,600.2,59,600.3,30,600.4,40,600.0
sc2409,,13:39:01.0#,613.9,614.4,594.5,661.3,563.4,122650,32546.0,599.5,23,599.6,19,599.7,16,599.8,20,599.9,23,600.0,7,600.1,39,600.2,59,600.3,30,600.4,42,600.0
sc2409,,13:39:01.500#,613.9,614.4,594.5,661.3,563.4,122651,32545.0,599.5,23,599.6,17,599.7,16,599.8,20,599.9,22,600.0,7,600.1,39,600.2,59,600.3,30,600.4,40,599.9
sc2409,,13:39:02.0#,613.9,614.4,594.5,661.3,563.4,122659,32550.0,599.6,16,599.7,18,599.8,20,599.9,24,600.0,3,600.1,37,600.2,55,600.3,28,600.4,43,600.5,23,600.0
sc2409,,13:39:02.500#,613.9,614.4,594.5,661.3,563.4,122660,32550.0,599.6,13,599.7,20,599.8,21,599.9,24,600.0,5,600.1,37,600.2,55,600.3,26,600.4,45,600.5,23,600.0
sc2409,,13:39:03.0#,613.9,614.4,594.5,661.3,563.4,122660,32550.0,599.6,13,599.7,20,599.8,21,599.9,24,600.0,5,600.1,37,600.2,55,600.3,26,600.4,45,600.5,23,600.0
sc2409,,13:39:03.500#,613.9,614.4,594.5,661.3,563.4,122660,32550.0,599.6,13,599.7,20,599.8,21,599.9,23,600.0,6,600.1,37,600.2,55,600.3,26,600.4,45,600.5,23,600.0
sc2409,,13:39:04.0#,613.9,614.4,594.5,661.3,563.4,122660,32550.0,599.6,13,599.7,20,599.8,21,599.9,23,600.0,6,600.1,37,600.2,55,600.3,26,600.4,45,600.5,23,600.0
sc2409,,13:39:04.500#,613.9,614.4,594.5,661.3,563.4,122660,32550.0,599.6,13,599.7,20,599.8,21,599.9,23,600.0,7,600.1,37,600.2,55,600.3,26,600.4,45,600.5,23,600.0
sc2409,,13:39:05.0#,613.9,614.4,594.5,661.3,563.4,122660,32550.0,599.6,13,599.7,20,599.8,21,599.9,23,600.0,7,600.1,38,600.2,55,600.3,26,600.4,45,600.5,23,600.0
sc2409,,13:39:05.500#,613.9,614.4,594.5,661.3,563.4,122660,32550.0,599.6,13,599.7,20,599.8,21,599.9,23,600.0,7,600.1,38,600.2,55,600.3,26,600.4,45,600.5,23,600.0
sc2409,,13:39:06.0#,613.9,614.4,594.5,661.3,563.4,122660,32550.0,599.6,13,599.7,20,599.8,21,599.9,23,600.0,7,600.1,38,600.2,55,600.3,26,600.4,45,600.5,23,600.0
sc2409,,13:39:06.500#,613.9,614.4,594.5,661.3,563.4,122660,32550.0,599.6,15,599.7,20,599.8,21,599.9,23,600.0,7,600.1,38,600.2,55,600.3,26,600.4,47,600.5,23,600.0
sc2409,,13:39:07.0#,613.9,614.4,594.5,661.3,563.4,122660,32550.0,599.6,13,599.7,20,599.8,21,599.9,23,600.0,7,600.1,38,600.2,55,600.3,26,600.4,45,600.5,23,600.0
sc2409,,13:39:07.500#,613.9,614.4,594.5,661.3,563.4,122660,32550.0,599.6,13,599.7,20,599.8,21,599.9,23,600.0,7,600.1,38,600.2,55,600.3,26,600.4,45,600.5,23,600.0
sc2409,,13:39:08.0#,613.9,614.4,594.5,661.3,563.4,122661,32551.0,599.6,13,599.7,20,599.8,21,599.9,23,600.0,7,600.1,38,600.2,55,600.3,26,600.4,45,600.5,23,600.0
sc2409,,13:39:08.500#,613.9,614.4,594.5,661.3,563.4,122661,32551.0,599.6,13,599.7,20,599.8,21,599.9,23,600.0,7,600.1,38,600.2,55,600.3,26,600.4,45,600.5,23,600.0
sc2409,,13:39:09.0#,613.9,614.4,594.5,661.3,563.4,122661,32551.0,599.6,15,599.7,20,599.8,21,599.9,23,600.0,7,600.1,38,600.2,55,600.3,26,600.4,47,600.5,23,600.0
sc2409,,13:39:09.500#,613.9,614.4,594.5,661.3,563.4,122661,32551.0,599.6,13,599.7,20,599.8,21,599.9,23,600.0,7,600.1,38,600.2,55,600.3,26,600.4,45,600.5,23,600.0
sc2409,,13:39:10.0#,613.9,614.4,594.5,661.3,563.4,122661,32551.0,599.6,13,599.7,20,599.8,21,599.9,23,600.0,7,600.1,39,600.2,55,600.3,26,600.4,45,600.5,23,600.0
sc2409,,13:39:10.500#,613.9,614.4,594.5,661.3,563.4,122662,32551.0,599.6,13,599.7,20,599.8,21,599.9,23,600.0,6,600.1,39,600.2,55,600.3,26,600.4,45,600.5,23,600.0
sc2409,,13:39:11.0#,613.9,614.4,594.5,661.3,563.4,122662,32551.0,599.6,15,599.7,20,599.8,21,599.9,23,600.0,6,600.1,39,600.2,55,600.3,26,600.4,47,600.5,23,600.0
sc2409,,13:39:11.500#,613.9,614.4,594.5,661.3,563.4,122662,32551.0,599.6,13,599.7,20,599.8,21,599.9,23,600.0,6,600.1,39,600.2,55,600.3,26,600.4,45,600.5,23,600.0
sc2409,,13:39:12.0#,613.9,614.4,594.5,661.3,563.4,122662,32551.0,599.6,15,599.7,20,599.8,21,599.9,23,600.0,6,600.1,39,600.2,55,600.3,26,600.4,47,600.5,23,600.0
sc2409,,13:39:12.500#,613.9,614.4,594.5,661.3,563.4,122663,32551.0,599.6,13,599.7,20,599.8,21,599.9,23,600.0,6,600.1,39,600.2,55,600.3,26,600.4,45,600.5,23,600.0
sc2409,,13:39:13.0#,613.9,614.4,594.5,661.3,563.4,122663,32551.0,599.6,13,599.7,20,599.8,21,599.9,23,600.0,6,600.1,39,600.2,55,600.3,26,600.4,45,600.5,23,600.0
sc2409,,13:39:13.500#,613.9,614.4,594.5,661.3,563.4,122664,32551.0,599.6,15,599.7,20,599.8,21,599.9,23,600.0,5,600.1,39,600.2,55,600.3,26,600.4,47,600.5,23,600.0
sc2409,,13:39:14.0#,613.9,614.4,594.5,661.3,563.4,122664,32551.0,599.6,15,599.7,20,599.8,21,599.9,23,600.0,5,600.1,39,600.2,55,600.3,26,600.4,47,600.5,23,600.0
sc2409,,13:39:14.500#,613.9,614.4,594.5,661.3,563.4,122664,32551.0,599.6,13,599.7,20,599.8,21,599.9,23,600.0,5,600.1,39,600.2,55,600.3,26,600.4,45,600.5,23,600.0
sc2409,,13:39:15.0#,613.9,614.4,594.5,661.3,563.4,122664,32551.0,599.6,13,599.7,20,599.8,21,599.9,23,600.0,5,600.1,39,600.2,55,600.3,26,600.4,45,600.5,23,600.0
sc2409,,13:39:15.500#,613.9,614.4,594.5,661.3,563.4,122664,32551.0,599.6,15,599.7,20,599.8,21,599.9,23,600.0,5,600.1,39,600.2,55,600.3,26,600.4,47,600.5,23,600.0
sc2409,,13:39:16.0#,613.9,614.4,594.5,661.3,563.4,122665,32551.0,599.6,15,599.7,20,599.8,20,599.9,23,600.0,6,600.1,38,600.2,56,600.3,26,600.4,47,600.5,23,600.1
sc2409,,13:39:16.500#,613.9,614.4,594.5,661.3,563.4,122665,32551.0,599.6,15,599.7,20,599.8,20,599.9,23,600.0,6,600.1,38,600.2,56,600.3,26,600.4,47,600.5,23,600.1
sc2409,,13:39:17.0#,613.9,614.4,594.5,661.3,563.4,122665,32551.0,599.6,13,599.7,20,599.8,20,599.9,23,600.0,6,600.1,38,600.2,56,600.3,26,600.4,45,600.5,23,600.1
sc2409,,13:39:17.500#,613.9,614.4,594.5,661.3,563.4,122665,32551.0,599.6,13,599.7,20,599.8,20,599.9,23,600.0,6,600.1,38,600.2,56,600.3,26,600.4,45,600.5,23,600.1
sc2409,,13:39:18.0#,613.9,614.4,594.5,661.3,563.4,122666,32551.0,599.6,13,599.7,20,599.8,20,599.9,23,600.0,5,600.1,39,600.2,56,600.3,26,600.4,45,600.5,23,600.0
sc2409,,13:39:18.500#,613.9,614.4,594.5,661.3,563.4,122667,32550.0,599.6,13,599.7,20,599.8,20,599.9,23,600.0,6,600.1,37,600.2,56,600.3,26,600.4,45,600.5,23,600.1
sc2409,,13:39:19.0#,613.9,614.4,594.5,661.3,563.4,122667,32550.0,599.6,13,599.7,20,599.8,20,599.9,23,600.0,6,600.1,37,600.2,56,600.3,26,600.4,45,600.5,23,600.1
sc2409,,13:39:19.500#,613.9,614.4,594.5,661.3,563.4,122667,32550.0,599.6,13,599.7,20,599.8,20,599.9,23,600.0,6,600.1,37,600.2,56,600.3,26,600.4,45,600.5,23,600.1
sc2409,,13:39:20.0#,613.9,614.4,594.5,661.3,563.4,122667,32550.0,599.6,13,599.7,20,599.8,20,599.9,23,600.0,6,600.1,37,600.2,57,600.3,26,600.4,45,600.5,23,600.1
sc2409,,13:39:20.500#,613.9,614.4,594.5,661.3,563.4,122667,32550.0,599.6,13,599.7,20,599.8,20,599.9,23,600.0,6,600.1,37,600.2,57,600.3,26,600.4,45,600.5,23,600.1
sc2409,,13:39:21.0#,613.9,614.4,594.5,661.3,563.4,122667,32550.0,599.6,13,599.7,20,599.8,20,599.9,23,600.0,6,600.1,37,600.2,57,600.3,26,600.4,45,600.5,23,600.1
sc2409,,13:39:21.500#,613.9,614.4,594.5,661.3,563.4,122667,32550.0,599.6,15,599.7,20,599.8,20,599.9,23,600.0,6,600.1,37,600.2,57,600.3,26,600.4,47,600.5,23,600.1
sc2409,,13:39:22.0#,613.9,614.4,594.5,661.3,563.4,122667,32550.0,599.6,13,599.7,20,599.8,20,599.9,23,600.0,6,600.1,37,600.2,57,600.3,26,600.4,45,600.5,23,600.1
sc2409,,13:39:22.500#,613.9,614.4,594.5,661.3,563.4,122667,32550.0,599.6,15,599.7,20,599.8,20,599.9,23,600.0,6,600.1,37,600.2,57,600.3,26,600.4,47,600.5,23,600.1
sc2409,,13:39:23.0#,613.9,614.4,594.5,661.3,563.4,122667,32550.0,599.6,13,599.7,20,599.8,20,599.9,23,600.0,7,600.1,37,600.2,57,600.3,26,600.4,45,600.5,23,600.1
sc2409,,13:39:23.500#,613.9,614.4,594.5,661.3,563.4,122668,32549.0,599.6,13,599.7,20,599.8,20,599.9,23,600.0,7,600.1,36,600.2,57,600.3,26,600.4,45,600.5,23,600.1
sc2409,,13:39:24.0#,613.9,614.4,594.5,661.3,563.4,122669,32549.0,599.6,15,599.7,20,599.8,20,599.9,21,600.0,7,600.1,36,600.2,57,600.3,26,600.4,47,600.5,23,600.0
sc2409,,13:39:24.500#,613.9,614.4,594.5,661.3,563.4,122671,32548.0,599.6,13,599.7,20,599.8,20,599.9,21,600.0,8,600.1,34,600.2,57,600.3,26,600.4,45,600.5,23,600.1
sc2409,,13:39:25.0#,613.9,614.4,594.5,661.3,563.4,122671,32548.0,599.6,13,599.7,20,599.8,20,599.9,21,600.0,8,600.1,33,600.2,57,600.3,26,600.4,45,600.5,23,600.1
sc2409,,13:39:25.500#,613.9,614.4,594.5,661.3,563.4,122673,32546.0,599.6,13,599.7,20,599.8,20,599.9,21,600.0,8,600.1,32,600.2,57,600.3,26,600.4,45,600.5,23,600.1
sc2409,,13:39:26.0#,613.9,614.4,594.5,661.3,563.4,122673,32546.0,599.6,13,599.7,20,599.8,20,599.9,21,600.0,9,600.1,32,600.2,57,600.3,26,600.4,45,600.5,23,600.1
sc2409,,13:39:26.500#,613.9,614.4,594.5,661.3,563.4,122674,32546.0,599.6,15,599.7,20,599.8,20,599.9,21,600.0,9,600.1,31,600.2,57,600.3,26,600.4,47,600.5,23,600.1
sc2409,,13:39:27.0#,613.9,614.4,594.5,661.3,563.4,122674,32546.0,599.6,13,599.7,20,599.8,20,599.9,21,600.0,9,600.1,31,600.2,57,600.3,26,600.4,45,600.5,23,600.1
sc2409,,13:39:27.500#,613.9,614.4,594.5,661.3,563.4,122674,32546.0,599.6,13,599.7,20,599.8,20,599.9,21,600.0,9,600.1,31,600.2,57,600.3,26,600.4,45,600.5,23,600.1
sc2409,,13:39:28.0#,613.9,614.4,594.5,661.3,563.4,122674,32546.0,599.6,13,599.7,20,599.8,20,599.9,21,600.0,9,600.1,31,600.2,57,600.3,26,600.4,45,600.5,23,600.1
sc2409,,13:39:28.500#,613.9,614.4,594.5,661.3,563.4,122674,32546.0,599.6,15,599.7,20,599.8,20,599.9,21,600.0,9,600.1,36,600.2,57,600.3,26,600.4,47,600.5,23,600.1
sc2409,,13:39:29.0#,613.9,614.4,594.5,661.3,563.4,122674,32546.0,599.6,13,599.7,20,599.8,20,599.9,21,600.0,9,600.1,36,600.2,57,600.3,26,600.4,45,600.5,23,600.1
sc2409,,13:39:29.500#,613.9,614.4,594.5,661.3,563.4,122674,32546.0,599.6,13,599.7,20,599.8,20,599.9,21,600.0,9,600.1,36,600.2,57,600.3,26,600.4,45,600.5,23,600.1
sc2409,,13:39:30.0#,613.9,614.4,594.5,661.3,563.4,122674,32546.0,599.6,15,599.7,20,599.8,20,599.9,21,600.0,9,600.1,36,600.2,57,600.3,26,600.4,47,600.5,23,600.1
sc2409,,13:39:30.500#,613.9,614.4,594.5,661.3,563.4,122675,32545.0,599.6,15,599.7,20,599.8,20,599.9,21,600.0,9,600.1,35,600.2,57,600.3,26,600.4,47,600.5,23,600.1
sc2409,,13:39:31.0#,613.9,614.4,594.5,661.3,563.4,122675,32545.0,599.6,13,599.7,20,599.8,20,599.9,21,600.0,9,600.1,35,600.2,57,600.3,26,600.4,45,600.5,23,600.1
sc2409,,13:39:31.500#,613.9,614.4,594.5,661.3,563.4,122676,32544.0,599.6,13,599.7,20,599.8,20,599.9,21,600.0,9,600.1,34,600.2,57,600.3,26,600.4,47,600.5,23,600.1
sc2409,,13:39:32.0#,613.9,614.4,594.5,661.3,563.4,122676,32544.0,599.6,13,599.7,20,599.8,20,599.9,21,600.0,9,600.1,34,600.2,57,600.3,26,600.4,47,600.5,23,600.1
sc2409,,13:39:32.500#,613.9,614.4,594.5,661.3,563.4,122677,32543.0,599.6,13,599.7,20,599.8,20,599.9,21,600.0,9,600.1,33,600.2,57,600.3,26,600.4,45,600.5,23,600.1
sc2409,,13:39:33.0#,613.9,614.4,594.5,661.3,563.4,122677,32543.0,599.6,13,599.7,20,599.8,20,599.9,21,600.0,9,600.1,33,600.2,57,600.3,26,600.4,45,600.5,23,600.1
sc2409,,13:39:33.500#,613.9,614.4,594.5,661.3,563.4,122679,32542.0,599.6,15,599.7,20,599.8,20,599.9,20,600.0,14,600.1,31,600.2,57,600.3,26,600.4,47,600.5,23,600.1
sc2409,,13:39:34.0#,613.9,614.4,594.5,661.3,563.4,122710,32564.0,599.7,17,599.8,21,599.9,20,600.0,18,600.1,26,600.2,56,600.3,24,600.4,49,600.5,22,600.6,22,600.1
sc2409,,13:39:34.500#,613.9,614.4,594.5,661.3,563.4,122724,32569.0,599.7,18,599.8,26,599.9,20,600.0,21,600.1,27,600.2,40,600.3,19,600.4,38,600.5,36,600.6,25,600.2
sc2409,,13:39:35.0#,613.9,614.4,594.5,661.3,563.4,122725,32569.0,599.7,18,599.8,26,599.9,20,600.0,20,600.1,27,600.2,40,600.3,18,600.4,38,600.5,35,600.6,25,600.2
sc2409,,13:39:35.500#,613.9,614.4,594.5,661.3,563.4,122728,32567.0,599.7,18,599.8,26,599.9,20,600.0,20,600.1,26,600.2,38,600.3,18,600.4,38,600.5,35,600.6,25,600.1
sc2409,,13:39:36.0#,613.9,614.4,594.5,661.3,563.4,122730,32568.0,599.7,18,599.8,26,599.9,20,600.0,20,600.1,20,600.2,36,600.3,18,600.4,38,600.5,35,600.6,25,600.2
sc2409,,13:39:36.500#,613.9,614.4,594.5,661.3,563.4,122730,32568.0,599.7,20,599.8,26,599.9,20,600.0,20,600.1,20,600.2,36,600.3,18,600.4,38,600.5,37,600.6,25,600.2
sc2409,,13:39:37.0#,613.9,614.4,594.5,661.3,563.4,122732,32567.0,599.7,20,599.8,26,599.9,20,600.0,20,600.1,6,600.2,36,600.3,18,600.4,38,600.5,37,600.6,25,600.1
sc2409,,13:39:37.500#,613.9,614.4,594.5,661.3,563.4,122739,32571.0,599.6,13,599.7,21,599.8,22,599.9,20,600.0,9,600.1,4,600.2,37,600.3,20,600.4,44,600.5,32,600.1
sc2409,,13:39:38.0#,613.9,614.4,594.5,661.3,563.4,122740,32571.0,599.6,16,599.7,20,599.8,22,599.9,19,600.0,10,600.1,4,600.2,37,600.3,22,600.4,47,600.5,28,600.1
sc2409,,13:39:38.500#,613.9,614.4,594.5,661.3,563.4,122740,32571.0,599.6,14,599.7,20,599.8,22,599.9,19,600.0,10,600.1,4,600.2,37,600.3,22,600.4,45,600.5,28,600.1
sc2409,,13:39:39.0#,613.9,614.4,594.5,661.3,563.4,122740,32571.0,599.6,16,599.7,20,599.8,17,599.9,19,600.0,11,600.1,4,600.2,37,600.3,22,600.4,47,600.5,28,600.1
sc2409,,13:39:39.500#,613.9,614.4,594.5,661.3,563.4,122741,32570.0,599.6,14,599.7,20,599.8,17,599.9,19,600.0,12,600.1,3,600.2,37,600.3,22,600.4,45,600.5,28,600.1
sc2409,,13:39:40.0#,613.9,614.4,594.5,661.3,563.4,122742,32571.0,599.6,16,599.7,20,599.8,17,599.9,19,600.0,13,600.1,3,600.2,37,600.3,22,600.4,47,600.5,28,600.0
sc2409,,13:39:40.500#,613.9,614.4,594.5,661.3,563.4,122742,32571.0,599.6,16,599.7,20,599.8,17,599.9,19,600.0,13,600.1,3,600.2,37,600.3,22,600.4,47,600.5,28,600.0
sc2409,,13:39:41.0#,613.9,614.4,594.5,661.3,563.4,122742,32571.0,599.6,16,599.7,20,599.8,17,599.9,19,600.0,13,600.1,3,600.2,37,600.3,22,600.4,47,600.5,28,600.0
sc2409,,13:39:41.500#,613.9,614.4,594.5,661.3,563.4,122743,32571.0,599.6,14,599.7,20,599.8,17,599.9,19,600.0,12,600.1,3,600.2,37,600.3,22,600.4,45,600.5,28,600.0
sc2409,,13:39:42.0#,613.9,614.4,594.5,661.3,563.4,122743,32571.0,599.6,14,599.7,20,599.8,17,599.9,19,600.0,12,600.1,4,600.2,37,600.3,22,600.4,45,600.5,28,600.0
sc2409,,13:39:42.500#,613.9,614.4,594.5,661.3,563.4,122744,32570.0,599.6,14,599.7,20,599.8,17,599.9,19,600.0,12,600.1,3,600.2,37,600.3,22,600.4,45,600.5,28,600.1
sc2409,,13:39:43.0#,613.9,614.4,594.5,661.3,563.4,122744,32570.0,599.6,14,599.7,20,599.8,17,599.9,19,600.0,12,600.1,3,600.2,37,600.3,22,600.4,45,600.5,28,600.1
sc2409,,13:39:43.500#,613.9,614.4,594.5,661.3,563.4,122744,32570.0,599.6,14,599.7,20,599.8,17,599.9,19,600.0,12,600.1,3,600.2,37,600.3,22,600.4,45,600.5,28,600.1
sc2409,,13:39:44.0#,613.9,614.4,594.5,661.3,563.4,122744,32570.0,599.6,14,599.7,20,599.8,17,599.9,19,600.0,12,600.1,4,600.2,37,600.3,23,600.4,45,600.5,28,600.1
sc2409,,13:39:44.500#,613.9,614.4,594.5,661.3,563.4,122745,32569.0,599.6,14,599.7,20,599.8,17,599.9,19,600.0,12,600.1,4,600.2,37,600.3,23,600.4,45,600.5,28,600.0
sc2409,,13:39:45.0#,613.9,614.4,594.5,661.3,563.4,122745,32569.0,599.6,16,599.7,20,599.8,17,599.9,19,600.0,12,600.1,4,600.2,37,600.3,23,600.4,47,600.5,28,600.0
sc2409,,13:39:45.500#,613.9,614.4,594.5,661.3,563.4,122745,32569.0,599.6,14,599.7,20,599.8,17,599.9,19,600.0,12,600.1,4,600.2,37,600.3,23,600.4,45,600.5,28,600.0
sc2409,,13:39:46.0#,613.9,614.4,594.5,661.3,563.4,122745,32569.0,599.6,14,599.7,20,599.8,17,599.9,19,600.0,12,600.1,4,600.2,37,600.3,23,600.4,45,600.5,28,600.0
sc2409,,13:39:46.500#,613.9,614.4,594.5,661.3,563.4,122747,32569.0,599.6,16,599.7,20,599.8,17,599.9,19,600.0,10,600.1,4,600.2,37,600.3,23,600.4,47,600.5,28,600.0
sc2409,,13:39:47.0#,613.9,614.4,594.5,661.3,563.4,122747,32569.0,599.6,14,599.7,20,599.8,17,599.9,19,600.0,10,600.1,6,600.2,37,600.3,23,600.4,45,600.5,28,600.0
sc2409,,13:39:47.500#,613.9,614.4,594.5,661.3,563.4,122747,32569.0,599.6,14,599.7,20,599.8,17,599.9,19,600.0,10,600.1,6,600.2,37,600.3,23,600.4,45,600.5,28,600.0
sc2409,,13:39:48.0#,613.9,614.4,594.5,661.3,563.4,122747,32569.0,599.6,14,599.7,20,599.8,17,599.9,19,600.0,10,600.1,4,600.2,37,600.3,23,600.4,45,600.5,28,600.0
sc2409,,13:39:48.500#,613.9,614.4,594.5,661.3,563.4,122747,32569.0,599.6,14,599.7,20,599.8,17,599.9,19,600.0,10,600.1,4,600.2,37,600.3,23,600.4,45,600.5,28,600.0
sc2409,,13:39:49.0#,613.9,614.4,594.5,661.3,563.4,122747,32569.0,599.6,14,599.7,20,599.8,17,599.9,19,600.0,10,600.1,5,600.2,37,600.3,23,600.4,45,600.5,28,600.0
sc2409,,13:39:49.500#,613.9,614.4,594.5,661.3,563.4,122747,32569.0,599.6,16,599.7,20,599.8,17,599.9,19,600.0,10,600.1,6,600.2,38,600.3,23,600.4,47,600.5,27,600.0
sc2409,,13:39:50.0#,613.9,614.4,594.5,661.3,563.4,122747,32569.0,599.6,14,599.7,20,599.8,17,599.9,19,600.0,10,600.1,6,600.2,38,600.3,23,600.4,45,600.5,27,600.0
sc2409,,13:39:50.500#,613.9,614.4,594.5,661.3,563.4,122748,32568.0,599.6,16,599.7,20,599.8,17,599.9,19,600.0,11,600.1,5,600.2,38,600.3,23,600.4,47,600.5,27,600.1
sc2409,,13:39:51.0#,613.9,614.4,594.5,661.3,563.4,122748,32568.0,599.6,14,599.7,20,599.8,17,599.9,19,600.0,11,600.1,6,600.2,38,600.3,23,600.4,45,600.5,27,600.1
sc2409,,13:39:51.500#,613.9,614.4,594.5,661.3,563.4,122748,32568.0,599.6,16,599.7,20,599.8,17,599.9,19,600.0,10,600.1,6,600.2,38,600.3,23,600.4,47,600.5,27,600.1
sc2409,,13:39:52.0#,613.9,614.4,594.5,661.3,563.4,122748,32568.0,599.6,14,599.7,20,599.8,17,599.9,19,600.0,10,600.1,6,600.2,38,600.3,23,600.4,45,600.5,27,600.1
sc2409,,13:39:52.500#,613.9,614.4,594.5,661.3,563.4,122748,32568.0,599.6,14,599.7,20,599.8,17,599.9,19,600.0,10,600.1,6,600.2,38,600.3,23,600.4,45,600.5,27,600.1
sc2409,,13:39:53.0#,613.9,614.4,594.5,661.3,563.4,122748,32568.0,599.6,14,599.7,20,599.8,17,599.9,19,600.0,10,600.1,7,600.2,37,600.3,22,600.4,45,600.5,27,600.1
sc2409,,13:39:53.500#,613.9,614.4,594.5,661.3,563.4,122748,32568.0,599.6,14,599.7,20,599.8,17,599.9,19,600.0,10,600.1,7,600.2,37,600.3,22,600.4,47,600.5,25,600.1
sc2409,,13:39:54.0#,613.9,614.4,594.5,661.3,563.4,122748,32568.0,599.6,16,599.7,20,599.8,17,599.9,19,600.0,10,600.1,7,600.2,37,600.3,22,600.4,49,600.5,26,600.1
sc2409,,13:39:54.500#,613.9,614.4,594.5,661.3,563.4,122748,32568.0,599.6,16,599.7,20,599.8,17,599.9,19,600.0,10,600.1,7,600.2,37,600.3,22,600.4,49,600.5,26,600.1
sc2409,,13:39:55.0#,613.9,614.4,594.5,661.3,563.4,122748,32568.0,599.6,14,599.7,20,599.8,17,599.9,19,600.0,10,600.1,7,600.2,37,600.3,22,600.4,47,600.5,26,600.1
sc2409,,13:39:55.500#,613.9,614.4,594.5,661.3,563.4,122748,32568.0,599.6,14,599.7,20,599.8,17,599.9,19,600.0,10,600.1,7,600.2,37,600.3,22,600.4,47,600.5,26,600.1
sc2409,,13:39:56.0#,613.9,614.4,594.5,661.3,563.4,122748,32568.0,599.6,14,599.7,20,599.8,17,599.9,19,600.0,10,600.1,7,600.2,37,600.3,22,600.4,47,600.5,26,600.1
sc2409,,13:39:56.500#,613.9,614.4,594.5,661.3,563.4,122748,32568.0,599.6,14,599.7,20,599.8,17,599.9,19,600.0,10,600.1,7,600.2,37,600.3,22,600.4,47,600.5,26,600.1
sc2409,,13:39:57.0#,613.9,614.4,594.5,661.3,563.4,122748,32568.0,599.6,14,599.7,20,599.8,17,599.9,19,600.0,10,600.1,7,600.2,37,600.3,22,600.4,47,600.5,26,600.1
sc2409,,13:39:57.500#,613.9,614.4,594.5,661.3,563.4,122748,32568.0,599.6,16,599.7,20,599.8,17,599.9,19,600.0,10,600.1,7,600.2,37,600.3,22,600.4,49,600.5,26,600.1
sc2409,,13:39:58.0#,613.9,614.4,594.5,661.3,563.4,122748,32568.0,599.6,14,599.7,20,599.8,17,599.9,19,600.0,10,600.1,7,600.2,38,600.3,22,600.4,49,600.5,26,600.1
sc2409,,13:39:58.500#,613.9,614.4,594.5,661.3,563.4,122748,32568.0,599.6,14,599.7,20,599.8,17,599.9,19,600.0,10,600.1,7,600.2,38,600.3,22,600.4,47,600.5,26,600.1
sc2409,,13:39:59.0#,613.9,614.4,594.5,661.3,563.4,122748,32568.0,599.6,14,599.7,20,599.8,17,599.9,19,600.0,10,600.1,7,600.2,38,600.3,22,600.4,47,600.5,26,600.1
sc2409,,13:39:59.500#,613.9,614.4,594.5,661.3,563.4,122748,32568.0,599.6,14,599.7,20,599.8,17,599.9,19,600.0,10,600.1,7,600.2,38,600.3,22,600.4,47,600.5,26,600.1
sc2409,,13:40:00.0#,613.9,614.4,594.5,661.3,563.4,122748,32568.0,599.6,14,599.7,20,599.8,17,599.9,19,600.0,10,600.1,7,600.2,38,600.3,22,600.4,47,600.5,26,600.1
sc2409,,13:40:00.500#,613.9,614.4,594.5,661.3,563.4,122749,32567.0,599.6,14,599.7,20,599.8,17,599.9,19,600.0,10,600.1,6,600.2,38,600.3,22,600.4,47,600.5,26,600.1
sc2409,,13:40:01.0#,613.9,614.4,594.5,661.3,563.4,122749,32567.0,599.6,16,599.7,20,599.8,17,599.9,19,600.0,15,600.1,6,600.2,38,600.3,22,600.4,49,600.5,26,600.1
sc2409,,13:40:01.500#,613.9,614.4,594.5,661.3,563.4,122750,32567.0,599.6,16,599.7,20,599.8,17,599.9,19,600.0,15,600.1,5,600.2,38,600.3,22,600.4,49,600.5,26,600.1
sc2409,,13:40:02.0#,613.9,614.4,594.5,661.3,563.4,122750,32567.0,599.6,14,599.7,20,599.8,17,599.9,19,600.0,15,600.1,5,600.2,38,600.3,22,600.4,47,600.5,26,600.1
sc2409,,13:40:02.500#,613.9,614.4,594.5,661.3,563.4,122750,32567.0,599.6,14,599.7,20,599.8,17,599.9,19,600.0,15,600.1,5,600.2,38,600.3,22,600.4,47,600.5,26,600.1
sc2409,,13:40:03.0#,613.9,614.4,594.5,661.3,563.4,122750,32567.0,599.6,14,599.7,20,599.8,17,599.9,19,600.0,15,600.1,5,600.2,38,600.3,22,600.4,47,600.5,26,600.1
sc2409,,13:40:03.500#,613.9,614.4,594.5,661.3,563.4,122750,32567.0,599.6,14,599.7,20,599.8,17,599.9,19,600.0,15,600.1,5,600.2,38,600.3,22,600.4,47,600.5,26,600.1
sc2409,,13:40:04.0#,613.9,614.4,594.5,661.3,563.4,122750,32567.0,599.6,14,599.7,20,599.8,17,599.9,19,600.0,15,600.1,5,600.2,38,600.3,22,600.4,47,600.5,26,600.1
sc2409,,13:40:04.500#,613.9,614.4,594.5,661.3,563.4,122750,32567.0,599.6,14,599.7,20,599.8,17,599.9,19,600.0,15,600.1,5,600.2,38,600.3,22,600.4,47,600.5,26,600.1
sc2409,,13:40:05.0#,613.9,614.4,594.5,661.3,563.4,122750,32567.0,599.6,14,599.7,20,599.8,17,599.9,19,600.0,15,600.1,5,600.2,38,600.3,22,600.4,47,600.5,26,600.1
sc2409,,13:40:05.500#,613.9,614.4,594.5,661.3,563.4,122750,32567.0,599.6,16,599.7,20,599.8,17,599.9,19,600.0,15,600.1,5,600.2,38,600.3,22,600.4,49,600.5,26,600.1
sc2409,,13:40:06.0#,613.9,614.4,594.5,661.3,563.4,122750,32567.0,599.6,14,599.7,20,599.8,17,599.9,19,600.0,15,600.1,10,600.2,38,600.3,22,600.4,47,600.5,26,600.1
sc2409,,13:40:06.500#,613.9,614.4,594.5,661.3,563.4,122752,32566.0,599.6,14,599.7,20,599.8,17,599.9,19,600.0,15,600.1,8,600.2,38,600.3,22,600.4,47,600.5,26,600.1
sc2409,,13:40:07.0#,613.9,614.4,594.5,661.3,563.4,122752,32566.0,599.6,14,599.7,20,599.8,17,599.9,19,600.0,15,600.1,8,600.2,38,600.3,22,600.4,47,600.5,26,600.1
sc2409,,13:40:07.500#,613.9,614.4,594.5,661.3,563.4,122752,32566.0,599.6,14,599.7,20,599.8,17,599.9,19,600.0,15,600.1,8,600.2,38,600.3,22,600.4,47,600.5,26,600.1
sc2409,,13:40:08.0#,613.9,614.4,594.5,661.3,563.4,122752,32566.0,599.6,14,599.7,20,599.8,17,599.9,19,600.0,15,600.1,8,600.2,38,600.3,22,600.4,47,600.5,26,600.1
sc2409,,13:40:08.500#,613.9,614.4,594.5,661.3,563.4,122754,32564.0,599.6,14,599.7,20,599.8,17,599.9,19,600.0,15,600.1,6,600.2,38,600.3,22,600.4,47,600.5,26,600.1
sc2409,,13:40:09.0#,613.9,614.4,594.5,661.3,563.4,122754,32564.0,599.6,14,599.7,20,599.8,17,599.9,19,600.0,15,600.1,6,600.2,38,600.3,22,600.4,47,600.5,26,600.1
sc2409,,13:40:09.500#,613.9,614.4,594.5,661.3,563.4,122754,32564.0,599.6,14,599.7,20,599.8,17,599.9,19,600.0,15,600.1,6,600.2,38,600.3,22,600.4,47,600.5,26,600.1
sc2409,,13:40:10.0#,613.9,614.4,594.5,661.3,563.4,122754,32564.0,599.6,14,599.7,20,599.8,17,599.9,19,600.0,15,600.1,6,600.2,38,600.3,22,600.4,47,600.5,26,600.1
sc2409,,13:40:10.500#,613.9,614.4,594.5,661.3,563.4,122756,32563.0,599.6,16,599.7,20,599.8,17,599.9,19,600.0,16,600.1,4,600.2,38,600.3,22,600.4,49,600.5,26,600.1
sc2409,,13:40:11.0#,613.9,614.4,594.5,661.3,563.4,122756,32563.0,599.6,14,599.7,20,599.8,17,599.9,19,600.0,16,600.1,5,600.2,38,600.3,22,600.4,47,600.5,26,600.1
sc2409,,13:40:11.500#,613.9,614.4,594.5,661.3,563.4,122756,32563.0,599.6,14,599.7,20,599.8,17,599.9,19,600.0,16,600.1,5,600.2,38,600.3,22,600.4,47,600.5,26,600.1
sc2409,,13:40:12.0#,613.9,614.4,594.5,661.3,563.4,122756,32563.0,599.6,14,599.7,20,599.8,17,599.9,19,600.0,16,600.1,5,600.2,38,600.3,22,600.4,47,600.5,26,600.1
sc2409,,13:40:12.500#,613.9,614.4,594.5,661.3,563.4,122758,32561.0,599.6,16,599.7,20,599.8,17,599.9,19,600.0,16,600.1,3,600.2,38,600.3,22,600.4,49,600.5,26,600.1
sc2409,,13:40:13.0#,613.9,614.4,594.5,661.3,563.4,122758,32561.0,599.6,16,599.7,20,599.8,17,599.9,19,600.0,17,600.1,3,600.2,38,600.3,22,600.4,49,600.5,26,600.1
sc2409,,13:40:13.500#,613.9,614.4,594.5,661.3,563.4,122758,32561.0,599.6,14,599.7,20,599.8,17,599.9,19,600.0,17,600.1,3,600.2,38,600.3,22,600.4,48,600.5,25,600.1
sc2409,,13:40:14.0#,613.9,614.4,594.5,661.3,563.4,122758,32561.0,599.6,14,599.7,20,599.8,17,599.9,19,600.0,18,600.1,3,600.2,38,600.3,22,600.4,48,600.5,25,600.1
sc2409,,13:40:14.500#,613.9,614.4,594.5,661.3,563.4,122760,32559.0,599.6,14,599.7,20,599.8,17,599.9,19,600.0,16,600.1,7,600.2,38,600.3,22,600.4,48,600.5,25,600.0
sc2409,,13:40:15.0#,613.9,614.4,594.5,661.3,563.4,122762,32557.0,599.6,16,599.7,20,599.8,17,599.9,19,600.0,16,600.1,7,600.2,38,600.3,22,600.4,50,600.5,25,600.1
sc2409,,13:40:15.500#,613.9,614.4,594.5,661.3,563.4,122762,32557.0,599.6,14,599.7,20,599.8,17,599.9,19,600.0,16,600.1,7,600.2,38,600.3,22,600.4,48,600.5,25,600.1
sc2409,,13:40:16.0#,613.9,614.4,594.5,661.3,563.4,122763,32558.0,599.6,14,599.7,20,599.8,17,599.9,19,600.0,15,600.1,7,600.2,38,600.3,22,600.4,47,600.5,25,600.0
sc2409,,13:40:16.500#,613.9,614.4,594.5,661.3,563.4,122763,32558.0,599.6,14,599.7,20,599.8,17,599.9,19,600.0,15,600.1,7,600.2,38,600.3,22,600.4,47,600.5,25,600.0
sc2409,,13:40:17.0#,613.9,614.4,594.5,661.3,563.4,122763,32558.0,599.6,14,599.7,20,599.8,17,599.9,19,600.0,15,600.1,7,600.2,38,600.3,22,600.4,47,600.5,25,600.0
sc2409,,13:40:17.500#,613.9,614.4,594.5,661.3,563.4,122763,32558.0,599.6,14,599.7,20,599.8,17,599.9,19,600.0,15,600.1,7,600.2,38,600.3,22,600.4,47,600.5,25,600.0
sc2409,,13:40:18.0#,613.9,614.4,594.5,661.3,563.4,122763,32558.0,599.6,14,599.7,20,599.8,17,599.9,19,600.0,15,600.1,7,600.2,38,600.3,22,600.4,47,600.5,25,600.0
sc2409,,13:40:18.500#,613.9,614.4,594.5,661.3,563.4,122765,32557.0,599.6,14,599.7,20,599.8,17,599.9,19,600.0,15,600.1,5,600.2,38,600.3,23,600.4,47,600.5,25,600.1
sc2409,,13:40:19.0#,613.9,614.4,594.5,661.3,563.4,122765,32557.0,599.6,14,599.7,20,599.8,18,599.9,19,600.0,14,600.1,5,600.2,39,600.3,23,600.4,47,600.5,25,600.1
sc2409,,13:40:19.500#,613.9,614.4,594.5,661.3,563.4,122765,32557.0,599.6,16,599.7,20,599.8,18,599.9,19,600.0,15,600.1,5,600.2,39,600.3,23,600.4,49,600.5,25,600.1
sc2409,,13:40:20.0#,613.9,614.4,594.5,661.3,563.4,122765,32557.0,599.6,16,599.7,20,599.8,18,599.9,19,600.0,15,600.1,5,600.2,39,600.3,23,600.4,49,600.5,25,600.1
sc2409,,13:40:20.500#,613.9,614.4,594.5,661.3,563.4,122765,32557.0,599.6,14,599.7,20,599.8,18,599.9,19,600.0,15,600.1,5,600.2,39,600.3,23,600.4,47,600.5,25,600.1
sc2409,,13:40:21.0#,613.9,614.4,594.5,661.3,563.4,122765,32557.0,599.6,14,599.7,20,599.8,18,599.9,19,600.0,15,600.1,5,600.2,39,600.3,23,600.4,47,600.5,25,600.1
sc2409,,13:40:21.500#,613.9,614.4,594.5,661.3,563.4,122765,32557.0,599.6,14,599.7,20,599.8,18,599.9,19,600.0,15,600.1,5,600.2,39,600.3,23,600.4,47,600.5,25,600.1
sc2409,,13:40:22.0#,613.9,614.4,594.5,661.3,563.4,122767,32555.0,599.6,14,599.7,20,599.8,18,599.9,19,600.0,15,600.1,1,600.2,39,600.3,21,600.4,49,600.5,25,600.1
sc2409,,13:40:22.500#,613.9,614.4,594.5,661.3,563.4,122767,32555.0,599.6,16,599.7,20,599.8,18,599.9,14,600.0,15,600.1,3,600.2,39,600.3,23,600.4,49,600.5,25,600.1
sc2409,,13:40:23.0#,613.9,614.4,594.5,661.3,563.4,122767,32555.0,599.6,16,599.7,20,599.8,18,599.9,14,600.0,20,600.1,3,600.2,39,600.3,23,600.4,49,600.5,25,600.1
sc2409,,13:40:23.500#,613.9,614.4,594.5,661.3,563.4,122767,32555.0,599.6,14,599.7,20,599.8,18,599.9,14,600.0,20,600.1,3,600.2,39,600.3,23,600.4,47,600.5,25,600.1
sc2409,,13:40:24.0#,613.9,614.4,594.5,661.3,563.4,122767,32555.0,599.6,14,599.7,20,599.8,18,599.9,14,600.0,20,600.1,3,600.2,39,600.3,23,600.4,47,600.5,25,600.1
sc2409,,13:40:24.500#,613.9,614.4,594.5,661.3,563.4,122767,32555.0,599.6,14,599.7,20,599.8,18,599.9,14,600.0,20,600.1,3,600.2,39,600.3,23,600.4,47,600.5,25,600.1
sc2409,,13:40:25.0#,613.9,614.4,594.5,661.3,563.4,122769,32555.0,599.6,14,599.7,20,599.8,18,599.9,14,600.0,20,600.1,1,600.2,39,600.3,23,600.4,47,600.5,25,600.1
sc2409,,13:40:25.500#,613.9,614.4,594.5,661.3,563.4,122770,32556.0,599.6,12,599.7,20,599.8,20,599.9,14,600.0,20,600.2,38,600.3,21,600.4,46,600.5,29,600.6,22,600.1
sc2409,,13:40:26.0#,613.9,614.4,594.5,661.3,563.4,122770,32556.0,599.6,12,599.7,22,599.8,20,599.9,14,600.0,20,600.2,38,600.3,21,600.4,46,600.5,31,600.6,22,600.1
sc2409,,13:40:26.500#,613.9,614.4,594.5,661.3,563.4,122770,32556.0,599.6,12,599.7,22,599.8,20,599.9,14,600.0,20,600.2,38,600.3,21,600.4,46,600.5,31,600.6,22,600.1
sc2409,,13:40:27.0#,613.9,614.4,594.5,661.3,563.4,122770,32556.0,599.6,12,599.7,20,599.8,20,599.9,14,600.0,20,600.1,1,600.2,37,600.3,21,600.4,46,600.5,29,600.1
sc2409,,13:40:27.500#,613.9,614.4,594.5,661.3,563.4,122770,32556.0,599.6,14,599.7,20,599.8,18,599.9,14,600.0,20,600.1,1,600.2,39,600.3,23,600.4,47,600.5,25,600.1
sc2409,,13:40:28.0#,613.9,614.4,594.5,661.3,563.4,122770,32556.0,599.6,14,599.7,20,599.8,18,599.9,14,600.0,20,600.1,1,600.2,39,600.3,23,600.4,47,600.5,25,600.1
sc2409,,13:40:28.500#,613.9,614.4,594.5,661.3,563.4,122771,32555.0,599.7,19,599.8,21,599.9,14,600.0,24,600.1,1,600.2,36,600.3,19,600.4,46,600.5,30,600.6,25,600.1
sc2409,,13:40:29.0#,613.9,614.4,594.5,661.3,563.4,122774,32552.0,599.7,15,599.8,22,599.9,15,600.0,22,600.1,1,600.2,36,600.3,19,600.4,43,600.5,31,600.6,25,600.1
sc2409,,13:40:29.500#,613.9,614.4,594.5,661.3,563.4,122776,32552.0,599.6,12,599.7,18,599.8,21,599.9,15,600.0,17,600.1,6,600.2,37,600.3,21,600.4,43,600.5,32,600.1
sc2409,,13:40:30.0#,613.9,614.4,594.5,661.3,563.4,122776,32552.0,599.6,16,599.7,20,599.8,18,599.9,14,600.0,18,600.1,6,600.2,39,600.3,23,600.4,49,600.5,25,600.1
sc2409,,13:40:30.500#,613.9,614.4,594.5,661.3,563.4,122782,32552.0,599.7,20,599.8,18,599.9,14,600.0,21,600.1,4,600.2,39,600.3,23,600.4,47,600.5,25,600.6,22,600.1
sc2409,,13:40:31.0#,613.9,614.4,594.5,661.3,563.4,122782,32552.0,599.7,15,599.8,22,599.9,15,600.0,24,600.1,6,600.2,37,600.3,19,600.4,41,600.5,33,600.6,25,600.1
sc2409,,13:40:31.500#,613.9,614.4,594.5,661.3,563.4,122784,32552.0,599.7,19,599.8,22,599.9,15,600.0,24,600.1,3,600.2,37,600.3,19,600.4,41,600.5,35,600.6,25,600.1
sc2409,,13:40:32.0#,613.9,614.4,594.5,661.3,563.4,122784,32552.0,599.7,17,599.8,22,599.9,15,600.0,24,600.1,3,600.2,37,600.3,19,600.4,41,600.5,33,600.6,25,600.1
sc2409,,13:40:32.500#,613.9,614.4,594.5,661.3,563.4,122784,32552.0,599.7,17,599.8,22,599.9,15,600.0,24,600.1,3,600.2,38,600.3,19,600.4,41,600.5,33,600.6,25,600.1
sc2409,,13:40:33.0#,613.9,614.4,594.5,661.3,563.4,122785,32552.0,599.7,17,599.8,22,599.9,15,600.0,24,600.1,3,600.2,38,600.3,19,600.4,41,600.5,33,600.6,25,600.1
sc2409,,13:40:33.500#,613.9,614.4,594.5,661.3,563.4,122785,32552.0,599.7,17,599.8,22,599.9,15,600.0,24,600.1,3,600.2,38,600.3,19,600.4,41,600.5,33,600.6,25,600.1
sc2409,,13:40:34.0#,613.9,614.4,594.5,661.3,563.4,122787,32550.0,599.7,17,599.8,22,599.9,15,600.0,24,600.1,6,600.2,36,600.3,19,600.4,41,600.5,33,600.6,25,600.2
sc2409,,13:40:34.500#,613.9,614.4,594.5,661.3,563.4,122787,32550.0,599.7,17,599.8,22,599.9,15,600.0,23,600.1,6,600.2,38,600.3,19,600.4,41,600.5,33,600.6,25,600.2
sc2409,,13:40:35.0#,613.9,614.4,594.5,661.3,563.4,122788,32551.0,599.7,17,599.8,22,599.9,15,600.0,23,600.1,5,600.2,38,600.3,19,600.4,41,600.5,33,600.6,25,600.1
sc2409,,13:40:35.500#,613.9,614.4,594.5,661.3,563.4,122790,32549.0,599.7,19,599.8,22,599.9,15,600.0,23,600.1,5,600.2,36,600.3,19,600.4,41,600.5,35,600.6,25,600.2
sc2409,,13:40:36.0#,613.9,614.4,594.5,661.3,563.4,122790,32549.0,599.7,17,599.8,22,599.9,15,600.0,23,600.1,5,600.2,36,600.3,19,600.4,41,600.5,33,600.6,25,600.2
sc2409,,13:40:36.500#,613.9,614.4,594.5,661.3,563.4,122790,32549.0,599.7,17,599.8,22,599.9,15,600.0,23,600.1,5,600.2,36,600.3,19,600.4,41,600.5,33,600.6,25,600.2
sc2409,,13:40:37.0#,613.9,614.4,594.5,661.3,563.4,122792,32547.0,599.7,19,599.8,22,599.9,15,600.0,23,600.1,5,600.2,34,600.3,19,600.4,41,600.5,35,600.6,25,600.2
sc2409,,13:40:37.500#,613.9,614.4,594.5,661.3,563.4,122792,32547.0,599.7,19,599.8,22,599.9,15,600.0,23,600.1,5,600.2,34,600.3,19,600.4,41,600.5,35,600.6,25,600.2
sc2409,,13:40:38.0#,613.9,614.4,594.5,661.3,563.4,122792,32547.0,599.7,17,599.8,22,599.9,15,600.0,23,600.1,5,600.2,34,600.3,19,600.4,41,600.5,33,600.6,25,600.2
sc2409,,13:40:38.500#,613.9,614.4,594.5,661.3,563.4,122792,32547.0,599.7,17,599.8,22,599.9,15,600.0,23,600.1,5,600.2,34,600.3,20,600.4,41,600.5,33,600.6,25,600.2
sc2409,,13:40:39.0#,613.9,614.4,594.5,661.3,563.4,122792,32547.0,599.7,17,599.8,22,599.9,15,600.0,23,600.1,5,600.2,34,600.3,20,600.4,41,600.5,33,600.6,25,600.2
sc2409,,13:40:39.500#,613.9,614.4,594.5,661.3,563.4,122792,32547.0,599.7,17,599.8,22,599.9,15,600.0,23,600.1,5,600.2,34,600.3,20,600.4,41,600.5,33,600.6,25,600.2
sc2409,,13:40:40.0#,613.9,614.4,594.5,661.3,563.4,122792,32547.0,599.7,17,599.8,22,599.9,15,600.0,23,600.1,5,600.2,34,600.3,20,600.4,41,600.5,33,600.6,25,600.2
sc2409,,13:40:40.500#,613.9,614.4,594.5,661.3,563.4,122792,32547.0,599.7,17,599.8,22,599.9,15,600.0,23,600.1,5,600.2,34,600.3,20,600.4,41,600.5,33,600.6,25,600.2
sc2409,,13:40:41.0#,613.9,614.4,594.5,661.3,563.4,122794,32545.0,599.7,17,599.8,22,599.9,15,600.0,23,600.1,5,600.2,32,600.3,20,600.4,41,600.5,33,600.6,25,600.2
sc2409,,13:40:41.500#,613.9,614.4,594.5,661.3,563.4,122797,32542.0,599.7,19,599.8,22,599.9,15,600.0,23,600.1,3,600.2,32,600.3,20,600.4,41,600.5,35,600.6,25,600.2
sc2409,,13:40:42.0#,613.9,614.4,594.5,661.3,563.4,122800,32542.0,599.6,11,599.7,15,599.8,22,599.9,15,600.0,23,600.1,2,600.2,35,600.3,20,600.4,43,600.5,31,600.1
sc2409,,13:40:42.500#,613.9,614.4,594.5,661.3,563.4,122803,32544.0,599.6,12,599.7,20,599.8,20,599.9,14,600.0,16,600.1,4,600.2,35,600.3,22,600.4,46,600.5,30,600.1
sc2409,,13:40:43.0#,613.9,614.4,594.5,661.3,563.4,122806,32542.0,599.6,16,599.7,20,599.8,18,599.9,14,600.0,16,600.1,1,600.2,37,600.3,24,600.4,49,600.5,26,600.1
sc2409,,13:40:43.500#,613.9,614.4,594.5,661.3,563.4,122808,32542.0,599.6,12,599.7,20,599.8,20,599.9,14,600.0,15,600.1,1,600.2,35,600.3,22,600.4,46,600.5,29,600.0
sc2409,,13:40:44.0#,613.9,614.4,594.5,661.3,563.4,122808,32542.0,599.6,16,599.7,20,599.8,18,599.9,14,600.0,15,600.1,4,600.2,37,600.3,24,600.4,49,600.5,25,600.0
sc2409,,13:40:44.500#,613.9,614.4,594.5,661.3,563.4,122808,32542.0,599.6,14,599.7,20,599.8,18,599.9,14,600.0,15,600.1,4,600.2,37,600.3,24,600.4,47,600.5,25,600.0
sc2409,,13:40:45.0#,613.9,614.4,594.5,661.3,563.4,122808,32542.0,599.6,14,599.7,20,599.8,18,599.9,14,600.0,15,600.1,4,600.2,37,600.3,24,600.4,47,600.5,25,600.0
sc2409,,13:40:45.500#,613.9,614.4,594.5,661.3,563.4,122811,32540.0,599.6,14,599.7,20,599.8,18,599.9,14,600.0,15,600.1,1,600.2,37,600.3,24,600.4,47,600.5,25,600.1
sc2409,,13:40:46.0#,613.9,614.4,594.5,661.3,563.4,122811,32540.0,599.6,13,599.7,20,599.8,20,599.9,14,600.0,15,600.2,35,600.3,22,600.4,46,600.5,29,600.6,22,600.1
sc2409,,13:40:46.500#,613.9,614.4,594.5,661.3,563.4,122811,32540.0,599.6,12,599.7,20,599.8,20,599.9,14,600.0,15,600.2,35,600.3,22,600.4,46,600.5,29,600.6,22,600.1
sc2409,,13:40:47.0#,613.9,614.4,594.5,661.3,563.4,122811,32540.0,599.6,12,599.7,20,599.8,20,599.9,14,600.0,15,600.2,35,600.3,22,600.4,46,600.5,29,600.6,22,600.1
sc2409,,13:40:47.500#,613.9,614.4,594.5,661.3,563.4,122811,32540.0,599.6,12,599.7,20,599.8,20,599.9,14,600.0,15,600.2,35,600.3,22,600.4,46,600.5,29,600.6,22,600.1
sc2409,,13:40:48.0#,613.9,614.4,594.5,661.3,563.4,122811,32540.0,599.6,12,599.7,20,599.8,20,599.9,14,600.0,15,600.2,35,600.3,22,600.4,46,600.5,29,600.6,22,600.1
sc2409,,13:40:48.500#,613.9,614.4,594.5,661.3,563.4,122814,32537.0,599.7,20,599.8,20,599.9,14,600.0,15,600.1,3,600.2,33,600.3,22,600.4,46,600.5,29,600.6,22,600.2
sc2409,,13:40:49.0#,613.9,614.4,594.5,661.3,563.4,122814,32537.0,599.7,15,599.8,22,599.9,15,600.0,19,600.1,4,600.2,32,600.3,20,600.4,43,600.5,31,600.6,25,600.2
sc2409,,13:40:49.500#,613.9,614.4,594.5,661.3,563.4,122814,32537.0,599.7,15,599.8,22,599.9,15,600.0,19,600.1,4,600.2,31,600.3,20,600.4,43,600.5,31,600.6,25,600.2
sc2409,,13:40:50.0#,613.9,614.4,594.5,661.3,563.4,122815,32538.0,599.7,15,599.8,22,599.9,15,600.0,19,600.1,2,600.2,31,600.3,20,600.4,43,600.5,31,600.6,25,600.1
sc2409,,13:40:50.500#,613.9,614.4,594.5,661.3,563.4,122817,32540.0,599.6,11,599.7,15,599.8,22,599.9,15,600.0,19,600.2,34,600.3,20,600.4,43,600.5,31,600.6,25,600.1
sc2409,,13:40:51.0#,613.9,614.4,594.5,661.3,563.4,122820,32539.0,599.6,14,599.7,20,599.8,18,599.9,14,600.0,15,600.1,1,600.2,35,600.3,24,600.4,47,600.5,25,600.1
sc2409,,13:40:51.500#,613.9,614.4,594.5,661.3,563.4,122820,32539.0,599.6,12,599.7,20,599.8,20,599.9,14,600.0,15,600.2,33,600.3,22,600.4,46,600.5,29,600.6,22,600.1
sc2409,,13:40:52.0#,613.9,614.4,594.5,661.3,563.4,122820,32539.0,599.6,12,599.7,22,599.8,20,599.9,14,600.0,15,600.2,33,600.3,22,600.4,46,600.5,31,600.6,22,600.1
sc2409,,13:40:52.500#,613.9,614.4,594.5,661.3,563.4,122821,32539.0,599.6,12,599.7,20,599.8,20,599.9,14,600.0,14,600.1,4,600.2,33,600.3,22,600.4,46,600.5,29,600.0
sc2409,,13:40:53.0#,613.9,614.4,594.5,661.3,563.4,122821,32539.0,599.6,14,599.7,20,599.8,18,599.9,14,600.0,14,600.1,4,600.2,35,600.3,24,600.4,47,600.5,25,600.0
sc2409,,13:40:53.500#,613.9,614.4,594.5,661.3,563.4,122821,32539.0,599.6,14,599.7,22,599.8,18,599.9,14,600.0,14,600.1,4,600.2,35,600.3,24,600.4,47,600.5,28,600.0
sc2409,,13:40:54.0#,613.9,614.4,594.5,661.3,563.4,122825,32540.0,599.6,14,599.7,20,599.8,18,599.9,14,600.0,15,600.2,36,600.3,22,600.4,49,600.5,26,600.6,22,600.1
sc2409,,13:40:54.500#,613.9,614.4,594.5,661.3,563.4,122826,32539.0,599.6,12,599.7,20,599.8,20,599.9,14,600.0,14,600.2,34,600.3,22,600.4,46,600.5,30,600.6,22,600.0
sc2409,,13:40:55.0#,613.9,614.4,594.5,661.3,563.4,122826,32539.0,599.6,12,599.7,20,599.8,20,599.9,14,600.0,14,600.1,1,600.2,34,600.3,22,600.4,46,600.5,30,600.0
sc2409,,13:40:55.500#,613.9,614.4,594.5,661.3,563.4,122826,32539.0,599.6,14,599.7,22,599.8,18,599.9,14,600.0,17,600.1,3,600.2,36,600.3,24,600.4,47,600.5,28,600.0
sc2409,,13:40:56.0#,613.9,614.4,594.5,661.3,563.4,122826,32539.0,599.6,14,599.7,20,599.8,18,599.9,14,600.0,17,600.1,3,600.2,36,600.3,24,600.4,47,600.5,26,600.0
sc2409,,13:40:56.500#,613.9,614.4,594.5,661.3,563.4,122826,32539.0,599.6,14,599.7,20,599.8,18,599.9,14,600.0,17,600.1,3,600.2,35,600.3,24,600.4,47,600.5,26,600.0
sc2409,,13:40:57.0#,613.9,614.4,594.5,661.3,563.4,122827,32539.0,599.6,14,599.7,20,599.8,18,599.9,14,600.0,17,600.1,3,600.2,35,600.3,24,600.4,47,600.5,26,600.1
sc2409,,13:40:57.500#,613.9,614.4,594.5,661.3,563.4,122830,32538.0,599.6,14,599.7,20,599.8,18,599.9,14,600.0,17,600.2,35,600.3,24,600.4,47,600.5,26,600.6,22,600.1
sc2409,,13:40:58.0#,613.9,614.4,594.5,661.3,563.4,122830,32538.0,599.7,17,599.8,21,599.9,14,600.0,21,600.1,3,600.2,32,600.3,20,600.4,46,600.5,31,600.6,25,600.1
sc2409,,13:40:58.500#,613.9,614.4,594.5,661.3,563.4,122832,32537.0,599.7,17,599.8,22,599.9,15,600.0,21,600.1,1,600.2,32,600.3,20,600.4,43,600.5,34,600.6,25,600.1
sc2409,,13:40:59.0#,613.9,614.4,594.5,661.3,563.4,122832,32537.0,599.6,12,599.7,20,599.8,21,599.9,15,600.0,17,600.2,33,600.3,22,600.4,43,600.5,35,600.6,22,600.1
sc2409,,13:40:59.500#,613.9,614.4,594.5,661.3,563.4,122832,32537.0,599.6,12,599.7,20,599.8,20,599.9,14,600.0,17,600.2,34,600.3,22,600.4,46,600.5,30,600.6,22,600.1
sc2409,,13:41:00.0#,613.9,614.4,594.5,661.3,563.4,122832,32537.0,599.7,17,599.8,22,599.9,14,600.0,21,600.1,1,600.2,34,600.3,20,600.4,46,600.5,29,600.6,25,600.1
sc2409,,13:41:00.500#,613.9,614.4,594.5,661.3,563.4,122833,32537.0,599.6,12,599.7,20,599.8,22,599.9,15,600.0,17,600.2,34,600.3,22,600.4,43,600.5,35,600.6,22,600.1
sc2409,,13:41:01.0#,613.9,614.4,594.5,661.3,563.4,122833,32537.0,599.6,12,599.7,20,599.8,21,599.9,14,600.0,17,600.2,34,600.3,25,600.4,46,600.5,30,600.6,22,600.1
sc2409,,13:41:01.500#,613.9,614.4,594.5,661.3,563.4,122836,32534.0,599.6,12,599.7,20,599.8,21,599.9,14,600.0,17,600.2,31,600.3,25,600.4,46,600.5,30,600.6,22,600.2
sc2409,,13:41:02.0#,613.9,614.4,594.5,661.3,563.4,122836,32534.0,599.7,17,599.8,22,599.9,14,600.0,21,600.1,10,600.2,30,600.3,23,600.4,46,600.5,29,600.6,25,600.2
sc2409,,13:41:02.500#,613.9,614.4,594.5,661.3,563.4,122836,32534.0,599.7,17,599.8,23,599.9,15,600.0,21,600.1,10,600.2,30,600.3,23,600.4,41,600.5,34,600.6,25,600.2
sc2409,,13:41:03.0#,613.9,614.4,594.5,661.3,563.4,122836,32534.0,599.7,17,599.8,23,599.9,15,600.0,22,600.1,10,600.2,30,600.3,23,600.4,41,600.5,34,600.6,25,600.2
sc2409,,13:41:03.500#,613.9,614.4,594.5,661.3,563.4,122836,32534.0,599.7,19,599.8,23,599.9,15,600.0,22,600.1,10,600.2,30,600.3,23,600.4,41,600.5,36,600.6,25,600.2
sc2409,,13:41:04.0#,613.9,614.4,594.5,661.3,563.4,122836,32534.0,599.7,19,599.8,23,599.9,15,600.0,22,600.1,10,600.2,31,600.3,23,600.4,41,600.5,36,600.6,25,600.2
sc2409,,13:41:04.500#,613.9,614.4,594.5,661.3,563.4,122836,32534.0,599.7,17,599.8,23,599.9,15,600.0,25,600.1,11,600.2,31,600.3,23,600.4,41,600.5,34,600.6,25,600.2
sc2409,,13:41:05.0#,613.9,614.4,594.5,661.3,563.4,122837,32535.0,599.7,19,599.8,23,599.9,15,600.0,25,600.1,9,600.2,31,600.3,23,600.4,41,600.5,36,600.6,25,600.1
sc2409,,13:41:05.500#,613.9,614.4,594.5,661.3,563.4,122837,32535.0,599.7,17,599.8,23,599.9,15,600.0,25,600.1,9,600.2,31,600.3,23,600.4,41,600.5,34,600.6,25,600.1
sc2409,,13:41:06.0#,613.9,614.4,594.5,661.3,563.4,122837,32535.0,599.7,17,599.8,23,599.9,15,600.0,25,600.1,12,600.2,31,600.3,23,600.4,41,600.5,34,600.6,25,600.1
sc2409,,13:41:06.500#,613.9,614.4,594.5,661.3,563.4,122837,32535.0,599.7,17,599.8,23,599.9,15,600.0,25,600.1,12,600.2,31,600.3,23,600.4,41,600.5,34,600.6,25,600.1
sc2409,,13:41:07.0#,613.9,614.4,594.5,661.3,563.4,122841,32532.0,599.7,17,599.8,23,599.9,15,600.0,25,600.1,12,600.2,28,600.3,23,600.4,39,600.5,36,600.6,25,600.2
sc2409,,13:41:07.500#,613.9,614.4,594.5,661.3,563.4,122841,32532.0,599.7,17,599.8,23,599.9,15,600.0,25,600.1,12,600.2,28,600.3,24,600.4,39,600.5,36,600.6,25,600.2
sc2409,,13:41:08.0#,613.9,614.4,594.5,661.3,563.4,122841,32532.0,599.7,17,599.8,23,599.9,15,600.0,25,600.1,12,600.2,29,600.3,24,600.4,39,600.5,36,600.6,25,600.2
sc2409,,13:41:08.500#,613.9,614.4,594.5,661.3,563.4,122841,32532.0,599.7,17,599.8,23,599.9,15,600.0,25,600.1,13,600.2,29,600.3,24,600.4,39,600.5,36,600.6,25,600.2
sc2409,,13:41:09.0#,613.9,614.4,594.5,661.3,563.4,122842,32532.0,599.7,19,599.8,23,599.9,15,600.0,25,600.1,13,600.2,28,600.3,24,600.4,39,600.5,38,600.6,25,600.2
sc2409,,13:41:09.500#,613.9,614.4,594.5,661.3,563.4,122842,32532.0,599.7,19,599.8,23,599.9,15,600.0,25,600.1,14,600.2,28,600.3,24,600.4,39,600.5,38,600.6,25,600.2
sc2409,,13:41:10.0#,613.9,614.4,594.5,661.3,563.4,122845,32529.0,599.7,17,599.8,23,599.9,15,600.0,25,600.1,14,600.2,25,600.3,24,600.4,39,600.5,36,600.6,25,600.2
sc2409,,13:41:11.0#,613.9,614.4,594.5,661.3,563.4,122846,32529.0,599.7,17,599.8,23,599.9,15,600.0,26,600.1,13,600.2,25,600.3,24,600.4,39,600.5,36,600.6,25,600.1
sc2409,,13:41:11.500#,613.9,614.4,594.5,661.3,563.4,122849,32528.0,599.7,19,599.8,23,599.9,15,600.0,26,600.1,10,600.2,25,600.3,24,600.4,39,600.5,38,600.6,25,600.1
sc2409,,13:41:12.0#,613.9,614.4,594.5,661.3,563.4,122850,32528.0,599.7,17,599.8,23,599.9,15,600.0,26,600.1,6,600.2,26,600.3,24,600.4,39,600.5,36,600.6,25,600.1
sc2409,,13:41:13.0#,613.9,614.4,594.5,661.3,563.4,122853,32527.0,599.7,19,599.8,23,599.9,15,600.0,26,600.1,6,600.2,23,600.3,24,600.4,39,600.5,38,600.6,25,600.2
sc2409,,13:41:13.500#,613.9,614.4,594.5,661.3,563.4,122853,32527.0,599.7,17,599.8,23,599.9,15,600.0,26,600.1,6,600.2,23,600.3,24,600.4,39,600.5,36,600.6,25,600.2
sc2409,,13:41:14.0#,613.9,614.4,594.5,661.3,563.4,122853,32527.0,599.7,19,599.8,23,599.9,15,600.0,26,600.1,6,600.2,23,600.3,24,600.4,39,600.5,38,600.6,25,600.2
sc2409,,13:41:14.500#,613.9,614.4,594.5,661.3,563.4,122854,32526.0,599.7,17,599.8,23,599.9,15,600.0,26,600.1,5,600.2,23,600.3,24,600.4,39,600.5,36,600.6,25,600.1
sc2409,,13:41:15.0#,613.9,614.4,594.5,661.3,563.4,122854,32526.0,599.7,17,599.8,23,599.9,15,600.0,26,600.1,5,600.2,23,600.3,24,600.4,39,600.5,36,600.6,25,600.1
sc2409,,13:41:15.500#,613.9,614.4,594.5,661.3,563.4,122854,32526.0,599.7,17,599.8,23,599.9,15,600.0,26,600.1,5,600.2,23,600.3,25,600.4,39,600.5,36,600.6,25,600.1
sc2409,,13:41:16.0#,613.9,614.4,594.5,661.3,563.4,122857,32524.0,599.7,17,599.8,23,599.9,15,600.0,26,600.1,7,600.2,20,600.3,25,600.4,39,600.5,36,600.6,25,600.2
sc2409,,13:41:16.500#,613.9,614.4,594.5,661.3,563.4,122857,32524.0,599.7,17,599.8,23,599.9,15,600.0,26,600.1,8,600.2,20,600.3,25,600.4,39,600.5,36,600.6,25,600.2
sc2409,,13:41:17.0#,613.9,614.4,594.5,661.3,563.4,122857,32524.0,599.7,17,599.8,23,599.9,15,600.0,26,600.1,8,600.2,20,600.3,25,600.4,39,600.5,36,600.6,25,600.2
sc2409,,13:41:18.0#,613.9,614.4,594.5,661.3,563.4,122857,32524.0,599.7,19,599.8,23,599.9,15,600.0,26,600.1,9,600.2,20,600.3,25,600.4,39,600.5,38,600.6,25,600.2
sc2409,,13:41:18.500#,613.9,614.4,594.5,661.3,563.4,122857,32524.0,599.7,19,599.8,23,599.9,15,600.0,26,600.1,10,600.2,20,600.3,25,600.4,39,600.5,38,600.6,25,600.2
sc2409,,13:41:19.0#,613.9,614.4,594.5,661.3,563.4,122860,32522.0,599.7,17,599.8,23,599.9,15,600.0,26,600.1,10,600.2,17,600.3,25,600.4,39,600.5,36,600.6,25,600.2
sc2409,,13:41:19.500#,613.9,614.4,594.5,661.3,563.4,122860,32522.0,599.7,17,599.8,23,599.9,15,600.0,26,600.1,10,600.2,17,600.3,25,600.4,39,600.5,36,600.6,25,600.2
sc2409,,13:41:20.0#,613.9,614.4,594.5,661.3,563.4,122860,32522.0,599.7,17,599.8,23,599.9,15,600.0,26,600.1,10,600.2,17,600.3,25,600.4,39,600.5,36,600.6,25,600.2
sc2409,,13:41:20.500#,613.9,614.4,594.5,661.3,563.4,122860,32522.0,599.7,17,599.8,23,599.9,15,600.0,26,600.1,11,600.2,18,600.3,25,600.4,39,600.5,36,600.6,25,600.2
sc2409,,13:41:21.0#,613.9,614.4,594.5,661.3,563.4,122860,32522.0,599.7,17,599.8,23,599.9,15,600.0,26,600.1,11,600.2,17,600.3,25,600.4,39,600.5,36,600.6,26,600.2
sc2409,,13:41:21.500#,613.9,614.4,594.5,661.3,563.4,122863,32519.0,599.7,19,599.8,23,599.9,15,600.0,26,600.1,11,600.2,14,600.3,25,600.4,39,600.5,38,600.6,26,600.2
sc2409,,13:41:22.0#,613.9,614.4,594.5,661.3,563.4,122865,32517.0,599.7,17,599.8,23,599.9,15,600.0,26,600.1,10,600.2,13,600.3,25,600.4,39,600.5,36,600.6,26,600.2
sc2409,,13:41:22.500#,613.9,614.4,594.5,661.3,563.4,122866,32516.0,599.7,17,599.8,23,599.9,15,600.0,26,600.1,9,600.2,13,600.3,25,600.4,39,600.5,36,600.6,26,600.1
sc2409,,13:41:23.0#,613.9,614.4,594.5,661.3,563.4,122867,32517.0,599.7,17,599.8,23,599.9,15,600.0,26,600.1,8,600.2,13,600.3,25,600.4,39,600.5,36,600.6,26,600.1
sc2409,,13:41:23.500#,613.9,614.4,594.5,661.3,563.4,122867,32517.0,599.7,17,599.8,23,599.9,15,600.0,26,600.1,9,600.2,13,600.3,25,600.4,39,600.5,36,600.6,26,600.1
sc2409,,13:41:24.0#,613.9,614.4,594.5,661.3,563.4,122867,32517.0,599.7,17,599.8,23,599.9,15,600.0,26,600.1,9,600.2,13,600.3,25,600.4,39,600.5,36,600.6,26,600.1
sc2409,,13:41:24.500#,613.9,614.4,594.5,661.3,563.4,122870,32517.0,599.7,18,599.8,24,599.9,15,600.0,26,600.1,14,600.2,10,600.3,25,600.4,39,600.5,37,600.6,27,600.2
sc2409,,13:41:25.0#,613.9,614.4,594.5,661.3,563.4,122880,32520.0,599.8,23,599.9,19,600.0,24,600.1,16,600.2,8,600.3,24,600.4,37,600.5,33,600.6,35,600.7,9,600.2
sc2409,,13:41:25.500#,613.9,614.4,594.5,661.3,563.4,122885,32520.0,599.8,18,599.9,21,600.0,29,600.1,17,600.2,9,600.3,21,600.4,35,600.5,28,600.6,37,600.7,12,600.2
sc2409,,13:41:26.0#,613.9,614.4,594.5,661.3,563.4,122907,32525.0,599.8,20,599.9,21,600.0,29,600.1,16,600.2,10,600.4,35,600.5,28,600.6,39,600.7,12,600.8,21,600.2
sc2409,,13:41:26.500#,613.9,614.4,594.5,661.3,563.4,122908,32525.0,599.8,17,599.9,18,600.0,34,600.1,16,600.2,14,600.3,2,600.4,50,600.5,24,600.6,38,600.7,16,600.3
sc2409,,13:41:27.0#,613.9,614.4,594.5,661.3,563.4,122915,32527.0,599.8,17,599.9,19,600.0,35,600.1,16,600.2,11,600.3,4,600.4,39,600.5,26,600.6,39,600.7,15,600.3
sc2409,,13:41:27.500#,613.9,614.4,594.5,661.3,563.4,122921,32525.0,599.9,21,600.0,31,600.1,17,600.2,11,600.3,1,600.4,40,600.5,26,600.6,40,600.7,13,600.8,21,600.3
sc2409,,13:41:28.0#,613.9,614.4,594.5,661.3,563.4,122925,32525.0,599.8,16,599.9,17,600.0,35,600.1,17,600.2,11,600.3,2,600.4,40,600.5,26,600.6,38,600.7,15,600.3
sc2409,,13:41:28.500#,613.9,614.4,594.5,661.3,563.4,122925,32525.0,599.8,16,599.9,19,600.0,33,600.1,17,600.2,11,600.3,6,600.4,36,600.5,28,600.6,38,600.7,13,600.3
sc2409,,13:41:29.0#,613.9,614.4,594.5,661.3,563.4,122925,32525.0,599.8,16,599.9,19,600.0,33,600.1,17,600.2,10,600.3,6,600.4,36,600.5,28,600.6,38,600.7,13,600.3
sc2409,,13:41:29.500#,613.9,614.4,594.5,661.3,563.4,122926,32526.0,599.8,16,599.9,19,600.0,32,600.1,17,600.2,9,600.3,6,600.4,36,600.5,28,600.6,38,600.7,13,600.2
sc2409,,13:41:30.0#,613.9,614.4,594.5,661.3,563.4,122926,32526.0,599.8,16,599.9,19,600.0,32,600.1,17,600.2,9,600.3,6,600.4,36,600.5,28,600.6,38,600.7,13,600.2
sc2409,,13:41:30.500#,613.9,614.4,594.5,661.3,563.4,122929,32528.0,599.8,16,599.9,19,600.0,32,600.1,17,600.2,9,600.3,3,600.4,36,600.5,28,600.6,38,600.7,13,600.3
sc2409,,13:41:31.0#,613.9,614.4,594.5,661.3,563.4,122931,32527.0,599.8,18,599.9,17,600.0,32,600.1,17,600.2,8,600.3,5,600.4,36,600.5,28,600.6,38,600.7,13,600.2
sc2409,,13:41:31.500#,613.9,614.4,594.5,661.3,563.4,122932,32527.0,599.8,16,599.9,19,600.0,32,600.1,17,600.2,8,600.3,5,600.4,36,600.5,28,600.6,38,600.7,13,600.3
sc2409,,13:41:32.0#,613.9,614.4,594.5,661.3,563.4,122932,32527.0,599.8,16,599.9,19,600.0,32,600.1,17,600.2,7,600.3,10,600.4,36,600.5,28,600.6,38,600.7,13,600.3
sc2409,,13:41:32.500#,613.9,614.4,594.5,661.3,563.4,122932,32527.0,599.8,18,599.9,19,600.0,32,600.1,17,600.2,6,600.3,11,600.4,36,600.5,28,600.6,40,600.7,13,600.3
sc2409,,13:41:33.0#,613.9,614.4,594.5,661.3,563.4,122932,32527.0,599.8,16,599.9,19,600.0,32,600.1,17,600.2,6,600.3,11,600.4,36,600.5,29,600.6,38,600.7,13,600.3
sc2409,,13:41:33.500#,613.9,614.4,594.5,661.3,563.4,122933,32527.0,599.8,18,599.9,20,600.0,32,600.1,17,600.2,5,600.3,16,600.4,36,600.5,29,600.6,40,600.7,13,600.2
sc2409,,13:41:34.0#,613.9,614.4,594.5,661.3,563.4,122939,32523.0,599.7,12,599.8,18,599.9,20,600.0,30,600.1,17,600.2,1,600.3,18,600.4,35,600.5,29,600.6,38,600.2
sc2409,,13:41:34.500#,613.9,614.4,594.5,661.3,563.4,122941,32521.0,599.7,13,599.8,23,599.9,20,600.0,27,600.1,15,600.2,6,600.3,13,600.4,38,600.5,30,600.6,40,600.2
sc2409,,13:41:35.0#,613.9,614.4,594.5,661.3,563.4,122941,32521.0,599.7,17,599.8,19,599.9,18,600.0,29,600.1,13,600.2,6,600.3,15,600.4,40,600.5,34,600.6,30,600.2
sc2409,,13:41:35.500#,613.9,614.4,594.5,661.3,563.4,122944,32522.0,599.7,17,599.8,19,599.9,18,600.0,29,600.1,13,600.2,3,600.3,14,600.4,40,600.5,34,600.6,30,600.2
sc2409,,13:41:36.0#,613.9,614.4,594.5,661.3,563.4,122945,32522.0,599.8,19,599.9,18,600.0,29,600.1,13,600.2,2,600.3,14,600.4,38,600.5,36,600.6,30,600.7,10,600.2
sc2409,,13:41:36.500#,613.9,614.4,594.5,661.3,563.4,122947,32522.0,599.8,14,599.9,22,600.0,30,600.1,17,600.2,2,600.3,12,600.4,36,600.5,30,600.6,36,600.7,13,600.2
sc2409,,13:41:37.0#,613.9,614.4,594.5,661.3,563.4,122947,32522.0,599.8,16,599.9,22,600.0,30,600.1,17,600.2,1,600.3,12,600.4,40,600.5,28,600.6,38,600.7,13,600.2
sc2409,,13:41:37.500#,613.9,614.4,594.5,661.3,563.4,122947,32522.0,599.8,18,599.9,22,600.0,30,600.1,17,600.2,1,600.3,13,600.4,40,600.5,28,600.6,40,600.7,13,600.2
sc2409,,13:41:38.0#,613.9,614.4,594.5,661.3,563.4,122948,32523.0,599.7,12,599.8,20,599.9,19,600.0,30,600.1,15,600.3,14,600.4,40,600.5,28,600.6,43,600.7,11,600.2
sc2409,,13:41:38.500#,613.9,614.4,594.5,661.3,563.4,122948,32523.0,599.7,13,599.8,19,599.9,20,600.0,29,600.1,15,600.3,14,600.4,40,600.5,29,600.6,41,600.7,10,600.2
sc2409,,13:41:39.0#,613.9,614.4,594.5,661.3,563.4,122948,32523.0,599.7,13,599.8,19,599.9,22,600.0,27,600.1,15,600.3,19,600.4,42,600.5,27,600.6,41,600.7,10,600.2
sc2409,,13:41:39.500#,613.9,614.4,594.5,661.3,563.4,122948,32523.0,599.7,13,599.8,20,599.9,21,600.0,27,600.1,15,600.3,20,600.4,42,600.5,28,600.6,40,600.7,10,600.2
sc2409,,13:41:40.0#,613.9,614.4,594.5,661.3,563.4,122948,32523.0,599.7,15,599.8,18,599.9,21,600.0,27,600.1,15,600.3,20,600.4,42,600.5,30,600.6,38,600.7,11,600.2
sc2409,,13:41:40.500#,613.9,614.4,594.5,661.3,563.4,122949,32522.0,599.7,15,599.8,18,599.9,21,600.0,27,600.1,15,600.3,19,600.4,42,600.5,30,600.6,38,600.7,11,600.3
sc2409,,13:41:41.0#,613.9,614.4,594.5,661.3,563.4,122954,32518.0,599.7,15,599.8,18,599.9,21,600.0,27,600.1,10,600.2,1,600.3,19,600.4,42,600.5,30,600.6,38,600.1
sc2409,,13:41:41.500#,613.9,614.4,594.5,661.3,563.4,122958,32517.0,599.7,17,599.8,19,599.9,18,600.0,29,600.1,8,600.2,4,600.3,21,600.4,44,600.5,34,600.6,32,600.2
sc2409,,13:41:42.0#,613.9,614.4,594.5,661.3,563.4,122961,32517.0,599.7,17,599.8,19,599.9,18,600.0,29,600.1,17,600.3,21,600.4,42,600.5,36,600.6,32,600.7,11,600.2
sc2409,,13:41:42.500#,613.9,614.4,594.5,661.3,563.4,122961,32517.0,599.8,17,599.9,22,600.0,29,600.1,21,600.2,5,600.3,18,600.4,39,600.5,30,600.6,38,600.7,14,600.2
sc2409,,13:41:43.0#,613.9,614.4,594.5,661.3,563.4,122961,32517.0,599.8,16,599.9,22,600.0,30,600.1,21,600.2,5,600.3,18,600.4,40,600.5,28,600.6,40,600.7,14,600.2
sc2409,,13:41:44.0#,613.9,614.4,594.5,661.3,563.4,122961,32517.0,599.8,16,599.9,22,600.0,30,600.1,21,600.2,5,600.3,18,600.4,40,600.5,28,600.6,40,600.7,14,600.2
sc2409,,13:41:45.0#,613.9,614.4,594.5,661.3,563.4,122961,32517.0,599.8,16,599.9,22,600.0,30,600.1,21,600.2,5,600.3,18,600.4,40,600.5,28,600.6,40,600.7,14,600.2
sc2409,,13:41:45.500#,613.9,614.4,594.5,661.3,563.4,122963,32517.0,599.8,16,599.9,22,600.0,30,600.1,21,600.2,7,600.3,19,600.4,40,600.5,28,600.6,40,600.7,14,600.2
sc2409,,13:41:46.0#,613.9,614.4,594.5,661.3,563.4,122963,32517.0,599.8,18,599.9,22,600.0,30,600.1,21,600.2,8,600.3,19,600.4,40,600.5,28,600.6,42,600.7,14,600.2
sc2409,,13:41:46.500#,613.9,614.4,594.5,661.3,563.4,122963,32517.0,599.8,16,599.9,22,600.0,30,600.1,21,600.2,8,600.3,19,600.4,40,600.5,28,600.6,40,600.7,14,600.2
sc2409,,13:41:47.0#,613.9,614.4,594.5,661.3,563.4,122964,32518.0,599.8,18,599.9,22,600.0,30,600.1,21,600.2,7,600.3,24,600.4,40,600.5,28,600.6,42,600.7,14,600.2
sc2409,,13:41:47.500#,613.9,614.4,594.5,661.3,563.4,122964,32518.0,599.8,16,599.9,22,600.0,30,600.1,21,600.2,7,600.3,24,600.4,40,600.5,28,600.6,40,600.7,14,600.2
sc2409,,13:41:48.0#,613.9,614.4,594.5,661.3,563.4,122964,32518.0,599.8,18,599.9,22,600.0,30,600.1,21,600.2,12,600.3,24,600.4,40,600.5,28,600.6,42,600.7,14,600.2
sc2409,,13:41:48.500#,613.9,614.4,594.5,661.3,563.4,122964,32518.0,599.8,18,599.9,22,600.0,30,600.1,21,600.2,12,600.3,24,600.4,40,600.5,28,600.6,42,600.7,14,600.2
sc2409,,13:41:49.0#,613.9,614.4,594.5,661.3,563.4,122964,32518.0,599.8,16,599.9,22,600.0,29,600.1,21,600.2,13,600.3,24,600.4,41,600.5,28,600.6,40,600.7,14,600.2
sc2409,,13:41:49.500#,613.9,614.4,594.5,661.3,563.4,122964,32518.0,599.8,18,599.9,22,600.0,29,600.1,21,600.2,13,600.3,24,600.4,41,600.5,28,600.6,42,600.7,14,600.2
sc2409,,13:41:50.0#,613.9,614.4,594.5,661.3,563.4,122964,32518.0,599.8,18,599.9,22,600.0,29,600.1,21,600.2,13,600.3,25,600.4,41,600.5,28,600.6,42,600.7,14,600.2
sc2409,,13:41:50.500#,613.9,614.4,594.5,661.3,563.4,122964,32518.0,599.8,16,599.9,22,600.0,29,600.1,21,600.2,13,600.3,25,600.4,41,600.5,28,600.6,40,600.7,14,600.2
sc2409,,13:41:51.0#,613.9,614.4,594.5,661.3,563.4,122964,32518.0,599.8,16,599.9,22,600.0,29,600.1,21,600.2,13,600.3,25,600.4,41,600.5,28,600.6,40,600.7,14,600.2
sc2409,,13:41:51.500#,613.9,614.4,594.5,661.3,563.4,122964,32518.0,599.8,16,599.9,22,600.0,29,600.1,21,600.2,13,600.3,26,600.4,41,600.5,28,600.6,40,600.7,14,600.2
sc2409,,13:41:52.0#,613.9,614.4,594.5,661.3,563.4,122964,32518.0,599.8,16,599.9,22,600.0,29,600.1,21,600.2,13,600.3,26,600.4,41,600.5,28,600.6,40,600.7,14,600.2
sc2409,,13:41:52.500#,613.9,614.4,594.5,661.3,563.4,122965,32519.0,599.8,16,599.9,22,600.0,29,600.1,21,600.2,12,600.3,26,600.4,41,600.5,28,600.6,40,600.7,14,600.2
sc2409,,13:41:53.0#,613.9,614.4,594.5,661.3,563.4,122974,32516.0,599.8,16,599.9,22,600.0,29,600.1,21,600.2,13,600.3,17,600.4,41,600.5,28,600.6,40,600.7,14,600.3
sc2409,,13:41:53.500#,613.9,614.4,594.5,661.3,563.4,122974,32516.0,599.8,16,599.9,22,600.0,29,600.1,21,600.2,15,600.3,17,600.4,41,600.5,28,600.6,40,600.7,14,600.3
sc2409,,13:41:54.0#,613.9,614.4,594.5,661.3,563.4,122976,32515.0,599.8,16,599.9,22,600.0,29,600.1,21,600.2,15,600.3,16,600.4,41,600.5,28,600.6,40,600.7,14,600.3
sc2409,,13:41:54.500#,613.9,614.4,594.5,661.3,563.4,122976,32515.0,599.8,16,599.9,22,600.0,29,600.1,21,600.2,12,600.3,16,600.4,41,600.5,28,600.6,40,600.7,14,600.3
sc2409,,13:41:55.0#,613.9,614.4,594.5,661.3,563.4,122976,32515.0,599.8,16,599.9,22,600.0,29,600.1,21,600.2,12,600.3,16,600.4,41,600.5,28,600.6,42,600.7,14,600.3
sc2409,,13:41:55.500#,613.9,614.4,594.5,661.3,563.4,122976,32515.0,599.8,16,599.9,22,600.0,29,600.1,21,600.2,12,600.3,16,600.4,41,600.5,28,600.6,40,600.7,14,600.3
sc2409,,13:41:56.500#,613.9,614.4,594.5,661.3,563.4,122979,32514.0,599.8,16,599.9,22,600.0,29,600.1,21,600.2,12,600.3,14,600.4,40,600.5,28,600.6,40,600.7,14,600.3
sc2409,,13:41:57.0#,613.9,614.4,594.5,661.3,563.4,122979,32514.0,599.8,18,599.9,22,600.0,29,600.1,21,600.2,12,600.3,14,600.4,40,600.5,28,600.6,42,600.7,14,600.3
sc2409,,13:41:57.500#,613.9,614.4,594.5,661.3,563.4,122979,32514.0,599.8,18,599.9,22,600.0,29,600.1,21,600.2,12,600.3,14,600.4,40,600.5,28,600.6,42,600.7,14,600.3
sc2409,,13:41:58.0#,613.9,614.4,594.5,661.3,563.4,122979,32514.0,599.8,16,599.9,22,600.0,29,600.1,21,600.2,12,600.3,14,600.4,40,600.5,28,600.6,40,600.7,14,600.3
sc2409,,13:41:58.500#,613.9,614.4,594.5,661.3,563.4,122982,32511.0,599.8,17,599.9,21,600.0,29,600.1,21,600.2,12,600.3,11,600.4,40,600.5,28,600.6,41,600.7,13,600.3
sc2409,,13:41:59.0#,613.9,614.4,594.5,661.3,563.4,122982,32511.0,599.8,16,599.9,22,600.0,29,600.1,21,600.2,12,600.3,12,600.4,40,600.5,28,600.6,40,600.7,14,600.3
sc2409,,13:41:59.500#,613.9,614.4,594.5,661.3,563.4,122982,32511.0,599.8,15,599.9,23,600.0,28,600.1,21,600.2,12,600.3,12,600.4,40,600.5,28,600.6,42,600.7,13,600.3
sc2409,,13:42:00.0#,613.9,614.4,594.5,661.3,563.4,122982,32511.0,599.8,14,599.9,23,600.0,28,600.1,21,600.2,12,600.3,12,600.4,40,600.5,28,600.6,42,600.7,13,600.3
sc2409,,13:42:00.500#,613.9,614.4,594.5,661.3,563.4,122985,32509.0,599.8,17,599.9,22,600.0,28,600.1,21,600.2,13,600.3,9,600.4,40,600.5,28,600.6,43,600.7,14,600.3
sc2409,,13:42:01.0#,613.9,614.4,594.5,661.3,563.4,122985,32509.0,599.8,15,599.9,22,600.0,28,600.1,21,600.2,13,600.3,9,600.4,40,600.5,28,600.6,41,600.7,14,600.3
sc2409,,13:42:01.500#,613.9,614.4,594.5,661.3,563.4,122985,32509.0,599.8,15,599.9,22,600.0,28,600.1,21,600.2,13,600.3,9,600.4,40,600.5,28,600.6,41,600.7,14,600.3
sc2409,,13:42:02.0#,613.9,614.4,594.5,661.3,563.4,122985,32509.0,599.8,17,599.9,22,600.0,28,600.1,22,600.2,13,600.3,9,600.4,40,600.5,38,600.6,43,600.7,14,600.3
sc2409,,13:42:02.500#,613.9,614.4,594.5,661.3,563.4,122985,32509.0,599.8,17,599.9,22,600.0,28,600.1,22,600.2,18,600.3,9,600.4,40,600.5,38,600.6,43,600.7,14,600.3
sc2409,,13:42:03.0#,613.9,614.4,594.5,661.3,563.4,122985,32509.0,599.8,15,599.9,22,600.0,28,600.1,22,600.2,18,600.3,9,600.4,40,600.5,38,600.6,41,600.7,14,600.3
sc2409,,13:42:03.500#,613.9,614.4,594.5,661.3,563.4,122985,32509.0,599.8,15,599.9,22,600.0,28,600.1,22,600.2,18,600.3,9,600.4,40,600.5,38,600.6,41,600.7,14,600.3
sc2409,,13:42:04.0#,613.9,614.4,594.5,661.3,563.4,122985,32509.0,599.8,15,599.9,24,600.0,28,600.1,22,600.2,18,600.3,9,600.4,40,600.5,38,600.6,41,600.7,16,600.3
sc2409,,13:42:04.500#,613.9,614.4,594.5,661.3,563.4,122985,32509.0,599.8,15,599.9,22,600.0,25,600.1,22,600.2,18,600.3,9,600.4,39,600.5,38,600.6,41,600.7,14,600.3
sc2409,,13:42:05.0#,613.9,614.4,594.5,661.3,563.4,122985,32509.0,599.8,15,599.9,24,600.0,25,600.1,22,600.2,18,600.3,9,600.4,39,600.5,39,600.6,41,600.7,16,600.3
sc2409,,13:42:05.500#,613.9,614.4,594.5,661.3,563.4,122985,32509.0,599.8,15,599.9,22,600.0,25,600.1,22,600.2,18,600.3,9,600.4,39,600.5,39,600.6,41,600.7,14,600.3
sc2409,,13:42:06.0#,613.9,614.4,594.5,661.3,563.4,122985,32509.0,599.8,15,599.9,22,600.0,25,600.1,22,600.2,18,600.3,9,600.4,39,600.5,39,600.6,41,600.7,14,600.3
sc2409,,13:42:06.500#,613.9,614.4,594.5,661.3,563.4,122985,32509.0,599.8,15,599.9,22,600.0,25,600.1,22,600.2,18,600.3,9,600.4,39,600.5,39,600.6,41,600.7,14,600.3
sc2409,,13:42:07.0#,613.9,614.4,594.5,661.3,563.4,122985,32509.0,599.8,15,599.9,22,600.0,25,600.1,22,600.2,18,600.3,9,600.4,39,600.5,39,600.6,41,600.7,14,600.3
sc2409,,13:42:07.500#,613.9,614.4,594.5,661.3,563.4,122988,32509.0,599.8,15,599.9,24,600.0,25,600.1,22,600.2,18,600.3,6,600.4,39,600.5,39,600.6,41,600.7,16,600.3
sc2409,,13:42:08.0#,613.9,614.4,594.5,661.3,563.4,122988,32509.0,599.8,15,599.9,22,600.0,25,600.1,22,600.2,18,600.3,7,600.4,39,600.5,39,600.6,41,600.7,14,600.3
sc2409,,13:42:08.500#,613.9,614.4,594.5,661.3,563.4,122990,32509.0,599.8,15,599.9,22,600.0,25,600.1,22,600.2,22,600.3,6,600.4,39,600.5,39,600.6,41,600.7,14,600.3
sc2409,,13:42:09.0#,613.9,614.4,594.5,661.3,563.4,122990,32509.0,599.8,15,599.9,24,600.0,25,600.1,22,600.2,22,600.3,6,600.4,39,600.5,39,600.6,41,600.7,16,600.3
sc2409,,13:42:09.500#,613.9,614.4,594.5,661.3,563.4,122990,32509.0,599.8,15,599.9,24,600.0,25,600.1,22,600.2,22,600.3,6,600.4,39,600.5,39,600.6,41,600.7,16,600.3
sc2409,,13:42:10.0#,613.9,614.4,594.5,661.3,563.4,122990,32509.0,599.8,15,599.9,24,600.0,25,600.1,22,600.2,22,600.3,6,600.4,39,600.5,39,600.6,41,600.7,16,600.3
sc2409,,13:42:10.500#,613.9,614.4,594.5,661.3,563.4,122990,32509.0,599.8,15,599.9,24,600.0,25,600.1,22,600.2,22,600.3,8,600.4,39,600.5,39,600.6,41,600.7,16,600.3
sc2409,,13:42:11.0#,613.9,614.4,594.5,661.3,563.4,122990,32509.0,599.8,15,599.9,22,600.0,25,600.1,22,600.2,22,600.3,8,600.4,38,600.5,39,600.6,41,600.7,14,600.3
sc2409,,13:42:12.0#,613.9,614.4,594.5,661.3,563.4,122991,32510.0,599.8,15,599.9,24,600.0,25,600.1,22,600.2,22,600.3,7,600.4,38,600.5,39,600.6,41,600.7,16,600.3
sc2409,,13:42:13.500#,613.9,614.4,594.5,661.3,563.4,122995,32510.0,599.8,15,599.9,22,600.0,25,600.1,22,600.2,22,600.3,6,600.4,38,600.5,39,600.6,41,600.7,16,600.3
sc2409,,13:42:14.0#,613.9,614.4,594.5,661.3,563.4,122995,32510.0,599.8,15,599.9,22,600.0,25,600.1,22,600.2,22,600.3,6,600.4,38,600.5,39,600.6,41,600.7,14,600.3
sc2409,,13:42:15.500#,613.9,614.4,594.5,661.3,563.4,122999,32509.0,599.8,13,599.9,22,600.0,27,600.1,22,600.2,22,600.3,5,600.4,54,600.5,37,600.6,40,600.7,18,600.4
sc2409,,13:42:16.0#,613.9,614.4,594.5,661.3,563.4,123000,32509.0,599.8,15,599.9,22,600.0,25,600.1,22,600.2,21,600.3,5,600.4,55,600.5,39,600.6,41,600.7,14,600.2
sc2409,,13:42:16.500#,613.9,614.4,594.5,661.3,563.4,123000,32509.0,599.8,15,599.9,24,600.0,25,600.1,22,600.2,21,600.3,5,600.4,55,600.5,39,600.6,41,600.7,16,600.2
sc2409,,13:42:17.0#,613.9,614.4,594.5,661.3,563.4,123000,32509.0,599.8,15,599.9,22,600.0,25,600.1,22,600.2,21,600.3,5,600.4,55,600.5,39,600.6,41,600.7,14,600.2
sc2409,,13:42:17.500#,613.9,614.4,594.5,661.3,563.4,123003,32508.0,599.8,15,599.9,22,600.0,25,600.1,22,600.2,22,600.3,3,600.4,55,600.5,39,600.6,41,600.7,14,600.3
sc2409,,13:42:19.0#,613.9,614.4,594.5,661.3,563.4,123004,32508.0,599.8,15,599.9,22,600.0,25,600.1,22,600.2,22,600.3,2,600.4,41,600.5,39,600.6,41,600.7,14,600.3
sc2409,,13:42:21.0#,613.9,614.4,594.5,661.3,563.4,123005,32508.0,599.8,15,599.9,20,600.0,27,600.1,22,600.2,22,600.3,5,600.4,38,600.5,39,600.6,41,600.7,14,600.2
sc2409,,13:42:22.0#,613.9,614.4,594.5,661.3,563.4,123008,32505.0,599.8,15,599.9,20,600.0,27,600.1,22,600.2,22,600.3,1,600.4,38,600.5,39,600.6,41,600.7,14,600.3
sc2409,,13:42:22.500#,613.9,614.4,594.5,661.3,563.4,123008,32505.0,599.8,15,599.9,22,600.0,27,600.1,22,600.2,22,600.3,1,600.4,38,600.5,39,600.6,41,600.7,16,600.3
sc2409,,13:42:23.0#,613.9,614.4,594.5,661.3,563.4,123008,32505.0,599.8,15,599.9,20,600.0,27,600.1,22,600.2,22,600.3,1,600.4,38,600.5,39,600.6,41,600.7,14,600.3
sc2409,,13:42:23.500#,613.9,614.4,594.5,661.3,563.4,123008,32505.0,599.8,15,599.9,20,600.0,27,600.1,22,600.2,21,600.3,1,600.4,38,600.5,39,600.6,41,600.7,14,600.3
sc2409,,13:42:24.0#,613.9,614.4,594.5,661.3,563.4,123010,32504.0,599.9,17,600.0,30,600.1,22,600.2,25,600.3,1,600.4,37,600.5,35,600.6,40,600.7,17,600.8,27,600.3
sc2409,,13:42:24.500#,613.9,614.4,594.5,661.3,563.4,123012,32504.0,599.9,19,600.0,30,600.1,22,600.2,28,600.3,7,600.4,36,600.5,35,600.6,36,600.7,21,600.8,27,600.4
sc2409,,13:42:25.0#,613.9,614.4,594.5,661.3,563.4,123013,32504.0,599.9,17,600.0,32,600.1,21,600.2,28,600.3,7,600.4,36,600.5,35,600.6,36,600.7,21,600.8,27,600.3
sc2409,,13:42:25.500#,613.9,614.4,594.5,661.3,563.4,123013,32504.0,599.9,19,600.0,32,600.1,21,600.2,28,600.3,8,600.4,36,600.5,35,600.6,36,600.7,23,600.8,27,600.3
sc2409,,13:42:26.0#,613.9,614.4,594.5,661.3,563.4,123013,32504.0,599.9,19,600.0,32,600.1,21,600.2,28,600.3,8,600.4,36,600.5,35,600.6,36,600.7,23,600.8,27,600.3
sc2409,,13:42:26.500#,613.9,614.4,594.5,661.3,563.4,123013,32504.0,599.9,17,600.0,32,600.1,21,600.2,28,600.3,9,600.4,36,600.5,35,600.6,36,600.7,21,600.8,27,600.3
sc2409,,13:42:27.0#,613.9,614.4,594.5,661.3,563.4,123014,32504.0,599.9,19,600.0,32,600.1,21,600.2,28,600.3,8,600.4,36,600.5,35,600.6,36,600.7,23,600.8,27,600.3
sc2409,,13:42:27.500#,613.9,614.4,594.5,661.3,563.4,123014,32504.0,599.9,19,600.0,32,600.1,21,600.2,28,600.3,9,600.4,36,600.5,35,600.6,36,600.7,23,600.8,27,600.3
sc2409,,13:42:28.500#,613.9,614.4,594.5,661.3,563.4,123024,32512.0,599.9,17,600.0,32,600.1,21,600.2,28,600.3,9,600.4,26,600.5,34,600.6,34,600.7,23,600.8,27,600.4
sc2409,,13:42:30.500#,613.9,614.4,594.5,661.3,563.4,123086,32507.0,600.1,27,600.2,36,600.3,17,600.4,19,600.5,13,600.6,24,600.7,14,600.8,31,600.9,21,601.0,21,600.6
sc2409,,13:42:31.0#,613.9,614.4,594.5,661.3,563.4,123096,32507.0,600.1,26,600.2,40,600.3,17,600.4,19,600.5,18,600.6,15,600.7,15,600.8,31,600.9,21,601.0,23,600.6
sc2409,,13:42:31.500#,613.9,614.4,594.5,661.3,563.4,123099,32510.0,600.1,23,600.2,40,600.3,17,600.4,19,600.5,19,600.6,12,600.7,15,600.8,31,600.9,19,601.0,25,600.6
sc2409,,13:42:32.0#,613.9,614.4,594.5,661.3,563.4,123099,32510.0,600.1,23,600.2,40,600.3,17,600.4,19,600.5,20,600.6,12,600.7,15,600.8,30,600.9,19,601.0,23,600.6
sc2409,,13:42:32.500#,613.9,614.4,594.5,661.3,563.4,123104,32510.0,600.1,23,600.2,40,600.3,17,600.4,19,600.5,17,600.6,12,600.7,15,600.8,30,600.9,19,601.0,23,600.5
sc2409,,13:42:33.0#,613.9,614.4,594.5,661.3,563.4,123105,32511.0,600.1,25,600.2,39,600.3,17,600.4,19,600.5,16,600.6,12,600.7,15,600.8,30,600.9,21,601.0,23,600.6
sc2409,,13:42:33.500#,613.9,614.4,594.5,661.3,563.4,123106,32511.0,600.1,23,600.2,39,600.3,17,600.4,19,600.5,16,600.6,11,600.7,15,600.8,30,600.9,19,601.0,25,600.6
sc2409,,13:42:34.0#,613.9,614.4,594.5,661.3,563.4,123106,32511.0,600.1,23,600.2,37,600.3,17,600.4,19,600.5,17,600.6,11,600.7,14,600.8,30,600.9,19,601.0,23,600.6
sc2409,,13:42:34.500#,613.9,614.4,594.5,661.3,563.4,123106,32511.0,600.1,23,600.2,37,600.3,17,600.4,19,600.5,17,600.6,10,600.7,14,600.8,30,600.9,19,601.0,23,600.6
sc2409,,13:42:35.0#,613.9,614.4,594.5,661.3,563.4,123117,32511.0,600.1,23,600.2,35,600.3,19,600.4,19,600.5,18,600.7,14,600.8,28,600.9,21,601.0,23,601.1,6,600.6
sc2409,,13:42:35.500#,613.9,614.4,594.5,661.3,563.4,123119,32513.0,600.1,21,600.2,35,600.3,22,600.4,19,600.5,16,600.6,10,600.7,21,600.8,28,600.9,17,601.0,31,600.5
sc2409,,13:42:36.0#,613.9,614.4,594.5,661.3,563.4,123120,32513.0,600.1,23,600.2,34,600.3,19,600.4,19,600.5,16,600.6,11,600.7,22,600.8,30,600.9,19,601.0,24,600.6
sc2409,,13:42:36.500#,613.9,614.4,594.5,661.3,563.4,123120,32513.0,600.1,23,600.2,36,600.3,19,600.4,19,600.5,16,600.6,11,600.7,22,600.8,30,600.9,19,601.0,25,600.6
sc2409,,13:42:37.0#,613.9,614.4,594.5,661.3,563.4,123120,32513.0,600.1,23,600.2,36,600.3,19,600.4,19,600.5,17,600.6,12,600.7,22,600.8,30,600.9,19,601.0,25,600.6
sc2409,,13:42:37.500#,613.9,614.4,594.5,661.3,563.4,123120,32513.0,600.1,20,600.2,34,600.3,17,600.4,19,600.5,17,600.6,12,600.7,23,600.8,30,600.9,21,601.0,21,600.6
sc2409,,13:42:38.0#,613.9,614.4,594.5,661.3,563.4,123120,32513.0,600.1,20,600.2,35,600.3,17,600.4,19,600.5,17,600.6,12,600.7,23,600.8,29,600.9,21,601.0,23,600.6
sc2409,,13:42:38.500#,613.9,614.4,594.5,661.3,563.4,123138,32522.0,600.0,19,600.1,19,600.2,36,600.3,17,600.4,19,600.5,4,600.6,18,600.7,22,600.8,29,600.9,20,600.5
sc2409,,13:42:39.0#,613.9,614.4,594.5,661.3,563.4,123142,32522.0,600.0,22,600.1,25,600.2,31,600.3,16,600.4,16,600.5,5,600.6,19,600.7,22,600.8,36,600.9,15,600.5
sc2409,,13:42:39.500#,613.9,614.4,594.5,661.3,563.4,123142,32522.0,600.0,22,600.1,27,600.2,29,600.3,16,600.4,16,600.5,10,600.6,15,600.7,24,600.8,36,600.9,14,600.5
sc2409,,13:42:40.0#,613.9,614.4,594.5,661.3,563.4,123142,32522.0,600.0,22,600.1,29,600.2,29,600.3,16,600.4,16,600.5,10,600.6,15,600.7,27,600.8,36,600.9,16,600.5
sc2409,,13:42:40.500#,613.9,614.4,594.5,661.3,563.4,123142,32522.0,600.0,22,600.1,27,600.2,29,600.3,16,600.4,16,600.5,10,600.6,16,600.7,27,600.8,36,600.9,14,600.5
sc2409,,13:42:41.0#,613.9,614.4,594.5,661.3,563.4,123142,32522.0,600.0,24,600.1,25,600.2,29,600.3,16,600.4,16,600.5,10,600.6,16,600.7,27,600.8,38,600.9,12,600.5
sc2409,,13:42:41.500#,613.9,614.4,594.5,661.3,563.4,123142,32522.0,600.0,24,600.1,27,600.2,29,600.3,16,600.4,16,600.5,10,600.6,16,600.7,27,600.8,38,600.9,14,600.5
sc2409,,13:42:42.0#,613.9,614.4,594.5,661.3,563.4,123142,32522.0,600.0,24,600.1,25,600.2,29,600.3,16,600.4,16,600.5,10,600.6,16,600.7,27,600.8,38,600.9,12,600.5
sc2409,,13:42:42.500#,613.9,614.4,594.5,661.3,563.4,123146,32522.0,600.0,24,600.1,25,600.2,29,600.3,16,600.4,12,600.5,10,600.6,16,600.7,28,600.8,38,600.9,12,600.4
sc2409,,13:42:43.0#,613.9,614.4,594.5,661.3,563.4,123146,32522.0,600.0,24,600.1,25,600.2,29,600.3,16,600.4,13,600.5,10,600.6,16,600.7,28,600.8,38,600.9,12,600.4
sc2409,,13:42:43.500#,613.9,614.4,594.5,661.3,563.4,123146,32522.0,600.0,24,600.1,25,600.2,29,600.3,16,600.4,13,600.5,10,600.6,16,600.7,28,600.8,38,600.9,12,600.4
sc2409,,13:42:44.0#,613.9,614.4,594.5,661.3,563.4,123146,32522.0,600.0,24,600.1,27,600.2,29,600.3,16,600.4,13,600.5,10,600.6,16,600.7,28,600.8,38,600.9,14,600.4
sc2409,,13:42:44.500#,613.9,614.4,594.5,661.3,563.4,123151,32517.0,600.0,24,600.1,27,600.2,29,600.3,16,600.4,8,600.5,10,600.6,16,600.7,28,600.8,38,600.9,14,600.4
sc2409,,13:42:45.0#,613.9,614.4,594.5,661.3,563.4,123159,32521.0,599.9,15,600.0,31,600.1,20,600.2,29,600.3,13,600.4,5,600.5,13,600.6,18,600.7,33,600.8,35,600.4
sc2409,,13:42:45.500#,613.9,614.4,594.5,661.3,563.4,123159,32521.0,599.9,15,600.0,32,600.1,18,600.2,28,600.3,8,600.4,10,600.5,8,600.6,21,600.7,34,600.8,30,600.4
sc2409,,13:42:46.0#,613.9,614.4,594.5,661.3,563.4,123159,32521.0,599.9,15,600.0,34,600.1,18,600.2,28,600.3,10,600.4,10,600.5,8,600.6,20,600.7,34,600.8,32,600.4
sc2409,,13:42:46.500#,613.9,614.4,594.5,661.3,563.4,123159,32521.0,599.9,14,600.0,33,600.1,18,600.2,28,600.3,10,600.4,10,600.5,8,600.6,21,600.7,33,600.8,31,600.4
sc2409,,13:42:47.0#,613.9,614.4,594.5,661.3,563.4,123159,32521.0,599.9,14,600.0,35,600.1,18,600.2,28,600.3,10,600.4,10,600.5,8,600.6,21,600.7,33,600.8,33,600.4
sc2409,,13:42:47.500#,613.9,614.4,594.5,661.3,563.4,123159,32521.0,599.9,14,600.0,33,600.1,18,600.2,28,600.3,10,600.4,10,600.5,8,600.6,21,600.7,33,600.8,31,600.4
sc2409,,13:42:48.0#,613.9,614.4,594.5,661.3,563.4,123165,32522.0,599.9,14,600.0,33,600.1,18,600.2,28,600.3,9,600.4,5,600.5,9,600.6,21,600.7,33,600.8,31,600.4
sc2409,,13:42:48.500#,613.9,614.4,594.5,661.3,563.4,123165,32522.0,599.9,15,600.0,34,600.1,18,600.2,28,600.3,9,600.4,5,600.5,10,600.6,19,600.7,36,600.8,32,600.4
sc2409,,13:42:49.0#,613.9,614.4,594.5,661.3,563.4,123165,32522.0,599.9,15,600.0,32,600.1,18,600.2,28,600.3,9,600.4,5,600.5,10,600.6,21,600.7,34,600.8,30,600.4
sc2409,,13:42:49.500#,613.9,614.4,594.5,661.3,563.4,123165,32522.0,599.9,15,600.0,32,600.1,18,600.2,28,600.3,9,600.4,5,600.5,10,600.6,21,600.7,34,600.8,30,600.4
sc2409,,13:42:50.0#,613.9,614.4,594.5,661.3,563.4,123167,32522.0,599.9,15,600.0,32,600.1,18,600.2,28,600.3,9,600.4,3,600.5,10,600.6,21,600.7,34,600.8,30,600.4
sc2409,,13:42:50.500#,613.9,614.4,594.5,661.3,563.4,123167,32522.0,599.9,13,600.0,34,600.1,20,600.2,28,600.3,14,600.5,9,600.6,19,600.7,33,600.8,36,600.9,10,600.4
sc2409,,13:42:51.0#,613.9,614.4,594.5,661.3,563.4,123167,32522.0,600.0,29,600.1,23,600.2,28,600.3,18,600.4,1,600.5,9,600.6,16,600.7,33,600.8,36,600.9,13,600.4
sc2409,,13:42:51.500#,613.9,614.4,594.5,661.3,563.4,123167,32522.0,600.0,26,600.1,23,600.2,29,600.3,15,600.4,4,600.5,9,600.6,16,600.7,31,600.8,36,600.9,13,600.4
sc2409,,13:42:52.0#,613.9,614.4,594.5,661.3,563.4,123167,32522.0,600.0,26,600.1,23,600.2,29,600.3,15,600.4,5,600.5,8,600.6,16,600.7,31,600.8,36,600.9,13,600.4
sc2409,,13:42:52.500#,613.9,614.4,594.5,661.3,563.4,123169,32521.0,600.0,26,600.1,23,600.2,29,600.3,15,600.4,5,600.5,6,600.6,16,600.7,31,600.8,36,600.9,13,600.5
sc2409,,13:42:53.0#,613.9,614.4,594.5,661.3,563.4,123169,32521.0,600.0,27,600.1,24,600.2,29,600.3,15,600.4,7,600.5,6,600.6,16,600.7,31,600.8,37,600.9,14,600.5
sc2409,,13:42:53.500#,613.9,614.4,594.5,661.3,563.4,123169,32521.0,600.0,26,600.1,25,600.2,29,600.3,15,600.4,7,600.5,6,600.6,16,600.7,31,600.8,36,600.9,15,600.5
sc2409,,13:42:54.0#,613.9,614.4,594.5,661.3,563.4,123169,32521.0,600.0,26,600.1,25,600.2,27,600.3,15,600.4,7,600.5,6,600.6,16,600.7,31,600.8,36,600.9,15,600.5
sc2409,,13:42:54.500#,613.9,614.4,594.5,661.3,563.4,123169,32521.0,600.0,26,600.1,23,600.2,27,600.3,15,600.4,7,600.5,6,600.6,16,600.7,31,600.8,36,600.9,15,600.5
sc2409,,13:42:55.0#,613.9,614.4,594.5,661.3,563.4,123169,32521.0,600.0,26,600.1,25,600.2,27,600.3,15,600.4,7,600.5,6,600.6,16,600.7,31,600.8,36,600.9,15,600.5
sc2409,,13:42:55.500#,613.9,614.4,594.5,661.3,563.4,123169,32521.0,600.0,26,600.1,25,600.2,27,600.3,15,600.4,7,600.5,6,600.6,16,600.7,31,600.8,36,600.9,15,600.5
sc2409,,13:42:56.0#,613.9,614.4,594.5,661.3,563.4,123169,32521.0,600.0,26,600.1,25,600.2,27,600.3,15,600.4,7,600.5,6,600.6,16,600.7,31,600.8,36,600.9,15,600.5
sc2409,,13:42:56.500#,613.9,614.4,594.5,661.3,563.4,123173,32523.0,600.0,27,600.1,23,600.2,26,600.3,15,600.4,3,600.5,6,600.6,16,600.7,31,600.8,37,600.9,12,600.4
sc2409,,13:42:57.0#,613.9,614.4,594.5,661.3,563.4,123173,32523.0,600.0,30,600.1,22,600.2,26,600.3,15,600.4,3,600.5,8,600.6,16,600.7,31,600.8,38,600.9,13,600.4
sc2409,,13:42:57.500#,613.9,614.4,594.5,661.3,563.4,123173,32523.0,600.0,26,600.1,24,600.2,26,600.3,15,600.4,3,600.5,9,600.6,16,600.7,31,600.8,36,600.9,13,600.4
sc2409,,13:42:58.0#,613.9,614.4,594.5,661.3,563.4,123173,32523.0,600.0,26,600.1,24,600.2,26,600.3,15,600.4,3,600.5,9,600.6,16,600.7,31,600.8,36,600.9,13,600.4
sc2409,,13:42:58.500#,613.9,614.4,594.5,661.3,563.4,123173,32523.0,600.0,28,600.1,24,600.2,26,600.3,15,600.4,3,600.5,9,600.6,16,600.7,31,600.8,38,600.9,13,600.4
sc2409,,13:42:59.0#,613.9,614.4,594.5,661.3,563.4,123183,32529.0,600.0,22,600.1,22,600.2,29,600.3,15,600.4,10,600.5,4,600.6,14,600.7,25,600.8,38,600.9,15,600.5
sc2409,,13:42:59.500#,613.9,614.4,594.5,661.3,563.4,123183,32529.0,600.0,24,600.1,24,600.2,23,600.3,15,600.4,7,600.5,5,600.6,15,600.7,29,600.8,38,600.9,13,600.5
sc2409,,13:43:00.0#,613.9,614.4,594.5,661.3,563.4,123183,32529.0,600.0,24,600.1,26,600.2,23,600.3,15,600.4,7,600.5,5,600.6,15,600.7,29,600.8,38,600.9,15,600.5
sc2409,,13:43:00.500#,613.9,614.4,594.5,661.3,563.4,123183,32529.0,600.0,24,600.1,24,600.2,23,600.3,15,600.4,8,600.5,5,600.6,15,600.7,29,600.8,38,600.9,13,600.5
sc2409,,13:43:01.0#,613.9,614.4,594.5,661.3,563.4,123189,32523.0,600.0,24,600.1,24,600.2,23,600.3,14,600.4,3,600.5,5,600.6,15,600.7,29,600.8,38,600.9,13,600.4
sc2409,,13:43:01.500#,613.9,614.4,594.5,661.3,563.4,123189,32523.0,600.0,26,600.1,26,600.2,21,600.3,14,600.4,3,600.5,8,600.6,15,600.7,29,600.8,40,600.9,13,600.4
sc2409,,13:43:02.0#,613.9,614.4,594.5,661.3,563.4,123189,32523.0,600.0,26,600.1,26,600.2,21,600.3,14,600.4,2,600.5,8,600.6,15,600.7,29,600.8,40,600.9,13,600.4
sc2409,,13:43:02.500#,613.9,614.4,594.5,661.3,563.4,123190,32523.0,600.0,24,600.1,26,600.2,21,600.3,14,600.4,2,600.5,8,600.6,15,600.7,31,600.8,36,600.9,13,600.4
sc2409,,13:43:03.0#,613.9,614.4,594.5,661.3,563.4,123190,32523.0,600.0,24,600.1,26,600.2,21,600.3,15,600.4,2,600.5,10,600.6,15,600.7,31,600.8,36,600.9,13,600.4
sc2409,,13:43:03.500#,613.9,614.4,594.5,661.3,563.4,123190,32523.0,600.0,24,600.1,26,600.2,21,600.3,15,600.4,2,600.5,10,600.6,15,600.7,31,600.8,36,600.9,13,600.4
sc2409,,13:43:04.0#,613.9,614.4,594.5,661.3,563.4,123192,32524.0,600.0,24,600.1,26,600.2,22,600.3,15,600.4,3,600.5,8,600.6,15,600.7,31,600.8,36,600.9,13,600.5
sc2409,,13:43:04.500#,613.9,614.4,594.5,661.3,563.4,123193,32524.0,600.0,24,600.1,26,600.2,22,600.3,15,600.4,9,600.5,8,600.6,15,600.7,31,600.8,36,600.9,13,600.4
sc2409,,13:43:05.0#,613.9,614.4,594.5,661.3,563.4,123196,32521.0,600.0,23,600.1,27,600.2,22,600.3,15,600.4,7,600.5,9,600.6,15,600.7,31,600.8,35,600.9,14,600.4
sc2409,,13:43:05.500#,613.9,614.4,594.5,661.3,563.4,123196,32521.0,600.0,24,600.1,26,600.2,22,600.3,15,600.4,7,600.5,9,600.6,15,600.7,30,600.8,36,600.9,14,600.4
sc2409,,13:43:06.0#,613.9,614.4,594.5,661.3,563.4,123196,32521.0,600.0,24,600.1,26,600.2,22,600.3,15,600.4,8,600.5,9,600.6,16,600.7,30,600.8,36,600.9,14,600.4
sc2409,,13:43:06.500#,613.9,614.4,594.5,661.3,563.4,123196,32521.0,600.0,26,600.1,26,600.2,22,600.3,15,600.4,9,600.5,11,600.6,16,600.7,30,600.8,38,600.9,14,600.4
sc2409,,13:43:07.0#,613.9,614.4,594.5,661.3,563.4,123196,32521.0,600.0,24,600.1,26,600.2,22,600.3,15,600.4,10,600.5,11,600.6,16,600.7,30,600.8,36,600.9,14,600.4
sc2409,,13:43:07.500#,613.9,614.4,594.5,661.3,563.4,123201,32519.0,600.0,26,600.1,26,600.2,22,600.3,15,600.4,12,600.5,6,600.6,16,600.7,30,600.8,38,600.9,14,600.5
sc2409,,13:43:08.0#,613.9,614.4,594.5,661.3,563.4,123205,32518.0,600.0,24,600.1,26,600.2,22,600.3,15,600.4,4,600.5,10,600.6,16,600.7,28,600.8,38,600.9,15,600.4
sc2409,,13:43:08.500#,613.9,614.4,594.5,661.3,563.4,123210,32516.0,599.9,11,600.0,24,600.1,26,600.2,22,600.3,13,600.5,12,600.6,16,600.7,28,600.8,38,600.9,15,600.3
sc2409,,13:43:09.0#,613.9,614.4,594.5,661.3,563.4,123213,32518.0,599.9,14,600.0,30,600.1,23,600.2,21,600.3,10,600.4,3,600.5,15,600.6,21,600.7,33,600.8,33,600.4
sc2409,,13:43:09.500#,613.9,614.4,594.5,661.3,563.4,123215,32519.0,599.9,14,600.0,32,600.1,21,600.2,21,600.3,11,600.5,15,600.6,20,600.7,35,600.8,32,600.9,12,600.4
sc2409,,13:43:10.0#,613.9,614.4,594.5,661.3,563.4,123217,32518.0,600.0,27,600.1,25,600.2,21,600.3,16,600.4,3,600.5,12,600.6,17,600.7,33,600.8,33,600.9,15,600.4
sc2409,,13:43:10.500#,613.9,614.4,594.5,661.3,563.4,123217,32518.0,600.0,27,600.1,26,600.2,22,600.3,13,600.4,2,600.5,13,600.6,17,600.7,30,600.8,38,600.9,15,600.4
sc2409,,13:43:11.0#,613.9,614.4,594.5,661.3,563.4,123217,32518.0,600.0,25,600.1,26,600.2,22,600.3,13,600.4,5,600.5,13,600.6,17,600.7,30,600.8,36,600.9,15,600.4
sc2409,,13:43:11.500#,613.9,614.4,594.5,661.3,563.4,123217,32518.0,600.0,25,600.1,26,600.2,22,600.3,13,600.4,5,600.5,13,600.6,17,600.7,30,600.8,36,600.9,15,600.4
sc2409,,13:43:12.0#,613.9,614.4,594.5,661.3,563.4,123217,32518.0,600.0,25,600.1,26,600.2,22,600.3,13,600.4,5,600.5,13,600.6,17,600.7,30,600.8,36,600.9,15,600.4
sc2409,,13:43:12.500#,613.9,614.4,594.5,661.3,563.4,123218,32517.0,600.0,27,600.1,26,600.2,22,600.3,13,600.4,4,600.5,13,600.6,17,600.7,30,600.8,38,600.9,15,600.4
sc2409,,13:43:13.0#,613.9,614.4,594.5,661.3,563.4,123219,32516.0,600.0,25,600.1,26,600.2,22,600.3,13,600.4,3,600.5,13,600.6,17,600.7,30,600.8,36,600.9,15,600.4
sc2409,,13:43:13.500#,613.9,614.4,594.5,661.3,563.4,123220,32516.0,600.0,25,600.1,26,600.2,22,600.3,13,600.4,3,600.5,14,600.6,17,600.7,30,600.8,36,600.9,15,600.4
sc2409,,13:43:14.0#,613.9,614.4,594.5,661.3,563.4,123220,32516.0,600.0,27,600.1,26,600.2,22,600.3,13,600.4,3,600.5,14,600.6,17,600.7,30,600.8,38,600.9,15,600.4
sc2409,,13:43:14.500#,613.9,614.4,594.5,661.3,563.4,123220,32516.0,600.0,25,600.1,26,600.2,22,600.3,13,600.4,4,600.5,9,600.6,17,600.7,30,600.8,36,600.9,15,600.4
sc2409,,13:43:15.0#,613.9,614.4,594.5,661.3,563.4,123220,32516.0,600.0,26,600.1,25,600.2,22,600.3,13,600.4,8,600.5,6,600.6,17,600.7,30,600.8,37,600.9,14,600.4
sc2409,,13:43:15.500#,613.9,614.4,594.5,661.3,563.4,123222,32515.0,600.0,25,600.1,26,600.2,22,600.3,13,600.4,6,600.5,6,600.6,17,600.7,30,600.8,36,600.9,15,600.4
sc2409,,13:43:16.0#,613.9,614.4,594.5,661.3,563.4,123222,32515.0,600.0,24,600.1,27,600.2,22,600.3,13,600.4,6,600.5,7,600.6,17,600.7,30,600.8,35,600.9,16,600.4
sc2409,,13:43:16.500#,613.9,614.4,594.5,661.3,563.4,123222,32515.0,600.0,25,600.1,26,600.2,22,600.3,13,600.4,5,600.5,8,600.6,18,600.7,30,600.8,36,600.9,15,600.4
sc2409,,13:43:17.0#,613.9,614.4,594.5,661.3,563.4,123222,32515.0,600.0,25,600.1,26,600.2,22,600.3,13,600.4,3,600.5,9,600.6,18,600.7,30,600.8,36,600.9,15,600.4
sc2409,,13:43:17.500#,613.9,614.4,594.5,661.3,563.4,123222,32515.0,600.0,26,600.1,25,600.2,22,600.3,13,600.4,9,600.5,7,600.6,18,600.7,30,600.8,37,600.9,14,600.4
sc2409,,13:43:18.0#,613.9,614.4,594.5,661.3,563.4,123222,32515.0,600.0,20,600.1,28,600.2,22,600.3,13,600.4,9,600.5,8,600.6,18,600.7,30,600.8,36,600.9,17,600.4
sc2409,,13:43:18.500#,613.9,614.4,594.5,661.3,563.4,123222,32515.0,600.0,20,600.1,26,600.2,22,600.3,13,600.4,9,600.5,8,600.6,18,600.7,30,600.8,36,600.9,15,600.4
sc2409,,13:43:19.500#,613.9,614.4,594.5,661.3,563.4,123222,32515.0,600.0,20,600.1,26,600.2,22,600.3,13,600.4,9,600.5,8,600.6,18,600.7,30,600.8,37,600.9,15,600.4
sc2409,,13:43:20.0#,613.9,614.4,594.5,661.3,563.4,123222,32515.0,600.0,20,600.1,28,600.2,22,600.3,13,600.4,9,600.5,8,600.6,18,600.7,30,600.8,37,600.9,17,600.4
sc2409,,13:43:20.500#,613.9,614.4,594.5,661.3,563.4,123224,32513.0,600.0,19,600.1,27,600.2,22,600.3,15,600.4,9,600.5,8,600.6,18,600.7,30,600.8,36,600.9,16,600.5
sc2409,,13:43:21.0#,613.9,614.4,594.5,661.3,563.4,123224,32513.0,600.0,20,600.1,26,600.2,22,600.3,13,600.4,9,600.5,8,600.6,18,600.7,30,600.8,37,600.9,15,600.5
sc2409,,13:43:21.500#,613.9,614.4,594.5,661.3,563.4,123224,32513.0,600.0,20,600.1,26,600.2,22,600.3,13,600.4,9,600.5,8,600.6,18,600.7,30,600.8,37,600.9,15,600.5
sc2409,,13:43:22.0#,613.9,614.4,594.5,661.3,563.4,123224,32513.0,600.0,20,600.1,26,600.2,22,600.3,13,600.4,9,600.5,8,600.6,18,600.7,30,600.8,37,600.9,15,600.5
sc2409,,13:43:22.500#,613.9,614.4,594.5,661.3,563.4,123224,32513.0,600.0,20,600.1,26,600.2,22,600.3,13,600.4,9,600.5,8,600.6,18,600.7,30,600.8,37,600.9,15,600.5
sc2409,,13:43:23.0#,613.9,614.4,594.5,661.3,563.4,123224,32513.0,600.0,21,600.1,27,600.2,22,600.3,13,600.4,9,600.5,9,600.6,18,600.7,30,600.8,38,600.9,16,600.5
sc2409,,13:43:23.500#,613.9,614.4,594.5,661.3,563.4,123224,32513.0,600.0,21,600.1,25,600.2,22,600.3,13,600.4,10,600.5,10,600.6,18,600.7,30,600.8,38,600.9,14,600.5
sc2409,,13:43:24.0#,613.9,614.4,594.5,661.3,563.4,123224,32513.0,600.0,21,600.1,27,600.2,22,600.3,13,600.4,10,600.5,11,600.6,18,600.7,24,600.8,38,600.9,22,600.5
sc2409,,13:43:24.500#,613.9,614.4,594.5,661.3,563.4,123224,32513.0,600.0,20,600.1,26,600.2,22,600.3,13,600.4,10,600.5,11,600.6,18,600.7,24,600.8,37,600.9,21,600.5
sc2409,,13:43:25.0#,613.9,614.4,594.5,661.3,563.4,123224,32513.0,600.0,20,600.1,26,600.2,22,600.3,13,600.4,10,600.5,11,600.6,18,600.7,24,600.8,37,600.9,21,600.5
sc2409,,13:43:25.500#,613.9,614.4,594.5,661.3,563.4,123224,32513.0,600.0,20,600.1,26,600.2,22,600.3,13,600.4,10,600.5,11,600.6,18,600.7,24,600.8,37,600.9,21,600.5
sc2409,,13:43:26.0#,613.9,614.4,594.5,661.3,563.4,123224,32513.0,600.0,22,600.1,24,600.2,22,600.3,13,600.4,11,600.5,11,600.6,18,600.7,24,600.8,39,600.9,19,600.5
sc2409,,13:43:26.500#,613.9,614.4,594.5,661.3,563.4,123224,32513.0,600.0,19,600.1,27,600.2,22,600.3,13,600.4,11,600.5,12,600.6,18,600.7,24,600.8,36,600.9,22,600.5
sc2409,,13:43:27.0#,613.9,614.4,594.5,661.3,563.4,123224,32513.0,600.0,20,600.1,26,600.2,22,600.3,12,600.4,11,600.5,12,600.6,18,600.7,24,600.8,37,600.9,21,600.5
sc2409,,13:43:27.500#,613.9,614.4,594.5,661.3,563.4,123224,32513.0,600.0,20,600.1,26,600.2,22,600.3,12,600.4,11,600.5,12,600.6,18,600.7,24,600.8,37,600.9,21,600.5
sc2409,,13:43:28.0#,613.9,614.4,594.5,661.3,563.4,123224,32513.0,600.0,20,600.1,26,600.2,22,600.3,12,600.4,11,600.5,12,600.6,18,600.7,24,600.8,37,600.9,21,600.5
sc2409,,13:43:28.500#,613.9,614.4,594.5,661.3,563.4,123225,32512.0,600.0,20,600.1,26,600.2,22,600.3,12,600.4,11,600.5,12,600.6,18,600.7,24,600.8,39,600.9,21,600.5
sc2409,,13:43:29.0#,613.9,614.4,594.5,661.3,563.4,123225,32512.0,600.0,20,600.1,28,600.2,22,600.3,12,600.4,11,600.5,12,600.6,21,600.7,24,600.8,37,600.9,21,600.5
sc2409,,13:43:29.500#,613.9,614.4,594.5,661.3,563.4,123225,32512.0,600.0,20,600.1,28,600.2,22,600.3,12,600.4,11,600.5,12,600.6,21,600.7,24,600.8,37,600.9,21,600.5
sc2409,,13:43:30.0#,613.9,614.4,594.5,661.3,563.4,123225,32512.0,600.0,22,600.1,28,600.2,22,600.3,12,600.4,11,600.5,13,600.6,21,600.7,24,600.8,39,600.9,21,600.5
sc2409,,13:43:30.500#,613.9,614.4,594.5,661.3,563.4,123226,32511.0,600.0,20,600.1,28,600.2,22,600.3,12,600.4,10,600.5,12,600.6,21,600.7,24,600.8,37,600.9,21,600.5
sc2409,,13:43:31.0#,613.9,614.4,594.5,661.3,563.4,123226,32511.0,600.0,20,600.1,28,600.2,22,600.3,12,600.4,10,600.5,12,600.6,21,600.7,24,600.8,37,600.9,21,600.5
sc2409,,13:43:31.500#,613.9,614.4,594.5,661.3,563.4,123226,32511.0,600.0,22,600.1,28,600.2,22,600.3,12,600.4,4,600.5,12,600.6,21,600.7,24,600.8,39,600.9,21,600.5
sc2409,,13:43:32.0#,613.9,614.4,594.5,661.3,563.4,123227,32512.0,600.0,20,600.1,28,600.2,22,600.3,12,600.4,3,600.5,12,600.6,22,600.7,24,600.8,37,600.9,21,600.4
sc2409,,13:43:32.500#,613.9,614.4,594.5,661.3,563.4,123227,32512.0,600.0,22,600.1,28,600.2,22,600.3,12,600.4,3,600.5,12,600.6,22,600.7,24,600.8,39,600.9,21,600.4
sc2409,,13:43:33.0#,613.9,614.4,594.5,661.3,563.4,123227,32512.0,600.0,20,600.1,28,600.2,22,600.3,12,600.4,3,600.5,12,600.6,22,600.7,24,600.8,37,600.9,21,600.4
sc2409,,13:43:33.500#,613.9,614.4,594.5,661.3,563.4,123230,32513.0,600.0,20,600.1,28,600.2,22,600.3,12,600.4,2,600.5,10,600.6,22,600.7,24,600.8,37,600.9,21,600.5
sc2409,,13:43:34.0#,613.9,614.4,594.5,661.3,563.4,123231,32513.0,600.0,20,600.1,28,600.2,22,600.3,12,600.4,4,600.5,11,600.6,22,600.7,24,600.8,37,600.9,21,600.4
sc2409,,13:43:34.500#,613.9,614.4,594.5,661.3,563.4,123231,32513.0,600.0,22,600.1,28,600.2,22,600.3,12,600.4,4,600.5,12,600.6,22,600.7,24,600.8,39,600.9,21,600.4
sc2409,,13:43:35.0#,613.9,614.4,594.5,661.3,563.4,123231,32513.0,600.0,20,600.1,28,600.2,22,600.3,12,600.4,4,600.5,13,600.6,23,600.7,24,600.8,37,600.9,21,600.4
sc2409,,13:43:35.500#,613.9,614.4,594.5,661.3,563.4,123231,32513.0,600.0,23,600.1,28,600.2,22,600.3,12,600.4,4,600.5,13,600.6,23,600.7,24,600.8,39,600.9,21,600.4
sc2409,,13:43:36.0#,613.9,614.4,594.5,661.3,563.4,123231,32513.0,600.0,21,600.1,28,600.2,22,600.3,12,600.4,4,600.5,13,600.6,23,600.7,24,600.8,37,600.9,21,600.4
sc2409,,13:43:36.500#,613.9,614.4,594.5,661.3,563.4,123231,32513.0,600.0,21,600.1,28,600.2,22,600.3,12,600.4,4,600.5,13,600.6,23,600.7,24,600.8,37,600.9,21,600.4
sc2409,,13:43:37.0#,613.9,614.4,594.5,661.3,563.4,123231,32513.0,600.0,23,600.1,28,600.2,22,600.3,12,600.4,4,600.5,13,600.6,23,600.7,24,600.8,39,600.9,21,600.4
sc2409,,13:43:37.500#,613.9,614.4,594.5,661.3,563.4,123231,32513.0,600.0,21,600.1,28,600.2,22,600.3,12,600.4,4,600.5,13,600.6,23,600.7,24,600.8,37,600.9,21,600.4
sc2409,,13:43:38.0#,613.9,614.4,594.5,661.3,563.4,123232,32514.0,600.0,21,600.1,28,600.2,22,600.3,13,600.4,4,600.5,13,600.6,24,600.7,24,600.8,37,600.9,21,600.4
sc2409,,13:43:39.0#,613.9,614.4,594.5,661.3,563.4,123232,32514.0,600.0,23,600.1,28,600.2,22,600.3,13,600.4,4,600.5,14,600.6,24,600.7,25,600.8,39,600.9,21,600.4
sc2409,,13:43:39.500#,613.9,614.4,594.5,661.3,563.4,123236,32517.0,599.9,10,600.0,23,600.1,26,600.2,22,600.3,13,600.4,2,600.5,18,600.6,23,600.7,25,600.8,37,600.4
sc2409,,13:43:40.0#,613.9,614.4,594.5,661.3,563.4,123237,32518.0,599.9,13,600.0,27,600.1,23,600.2,21,600.3,11,600.4,3,600.5,18,600.6,28,600.7,28,600.8,31,600.4
sc2409,,13:43:40.500#,613.9,614.4,594.5,661.3,563.4,123237,32518.0,599.9,13,600.0,27,600.1,23,600.2,21,600.3,10,600.4,5,600.5,18,600.6,28,600.7,28,600.8,31,600.4
sc2409,,13:43:41.0#,613.9,614.4,594.5,661.3,563.4,123237,32518.0,599.9,13,600.0,27,600.1,23,600.2,21,600.3,10,600.4,5,600.5,18,600.6,28,600.7,28,600.8,31,600.4
sc2409,,13:43:41.500#,613.9,614.4,594.5,661.3,563.4,123237,32518.0,599.9,13,600.0,27,600.1,23,600.2,21,600.3,10,600.4,5,600.5,18,600.6,28,600.7,28,600.8,31,600.4
sc2409,,13:43:42.500#,613.9,614.4,594.5,661.3,563.4,123237,32518.0,599.9,13,600.0,27,600.1,23,600.2,21,600.3,11,600.4,5,600.5,18,600.6,28,600.7,28,600.8,31,600.4
sc2409,,13:43:43.0#,613.9,614.4,594.5,661.3,563.4,123237,32518.0,599.9,13,600.0,27,600.1,23,600.2,21,600.3,11,600.4,5,600.5,18,600.6,28,600.7,28,600.8,31,600.4
sc2409,,13:43:43.500#,613.9,614.4,594.5,661.3,563.4,123237,32518.0,599.9,13,600.0,27,600.1,23,600.2,21,600.3,11,600.4,5,600.5,18,600.6,28,600.7,28,600.8,31,600.4
sc2409,,13:43:44.0#,613.9,614.4,594.5,661.3,563.4,123237,32518.0,599.9,13,600.0,26,600.1,23,600.2,21,600.3,12,600.4,10,600.5,18,600.6,28,600.7,28,600.8,31,600.4
sc2409,,13:43:44.500#,613.9,614.4,594.5,661.3,563.4,123237,32518.0,599.9,15,600.0,24,600.1,23,600.2,21,600.3,12,600.4,10,600.5,18,600.6,28,600.7,30,600.8,29,600.4
sc2409,,13:43:45.0#,613.9,614.4,594.5,661.3,563.4,123237,32518.0,599.9,15,600.0,24,600.1,23,600.2,21,600.3,12,600.4,10,600.5,18,600.6,28,600.7,30,600.8,31,600.4
sc2409,,13:43:45.500#,613.9,614.4,594.5,661.3,563.4,123237,32518.0,599.9,15,600.0,26,600.1,23,600.2,21,600.3,12,600.4,10,600.5,19,600.6,28,600.7,30,600.8,31,600.4
sc2409,,13:43:46.0#,613.9,614.4,594.5,661.3,563.4,123237,32518.0,599.9,15,600.0,26,600.1,23,600.2,21,600.3,12,600.4,10,600.5,19,600.6,28,600.7,30,600.8,31,600.4
sc2409,,13:43:46.500#,613.9,614.4,594.5,661.3,563.4,123237,32518.0,599.9,15,600.0,24,600.1,23,600.2,21,600.3,12,600.4,10,600.5,19,600.6,28,600.7,30,600.8,29,600.4
sc2409,,13:43:47.0#,613.9,614.4,594.5,661.3,563.4,123237,32518.0,599.9,15,600.0,24,600.1,23,600.2,21,600.3,12,600.4,10,600.5,19,600.6,28,600.7,30,600.8,29,600.4
sc2409,,13:43:47.500#,613.9,614.4,594.5,661.3,563.4,123237,32518.0,599.9,15,600.0,26,600.1,23,600.2,21,600.3,12,600.4,10,600.5,19,600.6,28,600.7,30,600.8,31,600.4
sc2409,,13:43:48.0#,613.9,614.4,594.5,661.3,563.4,123238,32518.0,599.9,15,600.0,24,600.1,23,600.2,21,600.3,12,600.4,9,600.5,19,600.6,28,600.7,30,600.8,29,600.4
sc2409,,13:43:48.500#,613.9,614.4,594.5,661.3,563.4,123238,32518.0,599.9,15,600.0,24,600.1,23,600.2,21,600.3,12,600.4,9,600.5,19,600.6,28,600.7,30,600.8,29,600.4
sc2409,,13:43:49.0#,613.9,614.4,594.5,661.3,563.4,123239,32517.0,599.9,15,600.0,26,600.1,23,600.2,21,600.3,12,600.4,9,600.5,19,600.6,28,600.7,30,600.8,31,600.4
sc2409,,13:43:49.500#,613.9,614.4,594.5,661.3,563.4,123239,32517.0,599.9,15,600.0,26,600.1,23,600.2,21,600.3,12,600.4,9,600.5,19,600.6,28,600.7,30,600.8,31,600.4
sc2409,,13:43:50.0#,613.9,614.4,594.5,661.3,563.4,123241,32518.0,599.9,15,600.0,24,600.1,23,600.2,21,600.3,13,600.4,7,600.5,19,600.6,28,600.7,30,600.8,29,600.4
sc2409,,13:43:50.500#,613.9,614.4,594.5,661.3,563.4,123248,32520.0,600.0,26,600.1,23,600.2,21,600.3,13,600.4,2,600.5,18,600.6,28,600.7,30,600.8,31,600.9,19,600.4
sc2409,,13:43:51.500#,613.9,614.4,594.5,661.3,563.4,123248,32520.0,600.0,20,600.1,28,600.2,22,600.3,16,600.4,7,600.5,13,600.6,23,600.7,25,600.8,37,600.9,22,600.4
sc2409,,13:43:52.0#,613.9,614.4,594.5,661.3,563.4,123248,32520.0,600.0,20,600.1,28,600.2,22,600.3,16,600.4,7,600.5,13,600.6,23,600.7,25,600.8,37,600.9,22,600.4
sc2409,,13:43:52.500#,613.9,614.4,594.5,661.3,563.4,123251,32520.0,600.0,22,600.1,28,600.2,22,600.3,16,600.4,1,600.5,13,600.6,23,600.7,25,600.8,39,600.9,22,600.4
sc2409,,13:43:53.0#,613.9,614.4,594.5,661.3,563.4,123252,32520.0,599.9,10,600.0,24,600.1,25,600.2,24,600.3,13,600.5,13,600.6,23,600.7,27,600.8,37,600.9,20,600.4
sc2409,,13:43:53.500#,613.9,614.4,594.5,661.3,563.4,123252,32520.0,600.0,21,600.1,28,600.2,21,600.3,16,600.4,1,600.5,13,600.6,23,600.7,27,600.8,37,600.9,22,600.4
sc2409,,13:43:54.0#,613.9,614.4,594.5,661.3,563.4,123252,32520.0,600.0,20,600.1,28,600.2,22,600.3,16,600.4,1,600.5,13,600.6,23,600.7,25,600.8,37,600.9,22,600.4
sc2409,,13:43:55.0#,613.9,614.4,594.5,661.3,563.4,123253,32519.0,599.9,11,600.0,24,600.1,27,600.2,21,600.3,12,600.4,1,600.5,26,600.6,24,600.7,27,600.8,36,600.4
sc2409,,13:43:55.500#,613.9,614.4,594.5,661.3,563.4,123253,32519.0,599.9,13,600.0,28,600.1,23,600.2,21,600.3,12,600.4,7,600.5,28,600.6,28,600.7,28,600.8,33,600.4
sc2409,,13:43:56.0#,613.9,614.4,594.5,661.3,563.4,123255,32520.0,599.9,15,600.0,24,600.1,23,600.2,21,600.3,10,600.4,7,600.5,28,600.6,28,600.7,30,600.8,29,600.3
sc2409,,13:43:56.500#,613.9,614.4,594.5,661.3,563.4,123255,32520.0,599.9,15,600.0,26,600.1,22,600.2,21,600.3,10,600.4,7,600.5,28,600.6,28,600.7,30,600.8,31,600.3
