InstrumentId,ExchangeId,Datetime,OpenPrice,HighestPrice,LowestPrice,UpperLimitPrice,LowerLimitPrice,Volume,OpenInterest,BidPrice5,BidVolume5,BidPrice4,BidVolume4,BidPrice3,BidVolume3,BidPrice2,BidVolume2,BidPrice1,BidVolume1,AskPrice1,AskVolume1,AskPrice2,AskVolume2,AskPrice3,AskVolume3,AskPrice4,AskVolume4,AskPrice5,AskVolume5,LastPrice
SF408,,13:38:35.0#,6622.0,6760.0,6622.0,7178.0,6114.0,73,3217,6606.0,1,6608.0,1,6660.0,20,6662.0,1,6720.0,10,6728.0,7,6730.0,18,6740.0,200,6750.0,100,6760.0,220,6716.0
SF408,,13:38:35.500#,6622.0,6760.0,6622.0,7178.0,6114.0,73,3217,6606.0,1,6608.0,1,6660.0,20,6662.0,1,6720.0,10,6728.0,8,6730.0,18,6740.0,200,6750.0,100,6760.0,220,6716.0
SF408,,13:38:40.250#,6622.0,6760.0,6622.0,7178.0,6114.0,73,3217,6606.0,1,6608.0,1,6660.0,20,6662.0,1,6720.0,10,6728.0,6,6730.0,18,6740.0,200,6750.0,100,6760.0,220,6716.0
SF408,,13:38:40.500#,6622.0,6760.0,6622.0,7178.0,6114.0,73,3217,6606.0,1,6608.0,1,6660.0,20,6662.0,1,6720.0,10,6728.0,5,6730.0,18,6740.0,200,6750.0,100,6760.0,220,6716.0
SF408,,13:38:41.500#,6622.0,6760.0,6622.0,7178.0,6114.0,73,3217,6606.0,1,6608.0,1,6660.0,20,6662.0,1,6720.0,10,6728.0,6,6730.0,18,6740.0,200,6750.0,100,6760.0,220,6716.0
SF408,,13:38:41.750#,6622.0,6760.0,6622.0,7178.0,6114.0,73,3217,6606.0,1,6608.0,1,6660.0,20,6662.0,1,6720.0,10,6728.0,8,6730.0,18,6740.0,200,6750.0,100,6760.0,220,6716.0
SF408,,13:38:42.0#,6622.0,6760.0,6622.0,7178.0,6114.0,73,3217,6606.0,1,6608.0,1,6660.0,20,6662.0,1,6720.0,10,6728.0,7,6730.0,18,6740.0,200,6750.0,100,6760.0,220,6716.0
SF408,,13:38:42.250#,6622.0,6760.0,6622.0,7178.0,6114.0,73,3217,6606.0,1,6608.0,1,6660.0,20,6662.0,1,6720.0,10,6728.0,4,6730.0,18,6740.0,200,6750.0,100,6760.0,220,6716.0
SF408,,13:38:42.500#,6622.0,6760.0,6622.0,7178.0,6114.0,73,3217,6606.0,1,6608.0,1,6660.0,20,6662.0,1,6720.0,10,6728.0,3,6730.0,18,6740.0,200,6750.0,100,6760.0,220,6716.0
SF408,,13:38:42.750#,6622.0,6760.0,6622.0,7178.0,6114.0,73,3217,6606.0,1,6608.0,1,6660.0,20,6662.0,1,6720.0,10,6728.0,34,6730.0,18,6740.0,200,6750.0,100,6760.0,220,6716.0
SF408,,13:38:43.0#,6622.0,6760.0,6622.0,7178.0,6114.0,73,3217,6606.0,1,6608.0,1,6660.0,20,6662.0,1,6720.0,10,6728.0,19,6730.0,18,6740.0,200,6750.0,100,6760.0,220,6716.0
SF408,,13:38:43.250#,6622.0,6760.0,6622.0,7178.0,6114.0,73,3217,6606.0,1,6608.0,1,6660.0,20,6662.0,1,6720.0,10,6728.0,20,6730.0,18,6740.0,200,6750.0,100,6760.0,220,6716.0
SF408,,13:38:43.500#,6622.0,6760.0,6622.0,7178.0,6114.0,73,3217,6606.0,1,6608.0,1,6660.0,20,6662.0,1,6720.0,10,6728.0,18,6730.0,18,6740.0,200,6750.0,100,6760.0,220,6716.0
SF408,,13:38:43.750#,6622.0,6760.0,6622.0,7178.0,6114.0,73,3217,6606.0,1,6608.0,1,6660.0,20,6662.0,1,6720.0,10,6728.0,16,6730.0,18,6740.0,200,6750.0,100,6760.0,220,6716.0
SF408,,13:38:44.0#,6622.0,6760.0,6622.0,7178.0,6114.0,73,3217,6606.0,1,6608.0,1,6660.0,20,6662.0,1,6720.0,10,6728.0,18,6730.0,18,6740.0,200,6750.0,100,6760.0,220,6716.0
SF408,,13:38:44.750#,6622.0,6760.0,6622.0,7178.0,6114.0,73,3217,6606.0,1,6608.0,1,6660.0,20,6662.0,1,6720.0,10,6728.0,17,6730.0,18,6740.0,200,6750.0,100,6760.0,220,6716.0
SF408,,13:38:45.250#,6622.0,6760.0,6622.0,7178.0,6114.0,73,3217,6606.0,1,6608.0,1,6660.0,20,6662.0,1,6720.0,10,6728.0,18,6730.0,18,6740.0,200,6750.0,100,6760.0,220,6716.0
SF408,,13:38:45.500#,6622.0,6760.0,6622.0,7178.0,6114.0,73,3217,6606.0,1,6608.0,1,6660.0,20,6662.0,1,6720.0,10,6728.0,17,6730.0,18,6740.0,200,6750.0,100,6760.0,220,6716.0
SF408,,13:38:46.250#,6622.0,6760.0,6622.0,7178.0,6114.0,73,3217,6606.0,1,6608.0,1,6660.0,20,6662.0,1,6720.0,10,6728.0,18,6730.0,18,6740.0,200,6750.0,100,6760.0,220,6716.0
SF408,,13:38:46.500#,6622.0,6760.0,6622.0,7178.0,6114.0,73,3217,6606.0,1,6608.0,1,6660.0,20,6662.0,1,6720.0,10,6728.0,14,6730.0,18,6740.0,200,6750.0,100,6760.0,220,6716.0
SF408,,13:38:48.250#,6622.0,6760.0,6622.0,7178.0,6114.0,73,3217,6606.0,1,6608.0,1,6660.0,20,6662.0,1,6720.0,10,6728.0,12,6730.0,18,6740.0,200,6750.0,100,6760.0,220,6716.0
SF408,,13:38:48.750#,6622.0,6760.0,6622.0,7178.0,6114.0,73,3217,6606.0,1,6608.0,1,6660.0,20,6662.0,1,6720.0,10,6730.0,34,6740.0,200,6750.0,100,6760.0,220,6780.0,200,6716.0
SF408,,13:38:49.0#,6622.0,6760.0,6622.0,7178.0,6114.0,73,3217,6606.0,1,6608.0,1,6660.0,20,6662.0,1,6720.0,10,6728.0,3,6730.0,18,6740.0,200,6750.0,100,6760.0,220,6716.0
SF408,,13:38:49.250#,6622.0,6760.0,6622.0,7178.0,6114.0,73,3217,6606.0,1,6608.0,1,6660.0,20,6662.0,1,6720.0,10,6728.0,4,6730.0,18,6740.0,200,6750.0,100,6760.0,220,6716.0
SF408,,13:38:50.250#,6622.0,6760.0,6622.0,7178.0,6114.0,73,3217,6606.0,1,6608.0,1,6660.0,20,6662.0,1,6720.0,10,6728.0,1,6730.0,18,6740.0,200,6750.0,100,6760.0,220,6716.0
SF408,,13:38:51.750#,6622.0,6760.0,6622.0,7178.0,6114.0,73,3217,6606.0,1,6608.0,1,6660.0,20,6662.0,1,6720.0,10,6728.0,2,6730.0,18,6740.0,200,6750.0,100,6760.0,220,6716.0
SF408,,13:38:53.500#,6622.0,6760.0,6622.0,7178.0,6114.0,73,3217,6606.0,1,6608.0,1,6660.0,20,6662.0,1,6720.0,10,6728.0,1,6730.0,18,6740.0,200,6750.0,100,6760.0,220,6716.0
SF408,,13:38:55.250#,6622.0,6760.0,6622.0,7178.0,6114.0,73,3217,6606.0,1,6608.0,1,6660.0,20,6662.0,1,6720.0,10,6730.0,34,6740.0,200,6750.0,100,6760.0,220,6780.0,200,6716.0
SF408,,13:38:55.500#,6622.0,6760.0,6622.0,7178.0,6114.0,73,3217,6606.0,1,6608.0,1,6660.0,20,6662.0,1,6720.0,10,6730.0,24,6740.0,200,6750.0,100,6760.0,220,6780.0,200,6716.0
SF408,,13:38:56.0#,6622.0,6760.0,6622.0,7178.0,6114.0,73,3217,6606.0,1,6608.0,1,6660.0,20,6662.0,1,6720.0,10,6730.0,21,6740.0,200,6750.0,100,6760.0,220,6780.0,200,6716.0
SF408,,13:38:59.500#,6622.0,6760.0,6622.0,7178.0,6114.0,73,3217,6606.0,1,6608.0,1,6660.0,20,6662.0,1,6720.0,10,6730.0,22,6740.0,200,6750.0,100,6760.0,220,6780.0,200,6716.0
SF408,,13:39:00.500#,6622.0,6760.0,6622.0,7178.0,6114.0,73,3217,6606.0,1,6608.0,1,6660.0,20,6662.0,1,6722.0,2,6730.0,22,6740.0,200,6750.0,100,6760.0,220,6780.0,200,6716.0
SF408,,13:39:01.0#,6622.0,6760.0,6622.0,7178.0,6114.0,73,3217,6606.0,1,6608.0,1,6660.0,20,6662.0,1,6722.0,2,6730.0,23,6740.0,200,6750.0,100,6760.0,220,6780.0,200,6716.0
SF408,,13:39:01.250#,6622.0,6760.0,6622.0,7178.0,6114.0,73,3217,6606.0,1,6608.0,1,6660.0,20,6662.0,1,6722.0,5,6730.0,22,6740.0,200,6750.0,100,6760.0,220,6780.0,200,6716.0
SF408,,13:39:01.500#,6622.0,6760.0,6622.0,7178.0,6114.0,73,3217,6606.0,1,6608.0,1,6660.0,20,6662.0,1,6722.0,10,6730.0,22,6740.0,200,6750.0,100,6760.0,220,6780.0,200,6716.0
SF408,,13:39:01.750#,6622.0,6760.0,6622.0,7178.0,6114.0,73,3217,6606.0,1,6608.0,1,6660.0,20,6662.0,1,6722.0,10,6730.0,21,6740.0,200,6750.0,100,6760.0,220,6780.0,200,6716.0
SF408,,13:39:07.0#,6622.0,6760.0,6622.0,7178.0,6114.0,73,3217,6606.0,1,6608.0,1,6660.0,20,6662.0,1,6722.0,10,6730.0,22,6740.0,200,6750.0,100,6760.0,220,6780.0,200,6716.0
SF408,,13:39:07.250#,6622.0,6760.0,6622.0,7178.0,6114.0,73,3217,6606.0,1,6608.0,1,6660.0,20,6662.0,1,6722.0,10,6730.0,23,6740.0,200,6750.0,100,6760.0,220,6780.0,200,6716.0
SF408,,13:39:08.250#,6622.0,6760.0,6622.0,7178.0,6114.0,73,3217,6606.0,1,6608.0,1,6660.0,20,6662.0,1,6722.0,10,6730.0,22,6740.0,200,6750.0,100,6760.0,220,6780.0,200,6716.0
SF408,,13:39:09.250#,6622.0,6760.0,6622.0,7178.0,6114.0,73,3217,6606.0,1,6608.0,1,6660.0,20,6662.0,1,6722.0,10,6730.0,24,6740.0,200,6750.0,100,6760.0,220,6780.0,200,6716.0
SF408,,13:39:10.250#,6622.0,6760.0,6622.0,7178.0,6114.0,73,3217,6606.0,1,6608.0,1,6660.0,20,6662.0,1,6722.0,1,6730.0,26,6740.0,200,6750.0,100,6760.0,220,6780.0,200,6716.0
SF408,,13:39:10.500#,6622.0,6760.0,6622.0,7178.0,6114.0,73,3217,6606.0,1,6608.0,1,6660.0,20,6662.0,1,6722.0,1,6730.0,28,6740.0,200,6750.0,100,6760.0,220,6780.0,200,6716.0
SF408,,13:39:10.750#,6622.0,6760.0,6622.0,7178.0,6114.0,73,3217,6606.0,1,6608.0,1,6660.0,20,6662.0,1,6720.0,10,6728.0,5,6730.0,18,6740.0,200,6750.0,100,6760.0,220,6716.0
SF408,,13:39:11.0#,6622.0,6760.0,6622.0,7178.0,6114.0,73,3217,6606.0,1,6608.0,1,6660.0,20,6662.0,1,6720.0,10,6728.0,7,6730.0,18,6740.0,200,6750.0,100,6760.0,220,6716.0
SF408,,13:39:11.750#,6622.0,6760.0,6622.0,7178.0,6114.0,73,3217,6606.0,1,6608.0,1,6660.0,20,6662.0,1,6720.0,10,6728.0,8,6730.0,18,6740.0,200,6750.0,100,6760.0,220,6716.0
SF408,,13:39:12.0#,6622.0,6760.0,6622.0,7178.0,6114.0,73,3217,6606.0,1,6608.0,1,6660.0,20,6662.0,1,6720.0,10,6728.0,9,6730.0,18,6740.0,200,6750.0,100,6760.0,220,6716.0
SF408,,13:39:12.250#,6622.0,6760.0,6622.0,7178.0,6114.0,73,3217,6606.0,1,6608.0,1,6660.0,20,6662.0,1,6720.0,10,6728.0,10,6730.0,18,6740.0,200,6750.0,100,6760.0,220,6716.0
SF408,,13:39:12.500#,6622.0,6760.0,6622.0,7178.0,6114.0,73,3217,6606.0,1,6608.0,1,6660.0,20,6662.0,1,6720.0,10,6728.0,14,6730.0,18,6740.0,200,6750.0,100,6760.0,220,6716.0
SF408,,13:39:13.250#,6622.0,6760.0,6622.0,7178.0,6114.0,73,3217,6606.0,1,6608.0,1,6660.0,20,6662.0,1,6720.0,10,6728.0,12,6730.0,18,6740.0,200,6750.0,100,6760.0,220,6716.0
SF408,,13:39:13.500#,6622.0,6760.0,6622.0,7178.0,6114.0,73,3217,6606.0,1,6608.0,1,6660.0,20,6662.0,1,6720.0,10,6728.0,8,6730.0,18,6740.0,200,6750.0,100,6760.0,220,6716.0
SF408,,13:39:15.0#,6622.0,6760.0,6622.0,7178.0,6114.0,73,3217,6606.0,1,6608.0,1,6660.0,20,6662.0,1,6720.0,10,6728.0,9,6730.0,18,6740.0,200,6750.0,100,6760.0,220,6716.0
SF408,,13:39:15.750#,6622.0,6760.0,6622.0,7178.0,6114.0,73,3217,6606.0,1,6608.0,1,6660.0,20,6662.0,1,6720.0,10,6728.0,8,6730.0,18,6740.0,200,6750.0,100,6760.0,220,6716.0
SF408,,13:39:16.500#,6622.0,6760.0,6622.0,7178.0,6114.0,73,3217,6606.0,1,6608.0,1,6660.0,20,6662.0,1,6720.0,10,6730.0,28,6740.0,200,6750.0,100,6760.0,220,6780.0,200,6716.0
SF408,,13:39:17.0#,6622.0,6760.0,6622.0,7178.0,6114.0,73,3217,6606.0,1,6608.0,1,6660.0,20,6662.0,1,6722.0,1,6730.0,28,6740.0,200,6750.0,100,6760.0,220,6780.0,200,6716.0
SF408,,13:39:17.500#,6622.0,6760.0,6622.0,7178.0,6114.0,73,3217,6606.0,1,6608.0,1,6660.0,20,6662.0,1,6720.0,10,6730.0,28,6740.0,200,6750.0,100,6760.0,220,6780.0,200,6716.0
SF408,,13:39:19.500#,6622.0,6760.0,6622.0,7178.0,6114.0,73,3217,6606.0,1,6608.0,1,6660.0,20,6662.0,1,6720.0,10,6730.0,29,6740.0,200,6750.0,100,6760.0,220,6780.0,200,6716.0
SF408,,13:39:19.750#,6622.0,6760.0,6622.0,7178.0,6114.0,73,3217,6606.0,1,6608.0,1,6660.0,20,6662.0,1,6720.0,10,6730.0,28,6740.0,200,6750.0,100,6760.0,220,6780.0,200,6716.0
SF408,,13:39:20.750#,6622.0,6760.0,6622.0,7178.0,6114.0,73,3217,6606.0,1,6608.0,1,6660.0,20,6662.0,1,6720.0,10,6730.0,29,6740.0,200,6750.0,100,6760.0,220,6780.0,200,6716.0
SF408,,13:39:21.250#,6622.0,6760.0,6622.0,7178.0,6114.0,73,3217,6606.0,1,6608.0,1,6660.0,20,6662.0,1,6720.0,10,6730.0,31,6740.0,200,6750.0,100,6760.0,220,6780.0,200,6716.0
SF408,,13:39:24.500#,6622.0,6760.0,6622.0,7178.0,6114.0,73,3217,6606.0,1,6608.0,1,6660.0,20,6662.0,1,6722.0,1,6730.0,37,6740.0,200,6750.0,100,6760.0,220,6780.0,200,6716.0
SF408,,13:39:25.0#,6622.0,6760.0,6622.0,7178.0,6114.0,73,3217,6606.0,1,6608.0,1,6660.0,20,6662.0,1,6722.0,4,6730.0,37,6740.0,200,6750.0,100,6760.0,220,6780.0,200,6716.0
SF408,,13:39:25.250#,6622.0,6760.0,6622.0,7178.0,6114.0,73,3217,6606.0,1,6608.0,1,6660.0,20,6662.0,1,6722.0,3,6730.0,35,6740.0,200,6750.0,100,6760.0,220,6780.0,200,6716.0
SF408,,13:39:25.500#,6622.0,6760.0,6622.0,7178.0,6114.0,73,3217,6606.0,1,6608.0,1,6660.0,20,6662.0,1,6722.0,2,6730.0,35,6740.0,200,6750.0,100,6760.0,220,6780.0,200,6716.0
SF408,,13:39:25.750#,6622.0,6760.0,6622.0,7178.0,6114.0,73,3217,6606.0,1,6608.0,1,6660.0,20,6662.0,1,6722.0,1,6730.0,35,6740.0,200,6750.0,100,6760.0,220,6780.0,200,6716.0
SF408,,13:39:26.250#,6622.0,6760.0,6622.0,7178.0,6114.0,73,3217,6606.0,1,6608.0,1,6660.0,20,6662.0,1,6720.0,10,6728.0,9,6730.0,18,6740.0,200,6750.0,100,6760.0,220,6716.0
SF408,,13:39:26.750#,6622.0,6760.0,6622.0,7178.0,6114.0,73,3217,6606.0,1,6608.0,1,6660.0,20,6662.0,1,6720.0,10,6728.0,10,6730.0,18,6740.0,200,6750.0,100,6760.0,220,6716.0
SF408,,13:39:30.500#,6622.0,6760.0,6622.0,7178.0,6114.0,73,3217,6606.0,1,6608.0,1,6660.0,20,6662.0,1,6720.0,10,6728.0,12,6730.0,18,6740.0,200,6750.0,100,6760.0,220,6716.0
SF408,,13:39:31.0#,6622.0,6760.0,6622.0,7178.0,6114.0,73,3217,6606.0,1,6608.0,1,6660.0,20,6662.0,1,6720.0,10,6728.0,13,6730.0,18,6740.0,200,6750.0,100,6760.0,220,6716.0
SF408,,13:39:31.750#,6622.0,6760.0,6622.0,7178.0,6114.0,73,3217,6606.0,1,6608.0,1,6660.0,20,6662.0,1,6720.0,10,6728.0,12,6730.0,18,6740.0,200,6750.0,100,6760.0,220,6716.0
SF408,,13:39:34.500#,6622.0,6760.0,6622.0,7178.0,6114.0,73,3217,6606.0,1,6608.0,1,6660.0,20,6662.0,1,6720.0,10,6728.0,17,6730.0,18,6740.0,200,6750.0,100,6760.0,220,6716.0
SF408,,13:39:38.0#,6622.0,6760.0,6622.0,7178.0,6114.0,73,3217,6606.0,1,6608.0,1,6660.0,20,6662.0,1,6720.0,10,6728.0,18,6730.0,18,6740.0,200,6750.0,100,6760.0,220,6716.0
SF408,,13:39:38.250#,6622.0,6760.0,6622.0,7178.0,6114.0,73,3217,6606.0,1,6608.0,1,6660.0,20,6662.0,1,6720.0,10,6728.0,19,6730.0,18,6740.0,200,6750.0,100,6760.0,220,6716.0
SF408,,13:39:41.250#,6622.0,6760.0,6622.0,7178.0,6114.0,73,3217,6606.0,1,6608.0,1,6660.0,20,6662.0,1,6720.0,10,6728.0,18,6730.0,18,6740.0,200,6750.0,100,6760.0,220,6716.0
SF408,,13:39:42.0#,6622.0,6760.0,6622.0,7178.0,6114.0,73,3217,6606.0,1,6608.0,1,6660.0,20,6662.0,1,6720.0,10,6728.0,19,6730.0,18,6740.0,200,6750.0,100,6760.0,220,6716.0
SF408,,13:39:42.250#,6622.0,6760.0,6622.0,7178.0,6114.0,73,3217,6606.0,1,6608.0,1,6660.0,20,6662.0,1,6718.0,10,6726.0,8,6730.0,18,6740.0,200,6750.0,100,6760.0,220,6716.0
SF408,,13:39:42.500#,6622.0,6760.0,6622.0,7178.0,6114.0,73,3217,6606.0,1,6608.0,1,6660.0,20,6662.0,1,6718.0,8,6726.0,8,6730.0,18,6740.0,200,6750.0,100,6760.0,220,6716.0
SF408,,13:39:45.500#,6622.0,6760.0,6622.0,7178.0,6114.0,73,3217,6606.0,1,6608.0,1,6660.0,20,6662.0,1,6718.0,9,6726.0,8,6730.0,18,6740.0,200,6750.0,100,6760.0,220,6716.0
SF408,,13:39:45.750#,6622.0,6760.0,6622.0,7178.0,6114.0,73,3217,6606.0,1,6608.0,1,6660.0,20,6662.0,1,6720.0,10,6728.0,35,6730.0,18,6740.0,200,6750.0,100,6760.0,220,6716.0
SF408,,13:39:46.0#,6622.0,6760.0,6622.0,7178.0,6114.0,73,3217,6606.0,1,6608.0,1,6660.0,20,6662.0,1,6720.0,10,6728.0,36,6730.0,18,6740.0,200,6750.0,100,6760.0,220,6716.0
SF408,,13:39:48.0#,6622.0,6760.0,6622.0,7178.0,6114.0,73,3217,6606.0,1,6608.0,1,6660.0,20,6662.0,1,6720.0,9,6728.0,35,6730.0,18,6740.0,200,6750.0,100,6760.0,220,6716.0
SF408,,13:39:48.250#,6622.0,6760.0,6622.0,7178.0,6114.0,73,3217,6606.0,1,6608.0,1,6660.0,20,6662.0,1,6720.0,9,6728.0,33,6730.0,18,6740.0,200,6750.0,100,6760.0,220,6716.0
SF408,,13:39:51.0#,6622.0,6760.0,6622.0,7178.0,6114.0,73,3217,6606.0,1,6608.0,1,6660.0,20,6662.0,1,6720.0,8,6728.0,33,6730.0,18,6740.0,200,6750.0,100,6760.0,220,6716.0
SF408,,13:39:51.250#,6622.0,6760.0,6622.0,7178.0,6114.0,73,3217,6606.0,1,6608.0,1,6660.0,20,6662.0,1,6720.0,9,6728.0,33,6730.0,18,6740.0,200,6750.0,100,6760.0,220,6716.0
SF408,,13:39:54.250#,6622.0,6760.0,6622.0,7178.0,6114.0,73,3217,6606.0,1,6608.0,1,6660.0,20,6662.0,1,6720.0,9,6728.0,39,6730.0,18,6740.0,200,6750.0,100,6760.0,220,6716.0
SF408,,13:39:55.250#,6622.0,6760.0,6622.0,7178.0,6114.0,73,3217,6606.0,1,6608.0,1,6660.0,20,6662.0,1,6720.0,10,6728.0,39,6730.0,18,6740.0,200,6750.0,100,6760.0,220,6716.0
SF408,,13:39:55.500#,6622.0,6760.0,6622.0,7178.0,6114.0,73,3217,6606.0,1,6608.0,1,6660.0,20,6662.0,1,6720.0,9,6728.0,39,6730.0,18,6740.0,200,6750.0,100,6760.0,220,6716.0
SF408,,13:39:59.750#,6622.0,6760.0,6622.0,7178.0,6114.0,73,3217,6606.0,1,6608.0,1,6660.0,20,6662.0,1,6720.0,8,6728.0,39,6730.0,18,6740.0,200,6750.0,100,6760.0,220,6716.0
SF408,,13:40:00.250#,6622.0,6760.0,6622.0,7178.0,6114.0,73,3217,6606.0,1,6608.0,1,6660.0,20,6662.0,1,6720.0,9,6728.0,19,6730.0,18,6740.0,200,6750.0,100,6760.0,220,6716.0
SF408,,13:40:00.500#,6622.0,6760.0,6622.0,7178.0,6114.0,73,3217,6606.0,1,6608.0,1,6660.0,20,6662.0,1,6720.0,9,6730.0,43,6740.0,200,6750.0,100,6760.0,220,6780.0,200,6716.0
SF408,,13:40:00.750#,6622.0,6760.0,6622.0,7178.0,6114.0,73,3217,6606.0,1,6608.0,1,6660.0,20,6662.0,1,6720.0,9,6730.0,47,6740.0,200,6750.0,100,6760.0,220,6780.0,200,6716.0
SF408,,13:40:01.0#,6622.0,6760.0,6622.0,7178.0,6114.0,73,3217,6606.0,1,6608.0,1,6660.0,20,6662.0,1,6722.0,5,6730.0,47,6740.0,200,6750.0,100,6760.0,220,6780.0,200,6716.0
SF408,,13:40:01.250#,6622.0,6760.0,6622.0,7178.0,6114.0,73,3217,6606.0,1,6608.0,1,6660.0,20,6662.0,1,6722.0,5,6730.0,45,6740.0,200,6750.0,100,6760.0,220,6780.0,200,6716.0
SF408,,13:40:01.500#,6622.0,6760.0,6622.0,7178.0,6114.0,73,3217,6606.0,1,6608.0,1,6660.0,20,6662.0,1,6722.0,10,6730.0,45,6740.0,200,6750.0,100,6760.0,220,6780.0,200,6716.0
SF408,,13:40:04.250#,6622.0,6760.0,6622.0,7178.0,6114.0,73,3217,6606.0,1,6608.0,1,6660.0,20,6662.0,1,6722.0,9,6730.0,45,6740.0,200,6750.0,100,6760.0,220,6780.0,200,6716.0
SF408,,13:40:04.750#,6622.0,6760.0,6622.0,7178.0,6114.0,73,3217,6606.0,1,6608.0,1,6660.0,20,6662.0,1,6722.0,9,6730.0,43,6740.0,200,6750.0,100,6760.0,220,6780.0,200,6716.0
SF408,,13:40:05.750#,6622.0,6760.0,6622.0,7178.0,6114.0,73,3217,6606.0,1,6608.0,1,6660.0,20,6662.0,1,6722.0,9,6730.0,48,6740.0,200,6750.0,100,6760.0,220,6780.0,200,6716.0
SF408,,13:40:06.0#,6622.0,6760.0,6622.0,7178.0,6114.0,73,3217,6606.0,1,6608.0,1,6660.0,20,6662.0,1,6722.0,10,6730.0,48,6740.0,200,6750.0,100,6760.0,220,6780.0,200,6716.0
SF408,,13:40:15.750#,6622.0,6760.0,6622.0,7178.0,6114.0,73,3217,6606.0,1,6608.0,1,6660.0,20,6662.0,1,6722.0,10,6730.0,49,6740.0,200,6750.0,100,6760.0,220,6780.0,200,6716.0
SF408,,13:40:16.0#,6622.0,6760.0,6622.0,7178.0,6114.0,73,3217,6606.0,1,6608.0,1,6660.0,20,6662.0,1,6722.0,10,6730.0,44,6740.0,200,6750.0,100,6760.0,220,6780.0,200,6716.0
SF408,,13:40:16.500#,6622.0,6760.0,6622.0,7178.0,6114.0,73,3217,6606.0,1,6608.0,1,6660.0,20,6662.0,1,6722.0,10,6730.0,45,6740.0,200,6750.0,100,6760.0,220,6780.0,200,6716.0
SF408,,13:40:18.250#,6622.0,6760.0,6622.0,7178.0,6114.0,73,3217,6606.0,1,6608.0,1,6660.0,20,6662.0,1,6722.0,10,6730.0,47,6740.0,200,6750.0,100,6760.0,220,6780.0,200,6716.0
SF408,,13:40:24.750#,6622.0,6760.0,6622.0,7178.0,6114.0,73,3217,6606.0,1,6608.0,1,6660.0,20,6662.0,1,6722.0,10,6730.0,48,6740.0,200,6750.0,100,6760.0,220,6780.0,200,6716.0
SF408,,13:40:27.0#,6622.0,6760.0,6622.0,7178.0,6114.0,73,3217,6606.0,1,6608.0,1,6660.0,20,6662.0,1,6722.0,10,6730.0,49,6740.0,200,6750.0,100,6760.0,220,6780.0,200,6716.0
SF408,,13:40:27.0#,6622.0,6760.0,6622.0,7178.0,6114.0,73,3217,6606.0,1,6608.0,1,6660.0,20,6662.0,1,6722.0,10,6730.0,49,6740.0,200,6750.0,100,6760.0,220,6780.0,200,6716.0
SF408,,13:40:27.500#,6622.0,6760.0,6622.0,7178.0,6114.0,73,3217,6606.0,1,6608.0,1,6660.0,20,6662.0,1,6722.0,10,6730.0,50,6740.0,200,6750.0,100,6760.0,220,6780.0,200,6716.0
SF408,,13:40:27.750#,6622.0,6760.0,6622.0,7178.0,6114.0,73,3217,6606.0,1,6608.0,1,6660.0,20,6662.0,1,6722.0,10,6730.0,54,6740.0,200,6750.0,100,6760.0,220,6780.0,200,6716.0
SF408,,13:40:30.0#,6622.0,6760.0,6622.0,7178.0,6114.0,73,3217,6606.0,1,6608.0,1,6660.0,20,6662.0,1,6722.0,10,6730.0,49,6740.0,200,6750.0,100,6760.0,220,6780.0,200,6716.0
SF408,,13:40:32.250#,6622.0,6760.0,6622.0,7178.0,6114.0,73,3217,6606.0,1,6608.0,1,6660.0,20,6662.0,1,6722.0,10,6730.0,39,6740.0,200,6750.0,100,6760.0,220,6780.0,200,6716.0
SF408,,13:40:33.0#,6622.0,6760.0,6622.0,7178.0,6114.0,73,3217,6606.0,1,6608.0,1,6660.0,20,6662.0,1,6722.0,10,6730.0,40,6740.0,200,6750.0,100,6760.0,220,6780.0,200,6716.0
SF408,,13:40:34.250#,6622.0,6760.0,6622.0,7178.0,6114.0,73,3217,6606.0,1,6608.0,1,6660.0,20,6662.0,1,6722.0,10,6730.0,42,6740.0,200,6750.0,100,6760.0,220,6780.0,200,6716.0
SF408,,13:40:40.750#,6622.0,6760.0,6622.0,7178.0,6114.0,73,3217,6606.0,1,6608.0,1,6660.0,20,6662.0,1,6722.0,10,6730.0,40,6740.0,200,6750.0,100,6760.0,220,6780.0,200,6716.0
SF408,,13:40:44.750#,6622.0,6760.0,6622.0,7178.0,6114.0,73,3217,6606.0,1,6608.0,1,6660.0,20,6662.0,1,6722.0,10,6730.0,32,6740.0,200,6750.0,100,6760.0,220,6780.0,200,6716.0
SF408,,13:40:45.250#,6622.0,6760.0,6622.0,7178.0,6114.0,73,3217,6606.0,1,6608.0,1,6660.0,20,6662.0,1,6722.0,10,6730.0,38,6740.0,200,6750.0,100,6760.0,220,6780.0,200,6716.0
SF408,,13:40:45.500#,6622.0,6760.0,6622.0,7178.0,6114.0,73,3217,6606.0,1,6608.0,1,6660.0,20,6662.0,1,6722.0,10,6730.0,36,6740.0,200,6750.0,100,6760.0,220,6780.0,200,6716.0
SF408,,13:40:46.250#,6622.0,6760.0,6622.0,7178.0,6114.0,73,3217,6606.0,1,6608.0,1,6660.0,20,6662.0,1,6722.0,10,6730.0,37,6740.0,200,6750.0,100,6760.0,220,6780.0,200,6716.0
SF408,,13:40:49.250#,6622.0,6760.0,6622.0,7178.0,6114.0,73,3217,6606.0,1,6608.0,1,6660.0,20,6662.0,1,6722.0,10,6730.0,31,6740.0,200,6750.0,100,6760.0,220,6780.0,200,6716.0
SF408,,13:40:51.250#,6622.0,6760.0,6622.0,7178.0,6114.0,73,3217,6606.0,1,6608.0,1,6660.0,20,6662.0,1,6722.0,10,6730.0,32,6740.0,200,6750.0,100,6760.0,220,6780.0,200,6716.0
SF408,,13:40:53.500#,6622.0,6760.0,6622.0,7178.0,6114.0,73,3217,6606.0,1,6608.0,1,6660.0,20,6662.0,1,6722.0,10,6730.0,31,6740.0,200,6750.0,100,6760.0,220,6780.0,200,6716.0
SF408,,13:40:54.750#,6622.0,6760.0,6622.0,7178.0,6114.0,73,3217,6606.0,1,6608.0,1,6660.0,20,6662.0,1,6722.0,10,6730.0,30,6740.0,200,6750.0,100,6760.0,220,6780.0,200,6716.0
SF408,,13:40:56.500#,6622.0,6760.0,6622.0,7178.0,6114.0,73,3217,6606.0,1,6608.0,1,6660.0,20,6662.0,1,6722.0,10,6730.0,31,6740.0,200,6750.0,100,6760.0,220,6780.0,200,6716.0
SF408,,13:40:58.250#,6622.0,6760.0,6622.0,7178.0,6114.0,73,3217,6606.0,1,6608.0,1,6660.0,20,6662.0,1,6722.0,10,6730.0,30,6740.0,200,6750.0,100,6760.0,220,6780.0,200,6716.0
SF408,,13:40:58.500#,6622.0,6760.0,6622.0,7178.0,6114.0,73,3217,6606.0,1,6608.0,1,6660.0,20,6662.0,1,6722.0,10,6730.0,29,6740.0,200,6750.0,100,6760.0,220,6780.0,200,6716.0
SF408,,13:40:58.750#,6622.0,6760.0,6622.0,7178.0,6114.0,73,3217,6606.0,1,6608.0,1,6660.0,20,6662.0,1,6722.0,10,6730.0,28,6740.0,200,6750.0,100,6760.0,220,6780.0,200,6716.0
SF408,,13:40:59.0#,6622.0,6760.0,6622.0,7178.0,6114.0,73,3217,6606.0,1,6608.0,1,6660.0,20,6662.0,1,6722.0,10,6730.0,24,6740.0,200,6750.0,100,6760.0,220,6780.0,200,6716.0
SF408,,13:41:00.500#,6622.0,6760.0,6622.0,7178.0,6114.0,73,3217,6606.0,1,6608.0,1,6660.0,20,6662.0,1,6722.0,10,6730.0,22,6740.0,200,6750.0,100,6760.0,220,6780.0,200,6716.0
SF408,,13:41:00.750#,6622.0,6760.0,6622.0,7178.0,6114.0,73,3217,6606.0,1,6608.0,1,6660.0,20,6662.0,1,6722.0,10,6730.0,20,6740.0,200,6750.0,100,6760.0,220,6780.0,200,6716.0
SF408,,13:41:01.750#,6622.0,6760.0,6622.0,7178.0,6114.0,73,3217,6606.0,1,6608.0,1,6660.0,20,6662.0,1,6722.0,10,6730.0,21,6740.0,200,6750.0,100,6760.0,220,6780.0,200,6716.0
SF408,,13:41:02.250#,6622.0,6760.0,6622.0,7178.0,6114.0,73,3217,6606.0,1,6608.0,1,6660.0,20,6662.0,1,6722.0,10,6730.0,20,6740.0,200,6750.0,100,6760.0,220,6780.0,200,6716.0
SF408,,13:41:02.500#,6622.0,6760.0,6622.0,7178.0,6114.0,73,3217,6606.0,1,6608.0,1,6660.0,20,6662.0,1,6722.0,10,6730.0,21,6740.0,200,6750.0,100,6760.0,220,6780.0,200,6716.0
SF408,,13:41:02.750#,6622.0,6760.0,6622.0,7178.0,6114.0,73,3217,6606.0,1,6608.0,1,6660.0,20,6662.0,1,6722.0,10,6730.0,26,6740.0,200,6750.0,100,6760.0,220,6780.0,200,6716.0
SF408,,13:41:03.500#,6622.0,6760.0,6622.0,7178.0,6114.0,73,3217,6606.0,1,6608.0,1,6660.0,20,6662.0,1,6722.0,10,6730.0,25,6740.0,200,6750.0,100,6760.0,220,6780.0,200,6716.0
SF408,,13:41:07.500#,6622.0,6760.0,6622.0,7178.0,6114.0,73,3217,6606.0,1,6608.0,1,6660.0,20,6662.0,1,6722.0,10,6730.0,24,6740.0,200,6750.0,100,6760.0,220,6780.0,200,6716.0
SF408,,13:41:08.500#,6622.0,6760.0,6622.0,7178.0,6114.0,73,3217,6606.0,1,6608.0,1,6660.0,20,6662.0,1,6722.0,10,6730.0,25,6740.0,200,6750.0,100,6760.0,220,6780.0,200,6716.0
SF408,,13:41:11.500#,6622.0,6760.0,6622.0,7178.0,6114.0,73,3217,6606.0,1,6608.0,1,6660.0,20,6662.0,1,6722.0,10,6730.0,27,6740.0,200,6750.0,100,6760.0,220,6780.0,200,6716.0
SF408,,13:41:12.250#,6622.0,6760.0,6622.0,7178.0,6114.0,73,3217,6606.0,1,6608.0,1,6660.0,20,6662.0,1,6722.0,10,6730.0,26,6740.0,200,6750.0,100,6760.0,220,6780.0,200,6716.0
SF408,,13:41:13.0#,6622.0,6760.0,6622.0,7178.0,6114.0,73,3217,6606.0,1,6608.0,1,6660.0,20,6662.0,1,6722.0,10,6730.0,25,6740.0,200,6750.0,100,6760.0,220,6780.0,200,6716.0
SF408,,13:41:16.250#,6622.0,6760.0,6622.0,7178.0,6114.0,73,3217,6606.0,1,6608.0,1,6660.0,20,6662.0,1,6722.0,10,6730.0,26,6740.0,200,6750.0,100,6760.0,220,6780.0,200,6716.0
SF408,,13:41:17.500#,6622.0,6760.0,6622.0,7178.0,6114.0,73,3217,6606.0,1,6608.0,1,6660.0,20,6662.0,1,6722.0,10,6730.0,21,6740.0,200,6750.0,100,6760.0,220,6780.0,200,6716.0
SF408,,13:41:21.0#,6622.0,6760.0,6622.0,7178.0,6114.0,73,3217,6606.0,1,6608.0,1,6660.0,20,6662.0,1,6724.0,4,6730.0,18,6740.0,200,6750.0,100,6760.0,220,6780.0,200,6716.0
SF408,,13:41:21.250#,6622.0,6760.0,6622.0,7178.0,6114.0,73,3217,6606.0,1,6608.0,1,6660.0,20,6662.0,1,6724.0,10,6730.0,18,6740.0,200,6750.0,100,6760.0,220,6780.0,200,6716.0
SF408,,13:41:56.500#,6622.0,6760.0,6622.0,7178.0,6114.0,73,3217,6606.0,1,6608.0,1,6660.0,20,6662.0,1,6726.0,2,6730.0,18,6740.0,200,6750.0,100,6760.0,220,6780.0,200,6716.0
SF408,,13:42:15.750#,6622.0,6760.0,6622.0,7178.0,6114.0,73,3217,6606.0,1,6608.0,1,6660.0,20,6662.0,1,6726.0,3,6730.0,18,6740.0,200,6750.0,100,6760.0,220,6780.0,200,6716.0
SF408,,13:42:16.0#,6622.0,6760.0,6622.0,7178.0,6114.0,73,3217,6606.0,1,6608.0,1,6660.0,20,6662.0,1,6724.0,10,6730.0,18,6740.0,200,6750.0,100,6760.0,220,6780.0,200,6716.0
SF408,,13:42:36.250#,6622.0,6760.0,6622.0,7178.0,6114.0,73,3217,6606.0,1,6608.0,1,6660.0,20,6662.0,1,6726.0,1,6730.0,18,6740.0,200,6750.0,100,6760.0,220,6780.0,200,6716.0
SF408,,13:42:36.500#,6622.0,6760.0,6622.0,7178.0,6114.0,73,3217,6606.0,1,6608.0,1,6660.0,20,6662.0,1,6726.0,5,6730.0,18,6740.0,200,6750.0,100,6760.0,220,6780.0,200,6716.0
SF408,,13:42:39.500#,6622.0,6760.0,6622.0,7178.0,6114.0,73,3217,6606.0,1,6608.0,1,6660.0,20,6662.0,1,6724.0,10,6730.0,18,6740.0,200,6750.0,100,6760.0,220,6780.0,200,6716.0
SF408,,13:42:39.750#,6622.0,6760.0,6622.0,7178.0,6114.0,73,3217,6606.0,1,6608.0,1,6660.0,20,6662.0,1,6726.0,1,6730.0,18,6740.0,200,6750.0,100,6760.0,220,6780.0,200,6716.0
SF408,,13:42:40.500#,6622.0,6760.0,6622.0,7178.0,6114.0,73,3217,6606.0,1,6608.0,1,6660.0,20,6662.0,1,6726.0,2,6730.0,18,6740.0,200,6750.0,100,6760.0,220,6780.0,200,6716.0
SF408,,13:42:40.750#,6622.0,6760.0,6622.0,7178.0,6114.0,73,3217,6606.0,1,6608.0,1,6660.0,20,6662.0,1,6726.0,3,6730.0,18,6740.0,200,6750.0,100,6760.0,220,6780.0,200,6716.0
SF408,,13:42:42.750#,6622.0,6760.0,6622.0,7178.0,6114.0,73,3217,6606.0,1,6608.0,1,6660.0,20,6662.0,1,6726.0,4,6730.0,18,6740.0,200,6750.0,100,6760.0,220,6780.0,200,6716.0
SF408,,13:42:44.0#,6622.0,6760.0,6622.0,7178.0,6114.0,73,3217,6606.0,1,6608.0,1,6660.0,20,6662.0,1,6724.0,10,6730.0,18,6740.0,200,6750.0,100,6760.0,220,6780.0,200,6716.0
SF408,,13:43:15.750#,6622.0,6760.0,6622.0,7178.0,6114.0,73,3217,6606.0,1,6608.0,1,6660.0,20,6662.0,1,6726.0,3,6730.0,18,6740.0,200,6750.0,100,6760.0,220,6780.0,200,6716.0
SF408,,13:43:16.0#,6622.0,6760.0,6622.0,7178.0,6114.0,73,3217,6606.0,1,6608.0,1,6660.0,20,6662.0,1,6726.0,4,6730.0,18,6740.0,200,6750.0,100,6760.0,220,6780.0,200,6716.0
SF408,,13:43:16.250#,6622.0,6760.0,6622.0,7178.0,6114.0,73,3217,6606.0,1,6608.0,1,6660.0,20,6662.0,1,6726.0,10,6730.0,18,6740.0,200,6750.0,100,6760.0,220,6780.0,200,6716.0
SF408,,13:43:33.500#,6622.0,6760.0,6622.0,7178.0,6114.0,73,3217,6606.0,1,6608.0,1,6660.0,20,6662.0,1,6726.0,9,6730.0,18,6740.0,200,6750.0,100,6760.0,220,6780.0,200,6716.0
SF408,,13:43:34.250#,6622.0,6760.0,6622.0,7178.0,6114.0,73,3217,6606.0,1,6608.0,1,6660.0,20,6662.0,1,6724.0,10,6730.0,18,6740.0,200,6750.0,100,6760.0,220,6780.0,200,6716.0
SF408,,13:45:07.0#,6622.0,6760.0,6622.0,7178.0,6114.0,73,3217,6606.0,1,6608.0,1,6660.0,20,6662.0,1,6724.0,11,6730.0,18,6740.0,200,6750.0,100,6760.0,220,6780.0,200,6716.0
SF408,,13:45:07.250#,6622.0,6760.0,6622.0,7178.0,6114.0,73,3217,6606.0,1,6608.0,1,6660.0,20,6662.0,1,6724.0,13,6730.0,18,6740.0,200,6750.0,100,6760.0,220,6780.0,200,6716.0
SF408,,13:45:14.500#,6622.0,6760.0,6622.0,7178.0,6114.0,73,3217,6606.0,1,6608.0,1,6660.0,20,6662.0,1,6724.0,14,6730.0,18,6740.0,200,6750.0,100,6760.0,220,6780.0,200,6716.0
SF408,,13:45:18.500#,6622.0,6760.0,6622.0,7178.0,6114.0,73,3217,6606.0,1,6608.0,1,6660.0,20,6662.0,1,6724.0,13,6730.0,18,6740.0,200,6750.0,100,6760.0,220,6780.0,200,6716.0
SF408,,13:45:19.750#,6622.0,6760.0,6622.0,7178.0,6114.0,73,3217,6606.0,1,6608.0,1,6660.0,20,6662.0,1,6724.0,12,6730.0,18,6740.0,200,6750.0,100,6760.0,220,6780.0,200,6716.0
SF408,,13:45:20.250#,6622.0,6760.0,6622.0,7178.0,6114.0,73,3217,6606.0,1,6608.0,1,6660.0,20,6662.0,1,6724.0,13,6730.0,18,6740.0,200,6750.0,100,6760.0,220,6780.0,200,6716.0
SF408,,13:45:24.500#,6622.0,6760.0,6622.0,7178.0,6114.0,73,3217,6606.0,1,6608.0,1,6660.0,20,6662.0,1,6724.0,12,6730.0,18,6740.0,200,6750.0,100,6760.0,220,6780.0,200,6716.0
SF408,,13:45:29.500#,6622.0,6760.0,6622.0,7178.0,6114.0,73,3217,6606.0,1,6608.0,1,6660.0,20,6662.0,1,6724.0,11,6730.0,18,6740.0,200,6750.0,100,6760.0,220,6780.0,200,6716.0
SF408,,13:45:30.250#,6622.0,6760.0,6622.0,7178.0,6114.0,73,3217,6606.0,1,6608.0,1,6660.0,20,6662.0,1,6724.0,11,6730.0,18,6740.0,200,6750.0,100,6760.0,220,6780.0,200,6716.0
SF408,,13:45:30.750#,6622.0,6760.0,6622.0,7178.0,6114.0,73,3217,6606.0,1,6608.0,1,6660.0,20,6662.0,1,6724.0,10,6730.0,18,6740.0,200,6750.0,100,6760.0,220,6780.0,200,6716.0
SF408,,13:46:35.500#,6622.0,6760.0,6622.0,7178.0,6114.0,73,3217,6606.0,1,6608.0,1,6660.0,20,6662.0,1,6724.0,11,6730.0,18,6740.0,200,6750.0,100,6760.0,220,6780.0,200,6716.0
SF408,,13:46:35.750#,6622.0,6760.0,6622.0,7178.0,6114.0,73,3217,6606.0,1,6608.0,1,6660.0,20,6662.0,1,6724.0,12,6730.0,18,6740.0,200,6750.0,100,6760.0,220,6780.0,200,6716.0
SF408,,13:46:36.500#,6622.0,6760.0,6622.0,7178.0,6114.0,73,3217,6606.0,1,6608.0,1,6660.0,20,6662.0,1,6724.0,10,6730.0,18,6740.0,200,6750.0,100,6760.0,220,6780.0,200,6716.0
SF408,,13:46:48.0#,6622.0,6760.0,6622.0,7178.0,6114.0,73,3217,6606.0,1,6608.0,1,6660.0,20,6662.0,1,6722.0,20,6730.0,46,6740.0,200,6750.0,100,6760.0,220,6780.0,200,6716.0
SF408,,13:46:48.250#,6622.0,6760.0,6622.0,7178.0,6114.0,73,3217,6606.0,1,6608.0,1,6660.0,20,6662.0,1,6722.0,20,6730.0,47,6740.0,200,6750.0,100,6760.0,220,6780.0,200,6716.0
SF408,,13:46:48.500#,6622.0,6760.0,6622.0,7178.0,6114.0,73,3217,6606.0,1,6608.0,1,6660.0,20,6662.0,1,6722.0,20,6730.0,50,6740.0,200,6750.0,100,6760.0,220,6780.0,200,6716.0
SF408,,13:46:48.750#,6622.0,6760.0,6622.0,7178.0,6114.0,73,3217,6606.0,1,6608.0,1,6660.0,20,6662.0,1,6722.0,15,6730.0,57,6740.0,200,6750.0,100,6760.0,220,6780.0,200,6716.0
SF408,,13:46:50.250#,6622.0,6760.0,6622.0,7178.0,6114.0,73,3217,6606.0,1,6608.0,1,6660.0,20,6662.0,1,6722.0,10,6730.0,57,6740.0,200,6750.0,100,6760.0,220,6780.0,200,6716.0
SF408,,13:46:51.0#,6622.0,6760.0,6622.0,7178.0,6114.0,73,3217,6606.0,1,6608.0,1,6660.0,20,6662.0,1,6722.0,10,6730.0,53,6740.0,200,6750.0,100,6760.0,220,6780.0,200,6716.0
SF408,,13:46:53.0#,6622.0,6760.0,6622.0,7178.0,6114.0,73,3217,6606.0,1,6608.0,1,6660.0,20,6662.0,1,6722.0,10,6730.0,42,6740.0,200,6750.0,100,6760.0,220,6780.0,200,6716.0
SF408,,13:46:54.750#,6622.0,6760.0,6622.0,7178.0,6114.0,73,3217,6606.0,1,6608.0,1,6660.0,20,6662.0,1,6722.0,10,6730.0,44,6740.0,200,6750.0,100,6760.0,220,6780.0,200,6716.0
SF408,,13:46:55.0#,6622.0,6760.0,6622.0,7178.0,6114.0,73,3217,6606.0,1,6608.0,1,6660.0,20,6662.0,1,6722.0,9,6730.0,45,6740.0,200,6750.0,100,6760.0,220,6780.0,200,6716.0
SF408,,13:46:55.750#,6622.0,6760.0,6622.0,7178.0,6114.0,73,3217,6606.0,1,6608.0,1,6660.0,20,6662.0,1,6722.0,5,6730.0,48,6740.0,200,6750.0,100,6760.0,220,6780.0,200,6716.0
SF408,,13:46:56.0#,6622.0,6760.0,6622.0,7178.0,6114.0,73,3217,6606.0,1,6608.0,1,6660.0,20,6662.0,1,6720.0,20,6730.0,48,6740.0,200,6750.0,100,6760.0,220,6780.0,200,6716.0
SF408,,13:46:56.500#,6622.0,6760.0,6622.0,7178.0,6114.0,73,3217,6606.0,1,6608.0,1,6660.0,20,6662.0,1,6720.0,20,6728.0,5,6730.0,18,6740.0,200,6750.0,100,6760.0,220,6716.0
SF408,,13:46:56.750#,6622.0,6760.0,6622.0,7178.0,6114.0,73,3217,6606.0,1,6608.0,1,6660.0,20,6662.0,1,6720.0,20,6728.0,14,6730.0,18,6740.0,200,6750.0,100,6760.0,220,6716.0
SF408,,13:46:57.0#,6622.0,6760.0,6622.0,7178.0,6114.0,73,3217,6606.0,1,6608.0,1,6660.0,20,6662.0,1,6720.0,20,6728.0,22,6730.0,18,6740.0,200,6750.0,100,6760.0,220,6716.0
SF408,,13:46:57.250#,6622.0,6760.0,6622.0,7178.0,6114.0,73,3217,6606.0,1,6608.0,1,6660.0,20,6662.0,1,6720.0,20,6728.0,30,6730.0,18,6740.0,200,6750.0,100,6760.0,220,6716.0
SF408,,13:46:57.500#,6622.0,6760.0,6622.0,7178.0,6114.0,73,3217,6606.0,1,6608.0,1,6660.0,20,6662.0,1,6720.0,20,6728.0,35,6730.0,18,6740.0,200,6750.0,100,6760.0,220,6716.0
SF408,,13:47:01.750#,6622.0,6760.0,6622.0,7178.0,6114.0,73,3217,6606.0,1,6608.0,1,6660.0,20,6662.0,1,6720.0,20,6728.0,34,6730.0,18,6740.0,200,6750.0,100,6760.0,220,6716.0
SF408,,13:47:02.250#,6622.0,6760.0,6622.0,7178.0,6114.0,73,3217,6606.0,1,6608.0,1,6660.0,20,6662.0,1,6720.0,20,6728.0,35,6730.0,18,6740.0,200,6750.0,100,6760.0,220,6716.0
SF408,,13:47:02.500#,6622.0,6760.0,6622.0,7178.0,6114.0,73,3217,6606.0,1,6608.0,1,6660.0,20,6662.0,1,6720.0,19,6728.0,35,6730.0,18,6740.0,200,6750.0,100,6760.0,220,6716.0
SF408,,13:47:03.0#,6622.0,6760.0,6622.0,7178.0,6114.0,73,3217,6606.0,1,6608.0,1,6660.0,20,6662.0,1,6720.0,19,6728.0,34,6730.0,18,6740.0,200,6750.0,100,6760.0,220,6716.0
SF408,,13:47:04.750#,6622.0,6760.0,6622.0,7178.0,6114.0,73,3217,6606.0,1,6608.0,1,6660.0,20,6662.0,1,6720.0,19,6728.0,35,6730.0,18,6740.0,200,6750.0,100,6760.0,220,6716.0
SF408,,13:47:06.250#,6622.0,6760.0,6622.0,7178.0,6114.0,73,3217,6606.0,1,6608.0,1,6660.0,20,6662.0,1,6720.0,20,6728.0,35,6730.0,18,6740.0,200,6750.0,100,6760.0,220,6716.0
SF408,,13:47:06.750#,6622.0,6760.0,6622.0,7178.0,6114.0,73,3217,6606.0,1,6608.0,1,6660.0,20,6662.0,1,6720.0,20,6728.0,37,6730.0,18,6740.0,200,6750.0,100,6760.0,220,6716.0
SF408,,13:47:07.0#,6622.0,6760.0,6622.0,7178.0,6114.0,73,3217,6606.0,1,6608.0,1,6660.0,20,6662.0,1,6720.0,20,6728.0,36,6730.0,18,6740.0,200,6750.0,100,6760.0,220,6716.0
SF408,,13:47:07.500#,6622.0,6760.0,6622.0,7178.0,6114.0,73,3217,6606.0,1,6608.0,1,6660.0,20,6662.0,1,6720.0,10,6728.0,36,6730.0,18,6740.0,200,6750.0,100,6760.0,220,6716.0
SF408,,13:47:09.0#,6622.0,6760.0,6622.0,7178.0,6114.0,73,3217,6606.0,1,6608.0,1,6660.0,20,6662.0,1,6720.0,10,6728.0,37,6730.0,18,6740.0,200,6750.0,100,6760.0,220,6716.0
SF408,,13:47:10.250#,6622.0,6760.0,6622.0,7178.0,6114.0,73,3217,6606.0,1,6608.0,1,6660.0,20,6662.0,1,6720.0,10,6728.0,38,6730.0,18,6740.0,200,6750.0,100,6760.0,220,6716.0
SF408,,13:47:10.500#,6622.0,6760.0,6622.0,7178.0,6114.0,73,3217,6606.0,1,6608.0,1,6660.0,20,6662.0,1,6720.0,10,6728.0,39,6730.0,18,6740.0,200,6750.0,100,6760.0,220,6716.0
SF408,,13:47:23.750#,6622.0,6760.0,6622.0,7178.0,6114.0,73,3217,6606.0,1,6608.0,1,6660.0,20,6662.0,1,6720.0,13,6728.0,39,6730.0,18,6740.0,200,6750.0,100,6760.0,220,6716.0
SF408,,13:47:24.0#,6622.0,6760.0,6622.0,7178.0,6114.0,73,3217,6606.0,1,6608.0,1,6660.0,20,6662.0,1,6720.0,18,6728.0,39,6730.0,18,6740.0,200,6750.0,100,6760.0,220,6716.0
SF408,,13:47:24.250#,6622.0,6760.0,6622.0,7178.0,6114.0,73,3217,6606.0,1,6608.0,1,6660.0,20,6662.0,1,6720.0,20,6728.0,39,6730.0,18,6740.0,200,6750.0,100,6760.0,220,6716.0
SF408,,13:47:31.500#,6622.0,6760.0,6622.0,7178.0,6114.0,73,3217,6606.0,1,6608.0,1,6660.0,20,6662.0,1,6720.0,19,6728.0,39,6730.0,18,6740.0,200,6750.0,100,6760.0,220,6716.0
SF408,,13:47:32.500#,6622.0,6760.0,6622.0,7178.0,6114.0,73,3217,6606.0,1,6608.0,1,6660.0,20,6662.0,1,6720.0,17,6728.0,39,6730.0,18,6740.0,200,6750.0,100,6760.0,220,6716.0
SF408,,13:47:32.750#,6622.0,6760.0,6622.0,7178.0,6114.0,73,3217,6606.0,1,6608.0,1,6660.0,20,6662.0,1,6720.0,16,6728.0,39,6730.0,18,6740.0,200,6750.0,100,6760.0,220,6716.0
SF408,,13:47:33.0#,6622.0,6760.0,6622.0,7178.0,6114.0,73,3217,6606.0,1,6608.0,1,6660.0,20,6662.0,1,6720.0,20,6728.0,39,6730.0,18,6740.0,200,6750.0,100,6760.0,220,6716.0
SF408,,13:47:34.500#,6622.0,6760.0,6622.0,7178.0,6114.0,73,3217,6606.0,1,6608.0,1,6660.0,20,6662.0,1,6720.0,19,6728.0,39,6730.0,18,6740.0,200,6750.0,100,6760.0,220,6716.0
SF408,,13:47:34.750#,6622.0,6760.0,6622.0,7178.0,6114.0,73,3217,6606.0,1,6608.0,1,6660.0,20,6662.0,1,6720.0,15,6728.0,39,6730.0,18,6740.0,200,6750.0,100,6760.0,220,6716.0
SF408,,13:47:35.750#,6622.0,6760.0,6622.0,7178.0,6114.0,73,3217,6606.0,1,6608.0,1,6660.0,20,6662.0,1,6720.0,14,6728.0,39,6730.0,18,6740.0,200,6750.0,100,6760.0,220,6716.0
SF408,,13:47:36.0#,6622.0,6760.0,6622.0,7178.0,6114.0,73,3217,6606.0,1,6608.0,1,6660.0,20,6662.0,1,6720.0,19,6728.0,39,6730.0,18,6740.0,200,6750.0,100,6760.0,220,6716.0
SF408,,13:47:37.0#,6622.0,6760.0,6622.0,7178.0,6114.0,73,3217,6606.0,1,6608.0,1,6660.0,20,6662.0,1,6720.0,18,6728.0,39,6730.0,18,6740.0,200,6750.0,100,6760.0,220,6716.0
SF408,,13:47:37.250#,6622.0,6760.0,6622.0,7178.0,6114.0,73,3217,6606.0,1,6608.0,1,6660.0,20,6662.0,1,6720.0,15,6728.0,39,6730.0,18,6740.0,200,6750.0,100,6760.0,220,6716.0
SF408,,13:47:37.500#,6622.0,6760.0,6622.0,7178.0,6114.0,73,3217,6606.0,1,6608.0,1,6660.0,20,6662.0,1,6720.0,11,6728.0,39,6730.0,18,6740.0,200,6750.0,100,6760.0,220,6716.0
SF408,,13:47:37.750#,6622.0,6760.0,6622.0,7178.0,6114.0,73,3217,6606.0,1,6608.0,1,6660.0,20,6662.0,1,6720.0,15,6728.0,39,6730.0,18,6740.0,200,6750.0,100,6760.0,220,6716.0
SF408,,13:47:38.250#,6622.0,6760.0,6622.0,7178.0,6114.0,73,3217,6606.0,1,6608.0,1,6660.0,20,6662.0,1,6720.0,16,6728.0,39,6730.0,18,6740.0,200,6750.0,100,6760.0,220,6716.0
SF408,,13:47:39.250#,6622.0,6760.0,6622.0,7178.0,6114.0,73,3217,6606.0,1,6608.0,1,6660.0,20,6662.0,1,6720.0,15,6728.0,39,6730.0,18,6740.0,200,6750.0,100,6760.0,220,6716.0
SF408,,13:47:39.750#,6622.0,6760.0,6622.0,7178.0,6114.0,73,3217,6606.0,1,6608.0,1,6660.0,20,6662.0,1,6720.0,16,6728.0,39,6730.0,18,6740.0,200,6750.0,100,6760.0,220,6716.0
SF408,,13:47:40.500#,6622.0,6760.0,6622.0,7178.0,6114.0,73,3217,6606.0,1,6608.0,1,6660.0,20,6662.0,1,6720.0,17,6728.0,39,6730.0,18,6740.0,200,6750.0,100,6760.0,220,6716.0
SF408,,13:47:41.250#,6622.0,6760.0,6622.0,7178.0,6114.0,73,3217,6606.0,1,6608.0,1,6660.0,20,6662.0,1,6720.0,15,6728.0,39,6730.0,18,6740.0,200,6750.0,100,6760.0,220,6716.0
SF408,,13:47:41.500#,6622.0,6760.0,6622.0,7178.0,6114.0,73,3217,6606.0,1,6608.0,1,6660.0,20,6662.0,1,6720.0,19,6728.0,39,6730.0,18,6740.0,200,6750.0,100,6760.0,220,6716.0
SF408,,13:47:42.0#,6622.0,6760.0,6622.0,7178.0,6114.0,73,3217,6606.0,1,6608.0,1,6660.0,20,6662.0,1,6720.0,20,6728.0,39,6730.0,18,6740.0,200,6750.0,100,6760.0,220,6716.0
SF408,,13:47:42.500#,6622.0,6760.0,6622.0,7178.0,6114.0,73,3217,6606.0,1,6608.0,1,6660.0,20,6662.0,1,6720.0,19,6728.0,39,6730.0,18,6740.0,200,6750.0,100,6760.0,220,6716.0
SF408,,13:47:42.750#,6622.0,6760.0,6622.0,7178.0,6114.0,73,3217,6606.0,1,6608.0,1,6660.0,20,6662.0,1,6720.0,18,6728.0,39,6730.0,18,6740.0,200,6750.0,100,6760.0,220,6716.0
SF408,,13:47:43.0#,6622.0,6760.0,6622.0,7178.0,6114.0,73,3217,6606.0,1,6608.0,1,6660.0,20,6662.0,1,6720.0,14,6728.0,39,6730.0,18,6740.0,200,6750.0,100,6760.0,220,6716.0
SF408,,13:47:43.250#,6622.0,6760.0,6622.0,7178.0,6114.0,73,3217,6606.0,1,6608.0,1,6660.0,20,6662.0,1,6720.0,12,6728.0,39,6730.0,18,6740.0,200,6750.0,100,6760.0,220,6716.0
SF408,,13:47:44.250#,6622.0,6760.0,6622.0,7178.0,6114.0,73,3217,6606.0,1,6608.0,1,6660.0,20,6662.0,1,6720.0,13,6728.0,39,6730.0,18,6740.0,200,6750.0,100,6760.0,220,6716.0
SF408,,13:47:44.500#,6622.0,6760.0,6622.0,7178.0,6114.0,73,3217,6606.0,1,6608.0,1,6660.0,20,6662.0,1,6720.0,11,6728.0,39,6730.0,18,6740.0,200,6750.0,100,6760.0,220,6716.0
SF408,,13:47:46.0#,6622.0,6760.0,6622.0,7178.0,6114.0,73,3217,6606.0,1,6608.0,1,6660.0,20,6662.0,1,6720.0,10,6728.0,39,6730.0,18,6740.0,200,6750.0,100,6760.0,220,6716.0
SF408,,13:47:47.750#,6622.0,6760.0,6622.0,7178.0,6114.0,73,3217,6606.0,1,6608.0,1,6660.0,20,6662.0,1,6720.0,5,6728.0,39,6730.0,18,6740.0,200,6750.0,100,6760.0,220,6716.0
SF408,,13:47:48.250#,6622.0,6760.0,6622.0,7178.0,6114.0,73,3217,6606.0,1,6608.0,1,6660.0,20,6662.0,1,6720.0,4,6728.0,39,6730.0,18,6740.0,200,6750.0,100,6760.0,220,6716.0
SF408,,13:47:48.750#,6622.0,6760.0,6622.0,7178.0,6114.0,73,3217,6606.0,1,6608.0,1,6660.0,20,6662.0,1,6720.0,4,6728.0,39,6730.0,18,6740.0,200,6750.0,100,6760.0,220,6716.0
SF408,,13:47:50.0#,6622.0,6760.0,6622.0,7178.0,6114.0,73,3217,6606.0,1,6608.0,1,6660.0,20,6662.0,1,6718.0,20,6726.0,36,6730.0,18,6740.0,200,6750.0,100,6760.0,220,6716.0
SF408,,13:47:50.250#,6622.0,6760.0,6622.0,7178.0,6114.0,73,3217,6606.0,1,6608.0,1,6660.0,20,6662.0,1,6718.0,20,6726.0,38,6730.0,18,6740.0,200,6750.0,100,6760.0,220,6716.0
SF408,,13:47:50.500#,6622.0,6760.0,6622.0,7178.0,6114.0,73,3217,6606.0,1,6608.0,1,6660.0,20,6662.0,1,6718.0,20,6726.0,39,6730.0,18,6740.0,200,6750.0,100,6760.0,220,6716.0
SF408,,13:48:00.0#,6622.0,6760.0,6622.0,7178.0,6114.0,73,3217,6606.0,1,6608.0,1,6660.0,20,6662.0,1,6718.0,19,6726.0,39,6730.0,18,6740.0,200,6750.0,100,6760.0,220,6716.0
SF408,,13:48:00.250#,6622.0,6760.0,6622.0,7178.0,6114.0,73,3217,6606.0,1,6608.0,1,6660.0,20,6662.0,1,6718.0,20,6726.0,39,6730.0,18,6740.0,200,6750.0,100,6760.0,220,6716.0
SF408,,13:48:01.0#,6622.0,6760.0,6622.0,7178.0,6114.0,73,3217,6606.0,1,6608.0,1,6660.0,20,6662.0,1,6718.0,19,6726.0,39,6730.0,18,6740.0,200,6750.0,100,6760.0,220,6716.0
SF408,,13:48:01.250#,6622.0,6760.0,6622.0,7178.0,6114.0,73,3217,6606.0,1,6608.0,1,6660.0,20,6662.0,1,6718.0,20,6726.0,39,6730.0,18,6740.0,200,6750.0,100,6760.0,220,6716.0
SF408,,13:48:03.750#,6622.0,6760.0,6622.0,7178.0,6114.0,73,3217,6606.0,1,6608.0,1,6660.0,20,6662.0,1,6718.0,18,6726.0,39,6730.0,18,6740.0,200,6750.0,100,6760.0,220,6716.0
SF408,,13:48:04.250#,6622.0,6760.0,6622.0,7178.0,6114.0,73,3217,6606.0,1,6608.0,1,6660.0,20,6662.0,1,6718.0,19,6726.0,39,6730.0,18,6740.0,200,6750.0,100,6760.0,220,6716.0
SF408,,13:48:05.250#,6622.0,6760.0,6622.0,7178.0,6114.0,73,3217,6606.0,1,6608.0,1,6660.0,20,6662.0,1,6718.0,12,6726.0,39,6730.0,18,6740.0,200,6750.0,100,6760.0,220,6716.0
SF408,,13:48:06.750#,6622.0,6760.0,6622.0,7178.0,6114.0,73,3217,6606.0,1,6608.0,1,6660.0,20,6662.0,1,6718.0,10,6726.0,39,6730.0,18,6740.0,200,6750.0,100,6760.0,220,6716.0
SF408,,13:48:10.750#,6622.0,6760.0,6622.0,7178.0,6114.0,73,3217,6606.0,1,6608.0,1,6660.0,20,6662.0,1,6708.0,12,6716.0,39,6730.0,18,6740.0,200,6750.0,100,6760.0,220,6716.0
SF408,,13:48:11.0#,6622.0,6760.0,6622.0,7178.0,6114.0,73,3217,6606.0,1,6608.0,1,6660.0,20,6662.0,1,6706.0,10,6714.0,7,6730.0,18,6740.0,200,6750.0,100,6760.0,220,6716.0
SF408,,13:48:11.250#,6622.0,6760.0,6622.0,7178.0,6114.0,73,3217,6606.0,1,6608.0,1,6660.0,20,6662.0,1,6706.0,20,6714.0,3,6730.0,18,6740.0,200,6750.0,100,6760.0,220,6716.0
SF408,,13:48:11.500#,6622.0,6760.0,6622.0,7178.0,6114.0,73,3217,6606.0,1,6608.0,1,6660.0,20,6662.0,1,6708.0,17,6716.0,39,6730.0,18,6740.0,200,6750.0,100,6760.0,220,6716.0
SF408,,13:48:11.750#,6622.0,6760.0,6622.0,7178.0,6114.0,73,3217,6606.0,1,6608.0,1,6660.0,20,6662.0,1,6708.0,20,6716.0,39,6730.0,18,6740.0,200,6750.0,100,6760.0,220,6716.0
SF408,,13:48:12.250#,6622.0,6760.0,6622.0,7178.0,6114.0,73,3217,6606.0,1,6608.0,1,6660.0,20,6662.0,1,6708.0,20,6716.0,39,6730.0,18,6740.0,200,6750.0,100,6760.0,220,6716.0
SF408,,13:48:14.750#,6622.0,6760.0,6622.0,7178.0,6114.0,73,3217,6606.0,1,6608.0,1,6660.0,20,6662.0,1,6708.0,20,6716.0,17,6730.0,18,6740.0,200,6750.0,100,6760.0,220,6716.0
SF408,,13:48:15.0#,6622.0,6760.0,6622.0,7178.0,6114.0,73,3217,6606.0,1,6608.0,1,6660.0,20,6662.0,1,6710.0,10,6718.0,2,6730.0,18,6740.0,200,6750.0,100,6760.0,220,6716.0
SF408,,13:48:15.250#,6622.0,6760.0,6622.0,7178.0,6114.0,73,3217,6606.0,1,6608.0,1,6660.0,20,6662.0,1,6712.0,20,6720.0,2,6730.0,18,6740.0,200,6750.0,100,6760.0,220,6716.0
SF408,,13:48:15.500#,6622.0,6760.0,6622.0,7178.0,6114.0,73,3217,6606.0,1,6608.0,1,6660.0,20,6662.0,1,6712.0,20,6720.0,1,6730.0,18,6740.0,200,6750.0,100,6760.0,220,6716.0
SF408,,13:48:15.750#,6622.0,6760.0,6622.0,7178.0,6114.0,73,3217,6606.0,1,6608.0,1,6660.0,20,6662.0,1,6712.0,20,6720.0,1,6730.0,18,6740.0,200,6750.0,100,6760.0,220,6716.0
SF408,,13:48:16.750#,6622.0,6760.0,6622.0,7178.0,6114.0,73,3217,6606.0,1,6608.0,1,6660.0,20,6662.0,1,6712.0,20,6720.0,1,6730.0,18,6740.0,200,6750.0,100,6760.0,220,6716.0
SF408,,13:48:21.750#,6622.0,6760.0,6622.0,7178.0,6114.0,73,3217,6606.0,1,6608.0,1,6660.0,20,6662.0,1,6712.0,20,6720.0,3,6730.0,18,6740.0,200,6750.0,100,6760.0,220,6716.0
SF408,,13:48:23.750#,6622.0,6760.0,6622.0,7178.0,6114.0,73,3217,6606.0,1,6608.0,1,6660.0,20,6662.0,1,6712.0,10,6718.0,7,6730.0,18,6740.0,200,6750.0,100,6760.0,220,6716.0
SF408,,13:48:24.0#,6622.0,6760.0,6622.0,7178.0,6114.0,73,3217,6606.0,1,6608.0,1,6660.0,20,6662.0,1,6712.0,10,6718.0,1,6730.0,18,6740.0,200,6750.0,100,6760.0,220,6716.0
SF408,,13:48:24.250#,6622.0,6760.0,6622.0,7178.0,6114.0,73,3217,6606.0,1,6608.0,1,6660.0,20,6662.0,1,6712.0,17,6720.0,3,6730.0,18,6740.0,200,6750.0,100,6760.0,220,6716.0
SF408,,13:48:24.500#,6622.0,6760.0,6622.0,7178.0,6114.0,73,3217,6606.0,1,6608.0,1,6660.0,20,6662.0,1,6712.0,20,6720.0,3,6730.0,18,6740.0,200,6750.0,100,6760.0,220,6716.0
SF408,,13:48:26.750#,6622.0,6760.0,6622.0,7178.0,6114.0,73,3217,6606.0,1,6608.0,1,6660.0,20,6662.0,1,6712.0,20,6720.0,4,6730.0,18,6740.0,200,6750.0,100,6760.0,220,6716.0
SF408,,13:48:27.750#,6622.0,6760.0,6622.0,7178.0,6114.0,73,3217,6606.0,1,6608.0,1,6660.0,20,6662.0,1,6712.0,20,6720.0,6,6730.0,18,6740.0,200,6750.0,100,6760.0,220,6716.0
SF408,,13:48:28.750#,6622.0,6760.0,6622.0,7178.0,6114.0,73,3217,6606.0,1,6608.0,1,6660.0,20,6662.0,1,6712.0,20,6720.0,12,6730.0,18,6740.0,200,6750.0,100,6760.0,220,6716.0
SF408,,13:48:29.750#,6622.0,6760.0,6622.0,7178.0,6114.0,73,3217,6606.0,1,6608.0,1,6660.0,20,6662.0,1,6712.0,10,6718.0,27,6730.0,18,6740.0,200,6750.0,100,6760.0,220,6716.0
SF408,,13:48:30.0#,6622.0,6760.0,6622.0,7178.0,6114.0,73,3217,6606.0,1,6608.0,1,6660.0,20,6662.0,1,6712.0,10,6718.0,28,6730.0,18,6740.0,200,6750.0,100,6760.0,220,6716.0
SF408,,13:48:30.250#,6622.0,6760.0,6622.0,7178.0,6114.0,73,3217,6606.0,1,6608.0,1,6660.0,20,6662.0,1,6712.0,10,6718.0,27,6730.0,18,6740.0,200,6750.0,100,6760.0,220,6716.0
SF408,,13:48:30.500#,6622.0,6760.0,6622.0,7178.0,6114.0,73,3217,6606.0,1,6608.0,1,6660.0,20,6662.0,1,6712.0,10,6718.0,23,6730.0,18,6740.0,200,6750.0,100,6760.0,220,6716.0
SF408,,13:48:31.0#,6622.0,6760.0,6622.0,7178.0,6114.0,73,3217,6606.0,1,6608.0,1,6660.0,20,6662.0,1,6712.0,10,6718.0,33,6730.0,18,6740.0,200,6750.0,100,6760.0,220,6716.0
SF408,,13:48:31.250#,6622.0,6760.0,6622.0,7178.0,6114.0,73,3217,6606.0,1,6608.0,1,6660.0,20,6662.0,1,6712.0,10,6718.0,34,6730.0,18,6740.0,200,6750.0,100,6760.0,220,6716.0
SF408,,13:48:32.0#,6622.0,6760.0,6622.0,7178.0,6114.0,73,3217,6606.0,1,6608.0,1,6660.0,20,6662.0,1,6712.0,10,6718.0,13,6730.0,18,6740.0,200,6750.0,100,6760.0,220,6716.0
SF408,,13:48:32.250#,6622.0,6760.0,6622.0,7178.0,6114.0,73,3217,6606.0,1,6608.0,1,6660.0,20,6662.0,1,6712.0,10,6718.0,1,6730.0,18,6740.0,200,6750.0,100,6760.0,220,6716.0
SF408,,13:48:32.500#,6622.0,6760.0,6622.0,7178.0,6114.0,73,3217,6606.0,1,6608.0,1,6660.0,20,6662.0,1,6712.0,14,6720.0,15,6730.0,18,6740.0,200,6750.0,100,6760.0,220,6716.0
SF408,,13:48:32.750#,6622.0,6760.0,6622.0,7178.0,6114.0,73,3217,6606.0,1,6608.0,1,6660.0,20,6662.0,1,6712.0,20,6720.0,15,6730.0,18,6740.0,200,6750.0,100,6760.0,220,6716.0
SF408,,13:48:33.500#,6622.0,6760.0,6622.0,7178.0,6114.0,73,3217,6606.0,1,6608.0,1,6660.0,20,6662.0,1,6712.0,20,6720.0,16,6730.0,18,6740.0,200,6750.0,100,6760.0,220,6716.0
SF408,,13:48:35.500#,6622.0,6760.0,6622.0,7178.0,6114.0,73,3217,6606.0,1,6608.0,1,6660.0,20,6662.0,1,6712.0,20,6720.0,13,6730.0,18,6740.0,200,6750.0,100,6760.0,220,6716.0
SF408,,13:48:35.750#,6622.0,6760.0,6622.0,7178.0,6114.0,73,3217,6606.0,1,6608.0,1,6660.0,20,6662.0,1,6712.0,20,6720.0,15,6730.0,18,6740.0,200,6750.0,100,6760.0,220,6716.0
SF408,,13:48:36.500#,6622.0,6760.0,6622.0,7178.0,6114.0,73,3217,6606.0,1,6608.0,1,6660.0,20,6662.0,1,6712.0,20,6720.0,16,6730.0,18,6740.0,200,6750.0,100,6760.0,220,6716.0
SF408,,13:48:39.750#,6622.0,6760.0,6622.0,7178.0,6114.0,73,3217,6606.0,1,6608.0,1,6660.0,20,6662.0,1,6712.0,20,6720.0,17,6730.0,18,6740.0,200,6750.0,100,6760.0,220,6716.0
SF408,,13:48:41.250#,6622.0,6760.0,6622.0,7178.0,6114.0,73,3217,6606.0,1,6608.0,1,6660.0,20,6662.0,1,6712.0,20,6720.0,16,6730.0,18,6740.0,200,6750.0,100,6760.0,220,6716.0
SF408,,13:48:41.500#,6622.0,6760.0,6622.0,7178.0,6114.0,73,3217,6606.0,1,6608.0,1,6660.0,20,6662.0,1,6714.0,1,6720.0,15,6730.0,18,6740.0,200,6750.0,100,6760.0,220,6716.0
SF408,,13:48:41.750#,6622.0,6760.0,6622.0,7178.0,6114.0,73,3217,6606.0,1,6608.0,1,6660.0,20,6662.0,1,6714.0,2,6720.0,15,6730.0,18,6740.0,200,6750.0,100,6760.0,220,6716.0
SF408,,13:48:42.250#,6622.0,6760.0,6622.0,7178.0,6114.0,73,3217,6606.0,1,6608.0,1,6660.0,20,6662.0,1,6714.0,3,6720.0,15,6730.0,18,6740.0,200,6750.0,100,6760.0,220,6716.0
SF408,,13:48:42.500#,6622.0,6760.0,6622.0,7178.0,6114.0,73,3217,6606.0,1,6608.0,1,6660.0,20,6662.0,1,6714.0,3,6720.0,14,6730.0,18,6740.0,200,6750.0,100,6760.0,220,6716.0
SF408,,13:48:42.750#,6622.0,6760.0,6622.0,7178.0,6114.0,73,3217,6606.0,1,6608.0,1,6660.0,20,6662.0,1,6714.0,5,6720.0,14,6730.0,18,6740.0,200,6750.0,100,6760.0,220,6716.0
SF408,,13:48:44.0#,6622.0,6760.0,6622.0,7178.0,6114.0,73,3217,6606.0,1,6608.0,1,6660.0,20,6662.0,1,6714.0,5,6720.0,9,6730.0,18,6740.0,200,6750.0,100,6760.0,220,6716.0
SF408,,13:48:44.250#,6622.0,6760.0,6622.0,7178.0,6114.0,73,3217,6606.0,1,6608.0,1,6660.0,20,6662.0,1,6714.0,5,6722.0,11,6730.0,18,6740.0,200,6750.0,100,6760.0,220,6716.0
SF408,,13:48:44.500#,6622.0,6760.0,6622.0,7178.0,6114.0,73,3217,6606.0,1,6608.0,1,6660.0,20,6662.0,1,6714.0,18,6722.0,11,6730.0,18,6740.0,200,6750.0,100,6760.0,220,6716.0
SF408,,13:48:44.750#,6622.0,6760.0,6622.0,7178.0,6114.0,73,3217,6606.0,1,6608.0,1,6660.0,20,6662.0,1,6714.0,20,6722.0,13,6730.0,18,6740.0,200,6750.0,100,6760.0,220,6716.0
SF408,,13:48:47.750#,6622.0,6760.0,6622.0,7178.0,6114.0,73,3217,6606.0,1,6608.0,1,6660.0,20,6662.0,1,6714.0,20,6722.0,23,6730.0,18,6740.0,200,6750.0,100,6760.0,220,6716.0
SF408,,13:48:48.500#,6622.0,6760.0,6622.0,7178.0,6114.0,73,3217,6606.0,1,6608.0,1,6660.0,20,6662.0,1,6714.0,20,6722.0,24,6730.0,18,6740.0,200,6750.0,100,6760.0,220,6716.0
SF408,,13:48:50.0#,6622.0,6760.0,6622.0,7178.0,6114.0,73,3217,6606.0,1,6608.0,1,6660.0,20,6662.0,1,6710.0,5,6720.0,13,6730.0,18,6740.0,200,6750.0,100,6760.0,220,6716.0
SF408,,13:48:50.250#,6622.0,6760.0,6622.0,7178.0,6114.0,73,3217,6606.0,1,6608.0,1,6660.0,20,6662.0,1,6710.0,9,6720.0,13,6730.0,18,6740.0,200,6750.0,100,6760.0,220,6716.0
SF408,,13:48:50.500#,6622.0,6760.0,6622.0,7178.0,6114.0,73,3217,6606.0,1,6608.0,1,6660.0,20,6662.0,1,6710.0,19,6720.0,13,6730.0,18,6740.0,200,6750.0,100,6760.0,220,6716.0
SF408,,13:48:50.750#,6622.0,6760.0,6622.0,7178.0,6114.0,73,3217,6606.0,1,6608.0,1,6660.0,20,6662.0,1,6710.0,19,6720.0,14,6730.0,18,6740.0,200,6750.0,100,6760.0,220,6716.0
SF408,,13:48:51.250#,6622.0,6760.0,6622.0,7178.0,6114.0,73,3217,6606.0,1,6608.0,1,6660.0,20,6662.0,1,6710.0,10,6716.0,1,6730.0,18,6740.0,200,6750.0,100,6760.0,220,6716.0
SF408,,13:48:51.500#,6622.0,6760.0,6622.0,7178.0,6114.0,73,3217,6606.0,1,6608.0,1,6660.0,20,6662.0,1,6708.0,20,6716.0,1,6730.0,18,6740.0,200,6750.0,100,6760.0,220,6716.0
SF408,,13:48:51.750#,6622.0,6760.0,6622.0,7178.0,6114.0,73,3217,6606.0,1,6608.0,1,6660.0,20,6662.0,1,6708.0,20,6716.0,3,6730.0,18,6740.0,200,6750.0,100,6760.0,220,6716.0
SF408,,13:48:52.750#,6622.0,6760.0,6622.0,7178.0,6114.0,73,3217,6606.0,1,6608.0,1,6660.0,20,6662.0,1,6708.0,20,6716.0,26,6730.0,18,6740.0,200,6750.0,100,6760.0,220,6716.0
SF408,,13:48:54.0#,6622.0,6760.0,6622.0,7178.0,6114.0,73,3217,6606.0,1,6608.0,1,6660.0,20,6662.0,1,6708.0,20,6716.0,25,6730.0,18,6740.0,200,6750.0,100,6760.0,220,6716.0
SF408,,13:48:54.250#,6622.0,6760.0,6622.0,7178.0,6114.0,73,3217,6606.0,1,6608.0,1,6660.0,20,6662.0,1,6708.0,20,6716.0,23,6730.0,18,6740.0,200,6750.0,100,6760.0,220,6716.0
SF408,,13:48:54.500#,6622.0,6760.0,6622.0,7178.0,6114.0,73,3217,6606.0,1,6608.0,1,6660.0,20,6662.0,1,6708.0,20,6716.0,18,6730.0,18,6740.0,200,6750.0,100,6760.0,220,6716.0
SF408,,13:48:54.750#,6622.0,6760.0,6622.0,7178.0,6114.0,73,3217,6606.0,1,6608.0,1,6660.0,20,6662.0,1,6708.0,20,6716.0,17,6730.0,18,6740.0,200,6750.0,100,6760.0,220,6716.0
SF408,,13:48:55.250#,6622.0,6760.0,6622.0,7178.0,6114.0,73,3217,6606.0,1,6608.0,1,6660.0,20,6662.0,1,6708.0,20,6716.0,12,6730.0,18,6740.0,200,6750.0,100,6760.0,220,6716.0
SF408,,13:48:56.0#,6622.0,6760.0,6622.0,7178.0,6114.0,73,3217,6606.0,1,6608.0,1,6660.0,20,6662.0,1,6708.0,20,6716.0,11,6730.0,18,6740.0,200,6750.0,100,6760.0,220,6716.0
SF408,,13:48:59.750#,6622.0,6760.0,6622.0,7178.0,6114.0,73,3217,6606.0,1,6608.0,1,6660.0,20,6662.0,1,6708.0,10,6714.0,28,6730.0,18,6740.0,200,6750.0,100,6760.0,220,6716.0
SF408,,13:49:00.0#,6622.0,6760.0,6622.0,7178.0,6114.0,73,3217,6606.0,1,6608.0,1,6660.0,20,6662.0,1,6708.0,2,6714.0,28,6730.0,18,6740.0,200,6750.0,100,6760.0,220,6716.0
SF408,,13:49:00.250#,6622.0,6760.0,6622.0,7178.0,6114.0,73,3217,6606.0,1,6608.0,1,6660.0,20,6662.0,1,6706.0,15,6714.0,28,6730.0,18,6740.0,200,6750.0,100,6760.0,220,6716.0
SF408,,13:49:00.500#,6622.0,6760.0,6622.0,7178.0,6114.0,73,3217,6606.0,1,6608.0,1,6660.0,20,6662.0,1,6706.0,10,6714.0,27,6730.0,18,6740.0,200,6750.0,100,6760.0,220,6716.0
SF408,,13:49:00.750#,6622.0,6760.0,6622.0,7178.0,6114.0,73,3217,6606.0,1,6608.0,1,6660.0,20,6662.0,1,6706.0,1,6714.0,26,6730.0,18,6740.0,200,6750.0,100,6760.0,220,6716.0
SF408,,13:49:01.0#,6622.0,6760.0,6622.0,7178.0,6114.0,73,3217,6606.0,1,6608.0,1,6660.0,20,6662.0,1,6706.0,10,6714.0,18,6730.0,18,6740.0,200,6750.0,100,6760.0,220,6716.0
SF408,,13:49:01.250#,6622.0,6760.0,6622.0,7178.0,6114.0,73,3217,6606.0,1,6608.0,1,6660.0,20,6662.0,1,6704.0,20,6714.0,16,6730.0,18,6740.0,200,6750.0,100,6760.0,220,6716.0
SF408,,13:49:01.500#,6622.0,6760.0,6622.0,7178.0,6114.0,73,3217,6606.0,1,6608.0,1,6660.0,20,6662.0,1,6706.0,15,6714.0,16,6730.0,18,6740.0,200,6750.0,100,6760.0,220,6716.0
SF408,,13:49:01.750#,6622.0,6760.0,6622.0,7178.0,6114.0,73,3217,6606.0,1,6608.0,1,6660.0,20,6662.0,1,6706.0,20,6716.0,12,6730.0,18,6740.0,200,6750.0,100,6760.0,220,6716.0
SF408,,13:49:02.250#,6622.0,6760.0,6622.0,7178.0,6114.0,73,3217,6606.0,1,6608.0,1,6660.0,20,6662.0,1,6706.0,20,6716.0,36,6730.0,18,6740.0,200,6750.0,100,6760.0,220,6716.0
SF408,,13:49:02.500#,6622.0,6760.0,6622.0,7178.0,6114.0,73,3217,6606.0,1,6608.0,1,6660.0,20,6662.0,1,6706.0,20,6716.0,39,6730.0,18,6740.0,200,6750.0,100,6760.0,220,6716.0
SF408,,13:49:03.750#,6622.0,6760.0,6622.0,7178.0,6114.0,73,3217,6606.0,1,6608.0,1,6660.0,20,6662.0,1,6706.0,20,6714.0,1,6730.0,18,6740.0,200,6750.0,100,6760.0,220,6716.0
SF408,,13:49:04.250#,6622.0,6760.0,6622.0,7178.0,6114.0,73,3217,6606.0,1,6608.0,1,6660.0,20,6662.0,1,6706.0,20,6714.0,9,6730.0,18,6740.0,200,6750.0,100,6760.0,220,6716.0
SF408,,13:49:04.500#,6622.0,6760.0,6622.0,7178.0,6114.0,73,3217,6606.0,1,6608.0,1,6660.0,20,6662.0,1,6706.0,20,6714.0,24,6730.0,18,6740.0,200,6750.0,100,6760.0,220,6716.0
SF408,,13:49:04.750#,6622.0,6760.0,6622.0,7178.0,6114.0,73,3217,6606.0,1,6608.0,1,6660.0,20,6662.0,1,6706.0,20,6714.0,28,6730.0,18,6740.0,200,6750.0,100,6760.0,220,6716.0
SF408,,13:49:05.0#,6622.0,6760.0,6622.0,7178.0,6114.0,73,3217,6606.0,1,6608.0,1,6660.0,20,6662.0,1,6706.0,20,6714.0,29,6730.0,18,6740.0,200,6750.0,100,6760.0,220,6716.0
SF408,,13:49:05.250#,6622.0,6760.0,6622.0,7178.0,6114.0,73,3217,6606.0,1,6608.0,1,6660.0,20,6662.0,1,6706.0,20,6714.0,39,6730.0,18,6740.0,200,6750.0,100,6760.0,220,6716.0
SF408,,13:49:06.500#,6622.0,6760.0,6622.0,7178.0,6114.0,73,3217,6606.0,1,6608.0,1,6660.0,20,6662.0,1,6706.0,19,6714.0,39,6730.0,18,6740.0,200,6750.0,100,6760.0,220,6716.0
SF408,,13:49:07.250#,6622.0,6760.0,6622.0,7178.0,6114.0,73,3217,6606.0,1,6608.0,1,6660.0,20,6662.0,1,6706.0,18,6714.0,39,6730.0,18,6740.0,200,6750.0,100,6760.0,220,6716.0
SF408,,13:49:07.750#,6622.0,6760.0,6622.0,7178.0,6114.0,73,3217,6606.0,1,6608.0,1,6660.0,20,6662.0,1,6706.0,20,6714.0,39,6730.0,18,6740.0,200,6750.0,100,6760.0,220,6716.0
SF408,,13:49:09.250#,6622.0,6760.0,6622.0,7178.0,6114.0,73,3217,6606.0,1,6608.0,1,6660.0,20,6662.0,1,6706.0,10,6712.0,28,6730.0,18,6740.0,200,6750.0,100,6760.0,220,6716.0
SF408,,13:49:09.500#,6622.0,6760.0,6622.0,7178.0,6114.0,73,3217,6606.0,1,6608.0,1,6660.0,20,6662.0,1,6706.0,10,6712.0,27,6730.0,18,6740.0,200,6750.0,100,6760.0,220,6716.0
SF408,,13:49:09.750#,6622.0,6760.0,6622.0,7178.0,6114.0,73,3217,6606.0,1,6608.0,1,6660.0,20,6662.0,1,6706.0,7,6712.0,29,6730.0,18,6740.0,200,6750.0,100,6760.0,220,6716.0
SF408,,13:49:10.0#,6622.0,6760.0,6622.0,7178.0,6114.0,73,3217,6606.0,1,6608.0,1,6660.0,20,6662.0,1,6706.0,7,6712.0,39,6730.0,18,6740.0,200,6750.0,100,6760.0,220,6716.0
SF408,,13:49:11.250#,6622.0,6760.0,6622.0,7178.0,6114.0,73,3217,6606.0,1,6608.0,1,6660.0,20,6662.0,1,6706.0,1,6712.0,39,6730.0,18,6740.0,200,6750.0,100,6760.0,220,6716.0
SF408,,13:49:11.500#,6622.0,6760.0,6622.0,7178.0,6114.0,73,3217,6606.0,1,6608.0,1,6660.0,20,6662.0,1,6704.0,20,6712.0,39,6730.0,18,6740.0,200,6750.0,100,6760.0,220,6716.0
SF408,,13:49:16.0#,6622.0,6760.0,6622.0,7178.0,6114.0,73,3217,6606.0,1,6608.0,1,6660.0,20,6662.0,1,6706.0,1,6712.0,39,6730.0,18,6740.0,200,6750.0,100,6760.0,220,6716.0
SF408,,13:49:16.500#,6622.0,6760.0,6622.0,7178.0,6114.0,73,3217,6606.0,1,6608.0,1,6660.0,20,6662.0,1,6704.0,20,6712.0,39,6730.0,18,6740.0,200,6750.0,100,6760.0,220,6716.0
SF408,,13:49:17.0#,6622.0,6760.0,6622.0,7178.0,6114.0,73,3217,6606.0,1,6608.0,1,6660.0,20,6662.0,1,6706.0,1,6712.0,39,6730.0,18,6740.0,200,6750.0,100,6760.0,220,6716.0
SF408,,13:49:18.500#,6622.0,6760.0,6622.0,7178.0,6114.0,73,3217,6606.0,1,6608.0,1,6660.0,20,6662.0,1,6704.0,20,6712.0,39,6730.0,18,6740.0,200,6750.0,100,6760.0,220,6716.0
SF408,,13:49:20.750#,6622.0,6760.0,6622.0,7178.0,6114.0,73,3217,6606.0,1,6608.0,1,6660.0,20,6662.0,1,6706.0,1,6712.0,39,6730.0,18,6740.0,200,6750.0,100,6760.0,220,6716.0
SF408,,13:49:21.0#,6622.0,6760.0,6622.0,7178.0,6114.0,73,3217,6606.0,1,6608.0,1,6660.0,20,6662.0,1,6706.0,3,6714.0,7,6730.0,18,6740.0,200,6750.0,100,6760.0,220,6716.0
SF408,,13:49:21.250#,6622.0,6760.0,6622.0,7178.0,6114.0,73,3217,6606.0,1,6608.0,1,6660.0,20,6662.0,1,6706.0,10,6712.0,2,6730.0,18,6740.0,200,6750.0,100,6760.0,220,6716.0
SF408,,13:49:21.500#,6622.0,6760.0,6622.0,7178.0,6114.0,73,3217,6606.0,1,6608.0,1,6660.0,20,6662.0,1,6706.0,6,6714.0,8,6730.0,18,6740.0,200,6750.0,100,6760.0,220,6716.0
SF408,,13:49:21.750#,6622.0,6760.0,6622.0,7178.0,6114.0,73,3217,6606.0,1,6608.0,1,6660.0,20,6662.0,1,6706.0,20,6714.0,8,6730.0,18,6740.0,200,6750.0,100,6760.0,220,6716.0
SF408,,13:49:22.500#,6622.0,6760.0,6622.0,7178.0,6114.0,73,3217,6606.0,1,6608.0,1,6660.0,20,6662.0,1,6706.0,19,6714.0,8,6730.0,18,6740.0,200,6750.0,100,6760.0,220,6716.0
SF408,,13:49:24.0#,6622.0,6760.0,6622.0,7178.0,6114.0,73,3217,6606.0,1,6608.0,1,6660.0,20,6662.0,1,6706.0,20,6714.0,8,6730.0,18,6740.0,200,6750.0,100,6760.0,220,6716.0
SF408,,13:49:24.250#,6622.0,6760.0,6622.0,7178.0,6114.0,73,3217,6606.0,1,6608.0,1,6660.0,20,6662.0,1,6708.0,1,6714.0,5,6730.0,18,6740.0,200,6750.0,100,6760.0,220,6716.0
SF408,,13:49:24.500#,6622.0,6760.0,6622.0,7178.0,6114.0,73,3217,6606.0,1,6608.0,1,6660.0,20,6662.0,1,6708.0,5,6714.0,5,6730.0,18,6740.0,200,6750.0,100,6760.0,220,6716.0
SF408,,13:49:25.0#,6622.0,6760.0,6622.0,7178.0,6114.0,73,3217,6606.0,1,6608.0,1,6660.0,20,6662.0,1,6708.0,5,6716.0,12,6730.0,18,6740.0,200,6750.0,100,6760.0,220,6716.0
SF408,,13:49:25.250#,6622.0,6760.0,6622.0,7178.0,6114.0,73,3217,6606.0,1,6608.0,1,6660.0,20,6662.0,1,6708.0,4,6716.0,12,6730.0,18,6740.0,200,6750.0,100,6760.0,220,6716.0
SF408,,13:49:25.500#,6622.0,6760.0,6622.0,7178.0,6114.0,73,3217,6606.0,1,6608.0,1,6660.0,20,6662.0,1,6708.0,9,6716.0,12,6730.0,18,6740.0,200,6750.0,100,6760.0,220,6716.0
SF408,,13:49:25.750#,6622.0,6760.0,6622.0,7178.0,6114.0,73,3217,6606.0,1,6608.0,1,6660.0,20,6662.0,1,6708.0,9,6716.0,7,6730.0,18,6740.0,200,6750.0,100,6760.0,220,6716.0
SF408,,13:49:26.0#,6622.0,6760.0,6622.0,7178.0,6114.0,73,3217,6606.0,1,6608.0,1,6660.0,20,6662.0,1,6708.0,10,6716.0,7,6730.0,18,6740.0,200,6750.0,100,6760.0,220,6716.0
SF408,,13:49:26.250#,6622.0,6760.0,6622.0,7178.0,6114.0,73,3217,6606.0,1,6608.0,1,6660.0,20,6662.0,1,6708.0,10,6716.0,6,6730.0,18,6740.0,200,6750.0,100,6760.0,220,6716.0
SF408,,13:49:27.0#,6622.0,6760.0,6622.0,7178.0,6114.0,73,3217,6606.0,1,6608.0,1,6660.0,20,6662.0,1,6708.0,10,6716.0,5,6730.0,18,6740.0,200,6750.0,100,6760.0,220,6716.0
SF408,,13:49:28.250#,6622.0,6760.0,6622.0,7178.0,6114.0,73,3217,6606.0,1,6608.0,1,6660.0,20,6662.0,1,6708.0,18,6716.0,4,6730.0,18,6740.0,200,6750.0,100,6760.0,220,6716.0
SF408,,13:49:28.500#,6622.0,6760.0,6622.0,7178.0,6114.0,73,3217,6606.0,1,6608.0,1,6660.0,20,6662.0,1,6708.0,20,6716.0,5,6730.0,18,6740.0,200,6750.0,100,6760.0,220,6716.0
SF408,,13:49:28.750#,6622.0,6760.0,6622.0,7178.0,6114.0,73,3217,6606.0,1,6608.0,1,6660.0,20,6662.0,1,6710.0,4,6718.0,3,6730.0,18,6740.0,200,6750.0,100,6760.0,220,6716.0
SF408,,13:49:29.0#,6622.0,6760.0,6622.0,7178.0,6114.0,73,3217,6606.0,1,6608.0,1,6660.0,20,6662.0,1,6710.0,8,6716.0,1,6730.0,18,6740.0,200,6750.0,100,6760.0,220,6716.0
SF408,,13:49:29.250#,6622.0,6760.0,6622.0,7178.0,6114.0,73,3217,6606.0,1,6608.0,1,6660.0,20,6662.0,1,6710.0,7,6716.0,1,6730.0,18,6740.0,200,6750.0,100,6760.0,220,6716.0
