InstrumentId,ExchangeId,Datetime,OpenPrice,HighestPrice,LowestPrice,UpperLimitPrice,LowerLimitPrice,Volume,OpenInterest,BidPrice5,BidVolume5,BidPrice4,BidVolume4,BidPrice3,BidVolume3,BidPrice2,BidVolume2,BidPrice1,BidVolume1,AskPrice1,AskVolume1,AskPrice2,AskVolume2,AskPrice3,AskVolume3,AskPrice4,AskVolume4,AskPrice5,AskVolume5,LastPrice
SF409,,13:38:35.0#,6636.0,6776.0,6636.0,7192.0,6124.0,77393,138034,6732.0,10,6734.0,14,6736.0,17,6738.0,9,6740.0,36,6742.0,7,6744.0,16,6746.0,22,6748.0,25,6750.0,746,6742.0
SF409,,13:38:35.500#,6636.0,6776.0,6636.0,7192.0,6124.0,77393,138034,6732.0,10,6734.0,14,6736.0,17,6738.0,9,6740.0,36,6742.0,8,6744.0,16,6746.0,22,6748.0,25,6750.0,746,6742.0
SF409,,13:38:36.250#,6636.0,6776.0,6636.0,7192.0,6124.0,77403,138031,6732.0,10,6734.0,14,6736.0,17,6738.0,9,6740.0,26,6742.0,8,6744.0,16,6746.0,22,6748.0,25,6750.0,746,6740.0
SF409,,13:38:36.500#,6636.0,6776.0,6636.0,7192.0,6124.0,77403,138031,6732.0,10,6734.0,14,6736.0,16,6738.0,8,6740.0,37,6742.0,8,6744.0,16,6746.0,23,6748.0,25,6750.0,746,6740.0
SF409,,13:38:36.750#,6636.0,6776.0,6636.0,7192.0,6124.0,77403,138031,6732.0,10,6734.0,14,6736.0,16,6738.0,8,6740.0,37,6742.0,8,6744.0,16,6746.0,24,6748.0,25,6750.0,746,6740.0
SF409,,13:38:37.750#,6636.0,6776.0,6636.0,7192.0,6124.0,77408,138036,6732.0,10,6734.0,14,6736.0,16,6738.0,8,6740.0,32,6742.0,8,6744.0,16,6746.0,24,6748.0,25,6750.0,746,6740.0
SF409,,13:38:39.0#,6636.0,6776.0,6636.0,7192.0,6124.0,77408,138036,6732.0,10,6734.0,14,6736.0,15,6738.0,8,6740.0,29,6742.0,8,6744.0,16,6746.0,24,6748.0,25,6750.0,746,6740.0
SF409,,13:38:39.250#,6636.0,6776.0,6636.0,7192.0,6124.0,77408,138036,6732.0,10,6734.0,14,6736.0,15,6738.0,8,6740.0,30,6742.0,8,6744.0,16,6746.0,24,6748.0,25,6750.0,746,6740.0
SF409,,13:38:39.500#,6636.0,6776.0,6636.0,7192.0,6124.0,77408,138036,6732.0,10,6734.0,14,6736.0,15,6738.0,7,6740.0,30,6742.0,8,6744.0,16,6746.0,24,6748.0,25,6750.0,746,6740.0
SF409,,13:38:39.750#,6636.0,6776.0,6636.0,7192.0,6124.0,77408,138036,6732.0,11,6734.0,14,6736.0,15,6738.0,7,6740.0,30,6742.0,8,6744.0,16,6746.0,24,6748.0,25,6750.0,746,6740.0
SF409,,13:38:40.250#,6636.0,6776.0,6636.0,7192.0,6124.0,77410,138038,6732.0,11,6734.0,14,6736.0,15,6738.0,7,6740.0,30,6742.0,6,6744.0,16,6746.0,24,6748.0,25,6750.0,746,6742.0
SF409,,13:38:40.500#,6636.0,6776.0,6636.0,7192.0,6124.0,77411,138038,6732.0,11,6734.0,14,6736.0,15,6738.0,7,6740.0,30,6742.0,5,6744.0,16,6746.0,24,6748.0,25,6750.0,746,6742.0
SF409,,13:38:41.0#,6636.0,6776.0,6636.0,7192.0,6124.0,77411,138038,6732.0,11,6734.0,14,6736.0,15,6738.0,7,6740.0,30,6742.0,5,6744.0,16,6746.0,24,6748.0,25,6750.0,745,6742.0
SF409,,13:38:41.250#,6636.0,6776.0,6636.0,7192.0,6124.0,77411,138038,6732.0,11,6734.0,14,6736.0,15,6738.0,7,6740.0,30,6742.0,5,6744.0,16,6746.0,24,6748.0,25,6750.0,746,6742.0
SF409,,13:38:41.500#,6636.0,6776.0,6636.0,7192.0,6124.0,77411,138038,6732.0,11,6734.0,14,6736.0,15,6738.0,7,6740.0,30,6742.0,6,6744.0,16,6746.0,24,6748.0,25,6750.0,746,6742.0
SF409,,13:38:41.750#,6636.0,6776.0,6636.0,7192.0,6124.0,77411,138038,6732.0,11,6734.0,14,6736.0,15,6738.0,7,6740.0,30,6742.0,8,6744.0,16,6746.0,24,6748.0,25,6750.0,746,6742.0
SF409,,13:38:42.0#,6636.0,6776.0,6636.0,7192.0,6124.0,77412,138038,6732.0,11,6734.0,14,6736.0,15,6738.0,7,6740.0,32,6742.0,7,6744.0,16,6746.0,24,6748.0,25,6750.0,746,6742.0
SF409,,13:38:42.250#,6636.0,6776.0,6636.0,7192.0,6124.0,77414,138039,6732.0,11,6734.0,14,6736.0,15,6738.0,7,6740.0,32,6742.0,4,6744.0,16,6746.0,24,6748.0,25,6750.0,746,6742.0
SF409,,13:38:42.500#,6636.0,6776.0,6636.0,7192.0,6124.0,77414,138039,6732.0,11,6734.0,14,6736.0,15,6738.0,7,6740.0,32,6742.0,3,6744.0,16,6746.0,24,6748.0,25,6750.0,746,6742.0
SF409,,13:38:42.750#,6636.0,6776.0,6636.0,7192.0,6124.0,77414,138039,6732.0,11,6734.0,14,6736.0,15,6738.0,7,6740.0,32,6742.0,34,6744.0,16,6746.0,24,6748.0,25,6750.0,746,6742.0
SF409,,13:38:43.0#,6636.0,6776.0,6636.0,7192.0,6124.0,77435,138040,6732.0,11,6734.0,14,6736.0,15,6738.0,7,6740.0,26,6742.0,19,6744.0,16,6746.0,24,6748.0,25,6750.0,741,6742.0
SF409,,13:38:43.250#,6636.0,6776.0,6636.0,7192.0,6124.0,77436,138040,6732.0,11,6734.0,14,6736.0,15,6738.0,7,6740.0,25,6742.0,20,6744.0,16,6746.0,24,6748.0,25,6750.0,741,6740.0
SF409,,13:38:43.500#,6636.0,6776.0,6636.0,7192.0,6124.0,77438,138039,6732.0,11,6734.0,14,6736.0,15,6738.0,7,6740.0,23,6742.0,18,6744.0,16,6746.0,24,6748.0,27,6750.0,741,6742.0
SF409,,13:38:43.750#,6636.0,6776.0,6636.0,7192.0,6124.0,77440,138039,6732.0,11,6734.0,14,6736.0,15,6738.0,7,6740.0,23,6742.0,16,6744.0,16,6746.0,24,6748.0,27,6750.0,741,6742.0
SF409,,13:38:44.0#,6636.0,6776.0,6636.0,7192.0,6124.0,77440,138039,6732.0,11,6734.0,14,6736.0,15,6738.0,7,6740.0,23,6742.0,18,6744.0,16,6746.0,24,6748.0,27,6750.0,741,6742.0
SF409,,13:38:44.250#,6636.0,6776.0,6636.0,7192.0,6124.0,77441,138039,6732.0,11,6734.0,14,6736.0,15,6738.0,7,6740.0,22,6742.0,18,6744.0,16,6746.0,24,6748.0,27,6750.0,741,6740.0
SF409,,13:38:44.500#,6636.0,6776.0,6636.0,7192.0,6124.0,77442,138039,6732.0,11,6734.0,14,6736.0,15,6738.0,7,6740.0,21,6742.0,18,6744.0,16,6746.0,24,6748.0,27,6750.0,741,6740.0
SF409,,13:38:44.750#,6636.0,6776.0,6636.0,7192.0,6124.0,77442,138039,6732.0,11,6734.0,14,6736.0,15,6738.0,7,6740.0,21,6742.0,17,6744.0,16,6746.0,24,6748.0,27,6750.0,741,6740.0
SF409,,13:38:45.250#,6636.0,6776.0,6636.0,7192.0,6124.0,77442,138039,6732.0,11,6734.0,14,6736.0,15,6738.0,7,6740.0,21,6742.0,18,6744.0,16,6746.0,24,6748.0,27,6750.0,741,6740.0
SF409,,13:38:45.500#,6636.0,6776.0,6636.0,7192.0,6124.0,77443,138039,6732.0,11,6734.0,14,6736.0,15,6738.0,7,6740.0,21,6742.0,17,6744.0,16,6746.0,24,6748.0,27,6750.0,741,6742.0
SF409,,13:38:46.250#,6636.0,6776.0,6636.0,7192.0,6124.0,77444,138039,6732.0,11,6734.0,14,6736.0,15,6738.0,7,6740.0,20,6742.0,18,6744.0,16,6746.0,24,6748.0,27,6750.0,741,6740.0
SF409,,13:38:46.500#,6636.0,6776.0,6636.0,7192.0,6124.0,77448,138039,6732.0,11,6734.0,14,6736.0,15,6738.0,7,6740.0,21,6742.0,14,6744.0,16,6746.0,24,6748.0,27,6750.0,741,6742.0
SF409,,13:38:46.750#,6636.0,6776.0,6636.0,7192.0,6124.0,77448,138039,6732.0,11,6734.0,14,6736.0,15,6738.0,7,6740.0,21,6742.0,14,6744.0,16,6746.0,24,6748.0,27,6750.0,741,6742.0
SF409,,13:38:47.0#,6636.0,6776.0,6636.0,7192.0,6124.0,77448,138039,6732.0,11,6734.0,14,6736.0,15,6738.0,7,6740.0,22,6742.0,14,6744.0,16,6746.0,24,6748.0,27,6750.0,741,6742.0
SF409,,13:38:48.250#,6636.0,6776.0,6636.0,7192.0,6124.0,77450,138037,6732.0,11,6734.0,14,6736.0,15,6738.0,10,6740.0,22,6742.0,12,6744.0,16,6746.0,24,6748.0,27,6750.0,741,6742.0
SF409,,13:38:48.500#,6636.0,6776.0,6636.0,7192.0,6124.0,77450,138037,6732.0,11,6734.0,14,6736.0,13,6738.0,10,6740.0,28,6742.0,12,6744.0,16,6746.0,24,6748.0,27,6750.0,741,6742.0
SF409,,13:38:48.750#,6636.0,6776.0,6636.0,7192.0,6124.0,77462,138030,6732.0,11,6734.0,14,6736.0,13,6738.0,10,6740.0,28,6744.0,34,6746.0,24,6748.0,27,6750.0,741,6752.0,63,6742.0
SF409,,13:38:49.0#,6636.0,6776.0,6636.0,7192.0,6124.0,77463,138031,6732.0,11,6734.0,14,6736.0,13,6738.0,10,6740.0,29,6742.0,3,6744.0,16,6746.0,24,6748.0,27,6750.0,741,6742.0
SF409,,13:38:49.250#,6636.0,6776.0,6636.0,7192.0,6124.0,77463,138031,6732.0,11,6734.0,14,6736.0,13,6738.0,10,6740.0,29,6742.0,4,6744.0,16,6746.0,24,6748.0,27,6750.0,741,6742.0
SF409,,13:38:49.750#,6636.0,6776.0,6636.0,7192.0,6124.0,77463,138031,6732.0,11,6734.0,14,6736.0,13,6738.0,10,6740.0,29,6742.0,4,6744.0,16,6746.0,24,6748.0,27,6750.0,742,6742.0
SF409,,13:38:50.250#,6636.0,6776.0,6636.0,7192.0,6124.0,77466,138034,6732.0,11,6734.0,14,6736.0,13,6738.0,10,6740.0,29,6742.0,1,6744.0,16,6746.0,24,6748.0,27,6750.0,742,6742.0
SF409,,13:38:51.0#,6636.0,6776.0,6636.0,7192.0,6124.0,77466,138034,6732.0,11,6734.0,14,6736.0,13,6738.0,10,6740.0,29,6742.0,1,6744.0,16,6746.0,24,6748.0,27,6750.0,742,6742.0
SF409,,13:38:51.250#,6636.0,6776.0,6636.0,7192.0,6124.0,77466,138034,6732.0,10,6734.0,14,6736.0,13,6738.0,10,6740.0,29,6742.0,1,6744.0,16,6746.0,24,6748.0,27,6750.0,742,6742.0
SF409,,13:38:51.500#,6636.0,6776.0,6636.0,7192.0,6124.0,77466,138034,6732.0,10,6734.0,14,6736.0,13,6738.0,10,6740.0,30,6742.0,1,6744.0,16,6746.0,24,6748.0,27,6750.0,742,6742.0
SF409,,13:38:51.750#,6636.0,6776.0,6636.0,7192.0,6124.0,77467,138034,6732.0,10,6734.0,14,6736.0,13,6738.0,10,6740.0,29,6742.0,2,6744.0,16,6746.0,24,6748.0,27,6750.0,742,6740.0
SF409,,13:38:53.0#,6636.0,6776.0,6636.0,7192.0,6124.0,77467,138034,6732.0,10,6734.0,14,6736.0,13,6738.0,10,6740.0,29,6742.0,2,6744.0,16,6746.0,24,6748.0,27,6750.0,742,6740.0
SF409,,13:38:53.500#,6636.0,6776.0,6636.0,7192.0,6124.0,77468,138033,6732.0,10,6734.0,14,6736.0,13,6738.0,10,6740.0,30,6742.0,1,6744.0,16,6746.0,24,6748.0,27,6750.0,742,6742.0
SF409,,13:38:54.0#,6636.0,6776.0,6636.0,7192.0,6124.0,77471,138030,6732.0,10,6734.0,14,6736.0,13,6738.0,10,6740.0,28,6742.0,1,6744.0,16,6746.0,24,6748.0,27,6750.0,742,6740.0
SF409,,13:38:55.250#,6636.0,6776.0,6636.0,7192.0,6124.0,77472,138029,6732.0,10,6734.0,14,6736.0,13,6738.0,10,6740.0,28,6744.0,34,6746.0,24,6748.0,27,6750.0,742,6752.0,63,6742.0
SF409,,13:38:55.500#,6636.0,6776.0,6636.0,7192.0,6124.0,77474,138029,6732.0,10,6734.0,14,6736.0,13,6738.0,10,6740.0,26,6744.0,23,6746.0,24,6748.0,27,6750.0,742,6752.0,63,6744.0
SF409,,13:38:55.750#,6636.0,6776.0,6636.0,7192.0,6124.0,77474,138029,6732.0,10,6734.0,14,6736.0,13,6738.0,10,6740.0,27,6744.0,23,6746.0,24,6748.0,27,6750.0,742,6752.0,63,6744.0
SF409,,13:38:56.0#,6636.0,6776.0,6636.0,7192.0,6124.0,77476,138029,6732.0,10,6734.0,14,6736.0,13,6738.0,10,6740.0,24,6744.0,20,6746.0,24,6748.0,67,6750.0,742,6752.0,63,6740.0
SF409,,13:38:56.250#,6636.0,6776.0,6636.0,7192.0,6124.0,77476,138029,6732.0,10,6734.0,14,6736.0,13,6738.0,10,6740.0,23,6744.0,20,6746.0,24,6748.0,70,6750.0,742,6752.0,63,6740.0
SF409,,13:38:56.500#,6636.0,6776.0,6636.0,7192.0,6124.0,77477,138029,6732.0,10,6734.0,14,6736.0,13,6738.0,10,6740.0,24,6744.0,19,6746.0,24,6748.0,70,6750.0,742,6752.0,63,6744.0
SF409,,13:38:57.250#,6636.0,6776.0,6636.0,7192.0,6124.0,77477,138029,6732.0,10,6734.0,14,6736.0,13,6738.0,10,6740.0,25,6744.0,19,6746.0,24,6748.0,70,6750.0,742,6752.0,63,6744.0
SF409,,13:38:57.750#,6636.0,6776.0,6636.0,7192.0,6124.0,77477,138029,6732.0,10,6734.0,14,6736.0,13,6738.0,10,6740.0,25,6744.0,19,6746.0,24,6748.0,70,6750.0,742,6752.0,63,6744.0
SF409,,13:38:58.0#,6636.0,6776.0,6636.0,7192.0,6124.0,77478,138029,6732.0,10,6734.0,14,6736.0,13,6738.0,10,6740.0,24,6744.0,19,6746.0,24,6748.0,70,6750.0,742,6752.0,63,6740.0
SF409,,13:38:58.500#,6636.0,6776.0,6636.0,7192.0,6124.0,77479,138028,6732.0,10,6734.0,14,6736.0,13,6738.0,10,6740.0,23,6744.0,18,6746.0,24,6748.0,70,6750.0,742,6752.0,63,6744.0
SF409,,13:38:58.750#,6636.0,6776.0,6636.0,7192.0,6124.0,77479,138028,6732.0,10,6734.0,14,6736.0,13,6738.0,10,6740.0,23,6744.0,18,6746.0,24,6748.0,69,6750.0,742,6752.0,63,6744.0
SF409,,13:38:59.500#,6636.0,6776.0,6636.0,7192.0,6124.0,77480,138029,6732.0,10,6734.0,14,6736.0,13,6738.0,10,6740.0,22,6744.0,19,6746.0,24,6748.0,69,6750.0,742,6752.0,63,6740.0
SF409,,13:39:00.0#,6636.0,6776.0,6636.0,7192.0,6124.0,77481,138028,6732.0,10,6734.0,14,6736.0,13,6738.0,10,6740.0,22,6744.0,18,6746.0,24,6748.0,69,6750.0,742,6752.0,63,6744.0
SF409,,13:39:00.500#,6636.0,6776.0,6636.0,7192.0,6124.0,77481,138028,6734.0,14,6736.0,13,6738.0,10,6740.0,19,6742.0,2,6744.0,18,6746.0,24,6748.0,69,6750.0,742,6752.0,63,6744.0
SF409,,13:39:00.750#,6636.0,6776.0,6636.0,7192.0,6124.0,77481,138028,6734.0,14,6736.0,13,6738.0,10,6740.0,19,6742.0,2,6744.0,18,6746.0,24,6748.0,68,6750.0,742,6752.0,63,6744.0
SF409,,13:39:01.0#,6636.0,6776.0,6636.0,7192.0,6124.0,77481,138028,6734.0,14,6736.0,13,6738.0,10,6740.0,22,6742.0,2,6744.0,19,6746.0,24,6748.0,68,6750.0,742,6752.0,63,6744.0
SF409,,13:39:01.250#,6636.0,6776.0,6636.0,7192.0,6124.0,77481,138028,6734.0,14,6736.0,13,6738.0,10,6740.0,22,6742.0,5,6744.0,18,6746.0,26,6748.0,68,6750.0,742,6752.0,63,6744.0
SF409,,13:39:01.500#,6636.0,6776.0,6636.0,7192.0,6124.0,77481,138028,6734.0,14,6736.0,13,6738.0,10,6740.0,23,6742.0,13,6744.0,18,6746.0,26,6748.0,68,6750.0,742,6752.0,63,6744.0
SF409,,13:39:01.750#,6636.0,6776.0,6636.0,7192.0,6124.0,77482,138028,6734.0,14,6736.0,13,6738.0,10,6740.0,23,6742.0,13,6744.0,16,6746.0,26,6748.0,68,6750.0,742,6752.0,63,6744.0
SF409,,13:39:02.0#,6636.0,6776.0,6636.0,7192.0,6124.0,77482,138028,6734.0,14,6736.0,3,6738.0,10,6740.0,23,6742.0,14,6744.0,15,6746.0,26,6748.0,68,6750.0,742,6752.0,63,6744.0
SF409,,13:39:02.250#,6636.0,6776.0,6636.0,7192.0,6124.0,77482,138028,6734.0,14,6736.0,3,6738.0,10,6740.0,23,6742.0,26,6744.0,15,6746.0,26,6748.0,69,6750.0,742,6752.0,63,6744.0
SF409,,13:39:02.500#,6636.0,6776.0,6636.0,7192.0,6124.0,77482,138028,6734.0,14,6736.0,3,6738.0,10,6740.0,23,6742.0,28,6744.0,15,6746.0,26,6748.0,69,6750.0,742,6752.0,63,6744.0
SF409,,13:39:03.0#,6636.0,6776.0,6636.0,7192.0,6124.0,77482,138028,6734.0,14,6736.0,3,6738.0,10,6740.0,23,6742.0,30,6744.0,15,6746.0,26,6748.0,69,6750.0,742,6752.0,63,6744.0
SF409,,13:39:03.250#,6636.0,6776.0,6636.0,7192.0,6124.0,77482,138028,6734.0,14,6736.0,3,6738.0,10,6740.0,23,6742.0,31,6744.0,15,6746.0,26,6748.0,69,6750.0,742,6752.0,63,6744.0
SF409,,13:39:03.500#,6636.0,6776.0,6636.0,7192.0,6124.0,77484,138030,6734.0,14,6736.0,2,6738.0,10,6740.0,23,6742.0,33,6744.0,13,6746.0,26,6748.0,69,6750.0,742,6752.0,63,6742.0
SF409,,13:39:03.750#,6636.0,6776.0,6636.0,7192.0,6124.0,77484,138030,6734.0,14,6736.0,2,6738.0,10,6740.0,24,6742.0,33,6744.0,13,6746.0,26,6748.0,69,6750.0,741,6752.0,63,6742.0
SF409,,13:39:04.0#,6636.0,6776.0,6636.0,7192.0,6124.0,77484,138030,6734.0,14,6736.0,2,6738.0,10,6740.0,22,6742.0,34,6744.0,13,6746.0,26,6748.0,69,6750.0,741,6752.0,63,6742.0
SF409,,13:39:04.250#,6636.0,6776.0,6636.0,7192.0,6124.0,77484,138030,6734.0,14,6736.0,2,6738.0,10,6740.0,22,6742.0,39,6744.0,13,6746.0,26,6748.0,69,6750.0,741,6752.0,63,6742.0
SF409,,13:39:04.500#,6636.0,6776.0,6636.0,7192.0,6124.0,77494,138030,6734.0,14,6736.0,2,6738.0,10,6740.0,23,6742.0,30,6744.0,13,6746.0,26,6748.0,69,6750.0,741,6752.0,63,6742.0
SF409,,13:39:04.750#,6636.0,6776.0,6636.0,7192.0,6124.0,77494,138030,6734.0,14,6736.0,2,6738.0,11,6740.0,23,6742.0,30,6744.0,13,6746.0,26,6748.0,69,6750.0,741,6752.0,63,6742.0
SF409,,13:39:05.0#,6636.0,6776.0,6636.0,7192.0,6124.0,77494,138030,6734.0,14,6736.0,2,6738.0,9,6740.0,24,6742.0,30,6744.0,13,6746.0,26,6748.0,69,6750.0,741,6752.0,63,6742.0
SF409,,13:39:05.250#,6636.0,6776.0,6636.0,7192.0,6124.0,77494,138030,6734.0,14,6736.0,2,6738.0,9,6740.0,25,6742.0,30,6744.0,13,6746.0,26,6748.0,69,6750.0,741,6752.0,63,6742.0
SF409,,13:39:06.250#,6636.0,6776.0,6636.0,7192.0,6124.0,77494,138030,6734.0,14,6736.0,2,6738.0,9,6740.0,25,6742.0,30,6744.0,13,6746.0,26,6748.0,69,6750.0,741,6752.0,63,6742.0
SF409,,13:39:06.750#,6636.0,6776.0,6636.0,7192.0,6124.0,77504,138040,6734.0,14,6736.0,2,6738.0,9,6740.0,25,6742.0,20,6744.0,13,6746.0,25,6748.0,69,6750.0,741,6752.0,63,6742.0
SF409,,13:39:07.0#,6636.0,6776.0,6636.0,7192.0,6124.0,77504,138040,6734.0,14,6736.0,2,6738.0,9,6740.0,25,6742.0,20,6744.0,14,6746.0,25,6748.0,69,6750.0,741,6752.0,64,6742.0
SF409,,13:39:07.250#,6636.0,6776.0,6636.0,7192.0,6124.0,77514,138044,6734.0,14,6736.0,2,6738.0,9,6740.0,25,6742.0,10,6744.0,15,6746.0,25,6748.0,69,6750.0,741,6752.0,64,6742.0
SF409,,13:39:07.500#,6636.0,6776.0,6636.0,7192.0,6124.0,77514,138044,6734.0,14,6736.0,2,6738.0,9,6740.0,25,6742.0,11,6744.0,16,6746.0,25,6748.0,69,6750.0,741,6752.0,64,6742.0
SF409,,13:39:07.750#,6636.0,6776.0,6636.0,7192.0,6124.0,77514,138044,6734.0,14,6736.0,2,6738.0,9,6740.0,25,6742.0,11,6744.0,15,6746.0,25,6748.0,69,6750.0,741,6752.0,64,6742.0
SF409,,13:39:08.0#,6636.0,6776.0,6636.0,7192.0,6124.0,77515,138043,6734.0,14,6736.0,2,6738.0,9,6740.0,25,6742.0,11,6744.0,14,6746.0,25,6748.0,69,6750.0,741,6752.0,64,6744.0
SF409,,13:39:08.250#,6636.0,6776.0,6636.0,7192.0,6124.0,77516,138043,6734.0,14,6736.0,2,6738.0,9,6740.0,25,6742.0,10,6744.0,13,6746.0,25,6748.0,69,6750.0,741,6752.0,64,6742.0
SF409,,13:39:08.500#,6636.0,6776.0,6636.0,7192.0,6124.0,77516,138043,6734.0,14,6736.0,2,6738.0,9,6740.0,25,6742.0,11,6744.0,13,6746.0,25,6748.0,69,6750.0,741,6752.0,64,6742.0
SF409,,13:39:09.0#,6636.0,6776.0,6636.0,7192.0,6124.0,77517,138043,6734.0,14,6736.0,2,6738.0,9,6740.0,24,6742.0,10,6744.0,13,6746.0,25,6748.0,68,6750.0,742,6752.0,64,6742.0
SF409,,13:39:09.250#,6636.0,6776.0,6636.0,7192.0,6124.0,77517,138043,6734.0,14,6736.0,2,6738.0,9,6740.0,24,6742.0,11,6744.0,15,6746.0,25,6748.0,68,6750.0,742,6752.0,64,6742.0
SF409,,13:39:09.500#,6636.0,6776.0,6636.0,7192.0,6124.0,77517,138043,6734.0,14,6736.0,2,6738.0,9,6740.0,24,6742.0,11,6744.0,15,6746.0,25,6748.0,69,6750.0,742,6752.0,64,6742.0
SF409,,13:39:10.250#,6636.0,6776.0,6636.0,7192.0,6124.0,77527,138044,6734.0,14,6736.0,2,6738.0,9,6740.0,24,6742.0,1,6744.0,17,6746.0,25,6748.0,69,6750.0,742,6752.0,64,6742.0
SF409,,13:39:10.500#,6636.0,6776.0,6636.0,7192.0,6124.0,77529,138043,6734.0,14,6736.0,2,6738.0,9,6740.0,24,6742.0,1,6744.0,20,6746.0,25,6748.0,69,6750.0,742,6752.0,64,6742.0
SF409,,13:39:10.750#,6636.0,6776.0,6636.0,7192.0,6124.0,77530,138043,6732.0,10,6734.0,14,6736.0,2,6738.0,9,6740.0,27,6742.0,5,6744.0,10,6746.0,25,6748.0,69,6750.0,742,6742.0
SF409,,13:39:11.0#,6636.0,6776.0,6636.0,7192.0,6124.0,77530,138043,6732.0,10,6734.0,14,6736.0,2,6738.0,9,6740.0,27,6742.0,7,6744.0,10,6746.0,25,6748.0,69,6750.0,742,6742.0
SF409,,13:39:11.750#,6636.0,6776.0,6636.0,7192.0,6124.0,77530,138043,6732.0,10,6734.0,14,6736.0,2,6738.0,9,6740.0,27,6742.0,8,6744.0,10,6746.0,25,6748.0,69,6750.0,742,6742.0
SF409,,13:39:12.0#,6636.0,6776.0,6636.0,7192.0,6124.0,77530,138043,6732.0,10,6734.0,14,6736.0,2,6738.0,9,6740.0,27,6742.0,9,6744.0,9,6746.0,25,6748.0,69,6750.0,742,6742.0
SF409,,13:39:12.250#,6636.0,6776.0,6636.0,7192.0,6124.0,77530,138043,6732.0,10,6734.0,14,6736.0,2,6738.0,9,6740.0,27,6742.0,10,6744.0,9,6746.0,25,6748.0,68,6750.0,742,6742.0
SF409,,13:39:12.500#,6636.0,6776.0,6636.0,7192.0,6124.0,77530,138043,6732.0,10,6734.0,14,6736.0,2,6738.0,9,6740.0,27,6742.0,14,6744.0,9,6746.0,25,6748.0,68,6750.0,742,6742.0
SF409,,13:39:13.0#,6636.0,6776.0,6636.0,7192.0,6124.0,77530,138043,6732.0,10,6734.0,14,6736.0,2,6738.0,9,6740.0,32,6742.0,14,6744.0,9,6746.0,25,6748.0,68,6750.0,742,6742.0
SF409,,13:39:13.250#,6636.0,6776.0,6636.0,7192.0,6124.0,77530,138043,6732.0,10,6734.0,14,6736.0,2,6738.0,9,6740.0,32,6742.0,12,6744.0,9,6746.0,25,6748.0,68,6750.0,742,6742.0
SF409,,13:39:13.500#,6636.0,6776.0,6636.0,7192.0,6124.0,77530,138043,6732.0,11,6734.0,14,6736.0,2,6738.0,9,6740.0,32,6742.0,8,6744.0,9,6746.0,25,6748.0,68,6750.0,742,6742.0
SF409,,13:39:15.0#,6636.0,6776.0,6636.0,7192.0,6124.0,77530,138043,6732.0,11,6734.0,14,6736.0,2,6738.0,9,6740.0,32,6742.0,9,6744.0,9,6746.0,25,6748.0,68,6750.0,742,6742.0
SF409,,13:39:15.250#,6636.0,6776.0,6636.0,7192.0,6124.0,77530,138043,6732.0,11,6734.0,14,6736.0,2,6738.0,9,6740.0,33,6742.0,9,6744.0,9,6746.0,25,6748.0,68,6750.0,742,6742.0
SF409,,13:39:15.500#,6636.0,6776.0,6636.0,7192.0,6124.0,77530,138043,6732.0,11,6734.0,14,6736.0,2,6738.0,9,6740.0,26,6742.0,9,6744.0,10,6746.0,25,6748.0,68,6750.0,742,6742.0
SF409,,13:39:15.750#,6636.0,6776.0,6636.0,7192.0,6124.0,77530,138043,6732.0,11,6734.0,14,6736.0,2,6738.0,9,6740.0,26,6742.0,8,6744.0,10,6746.0,25,6748.0,68,6750.0,742,6742.0
SF409,,13:39:16.500#,6636.0,6776.0,6636.0,7192.0,6124.0,77538,138041,6732.0,11,6734.0,14,6736.0,2,6738.0,9,6740.0,26,6744.0,20,6746.0,25,6748.0,68,6750.0,742,6752.0,64,6742.0
SF409,,13:39:17.0#,6636.0,6776.0,6636.0,7192.0,6124.0,77538,138041,6734.0,14,6736.0,2,6738.0,9,6740.0,24,6742.0,1,6744.0,20,6746.0,25,6748.0,68,6750.0,742,6752.0,64,6742.0
SF409,,13:39:17.500#,6636.0,6776.0,6636.0,7192.0,6124.0,77539,138041,6732.0,11,6734.0,14,6736.0,2,6738.0,9,6740.0,27,6744.0,20,6746.0,25,6748.0,68,6750.0,742,6752.0,64,6742.0
SF409,,13:39:17.750#,6636.0,6776.0,6636.0,7192.0,6124.0,77549,138036,6732.0,11,6734.0,14,6736.0,2,6738.0,9,6740.0,27,6744.0,20,6746.0,25,6748.0,68,6750.0,742,6752.0,64,6740.0
SF409,,13:39:18.500#,6636.0,6776.0,6636.0,7192.0,6124.0,77553,138032,6732.0,11,6734.0,14,6736.0,2,6738.0,9,6740.0,27,6744.0,16,6746.0,25,6748.0,68,6750.0,742,6752.0,64,6744.0
SF409,,13:39:18.750#,6636.0,6776.0,6636.0,7192.0,6124.0,77559,138026,6732.0,11,6734.0,14,6736.0,2,6738.0,9,6740.0,27,6744.0,14,6746.0,25,6748.0,68,6750.0,742,6752.0,64,6744.0
SF409,,13:39:19.250#,6636.0,6776.0,6636.0,7192.0,6124.0,77559,138026,6732.0,11,6734.0,14,6736.0,2,6738.0,9,6740.0,27,6744.0,14,6746.0,26,6748.0,68,6750.0,742,6752.0,64,6744.0
SF409,,13:39:19.500#,6636.0,6776.0,6636.0,7192.0,6124.0,77559,138026,6732.0,11,6734.0,14,6736.0,2,6738.0,9,6740.0,29,6744.0,15,6746.0,26,6748.0,68,6750.0,742,6752.0,64,6744.0
SF409,,13:39:19.750#,6636.0,6776.0,6636.0,7192.0,6124.0,77559,138026,6732.0,11,6734.0,14,6736.0,2,6738.0,9,6740.0,29,6744.0,14,6746.0,26,6748.0,68,6750.0,742,6752.0,64,6744.0
SF409,,13:39:20.500#,6636.0,6776.0,6636.0,7192.0,6124.0,77559,138026,6732.0,11,6734.0,14,6736.0,2,6738.0,9,6740.0,29,6744.0,14,6746.0,26,6748.0,68,6750.0,742,6752.0,64,6744.0
SF409,,13:39:20.750#,6636.0,6776.0,6636.0,7192.0,6124.0,77559,138026,6732.0,11,6734.0,14,6736.0,2,6738.0,9,6740.0,29,6744.0,15,6746.0,26,6748.0,68,6750.0,742,6752.0,64,6744.0
SF409,,13:39:21.250#,6636.0,6776.0,6636.0,7192.0,6124.0,77559,138026,6732.0,11,6734.0,14,6736.0,2,6738.0,9,6740.0,30,6744.0,17,6746.0,26,6748.0,68,6750.0,742,6752.0,64,6744.0
SF409,,13:39:22.0#,6636.0,6776.0,6636.0,7192.0,6124.0,77559,138026,6732.0,11,6734.0,14,6736.0,2,6738.0,9,6740.0,30,6744.0,17,6746.0,26,6748.0,68,6750.0,742,6752.0,64,6744.0
SF409,,13:39:22.250#,6636.0,6776.0,6636.0,7192.0,6124.0,77563,138022,6732.0,11,6734.0,14,6736.0,2,6738.0,9,6740.0,30,6744.0,27,6746.0,26,6748.0,68,6750.0,742,6752.0,64,6744.0
SF409,,13:39:22.500#,6636.0,6776.0,6636.0,7192.0,6124.0,77563,138022,6732.0,11,6734.0,14,6736.0,2,6738.0,9,6740.0,30,6744.0,27,6746.0,26,6748.0,68,6750.0,742,6752.0,64,6744.0
SF409,,13:39:24.250#,6636.0,6776.0,6636.0,7192.0,6124.0,77563,138022,6732.0,11,6734.0,14,6736.0,2,6738.0,9,6740.0,30,6744.0,23,6746.0,26,6748.0,68,6750.0,742,6752.0,64,6744.0
SF409,,13:39:24.500#,6636.0,6776.0,6636.0,7192.0,6124.0,77563,138022,6734.0,14,6736.0,2,6738.0,9,6740.0,27,6742.0,1,6744.0,28,6746.0,26,6748.0,68,6750.0,742,6752.0,64,6744.0
SF409,,13:39:24.750#,6636.0,6776.0,6636.0,7192.0,6124.0,77563,138022,6734.0,14,6736.0,2,6738.0,9,6740.0,27,6742.0,1,6744.0,27,6746.0,26,6748.0,68,6750.0,742,6752.0,64,6744.0
SF409,,13:39:25.0#,6636.0,6776.0,6636.0,7192.0,6124.0,77563,138022,6734.0,14,6736.0,2,6738.0,9,6740.0,27,6742.0,4,6744.0,28,6746.0,26,6748.0,68,6750.0,742,6752.0,64,6744.0
SF409,,13:39:25.250#,6636.0,6776.0,6636.0,7192.0,6124.0,77566,138022,6734.0,14,6736.0,2,6738.0,9,6740.0,27,6742.0,3,6744.0,25,6746.0,26,6748.0,68,6750.0,742,6752.0,64,6742.0
SF409,,13:39:25.500#,6636.0,6776.0,6636.0,7192.0,6124.0,77567,138022,6734.0,14,6736.0,2,6738.0,9,6740.0,27,6742.0,2,6744.0,25,6746.0,26,6748.0,68,6750.0,742,6752.0,64,6742.0
SF409,,13:39:25.750#,6636.0,6776.0,6636.0,7192.0,6124.0,77568,138021,6734.0,14,6736.0,2,6738.0,9,6740.0,31,6742.0,1,6744.0,25,6746.0,26,6748.0,68,6750.0,742,6752.0,64,6742.0
SF409,,13:39:26.250#,6636.0,6776.0,6636.0,7192.0,6124.0,77569,138021,6732.0,11,6734.0,14,6736.0,2,6738.0,9,6740.0,34,6742.0,9,6744.0,17,6746.0,26,6748.0,68,6750.0,742,6742.0
SF409,,13:39:26.500#,6636.0,6776.0,6636.0,7192.0,6124.0,77569,138021,6732.0,11,6734.0,9,6736.0,2,6738.0,9,6740.0,34,6742.0,9,6744.0,17,6746.0,26,6748.0,68,6750.0,742,6742.0
SF409,,13:39:26.750#,6636.0,6776.0,6636.0,7192.0,6124.0,77569,138021,6732.0,11,6734.0,9,6736.0,2,6738.0,9,6740.0,34,6742.0,10,6744.0,17,6746.0,26,6748.0,68,6750.0,742,6742.0
SF409,,13:39:27.250#,6636.0,6776.0,6636.0,7192.0,6124.0,77569,138021,6732.0,11,6734.0,9,6736.0,2,6738.0,9,6740.0,35,6742.0,10,6744.0,17,6746.0,26,6748.0,68,6750.0,742,6742.0
SF409,,13:39:28.250#,6636.0,6776.0,6636.0,7192.0,6124.0,77569,138021,6732.0,11,6734.0,9,6736.0,2,6738.0,9,6740.0,35,6742.0,11,6744.0,17,6746.0,26,6748.0,68,6750.0,742,6742.0
SF409,,13:39:29.0#,6636.0,6776.0,6636.0,7192.0,6124.0,77569,138021,6732.0,11,6734.0,9,6736.0,2,6738.0,9,6740.0,36,6742.0,11,6744.0,17,6746.0,26,6748.0,68,6750.0,742,6742.0
SF409,,13:39:29.500#,6636.0,6776.0,6636.0,7192.0,6124.0,77569,138021,6732.0,11,6734.0,9,6736.0,2,6738.0,9,6740.0,36,6742.0,11,6744.0,17,6746.0,26,6748.0,68,6750.0,739,6742.0
SF409,,13:39:29.750#,6636.0,6776.0,6636.0,7192.0,6124.0,77569,138021,6732.0,11,6734.0,9,6736.0,2,6738.0,9,6740.0,34,6742.0,11,6744.0,17,6746.0,26,6748.0,68,6750.0,739,6742.0
SF409,,13:39:30.250#,6636.0,6776.0,6636.0,7192.0,6124.0,77569,138021,6732.0,11,6734.0,9,6736.0,2,6738.0,9,6740.0,35,6742.0,11,6744.0,17,6746.0,26,6748.0,68,6750.0,739,6742.0
SF409,,13:39:30.500#,6636.0,6776.0,6636.0,7192.0,6124.0,77569,138021,6732.0,11,6734.0,9,6736.0,2,6738.0,9,6740.0,35,6742.0,13,6744.0,17,6746.0,25,6748.0,68,6750.0,739,6742.0
SF409,,13:39:31.0#,6636.0,6776.0,6636.0,7192.0,6124.0,77569,138021,6732.0,11,6734.0,9,6736.0,2,6738.0,9,6740.0,35,6742.0,14,6744.0,17,6746.0,25,6748.0,68,6750.0,739,6742.0
SF409,,13:39:31.250#,6636.0,6776.0,6636.0,7192.0,6124.0,77569,138021,6732.0,11,6734.0,9,6736.0,2,6738.0,9,6740.0,40,6742.0,14,6744.0,17,6746.0,25,6748.0,68,6750.0,739,6742.0
SF409,,13:39:31.750#,6636.0,6776.0,6636.0,7192.0,6124.0,77569,138021,6732.0,11,6734.0,9,6736.0,2,6738.0,9,6740.0,40,6742.0,13,6744.0,17,6746.0,25,6748.0,68,6750.0,739,6742.0
SF409,,13:39:32.0#,6636.0,6776.0,6636.0,7192.0,6124.0,77569,138021,6732.0,11,6734.0,9,6736.0,2,6738.0,9,6740.0,42,6742.0,13,6744.0,17,6746.0,25,6748.0,68,6750.0,739,6742.0
SF409,,13:39:32.500#,6636.0,6776.0,6636.0,7192.0,6124.0,77570,138022,6732.0,11,6734.0,9,6736.0,2,6738.0,9,6740.0,41,6742.0,13,6744.0,17,6746.0,25,6748.0,68,6750.0,739,6740.0
SF409,,13:39:32.750#,6636.0,6776.0,6636.0,7192.0,6124.0,77570,138022,6732.0,11,6734.0,9,6736.0,2,6738.0,9,6740.0,40,6742.0,13,6744.0,17,6746.0,25,6748.0,68,6750.0,739,6740.0
SF409,,13:39:33.250#,6636.0,6776.0,6636.0,7192.0,6124.0,77570,138022,6732.0,11,6734.0,9,6736.0,2,6738.0,9,6740.0,41,6742.0,13,6744.0,17,6746.0,25,6748.0,68,6750.0,739,6740.0
SF409,,13:39:33.500#,6636.0,6776.0,6636.0,7192.0,6124.0,77572,138023,6732.0,11,6734.0,9,6736.0,2,6738.0,9,6740.0,39,6742.0,13,6744.0,17,6746.0,25,6748.0,68,6750.0,739,6740.0
SF409,,13:39:34.0#,6636.0,6776.0,6636.0,7192.0,6124.0,77572,138023,6732.0,11,6734.0,9,6736.0,2,6738.0,9,6740.0,40,6742.0,13,6744.0,17,6746.0,25,6748.0,68,6750.0,739,6740.0
SF409,,13:39:34.250#,6636.0,6776.0,6636.0,7192.0,6124.0,77572,138023,6732.0,11,6734.0,9,6736.0,2,6738.0,9,6740.0,40,6742.0,13,6744.0,17,6746.0,25,6748.0,68,6750.0,737,6740.0
SF409,,13:39:34.500#,6636.0,6776.0,6636.0,7192.0,6124.0,77572,138023,6732.0,11,6734.0,9,6736.0,2,6738.0,9,6740.0,40,6742.0,18,6744.0,22,6746.0,25,6748.0,68,6750.0,737,6740.0
SF409,,13:39:34.750#,6636.0,6776.0,6636.0,7192.0,6124.0,77572,138023,6732.0,11,6734.0,9,6736.0,2,6738.0,9,6740.0,40,6742.0,18,6744.0,22,6746.0,25,6748.0,68,6750.0,737,6740.0
SF409,,13:39:35.0#,6636.0,6776.0,6636.0,7192.0,6124.0,77572,138023,6732.0,11,6734.0,9,6736.0,2,6738.0,9,6740.0,40,6742.0,18,6744.0,22,6746.0,26,6748.0,68,6750.0,737,6740.0
SF409,,13:39:35.750#,6636.0,6776.0,6636.0,7192.0,6124.0,77572,138023,6732.0,11,6734.0,9,6736.0,2,6738.0,9,6740.0,40,6742.0,18,6744.0,24,6746.0,26,6748.0,68,6750.0,737,6740.0
SF409,,13:39:36.250#,6636.0,6776.0,6636.0,7192.0,6124.0,77572,138023,6732.0,11,6734.0,9,6736.0,2,6738.0,9,6740.0,40,6742.0,18,6744.0,24,6746.0,26,6748.0,68,6750.0,737,6740.0
SF409,,13:39:36.500#,6636.0,6776.0,6636.0,7192.0,6124.0,77572,138023,6732.0,11,6734.0,9,6736.0,2,6738.0,9,6740.0,40,6742.0,18,6744.0,25,6746.0,26,6748.0,68,6750.0,737,6740.0
SF409,,13:39:36.750#,6636.0,6776.0,6636.0,7192.0,6124.0,77572,138023,6732.0,11,6734.0,9,6736.0,2,6738.0,9,6740.0,42,6742.0,18,6744.0,25,6746.0,26,6748.0,68,6750.0,737,6740.0
SF409,,13:39:37.0#,6636.0,6776.0,6636.0,7192.0,6124.0,77572,138023,6732.0,11,6734.0,9,6736.0,2,6738.0,9,6740.0,42,6742.0,18,6744.0,26,6746.0,26,6748.0,68,6750.0,737,6740.0
SF409,,13:39:37.500#,6636.0,6776.0,6636.0,7192.0,6124.0,77573,138023,6732.0,11,6734.0,9,6736.0,2,6738.0,10,6740.0,41,6742.0,18,6744.0,26,6746.0,26,6748.0,68,6750.0,737,6740.0
SF409,,13:39:37.750#,6636.0,6776.0,6636.0,7192.0,6124.0,77573,138023,6732.0,11,6734.0,9,6736.0,2,6738.0,10,6740.0,41,6742.0,18,6744.0,27,6746.0,26,6748.0,68,6750.0,737,6740.0
SF409,,13:39:38.0#,6636.0,6776.0,6636.0,7192.0,6124.0,77573,138023,6732.0,11,6734.0,9,6736.0,2,6738.0,10,6740.0,41,6742.0,19,6744.0,27,6746.0,26,6748.0,68,6750.0,737,6740.0
SF409,,13:39:38.250#,6636.0,6776.0,6636.0,7192.0,6124.0,77573,138023,6732.0,11,6734.0,9,6736.0,2,6738.0,10,6740.0,41,6742.0,20,6744.0,27,6746.0,26,6748.0,68,6750.0,737,6740.0
SF409,,13:39:39.250#,6636.0,6776.0,6636.0,7192.0,6124.0,77573,138023,6732.0,11,6734.0,9,6736.0,2,6738.0,10,6740.0,42,6742.0,20,6744.0,27,6746.0,26,6748.0,67,6750.0,737,6740.0
SF409,,13:39:39.500#,6636.0,6776.0,6636.0,7192.0,6124.0,77574,138023,6732.0,11,6734.0,9,6736.0,2,6738.0,10,6740.0,43,6742.0,20,6744.0,27,6746.0,26,6748.0,67,6750.0,737,6740.0
SF409,,13:39:39.750#,6636.0,6776.0,6636.0,7192.0,6124.0,77574,138023,6732.0,11,6734.0,9,6736.0,3,6738.0,10,6740.0,43,6742.0,20,6744.0,27,6746.0,26,6748.0,67,6750.0,737,6740.0
SF409,,13:39:40.250#,6636.0,6776.0,6636.0,7192.0,6124.0,77574,138023,6732.0,11,6734.0,9,6736.0,3,6738.0,10,6740.0,45,6742.0,20,6744.0,27,6746.0,26,6748.0,67,6750.0,737,6740.0
SF409,,13:39:40.500#,6636.0,6776.0,6636.0,7192.0,6124.0,77574,138023,6732.0,11,6734.0,9,6736.0,3,6738.0,10,6740.0,44,6742.0,20,6744.0,27,6746.0,26,6748.0,67,6750.0,737,6740.0
SF409,,13:39:41.0#,6636.0,6776.0,6636.0,7192.0,6124.0,77576,138022,6732.0,11,6734.0,9,6736.0,3,6738.0,10,6740.0,42,6742.0,20,6744.0,26,6746.0,26,6748.0,67,6750.0,737,6740.0
SF409,,13:39:41.250#,6636.0,6776.0,6636.0,7192.0,6124.0,77577,138022,6732.0,11,6734.0,9,6736.0,3,6738.0,10,6740.0,42,6742.0,19,6744.0,26,6746.0,26,6748.0,67,6750.0,737,6742.0
SF409,,13:39:42.0#,6636.0,6776.0,6636.0,7192.0,6124.0,77577,138022,6732.0,11,6734.0,9,6736.0,3,6738.0,10,6740.0,42,6742.0,20,6744.0,26,6746.0,26,6748.0,67,6750.0,737,6742.0
SF409,,13:39:42.250#,6636.0,6776.0,6636.0,7192.0,6124.0,77620,137994,6730.0,4,6732.0,11,6734.0,9,6736.0,3,6738.0,13,6740.0,8,6742.0,35,6744.0,26,6746.0,26,6748.0,67,6740.0
SF409,,13:39:42.500#,6636.0,6776.0,6636.0,7192.0,6124.0,77620,137994,6730.0,5,6732.0,11,6734.0,10,6736.0,2,6738.0,10,6740.0,8,6742.0,35,6744.0,26,6746.0,27,6748.0,66,6740.0
SF409,,13:39:44.500#,6636.0,6776.0,6636.0,7192.0,6124.0,77621,137995,6730.0,5,6732.0,11,6734.0,10,6736.0,2,6738.0,9,6740.0,8,6742.0,35,6744.0,26,6746.0,27,6748.0,66,6738.0
SF409,,13:39:44.750#,6636.0,6776.0,6636.0,7192.0,6124.0,77621,137995,6730.0,5,6732.0,11,6734.0,10,6736.0,2,6738.0,9,6740.0,8,6742.0,35,6744.0,27,6746.0,26,6748.0,66,6738.0
SF409,,13:39:45.0#,6636.0,6776.0,6636.0,7192.0,6124.0,77621,137995,6730.0,5,6732.0,11,6734.0,10,6736.0,2,6738.0,9,6740.0,8,6742.0,35,6744.0,27,6746.0,26,6748.0,66,6738.0
SF409,,13:39:45.250#,6636.0,6776.0,6636.0,7192.0,6124.0,77621,137995,6730.0,5,6732.0,11,6734.0,10,6736.0,2,6738.0,9,6740.0,8,6742.0,35,6744.0,27,6746.0,26,6748.0,66,6738.0
SF409,,13:39:45.500#,6636.0,6776.0,6636.0,7192.0,6124.0,77621,137995,6730.0,5,6732.0,11,6734.0,10,6736.0,2,6738.0,10,6740.0,8,6742.0,35,6744.0,27,6746.0,26,6748.0,66,6738.0
SF409,,13:39:45.750#,6636.0,6776.0,6636.0,7192.0,6124.0,77629,137995,6732.0,11,6734.0,10,6736.0,2,6738.0,9,6740.0,10,6742.0,52,6744.0,26,6746.0,26,6748.0,66,6750.0,736,6740.0
SF409,,13:39:46.0#,6636.0,6776.0,6636.0,7192.0,6124.0,77629,137995,6732.0,11,6734.0,10,6736.0,2,6738.0,9,6740.0,10,6742.0,43,6744.0,27,6746.0,26,6748.0,66,6750.0,736,6740.0
SF409,,13:39:46.250#,6636.0,6776.0,6636.0,7192.0,6124.0,77629,137995,6732.0,11,6734.0,10,6736.0,2,6738.0,9,6740.0,10,6742.0,43,6744.0,26,6746.0,27,6748.0,66,6750.0,736,6740.0
SF409,,13:39:47.250#,6636.0,6776.0,6636.0,7192.0,6124.0,77629,137995,6732.0,11,6734.0,8,6736.0,2,6738.0,10,6740.0,10,6742.0,43,6744.0,26,6746.0,27,6748.0,66,6750.0,736,6740.0
SF409,,13:39:48.0#,6636.0,6776.0,6636.0,7192.0,6124.0,77630,137995,6732.0,11,6734.0,8,6736.0,2,6738.0,10,6740.0,9,6742.0,42,6744.0,26,6746.0,27,6748.0,66,6750.0,737,6740.0
SF409,,13:39:48.250#,6636.0,6776.0,6636.0,7192.0,6124.0,77632,137997,6732.0,11,6734.0,8,6736.0,2,6738.0,10,6740.0,9,6742.0,40,6744.0,26,6746.0,27,6748.0,66,6750.0,737,6742.0
SF409,,13:39:48.500#,6636.0,6776.0,6636.0,7192.0,6124.0,77632,137997,6732.0,11,6734.0,8,6736.0,3,6738.0,11,6740.0,9,6742.0,40,6744.0,26,6746.0,27,6748.0,66,6750.0,737,6742.0
SF409,,13:39:49.0#,6636.0,6776.0,6636.0,7192.0,6124.0,77632,137997,6732.0,11,6734.0,8,6736.0,3,6738.0,14,6740.0,9,6742.0,40,6744.0,26,6746.0,27,6748.0,66,6750.0,737,6742.0
SF409,,13:39:49.500#,6636.0,6776.0,6636.0,7192.0,6124.0,77632,137997,6732.0,11,6734.0,9,6736.0,3,6738.0,14,6740.0,9,6742.0,40,6744.0,26,6746.0,27,6748.0,66,6750.0,737,6742.0
SF409,,13:39:50.250#,6636.0,6776.0,6636.0,7192.0,6124.0,77632,137997,6732.0,12,6734.0,9,6736.0,3,6738.0,14,6740.0,9,6742.0,40,6744.0,26,6746.0,27,6748.0,66,6750.0,737,6742.0
SF409,,13:39:50.750#,6636.0,6776.0,6636.0,7192.0,6124.0,77632,137997,6732.0,12,6734.0,9,6736.0,3,6738.0,14,6740.0,9,6742.0,40,6744.0,26,6746.0,27,6748.0,66,6750.0,737,6742.0
SF409,,13:39:51.0#,6636.0,6776.0,6636.0,7192.0,6124.0,77633,137998,6732.0,12,6734.0,9,6736.0,3,6738.0,14,6740.0,8,6742.0,40,6744.0,26,6746.0,27,6748.0,66,6750.0,737,6740.0
SF409,,13:39:51.250#,6636.0,6776.0,6636.0,7192.0,6124.0,77633,137998,6732.0,12,6734.0,9,6736.0,3,6738.0,14,6740.0,9,6742.0,40,6744.0,26,6746.0,27,6748.0,66,6750.0,737,6740.0
SF409,,13:39:51.500#,6636.0,6776.0,6636.0,7192.0,6124.0,77633,137998,6732.0,12,6734.0,9,6736.0,3,6738.0,14,6740.0,9,6742.0,40,6744.0,26,6746.0,27,6748.0,66,6750.0,737,6740.0
SF409,,13:39:52.0#,6636.0,6776.0,6636.0,7192.0,6124.0,77633,137998,6732.0,12,6734.0,9,6736.0,3,6738.0,14,6740.0,9,6742.0,40,6744.0,26,6746.0,27,6748.0,66,6750.0,737,6740.0
SF409,,13:39:52.750#,6636.0,6776.0,6636.0,7192.0,6124.0,77633,137998,6732.0,12,6734.0,9,6736.0,3,6738.0,14,6740.0,9,6742.0,40,6744.0,26,6746.0,27,6748.0,66,6750.0,737,6740.0
SF409,,13:39:53.0#,6636.0,6776.0,6636.0,7192.0,6124.0,77633,137998,6732.0,12,6734.0,9,6736.0,3,6738.0,14,6740.0,9,6742.0,40,6744.0,25,6746.0,27,6748.0,66,6750.0,737,6740.0
SF409,,13:39:54.250#,6636.0,6776.0,6636.0,7192.0,6124.0,77633,137998,6732.0,12,6734.0,9,6736.0,3,6738.0,14,6740.0,9,6742.0,49,6744.0,25,6746.0,27,6748.0,66,6750.0,737,6740.0
SF409,,13:39:55.0#,6636.0,6776.0,6636.0,7192.0,6124.0,77633,137998,6732.0,12,6734.0,9,6736.0,3,6738.0,14,6740.0,9,6742.0,50,6744.0,25,6746.0,27,6748.0,66,6750.0,737,6740.0
SF409,,13:39:55.250#,6636.0,6776.0,6636.0,7192.0,6124.0,77633,137998,6732.0,12,6734.0,9,6736.0,6,6738.0,13,6740.0,10,6742.0,50,6744.0,25,6746.0,27,6748.0,66,6750.0,737,6740.0
SF409,,13:39:55.500#,6636.0,6776.0,6636.0,7192.0,6124.0,77634,137998,6732.0,12,6734.0,9,6736.0,6,6738.0,13,6740.0,9,6742.0,50,6744.0,25,6746.0,27,6748.0,66,6750.0,737,6740.0
SF409,,13:39:57.0#,6636.0,6776.0,6636.0,7192.0,6124.0,77634,137998,6732.0,12,6734.0,9,6736.0,6,6738.0,13,6740.0,9,6742.0,50,6744.0,25,6746.0,27,6748.0,66,6750.0,727,6740.0
SF409,,13:39:58.500#,6636.0,6776.0,6636.0,7192.0,6124.0,77634,137998,6732.0,12,6734.0,9,6736.0,6,6738.0,13,6740.0,9,6742.0,51,6744.0,25,6746.0,27,6748.0,66,6750.0,727,6740.0
SF409,,13:39:59.0#,6636.0,6776.0,6636.0,7192.0,6124.0,77634,137998,6732.0,12,6734.0,9,6736.0,6,6738.0,12,6740.0,9,6742.0,51,6744.0,25,6746.0,27,6748.0,66,6750.0,727,6740.0
SF409,,13:39:59.500#,6636.0,6776.0,6636.0,7192.0,6124.0,77635,137998,6732.0,12,6734.0,9,6736.0,6,6738.0,12,6740.0,9,6742.0,50,6744.0,25,6746.0,27,6748.0,66,6750.0,727,6742.0
SF409,,13:39:59.750#,6636.0,6776.0,6636.0,7192.0,6124.0,77636,137999,6732.0,12,6734.0,9,6736.0,6,6738.0,12,6740.0,8,6742.0,50,6744.0,25,6746.0,27,6748.0,66,6750.0,727,6740.0
SF409,,13:40:00.0#,6636.0,6776.0,6636.0,7192.0,6124.0,77637,138000,6732.0,12,6734.0,9,6736.0,6,6738.0,12,6740.0,8,6742.0,49,6744.0,25,6746.0,27,6748.0,66,6750.0,727,6742.0
SF409,,13:40:00.250#,6636.0,6776.0,6636.0,7192.0,6124.0,77667,137992,6732.0,12,6734.0,9,6736.0,6,6738.0,12,6740.0,9,6742.0,19,6744.0,25,6746.0,27,6748.0,66,6750.0,727,6742.0
SF409,,13:40:00.500#,6636.0,6776.0,6636.0,7192.0,6124.0,77697,138011,6734.0,9,6736.0,6,6738.0,12,6740.0,9,6742.0,1,6744.0,25,6746.0,27,6748.0,66,6750.0,727,6752.0,64,6744.0
SF409,,13:40:00.750#,6636.0,6776.0,6636.0,7192.0,6124.0,77697,138011,6734.0,9,6736.0,6,6738.0,12,6740.0,9,6742.0,1,6744.0,29,6746.0,27,6748.0,66,6750.0,727,6752.0,64,6744.0
SF409,,13:40:01.0#,6636.0,6776.0,6636.0,7192.0,6124.0,77697,138011,6734.0,9,6736.0,6,6738.0,12,6740.0,9,6742.0,6,6744.0,29,6746.0,27,6748.0,66,6750.0,727,6752.0,64,6744.0
SF409,,13:40:01.250#,6636.0,6776.0,6636.0,7192.0,6124.0,77697,138011,6734.0,9,6736.0,6,6738.0,12,6740.0,9,6742.0,6,6744.0,27,6746.0,27,6748.0,66,6750.0,727,6752.0,64,6744.0
SF409,,13:40:01.500#,6636.0,6776.0,6636.0,7192.0,6124.0,77697,138011,6734.0,9,6736.0,6,6738.0,12,6740.0,9,6742.0,12,6744.0,27,6746.0,27,6748.0,66,6750.0,727,6752.0,64,6744.0
SF409,,13:40:01.750#,6636.0,6776.0,6636.0,7192.0,6124.0,77697,138011,6734.0,9,6736.0,6,6738.0,12,6740.0,9,6742.0,13,6744.0,27,6746.0,27,6748.0,66,6750.0,727,6752.0,64,6744.0
SF409,,13:40:02.250#,6636.0,6776.0,6636.0,7192.0,6124.0,77698,138011,6734.0,9,6736.0,6,6738.0,12,6740.0,9,6742.0,13,6744.0,27,6746.0,27,6748.0,66,6750.0,727,6752.0,64,6742.0
SF409,,13:40:02.500#,6636.0,6776.0,6636.0,7192.0,6124.0,77698,138011,6734.0,9,6736.0,6,6738.0,12,6740.0,9,6742.0,15,6744.0,27,6746.0,27,6748.0,66,6750.0,727,6752.0,64,6742.0
SF409,,13:40:02.750#,6636.0,6776.0,6636.0,7192.0,6124.0,77698,138011,6734.0,9,6736.0,7,6738.0,12,6740.0,9,6742.0,15,6744.0,27,6746.0,27,6748.0,66,6750.0,727,6752.0,64,6742.0
SF409,,13:40:03.0#,6636.0,6776.0,6636.0,7192.0,6124.0,77699,138011,6734.0,9,6736.0,7,6738.0,12,6740.0,9,6742.0,18,6744.0,27,6746.0,27,6748.0,66,6750.0,727,6752.0,64,6742.0
SF409,,13:40:03.500#,6636.0,6776.0,6636.0,7192.0,6124.0,77699,138011,6734.0,9,6736.0,7,6738.0,12,6740.0,9,6742.0,20,6744.0,27,6746.0,27,6748.0,66,6750.0,727,6752.0,64,6742.0
SF409,,13:40:03.750#,6636.0,6776.0,6636.0,7192.0,6124.0,77699,138011,6734.0,9,6736.0,7,6738.0,12,6740.0,9,6742.0,22,6744.0,27,6746.0,27,6748.0,66,6750.0,727,6752.0,64,6742.0
SF409,,13:40:04.0#,6636.0,6776.0,6636.0,7192.0,6124.0,77707,138011,6734.0,9,6736.0,7,6738.0,12,6740.0,9,6742.0,17,6744.0,28,6746.0,27,6748.0,66,6750.0,726,6752.0,64,6742.0
SF409,,13:40:04.250#,6636.0,6776.0,6636.0,7192.0,6124.0,77717,138017,6734.0,9,6736.0,7,6738.0,12,6740.0,9,6742.0,9,6744.0,28,6746.0,27,6748.0,66,6750.0,726,6752.0,64,6742.0
SF409,,13:40:04.500#,6636.0,6776.0,6636.0,7192.0,6124.0,77717,138017,6734.0,9,6736.0,7,6738.0,12,6740.0,9,6742.0,9,6744.0,28,6746.0,27,6748.0,66,6750.0,726,6752.0,64,6742.0
SF409,,13:40:04.750#,6636.0,6776.0,6636.0,7192.0,6124.0,77720,138016,6734.0,9,6736.0,7,6738.0,12,6740.0,9,6742.0,9,6744.0,25,6746.0,27,6748.0,66,6750.0,726,6752.0,64,6744.0
SF409,,13:40:05.750#,6636.0,6776.0,6636.0,7192.0,6124.0,77720,138016,6734.0,9,6736.0,7,6738.0,12,6740.0,9,6742.0,9,6744.0,30,6746.0,27,6748.0,66,6750.0,726,6752.0,64,6744.0
SF409,,13:40:06.0#,6636.0,6776.0,6636.0,7192.0,6124.0,77720,138016,6734.0,9,6736.0,7,6738.0,12,6740.0,9,6742.0,13,6744.0,30,6746.0,27,6748.0,66,6750.0,726,6752.0,64,6744.0
SF409,,13:40:06.250#,6636.0,6776.0,6636.0,7192.0,6124.0,77720,138016,6734.0,9,6736.0,7,6738.0,12,6740.0,9,6742.0,13,6744.0,30,6746.0,27,6748.0,66,6750.0,725,6752.0,64,6744.0
SF409,,13:40:06.500#,6636.0,6776.0,6636.0,7192.0,6124.0,77720,138016,6734.0,9,6736.0,7,6738.0,12,6740.0,9,6742.0,13,6744.0,30,6746.0,27,6748.0,66,6750.0,725,6752.0,64,6744.0
SF409,,13:40:06.750#,6636.0,6776.0,6636.0,7192.0,6124.0,77720,138016,6734.0,9,6736.0,7,6738.0,12,6740.0,9,6742.0,13,6744.0,30,6746.0,28,6748.0,66,6750.0,725,6752.0,64,6744.0
SF409,,13:40:07.0#,6636.0,6776.0,6636.0,7192.0,6124.0,77720,138016,6734.0,9,6736.0,7,6738.0,12,6740.0,9,6742.0,13,6744.0,30,6746.0,29,6748.0,66,6750.0,725,6752.0,64,6744.0
SF409,,13:40:07.250#,6636.0,6776.0,6636.0,7192.0,6124.0,77720,138016,6734.0,9,6736.0,7,6738.0,12,6740.0,9,6742.0,24,6744.0,30,6746.0,29,6748.0,66,6750.0,725,6752.0,64,6744.0
SF409,,13:40:07.500#,6636.0,6776.0,6636.0,7192.0,6124.0,77720,138016,6734.0,9,6736.0,7,6738.0,12,6740.0,9,6742.0,25,6744.0,30,6746.0,29,6748.0,66,6750.0,725,6752.0,64,6744.0
SF409,,13:40:07.750#,6636.0,6776.0,6636.0,7192.0,6124.0,77720,138016,6734.0,9,6736.0,7,6738.0,12,6740.0,9,6742.0,25,6744.0,30,6746.0,29,6748.0,66,6750.0,725,6752.0,67,6744.0
SF409,,13:40:08.0#,6636.0,6776.0,6636.0,7192.0,6124.0,77720,138016,6734.0,9,6736.0,7,6738.0,12,6740.0,9,6742.0,25,6744.0,30,6746.0,29,6748.0,66,6750.0,725,6752.0,67,6744.0
SF409,,13:40:08.500#,6636.0,6776.0,6636.0,7192.0,6124.0,77720,138016,6734.0,9,6736.0,7,6738.0,12,6740.0,9,6742.0,25,6744.0,30,6746.0,29,6748.0,66,6750.0,725,6752.0,67,6744.0
SF409,,13:40:08.750#,6636.0,6776.0,6636.0,7192.0,6124.0,77720,138016,6734.0,9,6736.0,7,6738.0,12,6740.0,9,6742.0,26,6744.0,30,6746.0,29,6748.0,66,6750.0,725,6752.0,67,6744.0
SF409,,13:40:09.0#,6636.0,6776.0,6636.0,7192.0,6124.0,77720,138016,6734.0,9,6736.0,7,6738.0,12,6740.0,9,6742.0,26,6744.0,30,6746.0,30,6748.0,66,6750.0,725,6752.0,67,6744.0
SF409,,13:40:10.250#,6636.0,6776.0,6636.0,7192.0,6124.0,77722,138016,6734.0,9,6736.0,7,6738.0,12,6740.0,9,6742.0,15,6744.0,30,6746.0,30,6748.0,66,6750.0,725,6752.0,67,6742.0
SF409,,13:40:10.500#,6636.0,6776.0,6636.0,7192.0,6124.0,77722,138016,6734.0,9,6736.0,7,6738.0,12,6740.0,9,6742.0,15,6744.0,30,6746.0,31,6748.0,66,6750.0,725,6752.0,67,6742.0
SF409,,13:40:11.750#,6636.0,6776.0,6636.0,7192.0,6124.0,77722,138016,6734.0,9,6736.0,7,6738.0,12,6740.0,9,6742.0,15,6744.0,30,6746.0,31,6748.0,66,6750.0,725,6752.0,67,6742.0
SF409,,13:40:12.250#,6636.0,6776.0,6636.0,7192.0,6124.0,77722,138016,6734.0,9,6736.0,7,6738.0,12,6740.0,9,6742.0,16,6744.0,30,6746.0,31,6748.0,66,6750.0,725,6752.0,67,6742.0
SF409,,13:40:12.500#,6636.0,6776.0,6636.0,7192.0,6124.0,77722,138016,6734.0,9,6736.0,7,6738.0,12,6740.0,9,6742.0,17,6744.0,30,6746.0,31,6748.0,66,6750.0,725,6752.0,67,6742.0
SF409,,13:40:12.750#,6636.0,6776.0,6636.0,7192.0,6124.0,77722,138016,6734.0,9,6736.0,7,6738.0,12,6740.0,9,6742.0,17,6744.0,30,6746.0,31,6748.0,66,6750.0,725,6752.0,67,6742.0
SF409,,13:40:13.500#,6636.0,6776.0,6636.0,7192.0,6124.0,77722,138016,6734.0,9,6736.0,7,6738.0,12,6740.0,9,6742.0,25,6744.0,30,6746.0,31,6748.0,66,6750.0,725,6752.0,67,6742.0
SF409,,13:40:14.250#,6636.0,6776.0,6636.0,7192.0,6124.0,77733,138019,6734.0,9,6736.0,7,6738.0,12,6740.0,9,6742.0,13,6744.0,31,6746.0,31,6748.0,66,6750.0,725,6752.0,67,6742.0
SF409,,13:40:15.500#,6636.0,6776.0,6636.0,7192.0,6124.0,77733,138019,6734.0,9,6736.0,7,6738.0,12,6740.0,9,6742.0,13,6744.0,32,6746.0,31,6748.0,66,6750.0,725,6752.0,67,6742.0
SF409,,13:40:15.750#,6636.0,6776.0,6636.0,7192.0,6124.0,77733,138019,6734.0,9,6736.0,7,6738.0,12,6740.0,9,6742.0,13,6744.0,33,6746.0,31,6748.0,66,6750.0,725,6752.0,67,6742.0
SF409,,13:40:16.0#,6636.0,6776.0,6636.0,7192.0,6124.0,77740,138014,6734.0,9,6736.0,7,6738.0,12,6740.0,9,6742.0,16,6744.0,26,6746.0,31,6748.0,66,6750.0,732,6752.0,67,6744.0
SF409,,13:40:16.500#,6636.0,6776.0,6636.0,7192.0,6124.0,77740,138014,6734.0,9,6736.0,7,6738.0,12,6740.0,9,6742.0,17,6744.0,27,6746.0,31,6748.0,66,6750.0,732,6752.0,67,6744.0
SF409,,13:40:16.750#,6636.0,6776.0,6636.0,7192.0,6124.0,77746,138016,6734.0,9,6736.0,7,6738.0,12,6740.0,9,6742.0,11,6744.0,27,6746.0,31,6748.0,66,6750.0,732,6752.0,67,6742.0
SF409,,13:40:17.0#,6636.0,6776.0,6636.0,7192.0,6124.0,77746,138016,6734.0,9,6736.0,7,6738.0,12,6740.0,9,6742.0,11,6744.0,27,6746.0,31,6748.0,66,6750.0,732,6752.0,67,6742.0
SF409,,13:40:18.250#,6636.0,6776.0,6636.0,7192.0,6124.0,77746,138016,6734.0,9,6736.0,7,6738.0,12,6740.0,9,6742.0,11,6744.0,29,6746.0,31,6748.0,66,6750.0,732,6752.0,67,6742.0
SF409,,13:40:18.750#,6636.0,6776.0,6636.0,7192.0,6124.0,77746,138016,6734.0,9,6736.0,7,6738.0,12,6740.0,9,6742.0,11,6744.0,29,6746.0,32,6748.0,66,6750.0,732,6752.0,67,6742.0
SF409,,13:40:19.250#,6636.0,6776.0,6636.0,7192.0,6124.0,77746,138016,6734.0,9,6736.0,7,6738.0,11,6740.0,9,6742.0,11,6744.0,29,6746.0,32,6748.0,66,6750.0,732,6752.0,67,6742.0
SF409,,13:40:20.0#,6636.0,6776.0,6636.0,7192.0,6124.0,77746,138016,6734.0,9,6736.0,7,6738.0,11,6740.0,9,6742.0,11,6744.0,29,6746.0,32,6748.0,66,6750.0,732,6752.0,67,6742.0
SF409,,13:40:21.500#,6636.0,6776.0,6636.0,7192.0,6124.0,77746,138016,6734.0,9,6736.0,7,6738.0,11,6740.0,9,6742.0,12,6744.0,29,6746.0,32,6748.0,66,6750.0,732,6752.0,67,6742.0
SF409,,13:40:22.250#,6636.0,6776.0,6636.0,7192.0,6124.0,77746,138016,6734.0,9,6736.0,7,6738.0,11,6740.0,9,6742.0,15,6744.0,29,6746.0,32,6748.0,66,6750.0,732,6752.0,67,6742.0
SF409,,13:40:23.250#,6636.0,6776.0,6636.0,7192.0,6124.0,77749,138018,6734.0,9,6736.0,7,6738.0,11,6740.0,9,6742.0,14,6744.0,29,6746.0,32,6748.0,66,6750.0,732,6752.0,67,6742.0
SF409,,13:40:23.750#,6636.0,6776.0,6636.0,7192.0,6124.0,77749,138018,6734.0,9,6736.0,7,6738.0,11,6740.0,10,6742.0,14,6744.0,29,6746.0,32,6748.0,66,6750.0,732,6752.0,67,6742.0
SF409,,13:40:24.750#,6636.0,6776.0,6636.0,7192.0,6124.0,77749,138018,6734.0,9,6736.0,7,6738.0,11,6740.0,10,6742.0,16,6744.0,30,6746.0,32,6748.0,66,6750.0,732,6752.0,67,6742.0
SF409,,13:40:25.0#,6636.0,6776.0,6636.0,7192.0,6124.0,77749,138018,6734.0,9,6736.0,7,6738.0,11,6740.0,10,6742.0,16,6744.0,30,6746.0,32,6748.0,66,6750.0,732,6752.0,67,6742.0
SF409,,13:40:26.0#,6636.0,6776.0,6636.0,7192.0,6124.0,77749,138018,6734.0,9,6736.0,7,6738.0,11,6740.0,11,6742.0,16,6744.0,30,6746.0,32,6748.0,66,6750.0,732,6752.0,67,6742.0
SF409,,13:40:27.0#,6636.0,6776.0,6636.0,7192.0,6124.0,77749,138018,6734.0,9,6736.0,7,6738.0,11,6740.0,11,6742.0,16,6744.0,31,6746.0,32,6748.0,66,6750.0,732,6752.0,67,6742.0
SF409,,13:40:27.500#,6636.0,6776.0,6636.0,7192.0,6124.0,77749,138018,6734.0,9,6736.0,7,6738.0,11,6740.0,11,6742.0,16,6744.0,32,6746.0,32,6748.0,66,6750.0,732,6752.0,67,6742.0
SF409,,13:40:27.500#,6636.0,6776.0,6636.0,7192.0,6124.0,77749,138018,6734.0,9,6736.0,7,6738.0,11,6740.0,11,6742.0,16,6744.0,32,6746.0,32,6748.0,66,6750.0,732,6752.0,67,6742.0
SF409,,13:40:27.750#,6636.0,6776.0,6636.0,7192.0,6124.0,77749,138018,6734.0,9,6736.0,7,6738.0,11,6740.0,11,6742.0,16,6744.0,36,6746.0,32,6748.0,66,6750.0,732,6752.0,67,6742.0
SF409,,13:40:28.0#,6636.0,6776.0,6636.0,7192.0,6124.0,77765,138022,6734.0,9,6736.0,7,6738.0,11,6740.0,11,6742.0,15,6744.0,36,6746.0,32,6748.0,66,6750.0,732,6752.0,67,6744.0
SF409,,13:40:28.250#,6636.0,6776.0,6636.0,7192.0,6124.0,77765,138022,6734.0,9,6736.0,7,6738.0,11,6740.0,11,6742.0,16,6744.0,50,6746.0,32,6748.0,66,6750.0,732,6752.0,67,6744.0
SF409,,13:40:28.500#,6636.0,6776.0,6636.0,7192.0,6124.0,77765,138022,6734.0,9,6736.0,7,6738.0,11,6740.0,11,6742.0,16,6744.0,50,6746.0,32,6748.0,66,6750.0,732,6752.0,67,6744.0
SF409,,13:40:30.0#,6636.0,6776.0,6636.0,7192.0,6124.0,77765,138022,6734.0,9,6736.0,7,6738.0,11,6740.0,11,6742.0,16,6744.0,45,6746.0,32,6748.0,71,6750.0,732,6752.0,67,6744.0
SF409,,13:40:30.250#,6636.0,6776.0,6636.0,7192.0,6124.0,77765,138022,6734.0,9,6736.0,7,6738.0,11,6740.0,11,6742.0,16,6744.0,45,6746.0,32,6748.0,71,6750.0,732,6752.0,67,6744.0
SF409,,13:40:31.250#,6636.0,6776.0,6636.0,7192.0,6124.0,77765,138022,6734.0,9,6736.0,7,6738.0,11,6740.0,11,6742.0,21,6744.0,45,6746.0,32,6748.0,71,6750.0,732,6752.0,67,6744.0
SF409,,13:40:31.500#,6636.0,6776.0,6636.0,7192.0,6124.0,77765,138022,6734.0,9,6736.0,7,6738.0,12,6740.0,11,6742.0,22,6744.0,45,6746.0,32,6748.0,71,6750.0,732,6752.0,67,6744.0
SF409,,13:40:32.250#,6636.0,6776.0,6636.0,7192.0,6124.0,77775,138027,6734.0,9,6736.0,7,6738.0,12,6740.0,11,6742.0,22,6744.0,35,6746.0,32,6748.0,72,6750.0,732,6752.0,67,6744.0
SF409,,13:40:32.500#,6636.0,6776.0,6636.0,7192.0,6124.0,77775,138027,6734.0,9,6736.0,7,6738.0,12,6740.0,11,6742.0,22,6744.0,35,6746.0,32,6748.0,73,6750.0,732,6752.0,67,6744.0
SF409,,13:40:33.0#,6636.0,6776.0,6636.0,7192.0,6124.0,77775,138027,6734.0,9,6736.0,7,6738.0,12,6740.0,11,6742.0,22,6744.0,36,6746.0,32,6748.0,73,6750.0,732,6752.0,67,6744.0
SF409,,13:40:34.250#,6636.0,6776.0,6636.0,7192.0,6124.0,77775,138027,6734.0,9,6736.0,7,6738.0,12,6740.0,11,6742.0,22,6744.0,38,6746.0,32,6748.0,73,6750.0,732,6752.0,67,6744.0
SF409,,13:40:35.250#,6636.0,6776.0,6636.0,7192.0,6124.0,77775,138027,6734.0,9,6736.0,7,6738.0,12,6740.0,11,6742.0,23,6744.0,38,6746.0,32,6748.0,73,6750.0,732,6752.0,67,6744.0
SF409,,13:40:36.0#,6636.0,6776.0,6636.0,7192.0,6124.0,77775,138027,6734.0,9,6736.0,8,6738.0,12,6740.0,11,6742.0,23,6744.0,38,6746.0,32,6748.0,73,6750.0,732,6752.0,67,6744.0
SF409,,13:40:37.500#,6636.0,6776.0,6636.0,7192.0,6124.0,77776,138028,6734.0,9,6736.0,8,6738.0,12,6740.0,11,6742.0,22,6744.0,38,6746.0,32,6748.0,73,6750.0,732,6752.0,67,6742.0
SF409,,13:40:38.750#,6636.0,6776.0,6636.0,7192.0,6124.0,77776,138028,6734.0,9,6736.0,8,6738.0,12,6740.0,11,6742.0,22,6744.0,38,6746.0,32,6748.0,73,6750.0,732,6752.0,67,6742.0
SF409,,13:40:39.250#,6636.0,6776.0,6636.0,7192.0,6124.0,77776,138028,6734.0,9,6736.0,8,6738.0,12,6740.0,11,6742.0,23,6744.0,38,6746.0,32,6748.0,73,6750.0,732,6752.0,67,6742.0
SF409,,13:40:39.500#,6636.0,6776.0,6636.0,7192.0,6124.0,77776,138028,6734.0,9,6736.0,8,6738.0,12,6740.0,11,6742.0,23,6744.0,35,6746.0,32,6748.0,73,6750.0,732,6752.0,67,6742.0
SF409,,13:40:40.0#,6636.0,6776.0,6636.0,7192.0,6124.0,77776,138028,6734.0,8,6736.0,8,6738.0,12,6740.0,11,6742.0,23,6744.0,35,6746.0,32,6748.0,73,6750.0,732,6752.0,67,6742.0
SF409,,13:40:40.500#,6636.0,6776.0,6636.0,7192.0,6124.0,77776,138028,6734.0,8,6736.0,8,6738.0,12,6740.0,11,6742.0,23,6744.0,35,6746.0,32,6748.0,73,6750.0,732,6752.0,67,6742.0
SF409,,13:40:40.750#,6636.0,6776.0,6636.0,7192.0,6124.0,77778,138030,6734.0,8,6736.0,8,6738.0,12,6740.0,11,6742.0,23,6744.0,33,6746.0,32,6748.0,73,6750.0,732,6752.0,67,6744.0
SF409,,13:40:42.250#,6636.0,6776.0,6636.0,7192.0,6124.0,77778,138030,6734.0,8,6736.0,8,6738.0,12,6740.0,11,6742.0,24,6744.0,32,6746.0,32,6748.0,73,6750.0,732,6752.0,67,6744.0
SF409,,13:40:43.500#,6636.0,6776.0,6636.0,7192.0,6124.0,77783,138031,6734.0,8,6736.0,8,6738.0,12,6740.0,11,6742.0,21,6744.0,31,6746.0,32,6748.0,73,6750.0,732,6752.0,67,6742.0
SF409,,13:40:44.500#,6636.0,6776.0,6636.0,7192.0,6124.0,77783,138031,6734.0,8,6736.0,8,6738.0,12,6740.0,11,6742.0,24,6744.0,31,6746.0,32,6748.0,73,6750.0,732,6752.0,67,6742.0
SF409,,13:40:44.750#,6636.0,6776.0,6636.0,7192.0,6124.0,77791,138031,6734.0,8,6736.0,8,6738.0,12,6740.0,11,6742.0,24,6744.0,23,6746.0,32,6748.0,73,6750.0,732,6752.0,67,6744.0
SF409,,13:40:45.250#,6636.0,6776.0,6636.0,7192.0,6124.0,77791,138031,6734.0,8,6736.0,8,6738.0,12,6740.0,11,6742.0,24,6744.0,29,6746.0,32,6748.0,73,6750.0,732,6752.0,67,6744.0
SF409,,13:40:45.500#,6636.0,6776.0,6636.0,7192.0,6124.0,77791,138031,6734.0,8,6736.0,8,6738.0,12,6740.0,11,6742.0,24,6744.0,27,6746.0,32,6748.0,73,6750.0,732,6752.0,67,6744.0
SF409,,13:40:45.750#,6636.0,6776.0,6636.0,7192.0,6124.0,77793,138031,6734.0,8,6736.0,8,6738.0,12,6740.0,11,6742.0,22,6744.0,27,6746.0,32,6748.0,73,6750.0,732,6752.0,67,6742.0
SF409,,13:40:46.250#,6636.0,6776.0,6636.0,7192.0,6124.0,77793,138031,6734.0,8,6736.0,8,6738.0,12,6740.0,11,6742.0,22,6744.0,28,6746.0,32,6748.0,73,6750.0,732,6752.0,67,6742.0
SF409,,13:40:47.0#,6636.0,6776.0,6636.0,7192.0,6124.0,77793,138031,6734.0,8,6736.0,8,6738.0,12,6740.0,11,6742.0,22,6744.0,26,6746.0,32,6748.0,73,6750.0,732,6752.0,67,6742.0
SF409,,13:40:47.250#,6636.0,6776.0,6636.0,7192.0,6124.0,77793,138031,6734.0,8,6736.0,8,6738.0,12,6740.0,11,6742.0,22,6744.0,25,6746.0,32,6748.0,73,6750.0,732,6752.0,67,6742.0
SF409,,13:40:49.250#,6636.0,6776.0,6636.0,7192.0,6124.0,77799,138035,6734.0,8,6736.0,8,6738.0,12,6740.0,5,6742.0,22,6744.0,19,6746.0,32,6748.0,73,6750.0,732,6752.0,67,6744.0
SF409,,13:40:49.500#,6636.0,6776.0,6636.0,7192.0,6124.0,77799,138035,6734.0,8,6736.0,8,6738.0,12,6740.0,5,6742.0,23,6744.0,19,6746.0,32,6748.0,73,6750.0,732,6752.0,67,6744.0
SF409,,13:40:51.0#,6636.0,6776.0,6636.0,7192.0,6124.0,77799,138035,6734.0,8,6736.0,8,6738.0,12,6740.0,5,6742.0,25,6744.0,19,6746.0,32,6748.0,73,6750.0,732,6752.0,67,6744.0
SF409,,13:40:51.250#,6636.0,6776.0,6636.0,7192.0,6124.0,77800,138035,6734.0,8,6736.0,8,6738.0,12,6740.0,5,6742.0,25,6744.0,20,6746.0,32,6748.0,73,6750.0,732,6752.0,67,6744.0
SF409,,13:40:51.500#,6636.0,6776.0,6636.0,7192.0,6124.0,77800,138035,6734.0,8,6736.0,8,6738.0,12,6740.0,5,6742.0,27,6744.0,20,6746.0,32,6748.0,73,6750.0,732,6752.0,67,6744.0
SF409,,13:40:52.500#,6636.0,6776.0,6636.0,7192.0,6124.0,77802,138033,6734.0,8,6736.0,8,6738.0,12,6740.0,5,6742.0,25,6744.0,20,6746.0,32,6748.0,73,6750.0,732,6752.0,67,6742.0
SF409,,13:40:52.750#,6636.0,6776.0,6636.0,7192.0,6124.0,77802,138033,6734.0,8,6736.0,9,6738.0,12,6740.0,5,6742.0,25,6744.0,20,6746.0,32,6748.0,73,6750.0,732,6752.0,67,6742.0
SF409,,13:40:53.500#,6636.0,6776.0,6636.0,7192.0,6124.0,77803,138033,6734.0,8,6736.0,9,6738.0,12,6740.0,5,6742.0,25,6744.0,19,6746.0,32,6748.0,73,6750.0,732,6752.0,67,6744.0
SF409,,13:40:54.750#,6636.0,6776.0,6636.0,7192.0,6124.0,77804,138034,6734.0,8,6736.0,9,6738.0,12,6740.0,5,6742.0,25,6744.0,18,6746.0,32,6748.0,73,6750.0,732,6752.0,67,6744.0
SF409,,13:40:56.500#,6636.0,6776.0,6636.0,7192.0,6124.0,77804,138034,6734.0,8,6736.0,9,6738.0,12,6740.0,5,6742.0,26,6744.0,19,6746.0,32,6748.0,73,6750.0,732,6752.0,67,6744.0
SF409,,13:40:57.250#,6636.0,6776.0,6636.0,7192.0,6124.0,77805,138034,6734.0,8,6736.0,9,6738.0,12,6740.0,5,6742.0,26,6744.0,18,6746.0,32,6748.0,73,6750.0,732,6752.0,67,6744.0
SF409,,13:40:57.500#,6636.0,6776.0,6636.0,7192.0,6124.0,77805,138034,6734.0,8,6736.0,9,6738.0,12,6740.0,5,6742.0,26,6744.0,14,6746.0,32,6748.0,73,6750.0,732,6752.0,67,6744.0
SF409,,13:40:57.750#,6636.0,6776.0,6636.0,7192.0,6124.0,77805,138034,6734.0,8,6736.0,9,6738.0,12,6740.0,5,6742.0,26,6744.0,13,6746.0,32,6748.0,73,6750.0,732,6752.0,67,6744.0
SF409,,13:40:58.0#,6636.0,6776.0,6636.0,7192.0,6124.0,77805,138034,6734.0,8,6736.0,9,6738.0,12,6740.0,5,6742.0,26,6744.0,13,6746.0,29,6748.0,73,6750.0,732,6752.0,67,6744.0
SF409,,13:40:58.250#,6636.0,6776.0,6636.0,7192.0,6124.0,77806,138035,6734.0,8,6736.0,9,6738.0,12,6740.0,5,6742.0,26,6744.0,12,6746.0,29,6748.0,73,6750.0,732,6752.0,67,6744.0
SF409,,13:40:58.500#,6636.0,6776.0,6636.0,7192.0,6124.0,77807,138035,6734.0,8,6736.0,9,6738.0,12,6740.0,5,6742.0,25,6744.0,11,6746.0,29,6748.0,73,6750.0,732,6752.0,67,6744.0
SF409,,13:40:58.750#,6636.0,6776.0,6636.0,7192.0,6124.0,77808,138036,6734.0,8,6736.0,9,6738.0,12,6740.0,5,6742.0,25,6744.0,10,6746.0,29,6748.0,73,6750.0,732,6752.0,67,6744.0
SF409,,13:40:59.0#,6636.0,6776.0,6636.0,7192.0,6124.0,77812,138036,6734.0,8,6736.0,9,6738.0,12,6740.0,5,6742.0,21,6744.0,6,6746.0,29,6748.0,73,6750.0,732,6752.0,67,6744.0
SF409,,13:41:00.500#,6636.0,6776.0,6636.0,7192.0,6124.0,77814,138038,6734.0,8,6736.0,9,6738.0,12,6740.0,5,6742.0,22,6744.0,4,6746.0,29,6748.0,73,6750.0,732,6752.0,67,6744.0
SF409,,13:41:00.750#,6636.0,6776.0,6636.0,7192.0,6124.0,77816,138039,6734.0,8,6736.0,9,6738.0,12,6740.0,5,6742.0,21,6744.0,2,6746.0,29,6748.0,73,6750.0,732,6752.0,67,6744.0
SF409,,13:41:01.250#,6636.0,6776.0,6636.0,7192.0,6124.0,77816,138039,6734.0,8,6736.0,9,6738.0,12,6740.0,5,6742.0,22,6744.0,2,6746.0,29,6748.0,73,6750.0,732,6752.0,67,6744.0
SF409,,13:41:01.500#,6636.0,6776.0,6636.0,7192.0,6124.0,77816,138039,6734.0,8,6736.0,9,6738.0,12,6740.0,5,6742.0,24,6744.0,2,6746.0,29,6748.0,73,6750.0,732,6752.0,67,6744.0
SF409,,13:41:01.750#,6636.0,6776.0,6636.0,7192.0,6124.0,77816,138039,6734.0,8,6736.0,9,6738.0,12,6740.0,5,6742.0,34,6744.0,3,6746.0,29,6748.0,73,6750.0,732,6752.0,67,6744.0
SF409,,13:41:02.0#,6636.0,6776.0,6636.0,7192.0,6124.0,77816,138039,6734.0,8,6736.0,9,6738.0,12,6740.0,5,6742.0,35,6744.0,3,6746.0,29,6748.0,73,6750.0,732,6752.0,67,6744.0
SF409,,13:41:02.250#,6636.0,6776.0,6636.0,7192.0,6124.0,77817,138039,6734.0,8,6736.0,9,6738.0,12,6740.0,5,6742.0,35,6744.0,2,6746.0,29,6748.0,73,6750.0,732,6752.0,67,6744.0
SF409,,13:41:02.500#,6636.0,6776.0,6636.0,7192.0,6124.0,77818,138040,6734.0,8,6736.0,9,6738.0,12,6740.0,5,6742.0,35,6744.0,3,6746.0,29,6748.0,73,6750.0,732,6752.0,67,6744.0
SF409,,13:41:02.750#,6636.0,6776.0,6636.0,7192.0,6124.0,77818,138040,6734.0,8,6736.0,9,6738.0,12,6740.0,5,6742.0,42,6744.0,8,6746.0,29,6748.0,73,6750.0,732,6752.0,67,6744.0
SF409,,13:41:03.500#,6636.0,6776.0,6636.0,7192.0,6124.0,77819,138040,6734.0,8,6736.0,9,6738.0,12,6740.0,5,6742.0,43,6744.0,7,6746.0,29,6748.0,73,6750.0,732,6752.0,67,6744.0
SF409,,13:41:05.0#,6636.0,6776.0,6636.0,7192.0,6124.0,77820,138040,6734.0,8,6736.0,9,6738.0,12,6740.0,5,6742.0,42,6744.0,7,6746.0,29,6748.0,73,6750.0,732,6752.0,67,6742.0
SF409,,13:41:05.250#,6636.0,6776.0,6636.0,7192.0,6124.0,77820,138040,6734.0,8,6736.0,9,6738.0,12,6740.0,5,6742.0,44,6744.0,7,6746.0,29,6748.0,73,6750.0,732,6752.0,67,6742.0
SF409,,13:41:05.500#,6636.0,6776.0,6636.0,7192.0,6124.0,77820,138040,6734.0,8,6736.0,9,6738.0,12,6740.0,5,6742.0,46,6744.0,7,6746.0,29,6748.0,73,6750.0,732,6752.0,67,6742.0
SF409,,13:41:05.750#,6636.0,6776.0,6636.0,7192.0,6124.0,77820,138040,6734.0,8,6736.0,9,6738.0,12,6740.0,5,6742.0,48,6744.0,7,6746.0,29,6748.0,73,6750.0,732,6752.0,67,6742.0
SF409,,13:41:06.0#,6636.0,6776.0,6636.0,7192.0,6124.0,77820,138040,6734.0,8,6736.0,9,6738.0,12,6740.0,5,6742.0,48,6744.0,7,6746.0,29,6748.0,71,6750.0,732,6752.0,67,6742.0
SF409,,13:41:06.500#,6636.0,6776.0,6636.0,7192.0,6124.0,77821,138041,6734.0,8,6736.0,9,6738.0,12,6740.0,5,6742.0,47,6744.0,7,6746.0,29,6748.0,71,6750.0,732,6752.0,67,6742.0
SF409,,13:41:07.250#,6636.0,6776.0,6636.0,7192.0,6124.0,77822,138042,6734.0,8,6736.0,9,6738.0,12,6740.0,5,6742.0,48,6744.0,7,6746.0,29,6748.0,71,6750.0,732,6752.0,67,6744.0
SF409,,13:41:07.500#,6636.0,6776.0,6636.0,7192.0,6124.0,77823,138043,6734.0,8,6736.0,9,6738.0,12,6740.0,5,6742.0,48,6744.0,6,6746.0,29,6748.0,71,6750.0,732,6752.0,67,6744.0
SF409,,13:41:08.500#,6636.0,6776.0,6636.0,7192.0,6124.0,77824,138044,6734.0,8,6736.0,9,6738.0,12,6740.0,6,6742.0,48,6744.0,7,6746.0,29,6748.0,71,6750.0,732,6752.0,67,6744.0
SF409,,13:41:11.0#,6636.0,6776.0,6636.0,7192.0,6124.0,77824,138044,6734.0,8,6736.0,9,6738.0,12,6740.0,7,6742.0,56,6744.0,7,6746.0,29,6748.0,72,6750.0,726,6752.0,67,6744.0
SF409,,13:41:11.500#,6636.0,6776.0,6636.0,7192.0,6124.0,77824,138044,6734.0,8,6736.0,9,6738.0,12,6740.0,7,6742.0,60,6744.0,9,6746.0,29,6748.0,72,6750.0,726,6752.0,67,6744.0
SF409,,13:41:11.750#,6636.0,6776.0,6636.0,7192.0,6124.0,77824,138044,6734.0,8,6736.0,9,6738.0,12,6740.0,7,6742.0,61,6744.0,9,6746.0,29,6748.0,72,6750.0,726,6752.0,67,6744.0
SF409,,13:41:12.0#,6636.0,6776.0,6636.0,7192.0,6124.0,77824,138044,6734.0,8,6736.0,9,6738.0,13,6740.0,7,6742.0,61,6744.0,9,6746.0,29,6748.0,72,6750.0,726,6752.0,67,6744.0
SF409,,13:41:12.250#,6636.0,6776.0,6636.0,7192.0,6124.0,77825,138044,6734.0,8,6736.0,9,6738.0,13,6740.0,7,6742.0,61,6744.0,8,6746.0,29,6748.0,72,6750.0,726,6752.0,67,6744.0
SF409,,13:41:13.0#,6636.0,6776.0,6636.0,7192.0,6124.0,77826,138045,6734.0,8,6736.0,9,6738.0,12,6740.0,7,6742.0,61,6744.0,7,6746.0,29,6748.0,73,6750.0,726,6752.0,67,6744.0
SF409,,13:41:13.250#,6636.0,6776.0,6636.0,7192.0,6124.0,77826,138045,6734.0,8,6736.0,9,6738.0,12,6740.0,7,6742.0,61,6744.0,7,6746.0,29,6748.0,73,6750.0,726,6752.0,67,6744.0
SF409,,13:41:15.0#,6636.0,6776.0,6636.0,7192.0,6124.0,77826,138045,6734.0,8,6736.0,9,6738.0,12,6740.0,7,6742.0,61,6744.0,8,6746.0,29,6748.0,73,6750.0,726,6752.0,67,6744.0
SF409,,13:41:15.250#,6636.0,6776.0,6636.0,7192.0,6124.0,77826,138045,6734.0,8,6736.0,9,6738.0,12,6740.0,7,6742.0,61,6744.0,10,6746.0,29,6748.0,73,6750.0,726,6752.0,67,6744.0
SF409,,13:41:15.500#,6636.0,6776.0,6636.0,7192.0,6124.0,77826,138045,6734.0,8,6736.0,9,6738.0,12,6740.0,7,6742.0,61,6744.0,8,6746.0,29,6748.0,73,6750.0,726,6752.0,67,6744.0
SF409,,13:41:15.750#,6636.0,6776.0,6636.0,7192.0,6124.0,77826,138045,6734.0,8,6736.0,9,6738.0,12,6740.0,7,6742.0,61,6744.0,10,6746.0,29,6748.0,73,6750.0,726,6752.0,67,6744.0
SF409,,13:41:16.250#,6636.0,6776.0,6636.0,7192.0,6124.0,77826,138045,6734.0,8,6736.0,9,6738.0,12,6740.0,7,6742.0,61,6744.0,11,6746.0,29,6748.0,73,6750.0,726,6752.0,67,6744.0
SF409,,13:41:16.500#,6636.0,6776.0,6636.0,7192.0,6124.0,77826,138045,6734.0,8,6736.0,10,6738.0,12,6740.0,7,6742.0,61,6744.0,11,6746.0,29,6748.0,73,6750.0,726,6752.0,67,6744.0
SF409,,13:41:17.500#,6636.0,6776.0,6636.0,7192.0,6124.0,77834,138044,6734.0,8,6736.0,10,6738.0,12,6740.0,7,6742.0,61,6744.0,3,6746.0,29,6748.0,73,6750.0,726,6752.0,67,6744.0
SF409,,13:41:19.750#,6636.0,6776.0,6636.0,7192.0,6124.0,77838,138044,6734.0,8,6736.0,10,6738.0,12,6740.0,7,6742.0,68,6744.0,2,6746.0,31,6748.0,73,6750.0,726,6752.0,67,6742.0
SF409,,13:41:20.500#,6636.0,6776.0,6636.0,7192.0,6124.0,77839,138045,6734.0,8,6736.0,10,6738.0,12,6740.0,7,6742.0,67,6744.0,4,6746.0,31,6748.0,73,6750.0,726,6752.0,67,6742.0
SF409,,13:41:21.0#,6636.0,6776.0,6636.0,7192.0,6124.0,77843,138045,6736.0,10,6738.0,12,6740.0,8,6742.0,69,6744.0,4,6746.0,28,6748.0,72,6750.0,727,6752.0,67,6754.0,12,6744.0
SF409,,13:41:21.250#,6636.0,6776.0,6636.0,7192.0,6124.0,77843,138045,6736.0,10,6738.0,12,6740.0,8,6742.0,60,6744.0,10,6746.0,28,6748.0,72,6750.0,727,6752.0,67,6754.0,12,6744.0
SF409,,13:41:21.500#,6636.0,6776.0,6636.0,7192.0,6124.0,77843,138045,6736.0,10,6738.0,12,6740.0,8,6742.0,60,6744.0,10,6746.0,27,6748.0,72,6750.0,727,6752.0,67,6754.0,12,6744.0
SF409,,13:41:21.750#,6636.0,6776.0,6636.0,7192.0,6124.0,77843,138045,6736.0,10,6738.0,12,6740.0,8,6742.0,60,6744.0,10,6746.0,27,6748.0,72,6750.0,727,6752.0,67,6754.0,12,6744.0
SF409,,13:41:22.250#,6636.0,6776.0,6636.0,7192.0,6124.0,77843,138045,6736.0,10,6738.0,12,6740.0,8,6742.0,60,6744.0,10,6746.0,27,6748.0,72,6750.0,727,6752.0,67,6754.0,12,6744.0
SF409,,13:41:24.0#,6636.0,6776.0,6636.0,7192.0,6124.0,77843,138045,6736.0,10,6738.0,12,6740.0,8,6742.0,60,6744.0,11,6746.0,27,6748.0,72,6750.0,727,6752.0,67,6754.0,12,6744.0
SF409,,13:41:24.500#,6636.0,6776.0,6636.0,7192.0,6124.0,77845,138043,6736.0,10,6738.0,12,6740.0,8,6742.0,58,6744.0,11,6746.0,27,6748.0,73,6750.0,727,6752.0,67,6754.0,12,6744.0
SF409,,13:41:24.750#,6636.0,6776.0,6636.0,7192.0,6124.0,77845,138043,6736.0,10,6738.0,12,6740.0,8,6742.0,54,6744.0,17,6746.0,27,6748.0,73,6750.0,727,6752.0,67,6754.0,12,6744.0
SF409,,13:41:26.750#,6636.0,6776.0,6636.0,7192.0,6124.0,77846,138043,6736.0,10,6738.0,12,6740.0,7,6742.0,54,6744.0,16,6746.0,27,6748.0,73,6750.0,727,6752.0,67,6754.0,12,6744.0
SF409,,13:41:27.0#,6636.0,6776.0,6636.0,7192.0,6124.0,77846,138043,6736.0,10,6738.0,12,6740.0,7,6742.0,54,6744.0,16,6746.0,26,6748.0,73,6750.0,727,6752.0,67,6754.0,12,6744.0
SF409,,13:41:27.250#,6636.0,6776.0,6636.0,7192.0,6124.0,77847,138043,6736.0,10,6738.0,12,6740.0,7,6742.0,54,6744.0,15,6746.0,26,6748.0,73,6750.0,727,6752.0,67,6754.0,12,6744.0
SF409,,13:41:27.500#,6636.0,6776.0,6636.0,7192.0,6124.0,77848,138044,6736.0,10,6738.0,12,6740.0,7,6742.0,50,6744.0,18,6746.0,26,6748.0,73,6750.0,727,6752.0,67,6754.0,12,6744.0
SF409,,13:41:28.0#,6636.0,6776.0,6636.0,7192.0,6124.0,77849,138044,6736.0,10,6738.0,12,6740.0,7,6742.0,46,6744.0,21,6746.0,26,6748.0,73,6750.0,727,6752.0,67,6754.0,12,6744.0
SF409,,13:41:29.0#,6636.0,6776.0,6636.0,7192.0,6124.0,77849,138044,6736.0,10,6738.0,12,6740.0,7,6742.0,43,6744.0,25,6746.0,26,6748.0,73,6750.0,727,6752.0,67,6754.0,12,6744.0
SF409,,13:41:31.500#,6636.0,6776.0,6636.0,7192.0,6124.0,77849,138044,6736.0,10,6738.0,12,6740.0,7,6742.0,43,6744.0,27,6746.0,26,6748.0,73,6750.0,727,6752.0,67,6754.0,12,6744.0
SF409,,13:41:31.750#,6636.0,6776.0,6636.0,7192.0,6124.0,77851,138045,6736.0,10,6738.0,12,6740.0,7,6742.0,43,6744.0,26,6746.0,25,6748.0,73,6750.0,727,6752.0,67,6754.0,12,6744.0
SF409,,13:41:32.500#,6636.0,6776.0,6636.0,7192.0,6124.0,77851,138045,6736.0,10,6738.0,12,6740.0,7,6742.0,43,6744.0,26,6746.0,26,6748.0,73,6750.0,727,6752.0,67,6754.0,12,6744.0
SF409,,13:41:32.750#,6636.0,6776.0,6636.0,7192.0,6124.0,77851,138045,6736.0,10,6738.0,12,6740.0,7,6742.0,40,6744.0,30,6746.0,26,6748.0,73,6750.0,727,6752.0,67,6754.0,12,6744.0
SF409,,13:41:33.250#,6636.0,6776.0,6636.0,7192.0,6124.0,77851,138045,6736.0,10,6738.0,12,6740.0,7,6742.0,40,6744.0,30,6746.0,27,6748.0,73,6750.0,727,6752.0,67,6754.0,12,6744.0
SF409,,13:41:33.750#,6636.0,6776.0,6636.0,7192.0,6124.0,77854,138045,6736.0,10,6738.0,12,6740.0,7,6742.0,40,6744.0,32,6746.0,23,6748.0,73,6750.0,727,6752.0,67,6754.0,12,6744.0
SF409,,13:41:34.500#,6636.0,6776.0,6636.0,7192.0,6124.0,77854,138045,6736.0,10,6738.0,12,6740.0,7,6742.0,40,6744.0,33,6746.0,24,6748.0,73,6750.0,727,6752.0,67,6754.0,12,6744.0
SF409,,13:41:35.250#,6636.0,6776.0,6636.0,7192.0,6124.0,77854,138045,6736.0,10,6738.0,12,6740.0,7,6742.0,40,6744.0,33,6746.0,24,6748.0,73,6750.0,727,6752.0,74,6754.0,12,6744.0
SF409,,13:41:35.750#,6636.0,6776.0,6636.0,7192.0,6124.0,77854,138045,6736.0,10,6738.0,12,6740.0,7,6742.0,38,6744.0,33,6746.0,24,6748.0,73,6750.0,727,6752.0,74,6754.0,12,6744.0
SF409,,13:41:36.0#,6636.0,6776.0,6636.0,7192.0,6124.0,77854,138045,6736.0,10,6738.0,12,6740.0,7,6742.0,38,6744.0,35,6746.0,24,6748.0,73,6750.0,727,6752.0,74,6754.0,12,6744.0
SF409,,13:41:37.250#,6636.0,6776.0,6636.0,7192.0,6124.0,77854,138045,6736.0,10,6738.0,12,6740.0,7,6742.0,38,6744.0,36,6746.0,24,6748.0,73,6750.0,727,6752.0,74,6754.0,12,6744.0
SF409,,13:41:37.750#,6636.0,6776.0,6636.0,7192.0,6124.0,77854,138045,6736.0,10,6738.0,12,6740.0,7,6742.0,38,6744.0,36,6746.0,25,6748.0,73,6750.0,727,6752.0,74,6754.0,12,6744.0
SF409,,13:41:40.500#,6636.0,6776.0,6636.0,7192.0,6124.0,77854,138045,6736.0,10,6738.0,12,6740.0,7,6742.0,38,6744.0,37,6746.0,25,6748.0,73,6750.0,727,6752.0,74,6754.0,12,6744.0
SF409,,13:41:40.750#,6636.0,6776.0,6636.0,7192.0,6124.0,77854,138045,6736.0,10,6738.0,12,6740.0,7,6742.0,38,6744.0,38,6746.0,26,6748.0,73,6750.0,727,6752.0,74,6754.0,12,6744.0
SF409,,13:41:41.750#,6636.0,6776.0,6636.0,7192.0,6124.0,77854,138045,6736.0,10,6738.0,12,6740.0,7,6742.0,38,6744.0,38,6746.0,27,6748.0,73,6750.0,727,6752.0,74,6754.0,12,6744.0
SF409,,13:41:42.0#,6636.0,6776.0,6636.0,7192.0,6124.0,77854,138045,6736.0,10,6738.0,12,6740.0,7,6742.0,38,6744.0,38,6746.0,27,6748.0,73,6750.0,727,6752.0,74,6754.0,12,6744.0
SF409,,13:41:45.250#,6636.0,6776.0,6636.0,7192.0,6124.0,77858,138049,6736.0,10,6738.0,12,6740.0,7,6742.0,34,6744.0,39,6746.0,27,6748.0,73,6750.0,727,6752.0,74,6754.0,12,6744.0
SF409,,13:41:47.750#,6636.0,6776.0,6636.0,7192.0,6124.0,77883,138057,6736.0,10,6738.0,12,6740.0,8,6742.0,19,6744.0,39,6746.0,8,6748.0,73,6750.0,727,6752.0,74,6754.0,12,6746.0
SF409,,13:41:48.0#,6636.0,6776.0,6636.0,7192.0,6124.0,77883,138057,6736.0,10,6738.0,12,6740.0,8,6742.0,19,6744.0,39,6746.0,8,6748.0,73,6750.0,727,6752.0,74,6754.0,12,6746.0
SF409,,13:41:50.500#,6636.0,6776.0,6636.0,7192.0,6124.0,77888,138058,6736.0,10,6738.0,12,6740.0,8,6742.0,19,6744.0,37,6746.0,8,6748.0,73,6750.0,727,6752.0,74,6754.0,12,6746.0
SF409,,13:41:52.500#,6636.0,6776.0,6636.0,7192.0,6124.0,77891,138055,6736.0,10,6738.0,12,6740.0,8,6742.0,19,6744.0,35,6746.0,5,6748.0,73,6750.0,727,6752.0,74,6754.0,12,6746.0
SF409,,13:41:53.500#,6636.0,6776.0,6636.0,7192.0,6124.0,77892,138056,6736.0,10,6738.0,12,6740.0,8,6742.0,19,6744.0,35,6746.0,6,6748.0,73,6750.0,727,6752.0,74,6754.0,12,6746.0
SF409,,13:41:54.250#,6636.0,6776.0,6636.0,7192.0,6124.0,77894,138058,6736.0,10,6738.0,12,6740.0,8,6742.0,17,6744.0,37,6746.0,5,6748.0,73,6750.0,735,6752.0,74,6754.0,12,6746.0
SF409,,13:41:54.750#,6636.0,6776.0,6636.0,7192.0,6124.0,77895,138059,6736.0,10,6738.0,12,6740.0,7,6742.0,18,6744.0,37,6746.0,4,6748.0,73,6750.0,735,6752.0,74,6754.0,12,6746.0
SF409,,13:41:55.750#,6636.0,6776.0,6636.0,7192.0,6124.0,77895,138059,6736.0,10,6738.0,12,6740.0,7,6742.0,18,6744.0,35,6746.0,5,6748.0,73,6750.0,735,6752.0,74,6754.0,12,6746.0
SF409,,13:41:56.500#,6636.0,6776.0,6636.0,7192.0,6124.0,77903,138063,6738.0,12,6740.0,7,6742.0,18,6744.0,34,6746.0,2,6748.0,91,6750.0,735,6752.0,74,6754.0,12,6756.0,63,6746.0
SF409,,13:41:58.0#,6636.0,6776.0,6636.0,7192.0,6124.0,77913,138063,6736.0,10,6738.0,13,6740.0,7,6742.0,18,6744.0,24,6746.0,6,6748.0,75,6750.0,734,6752.0,75,6754.0,12,6746.0
SF409,,13:41:58.250#,6636.0,6776.0,6636.0,7192.0,6124.0,77915,138061,6736.0,10,6738.0,13,6740.0,7,6742.0,18,6744.0,24,6746.0,4,6748.0,75,6750.0,734,6752.0,75,6754.0,12,6746.0
SF409,,13:41:58.500#,6636.0,6776.0,6636.0,7192.0,6124.0,77915,138061,6736.0,10,6738.0,13,6740.0,7,6742.0,18,6744.0,25,6746.0,4,6748.0,75,6750.0,734,6752.0,75,6754.0,12,6746.0
SF409,,13:41:58.750#,6636.0,6776.0,6636.0,7192.0,6124.0,77929,138061,6736.0,10,6738.0,13,6740.0,7,6742.0,18,6744.0,25,6746.0,4,6748.0,75,6750.0,734,6752.0,75,6754.0,12,6744.0
SF409,,13:41:59.0#,6636.0,6776.0,6636.0,7192.0,6124.0,77938,138065,6736.0,10,6738.0,13,6740.0,7,6742.0,18,6744.0,30,6746.0,4,6748.0,75,6750.0,734,6752.0,75,6754.0,12,6744.0
SF409,,13:41:59.250#,6636.0,6776.0,6636.0,7192.0,6124.0,77945,138069,6736.0,10,6738.0,13,6740.0,7,6742.0,18,6744.0,37,6746.0,1,6748.0,75,6750.0,734,6752.0,75,6754.0,12,6746.0
SF409,,13:41:59.500#,6636.0,6776.0,6636.0,7192.0,6124.0,77945,138069,6736.0,10,6738.0,13,6740.0,7,6742.0,18,6744.0,37,6746.0,3,6748.0,75,6750.0,734,6752.0,75,6754.0,12,6746.0
SF409,,13:42:00.0#,6636.0,6776.0,6636.0,7192.0,6124.0,77948,138070,6736.0,10,6738.0,13,6740.0,7,6742.0,18,6744.0,36,6746.0,1,6748.0,75,6750.0,734,6752.0,75,6754.0,12,6746.0
SF409,,13:42:01.250#,6636.0,6776.0,6636.0,7192.0,6124.0,77949,138071,6736.0,10,6738.0,13,6740.0,7,6742.0,18,6744.0,35,6748.0,76,6750.0,734,6752.0,75,6754.0,12,6756.0,63,6746.0
SF409,,13:42:02.0#,6636.0,6776.0,6636.0,7192.0,6124.0,77949,138071,6738.0,13,6740.0,7,6742.0,18,6744.0,24,6746.0,15,6748.0,79,6750.0,734,6752.0,75,6754.0,12,6756.0,63,6746.0
SF409,,13:42:02.250#,6636.0,6776.0,6636.0,7192.0,6124.0,77950,138071,6738.0,13,6740.0,7,6742.0,17,6744.0,24,6746.0,16,6748.0,80,6750.0,734,6752.0,75,6754.0,12,6756.0,63,6746.0
SF409,,13:42:02.500#,6636.0,6776.0,6636.0,7192.0,6124.0,77950,138071,6738.0,13,6740.0,7,6742.0,17,6744.0,24,6746.0,16,6748.0,91,6750.0,734,6752.0,75,6754.0,12,6756.0,63,6746.0
SF409,,13:42:04.0#,6636.0,6776.0,6636.0,7192.0,6124.0,77950,138071,6738.0,13,6740.0,7,6742.0,17,6744.0,24,6746.0,16,6748.0,93,6750.0,734,6752.0,75,6754.0,12,6756.0,63,6746.0
SF409,,13:42:04.250#,6636.0,6776.0,6636.0,7192.0,6124.0,77950,138071,6738.0,13,6740.0,7,6742.0,17,6744.0,24,6746.0,22,6748.0,93,6750.0,734,6752.0,75,6754.0,12,6756.0,63,6746.0
SF409,,13:42:04.500#,6636.0,6776.0,6636.0,7192.0,6124.0,77950,138071,6738.0,13,6740.0,7,6742.0,17,6744.0,24,6746.0,26,6748.0,93,6750.0,734,6752.0,75,6754.0,12,6756.0,63,6746.0
SF409,,13:42:04.750#,6636.0,6776.0,6636.0,7192.0,6124.0,77950,138071,6738.0,13,6740.0,7,6742.0,17,6744.0,24,6746.0,26,6748.0,92,6750.0,734,6752.0,75,6754.0,12,6756.0,63,6746.0
SF409,,13:42:05.0#,6636.0,6776.0,6636.0,7192.0,6124.0,77950,138071,6738.0,13,6740.0,7,6742.0,17,6744.0,24,6746.0,26,6748.0,92,6750.0,734,6752.0,75,6754.0,12,6756.0,63,6746.0
SF409,,13:42:06.250#,6636.0,6776.0,6636.0,7192.0,6124.0,77951,138071,6738.0,13,6740.0,7,6742.0,17,6744.0,24,6746.0,25,6748.0,92,6750.0,734,6752.0,75,6754.0,12,6756.0,63,6746.0
SF409,,13:42:06.500#,6636.0,6776.0,6636.0,7192.0,6124.0,77951,138071,6738.0,13,6740.0,7,6742.0,17,6744.0,20,6746.0,25,6748.0,92,6750.0,734,6752.0,75,6754.0,12,6756.0,63,6746.0
SF409,,13:42:07.750#,6636.0,6776.0,6636.0,7192.0,6124.0,77953,138071,6738.0,13,6740.0,7,6742.0,17,6744.0,20,6746.0,23,6748.0,94,6750.0,734,6752.0,75,6754.0,12,6756.0,63,6746.0
SF409,,13:42:08.0#,6636.0,6776.0,6636.0,7192.0,6124.0,77954,138071,6738.0,13,6740.0,7,6742.0,17,6744.0,20,6746.0,27,6748.0,94,6750.0,734,6752.0,75,6754.0,12,6756.0,63,6748.0
SF409,,13:42:08.250#,6636.0,6776.0,6636.0,7192.0,6124.0,77954,138071,6738.0,13,6740.0,7,6742.0,17,6744.0,20,6746.0,28,6748.0,97,6750.0,734,6752.0,75,6754.0,12,6756.0,63,6748.0
SF409,,13:42:08.750#,6636.0,6776.0,6636.0,7192.0,6124.0,77954,138071,6738.0,13,6740.0,7,6742.0,17,6744.0,20,6746.0,29,6748.0,97,6750.0,734,6752.0,75,6754.0,12,6756.0,63,6748.0
SF409,,13:42:09.250#,6636.0,6776.0,6636.0,7192.0,6124.0,77954,138071,6738.0,13,6740.0,7,6742.0,17,6744.0,20,6746.0,29,6748.0,96,6750.0,734,6752.0,75,6754.0,12,6756.0,63,6748.0
SF409,,13:42:09.500#,6636.0,6776.0,6636.0,7192.0,6124.0,77954,138071,6738.0,13,6740.0,7,6742.0,17,6744.0,24,6746.0,30,6748.0,96,6750.0,734,6752.0,75,6754.0,12,6756.0,63,6748.0
SF409,,13:42:09.750#,6636.0,6776.0,6636.0,7192.0,6124.0,77954,138071,6738.0,13,6740.0,7,6742.0,17,6744.0,24,6746.0,30,6748.0,95,6750.0,734,6752.0,75,6754.0,12,6756.0,63,6748.0
SF409,,13:42:12.500#,6636.0,6776.0,6636.0,7192.0,6124.0,77961,138072,6738.0,13,6740.0,7,6742.0,17,6744.0,18,6746.0,33,6748.0,90,6750.0,734,6752.0,75,6754.0,12,6756.0,63,6748.0
SF409,,13:42:15.750#,6636.0,6776.0,6636.0,7192.0,6124.0,78001,138063,6738.0,9,6740.0,7,6742.0,15,6744.0,18,6746.0,3,6748.0,89,6750.0,746,6752.0,75,6754.0,12,6756.0,63,6746.0
SF409,,13:42:16.0#,6636.0,6776.0,6636.0,7192.0,6124.0,78005,138066,6736.0,10,6738.0,9,6740.0,7,6742.0,15,6744.0,30,6746.0,11,6748.0,89,6750.0,746,6752.0,75,6754.0,12,6746.0
SF409,,13:42:16.250#,6636.0,6776.0,6636.0,7192.0,6124.0,78005,138066,6736.0,10,6738.0,9,6740.0,7,6742.0,15,6744.0,29,6746.0,12,6748.0,83,6750.0,746,6752.0,75,6754.0,12,6746.0
SF409,,13:42:17.250#,6636.0,6776.0,6636.0,7192.0,6124.0,78018,138070,6736.0,10,6738.0,9,6740.0,7,6742.0,16,6744.0,32,6746.0,14,6748.0,80,6750.0,746,6752.0,75,6754.0,12,6746.0
SF409,,13:42:17.500#,6636.0,6776.0,6636.0,7192.0,6124.0,78019,138071,6736.0,10,6738.0,9,6740.0,7,6742.0,16,6744.0,32,6746.0,13,6748.0,80,6750.0,746,6752.0,75,6754.0,12,6746.0
SF409,,13:42:21.500#,6636.0,6776.0,6636.0,7192.0,6124.0,78021,138071,6736.0,10,6738.0,8,6740.0,7,6742.0,20,6744.0,32,6746.0,12,6748.0,80,6750.0,746,6752.0,75,6754.0,12,6744.0
SF409,,13:42:23.0#,6636.0,6776.0,6636.0,7192.0,6124.0,78022,138071,6736.0,10,6738.0,8,6740.0,7,6742.0,20,6744.0,37,6746.0,11,6748.0,82,6750.0,746,6752.0,68,6754.0,12,6746.0
SF409,,13:42:23.750#,6636.0,6776.0,6636.0,7192.0,6124.0,78022,138071,6736.0,9,6738.0,8,6740.0,7,6742.0,20,6744.0,37,6746.0,11,6748.0,82,6750.0,746,6752.0,68,6754.0,12,6746.0
SF409,,13:42:24.0#,6636.0,6776.0,6636.0,7192.0,6124.0,78022,138071,6736.0,9,6738.0,8,6740.0,7,6742.0,20,6744.0,37,6746.0,14,6748.0,82,6750.0,746,6752.0,68,6754.0,12,6746.0
SF409,,13:42:25.500#,6636.0,6776.0,6636.0,7192.0,6124.0,78023,138071,6736.0,9,6738.0,8,6740.0,7,6742.0,20,6744.0,36,6746.0,14,6748.0,82,6750.0,746,6752.0,68,6754.0,12,6744.0
SF409,,13:42:26.0#,6636.0,6776.0,6636.0,7192.0,6124.0,78028,138076,6736.0,9,6738.0,8,6740.0,7,6742.0,20,6744.0,38,6746.0,10,6748.0,82,6750.0,746,6752.0,68,6754.0,12,6746.0
SF409,,13:42:26.250#,6636.0,6776.0,6636.0,7192.0,6124.0,78029,138077,6736.0,9,6738.0,8,6740.0,7,6742.0,20,6744.0,37,6746.0,10,6748.0,82,6750.0,746,6752.0,68,6754.0,12,6744.0
SF409,,13:42:26.500#,6636.0,6776.0,6636.0,7192.0,6124.0,78031,138076,6736.0,9,6738.0,8,6740.0,7,6742.0,20,6744.0,35,6746.0,12,6748.0,82,6750.0,746,6752.0,68,6754.0,12,6744.0
SF409,,13:42:26.750#,6636.0,6776.0,6636.0,7192.0,6124.0,78031,138076,6736.0,9,6738.0,8,6740.0,7,6742.0,20,6744.0,36,6746.0,12,6748.0,82,6750.0,746,6752.0,68,6754.0,12,6744.0
SF409,,13:42:31.500#,6636.0,6776.0,6636.0,7192.0,6124.0,78032,138077,6736.0,6,6738.0,8,6740.0,7,6742.0,19,6744.0,40,6746.0,14,6748.0,81,6750.0,746,6752.0,68,6754.0,12,6744.0
SF409,,13:42:31.750#,6636.0,6776.0,6636.0,7192.0,6124.0,78032,138077,6736.0,6,6738.0,8,6740.0,7,6742.0,19,6744.0,38,6746.0,14,6748.0,81,6750.0,746,6752.0,68,6754.0,12,6744.0
SF409,,13:42:32.250#,6636.0,6776.0,6636.0,7192.0,6124.0,78033,138078,6736.0,6,6738.0,8,6740.0,7,6742.0,19,6744.0,37,6746.0,14,6748.0,81,6750.0,746,6752.0,68,6754.0,12,6744.0
SF409,,13:42:33.500#,6636.0,6776.0,6636.0,7192.0,6124.0,78034,138079,6736.0,6,6738.0,8,6740.0,7,6742.0,19,6744.0,36,6746.0,14,6748.0,81,6750.0,746,6752.0,68,6754.0,12,6744.0
SF409,,13:42:34.500#,6636.0,6776.0,6636.0,7192.0,6124.0,78034,138079,6736.0,6,6738.0,8,6740.0,7,6742.0,19,6744.0,36,6746.0,14,6748.0,88,6750.0,746,6752.0,68,6754.0,12,6744.0
SF409,,13:42:35.0#,6636.0,6776.0,6636.0,7192.0,6124.0,78034,138079,6736.0,6,6738.0,8,6740.0,7,6742.0,19,6744.0,36,6746.0,18,6748.0,88,6750.0,746,6752.0,68,6754.0,12,6744.0
SF409,,13:42:36.0#,6636.0,6776.0,6636.0,7192.0,6124.0,78053,138096,6736.0,6,6738.0,8,6740.0,7,6742.0,19,6744.0,35,6748.0,88,6750.0,746,6752.0,68,6754.0,12,6756.0,63,6746.0
SF409,,13:42:36.250#,6636.0,6776.0,6636.0,7192.0,6124.0,78053,138096,6738.0,8,6740.0,7,6742.0,18,6744.0,30,6746.0,1,6748.0,88,6750.0,746,6752.0,68,6754.0,12,6756.0,63,6746.0
SF409,,13:42:36.500#,6636.0,6776.0,6636.0,7192.0,6124.0,78053,138096,6738.0,8,6740.0,7,6742.0,17,6744.0,27,6746.0,5,6748.0,89,6750.0,746,6752.0,68,6754.0,12,6756.0,63,6746.0
SF409,,13:42:36.750#,6636.0,6776.0,6636.0,7192.0,6124.0,78053,138096,6738.0,8,6740.0,7,6742.0,17,6744.0,27,6746.0,5,6748.0,89,6750.0,746,6752.0,68,6754.0,12,6756.0,63,6746.0
SF409,,13:42:37.0#,6636.0,6776.0,6636.0,7192.0,6124.0,78053,138096,6738.0,8,6740.0,7,6742.0,17,6744.0,28,6746.0,5,6748.0,89,6750.0,746,6752.0,68,6754.0,12,6756.0,63,6746.0
SF409,,13:42:37.250#,6636.0,6776.0,6636.0,7192.0,6124.0,78053,138096,6738.0,8,6740.0,7,6742.0,17,6744.0,26,6746.0,5,6748.0,89,6750.0,746,6752.0,68,6754.0,12,6756.0,63,6746.0
SF409,,13:42:38.750#,6636.0,6776.0,6636.0,7192.0,6124.0,78053,138096,6738.0,8,6740.0,7,6742.0,17,6744.0,26,6746.0,5,6748.0,89,6750.0,746,6752.0,68,6754.0,12,6756.0,63,6746.0
SF409,,13:42:39.250#,6636.0,6776.0,6636.0,7192.0,6124.0,78054,138097,6738.0,8,6740.0,7,6742.0,17,6744.0,26,6746.0,5,6748.0,88,6750.0,746,6752.0,68,6754.0,12,6756.0,63,6748.0
SF409,,13:42:39.500#,6636.0,6776.0,6636.0,7192.0,6124.0,78060,138093,6736.0,6,6738.0,8,6740.0,7,6742.0,17,6744.0,39,6748.0,87,6750.0,746,6752.0,68,6754.0,12,6756.0,63,6748.0
SF409,,13:42:39.750#,6636.0,6776.0,6636.0,7192.0,6124.0,78060,138093,6738.0,8,6740.0,7,6742.0,17,6744.0,25,6746.0,1,6748.0,88,6750.0,747,6752.0,68,6754.0,12,6756.0,63,6748.0
SF409,,13:42:40.250#,6636.0,6776.0,6636.0,7192.0,6124.0,78060,138093,6738.0,8,6740.0,7,6742.0,17,6744.0,25,6746.0,1,6748.0,87,6750.0,747,6752.0,68,6754.0,12,6756.0,63,6748.0
SF409,,13:42:40.500#,6636.0,6776.0,6636.0,7192.0,6124.0,78060,138093,6738.0,8,6740.0,7,6742.0,17,6744.0,25,6746.0,2,6748.0,87,6750.0,747,6752.0,68,6754.0,12,6756.0,63,6748.0
SF409,,13:42:40.750#,6636.0,6776.0,6636.0,7192.0,6124.0,78060,138093,6738.0,8,6740.0,7,6742.0,17,6744.0,24,6746.0,3,6748.0,87,6750.0,747,6752.0,68,6754.0,12,6756.0,63,6748.0
SF409,,13:42:42.500#,6636.0,6776.0,6636.0,7192.0,6124.0,78062,138094,6738.0,8,6740.0,7,6742.0,17,6744.0,24,6746.0,3,6748.0,85,6750.0,747,6752.0,68,6754.0,12,6756.0,63,6748.0
SF409,,13:42:42.750#,6636.0,6776.0,6636.0,7192.0,6124.0,78062,138094,6738.0,8,6740.0,7,6742.0,17,6744.0,23,6746.0,4,6748.0,84,6750.0,747,6752.0,68,6754.0,12,6756.0,63,6748.0
SF409,,13:42:43.500#,6636.0,6776.0,6636.0,7192.0,6124.0,78064,138095,6738.0,8,6740.0,7,6742.0,17,6744.0,23,6746.0,2,6748.0,90,6750.0,747,6752.0,68,6754.0,12,6756.0,63,6746.0
SF409,,13:42:43.750#,6636.0,6776.0,6636.0,7192.0,6124.0,78064,138095,6738.0,8,6740.0,7,6742.0,17,6744.0,23,6746.0,2,6748.0,85,6750.0,747,6752.0,68,6754.0,12,6756.0,63,6746.0
SF409,,13:42:44.0#,6636.0,6776.0,6636.0,7192.0,6124.0,78066,138095,6736.0,6,6738.0,8,6740.0,7,6742.0,17,6744.0,36,6746.0,18,6748.0,84,6750.0,747,6752.0,68,6754.0,12,6746.0
SF409,,13:42:44.500#,6636.0,6776.0,6636.0,7192.0,6124.0,78066,138095,6736.0,6,6738.0,8,6740.0,7,6742.0,17,6744.0,37,6746.0,18,6748.0,83,6750.0,747,6752.0,68,6754.0,12,6746.0
SF409,,13:42:44.750#,6636.0,6776.0,6636.0,7192.0,6124.0,78066,138095,6736.0,6,6738.0,8,6740.0,7,6742.0,17,6744.0,38,6746.0,18,6748.0,83,6750.0,747,6752.0,68,6754.0,12,6746.0
SF409,,13:42:45.0#,6636.0,6776.0,6636.0,7192.0,6124.0,78066,138095,6736.0,6,6738.0,8,6740.0,7,6742.0,17,6744.0,36,6746.0,18,6748.0,83,6750.0,747,6752.0,68,6754.0,12,6746.0
SF409,,13:42:45.500#,6636.0,6776.0,6636.0,7192.0,6124.0,78075,138099,6736.0,6,6738.0,8,6740.0,7,6742.0,17,6744.0,28,6746.0,18,6748.0,83,6750.0,747,6752.0,68,6754.0,12,6744.0
SF409,,13:42:45.750#,6636.0,6776.0,6636.0,7192.0,6124.0,78076,138099,6736.0,6,6738.0,8,6740.0,7,6742.0,17,6744.0,27,6746.0,18,6748.0,83,6750.0,747,6752.0,68,6754.0,12,6746.0
SF409,,13:42:46.0#,6636.0,6776.0,6636.0,7192.0,6124.0,78076,138099,6736.0,6,6738.0,8,6740.0,7,6742.0,17,6744.0,27,6746.0,19,6748.0,83,6750.0,747,6752.0,68,6754.0,12,6746.0
SF409,,13:42:46.500#,6636.0,6776.0,6636.0,7192.0,6124.0,78076,138099,6736.0,6,6738.0,8,6740.0,7,6742.0,17,6744.0,28,6746.0,19,6748.0,83,6750.0,747,6752.0,68,6754.0,12,6746.0
SF409,,13:42:47.250#,6636.0,6776.0,6636.0,7192.0,6124.0,78076,138099,6736.0,6,6738.0,8,6740.0,7,6742.0,17,6744.0,28,6746.0,22,6748.0,83,6750.0,747,6752.0,68,6754.0,12,6746.0
SF409,,13:42:47.500#,6636.0,6776.0,6636.0,7192.0,6124.0,78076,138099,6736.0,6,6738.0,8,6740.0,7,6742.0,17,6744.0,28,6746.0,23,6748.0,83,6750.0,747,6752.0,68,6754.0,12,6746.0
SF409,,13:42:47.750#,6636.0,6776.0,6636.0,7192.0,6124.0,78076,138099,6736.0,6,6738.0,8,6740.0,7,6742.0,17,6744.0,28,6746.0,22,6748.0,83,6750.0,747,6752.0,68,6754.0,12,6746.0
SF409,,13:42:48.250#,6636.0,6776.0,6636.0,7192.0,6124.0,78076,138099,6736.0,6,6738.0,8,6740.0,7,6742.0,17,6744.0,28,6746.0,24,6748.0,83,6750.0,747,6752.0,68,6754.0,12,6746.0
SF409,,13:42:48.500#,6636.0,6776.0,6636.0,7192.0,6124.0,78088,138087,6736.0,6,6738.0,8,6740.0,7,6742.0,17,6744.0,28,6746.0,12,6748.0,83,6750.0,747,6752.0,68,6754.0,12,6746.0
SF409,,13:42:49.250#,6636.0,6776.0,6636.0,7192.0,6124.0,78088,138087,6736.0,6,6738.0,8,6740.0,7,6742.0,17,6744.0,28,6746.0,13,6748.0,83,6750.0,747,6752.0,68,6754.0,12,6746.0
SF409,,13:42:49.500#,6636.0,6776.0,6636.0,7192.0,6124.0,78088,138087,6736.0,6,6738.0,8,6740.0,7,6742.0,17,6744.0,30,6746.0,13,6748.0,83,6750.0,747,6752.0,68,6754.0,12,6746.0
SF409,,13:42:49.750#,6636.0,6776.0,6636.0,7192.0,6124.0,78088,138087,6736.0,6,6738.0,8,6740.0,7,6742.0,17,6744.0,30,6746.0,13,6748.0,84,6750.0,747,6752.0,68,6754.0,12,6746.0
SF409,,13:42:50.0#,6636.0,6776.0,6636.0,7192.0,6124.0,78088,138087,6736.0,6,6738.0,8,6740.0,7,6742.0,17,6744.0,30,6746.0,13,6748.0,84,6750.0,747,6752.0,68,6754.0,12,6746.0
SF409,,13:42:50.250#,6636.0,6776.0,6636.0,7192.0,6124.0,78089,138088,6736.0,6,6738.0,8,6740.0,7,6742.0,17,6744.0,29,6746.0,13,6748.0,84,6750.0,747,6752.0,68,6754.0,12,6744.0
SF409,,13:42:50.750#,6636.0,6776.0,6636.0,7192.0,6124.0,78089,138088,6736.0,6,6738.0,8,6740.0,7,6742.0,17,6744.0,29,6746.0,13,6748.0,90,6750.0,747,6752.0,68,6754.0,12,6744.0
SF409,,13:42:51.0#,6636.0,6776.0,6636.0,7192.0,6124.0,78089,138088,6736.0,6,6738.0,8,6740.0,7,6742.0,17,6744.0,30,6746.0,13,6748.0,90,6750.0,747,6752.0,68,6754.0,12,6744.0
SF409,,13:42:51.750#,6636.0,6776.0,6636.0,7192.0,6124.0,78090,138089,6736.0,6,6738.0,8,6740.0,7,6742.0,17,6744.0,29,6746.0,13,6748.0,90,6750.0,747,6752.0,68,6754.0,12,6744.0
SF409,,13:42:52.0#,6636.0,6776.0,6636.0,7192.0,6124.0,78090,138089,6736.0,6,6738.0,8,6740.0,7,6742.0,17,6744.0,30,6746.0,13,6748.0,90,6750.0,747,6752.0,68,6754.0,12,6744.0
SF409,,13:42:52.250#,6636.0,6776.0,6636.0,7192.0,6124.0,78091,138089,6736.0,6,6738.0,8,6740.0,7,6742.0,17,6744.0,29,6746.0,12,6748.0,90,6750.0,747,6752.0,68,6754.0,12,6746.0
SF409,,13:42:52.500#,6636.0,6776.0,6636.0,7192.0,6124.0,78091,138089,6736.0,6,6738.0,8,6740.0,7,6742.0,17,6744.0,27,6746.0,12,6748.0,90,6750.0,747,6752.0,68,6754.0,12,6746.0
SF409,,13:42:52.750#,6636.0,6776.0,6636.0,7192.0,6124.0,78092,138089,6736.0,6,6738.0,8,6740.0,7,6742.0,17,6744.0,30,6746.0,11,6748.0,90,6750.0,747,6752.0,68,6754.0,12,6746.0
SF409,,13:42:53.0#,6636.0,6776.0,6636.0,7192.0,6124.0,78094,138089,6736.0,6,6738.0,8,6740.0,7,6742.0,17,6744.0,27,6746.0,11,6748.0,90,6750.0,747,6752.0,68,6754.0,12,6744.0
SF409,,13:42:53.250#,6636.0,6776.0,6636.0,7192.0,6124.0,78095,138089,6736.0,6,6738.0,8,6740.0,7,6742.0,17,6744.0,26,6746.0,10,6748.0,90,6750.0,747,6752.0,68,6754.0,12,6746.0
SF409,,13:42:54.250#,6636.0,6776.0,6636.0,7192.0,6124.0,78095,138089,6736.0,6,6738.0,8,6740.0,7,6742.0,17,6744.0,26,6746.0,10,6748.0,91,6750.0,747,6752.0,68,6754.0,12,6746.0
SF409,,13:42:54.500#,6636.0,6776.0,6636.0,7192.0,6124.0,78095,138089,6736.0,6,6738.0,8,6740.0,7,6742.0,17,6744.0,26,6746.0,10,6748.0,91,6750.0,747,6752.0,68,6754.0,12,6746.0
SF409,,13:42:54.750#,6636.0,6776.0,6636.0,7192.0,6124.0,78095,138089,6736.0,6,6738.0,8,6740.0,7,6742.0,17,6744.0,26,6746.0,10,6748.0,91,6750.0,747,6752.0,68,6754.0,12,6746.0
SF409,,13:42:55.250#,6636.0,6776.0,6636.0,7192.0,6124.0,78095,138089,6736.0,6,6738.0,8,6740.0,7,6742.0,17,6744.0,26,6746.0,10,6748.0,92,6750.0,747,6752.0,68,6754.0,11,6746.0
SF409,,13:42:55.500#,6636.0,6776.0,6636.0,7192.0,6124.0,78095,138089,6736.0,6,6738.0,8,6740.0,7,6742.0,17,6744.0,27,6746.0,11,6748.0,92,6750.0,747,6752.0,68,6754.0,11,6746.0
SF409,,13:42:56.0#,6636.0,6776.0,6636.0,7192.0,6124.0,78095,138089,6736.0,6,6738.0,8,6740.0,7,6742.0,17,6744.0,27,6746.0,13,6748.0,92,6750.0,747,6752.0,68,6754.0,11,6746.0
SF409,,13:42:56.500#,6636.0,6776.0,6636.0,7192.0,6124.0,78095,138089,6736.0,6,6738.0,8,6740.0,7,6742.0,17,6744.0,27,6746.0,14,6748.0,92,6750.0,747,6752.0,68,6754.0,11,6746.0
SF409,,13:42:56.750#,6636.0,6776.0,6636.0,7192.0,6124.0,78095,138089,6736.0,6,6738.0,8,6740.0,7,6742.0,16,6744.0,27,6746.0,14,6748.0,92,6750.0,747,6752.0,68,6754.0,11,6746.0
SF409,,13:42:57.0#,6636.0,6776.0,6636.0,7192.0,6124.0,78096,138090,6736.0,6,6738.0,8,6740.0,7,6742.0,16,6744.0,27,6746.0,14,6748.0,92,6750.0,747,6752.0,68,6754.0,11,6744.0
SF409,,13:42:57.250#,6636.0,6776.0,6636.0,7192.0,6124.0,78096,138090,6736.0,6,6738.0,8,6740.0,7,6742.0,16,6744.0,28,6746.0,14,6748.0,92,6750.0,747,6752.0,68,6754.0,11,6744.0
SF409,,13:42:57.750#,6636.0,6776.0,6636.0,7192.0,6124.0,78096,138090,6736.0,6,6738.0,8,6740.0,7,6742.0,16,6744.0,28,6746.0,15,6748.0,92,6750.0,747,6752.0,68,6754.0,11,6744.0
SF409,,13:42:58.500#,6636.0,6776.0,6636.0,7192.0,6124.0,78096,138090,6736.0,6,6738.0,8,6740.0,7,6742.0,16,6744.0,29,6746.0,17,6748.0,92,6750.0,747,6752.0,68,6754.0,11,6744.0
SF409,,13:42:58.750#,6636.0,6776.0,6636.0,7192.0,6124.0,78096,138090,6736.0,6,6738.0,8,6740.0,7,6742.0,16,6744.0,29,6746.0,19,6748.0,92,6750.0,747,6752.0,68,6754.0,11,6744.0
SF409,,13:42:59.250#,6636.0,6776.0,6636.0,7192.0,6124.0,78096,138090,6736.0,6,6738.0,8,6740.0,7,6742.0,16,6744.0,29,6746.0,19,6748.0,91,6750.0,749,6752.0,68,6754.0,11,6744.0
SF409,,13:43:00.250#,6636.0,6776.0,6636.0,7192.0,6124.0,78099,138091,6736.0,6,6738.0,8,6740.0,7,6742.0,16,6744.0,30,6746.0,16,6748.0,91,6750.0,749,6752.0,68,6754.0,11,6744.0
SF409,,13:43:00.500#,6636.0,6776.0,6636.0,7192.0,6124.0,78099,138091,6736.0,6,6738.0,8,6740.0,7,6742.0,16,6744.0,29,6746.0,16,6748.0,91,6750.0,749,6752.0,68,6754.0,11,6744.0
SF409,,13:43:00.750#,6636.0,6776.0,6636.0,7192.0,6124.0,78114,138102,6736.0,6,6738.0,8,6740.0,7,6742.0,16,6744.0,28,6746.0,3,6748.0,91,6750.0,749,6752.0,68,6754.0,11,6746.0
SF409,,13:43:01.0#,6636.0,6776.0,6636.0,7192.0,6124.0,78114,138102,6736.0,6,6738.0,8,6740.0,7,6742.0,16,6744.0,29,6746.0,3,6748.0,92,6750.0,749,6752.0,68,6754.0,11,6746.0
SF409,,13:43:01.250#,6636.0,6776.0,6636.0,7192.0,6124.0,78115,138102,6736.0,6,6738.0,8,6740.0,8,6742.0,16,6744.0,29,6746.0,2,6748.0,92,6750.0,749,6752.0,68,6754.0,11,6746.0
SF409,,13:43:01.500#,6636.0,6776.0,6636.0,7192.0,6124.0,78115,138102,6736.0,6,6738.0,8,6740.0,8,6742.0,16,6744.0,31,6746.0,2,6748.0,92,6750.0,749,6752.0,68,6754.0,11,6746.0
SF409,,13:43:01.750#,6636.0,6776.0,6636.0,7192.0,6124.0,78115,138102,6736.0,6,6738.0,8,6740.0,8,6742.0,16,6744.0,37,6746.0,2,6748.0,92,6750.0,749,6752.0,68,6754.0,11,6746.0
SF409,,13:43:02.250#,6636.0,6776.0,6636.0,7192.0,6124.0,78115,138102,6736.0,6,6738.0,8,6740.0,8,6742.0,16,6744.0,37,6746.0,4,6748.0,92,6750.0,749,6752.0,68,6754.0,11,6746.0
SF409,,13:43:02.500#,6636.0,6776.0,6636.0,7192.0,6124.0,78115,138102,6736.0,6,6738.0,8,6740.0,8,6742.0,16,6744.0,55,6746.0,6,6748.0,92,6750.0,749,6752.0,68,6754.0,11,6746.0
SF409,,13:43:02.750#,6636.0,6776.0,6636.0,7192.0,6124.0,78115,138102,6736.0,6,6738.0,8,6740.0,8,6742.0,18,6744.0,61,6746.0,6,6748.0,92,6750.0,749,6752.0,68,6754.0,11,6746.0
SF409,,13:43:03.0#,6636.0,6776.0,6636.0,7192.0,6124.0,78115,138102,6736.0,6,6738.0,8,6740.0,8,6742.0,18,6744.0,68,6746.0,6,6748.0,92,6750.0,749,6752.0,68,6754.0,11,6746.0
SF409,,13:43:03.250#,6636.0,6776.0,6636.0,7192.0,6124.0,78115,138102,6736.0,6,6738.0,8,6740.0,8,6742.0,18,6744.0,68,6746.0,7,6748.0,91,6750.0,749,6752.0,68,6754.0,11,6746.0
SF409,,13:43:03.500#,6636.0,6776.0,6636.0,7192.0,6124.0,78115,138102,6736.0,6,6738.0,8,6740.0,8,6742.0,18,6744.0,68,6746.0,8,6748.0,91,6750.0,749,6752.0,68,6754.0,11,6746.0
SF409,,13:43:04.0#,6636.0,6776.0,6636.0,7192.0,6124.0,78115,138102,6736.0,6,6738.0,8,6740.0,8,6742.0,18,6744.0,68,6746.0,8,6748.0,92,6750.0,749,6752.0,68,6754.0,11,6746.0
SF409,,13:43:04.500#,6636.0,6776.0,6636.0,7192.0,6124.0,78115,138102,6736.0,6,6738.0,8,6740.0,8,6742.0,18,6744.0,69,6746.0,10,6748.0,92,6750.0,749,6752.0,68,6754.0,11,6746.0
SF409,,13:43:04.750#,6636.0,6776.0,6636.0,7192.0,6124.0,78118,138100,6736.0,6,6738.0,8,6740.0,8,6742.0,18,6744.0,69,6746.0,7,6748.0,92,6750.0,749,6752.0,68,6754.0,11,6746.0
SF409,,13:43:05.250#,6636.0,6776.0,6636.0,7192.0,6124.0,78118,138100,6736.0,6,6738.0,8,6740.0,8,6742.0,18,6744.0,69,6746.0,7,6748.0,92,6750.0,751,6752.0,68,6754.0,11,6746.0
SF409,,13:43:05.750#,6636.0,6776.0,6636.0,7192.0,6124.0,78119,138101,6736.0,6,6738.0,8,6740.0,8,6742.0,18,6744.0,69,6746.0,6,6748.0,92,6750.0,751,6752.0,68,6754.0,11,6746.0
SF409,,13:43:06.250#,6636.0,6776.0,6636.0,7192.0,6124.0,78119,138101,6736.0,6,6738.0,8,6740.0,8,6742.0,18,6744.0,70,6746.0,6,6748.0,92,6750.0,751,6752.0,68,6754.0,11,6746.0
SF409,,13:43:07.0#,6636.0,6776.0,6636.0,7192.0,6124.0,78119,138101,6736.0,6,6738.0,8,6740.0,8,6742.0,18,6744.0,70,6746.0,6,6748.0,92,6750.0,751,6752.0,68,6754.0,11,6746.0
SF409,,13:43:07.250#,6636.0,6776.0,6636.0,7192.0,6124.0,78119,138101,6736.0,6,6738.0,8,6740.0,8,6742.0,18,6744.0,70,6746.0,6,6748.0,92,6750.0,751,6752.0,68,6754.0,11,6746.0
SF409,,13:43:08.0#,6636.0,6776.0,6636.0,7192.0,6124.0,78119,138101,6736.0,6,6738.0,8,6740.0,8,6742.0,18,6744.0,70,6746.0,6,6748.0,100,6750.0,751,6752.0,68,6754.0,11,6746.0
SF409,,13:43:08.250#,6636.0,6776.0,6636.0,7192.0,6124.0,78120,138101,6736.0,6,6738.0,8,6740.0,8,6742.0,18,6744.0,70,6746.0,8,6748.0,101,6750.0,751,6752.0,68,6754.0,11,6746.0
SF409,,13:43:09.0#,6636.0,6776.0,6636.0,7192.0,6124.0,78121,138102,6736.0,6,6738.0,8,6740.0,8,6742.0,18,6744.0,70,6746.0,7,6748.0,101,6750.0,751,6752.0,68,6754.0,11,6746.0
SF409,,13:43:09.250#,6636.0,6776.0,6636.0,7192.0,6124.0,78123,138102,6736.0,6,6738.0,8,6740.0,8,6742.0,18,6744.0,70,6746.0,5,6748.0,101,6750.0,751,6752.0,68,6754.0,11,6746.0
SF409,,13:43:10.0#,6636.0,6776.0,6636.0,7192.0,6124.0,78123,138102,6736.0,6,6738.0,8,6740.0,8,6742.0,18,6744.0,70,6746.0,9,6748.0,101,6750.0,751,6752.0,68,6754.0,11,6746.0
SF409,,13:43:10.500#,6636.0,6776.0,6636.0,7192.0,6124.0,78123,138102,6736.0,6,6738.0,8,6740.0,8,6742.0,18,6744.0,71,6746.0,9,6748.0,101,6750.0,751,6752.0,68,6754.0,11,6746.0
SF409,,13:43:10.750#,6636.0,6776.0,6636.0,7192.0,6124.0,78123,138102,6736.0,6,6738.0,8,6740.0,8,6742.0,18,6744.0,82,6746.0,9,6748.0,101,6750.0,751,6752.0,68,6754.0,11,6746.0
SF409,,13:43:11.500#,6636.0,6776.0,6636.0,7192.0,6124.0,78123,138102,6736.0,6,6738.0,8,6740.0,8,6742.0,18,6744.0,82,6746.0,10,6748.0,101,6750.0,751,6752.0,68,6754.0,11,6746.0
SF409,,13:43:11.750#,6636.0,6776.0,6636.0,7192.0,6124.0,78126,138101,6736.0,6,6738.0,8,6740.0,8,6742.0,18,6744.0,85,6746.0,11,6748.0,101,6750.0,751,6752.0,68,6754.0,11,6744.0
SF409,,13:43:12.250#,6636.0,6776.0,6636.0,7192.0,6124.0,78126,138101,6736.0,6,6738.0,8,6740.0,8,6742.0,18,6744.0,89,6746.0,11,6748.0,101,6750.0,751,6752.0,68,6754.0,11,6744.0
SF409,,13:43:13.500#,6636.0,6776.0,6636.0,7192.0,6124.0,78129,138104,6736.0,6,6738.0,8,6740.0,8,6742.0,18,6744.0,89,6746.0,8,6748.0,101,6750.0,751,6752.0,68,6754.0,11,6746.0
SF409,,13:43:15.250#,6636.0,6776.0,6636.0,7192.0,6124.0,78137,138101,6736.0,6,6738.0,8,6740.0,8,6742.0,18,6744.0,89,6748.0,110,6750.0,751,6752.0,68,6754.0,11,6756.0,63,6746.0
SF409,,13:43:15.750#,6636.0,6776.0,6636.0,7192.0,6124.0,78137,138101,6738.0,8,6740.0,8,6742.0,18,6744.0,85,6746.0,3,6748.0,110,6750.0,751,6752.0,68,6754.0,11,6756.0,63,6746.0
SF409,,13:43:16.0#,6636.0,6776.0,6636.0,7192.0,6124.0,78138,138102,6738.0,8,6740.0,8,6742.0,18,6744.0,84,6746.0,4,6748.0,110,6750.0,751,6752.0,68,6754.0,11,6756.0,63,6746.0
SF409,,13:43:16.500#,6636.0,6776.0,6636.0,7192.0,6124.0,78140,138101,6738.0,8,6740.0,8,6742.0,18,6744.0,69,6746.0,18,6748.0,110,6750.0,751,6752.0,68,6754.0,11,6756.0,63,6746.0
SF409,,13:43:16.750#,6636.0,6776.0,6636.0,7192.0,6124.0,78141,138100,6738.0,8,6740.0,8,6742.0,18,6744.0,69,6746.0,18,6748.0,110,6750.0,751,6752.0,68,6754.0,11,6756.0,63,6746.0
SF409,,13:43:18.750#,6636.0,6776.0,6636.0,7192.0,6124.0,78141,138100,6738.0,8,6740.0,8,6742.0,18,6744.0,69,6746.0,20,6748.0,110,6750.0,751,6752.0,68,6754.0,11,6756.0,63,6746.0
SF409,,13:43:19.250#,6636.0,6776.0,6636.0,7192.0,6124.0,78147,138100,6738.0,8,6740.0,8,6742.0,18,6744.0,69,6746.0,15,6748.0,110,6750.0,751,6752.0,68,6754.0,11,6756.0,63,6746.0
SF409,,13:43:19.500#,6636.0,6776.0,6636.0,7192.0,6124.0,78152,138105,6738.0,8,6740.0,8,6742.0,18,6744.0,67,6746.0,10,6748.0,110,6750.0,751,6752.0,68,6754.0,11,6756.0,63,6746.0
SF409,,13:43:21.0#,6636.0,6776.0,6636.0,7192.0,6124.0,78152,138105,6738.0,8,6740.0,8,6742.0,18,6744.0,67,6746.0,10,6748.0,115,6750.0,751,6752.0,68,6754.0,11,6756.0,63,6746.0
SF409,,13:43:21.250#,6636.0,6776.0,6636.0,7192.0,6124.0,78152,138105,6738.0,8,6740.0,8,6742.0,18,6744.0,64,6746.0,12,6748.0,115,6750.0,751,6752.0,68,6754.0,11,6756.0,63,6746.0
SF409,,13:43:21.750#,6636.0,6776.0,6636.0,7192.0,6124.0,78152,138105,6738.0,8,6740.0,8,6742.0,18,6744.0,64,6746.0,13,6748.0,115,6750.0,751,6752.0,68,6754.0,11,6756.0,63,6746.0
SF409,,13:43:22.500#,6636.0,6776.0,6636.0,7192.0,6124.0,78152,138105,6738.0,8,6740.0,8,6742.0,18,6744.0,64,6746.0,14,6748.0,115,6750.0,751,6752.0,68,6754.0,11,6756.0,63,6746.0
SF409,,13:43:25.0#,6636.0,6776.0,6636.0,7192.0,6124.0,78154,138107,6738.0,8,6740.0,8,6742.0,18,6744.0,64,6746.0,12,6748.0,115,6750.0,751,6752.0,68,6754.0,11,6756.0,63,6746.0
SF409,,13:43:25.250#,6636.0,6776.0,6636.0,7192.0,6124.0,78154,138107,6738.0,8,6740.0,8,6742.0,18,6744.0,63,6746.0,17,6748.0,115,6750.0,751,6752.0,68,6754.0,11,6756.0,63,6746.0
SF409,,13:43:26.250#,6636.0,6776.0,6636.0,7192.0,6124.0,78154,138107,6738.0,8,6740.0,8,6742.0,18,6744.0,63,6746.0,17,6748.0,116,6750.0,751,6752.0,68,6754.0,11,6756.0,63,6746.0
SF409,,13:43:27.0#,6636.0,6776.0,6636.0,7192.0,6124.0,78155,138108,6738.0,8,6740.0,8,6742.0,18,6744.0,63,6746.0,16,6748.0,115,6750.0,751,6752.0,68,6754.0,11,6756.0,63,6746.0
SF409,,13:43:28.250#,6636.0,6776.0,6636.0,7192.0,6124.0,78155,138108,6738.0,8,6740.0,8,6742.0,18,6744.0,63,6746.0,17,6748.0,115,6750.0,751,6752.0,68,6754.0,11,6756.0,63,6746.0
SF409,,13:43:28.500#,6636.0,6776.0,6636.0,7192.0,6124.0,78156,138109,6738.0,8,6740.0,8,6742.0,18,6744.0,63,6746.0,17,6748.0,115,6750.0,751,6752.0,68,6754.0,11,6756.0,63,6748.0
SF409,,13:43:30.500#,6636.0,6776.0,6636.0,7192.0,6124.0,78159,138111,6738.0,8,6740.0,8,6742.0,18,6744.0,63,6746.0,14,6748.0,115,6750.0,751,6752.0,68,6754.0,11,6756.0,63,6746.0
SF409,,13:43:30.750#,6636.0,6776.0,6636.0,7192.0,6124.0,78160,138112,6738.0,8,6740.0,8,6742.0,18,6744.0,62,6746.0,14,6748.0,115,6750.0,751,6752.0,68,6754.0,11,6756.0,63,6746.0
SF409,,13:43:31.500#,6636.0,6776.0,6636.0,7192.0,6124.0,78162,138114,6738.0,8,6740.0,8,6742.0,18,6744.0,62,6746.0,15,6748.0,114,6750.0,751,6752.0,68,6754.0,11,6756.0,63,6748.0
SF409,,13:43:31.750#,6636.0,6776.0,6636.0,7192.0,6124.0,78164,138114,6738.0,8,6740.0,8,6742.0,18,6744.0,62,6746.0,13,6748.0,114,6750.0,751,6752.0,68,6754.0,11,6756.0,63,6746.0
SF409,,13:43:32.0#,6636.0,6776.0,6636.0,7192.0,6124.0,78165,138115,6738.0,8,6740.0,8,6742.0,18,6744.0,62,6746.0,12,6748.0,114,6750.0,751,6752.0,68,6754.0,11,6756.0,63,6746.0
SF409,,13:43:33.0#,6636.0,6776.0,6636.0,7192.0,6124.0,78167,138114,6738.0,8,6740.0,8,6742.0,18,6744.0,62,6746.0,10,6748.0,114,6750.0,751,6752.0,68,6754.0,11,6756.0,63,6746.0
SF409,,13:43:33.500#,6636.0,6776.0,6636.0,7192.0,6124.0,78168,138114,6738.0,8,6740.0,8,6742.0,18,6744.0,62,6746.0,9,6748.0,114,6750.0,751,6752.0,68,6754.0,11,6756.0,63,6746.0
SF409,,13:43:34.250#,6636.0,6776.0,6636.0,7192.0,6124.0,78177,138109,6736.0,5,6738.0,8,6740.0,8,6742.0,18,6744.0,74,6746.0,41,6748.0,107,6750.0,751,6752.0,68,6754.0,11,6746.0
SF409,,13:43:34.500#,6636.0,6776.0,6636.0,7192.0,6124.0,78178,138108,6736.0,5,6738.0,8,6740.0,8,6742.0,18,6744.0,69,6746.0,40,6748.0,107,6750.0,751,6752.0,68,6754.0,11,6746.0
SF409,,13:43:34.750#,6636.0,6776.0,6636.0,7192.0,6124.0,78178,138108,6736.0,5,6738.0,8,6740.0,8,6742.0,18,6744.0,70,6746.0,41,6748.0,103,6750.0,751,6752.0,68,6754.0,11,6746.0
SF409,,13:43:35.0#,6636.0,6776.0,6636.0,7192.0,6124.0,78178,138108,6736.0,5,6738.0,8,6740.0,8,6742.0,18,6744.0,71,6746.0,44,6748.0,94,6750.0,751,6752.0,68,6754.0,11,6746.0
SF409,,13:43:35.250#,6636.0,6776.0,6636.0,7192.0,6124.0,78178,138108,6736.0,5,6738.0,8,6740.0,8,6742.0,18,6744.0,71,6746.0,45,6748.0,94,6750.0,751,6752.0,68,6754.0,11,6746.0
SF409,,13:43:35.500#,6636.0,6776.0,6636.0,7192.0,6124.0,78178,138108,6736.0,5,6738.0,8,6740.0,8,6742.0,19,6744.0,71,6746.0,48,6748.0,94,6750.0,751,6752.0,68,6754.0,11,6746.0
SF409,,13:43:37.750#,6636.0,6776.0,6636.0,7192.0,6124.0,78178,138108,6736.0,5,6738.0,8,6740.0,8,6742.0,19,6744.0,71,6746.0,48,6748.0,94,6750.0,751,6752.0,68,6754.0,11,6746.0
SF409,,13:43:39.500#,6636.0,6776.0,6636.0,7192.0,6124.0,78179,138107,6736.0,5,6738.0,8,6740.0,8,6742.0,19,6744.0,71,6746.0,49,6748.0,94,6750.0,751,6752.0,68,6754.0,11,6746.0
SF409,,13:43:39.750#,6636.0,6776.0,6636.0,7192.0,6124.0,78180,138107,6736.0,5,6738.0,8,6740.0,8,6742.0,19,6744.0,72,6746.0,48,6748.0,94,6750.0,751,6752.0,68,6754.0,11,6746.0
SF409,,13:43:40.250#,6636.0,6776.0,6636.0,7192.0,6124.0,78180,138107,6736.0,5,6738.0,8,6740.0,9,6742.0,19,6744.0,72,6746.0,48,6748.0,94,6750.0,753,6752.0,68,6754.0,11,6746.0
SF409,,13:43:40.500#,6636.0,6776.0,6636.0,7192.0,6124.0,78180,138107,6736.0,5,6738.0,8,6740.0,9,6742.0,19,6744.0,73,6746.0,48,6748.0,94,6750.0,753,6752.0,68,6754.0,11,6746.0
SF409,,13:43:41.0#,6636.0,6776.0,6636.0,7192.0,6124.0,78180,138107,6736.0,5,6738.0,8,6740.0,9,6742.0,19,6744.0,73,6746.0,48,6748.0,96,6750.0,753,6752.0,68,6754.0,11,6746.0
SF409,,13:43:42.0#,6636.0,6776.0,6636.0,7192.0,6124.0,78181,138107,6736.0,5,6738.0,8,6740.0,9,6742.0,19,6744.0,73,6746.0,53,6748.0,96,6750.0,753,6752.0,68,6754.0,11,6746.0
SF409,,13:43:42.250#,6636.0,6776.0,6636.0,7192.0,6124.0,78181,138107,6736.0,5,6738.0,8,6740.0,9,6742.0,19,6744.0,73,6746.0,54,6748.0,96,6750.0,753,6752.0,68,6754.0,11,6746.0
SF409,,13:43:42.500#,6636.0,6776.0,6636.0,7192.0,6124.0,78182,138106,6736.0,5,6738.0,8,6740.0,9,6742.0,19,6744.0,73,6746.0,53,6748.0,96,6750.0,753,6752.0,68,6754.0,11,6746.0
SF409,,13:43:43.0#,6636.0,6776.0,6636.0,7192.0,6124.0,78182,138106,6736.0,5,6738.0,8,6740.0,9,6742.0,19,6744.0,73,6746.0,53,6748.0,96,6750.0,755,6752.0,68,6754.0,11,6746.0
SF409,,13:43:43.500#,6636.0,6776.0,6636.0,7192.0,6124.0,78182,138106,6736.0,5,6738.0,8,6740.0,9,6742.0,19,6744.0,73,6746.0,54,6748.0,96,6750.0,755,6752.0,68,6754.0,11,6746.0
SF409,,13:43:43.750#,6636.0,6776.0,6636.0,7192.0,6124.0,78182,138106,6736.0,5,6738.0,8,6740.0,9,6742.0,19,6744.0,73,6746.0,56,6748.0,96,6750.0,754,6752.0,68,6754.0,11,6746.0
SF409,,13:43:44.0#,6636.0,6776.0,6636.0,7192.0,6124.0,78182,138106,6736.0,5,6738.0,8,6740.0,9,6742.0,19,6744.0,74,6746.0,56,6748.0,96,6750.0,754,6752.0,68,6754.0,11,6746.0
SF409,,13:43:45.250#,6636.0,6776.0,6636.0,7192.0,6124.0,78182,138106,6736.0,5,6738.0,9,6740.0,9,6742.0,19,6744.0,74,6746.0,56,6748.0,97,6750.0,754,6752.0,68,6754.0,11,6746.0
SF409,,13:43:45.500#,6636.0,6776.0,6636.0,7192.0,6124.0,78182,138106,6736.0,5,6738.0,9,6740.0,9,6742.0,19,6744.0,73,6746.0,56,6748.0,97,6750.0,754,6752.0,68,6754.0,11,6746.0
SF409,,13:43:45.750#,6636.0,6776.0,6636.0,7192.0,6124.0,78187,138101,6736.0,5,6738.0,9,6740.0,9,6742.0,19,6744.0,73,6746.0,51,6748.0,97,6750.0,754,6752.0,68,6754.0,11,6746.0
SF409,,13:43:46.500#,6636.0,6776.0,6636.0,7192.0,6124.0,78187,138101,6736.0,5,6738.0,9,6740.0,9,6742.0,19,6744.0,73,6746.0,52,6748.0,96,6750.0,754,6752.0,68,6754.0,11,6746.0
SF409,,13:43:47.0#,6636.0,6776.0,6636.0,7192.0,6124.0,78188,138101,6736.0,5,6738.0,9,6740.0,9,6742.0,19,6744.0,75,6746.0,51,6748.0,96,6750.0,754,6752.0,68,6754.0,11,6746.0
SF409,,13:43:48.500#,6636.0,6776.0,6636.0,7192.0,6124.0,78188,138101,6736.0,5,6738.0,9,6740.0,9,6742.0,19,6744.0,75,6746.0,51,6748.0,97,6750.0,754,6752.0,68,6754.0,11,6746.0
