InstrumentId,ExchangeId,Datetime,OpenPrice,HighestPrice,LowestPrice,UpperLimitPrice,LowerLimitPrice,Volume,OpenInterest,BidPrice5,BidVolume5,BidPrice4,BidVolume4,BidPrice3,BidVolume3,BidPrice2,BidVolume2,BidPrice1,BidVolume1,AskPrice1,AskVolume1,AskPrice2,AskVolume2,AskPrice3,AskVolume3,AskPrice4,AskVolume4,AskPrice5,AskVolume5,LastPrice
SF410,,13:38:35.0#,6560.0,6716.0,6560.0,7126.0,6070.0,19166,73760,6672.0,3,6676.0,12,6678.0,3,6680.0,44,6682.0,83,6686.0,14,6688.0,117,6690.0,8,6694.0,7,6696.0,2,6684.0
SF410,,13:38:35.250#,6560.0,6716.0,6560.0,7126.0,6070.0,19166,73760,6672.0,3,6676.0,12,6678.0,3,6680.0,44,6682.0,82,6686.0,14,6688.0,117,6690.0,8,6694.0,7,6696.0,2,6684.0
SF410,,13:38:35.500#,6560.0,6716.0,6560.0,7126.0,6070.0,19166,73760,6672.0,3,6676.0,12,6678.0,3,6680.0,44,6682.0,82,6686.0,15,6688.0,117,6690.0,8,6694.0,7,6696.0,2,6684.0
SF410,,13:38:36.250#,6560.0,6716.0,6560.0,7126.0,6070.0,19166,73760,6672.0,3,6676.0,12,6678.0,3,6680.0,44,6682.0,80,6686.0,15,6688.0,117,6690.0,8,6694.0,7,6696.0,2,6684.0
SF410,,13:38:36.500#,6560.0,6716.0,6560.0,7126.0,6070.0,19166,73760,6676.0,12,6678.0,3,6680.0,44,6682.0,64,6684.0,10,6686.0,15,6688.0,117,6690.0,8,6694.0,7,6696.0,2,6684.0
SF410,,13:38:36.750#,6560.0,6716.0,6560.0,7126.0,6070.0,19166,73760,6676.0,12,6678.0,3,6680.0,44,6682.0,74,6684.0,10,6686.0,15,6688.0,117,6690.0,18,6694.0,7,6696.0,2,6684.0
SF410,,13:38:37.0#,6560.0,6716.0,6560.0,7126.0,6070.0,19166,73760,6676.0,12,6678.0,3,6680.0,44,6682.0,74,6684.0,10,6686.0,15,6688.0,127,6690.0,8,6694.0,7,6696.0,2,6684.0
SF410,,13:38:37.500#,6560.0,6716.0,6560.0,7126.0,6070.0,19166,73760,6676.0,12,6678.0,3,6680.0,34,6682.0,84,6684.0,10,6686.0,15,6688.0,127,6690.0,8,6694.0,7,6696.0,2,6684.0
SF410,,13:38:37.750#,6560.0,6716.0,6560.0,7126.0,6070.0,19171,73765,6676.0,12,6678.0,3,6680.0,34,6682.0,84,6684.0,5,6686.0,11,6688.0,127,6690.0,8,6694.0,7,6696.0,2,6684.0
SF410,,13:38:38.0#,6560.0,6716.0,6560.0,7126.0,6070.0,19171,73765,6676.0,12,6678.0,3,6680.0,24,6682.0,94,6684.0,6,6686.0,15,6688.0,117,6690.0,18,6694.0,7,6696.0,2,6684.0
SF410,,13:38:38.250#,6560.0,6716.0,6560.0,7126.0,6070.0,19171,73765,6676.0,7,6678.0,3,6680.0,34,6682.0,84,6684.0,6,6686.0,15,6688.0,127,6690.0,8,6694.0,7,6696.0,2,6684.0
SF410,,13:38:39.0#,6560.0,6716.0,6560.0,7126.0,6070.0,19171,73765,6676.0,7,6678.0,3,6680.0,34,6682.0,84,6684.0,1,6686.0,15,6688.0,127,6690.0,8,6694.0,7,6696.0,2,6684.0
SF410,,13:38:39.500#,6560.0,6716.0,6560.0,7126.0,6070.0,19171,73765,6676.0,7,6678.0,3,6680.0,34,6682.0,84,6684.0,1,6686.0,11,6688.0,127,6690.0,8,6694.0,7,6696.0,2,6684.0
SF410,,13:38:39.750#,6560.0,6716.0,6560.0,7126.0,6070.0,19171,73765,6676.0,7,6678.0,3,6680.0,34,6682.0,84,6684.0,1,6686.0,16,6688.0,127,6690.0,8,6694.0,7,6696.0,2,6684.0
SF410,,13:38:40.500#,6560.0,6716.0,6560.0,7126.0,6070.0,19171,73765,6676.0,7,6678.0,3,6680.0,24,6682.0,94,6684.0,1,6686.0,16,6688.0,117,6690.0,18,6694.0,7,6696.0,2,6684.0
SF410,,13:38:41.250#,6560.0,6716.0,6560.0,7126.0,6070.0,19171,73765,6676.0,7,6678.0,3,6680.0,34,6682.0,84,6684.0,1,6686.0,16,6688.0,127,6690.0,8,6694.0,7,6696.0,2,6684.0
SF410,,13:38:41.750#,6560.0,6716.0,6560.0,7126.0,6070.0,19171,73765,6676.0,7,6678.0,3,6680.0,34,6682.0,84,6684.0,1,6686.0,20,6688.0,127,6690.0,8,6694.0,7,6696.0,2,6684.0
SF410,,13:38:42.250#,6560.0,6716.0,6560.0,7126.0,6070.0,19171,73765,6676.0,7,6678.0,3,6680.0,24,6682.0,94,6684.0,1,6686.0,20,6688.0,117,6690.0,18,6694.0,7,6696.0,2,6684.0
SF410,,13:38:42.500#,6560.0,6716.0,6560.0,7126.0,6070.0,19171,73765,6676.0,7,6678.0,3,6680.0,24,6682.0,94,6684.0,1,6686.0,19,6688.0,117,6690.0,18,6694.0,7,6696.0,2,6684.0
SF410,,13:38:42.750#,6560.0,6716.0,6560.0,7126.0,6070.0,19171,73765,6676.0,7,6678.0,3,6680.0,34,6682.0,84,6684.0,1,6686.0,20,6688.0,127,6690.0,8,6694.0,7,6696.0,2,6684.0
SF410,,13:38:43.0#,6560.0,6716.0,6560.0,7126.0,6070.0,19172,73764,6672.0,3,6676.0,7,6678.0,3,6680.0,34,6682.0,98,6686.0,20,6688.0,127,6690.0,8,6694.0,7,6696.0,2,6684.0
SF410,,13:38:44.500#,6560.0,6716.0,6560.0,7126.0,6070.0,19172,73764,6672.0,3,6676.0,7,6678.0,3,6680.0,34,6682.0,99,6686.0,21,6688.0,127,6690.0,8,6694.0,7,6696.0,2,6684.0
SF410,,13:38:45.250#,6560.0,6716.0,6560.0,7126.0,6070.0,19172,73764,6672.0,3,6676.0,7,6678.0,3,6680.0,34,6682.0,101,6686.0,21,6688.0,127,6690.0,8,6694.0,7,6696.0,2,6684.0
SF410,,13:38:45.750#,6560.0,6716.0,6560.0,7126.0,6070.0,19172,73764,6672.0,3,6676.0,7,6678.0,3,6680.0,34,6682.0,101,6686.0,31,6688.0,127,6690.0,8,6694.0,7,6696.0,2,6684.0
SF410,,13:38:46.0#,6560.0,6716.0,6560.0,7126.0,6070.0,19172,73764,6672.0,3,6676.0,7,6678.0,3,6680.0,34,6682.0,101,6686.0,51,6688.0,107,6690.0,8,6694.0,7,6696.0,2,6684.0
SF410,,13:38:46.250#,6560.0,6716.0,6560.0,7126.0,6070.0,19172,73764,6672.0,3,6676.0,7,6678.0,3,6680.0,34,6682.0,101,6686.0,41,6688.0,117,6690.0,8,6694.0,7,6696.0,2,6684.0
SF410,,13:38:46.750#,6560.0,6716.0,6560.0,7126.0,6070.0,19172,73764,6672.0,3,6676.0,7,6678.0,3,6680.0,34,6682.0,101,6686.0,36,6688.0,117,6690.0,8,6694.0,7,6696.0,2,6684.0
SF410,,13:38:47.0#,6560.0,6716.0,6560.0,7126.0,6070.0,19172,73764,6672.0,3,6676.0,7,6678.0,3,6680.0,34,6682.0,101,6686.0,35,6688.0,117,6690.0,8,6694.0,7,6696.0,2,6684.0
SF410,,13:38:48.500#,6560.0,6716.0,6560.0,7126.0,6070.0,19172,73764,6676.0,7,6678.0,3,6680.0,34,6682.0,86,6684.0,5,6686.0,35,6688.0,117,6690.0,8,6694.0,7,6696.0,2,6684.0
SF410,,13:38:48.750#,6560.0,6716.0,6560.0,7126.0,6070.0,19172,73764,6676.0,7,6678.0,3,6680.0,34,6682.0,85,6684.0,6,6686.0,31,6688.0,117,6690.0,8,6694.0,7,6696.0,2,6684.0
SF410,,13:38:49.0#,6560.0,6716.0,6560.0,7126.0,6070.0,19172,73764,6676.0,7,6678.0,3,6680.0,24,6682.0,92,6684.0,9,6686.0,29,6688.0,107,6690.0,18,6694.0,7,6696.0,2,6684.0
SF410,,13:38:49.250#,6560.0,6716.0,6560.0,7126.0,6070.0,19172,73764,6676.0,7,6678.0,3,6680.0,34,6682.0,82,6684.0,9,6686.0,25,6688.0,127,6690.0,8,6694.0,7,6696.0,2,6684.0
SF410,,13:38:50.250#,6560.0,6716.0,6560.0,7126.0,6070.0,19172,73764,6676.0,7,6678.0,3,6680.0,34,6682.0,82,6684.0,9,6686.0,22,6688.0,127,6690.0,8,6694.0,7,6696.0,2,6684.0
SF410,,13:38:50.500#,6560.0,6716.0,6560.0,7126.0,6070.0,19172,73764,6676.0,7,6678.0,3,6680.0,24,6682.0,92,6684.0,9,6686.0,22,6688.0,117,6690.0,18,6694.0,7,6696.0,2,6684.0
SF410,,13:38:51.250#,6560.0,6716.0,6560.0,7126.0,6070.0,19172,73764,6676.0,7,6678.0,3,6680.0,34,6682.0,82,6684.0,9,6686.0,22,6688.0,127,6690.0,8,6694.0,7,6696.0,2,6684.0
SF410,,13:38:51.750#,6560.0,6716.0,6560.0,7126.0,6070.0,19172,73764,6676.0,7,6678.0,3,6680.0,34,6682.0,82,6684.0,9,6686.0,18,6688.0,127,6690.0,8,6694.0,7,6696.0,2,6684.0
SF410,,13:38:52.0#,6560.0,6716.0,6560.0,7126.0,6070.0,19172,73764,6676.0,7,6678.0,3,6680.0,24,6682.0,92,6684.0,9,6686.0,23,6688.0,117,6690.0,18,6694.0,7,6696.0,2,6684.0
SF410,,13:38:52.250#,6560.0,6716.0,6560.0,7126.0,6070.0,19172,73764,6676.0,7,6678.0,3,6680.0,34,6682.0,82,6684.0,9,6686.0,23,6688.0,127,6690.0,8,6694.0,7,6696.0,2,6684.0
SF410,,13:38:53.500#,6560.0,6716.0,6560.0,7126.0,6070.0,19172,73764,6676.0,7,6678.0,3,6680.0,34,6682.0,82,6684.0,9,6686.0,22,6688.0,127,6690.0,8,6694.0,7,6696.0,2,6684.0
SF410,,13:38:53.750#,6560.0,6716.0,6560.0,7126.0,6070.0,19174,73762,6676.0,7,6678.0,3,6680.0,24,6682.0,92,6684.0,7,6686.0,17,6688.0,117,6690.0,18,6694.0,7,6696.0,2,6684.0
SF410,,13:38:54.0#,6560.0,6716.0,6560.0,7126.0,6070.0,19174,73762,6676.0,7,6678.0,3,6680.0,14,6682.0,102,6684.0,7,6686.0,17,6688.0,107,6690.0,28,6694.0,7,6696.0,2,6684.0
SF410,,13:38:54.250#,6560.0,6716.0,6560.0,7126.0,6070.0,19174,73762,6676.0,7,6678.0,3,6680.0,34,6682.0,82,6684.0,7,6686.0,22,6688.0,127,6690.0,8,6694.0,7,6696.0,2,6684.0
SF410,,13:38:55.250#,6560.0,6716.0,6560.0,7126.0,6070.0,19174,73762,6676.0,7,6678.0,3,6680.0,34,6682.0,82,6684.0,7,6686.0,21,6688.0,127,6690.0,8,6694.0,7,6696.0,2,6684.0
SF410,,13:38:55.500#,6560.0,6716.0,6560.0,7126.0,6070.0,19178,73758,6676.0,7,6678.0,3,6680.0,24,6682.0,92,6684.0,3,6686.0,21,6688.0,117,6690.0,18,6694.0,7,6696.0,2,6684.0
SF410,,13:38:55.750#,6560.0,6716.0,6560.0,7126.0,6070.0,19178,73758,6676.0,7,6678.0,3,6680.0,14,6682.0,102,6684.0,8,6686.0,21,6688.0,107,6690.0,28,6694.0,7,6696.0,2,6684.0
SF410,,13:38:56.0#,6560.0,6716.0,6560.0,7126.0,6070.0,19178,73758,6676.0,7,6678.0,3,6680.0,24,6682.0,92,6684.0,8,6686.0,21,6688.0,117,6690.0,18,6694.0,7,6696.0,2,6684.0
SF410,,13:38:56.250#,6560.0,6716.0,6560.0,7126.0,6070.0,19178,73758,6676.0,7,6678.0,3,6680.0,24,6682.0,92,6684.0,3,6686.0,21,6688.0,117,6690.0,18,6694.0,7,6696.0,2,6684.0
SF410,,13:38:56.500#,6560.0,6716.0,6560.0,7126.0,6070.0,19179,73757,6676.0,7,6678.0,3,6680.0,34,6682.0,82,6684.0,8,6686.0,20,6688.0,127,6690.0,8,6694.0,7,6696.0,2,6686.0
SF410,,13:38:56.750#,6560.0,6716.0,6560.0,7126.0,6070.0,19179,73757,6676.0,7,6678.0,3,6680.0,24,6682.0,92,6684.0,8,6686.0,20,6688.0,117,6690.0,18,6694.0,7,6696.0,2,6686.0
SF410,,13:38:57.250#,6560.0,6716.0,6560.0,7126.0,6070.0,19179,73757,6676.0,7,6678.0,3,6680.0,24,6682.0,92,6684.0,9,6686.0,20,6688.0,117,6690.0,18,6694.0,7,6696.0,2,6686.0
SF410,,13:38:57.500#,6560.0,6716.0,6560.0,7126.0,6070.0,19179,73757,6676.0,7,6678.0,3,6680.0,34,6682.0,82,6684.0,9,6686.0,20,6688.0,127,6690.0,8,6694.0,7,6696.0,2,6686.0
SF410,,13:38:58.500#,6560.0,6716.0,6560.0,7126.0,6070.0,19180,73756,6676.0,7,6678.0,3,6680.0,34,6682.0,82,6684.0,9,6686.0,19,6688.0,127,6690.0,8,6694.0,7,6696.0,2,6686.0
SF410,,13:38:58.750#,6560.0,6716.0,6560.0,7126.0,6070.0,19180,73756,6676.0,7,6678.0,3,6680.0,24,6682.0,92,6684.0,9,6686.0,19,6688.0,117,6690.0,18,6694.0,7,6696.0,2,6686.0
SF410,,13:38:59.0#,6560.0,6716.0,6560.0,7126.0,6070.0,19180,73756,6676.0,7,6678.0,3,6680.0,34,6682.0,82,6684.0,9,6686.0,19,6688.0,127,6690.0,8,6694.0,7,6696.0,2,6686.0
SF410,,13:38:59.250#,6560.0,6716.0,6560.0,7126.0,6070.0,19182,73756,6676.0,7,6678.0,3,6680.0,34,6682.0,82,6684.0,9,6686.0,17,6688.0,127,6690.0,8,6694.0,7,6696.0,2,6686.0
SF410,,13:38:59.500#,6560.0,6716.0,6560.0,7126.0,6070.0,19183,73756,6676.0,7,6678.0,3,6680.0,34,6682.0,82,6684.0,8,6686.0,17,6688.0,127,6690.0,8,6694.0,7,6696.0,2,6684.0
SF410,,13:38:59.750#,6560.0,6716.0,6560.0,7126.0,6070.0,19183,73756,6676.0,7,6678.0,3,6680.0,24,6682.0,92,6684.0,8,6686.0,17,6688.0,117,6690.0,18,6694.0,7,6696.0,2,6684.0
SF410,,13:39:00.0#,6560.0,6716.0,6560.0,7126.0,6070.0,19184,73755,6676.0,7,6678.0,3,6680.0,24,6682.0,92,6684.0,13,6686.0,16,6688.0,117,6690.0,18,6694.0,7,6696.0,2,6686.0
SF410,,13:39:00.500#,6560.0,6716.0,6560.0,7126.0,6070.0,19184,73755,6676.0,7,6678.0,3,6680.0,24,6682.0,92,6684.0,15,6686.0,16,6688.0,117,6690.0,18,6694.0,7,6696.0,2,6686.0
SF410,,13:39:00.750#,6560.0,6716.0,6560.0,7126.0,6070.0,19184,73755,6676.0,7,6678.0,3,6680.0,14,6682.0,92,6684.0,25,6686.0,16,6688.0,97,6690.0,38,6694.0,7,6696.0,2,6686.0
SF410,,13:39:01.0#,6560.0,6716.0,6560.0,7126.0,6070.0,19184,73755,6676.0,7,6678.0,3,6680.0,4,6682.0,102,6684.0,25,6686.0,16,6688.0,87,6690.0,48,6694.0,7,6696.0,2,6686.0
SF410,,13:39:01.250#,6560.0,6716.0,6560.0,7126.0,6070.0,19184,73755,6676.0,7,6678.0,3,6680.0,4,6682.0,102,6684.0,28,6686.0,16,6688.0,87,6690.0,48,6694.0,7,6696.0,2,6686.0
SF410,,13:39:01.500#,6560.0,6716.0,6560.0,7126.0,6070.0,19184,73755,6676.0,7,6678.0,3,6680.0,4,6682.0,102,6684.0,34,6686.0,16,6688.0,77,6690.0,58,6694.0,7,6696.0,2,6686.0
SF410,,13:39:01.750#,6560.0,6716.0,6560.0,7126.0,6070.0,19185,73754,6676.0,7,6678.0,3,6680.0,4,6682.0,92,6684.0,43,6686.0,10,6688.0,77,6690.0,58,6694.0,7,6696.0,2,6686.0
SF410,,13:39:02.0#,6560.0,6716.0,6560.0,7126.0,6070.0,19186,73753,6676.0,7,6678.0,3,6680.0,4,6682.0,82,6684.0,53,6686.0,9,6688.0,77,6690.0,58,6694.0,7,6696.0,2,6686.0
SF410,,13:39:02.500#,6560.0,6716.0,6560.0,7126.0,6070.0,19186,73753,6676.0,7,6678.0,3,6680.0,4,6682.0,72,6684.0,63,6686.0,9,6688.0,59,6690.0,68,6694.0,7,6696.0,2,6686.0
SF410,,13:39:02.750#,6560.0,6716.0,6560.0,7126.0,6070.0,19186,73753,6676.0,7,6678.0,3,6680.0,4,6682.0,62,6684.0,73,6686.0,9,6688.0,49,6690.0,78,6694.0,7,6696.0,2,6686.0
SF410,,13:39:03.0#,6560.0,6716.0,6560.0,7126.0,6070.0,19186,73753,6676.0,7,6678.0,3,6680.0,4,6682.0,62,6684.0,73,6686.0,9,6688.0,39,6690.0,88,6694.0,7,6696.0,2,6686.0
SF410,,13:39:04.0#,6560.0,6716.0,6560.0,7126.0,6070.0,19186,73753,6676.0,7,6678.0,3,6680.0,4,6682.0,52,6684.0,83,6686.0,9,6688.0,39,6690.0,88,6694.0,7,6696.0,2,6686.0
SF410,,13:39:04.250#,6560.0,6716.0,6560.0,7126.0,6070.0,19186,73753,6676.0,7,6678.0,3,6680.0,4,6682.0,42,6684.0,83,6686.0,9,6688.0,39,6690.0,78,6694.0,7,6696.0,2,6686.0
SF410,,13:39:07.0#,6560.0,6716.0,6560.0,7126.0,6070.0,19186,73753,6676.0,7,6678.0,3,6680.0,4,6682.0,52,6684.0,73,6686.0,9,6688.0,49,6690.0,68,6694.0,7,6696.0,2,6686.0
SF410,,13:39:07.250#,6560.0,6716.0,6560.0,7126.0,6070.0,19186,73753,6676.0,7,6678.0,3,6680.0,4,6682.0,62,6684.0,73,6686.0,9,6688.0,49,6690.0,78,6694.0,7,6696.0,2,6686.0
SF410,,13:39:07.500#,6560.0,6716.0,6560.0,7126.0,6070.0,19186,73753,6676.0,7,6678.0,3,6680.0,4,6682.0,62,6684.0,73,6686.0,14,6688.0,49,6690.0,78,6694.0,7,6696.0,2,6686.0
SF410,,13:39:07.750#,6560.0,6716.0,6560.0,7126.0,6070.0,19186,73753,6676.0,7,6678.0,3,6680.0,4,6682.0,62,6684.0,73,6686.0,9,6688.0,49,6690.0,78,6694.0,7,6696.0,2,6686.0
SF410,,13:39:08.0#,6560.0,6716.0,6560.0,7126.0,6070.0,19187,73752,6676.0,7,6678.0,3,6680.0,4,6682.0,62,6684.0,72,6686.0,8,6688.0,49,6690.0,78,6694.0,7,6696.0,2,6686.0
SF410,,13:39:08.250#,6560.0,6716.0,6560.0,7126.0,6070.0,19187,73752,6676.0,7,6678.0,3,6680.0,14,6682.0,52,6684.0,72,6686.0,8,6688.0,59,6690.0,68,6694.0,7,6696.0,2,6686.0
SF410,,13:39:08.500#,6560.0,6716.0,6560.0,7126.0,6070.0,19187,73752,6676.0,7,6678.0,3,6680.0,4,6682.0,62,6684.0,72,6686.0,8,6688.0,59,6690.0,68,6694.0,7,6696.0,2,6686.0
SF410,,13:39:09.250#,6560.0,6716.0,6560.0,7126.0,6070.0,19187,73752,6676.0,7,6678.0,3,6680.0,4,6682.0,62,6684.0,73,6686.0,8,6688.0,59,6690.0,68,6694.0,7,6696.0,2,6686.0
SF410,,13:39:10.250#,6560.0,6716.0,6560.0,7126.0,6070.0,19187,73752,6676.0,7,6678.0,3,6680.0,4,6682.0,62,6684.0,65,6686.0,8,6688.0,59,6690.0,68,6694.0,7,6696.0,2,6686.0
SF410,,13:39:10.500#,6560.0,6716.0,6560.0,7126.0,6070.0,19187,73752,6676.0,7,6678.0,3,6680.0,4,6682.0,72,6684.0,55,6686.0,14,6688.0,59,6690.0,68,6694.0,7,6696.0,2,6686.0
SF410,,13:39:10.750#,6560.0,6716.0,6560.0,7126.0,6070.0,19187,73752,6676.0,7,6678.0,3,6680.0,14,6682.0,72,6684.0,44,6686.0,17,6688.0,69,6690.0,58,6694.0,7,6696.0,2,6686.0
SF410,,13:39:11.0#,6560.0,6716.0,6560.0,7126.0,6070.0,19187,73752,6676.0,7,6678.0,3,6680.0,24,6682.0,72,6684.0,29,6686.0,16,6688.0,109,6690.0,18,6694.0,7,6696.0,2,6686.0
SF410,,13:39:11.250#,6560.0,6716.0,6560.0,7126.0,6070.0,19187,73752,6676.0,7,6678.0,3,6680.0,14,6682.0,102,6684.0,9,6686.0,22,6688.0,99,6690.0,28,6694.0,7,6696.0,2,6686.0
SF410,,13:39:11.500#,6560.0,6716.0,6560.0,7126.0,6070.0,19187,73752,6676.0,7,6678.0,3,6680.0,34,6682.0,82,6684.0,9,6686.0,22,6688.0,119,6690.0,8,6694.0,7,6696.0,2,6686.0
SF410,,13:39:12.750#,6560.0,6716.0,6560.0,7126.0,6070.0,19187,73752,6676.0,7,6678.0,3,6680.0,34,6682.0,82,6684.0,9,6686.0,32,6688.0,109,6690.0,8,6694.0,7,6696.0,2,6686.0
SF410,,13:39:13.250#,6560.0,6716.0,6560.0,7126.0,6070.0,19187,73752,6676.0,7,6678.0,3,6680.0,34,6682.0,82,6684.0,9,6686.0,42,6688.0,99,6690.0,8,6694.0,7,6696.0,2,6686.0
SF410,,13:39:13.750#,6560.0,6716.0,6560.0,7126.0,6070.0,19187,73752,6676.0,7,6678.0,3,6680.0,34,6682.0,82,6684.0,9,6686.0,32,6688.0,109,6690.0,8,6694.0,7,6696.0,2,6686.0
SF410,,13:39:14.0#,6560.0,6716.0,6560.0,7126.0,6070.0,19187,73752,6676.0,7,6678.0,3,6680.0,24,6682.0,92,6684.0,9,6686.0,22,6688.0,109,6690.0,18,6694.0,7,6696.0,2,6686.0
SF410,,13:39:16.500#,6560.0,6716.0,6560.0,7126.0,6070.0,19187,73752,6676.0,7,6678.0,3,6680.0,24,6682.0,92,6684.0,9,6686.0,19,6688.0,109,6690.0,18,6694.0,7,6696.0,2,6686.0
SF410,,13:39:16.750#,6560.0,6716.0,6560.0,7126.0,6070.0,19187,73752,6676.0,7,6678.0,3,6680.0,24,6682.0,92,6684.0,14,6686.0,13,6688.0,109,6690.0,18,6694.0,7,6696.0,2,6686.0
SF410,,13:39:17.0#,6560.0,6716.0,6560.0,7126.0,6070.0,19187,73752,6676.0,7,6678.0,3,6680.0,4,6682.0,112,6684.0,15,6686.0,13,6688.0,89,6690.0,38,6694.0,7,6696.0,2,6686.0
SF410,,13:39:17.250#,6560.0,6716.0,6560.0,7126.0,6070.0,19187,73752,6676.0,7,6678.0,3,6680.0,4,6682.0,102,6684.0,25,6686.0,13,6688.0,79,6690.0,48,6694.0,7,6696.0,2,6686.0
SF410,,13:39:17.500#,6560.0,6716.0,6560.0,7126.0,6070.0,19187,73752,6676.0,7,6678.0,3,6680.0,4,6682.0,102,6684.0,24,6686.0,13,6688.0,79,6690.0,48,6694.0,7,6696.0,2,6686.0
SF410,,13:39:17.750#,6560.0,6716.0,6560.0,7126.0,6070.0,19197,73752,6676.0,7,6678.0,3,6680.0,14,6682.0,102,6684.0,4,6686.0,19,6688.0,99,6690.0,28,6694.0,7,6696.0,2,6684.0
SF410,,13:39:18.0#,6560.0,6716.0,6560.0,7126.0,6070.0,19197,73752,6676.0,7,6678.0,3,6680.0,34,6682.0,82,6684.0,8,6686.0,19,6688.0,119,6690.0,8,6694.0,7,6696.0,2,6684.0
SF410,,13:39:18.250#,6560.0,6716.0,6560.0,7126.0,6070.0,19197,73752,6676.0,7,6678.0,3,6680.0,24,6682.0,92,6684.0,8,6686.0,19,6688.0,109,6690.0,18,6694.0,7,6696.0,2,6684.0
SF410,,13:39:18.500#,6560.0,6716.0,6560.0,7126.0,6070.0,19201,73748,6676.0,7,6678.0,3,6680.0,34,6682.0,82,6684.0,8,6686.0,15,6688.0,119,6690.0,8,6694.0,7,6696.0,2,6686.0
SF410,,13:39:18.750#,6560.0,6716.0,6560.0,7126.0,6070.0,19207,73745,6676.0,7,6678.0,3,6680.0,24,6682.0,92,6684.0,8,6686.0,8,6688.0,99,6690.0,28,6694.0,7,6696.0,2,6686.0
SF410,,13:39:19.0#,6560.0,6716.0,6560.0,7126.0,6070.0,19207,73745,6676.0,7,6678.0,3,6680.0,14,6682.0,102,6684.0,8,6686.0,6,6688.0,89,6690.0,38,6694.0,7,6696.0,2,6686.0
SF410,,13:39:19.250#,6560.0,6716.0,6560.0,7126.0,6070.0,19207,73745,6676.0,7,6678.0,3,6680.0,4,6682.0,112,6684.0,8,6686.0,7,6688.0,79,6690.0,48,6694.0,7,6696.0,2,6686.0
SF410,,13:39:19.500#,6560.0,6716.0,6560.0,7126.0,6070.0,19207,73745,6676.0,7,6678.0,3,6680.0,14,6682.0,102,6684.0,8,6686.0,12,6688.0,89,6690.0,38,6694.0,7,6696.0,2,6686.0
SF410,,13:39:19.750#,6560.0,6716.0,6560.0,7126.0,6070.0,19209,73745,6676.0,7,6678.0,3,6680.0,34,6682.0,82,6684.0,6,6686.0,12,6688.0,109,6690.0,18,6694.0,7,6696.0,2,6684.0
SF410,,13:39:20.0#,6560.0,6716.0,6560.0,7126.0,6070.0,19209,73745,6676.0,7,6678.0,3,6680.0,24,6682.0,92,6684.0,6,6686.0,12,6688.0,99,6690.0,28,6694.0,7,6696.0,2,6684.0
SF410,,13:39:20.500#,6560.0,6716.0,6560.0,7126.0,6070.0,19209,73745,6676.0,7,6678.0,3,6680.0,24,6682.0,92,6684.0,6,6686.0,13,6688.0,99,6690.0,28,6694.0,7,6696.0,2,6684.0
SF410,,13:39:21.0#,6560.0,6716.0,6560.0,7126.0,6070.0,19209,73745,6676.0,7,6678.0,3,6680.0,24,6682.0,92,6684.0,6,6686.0,17,6688.0,99,6690.0,28,6694.0,7,6696.0,2,6684.0
SF410,,13:39:21.250#,6560.0,6716.0,6560.0,7126.0,6070.0,19209,73745,6676.0,7,6678.0,3,6680.0,34,6682.0,82,6684.0,7,6686.0,17,6688.0,109,6690.0,18,6694.0,7,6696.0,2,6684.0
SF410,,13:39:21.500#,6560.0,6716.0,6560.0,7126.0,6070.0,19209,73745,6676.0,7,6678.0,3,6680.0,24,6682.0,92,6684.0,7,6686.0,17,6688.0,99,6690.0,28,6694.0,7,6696.0,2,6684.0
SF410,,13:39:21.750#,6560.0,6716.0,6560.0,7126.0,6070.0,19209,73745,6676.0,7,6678.0,3,6680.0,34,6682.0,82,6684.0,7,6686.0,17,6688.0,109,6690.0,18,6694.0,7,6696.0,2,6684.0
SF410,,13:39:22.250#,6560.0,6716.0,6560.0,7126.0,6070.0,19213,73741,6676.0,7,6678.0,3,6680.0,34,6682.0,82,6684.0,7,6686.0,13,6688.0,109,6690.0,18,6694.0,7,6696.0,2,6686.0
SF410,,13:39:24.250#,6560.0,6716.0,6560.0,7126.0,6070.0,19213,73741,6676.0,7,6678.0,3,6680.0,34,6682.0,82,6684.0,7,6686.0,9,6688.0,109,6690.0,18,6694.0,7,6696.0,2,6686.0
SF410,,13:39:24.500#,6560.0,6716.0,6560.0,7126.0,6070.0,19213,73741,6676.0,7,6678.0,3,6680.0,24,6682.0,92,6684.0,8,6686.0,8,6688.0,99,6690.0,28,6694.0,7,6696.0,2,6686.0
SF410,,13:39:24.750#,6560.0,6716.0,6560.0,7126.0,6070.0,19213,73741,6676.0,7,6678.0,3,6680.0,4,6682.0,102,6684.0,18,6686.0,7,6688.0,69,6690.0,58,6694.0,7,6696.0,2,6686.0
SF410,,13:39:25.0#,6560.0,6716.0,6560.0,7126.0,6070.0,19213,73741,6676.0,7,6678.0,3,6680.0,4,6682.0,102,6684.0,21,6686.0,8,6688.0,69,6690.0,58,6694.0,7,6696.0,2,6686.0
SF410,,13:39:25.250#,6560.0,6716.0,6560.0,7126.0,6070.0,19213,73741,6676.0,7,6678.0,3,6680.0,4,6682.0,102,6684.0,20,6686.0,7,6688.0,69,6690.0,58,6694.0,7,6696.0,2,6686.0
SF410,,13:39:25.500#,6560.0,6716.0,6560.0,7126.0,6070.0,19213,73741,6676.0,7,6678.0,3,6680.0,4,6682.0,102,6684.0,19,6686.0,7,6688.0,69,6690.0,58,6694.0,7,6696.0,2,6686.0
SF410,,13:39:25.750#,6560.0,6716.0,6560.0,7126.0,6070.0,19213,73741,6676.0,7,6678.0,3,6680.0,14,6682.0,92,6684.0,18,6686.0,7,6688.0,79,6690.0,48,6694.0,7,6696.0,2,6686.0
SF410,,13:39:26.250#,6560.0,6716.0,6560.0,7126.0,6070.0,19213,73741,6676.0,7,6678.0,3,6680.0,14,6682.0,92,6684.0,17,6686.0,10,6688.0,79,6690.0,48,6694.0,7,6696.0,2,6686.0
SF410,,13:39:26.500#,6560.0,6716.0,6560.0,7126.0,6070.0,19213,73741,6676.0,7,6678.0,3,6680.0,14,6682.0,102,6684.0,6,6686.0,10,6688.0,99,6690.0,28,6694.0,7,6696.0,2,6686.0
SF410,,13:39:26.750#,6560.0,6716.0,6560.0,7126.0,6070.0,19213,73741,6676.0,7,6678.0,3,6680.0,34,6682.0,82,6684.0,6,6686.0,11,6688.0,119,6690.0,8,6694.0,7,6696.0,2,6686.0
SF410,,13:39:27.500#,6560.0,6716.0,6560.0,7126.0,6070.0,19213,73741,6676.0,7,6678.0,3,6680.0,34,6682.0,82,6684.0,6,6686.0,10,6688.0,119,6690.0,8,6694.0,7,6696.0,2,6686.0
SF410,,13:39:28.500#,6560.0,6716.0,6560.0,7126.0,6070.0,19213,73741,6676.0,7,6678.0,3,6680.0,34,6682.0,82,6684.0,6,6686.0,11,6688.0,119,6690.0,8,6694.0,7,6696.0,2,6686.0
SF410,,13:39:29.750#,6560.0,6716.0,6560.0,7126.0,6070.0,19218,73741,6676.0,7,6678.0,3,6680.0,34,6682.0,82,6684.0,1,6686.0,11,6688.0,119,6690.0,8,6694.0,7,6696.0,2,6684.0
SF410,,13:39:30.0#,6560.0,6716.0,6560.0,7126.0,6070.0,19218,73741,6676.0,7,6678.0,3,6680.0,24,6682.0,92,6684.0,1,6686.0,10,6688.0,109,6690.0,18,6694.0,7,6696.0,2,6684.0
SF410,,13:39:30.250#,6560.0,6716.0,6560.0,7126.0,6070.0,19218,73741,6676.0,7,6678.0,3,6680.0,34,6682.0,82,6684.0,2,6686.0,11,6688.0,119,6690.0,8,6694.0,7,6696.0,2,6684.0
SF410,,13:39:31.250#,6560.0,6716.0,6560.0,7126.0,6070.0,19218,73741,6676.0,7,6678.0,3,6680.0,34,6682.0,82,6684.0,2,6686.0,21,6688.0,109,6690.0,8,6694.0,7,6696.0,2,6684.0
SF410,,13:39:32.250#,6560.0,6716.0,6560.0,7126.0,6070.0,19218,73741,6676.0,7,6678.0,3,6680.0,34,6682.0,84,6684.0,2,6686.0,21,6688.0,109,6690.0,8,6694.0,7,6696.0,2,6684.0
SF410,,13:39:32.500#,6560.0,6716.0,6560.0,7126.0,6070.0,19219,73741,6676.0,7,6678.0,3,6680.0,34,6682.0,84,6684.0,1,6686.0,20,6688.0,109,6690.0,8,6694.0,7,6696.0,2,6684.0
SF410,,13:39:32.750#,6560.0,6716.0,6560.0,7126.0,6070.0,19219,73741,6672.0,3,6676.0,7,6678.0,3,6680.0,24,6682.0,115,6686.0,19,6688.0,99,6690.0,18,6694.0,7,6696.0,2,6684.0
SF410,,13:39:33.0#,6560.0,6716.0,6560.0,7126.0,6070.0,19219,73741,6672.0,3,6676.0,7,6678.0,3,6680.0,34,6682.0,114,6686.0,20,6688.0,109,6690.0,8,6694.0,7,6696.0,2,6684.0
SF410,,13:39:33.250#,6560.0,6716.0,6560.0,7126.0,6070.0,19219,73741,6672.0,3,6676.0,7,6678.0,3,6680.0,34,6682.0,115,6686.0,20,6688.0,109,6690.0,8,6694.0,7,6696.0,2,6684.0
SF410,,13:39:34.500#,6560.0,6716.0,6560.0,7126.0,6070.0,19219,73741,6672.0,3,6676.0,7,6678.0,3,6680.0,34,6682.0,114,6686.0,20,6688.0,109,6690.0,8,6694.0,7,6696.0,2,6684.0
SF410,,13:39:35.750#,6560.0,6716.0,6560.0,7126.0,6070.0,19219,73741,6672.0,3,6676.0,7,6678.0,3,6680.0,34,6682.0,114,6686.0,22,6688.0,109,6690.0,8,6694.0,7,6696.0,2,6684.0
SF410,,13:39:42.250#,6560.0,6716.0,6560.0,7126.0,6070.0,19219,73741,6672.0,3,6676.0,7,6678.0,3,6680.0,34,6682.0,95,6684.0,2,6686.0,19,6688.0,109,6690.0,8,6694.0,7,6684.0
SF410,,13:39:42.500#,6560.0,6716.0,6560.0,7126.0,6070.0,19219,73741,6672.0,3,6676.0,7,6678.0,23,6680.0,52,6682.0,49,6684.0,19,6686.0,53,6688.0,59,6690.0,8,6694.0,7,6684.0
SF410,,13:39:42.750#,6560.0,6716.0,6560.0,7126.0,6070.0,19219,73741,6672.0,3,6676.0,7,6678.0,33,6680.0,52,6682.0,39,6684.0,19,6686.0,63,6688.0,49,6690.0,8,6694.0,7,6684.0
SF410,,13:39:43.0#,6560.0,6716.0,6560.0,7126.0,6070.0,19219,73741,6672.0,3,6676.0,7,6678.0,22,6680.0,72,6682.0,29,6684.0,19,6686.0,73,6688.0,39,6690.0,8,6694.0,7,6684.0
SF410,,13:39:43.250#,6560.0,6716.0,6560.0,7126.0,6070.0,19219,73741,6672.0,3,6676.0,7,6678.0,22,6680.0,82,6682.0,19,6684.0,19,6686.0,73,6688.0,39,6690.0,8,6694.0,7,6684.0
SF410,,13:39:44.500#,6560.0,6716.0,6560.0,7126.0,6070.0,19220,73741,6672.0,3,6676.0,7,6678.0,22,6680.0,82,6682.0,18,6684.0,18,6686.0,73,6688.0,39,6690.0,8,6694.0,7,6682.0
SF410,,13:39:44.750#,6560.0,6716.0,6560.0,7126.0,6070.0,19220,73741,6672.0,3,6676.0,7,6678.0,22,6680.0,92,6682.0,13,6684.0,18,6686.0,83,6688.0,29,6690.0,8,6694.0,7,6682.0
SF410,,13:39:45.0#,6560.0,6716.0,6560.0,7126.0,6070.0,19220,73741,6672.0,3,6676.0,7,6678.0,42,6680.0,72,6682.0,13,6684.0,18,6686.0,103,6688.0,9,6690.0,8,6694.0,7,6682.0
SF410,,13:39:45.250#,6560.0,6716.0,6560.0,7126.0,6070.0,19220,73741,6672.0,3,6676.0,7,6678.0,32,6680.0,82,6682.0,13,6684.0,18,6686.0,93,6688.0,19,6690.0,8,6694.0,7,6682.0
SF410,,13:39:45.500#,6560.0,6716.0,6560.0,7126.0,6070.0,19220,73741,6672.0,3,6676.0,7,6678.0,32,6680.0,82,6682.0,14,6684.0,18,6686.0,93,6688.0,19,6690.0,8,6694.0,7,6682.0
SF410,,13:39:45.750#,6560.0,6716.0,6560.0,7126.0,6070.0,19220,73741,6672.0,3,6676.0,7,6678.0,32,6680.0,82,6682.0,24,6684.0,17,6686.0,93,6688.0,19,6690.0,8,6694.0,7,6682.0
SF410,,13:39:46.0#,6560.0,6716.0,6560.0,7126.0,6070.0,19220,73741,6672.0,3,6676.0,7,6678.0,2,6680.0,102,6682.0,39,6684.0,7,6686.0,63,6688.0,59,6690.0,8,6694.0,7,6682.0
SF410,,13:39:46.250#,6560.0,6716.0,6560.0,7126.0,6070.0,19220,73741,6672.0,3,6676.0,7,6678.0,2,6680.0,92,6682.0,49,6684.0,7,6686.0,53,6688.0,69,6690.0,8,6694.0,7,6682.0
SF410,,13:39:48.0#,6560.0,6716.0,6560.0,7126.0,6070.0,19220,73741,6672.0,3,6676.0,7,6678.0,2,6680.0,92,6682.0,48,6684.0,7,6686.0,53,6688.0,69,6690.0,8,6694.0,7,6682.0
SF410,,13:39:48.500#,6560.0,6716.0,6560.0,7126.0,6070.0,19220,73741,6672.0,3,6676.0,7,6678.0,2,6680.0,82,6682.0,58,6684.0,7,6686.0,53,6688.0,69,6690.0,8,6694.0,7,6682.0
SF410,,13:39:49.750#,6560.0,6716.0,6560.0,7126.0,6070.0,19220,73741,6672.0,3,6676.0,7,6678.0,2,6680.0,82,6682.0,58,6684.0,7,6686.0,53,6688.0,69,6690.0,8,6694.0,5,6682.0
SF410,,13:39:51.0#,6560.0,6716.0,6560.0,7126.0,6070.0,19220,73741,6672.0,3,6676.0,7,6678.0,2,6680.0,82,6682.0,57,6684.0,7,6686.0,53,6688.0,69,6690.0,8,6694.0,5,6682.0
SF410,,13:39:51.250#,6560.0,6716.0,6560.0,7126.0,6070.0,19220,73741,6672.0,3,6676.0,7,6678.0,2,6680.0,82,6682.0,58,6684.0,7,6686.0,53,6688.0,69,6690.0,8,6694.0,5,6682.0
SF410,,13:39:55.250#,6560.0,6716.0,6560.0,7126.0,6070.0,19220,73741,6672.0,3,6676.0,7,6678.0,2,6680.0,82,6682.0,59,6684.0,7,6686.0,53,6688.0,69,6690.0,8,6694.0,5,6682.0
SF410,,13:39:55.500#,6560.0,6716.0,6560.0,7126.0,6070.0,19220,73741,6672.0,3,6676.0,7,6678.0,2,6680.0,82,6682.0,58,6684.0,7,6686.0,53,6688.0,69,6690.0,8,6694.0,5,6682.0
SF410,,13:39:59.750#,6560.0,6716.0,6560.0,7126.0,6070.0,19220,73741,6672.0,3,6676.0,7,6678.0,2,6680.0,82,6682.0,57,6684.0,7,6686.0,53,6688.0,69,6690.0,8,6694.0,5,6682.0
SF410,,13:40:00.250#,6560.0,6716.0,6560.0,7126.0,6070.0,19227,73739,6672.0,3,6676.0,7,6678.0,2,6680.0,82,6682.0,57,6684.0,1,6686.0,53,6688.0,69,6690.0,8,6694.0,5,6684.0
SF410,,13:40:00.500#,6560.0,6716.0,6560.0,7126.0,6070.0,19249,73720,6678.0,2,6680.0,52,6682.0,38,6684.0,5,6686.0,4,6688.0,86,6690.0,8,6694.0,5,6696.0,4,6698.0,2,6686.0
SF410,,13:40:00.750#,6560.0,6716.0,6560.0,7126.0,6070.0,19250,73720,6678.0,3,6680.0,32,6682.0,50,6684.0,25,6686.0,3,6688.0,46,6690.0,48,6692.0,10,6694.0,5,6696.0,4,6686.0
SF410,,13:40:01.0#,6560.0,6716.0,6560.0,7126.0,6070.0,19250,73720,6678.0,3,6680.0,22,6682.0,45,6684.0,25,6686.0,6,6688.0,46,6690.0,38,6692.0,10,6694.0,5,6696.0,4,6686.0
SF410,,13:40:01.250#,6560.0,6716.0,6560.0,7126.0,6070.0,19250,73720,6678.0,3,6680.0,12,6682.0,75,6684.0,25,6686.0,6,6688.0,21,6690.0,88,6694.0,5,6696.0,4,6698.0,2,6686.0
SF410,,13:40:01.500#,6560.0,6716.0,6560.0,7126.0,6070.0,19251,73719,6678.0,3,6680.0,12,6682.0,65,6684.0,56,6686.0,6,6688.0,32,6690.0,88,6692.0,10,6694.0,5,6696.0,4,6686.0
SF410,,13:40:01.750#,6560.0,6716.0,6560.0,7126.0,6070.0,19251,73719,6678.0,3,6680.0,2,6682.0,55,6684.0,76,6686.0,6,6688.0,32,6690.0,88,6692.0,10,6694.0,5,6696.0,4,6686.0
SF410,,13:40:02.0#,6560.0,6716.0,6560.0,7126.0,6070.0,19251,73719,6678.0,3,6680.0,2,6682.0,45,6684.0,86,6686.0,6,6688.0,32,6690.0,88,6692.0,10,6694.0,5,6696.0,4,6686.0
SF410,,13:40:02.250#,6560.0,6716.0,6560.0,7126.0,6070.0,19252,73719,6678.0,3,6680.0,2,6682.0,45,6684.0,86,6686.0,5,6688.0,32,6690.0,88,6692.0,10,6694.0,5,6696.0,4,6686.0
SF410,,13:40:02.500#,6560.0,6716.0,6560.0,7126.0,6070.0,19252,73719,6678.0,3,6680.0,2,6682.0,45,6684.0,86,6686.0,5,6688.0,31,6690.0,88,6692.0,10,6694.0,5,6696.0,4,6686.0
SF410,,13:40:02.750#,6560.0,6716.0,6560.0,7126.0,6070.0,19252,73719,6678.0,3,6680.0,2,6682.0,45,6684.0,86,6686.0,5,6688.0,27,6690.0,88,6692.0,10,6694.0,5,6696.0,4,6686.0
SF410,,13:40:03.0#,6560.0,6716.0,6560.0,7126.0,6070.0,19253,73719,6678.0,3,6680.0,2,6682.0,45,6684.0,76,6686.0,14,6688.0,20,6690.0,88,6692.0,20,6694.0,5,6696.0,4,6686.0
SF410,,13:40:03.750#,6560.0,6716.0,6560.0,7126.0,6070.0,19253,73719,6678.0,3,6680.0,2,6682.0,35,6684.0,86,6686.0,14,6688.0,10,6690.0,98,6692.0,20,6694.0,5,6696.0,4,6686.0
SF410,,13:40:04.0#,6560.0,6716.0,6560.0,7126.0,6070.0,19260,73719,6676.0,7,6678.0,3,6680.0,2,6682.0,15,6684.0,110,6686.0,1,6688.0,5,6690.0,78,6692.0,30,6694.0,5,6686.0
SF410,,13:40:04.250#,6560.0,6716.0,6560.0,7126.0,6070.0,19260,73719,6676.0,7,6678.0,3,6680.0,2,6682.0,50,6684.0,75,6686.0,1,6688.0,25,6690.0,88,6694.0,5,6696.0,4,6686.0
SF410,,13:40:04.500#,6560.0,6716.0,6560.0,7126.0,6070.0,19260,73719,6676.0,7,6678.0,3,6680.0,2,6682.0,70,6684.0,55,6686.0,1,6688.0,35,6690.0,68,6694.0,5,6696.0,4,6686.0
SF410,,13:40:04.750#,6560.0,6716.0,6560.0,7126.0,6070.0,19261,73718,6676.0,7,6678.0,3,6680.0,2,6682.0,90,6684.0,44,6688.0,57,6690.0,68,6694.0,5,6696.0,4,6698.0,2,6686.0
SF410,,13:40:05.0#,6560.0,6716.0,6560.0,7126.0,6070.0,19261,73718,6676.0,7,6678.0,3,6680.0,2,6682.0,80,6684.0,54,6688.0,47,6690.0,78,6694.0,5,6696.0,4,6698.0,2,6686.0
SF410,,13:40:05.250#,6560.0,6716.0,6560.0,7126.0,6070.0,19261,73718,6676.0,7,6678.0,3,6680.0,2,6682.0,70,6684.0,75,6688.0,38,6690.0,88,6694.0,15,6696.0,4,6698.0,2,6686.0
SF410,,13:40:05.500#,6560.0,6716.0,6560.0,7126.0,6070.0,19261,73718,6676.0,7,6678.0,13,6680.0,2,6682.0,50,6684.0,85,6688.0,28,6690.0,98,6694.0,15,6696.0,4,6698.0,2,6686.0
SF410,,13:40:05.750#,6560.0,6716.0,6560.0,7126.0,6070.0,19261,73718,6676.0,7,6678.0,3,6680.0,2,6682.0,50,6684.0,95,6688.0,28,6690.0,98,6694.0,15,6696.0,4,6698.0,2,6686.0
SF410,,13:40:07.250#,6560.0,6716.0,6560.0,7126.0,6070.0,19261,73718,6678.0,3,6680.0,2,6682.0,50,6684.0,82,6686.0,10,6688.0,28,6690.0,98,6692.0,10,6694.0,5,6696.0,4,6686.0
SF410,,13:40:07.500#,6560.0,6716.0,6560.0,7126.0,6070.0,19261,73718,6678.0,3,6680.0,2,6682.0,30,6684.0,101,6686.0,11,6688.0,18,6690.0,98,6692.0,20,6694.0,5,6696.0,4,6686.0
SF410,,13:40:10.250#,6560.0,6716.0,6560.0,7126.0,6070.0,19265,73717,6676.0,7,6678.0,3,6680.0,2,6682.0,30,6684.0,104,6688.0,15,6690.0,98,6692.0,10,6694.0,5,6696.0,4,6686.0
SF410,,13:40:10.500#,6560.0,6716.0,6560.0,7126.0,6070.0,19265,73717,6676.0,7,6678.0,3,6680.0,2,6682.0,42,6684.0,94,6688.0,21,6690.0,108,6694.0,5,6696.0,4,6698.0,2,6686.0
SF410,,13:40:11.500#,6560.0,6716.0,6560.0,7126.0,6070.0,19265,73717,6676.0,7,6678.0,3,6680.0,2,6682.0,42,6684.0,105,6688.0,22,6690.0,108,6694.0,15,6696.0,4,6698.0,2,6686.0
SF410,,13:40:12.250#,6560.0,6716.0,6560.0,7126.0,6070.0,19265,73717,6678.0,3,6680.0,2,6682.0,42,6684.0,101,6686.0,1,6688.0,22,6690.0,108,6694.0,15,6696.0,4,6698.0,2,6686.0
SF410,,13:40:12.500#,6560.0,6716.0,6560.0,7126.0,6070.0,19266,73718,6678.0,3,6680.0,2,6682.0,42,6684.0,101,6686.0,2,6688.0,22,6690.0,108,6694.0,15,6696.0,4,6698.0,2,6686.0
SF410,,13:40:12.750#,6560.0,6716.0,6560.0,7126.0,6070.0,19266,73718,6678.0,3,6680.0,2,6682.0,32,6684.0,111,6686.0,2,6688.0,22,6690.0,98,6692.0,10,6694.0,15,6696.0,4,6686.0
SF410,,13:40:13.0#,6560.0,6716.0,6560.0,7126.0,6070.0,19266,73718,6678.0,3,6680.0,2,6682.0,42,6684.0,101,6686.0,2,6688.0,22,6690.0,108,6694.0,15,6696.0,4,6698.0,2,6686.0
SF410,,13:40:13.500#,6560.0,6716.0,6560.0,7126.0,6070.0,19266,73718,6678.0,3,6680.0,2,6682.0,42,6684.0,91,6686.0,12,6688.0,22,6690.0,108,6692.0,10,6694.0,5,6696.0,4,6686.0
SF410,,13:40:13.750#,6560.0,6716.0,6560.0,7126.0,6070.0,19266,73718,6678.0,3,6680.0,2,6682.0,32,6684.0,101,6686.0,12,6688.0,20,6690.0,98,6692.0,20,6694.0,5,6696.0,4,6686.0
SF410,,13:40:14.250#,6560.0,6716.0,6560.0,7126.0,6070.0,19274,73718,6676.0,7,6678.0,3,6680.0,2,6682.0,32,6684.0,104,6686.0,1,6688.0,9,6690.0,98,6692.0,10,6694.0,5,6686.0
SF410,,13:40:14.500#,6560.0,6716.0,6560.0,7126.0,6070.0,19274,73718,6676.0,7,6678.0,3,6680.0,12,6682.0,42,6684.0,84,6686.0,1,6688.0,39,6690.0,78,6694.0,5,6696.0,4,6686.0
SF410,,13:40:14.750#,6560.0,6716.0,6560.0,7126.0,6070.0,19274,73718,6676.0,7,6678.0,3,6680.0,2,6682.0,52,6684.0,74,6686.0,1,6688.0,39,6690.0,68,6694.0,5,6696.0,4,6686.0
SF410,,13:40:15.0#,6560.0,6716.0,6560.0,7126.0,6070.0,19274,73718,6676.0,7,6678.0,3,6680.0,2,6682.0,62,6684.0,74,6686.0,1,6688.0,39,6690.0,78,6694.0,5,6696.0,4,6686.0
SF410,,13:40:15.250#,6560.0,6716.0,6560.0,7126.0,6070.0,19274,73718,6676.0,7,6678.0,3,6680.0,2,6682.0,72,6684.0,74,6686.0,1,6688.0,39,6690.0,78,6692.0,10,6694.0,5,6686.0
SF410,,13:40:15.500#,6560.0,6716.0,6560.0,7126.0,6070.0,19274,73718,6676.0,7,6678.0,3,6680.0,2,6682.0,72,6684.0,75,6686.0,2,6688.0,39,6690.0,78,6692.0,10,6694.0,5,6686.0
SF410,,13:40:15.750#,6560.0,6716.0,6560.0,7126.0,6070.0,19274,73718,6676.0,7,6678.0,3,6680.0,12,6682.0,62,6684.0,76,6686.0,2,6688.0,39,6690.0,78,6692.0,10,6694.0,5,6686.0
SF410,,13:40:16.0#,6560.0,6716.0,6560.0,7126.0,6070.0,19276,73716,6678.0,13,6680.0,2,6682.0,62,6684.0,71,6686.0,1,6688.0,41,6690.0,78,6692.0,10,6694.0,5,6696.0,4,6686.0
SF410,,13:40:16.250#,6560.0,6716.0,6560.0,7126.0,6070.0,19276,73716,6678.0,3,6680.0,2,6682.0,42,6684.0,101,6686.0,1,6688.0,31,6690.0,68,6692.0,30,6694.0,5,6696.0,4,6686.0
SF410,,13:40:16.500#,6560.0,6716.0,6560.0,7126.0,6070.0,19276,73716,6678.0,3,6680.0,2,6682.0,42,6684.0,101,6686.0,2,6688.0,21,6690.0,88,6692.0,20,6694.0,5,6696.0,4,6686.0
SF410,,13:40:16.750#,6560.0,6716.0,6560.0,7126.0,6070.0,19278,73716,6676.0,7,6678.0,3,6680.0,2,6682.0,52,6684.0,93,6688.0,10,6690.0,108,6692.0,10,6694.0,5,6696.0,4,6686.0
SF410,,13:40:17.0#,6560.0,6716.0,6560.0,7126.0,6070.0,19278,73716,6676.0,7,6678.0,3,6680.0,2,6682.0,52,6684.0,94,6688.0,13,6690.0,108,6692.0,10,6694.0,5,6696.0,4,6686.0
SF410,,13:40:17.250#,6560.0,6716.0,6560.0,7126.0,6070.0,19278,73716,6676.0,7,6678.0,3,6680.0,2,6682.0,42,6684.0,104,6688.0,13,6690.0,118,6694.0,5,6696.0,4,6698.0,2,6686.0
SF410,,13:40:18.0#,6560.0,6716.0,6560.0,7126.0,6070.0,19278,73716,6676.0,7,6678.0,3,6680.0,2,6682.0,42,6684.0,104,6688.0,12,6690.0,118,6694.0,5,6696.0,4,6698.0,2,6686.0
SF410,,13:40:20.500#,6560.0,6716.0,6560.0,7126.0,6070.0,19278,73716,6676.0,7,6678.0,3,6680.0,2,6682.0,42,6684.0,104,6688.0,11,6690.0,118,6694.0,5,6696.0,4,6698.0,2,6686.0
SF410,,13:40:21.0#,6560.0,6716.0,6560.0,7126.0,6070.0,19278,73716,6676.0,7,6678.0,3,6680.0,2,6682.0,42,6684.0,104,6688.0,7,6690.0,118,6694.0,5,6696.0,4,6698.0,2,6686.0
SF410,,13:40:26.250#,6560.0,6716.0,6560.0,7126.0,6070.0,19278,73716,6676.0,7,6678.0,3,6680.0,2,6682.0,42,6684.0,105,6688.0,7,6690.0,118,6694.0,5,6696.0,4,6698.0,2,6686.0
SF410,,13:40:27.750#,6560.0,6716.0,6560.0,7126.0,6070.0,19278,73716,6676.0,7,6678.0,3,6680.0,2,6682.0,42,6684.0,105,6688.0,7,6690.0,118,6694.0,5,6696.0,4,6698.0,2,6686.0
SF410,,13:40:28.0#,6560.0,6716.0,6560.0,7126.0,6070.0,19292,73718,6676.0,7,6678.0,3,6680.0,2,6682.0,42,6684.0,105,6688.0,16,6690.0,118,6694.0,5,6696.0,4,6698.0,2,6688.0
SF410,,13:40:28.250#,6560.0,6716.0,6560.0,7126.0,6070.0,19292,73718,6678.0,3,6680.0,2,6682.0,42,6684.0,103,6686.0,14,6688.0,16,6690.0,118,6694.0,5,6696.0,4,6698.0,2,6688.0
SF410,,13:40:28.500#,6560.0,6716.0,6560.0,7126.0,6070.0,19294,73718,6678.0,3,6680.0,2,6682.0,32,6684.0,92,6686.0,37,6688.0,14,6690.0,98,6692.0,20,6694.0,5,6696.0,4,6688.0
SF410,,13:40:28.750#,6560.0,6716.0,6560.0,7126.0,6070.0,19294,73718,6678.0,3,6680.0,2,6682.0,12,6684.0,102,6686.0,47,6688.0,14,6690.0,78,6692.0,40,6694.0,5,6696.0,4,6688.0
SF410,,13:40:29.750#,6560.0,6716.0,6560.0,7126.0,6070.0,19294,73718,6678.0,3,6680.0,2,6682.0,12,6684.0,102,6686.0,47,6688.0,14,6690.0,77,6692.0,40,6694.0,5,6696.0,4,6688.0
SF410,,13:40:31.0#,6560.0,6716.0,6560.0,7126.0,6070.0,19294,73718,6678.0,3,6680.0,2,6682.0,12,6684.0,92,6686.0,57,6688.0,14,6690.0,77,6692.0,40,6694.0,5,6696.0,4,6688.0
SF410,,13:40:31.500#,6560.0,6716.0,6560.0,7126.0,6070.0,19294,73718,6678.0,3,6680.0,2,6682.0,12,6684.0,87,6686.0,62,6688.0,14,6690.0,77,6692.0,40,6694.0,5,6696.0,4,6688.0
SF410,,13:40:31.750#,6560.0,6716.0,6560.0,7126.0,6070.0,19294,73718,6678.0,3,6680.0,2,6682.0,12,6684.0,77,6686.0,72,6688.0,14,6690.0,77,6692.0,40,6694.0,5,6696.0,4,6688.0
SF410,,13:40:38.750#,6560.0,6716.0,6560.0,7126.0,6070.0,19294,73718,6678.0,3,6680.0,2,6682.0,12,6684.0,77,6686.0,72,6688.0,15,6690.0,77,6692.0,40,6694.0,5,6696.0,4,6688.0
SF410,,13:40:39.500#,6560.0,6716.0,6560.0,7126.0,6070.0,19294,73718,6678.0,3,6680.0,2,6682.0,12,6684.0,77,6686.0,72,6688.0,12,6690.0,77,6692.0,40,6694.0,5,6696.0,4,6688.0
SF410,,13:40:42.250#,6560.0,6716.0,6560.0,7126.0,6070.0,19295,73718,6678.0,3,6680.0,2,6682.0,12,6684.0,77,6686.0,73,6688.0,11,6690.0,77,6692.0,40,6694.0,5,6696.0,4,6688.0
SF410,,13:40:42.500#,6560.0,6716.0,6560.0,7126.0,6070.0,19295,73718,6678.0,3,6680.0,2,6682.0,11,6684.0,77,6686.0,73,6688.0,11,6690.0,77,6692.0,40,6694.0,5,6696.0,4,6688.0
SF410,,13:40:43.500#,6560.0,6716.0,6560.0,7126.0,6070.0,19300,73723,6678.0,3,6680.0,2,6682.0,11,6684.0,77,6686.0,68,6688.0,11,6690.0,77,6692.0,40,6694.0,5,6696.0,4,6686.0
SF410,,13:40:43.750#,6560.0,6716.0,6560.0,7126.0,6070.0,19301,73722,6678.0,3,6680.0,2,6682.0,11,6684.0,77,6686.0,69,6688.0,10,6690.0,77,6692.0,40,6694.0,5,6696.0,4,6688.0
SF410,,13:40:45.0#,6560.0,6716.0,6560.0,7126.0,6070.0,19301,73722,6678.0,3,6680.0,2,6682.0,11,6684.0,67,6686.0,79,6688.0,9,6690.0,67,6692.0,50,6694.0,5,6696.0,4,6688.0
SF410,,13:40:45.250#,6560.0,6716.0,6560.0,7126.0,6070.0,19301,73722,6678.0,3,6680.0,2,6682.0,21,6684.0,57,6686.0,79,6688.0,9,6690.0,67,6692.0,50,6694.0,5,6696.0,4,6688.0
SF410,,13:40:45.500#,6560.0,6716.0,6560.0,7126.0,6070.0,19301,73722,6678.0,3,6680.0,12,6682.0,11,6684.0,57,6686.0,79,6688.0,10,6690.0,67,6692.0,50,6694.0,5,6696.0,4,6688.0
SF410,,13:40:45.750#,6560.0,6716.0,6560.0,7126.0,6070.0,19301,73722,6678.0,3,6680.0,12,6682.0,11,6684.0,57,6686.0,79,6688.0,9,6690.0,67,6692.0,50,6694.0,5,6696.0,4,6688.0
SF410,,13:40:46.0#,6560.0,6716.0,6560.0,7126.0,6070.0,19301,73722,6678.0,13,6680.0,2,6682.0,11,6684.0,57,6686.0,79,6688.0,10,6690.0,67,6692.0,50,6694.0,5,6696.0,4,6688.0
SF410,,13:40:46.500#,6560.0,6716.0,6560.0,7126.0,6070.0,19301,73722,6678.0,13,6680.0,2,6682.0,11,6684.0,57,6686.0,79,6688.0,9,6690.0,67,6692.0,50,6694.0,5,6696.0,4,6688.0
SF410,,13:40:47.0#,6560.0,6716.0,6560.0,7126.0,6070.0,19303,73722,6678.0,13,6680.0,2,6682.0,11,6684.0,57,6686.0,79,6688.0,7,6690.0,67,6692.0,50,6694.0,5,6696.0,4,6688.0
SF410,,13:40:47.250#,6560.0,6716.0,6560.0,7126.0,6070.0,19304,73721,6678.0,3,6680.0,2,6682.0,21,6684.0,47,6686.0,79,6688.0,6,6690.0,67,6692.0,40,6694.0,5,6696.0,4,6688.0
SF410,,13:40:57.250#,6560.0,6716.0,6560.0,7126.0,6070.0,19305,73721,6678.0,3,6680.0,2,6682.0,21,6684.0,47,6686.0,78,6688.0,5,6690.0,67,6692.0,40,6694.0,5,6696.0,4,6688.0
SF410,,13:40:57.500#,6560.0,6716.0,6560.0,7126.0,6070.0,19311,73720,6678.0,3,6680.0,2,6682.0,21,6684.0,47,6686.0,77,6688.0,1,6690.0,67,6692.0,40,6694.0,5,6696.0,4,6688.0
SF410,,13:40:57.750#,6560.0,6716.0,6560.0,7126.0,6070.0,19312,73719,6678.0,3,6680.0,2,6682.0,11,6684.0,57,6686.0,77,6690.0,53,6692.0,60,6694.0,5,6696.0,4,6698.0,2,6688.0
SF410,,13:40:58.0#,6560.0,6716.0,6560.0,7126.0,6070.0,19312,73719,6678.0,3,6680.0,2,6682.0,11,6684.0,47,6686.0,87,6690.0,41,6692.0,70,6694.0,5,6696.0,4,6698.0,2,6688.0
SF410,,13:40:58.250#,6560.0,6716.0,6560.0,7126.0,6070.0,19313,73719,6678.0,3,6680.0,2,6682.0,11,6684.0,47,6686.0,97,6690.0,44,6692.0,80,6694.0,5,6696.0,4,6698.0,2,6690.0
SF410,,13:40:58.500#,6560.0,6716.0,6560.0,7126.0,6070.0,19313,73719,6678.0,3,6680.0,2,6682.0,11,6684.0,47,6686.0,99,6690.0,35,6692.0,90,6694.0,5,6696.0,4,6698.0,2,6690.0
SF410,,13:40:58.750#,6560.0,6716.0,6560.0,7126.0,6070.0,19313,73719,6678.0,3,6680.0,2,6682.0,11,6684.0,47,6686.0,99,6690.0,25,6692.0,100,6694.0,5,6696.0,4,6698.0,2,6690.0
SF410,,13:41:00.750#,6560.0,6716.0,6560.0,7126.0,6070.0,19313,73719,6678.0,3,6680.0,2,6682.0,11,6684.0,47,6686.0,99,6690.0,23,6692.0,100,6694.0,5,6696.0,4,6698.0,2,6690.0
SF410,,13:41:01.0#,6560.0,6716.0,6560.0,7126.0,6070.0,19313,73719,6678.0,3,6680.0,2,6682.0,11,6684.0,47,6686.0,99,6690.0,13,6692.0,110,6694.0,5,6696.0,4,6698.0,2,6690.0
SF410,,13:41:01.750#,6560.0,6716.0,6560.0,7126.0,6070.0,19313,73719,6678.0,3,6680.0,2,6682.0,11,6684.0,47,6686.0,99,6690.0,14,6692.0,110,6694.0,5,6696.0,4,6698.0,2,6690.0
SF410,,13:41:02.250#,6560.0,6716.0,6560.0,7126.0,6070.0,19313,73719,6678.0,3,6680.0,2,6682.0,11,6684.0,47,6686.0,99,6690.0,13,6692.0,110,6694.0,5,6696.0,4,6698.0,2,6690.0
SF410,,13:41:02.500#,6560.0,6716.0,6560.0,7126.0,6070.0,19313,73719,6678.0,3,6680.0,2,6682.0,11,6684.0,37,6686.0,109,6690.0,16,6692.0,110,6694.0,5,6696.0,4,6698.0,2,6690.0
SF410,,13:41:02.750#,6560.0,6716.0,6560.0,7126.0,6070.0,19313,73719,6678.0,3,6680.0,2,6682.0,11,6684.0,37,6686.0,109,6690.0,20,6692.0,110,6694.0,5,6696.0,4,6698.0,2,6690.0
SF410,,13:41:03.500#,6560.0,6716.0,6560.0,7126.0,6070.0,19314,73720,6678.0,3,6680.0,2,6682.0,11,6684.0,37,6686.0,109,6690.0,19,6692.0,110,6694.0,5,6696.0,4,6698.0,2,6690.0
SF410,,13:41:08.500#,6560.0,6716.0,6560.0,7126.0,6070.0,19314,73720,6678.0,3,6680.0,2,6682.0,11,6684.0,37,6686.0,110,6690.0,19,6692.0,110,6694.0,5,6696.0,4,6698.0,2,6690.0
SF410,,13:41:11.0#,6560.0,6716.0,6560.0,7126.0,6070.0,19314,73720,6678.0,3,6680.0,2,6682.0,11,6684.0,37,6686.0,110,6690.0,20,6692.0,110,6694.0,5,6696.0,4,6698.0,2,6690.0
SF410,,13:41:15.0#,6560.0,6716.0,6560.0,7126.0,6070.0,19314,73720,6678.0,3,6680.0,2,6682.0,11,6684.0,37,6686.0,111,6688.0,1,6690.0,12,6692.0,110,6694.0,5,6696.0,4,6690.0
SF410,,13:41:15.250#,6560.0,6716.0,6560.0,7126.0,6070.0,19315,73721,6678.0,3,6680.0,2,6682.0,11,6684.0,47,6686.0,101,6688.0,3,6690.0,26,6692.0,90,6694.0,5,6696.0,4,6688.0
SF410,,13:41:15.500#,6560.0,6716.0,6560.0,7126.0,6070.0,19319,73722,6678.0,3,6680.0,2,6682.0,21,6684.0,37,6686.0,100,6688.0,1,6690.0,36,6692.0,80,6694.0,5,6696.0,4,6688.0
SF410,,13:41:15.750#,6560.0,6716.0,6560.0,7126.0,6070.0,19320,73722,6678.0,3,6680.0,2,6682.0,11,6684.0,47,6686.0,100,6688.0,3,6690.0,36,6692.0,80,6694.0,5,6696.0,4,6688.0
SF410,,13:41:17.500#,6560.0,6716.0,6560.0,7126.0,6070.0,19323,73725,6678.0,3,6680.0,2,6682.0,11,6684.0,47,6686.0,97,6690.0,43,6692.0,80,6694.0,5,6696.0,4,6698.0,2,6688.0
SF410,,13:41:18.0#,6560.0,6716.0,6560.0,7126.0,6070.0,19324,73725,6678.0,3,6680.0,2,6682.0,11,6684.0,37,6686.0,108,6690.0,23,6692.0,100,6694.0,5,6696.0,4,6698.0,2,6690.0
SF410,,13:41:18.500#,6560.0,6716.0,6560.0,7126.0,6070.0,19324,73725,6678.0,3,6680.0,2,6682.0,11,6684.0,37,6686.0,108,6690.0,14,6692.0,110,6694.0,5,6696.0,4,6698.0,2,6690.0
SF410,,13:41:20.500#,6560.0,6716.0,6560.0,7126.0,6070.0,19325,73725,6678.0,3,6680.0,2,6682.0,11,6684.0,47,6686.0,97,6688.0,2,6690.0,27,6692.0,90,6694.0,5,6696.0,4,6686.0
SF410,,13:41:21.0#,6560.0,6716.0,6560.0,7126.0,6070.0,19327,73726,6680.0,2,6682.0,11,6684.0,19,6686.0,107,6688.0,18,6690.0,20,6692.0,70,6694.0,35,6696.0,4,6698.0,2,6688.0
SF410,,13:41:21.250#,6560.0,6716.0,6560.0,7126.0,6070.0,19327,73726,6680.0,2,6682.0,11,6684.0,29,6686.0,87,6688.0,31,6690.0,10,6692.0,90,6694.0,24,6696.0,4,6698.0,2,6688.0
SF410,,13:41:21.500#,6560.0,6716.0,6560.0,7126.0,6070.0,19327,73726,6680.0,2,6682.0,11,6684.0,9,6686.0,97,6688.0,41,6690.0,5,6692.0,70,6694.0,44,6696.0,4,6698.0,2,6688.0
SF410,,13:41:21.750#,6560.0,6716.0,6560.0,7126.0,6070.0,19327,73726,6680.0,2,6682.0,11,6684.0,9,6686.0,97,6688.0,42,6690.0,11,6692.0,70,6694.0,44,6696.0,4,6698.0,2,6688.0
SF410,,13:41:22.0#,6560.0,6716.0,6560.0,7126.0,6070.0,19327,73726,6680.0,2,6682.0,11,6684.0,19,6686.0,87,6688.0,42,6690.0,11,6692.0,80,6694.0,34,6696.0,4,6698.0,2,6688.0
SF410,,13:41:22.250#,6560.0,6716.0,6560.0,7126.0,6070.0,19327,73726,6680.0,2,6682.0,11,6684.0,9,6686.0,97,6688.0,42,6690.0,11,6692.0,70,6694.0,44,6696.0,4,6698.0,2,6688.0
SF410,,13:41:23.0#,6560.0,6716.0,6560.0,7126.0,6070.0,19327,73726,6680.0,2,6682.0,11,6684.0,9,6686.0,87,6688.0,52,6690.0,11,6692.0,70,6694.0,44,6696.0,4,6698.0,2,6688.0
SF410,,13:41:23.500#,6560.0,6716.0,6560.0,7126.0,6070.0,19327,73726,6680.0,2,6682.0,11,6684.0,9,6686.0,87,6688.0,53,6690.0,11,6692.0,70,6694.0,44,6696.0,4,6698.0,2,6688.0
SF410,,13:41:24.750#,6560.0,6716.0,6560.0,7126.0,6070.0,19327,73726,6680.0,2,6682.0,11,6684.0,9,6686.0,87,6688.0,53,6690.0,11,6692.0,70,6694.0,44,6696.0,4,6698.0,2,6688.0
SF410,,13:41:25.0#,6560.0,6716.0,6560.0,7126.0,6070.0,19327,73726,6680.0,2,6682.0,11,6684.0,9,6686.0,87,6688.0,53,6690.0,6,6692.0,70,6694.0,44,6696.0,4,6698.0,2,6688.0
SF410,,13:41:27.250#,6560.0,6716.0,6560.0,7126.0,6070.0,19327,73726,6680.0,2,6682.0,11,6684.0,9,6686.0,87,6688.0,53,6690.0,6,6692.0,70,6694.0,44,6696.0,4,6698.0,2,6688.0
SF410,,13:41:27.500#,6560.0,6716.0,6560.0,7126.0,6070.0,19327,73726,6680.0,2,6682.0,11,6684.0,9,6686.0,87,6688.0,53,6690.0,11,6692.0,70,6694.0,44,6696.0,4,6698.0,2,6688.0
SF410,,13:41:32.750#,6560.0,6716.0,6560.0,7126.0,6070.0,19327,73726,6680.0,2,6682.0,11,6684.0,9,6686.0,87,6688.0,53,6690.0,11,6692.0,70,6694.0,44,6696.0,4,6698.0,2,6688.0
SF410,,13:41:33.0#,6560.0,6716.0,6560.0,7126.0,6070.0,19327,73726,6680.0,2,6682.0,11,6684.0,9,6686.0,87,6688.0,53,6690.0,6,6692.0,70,6694.0,44,6696.0,4,6698.0,2,6688.0
SF410,,13:41:33.750#,6560.0,6716.0,6560.0,7126.0,6070.0,19331,73726,6680.0,2,6682.0,11,6684.0,9,6686.0,87,6688.0,42,6690.0,3,6692.0,70,6694.0,34,6696.0,4,6698.0,2,6688.0
SF410,,13:41:34.0#,6560.0,6716.0,6560.0,7126.0,6070.0,19331,73726,6680.0,2,6682.0,11,6684.0,9,6686.0,87,6688.0,42,6690.0,3,6692.0,60,6694.0,44,6696.0,4,6698.0,2,6688.0
SF410,,13:41:34.750#,6560.0,6716.0,6560.0,7126.0,6070.0,19331,73726,6680.0,2,6682.0,11,6684.0,9,6686.0,97,6688.0,42,6690.0,3,6692.0,60,6694.0,44,6696.0,14,6698.0,2,6688.0
SF410,,13:41:36.500#,6560.0,6716.0,6560.0,7126.0,6070.0,19331,73726,6680.0,2,6682.0,11,6684.0,9,6686.0,97,6688.0,43,6690.0,3,6692.0,60,6694.0,44,6696.0,14,6698.0,2,6688.0
SF410,,13:41:36.750#,6560.0,6716.0,6560.0,7126.0,6070.0,19331,73726,6680.0,2,6682.0,11,6684.0,9,6686.0,87,6688.0,53,6690.0,3,6692.0,60,6694.0,54,6696.0,4,6698.0,2,6688.0
SF410,,13:41:37.500#,6560.0,6716.0,6560.0,7126.0,6070.0,19331,73726,6680.0,2,6682.0,11,6684.0,9,6686.0,87,6688.0,53,6690.0,4,6692.0,60,6694.0,54,6696.0,4,6698.0,2,6688.0
SF410,,13:41:37.750#,6560.0,6716.0,6560.0,7126.0,6070.0,19331,73726,6680.0,2,6682.0,11,6684.0,9,6686.0,87,6688.0,53,6690.0,5,6692.0,60,6694.0,54,6696.0,4,6698.0,2,6688.0
SF410,,13:41:41.250#,6560.0,6716.0,6560.0,7126.0,6070.0,19332,73727,6680.0,2,6682.0,11,6684.0,9,6686.0,87,6688.0,52,6690.0,5,6692.0,60,6694.0,54,6696.0,4,6698.0,2,6688.0
SF410,,13:41:41.750#,6560.0,6716.0,6560.0,7126.0,6070.0,19333,73727,6680.0,2,6682.0,11,6684.0,9,6686.0,87,6688.0,52,6690.0,4,6692.0,60,6694.0,54,6696.0,4,6698.0,2,6690.0
SF410,,13:41:42.0#,6560.0,6716.0,6560.0,7126.0,6070.0,19333,73727,6680.0,2,6682.0,11,6684.0,19,6686.0,77,6688.0,52,6690.0,4,6692.0,70,6694.0,44,6696.0,4,6698.0,2,6690.0
SF410,,13:41:47.500#,6560.0,6716.0,6560.0,7126.0,6070.0,19334,73728,6680.0,2,6682.0,11,6684.0,9,6686.0,67,6688.0,71,6690.0,4,6692.0,41,6694.0,74,6696.0,4,6698.0,2,6688.0
SF410,,13:41:47.750#,6560.0,6716.0,6560.0,7126.0,6070.0,19342,73727,6680.0,2,6682.0,11,6684.0,9,6686.0,67,6688.0,67,6692.0,60,6694.0,74,6696.0,4,6698.0,2,6700.0,51,6688.0
SF410,,13:41:48.0#,6560.0,6716.0,6560.0,7126.0,6070.0,19342,73727,6680.0,2,6682.0,11,6684.0,9,6686.0,57,6688.0,82,6692.0,65,6694.0,74,6696.0,5,6698.0,2,6700.0,51,6688.0
SF410,,13:41:51.0#,6560.0,6716.0,6560.0,7126.0,6070.0,19346,73727,6680.0,2,6682.0,11,6684.0,9,6686.0,47,6688.0,82,6692.0,68,6694.0,64,6696.0,5,6698.0,2,6700.0,51,6688.0
SF410,,13:41:53.500#,6560.0,6716.0,6560.0,7126.0,6070.0,19348,73727,6680.0,2,6682.0,11,6684.0,9,6686.0,57,6688.0,70,6690.0,2,6692.0,56,6694.0,54,6696.0,5,6698.0,2,6688.0
SF410,,13:41:54.0#,6560.0,6716.0,6560.0,7126.0,6070.0,19350,73726,6682.0,11,6684.0,9,6686.0,37,6688.0,87,6690.0,1,6692.0,67,6694.0,54,6696.0,15,6698.0,2,6700.0,51,6690.0
SF410,,13:41:54.250#,6560.0,6716.0,6560.0,7126.0,6070.0,19350,73726,6682.0,10,6684.0,9,6686.0,47,6688.0,78,6690.0,2,6692.0,67,6694.0,74,6696.0,5,6698.0,2,6700.0,51,6690.0
SF410,,13:41:54.750#,6560.0,6716.0,6560.0,7126.0,6070.0,19352,73726,6682.0,10,6684.0,9,6686.0,47,6688.0,78,6690.0,2,6692.0,67,6694.0,74,6696.0,5,6698.0,2,6700.0,51,6690.0
SF410,,13:41:56.0#,6560.0,6716.0,6560.0,7126.0,6070.0,19354,73726,6680.0,2,6682.0,10,6684.0,19,6686.0,47,6688.0,88,6690.0,1,6692.0,66,6694.0,54,6696.0,5,6698.0,2,6690.0
SF410,,13:41:56.500#,6560.0,6716.0,6560.0,7126.0,6070.0,19357,73724,6682.0,10,6684.0,9,6686.0,57,6688.0,69,6690.0,2,6692.0,53,6694.0,74,6696.0,5,6698.0,2,6700.0,51,6690.0
SF410,,13:41:58.0#,6560.0,6716.0,6560.0,7126.0,6070.0,19365,73723,6680.0,2,6682.0,20,6684.0,9,6686.0,55,6688.0,85,6692.0,65,6694.0,64,6696.0,15,6698.0,2,6700.0,51,6690.0
SF410,,13:41:58.250#,6560.0,6716.0,6560.0,7126.0,6070.0,19365,73723,6680.0,2,6682.0,10,6684.0,9,6686.0,55,6688.0,95,6692.0,65,6694.0,64,6696.0,15,6698.0,2,6700.0,51,6690.0
SF410,,13:41:58.750#,6560.0,6716.0,6560.0,7126.0,6070.0,19379,73723,6680.0,2,6682.0,10,6684.0,9,6686.0,55,6688.0,80,6692.0,65,6694.0,64,6696.0,15,6698.0,2,6700.0,51,6688.0
SF410,,13:41:59.0#,6560.0,6716.0,6560.0,7126.0,6070.0,19388,73727,6680.0,2,6682.0,10,6684.0,9,6686.0,65,6688.0,69,6690.0,4,6692.0,47,6694.0,64,6696.0,15,6698.0,2,6688.0
SF410,,13:41:59.250#,6560.0,6716.0,6560.0,7126.0,6070.0,19395,73731,6680.0,2,6682.0,10,6684.0,19,6686.0,65,6688.0,59,6690.0,2,6692.0,46,6694.0,64,6696.0,15,6698.0,2,6690.0
SF410,,13:41:59.500#,6560.0,6716.0,6560.0,7126.0,6070.0,19395,73731,6680.0,2,6682.0,10,6684.0,19,6686.0,65,6688.0,59,6690.0,4,6692.0,46,6694.0,74,6696.0,5,6698.0,2,6690.0
SF410,,13:42:00.0#,6560.0,6716.0,6560.0,7126.0,6070.0,19396,73731,6680.0,2,6682.0,10,6684.0,9,6686.0,85,6688.0,49,6690.0,2,6692.0,76,6694.0,44,6696.0,5,6698.0,2,6690.0
SF410,,13:42:01.250#,6560.0,6716.0,6560.0,7126.0,6070.0,19397,73731,6680.0,2,6682.0,10,6684.0,9,6686.0,85,6688.0,49,6690.0,1,6692.0,86,6694.0,34,6696.0,5,6698.0,2,6690.0
SF410,,13:42:02.0#,6560.0,6716.0,6560.0,7126.0,6070.0,19398,73731,6680.0,2,6682.0,10,6684.0,9,6686.0,65,6688.0,84,6690.0,5,6692.0,57,6694.0,64,6696.0,4,6698.0,2,6692.0
SF410,,13:42:02.250#,6560.0,6716.0,6560.0,7126.0,6070.0,19398,73731,6680.0,2,6682.0,10,6684.0,19,6686.0,54,6688.0,85,6690.0,2,6692.0,46,6694.0,74,6696.0,4,6698.0,2,6692.0
SF410,,13:42:02.500#,6560.0,6716.0,6560.0,7126.0,6070.0,19398,73731,6680.0,2,6682.0,10,6684.0,9,6686.0,54,6688.0,96,6690.0,9,6692.0,36,6694.0,84,6696.0,4,6698.0,2,6692.0
SF410,,13:42:04.250#,6560.0,6716.0,6560.0,7126.0,6070.0,19398,73731,6680.0,2,6682.0,10,6684.0,9,6686.0,54,6688.0,100,6690.0,9,6692.0,46,6694.0,74,6696.0,4,6698.0,2,6692.0
SF410,,13:42:07.750#,6560.0,6716.0,6560.0,7126.0,6070.0,19398,73731,6680.0,2,6682.0,10,6684.0,9,6686.0,54,6688.0,100,6690.0,11,6692.0,46,6694.0,74,6696.0,4,6698.0,2,6692.0
SF410,,13:42:08.0#,6560.0,6716.0,6560.0,7126.0,6070.0,19399,73732,6680.0,2,6682.0,10,6684.0,9,6686.0,54,6688.0,99,6690.0,11,6692.0,46,6694.0,74,6696.0,4,6698.0,2,6690.0
SF410,,13:42:08.250#,6560.0,6716.0,6560.0,7126.0,6070.0,19399,73732,6680.0,2,6682.0,10,6684.0,9,6686.0,54,6688.0,100,6690.0,11,6692.0,46,6694.0,74,6696.0,4,6698.0,2,6690.0
SF410,,13:42:09.250#,6560.0,6716.0,6560.0,7126.0,6070.0,19400,73733,6680.0,2,6682.0,10,6684.0,9,6686.0,54,6688.0,100,6690.0,10,6692.0,46,6694.0,74,6696.0,4,6698.0,2,6690.0
SF410,,13:42:12.500#,6560.0,6716.0,6560.0,7126.0,6070.0,19406,73739,6680.0,2,6682.0,10,6684.0,9,6686.0,64,6688.0,87,6690.0,5,6692.0,46,6694.0,74,6696.0,4,6698.0,2,6690.0
SF410,,13:42:15.750#,6560.0,6716.0,6560.0,7126.0,6070.0,19411,73740,6680.0,2,6682.0,10,6684.0,9,6686.0,54,6688.0,88,6690.0,1,6692.0,47,6694.0,74,6696.0,4,6698.0,2,6690.0
SF410,,13:42:16.0#,6560.0,6716.0,6560.0,7126.0,6070.0,19411,73740,6680.0,2,6682.0,10,6684.0,9,6686.0,64,6688.0,70,6690.0,22,6692.0,61,6694.0,54,6696.0,4,6698.0,2,6690.0
SF410,,13:42:16.250#,6560.0,6716.0,6560.0,7126.0,6070.0,19411,73740,6680.0,2,6682.0,20,6684.0,29,6686.0,54,6688.0,49,6690.0,22,6692.0,101,6694.0,14,6696.0,4,6698.0,2,6690.0
SF410,,13:42:16.750#,6560.0,6716.0,6560.0,7126.0,6070.0,19411,73740,6680.0,2,6682.0,10,6684.0,9,6686.0,84,6688.0,49,6690.0,32,6692.0,71,6694.0,34,6696.0,4,6698.0,2,6690.0
SF410,,13:42:26.0#,6560.0,6716.0,6560.0,7126.0,6070.0,19411,73740,6680.0,2,6682.0,10,6684.0,9,6686.0,104,6688.0,29,6690.0,26,6692.0,71,6694.0,34,6696.0,4,6698.0,2,6690.0
SF410,,13:42:26.250#,6560.0,6716.0,6560.0,7126.0,6070.0,19411,73740,6680.0,2,6682.0,10,6684.0,9,6686.0,104,6688.0,28,6690.0,26,6692.0,71,6694.0,34,6696.0,4,6698.0,2,6690.0
SF410,,13:42:26.500#,6560.0,6716.0,6560.0,7126.0,6070.0,19411,73740,6680.0,2,6682.0,10,6684.0,19,6686.0,104,6688.0,18,6690.0,26,6692.0,81,6694.0,24,6696.0,4,6698.0,2,6690.0
SF410,,13:42:26.750#,6560.0,6716.0,6560.0,7126.0,6070.0,19411,73740,6680.0,2,6682.0,10,6684.0,39,6686.0,84,6688.0,18,6690.0,26,6692.0,101,6694.0,4,6696.0,4,6698.0,2,6690.0
SF410,,13:42:31.750#,6560.0,6716.0,6560.0,7126.0,6070.0,19411,73740,6680.0,2,6682.0,10,6684.0,29,6686.0,94,6688.0,8,6690.0,26,6692.0,91,6694.0,14,6696.0,4,6698.0,2,6690.0
SF410,,13:42:32.0#,6560.0,6716.0,6560.0,7126.0,6070.0,19411,73740,6680.0,2,6682.0,10,6684.0,39,6686.0,84,6688.0,8,6690.0,26,6692.0,101,6694.0,4,6696.0,4,6698.0,2,6690.0
SF410,,13:42:32.250#,6560.0,6716.0,6560.0,7126.0,6070.0,19411,73740,6680.0,2,6682.0,10,6684.0,39,6686.0,84,6688.0,8,6690.0,27,6692.0,101,6694.0,4,6696.0,4,6698.0,2,6690.0
SF410,,13:42:34.500#,6560.0,6716.0,6560.0,7126.0,6070.0,19413,73740,6680.0,2,6682.0,10,6684.0,39,6686.0,84,6688.0,6,6690.0,27,6692.0,101,6694.0,4,6696.0,4,6698.0,2,6688.0
SF410,,13:42:34.750#,6560.0,6716.0,6560.0,7126.0,6070.0,19413,73740,6680.0,2,6682.0,10,6684.0,29,6686.0,94,6688.0,6,6690.0,27,6692.0,91,6694.0,14,6696.0,4,6698.0,2,6688.0
SF410,,13:42:35.0#,6560.0,6716.0,6560.0,7126.0,6070.0,19413,73740,6680.0,2,6682.0,10,6684.0,39,6686.0,84,6688.0,6,6690.0,27,6692.0,101,6694.0,4,6696.0,4,6698.0,2,6688.0
SF410,,13:42:36.0#,6560.0,6716.0,6560.0,7126.0,6070.0,19449,73716,6680.0,2,6682.0,10,6684.0,39,6686.0,74,6688.0,5,6692.0,133,6694.0,4,6696.0,4,6698.0,2,6700.0,51,6690.0
SF410,,13:42:36.250#,6560.0,6716.0,6560.0,7126.0,6070.0,19449,73716,6680.0,2,6682.0,10,6684.0,9,6686.0,104,6688.0,21,6692.0,119,6694.0,34,6696.0,4,6698.0,2,6700.0,51,6690.0
SF410,,13:42:36.500#,6560.0,6716.0,6560.0,7126.0,6070.0,19456,73716,6680.0,2,6682.0,10,6684.0,9,6686.0,94,6688.0,35,6692.0,92,6694.0,54,6696.0,4,6698.0,2,6700.0,51,6692.0
SF410,,13:42:36.750#,6560.0,6716.0,6560.0,7126.0,6070.0,19456,73716,6680.0,2,6682.0,10,6684.0,9,6686.0,74,6688.0,56,6692.0,92,6694.0,54,6696.0,4,6698.0,2,6700.0,51,6692.0
SF410,,13:42:37.0#,6560.0,6716.0,6560.0,7126.0,6070.0,19456,73716,6680.0,2,6682.0,10,6684.0,9,6686.0,84,6688.0,46,6692.0,92,6694.0,54,6696.0,4,6698.0,2,6700.0,51,6692.0
SF410,,13:42:37.250#,6560.0,6716.0,6560.0,7126.0,6070.0,19456,73716,6680.0,2,6682.0,10,6684.0,9,6686.0,84,6688.0,47,6692.0,93,6694.0,54,6696.0,4,6698.0,2,6700.0,51,6692.0
SF410,,13:42:39.0#,6560.0,6716.0,6560.0,7126.0,6070.0,19456,73716,6680.0,2,6682.0,10,6684.0,9,6686.0,74,6688.0,57,6692.0,93,6694.0,54,6696.0,4,6698.0,2,6700.0,51,6692.0
SF410,,13:42:39.250#,6560.0,6716.0,6560.0,7126.0,6070.0,19457,73716,6680.0,2,6682.0,10,6684.0,9,6686.0,74,6688.0,57,6692.0,92,6694.0,54,6696.0,4,6698.0,2,6700.0,51,6692.0
SF410,,13:42:39.500#,6560.0,6716.0,6560.0,7126.0,6070.0,19457,73716,6680.0,2,6682.0,10,6684.0,9,6686.0,74,6688.0,52,6692.0,92,6694.0,54,6696.0,4,6698.0,2,6700.0,51,6692.0
SF410,,13:42:39.750#,6560.0,6716.0,6560.0,7126.0,6070.0,19457,73716,6680.0,2,6682.0,10,6684.0,9,6686.0,84,6688.0,43,6690.0,1,6692.0,87,6694.0,34,6696.0,4,6698.0,2,6692.0
SF410,,13:42:40.0#,6560.0,6716.0,6560.0,7126.0,6070.0,19457,73716,6680.0,2,6682.0,10,6684.0,9,6686.0,74,6688.0,53,6690.0,1,6692.0,76,6694.0,44,6696.0,4,6698.0,2,6692.0
SF410,,13:42:40.250#,6560.0,6716.0,6560.0,7126.0,6070.0,19457,73716,6680.0,2,6682.0,10,6684.0,9,6686.0,74,6688.0,52,6692.0,101,6694.0,44,6696.0,4,6698.0,2,6700.0,51,6692.0
SF410,,13:42:40.500#,6560.0,6716.0,6560.0,7126.0,6070.0,19457,73716,6680.0,2,6682.0,10,6684.0,9,6686.0,74,6688.0,54,6692.0,92,6694.0,54,6696.0,4,6698.0,2,6700.0,51,6692.0
SF410,,13:42:40.750#,6560.0,6716.0,6560.0,7126.0,6070.0,19457,73716,6680.0,2,6682.0,10,6684.0,9,6686.0,74,6688.0,55,6692.0,92,6694.0,54,6696.0,4,6698.0,2,6700.0,51,6692.0
SF410,,13:42:41.500#,6560.0,6716.0,6560.0,7126.0,6070.0,19457,73716,6680.0,2,6682.0,10,6684.0,9,6686.0,74,6688.0,56,6692.0,92,6694.0,54,6696.0,4,6698.0,2,6700.0,51,6692.0
SF410,,13:42:42.500#,6560.0,6716.0,6560.0,7126.0,6070.0,19458,73717,6680.0,2,6682.0,10,6684.0,9,6686.0,74,6688.0,56,6692.0,91,6694.0,54,6696.0,4,6698.0,2,6700.0,51,6692.0
SF410,,13:42:42.750#,6560.0,6716.0,6560.0,7126.0,6070.0,19458,73717,6680.0,2,6682.0,10,6684.0,9,6686.0,74,6688.0,57,6692.0,91,6694.0,54,6696.0,4,6698.0,2,6700.0,51,6692.0
SF410,,13:42:43.500#,6560.0,6716.0,6560.0,7126.0,6070.0,19458,73717,6680.0,2,6682.0,10,6684.0,9,6686.0,74,6688.0,55,6690.0,6,6692.0,67,6694.0,54,6696.0,4,6698.0,2,6692.0
SF410,,13:42:43.750#,6560.0,6716.0,6560.0,7126.0,6070.0,19458,73717,6680.0,2,6682.0,10,6684.0,9,6686.0,74,6688.0,55,6690.0,1,6692.0,56,6694.0,64,6696.0,4,6698.0,2,6692.0
SF410,,13:42:44.0#,6560.0,6716.0,6560.0,7126.0,6070.0,19458,73717,6680.0,2,6682.0,10,6684.0,9,6686.0,74,6688.0,52,6690.0,13,6692.0,56,6694.0,64,6696.0,4,6698.0,2,6692.0
SF410,,13:42:44.500#,6560.0,6716.0,6560.0,7126.0,6070.0,19458,73717,6680.0,2,6682.0,10,6684.0,29,6686.0,84,6688.0,23,6690.0,20,6692.0,106,6694.0,14,6696.0,4,6698.0,2,6692.0
SF410,,13:42:44.750#,6560.0,6716.0,6560.0,7126.0,6070.0,19458,73717,6680.0,2,6682.0,10,6684.0,19,6686.0,94,6688.0,23,6690.0,20,6692.0,96,6694.0,24,6696.0,4,6698.0,2,6692.0
SF410,,13:42:45.0#,6560.0,6716.0,6560.0,7126.0,6070.0,19458,73717,6680.0,2,6682.0,10,6684.0,9,6686.0,104,6688.0,23,6690.0,20,6692.0,86,6694.0,34,6696.0,4,6698.0,2,6692.0
SF410,,13:42:45.500#,6560.0,6716.0,6560.0,7126.0,6070.0,19461,73718,6680.0,2,6682.0,10,6684.0,9,6686.0,104,6688.0,20,6690.0,17,6692.0,86,6694.0,34,6696.0,4,6698.0,2,6688.0
SF410,,13:42:45.750#,6560.0,6716.0,6560.0,7126.0,6070.0,19462,73718,6680.0,2,6682.0,10,6684.0,19,6686.0,104,6688.0,9,6690.0,21,6692.0,91,6694.0,24,6696.0,4,6698.0,2,6690.0
SF410,,13:42:46.0#,6560.0,6716.0,6560.0,7126.0,6070.0,19462,73718,6680.0,2,6682.0,10,6684.0,39,6686.0,84,6688.0,9,6690.0,16,6692.0,111,6694.0,4,6696.0,4,6698.0,2,6690.0
SF410,,13:42:46.250#,6560.0,6716.0,6560.0,7126.0,6070.0,19462,73718,6680.0,2,6682.0,10,6684.0,29,6686.0,94,6688.0,10,6690.0,16,6692.0,101,6694.0,14,6696.0,4,6698.0,2,6690.0
SF410,,13:42:47.500#,6560.0,6716.0,6560.0,7126.0,6070.0,19462,73718,6680.0,2,6682.0,10,6684.0,29,6686.0,94,6688.0,10,6690.0,21,6692.0,101,6694.0,14,6696.0,4,6698.0,2,6690.0
SF410,,13:42:47.750#,6560.0,6716.0,6560.0,7126.0,6070.0,19462,73718,6680.0,2,6682.0,10,6684.0,39,6686.0,84,6688.0,10,6690.0,21,6692.0,111,6694.0,4,6696.0,4,6698.0,2,6690.0
SF410,,13:42:48.750#,6560.0,6716.0,6560.0,7126.0,6070.0,19462,73718,6680.0,2,6682.0,10,6684.0,29,6686.0,94,6688.0,10,6690.0,21,6692.0,101,6694.0,14,6696.0,4,6698.0,2,6690.0
SF410,,13:42:49.0#,6560.0,6716.0,6560.0,7126.0,6070.0,19462,73718,6680.0,2,6682.0,10,6684.0,29,6686.0,94,6688.0,10,6690.0,16,6692.0,101,6694.0,14,6696.0,4,6698.0,2,6690.0
SF410,,13:42:49.250#,6560.0,6716.0,6560.0,7126.0,6070.0,19462,73718,6680.0,2,6682.0,10,6684.0,29,6686.0,94,6688.0,10,6690.0,15,6692.0,101,6694.0,14,6696.0,4,6698.0,2,6690.0
SF410,,13:42:49.500#,6560.0,6716.0,6560.0,7126.0,6070.0,19462,73718,6680.0,2,6682.0,10,6684.0,39,6686.0,84,6688.0,10,6690.0,15,6692.0,111,6694.0,4,6696.0,4,6698.0,2,6690.0
SF410,,13:42:50.250#,6560.0,6716.0,6560.0,7126.0,6070.0,19463,73718,6680.0,2,6682.0,10,6684.0,39,6686.0,84,6688.0,9,6690.0,14,6692.0,111,6694.0,4,6696.0,4,6698.0,2,6688.0
SF410,,13:42:50.500#,6560.0,6716.0,6560.0,7126.0,6070.0,19463,73718,6680.0,2,6682.0,10,6684.0,19,6686.0,104,6688.0,9,6690.0,19,6692.0,101,6694.0,14,6696.0,4,6698.0,2,6688.0
SF410,,13:42:50.750#,6560.0,6716.0,6560.0,7126.0,6070.0,19463,73718,6680.0,2,6682.0,10,6684.0,29,6686.0,94,6688.0,9,6690.0,19,6692.0,111,6694.0,4,6696.0,4,6698.0,2,6688.0
SF410,,13:42:51.750#,6560.0,6716.0,6560.0,7126.0,6070.0,19464,73718,6680.0,2,6682.0,10,6684.0,29,6686.0,94,6688.0,8,6690.0,18,6692.0,111,6694.0,4,6696.0,4,6698.0,2,6688.0
SF410,,13:42:52.0#,6560.0,6716.0,6560.0,7126.0,6070.0,19464,73718,6680.0,2,6682.0,10,6684.0,19,6686.0,104,6688.0,8,6690.0,18,6692.0,101,6694.0,14,6696.0,4,6698.0,2,6688.0
SF410,,13:42:52.250#,6560.0,6716.0,6560.0,7126.0,6070.0,19465,73718,6680.0,2,6682.0,10,6684.0,29,6686.0,94,6688.0,7,6690.0,17,6692.0,111,6694.0,4,6696.0,4,6698.0,2,6690.0
SF410,,13:42:52.500#,6560.0,6716.0,6560.0,7126.0,6070.0,19470,73718,6680.0,2,6682.0,10,6684.0,29,6686.0,94,6688.0,2,6690.0,17,6692.0,111,6694.0,4,6696.0,4,6698.0,2,6688.0
SF410,,13:42:52.750#,6560.0,6716.0,6560.0,7126.0,6070.0,19471,73718,6680.0,2,6682.0,10,6684.0,29,6686.0,94,6688.0,7,6690.0,21,6692.0,111,6694.0,4,6696.0,4,6698.0,2,6690.0
SF410,,13:42:53.0#,6560.0,6716.0,6560.0,7126.0,6070.0,19474,73717,6680.0,2,6682.0,10,6684.0,29,6686.0,94,6688.0,4,6690.0,17,6692.0,111,6694.0,4,6696.0,4,6698.0,2,6688.0
SF410,,13:42:53.250#,6560.0,6716.0,6560.0,7126.0,6070.0,19475,73717,6680.0,2,6682.0,10,6684.0,19,6686.0,104,6688.0,4,6690.0,12,6692.0,101,6694.0,14,6696.0,4,6698.0,2,6690.0
SF410,,13:42:53.500#,6560.0,6716.0,6560.0,7126.0,6070.0,19475,73717,6680.0,2,6682.0,10,6684.0,29,6686.0,94,6688.0,4,6690.0,13,6692.0,111,6694.0,4,6696.0,4,6698.0,2,6690.0
SF410,,13:42:54.500#,6560.0,6716.0,6560.0,7126.0,6070.0,19475,73717,6680.0,2,6682.0,10,6684.0,29,6686.0,94,6688.0,5,6690.0,13,6692.0,111,6694.0,4,6696.0,4,6698.0,2,6690.0
SF410,,13:42:54.750#,6560.0,6716.0,6560.0,7126.0,6070.0,19475,73717,6680.0,2,6682.0,10,6684.0,29,6686.0,94,6688.0,6,6690.0,14,6692.0,111,6694.0,4,6696.0,4,6698.0,2,6690.0
SF410,,13:42:56.750#,6560.0,6716.0,6560.0,7126.0,6070.0,19475,73717,6680.0,2,6682.0,10,6684.0,29,6686.0,94,6688.0,6,6690.0,15,6692.0,111,6694.0,4,6696.0,4,6698.0,2,6690.0
SF410,,13:42:57.0#,6560.0,6716.0,6560.0,7126.0,6070.0,19476,73717,6680.0,2,6682.0,10,6684.0,29,6686.0,94,6688.0,5,6690.0,14,6692.0,111,6694.0,4,6696.0,4,6698.0,2,6688.0
SF410,,13:42:57.250#,6560.0,6716.0,6560.0,7126.0,6070.0,19476,73717,6680.0,2,6682.0,10,6684.0,19,6686.0,104,6688.0,5,6690.0,14,6692.0,101,6694.0,14,6696.0,4,6698.0,2,6688.0
SF410,,13:42:57.500#,6560.0,6716.0,6560.0,7126.0,6070.0,19476,73717,6680.0,2,6682.0,10,6684.0,29,6686.0,94,6688.0,5,6690.0,14,6692.0,111,6694.0,4,6696.0,4,6698.0,2,6688.0
SF410,,13:43:00.250#,6560.0,6716.0,6560.0,7126.0,6070.0,19479,73715,6680.0,2,6682.0,10,6684.0,29,6686.0,94,6688.0,2,6690.0,15,6692.0,111,6694.0,4,6696.0,4,6698.0,2,6688.0
SF410,,13:43:00.500#,6560.0,6716.0,6560.0,7126.0,6070.0,19480,73715,6680.0,2,6682.0,10,6684.0,19,6686.0,104,6688.0,1,6690.0,19,6692.0,101,6694.0,14,6696.0,4,6698.0,2,6688.0
SF410,,13:43:00.750#,6560.0,6716.0,6560.0,7126.0,6070.0,19482,73715,6678.0,1,6680.0,2,6682.0,10,6684.0,19,6686.0,113,6690.0,17,6692.0,101,6694.0,14,6696.0,4,6698.0,2,6688.0
SF410,,13:43:01.0#,6560.0,6716.0,6560.0,7126.0,6070.0,19482,73715,6680.0,2,6682.0,10,6684.0,39,6686.0,85,6688.0,5,6690.0,13,6692.0,111,6694.0,4,6696.0,4,6698.0,2,6688.0
SF410,,13:43:01.250#,6560.0,6716.0,6560.0,7126.0,6070.0,19482,73715,6680.0,2,6682.0,10,6684.0,19,6686.0,104,6688.0,7,6690.0,13,6692.0,101,6694.0,14,6696.0,4,6698.0,2,6688.0
SF410,,13:43:01.500#,6560.0,6716.0,6560.0,7126.0,6070.0,19482,73715,6680.0,2,6682.0,10,6684.0,29,6686.0,94,6688.0,7,6690.0,12,6692.0,111,6694.0,4,6696.0,4,6698.0,2,6688.0
SF410,,13:43:01.750#,6560.0,6716.0,6560.0,7126.0,6070.0,19482,73715,6680.0,2,6682.0,10,6684.0,29,6686.0,94,6688.0,7,6690.0,12,6692.0,111,6694.0,4,6696.0,4,6698.0,2,6688.0
SF410,,13:43:02.250#,6560.0,6716.0,6560.0,7126.0,6070.0,19482,73715,6680.0,2,6682.0,10,6684.0,29,6686.0,94,6688.0,7,6690.0,14,6692.0,111,6694.0,4,6696.0,4,6698.0,2,6688.0
SF410,,13:43:02.500#,6560.0,6716.0,6560.0,7126.0,6070.0,19482,73715,6680.0,2,6682.0,10,6684.0,29,6686.0,94,6688.0,7,6690.0,17,6692.0,111,6694.0,4,6696.0,4,6698.0,2,6688.0
SF410,,13:43:05.250#,6560.0,6716.0,6560.0,7126.0,6070.0,19482,73715,6678.0,1,6682.0,10,6684.0,29,6686.0,94,6688.0,7,6690.0,17,6692.0,111,6694.0,4,6696.0,4,6698.0,2,6688.0
SF410,,13:43:06.750#,6560.0,6716.0,6560.0,7126.0,6070.0,19482,73715,6678.0,1,6682.0,10,6684.0,29,6686.0,94,6688.0,7,6690.0,18,6692.0,111,6694.0,4,6696.0,4,6698.0,2,6688.0
SF410,,13:43:07.250#,6560.0,6716.0,6560.0,7126.0,6070.0,19482,73715,6678.0,1,6682.0,10,6684.0,29,6686.0,94,6688.0,8,6690.0,18,6692.0,111,6694.0,4,6696.0,4,6698.0,2,6688.0
SF410,,13:43:07.500#,6560.0,6716.0,6560.0,7126.0,6070.0,19482,73715,6678.0,1,6682.0,10,6684.0,29,6686.0,94,6688.0,9,6690.0,18,6692.0,111,6694.0,4,6696.0,4,6698.0,2,6688.0
SF410,,13:43:08.250#,6560.0,6716.0,6560.0,7126.0,6070.0,19482,73715,6678.0,1,6682.0,10,6684.0,29,6686.0,94,6688.0,11,6690.0,18,6692.0,111,6694.0,4,6696.0,4,6698.0,2,6688.0
SF410,,13:43:10.0#,6560.0,6716.0,6560.0,7126.0,6070.0,19487,73715,6678.0,1,6682.0,10,6684.0,29,6686.0,94,6688.0,6,6690.0,18,6692.0,111,6694.0,4,6696.0,4,6698.0,2,6688.0
SF410,,13:43:10.250#,6560.0,6716.0,6560.0,7126.0,6070.0,19488,73715,6678.0,1,6682.0,10,6684.0,19,6686.0,104,6688.0,6,6690.0,17,6692.0,101,6694.0,14,6696.0,4,6698.0,2,6690.0
SF410,,13:43:10.500#,6560.0,6716.0,6560.0,7126.0,6070.0,19488,73715,6678.0,1,6682.0,10,6684.0,29,6686.0,94,6688.0,6,6690.0,17,6692.0,111,6694.0,4,6696.0,4,6698.0,2,6690.0
SF410,,13:43:11.750#,6560.0,6716.0,6560.0,7126.0,6070.0,19491,73714,6678.0,1,6682.0,10,6684.0,29,6686.0,94,6688.0,3,6690.0,27,6692.0,111,6694.0,4,6696.0,4,6698.0,2,6688.0
SF410,,13:43:12.0#,6560.0,6716.0,6560.0,7126.0,6070.0,19491,73714,6678.0,1,6682.0,10,6684.0,29,6686.0,96,6688.0,3,6690.0,27,6692.0,111,6694.0,4,6696.0,4,6698.0,2,6688.0
SF410,,13:43:13.500#,6560.0,6716.0,6560.0,7126.0,6070.0,19491,73714,6678.0,1,6682.0,10,6684.0,29,6686.0,96,6688.0,3,6690.0,24,6692.0,111,6694.0,4,6696.0,4,6698.0,2,6688.0
SF410,,13:43:15.250#,6560.0,6716.0,6560.0,7126.0,6070.0,19491,73714,6678.0,1,6682.0,10,6684.0,29,6686.0,96,6688.0,3,6690.0,16,6692.0,111,6694.0,4,6696.0,4,6698.0,2,6688.0
SF410,,13:43:15.500#,6560.0,6716.0,6560.0,7126.0,6070.0,19491,73714,6678.0,1,6682.0,10,6684.0,19,6686.0,106,6688.0,3,6690.0,16,6692.0,91,6694.0,24,6696.0,4,6698.0,2,6688.0
SF410,,13:43:15.750#,6560.0,6716.0,6560.0,7126.0,6070.0,19491,73714,6678.0,1,6682.0,10,6684.0,29,6686.0,96,6688.0,6,6690.0,16,6692.0,101,6694.0,14,6696.0,4,6698.0,2,6688.0
SF410,,13:43:16.0#,6560.0,6716.0,6560.0,7126.0,6070.0,19491,73714,6678.0,1,6682.0,10,6684.0,29,6686.0,86,6688.0,17,6690.0,16,6692.0,91,6694.0,24,6696.0,4,6698.0,2,6688.0
SF410,,13:43:16.500#,6560.0,6716.0,6560.0,7126.0,6070.0,19491,73714,6678.0,1,6682.0,10,6684.0,9,6686.0,106,6688.0,27,6690.0,16,6692.0,71,6694.0,44,6696.0,4,6698.0,2,6688.0
SF410,,13:43:19.750#,6560.0,6716.0,6560.0,7126.0,6070.0,19491,73714,6678.0,1,6682.0,10,6684.0,9,6686.0,106,6688.0,22,6690.0,16,6692.0,71,6694.0,44,6696.0,4,6698.0,2,6688.0
SF410,,13:43:20.750#,6560.0,6716.0,6560.0,7126.0,6070.0,19491,73714,6678.0,1,6682.0,10,6684.0,9,6686.0,106,6688.0,23,6690.0,16,6692.0,71,6694.0,44,6696.0,4,6698.0,2,6688.0
SF410,,13:43:21.500#,6560.0,6716.0,6560.0,7126.0,6070.0,19491,73714,6678.0,1,6682.0,10,6684.0,9,6686.0,106,6688.0,28,6690.0,16,6692.0,71,6694.0,44,6696.0,4,6698.0,2,6688.0
SF410,,13:43:21.750#,6560.0,6716.0,6560.0,7126.0,6070.0,19491,73714,6678.0,1,6682.0,10,6684.0,8,6686.0,106,6688.0,28,6690.0,16,6692.0,71,6694.0,44,6696.0,4,6698.0,2,6688.0
SF410,,13:43:27.0#,6560.0,6716.0,6560.0,7126.0,6070.0,19492,73715,6678.0,1,6682.0,10,6684.0,8,6686.0,106,6688.0,27,6690.0,16,6692.0,71,6694.0,44,6696.0,4,6698.0,2,6688.0
SF410,,13:43:27.250#,6560.0,6716.0,6560.0,7126.0,6070.0,19492,73715,6678.0,1,6682.0,10,6684.0,8,6686.0,106,6688.0,29,6690.0,16,6692.0,71,6694.0,44,6696.0,4,6698.0,2,6688.0
SF410,,13:43:33.250#,6560.0,6716.0,6560.0,7126.0,6070.0,19492,73715,6678.0,1,6682.0,10,6684.0,8,6686.0,106,6688.0,24,6690.0,16,6692.0,71,6694.0,44,6696.0,4,6698.0,2,6688.0
SF410,,13:43:33.500#,6560.0,6716.0,6560.0,7126.0,6070.0,19492,73715,6678.0,1,6682.0,10,6684.0,8,6686.0,106,6688.0,25,6690.0,16,6692.0,71,6694.0,44,6696.0,4,6698.0,2,6688.0
SF410,,13:43:34.250#,6560.0,6716.0,6560.0,7126.0,6070.0,19492,73715,6678.0,1,6682.0,10,6684.0,8,6686.0,106,6688.0,17,6690.0,28,6692.0,71,6694.0,44,6696.0,4,6698.0,2,6688.0
SF410,,13:43:34.500#,6560.0,6716.0,6560.0,7126.0,6070.0,19492,73715,6678.0,1,6682.0,10,6684.0,48,6686.0,74,6688.0,7,6690.0,38,6692.0,101,6694.0,4,6696.0,4,6698.0,2,6688.0
SF410,,13:43:34.750#,6560.0,6716.0,6560.0,7126.0,6070.0,19492,73715,6678.0,1,6682.0,10,6684.0,48,6686.0,74,6688.0,7,6690.0,58,6692.0,81,6694.0,4,6696.0,4,6698.0,2,6688.0
SF410,,13:43:35.0#,6560.0,6716.0,6560.0,7126.0,6070.0,19492,73715,6678.0,1,6682.0,10,6684.0,38,6686.0,84,6688.0,7,6690.0,48,6692.0,91,6694.0,4,6696.0,4,6698.0,2,6688.0
SF410,,13:43:35.250#,6560.0,6716.0,6560.0,7126.0,6070.0,19492,73715,6678.0,1,6682.0,10,6684.0,28,6686.0,94,6688.0,7,6690.0,48,6692.0,81,6694.0,14,6696.0,4,6698.0,2,6688.0
SF410,,13:43:35.500#,6560.0,6716.0,6560.0,7126.0,6070.0,19492,73715,6678.0,1,6682.0,10,6684.0,38,6686.0,84,6688.0,7,6690.0,48,6692.0,91,6694.0,4,6696.0,4,6698.0,2,6688.0
SF410,,13:43:37.0#,6560.0,6716.0,6560.0,7126.0,6070.0,19492,73715,6678.0,1,6682.0,10,6684.0,38,6686.0,84,6688.0,7,6690.0,58,6692.0,81,6694.0,4,6696.0,4,6698.0,2,6688.0
SF410,,13:43:45.250#,6560.0,6716.0,6560.0,7126.0,6070.0,19492,73715,6678.0,1,6682.0,10,6684.0,38,6686.0,84,6688.0,7,6690.0,59,6692.0,81,6694.0,4,6696.0,4,6698.0,2,6688.0
SF410,,13:43:45.750#,6560.0,6716.0,6560.0,7126.0,6070.0,19492,73715,6678.0,1,6682.0,10,6684.0,38,6686.0,84,6688.0,7,6690.0,60,6692.0,81,6694.0,4,6696.0,4,6698.0,2,6688.0
SF410,,13:43:46.0#,6560.0,6716.0,6560.0,7126.0,6070.0,19492,73715,6678.0,1,6682.0,10,6684.0,38,6686.0,84,6688.0,7,6690.0,70,6692.0,71,6694.0,4,6696.0,4,6698.0,2,6688.0
SF410,,13:43:47.0#,6560.0,6716.0,6560.0,7126.0,6070.0,19492,73715,6678.0,1,6682.0,10,6684.0,38,6686.0,84,6688.0,8,6690.0,70,6692.0,71,6694.0,4,6696.0,4,6698.0,2,6688.0
SF410,,13:43:51.500#,6560.0,6716.0,6560.0,7126.0,6070.0,19493,73715,6678.0,1,6682.0,10,6684.0,38,6686.0,84,6688.0,7,6690.0,69,6692.0,71,6694.0,4,6696.0,4,6698.0,2,6688.0
SF410,,13:43:51.750#,6560.0,6716.0,6560.0,7126.0,6070.0,19493,73715,6678.0,1,6682.0,10,6684.0,28,6686.0,94,6688.0,7,6690.0,69,6692.0,61,6694.0,14,6696.0,4,6698.0,2,6688.0
SF410,,13:43:52.0#,6560.0,6716.0,6560.0,7126.0,6070.0,19493,73715,6678.0,1,6682.0,10,6684.0,38,6686.0,84,6688.0,7,6690.0,69,6692.0,71,6694.0,4,6696.0,4,6698.0,2,6688.0
SF410,,13:43:54.0#,6560.0,6716.0,6560.0,7126.0,6070.0,19493,73715,6678.0,1,6682.0,10,6684.0,38,6686.0,84,6688.0,7,6690.0,70,6692.0,71,6694.0,4,6696.0,4,6698.0,2,6688.0
SF410,,13:43:59.250#,6560.0,6716.0,6560.0,7126.0,6070.0,19493,73715,6678.0,1,6682.0,10,6684.0,38,6686.0,84,6688.0,8,6690.0,70,6692.0,71,6694.0,4,6696.0,4,6698.0,2,6688.0
SF410,,13:44:04.750#,6560.0,6716.0,6560.0,7126.0,6070.0,19494,73715,6678.0,1,6682.0,10,6684.0,38,6686.0,84,6688.0,7,6690.0,69,6692.0,71,6694.0,4,6696.0,4,6698.0,2,6688.0
SF410,,13:44:05.0#,6560.0,6716.0,6560.0,7126.0,6070.0,19494,73715,6678.0,1,6682.0,10,6684.0,28,6686.0,94,6688.0,7,6690.0,70,6692.0,61,6694.0,14,6696.0,4,6698.0,2,6688.0
SF410,,13:44:05.250#,6560.0,6716.0,6560.0,7126.0,6070.0,19494,73715,6678.0,1,6682.0,10,6684.0,28,6686.0,94,6688.0,7,6690.0,69,6692.0,71,6694.0,4,6696.0,4,6698.0,2,6688.0
SF410,,13:44:11.250#,6560.0,6716.0,6560.0,7126.0,6070.0,19497,73715,6678.0,1,6682.0,10,6684.0,28,6686.0,94,6688.0,4,6690.0,66,6692.0,71,6694.0,4,6696.0,4,6698.0,2,6688.0
SF410,,13:44:11.500#,6560.0,6716.0,6560.0,7126.0,6070.0,19497,73715,6678.0,1,6682.0,10,6684.0,18,6686.0,106,6688.0,4,6690.0,66,6692.0,61,6694.0,14,6696.0,4,6698.0,2,6688.0
SF410,,13:44:11.750#,6560.0,6716.0,6560.0,7126.0,6070.0,19497,73715,6678.0,1,6682.0,10,6684.0,28,6686.0,96,6688.0,5,6690.0,66,6692.0,71,6694.0,4,6696.0,4,6698.0,2,6688.0
SF410,,13:44:12.250#,6560.0,6716.0,6560.0,7126.0,6070.0,19497,73715,6678.0,1,6682.0,10,6684.0,28,6686.0,96,6688.0,6,6690.0,66,6692.0,71,6694.0,4,6696.0,4,6698.0,2,6688.0
SF410,,13:44:14.250#,6560.0,6716.0,6560.0,7126.0,6070.0,19498,73715,6678.0,1,6682.0,10,6684.0,28,6686.0,96,6688.0,5,6690.0,66,6692.0,71,6694.0,4,6696.0,4,6698.0,2,6688.0
SF410,,13:44:14.500#,6560.0,6716.0,6560.0,7126.0,6070.0,19498,73715,6678.0,1,6682.0,10,6684.0,18,6686.0,106,6688.0,5,6690.0,66,6692.0,61,6694.0,14,6696.0,4,6698.0,2,6688.0
SF410,,13:44:14.750#,6560.0,6716.0,6560.0,7126.0,6070.0,19498,73715,6678.0,1,6682.0,10,6684.0,28,6686.0,96,6688.0,5,6690.0,66,6692.0,71,6694.0,4,6696.0,4,6698.0,2,6688.0
SF410,,13:44:19.250#,6560.0,6716.0,6560.0,7126.0,6070.0,19500,73715,6678.0,1,6682.0,10,6684.0,28,6686.0,96,6688.0,3,6690.0,64,6692.0,71,6694.0,4,6696.0,4,6698.0,2,6688.0
SF410,,13:44:19.500#,6560.0,6716.0,6560.0,7126.0,6070.0,19500,73715,6678.0,1,6682.0,10,6684.0,18,6686.0,106,6688.0,3,6690.0,64,6692.0,61,6694.0,14,6696.0,4,6698.0,2,6688.0
SF410,,13:44:19.750#,6560.0,6716.0,6560.0,7126.0,6070.0,19500,73715,6678.0,1,6682.0,10,6684.0,28,6686.0,96,6688.0,3,6690.0,64,6692.0,71,6694.0,4,6696.0,4,6698.0,2,6688.0
SF410,,13:44:22.750#,6560.0,6716.0,6560.0,7126.0,6070.0,19501,73715,6678.0,1,6682.0,10,6684.0,28,6686.0,96,6688.0,2,6690.0,63,6692.0,71,6694.0,4,6696.0,4,6698.0,2,6688.0
SF410,,13:44:23.0#,6560.0,6716.0,6560.0,7126.0,6070.0,19501,73715,6678.0,1,6682.0,10,6684.0,18,6686.0,106,6688.0,2,6690.0,63,6692.0,61,6694.0,14,6696.0,4,6698.0,2,6688.0
SF410,,13:44:23.250#,6560.0,6716.0,6560.0,7126.0,6070.0,19501,73715,6678.0,1,6682.0,10,6684.0,28,6686.0,96,6688.0,2,6690.0,63,6692.0,71,6694.0,4,6696.0,4,6698.0,2,6688.0
SF410,,13:44:23.500#,6560.0,6716.0,6560.0,7126.0,6070.0,19503,73715,6676.0,6,6678.0,1,6682.0,10,6684.0,28,6686.0,104,6688.0,4,6690.0,55,6692.0,71,6694.0,4,6696.0,4,6688.0
SF410,,13:44:23.750#,6560.0,6716.0,6560.0,7126.0,6070.0,19503,73715,6676.0,6,6678.0,1,6682.0,20,6684.0,38,6686.0,88,6688.0,6,6690.0,71,6692.0,51,6694.0,4,6696.0,4,6688.0
SF410,,13:44:24.0#,6560.0,6716.0,6560.0,7126.0,6070.0,19503,73715,6676.0,6,6678.0,1,6682.0,10,6684.0,48,6686.0,88,6688.0,7,6690.0,70,6692.0,51,6694.0,4,6696.0,4,6688.0
SF410,,13:44:24.250#,6560.0,6716.0,6560.0,7126.0,6070.0,19503,73715,6676.0,6,6678.0,1,6682.0,10,6684.0,58,6686.0,78,6688.0,8,6690.0,70,6692.0,51,6694.0,4,6696.0,4,6688.0
SF410,,13:44:24.500#,6560.0,6716.0,6560.0,7126.0,6070.0,19503,73715,6676.0,6,6678.0,1,6682.0,10,6684.0,68,6686.0,68,6688.0,9,6690.0,80,6692.0,41,6694.0,4,6696.0,4,6688.0
SF410,,13:44:24.750#,6560.0,6716.0,6560.0,7126.0,6070.0,19503,73715,6676.0,6,6678.0,1,6682.0,10,6684.0,68,6686.0,69,6688.0,10,6690.0,80,6692.0,41,6694.0,4,6696.0,4,6688.0
SF410,,13:44:25.500#,6560.0,6716.0,6560.0,7126.0,6070.0,19503,73715,6676.0,6,6678.0,1,6682.0,10,6684.0,68,6686.0,70,6688.0,10,6690.0,80,6692.0,41,6694.0,4,6696.0,4,6688.0
SF410,,13:44:27.250#,6560.0,6716.0,6560.0,7126.0,6070.0,19503,73715,6676.0,6,6678.0,1,6682.0,10,6684.0,68,6686.0,70,6688.0,15,6690.0,75,6692.0,41,6694.0,4,6696.0,4,6688.0
SF410,,13:44:27.500#,6560.0,6716.0,6560.0,7126.0,6070.0,19503,73715,6676.0,6,6678.0,1,6682.0,10,6684.0,68,6686.0,70,6688.0,10,6690.0,75,6692.0,41,6694.0,4,6696.0,4,6688.0
SF410,,13:44:38.500#,6560.0,6716.0,6560.0,7126.0,6070.0,19503,73715,6676.0,6,6678.0,1,6682.0,10,6684.0,68,6686.0,71,6688.0,10,6690.0,75,6692.0,41,6694.0,4,6696.0,4,6688.0
SF410,,13:44:43.500#,6560.0,6716.0,6560.0,7126.0,6070.0,19503,73715,6676.0,6,6678.0,1,6682.0,10,6684.0,68,6686.0,71,6688.0,15,6690.0,75,6692.0,41,6694.0,4,6696.0,4,6688.0
SF410,,13:44:43.750#,6560.0,6716.0,6560.0,7126.0,6070.0,19503,73715,6676.0,6,6678.0,1,6682.0,10,6684.0,68,6686.0,71,6688.0,11,6690.0,75,6692.0,41,6694.0,4,6696.0,4,6688.0
SF410,,13:44:45.750#,6560.0,6716.0,6560.0,7126.0,6070.0,19503,73715,6676.0,6,6678.0,1,6682.0,10,6684.0,66,6686.0,71,6688.0,16,6690.0,75,6692.0,41,6694.0,4,6696.0,4,6688.0
SF410,,13:44:46.500#,6560.0,6716.0,6560.0,7126.0,6070.0,19503,73715,6676.0,6,6678.0,1,6682.0,10,6684.0,66,6686.0,71,6688.0,11,6690.0,75,6692.0,41,6694.0,4,6696.0,4,6688.0
SF410,,13:44:52.500#,6560.0,6716.0,6560.0,7126.0,6070.0,19503,73715,6676.0,6,6678.0,1,6682.0,10,6684.0,66,6686.0,71,6688.0,16,6690.0,75,6692.0,41,6694.0,4,6696.0,4,6688.0
SF410,,13:44:52.750#,6560.0,6716.0,6560.0,7126.0,6070.0,19503,73715,6676.0,6,6678.0,1,6682.0,10,6684.0,66,6686.0,71,6688.0,15,6690.0,75,6692.0,41,6694.0,4,6696.0,4,6688.0
SF410,,13:44:53.0#,6560.0,6716.0,6560.0,7126.0,6070.0,19503,73715,6676.0,6,6678.0,1,6682.0,10,6684.0,66,6686.0,71,6688.0,10,6690.0,75,6692.0,41,6694.0,4,6696.0,4,6688.0
SF410,,13:44:53.750#,6560.0,6716.0,6560.0,7126.0,6070.0,19514,73723,6676.0,6,6678.0,1,6682.0,10,6684.0,66,6686.0,80,6690.0,93,6692.0,41,6694.0,4,6696.0,4,6698.0,2,6688.0
SF410,,13:44:54.0#,6560.0,6716.0,6560.0,7126.0,6070.0,19514,73723,6676.0,6,6678.0,1,6682.0,20,6684.0,56,6686.0,80,6688.0,3,6690.0,70,6692.0,51,6694.0,4,6696.0,4,6688.0
SF410,,13:44:54.250#,6560.0,6716.0,6560.0,7126.0,6070.0,19517,73724,6678.0,1,6680.0,10,6682.0,10,6684.0,56,6686.0,79,6690.0,88,6692.0,51,6694.0,4,6696.0,4,6698.0,2,6688.0
SF410,,13:44:55.0#,6560.0,6716.0,6560.0,7126.0,6070.0,19517,73724,6678.0,1,6680.0,10,6682.0,10,6684.0,56,6686.0,80,6690.0,89,6692.0,51,6694.0,4,6696.0,4,6698.0,2,6688.0
SF410,,13:45:01.0#,6560.0,6716.0,6560.0,7126.0,6070.0,19525,73726,6678.0,1,6680.0,10,6682.0,10,6684.0,56,6686.0,74,6690.0,87,6692.0,51,6694.0,4,6696.0,4,6698.0,2,6688.0
SF410,,13:45:01.250#,6560.0,6716.0,6560.0,7126.0,6070.0,19527,73726,6676.0,6,6678.0,1,6682.0,10,6684.0,66,6686.0,72,6690.0,85,6692.0,51,6694.0,4,6696.0,4,6698.0,2,6690.0
SF410,,13:45:02.0#,6560.0,6716.0,6560.0,7126.0,6070.0,19529,73726,6676.0,6,6678.0,1,6682.0,10,6684.0,56,6686.0,72,6690.0,73,6692.0,51,6694.0,4,6696.0,4,6698.0,2,6690.0
SF410,,13:45:02.500#,6560.0,6716.0,6560.0,7126.0,6070.0,19530,73726,6676.0,6,6678.0,1,6682.0,10,6684.0,56,6686.0,82,6690.0,62,6692.0,71,6694.0,4,6696.0,4,6698.0,2,6690.0
SF410,,13:45:02.750#,6560.0,6716.0,6560.0,7126.0,6070.0,19530,73726,6676.0,6,6678.0,1,6682.0,10,6684.0,46,6686.0,82,6690.0,62,6692.0,61,6694.0,4,6696.0,4,6698.0,2,6690.0
SF410,,13:45:07.0#,6560.0,6716.0,6560.0,7126.0,6070.0,19530,73726,6678.0,1,6682.0,10,6684.0,46,6686.0,71,6688.0,1,6690.0,62,6692.0,61,6694.0,4,6696.0,4,6698.0,2,6690.0
SF410,,13:45:07.250#,6560.0,6716.0,6560.0,7126.0,6070.0,19530,73726,6678.0,1,6682.0,10,6684.0,48,6686.0,81,6688.0,3,6690.0,62,6692.0,71,6694.0,4,6696.0,4,6698.0,2,6690.0
SF410,,13:45:07.500#,6560.0,6716.0,6560.0,7126.0,6070.0,19530,73726,6678.0,1,6682.0,10,6684.0,38,6686.0,91,6688.0,3,6690.0,62,6692.0,71,6694.0,4,6696.0,4,6698.0,2,6690.0
SF410,,13:45:14.500#,6560.0,6716.0,6560.0,7126.0,6070.0,19530,73726,6678.0,1,6682.0,10,6684.0,38,6686.0,91,6688.0,4,6690.0,64,6692.0,71,6694.0,4,6696.0,4,6698.0,2,6690.0
SF410,,13:45:14.750#,6560.0,6716.0,6560.0,7126.0,6070.0,19530,73726,6678.0,1,6682.0,10,6684.0,38,6686.0,92,6688.0,4,6690.0,65,6692.0,71,6694.0,4,6696.0,4,6698.0,2,6690.0
SF410,,13:45:15.500#,6560.0,6716.0,6560.0,7126.0,6070.0,19530,73726,6678.0,1,6682.0,10,6684.0,38,6686.0,92,6688.0,4,6690.0,64,6692.0,71,6694.0,4,6696.0,4,6698.0,2,6690.0
SF410,,13:45:17.0#,6560.0,6716.0,6560.0,7126.0,6070.0,19530,73726,6678.0,1,6682.0,10,6684.0,38,6686.0,92,6688.0,4,6690.0,64,6692.0,71,6694.0,4,6696.0,4,6698.0,2,6690.0
SF410,,13:45:18.500#,6560.0,6716.0,6560.0,7126.0,6070.0,19531,73726,6678.0,1,6682.0,10,6684.0,38,6686.0,92,6688.0,3,6690.0,64,6692.0,71,6694.0,4,6696.0,4,6698.0,2,6688.0
SF410,,13:45:18.750#,6560.0,6716.0,6560.0,7126.0,6070.0,19531,73726,6678.0,1,6682.0,10,6684.0,28,6686.0,102,6688.0,3,6690.0,64,6692.0,61,6694.0,14,6696.0,4,6698.0,2,6688.0
SF410,,13:45:19.0#,6560.0,6716.0,6560.0,7126.0,6070.0,19531,73726,6678.0,1,6682.0,10,6684.0,38,6686.0,92,6688.0,3,6690.0,64,6692.0,71,6694.0,4,6696.0,4,6698.0,2,6688.0
SF410,,13:45:19.750#,6560.0,6716.0,6560.0,7126.0,6070.0,19532,73726,6678.0,1,6682.0,10,6684.0,38,6686.0,92,6688.0,2,6690.0,63,6692.0,71,6694.0,4,6696.0,4,6698.0,2,6688.0
SF410,,13:45:20.0#,6560.0,6716.0,6560.0,7126.0,6070.0,19532,73726,6678.0,1,6682.0,10,6684.0,28,6686.0,102,6688.0,2,6690.0,63,6692.0,61,6694.0,14,6696.0,4,6698.0,2,6688.0
SF410,,13:45:20.250#,6560.0,6716.0,6560.0,7126.0,6070.0,19532,73726,6678.0,1,6682.0,10,6684.0,38,6686.0,92,6688.0,3,6690.0,63,6692.0,71,6694.0,4,6696.0,4,6698.0,2,6688.0
SF410,,13:45:20.500#,6560.0,6716.0,6560.0,7126.0,6070.0,19532,73726,6678.0,1,6682.0,10,6684.0,38,6686.0,92,6688.0,3,6690.0,62,6692.0,71,6694.0,4,6696.0,4,6698.0,2,6688.0
SF410,,13:45:24.500#,6560.0,6716.0,6560.0,7126.0,6070.0,19533,73726,6678.0,1,6682.0,10,6684.0,38,6686.0,92,6688.0,2,6690.0,61,6692.0,71,6694.0,4,6696.0,4,6698.0,2,6688.0
SF410,,13:45:28.500#,6560.0,6716.0,6560.0,7126.0,6070.0,19533,73726,6678.0,1,6682.0,10,6684.0,38,6686.0,92,6688.0,2,6690.0,61,6692.0,71,6694.0,4,6696.0,4,6698.0,2,6688.0
SF410,,13:45:29.500#,6560.0,6716.0,6560.0,7126.0,6070.0,19534,73725,6678.0,1,6682.0,10,6684.0,38,6686.0,92,6688.0,1,6690.0,61,6692.0,71,6694.0,4,6696.0,4,6698.0,2,6688.0
SF410,,13:45:30.0#,6560.0,6716.0,6560.0,7126.0,6070.0,19534,73725,6676.0,6,6678.0,1,6682.0,10,6684.0,48,6686.0,94,6690.0,61,6692.0,71,6694.0,4,6696.0,4,6698.0,2,6688.0
SF410,,13:45:30.250#,6560.0,6716.0,6560.0,7126.0,6070.0,19534,73725,6678.0,1,6682.0,10,6684.0,49,6686.0,83,6688.0,1,6690.0,61,6692.0,71,6694.0,4,6696.0,4,6698.0,2,6688.0
SF410,,13:45:30.500#,6560.0,6716.0,6560.0,7126.0,6070.0,19535,73725,6678.0,1,6682.0,10,6684.0,39,6686.0,92,6688.0,1,6690.0,80,6692.0,71,6694.0,4,6696.0,4,6698.0,2,6688.0
SF410,,13:45:30.750#,6560.0,6716.0,6560.0,7126.0,6070.0,19535,73725,6676.0,6,6678.0,1,6682.0,10,6684.0,39,6686.0,103,6690.0,79,6692.0,61,6694.0,14,6696.0,4,6698.0,2,6688.0
SF410,,13:45:31.0#,6560.0,6716.0,6560.0,7126.0,6070.0,19535,73725,6676.0,6,6678.0,1,6682.0,10,6684.0,49,6686.0,94,6690.0,81,6692.0,61,6694.0,4,6696.0,14,6698.0,2,6688.0
SF410,,13:45:32.0#,6560.0,6716.0,6560.0,7126.0,6070.0,19536,73725,6676.0,6,6678.0,1,6682.0,10,6684.0,49,6686.0,93,6690.0,81,6692.0,61,6694.0,4,6696.0,14,6698.0,2,6686.0
SF410,,13:45:34.500#,6560.0,6716.0,6560.0,7126.0,6070.0,19536,73725,6676.0,6,6678.0,1,6682.0,10,6684.0,49,6686.0,93,6690.0,81,6692.0,61,6694.0,4,6696.0,4,6698.0,12,6686.0
SF410,,13:45:35.250#,6560.0,6716.0,6560.0,7126.0,6070.0,19536,73725,6676.0,6,6678.0,1,6682.0,10,6684.0,49,6686.0,91,6690.0,81,6692.0,61,6694.0,4,6696.0,4,6698.0,12,6686.0
SF410,,13:45:37.0#,6560.0,6716.0,6560.0,7126.0,6070.0,19541,73730,6676.0,6,6678.0,1,6682.0,10,6684.0,49,6686.0,86,6690.0,80,6692.0,61,6694.0,4,6696.0,4,6698.0,12,6686.0
SF410,,13:45:37.250#,6560.0,6716.0,6560.0,7126.0,6070.0,19541,73730,6676.0,6,6678.0,1,6682.0,10,6684.0,49,6686.0,87,6690.0,80,6692.0,61,6694.0,4,6696.0,4,6698.0,12,6686.0
SF410,,13:45:37.500#,6560.0,6716.0,6560.0,7126.0,6070.0,19541,73730,6676.0,6,6678.0,1,6682.0,10,6684.0,49,6686.0,87,6690.0,80,6692.0,61,6694.0,4,6696.0,4,6698.0,2,6686.0
SF410,,13:45:37.750#,6560.0,6716.0,6560.0,7126.0,6070.0,19541,73730,6676.0,6,6678.0,1,6682.0,10,6684.0,49,6686.0,77,6690.0,80,6692.0,61,6694.0,4,6696.0,4,6698.0,2,6686.0
SF410,,13:45:38.0#,6560.0,6716.0,6560.0,7126.0,6070.0,19541,73730,6676.0,6,6678.0,1,6682.0,10,6684.0,59,6686.0,67,6690.0,90,6692.0,51,6694.0,4,6696.0,4,6698.0,2,6686.0
SF410,,13:45:38.250#,6560.0,6716.0,6560.0,7126.0,6070.0,19541,73730,6676.0,6,6678.0,1,6682.0,10,6684.0,69,6686.0,67,6690.0,100,6692.0,51,6694.0,4,6696.0,4,6698.0,2,6686.0
SF410,,13:45:42.500#,6560.0,6716.0,6560.0,7126.0,6070.0,19541,73730,6676.0,6,6678.0,1,6682.0,10,6684.0,69,6686.0,68,6690.0,100,6692.0,51,6694.0,4,6696.0,4,6698.0,2,6686.0
SF410,,13:45:42.750#,6560.0,6716.0,6560.0,7126.0,6070.0,19541,73730,6676.0,6,6678.0,1,6682.0,10,6684.0,69,6686.0,68,6690.0,101,6692.0,51,6694.0,4,6696.0,4,6698.0,2,6686.0
SF410,,13:45:46.250#,6560.0,6716.0,6560.0,7126.0,6070.0,19541,73730,6676.0,6,6678.0,1,6682.0,10,6684.0,69,6686.0,74,6690.0,101,6692.0,51,6694.0,4,6696.0,4,6698.0,2,6686.0
SF410,,13:45:46.750#,6560.0,6716.0,6560.0,7126.0,6070.0,19541,73730,6676.0,6,6678.0,1,6682.0,10,6684.0,69,6686.0,74,6690.0,101,6692.0,51,6694.0,4,6696.0,4,6698.0,2,6686.0
SF410,,13:45:56.750#,6560.0,6716.0,6560.0,7126.0,6070.0,19542,73731,6676.0,6,6678.0,1,6682.0,10,6684.0,69,6686.0,73,6690.0,149,6692.0,51,6694.0,4,6696.0,4,6698.0,2,6690.0
SF410,,13:45:59.750#,6560.0,6716.0,6560.0,7126.0,6070.0,19542,73731,6676.0,6,6678.0,1,6682.0,10,6684.0,69,6686.0,73,6688.0,2,6690.0,124,6692.0,51,6694.0,4,6696.0,4,6690.0
SF410,,13:46:00.250#,6560.0,6716.0,6560.0,7126.0,6070.0,19542,73731,6676.0,6,6678.0,1,6682.0,10,6684.0,69,6686.0,72,6690.0,155,6692.0,41,6694.0,4,6696.0,4,6698.0,2,6690.0
SF410,,13:46:00.500#,6560.0,6716.0,6560.0,7126.0,6070.0,19542,73731,6676.0,6,6678.0,1,6682.0,10,6684.0,69,6686.0,73,6688.0,1,6690.0,122,6692.0,51,6694.0,4,6696.0,4,6690.0
SF410,,13:46:00.750#,6560.0,6716.0,6560.0,7126.0,6070.0,19542,73731,6676.0,6,6678.0,1,6682.0,10,6684.0,69,6686.0,73,6688.0,3,6690.0,131,6692.0,41,6694.0,4,6696.0,4,6690.0
SF410,,13:46:01.0#,6560.0,6716.0,6560.0,7126.0,6070.0,19542,73731,6676.0,6,6678.0,1,6682.0,10,6684.0,69,6686.0,73,6688.0,3,6690.0,130,6692.0,41,6694.0,4,6696.0,4,6690.0
SF410,,13:46:01.500#,6560.0,6716.0,6560.0,7126.0,6070.0,19545,73732,6676.0,6,6678.0,1,6682.0,10,6684.0,69,6686.0,70,6688.0,2,6690.0,130,6692.0,41,6694.0,4,6696.0,4,6688.0
SF410,,13:46:01.750#,6560.0,6716.0,6560.0,7126.0,6070.0,19545,73732,6676.0,6,6678.0,1,6682.0,10,6684.0,69,6686.0,70,6688.0,4,6690.0,130,6692.0,41,6694.0,4,6696.0,4,6688.0
SF410,,13:46:02.250#,6560.0,6716.0,6560.0,7126.0,6070.0,19545,73732,6676.0,6,6678.0,1,6682.0,10,6684.0,69,6686.0,71,6688.0,4,6690.0,130,6692.0,41,6694.0,4,6696.0,4,6688.0
SF410,,13:46:02.750#,6560.0,6716.0,6560.0,7126.0,6070.0,19546,73733,6676.0,6,6678.0,1,6682.0,10,6684.0,69,6686.0,70,6688.0,3,6690.0,130,6692.0,41,6694.0,4,6696.0,4,6688.0
SF410,,13:46:03.0#,6560.0,6716.0,6560.0,7126.0,6070.0,19546,73733,6676.0,6,6678.0,1,6682.0,10,6684.0,69,6686.0,71,6688.0,4,6690.0,130,6692.0,41,6694.0,4,6696.0,4,6688.0
SF410,,13:46:05.250#,6560.0,6716.0,6560.0,7126.0,6070.0,19546,73733,6676.0,6,6678.0,1,6682.0,10,6684.0,69,6686.0,66,6688.0,8,6690.0,130,6692.0,41,6694.0,4,6696.0,4,6688.0
SF410,,13:46:12.250#,6560.0,6716.0,6560.0,7126.0,6070.0,19546,73733,6676.0,6,6678.0,1,6682.0,10,6684.0,69,6686.0,66,6688.0,8,6690.0,130,6692.0,42,6694.0,4,6696.0,4,6688.0
SF410,,13:46:17.500#,6560.0,6716.0,6560.0,7126.0,6070.0,19546,73733,6676.0,6,6678.0,1,6682.0,10,6684.0,69,6686.0,66,6688.0,8,6690.0,130,6692.0,42,6694.0,4,6696.0,4,6688.0
SF410,,13:46:18.250#,6560.0,6716.0,6560.0,7126.0,6070.0,19546,73733,6676.0,6,6678.0,1,6682.0,10,6684.0,69,6686.0,67,6688.0,8,6690.0,130,6692.0,42,6694.0,4,6696.0,4,6688.0
SF410,,13:46:19.250#,6560.0,6716.0,6560.0,7126.0,6070.0,19546,73733,6676.0,6,6678.0,1,6682.0,10,6684.0,69,6686.0,67,6688.0,6,6690.0,130,6692.0,42,6694.0,4,6696.0,4,6688.0
SF410,,13:46:21.500#,6560.0,6716.0,6560.0,7126.0,6070.0,19546,73733,6676.0,6,6678.0,1,6682.0,10,6684.0,69,6686.0,67,6688.0,12,6690.0,125,6692.0,42,6694.0,4,6696.0,4,6688.0
SF410,,13:46:21.750#,6560.0,6716.0,6560.0,7126.0,6070.0,19546,73733,6676.0,6,6678.0,1,6682.0,10,6684.0,69,6686.0,67,6688.0,10,6690.0,125,6692.0,42,6694.0,4,6696.0,4,6688.0
SF410,,13:46:22.0#,6560.0,6716.0,6560.0,7126.0,6070.0,19546,73733,6676.0,6,6678.0,1,6682.0,10,6684.0,69,6686.0,67,6688.0,4,6690.0,125,6692.0,42,6694.0,4,6696.0,4,6688.0
SF410,,13:46:23.0#,6560.0,6716.0,6560.0,7126.0,6070.0,19546,73733,6676.0,6,6678.0,1,6682.0,10,6684.0,69,6686.0,67,6688.0,5,6690.0,125,6692.0,42,6694.0,4,6696.0,4,6688.0
SF410,,13:46:26.500#,6560.0,6716.0,6560.0,7126.0,6070.0,19546,73733,6676.0,6,6678.0,1,6682.0,10,6684.0,69,6686.0,67,6688.0,7,6690.0,125,6692.0,42,6694.0,4,6696.0,4,6688.0
SF410,,13:46:26.750#,6560.0,6716.0,6560.0,7126.0,6070.0,19547,73733,6676.0,6,6678.0,1,6682.0,10,6684.0,67,6686.0,67,6688.0,6,6690.0,125,6692.0,42,6694.0,4,6696.0,4,6688.0
SF410,,13:46:27.0#,6560.0,6716.0,6560.0,7126.0,6070.0,19547,73733,6676.0,6,6678.0,1,6682.0,20,6684.0,57,6686.0,67,6688.0,6,6690.0,135,6692.0,32,6694.0,4,6696.0,4,6688.0
SF410,,13:46:27.250#,6560.0,6716.0,6560.0,7126.0,6070.0,19547,73733,6676.0,6,6678.0,1,6682.0,10,6684.0,67,6686.0,67,6688.0,6,6690.0,125,6692.0,42,6694.0,4,6696.0,4,6688.0
SF410,,13:46:28.500#,6560.0,6716.0,6560.0,7126.0,6070.0,19547,73733,6676.0,6,6678.0,1,6682.0,10,6684.0,67,6686.0,72,6688.0,6,6690.0,125,6692.0,42,6694.0,4,6696.0,4,6688.0
SF410,,13:46:28.750#,6560.0,6716.0,6560.0,7126.0,6070.0,19547,73733,6676.0,6,6678.0,1,6682.0,10,6684.0,67,6686.0,72,6688.0,6,6690.0,125,6692.0,42,6694.0,4,6696.0,4,6688.0
SF410,,13:46:29.0#,6560.0,6716.0,6560.0,7126.0,6070.0,19548,73733,6676.0,6,6678.0,1,6682.0,10,6684.0,67,6686.0,71,6688.0,5,6690.0,125,6692.0,42,6694.0,4,6696.0,4,6688.0
SF410,,13:46:29.250#,6560.0,6716.0,6560.0,7126.0,6070.0,19548,73733,6676.0,6,6678.0,1,6682.0,20,6684.0,57,6686.0,71,6688.0,3,6690.0,135,6692.0,32,6694.0,4,6696.0,4,6688.0
SF410,,13:46:29.500#,6560.0,6716.0,6560.0,7126.0,6070.0,19548,73733,6676.0,6,6678.0,1,6682.0,10,6684.0,67,6686.0,71,6688.0,3,6690.0,125,6692.0,42,6694.0,4,6696.0,4,6688.0
SF410,,13:46:31.750#,6560.0,6716.0,6560.0,7126.0,6070.0,19549,73734,6676.0,6,6678.0,1,6682.0,10,6684.0,67,6686.0,90,6688.0,3,6690.0,125,6692.0,42,6694.0,4,6696.0,4,6688.0
SF410,,13:46:32.0#,6560.0,6716.0,6560.0,7126.0,6070.0,19549,73734,6676.0,6,6678.0,1,6682.0,10,6684.0,57,6686.0,100,6688.0,3,6690.0,125,6692.0,42,6694.0,4,6696.0,4,6688.0
SF410,,13:46:32.250#,6560.0,6716.0,6560.0,7126.0,6070.0,19550,73734,6676.0,6,6678.0,1,6682.0,10,6684.0,57,6686.0,100,6688.0,3,6690.0,125,6692.0,42,6694.0,4,6696.0,4,6688.0
SF410,,13:46:34.250#,6560.0,6716.0,6560.0,7126.0,6070.0,19550,73734,6676.0,6,6678.0,1,6682.0,10,6684.0,57,6686.0,101,6688.0,3,6690.0,125,6692.0,42,6694.0,4,6696.0,4,6688.0
SF410,,13:46:35.500#,6560.0,6716.0,6560.0,7126.0,6070.0,19553,73736,6678.0,1,6682.0,10,6684.0,57,6686.0,75,6688.0,1,6690.0,151,6692.0,42,6694.0,4,6696.0,4,6698.0,3,6688.0
SF410,,13:46:35.750#,6560.0,6716.0,6560.0,7126.0,6070.0,19553,73736,6678.0,1,6682.0,10,6684.0,29,6686.0,104,6688.0,2,6690.0,136,6692.0,52,6694.0,14,6696.0,4,6698.0,3,6688.0
SF410,,13:46:36.0#,6560.0,6716.0,6560.0,7126.0,6070.0,19553,73736,6678.0,1,6682.0,10,6684.0,39,6686.0,94,6688.0,2,6690.0,136,6692.0,62,6694.0,4,6696.0,4,6698.0,3,6688.0
SF410,,13:46:36.500#,6560.0,6716.0,6560.0,7126.0,6070.0,19555,73734,6676.0,6,6678.0,1,6682.0,10,6684.0,39,6686.0,116,6690.0,120,6692.0,62,6694.0,4,6696.0,4,6698.0,3,6688.0
SF410,,13:46:36.750#,6560.0,6716.0,6560.0,7126.0,6070.0,19555,73734,6676.0,6,6678.0,1,6682.0,10,6684.0,59,6686.0,99,6690.0,131,6692.0,52,6694.0,4,6696.0,4,6698.0,3,6688.0
SF410,,13:46:44.500#,6560.0,6716.0,6560.0,7126.0,6070.0,19556,73734,6676.0,6,6678.0,1,6682.0,10,6684.0,59,6686.0,98,6690.0,131,6692.0,52,6694.0,4,6696.0,4,6698.0,3,6686.0
SF410,,13:46:46.500#,6560.0,6716.0,6560.0,7126.0,6070.0,19557,73734,6676.0,6,6678.0,1,6682.0,10,6684.0,59,6686.0,97,6690.0,131,6692.0,52,6694.0,4,6696.0,4,6698.0,3,6686.0
SF410,,13:46:47.750#,6560.0,6716.0,6560.0,7126.0,6070.0,19557,73734,6676.0,6,6678.0,1,6682.0,10,6684.0,57,6686.0,91,6688.0,10,6690.0,121,6692.0,52,6694.0,4,6696.0,4,6686.0
SF410,,13:46:48.0#,6560.0,6716.0,6560.0,7126.0,6070.0,19557,73734,6676.0,6,6678.0,1,6682.0,10,6684.0,67,6686.0,67,6688.0,30,6690.0,115,6692.0,42,6694.0,4,6696.0,4,6686.0
SF410,,13:46:48.250#,6560.0,6716.0,6560.0,7126.0,6070.0,19566,73725,6676.0,6,6678.0,1,6682.0,38,6684.0,47,6686.0,40,6688.0,40,6690.0,125,6692.0,12,6694.0,4,6696.0,4,6686.0
SF410,,13:46:48.500#,6560.0,6716.0,6560.0,7126.0,6070.0,19574,73718,6676.0,6,6678.0,1,6682.0,18,6684.0,77,6686.0,16,6688.0,30,6690.0,125,6692.0,12,6694.0,4,6696.0,4,6686.0
SF410,,13:46:48.750#,6560.0,6716.0,6560.0,7126.0,6070.0,19579,73717,6676.0,6,6678.0,1,6682.0,18,6684.0,87,6686.0,5,6688.0,26,6690.0,125,6692.0,12,6694.0,4,6696.0,4,6688.0
SF410,,13:46:49.0#,6560.0,6716.0,6560.0,7126.0,6070.0,19579,73717,6676.0,6,6678.0,1,6682.0,28,6684.0,77,6686.0,5,6688.0,30,6690.0,135,6692.0,2,6694.0,4,6696.0,4,6688.0
SF410,,13:46:49.250#,6560.0,6716.0,6560.0,7126.0,6070.0,19580,73716,6676.0,6,6678.0,1,6682.0,38,6684.0,77,6686.0,5,6688.0,29,6690.0,135,6692.0,12,6694.0,4,6696.0,4,6688.0
SF410,,13:46:49.500#,6560.0,6716.0,6560.0,7126.0,6070.0,19580,73716,6676.0,6,6678.0,1,6682.0,38,6684.0,87,6686.0,5,6688.0,19,6690.0,155,6692.0,12,6694.0,4,6696.0,4,6688.0
SF410,,13:46:50.250#,6560.0,6716.0,6560.0,7126.0,6070.0,19586,73715,6672.0,3,6676.0,6,6678.0,1,6682.0,38,6684.0,102,6688.0,18,6690.0,155,6692.0,12,6694.0,4,6696.0,4,6686.0
SF410,,13:46:50.500#,6560.0,6716.0,6560.0,7126.0,6070.0,19586,73715,6672.0,3,6676.0,6,6678.0,1,6682.0,48,6684.0,97,6688.0,18,6690.0,155,6692.0,12,6694.0,4,6696.0,4,6686.0
SF410,,13:46:50.750#,6560.0,6716.0,6560.0,7126.0,6070.0,19586,73715,6672.0,3,6676.0,6,6678.0,1,6682.0,48,6684.0,98,6688.0,18,6690.0,155,6692.0,12,6694.0,4,6696.0,4,6686.0
SF410,,13:46:51.0#,6560.0,6716.0,6560.0,7126.0,6070.0,19586,73715,6672.0,3,6676.0,6,6678.0,1,6682.0,48,6684.0,98,6688.0,28,6690.0,155,6692.0,12,6694.0,4,6696.0,4,6686.0
SF410,,13:46:51.250#,6560.0,6716.0,6560.0,7126.0,6070.0,19586,73715,6672.0,3,6676.0,6,6678.0,1,6682.0,38,6684.0,108,6688.0,28,6690.0,165,6692.0,2,6694.0,4,6696.0,4,6686.0
SF410,,13:46:51.500#,6560.0,6716.0,6560.0,7126.0,6070.0,19586,73715,6672.0,3,6676.0,6,6678.0,1,6682.0,38,6684.0,109,6688.0,29,6690.0,165,6692.0,2,6694.0,4,6696.0,4,6686.0
SF410,,13:46:51.750#,6560.0,6716.0,6560.0,7126.0,6070.0,19586,73715,6672.0,3,6676.0,6,6678.0,1,6682.0,38,6684.0,109,6688.0,30,6690.0,165,6692.0,2,6694.0,4,6696.0,4,6686.0
SF410,,13:46:52.0#,6560.0,6716.0,6560.0,7126.0,6070.0,19586,73715,6672.0,3,6676.0,6,6678.0,1,6682.0,38,6684.0,109,6688.0,50,6690.0,145,6692.0,2,6694.0,4,6696.0,4,6686.0
SF410,,13:46:52.250#,6560.0,6716.0,6560.0,7126.0,6070.0,19586,73715,6672.0,3,6676.0,6,6678.0,1,6682.0,38,6684.0,109,6688.0,41,6690.0,155,6692.0,2,6694.0,4,6696.0,4,6686.0
SF410,,13:46:54.250#,6560.0,6716.0,6560.0,7126.0,6070.0,19586,73715,6672.0,3,6676.0,6,6678.0,1,6682.0,38,6684.0,109,6688.0,51,6690.0,145,6692.0,2,6694.0,4,6696.0,4,6686.0
SF410,,13:46:54.750#,6560.0,6716.0,6560.0,7126.0,6070.0,19586,73715,6672.0,3,6676.0,6,6678.0,1,6682.0,38,6684.0,108,6688.0,51,6690.0,145,6692.0,2,6694.0,4,6696.0,4,6686.0
SF410,,13:46:55.0#,6560.0,6716.0,6560.0,7126.0,6070.0,19586,73715,6672.0,3,6676.0,6,6678.0,1,6682.0,38,6684.0,103,6688.0,51,6690.0,145,6692.0,2,6694.0,4,6696.0,4,6686.0
SF410,,13:46:55.250#,6560.0,6716.0,6560.0,7126.0,6070.0,19586,73715,6672.0,3,6676.0,6,6678.0,1,6682.0,38,6684.0,103,6688.0,61,6690.0,135,6692.0,2,6694.0,4,6696.0,4,6686.0
SF410,,13:46:55.500#,6560.0,6716.0,6560.0,7126.0,6070.0,19586,73715,6672.0,3,6676.0,6,6678.0,1,6682.0,38,6684.0,103,6688.0,71,6690.0,125,6692.0,2,6694.0,4,6696.0,4,6686.0
SF410,,13:46:55.750#,6560.0,6716.0,6560.0,7126.0,6070.0,19586,73715,6672.0,3,6676.0,6,6678.0,1,6682.0,38,6684.0,99,6688.0,72,6690.0,125,6692.0,2,6694.0,4,6696.0,4,6686.0
SF410,,13:46:56.0#,6560.0,6716.0,6560.0,7126.0,6070.0,19586,73715,6672.0,3,6676.0,6,6678.0,1,6682.0,48,6684.0,84,6688.0,72,6690.0,125,6692.0,2,6694.0,4,6696.0,4,6686.0
SF410,,13:46:56.250#,6560.0,6716.0,6560.0,7126.0,6070.0,19586,73715,6672.0,3,6676.0,6,6678.0,1,6682.0,68,6684.0,54,6688.0,83,6690.0,105,6692.0,3,6694.0,4,6696.0,4,6686.0
SF410,,13:46:56.500#,6560.0,6716.0,6560.0,7126.0,6070.0,19586,73715,6672.0,3,6676.0,6,6678.0,1,6682.0,88,6684.0,44,6686.0,4,6688.0,88,6690.0,95,6692.0,13,6694.0,4,6686.0
SF410,,13:46:56.750#,6560.0,6716.0,6560.0,7126.0,6070.0,19586,73715,6672.0,3,6676.0,6,6678.0,1,6682.0,88,6684.0,44,6686.0,10,6688.0,109,6690.0,75,6692.0,3,6694.0,4,6686.0
SF410,,13:46:57.0#,6560.0,6716.0,6560.0,7126.0,6070.0,19586,73715,6672.0,3,6676.0,6,6678.0,1,6682.0,88,6684.0,44,6686.0,11,6688.0,109,6690.0,75,6692.0,3,6694.0,4,6686.0
SF410,,13:46:57.250#,6560.0,6716.0,6560.0,7126.0,6070.0,19586,73715,6672.0,3,6676.0,6,6678.0,1,6682.0,88,6684.0,39,6686.0,12,6688.0,109,6690.0,75,6692.0,3,6694.0,4,6686.0
SF410,,13:46:57.500#,6560.0,6716.0,6560.0,7126.0,6070.0,19586,73715,6672.0,3,6676.0,6,6678.0,1,6682.0,98,6684.0,29,6686.0,12,6688.0,109,6690.0,75,6692.0,3,6694.0,4,6686.0
SF410,,13:46:57.750#,6560.0,6716.0,6560.0,7126.0,6070.0,19586,73715,6676.0,6,6678.0,1,6680.0,10,6682.0,98,6684.0,19,6686.0,12,6688.0,119,6690.0,65,6692.0,3,6694.0,4,6686.0
SF410,,13:47:00.0#,6560.0,6716.0,6560.0,7126.0,6070.0,19586,73715,6676.0,6,6678.0,1,6680.0,10,6682.0,98,6684.0,19,6686.0,22,6688.0,109,6690.0,65,6692.0,3,6694.0,4,6686.0
SF410,,13:47:00.250#,6560.0,6716.0,6560.0,7126.0,6070.0,19586,73715,6676.0,6,6678.0,1,6680.0,20,6682.0,88,6684.0,19,6686.0,22,6688.0,119,6690.0,55,6692.0,3,6694.0,4,6686.0
SF410,,13:47:01.750#,6560.0,6716.0,6560.0,7126.0,6070.0,19586,73715,6676.0,6,6678.0,1,6680.0,20,6682.0,88,6684.0,19,6686.0,12,6688.0,129,6690.0,55,6692.0,3,6694.0,4,6686.0
SF410,,13:47:02.0#,6560.0,6716.0,6560.0,7126.0,6070.0,19586,73715,6672.0,3,6676.0,6,6678.0,1,6682.0,108,6684.0,19,6686.0,12,6688.0,109,6690.0,75,6692.0,3,6694.0,4,6686.0
SF410,,13:47:02.250#,6560.0,6716.0,6560.0,7126.0,6070.0,19586,73715,6672.0,3,6676.0,6,6678.0,1,6682.0,108,6684.0,19,6686.0,15,6688.0,109,6690.0,75,6692.0,3,6694.0,4,6686.0
SF410,,13:47:02.500#,6560.0,6716.0,6560.0,7126.0,6070.0,19586,73715,6676.0,6,6678.0,1,6680.0,10,6682.0,108,6684.0,9,6686.0,15,6688.0,119,6690.0,65,6692.0,3,6694.0,4,6686.0
SF410,,13:47:02.750#,6560.0,6716.0,6560.0,7126.0,6070.0,19586,73715,6676.0,6,6678.0,1,6680.0,20,6682.0,98,6684.0,9,6686.0,15,6688.0,129,6690.0,55,6692.0,3,6694.0,4,6686.0
SF410,,13:47:06.250#,6560.0,6716.0,6560.0,7126.0,6070.0,19586,73715,6676.0,6,6678.0,1,6680.0,20,6682.0,98,6684.0,10,6686.0,15,6688.0,129,6690.0,55,6692.0,3,6694.0,4,6686.0
SF410,,13:47:07.500#,6560.0,6716.0,6560.0,7126.0,6070.0,19596,73710,6672.0,3,6676.0,6,6678.0,1,6680.0,20,6682.0,119,6684.0,18,6686.0,15,6688.0,129,6690.0,55,6692.0,3,6684.0
SF410,,13:47:07.750#,6560.0,6716.0,6560.0,7126.0,6070.0,19596,73710,6672.0,3,6676.0,6,6678.0,11,6680.0,30,6682.0,104,6684.0,21,6686.0,50,6688.0,89,6690.0,55,6692.0,3,6684.0
SF410,,13:47:08.0#,6560.0,6716.0,6560.0,7126.0,6070.0,19596,73710,6672.0,3,6676.0,6,6678.0,11,6680.0,30,6682.0,104,6684.0,21,6686.0,80,6688.0,59,6690.0,55,6692.0,3,6684.0
SF410,,13:47:08.250#,6560.0,6716.0,6560.0,7126.0,6070.0,19596,73710,6672.0,3,6676.0,6,6678.0,1,6680.0,40,6682.0,104,6684.0,24,6686.0,80,6688.0,59,6690.0,55,6692.0,3,6684.0
SF410,,13:47:08.750#,6560.0,6716.0,6560.0,7126.0,6070.0,19596,73710,6672.0,3,6676.0,6,6678.0,1,6680.0,40,6682.0,105,6684.0,25,6686.0,80,6688.0,59,6690.0,55,6692.0,3,6684.0
SF410,,13:47:09.500#,6560.0,6716.0,6560.0,7126.0,6070.0,19598,73708,6672.0,3,6676.0,6,6678.0,1,6680.0,40,6682.0,103,6684.0,25,6686.0,80,6688.0,59,6690.0,55,6692.0,3,6682.0
SF410,,13:47:09.750#,6560.0,6716.0,6560.0,7126.0,6070.0,19598,73708,6672.0,3,6676.0,6,6678.0,1,6680.0,40,6682.0,106,6684.0,25,6686.0,80,6688.0,59,6690.0,55,6692.0,3,6682.0
SF410,,13:47:15.250#,6560.0,6716.0,6560.0,7126.0,6070.0,19622,73710,6672.0,3,6676.0,6,6678.0,1,6680.0,40,6682.0,106,6684.0,4,6686.0,80,6688.0,59,6690.0,55,6692.0,3,6684.0
SF410,,13:47:15.500#,6560.0,6716.0,6560.0,7126.0,6070.0,19622,73710,6672.0,3,6676.0,6,6678.0,1,6680.0,40,6682.0,106,6684.0,4,6686.0,70,6688.0,69,6690.0,55,6692.0,3,6684.0
SF410,,13:47:15.750#,6560.0,6716.0,6560.0,7126.0,6070.0,19626,73709,6672.0,3,6676.0,6,6678.0,1,6680.0,40,6682.0,105,6686.0,64,6688.0,79,6690.0,55,6692.0,3,6694.0,4,6684.0
SF410,,13:47:16.0#,6560.0,6716.0,6560.0,7126.0,6070.0,19626,73709,6672.0,3,6676.0,6,6678.0,1,6680.0,30,6682.0,115,6686.0,44,6688.0,99,6690.0,55,6692.0,3,6694.0,4,6684.0
SF410,,13:47:16.250#,6560.0,6716.0,6560.0,7126.0,6070.0,19628,73709,6672.0,3,6676.0,6,6678.0,1,6680.0,30,6682.0,115,6686.0,32,6688.0,109,6690.0,55,6692.0,3,6694.0,4,6686.0
SF410,,13:47:16.500#,6560.0,6716.0,6560.0,7126.0,6070.0,19628,73709,6672.0,3,6676.0,6,6678.0,1,6680.0,30,6682.0,115,6686.0,22,6688.0,119,6690.0,55,6692.0,3,6694.0,4,6686.0
SF410,,13:47:16.750#,6560.0,6716.0,6560.0,7126.0,6070.0,19628,73709,6672.0,3,6676.0,6,6678.0,1,6680.0,30,6682.0,116,6686.0,23,6688.0,119,6690.0,55,6692.0,3,6694.0,4,6686.0
SF410,,13:47:17.0#,6560.0,6716.0,6560.0,7126.0,6070.0,19628,73709,6672.0,3,6676.0,6,6678.0,1,6680.0,30,6682.0,116,6686.0,13,6688.0,129,6690.0,55,6692.0,3,6694.0,4,6686.0
