InstrumentId,ExchangeId,Datetime,OpenPrice,HighestPrice,LowestPrice,UpperLimitPrice,LowerLimitPrice,Volume,OpenInterest,BidPrice5,BidVolume5,BidPrice4,BidVolume4,BidPrice3,BidVolume3,BidPrice2,BidVolume2,BidPrice1,BidVolume1,AskPrice1,AskVolume1,AskPrice2,AskVolume2,AskPrice3,AskVolume3,AskPrice4,AskVolume4,AskPrice5,AskVolume5,LastPrice
SF411,,13:38:35.0#,6760.0,6888.0,6752.0,7314.0,6230.0,2587,23227,6846.0,1,6848.0,1,6850.0,40,6852.0,70,6854.0,9,6858.0,19,6860.0,100,6866.0,1,6868.0,1,6870.0,10,6856.0
SF411,,13:38:35.250#,6760.0,6888.0,6752.0,7314.0,6230.0,2587,23227,6846.0,1,6848.0,1,6850.0,20,6852.0,90,6854.0,4,6858.0,19,6860.0,100,6866.0,1,6868.0,1,6870.0,10,6856.0
SF411,,13:38:35.500#,6760.0,6888.0,6752.0,7314.0,6230.0,2587,23227,6846.0,1,6848.0,1,6850.0,10,6852.0,100,6854.0,4,6858.0,19,6860.0,100,6866.0,1,6868.0,1,6870.0,10,6856.0
SF411,,13:38:36.250#,6760.0,6888.0,6752.0,7314.0,6230.0,2587,23227,6846.0,1,6848.0,1,6850.0,10,6852.0,100,6854.0,2,6858.0,19,6860.0,100,6866.0,1,6868.0,1,6870.0,10,6856.0
SF411,,13:38:36.500#,6760.0,6888.0,6752.0,7314.0,6230.0,2587,23227,6846.0,1,6848.0,1,6850.0,10,6852.0,100,6854.0,3,6858.0,29,6860.0,90,6866.0,1,6868.0,1,6870.0,10,6856.0
SF411,,13:38:36.750#,6760.0,6888.0,6752.0,7314.0,6230.0,2587,23227,6846.0,1,6848.0,1,6850.0,10,6852.0,100,6854.0,8,6858.0,19,6860.0,100,6866.0,1,6868.0,1,6870.0,10,6856.0
SF411,,13:38:37.0#,6760.0,6888.0,6752.0,7314.0,6230.0,2587,23227,6846.0,1,6848.0,1,6850.0,10,6852.0,100,6854.0,3,6858.0,19,6860.0,100,6866.0,1,6868.0,1,6870.0,10,6856.0
SF411,,13:38:40.750#,6760.0,6888.0,6752.0,7314.0,6230.0,2587,23227,6846.0,1,6848.0,1,6850.0,10,6852.0,100,6854.0,8,6858.0,19,6860.0,100,6866.0,1,6868.0,1,6870.0,10,6856.0
SF411,,13:38:41.750#,6760.0,6888.0,6752.0,7314.0,6230.0,2587,23227,6846.0,1,6848.0,1,6850.0,10,6852.0,100,6854.0,3,6858.0,19,6860.0,100,6866.0,1,6868.0,1,6870.0,10,6856.0
SF411,,13:38:42.0#,6760.0,6888.0,6752.0,7314.0,6230.0,2587,23227,6846.0,1,6848.0,1,6850.0,10,6852.0,100,6854.0,1,6858.0,19,6860.0,100,6866.0,1,6868.0,1,6870.0,10,6856.0
SF411,,13:38:42.250#,6760.0,6888.0,6752.0,7314.0,6230.0,2587,23227,6846.0,1,6848.0,1,6850.0,10,6852.0,100,6854.0,6,6858.0,19,6860.0,100,6866.0,1,6868.0,1,6870.0,10,6856.0
SF411,,13:38:43.0#,6760.0,6888.0,6752.0,7314.0,6230.0,2587,23227,6842.0,2,6846.0,1,6848.0,1,6850.0,20,6852.0,92,6858.0,29,6860.0,90,6866.0,1,6868.0,1,6870.0,10,6856.0
SF411,,13:38:43.250#,6760.0,6888.0,6752.0,7314.0,6230.0,2587,23227,6842.0,2,6846.0,2,6848.0,1,6850.0,20,6852.0,96,6858.0,29,6860.0,90,6866.0,1,6870.0,10,6872.0,2,6856.0
SF411,,13:38:43.500#,6760.0,6888.0,6752.0,7314.0,6230.0,2587,23227,6842.0,2,6846.0,2,6848.0,1,6850.0,30,6852.0,86,6858.0,29,6860.0,90,6862.0,1,6866.0,1,6870.0,10,6856.0
SF411,,13:38:45.250#,6760.0,6888.0,6752.0,7314.0,6230.0,2587,23227,6846.0,2,6848.0,1,6850.0,30,6852.0,85,6854.0,1,6858.0,29,6860.0,90,6862.0,1,6866.0,1,6870.0,10,6856.0
SF411,,13:38:45.500#,6760.0,6888.0,6752.0,7314.0,6230.0,2587,23227,6846.0,2,6848.0,1,6850.0,20,6852.0,95,6854.0,1,6858.0,29,6860.0,90,6862.0,1,6866.0,1,6870.0,10,6856.0
SF411,,13:38:45.750#,6760.0,6888.0,6752.0,7314.0,6230.0,2587,23227,6846.0,2,6848.0,1,6850.0,20,6852.0,95,6854.0,1,6858.0,31,6860.0,90,6862.0,1,6866.0,1,6870.0,10,6856.0
SF411,,13:38:46.500#,6760.0,6888.0,6752.0,7314.0,6230.0,2587,23227,6846.0,1,6848.0,1,6850.0,20,6852.0,95,6854.0,1,6858.0,31,6860.0,90,6862.0,1,6866.0,1,6870.0,10,6856.0
SF411,,13:38:48.500#,6760.0,6888.0,6752.0,7314.0,6230.0,2587,23227,6846.0,1,6848.0,1,6850.0,20,6852.0,95,6854.0,2,6858.0,31,6860.0,90,6862.0,1,6866.0,1,6870.0,10,6856.0
SF411,,13:38:48.750#,6760.0,6888.0,6752.0,7314.0,6230.0,2587,23227,6846.0,1,6848.0,1,6850.0,20,6852.0,95,6854.0,2,6858.0,30,6860.0,90,6862.0,1,6866.0,1,6870.0,10,6856.0
SF411,,13:38:49.0#,6760.0,6888.0,6752.0,7314.0,6230.0,2587,23227,6846.0,1,6848.0,1,6850.0,10,6852.0,100,6854.0,7,6858.0,21,6860.0,90,6862.0,10,6866.0,1,6870.0,10,6856.0
SF411,,13:38:49.250#,6760.0,6888.0,6752.0,7314.0,6230.0,2587,23227,6846.0,1,6848.0,1,6850.0,20,6852.0,90,6854.0,2,6858.0,21,6860.0,100,6866.0,1,6870.0,10,6872.0,2,6856.0
SF411,,13:38:49.500#,6760.0,6888.0,6752.0,7314.0,6230.0,2587,23227,6846.0,1,6848.0,1,6850.0,10,6852.0,100,6854.0,2,6858.0,21,6860.0,100,6866.0,1,6870.0,10,6872.0,2,6856.0
SF411,,13:38:50.500#,6760.0,6888.0,6752.0,7314.0,6230.0,2587,23227,6846.0,1,6848.0,1,6850.0,10,6852.0,100,6854.0,7,6858.0,21,6860.0,100,6866.0,1,6870.0,10,6872.0,2,6856.0
SF411,,13:38:52.0#,6760.0,6888.0,6752.0,7314.0,6230.0,2587,23227,6846.0,1,6848.0,1,6850.0,10,6852.0,100,6854.0,2,6858.0,21,6860.0,100,6866.0,1,6870.0,10,6872.0,2,6856.0
SF411,,13:38:53.750#,6760.0,6888.0,6752.0,7314.0,6230.0,2587,23227,6846.0,1,6848.0,1,6850.0,10,6852.0,100,6854.0,7,6858.0,21,6860.0,100,6866.0,1,6870.0,10,6872.0,2,6856.0
SF411,,13:38:54.250#,6760.0,6888.0,6752.0,7314.0,6230.0,2587,23227,6846.0,1,6848.0,1,6850.0,10,6852.0,100,6854.0,2,6858.0,21,6860.0,100,6866.0,1,6870.0,10,6872.0,2,6856.0
SF411,,13:38:55.250#,6760.0,6888.0,6752.0,7314.0,6230.0,2587,23227,6846.0,1,6848.0,1,6850.0,10,6852.0,100,6854.0,2,6858.0,20,6860.0,100,6866.0,1,6870.0,10,6872.0,2,6856.0
SF411,,13:38:55.500#,6760.0,6888.0,6752.0,7314.0,6230.0,2589,23226,6846.0,1,6848.0,1,6850.0,10,6852.0,100,6854.0,2,6858.0,19,6860.0,90,6862.0,10,6866.0,1,6870.0,10,6854.0
SF411,,13:38:55.750#,6760.0,6888.0,6752.0,7314.0,6230.0,2589,23226,6846.0,1,6848.0,1,6850.0,10,6852.0,100,6854.0,2,6858.0,19,6860.0,100,6866.0,1,6870.0,10,6872.0,2,6854.0
SF411,,13:38:56.250#,6760.0,6888.0,6752.0,7314.0,6230.0,2589,23226,6846.0,1,6848.0,1,6850.0,20,6852.0,90,6854.0,2,6858.0,29,6860.0,90,6866.0,1,6870.0,10,6872.0,2,6854.0
SF411,,13:38:56.750#,6760.0,6888.0,6752.0,7314.0,6230.0,2589,23226,6846.0,1,6848.0,1,6850.0,10,6852.0,100,6854.0,2,6858.0,19,6860.0,100,6866.0,1,6870.0,10,6872.0,2,6854.0
SF411,,13:38:59.750#,6760.0,6888.0,6752.0,7314.0,6230.0,2589,23226,6846.0,1,6848.0,1,6850.0,20,6852.0,90,6854.0,2,6858.0,29,6860.0,90,6866.0,1,6870.0,10,6872.0,2,6854.0
SF411,,13:39:00.750#,6760.0,6888.0,6752.0,7314.0,6230.0,2589,23226,6846.0,1,6848.0,1,6850.0,10,6852.0,100,6854.0,2,6858.0,19,6860.0,90,6862.0,10,6866.0,1,6870.0,10,6854.0
SF411,,13:39:01.0#,6760.0,6888.0,6752.0,7314.0,6230.0,2589,23226,6846.0,1,6848.0,1,6850.0,10,6852.0,100,6854.0,2,6858.0,19,6860.0,100,6866.0,1,6870.0,10,6872.0,2,6854.0
SF411,,13:39:01.750#,6760.0,6888.0,6752.0,7314.0,6230.0,2589,23226,6842.0,2,6846.0,1,6848.0,1,6852.0,110,6854.0,7,6858.0,9,6860.0,110,6866.0,1,6870.0,10,6872.0,2,6854.0
SF411,,13:39:06.250#,6760.0,6888.0,6752.0,7314.0,6230.0,2589,23226,6842.0,2,6846.0,1,6848.0,1,6852.0,110,6854.0,7,6858.0,9,6860.0,110,6866.0,1,6870.0,10,6872.0,2,6854.0
SF411,,13:39:06.500#,6760.0,6888.0,6752.0,7314.0,6230.0,2589,23226,6842.0,2,6846.0,1,6848.0,1,6852.0,110,6854.0,7,6858.0,9,6860.0,110,6866.0,1,6870.0,10,6872.0,2,6854.0
SF411,,13:39:07.0#,6760.0,6888.0,6752.0,7314.0,6230.0,2589,23226,6842.0,2,6846.0,1,6848.0,1,6852.0,110,6854.0,2,6858.0,9,6860.0,110,6866.0,1,6870.0,10,6872.0,2,6854.0
SF411,,13:39:07.250#,6760.0,6888.0,6752.0,7314.0,6230.0,2589,23226,6842.0,2,6846.0,1,6848.0,1,6852.0,110,6854.0,7,6858.0,9,6860.0,110,6866.0,1,6870.0,10,6872.0,2,6854.0
SF411,,13:39:07.500#,6760.0,6888.0,6752.0,7314.0,6230.0,2589,23226,6846.0,1,6848.0,1,6850.0,10,6852.0,100,6854.0,2,6858.0,19,6860.0,100,6866.0,1,6870.0,10,6872.0,2,6854.0
SF411,,13:39:10.750#,6760.0,6888.0,6752.0,7314.0,6230.0,2589,23226,6846.0,1,6848.0,1,6850.0,20,6852.0,90,6854.0,2,6858.0,32,6860.0,90,6866.0,1,6870.0,10,6872.0,2,6854.0
SF411,,13:39:11.0#,6760.0,6888.0,6752.0,7314.0,6230.0,2589,23226,6846.0,1,6848.0,1,6850.0,30,6852.0,80,6854.0,2,6858.0,32,6860.0,90,6862.0,1,6866.0,1,6870.0,10,6854.0
SF411,,13:39:11.250#,6760.0,6888.0,6752.0,7314.0,6230.0,2589,23226,6846.0,1,6848.0,1,6850.0,20,6852.0,90,6854.0,2,6858.0,32,6860.0,90,6862.0,1,6866.0,1,6870.0,10,6854.0
SF411,,13:39:16.500#,6760.0,6888.0,6752.0,7314.0,6230.0,2589,23226,6846.0,1,6848.0,1,6850.0,20,6852.0,90,6854.0,2,6858.0,29,6860.0,90,6862.0,1,6866.0,1,6870.0,10,6854.0
SF411,,13:39:16.750#,6760.0,6888.0,6752.0,7314.0,6230.0,2589,23226,6846.0,1,6848.0,1,6850.0,10,6852.0,100,6854.0,2,6858.0,19,6860.0,90,6862.0,11,6866.0,1,6870.0,10,6854.0
SF411,,13:39:17.250#,6760.0,6888.0,6752.0,7314.0,6230.0,2589,23226,6846.0,1,6848.0,1,6850.0,20,6852.0,90,6854.0,2,6858.0,29,6860.0,80,6862.0,10,6866.0,1,6870.0,10,6854.0
SF411,,13:39:17.750#,6760.0,6888.0,6752.0,7314.0,6230.0,2589,23226,6846.0,1,6848.0,1,6850.0,20,6852.0,90,6854.0,2,6858.0,19,6860.0,100,6866.0,1,6870.0,10,6872.0,2,6854.0
SF411,,13:39:18.0#,6760.0,6888.0,6752.0,7314.0,6230.0,2589,23226,6846.0,1,6848.0,1,6850.0,10,6852.0,100,6854.0,2,6858.0,19,6860.0,100,6866.0,1,6870.0,10,6872.0,2,6854.0
SF411,,13:39:19.0#,6760.0,6888.0,6752.0,7314.0,6230.0,2589,23226,6842.0,2,6846.0,1,6848.0,1,6852.0,110,6854.0,2,6858.0,9,6860.0,110,6866.0,1,6870.0,10,6872.0,2,6854.0
SF411,,13:39:21.0#,6760.0,6888.0,6752.0,7314.0,6230.0,2589,23226,6842.0,2,6846.0,1,6848.0,1,6852.0,110,6854.0,2,6858.0,19,6860.0,100,6866.0,1,6870.0,10,6872.0,2,6854.0
SF411,,13:39:22.500#,6760.0,6888.0,6752.0,7314.0,6230.0,2589,23226,6846.0,1,6848.0,1,6850.0,10,6852.0,100,6854.0,2,6858.0,29,6860.0,90,6866.0,1,6870.0,10,6872.0,2,6854.0
SF411,,13:39:24.500#,6760.0,6888.0,6752.0,7314.0,6230.0,2589,23226,6842.0,2,6846.0,1,6848.0,1,6852.0,110,6854.0,2,6858.0,19,6860.0,100,6866.0,1,6870.0,10,6872.0,2,6854.0
SF411,,13:39:24.750#,6760.0,6888.0,6752.0,7314.0,6230.0,2589,23226,6846.0,1,6848.0,1,6850.0,10,6852.0,100,6854.0,2,6858.0,29,6860.0,80,6862.0,10,6866.0,1,6870.0,10,6854.0
SF411,,13:39:25.0#,6760.0,6888.0,6752.0,7314.0,6230.0,2589,23226,6846.0,1,6848.0,1,6850.0,10,6852.0,100,6854.0,2,6858.0,29,6860.0,90,6866.0,1,6870.0,10,6872.0,2,6854.0
SF411,,13:39:25.250#,6760.0,6888.0,6752.0,7314.0,6230.0,2589,23226,6842.0,2,6846.0,1,6848.0,1,6852.0,110,6854.0,2,6858.0,19,6860.0,100,6866.0,1,6870.0,10,6872.0,2,6854.0
SF411,,13:39:26.0#,6760.0,6888.0,6752.0,7314.0,6230.0,2589,23226,6846.0,1,6848.0,1,6850.0,10,6852.0,100,6854.0,2,6858.0,29,6860.0,90,6866.0,1,6870.0,10,6872.0,2,6854.0
SF411,,13:39:26.250#,6760.0,6888.0,6752.0,7314.0,6230.0,2589,23226,6846.0,1,6848.0,1,6850.0,10,6852.0,100,6854.0,2,6858.0,32,6860.0,90,6866.0,1,6870.0,10,6872.0,2,6854.0
SF411,,13:39:26.500#,6760.0,6888.0,6752.0,7314.0,6230.0,2589,23226,6846.0,1,6848.0,1,6850.0,30,6852.0,80,6854.0,2,6858.0,32,6860.0,90,6862.0,1,6866.0,1,6870.0,10,6854.0
SF411,,13:39:26.750#,6760.0,6888.0,6752.0,7314.0,6230.0,2589,23226,6846.0,1,6848.0,1,6850.0,20,6852.0,90,6854.0,2,6858.0,32,6860.0,90,6862.0,1,6866.0,1,6870.0,10,6854.0
SF411,,13:39:28.250#,6760.0,6888.0,6752.0,7314.0,6230.0,2589,23226,6846.0,1,6848.0,1,6850.0,20,6852.0,90,6854.0,2,6856.0,1,6858.0,25,6860.0,90,6862.0,1,6866.0,1,6854.0
SF411,,13:39:28.500#,6760.0,6888.0,6752.0,7314.0,6230.0,2589,23226,6846.0,1,6848.0,1,6850.0,30,6852.0,80,6854.0,2,6856.0,6,6858.0,30,6860.0,80,6862.0,1,6866.0,1,6854.0
SF411,,13:39:28.750#,6760.0,6888.0,6752.0,7314.0,6230.0,2589,23226,6846.0,1,6848.0,1,6850.0,60,6852.0,50,6854.0,2,6856.0,6,6858.0,50,6860.0,60,6862.0,1,6866.0,1,6854.0
SF411,,13:39:29.0#,6760.0,6888.0,6752.0,7314.0,6230.0,2589,23226,6846.0,1,6848.0,1,6850.0,90,6852.0,20,6854.0,2,6856.0,6,6858.0,60,6860.0,50,6862.0,1,6866.0,1,6854.0
SF411,,13:39:29.250#,6760.0,6888.0,6752.0,7314.0,6230.0,2589,23226,6846.0,1,6848.0,1,6850.0,100,6852.0,10,6854.0,2,6856.0,6,6858.0,80,6860.0,30,6862.0,1,6866.0,1,6854.0
SF411,,13:39:29.500#,6760.0,6888.0,6752.0,7314.0,6230.0,2589,23226,6846.0,1,6848.0,1,6850.0,100,6852.0,10,6854.0,2,6856.0,6,6858.0,90,6860.0,20,6862.0,1,6866.0,1,6854.0
SF411,,13:39:32.750#,6760.0,6888.0,6752.0,7314.0,6230.0,2589,23226,6846.0,1,6848.0,1,6850.0,100,6852.0,10,6854.0,1,6856.0,6,6858.0,90,6860.0,20,6862.0,1,6866.0,1,6854.0
SF411,,13:39:33.0#,6760.0,6888.0,6752.0,7314.0,6230.0,2589,23226,6842.0,2,6846.0,1,6848.0,1,6850.0,110,6854.0,1,6856.0,6,6858.0,100,6860.0,10,6862.0,1,6866.0,1,6854.0
SF411,,13:39:33.250#,6760.0,6888.0,6752.0,7314.0,6230.0,2589,23226,6842.0,2,6846.0,1,6848.0,1,6850.0,100,6854.0,1,6856.0,6,6858.0,90,6860.0,10,6862.0,1,6866.0,1,6854.0
SF411,,13:39:33.500#,6760.0,6888.0,6752.0,7314.0,6230.0,2589,23226,6842.0,2,6846.0,1,6848.0,1,6850.0,110,6854.0,1,6856.0,6,6858.0,100,6860.0,10,6862.0,1,6866.0,1,6854.0
SF411,,13:39:39.750#,6760.0,6888.0,6752.0,7314.0,6230.0,2589,23226,6842.0,2,6846.0,1,6848.0,1,6850.0,110,6854.0,1,6856.0,7,6858.0,100,6860.0,10,6862.0,1,6866.0,1,6854.0
SF411,,13:39:42.250#,6760.0,6888.0,6752.0,7314.0,6230.0,2589,23226,6842.0,2,6846.0,1,6848.0,1,6850.0,110,6854.0,1,6856.0,10,6858.0,100,6860.0,10,6862.0,1,6866.0,1,6854.0
SF411,,13:39:42.500#,6760.0,6888.0,6752.0,7314.0,6230.0,2590,23226,6842.0,2,6846.0,1,6848.0,31,6850.0,80,6852.0,1,6854.0,1,6856.0,25,6858.0,80,6860.0,10,6862.0,1,6854.0
SF411,,13:39:42.750#,6760.0,6888.0,6752.0,7314.0,6230.0,2590,23226,6842.0,2,6846.0,1,6848.0,31,6850.0,80,6852.0,1,6854.0,6,6856.0,30,6858.0,80,6862.0,1,6866.0,1,6854.0
SF411,,13:39:43.0#,6760.0,6888.0,6752.0,7314.0,6230.0,2590,23226,6842.0,2,6846.0,1,6848.0,61,6850.0,50,6852.0,1,6854.0,6,6856.0,40,6858.0,70,6862.0,1,6866.0,1,6854.0
SF411,,13:39:43.250#,6760.0,6888.0,6752.0,7314.0,6230.0,2590,23226,6842.0,2,6846.0,1,6848.0,81,6850.0,30,6852.0,1,6854.0,6,6856.0,50,6858.0,60,6862.0,1,6866.0,1,6854.0
SF411,,13:39:43.500#,6760.0,6888.0,6752.0,7314.0,6230.0,2590,23226,6836.0,1,6842.0,2,6846.0,1,6848.0,111,6852.0,1,6854.0,6,6856.0,70,6858.0,40,6862.0,1,6866.0,1,6854.0
SF411,,13:39:43.750#,6760.0,6888.0,6752.0,7314.0,6230.0,2590,23226,6838.0,10,6842.0,2,6846.0,1,6848.0,101,6852.0,1,6854.0,6,6856.0,70,6858.0,30,6862.0,1,6866.0,1,6854.0
SF411,,13:39:44.0#,6760.0,6888.0,6752.0,7314.0,6230.0,2590,23226,6836.0,1,6842.0,2,6846.0,1,6848.0,111,6852.0,1,6854.0,6,6856.0,80,6858.0,30,6862.0,1,6866.0,1,6854.0
SF411,,13:39:44.250#,6760.0,6888.0,6752.0,7314.0,6230.0,2590,23226,6836.0,1,6842.0,2,6846.0,1,6848.0,111,6852.0,1,6854.0,6,6856.0,100,6858.0,10,6862.0,1,6866.0,1,6854.0
SF411,,13:39:46.0#,6760.0,6888.0,6752.0,7314.0,6230.0,2590,23226,6842.0,2,6846.0,1,6848.0,91,6850.0,20,6852.0,1,6854.0,1,6856.0,70,6858.0,40,6862.0,1,6866.0,1,6854.0
SF411,,13:39:46.250#,6760.0,6888.0,6752.0,7314.0,6230.0,2590,23226,6842.0,2,6846.0,11,6848.0,61,6850.0,40,6852.0,1,6854.0,1,6856.0,50,6858.0,60,6862.0,1,6866.0,1,6854.0
SF411,,13:39:46.500#,6760.0,6888.0,6752.0,7314.0,6230.0,2590,23226,6842.0,2,6846.0,1,6848.0,61,6850.0,50,6852.0,1,6854.0,1,6856.0,20,6858.0,90,6862.0,1,6866.0,1,6854.0
SF411,,13:39:46.750#,6760.0,6888.0,6752.0,7314.0,6230.0,2590,23226,6842.0,2,6846.0,1,6848.0,51,6850.0,60,6852.0,1,6854.0,1,6856.0,10,6858.0,100,6862.0,1,6866.0,1,6854.0
SF411,,13:39:47.0#,6760.0,6888.0,6752.0,7314.0,6230.0,2590,23226,6842.0,2,6846.0,1,6848.0,41,6850.0,70,6852.0,1,6854.0,1,6858.0,110,6862.0,1,6866.0,1,6870.0,10,6854.0
SF411,,13:39:47.250#,6760.0,6888.0,6752.0,7314.0,6230.0,2590,23226,6842.0,2,6846.0,1,6848.0,21,6850.0,80,6852.0,1,6854.0,1,6858.0,100,6862.0,1,6866.0,1,6868.0,10,6854.0
SF411,,13:39:47.500#,6760.0,6888.0,6752.0,7314.0,6230.0,2590,23226,6842.0,2,6846.0,1,6848.0,21,6850.0,90,6852.0,1,6854.0,1,6858.0,110,6862.0,1,6866.0,1,6870.0,10,6854.0
SF411,,13:39:47.750#,6760.0,6888.0,6752.0,7314.0,6230.0,2590,23226,6842.0,2,6846.0,1,6848.0,11,6850.0,100,6852.0,1,6854.0,1,6858.0,110,6862.0,1,6866.0,1,6870.0,10,6854.0
SF411,,13:39:48.750#,6760.0,6888.0,6752.0,7314.0,6230.0,2590,23226,6842.0,2,6846.0,1,6848.0,21,6850.0,90,6852.0,1,6854.0,1,6856.0,10,6858.0,100,6862.0,1,6866.0,1,6854.0
SF411,,13:39:49.0#,6760.0,6888.0,6752.0,7314.0,6230.0,2590,23226,6842.0,2,6846.0,1,6848.0,21,6850.0,80,6852.0,1,6854.0,1,6856.0,10,6858.0,90,6862.0,1,6866.0,1,6854.0
SF411,,13:39:49.250#,6760.0,6888.0,6752.0,7314.0,6230.0,2590,23226,6842.0,2,6846.0,1,6848.0,21,6850.0,90,6852.0,1,6854.0,6,6856.0,10,6858.0,100,6862.0,1,6866.0,1,6854.0
SF411,,13:39:49.500#,6760.0,6888.0,6752.0,7314.0,6230.0,2590,23226,6842.0,2,6846.0,1,6848.0,51,6850.0,60,6852.0,1,6854.0,6,6856.0,40,6858.0,70,6862.0,1,6866.0,1,6854.0
SF411,,13:39:49.750#,6760.0,6888.0,6752.0,7314.0,6230.0,2590,23226,6842.0,2,6846.0,1,6848.0,81,6850.0,20,6852.0,1,6854.0,6,6856.0,50,6858.0,50,6862.0,1,6866.0,1,6854.0
SF411,,13:39:50.0#,6760.0,6888.0,6752.0,7314.0,6230.0,2592,23227,6842.0,2,6846.0,1,6848.0,101,6850.0,10,6852.0,1,6854.0,5,6856.0,70,6858.0,40,6862.0,1,6866.0,1,6854.0
SF411,,13:39:50.250#,6760.0,6888.0,6752.0,7314.0,6230.0,2592,23227,6842.0,2,6846.0,1,6848.0,101,6850.0,10,6852.0,1,6854.0,5,6856.0,90,6858.0,20,6862.0,1,6866.0,1,6854.0
SF411,,13:39:50.500#,6760.0,6888.0,6752.0,7314.0,6230.0,2592,23227,6842.0,2,6846.0,1,6848.0,101,6850.0,10,6852.0,1,6854.0,1,6856.0,100,6858.0,10,6862.0,1,6866.0,1,6854.0
SF411,,13:39:50.750#,6760.0,6888.0,6752.0,7314.0,6230.0,2592,23227,6842.0,2,6846.0,1,6848.0,71,6850.0,40,6852.0,1,6854.0,1,6856.0,60,6858.0,50,6862.0,1,6866.0,1,6854.0
SF411,,13:39:51.0#,6760.0,6888.0,6752.0,7314.0,6230.0,2592,23227,6842.0,2,6846.0,1,6848.0,51,6850.0,50,6852.0,1,6854.0,1,6856.0,30,6858.0,70,6862.0,1,6866.0,1,6854.0
SF411,,13:39:51.250#,6760.0,6888.0,6752.0,7314.0,6230.0,2592,23227,6842.0,2,6846.0,1,6848.0,51,6850.0,60,6852.0,1,6854.0,6,6856.0,10,6858.0,100,6862.0,1,6866.0,1,6854.0
SF411,,13:39:51.500#,6760.0,6888.0,6752.0,7314.0,6230.0,2592,23227,6842.0,2,6846.0,1,6848.0,81,6850.0,30,6852.0,1,6854.0,6,6856.0,40,6858.0,70,6862.0,1,6866.0,1,6854.0
SF411,,13:39:51.750#,6760.0,6888.0,6752.0,7314.0,6230.0,2592,23227,6842.0,2,6846.0,1,6848.0,81,6850.0,20,6852.0,1,6854.0,6,6856.0,50,6858.0,50,6862.0,1,6866.0,1,6854.0
SF411,,13:39:52.0#,6760.0,6888.0,6752.0,7314.0,6230.0,2592,23227,6842.0,2,6846.0,1,6848.0,101,6850.0,10,6852.0,1,6854.0,6,6856.0,70,6858.0,40,6862.0,1,6866.0,1,6854.0
SF411,,13:39:52.250#,6760.0,6888.0,6752.0,7314.0,6230.0,2592,23227,6842.0,2,6846.0,1,6848.0,101,6850.0,10,6852.0,1,6854.0,6,6856.0,90,6858.0,20,6862.0,1,6866.0,1,6854.0
SF411,,13:39:52.500#,6760.0,6888.0,6752.0,7314.0,6230.0,2592,23227,6842.0,2,6846.0,1,6848.0,101,6850.0,10,6852.0,1,6854.0,6,6856.0,100,6858.0,10,6862.0,1,6866.0,1,6854.0
SF411,,13:39:52.750#,6760.0,6888.0,6752.0,7314.0,6230.0,2592,23227,6842.0,2,6846.0,1,6848.0,100,6850.0,10,6852.0,1,6854.0,6,6856.0,100,6858.0,10,6862.0,1,6866.0,1,6854.0
SF411,,13:40:00.250#,6760.0,6888.0,6752.0,7314.0,6230.0,2594,23226,6842.0,2,6846.0,1,6848.0,100,6850.0,10,6852.0,1,6854.0,5,6856.0,100,6858.0,10,6862.0,1,6866.0,1,6854.0
SF411,,13:40:00.500#,6760.0,6888.0,6752.0,7314.0,6230.0,2600,23221,6842.0,2,6846.0,1,6848.0,60,6850.0,20,6854.0,7,6856.0,60,6858.0,20,6862.0,1,6866.0,1,6870.0,10,6856.0
SF411,,13:40:00.750#,6760.0,6888.0,6752.0,7314.0,6230.0,2600,23221,6846.0,1,6848.0,60,6850.0,20,6852.0,10,6854.0,6,6856.0,10,6858.0,60,6860.0,10,6862.0,1,6866.0,1,6856.0
SF411,,13:40:01.0#,6760.0,6888.0,6752.0,7314.0,6230.0,2600,23221,6846.0,1,6848.0,50,6850.0,30,6852.0,10,6854.0,8,6856.0,5,6858.0,70,6860.0,20,6862.0,1,6866.0,1,6856.0
SF411,,13:40:01.250#,6760.0,6888.0,6752.0,7314.0,6230.0,2600,23221,6846.0,1,6848.0,50,6850.0,20,6852.0,30,6854.0,8,6858.0,58,6860.0,50,6862.0,1,6866.0,1,6870.0,10,6856.0
SF411,,13:40:01.500#,6760.0,6888.0,6752.0,7314.0,6230.0,2600,23221,6846.0,1,6848.0,30,6850.0,30,6852.0,50,6854.0,8,6858.0,28,6860.0,80,6862.0,10,6866.0,1,6870.0,10,6856.0
SF411,,13:40:01.750#,6760.0,6888.0,6752.0,7314.0,6230.0,2600,23221,6846.0,1,6848.0,20,6850.0,10,6852.0,80,6854.0,8,6858.0,18,6860.0,90,6862.0,10,6866.0,1,6870.0,10,6856.0
SF411,,13:40:02.0#,6760.0,6888.0,6752.0,7314.0,6230.0,2600,23221,6842.0,2,6846.0,1,6848.0,10,6852.0,100,6854.0,8,6858.0,18,6860.0,90,6862.0,10,6866.0,1,6870.0,10,6856.0
SF411,,13:40:02.250#,6760.0,6888.0,6752.0,7314.0,6230.0,2600,23221,6836.0,1,6842.0,2,6846.0,1,6852.0,110,6854.0,8,6858.0,18,6860.0,90,6862.0,10,6866.0,1,6870.0,10,6856.0
SF411,,13:40:03.250#,6760.0,6888.0,6752.0,7314.0,6230.0,2600,23221,6836.0,1,6842.0,2,6846.0,1,6852.0,110,6854.0,13,6858.0,8,6860.0,100,6862.0,10,6866.0,1,6870.0,10,6856.0
SF411,,13:40:04.0#,6760.0,6888.0,6752.0,7314.0,6230.0,2600,23221,6836.0,1,6842.0,2,6846.0,1,6852.0,110,6854.0,8,6858.0,9,6860.0,100,6862.0,10,6866.0,1,6870.0,10,6856.0
SF411,,13:40:04.250#,6760.0,6888.0,6752.0,7314.0,6230.0,2600,23221,6836.0,1,6842.0,2,6846.0,1,6852.0,110,6854.0,3,6858.0,9,6860.0,100,6862.0,10,6866.0,1,6870.0,10,6856.0
SF411,,13:40:04.750#,6760.0,6888.0,6752.0,7314.0,6230.0,2600,23221,6836.0,1,6842.0,2,6846.0,1,6852.0,110,6854.0,3,6858.0,8,6860.0,100,6862.0,10,6866.0,1,6870.0,10,6856.0
SF411,,13:40:05.0#,6760.0,6888.0,6752.0,7314.0,6230.0,2600,23221,6836.0,1,6842.0,2,6846.0,1,6852.0,110,6854.0,8,6858.0,8,6860.0,100,6862.0,10,6866.0,1,6870.0,10,6856.0
SF411,,13:40:06.0#,6760.0,6888.0,6752.0,7314.0,6230.0,2600,23221,6836.0,1,6842.0,2,6846.0,1,6852.0,110,6854.0,3,6858.0,8,6860.0,100,6862.0,10,6866.0,1,6870.0,10,6856.0
SF411,,13:40:06.250#,6760.0,6888.0,6752.0,7314.0,6230.0,2602,23220,6836.0,1,6842.0,2,6846.0,1,6852.0,110,6854.0,7,6858.0,7,6860.0,100,6862.0,10,6866.0,1,6870.0,10,6854.0
SF411,,13:40:07.250#,6760.0,6888.0,6752.0,7314.0,6230.0,2602,23220,6836.0,1,6842.0,2,6846.0,1,6852.0,110,6854.0,12,6858.0,7,6860.0,100,6862.0,10,6866.0,1,6870.0,10,6854.0
SF411,,13:40:10.250#,6760.0,6888.0,6752.0,7314.0,6230.0,2602,23220,6836.0,1,6842.0,2,6846.0,1,6852.0,110,6854.0,7,6858.0,7,6860.0,100,6862.0,10,6866.0,1,6870.0,10,6854.0
SF411,,13:40:10.500#,6760.0,6888.0,6752.0,7314.0,6230.0,2602,23220,6836.0,1,6842.0,2,6846.0,1,6852.0,110,6854.0,2,6858.0,7,6860.0,100,6862.0,10,6866.0,1,6870.0,10,6854.0
SF411,,13:40:10.750#,6760.0,6888.0,6752.0,7314.0,6230.0,2602,23220,6836.0,1,6842.0,2,6846.0,1,6852.0,110,6854.0,7,6858.0,7,6860.0,100,6862.0,10,6866.0,1,6870.0,10,6854.0
SF411,,13:40:11.0#,6760.0,6888.0,6752.0,7314.0,6230.0,2602,23220,6836.0,1,6842.0,2,6846.0,1,6852.0,110,6854.0,7,6858.0,7,6860.0,110,6866.0,1,6870.0,10,6872.0,2,6854.0
SF411,,13:40:12.250#,6760.0,6888.0,6752.0,7314.0,6230.0,2602,23220,6836.0,1,6842.0,2,6846.0,1,6852.0,110,6854.0,8,6858.0,7,6860.0,110,6866.0,1,6870.0,10,6872.0,2,6854.0
SF411,,13:40:12.500#,6760.0,6888.0,6752.0,7314.0,6230.0,2602,23220,6836.0,1,6842.0,2,6846.0,1,6852.0,110,6854.0,9,6858.0,7,6860.0,110,6866.0,1,6870.0,10,6872.0,2,6854.0
SF411,,13:40:13.500#,6760.0,6888.0,6752.0,7314.0,6230.0,2602,23220,6836.0,1,6842.0,2,6846.0,1,6852.0,110,6854.0,12,6858.0,7,6860.0,110,6866.0,1,6870.0,10,6872.0,2,6854.0
SF411,,13:40:14.250#,6760.0,6888.0,6752.0,7314.0,6230.0,2602,23220,6836.0,1,6842.0,2,6846.0,1,6852.0,110,6854.0,7,6858.0,8,6860.0,110,6866.0,1,6870.0,10,6872.0,2,6854.0
SF411,,13:40:14.500#,6760.0,6888.0,6752.0,7314.0,6230.0,2602,23220,6836.0,1,6842.0,2,6846.0,1,6852.0,110,6854.0,2,6858.0,8,6860.0,110,6866.0,1,6870.0,10,6872.0,2,6854.0
SF411,,13:40:15.750#,6760.0,6888.0,6752.0,7314.0,6230.0,2602,23220,6836.0,1,6842.0,2,6846.0,1,6852.0,110,6854.0,8,6858.0,8,6860.0,110,6866.0,1,6870.0,10,6872.0,2,6854.0
SF411,,13:40:16.0#,6760.0,6888.0,6752.0,7314.0,6230.0,2602,23220,6836.0,1,6842.0,2,6846.0,1,6852.0,110,6854.0,9,6858.0,7,6860.0,110,6866.0,1,6870.0,10,6872.0,2,6854.0
SF411,,13:40:16.500#,6760.0,6888.0,6752.0,7314.0,6230.0,2602,23220,6836.0,1,6842.0,2,6846.0,1,6852.0,110,6854.0,10,6858.0,7,6860.0,110,6866.0,1,6870.0,10,6872.0,2,6854.0
SF411,,13:40:16.750#,6760.0,6888.0,6752.0,7314.0,6230.0,2602,23220,6836.0,1,6842.0,2,6846.0,1,6852.0,110,6854.0,8,6858.0,7,6860.0,110,6866.0,1,6870.0,10,6872.0,2,6854.0
SF411,,13:40:27.0#,6760.0,6888.0,6752.0,7314.0,6230.0,2602,23220,6836.0,1,6842.0,2,6846.0,1,6852.0,110,6854.0,8,6858.0,7,6860.0,110,6866.0,1,6870.0,10,6872.0,2,6854.0
SF411,,13:40:28.500#,6760.0,6888.0,6752.0,7314.0,6230.0,2602,23220,6836.0,1,6842.0,2,6846.0,1,6852.0,110,6854.0,8,6858.0,7,6860.0,110,6866.0,1,6870.0,10,6872.0,2,6854.0
SF411,,13:40:30.250#,6760.0,6888.0,6752.0,7314.0,6230.0,2602,23220,6836.0,1,6842.0,2,6846.0,1,6852.0,110,6854.0,13,6858.0,7,6860.0,110,6866.0,1,6870.0,10,6872.0,2,6854.0
SF411,,13:40:35.750#,6760.0,6888.0,6752.0,7314.0,6230.0,2602,23220,6836.0,1,6842.0,2,6846.0,1,6852.0,110,6854.0,13,6858.0,7,6860.0,110,6866.0,1,6870.0,10,6872.0,2,6854.0
SF411,,13:40:38.750#,6760.0,6888.0,6752.0,7314.0,6230.0,2602,23220,6842.0,2,6846.0,1,6852.0,110,6854.0,7,6856.0,1,6858.0,7,6860.0,110,6866.0,1,6870.0,10,6872.0,2,6854.0
SF411,,13:40:39.0#,6760.0,6888.0,6752.0,7314.0,6230.0,2602,23220,6846.0,1,6848.0,1,6852.0,100,6854.0,17,6856.0,1,6858.0,7,6860.0,100,6862.0,10,6866.0,1,6870.0,10,6854.0
SF411,,13:40:39.250#,6760.0,6888.0,6752.0,7314.0,6230.0,2602,23220,6846.0,1,6848.0,1,6852.0,110,6854.0,7,6856.0,1,6858.0,7,6860.0,100,6862.0,10,6866.0,1,6870.0,10,6854.0
SF411,,13:40:39.500#,6760.0,6888.0,6752.0,7314.0,6230.0,2602,23220,6846.0,1,6848.0,1,6852.0,110,6854.0,7,6856.0,1,6858.0,7,6860.0,100,6862.0,10,6866.0,1,6870.0,10,6854.0
SF411,,13:40:45.0#,6760.0,6888.0,6752.0,7314.0,6230.0,2602,23220,6846.0,1,6848.0,1,6852.0,100,6854.0,17,6856.0,1,6858.0,2,6860.0,100,6862.0,10,6866.0,1,6870.0,10,6854.0
SF411,,13:40:45.250#,6760.0,6888.0,6752.0,7314.0,6230.0,2602,23220,6846.0,1,6848.0,1,6852.0,90,6854.0,27,6856.0,1,6858.0,2,6860.0,100,6862.0,10,6866.0,1,6870.0,10,6854.0
SF411,,13:40:45.500#,6760.0,6888.0,6752.0,7314.0,6230.0,2602,23220,6846.0,1,6848.0,1,6852.0,100,6854.0,17,6856.0,1,6858.0,7,6860.0,100,6862.0,10,6866.0,1,6870.0,10,6854.0
SF411,,13:40:45.750#,6760.0,6888.0,6752.0,7314.0,6230.0,2602,23220,6846.0,1,6848.0,1,6852.0,100,6854.0,17,6856.0,1,6858.0,2,6860.0,100,6862.0,10,6866.0,1,6870.0,10,6854.0
SF411,,13:40:46.0#,6760.0,6888.0,6752.0,7314.0,6230.0,2602,23220,6846.0,1,6848.0,1,6852.0,100,6854.0,17,6856.0,1,6858.0,7,6860.0,100,6862.0,10,6866.0,1,6870.0,10,6854.0
SF411,,13:40:46.250#,6760.0,6888.0,6752.0,7314.0,6230.0,2602,23220,6846.0,1,6848.0,1,6852.0,100,6854.0,17,6856.0,1,6858.0,7,6860.0,100,6862.0,10,6866.0,1,6870.0,10,6854.0
SF411,,13:40:46.500#,6760.0,6888.0,6752.0,7314.0,6230.0,2602,23220,6846.0,1,6848.0,1,6852.0,100,6854.0,17,6856.0,1,6858.0,2,6860.0,100,6862.0,10,6866.0,1,6870.0,10,6854.0
SF411,,13:40:57.500#,6760.0,6888.0,6752.0,7314.0,6230.0,2603,23219,6846.0,1,6848.0,1,6852.0,100,6854.0,17,6856.0,1,6858.0,1,6860.0,100,6862.0,10,6866.0,1,6870.0,10,6858.0
SF411,,13:40:57.750#,6760.0,6888.0,6752.0,7314.0,6230.0,2603,23219,6846.0,1,6848.0,1,6852.0,80,6854.0,37,6856.0,1,6858.0,1,6860.0,70,6862.0,40,6866.0,1,6870.0,10,6858.0
SF411,,13:40:58.0#,6760.0,6888.0,6752.0,7314.0,6230.0,2603,23219,6846.0,1,6848.0,1,6852.0,80,6854.0,37,6856.0,1,6858.0,1,6860.0,60,6862.0,50,6866.0,1,6870.0,10,6858.0
SF411,,13:40:58.250#,6760.0,6888.0,6752.0,7314.0,6230.0,2603,23219,6846.0,1,6848.0,1,6852.0,80,6854.0,37,6856.0,1,6858.0,1,6860.0,40,6862.0,70,6866.0,1,6870.0,10,6858.0
SF411,,13:40:58.500#,6760.0,6888.0,6752.0,7314.0,6230.0,2603,23219,6846.0,1,6848.0,1,6852.0,80,6854.0,37,6856.0,1,6858.0,1,6860.0,30,6862.0,80,6866.0,1,6870.0,10,6858.0
SF411,,13:41:00.750#,6760.0,6888.0,6752.0,7314.0,6230.0,2603,23219,6846.0,1,6848.0,1,6852.0,80,6854.0,32,6856.0,6,6858.0,1,6860.0,20,6862.0,90,6866.0,1,6870.0,10,6858.0
SF411,,13:41:01.0#,6760.0,6888.0,6752.0,7314.0,6230.0,2603,23219,6846.0,1,6848.0,1,6852.0,70,6854.0,42,6856.0,6,6858.0,1,6860.0,20,6862.0,90,6866.0,1,6870.0,10,6858.0
SF411,,13:41:01.250#,6760.0,6888.0,6752.0,7314.0,6230.0,2603,23219,6846.0,1,6848.0,1,6852.0,60,6854.0,52,6856.0,6,6858.0,1,6860.0,20,6862.0,90,6866.0,1,6870.0,10,6858.0
SF411,,13:41:01.500#,6760.0,6888.0,6752.0,7314.0,6230.0,2603,23219,6846.0,1,6848.0,1,6852.0,50,6854.0,62,6856.0,6,6858.0,1,6860.0,20,6862.0,90,6866.0,1,6870.0,10,6858.0
SF411,,13:41:01.750#,6760.0,6888.0,6752.0,7314.0,6230.0,2603,23219,6846.0,1,6848.0,1,6852.0,30,6854.0,82,6856.0,6,6858.0,1,6860.0,20,6862.0,90,6866.0,1,6870.0,10,6858.0
SF411,,13:41:02.0#,6760.0,6888.0,6752.0,7314.0,6230.0,2603,23219,6846.0,1,6848.0,1,6852.0,10,6854.0,102,6856.0,6,6858.0,1,6860.0,10,6862.0,100,6866.0,1,6870.0,10,6858.0
SF411,,13:41:03.0#,6760.0,6888.0,6752.0,7314.0,6230.0,2603,23219,6846.0,1,6848.0,1,6852.0,10,6854.0,102,6856.0,1,6858.0,1,6860.0,10,6862.0,100,6866.0,1,6870.0,10,6858.0
SF411,,13:41:03.250#,6760.0,6888.0,6752.0,7314.0,6230.0,2603,23219,6846.0,1,6848.0,1,6852.0,20,6854.0,92,6856.0,1,6858.0,1,6860.0,20,6862.0,90,6866.0,1,6870.0,10,6858.0
SF411,,13:41:03.500#,6760.0,6888.0,6752.0,7314.0,6230.0,2603,23219,6846.0,1,6848.0,1,6852.0,10,6854.0,102,6856.0,1,6858.0,1,6860.0,10,6862.0,100,6866.0,1,6870.0,10,6858.0
SF411,,13:41:03.750#,6760.0,6888.0,6752.0,7314.0,6230.0,2603,23219,6846.0,1,6848.0,1,6852.0,10,6854.0,102,6856.0,6,6858.0,1,6860.0,10,6862.0,100,6866.0,1,6870.0,10,6858.0
SF411,,13:41:05.250#,6760.0,6888.0,6752.0,7314.0,6230.0,2603,23219,6846.0,1,6848.0,1,6852.0,10,6854.0,102,6856.0,1,6858.0,1,6860.0,10,6862.0,100,6866.0,1,6870.0,10,6858.0
SF411,,13:41:05.500#,6760.0,6888.0,6752.0,7314.0,6230.0,2603,23219,6846.0,1,6848.0,1,6852.0,20,6854.0,92,6856.0,6,6858.0,1,6860.0,20,6862.0,90,6866.0,1,6870.0,10,6858.0
SF411,,13:41:05.750#,6760.0,6888.0,6752.0,7314.0,6230.0,2603,23219,6846.0,1,6848.0,1,6852.0,10,6854.0,102,6856.0,6,6858.0,1,6860.0,10,6862.0,100,6866.0,1,6870.0,10,6858.0
SF411,,13:41:15.500#,6760.0,6888.0,6752.0,7314.0,6230.0,2604,23218,6842.0,2,6846.0,1,6848.0,1,6852.0,10,6854.0,107,6858.0,4,6860.0,10,6862.0,100,6866.0,1,6870.0,10,6858.0
SF411,,13:41:15.750#,6760.0,6888.0,6752.0,7314.0,6230.0,2604,23218,6842.0,2,6846.0,1,6848.0,1,6852.0,50,6854.0,72,6858.0,4,6860.0,40,6862.0,70,6866.0,1,6870.0,10,6858.0
SF411,,13:41:16.0#,6760.0,6888.0,6752.0,7314.0,6230.0,2604,23218,6842.0,2,6846.0,1,6848.0,1,6852.0,70,6854.0,52,6858.0,4,6860.0,60,6862.0,50,6866.0,1,6870.0,10,6858.0
SF411,,13:41:16.250#,6760.0,6888.0,6752.0,7314.0,6230.0,2604,23218,6842.0,2,6846.0,1,6848.0,1,6852.0,90,6854.0,32,6858.0,4,6860.0,90,6862.0,20,6866.0,1,6870.0,10,6858.0
SF411,,13:41:16.500#,6760.0,6888.0,6752.0,7314.0,6230.0,2604,23218,6842.0,2,6846.0,1,6848.0,1,6852.0,100,6854.0,22,6858.0,4,6860.0,110,6866.0,1,6870.0,10,6872.0,2,6858.0
SF411,,13:41:21.0#,6760.0,6888.0,6752.0,7314.0,6230.0,2604,23218,6846.0,1,6848.0,1,6852.0,100,6854.0,17,6856.0,5,6858.0,4,6860.0,90,6862.0,20,6866.0,1,6870.0,10,6858.0
SF411,,13:41:21.250#,6760.0,6888.0,6752.0,7314.0,6230.0,2604,23218,6846.0,1,6848.0,1,6852.0,60,6854.0,57,6856.0,5,6858.0,4,6860.0,60,6862.0,50,6866.0,1,6870.0,10,6858.0
SF411,,13:41:21.500#,6760.0,6888.0,6752.0,7314.0,6230.0,2604,23218,6846.0,1,6848.0,1,6852.0,40,6854.0,67,6856.0,5,6858.0,4,6860.0,30,6862.0,70,6866.0,1,6870.0,10,6858.0
SF411,,13:41:21.750#,6760.0,6888.0,6752.0,7314.0,6230.0,2604,23218,6846.0,1,6848.0,1,6852.0,20,6854.0,97,6856.0,5,6858.0,4,6860.0,10,6862.0,100,6866.0,1,6870.0,10,6858.0
SF411,,13:41:22.0#,6760.0,6888.0,6752.0,7314.0,6230.0,2604,23218,6846.0,1,6848.0,1,6852.0,10,6854.0,107,6856.0,5,6858.0,4,6860.0,10,6862.0,100,6866.0,1,6870.0,10,6858.0
SF411,,13:41:27.500#,6760.0,6888.0,6752.0,7314.0,6230.0,2604,23218,6846.0,1,6848.0,1,6852.0,10,6854.0,107,6856.0,5,6858.0,9,6860.0,10,6862.0,100,6866.0,1,6870.0,10,6858.0
SF411,,13:41:28.0#,6760.0,6888.0,6752.0,7314.0,6230.0,2604,23218,6846.0,1,6848.0,1,6852.0,10,6854.0,107,6856.0,5,6858.0,4,6860.0,10,6862.0,100,6866.0,1,6870.0,10,6858.0
SF411,,13:41:28.250#,6760.0,6888.0,6752.0,7314.0,6230.0,2604,23218,6846.0,1,6848.0,1,6852.0,10,6854.0,97,6856.0,5,6858.0,4,6860.0,10,6862.0,90,6866.0,1,6870.0,10,6858.0
SF411,,13:41:32.750#,6760.0,6888.0,6752.0,7314.0,6230.0,2604,23218,6846.0,1,6848.0,1,6852.0,10,6854.0,107,6856.0,5,6858.0,9,6860.0,10,6862.0,100,6866.0,1,6870.0,10,6858.0
SF411,,13:41:33.0#,6760.0,6888.0,6752.0,7314.0,6230.0,2604,23218,6846.0,1,6848.0,1,6852.0,40,6854.0,77,6856.0,5,6858.0,4,6860.0,30,6862.0,80,6866.0,1,6870.0,10,6858.0
SF411,,13:41:33.250#,6760.0,6888.0,6752.0,7314.0,6230.0,2604,23218,6846.0,1,6848.0,1,6852.0,10,6854.0,107,6856.0,5,6858.0,4,6860.0,10,6862.0,100,6866.0,1,6870.0,10,6858.0
SF411,,13:41:33.500#,6760.0,6888.0,6752.0,7314.0,6230.0,2604,23218,6844.0,10,6846.0,1,6848.0,1,6854.0,107,6856.0,5,6858.0,4,6860.0,10,6862.0,90,6866.0,1,6870.0,10,6858.0
SF411,,13:41:33.750#,6760.0,6888.0,6752.0,7314.0,6230.0,2604,23218,6842.0,2,6846.0,1,6848.0,1,6854.0,117,6856.0,5,6860.0,10,6862.0,100,6866.0,1,6870.0,10,6872.0,2,6858.0
SF411,,13:41:34.0#,6760.0,6888.0,6752.0,7314.0,6230.0,2604,23218,6842.0,2,6846.0,1,6848.0,1,6854.0,117,6856.0,5,6860.0,15,6862.0,100,6866.0,1,6870.0,10,6872.0,2,6858.0
SF411,,13:41:47.500#,6760.0,6888.0,6752.0,7314.0,6230.0,2604,23218,6842.0,2,6846.0,1,6848.0,1,6854.0,112,6856.0,10,6860.0,5,6862.0,110,6866.0,1,6870.0,10,6872.0,2,6858.0
SF411,,13:41:51.750#,6760.0,6888.0,6752.0,7314.0,6230.0,2604,23218,6842.0,2,6846.0,1,6848.0,1,6854.0,112,6856.0,10,6860.0,5,6862.0,110,6866.0,1,6870.0,10,6872.0,2,6858.0
SF411,,13:41:54.0#,6760.0,6888.0,6752.0,7314.0,6230.0,2604,23218,6846.0,1,6848.0,1,6854.0,101,6856.0,15,6858.0,1,6860.0,5,6862.0,100,6864.0,10,6866.0,1,6870.0,10,6858.0
SF411,,13:41:54.250#,6760.0,6888.0,6752.0,7314.0,6230.0,2604,23218,6846.0,1,6848.0,1,6854.0,111,6856.0,5,6858.0,3,6860.0,5,6862.0,100,6864.0,10,6866.0,1,6870.0,10,6858.0
SF411,,13:41:56.500#,6760.0,6888.0,6752.0,7314.0,6230.0,2605,23218,6842.0,2,6846.0,1,6848.0,1,6854.0,111,6856.0,12,6860.0,5,6862.0,110,6866.0,1,6870.0,10,6872.0,2,6858.0
SF411,,13:42:02.0#,6760.0,6888.0,6752.0,7314.0,6230.0,2609,23218,6842.0,2,6848.0,1,6852.0,1,6854.0,91,6856.0,32,6862.0,106,6864.0,10,6866.0,1,6870.0,10,6872.0,2,6860.0
SF411,,13:42:02.250#,6760.0,6888.0,6752.0,7314.0,6230.0,2609,23218,6842.0,2,6848.0,1,6852.0,1,6854.0,91,6856.0,32,6862.0,101,6864.0,20,6866.0,1,6868.0,1,6870.0,10,6860.0
SF411,,13:42:12.500#,6760.0,6888.0,6752.0,7314.0,6230.0,2609,23218,6848.0,1,6852.0,1,6854.0,11,6856.0,105,6858.0,2,6862.0,21,6864.0,100,6868.0,1,6870.0,10,6872.0,2,6860.0
SF411,,13:42:15.750#,6760.0,6888.0,6752.0,7314.0,6230.0,2609,23218,6848.0,1,6852.0,1,6854.0,11,6856.0,105,6858.0,2,6862.0,21,6864.0,100,6868.0,1,6870.0,10,6872.0,2,6860.0
SF411,,13:42:16.0#,6760.0,6888.0,6752.0,7314.0,6230.0,2609,23218,6848.0,1,6852.0,1,6854.0,31,6856.0,85,6858.0,2,6862.0,34,6864.0,90,6868.0,1,6870.0,10,6872.0,2,6860.0
SF411,,13:42:16.250#,6760.0,6888.0,6752.0,7314.0,6230.0,2609,23218,6848.0,1,6852.0,1,6854.0,41,6856.0,75,6858.0,1,6862.0,34,6864.0,90,6870.0,10,6872.0,2,6878.0,17,6860.0
SF411,,13:42:23.0#,6760.0,6888.0,6752.0,7314.0,6230.0,2609,23218,6848.0,1,6852.0,1,6854.0,21,6856.0,95,6858.0,1,6862.0,34,6864.0,90,6866.0,1,6870.0,10,6872.0,2,6860.0
SF411,,13:42:26.250#,6760.0,6888.0,6752.0,7314.0,6230.0,2609,23218,6842.0,2,6848.0,1,6852.0,1,6854.0,21,6856.0,99,6862.0,34,6864.0,90,6866.0,1,6870.0,10,6872.0,2,6860.0
SF411,,13:42:36.0#,6760.0,6888.0,6752.0,7314.0,6230.0,2609,23218,6842.0,2,6848.0,1,6852.0,1,6854.0,31,6856.0,89,6862.0,29,6864.0,90,6866.0,1,6870.0,10,6872.0,2,6860.0
SF411,,13:42:36.250#,6760.0,6888.0,6752.0,7314.0,6230.0,2609,23218,6842.0,2,6848.0,1,6852.0,1,6854.0,21,6856.0,100,6862.0,19,6864.0,90,6866.0,11,6870.0,10,6872.0,2,6860.0
SF411,,13:42:36.500#,6760.0,6888.0,6752.0,7314.0,6230.0,2609,23218,6842.0,2,6848.0,1,6852.0,1,6854.0,21,6856.0,102,6862.0,19,6864.0,90,6866.0,10,6870.0,10,6872.0,2,6860.0
SF411,,13:42:36.750#,6760.0,6888.0,6752.0,7314.0,6230.0,2609,23218,6842.0,2,6848.0,1,6852.0,1,6854.0,11,6856.0,112,6862.0,9,6864.0,110,6868.0,1,6870.0,10,6872.0,2,6860.0
SF411,,13:42:39.500#,6760.0,6888.0,6752.0,7314.0,6230.0,2609,23218,6842.0,2,6848.0,1,6852.0,1,6854.0,11,6856.0,109,6862.0,9,6864.0,110,6868.0,1,6870.0,10,6872.0,2,6860.0
SF411,,13:42:39.750#,6760.0,6888.0,6752.0,7314.0,6230.0,2609,23218,6842.0,2,6848.0,1,6852.0,1,6854.0,31,6856.0,90,6862.0,20,6864.0,100,6868.0,1,6870.0,10,6872.0,2,6860.0
SF411,,13:42:40.0#,6760.0,6888.0,6752.0,7314.0,6230.0,2609,23218,6842.0,2,6848.0,1,6852.0,1,6854.0,21,6856.0,100,6862.0,20,6864.0,90,6866.0,10,6868.0,1,6870.0,10,6860.0
SF411,,13:42:40.250#,6760.0,6888.0,6752.0,7314.0,6230.0,2609,23218,6842.0,2,6848.0,1,6852.0,1,6854.0,21,6856.0,100,6862.0,19,6864.0,90,6866.0,10,6868.0,1,6870.0,10,6860.0
SF411,,13:42:40.500#,6760.0,6888.0,6752.0,7314.0,6230.0,2609,23218,6842.0,2,6848.0,1,6852.0,1,6854.0,21,6856.0,101,6862.0,19,6864.0,100,6868.0,1,6870.0,10,6872.0,2,6860.0
SF411,,13:42:40.750#,6760.0,6888.0,6752.0,7314.0,6230.0,2609,23218,6842.0,2,6848.0,1,6852.0,1,6854.0,21,6856.0,102,6862.0,19,6864.0,100,6868.0,1,6870.0,10,6872.0,2,6860.0
SF411,,13:42:43.500#,6760.0,6888.0,6752.0,7314.0,6230.0,2609,23218,6842.0,2,6848.0,1,6852.0,1,6854.0,21,6856.0,101,6862.0,20,6864.0,100,6868.0,1,6870.0,10,6872.0,2,6860.0
SF411,,13:42:44.0#,6760.0,6888.0,6752.0,7314.0,6230.0,2609,23218,6842.0,2,6848.0,1,6852.0,1,6854.0,21,6856.0,99,6862.0,22,6864.0,100,6868.0,1,6870.0,10,6872.0,2,6860.0
SF411,,13:42:44.750#,6760.0,6888.0,6752.0,7314.0,6230.0,2609,23218,6842.0,2,6848.0,1,6852.0,1,6854.0,21,6856.0,99,6862.0,23,6864.0,100,6868.0,1,6870.0,10,6872.0,2,6860.0
SF411,,13:42:45.750#,6760.0,6888.0,6752.0,7314.0,6230.0,2609,23218,6842.0,2,6848.0,1,6852.0,1,6854.0,31,6856.0,89,6862.0,33,6864.0,90,6868.0,1,6870.0,10,6872.0,2,6860.0
SF411,,13:42:48.750#,6760.0,6888.0,6752.0,7314.0,6230.0,2609,23218,6842.0,2,6848.0,1,6852.0,1,6854.0,21,6856.0,99,6862.0,23,6864.0,100,6868.0,1,6870.0,10,6872.0,2,6860.0
SF411,,13:42:52.500#,6760.0,6888.0,6752.0,7314.0,6230.0,2609,23218,6842.0,2,6848.0,1,6852.0,1,6854.0,21,6856.0,97,6862.0,23,6864.0,100,6868.0,1,6870.0,10,6872.0,2,6860.0
SF411,,13:42:52.750#,6760.0,6888.0,6752.0,7314.0,6230.0,2609,23218,6842.0,2,6848.0,1,6852.0,1,6854.0,21,6856.0,99,6862.0,33,6864.0,90,6868.0,1,6870.0,10,6872.0,2,6860.0
SF411,,13:43:00.250#,6760.0,6888.0,6752.0,7314.0,6230.0,2609,23218,6842.0,2,6848.0,1,6852.0,1,6854.0,21,6856.0,97,6862.0,33,6864.0,90,6868.0,1,6870.0,10,6872.0,2,6860.0
SF411,,13:43:00.500#,6760.0,6888.0,6752.0,7314.0,6230.0,2609,23218,6842.0,2,6848.0,1,6852.0,1,6854.0,21,6856.0,96,6862.0,33,6864.0,90,6868.0,1,6870.0,10,6872.0,2,6860.0
SF411,,13:43:00.750#,6760.0,6888.0,6752.0,7314.0,6230.0,2609,23218,6842.0,2,6848.0,1,6852.0,1,6854.0,21,6856.0,95,6862.0,31,6864.0,90,6868.0,1,6870.0,10,6872.0,2,6860.0
SF411,,13:43:01.0#,6760.0,6888.0,6752.0,7314.0,6230.0,2609,23218,6842.0,2,6848.0,1,6852.0,1,6854.0,21,6856.0,99,6862.0,31,6864.0,90,6868.0,1,6870.0,10,6872.0,2,6860.0
SF411,,13:43:06.750#,6760.0,6888.0,6752.0,7314.0,6230.0,2609,23218,6842.0,2,6848.0,1,6852.0,1,6854.0,21,6856.0,99,6860.0,1,6862.0,25,6864.0,90,6868.0,1,6870.0,10,6860.0
SF411,,13:43:07.0#,6760.0,6888.0,6752.0,7314.0,6230.0,2609,23218,6842.0,2,6848.0,1,6852.0,1,6854.0,61,6856.0,59,6860.0,1,6862.0,55,6864.0,60,6868.0,1,6870.0,10,6860.0
SF411,,13:43:07.250#,6760.0,6888.0,6752.0,7314.0,6230.0,2609,23218,6842.0,2,6848.0,1,6852.0,1,6854.0,101,6856.0,19,6860.0,1,6862.0,75,6864.0,40,6868.0,1,6870.0,10,6860.0
SF411,,13:43:07.500#,6760.0,6888.0,6752.0,7314.0,6230.0,2609,23218,6842.0,2,6848.0,1,6852.0,1,6854.0,101,6856.0,19,6860.0,1,6862.0,85,6864.0,30,6868.0,1,6870.0,10,6860.0
SF411,,13:43:07.750#,6760.0,6888.0,6752.0,7314.0,6230.0,2609,23218,6842.0,2,6848.0,1,6852.0,1,6854.0,101,6856.0,19,6860.0,1,6862.0,95,6864.0,20,6868.0,1,6870.0,10,6860.0
SF411,,13:43:08.0#,6760.0,6888.0,6752.0,7314.0,6230.0,2609,23218,6842.0,2,6848.0,1,6852.0,1,6854.0,101,6856.0,19,6860.0,1,6862.0,105,6864.0,10,6868.0,1,6870.0,10,6860.0
SF411,,13:43:08.500#,6760.0,6888.0,6752.0,7314.0,6230.0,2609,23218,6842.0,2,6848.0,1,6852.0,1,6854.0,111,6856.0,9,6860.0,1,6862.0,115,6868.0,1,6870.0,10,6872.0,2,6860.0
SF411,,13:43:10.250#,6760.0,6888.0,6752.0,7314.0,6230.0,2609,23218,6842.0,2,6848.0,1,6852.0,1,6854.0,111,6856.0,9,6860.0,5,6862.0,110,6868.0,1,6870.0,10,6872.0,2,6860.0
SF411,,13:43:11.750#,6760.0,6888.0,6752.0,7314.0,6230.0,2609,23218,6842.0,2,6848.0,1,6852.0,1,6854.0,111,6856.0,8,6860.0,5,6862.0,110,6868.0,1,6870.0,10,6872.0,2,6860.0
SF411,,13:43:15.500#,6760.0,6888.0,6752.0,7314.0,6230.0,2609,23218,6842.0,2,6848.0,1,6852.0,1,6854.0,111,6856.0,8,6860.0,5,6862.0,100,6864.0,10,6868.0,1,6870.0,10,6860.0
SF411,,13:43:15.750#,6760.0,6888.0,6752.0,7314.0,6230.0,2609,23218,6842.0,2,6848.0,1,6852.0,1,6854.0,111,6856.0,11,6860.0,5,6862.0,100,6864.0,10,6868.0,1,6870.0,10,6860.0
SF411,,13:43:16.0#,6760.0,6888.0,6752.0,7314.0,6230.0,2609,23218,6842.0,2,6848.0,1,6852.0,1,6854.0,111,6856.0,12,6862.0,110,6864.0,10,6868.0,1,6870.0,10,6872.0,2,6860.0
SF411,,13:43:16.500#,6760.0,6888.0,6752.0,7314.0,6230.0,2609,23218,6842.0,2,6848.0,1,6852.0,1,6854.0,101,6856.0,22,6862.0,100,6864.0,20,6868.0,1,6870.0,10,6872.0,2,6860.0
SF411,,13:43:34.250#,6760.0,6888.0,6752.0,7314.0,6230.0,2609,23218,6842.0,2,6848.0,1,6852.0,1,6854.0,101,6856.0,19,6862.0,101,6864.0,20,6868.0,1,6870.0,10,6872.0,2,6860.0
SF411,,13:43:34.500#,6760.0,6888.0,6752.0,7314.0,6230.0,2609,23218,6842.0,2,6848.0,1,6852.0,11,6854.0,101,6856.0,9,6862.0,111,6864.0,10,6868.0,1,6870.0,10,6872.0,2,6860.0
SF411,,13:43:34.750#,6760.0,6888.0,6752.0,7314.0,6230.0,2609,23218,6842.0,2,6848.0,1,6852.0,1,6854.0,111,6856.0,9,6862.0,111,6864.0,10,6868.0,1,6870.0,10,6872.0,2,6860.0
SF411,,13:43:45.250#,6760.0,6888.0,6752.0,7314.0,6230.0,2609,23218,6842.0,2,6848.0,1,6852.0,1,6854.0,111,6856.0,9,6860.0,1,6862.0,105,6864.0,10,6868.0,1,6870.0,10,6860.0
SF411,,13:43:45.500#,6760.0,6888.0,6752.0,7314.0,6230.0,2609,23218,6842.0,2,6848.0,1,6852.0,1,6854.0,111,6856.0,9,6860.0,6,6862.0,110,6868.0,1,6870.0,10,6872.0,2,6860.0
SF411,,13:43:54.0#,6760.0,6888.0,6752.0,7314.0,6230.0,2609,23218,6848.0,1,6852.0,1,6854.0,111,6856.0,5,6858.0,1,6860.0,6,6862.0,110,6868.0,1,6870.0,10,6872.0,2,6860.0
SF411,,13:43:54.250#,6760.0,6888.0,6752.0,7314.0,6230.0,2609,23218,6848.0,1,6852.0,1,6854.0,111,6856.0,5,6858.0,1,6860.0,6,6862.0,100,6864.0,10,6868.0,1,6870.0,10,6860.0
SF411,,13:44:05.0#,6760.0,6888.0,6752.0,7314.0,6230.0,2609,23218,6848.0,1,6852.0,1,6854.0,111,6856.0,5,6858.0,1,6860.0,7,6862.0,100,6864.0,10,6868.0,1,6870.0,10,6860.0
SF411,,13:44:05.250#,6760.0,6888.0,6752.0,7314.0,6230.0,2609,23218,6848.0,1,6852.0,1,6854.0,111,6856.0,5,6858.0,1,6860.0,2,6862.0,100,6864.0,10,6868.0,1,6870.0,10,6860.0
SF411,,13:44:23.500#,6760.0,6888.0,6752.0,7314.0,6230.0,2609,23218,6842.0,2,6848.0,1,6852.0,1,6854.0,111,6856.0,6,6860.0,3,6862.0,100,6864.0,10,6868.0,1,6870.0,10,6860.0
SF411,,13:44:23.750#,6760.0,6888.0,6752.0,7314.0,6230.0,2609,23218,6842.0,2,6848.0,1,6852.0,1,6854.0,111,6856.0,6,6860.0,3,6862.0,110,6868.0,1,6870.0,10,6872.0,2,6860.0
SF411,,13:44:24.0#,6760.0,6888.0,6752.0,7314.0,6230.0,2609,23218,6842.0,2,6848.0,1,6852.0,1,6854.0,111,6856.0,6,6860.0,8,6862.0,110,6868.0,1,6870.0,10,6872.0,2,6860.0
SF411,,13:44:30.750#,6760.0,6888.0,6752.0,7314.0,6230.0,2609,23218,6842.0,2,6848.0,1,6852.0,1,6854.0,111,6856.0,6,6860.0,10,6862.0,110,6868.0,1,6870.0,10,6872.0,2,6860.0
SF411,,13:44:43.500#,6760.0,6888.0,6752.0,7314.0,6230.0,2609,23218,6842.0,2,6848.0,1,6852.0,1,6854.0,111,6856.0,1,6860.0,10,6862.0,110,6868.0,1,6870.0,10,6872.0,2,6860.0
SF411,,13:44:43.750#,6760.0,6888.0,6752.0,7314.0,6230.0,2609,23218,6842.0,2,6848.0,1,6852.0,1,6854.0,111,6856.0,6,6860.0,10,6862.0,110,6868.0,1,6870.0,10,6872.0,2,6860.0
SF411,,13:44:45.750#,6760.0,6888.0,6752.0,7314.0,6230.0,2609,23218,6842.0,2,6848.0,1,6852.0,1,6854.0,111,6856.0,1,6860.0,20,6862.0,100,6868.0,1,6870.0,10,6872.0,2,6860.0
SF411,,13:44:46.500#,6760.0,6888.0,6752.0,7314.0,6230.0,2609,23218,6842.0,2,6848.0,1,6852.0,1,6854.0,111,6856.0,6,6860.0,20,6862.0,100,6868.0,1,6870.0,10,6872.0,2,6860.0
SF411,,13:44:52.500#,6760.0,6888.0,6752.0,7314.0,6230.0,2609,23218,6842.0,2,6848.0,1,6852.0,1,6854.0,111,6856.0,1,6860.0,20,6862.0,100,6868.0,1,6870.0,10,6872.0,2,6860.0
SF411,,13:44:53.0#,6760.0,6888.0,6752.0,7314.0,6230.0,2609,23218,6842.0,2,6848.0,1,6852.0,1,6854.0,111,6856.0,6,6860.0,20,6862.0,100,6868.0,1,6870.0,10,6872.0,2,6860.0
SF411,,13:44:53.750#,6760.0,6888.0,6752.0,7314.0,6230.0,2609,23218,6842.0,2,6848.0,1,6852.0,1,6854.0,111,6856.0,6,6860.0,19,6862.0,100,6868.0,1,6870.0,10,6872.0,2,6860.0
SF411,,13:44:54.0#,6760.0,6888.0,6752.0,7314.0,6230.0,2609,23218,6842.0,2,6848.0,1,6852.0,1,6854.0,111,6856.0,6,6860.0,10,6862.0,110,6868.0,1,6870.0,10,6872.0,2,6860.0
SF411,,13:44:54.250#,6760.0,6888.0,6752.0,7314.0,6230.0,2609,23218,6842.0,2,6848.0,1,6852.0,1,6854.0,111,6856.0,6,6860.0,9,6862.0,110,6868.0,1,6870.0,10,6872.0,2,6860.0
SF411,,13:45:07.0#,6760.0,6888.0,6752.0,7314.0,6230.0,2609,23218,6848.0,1,6852.0,1,6854.0,111,6856.0,5,6858.0,1,6860.0,9,6862.0,110,6868.0,1,6870.0,10,6872.0,2,6860.0
SF411,,13:45:07.250#,6760.0,6888.0,6752.0,7314.0,6230.0,2609,23218,6848.0,1,6852.0,1,6854.0,111,6856.0,5,6858.0,1,6860.0,9,6862.0,100,6864.0,10,6868.0,1,6870.0,10,6860.0
SF411,,13:45:15.500#,6760.0,6888.0,6752.0,7314.0,6230.0,2609,23218,6848.0,1,6852.0,1,6854.0,111,6856.0,5,6858.0,1,6860.0,4,6862.0,100,6864.0,10,6868.0,1,6870.0,10,6860.0
SF411,,13:45:16.0#,6760.0,6888.0,6752.0,7314.0,6230.0,2609,23218,6848.0,1,6852.0,1,6854.0,111,6856.0,5,6858.0,1,6860.0,9,6862.0,110,6868.0,1,6870.0,10,6872.0,2,6860.0
SF411,,13:45:17.0#,6760.0,6888.0,6752.0,7314.0,6230.0,2609,23218,6848.0,1,6852.0,1,6854.0,111,6856.0,5,6858.0,1,6860.0,4,6862.0,100,6864.0,10,6868.0,1,6870.0,10,6860.0
SF411,,13:45:18.500#,6760.0,6888.0,6752.0,7314.0,6230.0,2609,23218,6848.0,1,6852.0,1,6854.0,111,6856.0,5,6858.0,1,6860.0,9,6862.0,100,6864.0,10,6868.0,1,6870.0,10,6860.0
SF411,,13:45:18.750#,6760.0,6888.0,6752.0,7314.0,6230.0,2609,23218,6848.0,1,6852.0,1,6854.0,111,6856.0,5,6858.0,1,6860.0,9,6862.0,110,6868.0,1,6870.0,10,6872.0,2,6860.0
SF411,,13:45:19.0#,6760.0,6888.0,6752.0,7314.0,6230.0,2609,23218,6848.0,1,6852.0,1,6854.0,111,6856.0,5,6858.0,1,6860.0,9,6862.0,100,6864.0,10,6868.0,1,6870.0,10,6860.0
SF411,,13:45:20.500#,6760.0,6888.0,6752.0,7314.0,6230.0,2609,23218,6848.0,1,6852.0,1,6854.0,111,6856.0,5,6858.0,1,6860.0,4,6862.0,100,6864.0,10,6868.0,1,6870.0,10,6860.0
SF411,,13:45:28.750#,6760.0,6888.0,6752.0,7314.0,6230.0,2609,23218,6848.0,1,6852.0,1,6854.0,101,6856.0,15,6858.0,1,6860.0,4,6862.0,100,6864.0,10,6868.0,1,6870.0,10,6860.0
SF411,,13:45:30.0#,6760.0,6888.0,6752.0,7314.0,6230.0,2609,23218,6842.0,2,6848.0,1,6852.0,1,6854.0,101,6856.0,16,6860.0,4,6862.0,110,6868.0,1,6870.0,10,6872.0,2,6860.0
SF411,,13:45:30.250#,6760.0,6888.0,6752.0,7314.0,6230.0,2609,23218,6848.0,1,6852.0,1,6854.0,101,6856.0,15,6858.0,1,6860.0,4,6862.0,110,6868.0,1,6870.0,10,6872.0,2,6860.0
SF411,,13:45:30.500#,6760.0,6888.0,6752.0,7314.0,6230.0,2609,23218,6848.0,1,6852.0,1,6854.0,91,6856.0,25,6858.0,1,6860.0,4,6862.0,100,6864.0,10,6868.0,1,6870.0,10,6860.0
SF411,,13:45:30.750#,6760.0,6888.0,6752.0,7314.0,6230.0,2609,23218,6842.0,2,6848.0,1,6852.0,1,6854.0,101,6856.0,16,6860.0,4,6862.0,100,6864.0,10,6868.0,1,6870.0,10,6860.0
SF411,,13:45:31.0#,6760.0,6888.0,6752.0,7314.0,6230.0,2609,23218,6842.0,2,6848.0,1,6852.0,1,6854.0,101,6856.0,16,6860.0,9,6862.0,110,6868.0,1,6870.0,10,6872.0,2,6860.0
SF411,,13:45:35.250#,6760.0,6888.0,6752.0,7314.0,6230.0,2609,23218,6842.0,2,6848.0,1,6852.0,1,6854.0,111,6856.0,6,6860.0,9,6862.0,110,6868.0,1,6870.0,10,6872.0,2,6860.0
SF411,,13:45:46.250#,6760.0,6888.0,6752.0,7314.0,6230.0,2609,23218,6842.0,2,6848.0,1,6852.0,1,6854.0,111,6856.0,11,6860.0,9,6862.0,110,6868.0,1,6870.0,10,6872.0,2,6860.0
SF411,,13:45:48.250#,6760.0,6888.0,6752.0,7314.0,6230.0,2609,23218,6842.0,2,6848.0,1,6852.0,1,6854.0,111,6856.0,16,6860.0,9,6862.0,110,6868.0,1,6870.0,10,6872.0,2,6860.0
SF411,,13:45:59.750#,6760.0,6888.0,6752.0,7314.0,6230.0,2609,23218,6842.0,2,6848.0,1,6852.0,1,6854.0,111,6856.0,16,6860.0,10,6862.0,110,6868.0,1,6870.0,10,6872.0,2,6860.0
SF411,,13:46:00.250#,6760.0,6888.0,6752.0,7314.0,6230.0,2609,23218,6842.0,2,6848.0,1,6852.0,1,6854.0,111,6856.0,16,6860.0,9,6862.0,110,6868.0,1,6870.0,10,6872.0,2,6860.0
SF411,,13:46:00.500#,6760.0,6888.0,6752.0,7314.0,6230.0,2609,23218,6842.0,2,6848.0,1,6852.0,1,6854.0,111,6856.0,16,6860.0,10,6862.0,110,6868.0,1,6870.0,10,6872.0,2,6860.0
SF411,,13:46:05.250#,6760.0,6888.0,6752.0,7314.0,6230.0,2609,23218,6842.0,2,6848.0,1,6852.0,1,6854.0,111,6856.0,6,6858.0,4,6860.0,5,6862.0,110,6868.0,1,6870.0,10,6860.0
SF411,,13:46:05.500#,6760.0,6888.0,6752.0,7314.0,6230.0,2609,23218,6842.0,2,6848.0,1,6852.0,11,6854.0,101,6856.0,6,6858.0,4,6860.0,15,6862.0,100,6868.0,1,6870.0,10,6860.0
SF411,,13:46:05.750#,6760.0,6888.0,6752.0,7314.0,6230.0,2609,23218,6842.0,2,6848.0,1,6852.0,11,6854.0,101,6856.0,6,6858.0,4,6860.0,5,6862.0,110,6868.0,1,6870.0,10,6860.0
SF411,,13:46:07.250#,6760.0,6888.0,6752.0,7314.0,6230.0,2609,23218,6842.0,2,6848.0,1,6852.0,11,6854.0,101,6856.0,1,6858.0,4,6860.0,5,6862.0,110,6868.0,1,6870.0,10,6860.0
SF411,,13:46:07.500#,6760.0,6888.0,6752.0,7314.0,6230.0,2609,23218,6842.0,2,6848.0,1,6852.0,41,6854.0,71,6856.0,1,6858.0,4,6860.0,25,6862.0,90,6868.0,1,6870.0,10,6860.0
SF411,,13:46:07.750#,6760.0,6888.0,6752.0,7314.0,6230.0,2609,23218,6842.0,2,6848.0,1,6852.0,61,6854.0,51,6856.0,1,6858.0,4,6860.0,25,6862.0,90,6868.0,1,6870.0,10,6860.0
SF411,,13:46:08.250#,6760.0,6888.0,6752.0,7314.0,6230.0,2609,23218,6842.0,2,6848.0,1,6852.0,71,6854.0,41,6856.0,1,6858.0,4,6860.0,25,6862.0,90,6868.0,1,6870.0,10,6860.0
SF411,,13:46:08.500#,6760.0,6888.0,6752.0,7314.0,6230.0,2609,23218,6842.0,2,6848.0,1,6852.0,81,6854.0,31,6856.0,1,6858.0,4,6860.0,25,6862.0,90,6868.0,1,6870.0,10,6860.0
SF411,,13:46:10.500#,6760.0,6888.0,6752.0,7314.0,6230.0,2609,23218,6842.0,2,6848.0,1,6852.0,81,6854.0,31,6856.0,1,6858.0,4,6860.0,35,6862.0,80,6868.0,1,6870.0,10,6860.0
SF411,,13:46:19.0#,6760.0,6888.0,6752.0,7314.0,6230.0,2609,23218,6842.0,2,6848.0,1,6852.0,80,6854.0,31,6856.0,1,6858.0,4,6860.0,35,6862.0,80,6868.0,1,6870.0,10,6860.0
SF411,,13:46:19.250#,6760.0,6888.0,6752.0,7314.0,6230.0,2609,23218,6842.0,2,6848.0,1,6852.0,90,6854.0,21,6856.0,1,6858.0,2,6860.0,35,6862.0,80,6868.0,1,6870.0,10,6860.0
SF411,,13:46:21.500#,6760.0,6888.0,6752.0,7314.0,6230.0,2609,23218,6842.0,2,6848.0,1,6852.0,100,6854.0,11,6856.0,1,6858.0,7,6860.0,30,6862.0,80,6868.0,1,6870.0,10,6860.0
SF411,,13:46:21.750#,6760.0,6888.0,6752.0,7314.0,6230.0,2609,23218,6842.0,2,6848.0,1,6852.0,100,6854.0,11,6856.0,1,6858.0,5,6860.0,40,6862.0,70,6868.0,1,6870.0,10,6860.0
SF411,,13:46:22.0#,6760.0,6888.0,6752.0,7314.0,6230.0,2609,23218,6842.0,2,6848.0,1,6852.0,90,6854.0,21,6856.0,1,6860.0,50,6862.0,70,6868.0,1,6870.0,10,6872.0,2,6860.0
SF411,,13:46:22.250#,6760.0,6888.0,6752.0,7314.0,6230.0,2609,23218,6842.0,2,6848.0,1,6852.0,60,6854.0,51,6856.0,1,6860.0,40,6862.0,80,6868.0,1,6870.0,10,6872.0,2,6860.0
SF411,,13:46:22.500#,6760.0,6888.0,6752.0,7314.0,6230.0,2609,23218,6842.0,2,6848.0,1,6852.0,50,6854.0,61,6856.0,1,6860.0,30,6862.0,90,6868.0,1,6870.0,10,6872.0,2,6860.0
SF411,,13:46:23.0#,6760.0,6888.0,6752.0,7314.0,6230.0,2609,23218,6842.0,2,6848.0,1,6852.0,40,6854.0,71,6856.0,1,6860.0,30,6862.0,90,6868.0,1,6870.0,10,6872.0,2,6860.0
SF411,,13:46:23.250#,6760.0,6888.0,6752.0,7314.0,6230.0,2609,23218,6842.0,2,6848.0,1,6852.0,30,6854.0,81,6856.0,1,6860.0,30,6862.0,90,6868.0,1,6870.0,10,6872.0,2,6860.0
SF411,,13:46:23.500#,6760.0,6888.0,6752.0,7314.0,6230.0,2609,23218,6842.0,2,6848.0,1,6852.0,10,6854.0,101,6856.0,1,6860.0,20,6862.0,100,6868.0,1,6870.0,10,6872.0,2,6860.0
SF411,,13:46:28.500#,6760.0,6888.0,6752.0,7314.0,6230.0,2609,23218,6842.0,2,6848.0,1,6852.0,10,6854.0,101,6856.0,6,6860.0,20,6862.0,100,6868.0,1,6870.0,10,6872.0,2,6860.0
SF411,,13:46:29.250#,6760.0,6888.0,6752.0,7314.0,6230.0,2609,23218,6836.0,1,6842.0,2,6848.0,1,6854.0,111,6856.0,6,6860.0,20,6862.0,100,6868.0,1,6870.0,10,6872.0,2,6860.0
SF411,,13:46:30.750#,6760.0,6888.0,6752.0,7314.0,6230.0,2609,23218,6836.0,1,6842.0,2,6848.0,1,6854.0,111,6856.0,11,6860.0,20,6862.0,100,6868.0,1,6870.0,10,6872.0,2,6860.0
SF411,,13:46:35.500#,6760.0,6888.0,6752.0,7314.0,6230.0,2609,23218,6836.0,1,6842.0,2,6848.0,1,6854.0,111,6858.0,1,6860.0,19,6862.0,100,6868.0,1,6870.0,10,6872.0,2,6860.0
SF411,,13:46:35.750#,6760.0,6888.0,6752.0,7314.0,6230.0,2609,23218,6836.0,1,6842.0,2,6848.0,1,6854.0,111,6858.0,1,6860.0,9,6862.0,100,6864.0,10,6868.0,1,6870.0,10,6860.0
SF411,,13:46:36.500#,6760.0,6888.0,6752.0,7314.0,6230.0,2609,23218,6836.0,1,6842.0,2,6848.0,1,6854.0,111,6856.0,11,6860.0,9,6862.0,100,6864.0,10,6868.0,1,6870.0,10,6860.0
SF411,,13:46:36.750#,6760.0,6888.0,6752.0,7314.0,6230.0,2609,23218,6836.0,1,6842.0,2,6848.0,1,6854.0,111,6856.0,16,6860.0,9,6862.0,110,6868.0,1,6870.0,10,6872.0,2,6860.0
SF411,,13:46:47.500#,6760.0,6888.0,6752.0,7314.0,6230.0,2609,23218,6836.0,1,6842.0,2,6848.0,1,6854.0,111,6856.0,11,6860.0,9,6862.0,110,6868.0,1,6870.0,10,6872.0,2,6860.0
SF411,,13:46:47.750#,6760.0,6888.0,6752.0,7314.0,6230.0,2609,23218,6842.0,2,6848.0,1,6852.0,10,6854.0,101,6856.0,11,6860.0,20,6862.0,100,6868.0,1,6870.0,10,6872.0,2,6860.0
SF411,,13:46:48.0#,6760.0,6888.0,6752.0,7314.0,6230.0,2609,23218,6842.0,2,6848.0,1,6852.0,10,6854.0,101,6856.0,11,6860.0,21,6862.0,100,6868.0,1,6870.0,10,6872.0,2,6860.0
SF411,,13:46:48.250#,6760.0,6888.0,6752.0,7314.0,6230.0,2609,23218,6842.0,2,6848.0,1,6852.0,30,6854.0,81,6856.0,2,6860.0,31,6862.0,90,6870.0,10,6872.0,2,6878.0,17,6860.0
SF411,,13:46:48.500#,6760.0,6888.0,6752.0,7314.0,6230.0,2609,23218,6842.0,2,6848.0,1,6852.0,20,6854.0,91,6856.0,1,6860.0,31,6862.0,90,6864.0,1,6870.0,10,6872.0,2,6860.0
SF411,,13:46:50.250#,6760.0,6888.0,6752.0,7314.0,6230.0,2609,23218,6836.0,1,6842.0,2,6848.0,1,6852.0,20,6854.0,102,6860.0,31,6862.0,90,6864.0,1,6870.0,10,6872.0,2,6860.0
SF411,,13:46:50.500#,6760.0,6888.0,6752.0,7314.0,6230.0,2609,23218,6836.0,1,6842.0,2,6848.0,2,6852.0,40,6854.0,87,6860.0,31,6862.0,90,6864.0,1,6870.0,10,6872.0,2,6860.0
SF411,,13:46:53.500#,6760.0,6888.0,6752.0,7314.0,6230.0,2609,23218,6836.0,1,6842.0,2,6848.0,2,6852.0,30,6854.0,97,6860.0,31,6862.0,90,6864.0,1,6870.0,10,6872.0,2,6860.0
SF411,,13:46:56.250#,6760.0,6888.0,6752.0,7314.0,6230.0,2609,23218,6842.0,2,6848.0,2,6850.0,10,6852.0,30,6854.0,82,6858.0,20,6860.0,5,6862.0,90,6864.0,1,6870.0,10,6860.0
SF411,,13:46:56.500#,6760.0,6888.0,6752.0,7314.0,6230.0,2609,23218,6842.0,2,6848.0,2,6850.0,10,6852.0,60,6854.0,52,6858.0,26,6860.0,30,6862.0,60,6864.0,1,6870.0,10,6860.0
SF411,,13:46:56.750#,6760.0,6888.0,6752.0,7314.0,6230.0,2609,23218,6842.0,2,6848.0,2,6850.0,10,6852.0,80,6854.0,32,6858.0,27,6860.0,60,6862.0,30,6864.0,1,6870.0,10,6860.0
SF411,,13:46:57.0#,6760.0,6888.0,6752.0,7314.0,6230.0,2609,23218,6842.0,2,6848.0,2,6850.0,20,6852.0,90,6854.0,12,6858.0,27,6860.0,80,6862.0,10,6864.0,1,6870.0,10,6860.0
SF411,,13:46:57.250#,6760.0,6888.0,6752.0,7314.0,6230.0,2609,23218,6842.0,2,6848.0,2,6850.0,30,6852.0,80,6854.0,12,6858.0,27,6860.0,90,6864.0,1,6870.0,10,6872.0,2,6860.0
SF411,,13:47:02.750#,6760.0,6888.0,6752.0,7314.0,6230.0,2609,23218,6842.0,2,6848.0,2,6850.0,20,6852.0,90,6854.0,12,6858.0,27,6860.0,90,6864.0,1,6870.0,10,6872.0,2,6860.0
SF411,,13:47:07.500#,6760.0,6888.0,6752.0,7314.0,6230.0,2609,23218,6842.0,2,6848.0,2,6850.0,20,6852.0,90,6854.0,11,6856.0,1,6858.0,25,6860.0,90,6864.0,1,6870.0,10,6860.0
SF411,,13:47:15.750#,6760.0,6888.0,6752.0,7314.0,6230.0,2609,23218,6842.0,2,6848.0,2,6850.0,20,6852.0,90,6854.0,11,6858.0,27,6860.0,90,6864.0,1,6870.0,10,6872.0,2,6860.0
SF411,,13:47:18.500#,6760.0,6888.0,6752.0,7314.0,6230.0,2609,23218,6842.0,2,6848.0,2,6850.0,20,6852.0,90,6854.0,6,6858.0,27,6860.0,90,6864.0,1,6870.0,10,6872.0,2,6860.0
SF411,,13:47:23.500#,6760.0,6888.0,6752.0,7314.0,6230.0,2609,23218,6848.0,2,6850.0,30,6852.0,80,6854.0,1,6856.0,10,6858.0,27,6860.0,90,6864.0,1,6870.0,10,6872.0,2,6860.0
SF411,,13:47:23.750#,6760.0,6888.0,6752.0,7314.0,6230.0,2617,23226,6842.0,2,6848.0,2,6850.0,10,6852.0,100,6854.0,4,6858.0,27,6860.0,80,6862.0,10,6864.0,1,6870.0,10,6856.0
SF411,,13:47:24.0#,6760.0,6888.0,6752.0,7314.0,6230.0,2617,23226,6842.0,2,6848.0,2,6850.0,20,6852.0,90,6854.0,8,6858.0,17,6860.0,100,6864.0,1,6870.0,10,6872.0,2,6856.0
SF411,,13:47:24.750#,6760.0,6888.0,6752.0,7314.0,6230.0,2617,23226,6842.0,2,6848.0,2,6850.0,20,6852.0,90,6854.0,7,6858.0,17,6860.0,100,6864.0,1,6870.0,10,6872.0,2,6856.0
SF411,,13:47:28.500#,6760.0,6888.0,6752.0,7314.0,6230.0,2617,23226,6842.0,2,6848.0,2,6850.0,20,6852.0,90,6854.0,11,6858.0,17,6860.0,100,6864.0,1,6870.0,10,6872.0,2,6856.0
SF411,,13:47:28.750#,6760.0,6888.0,6752.0,7314.0,6230.0,2617,23226,6842.0,2,6848.0,2,6850.0,10,6852.0,100,6854.0,11,6858.0,17,6860.0,100,6864.0,1,6870.0,10,6872.0,2,6856.0
SF411,,13:47:31.750#,6760.0,6888.0,6752.0,7314.0,6230.0,2617,23226,6842.0,2,6848.0,2,6850.0,10,6852.0,100,6854.0,6,6858.0,17,6860.0,100,6864.0,1,6870.0,10,6872.0,2,6856.0
SF411,,13:47:32.0#,6760.0,6888.0,6752.0,7314.0,6230.0,2617,23226,6842.0,2,6848.0,2,6850.0,10,6852.0,100,6854.0,11,6858.0,17,6860.0,100,6864.0,1,6870.0,10,6872.0,2,6856.0
SF411,,13:47:34.750#,6760.0,6888.0,6752.0,7314.0,6230.0,2617,23226,6842.0,2,6848.0,2,6850.0,10,6852.0,100,6854.0,6,6858.0,17,6860.0,100,6864.0,1,6870.0,10,6872.0,2,6856.0
SF411,,13:47:36.0#,6760.0,6888.0,6752.0,7314.0,6230.0,2617,23226,6842.0,2,6848.0,2,6850.0,10,6852.0,100,6854.0,11,6858.0,17,6860.0,100,6864.0,1,6870.0,10,6872.0,2,6856.0
SF411,,13:47:37.500#,6760.0,6888.0,6752.0,7314.0,6230.0,2617,23226,6842.0,2,6848.0,2,6850.0,10,6852.0,100,6854.0,6,6858.0,17,6860.0,100,6864.0,1,6870.0,10,6872.0,2,6856.0
SF411,,13:47:37.750#,6760.0,6888.0,6752.0,7314.0,6230.0,2617,23226,6842.0,2,6848.0,2,6850.0,10,6852.0,100,6854.0,11,6858.0,17,6860.0,100,6864.0,1,6870.0,10,6872.0,2,6856.0
SF411,,13:47:43.250#,6760.0,6888.0,6752.0,7314.0,6230.0,2617,23226,6842.0,2,6848.0,2,6850.0,10,6852.0,100,6854.0,6,6858.0,17,6860.0,100,6864.0,1,6870.0,10,6872.0,2,6856.0
SF411,,13:47:43.500#,6760.0,6888.0,6752.0,7314.0,6230.0,2617,23226,6842.0,2,6848.0,2,6850.0,10,6852.0,100,6854.0,11,6858.0,17,6860.0,100,6864.0,1,6870.0,10,6872.0,2,6856.0
SF411,,13:47:44.750#,6760.0,6888.0,6752.0,7314.0,6230.0,2617,23226,6842.0,2,6848.0,2,6850.0,10,6852.0,100,6854.0,6,6858.0,17,6860.0,100,6864.0,1,6870.0,10,6872.0,2,6856.0
SF411,,13:47:45.250#,6760.0,6888.0,6752.0,7314.0,6230.0,2617,23226,6842.0,2,6848.0,2,6850.0,10,6852.0,100,6854.0,11,6858.0,17,6860.0,100,6864.0,1,6870.0,10,6872.0,2,6856.0
SF411,,13:47:46.250#,6760.0,6888.0,6752.0,7314.0,6230.0,2617,23226,6842.0,2,6848.0,2,6850.0,10,6852.0,100,6854.0,6,6858.0,17,6860.0,100,6864.0,1,6870.0,10,6872.0,2,6856.0
SF411,,13:47:47.750#,6760.0,6888.0,6752.0,7314.0,6230.0,2617,23226,6842.0,2,6848.0,2,6850.0,10,6852.0,100,6854.0,5,6858.0,17,6860.0,100,6864.0,1,6870.0,10,6872.0,2,6856.0
SF411,,13:47:48.0#,6760.0,6888.0,6752.0,7314.0,6230.0,2617,23226,6842.0,2,6848.0,2,6850.0,10,6852.0,100,6854.0,5,6858.0,27,6860.0,90,6864.0,1,6870.0,10,6872.0,2,6856.0
SF411,,13:47:48.750#,6760.0,6888.0,6752.0,7314.0,6230.0,2617,23226,6842.0,2,6848.0,2,6850.0,10,6852.0,100,6854.0,6,6858.0,27,6860.0,90,6864.0,1,6870.0,10,6872.0,2,6856.0
SF411,,13:47:50.0#,6760.0,6888.0,6752.0,7314.0,6230.0,2617,23226,6842.0,2,6848.0,2,6850.0,10,6852.0,100,6854.0,4,6856.0,2,6858.0,25,6860.0,90,6864.0,1,6870.0,10,6856.0
SF411,,13:47:50.250#,6760.0,6888.0,6752.0,7314.0,6230.0,2617,23226,6842.0,2,6848.0,12,6850.0,30,6852.0,70,6854.0,4,6856.0,17,6858.0,10,6860.0,90,6864.0,1,6870.0,10,6856.0
SF411,,13:47:50.500#,6760.0,6888.0,6752.0,7314.0,6230.0,2617,23226,6842.0,2,6848.0,12,6850.0,50,6852.0,50,6854.0,4,6856.0,17,6858.0,40,6860.0,60,6864.0,1,6870.0,10,6856.0
SF411,,13:47:50.750#,6760.0,6888.0,6752.0,7314.0,6230.0,2617,23226,6842.0,2,6848.0,12,6850.0,70,6852.0,20,6854.0,4,6856.0,17,6858.0,50,6860.0,40,6864.0,1,6870.0,20,6856.0
SF411,,13:47:51.0#,6760.0,6888.0,6752.0,7314.0,6230.0,2617,23226,6836.0,1,6842.0,2,6848.0,12,6850.0,100,6854.0,4,6856.0,17,6858.0,70,6860.0,30,6864.0,1,6870.0,10,6856.0
SF411,,13:47:51.250#,6760.0,6888.0,6752.0,7314.0,6230.0,2617,23226,6840.0,10,6842.0,2,6848.0,12,6850.0,90,6854.0,4,6856.0,17,6858.0,80,6860.0,10,6864.0,1,6870.0,20,6856.0
SF411,,13:47:51.500#,6760.0,6888.0,6752.0,7314.0,6230.0,2617,23226,6836.0,1,6842.0,2,6848.0,12,6850.0,100,6854.0,4,6856.0,17,6858.0,90,6860.0,10,6864.0,1,6870.0,10,6856.0
SF411,,13:47:54.750#,6760.0,6888.0,6752.0,7314.0,6230.0,2619,23226,6836.0,1,6842.0,2,6848.0,12,6850.0,100,6854.0,3,6856.0,16,6858.0,90,6860.0,10,6864.0,1,6870.0,10,6854.0
SF411,,13:47:55.0#,6760.0,6888.0,6752.0,7314.0,6230.0,2619,23226,6842.0,2,6848.0,12,6850.0,90,6852.0,10,6854.0,3,6856.0,17,6858.0,90,6860.0,10,6864.0,1,6870.0,10,6854.0
SF411,,13:47:55.250#,6760.0,6888.0,6752.0,7314.0,6230.0,2619,23226,6838.0,10,6842.0,2,6848.0,12,6850.0,90,6854.0,3,6856.0,17,6858.0,80,6860.0,10,6864.0,1,6868.0,10,6854.0
SF411,,13:47:55.500#,6760.0,6888.0,6752.0,7314.0,6230.0,2619,23226,6840.0,10,6842.0,2,6848.0,12,6850.0,90,6854.0,3,6856.0,17,6858.0,80,6860.0,10,6864.0,1,6870.0,20,6854.0
SF411,,13:47:55.750#,6760.0,6888.0,6752.0,7314.0,6230.0,2619,23226,6836.0,1,6842.0,2,6848.0,12,6850.0,100,6854.0,3,6856.0,17,6858.0,90,6860.0,10,6864.0,1,6870.0,10,6854.0
SF411,,13:48:00.500#,6760.0,6888.0,6752.0,7314.0,6230.0,2619,23226,6836.0,1,6842.0,2,6848.0,12,6850.0,100,6854.0,1,6856.0,17,6858.0,90,6860.0,10,6864.0,1,6870.0,10,6854.0
SF411,,13:48:01.750#,6760.0,6888.0,6752.0,7314.0,6230.0,2619,23226,6836.0,1,6842.0,2,6848.0,12,6850.0,100,6854.0,1,6856.0,12,6858.0,90,6860.0,10,6864.0,1,6870.0,10,6854.0
SF411,,13:48:02.250#,6760.0,6888.0,6752.0,7314.0,6230.0,2619,23226,6836.0,1,6842.0,2,6848.0,12,6850.0,100,6854.0,1,6856.0,17,6858.0,90,6860.0,10,6864.0,1,6870.0,10,6854.0
SF411,,13:48:02.500#,6760.0,6888.0,6752.0,7314.0,6230.0,2619,23226,6836.0,1,6842.0,2,6848.0,12,6850.0,100,6854.0,1,6856.0,12,6858.0,90,6860.0,10,6864.0,1,6870.0,10,6854.0
SF411,,13:48:02.750#,6760.0,6888.0,6752.0,7314.0,6230.0,2619,23226,6842.0,2,6848.0,12,6850.0,90,6852.0,10,6854.0,1,6856.0,12,6858.0,90,6860.0,10,6864.0,1,6870.0,10,6854.0
SF411,,13:48:03.0#,6760.0,6888.0,6752.0,7314.0,6230.0,2619,23226,6842.0,2,6848.0,12,6850.0,80,6852.0,10,6854.0,1,6856.0,12,6858.0,80,6860.0,10,6864.0,1,6868.0,10,6854.0
SF411,,13:48:03.250#,6760.0,6888.0,6752.0,7314.0,6230.0,2619,23226,6842.0,2,6848.0,12,6850.0,90,6852.0,10,6854.0,1,6856.0,12,6858.0,90,6860.0,10,6864.0,1,6870.0,10,6854.0
SF411,,13:48:03.750#,6760.0,6888.0,6752.0,7314.0,6230.0,2620,23226,6836.0,1,6842.0,2,6848.0,12,6850.0,90,6852.0,14,6854.0,1,6856.0,15,6858.0,90,6860.0,10,6864.0,1,6854.0
SF411,,13:48:04.0#,6760.0,6888.0,6752.0,7314.0,6230.0,2620,23226,6836.0,1,6842.0,2,6848.0,21,6850.0,80,6852.0,19,6854.0,1,6856.0,15,6858.0,100,6864.0,1,6870.0,10,6854.0
SF411,,13:48:04.250#,6760.0,6888.0,6752.0,7314.0,6230.0,2620,23226,6836.0,1,6842.0,2,6848.0,11,6850.0,90,6852.0,19,6854.0,1,6856.0,15,6858.0,100,6864.0,1,6870.0,10,6854.0
SF411,,13:48:05.250#,6760.0,6888.0,6752.0,7314.0,6230.0,2620,23226,6836.0,1,6842.0,2,6848.0,11,6850.0,100,6852.0,9,6854.0,1,6856.0,15,6858.0,100,6864.0,1,6870.0,10,6854.0
SF411,,13:48:05.500#,6760.0,6888.0,6752.0,7314.0,6230.0,2620,23226,6836.0,1,6842.0,2,6848.0,21,6850.0,90,6852.0,9,6854.0,1,6856.0,15,6858.0,100,6864.0,1,6870.0,10,6854.0
SF411,,13:48:05.750#,6760.0,6888.0,6752.0,7314.0,6230.0,2620,23226,6836.0,1,6842.0,2,6848.0,11,6850.0,100,6852.0,9,6854.0,1,6856.0,15,6858.0,100,6864.0,1,6870.0,10,6854.0
SF411,,13:48:06.0#,6760.0,6888.0,6752.0,7314.0,6230.0,2620,23226,6836.0,1,6842.0,2,6848.0,21,6850.0,90,6852.0,9,6854.0,1,6856.0,15,6858.0,100,6864.0,1,6870.0,10,6854.0
SF411,,13:48:06.750#,6760.0,6888.0,6752.0,7314.0,6230.0,2620,23226,6836.0,1,6842.0,2,6848.0,21,6850.0,90,6852.0,8,6854.0,2,6856.0,15,6858.0,100,6864.0,1,6870.0,10,6854.0
SF411,,13:48:07.250#,6760.0,6888.0,6752.0,7314.0,6230.0,2620,23226,6836.0,1,6842.0,2,6848.0,21,6850.0,90,6852.0,8,6854.0,4,6856.0,15,6858.0,100,6864.0,1,6870.0,10,6854.0
SF411,,13:48:07.500#,6760.0,6888.0,6752.0,7314.0,6230.0,2620,23226,6836.0,1,6842.0,2,6848.0,21,6850.0,90,6852.0,8,6854.0,6,6856.0,15,6858.0,100,6864.0,1,6870.0,10,6854.0
SF411,,13:48:10.750#,6760.0,6888.0,6752.0,7314.0,6230.0,2638,23217,6834.0,10,6836.0,1,6842.0,2,6848.0,21,6850.0,70,6852.0,9,6854.0,1,6856.0,15,6858.0,90,6864.0,1,6850.0
SF411,,13:48:11.0#,6760.0,6888.0,6752.0,7314.0,6230.0,2713,23215,6834.0,10,6836.0,1,6838.0,10,6842.0,2,6844.0,2,6848.0,10,6850.0,34,6852.0,6,6854.0,11,6858.0,10,6848.0
SF411,,13:48:11.250#,6760.0,6888.0,6752.0,7314.0,6230.0,2731,23213,6830.0,12,6836.0,11,6840.0,20,6842.0,2,6844.0,1,6848.0,23,6850.0,44,6852.0,1,6854.0,1,6860.0,12,6846.0
SF411,,13:48:11.500#,6760.0,6888.0,6752.0,7314.0,6230.0,2740,23208,6830.0,2,6836.0,11,6838.0,10,6842.0,11,6844.0,2,6846.0,1,6848.0,12,6850.0,44,6852.0,1,6854.0,11,6846.0
SF411,,13:48:11.750#,6760.0,6888.0,6752.0,7314.0,6230.0,2740,23208,6830.0,2,6836.0,11,6840.0,20,6842.0,1,6844.0,17,6846.0,1,6848.0,21,6850.0,44,6852.0,10,6854.0,12,6846.0
SF411,,13:48:12.0#,6760.0,6888.0,6752.0,7314.0,6230.0,2741,23209,6830.0,12,6836.0,1,6840.0,20,6842.0,21,6844.0,17,6846.0,1,6848.0,21,6850.0,64,6852.0,10,6854.0,12,6846.0
SF411,,13:48:12.250#,6760.0,6888.0,6752.0,7314.0,6230.0,2741,23209,6830.0,2,6836.0,1,6840.0,50,6842.0,11,6844.0,12,6846.0,1,6848.0,31,6850.0,84,6852.0,20,6854.0,2,6846.0
SF411,,13:48:12.500#,6760.0,6888.0,6752.0,7314.0,6230.0,2742,23210,6830.0,12,6836.0,1,6840.0,40,6842.0,21,6844.0,16,6846.0,1,6848.0,21,6850.0,94,6852.0,20,6854.0,2,6846.0
SF411,,13:48:12.750#,6760.0,6888.0,6752.0,7314.0,6230.0,2742,23210,6836.0,1,6838.0,10,6840.0,40,6842.0,21,6844.0,17,6846.0,1,6848.0,21,6850.0,94,6852.0,20,6854.0,2,6846.0
SF411,,13:48:13.0#,6760.0,6888.0,6752.0,7314.0,6230.0,2742,23210,6836.0,1,6838.0,20,6840.0,50,6842.0,21,6844.0,17,6846.0,1,6848.0,21,6850.0,104,6852.0,20,6854.0,2,6846.0
SF411,,13:48:13.250#,6760.0,6888.0,6752.0,7314.0,6230.0,2742,23210,6836.0,1,6838.0,10,6840.0,60,6842.0,21,6844.0,17,6846.0,1,6848.0,21,6850.0,104,6852.0,20,6854.0,2,6846.0
SF411,,13:48:14.0#,6760.0,6888.0,6752.0,7314.0,6230.0,2742,23210,6830.0,2,6836.0,1,6840.0,70,6842.0,21,6844.0,17,6846.0,1,6848.0,21,6850.0,114,6852.0,10,6854.0,2,6846.0
SF411,,13:48:14.500#,6760.0,6888.0,6752.0,7314.0,6230.0,2743,23210,6830.0,2,6836.0,1,6840.0,70,6842.0,11,6844.0,26,6846.0,1,6848.0,21,6850.0,114,6852.0,10,6854.0,2,6846.0
SF411,,13:48:14.750#,6760.0,6888.0,6752.0,7314.0,6230.0,2744,23211,6830.0,2,6836.0,1,6840.0,70,6842.0,21,6844.0,15,6846.0,1,6848.0,21,6850.0,114,6852.0,10,6854.0,2,6846.0
SF411,,13:48:15.0#,6760.0,6888.0,6752.0,7314.0,6230.0,2747,23212,6830.0,2,6836.0,1,6840.0,70,6842.0,11,6844.0,26,6848.0,21,6850.0,104,6852.0,20,6854.0,2,6860.0,2,6846.0
SF411,,13:48:15.250#,6760.0,6888.0,6752.0,7314.0,6230.0,2751,23209,6836.0,1,6840.0,60,6842.0,21,6844.0,15,6846.0,15,6848.0,7,6850.0,104,6852.0,20,6854.0,12,6860.0,2,6848.0
SF411,,13:48:15.500#,6760.0,6888.0,6752.0,7314.0,6230.0,2758,23203,6840.0,40,6842.0,41,6844.0,10,6846.0,17,6848.0,10,6850.0,85,6852.0,40,6854.0,12,6856.0,10,6860.0,2,6848.0
SF411,,13:48:15.750#,6760.0,6888.0,6752.0,7314.0,6230.0,2758,23203,6840.0,20,6842.0,41,6844.0,30,6846.0,15,6848.0,12,6850.0,66,6852.0,50,6854.0,22,6856.0,10,6860.0,2,6848.0
SF411,,13:48:16.0#,6760.0,6888.0,6752.0,7314.0,6230.0,2758,23203,6830.0,2,6836.0,1,6842.0,31,6844.0,70,6848.0,17,6850.0,56,6852.0,50,6854.0,22,6856.0,10,6860.0,12,6848.0
SF411,,13:48:16.250#,6760.0,6888.0,6752.0,7314.0,6230.0,2758,23203,6834.0,10,6836.0,1,6842.0,1,6844.0,90,6848.0,17,6850.0,46,6852.0,60,6854.0,22,6856.0,10,6860.0,2,6848.0
SF411,,13:48:16.500#,6760.0,6888.0,6752.0,7314.0,6230.0,2758,23203,6836.0,1,6842.0,1,6844.0,90,6846.0,10,6848.0,17,6850.0,46,6852.0,70,6854.0,22,6856.0,10,6860.0,2,6848.0
SF411,,13:48:16.750#,6760.0,6888.0,6752.0,7314.0,6230.0,2758,23203,6836.0,1,6842.0,1,6844.0,80,6846.0,10,6848.0,17,6850.0,46,6852.0,60,6854.0,22,6856.0,10,6860.0,2,6848.0
SF411,,13:48:17.0#,6760.0,6888.0,6752.0,7314.0,6230.0,2758,23203,6836.0,1,6842.0,1,6844.0,90,6846.0,10,6848.0,17,6850.0,46,6852.0,70,6854.0,22,6856.0,10,6860.0,2,6848.0
SF411,,13:48:17.750#,6760.0,6888.0,6752.0,7314.0,6230.0,2758,23203,6836.0,1,6842.0,1,6844.0,90,6846.0,10,6848.0,12,6850.0,46,6852.0,70,6854.0,22,6856.0,10,6860.0,2,6848.0
SF411,,13:48:18.0#,6760.0,6888.0,6752.0,7314.0,6230.0,2758,23203,6836.0,1,6842.0,1,6844.0,90,6846.0,10,6848.0,10,6850.0,36,6852.0,80,6854.0,22,6856.0,10,6860.0,2,6848.0
SF411,,13:48:18.500#,6760.0,6888.0,6752.0,7314.0,6230.0,2758,23203,6830.0,2,6836.0,1,6842.0,1,6844.0,90,6846.0,25,6850.0,36,6852.0,80,6854.0,32,6860.0,2,6866.0,11,6848.0
SF411,,13:48:18.750#,6760.0,6888.0,6752.0,7314.0,6230.0,2758,23203,6830.0,2,6836.0,1,6842.0,11,6844.0,80,6846.0,30,6850.0,36,6852.0,90,6854.0,22,6860.0,2,6866.0,11,6848.0
SF411,,13:48:19.250#,6760.0,6888.0,6752.0,7314.0,6230.0,2758,23203,6830.0,2,6836.0,1,6842.0,11,6844.0,80,6846.0,30,6850.0,36,6852.0,100,6854.0,12,6860.0,2,6866.0,11,6848.0
SF411,,13:48:19.500#,6760.0,6888.0,6752.0,7314.0,6230.0,2761,23203,6830.0,2,6836.0,1,6842.0,11,6844.0,80,6846.0,30,6850.0,33,6852.0,100,6854.0,12,6860.0,2,6866.0,11,6850.0
SF411,,13:48:22.0#,6760.0,6888.0,6752.0,7314.0,6230.0,2761,23203,6830.0,2,6836.0,1,6842.0,11,6844.0,80,6846.0,30,6850.0,38,6852.0,100,6854.0,12,6860.0,2,6866.0,11,6850.0
SF411,,13:48:22.250#,6760.0,6888.0,6752.0,7314.0,6230.0,2761,23203,6830.0,2,6836.0,1,6842.0,11,6844.0,80,6846.0,30,6850.0,33,6852.0,100,6854.0,12,6860.0,2,6866.0,11,6850.0
SF411,,13:48:23.500#,6760.0,6888.0,6752.0,7314.0,6230.0,2761,23203,6830.0,2,6836.0,1,6842.0,11,6844.0,80,6846.0,30,6850.0,38,6852.0,100,6854.0,12,6860.0,2,6866.0,11,6850.0
SF411,,13:48:23.750#,6760.0,6888.0,6752.0,7314.0,6230.0,2761,23203,6830.0,2,6836.0,1,6842.0,11,6844.0,80,6846.0,30,6850.0,39,6852.0,100,6854.0,12,6860.0,2,6866.0,11,6850.0
SF411,,13:48:24.0#,6760.0,6888.0,6752.0,7314.0,6230.0,2761,23203,6830.0,2,6836.0,1,6842.0,21,6844.0,90,6846.0,5,6850.0,49,6852.0,100,6854.0,3,6860.0,2,6866.0,11,6850.0
SF411,,13:48:24.250#,6760.0,6888.0,6752.0,7314.0,6230.0,2761,23203,6830.0,2,6836.0,1,6842.0,1,6844.0,100,6846.0,10,6850.0,38,6852.0,100,6854.0,3,6860.0,2,6866.0,11,6850.0
SF411,,13:48:24.500#,6760.0,6888.0,6752.0,7314.0,6230.0,2761,23203,6830.0,2,6836.0,1,6842.0,1,6844.0,100,6846.0,10,6850.0,38,6852.0,90,6854.0,13,6860.0,2,6866.0,11,6850.0
SF411,,13:48:24.750#,6760.0,6888.0,6752.0,7314.0,6230.0,2761,23203,6830.0,2,6836.0,1,6842.0,1,6844.0,80,6846.0,30,6850.0,33,6852.0,90,6854.0,13,6860.0,2,6866.0,11,6850.0
SF411,,13:48:25.250#,6760.0,6888.0,6752.0,7314.0,6230.0,2761,23203,6830.0,2,6836.0,1,6842.0,1,6844.0,90,6846.0,20,6850.0,38,6852.0,90,6854.0,13,6860.0,2,6866.0,11,6850.0
SF411,,13:48:25.750#,6760.0,6888.0,6752.0,7314.0,6230.0,2761,23203,6830.0,2,6836.0,1,6842.0,1,6844.0,90,6846.0,20,6850.0,38,6852.0,90,6854.0,12,6860.0,2,6866.0,11,6850.0
SF411,,13:48:26.250#,6760.0,6888.0,6752.0,7314.0,6230.0,2761,23203,6830.0,2,6836.0,1,6842.0,1,6844.0,100,6846.0,10,6850.0,38,6852.0,100,6854.0,2,6860.0,2,6866.0,11,6850.0
SF411,,13:48:29.0#,6760.0,6888.0,6752.0,7314.0,6230.0,2761,23203,6826.0,10,6830.0,2,6836.0,1,6844.0,100,6846.0,10,6850.0,38,6852.0,100,6854.0,2,6860.0,2,6866.0,11,6850.0
SF411,,13:48:29.250#,6760.0,6888.0,6752.0,7314.0,6230.0,2761,23203,6826.0,10,6830.0,2,6836.0,1,6844.0,110,6846.0,10,6850.0,38,6852.0,110,6854.0,2,6860.0,2,6866.0,11,6850.0
SF411,,13:48:29.750#,6760.0,6888.0,6752.0,7314.0,6230.0,2761,23203,6826.0,10,6830.0,2,6836.0,1,6844.0,110,6846.0,10,6850.0,39,6852.0,110,6854.0,2,6860.0,2,6866.0,11,6850.0
SF411,,13:48:30.0#,6760.0,6888.0,6752.0,7314.0,6230.0,2761,23203,6830.0,2,6836.0,1,6842.0,30,6844.0,80,6846.0,5,6850.0,59,6852.0,90,6854.0,2,6860.0,2,6866.0,11,6850.0
SF411,,13:48:30.250#,6760.0,6888.0,6752.0,7314.0,6230.0,2761,23203,6830.0,2,6836.0,1,6842.0,20,6844.0,90,6846.0,5,6850.0,59,6852.0,90,6854.0,2,6860.0,2,6866.0,11,6850.0
SF411,,13:48:31.250#,6760.0,6888.0,6752.0,7314.0,6230.0,2766,23202,6830.0,2,6836.0,1,6842.0,20,6844.0,90,6846.0,5,6850.0,54,6852.0,90,6854.0,2,6860.0,2,6866.0,11,6850.0
SF411,,13:48:31.750#,6760.0,6888.0,6752.0,7314.0,6230.0,2766,23202,6830.0,2,6836.0,1,6842.0,10,6844.0,100,6846.0,5,6850.0,54,6852.0,90,6854.0,2,6860.0,2,6866.0,11,6850.0
SF411,,13:48:32.250#,6760.0,6888.0,6752.0,7314.0,6230.0,2771,23202,6826.0,10,6830.0,2,6836.0,1,6844.0,110,6846.0,5,6850.0,39,6852.0,100,6854.0,2,6860.0,2,6866.0,11,6850.0
SF411,,13:48:32.500#,6760.0,6888.0,6752.0,7314.0,6230.0,2771,23202,6826.0,10,6830.0,2,6836.0,1,6844.0,110,6846.0,10,6850.0,38,6852.0,100,6854.0,2,6860.0,2,6866.0,11,6850.0
SF411,,13:48:32.750#,6760.0,6888.0,6752.0,7314.0,6230.0,2771,23202,6826.0,10,6830.0,2,6836.0,1,6844.0,110,6846.0,10,6850.0,38,6852.0,90,6854.0,12,6860.0,2,6866.0,11,6850.0
SF411,,13:48:33.0#,6760.0,6888.0,6752.0,7314.0,6230.0,2771,23202,6826.0,10,6830.0,2,6836.0,1,6844.0,110,6846.0,10,6850.0,28,6852.0,110,6854.0,2,6860.0,2,6866.0,11,6850.0
SF411,,13:48:33.500#,6760.0,6888.0,6752.0,7314.0,6230.0,2771,23202,6826.0,10,6830.0,2,6836.0,1,6844.0,110,6846.0,10,6850.0,28,6852.0,110,6854.0,1,6860.0,2,6866.0,11,6850.0
SF411,,13:48:33.750#,6760.0,6888.0,6752.0,7314.0,6230.0,2776,23198,6826.0,10,6830.0,2,6836.0,1,6844.0,110,6846.0,10,6850.0,23,6852.0,110,6854.0,1,6860.0,2,6866.0,11,6850.0
SF411,,13:48:34.250#,6760.0,6888.0,6752.0,7314.0,6230.0,2781,23194,6826.0,10,6830.0,2,6836.0,1,6844.0,110,6846.0,10,6850.0,18,6852.0,110,6854.0,1,6860.0,2,6866.0,11,6850.0
SF411,,13:48:37.250#,6760.0,6888.0,6752.0,7314.0,6230.0,2786,23194,6826.0,10,6830.0,2,6836.0,1,6844.0,110,6846.0,10,6850.0,13,6852.0,110,6854.0,1,6860.0,2,6866.0,11,6850.0
SF411,,13:48:38.0#,6760.0,6888.0,6752.0,7314.0,6230.0,2791,23192,6826.0,10,6830.0,2,6836.0,1,6844.0,110,6846.0,10,6850.0,8,6852.0,110,6854.0,1,6860.0,2,6866.0,11,6850.0
SF411,,13:48:40.0#,6760.0,6888.0,6752.0,7314.0,6230.0,2791,23192,6826.0,10,6830.0,2,6836.0,1,6844.0,110,6846.0,10,6850.0,7,6852.0,110,6854.0,1,6860.0,2,6866.0,11,6850.0
SF411,,13:48:40.500#,6760.0,6888.0,6752.0,7314.0,6230.0,2791,23192,6826.0,10,6830.0,2,6836.0,1,6844.0,110,6846.0,10,6850.0,8,6852.0,110,6854.0,1,6860.0,2,6866.0,11,6850.0
SF411,,13:48:41.250#,6760.0,6888.0,6752.0,7314.0,6230.0,2791,23192,6826.0,10,6830.0,2,6836.0,1,6844.0,110,6846.0,10,6850.0,7,6852.0,110,6854.0,1,6860.0,2,6866.0,11,6850.0
SF411,,13:48:41.500#,6760.0,6888.0,6752.0,7314.0,6230.0,2791,23192,6830.0,2,6836.0,1,6844.0,110,6846.0,5,6848.0,1,6850.0,7,6852.0,110,6854.0,1,6860.0,2,6866.0,11,6850.0
SF411,,13:48:41.750#,6760.0,6888.0,6752.0,7314.0,6230.0,2791,23192,6830.0,2,6836.0,1,6844.0,100,6846.0,15,6848.0,2,6850.0,2,6852.0,100,6854.0,11,6860.0,2,6866.0,11,6850.0
SF411,,13:48:42.0#,6760.0,6888.0,6752.0,7314.0,6230.0,2791,23192,6830.0,2,6836.0,1,6844.0,70,6846.0,45,6848.0,2,6850.0,7,6852.0,60,6854.0,51,6860.0,2,6866.0,11,6850.0
SF411,,13:48:42.250#,6760.0,6888.0,6752.0,7314.0,6230.0,2791,23192,6834.0,10,6836.0,1,6844.0,100,6846.0,5,6848.0,3,6850.0,7,6852.0,80,6854.0,21,6860.0,2,6864.0,10,6850.0
SF411,,13:48:42.500#,6760.0,6888.0,6752.0,7314.0,6230.0,2793,23194,6832.0,10,6836.0,1,6844.0,100,6846.0,5,6850.0,2,6852.0,82,6854.0,21,6860.0,2,6862.0,10,6866.0,11,6850.0
SF411,,13:48:42.750#,6760.0,6888.0,6752.0,7314.0,6230.0,2795,23196,6836.0,1,6844.0,60,6846.0,45,6848.0,10,6850.0,1,6852.0,68,6854.0,41,6856.0,10,6860.0,2,6866.0,11,6850.0
SF411,,13:48:43.0#,6760.0,6888.0,6752.0,7314.0,6230.0,2796,23196,6830.0,2,6836.0,1,6844.0,40,6846.0,75,6848.0,5,6852.0,48,6854.0,61,6856.0,10,6860.0,2,6866.0,11,6850.0
SF411,,13:48:43.250#,6760.0,6888.0,6752.0,7314.0,6230.0,2796,23196,6830.0,2,6836.0,1,6844.0,20,6846.0,95,6848.0,5,6852.0,28,6854.0,81,6856.0,11,6860.0,2,6866.0,11,6850.0
SF411,,13:48:43.500#,6760.0,6888.0,6752.0,7314.0,6230.0,2796,23196,6830.0,2,6836.0,1,6844.0,20,6846.0,90,6848.0,10,6852.0,28,6854.0,91,6856.0,1,6860.0,2,6866.0,11,6850.0
SF411,,13:48:44.0#,6760.0,6888.0,6752.0,7314.0,6230.0,2797,23196,6830.0,2,6836.0,1,6844.0,20,6846.0,90,6848.0,10,6852.0,27,6854.0,91,6856.0,1,6860.0,2,6866.0,11,6852.0
SF411,,13:48:44.250#,6760.0,6888.0,6752.0,7314.0,6230.0,2797,23196,6830.0,2,6836.0,1,6844.0,10,6846.0,100,6848.0,10,6852.0,7,6854.0,111,6856.0,1,6860.0,2,6866.0,11,6852.0
SF411,,13:48:44.500#,6760.0,6888.0,6752.0,7314.0,6230.0,2797,23196,6830.0,2,6836.0,1,6844.0,10,6846.0,100,6848.0,10,6852.0,7,6854.0,101,6856.0,11,6860.0,2,6866.0,11,6852.0
SF411,,13:48:44.750#,6760.0,6888.0,6752.0,7314.0,6230.0,2797,23196,6830.0,2,6836.0,1,6844.0,10,6846.0,100,6848.0,10,6852.0,7,6854.0,101,6856.0,10,6860.0,2,6866.0,11,6852.0
SF411,,13:48:45.0#,6760.0,6888.0,6752.0,7314.0,6230.0,2797,23196,6830.0,2,6836.0,1,6844.0,10,6846.0,90,6848.0,21,6852.0,2,6854.0,111,6860.0,2,6866.0,11,6870.0,10,6852.0
SF411,,13:48:48.0#,6760.0,6888.0,6752.0,7314.0,6230.0,2797,23196,6830.0,2,6836.0,1,6844.0,10,6846.0,100,6848.0,11,6852.0,7,6854.0,111,6860.0,2,6866.0,11,6870.0,10,6852.0
SF411,,13:48:49.250#,6760.0,6888.0,6752.0,7314.0,6230.0,2797,23196,6830.0,2,6836.0,1,6844.0,10,6846.0,100,6848.0,6,6852.0,7,6854.0,111,6860.0,2,6866.0,11,6870.0,10,6852.0
SF411,,13:48:49.500#,6760.0,6888.0,6752.0,7314.0,6230.0,2797,23196,6830.0,2,6836.0,1,6844.0,10,6846.0,100,6848.0,11,6852.0,7,6854.0,111,6860.0,2,6866.0,11,6870.0,10,6852.0
SF411,,13:48:50.0#,6760.0,6888.0,6752.0,7314.0,6230.0,2800,23196,6826.0,10,6830.0,2,6836.0,1,6846.0,90,6848.0,2,6850.0,1,6852.0,6,6854.0,91,6860.0,2,6866.0,11,6848.0
SF411,,13:48:50.250#,6760.0,6888.0,6752.0,7314.0,6230.0,2800,23196,6836.0,1,6840.0,10,6842.0,10,6844.0,30,6846.0,61,6848.0,16,6850.0,11,6852.0,1,6854.0,91,6860.0,2,6848.0
SF411,,13:48:50.500#,6760.0,6888.0,6752.0,7314.0,6230.0,2800,23196,6834.0,10,6836.0,1,6842.0,20,6844.0,70,6846.0,11,6848.0,7,6850.0,11,6852.0,50,6854.0,51,6860.0,2,6848.0
SF411,,13:48:50.750#,6760.0,6888.0,6752.0,7314.0,6230.0,2800,23196,6830.0,2,6836.0,1,6842.0,30,6844.0,70,6846.0,11,6848.0,7,6850.0,11,6852.0,60,6854.0,41,6860.0,2,6848.0
SF411,,13:48:51.0#,6760.0,6888.0,6752.0,7314.0,6230.0,2800,23196,6830.0,2,6836.0,1,6842.0,30,6844.0,80,6846.0,1,6848.0,7,6850.0,11,6852.0,80,6854.0,21,6860.0,2,6848.0
SF411,,13:48:51.250#,6760.0,6888.0,6752.0,7314.0,6230.0,2800,23196,6826.0,10,6830.0,2,6836.0,1,6842.0,70,6844.0,46,6848.0,8,6850.0,41,6852.0,70,6854.0,1,6860.0,2,6848.0
SF411,,13:48:51.500#,6760.0,6888.0,6752.0,7314.0,6230.0,2800,23196,6830.0,2,6836.0,1,6840.0,10,6842.0,90,6844.0,11,6848.0,18,6850.0,51,6852.0,50,6854.0,1,6860.0,2,6848.0
SF411,,13:48:51.750#,6760.0,6888.0,6752.0,7314.0,6230.0,2800,23196,6830.0,2,6836.0,1,6840.0,10,6842.0,90,6844.0,11,6848.0,18,6850.0,61,6852.0,40,6854.0,1,6860.0,2,6848.0
SF411,,13:48:52.0#,6760.0,6888.0,6752.0,7314.0,6230.0,2800,23196,6830.0,2,6836.0,1,6840.0,10,6842.0,90,6844.0,11,6848.0,18,6850.0,71,6852.0,30,6854.0,1,6860.0,2,6848.0
SF411,,13:48:52.250#,6760.0,6888.0,6752.0,7314.0,6230.0,2800,23196,6830.0,2,6836.0,1,6840.0,10,6842.0,90,6844.0,11,6848.0,18,6850.0,91,6852.0,10,6854.0,1,6860.0,2,6848.0
SF411,,13:48:53.0#,6760.0,6888.0,6752.0,7314.0,6230.0,2800,23196,6830.0,2,6836.0,1,6840.0,20,6842.0,90,6844.0,1,6848.0,18,6850.0,101,6854.0,1,6860.0,2,6866.0,11,6848.0
SF411,,13:48:54.750#,6760.0,6888.0,6752.0,7314.0,6230.0,2800,23196,6830.0,2,6836.0,1,6840.0,10,6842.0,100,6844.0,1,6848.0,18,6850.0,101,6854.0,1,6860.0,2,6866.0,11,6848.0
SF411,,13:48:55.500#,6760.0,6888.0,6752.0,7314.0,6230.0,2800,23196,6830.0,2,6836.0,1,6840.0,10,6842.0,100,6844.0,6,6848.0,8,6850.0,111,6854.0,1,6860.0,2,6866.0,11,6848.0
SF411,,13:48:55.750#,6760.0,6888.0,6752.0,7314.0,6230.0,2800,23196,6830.0,2,6836.0,1,6840.0,10,6842.0,100,6844.0,1,6848.0,8,6850.0,111,6854.0,1,6860.0,2,6866.0,11,6848.0
SF411,,13:48:56.0#,6760.0,6888.0,6752.0,7314.0,6230.0,2800,23196,6830.0,2,6836.0,1,6840.0,10,6842.0,100,6846.0,1,6848.0,8,6850.0,111,6854.0,1,6860.0,2,6866.0,11,6848.0
SF411,,13:48:56.250#,6760.0,6888.0,6752.0,7314.0,6230.0,2800,23196,6826.0,10,6830.0,2,6836.0,1,6842.0,110,6846.0,1,6848.0,8,6850.0,101,6852.0,10,6854.0,1,6860.0,2,6848.0
SF411,,13:48:57.750#,6760.0,6888.0,6752.0,7314.0,6230.0,2800,23196,6826.0,10,6830.0,2,6836.0,1,6842.0,110,6844.0,1,6848.0,8,6850.0,101,6852.0,10,6854.0,1,6860.0,2,6848.0
SF411,,13:48:58.0#,6760.0,6888.0,6752.0,7314.0,6230.0,2800,23196,6830.0,2,6836.0,1,6840.0,10,6842.0,100,6844.0,1,6848.0,8,6850.0,111,6854.0,1,6860.0,2,6866.0,11,6848.0
SF411,,13:48:58.250#,6760.0,6888.0,6752.0,7314.0,6230.0,2800,23196,6830.0,2,6836.0,1,6840.0,10,6842.0,100,6844.0,1,6846.0,1,6848.0,16,6850.0,101,6854.0,1,6860.0,2,6848.0
SF411,,13:48:58.500#,6760.0,6888.0,6752.0,7314.0,6230.0,2800,23196,6830.0,2,6836.0,1,6840.0,10,6842.0,100,6844.0,1,6846.0,2,6848.0,16,6850.0,100,6854.0,2,6860.0,2,6848.0
SF411,,13:48:58.750#,6760.0,6888.0,6752.0,7314.0,6230.0,2800,23196,6830.0,2,6836.0,1,6840.0,50,6842.0,60,6844.0,1,6846.0,2,6848.0,46,6850.0,70,6854.0,2,6860.0,2,6848.0
SF411,,13:48:59.0#,6760.0,6888.0,6752.0,7314.0,6230.0,2800,23196,6830.0,12,6836.0,1,6840.0,80,6842.0,20,6844.0,1,6846.0,2,6848.0,56,6850.0,50,6854.0,2,6860.0,12,6848.0
SF411,,13:48:59.250#,6760.0,6888.0,6752.0,7314.0,6230.0,2800,23196,6830.0,2,6836.0,1,6840.0,90,6842.0,20,6844.0,1,6846.0,2,6848.0,56,6850.0,60,6854.0,2,6860.0,2,6848.0
SF411,,13:48:59.500#,6760.0,6888.0,6752.0,7314.0,6230.0,2800,23196,6830.0,2,6836.0,1,6840.0,90,6842.0,20,6844.0,1,6846.0,2,6848.0,56,6850.0,60,6854.0,1,6860.0,2,6848.0
SF411,,13:48:59.750#,6760.0,6888.0,6752.0,7314.0,6230.0,2800,23196,6826.0,10,6830.0,2,6836.0,1,6840.0,90,6842.0,27,6846.0,3,6848.0,66,6850.0,50,6854.0,1,6860.0,2,6848.0
SF411,,13:49:00.0#,6760.0,6888.0,6752.0,7314.0,6230.0,2800,23196,6830.0,2,6836.0,1,6838.0,10,6840.0,100,6842.0,4,6846.0,19,6848.0,71,6850.0,30,6854.0,1,6860.0,2,6848.0
SF411,,13:49:00.250#,6760.0,6888.0,6752.0,7314.0,6230.0,2800,23196,6826.0,10,6830.0,2,6836.0,1,6840.0,110,6842.0,1,6844.0,1,6846.0,17,6848.0,81,6850.0,20,6854.0,1,6848.0
SF411,,13:49:00.500#,6760.0,6888.0,6752.0,7314.0,6230.0,2800,23196,6826.0,10,6830.0,2,6836.0,1,6838.0,10,6840.0,106,6844.0,2,6846.0,17,6848.0,90,6850.0,10,6854.0,1,6848.0
SF411,,13:49:00.750#,6760.0,6888.0,6752.0,7314.0,6230.0,2800,23196,6830.0,2,6836.0,11,6838.0,80,6840.0,25,6842.0,1,6844.0,7,6846.0,62,6848.0,40,6850.0,10,6854.0,1,6848.0
SF411,,13:49:01.0#,6760.0,6888.0,6752.0,7314.0,6230.0,2800,23196,6826.0,10,6830.0,2,6836.0,1,6838.0,80,6840.0,41,6844.0,2,6846.0,52,6848.0,50,6850.0,10,6854.0,1,6848.0
SF411,,13:49:01.250#,6760.0,6888.0,6752.0,7314.0,6230.0,2800,23196,6826.0,10,6830.0,2,6836.0,21,6838.0,80,6840.0,16,6844.0,7,6846.0,82,6848.0,20,6850.0,10,6854.0,1,6848.0
SF411,,13:49:01.500#,6760.0,6888.0,6752.0,7314.0,6230.0,2800,23196,6830.0,2,6836.0,11,6838.0,90,6840.0,15,6842.0,1,6844.0,2,6846.0,102,6850.0,10,6854.0,1,6860.0,2,6848.0
SF411,,13:49:01.750#,6760.0,6888.0,6752.0,7314.0,6230.0,2801,23197,6830.0,2,6836.0,1,6838.0,80,6840.0,20,6842.0,5,6844.0,2,6846.0,72,6848.0,30,6854.0,1,6860.0,2,6844.0
SF411,,13:49:02.0#,6760.0,6888.0,6752.0,7314.0,6230.0,2804,23198,6830.0,2,6836.0,1,6838.0,60,6840.0,40,6842.0,15,6844.0,1,6846.0,32,6848.0,70,6850.0,10,6854.0,1,6844.0
SF411,,13:49:02.250#,6760.0,6888.0,6752.0,7314.0,6230.0,2804,23198,6830.0,2,6836.0,1,6838.0,40,6840.0,60,6842.0,5,6844.0,1,6846.0,22,6848.0,80,6854.0,1,6858.0,10,6844.0
SF411,,13:49:02.500#,6760.0,6888.0,6752.0,7314.0,6230.0,2804,23198,6830.0,2,6836.0,1,6838.0,50,6840.0,60,6842.0,5,6844.0,1,6846.0,12,6848.0,100,6854.0,1,6860.0,2,6844.0
SF411,,13:49:02.750#,6760.0,6888.0,6752.0,7314.0,6230.0,2804,23198,6830.0,2,6836.0,1,6838.0,40,6840.0,70,6842.0,5,6844.0,1,6846.0,2,6848.0,110,6854.0,1,6860.0,2,6844.0
SF411,,13:49:03.0#,6760.0,6888.0,6752.0,7314.0,6230.0,2804,23198,6826.0,10,6830.0,2,6836.0,1,6838.0,30,6840.0,90,6844.0,1,6846.0,2,6848.0,110,6854.0,1,6860.0,2,6844.0
SF411,,13:49:03.250#,6760.0,6888.0,6752.0,7314.0,6230.0,2804,23198,6826.0,10,6830.0,2,6836.0,11,6838.0,40,6840.0,60,6844.0,1,6846.0,52,6848.0,60,6854.0,1,6860.0,2,6844.0
SF411,,13:49:03.750#,6760.0,6888.0,6752.0,7314.0,6230.0,2804,23198,6826.0,10,6830.0,2,6836.0,11,6838.0,80,6840.0,30,6844.0,1,6846.0,82,6848.0,30,6854.0,1,6860.0,2,6844.0
SF411,,13:49:04.0#,6760.0,6888.0,6752.0,7314.0,6230.0,2804,23198,6826.0,10,6830.0,2,6836.0,11,6838.0,80,6840.0,30,6844.0,2,6846.0,92,6848.0,20,6854.0,1,6860.0,2,6844.0
SF411,,13:49:04.250#,6760.0,6888.0,6752.0,7314.0,6230.0,2804,23198,6826.0,10,6830.0,2,6836.0,11,6838.0,90,6840.0,20,6844.0,7,6846.0,102,6848.0,10,6854.0,1,6860.0,2,6844.0
SF411,,13:49:05.500#,6760.0,6888.0,6752.0,7314.0,6230.0,2804,23198,6826.0,10,6830.0,2,6836.0,11,6838.0,100,6840.0,5,6844.0,17,6846.0,102,6854.0,1,6860.0,2,6866.0,11,6844.0
SF411,,13:49:05.750#,6760.0,6888.0,6752.0,7314.0,6230.0,2804,23198,6826.0,10,6830.0,2,6836.0,1,6838.0,110,6840.0,5,6844.0,17,6846.0,102,6854.0,1,6860.0,2,6866.0,11,6844.0
SF411,,13:49:06.250#,6760.0,6888.0,6752.0,7314.0,6230.0,2804,23198,6826.0,10,6830.0,2,6836.0,1,6838.0,110,6840.0,10,6844.0,17,6846.0,102,6854.0,1,6860.0,2,6866.0,11,6844.0
SF411,,13:49:06.500#,6760.0,6888.0,6752.0,7314.0,6230.0,2804,23198,6826.0,10,6830.0,2,6836.0,1,6838.0,110,6840.0,5,6844.0,17,6846.0,102,6854.0,1,6860.0,2,6866.0,11,6844.0
SF411,,13:49:07.500#,6760.0,6888.0,6752.0,7314.0,6230.0,2804,23198,6826.0,10,6830.0,2,6836.0,1,6838.0,110,6840.0,10,6844.0,7,6846.0,112,6854.0,1,6860.0,2,6866.0,11,6844.0
SF411,,13:49:08.0#,6760.0,6888.0,6752.0,7314.0,6230.0,2804,23198,6826.0,10,6830.0,2,6836.0,1,6838.0,110,6840.0,5,6844.0,7,6846.0,112,6854.0,1,6860.0,2,6866.0,11,6844.0
SF411,,13:49:08.500#,6760.0,6888.0,6752.0,7314.0,6230.0,2804,23198,6826.0,10,6830.0,2,6836.0,1,6838.0,110,6840.0,10,6844.0,7,6846.0,112,6854.0,1,6860.0,2,6866.0,11,6844.0
SF411,,13:49:09.250#,6760.0,6888.0,6752.0,7314.0,6230.0,2804,23198,6826.0,10,6830.0,2,6836.0,1,6838.0,110,6840.0,10,6844.0,8,6846.0,112,6854.0,1,6860.0,2,6866.0,11,6844.0
SF411,,13:49:09.500#,6760.0,6888.0,6752.0,7314.0,6230.0,2804,23198,6826.0,10,6830.0,2,6836.0,21,6838.0,90,6840.0,5,6844.0,18,6846.0,102,6854.0,1,6860.0,2,6866.0,11,6844.0
SF411,,13:49:09.750#,6760.0,6888.0,6752.0,7314.0,6230.0,2804,23198,6826.0,10,6830.0,2,6836.0,11,6838.0,100,6840.0,5,6844.0,18,6846.0,102,6854.0,1,6860.0,2,6866.0,11,6844.0
SF411,,13:49:10.250#,6760.0,6888.0,6752.0,7314.0,6230.0,2804,23198,6826.0,10,6830.0,2,6836.0,11,6838.0,100,6840.0,5,6844.0,18,6846.0,102,6854.0,1,6860.0,2,6866.0,11,6844.0
SF411,,13:49:11.250#,6760.0,6888.0,6752.0,7314.0,6230.0,2804,23198,6826.0,10,6830.0,2,6836.0,11,6838.0,100,6840.0,1,6844.0,18,6846.0,102,6854.0,1,6860.0,2,6866.0,11,6844.0
SF411,,13:49:11.500#,6760.0,6888.0,6752.0,7314.0,6230.0,2804,23198,6824.0,1,6826.0,10,6830.0,2,6836.0,11,6838.0,107,6844.0,18,6846.0,102,6854.0,1,6860.0,2,6866.0,11,6844.0
SF411,,13:49:11.750#,6760.0,6888.0,6752.0,7314.0,6230.0,2804,23198,6824.0,1,6826.0,10,6830.0,2,6836.0,21,6838.0,102,6844.0,18,6846.0,102,6854.0,1,6860.0,2,6866.0,11,6844.0
SF411,,13:49:13.250#,6760.0,6888.0,6752.0,7314.0,6230.0,2804,23198,6824.0,1,6826.0,10,6830.0,2,6836.0,40,6838.0,82,6844.0,28,6846.0,92,6854.0,1,6860.0,2,6866.0,11,6844.0
SF411,,13:49:13.500#,6760.0,6888.0,6752.0,7314.0,6230.0,2804,23198,6824.0,1,6826.0,10,6830.0,2,6836.0,50,6838.0,67,6844.0,28,6846.0,92,6854.0,1,6860.0,2,6866.0,11,6844.0
SF411,,13:49:13.750#,6760.0,6888.0,6752.0,7314.0,6230.0,2804,23198,6824.0,1,6826.0,10,6830.0,2,6836.0,60,6838.0,62,6844.0,28,6846.0,92,6854.0,1,6860.0,2,6866.0,11,6844.0
SF411,,13:49:14.250#,6760.0,6888.0,6752.0,7314.0,6230.0,2804,23198,6824.0,1,6826.0,10,6830.0,2,6836.0,50,6838.0,67,6842.0,1,6844.0,26,6846.0,92,6854.0,1,6860.0,2,6844.0
SF411,,13:49:14.500#,6760.0,6888.0,6752.0,7314.0,6230.0,2804,23198,6824.0,1,6826.0,10,6830.0,2,6836.0,100,6838.0,22,6842.0,7,6844.0,61,6846.0,51,6854.0,1,6860.0,2,6844.0
SF411,,13:49:14.750#,6760.0,6888.0,6752.0,7314.0,6230.0,2804,23198,6824.0,1,6826.0,10,6830.0,2,6836.0,110,6838.0,7,6842.0,7,6844.0,91,6846.0,21,6854.0,1,6860.0,2,6844.0
SF411,,13:49:15.0#,6760.0,6888.0,6752.0,7314.0,6230.0,2804,23198,6824.0,1,6826.0,10,6830.0,2,6836.0,110,6838.0,12,6842.0,7,6844.0,111,6846.0,1,6854.0,1,6860.0,2,6844.0
SF411,,13:49:16.0#,6760.0,6888.0,6752.0,7314.0,6230.0,2804,23198,6826.0,10,6830.0,2,6836.0,110,6838.0,5,6840.0,1,6842.0,6,6844.0,111,6846.0,1,6854.0,1,6860.0,2,6844.0
SF411,,13:49:16.250#,6760.0,6888.0,6752.0,7314.0,6230.0,2804,23198,6826.0,10,6830.0,2,6836.0,110,6838.0,5,6840.0,1,6842.0,6,6844.0,101,6846.0,11,6854.0,1,6860.0,2,6844.0
SF411,,13:49:16.500#,6760.0,6888.0,6752.0,7314.0,6230.0,2805,23197,6826.0,10,6830.0,2,6836.0,110,6838.0,5,6840.0,1,6842.0,7,6844.0,101,6846.0,11,6854.0,1,6860.0,2,6840.0
SF411,,13:49:17.0#,6760.0,6888.0,6752.0,7314.0,6230.0,2805,23197,6826.0,10,6830.0,2,6836.0,110,6838.0,5,6840.0,2,6842.0,6,6844.0,101,6846.0,11,6854.0,1,6860.0,2,6840.0
SF411,,13:49:18.500#,6760.0,6888.0,6752.0,7314.0,6230.0,2805,23197,6826.0,10,6830.0,2,6836.0,110,6838.0,5,6840.0,1,6842.0,7,6844.0,101,6846.0,11,6854.0,1,6860.0,2,6840.0
SF411,,13:49:20.250#,6760.0,6888.0,6752.0,7314.0,6230.0,2805,23197,6826.0,10,6830.0,2,6836.0,110,6838.0,5,6840.0,11,6842.0,7,6844.0,101,6846.0,11,6854.0,1,6860.0,2,6840.0
SF411,,13:49:20.500#,6760.0,6888.0,6752.0,7314.0,6230.0,2805,23197,6826.0,10,6830.0,2,6836.0,70,6838.0,45,6840.0,11,6842.0,7,6844.0,61,6846.0,51,6854.0,1,6860.0,2,6840.0
SF411,,13:49:20.750#,6760.0,6888.0,6752.0,7314.0,6230.0,2805,23197,6826.0,20,6830.0,2,6836.0,60,6838.0,45,6840.0,11,6842.0,6,6844.0,31,6846.0,71,6854.0,1,6856.0,10,6840.0
SF411,,13:49:21.0#,6760.0,6888.0,6752.0,7314.0,6230.0,2805,23197,6826.0,10,6830.0,2,6836.0,40,6838.0,75,6840.0,11,6842.0,1,6844.0,21,6846.0,91,6854.0,1,6860.0,2,6840.0
SF411,,13:49:21.250#,6760.0,6888.0,6752.0,7314.0,6230.0,2805,23197,6826.0,10,6830.0,2,6836.0,10,6838.0,100,6840.0,19,6842.0,1,6844.0,1,6846.0,101,6848.0,10,6854.0,1,6840.0
SF411,,13:49:21.500#,6760.0,6888.0,6752.0,7314.0,6230.0,2805,23197,6826.0,10,6830.0,2,6836.0,10,6838.0,100,6840.0,14,6842.0,1,6844.0,1,6846.0,101,6848.0,10,6854.0,1,6840.0
SF411,,13:49:21.750#,6760.0,6888.0,6752.0,7314.0,6230.0,2805,23197,6824.0,1,6826.0,10,6830.0,2,6838.0,110,6840.0,19,6842.0,1,6844.0,1,6846.0,101,6848.0,10,6854.0,1,6840.0
SF411,,13:49:22.0#,6760.0,6888.0,6752.0,7314.0,6230.0,2805,23197,6824.0,1,6826.0,10,6830.0,2,6838.0,100,6840.0,29,6842.0,1,6844.0,1,6846.0,101,6848.0,10,6854.0,1,6840.0
SF411,,13:49:22.750#,6760.0,6888.0,6752.0,7314.0,6230.0,2805,23197,6824.0,1,6826.0,10,6830.0,2,6838.0,110,6840.0,19,6842.0,1,6844.0,1,6846.0,111,6854.0,1,6860.0,2,6840.0
SF411,,13:49:23.750#,6760.0,6888.0,6752.0,7314.0,6230.0,2806,23196,6824.0,1,6826.0,10,6830.0,2,6838.0,110,6840.0,18,6844.0,1,6846.0,111,6854.0,1,6860.0,2,6866.0,11,6842.0
SF411,,13:49:24.0#,6760.0,6888.0,6752.0,7314.0,6230.0,2806,23196,6824.0,1,6826.0,10,6830.0,2,6838.0,110,6840.0,18,6844.0,6,6846.0,111,6854.0,1,6860.0,2,6866.0,11,6842.0
SF411,,13:49:24.250#,6760.0,6888.0,6752.0,7314.0,6230.0,2806,23196,6826.0,10,6830.0,2,6838.0,110,6840.0,6,6842.0,1,6844.0,5,6846.0,111,6854.0,1,6860.0,2,6866.0,11,6842.0
SF411,,13:49:24.500#,6760.0,6888.0,6752.0,7314.0,6230.0,2806,23196,6826.0,10,6830.0,2,6838.0,100,6840.0,16,6842.0,3,6844.0,5,6846.0,101,6848.0,10,6854.0,1,6860.0,2,6842.0
SF411,,13:49:24.750#,6760.0,6888.0,6752.0,7314.0,6230.0,2806,23196,6826.0,10,6830.0,2,6838.0,110,6840.0,6,6842.0,3,6844.0,5,6846.0,101,6848.0,10,6854.0,1,6860.0,2,6842.0
SF411,,13:49:25.250#,6760.0,6888.0,6752.0,7314.0,6230.0,2806,23196,6826.0,10,6830.0,2,6838.0,90,6840.0,26,6842.0,3,6846.0,87,6848.0,30,6854.0,1,6860.0,2,6866.0,11,6842.0
SF411,,13:49:25.500#,6760.0,6888.0,6752.0,7314.0,6230.0,2806,23196,6826.0,10,6830.0,2,6838.0,60,6840.0,56,6842.0,3,6846.0,57,6848.0,60,6854.0,1,6860.0,2,6866.0,11,6842.0
SF411,,13:49:25.750#,6760.0,6888.0,6752.0,7314.0,6230.0,2806,23196,6826.0,10,6830.0,2,6838.0,40,6840.0,71,6842.0,8,6846.0,26,6848.0,90,6854.0,1,6860.0,2,6866.0,11,6842.0
SF411,,13:49:26.0#,6760.0,6888.0,6752.0,7314.0,6230.0,2806,23196,6826.0,10,6830.0,2,6838.0,20,6840.0,91,6842.0,8,6846.0,6,6848.0,110,6854.0,1,6860.0,2,6866.0,11,6842.0
SF411,,13:49:26.750#,6760.0,6888.0,6752.0,7314.0,6230.0,2806,23196,6826.0,10,6830.0,2,6838.0,10,6840.0,101,6842.0,8,6846.0,6,6848.0,110,6854.0,1,6860.0,2,6866.0,11,6842.0
SF411,,13:49:28.500#,6760.0,6888.0,6752.0,7314.0,6230.0,2806,23196,6826.0,10,6830.0,2,6838.0,10,6840.0,101,6842.0,8,6846.0,6,6848.0,100,6850.0,10,6854.0,1,6860.0,2,6842.0
SF411,,13:49:28.750#,6760.0,6888.0,6752.0,7314.0,6230.0,2806,23196,6830.0,2,6838.0,10,6840.0,81,6842.0,25,6844.0,3,6846.0,1,6848.0,100,6850.0,10,6854.0,1,6860.0,2,6842.0
SF411,,13:49:29.0#,6760.0,6888.0,6752.0,7314.0,6230.0,2806,23196,6826.0,10,6830.0,2,6840.0,61,6842.0,50,6844.0,8,6846.0,1,6848.0,30,6850.0,80,6854.0,1,6860.0,2,6842.0
SF411,,13:49:29.250#,6760.0,6888.0,6752.0,7314.0,6230.0,2806,23196,6826.0,10,6830.0,12,6840.0,41,6842.0,60,6844.0,3,6846.0,1,6850.0,100,6854.0,1,6860.0,12,6866.0,11,6842.0
SF411,,13:49:29.750#,6760.0,6888.0,6752.0,7314.0,6230.0,2806,23196,6826.0,10,6830.0,12,6840.0,31,6842.0,70,6844.0,3,6846.0,1,6850.0,100,6854.0,1,6860.0,12,6866.0,11,6842.0
