InstrumentId,ExchangeId,Datetime,OpenPrice,HighestPrice,LowestPrice,UpperLimitPrice,LowerLimitPrice,Volume,OpenInterest,BidPrice5,BidVolume5,BidPrice4,BidVolume4,BidPrice3,BidVolume3,BidPrice2,BidVolume2,BidPrice1,BidVolume1,AskPrice1,AskVolume1,AskPrice2,AskVolume2,AskPrice3,AskVolume3,AskPrice4,AskVolume4,AskPrice5,AskVolume5,LastPrice
SF501,,13:38:36.250#,6722.0,6850.0,6712.0,7270.0,6190.0,5461,27086,6796.0,2,6800.0,2,6802.0,1,6806.0,1,6808.0,2,6810.0,2,6812.0,1,6814.0,11,6816.0,2,6818.0,6,6808.0
SF501,,13:38:41.500#,6722.0,6850.0,6712.0,7270.0,6190.0,5461,27086,6796.0,2,6800.0,2,6802.0,1,6806.0,1,6808.0,2,6810.0,6,6812.0,1,6814.0,11,6816.0,2,6818.0,6,6808.0
SF501,,13:38:41.750#,6722.0,6850.0,6712.0,7270.0,6190.0,5461,27086,6796.0,2,6800.0,2,6802.0,1,6806.0,1,6808.0,2,6810.0,3,6812.0,1,6814.0,11,6816.0,2,6818.0,6,6808.0
SF501,,13:38:42.0#,6722.0,6850.0,6712.0,7270.0,6190.0,5463,27086,6794.0,1,6796.0,2,6800.0,2,6802.0,1,6806.0,7,6810.0,2,6812.0,1,6814.0,11,6816.0,2,6818.0,6,6808.0
SF501,,13:38:42.250#,6722.0,6850.0,6712.0,7270.0,6190.0,5463,27086,6794.0,1,6796.0,2,6800.0,2,6802.0,1,6806.0,11,6810.0,2,6812.0,1,6814.0,11,6816.0,2,6818.0,6,6808.0
SF501,,13:38:42.500#,6722.0,6850.0,6712.0,7270.0,6190.0,5463,27086,6794.0,1,6796.0,2,6800.0,2,6802.0,1,6806.0,11,6808.0,2,6810.0,2,6812.0,1,6814.0,11,6816.0,2,6808.0
SF501,,13:38:43.0#,6722.0,6850.0,6712.0,7270.0,6190.0,5464,27085,6794.0,1,6796.0,2,6800.0,2,6802.0,1,6806.0,6,6808.0,1,6810.0,2,6812.0,1,6814.0,11,6816.0,2,6808.0
SF501,,13:38:43.250#,6722.0,6850.0,6712.0,7270.0,6190.0,5466,27087,6794.0,1,6796.0,2,6800.0,2,6802.0,1,6806.0,4,6808.0,1,6810.0,2,6812.0,1,6814.0,11,6816.0,2,6806.0
SF501,,13:38:44.0#,6722.0,6850.0,6712.0,7270.0,6190.0,5466,27087,6794.0,1,6796.0,2,6800.0,2,6802.0,1,6806.0,4,6808.0,1,6810.0,2,6812.0,1,6814.0,11,6816.0,2,6806.0
SF501,,13:38:44.750#,6722.0,6850.0,6712.0,7270.0,6190.0,5466,27087,6794.0,1,6796.0,2,6800.0,2,6802.0,1,6806.0,4,6810.0,3,6812.0,1,6814.0,11,6816.0,2,6818.0,6,6806.0
SF501,,13:38:45.250#,6722.0,6850.0,6712.0,7270.0,6190.0,5466,27087,6794.0,1,6796.0,2,6800.0,2,6802.0,1,6806.0,5,6810.0,2,6812.0,1,6814.0,11,6816.0,2,6818.0,6,6806.0
SF501,,13:38:45.750#,6722.0,6850.0,6712.0,7270.0,6190.0,5466,27087,6794.0,1,6796.0,2,6800.0,2,6802.0,1,6806.0,5,6810.0,4,6812.0,1,6814.0,11,6816.0,2,6818.0,6,6806.0
SF501,,13:38:47.250#,6722.0,6850.0,6712.0,7270.0,6190.0,5466,27087,6794.0,1,6796.0,2,6800.0,2,6802.0,1,6806.0,5,6808.0,1,6810.0,4,6812.0,1,6814.0,11,6816.0,2,6806.0
SF501,,13:38:48.500#,6722.0,6850.0,6712.0,7270.0,6190.0,5466,27087,6794.0,1,6796.0,2,6800.0,2,6802.0,1,6806.0,10,6808.0,1,6810.0,4,6812.0,1,6814.0,11,6816.0,2,6806.0
SF501,,13:38:49.0#,6722.0,6850.0,6712.0,7270.0,6190.0,5466,27087,6794.0,1,6796.0,2,6800.0,2,6802.0,1,6806.0,13,6808.0,1,6810.0,4,6812.0,1,6814.0,11,6816.0,2,6806.0
SF501,,13:38:49.250#,6722.0,6850.0,6712.0,7270.0,6190.0,5466,27087,6794.0,1,6796.0,2,6800.0,2,6802.0,1,6806.0,10,6808.0,1,6810.0,4,6812.0,1,6814.0,11,6816.0,2,6806.0
SF501,,13:38:49.500#,6722.0,6850.0,6712.0,7270.0,6190.0,5466,27087,6794.0,1,6796.0,2,6800.0,2,6802.0,1,6806.0,10,6810.0,5,6812.0,1,6814.0,11,6816.0,2,6818.0,6,6806.0
SF501,,13:38:50.500#,6722.0,6850.0,6712.0,7270.0,6190.0,5466,27087,6794.0,1,6796.0,2,6800.0,2,6802.0,1,6806.0,13,6810.0,5,6812.0,1,6814.0,11,6816.0,2,6818.0,6,6806.0
SF501,,13:38:52.0#,6722.0,6850.0,6712.0,7270.0,6190.0,5466,27087,6794.0,1,6796.0,2,6800.0,2,6802.0,1,6806.0,10,6810.0,5,6812.0,1,6814.0,11,6816.0,2,6818.0,6,6806.0
SF501,,13:38:53.0#,6722.0,6850.0,6712.0,7270.0,6190.0,5466,27087,6794.0,1,6796.0,2,6800.0,2,6802.0,1,6806.0,10,6810.0,4,6812.0,1,6814.0,11,6816.0,2,6818.0,6,6806.0
SF501,,13:38:53.750#,6722.0,6850.0,6712.0,7270.0,6190.0,5468,27087,6794.0,1,6796.0,2,6800.0,2,6802.0,1,6806.0,11,6810.0,4,6812.0,1,6814.0,11,6816.0,2,6818.0,6,6806.0
SF501,,13:38:54.250#,6722.0,6850.0,6712.0,7270.0,6190.0,5468,27087,6794.0,1,6796.0,2,6800.0,2,6802.0,1,6806.0,8,6810.0,4,6812.0,1,6814.0,11,6816.0,2,6818.0,6,6806.0
SF501,,13:38:55.500#,6722.0,6850.0,6712.0,7270.0,6190.0,5473,27083,6794.0,1,6796.0,2,6800.0,2,6802.0,1,6806.0,4,6810.0,9,6812.0,1,6814.0,11,6816.0,2,6818.0,6,6806.0
SF501,,13:38:56.250#,6722.0,6850.0,6712.0,7270.0,6190.0,5473,27083,6794.0,1,6796.0,2,6800.0,2,6802.0,1,6806.0,4,6810.0,11,6812.0,1,6814.0,11,6816.0,2,6818.0,6,6806.0
SF501,,13:39:00.500#,6722.0,6850.0,6712.0,7270.0,6190.0,5473,27083,6794.0,1,6796.0,2,6800.0,2,6802.0,1,6808.0,2,6810.0,11,6812.0,1,6814.0,11,6816.0,2,6818.0,6,6806.0
SF501,,13:39:01.250#,6722.0,6850.0,6712.0,7270.0,6190.0,5473,27083,6794.0,1,6796.0,2,6800.0,2,6802.0,1,6808.0,3,6810.0,11,6812.0,1,6814.0,11,6816.0,2,6818.0,6,6806.0
SF501,,13:39:03.500#,6722.0,6850.0,6712.0,7270.0,6190.0,5475,27085,6794.0,1,6796.0,2,6800.0,2,6802.0,1,6808.0,1,6810.0,11,6812.0,1,6814.0,11,6816.0,2,6818.0,6,6806.0
SF501,,13:39:06.500#,6722.0,6850.0,6712.0,7270.0,6190.0,5475,27085,6794.0,1,6796.0,2,6800.0,2,6802.0,1,6808.0,1,6810.0,13,6812.0,1,6814.0,11,6816.0,2,6818.0,6,6806.0
SF501,,13:39:06.750#,6722.0,6850.0,6712.0,7270.0,6190.0,5475,27085,6796.0,2,6800.0,2,6802.0,1,6806.0,1,6808.0,1,6810.0,13,6812.0,1,6814.0,11,6816.0,2,6818.0,6,6806.0
SF501,,13:39:10.750#,6722.0,6850.0,6712.0,7270.0,6190.0,5475,27085,6794.0,1,6796.0,2,6800.0,2,6802.0,1,6806.0,3,6810.0,13,6812.0,1,6814.0,11,6816.0,2,6818.0,6,6806.0
SF501,,13:39:12.500#,6722.0,6850.0,6712.0,7270.0,6190.0,5475,27085,6794.0,1,6796.0,2,6800.0,2,6802.0,1,6806.0,3,6810.0,14,6812.0,1,6814.0,11,6816.0,2,6818.0,6,6806.0
SF501,,13:39:13.0#,6722.0,6850.0,6712.0,7270.0,6190.0,5475,27085,6794.0,1,6796.0,2,6800.0,2,6802.0,1,6806.0,3,6810.0,13,6812.0,1,6814.0,11,6816.0,2,6818.0,6,6806.0
SF501,,13:39:17.0#,6722.0,6850.0,6712.0,7270.0,6190.0,5475,27085,6796.0,2,6800.0,2,6802.0,1,6806.0,1,6808.0,1,6810.0,13,6812.0,1,6814.0,11,6816.0,2,6818.0,6,6806.0
SF501,,13:39:17.500#,6722.0,6850.0,6712.0,7270.0,6190.0,5475,27085,6794.0,1,6796.0,2,6800.0,2,6802.0,1,6806.0,3,6810.0,13,6812.0,1,6814.0,11,6816.0,2,6818.0,6,6806.0
SF501,,13:39:18.0#,6722.0,6850.0,6712.0,7270.0,6190.0,5475,27085,6794.0,1,6796.0,2,6800.0,2,6802.0,1,6806.0,3,6810.0,13,6812.0,1,6814.0,11,6816.0,2,6818.0,6,6806.0
SF501,,13:39:20.0#,6722.0,6850.0,6712.0,7270.0,6190.0,5475,27085,6794.0,1,6796.0,2,6800.0,2,6802.0,1,6806.0,3,6810.0,14,6812.0,1,6814.0,11,6816.0,2,6818.0,6,6806.0
SF501,,13:39:24.0#,6722.0,6850.0,6712.0,7270.0,6190.0,5475,27085,6794.0,1,6796.0,2,6800.0,2,6802.0,1,6806.0,3,6810.0,13,6812.0,1,6814.0,11,6816.0,2,6818.0,6,6806.0
SF501,,13:39:24.500#,6722.0,6850.0,6712.0,7270.0,6190.0,5475,27085,6796.0,2,6800.0,2,6802.0,1,6806.0,1,6808.0,1,6810.0,13,6812.0,1,6814.0,11,6816.0,2,6818.0,6,6806.0
SF501,,13:39:24.750#,6722.0,6850.0,6712.0,7270.0,6190.0,5475,27085,6796.0,2,6800.0,2,6802.0,1,6806.0,1,6808.0,1,6810.0,14,6812.0,1,6814.0,11,6816.0,2,6818.0,6,6806.0
SF501,,13:39:25.250#,6722.0,6850.0,6712.0,7270.0,6190.0,5475,27085,6796.0,2,6800.0,2,6802.0,1,6806.0,1,6808.0,1,6810.0,14,6812.0,1,6814.0,10,6816.0,2,6818.0,6,6806.0
SF501,,13:39:26.250#,6722.0,6850.0,6712.0,7270.0,6190.0,5475,27085,6794.0,1,6796.0,2,6800.0,2,6802.0,1,6806.0,3,6810.0,14,6812.0,1,6814.0,10,6816.0,2,6818.0,6,6806.0
SF501,,13:39:28.250#,6722.0,6850.0,6712.0,7270.0,6190.0,5475,27085,6794.0,1,6796.0,2,6800.0,2,6802.0,1,6806.0,3,6808.0,1,6810.0,8,6812.0,1,6814.0,10,6816.0,2,6806.0
SF501,,13:39:29.0#,6722.0,6850.0,6712.0,7270.0,6190.0,5475,27085,6794.0,1,6796.0,2,6800.0,2,6802.0,1,6806.0,3,6808.0,1,6810.0,8,6812.0,1,6814.0,10,6816.0,2,6806.0
SF501,,13:39:32.500#,6722.0,6850.0,6712.0,7270.0,6190.0,5475,27085,6794.0,1,6796.0,2,6800.0,2,6802.0,1,6806.0,3,6808.0,2,6810.0,8,6812.0,1,6814.0,10,6816.0,2,6806.0
SF501,,13:39:33.500#,6722.0,6850.0,6712.0,7270.0,6190.0,5475,27085,6794.0,1,6796.0,2,6800.0,2,6802.0,1,6806.0,3,6808.0,1,6810.0,8,6812.0,1,6814.0,10,6816.0,2,6806.0
SF501,,13:39:34.500#,6722.0,6850.0,6712.0,7270.0,6190.0,5476,27085,6794.0,1,6796.0,2,6800.0,2,6802.0,1,6806.0,2,6808.0,1,6810.0,8,6812.0,1,6814.0,10,6816.0,2,6806.0
SF501,,13:39:35.500#,6722.0,6850.0,6712.0,7270.0,6190.0,5476,27085,6794.0,1,6796.0,2,6800.0,2,6802.0,1,6806.0,2,6808.0,3,6810.0,8,6812.0,1,6814.0,10,6816.0,2,6806.0
SF501,,13:39:35.750#,6722.0,6850.0,6712.0,7270.0,6190.0,5476,27085,6794.0,1,6796.0,2,6800.0,2,6802.0,1,6806.0,2,6808.0,1,6810.0,8,6812.0,1,6814.0,10,6816.0,2,6806.0
SF501,,13:39:36.250#,6722.0,6850.0,6712.0,7270.0,6190.0,5476,27085,6794.0,1,6796.0,2,6800.0,2,6802.0,1,6806.0,2,6808.0,13,6810.0,8,6812.0,1,6814.0,10,6816.0,2,6806.0
SF501,,13:39:36.500#,6722.0,6850.0,6712.0,7270.0,6190.0,5476,27085,6794.0,1,6796.0,2,6800.0,2,6802.0,1,6806.0,2,6808.0,18,6810.0,8,6812.0,1,6814.0,10,6816.0,2,6806.0
SF501,,13:39:39.0#,6722.0,6850.0,6712.0,7270.0,6190.0,5476,27085,6794.0,1,6796.0,2,6800.0,2,6802.0,1,6806.0,2,6808.0,14,6810.0,8,6812.0,1,6814.0,10,6816.0,2,6806.0
SF501,,13:39:39.750#,6722.0,6850.0,6712.0,7270.0,6190.0,5476,27085,6794.0,1,6796.0,2,6800.0,2,6802.0,1,6806.0,2,6808.0,15,6810.0,8,6812.0,1,6814.0,10,6816.0,2,6806.0
SF501,,13:39:40.500#,6722.0,6850.0,6712.0,7270.0,6190.0,5476,27085,6794.0,1,6796.0,2,6800.0,2,6802.0,1,6806.0,2,6808.0,13,6810.0,8,6812.0,1,6814.0,10,6816.0,2,6806.0
SF501,,13:39:40.750#,6722.0,6850.0,6712.0,7270.0,6190.0,5476,27085,6794.0,1,6796.0,2,6800.0,2,6802.0,1,6806.0,2,6808.0,15,6810.0,8,6812.0,1,6814.0,10,6816.0,2,6806.0
SF501,,13:39:41.0#,6722.0,6850.0,6712.0,7270.0,6190.0,5476,27085,6794.0,1,6796.0,2,6800.0,2,6802.0,1,6806.0,2,6808.0,2,6810.0,8,6812.0,1,6814.0,10,6816.0,2,6806.0
SF501,,13:39:42.250#,6722.0,6850.0,6712.0,7270.0,6190.0,5476,27085,6796.0,2,6800.0,2,6802.0,1,6804.0,1,6806.0,1,6808.0,2,6810.0,8,6812.0,1,6814.0,10,6816.0,2,6806.0
SF501,,13:39:42.500#,6722.0,6850.0,6712.0,7270.0,6190.0,5476,27085,6794.0,1,6796.0,2,6800.0,2,6802.0,1,6804.0,2,6808.0,8,6810.0,8,6812.0,1,6814.0,10,6816.0,2,6806.0
SF501,,13:39:42.750#,6722.0,6850.0,6712.0,7270.0,6190.0,5476,27085,6794.0,1,6796.0,2,6800.0,2,6802.0,1,6804.0,2,6808.0,11,6810.0,8,6812.0,1,6814.0,10,6816.0,2,6806.0
SF501,,13:39:43.0#,6722.0,6850.0,6712.0,7270.0,6190.0,5476,27085,6794.0,1,6796.0,2,6800.0,2,6802.0,1,6804.0,2,6808.0,11,6810.0,8,6812.0,2,6814.0,10,6816.0,2,6806.0
SF501,,13:39:44.750#,6722.0,6850.0,6712.0,7270.0,6190.0,5476,27085,6794.0,1,6796.0,2,6800.0,1,6802.0,1,6804.0,2,6808.0,11,6810.0,8,6812.0,2,6814.0,10,6816.0,2,6806.0
SF501,,13:39:45.750#,6722.0,6850.0,6712.0,7270.0,6190.0,5476,27085,6796.0,2,6800.0,1,6802.0,1,6804.0,1,6806.0,1,6808.0,11,6810.0,8,6812.0,2,6814.0,10,6816.0,2,6806.0
SF501,,13:39:46.0#,6722.0,6850.0,6712.0,7270.0,6190.0,5476,27085,6796.0,2,6800.0,1,6802.0,1,6804.0,1,6806.0,1,6808.0,8,6810.0,8,6812.0,2,6814.0,10,6816.0,2,6806.0
SF501,,13:39:47.0#,6722.0,6850.0,6712.0,7270.0,6190.0,5476,27085,6796.0,2,6800.0,1,6802.0,1,6804.0,1,6806.0,1,6808.0,11,6810.0,8,6812.0,2,6814.0,10,6816.0,2,6806.0
SF501,,13:39:47.250#,6722.0,6850.0,6712.0,7270.0,6190.0,5476,27085,6796.0,2,6800.0,1,6802.0,1,6804.0,1,6806.0,1,6808.0,8,6810.0,8,6812.0,2,6814.0,10,6816.0,2,6806.0
SF501,,13:39:49.250#,6722.0,6850.0,6712.0,7270.0,6190.0,5476,27085,6796.0,2,6800.0,1,6802.0,1,6804.0,1,6806.0,1,6808.0,11,6810.0,8,6812.0,2,6814.0,10,6816.0,2,6806.0
SF501,,13:39:50.0#,6722.0,6850.0,6712.0,7270.0,6190.0,5477,27085,6796.0,2,6800.0,1,6802.0,1,6804.0,1,6806.0,1,6808.0,10,6810.0,8,6812.0,2,6814.0,10,6816.0,2,6808.0
SF501,,13:39:50.500#,6722.0,6850.0,6712.0,7270.0,6190.0,5477,27085,6796.0,2,6800.0,1,6802.0,1,6804.0,1,6806.0,1,6808.0,8,6810.0,8,6812.0,2,6814.0,10,6816.0,2,6808.0
SF501,,13:39:51.250#,6722.0,6850.0,6712.0,7270.0,6190.0,5477,27085,6796.0,2,6800.0,1,6802.0,1,6804.0,1,6806.0,1,6808.0,10,6810.0,8,6812.0,2,6814.0,10,6816.0,2,6808.0
SF501,,13:40:00.250#,6722.0,6850.0,6712.0,7270.0,6190.0,5478,27085,6794.0,1,6796.0,2,6800.0,1,6802.0,1,6804.0,10,6808.0,4,6810.0,8,6812.0,2,6814.0,10,6816.0,2,6808.0
SF501,,13:40:00.500#,6722.0,6850.0,6712.0,7270.0,6190.0,5479,27086,6796.0,2,6800.0,2,6802.0,1,6804.0,1,6806.0,4,6810.0,11,6812.0,2,6814.0,10,6816.0,2,6818.0,6,6808.0
SF501,,13:40:01.0#,6722.0,6850.0,6712.0,7270.0,6190.0,5479,27086,6796.0,2,6800.0,2,6802.0,1,6804.0,1,6806.0,9,6810.0,11,6812.0,2,6814.0,10,6816.0,2,6818.0,6,6808.0
SF501,,13:40:01.250#,6722.0,6850.0,6712.0,7270.0,6190.0,5479,27086,6796.0,2,6800.0,2,6802.0,1,6804.0,1,6806.0,9,6810.0,8,6812.0,2,6814.0,10,6816.0,2,6818.0,6,6808.0
SF501,,13:40:01.500#,6722.0,6850.0,6712.0,7270.0,6190.0,5480,27085,6796.0,2,6800.0,2,6802.0,1,6804.0,1,6806.0,19,6810.0,8,6812.0,2,6814.0,10,6816.0,2,6818.0,6,6806.0
SF501,,13:40:01.750#,6722.0,6850.0,6712.0,7270.0,6190.0,5480,27085,6796.0,2,6800.0,2,6802.0,1,6804.0,1,6806.0,20,6810.0,8,6812.0,2,6814.0,10,6816.0,2,6818.0,6,6806.0
SF501,,13:40:02.500#,6722.0,6850.0,6712.0,7270.0,6190.0,5480,27085,6796.0,2,6800.0,2,6802.0,1,6804.0,1,6806.0,22,6810.0,8,6812.0,2,6814.0,10,6816.0,2,6818.0,6,6806.0
SF501,,13:40:03.500#,6722.0,6850.0,6712.0,7270.0,6190.0,5480,27085,6796.0,2,6800.0,2,6802.0,1,6804.0,1,6806.0,24,6810.0,8,6812.0,2,6814.0,10,6816.0,2,6818.0,6,6806.0
SF501,,13:40:03.750#,6722.0,6850.0,6712.0,7270.0,6190.0,5480,27085,6796.0,2,6800.0,2,6802.0,1,6804.0,1,6806.0,26,6810.0,8,6812.0,2,6814.0,10,6816.0,2,6818.0,6,6806.0
SF501,,13:40:04.0#,6722.0,6850.0,6712.0,7270.0,6190.0,5481,27086,6796.0,2,6800.0,2,6802.0,1,6804.0,1,6806.0,20,6810.0,8,6812.0,2,6814.0,10,6816.0,2,6818.0,6,6810.0
SF501,,13:40:04.250#,6722.0,6850.0,6712.0,7270.0,6190.0,5481,27086,6796.0,2,6800.0,2,6802.0,1,6804.0,1,6806.0,12,6810.0,8,6812.0,2,6814.0,10,6816.0,2,6818.0,6,6810.0
SF501,,13:40:04.750#,6722.0,6850.0,6712.0,7270.0,6190.0,5481,27086,6796.0,2,6800.0,2,6802.0,1,6804.0,1,6806.0,12,6810.0,7,6812.0,2,6814.0,10,6816.0,2,6818.0,6,6810.0
SF501,,13:40:06.0#,6722.0,6850.0,6712.0,7270.0,6190.0,5481,27086,6796.0,2,6800.0,2,6802.0,1,6804.0,1,6806.0,16,6810.0,7,6812.0,2,6814.0,10,6816.0,2,6818.0,6,6810.0
SF501,,13:40:06.250#,6722.0,6850.0,6712.0,7270.0,6190.0,5482,27086,6796.0,2,6800.0,2,6802.0,1,6804.0,1,6806.0,15,6810.0,7,6812.0,2,6814.0,10,6816.0,2,6818.0,6,6806.0
SF501,,13:40:07.250#,6722.0,6850.0,6712.0,7270.0,6190.0,5482,27086,6796.0,2,6800.0,2,6802.0,1,6804.0,1,6806.0,21,6810.0,7,6812.0,2,6814.0,10,6816.0,2,6818.0,6,6806.0
SF501,,13:40:08.750#,6722.0,6850.0,6712.0,7270.0,6190.0,5482,27086,6796.0,2,6800.0,2,6802.0,1,6804.0,1,6806.0,22,6810.0,7,6812.0,2,6814.0,10,6816.0,2,6818.0,6,6806.0
SF501,,13:40:09.250#,6722.0,6850.0,6712.0,7270.0,6190.0,5482,27086,6796.0,2,6800.0,2,6802.0,1,6804.0,1,6806.0,22,6810.0,9,6812.0,2,6814.0,10,6816.0,2,6818.0,6,6806.0
SF501,,13:40:10.250#,6722.0,6850.0,6712.0,7270.0,6190.0,5483,27087,6796.0,2,6800.0,2,6802.0,1,6804.0,1,6806.0,17,6810.0,9,6812.0,2,6814.0,10,6816.0,2,6818.0,6,6806.0
SF501,,13:40:12.250#,6722.0,6850.0,6712.0,7270.0,6190.0,5483,27087,6796.0,2,6800.0,2,6802.0,1,6804.0,1,6806.0,18,6810.0,9,6812.0,2,6814.0,10,6816.0,2,6818.0,6,6806.0
SF501,,13:40:12.500#,6722.0,6850.0,6712.0,7270.0,6190.0,5484,27088,6796.0,2,6800.0,2,6802.0,1,6804.0,1,6806.0,19,6810.0,9,6812.0,2,6814.0,10,6816.0,2,6818.0,6,6806.0
SF501,,13:40:13.500#,6722.0,6850.0,6712.0,7270.0,6190.0,5484,27088,6796.0,2,6800.0,2,6802.0,1,6804.0,1,6806.0,20,6810.0,9,6812.0,2,6814.0,10,6816.0,2,6818.0,6,6806.0
SF501,,13:40:14.250#,6722.0,6850.0,6712.0,7270.0,6190.0,5484,27088,6796.0,2,6800.0,2,6802.0,1,6804.0,1,6806.0,15,6810.0,10,6812.0,2,6814.0,10,6816.0,2,6818.0,6,6806.0
SF501,,13:40:15.500#,6722.0,6850.0,6712.0,7270.0,6190.0,5484,27088,6796.0,2,6800.0,2,6802.0,1,6804.0,1,6806.0,15,6810.0,11,6812.0,2,6814.0,10,6816.0,2,6818.0,6,6806.0
SF501,,13:40:15.750#,6722.0,6850.0,6712.0,7270.0,6190.0,5484,27088,6796.0,2,6800.0,2,6802.0,1,6804.0,1,6808.0,1,6810.0,11,6812.0,2,6814.0,10,6816.0,2,6818.0,6,6806.0
SF501,,13:40:16.0#,6722.0,6850.0,6712.0,7270.0,6190.0,5484,27088,6796.0,2,6800.0,2,6802.0,1,6804.0,1,6808.0,1,6810.0,9,6812.0,2,6814.0,10,6816.0,2,6818.0,6,6806.0
SF501,,13:40:18.750#,6722.0,6850.0,6712.0,7270.0,6190.0,5484,27088,6794.0,1,6796.0,2,6800.0,2,6802.0,1,6808.0,1,6810.0,9,6812.0,2,6814.0,10,6816.0,2,6818.0,6,6806.0
SF501,,13:40:22.250#,6722.0,6850.0,6712.0,7270.0,6190.0,5484,27088,6794.0,1,6796.0,2,6800.0,2,6802.0,1,6808.0,1,6810.0,9,6812.0,2,6814.0,10,6816.0,2,6818.0,6,6806.0
SF501,,13:40:27.500#,6722.0,6850.0,6712.0,7270.0,6190.0,5484,27088,6794.0,1,6796.0,2,6800.0,2,6802.0,1,6808.0,1,6810.0,9,6812.0,2,6814.0,10,6816.0,2,6818.0,6,6806.0
SF501,,13:40:29.0#,6722.0,6850.0,6712.0,7270.0,6190.0,5484,27088,6794.0,1,6796.0,2,6800.0,2,6802.0,1,6808.0,1,6810.0,9,6812.0,2,6814.0,10,6816.0,2,6818.0,6,6806.0
SF501,,13:40:42.0#,6722.0,6850.0,6712.0,7270.0,6190.0,5485,27088,6794.0,1,6796.0,2,6800.0,2,6802.0,1,6806.0,23,6810.0,9,6812.0,2,6814.0,10,6816.0,2,6818.0,6,6808.0
SF501,,13:40:48.750#,6722.0,6850.0,6712.0,7270.0,6190.0,5486,27089,6794.0,1,6796.0,2,6800.0,2,6802.0,1,6806.0,23,6810.0,8,6812.0,2,6814.0,10,6816.0,2,6818.0,6,6810.0
SF501,,13:40:52.0#,6722.0,6850.0,6712.0,7270.0,6190.0,5486,27089,6794.0,1,6796.0,2,6800.0,2,6802.0,1,6806.0,23,6810.0,8,6812.0,2,6814.0,10,6816.0,2,6818.0,6,6810.0
SF501,,13:40:57.500#,6722.0,6850.0,6712.0,7270.0,6190.0,5487,27089,6794.0,1,6796.0,2,6800.0,2,6802.0,1,6806.0,22,6810.0,7,6812.0,2,6814.0,10,6816.0,2,6818.0,6,6810.0
SF501,,13:40:57.750#,6722.0,6850.0,6712.0,7270.0,6190.0,5487,27089,6794.0,1,6796.0,2,6800.0,2,6802.0,1,6806.0,22,6810.0,7,6812.0,1,6814.0,10,6816.0,2,6818.0,6,6810.0
SF501,,13:40:58.0#,6722.0,6850.0,6712.0,7270.0,6190.0,5487,27089,6794.0,1,6796.0,2,6800.0,2,6802.0,1,6808.0,1,6810.0,7,6812.0,1,6814.0,10,6816.0,2,6818.0,6,6810.0
SF501,,13:40:58.250#,6722.0,6850.0,6712.0,7270.0,6190.0,5487,27089,6794.0,1,6796.0,4,6800.0,2,6802.0,1,6808.0,1,6810.0,7,6812.0,1,6814.0,10,6816.0,2,6818.0,6,6810.0
SF501,,13:40:59.0#,6722.0,6850.0,6712.0,7270.0,6190.0,5487,27089,6794.0,1,6796.0,4,6800.0,2,6802.0,1,6806.0,22,6810.0,7,6812.0,1,6814.0,10,6816.0,2,6818.0,6,6810.0
SF501,,13:41:00.750#,6722.0,6850.0,6712.0,7270.0,6190.0,5487,27089,6794.0,1,6796.0,4,6800.0,2,6802.0,1,6808.0,1,6810.0,7,6812.0,1,6814.0,10,6816.0,2,6818.0,6,6810.0
SF501,,13:41:03.0#,6722.0,6850.0,6712.0,7270.0,6190.0,5487,27089,6794.0,1,6796.0,4,6800.0,2,6802.0,1,6806.0,22,6810.0,7,6812.0,1,6814.0,10,6816.0,2,6818.0,6,6810.0
SF501,,13:41:03.250#,6722.0,6850.0,6712.0,7270.0,6190.0,5489,27091,6794.0,1,6796.0,4,6800.0,2,6802.0,1,6806.0,22,6810.0,5,6812.0,1,6814.0,10,6816.0,2,6818.0,6,6810.0
SF501,,13:41:03.750#,6722.0,6850.0,6712.0,7270.0,6190.0,5489,27091,6794.0,1,6796.0,4,6800.0,2,6802.0,1,6808.0,1,6810.0,5,6812.0,1,6814.0,10,6816.0,2,6818.0,6,6810.0
SF501,,13:41:05.250#,6722.0,6850.0,6712.0,7270.0,6190.0,5489,27091,6794.0,1,6796.0,4,6800.0,2,6802.0,1,6806.0,22,6810.0,5,6812.0,1,6814.0,10,6816.0,2,6818.0,6,6810.0
SF501,,13:41:05.500#,6722.0,6850.0,6712.0,7270.0,6190.0,5489,27091,6794.0,1,6796.0,4,6800.0,2,6802.0,1,6808.0,1,6810.0,5,6812.0,1,6814.0,10,6816.0,2,6818.0,6,6810.0
SF501,,13:41:07.0#,6722.0,6850.0,6712.0,7270.0,6190.0,5489,27091,6794.0,1,6796.0,4,6800.0,2,6802.0,1,6808.0,1,6810.0,5,6814.0,10,6816.0,2,6818.0,6,6820.0,8,6810.0
SF501,,13:41:15.500#,6722.0,6850.0,6712.0,7270.0,6190.0,5490,27091,6794.0,1,6796.0,4,6800.0,2,6802.0,1,6806.0,31,6810.0,4,6814.0,10,6816.0,2,6818.0,6,6820.0,8,6810.0
SF501,,13:41:21.0#,6722.0,6850.0,6712.0,7270.0,6190.0,5490,27091,6794.0,1,6796.0,4,6800.0,2,6802.0,1,6808.0,7,6810.0,4,6814.0,10,6816.0,2,6818.0,6,6820.0,8,6810.0
SF501,,13:41:21.250#,6722.0,6850.0,6712.0,7270.0,6190.0,5490,27091,6794.0,1,6796.0,4,6800.0,2,6802.0,1,6808.0,13,6810.0,4,6814.0,10,6816.0,2,6818.0,6,6820.0,8,6810.0
SF501,,13:41:24.0#,6722.0,6850.0,6712.0,7270.0,6190.0,5490,27091,6794.0,1,6796.0,4,6800.0,2,6802.0,1,6808.0,14,6810.0,4,6814.0,10,6816.0,2,6818.0,6,6820.0,8,6810.0
SF501,,13:41:24.500#,6722.0,6850.0,6712.0,7270.0,6190.0,5490,27091,6794.0,1,6796.0,4,6800.0,2,6802.0,1,6808.0,14,6810.0,4,6814.0,10,6816.0,2,6818.0,6,6820.0,8,6810.0
SF501,,13:41:24.750#,6722.0,6850.0,6712.0,7270.0,6190.0,5490,27091,6794.0,1,6796.0,4,6800.0,2,6802.0,1,6808.0,20,6810.0,4,6814.0,10,6816.0,2,6818.0,6,6820.0,8,6810.0
SF501,,13:41:27.250#,6722.0,6850.0,6712.0,7270.0,6190.0,5490,27091,6794.0,1,6796.0,4,6800.0,2,6802.0,1,6808.0,18,6810.0,4,6814.0,10,6816.0,2,6818.0,6,6820.0,8,6810.0
SF501,,13:41:27.500#,6722.0,6850.0,6712.0,7270.0,6190.0,5490,27091,6794.0,1,6796.0,4,6800.0,2,6802.0,1,6808.0,21,6810.0,4,6814.0,10,6816.0,2,6818.0,6,6820.0,8,6810.0
SF501,,13:41:33.750#,6722.0,6850.0,6712.0,7270.0,6190.0,5494,27095,6794.0,1,6796.0,4,6800.0,2,6802.0,1,6810.0,36,6814.0,20,6816.0,2,6818.0,6,6820.0,8,6822.0,2,6810.0
SF501,,13:41:34.750#,6722.0,6850.0,6712.0,7270.0,6190.0,5494,27095,6794.0,1,6796.0,4,6800.0,2,6802.0,1,6810.0,36,6814.0,20,6816.0,1,6818.0,6,6820.0,8,6822.0,2,6810.0
SF501,,13:41:35.0#,6722.0,6850.0,6712.0,7270.0,6190.0,5494,27095,6794.0,1,6796.0,4,6800.0,2,6802.0,1,6810.0,36,6814.0,20,6816.0,1,6818.0,7,6820.0,8,6822.0,2,6810.0
SF501,,13:41:37.500#,6722.0,6850.0,6712.0,7270.0,6190.0,5494,27095,6794.0,1,6796.0,4,6800.0,2,6802.0,1,6810.0,36,6814.0,21,6816.0,1,6818.0,7,6820.0,8,6822.0,2,6810.0
SF501,,13:41:37.750#,6722.0,6850.0,6712.0,7270.0,6190.0,5494,27095,6794.0,1,6796.0,4,6800.0,2,6802.0,1,6810.0,36,6814.0,22,6816.0,1,6818.0,7,6820.0,8,6822.0,2,6810.0
SF501,,13:41:38.250#,6722.0,6850.0,6712.0,7270.0,6190.0,5494,27095,6794.0,1,6796.0,4,6800.0,2,6802.0,1,6810.0,36,6814.0,23,6816.0,1,6818.0,7,6820.0,8,6822.0,2,6810.0
SF501,,13:41:38.750#,6722.0,6850.0,6712.0,7270.0,6190.0,5494,27095,6794.0,1,6796.0,4,6800.0,2,6802.0,1,6810.0,36,6814.0,25,6816.0,1,6818.0,7,6820.0,8,6822.0,2,6810.0
SF501,,13:41:40.0#,6722.0,6850.0,6712.0,7270.0,6190.0,5494,27095,6794.0,1,6796.0,4,6800.0,2,6802.0,1,6810.0,36,6814.0,23,6816.0,1,6818.0,7,6820.0,8,6822.0,2,6810.0
SF501,,13:41:40.250#,6722.0,6850.0,6712.0,7270.0,6190.0,5494,27095,6794.0,1,6796.0,4,6800.0,2,6802.0,1,6810.0,36,6814.0,22,6816.0,1,6818.0,7,6820.0,8,6822.0,2,6810.0
SF501,,13:41:41.250#,6722.0,6850.0,6712.0,7270.0,6190.0,5495,27096,6794.0,1,6796.0,4,6800.0,2,6802.0,1,6810.0,35,6814.0,22,6816.0,1,6818.0,7,6820.0,8,6822.0,2,6810.0
SF501,,13:41:41.750#,6722.0,6850.0,6712.0,7270.0,6190.0,5495,27096,6794.0,1,6796.0,4,6800.0,2,6802.0,1,6810.0,35,6814.0,23,6816.0,1,6818.0,7,6820.0,8,6822.0,2,6810.0
SF501,,13:41:47.750#,6722.0,6850.0,6712.0,7270.0,6190.0,5496,27097,6794.0,1,6796.0,4,6800.0,2,6802.0,1,6810.0,34,6814.0,20,6816.0,1,6818.0,7,6820.0,8,6822.0,2,6810.0
SF501,,13:41:51.0#,6722.0,6850.0,6712.0,7270.0,6190.0,5498,27099,6794.0,1,6796.0,4,6800.0,2,6802.0,1,6810.0,32,6814.0,20,6816.0,1,6818.0,7,6820.0,8,6822.0,2,6810.0
SF501,,13:41:53.500#,6722.0,6850.0,6712.0,7270.0,6190.0,5500,27101,6794.0,1,6796.0,4,6800.0,2,6802.0,1,6810.0,30,6814.0,21,6816.0,1,6818.0,7,6820.0,8,6822.0,2,6810.0
SF501,,13:41:54.250#,6722.0,6850.0,6712.0,7270.0,6190.0,5500,27101,6794.0,1,6796.0,4,6800.0,2,6802.0,1,6812.0,2,6814.0,20,6816.0,1,6818.0,7,6820.0,8,6822.0,2,6810.0
SF501,,13:41:54.750#,6722.0,6850.0,6712.0,7270.0,6190.0,5500,27101,6794.0,1,6796.0,4,6800.0,2,6802.0,1,6812.0,2,6814.0,19,6816.0,1,6818.0,7,6820.0,8,6822.0,2,6810.0
SF501,,13:41:56.500#,6722.0,6850.0,6712.0,7270.0,6190.0,5504,27105,6794.0,1,6796.0,4,6800.0,2,6802.0,1,6810.0,29,6814.0,15,6816.0,1,6818.0,7,6820.0,8,6822.0,2,6810.0
SF501,,13:41:58.250#,6722.0,6850.0,6712.0,7270.0,6190.0,5509,27110,6794.0,1,6796.0,4,6800.0,2,6802.0,1,6810.0,25,6814.0,19,6816.0,1,6818.0,8,6820.0,8,6822.0,2,6814.0
SF501,,13:41:59.250#,6722.0,6850.0,6712.0,7270.0,6190.0,5509,27110,6794.0,1,6796.0,4,6800.0,2,6802.0,1,6810.0,25,6814.0,17,6816.0,1,6818.0,8,6820.0,8,6822.0,2,6814.0
SF501,,13:41:59.500#,6722.0,6850.0,6712.0,7270.0,6190.0,5509,27110,6794.0,1,6796.0,4,6800.0,2,6802.0,1,6810.0,25,6814.0,19,6816.0,1,6818.0,8,6820.0,8,6822.0,2,6814.0
SF501,,13:42:00.0#,6722.0,6850.0,6712.0,7270.0,6190.0,5509,27110,6794.0,1,6796.0,4,6800.0,2,6802.0,1,6810.0,25,6814.0,17,6816.0,1,6818.0,8,6820.0,8,6822.0,2,6814.0
SF501,,13:42:02.250#,6722.0,6850.0,6712.0,7270.0,6190.0,5509,27110,6794.0,1,6796.0,4,6800.0,2,6802.0,1,6810.0,41,6814.0,15,6816.0,1,6818.0,7,6820.0,8,6822.0,2,6814.0
SF501,,13:42:02.500#,6722.0,6850.0,6712.0,7270.0,6190.0,5509,27110,6794.0,1,6796.0,4,6800.0,2,6802.0,1,6810.0,41,6814.0,18,6816.0,1,6818.0,8,6820.0,8,6822.0,2,6814.0
SF501,,13:42:04.250#,6722.0,6850.0,6712.0,7270.0,6190.0,5509,27110,6794.0,1,6796.0,4,6800.0,2,6802.0,1,6810.0,43,6814.0,18,6816.0,1,6818.0,8,6820.0,8,6822.0,2,6814.0
SF501,,13:42:15.750#,6722.0,6850.0,6712.0,7270.0,6190.0,5509,27110,6794.0,1,6796.0,4,6800.0,2,6802.0,1,6812.0,2,6814.0,19,6816.0,1,6818.0,8,6820.0,8,6822.0,2,6814.0
SF501,,13:42:16.0#,6722.0,6850.0,6712.0,7270.0,6190.0,5509,27110,6794.0,1,6796.0,4,6800.0,2,6802.0,1,6812.0,2,6814.0,28,6816.0,1,6818.0,8,6820.0,8,6822.0,2,6814.0
SF501,,13:42:16.250#,6722.0,6850.0,6712.0,7270.0,6190.0,5510,27109,6794.0,1,6796.0,4,6800.0,2,6802.0,1,6812.0,1,6814.0,28,6816.0,1,6818.0,8,6820.0,8,6822.0,2,6812.0
SF501,,13:42:17.250#,6722.0,6850.0,6712.0,7270.0,6190.0,5510,27109,6794.0,1,6796.0,4,6800.0,2,6802.0,1,6812.0,1,6814.0,28,6816.0,1,6818.0,9,6820.0,8,6822.0,1,6812.0
SF501,,13:42:23.0#,6722.0,6850.0,6712.0,7270.0,6190.0,5510,27109,6794.0,1,6796.0,4,6800.0,2,6802.0,1,6812.0,1,6814.0,28,6816.0,1,6818.0,8,6820.0,8,6822.0,1,6812.0
SF501,,13:42:26.250#,6722.0,6850.0,6712.0,7270.0,6190.0,5511,27109,6794.0,1,6796.0,4,6800.0,2,6802.0,1,6810.0,25,6814.0,28,6816.0,1,6818.0,8,6820.0,8,6822.0,1,6812.0
SF501,,13:42:26.500#,6722.0,6850.0,6712.0,7270.0,6190.0,5511,27109,6794.0,1,6796.0,4,6800.0,2,6802.0,1,6810.0,18,6814.0,28,6816.0,1,6818.0,8,6820.0,8,6822.0,1,6812.0
SF501,,13:42:31.750#,6722.0,6850.0,6712.0,7270.0,6190.0,5511,27109,6794.0,1,6796.0,4,6800.0,2,6802.0,1,6810.0,8,6814.0,28,6816.0,1,6818.0,8,6820.0,8,6822.0,1,6812.0
SF501,,13:42:34.0#,6722.0,6850.0,6712.0,7270.0,6190.0,5511,27109,6794.0,1,6796.0,4,6800.0,2,6802.0,1,6810.0,8,6814.0,28,6816.0,1,6818.0,8,6820.0,8,6822.0,1,6812.0
SF501,,13:42:34.500#,6722.0,6850.0,6712.0,7270.0,6190.0,5513,27109,6794.0,1,6796.0,4,6800.0,2,6802.0,1,6810.0,6,6814.0,28,6816.0,1,6818.0,8,6820.0,8,6822.0,1,6810.0
SF501,,13:42:36.0#,6722.0,6850.0,6712.0,7270.0,6190.0,5513,27109,6794.0,1,6796.0,4,6800.0,2,6802.0,1,6810.0,5,6814.0,19,6816.0,1,6818.0,8,6820.0,8,6822.0,1,6810.0
SF501,,13:42:36.250#,6722.0,6850.0,6712.0,7270.0,6190.0,5513,27109,6794.0,1,6796.0,4,6800.0,2,6802.0,1,6810.0,21,6814.0,19,6816.0,1,6818.0,8,6820.0,8,6822.0,1,6810.0
SF501,,13:42:36.500#,6722.0,6850.0,6712.0,7270.0,6190.0,5520,27116,6794.0,1,6796.0,4,6800.0,2,6802.0,1,6810.0,21,6814.0,12,6816.0,1,6818.0,8,6820.0,8,6822.0,1,6814.0
SF501,,13:42:39.250#,6722.0,6850.0,6712.0,7270.0,6190.0,5521,27117,6794.0,1,6796.0,4,6800.0,2,6802.0,1,6810.0,20,6814.0,11,6816.0,1,6818.0,8,6820.0,8,6822.0,1,6814.0
SF501,,13:42:39.500#,6722.0,6850.0,6712.0,7270.0,6190.0,5521,27117,6794.0,1,6796.0,4,6800.0,2,6802.0,1,6810.0,15,6814.0,11,6816.0,1,6818.0,8,6820.0,8,6822.0,1,6814.0
SF501,,13:42:39.750#,6722.0,6850.0,6712.0,7270.0,6190.0,5521,27117,6794.0,1,6796.0,4,6800.0,2,6802.0,1,6810.0,16,6814.0,12,6816.0,1,6818.0,8,6820.0,8,6822.0,1,6814.0
SF501,,13:42:40.250#,6722.0,6850.0,6712.0,7270.0,6190.0,5521,27117,6794.0,1,6796.0,4,6800.0,2,6802.0,1,6810.0,16,6814.0,11,6816.0,1,6818.0,8,6820.0,8,6822.0,1,6814.0
SF501,,13:42:40.500#,6722.0,6850.0,6712.0,7270.0,6190.0,5521,27117,6794.0,1,6796.0,4,6800.0,2,6802.0,1,6810.0,17,6814.0,11,6816.0,1,6818.0,8,6820.0,8,6822.0,1,6814.0
SF501,,13:42:40.750#,6722.0,6850.0,6712.0,7270.0,6190.0,5521,27117,6794.0,1,6796.0,4,6800.0,2,6802.0,1,6810.0,18,6814.0,11,6816.0,1,6818.0,8,6820.0,8,6822.0,1,6814.0
SF501,,13:42:42.500#,6722.0,6850.0,6712.0,7270.0,6190.0,5522,27118,6794.0,1,6796.0,4,6800.0,2,6802.0,1,6810.0,17,6814.0,10,6816.0,1,6818.0,8,6820.0,8,6822.0,1,6814.0
SF501,,13:42:42.750#,6722.0,6850.0,6712.0,7270.0,6190.0,5522,27118,6794.0,1,6796.0,4,6800.0,2,6802.0,1,6810.0,18,6814.0,10,6816.0,1,6818.0,8,6820.0,8,6822.0,1,6814.0
SF501,,13:42:43.500#,6722.0,6850.0,6712.0,7270.0,6190.0,5522,27118,6794.0,1,6796.0,4,6800.0,2,6802.0,1,6810.0,16,6814.0,15,6816.0,1,6818.0,8,6820.0,8,6822.0,1,6814.0
SF501,,13:42:43.750#,6722.0,6850.0,6712.0,7270.0,6190.0,5522,27118,6794.0,1,6796.0,4,6800.0,2,6802.0,1,6810.0,16,6814.0,11,6816.0,1,6818.0,8,6820.0,8,6822.0,1,6814.0
SF501,,13:42:44.0#,6722.0,6850.0,6712.0,7270.0,6190.0,5522,27118,6794.0,1,6796.0,4,6800.0,2,6802.0,1,6810.0,14,6814.0,14,6816.0,1,6818.0,8,6820.0,8,6822.0,1,6814.0
SF501,,13:42:45.750#,6722.0,6850.0,6712.0,7270.0,6190.0,5522,27118,6794.0,1,6796.0,4,6800.0,2,6802.0,1,6810.0,9,6814.0,19,6816.0,1,6818.0,8,6820.0,8,6822.0,1,6814.0
SF501,,13:42:46.250#,6722.0,6850.0,6712.0,7270.0,6190.0,5522,27118,6794.0,1,6796.0,4,6800.0,2,6802.0,1,6810.0,10,6814.0,19,6816.0,1,6818.0,8,6820.0,8,6822.0,1,6814.0
SF501,,13:42:47.500#,6722.0,6850.0,6712.0,7270.0,6190.0,5522,27118,6794.0,1,6796.0,4,6800.0,2,6802.0,1,6810.0,10,6814.0,25,6816.0,1,6818.0,8,6820.0,8,6822.0,1,6814.0
SF501,,13:42:49.250#,6722.0,6850.0,6712.0,7270.0,6190.0,5522,27118,6794.0,1,6796.0,4,6800.0,2,6802.0,1,6810.0,10,6814.0,26,6816.0,1,6818.0,8,6820.0,8,6822.0,1,6814.0
SF501,,13:42:50.250#,6722.0,6850.0,6712.0,7270.0,6190.0,5522,27118,6794.0,1,6796.0,4,6800.0,2,6802.0,1,6810.0,9,6814.0,26,6816.0,1,6818.0,8,6820.0,8,6822.0,1,6814.0
SF501,,13:42:51.750#,6722.0,6850.0,6712.0,7270.0,6190.0,5522,27118,6794.0,1,6796.0,4,6800.0,2,6802.0,1,6810.0,8,6814.0,26,6816.0,1,6818.0,8,6820.0,8,6822.0,1,6814.0
SF501,,13:42:52.250#,6722.0,6850.0,6712.0,7270.0,6190.0,5522,27118,6794.0,1,6796.0,4,6800.0,2,6802.0,1,6810.0,7,6814.0,26,6816.0,1,6818.0,8,6820.0,8,6822.0,1,6814.0
SF501,,13:42:52.500#,6722.0,6850.0,6712.0,7270.0,6190.0,5522,27118,6794.0,1,6796.0,4,6800.0,2,6802.0,1,6810.0,2,6814.0,26,6816.0,1,6818.0,8,6820.0,8,6822.0,1,6814.0
SF501,,13:42:52.750#,6722.0,6850.0,6712.0,7270.0,6190.0,5522,27118,6794.0,1,6796.0,4,6800.0,2,6802.0,1,6810.0,7,6814.0,26,6816.0,1,6818.0,8,6820.0,8,6822.0,1,6814.0
SF501,,13:42:53.0#,6722.0,6850.0,6712.0,7270.0,6190.0,5522,27118,6794.0,1,6796.0,4,6800.0,2,6802.0,1,6810.0,4,6814.0,26,6816.0,1,6818.0,8,6820.0,8,6822.0,1,6814.0
SF501,,13:42:54.500#,6722.0,6850.0,6712.0,7270.0,6190.0,5522,27118,6794.0,1,6796.0,4,6800.0,2,6802.0,1,6810.0,5,6814.0,26,6816.0,1,6818.0,8,6820.0,8,6822.0,1,6814.0
SF501,,13:42:54.750#,6722.0,6850.0,6712.0,7270.0,6190.0,5522,27118,6794.0,1,6796.0,4,6800.0,2,6802.0,1,6810.0,6,6814.0,26,6816.0,1,6818.0,8,6820.0,8,6822.0,1,6814.0
SF501,,13:42:57.0#,6722.0,6850.0,6712.0,7270.0,6190.0,5522,27118,6794.0,1,6796.0,4,6800.0,2,6802.0,1,6810.0,5,6814.0,26,6816.0,1,6818.0,8,6820.0,8,6822.0,1,6814.0
SF501,,13:43:00.250#,6722.0,6850.0,6712.0,7270.0,6190.0,5522,27118,6794.0,1,6796.0,4,6800.0,2,6802.0,1,6810.0,2,6814.0,26,6816.0,1,6818.0,8,6820.0,8,6822.0,1,6814.0
SF501,,13:43:00.500#,6722.0,6850.0,6712.0,7270.0,6190.0,5522,27118,6794.0,1,6796.0,4,6800.0,2,6802.0,1,6810.0,1,6814.0,26,6816.0,1,6818.0,8,6820.0,8,6822.0,1,6814.0
SF501,,13:43:00.750#,6722.0,6850.0,6712.0,7270.0,6190.0,5522,27118,6794.0,1,6796.0,4,6800.0,2,6802.0,1,6808.0,36,6814.0,25,6816.0,1,6818.0,8,6820.0,8,6822.0,1,6814.0
SF501,,13:43:01.0#,6722.0,6850.0,6712.0,7270.0,6190.0,5522,27118,6794.0,1,6796.0,4,6800.0,1,6802.0,1,6810.0,5,6814.0,25,6816.0,1,6818.0,8,6820.0,9,6822.0,1,6814.0
SF501,,13:43:01.250#,6722.0,6850.0,6712.0,7270.0,6190.0,5522,27118,6794.0,1,6796.0,4,6800.0,1,6802.0,1,6810.0,7,6814.0,24,6816.0,1,6818.0,8,6820.0,9,6822.0,1,6814.0
SF501,,13:43:02.250#,6722.0,6850.0,6712.0,7270.0,6190.0,5522,27118,6794.0,1,6796.0,4,6800.0,1,6802.0,1,6810.0,7,6814.0,26,6816.0,1,6818.0,8,6820.0,9,6822.0,1,6814.0
SF501,,13:43:06.750#,6722.0,6850.0,6712.0,7270.0,6190.0,5522,27118,6794.0,1,6796.0,4,6800.0,1,6802.0,1,6810.0,7,6812.0,1,6814.0,17,6816.0,1,6818.0,8,6820.0,9,6814.0
SF501,,13:43:07.250#,6722.0,6850.0,6712.0,7270.0,6190.0,5522,27118,6794.0,1,6796.0,4,6800.0,1,6802.0,1,6810.0,8,6812.0,1,6814.0,17,6816.0,1,6818.0,8,6820.0,9,6814.0
SF501,,13:43:07.500#,6722.0,6850.0,6712.0,7270.0,6190.0,5522,27118,6794.0,1,6796.0,4,6800.0,1,6802.0,1,6810.0,9,6812.0,1,6814.0,17,6816.0,1,6818.0,8,6820.0,9,6814.0
SF501,,13:43:08.250#,6722.0,6850.0,6712.0,7270.0,6190.0,5522,27118,6794.0,1,6796.0,4,6800.0,1,6802.0,1,6810.0,11,6812.0,1,6814.0,17,6816.0,1,6818.0,8,6820.0,9,6814.0
SF501,,13:43:10.0#,6722.0,6850.0,6712.0,7270.0,6190.0,5522,27118,6794.0,1,6796.0,4,6800.0,1,6802.0,1,6810.0,6,6812.0,1,6814.0,17,6816.0,1,6818.0,8,6820.0,9,6814.0
SF501,,13:43:10.250#,6722.0,6850.0,6712.0,7270.0,6190.0,5523,27119,6794.0,1,6796.0,4,6800.0,1,6802.0,1,6810.0,6,6814.0,31,6816.0,1,6818.0,8,6820.0,9,6822.0,1,6812.0
SF501,,13:43:11.750#,6722.0,6850.0,6712.0,7270.0,6190.0,5523,27119,6794.0,1,6796.0,4,6800.0,1,6802.0,1,6810.0,3,6814.0,31,6816.0,1,6818.0,8,6820.0,9,6822.0,1,6812.0
SF501,,13:43:15.250#,6722.0,6850.0,6712.0,7270.0,6190.0,5523,27119,6794.0,1,6796.0,4,6800.0,1,6802.0,1,6810.0,3,6814.0,27,6816.0,1,6818.0,8,6820.0,9,6822.0,1,6812.0
SF501,,13:43:15.750#,6722.0,6850.0,6712.0,7270.0,6190.0,5523,27119,6794.0,1,6796.0,4,6800.0,1,6802.0,1,6810.0,6,6814.0,27,6816.0,1,6818.0,8,6820.0,9,6822.0,1,6812.0
SF501,,13:43:16.0#,6722.0,6850.0,6712.0,7270.0,6190.0,5523,27119,6796.0,4,6800.0,1,6802.0,1,6806.0,1,6810.0,17,6814.0,22,6816.0,1,6818.0,8,6820.0,9,6822.0,1,6812.0
SF501,,13:43:19.250#,6722.0,6850.0,6712.0,7270.0,6190.0,5523,27119,6796.0,4,6800.0,1,6802.0,1,6806.0,1,6810.0,28,6814.0,22,6816.0,1,6818.0,8,6820.0,9,6822.0,1,6812.0
SF501,,13:43:19.500#,6722.0,6850.0,6712.0,7270.0,6190.0,5523,27119,6796.0,4,6800.0,1,6802.0,1,6806.0,1,6810.0,23,6814.0,22,6816.0,1,6818.0,8,6820.0,9,6822.0,1,6812.0
SF501,,13:43:21.250#,6722.0,6850.0,6712.0,7270.0,6190.0,5523,27119,6796.0,4,6800.0,1,6802.0,1,6806.0,1,6810.0,25,6814.0,22,6816.0,1,6818.0,8,6820.0,9,6822.0,1,6812.0
SF501,,13:43:21.750#,6722.0,6850.0,6712.0,7270.0,6190.0,5523,27119,6796.0,4,6800.0,1,6802.0,1,6806.0,1,6810.0,26,6814.0,22,6816.0,1,6818.0,8,6820.0,9,6822.0,1,6812.0
SF501,,13:43:22.500#,6722.0,6850.0,6712.0,7270.0,6190.0,5523,27119,6796.0,4,6800.0,1,6802.0,1,6806.0,1,6810.0,27,6814.0,22,6816.0,1,6818.0,8,6820.0,9,6822.0,1,6812.0
SF501,,13:43:24.750#,6722.0,6850.0,6712.0,7270.0,6190.0,5523,27119,6796.0,4,6800.0,1,6802.0,1,6806.0,1,6810.0,27,6814.0,29,6816.0,1,6818.0,8,6820.0,9,6822.0,1,6812.0
SF501,,13:43:25.0#,6722.0,6850.0,6712.0,7270.0,6190.0,5523,27119,6796.0,4,6800.0,1,6802.0,1,6806.0,1,6810.0,25,6814.0,39,6816.0,1,6818.0,8,6820.0,9,6822.0,1,6812.0
SF501,,13:43:25.250#,6722.0,6850.0,6712.0,7270.0,6190.0,5523,27119,6796.0,4,6800.0,1,6802.0,1,6806.0,1,6810.0,30,6814.0,39,6816.0,1,6818.0,8,6820.0,9,6822.0,1,6812.0
SF501,,13:43:27.0#,6722.0,6850.0,6712.0,7270.0,6190.0,5523,27119,6796.0,4,6800.0,1,6802.0,1,6806.0,1,6810.0,29,6814.0,39,6816.0,1,6818.0,8,6820.0,9,6822.0,1,6812.0
SF501,,13:43:28.250#,6722.0,6850.0,6712.0,7270.0,6190.0,5523,27119,6796.0,4,6800.0,1,6802.0,1,6806.0,1,6810.0,30,6814.0,39,6816.0,1,6818.0,8,6820.0,9,6822.0,1,6812.0
SF501,,13:43:30.500#,6722.0,6850.0,6712.0,7270.0,6190.0,5523,27119,6796.0,4,6800.0,1,6802.0,1,6806.0,1,6810.0,27,6814.0,39,6816.0,1,6818.0,8,6820.0,9,6822.0,1,6812.0
SF501,,13:43:31.500#,6722.0,6850.0,6712.0,7270.0,6190.0,5523,27119,6796.0,4,6800.0,1,6802.0,1,6806.0,1,6810.0,28,6814.0,33,6816.0,1,6818.0,8,6820.0,9,6822.0,1,6812.0
SF501,,13:43:31.750#,6722.0,6850.0,6712.0,7270.0,6190.0,5523,27119,6796.0,4,6800.0,1,6802.0,1,6806.0,1,6810.0,26,6814.0,33,6816.0,1,6818.0,8,6820.0,9,6822.0,1,6812.0
SF501,,13:43:32.0#,6722.0,6850.0,6712.0,7270.0,6190.0,5523,27119,6796.0,4,6800.0,1,6802.0,1,6806.0,1,6810.0,25,6814.0,33,6816.0,1,6818.0,8,6820.0,9,6822.0,1,6812.0
SF501,,13:43:33.0#,6722.0,6850.0,6712.0,7270.0,6190.0,5523,27119,6796.0,4,6800.0,1,6802.0,1,6806.0,1,6810.0,23,6814.0,33,6816.0,1,6818.0,8,6820.0,9,6822.0,1,6812.0
SF501,,13:43:33.500#,6722.0,6850.0,6712.0,7270.0,6190.0,5523,27119,6796.0,4,6800.0,1,6802.0,1,6806.0,1,6810.0,22,6814.0,33,6816.0,1,6818.0,8,6820.0,9,6822.0,1,6812.0
SF501,,13:43:34.250#,6722.0,6850.0,6712.0,7270.0,6190.0,5523,27119,6796.0,4,6800.0,1,6802.0,1,6806.0,1,6810.0,13,6814.0,37,6816.0,1,6818.0,8,6820.0,9,6822.0,1,6812.0
SF501,,13:43:34.500#,6722.0,6850.0,6712.0,7270.0,6190.0,5523,27119,6794.0,1,6796.0,4,6800.0,1,6802.0,1,6810.0,7,6814.0,37,6816.0,1,6818.0,8,6820.0,9,6822.0,1,6812.0
SF501,,13:43:44.250#,6722.0,6850.0,6712.0,7270.0,6190.0,5523,27119,6794.0,1,6796.0,4,6800.0,1,6802.0,1,6810.0,7,6812.0,3,6814.0,11,6816.0,1,6818.0,8,6820.0,9,6812.0
SF501,,13:43:44.500#,6722.0,6850.0,6712.0,7270.0,6190.0,5523,27119,6794.0,1,6796.0,4,6800.0,1,6802.0,1,6810.0,7,6812.0,4,6814.0,11,6816.0,1,6818.0,8,6820.0,9,6812.0
SF501,,13:43:45.250#,6722.0,6850.0,6712.0,7270.0,6190.0,5523,27119,6794.0,1,6796.0,4,6800.0,1,6802.0,1,6810.0,7,6812.0,5,6814.0,11,6816.0,1,6818.0,8,6820.0,9,6812.0
SF501,,13:43:45.500#,6722.0,6850.0,6712.0,7270.0,6190.0,5523,27119,6794.0,1,6796.0,4,6800.0,1,6802.0,1,6810.0,7,6812.0,1,6814.0,11,6816.0,1,6818.0,8,6820.0,9,6812.0
SF501,,13:43:47.0#,6722.0,6850.0,6712.0,7270.0,6190.0,5523,27119,6794.0,1,6796.0,4,6800.0,1,6802.0,1,6810.0,8,6812.0,1,6814.0,11,6816.0,1,6818.0,8,6820.0,9,6812.0
SF501,,13:43:47.500#,6722.0,6850.0,6712.0,7270.0,6190.0,5523,27119,6794.0,1,6796.0,4,6800.0,1,6802.0,1,6810.0,8,6812.0,2,6814.0,11,6816.0,1,6818.0,8,6820.0,9,6812.0
SF501,,13:43:48.0#,6722.0,6850.0,6712.0,7270.0,6190.0,5523,27119,6794.0,1,6796.0,4,6800.0,1,6802.0,1,6810.0,8,6812.0,3,6814.0,11,6816.0,1,6818.0,8,6820.0,9,6812.0
SF501,,13:43:49.250#,6722.0,6850.0,6712.0,7270.0,6190.0,5523,27119,6794.0,1,6796.0,4,6800.0,1,6802.0,1,6810.0,8,6812.0,1,6814.0,11,6816.0,1,6818.0,8,6820.0,9,6812.0
SF501,,13:43:49.500#,6722.0,6850.0,6712.0,7270.0,6190.0,5523,27119,6794.0,1,6796.0,4,6800.0,1,6802.0,1,6810.0,8,6812.0,5,6814.0,11,6816.0,1,6818.0,8,6820.0,9,6812.0
SF501,,13:43:49.750#,6722.0,6850.0,6712.0,7270.0,6190.0,5523,27119,6794.0,1,6796.0,4,6800.0,1,6802.0,1,6810.0,8,6812.0,1,6814.0,11,6816.0,1,6818.0,8,6820.0,9,6812.0
SF501,,13:43:51.500#,6722.0,6850.0,6712.0,7270.0,6190.0,5523,27119,6794.0,1,6796.0,4,6800.0,1,6802.0,1,6810.0,7,6812.0,1,6814.0,11,6816.0,1,6818.0,8,6820.0,9,6812.0
SF501,,13:43:59.250#,6722.0,6850.0,6712.0,7270.0,6190.0,5523,27119,6794.0,1,6796.0,4,6800.0,1,6802.0,1,6810.0,8,6812.0,1,6814.0,11,6816.0,1,6818.0,8,6820.0,9,6812.0
SF501,,13:44:04.750#,6722.0,6850.0,6712.0,7270.0,6190.0,5523,27119,6794.0,1,6796.0,4,6800.0,1,6802.0,1,6810.0,7,6812.0,1,6814.0,11,6816.0,1,6818.0,8,6820.0,9,6812.0
SF501,,13:44:05.0#,6722.0,6850.0,6712.0,7270.0,6190.0,5523,27119,6794.0,1,6796.0,4,6800.0,1,6802.0,1,6810.0,7,6812.0,2,6814.0,10,6816.0,1,6818.0,8,6820.0,9,6812.0
SF501,,13:44:06.0#,6722.0,6850.0,6712.0,7270.0,6190.0,5523,27119,6794.0,1,6796.0,4,6800.0,1,6802.0,1,6810.0,7,6812.0,2,6814.0,10,6816.0,1,6818.0,8,6820.0,9,6812.0
SF501,,13:44:11.750#,6722.0,6850.0,6712.0,7270.0,6190.0,5523,27119,6794.0,1,6796.0,4,6800.0,1,6802.0,1,6810.0,5,6812.0,2,6814.0,10,6816.0,1,6818.0,8,6820.0,9,6812.0
SF501,,13:44:12.250#,6722.0,6850.0,6712.0,7270.0,6190.0,5523,27119,6794.0,1,6796.0,4,6800.0,1,6802.0,1,6810.0,6,6812.0,2,6814.0,10,6816.0,1,6818.0,8,6820.0,9,6812.0
SF501,,13:44:14.250#,6722.0,6850.0,6712.0,7270.0,6190.0,5524,27120,6794.0,1,6796.0,4,6800.0,1,6802.0,1,6810.0,5,6812.0,2,6814.0,10,6816.0,1,6818.0,8,6820.0,9,6810.0
SF501,,13:44:19.250#,6722.0,6850.0,6712.0,7270.0,6190.0,5524,27120,6794.0,1,6796.0,4,6800.0,1,6802.0,1,6810.0,3,6812.0,2,6814.0,10,6816.0,1,6818.0,8,6820.0,9,6810.0
SF501,,13:44:22.750#,6722.0,6850.0,6712.0,7270.0,6190.0,5524,27120,6794.0,1,6796.0,4,6800.0,1,6802.0,1,6810.0,2,6812.0,2,6814.0,10,6816.0,1,6818.0,8,6820.0,9,6810.0
SF501,,13:44:23.500#,6722.0,6850.0,6712.0,7270.0,6190.0,5524,27120,6794.0,1,6796.0,4,6800.0,1,6802.0,1,6808.0,34,6812.0,6,6814.0,10,6816.0,1,6818.0,8,6820.0,9,6810.0
SF501,,13:44:23.750#,6722.0,6850.0,6712.0,7270.0,6190.0,5524,27120,6796.0,4,6800.0,1,6802.0,1,6804.0,1,6808.0,34,6812.0,7,6814.0,10,6816.0,1,6818.0,8,6820.0,9,6810.0
SF501,,13:44:30.750#,6722.0,6850.0,6712.0,7270.0,6190.0,5524,27120,6796.0,4,6800.0,1,6802.0,1,6804.0,1,6808.0,34,6812.0,27,6814.0,10,6816.0,1,6818.0,8,6820.0,9,6810.0
SF501,,13:44:43.500#,6722.0,6850.0,6712.0,7270.0,6190.0,5524,27120,6796.0,4,6800.0,1,6802.0,1,6804.0,1,6808.0,30,6812.0,27,6814.0,10,6816.0,1,6818.0,8,6820.0,9,6810.0
SF501,,13:44:43.750#,6722.0,6850.0,6712.0,7270.0,6190.0,5524,27120,6796.0,4,6800.0,1,6802.0,1,6804.0,1,6808.0,34,6812.0,27,6814.0,10,6816.0,1,6818.0,8,6820.0,9,6810.0
SF501,,13:44:45.750#,6722.0,6850.0,6712.0,7270.0,6190.0,5524,27120,6796.0,4,6800.0,1,6802.0,1,6804.0,1,6808.0,30,6812.0,27,6814.0,10,6816.0,1,6818.0,8,6820.0,9,6810.0
SF501,,13:44:46.500#,6722.0,6850.0,6712.0,7270.0,6190.0,5524,27120,6796.0,4,6800.0,1,6802.0,1,6804.0,1,6808.0,34,6812.0,27,6814.0,10,6816.0,1,6818.0,8,6820.0,9,6810.0
SF501,,13:44:52.250#,6722.0,6850.0,6712.0,7270.0,6190.0,5528,27124,6796.0,4,6800.0,1,6802.0,1,6804.0,1,6808.0,30,6812.0,27,6814.0,10,6816.0,1,6818.0,8,6820.0,9,6808.0
SF501,,13:44:52.500#,6722.0,6850.0,6712.0,7270.0,6190.0,5528,27124,6796.0,4,6800.0,1,6802.0,1,6804.0,1,6808.0,26,6812.0,27,6814.0,10,6816.0,1,6818.0,8,6820.0,9,6808.0
SF501,,13:44:53.0#,6722.0,6850.0,6712.0,7270.0,6190.0,5528,27124,6796.0,4,6800.0,1,6802.0,1,6804.0,1,6808.0,30,6812.0,27,6814.0,10,6816.0,1,6818.0,8,6820.0,9,6808.0
SF501,,13:44:53.750#,6722.0,6850.0,6712.0,7270.0,6190.0,5528,27124,6796.0,4,6800.0,1,6802.0,1,6804.0,1,6808.0,30,6812.0,22,6814.0,10,6816.0,1,6818.0,8,6820.0,9,6808.0
SF501,,13:44:54.0#,6722.0,6850.0,6712.0,7270.0,6190.0,5528,27124,6796.0,4,6800.0,1,6802.0,1,6804.0,1,6808.0,30,6812.0,25,6814.0,10,6816.0,1,6818.0,8,6820.0,9,6808.0
SF501,,13:44:54.250#,6722.0,6850.0,6712.0,7270.0,6190.0,5528,27124,6796.0,4,6800.0,1,6802.0,1,6804.0,1,6808.0,30,6812.0,22,6814.0,10,6816.0,1,6818.0,8,6820.0,9,6808.0
SF501,,13:45:01.250#,6722.0,6850.0,6712.0,7270.0,6190.0,5532,27125,6796.0,4,6800.0,1,6802.0,1,6804.0,1,6808.0,26,6812.0,18,6814.0,10,6816.0,1,6818.0,8,6820.0,9,6812.0
SF501,,13:45:02.500#,6722.0,6850.0,6712.0,7270.0,6190.0,5535,27125,6796.0,4,6800.0,1,6802.0,1,6804.0,1,6808.0,36,6812.0,15,6814.0,10,6816.0,1,6818.0,8,6820.0,9,6812.0
SF501,,13:45:06.0#,6722.0,6850.0,6712.0,7270.0,6190.0,5535,27125,6796.0,4,6800.0,1,6802.0,1,6804.0,1,6808.0,39,6812.0,15,6814.0,10,6816.0,1,6818.0,8,6820.0,9,6812.0
SF501,,13:45:07.0#,6722.0,6850.0,6712.0,7270.0,6190.0,5535,27125,6800.0,1,6802.0,1,6804.0,1,6808.0,18,6810.0,1,6812.0,15,6814.0,10,6816.0,1,6818.0,8,6820.0,9,6812.0
SF501,,13:45:07.250#,6722.0,6850.0,6712.0,7270.0,6190.0,5535,27125,6800.0,1,6802.0,1,6804.0,1,6808.0,18,6810.0,3,6812.0,15,6814.0,10,6816.0,1,6818.0,8,6820.0,9,6812.0
SF501,,13:45:10.750#,6722.0,6850.0,6712.0,7270.0,6190.0,5535,27125,6800.0,1,6802.0,1,6804.0,1,6808.0,18,6810.0,3,6812.0,15,6814.0,10,6816.0,1,6818.0,8,6820.0,9,6812.0
SF501,,13:45:14.500#,6722.0,6850.0,6712.0,7270.0,6190.0,5535,27125,6800.0,1,6802.0,1,6804.0,1,6808.0,18,6810.0,4,6812.0,15,6814.0,10,6816.0,1,6818.0,8,6820.0,9,6812.0
SF501,,13:45:18.500#,6722.0,6850.0,6712.0,7270.0,6190.0,5535,27125,6800.0,1,6802.0,1,6804.0,1,6808.0,18,6810.0,3,6812.0,15,6814.0,10,6816.0,1,6818.0,8,6820.0,9,6812.0
SF501,,13:45:19.750#,6722.0,6850.0,6712.0,7270.0,6190.0,5535,27125,6800.0,1,6802.0,1,6804.0,1,6808.0,18,6810.0,2,6812.0,15,6814.0,10,6816.0,1,6818.0,8,6820.0,9,6812.0
SF501,,13:45:20.250#,6722.0,6850.0,6712.0,7270.0,6190.0,5535,27125,6800.0,1,6802.0,1,6804.0,1,6808.0,18,6810.0,3,6812.0,15,6814.0,10,6816.0,1,6818.0,8,6820.0,9,6812.0
SF501,,13:45:24.500#,6722.0,6850.0,6712.0,7270.0,6190.0,5535,27125,6800.0,1,6802.0,1,6804.0,1,6808.0,18,6810.0,2,6812.0,15,6814.0,10,6816.0,1,6818.0,8,6820.0,9,6812.0
SF501,,13:45:26.0#,6722.0,6850.0,6712.0,7270.0,6190.0,5535,27125,6800.0,1,6802.0,1,6804.0,1,6808.0,18,6810.0,2,6812.0,15,6814.0,10,6816.0,1,6818.0,8,6820.0,9,6812.0
SF501,,13:45:29.500#,6722.0,6850.0,6712.0,7270.0,6190.0,5535,27125,6800.0,1,6802.0,1,6804.0,1,6808.0,18,6810.0,1,6812.0,15,6814.0,10,6816.0,1,6818.0,8,6820.0,9,6812.0
SF501,,13:45:30.250#,6722.0,6850.0,6712.0,7270.0,6190.0,5535,27125,6800.0,1,6802.0,1,6804.0,1,6808.0,18,6810.0,1,6812.0,15,6814.0,10,6816.0,1,6818.0,8,6820.0,9,6812.0
SF501,,13:45:30.750#,6722.0,6850.0,6712.0,7270.0,6190.0,5535,27125,6796.0,4,6800.0,1,6802.0,1,6804.0,1,6808.0,41,6812.0,15,6814.0,10,6816.0,1,6818.0,8,6820.0,9,6812.0
SF501,,13:45:32.750#,6722.0,6850.0,6712.0,7270.0,6190.0,5535,27125,6796.0,4,6800.0,1,6802.0,1,6804.0,1,6808.0,41,6812.0,15,6814.0,10,6816.0,1,6818.0,8,6820.0,9,6812.0
SF501,,13:45:46.250#,6722.0,6850.0,6712.0,7270.0,6190.0,5535,27125,6800.0,1,6802.0,1,6804.0,1,6808.0,18,6810.0,5,6812.0,15,6814.0,10,6816.0,1,6818.0,8,6820.0,9,6812.0
SF501,,13:45:48.250#,6722.0,6850.0,6712.0,7270.0,6190.0,5535,27125,6800.0,1,6802.0,1,6804.0,1,6808.0,18,6810.0,10,6812.0,15,6814.0,10,6816.0,1,6818.0,8,6820.0,9,6812.0
SF501,,13:45:49.250#,6722.0,6850.0,6712.0,7270.0,6190.0,5535,27125,6802.0,1,6804.0,1,6806.0,1,6808.0,18,6810.0,10,6812.0,15,6814.0,10,6816.0,1,6818.0,8,6820.0,9,6812.0
SF501,,13:45:51.500#,6722.0,6850.0,6712.0,7270.0,6190.0,5535,27125,6802.0,1,6804.0,1,6806.0,1,6808.0,18,6810.0,15,6812.0,15,6814.0,10,6816.0,1,6818.0,8,6820.0,9,6812.0
SF501,,13:45:59.750#,6722.0,6850.0,6712.0,7270.0,6190.0,5536,27125,6802.0,1,6804.0,1,6806.0,1,6808.0,18,6810.0,15,6812.0,16,6814.0,10,6816.0,1,6818.0,8,6820.0,9,6812.0
SF501,,13:46:00.250#,6722.0,6850.0,6712.0,7270.0,6190.0,5536,27125,6802.0,1,6804.0,1,6806.0,1,6808.0,18,6810.0,15,6812.0,14,6814.0,10,6816.0,1,6818.0,8,6820.0,9,6812.0
SF501,,13:46:00.500#,6722.0,6850.0,6712.0,7270.0,6190.0,5536,27125,6802.0,1,6804.0,1,6806.0,1,6808.0,18,6810.0,15,6812.0,15,6814.0,10,6816.0,1,6818.0,8,6820.0,9,6812.0
SF501,,13:46:00.750#,6722.0,6850.0,6712.0,7270.0,6190.0,5536,27125,6802.0,1,6804.0,1,6806.0,1,6808.0,18,6810.0,15,6812.0,17,6814.0,10,6816.0,1,6818.0,8,6820.0,9,6812.0
SF501,,13:46:01.500#,6722.0,6850.0,6712.0,7270.0,6190.0,5536,27125,6802.0,1,6804.0,1,6806.0,1,6808.0,18,6810.0,15,6812.0,16,6814.0,10,6816.0,1,6818.0,8,6820.0,9,6812.0
SF501,,13:46:01.750#,6722.0,6850.0,6712.0,7270.0,6190.0,5536,27125,6802.0,1,6804.0,1,6806.0,1,6808.0,18,6810.0,15,6812.0,18,6814.0,10,6816.0,1,6818.0,8,6820.0,9,6812.0
SF501,,13:46:02.0#,6722.0,6850.0,6712.0,7270.0,6190.0,5536,27125,6802.0,1,6804.0,1,6806.0,1,6808.0,21,6810.0,15,6812.0,18,6814.0,10,6816.0,1,6818.0,8,6820.0,9,6812.0
SF501,,13:46:02.500#,6722.0,6850.0,6712.0,7270.0,6190.0,5536,27125,6802.0,1,6804.0,1,6806.0,1,6808.0,24,6810.0,15,6812.0,18,6814.0,10,6816.0,1,6818.0,8,6820.0,9,6812.0
SF501,,13:46:02.750#,6722.0,6850.0,6712.0,7270.0,6190.0,5536,27125,6802.0,1,6804.0,1,6806.0,1,6808.0,24,6810.0,15,6812.0,17,6814.0,10,6816.0,1,6818.0,8,6820.0,9,6812.0
SF501,,13:46:03.0#,6722.0,6850.0,6712.0,7270.0,6190.0,5536,27125,6802.0,1,6804.0,1,6806.0,1,6808.0,24,6810.0,15,6812.0,18,6814.0,10,6816.0,1,6818.0,8,6820.0,9,6812.0
SF501,,13:46:05.250#,6722.0,6850.0,6712.0,7270.0,6190.0,5551,27140,6800.0,1,6802.0,1,6804.0,1,6806.0,1,6808.0,46,6810.0,5,6812.0,14,6814.0,10,6816.0,1,6818.0,8,6810.0
SF501,,13:46:07.250#,6722.0,6850.0,6712.0,7270.0,6190.0,5551,27140,6800.0,1,6802.0,1,6804.0,1,6806.0,1,6808.0,42,6810.0,5,6812.0,14,6814.0,10,6816.0,1,6818.0,8,6810.0
SF501,,13:46:11.250#,6722.0,6850.0,6712.0,7270.0,6190.0,5552,27141,6800.0,1,6802.0,1,6804.0,1,6806.0,1,6808.0,41,6810.0,4,6812.0,14,6814.0,10,6816.0,1,6818.0,8,6810.0
SF501,,13:46:13.750#,6722.0,6850.0,6712.0,7270.0,6190.0,5552,27141,6800.0,1,6802.0,1,6804.0,1,6806.0,1,6808.0,41,6810.0,4,6812.0,15,6814.0,10,6816.0,1,6818.0,8,6810.0
SF501,,13:46:19.250#,6722.0,6850.0,6712.0,7270.0,6190.0,5554,27143,6800.0,1,6802.0,1,6804.0,1,6806.0,1,6808.0,39,6810.0,2,6812.0,15,6814.0,10,6816.0,1,6818.0,8,6810.0
SF501,,13:46:21.750#,6722.0,6850.0,6712.0,7270.0,6190.0,5556,27145,6800.0,1,6802.0,1,6804.0,1,6806.0,1,6808.0,37,6812.0,25,6814.0,10,6816.0,1,6818.0,8,6820.0,9,6810.0
SF501,,13:46:22.0#,6722.0,6850.0,6712.0,7270.0,6190.0,5556,27145,6800.0,1,6802.0,1,6804.0,1,6806.0,1,6808.0,37,6812.0,19,6814.0,10,6816.0,1,6818.0,8,6820.0,9,6810.0
SF501,,13:46:23.0#,6722.0,6850.0,6712.0,7270.0,6190.0,5556,27145,6800.0,1,6802.0,1,6804.0,1,6806.0,1,6808.0,37,6812.0,20,6814.0,10,6816.0,1,6818.0,8,6820.0,9,6810.0
SF501,,13:46:28.500#,6722.0,6850.0,6712.0,7270.0,6190.0,5556,27145,6802.0,1,6804.0,1,6806.0,1,6808.0,24,6810.0,5,6812.0,20,6814.0,10,6816.0,1,6818.0,8,6820.0,9,6810.0
SF501,,13:46:29.250#,6722.0,6850.0,6712.0,7270.0,6190.0,5556,27145,6802.0,1,6804.0,1,6806.0,1,6808.0,24,6810.0,5,6812.0,18,6814.0,10,6816.0,1,6818.0,8,6820.0,9,6810.0
SF501,,13:46:30.750#,6722.0,6850.0,6712.0,7270.0,6190.0,5556,27145,6802.0,1,6804.0,1,6806.0,1,6808.0,24,6810.0,10,6812.0,18,6814.0,10,6816.0,1,6818.0,8,6820.0,9,6810.0
SF501,,13:46:32.500#,6722.0,6850.0,6712.0,7270.0,6190.0,5556,27145,6802.0,1,6804.0,1,6806.0,1,6808.0,24,6810.0,15,6812.0,18,6814.0,10,6816.0,1,6818.0,8,6820.0,9,6810.0
SF501,,13:46:33.500#,6722.0,6850.0,6712.0,7270.0,6190.0,5556,27145,6802.0,1,6804.0,1,6806.0,1,6808.0,24,6810.0,15,6812.0,19,6814.0,10,6816.0,1,6818.0,8,6820.0,9,6810.0
SF501,,13:46:35.500#,6722.0,6850.0,6712.0,7270.0,6190.0,5556,27145,6802.0,1,6804.0,1,6806.0,1,6808.0,24,6810.0,16,6812.0,16,6814.0,10,6816.0,1,6818.0,8,6820.0,9,6810.0
SF501,,13:46:35.750#,6722.0,6850.0,6712.0,7270.0,6190.0,5556,27145,6802.0,1,6804.0,1,6806.0,1,6808.0,24,6810.0,17,6812.0,16,6814.0,10,6816.0,1,6818.0,8,6820.0,9,6810.0
SF501,,13:46:36.500#,6722.0,6850.0,6712.0,7270.0,6190.0,5556,27145,6802.0,1,6804.0,1,6806.0,1,6808.0,24,6810.0,15,6812.0,16,6814.0,10,6816.0,1,6818.0,8,6820.0,9,6810.0
SF501,,13:46:37.250#,6722.0,6850.0,6712.0,7270.0,6190.0,5556,27145,6802.0,1,6804.0,1,6806.0,1,6808.0,24,6810.0,16,6812.0,16,6814.0,10,6816.0,1,6818.0,8,6820.0,9,6810.0
SF501,,13:46:47.750#,6722.0,6850.0,6712.0,7270.0,6190.0,5557,27145,6802.0,1,6804.0,1,6806.0,1,6808.0,24,6810.0,15,6812.0,21,6814.0,10,6816.0,1,6818.0,8,6820.0,9,6810.0
SF501,,13:46:48.0#,6722.0,6850.0,6712.0,7270.0,6190.0,5557,27145,6802.0,1,6804.0,1,6806.0,1,6808.0,24,6810.0,15,6812.0,25,6814.0,10,6816.0,1,6818.0,8,6820.0,9,6810.0
SF501,,13:46:48.250#,6722.0,6850.0,6712.0,7270.0,6190.0,5571,27147,6802.0,1,6804.0,1,6806.0,1,6808.0,24,6810.0,1,6812.0,18,6814.0,10,6816.0,1,6818.0,8,6820.0,9,6810.0
SF501,,13:46:48.500#,6722.0,6850.0,6712.0,7270.0,6190.0,5572,27147,6800.0,1,6802.0,1,6804.0,1,6806.0,1,6808.0,28,6812.0,18,6814.0,10,6816.0,1,6818.0,8,6820.0,9,6810.0
SF501,,13:46:49.0#,6722.0,6850.0,6712.0,7270.0,6190.0,5572,27147,6796.0,4,6800.0,1,6802.0,1,6806.0,1,6808.0,28,6812.0,18,6814.0,10,6816.0,1,6818.0,8,6820.0,9,6810.0
SF501,,13:46:50.250#,6722.0,6850.0,6712.0,7270.0,6190.0,5572,27147,6796.0,4,6800.0,1,6802.0,1,6806.0,1,6808.0,24,6812.0,18,6814.0,10,6816.0,1,6818.0,8,6820.0,9,6810.0
SF501,,13:46:53.250#,6722.0,6850.0,6712.0,7270.0,6190.0,5572,27147,6796.0,4,6800.0,1,6802.0,1,6806.0,1,6808.0,24,6812.0,19,6814.0,10,6816.0,1,6818.0,8,6820.0,9,6810.0
SF501,,13:46:56.250#,6722.0,6850.0,6712.0,7270.0,6190.0,5572,27147,6796.0,4,6800.0,1,6802.0,1,6806.0,1,6808.0,24,6812.0,29,6814.0,10,6816.0,1,6818.0,8,6820.0,9,6810.0
SF501,,13:46:56.500#,6722.0,6850.0,6712.0,7270.0,6190.0,5572,27147,6796.0,4,6800.0,1,6802.0,1,6806.0,1,6808.0,24,6810.0,2,6812.0,17,6814.0,10,6816.0,1,6818.0,8,6810.0
SF501,,13:46:59.750#,6722.0,6850.0,6712.0,7270.0,6190.0,5574,27148,6796.0,4,6800.0,1,6802.0,1,6806.0,1,6808.0,22,6812.0,37,6814.0,10,6816.0,1,6818.0,8,6820.0,8,6808.0
SF501,,13:47:00.0#,6722.0,6850.0,6712.0,7270.0,6190.0,5574,27148,6796.0,4,6800.0,1,6802.0,1,6806.0,1,6808.0,22,6812.0,37,6814.0,11,6816.0,1,6818.0,8,6820.0,8,6808.0
SF501,,13:47:02.0#,6722.0,6850.0,6712.0,7270.0,6190.0,5574,27148,6796.0,4,6800.0,1,6802.0,1,6806.0,2,6808.0,22,6812.0,37,6814.0,11,6816.0,1,6818.0,8,6820.0,8,6808.0
SF501,,13:47:02.500#,6722.0,6850.0,6712.0,7270.0,6190.0,5574,27148,6796.0,4,6800.0,1,6802.0,1,6806.0,17,6808.0,22,6812.0,37,6814.0,11,6816.0,1,6818.0,8,6820.0,8,6808.0
SF501,,13:47:02.750#,6722.0,6850.0,6712.0,7270.0,6190.0,5574,27148,6796.0,4,6800.0,1,6802.0,1,6806.0,19,6808.0,22,6812.0,41,6814.0,11,6816.0,1,6818.0,8,6820.0,8,6808.0
SF501,,13:47:03.0#,6722.0,6850.0,6712.0,7270.0,6190.0,5574,27148,6796.0,4,6800.0,1,6802.0,1,6806.0,21,6808.0,22,6812.0,37,6814.0,11,6816.0,1,6818.0,8,6820.0,8,6808.0
SF501,,13:47:04.0#,6722.0,6850.0,6712.0,7270.0,6190.0,5574,27148,6796.0,4,6800.0,1,6802.0,1,6806.0,23,6808.0,22,6812.0,37,6814.0,11,6816.0,1,6818.0,8,6820.0,8,6808.0
SF501,,13:47:04.500#,6722.0,6850.0,6712.0,7270.0,6190.0,5574,27148,6796.0,4,6800.0,1,6802.0,1,6806.0,25,6808.0,22,6812.0,37,6814.0,11,6816.0,1,6818.0,8,6820.0,8,6808.0
SF501,,13:47:07.500#,6722.0,6850.0,6712.0,7270.0,6190.0,5574,27148,6796.0,4,6800.0,1,6802.0,1,6806.0,25,6808.0,22,6810.0,5,6812.0,17,6814.0,11,6816.0,1,6818.0,8,6808.0
SF501,,13:47:08.0#,6722.0,6850.0,6712.0,7270.0,6190.0,5574,27148,6796.0,4,6800.0,1,6802.0,1,6806.0,25,6808.0,24,6810.0,5,6812.0,17,6814.0,11,6816.0,1,6818.0,8,6808.0
SF501,,13:47:09.500#,6722.0,6850.0,6712.0,7270.0,6190.0,5576,27147,6796.0,4,6800.0,1,6802.0,1,6806.0,25,6808.0,22,6810.0,3,6812.0,17,6814.0,11,6816.0,1,6818.0,8,6808.0
SF501,,13:47:13.750#,6722.0,6850.0,6712.0,7270.0,6190.0,5576,27147,6796.0,4,6800.0,1,6802.0,1,6806.0,25,6808.0,22,6810.0,20,6812.0,17,6814.0,11,6816.0,1,6818.0,8,6808.0
SF501,,13:47:15.750#,6722.0,6850.0,6712.0,7270.0,6190.0,5576,27147,6796.0,4,6800.0,1,6802.0,1,6806.0,25,6808.0,22,6810.0,17,6812.0,17,6814.0,11,6816.0,1,6818.0,8,6808.0
SF501,,13:47:16.0#,6722.0,6850.0,6712.0,7270.0,6190.0,5580,27149,6796.0,4,6800.0,1,6802.0,1,6806.0,25,6808.0,18,6810.0,13,6812.0,17,6814.0,11,6816.0,1,6818.0,8,6808.0
SF501,,13:47:16.250#,6722.0,6850.0,6712.0,7270.0,6190.0,5586,27152,6796.0,4,6800.0,1,6802.0,1,6806.0,25,6808.0,12,6810.0,7,6812.0,17,6814.0,11,6816.0,1,6818.0,8,6808.0
SF501,,13:47:16.750#,6722.0,6850.0,6712.0,7270.0,6190.0,5587,27152,6796.0,4,6800.0,1,6802.0,1,6806.0,25,6808.0,11,6810.0,6,6812.0,17,6814.0,11,6816.0,1,6818.0,8,6808.0
SF501,,13:47:18.500#,6722.0,6850.0,6712.0,7270.0,6190.0,5593,27155,6796.0,4,6800.0,1,6802.0,1,6806.0,25,6808.0,5,6812.0,43,6814.0,11,6816.0,1,6818.0,8,6820.0,8,6808.0
SF501,,13:47:20.0#,6722.0,6850.0,6712.0,7270.0,6190.0,5593,27155,6796.0,4,6800.0,1,6802.0,1,6806.0,25,6808.0,5,6810.0,20,6812.0,17,6814.0,10,6816.0,1,6818.0,8,6808.0
SF501,,13:47:20.500#,6722.0,6850.0,6712.0,7270.0,6190.0,5593,27155,6796.0,4,6800.0,1,6802.0,1,6806.0,25,6808.0,5,6810.0,17,6812.0,17,6814.0,10,6816.0,1,6818.0,8,6808.0
SF501,,13:47:20.750#,6722.0,6850.0,6712.0,7270.0,6190.0,5593,27155,6796.0,4,6800.0,1,6802.0,1,6806.0,25,6808.0,5,6812.0,43,6814.0,10,6816.0,1,6818.0,8,6820.0,8,6808.0
SF501,,13:47:21.0#,6722.0,6850.0,6712.0,7270.0,6190.0,5593,27155,6796.0,4,6800.0,1,6802.0,1,6806.0,25,6808.0,5,6812.0,49,6814.0,10,6816.0,2,6818.0,8,6820.0,8,6808.0
SF501,,13:47:21.500#,6722.0,6850.0,6712.0,7270.0,6190.0,5593,27155,6796.0,4,6800.0,1,6802.0,1,6806.0,25,6808.0,5,6812.0,35,6814.0,10,6816.0,2,6818.0,8,6820.0,8,6808.0
SF501,,13:47:23.500#,6722.0,6850.0,6712.0,7270.0,6190.0,5593,27155,6800.0,1,6802.0,1,6806.0,25,6808.0,5,6810.0,10,6812.0,35,6814.0,10,6816.0,2,6818.0,8,6820.0,8,6808.0
SF501,,13:47:23.750#,6722.0,6850.0,6712.0,7270.0,6190.0,5601,27163,6800.0,1,6802.0,1,6806.0,25,6808.0,5,6810.0,2,6812.0,25,6814.0,10,6816.0,2,6818.0,8,6820.0,8,6810.0
SF501,,13:47:24.0#,6722.0,6850.0,6712.0,7270.0,6190.0,5602,27164,6800.0,1,6802.0,1,6806.0,25,6808.0,5,6810.0,1,6812.0,24,6814.0,10,6816.0,2,6818.0,8,6820.0,8,6810.0
SF501,,13:47:24.750#,6722.0,6850.0,6712.0,7270.0,6190.0,5603,27165,6796.0,4,6800.0,1,6802.0,1,6806.0,25,6808.0,5,6812.0,23,6814.0,10,6816.0,2,6818.0,8,6820.0,8,6810.0
SF501,,13:47:26.0#,6722.0,6850.0,6712.0,7270.0,6190.0,5603,27165,6796.0,4,6800.0,1,6802.0,1,6806.0,25,6808.0,5,6812.0,24,6814.0,10,6816.0,2,6818.0,8,6820.0,8,6810.0
SF501,,13:47:28.500#,6722.0,6850.0,6712.0,7270.0,6190.0,5603,27165,6800.0,1,6802.0,1,6806.0,25,6808.0,5,6810.0,10,6812.0,24,6814.0,10,6816.0,2,6818.0,8,6820.0,8,6810.0
SF501,,13:47:28.750#,6722.0,6850.0,6712.0,7270.0,6190.0,5603,27165,6800.0,1,6802.0,1,6806.0,25,6808.0,5,6810.0,10,6812.0,23,6814.0,10,6816.0,2,6818.0,8,6820.0,8,6810.0
SF501,,13:47:31.0#,6722.0,6850.0,6712.0,7270.0,6190.0,5604,27166,6800.0,1,6802.0,1,6806.0,25,6808.0,5,6810.0,9,6812.0,22,6814.0,10,6816.0,2,6818.0,8,6820.0,8,6810.0
SF501,,13:47:31.500#,6722.0,6850.0,6712.0,7270.0,6190.0,5606,27168,6800.0,1,6802.0,1,6806.0,25,6808.0,5,6810.0,7,6812.0,20,6814.0,10,6816.0,2,6818.0,8,6820.0,8,6810.0
SF501,,13:47:33.750#,6722.0,6850.0,6712.0,7270.0,6190.0,5606,27168,6800.0,1,6802.0,1,6806.0,25,6808.0,5,6810.0,7,6812.0,21,6814.0,10,6816.0,2,6818.0,8,6820.0,8,6810.0
SF501,,13:47:35.750#,6722.0,6850.0,6712.0,7270.0,6190.0,5607,27168,6800.0,1,6802.0,1,6806.0,25,6808.0,5,6810.0,6,6812.0,21,6814.0,10,6816.0,2,6818.0,8,6820.0,8,6810.0
SF501,,13:47:47.750#,6722.0,6850.0,6712.0,7270.0,6190.0,5608,27168,6800.0,1,6802.0,1,6806.0,25,6808.0,5,6810.0,5,6812.0,20,6814.0,10,6816.0,2,6818.0,8,6820.0,8,6810.0
SF501,,13:47:50.0#,6722.0,6850.0,6712.0,7270.0,6190.0,5610,27168,6800.0,1,6802.0,1,6806.0,25,6808.0,5,6810.0,3,6812.0,19,6814.0,10,6816.0,2,6818.0,8,6820.0,8,6810.0
SF501,,13:47:50.250#,6722.0,6850.0,6712.0,7270.0,6190.0,5610,27168,6800.0,1,6802.0,1,6806.0,25,6808.0,5,6810.0,3,6812.0,23,6814.0,10,6816.0,2,6818.0,8,6820.0,8,6810.0
SF501,,13:47:50.500#,6722.0,6850.0,6712.0,7270.0,6190.0,5610,27168,6800.0,1,6802.0,1,6806.0,25,6808.0,5,6810.0,3,6812.0,27,6814.0,10,6816.0,2,6818.0,8,6820.0,8,6810.0
SF501,,13:47:54.750#,6722.0,6850.0,6712.0,7270.0,6190.0,5611,27169,6800.0,1,6802.0,1,6806.0,25,6808.0,5,6810.0,2,6812.0,26,6814.0,10,6816.0,2,6818.0,8,6820.0,8,6810.0
SF501,,13:48:00.500#,6722.0,6850.0,6712.0,7270.0,6190.0,5614,27168,6796.0,4,6800.0,1,6802.0,1,6806.0,25,6808.0,4,6812.0,26,6814.0,10,6816.0,2,6818.0,8,6820.0,8,6808.0
SF501,,13:48:02.0#,6722.0,6850.0,6712.0,7270.0,6190.0,5614,27168,6796.0,4,6800.0,1,6802.0,1,6806.0,27,6808.0,4,6812.0,26,6814.0,10,6816.0,2,6818.0,8,6820.0,8,6808.0
SF501,,13:48:03.750#,6722.0,6850.0,6712.0,7270.0,6190.0,5614,27168,6796.0,4,6800.0,1,6802.0,1,6806.0,27,6808.0,4,6810.0,1,6812.0,18,6814.0,10,6816.0,2,6818.0,8,6808.0
SF501,,13:48:06.750#,6722.0,6850.0,6712.0,7270.0,6190.0,5614,27168,6796.0,4,6800.0,1,6802.0,1,6806.0,27,6808.0,4,6810.0,2,6812.0,18,6814.0,10,6816.0,2,6818.0,8,6808.0
SF501,,13:48:07.250#,6722.0,6850.0,6712.0,7270.0,6190.0,5614,27168,6796.0,4,6800.0,1,6802.0,1,6806.0,27,6808.0,4,6810.0,4,6812.0,18,6814.0,10,6816.0,2,6818.0,8,6808.0
SF501,,13:48:07.500#,6722.0,6850.0,6712.0,7270.0,6190.0,5614,27168,6796.0,4,6800.0,1,6802.0,1,6806.0,27,6808.0,4,6810.0,6,6812.0,18,6814.0,10,6816.0,2,6818.0,8,6808.0
SF501,,13:48:09.500#,6722.0,6850.0,6712.0,7270.0,6190.0,5614,27168,6796.0,4,6800.0,1,6802.0,1,6806.0,27,6808.0,4,6810.0,6,6812.0,18,6814.0,10,6816.0,2,6818.0,8,6808.0
SF501,,13:48:09.750#,6722.0,6850.0,6712.0,7270.0,6190.0,5614,27168,6796.0,4,6800.0,1,6802.0,1,6806.0,27,6808.0,4,6810.0,6,6812.0,19,6814.0,10,6816.0,2,6818.0,8,6808.0
SF501,,13:48:10.750#,6722.0,6850.0,6712.0,7270.0,6190.0,5636,27173,6794.0,1,6796.0,4,6800.0,1,6802.0,1,6806.0,9,6808.0,2,6812.0,19,6814.0,10,6816.0,2,6818.0,8,6806.0
SF501,,13:48:11.0#,6722.0,6850.0,6712.0,7270.0,6190.0,5652,27169,6788.0,8,6792.0,2,6794.0,1,6796.0,4,6800.0,6,6804.0,9,6806.0,2,6812.0,19,6814.0,10,6816.0,1,6802.0
SF501,,13:48:11.250#,6722.0,6850.0,6712.0,7270.0,6190.0,5658,27169,6788.0,1,6792.0,2,6794.0,1,6796.0,3,6800.0,5,6804.0,13,6812.0,19,6814.0,10,6816.0,1,6818.0,8,6804.0
SF501,,13:48:11.500#,6722.0,6850.0,6712.0,7270.0,6190.0,5662,27169,6792.0,2,6794.0,1,6796.0,2,6798.0,1,6800.0,11,6804.0,1,6812.0,19,6814.0,10,6816.0,1,6818.0,8,6802.0
SF501,,13:48:12.750#,6722.0,6850.0,6712.0,7270.0,6190.0,5662,27169,6792.0,2,6794.0,1,6796.0,2,6798.0,1,6800.0,11,6804.0,1,6812.0,19,6814.0,10,6816.0,1,6818.0,8,6802.0
SF501,,13:48:15.0#,6722.0,6850.0,6712.0,7270.0,6190.0,5662,27169,6794.0,1,6796.0,2,6798.0,1,6800.0,1,6802.0,5,6806.0,3,6812.0,19,6814.0,10,6816.0,1,6818.0,8,6802.0
SF501,,13:48:15.250#,6722.0,6850.0,6712.0,7270.0,6190.0,5662,27169,6796.0,2,6798.0,1,6800.0,1,6802.0,2,6804.0,10,6806.0,3,6812.0,19,6814.0,10,6816.0,1,6818.0,8,6802.0
SF501,,13:48:15.500#,6722.0,6850.0,6712.0,7270.0,6190.0,5662,27169,6794.0,1,6796.0,2,6800.0,1,6802.0,2,6804.0,10,6808.0,3,6812.0,19,6814.0,10,6816.0,1,6818.0,8,6802.0
SF501,,13:48:15.750#,6722.0,6850.0,6712.0,7270.0,6190.0,5662,27169,6794.0,1,6796.0,2,6800.0,1,6802.0,3,6804.0,10,6808.0,3,6812.0,19,6814.0,10,6816.0,1,6818.0,8,6802.0
SF501,,13:48:17.250#,6722.0,6850.0,6712.0,7270.0,6190.0,5662,27169,6794.0,1,6796.0,2,6800.0,1,6802.0,3,6804.0,10,6808.0,4,6812.0,19,6814.0,10,6816.0,1,6818.0,8,6802.0
SF501,,13:48:19.500#,6722.0,6850.0,6712.0,7270.0,6190.0,5665,27169,6794.0,1,6796.0,2,6800.0,1,6802.0,3,6804.0,10,6808.0,5,6812.0,19,6814.0,10,6816.0,1,6818.0,8,6808.0
SF501,,13:48:21.250#,6722.0,6850.0,6712.0,7270.0,6190.0,5665,27169,6792.0,2,6794.0,1,6796.0,2,6802.0,3,6804.0,10,6808.0,5,6812.0,19,6814.0,10,6816.0,1,6818.0,8,6808.0
SF501,,13:48:21.750#,6722.0,6850.0,6712.0,7270.0,6190.0,5665,27169,6792.0,2,6794.0,1,6796.0,2,6802.0,3,6804.0,10,6808.0,7,6812.0,19,6814.0,10,6816.0,1,6818.0,8,6808.0
SF501,,13:48:23.750#,6722.0,6850.0,6712.0,7270.0,6190.0,5665,27169,6792.0,2,6794.0,1,6796.0,2,6802.0,3,6804.0,5,6806.0,3,6812.0,19,6814.0,10,6816.0,1,6818.0,8,6808.0
SF501,,13:48:24.0#,6722.0,6850.0,6712.0,7270.0,6190.0,5665,27169,6792.0,2,6794.0,1,6796.0,2,6802.0,3,6804.0,5,6806.0,1,6812.0,19,6814.0,10,6816.0,1,6818.0,8,6808.0
SF501,,13:48:24.250#,6722.0,6850.0,6712.0,7270.0,6190.0,5665,27169,6792.0,2,6794.0,1,6796.0,2,6802.0,3,6804.0,10,6808.0,7,6812.0,19,6814.0,10,6816.0,1,6818.0,8,6808.0
SF501,,13:48:29.500#,6722.0,6850.0,6712.0,7270.0,6190.0,5665,27169,6792.0,2,6794.0,1,6796.0,2,6802.0,3,6804.0,10,6808.0,7,6812.0,20,6814.0,10,6816.0,1,6818.0,8,6808.0
SF501,,13:48:29.750#,6722.0,6850.0,6712.0,7270.0,6190.0,5665,27169,6792.0,2,6794.0,1,6796.0,2,6802.0,3,6804.0,5,6806.0,3,6812.0,20,6814.0,10,6816.0,1,6818.0,8,6808.0
SF501,,13:48:31.500#,6722.0,6850.0,6712.0,7270.0,6190.0,5665,27169,6792.0,2,6794.0,1,6796.0,2,6802.0,3,6804.0,5,6806.0,3,6812.0,20,6814.0,10,6816.0,2,6818.0,8,6808.0
SF501,,13:48:32.250#,6722.0,6850.0,6712.0,7270.0,6190.0,5665,27169,6792.0,2,6794.0,1,6796.0,2,6802.0,3,6804.0,5,6806.0,1,6812.0,20,6814.0,10,6816.0,2,6818.0,8,6808.0
SF501,,13:48:32.500#,6722.0,6850.0,6712.0,7270.0,6190.0,5665,27169,6792.0,2,6794.0,1,6796.0,2,6802.0,3,6804.0,9,6808.0,7,6812.0,20,6814.0,10,6816.0,2,6818.0,8,6808.0
SF501,,13:48:32.750#,6722.0,6850.0,6712.0,7270.0,6190.0,5665,27169,6792.0,2,6794.0,1,6796.0,2,6802.0,3,6804.0,10,6808.0,7,6812.0,20,6814.0,10,6816.0,6,6818.0,8,6808.0
SF501,,13:48:41.500#,6722.0,6850.0,6712.0,7270.0,6190.0,5665,27169,6792.0,2,6794.0,1,6796.0,2,6802.0,3,6806.0,1,6808.0,7,6812.0,20,6814.0,10,6816.0,6,6818.0,8,6808.0
SF501,,13:48:41.750#,6722.0,6850.0,6712.0,7270.0,6190.0,5665,27169,6792.0,2,6794.0,1,6796.0,2,6802.0,3,6806.0,2,6808.0,5,6812.0,20,6814.0,10,6816.0,6,6818.0,8,6808.0
SF501,,13:48:42.0#,6722.0,6850.0,6712.0,7270.0,6190.0,5665,27169,6792.0,2,6794.0,1,6796.0,2,6802.0,3,6806.0,2,6808.0,7,6812.0,20,6814.0,10,6816.0,6,6818.0,8,6808.0
SF501,,13:48:42.250#,6722.0,6850.0,6712.0,7270.0,6190.0,5665,27169,6792.0,2,6794.0,1,6796.0,2,6802.0,3,6806.0,3,6808.0,7,6812.0,20,6814.0,10,6816.0,6,6818.0,8,6808.0
SF501,,13:48:42.500#,6722.0,6850.0,6712.0,7270.0,6190.0,5667,27169,6792.0,2,6794.0,1,6796.0,2,6802.0,3,6808.0,3,6810.0,17,6812.0,20,6814.0,10,6816.0,6,6818.0,8,6808.0
SF501,,13:48:42.750#,6722.0,6850.0,6712.0,7270.0,6190.0,5669,27169,6794.0,1,6796.0,3,6800.0,1,6802.0,3,6808.0,1,6810.0,17,6812.0,20,6814.0,10,6816.0,6,6818.0,8,6808.0
SF501,,13:48:43.0#,6722.0,6850.0,6712.0,7270.0,6190.0,5670,27168,6794.0,1,6796.0,3,6800.0,1,6802.0,3,6806.0,5,6810.0,16,6812.0,20,6814.0,10,6816.0,6,6818.0,8,6808.0
SF501,,13:48:44.0#,6722.0,6850.0,6712.0,7270.0,6190.0,5675,27167,6794.0,1,6796.0,3,6800.0,1,6802.0,3,6806.0,5,6810.0,21,6812.0,20,6814.0,10,6816.0,6,6818.0,8,6810.0
SF501,,13:48:44.250#,6722.0,6850.0,6712.0,7270.0,6190.0,5675,27167,6794.0,1,6796.0,3,6800.0,1,6802.0,3,6806.0,5,6810.0,16,6812.0,20,6814.0,10,6816.0,6,6818.0,8,6810.0
SF501,,13:48:44.500#,6722.0,6850.0,6712.0,7270.0,6190.0,5680,27162,6794.0,1,6796.0,3,6800.0,1,6802.0,3,6806.0,10,6810.0,11,6812.0,20,6814.0,10,6816.0,6,6818.0,8,6810.0
SF501,,13:48:44.750#,6722.0,6850.0,6712.0,7270.0,6190.0,5680,27162,6794.0,1,6796.0,3,6800.0,1,6802.0,2,6806.0,10,6810.0,11,6812.0,20,6814.0,10,6816.0,6,6818.0,8,6810.0
SF501,,13:48:45.0#,6722.0,6850.0,6712.0,7270.0,6190.0,5680,27162,6794.0,1,6796.0,3,6800.0,1,6802.0,2,6806.0,11,6810.0,6,6812.0,20,6814.0,10,6816.0,6,6818.0,8,6810.0
SF501,,13:48:48.0#,6722.0,6850.0,6712.0,7270.0,6190.0,5680,27162,6794.0,1,6796.0,3,6800.0,1,6802.0,2,6806.0,11,6810.0,11,6812.0,20,6814.0,10,6816.0,6,6818.0,8,6810.0
SF501,,13:48:49.0#,6722.0,6850.0,6712.0,7270.0,6190.0,5682,27160,6794.0,1,6796.0,3,6800.0,1,6802.0,2,6806.0,11,6810.0,9,6812.0,20,6814.0,10,6816.0,6,6818.0,8,6810.0
SF501,,13:48:50.0#,6722.0,6850.0,6712.0,7270.0,6190.0,5683,27160,6794.0,1,6796.0,3,6800.0,1,6802.0,2,6804.0,2,6808.0,5,6812.0,20,6814.0,10,6816.0,6,6818.0,8,6806.0
SF501,,13:48:50.250#,6722.0,6850.0,6712.0,7270.0,6190.0,5683,27160,6792.0,2,6794.0,1,6796.0,3,6800.0,1,6804.0,5,6806.0,10,6812.0,21,6814.0,10,6816.0,6,6818.0,8,6806.0
SF501,,13:48:50.500#,6722.0,6850.0,6712.0,7270.0,6190.0,5683,27160,6792.0,2,6794.0,1,6796.0,3,6800.0,1,6804.0,5,6806.0,6,6812.0,21,6814.0,10,6816.0,6,6818.0,8,6806.0
SF501,,13:48:51.250#,6722.0,6850.0,6712.0,7270.0,6190.0,5683,27160,6792.0,2,6794.0,1,6796.0,3,6800.0,1,6802.0,10,6806.0,6,6812.0,21,6814.0,10,6816.0,6,6818.0,8,6806.0
SF501,,13:48:51.500#,6722.0,6850.0,6712.0,7270.0,6190.0,5683,27160,6792.0,2,6794.0,1,6796.0,3,6800.0,1,6802.0,5,6806.0,10,6812.0,20,6814.0,10,6816.0,6,6818.0,8,6806.0
SF501,,13:48:51.750#,6722.0,6850.0,6712.0,7270.0,6190.0,5683,27160,6792.0,2,6794.0,1,6796.0,3,6800.0,1,6802.0,5,6806.0,10,6810.0,1,6812.0,20,6814.0,10,6816.0,6,6806.0
SF501,,13:48:54.750#,6722.0,6850.0,6712.0,7270.0,6190.0,5683,27160,6792.0,2,6794.0,1,6796.0,3,6800.0,1,6802.0,5,6806.0,10,6810.0,2,6812.0,19,6814.0,10,6816.0,6,6806.0
SF501,,13:48:55.500#,6722.0,6850.0,6712.0,7270.0,6190.0,5683,27160,6792.0,2,6794.0,1,6796.0,3,6800.0,1,6802.0,5,6806.0,6,6810.0,2,6812.0,19,6814.0,10,6816.0,6,6806.0
SF501,,13:48:56.0#,6722.0,6850.0,6712.0,7270.0,6190.0,5683,27160,6792.0,2,6794.0,1,6796.0,3,6800.0,1,6802.0,6,6806.0,6,6810.0,2,6812.0,19,6814.0,10,6816.0,6,6806.0
SF501,,13:48:57.750#,6722.0,6850.0,6712.0,7270.0,6190.0,5683,27160,6792.0,2,6794.0,1,6796.0,3,6800.0,1,6802.0,5,6806.0,6,6810.0,2,6812.0,19,6814.0,10,6816.0,6,6806.0
SF501,,13:48:58.250#,6722.0,6850.0,6712.0,7270.0,6190.0,5683,27160,6792.0,2,6794.0,1,6796.0,3,6800.0,1,6802.0,5,6804.0,1,6810.0,2,6812.0,19,6814.0,10,6816.0,6,6806.0
SF501,,13:48:58.500#,6722.0,6850.0,6712.0,7270.0,6190.0,5683,27160,6792.0,2,6794.0,1,6796.0,3,6800.0,1,6802.0,5,6804.0,2,6810.0,2,6812.0,19,6814.0,10,6816.0,6,6806.0
SF501,,13:48:59.750#,6722.0,6850.0,6712.0,7270.0,6190.0,5683,27160,6788.0,1,6792.0,2,6794.0,1,6796.0,3,6800.0,11,6804.0,2,6810.0,2,6812.0,19,6814.0,10,6816.0,6,6806.0
SF501,,13:49:00.0#,6722.0,6850.0,6712.0,7270.0,6190.0,5683,27160,6788.0,1,6792.0,2,6794.0,1,6796.0,3,6800.0,8,6804.0,10,6810.0,1,6812.0,19,6814.0,10,6816.0,6,6806.0
SF501,,13:49:00.250#,6722.0,6850.0,6712.0,7270.0,6190.0,5683,27160,6788.0,1,6792.0,2,6794.0,1,6796.0,2,6800.0,5,6804.0,12,6808.0,1,6810.0,1,6812.0,19,6814.0,10,6806.0
SF501,,13:49:00.500#,6722.0,6850.0,6712.0,7270.0,6190.0,5683,27160,6788.0,1,6792.0,2,6794.0,1,6796.0,2,6798.0,10,6802.0,1,6808.0,1,6810.0,1,6812.0,19,6814.0,10,6806.0
SF501,,13:49:01.0#,6722.0,6850.0,6712.0,7270.0,6190.0,5683,27160,6788.0,1,6792.0,2,6794.0,1,6796.0,2,6798.0,10,6802.0,1,6808.0,1,6810.0,1,6812.0,19,6814.0,10,6806.0
SF501,,13:49:01.250#,6722.0,6850.0,6712.0,7270.0,6190.0,5683,27160,6788.0,1,6792.0,2,6794.0,1,6796.0,2,6798.0,5,6802.0,6,6808.0,1,6810.0,1,6812.0,19,6814.0,10,6806.0
SF501,,13:49:01.500#,6722.0,6850.0,6712.0,7270.0,6190.0,5683,27160,6788.0,1,6792.0,2,6794.0,1,6796.0,2,6800.0,5,6802.0,1,6808.0,1,6810.0,1,6812.0,19,6814.0,11,6806.0
SF501,,13:49:02.0#,6722.0,6850.0,6712.0,7270.0,6190.0,5684,27161,6788.0,1,6792.0,2,6794.0,1,6796.0,2,6800.0,4,6802.0,1,6808.0,1,6810.0,1,6812.0,19,6814.0,11,6802.0
SF501,,13:49:05.500#,6722.0,6850.0,6712.0,7270.0,6190.0,5684,27161,6788.0,1,6792.0,2,6794.0,1,6796.0,2,6800.0,4,6802.0,10,6808.0,1,6810.0,1,6812.0,19,6814.0,11,6802.0
SF501,,13:49:06.750#,6722.0,6850.0,6712.0,7270.0,6190.0,5688,27161,6788.0,1,6792.0,2,6794.0,1,6796.0,2,6798.0,10,6802.0,11,6808.0,1,6810.0,1,6812.0,19,6814.0,11,6802.0
SF501,,13:49:07.500#,6722.0,6850.0,6712.0,7270.0,6190.0,5688,27161,6788.0,1,6792.0,2,6794.0,1,6796.0,2,6798.0,10,6802.0,7,6808.0,1,6810.0,1,6812.0,19,6814.0,11,6802.0
SF501,,13:49:09.250#,6722.0,6850.0,6712.0,7270.0,6190.0,5688,27161,6788.0,1,6792.0,2,6794.0,1,6796.0,2,6798.0,5,6800.0,1,6808.0,1,6810.0,1,6812.0,19,6814.0,11,6802.0
SF501,,13:49:11.250#,6722.0,6850.0,6712.0,7270.0,6190.0,5688,27161,6788.0,1,6792.0,2,6794.0,1,6796.0,2,6798.0,1,6800.0,1,6808.0,1,6810.0,1,6812.0,19,6814.0,11,6802.0
SF501,,13:49:11.500#,6722.0,6850.0,6712.0,7270.0,6190.0,5688,27161,6786.0,10,6788.0,1,6792.0,2,6794.0,1,6796.0,12,6800.0,1,6808.0,1,6810.0,1,6812.0,19,6814.0,11,6802.0
SF501,,13:49:11.750#,6722.0,6850.0,6712.0,7270.0,6190.0,5688,27161,6784.0,2,6788.0,1,6792.0,2,6794.0,1,6796.0,12,6800.0,1,6808.0,1,6810.0,1,6812.0,19,6814.0,11,6802.0
SF501,,13:49:12.0#,6722.0,6850.0,6712.0,7270.0,6190.0,5688,27161,6784.0,2,6788.0,1,6792.0,2,6794.0,1,6796.0,12,6800.0,1,6808.0,1,6810.0,1,6812.0,19,6814.0,11,6802.0
SF501,,13:49:14.500#,6722.0,6850.0,6712.0,7270.0,6190.0,5688,27161,6784.0,2,6788.0,1,6792.0,2,6794.0,1,6796.0,12,6800.0,7,6808.0,1,6810.0,1,6812.0,19,6814.0,11,6802.0
SF501,,13:49:15.750#,6722.0,6850.0,6712.0,7270.0,6190.0,5688,27161,6784.0,2,6788.0,1,6792.0,2,6794.0,1,6796.0,12,6800.0,7,6808.0,1,6810.0,1,6812.0,19,6814.0,11,6802.0
SF501,,13:49:16.0#,6722.0,6850.0,6712.0,7270.0,6190.0,5688,27161,6788.0,1,6792.0,2,6794.0,1,6796.0,2,6798.0,1,6800.0,7,6808.0,1,6810.0,1,6812.0,19,6814.0,11,6802.0
SF501,,13:49:16.500#,6722.0,6850.0,6712.0,7270.0,6190.0,5688,27161,6784.0,2,6788.0,1,6792.0,2,6794.0,1,6796.0,13,6800.0,7,6808.0,1,6810.0,1,6812.0,19,6814.0,11,6802.0
SF501,,13:49:17.0#,6722.0,6850.0,6712.0,7270.0,6190.0,5688,27161,6788.0,1,6792.0,2,6794.0,1,6796.0,2,6798.0,1,6800.0,7,6808.0,1,6810.0,1,6812.0,19,6814.0,11,6802.0
SF501,,13:49:17.250#,6722.0,6850.0,6712.0,7270.0,6190.0,5688,27161,6784.0,2,6788.0,1,6792.0,2,6796.0,2,6798.0,1,6800.0,7,6808.0,1,6810.0,1,6812.0,19,6814.0,11,6802.0
SF501,,13:49:18.500#,6722.0,6850.0,6712.0,7270.0,6190.0,5688,27161,6784.0,2,6788.0,1,6790.0,1,6792.0,2,6796.0,13,6800.0,7,6808.0,1,6810.0,1,6812.0,19,6814.0,11,6802.0
SF501,,13:49:20.250#,6722.0,6850.0,6712.0,7270.0,6190.0,5688,27161,6788.0,1,6790.0,1,6792.0,2,6796.0,2,6798.0,10,6800.0,7,6808.0,1,6810.0,1,6812.0,19,6814.0,11,6802.0
SF501,,13:49:20.750#,6722.0,6850.0,6712.0,7270.0,6190.0,5689,27161,6788.0,1,6790.0,1,6792.0,2,6796.0,2,6798.0,10,6800.0,6,6808.0,1,6810.0,1,6812.0,19,6814.0,11,6798.0
SF501,,13:49:21.0#,6722.0,6850.0,6712.0,7270.0,6190.0,5689,27161,6788.0,1,6790.0,1,6792.0,2,6796.0,2,6798.0,12,6800.0,1,6808.0,1,6810.0,1,6812.0,19,6814.0,11,6798.0
SF501,,13:49:21.250#,6722.0,6850.0,6712.0,7270.0,6190.0,5689,27161,6788.0,1,6790.0,1,6792.0,2,6796.0,2,6798.0,14,6800.0,1,6808.0,1,6810.0,1,6812.0,19,6814.0,11,6798.0
SF501,,13:49:21.500#,6722.0,6850.0,6712.0,7270.0,6190.0,5689,27161,6788.0,1,6790.0,1,6792.0,2,6796.0,2,6798.0,15,6800.0,1,6808.0,1,6810.0,1,6812.0,19,6814.0,11,6798.0
SF501,,13:49:21.750#,6722.0,6850.0,6712.0,7270.0,6190.0,5689,27161,6788.0,1,6790.0,1,6792.0,2,6796.0,2,6798.0,19,6800.0,1,6808.0,1,6810.0,1,6812.0,19,6814.0,11,6798.0
SF501,,13:49:22.0#,6722.0,6850.0,6712.0,7270.0,6190.0,5689,27161,6788.0,1,6790.0,1,6792.0,2,6796.0,2,6798.0,19,6800.0,1,6808.0,1,6810.0,1,6812.0,19,6814.0,12,6798.0
SF501,,13:49:23.750#,6722.0,6850.0,6712.0,7270.0,6190.0,5689,27161,6788.0,1,6790.0,1,6792.0,2,6796.0,2,6798.0,19,6804.0,17,6808.0,1,6810.0,1,6812.0,19,6814.0,12,6798.0
SF501,,13:49:24.0#,6722.0,6850.0,6712.0,7270.0,6190.0,5689,27161,6788.0,1,6790.0,1,6792.0,3,6796.0,2,6798.0,19,6802.0,5,6808.0,1,6810.0,1,6812.0,19,6814.0,12,6798.0
SF501,,13:49:24.250#,6722.0,6850.0,6712.0,7270.0,6190.0,5689,27161,6790.0,1,6792.0,3,6796.0,2,6798.0,9,6800.0,1,6802.0,5,6808.0,1,6810.0,1,6812.0,19,6814.0,12,6798.0
SF501,,13:49:24.500#,6722.0,6850.0,6712.0,7270.0,6190.0,5689,27161,6790.0,1,6792.0,3,6796.0,2,6798.0,9,6800.0,5,6802.0,5,6808.0,1,6810.0,1,6812.0,19,6814.0,12,6798.0
SF501,,13:49:25.250#,6722.0,6850.0,6712.0,7270.0,6190.0,5689,27161,6790.0,1,6792.0,3,6796.0,2,6798.0,9,6800.0,4,6804.0,10,6808.0,1,6810.0,1,6812.0,19,6814.0,12,6798.0
SF501,,13:49:25.500#,6722.0,6850.0,6712.0,7270.0,6190.0,5689,27161,6790.0,1,6792.0,3,6796.0,2,6798.0,9,6800.0,5,6804.0,10,6808.0,1,6810.0,1,6812.0,19,6814.0,12,6798.0
SF501,,13:49:26.0#,6722.0,6850.0,6712.0,7270.0,6190.0,5689,27161,6790.0,1,6792.0,3,6796.0,2,6798.0,9,6800.0,5,6804.0,6,6808.0,1,6810.0,1,6812.0,19,6814.0,12,6798.0
SF501,,13:49:26.750#,6722.0,6850.0,6712.0,7270.0,6190.0,5690,27161,6790.0,1,6792.0,3,6796.0,2,6798.0,9,6800.0,4,6804.0,6,6808.0,1,6810.0,1,6812.0,19,6814.0,12,6800.0
SF501,,13:49:28.250#,6722.0,6850.0,6712.0,7270.0,6190.0,5690,27161,6790.0,1,6792.0,3,6796.0,2,6798.0,9,6800.0,9,6804.0,6,6808.0,1,6810.0,1,6812.0,19,6814.0,12,6800.0
SF501,,13:49:28.500#,6722.0,6850.0,6712.0,7270.0,6190.0,5690,27161,6790.0,1,6792.0,3,6796.0,2,6798.0,9,6800.0,9,6804.0,6,6810.0,1,6812.0,19,6814.0,12,6816.0,6,6800.0
SF501,,13:49:28.750#,6722.0,6850.0,6712.0,7270.0,6190.0,5690,27161,6790.0,1,6792.0,3,6796.0,2,6798.0,9,6802.0,4,6804.0,1,6810.0,1,6812.0,19,6814.0,12,6816.0,6,6800.0
