InstrumentId,ExchangeId,Datetime,OpenPrice,HighestPrice,LowestPrice,UpperLimitPrice,LowerLimitPrice,Volume,OpenInterest,BidPrice5,BidVolume5,BidPrice4,BidVolume4,BidPrice3,BidVolume3,BidPrice2,BidVolume2,BidPrice1,BidVolume1,AskPrice1,AskVolume1,AskPrice2,AskVolume2,AskPrice3,AskVolume3,AskPrice4,AskVolume4,AskPrice5,AskVolume5,LastPrice
SF505,,13:38:36.500#,6768.0,6894.0,6768.0,7330.0,6242.0,448,2527,6842.0,1,6846.0,1,6848.0,1,6850.0,1,6856.0,1,6860.0,1,6862.0,2,6864.0,1,6866.0,1,6870.0,4,6860.0
SF505,,13:38:43.0#,6768.0,6894.0,6768.0,7330.0,6242.0,448,2527,6842.0,1,6846.0,1,6848.0,1,6850.0,1,6854.0,1,6860.0,1,6862.0,2,6864.0,1,6866.0,1,6870.0,4,6860.0
SF505,,13:38:48.500#,6768.0,6894.0,6768.0,7330.0,6242.0,448,2527,6842.0,1,6846.0,1,6848.0,1,6850.0,1,6856.0,1,6860.0,1,6862.0,2,6864.0,1,6866.0,1,6870.0,4,6860.0
SF505,,13:39:28.250#,6768.0,6894.0,6768.0,7330.0,6242.0,448,2527,6842.0,1,6846.0,1,6848.0,1,6850.0,1,6856.0,1,6860.0,2,6862.0,2,6864.0,1,6866.0,1,6870.0,4,6860.0
SF505,,13:39:32.750#,6768.0,6894.0,6768.0,7330.0,6242.0,448,2527,6842.0,1,6846.0,1,6848.0,1,6850.0,1,6854.0,1,6860.0,2,6862.0,2,6864.0,1,6866.0,1,6870.0,4,6860.0
SF505,,13:39:42.750#,6768.0,6894.0,6768.0,7330.0,6242.0,448,2527,6840.0,1,6842.0,1,6846.0,1,6848.0,1,6854.0,1,6860.0,2,6862.0,2,6864.0,1,6866.0,1,6870.0,4,6860.0
SF505,,13:39:43.0#,6768.0,6894.0,6768.0,7330.0,6242.0,448,2527,6840.0,1,6842.0,1,6846.0,1,6848.0,2,6854.0,1,6860.0,2,6862.0,2,6864.0,1,6870.0,4,6872.0,2,6860.0
SF505,,13:39:43.250#,6768.0,6894.0,6768.0,7330.0,6242.0,448,2527,6840.0,1,6842.0,1,6846.0,1,6848.0,2,6854.0,1,6860.0,2,6862.0,2,6864.0,2,6870.0,4,6872.0,2,6860.0
SF505,,13:40:00.500#,6768.0,6894.0,6768.0,7330.0,6242.0,448,2527,6840.0,1,6842.0,1,6846.0,1,6848.0,2,6858.0,1,6860.0,1,6862.0,2,6864.0,2,6870.0,4,6872.0,2,6860.0
SF505,,13:40:00.750#,6768.0,6894.0,6768.0,7330.0,6242.0,449,2527,6840.0,1,6842.0,1,6846.0,1,6848.0,2,6852.0,2,6860.0,1,6862.0,2,6864.0,2,6870.0,4,6872.0,2,6858.0
SF505,,13:40:01.0#,6768.0,6894.0,6768.0,7330.0,6242.0,449,2527,6842.0,1,6846.0,1,6848.0,2,6854.0,1,6856.0,1,6860.0,1,6862.0,2,6864.0,2,6870.0,4,6872.0,2,6858.0
SF505,,13:40:04.0#,6768.0,6894.0,6768.0,7330.0,6242.0,449,2527,6840.0,1,6842.0,1,6846.0,1,6848.0,2,6854.0,2,6860.0,1,6862.0,2,6864.0,2,6870.0,4,6872.0,2,6858.0
SF505,,13:40:07.250#,6768.0,6894.0,6768.0,7330.0,6242.0,449,2527,6842.0,1,6846.0,1,6848.0,2,6854.0,1,6856.0,1,6860.0,1,6862.0,2,6864.0,2,6870.0,4,6872.0,2,6858.0
SF505,,13:40:10.250#,6768.0,6894.0,6768.0,7330.0,6242.0,449,2527,6840.0,1,6842.0,1,6846.0,1,6848.0,2,6854.0,2,6860.0,1,6862.0,2,6864.0,2,6870.0,4,6872.0,2,6858.0
SF505,,13:40:12.250#,6768.0,6894.0,6768.0,7330.0,6242.0,449,2527,6842.0,1,6846.0,1,6848.0,2,6854.0,1,6856.0,1,6860.0,1,6862.0,2,6864.0,2,6870.0,4,6872.0,2,6858.0
SF505,,13:40:14.250#,6768.0,6894.0,6768.0,7330.0,6242.0,449,2527,6840.0,1,6842.0,1,6846.0,1,6848.0,2,6854.0,2,6860.0,1,6862.0,2,6864.0,2,6870.0,4,6872.0,2,6858.0
SF505,,13:40:16.0#,6768.0,6894.0,6768.0,7330.0,6242.0,449,2527,6842.0,1,6846.0,1,6848.0,2,6854.0,1,6856.0,1,6860.0,1,6862.0,2,6864.0,1,6870.0,4,6872.0,2,6858.0
SF505,,13:40:16.750#,6768.0,6894.0,6768.0,7330.0,6242.0,449,2527,6840.0,1,6842.0,1,6846.0,1,6848.0,2,6854.0,2,6860.0,1,6862.0,2,6864.0,1,6870.0,4,6872.0,2,6858.0
SF505,,13:40:17.0#,6768.0,6894.0,6768.0,7330.0,6242.0,449,2527,6840.0,1,6842.0,1,6846.0,1,6848.0,1,6854.0,2,6860.0,1,6862.0,2,6864.0,1,6866.0,1,6870.0,4,6858.0
SF505,,13:40:17.250#,6768.0,6894.0,6768.0,7330.0,6242.0,449,2527,6842.0,1,6846.0,1,6848.0,1,6850.0,1,6854.0,2,6860.0,1,6862.0,2,6864.0,1,6866.0,1,6870.0,4,6858.0
SF505,,13:40:28.500#,6768.0,6894.0,6768.0,7330.0,6242.0,449,2527,6846.0,1,6848.0,1,6850.0,1,6854.0,1,6856.0,1,6860.0,1,6862.0,2,6864.0,1,6866.0,1,6870.0,4,6858.0
SF505,,13:41:41.750#,6768.0,6894.0,6768.0,7330.0,6242.0,450,2528,6842.0,1,6846.0,1,6848.0,1,6850.0,1,6854.0,3,6862.0,2,6864.0,1,6866.0,1,6870.0,4,6872.0,2,6860.0
SF505,,13:41:42.0#,6768.0,6894.0,6768.0,7330.0,6242.0,450,2528,6840.0,1,6842.0,1,6846.0,1,6848.0,1,6854.0,3,6862.0,2,6864.0,1,6870.0,4,6872.0,2,6880.0,3,6860.0
SF505,,13:41:45.250#,6768.0,6894.0,6768.0,7330.0,6242.0,450,2528,6840.0,1,6842.0,1,6846.0,1,6848.0,1,6854.0,4,6860.0,1,6862.0,2,6864.0,1,6870.0,5,6872.0,2,6860.0
SF505,,13:41:47.500#,6768.0,6894.0,6768.0,7330.0,6242.0,450,2528,6840.0,1,6842.0,1,6846.0,1,6848.0,1,6854.0,5,6860.0,1,6862.0,2,6864.0,1,6870.0,5,6872.0,2,6860.0
SF505,,13:41:56.500#,6768.0,6894.0,6768.0,7330.0,6242.0,450,2528,6842.0,1,6846.0,1,6848.0,1,6854.0,2,6856.0,1,6860.0,1,6862.0,2,6864.0,1,6870.0,5,6872.0,2,6860.0
SF505,,13:42:16.0#,6768.0,6894.0,6768.0,7330.0,6242.0,450,2528,6842.0,1,6846.0,1,6848.0,1,6854.0,2,6856.0,2,6860.0,1,6862.0,2,6864.0,1,6870.0,5,6872.0,2,6860.0
SF505,,13:42:16.250#,6768.0,6894.0,6768.0,7330.0,6242.0,450,2528,6842.0,1,6846.0,1,6848.0,1,6854.0,2,6856.0,1,6860.0,1,6862.0,2,6864.0,1,6870.0,5,6872.0,2,6860.0
SF505,,13:42:26.250#,6768.0,6894.0,6768.0,7330.0,6242.0,450,2528,6840.0,1,6842.0,1,6846.0,1,6848.0,1,6854.0,5,6860.0,1,6862.0,2,6864.0,1,6870.0,5,6872.0,2,6860.0
SF505,,13:42:26.500#,6768.0,6894.0,6768.0,7330.0,6242.0,450,2528,6840.0,1,6842.0,1,6846.0,1,6848.0,1,6854.0,4,6860.0,1,6862.0,2,6864.0,1,6870.0,5,6872.0,2,6860.0
SF505,,13:42:32.250#,6768.0,6894.0,6768.0,7330.0,6242.0,450,2528,6846.0,1,6848.0,1,6852.0,1,6854.0,1,6858.0,1,6860.0,1,6862.0,2,6864.0,1,6870.0,5,6872.0,2,6860.0
SF505,,13:42:36.0#,6768.0,6894.0,6768.0,7330.0,6242.0,451,2529,6842.0,1,6846.0,1,6848.0,1,6852.0,1,6854.0,4,6862.0,2,6864.0,1,6870.0,5,6872.0,2,6880.0,3,6860.0
SF505,,13:42:36.250#,6768.0,6894.0,6768.0,7330.0,6242.0,451,2529,6846.0,1,6848.0,1,6852.0,1,6854.0,1,6858.0,1,6862.0,2,6864.0,1,6870.0,4,6872.0,2,6880.0,3,6860.0
SF505,,13:43:00.750#,6768.0,6894.0,6768.0,7330.0,6242.0,451,2529,6846.0,1,6848.0,1,6852.0,1,6854.0,1,6856.0,1,6862.0,2,6864.0,1,6870.0,4,6872.0,2,6880.0,3,6860.0
SF505,,13:43:01.0#,6768.0,6894.0,6768.0,7330.0,6242.0,451,2529,6846.0,1,6848.0,1,6852.0,1,6854.0,1,6858.0,1,6862.0,2,6864.0,1,6866.0,1,6870.0,4,6872.0,2,6860.0
SF505,,13:43:45.750#,6768.0,6894.0,6768.0,7330.0,6242.0,451,2529,6846.0,1,6848.0,1,6852.0,1,6854.0,1,6858.0,1,6860.0,1,6862.0,2,6864.0,1,6866.0,1,6870.0,4,6860.0
SF505,,13:44:10.500#,6768.0,6894.0,6768.0,7330.0,6242.0,451,2529,6846.0,1,6848.0,1,6852.0,1,6854.0,1,6858.0,1,6860.0,2,6862.0,2,6864.0,1,6866.0,1,6870.0,4,6860.0
SF505,,13:44:23.500#,6768.0,6894.0,6768.0,7330.0,6242.0,451,2529,6846.0,1,6848.0,1,6852.0,1,6854.0,1,6856.0,1,6860.0,2,6862.0,2,6864.0,1,6866.0,1,6870.0,4,6860.0
SF505,,13:45:07.0#,6768.0,6894.0,6768.0,7330.0,6242.0,451,2529,6846.0,1,6848.0,1,6852.0,1,6854.0,1,6858.0,1,6860.0,2,6862.0,2,6864.0,1,6866.0,1,6870.0,4,6860.0
SF505,,13:45:30.250#,6768.0,6894.0,6768.0,7330.0,6242.0,451,2529,6846.0,1,6848.0,1,6852.0,1,6854.0,1,6858.0,1,6860.0,2,6862.0,2,6864.0,1,6866.0,1,6870.0,4,6860.0
SF505,,13:45:30.750#,6768.0,6894.0,6768.0,7330.0,6242.0,451,2529,6846.0,1,6848.0,1,6852.0,1,6854.0,1,6856.0,1,6860.0,2,6862.0,2,6864.0,1,6866.0,1,6870.0,4,6860.0
SF505,,13:45:36.0#,6768.0,6894.0,6768.0,7330.0,6242.0,451,2529,6846.0,1,6848.0,1,6852.0,1,6854.0,1,6856.0,1,6860.0,1,6862.0,2,6864.0,1,6866.0,1,6870.0,4,6860.0
SF505,,13:45:37.0#,6768.0,6894.0,6768.0,7330.0,6242.0,451,2529,6846.0,1,6848.0,1,6852.0,1,6854.0,1,6856.0,1,6862.0,2,6864.0,1,6866.0,1,6870.0,4,6872.0,2,6860.0
SF505,,13:46:00.750#,6768.0,6894.0,6768.0,7330.0,6242.0,451,2529,6846.0,1,6848.0,1,6852.0,1,6854.0,1,6856.0,1,6860.0,4,6862.0,2,6864.0,1,6866.0,1,6870.0,4,6860.0
SF505,,13:46:02.500#,6768.0,6894.0,6768.0,7330.0,6242.0,451,2529,6846.0,1,6848.0,1,6852.0,1,6854.0,1,6856.0,1,6862.0,2,6864.0,1,6866.0,1,6870.0,4,6872.0,2,6860.0
SF505,,13:46:05.250#,6768.0,6894.0,6768.0,7330.0,6242.0,451,2529,6846.0,1,6848.0,1,6852.0,1,6854.0,1,6856.0,1,6862.0,3,6864.0,1,6866.0,1,6870.0,4,6872.0,2,6860.0
SF505,,13:46:05.500#,6768.0,6894.0,6768.0,7330.0,6242.0,451,2529,6842.0,1,6846.0,1,6848.0,1,6854.0,1,6856.0,1,6862.0,3,6864.0,1,6866.0,1,6870.0,4,6872.0,2,6860.0
SF505,,13:46:05.750#,6768.0,6894.0,6768.0,7330.0,6242.0,451,2529,6846.0,1,6848.0,1,6850.0,1,6854.0,1,6856.0,1,6862.0,3,6864.0,1,6866.0,1,6870.0,4,6872.0,2,6860.0
SF505,,13:46:08.0#,6768.0,6894.0,6768.0,7330.0,6242.0,451,2529,6846.0,1,6848.0,1,6850.0,1,6854.0,1,6856.0,1,6860.0,4,6862.0,2,6864.0,1,6866.0,1,6870.0,4,6860.0
SF505,,13:46:35.500#,6768.0,6894.0,6768.0,7330.0,6242.0,451,2529,6846.0,1,6848.0,1,6850.0,1,6854.0,1,6858.0,1,6860.0,4,6862.0,2,6864.0,1,6866.0,1,6870.0,4,6860.0
SF505,,13:46:36.500#,6768.0,6894.0,6768.0,7330.0,6242.0,451,2529,6846.0,1,6848.0,1,6850.0,1,6854.0,1,6856.0,1,6860.0,4,6862.0,2,6864.0,1,6866.0,1,6870.0,4,6860.0
SF505,,13:46:48.500#,6768.0,6894.0,6768.0,7330.0,6242.0,451,2529,6842.0,1,6846.0,1,6848.0,1,6850.0,1,6856.0,1,6860.0,4,6862.0,2,6864.0,1,6866.0,1,6870.0,4,6860.0
SF505,,13:46:50.250#,6768.0,6894.0,6768.0,7330.0,6242.0,451,2529,6842.0,1,6846.0,1,6848.0,1,6850.0,1,6854.0,1,6860.0,4,6862.0,2,6864.0,1,6866.0,1,6870.0,4,6860.0
SF505,,13:47:07.500#,6768.0,6894.0,6768.0,7330.0,6242.0,451,2529,6842.0,1,6846.0,1,6848.0,1,6850.0,1,6852.0,4,6860.0,4,6862.0,2,6864.0,1,6866.0,1,6870.0,4,6860.0
SF505,,13:47:17.750#,6768.0,6894.0,6768.0,7330.0,6242.0,451,2529,6840.0,1,6842.0,1,6846.0,1,6850.0,1,6852.0,4,6860.0,4,6862.0,2,6864.0,1,6866.0,1,6870.0,4,6860.0
SF505,,13:47:23.500#,6768.0,6894.0,6768.0,7330.0,6242.0,451,2529,6840.0,1,6842.0,1,6846.0,1,6850.0,1,6854.0,2,6860.0,4,6862.0,2,6864.0,1,6866.0,1,6870.0,4,6860.0
SF505,,13:47:23.750#,6768.0,6894.0,6768.0,7330.0,6242.0,451,2529,6840.0,1,6842.0,1,6846.0,1,6850.0,1,6854.0,3,6860.0,4,6862.0,2,6864.0,1,6866.0,1,6870.0,4,6860.0
SF505,,13:47:24.0#,6768.0,6894.0,6768.0,7330.0,6242.0,451,2529,6840.0,1,6842.0,1,6846.0,1,6850.0,1,6854.0,2,6860.0,4,6862.0,2,6864.0,1,6866.0,1,6870.0,4,6860.0
SF505,,13:47:24.750#,6768.0,6894.0,6768.0,7330.0,6242.0,451,2529,6840.0,1,6842.0,1,6846.0,1,6850.0,1,6854.0,1,6860.0,4,6862.0,2,6864.0,1,6866.0,1,6870.0,4,6860.0
SF505,,13:47:28.500#,6768.0,6894.0,6768.0,7330.0,6242.0,451,2529,6840.0,1,6842.0,1,6846.0,1,6850.0,1,6854.0,3,6860.0,4,6862.0,2,6864.0,1,6866.0,1,6870.0,4,6860.0
SF505,,13:47:40.750#,6768.0,6894.0,6768.0,7330.0,6242.0,451,2529,6840.0,1,6842.0,1,6846.0,1,6850.0,1,6854.0,3,6860.0,4,6862.0,2,6864.0,1,6866.0,1,6870.0,4,6860.0
SF505,,13:47:47.750#,6768.0,6894.0,6768.0,7330.0,6242.0,451,2529,6840.0,1,6842.0,1,6846.0,1,6850.0,1,6854.0,2,6860.0,4,6862.0,2,6864.0,1,6866.0,1,6870.0,4,6860.0
SF505,,13:47:48.750#,6768.0,6894.0,6768.0,7330.0,6242.0,451,2529,6840.0,1,6842.0,1,6846.0,1,6850.0,1,6854.0,3,6860.0,4,6862.0,2,6864.0,1,6866.0,1,6870.0,4,6860.0
SF505,,13:47:50.0#,6768.0,6894.0,6768.0,7330.0,6242.0,451,2529,6840.0,1,6842.0,1,6846.0,1,6850.0,1,6854.0,2,6860.0,4,6862.0,2,6864.0,1,6866.0,1,6870.0,4,6860.0
SF505,,13:48:00.500#,6768.0,6894.0,6768.0,7330.0,6242.0,451,2529,6840.0,1,6842.0,1,6846.0,1,6850.0,1,6852.0,4,6860.0,4,6862.0,2,6864.0,1,6866.0,1,6870.0,4,6860.0
SF505,,13:48:03.750#,6768.0,6894.0,6768.0,7330.0,6242.0,451,2529,6840.0,1,6842.0,1,6846.0,1,6850.0,1,6852.0,3,6860.0,4,6862.0,2,6864.0,1,6866.0,1,6870.0,4,6860.0
SF505,,13:48:06.750#,6768.0,6894.0,6768.0,7330.0,6242.0,451,2529,6840.0,1,6842.0,1,6846.0,1,6850.0,1,6852.0,2,6860.0,4,6862.0,2,6864.0,1,6866.0,1,6870.0,4,6860.0
SF505,,13:48:10.750#,6768.0,6894.0,6768.0,7330.0,6242.0,451,2529,6836.0,2,6840.0,1,6842.0,1,6846.0,1,6850.0,3,6854.0,2,6860.0,4,6862.0,2,6864.0,1,6866.0,1,6860.0
SF505,,13:48:11.0#,6768.0,6894.0,6768.0,7330.0,6242.0,451,2529,6830.0,1,6836.0,2,6840.0,1,6842.0,1,6846.0,1,6852.0,2,6854.0,1,6860.0,4,6862.0,2,6864.0,1,6860.0
SF505,,13:48:11.250#,6768.0,6894.0,6768.0,7330.0,6242.0,451,2529,6830.0,1,6836.0,2,6840.0,1,6842.0,2,6844.0,1,6852.0,2,6854.0,1,6860.0,4,6862.0,2,6864.0,1,6860.0
SF505,,13:48:11.500#,6768.0,6894.0,6768.0,7330.0,6242.0,451,2529,6830.0,1,6836.0,2,6840.0,1,6842.0,2,6844.0,1,6854.0,3,6858.0,1,6860.0,4,6862.0,2,6864.0,1,6860.0
SF505,,13:48:11.750#,6768.0,6894.0,6768.0,7330.0,6242.0,451,2529,6830.0,1,6836.0,2,6840.0,1,6842.0,2,6844.0,1,6852.0,1,6854.0,1,6858.0,1,6860.0,4,6862.0,2,6860.0
SF505,,13:48:12.0#,6768.0,6894.0,6768.0,7330.0,6242.0,451,2529,6830.0,1,6836.0,2,6840.0,1,6842.0,2,6844.0,1,6852.0,1,6858.0,1,6860.0,4,6862.0,2,6864.0,1,6860.0
SF505,,13:48:12.250#,6768.0,6894.0,6768.0,7330.0,6242.0,451,2529,6830.0,1,6836.0,2,6840.0,1,6842.0,2,6844.0,1,6852.0,1,6858.0,1,6860.0,4,6862.0,2,6864.0,1,6860.0
SF505,,13:48:15.0#,6768.0,6894.0,6768.0,7330.0,6242.0,451,2529,6830.0,1,6836.0,2,6840.0,1,6842.0,2,6846.0,1,6856.0,2,6858.0,1,6860.0,4,6862.0,2,6864.0,1,6860.0
SF505,,13:48:15.250#,6768.0,6894.0,6768.0,7330.0,6242.0,451,2529,6830.0,1,6836.0,2,6840.0,1,6842.0,2,6846.0,4,6858.0,3,6860.0,4,6862.0,2,6864.0,1,6870.0,4,6860.0
SF505,,13:48:15.500#,6768.0,6894.0,6768.0,7330.0,6242.0,451,2529,6836.0,2,6840.0,1,6842.0,1,6846.0,1,6848.0,1,6858.0,1,6860.0,4,6862.0,2,6864.0,1,6870.0,4,6860.0
SF505,,13:48:15.750#,6768.0,6894.0,6768.0,7330.0,6242.0,451,2529,6836.0,2,6840.0,1,6842.0,1,6846.0,1,6848.0,1,6858.0,1,6860.0,4,6862.0,3,6864.0,1,6870.0,4,6860.0
SF505,,13:48:16.0#,6768.0,6894.0,6768.0,7330.0,6242.0,451,2529,6836.0,2,6840.0,1,6842.0,1,6846.0,1,6848.0,1,6856.0,1,6860.0,4,6862.0,3,6864.0,1,6870.0,4,6860.0
SF505,,13:48:16.250#,6768.0,6894.0,6768.0,7330.0,6242.0,451,2529,6836.0,2,6840.0,1,6842.0,1,6846.0,1,6848.0,1,6856.0,1,6860.0,4,6862.0,3,6864.0,1,6870.0,4,6860.0
SF505,,13:48:23.750#,6768.0,6894.0,6768.0,7330.0,6242.0,451,2529,6836.0,2,6840.0,1,6842.0,1,6846.0,1,6848.0,1,6856.0,3,6860.0,4,6862.0,3,6864.0,1,6870.0,4,6860.0
SF505,,13:48:24.0#,6768.0,6894.0,6768.0,7330.0,6242.0,451,2529,6836.0,2,6840.0,1,6842.0,1,6846.0,1,6848.0,1,6856.0,2,6860.0,4,6862.0,3,6864.0,1,6870.0,4,6860.0
SF505,,13:48:24.250#,6768.0,6894.0,6768.0,7330.0,6242.0,451,2529,6836.0,2,6840.0,1,6842.0,1,6846.0,1,6848.0,1,6856.0,1,6860.0,4,6862.0,3,6864.0,1,6870.0,4,6860.0
SF505,,13:48:29.750#,6768.0,6894.0,6768.0,7330.0,6242.0,451,2529,6836.0,2,6840.0,1,6842.0,1,6846.0,1,6848.0,1,6856.0,3,6860.0,4,6862.0,3,6864.0,1,6870.0,4,6860.0
SF505,,13:48:30.0#,6768.0,6894.0,6768.0,7330.0,6242.0,451,2529,6836.0,2,6840.0,1,6842.0,1,6846.0,1,6848.0,1,6856.0,3,6860.0,4,6862.0,2,6864.0,1,6870.0,4,6860.0
SF505,,13:48:30.250#,6768.0,6894.0,6768.0,7330.0,6242.0,451,2529,6836.0,2,6840.0,1,6842.0,1,6846.0,1,6848.0,1,6856.0,3,6860.0,5,6862.0,2,6864.0,1,6870.0,4,6860.0
SF505,,13:48:31.750#,6768.0,6894.0,6768.0,7330.0,6242.0,451,2529,6830.0,1,6836.0,2,6840.0,1,6842.0,1,6848.0,1,6856.0,3,6860.0,5,6862.0,2,6864.0,1,6870.0,4,6860.0
SF505,,13:48:32.0#,6768.0,6894.0,6768.0,7330.0,6242.0,451,2529,6836.0,2,6840.0,1,6842.0,1,6844.0,1,6848.0,1,6856.0,3,6860.0,5,6862.0,2,6864.0,1,6870.0,4,6860.0
SF505,,13:48:32.250#,6768.0,6894.0,6768.0,7330.0,6242.0,451,2529,6836.0,2,6840.0,1,6842.0,1,6844.0,1,6848.0,1,6856.0,2,6860.0,5,6862.0,2,6864.0,1,6870.0,4,6860.0
SF505,,13:48:32.500#,6768.0,6894.0,6768.0,7330.0,6242.0,451,2529,6836.0,2,6840.0,1,6842.0,1,6844.0,1,6848.0,1,6856.0,1,6860.0,5,6862.0,2,6864.0,1,6870.0,4,6860.0
SF505,,13:48:41.500#,6768.0,6894.0,6768.0,7330.0,6242.0,451,2529,6836.0,2,6840.0,1,6842.0,1,6844.0,1,6848.0,2,6856.0,1,6860.0,5,6862.0,2,6864.0,1,6870.0,4,6860.0
SF505,,13:48:42.500#,6768.0,6894.0,6768.0,7330.0,6242.0,451,2529,6840.0,1,6842.0,1,6844.0,1,6848.0,1,6852.0,2,6856.0,1,6860.0,5,6862.0,2,6864.0,1,6870.0,4,6860.0
SF505,,13:48:42.750#,6768.0,6894.0,6768.0,7330.0,6242.0,451,2529,6840.0,1,6842.0,1,6844.0,1,6848.0,1,6852.0,1,6858.0,2,6860.0,4,6862.0,2,6864.0,1,6870.0,4,6860.0
SF505,,13:48:43.0#,6768.0,6894.0,6768.0,7330.0,6242.0,451,2529,6830.0,1,6836.0,2,6840.0,1,6842.0,1,6848.0,2,6858.0,2,6860.0,4,6862.0,2,6864.0,2,6870.0,4,6860.0
SF505,,13:48:43.250#,6768.0,6894.0,6768.0,7330.0,6242.0,451,2529,6840.0,1,6842.0,1,6846.0,1,6848.0,1,6850.0,1,6858.0,2,6860.0,4,6862.0,2,6864.0,2,6870.0,4,6860.0
SF505,,13:48:43.500#,6768.0,6894.0,6768.0,7330.0,6242.0,451,2529,6836.0,2,6840.0,1,6842.0,1,6846.0,1,6850.0,1,6858.0,2,6860.0,4,6862.0,2,6864.0,2,6870.0,4,6860.0
SF505,,13:48:44.250#,6768.0,6894.0,6768.0,7330.0,6242.0,451,2529,6836.0,2,6840.0,1,6842.0,1,6846.0,1,6850.0,1,6860.0,6,6862.0,2,6864.0,2,6870.0,4,6872.0,2,6860.0
SF505,,13:48:44.500#,6768.0,6894.0,6768.0,7330.0,6242.0,451,2529,6836.0,2,6840.0,1,6842.0,1,6846.0,1,6850.0,1,6858.0,1,6860.0,4,6862.0,2,6864.0,2,6870.0,4,6860.0
SF505,,13:48:44.750#,6768.0,6894.0,6768.0,7330.0,6242.0,451,2529,6836.0,2,6840.0,1,6842.0,1,6846.0,1,6850.0,1,6858.0,1,6860.0,4,6862.0,2,6864.0,1,6870.0,4,6860.0
SF505,,13:48:45.0#,6768.0,6894.0,6768.0,7330.0,6242.0,451,2529,6836.0,2,6840.0,1,6842.0,1,6846.0,1,6850.0,2,6858.0,1,6860.0,4,6862.0,2,6864.0,1,6870.0,4,6860.0
SF505,,13:48:50.0#,6768.0,6894.0,6768.0,7330.0,6242.0,451,2529,6836.0,2,6840.0,1,6842.0,1,6846.0,1,6850.0,1,6858.0,3,6860.0,4,6862.0,2,6864.0,1,6870.0,4,6860.0
SF505,,13:48:50.250#,6768.0,6894.0,6768.0,7330.0,6242.0,452,2529,6830.0,1,6836.0,2,6840.0,1,6842.0,1,6846.0,1,6856.0,2,6858.0,1,6860.0,4,6862.0,2,6870.0,4,6850.0
SF505,,13:48:50.500#,6768.0,6894.0,6768.0,7330.0,6242.0,452,2529,6830.0,1,6836.0,2,6840.0,1,6842.0,1,6844.0,3,6854.0,2,6856.0,2,6860.0,5,6862.0,2,6870.0,4,6850.0
SF505,,13:48:50.750#,6768.0,6894.0,6768.0,7330.0,6242.0,452,2529,6830.0,1,6836.0,2,6840.0,1,6842.0,1,6844.0,4,6854.0,2,6860.0,5,6862.0,2,6870.0,4,6872.0,2,6850.0
SF505,,13:48:51.0#,6768.0,6894.0,6768.0,7330.0,6242.0,452,2529,6830.0,1,6836.0,2,6840.0,1,6842.0,1,6844.0,3,6854.0,2,6860.0,5,6862.0,2,6870.0,4,6872.0,2,6850.0
SF505,,13:48:51.250#,6768.0,6894.0,6768.0,7330.0,6242.0,452,2529,6830.0,1,6836.0,2,6840.0,1,6842.0,1,6844.0,3,6854.0,3,6860.0,5,6862.0,2,6870.0,4,6872.0,2,6850.0
SF505,,13:48:51.500#,6768.0,6894.0,6768.0,7330.0,6242.0,452,2529,6830.0,1,6836.0,2,6840.0,1,6842.0,1,6844.0,2,6854.0,3,6860.0,5,6862.0,2,6870.0,4,6872.0,2,6850.0
SF505,,13:48:51.750#,6768.0,6894.0,6768.0,7330.0,6242.0,452,2529,6830.0,1,6836.0,2,6840.0,1,6842.0,1,6844.0,2,6854.0,4,6860.0,5,6862.0,2,6870.0,4,6872.0,2,6850.0
SF505,,13:48:56.0#,6768.0,6894.0,6768.0,7330.0,6242.0,452,2529,6830.0,1,6836.0,2,6840.0,1,6842.0,1,6844.0,3,6854.0,4,6860.0,5,6862.0,2,6870.0,4,6872.0,2,6850.0
SF505,,13:48:57.750#,6768.0,6894.0,6768.0,7330.0,6242.0,452,2529,6830.0,1,6836.0,2,6840.0,1,6842.0,1,6844.0,2,6854.0,4,6860.0,5,6862.0,2,6870.0,4,6872.0,2,6850.0
SF505,,13:48:58.500#,6768.0,6894.0,6768.0,7330.0,6242.0,452,2529,6830.0,1,6836.0,2,6840.0,1,6842.0,1,6844.0,1,6854.0,4,6860.0,5,6862.0,2,6870.0,4,6872.0,2,6850.0
SF505,,13:48:58.750#,6768.0,6894.0,6768.0,7330.0,6242.0,452,2529,6830.0,1,6836.0,2,6840.0,1,6842.0,2,6844.0,1,6854.0,4,6860.0,4,6862.0,2,6870.0,4,6872.0,2,6850.0
SF505,,13:48:59.0#,6768.0,6894.0,6768.0,7330.0,6242.0,452,2529,6830.0,1,6836.0,2,6840.0,1,6842.0,2,6844.0,1,6854.0,4,6858.0,1,6860.0,4,6862.0,2,6870.0,4,6850.0
SF505,,13:48:59.750#,6768.0,6894.0,6768.0,7330.0,6242.0,452,2529,6830.0,1,6836.0,2,6840.0,1,6842.0,2,6844.0,1,6852.0,2,6854.0,2,6858.0,1,6860.0,4,6862.0,2,6850.0
SF505,,13:49:00.0#,6768.0,6894.0,6768.0,7330.0,6242.0,452,2529,6830.0,1,6836.0,2,6840.0,1,6842.0,2,6844.0,1,6852.0,4,6858.0,1,6860.0,4,6862.0,2,6870.0,4,6850.0
SF505,,13:49:00.250#,6768.0,6894.0,6768.0,7330.0,6242.0,452,2529,6826.0,2,6830.0,1,6836.0,2,6840.0,1,6842.0,2,6852.0,4,6858.0,1,6860.0,4,6862.0,2,6870.0,4,6850.0
SF505,,13:49:00.500#,6768.0,6894.0,6768.0,7330.0,6242.0,452,2529,6826.0,2,6830.0,1,6836.0,2,6840.0,1,6842.0,1,6852.0,4,6858.0,1,6860.0,4,6862.0,2,6870.0,4,6850.0
SF505,,13:49:01.0#,6768.0,6894.0,6768.0,7330.0,6242.0,452,2529,6820.0,15,6826.0,2,6830.0,1,6836.0,2,6840.0,5,6850.0,2,6856.0,1,6860.0,4,6862.0,3,6870.0,4,6850.0
SF505,,13:49:01.500#,6768.0,6894.0,6768.0,7330.0,6242.0,452,2529,6820.0,15,6826.0,2,6830.0,1,6836.0,1,6840.0,5,6850.0,2,6856.0,1,6860.0,4,6862.0,3,6870.0,4,6850.0
SF505,,13:49:01.750#,6768.0,6894.0,6768.0,7330.0,6242.0,452,2529,6820.0,15,6826.0,2,6830.0,1,6836.0,1,6840.0,6,6850.0,2,6856.0,1,6860.0,4,6862.0,3,6870.0,4,6850.0
SF505,,13:49:03.0#,6768.0,6894.0,6768.0,7330.0,6242.0,452,2529,6820.0,15,6826.0,2,6830.0,1,6836.0,1,6840.0,5,6850.0,2,6856.0,1,6860.0,4,6862.0,3,6870.0,4,6850.0
SF505,,13:49:04.0#,6768.0,6894.0,6768.0,7330.0,6242.0,452,2529,6820.0,15,6826.0,2,6830.0,1,6836.0,1,6840.0,5,6848.0,2,6850.0,2,6856.0,1,6860.0,4,6862.0,3,6850.0
SF505,,13:49:09.500#,6768.0,6894.0,6768.0,7330.0,6242.0,452,2529,6820.0,15,6826.0,2,6830.0,1,6836.0,1,6840.0,4,6848.0,2,6856.0,1,6860.0,4,6862.0,3,6870.0,4,6850.0
SF505,,13:49:09.750#,6768.0,6894.0,6768.0,7330.0,6242.0,452,2529,6826.0,2,6830.0,1,6836.0,1,6838.0,1,6840.0,4,6848.0,2,6860.0,4,6862.0,3,6870.0,4,6872.0,2,6850.0
SF505,,13:49:10.0#,6768.0,6894.0,6768.0,7330.0,6242.0,452,2529,6826.0,2,6830.0,1,6836.0,1,6838.0,1,6840.0,4,6848.0,2,6854.0,1,6860.0,4,6862.0,3,6870.0,4,6850.0
SF505,,13:49:11.250#,6768.0,6894.0,6768.0,7330.0,6242.0,452,2529,6820.0,15,6826.0,2,6830.0,1,6838.0,1,6840.0,4,6848.0,2,6854.0,1,6860.0,4,6862.0,3,6870.0,4,6850.0
SF505,,13:49:11.500#,6768.0,6894.0,6768.0,7330.0,6242.0,452,2529,6820.0,15,6826.0,2,6830.0,1,6838.0,1,6840.0,3,6848.0,2,6854.0,1,6860.0,4,6862.0,3,6870.0,4,6850.0
SF505,,13:49:16.0#,6768.0,6894.0,6768.0,7330.0,6242.0,452,2529,6820.0,15,6826.0,2,6830.0,1,6838.0,1,6840.0,4,6848.0,2,6854.0,1,6860.0,4,6862.0,3,6870.0,4,6850.0
SF505,,13:49:16.500#,6768.0,6894.0,6768.0,7330.0,6242.0,452,2529,6820.0,15,6826.0,2,6830.0,1,6838.0,1,6840.0,3,6848.0,2,6854.0,1,6860.0,4,6862.0,3,6870.0,4,6850.0
SF505,,13:49:17.0#,6768.0,6894.0,6768.0,7330.0,6242.0,452,2529,6820.0,15,6826.0,2,6830.0,1,6838.0,1,6840.0,4,6848.0,2,6854.0,1,6860.0,4,6862.0,3,6870.0,4,6850.0
SF505,,13:49:18.500#,6768.0,6894.0,6768.0,7330.0,6242.0,452,2529,6820.0,15,6826.0,2,6830.0,1,6838.0,1,6840.0,3,6848.0,2,6854.0,1,6860.0,4,6862.0,3,6870.0,4,6850.0
SF505,,13:49:20.250#,6768.0,6894.0,6768.0,7330.0,6242.0,452,2529,6826.0,2,6830.0,1,6838.0,1,6840.0,1,6842.0,2,6848.0,2,6854.0,1,6860.0,4,6862.0,3,6870.0,4,6850.0
SF505,,13:49:21.250#,6768.0,6894.0,6768.0,7330.0,6242.0,452,2529,6826.0,2,6830.0,1,6838.0,1,6840.0,1,6842.0,2,6850.0,2,6854.0,1,6860.0,4,6862.0,3,6870.0,4,6850.0
SF505,,13:49:21.500#,6768.0,6894.0,6768.0,7330.0,6242.0,452,2529,6826.0,2,6830.0,1,6838.0,1,6840.0,1,6842.0,2,6852.0,2,6854.0,1,6860.0,4,6862.0,3,6870.0,4,6850.0
SF505,,13:49:21.750#,6768.0,6894.0,6768.0,7330.0,6242.0,452,2529,6826.0,2,6830.0,1,6838.0,1,6840.0,1,6842.0,2,6850.0,2,6854.0,1,6860.0,4,6862.0,3,6870.0,4,6850.0
SF505,,13:49:24.250#,6768.0,6894.0,6768.0,7330.0,6242.0,452,2529,6826.0,2,6830.0,1,6838.0,1,6840.0,1,6842.0,3,6850.0,2,6854.0,1,6860.0,4,6862.0,3,6870.0,4,6850.0
SF505,,13:49:25.500#,6768.0,6894.0,6768.0,7330.0,6242.0,452,2529,6826.0,2,6830.0,1,6838.0,1,6840.0,1,6842.0,3,6854.0,3,6860.0,4,6862.0,3,6870.0,4,6872.0,2,6850.0
SF505,,13:49:25.750#,6768.0,6894.0,6768.0,7330.0,6242.0,452,2529,6820.0,15,6826.0,2,6830.0,1,6840.0,1,6842.0,3,6852.0,2,6856.0,1,6860.0,4,6862.0,3,6870.0,4,6850.0
SF505,,13:49:26.0#,6768.0,6894.0,6768.0,7330.0,6242.0,452,2529,6820.0,15,6826.0,2,6830.0,1,6840.0,2,6842.0,3,6852.0,2,6856.0,1,6860.0,4,6862.0,3,6870.0,4,6850.0
SF505,,13:49:28.750#,6768.0,6894.0,6768.0,7330.0,6242.0,452,2529,6820.0,15,6826.0,2,6830.0,1,6840.0,2,6844.0,1,6852.0,2,6856.0,1,6860.0,4,6862.0,3,6870.0,4,6850.0
SF505,,13:49:29.0#,6768.0,6894.0,6768.0,7330.0,6242.0,452,2529,6826.0,2,6830.0,1,6832.0,1,6840.0,2,6844.0,1,6852.0,2,6856.0,1,6860.0,4,6862.0,3,6870.0,4,6850.0
