InstrumentId,ExchangeId,Datetime,OpenPrice,HighestPrice,LowestPrice,UpperLimitPrice,LowerLimitPrice,Volume,OpenInterest,BidPrice5,BidVolume5,BidPrice4,BidVolume4,BidPrice3,BidVolume3,BidPrice2,BidVolume2,BidPrice1,BidVolume1,AskPrice1,AskVolume1,AskPrice2,AskVolume2,AskPrice3,AskVolume3,AskPrice4,AskVolume4,AskPrice5,AskVolume5,LastPrice
SH410,,13:38:42.750#,2585.0,2588.0,2485.0,2796.0,2430.0,3565,18787,2501.0,6,2502.0,1,2503.0,111,2504.0,2,2505.0,3,2506.0,2,2507.0,2,2508.0,112,2509.0,1,2510.0,1,2505.0
SH410,,13:38:43.0#,2585.0,2588.0,2485.0,2796.0,2430.0,3565,18787,2501.0,6,2502.0,1,2503.0,121,2504.0,2,2505.0,3,2506.0,2,2507.0,2,2508.0,122,2509.0,1,2510.0,1,2505.0
SH410,,13:38:47.750#,2585.0,2588.0,2485.0,2796.0,2430.0,3565,18787,2501.0,6,2502.0,1,2503.0,121,2504.0,2,2505.0,3,2506.0,1,2507.0,2,2508.0,122,2509.0,1,2510.0,1,2505.0
SH410,,13:38:49.0#,2585.0,2588.0,2485.0,2796.0,2430.0,3565,18787,2501.0,6,2502.0,1,2503.0,121,2504.0,2,2505.0,3,2506.0,4,2507.0,2,2508.0,122,2509.0,1,2510.0,1,2505.0
SH410,,13:38:49.250#,2585.0,2588.0,2485.0,2796.0,2430.0,3565,18787,2500.0,1,2501.0,6,2502.0,41,2503.0,81,2505.0,3,2506.0,5,2507.0,21,2508.0,102,2509.0,1,2510.0,1,2505.0
SH410,,13:38:49.500#,2585.0,2588.0,2485.0,2796.0,2430.0,3565,18787,2500.0,1,2501.0,6,2502.0,31,2503.0,81,2505.0,3,2506.0,5,2507.0,21,2508.0,92,2509.0,1,2510.0,1,2505.0
SH410,,13:38:50.0#,2585.0,2588.0,2485.0,2796.0,2430.0,3565,18787,2501.0,6,2502.0,31,2503.0,91,2504.0,1,2505.0,3,2506.0,5,2507.0,21,2508.0,92,2509.0,11,2510.0,1,2505.0
SH410,,13:38:50.250#,2585.0,2588.0,2485.0,2796.0,2430.0,3565,18787,2501.0,6,2502.0,41,2503.0,81,2504.0,1,2505.0,3,2506.0,5,2507.0,21,2508.0,102,2509.0,1,2510.0,1,2505.0
SH410,,13:38:50.750#,2585.0,2588.0,2485.0,2796.0,2430.0,3565,18787,2501.0,6,2502.0,41,2503.0,81,2504.0,1,2505.0,3,2506.0,2,2507.0,21,2508.0,102,2509.0,1,2510.0,1,2505.0
SH410,,13:38:51.0#,2585.0,2588.0,2485.0,2796.0,2430.0,3565,18787,2501.0,6,2502.0,11,2503.0,101,2504.0,11,2505.0,4,2506.0,1,2507.0,10,2508.0,92,2509.0,21,2510.0,1,2505.0
SH410,,13:38:51.250#,2585.0,2588.0,2485.0,2796.0,2430.0,3565,18787,2501.0,6,2502.0,1,2503.0,111,2504.0,11,2505.0,4,2506.0,1,2508.0,102,2509.0,21,2510.0,1,2511.0,1,2505.0
SH410,,13:38:51.500#,2585.0,2588.0,2485.0,2796.0,2430.0,3565,18787,2501.0,6,2502.0,1,2503.0,101,2504.0,11,2505.0,4,2506.0,1,2508.0,102,2509.0,11,2510.0,1,2511.0,1,2505.0
SH410,,13:38:51.750#,2585.0,2588.0,2485.0,2796.0,2430.0,3565,18787,2501.0,6,2502.0,11,2503.0,111,2504.0,1,2505.0,4,2506.0,1,2508.0,112,2509.0,11,2510.0,1,2511.0,1,2505.0
SH410,,13:38:52.0#,2585.0,2588.0,2485.0,2796.0,2430.0,3565,18787,2501.0,6,2502.0,11,2503.0,101,2504.0,1,2505.0,4,2506.0,1,2508.0,102,2509.0,11,2510.0,1,2511.0,1,2505.0
SH410,,13:38:52.250#,2585.0,2588.0,2485.0,2796.0,2430.0,3565,18787,2501.0,6,2502.0,1,2503.0,121,2504.0,1,2505.0,3,2506.0,1,2508.0,112,2509.0,11,2510.0,1,2511.0,1,2505.0
SH410,,13:38:55.0#,2585.0,2588.0,2485.0,2796.0,2430.0,3565,18787,2501.0,6,2502.0,1,2503.0,111,2504.0,1,2505.0,3,2506.0,1,2508.0,102,2509.0,11,2510.0,1,2511.0,1,2505.0
SH410,,13:38:55.250#,2585.0,2588.0,2485.0,2796.0,2430.0,3565,18787,2501.0,6,2502.0,1,2503.0,121,2504.0,1,2505.0,3,2506.0,1,2508.0,112,2509.0,11,2510.0,1,2511.0,1,2505.0
SH410,,13:38:56.500#,2585.0,2588.0,2485.0,2796.0,2430.0,3566,18786,2501.0,6,2502.0,1,2503.0,121,2504.0,1,2505.0,3,2507.0,3,2508.0,112,2509.0,11,2510.0,1,2511.0,1,2506.0
SH410,,13:38:56.750#,2585.0,2588.0,2485.0,2796.0,2430.0,3566,18786,2501.0,6,2502.0,1,2503.0,101,2504.0,21,2505.0,3,2507.0,4,2508.0,82,2509.0,41,2510.0,1,2511.0,1,2506.0
SH410,,13:38:57.0#,2585.0,2588.0,2485.0,2796.0,2430.0,3566,18786,2501.0,6,2502.0,1,2503.0,121,2504.0,1,2505.0,3,2507.0,4,2508.0,102,2509.0,21,2510.0,1,2511.0,1,2506.0
SH410,,13:38:57.250#,2585.0,2588.0,2485.0,2796.0,2430.0,3566,18786,2501.0,6,2502.0,1,2503.0,111,2504.0,1,2505.0,3,2507.0,4,2508.0,102,2509.0,11,2510.0,1,2511.0,1,2506.0
SH410,,13:38:58.0#,2585.0,2588.0,2485.0,2796.0,2430.0,3566,18786,2501.0,6,2502.0,1,2503.0,121,2504.0,1,2505.0,3,2507.0,4,2508.0,112,2509.0,11,2510.0,1,2511.0,1,2506.0
SH410,,13:38:59.750#,2585.0,2588.0,2485.0,2796.0,2430.0,3566,18786,2501.0,6,2502.0,1,2503.0,111,2504.0,1,2505.0,3,2507.0,4,2508.0,102,2509.0,11,2510.0,1,2511.0,1,2506.0
SH410,,13:39:00.0#,2585.0,2588.0,2485.0,2796.0,2430.0,3566,18786,2501.0,6,2502.0,1,2503.0,121,2504.0,1,2505.0,3,2507.0,4,2508.0,112,2509.0,11,2510.0,1,2511.0,1,2506.0
SH410,,13:39:05.750#,2585.0,2588.0,2485.0,2796.0,2430.0,3566,18786,2501.0,6,2502.0,1,2503.0,111,2504.0,1,2505.0,3,2507.0,4,2508.0,102,2509.0,11,2510.0,1,2511.0,1,2506.0
SH410,,13:39:06.0#,2585.0,2588.0,2485.0,2796.0,2430.0,3566,18786,2501.0,6,2502.0,1,2503.0,121,2504.0,1,2505.0,3,2507.0,4,2508.0,112,2509.0,11,2510.0,1,2511.0,1,2506.0
SH410,,13:39:18.0#,2585.0,2588.0,2485.0,2796.0,2430.0,3566,18786,2501.0,6,2502.0,1,2503.0,111,2504.0,1,2505.0,3,2507.0,4,2508.0,102,2509.0,11,2510.0,1,2511.0,1,2506.0
SH410,,13:39:18.250#,2585.0,2588.0,2485.0,2796.0,2430.0,3566,18786,2501.0,6,2502.0,1,2503.0,121,2504.0,1,2505.0,3,2507.0,4,2508.0,112,2509.0,11,2510.0,1,2511.0,1,2506.0
SH410,,13:39:18.500#,2585.0,2588.0,2485.0,2796.0,2430.0,3566,18786,2501.0,6,2502.0,11,2503.0,111,2504.0,1,2505.0,3,2507.0,5,2508.0,122,2509.0,1,2510.0,1,2511.0,1,2506.0
SH410,,13:39:19.0#,2585.0,2588.0,2485.0,2796.0,2430.0,3566,18786,2501.0,6,2502.0,11,2503.0,111,2504.0,1,2505.0,3,2507.0,5,2508.0,112,2509.0,11,2510.0,1,2511.0,1,2506.0
SH410,,13:39:19.250#,2585.0,2588.0,2485.0,2796.0,2430.0,3566,18786,2501.0,6,2502.0,11,2503.0,111,2504.0,1,2505.0,3,2506.0,3,2507.0,2,2508.0,112,2509.0,11,2510.0,1,2506.0
SH410,,13:39:19.500#,2585.0,2588.0,2485.0,2796.0,2430.0,3566,18786,2501.0,6,2502.0,31,2503.0,91,2504.0,1,2505.0,3,2506.0,4,2507.0,11,2508.0,102,2509.0,11,2510.0,1,2506.0
SH410,,13:39:19.750#,2585.0,2588.0,2485.0,2796.0,2430.0,3566,18786,2501.0,6,2502.0,41,2503.0,81,2504.0,1,2505.0,3,2506.0,4,2507.0,11,2508.0,112,2509.0,1,2510.0,1,2506.0
SH410,,13:39:20.250#,2585.0,2588.0,2485.0,2796.0,2430.0,3566,18786,2501.0,6,2502.0,31,2503.0,91,2504.0,1,2505.0,3,2506.0,4,2507.0,11,2508.0,112,2509.0,1,2510.0,1,2506.0
SH410,,13:39:22.750#,2585.0,2588.0,2485.0,2796.0,2430.0,3566,18786,2501.0,6,2502.0,21,2503.0,101,2504.0,1,2505.0,3,2506.0,4,2507.0,11,2508.0,112,2509.0,1,2510.0,1,2506.0
SH410,,13:39:27.0#,2585.0,2588.0,2485.0,2796.0,2430.0,3569,18786,2500.0,1,2501.0,6,2502.0,21,2503.0,101,2504.0,1,2505.0,1,2506.0,1,2507.0,11,2508.0,112,2509.0,1,2505.0
SH410,,13:39:27.250#,2585.0,2588.0,2485.0,2796.0,2430.0,3569,18786,2500.0,1,2501.0,6,2502.0,61,2503.0,51,2504.0,2,2505.0,1,2506.0,1,2507.0,41,2508.0,72,2509.0,1,2505.0
SH410,,13:39:27.500#,2585.0,2588.0,2485.0,2796.0,2430.0,3569,18786,2500.0,1,2501.0,6,2502.0,91,2503.0,21,2504.0,2,2505.0,1,2506.0,1,2507.0,41,2508.0,72,2509.0,1,2505.0
SH410,,13:39:28.0#,2585.0,2588.0,2485.0,2796.0,2430.0,3569,18786,2500.0,1,2501.0,6,2502.0,101,2503.0,11,2504.0,1,2505.0,1,2506.0,1,2507.0,41,2508.0,72,2509.0,1,2505.0
SH410,,13:39:28.500#,2585.0,2588.0,2485.0,2796.0,2430.0,3569,18786,2500.0,1,2501.0,6,2502.0,111,2503.0,11,2504.0,1,2505.0,1,2506.0,1,2507.0,41,2508.0,82,2509.0,1,2505.0
SH410,,13:39:28.750#,2585.0,2588.0,2485.0,2796.0,2430.0,3569,18786,2500.0,1,2501.0,6,2502.0,111,2503.0,11,2504.0,1,2505.0,1,2506.0,2,2507.0,41,2508.0,82,2509.0,1,2505.0
SH410,,13:39:29.0#,2585.0,2588.0,2485.0,2796.0,2430.0,3569,18786,2500.0,1,2501.0,6,2502.0,101,2503.0,21,2504.0,3,2505.0,1,2507.0,41,2508.0,82,2509.0,1,2510.0,1,2505.0
SH410,,13:39:29.250#,2585.0,2588.0,2485.0,2796.0,2430.0,3569,18786,2500.0,1,2501.0,6,2502.0,81,2503.0,31,2504.0,3,2505.0,1,2507.0,21,2508.0,92,2509.0,1,2510.0,1,2505.0
SH410,,13:39:29.500#,2585.0,2588.0,2485.0,2796.0,2430.0,3569,18786,2500.0,1,2501.0,6,2502.0,91,2503.0,31,2504.0,3,2505.0,1,2507.0,31,2508.0,92,2509.0,1,2510.0,1,2505.0
SH410,,13:39:30.0#,2585.0,2588.0,2485.0,2796.0,2430.0,3569,18786,2500.0,1,2501.0,6,2502.0,101,2503.0,21,2504.0,3,2505.0,1,2507.0,31,2508.0,92,2509.0,1,2510.0,1,2505.0
SH410,,13:39:30.750#,2585.0,2588.0,2485.0,2796.0,2430.0,3569,18786,2500.0,1,2501.0,6,2502.0,101,2503.0,21,2504.0,2,2505.0,1,2507.0,31,2508.0,92,2509.0,1,2510.0,1,2505.0
SH410,,13:39:31.500#,2585.0,2588.0,2485.0,2796.0,2430.0,3569,18786,2500.0,1,2501.0,6,2502.0,91,2503.0,21,2504.0,2,2505.0,1,2507.0,31,2508.0,82,2509.0,1,2510.0,1,2505.0
SH410,,13:39:31.750#,2585.0,2588.0,2485.0,2796.0,2430.0,3569,18786,2500.0,1,2501.0,6,2502.0,101,2503.0,21,2504.0,2,2505.0,1,2507.0,31,2508.0,92,2509.0,1,2510.0,1,2505.0
SH410,,13:39:32.0#,2585.0,2588.0,2485.0,2796.0,2430.0,3569,18786,2500.0,1,2501.0,6,2502.0,101,2503.0,21,2504.0,2,2505.0,1,2507.0,31,2508.0,91,2509.0,1,2510.0,1,2505.0
SH410,,13:39:34.500#,2585.0,2588.0,2485.0,2796.0,2430.0,3569,18786,2500.0,1,2501.0,6,2502.0,91,2503.0,21,2504.0,2,2505.0,1,2507.0,31,2508.0,81,2509.0,1,2510.0,1,2505.0
SH410,,13:39:34.750#,2585.0,2588.0,2485.0,2796.0,2430.0,3569,18786,2500.0,1,2501.0,6,2502.0,101,2503.0,21,2504.0,2,2505.0,1,2507.0,31,2508.0,91,2509.0,1,2510.0,1,2505.0
SH410,,13:39:35.250#,2585.0,2588.0,2485.0,2796.0,2430.0,3569,18786,2500.0,1,2501.0,6,2502.0,101,2503.0,21,2504.0,1,2505.0,1,2507.0,31,2508.0,91,2509.0,1,2510.0,1,2505.0
SH410,,13:39:35.500#,2585.0,2588.0,2485.0,2796.0,2430.0,3569,18786,2499.0,1,2500.0,1,2501.0,6,2502.0,111,2503.0,13,2505.0,1,2506.0,1,2507.0,51,2508.0,71,2509.0,1,2505.0
SH410,,13:39:35.750#,2585.0,2588.0,2485.0,2796.0,2430.0,3569,18786,2499.0,1,2500.0,1,2501.0,26,2502.0,91,2503.0,13,2505.0,1,2506.0,1,2507.0,71,2508.0,51,2509.0,1,2505.0
SH410,,13:39:36.0#,2585.0,2588.0,2485.0,2796.0,2430.0,3569,18786,2499.0,1,2500.0,1,2501.0,26,2502.0,91,2503.0,13,2505.0,1,2506.0,1,2507.0,91,2508.0,31,2509.0,1,2505.0
SH410,,13:39:36.500#,2585.0,2588.0,2485.0,2796.0,2430.0,3569,18786,2499.0,1,2500.0,1,2501.0,6,2502.0,111,2503.0,13,2505.0,1,2506.0,1,2507.0,91,2508.0,31,2509.0,1,2505.0
SH410,,13:39:37.500#,2585.0,2588.0,2485.0,2796.0,2430.0,3569,18786,2499.0,1,2500.0,1,2501.0,6,2502.0,111,2503.0,13,2505.0,1,2506.0,1,2507.0,81,2508.0,41,2509.0,1,2505.0
SH410,,13:39:37.750#,2585.0,2588.0,2485.0,2796.0,2430.0,3569,18786,2499.0,1,2500.0,1,2501.0,6,2502.0,111,2503.0,13,2505.0,1,2506.0,1,2507.0,91,2508.0,31,2509.0,1,2505.0
SH410,,13:39:38.0#,2585.0,2588.0,2485.0,2796.0,2430.0,3569,18786,2499.0,1,2500.0,1,2501.0,6,2502.0,111,2503.0,13,2505.0,1,2507.0,91,2508.0,31,2509.0,1,2510.0,1,2505.0
SH410,,13:39:38.250#,2585.0,2588.0,2485.0,2796.0,2430.0,3569,18786,2499.0,1,2500.0,1,2501.0,26,2502.0,91,2503.0,13,2505.0,1,2506.0,10,2507.0,81,2508.0,31,2509.0,1,2505.0
SH410,,13:39:38.500#,2585.0,2588.0,2485.0,2796.0,2430.0,3569,18786,2499.0,1,2500.0,1,2501.0,16,2502.0,91,2503.0,13,2505.0,1,2506.0,10,2507.0,71,2508.0,31,2509.0,1,2505.0
SH410,,13:39:39.500#,2585.0,2588.0,2485.0,2796.0,2430.0,3569,18786,2499.0,1,2500.0,1,2501.0,16,2502.0,101,2503.0,13,2505.0,1,2506.0,10,2507.0,81,2508.0,31,2509.0,1,2505.0
SH410,,13:39:43.750#,2585.0,2588.0,2485.0,2796.0,2430.0,3569,18786,2499.0,1,2500.0,1,2501.0,16,2502.0,91,2503.0,13,2505.0,1,2506.0,10,2507.0,71,2508.0,31,2509.0,1,2505.0
SH410,,13:39:44.0#,2585.0,2588.0,2485.0,2796.0,2430.0,3569,18786,2499.0,1,2500.0,1,2501.0,16,2502.0,101,2503.0,13,2505.0,1,2506.0,10,2507.0,81,2508.0,31,2509.0,1,2505.0
SH410,,13:39:44.750#,2585.0,2588.0,2485.0,2796.0,2430.0,3569,18786,2499.0,1,2500.0,1,2501.0,16,2502.0,101,2503.0,13,2505.0,1,2506.0,10,2507.0,91,2508.0,21,2509.0,1,2505.0
SH410,,13:39:46.750#,2585.0,2588.0,2485.0,2796.0,2430.0,3569,18786,2499.0,1,2500.0,1,2501.0,16,2502.0,91,2503.0,13,2505.0,1,2506.0,10,2507.0,81,2508.0,21,2509.0,1,2505.0
SH410,,13:39:47.0#,2585.0,2588.0,2485.0,2796.0,2430.0,3569,18786,2499.0,1,2500.0,1,2501.0,16,2502.0,101,2503.0,13,2505.0,1,2506.0,10,2507.0,91,2508.0,21,2509.0,1,2505.0
SH410,,13:39:49.750#,2585.0,2588.0,2485.0,2796.0,2430.0,3569,18786,2499.0,1,2500.0,1,2501.0,16,2502.0,91,2503.0,13,2505.0,1,2506.0,10,2507.0,81,2508.0,21,2509.0,1,2505.0
SH410,,13:39:50.0#,2585.0,2588.0,2485.0,2796.0,2430.0,3569,18786,2499.0,1,2500.0,1,2501.0,16,2502.0,101,2503.0,13,2505.0,1,2506.0,10,2507.0,91,2508.0,21,2509.0,1,2505.0
SH410,,13:40:05.0#,2585.0,2588.0,2485.0,2796.0,2430.0,3569,18786,2499.0,1,2500.0,1,2501.0,16,2502.0,91,2503.0,13,2505.0,1,2506.0,10,2507.0,81,2508.0,21,2509.0,1,2505.0
SH410,,13:40:05.250#,2585.0,2588.0,2485.0,2796.0,2430.0,3569,18786,2499.0,1,2500.0,1,2501.0,16,2502.0,101,2503.0,13,2505.0,1,2506.0,10,2507.0,91,2508.0,21,2509.0,1,2505.0
SH410,,13:40:08.0#,2585.0,2588.0,2485.0,2796.0,2430.0,3569,18786,2499.0,1,2500.0,1,2501.0,16,2502.0,91,2503.0,13,2505.0,1,2506.0,10,2507.0,81,2508.0,21,2509.0,1,2505.0
SH410,,13:40:08.250#,2585.0,2588.0,2485.0,2796.0,2430.0,3569,18786,2499.0,1,2500.0,1,2501.0,16,2502.0,101,2503.0,13,2505.0,1,2506.0,10,2507.0,91,2508.0,21,2509.0,1,2505.0
SH410,,13:40:11.0#,2585.0,2588.0,2485.0,2796.0,2430.0,3569,18786,2499.0,1,2500.0,1,2501.0,16,2502.0,91,2503.0,13,2505.0,1,2506.0,10,2507.0,81,2508.0,21,2509.0,1,2505.0
SH410,,13:40:11.250#,2585.0,2588.0,2485.0,2796.0,2430.0,3569,18786,2499.0,1,2500.0,1,2501.0,16,2502.0,101,2503.0,13,2505.0,1,2506.0,10,2507.0,91,2508.0,21,2509.0,1,2505.0
SH410,,13:40:26.500#,2585.0,2588.0,2485.0,2796.0,2430.0,3569,18786,2499.0,1,2500.0,1,2501.0,26,2502.0,101,2503.0,3,2505.0,1,2506.0,20,2507.0,91,2508.0,11,2509.0,1,2505.0
SH410,,13:40:28.250#,2585.0,2588.0,2485.0,2796.0,2430.0,3569,18786,2499.0,1,2500.0,1,2501.0,26,2502.0,101,2503.0,3,2505.0,1,2506.0,21,2507.0,101,2508.0,1,2509.0,1,2505.0
SH410,,13:40:32.250#,2585.0,2588.0,2485.0,2796.0,2430.0,3569,18786,2499.0,1,2500.0,1,2501.0,26,2502.0,91,2503.0,3,2505.0,1,2506.0,21,2507.0,91,2508.0,1,2509.0,1,2505.0
SH410,,13:40:32.500#,2585.0,2588.0,2485.0,2796.0,2430.0,3569,18786,2499.0,1,2500.0,1,2501.0,26,2502.0,101,2503.0,3,2505.0,1,2506.0,21,2507.0,101,2508.0,1,2509.0,1,2505.0
SH410,,13:40:35.250#,2585.0,2588.0,2485.0,2796.0,2430.0,3569,18786,2499.0,1,2500.0,1,2501.0,26,2502.0,91,2503.0,3,2505.0,1,2506.0,21,2507.0,91,2508.0,1,2509.0,1,2505.0
SH410,,13:40:35.500#,2585.0,2588.0,2485.0,2796.0,2430.0,3569,18786,2499.0,1,2500.0,1,2501.0,26,2502.0,101,2503.0,3,2505.0,1,2506.0,21,2507.0,101,2508.0,1,2509.0,1,2505.0
SH410,,13:40:56.750#,2585.0,2588.0,2485.0,2796.0,2430.0,3569,18786,2499.0,1,2500.0,1,2501.0,26,2502.0,91,2503.0,3,2505.0,1,2506.0,21,2507.0,91,2508.0,1,2509.0,1,2505.0
SH410,,13:40:57.0#,2585.0,2588.0,2485.0,2796.0,2430.0,3569,18786,2499.0,1,2500.0,1,2501.0,26,2502.0,101,2503.0,3,2505.0,1,2506.0,21,2507.0,101,2508.0,1,2509.0,1,2505.0
SH410,,13:40:57.250#,2585.0,2588.0,2485.0,2796.0,2430.0,3569,18786,2499.0,1,2500.0,1,2501.0,16,2502.0,111,2503.0,3,2505.0,1,2506.0,11,2507.0,111,2508.0,1,2509.0,1,2505.0
SH410,,13:40:58.250#,2585.0,2588.0,2485.0,2796.0,2430.0,3569,18786,2500.0,1,2501.0,16,2502.0,111,2503.0,2,2504.0,1,2505.0,1,2506.0,11,2507.0,111,2508.0,1,2509.0,1,2505.0
SH410,,13:40:58.500#,2585.0,2588.0,2485.0,2796.0,2430.0,3569,18786,2500.0,1,2501.0,16,2502.0,111,2503.0,2,2504.0,1,2505.0,1,2506.0,11,2507.0,101,2508.0,11,2509.0,1,2505.0
SH410,,13:41:01.500#,2585.0,2588.0,2485.0,2796.0,2430.0,3569,18786,2500.0,1,2501.0,16,2502.0,111,2503.0,2,2504.0,1,2505.0,1,2506.0,11,2507.0,111,2508.0,1,2509.0,1,2505.0
SH410,,13:41:04.250#,2585.0,2588.0,2485.0,2796.0,2430.0,3569,18786,2500.0,1,2501.0,16,2502.0,111,2503.0,2,2504.0,2,2505.0,1,2506.0,11,2507.0,111,2508.0,1,2509.0,1,2505.0
SH410,,13:41:10.500#,2585.0,2588.0,2485.0,2796.0,2430.0,3569,18786,2500.0,1,2501.0,16,2502.0,101,2503.0,2,2504.0,2,2505.0,1,2506.0,11,2507.0,101,2508.0,1,2509.0,1,2505.0
SH410,,13:41:16.0#,2585.0,2588.0,2485.0,2796.0,2430.0,3569,18786,2500.0,1,2501.0,16,2502.0,111,2503.0,2,2504.0,2,2505.0,1,2506.0,11,2507.0,111,2508.0,1,2509.0,1,2505.0
SH410,,13:41:28.250#,2585.0,2588.0,2485.0,2796.0,2430.0,3569,18786,2500.0,1,2501.0,16,2502.0,111,2503.0,1,2504.0,3,2505.0,1,2506.0,11,2507.0,111,2508.0,1,2509.0,1,2505.0
SH410,,13:41:29.500#,2585.0,2588.0,2485.0,2796.0,2430.0,3569,18786,2500.0,1,2501.0,16,2502.0,111,2503.0,1,2504.0,3,2505.0,1,2506.0,11,2507.0,111,2508.0,1,2509.0,1,2505.0
SH410,,13:41:29.750#,2585.0,2588.0,2485.0,2796.0,2430.0,3569,18786,2500.0,1,2501.0,16,2502.0,111,2503.0,1,2504.0,2,2505.0,1,2506.0,11,2507.0,111,2508.0,1,2509.0,1,2505.0
SH410,,13:41:30.0#,2585.0,2588.0,2485.0,2796.0,2430.0,3569,18786,2500.0,1,2501.0,16,2502.0,111,2503.0,1,2504.0,3,2505.0,1,2506.0,11,2507.0,111,2508.0,1,2509.0,1,2505.0
SH410,,13:41:31.750#,2585.0,2588.0,2485.0,2796.0,2430.0,3569,18786,2500.0,1,2501.0,16,2502.0,101,2503.0,1,2504.0,3,2505.0,1,2506.0,11,2507.0,101,2508.0,1,2509.0,1,2505.0
SH410,,13:41:32.0#,2585.0,2588.0,2485.0,2796.0,2430.0,3569,18786,2500.0,1,2501.0,16,2502.0,111,2503.0,1,2504.0,3,2505.0,1,2506.0,11,2507.0,111,2508.0,1,2509.0,1,2505.0
SH410,,13:41:34.250#,2585.0,2588.0,2485.0,2796.0,2430.0,3569,18786,2500.0,1,2501.0,16,2502.0,111,2503.0,1,2504.0,3,2505.0,1,2506.0,11,2507.0,101,2508.0,11,2509.0,1,2505.0
SH410,,13:41:50.0#,2585.0,2588.0,2485.0,2796.0,2430.0,3569,18786,2500.0,1,2501.0,16,2502.0,101,2503.0,1,2504.0,3,2505.0,1,2506.0,11,2507.0,91,2508.0,11,2509.0,1,2505.0
SH410,,13:41:56.0#,2585.0,2588.0,2485.0,2796.0,2430.0,3569,18786,2500.0,1,2501.0,16,2502.0,101,2503.0,1,2504.0,3,2505.0,1,2506.0,11,2507.0,91,2508.0,11,2509.0,1,2505.0
SH410,,13:41:59.0#,2585.0,2588.0,2485.0,2796.0,2430.0,3569,18786,2500.0,1,2501.0,16,2502.0,101,2503.0,1,2504.0,3,2505.0,1,2506.0,11,2507.0,91,2508.0,11,2509.0,1,2505.0
SH410,,13:41:59.250#,2585.0,2588.0,2485.0,2796.0,2430.0,3569,18786,2500.0,1,2501.0,16,2502.0,111,2503.0,1,2504.0,3,2505.0,1,2506.0,11,2507.0,101,2508.0,11,2509.0,1,2505.0
SH410,,13:42:02.250#,2585.0,2588.0,2485.0,2796.0,2430.0,3569,18786,2500.0,1,2501.0,16,2502.0,111,2503.0,1,2504.0,3,2505.0,1,2506.0,11,2507.0,101,2508.0,11,2509.0,1,2505.0
SH410,,13:42:05.0#,2585.0,2588.0,2485.0,2796.0,2430.0,3569,18786,2500.0,1,2501.0,16,2502.0,101,2503.0,1,2504.0,3,2505.0,1,2506.0,11,2507.0,91,2508.0,11,2509.0,1,2505.0
SH410,,13:42:05.250#,2585.0,2588.0,2485.0,2796.0,2430.0,3569,18786,2500.0,1,2501.0,16,2502.0,111,2503.0,1,2504.0,3,2505.0,1,2506.0,11,2507.0,101,2508.0,11,2509.0,1,2505.0
SH410,,13:42:09.0#,2585.0,2588.0,2485.0,2796.0,2430.0,3569,18786,2500.0,1,2501.0,16,2502.0,111,2503.0,1,2504.0,2,2505.0,1,2506.0,11,2507.0,101,2508.0,11,2509.0,1,2505.0
SH410,,13:42:09.750#,2585.0,2588.0,2485.0,2796.0,2430.0,3569,18786,2500.0,1,2501.0,16,2502.0,111,2503.0,1,2504.0,3,2505.0,1,2506.0,11,2507.0,101,2508.0,11,2509.0,1,2505.0
SH410,,13:42:15.750#,2585.0,2588.0,2485.0,2796.0,2430.0,3569,18786,2500.0,1,2501.0,36,2502.0,91,2503.0,1,2504.0,1,2505.0,2,2506.0,21,2507.0,91,2508.0,11,2509.0,1,2505.0
SH410,,13:42:16.0#,2585.0,2588.0,2485.0,2796.0,2430.0,3569,18786,2500.0,1,2501.0,46,2502.0,81,2503.0,1,2504.0,1,2505.0,2,2506.0,21,2507.0,101,2508.0,1,2509.0,1,2505.0
SH410,,13:42:16.250#,2585.0,2588.0,2485.0,2796.0,2430.0,3569,18786,2500.0,1,2501.0,46,2502.0,81,2503.0,1,2504.0,1,2505.0,3,2506.0,21,2507.0,101,2508.0,1,2509.0,1,2505.0
SH410,,13:42:23.500#,2585.0,2588.0,2485.0,2796.0,2430.0,3569,18786,2500.0,1,2501.0,16,2502.0,101,2503.0,11,2504.0,3,2505.0,1,2506.0,10,2507.0,101,2508.0,11,2509.0,1,2505.0
SH410,,13:42:26.250#,2585.0,2588.0,2485.0,2796.0,2430.0,3569,18786,2500.0,1,2501.0,16,2502.0,101,2503.0,1,2504.0,2,2505.0,1,2506.0,10,2507.0,91,2508.0,11,2509.0,1,2505.0
SH410,,13:42:26.500#,2585.0,2588.0,2485.0,2796.0,2430.0,3569,18786,2500.0,1,2501.0,16,2502.0,111,2503.0,1,2504.0,2,2505.0,1,2506.0,10,2507.0,101,2508.0,11,2509.0,1,2505.0
SH410,,13:42:32.500#,2585.0,2588.0,2485.0,2796.0,2430.0,3570,18785,2500.0,1,2501.0,16,2502.0,111,2503.0,1,2504.0,2,2506.0,10,2507.0,101,2508.0,11,2509.0,1,2510.0,1,2505.0
SH410,,13:42:32.750#,2585.0,2588.0,2485.0,2796.0,2430.0,3570,18785,2500.0,1,2501.0,26,2502.0,81,2503.0,21,2504.0,4,2505.0,1,2506.0,10,2507.0,81,2508.0,31,2509.0,1,2505.0
SH410,,13:42:33.0#,2585.0,2588.0,2485.0,2796.0,2430.0,3570,18785,2500.0,1,2501.0,16,2502.0,71,2503.0,41,2504.0,4,2505.0,1,2506.0,10,2507.0,51,2508.0,61,2509.0,1,2505.0
SH410,,13:42:33.250#,2585.0,2588.0,2485.0,2796.0,2430.0,3570,18785,2500.0,1,2501.0,16,2502.0,71,2503.0,41,2504.0,4,2505.0,1,2506.0,10,2507.0,31,2508.0,81,2509.0,1,2505.0
SH410,,13:42:34.750#,2585.0,2588.0,2485.0,2796.0,2430.0,3570,18785,2500.0,1,2501.0,16,2502.0,81,2503.0,31,2504.0,3,2505.0,1,2506.0,10,2507.0,31,2508.0,81,2509.0,1,2505.0
SH410,,13:42:35.0#,2585.0,2588.0,2485.0,2796.0,2430.0,3570,18785,2500.0,1,2501.0,16,2502.0,91,2503.0,21,2504.0,3,2505.0,1,2506.0,10,2507.0,31,2508.0,81,2509.0,1,2505.0
SH410,,13:42:37.750#,2585.0,2588.0,2485.0,2796.0,2430.0,3570,18785,2500.0,1,2501.0,16,2502.0,101,2503.0,11,2504.0,3,2505.0,1,2506.0,10,2507.0,31,2508.0,81,2509.0,1,2505.0
SH410,,13:42:38.250#,2585.0,2588.0,2485.0,2796.0,2430.0,3571,18786,2501.0,16,2502.0,101,2503.0,11,2504.0,2,2505.0,1,2506.0,10,2507.0,31,2508.0,81,2509.0,1,2510.0,1,2505.0
SH410,,13:42:38.500#,2585.0,2588.0,2485.0,2796.0,2430.0,3571,18786,2501.0,16,2502.0,61,2503.0,41,2504.0,2,2505.0,1,2506.0,11,2507.0,1,2508.0,101,2509.0,1,2510.0,1,2505.0
SH410,,13:42:38.750#,2585.0,2588.0,2485.0,2796.0,2430.0,3571,18786,2501.0,16,2502.0,71,2503.0,31,2504.0,2,2505.0,1,2506.0,11,2507.0,11,2508.0,91,2509.0,1,2510.0,1,2505.0
SH410,,13:42:39.0#,2585.0,2588.0,2485.0,2796.0,2430.0,3571,18786,2501.0,16,2502.0,61,2503.0,41,2504.0,2,2505.0,1,2506.0,11,2507.0,1,2508.0,101,2509.0,1,2510.0,1,2505.0
SH410,,13:42:40.250#,2585.0,2588.0,2485.0,2796.0,2430.0,3571,18786,2501.0,16,2502.0,61,2503.0,41,2504.0,3,2505.0,1,2506.0,11,2507.0,1,2508.0,101,2509.0,1,2510.0,1,2505.0
SH410,,13:42:40.750#,2585.0,2588.0,2485.0,2796.0,2430.0,3571,18786,2501.0,16,2502.0,71,2503.0,41,2504.0,3,2505.0,1,2506.0,11,2507.0,1,2508.0,111,2509.0,1,2510.0,1,2505.0
SH410,,13:42:43.0#,2585.0,2588.0,2485.0,2796.0,2430.0,3571,18786,2501.0,16,2502.0,71,2503.0,41,2504.0,1,2505.0,1,2506.0,12,2507.0,1,2508.0,111,2509.0,1,2510.0,1,2505.0
SH410,,13:42:43.500#,2585.0,2588.0,2485.0,2796.0,2430.0,3571,18786,2501.0,16,2502.0,81,2503.0,31,2504.0,1,2505.0,1,2506.0,13,2507.0,31,2508.0,81,2509.0,1,2510.0,1,2505.0
SH410,,13:42:44.0#,2585.0,2588.0,2485.0,2796.0,2430.0,3571,18786,2501.0,16,2502.0,81,2503.0,31,2504.0,1,2505.0,1,2506.0,13,2507.0,21,2508.0,91,2509.0,1,2510.0,1,2505.0
SH410,,13:42:44.500#,2585.0,2588.0,2485.0,2796.0,2430.0,3571,18786,2501.0,16,2502.0,81,2503.0,31,2504.0,1,2505.0,1,2506.0,12,2507.0,21,2508.0,91,2509.0,1,2510.0,1,2505.0
SH410,,13:42:46.750#,2585.0,2588.0,2485.0,2796.0,2430.0,3571,18786,2501.0,16,2502.0,71,2503.0,31,2504.0,1,2505.0,1,2506.0,12,2507.0,21,2508.0,81,2509.0,1,2510.0,1,2505.0
SH410,,13:42:47.0#,2585.0,2588.0,2485.0,2796.0,2430.0,3571,18786,2501.0,16,2502.0,81,2503.0,31,2504.0,1,2505.0,1,2506.0,12,2507.0,21,2508.0,91,2509.0,1,2510.0,1,2505.0
SH410,,13:42:49.250#,2585.0,2588.0,2485.0,2796.0,2430.0,3571,18786,2501.0,16,2502.0,81,2503.0,31,2504.0,1,2505.0,1,2506.0,12,2507.0,21,2508.0,91,2509.0,1,2510.0,1,2505.0
SH410,,13:42:49.500#,2585.0,2588.0,2485.0,2796.0,2430.0,3571,18786,2501.0,16,2502.0,81,2503.0,31,2504.0,2,2505.0,1,2506.0,12,2507.0,21,2508.0,91,2509.0,1,2510.0,1,2505.0
SH410,,13:42:51.0#,2585.0,2588.0,2485.0,2796.0,2430.0,3572,18786,2501.0,16,2502.0,81,2503.0,31,2504.0,2,2505.0,1,2506.0,11,2507.0,21,2508.0,91,2509.0,1,2510.0,1,2505.0
SH410,,13:42:51.500#,2585.0,2588.0,2485.0,2796.0,2430.0,3572,18786,2501.0,16,2502.0,71,2503.0,41,2504.0,2,2505.0,1,2506.0,11,2507.0,11,2508.0,101,2509.0,1,2510.0,1,2505.0
SH410,,13:42:52.500#,2585.0,2588.0,2485.0,2796.0,2430.0,3572,18786,2500.0,1,2501.0,16,2502.0,71,2503.0,41,2504.0,3,2506.0,12,2507.0,11,2508.0,101,2509.0,1,2510.0,1,2505.0
SH410,,13:42:52.750#,2585.0,2588.0,2485.0,2796.0,2430.0,3572,18786,2500.0,1,2501.0,16,2502.0,101,2503.0,11,2504.0,2,2505.0,1,2506.0,12,2507.0,51,2508.0,61,2509.0,1,2505.0
SH410,,13:42:53.0#,2585.0,2588.0,2485.0,2796.0,2430.0,3572,18786,2500.0,1,2501.0,16,2502.0,101,2503.0,11,2504.0,2,2505.0,1,2506.0,12,2507.0,71,2508.0,41,2509.0,1,2505.0
SH410,,13:42:53.250#,2585.0,2588.0,2485.0,2796.0,2430.0,3572,18786,2500.0,1,2501.0,16,2502.0,101,2503.0,11,2504.0,2,2505.0,1,2506.0,12,2507.0,91,2508.0,21,2509.0,1,2505.0
SH410,,13:42:55.500#,2585.0,2588.0,2485.0,2796.0,2430.0,3574,18786,2500.0,1,2501.0,16,2502.0,101,2503.0,11,2504.0,2,2506.0,13,2507.0,91,2508.0,21,2509.0,1,2510.0,1,2505.0
SH410,,13:42:55.750#,2585.0,2588.0,2485.0,2796.0,2430.0,3574,18786,2500.0,1,2501.0,16,2502.0,101,2503.0,11,2504.0,2,2505.0,1,2506.0,12,2507.0,101,2508.0,11,2509.0,1,2505.0
SH410,,13:42:56.0#,2585.0,2588.0,2485.0,2796.0,2430.0,3574,18786,2500.0,1,2501.0,16,2502.0,101,2503.0,11,2504.0,2,2505.0,1,2506.0,12,2507.0,91,2508.0,21,2509.0,1,2505.0
SH410,,13:42:57.250#,2585.0,2588.0,2485.0,2796.0,2430.0,3574,18786,2500.0,1,2501.0,16,2502.0,101,2503.0,11,2504.0,3,2505.0,1,2506.0,12,2507.0,91,2508.0,21,2509.0,1,2505.0
SH410,,13:42:57.500#,2585.0,2588.0,2485.0,2796.0,2430.0,3574,18786,2500.0,1,2501.0,16,2502.0,101,2503.0,11,2504.0,3,2505.0,1,2506.0,12,2507.0,101,2508.0,11,2509.0,1,2505.0
SH410,,13:42:57.750#,2585.0,2588.0,2485.0,2796.0,2430.0,3574,18786,2500.0,1,2501.0,16,2502.0,101,2503.0,11,2504.0,2,2505.0,1,2506.0,12,2507.0,101,2508.0,11,2509.0,1,2505.0
SH410,,13:42:58.0#,2585.0,2588.0,2485.0,2796.0,2430.0,3574,18786,2500.0,1,2501.0,16,2502.0,101,2503.0,11,2504.0,3,2505.0,1,2506.0,12,2507.0,101,2508.0,11,2509.0,1,2505.0
SH410,,13:43:00.750#,2585.0,2588.0,2485.0,2796.0,2430.0,3574,18786,2500.0,1,2501.0,16,2502.0,101,2503.0,11,2504.0,3,2505.0,1,2506.0,12,2507.0,91,2508.0,21,2509.0,1,2505.0
SH410,,13:43:01.0#,2585.0,2588.0,2485.0,2796.0,2430.0,3574,18786,2500.0,1,2501.0,16,2502.0,101,2503.0,11,2504.0,3,2505.0,1,2506.0,12,2507.0,81,2508.0,31,2509.0,1,2505.0
SH410,,13:43:01.250#,2585.0,2588.0,2485.0,2796.0,2430.0,3575,18786,2501.0,16,2502.0,101,2503.0,11,2504.0,3,2505.0,1,2506.0,11,2507.0,81,2508.0,31,2509.0,1,2510.0,1,2505.0
SH410,,13:43:01.500#,2585.0,2588.0,2485.0,2796.0,2430.0,3575,18786,2501.0,16,2502.0,51,2503.0,51,2504.0,3,2505.0,1,2506.0,11,2507.0,31,2508.0,71,2509.0,1,2510.0,1,2505.0
SH410,,13:43:01.750#,2585.0,2588.0,2485.0,2796.0,2430.0,3575,18786,2501.0,16,2502.0,51,2503.0,51,2504.0,3,2505.0,1,2506.0,11,2507.0,21,2508.0,71,2509.0,11,2510.0,1,2505.0
SH410,,13:43:02.0#,2585.0,2588.0,2485.0,2796.0,2430.0,3575,18786,2501.0,16,2502.0,41,2503.0,51,2504.0,3,2505.0,1,2506.0,11,2507.0,11,2508.0,81,2509.0,1,2510.0,1,2505.0
SH410,,13:43:02.250#,2585.0,2588.0,2485.0,2796.0,2430.0,3575,18786,2501.0,16,2502.0,41,2503.0,61,2504.0,3,2505.0,1,2506.0,11,2507.0,11,2508.0,91,2509.0,1,2510.0,1,2505.0
SH410,,13:43:03.750#,2585.0,2588.0,2485.0,2796.0,2430.0,3575,18786,2501.0,16,2502.0,41,2503.0,71,2504.0,3,2505.0,1,2506.0,11,2507.0,11,2508.0,101,2509.0,1,2510.0,1,2505.0
SH410,,13:43:04.0#,2585.0,2588.0,2485.0,2796.0,2430.0,3575,18786,2501.0,16,2502.0,21,2503.0,91,2504.0,3,2505.0,1,2506.0,11,2507.0,11,2508.0,101,2509.0,1,2510.0,1,2505.0
SH410,,13:43:04.500#,2585.0,2588.0,2485.0,2796.0,2430.0,3576,18786,2501.0,16,2502.0,21,2503.0,91,2504.0,3,2505.0,1,2506.0,10,2507.0,11,2508.0,101,2509.0,1,2510.0,1,2505.0
SH410,,13:43:05.750#,2585.0,2588.0,2485.0,2796.0,2430.0,3576,18786,2501.0,16,2502.0,11,2503.0,91,2504.0,13,2505.0,1,2506.0,10,2507.0,1,2508.0,101,2509.0,11,2510.0,1,2505.0
SH410,,13:43:06.750#,2585.0,2588.0,2485.0,2796.0,2430.0,3576,18786,2501.0,16,2502.0,11,2503.0,81,2504.0,13,2505.0,1,2506.0,10,2507.0,1,2508.0,91,2509.0,11,2510.0,1,2505.0
SH410,,13:43:07.0#,2585.0,2588.0,2485.0,2796.0,2430.0,3576,18786,2501.0,16,2502.0,11,2503.0,91,2504.0,13,2505.0,1,2506.0,10,2507.0,1,2508.0,101,2509.0,11,2510.0,1,2505.0
SH410,,13:43:08.0#,2585.0,2588.0,2485.0,2796.0,2430.0,3576,18786,2501.0,16,2502.0,1,2503.0,101,2504.0,13,2505.0,1,2506.0,10,2507.0,1,2508.0,101,2509.0,11,2510.0,1,2505.0
SH410,,13:43:14.0#,2585.0,2588.0,2485.0,2796.0,2430.0,3576,18786,2501.0,16,2502.0,1,2503.0,101,2504.0,12,2505.0,2,2506.0,10,2507.0,1,2508.0,101,2509.0,11,2510.0,1,2505.0
SH410,,13:43:31.0#,2585.0,2588.0,2485.0,2796.0,2430.0,3576,18786,2501.0,16,2502.0,1,2503.0,91,2504.0,12,2505.0,2,2506.0,10,2507.0,1,2508.0,91,2509.0,11,2510.0,1,2505.0
SH410,,13:43:33.0#,2585.0,2588.0,2485.0,2796.0,2430.0,3578,18784,2500.0,1,2501.0,16,2502.0,1,2503.0,101,2504.0,13,2506.0,11,2507.0,1,2508.0,101,2509.0,11,2510.0,1,2505.0
SH410,,13:43:33.250#,2585.0,2588.0,2485.0,2796.0,2430.0,3578,18784,2500.0,1,2501.0,16,2502.0,1,2503.0,101,2504.0,14,2506.0,11,2507.0,1,2508.0,101,2509.0,11,2510.0,1,2505.0
SH410,,13:43:35.500#,2585.0,2588.0,2485.0,2796.0,2430.0,3578,18784,2500.0,1,2501.0,16,2502.0,1,2503.0,111,2504.0,4,2506.0,11,2507.0,1,2508.0,111,2509.0,1,2510.0,1,2505.0
SH410,,13:43:35.750#,2585.0,2588.0,2485.0,2796.0,2430.0,3578,18784,2500.0,1,2501.0,16,2502.0,41,2503.0,71,2504.0,4,2506.0,11,2507.0,31,2508.0,81,2509.0,1,2510.0,1,2505.0
SH410,,13:43:36.0#,2585.0,2588.0,2485.0,2796.0,2430.0,3578,18784,2500.0,1,2501.0,16,2502.0,51,2503.0,61,2504.0,4,2506.0,11,2507.0,31,2508.0,81,2509.0,1,2510.0,1,2505.0
SH410,,13:43:36.250#,2585.0,2588.0,2485.0,2796.0,2430.0,3578,18784,2500.0,1,2501.0,16,2502.0,71,2503.0,41,2504.0,4,2506.0,11,2507.0,31,2508.0,81,2509.0,1,2510.0,1,2505.0
SH410,,13:43:36.500#,2585.0,2588.0,2485.0,2796.0,2430.0,3578,18784,2500.0,1,2501.0,16,2502.0,71,2503.0,31,2504.0,3,2506.0,11,2507.0,31,2508.0,71,2509.0,1,2510.0,1,2505.0
SH410,,13:43:36.750#,2585.0,2588.0,2485.0,2796.0,2430.0,3578,18784,2500.0,1,2501.0,16,2502.0,91,2503.0,21,2504.0,3,2506.0,11,2507.0,31,2508.0,81,2509.0,1,2510.0,1,2505.0
SH410,,13:43:37.750#,2585.0,2588.0,2485.0,2796.0,2430.0,3578,18784,2500.0,1,2501.0,16,2502.0,91,2503.0,21,2504.0,3,2506.0,12,2507.0,31,2508.0,81,2509.0,1,2510.0,1,2505.0
SH410,,13:43:38.0#,2585.0,2588.0,2485.0,2796.0,2430.0,3578,18784,2500.0,1,2501.0,16,2502.0,81,2503.0,31,2504.0,3,2506.0,12,2507.0,21,2508.0,91,2509.0,1,2510.0,1,2505.0
SH410,,13:43:38.500#,2585.0,2588.0,2485.0,2796.0,2430.0,3578,18784,2500.0,1,2501.0,16,2502.0,71,2503.0,31,2504.0,3,2506.0,12,2507.0,21,2508.0,81,2509.0,1,2510.0,1,2505.0
SH410,,13:43:41.500#,2585.0,2588.0,2485.0,2796.0,2430.0,3578,18784,2500.0,1,2501.0,16,2502.0,71,2503.0,31,2504.0,3,2506.0,12,2507.0,21,2508.0,81,2509.0,1,2510.0,1,2505.0
SH410,,13:43:41.750#,2585.0,2588.0,2485.0,2796.0,2430.0,3578,18784,2500.0,1,2501.0,16,2502.0,81,2503.0,31,2504.0,3,2506.0,12,2507.0,21,2508.0,91,2509.0,1,2510.0,1,2505.0
SH410,,13:43:42.0#,2585.0,2588.0,2485.0,2796.0,2430.0,3578,18784,2500.0,1,2501.0,16,2502.0,81,2503.0,31,2504.0,3,2506.0,13,2507.0,21,2508.0,91,2509.0,1,2510.0,1,2505.0
SH410,,13:43:44.0#,2585.0,2588.0,2485.0,2796.0,2430.0,3578,18784,2500.0,1,2501.0,16,2502.0,81,2503.0,31,2504.0,3,2506.0,12,2507.0,21,2508.0,91,2509.0,1,2510.0,1,2505.0
SH410,,13:43:44.500#,2585.0,2588.0,2485.0,2796.0,2430.0,3578,18784,2500.0,1,2501.0,16,2502.0,71,2503.0,31,2504.0,3,2506.0,12,2507.0,21,2508.0,81,2509.0,1,2510.0,1,2505.0
SH410,,13:43:44.750#,2585.0,2588.0,2485.0,2796.0,2430.0,3578,18784,2500.0,1,2501.0,16,2502.0,81,2503.0,31,2504.0,3,2506.0,12,2507.0,21,2508.0,91,2509.0,1,2510.0,1,2505.0
SH410,,13:43:46.0#,2585.0,2588.0,2485.0,2796.0,2430.0,3578,18784,2500.0,1,2501.0,16,2502.0,81,2503.0,31,2504.0,3,2506.0,13,2507.0,21,2508.0,91,2509.0,1,2510.0,1,2505.0
SH410,,13:43:46.750#,2585.0,2588.0,2485.0,2796.0,2430.0,3578,18784,2500.0,1,2501.0,16,2502.0,91,2503.0,21,2504.0,3,2506.0,13,2507.0,21,2508.0,91,2509.0,1,2510.0,1,2505.0
SH410,,13:43:51.500#,2585.0,2588.0,2485.0,2796.0,2430.0,3578,18784,2500.0,1,2501.0,16,2502.0,91,2503.0,21,2504.0,3,2506.0,13,2507.0,31,2508.0,81,2509.0,1,2510.0,1,2505.0
SH410,,13:44:02.750#,2585.0,2588.0,2485.0,2796.0,2430.0,3578,18784,2500.0,1,2501.0,16,2502.0,81,2503.0,21,2504.0,3,2506.0,13,2507.0,31,2508.0,71,2509.0,1,2510.0,1,2505.0
SH410,,13:44:03.0#,2585.0,2588.0,2485.0,2796.0,2430.0,3578,18784,2500.0,1,2501.0,16,2502.0,91,2503.0,21,2504.0,3,2506.0,13,2507.0,31,2508.0,81,2509.0,1,2510.0,1,2505.0
SH410,,13:44:12.0#,2585.0,2588.0,2485.0,2796.0,2430.0,3578,18784,2500.0,1,2501.0,16,2502.0,81,2503.0,21,2504.0,3,2506.0,13,2507.0,31,2508.0,71,2509.0,1,2510.0,1,2505.0
SH410,,13:44:12.250#,2585.0,2588.0,2485.0,2796.0,2430.0,3578,18784,2500.0,1,2501.0,16,2502.0,91,2503.0,21,2504.0,3,2506.0,13,2507.0,31,2508.0,81,2509.0,1,2510.0,1,2505.0
SH410,,13:44:22.0#,2585.0,2588.0,2485.0,2796.0,2430.0,3578,18784,2501.0,16,2502.0,91,2503.0,21,2504.0,2,2505.0,1,2506.0,12,2507.0,31,2508.0,81,2509.0,1,2510.0,1,2505.0
SH410,,13:44:22.250#,2585.0,2588.0,2485.0,2796.0,2430.0,3578,18784,2501.0,16,2502.0,61,2503.0,31,2504.0,23,2505.0,1,2506.0,10,2508.0,81,2509.0,31,2510.0,1,2511.0,1,2505.0
SH410,,13:44:22.500#,2585.0,2588.0,2485.0,2796.0,2430.0,3578,18784,2501.0,16,2502.0,31,2503.0,61,2504.0,23,2505.0,1,2506.0,10,2507.0,1,2508.0,81,2509.0,31,2510.0,1,2505.0
SH410,,13:44:22.750#,2585.0,2588.0,2485.0,2796.0,2430.0,3578,18784,2501.0,16,2502.0,11,2503.0,91,2504.0,13,2505.0,1,2506.0,10,2507.0,1,2508.0,81,2509.0,31,2510.0,1,2505.0
SH410,,13:44:23.0#,2585.0,2588.0,2485.0,2796.0,2430.0,3578,18784,2501.0,16,2502.0,11,2503.0,91,2504.0,13,2505.0,1,2506.0,10,2507.0,1,2508.0,91,2509.0,21,2510.0,1,2505.0
SH410,,13:44:23.500#,2585.0,2588.0,2485.0,2796.0,2430.0,3578,18784,2501.0,16,2502.0,11,2503.0,91,2504.0,13,2505.0,1,2506.0,10,2507.0,1,2508.0,101,2509.0,11,2510.0,1,2505.0
SH410,,13:44:25.250#,2585.0,2588.0,2485.0,2796.0,2430.0,3578,18784,2501.0,16,2502.0,1,2503.0,101,2504.0,13,2505.0,1,2506.0,10,2507.0,1,2508.0,101,2509.0,11,2510.0,1,2505.0
SH410,,13:44:25.500#,2585.0,2588.0,2485.0,2796.0,2430.0,3578,18784,2501.0,16,2502.0,1,2503.0,111,2504.0,3,2505.0,1,2506.0,10,2507.0,1,2508.0,111,2509.0,1,2510.0,1,2505.0
SH410,,13:44:27.500#,2585.0,2588.0,2485.0,2796.0,2430.0,3578,18784,2500.0,1,2501.0,16,2502.0,1,2503.0,111,2504.0,13,2506.0,10,2507.0,1,2508.0,111,2509.0,1,2510.0,1,2505.0
SH410,,13:44:39.750#,2585.0,2588.0,2485.0,2796.0,2430.0,3578,18784,2500.0,1,2501.0,16,2502.0,1,2503.0,101,2504.0,13,2506.0,10,2507.0,1,2508.0,101,2509.0,1,2510.0,1,2505.0
SH410,,13:44:40.0#,2585.0,2588.0,2485.0,2796.0,2430.0,3578,18784,2500.0,1,2501.0,16,2502.0,1,2503.0,111,2504.0,13,2506.0,10,2507.0,1,2508.0,111,2509.0,1,2510.0,1,2505.0
SH410,,13:44:42.750#,2585.0,2588.0,2485.0,2796.0,2430.0,3578,18784,2500.0,1,2501.0,16,2502.0,1,2503.0,101,2504.0,13,2506.0,10,2507.0,1,2508.0,101,2509.0,1,2510.0,1,2505.0
SH410,,13:44:43.0#,2585.0,2588.0,2485.0,2796.0,2430.0,3578,18784,2500.0,1,2501.0,16,2502.0,1,2503.0,111,2504.0,13,2506.0,10,2507.0,1,2508.0,111,2509.0,1,2510.0,1,2505.0
SH410,,13:44:45.750#,2585.0,2588.0,2485.0,2796.0,2430.0,3578,18784,2500.0,1,2501.0,16,2502.0,1,2503.0,101,2504.0,13,2506.0,10,2507.0,1,2508.0,101,2509.0,1,2510.0,1,2505.0
SH410,,13:44:46.0#,2585.0,2588.0,2485.0,2796.0,2430.0,3578,18784,2500.0,1,2501.0,16,2502.0,1,2503.0,111,2504.0,13,2506.0,10,2507.0,1,2508.0,111,2509.0,1,2510.0,1,2505.0
SH410,,13:44:48.750#,2585.0,2588.0,2485.0,2796.0,2430.0,3578,18784,2500.0,1,2501.0,16,2502.0,1,2503.0,101,2504.0,13,2506.0,10,2507.0,1,2508.0,101,2509.0,1,2510.0,1,2505.0
SH410,,13:44:49.0#,2585.0,2588.0,2485.0,2796.0,2430.0,3578,18784,2500.0,1,2501.0,16,2502.0,1,2503.0,111,2504.0,13,2506.0,10,2507.0,1,2508.0,111,2509.0,1,2510.0,1,2505.0
SH410,,13:44:53.500#,2585.0,2588.0,2485.0,2796.0,2430.0,3578,18784,2500.0,1,2501.0,16,2502.0,1,2503.0,111,2504.0,5,2506.0,10,2507.0,1,2508.0,111,2509.0,1,2510.0,1,2505.0
SH410,,13:44:53.750#,2585.0,2588.0,2485.0,2796.0,2430.0,3578,18784,2500.0,1,2501.0,16,2502.0,61,2503.0,51,2504.0,1,2506.0,12,2507.0,41,2508.0,71,2509.0,1,2510.0,1,2505.0
SH410,,13:44:54.0#,2585.0,2588.0,2485.0,2796.0,2430.0,3578,18784,2500.0,1,2501.0,16,2502.0,111,2503.0,1,2504.0,1,2506.0,13,2507.0,81,2508.0,31,2509.0,1,2510.0,1,2505.0
SH410,,13:44:54.250#,2585.0,2588.0,2485.0,2796.0,2430.0,3578,18784,2500.0,1,2501.0,26,2502.0,101,2503.0,1,2504.0,1,2506.0,13,2507.0,111,2508.0,1,2509.0,1,2510.0,1,2505.0
SH410,,13:44:55.250#,2585.0,2588.0,2485.0,2796.0,2430.0,3578,18784,2500.0,1,2501.0,16,2502.0,111,2503.0,1,2504.0,11,2506.0,12,2507.0,111,2508.0,1,2509.0,1,2510.0,1,2505.0
SH410,,13:44:55.500#,2585.0,2588.0,2485.0,2796.0,2430.0,3578,18784,2500.0,1,2501.0,16,2502.0,91,2503.0,21,2504.0,12,2506.0,11,2507.0,61,2508.0,51,2509.0,1,2510.0,1,2505.0
SH410,,13:44:55.750#,2585.0,2588.0,2485.0,2796.0,2430.0,3578,18784,2500.0,1,2501.0,16,2502.0,71,2503.0,41,2504.0,12,2506.0,11,2507.0,31,2508.0,81,2509.0,1,2510.0,1,2505.0
SH410,,13:44:56.0#,2585.0,2588.0,2485.0,2796.0,2430.0,3578,18784,2500.0,1,2501.0,16,2502.0,51,2503.0,61,2504.0,12,2506.0,10,2507.0,11,2508.0,91,2509.0,11,2510.0,1,2505.0
SH410,,13:44:56.250#,2585.0,2588.0,2485.0,2796.0,2430.0,3578,18784,2500.0,1,2501.0,16,2502.0,21,2503.0,91,2504.0,12,2506.0,10,2507.0,1,2508.0,101,2509.0,11,2510.0,1,2505.0
SH410,,13:44:56.500#,2585.0,2588.0,2485.0,2796.0,2430.0,3578,18784,2500.0,1,2501.0,16,2502.0,21,2503.0,91,2504.0,13,2506.0,11,2507.0,1,2508.0,111,2509.0,1,2510.0,1,2505.0
SH410,,13:44:57.750#,2585.0,2588.0,2485.0,2796.0,2430.0,3578,18784,2500.0,1,2501.0,16,2502.0,21,2503.0,91,2504.0,13,2506.0,10,2507.0,1,2508.0,111,2509.0,1,2510.0,1,2505.0
SH410,,13:45:08.0#,2585.0,2588.0,2485.0,2796.0,2430.0,3578,18784,2500.0,1,2501.0,16,2502.0,21,2503.0,91,2504.0,3,2506.0,11,2507.0,1,2508.0,111,2509.0,1,2510.0,1,2505.0
SH410,,13:45:08.250#,2585.0,2588.0,2485.0,2796.0,2430.0,3578,18784,2500.0,1,2501.0,26,2502.0,71,2503.0,30,2504.0,1,2506.0,13,2507.0,61,2508.0,51,2509.0,1,2510.0,1,2505.0
SH410,,13:45:08.500#,2585.0,2588.0,2485.0,2796.0,2430.0,3578,18784,2500.0,1,2501.0,16,2502.0,101,2503.0,1,2504.0,11,2506.0,12,2507.0,101,2508.0,1,2509.0,1,2510.0,1,2505.0
SH410,,13:45:08.750#,2585.0,2588.0,2485.0,2796.0,2430.0,3578,18784,2500.0,1,2501.0,16,2502.0,71,2503.0,31,2504.0,13,2506.0,11,2507.0,61,2508.0,41,2509.0,1,2510.0,1,2505.0
SH410,,13:45:09.0#,2585.0,2588.0,2485.0,2796.0,2430.0,3578,18784,2500.0,1,2501.0,16,2502.0,61,2503.0,51,2504.0,13,2506.0,11,2507.0,31,2508.0,81,2509.0,1,2510.0,1,2505.0
SH410,,13:45:09.500#,2585.0,2588.0,2485.0,2796.0,2430.0,3578,18784,2500.0,1,2501.0,16,2502.0,31,2503.0,81,2504.0,13,2506.0,11,2507.0,11,2508.0,101,2509.0,1,2510.0,1,2505.0
SH410,,13:45:09.750#,2585.0,2588.0,2485.0,2796.0,2430.0,3578,18784,2500.0,1,2501.0,16,2502.0,21,2503.0,91,2504.0,13,2506.0,11,2507.0,11,2508.0,101,2509.0,1,2510.0,1,2505.0
SH410,,13:45:20.0#,2585.0,2588.0,2485.0,2796.0,2430.0,3578,18784,2500.0,1,2501.0,16,2502.0,21,2503.0,91,2504.0,14,2506.0,11,2507.0,11,2508.0,101,2509.0,1,2510.0,1,2505.0
SH410,,13:45:20.250#,2585.0,2588.0,2485.0,2796.0,2430.0,3578,18784,2500.0,1,2501.0,16,2502.0,11,2503.0,101,2504.0,14,2506.0,11,2507.0,1,2508.0,111,2509.0,1,2510.0,1,2505.0
SH410,,13:45:39.250#,2585.0,2588.0,2485.0,2796.0,2430.0,3578,18784,2500.0,1,2501.0,16,2502.0,11,2503.0,91,2504.0,14,2506.0,11,2507.0,1,2508.0,101,2509.0,1,2510.0,1,2505.0
SH410,,13:45:39.500#,2585.0,2588.0,2485.0,2796.0,2430.0,3578,18784,2500.0,1,2501.0,16,2502.0,11,2503.0,101,2504.0,14,2506.0,11,2507.0,1,2508.0,111,2509.0,1,2510.0,1,2505.0
SH410,,13:45:42.750#,2585.0,2588.0,2485.0,2796.0,2430.0,3578,18784,2500.0,1,2501.0,16,2502.0,11,2503.0,101,2504.0,4,2506.0,12,2507.0,1,2508.0,111,2509.0,1,2510.0,1,2505.0
SH410,,13:45:43.0#,2585.0,2588.0,2485.0,2796.0,2430.0,3578,18784,2500.0,1,2501.0,16,2502.0,81,2503.0,31,2504.0,2,2506.0,13,2507.0,51,2508.0,61,2509.0,1,2510.0,1,2505.0
SH410,,13:45:43.250#,2585.0,2588.0,2485.0,2796.0,2430.0,3578,18784,2500.0,1,2501.0,26,2502.0,101,2503.0,1,2504.0,2,2506.0,13,2507.0,91,2508.0,21,2509.0,1,2510.0,1,2505.0
SH410,,13:45:43.500#,2585.0,2588.0,2485.0,2796.0,2430.0,3578,18784,2500.0,1,2501.0,26,2502.0,101,2503.0,1,2504.0,2,2506.0,13,2507.0,111,2508.0,1,2509.0,1,2510.0,1,2505.0
SH410,,13:45:44.250#,2585.0,2588.0,2485.0,2796.0,2430.0,3578,18784,2500.0,1,2501.0,16,2502.0,111,2503.0,1,2504.0,2,2506.0,13,2507.0,111,2508.0,1,2509.0,1,2510.0,1,2505.0
SH410,,13:45:58.250#,2585.0,2588.0,2485.0,2796.0,2430.0,3578,18784,2500.0,1,2501.0,16,2502.0,101,2503.0,1,2504.0,2,2506.0,13,2507.0,101,2508.0,1,2509.0,1,2510.0,1,2505.0
SH410,,13:46:12.0#,2585.0,2588.0,2485.0,2796.0,2430.0,3578,18784,2500.0,1,2501.0,6,2502.0,111,2503.0,11,2504.0,2,2506.0,3,2507.0,111,2508.0,11,2509.0,1,2510.0,1,2505.0
SH410,,13:46:13.500#,2585.0,2588.0,2485.0,2796.0,2430.0,3578,18784,2500.0,1,2501.0,6,2502.0,101,2503.0,11,2504.0,2,2506.0,3,2507.0,101,2508.0,11,2509.0,1,2510.0,1,2505.0
SH410,,13:46:13.750#,2585.0,2588.0,2485.0,2796.0,2430.0,3578,18784,2500.0,1,2501.0,6,2502.0,111,2503.0,11,2504.0,2,2506.0,3,2507.0,111,2508.0,11,2509.0,1,2510.0,1,2505.0
SH410,,13:46:14.750#,2585.0,2588.0,2485.0,2796.0,2430.0,3578,18784,2500.0,1,2501.0,6,2502.0,111,2503.0,11,2504.0,2,2506.0,3,2507.0,101,2508.0,21,2509.0,1,2510.0,1,2505.0
SH410,,13:46:15.250#,2585.0,2588.0,2485.0,2796.0,2430.0,3579,18785,2501.0,6,2502.0,111,2503.0,11,2504.0,2,2505.0,1,2506.0,2,2507.0,101,2508.0,21,2509.0,1,2510.0,1,2506.0
SH410,,13:46:15.500#,2585.0,2588.0,2485.0,2796.0,2430.0,3579,18785,2501.0,6,2502.0,81,2503.0,31,2504.0,2,2505.0,1,2506.0,2,2507.0,61,2508.0,51,2509.0,1,2510.0,1,2506.0
SH410,,13:46:15.750#,2585.0,2588.0,2485.0,2796.0,2430.0,3579,18785,2501.0,6,2502.0,71,2503.0,41,2504.0,12,2505.0,1,2506.0,1,2507.0,31,2508.0,81,2509.0,11,2510.0,1,2506.0
SH410,,13:46:16.0#,2585.0,2588.0,2485.0,2796.0,2430.0,3579,18785,2501.0,6,2502.0,51,2503.0,61,2504.0,13,2505.0,1,2506.0,1,2507.0,11,2508.0,91,2509.0,21,2510.0,1,2506.0
SH410,,13:46:16.250#,2585.0,2588.0,2485.0,2796.0,2430.0,3579,18785,2501.0,6,2502.0,31,2503.0,81,2504.0,13,2505.0,1,2506.0,1,2507.0,11,2508.0,91,2509.0,21,2510.0,1,2506.0
SH410,,13:46:16.500#,2585.0,2588.0,2485.0,2796.0,2430.0,3580,18786,2501.0,6,2502.0,11,2503.0,101,2504.0,13,2505.0,1,2507.0,12,2508.0,91,2509.0,21,2510.0,1,2511.0,1,2506.0
SH410,,13:46:16.750#,2585.0,2588.0,2485.0,2796.0,2430.0,3580,18786,2501.0,6,2502.0,21,2503.0,91,2504.0,13,2505.0,1,2507.0,12,2508.0,101,2509.0,11,2510.0,1,2511.0,1,2506.0
SH410,,13:46:17.500#,2585.0,2588.0,2485.0,2796.0,2430.0,3580,18786,2501.0,6,2502.0,21,2503.0,91,2504.0,13,2505.0,1,2507.0,3,2508.0,111,2509.0,11,2510.0,1,2511.0,1,2506.0
SH410,,13:46:17.750#,2585.0,2588.0,2485.0,2796.0,2430.0,3580,18786,2501.0,6,2502.0,21,2503.0,81,2504.0,23,2505.0,1,2507.0,3,2508.0,101,2509.0,21,2510.0,1,2511.0,1,2506.0
SH410,,13:46:18.500#,2585.0,2588.0,2485.0,2796.0,2430.0,3581,18787,2501.0,6,2502.0,21,2503.0,81,2504.0,23,2505.0,1,2507.0,2,2508.0,101,2509.0,21,2510.0,1,2511.0,1,2507.0
SH410,,13:46:18.750#,2585.0,2588.0,2485.0,2796.0,2430.0,3581,18787,2501.0,6,2502.0,11,2503.0,91,2504.0,23,2505.0,1,2507.0,2,2508.0,101,2509.0,21,2510.0,1,2511.0,1,2507.0
SH410,,13:46:20.250#,2585.0,2588.0,2485.0,2796.0,2430.0,3582,18787,2501.0,6,2502.0,11,2503.0,91,2504.0,23,2505.0,1,2507.0,1,2508.0,101,2509.0,21,2510.0,1,2511.0,1,2507.0
SH410,,13:46:20.500#,2585.0,2588.0,2485.0,2796.0,2430.0,3582,18787,2501.0,6,2502.0,11,2503.0,71,2504.0,43,2505.0,1,2507.0,1,2508.0,71,2509.0,51,2510.0,1,2511.0,1,2507.0
SH410,,13:46:20.750#,2585.0,2588.0,2485.0,2796.0,2430.0,3582,18787,2501.0,6,2502.0,11,2503.0,71,2504.0,43,2505.0,1,2507.0,1,2508.0,51,2509.0,71,2510.0,1,2511.0,1,2507.0
SH410,,13:46:21.0#,2585.0,2588.0,2485.0,2796.0,2430.0,3582,18787,2501.0,6,2502.0,11,2503.0,71,2504.0,43,2505.0,1,2507.0,1,2508.0,31,2509.0,91,2510.0,1,2511.0,1,2507.0
SH410,,13:46:22.750#,2585.0,2588.0,2485.0,2796.0,2430.0,3582,18787,2501.0,6,2502.0,1,2503.0,71,2504.0,53,2505.0,2,2507.0,1,2508.0,31,2509.0,91,2510.0,1,2511.0,1,2507.0
SH410,,13:46:23.0#,2585.0,2588.0,2485.0,2796.0,2430.0,3582,18787,2501.0,6,2502.0,1,2503.0,41,2504.0,83,2505.0,2,2507.0,1,2508.0,21,2509.0,101,2510.0,1,2511.0,1,2507.0
SH410,,13:46:23.250#,2585.0,2588.0,2485.0,2796.0,2430.0,3582,18787,2501.0,6,2502.0,1,2503.0,21,2504.0,103,2505.0,2,2507.0,1,2508.0,21,2509.0,101,2510.0,1,2511.0,1,2507.0
SH410,,13:46:24.250#,2585.0,2588.0,2485.0,2796.0,2430.0,3582,18787,2501.0,6,2502.0,1,2503.0,21,2504.0,103,2505.0,3,2507.0,1,2508.0,21,2509.0,101,2510.0,1,2511.0,1,2507.0
SH410,,13:46:24.750#,2585.0,2588.0,2485.0,2796.0,2430.0,3584,18787,2501.0,6,2502.0,1,2503.0,21,2504.0,103,2505.0,3,2507.0,1,2508.0,21,2509.0,101,2510.0,1,2511.0,1,2505.0
SH410,,13:46:25.250#,2585.0,2588.0,2485.0,2796.0,2430.0,3584,18787,2501.0,6,2502.0,1,2503.0,21,2504.0,103,2505.0,3,2507.0,1,2508.0,31,2509.0,91,2510.0,1,2511.0,1,2505.0
SH410,,13:46:26.750#,2585.0,2588.0,2485.0,2796.0,2430.0,3584,18787,2501.0,6,2502.0,1,2503.0,21,2504.0,103,2505.0,3,2508.0,41,2509.0,91,2510.0,1,2511.0,1,2512.0,9,2505.0
SH410,,13:46:27.0#,2585.0,2588.0,2485.0,2796.0,2430.0,3584,18787,2501.0,6,2502.0,1,2503.0,31,2504.0,93,2505.0,3,2508.0,31,2509.0,101,2510.0,1,2511.0,1,2512.0,9,2505.0
SH410,,13:46:28.0#,2585.0,2588.0,2485.0,2796.0,2430.0,3584,18787,2501.0,6,2502.0,1,2503.0,31,2504.0,93,2505.0,3,2507.0,1,2508.0,22,2509.0,101,2510.0,1,2511.0,1,2505.0
SH410,,13:46:28.250#,2585.0,2588.0,2485.0,2796.0,2430.0,3584,18787,2501.0,6,2502.0,1,2503.0,21,2504.0,103,2505.0,3,2507.0,1,2508.0,22,2509.0,91,2510.0,11,2511.0,1,2505.0
SH410,,13:46:29.0#,2585.0,2588.0,2485.0,2796.0,2430.0,3584,18787,2501.0,6,2502.0,1,2503.0,21,2504.0,103,2505.0,3,2507.0,2,2508.0,21,2509.0,91,2510.0,11,2511.0,1,2505.0
SH410,,13:46:31.250#,2585.0,2588.0,2485.0,2796.0,2430.0,3584,18787,2501.0,6,2502.0,1,2503.0,21,2504.0,103,2505.0,3,2507.0,2,2508.0,21,2509.0,101,2510.0,1,2511.0,1,2505.0
SH410,,13:46:34.0#,2585.0,2588.0,2485.0,2796.0,2430.0,3584,18787,2501.0,6,2502.0,1,2503.0,31,2504.0,93,2505.0,3,2507.0,2,2508.0,31,2509.0,91,2510.0,1,2511.0,1,2505.0
SH410,,13:46:39.250#,2585.0,2588.0,2485.0,2796.0,2430.0,3584,18787,2501.0,6,2502.0,1,2503.0,31,2504.0,93,2505.0,2,2507.0,2,2508.0,31,2509.0,91,2510.0,1,2511.0,1,2505.0
SH410,,13:46:39.500#,2585.0,2588.0,2485.0,2796.0,2430.0,3584,18787,2501.0,6,2502.0,1,2503.0,31,2504.0,93,2505.0,3,2507.0,2,2508.0,31,2509.0,91,2510.0,1,2511.0,1,2505.0
SH410,,13:46:42.500#,2585.0,2588.0,2485.0,2796.0,2430.0,3584,18787,2501.0,6,2502.0,1,2503.0,21,2504.0,103,2505.0,3,2507.0,1,2508.0,21,2509.0,101,2510.0,1,2511.0,1,2505.0
SH410,,13:46:42.750#,2585.0,2588.0,2485.0,2796.0,2430.0,3584,18787,2501.0,6,2502.0,1,2503.0,21,2504.0,103,2505.0,3,2507.0,2,2508.0,21,2509.0,101,2510.0,1,2511.0,1,2505.0
SH410,,13:46:43.0#,2585.0,2588.0,2485.0,2796.0,2430.0,3584,18787,2501.0,6,2502.0,1,2503.0,21,2504.0,103,2505.0,3,2507.0,1,2508.0,21,2509.0,101,2510.0,1,2511.0,1,2505.0
SH410,,13:46:43.500#,2585.0,2588.0,2485.0,2796.0,2430.0,3584,18787,2502.0,1,2503.0,21,2504.0,103,2505.0,2,2506.0,1,2508.0,22,2509.0,101,2510.0,1,2511.0,1,2512.0,9,2505.0
SH410,,13:46:43.750#,2585.0,2588.0,2485.0,2796.0,2430.0,3584,18787,2502.0,1,2503.0,11,2504.0,93,2505.0,12,2506.0,2,2508.0,12,2509.0,81,2510.0,21,2511.0,1,2512.0,9,2505.0
SH410,,13:46:44.0#,2585.0,2588.0,2485.0,2796.0,2430.0,3584,18787,2502.0,1,2503.0,11,2504.0,93,2505.0,12,2506.0,1,2508.0,12,2509.0,81,2510.0,21,2511.0,1,2512.0,9,2505.0
SH410,,13:46:44.250#,2585.0,2588.0,2485.0,2796.0,2430.0,3584,18787,2501.0,6,2502.0,1,2503.0,11,2504.0,103,2505.0,3,2507.0,1,2508.0,11,2509.0,81,2510.0,21,2511.0,1,2505.0
SH410,,13:46:44.500#,2585.0,2588.0,2485.0,2796.0,2430.0,3584,18787,2501.0,6,2502.0,1,2503.0,41,2504.0,73,2505.0,3,2507.0,2,2508.0,21,2509.0,91,2510.0,1,2511.0,1,2505.0
SH410,,13:46:44.750#,2585.0,2588.0,2485.0,2796.0,2430.0,3584,18787,2501.0,6,2502.0,1,2503.0,31,2504.0,83,2505.0,3,2507.0,2,2508.0,21,2509.0,91,2510.0,1,2511.0,1,2505.0
SH410,,13:46:45.250#,2585.0,2588.0,2485.0,2796.0,2430.0,3584,18787,2501.0,6,2502.0,1,2503.0,21,2504.0,93,2505.0,3,2507.0,2,2508.0,21,2509.0,91,2510.0,1,2511.0,1,2505.0
SH410,,13:46:45.750#,2585.0,2588.0,2485.0,2796.0,2430.0,3584,18787,2501.0,6,2502.0,1,2503.0,21,2504.0,103,2505.0,3,2507.0,2,2508.0,21,2509.0,91,2510.0,11,2511.0,1,2505.0
SH410,,13:46:47.500#,2585.0,2588.0,2485.0,2796.0,2430.0,3584,18787,2501.0,6,2502.0,1,2503.0,21,2504.0,103,2505.0,3,2507.0,1,2508.0,21,2509.0,91,2510.0,11,2511.0,1,2505.0
SH410,,13:46:47.750#,2585.0,2588.0,2485.0,2796.0,2430.0,3584,18787,2501.0,6,2502.0,1,2503.0,21,2504.0,103,2505.0,3,2507.0,1,2508.0,21,2509.0,101,2510.0,1,2511.0,1,2505.0
SH410,,13:46:48.500#,2585.0,2588.0,2485.0,2796.0,2430.0,3584,18787,2501.0,6,2502.0,1,2503.0,21,2504.0,103,2505.0,3,2507.0,2,2508.0,21,2509.0,101,2510.0,1,2511.0,1,2505.0
SH410,,13:46:48.750#,2585.0,2588.0,2485.0,2796.0,2430.0,3584,18787,2501.0,6,2502.0,1,2503.0,21,2504.0,103,2505.0,3,2507.0,1,2508.0,21,2509.0,101,2510.0,1,2511.0,1,2505.0
SH410,,13:46:49.0#,2585.0,2588.0,2485.0,2796.0,2430.0,3584,18787,2501.0,6,2502.0,1,2503.0,21,2504.0,103,2505.0,3,2507.0,2,2508.0,21,2509.0,101,2510.0,1,2511.0,1,2505.0
SH410,,13:46:50.750#,2585.0,2588.0,2485.0,2796.0,2430.0,3584,18787,2501.0,6,2502.0,1,2503.0,21,2504.0,103,2505.0,3,2507.0,1,2508.0,21,2509.0,101,2510.0,1,2511.0,1,2505.0
SH410,,13:46:51.250#,2585.0,2588.0,2485.0,2796.0,2430.0,3584,18787,2501.0,6,2502.0,1,2503.0,21,2504.0,103,2505.0,3,2507.0,2,2508.0,21,2509.0,101,2510.0,1,2511.0,1,2505.0
SH410,,13:46:52.750#,2585.0,2588.0,2485.0,2796.0,2430.0,3584,18787,2501.0,6,2502.0,1,2503.0,21,2504.0,103,2505.0,3,2507.0,1,2508.0,21,2509.0,101,2510.0,1,2511.0,1,2505.0
SH410,,13:46:54.0#,2585.0,2588.0,2485.0,2796.0,2430.0,3584,18787,2502.0,1,2503.0,21,2504.0,103,2505.0,2,2506.0,1,2508.0,22,2509.0,101,2510.0,1,2511.0,1,2512.0,9,2505.0
SH410,,13:46:54.250#,2585.0,2588.0,2485.0,2796.0,2430.0,3584,18787,2502.0,1,2503.0,11,2504.0,93,2505.0,11,2506.0,3,2508.0,12,2509.0,70,2510.0,21,2511.0,11,2512.0,9,2505.0
SH410,,13:46:54.500#,2585.0,2588.0,2485.0,2796.0,2430.0,3584,18787,2502.0,1,2503.0,11,2504.0,93,2505.0,11,2506.0,2,2508.0,12,2509.0,71,2510.0,31,2511.0,1,2512.0,9,2505.0
SH410,,13:46:54.750#,2585.0,2588.0,2485.0,2796.0,2430.0,3584,18787,2501.0,6,2502.0,1,2503.0,11,2504.0,103,2505.0,2,2507.0,1,2508.0,12,2509.0,81,2510.0,21,2511.0,1,2505.0
SH410,,13:46:55.0#,2585.0,2588.0,2485.0,2796.0,2430.0,3584,18787,2501.0,6,2502.0,1,2503.0,21,2504.0,93,2505.0,3,2507.0,1,2508.0,12,2509.0,101,2510.0,1,2511.0,1,2505.0
SH410,,13:46:55.750#,2585.0,2588.0,2485.0,2796.0,2430.0,3584,18787,2501.0,6,2502.0,1,2503.0,11,2504.0,113,2505.0,3,2507.0,1,2508.0,12,2509.0,101,2510.0,11,2511.0,1,2505.0
SH410,,13:46:58.0#,2585.0,2588.0,2485.0,2796.0,2430.0,3584,18787,2502.0,1,2503.0,11,2504.0,113,2505.0,2,2506.0,1,2508.0,13,2509.0,101,2510.0,11,2511.0,1,2512.0,9,2505.0
SH410,,13:46:58.250#,2585.0,2588.0,2485.0,2796.0,2430.0,3584,18787,2502.0,1,2503.0,11,2504.0,83,2505.0,21,2506.0,3,2508.0,11,2509.0,70,2510.0,21,2511.0,11,2512.0,9,2505.0
SH410,,13:46:58.500#,2585.0,2588.0,2485.0,2796.0,2430.0,3584,18787,2502.0,1,2503.0,11,2504.0,83,2505.0,21,2506.0,3,2508.0,12,2509.0,71,2510.0,31,2511.0,1,2512.0,9,2505.0
SH410,,13:46:58.750#,2585.0,2588.0,2485.0,2796.0,2430.0,3584,18787,2502.0,1,2503.0,11,2504.0,93,2505.0,11,2506.0,1,2508.0,12,2509.0,81,2510.0,21,2511.0,1,2512.0,9,2505.0
SH410,,13:46:59.0#,2585.0,2588.0,2485.0,2796.0,2430.0,3584,18787,2502.0,1,2503.0,11,2504.0,103,2505.0,1,2506.0,1,2508.0,12,2509.0,81,2510.0,21,2511.0,1,2512.0,9,2505.0
SH410,,13:46:59.750#,2585.0,2588.0,2485.0,2796.0,2430.0,3584,18787,2502.0,1,2503.0,11,2504.0,113,2505.0,1,2506.0,1,2508.0,13,2509.0,91,2510.0,21,2511.0,1,2512.0,9,2505.0
SH410,,13:47:00.0#,2585.0,2588.0,2485.0,2796.0,2430.0,3584,18787,2502.0,1,2503.0,11,2504.0,113,2505.0,1,2506.0,1,2508.0,13,2509.0,101,2510.0,11,2511.0,1,2512.0,9,2505.0
SH410,,13:47:00.250#,2585.0,2588.0,2485.0,2796.0,2430.0,3584,18787,2502.0,1,2503.0,11,2504.0,103,2505.0,11,2506.0,1,2508.0,13,2509.0,91,2510.0,21,2511.0,1,2512.0,9,2505.0
SH410,,13:47:00.500#,2585.0,2588.0,2485.0,2796.0,2430.0,3584,18787,2502.0,1,2503.0,11,2504.0,103,2505.0,11,2506.0,1,2508.0,13,2509.0,101,2510.0,11,2511.0,1,2512.0,9,2505.0
SH410,,13:47:03.0#,2585.0,2588.0,2485.0,2796.0,2430.0,3584,18787,2502.0,1,2503.0,11,2504.0,103,2505.0,11,2506.0,2,2508.0,12,2509.0,91,2510.0,21,2511.0,1,2512.0,9,2505.0
SH410,,13:47:03.250#,2585.0,2588.0,2485.0,2796.0,2430.0,3584,18787,2503.0,11,2504.0,93,2505.0,21,2506.0,1,2507.0,1,2508.0,11,2509.0,81,2510.0,31,2511.0,1,2512.0,9,2505.0
SH410,,13:47:03.500#,2585.0,2588.0,2485.0,2796.0,2430.0,3584,18787,2503.0,11,2504.0,53,2505.0,51,2506.0,12,2507.0,1,2508.0,10,2509.0,31,2510.0,71,2511.0,11,2512.0,9,2505.0
SH410,,13:47:03.750#,2585.0,2588.0,2485.0,2796.0,2430.0,3584,18787,2503.0,11,2504.0,33,2505.0,71,2506.0,12,2507.0,1,2508.0,10,2509.0,1,2510.0,91,2511.0,21,2512.0,9,2505.0
SH410,,13:47:04.0#,2585.0,2588.0,2485.0,2796.0,2430.0,3584,18787,2503.0,11,2504.0,13,2505.0,101,2506.0,2,2507.0,1,2508.0,10,2509.0,1,2510.0,101,2511.0,11,2512.0,9,2505.0
SH410,,13:47:04.250#,2585.0,2588.0,2485.0,2796.0,2430.0,3584,18787,2503.0,11,2504.0,13,2505.0,101,2506.0,2,2507.0,1,2508.0,10,2509.0,1,2510.0,111,2511.0,1,2512.0,9,2505.0
SH410,,13:47:04.500#,2585.0,2588.0,2485.0,2796.0,2430.0,3584,18787,2502.0,1,2503.0,11,2504.0,13,2505.0,101,2506.0,3,2508.0,11,2509.0,1,2510.0,111,2511.0,1,2512.0,9,2505.0
SH410,,13:47:04.750#,2585.0,2588.0,2485.0,2796.0,2430.0,3584,18787,2502.0,1,2503.0,11,2504.0,73,2505.0,41,2506.0,2,2508.0,12,2509.0,41,2510.0,71,2511.0,1,2512.0,9,2505.0
SH410,,13:47:05.0#,2585.0,2588.0,2485.0,2796.0,2430.0,3584,18787,2502.0,1,2503.0,31,2504.0,83,2505.0,11,2506.0,2,2508.0,13,2509.0,71,2510.0,41,2511.0,1,2512.0,9,2505.0
SH410,,13:47:05.250#,2585.0,2588.0,2485.0,2796.0,2430.0,3584,18787,2502.0,1,2503.0,31,2504.0,83,2505.0,11,2506.0,2,2508.0,13,2509.0,91,2510.0,21,2511.0,1,2512.0,9,2505.0
SH410,,13:47:06.0#,2585.0,2588.0,2485.0,2796.0,2430.0,3584,18787,2502.0,1,2503.0,21,2504.0,93,2505.0,11,2506.0,2,2508.0,13,2509.0,91,2510.0,21,2511.0,1,2512.0,9,2505.0
SH410,,13:47:06.500#,2585.0,2588.0,2485.0,2796.0,2430.0,3584,18787,2502.0,1,2503.0,21,2504.0,93,2505.0,11,2506.0,2,2508.0,12,2509.0,91,2510.0,21,2511.0,1,2512.0,9,2505.0
SH410,,13:47:06.750#,2585.0,2588.0,2485.0,2796.0,2430.0,3584,18787,2502.0,1,2503.0,11,2504.0,93,2505.0,21,2506.0,2,2508.0,12,2509.0,81,2510.0,31,2511.0,1,2512.0,9,2505.0
SH410,,13:47:08.500#,2585.0,2588.0,2485.0,2796.0,2430.0,3584,18787,2502.0,1,2503.0,11,2504.0,93,2505.0,21,2506.0,2,2508.0,13,2509.0,81,2510.0,31,2511.0,1,2512.0,9,2505.0
SH410,,13:47:11.0#,2585.0,2588.0,2485.0,2796.0,2430.0,3584,18787,2502.0,1,2503.0,11,2504.0,92,2505.0,22,2506.0,2,2508.0,12,2509.0,81,2510.0,31,2511.0,1,2512.0,9,2505.0
SH410,,13:47:15.750#,2585.0,2588.0,2485.0,2796.0,2430.0,3584,18787,2502.0,1,2503.0,11,2504.0,82,2505.0,22,2506.0,2,2508.0,12,2509.0,71,2510.0,31,2511.0,1,2512.0,9,2505.0
SH410,,13:47:16.0#,2585.0,2588.0,2485.0,2796.0,2430.0,3584,18787,2502.0,1,2503.0,11,2504.0,92,2505.0,22,2506.0,2,2508.0,12,2509.0,81,2510.0,31,2511.0,1,2512.0,9,2505.0
SH410,,13:47:18.250#,2585.0,2588.0,2485.0,2796.0,2430.0,3584,18787,2502.0,1,2503.0,11,2504.0,92,2505.0,22,2506.0,2,2508.0,11,2509.0,81,2510.0,31,2511.0,1,2512.0,9,2505.0
SH410,,13:47:18.500#,2585.0,2588.0,2485.0,2796.0,2430.0,3584,18787,2502.0,1,2503.0,11,2504.0,92,2505.0,22,2506.0,2,2508.0,11,2509.0,61,2510.0,51,2511.0,1,2512.0,9,2505.0
SH410,,13:47:18.750#,2585.0,2588.0,2485.0,2796.0,2430.0,3584,18787,2502.0,1,2503.0,11,2504.0,82,2505.0,22,2506.0,2,2508.0,10,2509.0,51,2510.0,51,2511.0,1,2512.0,9,2505.0
SH410,,13:47:19.0#,2585.0,2588.0,2485.0,2796.0,2430.0,3584,18787,2503.0,11,2504.0,92,2505.0,22,2506.0,1,2507.0,1,2508.0,10,2509.0,41,2510.0,71,2511.0,1,2512.0,9,2505.0
SH410,,13:47:19.250#,2585.0,2588.0,2485.0,2796.0,2430.0,3584,18787,2503.0,11,2504.0,62,2505.0,42,2506.0,12,2507.0,1,2508.0,10,2509.0,1,2510.0,101,2511.0,11,2512.0,9,2505.0
SH410,,13:47:19.500#,2585.0,2588.0,2485.0,2796.0,2430.0,3584,18787,2503.0,11,2504.0,42,2505.0,62,2506.0,12,2507.0,1,2508.0,10,2509.0,1,2510.0,91,2511.0,21,2512.0,9,2505.0
SH410,,13:47:19.750#,2585.0,2588.0,2485.0,2796.0,2430.0,3584,18787,2503.0,11,2504.0,22,2505.0,92,2506.0,2,2507.0,1,2508.0,10,2509.0,1,2510.0,101,2511.0,11,2512.0,9,2505.0
SH410,,13:47:20.0#,2585.0,2588.0,2485.0,2796.0,2430.0,3584,18787,2503.0,11,2504.0,22,2505.0,92,2506.0,2,2507.0,1,2508.0,10,2509.0,1,2510.0,111,2511.0,1,2512.0,9,2505.0
SH410,,13:47:20.250#,2585.0,2588.0,2485.0,2796.0,2430.0,3584,18787,2502.0,1,2503.0,11,2504.0,22,2505.0,92,2506.0,3,2508.0,11,2509.0,1,2510.0,111,2511.0,1,2512.0,9,2505.0
SH410,,13:47:20.500#,2585.0,2588.0,2485.0,2796.0,2430.0,3584,18787,2502.0,1,2503.0,11,2504.0,62,2505.0,52,2506.0,2,2508.0,12,2509.0,41,2510.0,71,2511.0,1,2512.0,9,2505.0
SH410,,13:47:20.750#,2585.0,2588.0,2485.0,2796.0,2430.0,3584,18787,2502.0,1,2503.0,21,2504.0,82,2505.0,22,2506.0,2,2508.0,12,2509.0,61,2510.0,51,2511.0,1,2512.0,9,2505.0
SH410,,13:47:21.0#,2585.0,2588.0,2485.0,2796.0,2430.0,3584,18787,2503.0,31,2504.0,72,2505.0,22,2506.0,1,2507.0,1,2508.0,11,2509.0,91,2510.0,21,2511.0,1,2512.0,9,2505.0
SH410,,13:47:21.250#,2585.0,2588.0,2485.0,2796.0,2430.0,3584,18787,2503.0,11,2504.0,52,2505.0,62,2506.0,2,2507.0,1,2508.0,10,2509.0,31,2510.0,81,2511.0,1,2512.0,9,2505.0
SH410,,13:47:21.500#,2585.0,2588.0,2485.0,2796.0,2430.0,3584,18787,2503.0,11,2504.0,32,2505.0,82,2506.0,2,2507.0,1,2508.0,10,2509.0,1,2510.0,101,2511.0,11,2512.0,9,2505.0
SH410,,13:47:21.750#,2585.0,2588.0,2485.0,2796.0,2430.0,3584,18787,2503.0,11,2504.0,12,2505.0,102,2506.0,2,2507.0,1,2508.0,10,2509.0,1,2510.0,101,2511.0,11,2512.0,9,2505.0
SH410,,13:47:22.0#,2585.0,2588.0,2485.0,2796.0,2430.0,3584,18787,2503.0,11,2504.0,12,2505.0,102,2506.0,2,2507.0,1,2508.0,10,2509.0,1,2510.0,111,2511.0,1,2512.0,9,2505.0
SH410,,13:47:24.250#,2585.0,2588.0,2485.0,2796.0,2430.0,3584,18787,2503.0,11,2504.0,2,2505.0,112,2506.0,2,2507.0,1,2508.0,10,2509.0,1,2510.0,111,2511.0,1,2512.0,9,2505.0
SH410,,13:47:36.250#,2585.0,2588.0,2485.0,2796.0,2430.0,3584,18787,2503.0,11,2504.0,2,2505.0,102,2506.0,2,2507.0,1,2508.0,10,2509.0,1,2510.0,101,2511.0,1,2512.0,9,2505.0
SH410,,13:47:36.500#,2585.0,2588.0,2485.0,2796.0,2430.0,3584,18787,2503.0,11,2504.0,2,2505.0,112,2506.0,2,2507.0,1,2508.0,10,2509.0,1,2510.0,111,2511.0,1,2512.0,9,2505.0
SH410,,13:47:49.250#,2585.0,2588.0,2485.0,2796.0,2430.0,3584,18787,2503.0,11,2504.0,2,2505.0,112,2506.0,2,2507.0,1,2508.0,11,2509.0,1,2510.0,111,2511.0,1,2512.0,9,2505.0
SH410,,13:47:51.500#,2585.0,2588.0,2485.0,2796.0,2430.0,3584,18787,2503.0,11,2504.0,2,2505.0,102,2506.0,2,2507.0,1,2508.0,11,2509.0,1,2510.0,101,2511.0,1,2512.0,9,2505.0
SH410,,13:47:51.750#,2585.0,2588.0,2485.0,2796.0,2430.0,3584,18787,2503.0,11,2504.0,2,2505.0,112,2506.0,2,2507.0,1,2508.0,11,2509.0,1,2510.0,111,2511.0,1,2512.0,9,2505.0
SH410,,13:48:06.750#,2585.0,2588.0,2485.0,2796.0,2430.0,3584,18787,2503.0,11,2504.0,2,2505.0,102,2506.0,2,2507.0,1,2508.0,11,2509.0,1,2510.0,101,2511.0,1,2512.0,9,2505.0
SH410,,13:48:07.0#,2585.0,2588.0,2485.0,2796.0,2430.0,3584,18787,2503.0,11,2504.0,2,2505.0,112,2506.0,2,2507.0,1,2508.0,11,2509.0,1,2510.0,111,2511.0,1,2512.0,9,2505.0
SH410,,13:48:08.0#,2585.0,2588.0,2485.0,2796.0,2430.0,3584,18787,2502.0,1,2503.0,11,2504.0,2,2505.0,112,2506.0,3,2508.0,12,2509.0,1,2510.0,111,2511.0,1,2512.0,9,2505.0
SH410,,13:48:08.250#,2585.0,2588.0,2485.0,2796.0,2430.0,3584,18787,2502.0,1,2503.0,11,2504.0,72,2505.0,42,2506.0,2,2508.0,14,2509.0,41,2510.0,71,2511.0,1,2512.0,9,2505.0
SH410,,13:48:08.500#,2585.0,2588.0,2485.0,2796.0,2430.0,3584,18787,2502.0,1,2503.0,31,2504.0,82,2505.0,12,2506.0,2,2508.0,14,2509.0,81,2510.0,31,2511.0,1,2512.0,9,2505.0
SH410,,13:48:08.750#,2585.0,2588.0,2485.0,2796.0,2430.0,3584,18787,2502.0,1,2503.0,31,2504.0,82,2505.0,12,2506.0,2,2508.0,14,2509.0,101,2510.0,11,2511.0,1,2512.0,9,2505.0
SH410,,13:48:10.0#,2585.0,2588.0,2485.0,2796.0,2430.0,3584,18787,2502.0,1,2503.0,21,2504.0,92,2505.0,12,2506.0,2,2508.0,14,2509.0,101,2510.0,11,2511.0,1,2512.0,9,2505.0
SH410,,13:48:10.250#,2585.0,2588.0,2485.0,2796.0,2430.0,3584,18787,2502.0,1,2503.0,11,2504.0,102,2505.0,12,2506.0,2,2508.0,14,2509.0,101,2510.0,11,2511.0,1,2512.0,9,2505.0
SH410,,13:48:10.500#,2585.0,2588.0,2485.0,2796.0,2430.0,3584,18787,2502.0,1,2503.0,11,2504.0,92,2505.0,22,2506.0,2,2508.0,14,2509.0,91,2510.0,21,2511.0,1,2512.0,9,2505.0
SH410,,13:48:10.750#,2585.0,2588.0,2485.0,2796.0,2430.0,3584,18787,2502.0,1,2503.0,11,2504.0,92,2505.0,22,2506.0,2,2508.0,14,2509.0,81,2510.0,31,2511.0,1,2512.0,9,2505.0
SH410,,13:48:11.750#,2585.0,2588.0,2485.0,2796.0,2430.0,3584,18787,2502.0,1,2503.0,11,2504.0,92,2505.0,22,2506.0,2,2508.0,13,2509.0,81,2510.0,31,2511.0,1,2512.0,9,2505.0
SH410,,13:48:21.750#,2585.0,2588.0,2485.0,2796.0,2430.0,3584,18787,2503.0,11,2504.0,92,2505.0,22,2506.0,1,2507.0,1,2508.0,12,2509.0,81,2510.0,31,2511.0,1,2512.0,9,2505.0
SH410,,13:48:22.0#,2585.0,2588.0,2485.0,2796.0,2430.0,3584,18787,2503.0,11,2504.0,62,2505.0,42,2506.0,12,2507.0,1,2508.0,11,2509.0,31,2510.0,71,2511.0,11,2512.0,9,2505.0
SH410,,13:48:22.250#,2585.0,2588.0,2485.0,2796.0,2430.0,3584,18787,2503.0,11,2504.0,32,2505.0,72,2506.0,12,2507.0,1,2508.0,11,2509.0,1,2510.0,91,2511.0,21,2512.0,9,2505.0
SH410,,13:48:22.500#,2585.0,2588.0,2485.0,2796.0,2430.0,3584,18787,2503.0,11,2504.0,12,2505.0,102,2506.0,2,2507.0,1,2508.0,11,2509.0,1,2510.0,101,2511.0,11,2512.0,9,2505.0
SH410,,13:48:22.750#,2585.0,2588.0,2485.0,2796.0,2430.0,3584,18787,2503.0,11,2504.0,12,2505.0,102,2506.0,2,2507.0,1,2508.0,11,2509.0,1,2510.0,111,2511.0,1,2512.0,9,2505.0
SH410,,13:48:26.0#,2585.0,2588.0,2485.0,2796.0,2430.0,3584,18787,2503.0,11,2504.0,2,2505.0,112,2506.0,2,2507.0,1,2508.0,11,2509.0,1,2510.0,111,2511.0,1,2512.0,9,2505.0
SH410,,13:48:34.250#,2585.0,2588.0,2485.0,2796.0,2430.0,3584,18787,2503.0,11,2504.0,2,2505.0,102,2506.0,2,2507.0,1,2508.0,11,2509.0,1,2510.0,101,2511.0,1,2512.0,9,2505.0
SH410,,13:48:34.500#,2585.0,2588.0,2485.0,2796.0,2430.0,3584,18787,2503.0,11,2504.0,2,2505.0,112,2506.0,2,2507.0,1,2508.0,11,2509.0,1,2510.0,111,2511.0,1,2512.0,9,2505.0
SH410,,13:48:46.750#,2585.0,2588.0,2485.0,2796.0,2430.0,3584,18787,2503.0,11,2504.0,2,2505.0,112,2506.0,2,2507.0,1,2508.0,11,2509.0,1,2510.0,111,2511.0,1,2512.0,9,2505.0
SH410,,13:48:49.500#,2585.0,2588.0,2485.0,2796.0,2430.0,3584,18787,2503.0,11,2504.0,2,2505.0,102,2506.0,2,2507.0,1,2508.0,11,2509.0,1,2510.0,101,2511.0,1,2512.0,9,2505.0
SH410,,13:48:49.750#,2585.0,2588.0,2485.0,2796.0,2430.0,3584,18787,2503.0,11,2504.0,2,2505.0,112,2506.0,2,2507.0,1,2508.0,11,2509.0,1,2510.0,111,2511.0,1,2512.0,9,2505.0
SH410,,13:48:51.250#,2585.0,2588.0,2485.0,2796.0,2430.0,3584,18787,2502.0,1,2503.0,11,2504.0,2,2505.0,112,2506.0,3,2508.0,11,2509.0,1,2510.0,111,2511.0,1,2512.0,9,2505.0
SH410,,13:48:51.500#,2585.0,2588.0,2485.0,2796.0,2430.0,3584,18787,2503.0,11,2504.0,52,2505.0,62,2506.0,2,2507.0,1,2508.0,11,2509.0,31,2510.0,81,2511.0,1,2512.0,9,2505.0
SH410,,13:48:51.750#,2585.0,2588.0,2485.0,2796.0,2430.0,3584,18787,2503.0,11,2504.0,32,2505.0,82,2506.0,2,2507.0,1,2508.0,11,2509.0,1,2510.0,111,2511.0,1,2512.0,9,2505.0
SH410,,13:48:52.0#,2585.0,2588.0,2485.0,2796.0,2430.0,3584,18787,2503.0,1,2504.0,22,2505.0,102,2506.0,2,2507.0,1,2508.0,1,2509.0,1,2510.0,121,2511.0,1,2512.0,9,2505.0
SH410,,13:48:52.250#,2585.0,2588.0,2485.0,2796.0,2430.0,3584,18787,2503.0,1,2504.0,2,2505.0,122,2506.0,2,2507.0,1,2508.0,1,2509.0,1,2510.0,101,2511.0,21,2512.0,9,2505.0
SH410,,13:48:52.750#,2585.0,2588.0,2485.0,2796.0,2430.0,3584,18787,2503.0,1,2504.0,2,2505.0,122,2506.0,2,2507.0,1,2508.0,1,2509.0,1,2510.0,111,2511.0,11,2512.0,9,2505.0
SH410,,13:48:55.250#,2585.0,2588.0,2485.0,2796.0,2430.0,3584,18787,2503.0,1,2504.0,2,2505.0,122,2506.0,2,2507.0,1,2508.0,1,2509.0,1,2510.0,121,2511.0,1,2512.0,9,2505.0
SH410,,13:48:56.750#,2585.0,2588.0,2485.0,2796.0,2430.0,3584,18787,2502.0,1,2503.0,1,2504.0,2,2505.0,122,2506.0,3,2508.0,1,2509.0,1,2510.0,121,2511.0,1,2512.0,9,2505.0
SH410,,13:48:57.0#,2585.0,2588.0,2485.0,2796.0,2430.0,3584,18787,2502.0,1,2503.0,1,2504.0,12,2505.0,112,2506.0,3,2508.0,2,2509.0,1,2510.0,121,2511.0,1,2512.0,9,2505.0
SH410,,13:48:58.0#,2585.0,2588.0,2485.0,2796.0,2430.0,3584,18787,2502.0,1,2503.0,1,2504.0,2,2505.0,122,2506.0,3,2508.0,2,2509.0,1,2510.0,121,2511.0,1,2512.0,9,2505.0
SH410,,13:49:03.0#,2585.0,2588.0,2485.0,2796.0,2430.0,3584,18787,2502.0,1,2503.0,1,2504.0,22,2505.0,102,2506.0,3,2508.0,3,2509.0,11,2510.0,111,2511.0,1,2512.0,9,2505.0
SH410,,13:49:12.0#,2585.0,2588.0,2485.0,2796.0,2430.0,3584,18787,2502.0,1,2503.0,1,2504.0,22,2505.0,92,2506.0,2,2508.0,3,2509.0,11,2510.0,101,2511.0,1,2512.0,9,2505.0
SH410,,13:49:12.250#,2585.0,2588.0,2485.0,2796.0,2430.0,3584,18787,2502.0,1,2503.0,1,2504.0,62,2505.0,62,2506.0,2,2508.0,3,2509.0,41,2510.0,81,2511.0,1,2512.0,9,2505.0
SH410,,13:49:12.500#,2585.0,2588.0,2485.0,2796.0,2430.0,3584,18787,2502.0,1,2503.0,1,2504.0,92,2505.0,32,2506.0,2,2508.0,3,2509.0,41,2510.0,81,2511.0,1,2512.0,9,2505.0
SH410,,13:49:13.250#,2585.0,2588.0,2485.0,2796.0,2430.0,3584,18787,2502.0,1,2503.0,1,2504.0,92,2505.0,32,2506.0,3,2508.0,3,2509.0,41,2510.0,81,2511.0,1,2512.0,9,2505.0
SH410,,13:49:13.500#,2585.0,2588.0,2485.0,2796.0,2430.0,3584,18787,2502.0,1,2503.0,1,2504.0,72,2505.0,52,2506.0,3,2508.0,3,2509.0,11,2510.0,111,2511.0,1,2512.0,9,2505.0
SH410,,13:49:13.750#,2585.0,2588.0,2485.0,2796.0,2430.0,3584,18787,2502.0,1,2503.0,1,2504.0,52,2505.0,72,2506.0,3,2508.0,3,2509.0,11,2510.0,111,2511.0,1,2512.0,9,2505.0
SH410,,13:49:14.0#,2585.0,2588.0,2485.0,2796.0,2430.0,3584,18787,2502.0,1,2503.0,1,2504.0,32,2505.0,92,2506.0,3,2508.0,3,2509.0,11,2510.0,111,2511.0,1,2512.0,9,2505.0
SH410,,13:49:14.250#,2585.0,2588.0,2485.0,2796.0,2430.0,3584,18787,2502.0,1,2503.0,1,2504.0,32,2505.0,82,2506.0,3,2508.0,3,2509.0,11,2510.0,101,2511.0,1,2512.0,9,2505.0
SH410,,13:49:15.500#,2585.0,2588.0,2485.0,2796.0,2430.0,3584,18787,2502.0,1,2503.0,1,2504.0,32,2505.0,82,2506.0,2,2508.0,3,2509.0,11,2510.0,101,2511.0,1,2512.0,9,2505.0
SH410,,13:49:15.750#,2585.0,2588.0,2485.0,2796.0,2430.0,3584,18787,2502.0,1,2503.0,1,2504.0,62,2505.0,62,2506.0,2,2508.0,3,2509.0,41,2510.0,81,2511.0,1,2512.0,9,2505.0
SH410,,13:49:16.0#,2585.0,2588.0,2485.0,2796.0,2430.0,3584,18787,2502.0,1,2503.0,1,2504.0,92,2505.0,32,2506.0,2,2508.0,3,2509.0,41,2510.0,81,2511.0,1,2512.0,9,2505.0
SH410,,13:49:17.750#,2585.0,2588.0,2485.0,2796.0,2430.0,3584,18787,2502.0,1,2503.0,1,2504.0,102,2505.0,22,2506.0,3,2508.0,3,2509.0,41,2510.0,81,2511.0,1,2512.0,9,2505.0
SH410,,13:49:18.0#,2585.0,2588.0,2485.0,2796.0,2430.0,3584,18787,2502.0,1,2503.0,1,2504.0,82,2505.0,42,2506.0,2,2508.0,3,2509.0,11,2510.0,111,2511.0,1,2512.0,9,2505.0
SH410,,13:49:18.250#,2585.0,2588.0,2485.0,2796.0,2430.0,3584,18787,2502.0,1,2503.0,1,2504.0,112,2505.0,12,2506.0,2,2508.0,3,2509.0,41,2510.0,81,2511.0,1,2512.0,9,2505.0
SH410,,13:49:18.500#,2585.0,2588.0,2485.0,2796.0,2430.0,3584,18787,2502.0,1,2503.0,1,2504.0,112,2505.0,12,2506.0,3,2508.0,3,2509.0,41,2510.0,81,2511.0,1,2512.0,9,2505.0
SH410,,13:49:18.750#,2585.0,2588.0,2485.0,2796.0,2430.0,3584,18787,2502.0,1,2503.0,1,2504.0,82,2505.0,42,2506.0,3,2508.0,3,2509.0,11,2510.0,111,2511.0,1,2512.0,9,2505.0
SH410,,13:49:20.0#,2585.0,2588.0,2485.0,2796.0,2430.0,3584,18787,2502.0,1,2503.0,1,2504.0,72,2505.0,52,2506.0,3,2508.0,3,2509.0,11,2510.0,111,2511.0,1,2512.0,9,2505.0
SH410,,13:49:20.250#,2585.0,2588.0,2485.0,2796.0,2430.0,3584,18787,2502.0,1,2503.0,1,2504.0,62,2505.0,62,2506.0,2,2508.0,3,2509.0,11,2510.0,111,2511.0,1,2512.0,9,2505.0
SH410,,13:49:20.500#,2585.0,2588.0,2485.0,2796.0,2430.0,3584,18787,2502.0,1,2503.0,1,2504.0,82,2505.0,42,2506.0,2,2508.0,3,2509.0,41,2510.0,81,2511.0,1,2512.0,9,2505.0
SH410,,13:49:20.750#,2585.0,2588.0,2485.0,2796.0,2430.0,3584,18787,2502.0,1,2503.0,1,2504.0,92,2505.0,32,2506.0,2,2508.0,3,2509.0,41,2510.0,81,2511.0,1,2512.0,9,2505.0
SH410,,13:49:21.750#,2585.0,2588.0,2485.0,2796.0,2430.0,3584,18787,2502.0,1,2503.0,1,2504.0,102,2505.0,22,2506.0,2,2508.0,3,2509.0,41,2510.0,81,2511.0,1,2512.0,9,2505.0
SH410,,13:49:23.250#,2585.0,2588.0,2485.0,2796.0,2430.0,3584,18787,2502.0,1,2503.0,1,2504.0,92,2505.0,22,2506.0,2,2508.0,3,2509.0,41,2510.0,71,2511.0,1,2512.0,9,2505.0
SH410,,13:49:28.750#,2585.0,2588.0,2485.0,2796.0,2430.0,3584,18787,2502.0,1,2503.0,1,2504.0,112,2505.0,12,2506.0,2,2508.0,3,2509.0,51,2510.0,71,2511.0,1,2512.0,9,2505.0
SH410,,13:49:29.0#,2585.0,2588.0,2485.0,2796.0,2430.0,3584,18787,2502.0,1,2503.0,1,2504.0,112,2505.0,12,2506.0,2,2508.0,3,2509.0,71,2510.0,51,2511.0,1,2512.0,9,2505.0
SH410,,13:49:29.250#,2585.0,2588.0,2485.0,2796.0,2430.0,3584,18787,2502.0,1,2503.0,1,2504.0,112,2505.0,12,2506.0,2,2508.0,3,2509.0,91,2510.0,31,2511.0,1,2512.0,9,2505.0
