InstrumentId,ExchangeId,Datetime,OpenPrice,HighestPrice,LowestPrice,UpperLimitPrice,LowerLimitPrice,Volume,OpenInterest,BidPrice5,BidVolume5,BidPrice4,BidVolume4,BidPrice3,BidVolume3,BidPrice2,BidVolume2,BidPrice1,BidVolume1,AskPrice1,AskVolume1,AskPrice2,AskVolume2,AskPrice3,AskVolume3,AskPrice4,AskVolume4,AskPrice5,AskVolume5,LastPrice
si2409,,13:38:35.54#,10535.0,10580.0,10445.0,0.0,0.0,96123,232304.0,10465.0,216,10470.0,267,10475.0,233,10480.0,159,10485.0,47,10490.0,60,10495.0,106,10500.0,105,10505.0,94,10510.0,78,10490.0
si2409,,13:38:35.80#,10535.0,10580.0,10445.0,11355.0,9875.0,96123,232304.0,0.0,0,0.0,0,0.0,0,0.0,0,10485.0,47,10490.0,68,0.0,0,0.0,0,0.0,0,0.0,0,10490.0
si2409,,13:38:35.80#,10535.0,10580.0,10445.0,0.0,0.0,96123,232304.0,10465.0,216,10470.0,267,10475.0,233,10480.0,159,10485.0,47,10490.0,68,10495.0,106,10500.0,105,10505.0,94,10510.0,78,10490.0
si2409,,13:38:35.389#,10535.0,10580.0,10445.0,0.0,0.0,96123,232304.0,10465.0,216,10470.0,267,10475.0,233,10480.0,152,10485.0,47,10490.0,73,10495.0,111,10500.0,105,10505.0,94,10510.0,78,10490.0
si2409,,13:38:35.389#,10535.0,10580.0,10445.0,11355.0,9875.0,96123,232304.0,0.0,0,0.0,0,0.0,0,0.0,0,10485.0,47,10490.0,73,0.0,0,0.0,0,0.0,0,0.0,0,10490.0
si2409,,13:38:35.788#,10535.0,10580.0,10445.0,0.0,0.0,96123,232304.0,10465.0,216,10470.0,267,10475.0,233,10480.0,152,10485.0,47,10490.0,73,10495.0,113,10500.0,105,10505.0,94,10510.0,78,10490.0
si2409,,13:38:36.14#,10535.0,10580.0,10445.0,0.0,0.0,96123,232304.0,10465.0,216,10470.0,267,10475.0,233,10480.0,152,10485.0,47,10490.0,73,10495.0,112,10500.0,105,10505.0,94,10510.0,78,10490.0
si2409,,13:38:36.190#,10535.0,10580.0,10445.0,0.0,0.0,96123,232304.0,10465.0,216,10470.0,267,10475.0,233,10480.0,151,10485.0,47,10490.0,73,10495.0,112,10500.0,105,10505.0,94,10510.0,78,10490.0
si2409,,13:38:36.430#,10535.0,10580.0,10445.0,0.0,0.0,96123,232304.0,10465.0,216,10470.0,267,10475.0,233,10480.0,151,10485.0,47,10490.0,73,10495.0,112,10500.0,105,10505.0,94,10510.0,78,10490.0
si2409,,13:38:36.943#,10535.0,10580.0,10445.0,0.0,0.0,96123,232304.0,10465.0,216,10470.0,267,10475.0,233,10480.0,151,10485.0,47,10490.0,74,10495.0,112,10500.0,105,10505.0,94,10510.0,78,10490.0
si2409,,13:38:36.943#,10535.0,10580.0,10445.0,11355.0,9875.0,96123,232304.0,0.0,0,0.0,0,0.0,0,0.0,0,10485.0,47,10490.0,74,0.0,0,0.0,0,0.0,0,0.0,0,10490.0
si2409,,13:38:37.290#,10535.0,10580.0,10445.0,0.0,0.0,96123,232304.0,10465.0,216,10470.0,267,10475.0,233,10480.0,151,10485.0,47,10490.0,74,10495.0,112,10500.0,105,10505.0,94,10510.0,78,10490.0
si2409,,13:38:37.480#,10535.0,10580.0,10445.0,0.0,0.0,96123,232304.0,10465.0,216,10470.0,267,10475.0,233,10480.0,151,10485.0,47,10490.0,74,10495.0,112,10500.0,105,10505.0,94,10510.0,78,10490.0
si2409,,13:38:37.609#,10535.0,10580.0,10445.0,11355.0,9875.0,96124,232305.0,0.0,0,0.0,0,0.0,0,0.0,0,10485.0,47,10490.0,73,0.0,0,0.0,0,0.0,0,0.0,0,10490.0
si2409,,13:38:37.638#,10535.0,10580.0,10445.0,0.0,0.0,96124,232305.0,10465.0,216,10470.0,267,10475.0,233,10480.0,151,10485.0,47,10490.0,73,10495.0,112,10500.0,105,10505.0,94,10510.0,78,10490.0
si2409,,13:38:38.50#,10535.0,10580.0,10445.0,0.0,0.0,96124,232305.0,10465.0,216,10470.0,267,10475.0,233,10480.0,151,10485.0,47,10490.0,73,10495.0,113,10500.0,106,10505.0,94,10510.0,78,10490.0
si2409,,13:38:38.255#,10535.0,10580.0,10445.0,0.0,0.0,96124,232305.0,10465.0,216,10470.0,267,10475.0,233,10480.0,151,10485.0,48,10490.0,74,10495.0,113,10500.0,106,10505.0,94,10510.0,78,10490.0
si2409,,13:38:38.531#,10535.0,10580.0,10445.0,0.0,0.0,96128,232305.0,10465.0,216,10470.0,267,10475.0,233,10480.0,150,10485.0,48,10490.0,71,10495.0,113,10500.0,106,10505.0,94,10510.0,78,10490.0
si2409,,13:38:38.531#,10535.0,10580.0,10445.0,11355.0,9875.0,96128,232305.0,0.0,0,0.0,0,0.0,0,0.0,0,10485.0,48,10490.0,71,0.0,0,0.0,0,0.0,0,0.0,0,10490.0
si2409,,13:38:39.179#,10535.0,10580.0,10445.0,0.0,0.0,96128,232305.0,10465.0,216,10470.0,267,10475.0,240,10480.0,150,10485.0,48,10490.0,63,10495.0,113,10500.0,106,10505.0,94,10510.0,78,10490.0
si2409,,13:38:39.552#,10535.0,10580.0,10445.0,0.0,0.0,96128,232305.0,10465.0,211,10470.0,267,10475.0,240,10480.0,150,10485.0,51,10490.0,56,10495.0,108,10500.0,106,10505.0,89,10510.0,78,10490.0
si2409,,13:38:39.581#,10535.0,10580.0,10445.0,11355.0,9875.0,96128,232305.0,0.0,0,0.0,0,0.0,0,0.0,0,10485.0,53,10490.0,55,0.0,0,0.0,0,0.0,0,0.0,0,10490.0
si2409,,13:38:39.706#,10535.0,10580.0,10445.0,0.0,0.0,96128,232305.0,10465.0,216,10470.0,267,10475.0,240,10480.0,129,10485.0,54,10490.0,49,10495.0,108,10500.0,106,10505.0,94,10510.0,78,10490.0
si2409,,13:38:39.868#,10535.0,10580.0,10445.0,0.0,0.0,96128,232305.0,10465.0,211,10470.0,272,10475.0,240,10480.0,129,10485.0,54,10490.0,48,10495.0,107,10500.0,106,10505.0,89,10510.0,83,10490.0
si2409,,13:38:40.72#,10535.0,10580.0,10445.0,11355.0,9875.0,96128,232305.0,0.0,0,0.0,0,0.0,0,0.0,0,10485.0,54,10490.0,47,0.0,0,0.0,0,0.0,0,0.0,0,10490.0
si2409,,13:38:40.286#,10535.0,10580.0,10445.0,0.0,0.0,96128,232305.0,10465.0,186,10470.0,297,10475.0,240,10480.0,129,10485.0,53,10490.0,47,10495.0,104,10500.0,107,10505.0,64,10510.0,108,10490.0
si2409,,13:38:40.562#,10535.0,10580.0,10445.0,0.0,0.0,96128,232305.0,10465.0,186,10470.0,297,10475.0,240,10480.0,129,10485.0,53,10490.0,46,10495.0,104,10500.0,107,10505.0,64,10510.0,108,10490.0
si2409,,13:38:40.562#,10535.0,10580.0,10445.0,11355.0,9875.0,96128,232305.0,0.0,0,0.0,0,0.0,0,0.0,0,10485.0,53,10490.0,46,0.0,0,0.0,0,0.0,0,0.0,0,10490.0
si2409,,13:38:40.796#,10535.0,10580.0,10445.0,0.0,0.0,96128,232305.0,10465.0,186,10470.0,297,10475.0,240,10480.0,129,10485.0,53,10490.0,46,10495.0,107,10500.0,109,10505.0,64,10510.0,108,10490.0
si2409,,13:38:41.284#,10535.0,10580.0,10445.0,0.0,0.0,96128,232305.0,10465.0,186,10470.0,297,10475.0,240,10480.0,129,10485.0,57,10490.0,46,10495.0,107,10500.0,109,10505.0,64,10510.0,108,10490.0
si2409,,13:38:41.477#,10535.0,10580.0,10445.0,0.0,0.0,96134,232306.0,10465.0,186,10470.0,297,10475.0,240,10480.0,129,10485.0,57,10490.0,35,10495.0,103,10500.0,109,10505.0,64,10510.0,108,10490.0
si2409,,13:38:41.578#,10535.0,10580.0,10445.0,11355.0,9875.0,96134,232306.0,0.0,0,0.0,0,0.0,0,0.0,0,10485.0,57,10490.0,17,0.0,0,0.0,0,0.0,0,0.0,0,10490.0
si2409,,13:38:41.659#,10535.0,10580.0,10445.0,0.0,0.0,96134,232306.0,10465.0,186,10470.0,297,10475.0,240,10480.0,110,10485.0,58,10490.0,15,10495.0,117,10500.0,109,10505.0,64,10510.0,108,10490.0
si2409,,13:38:41.849#,10535.0,10580.0,10445.0,0.0,0.0,96134,232306.0,10465.0,181,10470.0,297,10475.0,245,10480.0,110,10485.0,63,10490.0,15,10495.0,117,10500.0,109,10505.0,59,10510.0,108,10490.0
si2409,,13:38:42.80#,10535.0,10580.0,10445.0,11355.0,9875.0,96134,232306.0,0.0,0,0.0,0,0.0,0,0.0,0,10485.0,66,10490.0,14,0.0,0,0.0,0,0.0,0,0.0,0,10490.0
si2409,,13:38:42.313#,10535.0,10580.0,10445.0,0.0,0.0,96134,232306.0,10465.0,181,10470.0,292,10475.0,245,10480.0,110,10485.0,66,10490.0,18,10495.0,116,10500.0,109,10505.0,59,10510.0,103,10490.0
si2409,,13:38:42.341#,10535.0,10580.0,10445.0,0.0,0.0,96134,232306.0,10465.0,186,10470.0,297,10475.0,240,10480.0,110,10485.0,66,10490.0,21,10495.0,116,10500.0,109,10505.0,64,10510.0,108,10490.0
si2409,,13:38:42.571#,10535.0,10580.0,10445.0,11355.0,9875.0,96134,232306.0,0.0,0,0.0,0,0.0,0,0.0,0,10485.0,63,10490.0,25,0.0,0,0.0,0,0.0,0,0.0,0,10490.0
si2409,,13:38:42.571#,10535.0,10580.0,10445.0,0.0,0.0,96134,232306.0,10465.0,186,10470.0,297,10475.0,240,10480.0,110,10485.0,63,10490.0,25,10495.0,116,10500.0,109,10505.0,64,10510.0,108,10490.0
si2409,,13:38:42.834#,10535.0,10580.0,10445.0,0.0,0.0,96134,232306.0,10465.0,186,10470.0,297,10475.0,240,10480.0,110,10485.0,64,10490.0,27,10495.0,116,10500.0,109,10505.0,64,10510.0,108,10490.0
si2409,,13:38:43.99#,10535.0,10580.0,10445.0,11355.0,9875.0,96134,232306.0,0.0,0,0.0,0,0.0,0,0.0,0,10485.0,65,10490.0,27,0.0,0,0.0,0,0.0,0,0.0,0,10490.0
si2409,,13:38:43.254#,10535.0,10580.0,10445.0,0.0,0.0,96134,232306.0,10465.0,186,10470.0,297,10475.0,240,10480.0,111,10485.0,65,10490.0,27,10495.0,116,10500.0,109,10505.0,64,10510.0,108,10490.0
si2409,,13:38:43.551#,10535.0,10580.0,10445.0,0.0,0.0,96139,232310.0,10465.0,186,10470.0,297,10475.0,240,10480.0,111,10485.0,65,10490.0,22,10495.0,116,10500.0,109,10505.0,64,10510.0,108,10490.0
si2409,,13:38:43.597#,10535.0,10580.0,10445.0,11355.0,9875.0,96139,232310.0,0.0,0,0.0,0,0.0,0,0.0,0,10485.0,65,10490.0,23,0.0,0,0.0,0,0.0,0,0.0,0,10490.0
si2409,,13:38:43.674#,10535.0,10580.0,10445.0,0.0,0.0,96139,232310.0,10465.0,186,10470.0,297,10475.0,240,10480.0,111,10485.0,65,10490.0,23,10495.0,108,10500.0,109,10505.0,64,10510.0,108,10490.0
si2409,,13:38:44.303#,10535.0,10580.0,10445.0,0.0,0.0,96140,232311.0,10465.0,186,10470.0,297,10475.0,240,10480.0,111,10485.0,65,10490.0,22,10495.0,108,10500.0,109,10505.0,64,10510.0,108,10490.0
si2409,,13:38:44.501#,10535.0,10580.0,10445.0,0.0,0.0,96140,232311.0,10465.0,186,10470.0,297,10475.0,240,10480.0,111,10485.0,65,10490.0,21,10495.0,107,10500.0,109,10505.0,64,10510.0,108,10490.0
si2409,,13:38:44.578#,10535.0,10580.0,10445.0,11355.0,9875.0,96140,232311.0,0.0,0,0.0,0,0.0,0,0.0,0,10485.0,65,10490.0,21,0.0,0,0.0,0,0.0,0,0.0,0,10490.0
si2409,,13:38:44.774#,10535.0,10580.0,10445.0,0.0,0.0,96140,232311.0,10465.0,186,10470.0,297,10475.0,240,10480.0,110,10485.0,65,10490.0,21,10495.0,107,10500.0,109,10505.0,64,10510.0,108,10490.0
si2409,,13:38:44.998#,10535.0,10580.0,10445.0,0.0,0.0,96140,232311.0,10465.0,186,10470.0,296,10475.0,240,10480.0,110,10485.0,65,10490.0,21,10495.0,107,10500.0,109,10505.0,64,10510.0,108,10490.0
si2409,,13:38:45.208#,10535.0,10580.0,10445.0,0.0,0.0,96141,232310.0,10465.0,186,10470.0,296,10475.0,240,10480.0,110,10485.0,65,10490.0,20,10495.0,107,10500.0,109,10505.0,64,10510.0,108,10490.0
si2409,,13:38:45.490#,10535.0,10580.0,10445.0,0.0,0.0,96141,232310.0,10465.0,186,10470.0,296,10475.0,240,10480.0,110,10485.0,65,10490.0,20,10495.0,107,10500.0,109,10505.0,64,10510.0,108,10490.0
si2409,,13:38:45.490#,10535.0,10580.0,10445.0,11355.0,9875.0,96141,232310.0,0.0,0,0.0,0,0.0,0,0.0,0,10485.0,65,10490.0,20,0.0,0,0.0,0,0.0,0,0.0,0,10490.0
si2409,,13:38:45.756#,10535.0,10580.0,10445.0,0.0,0.0,96141,232310.0,10465.0,186,10470.0,296,10475.0,240,10480.0,110,10485.0,66,10490.0,23,10495.0,107,10500.0,109,10505.0,64,10510.0,108,10490.0
si2409,,13:38:45.856#,10535.0,10580.0,10445.0,0.0,0.0,96141,232310.0,10465.0,186,10470.0,296,10475.0,240,10480.0,110,10485.0,68,10490.0,23,10495.0,107,10500.0,109,10505.0,64,10510.0,108,10490.0
si2409,,13:38:46.71#,10535.0,10580.0,10445.0,11355.0,9875.0,96141,232310.0,0.0,0,0.0,0,0.0,0,0.0,0,10485.0,68,10490.0,23,0.0,0,0.0,0,0.0,0,0.0,0,10490.0
si2409,,13:38:46.293#,10535.0,10580.0,10445.0,0.0,0.0,96141,232310.0,10465.0,186,10470.0,296,10475.0,240,10480.0,110,10485.0,68,10490.0,23,10495.0,107,10500.0,109,10505.0,64,10510.0,108,10490.0
si2409,,13:38:46.540#,10535.0,10580.0,10445.0,0.0,0.0,96141,232310.0,10465.0,186,10470.0,296,10475.0,240,10480.0,110,10485.0,68,10490.0,23,10495.0,107,10500.0,109,10505.0,64,10510.0,108,10490.0
si2409,,13:38:46.686#,10535.0,10580.0,10445.0,0.0,0.0,96164,232295.0,10470.0,296,10475.0,240,10480.0,110,10485.0,68,10490.0,65,10495.0,107,10500.0,109,10505.0,64,10510.0,108,10515.0,52,10490.0
si2409,,13:38:47.58#,10535.0,10580.0,10445.0,0.0,0.0,96164,232295.0,10470.0,301,10475.0,235,10480.0,113,10485.0,96,10490.0,74,10495.0,99,10500.0,126,10505.0,64,10510.0,112,10515.0,52,10490.0
si2409,,13:38:47.87#,10535.0,10580.0,10445.0,11355.0,9875.0,96164,232295.0,0.0,0,0.0,0,0.0,0,0.0,0,10490.0,77,10495.0,93,0.0,0,0.0,0,0.0,0,0.0,0,10490.0
si2409,,13:38:47.300#,10535.0,10580.0,10445.0,0.0,0.0,96164,232295.0,10470.0,302,10475.0,240,10480.0,113,10485.0,74,10490.0,84,10495.0,93,10500.0,121,10505.0,59,10510.0,117,10515.0,52,10490.0
si2409,,13:38:47.562#,10535.0,10580.0,10445.0,0.0,0.0,96164,232295.0,10470.0,297,10475.0,240,10480.0,113,10485.0,74,10490.0,84,10495.0,93,10500.0,121,10505.0,59,10510.0,112,10515.0,52,10490.0
si2409,,13:38:47.590#,10535.0,10580.0,10445.0,11355.0,9875.0,96164,232295.0,0.0,0,0.0,0,0.0,0,0.0,0,10490.0,83,10495.0,93,0.0,0,0.0,0,0.0,0,0.0,0,10490.0
si2409,,13:38:47.744#,10535.0,10580.0,10445.0,0.0,0.0,96165,232294.0,10470.0,307,10475.0,240,10480.0,108,10485.0,74,10490.0,82,10495.0,93,10500.0,121,10505.0,54,10510.0,122,10515.0,52,10490.0
si2409,,13:38:47.827#,10535.0,10580.0,10445.0,0.0,0.0,96165,232294.0,10470.0,302,10475.0,245,10480.0,108,10485.0,74,10490.0,82,10495.0,93,10500.0,121,10505.0,54,10510.0,117,10515.0,57,10490.0
si2409,,13:38:48.75#,10535.0,10580.0,10445.0,11355.0,9875.0,96165,232294.0,0.0,0,0.0,0,0.0,0,0.0,0,10490.0,82,10495.0,93,0.0,0,0.0,0,0.0,0,0.0,0,10490.0
si2409,,13:38:48.278#,10535.0,10580.0,10445.0,0.0,0.0,96166,232294.0,10470.0,307,10475.0,240,10480.0,104,10485.0,75,10490.0,81,10495.0,93,10500.0,121,10505.0,54,10510.0,122,10515.0,52,10490.0
si2409,,13:38:48.377#,10535.0,10580.0,10445.0,0.0,0.0,96166,232294.0,10470.0,302,10475.0,245,10480.0,104,10485.0,75,10490.0,82,10495.0,93,10500.0,121,10505.0,54,10510.0,117,10515.0,57,10490.0
si2409,,13:38:48.612#,10535.0,10580.0,10445.0,11355.0,9875.0,96166,232294.0,0.0,0,0.0,0,0.0,0,0.0,0,10490.0,82,10495.0,93,0.0,0,0.0,0,0.0,0,0.0,0,10490.0
si2409,,13:38:48.655#,10535.0,10580.0,10445.0,0.0,0.0,96166,232294.0,10470.0,307,10475.0,240,10480.0,104,10485.0,75,10490.0,82,10495.0,93,10500.0,121,10505.0,54,10510.0,122,10515.0,52,10490.0
si2409,,13:38:48.976#,10535.0,10580.0,10445.0,0.0,0.0,96167,232293.0,10470.0,307,10475.0,240,10480.0,104,10485.0,75,10490.0,81,10495.0,93,10500.0,121,10505.0,54,10510.0,122,10515.0,52,10490.0
si2409,,13:38:49.75#,10535.0,10580.0,10445.0,11355.0,9875.0,96167,232293.0,0.0,0,0.0,0,0.0,0,0.0,0,10490.0,81,10495.0,93,0.0,0,0.0,0,0.0,0,0.0,0,10490.0
si2409,,13:38:49.132#,10535.0,10580.0,10445.0,0.0,0.0,96167,232293.0,10470.0,307,10475.0,240,10480.0,104,10485.0,75,10490.0,81,10495.0,93,10500.0,121,10505.0,54,10510.0,122,10515.0,52,10490.0
si2409,,13:38:49.542#,10535.0,10580.0,10445.0,0.0,0.0,96168,232293.0,10470.0,302,10475.0,233,10480.0,109,10485.0,74,10490.0,79,10495.0,93,10500.0,121,10505.0,59,10510.0,117,10515.0,52,10490.0
si2409,,13:38:49.542#,10535.0,10580.0,10445.0,11355.0,9875.0,96168,232293.0,0.0,0,0.0,0,0.0,0,0.0,0,10490.0,79,10495.0,93,0.0,0,0.0,0,0.0,0,0.0,0,10490.0
si2409,,13:38:49.691#,10535.0,10580.0,10445.0,0.0,0.0,96168,232293.0,10470.0,302,10475.0,233,10480.0,109,10485.0,74,10490.0,79,10495.0,93,10500.0,121,10505.0,59,10510.0,117,10515.0,52,10490.0
si2409,,13:38:49.841#,10535.0,10580.0,10445.0,0.0,0.0,96168,232293.0,10470.0,302,10475.0,233,10480.0,109,10485.0,74,10490.0,79,10495.0,94,10500.0,121,10505.0,59,10510.0,117,10515.0,52,10490.0
si2409,,13:38:50.112#,10535.0,10580.0,10445.0,11355.0,9875.0,96168,232293.0,0.0,0,0.0,0,0.0,0,0.0,0,10490.0,79,10495.0,95,0.0,0,0.0,0,0.0,0,0.0,0,10490.0
si2409,,13:38:50.268#,10535.0,10580.0,10445.0,0.0,0.0,96168,232293.0,10470.0,302,10475.0,233,10480.0,109,10485.0,74,10490.0,79,10495.0,95,10500.0,121,10505.0,59,10510.0,117,10515.0,52,10490.0
si2409,,13:38:50.455#,10535.0,10580.0,10445.0,0.0,0.0,96168,232293.0,10470.0,302,10475.0,233,10480.0,109,10485.0,74,10490.0,79,10495.0,95,10500.0,121,10505.0,59,10510.0,117,10515.0,52,10490.0
si2409,,13:38:50.744#,10535.0,10580.0,10445.0,0.0,0.0,96168,232293.0,10470.0,302,10475.0,233,10480.0,109,10485.0,74,10490.0,79,10495.0,95,10500.0,121,10505.0,59,10510.0,117,10515.0,52,10490.0
si2409,,13:38:51.215#,10535.0,10580.0,10445.0,0.0,0.0,96168,232293.0,10470.0,302,10475.0,233,10480.0,109,10485.0,74,10490.0,79,10495.0,96,10500.0,121,10505.0,59,10510.0,117,10515.0,52,10490.0
si2409,,13:38:51.511#,10535.0,10580.0,10445.0,0.0,0.0,96170,232291.0,10470.0,302,10475.0,238,10480.0,109,10485.0,74,10490.0,79,10495.0,96,10500.0,121,10505.0,59,10510.0,117,10515.0,52,10490.0
si2409,,13:38:51.511#,10535.0,10580.0,10445.0,11355.0,9875.0,96170,232291.0,0.0,0,0.0,0,0.0,0,0.0,0,10490.0,79,10495.0,96,0.0,0,0.0,0,0.0,0,0.0,0,10490.0
si2409,,13:38:51.800#,10535.0,10580.0,10445.0,0.0,0.0,96170,232291.0,10470.0,302,10475.0,238,10480.0,109,10485.0,74,10490.0,79,10495.0,96,10500.0,121,10505.0,59,10510.0,117,10515.0,52,10490.0
si2409,,13:38:52.38#,10535.0,10580.0,10445.0,0.0,0.0,96171,232291.0,10470.0,302,10475.0,241,10480.0,109,10485.0,74,10490.0,79,10495.0,95,10500.0,121,10505.0,59,10510.0,117,10515.0,52,10495.0
si2409,,13:38:52.38#,10535.0,10580.0,10445.0,11355.0,9875.0,96171,232291.0,0.0,0,0.0,0,0.0,0,0.0,0,10490.0,79,10495.0,95,0.0,0,0.0,0,0.0,0,0.0,0,10495.0
si2409,,13:38:52.359#,10535.0,10580.0,10445.0,0.0,0.0,96171,232291.0,10470.0,306,10475.0,241,10480.0,109,10485.0,74,10490.0,79,10495.0,95,10500.0,121,10505.0,59,10510.0,117,10515.0,52,10495.0
si2409,,13:38:52.727#,10535.0,10580.0,10445.0,0.0,0.0,96171,232291.0,10470.0,306,10475.0,241,10480.0,109,10485.0,74,10490.0,79,10495.0,97,10500.0,121,10505.0,59,10510.0,117,10515.0,52,10495.0
si2409,,13:38:52.851#,10535.0,10580.0,10445.0,0.0,0.0,96171,232291.0,10470.0,306,10475.0,241,10480.0,109,10485.0,74,10490.0,82,10495.0,97,10500.0,121,10505.0,59,10510.0,117,10515.0,52,10495.0
si2409,,13:38:52.851#,10535.0,10580.0,10445.0,11355.0,9875.0,96171,232291.0,0.0,0,0.0,0,0.0,0,0.0,0,10490.0,82,10495.0,97,0.0,0,0.0,0,0.0,0,0.0,0,10495.0
si2409,,13:38:53.196#,10535.0,10580.0,10445.0,0.0,0.0,96172,232290.0,10470.0,306,10475.0,241,10480.0,109,10485.0,74,10490.0,81,10495.0,97,10500.0,121,10505.0,59,10510.0,117,10515.0,52,10490.0
si2409,,13:38:53.358#,10535.0,10580.0,10445.0,0.0,0.0,96172,232290.0,10470.0,306,10475.0,241,10480.0,109,10485.0,74,10490.0,81,10495.0,97,10500.0,121,10505.0,59,10510.0,117,10515.0,52,10490.0
si2409,,13:38:53.622#,10535.0,10580.0,10445.0,11355.0,9875.0,96172,232290.0,0.0,0,0.0,0,0.0,0,0.0,0,10490.0,81,10495.0,98,0.0,0,0.0,0,0.0,0,0.0,0,10490.0
si2409,,13:38:53.622#,10535.0,10580.0,10445.0,0.0,0.0,96172,232290.0,10470.0,306,10475.0,241,10480.0,109,10485.0,74,10490.0,81,10495.0,98,10500.0,121,10505.0,59,10510.0,117,10515.0,52,10490.0
si2409,,13:38:53.900#,10535.0,10580.0,10445.0,0.0,0.0,96172,232290.0,10470.0,306,10475.0,241,10480.0,109,10485.0,74,10490.0,81,10495.0,98,10500.0,121,10505.0,59,10510.0,117,10515.0,52,10490.0
si2409,,13:38:54.295#,10535.0,10580.0,10445.0,0.0,0.0,96172,232290.0,10470.0,305,10475.0,241,10480.0,109,10485.0,74,10490.0,89,10495.0,98,10500.0,121,10505.0,59,10510.0,117,10515.0,52,10490.0
si2409,,13:38:54.321#,10535.0,10580.0,10445.0,0.0,0.0,96172,232290.0,10470.0,305,10475.0,241,10480.0,109,10485.0,74,10490.0,89,10495.0,93,10500.0,120,10505.0,59,10510.0,117,10515.0,52,10490.0
si2409,,13:38:54.571#,10535.0,10580.0,10445.0,11355.0,9875.0,96172,232290.0,0.0,0,0.0,0,0.0,0,0.0,0,10490.0,89,10495.0,93,0.0,0,0.0,0,0.0,0,0.0,0,10490.0
si2409,,13:38:54.775#,10535.0,10580.0,10445.0,0.0,0.0,96172,232290.0,10470.0,305,10475.0,241,10480.0,109,10485.0,74,10490.0,92,10495.0,93,10500.0,119,10505.0,59,10510.0,117,10515.0,52,10490.0
si2409,,13:38:54.951#,10535.0,10580.0,10445.0,0.0,0.0,96172,232290.0,10470.0,305,10475.0,241,10480.0,109,10485.0,74,10490.0,92,10495.0,92,10500.0,119,10505.0,59,10510.0,117,10515.0,52,10490.0
si2409,,13:38:55.94#,10535.0,10580.0,10445.0,11355.0,9875.0,96172,232290.0,0.0,0,0.0,0,0.0,0,0.0,0,10490.0,92,10495.0,92,0.0,0,0.0,0,0.0,0,0.0,0,10490.0
si2409,,13:38:55.222#,10535.0,10580.0,10445.0,0.0,0.0,96172,232290.0,10470.0,285,10475.0,261,10480.0,109,10485.0,76,10490.0,92,10495.0,92,10500.0,119,10505.0,60,10510.0,97,10515.0,72,10490.0
si2409,,13:38:55.325#,10535.0,10580.0,10445.0,0.0,0.0,96172,232290.0,10470.0,285,10475.0,261,10480.0,109,10485.0,73,10490.0,94,10495.0,92,10500.0,122,10505.0,59,10510.0,97,10515.0,72,10490.0
si2409,,13:38:55.573#,10535.0,10580.0,10445.0,11355.0,9875.0,96172,232290.0,0.0,0,0.0,0,0.0,0,0.0,0,10490.0,94,10495.0,92,0.0,0,0.0,0,0.0,0,0.0,0,10490.0
si2409,,13:38:55.764#,10535.0,10580.0,10445.0,0.0,0.0,96222,232294.0,10470.0,280,10475.0,266,10480.0,109,10485.0,73,10490.0,101,10495.0,42,10500.0,117,10505.0,59,10510.0,92,10515.0,77,10495.0
si2409,,13:38:56.33#,10535.0,10580.0,10445.0,0.0,0.0,96265,232276.0,10475.0,264,10480.0,109,10485.0,61,10490.0,111,10495.0,87,10500.0,167,10505.0,71,10510.0,92,10515.0,77,10520.0,108,10495.0
si2409,,13:38:56.110#,10535.0,10580.0,10445.0,11355.0,9875.0,96265,232276.0,0.0,0,0.0,0,0.0,0,0.0,0,10495.0,88,10500.0,153,0.0,0,0.0,0,0.0,0,0.0,0,10495.0
si2409,,13:38:56.319#,10535.0,10580.0,10445.0,0.0,0.0,96265,232276.0,10475.0,252,10480.0,114,10485.0,67,10490.0,132,10495.0,90,10500.0,153,10505.0,70,10510.0,83,10515.0,77,10520.0,113,10495.0
si2409,,13:38:56.435#,10535.0,10580.0,10445.0,0.0,0.0,96265,232276.0,10475.0,257,10480.0,109,10485.0,67,10490.0,136,10495.0,90,10500.0,153,10505.0,70,10510.0,83,10515.0,82,10520.0,108,10495.0
si2409,,13:38:56.572#,10535.0,10580.0,10445.0,11355.0,9875.0,96265,232276.0,0.0,0,0.0,0,0.0,0,0.0,0,10495.0,32,10500.0,154,0.0,0,0.0,0,0.0,0,0.0,0,10495.0
si2409,,13:38:56.812#,10535.0,10580.0,10445.0,0.0,0.0,96268,232277.0,10475.0,257,10480.0,114,10485.0,62,10490.0,134,10495.0,16,10500.0,155,10505.0,70,10510.0,78,10515.0,82,10520.0,113,10495.0
si2409,,13:38:56.918#,10535.0,10580.0,10445.0,0.0,0.0,96284,232268.0,10470.0,265,10475.0,257,10480.0,104,10485.0,62,10490.0,130,10500.0,159,10505.0,58,10510.0,78,10515.0,82,10520.0,113,10495.0
si2409,,13:38:57.105#,10535.0,10580.0,10445.0,11355.0,9875.0,96284,232268.0,0.0,0,0.0,0,0.0,0,0.0,0,10490.0,132,10495.0,6,0.0,0,0.0,0,0.0,0,0.0,0,10495.0
si2409,,13:38:57.302#,10535.0,10580.0,10445.0,0.0,0.0,96284,232268.0,10470.0,274,10475.0,257,10480.0,99,10485.0,62,10490.0,132,10495.0,22,10500.0,160,10505.0,59,10510.0,88,10515.0,72,10495.0
si2409,,13:38:57.338#,10535.0,10580.0,10445.0,0.0,0.0,96284,232268.0,10470.0,279,10475.0,262,10480.0,94,10485.0,62,10490.0,130,10495.0,24,10500.0,161,10505.0,54,10510.0,93,10515.0,77,10495.0
si2409,,13:38:57.571#,10535.0,10580.0,10445.0,11355.0,9875.0,96284,232268.0,0.0,0,0.0,0,0.0,0,0.0,0,10490.0,127,10495.0,24,0.0,0,0.0,0,0.0,0,0.0,0,10495.0
si2409,,13:38:57.715#,10535.0,10580.0,10445.0,0.0,0.0,96284,232268.0,10470.0,279,10475.0,267,10480.0,94,10485.0,62,10490.0,121,10495.0,25,10500.0,160,10505.0,59,10510.0,93,10515.0,82,10495.0
si2409,,13:38:57.864#,10535.0,10580.0,10445.0,0.0,0.0,96285,232268.0,10470.0,279,10475.0,267,10480.0,94,10485.0,62,10490.0,121,10495.0,24,10500.0,162,10505.0,54,10510.0,93,10515.0,82,10495.0
si2409,,13:38:58.71#,10535.0,10580.0,10445.0,11355.0,9875.0,96285,232268.0,0.0,0,0.0,0,0.0,0,0.0,0,10490.0,121,10495.0,24,0.0,0,0.0,0,0.0,0,0.0,0,10495.0
si2409,,13:38:58.215#,10535.0,10580.0,10445.0,0.0,0.0,96286,232267.0,10470.0,279,10475.0,267,10480.0,94,10485.0,62,10490.0,120,10495.0,29,10500.0,161,10505.0,54,10510.0,93,10515.0,82,10490.0
si2409,,13:38:58.496#,10535.0,10580.0,10445.0,0.0,0.0,96286,232267.0,10470.0,274,10475.0,272,10480.0,94,10485.0,64,10490.0,121,10495.0,31,10500.0,161,10505.0,54,10510.0,88,10515.0,87,10490.0
si2409,,13:38:58.496#,10535.0,10580.0,10445.0,11355.0,9875.0,96286,232267.0,0.0,0,0.0,0,0.0,0,0.0,0,10490.0,121,10495.0,31,0.0,0,0.0,0,0.0,0,0.0,0,10490.0
si2409,,13:38:58.626#,10535.0,10580.0,10445.0,0.0,0.0,96286,232267.0,10470.0,274,10475.0,272,10480.0,94,10485.0,65,10490.0,121,10495.0,31,10500.0,161,10505.0,54,10510.0,88,10515.0,87,10490.0
si2409,,13:38:58.872#,10535.0,10580.0,10445.0,0.0,0.0,96286,232267.0,10470.0,275,10475.0,272,10480.0,91,10485.0,65,10490.0,121,10495.0,31,10500.0,161,10505.0,54,10510.0,88,10515.0,87,10490.0
si2409,,13:38:59.223#,10535.0,10580.0,10445.0,0.0,0.0,96286,232267.0,10470.0,275,10475.0,272,10480.0,91,10485.0,65,10490.0,121,10495.0,31,10500.0,162,10505.0,54,10510.0,88,10515.0,87,10490.0
si2409,,13:38:59.519#,10535.0,10580.0,10445.0,0.0,0.0,96286,232267.0,10470.0,275,10475.0,272,10480.0,91,10485.0,66,10490.0,121,10495.0,33,10500.0,162,10505.0,54,10510.0,88,10515.0,87,10490.0
si2409,,13:38:59.519#,10535.0,10580.0,10445.0,11355.0,9875.0,96286,232267.0,0.0,0,0.0,0,0.0,0,0.0,0,10490.0,121,10495.0,33,0.0,0,0.0,0,0.0,0,0.0,0,10490.0
si2409,,13:38:59.745#,10535.0,10580.0,10445.0,0.0,0.0,96286,232267.0,10470.0,275,10475.0,272,10480.0,91,10485.0,66,10490.0,121,10495.0,33,10500.0,161,10505.0,54,10510.0,88,10515.0,87,10490.0
si2409,,13:39:00.37#,10535.0,10580.0,10445.0,0.0,0.0,96319,232287.0,10475.0,272,10480.0,91,10485.0,66,10490.0,121,10495.0,17,10500.0,161,10505.0,54,10510.0,88,10515.0,87,10520.0,108,10495.0
si2409,,13:39:00.98#,10535.0,10580.0,10445.0,11355.0,9875.0,96319,232287.0,0.0,0,0.0,0,0.0,0,0.0,0,10495.0,38,10500.0,157,0.0,0,0.0,0,0.0,0,0.0,0,10495.0
si2409,,13:39:00.267#,10535.0,10580.0,10445.0,0.0,0.0,96320,232287.0,10475.0,257,10480.0,101,10485.0,68,10490.0,128,10495.0,43,10500.0,156,10505.0,72,10510.0,83,10515.0,82,10520.0,113,10500.0
si2409,,13:39:00.551#,10535.0,10580.0,10445.0,0.0,0.0,96323,232287.0,10475.0,257,10480.0,111,10485.0,63,10490.0,136,10495.0,45,10500.0,155,10505.0,76,10510.0,78,10515.0,82,10520.0,113,10495.0
si2409,,13:39:00.582#,10535.0,10580.0,10445.0,11355.0,9875.0,96323,232287.0,0.0,0,0.0,0,0.0,0,0.0,0,10495.0,45,10500.0,155,0.0,0,0.0,0,0.0,0,0.0,0,10495.0
si2409,,13:39:00.692#,10535.0,10580.0,10445.0,0.0,0.0,96324,232287.0,10475.0,257,10480.0,111,10485.0,63,10490.0,136,10495.0,44,10500.0,155,10505.0,71,10510.0,83,10515.0,82,10520.0,113,10495.0
si2409,,13:39:00.998#,10535.0,10580.0,10445.0,0.0,0.0,96329,232292.0,10475.0,257,10480.0,111,10485.0,63,10490.0,136,10495.0,39,10500.0,156,10505.0,71,10510.0,78,10515.0,82,10520.0,118,10495.0
si2409,,13:39:01.97#,10535.0,10580.0,10445.0,11355.0,9875.0,96329,232292.0,0.0,0,0.0,0,0.0,0,0.0,0,10495.0,19,10500.0,157,0.0,0,0.0,0,0.0,0,0.0,0,10495.0
si2409,,13:39:01.239#,10535.0,10580.0,10445.0,0.0,0.0,96329,232292.0,10475.0,267,10480.0,106,10485.0,63,10490.0,136,10495.0,19,10500.0,157,10505.0,71,10510.0,78,10515.0,92,10520.0,113,10495.0
si2409,,13:39:01.541#,10535.0,10580.0,10445.0,0.0,0.0,96329,232292.0,10475.0,267,10480.0,106,10485.0,63,10490.0,136,10495.0,41,10500.0,157,10505.0,72,10510.0,78,10515.0,92,10520.0,113,10495.0
si2409,,13:39:01.600#,10535.0,10580.0,10445.0,11355.0,9875.0,96329,232292.0,0.0,0,0.0,0,0.0,0,0.0,0,10495.0,41,10500.0,157,0.0,0,0.0,0,0.0,0,0.0,0,10495.0
si2409,,13:39:01.600#,10535.0,10580.0,10445.0,0.0,0.0,96329,232292.0,10475.0,267,10480.0,106,10485.0,63,10490.0,136,10495.0,41,10500.0,157,10505.0,72,10510.0,78,10515.0,92,10520.0,113,10495.0
si2409,,13:39:01.963#,10535.0,10580.0,10445.0,0.0,0.0,96329,232292.0,10475.0,267,10480.0,106,10485.0,63,10490.0,136,10495.0,41,10500.0,156,10505.0,72,10510.0,78,10515.0,92,10520.0,113,10495.0
si2409,,13:39:02.194#,10535.0,10580.0,10445.0,0.0,0.0,96330,232293.0,10475.0,267,10480.0,106,10485.0,63,10490.0,136,10495.0,40,10500.0,157,10505.0,59,10510.0,78,10515.0,92,10520.0,113,10495.0
si2409,,13:39:02.428#,10535.0,10580.0,10445.0,0.0,0.0,96332,232293.0,10475.0,262,10480.0,111,10485.0,64,10490.0,135,10495.0,38,10500.0,156,10505.0,59,10510.0,78,10515.0,87,10520.0,118,10495.0
si2409,,13:39:02.623#,10535.0,10580.0,10445.0,11355.0,9875.0,96332,232293.0,0.0,0,0.0,0,0.0,0,0.0,0,10495.0,38,10500.0,156,0.0,0,0.0,0,0.0,0,0.0,0,10495.0
si2409,,13:39:02.684#,10535.0,10580.0,10445.0,0.0,0.0,96332,232293.0,10475.0,267,10480.0,108,10485.0,64,10490.0,135,10495.0,38,10500.0,156,10505.0,59,10510.0,78,10515.0,92,10520.0,113,10495.0
si2409,,13:39:02.824#,10535.0,10580.0,10445.0,0.0,0.0,96335,232296.0,10475.0,262,10480.0,108,10485.0,69,10490.0,135,10495.0,35,10500.0,156,10505.0,59,10510.0,83,10515.0,87,10520.0,113,10495.0
si2409,,13:39:02.824#,10535.0,10580.0,10445.0,11355.0,9875.0,96335,232296.0,0.0,0,0.0,0,0.0,0,0.0,0,10495.0,35,10500.0,156,0.0,0,0.0,0,0.0,0,0.0,0,10495.0
si2409,,13:39:03.561#,10535.0,10580.0,10445.0,0.0,0.0,96338,232295.0,10475.0,262,10480.0,108,10485.0,68,10490.0,135,10495.0,32,10500.0,157,10505.0,54,10510.0,83,10515.0,87,10520.0,113,10495.0
si2409,,13:39:03.595#,10535.0,10580.0,10445.0,11355.0,9875.0,96338,232295.0,0.0,0,0.0,0,0.0,0,0.0,0,10495.0,34,10500.0,157,0.0,0,0.0,0,0.0,0,0.0,0,10495.0
si2409,,13:39:03.711#,10535.0,10580.0,10445.0,0.0,0.0,96338,232295.0,10475.0,262,10480.0,108,10485.0,68,10490.0,135,10495.0,34,10500.0,157,10505.0,54,10510.0,83,10515.0,87,10520.0,113,10495.0
si2409,,13:39:03.954#,10535.0,10580.0,10445.0,0.0,0.0,96339,232294.0,10475.0,262,10480.0,108,10485.0,67,10490.0,135,10495.0,33,10500.0,159,10505.0,54,10510.0,83,10515.0,87,10520.0,113,10495.0
si2409,,13:39:03.954#,10535.0,10580.0,10445.0,11355.0,9875.0,96339,232294.0,0.0,0,0.0,0,0.0,0,0.0,0,10495.0,33,10500.0,159,0.0,0,0.0,0,0.0,0,0.0,0,10495.0
si2409,,13:39:04.277#,10535.0,10580.0,10445.0,0.0,0.0,96339,232294.0,10475.0,262,10480.0,108,10485.0,67,10490.0,135,10495.0,33,10500.0,166,10505.0,54,10510.0,83,10515.0,87,10520.0,113,10495.0
si2409,,13:39:04.418#,10535.0,10580.0,10445.0,0.0,0.0,96339,232294.0,10475.0,262,10480.0,108,10485.0,67,10490.0,135,10495.0,33,10500.0,167,10505.0,54,10510.0,83,10515.0,87,10520.0,113,10495.0
si2409,,13:39:04.418#,10535.0,10580.0,10445.0,11355.0,9875.0,96339,232294.0,0.0,0,0.0,0,0.0,0,0.0,0,10495.0,33,10500.0,167,0.0,0,0.0,0,0.0,0,0.0,0,10495.0
si2409,,13:39:04.766#,10535.0,10580.0,10445.0,0.0,0.0,96339,232294.0,10475.0,262,10480.0,108,10485.0,67,10490.0,135,10495.0,33,10500.0,167,10505.0,54,10510.0,83,10515.0,87,10520.0,113,10495.0
si2409,,13:39:05.63#,10535.0,10580.0,10445.0,0.0,0.0,96339,232294.0,10475.0,262,10480.0,108,10485.0,67,10490.0,135,10495.0,33,10500.0,167,10505.0,54,10510.0,83,10515.0,87,10520.0,113,10495.0
si2409,,13:39:05.300#,10535.0,10580.0,10445.0,0.0,0.0,96339,232294.0,10475.0,262,10480.0,108,10485.0,65,10490.0,135,10495.0,33,10500.0,167,10505.0,54,10510.0,83,10515.0,87,10520.0,113,10495.0
si2409,,13:39:05.452#,10535.0,10580.0,10445.0,0.0,0.0,96359,232280.0,10475.0,262,10480.0,108,10485.0,65,10490.0,135,10495.0,33,10500.0,149,10505.0,58,10510.0,83,10515.0,87,10520.0,113,10500.0
si2409,,13:39:05.571#,10535.0,10580.0,10445.0,11355.0,9875.0,96359,232280.0,0.0,0,0.0,0,0.0,0,0.0,0,10495.0,36,10500.0,149,0.0,0,0.0,0,0.0,0,0.0,0,10500.0
si2409,,13:39:05.793#,10535.0,10580.0,10445.0,0.0,0.0,96438,232217.0,10475.0,257,10480.0,102,10485.0,77,10490.0,135,10495.0,36,10500.0,70,10505.0,58,10510.0,83,10515.0,82,10520.0,113,10500.0
si2409,,13:39:06.20#,10535.0,10580.0,10445.0,0.0,0.0,96475,232235.0,10475.0,267,10480.0,97,10485.0,76,10490.0,120,10495.0,55,10500.0,33,10505.0,75,10510.0,83,10515.0,92,10520.0,108,10500.0
si2409,,13:39:06.121#,10535.0,10580.0,10445.0,11355.0,9875.0,96490,232238.0,0.0,0,0.0,0,0.0,0,0.0,0,10495.0,69,10505.0,65,0.0,0,0.0,0,0.0,0,0.0,0,10500.0
si2409,,13:39:06.296#,10535.0,10580.0,10445.0,0.0,0.0,96501,232238.0,10480.0,127,10485.0,76,10490.0,111,10495.0,85,10500.0,11,10505.0,73,10510.0,78,10515.0,57,10520.0,143,10525.0,46,10505.0
si2409,,13:39:06.432#,10535.0,10580.0,10445.0,0.0,0.0,96515,232237.0,10480.0,122,10485.0,77,10490.0,108,10495.0,95,10500.0,15,10505.0,57,10510.0,78,10515.0,62,10520.0,137,10525.0,51,10500.0
si2409,,13:39:06.592#,10535.0,10580.0,10445.0,11355.0,9875.0,96515,232237.0,0.0,0,0.0,0,0.0,0,0.0,0,10500.0,48,10505.0,60,0.0,0,0.0,0,0.0,0,0.0,0,10500.0
si2409,,13:39:06.763#,10535.0,10580.0,10445.0,0.0,0.0,96515,232237.0,10480.0,117,10485.0,82,10490.0,113,10495.0,97,10500.0,48,10505.0,57,10510.0,78,10515.0,57,10520.0,137,10525.0,56,10500.0
si2409,,13:39:06.966#,10535.0,10580.0,10445.0,0.0,0.0,96515,232237.0,10480.0,127,10485.0,77,10490.0,108,10495.0,102,10500.0,53,10505.0,52,10510.0,78,10515.0,52,10520.0,147,10525.0,51,10500.0
si2409,,13:39:07.85#,10535.0,10580.0,10445.0,11355.0,9875.0,96515,232237.0,0.0,0,0.0,0,0.0,0,0.0,0,10500.0,53,10505.0,51,0.0,0,0.0,0,0.0,0,0.0,0,10500.0
si2409,,13:39:07.203#,10535.0,10580.0,10445.0,0.0,0.0,96520,232241.0,10480.0,102,10485.0,102,10490.0,108,10495.0,102,10500.0,48,10505.0,48,10510.0,78,10515.0,52,10520.0,123,10525.0,76,10500.0
si2409,,13:39:07.550#,10535.0,10580.0,10445.0,0.0,0.0,96520,232241.0,10480.0,97,10485.0,107,10490.0,108,10495.0,104,10500.0,48,10505.0,51,10510.0,79,10515.0,52,10520.0,117,10525.0,81,10500.0
si2409,,13:39:07.603#,10535.0,10580.0,10445.0,11355.0,9875.0,96520,232241.0,0.0,0,0.0,0,0.0,0,0.0,0,10500.0,49,10505.0,51,0.0,0,0.0,0,0.0,0,0.0,0,10500.0
si2409,,13:39:07.699#,10535.0,10580.0,10445.0,0.0,0.0,96520,232241.0,10480.0,117,10485.0,87,10490.0,108,10495.0,104,10500.0,49,10505.0,51,10510.0,79,10515.0,52,10520.0,137,10525.0,61,10500.0
si2409,,13:39:07.993#,10535.0,10580.0,10445.0,0.0,0.0,96520,232241.0,10480.0,118,10485.0,87,10490.0,108,10495.0,104,10500.0,50,10505.0,51,10510.0,79,10515.0,52,10520.0,137,10525.0,61,10500.0
si2409,,13:39:08.110#,10535.0,10580.0,10445.0,11355.0,9875.0,96520,232241.0,0.0,0,0.0,0,0.0,0,0.0,0,10500.0,50,10505.0,51,0.0,0,0.0,0,0.0,0,0.0,0,10500.0
si2409,,13:39:08.311#,10535.0,10580.0,10445.0,0.0,0.0,96521,232240.0,10480.0,128,10485.0,82,10490.0,108,10495.0,104,10500.0,51,10505.0,50,10510.0,79,10515.0,52,10520.0,147,10525.0,56,10505.0
si2409,,13:39:08.534#,10535.0,10580.0,10445.0,0.0,0.0,96521,232240.0,10480.0,123,10485.0,87,10490.0,108,10495.0,104,10500.0,51,10505.0,50,10510.0,79,10515.0,52,10520.0,142,10525.0,61,10505.0
si2409,,13:39:08.534#,10535.0,10580.0,10445.0,11355.0,9875.0,96521,232240.0,0.0,0,0.0,0,0.0,0,0.0,0,10500.0,51,10505.0,50,0.0,0,0.0,0,0.0,0,0.0,0,10505.0
si2409,,13:39:08.810#,10535.0,10580.0,10445.0,0.0,0.0,96528,232234.0,10480.0,103,10485.0,107,10490.0,108,10495.0,104,10500.0,50,10505.0,44,10510.0,79,10515.0,52,10520.0,122,10525.0,81,10505.0
si2409,,13:39:09.54#,10535.0,10580.0,10445.0,0.0,0.0,96548,232226.0,10480.0,103,10485.0,107,10490.0,108,10495.0,104,10500.0,49,10505.0,23,10510.0,79,10515.0,52,10520.0,122,10525.0,81,10500.0
si2409,,13:39:09.88#,10535.0,10580.0,10445.0,11355.0,9875.0,96548,232226.0,0.0,0,0.0,0,0.0,0,0.0,0,10500.0,57,10505.0,21,0.0,0,0.0,0,0.0,0,0.0,0,10500.0
si2409,,13:39:09.303#,10535.0,10580.0,10445.0,0.0,0.0,96559,232227.0,10480.0,97,10485.0,107,10490.0,114,10495.0,105,10500.0,47,10505.0,20,10510.0,87,10515.0,57,10520.0,117,10525.0,81,10500.0
si2409,,13:39:09.561#,10535.0,10580.0,10445.0,0.0,0.0,96571,232231.0,10480.0,97,10485.0,107,10490.0,114,10495.0,104,10500.0,39,10505.0,34,10510.0,90,10515.0,57,10520.0,117,10525.0,81,10500.0
si2409,,13:39:09.573#,10535.0,10580.0,10445.0,11355.0,9875.0,96571,232231.0,0.0,0,0.0,0,0.0,0,0.0,0,10500.0,26,10505.0,37,0.0,0,0.0,0,0.0,0,0.0,0,10500.0
si2409,,13:39:09.776#,10535.0,10580.0,10445.0,0.0,0.0,96571,232231.0,10480.0,122,10485.0,82,10490.0,114,10495.0,104,10500.0,18,10505.0,38,10510.0,97,10515.0,57,10520.0,142,10525.0,56,10500.0
si2409,,13:39:10.20#,10535.0,10580.0,10445.0,0.0,0.0,96586,232223.0,10480.0,122,10485.0,78,10490.0,114,10495.0,102,10500.0,24,10505.0,34,10510.0,79,10515.0,57,10520.0,142,10525.0,56,10505.0
si2409,,13:39:10.117#,10535.0,10580.0,10445.0,11355.0,9875.0,96586,232223.0,0.0,0,0.0,0,0.0,0,0.0,0,10500.0,33,10505.0,29,0.0,0,0.0,0,0.0,0,0.0,0,10505.0
si2409,,13:39:10.319#,10535.0,10580.0,10445.0,0.0,0.0,96610,232225.0,10480.0,102,10485.0,98,10490.0,115,10495.0,102,10500.0,33,10510.0,99,10515.0,58,10520.0,122,10525.0,76,10530.0,49,10505.0
si2409,,13:39:10.523#,10535.0,10580.0,10445.0,0.0,0.0,96622,232232.0,10485.0,108,10490.0,115,10495.0,86,10500.0,46,10505.0,11,10510.0,154,10515.0,53,10520.0,118,10525.0,87,10530.0,54,10505.0
si2409,,13:39:10.621#,10535.0,10580.0,10445.0,11355.0,9875.0,96636,232230.0,0.0,0,0.0,0,0.0,0,0.0,0,10500.0,47,10505.0,29,0.0,0,0.0,0,0.0,0,0.0,0,10505.0
si2409,,13:39:10.667#,10535.0,10580.0,10445.0,0.0,0.0,96636,232230.0,10480.0,93,10485.0,100,10490.0,110,10495.0,95,10500.0,46,10505.0,52,10510.0,93,10515.0,53,10520.0,123,10525.0,77,10505.0
si2409,,13:39:10.991#,10535.0,10580.0,10445.0,0.0,0.0,96636,232230.0,10480.0,98,10485.0,93,10490.0,110,10495.0,90,10500.0,45,10505.0,55,10510.0,96,10515.0,53,10520.0,128,10525.0,72,10505.0
si2409,,13:39:11.117#,10535.0,10580.0,10445.0,11355.0,9875.0,96636,232230.0,0.0,0,0.0,0,0.0,0,0.0,0,10500.0,44,10505.0,64,0.0,0,0.0,0,0.0,0,0.0,0,10505.0
si2409,,13:39:11.274#,10535.0,10580.0,10445.0,0.0,0.0,96636,232230.0,10480.0,103,10485.0,83,10490.0,110,10495.0,111,10500.0,42,10505.0,66,10510.0,99,10515.0,53,10520.0,142,10525.0,62,10505.0
si2409,,13:39:11.517#,10535.0,10580.0,10445.0,0.0,0.0,96636,232230.0,10480.0,103,10485.0,83,10490.0,110,10495.0,111,10500.0,47,10505.0,66,10510.0,100,10515.0,53,10520.0,133,10525.0,62,10505.0
si2409,,13:39:11.573#,10535.0,10580.0,10445.0,11355.0,9875.0,96636,232230.0,0.0,0,0.0,0,0.0,0,0.0,0,10500.0,47,10505.0,65,0.0,0,0.0,0,0.0,0,0.0,0,10505.0
si2409,,13:39:11.787#,10535.0,10580.0,10445.0,0.0,0.0,96636,232230.0,10480.0,108,10485.0,83,10490.0,110,10495.0,111,10500.0,47,10505.0,66,10510.0,100,10515.0,53,10520.0,138,10525.0,62,10505.0
si2409,,13:39:11.958#,10535.0,10580.0,10445.0,0.0,0.0,96636,232230.0,10480.0,108,10485.0,83,10490.0,115,10495.0,107,10500.0,55,10505.0,66,10510.0,100,10515.0,58,10520.0,133,10525.0,62,10505.0
si2409,,13:39:11.958#,10535.0,10580.0,10445.0,11355.0,9875.0,96636,232230.0,0.0,0,0.0,0,0.0,0,0.0,0,10500.0,55,10505.0,66,0.0,0,0.0,0,0.0,0,0.0,0,10505.0
si2409,,13:39:12.286#,10535.0,10580.0,10445.0,0.0,0.0,96636,232230.0,10480.0,108,10485.0,83,10490.0,115,10495.0,107,10500.0,55,10505.0,62,10510.0,100,10515.0,58,10520.0,133,10525.0,62,10505.0
si2409,,13:39:12.469#,10535.0,10580.0,10445.0,0.0,0.0,96636,232230.0,10480.0,113,10485.0,78,10490.0,116,10495.0,107,10500.0,55,10505.0,63,10510.0,100,10515.0,58,10520.0,138,10525.0,57,10505.0
si2409,,13:39:12.619#,10535.0,10580.0,10445.0,11355.0,9875.0,96636,232230.0,0.0,0,0.0,0,0.0,0,0.0,0,10500.0,55,10505.0,63,0.0,0,0.0,0,0.0,0,0.0,0,10505.0
si2409,,13:39:12.791#,10535.0,10580.0,10445.0,0.0,0.0,96638,232229.0,10480.0,113,10485.0,83,10490.0,106,10495.0,117,10500.0,53,10505.0,63,10510.0,100,10515.0,58,10520.0,138,10525.0,62,10500.0
si2409,,13:39:12.822#,10535.0,10580.0,10445.0,0.0,0.0,96638,232229.0,10480.0,113,10485.0,83,10490.0,106,10495.0,117,10500.0,54,10505.0,63,10510.0,100,10515.0,58,10520.0,138,10525.0,62,10500.0
si2409,,13:39:12.822#,10535.0,10580.0,10445.0,11355.0,9875.0,96638,232229.0,0.0,0,0.0,0,0.0,0,0.0,0,10500.0,54,10505.0,63,0.0,0,0.0,0,0.0,0,0.0,0,10500.0
si2409,,13:39:13.292#,10535.0,10580.0,10445.0,0.0,0.0,96638,232229.0,10480.0,108,10485.0,83,10490.0,106,10495.0,117,10500.0,53,10505.0,63,10510.0,100,10515.0,58,10520.0,133,10525.0,62,10500.0
si2409,,13:39:13.494#,10535.0,10580.0,10445.0,0.0,0.0,96650,232224.0,10480.0,113,10485.0,83,10490.0,105,10495.0,117,10500.0,44,10505.0,61,10510.0,100,10515.0,58,10520.0,138,10525.0,62,10505.0
si2409,,13:39:13.605#,10535.0,10580.0,10445.0,11355.0,9875.0,96650,232224.0,0.0,0,0.0,0,0.0,0,0.0,0,10500.0,48,10505.0,62,0.0,0,0.0,0,0.0,0,0.0,0,10505.0
si2409,,13:39:13.784#,10535.0,10580.0,10445.0,0.0,0.0,96651,232224.0,10480.0,113,10485.0,83,10490.0,104,10495.0,117,10500.0,48,10505.0,60,10510.0,107,10515.0,58,10520.0,138,10525.0,62,10505.0
si2409,,13:39:13.835#,10535.0,10580.0,10445.0,0.0,0.0,96660,232224.0,10480.0,113,10485.0,88,10490.0,99,10495.0,117,10500.0,53,10505.0,51,10510.0,102,10515.0,58,10520.0,138,10525.0,62,10505.0
si2409,,13:39:14.83#,10535.0,10580.0,10445.0,11355.0,9875.0,96660,232224.0,0.0,0,0.0,0,0.0,0,0.0,0,10500.0,55,10505.0,37,0.0,0,0.0,0,0.0,0,0.0,0,10505.0
si2409,,13:39:14.211#,10535.0,10580.0,10445.0,0.0,0.0,96660,232224.0,10480.0,93,10485.0,103,10490.0,104,10495.0,115,10500.0,58,10505.0,32,10510.0,103,10515.0,58,10520.0,118,10525.0,82,10505.0
si2409,,13:39:14.449#,10535.0,10580.0,10445.0,0.0,0.0,96660,232224.0,10480.0,93,10485.0,103,10490.0,104,10495.0,95,10500.0,60,10505.0,30,10510.0,103,10515.0,58,10520.0,118,10525.0,82,10505.0
si2409,,13:39:14.606#,10535.0,10580.0,10445.0,11355.0,9875.0,96661,232224.0,0.0,0,0.0,0,0.0,0,0.0,0,10500.0,59,10505.0,30,0.0,0,0.0,0,0.0,0,0.0,0,10500.0
si2409,,13:39:14.811#,10535.0,10580.0,10445.0,0.0,0.0,96664,232223.0,10480.0,93,10485.0,103,10490.0,104,10495.0,115,10500.0,57,10505.0,27,10510.0,102,10515.0,58,10520.0,118,10525.0,82,10505.0
si2409,,13:39:14.871#,10535.0,10580.0,10445.0,0.0,0.0,96690,232237.0,10480.0,93,10485.0,103,10490.0,104,10495.0,95,10500.0,50,10505.0,17,10510.0,102,10515.0,58,10520.0,118,10525.0,82,10500.0
si2409,,13:39:15.84#,10535.0,10580.0,10445.0,11355.0,9875.0,96690,232237.0,0.0,0,0.0,0,0.0,0,0.0,0,10500.0,48,10505.0,20,0.0,0,0.0,0,0.0,0,0.0,0,10500.0
si2409,,13:39:15.287#,10535.0,10580.0,10445.0,0.0,0.0,96690,232237.0,10480.0,93,10485.0,103,10490.0,104,10495.0,91,10500.0,60,10505.0,28,10510.0,102,10515.0,58,10520.0,118,10525.0,82,10500.0
si2409,,13:39:15.558#,10535.0,10580.0,10445.0,0.0,0.0,96690,232237.0,10480.0,93,10485.0,103,10490.0,104,10495.0,91,10500.0,60,10505.0,31,10510.0,102,10515.0,58,10520.0,118,10525.0,82,10500.0
si2409,,13:39:15.616#,10535.0,10580.0,10445.0,11355.0,9875.0,96690,232237.0,0.0,0,0.0,0,0.0,0,0.0,0,10500.0,60,10505.0,31,0.0,0,0.0,0,0.0,0,0.0,0,10500.0
si2409,,13:39:15.783#,10535.0,10580.0,10445.0,0.0,0.0,96690,232237.0,10480.0,93,10485.0,103,10490.0,104,10495.0,97,10500.0,60,10505.0,31,10510.0,102,10515.0,58,10520.0,118,10525.0,82,10500.0
si2409,,13:39:15.968#,10535.0,10580.0,10445.0,0.0,0.0,96695,232232.0,10480.0,93,10485.0,103,10490.0,104,10495.0,97,10500.0,60,10505.0,26,10510.0,102,10515.0,58,10520.0,118,10525.0,82,10505.0
si2409,,13:39:16.107#,10535.0,10580.0,10445.0,11355.0,9875.0,96695,232232.0,0.0,0,0.0,0,0.0,0,0.0,0,10500.0,60,10505.0,30,0.0,0,0.0,0,0.0,0,0.0,0,10505.0
si2409,,13:39:16.303#,10535.0,10580.0,10445.0,0.0,0.0,96704,232227.0,10480.0,93,10485.0,103,10490.0,104,10495.0,97,10500.0,60,10505.0,27,10510.0,102,10515.0,58,10520.0,118,10525.0,82,10505.0
si2409,,13:39:16.421#,10535.0,10580.0,10445.0,0.0,0.0,96723,232230.0,10480.0,93,10485.0,103,10490.0,104,10495.0,83,10500.0,61,10505.0,7,10510.0,172,10515.0,58,10520.0,118,10525.0,82,10505.0
si2409,,13:39:16.601#,10535.0,10580.0,10445.0,11355.0,9875.0,96723,232230.0,0.0,0,0.0,0,0.0,0,0.0,0,10500.0,59,10505.0,9,0.0,0,0.0,0,0.0,0,0.0,0,10505.0
si2409,,13:39:16.799#,10535.0,10580.0,10445.0,0.0,0.0,96724,232230.0,10480.0,88,10485.0,103,10490.0,109,10495.0,101,10500.0,59,10505.0,32,10510.0,96,10515.0,58,10520.0,113,10525.0,82,10505.0
si2409,,13:39:16.866#,10535.0,10580.0,10445.0,0.0,0.0,96725,232231.0,10480.0,93,10485.0,103,10490.0,104,10495.0,118,10500.0,54,10505.0,36,10510.0,96,10515.0,58,10520.0,118,10525.0,82,10500.0
si2409,,13:39:17.81#,10535.0,10580.0,10445.0,11355.0,9875.0,96725,232231.0,0.0,0,0.0,0,0.0,0,0.0,0,10500.0,51,10505.0,42,0.0,0,0.0,0,0.0,0,0.0,0,10500.0
si2409,,13:39:17.312#,10535.0,10580.0,10445.0,0.0,0.0,96734,232228.0,10480.0,92,10485.0,98,10490.0,104,10495.0,117,10500.0,42,10505.0,52,10510.0,96,10515.0,58,10520.0,118,10525.0,77,10500.0
si2409,,13:39:17.502#,10535.0,10580.0,10445.0,0.0,0.0,96744,232229.0,10480.0,97,10485.0,98,10490.0,104,10495.0,117,10500.0,30,10505.0,59,10510.0,101,10515.0,58,10520.0,123,10525.0,77,10500.0
si2409,,13:39:17.572#,10535.0,10580.0,10445.0,11355.0,9875.0,96747,232226.0,0.0,0,0.0,0,0.0,0,0.0,0,10500.0,23,10505.0,64,0.0,0,0.0,0,0.0,0,0.0,0,10500.0
si2409,,13:39:17.720#,10535.0,10580.0,10445.0,0.0,0.0,96747,232226.0,10480.0,117,10485.0,78,10490.0,104,10495.0,117,10500.0,23,10505.0,71,10510.0,76,10515.0,58,10520.0,143,10525.0,57,10500.0
si2409,,13:39:18.37#,10535.0,10580.0,10445.0,0.0,0.0,96751,232228.0,10480.0,117,10485.0,78,10490.0,95,10495.0,115,10500.0,19,10505.0,71,10510.0,76,10515.0,58,10520.0,143,10525.0,57,10500.0
si2409,,13:39:18.107#,10535.0,10580.0,10445.0,11355.0,9875.0,96751,232228.0,0.0,0,0.0,0,0.0,0,0.0,0,10500.0,18,10505.0,71,0.0,0,0.0,0,0.0,0,0.0,0,10500.0
si2409,,13:39:18.317#,10535.0,10580.0,10445.0,0.0,0.0,96751,232228.0,10480.0,117,10485.0,77,10490.0,95,10495.0,108,10500.0,18,10505.0,80,10510.0,76,10515.0,58,10520.0,143,10525.0,57,10500.0
si2409,,13:39:18.555#,10535.0,10580.0,10445.0,0.0,0.0,96752,232227.0,10480.0,117,10485.0,77,10490.0,95,10495.0,108,10500.0,17,10505.0,96,10510.0,77,10515.0,58,10520.0,143,10525.0,57,10500.0
si2409,,13:39:18.608#,10535.0,10580.0,10445.0,11355.0,9875.0,96767,232223.0,0.0,0,0.0,0,0.0,0,0.0,0,10500.0,2,10505.0,96,0.0,0,0.0,0,0.0,0,0.0,0,10500.0
si2409,,13:39:18.804#,10535.0,10580.0,10445.0,0.0,0.0,96769,232224.0,10475.0,223,10480.0,117,10485.0,72,10490.0,95,10495.0,103,10500.0,3,10505.0,98,10510.0,78,10515.0,63,10520.0,143,10500.0
si2409,,13:39:18.905#,10535.0,10580.0,10445.0,0.0,0.0,96769,232224.0,10475.0,218,10480.0,117,10485.0,85,10490.0,103,10495.0,106,10500.0,17,10505.0,99,10510.0,83,10515.0,53,10520.0,144,10500.0
si2409,,13:39:19.74#,10535.0,10580.0,10445.0,11355.0,9875.0,96769,232224.0,0.0,0,0.0,0,0.0,0,0.0,0,10495.0,108,10500.0,17,0.0,0,0.0,0,0.0,0,0.0,0,10500.0
si2409,,13:39:19.282#,10535.0,10580.0,10445.0,0.0,0.0,96769,232224.0,10475.0,223,10480.0,122,10485.0,73,10490.0,93,10495.0,111,10500.0,17,10505.0,111,10510.0,83,10515.0,63,10520.0,139,10500.0
si2409,,13:39:19.342#,10535.0,10580.0,10445.0,0.0,0.0,96769,232224.0,10475.0,223,10480.0,122,10485.0,73,10490.0,108,10495.0,109,10500.0,17,10505.0,111,10510.0,83,10515.0,63,10520.0,139,10500.0
si2409,,13:39:19.589#,10535.0,10580.0,10445.0,11355.0,9875.0,96769,232224.0,0.0,0,0.0,0,0.0,0,0.0,0,10495.0,110,10500.0,17,0.0,0,0.0,0,0.0,0,0.0,0,10500.0
si2409,,13:39:19.804#,10535.0,10580.0,10445.0,0.0,0.0,96769,232224.0,10475.0,223,10480.0,127,10485.0,68,10490.0,93,10495.0,111,10500.0,17,10505.0,111,10510.0,78,10515.0,63,10520.0,144,10500.0
si2409,,13:39:20.117#,10535.0,10580.0,10445.0,11355.0,9875.0,96769,232224.0,0.0,0,0.0,0,0.0,0,0.0,0,10495.0,111,10500.0,17,0.0,0,0.0,0,0.0,0,0.0,0,10500.0
si2409,,13:39:20.168#,10535.0,10580.0,10445.0,0.0,0.0,96770,232223.0,10475.0,223,10480.0,127,10485.0,68,10490.0,93,10495.0,111,10500.0,17,10505.0,112,10510.0,78,10515.0,63,10520.0,144,10500.0
si2409,,13:39:20.505#,10535.0,10580.0,10445.0,0.0,0.0,96770,232223.0,10475.0,228,10480.0,122,10485.0,68,10490.0,93,10495.0,121,10500.0,17,10505.0,110,10510.0,78,10515.0,68,10520.0,139,10500.0
si2409,,13:39:20.576#,10535.0,10580.0,10445.0,11355.0,9875.0,96770,232223.0,0.0,0,0.0,0,0.0,0,0.0,0,10495.0,121,10500.0,10,0.0,0,0.0,0,0.0,0,0.0,0,10500.0
si2409,,13:39:20.800#,10535.0,10580.0,10445.0,0.0,0.0,96770,232223.0,10475.0,218,10480.0,127,10485.0,78,10490.0,93,10495.0,122,10500.0,11,10505.0,110,10510.0,78,10515.0,58,10520.0,144,10500.0
si2409,,13:39:21.46#,10535.0,10580.0,10445.0,0.0,0.0,96776,232218.0,10475.0,218,10480.0,127,10485.0,78,10490.0,93,10495.0,122,10500.0,12,10505.0,111,10510.0,78,10515.0,58,10520.0,144,10500.0
si2409,,13:39:21.101#,10535.0,10580.0,10445.0,11355.0,9875.0,96777,232219.0,0.0,0,0.0,0,0.0,0,0.0,0,10495.0,122,10500.0,12,0.0,0,0.0,0,0.0,0,0.0,0,10500.0
si2409,,13:39:21.157#,10535.0,10580.0,10445.0,0.0,0.0,96777,232219.0,10475.0,223,10480.0,122,10485.0,78,10490.0,93,10495.0,125,10500.0,12,10505.0,111,10510.0,78,10515.0,63,10520.0,139,10500.0
si2409,,13:39:21.545#,10535.0,10580.0,10445.0,0.0,0.0,96777,232219.0,10475.0,218,10480.0,122,10485.0,83,10490.0,93,10495.0,125,10500.0,12,10505.0,109,10510.0,83,10515.0,58,10520.0,139,10500.0
si2409,,13:39:21.570#,10535.0,10580.0,10445.0,11355.0,9875.0,96777,232219.0,0.0,0,0.0,0,0.0,0,0.0,0,10495.0,125,10500.0,12,0.0,0,0.0,0,0.0,0,0.0,0,10500.0
si2409,,13:39:21.655#,10535.0,10580.0,10445.0,0.0,0.0,96777,232219.0,10475.0,218,10480.0,122,10485.0,83,10490.0,93,10495.0,125,10500.0,13,10505.0,109,10510.0,83,10515.0,59,10520.0,139,10500.0
si2409,,13:39:22.13#,10535.0,10580.0,10445.0,0.0,0.0,96782,232220.0,10475.0,218,10480.0,122,10485.0,83,10490.0,93,10495.0,125,10500.0,8,10505.0,114,10510.0,83,10515.0,59,10520.0,139,10500.0
si2409,,13:39:22.71#,10535.0,10580.0,10445.0,11355.0,9875.0,96782,232220.0,0.0,0,0.0,0,0.0,0,0.0,0,10495.0,125,10500.0,8,0.0,0,0.0,0,0.0,0,0.0,0,10500.0
si2409,,13:39:22.273#,10535.0,10580.0,10445.0,0.0,0.0,96782,232220.0,10475.0,218,10480.0,122,10485.0,83,10490.0,93,10495.0,125,10500.0,8,10505.0,112,10510.0,83,10515.0,59,10520.0,139,10500.0
si2409,,13:39:22.549#,10535.0,10580.0,10445.0,0.0,0.0,96783,232221.0,10475.0,218,10480.0,122,10485.0,83,10490.0,94,10495.0,124,10500.0,8,10505.0,112,10510.0,83,10515.0,59,10520.0,139,10495.0
si2409,,13:39:22.576#,10535.0,10580.0,10445.0,11355.0,9875.0,96783,232221.0,0.0,0,0.0,0,0.0,0,0.0,0,10495.0,124,10500.0,8,0.0,0,0.0,0,0.0,0,0.0,0,10495.0
si2409,,13:39:22.700#,10535.0,10580.0,10445.0,0.0,0.0,96783,232221.0,10475.0,218,10480.0,122,10485.0,83,10490.0,94,10495.0,125,10500.0,8,10505.0,112,10510.0,83,10515.0,59,10520.0,139,10495.0
si2409,,13:39:22.964#,10535.0,10580.0,10445.0,0.0,0.0,96784,232221.0,10475.0,218,10480.0,122,10485.0,83,10490.0,91,10495.0,125,10500.0,7,10505.0,113,10510.0,83,10515.0,59,10520.0,139,10500.0
si2409,,13:39:22.964#,10535.0,10580.0,10445.0,11355.0,9875.0,96784,232221.0,0.0,0,0.0,0,0.0,0,0.0,0,10495.0,125,10500.0,7,0.0,0,0.0,0,0.0,0,0.0,0,10500.0
si2409,,13:39:23.156#,10535.0,10580.0,10445.0,0.0,0.0,96784,232221.0,10475.0,218,10480.0,122,10485.0,83,10490.0,91,10495.0,125,10500.0,7,10505.0,113,10510.0,83,10515.0,59,10520.0,139,10500.0
si2409,,13:39:23.403#,10535.0,10580.0,10445.0,0.0,0.0,96784,232221.0,10475.0,218,10480.0,122,10485.0,83,10490.0,91,10495.0,125,10500.0,7,10505.0,113,10510.0,83,10515.0,60,10520.0,139,10500.0
si2409,,13:39:23.571#,10535.0,10580.0,10445.0,11355.0,9875.0,96784,232221.0,0.0,0,0.0,0,0.0,0,0.0,0,10495.0,125,10500.0,8,0.0,0,0.0,0,0.0,0,0.0,0,10500.0
si2409,,13:39:23.571#,10535.0,10580.0,10445.0,0.0,0.0,96784,232221.0,10475.0,218,10480.0,122,10485.0,83,10490.0,91,10495.0,125,10500.0,8,10505.0,113,10510.0,83,10515.0,60,10520.0,139,10500.0
si2409,,13:39:24.43#,10535.0,10580.0,10445.0,0.0,0.0,96784,232221.0,10475.0,218,10480.0,122,10485.0,83,10490.0,91,10495.0,126,10500.0,8,10505.0,106,10510.0,83,10515.0,60,10520.0,139,10500.0
si2409,,13:39:24.89#,10535.0,10580.0,10445.0,11355.0,9875.0,96784,232221.0,0.0,0,0.0,0,0.0,0,0.0,0,10495.0,126,10500.0,12,0.0,0,0.0,0,0.0,0,0.0,0,10500.0
si2409,,13:39:24.168#,10535.0,10580.0,10445.0,0.0,0.0,96784,232221.0,10475.0,218,10480.0,122,10485.0,83,10490.0,91,10495.0,124,10500.0,12,10505.0,106,10510.0,85,10515.0,60,10520.0,139,10500.0
si2409,,13:39:24.321#,10535.0,10580.0,10445.0,0.0,0.0,96784,232221.0,10475.0,218,10480.0,122,10485.0,83,10490.0,91,10495.0,124,10500.0,15,10505.0,106,10510.0,85,10515.0,60,10520.0,139,10500.0
si2409,,13:39:24.599#,10535.0,10580.0,10445.0,11355.0,9875.0,96784,232221.0,0.0,0,0.0,0,0.0,0,0.0,0,10495.0,123,10500.0,17,0.0,0,0.0,0,0.0,0,0.0,0,10500.0
si2409,,13:39:24.814#,10535.0,10580.0,10445.0,0.0,0.0,96790,232217.0,10475.0,223,10480.0,122,10485.0,79,10490.0,90,10495.0,122,10500.0,13,10505.0,108,10510.0,85,10515.0,65,10520.0,139,10500.0
si2409,,13:39:25.66#,10535.0,10580.0,10445.0,0.0,0.0,96791,232217.0,10475.0,216,10480.0,117,10485.0,84,10490.0,90,10495.0,122,10500.0,14,10505.0,103,10510.0,85,10515.0,60,10520.0,134,10500.0
si2409,,13:39:25.71#,10535.0,10580.0,10445.0,11355.0,9875.0,96791,232217.0,0.0,0,0.0,0,0.0,0,0.0,0,10495.0,122,10500.0,13,0.0,0,0.0,0,0.0,0,0.0,0,10500.0
si2409,,13:39:25.219#,10535.0,10580.0,10445.0,0.0,0.0,96792,232218.0,10475.0,216,10480.0,122,10485.0,84,10490.0,90,10495.0,121,10500.0,14,10505.0,108,10510.0,85,10515.0,60,10520.0,139,10495.0
si2409,,13:39:25.440#,10535.0,10580.0,10445.0,0.0,0.0,96793,232219.0,10475.0,216,10480.0,122,10485.0,79,10490.0,95,10495.0,121,10500.0,18,10505.0,108,10510.0,80,10515.0,65,10520.0,139,10500.0
si2409,,13:39:25.622#,10535.0,10580.0,10445.0,11355.0,9875.0,96793,232219.0,0.0,0,0.0,0,0.0,0,0.0,0,10495.0,121,10500.0,22,0.0,0,0.0,0,0.0,0,0.0,0,10500.0
si2409,,13:39:25.622#,10535.0,10580.0,10445.0,0.0,0.0,96793,232219.0,10475.0,221,10480.0,122,10485.0,79,10490.0,90,10495.0,121,10500.0,22,10505.0,109,10510.0,85,10515.0,65,10520.0,139,10500.0
si2409,,13:39:26.41#,10535.0,10580.0,10445.0,0.0,0.0,96793,232219.0,10475.0,221,10480.0,122,10485.0,79,10490.0,90,10495.0,121,10500.0,22,10505.0,108,10510.0,85,10515.0,65,10520.0,139,10500.0
si2409,,13:39:26.120#,10535.0,10580.0,10445.0,11355.0,9875.0,96796,232221.0,0.0,0,0.0,0,0.0,0,0.0,0,10495.0,121,10500.0,19,0.0,0,0.0,0,0.0,0,0.0,0,10500.0
si2409,,13:39:26.311#,10535.0,10580.0,10445.0,0.0,0.0,96796,232221.0,10475.0,220,10480.0,122,10485.0,79,10490.0,90,10495.0,121,10500.0,20,10505.0,106,10510.0,85,10515.0,65,10520.0,139,10500.0
si2409,,13:39:26.381#,10535.0,10580.0,10445.0,0.0,0.0,96796,232221.0,10475.0,220,10480.0,122,10485.0,79,10490.0,90,10495.0,121,10500.0,20,10505.0,106,10510.0,85,10515.0,64,10520.0,139,10500.0
si2409,,13:39:26.381#,10535.0,10580.0,10445.0,11355.0,9875.0,96796,232221.0,0.0,0,0.0,0,0.0,0,0.0,0,10495.0,121,10500.0,20,0.0,0,0.0,0,0.0,0,0.0,0,10500.0
si2409,,13:39:26.779#,10535.0,10580.0,10445.0,0.0,0.0,96796,232221.0,10475.0,220,10480.0,122,10485.0,79,10490.0,90,10495.0,121,10500.0,28,10505.0,106,10510.0,85,10515.0,64,10520.0,139,10500.0
si2409,,13:39:27.59#,10535.0,10580.0,10445.0,0.0,0.0,96796,232221.0,10475.0,220,10480.0,122,10485.0,78,10490.0,105,10495.0,121,10500.0,28,10505.0,111,10510.0,85,10515.0,64,10520.0,139,10500.0
si2409,,13:39:27.71#,10535.0,10580.0,10445.0,11355.0,9875.0,96796,232221.0,0.0,0,0.0,0,0.0,0,0.0,0,10495.0,122,10500.0,28,0.0,0,0.0,0,0.0,0,0.0,0,10500.0
si2409,,13:39:27.290#,10535.0,10580.0,10445.0,0.0,0.0,96796,232221.0,10475.0,220,10480.0,121,10485.0,78,10490.0,87,10495.0,176,10500.0,28,10505.0,112,10510.0,85,10515.0,64,10520.0,139,10500.0
si2409,,13:39:27.548#,10535.0,10580.0,10445.0,0.0,0.0,96815,232230.0,10480.0,121,10485.0,78,10490.0,87,10495.0,180,10500.0,28,10505.0,99,10510.0,109,10515.0,64,10520.0,139,10525.0,52,10500.0
si2409,,13:39:27.596#,10535.0,10580.0,10445.0,11355.0,9875.0,96816,232229.0,0.0,0,0.0,0,0.0,0,0.0,0,10500.0,51,10505.0,93,0.0,0,0.0,0,0.0,0,0.0,0,10505.0
si2409,,13:39:27.796#,10535.0,10580.0,10445.0,0.0,0.0,96816,232229.0,10480.0,116,10485.0,88,10490.0,87,10495.0,167,10500.0,65,10505.0,90,10510.0,104,10515.0,60,10520.0,143,10525.0,57,10505.0
si2409,,13:39:27.907#,10535.0,10580.0,10445.0,0.0,0.0,96825,232222.0,10480.0,121,10485.0,78,10490.0,92,10495.0,120,10500.0,81,10505.0,78,10510.0,106,10515.0,59,10520.0,148,10525.0,52,10505.0
si2409,,13:39:28.93#,10535.0,10580.0,10445.0,11355.0,9875.0,96878,232234.0,0.0,0,0.0,0,0.0,0,0.0,0,10505.0,17,10510.0,176,0.0,0,0.0,0,0.0,0,0.0,0,10505.0
si2409,,13:39:28.305#,10535.0,10580.0,10445.0,0.0,0.0,96918,232214.0,10480.0,86,10485.0,81,10490.0,115,10495.0,104,10500.0,90,10510.0,172,10515.0,58,10520.0,108,10525.0,77,10530.0,58,10505.0
si2409,,13:39:28.569#,10535.0,10580.0,10445.0,0.0,0.0,96920,232212.0,10480.0,86,10485.0,92,10490.0,105,10495.0,151,10500.0,95,10505.0,9,10510.0,164,10515.0,57,10520.0,108,10525.0,87,10505.0
si2409,,13:39:28.595#,10535.0,10580.0,10445.0,11355.0,9875.0,96923,232210.0,0.0,0,0.0,0,0.0,0,0.0,0,10500.0,95,10505.0,19,0.0,0,0.0,0,0.0,0,0.0,0,10505.0
si2409,,13:39:28.680#,10535.0,10580.0,10445.0,0.0,0.0,96923,232210.0,10480.0,96,10485.0,87,10490.0,100,10495.0,152,10500.0,95,10505.0,19,10510.0,165,10515.0,57,10520.0,123,10525.0,72,10505.0
si2409,,13:39:29.42#,10535.0,10580.0,10445.0,0.0,0.0,96923,232210.0,10480.0,96,10485.0,87,10490.0,100,10495.0,152,10500.0,95,10505.0,24,10510.0,165,10515.0,57,10520.0,113,10525.0,72,10505.0
si2409,,13:39:29.118#,10535.0,10580.0,10445.0,11355.0,9875.0,96923,232210.0,0.0,0,0.0,0,0.0,0,0.0,0,10500.0,93,10505.0,25,0.0,0,0.0,0,0.0,0,0.0,0,10505.0
si2409,,13:39:29.316#,10535.0,10580.0,10445.0,0.0,0.0,96923,232210.0,10480.0,95,10485.0,87,10490.0,100,10495.0,152,10500.0,93,10505.0,35,10510.0,165,10515.0,57,10520.0,113,10525.0,72,10505.0
si2409,,13:39:29.553#,10535.0,10580.0,10445.0,0.0,0.0,96923,232210.0,10480.0,90,10485.0,87,10490.0,101,10495.0,152,10500.0,83,10505.0,35,10510.0,165,10515.0,57,10520.0,113,10525.0,72,10505.0
si2409,,13:39:29.571#,10535.0,10580.0,10445.0,11355.0,9875.0,96923,232210.0,0.0,0,0.0,0,0.0,0,0.0,0,10500.0,82,10505.0,35,0.0,0,0.0,0,0.0,0,0.0,0,10505.0
si2409,,13:39:29.686#,10535.0,10580.0,10445.0,0.0,0.0,96923,232210.0,10480.0,90,10485.0,92,10490.0,101,10495.0,152,10500.0,92,10505.0,35,10510.0,165,10515.0,57,10520.0,117,10525.0,77,10505.0
si2409,,13:39:30.8#,10535.0,10580.0,10445.0,0.0,0.0,96924,232210.0,10480.0,90,10485.0,92,10490.0,101,10495.0,152,10500.0,92,10505.0,35,10510.0,165,10515.0,57,10520.0,117,10525.0,77,10505.0
si2409,,13:39:30.8#,10535.0,10580.0,10445.0,11355.0,9875.0,96924,232210.0,0.0,0,0.0,0,0.0,0,0.0,0,10500.0,92,10505.0,35,0.0,0,0.0,0,0.0,0,0.0,0,10505.0
si2409,,13:39:30.300#,10535.0,10580.0,10445.0,0.0,0.0,96924,232210.0,10480.0,90,10485.0,97,10490.0,101,10495.0,152,10500.0,92,10505.0,36,10510.0,165,10515.0,57,10520.0,117,10525.0,82,10505.0
si2409,,13:39:30.338#,10535.0,10580.0,10445.0,0.0,0.0,96924,232210.0,10480.0,90,10485.0,97,10490.0,101,10495.0,152,10500.0,93,10505.0,36,10510.0,165,10515.0,57,10520.0,117,10525.0,82,10505.0
si2409,,13:39:30.575#,10535.0,10580.0,10445.0,11355.0,9875.0,96924,232210.0,0.0,0,0.0,0,0.0,0,0.0,0,10500.0,93,10505.0,36,0.0,0,0.0,0,0.0,0,0.0,0,10505.0
si2409,,13:39:30.575#,10535.0,10580.0,10445.0,0.0,0.0,96924,232210.0,10480.0,85,10485.0,97,10490.0,106,10495.0,152,10500.0,93,10505.0,36,10510.0,165,10515.0,62,10520.0,112,10525.0,82,10505.0
si2409,,13:39:30.821#,10535.0,10580.0,10445.0,0.0,0.0,96924,232210.0,10480.0,85,10485.0,97,10490.0,106,10495.0,152,10500.0,93,10505.0,36,10510.0,164,10515.0,62,10520.0,112,10525.0,82,10505.0
si2409,,13:39:31.205#,10535.0,10580.0,10445.0,0.0,0.0,96924,232210.0,10480.0,85,10485.0,97,10490.0,106,10495.0,152,10500.0,93,10505.0,36,10510.0,164,10515.0,62,10520.0,112,10525.0,82,10505.0
si2409,,13:39:31.553#,10535.0,10580.0,10445.0,0.0,0.0,96924,232210.0,10480.0,85,10485.0,97,10490.0,106,10495.0,152,10500.0,93,10505.0,36,10510.0,163,10515.0,62,10520.0,112,10525.0,82,10505.0
si2409,,13:39:31.600#,10535.0,10580.0,10445.0,11355.0,9875.0,96924,232210.0,0.0,0,0.0,0,0.0,0,0.0,0,10500.0,93,10505.0,38,0.0,0,0.0,0,0.0,0,0.0,0,10505.0
si2409,,13:39:31.600#,10535.0,10580.0,10445.0,0.0,0.0,96924,232210.0,10480.0,85,10485.0,97,10490.0,106,10495.0,152,10500.0,93,10505.0,38,10510.0,163,10515.0,62,10520.0,112,10525.0,82,10505.0
si2409,,13:39:32.38#,10535.0,10580.0,10445.0,0.0,0.0,96930,232216.0,10480.0,85,10485.0,97,10490.0,106,10495.0,152,10500.0,87,10505.0,38,10510.0,162,10515.0,62,10520.0,112,10525.0,82,10500.0
si2409,,13:39:32.76#,10535.0,10580.0,10445.0,11355.0,9875.0,96930,232216.0,0.0,0,0.0,0,0.0,0,0.0,0,10500.0,85,10505.0,38,0.0,0,0.0,0,0.0,0,0.0,0,10500.0
si2409,,13:39:32.129#,10535.0,10580.0,10445.0,0.0,0.0,96930,232216.0,10480.0,85,10485.0,97,10490.0,106,10495.0,152,10500.0,85,10505.0,38,10510.0,162,10515.0,62,10520.0,112,10525.0,82,10500.0
si2409,,13:39:32.511#,10535.0,10580.0,10445.0,0.0,0.0,96940,232225.0,10480.0,85,10485.0,97,10490.0,106,10495.0,152,10500.0,76,10505.0,38,10510.0,163,10515.0,62,10520.0,112,10525.0,82,10500.0
si2409,,13:39:32.571#,10535.0,10580.0,10445.0,11355.0,9875.0,96940,232225.0,0.0,0,0.0,0,0.0,0,0.0,0,10500.0,76,10505.0,41,0.0,0,0.0,0,0.0,0,0.0,0,10500.0
si2409,,13:39:32.778#,10535.0,10580.0,10445.0,0.0,0.0,96940,232225.0,10480.0,85,10485.0,97,10490.0,106,10495.0,152,10500.0,73,10505.0,41,10510.0,163,10515.0,62,10520.0,112,10525.0,82,10500.0
si2409,,13:39:32.912#,10535.0,10580.0,10445.0,0.0,0.0,96940,232225.0,10480.0,85,10485.0,96,10490.0,106,10495.0,151,10500.0,73,10505.0,41,10510.0,163,10515.0,62,10520.0,112,10525.0,82,10500.0
si2409,,13:39:32.912#,10535.0,10580.0,10445.0,11355.0,9875.0,96940,232225.0,0.0,0,0.0,0,0.0,0,0.0,0,10500.0,73,10505.0,41,0.0,0,0.0,0,0.0,0,0.0,0,10500.0
si2409,,13:39:33.182#,10535.0,10580.0,10445.0,0.0,0.0,96940,232225.0,10480.0,85,10485.0,96,10490.0,106,10495.0,151,10500.0,73,10505.0,41,10510.0,163,10515.0,62,10520.0,112,10525.0,82,10500.0
si2409,,13:39:33.483#,10535.0,10580.0,10445.0,0.0,0.0,96940,232225.0,10480.0,85,10485.0,95,10490.0,107,10495.0,152,10500.0,73,10505.0,41,10510.0,163,10515.0,62,10520.0,112,10525.0,82,10500.0
si2409,,13:39:33.754#,10535.0,10580.0,10445.0,0.0,0.0,96940,232225.0,10480.0,85,10485.0,95,10490.0,107,10495.0,152,10500.0,73,10505.0,41,10510.0,165,10515.0,62,10520.0,112,10525.0,82,10500.0
si2409,,13:39:33.985#,10535.0,10580.0,10445.0,0.0,0.0,96940,232225.0,10480.0,85,10485.0,95,10490.0,107,10495.0,149,10500.0,73,10505.0,41,10510.0,165,10515.0,62,10520.0,112,10525.0,82,10500.0
si2409,,13:39:34.230#,10535.0,10580.0,10445.0,0.0,0.0,96940,232225.0,10480.0,85,10485.0,95,10490.0,107,10495.0,149,10500.0,74,10505.0,41,10510.0,166,10515.0,62,10520.0,112,10525.0,82,10500.0
si2409,,13:39:34.534#,10535.0,10580.0,10445.0,0.0,0.0,96940,232225.0,10480.0,85,10485.0,95,10490.0,107,10495.0,149,10500.0,74,10505.0,41,10510.0,161,10515.0,62,10520.0,112,10525.0,82,10500.0
si2409,,13:39:34.534#,10535.0,10580.0,10445.0,11355.0,9875.0,96940,232225.0,0.0,0,0.0,0,0.0,0,0.0,0,10500.0,74,10505.0,41,0.0,0,0.0,0,0.0,0,0.0,0,10500.0
si2409,,13:39:34.690#,10535.0,10580.0,10445.0,0.0,0.0,96940,232225.0,10480.0,85,10485.0,95,10490.0,107,10495.0,149,10500.0,74,10505.0,42,10510.0,161,10515.0,62,10520.0,112,10525.0,82,10500.0
si2409,,13:39:35.57#,10535.0,10580.0,10445.0,0.0,0.0,96940,232225.0,10480.0,85,10485.0,95,10490.0,107,10495.0,149,10500.0,74,10505.0,44,10510.0,161,10515.0,62,10520.0,112,10525.0,82,10500.0
si2409,,13:39:35.57#,10535.0,10580.0,10445.0,11355.0,9875.0,96940,232225.0,0.0,0,0.0,0,0.0,0,0.0,0,10500.0,74,10505.0,44,0.0,0,0.0,0,0.0,0,0.0,0,10500.0
si2409,,13:39:35.311#,10535.0,10580.0,10445.0,0.0,0.0,96940,232225.0,10480.0,86,10485.0,95,10490.0,107,10495.0,149,10500.0,74,10505.0,49,10510.0,161,10515.0,62,10520.0,112,10525.0,82,10500.0
si2409,,13:39:35.551#,10535.0,10580.0,10445.0,0.0,0.0,96940,232225.0,10480.0,86,10485.0,95,10490.0,107,10495.0,149,10500.0,70,10505.0,53,10510.0,161,10515.0,62,10520.0,112,10525.0,82,10500.0
si2409,,13:39:35.612#,10535.0,10580.0,10445.0,11355.0,9875.0,96940,232225.0,0.0,0,0.0,0,0.0,0,0.0,0,10500.0,68,10505.0,54,0.0,0,0.0,0,0.0,0,0.0,0,10500.0
si2409,,13:39:35.770#,10535.0,10580.0,10445.0,0.0,0.0,96940,232225.0,10480.0,86,10485.0,95,10490.0,107,10495.0,168,10500.0,69,10505.0,55,10510.0,92,10515.0,62,10520.0,112,10525.0,82,10500.0
si2409,,13:39:35.821#,10535.0,10580.0,10445.0,0.0,0.0,96940,232225.0,10480.0,86,10485.0,95,10490.0,107,10495.0,170,10500.0,69,10505.0,55,10510.0,92,10515.0,62,10520.0,112,10525.0,82,10500.0
si2409,,13:39:36.99#,10535.0,10580.0,10445.0,11355.0,9875.0,96940,232225.0,0.0,0,0.0,0,0.0,0,0.0,0,10500.0,69,10505.0,55,0.0,0,0.0,0,0.0,0,0.0,0,10500.0
si2409,,13:39:36.279#,10535.0,10580.0,10445.0,0.0,0.0,96941,232225.0,10480.0,86,10485.0,95,10490.0,107,10495.0,169,10500.0,68,10505.0,55,10510.0,92,10515.0,62,10520.0,113,10525.0,82,10500.0
si2409,,13:39:36.566#,10535.0,10580.0,10445.0,0.0,0.0,96941,232225.0,10480.0,86,10485.0,95,10490.0,107,10495.0,169,10500.0,68,10505.0,55,10510.0,92,10515.0,62,10520.0,113,10525.0,82,10500.0
si2409,,13:39:36.601#,10535.0,10580.0,10445.0,11355.0,9875.0,96941,232225.0,0.0,0,0.0,0,0.0,0,0.0,0,10500.0,68,10505.0,56,0.0,0,0.0,0,0.0,0,0.0,0,10500.0
si2409,,13:39:36.711#,10535.0,10580.0,10445.0,0.0,0.0,96941,232225.0,10480.0,86,10485.0,95,10490.0,107,10495.0,169,10500.0,68,10505.0,56,10510.0,92,10515.0,62,10520.0,113,10525.0,82,10500.0
si2409,,13:39:37.64#,10535.0,10580.0,10445.0,0.0,0.0,96941,232225.0,10480.0,86,10485.0,95,10490.0,107,10495.0,163,10500.0,69,10505.0,64,10510.0,92,10515.0,62,10520.0,113,10525.0,82,10500.0
si2409,,13:39:37.71#,10535.0,10580.0,10445.0,11355.0,9875.0,96941,232225.0,0.0,0,0.0,0,0.0,0,0.0,0,10500.0,66,10505.0,68,0.0,0,0.0,0,0.0,0,0.0,0,10500.0
si2409,,13:39:37.269#,10535.0,10580.0,10445.0,0.0,0.0,96942,232225.0,10480.0,106,10485.0,75,10490.0,107,10495.0,163,10500.0,62,10505.0,68,10510.0,93,10515.0,62,10520.0,133,10525.0,62,10500.0
si2409,,13:39:37.357#,10535.0,10580.0,10445.0,0.0,0.0,96942,232225.0,10480.0,111,10485.0,70,10490.0,107,10495.0,158,10500.0,62,10505.0,70,10510.0,93,10515.0,62,10520.0,138,10525.0,57,10500.0
si2409,,13:39:37.357#,10535.0,10580.0,10445.0,11355.0,9875.0,96942,232225.0,0.0,0,0.0,0,0.0,0,0.0,0,10500.0,62,10505.0,70,0.0,0,0.0,0,0.0,0,0.0,0,10500.0
si2409,,13:39:37.813#,10535.0,10580.0,10445.0,0.0,0.0,96942,232225.0,10480.0,116,10485.0,65,10490.0,107,10495.0,158,10500.0,63,10505.0,70,10510.0,93,10515.0,62,10520.0,143,10525.0,52,10500.0
si2409,,13:39:37.813#,10535.0,10580.0,10445.0,11355.0,9875.0,96942,232225.0,0.0,0,0.0,0,0.0,0,0.0,0,10500.0,63,10505.0,70,0.0,0,0.0,0,0.0,0,0.0,0,10500.0
si2409,,13:39:38.274#,10535.0,10580.0,10445.0,0.0,0.0,96943,232225.0,10480.0,116,10485.0,65,10490.0,107,10495.0,158,10500.0,62,10505.0,68,10510.0,94,10515.0,62,10520.0,143,10525.0,52,10505.0
si2409,,13:39:38.513#,10535.0,10580.0,10445.0,0.0,0.0,96943,232225.0,10480.0,116,10485.0,65,10490.0,107,10495.0,158,10500.0,62,10505.0,69,10510.0,94,10515.0,62,10520.0,143,10525.0,52,10505.0
si2409,,13:39:38.513#,10535.0,10580.0,10445.0,11355.0,9875.0,96943,232225.0,0.0,0,0.0,0,0.0,0,0.0,0,10500.0,62,10505.0,69,0.0,0,0.0,0,0.0,0,0.0,0,10505.0
si2409,,13:39:38.803#,10535.0,10580.0,10445.0,0.0,0.0,96952,232221.0,10480.0,116,10485.0,65,10490.0,107,10495.0,158,10500.0,62,10505.0,60,10510.0,94,10515.0,62,10520.0,143,10525.0,52,10505.0
si2409,,13:39:38.974#,10535.0,10580.0,10445.0,0.0,0.0,96961,232222.0,10480.0,111,10485.0,70,10490.0,107,10495.0,158,10500.0,66,10505.0,51,10510.0,94,10515.0,62,10520.0,137,10525.0,57,10505.0
si2409,,13:39:39.72#,10535.0,10580.0,10445.0,11355.0,9875.0,96961,232222.0,0.0,0,0.0,0,0.0,0,0.0,0,10500.0,68,10505.0,42,0.0,0,0.0,0,0.0,0,0.0,0,10505.0
si2409,,13:39:39.205#,10535.0,10580.0,10445.0,0.0,0.0,96961,232222.0,10480.0,86,10485.0,95,10490.0,107,10495.0,109,10500.0,71,10505.0,42,10510.0,95,10515.0,62,10520.0,112,10525.0,82,10505.0
si2409,,13:39:39.556#,10535.0,10580.0,10445.0,0.0,0.0,96962,232223.0,10480.0,86,10485.0,95,10490.0,107,10495.0,109,10500.0,77,10505.0,41,10510.0,94,10515.0,62,10520.0,112,10525.0,82,10505.0
si2409,,13:39:39.571#,10535.0,10580.0,10445.0,11355.0,9875.0,96962,232223.0,0.0,0,0.0,0,0.0,0,0.0,0,10500.0,77,10505.0,40,0.0,0,0.0,0,0.0,0,0.0,0,10505.0
si2409,,13:39:39.782#,10535.0,10580.0,10445.0,0.0,0.0,96962,232223.0,10480.0,86,10485.0,95,10490.0,107,10495.0,109,10500.0,77,10505.0,40,10510.0,94,10515.0,62,10520.0,112,10525.0,82,10505.0
si2409,,13:39:40.30#,10535.0,10580.0,10445.0,0.0,0.0,96962,232223.0,10480.0,86,10485.0,95,10490.0,107,10495.0,109,10500.0,77,10505.0,41,10510.0,94,10515.0,62,10520.0,112,10525.0,82,10505.0
si2409,,13:39:40.73#,10535.0,10580.0,10445.0,11355.0,9875.0,96962,232223.0,0.0,0,0.0,0,0.0,0,0.0,0,10500.0,77,10505.0,41,0.0,0,0.0,0,0.0,0,0.0,0,10505.0
si2409,,13:39:40.251#,10535.0,10580.0,10445.0,0.0,0.0,96964,232222.0,10480.0,86,10485.0,95,10490.0,105,10495.0,158,10500.0,75,10505.0,41,10510.0,94,10515.0,62,10520.0,112,10525.0,82,10500.0
si2409,,13:39:40.251#,10535.0,10580.0,10445.0,11355.0,9875.0,96964,232222.0,0.0,0,0.0,0,0.0,0,0.0,0,10500.0,75,10505.0,41,0.0,0,0.0,0,0.0,0,0.0,0,10500.0
si2409,,13:39:40.804#,10535.0,10580.0,10445.0,0.0,0.0,96974,232213.0,10480.0,86,10485.0,95,10490.0,105,10495.0,158,10500.0,66,10505.0,40,10510.0,94,10515.0,62,10520.0,112,10525.0,82,10500.0
si2409,,13:39:40.836#,10535.0,10580.0,10445.0,0.0,0.0,96983,232219.0,10480.0,86,10485.0,95,10490.0,105,10495.0,158,10500.0,52,10505.0,40,10510.0,94,10515.0,62,10520.0,112,10525.0,82,10500.0
si2409,,13:39:41.71#,10535.0,10580.0,10445.0,11355.0,9875.0,96983,232219.0,0.0,0,0.0,0,0.0,0,0.0,0,10500.0,50,10505.0,41,0.0,0,0.0,0,0.0,0,0.0,0,10500.0
si2409,,13:39:41.301#,10535.0,10580.0,10445.0,0.0,0.0,96983,232219.0,10480.0,86,10485.0,95,10490.0,105,10495.0,158,10500.0,51,10505.0,41,10510.0,94,10515.0,62,10520.0,112,10525.0,82,10500.0
si2409,,13:39:41.439#,10535.0,10580.0,10445.0,0.0,0.0,96983,232219.0,10480.0,86,10485.0,95,10490.0,105,10495.0,158,10500.0,54,10505.0,41,10510.0,94,10515.0,62,10520.0,112,10525.0,82,10500.0
si2409,,13:39:41.595#,10535.0,10580.0,10445.0,11355.0,9875.0,96983,232219.0,0.0,0,0.0,0,0.0,0,0.0,0,10500.0,54,10505.0,41,0.0,0,0.0,0,0.0,0,0.0,0,10500.0
si2409,,13:39:41.595#,10535.0,10580.0,10445.0,0.0,0.0,96983,232219.0,10480.0,86,10485.0,94,10490.0,105,10495.0,158,10500.0,54,10505.0,41,10510.0,94,10515.0,62,10520.0,112,10525.0,82,10500.0
si2409,,13:39:42.212#,10535.0,10580.0,10445.0,0.0,0.0,96983,232219.0,10480.0,86,10485.0,94,10490.0,105,10495.0,158,10500.0,55,10505.0,41,10510.0,94,10515.0,62,10520.0,112,10525.0,82,10500.0
si2409,,13:39:42.477#,10535.0,10580.0,10445.0,0.0,0.0,96983,232219.0,10480.0,86,10485.0,94,10490.0,105,10495.0,158,10500.0,55,10505.0,42,10510.0,94,10515.0,62,10520.0,112,10525.0,82,10500.0
si2409,,13:39:42.612#,10535.0,10580.0,10445.0,11355.0,9875.0,96983,232219.0,0.0,0,0.0,0,0.0,0,0.0,0,10500.0,55,10505.0,43,0.0,0,0.0,0,0.0,0,0.0,0,10500.0
si2409,,13:39:42.612#,10535.0,10580.0,10445.0,0.0,0.0,96983,232219.0,10480.0,86,10485.0,94,10490.0,105,10495.0,158,10500.0,55,10505.0,43,10510.0,94,10515.0,62,10520.0,112,10525.0,82,10500.0
si2409,,13:39:42.852#,10535.0,10580.0,10445.0,0.0,0.0,96983,232219.0,10480.0,86,10485.0,94,10490.0,105,10495.0,158,10500.0,55,10505.0,45,10510.0,94,10515.0,62,10520.0,112,10525.0,82,10500.0
si2409,,13:39:42.852#,10535.0,10580.0,10445.0,11355.0,9875.0,96983,232219.0,0.0,0,0.0,0,0.0,0,0.0,0,10500.0,55,10505.0,45,0.0,0,0.0,0,0.0,0,0.0,0,10500.0
si2409,,13:39:43.224#,10535.0,10580.0,10445.0,0.0,0.0,96983,232219.0,10480.0,86,10485.0,94,10490.0,105,10495.0,158,10500.0,55,10505.0,47,10510.0,94,10515.0,62,10520.0,112,10525.0,82,10500.0
si2409,,13:39:43.401#,10535.0,10580.0,10445.0,0.0,0.0,96983,232219.0,10480.0,86,10485.0,94,10490.0,105,10495.0,158,10500.0,55,10505.0,47,10510.0,94,10515.0,62,10520.0,112,10525.0,82,10500.0
si2409,,13:39:43.401#,10535.0,10580.0,10445.0,11355.0,9875.0,96983,232219.0,0.0,0,0.0,0,0.0,0,0.0,0,10500.0,55,10505.0,47,0.0,0,0.0,0,0.0,0,0.0,0,10500.0
si2409,,13:39:43.724#,10535.0,10580.0,10445.0,0.0,0.0,96983,232219.0,10480.0,86,10485.0,94,10490.0,105,10495.0,155,10500.0,55,10505.0,47,10510.0,95,10515.0,62,10520.0,112,10525.0,82,10500.0
si2409,,13:39:44.35#,10535.0,10580.0,10445.0,0.0,0.0,96983,232219.0,10480.0,86,10485.0,96,10490.0,105,10495.0,158,10500.0,55,10505.0,52,10510.0,95,10515.0,62,10520.0,112,10525.0,82,10500.0
si2409,,13:39:44.71#,10535.0,10580.0,10445.0,11355.0,9875.0,96983,232219.0,0.0,0,0.0,0,0.0,0,0.0,0,10500.0,55,10505.0,56,0.0,0,0.0,0,0.0,0,0.0,0,10500.0
si2409,,13:39:44.181#,10535.0,10580.0,10445.0,0.0,0.0,96983,232219.0,10480.0,106,10485.0,76,10490.0,105,10495.0,158,10500.0,55,10505.0,56,10510.0,95,10515.0,62,10520.0,132,10525.0,62,10500.0
si2409,,13:39:44.355#,10535.0,10580.0,10445.0,0.0,0.0,96983,232219.0,10480.0,111,10485.0,71,10490.0,105,10495.0,158,10500.0,55,10505.0,56,10510.0,95,10515.0,62,10520.0,137,10525.0,57,10500.0
si2409,,13:39:44.844#,10535.0,10580.0,10445.0,0.0,0.0,96988,232219.0,10480.0,111,10485.0,71,10490.0,105,10495.0,158,10500.0,55,10505.0,51,10510.0,95,10515.0,62,10520.0,137,10525.0,57,10505.0
si2409,,13:39:45.76#,10535.0,10580.0,10445.0,11355.0,9875.0,96988,232219.0,0.0,0,0.0,0,0.0,0,0.0,0,10500.0,55,10505.0,51,0.0,0,0.0,0,0.0,0,0.0,0,10505.0
si2409,,13:39:45.183#,10535.0,10580.0,10445.0,0.0,0.0,96988,232219.0,10480.0,86,10485.0,96,10490.0,105,10495.0,158,10500.0,55,10505.0,56,10510.0,95,10515.0,62,10520.0,112,10525.0,82,10505.0
si2409,,13:39:45.547#,10535.0,10580.0,10445.0,0.0,0.0,97015,232210.0,10480.0,91,10485.0,91,10490.0,105,10495.0,158,10500.0,46,10505.0,38,10510.0,95,10515.0,62,10520.0,117,10525.0,78,10500.0
si2409,,13:39:45.590#,10535.0,10580.0,10445.0,11355.0,9875.0,97015,232210.0,0.0,0,0.0,0,0.0,0,0.0,0,10500.0,59,10505.0,38,0.0,0,0.0,0,0.0,0,0.0,0,10500.0
si2409,,13:39:45.805#,10535.0,10580.0,10445.0,0.0,0.0,97024,232210.0,10480.0,86,10485.0,96,10490.0,105,10495.0,157,10500.0,52,10505.0,35,10510.0,95,10515.0,62,10520.0,112,10525.0,83,10500.0
si2409,,13:39:45.874#,10535.0,10580.0,10445.0,0.0,0.0,97038,232214.0,10480.0,86,10485.0,96,10490.0,92,10495.0,157,10500.0,45,10505.0,30,10510.0,95,10515.0,62,10520.0,112,10525.0,83,10505.0
si2409,,13:39:46.71#,10535.0,10580.0,10445.0,11355.0,9875.0,97038,232214.0,0.0,0,0.0,0,0.0,0,0.0,0,10500.0,45,10505.0,30,0.0,0,0.0,0,0.0,0,0.0,0,10505.0
si2409,,13:39:46.317#,10535.0,10580.0,10445.0,0.0,0.0,97047,232213.0,10480.0,86,10485.0,96,10490.0,92,10495.0,158,10500.0,45,10505.0,27,10510.0,96,10515.0,62,10520.0,112,10525.0,83,10505.0
si2409,,13:39:46.541#,10535.0,10580.0,10445.0,0.0,0.0,97057,232218.0,10480.0,86,10485.0,96,10490.0,92,10495.0,158,10500.0,59,10505.0,18,10510.0,96,10515.0,62,10520.0,112,10525.0,83,10505.0
si2409,,13:39:46.620#,10535.0,10580.0,10445.0,11355.0,9875.0,97062,232217.0,0.0,0,0.0,0,0.0,0,0.0,0,10500.0,68,10510.0,96,0.0,0,0.0,0,0.0,0,0.0,0,10505.0
si2409,,13:39:46.802#,10535.0,10580.0,10445.0,0.0,0.0,97075,232225.0,10485.0,101,10490.0,92,10495.0,109,10500.0,71,10505.0,1,10510.0,175,10515.0,57,10520.0,107,10525.0,93,10530.0,53,10505.0
si2409,,13:39:46.894#,10535.0,10580.0,10445.0,0.0,0.0,97078,232226.0,10480.0,86,10485.0,96,10490.0,92,10495.0,113,10500.0,73,10505.0,27,10510.0,99,10515.0,57,10520.0,112,10525.0,88,10500.0
si2409,,13:39:47.112#,10535.0,10580.0,10445.0,11355.0,9875.0,97078,232226.0,0.0,0,0.0,0,0.0,0,0.0,0,10500.0,64,10505.0,29,0.0,0,0.0,0,0.0,0,0.0,0,10500.0
si2409,,13:39:47.281#,10535.0,10580.0,10445.0,0.0,0.0,97078,232226.0,10480.0,86,10485.0,96,10490.0,92,10495.0,162,10500.0,64,10505.0,29,10510.0,100,10515.0,62,10520.0,112,10525.0,83,10500.0
si2409,,13:39:47.467#,10535.0,10580.0,10445.0,0.0,0.0,97087,232224.0,10480.0,86,10485.0,96,10490.0,92,10495.0,163,10500.0,52,10505.0,25,10510.0,100,10515.0,62,10520.0,112,10525.0,83,10500.0
si2409,,13:39:47.573#,10535.0,10580.0,10445.0,11355.0,9875.0,97087,232224.0,0.0,0,0.0,0,0.0,0,0.0,0,10500.0,55,10505.0,30,0.0,0,0.0,0,0.0,0,0.0,0,10500.0
si2409,,13:39:47.664#,10535.0,10580.0,10445.0,0.0,0.0,97087,232224.0,10480.0,86,10485.0,96,10490.0,92,10495.0,162,10500.0,55,10505.0,30,10510.0,100,10515.0,62,10520.0,112,10525.0,83,10500.0
si2409,,13:39:48.303#,10535.0,10580.0,10445.0,0.0,0.0,97087,232224.0,10480.0,86,10485.0,91,10490.0,92,10495.0,162,10500.0,55,10505.0,31,10510.0,100,10515.0,62,10520.0,112,10525.0,78,10500.0
si2409,,13:39:48.549#,10535.0,10580.0,10445.0,0.0,0.0,97087,232224.0,10480.0,86,10485.0,96,10490.0,91,10495.0,166,10500.0,55,10505.0,31,10510.0,100,10515.0,62,10520.0,112,10525.0,83,10500.0
si2409,,13:39:48.594#,10535.0,10580.0,10445.0,11355.0,9875.0,97087,232224.0,0.0,0,0.0,0,0.0,0,0.0,0,10500.0,56,10505.0,31,0.0,0,0.0,0,0.0,0,0.0,0,10500.0
si2409,,13:39:48.810#,10535.0,10580.0,10445.0,0.0,0.0,97087,232224.0,10480.0,86,10485.0,96,10490.0,91,10495.0,118,10500.0,56,10505.0,31,10510.0,100,10515.0,62,10520.0,112,10525.0,83,10500.0
si2409,,13:39:48.962#,10535.0,10580.0,10445.0,0.0,0.0,97087,232224.0,10480.0,86,10485.0,96,10490.0,91,10495.0,118,10500.0,56,10505.0,31,10510.0,100,10515.0,62,10520.0,112,10525.0,83,10500.0
si2409,,13:39:49.265#,10535.0,10580.0,10445.0,0.0,0.0,97087,232224.0,10480.0,86,10485.0,96,10490.0,91,10495.0,119,10500.0,56,10505.0,32,10510.0,100,10515.0,62,10520.0,112,10525.0,83,10500.0
si2409,,13:39:49.421#,10535.0,10580.0,10445.0,0.0,0.0,97087,232224.0,10480.0,86,10485.0,96,10490.0,91,10495.0,119,10500.0,56,10505.0,38,10510.0,100,10515.0,62,10520.0,112,10525.0,83,10500.0
si2409,,13:39:49.572#,10535.0,10580.0,10445.0,11355.0,9875.0,97087,232224.0,0.0,0,0.0,0,0.0,0,0.0,0,10500.0,56,10505.0,39,0.0,0,0.0,0,0.0,0,0.0,0,10500.0
si2409,,13:39:49.572#,10535.0,10580.0,10445.0,0.0,0.0,97087,232224.0,10480.0,86,10485.0,96,10490.0,91,10495.0,119,10500.0,56,10505.0,39,10510.0,100,10515.0,62,10520.0,112,10525.0,83,10500.0
si2409,,13:39:50.18#,10535.0,10580.0,10445.0,0.0,0.0,97088,232225.0,10480.0,86,10485.0,96,10490.0,91,10495.0,119,10500.0,57,10505.0,39,10510.0,100,10515.0,62,10520.0,112,10525.0,83,10505.0
si2409,,13:39:50.76#,10535.0,10580.0,10445.0,11355.0,9875.0,97088,232225.0,0.0,0,0.0,0,0.0,0,0.0,0,10500.0,57,10505.0,39,0.0,0,0.0,0,0.0,0,0.0,0,10505.0
si2409,,13:39:50.288#,10535.0,10580.0,10445.0,0.0,0.0,97088,232225.0,10480.0,86,10485.0,96,10490.0,91,10495.0,119,10500.0,57,10505.0,39,10510.0,100,10515.0,62,10520.0,112,10525.0,83,10505.0
si2409,,13:39:50.539#,10535.0,10580.0,10445.0,0.0,0.0,97097,232228.0,10480.0,86,10485.0,96,10490.0,91,10495.0,124,10500.0,58,10505.0,30,10510.0,100,10515.0,62,10520.0,112,10525.0,83,10505.0
si2409,,13:39:50.571#,10535.0,10580.0,10445.0,11355.0,9875.0,97097,232228.0,0.0,0,0.0,0,0.0,0,0.0,0,10500.0,58,10505.0,25,0.0,0,0.0,0,0.0,0,0.0,0,10505.0
si2409,,13:39:50.656#,10535.0,10580.0,10445.0,0.0,0.0,97097,232228.0,10480.0,86,10485.0,96,10490.0,91,10495.0,124,10500.0,58,10505.0,25,10510.0,99,10515.0,62,10520.0,112,10525.0,82,10505.0
si2409,,13:39:51.93#,10535.0,10580.0,10445.0,11355.0,9875.0,97097,232228.0,0.0,0,0.0,0,0.0,0,0.0,0,10500.0,58,10505.0,26,0.0,0,0.0,0,0.0,0,0.0,0,10505.0
si2409,,13:39:51.298#,10535.0,10580.0,10445.0,0.0,0.0,97097,232228.0,10480.0,86,10485.0,96,10490.0,92,10495.0,124,10500.0,58,10505.0,26,10510.0,100,10515.0,62,10520.0,112,10525.0,82,10505.0
si2409,,13:39:51.481#,10535.0,10580.0,10445.0,0.0,0.0,97098,232229.0,10480.0,86,10485.0,96,10490.0,92,10495.0,124,10500.0,58,10505.0,26,10510.0,100,10515.0,62,10520.0,112,10525.0,82,10500.0
si2409,,13:39:51.481#,10535.0,10580.0,10445.0,11355.0,9875.0,97098,232229.0,0.0,0,0.0,0,0.0,0,0.0,0,10500.0,58,10505.0,26,0.0,0,0.0,0,0.0,0,0.0,0,10500.0
si2409,,13:39:51.791#,10535.0,10580.0,10445.0,0.0,0.0,97107,232227.0,10480.0,86,10485.0,96,10490.0,92,10495.0,124,10500.0,49,10505.0,26,10510.0,100,10515.0,62,10520.0,112,10525.0,82,10500.0
si2409,,13:39:51.835#,10535.0,10580.0,10445.0,0.0,0.0,97116,232235.0,10480.0,86,10485.0,96,10490.0,92,10495.0,124,10500.0,42,10505.0,29,10510.0,100,10515.0,62,10520.0,112,10525.0,82,10500.0
si2409,,13:39:52.71#,10535.0,10580.0,10445.0,11355.0,9875.0,97116,232235.0,0.0,0,0.0,0,0.0,0,0.0,0,10500.0,45,10505.0,40,0.0,0,0.0,0,0.0,0,0.0,0,10500.0
si2409,,13:39:52.139#,10535.0,10580.0,10445.0,0.0,0.0,97116,232235.0,10480.0,86,10485.0,96,10490.0,92,10495.0,124,10500.0,44,10505.0,40,10510.0,105,10515.0,62,10520.0,112,10525.0,82,10500.0
si2409,,13:39:52.548#,10535.0,10580.0,10445.0,0.0,0.0,97116,232235.0,10480.0,86,10485.0,96,10490.0,92,10495.0,124,10500.0,47,10505.0,49,10510.0,105,10515.0,63,10520.0,112,10525.0,82,10500.0
si2409,,13:39:52.586#,10535.0,10580.0,10445.0,11355.0,9875.0,97116,232235.0,0.0,0,0.0,0,0.0,0,0.0,0,10500.0,47,10505.0,50,0.0,0,0.0,0,0.0,0,0.0,0,10500.0
si2409,,13:39:52.687#,10535.0,10580.0,10445.0,0.0,0.0,97116,232235.0,10480.0,111,10485.0,71,10490.0,92,10495.0,119,10500.0,47,10505.0,50,10510.0,105,10515.0,63,10520.0,137,10525.0,57,10500.0
si2409,,13:39:52.821#,10535.0,10580.0,10445.0,0.0,0.0,97116,232235.0,10480.0,106,10485.0,76,10490.0,92,10495.0,119,10500.0,47,10505.0,50,10510.0,105,10515.0,63,10520.0,132,10525.0,62,10500.0
si2409,,13:39:53.72#,10535.0,10580.0,10445.0,11355.0,9875.0,97116,232235.0,0.0,0,0.0,0,0.0,0,0.0,0,10500.0,49,10505.0,50,0.0,0,0.0,0,0.0,0,0.0,0,10500.0
si2409,,13:39:53.72#,10535.0,10580.0,10445.0,0.0,0.0,97116,232235.0,10480.0,106,10485.0,76,10490.0,92,10495.0,119,10500.0,49,10505.0,50,10510.0,105,10515.0,63,10520.0,132,10525.0,62,10500.0
si2409,,13:39:53.512#,10535.0,10580.0,10445.0,0.0,0.0,97116,232235.0,10480.0,106,10485.0,76,10490.0,92,10495.0,124,10500.0,57,10505.0,50,10510.0,105,10515.0,63,10520.0,132,10525.0,62,10500.0
si2409,,13:39:53.577#,10535.0,10580.0,10445.0,11355.0,9875.0,97116,232235.0,0.0,0,0.0,0,0.0,0,0.0,0,10500.0,60,10505.0,50,0.0,0,0.0,0,0.0,0,0.0,0,10500.0
si2409,,13:39:53.812#,10535.0,10580.0,10445.0,0.0,0.0,97116,232235.0,10480.0,81,10485.0,101,10490.0,92,10495.0,124,10500.0,60,10505.0,49,10510.0,105,10515.0,63,10520.0,107,10525.0,87,10500.0
si2409,,13:39:54.30#,10535.0,10580.0,10445.0,0.0,0.0,97116,232235.0,10480.0,86,10485.0,96,10490.0,92,10495.0,124,10500.0,60,10505.0,51,10510.0,105,10515.0,63,10520.0,112,10525.0,82,10500.0
si2409,,13:39:54.101#,10535.0,10580.0,10445.0,11355.0,9875.0,97116,232235.0,0.0,0,0.0,0,0.0,0,0.0,0,10500.0,60,10505.0,50,0.0,0,0.0,0,0.0,0,0.0,0,10500.0
si2409,,13:39:54.204#,10535.0,10580.0,10445.0,0.0,0.0,97116,232235.0,10480.0,86,10485.0,96,10490.0,92,10495.0,124,10500.0,61,10505.0,50,10510.0,105,10515.0,63,10520.0,112,10525.0,82,10500.0
si2409,,13:39:54.554#,10535.0,10580.0,10445.0,0.0,0.0,97116,232235.0,10480.0,86,10485.0,96,10490.0,92,10495.0,124,10500.0,61,10505.0,50,10510.0,100,10515.0,63,10520.0,112,10525.0,82,10500.0
si2409,,13:39:54.554#,10535.0,10580.0,10445.0,11355.0,9875.0,97116,232235.0,0.0,0,0.0,0,0.0,0,0.0,0,10500.0,61,10505.0,50,0.0,0,0.0,0,0.0,0,0.0,0,10500.0
si2409,,13:39:54.742#,10535.0,10580.0,10445.0,0.0,0.0,97116,232235.0,10480.0,86,10485.0,96,10490.0,92,10495.0,124,10500.0,61,10505.0,50,10510.0,100,10515.0,63,10520.0,112,10525.0,82,10500.0
si2409,,13:39:54.870#,10535.0,10580.0,10445.0,0.0,0.0,97116,232235.0,10480.0,86,10485.0,96,10490.0,92,10495.0,124,10500.0,61,10505.0,51,10510.0,104,10515.0,63,10520.0,112,10525.0,82,10500.0
si2409,,13:39:54.870#,10535.0,10580.0,10445.0,11355.0,9875.0,97116,232235.0,0.0,0,0.0,0,0.0,0,0.0,0,10500.0,61,10505.0,51,0.0,0,0.0,0,0.0,0,0.0,0,10500.0
si2409,,13:39:55.521#,10535.0,10580.0,10445.0,0.0,0.0,97116,232235.0,10480.0,87,10485.0,96,10490.0,92,10495.0,124,10500.0,61,10505.0,51,10510.0,104,10515.0,63,10520.0,112,10525.0,82,10500.0
si2409,,13:39:55.791#,10535.0,10580.0,10445.0,0.0,0.0,97116,232235.0,10480.0,87,10485.0,96,10490.0,92,10495.0,124,10500.0,61,10505.0,51,10510.0,104,10515.0,63,10520.0,112,10525.0,82,10500.0
si2409,,13:39:56.48#,10535.0,10580.0,10445.0,0.0,0.0,97117,232236.0,10480.0,88,10485.0,96,10490.0,92,10495.0,124,10500.0,60,10505.0,55,10510.0,104,10515.0,63,10520.0,112,10525.0,82,10500.0
si2409,,13:39:56.48#,10535.0,10580.0,10445.0,11355.0,9875.0,97117,232236.0,0.0,0,0.0,0,0.0,0,0.0,0,10500.0,60,10505.0,55,0.0,0,0.0,0,0.0,0,0.0,0,10500.0
si2409,,13:39:56.220#,10535.0,10580.0,10445.0,0.0,0.0,97117,232236.0,10480.0,88,10485.0,96,10490.0,92,10495.0,124,10500.0,60,10505.0,55,10510.0,104,10515.0,63,10520.0,110,10525.0,83,10500.0
si2409,,13:39:56.453#,10535.0,10580.0,10445.0,0.0,0.0,97117,232236.0,10480.0,88,10485.0,96,10490.0,92,10495.0,124,10500.0,62,10505.0,55,10510.0,104,10515.0,63,10520.0,110,10525.0,83,10500.0
si2409,,13:39:56.600#,10535.0,10580.0,10445.0,11355.0,9875.0,97117,232236.0,0.0,0,0.0,0,0.0,0,0.0,0,10500.0,62,10505.0,55,0.0,0,0.0,0,0.0,0,0.0,0,10500.0
si2409,,13:39:56.813#,10535.0,10580.0,10445.0,0.0,0.0,97117,232236.0,10480.0,88,10485.0,91,10490.0,92,10495.0,124,10500.0,62,10505.0,55,10510.0,104,10515.0,63,10520.0,110,10525.0,78,10500.0
si2409,,13:39:57.4#,10535.0,10580.0,10445.0,0.0,0.0,97117,232236.0,10480.0,88,10485.0,96,10490.0,92,10495.0,123,10500.0,62,10505.0,55,10510.0,104,10515.0,63,10520.0,110,10525.0,83,10500.0
si2409,,13:39:57.265#,10535.0,10580.0,10445.0,0.0,0.0,97118,232235.0,10480.0,88,10485.0,96,10490.0,92,10495.0,123,10500.0,62,10505.0,54,10510.0,104,10515.0,63,10520.0,110,10525.0,83,10505.0
si2409,,13:39:57.440#,10535.0,10580.0,10445.0,0.0,0.0,97119,232235.0,10480.0,88,10485.0,96,10490.0,92,10495.0,123,10500.0,63,10505.0,55,10510.0,101,10515.0,63,10520.0,110,10525.0,83,10505.0
si2409,,13:39:57.594#,10535.0,10580.0,10445.0,11355.0,9875.0,97119,232235.0,0.0,0,0.0,0,0.0,0,0.0,0,10500.0,64,10505.0,55,0.0,0,0.0,0,0.0,0,0.0,0,10505.0
si2409,,13:39:57.594#,10535.0,10580.0,10445.0,0.0,0.0,97119,232235.0,10480.0,88,10485.0,96,10490.0,92,10495.0,123,10500.0,64,10505.0,55,10510.0,101,10515.0,63,10520.0,110,10525.0,83,10505.0
si2409,,13:39:57.891#,10535.0,10580.0,10445.0,0.0,0.0,97128,232232.0,10480.0,88,10485.0,96,10490.0,92,10495.0,123,10500.0,65,10505.0,46,10510.0,101,10515.0,63,10520.0,110,10525.0,83,10505.0
si2409,,13:39:58.71#,10535.0,10580.0,10445.0,11355.0,9875.0,97128,232232.0,0.0,0,0.0,0,0.0,0,0.0,0,10500.0,68,10505.0,32,0.0,0,0.0,0,0.0,0,0.0,0,10505.0
si2409,,13:39:58.310#,10535.0,10580.0,10445.0,0.0,0.0,97132,232232.0,10480.0,88,10485.0,96,10490.0,92,10495.0,123,10500.0,64,10505.0,26,10510.0,99,10515.0,63,10520.0,110,10525.0,83,10500.0
si2409,,13:39:58.460#,10535.0,10580.0,10445.0,0.0,0.0,97132,232232.0,10480.0,88,10485.0,96,10490.0,92,10495.0,124,10500.0,66,10505.0,19,10510.0,94,10515.0,63,10520.0,110,10525.0,83,10500.0
si2409,,13:39:58.616#,10535.0,10580.0,10445.0,11355.0,9875.0,97132,232232.0,0.0,0,0.0,0,0.0,0,0.0,0,10500.0,68,10505.0,17,0.0,0,0.0,0,0.0,0,0.0,0,10500.0
si2409,,13:39:58.803#,10535.0,10580.0,10445.0,0.0,0.0,97132,232232.0,10480.0,88,10485.0,96,10490.0,92,10495.0,123,10500.0,68,10505.0,18,10510.0,187,10515.0,63,10520.0,110,10525.0,83,10500.0
si2409,,13:39:58.942#,10535.0,10580.0,10445.0,0.0,0.0,97141,232237.0,10480.0,83,10485.0,101,10490.0,92,10495.0,124,10500.0,57,10505.0,42,10510.0,187,10515.0,63,10520.0,105,10525.0,88,10500.0
si2409,,13:39:59.103#,10535.0,10580.0,10445.0,11355.0,9875.0,97142,232237.0,0.0,0,0.0,0,0.0,0,0.0,0,10500.0,52,10505.0,72,0.0,0,0.0,0,0.0,0,0.0,0,10500.0
si2409,,13:39:59.215#,10535.0,10580.0,10445.0,0.0,0.0,97142,232237.0,10480.0,108,10485.0,76,10490.0,92,10495.0,124,10500.0,46,10505.0,81,10510.0,99,10515.0,63,10520.0,130,10525.0,63,10500.0
si2409,,13:39:59.533#,10535.0,10580.0,10445.0,0.0,0.0,97142,232237.0,10480.0,113,10485.0,71,10490.0,92,10495.0,119,10500.0,41,10505.0,81,10510.0,99,10515.0,63,10520.0,135,10525.0,58,10500.0
si2409,,13:39:59.571#,10535.0,10580.0,10445.0,11355.0,9875.0,97143,232238.0,0.0,0,0.0,0,0.0,0,0.0,0,10500.0,41,10505.0,80,0.0,0,0.0,0,0.0,0,0.0,0,10505.0
si2409,,13:39:59.819#,10535.0,10580.0,10445.0,0.0,0.0,97152,232237.0,10480.0,113,10485.0,76,10490.0,87,10495.0,119,10500.0,40,10505.0,70,10510.0,99,10515.0,63,10520.0,135,10525.0,58,10505.0
si2409,,13:40:00.9#,10535.0,10580.0,10445.0,0.0,0.0,97161,232243.0,10480.0,112,10485.0,71,10490.0,92,10495.0,119,10500.0,40,10505.0,57,10510.0,99,10515.0,63,10520.0,134,10525.0,58,10505.0
si2409,,13:40:00.79#,10535.0,10580.0,10445.0,11355.0,9875.0,97161,232243.0,0.0,0,0.0,0,0.0,0,0.0,0,10500.0,41,10505.0,46,0.0,0,0.0,0,0.0,0,0.0,0,10505.0
si2409,,13:40:00.241#,10535.0,10580.0,10445.0,0.0,0.0,97161,232243.0,10480.0,112,10485.0,71,10490.0,92,10495.0,119,10500.0,41,10505.0,42,10510.0,99,10515.0,63,10520.0,134,10525.0,58,10505.0
si2409,,13:40:00.458#,10535.0,10580.0,10445.0,0.0,0.0,97161,232243.0,10480.0,112,10485.0,71,10490.0,92,10495.0,119,10500.0,57,10505.0,42,10510.0,99,10515.0,63,10520.0,134,10525.0,58,10505.0
si2409,,13:40:00.598#,10535.0,10580.0,10445.0,11355.0,9875.0,97161,232243.0,0.0,0,0.0,0,0.0,0,0.0,0,10500.0,63,10505.0,39,0.0,0,0.0,0,0.0,0,0.0,0,10505.0
si2409,,13:40:00.741#,10535.0,10580.0,10445.0,0.0,0.0,97162,232242.0,10480.0,82,10485.0,101,10490.0,92,10495.0,119,10500.0,64,10505.0,38,10510.0,109,10515.0,63,10520.0,104,10525.0,88,10500.0
si2409,,13:40:00.822#,10535.0,10580.0,10445.0,0.0,0.0,97162,232242.0,10480.0,87,10485.0,96,10490.0,92,10495.0,119,10500.0,64,10505.0,33,10510.0,109,10515.0,63,10520.0,109,10525.0,83,10500.0
si2409,,13:40:01.71#,10535.0,10580.0,10445.0,11355.0,9875.0,97162,232242.0,0.0,0,0.0,0,0.0,0,0.0,0,10500.0,64,10505.0,33,0.0,0,0.0,0,0.0,0,0.0,0,10500.0
si2409,,13:40:01.305#,10535.0,10580.0,10445.0,0.0,0.0,97171,232235.0,10480.0,95,10485.0,96,10490.0,92,10495.0,119,10500.0,55,10505.0,33,10510.0,105,10515.0,63,10520.0,109,10525.0,83,10500.0
si2409,,13:40:01.392#,10535.0,10580.0,10445.0,0.0,0.0,97180,232244.0,10480.0,95,10485.0,96,10490.0,92,10495.0,119,10500.0,46,10505.0,37,10510.0,110,10515.0,63,10520.0,109,10525.0,83,10500.0
si2409,,13:40:01.580#,10535.0,10580.0,10445.0,11355.0,9875.0,97180,232244.0,0.0,0,0.0,0,0.0,0,0.0,0,10500.0,45,10505.0,43,0.0,0,0.0,0,0.0,0,0.0,0,10500.0
si2409,,13:40:01.775#,10535.0,10580.0,10445.0,0.0,0.0,97180,232244.0,10480.0,95,10485.0,96,10490.0,92,10495.0,119,10500.0,37,10505.0,47,10510.0,110,10515.0,63,10520.0,109,10525.0,83,10500.0
si2409,,13:40:01.889#,10535.0,10580.0,10445.0,0.0,0.0,97180,232244.0,10480.0,100,10485.0,91,10490.0,92,10495.0,114,10500.0,37,10505.0,54,10510.0,109,10515.0,63,10520.0,114,10525.0,78,10500.0
si2409,,13:40:02.73#,10535.0,10580.0,10445.0,11355.0,9875.0,97180,232244.0,0.0,0,0.0,0,0.0,0,0.0,0,10500.0,30,10505.0,54,0.0,0,0.0,0,0.0,0,0.0,0,10500.0
si2409,,13:40:02.260#,10535.0,10580.0,10445.0,0.0,0.0,97181,232245.0,10480.0,120,10485.0,71,10490.0,93,10495.0,114,10500.0,29,10505.0,54,10510.0,109,10515.0,63,10520.0,134,10525.0,58,10500.0
si2409,,13:40:02.569#,10535.0,10580.0,10445.0,0.0,0.0,97182,232245.0,10480.0,120,10485.0,71,10490.0,93,10495.0,114,10500.0,24,10505.0,54,10510.0,109,10515.0,63,10520.0,134,10525.0,58,10500.0
si2409,,13:40:02.569#,10535.0,10580.0,10445.0,11355.0,9875.0,97182,232245.0,0.0,0,0.0,0,0.0,0,0.0,0,10500.0,24,10505.0,54,0.0,0,0.0,0,0.0,0,0.0,0,10500.0
si2409,,13:40:02.655#,10535.0,10580.0,10445.0,0.0,0.0,97182,232245.0,10480.0,120,10485.0,71,10490.0,93,10495.0,114,10500.0,24,10505.0,54,10510.0,109,10515.0,63,10520.0,134,10525.0,58,10500.0
si2409,,13:40:03.57#,10535.0,10580.0,10445.0,0.0,0.0,97183,232245.0,10480.0,120,10485.0,71,10490.0,93,10495.0,117,10500.0,28,10505.0,53,10510.0,109,10515.0,63,10520.0,134,10525.0,58,10505.0
si2409,,13:40:03.119#,10535.0,10580.0,10445.0,11355.0,9875.0,97183,232245.0,0.0,0,0.0,0,0.0,0,0.0,0,10500.0,29,10505.0,51,0.0,0,0.0,0,0.0,0,0.0,0,10505.0
si2409,,13:40:03.281#,10535.0,10580.0,10445.0,0.0,0.0,97183,232245.0,10480.0,120,10485.0,71,10490.0,93,10495.0,118,10500.0,29,10505.0,56,10510.0,110,10515.0,63,10520.0,134,10525.0,58,10505.0
si2409,,13:40:03.533#,10535.0,10580.0,10445.0,0.0,0.0,97201,232246.0,10480.0,120,10485.0,71,10490.0,93,10495.0,117,10500.0,36,10505.0,38,10510.0,110,10515.0,63,10520.0,134,10525.0,58,10505.0
si2409,,13:40:03.575#,10535.0,10580.0,10445.0,11355.0,9875.0,97201,232246.0,0.0,0,0.0,0,0.0,0,0.0,0,10500.0,55,10505.0,26,0.0,0,0.0,0,0.0,0,0.0,0,10505.0
si2409,,13:40:03.699#,10535.0,10580.0,10445.0,0.0,0.0,97201,232246.0,10480.0,95,10485.0,96,10490.0,93,10495.0,122,10500.0,57,10505.0,18,10510.0,108,10515.0,63,10520.0,109,10525.0,83,10505.0
si2409,,13:40:03.952#,10535.0,10580.0,10445.0,0.0,0.0,97201,232246.0,10480.0,95,10485.0,96,10490.0,93,10495.0,122,10500.0,63,10505.0,13,10510.0,102,10515.0,63,10520.0,109,10525.0,83,10505.0
si2409,,13:40:04.113#,10535.0,10580.0,10445.0,11355.0,9875.0,97201,232246.0,0.0,0,0.0,0,0.0,0,0.0,0,10500.0,63,10505.0,14,0.0,0,0.0,0,0.0,0,0.0,0,10505.0
si2409,,13:40:04.199#,10535.0,10580.0,10445.0,0.0,0.0,97201,232246.0,10480.0,90,10485.0,96,10490.0,98,10495.0,122,10500.0,64,10505.0,22,10510.0,102,10515.0,63,10520.0,104,10525.0,83,10505.0
si2409,,13:40:04.337#,10535.0,10580.0,10445.0,0.0,0.0,97202,232247.0,10480.0,95,10485.0,96,10490.0,93,10495.0,122,10500.0,64,10505.0,21,10510.0,103,10515.0,63,10520.0,109,10525.0,83,10505.0
si2409,,13:40:04.337#,10535.0,10580.0,10445.0,11355.0,9875.0,97202,232247.0,0.0,0,0.0,0,0.0,0,0.0,0,10500.0,64,10505.0,21,0.0,0,0.0,0,0.0,0,0.0,0,10505.0
si2409,,13:40:04.750#,10535.0,10580.0,10445.0,0.0,0.0,97202,232247.0,10480.0,95,10485.0,96,10490.0,93,10495.0,122,10500.0,64,10505.0,21,10510.0,103,10515.0,63,10520.0,109,10525.0,83,10505.0
si2409,,13:40:05.27#,10535.0,10580.0,10445.0,0.0,0.0,97202,232247.0,10480.0,95,10485.0,96,10490.0,93,10495.0,122,10500.0,64,10505.0,21,10510.0,103,10515.0,63,10520.0,109,10525.0,83,10505.0
si2409,,13:40:05.268#,10535.0,10580.0,10445.0,0.0,0.0,97202,232247.0,10480.0,95,10485.0,96,10490.0,93,10495.0,122,10500.0,66,10505.0,21,10510.0,103,10515.0,63,10520.0,109,10525.0,83,10505.0
si2409,,13:40:05.336#,10535.0,10580.0,10445.0,0.0,0.0,97204,232248.0,10480.0,95,10485.0,96,10490.0,93,10495.0,122,10500.0,64,10505.0,21,10510.0,103,10515.0,63,10520.0,109,10525.0,83,10500.0
si2409,,13:40:05.336#,10535.0,10580.0,10445.0,11355.0,9875.0,97204,232248.0,0.0,0,0.0,0,0.0,0,0.0,0,10500.0,64,10505.0,21,0.0,0,0.0,0,0.0,0,0.0,0,10500.0
si2409,,13:40:05.805#,10535.0,10580.0,10445.0,0.0,0.0,97211,232250.0,10480.0,95,10485.0,96,10490.0,93,10495.0,122,10500.0,64,10505.0,15,10510.0,103,10515.0,63,10520.0,109,10525.0,83,10505.0
si2409,,13:40:05.908#,10535.0,10580.0,10445.0,0.0,0.0,97221,232249.0,10480.0,90,10485.0,96,10490.0,98,10495.0,122,10500.0,55,10505.0,7,10510.0,103,10515.0,63,10520.0,104,10525.0,83,10500.0
si2409,,13:40:06.101#,10535.0,10580.0,10445.0,11355.0,9875.0,97221,232249.0,0.0,0,0.0,0,0.0,0,0.0,0,10500.0,60,10505.0,19,0.0,0,0.0,0,0.0,0,0.0,0,10500.0
si2409,,13:40:06.183#,10535.0,10580.0,10445.0,0.0,0.0,97221,232249.0,10480.0,95,10485.0,96,10490.0,93,10495.0,122,10500.0,60,10505.0,21,10510.0,103,10515.0,63,10520.0,109,10525.0,83,10500.0
si2409,,13:40:06.512#,10535.0,10580.0,10445.0,0.0,0.0,97221,232249.0,10480.0,95,10485.0,96,10490.0,93,10495.0,122,10500.0,55,10505.0,23,10510.0,103,10515.0,63,10520.0,109,10525.0,83,10500.0
si2409,,13:40:06.512#,10535.0,10580.0,10445.0,11355.0,9875.0,97221,232249.0,0.0,0,0.0,0,0.0,0,0.0,0,10500.0,55,10505.0,23,0.0,0,0.0,0,0.0,0,0.0,0,10500.0
si2409,,13:40:06.730#,10535.0,10580.0,10445.0,0.0,0.0,97221,232249.0,10480.0,95,10485.0,96,10490.0,93,10495.0,122,10500.0,55,10505.0,23,10510.0,103,10515.0,63,10520.0,109,10525.0,83,10500.0
si2409,,13:40:06.851#,10535.0,10580.0,10445.0,0.0,0.0,97221,232249.0,10480.0,95,10485.0,96,10490.0,93,10495.0,122,10500.0,55,10505.0,23,10510.0,103,10515.0,63,10520.0,109,10525.0,83,10500.0
si2409,,13:40:07.451#,10535.0,10580.0,10445.0,0.0,0.0,97221,232249.0,10480.0,95,10485.0,96,10490.0,93,10495.0,122,10500.0,55,10505.0,23,10510.0,103,10515.0,63,10520.0,109,10525.0,83,10500.0
si2409,,13:40:07.572#,10535.0,10580.0,10445.0,11355.0,9875.0,97221,232249.0,0.0,0,0.0,0,0.0,0,0.0,0,10500.0,56,10505.0,23,0.0,0,0.0,0,0.0,0,0.0,0,10500.0
si2409,,13:40:07.727#,10535.0,10580.0,10445.0,0.0,0.0,97221,232249.0,10480.0,95,10485.0,96,10490.0,93,10495.0,121,10500.0,56,10505.0,23,10510.0,103,10515.0,63,10520.0,109,10525.0,83,10500.0
si2409,,13:40:08.55#,10535.0,10580.0,10445.0,0.0,0.0,97222,232249.0,10480.0,95,10485.0,96,10490.0,93,10495.0,121,10500.0,55,10505.0,23,10510.0,103,10515.0,63,10520.0,109,10525.0,83,10500.0
si2409,,13:40:08.85#,10535.0,10580.0,10445.0,11355.0,9875.0,97222,232249.0,0.0,0,0.0,0,0.0,0,0.0,0,10500.0,55,10505.0,23,0.0,0,0.0,0,0.0,0,0.0,0,10500.0
si2409,,13:40:08.171#,10535.0,10580.0,10445.0,0.0,0.0,97222,232249.0,10480.0,95,10485.0,96,10490.0,93,10495.0,121,10500.0,55,10505.0,33,10510.0,103,10515.0,63,10520.0,109,10525.0,83,10500.0
si2409,,13:40:08.321#,10535.0,10580.0,10445.0,0.0,0.0,97222,232249.0,10480.0,95,10485.0,96,10490.0,93,10495.0,121,10500.0,54,10505.0,37,10510.0,108,10515.0,63,10520.0,109,10525.0,83,10500.0
si2409,,13:40:08.595#,10535.0,10580.0,10445.0,11355.0,9875.0,97223,232248.0,0.0,0,0.0,0,0.0,0,0.0,0,10500.0,53,10505.0,43,0.0,0,0.0,0,0.0,0,0.0,0,10505.0
si2409,,13:40:08.704#,10535.0,10580.0,10445.0,0.0,0.0,97223,232248.0,10480.0,95,10485.0,96,10490.0,93,10495.0,121,10500.0,50,10505.0,46,10510.0,108,10515.0,63,10520.0,109,10525.0,83,10505.0
si2409,,13:40:08.951#,10535.0,10580.0,10445.0,0.0,0.0,97232,232250.0,10480.0,95,10485.0,96,10490.0,93,10495.0,116,10500.0,50,10505.0,42,10510.0,108,10515.0,63,10520.0,109,10525.0,83,10505.0
si2409,,13:40:08.951#,10535.0,10580.0,10445.0,11355.0,9875.0,97232,232250.0,0.0,0,0.0,0,0.0,0,0.0,0,10500.0,50,10505.0,42,0.0,0,0.0,0,0.0,0,0.0,0,10505.0
si2409,,13:40:09.457#,10535.0,10580.0,10445.0,0.0,0.0,97232,232250.0,10480.0,95,10485.0,96,10490.0,93,10495.0,116,10500.0,50,10505.0,45,10510.0,108,10515.0,63,10520.0,109,10525.0,83,10505.0
si2409,,13:40:09.457#,10535.0,10580.0,10445.0,11355.0,9875.0,97232,232250.0,0.0,0,0.0,0,0.0,0,0.0,0,10500.0,50,10505.0,45,0.0,0,0.0,0,0.0,0,0.0,0,10505.0
si2409,,13:40:10.1#,10535.0,10580.0,10445.0,0.0,0.0,97234,232250.0,10480.0,94,10485.0,96,10490.0,93,10495.0,116,10500.0,48,10505.0,45,10510.0,108,10515.0,63,10520.0,109,10525.0,83,10500.0
si2409,,13:40:10.1#,10535.0,10580.0,10445.0,11355.0,9875.0,97234,232250.0,0.0,0,0.0,0,0.0,0,0.0,0,10500.0,48,10505.0,45,0.0,0,0.0,0,0.0,0,0.0,0,10500.0
si2409,,13:40:10.280#,10535.0,10580.0,10445.0,0.0,0.0,97234,232250.0,10480.0,94,10485.0,96,10490.0,93,10495.0,116,10500.0,51,10505.0,45,10510.0,107,10515.0,64,10520.0,109,10525.0,83,10500.0
si2409,,13:40:10.366#,10535.0,10580.0,10445.0,0.0,0.0,97243,232248.0,10480.0,94,10485.0,96,10490.0,93,10495.0,121,10500.0,42,10505.0,45,10510.0,107,10515.0,64,10520.0,109,10525.0,83,10500.0
si2409,,13:40:10.576#,10535.0,10580.0,10445.0,11355.0,9875.0,97243,232248.0,0.0,0,0.0,0,0.0,0,0.0,0,10500.0,42,10505.0,45,0.0,0,0.0,0,0.0,0,0.0,0,10500.0
si2409,,13:40:10.707#,10535.0,10580.0,10445.0,0.0,0.0,97243,232248.0,10480.0,124,10485.0,66,10490.0,93,10495.0,116,10500.0,42,10505.0,45,10510.0,107,10515.0,64,10520.0,139,10525.0,53,10500.0
si2409,,13:40:10.927#,10535.0,10580.0,10445.0,0.0,0.0,97243,232248.0,10480.0,118,10485.0,71,10490.0,94,10495.0,116,10500.0,43,10505.0,48,10510.0,107,10515.0,54,10520.0,134,10525.0,58,10500.0
si2409,,13:40:11.117#,10535.0,10580.0,10445.0,11355.0,9875.0,97244,232248.0,0.0,0,0.0,0,0.0,0,0.0,0,10500.0,43,10505.0,48,0.0,0,0.0,0,0.0,0,0.0,0,10505.0
si2409,,13:40:11.152#,10535.0,10580.0,10445.0,0.0,0.0,97244,232248.0,10480.0,118,10485.0,71,10490.0,94,10495.0,116,10500.0,43,10505.0,58,10510.0,107,10515.0,54,10520.0,134,10525.0,58,10505.0
si2409,,13:40:11.321#,10535.0,10580.0,10445.0,0.0,0.0,97244,232248.0,10480.0,118,10485.0,71,10490.0,94,10495.0,116,10500.0,39,10505.0,58,10510.0,107,10515.0,54,10520.0,134,10525.0,58,10505.0
si2409,,13:40:11.571#,10535.0,10580.0,10445.0,11355.0,9875.0,97244,232248.0,0.0,0,0.0,0,0.0,0,0.0,0,10500.0,34,10505.0,58,0.0,0,0.0,0,0.0,0,0.0,0,10505.0
si2409,,13:40:11.741#,10535.0,10580.0,10445.0,0.0,0.0,97244,232248.0,10480.0,118,10485.0,71,10490.0,94,10495.0,116,10500.0,34,10505.0,60,10510.0,107,10515.0,54,10520.0,134,10525.0,58,10505.0
si2409,,13:40:11.968#,10535.0,10580.0,10445.0,0.0,0.0,97245,232248.0,10480.0,118,10485.0,71,10490.0,94,10495.0,116,10500.0,30,10505.0,60,10510.0,107,10515.0,54,10520.0,134,10525.0,58,10505.0
si2409,,13:40:12.78#,10535.0,10580.0,10445.0,11355.0,9875.0,97245,232248.0,0.0,0,0.0,0,0.0,0,0.0,0,10500.0,30,10505.0,61,0.0,0,0.0,0,0.0,0,0.0,0,10505.0
si2409,,13:40:12.157#,10535.0,10580.0,10445.0,0.0,0.0,97245,232248.0,10480.0,118,10485.0,71,10490.0,94,10495.0,116,10500.0,30,10505.0,61,10510.0,107,10515.0,54,10520.0,134,10525.0,58,10505.0
si2409,,13:40:12.554#,10535.0,10580.0,10445.0,0.0,0.0,97247,232250.0,10480.0,118,10485.0,71,10490.0,94,10495.0,116,10500.0,28,10505.0,61,10510.0,107,10515.0,54,10520.0,134,10525.0,58,10500.0
si2409,,13:40:12.571#,10535.0,10580.0,10445.0,11355.0,9875.0,97247,232250.0,0.0,0,0.0,0,0.0,0,0.0,0,10500.0,30,10505.0,61,0.0,0,0.0,0,0.0,0,0.0,0,10500.0
si2409,,13:40:12.791#,10535.0,10580.0,10445.0,0.0,0.0,97248,232251.0,10480.0,118,10485.0,71,10490.0,94,10495.0,116,10500.0,29,10505.0,61,10510.0,107,10515.0,54,10520.0,134,10525.0,58,10500.0
si2409,,13:40:12.908#,10535.0,10580.0,10445.0,0.0,0.0,97248,232251.0,10480.0,118,10485.0,71,10490.0,94,10495.0,116,10500.0,29,10505.0,66,10510.0,107,10515.0,54,10520.0,134,10525.0,58,10500.0
si2409,,13:40:12.908#,10535.0,10580.0,10445.0,11355.0,9875.0,97248,232251.0,0.0,0,0.0,0,0.0,0,0.0,0,10500.0,29,10505.0,66,0.0,0,0.0,0,0.0,0,0.0,0,10500.0
si2409,,13:40:13.393#,10535.0,10580.0,10445.0,0.0,0.0,97248,232251.0,10480.0,118,10485.0,71,10490.0,94,10495.0,116,10500.0,29,10505.0,67,10510.0,107,10515.0,54,10520.0,134,10525.0,58,10500.0
si2409,,13:40:13.393#,10535.0,10580.0,10445.0,11355.0,9875.0,97248,232251.0,0.0,0,0.0,0,0.0,0,0.0,0,10500.0,29,10505.0,67,0.0,0,0.0,0,0.0,0,0.0,0,10500.0
si2409,,13:40:13.813#,10535.0,10580.0,10445.0,0.0,0.0,97248,232251.0,10480.0,113,10485.0,71,10490.0,94,10495.0,116,10500.0,29,10505.0,67,10510.0,107,10515.0,54,10520.0,129,10525.0,58,10500.0
si2409,,13:40:13.882#,10535.0,10580.0,10445.0,0.0,0.0,97248,232251.0,10480.0,118,10485.0,71,10490.0,94,10495.0,116,10500.0,29,10505.0,67,10510.0,107,10515.0,54,10520.0,134,10525.0,58,10500.0
si2409,,13:40:14.367#,10535.0,10580.0,10445.0,0.0,0.0,97248,232251.0,10480.0,118,10485.0,71,10490.0,94,10495.0,116,10500.0,29,10505.0,68,10510.0,107,10515.0,54,10520.0,134,10525.0,58,10500.0
si2409,,13:40:14.367#,10535.0,10580.0,10445.0,11355.0,9875.0,97248,232251.0,0.0,0,0.0,0,0.0,0,0.0,0,10500.0,29,10505.0,68,0.0,0,0.0,0,0.0,0,0.0,0,10500.0
si2409,,13:40:14.752#,10535.0,10580.0,10445.0,0.0,0.0,97250,232251.0,10480.0,118,10485.0,71,10490.0,94,10495.0,116,10500.0,27,10505.0,68,10510.0,107,10515.0,54,10520.0,134,10525.0,58,10500.0
si2409,,13:40:14.891#,10535.0,10580.0,10445.0,0.0,0.0,97250,232251.0,10480.0,118,10485.0,71,10490.0,94,10495.0,116,10500.0,27,10505.0,68,10510.0,107,10515.0,54,10520.0,134,10525.0,58,10500.0
si2409,,13:40:14.891#,10535.0,10580.0,10445.0,11355.0,9875.0,97250,232251.0,0.0,0,0.0,0,0.0,0,0.0,0,10500.0,27,10505.0,68,0.0,0,0.0,0,0.0,0,0.0,0,10500.0
si2409,,13:40:15.142#,10535.0,10580.0,10445.0,0.0,0.0,97250,232251.0,10480.0,118,10485.0,71,10490.0,94,10495.0,116,10500.0,27,10505.0,68,10510.0,107,10515.0,54,10520.0,134,10525.0,58,10500.0
