InstrumentId,ExchangeId,Datetime,OpenPrice,HighestPrice,LowestPrice,UpperLimitPrice,LowerLimitPrice,Volume,OpenInterest,BidPrice5,BidVolume5,BidPrice4,BidVolume4,BidPrice3,BidVolume3,BidPrice2,BidVolume2,BidPrice1,BidVolume1,AskPrice1,AskVolume1,AskPrice2,AskVolume2,AskPrice3,AskVolume3,AskPrice4,AskVolume4,AskPrice5,AskVolume5,LastPrice
si2408,,13:38:35.80#,10545.0,10545.0,10370.0,0.0,0.0,5232,15183,10370.0,3,10380.0,11,10390.0,2,10400.0,27,10405.0,48,10415.0,75,10440.0,3,10460.0,2,10465.0,34,10470.0,7,10410.0
si2408,,13:38:35.328#,10545.0,10545.0,10370.0,0.0,0.0,5232,15183,10370.0,3,10380.0,11,10390.0,2,10400.0,27,10405.0,48,10415.0,85,10440.0,3,10460.0,2,10465.0,34,10470.0,7,10410.0
si2408,,13:38:36.943#,10545.0,10545.0,10370.0,0.0,0.0,5232,15183,10370.0,3,10380.0,11,10390.0,2,10400.0,27,10405.0,48,10415.0,86,10440.0,3,10460.0,2,10465.0,34,10470.0,7,10410.0
si2408,,13:38:37.609#,10545.0,10545.0,10370.0,0.0,0.0,5232,15183,10370.0,3,10380.0,11,10390.0,2,10400.0,27,10405.0,48,10415.0,85,10440.0,3,10460.0,2,10465.0,34,10470.0,7,10410.0
si2408,,13:38:38.251#,10545.0,10545.0,10370.0,0.0,0.0,5232,15183,10370.0,3,10380.0,11,10390.0,2,10400.0,27,10405.0,49,10415.0,85,10440.0,3,10460.0,2,10465.0,34,10470.0,7,10410.0
si2408,,13:38:38.426#,10545.0,10545.0,10370.0,0.0,0.0,5232,15183,10370.0,3,10380.0,11,10390.0,2,10400.0,27,10405.0,49,10415.0,82,10440.0,3,10460.0,2,10465.0,34,10470.0,7,10410.0
si2408,,13:38:38.651#,10545.0,10545.0,10370.0,0.0,0.0,5232,15183,10370.0,3,10380.0,11,10390.0,2,10400.0,27,10405.0,49,10415.0,82,10440.0,3,10460.0,2,10465.0,34,10470.0,7,10410.0
si2408,,13:38:39.175#,10545.0,10545.0,10370.0,0.0,0.0,5232,15183,10370.0,3,10380.0,11,10390.0,2,10400.0,27,10405.0,49,10415.0,74,10440.0,3,10460.0,2,10465.0,34,10470.0,7,10410.0
si2408,,13:38:39.321#,10545.0,10545.0,10370.0,0.0,0.0,5232,15183,10370.0,3,10380.0,11,10390.0,2,10400.0,27,10405.0,52,10415.0,62,10440.0,3,10460.0,2,10465.0,34,10470.0,7,10410.0
si2408,,13:38:39.627#,10545.0,10545.0,10370.0,0.0,0.0,5232,15183,10370.0,3,10380.0,11,10390.0,2,10400.0,6,10405.0,55,10415.0,55,10440.0,3,10460.0,2,10465.0,34,10470.0,7,10410.0
si2408,,13:38:39.821#,10545.0,10545.0,10370.0,0.0,0.0,5232,15183,10370.0,3,10380.0,11,10390.0,2,10400.0,6,10405.0,55,10415.0,54,10440.0,3,10460.0,2,10465.0,34,10470.0,7,10410.0
si2408,,13:38:40.286#,10545.0,10545.0,10370.0,0.0,0.0,5232,15183,10370.0,3,10380.0,11,10390.0,2,10400.0,6,10405.0,54,10415.0,51,10440.0,3,10460.0,2,10465.0,34,10470.0,7,10410.0
si2408,,13:38:41.208#,10545.0,10545.0,10370.0,0.0,0.0,5232,15183,10370.0,3,10380.0,11,10390.0,2,10400.0,6,10405.0,58,10415.0,51,10440.0,3,10460.0,2,10465.0,34,10470.0,7,10410.0
si2408,,13:38:41.477#,10545.0,10545.0,10370.0,0.0,0.0,5232,15183,10370.0,3,10380.0,11,10390.0,2,10400.0,6,10405.0,58,10415.0,40,10440.0,3,10460.0,2,10465.0,34,10470.0,7,10410.0
si2408,,13:38:41.625#,10545.0,10545.0,10370.0,0.0,0.0,5232,15183,10370.0,3,10380.0,11,10390.0,2,10400.0,6,10405.0,58,10415.0,22,10440.0,3,10460.0,2,10465.0,34,10470.0,7,10410.0
si2408,,13:38:41.823#,10545.0,10545.0,10370.0,0.0,0.0,5232,15183,10370.0,3,10380.0,11,10390.0,2,10400.0,6,10405.0,63,10415.0,22,10440.0,3,10460.0,2,10465.0,34,10470.0,7,10410.0
si2408,,13:38:42.161#,10545.0,10545.0,10370.0,0.0,0.0,5232,15183,10370.0,3,10380.0,11,10390.0,2,10400.0,6,10405.0,66,10415.0,25,10440.0,3,10460.0,2,10465.0,34,10470.0,7,10410.0
si2408,,13:38:42.322#,10545.0,10545.0,10370.0,0.0,0.0,5232,15183,10370.0,3,10380.0,11,10390.0,2,10400.0,6,10405.0,66,10415.0,28,10440.0,3,10460.0,2,10465.0,34,10470.0,7,10410.0
si2408,,13:38:42.571#,10545.0,10545.0,10370.0,0.0,0.0,5232,15183,10370.0,3,10380.0,11,10390.0,2,10400.0,6,10405.0,63,10415.0,32,10440.0,3,10460.0,2,10465.0,34,10470.0,7,10410.0
si2408,,13:38:42.821#,10545.0,10545.0,10370.0,0.0,0.0,5232,15183,10370.0,3,10380.0,11,10390.0,2,10400.0,6,10405.0,63,10415.0,34,10440.0,3,10460.0,2,10465.0,34,10470.0,7,10410.0
si2408,,13:38:43.99#,10545.0,10545.0,10370.0,0.0,0.0,5232,15183,10370.0,3,10380.0,11,10390.0,2,10400.0,6,10405.0,64,10415.0,34,10440.0,3,10460.0,2,10465.0,34,10470.0,7,10410.0
si2408,,13:38:43.551#,10545.0,10545.0,10370.0,0.0,0.0,5232,15183,10370.0,3,10380.0,11,10390.0,2,10400.0,6,10405.0,64,10415.0,29,10440.0,3,10460.0,2,10465.0,34,10470.0,7,10410.0
si2408,,13:38:43.597#,10545.0,10545.0,10370.0,0.0,0.0,5232,15183,10370.0,3,10380.0,11,10390.0,2,10400.0,6,10405.0,64,10415.0,30,10440.0,3,10460.0,2,10465.0,34,10470.0,7,10410.0
si2408,,13:38:44.303#,10545.0,10545.0,10370.0,0.0,0.0,5232,15183,10370.0,3,10380.0,11,10390.0,2,10400.0,6,10405.0,64,10415.0,29,10440.0,3,10460.0,2,10465.0,34,10470.0,7,10410.0
si2408,,13:38:44.321#,10545.0,10545.0,10370.0,0.0,0.0,5232,15183,10370.0,3,10380.0,11,10390.0,2,10400.0,6,10405.0,64,10415.0,28,10440.0,3,10460.0,2,10465.0,34,10470.0,7,10410.0
si2408,,13:38:45.208#,10545.0,10545.0,10370.0,0.0,0.0,5232,15183,10370.0,3,10380.0,11,10390.0,2,10400.0,6,10405.0,64,10415.0,27,10440.0,3,10460.0,2,10465.0,34,10470.0,7,10410.0
si2408,,13:38:45.756#,10545.0,10545.0,10370.0,0.0,0.0,5232,15183,10370.0,3,10380.0,11,10390.0,2,10400.0,6,10405.0,65,10415.0,30,10440.0,3,10460.0,2,10465.0,34,10470.0,7,10410.0
si2408,,13:38:46.71#,10545.0,10545.0,10370.0,0.0,0.0,5232,15183,10370.0,3,10380.0,11,10390.0,2,10400.0,6,10405.0,65,10415.0,29,10440.0,3,10460.0,2,10465.0,34,10470.0,7,10410.0
si2408,,13:38:46.686#,10545.0,10545.0,10370.0,0.0,0.0,5232,15183,10370.0,3,10380.0,11,10390.0,2,10400.0,6,10405.0,8,10415.0,6,10420.0,91,10440.0,3,10460.0,2,10465.0,34,10410.0
si2408,,13:38:46.827#,10545.0,10545.0,10370.0,0.0,0.0,5232,15183,10380.0,11,10390.0,2,10400.0,6,10405.0,23,10410.0,75,10415.0,1,10420.0,113,10440.0,3,10460.0,2,10465.0,34,10410.0
si2408,,13:38:47.134#,10545.0,10545.0,10370.0,0.0,0.0,5232,15183,10370.0,3,10380.0,11,10390.0,2,10400.0,4,10410.0,85,10415.0,1,10420.0,103,10440.0,3,10460.0,2,10465.0,34,10410.0
si2408,,13:38:47.744#,10545.0,10545.0,10370.0,0.0,0.0,5232,15183,10370.0,3,10380.0,11,10390.0,2,10400.0,4,10410.0,83,10415.0,1,10420.0,103,10440.0,3,10460.0,2,10465.0,34,10410.0
si2408,,13:38:48.162#,10545.0,10545.0,10370.0,0.0,0.0,5232,15183,10370.0,3,10380.0,11,10390.0,2,10400.0,4,10410.0,82,10415.0,1,10420.0,103,10440.0,3,10460.0,2,10465.0,34,10410.0
si2408,,13:38:48.377#,10545.0,10545.0,10370.0,0.0,0.0,5232,15183,10370.0,3,10380.0,11,10390.0,2,10400.0,4,10410.0,83,10415.0,1,10420.0,103,10440.0,3,10460.0,2,10465.0,34,10410.0
si2408,,13:38:48.976#,10545.0,10545.0,10370.0,0.0,0.0,5232,15183,10370.0,3,10380.0,11,10390.0,2,10400.0,4,10410.0,82,10415.0,1,10420.0,103,10440.0,3,10460.0,2,10465.0,34,10410.0
si2408,,13:38:49.354#,10545.0,10545.0,10370.0,0.0,0.0,5232,15183,10370.0,3,10380.0,11,10390.0,2,10400.0,4,10410.0,80,10415.0,1,10420.0,103,10440.0,3,10460.0,2,10465.0,34,10410.0
si2408,,13:38:49.841#,10545.0,10545.0,10370.0,0.0,0.0,5232,15183,10370.0,3,10380.0,11,10390.0,2,10400.0,4,10410.0,80,10415.0,1,10420.0,104,10440.0,3,10460.0,2,10465.0,34,10410.0
si2408,,13:38:51.511#,10545.0,10545.0,10370.0,0.0,0.0,5232,15183,10370.0,3,10380.0,11,10390.0,2,10400.0,4,10410.0,80,10415.0,1,10420.0,104,10440.0,3,10460.0,2,10465.0,34,10410.0
si2408,,13:38:52.38#,10545.0,10545.0,10370.0,0.0,0.0,5232,15183,10370.0,3,10380.0,11,10390.0,2,10400.0,4,10410.0,80,10415.0,1,10420.0,103,10440.0,3,10460.0,2,10465.0,34,10410.0
si2408,,13:38:52.681#,10545.0,10545.0,10370.0,0.0,0.0,5232,15183,10370.0,3,10380.0,11,10390.0,2,10400.0,4,10410.0,80,10415.0,1,10420.0,105,10440.0,3,10460.0,2,10465.0,34,10410.0
si2408,,13:38:52.844#,10545.0,10545.0,10370.0,0.0,0.0,5232,15183,10370.0,3,10380.0,11,10390.0,2,10400.0,4,10410.0,83,10415.0,1,10420.0,105,10440.0,3,10460.0,2,10465.0,34,10410.0
si2408,,13:38:53.135#,10545.0,10545.0,10370.0,0.0,0.0,5232,15183,10370.0,3,10380.0,11,10390.0,2,10400.0,4,10410.0,82,10415.0,1,10420.0,105,10440.0,3,10460.0,2,10465.0,34,10410.0
si2408,,13:38:53.622#,10545.0,10545.0,10370.0,0.0,0.0,5232,15183,10370.0,3,10380.0,11,10390.0,2,10400.0,4,10410.0,82,10415.0,1,10420.0,106,10440.0,3,10460.0,2,10465.0,34,10410.0
si2408,,13:38:54.295#,10545.0,10545.0,10370.0,0.0,0.0,5232,15183,10370.0,3,10380.0,11,10390.0,2,10400.0,4,10410.0,90,10415.0,1,10420.0,106,10440.0,3,10460.0,2,10465.0,34,10410.0
si2408,,13:38:54.321#,10545.0,10545.0,10370.0,0.0,0.0,5232,15183,10370.0,3,10380.0,11,10390.0,2,10400.0,4,10410.0,90,10415.0,1,10420.0,105,10440.0,3,10460.0,2,10465.0,34,10410.0
si2408,,13:38:54.626#,10545.0,10545.0,10370.0,0.0,0.0,5232,15183,10370.0,3,10380.0,11,10390.0,2,10400.0,4,10410.0,93,10415.0,1,10420.0,103,10440.0,3,10460.0,2,10465.0,34,10410.0
si2408,,13:38:54.825#,10545.0,10545.0,10370.0,0.0,0.0,5233,15183,10370.0,3,10380.0,11,10390.0,2,10400.0,4,10410.0,93,10440.0,3,10460.0,2,10465.0,34,10470.0,7,10480.0,20,10415.0
si2408,,13:38:55.220#,10545.0,10545.0,10370.0,0.0,0.0,5233,15183,10360.0,7,10370.0,3,10380.0,11,10390.0,2,10410.0,95,10425.0,1,10430.0,4,10435.0,6,10460.0,2,10465.0,34,10415.0
si2408,,13:38:55.325#,10545.0,10545.0,10370.0,0.0,0.0,5233,15183,10370.0,3,10380.0,11,10390.0,2,10410.0,95,10415.0,2,10420.0,106,10430.0,2,10435.0,2,10460.0,2,10465.0,34,10415.0
si2408,,13:38:55.697#,10545.0,10545.0,10370.0,0.0,0.0,5233,15183,10360.0,7,10370.0,3,10380.0,11,10410.0,102,10415.0,2,10420.0,51,10430.0,1,10435.0,2,10455.0,3,10460.0,2,10415.0
si2408,,13:38:56.33#,10545.0,10545.0,10370.0,0.0,0.0,5233,15183,10360.0,7,10370.0,3,10380.0,11,10410.0,22,10415.0,89,10420.0,2,10425.0,117,10430.0,1,10435.0,2,10455.0,3,10415.0
si2408,,13:38:56.174#,10545.0,10545.0,10370.0,0.0,0.0,5235,15185,10360.0,7,10370.0,3,10380.0,11,10410.0,26,10415.0,93,10425.0,114,10430.0,2,10435.0,2,10455.0,3,10460.0,2,10420.0
si2408,,13:38:56.810#,10545.0,10545.0,10370.0,0.0,0.0,5235,15185,10360.0,26,10370.0,3,10380.0,11,10410.0,26,10415.0,19,10425.0,114,10430.0,2,10435.0,2,10455.0,3,10460.0,2,10420.0
si2408,,13:38:56.845#,10545.0,10545.0,10370.0,0.0,0.0,5235,15185,10360.0,26,10370.0,3,10380.0,11,10410.0,126,10415.0,3,10425.0,104,10430.0,2,10435.0,2,10455.0,3,10460.0,2,10420.0
si2408,,13:38:57.188#,10545.0,10545.0,10370.0,0.0,0.0,5235,15185,10360.0,26,10370.0,3,10380.0,11,10410.0,131,10415.0,2,10425.0,5,10430.0,1,10435.0,2,10455.0,3,10460.0,2,10420.0
si2408,,13:38:57.325#,10545.0,10545.0,10370.0,0.0,0.0,5235,15185,10360.0,26,10370.0,3,10380.0,11,10410.0,129,10415.0,2,10420.0,27,10425.0,5,10430.0,1,10435.0,2,10455.0,3,10420.0
si2408,,13:38:57.715#,10545.0,10545.0,10370.0,0.0,0.0,5235,15185,10360.0,26,10370.0,3,10380.0,11,10410.0,120,10415.0,2,10425.0,5,10430.0,1,10435.0,2,10455.0,3,10460.0,2,10420.0
si2408,,13:38:57.864#,10545.0,10545.0,10370.0,0.0,0.0,5235,15185,10360.0,26,10370.0,3,10380.0,11,10410.0,120,10415.0,2,10420.0,28,10425.0,5,10430.0,1,10435.0,2,10455.0,3,10420.0
si2408,,13:38:58.215#,10545.0,10545.0,10370.0,0.0,0.0,5235,15185,10360.0,26,10370.0,3,10380.0,11,10410.0,119,10415.0,2,10420.0,32,10425.0,5,10430.0,1,10435.0,2,10455.0,3,10420.0
si2408,,13:38:58.496#,10545.0,10545.0,10370.0,0.0,0.0,5235,15185,10345.0,17,10360.0,26,10370.0,3,10380.0,11,10410.0,119,10420.0,34,10425.0,5,10430.0,1,10435.0,2,10455.0,3,10420.0
si2408,,13:38:58.626#,10545.0,10545.0,10370.0,0.0,0.0,5235,15185,10345.0,17,10360.0,26,10370.0,3,10380.0,11,10410.0,120,10420.0,34,10425.0,5,10430.0,1,10435.0,2,10455.0,3,10420.0
si2408,,13:38:58.960#,10545.0,10545.0,10370.0,0.0,0.0,5235,15185,10345.0,17,10360.0,26,10370.0,3,10380.0,11,10410.0,120,10420.0,34,10425.0,5,10430.0,1,10435.0,2,10455.0,3,10420.0
si2408,,13:38:59.223#,10545.0,10545.0,10370.0,0.0,0.0,5235,15185,10345.0,17,10360.0,26,10370.0,3,10380.0,11,10410.0,120,10420.0,35,10425.0,5,10430.0,1,10435.0,2,10455.0,3,10420.0
si2408,,13:38:59.519#,10545.0,10545.0,10370.0,0.0,0.0,5235,15185,10345.0,17,10360.0,26,10370.0,3,10380.0,11,10410.0,120,10420.0,37,10425.0,5,10430.0,1,10435.0,2,10455.0,3,10420.0
si2408,,13:39:00.37#,10545.0,10545.0,10370.0,0.0,0.0,5235,15185,10345.0,17,10360.0,26,10370.0,3,10380.0,11,10410.0,22,10420.0,4,10425.0,106,10430.0,1,10435.0,2,10455.0,3,10420.0
si2408,,13:39:00.239#,10545.0,10545.0,10370.0,0.0,0.0,5235,15185,10360.0,26,10370.0,3,10380.0,11,10410.0,21,10415.0,46,10425.0,118,10430.0,2,10435.0,2,10455.0,3,10460.0,2,10420.0
si2408,,13:39:00.516#,10545.0,10545.0,10370.0,0.0,0.0,5235,15185,10360.0,26,10370.0,3,10380.0,11,10410.0,22,10415.0,48,10425.0,117,10430.0,2,10435.0,2,10455.0,3,10460.0,2,10420.0
si2408,,13:39:00.692#,10545.0,10545.0,10370.0,0.0,0.0,5235,15185,10360.0,26,10370.0,3,10380.0,11,10410.0,22,10415.0,47,10425.0,117,10430.0,2,10435.0,2,10455.0,3,10460.0,2,10420.0
si2408,,13:39:00.998#,10545.0,10545.0,10370.0,0.0,0.0,5235,15185,10360.0,26,10370.0,3,10380.0,11,10410.0,22,10415.0,42,10425.0,118,10430.0,2,10435.0,2,10455.0,3,10460.0,2,10420.0
si2408,,13:39:01.71#,10545.0,10545.0,10370.0,0.0,0.0,5235,15185,10360.0,26,10370.0,3,10380.0,11,10410.0,22,10415.0,22,10425.0,118,10430.0,2,10435.0,2,10455.0,3,10460.0,2,10420.0
si2408,,13:39:01.541#,10545.0,10545.0,10370.0,0.0,0.0,5235,15185,10360.0,26,10370.0,3,10380.0,11,10410.0,22,10415.0,44,10425.0,119,10430.0,2,10435.0,2,10455.0,3,10460.0,2,10420.0
si2408,,13:39:02.162#,10545.0,10545.0,10370.0,0.0,0.0,5235,15185,10360.0,26,10370.0,3,10380.0,11,10410.0,22,10415.0,43,10425.0,106,10430.0,2,10435.0,2,10455.0,3,10460.0,2,10420.0
si2408,,13:39:02.382#,10545.0,10545.0,10370.0,0.0,0.0,5235,15185,10360.0,26,10370.0,3,10380.0,11,10410.0,22,10415.0,41,10425.0,106,10430.0,2,10435.0,2,10455.0,3,10460.0,2,10420.0
si2408,,13:39:02.821#,10545.0,10545.0,10370.0,0.0,0.0,5235,15185,10360.0,26,10370.0,3,10380.0,11,10410.0,22,10415.0,38,10425.0,106,10430.0,2,10435.0,2,10455.0,3,10460.0,2,10420.0
si2408,,13:39:03.561#,10545.0,10545.0,10370.0,0.0,0.0,5235,15185,10360.0,26,10370.0,3,10380.0,11,10410.0,22,10415.0,35,10420.0,2,10425.0,106,10430.0,2,10435.0,2,10455.0,3,10420.0
si2408,,13:39:03.595#,10545.0,10545.0,10370.0,0.0,0.0,5235,15185,10360.0,26,10370.0,3,10380.0,11,10410.0,22,10415.0,37,10420.0,2,10425.0,106,10430.0,1,10435.0,2,10455.0,3,10420.0
si2408,,13:39:03.954#,10545.0,10545.0,10370.0,0.0,0.0,5235,15185,10360.0,26,10370.0,3,10380.0,11,10410.0,22,10415.0,36,10420.0,2,10425.0,108,10430.0,1,10435.0,2,10455.0,3,10420.0
si2408,,13:39:04.277#,10545.0,10545.0,10370.0,0.0,0.0,5235,15185,10360.0,26,10370.0,3,10380.0,11,10410.0,22,10415.0,36,10420.0,2,10425.0,115,10430.0,1,10435.0,2,10455.0,3,10420.0
si2408,,13:39:04.418#,10545.0,10545.0,10370.0,0.0,0.0,5235,15185,10360.0,26,10370.0,3,10380.0,11,10410.0,22,10415.0,36,10420.0,2,10425.0,116,10430.0,1,10435.0,2,10455.0,3,10420.0
si2408,,13:39:04.783#,10545.0,10545.0,10370.0,0.0,0.0,5235,15185,10360.0,26,10370.0,3,10380.0,11,10410.0,22,10415.0,36,10420.0,2,10425.0,116,10430.0,1,10435.0,2,10455.0,3,10420.0
si2408,,13:39:05.452#,10545.0,10545.0,10370.0,0.0,0.0,5235,15185,10360.0,26,10370.0,3,10380.0,11,10410.0,22,10415.0,36,10420.0,2,10425.0,98,10430.0,1,10435.0,2,10455.0,3,10420.0
si2408,,13:39:05.789#,10545.0,10545.0,10370.0,0.0,0.0,5235,15185,10360.0,26,10370.0,3,10380.0,11,10410.0,22,10415.0,39,10420.0,2,10425.0,19,10430.0,1,10435.0,2,10455.0,3,10420.0
si2408,,13:39:06.20#,10545.0,10545.0,10370.0,0.0,0.0,5236,15185,10360.0,26,10370.0,3,10380.0,11,10410.0,2,10415.0,58,10425.0,24,10430.0,1,10435.0,2,10455.0,3,10460.0,2,10420.0
si2408,,13:39:06.296#,10545.0,10545.0,10370.0,0.0,0.0,5236,15185,10360.0,26,10370.0,3,10380.0,11,10410.0,2,10415.0,11,10425.0,7,10430.0,54,10435.0,2,10455.0,3,10460.0,2,10420.0
si2408,,13:39:06.432#,10545.0,10545.0,10370.0,0.0,0.0,5236,15185,10370.0,3,10380.0,11,10410.0,2,10415.0,18,10420.0,16,10425.0,5,10430.0,45,10455.0,3,10460.0,2,10465.0,15,10420.0
si2408,,13:39:06.763#,10545.0,10545.0,10370.0,0.0,0.0,5236,15185,10370.0,3,10380.0,11,10410.0,2,10415.0,19,10420.0,49,10425.0,5,10430.0,45,10455.0,3,10460.0,2,10465.0,15,10420.0
si2408,,13:39:06.822#,10545.0,10545.0,10370.0,0.0,0.0,5236,15185,10370.0,3,10380.0,11,10410.0,2,10415.0,19,10420.0,54,10425.0,5,10430.0,40,10455.0,3,10460.0,2,10465.0,15,10420.0
si2408,,13:39:07.168#,10545.0,10545.0,10370.0,0.0,0.0,5236,15185,10370.0,3,10380.0,11,10410.0,2,10415.0,19,10420.0,49,10440.0,1,10450.0,8,10460.0,2,10465.0,15,10470.0,7,10420.0
si2408,,13:39:07.496#,10545.0,10545.0,10370.0,0.0,0.0,5236,15185,10370.0,3,10380.0,11,10410.0,2,10415.0,19,10420.0,49,10430.0,44,10435.0,6,10440.0,9,10450.0,5,10460.0,2,10420.0
si2408,,13:39:07.671#,10545.0,10545.0,10370.0,0.0,0.0,5236,15185,10370.0,3,10380.0,11,10410.0,2,10415.0,19,10420.0,50,10430.0,44,10435.0,5,10450.0,4,10460.0,2,10465.0,18,10420.0
si2408,,13:39:07.993#,10545.0,10545.0,10370.0,0.0,0.0,5236,15185,10370.0,3,10380.0,11,10410.0,2,10415.0,19,10420.0,51,10430.0,44,10435.0,5,10450.0,4,10460.0,2,10465.0,18,10420.0
si2408,,13:39:08.311#,10545.0,10545.0,10370.0,0.0,0.0,5236,15185,10370.0,3,10380.0,11,10410.0,2,10415.0,19,10420.0,52,10430.0,43,10435.0,5,10450.0,4,10460.0,2,10465.0,18,10420.0
si2408,,13:39:08.373#,10545.0,10545.0,10370.0,0.0,0.0,5236,15185,10370.0,3,10380.0,11,10410.0,2,10415.0,19,10420.0,52,10430.0,43,10435.0,5,10450.0,2,10460.0,2,10465.0,18,10420.0
si2408,,13:39:08.714#,10545.0,10545.0,10370.0,0.0,0.0,5236,15185,10370.0,3,10380.0,11,10410.0,2,10415.0,19,10420.0,51,10430.0,37,10435.0,5,10450.0,2,10460.0,2,10465.0,18,10420.0
si2408,,13:39:09.52#,10545.0,10545.0,10370.0,0.0,0.0,5236,15185,10370.0,3,10380.0,11,10410.0,2,10415.0,19,10420.0,50,10430.0,16,10435.0,5,10450.0,2,10460.0,2,10465.0,7,10420.0
si2408,,13:39:09.303#,10545.0,10545.0,10370.0,0.0,0.0,5236,15185,10370.0,3,10380.0,11,10410.0,2,10415.0,19,10420.0,48,10430.0,23,10435.0,5,10450.0,2,10460.0,2,10465.0,3,10420.0
si2408,,13:39:09.560#,10545.0,10545.0,10370.0,0.0,0.0,5236,15185,10370.0,3,10380.0,11,10410.0,2,10415.0,19,10420.0,40,10430.0,40,10435.0,5,10450.0,2,10460.0,2,10465.0,3,10420.0
si2408,,13:39:09.632#,10545.0,10545.0,10370.0,0.0,0.0,5236,15185,10370.0,3,10380.0,11,10410.0,2,10415.0,19,10420.0,19,10430.0,49,10435.0,5,10450.0,2,10460.0,2,10465.0,3,10420.0
si2408,,13:39:10.20#,10545.0,10545.0,10370.0,0.0,0.0,5236,15185,10370.0,3,10380.0,11,10410.0,2,10415.0,17,10420.0,25,10430.0,26,10435.0,5,10450.0,2,10460.0,2,10465.0,3,10420.0
si2408,,13:39:10.319#,10545.0,10545.0,10370.0,0.0,0.0,5236,15185,10370.0,3,10380.0,11,10410.0,2,10415.0,17,10420.0,34,10430.0,21,10435.0,83,10450.0,2,10460.0,2,10465.0,3,10420.0
si2408,,13:39:10.412#,10545.0,10545.0,10370.0,0.0,0.0,5236,15185,10370.0,3,10380.0,11,10410.0,2,10415.0,2,10420.0,3,10430.0,21,10435.0,76,10450.0,2,10460.0,2,10465.0,3,10420.0
si2408,,13:39:10.667#,10545.0,10545.0,10370.0,0.0,0.0,5236,15185,10345.0,2,10360.0,26,10365.0,15,10380.0,11,10410.0,2,10430.0,60,10435.0,4,10450.0,2,10460.0,2,10465.0,3,10420.0
si2408,,13:39:10.838#,10545.0,10545.0,10370.0,0.0,0.0,5236,15185,10365.0,15,10380.0,11,10410.0,2,10415.0,4,10420.0,47,10425.0,2,10430.0,63,10435.0,4,10450.0,2,10460.0,2,10420.0
si2408,,13:39:11.171#,10545.0,10545.0,10370.0,0.0,0.0,5236,15185,10380.0,11,10385.0,3,10410.0,2,10415.0,22,10420.0,45,10440.0,9,10445.0,5,10450.0,2,10460.0,2,10470.0,7,10420.0
si2408,,13:39:11.517#,10545.0,10545.0,10370.0,0.0,0.0,5236,15185,10380.0,11,10385.0,3,10410.0,2,10415.0,22,10420.0,50,10430.0,79,10435.0,2,10440.0,9,10445.0,4,10450.0,2,10420.0
si2408,,13:39:11.787#,10545.0,10545.0,10370.0,0.0,0.0,5236,15185,10380.0,11,10385.0,3,10410.0,2,10415.0,22,10420.0,50,10430.0,80,10435.0,1,10450.0,2,10460.0,2,10465.0,3,10420.0
si2408,,13:39:11.932#,10545.0,10545.0,10370.0,0.0,0.0,5236,15185,10380.0,11,10385.0,3,10410.0,2,10415.0,22,10420.0,58,10430.0,80,10435.0,1,10450.0,2,10460.0,2,10465.0,3,10420.0
si2408,,13:39:12.131#,10545.0,10545.0,10370.0,0.0,0.0,5236,15185,10380.0,11,10385.0,3,10410.0,2,10415.0,22,10420.0,58,10430.0,81,10435.0,1,10450.0,2,10460.0,2,10465.0,3,10420.0
si2408,,13:39:12.457#,10545.0,10545.0,10370.0,0.0,0.0,5236,15185,10380.0,11,10385.0,3,10410.0,2,10415.0,22,10420.0,58,10430.0,86,10435.0,1,10450.0,2,10460.0,2,10465.0,3,10420.0
si2408,,13:39:12.720#,10545.0,10545.0,10370.0,0.0,0.0,5236,15185,10380.0,11,10385.0,3,10410.0,2,10415.0,22,10420.0,56,10430.0,86,10435.0,1,10450.0,2,10460.0,2,10465.0,3,10420.0
si2408,,13:39:12.822#,10545.0,10545.0,10370.0,0.0,0.0,5236,15185,10380.0,11,10385.0,3,10410.0,2,10415.0,22,10420.0,57,10430.0,86,10435.0,1,10450.0,2,10460.0,2,10465.0,3,10420.0
si2408,,13:39:13.199#,10545.0,10545.0,10370.0,0.0,0.0,5236,15185,10380.0,11,10385.0,3,10410.0,2,10415.0,22,10420.0,56,10430.0,86,10435.0,1,10450.0,2,10460.0,2,10465.0,3,10420.0
si2408,,13:39:13.494#,10545.0,10545.0,10370.0,0.0,0.0,5236,15185,10380.0,11,10385.0,3,10410.0,2,10415.0,22,10420.0,47,10430.0,84,10435.0,1,10450.0,2,10460.0,2,10465.0,3,10420.0
si2408,,13:39:13.784#,10545.0,10545.0,10370.0,0.0,0.0,5236,15185,10380.0,11,10385.0,3,10410.0,2,10415.0,22,10420.0,51,10430.0,88,10435.0,1,10450.0,2,10460.0,2,10465.0,3,10420.0
si2408,,13:39:13.835#,10545.0,10545.0,10370.0,0.0,0.0,5236,15185,10380.0,11,10385.0,3,10410.0,2,10415.0,22,10420.0,56,10430.0,74,10435.0,1,10450.0,2,10460.0,2,10465.0,3,10420.0
si2408,,13:39:14.211#,10545.0,10545.0,10370.0,0.0,0.0,5236,15185,10380.0,11,10385.0,3,10410.0,2,10415.0,22,10420.0,61,10430.0,56,10435.0,1,10450.0,2,10460.0,2,10465.0,3,10420.0
si2408,,13:39:14.449#,10545.0,10545.0,10370.0,0.0,0.0,5236,15185,10380.0,11,10385.0,3,10410.0,2,10415.0,2,10420.0,63,10430.0,54,10435.0,1,10450.0,2,10460.0,2,10465.0,3,10420.0
si2408,,13:39:14.811#,10545.0,10545.0,10370.0,0.0,0.0,5236,15185,10380.0,11,10385.0,3,10410.0,2,10415.0,22,10420.0,60,10430.0,50,10435.0,1,10450.0,2,10460.0,2,10465.0,3,10420.0
si2408,,13:39:14.871#,10545.0,10545.0,10370.0,0.0,0.0,5236,15185,10380.0,11,10385.0,3,10410.0,2,10415.0,2,10420.0,53,10430.0,42,10435.0,1,10450.0,2,10460.0,2,10465.0,3,10420.0
si2408,,13:39:15.136#,10545.0,10545.0,10370.0,0.0,0.0,5236,15185,10380.0,11,10385.0,3,10410.0,2,10415.0,2,10420.0,63,10430.0,53,10435.0,1,10450.0,2,10460.0,2,10465.0,3,10420.0
si2408,,13:39:15.535#,10545.0,10545.0,10370.0,0.0,0.0,5236,15185,10380.0,11,10385.0,3,10410.0,2,10415.0,2,10420.0,63,10430.0,56,10435.0,1,10450.0,2,10460.0,2,10465.0,3,10420.0
si2408,,13:39:15.968#,10545.0,10545.0,10370.0,0.0,0.0,5236,15185,10380.0,11,10385.0,3,10410.0,2,10415.0,2,10420.0,63,10430.0,51,10435.0,1,10450.0,2,10460.0,2,10465.0,3,10420.0
si2408,,13:39:16.303#,10545.0,10545.0,10370.0,0.0,0.0,5236,15185,10380.0,11,10385.0,3,10410.0,2,10415.0,2,10420.0,63,10430.0,52,10435.0,1,10450.0,2,10460.0,2,10465.0,3,10420.0
si2408,,13:39:16.421#,10545.0,10545.0,10370.0,0.0,0.0,5236,15185,10380.0,11,10385.0,3,10410.0,2,10415.0,2,10420.0,62,10430.0,33,10435.0,1,10450.0,2,10460.0,2,10465.0,3,10420.0
si2408,,13:39:16.631#,10545.0,10545.0,10370.0,0.0,0.0,5236,15185,10380.0,11,10385.0,3,10410.0,2,10415.0,2,10420.0,62,10430.0,49,10435.0,1,10450.0,2,10460.0,2,10465.0,3,10420.0
si2408,,13:39:16.866#,10545.0,10545.0,10370.0,0.0,0.0,5236,15185,10380.0,11,10385.0,3,10410.0,2,10415.0,22,10420.0,57,10430.0,49,10435.0,1,10450.0,2,10460.0,2,10465.0,3,10420.0
si2408,,13:39:17.306#,10545.0,10545.0,10370.0,0.0,0.0,5236,15185,10380.0,11,10385.0,3,10410.0,2,10415.0,22,10420.0,45,10430.0,64,10435.0,1,10450.0,2,10460.0,2,10465.0,3,10420.0
si2408,,13:39:17.337#,10545.0,10545.0,10370.0,0.0,0.0,5236,15185,10380.0,11,10385.0,3,10410.0,2,10415.0,22,10420.0,33,10425.0,5,10430.0,72,10435.0,1,10450.0,2,10460.0,2,10420.0
si2408,,13:39:17.666#,10545.0,10545.0,10370.0,0.0,0.0,5236,15185,10380.0,11,10385.0,3,10410.0,2,10415.0,22,10420.0,26,10425.0,12,10430.0,51,10460.0,2,10465.0,3,10470.0,7,10420.0
si2408,,13:39:17.821#,10545.0,10545.0,10370.0,0.0,0.0,5236,15185,10380.0,11,10385.0,3,10410.0,2,10415.0,20,10420.0,22,10425.0,12,10430.0,51,10460.0,2,10465.0,3,10470.0,7,10420.0
si2408,,13:39:18.258#,10545.0,10545.0,10370.0,0.0,0.0,5236,15185,10380.0,11,10385.0,3,10410.0,2,10415.0,20,10420.0,19,10425.0,12,10430.0,60,10460.0,2,10465.0,3,10470.0,7,10420.0
si2408,,13:39:18.540#,10545.0,10545.0,10370.0,0.0,0.0,5236,15185,10380.0,11,10385.0,3,10410.0,2,10415.0,20,10420.0,18,10425.0,12,10430.0,76,10460.0,2,10465.0,3,10470.0,7,10420.0
si2408,,13:39:18.627#,10545.0,10545.0,10370.0,0.0,0.0,5236,15185,10380.0,11,10385.0,3,10410.0,2,10415.0,95,10420.0,1,10425.0,15,10460.0,2,10465.0,3,10470.0,7,10475.0,15,10420.0
si2408,,13:39:18.850#,10545.0,10545.0,10370.0,0.0,0.0,5236,15185,10360.0,26,10365.0,15,10380.0,11,10385.0,3,10410.0,2,10425.0,30,10460.0,2,10465.0,3,10470.0,7,10475.0,15,10420.0
si2408,,13:39:19.215#,10545.0,10545.0,10370.0,0.0,0.0,5236,15185,10365.0,15,10380.0,11,10385.0,3,10410.0,2,10415.0,112,10425.0,30,10460.0,2,10465.0,3,10470.0,7,10475.0,15,10420.0
si2408,,13:39:19.751#,10545.0,10545.0,10370.0,0.0,0.0,5236,15185,10365.0,15,10380.0,11,10385.0,3,10410.0,2,10415.0,113,10425.0,30,10460.0,2,10465.0,3,10470.0,7,10475.0,15,10420.0
si2408,,13:39:20.168#,10545.0,10545.0,10370.0,0.0,0.0,5236,15185,10365.0,15,10380.0,11,10385.0,3,10410.0,2,10415.0,113,10425.0,30,10460.0,2,10465.0,3,10470.0,7,10475.0,15,10420.0
si2408,,13:39:20.427#,10545.0,10545.0,10370.0,0.0,0.0,5236,15185,10365.0,15,10380.0,11,10385.0,3,10410.0,2,10415.0,123,10425.0,30,10460.0,2,10465.0,3,10470.0,7,10475.0,15,10420.0
si2408,,13:39:20.800#,10545.0,10545.0,10370.0,0.0,0.0,5236,15185,10365.0,15,10380.0,11,10385.0,3,10410.0,2,10415.0,123,10425.0,24,10460.0,2,10465.0,3,10470.0,7,10475.0,15,10420.0
si2408,,13:39:21.46#,10545.0,10545.0,10370.0,0.0,0.0,5236,15185,10365.0,15,10380.0,11,10385.0,3,10410.0,2,10415.0,123,10425.0,25,10460.0,2,10465.0,3,10470.0,7,10475.0,15,10420.0
si2408,,13:39:21.157#,10545.0,10545.0,10370.0,0.0,0.0,5236,15185,10365.0,15,10380.0,11,10385.0,3,10410.0,2,10415.0,126,10425.0,25,10460.0,2,10465.0,3,10470.0,7,10475.0,15,10420.0
si2408,,13:39:21.406#,10545.0,10545.0,10370.0,0.0,0.0,5236,15185,10365.0,15,10380.0,11,10385.0,3,10410.0,2,10415.0,126,10425.0,23,10460.0,2,10465.0,3,10470.0,7,10475.0,15,10420.0
si2408,,13:39:21.655#,10545.0,10545.0,10370.0,0.0,0.0,5236,15185,10365.0,15,10380.0,11,10385.0,3,10410.0,2,10415.0,126,10425.0,24,10460.0,2,10465.0,3,10470.0,7,10475.0,15,10420.0
si2408,,13:39:22.13#,10545.0,10545.0,10370.0,0.0,0.0,5236,15185,10365.0,15,10380.0,11,10385.0,3,10410.0,2,10415.0,126,10425.0,19,10460.0,2,10465.0,3,10470.0,7,10475.0,15,10420.0
si2408,,13:39:22.549#,10545.0,10545.0,10370.0,0.0,0.0,5236,15185,10365.0,15,10380.0,11,10385.0,3,10410.0,2,10415.0,125,10425.0,19,10460.0,2,10465.0,3,10470.0,7,10475.0,15,10420.0
si2408,,13:39:22.700#,10545.0,10545.0,10370.0,0.0,0.0,5236,15185,10365.0,15,10380.0,11,10385.0,3,10410.0,2,10415.0,126,10425.0,19,10460.0,2,10465.0,3,10470.0,7,10475.0,15,10420.0
si2408,,13:39:22.860#,10545.0,10545.0,10370.0,0.0,0.0,5236,15185,10365.0,15,10380.0,11,10385.0,3,10410.0,2,10415.0,126,10425.0,18,10460.0,2,10465.0,3,10470.0,7,10475.0,15,10420.0
si2408,,13:39:23.571#,10545.0,10545.0,10370.0,0.0,0.0,5236,15185,10365.0,15,10380.0,11,10385.0,3,10410.0,2,10415.0,126,10425.0,19,10460.0,2,10465.0,3,10470.0,7,10475.0,15,10420.0
si2408,,13:39:24.24#,10545.0,10545.0,10370.0,0.0,0.0,5236,15185,10365.0,15,10380.0,11,10385.0,3,10410.0,2,10415.0,127,10425.0,17,10460.0,2,10465.0,3,10470.0,7,10475.0,15,10420.0
si2408,,13:39:24.125#,10545.0,10545.0,10370.0,0.0,0.0,5236,15185,10365.0,15,10380.0,11,10385.0,3,10410.0,2,10415.0,125,10425.0,21,10460.0,2,10465.0,3,10470.0,7,10475.0,15,10420.0
si2408,,13:39:24.321#,10545.0,10545.0,10370.0,0.0,0.0,5236,15185,10365.0,15,10380.0,11,10385.0,3,10410.0,2,10415.0,125,10425.0,24,10460.0,2,10465.0,3,10470.0,7,10475.0,15,10420.0
si2408,,13:39:24.780#,10545.0,10545.0,10370.0,0.0,0.0,5236,15185,10365.0,15,10380.0,11,10385.0,3,10410.0,2,10415.0,124,10425.0,22,10460.0,2,10465.0,3,10470.0,7,10475.0,15,10420.0
si2408,,13:39:25.66#,10545.0,10545.0,10370.0,0.0,0.0,5236,15185,10365.0,15,10380.0,11,10385.0,3,10410.0,2,10415.0,124,10420.0,1,10425.0,22,10460.0,2,10465.0,3,10470.0,7,10420.0
si2408,,13:39:25.157#,10545.0,10545.0,10370.0,0.0,0.0,5237,15186,10365.0,15,10380.0,11,10385.0,3,10410.0,2,10415.0,123,10425.0,23,10460.0,2,10465.0,3,10470.0,7,10475.0,15,10420.0
si2408,,13:39:25.440#,10545.0,10545.0,10370.0,0.0,0.0,5237,15186,10365.0,15,10380.0,11,10385.0,3,10410.0,2,10415.0,123,10425.0,27,10460.0,2,10465.0,3,10470.0,7,10475.0,15,10420.0
si2408,,13:39:25.571#,10545.0,10545.0,10370.0,0.0,0.0,5237,15186,10365.0,15,10380.0,11,10385.0,3,10410.0,2,10415.0,123,10425.0,32,10460.0,2,10465.0,3,10470.0,7,10475.0,15,10420.0
si2408,,13:39:26.225#,10545.0,10545.0,10370.0,0.0,0.0,5237,15186,10365.0,15,10380.0,11,10385.0,3,10410.0,2,10415.0,123,10425.0,28,10460.0,2,10465.0,3,10470.0,7,10475.0,15,10420.0
si2408,,13:39:26.817#,10545.0,10545.0,10370.0,0.0,0.0,5237,15186,10365.0,15,10380.0,11,10385.0,3,10410.0,2,10415.0,123,10425.0,36,10460.0,2,10465.0,3,10470.0,7,10475.0,20,10420.0
si2408,,13:39:26.824#,10545.0,10545.0,10370.0,0.0,0.0,5237,15186,10365.0,15,10380.0,11,10385.0,3,10410.0,2,10415.0,124,10425.0,36,10460.0,2,10465.0,3,10470.0,7,10475.0,20,10420.0
si2408,,13:39:27.290#,10545.0,10545.0,10370.0,0.0,0.0,5237,15186,10380.0,11,10385.0,3,10410.0,2,10415.0,124,10420.0,54,10425.0,36,10460.0,2,10465.0,3,10470.0,7,10475.0,20,10420.0
si2408,,13:39:27.548#,10545.0,10545.0,10370.0,0.0,0.0,5242,15185,10380.0,11,10385.0,3,10410.0,2,10415.0,21,10420.0,82,10460.0,2,10465.0,3,10470.0,7,10475.0,20,10480.0,39,10425.0
si2408,,13:39:27.780#,10545.0,10545.0,10370.0,0.0,0.0,5243,15184,10380.0,11,10385.0,3,10410.0,2,10415.0,2,10420.0,120,10435.0,1,10440.0,8,10445.0,1,10450.0,1,10455.0,2,10430.0
si2408,,13:39:27.888#,10545.0,10545.0,10370.0,0.0,0.0,5243,15184,10385.0,3,10410.0,2,10415.0,2,10420.0,130,10425.0,6,10430.0,97,10435.0,1,10440.0,8,10455.0,2,10460.0,2,10430.0
si2408,,13:39:28.305#,10545.0,10545.0,10370.0,0.0,0.0,5297,15140,10380.0,11,10385.0,3,10410.0,2,10420.0,123,10425.0,1,10435.0,82,10455.0,2,10460.0,2,10465.0,3,10470.0,7,10420.0
si2408,,13:39:28.569#,10545.0,10545.0,10370.0,0.0,0.0,5297,15140,10365.0,15,10380.0,11,10385.0,3,10410.0,2,10420.0,134,10430.0,24,10435.0,1,10455.0,2,10460.0,2,10465.0,3,10420.0
si2408,,13:39:28.717#,10545.0,10545.0,10370.0,0.0,0.0,5297,15140,10365.0,20,10380.0,11,10385.0,3,10410.0,2,10420.0,135,10430.0,35,10455.0,2,10460.0,2,10465.0,3,10470.0,7,10420.0
si2408,,13:39:28.821#,10545.0,10545.0,10370.0,0.0,0.0,5297,15140,10365.0,20,10380.0,11,10385.0,3,10410.0,2,10420.0,135,10430.0,40,10455.0,2,10460.0,2,10465.0,3,10470.0,7,10420.0
si2408,,13:39:29.316#,10545.0,10545.0,10370.0,0.0,0.0,5297,15140,10365.0,20,10380.0,11,10385.0,3,10410.0,2,10420.0,133,10430.0,50,10455.0,2,10460.0,2,10465.0,3,10470.0,7,10420.0
si2408,,13:39:29.321#,10545.0,10545.0,10370.0,0.0,0.0,5297,15140,10365.0,20,10380.0,11,10385.0,3,10410.0,2,10420.0,127,10430.0,50,10455.0,2,10460.0,2,10465.0,3,10470.0,7,10420.0
si2408,,13:39:29.686#,10545.0,10545.0,10370.0,0.0,0.0,5297,15140,10365.0,20,10380.0,11,10385.0,3,10410.0,2,10420.0,136,10430.0,50,10455.0,2,10460.0,2,10465.0,3,10470.0,7,10420.0
si2408,,13:39:30.8#,10545.0,10545.0,10370.0,0.0,0.0,5297,15140,10365.0,20,10380.0,11,10385.0,3,10410.0,2,10420.0,136,10430.0,50,10455.0,2,10460.0,2,10465.0,3,10470.0,7,10420.0
si2408,,13:39:30.289#,10545.0,10545.0,10370.0,0.0,0.0,5297,15140,10365.0,20,10380.0,11,10385.0,3,10410.0,2,10420.0,136,10430.0,51,10455.0,2,10460.0,2,10465.0,3,10470.0,7,10420.0
si2408,,13:39:30.338#,10545.0,10545.0,10370.0,0.0,0.0,5297,15140,10365.0,20,10380.0,11,10385.0,3,10410.0,2,10420.0,137,10430.0,51,10455.0,2,10460.0,2,10465.0,3,10470.0,7,10420.0
si2408,,13:39:31.600#,10545.0,10545.0,10370.0,0.0,0.0,5297,15140,10365.0,20,10380.0,11,10385.0,3,10410.0,2,10420.0,137,10430.0,53,10455.0,2,10460.0,2,10465.0,3,10470.0,7,10420.0
si2408,,13:39:32.38#,10545.0,10545.0,10370.0,0.0,0.0,5297,15140,10365.0,20,10380.0,11,10385.0,3,10410.0,2,10420.0,131,10430.0,53,10455.0,2,10460.0,2,10465.0,3,10470.0,7,10420.0
si2408,,13:39:32.511#,10545.0,10545.0,10370.0,0.0,0.0,5297,15140,10365.0,20,10380.0,11,10385.0,3,10410.0,2,10420.0,122,10430.0,53,10455.0,2,10460.0,2,10465.0,3,10470.0,7,10420.0
si2408,,13:39:32.625#,10545.0,10545.0,10370.0,0.0,0.0,5297,15140,10365.0,20,10380.0,11,10385.0,3,10410.0,2,10420.0,119,10430.0,56,10455.0,2,10460.0,2,10465.0,3,10470.0,7,10420.0
si2408,,13:39:33.421#,10545.0,10545.0,10370.0,0.0,0.0,5297,15140,10365.0,20,10380.0,11,10385.0,3,10410.0,2,10420.0,120,10430.0,56,10455.0,2,10460.0,2,10465.0,3,10470.0,7,10420.0
si2408,,13:39:34.230#,10545.0,10545.0,10370.0,0.0,0.0,5297,15140,10365.0,20,10380.0,11,10385.0,3,10410.0,2,10420.0,121,10430.0,56,10455.0,2,10460.0,2,10465.0,3,10470.0,7,10420.0
si2408,,13:39:34.690#,10545.0,10545.0,10370.0,0.0,0.0,5297,15140,10365.0,20,10380.0,11,10385.0,3,10410.0,2,10420.0,121,10430.0,57,10455.0,2,10460.0,2,10465.0,3,10470.0,7,10420.0
si2408,,13:39:35.57#,10545.0,10545.0,10370.0,0.0,0.0,5297,15140,10365.0,20,10380.0,11,10385.0,3,10410.0,2,10420.0,121,10430.0,59,10455.0,2,10460.0,2,10465.0,3,10470.0,7,10420.0
si2408,,13:39:35.188#,10545.0,10545.0,10370.0,0.0,0.0,5297,15140,10365.0,20,10380.0,11,10385.0,3,10410.0,2,10420.0,121,10430.0,64,10455.0,2,10460.0,2,10465.0,3,10470.0,7,10420.0
si2408,,13:39:35.521#,10545.0,10545.0,10370.0,0.0,0.0,5297,15140,10365.0,20,10380.0,11,10385.0,3,10410.0,2,10420.0,117,10430.0,68,10455.0,2,10460.0,2,10465.0,3,10470.0,7,10420.0
si2408,,13:39:35.666#,10545.0,10545.0,10370.0,0.0,0.0,5297,15140,10365.0,20,10380.0,11,10385.0,3,10410.0,2,10420.0,118,10430.0,69,10455.0,2,10460.0,2,10465.0,3,10470.0,7,10420.0
si2408,,13:39:36.279#,10545.0,10545.0,10370.0,0.0,0.0,5297,15140,10365.0,20,10380.0,11,10385.0,3,10410.0,2,10420.0,117,10430.0,69,10455.0,2,10460.0,2,10465.0,3,10470.0,7,10420.0
si2408,,13:39:36.583#,10545.0,10545.0,10370.0,0.0,0.0,5297,15140,10365.0,20,10380.0,11,10385.0,3,10410.0,2,10420.0,117,10430.0,70,10455.0,2,10460.0,2,10465.0,3,10470.0,7,10420.0
si2408,,13:39:37.64#,10545.0,10545.0,10370.0,0.0,0.0,5297,15140,10365.0,20,10380.0,11,10385.0,3,10410.0,2,10420.0,118,10430.0,78,10455.0,2,10460.0,2,10465.0,3,10470.0,7,10420.0
si2408,,13:39:37.269#,10545.0,10545.0,10370.0,0.0,0.0,5297,15140,10365.0,20,10380.0,11,10385.0,3,10410.0,2,10420.0,111,10430.0,78,10455.0,2,10460.0,2,10465.0,3,10470.0,7,10420.0
si2408,,13:39:37.321#,10545.0,10545.0,10370.0,0.0,0.0,5297,15140,10365.0,20,10380.0,11,10385.0,3,10410.0,2,10420.0,111,10430.0,80,10455.0,2,10460.0,2,10465.0,3,10470.0,7,10420.0
si2408,,13:39:37.813#,10545.0,10545.0,10370.0,0.0,0.0,5297,15140,10365.0,20,10380.0,11,10385.0,3,10410.0,2,10420.0,112,10430.0,80,10455.0,2,10460.0,2,10465.0,3,10470.0,7,10420.0
si2408,,13:39:38.274#,10545.0,10545.0,10370.0,0.0,0.0,5297,15140,10365.0,20,10380.0,11,10385.0,3,10410.0,2,10420.0,111,10430.0,79,10455.0,2,10460.0,2,10465.0,3,10470.0,7,10420.0
si2408,,13:39:38.803#,10545.0,10545.0,10370.0,0.0,0.0,5297,15140,10365.0,20,10380.0,11,10385.0,3,10410.0,2,10420.0,111,10430.0,70,10455.0,2,10460.0,2,10465.0,3,10470.0,7,10420.0
si2408,,13:39:38.834#,10545.0,10545.0,10370.0,0.0,0.0,5297,15140,10365.0,20,10380.0,11,10385.0,3,10410.0,2,10420.0,115,10430.0,61,10455.0,2,10460.0,2,10465.0,3,10470.0,7,10420.0
si2408,,13:39:39.127#,10545.0,10545.0,10370.0,0.0,0.0,5297,15140,10380.0,11,10385.0,3,10410.0,2,10420.0,118,10425.0,2,10430.0,56,10455.0,2,10460.0,2,10465.0,3,10470.0,7,10420.0
si2408,,13:39:39.394#,10545.0,10545.0,10370.0,0.0,0.0,5297,15140,10380.0,11,10385.0,3,10410.0,2,10420.0,124,10425.0,2,10430.0,54,10455.0,2,10460.0,2,10465.0,3,10470.0,7,10420.0
si2408,,13:39:39.571#,10545.0,10545.0,10370.0,0.0,0.0,5297,15140,10380.0,11,10385.0,3,10410.0,2,10420.0,124,10425.0,2,10430.0,53,10455.0,2,10460.0,2,10465.0,3,10470.0,7,10420.0
si2408,,13:39:40.5#,10545.0,10545.0,10370.0,0.0,0.0,5297,15140,10380.0,11,10385.0,3,10410.0,2,10420.0,124,10425.0,2,10430.0,54,10455.0,2,10460.0,2,10465.0,3,10470.0,7,10420.0
si2408,,13:39:40.209#,10545.0,10545.0,10370.0,0.0,0.0,5297,15140,10365.0,20,10380.0,11,10385.0,3,10410.0,2,10420.0,124,10430.0,54,10455.0,2,10460.0,2,10465.0,3,10470.0,7,10420.0
si2408,,13:39:40.804#,10545.0,10545.0,10370.0,0.0,0.0,5297,15140,10365.0,20,10380.0,11,10385.0,3,10410.0,2,10420.0,115,10430.0,53,10455.0,2,10460.0,2,10465.0,3,10470.0,7,10420.0
si2408,,13:39:40.836#,10545.0,10545.0,10370.0,0.0,0.0,5297,15140,10365.0,20,10380.0,11,10385.0,3,10410.0,2,10420.0,101,10430.0,53,10455.0,2,10460.0,2,10465.0,3,10470.0,7,10420.0
si2408,,13:39:41.241#,10545.0,10545.0,10370.0,0.0,0.0,5297,15140,10365.0,20,10380.0,11,10385.0,3,10410.0,2,10420.0,100,10430.0,53,10455.0,2,10460.0,2,10465.0,3,10470.0,7,10420.0
si2408,,13:39:41.321#,10545.0,10545.0,10370.0,0.0,0.0,5297,15140,10365.0,20,10380.0,11,10385.0,3,10410.0,2,10420.0,103,10430.0,53,10455.0,2,10460.0,2,10465.0,3,10470.0,7,10420.0
si2408,,13:39:42.212#,10545.0,10545.0,10370.0,0.0,0.0,5297,15140,10365.0,20,10380.0,11,10385.0,3,10410.0,2,10420.0,104,10430.0,53,10455.0,2,10460.0,2,10465.0,3,10470.0,7,10420.0
si2408,,13:39:42.477#,10545.0,10545.0,10370.0,0.0,0.0,5297,15140,10365.0,20,10380.0,11,10385.0,3,10410.0,2,10420.0,104,10430.0,54,10455.0,2,10460.0,2,10465.0,3,10470.0,7,10420.0
si2408,,13:39:42.612#,10545.0,10545.0,10370.0,0.0,0.0,5297,15140,10365.0,20,10380.0,11,10385.0,3,10410.0,2,10420.0,104,10430.0,55,10455.0,2,10460.0,2,10465.0,3,10470.0,7,10420.0
si2408,,13:39:42.852#,10545.0,10545.0,10370.0,0.0,0.0,5297,15140,10365.0,20,10380.0,11,10385.0,3,10410.0,2,10420.0,104,10430.0,57,10455.0,2,10460.0,2,10465.0,3,10470.0,7,10420.0
si2408,,13:39:44.35#,10545.0,10545.0,10370.0,0.0,0.0,5297,15140,10365.0,20,10380.0,11,10385.0,3,10410.0,2,10420.0,104,10430.0,58,10455.0,2,10460.0,2,10465.0,3,10470.0,7,10420.0
si2408,,13:39:44.71#,10545.0,10545.0,10370.0,0.0,0.0,5297,15140,10365.0,20,10380.0,11,10385.0,3,10410.0,2,10420.0,104,10430.0,61,10455.0,2,10460.0,2,10465.0,3,10470.0,7,10420.0
si2408,,13:39:44.538#,10545.0,10545.0,10370.0,0.0,0.0,5297,15140,10365.0,15,10380.0,11,10385.0,3,10410.0,2,10420.0,104,10430.0,61,10455.0,2,10460.0,2,10465.0,3,10470.0,7,10420.0
si2408,,13:39:44.844#,10545.0,10545.0,10370.0,0.0,0.0,5297,15140,10365.0,15,10380.0,11,10385.0,3,10410.0,2,10420.0,104,10430.0,56,10455.0,2,10460.0,2,10465.0,3,10470.0,7,10420.0
si2408,,13:39:45.547#,10545.0,10545.0,10370.0,0.0,0.0,5297,15140,10365.0,15,10380.0,11,10385.0,3,10410.0,2,10420.0,95,10430.0,38,10455.0,2,10460.0,2,10465.0,3,10470.0,7,10420.0
si2408,,13:39:45.805#,10545.0,10545.0,10370.0,0.0,0.0,5297,15140,10365.0,15,10380.0,11,10385.0,3,10410.0,2,10420.0,101,10430.0,35,10455.0,2,10460.0,2,10465.0,3,10470.0,7,10420.0
si2408,,13:39:45.848#,10545.0,10545.0,10370.0,0.0,0.0,5297,15140,10365.0,15,10380.0,11,10385.0,3,10410.0,2,10420.0,94,10430.0,30,10455.0,2,10460.0,2,10465.0,3,10470.0,7,10420.0
si2408,,13:39:46.303#,10545.0,10545.0,10370.0,0.0,0.0,5297,15140,10365.0,15,10380.0,11,10385.0,3,10410.0,2,10420.0,94,10430.0,27,10455.0,2,10460.0,2,10465.0,3,10470.0,7,10420.0
si2408,,13:39:46.541#,10545.0,10545.0,10370.0,0.0,0.0,5297,15140,10365.0,15,10380.0,11,10385.0,3,10410.0,2,10420.0,108,10430.0,18,10455.0,2,10460.0,2,10465.0,3,10470.0,7,10420.0
si2408,,13:39:46.802#,10545.0,10545.0,10370.0,0.0,0.0,5297,15140,10380.0,11,10385.0,3,10410.0,2,10420.0,65,10425.0,3,10430.0,13,10435.0,82,10455.0,2,10460.0,2,10465.0,3,10420.0
si2408,,13:39:46.866#,10545.0,10545.0,10370.0,0.0,0.0,5297,15140,10380.0,11,10385.0,3,10410.0,2,10420.0,118,10425.0,3,10430.0,42,10455.0,2,10460.0,2,10465.0,3,10470.0,7,10420.0
si2408,,13:39:47.125#,10545.0,10545.0,10370.0,0.0,0.0,5297,15140,10365.0,15,10380.0,11,10385.0,3,10410.0,2,10420.0,113,10430.0,43,10455.0,2,10460.0,2,10465.0,3,10470.0,7,10420.0
si2408,,13:39:47.375#,10545.0,10545.0,10370.0,0.0,0.0,5297,15140,10365.0,15,10380.0,11,10385.0,3,10410.0,2,10420.0,101,10430.0,39,10455.0,2,10460.0,2,10465.0,3,10470.0,7,10420.0
si2408,,13:39:47.573#,10545.0,10545.0,10370.0,0.0,0.0,5297,15140,10365.0,15,10380.0,11,10385.0,3,10410.0,2,10420.0,104,10430.0,43,10455.0,2,10460.0,2,10465.0,3,10470.0,7,10420.0
si2408,,13:39:48.549#,10545.0,10545.0,10370.0,0.0,0.0,5297,15140,10365.0,15,10380.0,11,10385.0,3,10410.0,2,10420.0,103,10430.0,43,10455.0,2,10460.0,2,10465.0,3,10470.0,7,10420.0
si2408,,13:39:48.594#,10545.0,10545.0,10370.0,0.0,0.0,5297,15140,10380.0,11,10385.0,3,10410.0,2,10420.0,103,10425.0,1,10430.0,43,10455.0,2,10460.0,2,10465.0,3,10470.0,7,10420.0
si2408,,13:39:49.421#,10545.0,10545.0,10370.0,0.0,0.0,5297,15140,10380.0,11,10385.0,3,10410.0,2,10420.0,103,10425.0,1,10430.0,49,10455.0,2,10460.0,2,10465.0,3,10470.0,7,10420.0
si2408,,13:39:50.18#,10545.0,10545.0,10370.0,0.0,0.0,5297,15140,10380.0,11,10385.0,3,10410.0,2,10420.0,104,10425.0,1,10430.0,49,10455.0,2,10460.0,2,10465.0,3,10470.0,7,10420.0
si2408,,13:39:50.539#,10545.0,10545.0,10370.0,0.0,0.0,5297,15140,10380.0,11,10385.0,3,10410.0,2,10420.0,105,10425.0,1,10430.0,40,10455.0,2,10460.0,2,10465.0,3,10470.0,7,10420.0
si2408,,13:39:50.571#,10545.0,10545.0,10370.0,0.0,0.0,5297,15140,10380.0,11,10385.0,3,10410.0,2,10420.0,105,10425.0,1,10430.0,34,10455.0,2,10460.0,2,10465.0,3,10470.0,7,10420.0
si2408,,13:39:51.93#,10545.0,10545.0,10370.0,0.0,0.0,5297,15140,10380.0,11,10385.0,3,10410.0,2,10420.0,105,10425.0,1,10430.0,35,10455.0,2,10460.0,2,10465.0,3,10470.0,7,10420.0
si2408,,13:39:51.370#,10545.0,10545.0,10370.0,0.0,0.0,5297,15140,10380.0,11,10385.0,3,10410.0,2,10420.0,105,10425.0,1,10430.0,35,10455.0,2,10460.0,2,10465.0,3,10470.0,7,10420.0
si2408,,13:39:51.791#,10545.0,10545.0,10370.0,0.0,0.0,5297,15140,10380.0,11,10385.0,3,10410.0,2,10420.0,96,10425.0,1,10430.0,35,10455.0,2,10460.0,2,10465.0,3,10470.0,7,10420.0
si2408,,13:39:51.835#,10545.0,10545.0,10370.0,0.0,0.0,5297,15140,10380.0,11,10385.0,3,10410.0,2,10420.0,89,10425.0,1,10430.0,38,10455.0,2,10460.0,2,10465.0,3,10470.0,7,10420.0
si2408,,13:39:52.130#,10545.0,10545.0,10370.0,0.0,0.0,5297,15140,10380.0,11,10385.0,3,10410.0,2,10420.0,91,10425.0,1,10430.0,54,10455.0,2,10460.0,2,10465.0,3,10470.0,7,10420.0
si2408,,13:39:52.548#,10545.0,10545.0,10370.0,0.0,0.0,5297,15140,10380.0,11,10385.0,3,10410.0,2,10420.0,94,10425.0,1,10430.0,63,10455.0,2,10460.0,2,10465.0,3,10470.0,7,10420.0
si2408,,13:39:52.571#,10545.0,10545.0,10370.0,0.0,0.0,5297,15140,10380.0,11,10385.0,3,10410.0,2,10420.0,94,10425.0,1,10430.0,64,10455.0,2,10460.0,2,10465.0,3,10470.0,7,10420.0
si2408,,13:39:53.72#,10545.0,10545.0,10370.0,0.0,0.0,5297,15140,10380.0,11,10385.0,3,10410.0,2,10420.0,96,10425.0,1,10430.0,64,10455.0,2,10460.0,2,10465.0,3,10470.0,7,10420.0
si2408,,13:39:53.512#,10545.0,10545.0,10370.0,0.0,0.0,5297,15140,10380.0,11,10385.0,3,10410.0,2,10420.0,104,10425.0,1,10430.0,64,10455.0,2,10460.0,2,10465.0,3,10470.0,7,10420.0
si2408,,13:39:53.571#,10545.0,10545.0,10370.0,0.0,0.0,5297,15140,10380.0,11,10385.0,3,10410.0,2,10420.0,107,10425.0,1,10430.0,64,10455.0,2,10460.0,2,10465.0,3,10470.0,7,10420.0
si2408,,13:39:54.30#,10545.0,10545.0,10370.0,0.0,0.0,5297,15140,10380.0,11,10385.0,3,10410.0,2,10420.0,107,10425.0,1,10430.0,65,10455.0,2,10460.0,2,10465.0,3,10470.0,7,10420.0
si2408,,13:39:54.189#,10545.0,10545.0,10370.0,0.0,0.0,5297,15140,10380.0,11,10385.0,3,10410.0,2,10420.0,108,10425.0,1,10430.0,65,10455.0,2,10460.0,2,10465.0,3,10470.0,7,10420.0
si2408,,13:39:54.554#,10545.0,10545.0,10370.0,0.0,0.0,5297,15140,10380.0,11,10385.0,3,10410.0,2,10420.0,108,10425.0,1,10430.0,60,10455.0,2,10460.0,2,10465.0,3,10470.0,7,10420.0
si2408,,13:39:54.870#,10545.0,10545.0,10370.0,0.0,0.0,5297,15140,10380.0,11,10385.0,3,10410.0,2,10420.0,108,10425.0,1,10430.0,61,10455.0,2,10460.0,2,10465.0,3,10470.0,7,10420.0
si2408,,13:39:56.48#,10545.0,10545.0,10370.0,0.0,0.0,5297,15140,10380.0,11,10385.0,3,10410.0,2,10420.0,107,10425.0,1,10430.0,65,10455.0,2,10460.0,2,10465.0,3,10470.0,7,10420.0
si2408,,13:39:56.453#,10545.0,10545.0,10370.0,0.0,0.0,5297,15140,10380.0,11,10385.0,3,10410.0,2,10420.0,109,10425.0,1,10430.0,65,10455.0,2,10460.0,2,10465.0,3,10470.0,7,10420.0
si2408,,13:39:56.765#,10545.0,10545.0,10370.0,0.0,0.0,5297,15140,10380.0,11,10385.0,3,10410.0,2,10420.0,109,10425.0,1,10430.0,65,10455.0,2,10460.0,2,10465.0,3,10470.0,7,10420.0
si2408,,13:39:56.932#,10545.0,10545.0,10370.0,0.0,0.0,5297,15140,10380.0,11,10385.0,3,10410.0,2,10420.0,62,10425.0,1,10430.0,65,10455.0,2,10460.0,2,10465.0,3,10470.0,7,10420.0
si2408,,13:39:57.265#,10545.0,10545.0,10370.0,0.0,0.0,5297,15140,10380.0,11,10385.0,3,10410.0,2,10420.0,62,10425.0,1,10430.0,64,10455.0,2,10460.0,2,10465.0,3,10470.0,7,10420.0
si2408,,13:39:57.440#,10545.0,10545.0,10370.0,0.0,0.0,5297,15140,10380.0,11,10385.0,3,10410.0,2,10420.0,63,10425.0,1,10430.0,62,10455.0,2,10460.0,2,10465.0,3,10470.0,7,10420.0
si2408,,13:39:57.594#,10545.0,10545.0,10370.0,0.0,0.0,5297,15140,10380.0,11,10385.0,3,10410.0,2,10420.0,64,10425.0,1,10430.0,62,10455.0,2,10460.0,2,10465.0,3,10470.0,7,10420.0
si2408,,13:39:57.890#,10545.0,10545.0,10370.0,0.0,0.0,5297,15140,10380.0,11,10385.0,3,10410.0,2,10420.0,65,10425.0,1,10430.0,53,10455.0,2,10460.0,2,10465.0,3,10470.0,7,10420.0
si2408,,13:39:58.310#,10545.0,10545.0,10370.0,0.0,0.0,5297,15140,10380.0,11,10385.0,3,10410.0,2,10420.0,64,10425.0,1,10430.0,33,10455.0,2,10460.0,2,10465.0,3,10470.0,7,10420.0
si2408,,13:39:58.460#,10545.0,10545.0,10370.0,0.0,0.0,5297,15140,10365.0,15,10380.0,11,10385.0,3,10410.0,2,10420.0,67,10430.0,23,10455.0,2,10460.0,2,10465.0,3,10470.0,7,10420.0
si2408,,13:39:58.803#,10545.0,10545.0,10370.0,0.0,0.0,5297,15140,10380.0,11,10385.0,3,10410.0,2,10420.0,67,10425.0,2,10430.0,24,10455.0,2,10460.0,2,10465.0,3,10470.0,7,10420.0
si2408,,13:39:58.898#,10545.0,10545.0,10370.0,0.0,0.0,5297,15140,10365.0,15,10380.0,11,10385.0,3,10410.0,2,10420.0,58,10430.0,48,10455.0,2,10460.0,2,10465.0,3,10470.0,7,10420.0
si2408,,13:39:59.127#,10545.0,10545.0,10370.0,0.0,0.0,5297,15140,10365.0,15,10380.0,11,10385.0,3,10410.0,2,10420.0,47,10425.0,2,10430.0,76,10455.0,2,10460.0,2,10465.0,3,10420.0
si2408,,13:39:59.322#,10545.0,10545.0,10370.0,0.0,0.0,5297,15140,10365.0,15,10380.0,11,10385.0,3,10410.0,2,10420.0,42,10425.0,2,10430.0,76,10455.0,2,10460.0,2,10465.0,3,10420.0
si2408,,13:39:59.819#,10545.0,10545.0,10370.0,0.0,0.0,5297,15140,10365.0,15,10380.0,11,10385.0,3,10410.0,2,10420.0,41,10425.0,2,10430.0,65,10455.0,2,10460.0,2,10465.0,3,10420.0
si2408,,13:39:59.858#,10545.0,10545.0,10370.0,0.0,0.0,5297,15140,10365.0,15,10380.0,11,10385.0,3,10410.0,2,10420.0,41,10425.0,2,10430.0,52,10455.0,2,10460.0,2,10465.0,3,10420.0
si2408,,13:40:00.71#,10545.0,10545.0,10370.0,0.0,0.0,5297,15140,10365.0,15,10380.0,11,10385.0,3,10410.0,2,10420.0,42,10430.0,42,10455.0,2,10460.0,2,10465.0,3,10470.0,7,10420.0
si2408,,13:40:00.369#,10545.0,10545.0,10370.0,0.0,0.0,5297,15140,10365.0,15,10380.0,11,10385.0,3,10410.0,2,10420.0,58,10430.0,42,10455.0,2,10460.0,2,10465.0,3,10470.0,7,10420.0
si2408,,13:40:00.699#,10545.0,10545.0,10370.0,0.0,0.0,5297,15140,10365.0,15,10380.0,11,10385.0,3,10410.0,2,10420.0,65,10430.0,38,10455.0,2,10460.0,2,10465.0,3,10470.0,7,10420.0
si2408,,13:40:00.822#,10545.0,10545.0,10370.0,0.0,0.0,5297,15140,10365.0,15,10380.0,11,10385.0,3,10410.0,2,10420.0,65,10430.0,33,10455.0,2,10460.0,2,10465.0,3,10470.0,7,10420.0
si2408,,13:40:01.305#,10545.0,10545.0,10370.0,0.0,0.0,5297,15140,10365.0,15,10380.0,11,10385.0,3,10410.0,2,10420.0,56,10430.0,29,10455.0,2,10460.0,2,10465.0,3,10470.0,7,10420.0
si2408,,13:40:01.392#,10545.0,10545.0,10370.0,0.0,0.0,5297,15140,10365.0,15,10380.0,11,10385.0,3,10410.0,2,10420.0,47,10430.0,38,10455.0,2,10460.0,2,10465.0,3,10470.0,7,10420.0
si2408,,13:40:01.735#,10545.0,10545.0,10370.0,0.0,0.0,5297,15140,10365.0,15,10380.0,11,10385.0,3,10410.0,2,10420.0,38,10430.0,48,10455.0,2,10460.0,2,10465.0,3,10470.0,7,10420.0
si2408,,13:40:01.825#,10545.0,10545.0,10370.0,0.0,0.0,5297,15140,10365.0,15,10380.0,11,10385.0,3,10410.0,2,10420.0,38,10425.0,2,10430.0,52,10455.0,2,10460.0,2,10465.0,3,10420.0
si2408,,13:40:02.200#,10545.0,10545.0,10370.0,0.0,0.0,5297,15140,10365.0,15,10380.0,11,10385.0,3,10410.0,2,10420.0,30,10425.0,2,10430.0,52,10455.0,2,10460.0,2,10465.0,3,10420.0
si2408,,13:40:02.569#,10545.0,10545.0,10370.0,0.0,0.0,5297,15140,10365.0,15,10380.0,11,10385.0,3,10410.0,2,10420.0,25,10425.0,2,10430.0,52,10455.0,2,10460.0,2,10465.0,3,10420.0
si2408,,13:40:02.971#,10545.0,10545.0,10370.0,0.0,0.0,5297,15140,10365.0,15,10380.0,11,10385.0,3,10410.0,2,10420.0,29,10425.0,2,10430.0,51,10455.0,2,10460.0,2,10465.0,3,10420.0
si2408,,13:40:03.211#,10545.0,10545.0,10370.0,0.0,0.0,5297,15140,10365.0,15,10380.0,11,10385.0,3,10410.0,2,10420.0,30,10430.0,56,10455.0,2,10460.0,2,10465.0,3,10470.0,7,10420.0
si2408,,13:40:03.533#,10545.0,10545.0,10370.0,0.0,0.0,5297,15140,10380.0,11,10385.0,3,10410.0,2,10420.0,30,10425.0,7,10430.0,38,10455.0,2,10460.0,2,10465.0,3,10470.0,7,10420.0
si2408,,13:40:03.628#,10545.0,10545.0,10370.0,0.0,0.0,5297,15140,10380.0,11,10385.0,3,10410.0,2,10420.0,51,10425.0,7,10430.0,22,10455.0,2,10460.0,2,10465.0,3,10470.0,7,10420.0
si2408,,13:40:03.821#,10545.0,10545.0,10370.0,0.0,0.0,5297,15140,10380.0,11,10385.0,3,10410.0,2,10420.0,57,10425.0,7,10430.0,14,10455.0,2,10460.0,2,10465.0,3,10470.0,7,10420.0
si2408,,13:40:04.199#,10545.0,10545.0,10370.0,0.0,0.0,5297,15140,10380.0,11,10385.0,3,10410.0,2,10420.0,58,10425.0,7,10430.0,23,10455.0,2,10460.0,2,10465.0,3,10470.0,7,10420.0
si2408,,13:40:04.337#,10545.0,10545.0,10370.0,0.0,0.0,5297,15140,10380.0,11,10385.0,3,10410.0,2,10420.0,58,10425.0,7,10430.0,23,10455.0,2,10460.0,2,10465.0,3,10470.0,7,10420.0
si2408,,13:40:05.268#,10545.0,10545.0,10370.0,0.0,0.0,5297,15140,10380.0,11,10385.0,3,10410.0,2,10420.0,60,10425.0,7,10430.0,23,10455.0,2,10460.0,2,10465.0,3,10470.0,7,10420.0
si2408,,13:40:05.336#,10545.0,10545.0,10370.0,0.0,0.0,5297,15140,10380.0,11,10385.0,3,10410.0,2,10420.0,58,10425.0,7,10430.0,23,10455.0,2,10460.0,2,10465.0,3,10470.0,7,10420.0
si2408,,13:40:05.805#,10545.0,10545.0,10370.0,0.0,0.0,5297,15140,10380.0,11,10385.0,3,10410.0,2,10420.0,58,10425.0,7,10430.0,17,10455.0,2,10460.0,2,10465.0,3,10470.0,7,10420.0
si2408,,13:40:05.908#,10545.0,10545.0,10370.0,0.0,0.0,5297,15140,10380.0,11,10385.0,3,10410.0,2,10420.0,49,10425.0,7,10430.0,9,10455.0,2,10460.0,2,10465.0,3,10470.0,7,10420.0
si2408,,13:40:06.155#,10545.0,10545.0,10370.0,0.0,0.0,5297,15140,10380.0,11,10385.0,3,10410.0,2,10420.0,54,10425.0,7,10430.0,23,10455.0,2,10460.0,2,10465.0,3,10470.0,7,10420.0
si2408,,13:40:06.321#,10545.0,10545.0,10370.0,0.0,0.0,5297,15140,10380.0,11,10385.0,3,10410.0,2,10420.0,49,10425.0,7,10430.0,26,10455.0,2,10460.0,2,10465.0,3,10470.0,7,10420.0
si2408,,13:40:07.451#,10545.0,10545.0,10370.0,0.0,0.0,5297,15140,10380.0,11,10385.0,3,10410.0,2,10420.0,49,10425.0,7,10430.0,26,10455.0,2,10460.0,2,10465.0,3,10470.0,7,10420.0
si2408,,13:40:07.572#,10545.0,10545.0,10370.0,0.0,0.0,5297,15140,10380.0,11,10385.0,3,10410.0,2,10420.0,50,10425.0,7,10430.0,26,10455.0,2,10460.0,2,10465.0,3,10470.0,7,10420.0
si2408,,13:40:08.55#,10545.0,10545.0,10370.0,0.0,0.0,5297,15140,10380.0,11,10385.0,3,10410.0,2,10420.0,49,10425.0,7,10430.0,26,10455.0,2,10460.0,2,10465.0,3,10470.0,7,10420.0
si2408,,13:40:08.171#,10545.0,10545.0,10370.0,0.0,0.0,5297,15140,10380.0,11,10385.0,3,10410.0,2,10420.0,49,10425.0,7,10430.0,36,10455.0,2,10460.0,2,10465.0,3,10470.0,7,10420.0
si2408,,13:40:08.321#,10545.0,10545.0,10370.0,0.0,0.0,5297,15140,10380.0,11,10385.0,3,10410.0,2,10420.0,48,10425.0,7,10430.0,45,10455.0,2,10460.0,2,10465.0,3,10470.0,7,10420.0
si2408,,13:40:08.704#,10545.0,10545.0,10370.0,0.0,0.0,5297,15140,10380.0,11,10385.0,3,10410.0,2,10420.0,44,10425.0,7,10430.0,52,10455.0,2,10460.0,2,10465.0,3,10470.0,7,10420.0
si2408,,13:40:08.879#,10545.0,10545.0,10370.0,0.0,0.0,5297,15140,10380.0,11,10385.0,3,10410.0,2,10420.0,44,10425.0,7,10430.0,48,10455.0,2,10460.0,2,10465.0,3,10470.0,7,10420.0
si2408,,13:40:09.457#,10545.0,10545.0,10370.0,0.0,0.0,5297,15140,10380.0,11,10385.0,3,10410.0,2,10420.0,44,10425.0,7,10430.0,49,10455.0,2,10460.0,2,10465.0,3,10470.0,7,10420.0
si2408,,13:40:09.910#,10545.0,10545.0,10370.0,0.0,0.0,5297,15140,10380.0,11,10385.0,3,10410.0,2,10420.0,42,10425.0,7,10430.0,49,10455.0,2,10460.0,2,10465.0,3,10470.0,7,10420.0
si2408,,13:40:10.280#,10545.0,10545.0,10370.0,0.0,0.0,5297,15140,10380.0,11,10385.0,3,10410.0,2,10420.0,45,10425.0,7,10430.0,49,10455.0,2,10460.0,2,10465.0,3,10470.0,7,10420.0
si2408,,13:40:10.366#,10545.0,10545.0,10370.0,0.0,0.0,5297,15140,10380.0,11,10385.0,3,10410.0,2,10420.0,36,10425.0,7,10430.0,49,10455.0,2,10460.0,2,10465.0,3,10470.0,7,10420.0
si2408,,13:40:10.927#,10545.0,10545.0,10370.0,0.0,0.0,5297,15140,10380.0,11,10385.0,3,10410.0,2,10420.0,37,10425.0,7,10430.0,52,10455.0,2,10460.0,2,10465.0,3,10470.0,7,10420.0
si2408,,13:40:11.152#,10545.0,10545.0,10370.0,0.0,0.0,5297,15140,10380.0,11,10385.0,3,10410.0,2,10420.0,37,10425.0,7,10430.0,62,10455.0,2,10460.0,2,10465.0,3,10470.0,7,10420.0
si2408,,13:40:11.321#,10545.0,10545.0,10370.0,0.0,0.0,5297,15140,10380.0,11,10385.0,3,10410.0,2,10420.0,33,10425.0,7,10430.0,62,10455.0,2,10460.0,2,10465.0,3,10470.0,7,10420.0
si2408,,13:40:11.625#,10545.0,10545.0,10370.0,0.0,0.0,5297,15140,10380.0,11,10385.0,3,10410.0,2,10420.0,28,10425.0,7,10430.0,64,10455.0,2,10460.0,2,10465.0,3,10470.0,7,10420.0
si2408,,13:40:11.968#,10545.0,10545.0,10370.0,0.0,0.0,5301,15136,10380.0,11,10385.0,3,10410.0,2,10420.0,28,10425.0,3,10430.0,64,10455.0,2,10460.0,2,10465.0,3,10470.0,7,10425.0
si2408,,13:40:12.78#,10545.0,10545.0,10370.0,0.0,0.0,5301,15136,10380.0,11,10385.0,3,10410.0,2,10420.0,28,10425.0,3,10430.0,65,10455.0,2,10460.0,2,10465.0,3,10470.0,7,10425.0
si2408,,13:40:12.357#,10545.0,10545.0,10370.0,0.0,0.0,5301,15136,10380.0,11,10385.0,3,10410.0,2,10420.0,26,10425.0,3,10430.0,65,10455.0,2,10460.0,2,10465.0,3,10470.0,7,10425.0
si2408,,13:40:12.657#,10545.0,10545.0,10370.0,0.0,0.0,5301,15136,10380.0,11,10385.0,3,10410.0,2,10420.0,27,10425.0,3,10430.0,65,10455.0,2,10460.0,2,10465.0,3,10470.0,7,10425.0
si2408,,13:40:12.908#,10545.0,10545.0,10370.0,0.0,0.0,5301,15136,10380.0,11,10385.0,3,10410.0,2,10420.0,27,10425.0,3,10430.0,70,10455.0,2,10460.0,2,10465.0,3,10470.0,7,10425.0
si2408,,13:40:14.367#,10545.0,10545.0,10370.0,0.0,0.0,5301,15136,10380.0,11,10385.0,3,10410.0,2,10420.0,27,10425.0,3,10430.0,71,10455.0,2,10460.0,2,10465.0,3,10470.0,7,10425.0
si2408,,13:40:14.763#,10545.0,10545.0,10370.0,0.0,0.0,5301,15136,10380.0,11,10385.0,3,10410.0,2,10420.0,25,10425.0,3,10430.0,71,10455.0,2,10460.0,2,10465.0,3,10470.0,7,10425.0
si2408,,13:40:15.463#,10545.0,10545.0,10370.0,0.0,0.0,5301,15136,10380.0,11,10385.0,3,10410.0,2,10420.0,23,10425.0,3,10430.0,71,10455.0,2,10460.0,2,10465.0,3,10470.0,7,10425.0
si2408,,13:40:15.626#,10545.0,10545.0,10370.0,0.0,0.0,5304,15133,10360.0,26,10365.0,15,10380.0,11,10385.0,3,10410.0,2,10430.0,11,10455.0,2,10460.0,2,10465.0,3,10470.0,7,10425.0
si2408,,13:40:15.824#,10545.0,10545.0,10370.0,0.0,0.0,5304,15133,10380.0,11,10385.0,3,10410.0,2,10415.0,132,10420.0,2,10425.0,12,10455.0,2,10460.0,2,10465.0,3,10470.0,7,10425.0
si2408,,13:40:16.72#,10545.0,10545.0,10370.0,0.0,0.0,5304,15133,10365.0,15,10380.0,11,10385.0,3,10410.0,2,10415.0,128,10425.0,13,10455.0,2,10460.0,2,10465.0,3,10470.0,7,10425.0
si2408,,13:40:18.339#,10545.0,10545.0,10370.0,0.0,0.0,5304,15133,10380.0,11,10385.0,3,10410.0,2,10415.0,128,10420.0,20,10425.0,12,10455.0,2,10460.0,2,10465.0,3,10470.0,7,10425.0
si2408,,13:40:18.813#,10545.0,10545.0,10370.0,0.0,0.0,5304,15133,10380.0,11,10385.0,3,10410.0,2,10415.0,1,10420.0,41,10425.0,2,10430.0,100,10455.0,2,10460.0,2,10465.0,3,10425.0
si2408,,13:40:18.825#,10545.0,10545.0,10370.0,0.0,0.0,5304,15133,10365.0,15,10380.0,11,10385.0,3,10410.0,2,10420.0,54,10425.0,1,10430.0,88,10455.0,2,10460.0,2,10465.0,3,10425.0
si2408,,13:40:19.178#,10545.0,10545.0,10370.0,0.0,0.0,5304,15133,10365.0,15,10380.0,11,10385.0,3,10410.0,2,10420.0,53,10440.0,2,10450.0,7,10455.0,2,10460.0,2,10470.0,7,10425.0
si2408,,13:40:19.541#,10545.0,10545.0,10370.0,0.0,0.0,5304,15133,10365.0,15,10380.0,11,10385.0,3,10410.0,2,10420.0,53,10430.0,79,10435.0,6,10440.0,10,10450.0,4,10455.0,2,10425.0
si2408,,13:40:19.688#,10545.0,10545.0,10370.0,0.0,0.0,5304,15133,10365.0,15,10380.0,11,10385.0,3,10410.0,2,10420.0,53,10430.0,80,10435.0,4,10440.0,2,10450.0,4,10455.0,2,10425.0
si2408,,13:40:20.226#,10545.0,10545.0,10370.0,0.0,0.0,5304,15133,10365.0,15,10380.0,11,10385.0,3,10410.0,2,10420.0,56,10430.0,80,10435.0,4,10440.0,2,10450.0,4,10455.0,2,10425.0
si2408,,13:40:20.560#,10545.0,10545.0,10370.0,0.0,0.0,5304,15133,10365.0,15,10380.0,11,10385.0,3,10410.0,2,10420.0,56,10430.0,80,10435.0,4,10440.0,2,10450.0,2,10455.0,2,10425.0
si2408,,13:40:20.755#,10545.0,10545.0,10370.0,0.0,0.0,5304,15133,10365.0,15,10380.0,11,10385.0,3,10410.0,2,10420.0,57,10430.0,80,10435.0,4,10440.0,2,10450.0,2,10455.0,2,10425.0
si2408,,13:40:20.845#,10545.0,10545.0,10370.0,0.0,0.0,5304,15133,10365.0,15,10380.0,11,10385.0,3,10410.0,2,10420.0,57,10430.0,82,10435.0,4,10440.0,2,10450.0,2,10455.0,2,10425.0
si2408,,13:40:21.97#,10545.0,10545.0,10370.0,0.0,0.0,5304,15133,10365.0,15,10380.0,11,10385.0,3,10410.0,2,10420.0,58,10430.0,82,10435.0,4,10440.0,2,10450.0,2,10455.0,2,10425.0
si2408,,13:40:21.559#,10545.0,10545.0,10370.0,0.0,0.0,5304,15133,10365.0,15,10380.0,11,10385.0,3,10410.0,2,10420.0,74,10430.0,82,10435.0,4,10440.0,2,10450.0,2,10455.0,2,10425.0
si2408,,13:40:21.784#,10545.0,10545.0,10370.0,0.0,0.0,5304,15133,10380.0,11,10385.0,3,10410.0,2,10420.0,84,10425.0,2,10430.0,65,10435.0,4,10440.0,2,10450.0,2,10455.0,2,10425.0
si2408,,13:40:21.944#,10545.0,10545.0,10370.0,0.0,0.0,5304,15133,10380.0,11,10385.0,3,10410.0,2,10420.0,109,10425.0,2,10430.0,59,10435.0,4,10440.0,2,10450.0,2,10455.0,2,10425.0
si2408,,13:40:22.80#,10545.0,10545.0,10370.0,0.0,0.0,5304,15133,10380.0,11,10385.0,3,10410.0,2,10420.0,111,10425.0,2,10430.0,53,10435.0,4,10440.0,2,10450.0,2,10455.0,2,10425.0
si2408,,13:40:22.341#,10545.0,10545.0,10370.0,0.0,0.0,5304,15133,10380.0,11,10385.0,3,10410.0,2,10420.0,108,10425.0,2,10430.0,43,10435.0,4,10440.0,2,10450.0,2,10455.0,2,10425.0
si2408,,13:40:23.141#,10545.0,10545.0,10370.0,0.0,0.0,5304,15133,10380.0,11,10385.0,3,10410.0,2,10420.0,108,10425.0,2,10430.0,43,10435.0,4,10440.0,2,10450.0,2,10455.0,2,10425.0
si2408,,13:40:23.493#,10545.0,10545.0,10370.0,0.0,0.0,5304,15133,10380.0,11,10385.0,3,10410.0,2,10420.0,109,10425.0,2,10430.0,46,10435.0,4,10440.0,2,10450.0,2,10455.0,2,10425.0
si2408,,13:40:23.654#,10545.0,10545.0,10370.0,0.0,0.0,5304,15133,10380.0,11,10385.0,3,10410.0,2,10420.0,108,10425.0,2,10430.0,46,10435.0,4,10440.0,2,10450.0,2,10455.0,2,10425.0
si2408,,13:40:24.5#,10545.0,10545.0,10370.0,0.0,0.0,5304,15133,10380.0,11,10385.0,3,10410.0,2,10420.0,88,10425.0,2,10430.0,46,10435.0,4,10440.0,2,10450.0,2,10455.0,2,10425.0
si2408,,13:40:24.126#,10545.0,10545.0,10370.0,0.0,0.0,5304,15133,10365.0,15,10380.0,11,10385.0,3,10410.0,2,10420.0,87,10430.0,58,10435.0,4,10440.0,2,10450.0,2,10455.0,2,10425.0
si2408,,13:40:24.986#,10545.0,10545.0,10370.0,0.0,0.0,5304,15133,10365.0,15,10380.0,11,10385.0,3,10410.0,2,10420.0,86,10430.0,58,10435.0,4,10440.0,2,10450.0,2,10455.0,2,10425.0
si2408,,13:40:26.571#,10545.0,10545.0,10370.0,0.0,0.0,5304,15133,10380.0,11,10385.0,3,10410.0,2,10420.0,86,10425.0,10,10430.0,58,10435.0,4,10440.0,2,10450.0,2,10455.0,2,10425.0
si2408,,13:40:27.12#,10545.0,10545.0,10370.0,0.0,0.0,5304,15133,10380.0,11,10385.0,3,10410.0,2,10420.0,85,10425.0,10,10430.0,58,10435.0,4,10440.0,2,10450.0,2,10455.0,2,10425.0
si2408,,13:40:27.921#,10545.0,10545.0,10370.0,0.0,0.0,5304,15133,10380.0,11,10385.0,3,10410.0,2,10420.0,84,10425.0,10,10430.0,58,10435.0,4,10440.0,2,10450.0,2,10455.0,2,10425.0
si2408,,13:40:28.317#,10545.0,10545.0,10370.0,0.0,0.0,5304,15133,10380.0,11,10385.0,3,10410.0,2,10420.0,84,10425.0,10,10430.0,57,10435.0,4,10440.0,2,10450.0,2,10455.0,2,10425.0
si2408,,13:40:28.554#,10545.0,10545.0,10370.0,0.0,0.0,5304,15133,10380.0,11,10385.0,3,10410.0,2,10420.0,83,10425.0,10,10430.0,58,10435.0,4,10440.0,2,10450.0,2,10455.0,2,10425.0
si2408,,13:40:28.724#,10545.0,10545.0,10370.0,0.0,0.0,5304,15133,10380.0,11,10385.0,3,10410.0,2,10420.0,85,10425.0,10,10430.0,58,10435.0,4,10440.0,2,10450.0,2,10455.0,2,10425.0
si2408,,13:40:28.926#,10545.0,10545.0,10370.0,0.0,0.0,5304,15133,10380.0,11,10385.0,3,10410.0,2,10420.0,84,10425.0,10,10430.0,58,10435.0,4,10440.0,2,10450.0,2,10455.0,2,10425.0
si2408,,13:40:30.151#,10545.0,10545.0,10370.0,0.0,0.0,5304,15133,10380.0,11,10385.0,3,10410.0,2,10420.0,83,10425.0,10,10430.0,58,10435.0,4,10440.0,2,10450.0,2,10455.0,2,10425.0
si2408,,13:40:30.778#,10545.0,10545.0,10370.0,0.0,0.0,5304,15133,10380.0,11,10385.0,3,10410.0,2,10420.0,83,10425.0,10,10430.0,59,10435.0,4,10440.0,2,10450.0,2,10455.0,2,10425.0
si2408,,13:40:31.662#,10545.0,10545.0,10370.0,0.0,0.0,5304,15133,10380.0,11,10385.0,3,10410.0,2,10420.0,84,10425.0,10,10430.0,59,10435.0,4,10440.0,2,10450.0,2,10455.0,2,10425.0
si2408,,13:40:31.933#,10545.0,10545.0,10370.0,0.0,0.0,5304,15133,10380.0,11,10385.0,3,10410.0,2,10420.0,84,10425.0,10,10430.0,61,10435.0,4,10440.0,2,10450.0,2,10455.0,2,10425.0
si2408,,13:40:33.499#,10545.0,10545.0,10370.0,0.0,0.0,5304,15133,10380.0,11,10385.0,3,10410.0,2,10420.0,83,10425.0,10,10430.0,61,10435.0,4,10440.0,2,10450.0,2,10455.0,2,10425.0
si2408,,13:40:33.751#,10545.0,10545.0,10370.0,0.0,0.0,5304,15133,10380.0,11,10385.0,3,10410.0,2,10420.0,82,10425.0,10,10430.0,61,10435.0,4,10440.0,2,10450.0,2,10455.0,2,10425.0
si2408,,13:40:33.963#,10545.0,10545.0,10370.0,0.0,0.0,5304,15133,10380.0,11,10385.0,3,10410.0,2,10420.0,81,10425.0,10,10430.0,62,10435.0,4,10440.0,2,10450.0,2,10455.0,2,10425.0
si2408,,13:40:34.534#,10545.0,10545.0,10370.0,0.0,0.0,5304,15133,10380.0,11,10385.0,3,10410.0,2,10420.0,81,10425.0,10,10430.0,66,10435.0,4,10440.0,2,10450.0,2,10455.0,2,10425.0
si2408,,13:40:35.461#,10545.0,10545.0,10370.0,0.0,0.0,5304,15133,10380.0,11,10385.0,3,10410.0,2,10420.0,81,10425.0,10,10430.0,67,10435.0,4,10440.0,2,10450.0,2,10455.0,2,10425.0
si2408,,13:40:38.300#,10545.0,10545.0,10370.0,0.0,0.0,5304,15133,10380.0,11,10385.0,3,10410.0,2,10420.0,80,10425.0,10,10430.0,66,10435.0,4,10440.0,2,10450.0,2,10455.0,2,10425.0
si2408,,13:40:40.534#,10545.0,10545.0,10370.0,0.0,0.0,5304,15133,10380.0,11,10385.0,3,10410.0,2,10420.0,79,10425.0,10,10430.0,67,10435.0,4,10440.0,2,10450.0,2,10455.0,2,10425.0
si2408,,13:40:41.546#,10545.0,10545.0,10370.0,0.0,0.0,5304,15133,10380.0,11,10385.0,3,10410.0,2,10420.0,78,10425.0,10,10430.0,66,10435.0,4,10440.0,2,10450.0,2,10455.0,2,10425.0
si2408,,13:40:41.997#,10545.0,10545.0,10370.0,0.0,0.0,5304,15133,10380.0,11,10385.0,3,10410.0,2,10420.0,78,10425.0,10,10430.0,65,10435.0,4,10440.0,2,10450.0,2,10455.0,2,10425.0
si2408,,13:40:42.223#,10545.0,10545.0,10370.0,0.0,0.0,5304,15133,10380.0,11,10385.0,3,10410.0,2,10420.0,78,10425.0,10,10430.0,70,10435.0,4,10440.0,2,10450.0,2,10455.0,2,10425.0
si2408,,13:40:42.626#,10545.0,10545.0,10370.0,0.0,0.0,5304,15133,10380.0,11,10385.0,3,10410.0,2,10420.0,78,10425.0,10,10430.0,72,10435.0,4,10440.0,2,10450.0,2,10455.0,2,10425.0
si2408,,13:40:43.518#,10545.0,10545.0,10370.0,0.0,0.0,5304,15133,10380.0,11,10385.0,3,10410.0,2,10420.0,78,10425.0,10,10430.0,72,10435.0,4,10440.0,2,10450.0,2,10455.0,2,10425.0
si2408,,13:40:44.314#,10545.0,10545.0,10370.0,0.0,0.0,5304,15133,10380.0,11,10385.0,3,10410.0,2,10420.0,78,10425.0,10,10430.0,74,10435.0,4,10440.0,2,10450.0,2,10455.0,2,10425.0
si2408,,13:40:45.991#,10545.0,10545.0,10370.0,0.0,0.0,5304,15133,10380.0,11,10385.0,3,10410.0,2,10420.0,77,10425.0,10,10430.0,74,10435.0,4,10440.0,2,10450.0,2,10455.0,2,10425.0
si2408,,13:40:46.381#,10545.0,10545.0,10370.0,0.0,0.0,5304,15133,10380.0,11,10385.0,3,10410.0,2,10420.0,75,10425.0,10,10430.0,74,10435.0,4,10440.0,2,10450.0,2,10455.0,2,10425.0
si2408,,13:40:46.970#,10545.0,10545.0,10370.0,0.0,0.0,5304,15133,10380.0,11,10385.0,3,10410.0,2,10420.0,76,10425.0,10,10430.0,74,10435.0,4,10440.0,2,10450.0,2,10455.0,2,10425.0
si2408,,13:40:48.723#,10545.0,10545.0,10370.0,0.0,0.0,5304,15133,10380.0,11,10385.0,3,10410.0,2,10420.0,72,10425.0,10,10430.0,74,10435.0,4,10440.0,2,10450.0,2,10455.0,2,10425.0
si2408,,13:40:49.42#,10545.0,10545.0,10370.0,0.0,0.0,5304,15133,10380.0,11,10385.0,3,10410.0,2,10420.0,67,10425.0,10,10430.0,75,10435.0,4,10440.0,2,10450.0,2,10455.0,2,10425.0
si2408,,13:40:49.186#,10545.0,10545.0,10370.0,0.0,0.0,5304,15133,10380.0,11,10385.0,3,10410.0,2,10420.0,68,10425.0,10,10430.0,75,10435.0,4,10440.0,2,10450.0,2,10455.0,2,10425.0
si2408,,13:40:49.451#,10545.0,10545.0,10370.0,0.0,0.0,5304,15133,10380.0,11,10385.0,3,10410.0,2,10420.0,72,10425.0,10,10430.0,75,10435.0,4,10440.0,2,10450.0,2,10455.0,2,10425.0
si2408,,13:40:49.571#,10545.0,10545.0,10370.0,0.0,0.0,5304,15133,10380.0,11,10385.0,3,10410.0,2,10420.0,73,10425.0,10,10430.0,75,10435.0,4,10440.0,2,10450.0,2,10455.0,2,10425.0
si2408,,13:40:50.306#,10545.0,10545.0,10370.0,0.0,0.0,5304,15133,10380.0,11,10385.0,3,10410.0,2,10420.0,72,10425.0,10,10430.0,75,10435.0,4,10440.0,2,10450.0,2,10455.0,2,10425.0
si2408,,13:40:50.431#,10545.0,10545.0,10370.0,0.0,0.0,5304,15133,10380.0,11,10385.0,3,10410.0,2,10420.0,72,10425.0,10,10430.0,76,10435.0,4,10440.0,2,10450.0,2,10455.0,2,10425.0
si2408,,13:40:51.819#,10545.0,10545.0,10370.0,0.0,0.0,5304,15133,10380.0,11,10385.0,3,10410.0,2,10420.0,72,10425.0,10,10430.0,77,10435.0,4,10440.0,2,10450.0,2,10455.0,2,10425.0
si2408,,13:40:52.427#,10545.0,10545.0,10370.0,0.0,0.0,5304,15133,10380.0,11,10385.0,3,10410.0,2,10420.0,72,10425.0,10,10430.0,78,10435.0,4,10440.0,2,10450.0,2,10455.0,2,10425.0
si2408,,13:40:52.997#,10545.0,10545.0,10370.0,0.0,0.0,5304,15133,10380.0,11,10385.0,3,10410.0,2,10420.0,71,10425.0,10,10430.0,78,10435.0,4,10440.0,2,10450.0,2,10455.0,2,10425.0
si2408,,13:40:53.217#,10545.0,10545.0,10370.0,0.0,0.0,5304,15133,10380.0,11,10385.0,3,10410.0,2,10420.0,71,10425.0,10,10430.0,85,10435.0,4,10440.0,2,10450.0,2,10455.0,2,10425.0
si2408,,13:40:53.321#,10545.0,10545.0,10370.0,0.0,0.0,5304,15133,10380.0,11,10385.0,3,10410.0,2,10420.0,68,10425.0,10,10430.0,85,10435.0,4,10440.0,2,10450.0,2,10455.0,2,10425.0
si2408,,13:40:56.458#,10545.0,10545.0,10370.0,0.0,0.0,5304,15133,10380.0,11,10385.0,3,10410.0,2,10420.0,68,10425.0,10,10430.0,84,10435.0,4,10440.0,2,10450.0,2,10455.0,2,10425.0
si2408,,13:40:57.122#,10545.0,10545.0,10370.0,0.0,0.0,5304,15133,10380.0,11,10385.0,3,10410.0,2,10420.0,68,10425.0,10,10430.0,85,10435.0,4,10440.0,2,10450.0,2,10455.0,2,10425.0
si2408,,13:40:57.433#,10545.0,10545.0,10370.0,0.0,0.0,5304,15133,10380.0,11,10385.0,3,10410.0,2,10420.0,67,10425.0,10,10430.0,85,10435.0,4,10440.0,2,10450.0,2,10455.0,2,10425.0
si2408,,13:40:58.128#,10545.0,10545.0,10370.0,0.0,0.0,5304,15133,10380.0,11,10385.0,3,10410.0,2,10420.0,67,10425.0,10,10430.0,84,10435.0,4,10440.0,2,10450.0,2,10455.0,2,10425.0
si2408,,13:40:58.702#,10545.0,10545.0,10370.0,0.0,0.0,5304,15133,10380.0,11,10385.0,3,10410.0,2,10420.0,70,10425.0,10,10430.0,84,10435.0,4,10440.0,2,10450.0,2,10455.0,2,10425.0
si2408,,13:40:59.657#,10545.0,10545.0,10370.0,0.0,0.0,5304,15133,10380.0,11,10385.0,3,10410.0,2,10420.0,70,10425.0,10,10430.0,84,10435.0,4,10440.0,2,10450.0,2,10455.0,2,10425.0
si2408,,13:41:01.536#,10545.0,10545.0,10370.0,0.0,0.0,5304,15133,10380.0,11,10385.0,3,10410.0,2,10420.0,69,10425.0,10,10430.0,94,10435.0,4,10440.0,2,10450.0,2,10455.0,2,10425.0
si2408,,13:41:01.695#,10545.0,10545.0,10370.0,0.0,0.0,5304,15133,10380.0,11,10385.0,3,10410.0,2,10420.0,65,10425.0,10,10430.0,95,10435.0,4,10440.0,2,10450.0,2,10455.0,2,10425.0
si2408,,13:41:03.223#,10545.0,10545.0,10370.0,0.0,0.0,5304,15133,10380.0,11,10385.0,3,10410.0,2,10420.0,69,10425.0,10,10430.0,95,10435.0,4,10440.0,2,10450.0,2,10455.0,2,10425.0
si2408,,13:41:03.737#,10545.0,10545.0,10370.0,0.0,0.0,5304,15133,10380.0,11,10385.0,3,10410.0,2,10420.0,56,10425.0,10,10430.0,95,10435.0,4,10440.0,2,10450.0,2,10455.0,2,10425.0
si2408,,13:41:04.314#,10545.0,10545.0,10370.0,0.0,0.0,5304,15133,10380.0,11,10385.0,3,10410.0,2,10420.0,49,10425.0,10,10430.0,95,10435.0,4,10440.0,2,10450.0,2,10455.0,2,10425.0
si2408,,13:41:05.518#,10545.0,10545.0,10370.0,0.0,0.0,5304,15133,10385.0,3,10410.0,2,10415.0,21,10420.0,43,10425.0,10,10430.0,94,10435.0,4,10440.0,2,10450.0,2,10455.0,2,10425.0
si2408,,13:41:05.697#,10545.0,10545.0,10370.0,0.0,0.0,5305,15132,10385.0,3,10410.0,2,10415.0,23,10420.0,43,10425.0,9,10430.0,94,10435.0,4,10440.0,2,10450.0,2,10455.0,2,10425.0
si2408,,13:41:05.903#,10545.0,10545.0,10370.0,0.0,0.0,5305,15132,10385.0,3,10410.0,2,10415.0,23,10420.0,42,10425.0,9,10430.0,94,10435.0,4,10440.0,2,10450.0,2,10455.0,2,10425.0
si2408,,13:41:06.501#,10545.0,10545.0,10370.0,0.0,0.0,5305,15132,10385.0,3,10410.0,2,10415.0,23,10420.0,41,10425.0,9,10430.0,93,10435.0,4,10440.0,2,10450.0,2,10455.0,2,10425.0
si2408,,13:41:06.769#,10545.0,10545.0,10370.0,0.0,0.0,5308,15129,10385.0,3,10410.0,2,10415.0,23,10420.0,41,10425.0,6,10430.0,92,10435.0,4,10440.0,2,10450.0,2,10455.0,2,10425.0
si2408,,13:41:07.132#,10545.0,10545.0,10370.0,0.0,0.0,5308,15129,10385.0,3,10410.0,2,10415.0,23,10420.0,40,10425.0,6,10430.0,92,10435.0,4,10440.0,2,10450.0,2,10455.0,2,10425.0
si2408,,13:41:07.757#,10545.0,10545.0,10370.0,0.0,0.0,5308,15129,10385.0,3,10410.0,2,10415.0,23,10420.0,38,10425.0,6,10430.0,91,10435.0,4,10440.0,2,10450.0,2,10455.0,2,10425.0
si2408,,13:41:07.821#,10545.0,10545.0,10370.0,0.0,0.0,5310,15127,10385.0,3,10410.0,2,10415.0,23,10420.0,34,10425.0,4,10430.0,91,10435.0,4,10440.0,2,10450.0,2,10455.0,2,10425.0
si2408,,13:41:08.135#,10545.0,10545.0,10370.0,0.0,0.0,5314,15123,10380.0,11,10385.0,3,10410.0,2,10415.0,114,10420.0,21,10425.0,28,10435.0,4,10440.0,2,10450.0,2,10455.0,2,10425.0
si2408,,13:41:08.447#,10545.0,10545.0,10370.0,0.0,0.0,5314,15123,10380.0,11,10385.0,3,10410.0,2,10415.0,112,10420.0,21,10425.0,31,10430.0,27,10440.0,2,10450.0,2,10455.0,2,10425.0
si2408,,13:41:08.704#,10545.0,10545.0,10370.0,0.0,0.0,5314,15123,10380.0,11,10385.0,3,10410.0,2,10415.0,112,10420.0,21,10425.0,37,10440.0,2,10455.0,2,10460.0,2,10465.0,3,10425.0
si2408,,13:41:09.130#,10545.0,10545.0,10370.0,0.0,0.0,5314,15123,10380.0,11,10385.0,3,10410.0,2,10415.0,112,10420.0,21,10425.0,29,10440.0,2,10455.0,2,10460.0,2,10465.0,3,10425.0
si2408,,13:41:10.146#,10545.0,10545.0,10370.0,0.0,0.0,5314,15123,10380.0,11,10385.0,3,10410.0,2,10415.0,112,10420.0,21,10425.0,28,10440.0,2,10455.0,2,10460.0,2,10465.0,3,10425.0
si2408,,13:41:10.322#,10545.0,10545.0,10370.0,0.0,0.0,5314,15123,10380.0,11,10385.0,3,10410.0,2,10415.0,112,10420.0,21,10425.0,31,10440.0,2,10455.0,2,10460.0,2,10465.0,3,10425.0
si2408,,13:41:10.710#,10545.0,10545.0,10370.0,0.0,0.0,5314,15123,10380.0,11,10385.0,3,10410.0,2,10415.0,105,10420.0,21,10425.0,31,10440.0,2,10455.0,2,10460.0,2,10465.0,3,10425.0
si2408,,13:41:10.820#,10545.0,10545.0,10370.0,0.0,0.0,5314,15123,10380.0,11,10385.0,3,10410.0,2,10415.0,105,10420.0,21,10425.0,32,10440.0,2,10455.0,2,10460.0,2,10465.0,3,10425.0
si2408,,13:41:11.71#,10545.0,10545.0,10370.0,0.0,0.0,5314,15123,10380.0,11,10385.0,3,10410.0,2,10415.0,105,10420.0,21,10425.0,33,10440.0,2,10455.0,2,10460.0,2,10465.0,3,10425.0
si2408,,13:41:11.350#,10545.0,10545.0,10370.0,0.0,0.0,5314,15123,10380.0,11,10385.0,3,10410.0,2,10415.0,105,10420.0,20,10425.0,33,10440.0,2,10455.0,2,10460.0,2,10465.0,3,10425.0
si2408,,13:41:12.797#,10545.0,10545.0,10370.0,0.0,0.0,5314,15123,10380.0,11,10385.0,3,10410.0,2,10415.0,106,10420.0,20,10425.0,32,10440.0,2,10455.0,2,10460.0,2,10465.0,3,10425.0
si2408,,13:41:12.993#,10545.0,10545.0,10370.0,0.0,0.0,5314,15123,10380.0,11,10385.0,3,10410.0,2,10415.0,107,10420.0,20,10425.0,32,10440.0,2,10455.0,2,10460.0,2,10465.0,3,10425.0
si2408,,13:41:13.262#,10545.0,10545.0,10370.0,0.0,0.0,5314,15123,10380.0,11,10385.0,3,10410.0,2,10415.0,107,10420.0,20,10425.0,7,10430.0,31,10440.0,2,10455.0,2,10460.0,2,10425.0
si2408,,13:41:13.328#,10545.0,10545.0,10370.0,0.0,0.0,5314,15123,10380.0,11,10385.0,3,10410.0,2,10415.0,107,10420.0,20,10425.0,1,10430.0,119,10440.0,2,10455.0,2,10460.0,2,10425.0
si2408,,13:41:13.693#,10545.0,10545.0,10370.0,0.0,0.0,5314,15123,10380.0,11,10385.0,3,10410.0,2,10415.0,20,10420.0,51,10435.0,5,10440.0,11,10455.0,2,10460.0,2,10465.0,3,10425.0
si2408,,13:41:13.824#,10545.0,10545.0,10370.0,0.0,0.0,5314,15123,10365.0,15,10380.0,11,10385.0,3,10410.0,2,10420.0,55,10430.0,104,10435.0,4,10440.0,11,10455.0,2,10460.0,2,10425.0
si2408,,13:41:14.72#,10545.0,10545.0,10370.0,0.0,0.0,5314,15123,10365.0,15,10380.0,11,10385.0,3,10410.0,2,10420.0,55,10430.0,104,10435.0,4,10440.0,3,10455.0,2,10460.0,2,10425.0
si2408,,13:41:14.760#,10545.0,10545.0,10370.0,0.0,0.0,5314,15123,10365.0,15,10380.0,11,10385.0,3,10410.0,2,10420.0,75,10430.0,104,10435.0,4,10440.0,3,10455.0,2,10460.0,2,10425.0
si2408,,13:41:14.821#,10545.0,10545.0,10370.0,0.0,0.0,5314,15123,10380.0,11,10385.0,3,10410.0,2,10420.0,75,10425.0,2,10430.0,104,10435.0,4,10440.0,3,10455.0,2,10460.0,2,10425.0
si2408,,13:41:15.498#,10545.0,10545.0,10370.0,0.0,0.0,5314,15123,10380.0,11,10385.0,3,10410.0,2,10420.0,75,10425.0,2,10430.0,106,10435.0,4,10440.0,3,10455.0,2,10460.0,2,10425.0
si2408,,13:41:15.800#,10545.0,10545.0,10370.0,0.0,0.0,5314,15123,10380.0,11,10385.0,3,10410.0,2,10420.0,78,10425.0,2,10430.0,105,10435.0,4,10440.0,3,10455.0,2,10460.0,2,10425.0
si2408,,13:41:16.302#,10545.0,10545.0,10370.0,0.0,0.0,5314,15123,10380.0,11,10385.0,3,10410.0,2,10420.0,77,10425.0,2,10430.0,105,10435.0,4,10440.0,3,10455.0,2,10460.0,2,10425.0
si2408,,13:41:16.321#,10545.0,10545.0,10370.0,0.0,0.0,5314,15123,10380.0,11,10385.0,3,10410.0,2,10420.0,77,10425.0,2,10430.0,104,10435.0,4,10440.0,3,10455.0,2,10460.0,2,10425.0
si2408,,13:41:16.639#,10545.0,10545.0,10370.0,0.0,0.0,5314,15123,10380.0,11,10385.0,3,10410.0,2,10420.0,78,10425.0,2,10430.0,104,10435.0,4,10440.0,3,10455.0,2,10460.0,2,10425.0
si2408,,13:41:17.29#,10545.0,10545.0,10370.0,0.0,0.0,5314,15123,10380.0,11,10385.0,3,10410.0,2,10420.0,81,10425.0,2,10430.0,104,10435.0,4,10440.0,3,10455.0,2,10460.0,2,10425.0
si2408,,13:41:17.468#,10545.0,10545.0,10370.0,0.0,0.0,5314,15123,10380.0,11,10385.0,3,10410.0,2,10420.0,80,10425.0,2,10430.0,104,10435.0,4,10440.0,3,10455.0,2,10460.0,2,10425.0
si2408,,13:41:17.672#,10545.0,10545.0,10370.0,0.0,0.0,5314,15123,10380.0,11,10385.0,3,10410.0,2,10420.0,82,10425.0,2,10430.0,104,10435.0,4,10440.0,3,10455.0,2,10460.0,2,10425.0
si2408,,13:41:18.39#,10545.0,10545.0,10370.0,0.0,0.0,5314,15123,10380.0,11,10385.0,3,10410.0,2,10420.0,84,10425.0,2,10430.0,104,10435.0,4,10440.0,3,10455.0,2,10460.0,2,10425.0
si2408,,13:41:18.180#,10545.0,10545.0,10370.0,0.0,0.0,5314,15123,10380.0,11,10385.0,3,10410.0,2,10420.0,83,10425.0,2,10430.0,104,10435.0,4,10440.0,3,10455.0,2,10460.0,2,10425.0
si2408,,13:41:18.926#,10545.0,10545.0,10370.0,0.0,0.0,5314,15123,10380.0,11,10385.0,3,10410.0,2,10420.0,83,10425.0,2,10430.0,105,10435.0,4,10440.0,3,10455.0,2,10460.0,2,10425.0
si2408,,13:41:19.227#,10545.0,10545.0,10370.0,0.0,0.0,5314,15123,10380.0,11,10385.0,3,10410.0,2,10420.0,81,10425.0,2,10430.0,105,10435.0,4,10440.0,3,10455.0,2,10460.0,2,10425.0
si2408,,13:41:20.36#,10545.0,10545.0,10370.0,0.0,0.0,5314,15123,10380.0,11,10385.0,3,10410.0,2,10420.0,78,10425.0,2,10430.0,105,10435.0,4,10440.0,3,10455.0,2,10460.0,2,10425.0
si2408,,13:41:20.298#,10545.0,10545.0,10370.0,0.0,0.0,5314,15123,10380.0,11,10385.0,3,10410.0,2,10420.0,77,10425.0,2,10430.0,105,10435.0,4,10440.0,3,10455.0,2,10460.0,2,10425.0
si2408,,13:41:20.321#,10545.0,10545.0,10370.0,0.0,0.0,5314,15123,10365.0,15,10380.0,11,10385.0,3,10410.0,2,10420.0,77,10430.0,105,10435.0,4,10440.0,3,10455.0,2,10460.0,2,10425.0
si2408,,13:41:21.301#,10545.0,10545.0,10370.0,0.0,0.0,5314,15123,10365.0,15,10380.0,11,10385.0,3,10410.0,2,10420.0,77,10430.0,105,10435.0,4,10440.0,3,10455.0,2,10460.0,2,10425.0
si2408,,13:41:21.573#,10545.0,10545.0,10370.0,0.0,0.0,5314,15123,10380.0,11,10385.0,3,10410.0,2,10415.0,23,10420.0,76,10430.0,105,10435.0,4,10440.0,3,10455.0,2,10460.0,2,10425.0
si2408,,13:41:22.25#,10545.0,10545.0,10370.0,0.0,0.0,5314,15123,10380.0,11,10385.0,3,10410.0,2,10415.0,23,10420.0,79,10430.0,105,10435.0,4,10440.0,3,10455.0,2,10460.0,2,10425.0
si2408,,13:41:22.131#,10545.0,10545.0,10370.0,0.0,0.0,5314,15123,10380.0,11,10385.0,3,10410.0,2,10420.0,89,10425.0,2,10430.0,105,10435.0,4,10440.0,3,10455.0,2,10460.0,2,10425.0
si2408,,13:41:22.322#,10545.0,10545.0,10370.0,0.0,0.0,5314,15123,10380.0,11,10385.0,3,10410.0,2,10420.0,87,10425.0,2,10430.0,105,10435.0,4,10440.0,3,10455.0,2,10460.0,2,10425.0
si2408,,13:41:22.601#,10545.0,10545.0,10370.0,0.0,0.0,5314,15123,10380.0,11,10385.0,3,10410.0,2,10420.0,87,10425.0,2,10430.0,95,10435.0,4,10440.0,3,10455.0,2,10460.0,2,10425.0
si2408,,13:41:23.800#,10545.0,10545.0,10370.0,0.0,0.0,5314,15123,10380.0,11,10385.0,3,10410.0,2,10420.0,77,10425.0,2,10430.0,95,10435.0,4,10440.0,3,10455.0,2,10460.0,2,10425.0
si2408,,13:41:23.993#,10545.0,10545.0,10370.0,0.0,0.0,5314,15123,10380.0,11,10385.0,3,10410.0,2,10420.0,79,10425.0,2,10430.0,95,10435.0,4,10440.0,3,10455.0,2,10460.0,2,10425.0
si2408,,13:41:24.194#,10545.0,10545.0,10370.0,0.0,0.0,5316,15121,10380.0,11,10385.0,3,10410.0,2,10415.0,111,10420.0,22,10430.0,19,10435.0,4,10440.0,3,10455.0,2,10460.0,2,10425.0
si2408,,13:41:24.323#,10545.0,10545.0,10370.0,0.0,0.0,5316,15121,10380.0,11,10385.0,3,10410.0,2,10415.0,111,10420.0,21,10425.0,18,10435.0,4,10440.0,3,10455.0,2,10460.0,2,10425.0
si2408,,13:41:24.817#,10545.0,10545.0,10370.0,0.0,0.0,5316,15121,10380.0,11,10385.0,3,10410.0,2,10415.0,109,10420.0,21,10425.0,20,10440.0,3,10455.0,2,10460.0,2,10465.0,3,10425.0
si2408,,13:41:24.822#,10545.0,10545.0,10370.0,0.0,0.0,5316,15121,10380.0,11,10385.0,3,10410.0,2,10415.0,108,10420.0,21,10425.0,20,10440.0,3,10455.0,2,10460.0,2,10465.0,3,10425.0
si2408,,13:41:25.226#,10545.0,10545.0,10370.0,0.0,0.0,5316,15121,10380.0,11,10385.0,3,10410.0,2,10415.0,108,10420.0,21,10425.0,21,10440.0,3,10455.0,2,10460.0,2,10465.0,3,10425.0
si2408,,13:41:25.821#,10545.0,10545.0,10370.0,0.0,0.0,5316,15121,10380.0,11,10385.0,3,10410.0,2,10415.0,108,10420.0,21,10425.0,19,10440.0,3,10455.0,2,10460.0,2,10465.0,3,10425.0
si2408,,13:41:26.519#,10545.0,10545.0,10370.0,0.0,0.0,5316,15121,10380.0,11,10385.0,3,10410.0,2,10415.0,108,10420.0,21,10425.0,18,10440.0,3,10455.0,2,10460.0,2,10465.0,3,10425.0
si2408,,13:41:26.755#,10545.0,10545.0,10370.0,0.0,0.0,5316,15121,10380.0,11,10385.0,3,10410.0,2,10415.0,108,10420.0,21,10425.0,19,10440.0,3,10455.0,2,10460.0,2,10465.0,3,10425.0
si2408,,13:41:27.43#,10545.0,10545.0,10370.0,0.0,0.0,5316,15121,10380.0,11,10385.0,3,10410.0,2,10415.0,108,10420.0,20,10425.0,26,10440.0,3,10455.0,2,10460.0,2,10465.0,3,10425.0
si2408,,13:41:27.71#,10545.0,10545.0,10370.0,0.0,0.0,5316,15121,10380.0,11,10385.0,3,10410.0,2,10415.0,108,10420.0,20,10425.0,30,10440.0,3,10455.0,2,10460.0,2,10465.0,3,10425.0
si2408,,13:41:28.398#,10545.0,10545.0,10370.0,0.0,0.0,5316,15121,10380.0,11,10385.0,3,10410.0,2,10415.0,109,10420.0,20,10425.0,30,10440.0,3,10455.0,2,10460.0,2,10465.0,3,10425.0
si2408,,13:41:29.1#,10545.0,10545.0,10370.0,0.0,0.0,5316,15121,10380.0,11,10385.0,3,10410.0,2,10415.0,109,10420.0,20,10425.0,29,10440.0,3,10455.0,2,10460.0,2,10465.0,3,10425.0
si2408,,13:41:29.125#,10545.0,10545.0,10370.0,0.0,0.0,5316,15121,10380.0,11,10385.0,3,10410.0,2,10415.0,109,10420.0,20,10425.0,27,10440.0,3,10455.0,2,10460.0,2,10465.0,3,10425.0
si2408,,13:41:29.442#,10545.0,10545.0,10370.0,0.0,0.0,5316,15121,10380.0,11,10385.0,3,10410.0,2,10415.0,125,10420.0,20,10425.0,27,10440.0,3,10455.0,2,10460.0,2,10465.0,3,10425.0
si2408,,13:41:29.626#,10545.0,10545.0,10370.0,0.0,0.0,5316,15121,10380.0,11,10385.0,3,10410.0,2,10415.0,125,10420.0,20,10425.0,10,10440.0,3,10455.0,2,10460.0,2,10465.0,3,10425.0
si2408,,13:41:29.822#,10545.0,10545.0,10370.0,0.0,0.0,5316,15121,10380.0,11,10385.0,3,10410.0,2,10415.0,20,10420.0,25,10425.0,1,10430.0,116,10440.0,3,10455.0,2,10460.0,2,10425.0
si2408,,13:41:30.128#,10545.0,10545.0,10370.0,0.0,0.0,5316,15121,10365.0,15,10380.0,11,10385.0,3,10410.0,2,10420.0,55,10435.0,7,10440.0,11,10455.0,2,10460.0,2,10465.0,3,10425.0
si2408,,13:41:30.324#,10545.0,10545.0,10370.0,0.0,0.0,5316,15121,10365.0,15,10380.0,11,10385.0,3,10410.0,2,10420.0,55,10430.0,103,10435.0,6,10440.0,11,10455.0,2,10460.0,2,10425.0
si2408,,13:41:30.603#,10545.0,10545.0,10370.0,0.0,0.0,5316,15121,10365.0,15,10380.0,11,10385.0,3,10410.0,2,10420.0,54,10430.0,103,10435.0,6,10440.0,3,10455.0,2,10460.0,2,10425.0
si2408,,13:41:31.313#,10545.0,10545.0,10370.0,0.0,0.0,5316,15121,10365.0,15,10380.0,11,10385.0,3,10410.0,2,10420.0,58,10430.0,103,10435.0,6,10440.0,3,10455.0,2,10460.0,2,10425.0
si2408,,13:41:31.756#,10545.0,10545.0,10370.0,0.0,0.0,5316,15121,10380.0,11,10385.0,3,10410.0,2,10420.0,58,10425.0,10,10430.0,104,10435.0,6,10440.0,3,10455.0,2,10460.0,2,10425.0
si2408,,13:41:31.822#,10545.0,10545.0,10370.0,0.0,0.0,5316,15121,10380.0,11,10385.0,3,10410.0,2,10420.0,58,10425.0,10,10430.0,103,10435.0,6,10440.0,3,10455.0,2,10460.0,2,10425.0
si2408,,13:41:32.301#,10545.0,10545.0,10370.0,0.0,0.0,5316,15121,10380.0,11,10385.0,3,10410.0,2,10420.0,58,10425.0,10,10430.0,105,10435.0,6,10440.0,3,10455.0,2,10460.0,2,10425.0
si2408,,13:41:32.495#,10545.0,10545.0,10370.0,0.0,0.0,5316,15121,10380.0,11,10385.0,3,10410.0,2,10420.0,58,10425.0,10,10430.0,104,10435.0,6,10440.0,3,10455.0,2,10460.0,2,10425.0
si2408,,13:41:33.125#,10545.0,10545.0,10370.0,0.0,0.0,5324,15113,10385.0,3,10410.0,2,10415.0,23,10420.0,57,10425.0,2,10430.0,104,10435.0,6,10440.0,3,10455.0,2,10460.0,2,10425.0
si2408,,13:41:33.673#,10545.0,10545.0,10370.0,0.0,0.0,5324,15113,10385.0,3,10410.0,2,10415.0,23,10420.0,59,10425.0,2,10430.0,104,10435.0,6,10440.0,3,10455.0,2,10460.0,2,10425.0
si2408,,13:41:34.464#,10545.0,10545.0,10370.0,0.0,0.0,5324,15113,10385.0,3,10410.0,2,10415.0,23,10420.0,59,10425.0,2,10430.0,105,10435.0,6,10440.0,3,10455.0,2,10460.0,2,10425.0
si2408,,13:41:34.635#,10545.0,10545.0,10370.0,0.0,0.0,5324,15113,10385.0,3,10410.0,2,10415.0,23,10420.0,54,10425.0,2,10430.0,105,10435.0,6,10440.0,3,10455.0,2,10460.0,2,10425.0
si2408,,13:41:35.44#,10545.0,10545.0,10370.0,0.0,0.0,5324,15113,10385.0,3,10410.0,2,10415.0,23,10420.0,42,10425.0,2,10430.0,105,10435.0,6,10440.0,3,10455.0,2,10460.0,2,10425.0
si2408,,13:41:35.126#,10545.0,10545.0,10370.0,0.0,0.0,5326,15111,10380.0,11,10385.0,3,10410.0,2,10415.0,23,10420.0,34,10430.0,87,10435.0,6,10440.0,3,10455.0,2,10460.0,2,10425.0
si2408,,13:41:35.410#,10545.0,10545.0,10370.0,0.0,0.0,5326,15111,10380.0,11,10385.0,3,10410.0,2,10415.0,21,10420.0,43,10430.0,87,10435.0,6,10440.0,3,10455.0,2,10460.0,2,10425.0
si2408,,13:41:35.804#,10545.0,10545.0,10370.0,0.0,0.0,5326,15111,10380.0,11,10385.0,3,10410.0,2,10415.0,21,10420.0,48,10430.0,112,10435.0,6,10440.0,3,10455.0,2,10460.0,2,10425.0
si2408,,13:41:35.821#,10545.0,10545.0,10370.0,0.0,0.0,5326,15111,10380.0,11,10385.0,3,10410.0,2,10415.0,21,10420.0,45,10430.0,112,10435.0,6,10440.0,3,10455.0,2,10460.0,2,10425.0
si2408,,13:41:36.303#,10545.0,10545.0,10370.0,0.0,0.0,5326,15111,10380.0,11,10385.0,3,10410.0,2,10415.0,21,10420.0,44,10430.0,112,10435.0,6,10440.0,3,10455.0,2,10460.0,2,10425.0
si2408,,13:41:36.571#,10545.0,10545.0,10370.0,0.0,0.0,5326,15111,10380.0,11,10385.0,3,10410.0,2,10415.0,21,10420.0,47,10430.0,112,10435.0,6,10440.0,3,10455.0,2,10460.0,2,10425.0
si2408,,13:41:37.201#,10545.0,10545.0,10370.0,0.0,0.0,5326,15111,10385.0,3,10410.0,2,10415.0,21,10420.0,47,10425.0,1,10430.0,112,10435.0,6,10440.0,3,10455.0,2,10460.0,2,10425.0
si2408,,13:41:37.335#,10545.0,10545.0,10370.0,0.0,0.0,5326,15111,10385.0,3,10410.0,2,10415.0,21,10420.0,43,10425.0,1,10430.0,112,10435.0,6,10440.0,3,10455.0,2,10460.0,2,10425.0
si2408,,13:41:37.571#,10545.0,10545.0,10370.0,0.0,0.0,5326,15111,10385.0,3,10410.0,2,10415.0,21,10420.0,38,10425.0,1,10430.0,112,10435.0,6,10440.0,3,10455.0,2,10460.0,2,10425.0
si2408,,13:41:37.821#,10545.0,10545.0,10370.0,0.0,0.0,5326,15111,10385.0,3,10410.0,2,10415.0,21,10420.0,39,10425.0,1,10430.0,112,10435.0,6,10440.0,3,10455.0,2,10460.0,2,10425.0
si2408,,13:41:39.46#,10545.0,10545.0,10370.0,0.0,0.0,5326,15111,10385.0,3,10410.0,2,10415.0,21,10420.0,39,10425.0,1,10430.0,112,10435.0,6,10440.0,3,10455.0,2,10460.0,2,10425.0
si2408,,13:41:39.306#,10545.0,10545.0,10370.0,0.0,0.0,5326,15111,10385.0,3,10410.0,2,10415.0,21,10420.0,39,10425.0,1,10430.0,112,10435.0,6,10440.0,3,10455.0,2,10460.0,2,10425.0
si2408,,13:41:39.321#,10545.0,10545.0,10370.0,0.0,0.0,5326,15111,10385.0,3,10410.0,2,10415.0,21,10420.0,41,10425.0,1,10430.0,112,10435.0,6,10440.0,3,10455.0,2,10460.0,2,10425.0
si2408,,13:41:39.571#,10545.0,10545.0,10370.0,0.0,0.0,5326,15111,10385.0,3,10410.0,2,10415.0,21,10420.0,46,10425.0,1,10430.0,112,10435.0,6,10440.0,3,10455.0,2,10460.0,2,10425.0
si2408,,13:41:40.857#,10545.0,10545.0,10370.0,0.0,0.0,5326,15111,10385.0,3,10410.0,2,10415.0,21,10420.0,46,10425.0,1,10430.0,114,10435.0,6,10440.0,3,10455.0,2,10460.0,2,10425.0
si2408,,13:41:41.533#,10545.0,10545.0,10370.0,0.0,0.0,5326,15111,10385.0,3,10410.0,2,10415.0,21,10420.0,45,10425.0,1,10430.0,113,10435.0,6,10440.0,3,10455.0,2,10460.0,2,10425.0
si2408,,13:41:41.596#,10545.0,10545.0,10370.0,0.0,0.0,5326,15111,10385.0,3,10410.0,2,10415.0,21,10420.0,46,10425.0,1,10430.0,113,10435.0,6,10440.0,3,10455.0,2,10460.0,2,10425.0
si2408,,13:41:43.17#,10545.0,10545.0,10370.0,0.0,0.0,5326,15111,10380.0,11,10385.0,3,10410.0,2,10415.0,21,10420.0,46,10430.0,113,10435.0,6,10440.0,3,10455.0,2,10460.0,2,10425.0
si2408,,13:41:43.608#,10545.0,10545.0,10370.0,0.0,0.0,5326,15111,10380.0,11,10385.0,3,10410.0,2,10415.0,21,10420.0,45,10430.0,113,10435.0,6,10440.0,3,10455.0,2,10460.0,2,10425.0
si2408,,13:41:44.378#,10545.0,10545.0,10370.0,0.0,0.0,5326,15111,10380.0,11,10385.0,3,10410.0,2,10415.0,21,10420.0,46,10430.0,113,10435.0,6,10440.0,3,10455.0,2,10460.0,2,10425.0
si2408,,13:41:44.857#,10545.0,10545.0,10370.0,0.0,0.0,5326,15111,10380.0,11,10385.0,3,10410.0,2,10415.0,21,10420.0,46,10430.0,115,10435.0,6,10440.0,3,10455.0,2,10460.0,2,10425.0
si2408,,13:41:45.279#,10545.0,10545.0,10370.0,0.0,0.0,5326,15111,10380.0,11,10385.0,3,10410.0,2,10415.0,21,10420.0,45,10430.0,115,10435.0,6,10440.0,5,10455.0,2,10460.0,2,10425.0
si2408,,13:41:45.662#,10545.0,10545.0,10370.0,0.0,0.0,5326,15111,10380.0,11,10385.0,3,10410.0,2,10415.0,21,10420.0,44,10430.0,115,10435.0,6,10440.0,5,10455.0,2,10460.0,2,10425.0
si2408,,13:41:46.30#,10545.0,10545.0,10370.0,0.0,0.0,5326,15111,10380.0,11,10385.0,3,10410.0,2,10415.0,21,10420.0,53,10430.0,115,10435.0,6,10440.0,5,10455.0,2,10460.0,2,10425.0
si2408,,13:41:46.71#,10545.0,10545.0,10370.0,0.0,0.0,5326,15111,10365.0,15,10380.0,11,10385.0,3,10410.0,2,10420.0,54,10430.0,115,10435.0,6,10440.0,5,10455.0,2,10460.0,2,10425.0
si2408,,13:41:46.662#,10545.0,10545.0,10370.0,0.0,0.0,5326,15111,10365.0,15,10380.0,11,10385.0,3,10410.0,2,10420.0,53,10430.0,115,10435.0,6,10440.0,5,10455.0,2,10460.0,2,10425.0
si2408,,13:41:50.308#,10545.0,10545.0,10370.0,0.0,0.0,5326,15111,10365.0,15,10380.0,11,10385.0,3,10410.0,2,10420.0,53,10430.0,116,10435.0,6,10440.0,5,10455.0,2,10460.0,2,10425.0
si2408,,13:41:50.352#,10545.0,10545.0,10370.0,0.0,0.0,5326,15111,10380.0,11,10385.0,3,10410.0,2,10415.0,23,10420.0,52,10430.0,116,10435.0,6,10440.0,5,10455.0,2,10460.0,2,10425.0
si2408,,13:41:50.819#,10545.0,10545.0,10370.0,0.0,0.0,5326,15111,10380.0,11,10385.0,3,10410.0,2,10415.0,23,10420.0,51,10430.0,121,10435.0,6,10440.0,5,10455.0,2,10460.0,2,10425.0
si2408,,13:41:50.826#,10545.0,10545.0,10370.0,0.0,0.0,5326,15111,10380.0,11,10385.0,3,10410.0,2,10415.0,23,10420.0,48,10430.0,121,10435.0,6,10440.0,5,10455.0,2,10460.0,2,10425.0
si2408,,13:41:51.916#,10545.0,10545.0,10370.0,0.0,0.0,5326,15111,10380.0,11,10385.0,3,10410.0,2,10415.0,23,10420.0,48,10430.0,131,10435.0,6,10440.0,5,10455.0,2,10460.0,2,10425.0
si2408,,13:41:52.73#,10545.0,10545.0,10370.0,0.0,0.0,5326,15111,10380.0,11,10385.0,3,10410.0,2,10415.0,23,10420.0,46,10430.0,131,10435.0,6,10440.0,5,10455.0,2,10460.0,2,10425.0
si2408,,13:41:52.665#,10545.0,10545.0,10370.0,0.0,0.0,5326,15111,10380.0,11,10385.0,3,10410.0,2,10415.0,23,10420.0,45,10430.0,131,10435.0,6,10440.0,5,10455.0,2,10460.0,2,10425.0
si2408,,13:41:52.822#,10545.0,10545.0,10370.0,0.0,0.0,5326,15111,10380.0,11,10385.0,3,10410.0,2,10415.0,23,10420.0,45,10430.0,112,10435.0,6,10440.0,5,10455.0,2,10460.0,2,10425.0
si2408,,13:41:53.136#,10545.0,10545.0,10370.0,0.0,0.0,5326,15111,10380.0,11,10385.0,3,10410.0,2,10415.0,22,10420.0,46,10430.0,112,10435.0,6,10440.0,5,10455.0,2,10460.0,2,10425.0
si2408,,13:41:53.400#,10545.0,10545.0,10370.0,0.0,0.0,5326,15111,10380.0,11,10385.0,3,10410.0,2,10415.0,22,10420.0,45,10430.0,112,10435.0,6,10440.0,5,10455.0,2,10460.0,2,10425.0
si2408,,13:41:53.821#,10545.0,10545.0,10370.0,0.0,0.0,5326,15111,10380.0,11,10385.0,3,10410.0,2,10415.0,22,10420.0,43,10430.0,112,10435.0,6,10440.0,5,10455.0,2,10460.0,2,10425.0
si2408,,13:41:54.288#,10545.0,10545.0,10370.0,0.0,0.0,5326,15111,10380.0,11,10385.0,3,10410.0,2,10415.0,22,10420.0,37,10430.0,113,10435.0,6,10440.0,5,10455.0,2,10460.0,2,10425.0
si2408,,13:41:54.453#,10545.0,10545.0,10370.0,0.0,0.0,5326,15111,10380.0,11,10385.0,3,10410.0,2,10415.0,22,10420.0,37,10430.0,114,10435.0,6,10440.0,5,10455.0,2,10460.0,2,10425.0
si2408,,13:41:54.572#,10545.0,10545.0,10370.0,0.0,0.0,5326,15111,10380.0,11,10385.0,3,10410.0,2,10415.0,22,10420.0,39,10430.0,114,10435.0,6,10440.0,5,10455.0,2,10460.0,2,10425.0
si2408,,13:41:54.863#,10545.0,10545.0,10370.0,0.0,0.0,5326,15111,10380.0,11,10385.0,3,10410.0,2,10415.0,22,10420.0,39,10430.0,114,10435.0,6,10440.0,5,10455.0,2,10460.0,2,10425.0
si2408,,13:41:56.68#,10545.0,10545.0,10370.0,0.0,0.0,5326,15111,10380.0,11,10385.0,3,10410.0,2,10415.0,22,10420.0,38,10430.0,114,10435.0,6,10440.0,5,10455.0,2,10460.0,2,10425.0
si2408,,13:41:56.274#,10545.0,10545.0,10370.0,0.0,0.0,5326,15111,10380.0,11,10385.0,3,10410.0,2,10415.0,22,10420.0,34,10430.0,114,10435.0,6,10440.0,5,10455.0,2,10460.0,2,10425.0
si2408,,13:41:56.321#,10545.0,10545.0,10370.0,0.0,0.0,5326,15111,10380.0,11,10385.0,3,10410.0,2,10415.0,22,10420.0,28,10430.0,114,10435.0,6,10440.0,5,10455.0,2,10460.0,2,10425.0
si2408,,13:41:56.696#,10545.0,10545.0,10370.0,0.0,0.0,5326,15111,10380.0,11,10385.0,3,10410.0,2,10415.0,131,10420.0,20,10425.0,54,10435.0,6,10440.0,5,10455.0,2,10460.0,2,10425.0
si2408,,13:41:56.834#,10545.0,10545.0,10370.0,0.0,0.0,5326,15111,10380.0,11,10385.0,3,10410.0,2,10415.0,125,10420.0,20,10425.0,50,10440.0,5,10455.0,2,10460.0,2,10465.0,3,10425.0
si2408,,13:41:57.72#,10545.0,10545.0,10370.0,0.0,0.0,5326,15111,10380.0,11,10385.0,3,10410.0,2,10415.0,125,10420.0,20,10425.0,48,10440.0,5,10455.0,2,10460.0,2,10465.0,3,10425.0
si2408,,13:41:58.765#,10545.0,10545.0,10370.0,0.0,0.0,5326,15111,10380.0,11,10385.0,3,10410.0,2,10415.0,125,10420.0,20,10425.0,49,10440.0,5,10455.0,2,10460.0,2,10465.0,3,10425.0
si2408,,13:41:59.904#,10545.0,10545.0,10370.0,0.0,0.0,5326,15111,10380.0,11,10385.0,3,10410.0,2,10415.0,125,10420.0,20,10425.0,50,10440.0,5,10455.0,2,10460.0,2,10465.0,3,10425.0
si2408,,13:42:00.858#,10545.0,10545.0,10370.0,0.0,0.0,5326,15111,10380.0,11,10385.0,3,10410.0,2,10415.0,125,10420.0,20,10425.0,49,10440.0,5,10455.0,2,10460.0,2,10465.0,3,10425.0
si2408,,13:42:01.187#,10545.0,10545.0,10370.0,0.0,0.0,5326,15111,10380.0,11,10385.0,3,10410.0,2,10415.0,127,10420.0,20,10425.0,54,10440.0,5,10455.0,2,10460.0,2,10465.0,3,10425.0
si2408,,13:42:01.410#,10545.0,10545.0,10370.0,0.0,0.0,5326,15111,10380.0,11,10385.0,3,10410.0,2,10415.0,129,10420.0,20,10425.0,58,10440.0,5,10455.0,2,10460.0,2,10465.0,3,10425.0
si2408,,13:42:01.630#,10545.0,10545.0,10370.0,0.0,0.0,5326,15111,10380.0,11,10385.0,3,10410.0,2,10415.0,129,10420.0,20,10425.0,58,10440.0,5,10455.0,2,10460.0,2,10465.0,3,10425.0
si2408,,13:42:01.849#,10545.0,10545.0,10370.0,0.0,0.0,5326,15111,10380.0,11,10385.0,3,10410.0,2,10415.0,129,10420.0,20,10425.0,62,10440.0,5,10455.0,2,10460.0,2,10465.0,3,10425.0
si2408,,13:42:02.80#,10545.0,10545.0,10370.0,0.0,0.0,5326,15111,10380.0,11,10385.0,3,10410.0,2,10415.0,129,10420.0,20,10425.0,63,10440.0,5,10455.0,2,10460.0,2,10465.0,3,10425.0
si2408,,13:42:02.695#,10545.0,10545.0,10370.0,0.0,0.0,5326,15111,10380.0,11,10385.0,3,10410.0,2,10415.0,130,10420.0,20,10425.0,63,10440.0,5,10455.0,2,10460.0,2,10465.0,3,10425.0
si2408,,13:42:05.206#,10545.0,10545.0,10370.0,0.0,0.0,5326,15111,10380.0,11,10385.0,3,10410.0,2,10415.0,130,10420.0,20,10425.0,62,10440.0,5,10455.0,2,10460.0,2,10465.0,3,10425.0
si2408,,13:42:05.498#,10545.0,10545.0,10370.0,0.0,0.0,5326,15111,10380.0,11,10385.0,3,10410.0,2,10415.0,130,10420.0,20,10425.0,75,10440.0,5,10455.0,2,10460.0,2,10465.0,3,10425.0
si2408,,13:42:05.571#,10545.0,10545.0,10370.0,0.0,0.0,5326,15111,10380.0,11,10385.0,3,10410.0,2,10415.0,124,10420.0,20,10425.0,75,10440.0,5,10455.0,2,10460.0,2,10465.0,3,10425.0
si2408,,13:42:05.957#,10545.0,10545.0,10370.0,0.0,0.0,5326,15111,10380.0,11,10385.0,3,10410.0,2,10415.0,124,10420.0,20,10425.0,81,10440.0,5,10455.0,2,10460.0,2,10465.0,3,10425.0
si2408,,13:42:06.126#,10545.0,10545.0,10370.0,0.0,0.0,5326,15111,10380.0,11,10385.0,3,10410.0,2,10415.0,108,10420.0,20,10425.0,86,10440.0,5,10455.0,2,10460.0,2,10465.0,3,10425.0
si2408,,13:42:06.321#,10545.0,10545.0,10370.0,0.0,0.0,5326,15111,10380.0,11,10385.0,3,10410.0,2,10415.0,107,10420.0,20,10425.0,91,10440.0,5,10455.0,2,10460.0,2,10465.0,3,10425.0
si2408,,13:42:07.30#,10545.0,10545.0,10370.0,0.0,0.0,5326,15111,10380.0,11,10385.0,3,10410.0,2,10415.0,107,10420.0,20,10425.0,93,10440.0,5,10455.0,2,10460.0,2,10465.0,3,10425.0
si2408,,13:42:07.543#,10545.0,10545.0,10370.0,0.0,0.0,5326,15111,10380.0,11,10385.0,3,10410.0,2,10415.0,107,10420.0,20,10425.0,94,10440.0,5,10455.0,2,10460.0,2,10465.0,3,10425.0
si2408,,13:42:08.448#,10545.0,10545.0,10370.0,0.0,0.0,5326,15111,10380.0,11,10385.0,3,10410.0,2,10415.0,107,10420.0,20,10425.0,95,10440.0,5,10455.0,2,10460.0,2,10465.0,3,10425.0
si2408,,13:42:08.685#,10545.0,10545.0,10370.0,0.0,0.0,5326,15111,10380.0,11,10385.0,3,10410.0,2,10415.0,107,10420.0,20,10425.0,104,10440.0,5,10455.0,2,10460.0,2,10465.0,3,10425.0
si2408,,13:42:08.852#,10545.0,10545.0,10370.0,0.0,0.0,5326,15111,10380.0,11,10385.0,3,10410.0,2,10415.0,107,10420.0,20,10425.0,105,10440.0,5,10455.0,2,10460.0,2,10465.0,3,10425.0
si2408,,13:42:09.568#,10545.0,10545.0,10370.0,0.0,0.0,5326,15111,10380.0,11,10385.0,3,10410.0,2,10415.0,107,10420.0,20,10425.0,104,10440.0,5,10455.0,2,10460.0,2,10465.0,3,10425.0
si2408,,13:42:10.69#,10545.0,10545.0,10370.0,0.0,0.0,5326,15111,10380.0,11,10385.0,3,10410.0,2,10415.0,107,10420.0,20,10425.0,105,10440.0,5,10455.0,2,10460.0,2,10465.0,3,10425.0
si2408,,13:42:11.176#,10545.0,10545.0,10370.0,0.0,0.0,5326,15111,10380.0,11,10385.0,3,10410.0,2,10415.0,105,10420.0,20,10425.0,106,10440.0,5,10455.0,2,10460.0,2,10465.0,3,10425.0
si2408,,13:42:11.494#,10545.0,10545.0,10370.0,0.0,0.0,5326,15111,10380.0,11,10385.0,3,10410.0,2,10415.0,106,10420.0,20,10425.0,106,10440.0,5,10455.0,2,10460.0,2,10465.0,3,10425.0
si2408,,13:42:12.289#,10545.0,10545.0,10370.0,0.0,0.0,5326,15111,10380.0,11,10385.0,3,10410.0,2,10415.0,106,10420.0,20,10425.0,115,10440.0,5,10455.0,2,10460.0,2,10465.0,3,10425.0
si2408,,13:42:12.321#,10545.0,10545.0,10370.0,0.0,0.0,5326,15111,10380.0,11,10385.0,3,10410.0,2,10415.0,104,10420.0,20,10425.0,115,10440.0,5,10455.0,2,10460.0,2,10465.0,3,10425.0
si2408,,13:42:12.882#,10545.0,10545.0,10370.0,0.0,0.0,5326,15111,10380.0,11,10385.0,3,10410.0,2,10415.0,104,10420.0,20,10425.0,116,10440.0,5,10455.0,2,10460.0,2,10465.0,3,10425.0
si2408,,13:42:13.542#,10545.0,10545.0,10370.0,0.0,0.0,5326,15111,10380.0,11,10385.0,3,10410.0,2,10415.0,104,10420.0,20,10425.0,115,10440.0,5,10455.0,2,10460.0,2,10465.0,3,10425.0
si2408,,13:42:13.598#,10545.0,10545.0,10370.0,0.0,0.0,5326,15111,10380.0,11,10385.0,3,10410.0,2,10415.0,99,10420.0,20,10425.0,115,10440.0,5,10455.0,2,10460.0,2,10465.0,3,10425.0
si2408,,13:42:13.932#,10545.0,10545.0,10370.0,0.0,0.0,5326,15111,10380.0,11,10385.0,3,10410.0,2,10415.0,99,10420.0,20,10425.0,116,10440.0,5,10455.0,2,10460.0,2,10465.0,3,10425.0
si2408,,13:42:14.742#,10545.0,10545.0,10370.0,0.0,0.0,5326,15111,10380.0,11,10385.0,3,10410.0,2,10415.0,99,10420.0,20,10425.0,115,10440.0,5,10455.0,2,10460.0,2,10465.0,3,10425.0
si2408,,13:42:15.212#,10545.0,10545.0,10370.0,0.0,0.0,5326,15111,10380.0,11,10385.0,3,10410.0,2,10415.0,99,10420.0,20,10425.0,116,10440.0,5,10455.0,2,10460.0,2,10465.0,3,10425.0
si2408,,13:42:15.540#,10545.0,10545.0,10370.0,0.0,0.0,5337,15103,10380.0,11,10385.0,3,10410.0,2,10415.0,96,10420.0,9,10425.0,116,10440.0,5,10455.0,2,10460.0,2,10465.0,3,10420.0
si2408,,13:42:15.796#,10545.0,10545.0,10370.0,0.0,0.0,5346,15094,10365.0,15,10380.0,11,10385.0,3,10410.0,116,10415.0,3,10425.0,8,10440.0,5,10455.0,2,10460.0,2,10465.0,3,10420.0
si2408,,13:42:15.922#,10545.0,10545.0,10370.0,0.0,0.0,5346,15094,10360.0,26,10365.0,15,10380.0,11,10385.0,3,10410.0,107,10420.0,55,10440.0,5,10455.0,2,10460.0,2,10465.0,3,10420.0
si2408,,13:42:16.272#,10545.0,10545.0,10370.0,0.0,0.0,5346,15094,10360.0,26,10365.0,15,10380.0,11,10385.0,3,10410.0,95,10420.0,73,10440.0,5,10455.0,2,10460.0,2,10465.0,3,10420.0
si2408,,13:42:16.323#,10545.0,10545.0,10370.0,0.0,0.0,5346,15094,10360.0,26,10365.0,15,10380.0,11,10385.0,3,10410.0,90,10420.0,78,10440.0,5,10455.0,2,10460.0,2,10465.0,3,10420.0
si2408,,13:42:16.662#,10545.0,10545.0,10370.0,0.0,0.0,5346,15094,10360.0,26,10365.0,15,10380.0,11,10385.0,3,10410.0,89,10420.0,78,10440.0,5,10455.0,2,10460.0,2,10465.0,3,10420.0
si2408,,13:42:16.962#,10545.0,10545.0,10370.0,0.0,0.0,5346,15094,10360.0,26,10365.0,15,10380.0,11,10385.0,3,10410.0,88,10420.0,78,10440.0,5,10455.0,2,10460.0,2,10465.0,3,10420.0
si2408,,13:42:17.602#,10545.0,10545.0,10370.0,0.0,0.0,5346,15094,10360.0,26,10365.0,15,10380.0,11,10385.0,3,10410.0,88,10420.0,79,10440.0,5,10455.0,2,10460.0,2,10465.0,3,10420.0
si2408,,13:42:17.902#,10545.0,10545.0,10370.0,0.0,0.0,5346,15094,10360.0,26,10365.0,15,10380.0,11,10385.0,3,10410.0,88,10420.0,81,10440.0,5,10455.0,2,10460.0,2,10465.0,3,10420.0
si2408,,13:42:18.562#,10545.0,10545.0,10370.0,0.0,0.0,5346,15094,10360.0,26,10365.0,15,10380.0,11,10385.0,3,10410.0,94,10420.0,79,10440.0,5,10455.0,2,10460.0,2,10465.0,3,10420.0
si2408,,13:42:18.571#,10545.0,10545.0,10370.0,0.0,0.0,5346,15094,10360.0,26,10365.0,15,10380.0,11,10385.0,3,10410.0,94,10420.0,77,10440.0,5,10455.0,2,10460.0,2,10465.0,3,10420.0
si2408,,13:42:18.932#,10545.0,10545.0,10370.0,0.0,0.0,5346,15094,10360.0,26,10365.0,15,10380.0,11,10385.0,3,10410.0,94,10420.0,78,10440.0,5,10455.0,2,10460.0,2,10465.0,3,10420.0
si2408,,13:42:19.143#,10545.0,10545.0,10370.0,0.0,0.0,5346,15094,10360.0,26,10365.0,15,10380.0,11,10385.0,3,10410.0,94,10420.0,79,10440.0,5,10455.0,2,10460.0,2,10465.0,3,10420.0
si2408,,13:42:19.727#,10545.0,10545.0,10370.0,0.0,0.0,5346,15094,10360.0,26,10365.0,15,10380.0,11,10385.0,3,10410.0,94,10420.0,78,10440.0,5,10455.0,2,10460.0,2,10465.0,3,10420.0
si2408,,13:42:19.842#,10545.0,10545.0,10370.0,0.0,0.0,5346,15094,10360.0,26,10365.0,15,10380.0,11,10385.0,3,10410.0,95,10420.0,77,10440.0,5,10455.0,2,10460.0,2,10465.0,3,10420.0
si2408,,13:42:20.178#,10545.0,10545.0,10370.0,0.0,0.0,5346,15094,10365.0,15,10380.0,11,10385.0,3,10410.0,100,10415.0,2,10420.0,68,10440.0,5,10455.0,2,10460.0,2,10465.0,3,10420.0
si2408,,13:42:20.353#,10545.0,10545.0,10370.0,0.0,0.0,5346,15094,10365.0,15,10380.0,11,10385.0,3,10410.0,107,10415.0,2,10420.0,69,10440.0,5,10455.0,2,10460.0,2,10465.0,3,10420.0
si2408,,13:42:20.626#,10545.0,10545.0,10370.0,0.0,0.0,5346,15094,10365.0,15,10380.0,11,10385.0,3,10410.0,109,10415.0,2,10420.0,67,10440.0,5,10455.0,2,10460.0,2,10465.0,3,10420.0
si2408,,13:42:21.52#,10545.0,10545.0,10370.0,0.0,0.0,5346,15094,10365.0,15,10380.0,11,10385.0,3,10410.0,109,10415.0,2,10420.0,66,10440.0,5,10455.0,2,10460.0,2,10465.0,3,10420.0
si2408,,13:42:21.278#,10545.0,10545.0,10370.0,0.0,0.0,5346,15094,10365.0,15,10380.0,11,10385.0,3,10410.0,110,10415.0,2,10420.0,66,10440.0,5,10455.0,2,10460.0,2,10465.0,3,10420.0
si2408,,13:42:21.800#,10545.0,10545.0,10370.0,0.0,0.0,5346,15094,10365.0,15,10380.0,11,10385.0,3,10410.0,107,10415.0,3,10420.0,67,10440.0,5,10455.0,2,10460.0,2,10465.0,3,10420.0
si2408,,13:42:22.12#,10545.0,10545.0,10370.0,0.0,0.0,5346,15094,10365.0,15,10380.0,11,10385.0,3,10410.0,116,10415.0,3,10420.0,67,10440.0,5,10455.0,2,10460.0,2,10465.0,3,10420.0
si2408,,13:42:22.125#,10545.0,10545.0,10370.0,0.0,0.0,5346,15094,10365.0,15,10380.0,11,10385.0,3,10410.0,117,10415.0,3,10420.0,61,10440.0,5,10455.0,2,10460.0,2,10465.0,3,10420.0
si2408,,13:42:22.789#,10545.0,10545.0,10370.0,0.0,0.0,5346,15094,10365.0,15,10380.0,11,10385.0,3,10410.0,116,10415.0,3,10420.0,60,10440.0,5,10455.0,2,10460.0,2,10465.0,3,10420.0
si2408,,13:42:22.987#,10545.0,10545.0,10370.0,0.0,0.0,5346,15094,10365.0,15,10380.0,11,10385.0,3,10410.0,117,10415.0,3,10420.0,60,10440.0,5,10455.0,2,10460.0,2,10465.0,3,10420.0
si2408,,13:42:23.231#,10545.0,10545.0,10370.0,0.0,0.0,5346,15094,10365.0,15,10380.0,11,10385.0,3,10410.0,117,10415.0,3,10420.0,61,10440.0,5,10455.0,2,10460.0,2,10465.0,3,10420.0
