InstrumentId,ExchangeId,Datetime,OpenPrice,HighestPrice,LowestPrice,UpperLimitPrice,LowerLimitPrice,Volume,OpenInterest,BidPrice5,BidVolume5,BidPrice4,BidVolume4,BidPrice3,BidVolume3,BidPrice2,BidVolume2,BidPrice1,BidVolume1,AskPrice1,AskVolume1,AskPrice2,AskVolume2,AskPrice3,AskVolume3,AskPrice4,AskVolume4,AskPrice5,AskVolume5,LastPrice
si2410,,13:38:34.930#,10630.0,10645.0,10510.0,0.0,0.0,16580,49480,10530.0,19,10535.0,70,10540.0,34,10545.0,29,10550.0,88,10560.0,69,10565.0,24,10570.0,22,10575.0,47,10580.0,23,10560.0
si2410,,13:38:35.80#,10630.0,10645.0,10510.0,0.0,0.0,16580,49480,10530.0,19,10535.0,70,10540.0,34,10545.0,29,10550.0,88,10560.0,77,10565.0,24,10570.0,22,10575.0,47,10580.0,23,10560.0
si2410,,13:38:35.328#,10630.0,10645.0,10510.0,0.0,0.0,16580,49480,10530.0,19,10535.0,70,10540.0,34,10545.0,29,10550.0,88,10560.0,87,10565.0,24,10570.0,22,10575.0,47,10580.0,23,10560.0
si2410,,13:38:35.981#,10630.0,10645.0,10510.0,0.0,0.0,16580,49480,10530.0,19,10535.0,70,10540.0,34,10545.0,29,10550.0,88,10560.0,87,10565.0,24,10570.0,22,10575.0,47,10580.0,23,10560.0
si2410,,13:38:37.30#,10630.0,10645.0,10510.0,0.0,0.0,16580,49480,10530.0,19,10535.0,70,10540.0,34,10545.0,29,10550.0,88,10560.0,88,10565.0,24,10570.0,22,10575.0,47,10580.0,23,10560.0
si2410,,13:38:37.500#,10630.0,10645.0,10510.0,0.0,0.0,16580,49480,10530.0,19,10535.0,70,10540.0,34,10545.0,29,10550.0,88,10560.0,88,10565.0,25,10570.0,22,10575.0,47,10580.0,23,10560.0
si2410,,13:38:37.609#,10630.0,10645.0,10510.0,0.0,0.0,16580,49480,10530.0,19,10535.0,70,10540.0,34,10545.0,29,10550.0,88,10560.0,87,10565.0,25,10570.0,22,10575.0,47,10580.0,23,10560.0
si2410,,13:38:38.54#,10630.0,10645.0,10510.0,0.0,0.0,16580,49480,10530.0,19,10535.0,65,10540.0,34,10545.0,29,10550.0,88,10560.0,87,10565.0,25,10570.0,22,10575.0,42,10580.0,23,10560.0
si2410,,13:38:38.255#,10630.0,10645.0,10510.0,0.0,0.0,16580,49480,10530.0,19,10535.0,70,10540.0,34,10545.0,29,10550.0,89,10560.0,88,10565.0,25,10570.0,22,10575.0,47,10580.0,23,10560.0
si2410,,13:38:38.426#,10630.0,10645.0,10510.0,0.0,0.0,16580,49480,10530.0,19,10535.0,70,10540.0,34,10545.0,29,10550.0,89,10560.0,85,10565.0,25,10570.0,22,10575.0,47,10580.0,23,10560.0
si2410,,13:38:38.651#,10630.0,10645.0,10510.0,0.0,0.0,16580,49480,10530.0,19,10535.0,70,10540.0,34,10545.0,29,10550.0,89,10560.0,85,10565.0,25,10570.0,22,10575.0,47,10580.0,23,10560.0
si2410,,13:38:38.930#,10630.0,10645.0,10510.0,0.0,0.0,16580,49480,10530.0,14,10535.0,70,10540.0,39,10545.0,29,10550.0,89,10560.0,85,10565.0,25,10570.0,17,10575.0,47,10580.0,28,10560.0
si2410,,13:38:39.175#,10630.0,10645.0,10510.0,0.0,0.0,16580,49480,10530.0,14,10535.0,70,10540.0,39,10545.0,29,10550.0,89,10560.0,77,10565.0,25,10570.0,17,10575.0,47,10580.0,28,10560.0
si2410,,13:38:39.329#,10630.0,10645.0,10510.0,0.0,0.0,16580,49480,10530.0,14,10535.0,70,10540.0,39,10545.0,22,10550.0,92,10560.0,65,10565.0,25,10570.0,17,10575.0,47,10580.0,28,10560.0
si2410,,13:38:39.653#,10630.0,10645.0,10510.0,0.0,0.0,16580,49480,10535.0,75,10540.0,34,10545.0,22,10550.0,92,10555.0,3,10560.0,58,10565.0,25,10570.0,17,10575.0,52,10580.0,23,10560.0
si2410,,13:38:39.868#,10630.0,10645.0,10510.0,0.0,0.0,16580,49480,10535.0,75,10540.0,34,10545.0,22,10550.0,92,10555.0,3,10560.0,56,10565.0,25,10570.0,17,10575.0,52,10580.0,23,10560.0
si2410,,13:38:40.286#,10630.0,10645.0,10510.0,0.0,0.0,16580,49480,10535.0,75,10540.0,34,10545.0,22,10550.0,93,10555.0,1,10560.0,52,10565.0,25,10570.0,17,10575.0,52,10580.0,23,10560.0
si2410,,13:38:40.562#,10630.0,10645.0,10510.0,0.0,0.0,16580,49480,10535.0,75,10540.0,34,10545.0,22,10550.0,93,10555.0,1,10560.0,51,10565.0,25,10570.0,17,10575.0,52,10580.0,23,10560.0
si2410,,13:38:40.657#,10630.0,10645.0,10510.0,0.0,0.0,16580,49480,10535.0,75,10540.0,34,10545.0,22,10550.0,94,10555.0,1,10560.0,51,10565.0,25,10570.0,17,10575.0,52,10580.0,23,10560.0
si2410,,13:38:41.230#,10630.0,10645.0,10510.0,0.0,0.0,16580,49480,10535.0,75,10540.0,34,10545.0,22,10550.0,98,10555.0,1,10560.0,51,10565.0,25,10570.0,17,10575.0,52,10580.0,23,10560.0
si2410,,13:38:41.477#,10630.0,10645.0,10510.0,0.0,0.0,16580,49480,10535.0,75,10540.0,34,10545.0,22,10550.0,98,10555.0,1,10560.0,40,10565.0,25,10570.0,17,10575.0,52,10580.0,23,10560.0
si2410,,13:38:41.665#,10630.0,10645.0,10510.0,0.0,0.0,16580,49480,10535.0,75,10540.0,29,10545.0,27,10550.0,79,10555.0,2,10560.0,20,10565.0,39,10570.0,17,10575.0,52,10580.0,23,10560.0
si2410,,13:38:41.874#,10630.0,10645.0,10510.0,0.0,0.0,16580,49480,10535.0,75,10540.0,29,10545.0,27,10550.0,79,10555.0,7,10560.0,20,10565.0,39,10570.0,17,10575.0,52,10580.0,23,10560.0
si2410,,13:38:42.281#,10630.0,10645.0,10510.0,0.0,0.0,16580,49480,10535.0,75,10540.0,29,10545.0,27,10550.0,79,10555.0,10,10560.0,23,10565.0,39,10570.0,17,10575.0,52,10580.0,23,10560.0
si2410,,13:38:42.322#,10630.0,10645.0,10510.0,0.0,0.0,16580,49480,10535.0,75,10540.0,29,10545.0,27,10550.0,79,10555.0,10,10560.0,26,10565.0,39,10570.0,17,10575.0,52,10580.0,23,10560.0
si2410,,13:38:42.651#,10630.0,10645.0,10510.0,0.0,0.0,16580,49480,10535.0,75,10540.0,29,10545.0,27,10550.0,79,10555.0,7,10560.0,30,10565.0,39,10570.0,17,10575.0,52,10580.0,23,10560.0
si2410,,13:38:42.834#,10630.0,10645.0,10510.0,0.0,0.0,16580,49480,10535.0,75,10540.0,29,10545.0,27,10550.0,79,10555.0,8,10560.0,32,10565.0,39,10570.0,17,10575.0,52,10580.0,23,10560.0
si2410,,13:38:43.303#,10630.0,10645.0,10510.0,0.0,0.0,16580,49480,10535.0,70,10540.0,29,10545.0,27,10550.0,79,10555.0,9,10560.0,32,10565.0,39,10570.0,17,10575.0,47,10580.0,23,10560.0
si2410,,13:38:43.551#,10630.0,10645.0,10510.0,0.0,0.0,16580,49480,10535.0,75,10540.0,29,10545.0,27,10550.0,79,10555.0,9,10560.0,27,10565.0,39,10570.0,17,10575.0,52,10580.0,23,10560.0
si2410,,13:38:43.597#,10630.0,10645.0,10510.0,0.0,0.0,16580,49480,10535.0,75,10540.0,29,10545.0,27,10550.0,79,10555.0,9,10560.0,28,10565.0,35,10570.0,17,10575.0,52,10580.0,23,10560.0
si2410,,13:38:44.303#,10630.0,10645.0,10510.0,0.0,0.0,16580,49480,10535.0,75,10540.0,29,10545.0,27,10550.0,79,10555.0,9,10560.0,27,10565.0,35,10570.0,17,10575.0,52,10580.0,23,10560.0
si2410,,13:38:44.380#,10630.0,10645.0,10510.0,0.0,0.0,16580,49480,10535.0,75,10540.0,29,10545.0,27,10550.0,79,10555.0,9,10560.0,26,10565.0,35,10570.0,17,10575.0,52,10580.0,23,10560.0
si2410,,13:38:44.652#,10630.0,10645.0,10510.0,0.0,0.0,16580,49480,10535.0,75,10540.0,29,10545.0,27,10550.0,79,10555.0,9,10560.0,26,10565.0,35,10570.0,17,10575.0,52,10580.0,23,10560.0
si2410,,13:38:45.208#,10630.0,10645.0,10510.0,0.0,0.0,16580,49480,10535.0,75,10540.0,29,10545.0,27,10550.0,79,10555.0,9,10560.0,25,10565.0,35,10570.0,17,10575.0,52,10580.0,23,10560.0
si2410,,13:38:45.435#,10630.0,10645.0,10510.0,0.0,0.0,16580,49480,10535.0,75,10540.0,29,10545.0,27,10550.0,79,10555.0,9,10560.0,25,10565.0,35,10570.0,17,10575.0,52,10580.0,23,10560.0
si2410,,13:38:45.756#,10630.0,10645.0,10510.0,0.0,0.0,16580,49480,10535.0,75,10540.0,29,10545.0,27,10550.0,80,10555.0,9,10560.0,28,10565.0,35,10570.0,17,10575.0,52,10580.0,23,10560.0
si2410,,13:38:45.856#,10630.0,10645.0,10510.0,0.0,0.0,16580,49480,10535.0,75,10540.0,29,10545.0,27,10550.0,80,10555.0,11,10560.0,28,10565.0,35,10570.0,17,10575.0,52,10580.0,23,10560.0
si2410,,13:38:46.71#,10630.0,10645.0,10510.0,0.0,0.0,16580,49480,10535.0,75,10540.0,29,10545.0,27,10550.0,80,10555.0,11,10560.0,27,10565.0,35,10570.0,17,10575.0,52,10580.0,23,10560.0
si2410,,13:38:46.481#,10630.0,10645.0,10510.0,0.0,0.0,16580,49480,10535.0,75,10540.0,29,10545.0,27,10550.0,80,10555.0,11,10560.0,27,10565.0,35,10570.0,17,10575.0,52,10580.0,23,10560.0
si2410,,13:38:46.686#,10630.0,10645.0,10510.0,0.0,0.0,16580,49480,10535.0,75,10540.0,29,10545.0,27,10550.0,23,10555.0,76,10560.0,4,10565.0,126,10570.0,17,10575.0,52,10580.0,23,10560.0
si2410,,13:38:47.58#,10630.0,10645.0,10510.0,0.0,0.0,16581,49480,10535.0,65,10540.0,34,10545.0,32,10550.0,22,10555.0,113,10565.0,121,10570.0,17,10575.0,42,10580.0,28,10585.0,14,10560.0
si2410,,13:38:47.216#,10630.0,10645.0,10510.0,0.0,0.0,16581,49480,10540.0,59,10545.0,27,10550.0,27,10555.0,120,10560.0,3,10565.0,110,10570.0,12,10575.0,17,10580.0,58,10585.0,14,10560.0
si2410,,13:38:47.367#,10630.0,10645.0,10510.0,0.0,0.0,16581,49480,10540.0,59,10545.0,27,10550.0,28,10555.0,122,10560.0,3,10565.0,110,10570.0,12,10575.0,17,10580.0,58,10585.0,14,10560.0
si2410,,13:38:47.744#,10630.0,10645.0,10510.0,0.0,0.0,16581,49480,10540.0,59,10545.0,27,10550.0,28,10555.0,121,10560.0,2,10565.0,110,10570.0,12,10575.0,17,10580.0,58,10585.0,14,10560.0
si2410,,13:38:48.271#,10630.0,10645.0,10510.0,0.0,0.0,16581,49480,10540.0,59,10545.0,27,10550.0,28,10555.0,120,10560.0,2,10565.0,110,10570.0,12,10575.0,17,10580.0,58,10585.0,14,10560.0
si2410,,13:38:48.377#,10630.0,10645.0,10510.0,0.0,0.0,16581,49480,10540.0,64,10545.0,22,10550.0,28,10555.0,121,10560.0,2,10565.0,110,10570.0,12,10575.0,12,10580.0,63,10585.0,14,10560.0
si2410,,13:38:48.976#,10630.0,10645.0,10510.0,0.0,0.0,16581,49480,10540.0,64,10545.0,22,10550.0,28,10555.0,120,10560.0,2,10565.0,110,10570.0,12,10575.0,12,10580.0,63,10585.0,14,10560.0
si2410,,13:38:49.293#,10630.0,10645.0,10510.0,0.0,0.0,16581,49480,10540.0,59,10545.0,22,10550.0,28,10555.0,120,10560.0,2,10565.0,110,10570.0,12,10575.0,12,10580.0,58,10585.0,14,10560.0
si2410,,13:38:49.542#,10630.0,10645.0,10510.0,0.0,0.0,16581,49480,10540.0,64,10545.0,22,10550.0,28,10555.0,118,10560.0,1,10565.0,110,10570.0,12,10575.0,12,10580.0,63,10585.0,14,10560.0
si2410,,13:38:49.651#,10630.0,10645.0,10510.0,0.0,0.0,16581,49480,10540.0,64,10545.0,22,10550.0,28,10555.0,118,10560.0,1,10565.0,110,10570.0,12,10575.0,12,10580.0,63,10585.0,14,10560.0
si2410,,13:38:49.841#,10630.0,10645.0,10510.0,0.0,0.0,16581,49480,10540.0,64,10545.0,22,10550.0,28,10555.0,118,10560.0,1,10565.0,111,10570.0,12,10575.0,12,10580.0,63,10585.0,14,10560.0
si2410,,13:38:50.112#,10630.0,10645.0,10510.0,0.0,0.0,16581,49480,10540.0,64,10545.0,22,10550.0,28,10555.0,118,10560.0,1,10565.0,112,10570.0,12,10575.0,12,10580.0,63,10585.0,14,10560.0
si2410,,13:38:50.370#,10630.0,10645.0,10510.0,0.0,0.0,16581,49480,10540.0,64,10545.0,22,10550.0,28,10555.0,118,10560.0,1,10565.0,112,10570.0,12,10575.0,12,10580.0,63,10585.0,14,10560.0
si2410,,13:38:50.587#,10630.0,10645.0,10510.0,0.0,0.0,16581,49480,10540.0,59,10545.0,22,10550.0,33,10555.0,118,10560.0,1,10565.0,112,10570.0,12,10575.0,17,10580.0,58,10585.0,14,10560.0
si2410,,13:38:51.215#,10630.0,10645.0,10510.0,0.0,0.0,16581,49480,10540.0,59,10545.0,22,10550.0,33,10555.0,118,10560.0,1,10565.0,113,10570.0,12,10575.0,17,10580.0,58,10585.0,14,10560.0
si2410,,13:38:51.511#,10630.0,10645.0,10510.0,0.0,0.0,16581,49480,10540.0,59,10545.0,22,10550.0,33,10555.0,116,10560.0,3,10565.0,113,10570.0,12,10575.0,17,10580.0,58,10585.0,14,10560.0
si2410,,13:38:52.38#,10630.0,10645.0,10510.0,0.0,0.0,16581,49480,10540.0,59,10545.0,22,10550.0,33,10555.0,116,10560.0,3,10565.0,112,10570.0,12,10575.0,17,10580.0,58,10585.0,14,10560.0
si2410,,13:38:52.471#,10630.0,10645.0,10510.0,0.0,0.0,16581,49480,10540.0,59,10545.0,22,10550.0,33,10555.0,116,10560.0,3,10565.0,112,10570.0,12,10575.0,17,10580.0,58,10585.0,14,10560.0
si2410,,13:38:52.681#,10630.0,10645.0,10510.0,0.0,0.0,16581,49480,10540.0,59,10545.0,22,10550.0,33,10555.0,116,10560.0,3,10565.0,114,10570.0,12,10575.0,17,10580.0,58,10585.0,14,10560.0
si2410,,13:38:52.844#,10630.0,10645.0,10510.0,0.0,0.0,16581,49480,10540.0,59,10545.0,22,10550.0,33,10555.0,119,10560.0,3,10565.0,114,10570.0,12,10575.0,17,10580.0,58,10585.0,14,10560.0
si2410,,13:38:53.135#,10630.0,10645.0,10510.0,0.0,0.0,16581,49480,10540.0,59,10545.0,22,10550.0,33,10555.0,118,10560.0,3,10565.0,114,10570.0,12,10575.0,17,10580.0,58,10585.0,14,10560.0
si2410,,13:38:53.521#,10630.0,10645.0,10510.0,0.0,0.0,16581,49480,10540.0,59,10545.0,22,10550.0,33,10555.0,118,10560.0,3,10565.0,114,10570.0,12,10575.0,17,10580.0,58,10585.0,14,10560.0
si2410,,13:38:53.622#,10630.0,10645.0,10510.0,0.0,0.0,16581,49480,10540.0,59,10545.0,22,10550.0,33,10555.0,118,10560.0,3,10565.0,115,10570.0,12,10575.0,17,10580.0,58,10585.0,14,10560.0
si2410,,13:38:54.295#,10630.0,10645.0,10510.0,0.0,0.0,16581,49480,10540.0,59,10545.0,22,10550.0,33,10555.0,128,10560.0,1,10565.0,115,10570.0,12,10575.0,17,10580.0,58,10585.0,14,10560.0
si2410,,13:38:54.542#,10630.0,10645.0,10510.0,0.0,0.0,16581,49480,10540.0,54,10545.0,22,10550.0,33,10555.0,128,10560.0,1,10565.0,109,10570.0,12,10575.0,17,10580.0,53,10585.0,14,10560.0
si2410,,13:38:54.626#,10630.0,10645.0,10510.0,0.0,0.0,16583,49480,10540.0,59,10545.0,22,10550.0,33,10555.0,128,10560.0,4,10565.0,107,10570.0,12,10575.0,17,10580.0,58,10585.0,14,10565.0
si2410,,13:38:54.825#,10630.0,10645.0,10510.0,0.0,0.0,16583,49480,10540.0,59,10545.0,22,10550.0,33,10555.0,128,10560.0,4,10565.0,106,10570.0,12,10575.0,17,10580.0,58,10585.0,14,10565.0
si2410,,13:38:55.133#,10630.0,10645.0,10510.0,0.0,0.0,16583,49480,10540.0,59,10545.0,22,10550.0,33,10555.0,130,10560.0,4,10565.0,106,10570.0,12,10575.0,18,10580.0,58,10585.0,14,10565.0
si2410,,13:38:55.325#,10630.0,10645.0,10510.0,0.0,0.0,16583,49480,10540.0,59,10545.0,22,10550.0,33,10555.0,127,10560.0,6,10565.0,106,10570.0,15,10575.0,17,10580.0,58,10585.0,14,10565.0
si2410,,13:38:55.689#,10630.0,10645.0,10510.0,0.0,0.0,16583,49480,10540.0,59,10545.0,22,10550.0,33,10555.0,127,10560.0,13,10565.0,52,10570.0,14,10575.0,17,10580.0,58,10585.0,14,10565.0
si2410,,13:38:56.33#,10630.0,10645.0,10510.0,0.0,0.0,16593,49477,10540.0,64,10545.0,17,10550.0,33,10555.0,22,10560.0,111,10570.0,179,10575.0,17,10580.0,63,10585.0,9,10590.0,5,10565.0
si2410,,13:38:56.265#,10630.0,10645.0,10510.0,0.0,0.0,16593,49477,10540.0,29,10545.0,47,10550.0,33,10555.0,27,10560.0,122,10570.0,165,10575.0,16,10580.0,28,10585.0,44,10590.0,13,10565.0
si2410,,13:38:56.323#,10630.0,10645.0,10510.0,0.0,0.0,16593,49477,10540.0,29,10545.0,47,10550.0,33,10555.0,27,10560.0,127,10570.0,165,10575.0,16,10580.0,28,10585.0,44,10590.0,13,10565.0
si2410,,13:38:56.706#,10630.0,10645.0,10510.0,0.0,0.0,16593,49477,10540.0,29,10545.0,47,10550.0,33,10555.0,27,10560.0,51,10570.0,167,10575.0,16,10580.0,28,10585.0,44,10590.0,13,10565.0
si2410,,13:38:56.845#,10630.0,10645.0,10510.0,0.0,0.0,16593,49477,10540.0,29,10545.0,52,10550.0,28,10555.0,127,10560.0,30,10565.0,2,10570.0,170,10575.0,16,10580.0,28,10585.0,49,10565.0
si2410,,13:38:57.311#,10630.0,10645.0,10510.0,0.0,0.0,16593,49477,10540.0,29,10545.0,47,10550.0,38,10555.0,128,10560.0,26,10565.0,24,10570.0,70,10575.0,22,10580.0,29,10585.0,39,10565.0
si2410,,13:38:57.325#,10630.0,10645.0,10510.0,0.0,0.0,16593,49477,10540.0,29,10545.0,47,10550.0,38,10555.0,127,10560.0,25,10565.0,26,10570.0,71,10575.0,17,10580.0,29,10585.0,39,10565.0
si2410,,13:38:57.715#,10630.0,10645.0,10510.0,0.0,0.0,16593,49477,10540.0,64,10545.0,17,10550.0,33,10555.0,121,10560.0,22,10565.0,27,10570.0,70,10575.0,22,10580.0,64,10585.0,9,10565.0
si2410,,13:38:57.864#,10630.0,10645.0,10510.0,0.0,0.0,16593,49477,10540.0,64,10545.0,17,10550.0,33,10555.0,121,10560.0,22,10565.0,26,10570.0,72,10575.0,17,10580.0,64,10585.0,9,10565.0
si2410,,13:38:58.215#,10630.0,10645.0,10510.0,0.0,0.0,16593,49477,10540.0,64,10545.0,17,10550.0,33,10555.0,120,10560.0,22,10565.0,31,10570.0,71,10575.0,17,10580.0,64,10585.0,9,10565.0
si2410,,13:38:58.496#,10630.0,10645.0,10510.0,0.0,0.0,16593,49477,10540.0,64,10545.0,17,10550.0,33,10555.0,122,10560.0,23,10565.0,33,10570.0,71,10575.0,17,10580.0,64,10585.0,9,10565.0
si2410,,13:38:58.761#,10630.0,10645.0,10510.0,0.0,0.0,16593,49477,10540.0,64,10545.0,17,10550.0,33,10555.0,123,10560.0,23,10565.0,33,10570.0,71,10575.0,17,10580.0,64,10585.0,9,10565.0
si2410,,13:38:59.223#,10630.0,10645.0,10510.0,0.0,0.0,16593,49477,10540.0,64,10545.0,17,10550.0,33,10555.0,123,10560.0,23,10565.0,34,10570.0,71,10575.0,17,10580.0,64,10585.0,9,10565.0
si2410,,13:38:59.519#,10630.0,10645.0,10510.0,0.0,0.0,16593,49477,10540.0,64,10545.0,17,10550.0,33,10555.0,123,10560.0,23,10565.0,36,10570.0,71,10575.0,17,10580.0,64,10585.0,9,10565.0
si2410,,13:38:59.811#,10630.0,10645.0,10510.0,0.0,0.0,16593,49477,10540.0,59,10545.0,22,10550.0,33,10555.0,123,10560.0,23,10565.0,36,10570.0,70,10575.0,17,10580.0,59,10585.0,14,10565.0
si2410,,13:39:00.37#,10630.0,10645.0,10510.0,0.0,0.0,16593,49477,10540.0,64,10545.0,17,10550.0,33,10555.0,25,10560.0,40,10565.0,3,10570.0,171,10575.0,17,10580.0,64,10585.0,9,10565.0
si2410,,13:39:00.239#,10630.0,10645.0,10510.0,0.0,0.0,16593,49477,10540.0,29,10545.0,47,10550.0,33,10555.0,27,10560.0,71,10570.0,169,10575.0,17,10580.0,29,10585.0,44,10590.0,13,10565.0
si2410,,13:39:00.516#,10630.0,10645.0,10510.0,0.0,0.0,16593,49477,10540.0,29,10545.0,47,10550.0,33,10555.0,27,10560.0,75,10570.0,167,10575.0,17,10580.0,29,10585.0,44,10590.0,13,10565.0
si2410,,13:39:00.692#,10630.0,10645.0,10510.0,0.0,0.0,16593,49477,10540.0,29,10545.0,47,10550.0,33,10555.0,27,10560.0,74,10570.0,167,10575.0,17,10580.0,29,10585.0,44,10590.0,13,10565.0
si2410,,13:39:00.998#,10630.0,10645.0,10510.0,0.0,0.0,16593,49477,10540.0,29,10545.0,47,10550.0,33,10555.0,27,10560.0,69,10570.0,168,10575.0,17,10580.0,29,10585.0,44,10590.0,13,10565.0
si2410,,13:39:01.287#,10630.0,10645.0,10510.0,0.0,0.0,16593,49477,10540.0,29,10545.0,52,10550.0,28,10555.0,27,10560.0,49,10570.0,169,10575.0,17,10580.0,29,10585.0,49,10590.0,8,10565.0
si2410,,13:39:01.541#,10630.0,10645.0,10510.0,0.0,0.0,16593,49477,10540.0,29,10545.0,52,10550.0,28,10555.0,27,10560.0,71,10570.0,170,10575.0,17,10580.0,29,10585.0,49,10590.0,8,10565.0
si2410,,13:39:01.572#,10630.0,10645.0,10510.0,0.0,0.0,16593,49477,10540.0,29,10545.0,47,10550.0,33,10555.0,27,10560.0,71,10570.0,170,10575.0,17,10580.0,29,10585.0,44,10590.0,13,10565.0
si2410,,13:39:01.963#,10630.0,10645.0,10510.0,0.0,0.0,16593,49477,10540.0,29,10545.0,47,10550.0,33,10555.0,27,10560.0,71,10570.0,169,10575.0,17,10580.0,29,10585.0,44,10590.0,13,10565.0
si2410,,13:39:02.313#,10630.0,10645.0,10510.0,0.0,0.0,16593,49477,10540.0,29,10545.0,42,10550.0,38,10555.0,22,10560.0,70,10565.0,1,10570.0,169,10575.0,22,10580.0,29,10585.0,34,10565.0
si2410,,13:39:02.428#,10630.0,10645.0,10510.0,0.0,0.0,16593,49477,10540.0,29,10545.0,52,10550.0,33,10555.0,22,10560.0,67,10565.0,1,10570.0,168,10575.0,22,10580.0,29,10585.0,44,10565.0
si2410,,13:39:02.821#,10630.0,10645.0,10510.0,0.0,0.0,16593,49477,10540.0,29,10545.0,52,10550.0,33,10555.0,22,10560.0,64,10565.0,1,10570.0,168,10575.0,22,10580.0,29,10585.0,44,10565.0
si2410,,13:39:03.561#,10630.0,10645.0,10510.0,0.0,0.0,16593,49477,10540.0,29,10545.0,52,10550.0,33,10555.0,22,10560.0,61,10565.0,1,10570.0,169,10575.0,17,10580.0,29,10585.0,44,10565.0
si2410,,13:39:03.652#,10630.0,10645.0,10510.0,0.0,0.0,16593,49477,10540.0,29,10545.0,52,10550.0,33,10555.0,22,10560.0,63,10565.0,1,10570.0,169,10575.0,17,10580.0,29,10585.0,44,10565.0
si2410,,13:39:03.954#,10630.0,10645.0,10510.0,0.0,0.0,16593,49477,10540.0,29,10545.0,52,10550.0,33,10555.0,22,10560.0,62,10565.0,1,10570.0,171,10575.0,17,10580.0,29,10585.0,44,10565.0
si2410,,13:39:04.277#,10630.0,10645.0,10510.0,0.0,0.0,16593,49477,10540.0,29,10545.0,52,10550.0,33,10555.0,22,10560.0,62,10565.0,1,10570.0,178,10575.0,17,10580.0,29,10585.0,44,10565.0
si2410,,13:39:04.440#,10630.0,10645.0,10510.0,0.0,0.0,16593,49477,10540.0,29,10545.0,52,10550.0,33,10555.0,22,10560.0,62,10565.0,1,10570.0,179,10575.0,17,10580.0,29,10585.0,44,10565.0
si2410,,13:39:05.490#,10630.0,10645.0,10510.0,0.0,0.0,16593,49477,10540.0,29,10545.0,52,10550.0,33,10555.0,22,10560.0,62,10565.0,1,10570.0,161,10575.0,17,10580.0,29,10585.0,44,10565.0
si2410,,13:39:05.789#,10630.0,10645.0,10510.0,0.0,0.0,16593,49477,10540.0,29,10545.0,52,10550.0,33,10555.0,22,10560.0,65,10565.0,1,10570.0,82,10575.0,17,10580.0,29,10585.0,44,10565.0
si2410,,13:39:06.20#,10630.0,10645.0,10510.0,0.0,0.0,16594,49477,10545.0,47,10550.0,33,10555.0,22,10560.0,90,10565.0,1,10570.0,45,10575.0,22,10580.0,34,10585.0,39,10590.0,8,10565.0
si2410,,13:39:06.296#,10630.0,10645.0,10510.0,0.0,0.0,16594,49477,10545.0,27,10550.0,39,10555.0,32,10560.0,23,10565.0,27,10570.0,6,10575.0,79,10580.0,33,10585.0,24,10590.0,28,10565.0
si2410,,13:39:06.432#,10630.0,10645.0,10510.0,0.0,0.0,16594,49477,10545.0,17,10550.0,49,10555.0,32,10560.0,20,10565.0,41,10570.0,4,10575.0,65,10580.0,33,10585.0,15,10590.0,38,10565.0
si2410,,13:39:06.763#,10630.0,10645.0,10510.0,0.0,0.0,16594,49477,10545.0,17,10550.0,44,10555.0,37,10560.0,20,10565.0,76,10570.0,4,10575.0,65,10580.0,29,10585.0,15,10590.0,33,10565.0
si2410,,13:39:06.854#,10630.0,10645.0,10510.0,0.0,0.0,16594,49477,10545.0,17,10550.0,49,10555.0,32,10560.0,20,10565.0,86,10570.0,4,10575.0,55,10580.0,24,10585.0,15,10590.0,38,10565.0
si2410,,13:39:07.301#,10630.0,10645.0,10510.0,0.0,0.0,16598,49474,10545.0,17,10550.0,49,10555.0,32,10560.0,20,10565.0,81,10570.0,1,10575.0,54,10580.0,24,10585.0,15,10590.0,39,10570.0
si2410,,13:39:07.550#,10630.0,10645.0,10510.0,0.0,0.0,16598,49474,10545.0,22,10550.0,49,10555.0,27,10560.0,20,10565.0,83,10570.0,1,10575.0,57,10580.0,25,10585.0,20,10590.0,38,10570.0
si2410,,13:39:07.649#,10630.0,10645.0,10510.0,0.0,0.0,16598,49474,10545.0,22,10550.0,54,10555.0,27,10560.0,20,10565.0,84,10570.0,1,10575.0,57,10580.0,25,10585.0,20,10590.0,43,10570.0
si2410,,13:39:07.993#,10630.0,10645.0,10510.0,0.0,0.0,16598,49474,10545.0,22,10550.0,54,10555.0,27,10560.0,20,10565.0,85,10570.0,1,10575.0,57,10580.0,25,10585.0,20,10590.0,43,10570.0
si2410,,13:39:08.311#,10630.0,10645.0,10510.0,0.0,0.0,16598,49474,10545.0,22,10550.0,54,10555.0,27,10560.0,20,10565.0,86,10570.0,1,10575.0,56,10580.0,25,10585.0,20,10590.0,43,10570.0
si2410,,13:39:08.351#,10630.0,10645.0,10510.0,0.0,0.0,16598,49474,10545.0,22,10550.0,54,10555.0,27,10560.0,20,10565.0,86,10570.0,1,10575.0,56,10580.0,25,10585.0,20,10590.0,43,10570.0
si2410,,13:39:08.714#,10630.0,10645.0,10510.0,0.0,0.0,16598,49474,10545.0,22,10550.0,54,10555.0,27,10560.0,20,10565.0,85,10570.0,1,10575.0,50,10580.0,25,10585.0,20,10590.0,43,10570.0
si2410,,13:39:09.55#,10630.0,10645.0,10510.0,0.0,0.0,16598,49474,10545.0,22,10550.0,49,10555.0,32,10560.0,20,10565.0,84,10570.0,1,10575.0,29,10580.0,30,10585.0,20,10590.0,38,10570.0
si2410,,13:39:09.303#,10630.0,10645.0,10510.0,0.0,0.0,16599,49474,10545.0,22,10550.0,49,10555.0,27,10560.0,25,10565.0,82,10575.0,28,10580.0,25,10585.0,20,10590.0,43,10595.0,7,10570.0
si2410,,13:39:09.562#,10630.0,10645.0,10510.0,0.0,0.0,16599,49474,10545.0,22,10550.0,49,10555.0,27,10560.0,25,10565.0,73,10575.0,45,10580.0,25,10585.0,20,10590.0,43,10595.0,7,10570.0
si2410,,13:39:09.682#,10630.0,10645.0,10510.0,0.0,0.0,16599,49474,10545.0,22,10550.0,49,10555.0,27,10560.0,25,10565.0,52,10575.0,56,10580.0,25,10585.0,20,10590.0,43,10595.0,7,10570.0
si2410,,13:39:10.20#,10630.0,10645.0,10510.0,0.0,0.0,16599,49474,10545.0,22,10550.0,49,10555.0,27,10560.0,25,10565.0,56,10570.0,1,10575.0,58,10580.0,25,10585.0,20,10590.0,43,10570.0
si2410,,13:39:10.319#,10630.0,10645.0,10510.0,0.0,0.0,16600,49473,10545.0,22,10550.0,49,10555.0,32,10560.0,20,10565.0,65,10575.0,25,10580.0,108,10585.0,20,10590.0,38,10595.0,7,10570.0
si2410,,13:39:10.450#,10630.0,10645.0,10510.0,0.0,0.0,16600,49473,10550.0,49,10555.0,32,10560.0,20,10565.0,34,10570.0,13,10575.0,20,10580.0,158,10585.0,25,10590.0,38,10595.0,7,10570.0
si2410,,13:39:10.688#,10630.0,10645.0,10510.0,0.0,0.0,16600,49473,10550.0,52,10555.0,24,10560.0,31,10565.0,83,10570.0,2,10575.0,72,10580.0,25,10585.0,15,10590.0,48,10595.0,7,10570.0
si2410,,13:39:10.991#,10630.0,10645.0,10510.0,0.0,0.0,16600,49473,10550.0,47,10555.0,22,10560.0,31,10565.0,79,10570.0,2,10575.0,79,10580.0,24,10585.0,20,10590.0,43,10595.0,7,10570.0
si2410,,13:39:11.163#,10630.0,10645.0,10510.0,0.0,0.0,16600,49473,10545.0,22,10550.0,47,10555.0,27,10560.0,26,10565.0,79,10575.0,92,10580.0,24,10585.0,20,10590.0,52,10595.0,7,10570.0
si2410,,13:39:11.517#,10630.0,10645.0,10510.0,0.0,0.0,16600,49473,10545.0,22,10550.0,47,10555.0,27,10560.0,25,10565.0,84,10575.0,92,10580.0,25,10585.0,20,10590.0,43,10595.0,7,10570.0
si2410,,13:39:11.787#,10630.0,10645.0,10510.0,0.0,0.0,16600,49473,10545.0,22,10550.0,47,10555.0,27,10560.0,25,10565.0,84,10575.0,92,10580.0,25,10585.0,20,10590.0,43,10595.0,7,10570.0
si2410,,13:39:11.958#,10630.0,10645.0,10510.0,0.0,0.0,16600,49473,10545.0,17,10550.0,47,10555.0,32,10560.0,25,10565.0,93,10575.0,92,10580.0,25,10585.0,15,10590.0,43,10595.0,12,10570.0
si2410,,13:39:12.221#,10630.0,10645.0,10510.0,0.0,0.0,16600,49473,10545.0,17,10550.0,47,10555.0,32,10560.0,25,10565.0,93,10575.0,88,10580.0,25,10585.0,15,10590.0,43,10595.0,12,10570.0
si2410,,13:39:12.551#,10630.0,10645.0,10510.0,0.0,0.0,16600,49473,10545.0,17,10550.0,47,10555.0,32,10560.0,25,10565.0,93,10575.0,89,10580.0,25,10585.0,15,10590.0,43,10595.0,12,10570.0
si2410,,13:39:12.720#,10630.0,10645.0,10510.0,0.0,0.0,16600,49473,10545.0,17,10550.0,47,10555.0,32,10560.0,25,10565.0,91,10575.0,89,10580.0,25,10585.0,15,10590.0,43,10595.0,12,10570.0
si2410,,13:39:12.822#,10630.0,10645.0,10510.0,0.0,0.0,16600,49473,10545.0,17,10550.0,47,10555.0,32,10560.0,25,10565.0,92,10575.0,89,10580.0,25,10585.0,15,10590.0,43,10595.0,12,10570.0
si2410,,13:39:13.199#,10630.0,10645.0,10510.0,0.0,0.0,16600,49473,10545.0,17,10550.0,47,10555.0,32,10560.0,25,10565.0,91,10575.0,89,10580.0,25,10585.0,15,10590.0,43,10595.0,12,10570.0
si2410,,13:39:13.494#,10630.0,10645.0,10510.0,0.0,0.0,16600,49473,10545.0,17,10550.0,47,10555.0,32,10560.0,25,10565.0,82,10575.0,87,10580.0,25,10585.0,15,10590.0,43,10595.0,12,10570.0
si2410,,13:39:13.784#,10630.0,10645.0,10510.0,0.0,0.0,16600,49473,10545.0,17,10550.0,47,10555.0,32,10560.0,25,10565.0,86,10575.0,91,10580.0,25,10585.0,15,10590.0,43,10595.0,12,10570.0
si2410,,13:39:13.835#,10630.0,10645.0,10510.0,0.0,0.0,16600,49473,10545.0,17,10550.0,47,10555.0,32,10560.0,25,10565.0,91,10575.0,77,10580.0,25,10585.0,15,10590.0,43,10595.0,12,10570.0
si2410,,13:39:14.211#,10630.0,10645.0,10510.0,0.0,0.0,16600,49473,10545.0,17,10550.0,52,10555.0,27,10560.0,25,10565.0,94,10575.0,58,10580.0,25,10585.0,15,10590.0,48,10595.0,7,10570.0
si2410,,13:39:14.449#,10630.0,10645.0,10510.0,0.0,0.0,16600,49473,10550.0,47,10555.0,37,10560.0,20,10565.0,94,10570.0,2,10575.0,56,10580.0,25,10585.0,15,10590.0,43,10595.0,12,10570.0
si2410,,13:39:14.811#,10630.0,10645.0,10510.0,0.0,0.0,16600,49473,10545.0,17,10550.0,52,10555.0,22,10560.0,31,10565.0,93,10575.0,52,10580.0,25,10585.0,15,10590.0,48,10595.0,7,10570.0
si2410,,13:39:14.871#,10630.0,10645.0,10510.0,0.0,0.0,16600,49473,10550.0,47,10555.0,32,10560.0,25,10565.0,79,10570.0,7,10575.0,42,10580.0,25,10585.0,15,10590.0,43,10595.0,12,10570.0
si2410,,13:39:15.162#,10630.0,10645.0,10510.0,0.0,0.0,16600,49473,10550.0,52,10555.0,22,10560.0,31,10565.0,91,10570.0,5,10575.0,53,10580.0,25,10585.0,15,10590.0,48,10595.0,7,10570.0
si2410,,13:39:15.535#,10630.0,10645.0,10510.0,0.0,0.0,16600,49473,10550.0,52,10555.0,22,10560.0,31,10565.0,91,10570.0,5,10575.0,56,10580.0,25,10585.0,15,10590.0,48,10595.0,7,10570.0
si2410,,13:39:15.783#,10630.0,10645.0,10510.0,0.0,0.0,16600,49473,10550.0,52,10555.0,22,10560.0,31,10565.0,92,10570.0,5,10575.0,56,10580.0,25,10585.0,15,10590.0,48,10595.0,7,10570.0
si2410,,13:39:15.968#,10630.0,10645.0,10510.0,0.0,0.0,16600,49473,10550.0,52,10555.0,22,10560.0,31,10565.0,92,10570.0,5,10575.0,51,10580.0,25,10585.0,15,10590.0,48,10595.0,7,10570.0
si2410,,13:39:16.303#,10630.0,10645.0,10510.0,0.0,0.0,16600,49473,10550.0,52,10555.0,22,10560.0,31,10565.0,92,10570.0,5,10575.0,52,10580.0,25,10585.0,15,10590.0,48,10595.0,7,10570.0
si2410,,13:39:16.421#,10630.0,10645.0,10510.0,0.0,0.0,16601,49472,10550.0,52,10555.0,22,10560.0,31,10565.0,78,10570.0,6,10575.0,32,10580.0,95,10585.0,15,10590.0,48,10595.0,7,10570.0
si2410,,13:39:16.771#,10630.0,10645.0,10510.0,0.0,0.0,16601,49472,10550.0,47,10555.0,27,10560.0,31,10565.0,96,10570.0,4,10575.0,51,10580.0,25,10585.0,15,10590.0,43,10595.0,12,10570.0
si2410,,13:39:16.866#,10630.0,10645.0,10510.0,0.0,0.0,16601,49472,10545.0,12,10550.0,52,10555.0,22,10560.0,31,10565.0,92,10575.0,55,10580.0,25,10585.0,15,10590.0,48,10595.0,7,10570.0
si2410,,13:39:17.306#,10630.0,10645.0,10510.0,0.0,0.0,16601,49472,10545.0,17,10550.0,47,10555.0,32,10560.0,25,10565.0,79,10575.0,71,10580.0,25,10585.0,15,10590.0,43,10595.0,12,10570.0
si2410,,13:39:17.337#,10630.0,10645.0,10510.0,0.0,0.0,16601,49472,10545.0,17,10550.0,47,10555.0,32,10560.0,25,10565.0,67,10575.0,84,10580.0,24,10585.0,15,10590.0,43,10595.0,12,10570.0
si2410,,13:39:17.793#,10630.0,10645.0,10510.0,0.0,0.0,16601,49472,10545.0,22,10550.0,42,10555.0,27,10560.0,25,10565.0,60,10570.0,7,10575.0,89,10580.0,24,10585.0,20,10590.0,38,10570.0
si2410,,13:39:17.850#,10630.0,10645.0,10510.0,0.0,0.0,16601,49472,10545.0,22,10550.0,47,10555.0,27,10560.0,25,10565.0,54,10570.0,7,10575.0,90,10580.0,29,10585.0,15,10590.0,43,10570.0
si2410,,13:39:18.258#,10630.0,10645.0,10510.0,0.0,0.0,16601,49472,10545.0,22,10550.0,47,10555.0,32,10560.0,20,10565.0,46,10570.0,7,10575.0,99,10580.0,29,10585.0,20,10590.0,38,10570.0
si2410,,13:39:18.540#,10630.0,10645.0,10510.0,0.0,0.0,16601,49472,10545.0,17,10550.0,52,10555.0,32,10560.0,20,10565.0,45,10570.0,7,10575.0,115,10580.0,29,10585.0,15,10590.0,43,10570.0
si2410,,13:39:18.714#,10630.0,10645.0,10510.0,0.0,0.0,16601,49472,10545.0,17,10550.0,52,10555.0,32,10560.0,100,10565.0,23,10570.0,10,10575.0,40,10580.0,29,10585.0,15,10590.0,43,10570.0
si2410,,13:39:18.885#,10630.0,10645.0,10510.0,0.0,0.0,16601,49472,10545.0,17,10550.0,47,10555.0,39,10560.0,121,10565.0,18,10570.0,25,10575.0,40,10580.0,29,10585.0,15,10590.0,38,10570.0
si2410,,13:39:19.215#,10630.0,10645.0,10510.0,0.0,0.0,16601,49472,10545.0,52,10550.0,17,10555.0,32,10560.0,114,10565.0,20,10570.0,25,10575.0,41,10580.0,29,10585.0,56,10590.0,8,10570.0
si2410,,13:39:19.322#,10630.0,10645.0,10510.0,0.0,0.0,16601,49472,10545.0,52,10550.0,17,10555.0,32,10560.0,129,10565.0,18,10570.0,25,10575.0,41,10580.0,29,10585.0,56,10590.0,8,10570.0
si2410,,13:39:19.751#,10630.0,10645.0,10510.0,0.0,0.0,16601,49472,10545.0,52,10550.0,17,10555.0,32,10560.0,115,10565.0,19,10570.0,25,10575.0,41,10580.0,29,10585.0,56,10590.0,8,10570.0
si2410,,13:39:20.271#,10630.0,10645.0,10510.0,0.0,0.0,16601,49472,10545.0,52,10550.0,17,10555.0,32,10560.0,115,10565.0,19,10570.0,25,10575.0,41,10580.0,29,10585.0,56,10590.0,8,10570.0
si2410,,13:39:20.427#,10630.0,10645.0,10510.0,0.0,0.0,16601,49472,10545.0,52,10550.0,17,10555.0,32,10560.0,125,10565.0,19,10570.0,25,10575.0,41,10580.0,29,10585.0,56,10590.0,8,10570.0
si2410,,13:39:20.800#,10630.0,10645.0,10510.0,0.0,0.0,16601,49472,10545.0,27,10550.0,42,10555.0,32,10560.0,125,10565.0,20,10570.0,19,10575.0,41,10580.0,29,10585.0,31,10590.0,33,10570.0
si2410,,13:39:21.46#,10630.0,10645.0,10510.0,0.0,0.0,16601,49472,10545.0,22,10550.0,47,10555.0,32,10560.0,125,10565.0,20,10570.0,20,10575.0,41,10580.0,29,10585.0,26,10590.0,38,10570.0
si2410,,13:39:21.157#,10630.0,10645.0,10510.0,0.0,0.0,16601,49472,10545.0,27,10550.0,42,10555.0,32,10560.0,128,10565.0,20,10570.0,20,10575.0,41,10580.0,29,10585.0,31,10590.0,33,10570.0
si2410,,13:39:21.453#,10630.0,10645.0,10510.0,0.0,0.0,16603,49474,10545.0,27,10550.0,42,10555.0,32,10560.0,128,10565.0,20,10570.0,18,10575.0,41,10580.0,29,10585.0,31,10590.0,33,10570.0
si2410,,13:39:21.789#,10630.0,10645.0,10510.0,0.0,0.0,16603,49474,10545.0,22,10550.0,48,10555.0,32,10560.0,128,10565.0,20,10570.0,19,10575.0,41,10580.0,29,10585.0,26,10590.0,38,10570.0
si2410,,13:39:22.13#,10630.0,10645.0,10510.0,0.0,0.0,16603,49474,10545.0,22,10550.0,48,10555.0,33,10560.0,128,10565.0,20,10570.0,14,10575.0,41,10580.0,29,10585.0,26,10590.0,38,10570.0
si2410,,13:39:22.159#,10630.0,10645.0,10510.0,0.0,0.0,16603,49474,10545.0,17,10550.0,48,10555.0,38,10560.0,128,10565.0,20,10570.0,14,10575.0,40,10580.0,29,10585.0,21,10590.0,38,10570.0
si2410,,13:39:22.549#,10630.0,10645.0,10510.0,0.0,0.0,16603,49474,10545.0,17,10550.0,48,10555.0,38,10560.0,127,10565.0,20,10570.0,14,10575.0,40,10580.0,29,10585.0,21,10590.0,38,10570.0
si2410,,13:39:22.791#,10630.0,10645.0,10510.0,0.0,0.0,16603,49474,10545.0,17,10550.0,48,10555.0,38,10560.0,128,10565.0,20,10570.0,14,10575.0,40,10580.0,29,10585.0,21,10590.0,38,10570.0
si2410,,13:39:22.860#,10630.0,10645.0,10510.0,0.0,0.0,16603,49474,10545.0,17,10550.0,48,10555.0,38,10560.0,128,10565.0,20,10570.0,13,10575.0,40,10580.0,29,10585.0,21,10590.0,38,10570.0
si2410,,13:39:23.812#,10630.0,10645.0,10510.0,0.0,0.0,16603,49474,10545.0,17,10550.0,43,10555.0,38,10560.0,128,10565.0,20,10570.0,14,10575.0,40,10580.0,29,10585.0,21,10590.0,33,10570.0
si2410,,13:39:24.24#,10630.0,10645.0,10510.0,0.0,0.0,16605,49476,10545.0,17,10550.0,48,10555.0,38,10560.0,129,10565.0,20,10570.0,12,10575.0,40,10580.0,29,10585.0,21,10590.0,38,10570.0
si2410,,13:39:24.128#,10630.0,10645.0,10510.0,0.0,0.0,16605,49476,10545.0,22,10550.0,48,10555.0,33,10560.0,127,10565.0,20,10570.0,16,10575.0,40,10580.0,29,10585.0,26,10590.0,38,10570.0
si2410,,13:39:24.321#,10630.0,10645.0,10510.0,0.0,0.0,16605,49476,10545.0,22,10550.0,48,10555.0,33,10560.0,127,10565.0,20,10570.0,19,10575.0,40,10580.0,29,10585.0,26,10590.0,38,10570.0
si2410,,13:39:24.780#,10630.0,10645.0,10510.0,0.0,0.0,16605,49476,10545.0,42,10550.0,28,10555.0,33,10560.0,126,10565.0,19,10570.0,17,10575.0,42,10580.0,29,10585.0,46,10590.0,18,10570.0
si2410,,13:39:25.66#,10630.0,10645.0,10510.0,0.0,0.0,16605,49476,10545.0,42,10550.0,28,10555.0,33,10560.0,126,10565.0,19,10570.0,18,10575.0,37,10580.0,29,10585.0,46,10590.0,18,10570.0
si2410,,13:39:25.191#,10630.0,10645.0,10510.0,0.0,0.0,16605,49476,10545.0,22,10550.0,48,10555.0,33,10560.0,125,10565.0,19,10570.0,18,10575.0,42,10580.0,29,10585.0,26,10590.0,38,10570.0
si2410,,13:39:25.440#,10630.0,10645.0,10510.0,0.0,0.0,16605,49476,10545.0,22,10550.0,48,10555.0,33,10560.0,125,10565.0,19,10570.0,22,10575.0,47,10580.0,29,10585.0,26,10590.0,38,10570.0
si2410,,13:39:25.691#,10630.0,10645.0,10510.0,0.0,0.0,16605,49476,10545.0,47,10550.0,23,10555.0,33,10560.0,125,10565.0,19,10570.0,27,10575.0,47,10580.0,29,10585.0,51,10590.0,13,10570.0
si2410,,13:39:26.41#,10630.0,10645.0,10510.0,0.0,0.0,16605,49476,10545.0,47,10550.0,23,10555.0,33,10560.0,125,10565.0,19,10570.0,27,10575.0,46,10580.0,29,10585.0,51,10590.0,13,10570.0
si2410,,13:39:26.225#,10630.0,10645.0,10510.0,0.0,0.0,16607,49478,10545.0,47,10550.0,23,10555.0,33,10560.0,125,10565.0,19,10570.0,23,10575.0,46,10580.0,29,10585.0,51,10590.0,13,10570.0
si2410,,13:39:26.779#,10630.0,10645.0,10510.0,0.0,0.0,16607,49478,10545.0,47,10550.0,23,10555.0,33,10560.0,125,10565.0,19,10570.0,31,10575.0,46,10580.0,29,10585.0,51,10590.0,13,10570.0
si2410,,13:39:26.876#,10630.0,10645.0,10510.0,0.0,0.0,16607,49478,10545.0,47,10550.0,23,10555.0,33,10560.0,141,10565.0,18,10570.0,31,10575.0,51,10580.0,29,10585.0,51,10590.0,13,10570.0
si2410,,13:39:27.290#,10630.0,10645.0,10510.0,0.0,0.0,16607,49478,10545.0,47,10550.0,23,10555.0,33,10560.0,123,10565.0,64,10570.0,31,10575.0,52,10580.0,29,10585.0,51,10590.0,13,10570.0
si2410,,13:39:27.548#,10630.0,10645.0,10510.0,0.0,0.0,16609,49479,10545.0,42,10550.0,28,10555.0,33,10560.0,20,10565.0,96,10575.0,123,10580.0,29,10585.0,46,10590.0,18,10595.0,7,10570.0
si2410,,13:39:27.780#,10630.0,10645.0,10510.0,0.0,0.0,16609,49479,10550.0,48,10555.0,28,10560.0,30,10565.0,121,10570.0,16,10575.0,114,10580.0,24,10585.0,22,10590.0,43,10595.0,12,10570.0
si2410,,13:39:27.888#,10630.0,10645.0,10510.0,0.0,0.0,16609,49479,10550.0,48,10555.0,28,10560.0,31,10565.0,94,10570.0,22,10575.0,103,10580.0,25,10585.0,21,10590.0,43,10595.0,12,10570.0
si2410,,13:39:28.305#,10630.0,10645.0,10510.0,0.0,0.0,16609,49479,10550.0,28,10555.0,48,10560.0,31,10565.0,79,10570.0,30,10575.0,15,10580.0,181,10585.0,16,10590.0,23,10595.0,32,10570.0
si2410,,13:39:28.569#,10630.0,10645.0,10510.0,0.0,0.0,16609,49479,10550.0,18,10555.0,63,10560.0,26,10565.0,130,10570.0,29,10575.0,21,10580.0,96,10585.0,10,10590.0,13,10595.0,47,10570.0
si2410,,13:39:28.715#,10630.0,10645.0,10510.0,0.0,0.0,16609,49479,10550.0,53,10555.0,28,10560.0,26,10565.0,130,10570.0,29,10575.0,31,10580.0,98,10585.0,10,10590.0,48,10595.0,12,10570.0
si2410,,13:39:29.4#,10630.0,10645.0,10510.0,0.0,0.0,16609,49479,10550.0,58,10555.0,23,10560.0,26,10565.0,130,10570.0,29,10575.0,36,10580.0,98,10585.0,10,10590.0,53,10595.0,7,10570.0
si2410,,13:39:29.316#,10630.0,10645.0,10510.0,0.0,0.0,16609,49479,10550.0,58,10555.0,23,10560.0,26,10565.0,130,10570.0,27,10575.0,46,10580.0,99,10585.0,10,10590.0,53,10595.0,7,10570.0
si2410,,13:39:29.322#,10630.0,10645.0,10510.0,0.0,0.0,16609,49479,10550.0,53,10555.0,28,10560.0,26,10565.0,124,10570.0,23,10575.0,46,10580.0,99,10585.0,10,10590.0,48,10595.0,12,10570.0
si2410,,13:39:29.771#,10630.0,10645.0,10510.0,0.0,0.0,16609,49479,10550.0,53,10555.0,28,10560.0,26,10565.0,134,10570.0,22,10575.0,46,10580.0,99,10585.0,10,10590.0,48,10595.0,12,10570.0
si2410,,13:39:30.8#,10630.0,10645.0,10510.0,0.0,0.0,16609,49479,10550.0,58,10555.0,23,10560.0,26,10565.0,134,10570.0,22,10575.0,46,10580.0,99,10585.0,10,10590.0,53,10595.0,7,10570.0
si2410,,13:39:30.289#,10630.0,10645.0,10510.0,0.0,0.0,16609,49479,10550.0,48,10555.0,28,10560.0,31,10565.0,134,10570.0,22,10575.0,47,10580.0,99,10585.0,15,10590.0,43,10595.0,12,10570.0
si2410,,13:39:30.338#,10630.0,10645.0,10510.0,0.0,0.0,16609,49479,10550.0,53,10555.0,23,10560.0,31,10565.0,135,10570.0,22,10575.0,47,10580.0,99,10585.0,15,10590.0,48,10595.0,7,10570.0
si2410,,13:39:30.793#,10630.0,10645.0,10510.0,0.0,0.0,16609,49479,10550.0,48,10555.0,23,10560.0,31,10565.0,135,10570.0,22,10575.0,47,10580.0,99,10585.0,15,10590.0,43,10595.0,7,10570.0
si2410,,13:39:30.821#,10630.0,10645.0,10510.0,0.0,0.0,16609,49479,10550.0,53,10555.0,23,10560.0,31,10565.0,135,10570.0,22,10575.0,47,10580.0,98,10585.0,15,10590.0,48,10595.0,7,10570.0
si2410,,13:39:31.553#,10630.0,10645.0,10510.0,0.0,0.0,16609,49479,10550.0,53,10555.0,23,10560.0,31,10565.0,135,10570.0,22,10575.0,47,10580.0,97,10585.0,15,10590.0,48,10595.0,7,10570.0
si2410,,13:39:31.600#,10630.0,10645.0,10510.0,0.0,0.0,16609,49479,10550.0,53,10555.0,23,10560.0,31,10565.0,135,10570.0,22,10575.0,49,10580.0,97,10585.0,15,10590.0,48,10595.0,7,10570.0
si2410,,13:39:32.38#,10630.0,10645.0,10510.0,0.0,0.0,16609,49479,10550.0,53,10555.0,23,10560.0,31,10565.0,129,10570.0,22,10575.0,49,10580.0,97,10585.0,15,10590.0,48,10595.0,7,10570.0
si2410,,13:39:32.72#,10630.0,10645.0,10510.0,0.0,0.0,16609,49479,10550.0,48,10555.0,28,10560.0,31,10565.0,129,10570.0,20,10575.0,49,10580.0,97,10585.0,15,10590.0,43,10595.0,12,10570.0
si2410,,13:39:32.511#,10630.0,10645.0,10510.0,0.0,0.0,16609,49479,10550.0,53,10555.0,23,10560.0,31,10565.0,120,10570.0,20,10575.0,49,10580.0,98,10585.0,15,10590.0,48,10595.0,7,10570.0
si2410,,13:39:32.625#,10630.0,10645.0,10510.0,0.0,0.0,16609,49479,10550.0,48,10555.0,28,10560.0,31,10565.0,117,10570.0,20,10575.0,52,10580.0,97,10585.0,15,10590.0,43,10595.0,12,10570.0
si2410,,13:39:32.927#,10630.0,10645.0,10510.0,0.0,0.0,16609,49479,10550.0,48,10555.0,28,10560.0,31,10565.0,117,10570.0,20,10575.0,52,10580.0,97,10585.0,15,10590.0,43,10595.0,12,10570.0
si2410,,13:39:33.421#,10630.0,10645.0,10510.0,0.0,0.0,16609,49479,10550.0,48,10555.0,28,10560.0,31,10565.0,117,10570.0,20,10575.0,52,10580.0,97,10585.0,15,10590.0,43,10595.0,12,10570.0
si2410,,13:39:33.971#,10630.0,10645.0,10510.0,0.0,0.0,16609,49479,10550.0,48,10555.0,28,10560.0,31,10565.0,117,10570.0,20,10575.0,52,10580.0,97,10585.0,15,10590.0,43,10595.0,12,10570.0
si2410,,13:39:34.230#,10630.0,10645.0,10510.0,0.0,0.0,16609,49479,10550.0,48,10555.0,28,10560.0,31,10565.0,118,10570.0,20,10575.0,52,10580.0,97,10585.0,15,10590.0,43,10595.0,12,10570.0
si2410,,13:39:34.690#,10630.0,10645.0,10510.0,0.0,0.0,16609,49479,10550.0,48,10555.0,28,10560.0,31,10565.0,118,10570.0,20,10575.0,53,10580.0,97,10585.0,15,10590.0,43,10595.0,12,10570.0
si2410,,13:39:35.57#,10630.0,10645.0,10510.0,0.0,0.0,16609,49479,10550.0,48,10555.0,28,10560.0,31,10565.0,118,10570.0,20,10575.0,55,10580.0,97,10585.0,15,10590.0,43,10595.0,12,10570.0
si2410,,13:39:35.188#,10630.0,10645.0,10510.0,0.0,0.0,16609,49479,10550.0,48,10555.0,28,10560.0,31,10565.0,118,10570.0,20,10575.0,60,10580.0,97,10585.0,15,10590.0,43,10595.0,12,10570.0
si2410,,13:39:35.521#,10630.0,10645.0,10510.0,0.0,0.0,16609,49479,10550.0,48,10555.0,28,10560.0,31,10565.0,119,10570.0,15,10575.0,64,10580.0,97,10585.0,15,10590.0,43,10595.0,12,10570.0
si2410,,13:39:35.770#,10630.0,10645.0,10510.0,0.0,0.0,16609,49479,10550.0,48,10555.0,28,10560.0,31,10565.0,139,10570.0,13,10575.0,66,10580.0,28,10585.0,15,10590.0,43,10595.0,12,10570.0
si2410,,13:39:36.43#,10630.0,10645.0,10510.0,0.0,0.0,16609,49479,10550.0,48,10555.0,23,10560.0,31,10565.0,141,10570.0,13,10575.0,66,10580.0,28,10585.0,15,10590.0,43,10595.0,7,10570.0
si2410,,13:39:36.279#,10630.0,10645.0,10510.0,0.0,0.0,16609,49479,10550.0,53,10555.0,23,10560.0,31,10565.0,140,10570.0,13,10575.0,66,10580.0,28,10585.0,15,10590.0,48,10595.0,7,10570.0
si2410,,13:39:36.583#,10630.0,10645.0,10510.0,0.0,0.0,16609,49479,10550.0,53,10555.0,23,10560.0,31,10565.0,140,10570.0,13,10575.0,67,10580.0,28,10585.0,15,10590.0,48,10595.0,7,10570.0
si2410,,13:39:37.64#,10630.0,10645.0,10510.0,0.0,0.0,16609,49479,10550.0,53,10555.0,23,10560.0,31,10565.0,136,10570.0,13,10575.0,75,10580.0,29,10585.0,15,10590.0,48,10595.0,7,10570.0
si2410,,13:39:37.269#,10630.0,10645.0,10510.0,0.0,0.0,16612,49479,10550.0,53,10555.0,23,10560.0,31,10565.0,135,10570.0,7,10575.0,79,10580.0,29,10585.0,15,10590.0,48,10595.0,7,10570.0
si2410,,13:39:37.327#,10630.0,10645.0,10510.0,0.0,0.0,16612,49479,10550.0,53,10555.0,23,10560.0,31,10565.0,132,10570.0,7,10575.0,81,10580.0,29,10585.0,15,10590.0,48,10595.0,7,10570.0
si2410,,13:39:37.813#,10630.0,10645.0,10510.0,0.0,0.0,16612,49479,10550.0,53,10555.0,23,10560.0,31,10565.0,133,10570.0,7,10575.0,81,10580.0,29,10585.0,15,10590.0,48,10595.0,7,10570.0
si2410,,13:39:38.274#,10630.0,10645.0,10510.0,0.0,0.0,16612,49479,10550.0,53,10555.0,23,10560.0,31,10565.0,133,10570.0,7,10575.0,79,10580.0,29,10585.0,15,10590.0,48,10595.0,7,10570.0
si2410,,13:39:38.513#,10630.0,10645.0,10510.0,0.0,0.0,16612,49479,10550.0,53,10555.0,23,10560.0,31,10565.0,133,10570.0,7,10575.0,80,10580.0,29,10585.0,15,10590.0,48,10595.0,7,10570.0
si2410,,13:39:38.803#,10630.0,10645.0,10510.0,0.0,0.0,16612,49479,10550.0,53,10555.0,23,10560.0,31,10565.0,133,10570.0,7,10575.0,71,10580.0,29,10585.0,15,10590.0,48,10595.0,7,10570.0
si2410,,13:39:38.834#,10630.0,10645.0,10510.0,0.0,0.0,16612,49479,10550.0,53,10555.0,23,10560.0,31,10565.0,137,10570.0,7,10575.0,62,10580.0,29,10585.0,15,10590.0,48,10595.0,7,10570.0
si2410,,13:39:39.221#,10630.0,10645.0,10510.0,0.0,0.0,16612,49479,10550.0,53,10555.0,23,10560.0,31,10565.0,94,10570.0,10,10575.0,53,10580.0,29,10585.0,15,10590.0,48,10595.0,7,10570.0
si2410,,13:39:39.394#,10630.0,10645.0,10510.0,0.0,0.0,16612,49479,10550.0,53,10555.0,23,10560.0,31,10565.0,95,10570.0,15,10575.0,52,10580.0,28,10585.0,15,10590.0,48,10595.0,7,10570.0
si2410,,13:39:39.571#,10630.0,10645.0,10510.0,0.0,0.0,16612,49479,10550.0,53,10555.0,23,10560.0,31,10565.0,95,10570.0,15,10575.0,51,10580.0,28,10585.0,15,10590.0,48,10595.0,7,10570.0
si2410,,13:39:40.5#,10630.0,10645.0,10510.0,0.0,0.0,16612,49479,10550.0,53,10555.0,23,10560.0,31,10565.0,95,10570.0,15,10575.0,52,10580.0,28,10585.0,15,10590.0,48,10595.0,7,10570.0
si2410,,13:39:40.277#,10630.0,10645.0,10510.0,0.0,0.0,16612,49479,10550.0,53,10555.0,23,10560.0,31,10565.0,140,10570.0,13,10575.0,52,10580.0,28,10585.0,15,10590.0,48,10595.0,7,10570.0
si2410,,13:39:40.804#,10630.0,10645.0,10510.0,0.0,0.0,16612,49479,10550.0,53,10555.0,23,10560.0,31,10565.0,131,10570.0,13,10575.0,51,10580.0,28,10585.0,15,10590.0,48,10595.0,7,10570.0
si2410,,13:39:40.836#,10630.0,10645.0,10510.0,0.0,0.0,16612,49479,10550.0,53,10555.0,23,10560.0,31,10565.0,122,10570.0,8,10575.0,51,10580.0,28,10585.0,15,10590.0,48,10595.0,7,10570.0
si2410,,13:39:41.302#,10630.0,10645.0,10510.0,0.0,0.0,16612,49479,10550.0,48,10555.0,23,10560.0,31,10565.0,122,10570.0,7,10575.0,52,10580.0,28,10585.0,15,10590.0,43,10595.0,7,10570.0
si2410,,13:39:41.355#,10630.0,10645.0,10510.0,0.0,0.0,16612,49479,10550.0,53,10555.0,23,10560.0,31,10565.0,125,10570.0,7,10575.0,52,10580.0,28,10585.0,15,10590.0,48,10595.0,7,10570.0
si2410,,13:39:42.212#,10630.0,10645.0,10510.0,0.0,0.0,16612,49479,10550.0,53,10555.0,23,10560.0,31,10565.0,126,10570.0,7,10575.0,52,10580.0,28,10585.0,15,10590.0,48,10595.0,7,10570.0
si2410,,13:39:42.477#,10630.0,10645.0,10510.0,0.0,0.0,16612,49479,10550.0,53,10555.0,23,10560.0,31,10565.0,126,10570.0,7,10575.0,53,10580.0,28,10585.0,15,10590.0,48,10595.0,7,10570.0
si2410,,13:39:42.612#,10630.0,10645.0,10510.0,0.0,0.0,16612,49479,10550.0,53,10555.0,23,10560.0,31,10565.0,126,10570.0,7,10575.0,54,10580.0,28,10585.0,15,10590.0,48,10595.0,7,10570.0
si2410,,13:39:42.852#,10630.0,10645.0,10510.0,0.0,0.0,16612,49479,10550.0,53,10555.0,23,10560.0,31,10565.0,126,10570.0,7,10575.0,56,10580.0,28,10585.0,15,10590.0,48,10595.0,7,10570.0
si2410,,13:39:43.180#,10630.0,10645.0,10510.0,0.0,0.0,16612,49479,10550.0,53,10555.0,23,10560.0,31,10565.0,126,10570.0,7,10575.0,58,10580.0,28,10585.0,15,10590.0,48,10595.0,7,10570.0
si2410,,13:39:43.461#,10630.0,10645.0,10510.0,0.0,0.0,16612,49479,10550.0,53,10555.0,23,10560.0,31,10565.0,126,10570.0,7,10575.0,58,10580.0,28,10585.0,15,10590.0,48,10595.0,7,10570.0
si2410,,13:39:43.701#,10630.0,10645.0,10510.0,0.0,0.0,16612,49479,10550.0,53,10555.0,23,10560.0,31,10565.0,123,10570.0,7,10575.0,58,10580.0,28,10585.0,15,10590.0,48,10595.0,7,10570.0
si2410,,13:39:44.35#,10630.0,10645.0,10510.0,0.0,0.0,16612,49479,10550.0,53,10555.0,23,10560.0,31,10565.0,126,10570.0,7,10575.0,63,10580.0,28,10585.0,15,10590.0,48,10595.0,7,10570.0
si2410,,13:39:44.71#,10630.0,10645.0,10510.0,0.0,0.0,16612,49479,10550.0,53,10555.0,23,10560.0,31,10565.0,126,10570.0,7,10575.0,67,10580.0,28,10585.0,15,10590.0,48,10595.0,7,10570.0
si2410,,13:39:44.511#,10630.0,10645.0,10510.0,0.0,0.0,16612,49479,10550.0,53,10555.0,23,10560.0,31,10565.0,126,10570.0,7,10575.0,67,10580.0,28,10585.0,15,10590.0,48,10595.0,7,10570.0
si2410,,13:39:44.844#,10630.0,10645.0,10510.0,0.0,0.0,16612,49479,10550.0,53,10555.0,23,10560.0,31,10565.0,126,10570.0,7,10575.0,62,10580.0,28,10585.0,15,10590.0,48,10595.0,7,10570.0
si2410,,13:39:45.141#,10630.0,10645.0,10510.0,0.0,0.0,16612,49479,10550.0,53,10555.0,23,10560.0,31,10565.0,126,10570.0,7,10575.0,67,10580.0,28,10585.0,15,10590.0,48,10595.0,7,10570.0
si2410,,13:39:45.561#,10630.0,10645.0,10510.0,0.0,0.0,16612,49479,10550.0,53,10555.0,23,10560.0,31,10565.0,117,10570.0,7,10575.0,49,10580.0,28,10585.0,15,10590.0,48,10595.0,7,10570.0
si2410,,13:39:45.805#,10630.0,10645.0,10510.0,0.0,0.0,16612,49479,10550.0,53,10555.0,22,10560.0,31,10565.0,122,10570.0,7,10575.0,46,10580.0,28,10585.0,15,10590.0,48,10595.0,7,10570.0
si2410,,13:39:45.981#,10630.0,10645.0,10510.0,0.0,0.0,16612,49479,10550.0,53,10555.0,22,10560.0,31,10565.0,115,10570.0,7,10575.0,41,10580.0,28,10585.0,15,10590.0,48,10595.0,7,10570.0
si2410,,13:39:46.303#,10630.0,10645.0,10510.0,0.0,0.0,16612,49479,10550.0,53,10555.0,22,10560.0,31,10565.0,116,10570.0,7,10575.0,38,10580.0,28,10585.0,15,10590.0,48,10595.0,7,10570.0
si2410,,13:39:46.541#,10630.0,10645.0,10510.0,0.0,0.0,16612,49479,10550.0,53,10555.0,22,10560.0,31,10565.0,130,10570.0,7,10575.0,29,10580.0,28,10585.0,15,10590.0,48,10595.0,7,10570.0
si2410,,13:39:46.802#,10630.0,10645.0,10510.0,0.0,0.0,16612,49479,10550.0,48,10555.0,22,10560.0,31,10565.0,33,10570.0,19,10575.0,11,10580.0,189,10585.0,24,10590.0,43,10595.0,7,10570.0
si2410,,13:39:46.877#,10630.0,10645.0,10510.0,0.0,0.0,16612,49479,10550.0,48,10555.0,27,10560.0,31,10565.0,90,10570.0,20,10575.0,41,10580.0,27,10585.0,19,10590.0,43,10595.0,12,10570.0
si2410,,13:39:47.168#,10630.0,10645.0,10510.0,0.0,0.0,16612,49479,10550.0,53,10555.0,22,10560.0,31,10565.0,134,10570.0,12,10575.0,43,10580.0,28,10585.0,19,10590.0,48,10595.0,7,10570.0
si2410,,13:39:47.375#,10630.0,10645.0,10510.0,0.0,0.0,16612,49479,10550.0,53,10555.0,22,10560.0,31,10565.0,125,10570.0,9,10575.0,39,10580.0,28,10585.0,19,10590.0,48,10595.0,7,10570.0
si2410,,13:39:47.689#,10630.0,10645.0,10510.0,0.0,0.0,16612,49479,10550.0,53,10555.0,22,10560.0,31,10565.0,128,10570.0,8,10575.0,44,10580.0,28,10585.0,19,10590.0,48,10595.0,7,10570.0
si2410,,13:39:48.256#,10630.0,10645.0,10510.0,0.0,0.0,16612,49479,10550.0,53,10555.0,22,10560.0,31,10565.0,128,10570.0,8,10575.0,45,10580.0,28,10585.0,19,10590.0,48,10595.0,7,10570.0
si2410,,13:39:48.549#,10630.0,10645.0,10510.0,0.0,0.0,16612,49479,10550.0,53,10555.0,22,10560.0,31,10565.0,128,10570.0,8,10575.0,45,10580.0,28,10585.0,19,10590.0,48,10595.0,7,10570.0
si2410,,13:39:48.741#,10630.0,10645.0,10510.0,0.0,0.0,16612,49479,10550.0,53,10555.0,22,10560.0,31,10565.0,83,10570.0,9,10575.0,45,10580.0,28,10585.0,19,10590.0,48,10595.0,7,10570.0
si2410,,13:39:49.265#,10630.0,10645.0,10510.0,0.0,0.0,16612,49479,10550.0,53,10555.0,22,10560.0,31,10565.0,84,10570.0,9,10575.0,46,10580.0,28,10585.0,19,10590.0,48,10595.0,7,10570.0
si2410,,13:39:49.421#,10630.0,10645.0,10510.0,0.0,0.0,16612,49479,10550.0,53,10555.0,22,10560.0,31,10565.0,84,10570.0,9,10575.0,52,10580.0,28,10585.0,19,10590.0,48,10595.0,7,10570.0
si2410,,13:39:49.791#,10630.0,10645.0,10510.0,0.0,0.0,16612,49479,10550.0,48,10555.0,27,10560.0,31,10565.0,84,10570.0,9,10575.0,53,10580.0,28,10585.0,19,10590.0,43,10595.0,12,10570.0
si2410,,13:39:50.18#,10630.0,10645.0,10510.0,0.0,0.0,16612,49479,10550.0,53,10555.0,22,10560.0,31,10565.0,85,10570.0,9,10575.0,53,10580.0,28,10585.0,19,10590.0,48,10595.0,7,10570.0
si2410,,13:39:50.72#,10630.0,10645.0,10510.0,0.0,0.0,16612,49479,10550.0,48,10555.0,27,10560.0,31,10565.0,85,10570.0,9,10575.0,53,10580.0,28,10585.0,19,10590.0,43,10595.0,12,10570.0
si2410,,13:39:50.539#,10630.0,10645.0,10510.0,0.0,0.0,16612,49479,10550.0,53,10555.0,22,10560.0,31,10565.0,86,10570.0,9,10575.0,44,10580.0,28,10585.0,19,10590.0,48,10595.0,7,10570.0
si2410,,13:39:50.813#,10630.0,10645.0,10510.0,0.0,0.0,16612,49479,10550.0,48,10555.0,22,10560.0,31,10565.0,86,10570.0,9,10575.0,38,10580.0,28,10585.0,19,10590.0,43,10595.0,7,10570.0
si2410,,13:39:50.841#,10630.0,10645.0,10510.0,0.0,0.0,16612,49479,10550.0,53,10555.0,22,10560.0,31,10565.0,86,10570.0,9,10575.0,38,10580.0,28,10585.0,19,10590.0,48,10595.0,7,10570.0
si2410,,13:39:51.93#,10630.0,10645.0,10510.0,0.0,0.0,16612,49479,10550.0,53,10555.0,22,10560.0,31,10565.0,86,10570.0,9,10575.0,39,10580.0,28,10585.0,19,10590.0,48,10595.0,7,10570.0
si2410,,13:39:51.370#,10630.0,10645.0,10510.0,0.0,0.0,16612,49479,10550.0,53,10555.0,22,10560.0,31,10565.0,86,10570.0,9,10575.0,39,10580.0,28,10585.0,19,10590.0,48,10595.0,7,10570.0
si2410,,13:39:51.791#,10630.0,10645.0,10510.0,0.0,0.0,16612,49479,10550.0,53,10555.0,22,10560.0,31,10565.0,77,10570.0,9,10575.0,39,10580.0,28,10585.0,19,10590.0,48,10595.0,7,10570.0
si2410,,13:39:51.891#,10630.0,10645.0,10510.0,0.0,0.0,16612,49479,10550.0,53,10555.0,22,10560.0,31,10565.0,70,10570.0,9,10575.0,42,10580.0,28,10585.0,19,10590.0,48,10595.0,7,10570.0
si2410,,13:39:52.130#,10630.0,10645.0,10510.0,0.0,0.0,16612,49479,10550.0,48,10555.0,27,10560.0,31,10565.0,72,10570.0,9,10575.0,58,10580.0,28,10585.0,19,10590.0,43,10595.0,12,10570.0
si2410,,13:39:52.548#,10630.0,10645.0,10510.0,0.0,0.0,16612,49479,10550.0,48,10555.0,27,10560.0,31,10565.0,75,10570.0,9,10575.0,67,10580.0,28,10585.0,19,10590.0,43,10595.0,12,10570.0
si2410,,13:39:52.571#,10630.0,10645.0,10510.0,0.0,0.0,16612,49479,10550.0,48,10555.0,27,10560.0,31,10565.0,70,10570.0,9,10575.0,68,10580.0,28,10585.0,19,10590.0,43,10595.0,12,10570.0
si2410,,13:39:52.941#,10630.0,10645.0,10510.0,0.0,0.0,16612,49479,10550.0,48,10555.0,27,10560.0,31,10565.0,70,10570.0,9,10575.0,68,10580.0,28,10585.0,19,10590.0,43,10595.0,12,10570.0
si2410,,13:39:53.72#,10630.0,10645.0,10510.0,0.0,0.0,16612,49479,10550.0,48,10555.0,27,10560.0,31,10565.0,72,10570.0,9,10575.0,68,10580.0,28,10585.0,19,10590.0,43,10595.0,12,10570.0
si2410,,13:39:53.512#,10630.0,10645.0,10510.0,0.0,0.0,16612,49479,10550.0,48,10555.0,27,10560.0,31,10565.0,85,10570.0,9,10575.0,68,10580.0,28,10585.0,19,10590.0,43,10595.0,12,10570.0
si2410,,13:39:53.625#,10630.0,10645.0,10510.0,0.0,0.0,16612,49479,10550.0,48,10555.0,27,10560.0,31,10565.0,88,10570.0,9,10575.0,67,10580.0,28,10585.0,19,10590.0,43,10595.0,12,10570.0
si2410,,13:39:54.30#,10630.0,10645.0,10510.0,0.0,0.0,16612,49479,10550.0,53,10555.0,22,10560.0,31,10565.0,88,10570.0,9,10575.0,69,10580.0,28,10585.0,19,10590.0,48,10595.0,7,10570.0
si2410,,13:39:54.189#,10630.0,10645.0,10510.0,0.0,0.0,16612,49479,10550.0,48,10555.0,27,10560.0,31,10565.0,89,10570.0,9,10575.0,68,10580.0,28,10585.0,19,10590.0,43,10595.0,12,10570.0
si2410,,13:39:54.554#,10630.0,10645.0,10510.0,0.0,0.0,16612,49479,10550.0,53,10555.0,22,10560.0,31,10565.0,89,10570.0,9,10575.0,63,10580.0,28,10585.0,19,10590.0,48,10595.0,7,10570.0
si2410,,13:39:54.571#,10630.0,10645.0,10510.0,0.0,0.0,16612,49479,10550.0,48,10555.0,27,10560.0,31,10565.0,89,10570.0,9,10575.0,63,10580.0,28,10585.0,19,10590.0,43,10595.0,12,10570.0
si2410,,13:39:55.42#,10630.0,10645.0,10510.0,0.0,0.0,16612,49479,10550.0,53,10555.0,22,10560.0,31,10565.0,89,10570.0,9,10575.0,64,10580.0,28,10585.0,19,10590.0,48,10595.0,7,10570.0
si2410,,13:39:55.72#,10630.0,10645.0,10510.0,0.0,0.0,16612,49479,10550.0,48,10555.0,27,10560.0,31,10565.0,89,10570.0,9,10575.0,64,10580.0,28,10585.0,19,10590.0,43,10595.0,12,10570.0
si2410,,13:39:55.324#,10630.0,10645.0,10510.0,0.0,0.0,16612,49479,10550.0,53,10555.0,22,10560.0,31,10565.0,89,10570.0,9,10575.0,64,10580.0,28,10585.0,19,10590.0,48,10595.0,7,10570.0
si2410,,13:39:55.572#,10630.0,10645.0,10510.0,0.0,0.0,16612,49479,10550.0,48,10555.0,27,10560.0,31,10565.0,89,10570.0,9,10575.0,64,10580.0,28,10585.0,19,10590.0,43,10595.0,12,10570.0
si2410,,13:39:56.53#,10630.0,10645.0,10510.0,0.0,0.0,16612,49479,10550.0,48,10555.0,22,10560.0,31,10565.0,88,10570.0,9,10575.0,68,10580.0,28,10585.0,19,10590.0,43,10595.0,7,10570.0
si2410,,13:39:56.81#,10630.0,10645.0,10510.0,0.0,0.0,16612,49479,10550.0,48,10555.0,27,10560.0,31,10565.0,88,10570.0,9,10575.0,68,10580.0,28,10585.0,19,10590.0,43,10595.0,12,10570.0
si2410,,13:39:56.453#,10630.0,10645.0,10510.0,0.0,0.0,16612,49479,10550.0,48,10555.0,27,10560.0,31,10565.0,90,10570.0,9,10575.0,68,10580.0,28,10585.0,19,10590.0,43,10595.0,12,10570.0
si2410,,13:39:56.765#,10630.0,10645.0,10510.0,0.0,0.0,16613,49479,10550.0,53,10555.0,22,10560.0,31,10565.0,90,10570.0,9,10575.0,68,10580.0,28,10585.0,19,10590.0,48,10595.0,7,10570.0
si2410,,13:39:56.822#,10630.0,10645.0,10510.0,0.0,0.0,16613,49479,10550.0,48,10555.0,27,10560.0,31,10565.0,90,10570.0,9,10575.0,68,10580.0,28,10585.0,19,10590.0,43,10595.0,12,10570.0
si2410,,13:39:57.265#,10630.0,10645.0,10510.0,0.0,0.0,16613,49479,10550.0,53,10555.0,22,10560.0,31,10565.0,90,10570.0,9,10575.0,67,10580.0,28,10585.0,19,10590.0,48,10595.0,7,10570.0
si2410,,13:39:57.440#,10630.0,10645.0,10510.0,0.0,0.0,16616,49476,10550.0,48,10555.0,27,10560.0,31,10565.0,91,10570.0,9,10575.0,65,10580.0,28,10585.0,19,10590.0,43,10595.0,12,10575.0
si2410,,13:39:57.594#,10630.0,10645.0,10510.0,0.0,0.0,16616,49476,10550.0,53,10555.0,22,10560.0,31,10565.0,92,10570.0,9,10575.0,65,10580.0,28,10585.0,19,10590.0,48,10595.0,7,10575.0
si2410,,13:39:57.890#,10630.0,10645.0,10510.0,0.0,0.0,16616,49476,10550.0,48,10555.0,27,10560.0,31,10565.0,92,10570.0,10,10575.0,56,10580.0,28,10585.0,19,10590.0,43,10595.0,14,10575.0
si2410,,13:39:58.310#,10630.0,10645.0,10510.0,0.0,0.0,16616,49476,10550.0,53,10555.0,22,10560.0,31,10565.0,91,10570.0,10,10575.0,36,10580.0,26,10585.0,19,10590.0,48,10595.0,9,10575.0
si2410,,13:39:58.460#,10630.0,10645.0,10510.0,0.0,0.0,16616,49476,10550.0,53,10555.0,22,10560.0,31,10565.0,92,10570.0,12,10575.0,24,10580.0,26,10585.0,19,10590.0,48,10595.0,9,10575.0
si2410,,13:39:58.803#,10630.0,10645.0,10510.0,0.0,0.0,16616,49476,10550.0,53,10555.0,22,10560.0,31,10565.0,91,10570.0,14,10575.0,23,10580.0,119,10585.0,19,10590.0,48,10595.0,9,10575.0
si2410,,13:39:58.898#,10630.0,10645.0,10510.0,0.0,0.0,16616,49476,10550.0,48,10555.0,27,10560.0,31,10565.0,83,10570.0,12,10575.0,47,10580.0,119,10585.0,19,10590.0,43,10595.0,14,10575.0
si2410,,13:39:59.242#,10630.0,10645.0,10510.0,0.0,0.0,16616,49476,10550.0,48,10555.0,27,10560.0,31,10565.0,75,10570.0,9,10575.0,92,10580.0,25,10585.0,19,10590.0,43,10595.0,14,10575.0
si2410,,13:39:59.532#,10630.0,10645.0,10510.0,0.0,0.0,16616,49476,10550.0,48,10555.0,27,10560.0,31,10565.0,65,10570.0,9,10575.0,92,10580.0,25,10585.0,19,10590.0,43,10595.0,14,10575.0
si2410,,13:39:59.819#,10630.0,10645.0,10510.0,0.0,0.0,16616,49476,10550.0,48,10555.0,27,10560.0,31,10565.0,64,10570.0,9,10575.0,81,10580.0,25,10585.0,19,10590.0,43,10595.0,14,10575.0
si2410,,13:39:59.858#,10630.0,10645.0,10510.0,0.0,0.0,16616,49476,10550.0,48,10555.0,27,10560.0,31,10565.0,64,10570.0,9,10575.0,68,10580.0,25,10585.0,19,10590.0,43,10595.0,14,10575.0
si2410,,13:40:00.295#,10630.0,10645.0,10510.0,0.0,0.0,16616,49476,10550.0,48,10555.0,27,10560.0,31,10565.0,65,10570.0,9,10575.0,52,10580.0,26,10585.0,19,10590.0,43,10595.0,14,10575.0
si2410,,13:40:00.369#,10630.0,10645.0,10510.0,0.0,0.0,16616,49476,10550.0,48,10555.0,27,10560.0,31,10565.0,81,10570.0,9,10575.0,52,10580.0,26,10585.0,19,10590.0,43,10595.0,14,10575.0
si2410,,13:40:00.699#,10630.0,10645.0,10510.0,0.0,0.0,16616,49476,10550.0,53,10555.0,22,10560.0,31,10565.0,86,10570.0,11,10575.0,48,10580.0,26,10585.0,19,10590.0,48,10595.0,9,10575.0
si2410,,13:40:00.822#,10630.0,10645.0,10510.0,0.0,0.0,16616,49476,10550.0,53,10555.0,22,10560.0,31,10565.0,86,10570.0,11,10575.0,43,10580.0,26,10585.0,19,10590.0,48,10595.0,9,10575.0
si2410,,13:40:01.305#,10630.0,10645.0,10510.0,0.0,0.0,16616,49476,10550.0,53,10555.0,22,10560.0,31,10565.0,77,10570.0,11,10575.0,39,10580.0,26,10585.0,19,10590.0,48,10595.0,9,10575.0
si2410,,13:40:01.392#,10630.0,10645.0,10510.0,0.0,0.0,16616,49476,10550.0,53,10555.0,22,10560.0,31,10565.0,68,10570.0,11,10575.0,48,10580.0,26,10585.0,19,10590.0,48,10595.0,9,10575.0
si2410,,13:40:01.735#,10630.0,10645.0,10510.0,0.0,0.0,16616,49476,10550.0,48,10555.0,27,10560.0,31,10565.0,59,10570.0,11,10575.0,58,10580.0,26,10585.0,19,10590.0,43,10595.0,14,10575.0
si2410,,13:40:01.900#,10630.0,10645.0,10510.0,0.0,0.0,16616,49476,10550.0,48,10555.0,27,10560.0,31,10565.0,54,10570.0,11,10575.0,65,10580.0,25,10585.0,19,10590.0,43,10595.0,14,10575.0
si2410,,13:40:02.200#,10630.0,10645.0,10510.0,0.0,0.0,16616,49476,10550.0,48,10555.0,27,10560.0,31,10565.0,46,10570.0,11,10575.0,65,10580.0,25,10585.0,19,10590.0,43,10595.0,14,10575.0
si2410,,13:40:02.569#,10630.0,10645.0,10510.0,0.0,0.0,16616,49476,10550.0,48,10555.0,27,10560.0,31,10565.0,41,10570.0,11,10575.0,65,10580.0,25,10585.0,19,10590.0,43,10595.0,14,10575.0
si2410,,13:40:03.57#,10630.0,10645.0,10510.0,0.0,0.0,16616,49476,10550.0,48,10555.0,27,10560.0,31,10565.0,48,10570.0,11,10575.0,64,10580.0,25,10585.0,19,10590.0,43,10595.0,14,10575.0
si2410,,13:40:03.211#,10630.0,10645.0,10510.0,0.0,0.0,16616,49476,10550.0,48,10555.0,27,10560.0,31,10565.0,49,10570.0,11,10575.0,67,10580.0,26,10585.0,19,10590.0,43,10595.0,14,10575.0
si2410,,13:40:03.533#,10630.0,10645.0,10510.0,0.0,0.0,16616,49476,10550.0,48,10555.0,27,10560.0,31,10565.0,48,10570.0,18,10575.0,49,10580.0,26,10585.0,19,10590.0,43,10595.0,14,10575.0
si2410,,13:40:03.628#,10630.0,10645.0,10510.0,0.0,0.0,16616,49476,10550.0,48,10555.0,27,10560.0,31,10565.0,74,10570.0,18,10575.0,27,10580.0,26,10585.0,19,10590.0,43,10595.0,14,10575.0
si2410,,13:40:03.822#,10630.0,10645.0,10510.0,0.0,0.0,16616,49476,10550.0,53,10555.0,22,10560.0,31,10565.0,80,10570.0,18,10575.0,17,10580.0,26,10585.0,19,10590.0,48,10595.0,9,10575.0
si2410,,13:40:04.199#,10630.0,10645.0,10510.0,0.0,0.0,16616,49476,10550.0,28,10555.0,47,10560.0,31,10565.0,80,10570.0,19,10575.0,26,10580.0,26,10585.0,19,10590.0,23,10595.0,34,10575.0
si2410,,13:40:04.337#,10630.0,10645.0,10510.0,0.0,0.0,16616,49476,10550.0,33,10555.0,42,10560.0,31,10565.0,80,10570.0,19,10575.0,26,10580.0,26,10585.0,19,10590.0,28,10595.0,29,10575.0
si2410,,13:40:04.691#,10630.0,10645.0,10510.0,0.0,0.0,16616,49476,10550.0,48,10555.0,27,10560.0,31,10565.0,80,10570.0,19,10575.0,26,10580.0,26,10585.0,19,10590.0,43,10595.0,14,10575.0
si2410,,13:40:05.268#,10630.0,10645.0,10510.0,0.0,0.0,16616,49476,10550.0,48,10555.0,27,10560.0,31,10565.0,82,10570.0,19,10575.0,26,10580.0,26,10585.0,19,10590.0,43,10595.0,14,10575.0
si2410,,13:40:05.336#,10630.0,10645.0,10510.0,0.0,0.0,16616,49476,10550.0,48,10555.0,27,10560.0,31,10565.0,80,10570.0,19,10575.0,26,10580.0,26,10585.0,19,10590.0,43,10595.0,14,10575.0
si2410,,13:40:05.748#,10630.0,10645.0,10510.0,0.0,0.0,16616,49476,10550.0,48,10555.0,27,10560.0,31,10565.0,80,10570.0,19,10575.0,20,10580.0,26,10585.0,19,10590.0,43,10595.0,14,10575.0
si2410,,13:40:05.908#,10630.0,10645.0,10510.0,0.0,0.0,16616,49476,10550.0,48,10555.0,27,10560.0,31,10565.0,71,10570.0,19,10575.0,12,10580.0,26,10585.0,19,10590.0,43,10595.0,14,10575.0
si2410,,13:40:06.199#,10630.0,10645.0,10510.0,0.0,0.0,16616,49476,10550.0,28,10555.0,47,10560.0,31,10565.0,71,10570.0,24,10575.0,26,10580.0,26,10585.0,19,10590.0,23,10595.0,34,10575.0
si2410,,13:40:06.351#,10630.0,10645.0,10510.0,0.0,0.0,16616,49476,10550.0,33,10555.0,42,10560.0,31,10565.0,71,10570.0,19,10575.0,28,10580.0,26,10585.0,19,10590.0,28,10595.0,29,10575.0
si2410,,13:40:06.692#,10630.0,10645.0,10510.0,0.0,0.0,16616,49476,10550.0,48,10555.0,27,10560.0,31,10565.0,71,10570.0,19,10575.0,28,10580.0,26,10585.0,19,10590.0,43,10595.0,14,10575.0
si2410,,13:40:07.741#,10630.0,10645.0,10510.0,0.0,0.0,16616,49476,10550.0,48,10555.0,27,10560.0,31,10565.0,72,10570.0,19,10575.0,28,10580.0,26,10585.0,19,10590.0,43,10595.0,14,10575.0
si2410,,13:40:08.55#,10630.0,10645.0,10510.0,0.0,0.0,16616,49476,10550.0,48,10555.0,27,10560.0,31,10565.0,71,10570.0,19,10575.0,28,10580.0,26,10585.0,19,10590.0,43,10595.0,14,10575.0
si2410,,13:40:08.171#,10630.0,10645.0,10510.0,0.0,0.0,16616,49476,10550.0,48,10555.0,27,10560.0,31,10565.0,71,10570.0,19,10575.0,38,10580.0,26,10585.0,19,10590.0,43,10595.0,14,10575.0
si2410,,13:40:08.321#,10630.0,10645.0,10510.0,0.0,0.0,16616,49476,10550.0,48,10555.0,27,10560.0,31,10565.0,70,10570.0,19,10575.0,47,10580.0,26,10585.0,19,10590.0,43,10595.0,14,10575.0
si2410,,13:40:08.791#,10630.0,10645.0,10510.0,0.0,0.0,16616,49476,10550.0,48,10555.0,27,10560.0,31,10565.0,66,10570.0,19,10575.0,56,10580.0,26,10585.0,19,10590.0,43,10595.0,14,10575.0
si2410,,13:40:08.879#,10630.0,10645.0,10510.0,0.0,0.0,16616,49476,10550.0,43,10555.0,32,10560.0,31,10565.0,61,10570.0,19,10575.0,52,10580.0,26,10585.0,19,10590.0,38,10595.0,19,10575.0
si2410,,13:40:09.72#,10630.0,10645.0,10510.0,0.0,0.0,16616,49476,10550.0,48,10555.0,27,10560.0,31,10565.0,61,10570.0,19,10575.0,52,10580.0,26,10585.0,19,10590.0,43,10595.0,14,10575.0
si2410,,13:40:09.457#,10630.0,10645.0,10510.0,0.0,0.0,16616,49476,10550.0,43,10555.0,32,10560.0,31,10565.0,61,10570.0,19,10575.0,55,10580.0,26,10585.0,19,10590.0,38,10595.0,19,10575.0
si2410,,13:40:09.813#,10630.0,10645.0,10510.0,0.0,0.0,16616,49476,10550.0,43,10555.0,27,10560.0,31,10565.0,61,10570.0,19,10575.0,55,10580.0,26,10585.0,19,10590.0,38,10595.0,14,10575.0
si2410,,13:40:09.910#,10630.0,10645.0,10510.0,0.0,0.0,16616,49476,10550.0,48,10555.0,27,10560.0,31,10565.0,59,10570.0,19,10575.0,55,10580.0,26,10585.0,19,10590.0,43,10595.0,14,10575.0
si2410,,13:40:10.280#,10630.0,10645.0,10510.0,0.0,0.0,16616,49476,10550.0,43,10555.0,32,10560.0,31,10565.0,62,10570.0,19,10575.0,55,10580.0,26,10585.0,19,10590.0,38,10595.0,19,10575.0
si2410,,13:40:10.366#,10630.0,10645.0,10510.0,0.0,0.0,16616,49476,10550.0,48,10555.0,27,10560.0,31,10565.0,58,10570.0,19,10575.0,55,10580.0,26,10585.0,19,10590.0,43,10595.0,14,10575.0
si2410,,13:40:10.572#,10630.0,10645.0,10510.0,0.0,0.0,16616,49476,10550.0,43,10555.0,32,10560.0,31,10565.0,53,10570.0,19,10575.0,55,10580.0,26,10585.0,19,10590.0,38,10595.0,19,10575.0
si2410,,13:40:10.927#,10630.0,10645.0,10510.0,0.0,0.0,16616,49476,10550.0,48,10555.0,27,10560.0,31,10565.0,54,10570.0,19,10575.0,58,10580.0,26,10585.0,19,10590.0,43,10595.0,14,10575.0
si2410,,13:40:11.152#,10630.0,10645.0,10510.0,0.0,0.0,16616,49476,10550.0,43,10555.0,32,10560.0,31,10565.0,54,10570.0,19,10575.0,68,10580.0,26,10585.0,19,10590.0,38,10595.0,19,10575.0
si2410,,13:40:11.321#,10630.0,10645.0,10510.0,0.0,0.0,16616,49476,10550.0,43,10555.0,32,10560.0,31,10565.0,50,10570.0,19,10575.0,68,10580.0,26,10585.0,19,10590.0,38,10595.0,19,10575.0
si2410,,13:40:11.625#,10630.0,10645.0,10510.0,0.0,0.0,16616,49476,10550.0,43,10555.0,32,10560.0,31,10565.0,45,10570.0,19,10575.0,70,10580.0,26,10585.0,19,10590.0,38,10595.0,19,10575.0
si2410,,13:40:11.968#,10630.0,10645.0,10510.0,0.0,0.0,16616,49476,10550.0,43,10555.0,32,10560.0,31,10565.0,45,10570.0,15,10575.0,70,10580.0,26,10585.0,19,10590.0,38,10595.0,19,10575.0
si2410,,13:40:12.163#,10630.0,10645.0,10510.0,0.0,0.0,16616,49476,10550.0,48,10555.0,27,10560.0,31,10565.0,45,10570.0,15,10575.0,71,10580.0,26,10585.0,19,10590.0,43,10595.0,14,10575.0
si2410,,13:40:12.357#,10630.0,10645.0,10510.0,0.0,0.0,16616,49476,10550.0,48,10555.0,27,10560.0,31,10565.0,43,10570.0,15,10575.0,71,10580.0,26,10585.0,19,10590.0,43,10595.0,14,10575.0
si2410,,13:40:12.657#,10630.0,10645.0,10510.0,0.0,0.0,16616,49476,10550.0,48,10555.0,27,10560.0,31,10565.0,44,10570.0,15,10575.0,71,10580.0,26,10585.0,19,10590.0,43,10595.0,14,10575.0
si2410,,13:40:12.991#,10630.0,10645.0,10510.0,0.0,0.0,16616,49476,10550.0,48,10555.0,27,10560.0,31,10565.0,44,10570.0,15,10575.0,76,10580.0,26,10585.0,19,10590.0,43,10595.0,14,10575.0
si2410,,13:40:13.393#,10630.0,10645.0,10510.0,0.0,0.0,16616,49476,10550.0,48,10555.0,27,10560.0,31,10565.0,44,10570.0,15,10575.0,77,10580.0,26,10585.0,19,10590.0,43,10595.0,14,10575.0
si2410,,13:40:14.41#,10630.0,10645.0,10510.0,0.0,0.0,16616,49476,10550.0,48,10555.0,27,10560.0,31,10565.0,44,10570.0,15,10575.0,77,10580.0,26,10585.0,19,10590.0,43,10595.0,14,10575.0
si2410,,13:40:14.367#,10630.0,10645.0,10510.0,0.0,0.0,16616,49476,10550.0,48,10555.0,27,10560.0,31,10565.0,44,10570.0,15,10575.0,78,10580.0,26,10585.0,19,10590.0,43,10595.0,14,10575.0
si2410,,13:40:14.752#,10630.0,10645.0,10510.0,0.0,0.0,16616,49476,10550.0,48,10555.0,27,10560.0,31,10565.0,42,10570.0,15,10575.0,78,10580.0,26,10585.0,19,10590.0,43,10595.0,14,10575.0
si2410,,13:40:15.63#,10630.0,10645.0,10510.0,0.0,0.0,16616,49476,10550.0,43,10555.0,27,10560.0,31,10565.0,42,10570.0,15,10575.0,78,10580.0,26,10585.0,19,10590.0,38,10595.0,14,10575.0
si2410,,13:40:15.91#,10630.0,10645.0,10510.0,0.0,0.0,16616,49476,10550.0,48,10555.0,27,10560.0,31,10565.0,42,10570.0,15,10575.0,78,10580.0,26,10585.0,19,10590.0,43,10595.0,14,10575.0
si2410,,13:40:15.463#,10630.0,10645.0,10510.0,0.0,0.0,16616,49476,10550.0,48,10555.0,27,10560.0,31,10565.0,40,10570.0,15,10575.0,78,10580.0,26,10585.0,19,10590.0,43,10595.0,14,10575.0
si2410,,13:40:15.665#,10630.0,10645.0,10510.0,0.0,0.0,16627,49486,10545.0,22,10550.0,48,10555.0,34,10560.0,129,10565.0,28,10575.0,22,10580.0,26,10585.0,24,10590.0,43,10595.0,9,10570.0
si2410,,13:40:15.852#,10630.0,10645.0,10510.0,0.0,0.0,16627,49486,10545.0,17,10550.0,53,10555.0,32,10560.0,148,10565.0,23,10570.0,9,10575.0,48,10580.0,25,10585.0,19,10590.0,48,10570.0
si2410,,13:40:16.166#,10630.0,10645.0,10510.0,0.0,0.0,16627,49486,10545.0,17,10550.0,48,10555.0,37,10560.0,147,10565.0,19,10570.0,11,10575.0,51,10580.0,30,10585.0,19,10590.0,38,10570.0
si2410,,13:40:17.192#,10630.0,10645.0,10510.0,0.0,0.0,16627,49486,10545.0,17,10550.0,48,10555.0,37,10560.0,147,10565.0,19,10570.0,11,10575.0,51,10580.0,30,10585.0,19,10590.0,38,10570.0
si2410,,13:40:18.241#,10630.0,10645.0,10510.0,0.0,0.0,16627,49486,10545.0,17,10550.0,48,10555.0,37,10560.0,147,10565.0,19,10570.0,11,10575.0,51,10580.0,30,10585.0,19,10590.0,38,10570.0
si2410,,13:40:18.339#,10630.0,10645.0,10510.0,0.0,0.0,16627,49486,10545.0,17,10550.0,53,10555.0,32,10560.0,146,10565.0,39,10570.0,10,10575.0,51,10580.0,25,10585.0,19,10590.0,43,10570.0
si2410,,13:40:18.813#,10630.0,10645.0,10510.0,0.0,0.0,16628,49485,10550.0,53,10555.0,27,10560.0,20,10565.0,67,10570.0,2,10575.0,119,10580.0,25,10585.0,14,10590.0,43,10595.0,14,10570.0
si2410,,13:40:18.905#,10630.0,10645.0,10510.0,0.0,0.0,16628,49485,10550.0,53,10555.0,22,10560.0,21,10565.0,82,10570.0,3,10575.0,103,10580.0,25,10585.0,19,10590.0,43,10595.0,9,10570.0
si2410,,13:40:19.300#,10630.0,10645.0,10510.0,0.0,0.0,16629,49484,10550.0,48,10555.0,27,10560.0,26,10565.0,82,10570.0,2,10575.0,93,10580.0,25,10585.0,10,10590.0,45,10595.0,14,10570.0
si2410,,13:40:19.532#,10630.0,10645.0,10510.0,0.0,0.0,16629,49484,10550.0,48,10555.0,27,10560.0,26,10565.0,82,10570.0,2,10575.0,91,10580.0,26,10585.0,10,10590.0,43,10595.0,14,10570.0
si2410,,13:40:19.668#,10630.0,10645.0,10510.0,0.0,0.0,16629,49484,10550.0,48,10555.0,27,10560.0,26,10565.0,82,10570.0,2,10575.0,91,10580.0,27,10585.0,10,10590.0,43,10595.0,14,10570.0
si2410,,13:40:20.226#,10630.0,10645.0,10510.0,0.0,0.0,16629,49484,10550.0,48,10555.0,27,10560.0,26,10565.0,85,10570.0,2,10575.0,91,10580.0,27,10585.0,10,10590.0,43,10595.0,14,10570.0
si2410,,13:40:20.355#,10630.0,10645.0,10510.0,0.0,0.0,16629,49484,10550.0,43,10555.0,27,10560.0,31,10565.0,85,10570.0,2,10575.0,91,10580.0,27,10585.0,15,10590.0,38,10595.0,14,10570.0
si2410,,13:40:20.755#,10630.0,10645.0,10510.0,0.0,0.0,16629,49484,10550.0,43,10555.0,27,10560.0,31,10565.0,86,10570.0,2,10575.0,91,10580.0,27,10585.0,15,10590.0,38,10595.0,14,10570.0
si2410,,13:40:20.845#,10630.0,10645.0,10510.0,0.0,0.0,16629,49484,10550.0,43,10555.0,27,10560.0,31,10565.0,86,10570.0,2,10575.0,93,10580.0,27,10585.0,15,10590.0,38,10595.0,14,10570.0
si2410,,13:40:21.97#,10630.0,10645.0,10510.0,0.0,0.0,16629,49484,10550.0,43,10555.0,27,10560.0,31,10565.0,87,10570.0,2,10575.0,93,10580.0,27,10585.0,15,10590.0,38,10595.0,14,10570.0
si2410,,13:40:21.553#,10630.0,10645.0,10510.0,0.0,0.0,16629,49484,10550.0,43,10555.0,27,10560.0,31,10565.0,96,10570.0,9,10575.0,93,10580.0,27,10585.0,15,10590.0,38,10595.0,14,10570.0
si2410,,13:40:21.686#,10630.0,10645.0,10510.0,0.0,0.0,16629,49484,10550.0,48,10555.0,22,10560.0,31,10565.0,89,10570.0,11,10575.0,72,10580.0,27,10585.0,15,10590.0,43,10595.0,9,10570.0
si2410,,13:40:21.944#,10630.0,10645.0,10510.0,0.0,0.0,16629,49484,10550.0,43,10555.0,27,10560.0,31,10565.0,114,10570.0,11,10575.0,66,10580.0,27,10585.0,15,10590.0,38,10595.0,14,10570.0
si2410,,13:40:22.199#,10630.0,10645.0,10510.0,0.0,0.0,16629,49484,10550.0,48,10555.0,22,10560.0,31,10565.0,113,10570.0,14,10575.0,58,10580.0,27,10585.0,15,10590.0,43,10595.0,9,10570.0
si2410,,13:40:22.461#,10630.0,10645.0,10510.0,0.0,0.0,16629,49484,10550.0,48,10555.0,22,10560.0,31,10565.0,110,10570.0,14,10575.0,48,10580.0,27,10585.0,15,10590.0,43,10595.0,9,10570.0
si2410,,13:40:22.656#,10630.0,10645.0,10510.0,0.0,0.0,16629,49484,10550.0,48,10555.0,22,10560.0,31,10565.0,110,10570.0,14,10575.0,48,10580.0,27,10585.0,15,10590.0,43,10595.0,9,10570.0
si2410,,13:40:22.966#,10630.0,10645.0,10510.0,0.0,0.0,16629,49484,10550.0,48,10555.0,22,10560.0,31,10565.0,114,10570.0,14,10575.0,48,10580.0,27,10585.0,15,10590.0,43,10595.0,9,10570.0
si2410,,13:40:23.141#,10630.0,10645.0,10510.0,0.0,0.0,16629,49484,10550.0,48,10555.0,22,10560.0,31,10565.0,114,10570.0,14,10575.0,48,10580.0,27,10585.0,15,10590.0,43,10595.0,9,10570.0
si2410,,13:40:23.512#,10630.0,10645.0,10510.0,0.0,0.0,16629,49484,10550.0,48,10555.0,22,10560.0,31,10565.0,115,10570.0,14,10575.0,51,10580.0,27,10585.0,15,10590.0,43,10595.0,9,10570.0
si2410,,13:40:23.654#,10630.0,10645.0,10510.0,0.0,0.0,16629,49484,10550.0,48,10555.0,22,10560.0,31,10565.0,117,10570.0,11,10575.0,51,10580.0,27,10585.0,15,10590.0,43,10595.0,9,10570.0
si2410,,13:40:24.5#,10630.0,10645.0,10510.0,0.0,0.0,16629,49484,10550.0,48,10555.0,22,10560.0,31,10565.0,97,10570.0,11,10575.0,52,10580.0,26,10585.0,15,10590.0,43,10595.0,9,10570.0
si2410,,13:40:24.157#,10630.0,10645.0,10510.0,0.0,0.0,16629,49484,10550.0,48,10555.0,22,10560.0,31,10565.0,119,10570.0,8,10575.0,64,10580.0,26,10585.0,15,10590.0,43,10595.0,9,10570.0
si2410,,13:40:24.561#,10630.0,10645.0,10510.0,0.0,0.0,16629,49484,10550.0,48,10555.0,22,10560.0,31,10565.0,119,10570.0,8,10575.0,64,10580.0,26,10585.0,15,10590.0,43,10595.0,9,10570.0
si2410,,13:40:24.657#,10630.0,10645.0,10510.0,0.0,0.0,16629,49484,10550.0,48,10555.0,22,10560.0,31,10565.0,119,10570.0,8,10575.0,64,10580.0,26,10585.0,15,10590.0,43,10595.0,9,10570.0
si2410,,13:40:24.927#,10630.0,10645.0,10510.0,0.0,0.0,16629,49484,10550.0,48,10555.0,22,10560.0,31,10565.0,118,10570.0,8,10575.0,64,10580.0,26,10585.0,15,10590.0,43,10595.0,9,10570.0
si2410,,13:40:25.612#,10630.0,10645.0,10510.0,0.0,0.0,16629,49484,10550.0,48,10555.0,22,10560.0,31,10565.0,118,10570.0,8,10575.0,64,10580.0,26,10585.0,15,10590.0,43,10595.0,9,10570.0
si2410,,13:40:25.855#,10630.0,10645.0,10510.0,0.0,0.0,16629,49484,10550.0,48,10555.0,22,10560.0,31,10565.0,117,10570.0,8,10575.0,64,10580.0,26,10585.0,15,10590.0,43,10595.0,9,10570.0
si2410,,13:40:26.662#,10630.0,10645.0,10510.0,0.0,0.0,16629,49484,10550.0,48,10555.0,22,10560.0,31,10565.0,95,10570.0,18,10575.0,64,10580.0,26,10585.0,15,10590.0,43,10595.0,9,10570.0
si2410,,13:40:27.12#,10630.0,10645.0,10510.0,0.0,0.0,16629,49484,10550.0,48,10555.0,22,10560.0,31,10565.0,94,10570.0,18,10575.0,64,10580.0,26,10585.0,15,10590.0,43,10595.0,9,10570.0
si2410,,13:40:27.711#,10630.0,10645.0,10510.0,0.0,0.0,16629,49484,10550.0,48,10555.0,22,10560.0,31,10565.0,94,10570.0,18,10575.0,63,10580.0,26,10585.0,15,10590.0,43,10595.0,9,10570.0
si2410,,13:40:27.921#,10630.0,10645.0,10510.0,0.0,0.0,16629,49484,10550.0,48,10555.0,22,10560.0,31,10565.0,93,10570.0,18,10575.0,63,10580.0,26,10585.0,15,10590.0,43,10595.0,9,10570.0
si2410,,13:40:28.317#,10630.0,10645.0,10510.0,0.0,0.0,16629,49484,10550.0,48,10555.0,22,10560.0,31,10565.0,93,10570.0,18,10575.0,62,10580.0,26,10585.0,15,10590.0,43,10595.0,9,10570.0
si2410,,13:40:28.554#,10630.0,10645.0,10510.0,0.0,0.0,16629,49484,10550.0,48,10555.0,22,10560.0,31,10565.0,92,10570.0,18,10575.0,63,10580.0,26,10585.0,15,10590.0,43,10595.0,9,10570.0
si2410,,13:40:28.763#,10630.0,10645.0,10510.0,0.0,0.0,16629,49484,10550.0,48,10555.0,22,10560.0,31,10565.0,94,10570.0,18,10575.0,63,10580.0,26,10585.0,15,10590.0,43,10595.0,9,10570.0
si2410,,13:40:28.926#,10630.0,10645.0,10510.0,0.0,0.0,16629,49484,10550.0,48,10555.0,22,10560.0,31,10565.0,93,10570.0,18,10575.0,63,10580.0,26,10585.0,15,10590.0,43,10595.0,9,10570.0
si2410,,13:40:29.811#,10630.0,10645.0,10510.0,0.0,0.0,16629,49484,10550.0,48,10555.0,22,10560.0,31,10565.0,93,10570.0,18,10575.0,63,10580.0,26,10585.0,15,10590.0,43,10595.0,9,10570.0
si2410,,13:40:30.298#,10630.0,10645.0,10510.0,0.0,0.0,16629,49484,10550.0,48,10555.0,22,10560.0,31,10565.0,92,10570.0,18,10575.0,64,10580.0,26,10585.0,15,10590.0,43,10595.0,9,10570.0
si2410,,13:40:30.778#,10630.0,10645.0,10510.0,0.0,0.0,16629,49484,10550.0,48,10555.0,22,10560.0,31,10565.0,92,10570.0,18,10575.0,65,10580.0,26,10585.0,15,10590.0,43,10595.0,9,10570.0
si2410,,13:40:30.861#,10630.0,10645.0,10510.0,0.0,0.0,16629,49484,10550.0,48,10555.0,22,10560.0,31,10565.0,92,10570.0,18,10575.0,65,10580.0,26,10585.0,15,10590.0,43,10595.0,9,10570.0
si2410,,13:40:31.662#,10630.0,10645.0,10510.0,0.0,0.0,16629,49484,10550.0,48,10555.0,22,10560.0,31,10565.0,93,10570.0,18,10575.0,65,10580.0,26,10585.0,15,10590.0,43,10595.0,9,10570.0
si2410,,13:40:31.933#,10630.0,10645.0,10510.0,0.0,0.0,16629,49484,10550.0,48,10555.0,22,10560.0,31,10565.0,94,10570.0,18,10575.0,67,10580.0,26,10585.0,15,10590.0,43,10595.0,9,10570.0
si2410,,13:40:32.961#,10630.0,10645.0,10510.0,0.0,0.0,16629,49484,10550.0,48,10555.0,22,10560.0,31,10565.0,94,10570.0,18,10575.0,67,10580.0,26,10585.0,15,10590.0,43,10595.0,9,10570.0
si2410,,13:40:33.499#,10630.0,10645.0,10510.0,0.0,0.0,16629,49484,10550.0,48,10555.0,22,10560.0,31,10565.0,93,10570.0,18,10575.0,67,10580.0,26,10585.0,15,10590.0,43,10595.0,9,10570.0
si2410,,13:40:33.751#,10630.0,10645.0,10510.0,0.0,0.0,16629,49484,10550.0,48,10555.0,22,10560.0,31,10565.0,92,10570.0,18,10575.0,67,10580.0,26,10585.0,15,10590.0,43,10595.0,9,10570.0
si2410,,13:40:34.12#,10630.0,10645.0,10510.0,0.0,0.0,16629,49484,10550.0,48,10555.0,22,10560.0,31,10565.0,91,10570.0,18,10575.0,68,10580.0,26,10585.0,15,10590.0,43,10595.0,9,10570.0
si2410,,13:40:34.72#,10630.0,10645.0,10510.0,0.0,0.0,16629,49484,10550.0,48,10555.0,22,10560.0,31,10565.0,91,10570.0,18,10575.0,69,10580.0,26,10585.0,15,10590.0,43,10595.0,9,10570.0
si2410,,13:40:34.534#,10630.0,10645.0,10510.0,0.0,0.0,16629,49484,10550.0,48,10555.0,22,10560.0,31,10565.0,91,10570.0,18,10575.0,73,10580.0,26,10585.0,15,10590.0,43,10595.0,9,10570.0
si2410,,13:40:35.62#,10630.0,10645.0,10510.0,0.0,0.0,16629,49484,10550.0,48,10555.0,22,10560.0,31,10565.0,91,10570.0,18,10575.0,73,10580.0,26,10585.0,15,10590.0,43,10595.0,9,10570.0
si2410,,13:40:35.461#,10630.0,10645.0,10510.0,0.0,0.0,16629,49484,10550.0,48,10555.0,22,10560.0,31,10565.0,91,10570.0,18,10575.0,74,10580.0,26,10585.0,15,10590.0,43,10595.0,9,10570.0
si2410,,13:40:36.112#,10630.0,10645.0,10510.0,0.0,0.0,16629,49484,10550.0,48,10555.0,22,10560.0,31,10565.0,91,10570.0,18,10575.0,74,10580.0,26,10585.0,15,10590.0,43,10595.0,9,10570.0
si2410,,13:40:37.161#,10630.0,10645.0,10510.0,0.0,0.0,16629,49484,10550.0,48,10555.0,22,10560.0,31,10565.0,91,10570.0,18,10575.0,74,10580.0,26,10585.0,15,10590.0,43,10595.0,9,10570.0
si2410,,13:40:37.713#,10630.0,10645.0,10510.0,0.0,0.0,16629,49484,10550.0,48,10555.0,22,10560.0,31,10565.0,91,10570.0,18,10575.0,72,10580.0,26,10585.0,15,10590.0,43,10595.0,9,10570.0
si2410,,13:40:38.16#,10630.0,10645.0,10510.0,0.0,0.0,16629,49484,10550.0,48,10555.0,22,10560.0,31,10565.0,91,10570.0,18,10575.0,73,10580.0,26,10585.0,15,10590.0,43,10595.0,9,10570.0
si2410,,13:40:38.300#,10630.0,10645.0,10510.0,0.0,0.0,16629,49484,10550.0,48,10555.0,22,10560.0,31,10565.0,90,10570.0,18,10575.0,73,10580.0,26,10585.0,15,10590.0,43,10595.0,9,10570.0
si2410,,13:40:39.265#,10630.0,10645.0,10510.0,0.0,0.0,16629,49484,10550.0,48,10555.0,22,10560.0,31,10565.0,90,10570.0,18,10575.0,73,10580.0,26,10585.0,15,10590.0,43,10595.0,9,10570.0
si2410,,13:40:40.293#,10630.0,10645.0,10510.0,0.0,0.0,16629,49484,10550.0,43,10555.0,22,10560.0,31,10565.0,90,10570.0,18,10575.0,73,10580.0,26,10585.0,15,10590.0,38,10595.0,9,10570.0
si2410,,13:40:40.534#,10630.0,10645.0,10510.0,0.0,0.0,16629,49484,10550.0,48,10555.0,22,10560.0,31,10565.0,88,10570.0,18,10575.0,89,10580.0,26,10585.0,15,10590.0,43,10595.0,9,10570.0
si2410,,13:40:40.571#,10630.0,10645.0,10510.0,0.0,0.0,16629,49484,10550.0,43,10555.0,27,10560.0,31,10565.0,88,10570.0,18,10575.0,89,10580.0,26,10585.0,15,10590.0,38,10595.0,14,10570.0
si2410,,13:40:40.822#,10630.0,10645.0,10510.0,0.0,0.0,16629,49484,10550.0,48,10555.0,22,10560.0,31,10565.0,88,10570.0,18,10575.0,89,10580.0,26,10585.0,15,10590.0,43,10595.0,9,10570.0
si2410,,13:40:41.72#,10630.0,10645.0,10510.0,0.0,0.0,16629,49484,10550.0,43,10555.0,27,10560.0,31,10565.0,88,10570.0,18,10575.0,89,10580.0,26,10585.0,15,10590.0,38,10595.0,14,10570.0
si2410,,13:40:41.546#,10630.0,10645.0,10510.0,0.0,0.0,16629,49484,10550.0,48,10555.0,22,10560.0,31,10565.0,87,10570.0,18,10575.0,88,10580.0,26,10585.0,15,10590.0,43,10595.0,9,10570.0
si2410,,13:40:41.572#,10630.0,10645.0,10510.0,0.0,0.0,16629,49484,10550.0,43,10555.0,27,10560.0,31,10565.0,87,10570.0,18,10575.0,88,10580.0,26,10585.0,15,10590.0,38,10595.0,14,10570.0
si2410,,13:40:41.997#,10630.0,10645.0,10510.0,0.0,0.0,16629,49484,10550.0,48,10555.0,22,10560.0,31,10565.0,82,10570.0,18,10575.0,87,10580.0,26,10585.0,15,10590.0,43,10595.0,9,10570.0
si2410,,13:40:42.223#,10630.0,10645.0,10510.0,0.0,0.0,16629,49484,10550.0,43,10555.0,27,10560.0,31,10565.0,82,10570.0,18,10575.0,92,10580.0,26,10585.0,15,10590.0,38,10595.0,14,10570.0
si2410,,13:40:42.422#,10630.0,10645.0,10510.0,0.0,0.0,16629,49484,10550.0,43,10555.0,27,10560.0,31,10565.0,82,10570.0,18,10575.0,92,10580.0,26,10585.0,15,10590.0,38,10595.0,14,10570.0
si2410,,13:40:42.626#,10630.0,10645.0,10510.0,0.0,0.0,16629,49484,10550.0,43,10555.0,27,10560.0,31,10565.0,82,10570.0,18,10575.0,94,10580.0,26,10585.0,15,10590.0,38,10595.0,14,10570.0
si2410,,13:40:43.518#,10630.0,10645.0,10510.0,0.0,0.0,16630,49485,10550.0,43,10555.0,27,10560.0,31,10565.0,83,10570.0,17,10575.0,94,10580.0,26,10585.0,15,10590.0,38,10595.0,14,10570.0
si2410,,13:40:43.629#,10630.0,10645.0,10510.0,0.0,0.0,16630,49485,10550.0,48,10555.0,27,10560.0,31,10565.0,83,10570.0,17,10575.0,94,10580.0,26,10585.0,15,10590.0,43,10595.0,14,10570.0
si2410,,13:40:44.314#,10630.0,10645.0,10510.0,0.0,0.0,16630,49485,10550.0,48,10555.0,27,10560.0,31,10565.0,83,10570.0,17,10575.0,96,10580.0,26,10585.0,15,10590.0,43,10595.0,14,10570.0
si2410,,13:40:44.521#,10630.0,10645.0,10510.0,0.0,0.0,16630,49485,10550.0,48,10555.0,27,10560.0,31,10565.0,83,10570.0,17,10575.0,96,10580.0,26,10585.0,15,10590.0,43,10595.0,14,10570.0
si2410,,13:40:45.278#,10630.0,10645.0,10510.0,0.0,0.0,16630,49485,10550.0,48,10555.0,27,10560.0,31,10565.0,83,10570.0,17,10575.0,96,10580.0,26,10585.0,15,10590.0,43,10595.0,14,10570.0
si2410,,13:40:45.543#,10630.0,10645.0,10510.0,0.0,0.0,16630,49485,10550.0,43,10555.0,27,10560.0,31,10565.0,83,10570.0,17,10575.0,96,10580.0,26,10585.0,15,10590.0,38,10595.0,14,10570.0
si2410,,13:40:45.572#,10630.0,10645.0,10510.0,0.0,0.0,16630,49485,10550.0,48,10555.0,27,10560.0,31,10565.0,83,10570.0,17,10575.0,96,10580.0,26,10585.0,15,10590.0,43,10595.0,14,10570.0
si2410,,13:40:45.991#,10630.0,10645.0,10510.0,0.0,0.0,16630,49485,10550.0,48,10555.0,27,10560.0,31,10565.0,82,10570.0,17,10575.0,96,10580.0,26,10585.0,15,10590.0,43,10595.0,14,10570.0
si2410,,13:40:46.109#,10630.0,10645.0,10510.0,0.0,0.0,16630,49485,10550.0,48,10555.0,27,10560.0,31,10565.0,82,10570.0,17,10575.0,96,10580.0,26,10585.0,15,10590.0,43,10595.0,14,10570.0
si2410,,13:40:46.381#,10630.0,10645.0,10510.0,0.0,0.0,16630,49485,10550.0,48,10555.0,27,10560.0,31,10565.0,80,10570.0,17,10575.0,96,10580.0,26,10585.0,15,10590.0,43,10595.0,14,10570.0
si2410,,13:40:46.622#,10630.0,10645.0,10510.0,0.0,0.0,16630,49485,10550.0,48,10555.0,27,10560.0,31,10565.0,80,10570.0,17,10575.0,96,10580.0,26,10585.0,15,10590.0,43,10595.0,14,10570.0
si2410,,13:40:46.970#,10630.0,10645.0,10510.0,0.0,0.0,16630,49485,10550.0,48,10555.0,27,10560.0,31,10565.0,81,10570.0,17,10575.0,96,10580.0,26,10585.0,15,10590.0,43,10595.0,14,10570.0
si2410,,13:40:47.673#,10630.0,10645.0,10510.0,0.0,0.0,16630,49485,10550.0,48,10555.0,27,10560.0,31,10565.0,81,10570.0,17,10575.0,96,10580.0,26,10585.0,15,10590.0,43,10595.0,14,10570.0
si2410,,13:40:48.723#,10630.0,10645.0,10510.0,0.0,0.0,16630,49485,10550.0,48,10555.0,27,10560.0,31,10565.0,77,10570.0,17,10575.0,96,10580.0,26,10585.0,15,10590.0,43,10595.0,14,10570.0
si2410,,13:40:49.42#,10630.0,10645.0,10510.0,0.0,0.0,16630,49485,10550.0,48,10555.0,27,10560.0,31,10565.0,72,10570.0,17,10575.0,97,10580.0,26,10585.0,15,10590.0,43,10595.0,14,10570.0
si2410,,13:40:49.186#,10630.0,10645.0,10510.0,0.0,0.0,16630,49485,10550.0,48,10555.0,27,10560.0,31,10565.0,73,10570.0,17,10575.0,97,10580.0,26,10585.0,15,10590.0,43,10595.0,14,10570.0
si2410,,13:40:49.451#,10630.0,10645.0,10510.0,0.0,0.0,16630,49485,10550.0,48,10555.0,27,10560.0,31,10565.0,77,10570.0,17,10575.0,97,10580.0,26,10585.0,15,10590.0,43,10595.0,14,10570.0
si2410,,13:40:49.776#,10630.0,10645.0,10510.0,0.0,0.0,16630,49485,10550.0,48,10555.0,27,10560.0,31,10565.0,78,10570.0,17,10575.0,97,10580.0,26,10585.0,15,10590.0,43,10595.0,14,10570.0
si2410,,13:40:50.306#,10630.0,10645.0,10510.0,0.0,0.0,16630,49485,10550.0,48,10555.0,27,10560.0,31,10565.0,77,10570.0,17,10575.0,97,10580.0,26,10585.0,15,10590.0,43,10595.0,14,10570.0
si2410,,13:40:50.476#,10630.0,10645.0,10510.0,0.0,0.0,16630,49485,10550.0,48,10555.0,27,10560.0,31,10565.0,77,10570.0,17,10575.0,98,10580.0,26,10585.0,15,10590.0,43,10595.0,14,10570.0
si2410,,13:40:50.803#,10630.0,10645.0,10510.0,0.0,0.0,16630,49485,10550.0,43,10555.0,27,10560.0,31,10565.0,77,10570.0,17,10575.0,98,10580.0,26,10585.0,15,10590.0,38,10595.0,14,10570.0
si2410,,13:40:50.832#,10630.0,10645.0,10510.0,0.0,0.0,16630,49485,10550.0,48,10555.0,27,10560.0,31,10565.0,77,10570.0,17,10575.0,98,10580.0,26,10585.0,15,10590.0,43,10595.0,14,10570.0
si2410,,13:40:51.819#,10630.0,10645.0,10510.0,0.0,0.0,16630,49485,10550.0,48,10555.0,27,10560.0,31,10565.0,77,10570.0,17,10575.0,99,10580.0,26,10585.0,15,10590.0,43,10595.0,14,10570.0
si2410,,13:40:51.881#,10630.0,10645.0,10510.0,0.0,0.0,16630,49485,10550.0,48,10555.0,27,10560.0,31,10565.0,77,10570.0,17,10575.0,99,10580.0,26,10585.0,15,10590.0,43,10595.0,14,10570.0
si2410,,13:40:52.427#,10630.0,10645.0,10510.0,0.0,0.0,16630,49485,10550.0,48,10555.0,27,10560.0,31,10565.0,77,10570.0,17,10575.0,100,10580.0,26,10585.0,15,10590.0,43,10595.0,14,10570.0
si2410,,13:40:52.997#,10630.0,10645.0,10510.0,0.0,0.0,16631,49485,10550.0,48,10555.0,27,10560.0,31,10565.0,77,10570.0,16,10575.0,100,10580.0,26,10585.0,15,10590.0,43,10595.0,14,10570.0
si2410,,13:40:53.217#,10630.0,10645.0,10510.0,0.0,0.0,16631,49485,10550.0,48,10555.0,27,10560.0,31,10565.0,77,10570.0,16,10575.0,107,10580.0,26,10585.0,15,10590.0,43,10595.0,14,10570.0
si2410,,13:40:53.321#,10630.0,10645.0,10510.0,0.0,0.0,16631,49485,10550.0,48,10555.0,27,10560.0,31,10565.0,74,10570.0,16,10575.0,107,10580.0,26,10585.0,15,10590.0,43,10595.0,14,10570.0
si2410,,13:40:53.981#,10630.0,10645.0,10510.0,0.0,0.0,16631,49485,10550.0,48,10555.0,27,10560.0,31,10565.0,74,10570.0,16,10575.0,107,10580.0,26,10585.0,15,10590.0,43,10595.0,14,10570.0
si2410,,13:40:55.45#,10630.0,10645.0,10510.0,0.0,0.0,16631,49485,10550.0,48,10555.0,27,10560.0,31,10565.0,74,10570.0,16,10575.0,107,10580.0,26,10585.0,15,10590.0,43,10595.0,14,10570.0
si2410,,13:40:56.63#,10630.0,10645.0,10510.0,0.0,0.0,16631,49485,10550.0,43,10555.0,27,10560.0,31,10565.0,74,10570.0,16,10575.0,107,10580.0,26,10585.0,15,10590.0,38,10595.0,14,10570.0
si2410,,13:40:56.91#,10630.0,10645.0,10510.0,0.0,0.0,16631,49485,10550.0,48,10555.0,27,10560.0,31,10565.0,74,10570.0,16,10575.0,107,10580.0,26,10585.0,15,10590.0,43,10595.0,14,10570.0
si2410,,13:40:56.458#,10630.0,10645.0,10510.0,0.0,0.0,16632,49485,10550.0,48,10555.0,27,10560.0,31,10565.0,74,10570.0,16,10575.0,106,10580.0,26,10585.0,15,10590.0,43,10595.0,14,10575.0
si2410,,13:40:57.141#,10630.0,10645.0,10510.0,0.0,0.0,16632,49485,10550.0,48,10555.0,27,10560.0,31,10565.0,74,10570.0,16,10575.0,107,10580.0,26,10585.0,15,10590.0,43,10595.0,14,10575.0
si2410,,13:40:57.433#,10630.0,10645.0,10510.0,0.0,0.0,16632,49485,10550.0,48,10555.0,27,10560.0,31,10565.0,73,10570.0,16,10575.0,107,10580.0,26,10585.0,15,10590.0,43,10595.0,14,10575.0
si2410,,13:40:58.191#,10630.0,10645.0,10510.0,0.0,0.0,16632,49485,10550.0,48,10555.0,27,10560.0,31,10565.0,73,10570.0,16,10575.0,106,10580.0,26,10585.0,15,10590.0,43,10595.0,14,10575.0
si2410,,13:40:58.702#,10630.0,10645.0,10510.0,0.0,0.0,16632,49485,10550.0,48,10555.0,27,10560.0,31,10565.0,76,10570.0,16,10575.0,106,10580.0,26,10585.0,15,10590.0,43,10595.0,14,10575.0
si2410,,13:40:59.242#,10630.0,10645.0,10510.0,0.0,0.0,16632,49485,10550.0,48,10555.0,27,10560.0,31,10565.0,76,10570.0,16,10575.0,106,10580.0,26,10585.0,15,10590.0,43,10595.0,14,10575.0
si2410,,13:41:00.292#,10630.0,10645.0,10510.0,0.0,0.0,16632,49485,10550.0,48,10555.0,27,10560.0,31,10565.0,76,10570.0,16,10575.0,106,10580.0,26,10585.0,15,10590.0,43,10595.0,14,10575.0
si2410,,13:41:01.314#,10630.0,10645.0,10510.0,0.0,0.0,16632,49485,10550.0,43,10555.0,27,10560.0,31,10565.0,76,10570.0,16,10575.0,106,10580.0,26,10585.0,15,10590.0,38,10595.0,14,10575.0
si2410,,13:41:01.536#,10630.0,10645.0,10510.0,0.0,0.0,16632,49485,10550.0,48,10555.0,27,10560.0,31,10565.0,75,10570.0,16,10575.0,116,10580.0,26,10585.0,15,10590.0,43,10595.0,14,10575.0
si2410,,13:41:01.695#,10630.0,10645.0,10510.0,0.0,0.0,16632,49485,10550.0,48,10555.0,27,10560.0,31,10565.0,71,10570.0,16,10575.0,117,10580.0,26,10585.0,15,10590.0,43,10595.0,14,10575.0
si2410,,13:41:01.820#,10630.0,10645.0,10510.0,0.0,0.0,16632,49485,10550.0,48,10555.0,27,10560.0,31,10565.0,71,10570.0,16,10575.0,116,10580.0,26,10585.0,15,10590.0,43,10595.0,14,10575.0
si2410,,13:41:02.391#,10630.0,10645.0,10510.0,0.0,0.0,16632,49485,10550.0,48,10555.0,27,10560.0,31,10565.0,71,10570.0,16,10575.0,116,10580.0,26,10585.0,15,10590.0,43,10595.0,14,10575.0
si2410,,13:41:03.223#,10630.0,10645.0,10510.0,0.0,0.0,16632,49485,10550.0,48,10555.0,27,10560.0,31,10565.0,75,10570.0,16,10575.0,116,10580.0,26,10585.0,15,10590.0,43,10595.0,14,10575.0
si2410,,13:41:03.442#,10630.0,10645.0,10510.0,0.0,0.0,16632,49485,10550.0,48,10555.0,27,10560.0,31,10565.0,75,10570.0,16,10575.0,116,10580.0,26,10585.0,15,10590.0,43,10595.0,14,10575.0
si2410,,13:41:03.737#,10630.0,10645.0,10510.0,0.0,0.0,16632,49485,10550.0,48,10555.0,27,10560.0,31,10565.0,62,10570.0,16,10575.0,115,10580.0,26,10585.0,15,10590.0,43,10595.0,14,10575.0
si2410,,13:41:03.942#,10630.0,10645.0,10510.0,0.0,0.0,16632,49485,10550.0,48,10555.0,27,10560.0,31,10565.0,63,10570.0,16,10575.0,116,10580.0,26,10585.0,15,10590.0,43,10595.0,14,10575.0
si2410,,13:41:04.314#,10630.0,10645.0,10510.0,0.0,0.0,16632,49485,10550.0,48,10555.0,27,10560.0,31,10565.0,56,10570.0,16,10575.0,116,10580.0,26,10585.0,15,10590.0,43,10595.0,14,10575.0
si2410,,13:41:04.492#,10630.0,10645.0,10510.0,0.0,0.0,16632,49485,10550.0,48,10555.0,27,10560.0,31,10565.0,56,10570.0,16,10575.0,116,10580.0,26,10585.0,15,10590.0,43,10595.0,14,10575.0
si2410,,13:41:05.250#,10630.0,10645.0,10510.0,0.0,0.0,16632,49485,10550.0,48,10555.0,27,10560.0,31,10565.0,56,10570.0,16,10575.0,116,10580.0,26,10585.0,15,10590.0,43,10595.0,14,10575.0
si2410,,13:41:05.542#,10630.0,10645.0,10510.0,0.0,0.0,16632,49485,10545.0,17,10550.0,48,10555.0,27,10560.0,31,10565.0,56,10575.0,118,10580.0,26,10585.0,15,10590.0,43,10595.0,14,10575.0
si2410,,13:41:05.697#,10630.0,10645.0,10510.0,0.0,0.0,16633,49484,10545.0,17,10550.0,48,10555.0,32,10560.0,25,10565.0,58,10575.0,118,10580.0,26,10585.0,15,10590.0,43,10595.0,14,10570.0
si2410,,13:41:05.903#,10630.0,10645.0,10510.0,0.0,0.0,16633,49484,10545.0,17,10550.0,48,10555.0,32,10560.0,25,10565.0,57,10575.0,118,10580.0,26,10585.0,15,10590.0,43,10595.0,14,10570.0
si2410,,13:41:06.239#,10630.0,10645.0,10510.0,0.0,0.0,16633,49484,10545.0,17,10550.0,48,10555.0,32,10560.0,25,10565.0,57,10575.0,119,10580.0,26,10585.0,15,10590.0,43,10595.0,14,10570.0
si2410,,13:41:06.564#,10630.0,10645.0,10510.0,0.0,0.0,16634,49484,10545.0,17,10550.0,43,10555.0,32,10560.0,25,10565.0,56,10575.0,118,10580.0,26,10585.0,15,10590.0,38,10595.0,14,10575.0
si2410,,13:41:06.769#,10630.0,10645.0,10510.0,0.0,0.0,16637,49481,10545.0,17,10550.0,48,10555.0,32,10560.0,25,10565.0,56,10575.0,117,10580.0,26,10585.0,15,10590.0,43,10595.0,14,10570.0
si2410,,13:41:07.132#,10630.0,10645.0,10510.0,0.0,0.0,16637,49481,10545.0,17,10550.0,48,10555.0,32,10560.0,25,10565.0,55,10575.0,117,10580.0,26,10585.0,15,10590.0,43,10595.0,14,10570.0
si2410,,13:41:07.444#,10630.0,10645.0,10510.0,0.0,0.0,16637,49481,10545.0,22,10550.0,48,10555.0,27,10560.0,25,10565.0,55,10575.0,118,10580.0,26,10585.0,20,10590.0,43,10595.0,9,10570.0
si2410,,13:41:07.757#,10630.0,10645.0,10510.0,0.0,0.0,16638,49481,10545.0,22,10550.0,48,10555.0,27,10560.0,25,10565.0,53,10575.0,117,10580.0,26,10585.0,20,10590.0,43,10595.0,9,10575.0
si2410,,13:41:07.821#,10630.0,10645.0,10510.0,0.0,0.0,16640,49479,10545.0,22,10550.0,48,10555.0,27,10560.0,25,10565.0,49,10575.0,117,10580.0,26,10585.0,20,10590.0,43,10595.0,9,10570.0
si2410,,13:41:08.221#,10630.0,10645.0,10510.0,0.0,0.0,16640,49479,10545.0,17,10550.0,53,10555.0,32,10560.0,111,10565.0,50,10570.0,27,10575.0,54,10580.0,25,10585.0,21,10590.0,43,10570.0
si2410,,13:41:08.447#,10630.0,10645.0,10510.0,0.0,0.0,16640,49479,10545.0,22,10550.0,53,10555.0,27,10560.0,112,10565.0,47,10575.0,58,10580.0,30,10585.0,21,10590.0,43,10595.0,9,10570.0
si2410,,13:41:08.754#,10630.0,10645.0,10510.0,0.0,0.0,16640,49479,10545.0,22,10550.0,48,10555.0,32,10560.0,130,10565.0,41,10570.0,36,10575.0,68,10580.0,25,10585.0,31,10590.0,38,10570.0
si2410,,13:41:08.844#,10630.0,10645.0,10510.0,0.0,0.0,16640,49479,10545.0,22,10550.0,48,10555.0,32,10560.0,130,10565.0,41,10570.0,36,10575.0,68,10580.0,25,10585.0,31,10590.0,38,10570.0
si2410,,13:41:09.162#,10630.0,10645.0,10510.0,0.0,0.0,16640,49479,10545.0,22,10550.0,48,10555.0,32,10560.0,130,10565.0,41,10570.0,28,10575.0,68,10580.0,25,10585.0,31,10590.0,38,10570.0
si2410,,13:41:09.323#,10630.0,10645.0,10510.0,0.0,0.0,16640,49479,10545.0,22,10550.0,48,10555.0,32,10560.0,112,10565.0,45,10570.0,28,10575.0,68,10580.0,25,10585.0,31,10590.0,38,10570.0
si2410,,13:41:09.801#,10630.0,10645.0,10510.0,0.0,0.0,16640,49479,10545.0,22,10550.0,48,10555.0,32,10560.0,112,10565.0,48,10570.0,28,10575.0,68,10580.0,25,10585.0,31,10590.0,38,10570.0
si2410,,13:41:09.872#,10630.0,10645.0,10510.0,0.0,0.0,16640,49479,10545.0,22,10550.0,48,10555.0,32,10560.0,112,10565.0,48,10570.0,28,10575.0,69,10580.0,30,10585.0,26,10590.0,38,10570.0
si2410,,13:41:10.146#,10630.0,10645.0,10510.0,0.0,0.0,16640,49479,10545.0,22,10550.0,48,10555.0,32,10560.0,112,10565.0,48,10570.0,27,10575.0,69,10580.0,30,10585.0,26,10590.0,38,10570.0
si2410,,13:41:10.322#,10630.0,10645.0,10510.0,0.0,0.0,16640,49479,10545.0,22,10550.0,48,10555.0,32,10560.0,112,10565.0,48,10570.0,30,10575.0,69,10580.0,30,10585.0,26,10590.0,38,10570.0
si2410,,13:41:10.710#,10630.0,10645.0,10510.0,0.0,0.0,16640,49479,10545.0,22,10550.0,48,10555.0,32,10560.0,105,10565.0,43,10570.0,30,10575.0,69,10580.0,30,10585.0,26,10590.0,38,10570.0
si2410,,13:41:10.867#,10630.0,10645.0,10510.0,0.0,0.0,16640,49479,10545.0,22,10550.0,48,10555.0,32,10560.0,105,10565.0,43,10570.0,31,10575.0,70,10580.0,30,10585.0,26,10590.0,38,10570.0
si2410,,13:41:11.71#,10630.0,10645.0,10510.0,0.0,0.0,16640,49479,10545.0,22,10550.0,48,10555.0,32,10560.0,105,10565.0,43,10570.0,32,10575.0,70,10580.0,30,10585.0,26,10590.0,38,10570.0
si2410,,13:41:11.350#,10630.0,10645.0,10510.0,0.0,0.0,16640,49479,10545.0,22,10550.0,48,10555.0,32,10560.0,105,10565.0,42,10570.0,32,10575.0,70,10580.0,30,10585.0,26,10590.0,38,10570.0
si2410,,13:41:12.29#,10630.0,10645.0,10510.0,0.0,0.0,16640,49479,10545.0,22,10550.0,48,10555.0,32,10560.0,105,10565.0,42,10570.0,32,10575.0,71,10580.0,30,10585.0,26,10590.0,38,10570.0
si2410,,13:41:12.797#,10630.0,10645.0,10510.0,0.0,0.0,16640,49479,10545.0,22,10550.0,48,10555.0,32,10560.0,106,10565.0,42,10570.0,31,10575.0,71,10580.0,30,10585.0,26,10590.0,38,10570.0
si2410,,13:41:12.993#,10630.0,10645.0,10510.0,0.0,0.0,16640,49479,10545.0,22,10550.0,48,10555.0,32,10560.0,107,10565.0,42,10570.0,31,10575.0,71,10580.0,30,10585.0,26,10590.0,38,10570.0
si2410,,13:41:13.262#,10630.0,10645.0,10510.0,0.0,0.0,16640,49479,10545.0,22,10550.0,48,10555.0,32,10560.0,107,10565.0,43,10575.0,72,10580.0,30,10585.0,26,10590.0,38,10595.0,9,10570.0
si2410,,13:41:13.359#,10630.0,10645.0,10510.0,0.0,0.0,16640,49479,10545.0,17,10550.0,53,10555.0,32,10560.0,107,10565.0,44,10575.0,160,10580.0,25,10585.0,26,10590.0,43,10595.0,9,10570.0
si2410,,13:41:13.693#,10630.0,10645.0,10510.0,0.0,0.0,17140,49479,10545.0,22,10550.0,43,10555.0,27,10560.0,25,10565.0,76,10575.0,140,10580.0,25,10585.0,31,10590.0,38,10595.0,9,10570.0
si2410,,13:41:14.2#,10630.0,10645.0,10510.0,0.0,0.0,17140,49479,10550.0,43,10555.0,32,10560.0,25,10565.0,79,10570.0,2,10575.0,133,10580.0,28,10585.0,21,10590.0,38,10595.0,14,10570.0
si2410,,13:41:14.183#,10630.0,10645.0,10510.0,0.0,0.0,17140,49479,10550.0,38,10555.0,27,10560.0,26,10565.0,81,10570.0,2,10575.0,133,10580.0,28,10585.0,21,10590.0,28,10595.0,14,10570.0
si2410,,13:41:14.760#,10630.0,10645.0,10510.0,0.0,0.0,17140,49479,10550.0,38,10555.0,27,10560.0,26,10565.0,101,10570.0,2,10575.0,133,10580.0,28,10585.0,21,10590.0,28,10595.0,14,10570.0
si2410,,13:41:15.52#,10630.0,10645.0,10510.0,0.0,0.0,17140,49479,10550.0,38,10555.0,27,10560.0,26,10565.0,80,10570.0,4,10575.0,133,10580.0,28,10585.0,21,10590.0,28,10595.0,14,10570.0
si2410,,13:41:15.129#,10630.0,10645.0,10510.0,0.0,0.0,17140,49479,10550.0,43,10555.0,27,10560.0,31,10565.0,80,10570.0,4,10575.0,133,10580.0,28,10585.0,21,10590.0,38,10595.0,14,10570.0
si2410,,13:41:15.498#,10630.0,10645.0,10510.0,0.0,0.0,17140,49479,10550.0,43,10555.0,27,10560.0,31,10565.0,80,10570.0,4,10575.0,135,10580.0,28,10585.0,21,10590.0,38,10595.0,14,10570.0
si2410,,13:41:15.800#,10630.0,10645.0,10510.0,0.0,0.0,17140,49479,10550.0,48,10555.0,27,10560.0,26,10565.0,80,10570.0,7,10575.0,135,10580.0,27,10585.0,16,10590.0,43,10595.0,14,10570.0
si2410,,13:41:15.826#,10630.0,10645.0,10510.0,0.0,0.0,17140,49479,10550.0,43,10555.0,27,10560.0,31,10565.0,80,10570.0,7,10575.0,135,10580.0,27,10585.0,21,10590.0,38,10595.0,14,10570.0
si2410,,13:41:16.302#,10630.0,10645.0,10510.0,0.0,0.0,17140,49479,10550.0,43,10555.0,27,10560.0,31,10565.0,79,10570.0,7,10575.0,135,10580.0,27,10585.0,21,10590.0,38,10595.0,14,10570.0
si2410,,13:41:16.321#,10630.0,10645.0,10510.0,0.0,0.0,17140,49479,10550.0,43,10555.0,27,10560.0,31,10565.0,79,10570.0,7,10575.0,135,10580.0,26,10585.0,21,10590.0,38,10595.0,14,10570.0
si2410,,13:41:16.639#,10630.0,10645.0,10510.0,0.0,0.0,17140,49479,10550.0,43,10555.0,27,10560.0,31,10565.0,80,10570.0,7,10575.0,135,10580.0,26,10585.0,21,10590.0,38,10595.0,14,10570.0
si2410,,13:41:17.29#,10630.0,10645.0,10510.0,0.0,0.0,17140,49479,10550.0,43,10555.0,27,10560.0,31,10565.0,83,10570.0,7,10575.0,135,10580.0,26,10585.0,21,10590.0,38,10595.0,14,10570.0
si2410,,13:41:17.152#,10630.0,10645.0,10510.0,0.0,0.0,17140,49479,10550.0,43,10555.0,27,10560.0,31,10565.0,83,10570.0,7,10575.0,135,10580.0,26,10585.0,21,10590.0,38,10595.0,14,10570.0
si2410,,13:41:17.468#,10630.0,10645.0,10510.0,0.0,0.0,17140,49479,10550.0,43,10555.0,27,10560.0,31,10565.0,82,10570.0,7,10575.0,135,10580.0,26,10585.0,21,10590.0,38,10595.0,14,10570.0
si2410,,13:41:17.672#,10630.0,10645.0,10510.0,0.0,0.0,17140,49479,10550.0,43,10555.0,27,10560.0,31,10565.0,84,10570.0,7,10575.0,135,10580.0,26,10585.0,21,10590.0,38,10595.0,14,10570.0
si2410,,13:41:18.39#,10630.0,10645.0,10510.0,0.0,0.0,17140,49479,10550.0,43,10555.0,27,10560.0,31,10565.0,86,10570.0,7,10575.0,135,10580.0,26,10585.0,21,10590.0,38,10595.0,14,10570.0
si2410,,13:41:18.202#,10630.0,10645.0,10510.0,0.0,0.0,17140,49479,10550.0,43,10555.0,27,10560.0,31,10565.0,85,10570.0,7,10575.0,135,10580.0,26,10585.0,21,10590.0,38,10595.0,14,10570.0
si2410,,13:41:18.926#,10630.0,10645.0,10510.0,0.0,0.0,17140,49479,10550.0,43,10555.0,27,10560.0,31,10565.0,85,10570.0,7,10575.0,136,10580.0,26,10585.0,21,10590.0,38,10595.0,14,10570.0
si2410,,13:41:19.252#,10630.0,10645.0,10510.0,0.0,0.0,17140,49479,10550.0,48,10555.0,27,10560.0,31,10565.0,83,10570.0,7,10575.0,136,10580.0,26,10585.0,21,10590.0,43,10595.0,14,10570.0
si2410,,13:41:20.36#,10630.0,10645.0,10510.0,0.0,0.0,17140,49479,10550.0,48,10555.0,27,10560.0,31,10565.0,83,10570.0,4,10575.0,136,10580.0,26,10585.0,21,10590.0,43,10595.0,14,10570.0
si2410,,13:41:20.302#,10630.0,10645.0,10510.0,0.0,0.0,17140,49479,10550.0,48,10555.0,27,10560.0,31,10565.0,83,10570.0,3,10575.0,135,10580.0,26,10585.0,21,10590.0,43,10595.0,14,10570.0
si2410,,13:41:20.321#,10630.0,10645.0,10510.0,0.0,0.0,17140,49479,10550.0,48,10555.0,27,10560.0,31,10565.0,104,10570.0,1,10575.0,135,10580.0,26,10585.0,21,10590.0,43,10595.0,14,10570.0
si2410,,13:41:20.652#,10630.0,10645.0,10510.0,0.0,0.0,17140,49479,10550.0,48,10555.0,27,10560.0,31,10565.0,104,10570.0,1,10575.0,135,10580.0,26,10585.0,21,10590.0,43,10595.0,14,10570.0
si2410,,13:41:21.301#,10630.0,10645.0,10510.0,0.0,0.0,17140,49479,10550.0,48,10555.0,27,10560.0,31,10565.0,104,10570.0,1,10575.0,135,10580.0,26,10585.0,21,10590.0,43,10595.0,14,10570.0
si2410,,13:41:21.352#,10630.0,10645.0,10510.0,0.0,0.0,17140,49479,10550.0,48,10555.0,27,10560.0,31,10565.0,104,10570.0,1,10575.0,135,10580.0,26,10585.0,21,10590.0,43,10595.0,14,10570.0
si2410,,13:41:21.646#,10630.0,10645.0,10510.0,0.0,0.0,17141,49478,10545.0,17,10550.0,48,10555.0,32,10560.0,26,10565.0,104,10575.0,135,10580.0,26,10585.0,21,10590.0,43,10595.0,14,10570.0
si2410,,13:41:22.25#,10630.0,10645.0,10510.0,0.0,0.0,17141,49478,10545.0,17,10550.0,48,10555.0,32,10560.0,25,10565.0,107,10575.0,135,10580.0,26,10585.0,21,10590.0,43,10595.0,14,10570.0
si2410,,13:41:22.164#,10630.0,10645.0,10510.0,0.0,0.0,17141,49478,10550.0,48,10555.0,27,10560.0,30,10565.0,90,10570.0,7,10575.0,135,10580.0,26,10585.0,21,10590.0,43,10595.0,14,10570.0
si2410,,13:41:22.401#,10630.0,10645.0,10510.0,0.0,0.0,17141,49478,10550.0,48,10555.0,27,10560.0,31,10565.0,90,10570.0,5,10575.0,133,10580.0,26,10585.0,21,10590.0,43,10595.0,14,10570.0
si2410,,13:41:22.601#,10630.0,10645.0,10510.0,0.0,0.0,17141,49478,10550.0,48,10555.0,27,10560.0,31,10565.0,90,10570.0,5,10575.0,123,10580.0,26,10585.0,21,10590.0,43,10595.0,14,10570.0
