InstrumentId,ExchangeId,Datetime,OpenPrice,HighestPrice,LowestPrice,UpperLimitPrice,LowerLimitPrice,Volume,OpenInterest,BidPrice5,BidVolume5,BidPrice4,BidVolume4,BidPrice3,BidVolume3,BidPrice2,BidVolume2,BidPrice1,BidVolume1,AskPrice1,AskVolume1,AskPrice2,AskVolume2,AskPrice3,AskVolume3,AskPrice4,AskVolume4,AskPrice5,AskVolume5,LastPrice
si2505,,13:38:34.919#,13975.0,13975.0,13845.0,0.0,0.0,21,251,13800.0,1,13850.0,1,13885.0,1,13890.0,3,13895.0,1,13935.0,1,14010.0,2,14115.0,2,14200.0,1,14265.0,2,13935.0
si2505,,13:38:36.714#,13975.0,13975.0,13845.0,0.0,0.0,21,251,13800.0,1,13850.0,1,13885.0,1,13890.0,3,13895.0,1,14010.0,2,14115.0,2,14200.0,1,14265.0,2,14390.0,1,13935.0
si2505,,13:38:37.246#,13975.0,13975.0,13845.0,0.0,0.0,21,251,13800.0,1,13850.0,1,13885.0,1,13890.0,3,13895.0,1,14005.0,2,14010.0,2,14115.0,2,14200.0,1,14265.0,2,13935.0
si2505,,13:38:38.275#,13975.0,13975.0,13845.0,0.0,0.0,21,251,13800.0,1,13850.0,1,13885.0,1,13890.0,3,13895.0,1,14000.0,2,14005.0,2,14010.0,2,14115.0,2,14200.0,1,13935.0
si2505,,13:38:38.772#,13975.0,13975.0,13845.0,0.0,0.0,21,251,13800.0,1,13850.0,1,13885.0,1,13890.0,3,13895.0,1,13995.0,2,14000.0,2,14010.0,2,14115.0,2,14200.0,1,13935.0
si2505,,13:38:38.891#,13975.0,13975.0,13845.0,0.0,0.0,21,251,13800.0,1,13850.0,1,13885.0,1,13890.0,3,13895.0,1,13995.0,3,14000.0,2,14010.0,2,14115.0,2,14200.0,1,13935.0
si2505,,13:38:39.415#,13975.0,13975.0,13845.0,0.0,0.0,21,251,13800.0,1,13850.0,1,13885.0,1,13890.0,3,13895.0,1,13990.0,1,13995.0,3,14000.0,2,14010.0,2,14115.0,2,13935.0
si2505,,13:38:39.695#,13975.0,13975.0,13845.0,0.0,0.0,21,251,13800.0,1,13850.0,1,13885.0,1,13890.0,3,13895.0,1,13990.0,1,13995.0,1,14000.0,2,14010.0,2,14115.0,2,13935.0
si2505,,13:38:41.681#,13975.0,13975.0,13845.0,0.0,0.0,21,251,13800.0,1,13850.0,1,13885.0,1,13890.0,2,13895.0,1,13990.0,1,14010.0,2,14115.0,2,14200.0,1,14265.0,2,13935.0
si2505,,13:38:42.265#,13975.0,13975.0,13845.0,0.0,0.0,21,251,13800.0,1,13850.0,1,13885.0,1,13890.0,2,13895.0,2,13985.0,2,13990.0,1,14010.0,2,14115.0,2,14200.0,1,13935.0
si2505,,13:38:42.381#,13975.0,13975.0,13845.0,0.0,0.0,21,251,13800.0,1,13850.0,1,13885.0,1,13890.0,2,13895.0,2,13985.0,3,13990.0,1,14010.0,2,14115.0,2,14200.0,1,13935.0
si2505,,13:38:43.215#,13975.0,13975.0,13845.0,0.0,0.0,21,251,13850.0,1,13885.0,1,13890.0,2,13895.0,2,13900.0,1,13985.0,3,13990.0,1,14010.0,2,14115.0,2,14200.0,1,13935.0
si2505,,13:38:43.897#,13975.0,13975.0,13845.0,0.0,0.0,21,251,13850.0,1,13885.0,1,13890.0,2,13895.0,2,13900.0,1,13980.0,1,13985.0,3,14010.0,2,14115.0,2,14200.0,1,13935.0
si2505,,13:38:44.523#,13975.0,13975.0,13845.0,0.0,0.0,21,251,13800.0,1,13850.0,1,13885.0,1,13890.0,2,13895.0,2,13980.0,1,13985.0,3,14010.0,2,14115.0,2,14200.0,1,13935.0
si2505,,13:38:44.956#,13975.0,13975.0,13845.0,0.0,0.0,21,251,13850.0,1,13885.0,1,13890.0,2,13895.0,1,13905.0,1,13980.0,1,13985.0,3,14010.0,2,14115.0,2,14200.0,1,13935.0
si2505,,13:38:45.374#,13975.0,13975.0,13845.0,0.0,0.0,21,251,13850.0,1,13885.0,1,13890.0,1,13895.0,1,13905.0,1,13980.0,1,13985.0,3,14010.0,2,14115.0,2,14200.0,1,13935.0
si2505,,13:38:46.408#,13975.0,13975.0,13845.0,0.0,0.0,21,251,13850.0,1,13885.0,1,13890.0,1,13895.0,1,13905.0,2,13980.0,1,13985.0,3,14010.0,2,14115.0,2,14200.0,1,13935.0
si2505,,13:38:47.218#,13975.0,13975.0,13845.0,0.0,0.0,21,251,13800.0,1,13850.0,1,13885.0,1,13890.0,1,13905.0,2,13980.0,1,14010.0,2,14115.0,2,14200.0,1,14265.0,2,13935.0
si2505,,13:38:47.759#,13975.0,13975.0,13845.0,0.0,0.0,21,251,13800.0,1,13850.0,1,13885.0,1,13890.0,1,13905.0,2,13975.0,1,13980.0,2,14010.0,2,14115.0,2,14200.0,1,13935.0
si2505,,13:38:48.502#,13975.0,13975.0,13845.0,0.0,0.0,21,251,13850.0,1,13885.0,1,13890.0,1,13905.0,2,13910.0,1,13975.0,1,13980.0,2,14010.0,2,14115.0,2,14200.0,1,13935.0
si2505,,13:38:49.67#,13975.0,13975.0,13845.0,0.0,0.0,21,251,13800.0,1,13850.0,1,13885.0,1,13890.0,1,13905.0,2,13975.0,1,13980.0,2,14010.0,2,14115.0,2,14200.0,1,13935.0
si2505,,13:38:49.408#,13975.0,13975.0,13845.0,0.0,0.0,21,251,13800.0,1,13850.0,1,13885.0,1,13890.0,1,13905.0,2,13970.0,1,13975.0,1,13980.0,1,14010.0,2,14115.0,2,13935.0
si2505,,13:38:52.274#,13975.0,13975.0,13845.0,0.0,0.0,21,251,13790.0,1,13800.0,1,13850.0,1,13885.0,1,13905.0,2,13970.0,1,13975.0,1,13980.0,1,14010.0,2,14115.0,2,13935.0
si2505,,13:38:53.386#,13975.0,13975.0,13845.0,0.0,0.0,21,251,13790.0,1,13800.0,1,13850.0,1,13885.0,1,13905.0,2,13975.0,1,13980.0,1,14010.0,2,14115.0,2,14200.0,1,13935.0
si2505,,13:38:55.537#,13975.0,13975.0,13845.0,0.0,0.0,21,251,13790.0,1,13800.0,1,13850.0,1,13885.0,1,13905.0,2,13970.0,1,13975.0,1,13980.0,1,14010.0,2,14115.0,2,13935.0
si2505,,13:38:56.250#,13975.0,13975.0,13845.0,0.0,0.0,21,251,13790.0,1,13800.0,1,13850.0,1,13885.0,1,13905.0,2,13970.0,1,13980.0,1,14010.0,2,14115.0,2,14200.0,1,13935.0
si2505,,13:38:56.778#,13975.0,13975.0,13845.0,0.0,0.0,21,251,13790.0,1,13800.0,1,13850.0,1,13885.0,1,13905.0,2,13965.0,1,13970.0,1,13980.0,1,14010.0,2,14115.0,2,13935.0
si2505,,13:38:57.352#,13975.0,13975.0,13845.0,0.0,0.0,21,251,13790.0,1,13800.0,1,13850.0,1,13885.0,1,13905.0,2,13965.0,1,13980.0,1,14010.0,2,14115.0,2,14200.0,1,13935.0
si2505,,13:38:58.559#,13975.0,13975.0,13845.0,0.0,0.0,21,251,13800.0,1,13850.0,1,13885.0,1,13905.0,2,13910.0,1,13965.0,1,13980.0,1,14010.0,2,14115.0,2,14200.0,1,13935.0
si2505,,13:39:02.336#,13975.0,13975.0,13845.0,0.0,0.0,21,251,13790.0,1,13800.0,1,13850.0,1,13885.0,1,13905.0,2,13965.0,1,13980.0,1,14010.0,2,14115.0,2,14200.0,1,13935.0
si2505,,13:39:02.747#,13975.0,13975.0,13845.0,0.0,0.0,21,251,13790.0,1,13800.0,1,13850.0,1,13885.0,1,13905.0,2,13960.0,1,13965.0,1,13980.0,1,14010.0,2,14115.0,2,13935.0
si2505,,13:39:03.173#,13975.0,13975.0,13845.0,0.0,0.0,21,251,13790.0,1,13800.0,1,13850.0,1,13885.0,1,13905.0,2,13960.0,1,13980.0,1,14010.0,2,14115.0,2,14200.0,1,13935.0
si2505,,13:39:03.688#,13975.0,13975.0,13845.0,0.0,0.0,21,251,13790.0,1,13800.0,1,13850.0,1,13885.0,1,13905.0,2,13955.0,1,13960.0,1,13980.0,1,14010.0,2,14115.0,2,13935.0
si2505,,13:39:04.779#,13975.0,13975.0,13845.0,0.0,0.0,21,251,13790.0,1,13800.0,1,13850.0,1,13885.0,1,13905.0,2,13955.0,1,13980.0,1,14010.0,2,14115.0,2,14200.0,1,13935.0
si2505,,13:39:04.833#,13975.0,13975.0,13845.0,0.0,0.0,21,251,13790.0,1,13800.0,1,13850.0,1,13885.0,1,13905.0,2,13950.0,1,13955.0,1,13980.0,1,14010.0,2,14115.0,2,13935.0
si2505,,13:39:06.234#,13975.0,13975.0,13845.0,0.0,0.0,21,251,13790.0,1,13800.0,1,13850.0,1,13885.0,1,13905.0,2,13950.0,1,13980.0,1,14010.0,2,14115.0,2,14200.0,1,13935.0
si2505,,13:39:06.797#,13975.0,13975.0,13845.0,0.0,0.0,21,251,13790.0,1,13800.0,1,13850.0,1,13885.0,1,13905.0,2,13950.0,2,14010.0,2,14115.0,2,14200.0,1,14265.0,2,13935.0
si2505,,13:39:06.874#,13975.0,13975.0,13845.0,0.0,0.0,21,251,13790.0,1,13800.0,1,13850.0,1,13885.0,1,13905.0,3,13950.0,2,14010.0,2,14115.0,2,14200.0,1,14265.0,2,13935.0
si2505,,13:39:10.203#,13975.0,13975.0,13845.0,0.0,0.0,21,251,13790.0,1,13800.0,1,13850.0,1,13885.0,1,13905.0,3,13950.0,1,14010.0,2,14115.0,2,14200.0,1,14265.0,2,13935.0
si2505,,13:39:11.275#,13975.0,13975.0,13845.0,0.0,0.0,21,251,13790.0,1,13800.0,1,13850.0,1,13885.0,1,13905.0,3,14005.0,3,14010.0,2,14115.0,2,14200.0,1,14265.0,2,13935.0
si2505,,13:39:11.545#,13975.0,13975.0,13845.0,0.0,0.0,21,251,13790.0,1,13800.0,1,13850.0,1,13885.0,1,13905.0,3,14005.0,5,14010.0,2,14115.0,2,14200.0,1,14265.0,2,13935.0
si2505,,13:39:12.124#,13975.0,13975.0,13845.0,0.0,0.0,21,251,13800.0,1,13850.0,1,13885.0,1,13905.0,3,13910.0,1,14005.0,5,14010.0,2,14115.0,2,14200.0,1,14265.0,2,13935.0
si2505,,13:39:14.2#,13975.0,13975.0,13845.0,0.0,0.0,21,251,13800.0,1,13850.0,1,13885.0,1,13905.0,3,13910.0,1,13950.0,1,14005.0,5,14010.0,2,14115.0,2,14200.0,1,13935.0
si2505,,13:39:14.187#,13975.0,13975.0,13845.0,0.0,0.0,21,251,13800.0,1,13850.0,1,13885.0,1,13905.0,3,13910.0,1,13950.0,1,14005.0,3,14010.0,2,14115.0,2,14200.0,1,13935.0
si2505,,13:39:14.476#,13975.0,13975.0,13845.0,0.0,0.0,21,251,13800.0,1,13850.0,1,13885.0,1,13905.0,3,13910.0,1,14005.0,3,14010.0,2,14115.0,2,14200.0,1,14265.0,2,13935.0
si2505,,13:39:14.968#,13975.0,13975.0,13845.0,0.0,0.0,21,251,13800.0,1,13850.0,1,13885.0,1,13905.0,3,13910.0,1,13945.0,1,13995.0,1,14005.0,3,14010.0,2,14115.0,2,13935.0
si2505,,13:39:15.172#,13975.0,13975.0,13845.0,0.0,0.0,22,252,13800.0,1,13850.0,1,13885.0,1,13905.0,3,13910.0,1,13995.0,1,14010.0,2,14115.0,2,14200.0,1,14265.0,2,13945.0
si2505,,13:39:15.781#,13975.0,13975.0,13845.0,0.0,0.0,22,252,13800.0,1,13850.0,1,13885.0,1,13905.0,3,13910.0,1,13990.0,2,13995.0,2,14010.0,2,14115.0,2,14200.0,1,13945.0
si2505,,13:39:15.917#,13975.0,13975.0,13845.0,0.0,0.0,22,252,13850.0,1,13885.0,1,13905.0,2,13910.0,1,13915.0,1,13990.0,2,13995.0,2,14010.0,2,14115.0,2,14200.0,1,13945.0
si2505,,13:39:16.354#,13975.0,13975.0,13845.0,0.0,0.0,22,252,13885.0,1,13905.0,2,13910.0,1,13915.0,1,13920.0,1,13970.0,1,13990.0,2,13995.0,2,14010.0,2,14115.0,2,13945.0
si2505,,13:39:17.10#,13975.0,13975.0,13845.0,0.0,0.0,22,252,13885.0,1,13905.0,2,13910.0,1,13915.0,1,13920.0,1,13990.0,2,13995.0,2,14010.0,2,14115.0,2,14200.0,1,13945.0
si2505,,13:39:17.687#,13975.0,13975.0,13845.0,0.0,0.0,22,252,13885.0,1,13905.0,1,13910.0,1,13915.0,1,13925.0,1,13990.0,2,13995.0,2,14010.0,2,14115.0,2,14200.0,1,13945.0
si2505,,13:39:18.265#,13975.0,13975.0,13845.0,0.0,0.0,22,252,13850.0,1,13885.0,1,13905.0,1,13910.0,1,13925.0,2,13985.0,1,13990.0,2,13995.0,2,14010.0,2,14115.0,2,13945.0
si2505,,13:39:18.677#,13975.0,13975.0,13845.0,0.0,0.0,22,252,13850.0,1,13885.0,1,13905.0,1,13910.0,1,13925.0,2,13985.0,1,13995.0,1,14010.0,2,14115.0,2,14200.0,1,13945.0
si2505,,13:39:18.982#,13975.0,13975.0,13845.0,0.0,0.0,22,252,13885.0,1,13905.0,1,13910.0,1,13920.0,1,13925.0,1,13985.0,1,13995.0,1,14010.0,2,14115.0,2,14200.0,1,13945.0
si2505,,13:39:19.281#,13975.0,13975.0,13845.0,0.0,0.0,22,252,13885.0,1,13905.0,1,13910.0,1,13920.0,1,13925.0,1,13980.0,2,13985.0,1,13995.0,1,14010.0,2,14115.0,2,13945.0
si2505,,13:39:19.620#,13975.0,13975.0,13845.0,0.0,0.0,22,252,13885.0,1,13905.0,1,13910.0,1,13920.0,1,13925.0,1,13980.0,3,13985.0,1,13995.0,1,14010.0,2,14115.0,2,13945.0
si2505,,13:39:20.62#,13975.0,13975.0,13845.0,0.0,0.0,22,252,13885.0,1,13905.0,1,13910.0,1,13920.0,1,13925.0,1,13980.0,3,13995.0,1,14010.0,2,14115.0,2,14200.0,1,13945.0
si2505,,13:39:20.531#,13975.0,13975.0,13845.0,0.0,0.0,22,252,13850.0,1,13885.0,1,13905.0,1,13910.0,1,13920.0,1,13980.0,3,13995.0,1,14010.0,2,14115.0,2,14200.0,1,13945.0
si2505,,13:39:20.669#,13975.0,13975.0,13845.0,0.0,0.0,22,252,13885.0,1,13905.0,1,13910.0,1,13920.0,1,13930.0,1,13975.0,1,13980.0,3,13995.0,1,14010.0,2,14115.0,2,13945.0
si2505,,13:39:20.821#,13975.0,13975.0,13845.0,0.0,0.0,23,252,13850.0,1,13885.0,1,13905.0,1,13910.0,1,13920.0,1,13975.0,1,13980.0,3,13995.0,1,14010.0,2,14115.0,2,13930.0
si2505,,13:39:21.340#,13975.0,13975.0,13845.0,0.0,0.0,23,252,13850.0,1,13885.0,1,13905.0,1,13910.0,2,13920.0,1,13975.0,1,13980.0,3,13995.0,1,14010.0,2,14115.0,2,13930.0
si2505,,13:39:21.854#,13975.0,13975.0,13845.0,0.0,0.0,23,252,13850.0,1,13885.0,1,13905.0,1,13910.0,1,13920.0,1,13975.0,1,13980.0,3,14010.0,2,14115.0,2,14200.0,1,13930.0
si2505,,13:39:22.293#,13975.0,13975.0,13845.0,0.0,0.0,23,252,13800.0,1,13850.0,1,13885.0,1,13905.0,1,13910.0,1,13965.0,1,13970.0,1,13975.0,1,13980.0,3,14010.0,2,13930.0
si2505,,13:39:22.327#,13975.0,13975.0,13845.0,0.0,0.0,23,252,13850.0,1,13885.0,1,13905.0,1,13910.0,1,13925.0,1,13965.0,1,13970.0,1,13975.0,1,13980.0,3,14010.0,2,13930.0
si2505,,13:39:23.24#,13975.0,13975.0,13845.0,0.0,0.0,23,252,13850.0,1,13885.0,1,13905.0,1,13910.0,1,13925.0,1,13945.0,1,13970.0,1,13975.0,1,13980.0,3,14010.0,2,13930.0
si2505,,13:39:23.307#,13975.0,13975.0,13845.0,0.0,0.0,23,252,13850.0,1,13885.0,1,13905.0,1,13910.0,1,13925.0,2,13945.0,1,13960.0,1,13970.0,1,13975.0,1,13980.0,3,13930.0
si2505,,13:39:23.545#,13975.0,13975.0,13845.0,0.0,0.0,23,252,13800.0,1,13850.0,1,13885.0,1,13910.0,1,13925.0,2,13960.0,1,13970.0,1,13975.0,1,13980.0,3,14010.0,2,13930.0
si2505,,13:39:23.638#,13975.0,13975.0,13845.0,0.0,0.0,23,252,13800.0,1,13850.0,1,13885.0,1,13910.0,1,13925.0,1,13960.0,1,13970.0,1,13975.0,1,13980.0,3,14010.0,2,13930.0
si2505,,13:39:23.970#,13975.0,13975.0,13845.0,0.0,0.0,23,252,13800.0,1,13850.0,1,13885.0,1,13910.0,1,13925.0,1,13970.0,1,13975.0,1,13980.0,3,14010.0,2,14115.0,2,13930.0
si2505,,13:39:24.250#,13975.0,13975.0,13845.0,0.0,0.0,23,252,13800.0,1,13850.0,1,13885.0,1,13910.0,1,13925.0,1,13970.0,2,13975.0,1,13980.0,3,14010.0,2,14115.0,2,13930.0
si2505,,13:39:24.383#,13975.0,13975.0,13845.0,0.0,0.0,23,252,13800.0,1,13850.0,1,13885.0,1,13910.0,1,13925.0,1,13965.0,1,13970.0,2,13975.0,1,13980.0,3,14010.0,2,13930.0
si2505,,13:39:24.767#,13975.0,13975.0,13845.0,0.0,0.0,23,252,13800.0,1,13850.0,1,13885.0,1,13910.0,1,13925.0,1,13965.0,1,13970.0,2,13975.0,1,13980.0,4,14010.0,2,13930.0
si2505,,13:39:25.195#,13975.0,13975.0,13845.0,0.0,0.0,23,252,13800.0,1,13850.0,1,13885.0,1,13910.0,1,13925.0,1,13965.0,1,13970.0,1,13975.0,1,13980.0,4,14010.0,2,13930.0
si2505,,13:39:25.429#,13975.0,13975.0,13845.0,0.0,0.0,23,252,13800.0,1,13850.0,1,13885.0,1,13910.0,1,13925.0,1,13960.0,1,13965.0,1,13970.0,1,13975.0,1,13980.0,4,13930.0
si2505,,13:39:25.753#,13975.0,13975.0,13845.0,0.0,0.0,23,252,13800.0,1,13850.0,1,13885.0,1,13910.0,1,13925.0,1,13960.0,2,13965.0,1,13970.0,1,13975.0,1,13980.0,1,13930.0
si2505,,13:39:26.231#,13975.0,13975.0,13845.0,0.0,0.0,23,252,13800.0,1,13850.0,1,13885.0,1,13910.0,1,13925.0,1,13960.0,1,13965.0,1,13970.0,1,13975.0,2,14010.0,2,13930.0
si2505,,13:39:26.328#,13975.0,13975.0,13845.0,0.0,0.0,23,252,13800.0,1,13850.0,1,13885.0,1,13910.0,1,13925.0,1,13955.0,1,13960.0,1,13965.0,1,13970.0,1,13975.0,2,13930.0
si2505,,13:39:26.894#,13975.0,13975.0,13845.0,0.0,0.0,23,252,13800.0,1,13850.0,1,13885.0,1,13910.0,1,13925.0,1,13955.0,1,13960.0,1,13965.0,1,13975.0,2,14010.0,2,13930.0
si2505,,13:39:27.194#,13975.0,13975.0,13845.0,0.0,0.0,23,252,13800.0,1,13850.0,1,13885.0,1,13910.0,1,13925.0,1,13955.0,1,13960.0,1,13965.0,1,13975.0,1,14010.0,2,13930.0
si2505,,13:39:27.378#,13975.0,13975.0,13845.0,0.0,0.0,23,252,13800.0,1,13850.0,1,13885.0,1,13910.0,1,13925.0,1,13955.0,1,13960.0,1,13975.0,1,14010.0,2,14115.0,2,13930.0
si2505,,13:39:28.216#,13975.0,13975.0,13845.0,0.0,0.0,23,252,13800.0,1,13850.0,1,13885.0,1,13910.0,1,13925.0,1,13950.0,1,13955.0,1,13975.0,1,14010.0,2,14115.0,2,13930.0
si2505,,13:39:28.718#,13975.0,13975.0,13845.0,0.0,0.0,23,252,13800.0,1,13850.0,1,13885.0,1,13910.0,1,13925.0,1,13950.0,1,13975.0,1,14010.0,2,14115.0,2,14200.0,1,13930.0
si2505,,13:39:28.881#,13975.0,13975.0,13845.0,0.0,0.0,23,252,13800.0,1,13850.0,1,13885.0,1,13910.0,1,13925.0,1,13950.0,1,14010.0,2,14115.0,2,14200.0,1,14265.0,2,13930.0
si2505,,13:39:29.557#,13975.0,13975.0,13845.0,0.0,0.0,23,252,13790.0,1,13800.0,1,13850.0,1,13885.0,1,13910.0,1,13950.0,1,14010.0,2,14115.0,2,14200.0,1,14265.0,2,13930.0
si2505,,13:39:29.913#,13975.0,13975.0,13845.0,0.0,0.0,23,252,13790.0,1,13800.0,1,13850.0,1,13885.0,1,13910.0,1,14010.0,2,14115.0,2,14200.0,1,14265.0,2,14390.0,1,13930.0
si2505,,13:39:30.183#,13975.0,13975.0,13845.0,0.0,0.0,23,252,13800.0,1,13850.0,1,13885.0,1,13900.0,1,13910.0,1,14005.0,2,14010.0,2,14115.0,2,14200.0,1,14265.0,2,13930.0
si2505,,13:39:30.496#,13975.0,13975.0,13845.0,0.0,0.0,23,252,13790.0,1,13800.0,1,13850.0,1,13885.0,1,13910.0,1,14005.0,2,14010.0,2,14115.0,2,14200.0,1,14265.0,2,13930.0
si2505,,13:39:30.788#,13975.0,13975.0,13845.0,0.0,0.0,23,252,13850.0,1,13885.0,1,13890.0,1,13910.0,1,13915.0,1,14000.0,2,14005.0,3,14010.0,2,14115.0,2,14200.0,1,13930.0
si2505,,13:39:30.831#,13975.0,13975.0,13845.0,0.0,0.0,23,252,13850.0,1,13885.0,1,13890.0,1,13910.0,1,13915.0,2,14000.0,2,14005.0,3,14010.0,2,14115.0,2,14200.0,1,13930.0
si2505,,13:39:31.303#,13975.0,13975.0,13845.0,0.0,0.0,23,252,13850.0,1,13885.0,1,13905.0,1,13910.0,1,13915.0,2,14000.0,2,14005.0,1,14010.0,2,14115.0,2,14200.0,1,13930.0
si2505,,13:39:31.707#,13975.0,13975.0,13845.0,0.0,0.0,23,252,13885.0,1,13895.0,1,13910.0,1,13915.0,1,13920.0,1,14000.0,2,14005.0,1,14010.0,2,14115.0,2,14200.0,1,13930.0
si2505,,13:39:33.537#,13975.0,13975.0,13845.0,0.0,0.0,23,252,13850.0,1,13885.0,1,13895.0,1,13910.0,1,13920.0,1,14000.0,2,14005.0,1,14010.0,2,14115.0,2,14200.0,1,13930.0
si2505,,13:39:33.576#,13975.0,13975.0,13845.0,0.0,0.0,23,252,13885.0,1,13895.0,1,13910.0,1,13920.0,1,13925.0,1,14000.0,2,14005.0,1,14010.0,2,14115.0,2,14200.0,1,13930.0
si2505,,13:39:33.933#,13975.0,13975.0,13845.0,0.0,0.0,23,252,13885.0,1,13895.0,1,13910.0,1,13920.0,1,13925.0,1,13995.0,1,14000.0,2,14005.0,1,14010.0,2,14115.0,2,13930.0
si2505,,13:39:34.207#,13975.0,13975.0,13845.0,0.0,0.0,23,252,13850.0,1,13885.0,1,13895.0,1,13910.0,1,13925.0,1,13995.0,1,14000.0,2,14005.0,1,14010.0,2,14115.0,2,13930.0
si2505,,13:39:34.787#,13975.0,13975.0,13845.0,0.0,0.0,23,252,13800.0,1,13850.0,1,13885.0,1,13910.0,1,13925.0,1,13995.0,1,14000.0,2,14005.0,1,14010.0,2,14115.0,2,13930.0
si2505,,13:39:35.57#,13975.0,13975.0,13845.0,0.0,0.0,23,252,13850.0,1,13885.0,1,13905.0,1,13910.0,1,13925.0,1,13990.0,1,13995.0,1,14000.0,2,14005.0,1,14010.0,2,13930.0
si2505,,13:39:35.253#,13975.0,13975.0,13845.0,0.0,0.0,23,252,13850.0,1,13885.0,1,13905.0,1,13910.0,1,13925.0,1,13985.0,1,13990.0,2,13995.0,1,14000.0,2,14005.0,1,13930.0
si2505,,13:39:35.990#,13975.0,13975.0,13845.0,0.0,0.0,23,252,13850.0,1,13885.0,1,13905.0,1,13910.0,1,13925.0,1,13985.0,1,13990.0,1,13995.0,1,14000.0,2,14005.0,1,13930.0
si2505,,13:39:36.259#,13975.0,13975.0,13845.0,0.0,0.0,23,252,13850.0,1,13885.0,1,13895.0,1,13910.0,1,13925.0,1,13975.0,1,13980.0,1,13995.0,1,14010.0,2,14115.0,2,13930.0
si2505,,13:39:36.416#,13975.0,13975.0,13845.0,0.0,0.0,23,252,13850.0,1,13885.0,1,13895.0,1,13910.0,1,13925.0,1,13975.0,1,13980.0,1,13985.0,1,13995.0,1,14010.0,2,13930.0
si2505,,13:39:36.765#,13975.0,13975.0,13845.0,0.0,0.0,23,252,13850.0,1,13885.0,1,13895.0,1,13910.0,1,13925.0,1,13965.0,1,13975.0,2,13980.0,1,13985.0,1,13995.0,1,13930.0
si2505,,13:39:37.40#,13975.0,13975.0,13845.0,0.0,0.0,23,252,13800.0,1,13850.0,1,13885.0,1,13910.0,1,13925.0,1,13965.0,1,13975.0,3,13980.0,1,13995.0,1,14010.0,2,13930.0
si2505,,13:39:37.268#,13975.0,13975.0,13845.0,0.0,0.0,23,252,13850.0,1,13885.0,1,13900.0,1,13910.0,1,13925.0,1,13965.0,1,13975.0,3,13995.0,1,14010.0,2,14115.0,2,13930.0
si2505,,13:39:37.453#,13975.0,13975.0,13845.0,0.0,0.0,23,252,13850.0,1,13885.0,1,13900.0,1,13910.0,1,13925.0,1,13975.0,3,14010.0,2,14115.0,2,14200.0,1,14265.0,2,13930.0
si2505,,13:39:38.63#,13975.0,13975.0,13845.0,0.0,0.0,23,252,13850.0,1,13885.0,1,13900.0,1,13910.0,1,13925.0,1,13960.0,1,13970.0,1,13975.0,2,14010.0,2,14115.0,2,13930.0
si2505,,13:39:38.766#,13975.0,13975.0,13845.0,0.0,0.0,23,252,13850.0,1,13885.0,1,13900.0,1,13910.0,1,13925.0,1,13960.0,1,13975.0,2,14010.0,2,14115.0,2,14200.0,1,13930.0
si2505,,13:39:39.49#,13975.0,13975.0,13845.0,0.0,0.0,23,252,13850.0,1,13885.0,1,13900.0,1,13910.0,1,13925.0,1,13975.0,1,14010.0,2,14115.0,2,14200.0,1,14265.0,2,13930.0
si2505,,13:39:39.543#,13975.0,13975.0,13845.0,0.0,0.0,23,252,13850.0,1,13885.0,1,13900.0,1,13910.0,1,13925.0,1,13970.0,1,13975.0,1,14010.0,2,14115.0,2,14200.0,1,13930.0
si2505,,13:39:39.623#,13975.0,13975.0,13845.0,0.0,0.0,23,252,13850.0,1,13885.0,1,13900.0,1,13910.0,1,13925.0,1,13955.0,1,13970.0,1,13975.0,1,14010.0,2,14115.0,2,13930.0
si2505,,13:39:40.160#,13975.0,13975.0,13845.0,0.0,0.0,23,252,13850.0,1,13885.0,1,13900.0,1,13910.0,1,13925.0,1,13965.0,1,13970.0,1,13975.0,1,14010.0,2,14115.0,2,13930.0
si2505,,13:39:40.421#,13975.0,13975.0,13845.0,0.0,0.0,23,252,13850.0,1,13885.0,1,13900.0,1,13910.0,1,13925.0,1,13965.0,1,13975.0,1,14010.0,2,14115.0,2,14200.0,1,13930.0
si2505,,13:39:40.820#,13975.0,13975.0,13845.0,0.0,0.0,23,252,13850.0,1,13885.0,1,13900.0,1,13910.0,1,13925.0,1,13975.0,1,14010.0,2,14115.0,2,14200.0,1,14265.0,2,13930.0
si2505,,13:39:41.158#,13975.0,13975.0,13845.0,0.0,0.0,23,252,13800.0,1,13850.0,1,13885.0,1,13910.0,1,13925.0,1,13950.0,1,13975.0,1,14010.0,2,14115.0,2,14200.0,1,13930.0
si2505,,13:39:41.521#,13975.0,13975.0,13845.0,0.0,0.0,23,252,13790.0,1,13800.0,1,13850.0,1,13885.0,1,13910.0,1,13950.0,1,13975.0,1,14010.0,2,14115.0,2,14200.0,1,13930.0
si2505,,13:39:41.584#,13975.0,13975.0,13845.0,0.0,0.0,23,252,13790.0,1,13800.0,1,13850.0,1,13885.0,1,13910.0,1,13975.0,1,14010.0,2,14115.0,2,14200.0,1,14265.0,2,13930.0
si2505,,13:39:42.411#,13975.0,13975.0,13845.0,0.0,0.0,23,252,13790.0,1,13800.0,1,13850.0,1,13885.0,1,13910.0,1,13970.0,1,13975.0,1,14010.0,2,14115.0,2,14200.0,1,13930.0
si2505,,13:39:42.813#,13975.0,13975.0,13845.0,0.0,0.0,23,252,13800.0,1,13850.0,1,13885.0,1,13910.0,1,13915.0,1,13970.0,1,14010.0,2,14115.0,2,14200.0,1,14265.0,2,13930.0
si2505,,13:39:43.185#,13975.0,13975.0,13845.0,0.0,0.0,23,252,13800.0,1,13850.0,1,13885.0,1,13910.0,1,13915.0,1,14005.0,2,14010.0,2,14115.0,2,14200.0,1,14265.0,2,13930.0
si2505,,13:39:43.380#,13975.0,13975.0,13845.0,0.0,0.0,23,252,13800.0,1,13850.0,1,13885.0,1,13910.0,1,13915.0,1,14005.0,3,14010.0,2,14115.0,2,14200.0,1,14265.0,2,13930.0
si2505,,13:39:43.682#,13975.0,13975.0,13845.0,0.0,0.0,23,252,13800.0,1,13850.0,1,13885.0,1,13910.0,1,13915.0,1,13960.0,1,14005.0,1,14010.0,2,14115.0,2,14200.0,1,13930.0
si2505,,13:39:44.166#,13975.0,13975.0,13845.0,0.0,0.0,23,252,13800.0,1,13850.0,1,13885.0,1,13910.0,1,13915.0,1,14005.0,1,14010.0,2,14115.0,2,14200.0,1,14265.0,2,13930.0
si2505,,13:39:46.561#,13975.0,13975.0,13845.0,0.0,0.0,23,252,13800.0,1,13850.0,1,13885.0,1,13910.0,1,13915.0,1,13995.0,1,14005.0,1,14010.0,2,14115.0,2,14200.0,1,13930.0
si2505,,13:39:48.774#,13975.0,13975.0,13845.0,0.0,0.0,23,252,13800.0,1,13850.0,1,13885.0,1,13910.0,1,13915.0,1,13990.0,2,13995.0,2,14005.0,1,14010.0,2,14115.0,2,13930.0
si2505,,13:39:49.421#,13975.0,13975.0,13845.0,0.0,0.0,23,252,13800.0,1,13850.0,1,13885.0,1,13910.0,1,13915.0,1,13990.0,2,13995.0,2,14010.0,2,14115.0,2,14200.0,1,13930.0
si2505,,13:39:50.47#,13975.0,13975.0,13845.0,0.0,0.0,23,252,13800.0,1,13850.0,1,13885.0,1,13910.0,1,13915.0,1,13985.0,1,13990.0,2,13995.0,2,14010.0,2,14115.0,2,13930.0
si2505,,13:39:50.504#,13975.0,13975.0,13845.0,0.0,0.0,23,252,13800.0,1,13850.0,1,13885.0,1,13910.0,1,13915.0,1,13950.0,1,13985.0,2,13990.0,2,13995.0,1,14010.0,2,13930.0
si2505,,13:39:50.688#,13975.0,13975.0,13845.0,0.0,0.0,23,252,13800.0,1,13850.0,1,13885.0,1,13910.0,1,13915.0,1,13950.0,1,13985.0,2,13990.0,1,13995.0,1,14010.0,2,13930.0
si2505,,13:39:50.955#,13975.0,13975.0,13845.0,0.0,0.0,23,252,13800.0,1,13850.0,1,13885.0,1,13910.0,1,13915.0,1,13985.0,2,13990.0,1,13995.0,1,14010.0,2,14115.0,2,13930.0
si2505,,13:39:51.164#,13975.0,13975.0,13845.0,0.0,0.0,23,252,13800.0,1,13850.0,1,13885.0,1,13910.0,1,13915.0,1,13985.0,2,13995.0,1,14010.0,2,14115.0,2,14200.0,1,13930.0
si2505,,13:39:51.710#,13975.0,13975.0,13845.0,0.0,0.0,23,252,13800.0,1,13850.0,1,13885.0,1,13910.0,1,13915.0,1,13985.0,3,13995.0,1,14010.0,2,14115.0,2,14200.0,1,13930.0
si2505,,13:39:54.530#,13975.0,13975.0,13845.0,0.0,0.0,23,252,13800.0,1,13850.0,1,13885.0,1,13910.0,1,13915.0,2,13985.0,3,13995.0,1,14010.0,2,14115.0,2,14200.0,1,13930.0
si2505,,13:39:59.465#,13975.0,13975.0,13845.0,0.0,0.0,23,252,13790.0,1,13800.0,1,13850.0,1,13885.0,1,13915.0,2,13985.0,3,13995.0,1,14010.0,2,14115.0,2,14200.0,1,13930.0
si2505,,13:40:16.282#,13975.0,13975.0,13845.0,0.0,0.0,23,252,13790.0,1,13800.0,1,13850.0,1,13885.0,1,13915.0,2,13950.0,1,13985.0,3,13995.0,1,14010.0,2,14115.0,2,13930.0
si2505,,13:40:17.41#,13975.0,13975.0,13845.0,0.0,0.0,23,252,13790.0,1,13800.0,1,13850.0,1,13885.0,1,13915.0,2,13985.0,3,13995.0,1,14010.0,2,14115.0,2,14200.0,1,13930.0
si2505,,13:40:17.532#,13975.0,13975.0,13845.0,0.0,0.0,23,252,13790.0,1,13800.0,1,13850.0,1,13885.0,1,13915.0,2,13945.0,1,13985.0,3,13995.0,1,14010.0,2,14115.0,2,13930.0
si2505,,13:40:18.100#,13975.0,13975.0,13845.0,0.0,0.0,23,252,13790.0,1,13800.0,1,13850.0,1,13885.0,1,13915.0,2,13985.0,3,13995.0,1,14010.0,2,14115.0,2,14200.0,1,13930.0
si2505,,13:40:18.827#,13975.0,13975.0,13845.0,0.0,0.0,23,252,13790.0,1,13800.0,1,13850.0,1,13885.0,1,13915.0,2,13945.0,1,13985.0,3,13995.0,1,14010.0,2,14115.0,2,13930.0
si2505,,13:40:19.269#,13975.0,13975.0,13845.0,0.0,0.0,23,252,13790.0,1,13800.0,1,13850.0,1,13885.0,1,13915.0,3,13945.0,1,13980.0,1,13985.0,2,13995.0,1,14010.0,2,13930.0
si2505,,13:40:19.579#,13975.0,13975.0,13845.0,0.0,0.0,23,252,13790.0,1,13800.0,1,13850.0,1,13885.0,1,13915.0,3,13980.0,1,13985.0,2,13995.0,1,14010.0,2,14115.0,2,13930.0
si2505,,13:40:19.892#,13975.0,13975.0,13845.0,0.0,0.0,23,252,13790.0,1,13800.0,1,13850.0,1,13885.0,1,13915.0,3,13975.0,1,13980.0,1,13985.0,2,13995.0,1,14010.0,2,13930.0
si2505,,13:40:21.510#,13975.0,13975.0,13845.0,0.0,0.0,23,252,13790.0,1,13800.0,1,13850.0,1,13885.0,1,13915.0,3,13945.0,1,13975.0,1,13980.0,1,13985.0,2,13995.0,1,13930.0
si2505,,13:40:22.188#,13975.0,13975.0,13845.0,0.0,0.0,23,252,13790.0,1,13800.0,1,13850.0,1,13885.0,1,13915.0,3,13980.0,1,13985.0,2,13995.0,1,14010.0,2,14115.0,2,13930.0
si2505,,13:40:22.829#,13975.0,13975.0,13845.0,0.0,0.0,23,252,13790.0,1,13800.0,1,13850.0,1,13885.0,1,13915.0,3,13975.0,1,13980.0,1,13985.0,2,13995.0,1,14010.0,2,13930.0
si2505,,13:40:23.301#,13975.0,13975.0,13845.0,0.0,0.0,23,252,13790.0,1,13800.0,1,13850.0,1,13885.0,1,13915.0,3,13970.0,1,13975.0,1,13980.0,1,13985.0,2,13995.0,1,13930.0
si2505,,13:40:23.879#,13975.0,13975.0,13845.0,0.0,0.0,23,252,13790.0,1,13800.0,1,13850.0,1,13885.0,1,13915.0,3,13975.0,1,13980.0,1,13985.0,2,13995.0,1,14010.0,2,13930.0
si2505,,13:40:24.397#,13975.0,13975.0,13845.0,0.0,0.0,23,252,13790.0,1,13800.0,1,13850.0,1,13885.0,1,13915.0,3,13960.0,1,13975.0,1,13980.0,1,13985.0,2,13995.0,1,13930.0
si2505,,13:40:25.58#,13975.0,13975.0,13845.0,0.0,0.0,23,252,13790.0,1,13800.0,1,13850.0,1,13885.0,1,13915.0,3,13975.0,1,13980.0,1,13985.0,2,13995.0,1,14010.0,2,13930.0
si2505,,13:40:25.610#,13975.0,13975.0,13845.0,0.0,0.0,23,252,13790.0,1,13800.0,1,13850.0,1,13885.0,1,13915.0,3,13950.0,1,13975.0,1,13980.0,1,13985.0,2,13995.0,1,13930.0
si2505,,13:40:25.899#,13975.0,13975.0,13845.0,0.0,0.0,23,252,13790.0,1,13800.0,1,13850.0,1,13885.0,1,13915.0,3,13950.0,1,13970.0,1,13975.0,1,13980.0,1,13985.0,1,13930.0
si2505,,13:40:26.178#,13975.0,13975.0,13845.0,0.0,0.0,23,252,13790.0,1,13800.0,1,13850.0,1,13885.0,1,13915.0,3,13970.0,1,13975.0,1,13980.0,1,13985.0,1,13995.0,1,13930.0
si2505,,13:40:26.622#,13975.0,13975.0,13845.0,0.0,0.0,23,252,13790.0,1,13800.0,1,13850.0,1,13885.0,1,13915.0,3,13945.0,1,13970.0,1,13975.0,1,13980.0,1,13985.0,1,13930.0
si2505,,13:40:26.843#,13975.0,13975.0,13845.0,0.0,0.0,23,252,13790.0,1,13800.0,1,13850.0,1,13885.0,1,13915.0,3,13945.0,1,13970.0,1,13975.0,1,13985.0,1,13995.0,1,13930.0
si2505,,13:40:27.102#,13975.0,13975.0,13845.0,0.0,0.0,23,252,13790.0,1,13800.0,1,13850.0,1,13885.0,1,13915.0,3,13970.0,1,13975.0,1,13985.0,1,13995.0,1,14010.0,2,13930.0
si2505,,13:40:28.240#,13975.0,13975.0,13845.0,0.0,0.0,23,252,13790.0,1,13800.0,1,13850.0,1,13885.0,1,13915.0,3,13940.0,1,13970.0,1,13985.0,1,13995.0,1,14010.0,2,13930.0
si2505,,13:40:28.735#,13975.0,13975.0,13845.0,0.0,0.0,23,252,13790.0,1,13800.0,1,13850.0,1,13885.0,1,13915.0,3,13965.0,1,13970.0,1,13985.0,1,13995.0,1,14010.0,2,13930.0
si2505,,13:40:30.439#,13975.0,13975.0,13845.0,0.0,0.0,23,252,13790.0,1,13800.0,1,13850.0,1,13885.0,1,13915.0,3,13965.0,1,13975.0,1,13985.0,1,13995.0,1,14010.0,2,13930.0
si2505,,13:40:30.720#,13975.0,13975.0,13845.0,0.0,0.0,23,252,13790.0,1,13800.0,1,13850.0,1,13885.0,1,13915.0,3,13965.0,1,13975.0,1,13985.0,1,13995.0,1,14010.0,2,13930.0
si2505,,13:40:52.790#,13975.0,13975.0,13845.0,0.0,0.0,23,252,13790.0,1,13800.0,1,13850.0,1,13885.0,1,13915.0,3,13945.0,1,13965.0,1,13975.0,1,13985.0,1,13995.0,1,13930.0
si2505,,13:40:53.270#,13975.0,13975.0,13845.0,0.0,0.0,23,252,13790.0,1,13800.0,1,13850.0,1,13885.0,1,13915.0,3,13965.0,1,13975.0,1,13985.0,1,13995.0,1,14010.0,2,13930.0
si2505,,13:40:53.673#,13975.0,13975.0,13845.0,0.0,0.0,23,252,13790.0,1,13800.0,1,13850.0,1,13885.0,1,13915.0,3,13975.0,1,13985.0,1,13995.0,1,14010.0,2,14200.0,1,13930.0
si2505,,13:40:53.993#,13975.0,13975.0,13845.0,0.0,0.0,23,252,13790.0,1,13800.0,1,13850.0,1,13885.0,1,13915.0,3,13960.0,1,13975.0,1,13985.0,1,13995.0,1,14010.0,2,13930.0
si2505,,13:40:54.204#,13975.0,13975.0,13845.0,0.0,0.0,23,252,13790.0,1,13800.0,1,13850.0,1,13885.0,1,13915.0,3,13955.0,1,13960.0,1,13975.0,1,13985.0,1,13995.0,1,13930.0
si2505,,13:40:54.530#,13975.0,13975.0,13845.0,0.0,0.0,23,252,13790.0,1,13800.0,1,13850.0,1,13885.0,1,13915.0,3,13955.0,1,13975.0,1,13985.0,1,13995.0,1,14010.0,2,13930.0
si2505,,13:40:55.146#,13975.0,13975.0,13845.0,0.0,0.0,23,252,13790.0,1,13800.0,1,13850.0,1,13885.0,1,13915.0,3,13945.0,1,13955.0,1,13975.0,1,13985.0,1,13995.0,1,13930.0
si2505,,13:40:55.684#,13975.0,13975.0,13845.0,0.0,0.0,23,252,13790.0,1,13800.0,1,13850.0,1,13885.0,1,13915.0,3,13955.0,1,13975.0,1,13985.0,1,13995.0,1,14010.0,2,13930.0
si2505,,13:40:59.662#,13975.0,13975.0,13845.0,0.0,0.0,23,252,13790.0,1,13800.0,1,13850.0,1,13885.0,1,13915.0,3,13955.0,1,13975.0,1,13995.0,1,14010.0,2,14200.0,1,13930.0
si2505,,13:41:11.669#,13975.0,13975.0,13845.0,0.0,0.0,23,252,13790.0,1,13800.0,1,13850.0,1,13885.0,1,13915.0,3,13955.0,1,13975.0,1,14010.0,2,14200.0,1,14265.0,2,13930.0
si2505,,13:41:17.26#,13975.0,13975.0,13845.0,0.0,0.0,23,252,13790.0,1,13800.0,1,13850.0,1,13885.0,1,13915.0,3,13955.0,1,14010.0,2,14200.0,1,14265.0,2,14390.0,1,13930.0
si2505,,13:41:20.512#,13975.0,13975.0,13845.0,0.0,0.0,23,252,13800.0,1,13850.0,1,13860.0,2,13885.0,1,13915.0,3,13955.0,1,14010.0,2,14200.0,1,14265.0,2,14390.0,1,13930.0
si2505,,13:41:23.782#,13975.0,13975.0,13845.0,0.0,0.0,23,252,13800.0,1,13850.0,1,13860.0,2,13885.0,1,13915.0,2,13955.0,1,14010.0,2,14200.0,1,14265.0,2,14390.0,1,13930.0
si2505,,13:41:23.831#,13975.0,13975.0,13845.0,0.0,0.0,23,252,13850.0,1,13860.0,2,13885.0,1,13915.0,2,13920.0,1,13955.0,1,14010.0,2,14200.0,1,14265.0,2,14390.0,1,13930.0
si2505,,13:41:28.420#,13975.0,13975.0,13845.0,0.0,0.0,23,252,13800.0,1,13850.0,1,13860.0,2,13885.0,1,13915.0,2,13955.0,1,14010.0,2,14200.0,1,14265.0,2,14390.0,1,13930.0
si2505,,13:41:56.717#,13975.0,13975.0,13845.0,0.0,0.0,23,252,13790.0,1,13800.0,1,13850.0,1,13885.0,1,13915.0,2,13955.0,1,14010.0,2,14200.0,1,14265.0,2,14390.0,1,13930.0
si2505,,13:42:02.505#,13975.0,13975.0,13845.0,0.0,0.0,23,252,13790.0,1,13800.0,1,13850.0,1,13885.0,1,13915.0,1,13955.0,1,14010.0,2,14200.0,1,14265.0,2,14390.0,1,13930.0
si2505,,13:42:03.557#,13975.0,13975.0,13845.0,0.0,0.0,23,252,13790.0,1,13800.0,1,13850.0,1,13885.0,1,13915.0,1,13950.0,1,13955.0,1,14010.0,2,14200.0,1,14265.0,2,13930.0
si2505,,13:42:04.190#,13975.0,13975.0,13845.0,0.0,0.0,23,252,13790.0,1,13800.0,1,13850.0,1,13885.0,1,13915.0,1,13950.0,1,14010.0,2,14200.0,1,14265.0,2,14390.0,1,13930.0
si2505,,13:42:04.739#,13975.0,13975.0,13845.0,0.0,0.0,23,252,13790.0,1,13800.0,1,13850.0,1,13885.0,1,13915.0,1,13950.0,2,14010.0,2,14200.0,1,14265.0,2,14390.0,1,13930.0
si2505,,13:42:16.846#,13975.0,13975.0,13845.0,0.0,0.0,23,252,13705.0,1,13790.0,1,13800.0,1,13850.0,1,13885.0,1,13950.0,2,14010.0,2,14200.0,1,14265.0,2,14390.0,1,13930.0
si2505,,13:42:17.721#,13975.0,13975.0,13845.0,0.0,0.0,23,252,13790.0,1,13800.0,1,13850.0,1,13885.0,1,13890.0,1,13950.0,1,14010.0,2,14200.0,1,14265.0,2,14390.0,1,13930.0
si2505,,13:42:18.204#,13975.0,13975.0,13845.0,0.0,0.0,23,252,13790.0,1,13800.0,1,13850.0,1,13885.0,1,13890.0,1,13945.0,1,13950.0,1,14010.0,2,14200.0,1,14265.0,2,13930.0
si2505,,13:42:21.251#,13975.0,13975.0,13845.0,0.0,0.0,23,252,13790.0,1,13800.0,1,13850.0,1,13885.0,1,13890.0,1,13935.0,1,13940.0,1,13950.0,1,14010.0,2,14200.0,1,13930.0
si2505,,13:42:21.859#,13975.0,13975.0,13845.0,0.0,0.0,23,252,13790.0,1,13800.0,1,13850.0,1,13885.0,1,13890.0,1,13940.0,1,13950.0,1,14010.0,2,14200.0,1,14265.0,2,13930.0
si2505,,13:42:22.972#,13975.0,13975.0,13845.0,0.0,0.0,23,252,13790.0,1,13800.0,1,13850.0,1,13885.0,1,13890.0,1,13940.0,1,13950.0,1,14010.0,2,14200.0,1,14265.0,2,13930.0
si2505,,13:42:23.78#,13975.0,13975.0,13845.0,0.0,0.0,23,252,13790.0,1,13800.0,1,13850.0,1,13885.0,1,13890.0,1,13950.0,1,14010.0,2,14200.0,1,14265.0,2,14390.0,1,13930.0
si2505,,13:42:24.627#,13975.0,13975.0,13845.0,0.0,0.0,23,252,13790.0,1,13800.0,1,13850.0,1,13885.0,1,13890.0,1,13950.0,2,14010.0,2,14200.0,1,14265.0,2,14390.0,1,13930.0
si2505,,13:42:25.544#,13975.0,13975.0,13845.0,0.0,0.0,23,252,13790.0,1,13800.0,1,13850.0,1,13885.0,1,13890.0,1,13950.0,1,14010.0,2,14200.0,1,14265.0,2,14390.0,1,13930.0
si2505,,13:42:25.591#,13975.0,13975.0,13845.0,0.0,0.0,23,252,13790.0,1,13800.0,1,13850.0,1,13885.0,1,13890.0,1,13945.0,1,13950.0,1,14010.0,2,14200.0,1,14265.0,2,13930.0
si2505,,13:42:25.955#,13975.0,13975.0,13845.0,0.0,0.0,23,252,13790.0,1,13800.0,1,13850.0,1,13885.0,1,13890.0,1,13950.0,1,14010.0,2,14200.0,1,14265.0,2,14390.0,1,13930.0
si2505,,13:42:26.654#,13975.0,13975.0,13845.0,0.0,0.0,23,252,13800.0,1,13850.0,1,13885.0,1,13890.0,1,13895.0,1,13945.0,1,13950.0,1,14010.0,2,14200.0,1,14265.0,2,13930.0
si2505,,13:42:27.881#,13975.0,13975.0,13845.0,0.0,0.0,23,252,13790.0,1,13800.0,1,13850.0,1,13885.0,1,13895.0,1,13940.0,2,13950.0,1,14010.0,2,14200.0,1,14265.0,2,13930.0
si2505,,13:42:28.543#,13975.0,13975.0,13845.0,0.0,0.0,23,252,13790.0,1,13800.0,1,13850.0,1,13885.0,1,13895.0,1,13940.0,1,13950.0,1,14010.0,2,14200.0,1,14265.0,2,13930.0
si2505,,13:42:32.432#,13975.0,13975.0,13845.0,0.0,0.0,23,252,13800.0,1,13850.0,1,13885.0,1,13895.0,1,13900.0,1,13940.0,1,13950.0,1,14010.0,2,14200.0,1,14265.0,2,13930.0
si2505,,13:42:33.205#,13975.0,13975.0,13845.0,0.0,0.0,23,252,13800.0,1,13850.0,1,13885.0,1,13895.0,1,13900.0,1,13950.0,1,14010.0,2,14200.0,1,14265.0,2,14390.0,1,13930.0
si2505,,13:42:33.846#,13975.0,13975.0,13845.0,0.0,0.0,23,252,13800.0,1,13850.0,1,13885.0,1,13895.0,1,13900.0,1,13945.0,1,13950.0,1,14010.0,2,14200.0,1,14265.0,2,13930.0
si2505,,13:42:35.498#,13975.0,13975.0,13845.0,0.0,0.0,23,252,13790.0,1,13800.0,1,13850.0,1,13885.0,1,13900.0,1,13945.0,1,13950.0,1,14010.0,2,14200.0,1,14265.0,2,13930.0
si2505,,13:42:37.533#,13975.0,13975.0,13845.0,0.0,0.0,23,252,13790.0,1,13800.0,1,13850.0,1,13885.0,1,13900.0,1,13945.0,1,14010.0,2,14200.0,1,14265.0,2,14390.0,1,13930.0
si2505,,13:42:38.626#,13975.0,13975.0,13845.0,0.0,0.0,23,252,13850.0,1,13885.0,1,13900.0,1,13905.0,1,13930.0,1,13945.0,1,14010.0,2,14200.0,1,14265.0,2,14390.0,1,13930.0
si2505,,13:42:38.821#,13975.0,13975.0,13845.0,0.0,0.0,24,252,13800.0,1,13850.0,1,13885.0,1,13900.0,1,13905.0,1,13945.0,1,14010.0,2,14200.0,1,14265.0,2,14390.0,1,13930.0
si2505,,13:42:39.72#,13975.0,13975.0,13845.0,0.0,0.0,24,252,13800.0,1,13850.0,1,13885.0,1,13900.0,1,13905.0,1,13945.0,1,14010.0,2,14200.0,1,14265.0,2,14390.0,1,13930.0
si2505,,13:42:55.859#,13975.0,13975.0,13845.0,0.0,0.0,24,252,13790.0,1,13800.0,1,13850.0,1,13885.0,1,13905.0,1,13945.0,1,14010.0,2,14200.0,1,14265.0,2,14390.0,1,13930.0
si2505,,13:43:16.581#,13975.0,13975.0,13845.0,0.0,0.0,24,252,13800.0,1,13850.0,1,13885.0,1,13905.0,1,13910.0,1,13945.0,1,14010.0,2,14200.0,1,14265.0,2,14390.0,1,13930.0
si2505,,13:43:23.923#,13975.0,13975.0,13845.0,0.0,0.0,24,252,13800.0,1,13850.0,1,13885.0,1,13905.0,1,13910.0,1,13940.0,1,13945.0,1,14010.0,2,14200.0,1,14265.0,2,13930.0
si2505,,13:43:24.555#,13975.0,13975.0,13845.0,0.0,0.0,24,252,13800.0,1,13850.0,1,13885.0,1,13905.0,1,13910.0,1,13945.0,1,14010.0,2,14200.0,1,14265.0,2,14390.0,1,13930.0
si2505,,13:43:25.34#,13975.0,13975.0,13845.0,0.0,0.0,24,252,13800.0,1,13850.0,1,13885.0,1,13905.0,1,13910.0,1,13935.0,1,13945.0,1,14010.0,2,14200.0,1,14265.0,2,13930.0
si2505,,13:43:25.600#,13975.0,13975.0,13845.0,0.0,0.0,24,252,13800.0,1,13850.0,1,13885.0,1,13905.0,1,13910.0,1,13945.0,1,14010.0,2,14200.0,1,14265.0,2,14390.0,1,13930.0
si2505,,13:43:26.21#,13975.0,13975.0,13845.0,0.0,0.0,24,252,13800.0,1,13850.0,1,13885.0,1,13905.0,1,13910.0,1,13940.0,1,13945.0,1,14010.0,2,14200.0,1,14265.0,2,13930.0
si2505,,13:43:26.553#,13975.0,13975.0,13845.0,0.0,0.0,24,252,13800.0,1,13850.0,1,13885.0,1,13905.0,1,13910.0,1,13945.0,1,14010.0,2,14200.0,1,14265.0,2,14390.0,1,13930.0
si2505,,13:43:27.126#,13975.0,13975.0,13845.0,0.0,0.0,24,252,13800.0,1,13850.0,1,13885.0,1,13905.0,1,13910.0,1,13940.0,1,13945.0,1,14010.0,2,14200.0,1,14265.0,2,13930.0
si2505,,13:43:27.793#,13975.0,13975.0,13845.0,0.0,0.0,24,252,13790.0,1,13800.0,1,13850.0,1,13885.0,1,13910.0,1,13945.0,1,14010.0,2,14200.0,1,14265.0,2,14390.0,1,13930.0
si2505,,13:43:28.412#,13975.0,13975.0,13845.0,0.0,0.0,24,252,13790.0,1,13800.0,1,13850.0,1,13885.0,1,13910.0,1,13935.0,1,13945.0,1,14010.0,2,14200.0,1,14265.0,2,13930.0
si2505,,13:43:28.691#,13975.0,13975.0,13845.0,0.0,0.0,24,252,13790.0,1,13800.0,1,13850.0,1,13885.0,1,13910.0,2,13935.0,1,13945.0,1,14010.0,2,14200.0,1,14265.0,2,13930.0
si2505,,13:43:29.58#,13975.0,13975.0,13845.0,0.0,0.0,24,252,13790.0,1,13800.0,1,13850.0,1,13885.0,1,13910.0,2,13945.0,1,14010.0,2,14200.0,1,14265.0,2,14390.0,1,13930.0
si2505,,13:43:29.158#,13975.0,13975.0,13845.0,0.0,0.0,24,252,13790.0,1,13800.0,1,13850.0,1,13885.0,1,13910.0,2,14010.0,2,14200.0,1,14265.0,2,14390.0,1,14820.0,3,13930.0
si2505,,13:43:29.815#,13975.0,13975.0,13845.0,0.0,0.0,24,252,13790.0,1,13800.0,1,13850.0,1,13885.0,1,13910.0,2,13945.0,1,14005.0,2,14010.0,2,14200.0,1,14265.0,2,13930.0
si2505,,13:43:30.219#,13975.0,13975.0,13845.0,0.0,0.0,24,252,13790.0,1,13800.0,1,13850.0,1,13885.0,1,13910.0,2,13945.0,1,14010.0,2,14200.0,1,14265.0,2,14390.0,1,13930.0
si2505,,13:44:19.737#,13975.0,13975.0,13845.0,0.0,0.0,24,252,13790.0,1,13800.0,1,13850.0,1,13885.0,1,13910.0,2,14010.0,2,14200.0,1,14265.0,2,14390.0,1,14820.0,3,13930.0
si2505,,13:44:20.198#,13975.0,13975.0,13845.0,0.0,0.0,24,252,13790.0,1,13800.0,1,13850.0,1,13885.0,1,13910.0,2,14005.0,2,14010.0,2,14200.0,1,14265.0,2,14390.0,1,13930.0
si2505,,13:44:20.483#,13975.0,13975.0,13845.0,0.0,0.0,24,252,13790.0,1,13800.0,1,13850.0,1,13885.0,1,13910.0,2,14005.0,4,14010.0,2,14200.0,1,14265.0,2,14390.0,1,13930.0
si2505,,13:44:25.187#,13975.0,13975.0,13845.0,0.0,0.0,24,252,13790.0,1,13800.0,1,13850.0,1,13885.0,1,13910.0,2,14000.0,1,14005.0,2,14010.0,2,14200.0,1,14265.0,2,13930.0
si2505,,13:44:26.536#,13975.0,13975.0,13845.0,0.0,0.0,24,252,13790.0,1,13800.0,1,13850.0,1,13885.0,1,13910.0,2,14000.0,1,14010.0,2,14200.0,1,14265.0,2,14390.0,1,13930.0
si2505,,13:44:27.143#,13975.0,13975.0,13845.0,0.0,0.0,24,252,13790.0,1,13800.0,1,13850.0,1,13885.0,1,13910.0,2,13995.0,2,14000.0,1,14010.0,2,14200.0,1,14265.0,2,13930.0
si2505,,13:44:28.171#,13975.0,13975.0,13845.0,0.0,0.0,24,252,13790.0,1,13800.0,1,13850.0,1,13885.0,1,13910.0,2,13990.0,1,13995.0,2,14010.0,2,14200.0,1,14265.0,2,13930.0
si2505,,13:44:31.762#,13975.0,13975.0,13845.0,0.0,0.0,24,252,13790.0,1,13800.0,1,13850.0,1,13885.0,1,13910.0,2,13985.0,1,13990.0,1,13995.0,2,14010.0,2,14200.0,1,13930.0
si2505,,13:44:33.208#,13975.0,13975.0,13845.0,0.0,0.0,24,252,13790.0,1,13800.0,1,13850.0,1,13885.0,1,13910.0,2,13985.0,1,13995.0,1,14010.0,2,14200.0,1,14265.0,2,13930.0
si2505,,13:44:33.332#,13975.0,13975.0,13845.0,0.0,0.0,24,252,13790.0,1,13800.0,1,13850.0,1,13885.0,1,13910.0,2,13980.0,1,13985.0,1,13995.0,1,14010.0,2,14200.0,1,13930.0
si2505,,13:44:33.748#,13975.0,13975.0,13845.0,0.0,0.0,24,252,13790.0,1,13800.0,1,13850.0,1,13885.0,1,13910.0,2,13975.0,1,13980.0,1,13985.0,1,13995.0,1,14010.0,2,13930.0
si2505,,13:44:35.167#,13975.0,13975.0,13845.0,0.0,0.0,24,252,13790.0,1,13800.0,1,13850.0,1,13885.0,1,13910.0,2,13975.0,1,13980.0,1,13995.0,1,14010.0,2,14200.0,1,13930.0
si2505,,13:44:35.900#,13975.0,13975.0,13845.0,0.0,0.0,24,252,13790.0,1,13800.0,1,13850.0,1,13885.0,1,13910.0,2,13970.0,1,13975.0,1,13995.0,1,14010.0,2,14200.0,1,13930.0
si2505,,13:44:38.366#,13975.0,13975.0,13845.0,0.0,0.0,24,252,13705.0,1,13790.0,1,13800.0,1,13850.0,1,13910.0,2,13970.0,1,13975.0,1,13995.0,1,14010.0,2,14200.0,1,13930.0
si2505,,13:44:38.971#,13975.0,13975.0,13845.0,0.0,0.0,24,252,13790.0,1,13800.0,1,13850.0,1,13910.0,2,13915.0,1,13970.0,1,13975.0,1,13995.0,1,14010.0,2,14200.0,1,13930.0
si2505,,13:44:39.166#,13975.0,13975.0,13845.0,0.0,0.0,24,252,13790.0,1,13800.0,1,13850.0,1,13910.0,2,13915.0,1,13970.0,1,13975.0,1,14010.0,2,14200.0,1,14265.0,2,13930.0
si2505,,13:44:39.799#,13975.0,13975.0,13845.0,0.0,0.0,24,252,13790.0,1,13800.0,1,13850.0,1,13910.0,2,13915.0,1,13970.0,1,14010.0,2,14200.0,1,14265.0,2,14390.0,1,13930.0
si2505,,13:44:40.393#,13975.0,13975.0,13845.0,0.0,0.0,24,252,13790.0,1,13800.0,1,13850.0,1,13910.0,2,13915.0,1,13965.0,1,13970.0,1,14010.0,2,14200.0,1,14265.0,2,13930.0
si2505,,13:44:41.737#,13975.0,13975.0,13845.0,0.0,0.0,24,252,13705.0,1,13790.0,1,13800.0,1,13850.0,1,13910.0,2,13965.0,1,14010.0,2,14200.0,1,14265.0,2,14390.0,1,13930.0
si2505,,13:44:44.197#,13975.0,13975.0,13845.0,0.0,0.0,24,252,13705.0,1,13790.0,1,13800.0,1,13850.0,1,13910.0,3,13965.0,1,14010.0,2,14200.0,1,14265.0,2,14390.0,1,13930.0
si2505,,13:44:59.635#,13975.0,13975.0,13845.0,0.0,0.0,24,252,13790.0,1,13800.0,1,13850.0,1,13910.0,3,13915.0,1,13965.0,1,14010.0,2,14200.0,1,14265.0,2,14390.0,1,13930.0
si2505,,13:45:00.595#,13975.0,13975.0,13845.0,0.0,0.0,24,252,13705.0,1,13790.0,1,13800.0,1,13850.0,1,13910.0,3,13965.0,1,14010.0,2,14200.0,1,14265.0,2,14390.0,1,13930.0
si2505,,13:45:01.366#,13975.0,13975.0,13845.0,0.0,0.0,24,252,13705.0,1,13790.0,1,13800.0,1,13850.0,1,13910.0,3,13960.0,1,13965.0,1,14010.0,2,14200.0,1,14265.0,2,13930.0
si2505,,13:45:02.268#,13975.0,13975.0,13845.0,0.0,0.0,24,252,13705.0,1,13790.0,1,13800.0,1,13850.0,1,13910.0,3,13965.0,1,14010.0,2,14200.0,1,14265.0,2,14390.0,1,13930.0
si2505,,13:45:17.638#,13975.0,13975.0,13845.0,0.0,0.0,24,252,13705.0,1,13790.0,1,13800.0,1,13850.0,1,13910.0,2,13965.0,1,14010.0,2,14200.0,1,14265.0,2,14390.0,1,13930.0
si2505,,13:45:18.720#,13975.0,13975.0,13845.0,0.0,0.0,24,252,13705.0,1,13790.0,1,13800.0,1,13850.0,1,13910.0,2,13960.0,1,13965.0,1,14010.0,2,14200.0,1,14265.0,2,13930.0
si2505,,13:45:23.221#,13975.0,13975.0,13845.0,0.0,0.0,24,252,13705.0,1,13790.0,1,13800.0,1,13850.0,1,13910.0,2,13960.0,1,14010.0,2,14200.0,1,14265.0,2,14390.0,1,13930.0
si2505,,13:45:24.749#,13975.0,13975.0,13845.0,0.0,0.0,24,252,13705.0,1,13790.0,1,13800.0,1,13850.0,1,13910.0,1,13955.0,1,13960.0,1,14010.0,2,14200.0,1,14265.0,2,13930.0
si2505,,13:45:27.134#,13975.0,13975.0,13845.0,0.0,0.0,24,252,13705.0,1,13790.0,1,13800.0,1,13850.0,1,13910.0,1,13955.0,2,13960.0,1,14010.0,2,14200.0,1,14265.0,2,13930.0
si2505,,13:45:34.633#,13975.0,13975.0,13845.0,0.0,0.0,24,252,13705.0,1,13790.0,1,13800.0,1,13850.0,1,13910.0,1,13955.0,2,14010.0,2,14200.0,1,14265.0,2,14390.0,1,13930.0
si2505,,13:45:35.824#,13975.0,13975.0,13845.0,0.0,0.0,24,252,13705.0,1,13790.0,1,13800.0,1,13850.0,1,13910.0,1,13950.0,1,13955.0,2,14010.0,2,14200.0,1,14265.0,2,13930.0
si2505,,13:45:36.188#,13975.0,13975.0,13845.0,0.0,0.0,24,252,13705.0,1,13790.0,1,13800.0,1,13850.0,1,13910.0,1,13950.0,1,13955.0,1,14010.0,2,14200.0,1,14265.0,2,13930.0
si2505,,13:45:37.674#,13975.0,13975.0,13845.0,0.0,0.0,24,252,13705.0,1,13790.0,1,13800.0,1,13850.0,1,13910.0,1,13950.0,1,14010.0,2,14200.0,1,14265.0,2,14390.0,1,13930.0
si2505,,13:45:38.237#,13975.0,13975.0,13845.0,0.0,0.0,24,252,13705.0,1,13790.0,1,13800.0,1,13850.0,1,13910.0,1,13945.0,1,13950.0,1,14010.0,2,14200.0,1,14265.0,2,13930.0
si2505,,13:45:40.721#,13975.0,13975.0,13845.0,0.0,0.0,25,253,13700.0,10,13705.0,1,13790.0,1,13800.0,1,13850.0,1,13945.0,1,13950.0,1,14010.0,2,14200.0,1,14265.0,2,13910.0
si2505,,13:45:41.175#,13975.0,13975.0,13845.0,0.0,0.0,25,253,13705.0,1,13790.0,1,13800.0,1,13850.0,1,13855.0,1,13945.0,1,13950.0,1,14010.0,2,14200.0,1,14265.0,2,13910.0
si2505,,13:45:41.625#,13975.0,13975.0,13845.0,0.0,0.0,25,253,13705.0,1,13790.0,1,13800.0,1,13850.0,1,13855.0,1,13945.0,1,14010.0,2,14200.0,1,14265.0,2,14390.0,1,13910.0
si2505,,13:45:42.469#,13975.0,13975.0,13845.0,0.0,0.0,25,253,13705.0,1,13790.0,1,13800.0,1,13850.0,1,13855.0,1,13940.0,1,13945.0,1,14010.0,2,14200.0,1,14265.0,2,13910.0
si2505,,13:45:42.674#,13975.0,13975.0,13845.0,0.0,0.0,25,253,13705.0,1,13790.0,1,13800.0,1,13850.0,1,13855.0,1,13940.0,1,14010.0,2,14200.0,1,14265.0,2,14390.0,1,13910.0
si2505,,13:45:43.283#,13975.0,13975.0,13845.0,0.0,0.0,25,253,13705.0,1,13790.0,1,13800.0,1,13850.0,1,13855.0,1,13940.0,2,14010.0,2,14200.0,1,14265.0,2,14390.0,1,13910.0
si2505,,13:45:48.332#,13975.0,13975.0,13845.0,0.0,0.0,25,253,13705.0,1,13790.0,1,13800.0,1,13850.0,1,13855.0,1,13940.0,1,14010.0,2,14200.0,1,14265.0,2,14390.0,1,13910.0
si2505,,13:45:49.991#,13975.0,13975.0,13845.0,0.0,0.0,25,253,13705.0,1,13790.0,1,13800.0,1,13850.0,1,13855.0,1,13930.0,1,13940.0,1,14010.0,2,14200.0,1,14265.0,2,13910.0
si2505,,13:45:50.687#,13975.0,13975.0,13845.0,0.0,0.0,25,253,13790.0,1,13800.0,1,13850.0,1,13855.0,1,13860.0,1,13930.0,1,13940.0,1,14010.0,2,14200.0,1,14265.0,2,13910.0
si2505,,13:45:52.686#,13975.0,13975.0,13845.0,0.0,0.0,25,253,13790.0,1,13800.0,1,13850.0,1,13855.0,1,13860.0,1,13940.0,1,14010.0,2,14200.0,1,14265.0,2,14390.0,1,13910.0
si2505,,13:45:53.351#,13975.0,13975.0,13845.0,0.0,0.0,25,253,13800.0,1,13850.0,1,13855.0,1,13860.0,1,13865.0,1,13940.0,1,14010.0,2,14200.0,1,14265.0,2,14390.0,1,13910.0
si2505,,13:45:53.647#,13975.0,13975.0,13845.0,0.0,0.0,25,253,13800.0,1,13850.0,1,13855.0,1,13860.0,1,13865.0,1,13935.0,1,13940.0,1,14010.0,2,14200.0,1,14265.0,2,13910.0
si2505,,13:45:54.524#,13975.0,13975.0,13845.0,0.0,0.0,25,253,13800.0,1,13850.0,1,13855.0,1,13860.0,1,13865.0,1,13940.0,1,14010.0,2,14200.0,1,14265.0,2,14390.0,1,13910.0
si2505,,13:45:54.938#,13975.0,13975.0,13845.0,0.0,0.0,25,253,13850.0,1,13855.0,1,13860.0,1,13865.0,1,13870.0,1,13940.0,1,14010.0,2,14200.0,1,14265.0,2,14390.0,1,13910.0
si2505,,13:45:55.347#,13975.0,13975.0,13845.0,0.0,0.0,25,253,13800.0,1,13850.0,1,13860.0,1,13865.0,1,13870.0,1,13940.0,1,14010.0,2,14200.0,1,14265.0,2,14390.0,1,13910.0
si2505,,13:45:56.90#,13975.0,13975.0,13845.0,0.0,0.0,25,253,13850.0,1,13860.0,1,13865.0,1,13870.0,1,13875.0,1,13935.0,1,13940.0,1,14010.0,2,14200.0,1,14265.0,2,13910.0
si2505,,13:45:57.289#,13975.0,13975.0,13845.0,0.0,0.0,25,253,13850.0,1,13860.0,1,13865.0,1,13875.0,1,13880.0,1,13935.0,1,13940.0,1,14010.0,2,14200.0,1,14265.0,2,13910.0
si2505,,13:46:01.942#,13975.0,13975.0,13845.0,0.0,0.0,25,253,13800.0,1,13850.0,1,13860.0,1,13865.0,1,13880.0,1,13935.0,1,13940.0,1,14010.0,2,14200.0,1,14265.0,2,13910.0
si2505,,13:46:02.174#,13975.0,13975.0,13845.0,0.0,0.0,25,253,13790.0,1,13800.0,1,13850.0,1,13860.0,1,13865.0,1,13940.0,1,14010.0,2,14200.0,1,14265.0,2,14390.0,1,13910.0
si2505,,13:46:02.488#,13975.0,13975.0,13845.0,0.0,0.0,25,253,13800.0,1,13850.0,1,13860.0,1,13865.0,1,13885.0,1,13940.0,1,14010.0,2,14200.0,1,14265.0,2,14390.0,1,13910.0
si2505,,13:46:04.625#,13975.0,13975.0,13845.0,0.0,0.0,25,253,13790.0,1,13800.0,1,13850.0,1,13865.0,1,13885.0,1,13940.0,1,14010.0,2,14200.0,1,14265.0,2,14390.0,1,13910.0
si2505,,13:46:05.817#,13975.0,13975.0,13845.0,0.0,0.0,25,253,13800.0,1,13850.0,1,13865.0,1,13885.0,1,13890.0,1,13940.0,1,14010.0,2,14200.0,1,14265.0,2,14390.0,1,13910.0
si2505,,13:46:08.537#,13975.0,13975.0,13845.0,0.0,0.0,25,253,13790.0,1,13800.0,1,13850.0,1,13865.0,1,13890.0,1,13940.0,1,14010.0,2,14200.0,1,14265.0,2,14390.0,1,13910.0
si2505,,13:46:09.65#,13975.0,13975.0,13845.0,0.0,0.0,25,253,13790.0,1,13800.0,1,13850.0,1,13865.0,1,13890.0,2,13940.0,1,14010.0,2,14200.0,1,14265.0,2,14390.0,1,13910.0
si2505,,13:46:10.796#,13975.0,13975.0,13845.0,0.0,0.0,25,253,13705.0,1,13790.0,1,13800.0,1,13850.0,1,13890.0,2,13940.0,1,14010.0,2,14200.0,1,14265.0,2,14390.0,1,13910.0
si2505,,13:46:14.844#,13975.0,13975.0,13845.0,0.0,0.0,25,253,13790.0,1,13800.0,1,13850.0,1,13890.0,2,13895.0,1,13940.0,1,14010.0,2,14200.0,1,14265.0,2,14390.0,1,13910.0
si2505,,13:46:22.674#,13975.0,13975.0,13845.0,0.0,0.0,25,253,13790.0,1,13800.0,1,13850.0,1,13890.0,1,13895.0,1,13940.0,1,14010.0,2,14200.0,1,14265.0,2,14390.0,1,13910.0
si2505,,13:46:25.638#,13975.0,13975.0,13845.0,0.0,0.0,25,253,13705.0,1,13790.0,1,13800.0,1,13850.0,1,13895.0,1,13940.0,1,14010.0,2,14200.0,1,14265.0,2,14390.0,1,13910.0
si2505,,13:46:26.625#,13975.0,13975.0,13845.0,0.0,0.0,25,253,13790.0,1,13800.0,1,13850.0,1,13895.0,1,13900.0,1,13940.0,1,14010.0,2,14200.0,1,14265.0,2,14390.0,1,13910.0
si2505,,13:46:34.221#,13975.0,13975.0,13845.0,0.0,0.0,25,253,13790.0,1,13800.0,1,13850.0,1,13895.0,1,13900.0,1,14010.0,2,14200.0,1,14265.0,2,14390.0,1,14820.0,3,13910.0
si2505,,13:46:34.816#,13975.0,13975.0,13845.0,0.0,0.0,25,253,13790.0,1,13800.0,1,13850.0,1,13895.0,1,13900.0,1,13965.0,1,14000.0,2,14005.0,1,14010.0,2,14200.0,1,13910.0
si2505,,13:46:35.194#,13975.0,13975.0,13845.0,0.0,0.0,25,253,13790.0,1,13800.0,1,13850.0,1,13895.0,1,13900.0,1,13965.0,1,14005.0,1,14010.0,2,14200.0,1,14265.0,2,13910.0
si2505,,13:46:36.705#,13975.0,13975.0,13845.0,0.0,0.0,25,253,13705.0,1,13790.0,1,13800.0,1,13850.0,1,13895.0,1,13965.0,1,14005.0,1,14010.0,2,14200.0,1,14265.0,2,13910.0
si2505,,13:46:38.675#,13975.0,13975.0,13845.0,0.0,0.0,25,253,13705.0,1,13790.0,1,13800.0,1,13850.0,1,13895.0,1,13960.0,1,13965.0,1,14010.0,2,14200.0,1,14265.0,2,13910.0
si2505,,13:46:39.264#,13975.0,13975.0,13845.0,0.0,0.0,25,253,13705.0,1,13790.0,1,13800.0,1,13850.0,1,13895.0,1,13955.0,2,13960.0,1,14010.0,2,14200.0,1,14265.0,2,13910.0
si2505,,13:46:41.707#,13975.0,13975.0,13845.0,0.0,0.0,25,253,13705.0,1,13790.0,1,13800.0,1,13850.0,1,13895.0,2,13955.0,2,13960.0,1,14010.0,2,14200.0,1,14265.0,2,13910.0
si2505,,13:46:43.237#,13975.0,13975.0,13845.0,0.0,0.0,25,253,13705.0,1,13790.0,1,13800.0,1,13850.0,1,13895.0,2,13955.0,2,14010.0,2,14200.0,1,14265.0,2,14390.0,1,13910.0
si2505,,13:46:43.769#,13975.0,13975.0,13845.0,0.0,0.0,25,253,13705.0,1,13790.0,1,13800.0,1,13850.0,1,13895.0,2,13955.0,3,14010.0,2,14200.0,1,14265.0,2,14390.0,1,13910.0
si2505,,13:47:01.881#,13975.0,13975.0,13845.0,0.0,0.0,25,253,13705.0,1,13790.0,1,13800.0,1,13850.0,1,13895.0,2,13955.0,2,14010.0,2,14200.0,1,14265.0,2,14390.0,1,13910.0
si2505,,13:47:37.685#,13975.0,13975.0,13845.0,0.0,0.0,25,253,13705.0,1,13790.0,1,13800.0,1,13850.0,1,13895.0,2,13930.0,1,13955.0,1,14010.0,2,14200.0,1,14265.0,2,13910.0
si2505,,13:47:38.56#,13975.0,13975.0,13845.0,0.0,0.0,25,253,13705.0,1,13790.0,1,13800.0,1,13850.0,1,13895.0,2,13955.0,1,14010.0,2,14200.0,1,14265.0,2,14390.0,1,13910.0
si2505,,13:47:38.194#,13975.0,13975.0,13845.0,0.0,0.0,25,253,13705.0,1,13790.0,1,13800.0,1,13850.0,1,13895.0,2,13950.0,1,13955.0,1,14010.0,2,14200.0,1,14265.0,2,13910.0
si2505,,13:47:38.902#,13975.0,13975.0,13845.0,0.0,0.0,25,253,13705.0,1,13790.0,1,13800.0,1,13850.0,1,13895.0,2,13925.0,1,13950.0,1,13955.0,1,14010.0,2,14200.0,1,13910.0
si2505,,13:47:39.299#,13975.0,13975.0,13845.0,0.0,0.0,25,253,13705.0,1,13790.0,1,13800.0,1,13850.0,1,13895.0,2,13955.0,1,14010.0,2,14200.0,1,14265.0,2,14390.0,1,13910.0
si2505,,13:47:39.704#,13975.0,13975.0,13845.0,0.0,0.0,25,253,13705.0,1,13790.0,1,13800.0,1,13850.0,1,13895.0,2,13950.0,1,13955.0,1,14010.0,2,14200.0,1,14265.0,2,13910.0
si2505,,13:47:40.240#,13975.0,13975.0,13845.0,0.0,0.0,25,253,13705.0,1,13790.0,1,13800.0,1,13850.0,1,13895.0,2,13945.0,1,13950.0,1,13955.0,1,14010.0,2,14200.0,1,13910.0
si2505,,13:47:40.685#,13975.0,13975.0,13845.0,0.0,0.0,25,253,13705.0,1,13790.0,1,13800.0,1,13850.0,1,13895.0,2,13945.0,1,13955.0,1,14010.0,2,14200.0,1,14265.0,2,13910.0
si2505,,13:47:40.855#,13975.0,13975.0,13845.0,0.0,0.0,25,253,13705.0,1,13790.0,1,13800.0,1,13850.0,1,13895.0,2,13955.0,1,14010.0,2,14200.0,1,14265.0,2,14390.0,1,13910.0
si2505,,13:47:41.303#,13975.0,13975.0,13845.0,0.0,0.0,25,253,13705.0,1,13790.0,1,13800.0,1,13850.0,1,13895.0,2,13940.0,1,13950.0,1,13955.0,1,14010.0,2,14200.0,1,13910.0
si2505,,13:47:41.685#,13975.0,13975.0,13845.0,0.0,0.0,25,253,13705.0,1,13790.0,1,13800.0,1,13850.0,1,13895.0,2,13940.0,1,13955.0,1,14010.0,2,14200.0,1,14265.0,2,13910.0
si2505,,13:47:41.894#,13975.0,13975.0,13845.0,0.0,0.0,25,253,13705.0,1,13790.0,1,13800.0,1,13850.0,1,13895.0,2,13955.0,1,14010.0,2,14200.0,1,14265.0,2,14390.0,1,13910.0
si2505,,13:47:42.187#,13975.0,13975.0,13845.0,0.0,0.0,25,253,13705.0,1,13790.0,1,13800.0,1,13850.0,1,13895.0,2,13950.0,1,13955.0,1,14010.0,2,14200.0,1,14265.0,2,13910.0
si2505,,13:47:43.675#,13975.0,13975.0,13845.0,0.0,0.0,25,253,13705.0,1,13790.0,1,13800.0,1,13850.0,1,13895.0,2,13950.0,1,14010.0,2,14200.0,1,14265.0,2,14390.0,1,13910.0
si2505,,13:47:44.270#,13975.0,13975.0,13845.0,0.0,0.0,25,253,13705.0,1,13790.0,1,13800.0,1,13850.0,1,13895.0,2,13945.0,1,13950.0,1,14010.0,2,14200.0,1,14265.0,2,13910.0
si2505,,13:47:44.686#,13975.0,13975.0,13845.0,0.0,0.0,25,253,13705.0,1,13790.0,1,13800.0,1,13850.0,1,13895.0,2,13945.0,1,14010.0,2,14200.0,1,14265.0,2,14390.0,1,13910.0
si2505,,13:48:29.752#,13975.0,13975.0,13845.0,0.0,0.0,25,253,13790.0,1,13800.0,1,13850.0,1,13895.0,2,13900.0,1,13980.0,1,14005.0,3,14010.0,2,14200.0,1,14265.0,2,13910.0
si2505,,13:48:29.864#,13975.0,13975.0,13845.0,0.0,0.0,25,253,13790.0,1,13800.0,1,13850.0,1,13895.0,2,13900.0,1,13980.0,1,14005.0,4,14010.0,2,14200.0,1,14265.0,2,13910.0
si2505,,13:48:30.217#,13975.0,13975.0,13845.0,0.0,0.0,25,253,13790.0,1,13800.0,1,13850.0,1,13895.0,2,13900.0,1,13980.0,1,14005.0,2,14010.0,2,14200.0,1,14265.0,2,13910.0
si2505,,13:48:31.676#,13975.0,13975.0,13845.0,0.0,0.0,25,253,13705.0,1,13790.0,1,13800.0,1,13850.0,1,13895.0,2,13980.0,1,14005.0,2,14010.0,2,14200.0,1,14265.0,2,13910.0
si2505,,13:48:32.238#,13975.0,13975.0,13845.0,0.0,0.0,25,253,13790.0,1,13800.0,1,13850.0,1,13895.0,2,13900.0,1,13980.0,1,14010.0,2,14200.0,1,14265.0,2,14390.0,1,13910.0
si2505,,13:48:32.880#,13975.0,13975.0,13845.0,0.0,0.0,25,253,13790.0,1,13800.0,1,13850.0,1,13895.0,2,13900.0,1,13975.0,1,13980.0,1,14010.0,2,14200.0,1,14265.0,2,13910.0
si2505,,13:48:33.264#,13975.0,13975.0,13845.0,0.0,0.0,25,253,13790.0,1,13800.0,1,13850.0,1,13895.0,2,13900.0,1,13970.0,1,13975.0,1,14010.0,2,14200.0,1,14265.0,2,13910.0
si2505,,13:48:37.176#,13975.0,13975.0,13845.0,0.0,0.0,25,253,13790.0,1,13800.0,1,13850.0,1,13895.0,2,13900.0,1,13970.0,1,14010.0,2,14200.0,1,14265.0,2,14390.0,1,13910.0
si2505,,13:48:37.725#,13975.0,13975.0,13845.0,0.0,0.0,25,253,13790.0,1,13800.0,1,13850.0,1,13895.0,2,13900.0,1,13965.0,1,13970.0,1,14010.0,2,14200.0,1,14265.0,2,13910.0
si2505,,13:48:38.284#,13975.0,13975.0,13845.0,0.0,0.0,25,253,13790.0,1,13800.0,1,13850.0,1,13895.0,2,13900.0,1,13960.0,1,13965.0,1,14010.0,2,14200.0,1,14265.0,2,13910.0
si2505,,13:48:39.811#,13975.0,13975.0,13845.0,0.0,0.0,25,253,13790.0,1,13800.0,1,13850.0,1,13895.0,1,13900.0,1,13960.0,1,13965.0,1,14010.0,2,14200.0,1,14265.0,2,13910.0
si2505,,13:48:40.894#,13975.0,13975.0,13845.0,0.0,0.0,25,253,13800.0,1,13850.0,1,13895.0,1,13900.0,1,13905.0,1,13960.0,1,13965.0,1,14010.0,2,14200.0,1,14265.0,2,13910.0
si2505,,13:48:43.785#,13975.0,13975.0,13845.0,0.0,0.0,25,253,13800.0,1,13850.0,1,13895.0,1,13900.0,1,13905.0,1,13960.0,1,14010.0,2,14200.0,1,14265.0,2,14390.0,1,13910.0
si2505,,13:48:44.458#,13975.0,13975.0,13845.0,0.0,0.0,25,253,13800.0,1,13850.0,1,13895.0,1,13900.0,1,13905.0,1,13955.0,1,13960.0,1,14010.0,2,14200.0,1,14265.0,2,13910.0
si2505,,13:48:44.682#,13975.0,13975.0,13845.0,0.0,0.0,25,253,13800.0,1,13850.0,1,13895.0,1,13900.0,1,13905.0,1,13955.0,1,14010.0,2,14200.0,1,14265.0,2,14390.0,1,13910.0
si2505,,13:48:48.778#,13975.0,13975.0,13845.0,0.0,0.0,25,253,13790.0,1,13800.0,1,13850.0,1,13900.0,1,13905.0,1,13955.0,1,14010.0,2,14200.0,1,14265.0,2,14390.0,1,13910.0
si2505,,13:48:51.139#,13975.0,13975.0,13845.0,0.0,0.0,25,253,13800.0,1,13850.0,1,13900.0,1,13905.0,1,13910.0,1,13955.0,1,14010.0,2,14200.0,1,14265.0,2,14390.0,1,13910.0
si2505,,13:48:52.238#,13975.0,13975.0,13845.0,0.0,0.0,25,253,13790.0,1,13800.0,1,13850.0,1,13905.0,1,13910.0,1,13955.0,1,14010.0,2,14200.0,1,14265.0,2,14390.0,1,13910.0
si2505,,13:49:01.540#,13975.0,13975.0,13845.0,0.0,0.0,25,253,13705.0,1,13790.0,1,13800.0,1,13850.0,1,13910.0,1,13955.0,1,14010.0,2,14200.0,1,14265.0,2,14390.0,1,13910.0
si2505,,13:49:01.963#,13975.0,13975.0,13845.0,0.0,0.0,25,253,13790.0,1,13800.0,1,13850.0,1,13910.0,1,13915.0,1,13955.0,1,14010.0,2,14200.0,1,14265.0,2,14390.0,1,13910.0
si2505,,13:49:14.421#,13975.0,13975.0,13845.0,0.0,0.0,25,253,13790.0,1,13800.0,1,13850.0,1,13910.0,1,13915.0,1,13940.0,1,13955.0,1,14010.0,2,14200.0,1,14265.0,2,13910.0
si2505,,13:49:15.557#,13975.0,13975.0,13845.0,0.0,0.0,25,253,13790.0,1,13800.0,1,13850.0,1,13910.0,1,13915.0,1,13950.0,1,13955.0,1,14010.0,2,14200.0,1,14265.0,2,13910.0
si2505,,13:49:16.170#,13975.0,13975.0,13845.0,0.0,0.0,25,253,13790.0,1,13800.0,1,13850.0,1,13910.0,1,13915.0,1,13955.0,1,14010.0,2,14200.0,1,14265.0,2,14390.0,1,13910.0
si2505,,13:49:16.628#,13975.0,13975.0,13845.0,0.0,0.0,25,253,13790.0,1,13800.0,1,13850.0,1,13910.0,1,13915.0,1,13935.0,1,13955.0,1,14010.0,2,14200.0,1,14265.0,2,13910.0
si2505,,13:49:17.395#,13975.0,13975.0,13845.0,0.0,0.0,25,253,13790.0,1,13800.0,1,13850.0,1,13910.0,1,13915.0,1,13955.0,1,14010.0,2,14200.0,1,14265.0,2,14390.0,1,13910.0
si2505,,13:49:18.34#,13975.0,13975.0,13845.0,0.0,0.0,25,253,13790.0,1,13800.0,1,13850.0,1,13910.0,1,13915.0,1,13950.0,1,13955.0,1,14010.0,2,14200.0,1,14265.0,2,13910.0
si2505,,13:49:18.704#,13975.0,13975.0,13845.0,0.0,0.0,25,253,13705.0,1,13790.0,1,13800.0,1,13850.0,1,13915.0,1,13955.0,1,14010.0,2,14200.0,1,14265.0,2,14390.0,1,13910.0
si2505,,13:49:19.524#,13975.0,13975.0,13845.0,0.0,0.0,25,253,13705.0,1,13790.0,1,13800.0,1,13850.0,1,13915.0,1,13935.0,1,13955.0,1,14010.0,2,14200.0,1,14265.0,2,13910.0
si2505,,13:49:19.988#,13975.0,13975.0,13845.0,0.0,0.0,25,253,13705.0,1,13790.0,1,13800.0,1,13850.0,1,13915.0,1,13955.0,1,14010.0,2,14200.0,1,14265.0,2,14390.0,1,13910.0
si2505,,13:49:20.731#,13975.0,13975.0,13845.0,0.0,0.0,25,253,13705.0,1,13790.0,1,13800.0,1,13850.0,1,13915.0,1,13945.0,1,13955.0,1,14010.0,2,14200.0,1,14265.0,2,13910.0
si2505,,13:49:21.440#,13975.0,13975.0,13845.0,0.0,0.0,25,253,13705.0,1,13790.0,1,13800.0,1,13850.0,1,13915.0,1,13955.0,1,14010.0,2,14200.0,1,14265.0,2,14390.0,1,13910.0
si2505,,13:49:21.977#,13975.0,13975.0,13845.0,0.0,0.0,25,253,13705.0,1,13790.0,1,13800.0,1,13850.0,1,13915.0,1,13940.0,1,13955.0,1,14010.0,2,14200.0,1,14265.0,2,13910.0
si2505,,13:49:22.378#,13975.0,13975.0,13845.0,0.0,0.0,25,253,13705.0,1,13790.0,1,13800.0,1,13850.0,1,13915.0,1,13955.0,1,14010.0,2,14200.0,1,14265.0,2,14390.0,1,13910.0
si2505,,13:49:22.946#,13975.0,13975.0,13845.0,0.0,0.0,25,253,13705.0,1,13790.0,1,13800.0,1,13850.0,1,13915.0,1,13950.0,1,13955.0,1,14010.0,2,14200.0,1,14265.0,2,13910.0
si2505,,13:49:23.501#,13975.0,13975.0,13845.0,0.0,0.0,25,253,13705.0,1,13790.0,1,13800.0,1,13850.0,1,13915.0,1,13955.0,1,14010.0,2,14200.0,1,14265.0,2,14390.0,1,13910.0
