InstrumentId,ExchangeId,Datetime,OpenPrice,HighestPrice,LowestPrice,UpperLimitPrice,LowerLimitPrice,Volume,OpenInterest,BidPrice5,BidVolume5,BidPrice4,BidVolume4,BidPrice3,BidVolume3,BidPrice2,BidVolume2,BidPrice1,BidVolume1,AskPrice1,AskVolume1,AskPrice2,AskVolume2,AskPrice3,AskVolume3,AskPrice4,AskVolume4,AskPrice5,AskVolume5,LastPrice
SM409,,13:38:35.250#,7000.0,7070.0,6940.0,7646.0,6254.0,29556,216975,7002.0,16,7004.0,12,7006.0,6,7008.0,14,7010.0,8,7012.0,17,7016.0,4,7018.0,12,7020.0,4,7022.0,1,7010.0
SM409,,13:38:35.500#,7000.0,7070.0,6940.0,7646.0,6254.0,29558,216977,7002.0,16,7004.0,12,7006.0,6,7008.0,14,7010.0,6,7012.0,2,7016.0,4,7018.0,12,7020.0,4,7022.0,1,7010.0
SM409,,13:38:36.0#,7000.0,7070.0,6940.0,7646.0,6254.0,29563,216982,7002.0,16,7004.0,12,7006.0,6,7008.0,14,7010.0,1,7012.0,2,7016.0,4,7018.0,12,7020.0,4,7022.0,1,7010.0
SM409,,13:38:36.250#,7000.0,7070.0,6940.0,7646.0,6254.0,29563,216982,7002.0,16,7004.0,12,7006.0,6,7008.0,14,7010.0,1,7012.0,25,7016.0,4,7018.0,12,7020.0,4,7022.0,1,7010.0
SM409,,13:38:36.500#,7000.0,7070.0,6940.0,7646.0,6254.0,29564,216983,7000.0,60,7002.0,16,7004.0,12,7006.0,6,7008.0,10,7010.0,8,7012.0,23,7016.0,4,7018.0,12,7020.0,4,7010.0
SM409,,13:38:36.750#,7000.0,7070.0,6940.0,7646.0,6254.0,29564,216983,7000.0,60,7002.0,16,7004.0,12,7006.0,6,7008.0,10,7010.0,4,7012.0,23,7016.0,4,7018.0,12,7020.0,4,7010.0
SM409,,13:38:37.750#,7000.0,7070.0,6940.0,7646.0,6254.0,29574,216993,6998.0,1,7000.0,60,7002.0,16,7004.0,12,7006.0,6,7010.0,4,7012.0,23,7016.0,4,7018.0,12,7020.0,4,7008.0
SM409,,13:38:38.0#,7000.0,7070.0,6940.0,7646.0,6254.0,29574,216993,6998.0,1,7000.0,60,7002.0,16,7004.0,12,7006.0,6,7010.0,9,7012.0,23,7016.0,4,7018.0,12,7020.0,4,7008.0
SM409,,13:38:38.500#,7000.0,7070.0,6940.0,7646.0,6254.0,29574,216993,6998.0,1,7000.0,60,7002.0,16,7004.0,12,7006.0,6,7010.0,6,7012.0,23,7016.0,4,7018.0,12,7020.0,4,7008.0
SM409,,13:38:39.0#,7000.0,7070.0,6940.0,7646.0,6254.0,29574,216993,6998.0,1,7000.0,60,7002.0,16,7004.0,12,7006.0,6,7008.0,20,7010.0,4,7012.0,23,7016.0,4,7018.0,12,7008.0
SM409,,13:38:39.250#,7000.0,7070.0,6940.0,7646.0,6254.0,29574,216993,6998.0,1,7000.0,60,7002.0,16,7004.0,12,7006.0,6,7008.0,12,7010.0,4,7012.0,23,7016.0,4,7018.0,12,7008.0
SM409,,13:38:39.500#,7000.0,7070.0,6940.0,7646.0,6254.0,29574,216993,6998.0,1,7000.0,60,7002.0,16,7004.0,12,7006.0,6,7008.0,4,7010.0,4,7012.0,23,7016.0,4,7018.0,12,7008.0
SM409,,13:38:39.750#,7000.0,7070.0,6940.0,7646.0,6254.0,29574,216993,6998.0,1,7000.0,60,7002.0,16,7004.0,12,7006.0,6,7010.0,9,7012.0,23,7016.0,4,7018.0,12,7020.0,4,7008.0
SM409,,13:38:40.250#,7000.0,7070.0,6940.0,7646.0,6254.0,29574,216993,6998.0,1,7000.0,60,7002.0,16,7004.0,12,7006.0,6,7008.0,2,7010.0,4,7012.0,23,7016.0,4,7018.0,12,7008.0
SM409,,13:38:40.500#,7000.0,7070.0,6940.0,7646.0,6254.0,29574,216993,6998.0,1,7000.0,60,7002.0,16,7004.0,12,7006.0,6,7010.0,9,7012.0,23,7016.0,4,7018.0,12,7020.0,4,7008.0
SM409,,13:38:41.250#,7000.0,7070.0,6940.0,7646.0,6254.0,29579,216997,6998.0,1,7000.0,60,7002.0,16,7004.0,12,7006.0,1,7010.0,9,7012.0,23,7016.0,4,7018.0,12,7020.0,4,7006.0
SM409,,13:38:41.500#,7000.0,7070.0,6940.0,7646.0,6254.0,29590,217006,6996.0,28,6998.0,1,7000.0,60,7002.0,16,7004.0,2,7006.0,4,7010.0,4,7012.0,23,7016.0,4,7018.0,12,7004.0
SM409,,13:38:41.750#,7000.0,7070.0,6940.0,7646.0,6254.0,29591,217007,6996.0,28,6998.0,1,7000.0,60,7002.0,16,7004.0,2,7006.0,1,7010.0,4,7012.0,23,7016.0,4,7018.0,12,7004.0
SM409,,13:38:42.0#,7000.0,7070.0,6940.0,7646.0,6254.0,29593,217008,6994.0,21,6996.0,28,6998.0,1,7000.0,60,7002.0,16,7008.0,1,7010.0,4,7012.0,23,7016.0,4,7018.0,12,7004.0
SM409,,13:38:42.250#,7000.0,7070.0,6940.0,7646.0,6254.0,29593,217008,6994.0,21,6996.0,28,6998.0,1,7000.0,60,7002.0,17,7008.0,11,7010.0,4,7012.0,23,7016.0,4,7018.0,12,7004.0
SM409,,13:38:42.500#,7000.0,7070.0,6940.0,7646.0,6254.0,29593,217008,6994.0,21,6996.0,28,6998.0,1,7000.0,60,7002.0,17,7004.0,1,7008.0,10,7010.0,4,7012.0,23,7016.0,4,7004.0
SM409,,13:38:42.750#,7000.0,7070.0,6940.0,7646.0,6254.0,29593,217008,6994.0,21,6996.0,28,6998.0,1,7000.0,60,7002.0,17,7004.0,1,7008.0,10,7010.0,4,7012.0,23,7016.0,4,7004.0
SM409,,13:38:43.250#,7000.0,7070.0,6940.0,7646.0,6254.0,29593,217008,6994.0,21,6996.0,28,6998.0,1,7000.0,60,7002.0,17,7004.0,1,7008.0,10,7010.0,4,7012.0,23,7016.0,4,7004.0
SM409,,13:38:43.750#,7000.0,7070.0,6940.0,7646.0,6254.0,29594,217007,6994.0,21,6996.0,28,6998.0,1,7000.0,60,7002.0,16,7004.0,1,7008.0,10,7010.0,4,7012.0,23,7016.0,4,7002.0
SM409,,13:38:44.0#,7000.0,7070.0,6940.0,7646.0,6254.0,29602,217007,6994.0,21,6996.0,28,6998.0,1,7000.0,60,7002.0,8,7004.0,43,7008.0,10,7010.0,4,7012.0,23,7016.0,4,7002.0
SM409,,13:38:44.250#,7000.0,7070.0,6940.0,7646.0,6254.0,29606,217007,6994.0,21,6996.0,28,6998.0,1,7000.0,60,7002.0,4,7004.0,43,7008.0,10,7010.0,4,7012.0,23,7016.0,4,7002.0
SM409,,13:38:44.500#,7000.0,7070.0,6940.0,7646.0,6254.0,29607,217007,6994.0,21,6996.0,28,6998.0,1,7000.0,60,7002.0,3,7004.0,9,7008.0,10,7010.0,4,7012.0,23,7016.0,4,7002.0
SM409,,13:38:44.750#,7000.0,7070.0,6940.0,7646.0,6254.0,29607,217007,6994.0,21,6996.0,28,6998.0,1,7000.0,60,7002.0,3,7006.0,6,7008.0,10,7010.0,4,7012.0,23,7016.0,4,7002.0
SM409,,13:38:45.0#,7000.0,7070.0,6940.0,7646.0,6254.0,29607,217007,6994.0,21,6996.0,28,6998.0,1,7000.0,60,7002.0,3,7006.0,3,7008.0,10,7010.0,4,7012.0,23,7016.0,4,7002.0
SM409,,13:38:45.250#,7000.0,7070.0,6940.0,7646.0,6254.0,29607,217007,6994.0,21,6996.0,28,6998.0,1,7000.0,60,7002.0,3,7008.0,20,7010.0,4,7012.0,23,7016.0,4,7018.0,12,7002.0
SM409,,13:38:45.500#,7000.0,7070.0,6940.0,7646.0,6254.0,29607,217007,6994.0,21,6996.0,28,6998.0,1,7000.0,60,7002.0,3,7008.0,23,7010.0,4,7012.0,23,7016.0,4,7018.0,12,7002.0
SM409,,13:38:46.0#,7000.0,7070.0,6940.0,7646.0,6254.0,29607,217007,6994.0,21,6996.0,28,6998.0,1,7000.0,60,7002.0,3,7008.0,24,7010.0,4,7012.0,23,7016.0,4,7018.0,12,7002.0
SM409,,13:38:46.250#,7000.0,7070.0,6940.0,7646.0,6254.0,29607,217007,6994.0,21,6996.0,28,6998.0,1,7000.0,60,7002.0,4,7008.0,24,7010.0,4,7012.0,23,7016.0,4,7018.0,12,7002.0
SM409,,13:38:46.500#,7000.0,7070.0,6940.0,7646.0,6254.0,29607,217007,6994.0,21,6996.0,28,6998.0,1,7000.0,60,7002.0,4,7008.0,22,7010.0,4,7012.0,23,7016.0,4,7018.0,12,7002.0
SM409,,13:38:46.750#,7000.0,7070.0,6940.0,7646.0,6254.0,29607,217007,6994.0,21,6996.0,28,6998.0,1,7000.0,60,7002.0,4,7008.0,10,7010.0,4,7012.0,23,7016.0,4,7018.0,12,7002.0
SM409,,13:38:47.0#,7000.0,7070.0,6940.0,7646.0,6254.0,29607,217007,6994.0,21,6996.0,28,6998.0,1,7000.0,60,7002.0,4,7008.0,6,7010.0,4,7012.0,23,7016.0,4,7018.0,12,7002.0
SM409,,13:38:47.250#,7000.0,7070.0,6940.0,7646.0,6254.0,29607,217007,6994.0,21,6996.0,28,6998.0,1,7000.0,60,7002.0,4,7004.0,42,7010.0,4,7012.0,23,7016.0,4,7018.0,12,7002.0
SM409,,13:38:47.500#,7000.0,7070.0,6940.0,7646.0,6254.0,29608,217007,6994.0,21,6996.0,28,6998.0,1,7000.0,60,7002.0,3,7004.0,41,7010.0,4,7012.0,23,7016.0,4,7018.0,12,7002.0
SM409,,13:38:47.750#,7000.0,7070.0,6940.0,7646.0,6254.0,29611,217007,6990.0,1,6994.0,21,6996.0,28,6998.0,1,7000.0,61,7002.0,1,7010.0,4,7012.0,23,7016.0,4,7018.0,12,7002.0
SM409,,13:38:48.0#,7000.0,7070.0,6940.0,7646.0,6254.0,29611,217007,6990.0,1,6994.0,21,6996.0,28,6998.0,1,7000.0,68,7004.0,41,7010.0,4,7012.0,23,7016.0,4,7018.0,12,7002.0
SM409,,13:38:48.750#,7000.0,7070.0,6940.0,7646.0,6254.0,29616,217012,6990.0,1,6994.0,21,6996.0,28,6998.0,1,7000.0,68,7004.0,36,7010.0,4,7012.0,23,7016.0,4,7018.0,12,7004.0
SM409,,13:38:49.0#,7000.0,7070.0,6940.0,7646.0,6254.0,29616,217012,6990.0,1,6994.0,21,6996.0,28,6998.0,1,7000.0,68,7004.0,29,7010.0,4,7012.0,23,7016.0,4,7018.0,12,7004.0
SM409,,13:38:49.250#,7000.0,7070.0,6940.0,7646.0,6254.0,29616,217012,6990.0,1,6994.0,21,6996.0,28,6998.0,1,7000.0,68,7004.0,16,7010.0,4,7012.0,23,7016.0,4,7018.0,12,7004.0
SM409,,13:38:49.500#,7000.0,7070.0,6940.0,7646.0,6254.0,29616,217012,6994.0,21,6996.0,28,6998.0,1,7000.0,67,7002.0,10,7006.0,20,7010.0,4,7012.0,23,7016.0,4,7018.0,12,7004.0
SM409,,13:38:49.750#,7000.0,7070.0,6940.0,7646.0,6254.0,29616,217012,6994.0,21,6996.0,28,6998.0,1,7000.0,67,7002.0,12,7006.0,20,7010.0,4,7012.0,23,7016.0,4,7018.0,12,7004.0
SM409,,13:38:50.0#,7000.0,7070.0,6940.0,7646.0,6254.0,29616,217012,6994.0,21,6996.0,28,6998.0,1,7000.0,61,7002.0,12,7006.0,19,7010.0,4,7012.0,23,7016.0,4,7018.0,12,7004.0
SM409,,13:38:50.500#,7000.0,7070.0,6940.0,7646.0,6254.0,29616,217012,6994.0,21,6996.0,28,6998.0,1,7000.0,61,7002.0,12,7006.0,18,7010.0,4,7012.0,23,7016.0,4,7018.0,12,7004.0
SM409,,13:38:50.750#,7000.0,7070.0,6940.0,7646.0,6254.0,29616,217012,6996.0,28,6998.0,1,7000.0,61,7002.0,12,7004.0,4,7006.0,18,7010.0,4,7012.0,23,7016.0,4,7018.0,12,7004.0
SM409,,13:38:51.0#,7000.0,7070.0,6940.0,7646.0,6254.0,29616,217012,6996.0,28,6998.0,1,7000.0,61,7002.0,12,7004.0,6,7006.0,26,7010.0,4,7012.0,23,7016.0,4,7018.0,12,7004.0
SM409,,13:38:51.500#,7000.0,7070.0,6940.0,7646.0,6254.0,29616,217012,6996.0,28,6998.0,1,7000.0,61,7002.0,12,7004.0,10,7006.0,26,7010.0,4,7012.0,23,7016.0,4,7018.0,12,7004.0
SM409,,13:38:51.750#,7000.0,7070.0,6940.0,7646.0,6254.0,29616,217012,6996.0,28,6998.0,1,7000.0,61,7002.0,12,7004.0,10,7006.0,27,7010.0,4,7012.0,23,7016.0,4,7018.0,12,7004.0
SM409,,13:38:52.500#,7000.0,7070.0,6940.0,7646.0,6254.0,29620,217012,6996.0,28,6998.0,1,7000.0,61,7002.0,12,7004.0,6,7006.0,28,7010.0,4,7012.0,23,7016.0,4,7018.0,12,7004.0
SM409,,13:38:52.750#,7000.0,7070.0,6940.0,7646.0,6254.0,29620,217012,6996.0,28,6998.0,1,7000.0,61,7002.0,12,7004.0,6,7006.0,11,7010.0,4,7012.0,23,7016.0,4,7018.0,12,7004.0
SM409,,13:38:53.0#,7000.0,7070.0,6940.0,7646.0,6254.0,29626,217016,6994.0,21,6996.0,28,6998.0,1,7000.0,61,7002.0,12,7008.0,5,7010.0,4,7012.0,23,7016.0,4,7018.0,12,7004.0
SM409,,13:38:53.250#,7000.0,7070.0,6940.0,7646.0,6254.0,29626,217016,6994.0,21,6996.0,28,6998.0,1,7000.0,61,7002.0,12,7004.0,20,7010.0,4,7012.0,23,7016.0,4,7018.0,12,7004.0
SM409,,13:38:54.0#,7000.0,7070.0,6940.0,7646.0,6254.0,29626,217016,6994.0,21,6996.0,28,6998.0,1,7000.0,61,7002.0,18,7004.0,24,7010.0,4,7012.0,23,7016.0,4,7018.0,12,7004.0
SM409,,13:38:55.500#,7000.0,7070.0,6940.0,7646.0,6254.0,29627,217016,6994.0,21,6996.0,28,6998.0,1,7000.0,61,7002.0,17,7004.0,24,7010.0,4,7012.0,23,7016.0,4,7018.0,12,7002.0
SM409,,13:38:59.750#,7000.0,7070.0,6940.0,7646.0,6254.0,29651,216996,6996.0,28,6998.0,1,7000.0,61,7002.0,17,7004.0,11,7010.0,4,7012.0,23,7016.0,4,7018.0,12,7020.0,4,7004.0
SM409,,13:39:00.0#,7000.0,7070.0,6940.0,7646.0,6254.0,29651,216996,6996.0,28,6998.0,1,7000.0,61,7002.0,11,7004.0,11,7012.0,49,7016.0,4,7018.0,12,7020.0,4,7022.0,1,7004.0
SM409,,13:39:00.250#,7000.0,7070.0,6940.0,7646.0,6254.0,29651,216996,6998.0,1,7000.0,61,7002.0,11,7004.0,12,7006.0,5,7012.0,53,7016.0,4,7018.0,12,7020.0,4,7022.0,1,7004.0
SM409,,13:39:00.500#,7000.0,7070.0,6940.0,7646.0,6254.0,29651,216996,6998.0,1,7000.0,61,7002.0,11,7004.0,12,7006.0,6,7012.0,31,7016.0,4,7018.0,12,7020.0,4,7022.0,1,7004.0
SM409,,13:39:00.750#,7000.0,7070.0,6940.0,7646.0,6254.0,29651,216996,6998.0,1,7000.0,61,7002.0,11,7004.0,12,7006.0,6,7012.0,23,7016.0,4,7018.0,12,7020.0,4,7022.0,1,7004.0
SM409,,13:39:01.0#,7000.0,7070.0,6940.0,7646.0,6254.0,29651,216996,7000.0,61,7002.0,11,7004.0,12,7006.0,6,7008.0,4,7012.0,23,7016.0,4,7018.0,12,7020.0,4,7022.0,1,7004.0
SM409,,13:39:01.250#,7000.0,7070.0,6940.0,7646.0,6254.0,29651,216996,7000.0,61,7002.0,11,7004.0,12,7006.0,1,7008.0,5,7012.0,23,7016.0,4,7018.0,12,7020.0,4,7022.0,1,7004.0
SM409,,13:39:02.250#,7000.0,7070.0,6940.0,7646.0,6254.0,29651,216996,7000.0,61,7002.0,11,7004.0,12,7006.0,1,7008.0,5,7010.0,6,7012.0,23,7016.0,4,7018.0,12,7020.0,4,7004.0
SM409,,13:39:03.750#,7000.0,7070.0,6940.0,7646.0,6254.0,29651,216996,7000.0,61,7002.0,11,7004.0,12,7006.0,1,7008.0,5,7010.0,4,7012.0,23,7016.0,4,7018.0,12,7020.0,4,7004.0
SM409,,13:39:04.0#,7000.0,7070.0,6940.0,7646.0,6254.0,29651,216996,7000.0,61,7002.0,11,7004.0,12,7006.0,1,7008.0,5,7010.0,3,7012.0,23,7016.0,4,7018.0,12,7020.0,4,7004.0
SM409,,13:39:05.500#,7000.0,7070.0,6940.0,7646.0,6254.0,29651,216996,7000.0,61,7002.0,11,7004.0,12,7006.0,1,7008.0,5,7012.0,23,7016.0,4,7018.0,12,7020.0,4,7022.0,1,7004.0
SM409,,13:39:06.500#,7000.0,7070.0,6940.0,7646.0,6254.0,29651,216996,7000.0,61,7002.0,11,7004.0,12,7006.0,1,7008.0,5,7012.0,29,7016.0,4,7018.0,12,7020.0,4,7022.0,1,7004.0
SM409,,13:39:07.500#,7000.0,7070.0,6940.0,7646.0,6254.0,29651,216996,7000.0,61,7002.0,11,7004.0,12,7006.0,1,7008.0,5,7012.0,23,7016.0,4,7018.0,12,7020.0,4,7022.0,1,7004.0
SM409,,13:39:08.750#,7000.0,7070.0,6940.0,7646.0,6254.0,29651,216996,7000.0,61,7002.0,11,7004.0,12,7006.0,1,7008.0,5,7012.0,24,7016.0,4,7018.0,12,7020.0,4,7022.0,1,7004.0
SM409,,13:39:10.250#,7000.0,7070.0,6940.0,7646.0,6254.0,29651,216996,7000.0,61,7002.0,11,7004.0,12,7006.0,1,7008.0,5,7012.0,23,7016.0,4,7018.0,12,7020.0,4,7022.0,1,7004.0
SM409,,13:39:11.250#,7000.0,7070.0,6940.0,7646.0,6254.0,29651,216996,7000.0,61,7002.0,11,7004.0,12,7006.0,1,7008.0,5,7012.0,49,7016.0,4,7018.0,12,7020.0,4,7022.0,1,7004.0
SM409,,13:39:11.500#,7000.0,7070.0,6940.0,7646.0,6254.0,29656,216991,6998.0,1,7000.0,61,7002.0,11,7004.0,12,7006.0,1,7010.0,13,7012.0,23,7016.0,4,7018.0,12,7020.0,4,7008.0
SM409,,13:39:11.750#,7000.0,7070.0,6940.0,7646.0,6254.0,29657,216990,6996.0,28,6998.0,1,7000.0,61,7002.0,11,7004.0,12,7008.0,4,7010.0,13,7012.0,23,7016.0,4,7018.0,12,7006.0
SM409,,13:39:12.250#,7000.0,7070.0,6940.0,7646.0,6254.0,29657,216990,6996.0,28,6998.0,1,7000.0,61,7002.0,11,7004.0,12,7008.0,34,7010.0,13,7012.0,23,7016.0,4,7018.0,12,7006.0
SM409,,13:39:12.500#,7000.0,7070.0,6940.0,7646.0,6254.0,29657,216990,6996.0,28,6998.0,1,7000.0,61,7002.0,11,7004.0,12,7006.0,3,7008.0,4,7012.0,23,7016.0,4,7018.0,12,7006.0
SM409,,13:39:12.750#,7000.0,7070.0,6940.0,7646.0,6254.0,29661,216990,6996.0,28,6998.0,1,7000.0,61,7002.0,11,7004.0,8,7006.0,2,7008.0,4,7012.0,23,7016.0,4,7018.0,12,7004.0
SM409,,13:39:13.0#,7000.0,7070.0,6940.0,7646.0,6254.0,29661,216990,6996.0,28,6998.0,1,7000.0,61,7002.0,11,7004.0,8,7008.0,9,7012.0,23,7016.0,4,7018.0,12,7020.0,4,7004.0
SM409,,13:39:13.250#,7000.0,7070.0,6940.0,7646.0,6254.0,29661,216990,6996.0,28,6998.0,1,7000.0,61,7002.0,11,7004.0,8,7006.0,8,7008.0,4,7012.0,23,7016.0,4,7018.0,12,7004.0
SM409,,13:39:13.500#,7000.0,7070.0,6940.0,7646.0,6254.0,29661,216990,6996.0,28,6998.0,1,7000.0,61,7002.0,11,7004.0,8,7006.0,8,7008.0,4,7012.0,23,7016.0,4,7018.0,12,7004.0
SM409,,13:39:16.750#,7000.0,7070.0,6940.0,7646.0,6254.0,29661,216990,6996.0,28,6998.0,1,7000.0,57,7002.0,11,7004.0,8,7006.0,8,7008.0,4,7012.0,23,7016.0,4,7018.0,12,7004.0
SM409,,13:39:17.0#,7000.0,7070.0,6940.0,7646.0,6254.0,29661,216990,6996.0,28,6998.0,1,7000.0,57,7002.0,11,7004.0,8,7008.0,30,7012.0,23,7016.0,4,7018.0,12,7020.0,4,7004.0
SM409,,13:39:17.500#,7000.0,7070.0,6940.0,7646.0,6254.0,29661,216990,6996.0,28,6998.0,1,7000.0,57,7002.0,11,7004.0,8,7008.0,21,7012.0,23,7016.0,4,7018.0,12,7020.0,4,7004.0
SM409,,13:39:18.0#,7000.0,7070.0,6940.0,7646.0,6254.0,29661,216990,6996.0,28,6998.0,1,7000.0,57,7002.0,11,7004.0,8,7008.0,20,7012.0,23,7016.0,4,7018.0,12,7020.0,4,7004.0
SM409,,13:39:18.250#,7000.0,7070.0,6940.0,7646.0,6254.0,29661,216990,6996.0,28,6998.0,1,7000.0,57,7002.0,11,7004.0,8,7008.0,17,7012.0,23,7016.0,4,7018.0,12,7020.0,4,7004.0
SM409,,13:39:18.750#,7000.0,7070.0,6940.0,7646.0,6254.0,29661,216990,6996.0,28,6998.0,1,7000.0,57,7002.0,11,7004.0,8,7008.0,19,7012.0,23,7016.0,4,7018.0,12,7020.0,4,7004.0
SM409,,13:39:19.500#,7000.0,7070.0,6940.0,7646.0,6254.0,29661,216990,6996.0,28,6998.0,1,7000.0,57,7002.0,11,7004.0,18,7008.0,19,7012.0,23,7016.0,4,7018.0,12,7020.0,4,7004.0
SM409,,13:39:20.0#,7000.0,7070.0,6940.0,7646.0,6254.0,29661,216990,6996.0,28,6998.0,1,7000.0,57,7002.0,11,7004.0,18,7006.0,1,7008.0,4,7012.0,23,7016.0,4,7018.0,12,7004.0
SM409,,13:39:20.500#,7000.0,7070.0,6940.0,7646.0,6254.0,29662,216989,6996.0,28,6998.0,1,7000.0,57,7002.0,11,7004.0,17,7006.0,1,7008.0,4,7012.0,23,7016.0,4,7018.0,12,7004.0
SM409,,13:39:20.750#,7000.0,7070.0,6940.0,7646.0,6254.0,29679,216989,6994.0,21,6996.0,28,6998.0,1,7000.0,57,7002.0,11,7006.0,2,7008.0,4,7012.0,23,7016.0,4,7018.0,12,7004.0
SM409,,13:39:21.0#,7000.0,7070.0,6940.0,7646.0,6254.0,29679,216989,6996.0,28,6998.0,1,7000.0,57,7002.0,11,7004.0,4,7006.0,4,7008.0,4,7012.0,23,7016.0,4,7018.0,12,7004.0
SM409,,13:39:21.750#,7000.0,7070.0,6940.0,7646.0,6254.0,29683,216993,6994.0,21,6996.0,28,6998.0,1,7000.0,57,7002.0,11,7006.0,4,7008.0,4,7012.0,23,7016.0,4,7018.0,12,7004.0
SM409,,13:39:22.0#,7000.0,7070.0,6940.0,7646.0,6254.0,29687,216993,6994.0,21,6996.0,28,6998.0,1,7000.0,57,7002.0,7,7006.0,3,7008.0,4,7012.0,23,7016.0,4,7018.0,12,7002.0
SM409,,13:39:22.250#,7000.0,7070.0,6940.0,7646.0,6254.0,29687,216993,6994.0,21,6996.0,28,6998.0,1,7000.0,57,7002.0,7,7006.0,6,7008.0,4,7012.0,23,7016.0,4,7018.0,12,7002.0
SM409,,13:39:24.0#,7000.0,7070.0,6940.0,7646.0,6254.0,29687,216993,6994.0,21,6996.0,28,6998.0,1,7000.0,57,7002.0,7,7006.0,4,7008.0,4,7012.0,23,7016.0,4,7018.0,12,7002.0
SM409,,13:39:24.250#,7000.0,7070.0,6940.0,7646.0,6254.0,29687,216993,6994.0,21,6996.0,28,6998.0,1,7000.0,57,7002.0,7,7006.0,4,7008.0,4,7012.0,23,7016.0,4,7018.0,12,7002.0
SM409,,13:39:24.750#,7000.0,7070.0,6940.0,7646.0,6254.0,29687,216993,6994.0,21,6996.0,28,6998.0,1,7000.0,57,7002.0,7,7006.0,9,7008.0,4,7012.0,23,7016.0,4,7018.0,12,7002.0
SM409,,13:39:25.750#,7000.0,7070.0,6940.0,7646.0,6254.0,29687,216993,6994.0,21,6996.0,28,6998.0,1,7000.0,57,7002.0,11,7006.0,9,7008.0,4,7012.0,23,7016.0,4,7018.0,12,7002.0
SM409,,13:39:26.750#,7000.0,7070.0,6940.0,7646.0,6254.0,29691,216993,6994.0,21,6996.0,28,6998.0,1,7000.0,57,7002.0,7,7006.0,9,7008.0,4,7012.0,23,7016.0,4,7018.0,12,7002.0
SM409,,13:39:27.750#,7000.0,7070.0,6940.0,7646.0,6254.0,29691,216993,6994.0,21,6996.0,28,6998.0,1,7000.0,57,7002.0,19,7006.0,5,7008.0,4,7012.0,23,7016.0,4,7018.0,12,7002.0
SM409,,13:39:28.500#,7000.0,7070.0,6940.0,7646.0,6254.0,29691,216993,6996.0,28,6998.0,1,7000.0,57,7002.0,19,7004.0,7,7006.0,5,7008.0,4,7012.0,23,7016.0,4,7018.0,12,7002.0
SM409,,13:39:28.750#,7000.0,7070.0,6940.0,7646.0,6254.0,29691,216993,6994.0,21,6996.0,28,6998.0,1,7000.0,57,7002.0,19,7006.0,5,7008.0,4,7012.0,23,7016.0,4,7018.0,12,7002.0
SM409,,13:39:29.0#,7000.0,7070.0,6940.0,7646.0,6254.0,29691,216993,6996.0,28,6998.0,1,7000.0,57,7002.0,19,7004.0,7,7006.0,5,7008.0,4,7012.0,23,7016.0,4,7018.0,12,7002.0
SM409,,13:39:29.250#,7000.0,7070.0,6940.0,7646.0,6254.0,29691,216993,6994.0,21,6996.0,28,6998.0,1,7000.0,57,7002.0,19,7006.0,5,7008.0,4,7012.0,23,7016.0,4,7018.0,12,7002.0
SM409,,13:39:32.500#,7000.0,7070.0,6940.0,7646.0,6254.0,29691,216993,6994.0,21,6996.0,28,6998.0,1,7000.0,57,7002.0,19,7004.0,5,7008.0,4,7012.0,23,7016.0,4,7018.0,12,7002.0
SM409,,13:39:33.0#,7000.0,7070.0,6940.0,7646.0,6254.0,29691,216993,6994.0,21,6996.0,28,6998.0,1,7000.0,57,7002.0,19,7004.0,3,7008.0,4,7012.0,23,7016.0,4,7018.0,12,7002.0
SM409,,13:39:33.500#,7000.0,7070.0,6940.0,7646.0,6254.0,29691,216993,6994.0,21,6996.0,28,6998.0,1,7000.0,57,7002.0,19,7006.0,5,7008.0,4,7012.0,23,7016.0,4,7018.0,12,7002.0
SM409,,13:39:34.500#,7000.0,7070.0,6940.0,7646.0,6254.0,29710,216987,6990.0,1,6994.0,21,6996.0,28,6998.0,1,7000.0,58,7006.0,2,7008.0,4,7012.0,23,7016.0,4,7018.0,12,7002.0
SM409,,13:39:35.0#,7000.0,7070.0,6940.0,7646.0,6254.0,29710,216987,6990.0,1,6994.0,21,6996.0,28,6998.0,1,7000.0,58,7004.0,1,7008.0,4,7012.0,23,7016.0,4,7018.0,12,7002.0
SM409,,13:39:35.250#,7000.0,7070.0,6940.0,7646.0,6254.0,29710,216987,6990.0,1,6994.0,21,6996.0,28,6998.0,1,7000.0,58,7006.0,2,7008.0,4,7012.0,23,7016.0,4,7018.0,12,7002.0
SM409,,13:39:35.500#,7000.0,7070.0,6940.0,7646.0,6254.0,29710,216987,6990.0,1,6994.0,21,6996.0,28,6998.0,1,7000.0,57,7002.0,2,7008.0,4,7012.0,23,7016.0,4,7018.0,12,7002.0
SM409,,13:39:35.750#,7000.0,7070.0,6940.0,7646.0,6254.0,29710,216987,6990.0,1,6994.0,21,6996.0,28,6998.0,1,7000.0,61,7008.0,10,7012.0,23,7016.0,4,7018.0,12,7020.0,4,7002.0
SM409,,13:39:36.0#,7000.0,7070.0,6940.0,7646.0,6254.0,29711,216987,6994.0,21,6996.0,28,6998.0,1,7000.0,61,7002.0,4,7008.0,15,7012.0,23,7016.0,4,7018.0,12,7020.0,4,7002.0
SM409,,13:39:36.250#,7000.0,7070.0,6940.0,7646.0,6254.0,29715,216991,6990.0,1,6994.0,21,6996.0,28,6998.0,1,7000.0,57,7002.0,2,7008.0,10,7012.0,23,7016.0,4,7018.0,12,7002.0
SM409,,13:39:38.500#,7000.0,7070.0,6940.0,7646.0,6254.0,29717,216993,6994.0,21,6996.0,28,6998.0,1,7000.0,57,7002.0,8,7004.0,4,7008.0,10,7012.0,23,7016.0,4,7018.0,12,7002.0
SM409,,13:39:39.250#,7000.0,7070.0,6940.0,7646.0,6254.0,29723,216995,6994.0,21,6996.0,28,6998.0,1,7000.0,57,7002.0,2,7004.0,3,7008.0,10,7012.0,23,7016.0,4,7018.0,12,7002.0
SM409,,13:39:39.500#,7000.0,7070.0,6940.0,7646.0,6254.0,29723,216995,6994.0,21,6996.0,28,6998.0,1,7000.0,57,7002.0,3,7004.0,3,7008.0,10,7012.0,23,7016.0,4,7018.0,12,7002.0
SM409,,13:39:40.0#,7000.0,7070.0,6940.0,7646.0,6254.0,29725,216997,6994.0,21,6996.0,28,6998.0,1,7000.0,57,7002.0,1,7004.0,1,7008.0,10,7012.0,23,7016.0,4,7018.0,12,7002.0
SM409,,13:39:40.250#,7000.0,7070.0,6940.0,7646.0,6254.0,29726,216997,6990.0,1,6994.0,21,6996.0,28,6998.0,1,7000.0,57,7004.0,4,7008.0,10,7012.0,23,7016.0,4,7018.0,12,7002.0
SM409,,13:39:41.0#,7000.0,7070.0,6940.0,7646.0,6254.0,29726,216997,6990.0,1,6994.0,21,6996.0,28,6998.0,1,7000.0,57,7006.0,8,7008.0,10,7012.0,23,7016.0,4,7018.0,12,7002.0
SM409,,13:39:41.750#,7000.0,7070.0,6940.0,7646.0,6254.0,29726,216997,6990.0,1,6994.0,21,6996.0,28,6998.0,1,7000.0,57,7006.0,4,7008.0,10,7012.0,23,7016.0,4,7018.0,12,7002.0
SM409,,13:39:42.0#,7000.0,7070.0,6940.0,7646.0,6254.0,29726,216997,6990.0,1,6994.0,21,6996.0,28,6998.0,1,7000.0,57,7008.0,12,7012.0,23,7016.0,4,7018.0,12,7020.0,4,7002.0
SM409,,13:39:42.250#,7000.0,7070.0,6940.0,7646.0,6254.0,29726,216997,6990.0,1,6994.0,21,6996.0,28,6998.0,1,7000.0,57,7008.0,14,7012.0,23,7016.0,4,7018.0,12,7020.0,4,7002.0
SM409,,13:39:42.500#,7000.0,7070.0,6940.0,7646.0,6254.0,29726,216997,6990.0,1,6994.0,21,6996.0,28,6998.0,1,7000.0,57,7008.0,18,7012.0,23,7016.0,4,7018.0,12,7020.0,4,7002.0
SM409,,13:39:43.250#,7000.0,7070.0,6940.0,7646.0,6254.0,29726,216997,6990.0,1,6994.0,21,6996.0,28,6998.0,1,7000.0,57,7008.0,14,7012.0,23,7016.0,4,7018.0,12,7020.0,4,7002.0
SM409,,13:39:45.0#,7000.0,7070.0,6940.0,7646.0,6254.0,29726,216997,6990.0,1,6994.0,21,6996.0,28,6998.0,1,7000.0,57,7008.0,14,7012.0,23,7016.0,4,7018.0,12,7020.0,4,7002.0
SM409,,13:39:45.250#,7000.0,7070.0,6940.0,7646.0,6254.0,29726,216997,6994.0,21,6996.0,28,6998.0,1,7000.0,57,7002.0,5,7008.0,14,7012.0,23,7016.0,4,7018.0,12,7020.0,4,7002.0
SM409,,13:39:46.750#,7000.0,7070.0,6940.0,7646.0,6254.0,29726,216997,6994.0,21,6996.0,28,6998.0,1,7000.0,57,7002.0,5,7008.0,15,7012.0,23,7016.0,4,7018.0,12,7020.0,4,7002.0
SM409,,13:39:47.0#,7000.0,7070.0,6940.0,7646.0,6254.0,29726,216997,6994.0,21,6996.0,28,6998.0,1,7000.0,57,7002.0,5,7004.0,3,7008.0,10,7012.0,23,7016.0,4,7018.0,12,7002.0
SM409,,13:39:47.250#,7000.0,7070.0,6940.0,7646.0,6254.0,29726,216997,6994.0,21,6996.0,28,6998.0,1,7000.0,57,7002.0,5,7008.0,18,7012.0,23,7016.0,4,7018.0,12,7020.0,4,7002.0
SM409,,13:39:47.500#,7000.0,7070.0,6940.0,7646.0,6254.0,29726,216997,6994.0,21,6996.0,28,6998.0,1,7000.0,57,7002.0,5,7008.0,14,7012.0,23,7016.0,4,7018.0,12,7020.0,4,7002.0
SM409,,13:39:47.750#,7000.0,7070.0,6940.0,7646.0,6254.0,29726,216997,6994.0,21,6996.0,28,6998.0,1,7000.0,57,7002.0,5,7008.0,10,7012.0,23,7016.0,4,7018.0,12,7020.0,4,7002.0
SM409,,13:39:48.500#,7000.0,7070.0,6940.0,7646.0,6254.0,29726,216997,6994.0,21,6996.0,28,6998.0,1,7000.0,57,7002.0,5,7008.0,4,7012.0,23,7016.0,4,7018.0,12,7020.0,4,7002.0
SM409,,13:39:49.0#,7000.0,7070.0,6940.0,7646.0,6254.0,29726,216997,6996.0,28,6998.0,1,7000.0,57,7002.0,5,7004.0,7,7008.0,4,7012.0,23,7016.0,4,7018.0,12,7020.0,4,7002.0
SM409,,13:39:49.250#,7000.0,7070.0,6940.0,7646.0,6254.0,29726,216997,6996.0,28,6998.0,1,7000.0,57,7002.0,5,7004.0,7,7010.0,4,7012.0,23,7016.0,4,7018.0,12,7020.0,4,7002.0
SM409,,13:39:49.500#,7000.0,7070.0,6940.0,7646.0,6254.0,29726,216997,6996.0,28,6998.0,1,7000.0,57,7002.0,5,7004.0,7,7010.0,4,7012.0,2,7016.0,4,7018.0,12,7020.0,4,7002.0
SM409,,13:39:49.750#,7000.0,7070.0,6940.0,7646.0,6254.0,29726,216997,6996.0,28,6998.0,1,7000.0,57,7002.0,5,7004.0,7,7008.0,21,7012.0,2,7016.0,4,7018.0,12,7020.0,4,7002.0
SM409,,13:39:51.250#,7000.0,7070.0,6940.0,7646.0,6254.0,29726,216997,6996.0,28,6998.0,1,7000.0,57,7002.0,9,7004.0,7,7008.0,21,7012.0,2,7016.0,4,7018.0,12,7020.0,4,7002.0
SM409,,13:39:55.0#,7000.0,7070.0,6940.0,7646.0,6254.0,29726,216997,6996.0,28,6998.0,1,7000.0,57,7002.0,9,7004.0,7,7008.0,21,7012.0,2,7016.0,4,7018.0,12,7020.0,4,7002.0
SM409,,13:39:55.250#,7000.0,7070.0,6940.0,7646.0,6254.0,29726,216997,6996.0,28,6998.0,1,7000.0,57,7002.0,9,7004.0,7,7008.0,21,7012.0,2,7016.0,4,7018.0,12,7020.0,4,7002.0
SM409,,13:39:56.0#,7000.0,7070.0,6940.0,7646.0,6254.0,29726,216997,6996.0,28,6998.0,1,7000.0,57,7002.0,9,7004.0,7,7008.0,21,7012.0,2,7016.0,4,7018.0,12,7020.0,4,7002.0
SM409,,13:39:58.0#,7000.0,7070.0,6940.0,7646.0,6254.0,29726,216997,6996.0,28,6998.0,1,7000.0,57,7002.0,9,7004.0,7,7006.0,4,7008.0,21,7012.0,2,7016.0,4,7018.0,12,7002.0
SM409,,13:39:58.250#,7000.0,7070.0,6940.0,7646.0,6254.0,29726,216997,6994.0,21,6996.0,28,6998.0,1,7000.0,57,7002.0,9,7006.0,4,7008.0,21,7012.0,2,7016.0,4,7018.0,12,7002.0
SM409,,13:39:58.500#,7000.0,7070.0,6940.0,7646.0,6254.0,29726,216997,6996.0,28,6998.0,1,7000.0,57,7002.0,9,7004.0,7,7006.0,4,7008.0,21,7012.0,2,7016.0,4,7018.0,12,7002.0
SM409,,13:40:00.0#,7000.0,7070.0,6940.0,7646.0,6254.0,29726,216997,6994.0,21,6996.0,28,6998.0,1,7000.0,57,7002.0,9,7006.0,4,7008.0,21,7012.0,2,7016.0,4,7018.0,12,7002.0
SM409,,13:40:00.750#,7000.0,7070.0,6940.0,7646.0,6254.0,29726,216997,6996.0,28,6998.0,1,7000.0,57,7002.0,9,7004.0,7,7006.0,4,7008.0,21,7012.0,2,7016.0,4,7018.0,12,7002.0
SM409,,13:40:01.250#,7000.0,7070.0,6940.0,7646.0,6254.0,29726,216997,6994.0,21,6996.0,28,6998.0,1,7000.0,57,7002.0,9,7006.0,4,7008.0,21,7012.0,2,7016.0,4,7018.0,12,7002.0
SM409,,13:40:01.500#,7000.0,7070.0,6940.0,7646.0,6254.0,29726,216997,6994.0,21,6996.0,28,6998.0,1,7000.0,57,7002.0,10,7006.0,4,7008.0,21,7012.0,2,7016.0,4,7018.0,12,7002.0
SM409,,13:40:02.250#,7000.0,7070.0,6940.0,7646.0,6254.0,29726,216997,6996.0,28,6998.0,1,7000.0,57,7002.0,11,7004.0,7,7006.0,4,7008.0,21,7012.0,2,7016.0,4,7018.0,12,7002.0
SM409,,13:40:02.500#,7000.0,7070.0,6940.0,7646.0,6254.0,29726,216997,6996.0,28,6998.0,1,7000.0,57,7002.0,10,7004.0,2,7006.0,4,7008.0,21,7012.0,2,7016.0,4,7018.0,12,7002.0
SM409,,13:40:02.750#,7000.0,7070.0,6940.0,7646.0,6254.0,29726,216997,6996.0,28,6998.0,1,7000.0,57,7002.0,10,7004.0,3,7006.0,4,7008.0,21,7012.0,2,7016.0,4,7018.0,12,7002.0
SM409,,13:40:09.750#,7000.0,7070.0,6940.0,7646.0,6254.0,29729,216997,6994.0,21,6996.0,28,6998.0,1,7000.0,57,7002.0,10,7004.0,1,7006.0,4,7008.0,21,7012.0,2,7016.0,4,7004.0
SM409,,13:40:17.750#,7000.0,7070.0,6940.0,7646.0,6254.0,29730,216997,6994.0,21,6996.0,28,6998.0,1,7000.0,57,7002.0,10,7006.0,4,7008.0,21,7012.0,2,7016.0,4,7018.0,12,7004.0
SM409,,13:40:19.250#,7000.0,7070.0,6940.0,7646.0,6254.0,29730,216997,6994.0,21,6996.0,28,6998.0,1,7000.0,57,7002.0,10,7006.0,4,7008.0,21,7012.0,2,7016.0,4,7018.0,12,7004.0
SM409,,13:40:21.500#,7000.0,7070.0,6940.0,7646.0,6254.0,29731,216996,6994.0,21,6996.0,28,6998.0,1,7000.0,57,7002.0,10,7006.0,3,7008.0,21,7012.0,2,7016.0,4,7018.0,12,7006.0
SM409,,13:40:21.750#,7000.0,7070.0,6940.0,7646.0,6254.0,29734,216993,6994.0,21,6996.0,28,6998.0,1,7000.0,57,7002.0,10,7008.0,21,7012.0,2,7016.0,4,7018.0,12,7020.0,4,7006.0
SM409,,13:40:22.0#,7000.0,7070.0,6940.0,7646.0,6254.0,29734,216993,6996.0,28,6998.0,1,7000.0,57,7002.0,10,7004.0,4,7008.0,21,7012.0,2,7016.0,4,7018.0,12,7020.0,4,7006.0
SM409,,13:40:23.500#,7000.0,7070.0,6940.0,7646.0,6254.0,29742,216993,6996.0,28,6998.0,1,7000.0,57,7002.0,10,7004.0,1,7008.0,21,7012.0,2,7016.0,4,7018.0,12,7020.0,4,7004.0
SM409,,13:40:25.500#,7000.0,7070.0,6940.0,7646.0,6254.0,29742,216993,6996.0,28,6998.0,1,7000.0,57,7002.0,10,7004.0,1,7008.0,21,7012.0,2,7016.0,4,7018.0,12,7020.0,4,7004.0
SM409,,13:40:27.0#,7000.0,7070.0,6940.0,7646.0,6254.0,29742,216993,6996.0,28,6998.0,1,7000.0,57,7002.0,10,7004.0,1,7008.0,21,7012.0,2,7016.0,4,7018.0,12,7020.0,4,7004.0
SM409,,13:40:36.500#,7000.0,7070.0,6940.0,7646.0,6254.0,29742,216993,6996.0,28,6998.0,1,7000.0,57,7002.0,10,7004.0,22,7008.0,21,7012.0,2,7016.0,4,7018.0,12,7020.0,4,7004.0
SM409,,13:40:39.250#,7000.0,7070.0,6940.0,7646.0,6254.0,29742,216993,6996.0,28,6998.0,1,7000.0,57,7002.0,16,7004.0,22,7008.0,21,7012.0,2,7016.0,4,7018.0,12,7020.0,4,7004.0
SM409,,13:40:41.0#,7000.0,7070.0,6940.0,7646.0,6254.0,29742,216993,6998.0,1,7000.0,57,7002.0,16,7004.0,22,7006.0,7,7008.0,21,7012.0,2,7016.0,4,7018.0,12,7020.0,4,7004.0
SM409,,13:40:41.250#,7000.0,7070.0,6940.0,7646.0,6254.0,29742,216993,6996.0,28,6998.0,1,7000.0,57,7002.0,16,7004.0,22,7008.0,21,7012.0,2,7016.0,4,7018.0,12,7020.0,4,7004.0
SM409,,13:40:41.500#,7000.0,7070.0,6940.0,7646.0,6254.0,29742,216993,6998.0,1,7000.0,57,7002.0,16,7004.0,22,7006.0,7,7008.0,21,7012.0,2,7016.0,4,7018.0,12,7020.0,4,7004.0
SM409,,13:40:42.0#,7000.0,7070.0,6940.0,7646.0,6254.0,29742,216993,6996.0,28,6998.0,1,7000.0,57,7002.0,16,7004.0,22,7008.0,21,7012.0,2,7016.0,4,7018.0,12,7020.0,4,7004.0
SM409,,13:40:45.0#,7000.0,7070.0,6940.0,7646.0,6254.0,29742,216993,6998.0,1,7000.0,57,7002.0,16,7004.0,22,7006.0,7,7008.0,21,7012.0,2,7016.0,4,7018.0,12,7020.0,4,7004.0
SM409,,13:40:45.250#,7000.0,7070.0,6940.0,7646.0,6254.0,29742,216993,6996.0,28,6998.0,1,7000.0,57,7002.0,16,7004.0,22,7008.0,21,7012.0,2,7016.0,4,7018.0,12,7020.0,4,7004.0
SM409,,13:40:48.0#,7000.0,7070.0,6940.0,7646.0,6254.0,29742,216993,6998.0,1,7000.0,57,7002.0,16,7004.0,22,7006.0,7,7008.0,21,7012.0,2,7016.0,4,7018.0,12,7020.0,4,7004.0
SM409,,13:40:48.250#,7000.0,7070.0,6940.0,7646.0,6254.0,29742,216993,6996.0,28,6998.0,1,7000.0,57,7002.0,16,7004.0,22,7008.0,21,7012.0,2,7016.0,4,7018.0,12,7020.0,4,7004.0
SM409,,13:40:48.500#,7000.0,7070.0,6940.0,7646.0,6254.0,29742,216993,6998.0,1,7000.0,57,7002.0,16,7004.0,22,7006.0,7,7008.0,21,7012.0,2,7016.0,4,7018.0,12,7020.0,4,7004.0
SM409,,13:40:49.0#,7000.0,7070.0,6940.0,7646.0,6254.0,29742,216993,6996.0,28,6998.0,1,7000.0,57,7002.0,16,7004.0,22,7008.0,21,7012.0,2,7016.0,4,7018.0,12,7020.0,4,7004.0
SM409,,13:40:49.250#,7000.0,7070.0,6940.0,7646.0,6254.0,29742,216993,6998.0,1,7000.0,57,7002.0,16,7004.0,22,7006.0,7,7008.0,21,7012.0,2,7016.0,4,7018.0,12,7020.0,4,7004.0
SM409,,13:40:49.750#,7000.0,7070.0,6940.0,7646.0,6254.0,29743,216993,6996.0,28,6998.0,1,7000.0,57,7002.0,16,7004.0,22,7008.0,20,7012.0,2,7016.0,4,7018.0,12,7020.0,4,7008.0
SM409,,13:40:50.250#,7000.0,7070.0,6940.0,7646.0,6254.0,29743,216993,6996.0,28,6998.0,1,7000.0,57,7002.0,16,7004.0,22,7008.0,20,7012.0,2,7016.0,4,7018.0,12,7020.0,4,7008.0
SM409,,13:40:50.750#,7000.0,7070.0,6940.0,7646.0,6254.0,29743,216993,6996.0,28,6998.0,1,7000.0,57,7002.0,16,7004.0,22,7008.0,20,7012.0,2,7016.0,4,7018.0,12,7020.0,4,7008.0
SM409,,13:40:52.250#,7000.0,7070.0,6940.0,7646.0,6254.0,29763,217013,6996.0,28,6998.0,1,7000.0,57,7002.0,16,7004.0,22,7012.0,6,7016.0,4,7018.0,12,7020.0,4,7022.0,1,7008.0
SM409,,13:40:52.500#,7000.0,7070.0,6940.0,7646.0,6254.0,29763,217013,6998.0,1,7000.0,57,7002.0,16,7004.0,22,7006.0,7,7012.0,6,7016.0,4,7018.0,12,7020.0,4,7022.0,1,7008.0
SM409,,13:40:52.750#,7000.0,7070.0,6940.0,7646.0,6254.0,29763,217013,6998.0,1,7000.0,57,7002.0,16,7004.0,22,7006.0,8,7012.0,6,7016.0,4,7018.0,12,7020.0,4,7022.0,1,7008.0
SM409,,13:40:53.250#,7000.0,7070.0,6940.0,7646.0,6254.0,29763,217013,6998.0,1,7000.0,57,7002.0,16,7004.0,22,7006.0,8,7012.0,5,7016.0,4,7018.0,12,7020.0,4,7022.0,1,7008.0
SM409,,13:40:53.500#,7000.0,7070.0,6940.0,7646.0,6254.0,29763,217013,6998.0,1,7000.0,57,7002.0,16,7004.0,22,7006.0,10,7012.0,5,7016.0,4,7018.0,12,7020.0,4,7022.0,1,7008.0
SM409,,13:40:53.750#,7000.0,7070.0,6940.0,7646.0,6254.0,29763,217013,6998.0,1,7000.0,57,7002.0,16,7004.0,22,7006.0,10,7012.0,4,7016.0,4,7018.0,12,7020.0,4,7022.0,1,7008.0
SM409,,13:40:54.250#,7000.0,7070.0,6940.0,7646.0,6254.0,29763,217013,6998.0,1,7000.0,57,7002.0,16,7004.0,22,7006.0,10,7012.0,6,7016.0,4,7018.0,12,7020.0,4,7022.0,1,7008.0
SM409,,13:40:55.750#,7000.0,7070.0,6940.0,7646.0,6254.0,29763,217013,6998.0,1,7000.0,57,7002.0,16,7004.0,22,7006.0,10,7012.0,2,7016.0,4,7018.0,12,7020.0,4,7022.0,1,7008.0
SM409,,13:40:57.0#,7000.0,7070.0,6940.0,7646.0,6254.0,29765,217013,7000.0,57,7002.0,16,7004.0,22,7006.0,10,7012.0,8,7014.0,4,7016.0,4,7018.0,12,7020.0,4,7022.0,1,7012.0
SM409,,13:40:57.250#,7000.0,7070.0,6940.0,7646.0,6254.0,29765,217013,7000.0,57,7002.0,16,7004.0,30,7006.0,10,7012.0,9,7014.0,16,7016.0,4,7018.0,12,7020.0,4,7022.0,1,7012.0
SM409,,13:40:57.500#,7000.0,7070.0,6940.0,7646.0,6254.0,29765,217013,7000.0,57,7002.0,16,7004.0,30,7006.0,10,7012.0,9,7014.0,16,7016.0,4,7018.0,12,7020.0,4,7022.0,1,7012.0
SM409,,13:40:57.750#,7000.0,7070.0,6940.0,7646.0,6254.0,29765,217013,7000.0,57,7002.0,16,7004.0,30,7006.0,10,7012.0,9,7014.0,12,7016.0,4,7018.0,12,7020.0,4,7022.0,1,7012.0
SM409,,13:40:58.0#,7000.0,7070.0,6940.0,7646.0,6254.0,29766,217013,7000.0,57,7002.0,16,7004.0,30,7006.0,10,7012.0,9,7014.0,11,7016.0,4,7018.0,12,7020.0,4,7022.0,1,7014.0
SM409,,13:40:58.250#,7000.0,7070.0,6940.0,7646.0,6254.0,29775,217013,6998.0,1,7000.0,57,7002.0,16,7004.0,30,7006.0,10,7012.0,7,7014.0,11,7016.0,4,7018.0,12,7020.0,4,7012.0
SM409,,13:40:58.500#,7000.0,7070.0,6940.0,7646.0,6254.0,29775,217013,6998.0,1,7000.0,57,7002.0,16,7004.0,30,7006.0,10,7012.0,7,7014.0,53,7016.0,4,7018.0,12,7020.0,4,7012.0
SM409,,13:40:58.750#,7000.0,7070.0,6940.0,7646.0,6254.0,29775,217013,6998.0,1,7000.0,57,7002.0,16,7004.0,30,7006.0,11,7012.0,11,7014.0,53,7016.0,4,7018.0,12,7020.0,4,7012.0
SM409,,13:40:59.0#,7000.0,7070.0,6940.0,7646.0,6254.0,29775,217013,6998.0,1,7000.0,57,7002.0,16,7004.0,30,7006.0,4,7012.0,11,7014.0,53,7016.0,4,7018.0,12,7020.0,4,7012.0
SM409,,13:40:59.250#,7000.0,7070.0,6940.0,7646.0,6254.0,29775,217013,6998.0,1,7000.0,57,7002.0,16,7004.0,30,7006.0,4,7010.0,4,7012.0,7,7014.0,53,7016.0,4,7018.0,12,7012.0
SM409,,13:41:00.750#,7000.0,7070.0,6940.0,7646.0,6254.0,29777,217011,6998.0,1,7000.0,57,7002.0,16,7004.0,30,7006.0,4,7010.0,2,7012.0,7,7014.0,53,7016.0,4,7018.0,12,7010.0
SM409,,13:41:03.0#,7000.0,7070.0,6940.0,7646.0,6254.0,29777,217011,6998.0,1,7000.0,57,7002.0,16,7004.0,22,7006.0,4,7010.0,2,7012.0,7,7014.0,53,7016.0,4,7018.0,12,7010.0
SM409,,13:41:03.250#,7000.0,7070.0,6940.0,7646.0,6254.0,29781,217011,6996.0,28,6998.0,1,7000.0,57,7002.0,16,7004.0,22,7010.0,2,7012.0,7,7014.0,53,7016.0,4,7018.0,12,7006.0
SM409,,13:41:09.0#,7000.0,7070.0,6940.0,7646.0,6254.0,29781,217011,6996.0,28,6998.0,1,7000.0,57,7002.0,16,7004.0,22,7010.0,2,7014.0,53,7016.0,4,7018.0,12,7020.0,124,7006.0
SM409,,13:41:10.500#,7000.0,7070.0,6940.0,7646.0,6254.0,29790,217019,6996.0,28,6998.0,1,7000.0,57,7002.0,17,7004.0,13,7010.0,6,7016.0,4,7018.0,12,7020.0,124,7022.0,1,7004.0
SM409,,13:41:15.500#,7000.0,7070.0,6940.0,7646.0,6254.0,29803,217032,6994.0,21,6996.0,28,6998.0,1,7000.0,57,7002.0,22,7008.0,4,7010.0,2,7016.0,4,7018.0,12,7020.0,124,7004.0
SM409,,13:41:15.750#,7000.0,7070.0,6940.0,7646.0,6254.0,29803,217032,6994.0,21,6996.0,28,6998.0,1,7000.0,56,7002.0,22,7008.0,4,7010.0,2,7016.0,4,7018.0,12,7020.0,124,7004.0
SM409,,13:41:21.500#,7000.0,7070.0,6940.0,7646.0,6254.0,29805,217032,6994.0,21,6996.0,28,6998.0,1,7000.0,56,7002.0,31,7008.0,4,7010.0,2,7016.0,4,7018.0,12,7020.0,124,7002.0
SM409,,13:41:21.750#,7000.0,7070.0,6940.0,7646.0,6254.0,29805,217032,6996.0,28,6998.0,1,7000.0,56,7002.0,31,7004.0,7,7008.0,4,7010.0,2,7016.0,4,7018.0,12,7020.0,124,7002.0
SM409,,13:41:22.250#,7000.0,7070.0,6940.0,7646.0,6254.0,29805,217032,6994.0,21,6996.0,28,6998.0,1,7000.0,56,7002.0,31,7008.0,4,7010.0,2,7016.0,4,7018.0,12,7020.0,124,7002.0
SM409,,13:41:22.500#,7000.0,7070.0,6940.0,7646.0,6254.0,29805,217032,6996.0,28,6998.0,1,7000.0,56,7002.0,31,7004.0,7,7008.0,4,7010.0,2,7016.0,4,7018.0,12,7020.0,124,7002.0
SM409,,13:41:22.750#,7000.0,7070.0,6940.0,7646.0,6254.0,29805,217032,6994.0,21,6996.0,28,6998.0,1,7000.0,56,7002.0,31,7008.0,4,7010.0,2,7016.0,4,7018.0,12,7020.0,124,7002.0
SM409,,13:41:23.0#,7000.0,7070.0,6940.0,7646.0,6254.0,29805,217032,6996.0,28,6998.0,1,7000.0,56,7002.0,31,7004.0,7,7008.0,4,7010.0,2,7016.0,4,7018.0,12,7020.0,124,7002.0
SM409,,13:41:24.0#,7000.0,7070.0,6940.0,7646.0,6254.0,29805,217032,6994.0,21,6996.0,28,6998.0,1,7000.0,56,7002.0,31,7008.0,4,7010.0,2,7016.0,4,7018.0,12,7020.0,124,7002.0
SM409,,13:41:29.500#,7000.0,7070.0,6940.0,7646.0,6254.0,29805,217032,6994.0,21,6996.0,28,6998.0,1,7000.0,56,7002.0,51,7008.0,4,7010.0,2,7016.0,4,7018.0,12,7020.0,124,7002.0
SM409,,13:41:29.750#,7000.0,7070.0,6940.0,7646.0,6254.0,29805,217032,6996.0,28,6998.0,1,7000.0,56,7002.0,51,7004.0,7,7010.0,2,7016.0,4,7018.0,12,7020.0,124,7022.0,1,7002.0
SM409,,13:41:30.250#,7000.0,7070.0,6940.0,7646.0,6254.0,29805,217032,6996.0,28,6998.0,1,7000.0,56,7002.0,51,7004.0,7,7008.0,4,7010.0,2,7016.0,4,7018.0,12,7020.0,124,7002.0
SM409,,13:41:32.250#,7000.0,7070.0,6940.0,7646.0,6254.0,29805,217032,6994.0,21,6996.0,28,6998.0,1,7000.0,56,7002.0,51,7006.0,5,7008.0,4,7010.0,2,7016.0,4,7018.0,12,7002.0
SM409,,13:41:33.0#,7000.0,7070.0,6940.0,7646.0,6254.0,29805,217032,6994.0,21,6996.0,28,6998.0,1,7000.0,56,7002.0,51,7006.0,5,7008.0,4,7010.0,2,7016.0,4,7018.0,12,7002.0
SM409,,13:41:35.0#,7000.0,7070.0,6940.0,7646.0,6254.0,29805,217032,6994.0,21,6996.0,28,6998.0,1,7000.0,56,7002.0,53,7006.0,5,7008.0,4,7010.0,2,7016.0,4,7018.0,12,7002.0
SM409,,13:41:37.500#,7000.0,7070.0,6940.0,7646.0,6254.0,29805,217032,6994.0,21,6996.0,28,6998.0,1,7000.0,56,7002.0,53,7006.0,6,7008.0,4,7010.0,2,7016.0,4,7018.0,12,7002.0
SM409,,13:41:39.500#,7000.0,7070.0,6940.0,7646.0,6254.0,29805,217032,6994.0,21,6996.0,28,6998.0,1,7000.0,56,7002.0,42,7006.0,6,7008.0,4,7010.0,2,7016.0,4,7018.0,12,7002.0
SM409,,13:41:40.750#,7000.0,7070.0,6940.0,7646.0,6254.0,29807,217030,6994.0,21,6996.0,28,6998.0,1,7000.0,56,7002.0,42,7006.0,4,7008.0,4,7010.0,2,7016.0,4,7018.0,12,7006.0
SM409,,13:41:41.0#,7000.0,7070.0,6940.0,7646.0,6254.0,29811,217026,6994.0,21,6996.0,28,6998.0,1,7000.0,56,7002.0,46,7008.0,4,7010.0,2,7016.0,4,7018.0,12,7020.0,124,7006.0
SM409,,13:41:48.0#,7000.0,7070.0,6940.0,7646.0,6254.0,29811,217026,6994.0,21,6996.0,28,6998.0,1,7000.0,56,7002.0,48,7008.0,4,7010.0,2,7016.0,4,7018.0,12,7020.0,124,7006.0
SM409,,13:41:49.750#,7000.0,7070.0,6940.0,7646.0,6254.0,29811,217026,6994.0,21,6996.0,28,6998.0,1,7000.0,56,7002.0,49,7008.0,4,7016.0,4,7018.0,12,7020.0,124,7028.0,16,7006.0
SM409,,13:41:50.500#,7000.0,7070.0,6940.0,7646.0,6254.0,29811,217026,6996.0,28,6998.0,1,7000.0,56,7002.0,47,7004.0,7,7008.0,4,7016.0,4,7018.0,12,7020.0,124,7028.0,16,7006.0
SM409,,13:42:03.250#,7000.0,7070.0,6940.0,7646.0,6254.0,29811,217026,6996.0,28,6998.0,1,7000.0,56,7002.0,42,7004.0,3,7008.0,4,7016.0,4,7018.0,12,7020.0,124,7028.0,16,7006.0
SM409,,13:42:06.0#,7000.0,7070.0,6940.0,7646.0,6254.0,29811,217026,6996.0,28,6998.0,1,7000.0,56,7002.0,42,7004.0,14,7008.0,4,7016.0,4,7018.0,12,7020.0,124,7028.0,16,7006.0
SM409,,13:42:06.750#,7000.0,7070.0,6940.0,7646.0,6254.0,29811,217026,6998.0,1,7000.0,56,7002.0,42,7004.0,11,7006.0,2,7008.0,4,7016.0,4,7018.0,12,7020.0,124,7028.0,16,7006.0
SM409,,13:42:07.0#,7000.0,7070.0,6940.0,7646.0,6254.0,29811,217026,6998.0,1,7000.0,56,7002.0,42,7004.0,11,7006.0,1,7008.0,4,7016.0,4,7018.0,12,7020.0,124,7028.0,16,7006.0
SM409,,13:42:07.250#,7000.0,7070.0,6940.0,7646.0,6254.0,29811,217026,6998.0,1,7000.0,56,7002.0,42,7004.0,11,7006.0,3,7008.0,4,7016.0,4,7018.0,12,7020.0,124,7028.0,16,7006.0
SM409,,13:42:08.250#,7000.0,7070.0,6940.0,7646.0,6254.0,29811,217026,6998.0,1,7000.0,56,7002.0,42,7004.0,11,7006.0,3,7008.0,4,7016.0,4,7018.0,12,7020.0,124,7028.0,16,7006.0
SM409,,13:42:09.250#,7000.0,7070.0,6940.0,7646.0,6254.0,29814,217023,6998.0,1,7000.0,56,7002.0,42,7004.0,11,7006.0,4,7008.0,1,7016.0,4,7018.0,12,7020.0,124,7028.0,16,7008.0
SM409,,13:42:09.500#,7000.0,7070.0,6940.0,7646.0,6254.0,29815,217022,6998.0,1,7000.0,56,7002.0,42,7004.0,11,7006.0,4,7016.0,6,7018.0,12,7020.0,124,7028.0,16,7030.0,5,7008.0
SM409,,13:42:09.750#,7000.0,7070.0,6940.0,7646.0,6254.0,29815,217022,6998.0,1,7000.0,56,7002.0,42,7004.0,11,7006.0,4,7014.0,8,7016.0,8,7018.0,12,7020.0,124,7028.0,16,7008.0
SM409,,13:42:15.750#,7000.0,7070.0,6940.0,7646.0,6254.0,29815,217022,6996.0,28,6998.0,1,7000.0,56,7002.0,40,7004.0,11,7008.0,7,7016.0,8,7018.0,12,7020.0,124,7028.0,16,7008.0
SM409,,13:42:25.0#,7000.0,7070.0,6940.0,7646.0,6254.0,29818,217022,6996.0,28,6998.0,1,7000.0,56,7002.0,40,7004.0,23,7010.0,1,7012.0,12,7014.0,6,7016.0,8,7018.0,12,7010.0
SM409,,13:42:31.750#,7000.0,7070.0,6940.0,7646.0,6254.0,29823,217017,6996.0,28,6998.0,1,7000.0,60,7002.0,40,7004.0,23,7012.0,10,7014.0,6,7016.0,8,7018.0,12,7020.0,124,7010.0
SM409,,13:42:33.750#,7000.0,7070.0,6940.0,7646.0,6254.0,29825,217017,6996.0,28,6998.0,1,7000.0,60,7002.0,40,7004.0,21,7012.0,10,7014.0,6,7016.0,8,7018.0,12,7020.0,124,7004.0
SM409,,13:42:34.750#,7000.0,7070.0,6940.0,7646.0,6254.0,29825,217017,6996.0,28,6998.0,1,7000.0,60,7002.0,40,7004.0,23,7012.0,10,7014.0,6,7016.0,8,7018.0,12,7020.0,124,7004.0
SM409,,13:42:36.0#,7000.0,7070.0,6940.0,7646.0,6254.0,29829,217013,6996.0,28,6998.0,1,7000.0,60,7002.0,40,7004.0,23,7012.0,6,7014.0,6,7016.0,8,7018.0,12,7020.0,124,7012.0
SM409,,13:42:38.250#,7000.0,7070.0,6940.0,7646.0,6254.0,29832,217013,6996.0,28,6998.0,1,7000.0,60,7002.0,40,7004.0,23,7012.0,3,7014.0,6,7016.0,8,7018.0,12,7020.0,124,7012.0
SM409,,13:42:41.0#,7000.0,7070.0,6940.0,7646.0,6254.0,29832,217013,6998.0,1,7000.0,60,7002.0,40,7004.0,23,7006.0,10,7012.0,3,7014.0,6,7016.0,8,7018.0,12,7020.0,124,7012.0
SM409,,13:42:47.250#,7000.0,7070.0,6940.0,7646.0,6254.0,29832,217013,6998.0,1,7000.0,60,7002.0,40,7004.0,23,7006.0,10,7012.0,7,7014.0,6,7016.0,8,7018.0,12,7020.0,124,7012.0
SM409,,13:42:47.500#,7000.0,7070.0,6940.0,7646.0,6254.0,29832,217013,6998.0,1,7000.0,60,7002.0,40,7004.0,23,7006.0,10,7010.0,17,7012.0,3,7014.0,6,7016.0,8,7018.0,12,7012.0
SM409,,13:42:47.750#,7000.0,7070.0,6940.0,7646.0,6254.0,29832,217013,6998.0,1,7000.0,60,7002.0,40,7004.0,23,7006.0,10,7010.0,17,7012.0,3,7014.0,6,7016.0,8,7018.0,16,7012.0
SM409,,13:42:50.750#,7000.0,7070.0,6940.0,7646.0,6254.0,29832,217013,6998.0,1,7000.0,64,7002.0,40,7004.0,23,7006.0,10,7010.0,17,7012.0,3,7014.0,6,7016.0,8,7018.0,16,7012.0
SM409,,13:42:51.250#,7000.0,7070.0,6940.0,7646.0,6254.0,29832,217013,6998.0,1,7000.0,64,7002.0,40,7004.0,23,7006.0,10,7010.0,17,7012.0,3,7014.0,6,7016.0,8,7018.0,16,7012.0
SM409,,13:42:52.500#,7000.0,7070.0,6940.0,7646.0,6254.0,29838,217007,6998.0,1,7000.0,64,7002.0,40,7004.0,23,7006.0,4,7010.0,17,7012.0,3,7014.0,6,7016.0,8,7018.0,16,7006.0
SM409,,13:42:56.0#,7000.0,7070.0,6940.0,7646.0,6254.0,29838,217007,6998.0,1,7000.0,64,7002.0,20,7004.0,23,7006.0,4,7010.0,17,7012.0,3,7014.0,6,7016.0,8,7018.0,16,7006.0
SM409,,13:42:57.0#,7000.0,7070.0,6940.0,7646.0,6254.0,29838,217007,6998.0,1,7000.0,64,7002.0,20,7004.0,19,7006.0,4,7010.0,17,7012.0,3,7014.0,6,7016.0,8,7018.0,16,7006.0
SM409,,13:42:58.500#,7000.0,7070.0,6940.0,7646.0,6254.0,29842,217003,6996.0,28,6998.0,1,7000.0,64,7002.0,20,7004.0,19,7006.0,31,7010.0,17,7012.0,3,7014.0,6,7016.0,8,7006.0
SM409,,13:42:58.750#,7000.0,7070.0,6940.0,7646.0,6254.0,29846,217007,6996.0,28,6998.0,1,7000.0,64,7002.0,20,7004.0,15,7006.0,31,7012.0,3,7014.0,6,7016.0,8,7018.0,16,7004.0
SM409,,13:43:03.250#,7000.0,7070.0,6940.0,7646.0,6254.0,29846,217007,6996.0,28,6998.0,1,7000.0,64,7002.0,20,7004.0,15,7006.0,31,7012.0,3,7014.0,6,7016.0,8,7018.0,16,7004.0
SM409,,13:43:05.0#,7000.0,7070.0,6940.0,7646.0,6254.0,29846,217007,6996.0,28,6998.0,1,7000.0,60,7002.0,20,7004.0,15,7006.0,31,7012.0,3,7014.0,6,7016.0,8,7018.0,16,7004.0
SM409,,13:43:06.0#,7000.0,7070.0,6940.0,7646.0,6254.0,29847,217006,6996.0,28,6998.0,1,7000.0,60,7002.0,20,7004.0,15,7006.0,30,7012.0,3,7014.0,6,7016.0,8,7018.0,16,7006.0
SM409,,13:43:08.250#,7000.0,7070.0,6940.0,7646.0,6254.0,29847,217006,6996.0,28,6998.0,1,7000.0,60,7002.0,20,7004.0,15,7006.0,30,7012.0,3,7014.0,6,7016.0,8,7018.0,16,7006.0
SM409,,13:43:11.500#,7000.0,7070.0,6940.0,7646.0,6254.0,29847,217006,6996.0,28,6998.0,1,7000.0,60,7002.0,20,7004.0,15,7006.0,30,7012.0,3,7014.0,6,7016.0,8,7018.0,16,7006.0
SM409,,13:43:11.750#,7000.0,7070.0,6940.0,7646.0,6254.0,29852,217006,6996.0,28,6998.0,1,7000.0,60,7002.0,20,7004.0,15,7006.0,25,7012.0,3,7014.0,6,7016.0,8,7018.0,16,7006.0
SM409,,13:43:17.500#,7000.0,7070.0,6940.0,7646.0,6254.0,29857,217006,6996.0,28,6998.0,1,7000.0,56,7002.0,20,7004.0,14,7006.0,21,7012.0,3,7014.0,6,7016.0,8,7018.0,16,7004.0
SM409,,13:43:18.500#,7000.0,7070.0,6940.0,7646.0,6254.0,29861,217006,6996.0,28,6998.0,1,7000.0,56,7002.0,20,7004.0,14,7006.0,17,7012.0,3,7014.0,6,7016.0,8,7018.0,16,7006.0
SM409,,13:43:23.0#,7000.0,7070.0,6940.0,7646.0,6254.0,29863,217004,6996.0,28,6998.0,1,7000.0,56,7002.0,20,7004.0,14,7006.0,15,7012.0,3,7014.0,6,7016.0,8,7018.0,16,7006.0
SM409,,13:43:24.0#,7000.0,7070.0,6940.0,7646.0,6254.0,29867,217008,6996.0,28,6998.0,1,7000.0,56,7002.0,20,7004.0,10,7006.0,15,7012.0,3,7014.0,6,7016.0,8,7018.0,16,7004.0
SM409,,13:43:26.500#,7000.0,7070.0,6940.0,7646.0,6254.0,29867,217008,6996.0,28,6998.0,1,7000.0,56,7002.0,20,7004.0,10,7006.0,16,7012.0,3,7014.0,6,7016.0,8,7018.0,16,7004.0
SM409,,13:43:39.750#,7000.0,7070.0,6940.0,7646.0,6254.0,29867,217008,6996.0,28,6998.0,1,7000.0,56,7002.0,20,7004.0,10,7006.0,33,7012.0,3,7014.0,6,7016.0,8,7018.0,16,7004.0
SM409,,13:43:40.0#,7000.0,7070.0,6940.0,7646.0,6254.0,29867,217008,6996.0,28,6998.0,1,7000.0,56,7002.0,20,7004.0,10,7006.0,24,7012.0,3,7014.0,6,7016.0,8,7018.0,16,7004.0
SM409,,13:43:40.250#,7000.0,7070.0,6940.0,7646.0,6254.0,29877,217015,6994.0,21,6996.0,28,6998.0,1,7000.0,56,7002.0,20,7006.0,24,7012.0,3,7014.0,6,7016.0,8,7018.0,16,7004.0
SM409,,13:43:43.500#,7000.0,7070.0,6940.0,7646.0,6254.0,29877,217015,6994.0,21,6996.0,28,6998.0,1,7000.0,56,7002.0,20,7006.0,19,7012.0,3,7014.0,6,7016.0,8,7018.0,16,7004.0
SM409,,13:43:43.750#,7000.0,7070.0,6940.0,7646.0,6254.0,29877,217015,6994.0,21,6996.0,28,6998.0,1,7000.0,56,7002.0,21,7006.0,17,7012.0,3,7014.0,6,7016.0,8,7018.0,16,7004.0
SM409,,13:43:44.0#,7000.0,7070.0,6940.0,7646.0,6254.0,29877,217015,6994.0,21,6996.0,28,6998.0,1,7000.0,56,7002.0,21,7006.0,16,7012.0,3,7014.0,6,7016.0,8,7018.0,16,7004.0
SM409,,13:43:49.750#,7000.0,7070.0,6940.0,7646.0,6254.0,29893,216999,6996.0,28,6998.0,1,7000.0,56,7002.0,21,7006.0,14,7010.0,4,7012.0,3,7014.0,6,7016.0,8,7018.0,16,7006.0
SM409,,13:43:50.0#,7000.0,7070.0,6940.0,7646.0,6254.0,29901,216991,6996.0,28,6998.0,1,7000.0,56,7002.0,21,7006.0,11,7010.0,4,7012.0,3,7014.0,6,7016.0,8,7018.0,16,7006.0
SM409,,13:43:51.250#,7000.0,7070.0,6940.0,7646.0,6254.0,29901,216991,6996.0,28,6998.0,1,7000.0,56,7002.0,21,7006.0,11,7010.0,5,7012.0,3,7014.0,6,7016.0,8,7018.0,16,7006.0
SM409,,13:43:51.500#,7000.0,7070.0,6940.0,7646.0,6254.0,29901,216991,6996.0,28,6998.0,1,7000.0,56,7002.0,21,7006.0,11,7010.0,4,7012.0,3,7014.0,6,7016.0,8,7018.0,16,7006.0
SM409,,13:43:53.500#,7000.0,7070.0,6940.0,7646.0,6254.0,29901,216991,6996.0,28,6998.0,1,7000.0,56,7002.0,21,7006.0,11,7010.0,3,7012.0,3,7014.0,6,7016.0,8,7018.0,16,7006.0
SM409,,13:43:54.500#,7000.0,7070.0,6940.0,7646.0,6254.0,29901,216991,6996.0,28,6998.0,1,7000.0,56,7002.0,21,7006.0,11,7010.0,4,7012.0,3,7014.0,6,7016.0,8,7018.0,16,7006.0
SM409,,13:44:00.750#,7000.0,7070.0,6940.0,7646.0,6254.0,29901,216991,6996.0,28,6998.0,1,7000.0,56,7002.0,21,7006.0,11,7012.0,7,7014.0,6,7016.0,8,7018.0,16,7020.0,124,7006.0
SM409,,13:44:02.500#,7000.0,7070.0,6940.0,7646.0,6254.0,29901,216991,6996.0,28,6998.0,1,7000.0,56,7002.0,21,7006.0,12,7012.0,7,7014.0,6,7016.0,8,7018.0,16,7020.0,124,7006.0
SM409,,13:44:02.750#,7000.0,7070.0,6940.0,7646.0,6254.0,29901,216991,6996.0,28,6998.0,1,7000.0,56,7002.0,20,7006.0,12,7012.0,7,7014.0,6,7016.0,8,7018.0,16,7020.0,124,7006.0
SM409,,13:44:06.750#,7000.0,7070.0,6940.0,7646.0,6254.0,29901,216991,6996.0,28,6998.0,1,7000.0,56,7002.0,20,7006.0,12,7012.0,3,7014.0,6,7016.0,8,7018.0,16,7020.0,124,7006.0
SM409,,13:44:07.0#,7000.0,7070.0,6940.0,7646.0,6254.0,29901,216991,6996.0,28,6998.0,1,7000.0,56,7002.0,20,7006.0,12,7014.0,10,7016.0,8,7018.0,16,7020.0,124,7028.0,16,7006.0
SM409,,13:44:07.250#,7000.0,7070.0,6940.0,7646.0,6254.0,29901,216991,6996.0,28,6998.0,1,7000.0,56,7002.0,20,7006.0,12,7012.0,17,7014.0,6,7016.0,8,7018.0,16,7020.0,124,7006.0
SM409,,13:44:09.500#,7000.0,7070.0,6940.0,7646.0,6254.0,29901,216991,6996.0,28,6998.0,1,7000.0,56,7002.0,20,7006.0,12,7012.0,18,7014.0,6,7016.0,8,7018.0,16,7020.0,124,7006.0
SM409,,13:44:11.0#,7000.0,7070.0,6940.0,7646.0,6254.0,29901,216991,6998.0,1,7000.0,56,7002.0,20,7006.0,12,7008.0,5,7012.0,17,7014.0,6,7016.0,8,7018.0,16,7020.0,124,7006.0
SM409,,13:44:11.500#,7000.0,7070.0,6940.0,7646.0,6254.0,29901,216991,6998.0,1,7000.0,56,7002.0,20,7006.0,10,7008.0,6,7012.0,9,7014.0,6,7016.0,8,7018.0,16,7020.0,124,7006.0
SM409,,13:44:11.750#,7000.0,7070.0,6940.0,7646.0,6254.0,29901,216991,6998.0,1,7000.0,56,7002.0,20,7006.0,10,7008.0,7,7014.0,9,7016.0,8,7018.0,16,7020.0,124,7028.0,16,7006.0
SM409,,13:44:12.250#,7000.0,7070.0,6940.0,7646.0,6254.0,29901,216991,6998.0,1,7000.0,56,7002.0,20,7006.0,10,7008.0,7,7014.0,6,7016.0,8,7018.0,16,7020.0,124,7028.0,16,7006.0
SM409,,13:44:12.750#,7000.0,7070.0,6940.0,7646.0,6254.0,29901,216991,7000.0,56,7002.0,20,7006.0,10,7008.0,7,7010.0,7,7014.0,6,7016.0,8,7018.0,16,7020.0,124,7028.0,16,7006.0
SM409,,13:44:13.0#,7000.0,7070.0,6940.0,7646.0,6254.0,29901,216991,6998.0,1,7000.0,56,7002.0,20,7006.0,10,7008.0,7,7016.0,18,7018.0,16,7020.0,124,7028.0,16,7030.0,15,7006.0
SM409,,13:44:13.250#,7000.0,7070.0,6940.0,7646.0,6254.0,29901,216991,6998.0,1,7000.0,56,7002.0,20,7006.0,10,7008.0,7,7014.0,17,7016.0,8,7018.0,16,7020.0,124,7028.0,16,7006.0
SM409,,13:44:19.500#,7000.0,7070.0,6940.0,7646.0,6254.0,29901,216991,6998.0,1,7000.0,56,7002.0,20,7006.0,10,7008.0,7,7014.0,17,7016.0,8,7018.0,16,7020.0,124,7028.0,16,7006.0
SM409,,13:44:20.500#,7000.0,7070.0,6940.0,7646.0,6254.0,29902,216990,6998.0,1,7000.0,56,7002.0,20,7006.0,10,7008.0,7,7014.0,16,7016.0,8,7018.0,16,7020.0,124,7028.0,16,7014.0
SM409,,13:44:20.750#,7000.0,7070.0,6940.0,7646.0,6254.0,29902,216990,6998.0,1,7000.0,56,7002.0,20,7006.0,10,7008.0,7,7014.0,16,7016.0,8,7018.0,16,7020.0,124,7028.0,16,7014.0
SM409,,13:44:21.250#,7000.0,7070.0,6940.0,7646.0,6254.0,29902,216990,6998.0,1,7000.0,56,7002.0,20,7006.0,10,7008.0,7,7014.0,16,7016.0,8,7018.0,16,7020.0,124,7028.0,16,7014.0
SM409,,13:44:25.500#,7000.0,7070.0,6940.0,7646.0,6254.0,29929,216988,6996.0,28,6998.0,1,7000.0,56,7002.0,20,7006.0,14,7008.0,43,7014.0,16,7016.0,8,7018.0,16,7020.0,124,7008.0
SM409,,13:44:25.750#,7000.0,7070.0,6940.0,7646.0,6254.0,29962,216988,6996.0,28,6998.0,1,7000.0,56,7002.0,20,7006.0,6,7008.0,14,7016.0,8,7018.0,16,7020.0,124,7028.0,16,7006.0
SM409,,13:44:26.0#,7000.0,7070.0,6940.0,7646.0,6254.0,29976,216988,6996.0,28,6998.0,1,7000.0,56,7002.0,20,7006.0,7,7016.0,17,7018.0,16,7020.0,124,7028.0,16,7030.0,15,7008.0
SM409,,13:44:26.250#,7000.0,7070.0,6940.0,7646.0,6254.0,29976,216988,6996.0,28,6998.0,1,7000.0,56,7002.0,20,7006.0,7,7014.0,24,7016.0,8,7018.0,16,7020.0,124,7028.0,16,7008.0
SM409,,13:44:26.750#,7000.0,7070.0,6940.0,7646.0,6254.0,29977,216987,6996.0,28,6998.0,1,7000.0,56,7002.0,20,7006.0,6,7014.0,28,7016.0,8,7018.0,16,7020.0,124,7028.0,16,7006.0
SM409,,13:44:31.0#,7000.0,7070.0,6940.0,7646.0,6254.0,29977,216987,6996.0,28,6998.0,1,7000.0,56,7002.0,20,7006.0,6,7014.0,24,7016.0,8,7018.0,16,7020.0,124,7028.0,16,7006.0
SM409,,13:44:33.0#,7000.0,7070.0,6940.0,7646.0,6254.0,29977,216987,6996.0,28,6998.0,1,7000.0,56,7002.0,20,7006.0,6,7014.0,20,7016.0,8,7018.0,16,7020.0,124,7028.0,16,7006.0
SM409,,13:44:33.250#,7000.0,7070.0,6940.0,7646.0,6254.0,29997,216999,6996.0,28,6998.0,1,7000.0,56,7002.0,20,7006.0,6,7014.0,1,7016.0,8,7018.0,16,7020.0,124,7028.0,16,7014.0
SM409,,13:44:33.500#,7000.0,7070.0,6940.0,7646.0,6254.0,29997,216999,6998.0,1,7000.0,56,7002.0,20,7006.0,6,7008.0,3,7014.0,11,7016.0,8,7018.0,16,7020.0,124,7028.0,16,7014.0
SM409,,13:44:33.750#,7000.0,7070.0,6940.0,7646.0,6254.0,29997,216999,6998.0,1,7000.0,56,7002.0,20,7006.0,6,7008.0,4,7014.0,10,7016.0,8,7018.0,16,7020.0,124,7028.0,16,7014.0
SM409,,13:44:34.0#,7000.0,7070.0,6940.0,7646.0,6254.0,30007,216999,7000.0,56,7002.0,20,7006.0,6,7008.0,4,7014.0,10,7016.0,20,7018.0,16,7020.0,124,7028.0,16,7030.0,15,7014.0
SM409,,13:44:34.250#,7000.0,7070.0,6940.0,7646.0,6254.0,30018,216998,6998.0,1,7000.0,56,7002.0,20,7006.0,6,7008.0,1,7014.0,19,7016.0,8,7018.0,16,7020.0,124,7028.0,16,7014.0
SM409,,13:44:34.500#,7000.0,7070.0,6940.0,7646.0,6254.0,30018,216998,6998.0,1,7000.0,56,7002.0,20,7006.0,6,7008.0,1,7014.0,10,7016.0,8,7018.0,16,7020.0,124,7028.0,16,7014.0
SM409,,13:44:36.500#,7000.0,7070.0,6940.0,7646.0,6254.0,30018,216998,6998.0,1,7000.0,56,7002.0,20,7006.0,6,7008.0,1,7014.0,16,7016.0,8,7018.0,16,7020.0,124,7028.0,16,7014.0
SM409,,13:44:44.750#,7000.0,7070.0,6940.0,7646.0,6254.0,30018,216998,7000.0,56,7002.0,20,7004.0,4,7006.0,6,7008.0,1,7014.0,16,7016.0,8,7018.0,16,7020.0,124,7028.0,16,7014.0
SM409,,13:44:46.750#,7000.0,7070.0,6940.0,7646.0,6254.0,30018,216998,7000.0,56,7002.0,20,7004.0,4,7006.0,6,7008.0,1,7012.0,2,7014.0,10,7016.0,8,7018.0,16,7020.0,124,7014.0
SM409,,13:44:48.500#,7000.0,7070.0,6940.0,7646.0,6254.0,30018,216998,7000.0,56,7002.0,20,7004.0,4,7006.0,6,7008.0,1,7012.0,2,7014.0,14,7016.0,8,7018.0,16,7020.0,124,7014.0
SM409,,13:44:53.0#,7000.0,7070.0,6940.0,7646.0,6254.0,30020,216996,7002.0,20,7004.0,4,7006.0,6,7008.0,1,7012.0,1,7014.0,20,7016.0,8,7018.0,16,7020.0,124,7028.0,16,7012.0
SM409,,13:44:53.250#,7000.0,7070.0,6940.0,7646.0,6254.0,30020,216996,7000.0,56,7002.0,20,7004.0,4,7006.0,6,7008.0,1,7014.0,20,7016.0,8,7018.0,16,7020.0,124,7028.0,16,7012.0
SM409,,13:44:55.0#,7000.0,7070.0,6940.0,7646.0,6254.0,30020,216996,7002.0,20,7004.0,4,7006.0,6,7008.0,1,7010.0,1,7014.0,20,7016.0,8,7018.0,16,7020.0,124,7028.0,16,7012.0
SM409,,13:44:55.500#,7000.0,7070.0,6940.0,7646.0,6254.0,30020,216996,7002.0,20,7004.0,4,7006.0,6,7008.0,1,7010.0,1,7014.0,20,7016.0,8,7018.0,16,7020.0,124,7028.0,16,7012.0
SM409,,13:45:05.0#,7000.0,7070.0,6940.0,7646.0,6254.0,30040,217012,7002.0,20,7004.0,4,7006.0,6,7008.0,1,7010.0,1,7016.0,10,7018.0,16,7020.0,124,7028.0,16,7030.0,15,7014.0
SM409,,13:45:05.250#,7000.0,7070.0,6940.0,7646.0,6254.0,30040,217012,7000.0,56,7002.0,19,7004.0,4,7006.0,5,7010.0,1,7016.0,10,7018.0,16,7020.0,124,7028.0,16,7030.0,15,7014.0
SM409,,13:45:06.0#,7000.0,7070.0,6940.0,7646.0,6254.0,30050,217014,7002.0,19,7004.0,4,7006.0,5,7010.0,1,7016.0,10,7018.0,19,7020.0,124,7028.0,16,7030.0,15,7032.0,2,7016.0
SM409,,13:45:06.250#,7000.0,7070.0,6940.0,7646.0,6254.0,30060,217014,6998.0,1,7000.0,56,7002.0,19,7004.0,4,7006.0,9,7018.0,19,7020.0,124,7028.0,16,7030.0,15,7032.0,2,7016.0
SM409,,13:45:06.500#,7000.0,7070.0,6940.0,7646.0,6254.0,30060,217014,7002.0,19,7004.0,4,7006.0,8,7008.0,16,7010.0,1,7018.0,23,7020.0,124,7028.0,16,7030.0,15,7032.0,2,7016.0
SM409,,13:45:06.750#,7000.0,7070.0,6940.0,7646.0,6254.0,30080,217029,7000.0,56,7002.0,19,7004.0,4,7006.0,8,7008.0,16,7018.0,7,7020.0,124,7028.0,16,7030.0,15,7032.0,2,7018.0
SM409,,13:45:07.0#,7000.0,7070.0,6940.0,7646.0,6254.0,30080,217029,7002.0,19,7004.0,4,7006.0,8,7008.0,16,7010.0,9,7018.0,7,7020.0,124,7028.0,16,7030.0,15,7032.0,2,7018.0
SM409,,13:45:07.250#,7000.0,7070.0,6940.0,7646.0,6254.0,30080,217029,7004.0,4,7006.0,8,7008.0,12,7010.0,4,7012.0,4,7018.0,7,7020.0,124,7028.0,16,7030.0,15,7032.0,2,7018.0
SM409,,13:45:07.500#,7000.0,7070.0,6940.0,7646.0,6254.0,30087,217029,7006.0,8,7008.0,12,7010.0,4,7012.0,4,7018.0,13,7020.0,128,7028.0,16,7030.0,15,7032.0,2,7040.0,3,7018.0
SM409,,13:45:07.750#,7000.0,7070.0,6940.0,7646.0,6254.0,30104,217038,7006.0,5,7008.0,12,7010.0,4,7012.0,4,7016.0,4,7020.0,134,7028.0,16,7030.0,15,7032.0,2,7040.0,3,7018.0
SM409,,13:45:08.0#,7000.0,7070.0,6940.0,7646.0,6254.0,30104,217038,7006.0,5,7008.0,12,7010.0,4,7012.0,4,7016.0,4,7020.0,134,7028.0,16,7030.0,15,7032.0,2,7040.0,3,7018.0
SM409,,13:45:09.0#,7000.0,7070.0,6940.0,7646.0,6254.0,30106,217038,7006.0,5,7008.0,12,7010.0,4,7012.0,4,7016.0,2,7020.0,134,7028.0,16,7030.0,15,7032.0,2,7040.0,3,7016.0
SM409,,13:45:11.0#,7000.0,7070.0,6940.0,7646.0,6254.0,30106,217038,7006.0,5,7008.0,12,7010.0,4,7012.0,4,7016.0,2,7020.0,134,7028.0,16,7030.0,15,7032.0,2,7040.0,3,7016.0
SM409,,13:45:11.500#,7000.0,7070.0,6940.0,7646.0,6254.0,30106,217038,7006.0,5,7008.0,12,7010.0,4,7012.0,4,7016.0,1,7020.0,134,7028.0,16,7030.0,15,7032.0,2,7040.0,3,7016.0
SM409,,13:45:14.500#,7000.0,7070.0,6940.0,7646.0,6254.0,30110,217034,7006.0,5,7008.0,12,7010.0,4,7012.0,4,7014.0,2,7018.0,6,7020.0,124,7028.0,16,7030.0,15,7032.0,2,7018.0
SM409,,13:45:16.0#,7000.0,7070.0,6940.0,7646.0,6254.0,30110,217034,7006.0,5,7008.0,12,7010.0,4,7012.0,4,7014.0,2,7018.0,6,7020.0,124,7022.0,1,7028.0,16,7030.0,15,7018.0
SM409,,13:45:17.750#,7000.0,7070.0,6940.0,7646.0,6254.0,30110,217034,7006.0,5,7008.0,12,7010.0,4,7012.0,4,7016.0,2,7020.0,132,7022.0,1,7028.0,16,7030.0,15,7032.0,2,7018.0
SM409,,13:45:18.0#,7000.0,7070.0,6940.0,7646.0,6254.0,30110,217034,7006.0,5,7008.0,12,7010.0,4,7012.0,4,7016.0,2,7018.0,6,7020.0,124,7022.0,1,7028.0,16,7030.0,15,7018.0
SM409,,13:45:18.250#,7000.0,7070.0,6940.0,7646.0,6254.0,30111,217034,7006.0,5,7008.0,12,7010.0,4,7012.0,3,7016.0,2,7018.0,6,7020.0,124,7022.0,1,7028.0,16,7030.0,15,7012.0
SM409,,13:45:21.500#,7000.0,7070.0,6940.0,7646.0,6254.0,30113,217036,7002.0,19,7006.0,5,7008.0,12,7010.0,4,7012.0,3,7018.0,7,7020.0,124,7022.0,1,7028.0,16,7030.0,15,7018.0
SM409,,13:45:25.250#,7000.0,7070.0,6940.0,7646.0,6254.0,30118,217041,7002.0,19,7006.0,5,7008.0,12,7010.0,4,7012.0,2,7016.0,2,7018.0,3,7020.0,124,7022.0,1,7028.0,16,7018.0
SM409,,13:45:25.500#,7000.0,7070.0,6940.0,7646.0,6254.0,30118,217041,7002.0,19,7006.0,5,7008.0,12,7010.0,4,7012.0,2,7016.0,5,7020.0,124,7022.0,1,7028.0,16,7030.0,15,7018.0
SM409,,13:45:29.250#,7000.0,7070.0,6940.0,7646.0,6254.0,30118,217041,7002.0,19,7006.0,5,7008.0,12,7010.0,4,7012.0,6,7016.0,5,7020.0,124,7022.0,1,7028.0,16,7030.0,15,7018.0
SM409,,13:45:31.500#,7000.0,7070.0,6940.0,7646.0,6254.0,30118,217041,7002.0,19,7006.0,5,7008.0,12,7010.0,4,7012.0,6,7016.0,4,7020.0,124,7022.0,1,7028.0,16,7030.0,15,7018.0
SM409,,13:45:32.750#,7000.0,7070.0,6940.0,7646.0,6254.0,30118,217041,7002.0,19,7006.0,5,7008.0,12,7010.0,4,7012.0,6,7016.0,4,7018.0,5,7020.0,124,7022.0,1,7028.0,16,7018.0
SM409,,13:45:35.750#,7000.0,7070.0,6940.0,7646.0,6254.0,30118,217041,7002.0,19,7006.0,5,7008.0,12,7010.0,4,7012.0,2,7016.0,4,7018.0,5,7020.0,124,7022.0,1,7028.0,16,7018.0
SM409,,13:45:36.0#,7000.0,7070.0,6940.0,7646.0,6254.0,30118,217041,7000.0,56,7002.0,19,7006.0,5,7008.0,12,7010.0,4,7016.0,4,7018.0,5,7020.0,124,7022.0,1,7028.0,16,7018.0
SM409,,13:45:36.250#,7000.0,7070.0,6940.0,7646.0,6254.0,30118,217041,7000.0,56,7002.0,19,7006.0,5,7008.0,12,7010.0,4,7016.0,4,7018.0,5,7020.0,124,7022.0,1,7028.0,16,7018.0
SM409,,13:45:41.500#,7000.0,7070.0,6940.0,7646.0,6254.0,30118,217041,7000.0,56,7002.0,19,7006.0,5,7008.0,12,7010.0,4,7016.0,3,7018.0,5,7020.0,124,7022.0,1,7028.0,16,7018.0
SM409,,13:45:41.750#,7000.0,7070.0,6940.0,7646.0,6254.0,30118,217041,7000.0,56,7002.0,19,7006.0,5,7008.0,12,7010.0,4,7016.0,3,7018.0,5,7020.0,124,7022.0,1,7028.0,16,7018.0
SM409,,13:45:43.0#,7000.0,7070.0,6940.0,7646.0,6254.0,30121,217043,7002.0,19,7006.0,5,7008.0,12,7010.0,4,7016.0,12,7018.0,11,7020.0,124,7022.0,1,7028.0,16,7030.0,15,7016.0
SM409,,13:45:43.250#,7000.0,7070.0,6940.0,7646.0,6254.0,30133,217043,7000.0,56,7002.0,19,7006.0,5,7008.0,12,7010.0,4,7016.0,10,7018.0,5,7020.0,124,7022.0,1,7028.0,16,7016.0
SM409,,13:45:44.250#,7000.0,7070.0,6940.0,7646.0,6254.0,30133,217043,7000.0,56,7002.0,19,7006.0,5,7008.0,12,7010.0,4,7016.0,10,7018.0,5,7020.0,124,7022.0,1,7028.0,16,7016.0
SM409,,13:45:50.750#,7000.0,7070.0,6940.0,7646.0,6254.0,30133,217043,7002.0,19,7006.0,5,7008.0,12,7010.0,4,7012.0,1,7016.0,10,7018.0,5,7020.0,124,7022.0,1,7028.0,16,7016.0
SM409,,13:45:51.0#,7000.0,7070.0,6940.0,7646.0,6254.0,30133,217043,7002.0,19,7006.0,5,7008.0,12,7010.0,4,7012.0,1,7018.0,10,7020.0,124,7022.0,1,7028.0,16,7030.0,15,7016.0
SM409,,13:45:51.250#,7000.0,7070.0,6940.0,7646.0,6254.0,30133,217043,7002.0,19,7006.0,5,7008.0,12,7010.0,4,7012.0,1,7018.0,11,7020.0,124,7022.0,1,7028.0,16,7030.0,15,7016.0
SM409,,13:45:54.0#,7000.0,7070.0,6940.0,7646.0,6254.0,30133,217043,7002.0,19,7006.0,5,7008.0,12,7010.0,4,7012.0,1,7018.0,5,7020.0,124,7022.0,1,7028.0,16,7030.0,15,7016.0
SM409,,13:46:02.500#,7000.0,7070.0,6940.0,7646.0,6254.0,30133,217043,7002.0,19,7006.0,5,7008.0,12,7010.0,4,7012.0,1,7018.0,11,7020.0,124,7022.0,1,7028.0,16,7030.0,15,7016.0
SM409,,13:46:03.0#,7000.0,7070.0,6940.0,7646.0,6254.0,30133,217043,7000.0,56,7002.0,19,7006.0,5,7008.0,12,7010.0,8,7018.0,11,7020.0,124,7022.0,1,7028.0,16,7030.0,15,7016.0
SM409,,13:46:03.250#,7000.0,7070.0,6940.0,7646.0,6254.0,30133,217043,7000.0,56,7002.0,19,7006.0,5,7008.0,12,7010.0,8,7016.0,4,7018.0,5,7020.0,124,7022.0,1,7028.0,16,7016.0
SM409,,13:46:07.0#,7000.0,7070.0,6940.0,7646.0,6254.0,30137,217043,7002.0,19,7006.0,5,7008.0,12,7010.0,4,7016.0,16,7018.0,11,7020.0,124,7022.0,1,7028.0,16,7030.0,15,7016.0
SM409,,13:46:07.250#,7000.0,7070.0,6940.0,7646.0,6254.0,30153,217058,7000.0,56,7002.0,19,7006.0,5,7008.0,12,7010.0,4,7018.0,11,7020.0,124,7022.0,1,7028.0,16,7030.0,15,7016.0
SM409,,13:46:07.500#,7000.0,7070.0,6940.0,7646.0,6254.0,30153,217058,7000.0,56,7002.0,19,7006.0,5,7008.0,12,7010.0,8,7018.0,11,7020.0,124,7022.0,1,7028.0,16,7030.0,15,7016.0
SM409,,13:46:07.750#,7000.0,7070.0,6940.0,7646.0,6254.0,30153,217058,7000.0,56,7002.0,19,7006.0,5,7008.0,12,7010.0,8,7016.0,6,7018.0,5,7020.0,124,7022.0,1,7028.0,16,7016.0
SM409,,13:46:08.750#,7000.0,7070.0,6940.0,7646.0,6254.0,30155,217056,7000.0,56,7002.0,19,7006.0,5,7008.0,12,7010.0,8,7016.0,4,7018.0,5,7020.0,124,7022.0,1,7028.0,16,7016.0
SM409,,13:46:11.0#,7000.0,7070.0,6940.0,7646.0,6254.0,30155,217056,7000.0,56,7002.0,19,7006.0,5,7008.0,12,7010.0,8,7016.0,2,7018.0,5,7020.0,124,7022.0,1,7028.0,16,7016.0
SM409,,13:46:13.0#,7000.0,7070.0,6940.0,7646.0,6254.0,30155,217056,7000.0,56,7002.0,19,7006.0,5,7008.0,12,7010.0,8,7016.0,2,7018.0,5,7020.0,124,7022.0,1,7028.0,16,7016.0
SM409,,13:46:13.250#,7000.0,7070.0,6940.0,7646.0,6254.0,30155,217056,7000.0,56,7002.0,19,7006.0,5,7008.0,12,7010.0,8,7016.0,3,7018.0,5,7020.0,124,7022.0,1,7028.0,16,7016.0
SM409,,13:46:13.750#,7000.0,7070.0,6940.0,7646.0,6254.0,30155,217056,7000.0,56,7002.0,19,7006.0,5,7008.0,12,7010.0,8,7016.0,2,7018.0,5,7020.0,124,7022.0,1,7028.0,16,7016.0
SM409,,13:46:15.750#,7000.0,7070.0,6940.0,7646.0,6254.0,30155,217056,7000.0,56,7002.0,19,7006.0,5,7008.0,12,7010.0,8,7018.0,9,7020.0,124,7022.0,1,7028.0,16,7030.0,15,7016.0
SM409,,13:46:18.0#,7000.0,7070.0,6940.0,7646.0,6254.0,30155,217056,7002.0,19,7006.0,5,7008.0,12,7010.0,4,7012.0,1,7018.0,9,7020.0,124,7022.0,1,7028.0,16,7030.0,15,7016.0
SM409,,13:46:18.500#,7000.0,7070.0,6940.0,7646.0,6254.0,30155,217056,7002.0,19,7006.0,5,7008.0,12,7010.0,4,7012.0,1,7018.0,6,7020.0,124,7022.0,1,7028.0,16,7030.0,15,7016.0
SM409,,13:46:18.750#,7000.0,7070.0,6940.0,7646.0,6254.0,30155,217056,7002.0,19,7006.0,5,7008.0,12,7010.0,4,7012.0,1,7016.0,4,7018.0,5,7020.0,124,7022.0,1,7028.0,16,7016.0
SM409,,13:46:21.250#,7000.0,7070.0,6940.0,7646.0,6254.0,30155,217056,7000.0,56,7002.0,19,7006.0,5,7008.0,12,7010.0,8,7016.0,4,7018.0,5,7020.0,124,7022.0,1,7028.0,16,7016.0
SM409,,13:46:24.0#,7000.0,7070.0,6940.0,7646.0,6254.0,30155,217056,7000.0,56,7002.0,19,7006.0,5,7008.0,12,7010.0,8,7014.0,4,7018.0,5,7020.0,124,7022.0,1,7028.0,16,7016.0
SM409,,13:46:26.0#,7000.0,7070.0,6940.0,7646.0,6254.0,30155,217056,7000.0,56,7002.0,19,7006.0,5,7008.0,12,7010.0,8,7014.0,2,7018.0,5,7020.0,124,7022.0,1,7028.0,16,7016.0
SM409,,13:46:26.500#,7000.0,7070.0,6940.0,7646.0,6254.0,30155,217056,7000.0,56,7002.0,19,7006.0,5,7008.0,12,7010.0,8,7014.0,3,7018.0,5,7020.0,124,7022.0,1,7028.0,16,7016.0
SM409,,13:46:26.750#,7000.0,7070.0,6940.0,7646.0,6254.0,30155,217056,7000.0,56,7002.0,19,7006.0,5,7008.0,12,7010.0,8,7014.0,4,7016.0,4,7018.0,5,7020.0,124,7022.0,1,7016.0
SM409,,13:46:27.0#,7000.0,7070.0,6940.0,7646.0,6254.0,30155,217056,7000.0,56,7002.0,19,7006.0,5,7008.0,12,7010.0,4,7014.0,4,7016.0,4,7018.0,5,7020.0,124,7022.0,1,7016.0
SM409,,13:46:30.750#,7000.0,7070.0,6940.0,7646.0,6254.0,30165,217062,7000.0,56,7002.0,19,7006.0,5,7008.0,12,7010.0,4,7014.0,4,7016.0,4,7018.0,5,7020.0,124,7022.0,1,7014.0
SM409,,13:46:32.750#,7000.0,7070.0,6940.0,7646.0,6254.0,30165,217062,7000.0,56,7002.0,19,7006.0,5,7008.0,12,7010.0,4,7012.0,1,7016.0,4,7018.0,5,7020.0,124,7022.0,1,7014.0
SM409,,13:46:33.0#,7000.0,7070.0,6940.0,7646.0,6254.0,30165,217062,7000.0,56,7002.0,19,7006.0,5,7008.0,12,7010.0,4,7012.0,4,7016.0,4,7018.0,5,7020.0,124,7022.0,1,7014.0
SM409,,13:46:33.250#,7000.0,7070.0,6940.0,7646.0,6254.0,30165,217062,6998.0,1,7000.0,56,7002.0,19,7006.0,5,7008.0,12,7012.0,4,7016.0,4,7018.0,5,7020.0,124,7022.0,1,7014.0
SM409,,13:46:33.500#,7000.0,7070.0,6940.0,7646.0,6254.0,30165,217062,6998.0,1,7000.0,56,7002.0,19,7006.0,5,7008.0,16,7012.0,4,7016.0,4,7018.0,5,7020.0,124,7022.0,1,7014.0
SM409,,13:46:36.0#,7000.0,7070.0,6940.0,7646.0,6254.0,30165,217062,6998.0,1,7000.0,56,7002.0,19,7006.0,5,7008.0,16,7012.0,4,7016.0,4,7018.0,5,7020.0,128,7022.0,1,7014.0
SM409,,13:46:40.750#,7000.0,7070.0,6940.0,7646.0,6254.0,30165,217062,6998.0,1,7000.0,56,7002.0,19,7006.0,5,7008.0,16,7014.0,4,7016.0,4,7018.0,5,7020.0,128,7022.0,1,7014.0
SM409,,13:46:41.0#,7000.0,7070.0,6940.0,7646.0,6254.0,30165,217062,6998.0,1,7000.0,56,7002.0,19,7006.0,5,7008.0,12,7014.0,4,7016.0,4,7018.0,5,7020.0,128,7022.0,1,7014.0
SM409,,13:46:41.750#,7000.0,7070.0,6940.0,7646.0,6254.0,30165,217062,6998.0,1,7000.0,56,7002.0,19,7006.0,5,7008.0,12,7014.0,4,7016.0,4,7018.0,5,7020.0,128,7022.0,1,7014.0
SM409,,13:46:42.0#,7000.0,7070.0,6940.0,7646.0,6254.0,30165,217062,6998.0,1,7000.0,56,7002.0,19,7006.0,5,7008.0,12,7012.0,1,7016.0,4,7018.0,5,7020.0,128,7022.0,1,7014.0
SM409,,13:46:42.500#,7000.0,7070.0,6940.0,7646.0,6254.0,30165,217062,6998.0,1,7000.0,56,7002.0,19,7006.0,5,7008.0,12,7012.0,4,7016.0,4,7018.0,5,7020.0,128,7022.0,1,7014.0
SM409,,13:46:44.0#,7000.0,7070.0,6940.0,7646.0,6254.0,30165,217062,6998.0,1,7000.0,56,7002.0,19,7006.0,5,7008.0,12,7010.0,4,7016.0,4,7018.0,5,7020.0,128,7022.0,1,7014.0
SM409,,13:46:44.250#,7000.0,7070.0,6940.0,7646.0,6254.0,30165,217062,6998.0,1,7000.0,56,7002.0,19,7006.0,5,7008.0,8,7010.0,4,7016.0,4,7018.0,5,7020.0,128,7022.0,1,7014.0
SM409,,13:46:44.500#,7000.0,7070.0,6940.0,7646.0,6254.0,30165,217062,6998.0,1,7000.0,56,7002.0,19,7006.0,5,7008.0,4,7010.0,4,7016.0,4,7018.0,5,7020.0,128,7022.0,1,7014.0
SM409,,13:46:46.250#,7000.0,7070.0,6940.0,7646.0,6254.0,30169,217058,6996.0,28,6998.0,1,7000.0,56,7002.0,19,7006.0,5,7010.0,4,7016.0,4,7018.0,5,7020.0,128,7022.0,1,7008.0
SM409,,13:46:51.500#,7000.0,7070.0,6940.0,7646.0,6254.0,30169,217058,6996.0,28,6998.0,1,7000.0,56,7002.0,19,7006.0,5,7012.0,4,7016.0,4,7018.0,5,7020.0,128,7022.0,1,7008.0
SM409,,13:46:51.750#,7000.0,7070.0,6940.0,7646.0,6254.0,30169,217058,6996.0,28,6998.0,1,7000.0,56,7002.0,19,7006.0,5,7010.0,1,7016.0,4,7018.0,5,7020.0,128,7022.0,1,7008.0
SM409,,13:46:53.0#,7000.0,7070.0,6940.0,7646.0,6254.0,30169,217058,6996.0,28,6998.0,1,7000.0,56,7002.0,19,7006.0,5,7010.0,1,7012.0,10,7016.0,4,7018.0,5,7020.0,128,7008.0
SM409,,13:46:53.500#,7000.0,7070.0,6940.0,7646.0,6254.0,30170,217058,6998.0,1,7000.0,56,7002.0,19,7006.0,5,7010.0,19,7012.0,14,7016.0,4,7018.0,5,7020.0,128,7022.0,1,7010.0
SM409,,13:46:54.750#,7000.0,7070.0,6940.0,7646.0,6254.0,30170,217058,6998.0,1,7000.0,56,7002.0,19,7006.0,5,7010.0,19,7012.0,14,7016.0,4,7018.0,5,7020.0,128,7022.0,1,7010.0
SM409,,13:46:55.0#,7000.0,7070.0,6940.0,7646.0,6254.0,30170,217058,6998.0,1,7000.0,56,7002.0,19,7006.0,9,7010.0,19,7012.0,14,7016.0,4,7018.0,5,7020.0,128,7022.0,1,7010.0
SM409,,13:46:55.750#,7000.0,7070.0,6940.0,7646.0,6254.0,30171,217059,6998.0,1,7000.0,56,7002.0,19,7006.0,9,7010.0,18,7012.0,13,7016.0,4,7018.0,5,7020.0,128,7022.0,1,7010.0
SM409,,13:46:57.500#,7000.0,7070.0,6940.0,7646.0,6254.0,30175,217063,6998.0,1,7000.0,56,7002.0,19,7006.0,9,7010.0,14,7012.0,13,7016.0,4,7018.0,5,7020.0,128,7022.0,1,7010.0
SM409,,13:46:58.0#,7000.0,7070.0,6940.0,7646.0,6254.0,30179,217067,6998.0,1,7000.0,56,7002.0,19,7006.0,9,7010.0,10,7012.0,13,7016.0,4,7018.0,5,7020.0,128,7022.0,1,7010.0
SM409,,13:46:58.500#,7000.0,7070.0,6940.0,7646.0,6254.0,30182,217070,6998.0,1,7000.0,56,7002.0,19,7006.0,9,7010.0,7,7012.0,14,7016.0,4,7018.0,5,7020.0,128,7022.0,1,7010.0
SM409,,13:46:58.750#,7000.0,7070.0,6940.0,7646.0,6254.0,30186,217070,6998.0,1,7000.0,56,7002.0,19,7006.0,9,7010.0,3,7012.0,14,7016.0,4,7018.0,5,7020.0,128,7022.0,1,7010.0
SM409,,13:46:59.0#,7000.0,7070.0,6940.0,7646.0,6254.0,30189,217070,6996.0,28,6998.0,1,7000.0,56,7002.0,19,7006.0,9,7010.0,4,7012.0,10,7016.0,4,7018.0,5,7020.0,128,7010.0
SM409,,13:47:00.0#,7000.0,7070.0,6940.0,7646.0,6254.0,30189,217070,6996.0,28,6998.0,1,7000.0,56,7002.0,19,7006.0,9,7010.0,8,7012.0,10,7016.0,4,7018.0,5,7020.0,128,7010.0
SM409,,13:47:02.0#,7000.0,7070.0,6940.0,7646.0,6254.0,30198,217070,6994.0,21,6996.0,28,6998.0,1,7000.0,56,7002.0,19,7006.0,6,7010.0,4,7012.0,10,7016.0,4,7018.0,5,7006.0
SM409,,13:47:02.250#,7000.0,7070.0,6940.0,7646.0,6254.0,30198,217070,6994.0,25,6996.0,28,6998.0,1,7000.0,56,7002.0,19,7006.0,6,7010.0,4,7012.0,10,7016.0,4,7018.0,5,7006.0
SM409,,13:47:02.500#,7000.0,7070.0,6940.0,7646.0,6254.0,30198,217070,6994.0,25,6996.0,28,6998.0,1,7000.0,56,7002.0,19,7006.0,6,7010.0,4,7012.0,10,7016.0,4,7018.0,5,7006.0
SM409,,13:47:02.750#,7000.0,7070.0,6940.0,7646.0,6254.0,30198,217070,6994.0,25,6996.0,28,6998.0,1,7000.0,56,7002.0,19,7006.0,10,7010.0,4,7012.0,10,7016.0,4,7018.0,5,7006.0
SM409,,13:47:03.0#,7000.0,7070.0,6940.0,7646.0,6254.0,30198,217070,6994.0,25,6996.0,28,6998.0,1,7000.0,56,7002.0,19,7006.0,6,7010.0,4,7012.0,10,7016.0,4,7018.0,5,7006.0
SM409,,13:47:04.0#,7000.0,7070.0,6940.0,7646.0,6254.0,30198,217070,6994.0,25,6996.0,28,6998.0,1,7000.0,56,7002.0,25,7006.0,6,7010.0,4,7012.0,10,7016.0,4,7018.0,5,7006.0
SM409,,13:47:08.0#,7000.0,7070.0,6940.0,7646.0,6254.0,30199,217069,6994.0,25,6996.0,28,6998.0,1,7000.0,56,7002.0,24,7006.0,10,7010.0,4,7012.0,10,7016.0,4,7018.0,5,7002.0
SM409,,13:47:10.750#,7000.0,7070.0,6940.0,7646.0,6254.0,30203,217067,6994.0,25,6996.0,28,6998.0,1,7000.0,56,7002.0,20,7006.0,10,7010.0,4,7012.0,10,7016.0,4,7018.0,5,7002.0
SM409,,13:47:11.500#,7000.0,7070.0,6940.0,7646.0,6254.0,30204,217067,6994.0,25,6996.0,28,6998.0,1,7000.0,56,7002.0,19,7006.0,10,7010.0,4,7012.0,10,7016.0,4,7018.0,5,7002.0
SM409,,13:47:13.750#,7000.0,7070.0,6940.0,7646.0,6254.0,30204,217067,6994.0,25,6996.0,28,6998.0,1,7000.0,56,7002.0,19,7004.0,4,7006.0,6,7010.0,4,7012.0,10,7016.0,4,7002.0
SM409,,13:47:15.0#,7000.0,7070.0,6940.0,7646.0,6254.0,30204,217067,6994.0,25,6996.0,28,6998.0,1,7000.0,56,7002.0,23,7004.0,4,7006.0,6,7010.0,4,7012.0,10,7016.0,4,7002.0
SM409,,13:47:16.0#,7000.0,7070.0,6940.0,7646.0,6254.0,30208,217071,6994.0,25,6996.0,28,6998.0,1,7000.0,56,7002.0,19,7004.0,4,7006.0,6,7010.0,4,7012.0,10,7016.0,4,7002.0
SM409,,13:47:17.250#,7000.0,7070.0,6940.0,7646.0,6254.0,30212,217067,6996.0,28,6998.0,1,7000.0,56,7002.0,19,7004.0,6,7006.0,10,7010.0,4,7012.0,10,7016.0,4,7018.0,5,7004.0
SM409,,13:47:17.750#,7000.0,7070.0,6940.0,7646.0,6254.0,30212,217067,6996.0,28,6998.0,1,7000.0,56,7002.0,19,7004.0,6,7006.0,10,7010.0,4,7012.0,10,7016.0,4,7018.0,5,7004.0
SM409,,13:47:18.250#,7000.0,7070.0,6940.0,7646.0,6254.0,30212,217067,6996.0,28,6998.0,1,7000.0,56,7002.0,19,7004.0,6,7006.0,10,7010.0,4,7012.0,10,7018.0,5,7020.0,8,7004.0
SM409,,13:47:18.500#,7000.0,7070.0,6940.0,7646.0,6254.0,30218,217065,6994.0,25,6996.0,28,6998.0,1,7000.0,56,7002.0,19,7006.0,14,7010.0,4,7012.0,10,7018.0,5,7020.0,8,7004.0
SM409,,13:47:20.0#,7000.0,7070.0,6940.0,7646.0,6254.0,30218,217065,6994.0,25,6996.0,28,6998.0,1,7000.0,56,7002.0,19,7004.0,18,7006.0,6,7010.0,4,7012.0,10,7018.0,5,7004.0
SM409,,13:47:20.500#,7000.0,7070.0,6940.0,7646.0,6254.0,30218,217065,6994.0,25,6996.0,28,6998.0,1,7000.0,56,7002.0,19,7004.0,17,7006.0,6,7010.0,4,7012.0,10,7018.0,5,7004.0
SM409,,13:47:20.750#,7000.0,7070.0,6940.0,7646.0,6254.0,30218,217065,6994.0,25,6996.0,28,6998.0,1,7000.0,56,7002.0,19,7006.0,14,7010.0,4,7012.0,10,7018.0,5,7020.0,8,7004.0
SM409,,13:47:21.0#,7000.0,7070.0,6940.0,7646.0,6254.0,30218,217065,6994.0,25,6996.0,28,6998.0,1,7000.0,56,7002.0,19,7006.0,20,7010.0,4,7012.0,10,7018.0,5,7020.0,8,7004.0
SM409,,13:47:21.500#,7000.0,7070.0,6940.0,7646.0,6254.0,30218,217065,6994.0,25,6996.0,28,6998.0,1,7000.0,56,7002.0,19,7006.0,6,7010.0,4,7012.0,10,7018.0,5,7020.0,8,7004.0
SM409,,13:47:21.750#,7000.0,7070.0,6940.0,7646.0,6254.0,30218,217065,6996.0,28,6998.0,1,7000.0,56,7002.0,19,7004.0,8,7006.0,6,7010.0,4,7012.0,10,7018.0,5,7020.0,8,7004.0
SM409,,13:47:23.250#,7000.0,7070.0,6940.0,7646.0,6254.0,30218,217065,6996.0,28,6998.0,1,7000.0,56,7002.0,19,7004.0,8,7006.0,16,7010.0,4,7018.0,5,7020.0,8,7022.0,1,7004.0
SM409,,13:47:24.750#,7000.0,7070.0,6940.0,7646.0,6254.0,30228,217061,6996.0,28,6998.0,1,7000.0,56,7002.0,19,7004.0,8,7006.0,6,7010.0,4,7018.0,5,7020.0,8,7022.0,1,7006.0
SM409,,13:47:25.0#,7000.0,7070.0,6940.0,7646.0,6254.0,30234,217055,6996.0,28,6998.0,1,7000.0,56,7002.0,19,7004.0,8,7010.0,4,7018.0,5,7020.0,8,7022.0,1,7028.0,16,7006.0
SM409,,13:47:25.250#,7000.0,7070.0,6940.0,7646.0,6254.0,30234,217055,6998.0,1,7000.0,56,7002.0,19,7004.0,11,7006.0,11,7010.0,4,7018.0,5,7020.0,8,7022.0,1,7028.0,16,7006.0
SM409,,13:47:25.500#,7000.0,7070.0,6940.0,7646.0,6254.0,30241,217048,6998.0,1,7000.0,56,7002.0,19,7004.0,3,7006.0,11,7008.0,11,7018.0,5,7020.0,8,7022.0,1,7028.0,16,7008.0
SM409,,13:47:27.0#,7000.0,7070.0,6940.0,7646.0,6254.0,30242,217048,6998.0,1,7000.0,56,7002.0,19,7004.0,3,7006.0,10,7008.0,10,7018.0,5,7020.0,8,7022.0,1,7028.0,16,7006.0
SM409,,13:47:28.500#,7000.0,7070.0,6940.0,7646.0,6254.0,30242,217048,6998.0,1,7000.0,56,7002.0,19,7004.0,3,7006.0,10,7008.0,1,7018.0,5,7020.0,8,7022.0,1,7028.0,16,7006.0
SM409,,13:47:28.750#,7000.0,7070.0,6940.0,7646.0,6254.0,30242,217048,6998.0,1,7000.0,56,7002.0,19,7004.0,3,7006.0,10,7010.0,1,7018.0,5,7020.0,8,7022.0,1,7028.0,16,7006.0
SM409,,13:47:29.0#,7000.0,7070.0,6940.0,7646.0,6254.0,30242,217048,7000.0,56,7002.0,19,7004.0,3,7006.0,10,7008.0,7,7012.0,1,7018.0,5,7020.0,8,7022.0,1,7028.0,16,7006.0
SM409,,13:47:29.250#,7000.0,7070.0,6940.0,7646.0,6254.0,30242,217048,7002.0,19,7004.0,3,7006.0,3,7008.0,7,7010.0,4,7012.0,1,7018.0,5,7020.0,8,7022.0,1,7028.0,16,7006.0
SM409,,13:47:29.750#,7000.0,7070.0,6940.0,7646.0,6254.0,30242,217048,7002.0,19,7004.0,3,7006.0,3,7008.0,7,7010.0,4,7014.0,10,7018.0,5,7020.0,8,7022.0,1,7028.0,16,7006.0
SM409,,13:47:30.0#,7000.0,7070.0,6940.0,7646.0,6254.0,30242,217048,7002.0,18,7004.0,3,7006.0,3,7008.0,7,7010.0,4,7014.0,10,7018.0,5,7020.0,8,7022.0,1,7028.0,16,7006.0
SM409,,13:47:32.250#,7000.0,7070.0,6940.0,7646.0,6254.0,30242,217048,7002.0,18,7004.0,3,7006.0,3,7008.0,7,7010.0,4,7014.0,15,7018.0,5,7020.0,8,7022.0,1,7028.0,16,7006.0
SM409,,13:47:37.0#,7000.0,7070.0,6940.0,7646.0,6254.0,30243,217047,7002.0,18,7004.0,3,7006.0,3,7008.0,7,7010.0,3,7014.0,15,7018.0,5,7020.0,8,7022.0,1,7028.0,16,7010.0
SM409,,13:47:38.250#,7000.0,7070.0,6940.0,7646.0,6254.0,30243,217047,7002.0,18,7004.0,3,7006.0,3,7008.0,7,7010.0,3,7014.0,10,7018.0,5,7020.0,8,7022.0,1,7028.0,16,7010.0
SM409,,13:47:38.750#,7000.0,7070.0,6940.0,7646.0,6254.0,30243,217047,7002.0,18,7004.0,3,7006.0,3,7008.0,7,7010.0,3,7014.0,5,7018.0,5,7020.0,8,7022.0,1,7028.0,16,7010.0
SM409,,13:47:41.0#,7000.0,7070.0,6940.0,7646.0,6254.0,30243,217047,7002.0,18,7004.0,3,7006.0,3,7008.0,7,7010.0,3,7014.0,5,7018.0,5,7020.0,8,7022.0,1,7028.0,16,7010.0
SM409,,13:47:42.250#,7000.0,7070.0,6940.0,7646.0,6254.0,30243,217047,7002.0,18,7004.0,3,7006.0,3,7008.0,7,7010.0,3,7014.0,9,7018.0,5,7020.0,8,7022.0,1,7028.0,16,7010.0
SM409,,13:47:42.500#,7000.0,7070.0,6940.0,7646.0,6254.0,30243,217047,7002.0,18,7004.0,3,7006.0,3,7008.0,7,7010.0,3,7014.0,10,7018.0,5,7020.0,8,7022.0,1,7028.0,16,7010.0
SM409,,13:47:42.750#,7000.0,7070.0,6940.0,7646.0,6254.0,30244,217046,7002.0,18,7004.0,3,7006.0,3,7008.0,7,7010.0,3,7014.0,10,7018.0,5,7020.0,8,7022.0,1,7028.0,16,7014.0
SM409,,13:47:43.0#,7000.0,7070.0,6940.0,7646.0,6254.0,30249,217051,7004.0,3,7006.0,3,7008.0,7,7010.0,3,7014.0,15,7016.0,20,7018.0,5,7020.0,8,7022.0,1,7028.0,16,7014.0
SM409,,13:47:43.250#,7000.0,7070.0,6940.0,7646.0,6254.0,30264,217066,6998.0,1,7000.0,56,7002.0,18,7008.0,7,7010.0,3,7016.0,20,7018.0,5,7020.0,8,7022.0,1,7028.0,16,7014.0
SM409,,13:47:43.500#,7000.0,7070.0,6940.0,7646.0,6254.0,30264,217066,6998.0,1,7000.0,56,7002.0,18,7008.0,7,7010.0,3,7016.0,20,7018.0,5,7020.0,8,7022.0,1,7028.0,16,7014.0
SM409,,13:47:43.750#,7000.0,7070.0,6940.0,7646.0,6254.0,30264,217066,6998.0,1,7000.0,56,7002.0,18,7008.0,7,7010.0,3,7016.0,20,7018.0,5,7020.0,8,7022.0,1,7028.0,16,7014.0
SM409,,13:47:48.750#,7000.0,7070.0,6940.0,7646.0,6254.0,30264,217066,6998.0,1,7000.0,56,7002.0,18,7008.0,7,7010.0,3,7016.0,11,7018.0,5,7020.0,8,7022.0,1,7028.0,16,7014.0
SM409,,13:47:49.500#,7000.0,7070.0,6940.0,7646.0,6254.0,30264,217066,6998.0,1,7000.0,56,7002.0,18,7008.0,7,7010.0,3,7016.0,11,7018.0,13,7020.0,8,7022.0,1,7028.0,16,7014.0
SM409,,13:47:49.750#,7000.0,7070.0,6940.0,7646.0,6254.0,30264,217066,7000.0,56,7002.0,18,7008.0,7,7010.0,3,7012.0,1,7016.0,20,7018.0,13,7020.0,8,7022.0,1,7028.0,16,7014.0
SM409,,13:47:51.250#,7000.0,7070.0,6940.0,7646.0,6254.0,30264,217066,7000.0,56,7002.0,18,7008.0,7,7010.0,3,7012.0,1,7016.0,11,7018.0,13,7020.0,8,7022.0,1,7028.0,16,7014.0
SM409,,13:47:51.500#,7000.0,7070.0,6940.0,7646.0,6254.0,30264,217066,7000.0,56,7002.0,18,7008.0,7,7010.0,3,7012.0,1,7016.0,20,7018.0,13,7020.0,8,7022.0,1,7028.0,16,7014.0
SM409,,13:47:52.250#,7000.0,7070.0,6940.0,7646.0,6254.0,30264,217066,7000.0,56,7002.0,18,7008.0,7,7010.0,3,7012.0,1,7016.0,24,7018.0,13,7020.0,8,7022.0,1,7028.0,16,7014.0
SM409,,13:47:53.250#,7000.0,7070.0,6940.0,7646.0,6254.0,30264,217066,7000.0,56,7002.0,18,7008.0,7,7010.0,3,7012.0,1,7016.0,18,7018.0,13,7020.0,8,7022.0,1,7028.0,16,7014.0
SM409,,13:47:53.500#,7000.0,7070.0,6940.0,7646.0,6254.0,30264,217066,7000.0,56,7002.0,18,7008.0,7,7010.0,3,7012.0,1,7016.0,22,7018.0,13,7020.0,8,7022.0,1,7028.0,16,7014.0
SM409,,13:47:53.750#,7000.0,7070.0,6940.0,7646.0,6254.0,30264,217066,7000.0,56,7002.0,18,7008.0,7,7010.0,3,7012.0,1,7016.0,21,7018.0,13,7020.0,8,7022.0,1,7028.0,16,7014.0
SM409,,13:47:55.250#,7000.0,7070.0,6940.0,7646.0,6254.0,30264,217066,7000.0,56,7002.0,18,7008.0,7,7010.0,3,7012.0,1,7016.0,15,7018.0,13,7020.0,8,7022.0,1,7028.0,16,7014.0
SM409,,13:47:55.750#,7000.0,7070.0,6940.0,7646.0,6254.0,30264,217066,7000.0,56,7002.0,18,7008.0,7,7010.0,3,7012.0,1,7016.0,24,7018.0,13,7020.0,4,7022.0,1,7028.0,16,7014.0
SM409,,13:47:56.0#,7000.0,7070.0,6940.0,7646.0,6254.0,30264,217066,6998.0,1,7000.0,56,7002.0,18,7008.0,7,7010.0,3,7016.0,15,7018.0,13,7020.0,4,7022.0,1,7028.0,16,7014.0
SM409,,13:47:56.250#,7000.0,7070.0,6940.0,7646.0,6254.0,30264,217066,6998.0,1,7000.0,56,7002.0,18,7008.0,7,7010.0,3,7016.0,24,7018.0,13,7020.0,4,7022.0,1,7028.0,16,7014.0
SM409,,13:47:57.250#,7000.0,7070.0,6940.0,7646.0,6254.0,30264,217066,6998.0,1,7000.0,56,7002.0,18,7008.0,7,7010.0,3,7016.0,16,7018.0,13,7020.0,4,7022.0,1,7028.0,16,7014.0
SM409,,13:47:57.750#,7000.0,7070.0,6940.0,7646.0,6254.0,30264,217066,6998.0,1,7000.0,56,7002.0,18,7008.0,7,7010.0,3,7016.0,17,7018.0,13,7020.0,4,7022.0,1,7028.0,16,7014.0
SM409,,13:47:58.750#,7000.0,7070.0,6940.0,7646.0,6254.0,30264,217066,6998.0,1,7000.0,56,7002.0,18,7008.0,7,7010.0,3,7016.0,16,7018.0,13,7020.0,4,7022.0,1,7028.0,16,7014.0
SM409,,13:48:02.250#,7000.0,7070.0,6940.0,7646.0,6254.0,30264,217066,6998.0,1,7000.0,56,7002.0,18,7008.0,7,7010.0,3,7016.0,15,7018.0,13,7020.0,4,7022.0,1,7028.0,16,7014.0
SM409,,13:48:02.500#,7000.0,7070.0,6940.0,7646.0,6254.0,30264,217066,7000.0,56,7002.0,18,7008.0,7,7010.0,3,7012.0,1,7016.0,15,7018.0,13,7020.0,4,7022.0,1,7028.0,16,7014.0
SM409,,13:48:04.500#,7000.0,7070.0,6940.0,7646.0,6254.0,30264,217066,7000.0,56,7002.0,18,7008.0,7,7010.0,3,7012.0,1,7014.0,2,7016.0,4,7018.0,13,7020.0,4,7022.0,1,7014.0
SM409,,13:48:07.250#,7000.0,7070.0,6940.0,7646.0,6254.0,30265,217065,6998.0,1,7000.0,56,7002.0,18,7008.0,7,7010.0,3,7012.0,4,7014.0,2,7016.0,4,7018.0,13,7020.0,4,7012.0
SM409,,13:48:08.250#,7000.0,7070.0,6940.0,7646.0,6254.0,30265,217065,6998.0,1,7000.0,56,7002.0,18,7008.0,7,7010.0,3,7012.0,4,7014.0,6,7016.0,4,7018.0,13,7020.0,4,7012.0
SM409,,13:48:12.750#,7000.0,7070.0,6940.0,7646.0,6254.0,30265,217065,6998.0,1,7000.0,56,7002.0,18,7008.0,7,7010.0,3,7012.0,4,7014.0,6,7016.0,4,7018.0,132,7020.0,4,7012.0
SM409,,13:48:13.0#,7000.0,7070.0,6940.0,7646.0,6254.0,30265,217065,6996.0,28,6998.0,1,7000.0,56,7002.0,18,7010.0,3,7012.0,4,7014.0,2,7016.0,4,7018.0,132,7020.0,4,7012.0
SM409,,13:48:14.0#,7000.0,7070.0,6940.0,7646.0,6254.0,30265,217065,6996.0,28,6998.0,1,7000.0,56,7002.0,18,7010.0,3,7012.0,4,7014.0,7,7016.0,4,7018.0,127,7020.0,4,7012.0
SM409,,13:48:16.500#,7000.0,7070.0,6940.0,7646.0,6254.0,30268,217062,6994.0,25,6996.0,28,6998.0,1,7000.0,56,7002.0,22,7010.0,7,7012.0,4,7014.0,7,7016.0,4,7018.0,127,7010.0
SM409,,13:48:16.750#,7000.0,7070.0,6940.0,7646.0,6254.0,30268,217062,6996.0,28,6998.0,1,7000.0,56,7002.0,18,7004.0,27,7010.0,7,7012.0,4,7014.0,7,7016.0,4,7018.0,127,7010.0
SM409,,13:48:17.0#,7000.0,7070.0,6940.0,7646.0,6254.0,30268,217062,6996.0,28,6998.0,1,7000.0,56,7002.0,18,7004.0,31,7010.0,7,7012.0,4,7014.0,7,7016.0,4,7018.0,127,7010.0
SM409,,13:48:18.0#,7000.0,7070.0,6940.0,7646.0,6254.0,30268,217062,6996.0,28,6998.0,1,7000.0,56,7002.0,18,7004.0,37,7010.0,7,7012.0,4,7014.0,7,7016.0,4,7018.0,127,7010.0
SM409,,13:48:20.0#,7000.0,7070.0,6940.0,7646.0,6254.0,30268,217062,6996.0,28,6998.0,1,7000.0,56,7002.0,18,7004.0,37,7012.0,4,7014.0,7,7016.0,4,7018.0,127,7020.0,4,7010.0
SM409,,13:48:22.0#,7000.0,7070.0,6940.0,7646.0,6254.0,30268,217062,6996.0,28,6998.0,1,7000.0,56,7002.0,18,7004.0,31,7012.0,4,7014.0,7,7016.0,4,7018.0,127,7020.0,4,7010.0
SM409,,13:48:28.250#,7000.0,7070.0,6940.0,7646.0,6254.0,30268,217062,6996.0,28,6998.0,1,7000.0,56,7002.0,18,7004.0,31,7012.0,4,7014.0,7,7016.0,8,7018.0,127,7020.0,4,7010.0
SM409,,13:48:28.500#,7000.0,7070.0,6940.0,7646.0,6254.0,30268,217062,6996.0,28,6998.0,1,7000.0,56,7002.0,18,7004.0,31,7010.0,1,7012.0,4,7014.0,7,7016.0,8,7018.0,127,7010.0
SM409,,13:48:28.750#,7000.0,7070.0,6940.0,7646.0,6254.0,30268,217062,6998.0,1,7000.0,56,7002.0,18,7004.0,27,7006.0,4,7010.0,1,7012.0,4,7014.0,7,7016.0,8,7018.0,127,7010.0
SM409,,13:48:29.0#,7000.0,7070.0,6940.0,7646.0,6254.0,30268,217062,6998.0,1,7000.0,56,7002.0,18,7004.0,15,7006.0,4,7010.0,1,7012.0,4,7014.0,7,7016.0,8,7018.0,127,7010.0
SM409,,13:48:31.250#,7000.0,7070.0,6940.0,7646.0,6254.0,30268,217062,6998.0,1,7000.0,56,7002.0,18,7004.0,15,7006.0,4,7010.0,1,7012.0,4,7014.0,7,7016.0,8,7018.0,127,7010.0
SM409,,13:48:32.250#,7000.0,7070.0,6940.0,7646.0,6254.0,30268,217062,6998.0,1,7000.0,56,7002.0,18,7004.0,25,7006.0,4,7010.0,1,7012.0,4,7014.0,7,7016.0,8,7018.0,127,7010.0
SM409,,13:48:34.0#,7000.0,7070.0,6940.0,7646.0,6254.0,30269,217062,7000.0,56,7002.0,18,7004.0,25,7006.0,4,7010.0,3,7012.0,4,7014.0,7,7016.0,8,7018.0,127,7020.0,4,7010.0
SM409,,13:48:34.250#,7000.0,7070.0,6940.0,7646.0,6254.0,30269,217062,7000.0,56,7002.0,18,7004.0,17,7006.0,4,7010.0,3,7012.0,4,7014.0,7,7016.0,8,7018.0,127,7020.0,4,7010.0
SM409,,13:48:35.500#,7000.0,7070.0,6940.0,7646.0,6254.0,30272,217062,6998.0,1,7000.0,56,7002.0,18,7004.0,17,7006.0,4,7010.0,2,7012.0,4,7014.0,7,7016.0,8,7018.0,127,7010.0
SM409,,13:48:38.0#,7000.0,7070.0,6940.0,7646.0,6254.0,30272,217062,6998.0,1,7000.0,56,7002.0,18,7004.0,17,7006.0,4,7010.0,2,7012.0,4,7014.0,7,7016.0,8,7018.0,127,7010.0
SM409,,13:48:40.500#,7000.0,7070.0,6940.0,7646.0,6254.0,30274,217060,7000.0,56,7002.0,18,7004.0,17,7006.0,2,7008.0,7,7010.0,2,7012.0,4,7014.0,7,7016.0,8,7018.0,127,7006.0
SM409,,13:48:43.750#,7000.0,7070.0,6940.0,7646.0,6254.0,30274,217060,7000.0,56,7002.0,18,7004.0,21,7006.0,2,7008.0,7,7010.0,2,7012.0,4,7014.0,7,7016.0,8,7018.0,127,7006.0
SM409,,13:48:44.0#,7000.0,7070.0,6940.0,7646.0,6254.0,30274,217060,7000.0,56,7002.0,18,7004.0,21,7006.0,2,7008.0,7,7010.0,2,7012.0,4,7014.0,7,7016.0,8,7018.0,8,7006.0
SM409,,13:48:45.500#,7000.0,7070.0,6940.0,7646.0,6254.0,30274,217060,7000.0,56,7002.0,18,7004.0,21,7006.0,12,7008.0,7,7010.0,2,7012.0,4,7014.0,7,7016.0,8,7018.0,8,7006.0
SM409,,13:48:48.250#,7000.0,7070.0,6940.0,7646.0,6254.0,30274,217060,6998.0,1,7000.0,56,7002.0,18,7004.0,21,7006.0,12,7010.0,2,7012.0,4,7014.0,7,7016.0,8,7018.0,8,7006.0
SM409,,13:48:48.500#,7000.0,7070.0,6940.0,7646.0,6254.0,30274,217060,7000.0,56,7002.0,18,7004.0,21,7006.0,12,7008.0,7,7010.0,2,7012.0,4,7014.0,7,7016.0,8,7018.0,8,7006.0
SM409,,13:48:48.750#,7000.0,7070.0,6940.0,7646.0,6254.0,30274,217060,6998.0,1,7000.0,56,7002.0,18,7004.0,21,7006.0,12,7010.0,2,7012.0,4,7014.0,7,7016.0,8,7018.0,8,7006.0
SM409,,13:48:49.0#,7000.0,7070.0,6940.0,7646.0,6254.0,30276,217060,7000.0,56,7002.0,18,7004.0,21,7006.0,12,7008.0,5,7010.0,2,7012.0,4,7014.0,7,7016.0,8,7018.0,8,7008.0
SM409,,13:48:49.250#,7000.0,7070.0,6940.0,7646.0,6254.0,30276,217060,6998.0,1,7000.0,56,7002.0,18,7004.0,21,7006.0,12,7010.0,2,7012.0,4,7014.0,7,7016.0,8,7018.0,8,7008.0
SM409,,13:48:50.500#,7000.0,7070.0,6940.0,7646.0,6254.0,30276,217060,6998.0,1,7000.0,56,7002.0,18,7004.0,21,7006.0,12,7008.0,1,7010.0,2,7012.0,4,7014.0,7,7016.0,8,7008.0
SM409,,13:48:55.0#,7000.0,7070.0,6940.0,7646.0,6254.0,30277,217060,7000.0,56,7002.0,18,7004.0,21,7006.0,12,7008.0,4,7010.0,2,7012.0,4,7014.0,7,7016.0,8,7018.0,8,7008.0
SM409,,13:48:57.0#,7000.0,7070.0,6940.0,7646.0,6254.0,30277,217060,7000.0,56,7002.0,18,7004.0,21,7006.0,12,7008.0,4,7010.0,2,7012.0,4,7014.0,7,7016.0,8,7018.0,8,7008.0
SM409,,13:48:59.500#,7000.0,7070.0,6940.0,7646.0,6254.0,30277,217060,7000.0,56,7002.0,18,7004.0,21,7006.0,12,7008.0,4,7010.0,2,7012.0,4,7014.0,7,7016.0,8,7018.0,8,7008.0
SM409,,13:49:00.250#,7000.0,7070.0,6940.0,7646.0,6254.0,30279,217060,7002.0,18,7004.0,21,7006.0,12,7008.0,4,7010.0,8,7012.0,4,7014.0,7,7016.0,8,7018.0,8,7020.0,4,7010.0
SM409,,13:49:07.500#,7000.0,7070.0,6940.0,7646.0,6254.0,30283,217064,7002.0,18,7004.0,21,7006.0,12,7008.0,4,7010.0,4,7012.0,4,7014.0,7,7016.0,8,7018.0,8,7020.0,4,7010.0
SM409,,13:49:17.500#,7000.0,7070.0,6940.0,7646.0,6254.0,30283,217064,7002.0,18,7004.0,21,7006.0,12,7008.0,4,7010.0,4,7012.0,8,7014.0,7,7016.0,8,7018.0,8,7020.0,4,7010.0
SM409,,13:49:19.0#,7000.0,7070.0,6940.0,7646.0,6254.0,30287,217064,7002.0,18,7004.0,21,7006.0,12,7008.0,4,7010.0,4,7012.0,4,7014.0,7,7016.0,8,7018.0,8,7020.0,4,7012.0
SM409,,13:49:24.500#,7000.0,7070.0,6940.0,7646.0,6254.0,30291,217064,7002.0,18,7004.0,21,7006.0,12,7008.0,4,7010.0,4,7014.0,7,7016.0,8,7018.0,8,7020.0,4,7022.0,1,7012.0
