InstrumentId,ExchangeId,Datetime,OpenPrice,HighestPrice,LowestPrice,UpperLimitPrice,LowerLimitPrice,Volume,OpenInterest,BidPrice5,BidVolume5,BidPrice4,BidVolume4,BidPrice3,BidVolume3,BidPrice2,BidVolume2,BidPrice1,BidVolume1,AskPrice1,AskVolume1,AskPrice2,AskVolume2,AskPrice3,AskVolume3,AskPrice4,AskVolume4,AskPrice5,AskVolume5,LastPrice
SM411,,13:38:35.250#,7294.0,7346.0,7202.0,7940.0,6496.0,1500,23491,7216.0,1,7232.0,4,7246.0,1,7252.0,1,7260.0,8,7266.0,1,7268.0,1,7308.0,100,7312.0,4,7324.0,1,7260.0
SM411,,13:38:35.500#,7294.0,7346.0,7202.0,7940.0,6496.0,1500,23491,7216.0,1,7232.0,4,7246.0,1,7252.0,1,7260.0,6,7268.0,2,7308.0,100,7312.0,4,7324.0,1,7342.0,1,7260.0
SM411,,13:38:36.0#,7294.0,7346.0,7202.0,7940.0,6496.0,1500,23491,7216.0,1,7232.0,4,7246.0,1,7252.0,1,7260.0,1,7268.0,2,7308.0,100,7312.0,4,7324.0,1,7342.0,1,7260.0
SM411,,13:38:36.250#,7294.0,7346.0,7202.0,7940.0,6496.0,1500,23491,7216.0,1,7232.0,4,7246.0,1,7252.0,1,7260.0,1,7266.0,1,7268.0,1,7308.0,100,7312.0,4,7324.0,1,7260.0
SM411,,13:38:36.500#,7294.0,7346.0,7202.0,7940.0,6496.0,1500,23491,7216.0,1,7232.0,4,7246.0,1,7252.0,1,7258.0,10,7266.0,1,7268.0,1,7308.0,100,7312.0,4,7324.0,1,7260.0
SM411,,13:38:37.750#,7294.0,7346.0,7202.0,7940.0,6496.0,1500,23491,7216.0,1,7232.0,4,7246.0,1,7252.0,1,7256.0,7,7266.0,1,7268.0,1,7308.0,100,7312.0,4,7324.0,1,7260.0
SM411,,13:38:38.0#,7294.0,7346.0,7202.0,7940.0,6496.0,1500,23491,7216.0,1,7232.0,4,7246.0,1,7252.0,1,7256.0,7,7264.0,1,7268.0,1,7308.0,100,7312.0,4,7324.0,1,7260.0
SM411,,13:38:38.250#,7294.0,7346.0,7202.0,7940.0,6496.0,1500,23491,7212.0,1,7216.0,1,7232.0,4,7246.0,1,7256.0,7,7264.0,1,7268.0,1,7308.0,100,7312.0,4,7324.0,1,7260.0
SM411,,13:38:38.500#,7294.0,7346.0,7202.0,7940.0,6496.0,1500,23491,7216.0,1,7232.0,4,7246.0,1,7250.0,1,7256.0,7,7264.0,1,7308.0,100,7312.0,4,7324.0,1,7342.0,1,7260.0
SM411,,13:38:38.750#,7294.0,7346.0,7202.0,7940.0,6496.0,1500,23491,7216.0,1,7232.0,4,7246.0,1,7250.0,1,7256.0,7,7264.0,1,7266.0,1,7308.0,100,7312.0,4,7324.0,1,7260.0
SM411,,13:38:39.0#,7294.0,7346.0,7202.0,7940.0,6496.0,1500,23491,7216.0,1,7232.0,4,7246.0,1,7250.0,1,7256.0,7,7262.0,1,7266.0,1,7308.0,100,7312.0,4,7324.0,1,7260.0
SM411,,13:38:39.250#,7294.0,7346.0,7202.0,7940.0,6496.0,1500,23491,7216.0,1,7232.0,4,7246.0,1,7250.0,1,7256.0,7,7262.0,1,7308.0,100,7312.0,4,7324.0,1,7342.0,1,7260.0
SM411,,13:38:39.500#,7294.0,7346.0,7202.0,7940.0,6496.0,1500,23491,7216.0,1,7232.0,4,7246.0,1,7250.0,1,7256.0,7,7262.0,1,7264.0,1,7308.0,100,7312.0,4,7324.0,1,7260.0
SM411,,13:38:39.750#,7294.0,7346.0,7202.0,7940.0,6496.0,1500,23491,7216.0,1,7232.0,4,7246.0,1,7250.0,1,7256.0,7,7264.0,2,7308.0,100,7312.0,4,7324.0,1,7342.0,1,7260.0
SM411,,13:38:40.250#,7294.0,7346.0,7202.0,7940.0,6496.0,1500,23491,7216.0,1,7232.0,4,7246.0,1,7250.0,1,7256.0,7,7262.0,1,7264.0,1,7308.0,100,7312.0,4,7324.0,1,7260.0
SM411,,13:38:40.500#,7294.0,7346.0,7202.0,7940.0,6496.0,1500,23491,7216.0,1,7232.0,4,7246.0,1,7250.0,1,7256.0,7,7264.0,2,7308.0,100,7312.0,4,7324.0,1,7342.0,1,7260.0
SM411,,13:38:41.250#,7294.0,7346.0,7202.0,7940.0,6496.0,1500,23491,7216.0,1,7232.0,4,7246.0,1,7250.0,1,7256.0,2,7264.0,2,7308.0,100,7312.0,4,7324.0,1,7342.0,1,7260.0
SM411,,13:38:41.500#,7294.0,7346.0,7202.0,7940.0,6496.0,1500,23491,7216.0,1,7232.0,4,7246.0,1,7250.0,1,7256.0,1,7260.0,1,7264.0,1,7308.0,100,7312.0,4,7324.0,1,7260.0
SM411,,13:38:41.750#,7294.0,7346.0,7202.0,7940.0,6496.0,1500,23491,7216.0,1,7232.0,4,7246.0,1,7250.0,1,7256.0,1,7260.0,1,7308.0,100,7312.0,4,7324.0,1,7342.0,1,7260.0
SM411,,13:38:42.0#,7294.0,7346.0,7202.0,7940.0,6496.0,1500,23491,7212.0,1,7232.0,4,7246.0,1,7250.0,1,7256.0,1,7262.0,2,7308.0,100,7312.0,4,7324.0,1,7342.0,1,7260.0
SM411,,13:38:42.500#,7294.0,7346.0,7202.0,7940.0,6496.0,1500,23491,7212.0,1,7232.0,4,7246.0,1,7250.0,1,7256.0,1,7258.0,1,7262.0,1,7308.0,100,7312.0,4,7324.0,1,7260.0
SM411,,13:38:43.0#,7294.0,7346.0,7202.0,7940.0,6496.0,1500,23491,7212.0,1,7232.0,4,7246.0,1,7250.0,1,7256.0,1,7258.0,1,7262.0,1,7306.0,1,7308.0,100,7312.0,4,7260.0
SM411,,13:38:44.0#,7294.0,7346.0,7202.0,7940.0,6496.0,1500,23491,7212.0,1,7232.0,4,7246.0,1,7250.0,1,7256.0,1,7258.0,1,7262.0,1,7308.0,100,7312.0,4,7342.0,1,7260.0
SM411,,13:38:44.250#,7294.0,7346.0,7202.0,7940.0,6496.0,1500,23491,7212.0,1,7232.0,4,7246.0,1,7250.0,1,7256.0,1,7258.0,1,7308.0,100,7312.0,4,7342.0,1,7346.0,1,7260.0
SM411,,13:38:44.500#,7294.0,7346.0,7202.0,7940.0,6496.0,1500,23491,7212.0,1,7232.0,4,7246.0,1,7250.0,1,7256.0,1,7258.0,1,7260.0,1,7308.0,100,7312.0,5,7342.0,1,7260.0
SM411,,13:38:44.750#,7294.0,7346.0,7202.0,7940.0,6496.0,1500,23491,7212.0,1,7232.0,4,7246.0,1,7250.0,1,7256.0,1,7260.0,2,7308.0,100,7312.0,5,7342.0,1,7346.0,1,7260.0
SM411,,13:38:45.250#,7294.0,7346.0,7202.0,7940.0,6496.0,1500,23491,7212.0,1,7232.0,4,7246.0,1,7250.0,1,7256.0,1,7262.0,1,7308.0,100,7312.0,5,7342.0,1,7346.0,1,7260.0
SM411,,13:38:45.500#,7294.0,7346.0,7202.0,7940.0,6496.0,1500,23491,7212.0,1,7232.0,4,7246.0,1,7250.0,1,7256.0,1,7262.0,1,7264.0,1,7308.0,100,7312.0,5,7342.0,1,7260.0
SM411,,13:38:46.750#,7294.0,7346.0,7202.0,7940.0,6496.0,1500,23491,7212.0,1,7232.0,4,7246.0,1,7250.0,1,7256.0,1,7264.0,2,7308.0,100,7312.0,5,7342.0,1,7346.0,1,7260.0
SM411,,13:38:47.0#,7294.0,7346.0,7202.0,7940.0,6496.0,1500,23491,7212.0,1,7232.0,4,7246.0,1,7250.0,1,7256.0,1,7266.0,7,7308.0,100,7312.0,4,7342.0,1,7346.0,1,7260.0
SM411,,13:38:47.250#,7294.0,7346.0,7202.0,7940.0,6496.0,1500,23491,7212.0,1,7232.0,4,7246.0,1,7250.0,1,7256.0,1,7258.0,1,7266.0,1,7308.0,100,7312.0,4,7342.0,1,7260.0
SM411,,13:38:47.500#,7294.0,7346.0,7202.0,7940.0,6496.0,1500,23491,7212.0,1,7232.0,4,7246.0,1,7250.0,1,7256.0,1,7258.0,1,7266.0,1,7308.0,100,7312.0,4,7318.0,1,7260.0
SM411,,13:38:49.500#,7294.0,7346.0,7202.0,7940.0,6496.0,1500,23491,7212.0,1,7232.0,4,7246.0,1,7250.0,1,7256.0,1,7260.0,1,7266.0,1,7308.0,100,7312.0,4,7318.0,1,7260.0
SM411,,13:38:49.750#,7294.0,7346.0,7202.0,7940.0,6496.0,1500,23491,7212.0,1,7232.0,4,7246.0,1,7250.0,1,7256.0,1,7260.0,1,7308.0,100,7312.0,4,7318.0,1,7342.0,1,7260.0
SM411,,13:38:50.0#,7294.0,7346.0,7202.0,7940.0,6496.0,1500,23491,7212.0,1,7232.0,4,7246.0,1,7250.0,1,7256.0,1,7260.0,1,7262.0,1,7308.0,100,7312.0,4,7318.0,1,7260.0
SM411,,13:38:53.0#,7294.0,7346.0,7202.0,7940.0,6496.0,1500,23491,7212.0,1,7232.0,4,7246.0,1,7250.0,1,7256.0,1,7262.0,2,7308.0,100,7312.0,4,7318.0,1,7342.0,1,7260.0
SM411,,13:38:53.250#,7294.0,7346.0,7202.0,7940.0,6496.0,1500,23491,7212.0,1,7232.0,4,7246.0,1,7250.0,1,7256.0,1,7262.0,21,7308.0,100,7312.0,4,7318.0,1,7342.0,1,7260.0
SM411,,13:38:53.500#,7294.0,7346.0,7202.0,7940.0,6496.0,1500,23491,7212.0,1,7232.0,4,7246.0,1,7250.0,1,7256.0,1,7262.0,21,7266.0,1,7308.0,100,7312.0,4,7318.0,1,7260.0
SM411,,13:38:54.0#,7294.0,7346.0,7202.0,7940.0,6496.0,1500,23491,7212.0,1,7232.0,4,7246.0,1,7250.0,1,7256.0,1,7262.0,25,7266.0,1,7308.0,100,7312.0,4,7318.0,1,7260.0
SM411,,13:38:55.0#,7294.0,7346.0,7202.0,7940.0,6496.0,1500,23491,7212.0,1,7232.0,4,7246.0,1,7250.0,1,7256.0,1,7262.0,24,7266.0,1,7308.0,100,7312.0,4,7318.0,1,7260.0
SM411,,13:38:56.0#,7294.0,7346.0,7202.0,7940.0,6496.0,1500,23491,7212.0,1,7232.0,4,7246.0,1,7250.0,1,7256.0,1,7262.0,24,7308.0,100,7312.0,4,7318.0,1,7342.0,1,7260.0
SM411,,13:38:56.250#,7294.0,7346.0,7202.0,7940.0,6496.0,1500,23491,7210.0,1,7212.0,1,7232.0,4,7246.0,1,7256.0,1,7262.0,24,7268.0,1,7308.0,100,7312.0,4,7318.0,1,7260.0
SM411,,13:38:56.500#,7294.0,7346.0,7202.0,7940.0,6496.0,1500,23491,7212.0,1,7232.0,4,7246.0,1,7252.0,1,7256.0,1,7262.0,24,7268.0,1,7308.0,100,7312.0,4,7318.0,1,7260.0
SM411,,13:38:59.750#,7294.0,7346.0,7202.0,7940.0,6496.0,1500,23491,7212.0,1,7232.0,4,7246.0,1,7252.0,1,7256.0,1,7266.0,1,7268.0,1,7308.0,100,7312.0,4,7318.0,1,7260.0
SM411,,13:39:00.250#,7294.0,7346.0,7202.0,7940.0,6496.0,1500,23491,7212.0,1,7232.0,4,7246.0,1,7252.0,1,7256.0,6,7266.0,1,7268.0,1,7308.0,100,7312.0,4,7318.0,1,7260.0
SM411,,13:39:00.500#,7294.0,7346.0,7202.0,7940.0,6496.0,1500,23491,7212.0,1,7232.0,4,7246.0,1,7252.0,1,7256.0,7,7266.0,1,7268.0,1,7308.0,100,7312.0,4,7318.0,1,7260.0
SM411,,13:39:00.750#,7294.0,7346.0,7202.0,7940.0,6496.0,1500,23491,7212.0,1,7232.0,4,7246.0,1,7252.0,1,7256.0,7,7268.0,2,7308.0,100,7312.0,4,7318.0,1,7342.0,1,7260.0
SM411,,13:39:01.0#,7294.0,7346.0,7202.0,7940.0,6496.0,1500,23491,7212.0,1,7232.0,4,7246.0,1,7252.0,1,7258.0,4,7268.0,2,7308.0,100,7312.0,4,7318.0,1,7342.0,1,7260.0
SM411,,13:39:01.250#,7294.0,7346.0,7202.0,7940.0,6496.0,1500,23491,7212.0,1,7232.0,4,7246.0,1,7252.0,1,7258.0,5,7268.0,2,7308.0,100,7312.0,4,7318.0,1,7342.0,1,7260.0
SM411,,13:39:02.0#,7294.0,7346.0,7202.0,7940.0,6496.0,1500,23491,7212.0,1,7232.0,4,7246.0,1,7252.0,1,7258.0,5,7268.0,1,7308.0,100,7312.0,4,7318.0,1,7342.0,1,7260.0
SM411,,13:39:02.250#,7294.0,7346.0,7202.0,7940.0,6496.0,1500,23491,7212.0,1,7232.0,4,7246.0,1,7252.0,1,7258.0,5,7264.0,1,7270.0,1,7308.0,100,7312.0,4,7318.0,1,7260.0
SM411,,13:39:02.500#,7294.0,7346.0,7202.0,7940.0,6496.0,1500,23491,7212.0,1,7232.0,4,7246.0,1,7252.0,1,7258.0,5,7264.0,1,7308.0,100,7312.0,4,7318.0,1,7342.0,1,7260.0
SM411,,13:39:02.750#,7294.0,7346.0,7202.0,7940.0,6496.0,1500,23491,7212.0,1,7232.0,4,7246.0,1,7252.0,1,7258.0,5,7264.0,1,7268.0,1,7308.0,100,7312.0,4,7318.0,1,7260.0
SM411,,13:39:05.500#,7294.0,7346.0,7202.0,7940.0,6496.0,1500,23491,7212.0,1,7232.0,4,7246.0,1,7252.0,1,7258.0,5,7268.0,2,7308.0,100,7312.0,4,7318.0,1,7342.0,1,7260.0
SM411,,13:39:05.750#,7294.0,7346.0,7202.0,7940.0,6496.0,1500,23491,7210.0,1,7212.0,1,7232.0,4,7246.0,1,7258.0,5,7268.0,1,7308.0,100,7312.0,4,7318.0,1,7342.0,1,7260.0
SM411,,13:39:06.0#,7294.0,7346.0,7202.0,7940.0,6496.0,1500,23491,7212.0,1,7232.0,4,7246.0,1,7254.0,1,7258.0,5,7268.0,1,7270.0,1,7308.0,100,7312.0,4,7318.0,1,7260.0
SM411,,13:39:06.500#,7294.0,7346.0,7202.0,7940.0,6496.0,1500,23491,7212.0,1,7232.0,4,7246.0,1,7254.0,1,7258.0,5,7266.0,1,7270.0,1,7308.0,100,7312.0,4,7318.0,1,7260.0
SM411,,13:39:07.500#,7294.0,7346.0,7202.0,7940.0,6496.0,1500,23491,7212.0,1,7232.0,4,7246.0,1,7254.0,1,7258.0,5,7268.0,1,7270.0,1,7308.0,100,7312.0,4,7318.0,1,7260.0
SM411,,13:39:08.750#,7294.0,7346.0,7202.0,7940.0,6496.0,1500,23491,7212.0,1,7232.0,4,7246.0,1,7254.0,1,7258.0,5,7266.0,1,7270.0,1,7308.0,100,7312.0,4,7318.0,1,7260.0
SM411,,13:39:10.250#,7294.0,7346.0,7202.0,7940.0,6496.0,1500,23491,7212.0,1,7232.0,4,7246.0,1,7254.0,1,7258.0,5,7268.0,1,7270.0,1,7308.0,100,7312.0,4,7318.0,1,7260.0
SM411,,13:39:11.250#,7294.0,7346.0,7202.0,7940.0,6496.0,1500,23491,7212.0,1,7232.0,4,7246.0,1,7254.0,1,7258.0,5,7266.0,1,7270.0,1,7308.0,100,7312.0,4,7318.0,1,7260.0
SM411,,13:39:11.500#,7294.0,7346.0,7202.0,7940.0,6496.0,1500,23491,7212.0,1,7232.0,4,7246.0,1,7254.0,1,7256.0,2,7266.0,1,7270.0,1,7308.0,100,7312.0,4,7318.0,1,7260.0
SM411,,13:39:11.750#,7294.0,7346.0,7202.0,7940.0,6496.0,1500,23491,7212.0,1,7232.0,4,7246.0,1,7254.0,1,7256.0,1,7264.0,1,7270.0,1,7308.0,100,7312.0,4,7318.0,1,7260.0
SM411,,13:39:12.0#,7294.0,7346.0,7202.0,7940.0,6496.0,1500,23491,7210.0,1,7212.0,1,7232.0,4,7246.0,1,7256.0,1,7264.0,1,7308.0,100,7312.0,4,7318.0,1,7342.0,1,7260.0
SM411,,13:39:12.250#,7294.0,7346.0,7202.0,7940.0,6496.0,1500,23491,7212.0,1,7232.0,4,7246.0,1,7250.0,1,7256.0,1,7262.0,1,7266.0,1,7308.0,100,7312.0,4,7318.0,1,7260.0
SM411,,13:39:12.500#,7294.0,7346.0,7202.0,7940.0,6496.0,1500,23491,7212.0,1,7232.0,4,7246.0,1,7250.0,1,7256.0,1,7260.0,1,7266.0,1,7308.0,100,7312.0,4,7318.0,1,7260.0
SM411,,13:39:12.750#,7294.0,7346.0,7202.0,7940.0,6496.0,1500,23491,7212.0,1,7232.0,4,7246.0,1,7250.0,1,7256.0,1,7260.0,1,7308.0,100,7312.0,4,7318.0,1,7342.0,1,7260.0
SM411,,13:39:13.0#,7294.0,7346.0,7202.0,7940.0,6496.0,1500,23491,7212.0,1,7232.0,4,7246.0,1,7250.0,1,7256.0,1,7262.0,1,7264.0,1,7308.0,100,7312.0,4,7318.0,1,7260.0
SM411,,13:39:13.250#,7294.0,7346.0,7202.0,7940.0,6496.0,1500,23491,7212.0,1,7232.0,4,7246.0,1,7250.0,1,7256.0,1,7264.0,10,7308.0,100,7312.0,4,7318.0,1,7342.0,1,7260.0
SM411,,13:39:13.500#,7294.0,7346.0,7202.0,7940.0,6496.0,1500,23491,7212.0,1,7232.0,4,7246.0,1,7250.0,1,7256.0,1,7264.0,9,7308.0,100,7312.0,4,7318.0,1,7342.0,1,7260.0
SM411,,13:39:13.750#,7294.0,7346.0,7202.0,7940.0,6496.0,1500,23491,7212.0,1,7232.0,4,7246.0,1,7250.0,1,7256.0,1,7264.0,9,7268.0,1,7308.0,100,7312.0,4,7318.0,1,7260.0
SM411,,13:39:14.0#,7294.0,7346.0,7202.0,7940.0,6496.0,1500,23491,7212.0,1,7232.0,4,7246.0,1,7250.0,1,7256.0,1,7262.0,1,7268.0,1,7308.0,100,7312.0,4,7318.0,1,7260.0
SM411,,13:39:20.0#,7294.0,7346.0,7202.0,7940.0,6496.0,1500,23491,7212.0,1,7232.0,4,7246.0,1,7250.0,1,7256.0,1,7260.0,1,7268.0,1,7308.0,100,7312.0,4,7318.0,1,7260.0
SM411,,13:39:20.250#,7294.0,7346.0,7202.0,7940.0,6496.0,1500,23491,7212.0,1,7232.0,4,7246.0,1,7250.0,1,7256.0,1,7260.0,1,7308.0,100,7312.0,4,7318.0,1,7342.0,1,7260.0
SM411,,13:39:20.500#,7294.0,7346.0,7202.0,7940.0,6496.0,1500,23491,7212.0,1,7232.0,4,7246.0,1,7250.0,1,7256.0,1,7260.0,1,7264.0,1,7308.0,100,7312.0,4,7318.0,1,7260.0
SM411,,13:39:24.0#,7294.0,7346.0,7202.0,7940.0,6496.0,1500,23491,7212.0,1,7232.0,4,7246.0,1,7250.0,1,7256.0,1,7262.0,1,7264.0,1,7308.0,100,7312.0,4,7318.0,1,7260.0
SM411,,13:39:24.750#,7294.0,7346.0,7202.0,7940.0,6496.0,1500,23491,7212.0,1,7232.0,4,7246.0,1,7250.0,1,7256.0,1,7260.0,1,7264.0,1,7308.0,100,7312.0,4,7318.0,1,7260.0
SM411,,13:39:32.500#,7294.0,7346.0,7202.0,7940.0,6496.0,1500,23491,7212.0,1,7232.0,4,7246.0,1,7250.0,1,7256.0,1,7258.0,1,7264.0,1,7308.0,100,7312.0,4,7318.0,1,7260.0
SM411,,13:39:33.500#,7294.0,7346.0,7202.0,7940.0,6496.0,1500,23491,7212.0,1,7232.0,4,7246.0,1,7250.0,1,7256.0,1,7260.0,1,7264.0,1,7308.0,100,7312.0,4,7318.0,1,7260.0
SM411,,13:39:35.0#,7294.0,7346.0,7202.0,7940.0,6496.0,1500,23491,7212.0,1,7232.0,4,7246.0,1,7250.0,1,7256.0,1,7258.0,1,7264.0,1,7308.0,100,7312.0,4,7318.0,1,7260.0
SM411,,13:39:35.250#,7294.0,7346.0,7202.0,7940.0,6496.0,1500,23491,7212.0,1,7232.0,4,7246.0,1,7250.0,1,7256.0,1,7260.0,1,7264.0,1,7308.0,100,7312.0,4,7318.0,1,7260.0
SM411,,13:39:35.500#,7294.0,7346.0,7202.0,7940.0,6496.0,1501,23490,7210.0,1,7212.0,1,7232.0,4,7246.0,1,7250.0,29,7256.0,2,7264.0,1,7308.0,100,7312.0,4,7318.0,1,7256.0
SM411,,13:39:35.750#,7294.0,7346.0,7202.0,7940.0,6496.0,1501,23490,7210.0,1,7212.0,1,7232.0,4,7246.0,1,7250.0,28,7262.0,3,7264.0,1,7308.0,100,7312.0,4,7318.0,1,7256.0
SM411,,13:39:36.0#,7294.0,7346.0,7202.0,7940.0,6496.0,1501,23490,7212.0,1,7232.0,4,7246.0,1,7248.0,1,7252.0,4,7262.0,3,7264.0,1,7308.0,100,7312.0,4,7318.0,1,7256.0
SM411,,13:39:36.250#,7294.0,7346.0,7202.0,7940.0,6496.0,1501,23490,7212.0,1,7232.0,4,7246.0,1,7248.0,1,7250.0,28,7256.0,3,7264.0,1,7308.0,100,7312.0,4,7318.0,1,7256.0
SM411,,13:39:36.500#,7294.0,7346.0,7202.0,7940.0,6496.0,1501,23490,7210.0,1,7212.0,1,7214.0,4,7246.0,1,7250.0,28,7256.0,3,7264.0,1,7308.0,100,7312.0,4,7318.0,1,7256.0
SM411,,13:39:36.750#,7294.0,7346.0,7202.0,7940.0,6496.0,1501,23490,7212.0,1,7214.0,4,7244.0,1,7246.0,1,7250.0,28,7256.0,3,7308.0,100,7312.0,4,7318.0,1,7342.0,1,7256.0
SM411,,13:39:37.0#,7294.0,7346.0,7202.0,7940.0,6496.0,1501,23490,7212.0,1,7214.0,4,7244.0,1,7246.0,1,7250.0,28,7256.0,3,7260.0,1,7308.0,100,7312.0,4,7318.0,1,7256.0
SM411,,13:39:38.500#,7294.0,7346.0,7202.0,7940.0,6496.0,1501,23490,7212.0,1,7214.0,4,7244.0,1,7246.0,1,7252.0,8,7256.0,3,7260.0,1,7308.0,100,7312.0,4,7318.0,1,7256.0
SM411,,13:39:39.250#,7294.0,7346.0,7202.0,7940.0,6496.0,1501,23490,7212.0,1,7214.0,4,7244.0,1,7246.0,1,7252.0,2,7256.0,3,7260.0,1,7308.0,100,7312.0,4,7318.0,1,7256.0
SM411,,13:39:39.500#,7294.0,7346.0,7202.0,7940.0,6496.0,1501,23490,7212.0,1,7214.0,4,7244.0,1,7246.0,1,7252.0,3,7256.0,3,7260.0,1,7308.0,100,7312.0,4,7318.0,1,7256.0
SM411,,13:39:40.0#,7294.0,7346.0,7202.0,7940.0,6496.0,1501,23490,7212.0,1,7214.0,4,7244.0,1,7246.0,1,7252.0,1,7256.0,3,7260.0,1,7308.0,100,7312.0,4,7318.0,1,7256.0
SM411,,13:39:40.250#,7294.0,7346.0,7202.0,7940.0,6496.0,1501,23490,7212.0,1,7214.0,4,7244.0,1,7246.0,1,7250.0,28,7256.0,3,7260.0,1,7308.0,100,7312.0,4,7318.0,1,7256.0
SM411,,13:39:41.0#,7294.0,7346.0,7202.0,7940.0,6496.0,1501,23490,7212.0,1,7214.0,4,7244.0,1,7246.0,1,7250.0,28,7258.0,3,7260.0,1,7308.0,100,7312.0,4,7318.0,1,7256.0
SM411,,13:39:41.500#,7294.0,7346.0,7202.0,7940.0,6496.0,1501,23490,7212.0,1,7214.0,4,7244.0,1,7246.0,1,7250.0,28,7258.0,3,7308.0,100,7312.0,4,7318.0,1,7342.0,1,7256.0
SM411,,13:39:41.750#,7294.0,7346.0,7202.0,7940.0,6496.0,1501,23490,7210.0,1,7212.0,1,7214.0,4,7246.0,1,7250.0,28,7260.0,2,7262.0,1,7308.0,100,7312.0,4,7318.0,1,7256.0
SM411,,13:39:42.0#,7294.0,7346.0,7202.0,7940.0,6496.0,1501,23490,7212.0,1,7214.0,4,7246.0,1,7248.0,1,7250.0,28,7260.0,2,7308.0,100,7312.0,4,7318.0,1,7342.0,1,7256.0
SM411,,13:39:42.250#,7294.0,7346.0,7202.0,7940.0,6496.0,1501,23490,7212.0,1,7214.0,4,7246.0,1,7248.0,1,7250.0,28,7260.0,3,7264.0,1,7308.0,100,7312.0,4,7318.0,1,7256.0
SM411,,13:39:43.250#,7294.0,7346.0,7202.0,7940.0,6496.0,1501,23490,7212.0,1,7214.0,4,7246.0,1,7248.0,1,7250.0,28,7262.0,3,7264.0,1,7308.0,100,7312.0,4,7318.0,1,7256.0
SM411,,13:39:45.250#,7294.0,7346.0,7202.0,7940.0,6496.0,1501,23490,7212.0,1,7214.0,4,7246.0,1,7248.0,1,7252.0,5,7262.0,3,7264.0,1,7308.0,100,7312.0,4,7318.0,1,7256.0
SM411,,13:39:46.750#,7294.0,7346.0,7202.0,7940.0,6496.0,1501,23490,7212.0,1,7214.0,4,7246.0,1,7248.0,1,7252.0,5,7260.0,1,7264.0,1,7308.0,100,7312.0,4,7318.0,1,7256.0
SM411,,13:39:47.0#,7294.0,7346.0,7202.0,7940.0,6496.0,1501,23490,7212.0,1,7214.0,4,7246.0,1,7248.0,1,7252.0,5,7256.0,3,7264.0,1,7308.0,100,7312.0,4,7318.0,1,7256.0
SM411,,13:39:47.250#,7294.0,7346.0,7202.0,7940.0,6496.0,1501,23490,7210.0,1,7212.0,1,7214.0,4,7246.0,1,7252.0,5,7260.0,3,7264.0,1,7308.0,100,7312.0,4,7318.0,1,7256.0
SM411,,13:39:47.500#,7294.0,7346.0,7202.0,7940.0,6496.0,1501,23490,7212.0,1,7214.0,4,7246.0,1,7248.0,1,7252.0,5,7260.0,3,7264.0,1,7308.0,100,7312.0,4,7318.0,1,7256.0
SM411,,13:39:47.750#,7294.0,7346.0,7202.0,7940.0,6496.0,1501,23490,7212.0,1,7214.0,4,7246.0,1,7248.0,1,7252.0,5,7262.0,3,7264.0,1,7308.0,100,7312.0,4,7318.0,1,7256.0
SM411,,13:39:48.0#,7294.0,7346.0,7202.0,7940.0,6496.0,1501,23490,7212.0,1,7214.0,4,7246.0,1,7248.0,1,7252.0,5,7262.0,3,7308.0,100,7312.0,4,7318.0,1,7342.0,1,7256.0
SM411,,13:39:48.250#,7294.0,7346.0,7202.0,7940.0,6496.0,1501,23490,7210.0,1,7212.0,1,7214.0,4,7246.0,1,7252.0,5,7262.0,3,7266.0,1,7308.0,100,7312.0,4,7318.0,1,7256.0
SM411,,13:39:48.500#,7294.0,7346.0,7202.0,7940.0,6496.0,1501,23490,7212.0,1,7214.0,4,7246.0,1,7250.0,1,7252.0,5,7262.0,3,7266.0,1,7308.0,100,7312.0,4,7318.0,1,7256.0
SM411,,13:39:49.0#,7294.0,7346.0,7202.0,7940.0,6496.0,1501,23490,7212.0,1,7214.0,4,7246.0,1,7250.0,1,7254.0,7,7262.0,3,7266.0,1,7308.0,100,7312.0,4,7318.0,1,7256.0
SM411,,13:39:58.0#,7294.0,7346.0,7202.0,7940.0,6496.0,1501,23490,7212.0,1,7214.0,4,7246.0,1,7250.0,1,7254.0,7,7260.0,1,7266.0,1,7308.0,100,7312.0,4,7318.0,1,7256.0
SM411,,13:39:58.250#,7294.0,7346.0,7202.0,7940.0,6496.0,1501,23490,7212.0,1,7214.0,4,7246.0,1,7250.0,1,7252.0,9,7262.0,3,7266.0,1,7308.0,100,7312.0,4,7318.0,1,7256.0
SM411,,13:39:58.500#,7294.0,7346.0,7202.0,7940.0,6496.0,1501,23490,7212.0,1,7214.0,4,7246.0,1,7250.0,1,7254.0,7,7262.0,3,7266.0,1,7308.0,100,7312.0,4,7318.0,1,7256.0
SM411,,13:40:00.0#,7294.0,7346.0,7202.0,7940.0,6496.0,1501,23490,7212.0,1,7214.0,4,7246.0,1,7250.0,1,7252.0,9,7262.0,3,7266.0,1,7308.0,100,7312.0,4,7318.0,1,7256.0
SM411,,13:40:00.750#,7294.0,7346.0,7202.0,7940.0,6496.0,1501,23490,7212.0,1,7214.0,4,7246.0,1,7250.0,1,7254.0,7,7260.0,1,7266.0,1,7308.0,100,7312.0,4,7318.0,1,7256.0
SM411,,13:40:01.0#,7294.0,7346.0,7202.0,7940.0,6496.0,1501,23490,7212.0,1,7214.0,4,7246.0,1,7250.0,1,7254.0,7,7260.0,2,7266.0,1,7308.0,100,7312.0,4,7318.0,1,7256.0
SM411,,13:40:01.250#,7294.0,7346.0,7202.0,7940.0,6496.0,1501,23490,7212.0,1,7214.0,4,7246.0,1,7250.0,1,7252.0,9,7260.0,3,7266.0,1,7308.0,100,7312.0,4,7318.0,1,7256.0
SM411,,13:40:01.500#,7294.0,7346.0,7202.0,7940.0,6496.0,1501,23490,7212.0,1,7214.0,4,7246.0,1,7250.0,1,7252.0,10,7260.0,3,7266.0,1,7308.0,100,7312.0,4,7318.0,1,7256.0
SM411,,13:40:02.250#,7294.0,7346.0,7202.0,7940.0,6496.0,1501,23490,7212.0,1,7214.0,4,7246.0,1,7250.0,1,7254.0,7,7260.0,3,7266.0,1,7308.0,100,7312.0,4,7318.0,1,7256.0
SM411,,13:40:02.500#,7294.0,7346.0,7202.0,7940.0,6496.0,1501,23490,7212.0,1,7214.0,4,7246.0,1,7250.0,1,7254.0,2,7260.0,3,7266.0,1,7308.0,100,7312.0,4,7318.0,1,7256.0
SM411,,13:40:02.750#,7294.0,7346.0,7202.0,7940.0,6496.0,1501,23490,7212.0,1,7214.0,4,7246.0,1,7250.0,1,7254.0,3,7260.0,3,7266.0,1,7308.0,100,7312.0,4,7318.0,1,7256.0
SM411,,13:40:04.500#,7294.0,7346.0,7202.0,7940.0,6496.0,1501,23490,7212.0,1,7214.0,4,7246.0,1,7250.0,1,7254.0,3,7260.0,2,7266.0,1,7308.0,100,7312.0,4,7318.0,1,7256.0
SM411,,13:40:04.750#,7294.0,7346.0,7202.0,7940.0,6496.0,1501,23490,7212.0,1,7214.0,4,7246.0,1,7250.0,1,7254.0,3,7262.0,3,7266.0,1,7308.0,100,7312.0,4,7318.0,1,7256.0
SM411,,13:40:09.750#,7294.0,7346.0,7202.0,7940.0,6496.0,1501,23490,7212.0,1,7214.0,4,7246.0,1,7250.0,1,7252.0,10,7262.0,4,7266.0,1,7308.0,100,7312.0,4,7318.0,1,7256.0
SM411,,13:40:17.750#,7294.0,7346.0,7202.0,7940.0,6496.0,1501,23490,7212.0,1,7214.0,4,7246.0,1,7250.0,1,7252.0,10,7262.0,3,7266.0,1,7308.0,100,7312.0,4,7318.0,1,7256.0
SM411,,13:40:21.750#,7294.0,7346.0,7202.0,7940.0,6496.0,1501,23490,7212.0,1,7214.0,4,7246.0,1,7250.0,1,7252.0,10,7264.0,3,7266.0,1,7308.0,100,7312.0,4,7318.0,1,7256.0
SM411,,13:40:22.0#,7294.0,7346.0,7202.0,7940.0,6496.0,1501,23490,7210.0,1,7212.0,1,7214.0,4,7246.0,1,7254.0,4,7264.0,3,7308.0,100,7312.0,4,7318.0,1,7342.0,1,7256.0
SM411,,13:40:22.250#,7294.0,7346.0,7202.0,7940.0,6496.0,1501,23490,7212.0,1,7214.0,4,7246.0,1,7252.0,1,7254.0,4,7264.0,3,7268.0,1,7308.0,100,7312.0,4,7318.0,1,7256.0
SM411,,13:40:23.250#,7294.0,7346.0,7202.0,7940.0,6496.0,1501,23490,7212.0,1,7214.0,4,7246.0,1,7252.0,1,7254.0,4,7262.0,3,7268.0,1,7308.0,100,7312.0,4,7318.0,1,7256.0
SM411,,13:40:23.500#,7294.0,7346.0,7202.0,7940.0,6496.0,1501,23490,7212.0,1,7214.0,4,7246.0,1,7252.0,1,7254.0,1,7262.0,1,7268.0,1,7308.0,100,7312.0,4,7318.0,1,7256.0
SM411,,13:40:24.0#,7294.0,7346.0,7202.0,7940.0,6496.0,1501,23490,7212.0,1,7214.0,4,7246.0,1,7252.0,1,7254.0,1,7264.0,3,7268.0,1,7308.0,100,7312.0,4,7318.0,1,7256.0
SM411,,13:40:27.250#,7294.0,7346.0,7202.0,7940.0,6496.0,1501,23490,7212.0,1,7214.0,4,7246.0,1,7252.0,1,7254.0,1,7262.0,3,7268.0,1,7308.0,100,7312.0,4,7318.0,1,7256.0
SM411,,13:40:28.500#,7294.0,7346.0,7202.0,7940.0,6496.0,1501,23490,7212.0,1,7214.0,4,7246.0,1,7252.0,1,7254.0,1,7262.0,1,7268.0,1,7308.0,100,7312.0,4,7318.0,1,7256.0
SM411,,13:40:28.750#,7294.0,7346.0,7202.0,7940.0,6496.0,1501,23490,7212.0,1,7214.0,4,7246.0,1,7252.0,1,7254.0,1,7264.0,3,7268.0,1,7308.0,100,7312.0,4,7318.0,1,7256.0
SM411,,13:40:33.250#,7294.0,7346.0,7202.0,7940.0,6496.0,1501,23490,7212.0,1,7214.0,4,7246.0,1,7252.0,1,7254.0,1,7264.0,3,7268.0,1,7308.0,100,7312.0,4,7318.0,1,7256.0
SM411,,13:40:35.500#,7294.0,7346.0,7202.0,7940.0,6496.0,1501,23490,7212.0,1,7214.0,4,7246.0,1,7252.0,1,7254.0,1,7264.0,2,7268.0,1,7308.0,100,7312.0,4,7318.0,1,7256.0
SM411,,13:40:36.500#,7294.0,7346.0,7202.0,7940.0,6496.0,1501,23490,7212.0,1,7214.0,4,7246.0,1,7252.0,1,7254.0,22,7264.0,2,7268.0,1,7308.0,100,7312.0,4,7318.0,1,7256.0
SM411,,13:40:38.0#,7294.0,7346.0,7202.0,7940.0,6496.0,1501,23490,7212.0,1,7214.0,4,7246.0,1,7252.0,1,7254.0,22,7264.0,3,7268.0,1,7308.0,100,7312.0,4,7318.0,1,7256.0
SM411,,13:40:41.0#,7294.0,7346.0,7202.0,7940.0,6496.0,1501,23490,7212.0,1,7214.0,4,7246.0,1,7252.0,1,7256.0,7,7264.0,3,7268.0,1,7308.0,100,7312.0,4,7318.0,1,7256.0
SM411,,13:40:41.250#,7294.0,7346.0,7202.0,7940.0,6496.0,1501,23490,7212.0,1,7214.0,4,7246.0,1,7252.0,1,7254.0,22,7264.0,3,7268.0,1,7308.0,100,7312.0,4,7318.0,1,7256.0
SM411,,13:40:41.500#,7294.0,7346.0,7202.0,7940.0,6496.0,1501,23490,7212.0,1,7214.0,4,7246.0,1,7252.0,1,7256.0,7,7264.0,3,7268.0,1,7308.0,100,7312.0,4,7318.0,1,7256.0
SM411,,13:40:42.0#,7294.0,7346.0,7202.0,7940.0,6496.0,1501,23490,7212.0,1,7214.0,4,7246.0,1,7252.0,1,7254.0,22,7264.0,3,7268.0,1,7308.0,100,7312.0,4,7318.0,1,7256.0
SM411,,13:40:45.0#,7294.0,7346.0,7202.0,7940.0,6496.0,1501,23490,7212.0,1,7214.0,4,7246.0,1,7252.0,1,7256.0,7,7264.0,3,7268.0,1,7308.0,100,7312.0,4,7318.0,1,7256.0
SM411,,13:40:45.250#,7294.0,7346.0,7202.0,7940.0,6496.0,1501,23490,7212.0,1,7214.0,4,7246.0,1,7252.0,1,7254.0,22,7264.0,3,7268.0,1,7308.0,100,7312.0,4,7318.0,1,7256.0
SM411,,13:40:48.0#,7294.0,7346.0,7202.0,7940.0,6496.0,1501,23490,7212.0,1,7214.0,4,7246.0,1,7252.0,1,7256.0,7,7264.0,3,7268.0,1,7308.0,100,7312.0,4,7318.0,1,7256.0
SM411,,13:40:48.250#,7294.0,7346.0,7202.0,7940.0,6496.0,1501,23490,7212.0,1,7214.0,4,7246.0,1,7252.0,1,7254.0,22,7264.0,3,7268.0,1,7308.0,100,7312.0,4,7318.0,1,7256.0
SM411,,13:40:48.500#,7294.0,7346.0,7202.0,7940.0,6496.0,1501,23490,7212.0,1,7214.0,4,7246.0,1,7252.0,1,7256.0,7,7264.0,3,7268.0,1,7308.0,100,7312.0,4,7318.0,1,7256.0
SM411,,13:40:49.0#,7294.0,7346.0,7202.0,7940.0,6496.0,1501,23490,7212.0,1,7214.0,4,7246.0,1,7252.0,1,7254.0,22,7264.0,3,7268.0,1,7308.0,100,7312.0,4,7318.0,1,7256.0
SM411,,13:40:49.250#,7294.0,7346.0,7202.0,7940.0,6496.0,1501,23490,7212.0,1,7214.0,4,7246.0,1,7252.0,1,7256.0,7,7264.0,3,7268.0,1,7308.0,100,7312.0,4,7318.0,1,7256.0
SM411,,13:40:49.750#,7294.0,7346.0,7202.0,7940.0,6496.0,1501,23490,7212.0,1,7214.0,4,7246.0,1,7252.0,1,7254.0,22,7264.0,3,7268.0,1,7308.0,100,7312.0,4,7318.0,1,7256.0
SM411,,13:40:52.500#,7294.0,7346.0,7202.0,7940.0,6496.0,1501,23490,7212.0,1,7214.0,4,7246.0,1,7252.0,1,7256.0,7,7264.0,3,7268.0,1,7308.0,100,7312.0,4,7318.0,1,7256.0
SM411,,13:40:52.750#,7294.0,7346.0,7202.0,7940.0,6496.0,1501,23490,7212.0,1,7214.0,4,7246.0,1,7252.0,1,7256.0,8,7264.0,3,7268.0,1,7308.0,100,7312.0,4,7318.0,1,7256.0
SM411,,13:40:53.500#,7294.0,7346.0,7202.0,7940.0,6496.0,1501,23490,7212.0,1,7214.0,4,7246.0,1,7252.0,1,7256.0,10,7264.0,3,7268.0,1,7308.0,100,7312.0,4,7318.0,1,7256.0
SM411,,13:40:53.750#,7294.0,7346.0,7202.0,7940.0,6496.0,1501,23490,7212.0,1,7214.0,4,7246.0,1,7252.0,1,7256.0,10,7264.0,2,7268.0,1,7308.0,100,7312.0,4,7318.0,1,7256.0
SM411,,13:40:54.250#,7294.0,7346.0,7202.0,7940.0,6496.0,1501,23490,7212.0,1,7214.0,4,7246.0,1,7252.0,1,7256.0,10,7264.0,3,7268.0,1,7308.0,100,7312.0,4,7318.0,1,7256.0
SM411,,13:40:55.750#,7294.0,7346.0,7202.0,7940.0,6496.0,1501,23490,7212.0,1,7214.0,4,7246.0,1,7252.0,1,7256.0,10,7266.0,3,7268.0,1,7308.0,100,7312.0,4,7318.0,1,7256.0
SM411,,13:40:57.0#,7294.0,7346.0,7202.0,7940.0,6496.0,1501,23490,7212.0,1,7214.0,4,7246.0,1,7252.0,1,7262.0,8,7266.0,3,7268.0,1,7308.0,100,7312.0,4,7318.0,1,7256.0
SM411,,13:40:57.250#,7294.0,7346.0,7202.0,7940.0,6496.0,1501,23490,7212.0,1,7214.0,4,7246.0,1,7252.0,1,7262.0,9,7266.0,3,7268.0,1,7308.0,100,7312.0,4,7318.0,1,7256.0
SM411,,13:40:57.750#,7294.0,7346.0,7202.0,7940.0,6496.0,1501,23490,7212.0,1,7214.0,4,7246.0,1,7252.0,1,7262.0,9,7268.0,4,7308.0,100,7312.0,4,7318.0,1,7342.0,1,7256.0
SM411,,13:40:58.0#,7294.0,7346.0,7202.0,7940.0,6496.0,1501,23490,7212.0,1,7214.0,4,7246.0,1,7252.0,1,7262.0,9,7268.0,3,7308.0,100,7312.0,4,7318.0,1,7342.0,1,7256.0
SM411,,13:40:58.250#,7294.0,7346.0,7202.0,7940.0,6496.0,1501,23490,7212.0,1,7214.0,4,7246.0,1,7252.0,1,7256.0,10,7268.0,3,7272.0,1,7308.0,100,7312.0,4,7318.0,1,7256.0
SM411,,13:40:58.500#,7294.0,7346.0,7202.0,7940.0,6496.0,1501,23490,7210.0,1,7212.0,1,7214.0,4,7246.0,1,7256.0,10,7268.0,3,7272.0,1,7308.0,100,7312.0,4,7318.0,1,7256.0
SM411,,13:40:58.750#,7294.0,7346.0,7202.0,7940.0,6496.0,1501,23490,7210.0,1,7212.0,1,7214.0,4,7246.0,1,7256.0,12,7264.0,3,7272.0,1,7308.0,100,7312.0,4,7318.0,1,7256.0
SM411,,13:40:59.0#,7294.0,7346.0,7202.0,7940.0,6496.0,1501,23490,7210.0,1,7212.0,1,7214.0,4,7246.0,1,7256.0,4,7264.0,3,7308.0,100,7312.0,4,7318.0,1,7342.0,1,7256.0
SM411,,13:40:59.250#,7294.0,7346.0,7202.0,7940.0,6496.0,1501,23490,7212.0,1,7214.0,4,7246.0,1,7252.0,1,7256.0,4,7264.0,3,7268.0,1,7308.0,100,7312.0,4,7318.0,1,7256.0
SM411,,13:41:03.250#,7294.0,7346.0,7202.0,7940.0,6496.0,1501,23490,7212.0,1,7214.0,4,7246.0,1,7252.0,1,7254.0,22,7264.0,3,7268.0,1,7308.0,100,7312.0,4,7318.0,1,7256.0
SM411,,13:41:10.500#,7294.0,7346.0,7202.0,7940.0,6496.0,1501,23490,7210.0,1,7212.0,1,7214.0,4,7246.0,1,7254.0,13,7262.0,3,7308.0,100,7312.0,4,7318.0,1,7342.0,1,7256.0
SM411,,13:41:12.500#,7294.0,7346.0,7202.0,7940.0,6496.0,1501,23490,7212.0,1,7214.0,4,7246.0,1,7250.0,1,7252.0,17,7264.0,3,7266.0,1,7308.0,100,7312.0,4,7318.0,1,7256.0
SM411,,13:41:15.500#,7294.0,7346.0,7202.0,7940.0,6496.0,1501,23490,7212.0,1,7214.0,4,7246.0,1,7250.0,1,7252.0,22,7264.0,3,7266.0,1,7308.0,100,7312.0,4,7318.0,1,7256.0
SM411,,13:41:21.500#,7294.0,7346.0,7202.0,7940.0,6496.0,1501,23490,7212.0,1,7214.0,4,7246.0,1,7250.0,1,7252.0,28,7262.0,3,7266.0,1,7308.0,100,7312.0,4,7318.0,1,7256.0
SM411,,13:41:21.750#,7294.0,7346.0,7202.0,7940.0,6496.0,1501,23490,7212.0,1,7214.0,4,7246.0,1,7250.0,1,7254.0,7,7262.0,3,7266.0,1,7308.0,100,7312.0,4,7318.0,1,7256.0
SM411,,13:41:22.250#,7294.0,7346.0,7202.0,7940.0,6496.0,1501,23490,7212.0,1,7214.0,4,7246.0,1,7250.0,1,7252.0,28,7262.0,3,7266.0,1,7308.0,100,7312.0,4,7318.0,1,7256.0
SM411,,13:41:22.500#,7294.0,7346.0,7202.0,7940.0,6496.0,1501,23490,7212.0,1,7214.0,4,7246.0,1,7250.0,1,7254.0,7,7262.0,3,7266.0,1,7308.0,100,7312.0,4,7318.0,1,7256.0
SM411,,13:41:22.750#,7294.0,7346.0,7202.0,7940.0,6496.0,1501,23490,7212.0,1,7214.0,4,7246.0,1,7250.0,1,7252.0,28,7262.0,3,7266.0,1,7308.0,100,7312.0,4,7318.0,1,7256.0
SM411,,13:41:23.0#,7294.0,7346.0,7202.0,7940.0,6496.0,1501,23490,7212.0,1,7214.0,4,7246.0,1,7250.0,1,7254.0,7,7262.0,3,7266.0,1,7308.0,100,7312.0,4,7318.0,1,7256.0
SM411,,13:41:24.0#,7294.0,7346.0,7202.0,7940.0,6496.0,1501,23490,7212.0,1,7214.0,4,7246.0,1,7250.0,1,7252.0,28,7262.0,3,7266.0,1,7308.0,100,7312.0,4,7318.0,1,7256.0
SM411,,13:41:25.750#,7294.0,7346.0,7202.0,7940.0,6496.0,1502,23489,7212.0,1,7214.0,4,7246.0,1,7250.0,1,7254.0,7,7262.0,2,7266.0,1,7308.0,100,7312.0,4,7318.0,1,7260.0
SM411,,13:41:26.250#,7294.0,7346.0,7202.0,7940.0,6496.0,1502,23489,7212.0,1,7214.0,4,7246.0,1,7250.0,1,7254.0,7,7264.0,2,7266.0,1,7308.0,100,7312.0,4,7318.0,1,7260.0
SM411,,13:41:29.500#,7294.0,7346.0,7202.0,7940.0,6496.0,1502,23489,7212.0,1,7214.0,4,7246.0,1,7250.0,1,7252.0,28,7264.0,2,7266.0,1,7308.0,100,7312.0,4,7318.0,1,7260.0
SM411,,13:41:29.750#,7294.0,7346.0,7202.0,7940.0,6496.0,1502,23489,7212.0,1,7214.0,4,7246.0,1,7250.0,1,7254.0,7,7264.0,2,7266.0,1,7308.0,100,7312.0,4,7318.0,1,7260.0
SM411,,13:41:32.250#,7294.0,7346.0,7202.0,7940.0,6496.0,1502,23489,7212.0,1,7214.0,4,7246.0,1,7250.0,1,7252.0,28,7264.0,7,7266.0,1,7308.0,100,7312.0,4,7318.0,1,7260.0
SM411,,13:41:37.500#,7294.0,7346.0,7202.0,7940.0,6496.0,1502,23489,7212.0,1,7214.0,4,7246.0,1,7250.0,1,7252.0,28,7264.0,8,7266.0,1,7308.0,100,7312.0,4,7318.0,1,7260.0
SM411,,13:41:38.250#,7294.0,7346.0,7202.0,7940.0,6496.0,1502,23489,7212.0,1,7214.0,4,7246.0,1,7250.0,1,7252.0,28,7262.0,1,7266.0,1,7308.0,100,7312.0,4,7318.0,1,7260.0
SM411,,13:41:38.750#,7294.0,7346.0,7202.0,7940.0,6496.0,1502,23489,7212.0,1,7214.0,4,7246.0,1,7250.0,1,7252.0,28,7262.0,2,7266.0,1,7308.0,100,7312.0,4,7318.0,1,7260.0
SM411,,13:41:40.0#,7294.0,7346.0,7202.0,7940.0,6496.0,1502,23489,7212.0,1,7214.0,4,7246.0,1,7250.0,1,7252.0,28,7262.0,1,7266.0,1,7308.0,100,7312.0,4,7318.0,1,7260.0
SM411,,13:41:40.250#,7294.0,7346.0,7202.0,7940.0,6496.0,1502,23489,7212.0,1,7214.0,4,7246.0,1,7250.0,1,7252.0,28,7264.0,8,7266.0,1,7308.0,100,7312.0,4,7318.0,1,7260.0
SM411,,13:41:40.750#,7294.0,7346.0,7202.0,7940.0,6496.0,1502,23489,7212.0,1,7214.0,4,7246.0,1,7250.0,1,7252.0,28,7264.0,6,7266.0,1,7308.0,100,7312.0,4,7318.0,1,7260.0
SM411,,13:41:41.0#,7294.0,7346.0,7202.0,7940.0,6496.0,1502,23489,7212.0,1,7214.0,4,7246.0,1,7250.0,1,7252.0,28,7264.0,2,7266.0,1,7308.0,100,7312.0,4,7318.0,1,7260.0
SM411,,13:41:50.500#,7294.0,7346.0,7202.0,7940.0,6496.0,1502,23489,7212.0,1,7214.0,4,7246.0,1,7250.0,1,7254.0,7,7266.0,7,7308.0,100,7312.0,4,7318.0,1,7342.0,1,7260.0
SM411,,13:41:51.0#,7294.0,7346.0,7202.0,7940.0,6496.0,1502,23489,7210.0,1,7212.0,1,7214.0,4,7246.0,1,7254.0,8,7266.0,6,7270.0,1,7308.0,100,7312.0,4,7318.0,1,7260.0
SM411,,13:42:00.750#,7294.0,7346.0,7202.0,7940.0,6496.0,1502,23489,7210.0,1,7212.0,1,7214.0,4,7246.0,1,7254.0,2,7266.0,6,7270.0,1,7308.0,100,7312.0,4,7318.0,1,7260.0
SM411,,13:42:01.0#,7294.0,7346.0,7202.0,7940.0,6496.0,1502,23489,7210.0,1,7212.0,1,7214.0,4,7246.0,1,7254.0,2,7266.0,4,7270.0,1,7308.0,100,7312.0,4,7318.0,1,7260.0
SM411,,13:42:06.0#,7294.0,7346.0,7202.0,7940.0,6496.0,1502,23489,7210.0,1,7212.0,1,7214.0,4,7246.0,1,7254.0,12,7266.0,4,7270.0,1,7308.0,100,7312.0,4,7318.0,1,7260.0
SM411,,13:42:06.750#,7294.0,7346.0,7202.0,7940.0,6496.0,1502,23489,7210.0,1,7212.0,1,7214.0,4,7246.0,1,7254.0,14,7266.0,4,7270.0,1,7308.0,100,7312.0,4,7318.0,1,7260.0
SM411,,13:42:07.0#,7294.0,7346.0,7202.0,7940.0,6496.0,1502,23489,7210.0,1,7212.0,1,7214.0,4,7246.0,1,7254.0,13,7266.0,4,7308.0,100,7312.0,4,7318.0,1,7342.0,1,7260.0
SM411,,13:42:07.250#,7294.0,7346.0,7202.0,7940.0,6496.0,1502,23489,7210.0,1,7212.0,1,7214.0,4,7246.0,1,7254.0,16,7266.0,4,7272.0,1,7308.0,100,7312.0,4,7318.0,1,7260.0
SM411,,13:42:07.500#,7294.0,7346.0,7202.0,7940.0,6496.0,1502,23489,7210.0,1,7212.0,1,7214.0,4,7246.0,1,7254.0,20,7266.0,4,7272.0,1,7308.0,100,7312.0,4,7318.0,1,7260.0
SM411,,13:42:08.0#,7294.0,7346.0,7202.0,7940.0,6496.0,1502,23489,7210.0,1,7212.0,1,7214.0,4,7246.0,1,7254.0,25,7266.0,4,7272.0,1,7308.0,100,7312.0,4,7318.0,1,7260.0
SM411,,13:42:08.250#,7294.0,7346.0,7202.0,7940.0,6496.0,1502,23489,7210.0,1,7212.0,1,7214.0,4,7246.0,1,7254.0,27,7266.0,4,7272.0,1,7308.0,100,7312.0,4,7318.0,1,7260.0
SM411,,13:42:08.750#,7294.0,7346.0,7202.0,7940.0,6496.0,1502,23489,7210.0,1,7212.0,1,7214.0,4,7246.0,1,7254.0,28,7266.0,4,7272.0,1,7308.0,100,7312.0,4,7318.0,1,7260.0
SM411,,13:42:09.0#,7294.0,7346.0,7202.0,7940.0,6496.0,1502,23489,7210.0,1,7212.0,1,7214.0,4,7246.0,1,7254.0,27,7266.0,4,7272.0,1,7308.0,100,7312.0,4,7318.0,1,7260.0
SM411,,13:42:09.250#,7294.0,7346.0,7202.0,7940.0,6496.0,1502,23489,7212.0,1,7214.0,4,7246.0,1,7254.0,1,7256.0,5,7266.0,1,7272.0,1,7308.0,100,7312.0,4,7318.0,1,7260.0
SM411,,13:42:09.500#,7294.0,7346.0,7202.0,7940.0,6496.0,1502,23489,7210.0,1,7212.0,1,7214.0,4,7246.0,1,7256.0,5,7272.0,4,7308.0,100,7312.0,4,7318.0,1,7342.0,1,7260.0
SM411,,13:42:16.0#,7294.0,7346.0,7202.0,7940.0,6496.0,1502,23489,7210.0,1,7212.0,1,7214.0,4,7246.0,1,7254.0,11,7266.0,8,7308.0,100,7312.0,4,7318.0,1,7342.0,1,7260.0
SM411,,13:42:16.250#,7294.0,7346.0,7202.0,7940.0,6496.0,1502,23489,7210.0,1,7212.0,1,7214.0,4,7246.0,1,7254.0,11,7266.0,9,7308.0,100,7312.0,4,7318.0,1,7342.0,1,7260.0
SM411,,13:42:25.0#,7294.0,7346.0,7202.0,7940.0,6496.0,1502,23489,7210.0,1,7212.0,1,7214.0,4,7246.0,1,7254.0,23,7268.0,3,7308.0,100,7312.0,4,7318.0,1,7342.0,1,7260.0
SM411,,13:42:33.500#,7294.0,7346.0,7202.0,7940.0,6496.0,1502,23489,7210.0,1,7212.0,1,7214.0,4,7246.0,1,7254.0,23,7266.0,2,7308.0,100,7312.0,4,7318.0,1,7342.0,1,7260.0
SM411,,13:42:33.750#,7294.0,7346.0,7202.0,7940.0,6496.0,1502,23489,7210.0,1,7212.0,1,7214.0,4,7246.0,1,7254.0,21,7266.0,2,7308.0,100,7312.0,4,7318.0,1,7342.0,1,7260.0
SM411,,13:42:34.0#,7294.0,7346.0,7202.0,7940.0,6496.0,1502,23489,7210.0,1,7212.0,1,7214.0,4,7246.0,1,7254.0,21,7268.0,2,7308.0,100,7312.0,4,7318.0,1,7342.0,1,7260.0
SM411,,13:42:34.750#,7294.0,7346.0,7202.0,7940.0,6496.0,1502,23489,7210.0,1,7212.0,1,7214.0,4,7246.0,1,7254.0,23,7268.0,2,7308.0,100,7312.0,4,7318.0,1,7342.0,1,7260.0
SM411,,13:42:36.750#,7294.0,7346.0,7202.0,7940.0,6496.0,1502,23489,7210.0,1,7212.0,1,7214.0,4,7246.0,1,7254.0,23,7266.0,2,7308.0,100,7312.0,4,7318.0,1,7342.0,1,7260.0
SM411,,13:42:41.0#,7294.0,7346.0,7202.0,7940.0,6496.0,1502,23489,7210.0,1,7212.0,1,7214.0,4,7246.0,1,7256.0,10,7266.0,2,7308.0,100,7312.0,4,7318.0,1,7342.0,1,7260.0
SM411,,13:42:41.750#,7294.0,7346.0,7202.0,7940.0,6496.0,1502,23489,7210.0,1,7212.0,1,7214.0,4,7246.0,1,7260.0,14,7266.0,2,7308.0,100,7312.0,4,7318.0,1,7342.0,1,7260.0
SM411,,13:42:44.0#,7294.0,7346.0,7202.0,7940.0,6496.0,1502,23489,7210.0,1,7212.0,1,7214.0,4,7246.0,1,7258.0,17,7264.0,2,7308.0,100,7312.0,4,7318.0,1,7342.0,1,7260.0
SM411,,13:42:54.0#,7294.0,7346.0,7202.0,7940.0,6496.0,1502,23489,7210.0,1,7212.0,1,7214.0,4,7246.0,1,7258.0,16,7264.0,2,7308.0,100,7312.0,4,7318.0,1,7342.0,1,7260.0
SM411,,13:42:55.250#,7294.0,7346.0,7202.0,7940.0,6496.0,1502,23489,7210.0,1,7212.0,1,7214.0,4,7246.0,1,7258.0,15,7264.0,2,7308.0,100,7312.0,4,7318.0,1,7342.0,1,7260.0
SM411,,13:42:58.500#,7294.0,7346.0,7202.0,7940.0,6496.0,1502,23489,7210.0,1,7212.0,1,7214.0,4,7246.0,1,7258.0,16,7264.0,33,7308.0,100,7312.0,4,7318.0,1,7342.0,1,7260.0
SM411,,13:42:59.0#,7294.0,7346.0,7202.0,7940.0,6496.0,1502,23489,7210.0,1,7212.0,1,7214.0,4,7246.0,1,7258.0,15,7264.0,33,7308.0,100,7312.0,4,7318.0,1,7342.0,1,7260.0
SM411,,13:42:59.750#,7294.0,7346.0,7202.0,7940.0,6496.0,1502,23489,7210.0,1,7212.0,1,7214.0,4,7246.0,1,7258.0,14,7264.0,33,7308.0,100,7312.0,4,7318.0,1,7342.0,1,7260.0
SM411,,13:43:01.250#,7294.0,7346.0,7202.0,7940.0,6496.0,1502,23489,7210.0,1,7212.0,1,7214.0,4,7246.0,1,7258.0,13,7264.0,33,7308.0,100,7312.0,4,7318.0,1,7342.0,1,7260.0
SM411,,13:43:01.750#,7294.0,7346.0,7202.0,7940.0,6496.0,1502,23489,7210.0,1,7212.0,1,7214.0,4,7246.0,1,7258.0,14,7264.0,33,7308.0,100,7312.0,4,7318.0,1,7342.0,1,7260.0
SM411,,13:43:02.250#,7294.0,7346.0,7202.0,7940.0,6496.0,1502,23489,7210.0,1,7212.0,1,7214.0,4,7246.0,1,7258.0,15,7264.0,33,7308.0,100,7312.0,4,7318.0,1,7342.0,1,7260.0
SM411,,13:43:02.500#,7294.0,7346.0,7202.0,7940.0,6496.0,1502,23489,7210.0,1,7212.0,1,7214.0,4,7246.0,1,7258.0,16,7264.0,33,7308.0,100,7312.0,4,7318.0,1,7342.0,1,7260.0
SM411,,13:43:02.750#,7294.0,7346.0,7202.0,7940.0,6496.0,1502,23489,7210.0,1,7212.0,1,7214.0,4,7246.0,1,7258.0,10,7264.0,33,7308.0,100,7312.0,4,7318.0,1,7342.0,1,7260.0
SM411,,13:43:03.0#,7294.0,7346.0,7202.0,7940.0,6496.0,1502,23489,7210.0,1,7212.0,1,7214.0,4,7246.0,1,7258.0,16,7264.0,33,7308.0,100,7312.0,4,7318.0,1,7342.0,1,7260.0
SM411,,13:43:04.0#,7294.0,7346.0,7202.0,7940.0,6496.0,1502,23489,7210.0,1,7212.0,1,7214.0,4,7246.0,1,7258.0,8,7264.0,33,7308.0,100,7312.0,4,7318.0,1,7342.0,1,7260.0
SM411,,13:43:05.250#,7294.0,7346.0,7202.0,7940.0,6496.0,1502,23489,7210.0,1,7212.0,1,7214.0,4,7246.0,1,7258.0,9,7264.0,33,7308.0,100,7312.0,4,7318.0,1,7342.0,1,7260.0
SM411,,13:43:06.0#,7294.0,7346.0,7202.0,7940.0,6496.0,1502,23489,7210.0,1,7212.0,1,7214.0,4,7246.0,1,7258.0,9,7264.0,32,7308.0,100,7312.0,4,7318.0,1,7342.0,1,7260.0
SM411,,13:43:07.0#,7294.0,7346.0,7202.0,7940.0,6496.0,1502,23489,7210.0,1,7212.0,1,7214.0,4,7246.0,1,7258.0,8,7264.0,32,7308.0,100,7312.0,4,7318.0,1,7342.0,1,7260.0
SM411,,13:43:09.750#,7294.0,7346.0,7202.0,7940.0,6496.0,1502,23489,7210.0,1,7212.0,1,7214.0,4,7246.0,1,7258.0,16,7264.0,32,7308.0,100,7312.0,4,7318.0,1,7342.0,1,7260.0
SM411,,13:43:10.500#,7294.0,7346.0,7202.0,7940.0,6496.0,1502,23489,7210.0,1,7212.0,1,7214.0,4,7246.0,1,7258.0,15,7264.0,32,7308.0,100,7312.0,4,7318.0,1,7342.0,1,7260.0
SM411,,13:43:11.0#,7294.0,7346.0,7202.0,7940.0,6496.0,1502,23489,7210.0,1,7212.0,1,7214.0,4,7246.0,1,7258.0,17,7264.0,32,7308.0,100,7312.0,4,7318.0,1,7342.0,1,7260.0
SM411,,13:43:12.500#,7294.0,7346.0,7202.0,7940.0,6496.0,1502,23489,7210.0,1,7212.0,1,7214.0,4,7246.0,1,7258.0,13,7264.0,27,7308.0,100,7312.0,4,7318.0,1,7342.0,1,7260.0
SM411,,13:43:13.250#,7294.0,7346.0,7202.0,7940.0,6496.0,1502,23489,7210.0,1,7212.0,1,7214.0,4,7246.0,1,7258.0,5,7264.0,27,7308.0,100,7312.0,4,7318.0,1,7342.0,1,7260.0
SM411,,13:43:13.750#,7294.0,7346.0,7202.0,7940.0,6496.0,1502,23489,7210.0,1,7212.0,1,7214.0,4,7246.0,1,7258.0,7,7264.0,27,7308.0,100,7312.0,4,7318.0,1,7342.0,1,7260.0
SM411,,13:43:17.750#,7294.0,7346.0,7202.0,7940.0,6496.0,1502,23489,7210.0,1,7212.0,1,7214.0,4,7246.0,1,7258.0,6,7264.0,23,7308.0,100,7312.0,4,7318.0,1,7342.0,1,7260.0
SM411,,13:43:18.500#,7294.0,7346.0,7202.0,7940.0,6496.0,1502,23489,7210.0,1,7212.0,1,7214.0,4,7246.0,1,7258.0,14,7264.0,19,7308.0,100,7312.0,4,7318.0,1,7342.0,1,7260.0
SM411,,13:43:19.500#,7294.0,7346.0,7202.0,7940.0,6496.0,1502,23489,7210.0,1,7212.0,1,7214.0,4,7246.0,1,7258.0,15,7264.0,19,7308.0,100,7312.0,4,7318.0,1,7342.0,1,7260.0
SM411,,13:43:20.500#,7294.0,7346.0,7202.0,7940.0,6496.0,1502,23489,7210.0,1,7212.0,1,7214.0,4,7246.0,1,7258.0,16,7264.0,19,7308.0,100,7312.0,4,7318.0,1,7342.0,1,7260.0
SM411,,13:43:21.250#,7294.0,7346.0,7202.0,7940.0,6496.0,1502,23489,7210.0,1,7212.0,1,7214.0,4,7246.0,1,7258.0,6,7264.0,19,7308.0,100,7312.0,4,7318.0,1,7342.0,1,7260.0
SM411,,13:43:21.500#,7294.0,7346.0,7202.0,7940.0,6496.0,1502,23489,7210.0,1,7212.0,1,7214.0,4,7246.0,1,7258.0,2,7264.0,19,7308.0,100,7312.0,4,7318.0,1,7342.0,1,7260.0
SM411,,13:43:21.750#,7294.0,7346.0,7202.0,7940.0,6496.0,1502,23489,7210.0,1,7212.0,1,7214.0,4,7246.0,1,7258.0,3,7264.0,19,7308.0,100,7312.0,4,7318.0,1,7342.0,1,7260.0
SM411,,13:43:23.0#,7294.0,7346.0,7202.0,7940.0,6496.0,1502,23489,7210.0,1,7212.0,1,7214.0,4,7246.0,1,7258.0,3,7264.0,17,7308.0,100,7312.0,4,7318.0,1,7342.0,1,7260.0
SM411,,13:43:24.750#,7294.0,7346.0,7202.0,7940.0,6496.0,1502,23489,7210.0,1,7212.0,1,7214.0,4,7246.0,1,7256.0,46,7262.0,2,7308.0,100,7312.0,4,7318.0,1,7342.0,1,7260.0
SM411,,13:43:26.0#,7294.0,7346.0,7202.0,7940.0,6496.0,1502,23489,7210.0,1,7212.0,1,7214.0,4,7246.0,1,7256.0,47,7262.0,2,7308.0,100,7312.0,4,7318.0,1,7342.0,1,7260.0
SM411,,13:43:26.500#,7294.0,7346.0,7202.0,7940.0,6496.0,1502,23489,7210.0,1,7212.0,1,7214.0,4,7246.0,1,7256.0,46,7262.0,2,7308.0,100,7312.0,4,7318.0,1,7342.0,1,7260.0
SM411,,13:43:27.750#,7294.0,7346.0,7202.0,7940.0,6496.0,1502,23489,7210.0,1,7212.0,1,7214.0,4,7246.0,1,7256.0,42,7262.0,2,7308.0,100,7312.0,4,7318.0,1,7342.0,1,7260.0
SM411,,13:43:28.0#,7294.0,7346.0,7202.0,7940.0,6496.0,1502,23489,7210.0,1,7212.0,1,7214.0,4,7246.0,1,7256.0,37,7262.0,2,7308.0,100,7312.0,4,7318.0,1,7342.0,1,7260.0
SM411,,13:43:28.750#,7294.0,7346.0,7202.0,7940.0,6496.0,1502,23489,7210.0,1,7212.0,1,7214.0,4,7246.0,1,7256.0,36,7262.0,2,7308.0,100,7312.0,4,7318.0,1,7342.0,1,7260.0
SM411,,13:43:29.250#,7294.0,7346.0,7202.0,7940.0,6496.0,1502,23489,7210.0,1,7212.0,1,7214.0,4,7246.0,1,7256.0,37,7262.0,2,7308.0,100,7312.0,4,7318.0,1,7342.0,1,7260.0
SM411,,13:43:30.250#,7294.0,7346.0,7202.0,7940.0,6496.0,1502,23489,7210.0,1,7212.0,1,7214.0,4,7246.0,1,7256.0,29,7262.0,2,7308.0,100,7312.0,4,7318.0,1,7342.0,1,7260.0
SM411,,13:43:30.500#,7294.0,7346.0,7202.0,7940.0,6496.0,1502,23489,7210.0,1,7212.0,1,7214.0,4,7246.0,1,7256.0,28,7262.0,2,7308.0,100,7312.0,4,7318.0,1,7342.0,1,7260.0
SM411,,13:43:30.750#,7294.0,7346.0,7202.0,7940.0,6496.0,1502,23489,7210.0,1,7212.0,1,7214.0,4,7246.0,1,7256.0,26,7262.0,2,7308.0,100,7312.0,4,7318.0,1,7342.0,1,7260.0
SM411,,13:43:33.0#,7294.0,7346.0,7202.0,7940.0,6496.0,1502,23489,7210.0,1,7212.0,1,7214.0,4,7246.0,1,7256.0,24,7262.0,2,7308.0,100,7312.0,4,7318.0,1,7342.0,1,7260.0
SM411,,13:43:33.250#,7294.0,7346.0,7202.0,7940.0,6496.0,1502,23489,7210.0,1,7212.0,1,7214.0,4,7246.0,1,7256.0,19,7262.0,2,7308.0,100,7312.0,4,7318.0,1,7342.0,1,7260.0
SM411,,13:43:35.0#,7294.0,7346.0,7202.0,7940.0,6496.0,1502,23489,7210.0,1,7212.0,1,7214.0,4,7246.0,1,7256.0,18,7262.0,2,7308.0,100,7312.0,4,7318.0,1,7342.0,1,7260.0
SM411,,13:43:35.250#,7294.0,7346.0,7202.0,7940.0,6496.0,1502,23489,7210.0,1,7212.0,1,7214.0,4,7246.0,1,7256.0,19,7262.0,2,7308.0,100,7312.0,4,7318.0,1,7342.0,1,7260.0
SM411,,13:43:39.750#,7294.0,7346.0,7202.0,7940.0,6496.0,1515,23502,7210.0,1,7212.0,1,7214.0,4,7246.0,1,7254.0,46,7256.0,17,7308.0,100,7312.0,4,7318.0,1,7342.0,1,7256.0
SM411,,13:43:40.0#,7294.0,7346.0,7202.0,7940.0,6496.0,1524,23511,7210.0,1,7212.0,1,7214.0,4,7246.0,1,7254.0,38,7256.0,8,7308.0,100,7312.0,4,7318.0,1,7342.0,1,7256.0
SM411,,13:43:40.250#,7294.0,7346.0,7202.0,7940.0,6496.0,1524,23511,7210.0,1,7212.0,1,7214.0,4,7246.0,1,7254.0,28,7256.0,8,7308.0,100,7312.0,4,7318.0,1,7342.0,1,7256.0
SM411,,13:43:43.500#,7294.0,7346.0,7202.0,7940.0,6496.0,1529,23516,7210.0,1,7212.0,1,7214.0,4,7246.0,1,7254.0,23,7256.0,3,7308.0,100,7312.0,4,7318.0,1,7342.0,1,7256.0
SM411,,13:43:43.750#,7294.0,7346.0,7202.0,7940.0,6496.0,1531,23518,7210.0,1,7212.0,1,7214.0,4,7246.0,1,7254.0,21,7256.0,1,7308.0,100,7312.0,4,7318.0,1,7342.0,1,7256.0
SM411,,13:43:44.0#,7294.0,7346.0,7202.0,7940.0,6496.0,1532,23519,7210.0,1,7212.0,1,7214.0,4,7246.0,1,7254.0,20,7262.0,2,7308.0,100,7312.0,4,7318.0,1,7342.0,1,7256.0
SM411,,13:43:44.250#,7294.0,7346.0,7202.0,7940.0,6496.0,1532,23519,7210.0,1,7212.0,1,7214.0,4,7246.0,1,7254.0,20,7260.0,2,7308.0,100,7312.0,4,7318.0,1,7342.0,1,7256.0
SM411,,13:43:45.500#,7294.0,7346.0,7202.0,7940.0,6496.0,1532,23519,7210.0,1,7212.0,1,7214.0,4,7246.0,1,7256.0,6,7262.0,2,7308.0,100,7312.0,4,7318.0,1,7342.0,1,7256.0
SM411,,13:43:45.750#,7294.0,7346.0,7202.0,7940.0,6496.0,1532,23519,7210.0,1,7212.0,1,7214.0,4,7246.0,1,7256.0,9,7262.0,2,7308.0,100,7312.0,4,7318.0,1,7342.0,1,7256.0
SM411,,13:43:46.500#,7294.0,7346.0,7202.0,7940.0,6496.0,1532,23519,7210.0,1,7212.0,1,7214.0,4,7246.0,1,7256.0,5,7262.0,2,7308.0,100,7312.0,4,7318.0,1,7342.0,1,7256.0
SM411,,13:43:47.500#,7294.0,7346.0,7202.0,7940.0,6496.0,1532,23519,7210.0,1,7212.0,1,7214.0,4,7246.0,1,7254.0,20,7260.0,1,7308.0,100,7312.0,4,7318.0,1,7342.0,1,7256.0
SM411,,13:43:48.0#,7294.0,7346.0,7202.0,7940.0,6496.0,1532,23519,7210.0,1,7212.0,1,7214.0,4,7246.0,1,7254.0,20,7260.0,2,7308.0,100,7312.0,4,7318.0,1,7342.0,1,7256.0
SM411,,13:43:49.250#,7294.0,7346.0,7202.0,7940.0,6496.0,1532,23519,7210.0,1,7212.0,1,7214.0,4,7246.0,1,7254.0,13,7262.0,2,7308.0,100,7312.0,4,7318.0,1,7342.0,1,7256.0
SM411,,13:43:49.500#,7294.0,7346.0,7202.0,7940.0,6496.0,1532,23519,7210.0,1,7212.0,1,7214.0,4,7246.0,1,7254.0,13,7260.0,2,7308.0,100,7312.0,4,7318.0,1,7342.0,1,7256.0
SM411,,13:43:49.750#,7294.0,7346.0,7202.0,7940.0,6496.0,1532,23519,7210.0,1,7212.0,1,7214.0,4,7246.0,1,7256.0,15,7262.0,2,7308.0,100,7312.0,4,7318.0,1,7342.0,1,7256.0
SM411,,13:43:50.0#,7294.0,7346.0,7202.0,7940.0,6496.0,1532,23519,7210.0,1,7212.0,1,7214.0,4,7246.0,1,7256.0,11,7262.0,2,7308.0,100,7312.0,4,7318.0,1,7342.0,1,7256.0
SM411,,13:43:50.750#,7294.0,7346.0,7202.0,7940.0,6496.0,1532,23519,7210.0,1,7212.0,1,7214.0,4,7246.0,1,7256.0,12,7262.0,2,7308.0,100,7312.0,4,7318.0,1,7342.0,1,7256.0
SM411,,13:43:51.0#,7294.0,7346.0,7202.0,7940.0,6496.0,1532,23519,7210.0,1,7212.0,1,7214.0,4,7246.0,1,7256.0,13,7262.0,2,7308.0,100,7312.0,4,7318.0,1,7342.0,1,7256.0
SM411,,13:43:51.250#,7294.0,7346.0,7202.0,7940.0,6496.0,1532,23519,7210.0,1,7212.0,1,7214.0,4,7246.0,1,7256.0,14,7262.0,2,7308.0,100,7312.0,4,7318.0,1,7342.0,1,7256.0
SM411,,13:43:52.0#,7294.0,7346.0,7202.0,7940.0,6496.0,1532,23519,7210.0,1,7212.0,1,7214.0,4,7246.0,1,7256.0,15,7262.0,2,7308.0,100,7312.0,4,7318.0,1,7342.0,1,7256.0
SM411,,13:43:52.500#,7294.0,7346.0,7202.0,7940.0,6496.0,1532,23519,7210.0,1,7212.0,1,7214.0,4,7246.0,1,7256.0,14,7262.0,2,7308.0,100,7312.0,4,7318.0,1,7342.0,1,7256.0
SM411,,13:43:54.250#,7294.0,7346.0,7202.0,7940.0,6496.0,1532,23519,7210.0,1,7212.0,1,7214.0,4,7246.0,1,7256.0,15,7262.0,2,7308.0,100,7312.0,4,7318.0,1,7342.0,1,7256.0
SM411,,13:43:57.250#,7294.0,7346.0,7202.0,7940.0,6496.0,1532,23519,7210.0,1,7212.0,1,7214.0,4,7246.0,1,7256.0,14,7262.0,2,7308.0,100,7312.0,4,7318.0,1,7342.0,1,7256.0
SM411,,13:43:59.250#,7294.0,7346.0,7202.0,7940.0,6496.0,1532,23519,7210.0,1,7212.0,1,7214.0,4,7246.0,1,7256.0,15,7262.0,2,7308.0,100,7312.0,4,7318.0,1,7342.0,1,7256.0
SM411,,13:44:00.0#,7294.0,7346.0,7202.0,7940.0,6496.0,1532,23519,7210.0,1,7212.0,1,7214.0,4,7246.0,1,7256.0,16,7262.0,2,7308.0,100,7312.0,4,7318.0,1,7342.0,1,7256.0
SM411,,13:44:00.500#,7294.0,7346.0,7202.0,7940.0,6496.0,1532,23519,7210.0,1,7212.0,1,7214.0,4,7246.0,1,7256.0,31,7262.0,2,7308.0,100,7312.0,4,7318.0,1,7342.0,1,7256.0
SM411,,13:44:00.750#,7294.0,7346.0,7202.0,7940.0,6496.0,1532,23519,7210.0,1,7212.0,1,7214.0,4,7246.0,1,7256.0,31,7264.0,2,7308.0,100,7312.0,4,7318.0,1,7342.0,1,7256.0
SM411,,13:44:01.250#,7294.0,7346.0,7202.0,7940.0,6496.0,1532,23519,7210.0,1,7212.0,1,7214.0,4,7246.0,1,7258.0,2,7264.0,2,7308.0,100,7312.0,4,7318.0,1,7342.0,1,7256.0
SM411,,13:44:01.750#,7294.0,7346.0,7202.0,7940.0,6496.0,1532,23519,7210.0,1,7212.0,1,7214.0,4,7246.0,1,7258.0,9,7264.0,2,7308.0,100,7312.0,4,7318.0,1,7342.0,1,7256.0
SM411,,13:44:02.250#,7294.0,7346.0,7202.0,7940.0,6496.0,1532,23519,7210.0,1,7212.0,1,7214.0,4,7246.0,1,7258.0,20,7264.0,2,7308.0,100,7312.0,4,7318.0,1,7342.0,1,7256.0
SM411,,13:44:06.750#,7294.0,7346.0,7202.0,7940.0,6496.0,1532,23519,7210.0,1,7212.0,1,7214.0,4,7246.0,1,7258.0,20,7266.0,2,7308.0,100,7312.0,4,7318.0,1,7342.0,1,7256.0
SM411,,13:44:09.500#,7294.0,7346.0,7202.0,7940.0,6496.0,1532,23519,7210.0,1,7212.0,1,7214.0,4,7246.0,1,7258.0,20,7264.0,1,7308.0,100,7312.0,4,7318.0,1,7342.0,1,7256.0
SM411,,13:44:11.0#,7294.0,7346.0,7202.0,7940.0,6496.0,1532,23519,7210.0,1,7212.0,1,7214.0,4,7246.0,1,7258.0,25,7266.0,2,7308.0,100,7312.0,4,7318.0,1,7342.0,1,7256.0
SM411,,13:44:11.750#,7294.0,7346.0,7202.0,7940.0,6496.0,1532,23519,7210.0,1,7212.0,1,7214.0,4,7246.0,1,7258.0,27,7266.0,2,7308.0,100,7312.0,4,7318.0,1,7342.0,1,7256.0
SM411,,13:44:12.250#,7294.0,7346.0,7202.0,7940.0,6496.0,1532,23519,7210.0,1,7212.0,1,7214.0,4,7246.0,1,7262.0,17,7268.0,2,7308.0,100,7312.0,4,7318.0,1,7342.0,1,7256.0
SM411,,13:44:12.750#,7294.0,7346.0,7202.0,7940.0,6496.0,1532,23519,7210.0,1,7212.0,1,7214.0,4,7246.0,1,7262.0,19,7268.0,2,7308.0,100,7312.0,4,7318.0,1,7342.0,1,7256.0
SM411,,13:44:13.0#,7294.0,7346.0,7202.0,7940.0,6496.0,1532,23519,7210.0,1,7212.0,1,7214.0,4,7246.0,1,7262.0,20,7268.0,2,7308.0,100,7312.0,4,7318.0,1,7342.0,1,7256.0
SM411,,13:44:14.750#,7294.0,7346.0,7202.0,7940.0,6496.0,1532,23519,7210.0,1,7212.0,1,7214.0,4,7246.0,1,7262.0,19,7268.0,2,7308.0,100,7312.0,4,7318.0,1,7342.0,1,7256.0
SM411,,13:44:15.500#,7294.0,7346.0,7202.0,7940.0,6496.0,1532,23519,7210.0,1,7212.0,1,7214.0,4,7246.0,1,7264.0,20,7270.0,2,7308.0,100,7312.0,4,7318.0,1,7342.0,1,7256.0
SM411,,13:44:21.500#,7294.0,7346.0,7202.0,7940.0,6496.0,1532,23519,7210.0,1,7212.0,1,7214.0,4,7246.0,1,7266.0,20,7272.0,19,7308.0,100,7312.0,4,7318.0,1,7342.0,1,7256.0
SM411,,13:44:23.500#,7294.0,7346.0,7202.0,7940.0,6496.0,1532,23519,7210.0,1,7212.0,1,7214.0,4,7246.0,1,7266.0,20,7268.0,1,7308.0,100,7312.0,4,7318.0,1,7342.0,1,7256.0
SM411,,13:44:25.500#,7294.0,7346.0,7202.0,7940.0,6496.0,1552,23539,7210.0,1,7212.0,1,7214.0,4,7246.0,1,7256.0,10,7266.0,43,7268.0,1,7308.0,100,7312.0,4,7318.0,1,7266.0
SM411,,13:44:25.750#,7294.0,7346.0,7202.0,7940.0,6496.0,1552,23539,7210.0,1,7212.0,1,7214.0,4,7246.0,1,7256.0,6,7266.0,14,7268.0,1,7308.0,100,7312.0,4,7318.0,1,7266.0
SM411,,13:44:26.0#,7294.0,7346.0,7202.0,7940.0,6496.0,1552,23539,7210.0,1,7212.0,1,7214.0,4,7246.0,1,7256.0,7,7268.0,3,7308.0,100,7312.0,4,7318.0,1,7342.0,1,7266.0
SM411,,13:44:26.250#,7294.0,7346.0,7202.0,7940.0,6496.0,1552,23539,7210.0,1,7212.0,1,7214.0,4,7246.0,1,7256.0,7,7268.0,2,7308.0,100,7312.0,4,7318.0,1,7342.0,1,7266.0
SM411,,13:44:26.750#,7294.0,7346.0,7202.0,7940.0,6496.0,1553,23539,7210.0,1,7212.0,1,7214.0,4,7246.0,1,7256.0,6,7268.0,2,7308.0,100,7312.0,4,7318.0,1,7342.0,1,7256.0
SM411,,13:44:33.500#,7294.0,7346.0,7202.0,7940.0,6496.0,1553,23539,7210.0,1,7212.0,1,7214.0,4,7246.0,1,7258.0,3,7268.0,2,7308.0,100,7312.0,4,7318.0,1,7342.0,1,7256.0
SM411,,13:44:33.750#,7294.0,7346.0,7202.0,7940.0,6496.0,1553,23539,7210.0,1,7212.0,1,7214.0,4,7246.0,1,7258.0,4,7268.0,2,7308.0,100,7312.0,4,7318.0,1,7342.0,1,7256.0
SM411,,13:44:34.0#,7294.0,7346.0,7202.0,7940.0,6496.0,1553,23539,7210.0,1,7212.0,1,7214.0,4,7246.0,1,7264.0,10,7268.0,2,7308.0,100,7312.0,4,7318.0,1,7342.0,1,7256.0
SM411,,13:44:34.250#,7294.0,7346.0,7202.0,7940.0,6496.0,1553,23539,7210.0,1,7212.0,1,7214.0,4,7246.0,1,7258.0,1,7268.0,2,7308.0,100,7312.0,4,7318.0,1,7342.0,1,7256.0
SM411,,13:44:46.750#,7294.0,7346.0,7202.0,7940.0,6496.0,1553,23539,7210.0,1,7212.0,1,7214.0,4,7246.0,1,7258.0,1,7262.0,2,7308.0,100,7312.0,4,7318.0,1,7342.0,1,7256.0
SM411,,13:44:53.0#,7294.0,7346.0,7202.0,7940.0,6496.0,1555,23539,7210.0,1,7212.0,1,7214.0,4,7246.0,1,7262.0,1,7270.0,3,7308.0,100,7312.0,4,7318.0,1,7342.0,1,7262.0
SM411,,13:44:53.250#,7294.0,7346.0,7202.0,7940.0,6496.0,1555,23539,7210.0,1,7212.0,1,7214.0,4,7246.0,1,7258.0,1,7270.0,3,7308.0,100,7312.0,4,7318.0,1,7342.0,1,7262.0
SM411,,13:44:53.500#,7294.0,7346.0,7202.0,7940.0,6496.0,1555,23539,7210.0,1,7212.0,1,7214.0,4,7246.0,1,7258.0,1,7268.0,2,7308.0,100,7312.0,4,7318.0,1,7342.0,1,7262.0
SM411,,13:44:54.250#,7294.0,7346.0,7202.0,7940.0,6496.0,1555,23539,7210.0,1,7212.0,1,7214.0,4,7246.0,1,7258.0,1,7270.0,2,7308.0,100,7312.0,4,7318.0,1,7342.0,1,7262.0
SM411,,13:44:54.750#,7294.0,7346.0,7202.0,7940.0,6496.0,1555,23539,7210.0,1,7212.0,1,7214.0,4,7246.0,1,7258.0,1,7270.0,1,7308.0,100,7312.0,4,7318.0,1,7342.0,1,7262.0
SM411,,13:44:55.0#,7294.0,7346.0,7202.0,7940.0,6496.0,1555,23539,7210.0,1,7212.0,1,7214.0,4,7246.0,1,7260.0,1,7270.0,1,7308.0,100,7312.0,4,7318.0,1,7342.0,1,7262.0
SM411,,13:44:55.500#,7294.0,7346.0,7202.0,7940.0,6496.0,1555,23539,7210.0,1,7212.0,1,7214.0,4,7246.0,1,7260.0,1,7270.0,1,7308.0,100,7312.0,4,7318.0,1,7342.0,1,7262.0
SM411,,13:44:59.750#,7294.0,7346.0,7202.0,7940.0,6496.0,1555,23539,7210.0,1,7212.0,1,7214.0,4,7246.0,1,7260.0,1,7270.0,1,7308.0,100,7312.0,4,7342.0,1,7346.0,1,7262.0
SM411,,13:45:01.250#,7294.0,7346.0,7202.0,7940.0,6496.0,1555,23539,7210.0,1,7212.0,1,7214.0,4,7246.0,1,7260.0,1,7270.0,1,7308.0,100,7312.0,4,7324.0,1,7342.0,1,7262.0
SM411,,13:45:05.0#,7294.0,7346.0,7202.0,7940.0,6496.0,1555,23539,7210.0,1,7212.0,1,7214.0,4,7246.0,1,7260.0,1,7272.0,3,7308.0,100,7312.0,4,7324.0,1,7342.0,1,7262.0
SM411,,13:45:06.0#,7294.0,7346.0,7202.0,7940.0,6496.0,1555,23539,7210.0,1,7212.0,1,7214.0,4,7246.0,1,7266.0,10,7272.0,2,7308.0,100,7312.0,4,7324.0,1,7342.0,1,7262.0
SM411,,13:45:06.250#,7294.0,7346.0,7202.0,7940.0,6496.0,1555,23539,7210.0,1,7212.0,1,7214.0,4,7246.0,1,7256.0,6,7272.0,2,7308.0,100,7312.0,4,7324.0,1,7342.0,1,7262.0
SM411,,13:45:06.500#,7294.0,7346.0,7202.0,7940.0,6496.0,1555,23539,7210.0,1,7212.0,1,7214.0,4,7246.0,1,7260.0,1,7272.0,2,7308.0,100,7312.0,4,7324.0,1,7342.0,1,7262.0
SM411,,13:45:06.750#,7294.0,7346.0,7202.0,7940.0,6496.0,1555,23539,7210.0,1,7212.0,1,7214.0,4,7246.0,1,7258.0,16,7272.0,2,7308.0,100,7312.0,4,7324.0,1,7342.0,1,7262.0
SM411,,13:45:07.0#,7294.0,7346.0,7202.0,7940.0,6496.0,1555,23539,7210.0,1,7212.0,1,7214.0,4,7246.0,1,7260.0,5,7272.0,2,7308.0,100,7312.0,4,7324.0,1,7342.0,1,7262.0
SM411,,13:45:07.250#,7294.0,7346.0,7202.0,7940.0,6496.0,1555,23539,7210.0,1,7212.0,1,7214.0,4,7246.0,1,7262.0,4,7272.0,2,7308.0,100,7312.0,4,7324.0,1,7342.0,1,7262.0
SM411,,13:45:07.500#,7294.0,7346.0,7202.0,7940.0,6496.0,1555,23539,7210.0,1,7212.0,1,7214.0,4,7246.0,1,7268.0,13,7272.0,2,7308.0,100,7312.0,4,7324.0,1,7342.0,1,7262.0
SM411,,13:45:07.750#,7294.0,7346.0,7202.0,7940.0,6496.0,1555,23539,7210.0,1,7212.0,1,7214.0,4,7246.0,1,7262.0,4,7272.0,2,7308.0,100,7312.0,4,7324.0,1,7342.0,1,7262.0
SM411,,13:45:17.750#,7294.0,7346.0,7202.0,7940.0,6496.0,1555,23539,7210.0,1,7212.0,1,7214.0,4,7246.0,1,7262.0,4,7272.0,2,7308.0,100,7312.0,4,7324.0,1,7342.0,1,7262.0
SM411,,13:45:18.250#,7294.0,7346.0,7202.0,7940.0,6496.0,1556,23540,7210.0,1,7212.0,1,7214.0,4,7246.0,1,7262.0,3,7272.0,2,7308.0,100,7312.0,4,7324.0,1,7342.0,1,7262.0
SM411,,13:45:22.250#,7294.0,7346.0,7202.0,7940.0,6496.0,1556,23540,7210.0,1,7212.0,1,7214.0,4,7246.0,1,7262.0,3,7272.0,2,7308.0,100,7312.0,4,7324.0,1,7342.0,1,7262.0
SM411,,13:45:22.500#,7294.0,7346.0,7202.0,7940.0,6496.0,1556,23540,7210.0,1,7212.0,1,7214.0,4,7246.0,1,7262.0,3,7272.0,1,7308.0,100,7312.0,4,7324.0,1,7342.0,1,7262.0
SM411,,13:45:25.250#,7294.0,7346.0,7202.0,7940.0,6496.0,1556,23540,7210.0,1,7212.0,1,7214.0,4,7246.0,1,7262.0,2,7272.0,1,7308.0,100,7312.0,4,7324.0,1,7342.0,1,7262.0
SM411,,13:45:35.500#,7294.0,7346.0,7202.0,7940.0,6496.0,1556,23540,7210.0,1,7212.0,1,7214.0,4,7246.0,1,7262.0,2,7272.0,3,7308.0,100,7312.0,4,7324.0,1,7342.0,1,7262.0
SM411,,13:45:36.0#,7294.0,7346.0,7202.0,7940.0,6496.0,1556,23540,7210.0,1,7212.0,1,7214.0,4,7246.0,1,7260.0,4,7272.0,3,7308.0,100,7312.0,4,7324.0,1,7342.0,1,7262.0
SM411,,13:45:36.250#,7294.0,7346.0,7202.0,7940.0,6496.0,1556,23540,7210.0,1,7212.0,1,7214.0,4,7246.0,1,7260.0,4,7270.0,2,7308.0,100,7312.0,4,7324.0,1,7342.0,1,7262.0
SM411,,13:45:43.0#,7294.0,7346.0,7202.0,7940.0,6496.0,1556,23540,7210.0,1,7212.0,1,7214.0,4,7246.0,1,7266.0,12,7270.0,2,7308.0,100,7312.0,4,7324.0,1,7342.0,1,7262.0
SM411,,13:45:43.250#,7294.0,7346.0,7202.0,7940.0,6496.0,1556,23540,7210.0,1,7212.0,1,7214.0,4,7246.0,1,7260.0,4,7270.0,2,7308.0,100,7312.0,4,7324.0,1,7342.0,1,7262.0
SM411,,13:45:50.500#,7294.0,7346.0,7202.0,7940.0,6496.0,1556,23540,7210.0,1,7212.0,1,7214.0,4,7246.0,1,7260.0,4,7272.0,2,7308.0,100,7312.0,4,7324.0,1,7342.0,1,7262.0
SM411,,13:45:50.750#,7294.0,7346.0,7202.0,7940.0,6496.0,1556,23540,7210.0,1,7212.0,1,7214.0,4,7246.0,1,7262.0,1,7272.0,1,7308.0,100,7312.0,4,7324.0,1,7342.0,1,7262.0
SM411,,13:45:51.0#,7294.0,7346.0,7202.0,7940.0,6496.0,1556,23540,7210.0,1,7212.0,1,7214.0,4,7246.0,1,7262.0,1,7270.0,2,7308.0,100,7312.0,4,7324.0,1,7342.0,1,7262.0
SM411,,13:45:54.0#,7294.0,7346.0,7202.0,7940.0,6496.0,1556,23540,7210.0,1,7212.0,1,7214.0,4,7246.0,1,7262.0,1,7272.0,2,7308.0,100,7312.0,4,7324.0,1,7342.0,1,7262.0
SM411,,13:46:02.500#,7294.0,7346.0,7202.0,7940.0,6496.0,1556,23540,7210.0,1,7212.0,1,7214.0,4,7246.0,1,7262.0,1,7270.0,2,7308.0,100,7312.0,4,7324.0,1,7342.0,1,7262.0
SM411,,13:46:03.0#,7294.0,7346.0,7202.0,7940.0,6496.0,1556,23540,7210.0,1,7212.0,1,7214.0,4,7246.0,1,7260.0,4,7270.0,2,7308.0,100,7312.0,4,7324.0,1,7342.0,1,7262.0
SM411,,13:46:07.0#,7294.0,7346.0,7202.0,7940.0,6496.0,1556,23540,7210.0,1,7212.0,1,7214.0,4,7246.0,1,7266.0,16,7270.0,2,7308.0,100,7312.0,4,7324.0,1,7342.0,1,7262.0
SM411,,13:46:07.250#,7294.0,7346.0,7202.0,7940.0,6496.0,1556,23540,7210.0,1,7212.0,1,7214.0,4,7246.0,1,7260.0,4,7270.0,2,7308.0,100,7312.0,4,7324.0,1,7342.0,1,7262.0
SM411,,13:46:07.750#,7294.0,7346.0,7202.0,7940.0,6496.0,1556,23540,7210.0,1,7212.0,1,7214.0,4,7246.0,1,7260.0,4,7268.0,2,7308.0,100,7312.0,4,7324.0,1,7342.0,1,7262.0
SM411,,13:46:15.750#,7294.0,7346.0,7202.0,7940.0,6496.0,1556,23540,7210.0,1,7212.0,1,7214.0,4,7246.0,1,7260.0,4,7270.0,2,7308.0,100,7312.0,4,7324.0,1,7342.0,1,7262.0
SM411,,13:46:18.0#,7294.0,7346.0,7202.0,7940.0,6496.0,1556,23540,7210.0,1,7212.0,1,7214.0,4,7246.0,1,7262.0,1,7270.0,2,7308.0,100,7312.0,4,7324.0,1,7342.0,1,7262.0
SM411,,13:46:18.500#,7294.0,7346.0,7202.0,7940.0,6496.0,1556,23540,7210.0,1,7212.0,1,7214.0,4,7246.0,1,7262.0,1,7270.0,1,7308.0,100,7312.0,4,7324.0,1,7342.0,1,7262.0
SM411,,13:46:18.750#,7294.0,7346.0,7202.0,7940.0,6496.0,1556,23540,7210.0,1,7212.0,1,7214.0,4,7246.0,1,7262.0,1,7268.0,2,7308.0,100,7312.0,4,7324.0,1,7342.0,1,7262.0
SM411,,13:46:21.250#,7294.0,7346.0,7202.0,7940.0,6496.0,1556,23540,7210.0,1,7212.0,1,7214.0,4,7246.0,1,7260.0,4,7268.0,2,7308.0,100,7312.0,4,7324.0,1,7342.0,1,7262.0
SM411,,13:46:24.0#,7294.0,7346.0,7202.0,7940.0,6496.0,1556,23540,7210.0,1,7212.0,1,7214.0,4,7246.0,1,7260.0,4,7266.0,2,7308.0,100,7312.0,4,7324.0,1,7342.0,1,7262.0
SM411,,13:46:32.750#,7294.0,7346.0,7202.0,7940.0,6496.0,1556,23540,7210.0,1,7212.0,1,7214.0,4,7246.0,1,7260.0,4,7264.0,1,7308.0,100,7312.0,4,7324.0,1,7342.0,1,7262.0
SM411,,13:46:33.0#,7294.0,7346.0,7202.0,7940.0,6496.0,1556,23540,7210.0,1,7212.0,1,7214.0,4,7246.0,1,7260.0,4,7264.0,2,7308.0,100,7312.0,4,7324.0,1,7342.0,1,7262.0
SM411,,13:46:33.250#,7294.0,7346.0,7202.0,7940.0,6496.0,1556,23540,7210.0,1,7212.0,1,7214.0,4,7246.0,1,7258.0,12,7264.0,2,7308.0,100,7312.0,4,7324.0,1,7342.0,1,7262.0
SM411,,13:46:40.750#,7294.0,7346.0,7202.0,7940.0,6496.0,1556,23540,7210.0,1,7212.0,1,7214.0,4,7246.0,1,7258.0,12,7266.0,2,7308.0,100,7312.0,4,7324.0,1,7342.0,1,7262.0
SM411,,13:46:41.0#,7294.0,7346.0,7202.0,7940.0,6496.0,1556,23540,7210.0,1,7212.0,1,7214.0,4,7246.0,1,7258.0,8,7266.0,2,7308.0,100,7312.0,4,7324.0,1,7342.0,1,7262.0
SM411,,13:46:42.0#,7294.0,7346.0,7202.0,7940.0,6496.0,1556,23540,7210.0,1,7212.0,1,7214.0,4,7246.0,1,7258.0,8,7264.0,1,7308.0,100,7312.0,4,7324.0,1,7342.0,1,7262.0
SM411,,13:46:42.500#,7294.0,7346.0,7202.0,7940.0,6496.0,1556,23540,7210.0,1,7212.0,1,7214.0,4,7246.0,1,7258.0,8,7264.0,2,7308.0,100,7312.0,4,7324.0,1,7342.0,1,7262.0
SM411,,13:46:44.250#,7294.0,7346.0,7202.0,7940.0,6496.0,1556,23540,7210.0,1,7212.0,1,7214.0,4,7246.0,1,7258.0,4,7264.0,2,7308.0,100,7312.0,4,7324.0,1,7342.0,1,7262.0
SM411,,13:46:44.500#,7294.0,7346.0,7202.0,7940.0,6496.0,1556,23540,7210.0,1,7212.0,1,7214.0,4,7246.0,1,7256.0,5,7264.0,2,7308.0,100,7312.0,4,7324.0,1,7342.0,1,7262.0
SM411,,13:46:51.500#,7294.0,7346.0,7202.0,7940.0,6496.0,1556,23540,7210.0,1,7212.0,1,7214.0,4,7246.0,1,7256.0,5,7266.0,2,7308.0,100,7312.0,4,7324.0,1,7342.0,1,7262.0
SM411,,13:46:53.500#,7294.0,7346.0,7202.0,7940.0,6496.0,1556,23540,7210.0,1,7212.0,1,7214.0,4,7246.0,1,7260.0,19,7266.0,2,7308.0,100,7312.0,4,7324.0,1,7342.0,1,7262.0
SM411,,13:46:55.750#,7294.0,7346.0,7202.0,7940.0,6496.0,1556,23540,7210.0,1,7212.0,1,7214.0,4,7246.0,1,7260.0,18,7266.0,2,7308.0,100,7312.0,4,7324.0,1,7342.0,1,7262.0
SM411,,13:46:57.500#,7294.0,7346.0,7202.0,7940.0,6496.0,1556,23540,7210.0,1,7212.0,1,7214.0,4,7246.0,1,7260.0,14,7266.0,2,7308.0,100,7312.0,4,7324.0,1,7342.0,1,7262.0
SM411,,13:46:58.0#,7294.0,7346.0,7202.0,7940.0,6496.0,1556,23540,7210.0,1,7212.0,1,7214.0,4,7246.0,1,7260.0,10,7266.0,2,7308.0,100,7312.0,4,7324.0,1,7342.0,1,7262.0
SM411,,13:46:58.500#,7294.0,7346.0,7202.0,7940.0,6496.0,1556,23540,7210.0,1,7212.0,1,7214.0,4,7246.0,1,7260.0,7,7264.0,2,7308.0,100,7312.0,4,7324.0,1,7342.0,1,7262.0
SM411,,13:46:58.750#,7294.0,7346.0,7202.0,7940.0,6496.0,1556,23540,7210.0,1,7212.0,1,7214.0,4,7246.0,1,7260.0,3,7264.0,2,7308.0,100,7312.0,4,7324.0,1,7342.0,1,7262.0
SM411,,13:46:59.0#,7294.0,7346.0,7202.0,7940.0,6496.0,1556,23540,7210.0,1,7212.0,1,7214.0,4,7246.0,1,7256.0,9,7264.0,2,7308.0,100,7312.0,4,7324.0,1,7342.0,1,7262.0
SM411,,13:47:02.0#,7294.0,7346.0,7202.0,7940.0,6496.0,1556,23540,7210.0,1,7212.0,1,7214.0,4,7246.0,1,7252.0,19,7262.0,2,7308.0,100,7312.0,4,7324.0,1,7342.0,1,7262.0
SM411,,13:47:02.750#,7294.0,7346.0,7202.0,7940.0,6496.0,1556,23540,7210.0,1,7212.0,1,7214.0,4,7246.0,1,7252.0,19,7260.0,2,7308.0,100,7312.0,4,7324.0,1,7342.0,1,7262.0
SM411,,13:47:03.0#,7294.0,7346.0,7202.0,7940.0,6496.0,1556,23540,7210.0,1,7212.0,1,7214.0,4,7246.0,1,7252.0,19,7264.0,8,7308.0,100,7312.0,4,7324.0,1,7342.0,1,7262.0
SM411,,13:47:03.250#,7294.0,7346.0,7202.0,7940.0,6496.0,1556,23540,7210.0,1,7212.0,1,7214.0,4,7246.0,1,7252.0,19,7262.0,2,7308.0,100,7312.0,4,7324.0,1,7342.0,1,7262.0
SM411,,13:47:03.500#,7294.0,7346.0,7202.0,7940.0,6496.0,1556,23540,7210.0,1,7212.0,1,7214.0,4,7246.0,1,7252.0,19,7264.0,8,7308.0,100,7312.0,4,7324.0,1,7342.0,1,7262.0
SM411,,13:47:03.750#,7294.0,7346.0,7202.0,7940.0,6496.0,1556,23540,7210.0,1,7212.0,1,7214.0,4,7246.0,1,7252.0,19,7262.0,2,7308.0,100,7312.0,4,7324.0,1,7342.0,1,7262.0
SM411,,13:47:04.0#,7294.0,7346.0,7202.0,7940.0,6496.0,1556,23540,7210.0,1,7212.0,1,7214.0,4,7246.0,1,7252.0,24,7262.0,2,7308.0,100,7312.0,4,7324.0,1,7342.0,1,7262.0
SM411,,13:47:05.0#,7294.0,7346.0,7202.0,7940.0,6496.0,1556,23540,7210.0,1,7212.0,1,7214.0,4,7246.0,1,7252.0,24,7262.0,1,7308.0,100,7312.0,4,7324.0,1,7342.0,1,7262.0
SM411,,13:47:05.250#,7294.0,7346.0,7202.0,7940.0,6496.0,1556,23540,7210.0,1,7212.0,1,7214.0,4,7246.0,1,7252.0,24,7262.0,2,7308.0,100,7312.0,4,7324.0,1,7342.0,1,7262.0
SM411,,13:47:08.0#,7294.0,7346.0,7202.0,7940.0,6496.0,1556,23540,7210.0,1,7212.0,1,7214.0,4,7246.0,1,7252.0,24,7260.0,2,7308.0,100,7312.0,4,7324.0,1,7342.0,1,7262.0
SM411,,13:47:10.750#,7294.0,7346.0,7202.0,7940.0,6496.0,1556,23540,7210.0,1,7212.0,1,7214.0,4,7246.0,1,7252.0,20,7260.0,2,7308.0,100,7312.0,4,7324.0,1,7342.0,1,7262.0
SM411,,13:47:11.500#,7294.0,7346.0,7202.0,7940.0,6496.0,1556,23540,7210.0,1,7212.0,1,7214.0,4,7246.0,1,7252.0,19,7260.0,2,7308.0,100,7312.0,4,7324.0,1,7342.0,1,7262.0
SM411,,13:47:13.750#,7294.0,7346.0,7202.0,7940.0,6496.0,1556,23540,7210.0,1,7212.0,1,7214.0,4,7246.0,1,7252.0,19,7258.0,2,7308.0,100,7312.0,4,7324.0,1,7342.0,1,7262.0
SM411,,13:47:15.0#,7294.0,7346.0,7202.0,7940.0,6496.0,1556,23540,7210.0,1,7212.0,1,7214.0,4,7246.0,1,7252.0,23,7258.0,2,7308.0,100,7312.0,4,7324.0,1,7342.0,1,7262.0
SM411,,13:47:16.0#,7294.0,7346.0,7202.0,7940.0,6496.0,1556,23540,7210.0,1,7212.0,1,7214.0,4,7246.0,1,7252.0,19,7258.0,2,7308.0,100,7312.0,4,7324.0,1,7342.0,1,7262.0
SM411,,13:47:17.250#,7294.0,7346.0,7202.0,7940.0,6496.0,1556,23540,7210.0,1,7212.0,1,7214.0,4,7246.0,1,7254.0,6,7258.0,2,7308.0,100,7312.0,4,7324.0,1,7342.0,1,7262.0
SM411,,13:47:18.500#,7294.0,7346.0,7202.0,7940.0,6496.0,1556,23540,7210.0,1,7212.0,1,7214.0,4,7246.0,1,7252.0,19,7258.0,2,7308.0,100,7312.0,4,7324.0,1,7342.0,1,7262.0
SM411,,13:47:20.0#,7294.0,7346.0,7202.0,7940.0,6496.0,1556,23540,7210.0,1,7212.0,1,7214.0,4,7246.0,1,7252.0,19,7256.0,2,7308.0,100,7312.0,4,7324.0,1,7342.0,1,7262.0
SM411,,13:47:20.250#,7294.0,7346.0,7202.0,7940.0,6496.0,1556,23540,7210.0,1,7212.0,1,7214.0,4,7246.0,1,7252.0,19,7256.0,2,7306.0,1,7308.0,100,7312.0,4,7342.0,1,7262.0
SM411,,13:47:20.750#,7294.0,7346.0,7202.0,7940.0,6496.0,1556,23540,7210.0,1,7212.0,1,7214.0,4,7246.0,1,7252.0,19,7258.0,2,7306.0,1,7308.0,100,7312.0,4,7342.0,1,7262.0
SM411,,13:47:21.500#,7294.0,7346.0,7202.0,7940.0,6496.0,1556,23540,7210.0,1,7212.0,1,7214.0,4,7246.0,1,7252.0,19,7260.0,2,7306.0,1,7308.0,100,7312.0,4,7342.0,1,7262.0
SM411,,13:47:21.750#,7294.0,7346.0,7202.0,7940.0,6496.0,1556,23540,7210.0,1,7212.0,1,7214.0,4,7246.0,1,7254.0,8,7264.0,8,7306.0,1,7308.0,100,7312.0,4,7342.0,1,7262.0
SM411,,13:47:22.250#,7294.0,7346.0,7202.0,7940.0,6496.0,1556,23540,7210.0,1,7212.0,1,7214.0,4,7246.0,1,7254.0,8,7264.0,8,7308.0,100,7312.0,4,7342.0,1,7346.0,1,7262.0
SM411,,13:47:23.250#,7294.0,7346.0,7202.0,7940.0,6496.0,1556,23540,7210.0,1,7212.0,1,7214.0,4,7246.0,1,7254.0,8,7264.0,18,7308.0,100,7312.0,4,7342.0,1,7346.0,1,7262.0
SM411,,13:47:23.750#,7294.0,7346.0,7202.0,7940.0,6496.0,1556,23540,7210.0,1,7212.0,1,7214.0,4,7246.0,1,7254.0,8,7264.0,18,7308.0,100,7312.0,4,7314.0,1,7342.0,1,7262.0
SM411,,13:47:24.750#,7294.0,7346.0,7202.0,7940.0,6496.0,1556,23540,7210.0,1,7212.0,1,7214.0,4,7246.0,1,7254.0,8,7264.0,8,7308.0,100,7312.0,4,7314.0,1,7342.0,1,7262.0
SM411,,13:47:25.0#,7294.0,7346.0,7202.0,7940.0,6496.0,1556,23540,7210.0,1,7212.0,1,7214.0,4,7246.0,1,7254.0,8,7266.0,2,7308.0,100,7312.0,4,7314.0,1,7342.0,1,7262.0
SM411,,13:47:25.250#,7294.0,7346.0,7202.0,7940.0,6496.0,1556,23540,7210.0,1,7212.0,1,7214.0,4,7246.0,1,7256.0,11,7266.0,2,7308.0,100,7312.0,4,7314.0,1,7342.0,1,7262.0
SM411,,13:47:25.500#,7294.0,7346.0,7202.0,7940.0,6496.0,1556,23540,7210.0,1,7212.0,1,7214.0,4,7246.0,1,7256.0,11,7260.0,2,7308.0,100,7312.0,4,7314.0,1,7342.0,1,7262.0
SM411,,13:47:27.0#,7294.0,7346.0,7202.0,7940.0,6496.0,1556,23540,7210.0,1,7212.0,1,7214.0,4,7246.0,1,7256.0,10,7260.0,2,7308.0,100,7312.0,4,7314.0,1,7342.0,1,7262.0
SM411,,13:47:28.500#,7294.0,7346.0,7202.0,7940.0,6496.0,1556,23540,7210.0,1,7212.0,1,7214.0,4,7246.0,1,7256.0,10,7260.0,1,7308.0,100,7312.0,4,7314.0,1,7342.0,1,7262.0
SM411,,13:47:28.750#,7294.0,7346.0,7202.0,7940.0,6496.0,1556,23540,7210.0,1,7212.0,1,7214.0,4,7246.0,1,7256.0,10,7262.0,1,7308.0,100,7312.0,4,7314.0,1,7342.0,1,7262.0
SM411,,13:47:29.0#,7294.0,7346.0,7202.0,7940.0,6496.0,1556,23540,7210.0,1,7212.0,1,7214.0,4,7246.0,1,7258.0,7,7264.0,1,7308.0,100,7312.0,4,7314.0,1,7342.0,1,7262.0
SM411,,13:47:29.250#,7294.0,7346.0,7202.0,7940.0,6496.0,1556,23540,7210.0,1,7212.0,1,7214.0,4,7246.0,1,7260.0,4,7264.0,1,7308.0,100,7312.0,4,7314.0,1,7342.0,1,7262.0
SM411,,13:47:29.750#,7294.0,7346.0,7202.0,7940.0,6496.0,1556,23540,7210.0,1,7212.0,1,7214.0,4,7246.0,1,7260.0,4,7266.0,2,7308.0,100,7312.0,4,7314.0,1,7342.0,1,7262.0
SM411,,13:47:37.0#,7294.0,7346.0,7202.0,7940.0,6496.0,1556,23540,7210.0,1,7212.0,1,7214.0,4,7246.0,1,7260.0,3,7266.0,2,7308.0,100,7312.0,4,7314.0,1,7342.0,1,7262.0
SM411,,13:47:38.750#,7294.0,7346.0,7202.0,7940.0,6496.0,1556,23540,7210.0,1,7212.0,1,7214.0,4,7246.0,1,7260.0,3,7268.0,2,7308.0,100,7312.0,4,7314.0,1,7342.0,1,7262.0
SM411,,13:47:42.250#,7294.0,7346.0,7202.0,7940.0,6496.0,1556,23540,7210.0,1,7212.0,1,7214.0,4,7246.0,1,7260.0,3,7266.0,2,7308.0,100,7312.0,4,7314.0,1,7342.0,1,7262.0
SM411,,13:47:43.0#,7294.0,7346.0,7202.0,7940.0,6496.0,1556,23540,7210.0,1,7212.0,1,7214.0,4,7246.0,1,7264.0,15,7268.0,2,7308.0,100,7312.0,4,7314.0,1,7342.0,1,7262.0
SM411,,13:47:43.250#,7294.0,7346.0,7202.0,7940.0,6496.0,1556,23540,7210.0,1,7212.0,1,7214.0,4,7246.0,1,7260.0,3,7268.0,2,7308.0,100,7312.0,4,7314.0,1,7342.0,1,7262.0
SM411,,13:47:48.750#,7294.0,7346.0,7202.0,7940.0,6496.0,1556,23540,7210.0,1,7212.0,1,7214.0,4,7246.0,1,7260.0,3,7270.0,2,7308.0,100,7312.0,4,7314.0,1,7342.0,1,7262.0
SM411,,13:47:49.750#,7294.0,7346.0,7202.0,7940.0,6496.0,1556,23540,7210.0,1,7212.0,1,7214.0,4,7246.0,1,7262.0,1,7268.0,2,7308.0,100,7312.0,4,7342.0,1,7346.0,1,7262.0
SM411,,13:47:50.250#,7294.0,7346.0,7202.0,7940.0,6496.0,1556,23540,7210.0,1,7212.0,1,7214.0,4,7246.0,1,7262.0,1,7268.0,2,7308.0,100,7312.0,4,7318.0,1,7342.0,1,7262.0
SM411,,13:47:51.250#,7294.0,7346.0,7202.0,7940.0,6496.0,1556,23540,7210.0,1,7212.0,1,7214.0,4,7246.0,1,7262.0,1,7270.0,2,7308.0,100,7312.0,4,7318.0,1,7342.0,1,7262.0
SM411,,13:47:51.500#,7294.0,7346.0,7202.0,7940.0,6496.0,1556,23540,7210.0,1,7212.0,1,7214.0,4,7246.0,1,7262.0,1,7268.0,2,7308.0,100,7312.0,4,7318.0,1,7342.0,1,7262.0
SM411,,13:47:55.250#,7294.0,7346.0,7202.0,7940.0,6496.0,1556,23540,7210.0,1,7212.0,1,7214.0,4,7246.0,1,7262.0,1,7270.0,2,7308.0,100,7312.0,4,7318.0,1,7342.0,1,7262.0
SM411,,13:47:55.750#,7294.0,7346.0,7202.0,7940.0,6496.0,1556,23540,7210.0,1,7212.0,1,7214.0,4,7246.0,1,7262.0,1,7268.0,2,7308.0,100,7312.0,4,7318.0,1,7342.0,1,7262.0
SM411,,13:47:56.0#,7294.0,7346.0,7202.0,7940.0,6496.0,1556,23540,7210.0,1,7212.0,1,7214.0,4,7246.0,1,7260.0,3,7270.0,2,7308.0,100,7312.0,4,7318.0,1,7342.0,1,7262.0
SM411,,13:47:56.250#,7294.0,7346.0,7202.0,7940.0,6496.0,1556,23540,7210.0,1,7212.0,1,7214.0,4,7246.0,1,7260.0,3,7268.0,2,7308.0,100,7312.0,4,7318.0,1,7342.0,1,7262.0
SM411,,13:47:57.250#,7294.0,7346.0,7202.0,7940.0,6496.0,1556,23540,7210.0,1,7212.0,1,7214.0,4,7246.0,1,7260.0,3,7268.0,1,7308.0,100,7312.0,4,7318.0,1,7342.0,1,7262.0
SM411,,13:47:57.750#,7294.0,7346.0,7202.0,7940.0,6496.0,1556,23540,7210.0,1,7212.0,1,7214.0,4,7246.0,1,7260.0,3,7268.0,2,7308.0,100,7312.0,4,7318.0,1,7342.0,1,7262.0
SM411,,13:47:58.750#,7294.0,7346.0,7202.0,7940.0,6496.0,1556,23540,7210.0,1,7212.0,1,7214.0,4,7246.0,1,7260.0,3,7268.0,1,7308.0,100,7312.0,4,7318.0,1,7342.0,1,7262.0
SM411,,13:48:02.250#,7294.0,7346.0,7202.0,7940.0,6496.0,1556,23540,7210.0,1,7212.0,1,7214.0,4,7246.0,1,7260.0,3,7270.0,2,7308.0,100,7312.0,4,7318.0,1,7342.0,1,7262.0
SM411,,13:48:02.500#,7294.0,7346.0,7202.0,7940.0,6496.0,1556,23540,7210.0,1,7212.0,1,7214.0,4,7246.0,1,7262.0,1,7270.0,2,7308.0,100,7312.0,4,7318.0,1,7342.0,1,7262.0
SM411,,13:48:07.250#,7294.0,7346.0,7202.0,7940.0,6496.0,1556,23540,7210.0,1,7212.0,1,7214.0,4,7246.0,1,7260.0,3,7270.0,6,7308.0,100,7312.0,4,7318.0,1,7342.0,1,7262.0
SM411,,13:48:09.500#,7294.0,7346.0,7202.0,7940.0,6496.0,1556,23540,7210.0,1,7212.0,1,7214.0,4,7246.0,1,7260.0,3,7268.0,2,7308.0,100,7312.0,4,7318.0,1,7342.0,1,7262.0
SM411,,13:48:11.500#,7294.0,7346.0,7202.0,7940.0,6496.0,1556,23540,7210.0,1,7212.0,1,7214.0,4,7246.0,1,7260.0,3,7266.0,2,7308.0,100,7312.0,4,7318.0,1,7342.0,1,7262.0
SM411,,13:48:15.0#,7294.0,7346.0,7202.0,7940.0,6496.0,1556,23540,7210.0,1,7212.0,1,7214.0,4,7246.0,1,7260.0,3,7268.0,2,7308.0,100,7312.0,4,7318.0,1,7342.0,1,7262.0
SM411,,13:48:16.500#,7294.0,7346.0,7202.0,7940.0,6496.0,1556,23540,7210.0,1,7212.0,1,7214.0,4,7246.0,1,7252.0,19,7268.0,9,7308.0,100,7312.0,4,7318.0,1,7342.0,1,7262.0
SM411,,13:48:16.750#,7294.0,7346.0,7202.0,7940.0,6496.0,1556,23540,7210.0,1,7212.0,1,7214.0,4,7246.0,1,7254.0,24,7268.0,9,7308.0,100,7312.0,4,7318.0,1,7342.0,1,7262.0
SM411,,13:48:17.750#,7294.0,7346.0,7202.0,7940.0,6496.0,1556,23540,7210.0,1,7212.0,1,7214.0,4,7246.0,1,7254.0,24,7266.0,2,7308.0,100,7312.0,4,7318.0,1,7342.0,1,7262.0
SM411,,13:48:18.500#,7294.0,7346.0,7202.0,7940.0,6496.0,1556,23540,7210.0,1,7212.0,1,7214.0,4,7246.0,1,7254.0,24,7268.0,9,7308.0,100,7312.0,4,7318.0,1,7342.0,1,7262.0
SM411,,13:48:19.0#,7294.0,7346.0,7202.0,7940.0,6496.0,1556,23540,7210.0,1,7212.0,1,7214.0,4,7246.0,1,7254.0,24,7266.0,2,7308.0,100,7312.0,4,7318.0,1,7342.0,1,7262.0
SM411,,13:48:20.0#,7294.0,7346.0,7202.0,7940.0,6496.0,1556,23540,7210.0,1,7212.0,1,7214.0,4,7246.0,1,7254.0,24,7268.0,2,7308.0,100,7312.0,4,7318.0,1,7342.0,1,7262.0
SM411,,13:48:21.0#,7294.0,7346.0,7202.0,7940.0,6496.0,1556,23540,7210.0,1,7212.0,1,7214.0,4,7246.0,1,7254.0,24,7266.0,2,7308.0,100,7312.0,4,7318.0,1,7342.0,1,7262.0
SM411,,13:48:27.250#,7294.0,7346.0,7202.0,7940.0,6496.0,1556,23540,7210.0,1,7212.0,1,7214.0,4,7246.0,1,7254.0,24,7266.0,1,7308.0,100,7312.0,4,7318.0,1,7342.0,1,7262.0
SM411,,13:48:28.250#,7294.0,7346.0,7202.0,7940.0,6496.0,1556,23540,7210.0,1,7212.0,1,7214.0,4,7246.0,1,7254.0,24,7268.0,2,7308.0,100,7312.0,4,7318.0,1,7342.0,1,7262.0
SM411,,13:48:28.500#,7294.0,7346.0,7202.0,7940.0,6496.0,1556,23540,7210.0,1,7212.0,1,7214.0,4,7246.0,1,7254.0,24,7260.0,1,7308.0,100,7312.0,4,7318.0,1,7342.0,1,7262.0
SM411,,13:48:28.750#,7294.0,7346.0,7202.0,7940.0,6496.0,1556,23540,7210.0,1,7212.0,1,7214.0,4,7246.0,1,7256.0,4,7260.0,1,7308.0,100,7312.0,4,7318.0,1,7342.0,1,7262.0
SM411,,13:48:34.0#,7294.0,7346.0,7202.0,7940.0,6496.0,1557,23541,7210.0,1,7212.0,1,7214.0,4,7246.0,1,7260.0,3,7268.0,2,7308.0,100,7312.0,4,7318.0,1,7342.0,1,7260.0
SM411,,13:48:35.500#,7294.0,7346.0,7202.0,7940.0,6496.0,1557,23541,7210.0,1,7212.0,1,7214.0,4,7246.0,1,7256.0,4,7268.0,4,7308.0,100,7312.0,4,7318.0,1,7342.0,1,7260.0
SM411,,13:48:40.500#,7294.0,7346.0,7202.0,7940.0,6496.0,1557,23541,7210.0,1,7212.0,1,7214.0,4,7246.0,1,7258.0,7,7268.0,4,7308.0,100,7312.0,4,7318.0,1,7342.0,1,7260.0
SM411,,13:48:48.250#,7294.0,7346.0,7202.0,7940.0,6496.0,1557,23541,7210.0,1,7212.0,1,7214.0,4,7246.0,1,7256.0,12,7268.0,4,7308.0,100,7312.0,4,7318.0,1,7342.0,1,7260.0
SM411,,13:48:48.500#,7294.0,7346.0,7202.0,7940.0,6496.0,1557,23541,7210.0,1,7212.0,1,7214.0,4,7246.0,1,7258.0,7,7268.0,4,7308.0,100,7312.0,4,7318.0,1,7342.0,1,7260.0
SM411,,13:48:48.750#,7294.0,7346.0,7202.0,7940.0,6496.0,1557,23541,7210.0,1,7212.0,1,7214.0,4,7246.0,1,7256.0,12,7268.0,4,7308.0,100,7312.0,4,7318.0,1,7342.0,1,7260.0
SM411,,13:48:49.0#,7294.0,7346.0,7202.0,7940.0,6496.0,1557,23541,7210.0,1,7212.0,1,7214.0,4,7246.0,1,7258.0,5,7268.0,4,7308.0,100,7312.0,4,7318.0,1,7342.0,1,7260.0
SM411,,13:48:49.250#,7294.0,7346.0,7202.0,7940.0,6496.0,1557,23541,7210.0,1,7212.0,1,7214.0,4,7246.0,1,7256.0,12,7268.0,4,7308.0,100,7312.0,4,7318.0,1,7342.0,1,7260.0
SM411,,13:48:49.500#,7294.0,7346.0,7202.0,7940.0,6496.0,1557,23541,7210.0,1,7212.0,1,7214.0,4,7246.0,1,7256.0,12,7268.0,4,7308.0,100,7312.0,4,7318.0,1,7342.0,1,7260.0
SM411,,13:48:50.500#,7294.0,7346.0,7202.0,7940.0,6496.0,1557,23541,7210.0,1,7212.0,1,7214.0,4,7246.0,1,7256.0,12,7266.0,1,7308.0,100,7312.0,4,7318.0,1,7342.0,1,7260.0
SM411,,13:48:55.0#,7294.0,7346.0,7202.0,7940.0,6496.0,1557,23541,7210.0,1,7212.0,1,7214.0,4,7246.0,1,7258.0,4,7268.0,2,7308.0,100,7312.0,4,7318.0,1,7342.0,1,7260.0
SM411,,13:49:00.250#,7294.0,7346.0,7202.0,7940.0,6496.0,1557,23541,7210.0,1,7212.0,1,7214.0,4,7246.0,1,7260.0,8,7270.0,6,7308.0,100,7312.0,4,7318.0,1,7342.0,1,7260.0
SM411,,13:49:04.750#,7294.0,7346.0,7202.0,7940.0,6496.0,1557,23541,7210.0,1,7212.0,1,7214.0,4,7246.0,1,7260.0,4,7270.0,6,7292.0,100,7312.0,4,7318.0,1,7342.0,1,7260.0
SM411,,13:49:05.0#,7294.0,7346.0,7202.0,7940.0,6496.0,1557,23541,7210.0,1,7212.0,1,7214.0,4,7246.0,1,7260.0,4,7268.0,2,7292.0,100,7312.0,4,7318.0,1,7342.0,1,7260.0
SM411,,13:49:08.500#,7294.0,7346.0,7202.0,7940.0,6496.0,1557,23541,7210.0,1,7212.0,1,7214.0,4,7246.0,1,7260.0,4,7270.0,6,7292.0,100,7312.0,4,7318.0,1,7342.0,1,7260.0
SM411,,13:49:14.0#,7294.0,7346.0,7202.0,7940.0,6496.0,1557,23541,7210.0,1,7212.0,1,7214.0,4,7246.0,1,7260.0,4,7268.0,1,7292.0,100,7312.0,4,7318.0,1,7342.0,1,7260.0
SM411,,13:49:18.0#,7294.0,7346.0,7202.0,7940.0,6496.0,1557,23541,7210.0,1,7212.0,1,7214.0,4,7246.0,1,7260.0,4,7266.0,1,7292.0,100,7312.0,4,7318.0,1,7342.0,1,7260.0
SM411,,13:49:19.0#,7294.0,7346.0,7202.0,7940.0,6496.0,1557,23541,7210.0,1,7212.0,1,7214.0,4,7246.0,1,7260.0,4,7268.0,1,7292.0,100,7312.0,4,7318.0,1,7342.0,1,7260.0
SM411,,13:49:21.750#,7294.0,7346.0,7202.0,7940.0,6496.0,1557,23541,7210.0,1,7212.0,1,7214.0,4,7246.0,1,7260.0,4,7266.0,1,7292.0,100,7312.0,4,7318.0,1,7342.0,1,7260.0
SM411,,13:49:23.250#,7294.0,7346.0,7202.0,7940.0,6496.0,1557,23541,7210.0,1,7212.0,1,7214.0,4,7246.0,1,7260.0,4,7268.0,1,7292.0,100,7312.0,4,7318.0,1,7342.0,1,7260.0
