InstrumentId,ExchangeId,Datetime,OpenPrice,HighestPrice,LowestPrice,UpperLimitPrice,LowerLimitPrice,Volume,OpenInterest,BidPrice5,BidVolume5,BidPrice4,BidVolume4,BidPrice3,BidVolume3,BidPrice2,BidVolume2,BidPrice1,BidVolume1,AskPrice1,AskVolume1,AskPrice2,AskVolume2,AskPrice3,AskVolume3,AskPrice4,AskVolume4,AskPrice5,AskVolume5,LastPrice
SM504,,13:38:36.0#,7088.0,7200.0,7084.0,7622.0,6490.0,240,2283,7104.0,4,7110.0,1,7114.0,13,7116.0,8,7130.0,2,7136.0,1,7138.0,1,7152.0,4,7158.0,1,7164.0,17,7160.0
SM504,,13:38:36.250#,7088.0,7200.0,7084.0,7622.0,6490.0,240,2283,7110.0,1,7114.0,13,7116.0,8,7124.0,1,7130.0,2,7136.0,1,7152.0,4,7158.0,1,7164.0,17,7166.0,4,7160.0
SM504,,13:38:36.500#,7088.0,7200.0,7084.0,7622.0,6490.0,240,2283,7110.0,1,7114.0,13,7116.0,8,7124.0,1,7130.0,2,7136.0,1,7138.0,1,7152.0,4,7158.0,1,7164.0,17,7160.0
SM504,,13:38:36.750#,7088.0,7200.0,7084.0,7622.0,6490.0,240,2283,7110.0,1,7114.0,13,7116.0,8,7124.0,1,7130.0,2,7136.0,1,7138.0,1,7152.0,4,7164.0,17,7166.0,4,7160.0
SM504,,13:38:38.0#,7088.0,7200.0,7084.0,7622.0,6490.0,240,2283,7110.0,1,7114.0,13,7116.0,8,7124.0,1,7128.0,2,7136.0,1,7138.0,1,7152.0,4,7164.0,17,7166.0,4,7160.0
SM504,,13:38:38.250#,7088.0,7200.0,7084.0,7622.0,6490.0,240,2283,7104.0,4,7110.0,1,7114.0,13,7116.0,8,7128.0,2,7136.0,1,7138.0,1,7152.0,4,7164.0,17,7166.0,4,7160.0
SM504,,13:38:38.500#,7088.0,7200.0,7084.0,7622.0,6490.0,240,2283,7110.0,1,7114.0,13,7116.0,8,7122.0,1,7128.0,2,7134.0,1,7138.0,1,7152.0,4,7164.0,17,7166.0,4,7160.0
SM504,,13:38:38.750#,7088.0,7200.0,7084.0,7622.0,6490.0,240,2283,7110.0,1,7114.0,13,7116.0,8,7122.0,1,7128.0,2,7138.0,2,7152.0,4,7164.0,17,7166.0,4,7178.0,4,7160.0
SM504,,13:38:39.250#,7088.0,7200.0,7084.0,7622.0,6490.0,240,2283,7110.0,1,7114.0,13,7116.0,8,7122.0,1,7126.0,2,7134.0,1,7138.0,1,7152.0,4,7164.0,17,7166.0,4,7160.0
SM504,,13:38:39.500#,7088.0,7200.0,7084.0,7622.0,6490.0,240,2283,7104.0,4,7110.0,1,7114.0,13,7116.0,8,7126.0,2,7138.0,2,7152.0,4,7164.0,17,7166.0,4,7178.0,4,7160.0
SM504,,13:38:39.750#,7088.0,7200.0,7084.0,7622.0,6490.0,240,2283,7110.0,1,7114.0,13,7116.0,8,7120.0,1,7128.0,2,7136.0,1,7152.0,4,7164.0,17,7166.0,4,7178.0,4,7160.0
SM504,,13:38:41.500#,7088.0,7200.0,7084.0,7622.0,6490.0,240,2283,7110.0,1,7114.0,13,7116.0,8,7120.0,1,7126.0,2,7136.0,1,7152.0,4,7164.0,17,7166.0,4,7178.0,4,7160.0
SM504,,13:38:41.750#,7088.0,7200.0,7084.0,7622.0,6490.0,240,2283,7110.0,1,7114.0,13,7116.0,8,7120.0,1,7126.0,2,7134.0,1,7136.0,1,7152.0,4,7164.0,17,7166.0,4,7160.0
SM504,,13:38:42.0#,7088.0,7200.0,7084.0,7622.0,6490.0,240,2283,7110.0,1,7114.0,13,7116.0,8,7120.0,1,7126.0,2,7134.0,1,7152.0,17,7164.0,5,7166.0,4,7178.0,4,7160.0
SM504,,13:38:42.250#,7088.0,7200.0,7084.0,7622.0,6490.0,240,2283,7110.0,1,7114.0,13,7116.0,8,7120.0,1,7126.0,2,7134.0,2,7152.0,17,7164.0,5,7166.0,4,7178.0,4,7160.0
SM504,,13:38:42.500#,7088.0,7200.0,7084.0,7622.0,6490.0,240,2283,7110.0,1,7114.0,13,7116.0,8,7120.0,1,7126.0,2,7134.0,2,7152.0,17,7164.0,5,7166.0,4,7178.0,4,7160.0
SM504,,13:38:42.750#,7088.0,7200.0,7084.0,7622.0,6490.0,240,2283,7110.0,1,7114.0,13,7116.0,8,7120.0,1,7124.0,2,7130.0,1,7134.0,1,7152.0,17,7164.0,5,7166.0,4,7160.0
SM504,,13:38:43.0#,7088.0,7200.0,7084.0,7622.0,6490.0,240,2283,7104.0,4,7110.0,1,7114.0,13,7116.0,8,7124.0,2,7130.0,1,7134.0,1,7152.0,17,7164.0,5,7166.0,4,7160.0
SM504,,13:38:43.250#,7088.0,7200.0,7084.0,7622.0,6490.0,240,2283,7104.0,4,7110.0,1,7114.0,13,7116.0,8,7124.0,2,7130.0,1,7134.0,1,7152.0,17,7164.0,5,7166.0,4,7160.0
SM504,,13:38:43.500#,7088.0,7200.0,7084.0,7622.0,6490.0,240,2283,7104.0,4,7110.0,1,7114.0,13,7116.0,8,7124.0,2,7134.0,2,7152.0,17,7164.0,5,7166.0,4,7178.0,4,7160.0
SM504,,13:38:43.750#,7088.0,7200.0,7084.0,7622.0,6490.0,240,2283,7104.0,4,7110.0,1,7114.0,13,7116.0,9,7124.0,2,7134.0,2,7152.0,17,7164.0,5,7166.0,4,7178.0,4,7160.0
SM504,,13:38:44.750#,7088.0,7200.0,7084.0,7622.0,6490.0,240,2283,7104.0,4,7110.0,1,7114.0,13,7116.0,9,7126.0,2,7134.0,2,7152.0,17,7164.0,5,7166.0,4,7178.0,4,7160.0
SM504,,13:38:45.500#,7088.0,7200.0,7084.0,7622.0,6490.0,240,2283,7104.0,4,7110.0,1,7114.0,13,7116.0,9,7126.0,2,7134.0,1,7152.0,17,7164.0,5,7166.0,4,7178.0,4,7160.0
SM504,,13:38:45.750#,7088.0,7200.0,7084.0,7622.0,6490.0,240,2283,7104.0,4,7110.0,1,7114.0,13,7116.0,8,7126.0,2,7134.0,1,7136.0,1,7152.0,17,7164.0,5,7166.0,4,7160.0
SM504,,13:38:46.0#,7088.0,7200.0,7084.0,7622.0,6490.0,240,2283,7110.0,1,7114.0,13,7116.0,8,7120.0,1,7126.0,2,7134.0,1,7136.0,1,7152.0,17,7164.0,5,7166.0,4,7160.0
SM504,,13:38:47.0#,7088.0,7200.0,7084.0,7622.0,6490.0,240,2283,7110.0,1,7114.0,13,7116.0,8,7120.0,1,7126.0,2,7134.0,1,7152.0,17,7164.0,5,7166.0,4,7178.0,4,7160.0
SM504,,13:38:47.250#,7088.0,7200.0,7084.0,7622.0,6490.0,240,2283,7104.0,4,7110.0,1,7114.0,13,7116.0,8,7126.0,2,7134.0,1,7140.0,1,7152.0,17,7164.0,5,7166.0,4,7160.0
SM504,,13:38:47.500#,7088.0,7200.0,7084.0,7622.0,6490.0,240,2283,7104.0,4,7110.0,1,7114.0,13,7116.0,9,7124.0,2,7130.0,1,7152.0,17,7164.0,5,7166.0,4,7178.0,4,7160.0
SM504,,13:38:47.750#,7088.0,7200.0,7084.0,7622.0,6490.0,240,2283,7104.0,4,7110.0,1,7114.0,13,7116.0,9,7124.0,2,7132.0,2,7152.0,17,7164.0,5,7166.0,4,7178.0,4,7160.0
SM504,,13:38:49.0#,7088.0,7200.0,7084.0,7622.0,6490.0,240,2283,7104.0,4,7110.0,1,7114.0,13,7116.0,9,7124.0,2,7132.0,1,7152.0,17,7164.0,5,7166.0,4,7178.0,4,7160.0
SM504,,13:38:49.750#,7088.0,7200.0,7084.0,7622.0,6490.0,240,2283,7104.0,4,7110.0,1,7114.0,13,7116.0,9,7126.0,2,7134.0,1,7152.0,17,7164.0,5,7166.0,4,7178.0,4,7160.0
SM504,,13:38:50.0#,7088.0,7200.0,7084.0,7622.0,6490.0,240,2283,7104.0,4,7110.0,1,7114.0,13,7116.0,8,7126.0,2,7134.0,2,7152.0,17,7164.0,5,7166.0,4,7178.0,4,7160.0
SM504,,13:38:50.250#,7088.0,7200.0,7084.0,7622.0,6490.0,240,2283,7110.0,1,7114.0,13,7116.0,8,7118.0,1,7126.0,2,7134.0,2,7152.0,17,7164.0,5,7166.0,4,7178.0,4,7160.0
SM504,,13:38:53.250#,7088.0,7200.0,7084.0,7622.0,6490.0,240,2283,7110.0,1,7114.0,13,7116.0,8,7118.0,1,7126.0,2,7134.0,1,7152.0,17,7164.0,5,7166.0,4,7178.0,4,7160.0
SM504,,13:38:53.500#,7088.0,7200.0,7084.0,7622.0,6490.0,240,2283,7104.0,4,7110.0,1,7114.0,13,7116.0,8,7126.0,2,7134.0,1,7136.0,1,7152.0,17,7164.0,5,7166.0,4,7160.0
SM504,,13:38:53.750#,7088.0,7200.0,7084.0,7622.0,6490.0,240,2283,7110.0,1,7114.0,13,7116.0,8,7120.0,1,7126.0,2,7134.0,1,7136.0,1,7152.0,17,7164.0,5,7166.0,4,7160.0
SM504,,13:38:55.500#,7088.0,7200.0,7084.0,7622.0,6490.0,240,2283,7110.0,1,7114.0,13,7116.0,8,7120.0,1,7126.0,2,7134.0,1,7152.0,17,7164.0,5,7166.0,4,7178.0,4,7160.0
SM504,,13:38:55.750#,7088.0,7200.0,7084.0,7622.0,6490.0,240,2283,7104.0,4,7110.0,1,7114.0,13,7116.0,8,7126.0,2,7134.0,1,7138.0,1,7152.0,17,7164.0,5,7166.0,4,7160.0
SM504,,13:38:56.0#,7088.0,7200.0,7084.0,7622.0,6490.0,240,2283,7110.0,1,7114.0,13,7116.0,8,7124.0,1,7126.0,2,7134.0,1,7138.0,1,7152.0,17,7164.0,4,7166.0,4,7160.0
SM504,,13:38:58.0#,7088.0,7200.0,7084.0,7622.0,6490.0,240,2283,7110.0,1,7114.0,13,7116.0,8,7124.0,1,7126.0,2,7134.0,1,7138.0,1,7152.0,17,7164.0,4,7166.0,4,7160.0
SM504,,13:38:59.750#,7088.0,7200.0,7084.0,7622.0,6490.0,240,2283,7110.0,1,7114.0,13,7116.0,8,7124.0,1,7126.0,2,7134.0,1,7152.0,17,7164.0,4,7166.0,4,7170.0,1,7160.0
SM504,,13:39:00.0#,7088.0,7200.0,7084.0,7622.0,6490.0,240,2283,7110.0,1,7114.0,13,7116.0,8,7124.0,1,7126.0,2,7134.0,1,7140.0,1,7152.0,17,7164.0,4,7166.0,4,7160.0
SM504,,13:39:02.0#,7088.0,7200.0,7084.0,7622.0,6490.0,240,2283,7110.0,1,7114.0,13,7116.0,8,7124.0,1,7128.0,1,7134.0,1,7140.0,1,7152.0,17,7164.0,4,7166.0,4,7160.0
SM504,,13:39:02.250#,7088.0,7200.0,7084.0,7622.0,6490.0,240,2283,7110.0,1,7114.0,13,7116.0,8,7124.0,1,7128.0,2,7134.0,1,7140.0,1,7152.0,17,7164.0,4,7166.0,4,7160.0
SM504,,13:39:03.0#,7088.0,7200.0,7084.0,7622.0,6490.0,240,2283,7110.0,1,7114.0,13,7116.0,8,7124.0,1,7128.0,3,7134.0,1,7140.0,1,7152.0,17,7164.0,4,7166.0,4,7160.0
SM504,,13:39:10.750#,7088.0,7200.0,7084.0,7622.0,6490.0,240,2283,7110.0,1,7114.0,13,7116.0,8,7124.0,1,7128.0,3,7136.0,1,7140.0,1,7152.0,17,7164.0,4,7166.0,4,7160.0
SM504,,13:39:11.0#,7088.0,7200.0,7084.0,7622.0,6490.0,240,2283,7110.0,1,7114.0,13,7116.0,8,7124.0,1,7128.0,3,7134.0,1,7140.0,1,7152.0,17,7164.0,4,7166.0,4,7160.0
SM504,,13:39:11.250#,7088.0,7200.0,7084.0,7622.0,6490.0,240,2283,7110.0,1,7114.0,13,7116.0,8,7124.0,1,7128.0,1,7134.0,1,7140.0,1,7152.0,17,7164.0,4,7166.0,4,7160.0
SM504,,13:39:11.750#,7088.0,7200.0,7084.0,7622.0,6490.0,240,2283,7110.0,1,7114.0,13,7116.0,8,7124.0,1,7128.0,1,7132.0,1,7140.0,1,7152.0,17,7164.0,4,7166.0,4,7160.0
SM504,,13:39:12.0#,7088.0,7200.0,7084.0,7622.0,6490.0,240,2283,7104.0,4,7110.0,1,7114.0,13,7116.0,8,7124.0,2,7130.0,1,7140.0,1,7152.0,17,7164.0,4,7166.0,4,7160.0
SM504,,13:39:12.250#,7088.0,7200.0,7084.0,7622.0,6490.0,240,2283,7110.0,1,7114.0,13,7116.0,8,7120.0,1,7122.0,3,7128.0,1,7140.0,1,7152.0,17,7164.0,4,7166.0,4,7160.0
SM504,,13:39:12.750#,7088.0,7200.0,7084.0,7622.0,6490.0,240,2283,7104.0,4,7110.0,1,7114.0,13,7116.0,8,7122.0,2,7128.0,1,7140.0,5,7152.0,17,7164.0,4,7166.0,4,7160.0
SM504,,13:39:13.0#,7088.0,7200.0,7084.0,7622.0,6490.0,240,2283,7110.0,1,7114.0,13,7116.0,8,7118.0,1,7122.0,2,7128.0,1,7140.0,4,7152.0,17,7164.0,4,7166.0,4,7160.0
SM504,,13:39:13.250#,7088.0,7200.0,7084.0,7622.0,6490.0,240,2283,7110.0,1,7114.0,13,7116.0,8,7118.0,1,7122.0,2,7130.0,1,7134.0,1,7140.0,4,7152.0,17,7164.0,4,7160.0
SM504,,13:39:13.500#,7088.0,7200.0,7084.0,7622.0,6490.0,240,2283,7104.0,4,7110.0,1,7114.0,13,7116.0,8,7122.0,3,7130.0,1,7140.0,4,7152.0,17,7164.0,4,7166.0,4,7160.0
SM504,,13:39:13.750#,7088.0,7200.0,7084.0,7622.0,6490.0,240,2283,7104.0,4,7110.0,1,7114.0,13,7116.0,8,7122.0,4,7132.0,1,7138.0,1,7140.0,4,7152.0,17,7164.0,4,7160.0
SM504,,13:39:14.0#,7088.0,7200.0,7084.0,7622.0,6490.0,240,2283,7104.0,4,7110.0,1,7114.0,13,7116.0,8,7122.0,4,7130.0,1,7138.0,1,7140.0,4,7152.0,17,7164.0,4,7160.0
SM504,,13:39:14.250#,7088.0,7200.0,7084.0,7622.0,6490.0,240,2283,7104.0,4,7110.0,1,7114.0,13,7116.0,8,7122.0,3,7128.0,1,7140.0,4,7152.0,17,7164.0,4,7166.0,4,7160.0
SM504,,13:39:14.500#,7088.0,7200.0,7084.0,7622.0,6490.0,240,2283,7110.0,1,7114.0,13,7116.0,8,7120.0,1,7122.0,3,7128.0,1,7140.0,4,7152.0,17,7164.0,4,7166.0,4,7160.0
SM504,,13:39:16.500#,7088.0,7200.0,7084.0,7622.0,6490.0,240,2283,7110.0,1,7114.0,13,7116.0,8,7120.0,1,7122.0,3,7132.0,1,7140.0,4,7152.0,17,7164.0,4,7166.0,4,7160.0
SM504,,13:39:16.750#,7088.0,7200.0,7084.0,7622.0,6490.0,240,2283,7104.0,4,7110.0,1,7114.0,13,7116.0,8,7122.0,2,7130.0,1,7134.0,1,7140.0,4,7152.0,17,7164.0,4,7160.0
SM504,,13:39:17.0#,7088.0,7200.0,7084.0,7622.0,6490.0,240,2283,7110.0,1,7114.0,13,7116.0,8,7118.0,1,7122.0,2,7130.0,1,7134.0,1,7140.0,4,7152.0,17,7164.0,4,7160.0
SM504,,13:39:18.0#,7088.0,7200.0,7084.0,7622.0,6490.0,240,2283,7110.0,1,7114.0,13,7116.0,8,7118.0,1,7124.0,2,7130.0,1,7134.0,1,7140.0,4,7152.0,17,7164.0,4,7160.0
SM504,,13:39:22.0#,7088.0,7200.0,7084.0,7622.0,6490.0,240,2283,7110.0,1,7114.0,13,7116.0,8,7118.0,1,7124.0,2,7132.0,1,7134.0,1,7140.0,4,7152.0,17,7164.0,4,7160.0
SM504,,13:39:22.500#,7088.0,7200.0,7084.0,7622.0,6490.0,240,2283,7110.0,1,7114.0,13,7116.0,8,7118.0,1,7124.0,1,7132.0,1,7134.0,1,7140.0,4,7152.0,17,7164.0,4,7160.0
SM504,,13:39:23.0#,7088.0,7200.0,7084.0,7622.0,6490.0,240,2283,7110.0,1,7114.0,13,7116.0,8,7118.0,1,7124.0,1,7134.0,2,7140.0,4,7152.0,17,7164.0,4,7166.0,4,7160.0
SM504,,13:39:26.750#,7088.0,7200.0,7084.0,7622.0,6490.0,240,2283,7110.0,1,7114.0,13,7116.0,8,7118.0,1,7124.0,1,7132.0,1,7134.0,1,7140.0,4,7152.0,17,7164.0,4,7160.0
SM504,,13:39:29.500#,7088.0,7200.0,7084.0,7622.0,6490.0,240,2283,7110.0,1,7114.0,13,7116.0,8,7118.0,1,7126.0,2,7132.0,1,7134.0,1,7140.0,4,7152.0,17,7164.0,4,7160.0
SM504,,13:39:34.500#,7088.0,7200.0,7084.0,7622.0,6490.0,240,2283,7110.0,1,7114.0,13,7116.0,8,7118.0,1,7124.0,1,7132.0,1,7134.0,1,7140.0,4,7152.0,17,7164.0,4,7160.0
SM504,,13:39:35.0#,7088.0,7200.0,7084.0,7622.0,6490.0,240,2283,7110.0,1,7114.0,13,7116.0,8,7118.0,1,7122.0,2,7132.0,1,7134.0,1,7140.0,4,7152.0,17,7164.0,4,7160.0
SM504,,13:39:35.250#,7088.0,7200.0,7084.0,7622.0,6490.0,240,2283,7104.0,4,7110.0,1,7114.0,13,7116.0,8,7122.0,2,7130.0,1,7140.0,4,7152.0,17,7164.0,4,7166.0,4,7160.0
SM504,,13:39:35.500#,7088.0,7200.0,7084.0,7622.0,6490.0,240,2283,7110.0,1,7114.0,13,7116.0,8,7118.0,1,7122.0,2,7130.0,1,7134.0,1,7140.0,4,7152.0,17,7164.0,4,7160.0
SM504,,13:39:35.750#,7088.0,7200.0,7084.0,7622.0,6490.0,240,2283,7104.0,4,7110.0,1,7114.0,13,7116.0,8,7122.0,2,7130.0,1,7140.0,4,7152.0,17,7164.0,4,7166.0,4,7160.0
SM504,,13:39:36.0#,7088.0,7200.0,7084.0,7622.0,6490.0,240,2283,7110.0,1,7114.0,13,7116.0,8,7118.0,1,7122.0,2,7130.0,1,7134.0,1,7140.0,4,7152.0,17,7164.0,4,7160.0
SM504,,13:39:36.250#,7088.0,7200.0,7084.0,7622.0,6490.0,240,2283,7110.0,1,7114.0,13,7116.0,8,7118.0,1,7122.0,2,7132.0,1,7134.0,1,7140.0,4,7152.0,17,7164.0,4,7160.0
SM504,,13:39:36.500#,7088.0,7200.0,7084.0,7622.0,6490.0,240,2283,7104.0,4,7110.0,1,7114.0,13,7116.0,8,7122.0,2,7132.0,1,7140.0,4,7152.0,17,7164.0,4,7166.0,4,7160.0
SM504,,13:39:36.750#,7088.0,7200.0,7084.0,7622.0,6490.0,240,2283,7104.0,4,7110.0,1,7114.0,14,7116.0,8,7122.0,2,7130.0,1,7140.0,4,7152.0,17,7164.0,4,7166.0,4,7160.0
SM504,,13:39:41.250#,7088.0,7200.0,7084.0,7622.0,6490.0,240,2283,7104.0,4,7110.0,1,7114.0,14,7116.0,8,7122.0,2,7132.0,1,7140.0,4,7152.0,17,7164.0,4,7166.0,4,7160.0
SM504,,13:39:41.500#,7088.0,7200.0,7084.0,7622.0,6490.0,240,2283,7104.0,4,7110.0,1,7114.0,13,7116.0,8,7122.0,2,7132.0,1,7134.0,1,7140.0,4,7152.0,17,7164.0,4,7160.0
SM504,,13:39:41.750#,7088.0,7200.0,7084.0,7622.0,6490.0,240,2283,7110.0,1,7114.0,13,7116.0,8,7118.0,1,7122.0,2,7132.0,1,7134.0,1,7140.0,4,7152.0,17,7164.0,4,7160.0
SM504,,13:39:42.500#,7088.0,7200.0,7084.0,7622.0,6490.0,240,2283,7110.0,1,7114.0,13,7116.0,8,7118.0,1,7122.0,2,7130.0,1,7134.0,1,7140.0,4,7152.0,17,7164.0,4,7160.0
SM504,,13:39:43.500#,7088.0,7200.0,7084.0,7622.0,6490.0,240,2283,7110.0,1,7114.0,13,7116.0,8,7118.0,1,7122.0,2,7132.0,1,7134.0,1,7140.0,4,7152.0,17,7164.0,4,7160.0
SM504,,13:39:44.250#,7088.0,7200.0,7084.0,7622.0,6490.0,240,2283,7110.0,1,7114.0,13,7116.0,8,7118.0,1,7122.0,2,7130.0,1,7134.0,1,7140.0,4,7152.0,17,7164.0,4,7160.0
SM504,,13:39:46.0#,7088.0,7200.0,7084.0,7622.0,6490.0,240,2283,7110.0,1,7114.0,13,7116.0,8,7118.0,1,7122.0,2,7132.0,1,7134.0,1,7140.0,4,7152.0,17,7164.0,4,7160.0
SM504,,13:39:46.250#,7088.0,7200.0,7084.0,7622.0,6490.0,240,2283,7110.0,1,7114.0,13,7116.0,8,7118.0,1,7124.0,1,7132.0,1,7134.0,1,7140.0,4,7152.0,17,7164.0,4,7160.0
SM504,,13:39:46.500#,7088.0,7200.0,7084.0,7622.0,6490.0,240,2283,7110.0,1,7114.0,13,7116.0,8,7118.0,1,7124.0,2,7132.0,1,7134.0,1,7140.0,4,7152.0,17,7164.0,4,7160.0
SM504,,13:39:48.0#,7088.0,7200.0,7084.0,7622.0,6490.0,240,2283,7110.0,1,7114.0,13,7116.0,8,7118.0,1,7124.0,2,7132.0,1,7140.0,4,7152.0,17,7164.0,4,7166.0,4,7160.0
SM504,,13:39:48.250#,7088.0,7200.0,7084.0,7622.0,6490.0,240,2283,7104.0,4,7110.0,1,7114.0,13,7116.0,8,7124.0,2,7132.0,1,7138.0,1,7140.0,4,7152.0,17,7164.0,4,7160.0
SM504,,13:39:48.500#,7088.0,7200.0,7084.0,7622.0,6490.0,240,2283,7110.0,1,7114.0,13,7116.0,8,7122.0,1,7124.0,2,7132.0,1,7138.0,1,7140.0,4,7152.0,17,7164.0,4,7160.0
SM504,,13:39:58.250#,7088.0,7200.0,7084.0,7622.0,6490.0,240,2283,7104.0,4,7110.0,1,7114.0,13,7116.0,8,7124.0,2,7132.0,1,7138.0,1,7140.0,4,7152.0,17,7164.0,4,7160.0
SM504,,13:39:58.500#,7088.0,7200.0,7084.0,7622.0,6490.0,240,2283,7110.0,1,7114.0,13,7116.0,8,7122.0,1,7124.0,2,7132.0,1,7138.0,1,7140.0,4,7152.0,17,7164.0,4,7160.0
SM504,,13:40:00.750#,7088.0,7200.0,7084.0,7622.0,6490.0,240,2283,7104.0,4,7110.0,1,7114.0,13,7116.0,8,7124.0,2,7132.0,1,7138.0,1,7140.0,4,7152.0,17,7164.0,4,7160.0
SM504,,13:40:01.0#,7088.0,7200.0,7084.0,7622.0,6490.0,240,2283,7110.0,1,7114.0,13,7116.0,8,7120.0,1,7122.0,2,7132.0,1,7140.0,4,7152.0,17,7164.0,4,7166.0,4,7160.0
SM504,,13:40:01.250#,7088.0,7200.0,7084.0,7622.0,6490.0,240,2283,7110.0,1,7114.0,13,7116.0,8,7120.0,1,7122.0,2,7130.0,1,7136.0,1,7140.0,4,7152.0,17,7164.0,4,7160.0
SM504,,13:40:05.750#,7088.0,7200.0,7084.0,7622.0,6490.0,240,2283,7110.0,1,7114.0,13,7116.0,8,7120.0,1,7124.0,2,7130.0,1,7136.0,1,7140.0,4,7152.0,17,7164.0,4,7160.0
SM504,,13:40:06.0#,7088.0,7200.0,7084.0,7622.0,6490.0,240,2283,7110.0,1,7114.0,13,7116.0,8,7120.0,1,7124.0,2,7132.0,1,7136.0,1,7140.0,4,7152.0,17,7164.0,4,7160.0
SM504,,13:40:11.500#,7088.0,7200.0,7084.0,7622.0,6490.0,240,2283,7110.0,1,7114.0,13,7116.0,8,7120.0,1,7126.0,1,7132.0,1,7136.0,1,7140.0,4,7152.0,17,7164.0,4,7160.0
SM504,,13:40:11.750#,7088.0,7200.0,7084.0,7622.0,6490.0,240,2283,7110.0,1,7114.0,13,7116.0,8,7120.0,1,7124.0,2,7132.0,1,7136.0,1,7140.0,4,7152.0,17,7164.0,4,7160.0
SM504,,13:40:12.0#,7088.0,7200.0,7084.0,7622.0,6490.0,240,2283,7110.0,1,7114.0,13,7116.0,8,7120.0,1,7124.0,2,7130.0,1,7136.0,1,7140.0,4,7152.0,17,7164.0,4,7160.0
SM504,,13:40:17.750#,7088.0,7200.0,7084.0,7622.0,6490.0,240,2283,7110.0,1,7114.0,13,7116.0,8,7120.0,1,7124.0,2,7132.0,1,7136.0,1,7140.0,4,7152.0,17,7164.0,4,7160.0
SM504,,13:40:18.0#,7088.0,7200.0,7084.0,7622.0,6490.0,240,2283,7110.0,1,7114.0,13,7116.0,8,7120.0,1,7126.0,2,7132.0,1,7136.0,1,7140.0,4,7152.0,17,7164.0,4,7160.0
SM504,,13:40:19.500#,7088.0,7200.0,7084.0,7622.0,6490.0,240,2283,7110.0,1,7114.0,13,7116.0,8,7120.0,1,7126.0,2,7134.0,1,7136.0,1,7140.0,4,7152.0,17,7164.0,4,7160.0
SM504,,13:40:20.0#,7088.0,7200.0,7084.0,7622.0,6490.0,240,2283,7110.0,1,7114.0,13,7116.0,8,7120.0,1,7126.0,2,7132.0,1,7136.0,1,7140.0,4,7152.0,17,7164.0,4,7160.0
SM504,,13:40:20.500#,7088.0,7200.0,7084.0,7622.0,6490.0,240,2283,7110.0,1,7114.0,13,7116.0,8,7120.0,1,7126.0,2,7134.0,1,7136.0,1,7140.0,4,7152.0,17,7164.0,4,7160.0
SM504,,13:40:21.750#,7088.0,7200.0,7084.0,7622.0,6490.0,240,2283,7110.0,1,7114.0,13,7116.0,8,7120.0,1,7126.0,2,7136.0,2,7140.0,4,7152.0,17,7164.0,4,7166.0,4,7160.0
SM504,,13:40:22.0#,7088.0,7200.0,7084.0,7622.0,6490.0,240,2283,7104.0,4,7110.0,1,7114.0,13,7116.0,8,7128.0,2,7136.0,1,7140.0,4,7152.0,17,7164.0,4,7166.0,4,7160.0
SM504,,13:40:22.250#,7088.0,7200.0,7084.0,7622.0,6490.0,240,2283,7110.0,1,7114.0,13,7116.0,8,7122.0,1,7128.0,2,7136.0,1,7138.0,1,7140.0,4,7152.0,17,7164.0,4,7160.0
SM504,,13:40:22.500#,7088.0,7200.0,7084.0,7622.0,6490.0,240,2283,7110.0,1,7114.0,13,7116.0,8,7122.0,1,7130.0,2,7136.0,1,7138.0,1,7140.0,4,7152.0,17,7164.0,4,7160.0
SM504,,13:40:23.250#,7088.0,7200.0,7084.0,7622.0,6490.0,240,2283,7110.0,1,7114.0,13,7116.0,8,7122.0,1,7130.0,1,7136.0,1,7138.0,1,7140.0,4,7152.0,17,7164.0,4,7160.0
SM504,,13:40:23.500#,7088.0,7200.0,7084.0,7622.0,6490.0,240,2283,7110.0,1,7114.0,13,7116.0,8,7122.0,1,7128.0,2,7134.0,1,7138.0,1,7140.0,4,7152.0,17,7164.0,4,7160.0
SM504,,13:40:23.750#,7088.0,7200.0,7084.0,7622.0,6490.0,240,2283,7110.0,1,7114.0,13,7116.0,8,7122.0,1,7128.0,2,7136.0,1,7138.0,1,7140.0,4,7152.0,17,7164.0,4,7160.0
SM504,,13:40:28.750#,7088.0,7200.0,7084.0,7622.0,6490.0,240,2283,7110.0,1,7114.0,13,7116.0,8,7122.0,1,7124.0,2,7134.0,1,7138.0,1,7140.0,4,7152.0,17,7164.0,4,7160.0
SM504,,13:40:29.0#,7088.0,7200.0,7084.0,7622.0,6490.0,240,2283,7110.0,1,7114.0,13,7116.0,8,7122.0,1,7126.0,2,7134.0,1,7138.0,1,7140.0,4,7152.0,17,7164.0,4,7160.0
SM504,,13:40:29.250#,7088.0,7200.0,7084.0,7622.0,6490.0,240,2283,7110.0,1,7114.0,13,7116.0,8,7122.0,1,7128.0,2,7134.0,1,7138.0,1,7140.0,4,7152.0,17,7164.0,4,7160.0
SM504,,13:40:31.0#,7088.0,7200.0,7084.0,7622.0,6490.0,240,2283,7110.0,1,7114.0,13,7116.0,8,7122.0,1,7128.0,2,7136.0,1,7138.0,1,7140.0,4,7152.0,17,7164.0,4,7160.0
SM504,,13:40:31.250#,7088.0,7200.0,7084.0,7622.0,6490.0,240,2283,7110.0,1,7114.0,13,7116.0,8,7122.0,1,7128.0,2,7134.0,1,7138.0,1,7140.0,4,7152.0,17,7164.0,4,7160.0
SM504,,13:40:31.500#,7088.0,7200.0,7084.0,7622.0,6490.0,240,2283,7110.0,1,7114.0,13,7116.0,8,7122.0,1,7130.0,1,7136.0,1,7138.0,1,7140.0,4,7152.0,17,7164.0,4,7160.0
SM504,,13:40:34.250#,7088.0,7200.0,7084.0,7622.0,6490.0,240,2283,7110.0,1,7114.0,13,7116.0,8,7122.0,1,7124.0,2,7136.0,1,7138.0,1,7140.0,4,7152.0,17,7164.0,4,7160.0
SM504,,13:40:34.500#,7088.0,7200.0,7084.0,7622.0,6490.0,240,2283,7110.0,1,7114.0,13,7116.0,8,7122.0,1,7126.0,2,7136.0,1,7138.0,1,7140.0,4,7152.0,17,7164.0,4,7160.0
SM504,,13:40:34.750#,7088.0,7200.0,7084.0,7622.0,6490.0,240,2283,7110.0,1,7114.0,13,7116.0,8,7122.0,1,7128.0,2,7136.0,1,7138.0,1,7140.0,4,7152.0,17,7164.0,4,7160.0
SM504,,13:40:35.0#,7088.0,7200.0,7084.0,7622.0,6490.0,240,2283,7114.0,13,7116.0,8,7120.0,1,7122.0,1,7128.0,2,7136.0,1,7138.0,1,7140.0,4,7152.0,17,7164.0,4,7160.0
SM504,,13:40:35.500#,7088.0,7200.0,7084.0,7622.0,6490.0,240,2283,7114.0,13,7116.0,8,7120.0,1,7122.0,1,7130.0,2,7136.0,1,7138.0,1,7140.0,4,7152.0,17,7164.0,4,7160.0
SM504,,13:40:41.750#,7088.0,7200.0,7084.0,7622.0,6490.0,240,2283,7114.0,13,7116.0,8,7120.0,1,7122.0,1,7130.0,2,7136.0,1,7138.0,1,7152.0,17,7164.0,4,7166.0,4,7160.0
SM504,,13:40:56.0#,7088.0,7200.0,7084.0,7622.0,6490.0,240,2283,7114.0,13,7116.0,8,7120.0,1,7122.0,1,7130.0,2,7136.0,1,7152.0,17,7164.0,4,7166.0,4,7170.0,1,7160.0
SM504,,13:40:56.250#,7088.0,7200.0,7084.0,7622.0,6490.0,240,2283,7110.0,1,7114.0,13,7116.0,8,7120.0,1,7130.0,2,7136.0,1,7142.0,1,7152.0,17,7164.0,4,7166.0,4,7160.0
SM504,,13:40:56.500#,7088.0,7200.0,7084.0,7622.0,6490.0,240,2283,7114.0,13,7116.0,8,7120.0,1,7126.0,1,7130.0,2,7136.0,1,7142.0,1,7152.0,17,7164.0,4,7166.0,4,7160.0
SM504,,13:40:57.250#,7088.0,7200.0,7084.0,7622.0,6490.0,240,2283,7114.0,13,7116.0,8,7120.0,1,7126.0,1,7130.0,2,7136.0,1,7142.0,1,7152.0,4,7160.0,13,7164.0,4,7160.0
SM504,,13:40:59.0#,7088.0,7200.0,7084.0,7622.0,6490.0,240,2283,7110.0,1,7114.0,13,7116.0,8,7120.0,1,7128.0,2,7136.0,1,7142.0,1,7152.0,4,7160.0,13,7164.0,4,7160.0
SM504,,13:40:59.250#,7088.0,7200.0,7084.0,7622.0,6490.0,240,2283,7114.0,13,7116.0,8,7120.0,1,7124.0,1,7128.0,2,7136.0,1,7152.0,4,7160.0,13,7164.0,4,7166.0,4,7160.0
SM504,,13:40:59.500#,7088.0,7200.0,7084.0,7622.0,6490.0,240,2283,7114.0,13,7116.0,8,7120.0,1,7124.0,1,7128.0,2,7136.0,1,7140.0,1,7152.0,4,7160.0,13,7164.0,4,7160.0
SM504,,13:41:00.250#,7088.0,7200.0,7084.0,7622.0,6490.0,240,2283,7114.0,13,7116.0,8,7120.0,1,7124.0,1,7128.0,2,7134.0,1,7140.0,1,7152.0,4,7160.0,13,7164.0,4,7160.0
SM504,,13:41:00.500#,7088.0,7200.0,7084.0,7622.0,6490.0,240,2283,7114.0,13,7116.0,8,7120.0,1,7124.0,1,7128.0,2,7136.0,1,7140.0,1,7152.0,4,7160.0,13,7164.0,4,7160.0
SM504,,13:41:03.0#,7088.0,7200.0,7084.0,7622.0,6490.0,240,2283,7114.0,13,7116.0,8,7120.0,1,7124.0,1,7128.0,2,7134.0,1,7140.0,1,7152.0,4,7160.0,13,7164.0,4,7160.0
SM504,,13:41:11.0#,7088.0,7200.0,7084.0,7622.0,6490.0,240,2283,7114.0,13,7116.0,8,7120.0,1,7122.0,1,7126.0,2,7134.0,1,7138.0,1,7152.0,4,7160.0,13,7164.0,4,7160.0
SM504,,13:41:11.500#,7088.0,7200.0,7084.0,7622.0,6490.0,240,2283,7114.0,13,7116.0,8,7120.0,1,7122.0,1,7126.0,1,7134.0,1,7138.0,1,7152.0,17,7164.0,4,7166.0,4,7160.0
SM504,,13:41:16.250#,7088.0,7200.0,7084.0,7622.0,6490.0,240,2283,7114.0,13,7116.0,8,7120.0,1,7122.0,1,7126.0,2,7134.0,1,7138.0,1,7152.0,17,7164.0,4,7166.0,4,7160.0
SM504,,13:41:22.500#,7088.0,7200.0,7084.0,7622.0,6490.0,240,2283,7114.0,13,7116.0,8,7120.0,1,7122.0,1,7128.0,1,7134.0,1,7138.0,1,7152.0,17,7164.0,4,7166.0,4,7160.0
SM504,,13:41:22.750#,7088.0,7200.0,7084.0,7622.0,6490.0,240,2283,7114.0,13,7116.0,8,7120.0,1,7122.0,1,7126.0,2,7134.0,1,7138.0,1,7152.0,17,7164.0,4,7166.0,4,7160.0
SM504,,13:41:26.500#,7088.0,7200.0,7084.0,7622.0,6490.0,240,2283,7114.0,13,7116.0,8,7120.0,1,7122.0,1,7128.0,2,7134.0,1,7138.0,1,7152.0,17,7164.0,4,7166.0,4,7160.0
SM504,,13:41:38.500#,7088.0,7200.0,7084.0,7622.0,6490.0,240,2283,7114.0,13,7116.0,8,7120.0,1,7122.0,1,7126.0,2,7134.0,1,7138.0,1,7152.0,17,7164.0,4,7166.0,4,7160.0
SM504,,13:41:54.500#,7088.0,7200.0,7084.0,7622.0,6490.0,240,2283,7114.0,13,7116.0,8,7120.0,1,7126.0,1,7130.0,2,7136.0,1,7152.0,17,7164.0,4,7166.0,4,7170.0,1,7160.0
SM504,,13:42:00.0#,7088.0,7200.0,7084.0,7622.0,6490.0,240,2283,7114.0,13,7116.0,8,7120.0,1,7126.0,1,7130.0,2,7140.0,1,7152.0,17,7164.0,4,7166.0,4,7170.0,1,7160.0
SM504,,13:42:01.0#,7088.0,7200.0,7084.0,7622.0,6490.0,240,2283,7114.0,13,7116.0,8,7120.0,1,7126.0,1,7128.0,1,7138.0,1,7142.0,1,7144.0,1,7152.0,17,7164.0,4,7160.0
SM504,,13:42:03.0#,7088.0,7200.0,7084.0,7622.0,6490.0,240,2283,7114.0,13,7116.0,8,7120.0,1,7126.0,1,7128.0,1,7136.0,1,7142.0,1,7144.0,1,7152.0,17,7160.0,1,7160.0
SM504,,13:42:03.750#,7088.0,7200.0,7084.0,7622.0,6490.0,240,2283,7114.0,13,7116.0,8,7120.0,1,7126.0,1,7128.0,1,7134.0,1,7142.0,1,7144.0,1,7152.0,17,7164.0,4,7160.0
SM504,,13:42:04.0#,7088.0,7200.0,7084.0,7622.0,6490.0,240,2283,7114.0,13,7116.0,8,7120.0,1,7126.0,1,7130.0,2,7136.0,1,7142.0,1,7144.0,1,7152.0,17,7164.0,4,7160.0
SM504,,13:42:07.250#,7088.0,7200.0,7084.0,7622.0,6490.0,240,2283,7114.0,13,7116.0,8,7120.0,1,7126.0,1,7128.0,1,7136.0,1,7142.0,1,7144.0,1,7152.0,17,7164.0,4,7160.0
SM504,,13:42:07.500#,7088.0,7200.0,7084.0,7622.0,6490.0,240,2283,7110.0,1,7114.0,13,7116.0,8,7120.0,1,7128.0,1,7136.0,1,7142.0,1,7144.0,1,7152.0,17,7164.0,4,7160.0
SM504,,13:42:07.750#,7088.0,7200.0,7084.0,7622.0,6490.0,240,2283,7110.0,1,7114.0,13,7116.0,8,7120.0,1,7128.0,2,7138.0,1,7142.0,1,7144.0,1,7152.0,17,7164.0,4,7160.0
SM504,,13:42:08.0#,7088.0,7200.0,7084.0,7622.0,6490.0,240,2283,7110.0,1,7114.0,13,7116.0,8,7120.0,1,7128.0,2,7140.0,1,7142.0,1,7144.0,1,7152.0,17,7164.0,4,7160.0
SM504,,13:42:15.750#,7088.0,7200.0,7084.0,7622.0,6490.0,240,2283,7114.0,13,7116.0,8,7120.0,1,7124.0,1,7126.0,2,7136.0,1,7144.0,1,7152.0,17,7164.0,4,7166.0,4,7160.0
SM504,,13:42:16.0#,7088.0,7200.0,7084.0,7622.0,6490.0,240,2283,7114.0,13,7116.0,8,7120.0,1,7124.0,1,7126.0,2,7134.0,1,7152.0,17,7164.0,4,7166.0,4,7176.0,1,7160.0
SM504,,13:42:32.750#,7088.0,7200.0,7084.0,7622.0,6490.0,240,2283,7114.0,13,7116.0,8,7120.0,1,7124.0,1,7128.0,1,7138.0,1,7140.0,1,7152.0,17,7164.0,4,7166.0,4,7160.0
SM504,,13:42:33.0#,7088.0,7200.0,7084.0,7622.0,6490.0,240,2283,7114.0,13,7116.0,8,7120.0,1,7124.0,1,7130.0,2,7138.0,1,7140.0,1,7152.0,17,7164.0,4,7166.0,4,7160.0
SM504,,13:42:33.250#,7088.0,7200.0,7084.0,7622.0,6490.0,240,2283,7114.0,13,7116.0,8,7120.0,1,7124.0,1,7132.0,2,7138.0,1,7140.0,1,7152.0,17,7164.0,4,7166.0,4,7160.0
SM504,,13:42:33.500#,7088.0,7200.0,7084.0,7622.0,6490.0,240,2283,7114.0,13,7116.0,8,7120.0,1,7124.0,1,7130.0,2,7138.0,1,7140.0,1,7152.0,17,7164.0,4,7166.0,4,7160.0
SM504,,13:42:33.750#,7088.0,7200.0,7084.0,7622.0,6490.0,240,2283,7114.0,13,7116.0,8,7120.0,1,7124.0,1,7130.0,2,7136.0,1,7140.0,1,7152.0,17,7164.0,4,7166.0,4,7160.0
SM504,,13:42:34.250#,7088.0,7200.0,7084.0,7622.0,6490.0,240,2283,7114.0,13,7116.0,8,7120.0,1,7124.0,1,7130.0,2,7138.0,1,7140.0,1,7152.0,17,7164.0,4,7166.0,4,7160.0
SM504,,13:42:38.250#,7088.0,7200.0,7084.0,7622.0,6490.0,240,2283,7114.0,13,7116.0,8,7120.0,1,7124.0,1,7130.0,2,7136.0,1,7140.0,1,7152.0,17,7164.0,4,7166.0,4,7160.0
SM504,,13:42:44.0#,7088.0,7200.0,7084.0,7622.0,6490.0,240,2283,7114.0,13,7116.0,8,7120.0,1,7124.0,1,7128.0,1,7136.0,1,7140.0,1,7152.0,17,7164.0,4,7166.0,4,7160.0
SM504,,13:42:44.500#,7088.0,7200.0,7084.0,7622.0,6490.0,240,2283,7114.0,13,7116.0,8,7120.0,1,7122.0,1,7128.0,1,7134.0,1,7138.0,1,7152.0,17,7164.0,4,7166.0,4,7160.0
SM504,,13:42:47.750#,7088.0,7200.0,7084.0,7622.0,6490.0,240,2283,7114.0,13,7116.0,8,7120.0,1,7122.0,1,7126.0,2,7134.0,1,7138.0,1,7152.0,17,7164.0,4,7166.0,4,7160.0
SM504,,13:43:00.0#,7088.0,7200.0,7084.0,7622.0,6490.0,240,2283,7114.0,13,7116.0,8,7120.0,1,7122.0,1,7126.0,2,7132.0,1,7138.0,1,7152.0,17,7164.0,4,7166.0,4,7160.0
SM504,,13:43:25.0#,7088.0,7200.0,7084.0,7622.0,6490.0,240,2283,7110.0,1,7114.0,13,7116.0,8,7120.0,1,7126.0,2,7132.0,1,7138.0,1,7152.0,17,7164.0,4,7166.0,4,7160.0
SM504,,13:43:25.250#,7088.0,7200.0,7084.0,7622.0,6490.0,240,2283,7110.0,1,7114.0,13,7116.0,8,7120.0,2,7124.0,2,7132.0,1,7152.0,17,7164.0,4,7166.0,4,7176.0,1,7160.0
SM504,,13:43:25.500#,7088.0,7200.0,7084.0,7622.0,6490.0,240,2283,7110.0,1,7114.0,13,7116.0,8,7120.0,2,7124.0,2,7132.0,1,7136.0,1,7152.0,17,7164.0,4,7166.0,4,7160.0
SM504,,13:43:40.0#,7088.0,7200.0,7084.0,7622.0,6490.0,240,2283,7110.0,1,7114.0,13,7116.0,8,7120.0,1,7124.0,2,7130.0,1,7136.0,1,7152.0,17,7164.0,4,7166.0,4,7160.0
SM504,,13:43:40.250#,7088.0,7200.0,7084.0,7622.0,6490.0,240,2283,7114.0,13,7116.0,8,7118.0,1,7120.0,1,7124.0,2,7136.0,1,7152.0,17,7164.0,4,7166.0,4,7176.0,1,7160.0
SM504,,13:43:40.500#,7088.0,7200.0,7084.0,7622.0,6490.0,240,2283,7114.0,13,7116.0,8,7118.0,1,7120.0,1,7124.0,2,7132.0,1,7134.0,1,7152.0,17,7164.0,4,7166.0,4,7160.0
SM504,,13:43:50.0#,7088.0,7200.0,7084.0,7622.0,6490.0,240,2283,7114.0,13,7116.0,8,7118.0,1,7120.0,1,7126.0,2,7132.0,1,7152.0,17,7164.0,4,7166.0,4,7176.0,1,7160.0
SM504,,13:43:50.250#,7088.0,7200.0,7084.0,7622.0,6490.0,240,2283,7114.0,13,7116.0,8,7118.0,1,7120.0,1,7124.0,2,7132.0,1,7136.0,1,7152.0,17,7164.0,4,7166.0,4,7160.0
SM504,,13:43:50.500#,7088.0,7200.0,7084.0,7622.0,6490.0,240,2283,7114.0,13,7116.0,8,7118.0,1,7120.0,1,7126.0,1,7132.0,1,7136.0,1,7152.0,17,7164.0,4,7166.0,4,7160.0
SM504,,13:43:51.250#,7088.0,7200.0,7084.0,7622.0,6490.0,240,2283,7114.0,13,7116.0,8,7118.0,1,7120.0,1,7124.0,2,7130.0,1,7136.0,1,7152.0,17,7164.0,4,7166.0,4,7160.0
SM504,,13:43:51.500#,7088.0,7200.0,7084.0,7622.0,6490.0,240,2283,7110.0,1,7114.0,13,7116.0,8,7120.0,1,7126.0,1,7136.0,2,7152.0,17,7164.0,4,7166.0,4,7176.0,1,7160.0
SM504,,13:43:51.750#,7088.0,7200.0,7084.0,7622.0,6490.0,240,2283,7110.0,1,7114.0,13,7116.0,8,7120.0,2,7124.0,2,7136.0,2,7152.0,17,7164.0,4,7166.0,4,7176.0,1,7160.0
SM504,,13:43:53.0#,7088.0,7200.0,7084.0,7622.0,6490.0,240,2283,7110.0,1,7114.0,13,7116.0,8,7120.0,2,7134.0,2,7136.0,2,7152.0,17,7164.0,4,7166.0,4,7176.0,1,7160.0
SM504,,13:43:57.250#,7088.0,7200.0,7084.0,7622.0,6490.0,240,2283,7110.0,1,7114.0,13,7116.0,8,7120.0,2,7124.0,2,7136.0,2,7152.0,17,7164.0,4,7166.0,4,7176.0,1,7160.0
SM504,,13:44:00.750#,7088.0,7200.0,7084.0,7622.0,6490.0,240,2283,7110.0,1,7114.0,13,7116.0,8,7120.0,2,7126.0,2,7136.0,2,7152.0,17,7164.0,4,7166.0,4,7176.0,1,7160.0
SM504,,13:44:01.500#,7088.0,7200.0,7084.0,7622.0,6490.0,240,2283,7110.0,1,7114.0,13,7116.0,8,7120.0,2,7126.0,2,7136.0,1,7152.0,17,7164.0,4,7166.0,4,7176.0,1,7160.0
SM504,,13:44:02.0#,7088.0,7200.0,7084.0,7622.0,6490.0,240,2283,7114.0,13,7116.0,8,7120.0,1,7122.0,1,7126.0,2,7136.0,1,7138.0,1,7152.0,17,7164.0,4,7166.0,4,7160.0
SM504,,13:44:07.500#,7088.0,7200.0,7084.0,7622.0,6490.0,240,2283,7114.0,13,7116.0,8,7120.0,1,7122.0,1,7134.0,2,7136.0,1,7138.0,1,7152.0,17,7164.0,4,7166.0,4,7160.0
SM504,,13:44:12.500#,7088.0,7200.0,7084.0,7622.0,6490.0,240,2283,7114.0,13,7116.0,8,7120.0,1,7122.0,1,7134.0,2,7138.0,1,7152.0,17,7164.0,4,7166.0,4,7176.0,1,7160.0
SM504,,13:44:12.750#,7088.0,7200.0,7084.0,7622.0,6490.0,240,2283,7114.0,13,7116.0,8,7120.0,1,7122.0,1,7134.0,2,7136.0,1,7142.0,1,7152.0,17,7164.0,4,7166.0,4,7160.0
SM504,,13:44:15.750#,7088.0,7200.0,7084.0,7622.0,6490.0,240,2283,7114.0,13,7116.0,8,7120.0,1,7122.0,1,7134.0,2,7138.0,1,7142.0,1,7152.0,17,7164.0,4,7166.0,4,7160.0
SM504,,13:44:16.250#,7088.0,7200.0,7084.0,7622.0,6490.0,240,2283,7114.0,13,7116.0,8,7120.0,1,7122.0,1,7134.0,2,7138.0,1,7152.0,17,7164.0,4,7166.0,4,7176.0,1,7160.0
SM504,,13:44:20.500#,7088.0,7200.0,7084.0,7622.0,6490.0,240,2283,7114.0,13,7116.0,8,7120.0,1,7122.0,1,7132.0,2,7138.0,1,7152.0,17,7164.0,4,7166.0,4,7176.0,1,7160.0
SM504,,13:44:20.750#,7088.0,7200.0,7084.0,7622.0,6490.0,240,2283,7110.0,1,7114.0,13,7116.0,8,7120.0,1,7132.0,2,7138.0,1,7144.0,1,7152.0,17,7164.0,4,7166.0,4,7160.0
SM504,,13:44:21.0#,7088.0,7200.0,7084.0,7622.0,6490.0,240,2283,7114.0,13,7116.0,8,7120.0,1,7128.0,1,7132.0,2,7138.0,1,7144.0,1,7152.0,17,7164.0,4,7166.0,4,7160.0
SM504,,13:44:23.0#,7088.0,7200.0,7084.0,7622.0,6490.0,242,2283,7114.0,13,7116.0,8,7120.0,1,7128.0,1,7138.0,1,7140.0,1,7144.0,1,7152.0,17,7164.0,4,7166.0,4,7140.0
SM504,,13:44:23.750#,7088.0,7200.0,7084.0,7622.0,6490.0,242,2283,7114.0,13,7116.0,8,7120.0,1,7128.0,1,7132.0,1,7140.0,1,7152.0,4,7160.0,13,7164.0,4,7166.0,4,7140.0
SM504,,13:44:24.0#,7088.0,7200.0,7084.0,7622.0,6490.0,242,2283,7110.0,1,7114.0,13,7116.0,8,7120.0,1,7132.0,1,7138.0,1,7146.0,1,7152.0,4,7160.0,13,7164.0,4,7140.0
SM504,,13:44:24.250#,7088.0,7200.0,7084.0,7622.0,6490.0,242,2283,7114.0,13,7116.0,8,7120.0,1,7130.0,1,7132.0,1,7138.0,1,7146.0,1,7152.0,4,7160.0,13,7164.0,4,7140.0
SM504,,13:44:24.750#,7088.0,7200.0,7084.0,7622.0,6490.0,242,2283,7114.0,13,7116.0,8,7120.0,1,7130.0,1,7132.0,1,7140.0,1,7146.0,1,7152.0,4,7160.0,13,7164.0,4,7140.0
SM504,,13:44:25.750#,7088.0,7200.0,7084.0,7622.0,6490.0,242,2283,7114.0,13,7116.0,8,7120.0,1,7130.0,1,7132.0,1,7138.0,1,7146.0,1,7152.0,4,7160.0,13,7164.0,4,7140.0
SM504,,13:44:26.0#,7088.0,7200.0,7084.0,7622.0,6490.0,242,2283,7110.0,1,7114.0,13,7116.0,8,7120.0,1,7130.0,1,7136.0,1,7152.0,4,7160.0,13,7164.0,4,7166.0,4,7140.0
SM504,,13:44:26.250#,7088.0,7200.0,7084.0,7622.0,6490.0,242,2283,7114.0,13,7116.0,8,7120.0,1,7126.0,1,7128.0,1,7136.0,1,7142.0,1,7152.0,4,7160.0,13,7164.0,4,7140.0
SM504,,13:44:26.750#,7088.0,7200.0,7084.0,7622.0,6490.0,242,2283,7114.0,13,7116.0,8,7120.0,1,7126.0,1,7128.0,1,7134.0,1,7142.0,1,7152.0,4,7160.0,13,7164.0,4,7140.0
SM504,,13:44:28.750#,7088.0,7200.0,7084.0,7622.0,6490.0,242,2283,7114.0,13,7116.0,8,7120.0,1,7126.0,1,7130.0,1,7134.0,1,7142.0,1,7152.0,4,7160.0,13,7164.0,4,7140.0
SM504,,13:44:33.0#,7088.0,7200.0,7084.0,7622.0,6490.0,242,2283,7114.0,13,7116.0,8,7120.0,1,7126.0,1,7130.0,1,7136.0,1,7142.0,1,7152.0,4,7160.0,13,7164.0,4,7140.0
SM504,,13:44:33.500#,7088.0,7200.0,7084.0,7622.0,6490.0,242,2283,7114.0,13,7116.0,8,7120.0,1,7126.0,1,7134.0,1,7136.0,1,7142.0,1,7152.0,4,7160.0,13,7164.0,4,7140.0
SM504,,13:44:40.250#,7088.0,7200.0,7084.0,7622.0,6490.0,242,2283,7114.0,13,7116.0,8,7120.0,1,7126.0,1,7130.0,1,7136.0,1,7142.0,1,7152.0,4,7160.0,13,7164.0,4,7140.0
SM504,,13:44:44.500#,7088.0,7200.0,7084.0,7622.0,6490.0,242,2283,7114.0,13,7116.0,8,7120.0,1,7126.0,1,7134.0,1,7138.0,1,7142.0,1,7152.0,4,7160.0,13,7164.0,4,7140.0
SM504,,13:44:53.0#,7088.0,7200.0,7084.0,7622.0,6490.0,242,2283,7114.0,13,7116.0,8,7120.0,1,7126.0,1,7134.0,1,7138.0,1,7152.0,4,7160.0,13,7164.0,4,7166.0,4,7140.0
SM504,,13:44:53.500#,7088.0,7200.0,7084.0,7622.0,6490.0,242,2283,7114.0,13,7116.0,8,7120.0,1,7126.0,1,7132.0,1,7138.0,1,7142.0,1,7152.0,4,7160.0,13,7164.0,4,7140.0
SM504,,13:44:55.0#,7088.0,7200.0,7084.0,7622.0,6490.0,242,2283,7114.0,13,7116.0,8,7120.0,1,7126.0,1,7134.0,1,7140.0,1,7152.0,4,7160.0,13,7164.0,4,7166.0,4,7140.0
SM504,,13:44:57.500#,7088.0,7200.0,7084.0,7622.0,6490.0,242,2283,7110.0,1,7114.0,13,7116.0,8,7120.0,1,7134.0,1,7140.0,1,7146.0,1,7152.0,4,7160.0,13,7164.0,4,7140.0
SM504,,13:44:57.750#,7088.0,7200.0,7084.0,7622.0,6490.0,242,2283,7114.0,13,7116.0,8,7120.0,1,7130.0,1,7134.0,1,7140.0,1,7146.0,1,7152.0,4,7160.0,13,7164.0,4,7140.0
SM504,,13:45:02.500#,7088.0,7200.0,7084.0,7622.0,6490.0,242,2283,7114.0,13,7116.0,8,7120.0,1,7130.0,1,7134.0,1,7138.0,1,7146.0,1,7152.0,4,7160.0,13,7164.0,4,7140.0
SM504,,13:45:07.0#,7088.0,7200.0,7084.0,7622.0,6490.0,242,2283,7114.0,13,7116.0,8,7120.0,1,7130.0,1,7134.0,1,7140.0,1,7146.0,1,7152.0,4,7160.0,13,7164.0,4,7140.0
SM504,,13:45:18.0#,7088.0,7200.0,7084.0,7622.0,6490.0,242,2283,7114.0,13,7116.0,8,7120.0,1,7128.0,1,7134.0,1,7140.0,1,7152.0,4,7160.0,13,7164.0,4,7166.0,4,7140.0
SM504,,13:45:18.250#,7088.0,7200.0,7084.0,7622.0,6490.0,242,2283,7114.0,13,7116.0,8,7120.0,1,7128.0,1,7134.0,1,7140.0,1,7146.0,1,7152.0,4,7160.0,13,7164.0,4,7140.0
SM504,,13:45:29.0#,7088.0,7200.0,7084.0,7622.0,6490.0,242,2283,7114.0,13,7116.0,8,7120.0,1,7128.0,1,7134.0,1,7142.0,1,7146.0,1,7152.0,4,7160.0,13,7164.0,4,7140.0
SM504,,13:45:29.250#,7088.0,7200.0,7084.0,7622.0,6490.0,242,2283,7110.0,1,7114.0,13,7116.0,8,7120.0,1,7138.0,1,7142.0,1,7146.0,1,7152.0,4,7160.0,13,7164.0,4,7140.0
SM504,,13:45:30.250#,7088.0,7200.0,7084.0,7622.0,6490.0,242,2283,7110.0,1,7114.0,13,7116.0,8,7120.0,1,7138.0,1,7144.0,1,7146.0,1,7152.0,4,7160.0,13,7164.0,4,7140.0
SM504,,13:45:30.500#,7088.0,7200.0,7084.0,7622.0,6490.0,242,2283,7114.0,13,7116.0,8,7120.0,1,7132.0,1,7138.0,1,7144.0,1,7146.0,1,7152.0,4,7160.0,13,7164.0,4,7140.0
SM504,,13:45:31.250#,7088.0,7200.0,7084.0,7622.0,6490.0,242,2283,7114.0,13,7116.0,8,7120.0,1,7132.0,1,7134.0,1,7144.0,1,7146.0,1,7152.0,4,7160.0,13,7164.0,4,7140.0
SM504,,13:45:35.750#,7088.0,7200.0,7084.0,7622.0,6490.0,242,2283,7110.0,1,7114.0,13,7116.0,8,7120.0,1,7134.0,1,7142.0,1,7146.0,1,7152.0,4,7160.0,13,7164.0,4,7140.0
SM504,,13:45:36.0#,7088.0,7200.0,7084.0,7622.0,6490.0,242,2283,7114.0,13,7116.0,8,7120.0,1,7130.0,1,7134.0,1,7140.0,1,7146.0,1,7152.0,4,7160.0,13,7164.0,4,7140.0
SM504,,13:45:36.500#,7088.0,7200.0,7084.0,7622.0,6490.0,242,2283,7110.0,1,7114.0,13,7116.0,8,7120.0,1,7134.0,1,7140.0,1,7146.0,1,7152.0,4,7160.0,13,7164.0,4,7140.0
SM504,,13:45:36.750#,7088.0,7200.0,7084.0,7622.0,6490.0,242,2283,7114.0,13,7116.0,8,7120.0,1,7128.0,1,7134.0,1,7140.0,1,7152.0,4,7160.0,13,7164.0,4,7166.0,4,7140.0
SM504,,13:45:37.0#,7088.0,7200.0,7084.0,7622.0,6490.0,242,2283,7114.0,13,7116.0,8,7120.0,1,7128.0,1,7134.0,1,7140.0,1,7144.0,1,7152.0,4,7160.0,13,7164.0,4,7140.0
SM504,,13:45:54.250#,7088.0,7200.0,7084.0,7622.0,6490.0,242,2283,7114.0,13,7116.0,8,7120.0,1,7128.0,1,7134.0,1,7140.0,1,7152.0,4,7160.0,13,7164.0,4,7166.0,4,7140.0
SM504,,13:45:54.500#,7088.0,7200.0,7084.0,7622.0,6490.0,242,2283,7110.0,1,7114.0,13,7116.0,8,7120.0,1,7134.0,1,7140.0,1,7146.0,1,7152.0,4,7160.0,13,7164.0,4,7140.0
SM504,,13:45:54.750#,7088.0,7200.0,7084.0,7622.0,6490.0,242,2283,7114.0,13,7116.0,8,7120.0,1,7130.0,1,7134.0,1,7140.0,1,7146.0,1,7152.0,4,7160.0,13,7164.0,4,7140.0
SM504,,13:46:02.750#,7088.0,7200.0,7084.0,7622.0,6490.0,242,2283,7114.0,13,7116.0,8,7120.0,1,7130.0,1,7134.0,1,7138.0,1,7146.0,1,7152.0,4,7160.0,13,7164.0,4,7140.0
SM504,,13:46:08.0#,7088.0,7200.0,7084.0,7622.0,6490.0,242,2283,7110.0,1,7114.0,13,7116.0,8,7120.0,1,7134.0,1,7138.0,1,7146.0,1,7152.0,4,7160.0,13,7164.0,4,7140.0
SM504,,13:46:26.500#,7088.0,7200.0,7084.0,7622.0,6490.0,242,2283,7110.0,1,7114.0,13,7116.0,8,7120.0,1,7132.0,1,7138.0,1,7146.0,1,7152.0,4,7160.0,13,7164.0,4,7140.0
SM504,,13:46:26.750#,7088.0,7200.0,7084.0,7622.0,6490.0,242,2283,7110.0,1,7114.0,13,7116.0,8,7120.0,1,7132.0,1,7138.0,1,7152.0,4,7160.0,13,7164.0,4,7166.0,4,7140.0
SM504,,13:46:27.0#,7088.0,7200.0,7084.0,7622.0,6490.0,242,2283,7110.0,1,7114.0,13,7116.0,8,7120.0,1,7132.0,1,7138.0,1,7140.0,1,7152.0,4,7160.0,13,7164.0,4,7140.0
SM504,,13:46:44.500#,7088.0,7200.0,7084.0,7622.0,6490.0,242,2283,7110.0,1,7114.0,13,7116.0,8,7120.0,1,7130.0,1,7138.0,1,7140.0,1,7152.0,4,7160.0,13,7164.0,4,7140.0
SM504,,13:46:44.750#,7088.0,7200.0,7084.0,7622.0,6490.0,242,2283,7114.0,13,7116.0,8,7120.0,1,7124.0,1,7130.0,1,7138.0,1,7140.0,1,7152.0,4,7160.0,13,7164.0,4,7140.0
SM504,,13:46:45.250#,7088.0,7200.0,7084.0,7622.0,6490.0,242,2283,7114.0,13,7116.0,8,7120.0,1,7124.0,1,7130.0,1,7132.0,1,7140.0,1,7152.0,4,7160.0,13,7164.0,4,7140.0
SM504,,13:46:45.500#,7088.0,7200.0,7084.0,7622.0,6490.0,243,2282,7114.0,13,7116.0,8,7120.0,1,7124.0,1,7128.0,2,7138.0,1,7140.0,1,7152.0,4,7160.0,13,7164.0,4,7132.0
SM504,,13:46:51.750#,7088.0,7200.0,7084.0,7622.0,6490.0,243,2282,7114.0,13,7116.0,8,7120.0,1,7124.0,1,7130.0,2,7138.0,1,7152.0,4,7160.0,13,7164.0,4,7166.0,4,7132.0
SM504,,13:46:52.0#,7088.0,7200.0,7084.0,7622.0,6490.0,243,2282,7110.0,1,7114.0,13,7116.0,8,7120.0,1,7130.0,2,7138.0,1,7142.0,1,7152.0,4,7160.0,13,7164.0,4,7132.0
SM504,,13:46:52.250#,7088.0,7200.0,7084.0,7622.0,6490.0,243,2282,7114.0,13,7116.0,8,7120.0,1,7126.0,1,7130.0,2,7138.0,1,7142.0,1,7152.0,4,7160.0,13,7164.0,4,7132.0
SM504,,13:46:56.250#,7088.0,7200.0,7084.0,7622.0,6490.0,243,2282,7114.0,13,7116.0,8,7120.0,1,7126.0,1,7130.0,2,7136.0,1,7142.0,1,7152.0,4,7160.0,13,7164.0,4,7132.0
SM504,,13:46:56.750#,7088.0,7200.0,7084.0,7622.0,6490.0,243,2282,7114.0,13,7116.0,8,7120.0,1,7126.0,1,7130.0,2,7138.0,1,7142.0,1,7152.0,4,7160.0,13,7164.0,4,7132.0
SM504,,13:46:59.0#,7088.0,7200.0,7084.0,7622.0,6490.0,243,2282,7114.0,13,7116.0,8,7120.0,1,7126.0,1,7128.0,2,7134.0,1,7142.0,1,7152.0,4,7160.0,13,7164.0,4,7132.0
SM504,,13:47:02.0#,7088.0,7200.0,7084.0,7622.0,6490.0,243,2282,7110.0,1,7114.0,13,7116.0,8,7120.0,1,7128.0,2,7134.0,1,7142.0,1,7152.0,4,7160.0,13,7164.0,4,7132.0
SM504,,13:47:02.250#,7088.0,7200.0,7084.0,7622.0,6490.0,243,2282,7110.0,1,7116.0,8,7120.0,1,7122.0,1,7126.0,3,7132.0,1,7152.0,4,7160.0,13,7164.0,4,7166.0,4,7132.0
SM504,,13:47:02.500#,7088.0,7200.0,7084.0,7622.0,6490.0,243,2282,7110.0,1,7116.0,8,7120.0,1,7122.0,1,7126.0,3,7132.0,1,7138.0,1,7152.0,4,7160.0,13,7164.0,4,7132.0
SM504,,13:47:03.0#,7088.0,7200.0,7084.0,7622.0,6490.0,243,2282,7106.0,13,7110.0,1,7116.0,8,7120.0,1,7126.0,3,7132.0,1,7138.0,1,7152.0,4,7160.0,13,7164.0,4,7132.0
SM504,,13:47:03.250#,7088.0,7200.0,7084.0,7622.0,6490.0,243,2282,7110.0,1,7116.0,8,7120.0,1,7124.0,1,7126.0,3,7132.0,1,7138.0,1,7152.0,4,7160.0,13,7164.0,4,7132.0
SM504,,13:47:03.500#,7088.0,7200.0,7084.0,7622.0,6490.0,243,2282,7106.0,13,7110.0,1,7116.0,8,7120.0,1,7126.0,3,7132.0,1,7138.0,1,7152.0,4,7160.0,13,7164.0,4,7132.0
SM504,,13:47:03.750#,7088.0,7200.0,7084.0,7622.0,6490.0,243,2282,7110.0,1,7116.0,8,7120.0,1,7122.0,1,7126.0,3,7132.0,1,7138.0,1,7152.0,4,7160.0,13,7164.0,4,7132.0
SM504,,13:47:08.250#,7088.0,7200.0,7084.0,7622.0,6490.0,243,2282,7106.0,13,7110.0,1,7116.0,8,7120.0,1,7126.0,3,7132.0,1,7138.0,1,7152.0,4,7160.0,13,7164.0,4,7132.0
SM504,,13:47:08.500#,7088.0,7200.0,7084.0,7622.0,6490.0,243,2282,7106.0,13,7110.0,1,7116.0,8,7120.0,2,7126.0,3,7132.0,1,7152.0,4,7160.0,13,7164.0,4,7166.0,4,7132.0
SM504,,13:47:08.750#,7088.0,7200.0,7084.0,7622.0,6490.0,243,2282,7106.0,13,7110.0,1,7116.0,8,7120.0,2,7126.0,3,7132.0,1,7136.0,1,7152.0,4,7160.0,13,7164.0,4,7132.0
SM504,,13:47:12.0#,7088.0,7200.0,7084.0,7622.0,6490.0,243,2282,7106.0,13,7110.0,1,7116.0,8,7120.0,2,7124.0,2,7132.0,1,7136.0,1,7152.0,4,7160.0,13,7164.0,4,7132.0
SM504,,13:47:12.250#,7088.0,7200.0,7084.0,7622.0,6490.0,243,2282,7106.0,13,7110.0,1,7116.0,8,7120.0,2,7124.0,2,7130.0,1,7136.0,1,7152.0,4,7160.0,13,7164.0,4,7132.0
SM504,,13:47:14.0#,7088.0,7200.0,7084.0,7622.0,6490.0,243,2282,7106.0,13,7110.0,1,7116.0,8,7120.0,1,7124.0,2,7130.0,1,7136.0,1,7152.0,4,7160.0,13,7164.0,4,7132.0
SM504,,13:47:14.250#,7088.0,7200.0,7084.0,7622.0,6490.0,243,2282,7110.0,1,7116.0,8,7118.0,1,7120.0,1,7124.0,2,7130.0,1,7152.0,4,7160.0,13,7164.0,4,7166.0,4,7132.0
SM504,,13:47:14.500#,7088.0,7200.0,7084.0,7622.0,6490.0,243,2282,7110.0,1,7116.0,8,7118.0,1,7120.0,1,7124.0,2,7130.0,1,7134.0,1,7152.0,4,7160.0,13,7164.0,4,7132.0
SM504,,13:47:20.0#,7088.0,7200.0,7084.0,7622.0,6490.0,243,2282,7110.0,1,7116.0,8,7118.0,1,7120.0,1,7124.0,2,7132.0,1,7134.0,1,7152.0,4,7160.0,13,7164.0,4,7132.0
SM504,,13:47:20.250#,7088.0,7200.0,7084.0,7622.0,6490.0,243,2282,7110.0,1,7116.0,8,7118.0,1,7120.0,1,7122.0,2,7132.0,1,7134.0,1,7152.0,4,7160.0,13,7164.0,4,7132.0
SM504,,13:47:20.500#,7088.0,7200.0,7084.0,7622.0,6490.0,243,2282,7106.0,13,7110.0,1,7116.0,8,7120.0,1,7122.0,2,7132.0,1,7152.0,4,7160.0,13,7164.0,4,7166.0,4,7132.0
SM504,,13:47:20.750#,7088.0,7200.0,7084.0,7622.0,6490.0,243,2282,7104.0,4,7106.0,13,7110.0,1,7116.0,9,7122.0,2,7132.0,2,7152.0,4,7160.0,13,7164.0,4,7166.0,4,7132.0
SM504,,13:47:21.0#,7088.0,7200.0,7084.0,7622.0,6490.0,243,2282,7104.0,4,7106.0,13,7110.0,1,7116.0,9,7124.0,2,7130.0,1,7132.0,1,7152.0,4,7160.0,13,7164.0,4,7132.0
SM504,,13:47:21.500#,7088.0,7200.0,7084.0,7622.0,6490.0,243,2282,7104.0,4,7106.0,13,7110.0,1,7116.0,9,7124.0,2,7132.0,2,7152.0,4,7160.0,13,7164.0,4,7166.0,4,7132.0
SM504,,13:47:21.750#,7088.0,7200.0,7084.0,7622.0,6490.0,243,2282,7104.0,4,7106.0,13,7110.0,1,7116.0,8,7124.0,2,7134.0,1,7152.0,4,7160.0,13,7164.0,4,7166.0,4,7132.0
SM504,,13:47:22.0#,7088.0,7200.0,7084.0,7622.0,6490.0,243,2282,7106.0,13,7110.0,1,7116.0,8,7122.0,1,7126.0,2,7134.0,1,7138.0,1,7152.0,4,7160.0,13,7164.0,4,7132.0
SM504,,13:47:22.500#,7088.0,7200.0,7084.0,7622.0,6490.0,243,2282,7106.0,13,7110.0,1,7116.0,8,7122.0,1,7128.0,2,7134.0,1,7138.0,1,7152.0,4,7160.0,13,7164.0,4,7132.0
SM504,,13:47:24.250#,7088.0,7200.0,7084.0,7622.0,6490.0,243,2282,7106.0,13,7110.0,1,7116.0,8,7122.0,1,7128.0,2,7136.0,1,7138.0,1,7152.0,4,7160.0,13,7164.0,4,7132.0
SM504,,13:47:25.250#,7088.0,7200.0,7084.0,7622.0,6490.0,243,2282,7106.0,13,7110.0,1,7116.0,8,7122.0,1,7128.0,2,7136.0,1,7152.0,4,7160.0,13,7164.0,4,7166.0,4,7132.0
SM504,,13:47:25.750#,7088.0,7200.0,7084.0,7622.0,6490.0,243,2282,7106.0,13,7110.0,1,7116.0,8,7120.0,1,7128.0,2,7134.0,1,7152.0,4,7160.0,13,7164.0,4,7166.0,4,7132.0
SM504,,13:47:26.0#,7088.0,7200.0,7084.0,7622.0,6490.0,243,2282,7106.0,13,7110.0,1,7116.0,8,7120.0,1,7122.0,2,7134.0,1,7136.0,1,7152.0,4,7160.0,13,7164.0,4,7132.0
SM504,,13:47:26.250#,7088.0,7200.0,7084.0,7622.0,6490.0,243,2282,7106.0,13,7110.0,1,7116.0,8,7120.0,1,7124.0,2,7132.0,1,7136.0,1,7152.0,4,7160.0,13,7164.0,4,7132.0
SM504,,13:47:26.750#,7088.0,7200.0,7084.0,7622.0,6490.0,243,2282,7106.0,13,7110.0,1,7116.0,8,7120.0,1,7124.0,2,7130.0,1,7136.0,1,7152.0,4,7160.0,13,7164.0,4,7132.0
SM504,,13:47:27.0#,7088.0,7200.0,7084.0,7622.0,6490.0,243,2282,7106.0,13,7110.0,1,7116.0,8,7120.0,1,7126.0,1,7132.0,1,7136.0,1,7152.0,4,7160.0,13,7164.0,4,7132.0
SM504,,13:47:27.250#,7088.0,7200.0,7084.0,7622.0,6490.0,243,2282,7106.0,13,7110.0,1,7116.0,8,7120.0,1,7126.0,1,7136.0,2,7152.0,4,7160.0,13,7164.0,4,7166.0,4,7132.0
SM504,,13:47:27.500#,7088.0,7200.0,7084.0,7622.0,6490.0,243,2282,7106.0,13,7110.0,1,7116.0,8,7120.0,1,7128.0,2,7136.0,2,7152.0,4,7160.0,13,7164.0,4,7166.0,4,7132.0
SM504,,13:47:28.0#,7088.0,7200.0,7084.0,7622.0,6490.0,243,2282,7106.0,13,7110.0,1,7116.0,8,7120.0,1,7128.0,2,7134.0,1,7136.0,1,7152.0,4,7160.0,13,7164.0,4,7132.0
SM504,,13:47:28.500#,7088.0,7200.0,7084.0,7622.0,6490.0,243,2282,7106.0,13,7110.0,1,7116.0,8,7120.0,1,7128.0,1,7134.0,1,7136.0,1,7152.0,4,7160.0,13,7164.0,4,7132.0
SM504,,13:47:28.750#,7088.0,7200.0,7084.0,7622.0,6490.0,243,2282,7106.0,13,7110.0,1,7116.0,8,7120.0,1,7130.0,2,7136.0,2,7152.0,4,7160.0,13,7164.0,4,7166.0,4,7132.0
SM504,,13:47:29.0#,7088.0,7200.0,7084.0,7622.0,6490.0,243,2282,7106.0,13,7110.0,1,7116.0,8,7120.0,1,7132.0,1,7138.0,1,7152.0,4,7160.0,13,7164.0,4,7166.0,4,7132.0
SM504,,13:47:29.250#,7088.0,7200.0,7084.0,7622.0,6490.0,243,2282,7106.0,13,7110.0,1,7116.0,8,7120.0,1,7130.0,1,7136.0,1,7140.0,1,7152.0,4,7160.0,13,7164.0,4,7132.0
SM504,,13:47:29.500#,7088.0,7200.0,7084.0,7622.0,6490.0,243,2282,7104.0,4,7106.0,13,7110.0,1,7116.0,8,7132.0,1,7138.0,1,7140.0,1,7152.0,4,7160.0,13,7164.0,4,7132.0
SM504,,13:47:29.750#,7088.0,7200.0,7084.0,7622.0,6490.0,243,2282,7104.0,4,7110.0,1,7114.0,13,7116.0,8,7126.0,1,7136.0,1,7140.0,1,7152.0,4,7160.0,13,7164.0,4,7132.0
SM504,,13:47:30.0#,7088.0,7200.0,7084.0,7622.0,6490.0,243,2282,7110.0,1,7114.0,13,7116.0,8,7126.0,1,7128.0,2,7136.0,1,7152.0,4,7160.0,13,7164.0,4,7166.0,4,7132.0
SM504,,13:47:30.250#,7088.0,7200.0,7084.0,7622.0,6490.0,243,2282,7110.0,1,7114.0,13,7116.0,8,7126.0,1,7128.0,2,7136.0,1,7142.0,1,7152.0,4,7160.0,13,7164.0,4,7132.0
SM504,,13:47:32.500#,7088.0,7200.0,7084.0,7622.0,6490.0,243,2282,7110.0,1,7114.0,13,7116.0,8,7126.0,1,7130.0,2,7136.0,1,7142.0,1,7152.0,4,7160.0,13,7164.0,4,7132.0
SM504,,13:47:39.0#,7088.0,7200.0,7084.0,7622.0,6490.0,243,2282,7110.0,1,7114.0,13,7116.0,8,7126.0,1,7132.0,2,7138.0,1,7142.0,1,7152.0,4,7160.0,13,7164.0,4,7132.0
SM504,,13:47:39.250#,7088.0,7200.0,7084.0,7622.0,6490.0,243,2282,7110.0,1,7114.0,13,7116.0,8,7126.0,1,7130.0,1,7138.0,1,7142.0,1,7152.0,4,7160.0,13,7164.0,4,7132.0
SM504,,13:47:43.0#,7088.0,7200.0,7084.0,7622.0,6490.0,243,2282,7110.0,1,7114.0,13,7116.0,8,7126.0,1,7130.0,1,7136.0,1,7142.0,1,7152.0,4,7160.0,13,7164.0,4,7132.0
SM504,,13:47:43.250#,7088.0,7200.0,7084.0,7622.0,6490.0,243,2282,7110.0,1,7114.0,13,7116.0,8,7126.0,1,7130.0,1,7138.0,1,7142.0,1,7152.0,4,7160.0,13,7164.0,4,7132.0
SM504,,13:47:43.500#,7088.0,7200.0,7084.0,7622.0,6490.0,243,2282,7110.0,1,7114.0,13,7116.0,8,7126.0,1,7130.0,1,7136.0,1,7142.0,1,7152.0,4,7160.0,13,7164.0,4,7132.0
SM504,,13:47:49.750#,7088.0,7200.0,7084.0,7622.0,6490.0,243,2282,7110.0,1,7114.0,13,7116.0,8,7126.0,1,7130.0,1,7136.0,1,7152.0,4,7160.0,13,7164.0,4,7166.0,4,7132.0
SM504,,13:47:50.0#,7088.0,7200.0,7084.0,7622.0,6490.0,243,2282,7110.0,1,7114.0,13,7116.0,8,7126.0,1,7130.0,1,7136.0,1,7144.0,1,7152.0,4,7160.0,13,7164.0,4,7132.0
SM504,,13:47:56.0#,7088.0,7200.0,7084.0,7622.0,6490.0,243,2282,7110.0,1,7114.0,13,7116.0,8,7126.0,1,7130.0,1,7138.0,1,7144.0,1,7152.0,4,7160.0,13,7164.0,4,7132.0
SM504,,13:47:56.250#,7088.0,7200.0,7084.0,7622.0,6490.0,243,2282,7110.0,1,7114.0,13,7116.0,8,7126.0,1,7130.0,1,7136.0,1,7144.0,1,7152.0,4,7160.0,13,7164.0,4,7132.0
SM504,,13:47:56.500#,7088.0,7200.0,7084.0,7622.0,6490.0,243,2282,7110.0,1,7114.0,13,7116.0,8,7126.0,1,7128.0,2,7136.0,1,7144.0,1,7152.0,4,7160.0,13,7164.0,4,7132.0
SM504,,13:48:00.500#,7088.0,7200.0,7084.0,7622.0,6490.0,243,2282,7110.0,1,7114.0,13,7116.0,8,7126.0,1,7130.0,1,7136.0,1,7144.0,1,7152.0,4,7160.0,13,7164.0,4,7132.0
SM504,,13:48:01.500#,7088.0,7200.0,7084.0,7622.0,6490.0,243,2282,7110.0,1,7114.0,13,7116.0,8,7126.0,1,7128.0,2,7136.0,1,7144.0,1,7152.0,4,7160.0,13,7164.0,4,7132.0
SM504,,13:48:02.500#,7088.0,7200.0,7084.0,7622.0,6490.0,243,2282,7110.0,1,7114.0,13,7116.0,8,7126.0,1,7130.0,2,7136.0,1,7144.0,1,7152.0,4,7160.0,13,7164.0,4,7132.0
SM504,,13:48:02.750#,7088.0,7200.0,7084.0,7622.0,6490.0,243,2282,7104.0,4,7110.0,1,7114.0,13,7116.0,8,7130.0,2,7138.0,1,7144.0,1,7152.0,4,7160.0,13,7164.0,4,7132.0
SM504,,13:48:03.0#,7088.0,7200.0,7084.0,7622.0,6490.0,243,2282,7110.0,1,7114.0,13,7116.0,8,7128.0,1,7130.0,2,7138.0,1,7144.0,1,7152.0,4,7160.0,13,7164.0,4,7132.0
SM504,,13:48:03.750#,7088.0,7200.0,7084.0,7622.0,6490.0,243,2282,7110.0,1,7114.0,13,7116.0,8,7128.0,1,7132.0,1,7138.0,1,7144.0,1,7152.0,4,7160.0,13,7164.0,4,7132.0
SM504,,13:48:04.750#,7088.0,7200.0,7084.0,7622.0,6490.0,243,2282,7104.0,4,7110.0,1,7114.0,13,7116.0,8,7128.0,3,7138.0,1,7144.0,1,7152.0,4,7160.0,13,7164.0,4,7132.0
SM504,,13:48:08.500#,7088.0,7200.0,7084.0,7622.0,6490.0,243,2282,7104.0,4,7110.0,1,7114.0,13,7116.0,8,7128.0,3,7136.0,1,7144.0,1,7152.0,4,7160.0,13,7164.0,4,7132.0
SM504,,13:48:09.750#,7088.0,7200.0,7084.0,7622.0,6490.0,243,2282,7104.0,4,7110.0,1,7114.0,13,7116.0,8,7128.0,2,7136.0,1,7144.0,1,7152.0,4,7160.0,13,7164.0,4,7132.0
SM504,,13:48:10.0#,7088.0,7200.0,7084.0,7622.0,6490.0,243,2282,7110.0,1,7114.0,13,7116.0,8,7126.0,1,7128.0,2,7136.0,1,7152.0,4,7160.0,13,7164.0,4,7166.0,4,7132.0
SM504,,13:48:10.250#,7088.0,7200.0,7084.0,7622.0,6490.0,243,2282,7110.0,1,7114.0,13,7116.0,8,7126.0,1,7128.0,2,7136.0,1,7142.0,1,7152.0,4,7160.0,13,7164.0,4,7132.0
SM504,,13:48:11.500#,7088.0,7200.0,7084.0,7622.0,6490.0,243,2282,7110.0,1,7114.0,13,7116.0,8,7126.0,1,7128.0,2,7134.0,1,7142.0,1,7152.0,4,7160.0,13,7164.0,4,7132.0
SM504,,13:48:11.750#,7088.0,7200.0,7084.0,7622.0,6490.0,243,2282,7104.0,4,7110.0,1,7114.0,13,7116.0,8,7128.0,2,7134.0,1,7152.0,4,7160.0,13,7164.0,4,7166.0,4,7132.0
SM504,,13:48:12.0#,7088.0,7200.0,7084.0,7622.0,6490.0,243,2282,7110.0,1,7114.0,13,7116.0,8,7124.0,1,7128.0,2,7134.0,1,7140.0,1,7152.0,4,7160.0,13,7164.0,4,7132.0
SM504,,13:48:16.0#,7088.0,7200.0,7084.0,7622.0,6490.0,243,2282,7110.0,1,7114.0,13,7116.0,8,7124.0,1,7128.0,2,7138.0,1,7140.0,1,7152.0,4,7160.0,13,7164.0,4,7132.0
SM504,,13:48:16.250#,7088.0,7200.0,7084.0,7622.0,6490.0,243,2282,7110.0,1,7114.0,13,7116.0,8,7124.0,1,7130.0,2,7136.0,1,7140.0,1,7152.0,4,7160.0,13,7164.0,4,7132.0
SM504,,13:48:28.500#,7088.0,7200.0,7084.0,7622.0,6490.0,243,2282,7110.0,1,7114.0,13,7116.0,8,7124.0,1,7130.0,2,7136.0,1,7152.0,4,7160.0,13,7164.0,4,7166.0,4,7132.0
SM504,,13:48:28.750#,7088.0,7200.0,7084.0,7622.0,6490.0,243,2282,7104.0,4,7110.0,1,7114.0,13,7116.0,8,7130.0,2,7136.0,1,7142.0,1,7152.0,4,7160.0,13,7164.0,4,7132.0
SM504,,13:48:29.0#,7088.0,7200.0,7084.0,7622.0,6490.0,243,2282,7110.0,1,7114.0,13,7116.0,8,7126.0,1,7130.0,2,7138.0,1,7142.0,1,7152.0,4,7160.0,13,7164.0,4,7132.0
SM504,,13:48:29.250#,7088.0,7200.0,7084.0,7622.0,6490.0,243,2282,7110.0,1,7114.0,13,7116.0,8,7126.0,1,7132.0,2,7138.0,1,7142.0,1,7152.0,4,7160.0,13,7164.0,4,7132.0
SM504,,13:48:44.750#,7088.0,7200.0,7084.0,7622.0,6490.0,243,2282,7110.0,1,7114.0,13,7116.0,8,7126.0,1,7132.0,2,7140.0,1,7142.0,1,7152.0,4,7160.0,13,7164.0,4,7132.0
SM504,,13:48:47.500#,7088.0,7200.0,7084.0,7622.0,6490.0,243,2282,7110.0,1,7114.0,13,7116.0,8,7126.0,1,7138.0,1,7140.0,1,7142.0,1,7152.0,4,7160.0,13,7164.0,4,7132.0
SM504,,13:48:50.250#,7088.0,7200.0,7084.0,7622.0,6490.0,243,2282,7110.0,1,7114.0,13,7116.0,8,7126.0,1,7130.0,2,7140.0,1,7142.0,1,7152.0,4,7160.0,13,7164.0,4,7132.0
SM504,,13:48:50.500#,7088.0,7200.0,7084.0,7622.0,6490.0,243,2282,7110.0,1,7114.0,13,7116.0,8,7126.0,1,7132.0,2,7140.0,1,7142.0,1,7152.0,4,7160.0,13,7164.0,4,7132.0
SM504,,13:48:52.750#,7088.0,7200.0,7084.0,7622.0,6490.0,243,2282,7110.0,1,7114.0,13,7116.0,8,7126.0,1,7132.0,2,7138.0,1,7142.0,1,7152.0,4,7160.0,13,7164.0,4,7132.0
SM504,,13:48:53.750#,7088.0,7200.0,7084.0,7622.0,6490.0,243,2282,7110.0,1,7114.0,13,7116.0,8,7126.0,1,7132.0,2,7140.0,1,7152.0,4,7160.0,13,7164.0,4,7166.0,4,7132.0
SM504,,13:48:54.0#,7088.0,7200.0,7084.0,7622.0,6490.0,243,2282,7104.0,4,7110.0,1,7114.0,13,7116.0,8,7132.0,2,7140.0,1,7146.0,1,7152.0,4,7160.0,13,7164.0,4,7132.0
SM504,,13:48:54.250#,7088.0,7200.0,7084.0,7622.0,6490.0,243,2282,7110.0,1,7114.0,13,7116.0,8,7130.0,1,7132.0,2,7140.0,1,7146.0,1,7152.0,4,7160.0,13,7164.0,4,7132.0
SM504,,13:49:00.0#,7088.0,7200.0,7084.0,7622.0,6490.0,243,2282,7110.0,1,7114.0,13,7116.0,8,7130.0,1,7134.0,1,7140.0,1,7146.0,1,7152.0,4,7160.0,13,7164.0,4,7132.0
SM504,,13:49:02.750#,7088.0,7200.0,7084.0,7622.0,6490.0,243,2282,7104.0,4,7110.0,1,7114.0,13,7116.0,8,7130.0,3,7140.0,1,7146.0,1,7152.0,4,7160.0,13,7164.0,4,7132.0
SM504,,13:49:03.0#,7088.0,7200.0,7084.0,7622.0,6490.0,243,2282,7110.0,1,7114.0,13,7116.0,8,7130.0,1,7132.0,2,7140.0,1,7146.0,1,7152.0,4,7160.0,13,7164.0,4,7132.0
SM504,,13:49:03.750#,7088.0,7200.0,7084.0,7622.0,6490.0,243,2282,7104.0,4,7110.0,1,7114.0,13,7116.0,8,7132.0,2,7138.0,1,7146.0,1,7152.0,4,7160.0,13,7164.0,4,7132.0
SM504,,13:49:17.250#,7088.0,7200.0,7084.0,7622.0,6490.0,243,2282,7110.0,1,7114.0,13,7116.0,8,7128.0,1,7132.0,2,7140.0,1,7144.0,1,7152.0,4,7160.0,13,7164.0,4,7132.0
