InstrumentId,ExchangeId,Datetime,OpenPrice,HighestPrice,LowestPrice,UpperLimitPrice,LowerLimitPrice,Volume,OpenInterest,BidPrice5,BidVolume5,BidPrice4,BidVolume4,BidPrice3,BidVolume3,BidPrice2,BidVolume2,BidPrice1,BidVolume1,AskPrice1,AskVolume1,AskPrice2,AskVolume2,AskPrice3,AskVolume3,AskPrice4,AskVolume4,AskPrice5,AskVolume5,LastPrice
SM502,,13:38:35.500#,7194.0,7274.0,7140.0,7688.0,6548.0,1098,3373,7180.0,9,7182.0,13,7188.0,1,7190.0,2,7194.0,1,7202.0,1,7206.0,1,7220.0,13,7224.0,1,7230.0,11,7200.0
SM502,,13:38:36.250#,7194.0,7274.0,7140.0,7688.0,6548.0,1098,3373,7180.0,9,7182.0,13,7188.0,1,7190.0,2,7194.0,1,7202.0,3,7206.0,1,7220.0,13,7224.0,1,7230.0,11,7200.0
SM502,,13:38:38.0#,7194.0,7274.0,7140.0,7688.0,6548.0,1098,3373,7180.0,9,7182.0,13,7188.0,1,7190.0,2,7192.0,1,7200.0,2,7206.0,1,7220.0,13,7224.0,1,7230.0,11,7200.0
SM502,,13:38:38.250#,7194.0,7274.0,7140.0,7688.0,6548.0,1098,3373,7180.0,9,7182.0,13,7188.0,1,7190.0,2,7192.0,1,7200.0,2,7220.0,13,7224.0,1,7230.0,11,7232.0,4,7200.0
SM502,,13:38:38.500#,7194.0,7274.0,7140.0,7688.0,6548.0,1098,3373,7180.0,9,7182.0,13,7188.0,1,7190.0,2,7192.0,1,7200.0,3,7202.0,1,7220.0,13,7224.0,1,7230.0,11,7200.0
SM502,,13:38:38.750#,7194.0,7274.0,7140.0,7688.0,6548.0,1098,3373,7180.0,9,7182.0,13,7188.0,1,7190.0,2,7192.0,1,7200.0,2,7202.0,1,7220.0,13,7224.0,1,7230.0,11,7200.0
SM502,,13:38:39.0#,7194.0,7274.0,7140.0,7688.0,6548.0,1098,3373,7180.0,9,7182.0,13,7188.0,1,7190.0,2,7192.0,1,7198.0,2,7202.0,1,7220.0,13,7224.0,1,7230.0,11,7200.0
SM502,,13:38:39.250#,7194.0,7274.0,7140.0,7688.0,6548.0,1098,3373,7166.0,11,7170.0,5,7180.0,9,7182.0,13,7190.0,3,7198.0,2,7202.0,1,7220.0,13,7224.0,1,7230.0,11,7200.0
SM502,,13:38:39.500#,7194.0,7274.0,7140.0,7688.0,6548.0,1098,3373,7170.0,5,7180.0,9,7182.0,13,7184.0,1,7190.0,3,7198.0,2,7202.0,1,7220.0,13,7224.0,1,7230.0,11,7200.0
SM502,,13:38:39.750#,7194.0,7274.0,7140.0,7688.0,6548.0,1098,3373,7180.0,9,7182.0,13,7184.0,1,7190.0,2,7192.0,1,7200.0,1,7202.0,1,7220.0,13,7224.0,1,7230.0,11,7200.0
SM502,,13:38:40.0#,7194.0,7274.0,7140.0,7688.0,6548.0,1098,3373,7170.0,5,7180.0,9,7182.0,13,7190.0,2,7192.0,1,7200.0,1,7202.0,1,7220.0,13,7224.0,1,7230.0,11,7200.0
SM502,,13:38:40.250#,7194.0,7274.0,7140.0,7688.0,6548.0,1098,3373,7180.0,9,7182.0,13,7186.0,1,7190.0,2,7192.0,1,7198.0,2,7202.0,1,7220.0,13,7224.0,1,7230.0,11,7200.0
SM502,,13:38:40.500#,7194.0,7274.0,7140.0,7688.0,6548.0,1098,3373,7180.0,9,7182.0,13,7186.0,1,7190.0,2,7192.0,1,7200.0,1,7202.0,1,7220.0,13,7224.0,1,7230.0,11,7200.0
SM502,,13:38:41.500#,7194.0,7274.0,7140.0,7688.0,6548.0,1098,3373,7170.0,5,7180.0,9,7182.0,13,7186.0,1,7190.0,3,7196.0,2,7202.0,1,7220.0,13,7224.0,1,7230.0,11,7200.0
SM502,,13:38:41.750#,7194.0,7274.0,7140.0,7688.0,6548.0,1098,3373,7166.0,11,7170.0,5,7180.0,9,7182.0,13,7190.0,3,7196.0,1,7220.0,13,7224.0,1,7230.0,11,7232.0,4,7200.0
SM502,,13:38:42.0#,7194.0,7274.0,7140.0,7688.0,6548.0,1098,3373,7166.0,11,7170.0,5,7180.0,9,7182.0,13,7190.0,3,7198.0,3,7220.0,13,7224.0,1,7230.0,11,7232.0,4,7200.0
SM502,,13:38:42.250#,7194.0,7274.0,7140.0,7688.0,6548.0,1098,3373,7170.0,5,7180.0,9,7182.0,13,7184.0,1,7190.0,3,7198.0,3,7220.0,13,7224.0,1,7230.0,11,7232.0,4,7200.0
SM502,,13:38:42.500#,7194.0,7274.0,7140.0,7688.0,6548.0,1098,3373,7170.0,5,7180.0,9,7182.0,13,7184.0,1,7190.0,3,7194.0,2,7198.0,1,7220.0,13,7224.0,1,7230.0,11,7200.0
SM502,,13:38:42.750#,7194.0,7274.0,7140.0,7688.0,6548.0,1098,3373,7170.0,5,7180.0,9,7182.0,13,7184.0,1,7190.0,2,7194.0,2,7198.0,1,7220.0,13,7224.0,1,7230.0,11,7200.0
SM502,,13:38:43.0#,7194.0,7274.0,7140.0,7688.0,6548.0,1098,3373,7168.0,13,7170.0,5,7180.0,9,7184.0,1,7190.0,2,7194.0,2,7198.0,1,7220.0,13,7224.0,1,7230.0,11,7200.0
SM502,,13:38:44.750#,7194.0,7274.0,7140.0,7688.0,6548.0,1098,3373,7168.0,13,7170.0,5,7180.0,9,7184.0,1,7190.0,3,7196.0,2,7198.0,1,7220.0,13,7224.0,1,7230.0,11,7200.0
SM502,,13:38:45.250#,7194.0,7274.0,7140.0,7688.0,6548.0,1098,3373,7168.0,13,7170.0,5,7180.0,9,7184.0,1,7190.0,3,7198.0,3,7220.0,13,7224.0,1,7230.0,11,7232.0,4,7200.0
SM502,,13:38:45.500#,7194.0,7274.0,7140.0,7688.0,6548.0,1098,3373,7168.0,13,7170.0,5,7180.0,9,7184.0,1,7190.0,3,7198.0,2,7220.0,13,7224.0,1,7230.0,11,7232.0,4,7200.0
SM502,,13:38:45.750#,7194.0,7274.0,7140.0,7688.0,6548.0,1098,3373,7168.0,13,7170.0,5,7180.0,9,7184.0,1,7190.0,3,7198.0,2,7200.0,1,7220.0,13,7224.0,1,7230.0,11,7200.0
SM502,,13:38:46.750#,7194.0,7274.0,7140.0,7688.0,6548.0,1098,3373,7168.0,13,7170.0,5,7180.0,9,7184.0,1,7190.0,3,7200.0,4,7220.0,13,7224.0,1,7230.0,11,7232.0,4,7200.0
SM502,,13:38:47.0#,7194.0,7274.0,7140.0,7688.0,6548.0,1098,3373,7166.0,11,7168.0,13,7170.0,5,7180.0,9,7190.0,5,7200.0,1,7220.0,13,7224.0,1,7230.0,11,7232.0,4,7200.0
SM502,,13:38:47.250#,7194.0,7274.0,7140.0,7688.0,6548.0,1098,3373,7166.0,11,7168.0,13,7170.0,5,7180.0,9,7190.0,4,7194.0,2,7206.0,1,7220.0,13,7224.0,1,7230.0,11,7200.0
SM502,,13:38:47.500#,7194.0,7274.0,7140.0,7688.0,6548.0,1098,3373,7166.0,11,7168.0,13,7170.0,5,7180.0,9,7190.0,2,7194.0,2,7220.0,13,7224.0,1,7230.0,11,7232.0,4,7200.0
SM502,,13:38:47.750#,7194.0,7274.0,7140.0,7688.0,6548.0,1098,3373,7166.0,11,7168.0,13,7170.0,5,7180.0,9,7190.0,2,7194.0,2,7198.0,1,7220.0,13,7224.0,1,7230.0,11,7200.0
SM502,,13:38:49.0#,7194.0,7274.0,7140.0,7688.0,6548.0,1098,3373,7166.0,11,7168.0,13,7170.0,5,7180.0,9,7190.0,2,7194.0,2,7198.0,1,7220.0,13,7224.0,1,7228.0,1,7200.0
SM502,,13:38:49.500#,7194.0,7274.0,7140.0,7688.0,6548.0,1098,3373,7166.0,11,7168.0,13,7170.0,5,7180.0,9,7190.0,2,7196.0,2,7198.0,1,7220.0,13,7224.0,1,7228.0,1,7200.0
SM502,,13:38:49.750#,7194.0,7274.0,7140.0,7688.0,6548.0,1098,3373,7168.0,13,7170.0,5,7180.0,9,7184.0,1,7190.0,3,7196.0,2,7198.0,1,7220.0,13,7224.0,1,7228.0,1,7200.0
SM502,,13:38:53.0#,7194.0,7274.0,7140.0,7688.0,6548.0,1098,3373,7168.0,13,7170.0,5,7180.0,9,7184.0,1,7190.0,3,7198.0,3,7220.0,13,7224.0,1,7228.0,1,7230.0,11,7200.0
SM502,,13:38:53.250#,7194.0,7274.0,7140.0,7688.0,6548.0,1098,3373,7168.0,13,7170.0,5,7180.0,9,7184.0,1,7190.0,3,7198.0,2,7220.0,13,7224.0,1,7228.0,1,7230.0,11,7200.0
SM502,,13:38:53.500#,7194.0,7274.0,7140.0,7688.0,6548.0,1098,3373,7168.0,13,7170.0,5,7180.0,9,7184.0,1,7190.0,3,7198.0,2,7202.0,1,7220.0,13,7224.0,1,7228.0,1,7200.0
SM502,,13:38:54.750#,7194.0,7274.0,7140.0,7688.0,6548.0,1098,3373,7168.0,13,7170.0,5,7180.0,9,7184.0,1,7190.0,3,7198.0,1,7202.0,1,7220.0,13,7224.0,1,7228.0,1,7200.0
SM502,,13:38:55.0#,7194.0,7274.0,7140.0,7688.0,6548.0,1098,3373,7168.0,13,7170.0,5,7180.0,9,7184.0,1,7190.0,3,7200.0,2,7202.0,1,7220.0,13,7224.0,1,7228.0,1,7200.0
SM502,,13:38:55.250#,7194.0,7274.0,7140.0,7688.0,6548.0,1098,3373,7166.0,11,7168.0,13,7170.0,5,7180.0,9,7190.0,3,7200.0,2,7202.0,1,7220.0,13,7224.0,1,7228.0,1,7200.0
SM502,,13:38:55.500#,7194.0,7274.0,7140.0,7688.0,6548.0,1098,3373,7168.0,13,7170.0,5,7180.0,9,7188.0,1,7190.0,3,7200.0,2,7202.0,1,7220.0,13,7224.0,1,7228.0,1,7200.0
SM502,,13:38:55.750#,7194.0,7274.0,7140.0,7688.0,6548.0,1098,3373,7168.0,13,7170.0,5,7180.0,9,7188.0,1,7190.0,3,7200.0,1,7202.0,1,7220.0,13,7224.0,1,7228.0,1,7200.0
SM502,,13:38:56.0#,7194.0,7274.0,7140.0,7688.0,6548.0,1098,3373,7170.0,5,7180.0,9,7186.0,1,7188.0,1,7190.0,3,7200.0,1,7220.0,13,7224.0,1,7228.0,1,7230.0,11,7200.0
SM502,,13:38:56.250#,7194.0,7274.0,7140.0,7688.0,6548.0,1098,3373,7170.0,5,7180.0,9,7186.0,1,7188.0,1,7190.0,3,7200.0,1,7204.0,1,7220.0,13,7224.0,1,7228.0,1,7200.0
SM502,,13:39:01.750#,7194.0,7274.0,7140.0,7688.0,6548.0,1098,3373,7170.0,5,7180.0,9,7186.0,1,7188.0,1,7190.0,5,7200.0,1,7204.0,1,7220.0,13,7224.0,1,7228.0,1,7200.0
SM502,,13:39:02.0#,7194.0,7274.0,7140.0,7688.0,6548.0,1098,3373,7170.0,5,7180.0,9,7186.0,1,7190.0,2,7192.0,1,7200.0,1,7220.0,13,7224.0,1,7228.0,1,7230.0,11,7200.0
SM502,,13:39:02.250#,7194.0,7274.0,7140.0,7688.0,6548.0,1098,3373,7170.0,5,7180.0,9,7186.0,1,7190.0,3,7192.0,1,7200.0,3,7206.0,1,7220.0,13,7224.0,1,7228.0,1,7200.0
SM502,,13:39:02.500#,7194.0,7274.0,7140.0,7688.0,6548.0,1098,3373,7170.0,5,7180.0,9,7186.0,1,7190.0,2,7192.0,1,7200.0,3,7220.0,13,7224.0,1,7228.0,1,7230.0,11,7200.0
SM502,,13:39:02.750#,7194.0,7274.0,7140.0,7688.0,6548.0,1098,3373,7180.0,9,7186.0,1,7188.0,1,7190.0,2,7192.0,1,7200.0,3,7204.0,1,7220.0,13,7224.0,1,7228.0,1,7200.0
SM502,,13:39:03.0#,7194.0,7274.0,7140.0,7688.0,6548.0,1098,3373,7180.0,9,7186.0,1,7188.0,1,7190.0,2,7192.0,2,7200.0,3,7204.0,1,7220.0,13,7224.0,1,7228.0,1,7200.0
SM502,,13:39:05.500#,7194.0,7274.0,7140.0,7688.0,6548.0,1098,3373,7180.0,9,7186.0,1,7188.0,1,7190.0,2,7192.0,2,7200.0,1,7204.0,1,7220.0,13,7224.0,1,7228.0,1,7200.0
SM502,,13:39:05.750#,7194.0,7274.0,7140.0,7688.0,6548.0,1098,3373,7170.0,5,7180.0,9,7186.0,1,7190.0,2,7192.0,2,7200.0,1,7220.0,13,7224.0,1,7228.0,1,7230.0,11,7200.0
SM502,,13:39:06.0#,7194.0,7274.0,7140.0,7688.0,6548.0,1098,3373,7170.0,5,7180.0,9,7186.0,1,7190.0,3,7192.0,2,7200.0,1,7206.0,1,7220.0,13,7224.0,1,7228.0,1,7200.0
SM502,,13:39:10.250#,7194.0,7274.0,7140.0,7688.0,6548.0,1098,3373,7170.0,5,7180.0,9,7186.0,1,7190.0,3,7192.0,4,7200.0,1,7206.0,1,7220.0,13,7224.0,1,7228.0,1,7200.0
SM502,,13:39:10.750#,7194.0,7274.0,7140.0,7688.0,6548.0,1098,3373,7170.0,5,7180.0,9,7186.0,1,7190.0,3,7192.0,4,7202.0,1,7206.0,1,7220.0,13,7224.0,1,7228.0,1,7200.0
SM502,,13:39:11.0#,7194.0,7274.0,7140.0,7688.0,6548.0,1098,3373,7168.0,13,7170.0,5,7180.0,9,7190.0,4,7192.0,2,7200.0,1,7206.0,1,7220.0,13,7224.0,1,7228.0,1,7200.0
SM502,,13:39:11.250#,7194.0,7274.0,7140.0,7688.0,6548.0,1098,3373,7168.0,13,7170.0,5,7180.0,9,7190.0,4,7192.0,1,7200.0,1,7206.0,1,7220.0,13,7224.0,1,7228.0,1,7200.0
SM502,,13:39:11.500#,7194.0,7274.0,7140.0,7688.0,6548.0,1098,3373,7170.0,5,7172.0,13,7180.0,9,7190.0,4,7192.0,1,7200.0,1,7206.0,1,7220.0,13,7224.0,1,7228.0,1,7200.0
SM502,,13:39:11.750#,7194.0,7274.0,7140.0,7688.0,6548.0,1098,3373,7170.0,5,7172.0,13,7180.0,9,7190.0,4,7192.0,1,7198.0,1,7206.0,1,7220.0,13,7224.0,1,7228.0,1,7200.0
SM502,,13:39:12.0#,7194.0,7274.0,7140.0,7688.0,6548.0,1098,3373,7166.0,11,7170.0,5,7172.0,13,7180.0,9,7190.0,3,7196.0,1,7220.0,13,7224.0,1,7228.0,1,7230.0,11,7200.0
SM502,,13:39:12.250#,7194.0,7274.0,7140.0,7688.0,6548.0,1098,3373,7170.0,5,7172.0,13,7180.0,9,7186.0,1,7190.0,3,7194.0,1,7202.0,1,7220.0,13,7224.0,1,7228.0,1,7200.0
SM502,,13:39:12.500#,7194.0,7274.0,7140.0,7688.0,6548.0,1098,3373,7170.0,5,7172.0,13,7180.0,9,7186.0,1,7190.0,2,7194.0,1,7202.0,1,7220.0,13,7224.0,1,7228.0,1,7200.0
SM502,,13:39:12.750#,7194.0,7274.0,7140.0,7688.0,6548.0,1098,3373,7166.0,11,7170.0,5,7172.0,13,7180.0,9,7190.0,2,7194.0,1,7202.0,1,7220.0,13,7224.0,1,7228.0,1,7200.0
SM502,,13:39:13.0#,7194.0,7274.0,7140.0,7688.0,6548.0,1098,3373,7166.0,11,7170.0,5,7172.0,13,7180.0,9,7190.0,2,7194.0,1,7202.0,1,7220.0,13,7224.0,2,7228.0,1,7200.0
SM502,,13:39:13.250#,7194.0,7274.0,7140.0,7688.0,6548.0,1098,3373,7166.0,11,7170.0,5,7172.0,13,7180.0,9,7190.0,2,7196.0,1,7202.0,1,7220.0,13,7224.0,2,7228.0,1,7200.0
SM502,,13:39:13.500#,7194.0,7274.0,7140.0,7688.0,6548.0,1098,3373,7170.0,5,7172.0,13,7180.0,9,7186.0,2,7190.0,2,7196.0,1,7202.0,1,7220.0,13,7224.0,2,7228.0,1,7200.0
SM502,,13:39:13.750#,7194.0,7274.0,7140.0,7688.0,6548.0,1098,3373,7170.0,5,7172.0,13,7180.0,9,7186.0,2,7190.0,2,7198.0,1,7202.0,1,7220.0,13,7224.0,2,7228.0,1,7200.0
SM502,,13:39:14.0#,7194.0,7274.0,7140.0,7688.0,6548.0,1098,3373,7170.0,5,7172.0,13,7180.0,9,7186.0,2,7190.0,2,7196.0,1,7202.0,1,7220.0,13,7224.0,2,7228.0,1,7200.0
SM502,,13:39:14.250#,7194.0,7274.0,7140.0,7688.0,6548.0,1098,3373,7170.0,5,7172.0,13,7180.0,9,7186.0,2,7190.0,2,7194.0,1,7202.0,1,7220.0,13,7224.0,2,7228.0,1,7200.0
SM502,,13:39:16.500#,7194.0,7274.0,7140.0,7688.0,6548.0,1098,3373,7170.0,5,7172.0,13,7180.0,9,7186.0,2,7190.0,2,7198.0,3,7202.0,1,7220.0,13,7224.0,2,7228.0,1,7200.0
SM502,,13:39:16.750#,7194.0,7274.0,7140.0,7688.0,6548.0,1098,3373,7170.0,5,7172.0,13,7180.0,9,7186.0,1,7190.0,2,7196.0,1,7220.0,13,7224.0,2,7228.0,1,7230.0,11,7200.0
SM502,,13:39:17.0#,7194.0,7274.0,7140.0,7688.0,6548.0,1098,3373,7172.0,13,7180.0,9,7184.0,1,7186.0,1,7190.0,2,7196.0,1,7200.0,1,7220.0,13,7224.0,2,7228.0,1,7200.0
SM502,,13:39:20.0#,7194.0,7274.0,7140.0,7688.0,6548.0,1098,3373,7172.0,13,7180.0,9,7184.0,1,7186.0,1,7190.0,2,7196.0,2,7200.0,1,7220.0,13,7224.0,2,7228.0,1,7200.0
SM502,,13:39:20.750#,7194.0,7274.0,7140.0,7688.0,6548.0,1098,3373,7172.0,13,7180.0,9,7184.0,1,7186.0,1,7190.0,2,7196.0,3,7200.0,1,7220.0,13,7224.0,2,7228.0,1,7200.0
SM502,,13:39:22.0#,7194.0,7274.0,7140.0,7688.0,6548.0,1098,3373,7172.0,13,7180.0,9,7184.0,1,7186.0,1,7190.0,2,7196.0,2,7200.0,1,7220.0,13,7224.0,2,7228.0,1,7200.0
SM502,,13:39:24.0#,7194.0,7274.0,7140.0,7688.0,6548.0,1098,3373,7172.0,13,7180.0,9,7184.0,1,7186.0,1,7190.0,2,7198.0,2,7200.0,1,7220.0,13,7224.0,2,7228.0,1,7200.0
SM502,,13:39:24.750#,7194.0,7274.0,7140.0,7688.0,6548.0,1098,3373,7172.0,13,7180.0,9,7184.0,1,7186.0,1,7190.0,2,7196.0,2,7200.0,1,7220.0,13,7224.0,2,7228.0,1,7200.0
SM502,,13:39:29.500#,7194.0,7274.0,7140.0,7688.0,6548.0,1098,3373,7172.0,13,7180.0,9,7184.0,1,7186.0,1,7190.0,3,7196.0,2,7200.0,1,7220.0,13,7224.0,2,7228.0,1,7200.0
SM502,,13:39:32.500#,7194.0,7274.0,7140.0,7688.0,6548.0,1098,3373,7172.0,13,7180.0,9,7184.0,1,7186.0,1,7190.0,3,7194.0,2,7200.0,1,7220.0,13,7224.0,2,7228.0,1,7200.0
SM502,,13:39:32.750#,7194.0,7274.0,7140.0,7688.0,6548.0,1098,3373,7172.0,13,7180.0,9,7184.0,1,7186.0,1,7190.0,3,7194.0,2,7220.0,13,7224.0,2,7228.0,1,7230.0,11,7200.0
SM502,,13:39:33.0#,7194.0,7274.0,7140.0,7688.0,6548.0,1098,3373,7172.0,13,7180.0,9,7184.0,1,7186.0,1,7190.0,3,7194.0,2,7198.0,1,7220.0,13,7224.0,2,7228.0,1,7200.0
SM502,,13:39:33.500#,7194.0,7274.0,7140.0,7688.0,6548.0,1098,3373,7172.0,13,7180.0,9,7184.0,1,7186.0,1,7190.0,3,7196.0,2,7198.0,1,7220.0,13,7224.0,2,7228.0,1,7200.0
SM502,,13:39:34.500#,7194.0,7274.0,7140.0,7688.0,6548.0,1098,3373,7172.0,13,7180.0,9,7184.0,1,7186.0,1,7190.0,2,7196.0,2,7198.0,1,7220.0,13,7224.0,2,7228.0,1,7200.0
SM502,,13:39:35.0#,7194.0,7274.0,7140.0,7688.0,6548.0,1098,3373,7172.0,13,7180.0,9,7184.0,1,7186.0,1,7190.0,2,7194.0,1,7198.0,1,7220.0,13,7224.0,2,7228.0,1,7200.0
SM502,,13:39:35.250#,7194.0,7274.0,7140.0,7688.0,6548.0,1098,3373,7172.0,13,7180.0,9,7184.0,1,7186.0,1,7190.0,2,7196.0,3,7198.0,1,7220.0,13,7224.0,2,7228.0,1,7200.0
SM502,,13:39:35.500#,7194.0,7274.0,7140.0,7688.0,6548.0,1098,3373,7172.0,13,7180.0,9,7184.0,1,7186.0,1,7190.0,2,7192.0,2,7198.0,1,7220.0,13,7224.0,2,7228.0,1,7200.0
SM502,,13:39:35.750#,7194.0,7274.0,7140.0,7688.0,6548.0,1098,3373,7172.0,13,7180.0,9,7184.0,1,7186.0,1,7190.0,2,7196.0,1,7198.0,1,7220.0,13,7224.0,2,7228.0,1,7200.0
SM502,,13:39:36.0#,7194.0,7274.0,7140.0,7688.0,6548.0,1098,3373,7172.0,13,7180.0,9,7184.0,1,7186.0,1,7190.0,2,7196.0,1,7198.0,1,7220.0,13,7224.0,13,7228.0,1,7200.0
SM502,,13:39:36.250#,7194.0,7274.0,7140.0,7688.0,6548.0,1098,3373,7172.0,13,7180.0,9,7184.0,1,7186.0,1,7190.0,2,7192.0,2,7220.0,13,7224.0,13,7228.0,1,7232.0,4,7200.0
SM502,,13:39:36.500#,7194.0,7274.0,7140.0,7688.0,6548.0,1098,3373,7172.0,13,7180.0,9,7184.0,1,7186.0,1,7190.0,2,7192.0,2,7224.0,13,7228.0,1,7232.0,4,7242.0,5,7200.0
SM502,,13:39:36.750#,7194.0,7274.0,7140.0,7688.0,6548.0,1098,3373,7172.0,13,7180.0,9,7184.0,1,7186.0,1,7190.0,2,7192.0,2,7212.0,13,7224.0,13,7228.0,1,7232.0,4,7200.0
SM502,,13:39:40.250#,7194.0,7274.0,7140.0,7688.0,6548.0,1099,3372,7172.0,13,7180.0,9,7184.0,1,7186.0,1,7190.0,1,7192.0,1,7212.0,13,7224.0,13,7228.0,1,7232.0,4,7190.0
SM502,,13:39:40.500#,7194.0,7274.0,7140.0,7688.0,6548.0,1100,3371,7170.0,5,7172.0,13,7180.0,9,7184.0,1,7186.0,2,7192.0,5,7212.0,13,7224.0,13,7228.0,1,7232.0,4,7190.0
SM502,,13:39:40.750#,7194.0,7274.0,7140.0,7688.0,6548.0,1100,3371,7162.0,1,7170.0,5,7172.0,13,7180.0,9,7186.0,2,7192.0,5,7196.0,1,7212.0,13,7224.0,13,7228.0,1,7190.0
SM502,,13:39:41.0#,7194.0,7274.0,7140.0,7688.0,6548.0,1100,3371,7162.0,1,7170.0,5,7172.0,13,7180.0,10,7186.0,1,7194.0,5,7196.0,1,7212.0,13,7224.0,13,7228.0,1,7190.0
SM502,,13:39:41.500#,7194.0,7274.0,7140.0,7688.0,6548.0,1100,3371,7162.0,1,7170.0,5,7172.0,13,7180.0,10,7186.0,1,7194.0,5,7212.0,13,7224.0,13,7228.0,1,7232.0,4,7190.0
SM502,,13:39:41.750#,7194.0,7274.0,7140.0,7688.0,6548.0,1100,3371,7162.0,1,7170.0,5,7172.0,13,7180.0,9,7186.0,1,7196.0,2,7198.0,1,7212.0,13,7224.0,13,7228.0,1,7190.0
SM502,,13:39:42.0#,7194.0,7274.0,7140.0,7688.0,6548.0,1100,3371,7170.0,5,7172.0,13,7180.0,9,7184.0,1,7186.0,1,7196.0,2,7212.0,13,7224.0,13,7228.0,1,7232.0,4,7190.0
SM502,,13:39:42.250#,7194.0,7274.0,7140.0,7688.0,6548.0,1100,3371,7170.0,5,7172.0,13,7180.0,9,7184.0,1,7186.0,1,7196.0,5,7200.0,1,7212.0,13,7224.0,13,7228.0,1,7190.0
SM502,,13:39:42.500#,7194.0,7274.0,7140.0,7688.0,6548.0,1100,3371,7170.0,5,7172.0,13,7180.0,9,7184.0,1,7186.0,1,7196.0,6,7200.0,1,7212.0,13,7224.0,13,7228.0,1,7190.0
SM502,,13:39:42.750#,7194.0,7274.0,7140.0,7688.0,6548.0,1100,3371,7170.0,5,7172.0,13,7180.0,9,7184.0,1,7186.0,1,7196.0,6,7200.0,1,7212.0,13,7224.0,13,7228.0,1,7190.0
SM502,,13:39:43.250#,7194.0,7274.0,7140.0,7688.0,6548.0,1100,3371,7170.0,5,7172.0,13,7180.0,9,7184.0,1,7186.0,1,7196.0,1,7200.0,1,7212.0,13,7224.0,13,7228.0,1,7190.0
SM502,,13:39:43.500#,7194.0,7274.0,7140.0,7688.0,6548.0,1100,3371,7170.0,5,7172.0,13,7180.0,9,7184.0,1,7186.0,1,7198.0,6,7200.0,1,7212.0,13,7224.0,13,7228.0,1,7190.0
SM502,,13:39:44.250#,7194.0,7274.0,7140.0,7688.0,6548.0,1100,3371,7170.0,5,7172.0,13,7180.0,9,7184.0,1,7186.0,1,7196.0,1,7200.0,1,7212.0,13,7224.0,13,7228.0,1,7190.0
SM502,,13:39:46.0#,7194.0,7274.0,7140.0,7688.0,6548.0,1100,3371,7170.0,5,7172.0,13,7180.0,9,7184.0,1,7186.0,1,7198.0,6,7200.0,1,7212.0,13,7224.0,13,7228.0,1,7190.0
SM502,,13:39:46.250#,7194.0,7274.0,7140.0,7688.0,6548.0,1100,3371,7170.0,5,7172.0,13,7180.0,9,7184.0,1,7188.0,1,7198.0,6,7200.0,1,7212.0,13,7224.0,13,7228.0,1,7190.0
SM502,,13:39:46.750#,7194.0,7274.0,7140.0,7688.0,6548.0,1100,3371,7170.0,5,7172.0,13,7180.0,9,7184.0,1,7188.0,1,7196.0,1,7200.0,1,7212.0,13,7224.0,13,7228.0,1,7190.0
SM502,,13:39:47.0#,7194.0,7274.0,7140.0,7688.0,6548.0,1100,3371,7170.0,5,7172.0,13,7180.0,9,7184.0,1,7188.0,1,7192.0,3,7200.0,1,7212.0,13,7224.0,13,7228.0,1,7190.0
SM502,,13:39:47.250#,7194.0,7274.0,7140.0,7688.0,6548.0,1100,3371,7162.0,1,7170.0,5,7172.0,13,7180.0,9,7188.0,1,7196.0,5,7200.0,1,7212.0,13,7224.0,13,7228.0,1,7190.0
SM502,,13:39:47.750#,7194.0,7274.0,7140.0,7688.0,6548.0,1100,3371,7162.0,1,7170.0,5,7172.0,13,7180.0,9,7188.0,1,7198.0,6,7200.0,1,7212.0,13,7224.0,13,7228.0,1,7190.0
SM502,,13:39:48.0#,7194.0,7274.0,7140.0,7688.0,6548.0,1100,3371,7162.0,1,7170.0,5,7172.0,13,7180.0,9,7188.0,1,7198.0,6,7212.0,13,7224.0,13,7228.0,1,7232.0,4,7190.0
SM502,,13:39:49.0#,7194.0,7274.0,7140.0,7688.0,6548.0,1100,3371,7170.0,5,7172.0,13,7180.0,9,7184.0,1,7188.0,1,7198.0,6,7212.0,13,7224.0,13,7228.0,1,7232.0,4,7190.0
SM502,,13:39:58.0#,7194.0,7274.0,7140.0,7688.0,6548.0,1100,3371,7170.0,5,7172.0,13,7180.0,9,7184.0,1,7188.0,1,7196.0,1,7212.0,13,7224.0,13,7228.0,1,7232.0,4,7190.0
SM502,,13:39:58.250#,7194.0,7274.0,7140.0,7688.0,6548.0,1100,3371,7170.0,5,7172.0,13,7180.0,9,7184.0,1,7188.0,1,7198.0,6,7212.0,13,7224.0,13,7228.0,1,7232.0,4,7190.0
SM502,,13:39:59.0#,7194.0,7274.0,7140.0,7688.0,6548.0,1100,3371,7170.0,5,7172.0,13,7180.0,9,7184.0,1,7188.0,1,7198.0,5,7212.0,13,7224.0,13,7228.0,1,7232.0,4,7190.0
SM502,,13:40:00.750#,7194.0,7274.0,7140.0,7688.0,6548.0,1100,3371,7170.0,5,7172.0,13,7180.0,9,7184.0,1,7188.0,1,7196.0,1,7212.0,13,7224.0,13,7228.0,1,7232.0,4,7190.0
SM502,,13:40:01.0#,7194.0,7274.0,7140.0,7688.0,6548.0,1100,3371,7170.0,5,7172.0,13,7180.0,9,7184.0,1,7186.0,1,7196.0,2,7212.0,13,7224.0,13,7228.0,1,7232.0,4,7190.0
SM502,,13:40:01.250#,7194.0,7274.0,7140.0,7688.0,6548.0,1100,3371,7170.0,5,7172.0,13,7180.0,9,7184.0,1,7186.0,1,7196.0,6,7212.0,13,7224.0,13,7228.0,1,7232.0,4,7190.0
SM502,,13:40:01.750#,7194.0,7274.0,7140.0,7688.0,6548.0,1100,3371,7170.0,5,7172.0,13,7180.0,9,7184.0,1,7190.0,1,7196.0,6,7212.0,13,7224.0,13,7228.0,1,7232.0,4,7190.0
SM502,,13:40:03.500#,7194.0,7274.0,7140.0,7688.0,6548.0,1100,3371,7170.0,5,7172.0,13,7180.0,9,7184.0,1,7190.0,1,7196.0,4,7212.0,13,7224.0,13,7228.0,1,7232.0,4,7190.0
SM502,,13:40:04.500#,7194.0,7274.0,7140.0,7688.0,6548.0,1100,3371,7170.0,5,7172.0,13,7180.0,9,7184.0,1,7190.0,1,7196.0,3,7212.0,13,7224.0,13,7228.0,1,7232.0,4,7190.0
SM502,,13:40:04.750#,7194.0,7274.0,7140.0,7688.0,6548.0,1100,3371,7170.0,5,7172.0,13,7180.0,9,7184.0,1,7190.0,1,7196.0,1,7212.0,13,7224.0,13,7228.0,1,7232.0,4,7190.0
SM502,,13:40:06.0#,7194.0,7274.0,7140.0,7688.0,6548.0,1100,3371,7170.0,5,7172.0,13,7180.0,9,7184.0,1,7190.0,1,7198.0,6,7212.0,13,7224.0,13,7228.0,1,7232.0,4,7190.0
SM502,,13:40:11.500#,7194.0,7274.0,7140.0,7688.0,6548.0,1100,3371,7170.0,5,7172.0,13,7180.0,9,7184.0,1,7190.0,2,7198.0,6,7212.0,13,7224.0,13,7228.0,1,7232.0,4,7190.0
SM502,,13:40:11.750#,7194.0,7274.0,7140.0,7688.0,6548.0,1100,3371,7170.0,5,7172.0,13,7180.0,9,7184.0,1,7190.0,1,7198.0,6,7212.0,13,7224.0,13,7228.0,1,7232.0,4,7190.0
SM502,,13:40:12.0#,7194.0,7274.0,7140.0,7688.0,6548.0,1100,3371,7170.0,5,7172.0,13,7180.0,9,7184.0,1,7190.0,1,7196.0,1,7212.0,13,7224.0,13,7228.0,1,7232.0,4,7190.0
SM502,,13:40:17.500#,7194.0,7274.0,7140.0,7688.0,6548.0,1100,3371,7170.0,5,7172.0,13,7180.0,9,7184.0,1,7190.0,1,7196.0,1,7212.0,13,7224.0,12,7228.0,1,7232.0,4,7190.0
SM502,,13:40:17.750#,7194.0,7274.0,7140.0,7688.0,6548.0,1100,3371,7170.0,5,7172.0,13,7180.0,9,7184.0,1,7190.0,1,7198.0,6,7212.0,13,7224.0,12,7228.0,1,7232.0,4,7190.0
SM502,,13:40:18.0#,7194.0,7274.0,7140.0,7688.0,6548.0,1100,3371,7170.0,5,7172.0,13,7180.0,9,7184.0,1,7190.0,2,7198.0,6,7212.0,13,7224.0,12,7228.0,1,7232.0,4,7190.0
SM502,,13:40:19.500#,7194.0,7274.0,7140.0,7688.0,6548.0,1100,3371,7170.0,5,7172.0,13,7180.0,9,7184.0,1,7190.0,2,7198.0,5,7212.0,13,7224.0,12,7228.0,1,7232.0,4,7190.0
SM502,,13:40:20.0#,7194.0,7274.0,7140.0,7688.0,6548.0,1100,3371,7170.0,5,7172.0,13,7180.0,9,7184.0,1,7190.0,2,7198.0,6,7212.0,13,7224.0,12,7228.0,1,7232.0,4,7190.0
SM502,,13:40:20.500#,7194.0,7274.0,7140.0,7688.0,6548.0,1100,3371,7170.0,5,7172.0,13,7180.0,9,7184.0,1,7190.0,2,7198.0,5,7212.0,13,7224.0,12,7228.0,1,7232.0,4,7190.0
SM502,,13:40:21.750#,7194.0,7274.0,7140.0,7688.0,6548.0,1100,3371,7170.0,5,7172.0,13,7180.0,9,7184.0,1,7190.0,2,7200.0,5,7212.0,13,7224.0,12,7228.0,1,7232.0,4,7190.0
SM502,,13:40:22.0#,7194.0,7274.0,7140.0,7688.0,6548.0,1100,3371,7172.0,13,7180.0,9,7184.0,1,7190.0,1,7192.0,1,7200.0,5,7212.0,13,7224.0,11,7228.0,1,7232.0,4,7190.0
SM502,,13:40:22.500#,7194.0,7274.0,7140.0,7688.0,6548.0,1100,3371,7172.0,13,7180.0,9,7184.0,1,7190.0,1,7194.0,1,7200.0,5,7220.0,13,7224.0,11,7228.0,1,7232.0,4,7190.0
SM502,,13:40:23.0#,7194.0,7274.0,7140.0,7688.0,6548.0,1100,3371,7172.0,13,7180.0,9,7184.0,1,7190.0,1,7194.0,1,7200.0,5,7220.0,13,7224.0,11,7228.0,1,7230.0,1,7190.0
SM502,,13:40:23.250#,7194.0,7274.0,7140.0,7688.0,6548.0,1100,3371,7172.0,13,7180.0,9,7184.0,1,7190.0,1,7194.0,1,7198.0,5,7220.0,13,7224.0,11,7228.0,1,7230.0,1,7190.0
SM502,,13:40:23.500#,7194.0,7274.0,7140.0,7688.0,6548.0,1100,3371,7172.0,13,7180.0,9,7184.0,1,7190.0,1,7192.0,1,7198.0,1,7220.0,13,7224.0,11,7228.0,1,7230.0,1,7190.0
SM502,,13:40:24.0#,7194.0,7274.0,7140.0,7688.0,6548.0,1100,3371,7172.0,13,7180.0,9,7184.0,1,7190.0,1,7192.0,1,7200.0,5,7220.0,13,7224.0,11,7228.0,1,7230.0,1,7190.0
SM502,,13:40:27.250#,7194.0,7274.0,7140.0,7688.0,6548.0,1100,3371,7172.0,13,7180.0,9,7184.0,1,7190.0,1,7192.0,1,7198.0,4,7220.0,13,7224.0,11,7228.0,1,7230.0,1,7190.0
SM502,,13:40:27.500#,7194.0,7274.0,7140.0,7688.0,6548.0,1100,3371,7172.0,13,7180.0,9,7184.0,1,7190.0,1,7192.0,1,7198.0,5,7220.0,13,7224.0,11,7228.0,1,7230.0,1,7190.0
SM502,,13:40:28.500#,7194.0,7274.0,7140.0,7688.0,6548.0,1100,3371,7172.0,13,7180.0,9,7184.0,1,7190.0,1,7192.0,1,7198.0,1,7220.0,13,7224.0,11,7228.0,1,7230.0,1,7190.0
SM502,,13:40:28.750#,7194.0,7274.0,7140.0,7688.0,6548.0,1100,3371,7170.0,5,7172.0,13,7180.0,9,7184.0,1,7190.0,1,7200.0,6,7220.0,13,7224.0,11,7228.0,1,7230.0,1,7190.0
SM502,,13:40:29.0#,7194.0,7274.0,7140.0,7688.0,6548.0,1100,3371,7170.0,5,7172.0,13,7180.0,9,7184.0,1,7190.0,2,7200.0,6,7220.0,13,7224.0,11,7228.0,1,7230.0,1,7190.0
SM502,,13:40:29.250#,7194.0,7274.0,7140.0,7688.0,6548.0,1100,3371,7172.0,13,7180.0,9,7184.0,1,7190.0,1,7192.0,1,7200.0,6,7220.0,13,7224.0,11,7228.0,1,7230.0,1,7190.0
SM502,,13:40:31.0#,7194.0,7274.0,7140.0,7688.0,6548.0,1100,3371,7172.0,13,7180.0,9,7184.0,1,7190.0,1,7192.0,1,7200.0,5,7220.0,13,7224.0,11,7228.0,1,7230.0,1,7190.0
SM502,,13:40:31.250#,7194.0,7274.0,7140.0,7688.0,6548.0,1100,3371,7172.0,13,7180.0,9,7184.0,1,7190.0,1,7192.0,1,7196.0,1,7220.0,13,7224.0,11,7228.0,1,7230.0,1,7190.0
SM502,,13:40:31.500#,7194.0,7274.0,7140.0,7688.0,6548.0,1101,3371,7172.0,13,7180.0,9,7184.0,1,7190.0,1,7194.0,1,7200.0,5,7220.0,13,7224.0,11,7228.0,1,7230.0,1,7196.0
SM502,,13:40:34.250#,7194.0,7274.0,7140.0,7688.0,6548.0,1101,3371,7170.0,5,7172.0,13,7180.0,9,7184.0,1,7190.0,1,7200.0,4,7220.0,13,7224.0,11,7228.0,1,7230.0,1,7196.0
SM502,,13:40:34.500#,7194.0,7274.0,7140.0,7688.0,6548.0,1101,3371,7170.0,5,7172.0,13,7180.0,9,7184.0,1,7190.0,2,7200.0,4,7220.0,13,7224.0,11,7228.0,1,7230.0,1,7196.0
SM502,,13:40:34.750#,7194.0,7274.0,7140.0,7688.0,6548.0,1101,3371,7172.0,13,7180.0,9,7184.0,1,7190.0,1,7192.0,1,7200.0,4,7220.0,13,7224.0,11,7228.0,1,7230.0,1,7196.0
SM502,,13:40:35.0#,7194.0,7274.0,7140.0,7688.0,6548.0,1101,3371,7172.0,13,7180.0,9,7184.0,1,7190.0,1,7192.0,1,7200.0,3,7220.0,13,7224.0,11,7228.0,1,7230.0,1,7196.0
SM502,,13:40:35.500#,7194.0,7274.0,7140.0,7688.0,6548.0,1101,3371,7172.0,13,7180.0,9,7184.0,1,7190.0,1,7194.0,1,7200.0,2,7220.0,13,7224.0,11,7228.0,1,7230.0,1,7196.0
SM502,,13:40:38.0#,7194.0,7274.0,7140.0,7688.0,6548.0,1101,3371,7172.0,13,7180.0,9,7184.0,1,7190.0,1,7194.0,1,7200.0,5,7220.0,13,7224.0,11,7228.0,1,7230.0,1,7196.0
SM502,,13:40:40.250#,7194.0,7274.0,7140.0,7688.0,6548.0,1101,3371,7172.0,13,7180.0,9,7184.0,1,7190.0,1,7194.0,1,7198.0,1,7220.0,13,7224.0,11,7228.0,1,7230.0,1,7196.0
SM502,,13:40:41.0#,7194.0,7274.0,7140.0,7688.0,6548.0,1102,3371,7172.0,13,7180.0,9,7184.0,1,7190.0,1,7194.0,1,7200.0,5,7220.0,13,7224.0,11,7228.0,1,7230.0,1,7198.0
SM502,,13:40:52.750#,7194.0,7274.0,7140.0,7688.0,6548.0,1102,3371,7172.0,13,7180.0,9,7184.0,1,7190.0,1,7194.0,1,7200.0,4,7220.0,13,7224.0,11,7228.0,1,7230.0,1,7198.0
SM502,,13:40:53.250#,7194.0,7274.0,7140.0,7688.0,6548.0,1102,3371,7172.0,13,7180.0,9,7184.0,1,7190.0,1,7194.0,1,7200.0,3,7220.0,13,7224.0,11,7228.0,1,7230.0,1,7198.0
SM502,,13:40:53.750#,7194.0,7274.0,7140.0,7688.0,6548.0,1102,3371,7172.0,13,7180.0,9,7184.0,1,7190.0,1,7194.0,1,7200.0,2,7220.0,13,7224.0,11,7228.0,1,7230.0,1,7198.0
SM502,,13:40:54.250#,7194.0,7274.0,7140.0,7688.0,6548.0,1102,3371,7172.0,13,7180.0,9,7184.0,1,7190.0,1,7194.0,1,7200.0,5,7220.0,13,7224.0,11,7228.0,1,7230.0,1,7198.0
SM502,,13:40:55.750#,7194.0,7274.0,7140.0,7688.0,6548.0,1102,3371,7172.0,13,7180.0,9,7184.0,1,7190.0,1,7194.0,1,7202.0,6,7220.0,13,7224.0,11,7228.0,1,7230.0,1,7198.0
SM502,,13:40:56.0#,7194.0,7274.0,7140.0,7688.0,6548.0,1102,3371,7172.0,13,7180.0,9,7184.0,1,7190.0,1,7194.0,1,7202.0,6,7220.0,13,7228.0,1,7230.0,1,7232.0,4,7198.0
SM502,,13:40:56.250#,7194.0,7274.0,7140.0,7688.0,6548.0,1102,3371,7172.0,13,7180.0,9,7184.0,1,7190.0,1,7194.0,1,7202.0,6,7220.0,13,7228.0,1,7230.0,12,7232.0,4,7198.0
SM502,,13:40:57.500#,7194.0,7274.0,7140.0,7688.0,6548.0,1102,3371,7172.0,13,7180.0,9,7184.0,1,7190.0,1,7194.0,1,7202.0,6,7220.0,13,7228.0,1,7230.0,12,7232.0,4,7198.0
SM502,,13:40:57.750#,7194.0,7274.0,7140.0,7688.0,6548.0,1102,3371,7172.0,13,7180.0,9,7184.0,1,7190.0,1,7194.0,1,7202.0,1,7220.0,13,7228.0,1,7230.0,12,7232.0,4,7198.0
SM502,,13:40:58.750#,7194.0,7274.0,7140.0,7688.0,6548.0,1102,3371,7170.0,5,7172.0,13,7180.0,9,7190.0,2,7194.0,1,7200.0,5,7220.0,13,7228.0,1,7230.0,12,7232.0,4,7198.0
SM502,,13:40:59.0#,7194.0,7274.0,7140.0,7688.0,6548.0,1102,3371,7170.0,5,7172.0,13,7180.0,9,7190.0,2,7192.0,1,7200.0,5,7220.0,13,7228.0,1,7230.0,12,7232.0,4,7198.0
SM502,,13:41:00.250#,7194.0,7274.0,7140.0,7688.0,6548.0,1102,3371,7170.0,5,7172.0,13,7180.0,9,7190.0,2,7192.0,1,7200.0,6,7220.0,13,7228.0,1,7230.0,12,7232.0,4,7198.0
SM502,,13:41:00.500#,7194.0,7274.0,7140.0,7688.0,6548.0,1102,3371,7170.0,5,7172.0,13,7180.0,9,7190.0,2,7192.0,1,7200.0,5,7220.0,13,7228.0,1,7230.0,12,7232.0,4,7198.0
SM502,,13:41:02.250#,7194.0,7274.0,7140.0,7688.0,6548.0,1103,3371,7170.0,5,7172.0,13,7180.0,9,7190.0,2,7192.0,1,7200.0,4,7220.0,13,7228.0,1,7230.0,12,7232.0,4,7200.0
SM502,,13:41:03.0#,7194.0,7274.0,7140.0,7688.0,6548.0,1103,3371,7170.0,5,7172.0,13,7180.0,9,7190.0,2,7192.0,1,7200.0,5,7220.0,13,7228.0,1,7230.0,12,7232.0,4,7200.0
SM502,,13:41:10.500#,7194.0,7274.0,7140.0,7688.0,6548.0,1103,3371,7162.0,1,7170.0,5,7172.0,13,7180.0,9,7190.0,3,7198.0,5,7220.0,13,7228.0,1,7230.0,12,7232.0,4,7200.0
SM502,,13:41:12.500#,7194.0,7274.0,7140.0,7688.0,6548.0,1103,3371,7162.0,1,7170.0,5,7172.0,13,7180.0,9,7190.0,2,7200.0,5,7220.0,13,7228.0,1,7230.0,12,7232.0,4,7200.0
SM502,,13:41:15.500#,7194.0,7274.0,7140.0,7688.0,6548.0,1103,3371,7162.0,1,7170.0,5,7172.0,13,7180.0,9,7190.0,2,7200.0,5,7220.0,13,7228.0,1,7230.0,12,7232.0,4,7200.0
SM502,,13:41:15.750#,7194.0,7274.0,7140.0,7688.0,6548.0,1103,3371,7170.0,5,7172.0,13,7180.0,9,7186.0,1,7190.0,2,7200.0,5,7220.0,13,7228.0,1,7230.0,12,7232.0,4,7200.0
SM502,,13:41:22.0#,7194.0,7274.0,7140.0,7688.0,6548.0,1103,3371,7170.0,5,7172.0,13,7180.0,9,7186.0,1,7190.0,2,7198.0,4,7220.0,13,7228.0,1,7230.0,12,7232.0,4,7200.0
SM502,,13:41:22.500#,7194.0,7274.0,7140.0,7688.0,6548.0,1103,3371,7172.0,13,7180.0,9,7186.0,1,7190.0,1,7192.0,1,7198.0,4,7220.0,13,7228.0,1,7230.0,12,7232.0,4,7200.0
SM502,,13:41:22.750#,7194.0,7274.0,7140.0,7688.0,6548.0,1103,3371,7170.0,5,7172.0,13,7180.0,9,7186.0,1,7190.0,2,7198.0,4,7220.0,13,7228.0,1,7230.0,12,7232.0,4,7200.0
SM502,,13:41:26.250#,7194.0,7274.0,7140.0,7688.0,6548.0,1103,3371,7170.0,5,7172.0,13,7180.0,9,7186.0,1,7190.0,2,7200.0,5,7220.0,13,7228.0,1,7230.0,12,7232.0,4,7200.0
SM502,,13:41:26.500#,7194.0,7274.0,7140.0,7688.0,6548.0,1103,3371,7172.0,13,7180.0,9,7186.0,1,7190.0,1,7192.0,1,7200.0,5,7220.0,13,7228.0,1,7230.0,12,7232.0,4,7200.0
SM502,,13:41:38.250#,7194.0,7274.0,7140.0,7688.0,6548.0,1103,3371,7178.0,1,7180.0,9,7186.0,1,7190.0,1,7192.0,1,7198.0,1,7220.0,13,7228.0,1,7230.0,12,7232.0,4,7200.0
SM502,,13:41:38.500#,7194.0,7274.0,7140.0,7688.0,6548.0,1103,3371,7172.0,13,7178.0,1,7180.0,9,7186.0,1,7190.0,2,7198.0,1,7220.0,13,7228.0,1,7230.0,12,7232.0,4,7200.0
SM502,,13:41:38.750#,7194.0,7274.0,7140.0,7688.0,6548.0,1103,3371,7172.0,13,7178.0,1,7180.0,9,7186.0,1,7190.0,2,7198.0,3,7220.0,13,7228.0,1,7230.0,12,7232.0,4,7200.0
SM502,,13:41:40.0#,7194.0,7274.0,7140.0,7688.0,6548.0,1103,3371,7172.0,13,7178.0,1,7180.0,9,7186.0,1,7190.0,2,7198.0,1,7220.0,13,7228.0,1,7230.0,12,7232.0,4,7200.0
SM502,,13:41:40.250#,7194.0,7274.0,7140.0,7688.0,6548.0,1103,3371,7172.0,13,7178.0,1,7180.0,9,7186.0,1,7190.0,2,7200.0,5,7220.0,13,7228.0,1,7230.0,12,7232.0,4,7200.0
SM502,,13:41:50.500#,7194.0,7274.0,7140.0,7688.0,6548.0,1103,3371,7172.0,13,7178.0,1,7180.0,9,7186.0,1,7190.0,4,7200.0,1,7220.0,13,7228.0,1,7230.0,12,7232.0,4,7200.0
SM502,,13:41:54.500#,7194.0,7274.0,7140.0,7688.0,6548.0,1103,3371,7178.0,1,7180.0,9,7186.0,1,7190.0,1,7194.0,1,7202.0,1,7220.0,13,7228.0,1,7230.0,12,7232.0,4,7200.0
SM502,,13:41:55.250#,7194.0,7274.0,7140.0,7688.0,6548.0,1103,3371,7172.0,13,7178.0,1,7180.0,9,7190.0,2,7194.0,1,7202.0,1,7220.0,13,7228.0,1,7230.0,12,7232.0,4,7200.0
SM502,,13:42:00.0#,7194.0,7274.0,7140.0,7688.0,6548.0,1103,3371,7172.0,13,7178.0,1,7180.0,9,7190.0,2,7194.0,1,7204.0,4,7220.0,13,7228.0,1,7230.0,12,7232.0,4,7200.0
SM502,,13:42:00.750#,7194.0,7274.0,7140.0,7688.0,6548.0,1103,3371,7172.0,13,7178.0,1,7180.0,9,7190.0,2,7194.0,1,7202.0,2,7220.0,13,7228.0,1,7230.0,12,7232.0,4,7200.0
SM502,,13:42:01.0#,7194.0,7274.0,7140.0,7688.0,6548.0,1103,3371,7172.0,13,7178.0,1,7180.0,9,7190.0,2,7192.0,1,7204.0,5,7220.0,13,7228.0,1,7230.0,12,7232.0,4,7200.0
SM502,,13:42:03.750#,7194.0,7274.0,7140.0,7688.0,6548.0,1103,3371,7172.0,13,7178.0,1,7180.0,9,7190.0,2,7192.0,3,7200.0,1,7220.0,13,7228.0,1,7230.0,12,7232.0,4,7200.0
SM502,,13:42:04.0#,7194.0,7274.0,7140.0,7688.0,6548.0,1103,3371,7172.0,13,7178.0,1,7180.0,9,7190.0,2,7194.0,1,7202.0,1,7220.0,13,7228.0,1,7230.0,12,7232.0,4,7200.0
SM502,,13:42:06.750#,7194.0,7274.0,7140.0,7688.0,6548.0,1103,3371,7172.0,13,7178.0,1,7180.0,9,7190.0,2,7194.0,3,7202.0,1,7220.0,13,7228.0,1,7230.0,12,7232.0,4,7200.0
SM502,,13:42:07.0#,7194.0,7274.0,7140.0,7688.0,6548.0,1103,3371,7172.0,13,7178.0,1,7180.0,9,7190.0,2,7194.0,2,7202.0,1,7220.0,13,7228.0,1,7230.0,12,7232.0,4,7200.0
SM502,,13:42:07.250#,7194.0,7274.0,7140.0,7688.0,6548.0,1103,3371,7172.0,13,7178.0,1,7180.0,9,7190.0,2,7194.0,2,7202.0,1,7220.0,13,7228.0,1,7230.0,11,7232.0,4,7200.0
SM502,,13:42:07.750#,7194.0,7274.0,7140.0,7688.0,6548.0,1103,3371,7172.0,13,7178.0,1,7180.0,9,7190.0,2,7194.0,2,7204.0,1,7220.0,13,7228.0,1,7230.0,11,7232.0,4,7200.0
SM502,,13:42:08.0#,7194.0,7274.0,7140.0,7688.0,6548.0,1103,3371,7172.0,13,7178.0,1,7180.0,9,7190.0,2,7194.0,2,7206.0,5,7220.0,13,7228.0,1,7230.0,11,7232.0,4,7200.0
SM502,,13:42:09.250#,7194.0,7274.0,7140.0,7688.0,6548.0,1103,3371,7172.0,13,7178.0,1,7180.0,9,7190.0,2,7196.0,2,7204.0,1,7220.0,13,7228.0,1,7230.0,11,7232.0,4,7200.0
SM502,,13:42:09.500#,7194.0,7274.0,7140.0,7688.0,6548.0,1103,3371,7172.0,13,7178.0,1,7180.0,9,7190.0,2,7196.0,2,7204.0,1,7220.0,13,7228.0,1,7230.0,11,7232.0,4,7200.0
SM502,,13:42:14.500#,7194.0,7274.0,7140.0,7688.0,6548.0,1103,3371,7172.0,13,7178.0,1,7180.0,9,7190.0,1,7194.0,3,7202.0,1,7220.0,13,7228.0,1,7230.0,11,7232.0,4,7200.0
SM502,,13:42:15.750#,7194.0,7274.0,7140.0,7688.0,6548.0,1103,3371,7170.0,5,7172.0,13,7178.0,1,7180.0,9,7190.0,4,7202.0,5,7220.0,13,7228.0,1,7230.0,11,7232.0,4,7200.0
SM502,,13:42:16.0#,7194.0,7274.0,7140.0,7688.0,6548.0,1103,3371,7170.0,5,7172.0,13,7178.0,1,7180.0,9,7190.0,4,7200.0,1,7220.0,13,7228.0,1,7230.0,11,7232.0,4,7200.0
SM502,,13:42:25.0#,7194.0,7274.0,7140.0,7688.0,6548.0,1103,3371,7178.0,1,7180.0,9,7188.0,1,7190.0,1,7192.0,1,7200.0,1,7220.0,13,7228.0,1,7230.0,11,7232.0,4,7200.0
SM502,,13:42:32.750#,7194.0,7274.0,7140.0,7688.0,6548.0,1103,3371,7178.0,1,7180.0,9,7188.0,1,7190.0,1,7192.0,1,7204.0,5,7220.0,13,7228.0,1,7230.0,11,7232.0,4,7200.0
SM502,,13:42:33.0#,7194.0,7274.0,7140.0,7688.0,6548.0,1103,3371,7178.0,1,7180.0,9,7188.0,1,7190.0,1,7194.0,1,7204.0,5,7220.0,13,7228.0,1,7230.0,11,7232.0,4,7200.0
SM502,,13:42:33.250#,7194.0,7274.0,7140.0,7688.0,6548.0,1103,3371,7178.0,1,7180.0,9,7188.0,1,7190.0,1,7196.0,1,7204.0,5,7220.0,13,7228.0,1,7230.0,11,7232.0,4,7200.0
SM502,,13:42:33.500#,7194.0,7274.0,7140.0,7688.0,6548.0,1103,3371,7178.0,1,7180.0,9,7188.0,1,7190.0,1,7194.0,1,7202.0,4,7220.0,13,7228.0,1,7230.0,11,7232.0,4,7200.0
SM502,,13:42:33.750#,7194.0,7274.0,7140.0,7688.0,6548.0,1103,3371,7178.0,1,7180.0,9,7188.0,1,7190.0,1,7194.0,1,7202.0,3,7220.0,13,7228.0,1,7230.0,11,7232.0,4,7200.0
SM502,,13:42:34.0#,7194.0,7274.0,7140.0,7688.0,6548.0,1103,3371,7178.0,1,7180.0,9,7188.0,1,7190.0,1,7194.0,1,7202.0,1,7220.0,13,7228.0,1,7230.0,11,7232.0,4,7200.0
SM502,,13:42:34.250#,7194.0,7274.0,7140.0,7688.0,6548.0,1103,3371,7178.0,1,7180.0,9,7188.0,1,7190.0,1,7194.0,1,7204.0,5,7220.0,13,7228.0,1,7230.0,11,7232.0,4,7200.0
SM502,,13:42:36.750#,7194.0,7274.0,7140.0,7688.0,6548.0,1103,3371,7178.0,1,7180.0,9,7188.0,1,7190.0,1,7194.0,1,7202.0,4,7220.0,13,7228.0,1,7230.0,11,7232.0,4,7200.0
SM502,,13:42:38.250#,7194.0,7274.0,7140.0,7688.0,6548.0,1103,3371,7178.0,1,7180.0,9,7188.0,1,7190.0,1,7194.0,1,7202.0,5,7220.0,13,7228.0,1,7230.0,11,7232.0,4,7200.0
SM502,,13:42:44.0#,7194.0,7274.0,7140.0,7688.0,6548.0,1103,3371,7178.0,1,7180.0,9,7188.0,1,7190.0,1,7192.0,1,7200.0,3,7220.0,13,7228.0,1,7230.0,11,7232.0,4,7200.0
SM502,,13:42:47.250#,7194.0,7274.0,7140.0,7688.0,6548.0,1103,3371,7178.0,1,7180.0,9,7188.0,1,7190.0,1,7192.0,1,7200.0,5,7220.0,13,7228.0,1,7230.0,11,7232.0,4,7200.0
SM502,,13:42:47.750#,7194.0,7274.0,7140.0,7688.0,6548.0,1103,3371,7172.0,13,7178.0,1,7180.0,9,7188.0,1,7190.0,2,7200.0,5,7220.0,13,7228.0,1,7230.0,11,7232.0,4,7200.0
SM502,,13:43:00.0#,7194.0,7274.0,7140.0,7688.0,6548.0,1103,3371,7172.0,13,7178.0,1,7180.0,9,7188.0,1,7190.0,2,7198.0,1,7220.0,13,7228.0,1,7230.0,11,7232.0,4,7200.0
SM502,,13:43:18.500#,7194.0,7274.0,7140.0,7688.0,6548.0,1103,3371,7172.0,13,7178.0,1,7180.0,10,7188.0,1,7190.0,2,7198.0,1,7220.0,13,7228.0,1,7230.0,11,7232.0,4,7200.0
SM502,,13:43:24.750#,7194.0,7274.0,7140.0,7688.0,6548.0,1103,3371,7172.0,13,7178.0,1,7180.0,10,7188.0,1,7190.0,2,7198.0,5,7220.0,13,7228.0,1,7230.0,11,7232.0,4,7200.0
SM502,,13:43:25.250#,7194.0,7274.0,7140.0,7688.0,6548.0,1103,3371,7172.0,13,7178.0,1,7180.0,10,7188.0,1,7190.0,1,7198.0,5,7220.0,13,7228.0,1,7230.0,11,7232.0,4,7200.0
SM502,,13:43:40.0#,7194.0,7274.0,7140.0,7688.0,6548.0,1103,3371,7172.0,13,7178.0,1,7180.0,10,7188.0,1,7190.0,1,7196.0,1,7220.0,13,7228.0,1,7230.0,11,7232.0,4,7200.0
SM502,,13:43:40.250#,7194.0,7274.0,7140.0,7688.0,6548.0,1103,3371,7170.0,5,7172.0,13,7178.0,1,7180.0,10,7190.0,1,7198.0,4,7220.0,13,7228.0,1,7230.0,11,7232.0,4,7200.0
SM502,,13:43:40.500#,7194.0,7274.0,7140.0,7688.0,6548.0,1103,3371,7170.0,5,7172.0,13,7178.0,1,7180.0,10,7190.0,1,7198.0,5,7220.0,13,7228.0,1,7230.0,11,7232.0,4,7200.0
SM502,,13:43:44.250#,7194.0,7274.0,7140.0,7688.0,6548.0,1103,3371,7170.0,5,7172.0,13,7178.0,1,7180.0,10,7190.0,1,7196.0,3,7220.0,13,7228.0,1,7230.0,11,7232.0,4,7200.0
SM502,,13:43:44.500#,7194.0,7274.0,7140.0,7688.0,6548.0,1103,3371,7170.0,5,7172.0,13,7178.0,1,7180.0,10,7190.0,1,7196.0,4,7220.0,13,7228.0,1,7230.0,11,7232.0,4,7200.0
SM502,,13:43:45.500#,7194.0,7274.0,7140.0,7688.0,6548.0,1103,3371,7170.0,5,7172.0,13,7178.0,1,7180.0,10,7190.0,1,7198.0,5,7220.0,13,7228.0,1,7230.0,11,7232.0,4,7200.0
SM502,,13:43:47.500#,7194.0,7274.0,7140.0,7688.0,6548.0,1103,3371,7170.0,5,7172.0,13,7178.0,1,7180.0,10,7190.0,1,7196.0,1,7220.0,13,7228.0,1,7230.0,11,7232.0,4,7200.0
SM502,,13:43:48.0#,7194.0,7274.0,7140.0,7688.0,6548.0,1103,3371,7170.0,5,7172.0,13,7178.0,1,7180.0,10,7190.0,1,7196.0,2,7220.0,13,7228.0,1,7230.0,11,7232.0,4,7200.0
SM502,,13:43:49.250#,7194.0,7274.0,7140.0,7688.0,6548.0,1103,3371,7170.0,5,7172.0,13,7178.0,1,7180.0,10,7190.0,1,7198.0,5,7220.0,13,7228.0,1,7230.0,11,7232.0,4,7200.0
SM502,,13:43:49.500#,7194.0,7274.0,7140.0,7688.0,6548.0,1103,3371,7170.0,5,7172.0,13,7178.0,1,7180.0,10,7190.0,1,7196.0,4,7220.0,13,7228.0,1,7230.0,11,7232.0,4,7200.0
SM502,,13:43:49.750#,7194.0,7274.0,7140.0,7688.0,6548.0,1103,3371,7170.0,5,7172.0,13,7178.0,1,7180.0,10,7190.0,1,7198.0,5,7220.0,13,7228.0,1,7230.0,11,7232.0,4,7200.0
SM502,,13:43:50.0#,7194.0,7274.0,7140.0,7688.0,6548.0,1103,3371,7170.0,5,7172.0,13,7178.0,1,7180.0,10,7190.0,2,7198.0,5,7220.0,13,7228.0,1,7230.0,11,7232.0,4,7200.0
SM502,,13:43:50.250#,7194.0,7274.0,7140.0,7688.0,6548.0,1103,3371,7170.0,5,7172.0,13,7178.0,1,7180.0,10,7190.0,1,7198.0,5,7220.0,13,7228.0,1,7230.0,11,7232.0,4,7200.0
SM502,,13:43:50.500#,7194.0,7274.0,7140.0,7688.0,6548.0,1103,3371,7170.0,5,7172.0,13,7178.0,1,7180.0,10,7190.0,2,7198.0,5,7220.0,13,7228.0,1,7230.0,11,7232.0,4,7200.0
SM502,,13:43:51.250#,7194.0,7274.0,7140.0,7688.0,6548.0,1103,3371,7170.0,5,7172.0,13,7178.0,1,7180.0,10,7190.0,1,7196.0,1,7220.0,13,7228.0,1,7230.0,11,7232.0,4,7200.0
SM502,,13:43:51.500#,7194.0,7274.0,7140.0,7688.0,6548.0,1103,3371,7170.0,5,7172.0,13,7178.0,1,7180.0,10,7190.0,2,7198.0,4,7220.0,13,7228.0,1,7230.0,11,7232.0,4,7200.0
SM502,,13:43:51.750#,7194.0,7274.0,7140.0,7688.0,6548.0,1103,3371,7170.0,5,7172.0,13,7178.0,1,7180.0,10,7190.0,1,7198.0,4,7220.0,13,7228.0,1,7230.0,11,7232.0,4,7200.0
SM502,,13:43:53.0#,7194.0,7274.0,7140.0,7688.0,6548.0,1108,3366,7172.0,13,7178.0,1,7180.0,10,7190.0,1,7196.0,1,7198.0,4,7220.0,13,7228.0,1,7230.0,11,7232.0,4,7198.0
SM502,,13:43:53.250#,7194.0,7274.0,7140.0,7688.0,6548.0,1113,3366,7172.0,13,7178.0,1,7180.0,10,7190.0,1,7196.0,1,7198.0,4,7220.0,13,7228.0,1,7230.0,11,7232.0,4,7196.0
SM502,,13:43:53.500#,7194.0,7274.0,7140.0,7688.0,6548.0,1113,3366,7172.0,13,7178.0,1,7180.0,10,7190.0,1,7196.0,1,7198.0,3,7220.0,13,7228.0,1,7230.0,11,7232.0,4,7196.0
SM502,,13:43:54.500#,7194.0,7274.0,7140.0,7688.0,6548.0,1113,3366,7172.0,13,7178.0,1,7180.0,10,7190.0,1,7196.0,1,7198.0,4,7220.0,13,7228.0,1,7230.0,11,7232.0,4,7196.0
SM502,,13:43:56.0#,7194.0,7274.0,7140.0,7688.0,6548.0,1114,3365,7172.0,13,7178.0,1,7180.0,10,7190.0,1,7196.0,1,7198.0,4,7220.0,13,7228.0,1,7230.0,11,7232.0,4,7196.0
SM502,,13:43:57.250#,7194.0,7274.0,7140.0,7688.0,6548.0,1114,3365,7170.0,5,7172.0,13,7178.0,1,7180.0,10,7190.0,1,7198.0,4,7220.0,13,7228.0,1,7230.0,11,7232.0,4,7196.0
SM502,,13:44:00.750#,7194.0,7274.0,7140.0,7688.0,6548.0,1114,3365,7170.0,5,7172.0,13,7178.0,1,7180.0,10,7190.0,2,7200.0,4,7220.0,13,7228.0,1,7230.0,11,7232.0,4,7196.0
SM502,,13:44:01.750#,7194.0,7274.0,7140.0,7688.0,6548.0,1114,3365,7172.0,13,7178.0,1,7180.0,10,7186.0,1,7190.0,2,7200.0,4,7220.0,13,7228.0,1,7230.0,11,7232.0,4,7196.0
SM502,,13:44:06.750#,7194.0,7274.0,7140.0,7688.0,6548.0,1114,3365,7172.0,13,7178.0,1,7180.0,10,7186.0,1,7190.0,2,7202.0,5,7220.0,13,7228.0,1,7230.0,11,7232.0,4,7196.0
SM502,,13:44:07.500#,7194.0,7274.0,7140.0,7688.0,6548.0,1114,3365,7178.0,1,7180.0,10,7186.0,1,7190.0,1,7196.0,1,7202.0,5,7220.0,13,7228.0,1,7230.0,11,7232.0,4,7196.0
SM502,,13:44:09.500#,7194.0,7274.0,7140.0,7688.0,6548.0,1114,3365,7178.0,1,7180.0,10,7186.0,1,7190.0,1,7196.0,1,7200.0,1,7220.0,13,7228.0,1,7230.0,11,7232.0,4,7196.0
SM502,,13:44:11.0#,7194.0,7274.0,7140.0,7688.0,6548.0,1114,3365,7178.0,1,7180.0,10,7186.0,1,7190.0,1,7196.0,1,7202.0,4,7220.0,13,7228.0,1,7230.0,11,7232.0,4,7196.0
SM502,,13:44:12.250#,7194.0,7274.0,7140.0,7688.0,6548.0,1114,3365,7178.0,1,7180.0,10,7186.0,1,7190.0,1,7196.0,1,7202.0,1,7220.0,13,7228.0,1,7230.0,11,7232.0,4,7196.0
SM502,,13:44:12.500#,7194.0,7274.0,7140.0,7688.0,6548.0,1114,3365,7178.0,1,7180.0,10,7186.0,1,7190.0,1,7196.0,1,7204.0,5,7220.0,13,7228.0,1,7230.0,11,7232.0,4,7196.0
SM502,,13:44:12.750#,7194.0,7274.0,7140.0,7688.0,6548.0,1114,3365,7178.0,1,7180.0,9,7186.0,1,7190.0,1,7196.0,1,7202.0,1,7220.0,13,7228.0,1,7230.0,11,7232.0,4,7196.0
SM502,,13:44:13.0#,7194.0,7274.0,7140.0,7688.0,6548.0,1114,3365,7178.0,1,7180.0,9,7186.0,1,7190.0,2,7196.0,1,7202.0,1,7220.0,13,7228.0,1,7230.0,11,7232.0,4,7196.0
SM502,,13:44:15.750#,7194.0,7274.0,7140.0,7688.0,6548.0,1114,3365,7178.0,1,7180.0,9,7190.0,2,7192.0,1,7196.0,2,7204.0,1,7220.0,13,7228.0,1,7230.0,11,7232.0,4,7196.0
SM502,,13:44:18.0#,7194.0,7274.0,7140.0,7688.0,6548.0,1115,3365,7178.0,1,7180.0,9,7190.0,2,7192.0,1,7196.0,2,7206.0,5,7220.0,13,7228.0,1,7230.0,11,7232.0,4,7204.0
SM502,,13:44:20.500#,7194.0,7274.0,7140.0,7688.0,6548.0,1115,3365,7178.0,1,7180.0,9,7190.0,2,7192.0,1,7196.0,1,7206.0,5,7220.0,13,7228.0,1,7230.0,11,7232.0,4,7204.0
SM502,,13:44:20.750#,7194.0,7274.0,7140.0,7688.0,6548.0,1115,3365,7178.0,1,7180.0,9,7190.0,2,7192.0,1,7196.0,1,7206.0,5,7220.0,13,7228.0,1,7230.0,11,7232.0,4,7204.0
SM502,,13:44:21.500#,7194.0,7274.0,7140.0,7688.0,6548.0,1115,3365,7178.0,1,7180.0,9,7190.0,2,7192.0,1,7196.0,3,7206.0,1,7220.0,13,7228.0,1,7230.0,11,7232.0,4,7204.0
SM502,,13:44:23.0#,7194.0,7274.0,7140.0,7688.0,6548.0,1115,3365,7178.0,1,7180.0,9,7190.0,2,7192.0,1,7202.0,1,7208.0,5,7220.0,13,7228.0,1,7230.0,11,7232.0,4,7204.0
SM502,,13:44:23.500#,7194.0,7274.0,7140.0,7688.0,6548.0,1115,3365,7178.0,1,7180.0,9,7190.0,6,7192.0,1,7202.0,1,7208.0,5,7220.0,13,7228.0,1,7232.0,4,7236.0,12,7204.0
SM502,,13:44:23.750#,7194.0,7274.0,7140.0,7688.0,6548.0,1115,3365,7178.0,1,7180.0,22,7190.0,6,7192.0,1,7196.0,3,7208.0,5,7220.0,13,7228.0,1,7232.0,4,7236.0,12,7204.0
SM502,,13:44:24.0#,7194.0,7274.0,7140.0,7688.0,6548.0,1115,3365,7178.0,1,7180.0,22,7190.0,6,7192.0,1,7196.0,3,7206.0,1,7220.0,13,7228.0,1,7232.0,4,7236.0,12,7204.0
SM502,,13:44:24.250#,7194.0,7274.0,7140.0,7688.0,6548.0,1115,3365,7178.0,1,7180.0,22,7190.0,6,7192.0,1,7196.0,3,7206.0,1,7220.0,13,7228.0,1,7232.0,4,7236.0,12,7204.0
SM502,,13:44:24.750#,7194.0,7274.0,7140.0,7688.0,6548.0,1115,3365,7178.0,1,7180.0,22,7190.0,6,7192.0,1,7196.0,3,7208.0,5,7220.0,13,7228.0,1,7232.0,4,7236.0,12,7204.0
SM502,,13:44:25.750#,7194.0,7274.0,7140.0,7688.0,6548.0,1115,3365,7178.0,1,7180.0,22,7190.0,6,7192.0,1,7196.0,1,7206.0,5,7220.0,13,7228.0,1,7232.0,4,7236.0,12,7204.0
SM502,,13:44:26.0#,7194.0,7274.0,7140.0,7688.0,6548.0,1115,3365,7178.0,1,7180.0,22,7190.0,6,7192.0,1,7194.0,1,7204.0,5,7220.0,13,7228.0,1,7232.0,4,7236.0,12,7204.0
SM502,,13:44:26.250#,7194.0,7274.0,7140.0,7688.0,6548.0,1115,3365,7170.0,5,7178.0,1,7180.0,22,7190.0,6,7192.0,3,7204.0,5,7220.0,13,7228.0,1,7232.0,4,7236.0,12,7204.0
SM502,,13:44:26.750#,7194.0,7274.0,7140.0,7688.0,6548.0,1115,3365,7170.0,5,7178.0,1,7180.0,22,7190.0,7,7192.0,3,7202.0,1,7220.0,13,7228.0,1,7232.0,4,7236.0,12,7204.0
SM502,,13:44:33.0#,7194.0,7274.0,7140.0,7688.0,6548.0,1115,3365,7170.0,5,7178.0,1,7180.0,22,7190.0,7,7192.0,3,7204.0,5,7220.0,13,7228.0,1,7232.0,4,7236.0,12,7204.0
SM502,,13:44:33.500#,7194.0,7274.0,7140.0,7688.0,6548.0,1115,3365,7170.0,5,7178.0,1,7180.0,22,7190.0,7,7198.0,1,7204.0,5,7220.0,13,7228.0,1,7232.0,4,7236.0,12,7204.0
SM502,,13:44:40.250#,7194.0,7274.0,7140.0,7688.0,6548.0,1115,3365,7170.0,5,7178.0,1,7180.0,22,7190.0,7,7192.0,3,7204.0,5,7220.0,13,7228.0,1,7232.0,4,7236.0,12,7204.0
SM502,,13:44:44.500#,7194.0,7274.0,7140.0,7688.0,6548.0,1115,3365,7170.0,5,7178.0,1,7180.0,22,7190.0,7,7196.0,1,7204.0,4,7220.0,13,7228.0,1,7232.0,4,7236.0,12,7204.0
SM502,,13:44:44.750#,7194.0,7274.0,7140.0,7688.0,6548.0,1115,3365,7170.0,5,7178.0,1,7180.0,22,7190.0,7,7194.0,1,7204.0,4,7220.0,13,7228.0,1,7232.0,4,7236.0,12,7204.0
SM502,,13:44:51.750#,7194.0,7274.0,7140.0,7688.0,6548.0,1115,3365,7170.0,5,7178.0,1,7180.0,22,7190.0,7,7194.0,3,7206.0,4,7220.0,13,7228.0,1,7232.0,4,7236.0,12,7204.0
SM502,,13:44:52.250#,7194.0,7274.0,7140.0,7688.0,6548.0,1115,3365,7170.0,5,7178.0,1,7180.0,22,7190.0,7,7194.0,3,7206.0,5,7220.0,13,7228.0,1,7232.0,4,7236.0,12,7204.0
SM502,,13:44:52.750#,7194.0,7274.0,7140.0,7688.0,6548.0,1115,3365,7170.0,5,7178.0,1,7180.0,22,7190.0,7,7196.0,2,7206.0,1,7220.0,13,7228.0,1,7232.0,4,7236.0,12,7204.0
SM502,,13:44:53.0#,7194.0,7274.0,7140.0,7688.0,6548.0,1115,3365,7170.0,5,7178.0,1,7180.0,22,7190.0,7,7196.0,1,7206.0,5,7220.0,13,7228.0,1,7232.0,4,7236.0,12,7204.0
SM502,,13:44:53.500#,7194.0,7274.0,7140.0,7688.0,6548.0,1115,3365,7170.0,5,7178.0,1,7180.0,22,7190.0,7,7194.0,1,7204.0,4,7220.0,13,7228.0,1,7232.0,4,7236.0,12,7204.0
SM502,,13:44:54.250#,7194.0,7274.0,7140.0,7688.0,6548.0,1115,3365,7170.0,5,7178.0,1,7180.0,22,7190.0,7,7194.0,1,7206.0,2,7220.0,13,7228.0,1,7232.0,4,7236.0,12,7204.0
SM502,,13:44:54.750#,7194.0,7274.0,7140.0,7688.0,6548.0,1115,3365,7170.0,5,7178.0,1,7180.0,22,7190.0,7,7196.0,2,7206.0,1,7220.0,13,7228.0,1,7232.0,4,7236.0,12,7204.0
SM502,,13:44:55.0#,7194.0,7274.0,7140.0,7688.0,6548.0,1115,3365,7170.0,5,7178.0,1,7180.0,22,7190.0,7,7196.0,3,7208.0,5,7220.0,13,7228.0,1,7232.0,4,7236.0,12,7204.0
SM502,,13:44:55.750#,7194.0,7274.0,7140.0,7688.0,6548.0,1115,3365,7178.0,1,7180.0,22,7190.0,6,7194.0,1,7198.0,1,7208.0,5,7220.0,13,7228.0,1,7232.0,4,7236.0,12,7204.0
SM502,,13:44:57.500#,7194.0,7274.0,7140.0,7688.0,6548.0,1115,3365,7178.0,1,7180.0,22,7190.0,6,7194.0,1,7196.0,3,7208.0,5,7220.0,13,7228.0,1,7232.0,4,7236.0,12,7204.0
SM502,,13:44:59.250#,7194.0,7274.0,7140.0,7688.0,6548.0,1115,3365,7178.0,1,7180.0,22,7190.0,6,7194.0,1,7198.0,2,7208.0,1,7220.0,13,7228.0,1,7232.0,4,7236.0,12,7204.0
SM502,,13:44:59.750#,7194.0,7274.0,7140.0,7688.0,6548.0,1115,3365,7178.0,1,7180.0,22,7190.0,6,7194.0,1,7198.0,2,7208.0,1,7220.0,13,7228.0,1,7232.0,4,7236.0,12,7204.0
SM502,,13:45:01.250#,7194.0,7274.0,7140.0,7688.0,6548.0,1115,3365,7178.0,1,7180.0,22,7190.0,6,7194.0,1,7196.0,3,7208.0,5,7220.0,13,7228.0,1,7232.0,4,7236.0,12,7204.0
SM502,,13:45:02.500#,7194.0,7274.0,7140.0,7688.0,6548.0,1115,3365,7178.0,1,7180.0,22,7190.0,6,7194.0,1,7196.0,3,7206.0,1,7220.0,13,7228.0,1,7232.0,4,7236.0,12,7204.0
SM502,,13:45:07.0#,7194.0,7274.0,7140.0,7688.0,6548.0,1115,3365,7178.0,1,7180.0,22,7190.0,6,7194.0,1,7196.0,3,7208.0,5,7220.0,13,7228.0,1,7232.0,4,7236.0,12,7204.0
SM502,,13:45:11.500#,7194.0,7274.0,7140.0,7688.0,6548.0,1115,3365,7178.0,1,7180.0,22,7190.0,6,7194.0,1,7196.0,2,7208.0,5,7220.0,13,7228.0,1,7232.0,4,7236.0,12,7204.0
SM502,,13:45:17.500#,7194.0,7274.0,7140.0,7688.0,6548.0,1117,3365,7178.0,1,7180.0,22,7190.0,6,7194.0,1,7196.0,1,7206.0,3,7220.0,13,7228.0,1,7232.0,4,7236.0,12,7206.0
SM502,,13:45:18.0#,7194.0,7274.0,7140.0,7688.0,6548.0,1117,3365,7178.0,1,7180.0,22,7190.0,6,7194.0,1,7196.0,3,7208.0,3,7220.0,13,7228.0,1,7232.0,4,7236.0,12,7206.0
SM502,,13:45:22.0#,7194.0,7274.0,7140.0,7688.0,6548.0,1117,3365,7178.0,1,7180.0,21,7190.0,6,7194.0,1,7198.0,2,7208.0,1,7220.0,13,7228.0,1,7232.0,4,7236.0,12,7206.0
SM502,,13:45:22.250#,7194.0,7274.0,7140.0,7688.0,6548.0,1117,3365,7178.0,1,7180.0,21,7190.0,6,7194.0,1,7196.0,3,7208.0,3,7220.0,13,7228.0,1,7232.0,4,7236.0,12,7206.0
SM502,,13:45:22.500#,7194.0,7274.0,7140.0,7688.0,6548.0,1117,3365,7178.0,1,7180.0,21,7190.0,6,7194.0,1,7196.0,3,7208.0,2,7220.0,13,7228.0,1,7232.0,4,7236.0,12,7206.0
SM502,,13:45:29.0#,7194.0,7274.0,7140.0,7688.0,6548.0,1117,3365,7178.0,1,7180.0,21,7190.0,6,7194.0,1,7198.0,2,7210.0,3,7220.0,13,7228.0,1,7232.0,4,7236.0,12,7206.0
SM502,,13:45:29.250#,7194.0,7274.0,7140.0,7688.0,6548.0,1117,3365,7178.0,1,7180.0,21,7190.0,6,7194.0,1,7200.0,1,7210.0,3,7220.0,13,7228.0,1,7232.0,4,7236.0,12,7206.0
SM502,,13:45:30.250#,7194.0,7274.0,7140.0,7688.0,6548.0,1117,3365,7178.0,1,7180.0,21,7190.0,6,7194.0,1,7200.0,1,7210.0,2,7220.0,13,7228.0,1,7232.0,4,7236.0,12,7206.0
SM502,,13:45:31.250#,7194.0,7274.0,7140.0,7688.0,6548.0,1117,3365,7178.0,1,7180.0,21,7190.0,6,7194.0,1,7198.0,2,7210.0,2,7220.0,13,7228.0,1,7232.0,4,7236.0,12,7206.0
SM502,,13:45:35.500#,7194.0,7274.0,7140.0,7688.0,6548.0,1117,3365,7178.0,1,7180.0,21,7190.0,6,7194.0,1,7196.0,3,7208.0,2,7220.0,13,7228.0,1,7232.0,4,7236.0,12,7206.0
SM502,,13:45:36.0#,7194.0,7274.0,7140.0,7688.0,6548.0,1117,3365,7178.0,1,7180.0,21,7190.0,6,7194.0,1,7196.0,3,7208.0,3,7220.0,13,7228.0,1,7232.0,4,7236.0,12,7206.0
SM502,,13:45:36.250#,7194.0,7274.0,7140.0,7688.0,6548.0,1117,3365,7178.0,1,7180.0,21,7190.0,6,7194.0,1,7196.0,1,7206.0,2,7220.0,13,7228.0,1,7232.0,4,7236.0,12,7206.0
SM502,,13:45:50.500#,7194.0,7274.0,7140.0,7688.0,6548.0,1117,3365,7178.0,1,7180.0,21,7190.0,6,7194.0,1,7196.0,3,7208.0,3,7220.0,13,7228.0,1,7232.0,4,7236.0,12,7206.0
SM502,,13:45:50.750#,7194.0,7274.0,7140.0,7688.0,6548.0,1117,3365,7178.0,1,7180.0,21,7190.0,6,7194.0,1,7196.0,3,7208.0,2,7220.0,13,7228.0,1,7232.0,4,7236.0,12,7206.0
SM502,,13:45:51.0#,7194.0,7274.0,7140.0,7688.0,6548.0,1117,3365,7178.0,1,7180.0,21,7190.0,6,7194.0,1,7196.0,1,7206.0,2,7220.0,13,7228.0,1,7232.0,4,7236.0,12,7206.0
SM502,,13:45:54.0#,7194.0,7274.0,7140.0,7688.0,6548.0,1117,3365,7178.0,1,7180.0,21,7190.0,6,7194.0,1,7196.0,3,7208.0,3,7220.0,13,7228.0,1,7232.0,4,7236.0,12,7206.0
SM502,,13:46:02.500#,7194.0,7274.0,7140.0,7688.0,6548.0,1117,3365,7178.0,1,7180.0,21,7190.0,6,7194.0,1,7196.0,1,7206.0,2,7220.0,13,7228.0,1,7232.0,4,7236.0,12,7206.0
SM502,,13:46:02.750#,7194.0,7274.0,7140.0,7688.0,6548.0,1117,3365,7178.0,1,7180.0,21,7190.0,6,7194.0,1,7196.0,1,7206.0,3,7220.0,13,7228.0,1,7232.0,4,7236.0,12,7206.0
SM502,,13:46:07.750#,7194.0,7274.0,7140.0,7688.0,6548.0,1117,3365,7178.0,1,7180.0,21,7190.0,6,7194.0,1,7196.0,1,7204.0,2,7220.0,13,7228.0,1,7232.0,4,7236.0,12,7206.0
SM502,,13:46:08.250#,7194.0,7274.0,7140.0,7688.0,6548.0,1117,3365,7178.0,1,7180.0,21,7190.0,6,7194.0,1,7196.0,1,7204.0,2,7220.0,13,7228.0,1,7232.0,4,7236.0,12,7206.0
SM502,,13:46:09.750#,7194.0,7274.0,7140.0,7688.0,6548.0,1117,3365,7178.0,1,7180.0,21,7190.0,6,7194.0,1,7196.0,1,7204.0,2,7220.0,13,7228.0,1,7232.0,4,7236.0,12,7206.0
SM502,,13:46:15.750#,7194.0,7274.0,7140.0,7688.0,6548.0,1117,3365,7178.0,1,7180.0,21,7190.0,6,7194.0,1,7196.0,1,7206.0,3,7220.0,13,7228.0,1,7232.0,4,7236.0,12,7206.0
SM502,,13:46:18.500#,7194.0,7274.0,7140.0,7688.0,6548.0,1117,3365,7178.0,1,7180.0,21,7190.0,6,7194.0,1,7196.0,1,7206.0,2,7220.0,13,7228.0,1,7232.0,4,7236.0,12,7206.0
SM502,,13:46:18.750#,7194.0,7274.0,7140.0,7688.0,6548.0,1117,3365,7178.0,1,7180.0,21,7190.0,6,7194.0,1,7196.0,1,7204.0,2,7220.0,13,7228.0,1,7232.0,4,7236.0,12,7206.0
SM502,,13:46:22.750#,7194.0,7274.0,7140.0,7688.0,6548.0,1117,3365,7170.0,5,7178.0,1,7180.0,21,7190.0,6,7196.0,1,7204.0,2,7220.0,13,7228.0,1,7232.0,4,7236.0,12,7206.0
SM502,,13:46:24.0#,7194.0,7274.0,7140.0,7688.0,6548.0,1117,3365,7170.0,5,7178.0,1,7180.0,21,7190.0,6,7196.0,1,7202.0,2,7220.0,13,7228.0,1,7232.0,4,7236.0,12,7206.0
SM502,,13:46:26.500#,7194.0,7274.0,7140.0,7688.0,6548.0,1117,3365,7170.0,5,7178.0,1,7180.0,21,7190.0,6,7194.0,1,7202.0,2,7220.0,13,7228.0,1,7232.0,4,7236.0,12,7206.0
SM502,,13:46:32.750#,7194.0,7274.0,7140.0,7688.0,6548.0,1117,3365,7170.0,5,7178.0,1,7180.0,21,7190.0,6,7194.0,1,7200.0,1,7220.0,13,7228.0,1,7232.0,4,7236.0,12,7206.0
SM502,,13:46:33.0#,7194.0,7274.0,7140.0,7688.0,6548.0,1117,3365,7170.0,5,7178.0,1,7180.0,21,7190.0,6,7194.0,1,7200.0,2,7220.0,13,7228.0,1,7232.0,4,7236.0,12,7206.0
SM502,,13:46:37.0#,7194.0,7274.0,7140.0,7688.0,6548.0,1117,3365,7170.0,5,7178.0,1,7180.0,21,7190.0,2,7194.0,1,7200.0,2,7220.0,13,7228.0,1,7232.0,4,7236.0,12,7206.0
SM502,,13:46:40.750#,7194.0,7274.0,7140.0,7688.0,6548.0,1117,3365,7170.0,5,7178.0,1,7180.0,21,7190.0,2,7194.0,1,7202.0,2,7220.0,13,7228.0,1,7232.0,4,7236.0,12,7206.0
SM502,,13:46:42.0#,7194.0,7274.0,7140.0,7688.0,6548.0,1117,3365,7170.0,5,7178.0,1,7180.0,21,7190.0,2,7194.0,1,7200.0,1,7220.0,13,7228.0,1,7232.0,4,7236.0,12,7206.0
SM502,,13:46:44.500#,7194.0,7274.0,7140.0,7688.0,6548.0,1117,3365,7170.0,5,7178.0,1,7180.0,21,7190.0,2,7192.0,1,7200.0,2,7220.0,13,7228.0,1,7232.0,4,7236.0,12,7206.0
SM502,,13:46:51.500#,7194.0,7274.0,7140.0,7688.0,6548.0,1117,3365,7170.0,5,7178.0,1,7180.0,21,7190.0,2,7192.0,2,7202.0,2,7220.0,13,7228.0,1,7232.0,4,7236.0,12,7206.0
SM502,,13:46:51.750#,7194.0,7274.0,7140.0,7688.0,6548.0,1117,3365,7178.0,1,7180.0,21,7188.0,1,7190.0,2,7194.0,1,7202.0,2,7220.0,13,7228.0,1,7232.0,4,7236.0,12,7206.0
SM502,,13:46:58.500#,7194.0,7274.0,7140.0,7688.0,6548.0,1117,3365,7178.0,1,7180.0,21,7188.0,1,7190.0,2,7194.0,1,7200.0,2,7220.0,13,7228.0,1,7232.0,4,7236.0,12,7206.0
SM502,,13:46:59.0#,7194.0,7274.0,7140.0,7688.0,6548.0,1117,3365,7178.0,1,7180.0,21,7188.0,1,7190.0,2,7192.0,1,7200.0,2,7220.0,13,7228.0,1,7232.0,4,7236.0,12,7206.0
SM502,,13:47:02.0#,7194.0,7274.0,7140.0,7688.0,6548.0,1117,3365,7178.0,1,7180.0,21,7188.0,1,7190.0,2,7192.0,1,7198.0,2,7220.0,13,7228.0,1,7232.0,4,7236.0,12,7206.0
SM502,,13:47:02.250#,7194.0,7274.0,7140.0,7688.0,6548.0,1117,3365,7172.0,13,7178.0,1,7180.0,8,7188.0,1,7190.0,4,7198.0,2,7220.0,13,7228.0,1,7232.0,4,7236.0,1,7206.0
SM502,,13:47:02.500#,7194.0,7274.0,7140.0,7688.0,6548.0,1117,3365,7172.0,13,7178.0,1,7180.0,8,7188.0,1,7190.0,4,7198.0,2,7220.0,13,7226.0,11,7228.0,1,7232.0,4,7206.0
SM502,,13:47:02.750#,7194.0,7274.0,7140.0,7688.0,6548.0,1117,3365,7172.0,13,7178.0,1,7180.0,8,7188.0,1,7190.0,4,7196.0,2,7220.0,13,7226.0,11,7228.0,1,7232.0,4,7206.0
SM502,,13:47:03.0#,7194.0,7274.0,7140.0,7688.0,6548.0,1117,3365,7172.0,13,7178.0,1,7180.0,8,7188.0,1,7190.0,5,7200.0,3,7220.0,13,7226.0,11,7228.0,1,7232.0,4,7206.0
SM502,,13:47:03.250#,7194.0,7274.0,7140.0,7688.0,6548.0,1117,3365,7172.0,13,7178.0,1,7180.0,8,7188.0,1,7190.0,4,7198.0,2,7220.0,13,7226.0,11,7228.0,1,7232.0,4,7206.0
SM502,,13:47:03.500#,7194.0,7274.0,7140.0,7688.0,6548.0,1117,3365,7172.0,13,7178.0,1,7180.0,8,7188.0,1,7190.0,4,7200.0,3,7220.0,13,7226.0,11,7228.0,1,7232.0,4,7206.0
SM502,,13:47:03.750#,7194.0,7274.0,7140.0,7688.0,6548.0,1117,3365,7170.0,5,7172.0,13,7178.0,1,7180.0,8,7190.0,4,7198.0,2,7220.0,13,7226.0,11,7228.0,1,7232.0,4,7206.0
SM502,,13:47:05.0#,7194.0,7274.0,7140.0,7688.0,6548.0,1117,3365,7170.0,5,7172.0,13,7178.0,1,7180.0,8,7190.0,4,7198.0,1,7220.0,13,7226.0,11,7228.0,1,7232.0,4,7206.0
SM502,,13:47:05.250#,7194.0,7274.0,7140.0,7688.0,6548.0,1117,3365,7170.0,5,7172.0,13,7178.0,1,7180.0,8,7190.0,4,7198.0,2,7220.0,13,7226.0,11,7228.0,1,7232.0,4,7206.0
SM502,,13:47:08.0#,7194.0,7274.0,7140.0,7688.0,6548.0,1117,3365,7170.0,5,7172.0,13,7178.0,1,7180.0,8,7190.0,4,7196.0,2,7220.0,13,7226.0,11,7228.0,1,7232.0,4,7206.0
SM502,,13:47:12.0#,7194.0,7274.0,7140.0,7688.0,6548.0,1117,3365,7170.0,5,7172.0,13,7178.0,1,7180.0,8,7190.0,2,7196.0,2,7220.0,13,7226.0,11,7228.0,1,7232.0,4,7206.0
SM502,,13:47:13.750#,7194.0,7274.0,7140.0,7688.0,6548.0,1117,3365,7170.0,5,7172.0,13,7178.0,1,7180.0,8,7190.0,2,7194.0,2,7220.0,13,7226.0,11,7228.0,1,7232.0,4,7206.0
SM502,,13:47:14.250#,7194.0,7274.0,7140.0,7688.0,6548.0,1117,3365,7170.0,5,7172.0,13,7178.0,1,7180.0,8,7190.0,2,7194.0,2,7220.0,13,7226.0,11,7228.0,1,7232.0,4,7206.0
SM502,,13:47:16.250#,7194.0,7274.0,7140.0,7688.0,6548.0,1117,3365,7170.0,5,7172.0,13,7178.0,1,7180.0,8,7190.0,2,7194.0,2,7220.0,13,7226.0,11,7228.0,1,7232.0,4,7206.0
SM502,,13:47:20.0#,7194.0,7274.0,7140.0,7688.0,6548.0,1117,3365,7170.0,5,7172.0,13,7178.0,1,7180.0,8,7190.0,2,7192.0,2,7220.0,13,7226.0,11,7228.0,1,7232.0,4,7206.0
SM502,,13:47:20.750#,7194.0,7274.0,7140.0,7688.0,6548.0,1117,3365,7170.0,5,7172.0,13,7178.0,1,7180.0,8,7190.0,2,7194.0,2,7220.0,13,7226.0,11,7228.0,1,7232.0,4,7206.0
SM502,,13:47:21.500#,7194.0,7274.0,7140.0,7688.0,6548.0,1117,3365,7170.0,5,7172.0,13,7178.0,1,7180.0,8,7190.0,2,7196.0,2,7220.0,13,7226.0,11,7228.0,1,7232.0,4,7206.0
SM502,,13:47:21.750#,7194.0,7274.0,7140.0,7688.0,6548.0,1117,3365,7170.0,5,7172.0,13,7178.0,1,7180.0,8,7190.0,2,7200.0,2,7220.0,13,7226.0,11,7228.0,1,7232.0,4,7206.0
SM502,,13:47:22.0#,7194.0,7274.0,7140.0,7688.0,6548.0,1117,3365,7170.0,5,7172.0,13,7178.0,1,7180.0,8,7190.0,3,7200.0,2,7220.0,13,7226.0,11,7228.0,1,7232.0,4,7206.0
SM502,,13:47:22.500#,7194.0,7274.0,7140.0,7688.0,6548.0,1117,3365,7172.0,13,7178.0,1,7180.0,8,7190.0,2,7192.0,1,7200.0,2,7220.0,13,7226.0,11,7228.0,1,7232.0,4,7206.0
SM502,,13:47:25.0#,7194.0,7274.0,7140.0,7688.0,6548.0,1117,3365,7172.0,13,7178.0,1,7180.0,8,7190.0,2,7192.0,2,7202.0,2,7220.0,13,7226.0,11,7228.0,1,7232.0,4,7206.0
SM502,,13:47:26.0#,7194.0,7274.0,7140.0,7688.0,6548.0,1117,3365,7170.0,5,7172.0,13,7178.0,1,7180.0,8,7190.0,2,7196.0,2,7220.0,13,7226.0,11,7228.0,1,7232.0,4,7206.0
SM502,,13:47:27.0#,7194.0,7274.0,7140.0,7688.0,6548.0,1117,3365,7170.0,5,7172.0,13,7178.0,1,7180.0,8,7190.0,3,7196.0,2,7220.0,13,7226.0,11,7228.0,1,7232.0,4,7206.0
SM502,,13:47:27.500#,7194.0,7274.0,7140.0,7688.0,6548.0,1117,3365,7172.0,13,7178.0,1,7180.0,8,7190.0,2,7192.0,1,7196.0,2,7220.0,13,7226.0,11,7228.0,1,7232.0,4,7206.0
SM502,,13:47:28.500#,7194.0,7274.0,7140.0,7688.0,6548.0,1117,3365,7172.0,13,7178.0,1,7180.0,8,7190.0,2,7192.0,1,7196.0,1,7220.0,13,7226.0,11,7228.0,1,7232.0,4,7206.0
SM502,,13:47:28.750#,7194.0,7274.0,7140.0,7688.0,6548.0,1117,3365,7172.0,13,7178.0,1,7180.0,8,7190.0,2,7194.0,1,7198.0,1,7220.0,13,7226.0,11,7228.0,1,7232.0,4,7206.0
SM502,,13:47:29.0#,7194.0,7274.0,7140.0,7688.0,6548.0,1117,3365,7172.0,13,7178.0,1,7180.0,8,7190.0,2,7196.0,1,7200.0,1,7220.0,13,7226.0,11,7228.0,1,7232.0,4,7206.0
SM502,,13:47:29.250#,7194.0,7274.0,7140.0,7688.0,6548.0,1117,3365,7172.0,13,7178.0,1,7180.0,8,7190.0,2,7194.0,1,7200.0,1,7220.0,13,7226.0,11,7228.0,1,7232.0,4,7206.0
SM502,,13:47:29.500#,7194.0,7274.0,7140.0,7688.0,6548.0,1117,3365,7172.0,13,7178.0,1,7180.0,8,7190.0,2,7196.0,1,7200.0,1,7220.0,13,7226.0,11,7228.0,1,7232.0,4,7206.0
SM502,,13:47:29.750#,7194.0,7274.0,7140.0,7688.0,6548.0,1117,3365,7172.0,13,7178.0,1,7180.0,8,7190.0,2,7192.0,1,7202.0,2,7220.0,13,7226.0,11,7228.0,1,7232.0,4,7206.0
SM502,,13:47:30.0#,7194.0,7274.0,7140.0,7688.0,6548.0,1117,3365,7172.0,13,7178.0,1,7180.0,8,7190.0,2,7192.0,2,7202.0,2,7220.0,13,7226.0,11,7228.0,1,7232.0,4,7206.0
SM502,,13:47:30.500#,7194.0,7274.0,7140.0,7688.0,6548.0,1117,3365,7172.0,13,7178.0,1,7180.0,8,7190.0,2,7192.0,1,7202.0,2,7220.0,13,7226.0,11,7228.0,1,7232.0,4,7206.0
SM502,,13:47:30.750#,7194.0,7274.0,7140.0,7688.0,6548.0,1117,3365,7172.0,13,7178.0,1,7180.0,8,7190.0,2,7192.0,2,7202.0,2,7220.0,13,7226.0,11,7228.0,1,7232.0,4,7206.0
SM502,,13:47:31.250#,7194.0,7274.0,7140.0,7688.0,6548.0,1117,3365,7178.0,1,7180.0,8,7188.0,1,7190.0,2,7192.0,2,7202.0,2,7220.0,13,7226.0,11,7228.0,1,7232.0,4,7206.0
SM502,,13:47:31.500#,7194.0,7274.0,7140.0,7688.0,6548.0,1117,3365,7178.0,1,7180.0,8,7188.0,1,7190.0,2,7192.0,1,7202.0,2,7220.0,13,7226.0,11,7228.0,1,7232.0,4,7206.0
SM502,,13:47:31.750#,7194.0,7274.0,7140.0,7688.0,6548.0,1117,3365,7178.0,1,7180.0,8,7188.0,1,7190.0,2,7192.0,2,7202.0,2,7220.0,13,7226.0,11,7228.0,1,7232.0,4,7206.0
SM502,,13:47:32.500#,7194.0,7274.0,7140.0,7688.0,6548.0,1117,3365,7178.0,1,7180.0,8,7188.0,1,7190.0,2,7194.0,1,7202.0,2,7220.0,13,7226.0,11,7228.0,1,7232.0,4,7206.0
SM502,,13:47:38.750#,7194.0,7274.0,7140.0,7688.0,6548.0,1117,3365,7178.0,1,7180.0,8,7188.0,1,7190.0,2,7194.0,2,7204.0,3,7220.0,13,7226.0,11,7228.0,1,7232.0,4,7206.0
SM502,,13:47:39.0#,7194.0,7274.0,7140.0,7688.0,6548.0,1117,3365,7178.0,1,7180.0,8,7188.0,1,7190.0,2,7196.0,1,7204.0,2,7220.0,13,7228.0,1,7232.0,4,7236.0,1,7206.0
SM502,,13:47:39.250#,7194.0,7274.0,7140.0,7688.0,6548.0,1117,3365,7178.0,1,7180.0,8,7188.0,1,7190.0,2,7194.0,2,7204.0,2,7220.0,13,7228.0,1,7232.0,15,7236.0,1,7206.0
SM502,,13:47:42.250#,7194.0,7274.0,7140.0,7688.0,6548.0,1117,3365,7178.0,1,7180.0,8,7188.0,1,7190.0,2,7194.0,1,7202.0,2,7220.0,13,7228.0,1,7232.0,15,7236.0,1,7206.0
SM502,,13:47:43.0#,7194.0,7274.0,7140.0,7688.0,6548.0,1117,3365,7178.0,1,7180.0,8,7188.0,1,7190.0,2,7194.0,2,7204.0,3,7220.0,13,7228.0,1,7232.0,15,7236.0,1,7206.0
SM502,,13:47:43.250#,7194.0,7274.0,7140.0,7688.0,6548.0,1117,3365,7178.0,1,7180.0,8,7188.0,1,7190.0,2,7194.0,2,7204.0,2,7220.0,13,7228.0,1,7232.0,15,7236.0,1,7206.0
SM502,,13:47:43.500#,7194.0,7274.0,7140.0,7688.0,6548.0,1117,3365,7178.0,1,7180.0,8,7188.0,1,7190.0,1,7196.0,1,7204.0,3,7220.0,13,7228.0,1,7232.0,15,7236.0,1,7206.0
SM502,,13:47:48.750#,7194.0,7274.0,7140.0,7688.0,6548.0,1117,3365,7178.0,1,7180.0,8,7188.0,1,7190.0,1,7196.0,1,7204.0,1,7220.0,13,7228.0,1,7232.0,15,7236.0,1,7206.0
SM502,,13:47:49.750#,7194.0,7274.0,7140.0,7688.0,6548.0,1117,3365,7178.0,1,7180.0,8,7188.0,1,7190.0,1,7196.0,1,7204.0,3,7220.0,13,7228.0,1,7232.0,15,7236.0,1,7206.0
SM502,,13:47:51.250#,7194.0,7274.0,7140.0,7688.0,6548.0,1117,3365,7178.0,1,7180.0,8,7188.0,1,7190.0,1,7196.0,1,7204.0,1,7220.0,13,7228.0,1,7232.0,15,7236.0,1,7206.0
SM502,,13:47:51.500#,7194.0,7274.0,7140.0,7688.0,6548.0,1117,3365,7178.0,1,7180.0,8,7188.0,1,7190.0,1,7196.0,1,7204.0,3,7220.0,13,7228.0,1,7232.0,15,7236.0,1,7206.0
SM502,,13:47:55.250#,7194.0,7274.0,7140.0,7688.0,6548.0,1117,3365,7178.0,1,7180.0,8,7188.0,1,7190.0,1,7196.0,2,7204.0,1,7220.0,13,7228.0,1,7232.0,15,7236.0,1,7206.0
SM502,,13:47:55.750#,7194.0,7274.0,7140.0,7688.0,6548.0,1117,3365,7178.0,1,7180.0,8,7190.0,1,7192.0,1,7196.0,1,7204.0,3,7220.0,13,7228.0,1,7232.0,15,7236.0,1,7206.0
SM502,,13:47:56.0#,7194.0,7274.0,7140.0,7688.0,6548.0,1117,3365,7178.0,1,7180.0,8,7190.0,1,7192.0,1,7196.0,1,7206.0,3,7220.0,13,7228.0,1,7232.0,15,7236.0,1,7206.0
SM502,,13:47:56.250#,7194.0,7274.0,7140.0,7688.0,6548.0,1117,3365,7178.0,1,7180.0,8,7190.0,1,7192.0,1,7196.0,1,7204.0,3,7220.0,13,7228.0,1,7232.0,15,7236.0,1,7206.0
SM502,,13:47:57.250#,7194.0,7274.0,7140.0,7688.0,6548.0,1117,3365,7178.0,1,7180.0,8,7190.0,1,7192.0,1,7196.0,1,7204.0,2,7220.0,13,7228.0,1,7232.0,15,7236.0,1,7206.0
SM502,,13:47:57.750#,7194.0,7274.0,7140.0,7688.0,6548.0,1117,3365,7178.0,1,7180.0,8,7190.0,1,7192.0,1,7196.0,1,7204.0,3,7220.0,13,7228.0,1,7232.0,15,7236.0,1,7206.0
SM502,,13:47:58.750#,7194.0,7274.0,7140.0,7688.0,6548.0,1117,3365,7178.0,1,7180.0,8,7190.0,1,7192.0,1,7196.0,1,7204.0,2,7220.0,13,7228.0,1,7232.0,15,7236.0,1,7206.0
SM502,,13:48:02.250#,7194.0,7274.0,7140.0,7688.0,6548.0,1117,3365,7178.0,1,7180.0,8,7190.0,1,7192.0,1,7196.0,2,7204.0,1,7220.0,13,7228.0,1,7232.0,15,7236.0,1,7206.0
SM502,,13:48:02.750#,7194.0,7274.0,7140.0,7688.0,6548.0,1117,3365,7178.0,1,7180.0,8,7190.0,1,7192.0,1,7196.0,2,7206.0,3,7220.0,13,7228.0,1,7232.0,15,7236.0,1,7206.0
SM502,,13:48:03.750#,7194.0,7274.0,7140.0,7688.0,6548.0,1117,3365,7178.0,1,7180.0,8,7190.0,1,7192.0,1,7196.0,3,7206.0,3,7220.0,13,7228.0,1,7232.0,15,7236.0,1,7206.0
SM502,,13:48:04.750#,7194.0,7274.0,7140.0,7688.0,6548.0,1117,3365,7178.0,1,7180.0,8,7190.0,1,7192.0,1,7196.0,2,7206.0,3,7220.0,13,7228.0,1,7232.0,15,7236.0,1,7206.0
SM502,,13:48:08.500#,7194.0,7274.0,7140.0,7688.0,6548.0,1117,3365,7178.0,1,7180.0,8,7190.0,1,7192.0,1,7196.0,2,7204.0,1,7220.0,13,7228.0,1,7232.0,15,7236.0,1,7206.0
SM502,,13:48:09.250#,7194.0,7274.0,7140.0,7688.0,6548.0,1117,3365,7178.0,1,7180.0,8,7190.0,1,7192.0,1,7196.0,1,7204.0,1,7220.0,13,7228.0,1,7232.0,15,7236.0,1,7206.0
SM502,,13:48:09.500#,7194.0,7274.0,7140.0,7688.0,6548.0,1117,3365,7178.0,1,7180.0,8,7190.0,1,7192.0,1,7196.0,1,7204.0,3,7220.0,13,7228.0,1,7232.0,15,7236.0,1,7206.0
SM502,,13:48:11.500#,7194.0,7274.0,7140.0,7688.0,6548.0,1117,3365,7178.0,1,7180.0,8,7190.0,1,7192.0,1,7196.0,1,7202.0,3,7220.0,13,7228.0,1,7232.0,15,7236.0,1,7206.0
SM502,,13:48:15.0#,7194.0,7274.0,7140.0,7688.0,6548.0,1117,3365,7178.0,1,7180.0,8,7190.0,1,7192.0,1,7196.0,1,7202.0,1,7220.0,13,7228.0,1,7232.0,15,7236.0,1,7206.0
SM502,,13:48:16.0#,7194.0,7274.0,7140.0,7688.0,6548.0,1117,3365,7178.0,1,7180.0,8,7190.0,1,7192.0,1,7196.0,1,7204.0,2,7220.0,13,7228.0,1,7232.0,15,7236.0,1,7206.0
SM502,,13:48:16.250#,7194.0,7274.0,7140.0,7688.0,6548.0,1117,3365,7178.0,1,7180.0,8,7190.0,1,7192.0,1,7196.0,1,7204.0,3,7220.0,13,7228.0,1,7232.0,15,7236.0,1,7206.0
SM502,,13:48:17.750#,7194.0,7274.0,7140.0,7688.0,6548.0,1117,3365,7178.0,1,7180.0,8,7190.0,1,7192.0,1,7196.0,1,7202.0,2,7220.0,13,7228.0,1,7232.0,15,7236.0,1,7206.0
SM502,,13:48:18.500#,7194.0,7274.0,7140.0,7688.0,6548.0,1117,3365,7178.0,1,7180.0,8,7190.0,1,7192.0,1,7196.0,1,7204.0,3,7220.0,13,7228.0,1,7232.0,15,7236.0,1,7206.0
SM502,,13:48:19.0#,7194.0,7274.0,7140.0,7688.0,6548.0,1117,3365,7178.0,1,7180.0,8,7190.0,1,7192.0,1,7196.0,1,7202.0,2,7220.0,13,7228.0,1,7232.0,15,7236.0,1,7206.0
SM502,,13:48:20.0#,7194.0,7274.0,7140.0,7688.0,6548.0,1117,3365,7178.0,1,7180.0,8,7190.0,1,7192.0,1,7196.0,1,7204.0,3,7220.0,13,7228.0,1,7232.0,15,7236.0,1,7206.0
SM502,,13:48:21.0#,7194.0,7274.0,7140.0,7688.0,6548.0,1117,3365,7178.0,1,7180.0,8,7190.0,1,7192.0,1,7196.0,1,7202.0,2,7220.0,13,7228.0,1,7232.0,15,7236.0,1,7206.0
SM502,,13:48:27.250#,7194.0,7274.0,7140.0,7688.0,6548.0,1117,3365,7178.0,1,7180.0,8,7190.0,1,7192.0,1,7196.0,1,7202.0,1,7220.0,13,7228.0,1,7232.0,15,7236.0,1,7206.0
SM502,,13:48:28.250#,7194.0,7274.0,7140.0,7688.0,6548.0,1117,3365,7178.0,1,7180.0,8,7190.0,1,7192.0,1,7196.0,1,7204.0,4,7220.0,13,7228.0,1,7232.0,15,7236.0,1,7206.0
SM502,,13:48:29.0#,7194.0,7274.0,7140.0,7688.0,6548.0,1117,3365,7178.0,1,7180.0,8,7190.0,1,7192.0,1,7196.0,1,7204.0,3,7220.0,13,7228.0,1,7232.0,15,7236.0,1,7206.0
SM502,,13:48:29.250#,7194.0,7274.0,7140.0,7688.0,6548.0,1117,3365,7178.0,1,7180.0,8,7190.0,1,7192.0,1,7196.0,2,7204.0,3,7220.0,13,7228.0,1,7232.0,15,7236.0,1,7206.0
SM502,,13:48:44.500#,7194.0,7274.0,7140.0,7688.0,6548.0,1117,3365,7178.0,1,7180.0,8,7190.0,1,7192.0,1,7196.0,2,7204.0,2,7220.0,13,7228.0,1,7232.0,15,7236.0,1,7206.0
SM502,,13:48:47.500#,7194.0,7274.0,7140.0,7688.0,6548.0,1117,3365,7180.0,8,7190.0,1,7192.0,1,7196.0,1,7202.0,1,7204.0,2,7220.0,13,7228.0,1,7232.0,15,7236.0,1,7206.0
SM502,,13:48:47.750#,7194.0,7274.0,7140.0,7688.0,6548.0,1117,3365,7180.0,8,7190.0,5,7192.0,1,7196.0,1,7202.0,1,7204.0,2,7220.0,13,7228.0,1,7232.0,15,7236.0,1,7206.0
SM502,,13:48:48.0#,7194.0,7274.0,7140.0,7688.0,6548.0,1117,3365,7180.0,8,7190.0,5,7192.0,1,7196.0,1,7202.0,1,7204.0,2,7220.0,13,7228.0,1,7232.0,15,7236.0,1,7206.0
SM502,,13:48:50.250#,7194.0,7274.0,7140.0,7688.0,6548.0,1117,3365,7178.0,1,7180.0,8,7190.0,5,7192.0,1,7196.0,1,7204.0,2,7220.0,13,7228.0,1,7232.0,15,7236.0,1,7206.0
SM502,,13:48:50.500#,7194.0,7274.0,7140.0,7688.0,6548.0,1117,3365,7178.0,1,7180.0,8,7190.0,5,7192.0,1,7196.0,2,7204.0,2,7220.0,13,7228.0,1,7232.0,15,7236.0,1,7206.0
SM502,,13:48:50.750#,7194.0,7274.0,7140.0,7688.0,6548.0,1117,3365,7178.0,1,7180.0,8,7190.0,5,7192.0,1,7196.0,2,7204.0,2,7220.0,13,7228.0,1,7232.0,15,7236.0,1,7206.0
SM502,,13:48:53.500#,7194.0,7274.0,7140.0,7688.0,6548.0,1117,3365,7178.0,1,7180.0,8,7190.0,5,7192.0,1,7196.0,3,7206.0,3,7220.0,13,7228.0,1,7232.0,15,7236.0,1,7206.0
SM502,,13:48:53.750#,7194.0,7274.0,7140.0,7688.0,6548.0,1117,3365,7178.0,1,7180.0,8,7190.0,5,7192.0,1,7196.0,3,7206.0,2,7220.0,13,7228.0,1,7232.0,15,7236.0,1,7206.0
SM502,,13:48:54.750#,7194.0,7274.0,7140.0,7688.0,6548.0,1117,3365,7178.0,1,7180.0,21,7190.0,5,7192.0,1,7196.0,3,7206.0,2,7220.0,13,7228.0,1,7232.0,15,7236.0,1,7206.0
SM502,,13:49:00.0#,7194.0,7274.0,7140.0,7688.0,6548.0,1117,3365,7180.0,21,7190.0,5,7192.0,1,7196.0,1,7198.0,1,7206.0,2,7220.0,13,7228.0,1,7232.0,15,7236.0,1,7206.0
SM502,,13:49:02.750#,7194.0,7274.0,7140.0,7688.0,6548.0,1117,3365,7178.0,1,7180.0,21,7190.0,5,7192.0,1,7196.0,2,7206.0,2,7220.0,13,7228.0,1,7232.0,15,7236.0,1,7206.0
SM502,,13:49:03.0#,7194.0,7274.0,7140.0,7688.0,6548.0,1117,3365,7178.0,1,7180.0,21,7190.0,5,7192.0,1,7196.0,3,7206.0,2,7220.0,13,7228.0,1,7232.0,15,7236.0,1,7206.0
SM502,,13:49:03.500#,7194.0,7274.0,7140.0,7688.0,6548.0,1117,3365,7178.0,1,7180.0,21,7190.0,5,7192.0,1,7196.0,2,7204.0,2,7220.0,13,7228.0,1,7232.0,15,7236.0,1,7206.0
SM502,,13:49:04.750#,7194.0,7274.0,7140.0,7688.0,6548.0,1117,3365,7178.0,1,7180.0,21,7190.0,5,7192.0,1,7196.0,2,7206.0,3,7220.0,13,7228.0,1,7232.0,15,7236.0,1,7206.0
SM502,,13:49:05.0#,7194.0,7274.0,7140.0,7688.0,6548.0,1117,3365,7178.0,1,7180.0,21,7190.0,5,7192.0,1,7196.0,2,7204.0,2,7220.0,13,7228.0,1,7232.0,15,7236.0,1,7206.0
SM502,,13:49:08.500#,7194.0,7274.0,7140.0,7688.0,6548.0,1117,3365,7178.0,1,7180.0,21,7190.0,5,7192.0,1,7196.0,2,7206.0,3,7220.0,13,7228.0,1,7232.0,15,7236.0,1,7206.0
SM502,,13:49:15.0#,7194.0,7274.0,7140.0,7688.0,6548.0,1117,3365,7178.0,1,7180.0,21,7190.0,5,7192.0,1,7196.0,3,7206.0,3,7220.0,13,7228.0,1,7232.0,15,7236.0,1,7206.0
SM502,,13:49:17.250#,7194.0,7274.0,7140.0,7688.0,6548.0,1117,3365,7178.0,1,7180.0,21,7190.0,5,7192.0,1,7196.0,3,7206.0,2,7220.0,13,7228.0,1,7232.0,15,7236.0,1,7206.0
SM502,,13:49:17.750#,7194.0,7274.0,7140.0,7688.0,6548.0,1117,3365,7178.0,1,7180.0,21,7190.0,5,7192.0,1,7196.0,2,7206.0,2,7220.0,13,7228.0,1,7232.0,15,7236.0,1,7206.0
SM502,,13:49:18.0#,7194.0,7274.0,7140.0,7688.0,6548.0,1117,3365,7178.0,1,7180.0,21,7190.0,5,7192.0,1,7196.0,2,7204.0,1,7220.0,13,7228.0,1,7232.0,15,7236.0,1,7206.0
SM502,,13:49:19.0#,7194.0,7274.0,7140.0,7688.0,6548.0,1117,3365,7178.0,1,7180.0,21,7190.0,5,7192.0,1,7196.0,2,7206.0,2,7220.0,13,7228.0,1,7232.0,15,7236.0,1,7206.0
SM502,,13:49:19.500#,7194.0,7274.0,7140.0,7688.0,6548.0,1117,3365,7178.0,1,7180.0,21,7190.0,5,7192.0,1,7196.0,3,7206.0,2,7220.0,13,7228.0,1,7232.0,15,7236.0,1,7206.0
SM502,,13:49:21.250#,7194.0,7274.0,7140.0,7688.0,6548.0,1117,3365,7178.0,1,7180.0,21,7190.0,5,7192.0,1,7196.0,2,7206.0,2,7220.0,13,7228.0,1,7232.0,15,7236.0,1,7206.0
SM502,,13:49:21.750#,7194.0,7274.0,7140.0,7688.0,6548.0,1117,3365,7178.0,1,7180.0,21,7190.0,5,7192.0,1,7196.0,2,7204.0,1,7220.0,13,7228.0,1,7232.0,15,7236.0,1,7206.0
SM502,,13:49:23.250#,7194.0,7274.0,7140.0,7688.0,6548.0,1117,3365,7178.0,1,7180.0,21,7190.0,5,7192.0,1,7196.0,3,7206.0,2,7220.0,13,7228.0,1,7232.0,15,7236.0,1,7206.0
