InstrumentId,ExchangeId,Datetime,OpenPrice,HighestPrice,LowestPrice,UpperLimitPrice,LowerLimitPrice,Volume,OpenInterest,BidPrice5,BidVolume5,BidPrice4,BidVolume4,BidPrice3,BidVolume3,BidPrice2,BidVolume2,BidPrice1,BidVolume1,AskPrice1,AskVolume1,AskPrice2,AskVolume2,AskPrice3,AskVolume3,AskPrice4,AskVolume4,AskPrice5,AskVolume5,LastPrice
SM501,,13:38:35.250#,7292.0,7370.0,7232.0,7938.0,6494.0,166409,300824,7282.0,65,7284.0,8,7286.0,6,7288.0,29,7290.0,35,7292.0,15,7294.0,1,7296.0,6,7298.0,1,7300.0,37,7290.0
SM501,,13:38:35.500#,7292.0,7370.0,7232.0,7938.0,6494.0,166425,300813,7282.0,65,7284.0,8,7286.0,6,7288.0,29,7290.0,31,7294.0,1,7296.0,7,7298.0,1,7300.0,37,7302.0,28,7292.0
SM501,,13:38:36.0#,7292.0,7370.0,7232.0,7938.0,6494.0,166430,300818,7284.0,8,7286.0,6,7288.0,29,7290.0,25,7292.0,1,7294.0,1,7296.0,7,7298.0,1,7300.0,37,7302.0,28,7290.0
SM501,,13:38:36.250#,7292.0,7370.0,7232.0,7938.0,6494.0,166431,300817,7282.0,65,7284.0,8,7286.0,6,7288.0,29,7290.0,26,7292.0,2,7294.0,1,7296.0,7,7298.0,1,7300.0,17,7292.0
SM501,,13:38:36.500#,7292.0,7370.0,7232.0,7938.0,6494.0,166431,300817,7282.0,65,7284.0,8,7286.0,6,7288.0,29,7290.0,25,7292.0,2,7294.0,4,7296.0,7,7298.0,1,7300.0,17,7292.0
SM501,,13:38:36.750#,7292.0,7370.0,7232.0,7938.0,6494.0,166431,300817,7282.0,65,7284.0,8,7286.0,6,7288.0,29,7290.0,25,7292.0,3,7294.0,4,7296.0,7,7298.0,1,7300.0,17,7292.0
SM501,,13:38:37.0#,7292.0,7370.0,7232.0,7938.0,6494.0,166433,300819,7282.0,65,7284.0,8,7286.0,6,7288.0,29,7290.0,23,7292.0,3,7294.0,4,7296.0,7,7298.0,1,7300.0,17,7290.0
SM501,,13:38:37.250#,7292.0,7370.0,7232.0,7938.0,6494.0,166440,300820,7282.0,65,7284.0,8,7286.0,6,7288.0,29,7290.0,16,7292.0,4,7294.0,4,7296.0,7,7298.0,1,7300.0,17,7290.0
SM501,,13:38:37.750#,7292.0,7370.0,7232.0,7938.0,6494.0,166480,300838,7280.0,120,7282.0,65,7284.0,8,7286.0,6,7288.0,19,7292.0,4,7294.0,4,7296.0,7,7298.0,1,7300.0,17,7288.0
SM501,,13:38:38.0#,7292.0,7370.0,7232.0,7938.0,6494.0,166482,300836,7280.0,120,7282.0,65,7284.0,8,7286.0,6,7288.0,16,7290.0,5,7292.0,2,7294.0,4,7296.0,7,7298.0,1,7292.0
SM501,,13:38:38.250#,7292.0,7370.0,7232.0,7938.0,6494.0,166490,300832,7280.0,120,7282.0,65,7284.0,8,7286.0,6,7288.0,8,7290.0,5,7292.0,2,7294.0,4,7296.0,7,7298.0,1,7288.0
SM501,,13:38:38.500#,7292.0,7370.0,7232.0,7938.0,6494.0,166494,300832,7280.0,120,7282.0,65,7284.0,8,7286.0,6,7288.0,8,7290.0,2,7292.0,1,7294.0,5,7296.0,6,7298.0,1,7290.0
SM501,,13:38:38.750#,7292.0,7370.0,7232.0,7938.0,6494.0,166494,300832,7280.0,120,7282.0,65,7284.0,8,7286.0,6,7288.0,8,7290.0,2,7292.0,1,7294.0,5,7296.0,6,7298.0,2,7290.0
SM501,,13:38:39.0#,7292.0,7370.0,7232.0,7938.0,6494.0,166502,300831,7278.0,119,7280.0,120,7282.0,65,7284.0,8,7286.0,18,7288.0,35,7290.0,2,7292.0,6,7294.0,5,7296.0,6,7288.0
SM501,,13:38:39.250#,7292.0,7370.0,7232.0,7938.0,6494.0,166525,300831,7278.0,119,7280.0,120,7282.0,61,7284.0,8,7286.0,13,7288.0,12,7290.0,2,7292.0,6,7294.0,5,7296.0,6,7288.0
SM501,,13:38:39.500#,7292.0,7370.0,7232.0,7938.0,6494.0,166534,300822,7278.0,119,7280.0,120,7282.0,58,7284.0,8,7286.0,17,7288.0,4,7290.0,1,7292.0,6,7294.0,5,7296.0,6,7288.0
SM501,,13:38:39.750#,7292.0,7370.0,7232.0,7938.0,6494.0,166541,300820,7280.0,120,7282.0,58,7284.0,8,7286.0,11,7288.0,17,7290.0,1,7292.0,6,7294.0,5,7296.0,6,7298.0,2,7288.0
SM501,,13:38:40.0#,7292.0,7370.0,7232.0,7938.0,6494.0,166551,300815,7280.0,120,7282.0,58,7284.0,8,7286.0,11,7288.0,7,7290.0,1,7292.0,6,7294.0,5,7296.0,4,7298.0,6,7288.0
SM501,,13:38:40.250#,7292.0,7370.0,7232.0,7938.0,6494.0,166558,300809,7278.0,119,7280.0,120,7282.0,58,7284.0,8,7286.0,27,7288.0,2,7290.0,1,7292.0,6,7294.0,5,7296.0,4,7288.0
SM501,,13:38:40.500#,7292.0,7370.0,7232.0,7938.0,6494.0,166560,300811,7280.0,120,7282.0,58,7284.0,8,7286.0,10,7288.0,7,7290.0,1,7292.0,6,7294.0,5,7296.0,4,7298.0,6,7288.0
SM501,,13:38:40.750#,7292.0,7370.0,7232.0,7938.0,6494.0,166565,300816,7280.0,120,7282.0,58,7284.0,8,7286.0,10,7288.0,2,7290.0,1,7292.0,6,7294.0,5,7296.0,4,7298.0,6,7288.0
SM501,,13:38:41.250#,7292.0,7370.0,7232.0,7938.0,6494.0,166572,300822,7278.0,119,7280.0,120,7282.0,58,7284.0,8,7286.0,21,7290.0,1,7292.0,6,7294.0,5,7296.0,4,7298.0,6,7286.0
SM501,,13:38:41.500#,7292.0,7370.0,7232.0,7938.0,6494.0,166626,300803,7276.0,14,7278.0,119,7280.0,120,7282.0,58,7284.0,16,7286.0,7,7288.0,19,7292.0,6,7294.0,5,7296.0,4,7284.0
SM501,,13:38:41.750#,7292.0,7370.0,7232.0,7938.0,6494.0,166637,300804,7276.0,14,7278.0,120,7280.0,120,7282.0,58,7284.0,15,7286.0,1,7288.0,19,7292.0,7,7294.0,5,7296.0,4,7284.0
SM501,,13:38:42.0#,7292.0,7370.0,7232.0,7938.0,6494.0,166675,300785,7276.0,14,7278.0,120,7280.0,120,7282.0,57,7284.0,8,7288.0,8,7292.0,9,7294.0,5,7296.0,2,7298.0,2,7288.0
SM501,,13:38:42.250#,7292.0,7370.0,7232.0,7938.0,6494.0,166719,300761,7276.0,14,7278.0,120,7280.0,120,7282.0,57,7284.0,8,7288.0,8,7292.0,9,7294.0,5,7296.0,2,7298.0,2,7284.0
SM501,,13:38:42.500#,7292.0,7370.0,7232.0,7938.0,6494.0,166737,300750,7274.0,35,7276.0,14,7278.0,120,7280.0,120,7282.0,64,7284.0,26,7288.0,8,7290.0,1,7292.0,9,7294.0,5,7284.0
SM501,,13:38:42.750#,7292.0,7370.0,7232.0,7938.0,6494.0,166749,300746,7274.0,35,7276.0,15,7278.0,120,7280.0,120,7282.0,58,7284.0,14,7288.0,12,7290.0,1,7292.0,7,7294.0,5,7284.0
SM501,,13:38:43.0#,7292.0,7370.0,7232.0,7938.0,6494.0,166750,300745,7274.0,35,7276.0,15,7278.0,120,7280.0,120,7282.0,58,7284.0,13,7288.0,12,7290.0,1,7292.0,7,7294.0,5,7284.0
SM501,,13:38:43.250#,7292.0,7370.0,7232.0,7938.0,6494.0,166751,300745,7274.0,35,7276.0,15,7278.0,120,7280.0,120,7282.0,57,7284.0,32,7286.0,1,7288.0,12,7290.0,1,7292.0,7,7284.0
SM501,,13:38:43.750#,7292.0,7370.0,7232.0,7938.0,6494.0,166752,300745,7274.0,35,7276.0,15,7278.0,120,7280.0,120,7282.0,67,7284.0,51,7286.0,1,7288.0,12,7290.0,1,7292.0,7,7284.0
SM501,,13:38:44.0#,7292.0,7370.0,7232.0,7938.0,6494.0,166760,300745,7274.0,35,7276.0,15,7278.0,120,7280.0,120,7282.0,74,7284.0,51,7286.0,2,7288.0,12,7290.0,1,7292.0,7,7282.0
SM501,,13:38:44.250#,7292.0,7370.0,7232.0,7938.0,6494.0,166765,300741,7274.0,35,7276.0,15,7278.0,120,7280.0,120,7282.0,70,7284.0,47,7286.0,2,7288.0,13,7290.0,1,7292.0,7,7284.0
SM501,,13:38:44.500#,7292.0,7370.0,7232.0,7938.0,6494.0,166804,300724,7274.0,35,7276.0,14,7278.0,120,7280.0,120,7282.0,69,7284.0,9,7286.0,6,7288.0,6,7290.0,2,7292.0,7,7284.0
SM501,,13:38:44.750#,7292.0,7370.0,7232.0,7938.0,6494.0,166813,300718,7276.0,14,7278.0,120,7280.0,120,7282.0,66,7284.0,26,7286.0,6,7288.0,6,7290.0,2,7292.0,7,7294.0,5,7284.0
SM501,,13:38:45.0#,7292.0,7370.0,7232.0,7938.0,6494.0,166827,300714,7276.0,14,7278.0,120,7280.0,120,7282.0,67,7284.0,27,7286.0,3,7288.0,6,7290.0,2,7292.0,7,7294.0,5,7284.0
SM501,,13:38:45.250#,7292.0,7370.0,7232.0,7938.0,6494.0,166830,300714,7278.0,120,7280.0,120,7282.0,67,7284.0,27,7286.0,2,7288.0,6,7290.0,2,7292.0,7,7294.0,5,7296.0,5,7286.0
SM501,,13:38:45.500#,7292.0,7370.0,7232.0,7938.0,6494.0,166851,300721,7276.0,14,7278.0,120,7280.0,120,7282.0,67,7284.0,21,7288.0,13,7290.0,2,7292.0,7,7294.0,5,7296.0,5,7284.0
SM501,,13:38:45.750#,7292.0,7370.0,7232.0,7938.0,6494.0,166851,300721,7278.0,120,7280.0,120,7282.0,67,7284.0,21,7286.0,12,7288.0,13,7290.0,2,7292.0,7,7294.0,5,7296.0,5,7284.0
SM501,,13:38:46.0#,7292.0,7370.0,7232.0,7938.0,6494.0,166853,300722,7278.0,120,7280.0,120,7282.0,67,7284.0,21,7286.0,11,7288.0,14,7290.0,2,7292.0,7,7294.0,5,7296.0,5,7284.0
SM501,,13:38:46.250#,7292.0,7370.0,7232.0,7938.0,6494.0,166853,300722,7278.0,120,7280.0,120,7282.0,67,7284.0,22,7286.0,11,7288.0,14,7290.0,2,7292.0,7,7294.0,5,7296.0,5,7284.0
SM501,,13:38:46.500#,7292.0,7370.0,7232.0,7938.0,6494.0,166855,300721,7278.0,120,7280.0,120,7282.0,67,7284.0,23,7286.0,1,7288.0,12,7290.0,2,7292.0,7,7294.0,5,7296.0,5,7288.0
SM501,,13:38:46.750#,7292.0,7370.0,7232.0,7938.0,6494.0,166867,300717,7280.0,120,7282.0,67,7284.0,23,7286.0,1,7288.0,22,7290.0,2,7292.0,7,7294.0,5,7296.0,5,7298.0,2,7288.0
SM501,,13:38:47.0#,7292.0,7370.0,7232.0,7938.0,6494.0,166870,300717,7282.0,67,7284.0,23,7286.0,1,7288.0,22,7290.0,2,7292.0,7,7294.0,5,7296.0,5,7298.0,2,7300.0,12,7290.0
SM501,,13:38:47.250#,7292.0,7370.0,7232.0,7938.0,6494.0,166920,300692,7274.0,35,7276.0,14,7278.0,120,7280.0,120,7282.0,74,7284.0,100,7288.0,4,7292.0,7,7294.0,5,7296.0,5,7284.0
SM501,,13:38:47.500#,7292.0,7370.0,7232.0,7938.0,6494.0,166956,300677,7274.0,35,7276.0,15,7278.0,120,7280.0,120,7282.0,70,7284.0,65,7286.0,1,7288.0,4,7292.0,7,7294.0,5,7282.0
SM501,,13:38:47.750#,7292.0,7370.0,7232.0,7938.0,6494.0,166968,300671,7274.0,35,7276.0,15,7278.0,120,7280.0,120,7282.0,67,7284.0,53,7286.0,12,7288.0,5,7292.0,7,7294.0,5,7284.0
SM501,,13:38:48.0#,7292.0,7370.0,7232.0,7938.0,6494.0,166968,300671,7274.0,35,7276.0,15,7278.0,120,7280.0,120,7282.0,68,7284.0,53,7286.0,20,7288.0,5,7290.0,1,7292.0,7,7284.0
SM501,,13:38:48.500#,7292.0,7370.0,7232.0,7938.0,6494.0,166969,300671,7274.0,35,7276.0,15,7278.0,120,7280.0,120,7282.0,68,7284.0,52,7286.0,20,7288.0,5,7290.0,1,7292.0,7,7284.0
SM501,,13:38:48.750#,7292.0,7370.0,7232.0,7938.0,6494.0,166974,300671,7274.0,35,7276.0,15,7278.0,120,7280.0,120,7282.0,68,7284.0,47,7286.0,20,7288.0,5,7290.0,1,7292.0,7,7284.0
SM501,,13:38:49.0#,7292.0,7370.0,7232.0,7938.0,6494.0,166992,300666,7274.0,35,7276.0,15,7278.0,120,7280.0,120,7282.0,68,7284.0,29,7286.0,20,7288.0,5,7290.0,1,7292.0,7,7284.0
SM501,,13:38:49.250#,7292.0,7370.0,7232.0,7938.0,6494.0,167005,300666,7274.0,35,7276.0,15,7278.0,120,7280.0,120,7282.0,68,7284.0,16,7286.0,20,7288.0,5,7290.0,1,7292.0,7,7284.0
SM501,,13:38:49.500#,7292.0,7370.0,7232.0,7938.0,6494.0,167021,300660,7276.0,15,7278.0,120,7280.0,120,7282.0,69,7284.0,68,7286.0,20,7288.0,5,7290.0,1,7292.0,7,7294.0,5,7284.0
SM501,,13:38:49.750#,7292.0,7370.0,7232.0,7938.0,6494.0,167028,300667,7276.0,15,7278.0,120,7280.0,120,7282.0,69,7284.0,61,7286.0,20,7288.0,5,7290.0,1,7292.0,7,7294.0,5,7284.0
SM501,,13:38:50.0#,7292.0,7370.0,7232.0,7938.0,6494.0,167033,300667,7276.0,15,7278.0,120,7280.0,120,7282.0,69,7284.0,92,7286.0,19,7288.0,5,7290.0,1,7292.0,7,7294.0,5,7284.0
SM501,,13:38:50.500#,7292.0,7370.0,7232.0,7938.0,6494.0,167054,300671,7276.0,15,7278.0,120,7280.0,120,7282.0,69,7284.0,75,7286.0,18,7288.0,5,7290.0,1,7292.0,7,7294.0,5,7284.0
SM501,,13:38:50.750#,7292.0,7370.0,7232.0,7938.0,6494.0,167079,300671,7276.0,15,7278.0,115,7280.0,120,7282.0,69,7284.0,54,7286.0,18,7288.0,5,7290.0,1,7292.0,2,7294.0,5,7284.0
SM501,,13:38:51.0#,7292.0,7370.0,7232.0,7938.0,6494.0,167079,300671,7276.0,15,7278.0,115,7280.0,120,7282.0,69,7284.0,56,7286.0,26,7288.0,5,7290.0,1,7292.0,2,7294.0,5,7284.0
SM501,,13:38:51.250#,7292.0,7370.0,7232.0,7938.0,6494.0,167083,300667,7276.0,15,7278.0,115,7280.0,120,7282.0,69,7284.0,52,7286.0,26,7288.0,5,7290.0,1,7292.0,2,7294.0,5,7284.0
SM501,,13:38:51.500#,7292.0,7370.0,7232.0,7938.0,6494.0,167083,300667,7276.0,15,7278.0,115,7280.0,120,7282.0,69,7284.0,56,7286.0,26,7288.0,5,7290.0,1,7292.0,2,7294.0,5,7284.0
SM501,,13:38:51.750#,7292.0,7370.0,7232.0,7938.0,6494.0,167083,300667,7276.0,15,7278.0,115,7280.0,129,7282.0,70,7284.0,56,7286.0,27,7288.0,5,7290.0,1,7292.0,2,7294.0,5,7284.0
SM501,,13:38:52.500#,7292.0,7370.0,7232.0,7938.0,6494.0,167093,300671,7276.0,15,7278.0,115,7280.0,129,7282.0,70,7284.0,46,7286.0,28,7288.0,5,7290.0,1,7292.0,2,7294.0,5,7284.0
SM501,,13:38:52.750#,7292.0,7370.0,7232.0,7938.0,6494.0,167110,300687,7276.0,15,7278.0,115,7280.0,129,7282.0,70,7284.0,45,7286.0,11,7288.0,5,7290.0,1,7292.0,2,7294.0,5,7286.0
SM501,,13:38:53.0#,7292.0,7370.0,7232.0,7938.0,6494.0,167129,300685,7278.0,115,7280.0,130,7282.0,70,7284.0,49,7286.0,2,7288.0,5,7290.0,1,7292.0,2,7294.0,5,7296.0,5,7284.0
SM501,,13:38:53.250#,7292.0,7370.0,7232.0,7938.0,6494.0,167130,300685,7278.0,115,7280.0,130,7282.0,70,7284.0,51,7286.0,6,7288.0,5,7290.0,1,7292.0,2,7294.0,5,7296.0,5,7286.0
SM501,,13:38:53.500#,7292.0,7370.0,7232.0,7938.0,6494.0,167132,300683,7278.0,115,7280.0,130,7282.0,70,7284.0,51,7286.0,43,7288.0,5,7290.0,1,7292.0,2,7294.0,4,7296.0,5,7286.0
SM501,,13:38:53.750#,7292.0,7370.0,7232.0,7938.0,6494.0,167132,300683,7278.0,115,7280.0,130,7282.0,72,7284.0,51,7286.0,43,7288.0,5,7290.0,1,7292.0,2,7294.0,4,7296.0,5,7286.0
SM501,,13:38:54.0#,7292.0,7370.0,7232.0,7938.0,6494.0,167139,300683,7278.0,115,7280.0,130,7282.0,72,7284.0,51,7286.0,36,7288.0,5,7290.0,1,7292.0,2,7294.0,4,7296.0,5,7286.0
SM501,,13:38:54.250#,7292.0,7370.0,7232.0,7938.0,6494.0,167139,300683,7278.0,115,7280.0,130,7282.0,72,7284.0,51,7286.0,36,7288.0,5,7290.0,1,7292.0,1,7294.0,4,7296.0,5,7286.0
SM501,,13:38:54.750#,7292.0,7370.0,7232.0,7938.0,6494.0,167139,300683,7278.0,115,7280.0,130,7282.0,73,7284.0,51,7286.0,36,7288.0,1,7290.0,1,7292.0,1,7294.0,4,7296.0,5,7286.0
SM501,,13:38:55.0#,7292.0,7370.0,7232.0,7938.0,6494.0,167139,300683,7278.0,115,7280.0,131,7282.0,73,7284.0,51,7286.0,36,7290.0,1,7292.0,1,7294.0,4,7296.0,5,7298.0,3,7286.0
SM501,,13:38:55.250#,7292.0,7370.0,7232.0,7938.0,6494.0,167140,300684,7280.0,141,7282.0,73,7284.0,51,7286.0,36,7288.0,4,7290.0,1,7292.0,1,7294.0,4,7296.0,5,7298.0,3,7286.0
SM501,,13:38:55.500#,7292.0,7370.0,7232.0,7938.0,6494.0,167141,300684,7280.0,141,7282.0,73,7284.0,51,7286.0,1,7288.0,44,7290.0,1,7292.0,1,7294.0,4,7296.0,5,7298.0,3,7288.0
SM501,,13:38:55.750#,7292.0,7370.0,7232.0,7938.0,6494.0,167141,300684,7280.0,141,7282.0,73,7284.0,51,7286.0,1,7288.0,44,7292.0,1,7294.0,4,7296.0,5,7298.0,3,7300.0,10,7288.0
SM501,,13:38:56.0#,7292.0,7370.0,7232.0,7938.0,6494.0,167141,300684,7280.0,141,7282.0,73,7284.0,51,7286.0,1,7288.0,50,7292.0,1,7294.0,4,7296.0,5,7298.0,3,7300.0,14,7288.0
SM501,,13:38:56.250#,7292.0,7370.0,7232.0,7938.0,6494.0,167141,300684,7280.0,141,7282.0,73,7284.0,52,7286.0,1,7288.0,50,7292.0,1,7294.0,4,7296.0,5,7298.0,3,7300.0,14,7288.0
SM501,,13:38:56.500#,7292.0,7370.0,7232.0,7938.0,6494.0,167141,300684,7280.0,141,7282.0,73,7284.0,53,7286.0,1,7288.0,50,7292.0,1,7294.0,4,7296.0,5,7298.0,3,7300.0,14,7288.0
SM501,,13:38:57.0#,7292.0,7370.0,7232.0,7938.0,6494.0,167141,300684,7280.0,146,7282.0,73,7284.0,54,7286.0,1,7288.0,50,7292.0,1,7294.0,4,7296.0,5,7298.0,3,7300.0,14,7288.0
SM501,,13:38:57.250#,7292.0,7370.0,7232.0,7938.0,6494.0,167141,300684,7280.0,146,7282.0,73,7284.0,55,7286.0,1,7288.0,50,7292.0,1,7294.0,4,7296.0,5,7298.0,3,7300.0,14,7288.0
SM501,,13:38:57.750#,7292.0,7370.0,7232.0,7938.0,6494.0,167151,300674,7280.0,146,7282.0,73,7284.0,55,7286.0,1,7288.0,40,7292.0,1,7294.0,4,7296.0,5,7298.0,3,7300.0,14,7288.0
SM501,,13:38:58.0#,7292.0,7370.0,7232.0,7938.0,6494.0,167157,300674,7280.0,146,7282.0,73,7284.0,55,7286.0,1,7288.0,34,7292.0,1,7294.0,4,7296.0,5,7298.0,3,7300.0,14,7288.0
SM501,,13:38:58.500#,7292.0,7370.0,7232.0,7938.0,6494.0,167165,300670,7280.0,146,7282.0,73,7284.0,55,7286.0,1,7288.0,26,7292.0,1,7294.0,4,7296.0,5,7298.0,3,7300.0,14,7288.0
SM501,,13:38:59.250#,7292.0,7370.0,7232.0,7938.0,6494.0,167165,300670,7280.0,146,7282.0,73,7284.0,55,7286.0,1,7288.0,27,7292.0,1,7294.0,4,7296.0,5,7298.0,3,7300.0,14,7288.0
SM501,,13:38:59.500#,7292.0,7370.0,7232.0,7938.0,6494.0,167166,300670,7280.0,146,7282.0,73,7284.0,55,7286.0,2,7288.0,27,7294.0,5,7296.0,5,7298.0,3,7300.0,14,7302.0,28,7292.0
SM501,,13:38:59.750#,7292.0,7370.0,7232.0,7938.0,6494.0,167166,300670,7280.0,146,7282.0,73,7284.0,55,7286.0,2,7288.0,27,7292.0,55,7294.0,20,7296.0,5,7298.0,3,7300.0,14,7292.0
SM501,,13:39:00.0#,7292.0,7370.0,7232.0,7938.0,6494.0,167166,300670,7280.0,146,7282.0,73,7284.0,55,7286.0,2,7288.0,28,7292.0,55,7294.0,5,7296.0,5,7298.0,3,7300.0,14,7292.0
SM501,,13:39:00.250#,7292.0,7370.0,7232.0,7938.0,6494.0,167166,300670,7280.0,146,7282.0,73,7284.0,55,7286.0,2,7288.0,28,7292.0,55,7294.0,5,7296.0,6,7298.0,3,7300.0,14,7292.0
SM501,,13:39:00.500#,7292.0,7370.0,7232.0,7938.0,6494.0,167166,300670,7280.0,146,7282.0,73,7284.0,55,7286.0,2,7288.0,28,7292.0,4,7294.0,5,7296.0,6,7298.0,4,7300.0,14,7292.0
SM501,,13:39:00.750#,7292.0,7370.0,7232.0,7938.0,6494.0,167166,300670,7280.0,146,7282.0,73,7284.0,55,7286.0,2,7288.0,28,7294.0,6,7296.0,6,7298.0,4,7300.0,14,7302.0,28,7292.0
SM501,,13:39:01.0#,7292.0,7370.0,7232.0,7938.0,6494.0,167166,300670,7280.0,146,7282.0,73,7284.0,55,7286.0,2,7288.0,46,7294.0,14,7296.0,6,7298.0,6,7300.0,14,7302.0,28,7292.0
SM501,,13:39:01.250#,7292.0,7370.0,7232.0,7938.0,6494.0,167166,300670,7280.0,146,7282.0,73,7284.0,55,7286.0,2,7288.0,47,7294.0,14,7296.0,6,7298.0,6,7300.0,14,7302.0,28,7292.0
SM501,,13:39:01.500#,7292.0,7370.0,7232.0,7938.0,6494.0,167168,300670,7280.0,146,7282.0,73,7284.0,55,7286.0,2,7288.0,45,7294.0,14,7296.0,6,7298.0,6,7300.0,14,7302.0,28,7288.0
SM501,,13:39:01.750#,7292.0,7370.0,7232.0,7938.0,6494.0,167168,300670,7282.0,73,7284.0,55,7286.0,2,7288.0,40,7290.0,4,7294.0,16,7296.0,6,7298.0,4,7300.0,14,7302.0,28,7288.0
SM501,,13:39:02.0#,7292.0,7370.0,7232.0,7938.0,6494.0,167168,300670,7280.0,146,7282.0,73,7284.0,55,7286.0,2,7288.0,46,7294.0,16,7296.0,6,7298.0,4,7300.0,14,7302.0,28,7288.0
SM501,,13:39:02.250#,7292.0,7370.0,7232.0,7938.0,6494.0,167168,300670,7280.0,146,7282.0,73,7284.0,55,7286.0,2,7288.0,46,7290.0,6,7294.0,15,7296.0,6,7298.0,4,7300.0,14,7288.0
SM501,,13:39:02.500#,7292.0,7370.0,7232.0,7938.0,6494.0,167169,300669,7280.0,146,7282.0,76,7284.0,55,7286.0,2,7288.0,45,7290.0,6,7294.0,15,7296.0,6,7298.0,4,7300.0,14,7288.0
SM501,,13:39:02.750#,7292.0,7370.0,7232.0,7938.0,6494.0,167169,300669,7280.0,147,7282.0,76,7284.0,55,7286.0,2,7288.0,45,7290.0,6,7294.0,15,7296.0,6,7298.0,4,7300.0,14,7288.0
SM501,,13:39:03.0#,7292.0,7370.0,7232.0,7938.0,6494.0,167169,300669,7280.0,147,7282.0,76,7284.0,55,7286.0,2,7288.0,46,7290.0,6,7294.0,15,7296.0,6,7298.0,4,7300.0,14,7288.0
SM501,,13:39:03.500#,7292.0,7370.0,7232.0,7938.0,6494.0,167169,300669,7280.0,147,7282.0,76,7284.0,55,7286.0,2,7288.0,46,7290.0,6,7294.0,15,7296.0,6,7298.0,4,7300.0,14,7288.0
SM501,,13:39:03.750#,7292.0,7370.0,7232.0,7938.0,6494.0,167171,300670,7280.0,148,7282.0,76,7284.0,55,7286.0,2,7288.0,48,7290.0,4,7294.0,15,7296.0,6,7298.0,4,7300.0,14,7290.0
SM501,,13:39:04.0#,7292.0,7370.0,7232.0,7938.0,6494.0,167172,300670,7280.0,148,7282.0,77,7284.0,55,7286.0,2,7288.0,48,7290.0,3,7294.0,15,7296.0,6,7298.0,4,7300.0,14,7290.0
SM501,,13:39:04.250#,7292.0,7370.0,7232.0,7938.0,6494.0,167172,300670,7280.0,148,7282.0,77,7284.0,55,7286.0,2,7288.0,50,7290.0,3,7294.0,15,7296.0,6,7298.0,4,7300.0,14,7290.0
SM501,,13:39:04.750#,7292.0,7370.0,7232.0,7938.0,6494.0,167173,300670,7280.0,148,7282.0,77,7284.0,55,7286.0,2,7288.0,49,7290.0,3,7294.0,15,7296.0,6,7298.0,4,7300.0,14,7288.0
SM501,,13:39:05.0#,7292.0,7370.0,7232.0,7938.0,6494.0,167173,300670,7280.0,148,7282.0,77,7284.0,55,7286.0,3,7288.0,49,7290.0,3,7294.0,15,7296.0,6,7298.0,4,7300.0,14,7288.0
SM501,,13:39:05.250#,7292.0,7370.0,7232.0,7938.0,6494.0,167174,300670,7280.0,148,7282.0,78,7284.0,55,7286.0,3,7288.0,49,7290.0,3,7294.0,15,7296.0,6,7298.0,4,7300.0,14,7290.0
SM501,,13:39:05.500#,7292.0,7370.0,7232.0,7938.0,6494.0,167177,300670,7282.0,78,7284.0,55,7286.0,3,7288.0,44,7290.0,7,7294.0,16,7296.0,6,7298.0,4,7300.0,14,7302.0,28,7290.0
SM501,,13:39:05.750#,7292.0,7370.0,7232.0,7938.0,6494.0,167177,300670,7282.0,78,7284.0,55,7286.0,3,7288.0,44,7290.0,7,7294.0,16,7296.0,6,7298.0,4,7300.0,19,7302.0,28,7290.0
SM501,,13:39:06.0#,7292.0,7370.0,7232.0,7938.0,6494.0,167177,300670,7282.0,78,7284.0,55,7286.0,3,7288.0,44,7290.0,8,7294.0,20,7296.0,6,7298.0,4,7300.0,19,7302.0,28,7290.0
SM501,,13:39:06.250#,7292.0,7370.0,7232.0,7938.0,6494.0,167178,300670,7282.0,78,7284.0,55,7286.0,3,7288.0,44,7290.0,7,7294.0,20,7296.0,6,7298.0,4,7300.0,19,7302.0,28,7290.0
SM501,,13:39:06.500#,7292.0,7370.0,7232.0,7938.0,6494.0,167178,300670,7282.0,78,7284.0,55,7286.0,3,7288.0,28,7290.0,35,7292.0,6,7294.0,19,7296.0,6,7298.0,4,7300.0,19,7290.0
SM501,,13:39:06.750#,7292.0,7370.0,7232.0,7938.0,6494.0,167179,300669,7282.0,78,7284.0,44,7286.0,3,7288.0,14,7290.0,48,7292.0,6,7294.0,19,7296.0,6,7298.0,4,7300.0,20,7290.0
SM501,,13:39:07.0#,7292.0,7370.0,7232.0,7938.0,6494.0,167180,300669,7282.0,78,7284.0,44,7286.0,3,7288.0,14,7290.0,47,7292.0,6,7294.0,19,7296.0,8,7298.0,4,7300.0,20,7290.0
SM501,,13:39:07.250#,7292.0,7370.0,7232.0,7938.0,6494.0,167181,300669,7282.0,78,7284.0,44,7286.0,3,7288.0,14,7290.0,46,7292.0,6,7294.0,19,7296.0,8,7298.0,4,7300.0,20,7290.0
SM501,,13:39:07.500#,7292.0,7370.0,7232.0,7938.0,6494.0,167187,300675,7282.0,78,7284.0,44,7286.0,3,7288.0,19,7290.0,46,7294.0,20,7296.0,8,7298.0,4,7300.0,20,7302.0,28,7292.0
SM501,,13:39:07.750#,7292.0,7370.0,7232.0,7938.0,6494.0,167190,300672,7282.0,78,7284.0,44,7286.0,3,7288.0,19,7290.0,43,7294.0,20,7296.0,8,7298.0,4,7300.0,20,7302.0,28,7290.0
SM501,,13:39:08.0#,7292.0,7370.0,7232.0,7938.0,6494.0,167190,300672,7282.0,78,7284.0,44,7286.0,3,7288.0,13,7290.0,43,7294.0,20,7296.0,8,7298.0,4,7300.0,20,7302.0,28,7290.0
SM501,,13:39:08.750#,7292.0,7370.0,7232.0,7938.0,6494.0,167190,300672,7282.0,78,7284.0,44,7286.0,3,7288.0,15,7290.0,43,7292.0,1,7294.0,19,7296.0,8,7298.0,4,7300.0,20,7290.0
SM501,,13:39:09.0#,7292.0,7370.0,7232.0,7938.0,6494.0,167190,300672,7282.0,79,7284.0,44,7286.0,3,7288.0,15,7290.0,43,7292.0,1,7294.0,19,7296.0,8,7298.0,4,7300.0,20,7290.0
SM501,,13:39:09.250#,7292.0,7370.0,7232.0,7938.0,6494.0,167191,300672,7282.0,79,7284.0,44,7286.0,3,7288.0,15,7290.0,42,7292.0,1,7294.0,20,7296.0,8,7298.0,4,7300.0,20,7290.0
SM501,,13:39:09.500#,7292.0,7370.0,7232.0,7938.0,6494.0,167191,300672,7282.0,79,7284.0,44,7286.0,3,7288.0,15,7290.0,42,7292.0,1,7294.0,20,7296.0,8,7298.0,4,7300.0,20,7290.0
SM501,,13:39:10.250#,7292.0,7370.0,7232.0,7938.0,6494.0,167192,300673,7284.0,44,7286.0,3,7288.0,15,7290.0,42,7292.0,4,7294.0,21,7296.0,8,7298.0,4,7300.0,20,7302.0,28,7292.0
SM501,,13:39:10.500#,7292.0,7370.0,7232.0,7938.0,6494.0,167192,300673,7284.0,44,7286.0,3,7288.0,15,7290.0,43,7292.0,7,7294.0,13,7296.0,8,7298.0,4,7300.0,20,7302.0,28,7292.0
SM501,,13:39:10.750#,7292.0,7370.0,7232.0,7938.0,6494.0,167192,300673,7284.0,44,7286.0,3,7288.0,15,7290.0,43,7292.0,7,7294.0,50,7296.0,8,7298.0,4,7300.0,20,7302.0,28,7292.0
SM501,,13:39:11.0#,7292.0,7370.0,7232.0,7938.0,6494.0,167199,300671,7282.0,79,7284.0,44,7286.0,3,7288.0,15,7290.0,43,7294.0,82,7296.0,8,7298.0,4,7300.0,20,7302.0,28,7292.0
SM501,,13:39:11.250#,7292.0,7370.0,7232.0,7938.0,6494.0,167200,300670,7282.0,79,7284.0,44,7286.0,3,7288.0,15,7290.0,45,7292.0,143,7294.0,50,7296.0,8,7298.0,4,7300.0,20,7292.0
SM501,,13:39:11.500#,7292.0,7370.0,7232.0,7938.0,6494.0,167244,300640,7282.0,79,7284.0,44,7286.0,3,7288.0,15,7290.0,1,7292.0,143,7294.0,50,7296.0,8,7298.0,4,7300.0,20,7290.0
SM501,,13:39:11.750#,7292.0,7370.0,7232.0,7938.0,6494.0,167245,300640,7280.0,139,7282.0,79,7284.0,44,7286.0,3,7288.0,15,7290.0,45,7292.0,143,7294.0,50,7296.0,8,7298.0,4,7290.0
SM501,,13:39:12.0#,7292.0,7370.0,7232.0,7938.0,6494.0,167260,300643,7278.0,116,7280.0,139,7282.0,79,7284.0,44,7286.0,3,7290.0,47,7292.0,1,7294.0,50,7296.0,8,7298.0,4,7288.0
SM501,,13:39:12.250#,7292.0,7370.0,7232.0,7938.0,6494.0,167260,300643,7278.0,116,7280.0,139,7282.0,79,7284.0,44,7286.0,3,7288.0,73,7290.0,36,7292.0,3,7294.0,48,7296.0,8,7288.0
SM501,,13:39:12.500#,7292.0,7370.0,7232.0,7938.0,6494.0,167263,300645,7276.0,15,7278.0,116,7280.0,139,7282.0,79,7284.0,56,7286.0,3,7288.0,69,7290.0,31,7292.0,1,7294.0,48,7286.0
SM501,,13:39:12.750#,7292.0,7370.0,7232.0,7938.0,6494.0,167264,300645,7276.0,15,7278.0,116,7280.0,139,7282.0,79,7284.0,52,7286.0,2,7288.0,70,7290.0,31,7292.0,1,7294.0,48,7286.0
SM501,,13:39:13.0#,7292.0,7370.0,7232.0,7938.0,6494.0,167266,300645,7276.0,15,7278.0,116,7280.0,139,7282.0,79,7284.0,52,7288.0,5,7290.0,31,7292.0,1,7294.0,48,7296.0,8,7286.0
SM501,,13:39:13.250#,7292.0,7370.0,7232.0,7938.0,6494.0,167267,300645,7278.0,116,7280.0,139,7282.0,79,7284.0,44,7288.0,3,7290.0,34,7292.0,1,7294.0,48,7296.0,8,7298.0,4,7288.0
SM501,,13:39:13.500#,7292.0,7370.0,7232.0,7938.0,6494.0,167267,300645,7280.0,139,7282.0,79,7284.0,44,7286.0,2,7288.0,3,7290.0,34,7292.0,1,7294.0,48,7296.0,8,7298.0,4,7288.0
SM501,,13:39:13.750#,7292.0,7370.0,7232.0,7938.0,6494.0,167277,300648,7280.0,139,7282.0,79,7284.0,44,7286.0,2,7288.0,3,7290.0,60,7292.0,1,7294.0,48,7296.0,8,7298.0,4,7290.0
SM501,,13:39:14.0#,7292.0,7370.0,7232.0,7938.0,6494.0,167280,300651,7278.0,116,7280.0,139,7282.0,78,7284.0,44,7286.0,3,7288.0,19,7290.0,60,7292.0,1,7294.0,48,7296.0,8,7288.0
SM501,,13:39:14.250#,7292.0,7370.0,7232.0,7938.0,6494.0,167280,300651,7278.0,116,7280.0,139,7282.0,78,7284.0,44,7286.0,3,7288.0,27,7290.0,60,7292.0,17,7294.0,48,7296.0,8,7288.0
SM501,,13:39:14.500#,7292.0,7370.0,7232.0,7938.0,6494.0,167280,300651,7278.0,116,7280.0,139,7282.0,78,7284.0,44,7286.0,3,7288.0,28,7290.0,60,7292.0,17,7294.0,48,7296.0,8,7288.0
SM501,,13:39:14.750#,7292.0,7370.0,7232.0,7938.0,6494.0,167280,300651,7278.0,116,7280.0,139,7282.0,78,7284.0,44,7286.0,3,7288.0,30,7290.0,59,7292.0,17,7294.0,48,7296.0,8,7288.0
SM501,,13:39:15.0#,7292.0,7370.0,7232.0,7938.0,6494.0,167281,300652,7278.0,116,7280.0,139,7282.0,78,7284.0,44,7286.0,3,7288.0,29,7290.0,59,7292.0,17,7294.0,48,7296.0,8,7288.0
SM501,,13:39:15.250#,7292.0,7370.0,7232.0,7938.0,6494.0,167282,300652,7278.0,116,7280.0,139,7282.0,78,7284.0,44,7286.0,4,7288.0,48,7290.0,59,7292.0,17,7294.0,48,7296.0,8,7288.0
SM501,,13:39:15.500#,7292.0,7370.0,7232.0,7938.0,6494.0,167284,300652,7278.0,116,7280.0,139,7282.0,78,7284.0,44,7286.0,2,7288.0,48,7290.0,59,7292.0,17,7294.0,48,7296.0,8,7286.0
SM501,,13:39:15.750#,7292.0,7370.0,7232.0,7938.0,6494.0,167284,300652,7278.0,116,7280.0,139,7282.0,78,7284.0,44,7286.0,2,7288.0,51,7290.0,59,7292.0,17,7294.0,48,7296.0,8,7286.0
SM501,,13:39:16.250#,7292.0,7370.0,7232.0,7938.0,6494.0,167284,300652,7278.0,116,7280.0,139,7282.0,78,7284.0,44,7286.0,3,7288.0,51,7290.0,59,7292.0,17,7294.0,48,7296.0,8,7286.0
SM501,,13:39:16.500#,7292.0,7370.0,7232.0,7938.0,6494.0,167295,300661,7276.0,15,7278.0,116,7280.0,139,7282.0,78,7284.0,62,7288.0,43,7290.0,59,7292.0,17,7294.0,48,7296.0,8,7286.0
SM501,,13:39:16.750#,7292.0,7370.0,7232.0,7938.0,6494.0,167295,300661,7276.0,15,7278.0,116,7280.0,140,7282.0,78,7284.0,62,7288.0,43,7290.0,58,7292.0,17,7294.0,48,7296.0,8,7286.0
SM501,,13:39:17.0#,7292.0,7370.0,7232.0,7938.0,6494.0,167295,300661,7276.0,15,7278.0,116,7280.0,140,7282.0,78,7284.0,73,7288.0,34,7290.0,58,7292.0,17,7294.0,48,7296.0,8,7286.0
SM501,,13:39:17.250#,7292.0,7370.0,7232.0,7938.0,6494.0,167295,300661,7276.0,15,7278.0,116,7280.0,140,7282.0,78,7284.0,73,7288.0,26,7290.0,58,7292.0,17,7294.0,48,7296.0,8,7286.0
SM501,,13:39:17.500#,7292.0,7370.0,7232.0,7938.0,6494.0,167308,300663,7276.0,15,7278.0,116,7280.0,140,7282.0,78,7284.0,72,7288.0,17,7290.0,58,7292.0,17,7294.0,48,7296.0,8,7284.0
SM501,,13:39:17.750#,7292.0,7370.0,7232.0,7938.0,6494.0,167308,300663,7278.0,116,7280.0,140,7282.0,78,7284.0,64,7286.0,2,7288.0,17,7290.0,58,7292.0,17,7294.0,48,7296.0,8,7284.0
SM501,,13:39:18.0#,7292.0,7370.0,7232.0,7938.0,6494.0,167309,300664,7278.0,116,7280.0,140,7282.0,78,7284.0,64,7286.0,2,7288.0,16,7290.0,58,7292.0,17,7294.0,48,7296.0,8,7288.0
SM501,,13:39:18.250#,7292.0,7370.0,7232.0,7938.0,6494.0,167313,300668,7278.0,116,7280.0,140,7282.0,78,7284.0,65,7286.0,2,7288.0,13,7290.0,58,7292.0,17,7294.0,49,7296.0,8,7288.0
SM501,,13:39:18.500#,7292.0,7370.0,7232.0,7938.0,6494.0,167313,300668,7278.0,116,7280.0,140,7282.0,78,7284.0,65,7286.0,9,7288.0,13,7290.0,58,7292.0,18,7294.0,49,7296.0,8,7288.0
SM501,,13:39:18.750#,7292.0,7370.0,7232.0,7938.0,6494.0,167313,300668,7278.0,116,7280.0,140,7282.0,78,7284.0,65,7286.0,9,7288.0,15,7290.0,58,7292.0,18,7294.0,49,7296.0,8,7288.0
SM501,,13:39:19.0#,7292.0,7370.0,7232.0,7938.0,6494.0,167323,300670,7276.0,15,7278.0,116,7280.0,140,7282.0,78,7284.0,72,7288.0,15,7290.0,58,7292.0,18,7294.0,49,7296.0,8,7284.0
SM501,,13:39:19.500#,7292.0,7370.0,7232.0,7938.0,6494.0,167323,300670,7276.0,15,7278.0,116,7280.0,140,7282.0,78,7284.0,82,7288.0,15,7290.0,58,7292.0,18,7294.0,49,7296.0,8,7284.0
SM501,,13:39:20.0#,7292.0,7370.0,7232.0,7938.0,6494.0,167323,300670,7276.0,15,7278.0,116,7280.0,140,7282.0,78,7284.0,82,7286.0,1,7288.0,15,7290.0,58,7292.0,18,7294.0,49,7284.0
SM501,,13:39:20.250#,7292.0,7370.0,7232.0,7938.0,6494.0,167323,300670,7276.0,15,7278.0,116,7280.0,140,7282.0,78,7284.0,82,7286.0,11,7288.0,16,7290.0,58,7292.0,18,7294.0,49,7284.0
SM501,,13:39:20.500#,7292.0,7370.0,7232.0,7938.0,6494.0,167323,300670,7276.0,15,7278.0,116,7280.0,140,7282.0,78,7284.0,81,7286.0,11,7288.0,16,7290.0,58,7292.0,18,7294.0,49,7284.0
SM501,,13:39:20.750#,7292.0,7370.0,7232.0,7938.0,6494.0,167358,300699,7276.0,15,7278.0,116,7280.0,140,7282.0,78,7284.0,46,7286.0,12,7288.0,16,7290.0,58,7292.0,18,7294.0,49,7284.0
SM501,,13:39:21.0#,7292.0,7370.0,7232.0,7938.0,6494.0,167362,300695,7276.0,15,7278.0,116,7280.0,140,7282.0,78,7284.0,46,7286.0,14,7288.0,19,7290.0,58,7292.0,18,7294.0,49,7284.0
SM501,,13:39:21.750#,7292.0,7370.0,7232.0,7938.0,6494.0,167404,300711,7276.0,15,7278.0,116,7280.0,140,7282.0,78,7284.0,10,7286.0,9,7288.0,19,7290.0,22,7292.0,18,7294.0,49,7286.0
SM501,,13:39:22.0#,7292.0,7370.0,7232.0,7938.0,6494.0,167410,300717,7276.0,15,7278.0,116,7280.0,140,7282.0,78,7284.0,10,7286.0,3,7288.0,19,7290.0,22,7292.0,18,7294.0,49,7286.0
SM501,,13:39:22.250#,7292.0,7370.0,7232.0,7938.0,6494.0,167411,300717,7276.0,15,7278.0,116,7280.0,140,7282.0,78,7284.0,10,7286.0,6,7288.0,19,7290.0,22,7292.0,18,7294.0,49,7286.0
SM501,,13:39:22.500#,7292.0,7370.0,7232.0,7938.0,6494.0,167413,300717,7276.0,15,7278.0,116,7280.0,140,7282.0,78,7284.0,11,7286.0,6,7288.0,16,7290.0,22,7292.0,18,7294.0,49,7284.0
SM501,,13:39:22.750#,7292.0,7370.0,7232.0,7938.0,6494.0,167413,300717,7276.0,15,7278.0,116,7280.0,140,7282.0,78,7284.0,51,7286.0,6,7288.0,16,7290.0,22,7292.0,18,7294.0,49,7284.0
SM501,,13:39:23.0#,7292.0,7370.0,7232.0,7938.0,6494.0,167413,300717,7276.0,15,7278.0,116,7280.0,140,7282.0,78,7284.0,52,7286.0,2,7288.0,16,7290.0,22,7292.0,18,7294.0,49,7284.0
SM501,,13:39:23.250#,7292.0,7370.0,7232.0,7938.0,6494.0,167416,300717,7276.0,15,7278.0,116,7280.0,140,7282.0,78,7284.0,49,7286.0,2,7288.0,16,7290.0,13,7292.0,18,7294.0,49,7284.0
SM501,,13:39:23.500#,7292.0,7370.0,7232.0,7938.0,6494.0,167416,300717,7276.0,15,7278.0,116,7280.0,140,7282.0,79,7284.0,50,7286.0,2,7288.0,16,7290.0,13,7292.0,20,7294.0,49,7284.0
SM501,,13:39:24.0#,7292.0,7370.0,7232.0,7938.0,6494.0,167419,300719,7278.0,116,7280.0,140,7282.0,79,7284.0,49,7286.0,3,7288.0,18,7290.0,13,7292.0,20,7294.0,49,7296.0,8,7286.0
SM501,,13:39:24.250#,7292.0,7370.0,7232.0,7938.0,6494.0,167419,300719,7278.0,116,7280.0,140,7282.0,79,7284.0,50,7286.0,3,7288.0,18,7290.0,13,7292.0,20,7294.0,49,7296.0,8,7286.0
SM501,,13:39:24.500#,7292.0,7370.0,7232.0,7938.0,6494.0,167419,300719,7278.0,116,7280.0,140,7282.0,79,7284.0,48,7286.0,4,7288.0,18,7290.0,13,7292.0,20,7294.0,49,7296.0,8,7286.0
SM501,,13:39:24.750#,7292.0,7370.0,7232.0,7938.0,6494.0,167426,300723,7276.0,15,7278.0,116,7280.0,140,7282.0,79,7284.0,48,7286.0,46,7288.0,17,7290.0,13,7292.0,20,7294.0,49,7286.0
SM501,,13:39:25.0#,7292.0,7370.0,7232.0,7938.0,6494.0,167427,300723,7276.0,15,7278.0,116,7280.0,140,7282.0,79,7284.0,49,7286.0,46,7288.0,25,7290.0,13,7292.0,20,7294.0,49,7284.0
SM501,,13:39:25.250#,7292.0,7370.0,7232.0,7938.0,6494.0,167427,300723,7276.0,15,7278.0,116,7280.0,140,7282.0,79,7284.0,50,7286.0,46,7288.0,25,7290.0,13,7292.0,20,7294.0,49,7284.0
SM501,,13:39:25.750#,7292.0,7370.0,7232.0,7938.0,6494.0,167446,300742,7276.0,15,7278.0,116,7280.0,140,7282.0,79,7284.0,51,7286.0,46,7288.0,25,7290.0,13,7292.0,20,7294.0,49,7286.0
SM501,,13:39:26.0#,7292.0,7370.0,7232.0,7938.0,6494.0,167456,300750,7276.0,15,7278.0,116,7280.0,140,7282.0,88,7284.0,42,7286.0,46,7288.0,25,7290.0,13,7292.0,20,7294.0,49,7284.0
SM501,,13:39:26.250#,7292.0,7370.0,7232.0,7938.0,6494.0,167457,300750,7276.0,15,7278.0,116,7280.0,140,7282.0,88,7284.0,42,7286.0,45,7288.0,25,7290.0,13,7292.0,20,7294.0,49,7286.0
SM501,,13:39:26.500#,7292.0,7370.0,7232.0,7938.0,6494.0,167458,300751,7276.0,15,7278.0,116,7280.0,140,7282.0,88,7284.0,41,7286.0,47,7288.0,25,7290.0,13,7292.0,20,7294.0,49,7284.0
SM501,,13:39:27.0#,7292.0,7370.0,7232.0,7938.0,6494.0,167460,300753,7276.0,15,7278.0,116,7280.0,140,7282.0,88,7284.0,41,7286.0,45,7288.0,25,7290.0,18,7292.0,20,7294.0,49,7286.0
SM501,,13:39:27.750#,7292.0,7370.0,7232.0,7938.0,6494.0,167461,300754,7276.0,15,7278.0,116,7280.0,140,7282.0,88,7284.0,40,7286.0,80,7288.0,25,7290.0,18,7292.0,20,7294.0,49,7284.0
SM501,,13:39:28.0#,7292.0,7370.0,7232.0,7938.0,6494.0,167461,300754,7276.0,15,7278.0,116,7280.0,140,7282.0,88,7284.0,40,7286.0,80,7288.0,25,7290.0,18,7292.0,20,7294.0,49,7284.0
SM501,,13:39:28.250#,7292.0,7370.0,7232.0,7938.0,6494.0,167481,300764,7276.0,15,7278.0,116,7280.0,140,7282.0,88,7284.0,40,7286.0,60,7288.0,25,7290.0,18,7292.0,20,7294.0,49,7286.0
SM501,,13:39:28.500#,7292.0,7370.0,7232.0,7938.0,6494.0,167481,300764,7276.0,15,7278.0,116,7280.0,140,7282.0,88,7284.0,45,7286.0,63,7288.0,25,7290.0,18,7292.0,20,7294.0,49,7286.0
SM501,,13:39:28.750#,7292.0,7370.0,7232.0,7938.0,6494.0,167488,300766,7276.0,15,7278.0,116,7280.0,140,7282.0,88,7284.0,38,7286.0,58,7288.0,25,7290.0,18,7292.0,20,7294.0,49,7284.0
SM501,,13:39:29.0#,7292.0,7370.0,7232.0,7938.0,6494.0,167488,300766,7276.0,15,7278.0,116,7280.0,140,7282.0,88,7284.0,43,7286.0,58,7288.0,25,7290.0,23,7292.0,20,7294.0,49,7284.0
SM501,,13:39:29.250#,7292.0,7370.0,7232.0,7938.0,6494.0,167492,300766,7276.0,15,7278.0,116,7280.0,140,7282.0,88,7284.0,37,7286.0,55,7288.0,25,7290.0,23,7292.0,20,7294.0,49,7284.0
SM501,,13:39:29.500#,7292.0,7370.0,7232.0,7938.0,6494.0,167495,300767,7276.0,15,7278.0,116,7280.0,142,7282.0,88,7284.0,35,7286.0,54,7288.0,25,7290.0,23,7292.0,20,7294.0,49,7284.0
SM501,,13:39:30.0#,7292.0,7370.0,7232.0,7938.0,6494.0,167504,300776,7276.0,15,7278.0,116,7280.0,142,7282.0,88,7284.0,26,7286.0,54,7288.0,25,7290.0,23,7292.0,20,7294.0,49,7284.0
SM501,,13:39:30.250#,7292.0,7370.0,7232.0,7938.0,6494.0,167505,300777,7276.0,15,7278.0,116,7280.0,142,7282.0,89,7284.0,26,7286.0,53,7288.0,24,7290.0,23,7292.0,20,7294.0,49,7286.0
SM501,,13:39:30.500#,7292.0,7370.0,7232.0,7938.0,6494.0,167509,300781,7276.0,15,7278.0,116,7280.0,142,7282.0,89,7284.0,23,7286.0,53,7288.0,24,7290.0,23,7292.0,20,7294.0,49,7284.0
SM501,,13:39:30.750#,7292.0,7370.0,7232.0,7938.0,6494.0,167510,300781,7276.0,15,7278.0,116,7280.0,142,7282.0,89,7284.0,22,7286.0,53,7288.0,24,7290.0,23,7292.0,20,7294.0,49,7284.0
SM501,,13:39:31.0#,7292.0,7370.0,7232.0,7938.0,6494.0,167511,300782,7276.0,15,7278.0,116,7280.0,142,7282.0,89,7284.0,22,7286.0,52,7288.0,24,7290.0,23,7292.0,20,7294.0,49,7286.0
SM501,,13:39:31.250#,7292.0,7370.0,7232.0,7938.0,6494.0,167515,300786,7276.0,15,7278.0,116,7280.0,142,7282.0,89,7284.0,22,7286.0,48,7288.0,27,7290.0,23,7292.0,20,7294.0,49,7286.0
SM501,,13:39:31.750#,7292.0,7370.0,7232.0,7938.0,6494.0,167516,300787,7276.0,15,7278.0,116,7280.0,142,7282.0,89,7284.0,21,7286.0,48,7288.0,28,7290.0,23,7292.0,20,7294.0,49,7284.0
SM501,,13:39:32.0#,7292.0,7370.0,7232.0,7938.0,6494.0,167539,300781,7276.0,15,7278.0,116,7280.0,142,7282.0,89,7284.0,1,7286.0,46,7288.0,28,7290.0,23,7292.0,20,7294.0,49,7284.0
SM501,,13:39:32.250#,7292.0,7370.0,7232.0,7938.0,6494.0,167539,300781,7276.0,15,7278.0,116,7280.0,143,7282.0,89,7284.0,1,7286.0,46,7288.0,28,7290.0,23,7292.0,20,7294.0,49,7284.0
SM501,,13:39:32.500#,7292.0,7370.0,7232.0,7938.0,6494.0,167541,300781,7274.0,35,7276.0,15,7278.0,116,7280.0,143,7282.0,108,7284.0,23,7286.0,46,7288.0,28,7290.0,23,7292.0,20,7284.0
SM501,,13:39:32.750#,7292.0,7370.0,7232.0,7938.0,6494.0,167545,300782,7274.0,35,7276.0,15,7278.0,116,7280.0,143,7282.0,108,7284.0,24,7286.0,50,7288.0,28,7290.0,22,7292.0,20,7284.0
SM501,,13:39:33.0#,7292.0,7370.0,7232.0,7938.0,6494.0,167566,300777,7274.0,35,7276.0,15,7278.0,116,7280.0,143,7282.0,108,7284.0,3,7286.0,50,7288.0,28,7290.0,22,7292.0,20,7284.0
SM501,,13:39:33.250#,7292.0,7370.0,7232.0,7938.0,6494.0,167567,300777,7274.0,35,7276.0,15,7278.0,116,7280.0,143,7282.0,109,7284.0,3,7286.0,49,7288.0,28,7290.0,22,7292.0,20,7284.0
SM501,,13:39:33.500#,7292.0,7370.0,7232.0,7938.0,6494.0,167570,300778,7276.0,15,7278.0,116,7280.0,143,7282.0,81,7284.0,3,7286.0,49,7288.0,28,7290.0,22,7292.0,20,7294.0,49,7284.0
SM501,,13:39:33.750#,7292.0,7370.0,7232.0,7938.0,6494.0,167571,300779,7276.0,15,7278.0,116,7280.0,143,7282.0,81,7284.0,3,7286.0,48,7288.0,28,7290.0,22,7292.0,20,7294.0,49,7286.0
SM501,,13:39:34.0#,7292.0,7370.0,7232.0,7938.0,6494.0,167574,300781,7276.0,15,7278.0,116,7280.0,143,7282.0,81,7284.0,3,7286.0,46,7288.0,33,7290.0,17,7292.0,20,7294.0,49,7284.0
SM501,,13:39:34.250#,7292.0,7370.0,7232.0,7938.0,6494.0,167584,300781,7276.0,15,7278.0,116,7280.0,143,7282.0,81,7284.0,3,7286.0,36,7288.0,33,7290.0,17,7292.0,20,7294.0,49,7286.0
SM501,,13:39:34.500#,7292.0,7370.0,7232.0,7938.0,6494.0,167694,300704,7274.0,35,7276.0,15,7278.0,116,7280.0,143,7282.0,7,7286.0,36,7288.0,33,7290.0,17,7292.0,20,7294.0,49,7282.0
SM501,,13:39:34.750#,7292.0,7370.0,7232.0,7938.0,6494.0,167694,300704,7274.0,35,7276.0,15,7278.0,116,7280.0,143,7282.0,7,7286.0,7,7288.0,33,7290.0,17,7292.0,20,7294.0,49,7282.0
SM501,,13:39:35.0#,7292.0,7370.0,7232.0,7938.0,6494.0,167703,300700,7272.0,267,7274.0,35,7276.0,15,7278.0,116,7280.0,147,7284.0,1,7286.0,7,7288.0,33,7290.0,17,7292.0,20,7280.0
SM501,,13:39:35.250#,7292.0,7370.0,7232.0,7938.0,6494.0,167732,300690,7274.0,36,7276.0,15,7278.0,116,7280.0,138,7282.0,4,7286.0,4,7288.0,33,7290.0,17,7292.0,20,7294.0,49,7280.0
SM501,,13:39:35.500#,7292.0,7370.0,7232.0,7938.0,6494.0,167765,300661,7272.0,267,7274.0,36,7276.0,15,7278.0,116,7280.0,132,7282.0,2,7288.0,33,7290.0,17,7292.0,20,7294.0,49,7280.0
SM501,,13:39:35.750#,7292.0,7370.0,7232.0,7938.0,6494.0,167773,300660,7274.0,36,7276.0,15,7278.0,116,7280.0,128,7282.0,6,7288.0,33,7290.0,17,7292.0,20,7294.0,49,7296.0,8,7282.0
SM501,,13:39:36.0#,7292.0,7370.0,7232.0,7938.0,6494.0,167774,300660,7276.0,15,7278.0,116,7280.0,128,7282.0,5,7284.0,4,7288.0,33,7290.0,17,7292.0,20,7294.0,49,7296.0,8,7282.0
SM501,,13:39:36.250#,7292.0,7370.0,7232.0,7938.0,6494.0,167786,300662,7272.0,268,7274.0,36,7276.0,15,7278.0,116,7280.0,129,7282.0,12,7288.0,34,7290.0,17,7292.0,20,7294.0,49,7280.0
SM501,,13:39:36.500#,7292.0,7370.0,7232.0,7938.0,6494.0,167794,300663,7272.0,268,7274.0,36,7276.0,15,7278.0,116,7280.0,129,7282.0,24,7288.0,36,7290.0,17,7292.0,20,7294.0,49,7282.0
SM501,,13:39:36.750#,7292.0,7370.0,7232.0,7938.0,6494.0,167795,300663,7272.0,268,7274.0,36,7276.0,15,7278.0,116,7280.0,128,7282.0,24,7288.0,36,7290.0,17,7292.0,20,7294.0,49,7280.0
SM501,,13:39:37.0#,7292.0,7370.0,7232.0,7938.0,6494.0,167795,300663,7272.0,268,7274.0,36,7276.0,15,7278.0,116,7280.0,128,7282.0,26,7288.0,34,7290.0,17,7292.0,20,7294.0,49,7280.0
SM501,,13:39:37.250#,7292.0,7370.0,7232.0,7938.0,6494.0,167795,300663,7272.0,268,7274.0,36,7276.0,15,7278.0,116,7280.0,128,7282.0,38,7288.0,34,7290.0,17,7292.0,20,7294.0,49,7280.0
SM501,,13:39:37.500#,7292.0,7370.0,7232.0,7938.0,6494.0,167796,300663,7272.0,268,7274.0,36,7276.0,15,7278.0,116,7280.0,129,7282.0,37,7288.0,34,7290.0,17,7292.0,20,7294.0,49,7282.0
SM501,,13:39:37.750#,7292.0,7370.0,7232.0,7938.0,6494.0,167798,300662,7272.0,268,7274.0,36,7276.0,15,7278.0,116,7280.0,128,7282.0,36,7288.0,34,7290.0,17,7292.0,20,7294.0,49,7280.0
SM501,,13:39:38.0#,7292.0,7370.0,7232.0,7938.0,6494.0,167799,300661,7272.0,268,7274.0,36,7276.0,15,7278.0,117,7280.0,127,7282.0,36,7284.0,5,7288.0,34,7290.0,17,7292.0,20,7280.0
SM501,,13:39:38.250#,7292.0,7370.0,7232.0,7938.0,6494.0,167800,300661,7272.0,268,7274.0,40,7276.0,15,7278.0,117,7280.0,126,7282.0,36,7284.0,6,7288.0,34,7290.0,17,7292.0,20,7280.0
SM501,,13:39:38.500#,7292.0,7370.0,7232.0,7938.0,6494.0,167803,300662,7272.0,268,7274.0,40,7276.0,15,7278.0,117,7280.0,128,7282.0,33,7284.0,6,7286.0,1,7288.0,34,7290.0,17,7282.0
SM501,,13:39:38.750#,7292.0,7370.0,7232.0,7938.0,6494.0,167821,300651,7272.0,268,7274.0,40,7276.0,15,7278.0,117,7280.0,125,7282.0,18,7284.0,6,7286.0,1,7288.0,34,7290.0,17,7282.0
SM501,,13:39:39.0#,7292.0,7370.0,7232.0,7938.0,6494.0,167828,300650,7272.0,268,7274.0,40,7276.0,15,7278.0,117,7280.0,123,7282.0,13,7284.0,6,7286.0,1,7288.0,34,7290.0,17,7280.0
SM501,,13:39:39.250#,7292.0,7370.0,7232.0,7938.0,6494.0,167840,300652,7272.0,268,7274.0,40,7276.0,15,7278.0,117,7280.0,115,7282.0,13,7284.0,6,7286.0,1,7288.0,34,7290.0,17,7280.0
SM501,,13:39:39.500#,7292.0,7370.0,7232.0,7938.0,6494.0,167840,300652,7272.0,268,7274.0,40,7276.0,15,7278.0,117,7280.0,121,7282.0,13,7284.0,6,7286.0,1,7288.0,34,7290.0,17,7280.0
SM501,,13:39:39.750#,7292.0,7370.0,7232.0,7938.0,6494.0,167840,300652,7272.0,268,7274.0,40,7276.0,15,7278.0,117,7280.0,121,7282.0,13,7284.0,6,7286.0,1,7288.0,34,7290.0,17,7280.0
SM501,,13:39:40.0#,7292.0,7370.0,7232.0,7938.0,6494.0,167842,300652,7272.0,268,7274.0,40,7276.0,15,7278.0,117,7280.0,119,7282.0,13,7284.0,6,7286.0,1,7288.0,34,7290.0,17,7280.0
SM501,,13:39:40.250#,7292.0,7370.0,7232.0,7938.0,6494.0,167844,300651,7272.0,268,7274.0,40,7276.0,15,7278.0,117,7280.0,117,7282.0,13,7284.0,6,7286.0,1,7288.0,34,7290.0,17,7280.0
SM501,,13:39:40.500#,7292.0,7370.0,7232.0,7938.0,6494.0,167855,300655,7272.0,268,7274.0,40,7276.0,15,7278.0,117,7280.0,108,7282.0,11,7284.0,6,7286.0,1,7288.0,34,7290.0,17,7280.0
SM501,,13:39:40.750#,7292.0,7370.0,7232.0,7938.0,6494.0,167855,300655,7272.0,268,7274.0,40,7276.0,15,7278.0,117,7280.0,121,7282.0,13,7284.0,6,7286.0,2,7288.0,35,7290.0,17,7280.0
SM501,,13:39:41.0#,7292.0,7370.0,7232.0,7938.0,6494.0,167871,300655,7272.0,268,7274.0,40,7276.0,15,7278.0,117,7280.0,118,7284.0,6,7286.0,2,7288.0,35,7290.0,17,7292.0,20,7280.0
SM501,,13:39:41.250#,7292.0,7370.0,7232.0,7938.0,6494.0,167871,300655,7274.0,40,7276.0,15,7278.0,117,7280.0,118,7282.0,4,7284.0,6,7286.0,2,7288.0,35,7290.0,17,7292.0,20,7280.0
SM501,,13:39:41.500#,7292.0,7370.0,7232.0,7938.0,6494.0,167873,300655,7274.0,40,7276.0,15,7278.0,117,7280.0,118,7282.0,2,7284.0,6,7286.0,2,7288.0,35,7290.0,17,7292.0,20,7280.0
SM501,,13:39:41.750#,7292.0,7370.0,7232.0,7938.0,6494.0,167879,300655,7274.0,40,7276.0,15,7278.0,117,7280.0,120,7284.0,8,7286.0,2,7288.0,35,7290.0,17,7292.0,20,7294.0,49,7284.0
SM501,,13:39:42.0#,7292.0,7370.0,7232.0,7938.0,6494.0,167884,300656,7274.0,40,7276.0,15,7278.0,117,7280.0,121,7284.0,3,7286.0,2,7288.0,35,7290.0,17,7292.0,20,7294.0,49,7284.0
SM501,,13:39:42.250#,7292.0,7370.0,7232.0,7938.0,6494.0,167892,300655,7272.0,268,7274.0,40,7276.0,16,7278.0,117,7280.0,118,7286.0,8,7288.0,34,7290.0,17,7292.0,20,7294.0,49,7282.0
SM501,,13:39:42.500#,7292.0,7370.0,7232.0,7938.0,6494.0,167894,300657,7272.0,268,7274.0,40,7276.0,16,7278.0,117,7280.0,116,7286.0,8,7288.0,34,7290.0,17,7292.0,20,7294.0,49,7280.0
SM501,,13:39:42.750#,7292.0,7370.0,7232.0,7938.0,6494.0,167896,300656,7274.0,40,7276.0,16,7278.0,117,7280.0,116,7282.0,50,7286.0,7,7288.0,34,7290.0,17,7292.0,20,7294.0,49,7286.0
SM501,,13:39:43.0#,7292.0,7370.0,7232.0,7938.0,6494.0,167898,300656,7276.0,16,7278.0,119,7280.0,116,7282.0,49,7284.0,1,7286.0,7,7288.0,34,7290.0,17,7292.0,20,7294.0,49,7282.0
SM501,,13:39:43.250#,7292.0,7370.0,7232.0,7938.0,6494.0,167899,300657,7274.0,40,7276.0,16,7278.0,119,7280.0,116,7282.0,50,7288.0,34,7290.0,17,7292.0,20,7294.0,49,7296.0,8,7284.0
SM501,,13:39:43.500#,7292.0,7370.0,7232.0,7938.0,6494.0,167900,300656,7274.0,40,7276.0,16,7278.0,119,7280.0,116,7282.0,49,7288.0,34,7290.0,17,7292.0,20,7294.0,49,7296.0,8,7282.0
SM501,,13:39:43.750#,7292.0,7370.0,7232.0,7938.0,6494.0,167901,300656,7274.0,40,7276.0,16,7278.0,119,7280.0,116,7282.0,48,7288.0,34,7290.0,17,7292.0,20,7294.0,49,7296.0,8,7282.0
SM501,,13:39:44.0#,7292.0,7370.0,7232.0,7938.0,6494.0,167919,300651,7274.0,40,7276.0,16,7278.0,119,7280.0,116,7282.0,30,7288.0,34,7290.0,17,7292.0,20,7294.0,49,7296.0,8,7282.0
SM501,,13:39:44.250#,7292.0,7370.0,7232.0,7938.0,6494.0,167929,300646,7274.0,40,7276.0,16,7278.0,119,7280.0,117,7282.0,22,7288.0,34,7290.0,17,7292.0,20,7294.0,49,7296.0,8,7282.0
SM501,,13:39:44.500#,7292.0,7370.0,7232.0,7938.0,6494.0,167929,300646,7274.0,40,7276.0,16,7278.0,119,7280.0,117,7282.0,23,7288.0,34,7290.0,17,7292.0,18,7294.0,49,7296.0,8,7282.0
SM501,,13:39:44.750#,7292.0,7370.0,7232.0,7938.0,6494.0,167929,300646,7274.0,40,7276.0,16,7278.0,128,7280.0,117,7282.0,23,7288.0,34,7290.0,17,7292.0,18,7294.0,49,7296.0,8,7282.0
SM501,,13:39:45.0#,7292.0,7370.0,7232.0,7938.0,6494.0,167930,300646,7274.0,36,7276.0,15,7278.0,128,7280.0,117,7282.0,22,7288.0,34,7290.0,17,7292.0,18,7294.0,49,7296.0,8,7282.0
SM501,,13:39:45.250#,7292.0,7370.0,7232.0,7938.0,6494.0,167930,300646,7274.0,36,7276.0,15,7278.0,128,7280.0,117,7282.0,23,7288.0,34,7290.0,17,7292.0,18,7294.0,46,7296.0,8,7282.0
SM501,,13:39:45.500#,7292.0,7370.0,7232.0,7938.0,6494.0,167930,300646,7274.0,36,7276.0,15,7278.0,128,7280.0,117,7282.0,24,7288.0,34,7290.0,17,7292.0,18,7294.0,46,7296.0,8,7282.0
SM501,,13:39:46.0#,7292.0,7370.0,7232.0,7938.0,6494.0,167930,300646,7274.0,36,7276.0,15,7278.0,129,7280.0,117,7282.0,25,7288.0,34,7290.0,17,7292.0,18,7294.0,46,7296.0,8,7282.0
SM501,,13:39:46.250#,7292.0,7370.0,7232.0,7938.0,6494.0,167931,300647,7274.0,36,7276.0,15,7278.0,129,7280.0,118,7282.0,25,7288.0,32,7290.0,17,7292.0,18,7294.0,46,7296.0,8,7288.0
SM501,,13:39:46.500#,7292.0,7370.0,7232.0,7938.0,6494.0,167942,300647,7274.0,36,7276.0,15,7278.0,127,7280.0,117,7282.0,21,7288.0,27,7290.0,18,7292.0,18,7294.0,46,7296.0,8,7282.0
SM501,,13:39:46.750#,7292.0,7370.0,7232.0,7938.0,6494.0,167942,300647,7274.0,36,7276.0,15,7278.0,127,7280.0,117,7282.0,25,7286.0,1,7288.0,27,7290.0,18,7292.0,18,7294.0,46,7282.0
SM501,,13:39:47.0#,7292.0,7370.0,7232.0,7938.0,6494.0,167968,300655,7272.0,268,7274.0,36,7276.0,15,7278.0,127,7280.0,123,7282.0,3,7286.0,1,7288.0,27,7290.0,18,7292.0,18,7282.0
SM501,,13:39:47.250#,7292.0,7370.0,7232.0,7938.0,6494.0,167971,300658,7274.0,36,7276.0,15,7278.0,127,7280.0,117,7282.0,52,7286.0,5,7288.0,27,7290.0,18,7292.0,18,7294.0,46,7282.0
SM501,,13:39:47.500#,7292.0,7370.0,7232.0,7938.0,6494.0,167971,300658,7276.0,15,7278.0,127,7280.0,117,7282.0,50,7284.0,18,7286.0,5,7288.0,27,7290.0,18,7292.0,19,7294.0,46,7282.0
SM501,,13:39:47.750#,7292.0,7370.0,7232.0,7938.0,6494.0,167981,300658,7278.0,127,7280.0,117,7282.0,11,7284.0,18,7286.0,30,7288.0,27,7290.0,19,7292.0,19,7294.0,46,7296.0,8,7286.0
SM501,,13:39:48.0#,7292.0,7370.0,7232.0,7938.0,6494.0,167982,300658,7278.0,127,7280.0,117,7282.0,11,7284.0,19,7286.0,30,7288.0,26,7290.0,19,7292.0,19,7294.0,46,7296.0,8,7288.0
SM501,,13:39:48.250#,7292.0,7370.0,7232.0,7938.0,6494.0,167984,300658,7278.0,127,7280.0,117,7282.0,11,7284.0,19,7286.0,28,7288.0,26,7290.0,19,7292.0,19,7294.0,46,7296.0,8,7286.0
SM501,,13:39:48.500#,7292.0,7370.0,7232.0,7938.0,6494.0,167984,300658,7278.0,127,7280.0,147,7282.0,11,7284.0,19,7286.0,28,7288.0,28,7290.0,19,7292.0,19,7294.0,46,7296.0,8,7286.0
SM501,,13:39:48.750#,7292.0,7370.0,7232.0,7938.0,6494.0,167984,300658,7278.0,127,7280.0,147,7282.0,12,7284.0,19,7286.0,28,7288.0,28,7290.0,19,7292.0,19,7294.0,46,7296.0,8,7286.0
SM501,,13:39:49.0#,7292.0,7370.0,7232.0,7938.0,6494.0,167984,300658,7278.0,127,7280.0,147,7282.0,13,7284.0,19,7286.0,28,7288.0,29,7290.0,19,7292.0,19,7294.0,46,7296.0,8,7286.0
SM501,,13:39:49.250#,7292.0,7370.0,7232.0,7938.0,6494.0,167985,300657,7278.0,127,7280.0,147,7282.0,12,7284.0,19,7286.0,27,7288.0,30,7290.0,19,7292.0,19,7294.0,46,7296.0,8,7286.0
SM501,,13:39:49.750#,7292.0,7370.0,7232.0,7938.0,6494.0,168002,300645,7278.0,127,7280.0,148,7282.0,12,7284.0,19,7286.0,24,7288.0,17,7290.0,19,7292.0,19,7294.0,46,7296.0,8,7286.0
SM501,,13:39:50.0#,7292.0,7370.0,7232.0,7938.0,6494.0,168003,300644,7278.0,127,7280.0,150,7282.0,13,7284.0,19,7286.0,24,7288.0,16,7290.0,19,7292.0,19,7294.0,46,7296.0,8,7288.0
SM501,,13:39:50.750#,7292.0,7370.0,7232.0,7938.0,6494.0,168004,300644,7278.0,127,7280.0,153,7282.0,13,7284.0,19,7286.0,23,7288.0,17,7290.0,19,7292.0,19,7294.0,46,7296.0,8,7286.0
SM501,,13:39:51.250#,7292.0,7370.0,7232.0,7938.0,6494.0,168005,300644,7278.0,127,7280.0,153,7282.0,13,7284.0,19,7286.0,22,7288.0,17,7290.0,19,7292.0,20,7294.0,46,7296.0,8,7286.0
SM501,,13:39:51.500#,7292.0,7370.0,7232.0,7938.0,6494.0,168005,300644,7278.0,127,7280.0,154,7282.0,13,7284.0,19,7286.0,22,7288.0,17,7290.0,19,7292.0,20,7294.0,46,7296.0,8,7286.0
SM501,,13:39:51.750#,7292.0,7370.0,7232.0,7938.0,6494.0,168005,300644,7278.0,127,7280.0,154,7282.0,13,7284.0,19,7286.0,22,7288.0,17,7290.0,19,7292.0,20,7294.0,46,7296.0,8,7286.0
SM501,,13:39:52.0#,7292.0,7370.0,7232.0,7938.0,6494.0,168010,300639,7278.0,127,7280.0,154,7282.0,13,7284.0,20,7286.0,17,7288.0,17,7290.0,19,7292.0,20,7294.0,46,7296.0,8,7286.0
SM501,,13:39:52.250#,7292.0,7370.0,7232.0,7938.0,6494.0,168014,300641,7278.0,129,7280.0,154,7282.0,10,7284.0,20,7286.0,17,7288.0,13,7290.0,19,7292.0,20,7294.0,46,7296.0,8,7288.0
SM501,,13:39:52.500#,7292.0,7370.0,7232.0,7938.0,6494.0,168014,300641,7278.0,129,7280.0,154,7282.0,10,7284.0,20,7286.0,17,7288.0,14,7290.0,19,7292.0,20,7294.0,46,7296.0,8,7288.0
SM501,,13:39:52.750#,7292.0,7370.0,7232.0,7938.0,6494.0,168023,300650,7278.0,129,7280.0,154,7282.0,11,7284.0,20,7286.0,17,7288.0,5,7290.0,20,7292.0,20,7294.0,46,7296.0,8,7288.0
SM501,,13:39:53.250#,7292.0,7370.0,7232.0,7938.0,6494.0,168023,300650,7278.0,129,7280.0,154,7282.0,11,7284.0,20,7286.0,17,7288.0,6,7290.0,20,7292.0,20,7294.0,46,7296.0,8,7288.0
SM501,,13:39:53.500#,7292.0,7370.0,7232.0,7938.0,6494.0,168023,300650,7278.0,129,7280.0,153,7282.0,11,7284.0,21,7286.0,17,7288.0,6,7290.0,20,7292.0,20,7294.0,46,7296.0,8,7288.0
SM501,,13:39:54.0#,7292.0,7370.0,7232.0,7938.0,6494.0,168023,300650,7278.0,129,7280.0,153,7282.0,11,7284.0,21,7286.0,17,7288.0,7,7290.0,20,7292.0,20,7294.0,46,7296.0,8,7288.0
SM501,,13:39:54.250#,7292.0,7370.0,7232.0,7938.0,6494.0,168023,300650,7278.0,120,7280.0,208,7282.0,11,7284.0,21,7286.0,17,7288.0,8,7290.0,20,7292.0,20,7294.0,46,7296.0,8,7288.0
SM501,,13:39:54.500#,7292.0,7370.0,7232.0,7938.0,6494.0,168028,300645,7278.0,120,7280.0,214,7282.0,11,7284.0,21,7286.0,12,7288.0,8,7290.0,20,7292.0,20,7294.0,46,7296.0,8,7286.0
SM501,,13:39:55.0#,7292.0,7370.0,7232.0,7938.0,6494.0,168028,300645,7278.0,120,7280.0,214,7282.0,11,7284.0,21,7286.0,12,7288.0,9,7290.0,23,7292.0,20,7294.0,46,7296.0,8,7286.0
SM501,,13:39:55.250#,7292.0,7370.0,7232.0,7938.0,6494.0,168028,300645,7278.0,120,7280.0,215,7282.0,11,7284.0,21,7286.0,12,7288.0,13,7290.0,23,7292.0,20,7294.0,46,7296.0,8,7286.0
SM501,,13:39:56.0#,7292.0,7370.0,7232.0,7938.0,6494.0,168028,300645,7278.0,120,7280.0,215,7282.0,11,7284.0,21,7286.0,12,7288.0,13,7290.0,23,7292.0,20,7294.0,46,7296.0,8,7286.0
SM501,,13:39:56.250#,7292.0,7370.0,7232.0,7938.0,6494.0,168028,300645,7278.0,120,7280.0,215,7282.0,11,7284.0,21,7286.0,12,7288.0,15,7290.0,23,7292.0,20,7294.0,46,7296.0,8,7286.0
SM501,,13:39:56.500#,7292.0,7370.0,7232.0,7938.0,6494.0,168028,300645,7278.0,120,7280.0,215,7282.0,11,7284.0,21,7286.0,12,7288.0,15,7290.0,23,7292.0,20,7294.0,46,7296.0,8,7286.0
SM501,,13:39:56.750#,7292.0,7370.0,7232.0,7938.0,6494.0,168037,300651,7278.0,120,7280.0,215,7282.0,11,7284.0,21,7286.0,12,7288.0,6,7290.0,23,7292.0,20,7294.0,46,7296.0,8,7288.0
SM501,,13:39:57.0#,7292.0,7370.0,7232.0,7938.0,6494.0,168043,300651,7278.0,120,7280.0,215,7282.0,11,7284.0,21,7286.0,6,7288.0,6,7290.0,23,7292.0,20,7294.0,46,7296.0,8,7286.0
SM501,,13:39:57.500#,7292.0,7370.0,7232.0,7938.0,6494.0,168045,300649,7278.0,120,7280.0,215,7282.0,11,7284.0,21,7286.0,4,7288.0,6,7290.0,23,7292.0,20,7294.0,46,7296.0,8,7286.0
SM501,,13:39:58.0#,7292.0,7370.0,7232.0,7938.0,6494.0,168049,300649,7276.0,15,7278.0,120,7280.0,215,7282.0,11,7284.0,21,7286.0,1,7288.0,6,7290.0,23,7292.0,20,7294.0,46,7286.0
SM501,,13:39:58.250#,7292.0,7370.0,7232.0,7938.0,6494.0,168050,300649,7278.0,120,7280.0,215,7282.0,11,7284.0,21,7286.0,4,7288.0,6,7290.0,23,7292.0,20,7294.0,46,7296.0,8,7286.0
SM501,,13:39:59.0#,7292.0,7370.0,7232.0,7938.0,6494.0,168053,300648,7278.0,120,7280.0,215,7282.0,11,7284.0,21,7286.0,3,7288.0,4,7290.0,23,7292.0,20,7294.0,46,7296.0,8,7286.0
SM501,,13:39:59.250#,7292.0,7370.0,7232.0,7938.0,6494.0,168053,300648,7278.0,119,7280.0,216,7282.0,11,7284.0,21,7286.0,3,7288.0,4,7290.0,23,7292.0,20,7294.0,46,7296.0,8,7286.0
SM501,,13:39:59.500#,7292.0,7370.0,7232.0,7938.0,6494.0,168055,300648,7278.0,119,7280.0,216,7282.0,11,7284.0,21,7286.0,1,7288.0,4,7290.0,23,7292.0,20,7294.0,46,7296.0,8,7286.0
SM501,,13:39:59.750#,7292.0,7370.0,7232.0,7938.0,6494.0,168060,300649,7276.0,15,7278.0,119,7280.0,216,7282.0,11,7284.0,21,7288.0,4,7290.0,23,7292.0,20,7294.0,46,7296.0,8,7286.0
SM501,,13:40:00.500#,7292.0,7370.0,7232.0,7938.0,6494.0,168060,300649,7276.0,15,7278.0,119,7280.0,216,7282.0,11,7284.0,21,7288.0,4,7290.0,22,7292.0,20,7294.0,46,7296.0,8,7286.0
SM501,,13:40:00.750#,7292.0,7370.0,7232.0,7938.0,6494.0,168065,300649,7276.0,15,7278.0,117,7280.0,216,7282.0,11,7284.0,21,7286.0,1,7288.0,4,7290.0,22,7292.0,20,7294.0,46,7286.0
SM501,,13:40:01.0#,7292.0,7370.0,7232.0,7938.0,6494.0,168086,300632,7276.0,15,7278.0,117,7280.0,213,7282.0,11,7284.0,5,7286.0,2,7288.0,4,7290.0,22,7292.0,20,7294.0,46,7284.0
SM501,,13:40:01.250#,7292.0,7370.0,7232.0,7938.0,6494.0,168086,300632,7276.0,15,7278.0,117,7280.0,213,7282.0,11,7284.0,5,7286.0,6,7288.0,4,7290.0,22,7292.0,20,7294.0,46,7284.0
SM501,,13:40:01.500#,7292.0,7370.0,7232.0,7938.0,6494.0,168086,300632,7276.0,15,7278.0,117,7280.0,213,7282.0,11,7284.0,10,7286.0,6,7288.0,4,7290.0,22,7292.0,20,7294.0,46,7284.0
SM501,,13:40:01.750#,7292.0,7370.0,7232.0,7938.0,6494.0,168086,300632,7276.0,15,7278.0,117,7280.0,213,7282.0,11,7284.0,10,7286.0,8,7288.0,4,7290.0,22,7292.0,20,7294.0,46,7284.0
SM501,,13:40:02.250#,7292.0,7370.0,7232.0,7938.0,6494.0,168091,300634,7276.0,15,7278.0,117,7280.0,213,7282.0,12,7284.0,22,7286.0,8,7288.0,4,7290.0,22,7292.0,20,7294.0,46,7284.0
SM501,,13:40:02.500#,7292.0,7370.0,7232.0,7938.0,6494.0,168091,300634,7276.0,15,7278.0,117,7280.0,213,7282.0,12,7284.0,40,7286.0,8,7288.0,24,7290.0,22,7292.0,19,7294.0,46,7284.0
SM501,,13:40:03.0#,7292.0,7370.0,7232.0,7938.0,6494.0,168092,300634,7276.0,15,7278.0,117,7280.0,213,7282.0,12,7284.0,40,7286.0,7,7288.0,24,7290.0,22,7292.0,19,7294.0,46,7286.0
SM501,,13:40:03.250#,7292.0,7370.0,7232.0,7938.0,6494.0,168092,300634,7276.0,15,7278.0,117,7280.0,213,7282.0,17,7284.0,40,7286.0,7,7288.0,24,7290.0,22,7292.0,19,7294.0,46,7286.0
SM501,,13:40:03.500#,7292.0,7370.0,7232.0,7938.0,6494.0,168101,300629,7276.0,15,7278.0,117,7280.0,213,7282.0,17,7284.0,36,7286.0,3,7288.0,24,7290.0,22,7292.0,19,7294.0,46,7286.0
SM501,,13:40:04.500#,7292.0,7370.0,7232.0,7938.0,6494.0,168107,300630,7276.0,15,7278.0,117,7280.0,213,7282.0,17,7284.0,31,7286.0,2,7288.0,24,7290.0,22,7292.0,19,7294.0,46,7286.0
SM501,,13:40:04.750#,7292.0,7370.0,7232.0,7938.0,6494.0,168109,300632,7278.0,117,7280.0,214,7282.0,17,7284.0,32,7286.0,2,7288.0,24,7290.0,22,7292.0,19,7294.0,46,7296.0,8,7286.0
SM501,,13:40:05.0#,7292.0,7370.0,7232.0,7938.0,6494.0,168109,300632,7278.0,117,7280.0,214,7282.0,17,7284.0,14,7286.0,4,7288.0,30,7290.0,22,7292.0,19,7294.0,46,7296.0,8,7286.0
SM501,,13:40:05.250#,7292.0,7370.0,7232.0,7938.0,6494.0,168109,300632,7278.0,117,7280.0,214,7282.0,17,7284.0,11,7286.0,11,7288.0,30,7290.0,22,7292.0,19,7294.0,46,7296.0,8,7286.0
SM501,,13:40:05.500#,7292.0,7370.0,7232.0,7938.0,6494.0,168109,300632,7278.0,117,7280.0,214,7282.0,17,7284.0,2,7286.0,20,7288.0,30,7290.0,26,7292.0,19,7294.0,46,7296.0,8,7286.0
SM501,,13:40:05.750#,7292.0,7370.0,7232.0,7938.0,6494.0,168111,300633,7278.0,117,7280.0,214,7282.0,17,7284.0,2,7286.0,21,7288.0,30,7290.0,26,7292.0,19,7294.0,46,7296.0,8,7286.0
SM501,,13:40:06.0#,7292.0,7370.0,7232.0,7938.0,6494.0,168116,300633,7278.0,117,7280.0,214,7282.0,17,7284.0,2,7286.0,26,7288.0,30,7290.0,26,7292.0,19,7294.0,46,7296.0,8,7286.0
SM501,,13:40:06.500#,7292.0,7370.0,7232.0,7938.0,6494.0,168116,300633,7278.0,117,7280.0,214,7282.0,17,7284.0,2,7286.0,26,7288.0,30,7290.0,26,7292.0,19,7294.0,46,7296.0,8,7286.0
SM501,,13:40:06.750#,7292.0,7370.0,7232.0,7938.0,6494.0,168117,300633,7278.0,117,7280.0,214,7282.0,17,7284.0,2,7286.0,26,7288.0,29,7290.0,26,7292.0,19,7294.0,46,7296.0,8,7288.0
SM501,,13:40:07.0#,7292.0,7370.0,7232.0,7938.0,6494.0,168119,300633,7278.0,117,7280.0,214,7282.0,17,7284.0,4,7286.0,26,7288.0,27,7290.0,26,7292.0,19,7294.0,46,7296.0,8,7288.0
SM501,,13:40:07.250#,7292.0,7370.0,7232.0,7938.0,6494.0,168120,300633,7278.0,117,7280.0,214,7282.0,17,7284.0,4,7286.0,26,7288.0,26,7290.0,26,7292.0,19,7294.0,46,7296.0,8,7288.0
SM501,,13:40:07.750#,7292.0,7370.0,7232.0,7938.0,6494.0,168120,300633,7278.0,117,7280.0,214,7282.0,17,7284.0,6,7286.0,26,7288.0,26,7290.0,26,7292.0,19,7294.0,46,7296.0,8,7288.0
SM501,,13:40:08.0#,7292.0,7370.0,7232.0,7938.0,6494.0,168120,300633,7278.0,117,7280.0,209,7282.0,17,7284.0,6,7286.0,26,7288.0,26,7290.0,26,7292.0,19,7294.0,46,7296.0,8,7288.0
SM501,,13:40:08.250#,7292.0,7370.0,7232.0,7938.0,6494.0,168120,300633,7278.0,117,7280.0,200,7282.0,17,7284.0,6,7286.0,26,7288.0,26,7290.0,26,7292.0,19,7294.0,46,7296.0,8,7288.0
SM501,,13:40:08.500#,7292.0,7370.0,7232.0,7938.0,6494.0,168120,300633,7278.0,117,7280.0,200,7282.0,17,7284.0,6,7286.0,26,7288.0,46,7290.0,22,7292.0,19,7294.0,46,7296.0,8,7288.0
SM501,,13:40:08.750#,7292.0,7370.0,7232.0,7938.0,6494.0,168120,300633,7278.0,117,7280.0,201,7282.0,17,7284.0,6,7286.0,26,7288.0,46,7290.0,22,7292.0,19,7294.0,46,7296.0,8,7288.0
SM501,,13:40:09.0#,7292.0,7370.0,7232.0,7938.0,6494.0,168120,300633,7278.0,117,7280.0,206,7282.0,18,7284.0,6,7286.0,26,7288.0,46,7290.0,22,7292.0,19,7294.0,46,7296.0,8,7288.0
SM501,,13:40:09.250#,7292.0,7370.0,7232.0,7938.0,6494.0,168120,300633,7278.0,117,7280.0,207,7282.0,18,7284.0,6,7286.0,26,7288.0,47,7290.0,22,7292.0,19,7294.0,46,7296.0,8,7288.0
SM501,,13:40:09.500#,7292.0,7370.0,7232.0,7938.0,6494.0,168120,300633,7278.0,117,7280.0,207,7282.0,18,7284.0,6,7286.0,26,7288.0,27,7290.0,22,7292.0,19,7294.0,46,7296.0,8,7288.0
SM501,,13:40:10.0#,7292.0,7370.0,7232.0,7938.0,6494.0,168123,300633,7278.0,117,7280.0,207,7282.0,18,7284.0,6,7286.0,26,7288.0,25,7290.0,22,7292.0,19,7294.0,46,7296.0,8,7288.0
SM501,,13:40:10.250#,7292.0,7370.0,7232.0,7938.0,6494.0,168123,300633,7278.0,117,7280.0,207,7282.0,18,7284.0,6,7286.0,26,7288.0,35,7290.0,22,7292.0,19,7294.0,46,7296.0,8,7288.0
SM501,,13:40:10.500#,7292.0,7370.0,7232.0,7938.0,6494.0,168123,300633,7278.0,117,7280.0,207,7282.0,19,7284.0,6,7286.0,27,7288.0,35,7290.0,22,7292.0,19,7294.0,46,7296.0,8,7288.0
SM501,,13:40:10.750#,7292.0,7370.0,7232.0,7938.0,6494.0,168124,300633,7278.0,117,7280.0,207,7282.0,19,7284.0,6,7286.0,27,7288.0,35,7290.0,22,7292.0,19,7294.0,46,7296.0,8,7286.0
SM501,,13:40:11.0#,7292.0,7370.0,7232.0,7938.0,6494.0,168126,300633,7278.0,117,7280.0,207,7282.0,19,7284.0,6,7286.0,25,7288.0,35,7290.0,22,7292.0,19,7294.0,46,7296.0,8,7286.0
SM501,,13:40:11.250#,7292.0,7370.0,7232.0,7938.0,6494.0,168127,300633,7278.0,117,7280.0,207,7282.0,21,7284.0,6,7286.0,30,7288.0,34,7290.0,23,7292.0,19,7294.0,46,7296.0,8,7288.0
SM501,,13:40:11.500#,7292.0,7370.0,7232.0,7938.0,6494.0,168132,300628,7278.0,117,7280.0,207,7282.0,21,7284.0,6,7286.0,25,7288.0,34,7290.0,23,7292.0,19,7294.0,46,7296.0,8,7286.0
SM501,,13:40:11.750#,7292.0,7370.0,7232.0,7938.0,6494.0,168133,300628,7278.0,117,7280.0,207,7282.0,21,7284.0,5,7286.0,25,7288.0,33,7290.0,23,7292.0,19,7294.0,46,7296.0,8,7288.0
SM501,,13:40:12.250#,7292.0,7370.0,7232.0,7938.0,6494.0,168133,300628,7278.0,117,7280.0,207,7282.0,21,7284.0,5,7286.0,25,7288.0,43,7290.0,23,7292.0,19,7294.0,46,7296.0,8,7288.0
SM501,,13:40:12.750#,7292.0,7370.0,7232.0,7938.0,6494.0,168133,300628,7278.0,117,7280.0,207,7282.0,21,7284.0,5,7286.0,25,7288.0,44,7290.0,23,7292.0,19,7294.0,46,7296.0,8,7288.0
SM501,,13:40:13.0#,7292.0,7370.0,7232.0,7938.0,6494.0,168133,300628,7278.0,117,7280.0,207,7282.0,21,7284.0,5,7286.0,25,7288.0,46,7290.0,23,7292.0,19,7294.0,46,7296.0,8,7288.0
SM501,,13:40:13.500#,7292.0,7370.0,7232.0,7938.0,6494.0,168133,300628,7278.0,117,7280.0,207,7282.0,21,7284.0,5,7286.0,25,7288.0,46,7290.0,23,7292.0,19,7294.0,46,7296.0,8,7288.0
SM501,,13:40:14.0#,7292.0,7370.0,7232.0,7938.0,6494.0,168134,300628,7278.0,117,7280.0,207,7282.0,21,7284.0,7,7286.0,24,7288.0,46,7290.0,23,7292.0,19,7294.0,46,7296.0,8,7286.0
SM501,,13:40:14.750#,7292.0,7370.0,7232.0,7938.0,6494.0,168134,300628,7278.0,117,7280.0,207,7282.0,21,7284.0,7,7286.0,24,7288.0,46,7290.0,23,7292.0,19,7294.0,46,7296.0,8,7286.0
SM501,,13:40:15.0#,7292.0,7370.0,7232.0,7938.0,6494.0,168134,300628,7278.0,117,7280.0,207,7282.0,21,7284.0,7,7286.0,24,7288.0,45,7290.0,28,7292.0,19,7294.0,46,7296.0,8,7286.0
SM501,,13:40:15.250#,7292.0,7370.0,7232.0,7938.0,6494.0,168134,300628,7278.0,117,7280.0,207,7282.0,21,7284.0,7,7286.0,24,7288.0,46,7290.0,28,7292.0,19,7294.0,46,7296.0,8,7286.0
SM501,,13:40:15.750#,7292.0,7370.0,7232.0,7938.0,6494.0,168135,300629,7278.0,117,7280.0,208,7282.0,21,7284.0,7,7286.0,24,7288.0,45,7290.0,28,7292.0,19,7294.0,46,7296.0,8,7288.0
SM501,,13:40:16.0#,7292.0,7370.0,7232.0,7938.0,6494.0,168141,300629,7278.0,117,7280.0,208,7282.0,21,7284.0,7,7286.0,18,7288.0,45,7290.0,28,7292.0,19,7294.0,46,7296.0,8,7286.0
SM501,,13:40:16.500#,7292.0,7370.0,7232.0,7938.0,6494.0,168141,300629,7278.0,117,7280.0,208,7282.0,21,7284.0,7,7286.0,19,7288.0,45,7290.0,28,7292.0,19,7294.0,46,7296.0,8,7286.0
SM501,,13:40:17.0#,7292.0,7370.0,7232.0,7938.0,6494.0,168146,300634,7278.0,117,7280.0,208,7282.0,21,7284.0,7,7286.0,19,7288.0,40,7290.0,28,7292.0,19,7294.0,46,7296.0,8,7288.0
SM501,,13:40:17.250#,7292.0,7370.0,7232.0,7938.0,6494.0,168147,300635,7278.0,117,7280.0,208,7282.0,21,7284.0,7,7286.0,24,7288.0,39,7290.0,28,7292.0,19,7294.0,46,7296.0,8,7288.0
SM501,,13:40:17.500#,7292.0,7370.0,7232.0,7938.0,6494.0,168152,300640,7278.0,117,7280.0,208,7282.0,21,7284.0,7,7286.0,35,7288.0,34,7290.0,28,7292.0,19,7294.0,46,7296.0,8,7288.0
SM501,,13:40:17.750#,7292.0,7370.0,7232.0,7938.0,6494.0,168152,300640,7278.0,117,7280.0,208,7282.0,21,7284.0,8,7286.0,36,7288.0,34,7290.0,28,7292.0,19,7294.0,46,7296.0,8,7288.0
SM501,,13:40:18.750#,7292.0,7370.0,7232.0,7938.0,6494.0,168153,300639,7278.0,117,7280.0,208,7282.0,21,7284.0,8,7286.0,35,7288.0,34,7290.0,28,7292.0,19,7294.0,46,7296.0,8,7286.0
SM501,,13:40:19.0#,7292.0,7370.0,7232.0,7938.0,6494.0,168153,300639,7278.0,117,7280.0,213,7282.0,21,7284.0,8,7286.0,35,7288.0,34,7290.0,28,7292.0,19,7294.0,46,7296.0,8,7286.0
SM501,,13:40:19.250#,7292.0,7370.0,7232.0,7938.0,6494.0,168153,300639,7278.0,117,7280.0,213,7282.0,21,7284.0,8,7286.0,36,7288.0,34,7290.0,28,7292.0,19,7294.0,46,7296.0,8,7286.0
SM501,,13:40:19.500#,7292.0,7370.0,7232.0,7938.0,6494.0,168153,300639,7278.0,120,7280.0,213,7282.0,21,7284.0,8,7286.0,37,7288.0,42,7290.0,28,7292.0,19,7294.0,46,7296.0,8,7286.0
SM501,,13:40:20.250#,7292.0,7370.0,7232.0,7938.0,6494.0,168153,300639,7278.0,120,7280.0,213,7282.0,20,7284.0,9,7286.0,38,7288.0,42,7290.0,28,7292.0,19,7294.0,46,7296.0,8,7286.0
SM501,,13:40:20.750#,7292.0,7370.0,7232.0,7938.0,6494.0,168154,300640,7278.0,120,7280.0,213,7282.0,20,7284.0,9,7286.0,38,7288.0,41,7290.0,28,7292.0,19,7294.0,46,7296.0,8,7288.0
SM501,,13:40:21.250#,7292.0,7370.0,7232.0,7938.0,6494.0,168159,300640,7278.0,120,7280.0,213,7282.0,20,7284.0,9,7286.0,39,7288.0,36,7290.0,28,7292.0,19,7294.0,46,7296.0,8,7288.0
SM501,,13:40:21.500#,7292.0,7370.0,7232.0,7938.0,6494.0,168176,300640,7278.0,120,7280.0,213,7282.0,20,7284.0,9,7286.0,34,7288.0,24,7290.0,28,7292.0,19,7294.0,46,7296.0,8,7288.0
SM501,,13:40:21.750#,7292.0,7370.0,7232.0,7938.0,6494.0,168200,300657,7280.0,213,7282.0,21,7284.0,9,7286.0,34,7288.0,1,7290.0,28,7292.0,19,7294.0,46,7296.0,8,7298.0,10,7288.0
SM501,,13:40:22.0#,7292.0,7370.0,7232.0,7938.0,6494.0,168200,300657,7280.0,213,7282.0,20,7284.0,9,7286.0,33,7288.0,6,7290.0,28,7292.0,19,7294.0,46,7296.0,8,7298.0,10,7288.0
SM501,,13:40:22.250#,7292.0,7370.0,7232.0,7938.0,6494.0,168200,300657,7280.0,213,7282.0,20,7284.0,9,7286.0,33,7288.0,8,7290.0,24,7292.0,19,7294.0,46,7296.0,8,7298.0,10,7288.0
SM501,,13:40:22.500#,7292.0,7370.0,7232.0,7938.0,6494.0,168200,300657,7280.0,213,7282.0,20,7284.0,9,7286.0,28,7288.0,10,7290.0,20,7292.0,19,7294.0,46,7296.0,8,7298.0,10,7288.0
SM501,,13:40:23.0#,7292.0,7370.0,7232.0,7938.0,6494.0,168200,300657,7280.0,213,7282.0,20,7284.0,9,7286.0,27,7288.0,11,7290.0,20,7292.0,19,7294.0,46,7296.0,8,7298.0,10,7288.0
SM501,,13:40:23.250#,7292.0,7370.0,7232.0,7938.0,6494.0,168215,300650,7278.0,120,7280.0,213,7282.0,20,7284.0,9,7286.0,29,7288.0,5,7290.0,20,7292.0,19,7294.0,46,7296.0,8,7286.0
SM501,,13:40:23.500#,7292.0,7370.0,7232.0,7938.0,6494.0,168219,300650,7278.0,120,7280.0,213,7282.0,20,7284.0,9,7286.0,30,7288.0,1,7290.0,20,7292.0,19,7294.0,46,7296.0,8,7288.0
SM501,,13:40:24.0#,7292.0,7370.0,7232.0,7938.0,6494.0,168223,300652,7278.0,120,7280.0,213,7282.0,20,7284.0,9,7286.0,30,7290.0,19,7292.0,19,7294.0,46,7296.0,8,7298.0,10,7290.0
SM501,,13:40:24.250#,7292.0,7370.0,7232.0,7938.0,6494.0,168224,300651,7278.0,120,7280.0,215,7282.0,20,7284.0,9,7286.0,30,7290.0,18,7292.0,19,7294.0,46,7296.0,8,7298.0,10,7290.0
SM501,,13:40:24.500#,7292.0,7370.0,7232.0,7938.0,6494.0,168225,300650,7278.0,120,7280.0,214,7282.0,20,7284.0,9,7286.0,29,7290.0,18,7292.0,19,7294.0,46,7296.0,8,7298.0,10,7286.0
SM501,,13:40:24.750#,7292.0,7370.0,7232.0,7938.0,6494.0,168225,300650,7278.0,120,7280.0,213,7282.0,20,7284.0,9,7286.0,29,7290.0,18,7292.0,19,7294.0,46,7296.0,8,7298.0,10,7286.0
SM501,,13:40:25.750#,7292.0,7370.0,7232.0,7938.0,6494.0,168226,300649,7278.0,120,7280.0,213,7282.0,20,7284.0,9,7286.0,29,7290.0,17,7292.0,19,7294.0,46,7296.0,8,7298.0,10,7290.0
SM501,,13:40:27.0#,7292.0,7370.0,7232.0,7938.0,6494.0,168228,300650,7278.0,120,7280.0,213,7282.0,20,7284.0,9,7286.0,27,7290.0,17,7292.0,19,7294.0,46,7296.0,8,7298.0,10,7286.0
SM501,,13:40:27.250#,7292.0,7370.0,7232.0,7938.0,6494.0,168228,300650,7278.0,120,7280.0,213,7282.0,20,7284.0,9,7286.0,27,7288.0,4,7290.0,19,7292.0,19,7294.0,46,7296.0,8,7286.0
SM501,,13:40:27.500#,7292.0,7370.0,7232.0,7938.0,6494.0,168228,300650,7278.0,120,7280.0,213,7282.0,20,7284.0,9,7286.0,27,7288.0,6,7290.0,17,7292.0,19,7294.0,46,7296.0,8,7286.0
SM501,,13:40:28.0#,7292.0,7370.0,7232.0,7938.0,6494.0,168232,300654,7278.0,120,7280.0,213,7282.0,20,7284.0,9,7286.0,24,7288.0,6,7290.0,17,7292.0,19,7294.0,46,7296.0,8,7286.0
SM501,,13:40:28.250#,7292.0,7370.0,7232.0,7938.0,6494.0,168232,300654,7278.0,120,7280.0,213,7282.0,20,7284.0,9,7286.0,23,7288.0,6,7290.0,17,7292.0,19,7294.0,46,7296.0,8,7286.0
SM501,,13:40:28.500#,7292.0,7370.0,7232.0,7938.0,6494.0,168237,300655,7278.0,120,7280.0,212,7282.0,20,7284.0,9,7286.0,23,7288.0,1,7290.0,17,7292.0,19,7294.0,46,7296.0,8,7288.0
SM501,,13:40:28.750#,7292.0,7370.0,7232.0,7938.0,6494.0,168238,300655,7278.0,120,7280.0,212,7282.0,20,7284.0,9,7286.0,26,7290.0,12,7292.0,24,7294.0,46,7296.0,8,7298.0,10,7288.0
SM501,,13:40:29.0#,7292.0,7370.0,7232.0,7938.0,6494.0,168238,300655,7278.0,120,7280.0,212,7282.0,20,7284.0,9,7286.0,26,7290.0,12,7292.0,24,7294.0,46,7296.0,8,7298.0,10,7288.0
SM501,,13:40:29.250#,7292.0,7370.0,7232.0,7938.0,6494.0,168238,300655,7278.0,120,7280.0,212,7282.0,20,7284.0,9,7286.0,26,7290.0,12,7292.0,24,7294.0,46,7296.0,8,7298.0,10,7288.0
SM501,,13:40:30.0#,7292.0,7370.0,7232.0,7938.0,6494.0,168238,300655,7278.0,120,7280.0,212,7282.0,20,7284.0,9,7286.0,25,7290.0,12,7292.0,24,7294.0,46,7296.0,8,7298.0,10,7288.0
SM501,,13:40:30.500#,7292.0,7370.0,7232.0,7938.0,6494.0,168239,300655,7280.0,212,7282.0,20,7284.0,9,7286.0,24,7288.0,1,7290.0,12,7292.0,24,7294.0,46,7296.0,8,7298.0,10,7288.0
SM501,,13:40:30.750#,7292.0,7370.0,7232.0,7938.0,6494.0,168239,300655,7280.0,212,7282.0,20,7284.0,9,7286.0,24,7288.0,4,7290.0,12,7292.0,24,7294.0,46,7296.0,8,7298.0,10,7288.0
SM501,,13:40:31.0#,7292.0,7370.0,7232.0,7938.0,6494.0,168239,300655,7280.0,212,7282.0,20,7284.0,9,7286.0,23,7288.0,5,7290.0,12,7292.0,24,7294.0,46,7296.0,8,7298.0,10,7288.0
SM501,,13:40:31.500#,7292.0,7370.0,7232.0,7938.0,6494.0,168239,300655,7280.0,212,7282.0,20,7284.0,9,7286.0,23,7288.0,7,7290.0,12,7292.0,24,7294.0,46,7296.0,8,7298.0,10,7288.0
SM501,,13:40:31.750#,7292.0,7370.0,7232.0,7938.0,6494.0,168241,300654,7280.0,212,7282.0,20,7284.0,9,7286.0,23,7288.0,6,7290.0,12,7292.0,24,7294.0,46,7296.0,8,7298.0,10,7288.0
SM501,,13:40:32.0#,7292.0,7370.0,7232.0,7938.0,6494.0,168243,300656,7280.0,212,7282.0,20,7284.0,9,7286.0,23,7288.0,6,7290.0,10,7292.0,24,7294.0,46,7296.0,8,7298.0,10,7290.0
SM501,,13:40:32.750#,7292.0,7370.0,7232.0,7938.0,6494.0,168243,300656,7280.0,212,7282.0,20,7284.0,9,7286.0,23,7288.0,6,7290.0,10,7292.0,24,7294.0,46,7296.0,8,7298.0,10,7290.0
SM501,,13:40:33.0#,7292.0,7370.0,7232.0,7938.0,6494.0,168243,300656,7280.0,212,7282.0,21,7284.0,9,7286.0,23,7288.0,6,7290.0,10,7292.0,24,7294.0,46,7296.0,8,7298.0,10,7290.0
SM501,,13:40:33.250#,7292.0,7370.0,7232.0,7938.0,6494.0,168248,300660,7280.0,212,7282.0,21,7284.0,9,7286.0,23,7288.0,6,7290.0,5,7292.0,24,7294.0,46,7296.0,8,7298.0,10,7290.0
SM501,,13:40:33.500#,7292.0,7370.0,7232.0,7938.0,6494.0,168248,300660,7280.0,212,7282.0,21,7284.0,9,7286.0,23,7288.0,6,7290.0,5,7292.0,24,7294.0,46,7296.0,8,7298.0,10,7290.0
SM501,,13:40:34.0#,7292.0,7370.0,7232.0,7938.0,6494.0,168248,300660,7280.0,212,7282.0,21,7284.0,9,7286.0,25,7288.0,6,7290.0,5,7292.0,24,7294.0,46,7296.0,8,7298.0,10,7290.0
SM501,,13:40:34.250#,7292.0,7370.0,7232.0,7938.0,6494.0,168249,300659,7280.0,212,7282.0,21,7284.0,9,7286.0,25,7288.0,7,7290.0,4,7292.0,24,7294.0,46,7296.0,8,7298.0,10,7290.0
SM501,,13:40:34.500#,7292.0,7370.0,7232.0,7938.0,6494.0,168249,300659,7280.0,212,7282.0,21,7284.0,9,7286.0,25,7288.0,7,7290.0,4,7292.0,24,7294.0,46,7296.0,8,7298.0,10,7290.0
SM501,,13:40:35.0#,7292.0,7370.0,7232.0,7938.0,6494.0,168250,300659,7280.0,212,7282.0,21,7284.0,9,7286.0,25,7288.0,7,7290.0,3,7292.0,24,7294.0,46,7296.0,8,7298.0,10,7290.0
SM501,,13:40:35.500#,7292.0,7370.0,7232.0,7938.0,6494.0,168251,300659,7280.0,212,7282.0,21,7284.0,9,7286.0,25,7288.0,7,7290.0,2,7292.0,24,7294.0,46,7296.0,8,7298.0,10,7290.0
SM501,,13:40:36.750#,7292.0,7370.0,7232.0,7938.0,6494.0,168251,300659,7280.0,212,7282.0,21,7284.0,9,7286.0,25,7288.0,7,7290.0,2,7292.0,24,7294.0,46,7296.0,8,7298.0,10,7290.0
SM501,,13:40:37.0#,7292.0,7370.0,7232.0,7938.0,6494.0,168251,300659,7280.0,212,7282.0,21,7284.0,9,7286.0,25,7288.0,7,7290.0,2,7292.0,24,7294.0,46,7296.0,8,7298.0,10,7290.0
SM501,,13:40:37.250#,7292.0,7370.0,7232.0,7938.0,6494.0,168252,300660,7280.0,212,7282.0,21,7284.0,10,7286.0,25,7288.0,6,7290.0,2,7292.0,24,7294.0,46,7296.0,8,7298.0,10,7288.0
SM501,,13:40:38.0#,7292.0,7370.0,7232.0,7938.0,6494.0,168252,300660,7280.0,212,7282.0,21,7284.0,10,7286.0,25,7288.0,6,7290.0,5,7292.0,24,7294.0,46,7296.0,8,7298.0,10,7288.0
SM501,,13:40:38.500#,7292.0,7370.0,7232.0,7938.0,6494.0,168252,300660,7280.0,212,7282.0,21,7284.0,10,7286.0,25,7288.0,6,7290.0,5,7292.0,19,7294.0,51,7296.0,8,7298.0,10,7288.0
SM501,,13:40:39.250#,7292.0,7370.0,7232.0,7938.0,6494.0,168252,300660,7280.0,212,7282.0,21,7284.0,10,7286.0,26,7288.0,6,7290.0,5,7292.0,19,7294.0,51,7296.0,8,7298.0,10,7288.0
SM501,,13:40:39.500#,7292.0,7370.0,7232.0,7938.0,6494.0,168252,300660,7280.0,212,7282.0,21,7284.0,10,7286.0,26,7288.0,6,7290.0,7,7292.0,21,7294.0,51,7296.0,8,7298.0,10,7288.0
SM501,,13:40:40.750#,7292.0,7370.0,7232.0,7938.0,6494.0,168252,300660,7280.0,212,7282.0,21,7284.0,30,7286.0,26,7288.0,6,7290.0,7,7292.0,21,7294.0,51,7296.0,8,7298.0,10,7288.0
SM501,,13:40:41.0#,7292.0,7370.0,7232.0,7938.0,6494.0,168252,300660,7280.0,212,7282.0,21,7284.0,30,7286.0,26,7288.0,7,7290.0,7,7292.0,21,7294.0,51,7296.0,8,7298.0,10,7288.0
SM501,,13:40:41.750#,7292.0,7370.0,7232.0,7938.0,6494.0,168252,300660,7280.0,212,7282.0,21,7284.0,30,7286.0,25,7288.0,9,7290.0,7,7292.0,21,7294.0,51,7296.0,8,7298.0,10,7288.0
SM501,,13:40:42.0#,7292.0,7370.0,7232.0,7938.0,6494.0,168252,300660,7280.0,212,7282.0,21,7284.0,30,7286.0,25,7288.0,11,7290.0,7,7292.0,21,7294.0,51,7296.0,8,7298.0,10,7288.0
SM501,,13:40:42.250#,7292.0,7370.0,7232.0,7938.0,6494.0,168252,300660,7280.0,212,7282.0,21,7284.0,30,7286.0,25,7288.0,11,7290.0,6,7292.0,21,7294.0,51,7296.0,8,7298.0,10,7288.0
SM501,,13:40:42.500#,7292.0,7370.0,7232.0,7938.0,6494.0,168252,300660,7280.0,212,7282.0,21,7284.0,30,7286.0,25,7288.0,11,7290.0,6,7292.0,21,7294.0,51,7296.0,8,7298.0,10,7288.0
SM501,,13:40:43.250#,7292.0,7370.0,7232.0,7938.0,6494.0,168252,300660,7280.0,212,7282.0,21,7284.0,30,7286.0,25,7288.0,16,7290.0,7,7292.0,21,7294.0,51,7296.0,8,7298.0,10,7288.0
SM501,,13:40:43.500#,7292.0,7370.0,7232.0,7938.0,6494.0,168252,300660,7280.0,212,7282.0,21,7284.0,30,7286.0,26,7288.0,18,7290.0,7,7292.0,21,7294.0,51,7296.0,8,7298.0,10,7288.0
SM501,,13:40:44.500#,7292.0,7370.0,7232.0,7938.0,6494.0,168252,300660,7280.0,212,7282.0,21,7284.0,30,7286.0,26,7288.0,20,7290.0,7,7292.0,21,7294.0,51,7296.0,8,7298.0,10,7288.0
SM501,,13:40:44.750#,7292.0,7370.0,7232.0,7938.0,6494.0,168252,300660,7280.0,212,7282.0,21,7284.0,30,7286.0,26,7288.0,22,7290.0,7,7292.0,22,7294.0,51,7296.0,8,7298.0,10,7288.0
SM501,,13:40:45.250#,7292.0,7370.0,7232.0,7938.0,6494.0,168253,300660,7280.0,212,7282.0,21,7284.0,30,7286.0,26,7288.0,22,7290.0,6,7292.0,22,7294.0,51,7296.0,8,7298.0,10,7290.0
SM501,,13:40:47.250#,7292.0,7370.0,7232.0,7938.0,6494.0,168254,300660,7280.0,212,7282.0,21,7284.0,30,7286.0,27,7288.0,22,7290.0,5,7292.0,22,7294.0,51,7296.0,8,7298.0,10,7290.0
SM501,,13:40:48.250#,7292.0,7370.0,7232.0,7938.0,6494.0,168254,300660,7280.0,212,7282.0,21,7284.0,30,7286.0,27,7288.0,22,7290.0,5,7292.0,22,7294.0,51,7296.0,8,7298.0,10,7290.0
SM501,,13:40:48.750#,7292.0,7370.0,7232.0,7938.0,6494.0,168255,300661,7280.0,212,7282.0,21,7284.0,30,7286.0,27,7288.0,21,7290.0,5,7292.0,22,7294.0,51,7296.0,8,7298.0,10,7288.0
SM501,,13:40:49.0#,7292.0,7370.0,7232.0,7938.0,6494.0,168255,300661,7280.0,212,7282.0,21,7284.0,30,7286.0,27,7288.0,22,7290.0,5,7292.0,22,7294.0,51,7296.0,8,7298.0,10,7288.0
SM501,,13:40:49.500#,7292.0,7370.0,7232.0,7938.0,6494.0,168255,300661,7280.0,212,7282.0,21,7284.0,30,7286.0,27,7288.0,22,7290.0,5,7292.0,22,7294.0,46,7296.0,13,7298.0,10,7288.0
SM501,,13:40:50.500#,7292.0,7370.0,7232.0,7938.0,6494.0,168255,300661,7280.0,212,7282.0,21,7284.0,30,7286.0,27,7288.0,23,7290.0,5,7292.0,22,7294.0,46,7296.0,13,7298.0,10,7288.0
SM501,,13:40:51.500#,7292.0,7370.0,7232.0,7938.0,6494.0,168255,300661,7280.0,212,7282.0,21,7284.0,30,7286.0,27,7288.0,24,7290.0,5,7292.0,22,7294.0,46,7296.0,13,7298.0,10,7288.0
SM501,,13:40:52.750#,7292.0,7370.0,7232.0,7938.0,6494.0,168256,300662,7280.0,212,7282.0,21,7284.0,30,7286.0,28,7288.0,24,7290.0,4,7292.0,22,7294.0,46,7296.0,13,7298.0,10,7290.0
SM501,,13:40:53.0#,7292.0,7370.0,7232.0,7938.0,6494.0,168260,300659,7280.0,212,7282.0,21,7284.0,30,7286.0,28,7288.0,20,7290.0,4,7292.0,22,7294.0,46,7296.0,13,7298.0,10,7288.0
SM501,,13:40:53.250#,7292.0,7370.0,7232.0,7938.0,6494.0,168261,300660,7280.0,212,7282.0,21,7284.0,30,7286.0,28,7288.0,20,7290.0,3,7292.0,22,7294.0,46,7296.0,13,7298.0,10,7290.0
SM501,,13:40:53.500#,7292.0,7370.0,7232.0,7938.0,6494.0,168266,300662,7280.0,212,7282.0,21,7284.0,30,7286.0,28,7288.0,15,7290.0,3,7292.0,23,7294.0,46,7296.0,13,7298.0,10,7288.0
SM501,,13:40:53.750#,7292.0,7370.0,7232.0,7938.0,6494.0,168267,300663,7280.0,212,7282.0,21,7284.0,30,7286.0,28,7288.0,15,7290.0,2,7292.0,23,7294.0,46,7296.0,13,7298.0,10,7290.0
SM501,,13:40:54.0#,7292.0,7370.0,7232.0,7938.0,6494.0,168267,300663,7280.0,212,7282.0,21,7284.0,30,7286.0,28,7288.0,15,7290.0,2,7292.0,23,7294.0,46,7296.0,13,7298.0,10,7290.0
SM501,,13:40:54.250#,7292.0,7370.0,7232.0,7938.0,6494.0,168267,300663,7280.0,212,7282.0,21,7284.0,30,7286.0,28,7288.0,15,7290.0,13,7292.0,23,7294.0,46,7296.0,13,7298.0,10,7290.0
SM501,,13:40:54.750#,7292.0,7370.0,7232.0,7938.0,6494.0,168267,300663,7280.0,212,7282.0,21,7284.0,30,7286.0,28,7288.0,15,7290.0,13,7292.0,23,7294.0,46,7296.0,13,7298.0,10,7290.0
SM501,,13:40:55.250#,7292.0,7370.0,7232.0,7938.0,6494.0,168268,300662,7280.0,212,7282.0,21,7284.0,30,7286.0,28,7288.0,14,7290.0,13,7292.0,23,7294.0,46,7296.0,13,7298.0,10,7288.0
SM501,,13:40:55.500#,7292.0,7370.0,7232.0,7938.0,6494.0,168272,300665,7280.0,212,7282.0,21,7284.0,30,7286.0,28,7288.0,14,7290.0,9,7292.0,23,7294.0,46,7296.0,13,7298.0,10,7290.0
SM501,,13:40:55.750#,7292.0,7370.0,7232.0,7938.0,6494.0,168281,300674,7282.0,21,7284.0,30,7286.0,28,7288.0,14,7290.0,1,7292.0,23,7294.0,46,7296.0,13,7298.0,10,7300.0,22,7290.0
SM501,,13:40:56.250#,7292.0,7370.0,7232.0,7938.0,6494.0,168281,300674,7282.0,20,7284.0,30,7286.0,28,7288.0,14,7290.0,1,7292.0,23,7294.0,46,7296.0,13,7298.0,10,7300.0,22,7290.0
SM501,,13:40:56.750#,7292.0,7370.0,7232.0,7938.0,6494.0,168281,300674,7282.0,20,7284.0,30,7286.0,19,7288.0,14,7290.0,1,7292.0,23,7294.0,46,7296.0,13,7298.0,10,7300.0,22,7290.0
SM501,,13:40:57.0#,7292.0,7370.0,7232.0,7938.0,6494.0,168281,300674,7282.0,20,7284.0,30,7286.0,19,7288.0,14,7290.0,5,7292.0,23,7294.0,46,7296.0,13,7298.0,10,7300.0,22,7290.0
SM501,,13:40:57.250#,7292.0,7370.0,7232.0,7938.0,6494.0,168281,300674,7282.0,20,7284.0,30,7286.0,20,7288.0,14,7290.0,5,7292.0,23,7294.0,46,7296.0,13,7298.0,10,7300.0,22,7290.0
SM501,,13:40:57.750#,7292.0,7370.0,7232.0,7938.0,6494.0,168304,300653,7284.0,30,7286.0,20,7288.0,14,7290.0,1,7292.0,16,7294.0,46,7296.0,13,7298.0,11,7300.0,22,7302.0,27,7292.0
SM501,,13:40:58.0#,7292.0,7370.0,7232.0,7938.0,6494.0,168304,300653,7284.0,30,7286.0,20,7288.0,14,7290.0,1,7292.0,16,7294.0,46,7296.0,13,7298.0,11,7300.0,22,7302.0,27,7292.0
SM501,,13:40:58.250#,7292.0,7370.0,7232.0,7938.0,6494.0,168305,300653,7284.0,30,7286.0,19,7288.0,14,7290.0,1,7292.0,16,7294.0,46,7296.0,13,7298.0,13,7300.0,22,7302.0,27,7292.0
SM501,,13:40:58.500#,7292.0,7370.0,7232.0,7938.0,6494.0,168305,300653,7284.0,30,7286.0,19,7288.0,14,7290.0,1,7292.0,16,7294.0,46,7296.0,13,7298.0,13,7300.0,22,7302.0,27,7292.0
SM501,,13:40:58.750#,7292.0,7370.0,7232.0,7938.0,6494.0,168324,300638,7280.0,212,7282.0,20,7284.0,30,7286.0,19,7288.0,14,7290.0,82,7294.0,45,7296.0,13,7298.0,13,7300.0,22,7290.0
SM501,,13:40:59.0#,7292.0,7370.0,7232.0,7938.0,6494.0,168325,300638,7280.0,212,7282.0,20,7284.0,30,7286.0,19,7288.0,14,7290.0,81,7292.0,1,7294.0,47,7296.0,13,7298.0,11,7290.0
SM501,,13:40:59.250#,7292.0,7370.0,7232.0,7938.0,6494.0,168325,300638,7280.0,212,7282.0,20,7284.0,30,7286.0,19,7288.0,14,7290.0,81,7292.0,1,7294.0,47,7296.0,15,7298.0,11,7290.0
SM501,,13:40:59.500#,7292.0,7370.0,7232.0,7938.0,6494.0,168325,300638,7280.0,210,7282.0,20,7284.0,30,7286.0,20,7288.0,14,7290.0,82,7292.0,1,7294.0,47,7296.0,15,7298.0,11,7290.0
SM501,,13:40:59.750#,7292.0,7370.0,7232.0,7938.0,6494.0,168334,300638,7280.0,210,7282.0,20,7284.0,30,7286.0,20,7288.0,16,7290.0,74,7292.0,1,7294.0,47,7296.0,15,7298.0,11,7290.0
SM501,,13:41:00.0#,7292.0,7370.0,7232.0,7938.0,6494.0,168334,300638,7280.0,210,7282.0,20,7284.0,30,7286.0,20,7288.0,17,7290.0,74,7292.0,1,7294.0,47,7296.0,15,7298.0,11,7290.0
SM501,,13:41:00.250#,7292.0,7370.0,7232.0,7938.0,6494.0,168338,300638,7280.0,210,7282.0,20,7284.0,30,7286.0,20,7288.0,17,7290.0,70,7292.0,1,7294.0,47,7296.0,15,7298.0,11,7290.0
SM501,,13:41:00.500#,7292.0,7370.0,7232.0,7938.0,6494.0,168339,300639,7280.0,210,7282.0,20,7284.0,30,7286.0,20,7288.0,16,7290.0,72,7292.0,1,7294.0,47,7296.0,15,7298.0,11,7288.0
SM501,,13:41:01.0#,7292.0,7370.0,7232.0,7938.0,6494.0,168340,300639,7280.0,210,7282.0,20,7284.0,30,7286.0,20,7288.0,16,7290.0,71,7292.0,1,7294.0,47,7296.0,15,7298.0,11,7290.0
SM501,,13:41:01.250#,7292.0,7370.0,7232.0,7938.0,6494.0,168341,300639,7280.0,210,7282.0,20,7284.0,30,7286.0,20,7288.0,16,7290.0,70,7292.0,1,7294.0,47,7296.0,15,7298.0,11,7290.0
SM501,,13:41:01.750#,7292.0,7370.0,7232.0,7938.0,6494.0,168342,300638,7280.0,210,7282.0,20,7284.0,30,7286.0,20,7288.0,16,7290.0,69,7292.0,1,7294.0,47,7296.0,15,7298.0,11,7290.0
SM501,,13:41:02.0#,7292.0,7370.0,7232.0,7938.0,6494.0,168342,300638,7280.0,210,7282.0,20,7284.0,30,7286.0,20,7288.0,31,7290.0,69,7292.0,1,7294.0,47,7296.0,15,7298.0,11,7290.0
SM501,,13:41:02.250#,7292.0,7370.0,7232.0,7938.0,6494.0,168349,300637,7280.0,210,7282.0,20,7284.0,30,7286.0,20,7288.0,31,7290.0,62,7292.0,1,7294.0,47,7296.0,15,7298.0,11,7290.0
SM501,,13:41:02.500#,7292.0,7370.0,7232.0,7938.0,6494.0,168349,300637,7280.0,210,7282.0,20,7284.0,30,7286.0,20,7288.0,33,7290.0,62,7292.0,1,7294.0,47,7296.0,15,7298.0,11,7290.0
SM501,,13:41:02.750#,7292.0,7370.0,7232.0,7938.0,6494.0,168349,300637,7280.0,210,7282.0,20,7284.0,30,7286.0,20,7288.0,39,7290.0,64,7292.0,1,7294.0,47,7296.0,15,7298.0,11,7290.0
SM501,,13:41:03.250#,7292.0,7370.0,7232.0,7938.0,6494.0,168358,300637,7280.0,210,7282.0,20,7284.0,30,7286.0,20,7288.0,39,7290.0,55,7292.0,1,7294.0,47,7296.0,15,7298.0,11,7290.0
SM501,,13:41:03.500#,7292.0,7370.0,7232.0,7938.0,6494.0,168359,300636,7280.0,210,7282.0,20,7284.0,30,7286.0,22,7288.0,40,7290.0,54,7292.0,1,7294.0,47,7296.0,15,7298.0,11,7290.0
SM501,,13:41:03.750#,7292.0,7370.0,7232.0,7938.0,6494.0,168359,300636,7280.0,210,7282.0,20,7284.0,30,7286.0,22,7288.0,40,7290.0,55,7292.0,1,7294.0,47,7296.0,15,7298.0,11,7290.0
SM501,,13:41:04.0#,7292.0,7370.0,7232.0,7938.0,6494.0,168364,300636,7280.0,210,7282.0,20,7284.0,30,7286.0,23,7288.0,40,7290.0,51,7292.0,1,7294.0,47,7296.0,15,7298.0,11,7290.0
SM501,,13:41:04.250#,7292.0,7370.0,7232.0,7938.0,6494.0,168364,300636,7280.0,210,7282.0,20,7284.0,30,7286.0,23,7288.0,40,7290.0,51,7292.0,1,7294.0,47,7296.0,15,7298.0,11,7290.0
SM501,,13:41:04.500#,7292.0,7370.0,7232.0,7938.0,6494.0,168364,300636,7280.0,210,7282.0,20,7284.0,30,7286.0,23,7288.0,40,7290.0,52,7292.0,1,7294.0,47,7296.0,15,7298.0,11,7290.0
SM501,,13:41:04.750#,7292.0,7370.0,7232.0,7938.0,6494.0,168364,300636,7280.0,210,7282.0,20,7284.0,30,7286.0,23,7288.0,40,7290.0,53,7292.0,1,7294.0,47,7296.0,15,7298.0,11,7290.0
SM501,,13:41:05.250#,7292.0,7370.0,7232.0,7938.0,6494.0,168364,300636,7280.0,210,7282.0,20,7284.0,30,7286.0,23,7288.0,41,7290.0,53,7292.0,1,7294.0,47,7296.0,15,7298.0,11,7290.0
SM501,,13:41:05.750#,7292.0,7370.0,7232.0,7938.0,6494.0,168364,300636,7280.0,210,7282.0,20,7284.0,30,7286.0,23,7288.0,41,7290.0,53,7292.0,2,7294.0,47,7296.0,15,7298.0,11,7290.0
SM501,,13:41:06.0#,7292.0,7370.0,7232.0,7938.0,6494.0,168364,300636,7280.0,210,7282.0,20,7284.0,30,7286.0,23,7288.0,41,7290.0,53,7292.0,2,7294.0,47,7296.0,15,7298.0,11,7290.0
SM501,,13:41:06.250#,7292.0,7370.0,7232.0,7938.0,6494.0,168364,300636,7280.0,210,7282.0,20,7284.0,28,7286.0,23,7288.0,41,7290.0,53,7292.0,2,7294.0,47,7296.0,15,7298.0,11,7290.0
SM501,,13:41:07.0#,7292.0,7370.0,7232.0,7938.0,6494.0,168374,300636,7280.0,210,7282.0,20,7284.0,28,7286.0,23,7288.0,41,7290.0,43,7292.0,2,7294.0,47,7296.0,15,7298.0,11,7290.0
SM501,,13:41:07.500#,7292.0,7370.0,7232.0,7938.0,6494.0,168374,300636,7280.0,210,7282.0,20,7284.0,28,7286.0,23,7288.0,46,7290.0,43,7292.0,2,7294.0,47,7296.0,15,7298.0,11,7290.0
SM501,,13:41:08.500#,7292.0,7370.0,7232.0,7938.0,6494.0,168376,300637,7280.0,209,7282.0,20,7284.0,28,7286.0,24,7288.0,44,7290.0,44,7292.0,2,7294.0,47,7296.0,15,7298.0,11,7288.0
SM501,,13:41:09.0#,7292.0,7370.0,7232.0,7938.0,6494.0,168376,300637,7280.0,209,7282.0,19,7284.0,28,7286.0,24,7288.0,45,7290.0,44,7292.0,2,7294.0,47,7296.0,15,7298.0,11,7288.0
SM501,,13:41:10.500#,7292.0,7370.0,7232.0,7938.0,6494.0,168423,300604,7278.0,121,7280.0,209,7282.0,19,7284.0,28,7286.0,24,7288.0,13,7290.0,44,7292.0,5,7294.0,47,7296.0,15,7288.0
SM501,,13:41:12.0#,7292.0,7370.0,7232.0,7938.0,6494.0,168436,300604,7278.0,121,7280.0,209,7282.0,19,7284.0,28,7286.0,24,7288.0,2,7290.0,42,7292.0,6,7294.0,47,7296.0,15,7288.0
SM501,,13:41:12.500#,7292.0,7370.0,7232.0,7938.0,6494.0,168440,300606,7278.0,121,7280.0,209,7282.0,19,7284.0,28,7286.0,24,7290.0,40,7292.0,6,7294.0,47,7296.0,15,7298.0,11,7290.0
SM501,,13:41:13.0#,7292.0,7370.0,7232.0,7938.0,6494.0,168440,300606,7278.0,121,7280.0,209,7282.0,19,7284.0,28,7286.0,25,7288.0,1,7290.0,41,7292.0,6,7294.0,47,7296.0,15,7290.0
SM501,,13:41:15.250#,7292.0,7370.0,7232.0,7938.0,6494.0,168440,300606,7278.0,121,7280.0,209,7282.0,19,7284.0,28,7286.0,23,7288.0,1,7290.0,41,7292.0,6,7294.0,47,7296.0,15,7290.0
SM501,,13:41:15.500#,7292.0,7370.0,7232.0,7938.0,6494.0,168443,300608,7280.0,209,7282.0,19,7284.0,28,7286.0,24,7288.0,5,7290.0,41,7292.0,6,7294.0,47,7296.0,15,7298.0,11,7288.0
SM501,,13:41:15.750#,7292.0,7370.0,7232.0,7938.0,6494.0,168443,300608,7280.0,209,7282.0,19,7284.0,28,7286.0,24,7288.0,8,7290.0,53,7292.0,6,7294.0,47,7296.0,15,7298.0,11,7288.0
SM501,,13:41:16.0#,7292.0,7370.0,7232.0,7938.0,6494.0,168443,300608,7280.0,209,7282.0,19,7284.0,28,7286.0,25,7288.0,8,7290.0,53,7292.0,6,7294.0,47,7296.0,15,7298.0,11,7288.0
SM501,,13:41:16.500#,7292.0,7370.0,7232.0,7938.0,6494.0,168443,300608,7280.0,209,7282.0,19,7284.0,28,7286.0,26,7288.0,10,7290.0,53,7292.0,6,7294.0,47,7296.0,15,7298.0,11,7288.0
SM501,,13:41:17.500#,7292.0,7370.0,7232.0,7938.0,6494.0,168451,300613,7280.0,209,7282.0,19,7284.0,28,7286.0,26,7288.0,2,7290.0,55,7292.0,6,7294.0,47,7296.0,15,7298.0,11,7288.0
SM501,,13:41:18.500#,7292.0,7370.0,7232.0,7938.0,6494.0,168477,300615,7278.0,121,7280.0,209,7282.0,19,7284.0,28,7286.0,21,7290.0,40,7292.0,6,7294.0,47,7296.0,15,7298.0,11,7290.0
SM501,,13:41:19.500#,7292.0,7370.0,7232.0,7938.0,6494.0,168477,300615,7280.0,207,7282.0,20,7284.0,28,7286.0,21,7288.0,1,7290.0,31,7292.0,6,7294.0,47,7296.0,16,7298.0,11,7290.0
SM501,,13:41:19.750#,7292.0,7370.0,7232.0,7938.0,6494.0,168478,300614,7278.0,121,7280.0,207,7282.0,20,7284.0,28,7286.0,21,7290.0,31,7292.0,6,7294.0,47,7296.0,16,7298.0,11,7288.0
SM501,,13:41:21.0#,7292.0,7370.0,7232.0,7938.0,6494.0,168478,300614,7278.0,121,7280.0,207,7282.0,20,7284.0,28,7286.0,24,7288.0,3,7290.0,31,7292.0,6,7294.0,47,7296.0,16,7288.0
SM501,,13:41:21.250#,7292.0,7370.0,7232.0,7938.0,6494.0,168478,300614,7278.0,121,7280.0,206,7282.0,20,7284.0,28,7286.0,24,7288.0,3,7290.0,31,7292.0,6,7294.0,47,7296.0,16,7288.0
SM501,,13:41:22.0#,7292.0,7370.0,7232.0,7938.0,6494.0,168478,300614,7278.0,121,7280.0,206,7282.0,20,7284.0,28,7286.0,24,7288.0,10,7290.0,31,7292.0,6,7294.0,47,7296.0,16,7288.0
SM501,,13:41:22.250#,7292.0,7370.0,7232.0,7938.0,6494.0,168478,300614,7278.0,121,7280.0,206,7282.0,20,7284.0,28,7286.0,22,7288.0,10,7290.0,31,7292.0,6,7294.0,47,7296.0,16,7288.0
SM501,,13:41:22.500#,7292.0,7370.0,7232.0,7938.0,6494.0,168478,300614,7278.0,121,7280.0,206,7282.0,20,7284.0,28,7286.0,23,7288.0,10,7290.0,31,7292.0,6,7294.0,47,7296.0,16,7288.0
SM501,,13:41:22.750#,7292.0,7370.0,7232.0,7938.0,6494.0,168478,300614,7278.0,121,7280.0,206,7282.0,20,7284.0,28,7286.0,23,7288.0,10,7290.0,31,7292.0,6,7294.0,47,7296.0,16,7288.0
SM501,,13:41:23.0#,7292.0,7370.0,7232.0,7938.0,6494.0,168479,300614,7278.0,121,7280.0,206,7282.0,20,7284.0,28,7286.0,23,7288.0,9,7290.0,31,7292.0,6,7294.0,47,7296.0,16,7288.0
SM501,,13:41:23.250#,7292.0,7370.0,7232.0,7938.0,6494.0,168479,300614,7278.0,121,7280.0,206,7282.0,22,7284.0,28,7286.0,23,7288.0,9,7290.0,32,7292.0,6,7294.0,47,7296.0,16,7288.0
SM501,,13:41:23.500#,7292.0,7370.0,7232.0,7938.0,6494.0,168480,300615,7278.0,121,7280.0,206,7282.0,22,7284.0,28,7286.0,23,7288.0,8,7290.0,32,7292.0,6,7294.0,47,7296.0,16,7288.0
SM501,,13:41:23.750#,7292.0,7370.0,7232.0,7938.0,6494.0,168481,300616,7278.0,121,7280.0,206,7282.0,22,7284.0,28,7286.0,22,7288.0,8,7290.0,32,7292.0,6,7294.0,47,7296.0,16,7286.0
SM501,,13:41:24.0#,7292.0,7370.0,7232.0,7938.0,6494.0,168481,300616,7278.0,121,7280.0,206,7282.0,22,7284.0,28,7286.0,23,7288.0,8,7290.0,32,7292.0,6,7294.0,47,7296.0,16,7286.0
SM501,,13:41:24.750#,7292.0,7370.0,7232.0,7938.0,6494.0,168481,300616,7278.0,121,7280.0,206,7282.0,22,7284.0,28,7286.0,24,7288.0,8,7290.0,32,7292.0,6,7294.0,47,7296.0,16,7286.0
SM501,,13:41:25.750#,7292.0,7370.0,7232.0,7938.0,6494.0,168482,300615,7278.0,118,7280.0,205,7282.0,22,7284.0,28,7286.0,24,7288.0,8,7290.0,32,7292.0,6,7294.0,47,7296.0,16,7286.0
SM501,,13:41:26.0#,7292.0,7370.0,7232.0,7938.0,6494.0,168483,300616,7278.0,118,7280.0,205,7282.0,22,7284.0,28,7286.0,25,7288.0,7,7290.0,32,7292.0,6,7294.0,47,7296.0,16,7288.0
SM501,,13:41:26.250#,7292.0,7370.0,7232.0,7938.0,6494.0,168490,300616,7278.0,118,7280.0,205,7282.0,22,7284.0,28,7286.0,25,7290.0,32,7292.0,6,7294.0,47,7296.0,16,7298.0,11,7288.0
SM501,,13:41:26.500#,7292.0,7370.0,7232.0,7938.0,6494.0,168490,300616,7278.0,118,7280.0,205,7282.0,22,7284.0,28,7286.0,29,7290.0,32,7292.0,6,7294.0,47,7296.0,16,7298.0,11,7288.0
SM501,,13:41:26.750#,7292.0,7370.0,7232.0,7938.0,6494.0,168490,300616,7278.0,118,7280.0,205,7282.0,22,7284.0,28,7286.0,29,7290.0,32,7292.0,6,7294.0,47,7296.0,16,7298.0,11,7288.0
SM501,,13:41:27.0#,7292.0,7370.0,7232.0,7938.0,6494.0,168490,300616,7278.0,118,7280.0,205,7282.0,22,7284.0,28,7286.0,30,7290.0,32,7292.0,6,7294.0,47,7296.0,16,7298.0,11,7288.0
SM501,,13:41:28.0#,7292.0,7370.0,7232.0,7938.0,6494.0,168490,300616,7278.0,118,7280.0,205,7282.0,22,7284.0,28,7286.0,30,7290.0,32,7292.0,6,7294.0,47,7296.0,16,7298.0,11,7288.0
SM501,,13:41:28.250#,7292.0,7370.0,7232.0,7938.0,6494.0,168490,300616,7280.0,205,7282.0,22,7284.0,28,7286.0,26,7288.0,1,7290.0,32,7292.0,6,7294.0,47,7296.0,16,7298.0,11,7288.0
SM501,,13:41:28.750#,7292.0,7370.0,7232.0,7938.0,6494.0,168490,300616,7280.0,205,7282.0,22,7284.0,28,7286.0,26,7288.0,1,7290.0,34,7292.0,6,7294.0,47,7296.0,16,7298.0,11,7288.0
SM501,,13:41:29.250#,7292.0,7370.0,7232.0,7938.0,6494.0,168499,300610,7278.0,118,7280.0,205,7282.0,22,7284.0,28,7286.0,22,7290.0,34,7292.0,6,7294.0,47,7296.0,16,7298.0,11,7286.0
SM501,,13:41:31.250#,7292.0,7370.0,7232.0,7938.0,6494.0,168499,300610,7278.0,118,7280.0,205,7282.0,22,7284.0,28,7286.0,23,7290.0,34,7292.0,6,7294.0,47,7296.0,16,7298.0,11,7286.0
SM501,,13:41:32.0#,7292.0,7370.0,7232.0,7938.0,6494.0,168499,300610,7278.0,118,7280.0,205,7282.0,22,7284.0,28,7286.0,25,7290.0,34,7292.0,6,7294.0,47,7296.0,16,7298.0,11,7286.0
SM501,,13:41:32.250#,7292.0,7370.0,7232.0,7938.0,6494.0,168499,300610,7278.0,118,7280.0,205,7282.0,22,7284.0,28,7286.0,27,7290.0,35,7292.0,6,7294.0,47,7296.0,16,7298.0,11,7286.0
SM501,,13:41:32.500#,7292.0,7370.0,7232.0,7938.0,6494.0,168499,300610,7278.0,118,7280.0,205,7282.0,22,7284.0,28,7286.0,27,7290.0,35,7292.0,6,7294.0,48,7296.0,15,7298.0,11,7286.0
SM501,,13:41:33.0#,7292.0,7370.0,7232.0,7938.0,6494.0,168500,300610,7278.0,118,7280.0,202,7282.0,22,7284.0,28,7286.0,26,7290.0,35,7292.0,6,7294.0,48,7296.0,15,7298.0,11,7286.0
SM501,,13:41:33.500#,7292.0,7370.0,7232.0,7938.0,6494.0,168500,300610,7278.0,118,7280.0,202,7282.0,22,7284.0,29,7286.0,26,7290.0,35,7292.0,6,7294.0,48,7296.0,15,7298.0,11,7286.0
SM501,,13:41:33.750#,7292.0,7370.0,7232.0,7938.0,6494.0,168500,300610,7278.0,118,7280.0,202,7282.0,22,7284.0,29,7286.0,26,7290.0,36,7292.0,6,7294.0,48,7296.0,15,7298.0,11,7286.0
SM501,,13:41:34.0#,7292.0,7370.0,7232.0,7938.0,6494.0,168500,300610,7278.0,118,7280.0,202,7282.0,22,7284.0,29,7286.0,27,7290.0,36,7292.0,6,7294.0,48,7296.0,15,7298.0,11,7286.0
SM501,,13:41:35.500#,7292.0,7370.0,7232.0,7938.0,6494.0,168500,300610,7278.0,118,7280.0,202,7282.0,22,7284.0,29,7286.0,27,7290.0,36,7292.0,6,7294.0,48,7296.0,15,7298.0,11,7286.0
SM501,,13:41:35.750#,7292.0,7370.0,7232.0,7938.0,6494.0,168500,300610,7278.0,118,7280.0,202,7282.0,22,7284.0,29,7286.0,27,7290.0,36,7292.0,6,7294.0,48,7296.0,15,7298.0,11,7286.0
SM501,,13:41:37.250#,7292.0,7370.0,7232.0,7938.0,6494.0,168500,300610,7278.0,118,7280.0,202,7282.0,22,7284.0,29,7286.0,27,7290.0,36,7292.0,6,7294.0,48,7296.0,15,7298.0,11,7286.0
SM501,,13:41:37.750#,7292.0,7370.0,7232.0,7938.0,6494.0,168500,300610,7278.0,118,7280.0,202,7282.0,22,7284.0,29,7286.0,27,7290.0,37,7292.0,6,7294.0,48,7296.0,15,7298.0,11,7286.0
SM501,,13:41:38.0#,7292.0,7370.0,7232.0,7938.0,6494.0,168501,300610,7278.0,118,7280.0,202,7282.0,22,7284.0,29,7286.0,26,7290.0,37,7292.0,6,7294.0,48,7296.0,15,7298.0,11,7286.0
SM501,,13:41:38.250#,7292.0,7370.0,7232.0,7938.0,6494.0,168501,300610,7278.0,118,7280.0,202,7282.0,21,7284.0,29,7286.0,26,7288.0,1,7290.0,36,7292.0,6,7294.0,48,7296.0,15,7286.0
SM501,,13:41:38.500#,7292.0,7370.0,7232.0,7938.0,6494.0,168501,300610,7278.0,118,7280.0,202,7282.0,21,7284.0,29,7286.0,22,7288.0,1,7290.0,36,7292.0,6,7294.0,48,7296.0,15,7286.0
SM501,,13:41:38.750#,7292.0,7370.0,7232.0,7938.0,6494.0,168501,300610,7278.0,118,7280.0,202,7282.0,21,7284.0,29,7286.0,22,7288.0,3,7290.0,34,7292.0,6,7294.0,48,7296.0,15,7286.0
SM501,,13:41:39.500#,7292.0,7370.0,7232.0,7938.0,6494.0,168501,300610,7278.0,118,7280.0,201,7282.0,21,7284.0,29,7286.0,22,7288.0,3,7290.0,35,7292.0,6,7294.0,48,7296.0,15,7286.0
SM501,,13:41:39.750#,7292.0,7370.0,7232.0,7938.0,6494.0,168501,300610,7278.0,118,7280.0,201,7282.0,22,7284.0,28,7286.0,23,7288.0,3,7290.0,35,7292.0,6,7294.0,48,7296.0,15,7286.0
SM501,,13:41:40.0#,7292.0,7370.0,7232.0,7938.0,6494.0,168503,300610,7278.0,118,7280.0,201,7282.0,22,7284.0,28,7286.0,22,7288.0,1,7290.0,35,7292.0,6,7294.0,48,7296.0,15,7288.0
SM501,,13:41:40.250#,7292.0,7370.0,7232.0,7938.0,6494.0,168505,300612,7280.0,201,7282.0,22,7284.0,28,7286.0,27,7288.0,2,7290.0,34,7292.0,6,7294.0,48,7296.0,15,7298.0,11,7288.0
SM501,,13:41:40.500#,7292.0,7370.0,7232.0,7938.0,6494.0,168505,300612,7280.0,201,7282.0,22,7284.0,28,7286.0,27,7288.0,2,7290.0,33,7292.0,6,7294.0,48,7296.0,15,7298.0,11,7288.0
SM501,,13:41:40.750#,7292.0,7370.0,7232.0,7938.0,6494.0,168505,300612,7280.0,201,7282.0,21,7284.0,28,7286.0,27,7288.0,2,7290.0,33,7292.0,6,7294.0,48,7296.0,15,7298.0,11,7288.0
SM501,,13:41:41.0#,7292.0,7370.0,7232.0,7938.0,6494.0,168505,300612,7280.0,201,7282.0,21,7284.0,28,7286.0,27,7288.0,13,7290.0,33,7292.0,6,7294.0,48,7296.0,15,7298.0,11,7288.0
SM501,,13:41:41.250#,7292.0,7370.0,7232.0,7938.0,6494.0,168505,300612,7280.0,201,7282.0,21,7284.0,28,7286.0,28,7288.0,13,7290.0,33,7292.0,6,7294.0,48,7296.0,15,7298.0,11,7288.0
SM501,,13:41:41.750#,7292.0,7370.0,7232.0,7938.0,6494.0,168505,300612,7280.0,201,7282.0,21,7284.0,28,7286.0,32,7288.0,13,7290.0,33,7292.0,6,7294.0,48,7296.0,15,7298.0,11,7288.0
SM501,,13:41:42.0#,7292.0,7370.0,7232.0,7938.0,6494.0,168505,300612,7280.0,201,7282.0,26,7284.0,28,7286.0,32,7288.0,14,7290.0,33,7292.0,6,7294.0,48,7296.0,15,7298.0,11,7288.0
SM501,,13:41:44.500#,7292.0,7370.0,7232.0,7938.0,6494.0,168512,300612,7280.0,201,7282.0,26,7284.0,28,7286.0,29,7288.0,16,7290.0,67,7292.0,6,7294.0,48,7296.0,15,7298.0,11,7290.0
SM501,,13:41:45.250#,7292.0,7370.0,7232.0,7938.0,6494.0,168512,300612,7280.0,201,7282.0,26,7284.0,28,7286.0,37,7288.0,17,7290.0,67,7292.0,6,7294.0,48,7296.0,15,7298.0,11,7290.0
SM501,,13:41:45.750#,7292.0,7370.0,7232.0,7938.0,6494.0,168513,300613,7280.0,201,7282.0,26,7284.0,28,7286.0,37,7288.0,16,7290.0,67,7292.0,6,7294.0,48,7296.0,15,7298.0,11,7288.0
SM501,,13:41:46.0#,7292.0,7370.0,7232.0,7938.0,6494.0,168513,300613,7280.0,202,7282.0,26,7284.0,28,7286.0,37,7288.0,16,7290.0,68,7292.0,6,7294.0,48,7296.0,15,7298.0,11,7288.0
SM501,,13:41:47.750#,7292.0,7370.0,7232.0,7938.0,6494.0,168569,300630,7280.0,202,7282.0,26,7284.0,29,7286.0,37,7288.0,23,7290.0,12,7292.0,6,7294.0,48,7296.0,15,7298.0,11,7290.0
SM501,,13:41:48.0#,7292.0,7370.0,7232.0,7938.0,6494.0,168574,300626,7280.0,202,7282.0,26,7284.0,29,7286.0,37,7288.0,23,7290.0,17,7292.0,6,7294.0,48,7296.0,15,7298.0,11,7290.0
SM501,,13:41:50.0#,7292.0,7370.0,7232.0,7938.0,6494.0,168575,300626,7280.0,202,7282.0,26,7284.0,29,7286.0,37,7288.0,24,7290.0,16,7292.0,6,7294.0,48,7296.0,15,7298.0,11,7290.0
SM501,,13:41:50.500#,7292.0,7370.0,7232.0,7938.0,6494.0,168591,300617,7282.0,26,7284.0,29,7286.0,39,7288.0,24,7290.0,4,7292.0,6,7294.0,48,7296.0,15,7298.0,11,7300.0,24,7290.0
SM501,,13:41:51.0#,7292.0,7370.0,7232.0,7938.0,6494.0,168591,300617,7282.0,26,7284.0,29,7286.0,39,7288.0,24,7290.0,5,7292.0,6,7294.0,48,7296.0,15,7298.0,11,7300.0,24,7290.0
SM501,,13:41:52.750#,7292.0,7370.0,7232.0,7938.0,6494.0,168596,300621,7282.0,26,7284.0,29,7286.0,40,7288.0,22,7290.0,6,7292.0,2,7294.0,50,7296.0,15,7298.0,11,7300.0,24,7290.0
SM501,,13:41:53.500#,7292.0,7370.0,7232.0,7938.0,6494.0,168596,300621,7282.0,26,7284.0,29,7286.0,44,7288.0,22,7290.0,6,7292.0,2,7294.0,50,7296.0,16,7298.0,11,7300.0,24,7290.0
SM501,,13:41:54.0#,7292.0,7370.0,7232.0,7938.0,6494.0,168596,300621,7282.0,26,7284.0,29,7286.0,44,7288.0,22,7290.0,6,7292.0,2,7294.0,50,7296.0,16,7298.0,11,7300.0,24,7290.0
SM501,,13:41:54.500#,7292.0,7370.0,7232.0,7938.0,6494.0,168598,300623,7284.0,29,7286.0,44,7288.0,22,7290.0,7,7292.0,41,7294.0,50,7296.0,16,7298.0,11,7300.0,24,7302.0,27,7292.0
SM501,,13:41:54.750#,7292.0,7370.0,7232.0,7938.0,6494.0,168600,300625,7284.0,29,7286.0,44,7288.0,23,7290.0,7,7292.0,39,7294.0,50,7296.0,16,7298.0,11,7300.0,24,7302.0,27,7292.0
SM501,,13:41:55.250#,7292.0,7370.0,7232.0,7938.0,6494.0,168601,300625,7284.0,29,7286.0,44,7288.0,23,7290.0,7,7292.0,39,7294.0,49,7296.0,16,7298.0,11,7300.0,24,7302.0,27,7294.0
SM501,,13:41:56.500#,7292.0,7370.0,7232.0,7938.0,6494.0,168608,300625,7284.0,29,7286.0,43,7288.0,23,7290.0,7,7292.0,38,7294.0,44,7296.0,16,7298.0,11,7300.0,24,7302.0,27,7292.0
SM501,,13:41:58.0#,7292.0,7370.0,7232.0,7938.0,6494.0,168617,300626,7282.0,26,7284.0,29,7286.0,43,7288.0,24,7290.0,7,7294.0,41,7296.0,16,7298.0,11,7300.0,24,7302.0,27,7294.0
SM501,,13:41:58.250#,7292.0,7370.0,7232.0,7938.0,6494.0,168623,300620,7282.0,26,7284.0,29,7286.0,43,7288.0,24,7290.0,7,7294.0,36,7296.0,16,7298.0,11,7300.0,24,7302.0,27,7294.0
SM501,,13:41:58.750#,7292.0,7370.0,7232.0,7938.0,6494.0,168624,300619,7282.0,26,7284.0,29,7286.0,43,7288.0,24,7290.0,7,7294.0,35,7296.0,16,7298.0,11,7300.0,24,7302.0,27,7294.0
SM501,,13:41:59.0#,7292.0,7370.0,7232.0,7938.0,6494.0,168624,300619,7282.0,25,7284.0,29,7286.0,43,7288.0,24,7290.0,7,7294.0,45,7296.0,16,7298.0,11,7300.0,24,7302.0,27,7294.0
SM501,,13:41:59.250#,7292.0,7370.0,7232.0,7938.0,6494.0,168624,300619,7282.0,25,7284.0,29,7286.0,43,7288.0,24,7290.0,7,7294.0,45,7296.0,16,7298.0,11,7300.0,24,7302.0,27,7294.0
SM501,,13:42:00.0#,7292.0,7370.0,7232.0,7938.0,6494.0,168624,300619,7282.0,25,7284.0,28,7286.0,43,7288.0,24,7290.0,8,7294.0,45,7296.0,16,7298.0,11,7300.0,24,7302.0,27,7294.0
SM501,,13:42:00.250#,7292.0,7370.0,7232.0,7938.0,6494.0,168624,300619,7282.0,25,7284.0,28,7286.0,43,7288.0,24,7290.0,8,7294.0,45,7296.0,16,7298.0,11,7300.0,24,7302.0,27,7294.0
SM501,,13:42:00.750#,7292.0,7370.0,7232.0,7938.0,6494.0,168624,300619,7282.0,25,7284.0,28,7286.0,43,7288.0,24,7290.0,8,7292.0,2,7294.0,45,7296.0,16,7298.0,11,7300.0,24,7294.0
SM501,,13:42:01.0#,7292.0,7370.0,7232.0,7938.0,6494.0,168624,300619,7282.0,25,7284.0,28,7286.0,43,7288.0,24,7290.0,8,7294.0,47,7296.0,12,7298.0,11,7300.0,24,7302.0,27,7294.0
SM501,,13:42:02.250#,7292.0,7370.0,7232.0,7938.0,6494.0,168656,300620,7284.0,28,7286.0,42,7288.0,24,7290.0,8,7292.0,9,7294.0,20,7296.0,12,7298.0,11,7300.0,24,7302.0,27,7294.0
SM501,,13:42:02.500#,7292.0,7370.0,7232.0,7938.0,6494.0,168656,300620,7284.0,28,7286.0,43,7288.0,24,7290.0,8,7292.0,16,7294.0,20,7296.0,12,7298.0,11,7300.0,24,7302.0,27,7294.0
SM501,,13:42:03.250#,7292.0,7370.0,7232.0,7938.0,6494.0,168667,300621,7284.0,28,7286.0,43,7288.0,24,7290.0,7,7292.0,16,7294.0,9,7296.0,7,7298.0,16,7300.0,24,7302.0,27,7294.0
SM501,,13:42:03.750#,7292.0,7370.0,7232.0,7938.0,6494.0,168667,300621,7284.0,28,7286.0,43,7288.0,24,7290.0,7,7292.0,17,7294.0,11,7296.0,7,7298.0,16,7300.0,24,7302.0,27,7294.0
SM501,,13:42:04.0#,7292.0,7370.0,7232.0,7938.0,6494.0,168667,300621,7284.0,28,7286.0,43,7288.0,24,7290.0,7,7292.0,17,7294.0,9,7296.0,7,7298.0,16,7300.0,24,7302.0,27,7294.0
SM501,,13:42:04.250#,7292.0,7370.0,7232.0,7938.0,6494.0,168667,300621,7284.0,28,7286.0,42,7288.0,24,7290.0,7,7292.0,17,7294.0,9,7296.0,8,7298.0,15,7300.0,24,7302.0,27,7294.0
SM501,,13:42:04.500#,7292.0,7370.0,7232.0,7938.0,6494.0,168675,300620,7284.0,28,7286.0,42,7288.0,24,7290.0,8,7292.0,17,7294.0,2,7296.0,8,7298.0,15,7300.0,24,7302.0,27,7294.0
SM501,,13:42:04.750#,7292.0,7370.0,7232.0,7938.0,6494.0,168675,300620,7284.0,28,7286.0,42,7288.0,24,7290.0,8,7292.0,18,7294.0,2,7296.0,8,7298.0,15,7300.0,24,7302.0,27,7294.0
SM501,,13:42:05.250#,7292.0,7370.0,7232.0,7938.0,6494.0,168680,300615,7284.0,28,7286.0,42,7288.0,24,7290.0,8,7292.0,13,7294.0,2,7296.0,8,7298.0,15,7300.0,24,7302.0,27,7292.0
SM501,,13:42:05.500#,7292.0,7370.0,7232.0,7938.0,6494.0,168681,300615,7284.0,28,7286.0,42,7288.0,24,7290.0,8,7292.0,12,7294.0,2,7296.0,8,7298.0,15,7300.0,24,7302.0,27,7292.0
SM501,,13:42:06.0#,7292.0,7370.0,7232.0,7938.0,6494.0,168681,300615,7284.0,28,7286.0,42,7288.0,24,7290.0,8,7292.0,15,7294.0,4,7296.0,8,7298.0,15,7300.0,24,7302.0,27,7292.0
SM501,,13:42:06.250#,7292.0,7370.0,7232.0,7938.0,6494.0,168681,300615,7284.0,28,7286.0,42,7288.0,24,7290.0,8,7292.0,15,7294.0,4,7296.0,9,7298.0,15,7300.0,24,7302.0,27,7292.0
SM501,,13:42:06.750#,7292.0,7370.0,7232.0,7938.0,6494.0,168685,300614,7286.0,42,7288.0,21,7290.0,8,7292.0,15,7294.0,2,7296.0,14,7298.0,15,7300.0,24,7302.0,27,7304.0,2,7294.0
SM501,,13:42:07.0#,7292.0,7370.0,7232.0,7938.0,6494.0,168686,300613,7286.0,42,7288.0,21,7290.0,8,7292.0,15,7294.0,1,7296.0,14,7298.0,15,7300.0,24,7302.0,27,7304.0,2,7294.0
SM501,,13:42:07.250#,7292.0,7370.0,7232.0,7938.0,6494.0,168686,300613,7286.0,42,7288.0,21,7290.0,8,7292.0,10,7294.0,4,7296.0,14,7298.0,15,7300.0,24,7302.0,27,7304.0,2,7294.0
SM501,,13:42:07.500#,7292.0,7370.0,7232.0,7938.0,6494.0,168687,300614,7286.0,42,7288.0,21,7290.0,8,7292.0,7,7294.0,8,7296.0,13,7298.0,15,7300.0,24,7302.0,27,7304.0,2,7296.0
