InstrumentId,ExchangeId,Datetime,OpenPrice,HighestPrice,LowestPrice,UpperLimitPrice,LowerLimitPrice,Volume,OpenInterest,BidPrice5,BidVolume5,BidPrice4,BidVolume4,BidPrice3,BidVolume3,BidPrice2,BidVolume2,BidPrice1,BidVolume1,AskPrice1,AskVolume1,AskPrice2,AskVolume2,AskPrice3,AskVolume3,AskPrice4,AskVolume4,AskPrice5,AskVolume5,LastPrice
SM503,,13:38:38.0#,7110.0,7220.0,7092.0,7614.0,6486.0,1174,5903,7110.0,5,7120.0,16,7130.0,8,7136.0,18,7144.0,1,7150.0,2,7154.0,1,7164.0,1,7170.0,18,7176.0,1,7146.0
SM503,,13:38:38.500#,7110.0,7220.0,7092.0,7614.0,6486.0,1174,5903,7110.0,5,7120.0,16,7130.0,8,7136.0,18,7144.0,1,7148.0,2,7154.0,1,7164.0,1,7170.0,18,7176.0,1,7146.0
SM503,,13:38:38.750#,7110.0,7220.0,7092.0,7614.0,6486.0,1174,5903,7110.0,5,7120.0,16,7130.0,8,7136.0,18,7144.0,1,7152.0,5,7154.0,1,7164.0,1,7170.0,18,7176.0,1,7146.0
SM503,,13:38:39.0#,7110.0,7220.0,7092.0,7614.0,6486.0,1174,5903,7110.0,5,7120.0,16,7130.0,8,7136.0,19,7144.0,1,7150.0,1,7154.0,1,7164.0,1,7170.0,18,7176.0,1,7146.0
SM503,,13:38:39.250#,7110.0,7220.0,7092.0,7614.0,6486.0,1174,5903,7110.0,5,7120.0,16,7130.0,8,7136.0,19,7142.0,1,7148.0,2,7164.0,1,7170.0,18,7176.0,1,7180.0,15,7146.0
SM503,,13:38:39.500#,7110.0,7220.0,7092.0,7614.0,6486.0,1174,5903,7120.0,5,7126.0,18,7130.0,8,7136.0,1,7142.0,1,7150.0,2,7164.0,1,7170.0,18,7176.0,1,7180.0,15,7146.0
SM503,,13:38:39.750#,7110.0,7220.0,7092.0,7614.0,6486.0,1174,5903,7120.0,5,7126.0,18,7130.0,8,7136.0,1,7144.0,1,7150.0,2,7164.0,1,7170.0,18,7176.0,1,7180.0,15,7146.0
SM503,,13:38:40.0#,7110.0,7220.0,7092.0,7614.0,6486.0,1174,5903,7120.0,5,7126.0,18,7130.0,8,7136.0,1,7144.0,1,7150.0,1,7164.0,1,7170.0,18,7176.0,1,7180.0,15,7146.0
SM503,,13:38:40.250#,7110.0,7220.0,7092.0,7614.0,6486.0,1174,5903,7120.0,5,7126.0,18,7130.0,8,7136.0,1,7144.0,1,7150.0,2,7152.0,1,7164.0,1,7170.0,18,7176.0,1,7146.0
SM503,,13:38:40.500#,7110.0,7220.0,7092.0,7614.0,6486.0,1174,5903,7120.0,5,7126.0,18,7130.0,8,7136.0,1,7144.0,1,7150.0,1,7152.0,1,7164.0,1,7170.0,18,7176.0,1,7146.0
SM503,,13:38:41.500#,7110.0,7220.0,7092.0,7614.0,6486.0,1174,5903,7120.0,5,7126.0,18,7130.0,8,7136.0,1,7142.0,1,7148.0,1,7152.0,1,7164.0,1,7170.0,18,7176.0,1,7146.0
SM503,,13:38:41.750#,7110.0,7220.0,7092.0,7614.0,6486.0,1174,5903,7120.0,5,7126.0,18,7130.0,8,7136.0,1,7142.0,1,7148.0,3,7164.0,1,7170.0,18,7176.0,1,7180.0,15,7146.0
SM503,,13:38:42.0#,7110.0,7220.0,7092.0,7614.0,6486.0,1174,5903,7120.0,5,7126.0,18,7130.0,8,7136.0,1,7142.0,1,7148.0,4,7164.0,1,7170.0,18,7176.0,1,7180.0,15,7146.0
SM503,,13:38:42.250#,7110.0,7220.0,7092.0,7614.0,6486.0,1174,5903,7120.0,5,7126.0,18,7130.0,8,7136.0,1,7142.0,1,7148.0,5,7164.0,1,7170.0,18,7176.0,1,7180.0,15,7146.0
SM503,,13:38:42.500#,7110.0,7220.0,7092.0,7614.0,6486.0,1174,5903,7120.0,5,7126.0,18,7130.0,8,7136.0,1,7142.0,1,7146.0,1,7148.0,1,7164.0,1,7170.0,18,7176.0,1,7146.0
SM503,,13:38:42.750#,7110.0,7220.0,7092.0,7614.0,6486.0,1174,5903,7120.0,5,7126.0,18,7130.0,8,7136.0,1,7140.0,1,7144.0,2,7148.0,1,7164.0,1,7170.0,18,7176.0,1,7146.0
SM503,,13:38:43.0#,7110.0,7220.0,7092.0,7614.0,6486.0,1174,5903,7120.0,5,7126.0,18,7130.0,8,7136.0,1,7140.0,1,7144.0,2,7148.0,1,7164.0,1,7170.0,18,7176.0,1,7146.0
SM503,,13:38:43.250#,7110.0,7220.0,7092.0,7614.0,6486.0,1174,5903,7114.0,11,7120.0,5,7126.0,18,7130.0,8,7140.0,1,7144.0,2,7148.0,1,7164.0,1,7170.0,18,7176.0,1,7146.0
SM503,,13:38:43.500#,7110.0,7220.0,7092.0,7614.0,6486.0,1174,5903,7114.0,11,7120.0,5,7126.0,18,7130.0,8,7140.0,1,7146.0,1,7148.0,1,7164.0,1,7170.0,18,7176.0,1,7146.0
SM503,,13:38:44.750#,7110.0,7220.0,7092.0,7614.0,6486.0,1174,5903,7114.0,11,7120.0,5,7126.0,18,7130.0,8,7142.0,1,7148.0,6,7164.0,1,7170.0,18,7176.0,1,7180.0,15,7146.0
SM503,,13:38:45.250#,7110.0,7220.0,7092.0,7614.0,6486.0,1174,5903,7114.0,11,7120.0,5,7126.0,18,7130.0,8,7142.0,1,7148.0,4,7164.0,1,7170.0,18,7176.0,1,7180.0,15,7146.0
SM503,,13:38:45.500#,7110.0,7220.0,7092.0,7614.0,6486.0,1174,5903,7120.0,5,7126.0,18,7130.0,8,7136.0,1,7142.0,1,7148.0,1,7164.0,1,7170.0,18,7176.0,1,7180.0,15,7146.0
SM503,,13:38:45.750#,7110.0,7220.0,7092.0,7614.0,6486.0,1174,5903,7120.0,5,7126.0,18,7130.0,8,7136.0,1,7142.0,1,7148.0,1,7150.0,1,7164.0,1,7170.0,18,7176.0,1,7146.0
SM503,,13:38:47.0#,7110.0,7220.0,7092.0,7614.0,6486.0,1174,5903,7120.0,5,7126.0,18,7130.0,8,7136.0,1,7142.0,1,7148.0,1,7164.0,1,7170.0,18,7176.0,1,7180.0,15,7146.0
SM503,,13:38:47.250#,7110.0,7220.0,7092.0,7614.0,6486.0,1174,5903,7114.0,11,7120.0,5,7126.0,18,7130.0,8,7142.0,1,7146.0,1,7164.0,1,7170.0,18,7176.0,1,7180.0,15,7146.0
SM503,,13:38:47.500#,7110.0,7220.0,7092.0,7614.0,6486.0,1174,5903,7114.0,11,7120.0,5,7126.0,18,7130.0,8,7140.0,1,7144.0,2,7148.0,1,7164.0,1,7170.0,18,7176.0,1,7146.0
SM503,,13:38:47.750#,7110.0,7220.0,7092.0,7614.0,6486.0,1174,5903,7114.0,11,7120.0,5,7126.0,18,7130.0,8,7140.0,1,7146.0,4,7148.0,1,7164.0,1,7170.0,18,7176.0,1,7146.0
SM503,,13:38:49.0#,7110.0,7220.0,7092.0,7614.0,6486.0,1174,5903,7114.0,11,7120.0,5,7126.0,18,7130.0,8,7140.0,1,7146.0,2,7148.0,1,7164.0,1,7170.0,18,7176.0,1,7146.0
SM503,,13:38:49.500#,7110.0,7220.0,7092.0,7614.0,6486.0,1174,5903,7114.0,11,7120.0,5,7126.0,18,7130.0,8,7140.0,1,7146.0,1,7148.0,1,7164.0,1,7170.0,18,7176.0,1,7146.0
SM503,,13:38:49.750#,7110.0,7220.0,7092.0,7614.0,6486.0,1174,5903,7120.0,5,7126.0,18,7130.0,8,7134.0,1,7142.0,1,7148.0,4,7164.0,1,7170.0,18,7176.0,1,7180.0,15,7146.0
SM503,,13:38:50.0#,7110.0,7220.0,7092.0,7614.0,6486.0,1174,5903,7120.0,5,7126.0,18,7130.0,8,7134.0,1,7142.0,1,7148.0,5,7164.0,1,7170.0,18,7176.0,1,7180.0,15,7146.0
SM503,,13:38:53.0#,7110.0,7220.0,7092.0,7614.0,6486.0,1174,5903,7120.0,5,7126.0,18,7130.0,8,7134.0,1,7142.0,1,7148.0,4,7164.0,1,7170.0,18,7176.0,1,7180.0,15,7146.0
SM503,,13:38:53.250#,7110.0,7220.0,7092.0,7614.0,6486.0,1174,5903,7120.0,5,7126.0,18,7130.0,8,7134.0,1,7142.0,1,7148.0,1,7164.0,1,7170.0,18,7176.0,1,7180.0,15,7146.0
SM503,,13:38:53.500#,7110.0,7220.0,7092.0,7614.0,6486.0,1174,5903,7120.0,5,7126.0,18,7130.0,8,7134.0,1,7142.0,1,7148.0,1,7152.0,1,7164.0,1,7170.0,18,7176.0,1,7146.0
SM503,,13:38:56.0#,7110.0,7220.0,7092.0,7614.0,6486.0,1174,5903,7120.0,5,7126.0,18,7130.0,8,7134.0,1,7142.0,1,7148.0,1,7164.0,1,7170.0,18,7176.0,1,7180.0,15,7146.0
SM503,,13:38:56.250#,7110.0,7220.0,7092.0,7614.0,6486.0,1174,5903,7114.0,11,7120.0,5,7126.0,18,7130.0,8,7142.0,1,7148.0,1,7154.0,1,7164.0,1,7170.0,18,7176.0,1,7146.0
SM503,,13:38:56.500#,7110.0,7220.0,7092.0,7614.0,6486.0,1174,5903,7120.0,5,7126.0,18,7130.0,8,7138.0,1,7142.0,1,7148.0,1,7154.0,1,7164.0,1,7170.0,18,7176.0,1,7146.0
SM503,,13:38:58.0#,7110.0,7220.0,7092.0,7614.0,6486.0,1174,5903,7120.0,5,7126.0,18,7130.0,8,7138.0,1,7142.0,1,7148.0,1,7154.0,1,7164.0,1,7170.0,18,7176.0,1,7146.0
SM503,,13:39:02.0#,7110.0,7220.0,7092.0,7614.0,6486.0,1174,5903,7120.0,5,7126.0,18,7130.0,8,7138.0,1,7144.0,1,7148.0,1,7154.0,1,7164.0,1,7170.0,18,7176.0,1,7146.0
SM503,,13:39:03.0#,7110.0,7220.0,7092.0,7614.0,6486.0,1174,5903,7126.0,18,7130.0,8,7138.0,1,7142.0,1,7144.0,1,7148.0,1,7154.0,1,7164.0,1,7170.0,18,7176.0,1,7146.0
SM503,,13:39:10.750#,7110.0,7220.0,7092.0,7614.0,6486.0,1174,5903,7126.0,18,7130.0,8,7138.0,1,7142.0,1,7144.0,1,7150.0,2,7154.0,1,7164.0,1,7170.0,18,7176.0,1,7146.0
SM503,,13:39:11.0#,7110.0,7220.0,7092.0,7614.0,6486.0,1174,5903,7120.0,5,7126.0,18,7130.0,8,7142.0,1,7144.0,1,7148.0,2,7164.0,1,7170.0,18,7176.0,1,7180.0,15,7146.0
SM503,,13:39:11.250#,7110.0,7220.0,7092.0,7614.0,6486.0,1174,5903,7120.0,5,7126.0,18,7130.0,8,7140.0,1,7142.0,2,7148.0,2,7164.0,1,7170.0,18,7176.0,1,7180.0,15,7146.0
SM503,,13:39:11.750#,7110.0,7220.0,7092.0,7614.0,6486.0,1174,5903,7120.0,5,7126.0,18,7130.0,8,7140.0,1,7142.0,2,7146.0,2,7164.0,1,7170.0,18,7176.0,1,7180.0,15,7146.0
SM503,,13:39:12.0#,7110.0,7220.0,7092.0,7614.0,6486.0,1175,5903,7114.0,11,7120.0,5,7126.0,18,7130.0,8,7140.0,1,7144.0,2,7164.0,1,7170.0,18,7176.0,1,7180.0,15,7142.0
SM503,,13:39:12.250#,7110.0,7220.0,7092.0,7614.0,6486.0,1175,5903,7120.0,5,7126.0,18,7130.0,8,7136.0,1,7138.0,2,7142.0,2,7164.0,1,7170.0,18,7176.0,1,7180.0,15,7142.0
SM503,,13:39:12.500#,7110.0,7220.0,7092.0,7614.0,6486.0,1175,5903,7120.0,5,7126.0,18,7130.0,8,7136.0,1,7138.0,2,7142.0,2,7164.0,1,7170.0,18,7176.0,1,7180.0,4,7142.0
SM503,,13:39:12.750#,7110.0,7220.0,7092.0,7614.0,6486.0,1175,5903,7114.0,11,7120.0,5,7126.0,18,7130.0,8,7138.0,2,7142.0,2,7164.0,1,7170.0,29,7176.0,1,7180.0,4,7142.0
SM503,,13:39:13.250#,7110.0,7220.0,7092.0,7614.0,6486.0,1175,5903,7114.0,11,7120.0,5,7126.0,18,7130.0,8,7138.0,2,7144.0,2,7164.0,1,7170.0,29,7176.0,1,7180.0,4,7142.0
SM503,,13:39:13.500#,7110.0,7220.0,7092.0,7614.0,6486.0,1175,5903,7120.0,5,7126.0,18,7130.0,8,7136.0,1,7138.0,2,7144.0,2,7164.0,1,7170.0,29,7176.0,1,7180.0,4,7142.0
SM503,,13:39:13.750#,7110.0,7220.0,7092.0,7614.0,6486.0,1175,5903,7120.0,5,7126.0,18,7130.0,8,7136.0,1,7138.0,2,7146.0,2,7164.0,1,7170.0,29,7176.0,1,7180.0,4,7142.0
SM503,,13:39:14.0#,7110.0,7220.0,7092.0,7614.0,6486.0,1175,5903,7120.0,5,7126.0,18,7130.0,8,7136.0,1,7138.0,2,7144.0,2,7152.0,1,7164.0,1,7170.0,29,7176.0,1,7142.0
SM503,,13:39:14.250#,7110.0,7220.0,7092.0,7614.0,6486.0,1175,5903,7120.0,5,7126.0,18,7130.0,8,7136.0,1,7138.0,2,7142.0,2,7152.0,1,7164.0,1,7170.0,29,7176.0,1,7142.0
SM503,,13:39:16.500#,7110.0,7220.0,7092.0,7614.0,6486.0,1175,5903,7120.0,5,7126.0,18,7130.0,8,7136.0,1,7138.0,2,7146.0,2,7152.0,1,7164.0,1,7170.0,29,7176.0,1,7142.0
SM503,,13:39:16.750#,7110.0,7220.0,7092.0,7614.0,6486.0,1175,5903,7114.0,11,7120.0,5,7126.0,18,7130.0,8,7138.0,2,7144.0,2,7164.0,1,7170.0,29,7176.0,1,7180.0,4,7142.0
SM503,,13:39:17.0#,7110.0,7220.0,7092.0,7614.0,6486.0,1175,5903,7120.0,5,7126.0,18,7130.0,8,7134.0,1,7138.0,2,7144.0,2,7150.0,1,7164.0,1,7170.0,29,7176.0,1,7142.0
SM503,,13:39:18.0#,7110.0,7220.0,7092.0,7614.0,6486.0,1175,5903,7120.0,5,7126.0,18,7130.0,8,7134.0,1,7140.0,1,7144.0,2,7150.0,1,7164.0,1,7170.0,29,7176.0,1,7142.0
SM503,,13:39:22.0#,7110.0,7220.0,7092.0,7614.0,6486.0,1175,5903,7120.0,5,7126.0,18,7130.0,8,7134.0,1,7140.0,1,7146.0,2,7150.0,1,7164.0,1,7170.0,29,7176.0,1,7142.0
SM503,,13:39:23.0#,7110.0,7220.0,7092.0,7614.0,6486.0,1175,5903,7120.0,5,7126.0,18,7130.0,8,7134.0,1,7140.0,1,7148.0,4,7150.0,1,7164.0,1,7170.0,29,7176.0,1,7142.0
SM503,,13:39:23.250#,7110.0,7220.0,7092.0,7614.0,6486.0,1175,5903,7120.0,5,7126.0,18,7130.0,8,7134.0,1,7140.0,1,7148.0,4,7150.0,1,7164.0,1,7170.0,18,7176.0,1,7142.0
SM503,,13:39:23.500#,7110.0,7220.0,7092.0,7614.0,6486.0,1175,5903,7120.0,5,7126.0,18,7130.0,8,7134.0,1,7140.0,1,7148.0,4,7150.0,1,7164.0,1,7170.0,18,7176.0,12,7142.0
SM503,,13:39:24.0#,7110.0,7220.0,7092.0,7614.0,6486.0,1175,5903,7120.0,5,7126.0,18,7130.0,8,7134.0,1,7140.0,1,7148.0,3,7150.0,1,7164.0,1,7170.0,18,7176.0,12,7142.0
SM503,,13:39:24.750#,7110.0,7220.0,7092.0,7614.0,6486.0,1175,5903,7120.0,5,7126.0,18,7130.0,8,7134.0,1,7140.0,1,7148.0,4,7150.0,1,7164.0,1,7170.0,18,7176.0,12,7142.0
SM503,,13:39:26.750#,7110.0,7220.0,7092.0,7614.0,6486.0,1175,5903,7120.0,5,7126.0,18,7130.0,8,7134.0,1,7140.0,1,7146.0,2,7150.0,1,7164.0,1,7170.0,18,7176.0,12,7142.0
SM503,,13:39:29.500#,7110.0,7220.0,7092.0,7614.0,6486.0,1175,5903,7120.0,5,7126.0,18,7130.0,8,7134.0,1,7142.0,1,7146.0,2,7150.0,1,7164.0,1,7170.0,18,7176.0,12,7142.0
SM503,,13:39:32.500#,7110.0,7220.0,7092.0,7614.0,6486.0,1175,5903,7120.0,5,7126.0,18,7130.0,8,7134.0,1,7142.0,1,7146.0,3,7150.0,1,7164.0,1,7170.0,18,7176.0,12,7142.0
SM503,,13:39:32.750#,7110.0,7220.0,7092.0,7614.0,6486.0,1175,5903,7120.0,5,7126.0,18,7130.0,8,7134.0,1,7142.0,1,7146.0,2,7164.0,1,7170.0,18,7176.0,12,7180.0,4,7142.0
SM503,,13:39:33.0#,7110.0,7220.0,7092.0,7614.0,6486.0,1175,5903,7120.0,5,7126.0,18,7130.0,8,7134.0,1,7142.0,1,7146.0,2,7148.0,1,7164.0,1,7170.0,18,7176.0,12,7142.0
SM503,,13:39:33.500#,7110.0,7220.0,7092.0,7614.0,6486.0,1175,5903,7120.0,5,7126.0,18,7130.0,8,7134.0,1,7142.0,1,7146.0,1,7148.0,1,7164.0,1,7170.0,18,7176.0,12,7142.0
SM503,,13:39:34.250#,7110.0,7220.0,7092.0,7614.0,6486.0,1175,5903,7120.0,5,7126.0,18,7130.0,8,7134.0,1,7142.0,1,7146.0,2,7148.0,1,7164.0,1,7170.0,18,7176.0,12,7142.0
SM503,,13:39:34.500#,7110.0,7220.0,7092.0,7614.0,6486.0,1175,5903,7120.0,5,7126.0,18,7130.0,8,7134.0,1,7140.0,1,7146.0,2,7148.0,1,7164.0,1,7170.0,18,7176.0,12,7142.0
SM503,,13:39:35.0#,7110.0,7220.0,7092.0,7614.0,6486.0,1175,5903,7120.0,5,7126.0,18,7130.0,8,7134.0,1,7138.0,2,7146.0,3,7148.0,1,7164.0,1,7170.0,18,7176.0,12,7142.0
SM503,,13:39:35.250#,7110.0,7220.0,7092.0,7614.0,6486.0,1175,5903,7120.0,5,7126.0,18,7130.0,8,7134.0,1,7138.0,2,7144.0,2,7148.0,1,7164.0,1,7170.0,18,7176.0,12,7142.0
SM503,,13:39:35.500#,7110.0,7220.0,7092.0,7614.0,6486.0,1175,5903,7120.0,5,7126.0,18,7130.0,8,7134.0,1,7138.0,2,7144.0,3,7148.0,1,7164.0,1,7170.0,18,7176.0,12,7142.0
SM503,,13:39:35.750#,7110.0,7220.0,7092.0,7614.0,6486.0,1175,5903,7114.0,11,7120.0,5,7126.0,18,7130.0,8,7138.0,2,7144.0,2,7164.0,1,7170.0,18,7176.0,12,7180.0,4,7142.0
SM503,,13:39:36.0#,7110.0,7220.0,7092.0,7614.0,6486.0,1175,5903,7120.0,5,7126.0,18,7130.0,8,7134.0,1,7138.0,2,7144.0,2,7150.0,1,7160.0,18,7164.0,1,7176.0,12,7142.0
SM503,,13:39:36.250#,7110.0,7220.0,7092.0,7614.0,6486.0,1175,5903,7120.0,5,7126.0,18,7130.0,8,7134.0,1,7138.0,2,7144.0,1,7150.0,1,7160.0,18,7164.0,1,7176.0,12,7142.0
SM503,,13:39:36.500#,7110.0,7220.0,7092.0,7614.0,6486.0,1175,5903,7114.0,11,7120.0,5,7126.0,18,7130.0,8,7138.0,2,7144.0,1,7160.0,18,7164.0,1,7176.0,12,7180.0,4,7142.0
SM503,,13:39:36.750#,7110.0,7220.0,7092.0,7614.0,6486.0,1175,5903,7114.0,11,7120.0,5,7126.0,18,7130.0,8,7138.0,2,7144.0,2,7146.0,1,7160.0,18,7164.0,1,7176.0,12,7142.0
SM503,,13:39:40.500#,7110.0,7220.0,7092.0,7614.0,6486.0,1175,5903,7114.0,11,7120.0,5,7126.0,18,7130.0,8,7138.0,1,7144.0,2,7146.0,1,7160.0,18,7164.0,1,7176.0,12,7142.0
SM503,,13:39:41.0#,7110.0,7220.0,7092.0,7614.0,6486.0,1175,5903,7114.0,11,7120.0,5,7126.0,18,7130.0,8,7138.0,1,7144.0,1,7146.0,1,7160.0,18,7164.0,1,7176.0,12,7142.0
SM503,,13:39:41.250#,7110.0,7220.0,7092.0,7614.0,6486.0,1175,5903,7120.0,5,7126.0,18,7130.0,8,7132.0,1,7138.0,1,7146.0,5,7160.0,18,7164.0,1,7176.0,12,7180.0,4,7142.0
SM503,,13:39:41.500#,7110.0,7220.0,7092.0,7614.0,6486.0,1175,5903,7120.0,5,7126.0,18,7130.0,8,7132.0,1,7138.0,1,7146.0,3,7160.0,18,7164.0,1,7176.0,12,7180.0,4,7142.0
SM503,,13:39:41.750#,7110.0,7220.0,7092.0,7614.0,6486.0,1175,5903,7120.0,5,7126.0,18,7130.0,8,7132.0,1,7138.0,1,7146.0,2,7148.0,1,7160.0,18,7164.0,1,7176.0,12,7142.0
SM503,,13:39:42.0#,7110.0,7220.0,7092.0,7614.0,6486.0,1175,5903,7114.0,11,7120.0,5,7126.0,18,7130.0,8,7138.0,1,7146.0,2,7160.0,18,7164.0,1,7176.0,12,7180.0,4,7142.0
SM503,,13:39:42.250#,7110.0,7220.0,7092.0,7614.0,6486.0,1175,5903,7120.0,5,7126.0,18,7130.0,8,7134.0,1,7138.0,1,7146.0,2,7150.0,1,7160.0,18,7164.0,1,7176.0,12,7142.0
SM503,,13:39:42.500#,7110.0,7220.0,7092.0,7614.0,6486.0,1175,5903,7120.0,5,7126.0,18,7130.0,8,7134.0,1,7138.0,1,7144.0,2,7150.0,1,7160.0,18,7164.0,1,7176.0,12,7142.0
SM503,,13:39:43.500#,7110.0,7220.0,7092.0,7614.0,6486.0,1175,5903,7120.0,5,7126.0,18,7130.0,8,7134.0,1,7138.0,1,7146.0,2,7150.0,1,7160.0,18,7164.0,1,7176.0,12,7142.0
SM503,,13:39:44.250#,7110.0,7220.0,7092.0,7614.0,6486.0,1175,5903,7120.0,5,7126.0,18,7130.0,8,7134.0,1,7138.0,1,7144.0,2,7150.0,1,7160.0,18,7164.0,1,7176.0,12,7142.0
SM503,,13:39:46.0#,7110.0,7220.0,7092.0,7614.0,6486.0,1175,5903,7120.0,5,7126.0,18,7130.0,8,7134.0,1,7138.0,1,7146.0,2,7150.0,1,7160.0,18,7164.0,1,7176.0,12,7142.0
SM503,,13:39:46.250#,7110.0,7220.0,7092.0,7614.0,6486.0,1175,5903,7120.0,5,7126.0,18,7130.0,8,7134.0,1,7140.0,1,7146.0,2,7150.0,1,7160.0,18,7164.0,1,7176.0,12,7142.0
SM503,,13:39:47.0#,7110.0,7220.0,7092.0,7614.0,6486.0,1175,5903,7120.0,5,7126.0,18,7130.0,8,7134.0,1,7140.0,1,7144.0,1,7150.0,1,7160.0,18,7164.0,1,7176.0,12,7142.0
SM503,,13:39:47.250#,7110.0,7220.0,7092.0,7614.0,6486.0,1175,5903,7120.0,5,7126.0,18,7130.0,8,7134.0,1,7140.0,1,7146.0,2,7160.0,18,7164.0,1,7176.0,12,7180.0,4,7142.0
SM503,,13:39:47.500#,7110.0,7220.0,7092.0,7614.0,6486.0,1175,5903,7120.0,5,7126.0,18,7130.0,8,7134.0,1,7140.0,1,7146.0,2,7150.0,1,7160.0,18,7164.0,1,7176.0,12,7142.0
SM503,,13:39:48.0#,7110.0,7220.0,7092.0,7614.0,6486.0,1175,5903,7120.0,5,7126.0,18,7130.0,8,7134.0,1,7140.0,1,7146.0,2,7160.0,18,7164.0,1,7176.0,12,7180.0,4,7142.0
SM503,,13:39:48.250#,7110.0,7220.0,7092.0,7614.0,6486.0,1175,5903,7114.0,11,7120.0,5,7126.0,18,7130.0,8,7140.0,1,7146.0,2,7152.0,1,7160.0,18,7164.0,1,7176.0,12,7142.0
SM503,,13:40:01.0#,7110.0,7220.0,7092.0,7614.0,6486.0,1175,5903,7114.0,11,7120.0,5,7126.0,18,7130.0,8,7138.0,1,7146.0,2,7152.0,1,7160.0,18,7164.0,1,7176.0,12,7142.0
SM503,,13:40:01.250#,7110.0,7220.0,7092.0,7614.0,6486.0,1175,5903,7114.0,11,7120.0,5,7126.0,18,7130.0,8,7138.0,1,7144.0,2,7152.0,1,7160.0,18,7164.0,1,7176.0,12,7142.0
SM503,,13:40:01.750#,7110.0,7220.0,7092.0,7614.0,6486.0,1175,5903,7114.0,11,7120.0,5,7126.0,18,7130.0,8,7138.0,2,7144.0,2,7152.0,1,7160.0,18,7164.0,1,7176.0,12,7142.0
SM503,,13:40:05.750#,7110.0,7220.0,7092.0,7614.0,6486.0,1175,5903,7114.0,11,7120.0,5,7126.0,18,7130.0,8,7140.0,1,7144.0,2,7152.0,1,7160.0,18,7164.0,1,7176.0,12,7142.0
SM503,,13:40:06.0#,7110.0,7220.0,7092.0,7614.0,6486.0,1175,5903,7114.0,11,7120.0,5,7126.0,18,7130.0,8,7140.0,1,7146.0,2,7152.0,1,7160.0,18,7164.0,1,7176.0,12,7142.0
SM503,,13:40:11.500#,7110.0,7220.0,7092.0,7614.0,6486.0,1175,5903,7114.0,11,7120.0,5,7126.0,18,7130.0,8,7142.0,1,7146.0,2,7152.0,1,7160.0,18,7164.0,1,7176.0,12,7142.0
SM503,,13:40:11.750#,7110.0,7220.0,7092.0,7614.0,6486.0,1175,5903,7114.0,11,7120.0,5,7126.0,18,7130.0,8,7140.0,1,7146.0,2,7152.0,1,7160.0,18,7164.0,1,7176.0,12,7142.0
SM503,,13:40:12.0#,7110.0,7220.0,7092.0,7614.0,6486.0,1175,5903,7114.0,11,7120.0,5,7126.0,18,7130.0,8,7140.0,1,7144.0,2,7152.0,1,7160.0,18,7164.0,1,7176.0,12,7142.0
SM503,,13:40:17.750#,7110.0,7220.0,7092.0,7614.0,6486.0,1182,5896,7114.0,11,7120.0,5,7126.0,18,7130.0,8,7140.0,1,7148.0,4,7152.0,1,7160.0,18,7164.0,1,7176.0,12,7144.0
SM503,,13:40:18.0#,7110.0,7220.0,7092.0,7614.0,6486.0,1182,5896,7114.0,11,7120.0,5,7126.0,18,7130.0,8,7142.0,1,7148.0,4,7152.0,1,7160.0,18,7164.0,1,7176.0,12,7144.0
SM503,,13:40:19.500#,7110.0,7220.0,7092.0,7614.0,6486.0,1182,5896,7114.0,11,7120.0,5,7126.0,18,7130.0,8,7142.0,1,7150.0,4,7152.0,1,7160.0,18,7164.0,1,7176.0,12,7144.0
SM503,,13:40:20.0#,7110.0,7220.0,7092.0,7614.0,6486.0,1182,5896,7114.0,11,7120.0,5,7126.0,18,7130.0,8,7142.0,1,7148.0,1,7152.0,1,7160.0,18,7164.0,1,7176.0,12,7144.0
SM503,,13:40:20.500#,7110.0,7220.0,7092.0,7614.0,6486.0,1182,5896,7114.0,11,7120.0,5,7126.0,18,7130.0,8,7142.0,1,7150.0,4,7152.0,1,7160.0,18,7164.0,1,7176.0,12,7144.0
SM503,,13:40:21.750#,7110.0,7220.0,7092.0,7614.0,6486.0,1182,5896,7114.0,11,7120.0,5,7126.0,18,7130.0,8,7142.0,1,7150.0,1,7152.0,1,7160.0,18,7164.0,1,7176.0,12,7144.0
SM503,,13:40:22.0#,7110.0,7220.0,7092.0,7614.0,6486.0,1182,5896,7114.0,11,7120.0,5,7126.0,18,7130.0,8,7144.0,1,7152.0,6,7160.0,18,7164.0,1,7176.0,12,7180.0,4,7144.0
SM503,,13:40:22.250#,7110.0,7220.0,7092.0,7614.0,6486.0,1182,5896,7114.0,11,7120.0,5,7126.0,18,7130.0,8,7144.0,1,7152.0,7,7160.0,18,7164.0,1,7176.0,12,7180.0,4,7144.0
SM503,,13:40:22.500#,7110.0,7220.0,7092.0,7614.0,6486.0,1182,5896,7114.0,11,7120.0,5,7126.0,18,7130.0,8,7146.0,1,7152.0,7,7160.0,18,7164.0,1,7176.0,12,7180.0,4,7144.0
SM503,,13:40:23.0#,7110.0,7220.0,7092.0,7614.0,6486.0,1182,5896,7114.0,11,7120.0,5,7126.0,18,7130.0,8,7146.0,1,7152.0,7,7164.0,1,7166.0,18,7176.0,12,7180.0,4,7144.0
SM503,,13:40:23.250#,7110.0,7220.0,7092.0,7614.0,6486.0,1182,5896,7114.0,11,7120.0,5,7126.0,18,7130.0,8,7146.0,1,7150.0,1,7152.0,1,7164.0,1,7166.0,18,7176.0,12,7144.0
SM503,,13:40:23.500#,7110.0,7220.0,7092.0,7614.0,6486.0,1182,5896,7114.0,11,7120.0,5,7126.0,18,7130.0,8,7144.0,1,7150.0,2,7152.0,1,7164.0,1,7166.0,18,7176.0,12,7144.0
SM503,,13:40:23.750#,7110.0,7220.0,7092.0,7614.0,6486.0,1182,5896,7114.0,11,7120.0,5,7126.0,18,7130.0,8,7144.0,1,7150.0,1,7152.0,1,7164.0,1,7166.0,18,7176.0,12,7144.0
SM503,,13:40:24.0#,7110.0,7220.0,7092.0,7614.0,6486.0,1182,5896,7114.0,11,7120.0,5,7126.0,18,7130.0,8,7144.0,1,7152.0,7,7164.0,1,7166.0,18,7176.0,12,7180.0,4,7144.0
SM503,,13:40:27.250#,7110.0,7220.0,7092.0,7614.0,6486.0,1182,5896,7114.0,11,7120.0,5,7126.0,18,7130.0,8,7144.0,1,7150.0,1,7152.0,1,7164.0,1,7166.0,18,7176.0,12,7144.0
SM503,,13:40:28.750#,7110.0,7220.0,7092.0,7614.0,6486.0,1182,5896,7114.0,11,7120.0,5,7126.0,18,7130.0,8,7140.0,1,7150.0,1,7152.0,1,7164.0,1,7166.0,18,7176.0,12,7144.0
SM503,,13:40:29.0#,7110.0,7220.0,7092.0,7614.0,6486.0,1182,5896,7114.0,11,7120.0,5,7126.0,18,7130.0,8,7142.0,1,7150.0,1,7152.0,1,7164.0,1,7166.0,18,7176.0,12,7144.0
SM503,,13:40:29.250#,7110.0,7220.0,7092.0,7614.0,6486.0,1182,5896,7114.0,11,7120.0,5,7126.0,18,7130.0,8,7144.0,1,7150.0,1,7152.0,1,7164.0,1,7166.0,18,7176.0,12,7144.0
SM503,,13:40:31.0#,7110.0,7220.0,7092.0,7614.0,6486.0,1182,5896,7114.0,11,7120.0,5,7126.0,18,7130.0,8,7144.0,1,7152.0,7,7164.0,1,7166.0,18,7176.0,12,7180.0,4,7144.0
SM503,,13:40:31.250#,7110.0,7220.0,7092.0,7614.0,6486.0,1182,5896,7114.0,11,7120.0,5,7126.0,18,7130.0,8,7144.0,1,7146.0,1,7152.0,1,7164.0,1,7166.0,18,7176.0,12,7144.0
SM503,,13:40:31.500#,7110.0,7220.0,7092.0,7614.0,6486.0,1182,5896,7114.0,11,7120.0,5,7126.0,18,7130.0,8,7146.0,1,7152.0,7,7164.0,1,7166.0,18,7176.0,12,7180.0,4,7144.0
SM503,,13:40:33.250#,7110.0,7220.0,7092.0,7614.0,6486.0,1182,5896,7114.0,11,7120.0,5,7126.0,18,7130.0,8,7146.0,1,7152.0,6,7164.0,1,7166.0,18,7176.0,12,7180.0,4,7144.0
SM503,,13:40:34.250#,7110.0,7220.0,7092.0,7614.0,6486.0,1182,5896,7114.0,11,7120.0,5,7126.0,18,7130.0,8,7140.0,1,7152.0,6,7164.0,1,7166.0,18,7176.0,12,7180.0,4,7144.0
SM503,,13:40:34.500#,7110.0,7220.0,7092.0,7614.0,6486.0,1182,5896,7114.0,11,7120.0,5,7126.0,18,7130.0,8,7142.0,1,7152.0,6,7164.0,1,7166.0,18,7176.0,12,7180.0,4,7144.0
SM503,,13:40:34.750#,7110.0,7220.0,7092.0,7614.0,6486.0,1182,5896,7114.0,11,7120.0,5,7126.0,18,7130.0,8,7144.0,1,7152.0,6,7164.0,1,7166.0,18,7176.0,12,7180.0,4,7144.0
SM503,,13:40:35.500#,7110.0,7220.0,7092.0,7614.0,6486.0,1182,5896,7114.0,11,7120.0,5,7126.0,18,7130.0,8,7146.0,1,7152.0,6,7164.0,1,7166.0,18,7176.0,12,7180.0,4,7144.0
SM503,,13:40:40.250#,7110.0,7220.0,7092.0,7614.0,6486.0,1182,5896,7114.0,11,7120.0,5,7126.0,18,7130.0,8,7146.0,1,7148.0,1,7164.0,1,7166.0,18,7176.0,12,7180.0,4,7144.0
SM503,,13:40:41.0#,7110.0,7220.0,7092.0,7614.0,6486.0,1183,5895,7114.0,11,7120.0,5,7126.0,18,7130.0,8,7146.0,1,7152.0,6,7164.0,1,7166.0,18,7176.0,12,7180.0,4,7148.0
SM503,,13:40:48.250#,7110.0,7220.0,7092.0,7614.0,6486.0,1183,5895,7114.0,11,7120.0,5,7126.0,18,7130.0,8,7146.0,1,7152.0,4,7164.0,1,7166.0,18,7176.0,12,7180.0,4,7148.0
SM503,,13:40:55.750#,7110.0,7220.0,7092.0,7614.0,6486.0,1183,5895,7114.0,11,7120.0,5,7126.0,18,7130.0,8,7146.0,1,7152.0,3,7164.0,1,7166.0,18,7176.0,12,7180.0,4,7148.0
SM503,,13:40:56.0#,7110.0,7220.0,7092.0,7614.0,6486.0,1183,5895,7114.0,11,7120.0,5,7126.0,18,7130.0,8,7146.0,1,7152.0,2,7164.0,1,7166.0,18,7176.0,12,7180.0,4,7148.0
SM503,,13:40:58.750#,7110.0,7220.0,7092.0,7614.0,6486.0,1183,5895,7114.0,11,7120.0,5,7126.0,18,7130.0,8,7146.0,1,7152.0,3,7164.0,1,7166.0,18,7176.0,12,7180.0,4,7148.0
SM503,,13:40:59.0#,7110.0,7220.0,7092.0,7614.0,6486.0,1183,5895,7114.0,11,7120.0,5,7126.0,18,7130.0,8,7144.0,1,7152.0,3,7164.0,1,7166.0,18,7176.0,12,7180.0,4,7148.0
SM503,,13:41:00.250#,7110.0,7220.0,7092.0,7614.0,6486.0,1183,5895,7114.0,11,7120.0,5,7126.0,18,7130.0,8,7144.0,1,7150.0,1,7164.0,1,7166.0,18,7176.0,12,7180.0,4,7148.0
SM503,,13:41:00.500#,7110.0,7220.0,7092.0,7614.0,6486.0,1183,5895,7114.0,11,7120.0,5,7126.0,18,7130.0,8,7144.0,1,7152.0,3,7164.0,1,7166.0,18,7176.0,12,7180.0,4,7148.0
SM503,,13:41:03.0#,7110.0,7220.0,7092.0,7614.0,6486.0,1183,5895,7114.0,11,7120.0,5,7126.0,18,7130.0,8,7144.0,1,7150.0,1,7164.0,1,7166.0,18,7176.0,12,7180.0,4,7148.0
SM503,,13:41:10.500#,7110.0,7220.0,7092.0,7614.0,6486.0,1183,5895,7114.0,11,7120.0,5,7126.0,18,7130.0,8,7142.0,1,7148.0,4,7164.0,1,7166.0,18,7176.0,12,7180.0,4,7148.0
SM503,,13:41:12.500#,7110.0,7220.0,7092.0,7614.0,6486.0,1183,5895,7114.0,11,7120.0,5,7126.0,18,7130.0,8,7142.0,1,7150.0,1,7164.0,1,7166.0,18,7176.0,12,7180.0,4,7148.0
SM503,,13:41:15.500#,7110.0,7220.0,7092.0,7614.0,6486.0,1183,5895,7114.0,11,7120.0,5,7126.0,18,7130.0,8,7142.0,1,7150.0,1,7164.0,1,7166.0,18,7176.0,12,7180.0,4,7148.0
SM503,,13:41:22.500#,7110.0,7220.0,7092.0,7614.0,6486.0,1183,5895,7114.0,11,7120.0,5,7126.0,18,7130.0,8,7144.0,1,7150.0,2,7164.0,1,7166.0,18,7176.0,12,7180.0,4,7148.0
SM503,,13:41:22.750#,7110.0,7220.0,7092.0,7614.0,6486.0,1183,5895,7114.0,11,7120.0,5,7126.0,18,7130.0,8,7142.0,1,7150.0,2,7164.0,1,7166.0,18,7176.0,12,7180.0,4,7148.0
SM503,,13:41:26.250#,7110.0,7220.0,7092.0,7614.0,6486.0,1183,5895,7114.0,11,7120.0,5,7126.0,18,7130.0,8,7142.0,1,7150.0,1,7164.0,1,7166.0,18,7176.0,12,7180.0,4,7148.0
SM503,,13:41:26.500#,7110.0,7220.0,7092.0,7614.0,6486.0,1183,5895,7114.0,11,7120.0,5,7126.0,18,7130.0,8,7144.0,1,7150.0,1,7164.0,1,7166.0,18,7176.0,12,7180.0,4,7148.0
SM503,,13:41:38.250#,7110.0,7220.0,7092.0,7614.0,6486.0,1183,5895,7114.0,11,7120.0,5,7126.0,18,7130.0,8,7144.0,1,7150.0,2,7164.0,1,7166.0,18,7176.0,12,7180.0,4,7148.0
SM503,,13:41:38.500#,7110.0,7220.0,7092.0,7614.0,6486.0,1183,5895,7114.0,11,7120.0,5,7126.0,18,7130.0,8,7142.0,1,7150.0,2,7164.0,1,7166.0,18,7176.0,12,7180.0,4,7148.0
SM503,,13:41:40.250#,7110.0,7220.0,7092.0,7614.0,6486.0,1183,5895,7114.0,11,7120.0,5,7126.0,18,7130.0,8,7142.0,1,7150.0,1,7164.0,1,7166.0,18,7176.0,12,7180.0,4,7148.0
SM503,,13:41:54.500#,7110.0,7220.0,7092.0,7614.0,6486.0,1183,5895,7114.0,11,7120.0,5,7126.0,18,7130.0,8,7146.0,1,7152.0,2,7164.0,1,7166.0,18,7176.0,12,7180.0,4,7148.0
SM503,,13:42:00.0#,7110.0,7220.0,7092.0,7614.0,6486.0,1183,5895,7114.0,11,7120.0,5,7126.0,18,7130.0,8,7146.0,1,7156.0,5,7164.0,1,7166.0,18,7176.0,12,7180.0,4,7148.0
SM503,,13:42:00.500#,7110.0,7220.0,7092.0,7614.0,6486.0,1183,5895,7114.0,11,7120.0,5,7126.0,18,7130.0,8,7146.0,1,7154.0,4,7164.0,1,7166.0,18,7176.0,1,7180.0,4,7148.0
SM503,,13:42:00.750#,7110.0,7220.0,7092.0,7614.0,6486.0,1183,5895,7114.0,11,7120.0,5,7126.0,18,7130.0,8,7146.0,1,7154.0,5,7164.0,1,7166.0,18,7176.0,1,7180.0,4,7148.0
SM503,,13:42:01.0#,7110.0,7220.0,7092.0,7614.0,6486.0,1183,5895,7114.0,11,7120.0,5,7126.0,18,7130.0,8,7144.0,1,7154.0,4,7164.0,1,7166.0,18,7176.0,1,7180.0,4,7148.0
SM503,,13:42:03.750#,7110.0,7220.0,7092.0,7614.0,6486.0,1183,5895,7114.0,11,7120.0,5,7126.0,18,7130.0,8,7144.0,1,7150.0,2,7164.0,1,7166.0,18,7176.0,1,7180.0,4,7148.0
SM503,,13:42:04.0#,7110.0,7220.0,7092.0,7614.0,6486.0,1183,5895,7114.0,11,7120.0,5,7126.0,18,7130.0,8,7146.0,1,7152.0,2,7164.0,1,7166.0,18,7176.0,1,7180.0,4,7148.0
SM503,,13:42:07.250#,7110.0,7220.0,7092.0,7614.0,6486.0,1183,5895,7114.0,11,7120.0,5,7126.0,18,7130.0,8,7144.0,1,7152.0,2,7164.0,1,7166.0,18,7176.0,1,7180.0,4,7148.0
SM503,,13:42:07.500#,7110.0,7220.0,7092.0,7614.0,6486.0,1183,5895,7114.0,11,7120.0,5,7126.0,18,7130.0,8,7144.0,1,7152.0,1,7164.0,1,7166.0,18,7176.0,1,7180.0,4,7148.0
SM503,,13:42:07.750#,7110.0,7220.0,7092.0,7614.0,6486.0,1183,5895,7114.0,11,7120.0,5,7126.0,18,7130.0,8,7144.0,1,7154.0,4,7164.0,1,7166.0,18,7176.0,1,7180.0,4,7148.0
SM503,,13:42:08.0#,7110.0,7220.0,7092.0,7614.0,6486.0,1183,5895,7114.0,11,7120.0,5,7126.0,18,7130.0,8,7144.0,1,7156.0,5,7164.0,1,7166.0,18,7176.0,1,7180.0,4,7148.0
SM503,,13:42:09.250#,7110.0,7220.0,7092.0,7614.0,6486.0,1183,5895,7114.0,11,7120.0,5,7126.0,18,7130.0,8,7144.0,3,7154.0,4,7164.0,1,7166.0,18,7176.0,1,7180.0,4,7148.0
SM503,,13:42:14.500#,7110.0,7220.0,7092.0,7614.0,6486.0,1183,5895,7120.0,5,7126.0,18,7130.0,8,7140.0,2,7144.0,1,7152.0,1,7164.0,1,7166.0,18,7176.0,1,7180.0,4,7148.0
SM503,,13:42:15.750#,7110.0,7220.0,7092.0,7614.0,6486.0,1183,5895,7114.0,11,7120.0,5,7126.0,18,7130.0,8,7142.0,1,7152.0,1,7164.0,1,7166.0,18,7176.0,1,7180.0,4,7148.0
SM503,,13:42:16.0#,7110.0,7220.0,7092.0,7614.0,6486.0,1183,5895,7114.0,11,7120.0,5,7126.0,18,7130.0,8,7142.0,1,7150.0,4,7164.0,1,7166.0,18,7176.0,1,7180.0,4,7148.0
SM503,,13:42:25.0#,7110.0,7220.0,7092.0,7614.0,6486.0,1183,5895,7114.0,11,7120.0,5,7126.0,18,7130.0,8,7144.0,1,7150.0,2,7164.0,1,7166.0,18,7176.0,1,7180.0,4,7148.0
SM503,,13:42:32.750#,7110.0,7220.0,7092.0,7614.0,6486.0,1183,5895,7114.0,11,7120.0,5,7126.0,18,7130.0,8,7144.0,1,7154.0,4,7164.0,1,7166.0,18,7176.0,1,7180.0,4,7148.0
SM503,,13:42:33.0#,7110.0,7220.0,7092.0,7614.0,6486.0,1183,5895,7114.0,11,7120.0,5,7126.0,18,7130.0,8,7146.0,1,7154.0,4,7164.0,1,7166.0,18,7176.0,1,7180.0,4,7148.0
SM503,,13:42:33.250#,7110.0,7220.0,7092.0,7614.0,6486.0,1183,5895,7114.0,11,7120.0,5,7126.0,18,7130.0,8,7148.0,1,7154.0,4,7164.0,1,7166.0,18,7176.0,1,7180.0,4,7148.0
SM503,,13:42:33.500#,7110.0,7220.0,7092.0,7614.0,6486.0,1183,5895,7114.0,11,7120.0,5,7126.0,18,7130.0,8,7146.0,1,7154.0,5,7164.0,1,7166.0,18,7176.0,1,7180.0,4,7148.0
SM503,,13:42:33.750#,7110.0,7220.0,7092.0,7614.0,6486.0,1183,5895,7114.0,11,7120.0,5,7126.0,18,7130.0,8,7146.0,1,7152.0,4,7164.0,1,7166.0,18,7176.0,1,7180.0,4,7148.0
SM503,,13:42:34.250#,7110.0,7220.0,7092.0,7614.0,6486.0,1183,5895,7114.0,11,7120.0,5,7126.0,18,7130.0,8,7146.0,1,7154.0,4,7164.0,1,7166.0,18,7176.0,1,7180.0,4,7148.0
SM503,,13:42:36.750#,7110.0,7220.0,7092.0,7614.0,6486.0,1183,5895,7114.0,11,7120.0,5,7126.0,18,7130.0,8,7146.0,1,7154.0,5,7164.0,1,7166.0,18,7176.0,1,7180.0,4,7148.0
SM503,,13:42:38.250#,7110.0,7220.0,7092.0,7614.0,6486.0,1183,5895,7114.0,11,7120.0,5,7126.0,18,7130.0,8,7146.0,1,7152.0,1,7164.0,1,7166.0,18,7176.0,1,7180.0,4,7148.0
SM503,,13:42:44.0#,7110.0,7220.0,7092.0,7614.0,6486.0,1183,5895,7114.0,11,7120.0,5,7126.0,18,7130.0,8,7144.0,1,7152.0,2,7164.0,1,7166.0,18,7176.0,1,7180.0,4,7148.0
SM503,,13:42:47.750#,7110.0,7220.0,7092.0,7614.0,6486.0,1183,5895,7114.0,11,7120.0,5,7126.0,18,7130.0,8,7142.0,1,7150.0,3,7164.0,1,7166.0,18,7176.0,1,7180.0,4,7148.0
SM503,,13:42:51.750#,7110.0,7220.0,7092.0,7614.0,6486.0,1183,5895,7114.0,11,7120.0,5,7126.0,18,7130.0,8,7142.0,1,7150.0,2,7164.0,1,7166.0,18,7176.0,1,7180.0,4,7148.0
SM503,,13:43:00.0#,7110.0,7220.0,7092.0,7614.0,6486.0,1183,5895,7114.0,11,7120.0,5,7126.0,18,7130.0,8,7142.0,1,7148.0,4,7164.0,1,7166.0,18,7176.0,1,7180.0,4,7148.0
SM503,,13:43:03.0#,7110.0,7220.0,7092.0,7614.0,6486.0,1183,5895,7114.0,11,7120.0,5,7126.0,18,7130.0,8,7142.0,1,7148.0,4,7164.0,1,7166.0,18,7176.0,1,7180.0,4,7148.0
SM503,,13:43:03.500#,7110.0,7220.0,7092.0,7614.0,6486.0,1183,5895,7114.0,11,7120.0,5,7126.0,18,7130.0,8,7142.0,1,7148.0,4,7164.0,1,7166.0,18,7176.0,1,7180.0,4,7148.0
SM503,,13:43:25.250#,7110.0,7220.0,7092.0,7614.0,6486.0,1183,5895,7114.0,11,7120.0,5,7126.0,18,7130.0,8,7140.0,1,7148.0,4,7164.0,1,7166.0,18,7176.0,1,7180.0,4,7148.0
SM503,,13:43:31.500#,7110.0,7220.0,7092.0,7614.0,6486.0,1183,5895,7114.0,11,7120.0,5,7126.0,18,7130.0,8,7140.0,1,7148.0,4,7164.0,1,7166.0,18,7176.0,1,7180.0,4,7148.0
SM503,,13:43:40.0#,7110.0,7220.0,7092.0,7614.0,6486.0,1183,5895,7114.0,11,7120.0,5,7126.0,18,7130.0,8,7140.0,1,7146.0,4,7164.0,1,7166.0,18,7176.0,1,7180.0,4,7148.0
SM503,,13:43:40.250#,7110.0,7220.0,7092.0,7614.0,6486.0,1183,5895,7114.0,11,7120.0,5,7126.0,18,7130.0,8,7140.0,1,7150.0,1,7164.0,1,7166.0,18,7176.0,1,7180.0,4,7148.0
SM503,,13:43:40.500#,7110.0,7220.0,7092.0,7614.0,6486.0,1183,5895,7114.0,11,7120.0,5,7126.0,18,7130.0,8,7140.0,1,7148.0,5,7164.0,1,7166.0,18,7176.0,1,7180.0,4,7148.0
SM503,,13:43:44.250#,7110.0,7220.0,7092.0,7614.0,6486.0,1183,5895,7114.0,11,7120.0,5,7126.0,18,7130.0,8,7140.0,1,7148.0,6,7164.0,1,7166.0,18,7176.0,1,7180.0,4,7148.0
SM503,,13:43:45.500#,7110.0,7220.0,7092.0,7614.0,6486.0,1183,5895,7114.0,11,7120.0,5,7126.0,18,7130.0,8,7140.0,1,7148.0,5,7164.0,1,7166.0,18,7176.0,1,7180.0,4,7148.0
SM503,,13:43:47.500#,7110.0,7220.0,7092.0,7614.0,6486.0,1183,5895,7114.0,11,7120.0,5,7126.0,18,7130.0,8,7140.0,1,7148.0,6,7164.0,1,7166.0,18,7176.0,1,7180.0,4,7148.0
SM503,,13:43:49.250#,7110.0,7220.0,7092.0,7614.0,6486.0,1183,5895,7114.0,11,7120.0,5,7126.0,18,7130.0,8,7140.0,1,7148.0,5,7164.0,1,7166.0,18,7176.0,1,7180.0,4,7148.0
SM503,,13:43:49.500#,7110.0,7220.0,7092.0,7614.0,6486.0,1183,5895,7114.0,11,7120.0,5,7126.0,18,7130.0,8,7140.0,1,7148.0,6,7164.0,1,7166.0,18,7176.0,1,7180.0,4,7148.0
SM503,,13:43:49.750#,7110.0,7220.0,7092.0,7614.0,6486.0,1183,5895,7114.0,11,7120.0,5,7126.0,18,7130.0,8,7140.0,1,7148.0,5,7164.0,1,7166.0,18,7176.0,1,7180.0,4,7148.0
SM503,,13:43:50.0#,7110.0,7220.0,7092.0,7614.0,6486.0,1183,5895,7114.0,11,7120.0,5,7126.0,18,7130.0,8,7142.0,1,7148.0,4,7164.0,1,7166.0,18,7176.0,1,7180.0,4,7148.0
SM503,,13:43:50.250#,7110.0,7220.0,7092.0,7614.0,6486.0,1183,5895,7114.0,11,7120.0,5,7126.0,18,7130.0,8,7140.0,1,7148.0,4,7164.0,1,7166.0,18,7176.0,1,7180.0,4,7148.0
SM503,,13:43:50.500#,7110.0,7220.0,7092.0,7614.0,6486.0,1183,5895,7114.0,11,7120.0,5,7126.0,18,7130.0,8,7142.0,1,7148.0,4,7164.0,1,7166.0,18,7176.0,1,7180.0,4,7148.0
SM503,,13:43:51.250#,7110.0,7220.0,7092.0,7614.0,6486.0,1183,5895,7114.0,11,7120.0,5,7126.0,18,7130.0,8,7140.0,1,7146.0,1,7164.0,1,7166.0,18,7176.0,1,7180.0,4,7148.0
SM503,,13:43:51.500#,7110.0,7220.0,7092.0,7614.0,6486.0,1183,5895,7114.0,11,7120.0,5,7126.0,18,7130.0,8,7142.0,1,7150.0,2,7164.0,1,7166.0,18,7176.0,1,7180.0,4,7148.0
SM503,,13:43:51.750#,7110.0,7220.0,7092.0,7614.0,6486.0,1183,5895,7114.0,11,7120.0,5,7126.0,18,7130.0,8,7140.0,1,7150.0,2,7164.0,1,7166.0,18,7176.0,1,7180.0,4,7148.0
SM503,,13:43:53.0#,7110.0,7220.0,7092.0,7614.0,6486.0,1189,5889,7114.0,11,7120.0,5,7126.0,18,7130.0,8,7148.0,24,7150.0,2,7164.0,1,7166.0,18,7176.0,1,7180.0,4,7148.0
SM503,,13:43:53.250#,7110.0,7220.0,7092.0,7614.0,6486.0,1194,5884,7114.0,11,7120.0,5,7126.0,18,7130.0,8,7148.0,19,7150.0,2,7164.0,1,7166.0,18,7176.0,1,7180.0,4,7148.0
SM503,,13:43:53.500#,7110.0,7220.0,7092.0,7614.0,6486.0,1195,5883,7114.0,11,7120.0,5,7126.0,18,7130.0,8,7148.0,18,7150.0,2,7164.0,1,7166.0,18,7176.0,1,7180.0,4,7148.0
SM503,,13:43:53.750#,7110.0,7220.0,7092.0,7614.0,6486.0,1196,5882,7114.0,11,7120.0,5,7126.0,18,7130.0,8,7148.0,17,7150.0,2,7164.0,1,7166.0,18,7176.0,1,7180.0,4,7148.0
SM503,,13:43:54.0#,7110.0,7220.0,7092.0,7614.0,6486.0,1208,5870,7114.0,11,7120.0,5,7126.0,18,7130.0,8,7148.0,5,7150.0,2,7164.0,1,7166.0,18,7176.0,1,7180.0,4,7148.0
SM503,,13:43:56.0#,7110.0,7220.0,7092.0,7614.0,6486.0,1209,5869,7114.0,11,7120.0,5,7126.0,18,7130.0,8,7148.0,4,7150.0,2,7164.0,1,7166.0,18,7176.0,1,7180.0,4,7148.0
SM503,,13:43:57.250#,7110.0,7220.0,7092.0,7614.0,6486.0,1213,5865,7114.0,11,7120.0,5,7126.0,18,7130.0,8,7140.0,1,7150.0,2,7164.0,1,7166.0,18,7176.0,1,7180.0,4,7148.0
SM503,,13:44:00.750#,7110.0,7220.0,7092.0,7614.0,6486.0,1213,5865,7114.0,11,7120.0,5,7126.0,18,7130.0,8,7142.0,1,7150.0,1,7164.0,1,7166.0,18,7176.0,1,7180.0,4,7148.0
SM503,,13:44:01.500#,7110.0,7220.0,7092.0,7614.0,6486.0,1213,5865,7114.0,11,7120.0,5,7126.0,18,7130.0,8,7142.0,1,7152.0,2,7164.0,1,7166.0,18,7176.0,1,7180.0,4,7148.0
SM503,,13:44:01.750#,7110.0,7220.0,7092.0,7614.0,6486.0,1213,5865,7114.0,11,7120.0,5,7126.0,18,7130.0,8,7142.0,1,7152.0,3,7164.0,1,7166.0,18,7176.0,1,7180.0,4,7148.0
SM503,,13:44:06.750#,7110.0,7220.0,7092.0,7614.0,6486.0,1213,5865,7114.0,11,7120.0,5,7126.0,18,7130.0,8,7142.0,1,7152.0,2,7164.0,1,7166.0,18,7176.0,1,7180.0,4,7148.0
SM503,,13:44:07.500#,7110.0,7220.0,7092.0,7614.0,6486.0,1213,5865,7114.0,11,7120.0,5,7126.0,18,7130.0,8,7148.0,6,7152.0,2,7164.0,1,7166.0,18,7176.0,1,7180.0,4,7148.0
SM503,,13:44:09.500#,7110.0,7220.0,7092.0,7614.0,6486.0,1213,5865,7114.0,11,7120.0,5,7126.0,18,7130.0,8,7148.0,6,7152.0,3,7164.0,1,7166.0,18,7176.0,1,7180.0,4,7148.0
SM503,,13:44:11.0#,7110.0,7220.0,7092.0,7614.0,6486.0,1213,5865,7114.0,11,7120.0,5,7126.0,18,7130.0,8,7148.0,6,7152.0,2,7164.0,1,7166.0,18,7176.0,1,7180.0,4,7148.0
SM503,,13:44:12.500#,7110.0,7220.0,7092.0,7614.0,6486.0,1213,5865,7114.0,11,7120.0,5,7126.0,18,7130.0,8,7148.0,6,7154.0,2,7164.0,1,7166.0,18,7176.0,1,7180.0,4,7148.0
SM503,,13:44:12.750#,7110.0,7220.0,7092.0,7614.0,6486.0,1213,5865,7114.0,11,7120.0,5,7126.0,18,7130.0,8,7148.0,6,7152.0,2,7164.0,1,7166.0,18,7176.0,1,7180.0,4,7148.0
SM503,,13:44:15.750#,7110.0,7220.0,7092.0,7614.0,6486.0,1213,5865,7114.0,11,7120.0,5,7126.0,18,7130.0,8,7148.0,7,7154.0,2,7164.0,1,7166.0,18,7176.0,1,7180.0,4,7148.0
SM503,,13:44:20.500#,7110.0,7220.0,7092.0,7614.0,6486.0,1213,5865,7114.0,11,7120.0,5,7126.0,18,7130.0,8,7148.0,1,7154.0,2,7164.0,1,7166.0,18,7176.0,1,7180.0,4,7148.0
SM503,,13:44:23.0#,7110.0,7220.0,7092.0,7614.0,6486.0,1218,5860,7114.0,11,7120.0,5,7126.0,18,7130.0,8,7154.0,1,7156.0,1,7164.0,1,7166.0,18,7176.0,1,7180.0,4,7154.0
SM503,,13:44:23.500#,7110.0,7220.0,7092.0,7614.0,6486.0,1218,5860,7120.0,5,7126.0,29,7130.0,8,7142.0,4,7154.0,1,7156.0,1,7164.0,1,7174.0,18,7176.0,1,7180.0,4,7154.0
SM503,,13:44:23.750#,7110.0,7220.0,7092.0,7614.0,6486.0,1219,5859,7120.0,5,7126.0,29,7130.0,8,7142.0,4,7148.0,1,7156.0,1,7164.0,1,7174.0,18,7176.0,1,7180.0,4,7154.0
SM503,,13:44:24.0#,7110.0,7220.0,7092.0,7614.0,6486.0,1219,5859,7120.0,5,7126.0,18,7130.0,8,7142.0,4,7148.0,1,7154.0,1,7164.0,1,7174.0,18,7176.0,1,7180.0,4,7154.0
SM503,,13:44:24.250#,7110.0,7220.0,7092.0,7614.0,6486.0,1219,5859,7120.0,16,7126.0,18,7130.0,8,7142.0,4,7148.0,1,7154.0,1,7164.0,1,7174.0,18,7176.0,1,7180.0,4,7154.0
SM503,,13:44:24.750#,7110.0,7220.0,7092.0,7614.0,6486.0,1219,5859,7120.0,16,7126.0,18,7130.0,8,7142.0,4,7148.0,1,7156.0,1,7164.0,1,7174.0,18,7176.0,1,7180.0,4,7154.0
SM503,,13:44:25.750#,7110.0,7220.0,7092.0,7614.0,6486.0,1219,5859,7120.0,16,7126.0,18,7130.0,8,7142.0,4,7148.0,1,7154.0,1,7164.0,1,7174.0,18,7176.0,1,7180.0,4,7154.0
SM503,,13:44:26.0#,7110.0,7220.0,7092.0,7614.0,6486.0,1219,5859,7120.0,16,7126.0,18,7130.0,8,7142.0,4,7146.0,1,7152.0,1,7164.0,1,7174.0,18,7176.0,1,7180.0,4,7154.0
SM503,,13:44:26.250#,7110.0,7220.0,7092.0,7614.0,6486.0,1219,5859,7120.0,16,7126.0,18,7130.0,8,7142.0,4,7144.0,1,7152.0,1,7164.0,1,7174.0,18,7176.0,1,7180.0,4,7154.0
SM503,,13:44:26.750#,7110.0,7220.0,7092.0,7614.0,6486.0,1219,5859,7120.0,16,7126.0,18,7130.0,8,7142.0,4,7144.0,1,7150.0,1,7164.0,1,7166.0,18,7176.0,1,7180.0,4,7154.0
SM503,,13:44:33.0#,7110.0,7220.0,7092.0,7614.0,6486.0,1219,5859,7120.0,16,7126.0,18,7130.0,8,7142.0,4,7144.0,1,7152.0,1,7164.0,1,7166.0,18,7176.0,1,7180.0,4,7154.0
SM503,,13:44:33.500#,7110.0,7220.0,7092.0,7614.0,6486.0,1219,5859,7120.0,16,7126.0,18,7130.0,8,7142.0,4,7150.0,1,7152.0,1,7164.0,1,7166.0,18,7176.0,1,7180.0,4,7154.0
SM503,,13:44:40.250#,7110.0,7220.0,7092.0,7614.0,6486.0,1219,5859,7120.0,16,7126.0,18,7130.0,8,7142.0,4,7146.0,1,7152.0,1,7164.0,1,7166.0,18,7176.0,1,7180.0,4,7154.0
SM503,,13:44:44.500#,7110.0,7220.0,7092.0,7614.0,6486.0,1219,5859,7120.0,16,7126.0,18,7130.0,8,7142.0,4,7150.0,1,7154.0,1,7164.0,1,7166.0,18,7176.0,1,7180.0,4,7154.0
SM503,,13:44:44.750#,7110.0,7220.0,7092.0,7614.0,6486.0,1219,5859,7120.0,16,7126.0,18,7130.0,8,7142.0,4,7148.0,2,7154.0,1,7164.0,1,7166.0,18,7176.0,1,7180.0,4,7154.0
SM503,,13:44:53.0#,7110.0,7220.0,7092.0,7614.0,6486.0,1219,5859,7120.0,16,7126.0,18,7130.0,8,7142.0,4,7150.0,2,7154.0,1,7164.0,1,7166.0,18,7176.0,1,7180.0,4,7154.0
SM503,,13:44:55.0#,7110.0,7220.0,7092.0,7614.0,6486.0,1219,5859,7120.0,16,7126.0,18,7130.0,8,7142.0,4,7150.0,2,7156.0,1,7164.0,1,7166.0,18,7176.0,1,7180.0,4,7154.0
SM503,,13:44:57.500#,7110.0,7220.0,7092.0,7614.0,6486.0,1219,5859,7120.0,16,7126.0,18,7130.0,8,7142.0,4,7150.0,1,7156.0,1,7164.0,1,7166.0,18,7176.0,1,7180.0,4,7154.0
SM503,,13:45:02.500#,7110.0,7220.0,7092.0,7614.0,6486.0,1219,5859,7120.0,16,7126.0,18,7130.0,8,7142.0,4,7150.0,1,7154.0,1,7164.0,1,7166.0,18,7176.0,1,7180.0,4,7154.0
SM503,,13:45:06.250#,7110.0,7220.0,7092.0,7614.0,6486.0,1219,5859,7120.0,16,7130.0,8,7132.0,18,7142.0,4,7150.0,2,7154.0,1,7164.0,1,7176.0,19,7180.0,4,7182.0,11,7154.0
SM503,,13:45:07.0#,7110.0,7220.0,7092.0,7614.0,6486.0,1219,5859,7120.0,16,7130.0,8,7132.0,18,7142.0,4,7150.0,2,7156.0,1,7164.0,1,7176.0,19,7180.0,4,7182.0,11,7154.0
SM503,,13:45:07.750#,7110.0,7220.0,7092.0,7614.0,6486.0,1227,5851,7120.0,16,7130.0,8,7132.0,18,7142.0,4,7150.0,2,7156.0,1,7164.0,1,7176.0,19,7180.0,4,7182.0,11,7156.0
SM503,,13:45:18.0#,7110.0,7220.0,7092.0,7614.0,6486.0,1227,5851,7120.0,16,7130.0,8,7132.0,18,7142.0,4,7150.0,2,7156.0,1,7164.0,1,7176.0,19,7180.0,4,7182.0,11,7156.0
SM503,,13:45:29.0#,7110.0,7220.0,7092.0,7614.0,6486.0,1227,5851,7120.0,16,7130.0,8,7132.0,18,7142.0,4,7150.0,2,7158.0,1,7164.0,1,7176.0,19,7180.0,4,7182.0,11,7156.0
SM503,,13:45:29.250#,7110.0,7220.0,7092.0,7614.0,6486.0,1227,5851,7120.0,16,7130.0,8,7132.0,18,7142.0,4,7154.0,1,7158.0,1,7164.0,1,7176.0,19,7180.0,4,7182.0,11,7156.0
SM503,,13:45:30.0#,7110.0,7220.0,7092.0,7614.0,6486.0,1227,5851,7120.0,16,7130.0,8,7132.0,18,7142.0,4,7154.0,2,7158.0,1,7164.0,1,7176.0,19,7180.0,4,7182.0,11,7156.0
SM503,,13:45:30.250#,7110.0,7220.0,7092.0,7614.0,6486.0,1227,5851,7120.0,16,7130.0,8,7132.0,18,7142.0,4,7154.0,2,7160.0,1,7164.0,1,7176.0,19,7180.0,4,7182.0,11,7156.0
SM503,,13:45:30.500#,7110.0,7220.0,7092.0,7614.0,6486.0,1227,5851,7120.0,16,7130.0,8,7132.0,18,7142.0,4,7154.0,2,7160.0,1,7164.0,1,7176.0,19,7180.0,4,7196.0,2,7156.0
SM503,,13:45:30.750#,7110.0,7220.0,7092.0,7614.0,6486.0,1227,5851,7120.0,16,7130.0,8,7132.0,18,7142.0,4,7154.0,2,7160.0,1,7164.0,1,7176.0,19,7180.0,4,7188.0,11,7156.0
SM503,,13:45:31.250#,7110.0,7220.0,7092.0,7614.0,6486.0,1227,5851,7120.0,16,7130.0,8,7132.0,18,7142.0,4,7150.0,2,7160.0,1,7164.0,1,7176.0,19,7180.0,4,7188.0,11,7156.0
SM503,,13:45:35.500#,7110.0,7220.0,7092.0,7614.0,6486.0,1227,5851,7120.0,16,7130.0,8,7132.0,18,7142.0,4,7150.0,2,7160.0,2,7164.0,1,7176.0,19,7180.0,4,7188.0,11,7156.0
SM503,,13:45:35.750#,7110.0,7220.0,7092.0,7614.0,6486.0,1227,5851,7120.0,16,7130.0,8,7132.0,18,7142.0,4,7150.0,2,7158.0,1,7164.0,1,7176.0,19,7180.0,4,7188.0,11,7156.0
SM503,,13:45:36.0#,7110.0,7220.0,7092.0,7614.0,6486.0,1227,5851,7120.0,16,7130.0,8,7132.0,18,7142.0,4,7150.0,2,7156.0,1,7164.0,1,7176.0,19,7180.0,4,7188.0,11,7156.0
SM503,,13:46:02.750#,7110.0,7220.0,7092.0,7614.0,6486.0,1227,5851,7120.0,16,7130.0,8,7132.0,18,7142.0,4,7150.0,2,7154.0,1,7164.0,1,7176.0,19,7180.0,4,7188.0,11,7156.0
SM503,,13:46:24.0#,7110.0,7220.0,7092.0,7614.0,6486.0,1227,5851,7120.0,16,7130.0,8,7132.0,18,7142.0,4,7150.0,2,7154.0,2,7164.0,1,7176.0,19,7180.0,4,7188.0,11,7156.0
SM503,,13:46:26.250#,7110.0,7220.0,7092.0,7614.0,6486.0,1227,5851,7120.0,16,7130.0,8,7132.0,18,7142.0,4,7150.0,1,7154.0,2,7164.0,1,7176.0,19,7180.0,4,7188.0,11,7156.0
SM503,,13:46:26.500#,7110.0,7220.0,7092.0,7614.0,6486.0,1227,5851,7120.0,16,7130.0,8,7132.0,18,7142.0,4,7148.0,2,7154.0,2,7164.0,1,7176.0,19,7180.0,4,7188.0,11,7156.0
SM503,,13:46:32.750#,7110.0,7220.0,7092.0,7614.0,6486.0,1227,5851,7120.0,16,7130.0,8,7132.0,18,7142.0,4,7148.0,2,7152.0,1,7164.0,1,7176.0,19,7180.0,4,7188.0,11,7156.0
SM503,,13:46:39.250#,7110.0,7220.0,7092.0,7614.0,6486.0,1227,5851,7120.0,16,7130.0,8,7132.0,18,7142.0,4,7148.0,2,7152.0,1,7164.0,1,7166.0,18,7176.0,1,7180.0,4,7156.0
SM503,,13:46:40.750#,7110.0,7220.0,7092.0,7614.0,6486.0,1227,5851,7120.0,16,7130.0,8,7132.0,18,7142.0,4,7148.0,2,7154.0,2,7164.0,1,7166.0,18,7176.0,1,7180.0,4,7156.0
SM503,,13:46:42.0#,7110.0,7220.0,7092.0,7614.0,6486.0,1227,5851,7120.0,16,7130.0,8,7132.0,18,7142.0,4,7148.0,2,7152.0,1,7164.0,1,7166.0,18,7176.0,1,7180.0,4,7156.0
SM503,,13:46:43.500#,7110.0,7220.0,7092.0,7614.0,6486.0,1227,5851,7120.0,16,7130.0,8,7132.0,18,7142.0,4,7148.0,1,7152.0,1,7164.0,1,7166.0,18,7176.0,1,7180.0,4,7156.0
SM503,,13:46:44.500#,7110.0,7220.0,7092.0,7614.0,6486.0,1227,5851,7120.0,16,7130.0,8,7132.0,18,7142.0,4,7146.0,2,7152.0,1,7164.0,1,7166.0,18,7176.0,1,7180.0,4,7156.0
SM503,,13:46:45.250#,7110.0,7220.0,7092.0,7614.0,6486.0,1227,5851,7120.0,16,7130.0,8,7132.0,18,7142.0,4,7146.0,2,7148.0,1,7164.0,1,7166.0,18,7176.0,1,7180.0,4,7156.0
SM503,,13:46:45.500#,7110.0,7220.0,7092.0,7614.0,6486.0,1227,5851,7120.0,16,7130.0,8,7132.0,18,7142.0,4,7146.0,2,7152.0,1,7164.0,1,7166.0,18,7176.0,1,7180.0,4,7156.0
SM503,,13:46:45.750#,7110.0,7220.0,7092.0,7614.0,6486.0,1227,5851,7120.0,16,7130.0,8,7132.0,18,7142.0,4,7146.0,2,7152.0,1,7164.0,1,7166.0,18,7176.0,1,7180.0,15,7156.0
SM503,,13:46:51.500#,7110.0,7220.0,7092.0,7614.0,6486.0,1227,5851,7120.0,16,7130.0,8,7132.0,18,7142.0,4,7146.0,2,7154.0,2,7164.0,1,7166.0,18,7176.0,1,7180.0,15,7156.0
SM503,,13:46:51.750#,7110.0,7220.0,7092.0,7614.0,6486.0,1227,5851,7120.0,16,7130.0,8,7132.0,18,7142.0,4,7148.0,2,7154.0,2,7164.0,1,7166.0,18,7176.0,1,7180.0,15,7156.0
SM503,,13:46:56.250#,7110.0,7220.0,7092.0,7614.0,6486.0,1227,5851,7120.0,16,7130.0,8,7132.0,18,7142.0,4,7148.0,2,7152.0,1,7164.0,1,7166.0,18,7176.0,1,7180.0,15,7156.0
SM503,,13:46:56.750#,7110.0,7220.0,7092.0,7614.0,6486.0,1227,5851,7120.0,16,7130.0,8,7132.0,18,7142.0,4,7148.0,2,7154.0,2,7164.0,1,7166.0,18,7176.0,1,7180.0,15,7156.0
SM503,,13:46:58.500#,7110.0,7220.0,7092.0,7614.0,6486.0,1227,5851,7120.0,16,7130.0,8,7132.0,18,7142.0,4,7148.0,2,7152.0,1,7164.0,1,7166.0,18,7176.0,1,7180.0,15,7156.0
SM503,,13:46:59.0#,7110.0,7220.0,7092.0,7614.0,6486.0,1227,5851,7120.0,16,7130.0,8,7132.0,18,7142.0,4,7146.0,2,7150.0,1,7164.0,1,7166.0,18,7176.0,1,7180.0,15,7156.0
SM503,,13:47:02.0#,7110.0,7220.0,7092.0,7614.0,6486.0,1227,5851,7120.0,16,7130.0,8,7132.0,18,7142.0,4,7146.0,2,7150.0,2,7164.0,1,7166.0,18,7176.0,1,7180.0,15,7156.0
SM503,,13:47:02.250#,7110.0,7220.0,7092.0,7614.0,6486.0,1227,5851,7120.0,16,7130.0,8,7132.0,18,7142.0,4,7144.0,2,7148.0,1,7164.0,1,7166.0,18,7176.0,1,7180.0,15,7156.0
SM503,,13:47:02.750#,7110.0,7220.0,7092.0,7614.0,6486.0,1227,5851,7120.0,16,7130.0,8,7132.0,18,7142.0,4,7144.0,2,7148.0,2,7164.0,1,7166.0,18,7176.0,1,7180.0,15,7156.0
SM503,,13:47:03.0#,7110.0,7220.0,7092.0,7614.0,6486.0,1227,5851,7120.0,16,7130.0,8,7132.0,18,7142.0,4,7144.0,2,7148.0,1,7164.0,1,7166.0,18,7176.0,1,7180.0,15,7156.0
SM503,,13:47:08.0#,7110.0,7220.0,7092.0,7614.0,6486.0,1227,5851,7120.0,16,7130.0,8,7132.0,18,7142.0,4,7144.0,2,7148.0,2,7164.0,1,7166.0,18,7176.0,1,7180.0,15,7156.0
SM503,,13:47:12.0#,7110.0,7220.0,7092.0,7614.0,6486.0,1227,5851,7110.0,5,7120.0,16,7130.0,8,7132.0,18,7142.0,2,7148.0,2,7164.0,1,7166.0,18,7176.0,1,7180.0,15,7156.0
SM503,,13:47:12.250#,7110.0,7220.0,7092.0,7614.0,6486.0,1227,5851,7110.0,5,7120.0,5,7130.0,8,7132.0,18,7142.0,2,7146.0,1,7164.0,1,7166.0,18,7176.0,1,7180.0,15,7156.0
SM503,,13:47:12.750#,7110.0,7220.0,7092.0,7614.0,6486.0,1227,5851,7110.0,5,7114.0,11,7120.0,5,7130.0,8,7142.0,2,7146.0,1,7164.0,1,7166.0,18,7176.0,1,7180.0,15,7156.0
SM503,,13:47:13.0#,7110.0,7220.0,7092.0,7614.0,6486.0,1227,5851,7114.0,11,7120.0,5,7124.0,18,7130.0,8,7142.0,2,7146.0,1,7164.0,1,7166.0,18,7176.0,1,7180.0,15,7156.0
SM503,,13:47:13.750#,7110.0,7220.0,7092.0,7614.0,6486.0,1227,5851,7114.0,11,7120.0,5,7124.0,18,7130.0,8,7142.0,2,7146.0,2,7164.0,1,7166.0,18,7176.0,1,7180.0,15,7156.0
SM503,,13:47:20.0#,7110.0,7220.0,7092.0,7614.0,6486.0,1227,5851,7114.0,11,7120.0,5,7124.0,18,7130.0,8,7142.0,2,7144.0,1,7164.0,1,7166.0,18,7176.0,1,7180.0,15,7156.0
SM503,,13:47:20.250#,7110.0,7220.0,7092.0,7614.0,6486.0,1227,5851,7114.0,11,7120.0,5,7124.0,18,7130.0,8,7140.0,2,7144.0,1,7164.0,1,7166.0,18,7176.0,1,7180.0,15,7156.0
SM503,,13:47:20.750#,7110.0,7220.0,7092.0,7614.0,6486.0,1227,5851,7114.0,11,7120.0,5,7124.0,18,7130.0,8,7140.0,2,7146.0,1,7164.0,1,7166.0,18,7176.0,1,7180.0,15,7156.0
SM503,,13:47:21.0#,7110.0,7220.0,7092.0,7614.0,6486.0,1227,5851,7114.0,11,7120.0,5,7124.0,18,7130.0,8,7142.0,2,7146.0,2,7164.0,1,7166.0,18,7176.0,1,7180.0,15,7156.0
SM503,,13:47:21.500#,7110.0,7220.0,7092.0,7614.0,6486.0,1227,5851,7114.0,11,7120.0,5,7124.0,18,7130.0,8,7142.0,2,7148.0,3,7164.0,1,7166.0,18,7176.0,1,7180.0,15,7156.0
SM503,,13:47:21.750#,7110.0,7220.0,7092.0,7614.0,6486.0,1227,5851,7114.0,11,7120.0,5,7124.0,18,7130.0,8,7142.0,2,7150.0,1,7164.0,1,7166.0,18,7176.0,1,7180.0,15,7156.0
SM503,,13:47:22.0#,7110.0,7220.0,7092.0,7614.0,6486.0,1227,5851,7114.0,11,7120.0,5,7124.0,18,7130.0,8,7144.0,2,7150.0,1,7164.0,1,7166.0,18,7176.0,1,7180.0,15,7156.0
SM503,,13:47:22.500#,7110.0,7220.0,7092.0,7614.0,6486.0,1227,5851,7114.0,11,7120.0,5,7124.0,18,7130.0,8,7146.0,2,7150.0,1,7164.0,1,7166.0,18,7176.0,1,7180.0,15,7156.0
SM503,,13:47:24.250#,7110.0,7220.0,7092.0,7614.0,6486.0,1227,5851,7114.0,11,7120.0,5,7124.0,18,7130.0,8,7146.0,2,7152.0,2,7164.0,1,7166.0,18,7176.0,1,7180.0,15,7156.0
SM503,,13:47:25.0#,7110.0,7220.0,7092.0,7614.0,6486.0,1227,5851,7114.0,11,7120.0,5,7124.0,18,7130.0,8,7146.0,2,7152.0,1,7164.0,1,7166.0,18,7176.0,1,7180.0,15,7156.0
SM503,,13:47:26.0#,7110.0,7220.0,7092.0,7614.0,6486.0,1227,5851,7114.0,11,7120.0,5,7124.0,18,7130.0,8,7140.0,2,7148.0,1,7164.0,1,7166.0,18,7176.0,1,7180.0,15,7156.0
SM503,,13:47:26.250#,7110.0,7220.0,7092.0,7614.0,6486.0,1227,5851,7114.0,11,7120.0,5,7124.0,18,7130.0,8,7142.0,2,7148.0,2,7164.0,1,7166.0,18,7176.0,1,7180.0,15,7156.0
SM503,,13:47:26.750#,7110.0,7220.0,7092.0,7614.0,6486.0,1227,5851,7114.0,11,7120.0,5,7124.0,18,7130.0,8,7142.0,2,7146.0,1,7164.0,1,7166.0,18,7176.0,1,7180.0,15,7156.0
SM503,,13:47:27.0#,7110.0,7220.0,7092.0,7614.0,6486.0,1227,5851,7114.0,11,7120.0,5,7124.0,18,7130.0,8,7144.0,1,7148.0,2,7164.0,1,7166.0,18,7176.0,1,7180.0,15,7156.0
SM503,,13:47:27.250#,7110.0,7220.0,7092.0,7614.0,6486.0,1227,5851,7114.0,11,7120.0,5,7124.0,18,7130.0,8,7144.0,1,7148.0,1,7164.0,1,7166.0,18,7176.0,1,7180.0,15,7156.0
SM503,,13:47:27.500#,7110.0,7220.0,7092.0,7614.0,6486.0,1227,5851,7114.0,11,7120.0,5,7124.0,18,7130.0,8,7146.0,2,7148.0,1,7164.0,1,7166.0,18,7176.0,1,7180.0,15,7156.0
SM503,,13:47:28.500#,7110.0,7220.0,7092.0,7614.0,6486.0,1227,5851,7114.0,11,7120.0,5,7124.0,18,7130.0,8,7146.0,1,7148.0,1,7164.0,1,7166.0,18,7176.0,1,7180.0,15,7156.0
SM503,,13:47:28.750#,7110.0,7220.0,7092.0,7614.0,6486.0,1227,5851,7114.0,11,7120.0,5,7124.0,18,7130.0,8,7148.0,2,7150.0,1,7164.0,1,7166.0,18,7176.0,1,7180.0,15,7156.0
SM503,,13:47:29.0#,7110.0,7220.0,7092.0,7614.0,6486.0,1227,5851,7114.0,11,7120.0,5,7124.0,18,7130.0,8,7150.0,1,7152.0,1,7164.0,1,7166.0,18,7176.0,1,7180.0,15,7156.0
SM503,,13:47:29.250#,7110.0,7220.0,7092.0,7614.0,6486.0,1227,5851,7110.0,5,7114.0,11,7120.0,5,7130.0,26,7148.0,1,7152.0,2,7164.0,1,7166.0,18,7176.0,1,7180.0,15,7156.0
SM503,,13:47:29.500#,7110.0,7220.0,7092.0,7614.0,6486.0,1227,5851,7110.0,5,7114.0,11,7120.0,5,7130.0,26,7150.0,1,7152.0,1,7164.0,1,7166.0,18,7176.0,1,7180.0,15,7156.0
SM503,,13:47:29.750#,7110.0,7220.0,7092.0,7614.0,6486.0,1227,5851,7110.0,5,7114.0,11,7120.0,5,7130.0,26,7144.0,1,7152.0,1,7164.0,1,7166.0,18,7176.0,1,7180.0,15,7156.0
SM503,,13:47:30.0#,7110.0,7220.0,7092.0,7614.0,6486.0,1227,5851,7110.0,5,7114.0,11,7120.0,5,7130.0,26,7146.0,2,7152.0,1,7164.0,1,7166.0,18,7176.0,1,7180.0,15,7156.0
SM503,,13:47:32.500#,7110.0,7220.0,7092.0,7614.0,6486.0,1227,5851,7110.0,5,7114.0,11,7120.0,5,7130.0,26,7148.0,2,7152.0,1,7164.0,1,7166.0,18,7176.0,1,7180.0,15,7156.0
SM503,,13:47:39.0#,7110.0,7220.0,7092.0,7614.0,6486.0,1227,5851,7110.0,5,7114.0,11,7120.0,5,7130.0,26,7150.0,2,7154.0,1,7164.0,1,7166.0,18,7176.0,1,7180.0,15,7156.0
SM503,,13:47:39.250#,7110.0,7220.0,7092.0,7614.0,6486.0,1227,5851,7110.0,5,7114.0,11,7120.0,5,7130.0,26,7148.0,1,7154.0,1,7164.0,1,7166.0,18,7176.0,1,7180.0,15,7156.0
SM503,,13:47:42.250#,7110.0,7220.0,7092.0,7614.0,6486.0,1227,5851,7110.0,5,7114.0,11,7120.0,5,7130.0,26,7148.0,1,7154.0,2,7164.0,1,7166.0,18,7176.0,1,7180.0,15,7156.0
SM503,,13:47:43.0#,7110.0,7220.0,7092.0,7614.0,6486.0,1227,5851,7110.0,5,7114.0,11,7120.0,5,7130.0,26,7148.0,1,7152.0,1,7164.0,1,7166.0,18,7176.0,1,7180.0,15,7156.0
SM503,,13:47:43.250#,7110.0,7220.0,7092.0,7614.0,6486.0,1227,5851,7110.0,5,7114.0,11,7120.0,5,7130.0,26,7148.0,1,7154.0,1,7164.0,1,7166.0,18,7176.0,1,7180.0,15,7156.0
SM503,,13:47:43.500#,7110.0,7220.0,7092.0,7614.0,6486.0,1227,5851,7110.0,5,7114.0,11,7120.0,5,7130.0,26,7148.0,1,7152.0,1,7164.0,1,7166.0,18,7176.0,1,7180.0,15,7156.0
SM503,,13:47:56.0#,7110.0,7220.0,7092.0,7614.0,6486.0,1227,5851,7110.0,5,7114.0,11,7120.0,5,7130.0,26,7148.0,1,7154.0,1,7164.0,1,7166.0,18,7176.0,1,7180.0,15,7156.0
SM503,,13:47:56.250#,7110.0,7220.0,7092.0,7614.0,6486.0,1227,5851,7110.0,5,7114.0,11,7120.0,5,7130.0,26,7148.0,1,7152.0,1,7164.0,1,7166.0,18,7176.0,1,7180.0,15,7156.0
SM503,,13:47:56.500#,7110.0,7220.0,7092.0,7614.0,6486.0,1227,5851,7110.0,5,7114.0,11,7120.0,5,7130.0,26,7146.0,2,7152.0,1,7164.0,1,7166.0,18,7176.0,1,7180.0,15,7156.0
SM503,,13:48:00.500#,7110.0,7220.0,7092.0,7614.0,6486.0,1227,5851,7110.0,5,7114.0,11,7120.0,5,7130.0,26,7148.0,1,7152.0,1,7164.0,1,7166.0,18,7176.0,1,7180.0,15,7156.0
SM503,,13:48:01.500#,7110.0,7220.0,7092.0,7614.0,6486.0,1227,5851,7110.0,5,7114.0,11,7120.0,5,7130.0,26,7146.0,2,7152.0,1,7164.0,1,7166.0,18,7176.0,1,7180.0,15,7156.0
SM503,,13:48:02.500#,7110.0,7220.0,7092.0,7614.0,6486.0,1227,5851,7110.0,5,7114.0,11,7120.0,5,7130.0,26,7148.0,2,7152.0,1,7164.0,1,7166.0,18,7176.0,1,7180.0,15,7156.0
SM503,,13:48:02.750#,7110.0,7220.0,7092.0,7614.0,6486.0,1227,5851,7110.0,5,7114.0,11,7120.0,5,7130.0,26,7148.0,2,7154.0,1,7164.0,1,7166.0,18,7176.0,1,7180.0,15,7156.0
SM503,,13:48:03.750#,7110.0,7220.0,7092.0,7614.0,6486.0,1227,5851,7110.0,5,7114.0,11,7120.0,5,7130.0,26,7150.0,1,7154.0,1,7164.0,1,7166.0,18,7176.0,1,7180.0,15,7156.0
SM503,,13:48:04.750#,7110.0,7220.0,7092.0,7614.0,6486.0,1227,5851,7110.0,5,7114.0,11,7120.0,5,7130.0,26,7146.0,2,7154.0,1,7164.0,1,7166.0,18,7176.0,1,7180.0,15,7156.0
SM503,,13:48:08.500#,7110.0,7220.0,7092.0,7614.0,6486.0,1227,5851,7110.0,5,7114.0,11,7120.0,5,7130.0,26,7146.0,2,7152.0,1,7164.0,1,7166.0,18,7176.0,1,7180.0,15,7156.0
SM503,,13:48:11.500#,7110.0,7220.0,7092.0,7614.0,6486.0,1227,5851,7110.0,5,7114.0,11,7120.0,5,7130.0,26,7146.0,2,7150.0,1,7164.0,1,7166.0,18,7176.0,1,7180.0,15,7156.0
SM503,,13:48:16.0#,7110.0,7220.0,7092.0,7614.0,6486.0,1227,5851,7110.0,5,7114.0,11,7120.0,5,7130.0,26,7146.0,2,7154.0,1,7164.0,1,7166.0,18,7176.0,1,7180.0,15,7156.0
SM503,,13:48:16.250#,7110.0,7220.0,7092.0,7614.0,6486.0,1227,5851,7110.0,5,7114.0,11,7120.0,5,7130.0,26,7148.0,2,7152.0,1,7164.0,1,7166.0,18,7176.0,1,7180.0,15,7156.0
SM503,,13:48:21.250#,7110.0,7220.0,7092.0,7614.0,6486.0,1227,5851,7110.0,5,7114.0,11,7120.0,5,7130.0,26,7148.0,2,7152.0,2,7164.0,1,7166.0,18,7176.0,1,7180.0,15,7156.0
SM503,,13:48:29.0#,7110.0,7220.0,7092.0,7614.0,6486.0,1227,5851,7110.0,5,7114.0,11,7120.0,5,7130.0,26,7148.0,2,7152.0,1,7164.0,1,7166.0,18,7176.0,1,7180.0,15,7156.0
SM503,,13:48:29.250#,7110.0,7220.0,7092.0,7614.0,6486.0,1227,5851,7110.0,5,7114.0,11,7120.0,5,7130.0,26,7150.0,2,7152.0,1,7164.0,1,7166.0,18,7176.0,1,7180.0,15,7156.0
SM503,,13:48:44.500#,7110.0,7220.0,7092.0,7614.0,6486.0,1228,5850,7110.0,5,7114.0,11,7120.0,5,7130.0,26,7150.0,2,7154.0,1,7164.0,1,7166.0,18,7176.0,1,7180.0,15,7152.0
SM503,,13:48:44.750#,7110.0,7220.0,7092.0,7614.0,6486.0,1228,5850,7110.0,5,7114.0,11,7120.0,5,7130.0,26,7150.0,2,7156.0,2,7164.0,1,7166.0,18,7176.0,1,7180.0,15,7152.0
SM503,,13:48:47.500#,7110.0,7220.0,7092.0,7614.0,6486.0,1228,5850,7110.0,5,7114.0,11,7120.0,5,7130.0,26,7154.0,4,7156.0,2,7164.0,1,7166.0,18,7176.0,1,7180.0,15,7152.0
SM503,,13:48:47.750#,7110.0,7220.0,7092.0,7614.0,6486.0,1228,5850,7110.0,5,7120.0,5,7130.0,26,7142.0,4,7154.0,4,7156.0,2,7164.0,1,7166.0,18,7176.0,1,7180.0,15,7152.0
SM503,,13:48:48.0#,7110.0,7220.0,7092.0,7614.0,6486.0,1228,5850,7120.0,5,7126.0,11,7130.0,26,7142.0,4,7154.0,4,7156.0,2,7164.0,1,7166.0,18,7176.0,1,7180.0,15,7152.0
SM503,,13:48:50.250#,7110.0,7220.0,7092.0,7614.0,6486.0,1232,5846,7120.0,5,7126.0,11,7130.0,26,7142.0,4,7148.0,2,7156.0,3,7164.0,1,7166.0,18,7176.0,1,7180.0,15,7154.0
SM503,,13:48:50.500#,7110.0,7220.0,7092.0,7614.0,6486.0,1232,5846,7110.0,5,7120.0,5,7130.0,26,7142.0,4,7150.0,2,7156.0,3,7164.0,1,7166.0,18,7176.0,1,7180.0,15,7154.0
SM503,,13:48:50.750#,7110.0,7220.0,7092.0,7614.0,6486.0,1232,5846,7120.0,5,7122.0,11,7130.0,26,7142.0,4,7150.0,2,7156.0,3,7164.0,1,7166.0,18,7176.0,1,7180.0,15,7154.0
SM503,,13:48:52.750#,7110.0,7220.0,7092.0,7614.0,6486.0,1232,5846,7120.0,5,7122.0,11,7130.0,26,7142.0,4,7150.0,2,7154.0,2,7164.0,1,7166.0,18,7176.0,1,7180.0,15,7154.0
SM503,,13:48:53.750#,7110.0,7220.0,7092.0,7614.0,6486.0,1232,5846,7120.0,5,7122.0,11,7130.0,26,7142.0,4,7150.0,2,7156.0,2,7164.0,1,7166.0,18,7176.0,1,7180.0,15,7154.0
SM503,,13:49:00.0#,7110.0,7220.0,7092.0,7614.0,6486.0,1232,5846,7120.0,5,7122.0,11,7130.0,26,7142.0,4,7152.0,1,7156.0,2,7164.0,1,7166.0,18,7176.0,1,7180.0,15,7154.0
SM503,,13:49:02.750#,7110.0,7220.0,7092.0,7614.0,6486.0,1232,5846,7120.0,5,7122.0,11,7130.0,26,7142.0,4,7148.0,2,7156.0,2,7164.0,1,7166.0,18,7176.0,1,7180.0,15,7154.0
SM503,,13:49:03.0#,7110.0,7220.0,7092.0,7614.0,6486.0,1232,5846,7120.0,5,7122.0,11,7130.0,26,7142.0,4,7150.0,2,7156.0,2,7164.0,1,7166.0,18,7176.0,1,7180.0,15,7154.0
SM503,,13:49:03.750#,7110.0,7220.0,7092.0,7614.0,6486.0,1232,5846,7120.0,5,7122.0,11,7130.0,26,7142.0,4,7150.0,2,7154.0,2,7164.0,1,7166.0,18,7176.0,1,7180.0,15,7154.0
SM503,,13:49:17.0#,7110.0,7220.0,7092.0,7614.0,6486.0,1232,5846,7120.0,5,7122.0,11,7130.0,26,7142.0,4,7150.0,2,7154.0,1,7164.0,1,7166.0,18,7176.0,1,7180.0,15,7154.0
SM503,,13:49:17.250#,7110.0,7220.0,7092.0,7614.0,6486.0,1232,5846,7120.0,5,7122.0,11,7130.0,26,7142.0,4,7150.0,2,7156.0,2,7164.0,1,7166.0,18,7176.0,1,7180.0,15,7154.0
SM503,,13:49:18.0#,7110.0,7220.0,7092.0,7614.0,6486.0,1232,5846,7120.0,5,7122.0,11,7130.0,26,7142.0,4,7150.0,2,7156.0,3,7164.0,1,7166.0,18,7176.0,1,7180.0,15,7154.0
SM503,,13:49:19.0#,7110.0,7220.0,7092.0,7614.0,6486.0,1232,5846,7120.0,5,7122.0,11,7130.0,26,7142.0,4,7150.0,2,7156.0,2,7164.0,1,7166.0,18,7176.0,1,7180.0,15,7154.0
SM503,,13:49:21.750#,7110.0,7220.0,7092.0,7614.0,6486.0,1232,5846,7120.0,5,7122.0,11,7130.0,26,7142.0,4,7150.0,2,7156.0,3,7164.0,1,7166.0,18,7176.0,1,7180.0,15,7154.0
SM503,,13:49:23.250#,7110.0,7220.0,7092.0,7614.0,6486.0,1232,5846,7120.0,5,7122.0,11,7130.0,26,7142.0,4,7150.0,2,7156.0,2,7164.0,1,7166.0,18,7176.0,1,7180.0,15,7154.0
