InstrumentId,ExchangeId,Datetime,OpenPrice,HighestPrice,LowestPrice,UpperLimitPrice,LowerLimitPrice,Volume,OpenInterest,BidPrice5,BidVolume5,BidPrice4,BidVolume4,BidPrice3,BidVolume3,BidPrice2,BidVolume2,BidPrice1,BidVolume1,AskPrice1,AskVolume1,AskPrice2,AskVolume2,AskPrice3,AskVolume3,AskPrice4,AskVolume4,AskPrice5,AskVolume5,LastPrice
sn2408,,13:38:35.0#,256870.0,261780.0,256130.0,287770.0,235440.0,72806,29867.0,256760.0,1,256780.0,3,256790.0,5,256800.0,2,256810.0,1,256860.0,1,256870.0,4,256880.0,1,256890.0,3,256900.0,4,256860.0
sn2408,,13:38:35.500#,256870.0,261780.0,256130.0,287770.0,235440.0,72816,29859.0,256780.0,3,256790.0,5,256800.0,2,256810.0,1,256880.0,31,256890.0,3,256900.0,4,256910.0,4,256920.0,28,256940.0,3,256880.0
sn2408,,13:38:36.0#,256870.0,261780.0,256130.0,287770.0,235440.0,72836,29866.0,256760.0,1,256780.0,6,256790.0,5,256800.0,1,256880.0,30,256890.0,1,256920.0,28,256970.0,1,256990.0,3,257000.0,2,256880.0
sn2408,,13:38:36.500#,256870.0,261780.0,256130.0,287770.0,235440.0,72841,29867.0,256780.0,6,256790.0,5,256800.0,1,256860.0,1,256880.0,29,256920.0,28,256970.0,1,256990.0,3,257000.0,2,257010.0,9,256890.0
sn2408,,13:38:37.0#,256870.0,261780.0,256130.0,287770.0,235440.0,72850,29866.0,256790.0,5,256800.0,4,256830.0,1,256860.0,1,256880.0,20,256890.0,1,256920.0,28,256970.0,1,257000.0,1,257010.0,12,256880.0
sn2408,,13:38:37.500#,256870.0,261780.0,256130.0,287770.0,235440.0,72872,29866.0,256740.0,9,256760.0,1,256780.0,6,256790.0,5,256800.0,1,256880.0,6,256890.0,2,256920.0,28,256970.0,1,256980.0,3,256830.0
sn2408,,13:38:38.0#,256870.0,261780.0,256130.0,287770.0,235440.0,72872,29866.0,256780.0,3,256790.0,5,256800.0,2,256810.0,3,256830.0,1,256870.0,1,256880.0,4,256890.0,2,256920.0,29,256950.0,3,256830.0
sn2408,,13:38:38.500#,256870.0,261780.0,256130.0,287770.0,235440.0,72876,29867.0,256780.0,3,256790.0,5,256800.0,2,256810.0,3,256820.0,1,256880.0,2,256890.0,2,256920.0,29,256960.0,3,256970.0,1,256870.0
sn2408,,13:38:39.0#,256870.0,261780.0,256130.0,287770.0,235440.0,72877,29867.0,256790.0,5,256800.0,2,256810.0,3,256820.0,1,256830.0,4,256880.0,1,256890.0,2,256920.0,29,256960.0,3,256970.0,1,256880.0
sn2408,,13:38:39.500#,256870.0,261780.0,256130.0,287770.0,235440.0,72880,29870.0,256810.0,3,256820.0,1,256830.0,4,256840.0,2,256880.0,1,256920.0,29,256960.0,3,256970.0,1,257000.0,3,257010.0,13,256890.0
sn2408,,13:38:40.0#,256870.0,261780.0,256130.0,287770.0,235440.0,72880,29870.0,256830.0,4,256840.0,2,256850.0,1,256880.0,1,256890.0,1,256920.0,29,256970.0,1,257000.0,2,257010.0,12,257050.0,1,256890.0
sn2408,,13:38:40.500#,256870.0,261780.0,256130.0,287770.0,235440.0,72880,29870.0,256840.0,2,256850.0,1,256880.0,1,256890.0,1,256900.0,4,256920.0,30,256970.0,1,257000.0,2,257010.0,12,257030.0,3,256890.0
sn2408,,13:38:41.0#,256870.0,261780.0,256130.0,287770.0,235440.0,72883,29870.0,256830.0,4,256840.0,2,256880.0,2,256890.0,2,256900.0,3,256920.0,28,256970.0,1,257000.0,2,257010.0,9,257020.0,3,256920.0
sn2408,,13:38:41.500#,256870.0,261780.0,256130.0,287770.0,235440.0,72887,29871.0,256820.0,1,256830.0,4,256840.0,2,256880.0,2,256890.0,2,256900.0,4,256920.0,27,256970.0,1,257000.0,2,257010.0,9,256900.0
sn2408,,13:38:42.0#,256870.0,261780.0,256130.0,287770.0,235440.0,72892,29874.0,256810.0,2,256820.0,1,256830.0,4,256840.0,2,256880.0,1,256900.0,2,256920.0,27,256970.0,1,257000.0,5,257010.0,9,256900.0
sn2408,,13:38:42.500#,256870.0,261780.0,256130.0,287770.0,235440.0,72893,29874.0,256810.0,2,256820.0,1,256830.0,6,256840.0,2,256880.0,1,256900.0,1,256920.0,30,256970.0,1,257000.0,8,257010.0,9,256900.0
sn2408,,13:38:43.0#,256870.0,261780.0,256130.0,287770.0,235440.0,72893,29874.0,256810.0,2,256820.0,1,256830.0,6,256840.0,2,256880.0,7,256900.0,1,256920.0,30,256970.0,1,257000.0,5,257010.0,9,256900.0
sn2408,,13:38:43.500#,256870.0,261780.0,256130.0,287770.0,235440.0,72898,29873.0,256820.0,1,256830.0,6,256840.0,2,256880.0,7,256900.0,2,256920.0,30,256970.0,1,257000.0,5,257010.0,12,257030.0,1,256900.0
sn2408,,13:38:44.0#,256870.0,261780.0,256130.0,287770.0,235440.0,72898,29873.0,256830.0,6,256840.0,2,256880.0,9,256900.0,3,256910.0,4,256920.0,30,256970.0,1,257000.0,2,257010.0,9,257020.0,3,256900.0
sn2408,,13:38:44.500#,256870.0,261780.0,256130.0,287770.0,235440.0,72928,29894.0,256840.0,2,256880.0,9,256900.0,3,256910.0,4,256920.0,1,256970.0,1,257000.0,2,257010.0,9,257020.0,3,257050.0,1,256920.0
sn2408,,13:38:45.0#,256870.0,261780.0,256130.0,287770.0,235440.0,72932,29892.0,256880.0,9,256900.0,3,256910.0,3,256930.0,1,256950.0,1,256970.0,1,257000.0,2,257010.0,9,257060.0,4,257070.0,1,256910.0
sn2408,,13:38:45.500#,256870.0,261780.0,256130.0,287770.0,235440.0,72934,29893.0,256900.0,3,256910.0,4,256920.0,2,256930.0,3,256940.0,1,256970.0,1,257000.0,2,257010.0,9,257060.0,1,257070.0,5,256960.0
sn2408,,13:38:46.0#,256870.0,261780.0,256130.0,287770.0,235440.0,72934,29893.0,256900.0,3,256910.0,4,256920.0,2,256930.0,3,256940.0,1,256970.0,2,257000.0,2,257010.0,9,257060.0,4,257070.0,2,256960.0
sn2408,,13:38:46.500#,256870.0,261780.0,256130.0,287770.0,235440.0,72934,29893.0,256900.0,3,256910.0,4,256920.0,2,256930.0,3,256940.0,1,256960.0,2,256970.0,2,257000.0,2,257010.0,9,257060.0,4,256960.0
sn2408,,13:38:47.0#,256870.0,261780.0,256130.0,287770.0,235440.0,72934,29893.0,256900.0,3,256910.0,4,256920.0,2,256930.0,3,256940.0,1,256960.0,2,256970.0,2,257000.0,2,257010.0,9,257060.0,4,256960.0
sn2408,,13:38:47.500#,256870.0,261780.0,256130.0,287770.0,235440.0,72934,29893.0,256900.0,3,256910.0,3,256920.0,2,256930.0,3,256940.0,1,256960.0,2,256970.0,2,257000.0,2,257010.0,9,257060.0,4,256960.0
sn2408,,13:38:48.0#,256870.0,261780.0,256130.0,287770.0,235440.0,72934,29893.0,256900.0,3,256910.0,3,256920.0,2,256930.0,3,256940.0,1,256960.0,2,256970.0,2,257000.0,2,257010.0,9,257060.0,4,256960.0
sn2408,,13:38:48.500#,256870.0,261780.0,256130.0,287770.0,235440.0,72938,29891.0,256900.0,3,256910.0,3,256920.0,2,256930.0,3,256960.0,2,256970.0,2,257000.0,2,257010.0,9,257060.0,4,257070.0,1,256960.0
sn2408,,13:38:49.0#,256870.0,261780.0,256130.0,287770.0,235440.0,72940,29891.0,256900.0,3,256910.0,3,256920.0,2,256930.0,3,256960.0,1,256970.0,2,257000.0,2,257010.0,9,257060.0,4,257070.0,4,256960.0
sn2408,,13:38:49.500#,256870.0,261780.0,256130.0,287770.0,235440.0,72941,29891.0,256900.0,3,256910.0,3,256920.0,2,256930.0,3,256960.0,1,256970.0,1,257000.0,2,257010.0,9,257060.0,4,257070.0,4,256970.0
sn2408,,13:38:50.0#,256870.0,261780.0,256130.0,287770.0,235440.0,72942,29891.0,256900.0,3,256910.0,3,256920.0,2,256930.0,3,256960.0,5,257000.0,2,257010.0,9,257060.0,4,257070.0,4,257080.0,1,256970.0
sn2408,,13:38:50.500#,256870.0,261780.0,256130.0,287770.0,235440.0,72942,29891.0,256910.0,3,256920.0,2,256930.0,3,256960.0,5,256970.0,1,257000.0,2,257010.0,5,257060.0,4,257070.0,1,257080.0,1,256970.0
sn2408,,13:38:51.0#,256870.0,261780.0,256130.0,287770.0,235440.0,72948,29885.0,256920.0,2,256930.0,3,256960.0,5,256970.0,3,257000.0,6,257010.0,1,257060.0,4,257070.0,1,257080.0,1,257090.0,4,257010.0
sn2408,,13:38:51.500#,256870.0,261780.0,256130.0,287770.0,235440.0,72955,29888.0,256960.0,5,256970.0,3,257000.0,6,257010.0,3,257020.0,1,257060.0,1,257070.0,1,257080.0,1,257090.0,1,257110.0,3,257030.0
sn2408,,13:38:52.0#,256870.0,261780.0,256130.0,287770.0,235440.0,72960,29883.0,256930.0,9,256940.0,3,256960.0,5,256970.0,4,257000.0,2,257060.0,1,257070.0,1,257080.0,1,257090.0,1,257130.0,4,257000.0
sn2408,,13:38:52.500#,256870.0,261780.0,256130.0,287770.0,235440.0,72960,29883.0,256930.0,9,256960.0,5,256970.0,4,257000.0,2,257010.0,2,257050.0,2,257060.0,2,257070.0,1,257080.0,1,257090.0,1,257000.0
sn2408,,13:38:53.0#,256870.0,261780.0,256130.0,287770.0,235440.0,72960,29883.0,256930.0,9,256960.0,5,256970.0,4,257000.0,8,257010.0,2,257050.0,2,257060.0,1,257070.0,1,257080.0,1,257090.0,1,257000.0
sn2408,,13:38:53.500#,256870.0,261780.0,256130.0,287770.0,235440.0,72963,29881.0,256930.0,9,256960.0,5,256970.0,4,257000.0,8,257010.0,2,257060.0,1,257070.0,1,257080.0,1,257090.0,1,257130.0,4,257050.0
sn2408,,13:38:54.0#,256870.0,261780.0,256130.0,287770.0,235440.0,72964,29880.0,256960.0,5,256970.0,4,257000.0,9,257010.0,2,257020.0,6,257070.0,1,257080.0,1,257090.0,1,257130.0,4,257140.0,8,257060.0
sn2408,,13:38:54.500#,256870.0,261780.0,256130.0,287770.0,235440.0,72964,29880.0,257000.0,9,257010.0,2,257020.0,7,257030.0,2,257050.0,1,257070.0,1,257080.0,1,257090.0,1,257130.0,1,257140.0,5,257060.0
sn2408,,13:38:55.0#,256870.0,261780.0,256130.0,287770.0,235440.0,72966,29879.0,257010.0,2,257020.0,5,257030.0,2,257040.0,1,257050.0,1,257080.0,1,257090.0,1,257130.0,1,257140.0,5,257160.0,3,257070.0
sn2408,,13:38:55.500#,256870.0,261780.0,256130.0,287770.0,235440.0,72966,29879.0,257020.0,5,257030.0,1,257040.0,1,257050.0,1,257060.0,3,257080.0,1,257090.0,1,257130.0,1,257140.0,5,257160.0,3,257070.0
sn2408,,13:38:56.0#,256870.0,261780.0,256130.0,287770.0,235440.0,72967,29878.0,257020.0,5,257030.0,1,257040.0,1,257050.0,1,257060.0,3,257090.0,1,257130.0,1,257140.0,5,257160.0,3,257180.0,8,257080.0
sn2408,,13:38:56.500#,256870.0,261780.0,256130.0,287770.0,235440.0,72967,29878.0,257020.0,5,257030.0,1,257040.0,1,257050.0,1,257060.0,3,257080.0,3,257090.0,1,257130.0,1,257140.0,5,257160.0,3,257080.0
sn2408,,13:38:57.0#,256870.0,261780.0,256130.0,287770.0,235440.0,72969,29879.0,256970.0,4,257000.0,9,257010.0,2,257020.0,5,257060.0,3,257080.0,1,257090.0,1,257140.0,5,257160.0,3,257180.0,8,257080.0
sn2408,,13:38:57.500#,256870.0,261780.0,256130.0,287770.0,235440.0,72970,29878.0,256960.0,8,256970.0,4,257000.0,9,257020.0,5,257060.0,3,257080.0,1,257090.0,1,257140.0,5,257160.0,3,257180.0,9,257070.0
sn2408,,13:38:58.0#,256870.0,261780.0,256130.0,287770.0,235440.0,72972,29877.0,256960.0,8,256970.0,4,257000.0,9,257020.0,5,257060.0,2,257090.0,1,257140.0,5,257160.0,3,257180.0,9,257190.0,1,257080.0
sn2408,,13:38:58.500#,256870.0,261780.0,256130.0,287770.0,235440.0,72976,29873.0,256950.0,1,256960.0,8,256970.0,4,257000.0,9,257020.0,5,257060.0,1,257090.0,1,257110.0,1,257130.0,1,257140.0,5,257060.0
sn2408,,13:38:59.0#,256870.0,261780.0,256130.0,287770.0,235440.0,72978,29873.0,256930.0,2,256940.0,3,256960.0,8,256970.0,1,257000.0,8,257060.0,5,257080.0,1,257090.0,6,257110.0,1,257130.0,1,257060.0
sn2408,,13:38:59.500#,256870.0,261780.0,256130.0,287770.0,235440.0,72980,29873.0,256920.0,5,256930.0,5,256960.0,5,256970.0,1,257000.0,7,257050.0,8,257060.0,6,257080.0,1,257090.0,6,257120.0,3,257050.0
sn2408,,13:39:00.0#,256870.0,261780.0,256130.0,287770.0,235440.0,72981,29874.0,256920.0,8,256930.0,2,256960.0,5,256970.0,1,257000.0,7,257040.0,6,257050.0,9,257060.0,5,257080.0,1,257090.0,6,257050.0
sn2408,,13:39:00.500#,256870.0,261780.0,256130.0,287770.0,235440.0,72982,29874.0,256920.0,8,256930.0,2,256960.0,5,256970.0,1,257000.0,7,257030.0,1,257040.0,11,257050.0,8,257060.0,5,257090.0,1,257050.0
sn2408,,13:39:01.0#,256870.0,261780.0,256130.0,287770.0,235440.0,72983,29875.0,256920.0,5,256930.0,2,256960.0,5,256970.0,1,257000.0,6,257030.0,2,257040.0,9,257050.0,5,257060.0,5,257090.0,1,257000.0
sn2408,,13:39:01.500#,256870.0,261780.0,256130.0,287770.0,235440.0,72985,29876.0,256930.0,2,256960.0,5,256970.0,1,257000.0,5,257010.0,1,257020.0,3,257030.0,2,257040.0,8,257050.0,5,257060.0,5,257020.0
sn2408,,13:39:02.0#,256870.0,261780.0,256130.0,287770.0,235440.0,72993,29877.0,256920.0,5,256930.0,2,256960.0,5,256970.0,1,257000.0,1,257010.0,4,257020.0,3,257030.0,2,257040.0,5,257050.0,5,257010.0
sn2408,,13:39:02.500#,256870.0,261780.0,256130.0,287770.0,235440.0,72995,29876.0,256910.0,3,256920.0,5,256930.0,5,256960.0,5,256970.0,1,256980.0,1,257000.0,11,257010.0,5,257020.0,2,257030.0,2,257000.0
sn2408,,13:39:03.0#,256870.0,261780.0,256130.0,287770.0,235440.0,73003,29875.0,256900.0,4,256910.0,3,256920.0,2,256930.0,2,256960.0,5,256980.0,1,257000.0,7,257010.0,4,257020.0,2,257030.0,2,257000.0
sn2408,,13:39:03.500#,256870.0,261780.0,256130.0,287770.0,235440.0,73024,29885.0,256910.0,3,256920.0,2,256930.0,2,256960.0,3,257010.0,4,257020.0,2,257030.0,2,257040.0,5,257050.0,6,257060.0,4,257010.0
sn2408,,13:39:04.0#,256870.0,261780.0,256130.0,287770.0,235440.0,73032,29889.0,256880.0,1,256900.0,4,256910.0,6,256920.0,1,256930.0,2,256960.0,2,257000.0,5,257010.0,4,257020.0,2,257030.0,2,256960.0
sn2408,,13:39:04.500#,256870.0,261780.0,256130.0,287770.0,235440.0,73036,29891.0,256920.0,1,256930.0,2,256940.0,2,256960.0,1,256990.0,1,257000.0,1,257010.0,1,257020.0,2,257030.0,1,257050.0,9,256960.0
sn2408,,13:39:05.0#,256870.0,261780.0,256130.0,287770.0,235440.0,73049,29888.0,256910.0,3,256920.0,1,256930.0,9,256940.0,1,256960.0,1,256990.0,4,257000.0,1,257010.0,1,257020.0,2,257030.0,1,256990.0
sn2408,,13:39:05.500#,256870.0,261780.0,256130.0,287770.0,235440.0,73049,29888.0,256910.0,3,256920.0,1,256930.0,9,256940.0,1,256960.0,1,256980.0,4,257000.0,1,257010.0,1,257020.0,3,257030.0,1,256990.0
sn2408,,13:39:06.0#,256870.0,261780.0,256130.0,287770.0,235440.0,73052,29891.0,256910.0,3,256920.0,1,256930.0,8,256940.0,1,256960.0,3,256980.0,1,257000.0,1,257020.0,3,257030.0,1,257050.0,6,256980.0
sn2408,,13:39:06.500#,256870.0,261780.0,256130.0,287770.0,235440.0,73053,29892.0,256930.0,8,256940.0,1,256960.0,3,256980.0,2,256990.0,2,257000.0,1,257010.0,1,257020.0,3,257030.0,1,257050.0,6,256980.0
sn2408,,13:39:07.0#,256870.0,261780.0,256130.0,287770.0,235440.0,73057,29893.0,256920.0,1,256930.0,8,256940.0,1,256960.0,3,256980.0,1,257000.0,1,257020.0,3,257030.0,1,257050.0,6,257060.0,4,257010.0
sn2408,,13:39:07.500#,256870.0,261780.0,256130.0,287770.0,235440.0,73060,29895.0,256900.0,4,256910.0,3,256920.0,1,256930.0,8,256940.0,1,256960.0,3,257000.0,1,257020.0,3,257030.0,1,257050.0,6,256960.0
sn2408,,13:39:08.0#,256870.0,261780.0,256130.0,287770.0,235440.0,73062,29895.0,256900.0,4,256910.0,3,256920.0,1,256930.0,8,256940.0,1,256950.0,1,256960.0,1,257000.0,1,257020.0,3,257030.0,1,256960.0
sn2408,,13:39:08.500#,256870.0,261780.0,256130.0,287770.0,235440.0,73064,29896.0,256920.0,1,256930.0,8,256940.0,1,256950.0,2,256980.0,1,257000.0,2,257020.0,3,257030.0,1,257050.0,9,257060.0,4,256960.0
sn2408,,13:39:09.0#,256870.0,261780.0,256130.0,287770.0,235440.0,73065,29896.0,256910.0,3,256920.0,1,256930.0,8,256940.0,1,256950.0,1,256980.0,4,257000.0,2,257020.0,3,257030.0,1,257050.0,6,256980.0
sn2408,,13:39:09.500#,256870.0,261780.0,256130.0,287770.0,235440.0,73068,29895.0,256870.0,3,256900.0,4,256910.0,3,256920.0,1,256930.0,8,256940.0,1,256970.0,1,257000.0,2,257020.0,3,257030.0,1,256940.0
sn2408,,13:39:10.0#,256870.0,261780.0,256130.0,287770.0,235440.0,73070,29895.0,256900.0,4,256910.0,3,256920.0,1,256930.0,8,256940.0,1,256970.0,1,257000.0,2,257020.0,3,257030.0,1,257040.0,3,256950.0
sn2408,,13:39:10.500#,256870.0,261780.0,256130.0,287770.0,235440.0,73073,29895.0,256870.0,3,256900.0,4,256910.0,3,256920.0,1,256930.0,6,256940.0,3,256970.0,1,257000.0,2,257020.0,3,257030.0,1,256930.0
sn2408,,13:39:11.0#,256870.0,261780.0,256130.0,287770.0,235440.0,73084,29896.0,256800.0,5,256810.0,2,256820.0,1,256830.0,8,256900.0,3,256930.0,6,256940.0,3,256970.0,1,257000.0,2,257020.0,3,256900.0
sn2408,,13:39:11.500#,256870.0,261780.0,256130.0,287770.0,235440.0,73090,29898.0,256780.0,2,256790.0,5,256800.0,7,256810.0,2,256820.0,1,256890.0,5,256900.0,6,256920.0,2,256930.0,5,256950.0,1,256890.0
sn2408,,13:39:12.0#,256870.0,261780.0,256130.0,287770.0,235440.0,73090,29898.0,256790.0,5,256800.0,1,256810.0,2,256820.0,7,256830.0,3,256890.0,5,256900.0,5,256920.0,4,256930.0,5,256950.0,1,256890.0
sn2408,,13:39:12.500#,256870.0,261780.0,256130.0,287770.0,235440.0,73091,29898.0,256790.0,5,256800.0,1,256810.0,2,256820.0,6,256830.0,3,256870.0,3,256890.0,1,256900.0,2,256920.0,4,256930.0,5,256840.0
sn2408,,13:39:13.0#,256870.0,261780.0,256130.0,287770.0,235440.0,73092,29898.0,256790.0,5,256800.0,1,256810.0,2,256820.0,2,256840.0,1,256870.0,2,256890.0,1,256900.0,2,256920.0,4,256930.0,3,256870.0
sn2408,,13:39:13.500#,256870.0,261780.0,256130.0,287770.0,235440.0,73093,29898.0,256790.0,5,256800.0,1,256810.0,2,256820.0,2,256840.0,1,256870.0,1,256890.0,1,256900.0,2,256920.0,3,256930.0,3,256870.0
sn2408,,13:39:14.0#,256870.0,261780.0,256130.0,287770.0,235440.0,73095,29898.0,256780.0,2,256790.0,5,256800.0,1,256810.0,2,256820.0,2,256890.0,1,256900.0,2,256920.0,3,256930.0,3,256950.0,1,256840.0
sn2408,,13:39:14.500#,256870.0,261780.0,256130.0,287770.0,235440.0,73098,29898.0,256800.0,1,256810.0,2,256820.0,2,256830.0,3,256870.0,1,256920.0,3,256930.0,3,256950.0,1,256960.0,6,256970.0,1,256900.0
sn2408,,13:39:15.0#,256870.0,261780.0,256130.0,287770.0,235440.0,73100,29898.0,256830.0,3,256840.0,1,256850.0,1,256870.0,1,256890.0,1,256910.0,8,256920.0,3,256930.0,3,256950.0,1,256970.0,1,256870.0
sn2408,,13:39:15.500#,256870.0,261780.0,256130.0,287770.0,235440.0,73106,29893.0,256810.0,2,256820.0,2,256830.0,1,256840.0,1,256850.0,1,256910.0,1,256920.0,3,256930.0,2,256950.0,1,256970.0,1,256870.0
sn2408,,13:39:16.0#,256870.0,261780.0,256130.0,287770.0,235440.0,73111,29892.0,256830.0,1,256840.0,1,256850.0,1,256860.0,4,256910.0,1,256920.0,1,256930.0,1,256950.0,1,256970.0,1,256990.0,6,256910.0
sn2408,,13:39:16.500#,256870.0,261780.0,256130.0,287770.0,235440.0,73117,29893.0,256820.0,2,256830.0,1,256840.0,1,256850.0,1,256860.0,4,256870.0,1,256950.0,1,256970.0,1,256990.0,3,257000.0,2,256870.0
sn2408,,13:39:17.0#,256870.0,261780.0,256130.0,287770.0,235440.0,73118,29892.0,256870.0,11,256880.0,6,256890.0,2,256900.0,1,256910.0,2,256950.0,2,256960.0,1,256970.0,4,256990.0,3,257000.0,2,256870.0
sn2408,,13:39:17.500#,256870.0,261780.0,256130.0,287770.0,235440.0,73122,29890.0,256860.0,1,256870.0,7,256880.0,3,256900.0,1,256910.0,1,256950.0,2,256970.0,1,256990.0,3,257000.0,1,257020.0,1,256940.0
sn2408,,13:39:18.0#,256870.0,261780.0,256130.0,287770.0,235440.0,73130,29889.0,256870.0,8,256880.0,3,256900.0,1,256910.0,3,256920.0,3,256970.0,1,256990.0,3,257000.0,1,257020.0,1,257030.0,1,256910.0
sn2408,,13:39:18.500#,256870.0,261780.0,256130.0,287770.0,235440.0,73132,29888.0,256870.0,8,256880.0,3,256900.0,1,256910.0,6,256920.0,2,256980.0,1,257000.0,1,257020.0,1,257030.0,1,257040.0,3,256920.0
sn2408,,13:39:19.0#,256870.0,261780.0,256130.0,287770.0,235440.0,73134,29889.0,256890.0,1,256900.0,1,256910.0,6,256920.0,2,256930.0,3,256980.0,1,257000.0,1,257020.0,1,257030.0,1,257040.0,3,256920.0
sn2408,,13:39:19.500#,256870.0,261780.0,256130.0,287770.0,235440.0,73135,29889.0,256910.0,6,256920.0,2,256930.0,3,256940.0,4,256970.0,1,256980.0,1,257000.0,1,257020.0,1,257030.0,1,257040.0,3,256960.0
sn2408,,13:39:20.0#,256870.0,261780.0,256130.0,287770.0,235440.0,73138,29890.0,256910.0,6,256920.0,2,256930.0,3,256940.0,4,256980.0,10,257020.0,1,257030.0,1,257040.0,3,257050.0,6,257060.0,4,257000.0
sn2408,,13:39:20.500#,256870.0,261780.0,256130.0,287770.0,235440.0,73138,29890.0,256920.0,3,256930.0,3,256940.0,4,256980.0,10,257000.0,1,257020.0,1,257030.0,1,257050.0,6,257060.0,4,257080.0,2,257000.0
sn2408,,13:39:21.0#,256870.0,261780.0,256130.0,287770.0,235440.0,73139,29891.0,256920.0,3,256930.0,3,256940.0,4,256980.0,10,257000.0,1,257030.0,1,257050.0,5,257060.0,4,257080.0,2,257090.0,1,257020.0
sn2408,,13:39:21.500#,256870.0,261780.0,256130.0,287770.0,235440.0,73141,29892.0,256920.0,3,256930.0,3,256940.0,4,256980.0,9,257020.0,10,257030.0,1,257050.0,5,257060.0,4,257080.0,2,257090.0,1,256980.0
sn2408,,13:39:22.0#,256870.0,261780.0,256130.0,287770.0,235440.0,73146,29893.0,256930.0,3,256940.0,4,256980.0,9,257020.0,6,257030.0,2,257050.0,5,257060.0,4,257080.0,2,257090.0,1,257100.0,3,257020.0
sn2408,,13:39:22.500#,256870.0,261780.0,256130.0,287770.0,235440.0,73149,29894.0,256920.0,6,256930.0,3,256940.0,7,256980.0,9,257020.0,6,257050.0,5,257060.0,4,257080.0,2,257090.0,1,257100.0,3,257030.0
sn2408,,13:39:23.0#,256870.0,261780.0,256130.0,287770.0,235440.0,73158,29894.0,256910.0,6,256920.0,3,256930.0,6,256940.0,4,256980.0,9,257000.0,4,257010.0,1,257020.0,2,257050.0,2,257060.0,4,257050.0
sn2408,,13:39:23.500#,256870.0,261780.0,256130.0,287770.0,235440.0,73164,29898.0,256920.0,3,256930.0,3,256940.0,4,256980.0,8,256990.0,2,257000.0,1,257010.0,1,257020.0,1,257050.0,1,257060.0,4,257000.0
sn2408,,13:39:24.0#,256870.0,261780.0,256130.0,287770.0,235440.0,73168,29900.0,256930.0,3,256940.0,4,256980.0,8,256990.0,2,257000.0,4,257050.0,1,257060.0,4,257080.0,2,257090.0,1,257100.0,6,257010.0
sn2408,,13:39:24.500#,256870.0,261780.0,256130.0,287770.0,235440.0,73169,29899.0,256930.0,3,256940.0,4,256980.0,8,256990.0,2,257000.0,1,257050.0,1,257060.0,4,257080.0,2,257090.0,1,257100.0,3,257000.0
sn2408,,13:39:25.0#,256870.0,261780.0,256130.0,287770.0,235440.0,73170,29900.0,256930.0,3,256940.0,4,256980.0,8,256990.0,2,257000.0,1,257050.0,4,257060.0,4,257080.0,2,257090.0,1,257100.0,3,257050.0
sn2408,,13:39:25.500#,256870.0,261780.0,256130.0,287770.0,235440.0,73171,29900.0,256920.0,6,256930.0,3,256940.0,4,256980.0,8,256990.0,2,257040.0,4,257050.0,4,257060.0,4,257080.0,2,257090.0,1,257000.0
sn2408,,13:39:26.0#,256870.0,261780.0,256130.0,287770.0,235440.0,73171,29900.0,256920.0,3,256930.0,3,256940.0,4,256980.0,8,256990.0,2,257000.0,53,257030.0,2,257040.0,7,257050.0,3,257060.0,4,257000.0
sn2408,,13:39:26.500#,256870.0,261780.0,256130.0,287770.0,235440.0,73187,29905.0,256870.0,4,256880.0,1,256890.0,4,256910.0,6,256920.0,1,256940.0,5,256950.0,5,256960.0,13,256970.0,1,256980.0,6,256920.0
sn2408,,13:39:27.0#,256870.0,261780.0,256130.0,287770.0,235440.0,73200,29910.0,256810.0,2,256820.0,2,256830.0,3,256840.0,1,256870.0,3,256910.0,1,256920.0,5,256930.0,2,256940.0,4,256950.0,5,256870.0
sn2408,,13:39:27.500#,256870.0,261780.0,256130.0,287770.0,235440.0,73201,29909.0,256810.0,2,256820.0,2,256840.0,1,256870.0,3,256880.0,1,256910.0,3,256920.0,3,256930.0,1,256940.0,4,256950.0,5,256870.0
sn2408,,13:39:28.0#,256870.0,261780.0,256130.0,287770.0,235440.0,73201,29909.0,256810.0,2,256820.0,2,256840.0,1,256870.0,3,256880.0,1,256900.0,1,256910.0,2,256920.0,3,256930.0,1,256940.0,4,256870.0
sn2408,,13:39:28.500#,256870.0,261780.0,256130.0,287770.0,235440.0,73202,29908.0,256810.0,2,256820.0,2,256840.0,1,256870.0,3,256900.0,1,256910.0,2,256920.0,3,256930.0,1,256940.0,4,256950.0,5,256900.0
sn2408,,13:39:29.0#,256870.0,261780.0,256130.0,287770.0,235440.0,73206,29908.0,256800.0,6,256810.0,2,256820.0,2,256840.0,1,256870.0,3,256900.0,1,256920.0,3,256930.0,1,256940.0,4,256950.0,5,256910.0
sn2408,,13:39:29.500#,256870.0,261780.0,256130.0,287770.0,235440.0,73208,29909.0,256820.0,2,256830.0,1,256840.0,1,256870.0,2,256900.0,3,256920.0,3,256930.0,1,256940.0,4,256960.0,10,256980.0,1,256870.0
sn2408,,13:39:30.0#,256870.0,261780.0,256130.0,287770.0,235440.0,73211,29909.0,256820.0,2,256830.0,1,256840.0,1,256870.0,2,256900.0,1,256920.0,2,256930.0,1,256940.0,4,256960.0,10,256980.0,1,256920.0
sn2408,,13:39:30.500#,256870.0,261780.0,256130.0,287770.0,235440.0,73212,29909.0,256810.0,5,256820.0,2,256830.0,1,256840.0,1,256870.0,2,256920.0,2,256940.0,4,256960.0,10,256980.0,1,256990.0,20,256900.0
sn2408,,13:39:31.0#,256870.0,261780.0,256130.0,287770.0,235440.0,73212,29909.0,256820.0,2,256830.0,1,256840.0,1,256870.0,2,256900.0,1,256910.0,2,256920.0,2,256940.0,4,256960.0,10,256980.0,1,256900.0
sn2408,,13:39:31.500#,256870.0,261780.0,256130.0,287770.0,235440.0,73213,29910.0,256810.0,2,256820.0,2,256830.0,1,256840.0,1,256870.0,2,256900.0,5,256920.0,2,256940.0,4,256960.0,10,256980.0,1,256900.0
sn2408,,13:39:32.0#,256870.0,261780.0,256130.0,287770.0,235440.0,73214,29910.0,256810.0,2,256820.0,2,256830.0,1,256840.0,1,256870.0,1,256900.0,1,256920.0,2,256940.0,4,256960.0,10,256980.0,1,256870.0
sn2408,,13:39:32.500#,256870.0,261780.0,256130.0,287770.0,235440.0,73215,29910.0,256810.0,2,256820.0,2,256830.0,1,256840.0,1,256870.0,1,256900.0,20,256920.0,2,256940.0,4,256960.0,10,256980.0,1,256900.0
sn2408,,13:39:33.0#,256870.0,261780.0,256130.0,287770.0,235440.0,73218,29912.0,256800.0,4,256810.0,2,256820.0,2,256830.0,1,256840.0,1,256870.0,1,256890.0,1,256900.0,21,256920.0,2,256940.0,4,256870.0
sn2408,,13:39:33.500#,256870.0,261780.0,256130.0,287770.0,235440.0,73218,29912.0,256800.0,4,256810.0,2,256820.0,2,256830.0,1,256840.0,1,256850.0,3,256890.0,1,256900.0,21,256920.0,2,256940.0,4,256870.0
sn2408,,13:39:34.0#,256870.0,261780.0,256130.0,287770.0,235440.0,73224,29915.0,256780.0,2,256790.0,5,256800.0,4,256810.0,2,256820.0,2,256890.0,1,256900.0,21,256920.0,2,256940.0,4,256950.0,3,256830.0
sn2408,,13:39:34.500#,256870.0,261780.0,256130.0,287770.0,235440.0,73227,29915.0,256790.0,5,256800.0,4,256810.0,2,256820.0,2,256830.0,1,256890.0,1,256900.0,20,256920.0,2,256940.0,4,256960.0,16,256880.0
sn2408,,13:39:35.0#,256870.0,261780.0,256130.0,287770.0,235440.0,73227,29915.0,256800.0,4,256810.0,2,256820.0,2,256830.0,1,256840.0,1,256880.0,2,256890.0,2,256900.0,20,256940.0,4,256960.0,13,256880.0
sn2408,,13:39:35.500#,256870.0,261780.0,256130.0,287770.0,235440.0,73228,29914.0,256780.0,2,256790.0,5,256800.0,4,256810.0,2,256820.0,2,256870.0,4,256880.0,2,256890.0,3,256900.0,20,256930.0,1,256840.0
sn2408,,13:39:36.0#,256870.0,261780.0,256130.0,287770.0,235440.0,73228,29914.0,256780.0,2,256790.0,5,256800.0,4,256810.0,2,256820.0,2,256860.0,3,256870.0,1,256880.0,2,256890.0,2,256930.0,1,256840.0
sn2408,,13:39:36.500#,256870.0,261780.0,256130.0,287770.0,235440.0,73228,29914.0,256800.0,4,256810.0,2,256820.0,2,256830.0,5,256850.0,1,256870.0,2,256880.0,2,256890.0,2,256930.0,1,256940.0,4,256840.0
sn2408,,13:39:37.0#,256870.0,261780.0,256130.0,287770.0,235440.0,73233,29911.0,256810.0,2,256820.0,2,256830.0,5,256850.0,1,256860.0,1,256890.0,1,256930.0,1,256940.0,4,256960.0,13,256970.0,3,256870.0
sn2408,,13:39:37.500#,256870.0,261780.0,256130.0,287770.0,235440.0,73236,29911.0,256820.0,2,256830.0,5,256850.0,1,256860.0,1,256870.0,1,256930.0,1,256940.0,4,256960.0,13,256980.0,4,256990.0,15,256890.0
sn2408,,13:39:38.0#,256870.0,261780.0,256130.0,287770.0,235440.0,73237,29911.0,256810.0,2,256820.0,2,256830.0,5,256850.0,1,256860.0,1,256930.0,2,256940.0,4,256960.0,10,256980.0,1,256990.0,18,256870.0
sn2408,,13:39:38.500#,256870.0,261780.0,256130.0,287770.0,235440.0,73237,29911.0,256830.0,5,256840.0,3,256850.0,1,256860.0,1,256870.0,1,256920.0,1,256930.0,2,256940.0,4,256960.0,10,256980.0,1,256870.0
sn2408,,13:39:39.0#,256870.0,261780.0,256130.0,287770.0,235440.0,73237,29911.0,256820.0,2,256830.0,5,256840.0,3,256850.0,1,256860.0,1,256920.0,1,256930.0,2,256940.0,4,256960.0,10,256980.0,1,256870.0
sn2408,,13:39:39.500#,256870.0,261780.0,256130.0,287770.0,235440.0,73243,29916.0,256800.0,4,256810.0,2,256820.0,2,256830.0,5,256860.0,1,256870.0,20,256920.0,1,256930.0,1,256940.0,4,256960.0,10,256840.0
sn2408,,13:39:40.0#,256870.0,261780.0,256130.0,287770.0,235440.0,73245,29916.0,256790.0,5,256800.0,4,256810.0,2,256820.0,2,256830.0,5,256860.0,3,256870.0,20,256920.0,1,256930.0,1,256940.0,4,256850.0
sn2408,,13:39:40.500#,256870.0,261780.0,256130.0,287770.0,235440.0,73248,29914.0,256790.0,5,256800.0,4,256810.0,2,256820.0,2,256830.0,5,256860.0,1,256870.0,20,256920.0,3,256930.0,1,256940.0,4,256860.0
sn2408,,13:39:41.0#,256870.0,261780.0,256130.0,287770.0,235440.0,73248,29914.0,256790.0,5,256800.0,4,256810.0,2,256820.0,2,256830.0,5,256870.0,20,256920.0,3,256930.0,1,256940.0,4,256950.0,3,256860.0
sn2408,,13:39:41.500#,256870.0,261780.0,256130.0,287770.0,235440.0,73249,29914.0,256790.0,5,256800.0,4,256810.0,2,256820.0,2,256830.0,5,256870.0,19,256920.0,3,256930.0,1,256940.0,4,256960.0,13,256870.0
sn2408,,13:39:42.0#,256870.0,261780.0,256130.0,287770.0,235440.0,73250,29914.0,256790.0,5,256800.0,4,256810.0,2,256820.0,2,256830.0,5,256870.0,18,256920.0,3,256930.0,1,256940.0,4,256960.0,13,256870.0
sn2408,,13:39:42.500#,256870.0,261780.0,256130.0,287770.0,235440.0,73250,29914.0,256800.0,4,256810.0,2,256820.0,2,256830.0,5,256840.0,3,256920.0,3,256930.0,1,256940.0,5,256960.0,13,256980.0,6,256870.0
sn2408,,13:39:43.0#,256870.0,261780.0,256130.0,287770.0,235440.0,73250,29914.0,256810.0,2,256820.0,2,256830.0,5,256840.0,4,256850.0,3,256920.0,1,256930.0,1,256940.0,5,256960.0,10,256980.0,5,256870.0
sn2408,,13:39:43.500#,256870.0,261780.0,256130.0,287770.0,235440.0,73250,29914.0,256830.0,5,256840.0,2,256850.0,2,256860.0,5,256870.0,1,256930.0,2,256940.0,5,256960.0,10,256980.0,5,256990.0,18,256870.0
sn2408,,13:39:44.0#,256870.0,261780.0,256130.0,287770.0,235440.0,73250,29914.0,256840.0,2,256850.0,1,256860.0,5,256870.0,5,256880.0,1,256930.0,2,256940.0,5,256960.0,10,256980.0,5,256990.0,15,256870.0
sn2408,,13:39:44.500#,256870.0,261780.0,256130.0,287770.0,235440.0,73250,29914.0,256850.0,1,256860.0,5,256870.0,5,256880.0,1,256920.0,1,256930.0,1,256940.0,5,256960.0,10,256980.0,5,256990.0,15,256870.0
sn2408,,13:39:45.0#,256870.0,261780.0,256130.0,287770.0,235440.0,73252,29916.0,256840.0,2,256850.0,1,256860.0,6,256870.0,5,256880.0,1,256930.0,1,256940.0,5,256960.0,10,256980.0,5,256990.0,15,256920.0
sn2408,,13:39:45.500#,256870.0,261780.0,256130.0,287770.0,235440.0,73252,29916.0,256840.0,2,256850.0,1,256860.0,1,256870.0,4,256890.0,2,256920.0,18,256930.0,1,256940.0,5,256960.0,10,256980.0,5,256920.0
sn2408,,13:39:46.0#,256870.0,261780.0,256130.0,287770.0,235440.0,73255,29915.0,256810.0,2,256820.0,1,256830.0,5,256840.0,2,256860.0,1,256920.0,19,256930.0,10,256940.0,5,256960.0,11,256980.0,5,256870.0
sn2408,,13:39:46.500#,256870.0,261780.0,256130.0,287770.0,235440.0,73256,29914.0,256820.0,1,256830.0,5,256840.0,1,256860.0,1,256870.0,5,256910.0,5,256920.0,21,256930.0,1,256940.0,5,256960.0,11,256910.0
sn2408,,13:39:47.0#,256870.0,261780.0,256130.0,287770.0,235440.0,73258,29914.0,256820.0,1,256830.0,5,256840.0,1,256860.0,1,256870.0,3,256910.0,5,256920.0,20,256930.0,1,256940.0,5,256960.0,11,256870.0
sn2408,,13:39:47.500#,256870.0,261780.0,256130.0,287770.0,235440.0,73258,29914.0,256820.0,1,256830.0,5,256840.0,1,256860.0,1,256870.0,3,256910.0,5,256920.0,20,256930.0,1,256940.0,5,256960.0,11,256870.0
sn2408,,13:39:48.0#,256870.0,261780.0,256130.0,287770.0,235440.0,73258,29914.0,256830.0,5,256840.0,1,256860.0,1,256870.0,3,256880.0,1,256910.0,5,256920.0,20,256930.0,1,256940.0,5,256960.0,11,256870.0
sn2408,,13:39:48.500#,256870.0,261780.0,256130.0,287770.0,235440.0,73263,29913.0,256830.0,5,256840.0,1,256860.0,1,256870.0,3,256880.0,1,256920.0,20,256930.0,1,256940.0,5,256960.0,11,256980.0,5,256910.0
sn2408,,13:39:49.0#,256870.0,261780.0,256130.0,287770.0,235440.0,73263,29913.0,256840.0,1,256860.0,1,256870.0,3,256880.0,2,256910.0,60,256920.0,20,256930.0,2,256940.0,5,256960.0,11,256980.0,5,256910.0
sn2408,,13:39:49.500#,256870.0,261780.0,256130.0,287770.0,235440.0,73286,29911.0,256910.0,60,256920.0,7,256930.0,20,256940.0,1,256950.0,2,256960.0,11,256980.0,2,256990.0,14,257000.0,36,257020.0,3,256940.0
sn2408,,13:39:50.0#,256870.0,261780.0,256130.0,287770.0,235440.0,73301,29911.0,256910.0,60,256920.0,3,256930.0,10,256960.0,11,256970.0,8,256990.0,5,257000.0,36,257040.0,9,257060.0,7,257080.0,3,256970.0
sn2408,,13:39:50.500#,256870.0,261780.0,256130.0,287770.0,235440.0,73307,29910.0,256910.0,60,256920.0,3,256930.0,8,256960.0,11,256970.0,7,256990.0,1,257000.0,36,257040.0,6,257060.0,4,257080.0,5,256980.0
sn2408,,13:39:51.0#,256870.0,261780.0,256130.0,287770.0,235440.0,73309,29909.0,256880.0,8,256910.0,60,256920.0,3,256930.0,8,256960.0,12,256980.0,1,256990.0,1,257000.0,36,257040.0,6,257060.0,4,256970.0
sn2408,,13:39:51.500#,256870.0,261780.0,256130.0,287770.0,235440.0,73309,29909.0,256880.0,5,256910.0,60,256920.0,3,256930.0,8,256960.0,11,256980.0,1,256990.0,1,257000.0,36,257040.0,6,257060.0,4,256970.0
sn2408,,13:39:52.0#,256870.0,261780.0,256130.0,287770.0,235440.0,73309,29909.0,256880.0,5,256910.0,60,256920.0,3,256930.0,8,256960.0,11,256970.0,3,256980.0,1,256990.0,4,257000.0,36,257040.0,6,256970.0
sn2408,,13:39:52.500#,256870.0,261780.0,256130.0,287770.0,235440.0,73314,29912.0,256880.0,5,256910.0,70,256920.0,3,256930.0,8,256960.0,6,256970.0,1,256980.0,1,256990.0,4,257000.0,36,257040.0,6,256960.0
sn2408,,13:39:53.0#,256870.0,261780.0,256130.0,287770.0,235440.0,73315,29912.0,256880.0,5,256910.0,70,256920.0,3,256930.0,8,256960.0,5,256970.0,1,256980.0,1,256990.0,4,257000.0,36,257040.0,6,256960.0
sn2408,,13:39:53.500#,256870.0,261780.0,256130.0,287770.0,235440.0,73316,29912.0,256910.0,70,256920.0,3,256930.0,8,256960.0,5,256970.0,1,256980.0,1,256990.0,4,257000.0,36,257040.0,6,257060.0,4,256970.0
sn2408,,13:39:54.0#,256870.0,261780.0,256130.0,287770.0,235440.0,73317,29912.0,256880.0,5,256910.0,70,256920.0,2,256930.0,8,256960.0,2,256980.0,1,256990.0,4,257000.0,36,257040.0,6,257060.0,4,256970.0
sn2408,,13:39:54.500#,256870.0,261780.0,256130.0,287770.0,235440.0,73320,29913.0,256880.0,5,256910.0,70,256920.0,2,256930.0,8,256960.0,1,256990.0,4,257000.0,36,257040.0,6,257060.0,4,257080.0,8,256970.0
sn2408,,13:39:55.0#,256870.0,261780.0,256130.0,287770.0,235440.0,73325,29915.0,256880.0,5,256910.0,70,256920.0,2,256930.0,8,256960.0,1,256980.0,1,256990.0,1,257000.0,36,257040.0,6,257060.0,4,256980.0
sn2408,,13:39:55.500#,256870.0,261780.0,256130.0,287770.0,235440.0,73325,29915.0,256910.0,70,256920.0,2,256930.0,8,256960.0,1,256970.0,3,256980.0,1,256990.0,1,257000.0,36,257040.0,6,257060.0,4,256980.0
sn2408,,13:39:56.0#,256870.0,261780.0,256130.0,287770.0,235440.0,73328,29915.0,256930.0,8,256960.0,1,256970.0,1,256980.0,2,256990.0,1,257000.0,36,257040.0,6,257060.0,4,257080.0,8,257090.0,1,256990.0
sn2408,,13:39:56.500#,256870.0,261780.0,256130.0,287770.0,235440.0,73365,29914.0,256930.0,8,256960.0,1,256970.0,1,256980.0,2,256990.0,1,257000.0,1,257040.0,6,257060.0,4,257080.0,5,257090.0,1,257000.0
sn2408,,13:39:57.0#,256870.0,261780.0,256130.0,287770.0,235440.0,73369,29914.0,256970.0,1,256980.0,2,256990.0,4,257000.0,7,257010.0,5,257040.0,3,257060.0,4,257080.0,2,257090.0,1,257100.0,3,257040.0
sn2408,,13:39:57.500#,256870.0,261780.0,256130.0,287770.0,235440.0,73374,29916.0,256990.0,1,257000.0,6,257010.0,2,257020.0,1,257040.0,1,257060.0,3,257080.0,2,257090.0,1,257130.0,6,257140.0,4,257060.0
sn2408,,13:39:58.0#,256870.0,261780.0,256130.0,287770.0,235440.0,73376,29915.0,256960.0,1,256970.0,1,256980.0,2,256990.0,1,257000.0,6,257040.0,2,257050.0,1,257060.0,3,257080.0,2,257090.0,1,257020.0
sn2408,,13:39:58.500#,256870.0,261780.0,256130.0,287770.0,235440.0,73378,29914.0,256960.0,1,256970.0,1,256980.0,2,256990.0,1,257000.0,5,257040.0,1,257050.0,1,257060.0,3,257080.0,2,257090.0,1,257040.0
sn2408,,13:39:59.0#,256870.0,261780.0,256130.0,287770.0,235440.0,73384,29913.0,256920.0,5,256930.0,11,256960.0,1,256980.0,2,256990.0,1,257000.0,1,257050.0,1,257060.0,3,257080.0,2,257090.0,1,257000.0
sn2408,,13:39:59.500#,256870.0,261780.0,256130.0,287770.0,235440.0,73385,29912.0,256920.0,2,256930.0,11,256960.0,1,256980.0,2,257000.0,2,257050.0,1,257060.0,3,257080.0,2,257090.0,1,257100.0,3,257000.0
sn2408,,13:40:00.0#,256870.0,261780.0,256130.0,287770.0,235440.0,73390,29913.0,256930.0,11,256960.0,1,256980.0,1,257000.0,2,257040.0,2,257050.0,2,257060.0,3,257080.0,2,257090.0,1,257130.0,6,257040.0
sn2408,,13:40:00.500#,256870.0,261780.0,256130.0,287770.0,235440.0,73395,29915.0,256910.0,73,256920.0,2,256930.0,11,256940.0,3,257000.0,1,257040.0,2,257050.0,1,257060.0,3,257080.0,2,257090.0,1,256960.0
sn2408,,13:40:01.0#,256870.0,261780.0,256130.0,287770.0,235440.0,73398,29916.0,256910.0,70,256920.0,5,256930.0,11,257000.0,1,257010.0,1,257030.0,1,257040.0,1,257050.0,2,257060.0,3,257080.0,2,257030.0
sn2408,,13:40:01.500#,256870.0,261780.0,256130.0,287770.0,235440.0,73403,29919.0,256880.0,2,256890.0,3,256910.0,70,256920.0,5,256930.0,11,257020.0,2,257030.0,1,257050.0,2,257060.0,3,257080.0,2,257010.0
sn2408,,13:40:02.0#,256870.0,261780.0,256130.0,287770.0,235440.0,73405,29919.0,256910.0,70,256920.0,4,256930.0,8,256940.0,16,257000.0,1,257030.0,1,257050.0,1,257060.0,3,257080.0,5,257090.0,4,257020.0
sn2408,,13:40:02.500#,256870.0,261780.0,256130.0,287770.0,235440.0,73406,29920.0,256910.0,73,256920.0,7,256930.0,8,256940.0,15,257000.0,8,257030.0,1,257050.0,1,257060.0,3,257080.0,2,257090.0,1,257000.0
sn2408,,13:40:03.0#,256870.0,261780.0,256130.0,287770.0,235440.0,73409,29922.0,256920.0,5,256930.0,8,256940.0,13,257000.0,9,257030.0,6,257050.0,1,257060.0,3,257080.0,2,257090.0,1,257120.0,6,257030.0
sn2408,,13:40:03.500#,256870.0,261780.0,256130.0,287770.0,235440.0,73412,29925.0,256920.0,5,256930.0,8,256940.0,15,257000.0,2,257030.0,3,257060.0,3,257080.0,2,257090.0,1,257120.0,3,257140.0,4,257050.0
sn2408,,13:40:04.0#,256870.0,261780.0,256130.0,287770.0,235440.0,73415,29926.0,256920.0,5,256930.0,8,256940.0,15,257000.0,2,257030.0,6,257060.0,2,257080.0,2,257090.0,1,257120.0,3,257140.0,4,257030.0
sn2408,,13:40:04.500#,256870.0,261780.0,256130.0,287770.0,235440.0,73415,29926.0,256930.0,8,256940.0,15,257000.0,2,257030.0,6,257050.0,1,257060.0,2,257080.0,2,257090.0,1,257120.0,3,257140.0,4,257030.0
sn2408,,13:40:05.0#,256870.0,261780.0,256130.0,287770.0,235440.0,73420,29925.0,257000.0,2,257020.0,1,257050.0,2,257060.0,7,257080.0,2,257120.0,3,257140.0,4,257150.0,1,257160.0,5,257180.0,6,257090.0
sn2408,,13:40:05.500#,256870.0,261780.0,256130.0,287770.0,235440.0,73423,29925.0,257000.0,2,257010.0,3,257020.0,1,257060.0,7,257080.0,5,257110.0,1,257140.0,4,257150.0,1,257160.0,2,257180.0,6,257080.0
sn2408,,13:40:06.0#,256870.0,261780.0,256130.0,287770.0,235440.0,73426,29922.0,257000.0,2,257010.0,3,257020.0,1,257060.0,10,257080.0,3,257130.0,1,257140.0,3,257150.0,1,257160.0,2,257180.0,6,257080.0
sn2408,,13:40:06.500#,256870.0,261780.0,256130.0,287770.0,235440.0,73433,29925.0,257000.0,2,257010.0,3,257020.0,1,257060.0,10,257080.0,1,257100.0,2,257150.0,1,257160.0,2,257180.0,6,257190.0,1,257120.0
sn2408,,13:40:07.0#,256870.0,261780.0,256130.0,287770.0,235440.0,73436,29923.0,257020.0,1,257060.0,10,257080.0,1,257090.0,1,257100.0,3,257150.0,1,257160.0,2,257180.0,6,257190.0,1,257200.0,10,257100.0
sn2408,,13:40:07.500#,256870.0,261780.0,256130.0,287770.0,235440.0,73441,29924.0,256990.0,4,257000.0,2,257010.0,3,257020.0,1,257060.0,11,257080.0,1,257140.0,1,257150.0,2,257160.0,2,257180.0,6,257090.0
sn2408,,13:40:08.0#,256870.0,261780.0,256130.0,287770.0,235440.0,73442,29925.0,257000.0,2,257010.0,3,257020.0,1,257060.0,14,257080.0,1,257100.0,1,257130.0,1,257140.0,2,257150.0,2,257160.0,2,257080.0
sn2408,,13:40:08.500#,256870.0,261780.0,256130.0,287770.0,235440.0,73443,29925.0,256990.0,3,257000.0,2,257010.0,3,257020.0,1,257060.0,12,257080.0,7,257100.0,1,257120.0,1,257130.0,1,257140.0,1,257080.0
sn2408,,13:40:09.0#,256870.0,261780.0,256130.0,287770.0,235440.0,73459,29924.0,256930.0,9,256940.0,15,256960.0,3,256970.0,3,257000.0,2,257050.0,2,257060.0,6,257080.0,7,257100.0,1,257120.0,1,257050.0
sn2408,,13:40:09.500#,256870.0,261780.0,256130.0,287770.0,235440.0,73466,29922.0,256890.0,3,256910.0,70,256920.0,5,256930.0,11,256940.0,12,257060.0,1,257080.0,7,257100.0,1,257120.0,1,257130.0,7,257060.0
sn2408,,13:40:10.0#,256870.0,261780.0,256130.0,287770.0,235440.0,73468,29924.0,256920.0,2,256930.0,11,256940.0,12,256950.0,7,257020.0,1,257040.0,2,257050.0,1,257060.0,3,257070.0,1,257080.0,7,257060.0
sn2408,,13:40:10.500#,256870.0,261780.0,256130.0,287770.0,235440.0,73469,29924.0,256910.0,70,256920.0,2,256930.0,14,256940.0,10,256950.0,3,257000.0,1,257020.0,3,257040.0,2,257050.0,1,257060.0,3,257020.0
sn2408,,13:40:11.0#,256870.0,261780.0,256130.0,287770.0,235440.0,73475,29924.0,256920.0,2,256930.0,8,256940.0,10,256950.0,2,256960.0,4,257060.0,2,257070.0,1,257080.0,10,257090.0,3,257100.0,1,257060.0
sn2408,,13:40:11.500#,256870.0,261780.0,256130.0,287770.0,235440.0,73475,29924.0,256930.0,8,256940.0,10,256950.0,1,256960.0,2,256970.0,3,257050.0,3,257060.0,3,257070.0,1,257080.0,7,257090.0,3,257060.0
sn2408,,13:40:12.0#,256870.0,261780.0,256130.0,287770.0,235440.0,73475,29924.0,256940.0,10,256950.0,1,256960.0,2,256970.0,2,256980.0,1,257040.0,5,257050.0,3,257060.0,1,257080.0,7,257090.0,3,257060.0
sn2408,,13:40:12.500#,256870.0,261780.0,256130.0,287770.0,235440.0,73475,29924.0,256940.0,10,256950.0,1,256960.0,2,256970.0,1,256980.0,1,257040.0,5,257050.0,2,257060.0,1,257080.0,7,257090.0,3,257060.0
sn2408,,13:40:13.0#,256870.0,261780.0,256130.0,287770.0,235440.0,73475,29924.0,256930.0,8,256940.0,10,256950.0,1,256960.0,2,256970.0,1,257030.0,2,257040.0,2,257050.0,2,257060.0,1,257080.0,7,257060.0
sn2408,,13:40:13.500#,256870.0,261780.0,256130.0,287770.0,235440.0,73477,29924.0,256930.0,8,256940.0,10,256950.0,1,256960.0,2,256970.0,1,257040.0,1,257050.0,2,257080.0,7,257090.0,3,257110.0,4,257050.0
sn2408,,13:40:14.0#,256870.0,261780.0,256130.0,287770.0,235440.0,73477,29924.0,256940.0,10,256950.0,1,256960.0,2,256970.0,2,256980.0,1,257040.0,2,257050.0,2,257080.0,7,257090.0,3,257110.0,4,257050.0
sn2408,,13:40:14.500#,256870.0,261780.0,256130.0,287770.0,235440.0,73479,29924.0,256930.0,8,256940.0,10,256960.0,2,256970.0,2,256980.0,2,257040.0,1,257050.0,2,257080.0,7,257090.0,3,257110.0,1,257030.0
sn2408,,13:40:15.0#,256870.0,261780.0,256130.0,287770.0,235440.0,73480,29924.0,256940.0,10,256960.0,2,256970.0,2,256980.0,1,256990.0,1,257040.0,1,257050.0,2,257080.0,8,257090.0,3,257110.0,1,257010.0
sn2408,,13:40:15.500#,256870.0,261780.0,256130.0,287770.0,235440.0,73482,29924.0,256920.0,2,256930.0,8,256940.0,10,256960.0,2,256970.0,2,256980.0,4,257030.0,5,257040.0,1,257050.0,2,257080.0,8,256980.0
sn2408,,13:40:16.0#,256870.0,261780.0,256130.0,287770.0,235440.0,73484,29924.0,256910.0,70,256920.0,2,256930.0,8,256940.0,5,256960.0,1,256970.0,1,256980.0,4,257030.0,5,257040.0,1,257050.0,1,256960.0
sn2408,,13:40:16.500#,256870.0,261780.0,256130.0,287770.0,235440.0,73486,29926.0,256890.0,3,256910.0,70,256920.0,2,256930.0,8,256940.0,4,256970.0,4,256980.0,4,257030.0,5,257040.0,1,257050.0,1,256940.0
sn2408,,13:40:17.0#,256870.0,261780.0,256130.0,287770.0,235440.0,73488,29927.0,256880.0,3,256910.0,70,256920.0,2,256930.0,8,256940.0,3,256970.0,4,256980.0,4,257030.0,5,257040.0,1,257050.0,4,256970.0
sn2408,,13:40:17.500#,256870.0,261780.0,256130.0,287770.0,235440.0,73488,29927.0,256880.0,3,256910.0,70,256920.0,2,256930.0,8,256940.0,3,256970.0,5,256980.0,4,257030.0,4,257040.0,1,257050.0,4,256970.0
sn2408,,13:40:18.0#,256870.0,261780.0,256130.0,287770.0,235440.0,73488,29927.0,256880.0,3,256910.0,70,256920.0,2,256930.0,8,256940.0,3,256960.0,1,256970.0,5,256980.0,4,256990.0,1,257030.0,4,256970.0
sn2408,,13:40:18.500#,256870.0,261780.0,256130.0,287770.0,235440.0,73489,29927.0,256910.0,70,256920.0,2,256930.0,8,256940.0,3,256950.0,1,256960.0,1,256970.0,3,256980.0,4,256990.0,1,257030.0,4,256960.0
sn2408,,13:40:19.0#,256870.0,261780.0,256130.0,287770.0,235440.0,73490,29927.0,256920.0,2,256930.0,8,256940.0,3,256950.0,1,256960.0,2,256970.0,3,256980.0,4,256990.0,1,257030.0,4,257040.0,1,256960.0
sn2408,,13:40:19.500#,256870.0,261780.0,256130.0,287770.0,235440.0,73495,29924.0,256920.0,2,256930.0,8,256940.0,3,256950.0,1,256960.0,1,256980.0,4,256990.0,1,257030.0,4,257040.0,1,257050.0,4,256960.0
sn2408,,13:40:20.0#,256870.0,261780.0,256130.0,287770.0,235440.0,73501,29924.0,256920.0,2,256930.0,8,256940.0,3,256950.0,1,256960.0,1,256980.0,1,256990.0,1,257030.0,4,257040.0,1,257050.0,4,256960.0
sn2408,,13:40:20.500#,256870.0,261780.0,256130.0,287770.0,235440.0,73504,29924.0,256910.0,10,256920.0,2,256930.0,8,256940.0,3,256950.0,1,256990.0,1,257030.0,4,257040.0,1,257050.0,4,257070.0,1,256980.0
sn2408,,13:40:21.0#,256870.0,261780.0,256130.0,287770.0,235440.0,73505,29925.0,256890.0,1,256910.0,10,256930.0,8,256940.0,3,256950.0,1,257030.0,4,257040.0,1,257050.0,4,257070.0,1,257080.0,12,256990.0
sn2408,,13:40:21.500#,256870.0,261780.0,256130.0,287770.0,235440.0,73506,29924.0,256890.0,4,256910.0,10,256930.0,8,256940.0,3,256950.0,1,257020.0,4,257030.0,4,257040.0,1,257050.0,4,257080.0,9,256980.0
sn2408,,13:40:22.0#,256870.0,261780.0,256130.0,287770.0,235440.0,73506,29924.0,256910.0,10,256930.0,8,256940.0,3,256950.0,2,256960.0,4,257010.0,1,257020.0,3,257030.0,4,257040.0,1,257050.0,4,256980.0
sn2408,,13:40:22.500#,256870.0,261780.0,256130.0,287770.0,235440.0,73506,29924.0,256930.0,8,256940.0,3,256950.0,2,256960.0,4,256970.0,1,257020.0,1,257030.0,4,257040.0,1,257050.0,4,257080.0,9,256980.0
sn2408,,13:40:23.0#,256870.0,261780.0,256130.0,287770.0,235440.0,73506,29924.0,256940.0,3,256950.0,2,256960.0,4,256970.0,8,256980.0,1,257030.0,5,257040.0,1,257050.0,1,257080.0,9,257090.0,3,256980.0
sn2408,,13:40:23.500#,256870.0,261780.0,256130.0,287770.0,235440.0,73507,29924.0,256940.0,3,256950.0,1,256960.0,4,256970.0,8,256980.0,3,257030.0,2,257040.0,1,257050.0,1,257080.0,9,257090.0,3,256980.0
sn2408,,13:40:24.0#,256870.0,261780.0,256130.0,287770.0,235440.0,73507,29924.0,256940.0,3,256950.0,1,256960.0,4,256970.0,8,256980.0,3,257030.0,2,257040.0,1,257050.0,1,257080.0,9,257090.0,3,256980.0
sn2408,,13:40:24.500#,256870.0,261780.0,256130.0,287770.0,235440.0,73507,29924.0,256950.0,1,256960.0,4,256970.0,8,256980.0,3,256990.0,1,257030.0,2,257040.0,1,257050.0,1,257080.0,9,257090.0,3,256980.0
sn2408,,13:40:25.0#,256870.0,261780.0,256130.0,287770.0,235440.0,73508,29925.0,256960.0,4,256970.0,7,256980.0,2,256990.0,1,257000.0,1,257030.0,1,257040.0,1,257050.0,1,257080.0,9,257090.0,3,257030.0
sn2408,,13:40:25.500#,256870.0,261780.0,256130.0,287770.0,235440.0,73509,29926.0,256970.0,6,256980.0,2,256990.0,1,257000.0,2,257030.0,1,257040.0,1,257050.0,1,257080.0,9,257090.0,3,257120.0,5,257030.0
sn2408,,13:40:26.0#,256870.0,261780.0,256130.0,287770.0,235440.0,73509,29926.0,256970.0,6,256980.0,1,256990.0,1,257000.0,2,257030.0,3,257040.0,1,257050.0,1,257080.0,9,257120.0,4,257130.0,3,257030.0
sn2408,,13:40:26.500#,256870.0,261780.0,256130.0,287770.0,235440.0,73511,29925.0,256970.0,6,256980.0,1,256990.0,1,257000.0,2,257030.0,3,257050.0,1,257080.0,2,257120.0,3,257130.0,3,257140.0,6,257040.0
sn2408,,13:40:27.0#,256870.0,261780.0,256130.0,287770.0,235440.0,73515,29929.0,256960.0,4,256970.0,6,256980.0,1,256990.0,1,257000.0,2,257030.0,1,257050.0,1,257080.0,2,257120.0,3,257130.0,2,257030.0
sn2408,,13:40:27.500#,256870.0,261780.0,256130.0,287770.0,235440.0,73515,29929.0,256960.0,4,256970.0,6,256980.0,1,256990.0,1,257000.0,2,257030.0,2,257050.0,1,257080.0,2,257110.0,1,257120.0,6,257030.0
sn2408,,13:40:28.0#,256870.0,261780.0,256130.0,287770.0,235440.0,73515,29929.0,256960.0,4,256970.0,6,256980.0,1,256990.0,1,257000.0,2,257030.0,2,257050.0,1,257080.0,2,257110.0,1,257120.0,6,257030.0
sn2408,,13:40:28.500#,256870.0,261780.0,256130.0,287770.0,235440.0,73516,29930.0,256960.0,4,256970.0,6,256980.0,1,256990.0,1,257000.0,2,257030.0,1,257040.0,1,257050.0,1,257080.0,2,257110.0,1,257030.0
sn2408,,13:40:29.0#,256870.0,261780.0,256130.0,287770.0,235440.0,73518,29930.0,256980.0,1,256990.0,1,257000.0,2,257010.0,1,257030.0,1,257040.0,1,257050.0,1,257080.0,2,257110.0,1,257120.0,6,257030.0
sn2408,,13:40:29.500#,256870.0,261780.0,256130.0,287770.0,235440.0,73520,29931.0,256980.0,1,256990.0,1,257000.0,2,257010.0,1,257030.0,1,257050.0,1,257080.0,2,257110.0,1,257120.0,6,257130.0,2,257040.0
sn2408,,13:40:30.0#,256870.0,261780.0,256130.0,287770.0,235440.0,73520,29931.0,256980.0,1,256990.0,1,257000.0,2,257010.0,1,257030.0,1,257050.0,1,257080.0,2,257110.0,1,257120.0,6,257130.0,1,257040.0
sn2408,,13:40:30.500#,256870.0,261780.0,256130.0,287770.0,235440.0,73524,29934.0,256990.0,1,257000.0,2,257010.0,1,257020.0,1,257030.0,2,257080.0,2,257110.0,1,257120.0,6,257130.0,1,257140.0,1,257050.0
sn2408,,13:40:31.0#,256870.0,261780.0,256130.0,287770.0,235440.0,73524,29934.0,257000.0,1,257010.0,1,257020.0,1,257030.0,2,257040.0,1,257080.0,2,257110.0,1,257120.0,3,257130.0,1,257140.0,2,257050.0
sn2408,,13:40:31.500#,256870.0,261780.0,256130.0,287770.0,235440.0,73530,29937.0,257000.0,1,257010.0,1,257020.0,1,257030.0,2,257050.0,2,257080.0,1,257110.0,1,257130.0,1,257140.0,1,257150.0,4,257080.0
sn2408,,13:40:32.0#,256870.0,261780.0,256130.0,287770.0,235440.0,73531,29938.0,257010.0,1,257020.0,1,257030.0,2,257050.0,2,257080.0,63,257110.0,1,257130.0,1,257140.0,1,257150.0,4,257160.0,2,257080.0
sn2408,,13:40:32.500#,256870.0,261780.0,256130.0,287770.0,235440.0,73537,29939.0,257090.0,1,257110.0,6,257120.0,4,257130.0,3,257160.0,2,257180.0,9,257200.0,16,257210.0,3,257220.0,5,257230.0,8,257160.0
sn2408,,13:40:33.0#,256870.0,261780.0,256130.0,287770.0,235440.0,73557,29949.0,257050.0,2,257070.0,3,257080.0,65,257110.0,3,257130.0,2,257160.0,1,257180.0,9,257200.0,13,257210.0,3,257220.0,1,257160.0
sn2408,,13:40:33.500#,256870.0,261780.0,256130.0,287770.0,235440.0,73566,29946.0,257110.0,4,257120.0,1,257130.0,2,257160.0,2,257170.0,1,257180.0,3,257200.0,13,257210.0,3,257220.0,1,257240.0,1,257180.0
sn2408,,13:40:34.0#,256870.0,261780.0,256130.0,287770.0,235440.0,73572,29946.0,257070.0,3,257080.0,62,257110.0,3,257120.0,1,257130.0,1,257180.0,3,257200.0,13,257210.0,3,257220.0,1,257240.0,1,257130.0
sn2408,,13:40:34.500#,256870.0,261780.0,256130.0,287770.0,235440.0,73572,29946.0,257090.0,1,257110.0,3,257120.0,1,257130.0,3,257140.0,2,257180.0,3,257200.0,13,257210.0,3,257220.0,1,257240.0,1,257130.0
sn2408,,13:40:35.0#,256870.0,261780.0,256130.0,287770.0,235440.0,73575,29946.0,257070.0,3,257080.0,62,257110.0,3,257130.0,3,257150.0,4,257200.0,13,257210.0,3,257220.0,1,257240.0,1,257250.0,2,257180.0
sn2408,,13:40:35.500#,256870.0,261780.0,256130.0,287770.0,235440.0,73577,29946.0,257090.0,1,257110.0,3,257130.0,3,257140.0,1,257150.0,2,257200.0,13,257210.0,3,257220.0,1,257260.0,2,257270.0,6,257160.0
sn2408,,13:40:36.0#,256870.0,261780.0,256130.0,287770.0,235440.0,73581,29943.0,257080.0,62,257090.0,1,257110.0,3,257130.0,2,257150.0,1,257190.0,1,257200.0,12,257210.0,3,257220.0,1,257260.0,2,257150.0
sn2408,,13:40:36.500#,256870.0,261780.0,256130.0,287770.0,235440.0,73582,29942.0,257110.0,3,257120.0,1,257130.0,2,257140.0,1,257150.0,1,257180.0,1,257190.0,2,257200.0,12,257210.0,3,257220.0,1,257190.0
sn2408,,13:40:37.0#,256870.0,261780.0,256130.0,287770.0,235440.0,73583,29941.0,257080.0,62,257110.0,3,257130.0,2,257150.0,1,257180.0,1,257190.0,2,257200.0,12,257210.0,3,257220.0,1,257240.0,1,257190.0
sn2408,,13:40:37.500#,256870.0,261780.0,256130.0,287770.0,235440.0,73586,29939.0,257080.0,62,257110.0,3,257130.0,2,257140.0,1,257150.0,2,257190.0,2,257200.0,12,257210.0,3,257220.0,1,257260.0,2,257180.0
sn2408,,13:40:38.0#,256870.0,261780.0,256130.0,287770.0,235440.0,73592,29934.0,257110.0,3,257130.0,2,257140.0,1,257150.0,1,257180.0,1,257200.0,9,257210.0,3,257220.0,1,257260.0,2,257270.0,6,257200.0
sn2408,,13:40:38.500#,256870.0,261780.0,256130.0,287770.0,235440.0,73595,29933.0,257070.0,3,257080.0,62,257110.0,3,257130.0,2,257140.0,1,257180.0,3,257200.0,8,257210.0,1,257220.0,1,257260.0,2,257180.0
sn2408,,13:40:39.0#,256870.0,261780.0,256130.0,287770.0,235440.0,73595,29933.0,257070.0,3,257080.0,62,257110.0,3,257130.0,2,257140.0,3,257170.0,2,257180.0,3,257190.0,2,257200.0,9,257210.0,1,257180.0
sn2408,,13:40:39.500#,256870.0,261780.0,256130.0,287770.0,235440.0,73607,29929.0,257050.0,7,257070.0,3,257080.0,62,257130.0,2,257140.0,1,257160.0,1,257200.0,7,257210.0,1,257220.0,1,257250.0,1,257140.0
sn2408,,13:40:40.0#,256870.0,261780.0,256130.0,287770.0,235440.0,73613,29930.0,257080.0,62,257090.0,1,257130.0,2,257140.0,1,257180.0,3,257190.0,1,257200.0,7,257210.0,1,257220.0,1,257250.0,2,257150.0
sn2408,,13:40:40.500#,256870.0,261780.0,256130.0,287770.0,235440.0,73618,29929.0,257080.0,65,257090.0,1,257130.0,2,257140.0,4,257160.0,1,257170.0,5,257180.0,10,257190.0,1,257200.0,7,257210.0,1,257170.0
sn2408,,13:40:41.0#,256870.0,261780.0,256130.0,287770.0,235440.0,73630,29927.0,257080.0,62,257090.0,1,257130.0,2,257140.0,3,257160.0,2,257180.0,5,257200.0,7,257210.0,1,257220.0,1,257250.0,1,257180.0
sn2408,,13:40:41.500#,256870.0,261780.0,256130.0,287770.0,235440.0,73638,29924.0,257130.0,2,257140.0,3,257160.0,2,257180.0,3,257190.0,1,257200.0,7,257210.0,1,257220.0,1,257250.0,1,257260.0,3,257180.0
sn2408,,13:40:42.0#,256870.0,261780.0,256130.0,287770.0,235440.0,73654,29922.0,257080.0,2,257090.0,1,257100.0,3,257130.0,2,257140.0,3,257200.0,2,257210.0,1,257220.0,1,257260.0,2,257270.0,3,257160.0
sn2408,,13:40:42.500#,256870.0,261780.0,256130.0,287770.0,235440.0,73655,29922.0,257090.0,1,257100.0,3,257130.0,2,257140.0,4,257150.0,1,257200.0,3,257210.0,1,257220.0,1,257270.0,1,257280.0,3,257200.0
sn2408,,13:40:43.0#,256870.0,261780.0,256130.0,287770.0,235440.0,73655,29922.0,257090.0,1,257100.0,3,257130.0,2,257140.0,4,257150.0,3,257200.0,3,257210.0,1,257220.0,1,257270.0,1,257280.0,3,257200.0
sn2408,,13:40:43.500#,256870.0,261780.0,256130.0,287770.0,235440.0,73658,29922.0,257100.0,3,257130.0,2,257140.0,5,257150.0,3,257160.0,3,257200.0,1,257210.0,1,257220.0,1,257270.0,1,257280.0,3,257160.0
sn2408,,13:40:44.0#,256870.0,261780.0,256130.0,287770.0,235440.0,73659,29922.0,257130.0,2,257140.0,5,257150.0,3,257160.0,3,257190.0,1,257210.0,1,257220.0,1,257270.0,1,257290.0,3,257300.0,9,257200.0
sn2408,,13:40:44.500#,256870.0,261780.0,256130.0,287770.0,235440.0,73659,29922.0,257110.0,1,257130.0,2,257140.0,5,257150.0,3,257160.0,3,257210.0,1,257220.0,1,257270.0,1,257280.0,1,257300.0,7,257200.0
sn2408,,13:40:45.0#,256870.0,261780.0,256130.0,287770.0,235440.0,73660,29921.0,257100.0,4,257130.0,2,257140.0,5,257150.0,3,257200.0,1,257210.0,1,257220.0,1,257260.0,1,257270.0,1,257280.0,1,257160.0
sn2408,,13:40:45.500#,256870.0,261780.0,256130.0,287770.0,235440.0,73662,29922.0,257090.0,1,257100.0,3,257130.0,4,257140.0,6,257150.0,3,257160.0,1,257200.0,5,257210.0,1,257220.0,1,257260.0,1,257190.0
sn2408,,13:40:46.0#,256870.0,261780.0,256130.0,287770.0,235440.0,73669,29920.0,257130.0,2,257140.0,5,257150.0,2,257160.0,11,257170.0,2,257210.0,1,257220.0,1,257250.0,1,257260.0,5,257270.0,3,257200.0
sn2408,,13:40:46.500#,256870.0,261780.0,256130.0,287770.0,235440.0,73671,29918.0,257150.0,2,257160.0,8,257170.0,1,257180.0,1,257200.0,1,257220.0,1,257250.0,1,257260.0,1,257270.0,1,257300.0,11,257210.0
sn2408,,13:40:47.0#,256870.0,261780.0,256130.0,287770.0,235440.0,73678,29914.0,257120.0,1,257130.0,2,257140.0,5,257150.0,2,257160.0,4,257210.0,1,257220.0,1,257250.0,1,257260.0,1,257270.0,1,257160.0
sn2408,,13:40:47.500#,256870.0,261780.0,256130.0,287770.0,235440.0,73678,29914.0,257130.0,2,257140.0,6,257150.0,3,257160.0,4,257170.0,1,257200.0,4,257210.0,2,257220.0,1,257250.0,1,257260.0,1,257160.0
sn2408,,13:40:48.0#,256870.0,261780.0,256130.0,287770.0,235440.0,73678,29914.0,257130.0,2,257140.0,6,257150.0,3,257160.0,4,257170.0,1,257200.0,5,257210.0,2,257220.0,2,257250.0,1,257260.0,1,257160.0
sn2408,,13:40:48.500#,256870.0,261780.0,256130.0,287770.0,235440.0,73681,29914.0,257130.0,2,257140.0,3,257150.0,3,257160.0,4,257170.0,1,257200.0,2,257210.0,2,257220.0,2,257270.0,1,257280.0,2,257200.0
sn2408,,13:40:49.0#,256870.0,261780.0,256130.0,287770.0,235440.0,73682,29913.0,257130.0,2,257140.0,3,257150.0,3,257160.0,4,257170.0,1,257200.0,1,257210.0,2,257220.0,2,257270.0,1,257280.0,1,257200.0
sn2408,,13:40:49.500#,256870.0,261780.0,256130.0,287770.0,235440.0,73682,29913.0,257130.0,2,257140.0,3,257150.0,3,257160.0,4,257170.0,1,257200.0,1,257210.0,2,257220.0,2,257270.0,1,257280.0,1,257200.0
sn2408,,13:40:50.0#,256870.0,261780.0,256130.0,287770.0,235440.0,73684,29914.0,257130.0,2,257140.0,3,257150.0,3,257160.0,4,257200.0,2,257210.0,3,257220.0,2,257270.0,3,257280.0,1,257290.0,3,257200.0
sn2408,,13:40:50.500#,256870.0,261780.0,256130.0,287770.0,235440.0,73687,29914.0,257100.0,6,257130.0,2,257140.0,3,257150.0,3,257160.0,4,257200.0,7,257210.0,3,257220.0,2,257270.0,3,257280.0,1,257200.0
sn2408,,13:40:51.0#,256870.0,261780.0,256130.0,287770.0,235440.0,73687,29914.0,257100.0,3,257130.0,2,257140.0,3,257150.0,1,257160.0,5,257190.0,6,257200.0,5,257210.0,3,257220.0,2,257270.0,4,257200.0
sn2408,,13:40:51.500#,256870.0,261780.0,256130.0,287770.0,235440.0,73700,29910.0,257130.0,2,257140.0,3,257150.0,1,257160.0,5,257210.0,47,257220.0,2,257270.0,4,257280.0,6,257300.0,8,257310.0,5,257210.0
sn2408,,13:40:52.0#,256870.0,261780.0,256130.0,287770.0,235440.0,73713,29920.0,257190.0,1,257210.0,48,257220.0,11,257230.0,8,257240.0,2,257270.0,3,257280.0,1,257300.0,4,257330.0,3,257340.0,3,257240.0
sn2408,,13:40:52.500#,256870.0,261780.0,256130.0,287770.0,235440.0,73713,29920.0,257220.0,5,257230.0,2,257240.0,2,257250.0,1,257260.0,1,257270.0,3,257280.0,1,257300.0,4,257330.0,2,257360.0,8,257240.0
sn2408,,13:40:53.0#,256870.0,261780.0,256130.0,287770.0,235440.0,73716,29918.0,257180.0,3,257190.0,1,257210.0,48,257220.0,5,257230.0,2,257260.0,1,257270.0,4,257280.0,1,257300.0,4,257330.0,2,257240.0
sn2408,,13:40:53.500#,256870.0,261780.0,256130.0,287770.0,235440.0,73718,29916.0,257160.0,7,257170.0,1,257190.0,2,257210.0,48,257220.0,2,257260.0,2,257270.0,4,257280.0,1,257300.0,4,257330.0,2,257220.0
sn2408,,13:40:54.0#,256870.0,261780.0,256130.0,287770.0,235440.0,73722,29915.0,257140.0,5,257150.0,6,257160.0,6,257190.0,2,257210.0,48,257240.0,4,257260.0,3,257270.0,4,257280.0,1,257300.0,4,257240.0
sn2408,,13:40:54.500#,256870.0,261780.0,256130.0,287770.0,235440.0,73724,29914.0,257140.0,4,257150.0,5,257160.0,5,257190.0,2,257210.0,47,257240.0,3,257250.0,2,257260.0,3,257270.0,4,257280.0,1,257240.0
sn2408,,13:40:55.0#,256870.0,261780.0,256130.0,287770.0,235440.0,73730,29912.0,257140.0,4,257150.0,5,257160.0,5,257190.0,2,257210.0,46,257250.0,1,257260.0,3,257270.0,4,257280.0,1,257300.0,3,257240.0
sn2408,,13:40:55.500#,256870.0,261780.0,256130.0,287770.0,235440.0,73733,29914.0,257150.0,5,257160.0,5,257190.0,2,257210.0,46,257220.0,2,257260.0,3,257270.0,4,257280.0,1,257300.0,3,257330.0,2,257250.0
sn2408,,13:40:56.0#,256870.0,261780.0,256130.0,287770.0,235440.0,73736,29915.0,257160.0,6,257190.0,2,257210.0,46,257220.0,2,257230.0,2,257260.0,1,257270.0,4,257280.0,1,257300.0,3,257330.0,2,257230.0
sn2408,,13:40:56.500#,256870.0,261780.0,256130.0,287770.0,235440.0,73737,29915.0,257170.0,1,257190.0,2,257210.0,46,257220.0,2,257230.0,2,257270.0,4,257280.0,1,257300.0,3,257330.0,2,257350.0,6,257260.0
sn2408,,13:40:57.0#,256870.0,261780.0,256130.0,287770.0,235440.0,73737,29915.0,257160.0,5,257170.0,1,257190.0,2,257210.0,46,257220.0,2,257260.0,1,257270.0,4,257280.0,1,257300.0,3,257330.0,2,257260.0
sn2408,,13:40:57.500#,256870.0,261780.0,256130.0,287770.0,235440.0,73740,29914.0,257140.0,5,257150.0,6,257160.0,6,257190.0,2,257210.0,46,257230.0,4,257260.0,3,257270.0,4,257280.0,1,257300.0,3,257230.0
sn2408,,13:40:58.0#,256870.0,261780.0,256130.0,287770.0,235440.0,73750,29910.0,257150.0,5,257160.0,5,257190.0,2,257210.0,44,257240.0,1,257260.0,4,257270.0,4,257280.0,1,257300.0,3,257330.0,5,257230.0
sn2408,,13:40:58.500#,256870.0,261780.0,256130.0,287770.0,235440.0,73751,29910.0,257130.0,1,257150.0,9,257160.0,6,257190.0,2,257210.0,44,257240.0,1,257260.0,4,257270.0,4,257280.0,1,257300.0,3,257240.0
sn2408,,13:40:59.0#,256870.0,261780.0,256130.0,287770.0,235440.0,73754,29910.0,257150.0,5,257160.0,5,257190.0,2,257210.0,44,257240.0,1,257260.0,2,257270.0,4,257280.0,1,257300.0,3,257330.0,5,257260.0
sn2408,,13:40:59.500#,256870.0,261780.0,256130.0,287770.0,235440.0,73758,29908.0,257130.0,1,257150.0,9,257160.0,6,257190.0,2,257210.0,45,257240.0,1,257260.0,2,257270.0,4,257280.0,1,257300.0,3,257240.0
sn2408,,13:41:00.0#,256870.0,261780.0,256130.0,287770.0,235440.0,73765,29907.0,257140.0,2,257150.0,5,257160.0,5,257190.0,2,257210.0,39,257220.0,1,257260.0,2,257270.0,4,257280.0,1,257300.0,3,257210.0
sn2408,,13:41:00.500#,256870.0,261780.0,256130.0,287770.0,235440.0,73768,29907.0,257160.0,1,257190.0,2,257210.0,40,257220.0,3,257230.0,1,257260.0,2,257270.0,4,257280.0,1,257300.0,3,257310.0,3,257220.0
sn2408,,13:41:01.0#,256870.0,261780.0,256130.0,287770.0,235440.0,73773,29909.0,257150.0,1,257160.0,3,257170.0,1,257190.0,2,257210.0,39,257260.0,2,257270.0,4,257280.0,1,257300.0,3,257310.0,3,257230.0
sn2408,,13:41:01.500#,256870.0,261780.0,256130.0,287770.0,235440.0,73774,29908.0,257140.0,2,257150.0,2,257160.0,1,257190.0,1,257210.0,39,257250.0,4,257260.0,2,257270.0,4,257280.0,1,257300.0,3,257250.0
sn2408,,13:41:02.0#,256870.0,261780.0,256130.0,287770.0,235440.0,73777,29909.0,257150.0,2,257160.0,1,257190.0,1,257210.0,38,257220.0,8,257240.0,1,257250.0,11,257260.0,2,257270.0,4,257280.0,1,257210.0
sn2408,,13:41:02.500#,256870.0,261780.0,256130.0,287770.0,235440.0,73786,29907.0,257150.0,1,257160.0,1,257190.0,1,257210.0,38,257220.0,13,257240.0,7,257250.0,9,257260.0,3,257270.0,4,257280.0,1,257220.0
sn2408,,13:41:03.0#,256870.0,261780.0,256130.0,287770.0,235440.0,73813,29895.0,257150.0,1,257160.0,1,257170.0,1,257190.0,1,257210.0,28,257220.0,4,257230.0,2,257240.0,7,257250.0,9,257260.0,3,257220.0
sn2408,,13:41:03.500#,256870.0,261780.0,256130.0,287770.0,235440.0,73847,29895.0,257110.0,8,257120.0,2,257130.0,1,257150.0,1,257160.0,1,257200.0,5,257210.0,25,257220.0,2,257230.0,2,257240.0,7,257170.0
sn2408,,13:41:04.0#,256870.0,261780.0,256130.0,287770.0,235440.0,73856,29899.0,256930.0,1,256940.0,1,257040.0,14,257050.0,6,257080.0,4,257160.0,1,257190.0,10,257200.0,5,257210.0,23,257220.0,1,257160.0
sn2408,,13:41:04.500#,256870.0,261780.0,256130.0,287770.0,235440.0,73858,29898.0,257020.0,6,257040.0,6,257050.0,2,257080.0,2,257090.0,3,257150.0,6,257160.0,4,257180.0,2,257190.0,9,257200.0,4,257090.0
sn2408,,13:41:05.0#,256870.0,261780.0,256130.0,287770.0,235440.0,73875,29886.0,256950.0,3,256980.0,5,257000.0,1,257020.0,6,257040.0,2,257070.0,1,257140.0,5,257150.0,7,257160.0,3,257180.0,2,257140.0
sn2408,,13:41:05.500#,256870.0,261780.0,256130.0,287770.0,235440.0,73879,29888.0,256940.0,3,256980.0,3,257040.0,3,257070.0,1,257110.0,6,257140.0,7,257150.0,7,257160.0,3,257180.0,9,257190.0,8,257130.0
sn2408,,13:41:06.0#,256870.0,261780.0,256130.0,287770.0,235440.0,73888,29892.0,256980.0,5,256990.0,1,257000.0,4,257040.0,4,257070.0,1,257110.0,16,257130.0,5,257140.0,9,257150.0,6,257160.0,2,257110.0
sn2408,,13:41:06.500#,256870.0,261780.0,256130.0,287770.0,235440.0,73890,29891.0,256950.0,3,256960.0,3,256980.0,3,256990.0,3,257040.0,3,257100.0,7,257110.0,8,257130.0,2,257140.0,8,257150.0,6,257100.0
sn2408,,13:41:07.0#,256870.0,261780.0,256130.0,287770.0,235440.0,73892,29892.0,256940.0,2,256950.0,2,256970.0,3,256980.0,3,257040.0,2,257090.0,1,257100.0,7,257110.0,7,257130.0,2,257140.0,8,257040.0
sn2408,,13:41:07.500#,256870.0,261780.0,256130.0,287770.0,235440.0,73895,29891.0,256910.0,10,256930.0,3,256940.0,3,256960.0,3,256980.0,3,257080.0,1,257090.0,1,257100.0,7,257110.0,4,257130.0,2,257080.0
sn2408,,13:41:08.0#,256870.0,261780.0,256130.0,287770.0,235440.0,73895,29891.0,256910.0,13,256920.0,4,256930.0,3,256970.0,1,256990.0,8,257070.0,3,257080.0,5,257090.0,1,257100.0,6,257110.0,4,257080.0
sn2408,,13:41:09.500#,256870.0,261780.0,256130.0,287770.0,235440.0,73918,29885.0,256990.0,4,257000.0,5,257010.0,5,257080.0,1,257090.0,2,257110.0,2,257130.0,1,257140.0,7,257150.0,6,257180.0,4,257110.0
sn2408,,13:41:10.0#,256870.0,261780.0,256130.0,287770.0,235440.0,73921,29885.0,257020.0,1,257080.0,1,257090.0,1,257110.0,1,257120.0,1,257140.0,3,257150.0,6,257190.0,5,257200.0,6,257210.0,15,257130.0
sn2408,,13:41:11.500#,256870.0,261780.0,256130.0,287770.0,235440.0,73923,29884.0,257040.0,1,257070.0,1,257080.0,1,257110.0,1,257120.0,1,257140.0,3,257150.0,6,257190.0,4,257200.0,5,257210.0,14,257110.0
sn2408,,13:41:12.0#,256870.0,261780.0,256130.0,287770.0,235440.0,73925,29886.0,257040.0,1,257070.0,1,257080.0,1,257110.0,1,257120.0,2,257140.0,1,257150.0,6,257190.0,4,257200.0,5,257210.0,14,257140.0
sn2408,,13:41:13.0#,256870.0,261780.0,256130.0,287770.0,235440.0,73928,29887.0,257070.0,1,257080.0,1,257110.0,1,257120.0,2,257140.0,1,257150.0,4,257190.0,4,257200.0,4,257210.0,13,257220.0,2,257130.0
sn2408,,13:41:14.0#,256870.0,261780.0,256130.0,287770.0,235440.0,73937,29888.0,257010.0,10,257040.0,1,257070.0,1,257080.0,1,257110.0,1,257120.0,3,257180.0,1,257190.0,4,257200.0,4,257210.0,15,257120.0
sn2408,,13:41:15.0#,256870.0,261780.0,256130.0,287770.0,235440.0,73939,29887.0,256990.0,6,257000.0,5,257010.0,10,257040.0,1,257080.0,1,257110.0,1,257120.0,3,257170.0,1,257180.0,1,257190.0,4,257110.0
sn2408,,13:41:15.500#,256870.0,261780.0,256130.0,287770.0,235440.0,73940,29887.0,256970.0,3,256990.0,6,257000.0,5,257010.0,10,257040.0,1,257110.0,1,257120.0,3,257170.0,1,257180.0,1,257190.0,4,257080.0
sn2408,,13:41:16.0#,256870.0,261780.0,256130.0,287770.0,235440.0,73940,29887.0,256990.0,2,257000.0,5,257010.0,4,257020.0,1,257040.0,3,257100.0,1,257110.0,3,257120.0,4,257170.0,4,257180.0,4,257080.0
sn2408,,13:41:16.500#,256870.0,261780.0,256130.0,287770.0,235440.0,73941,29887.0,257010.0,3,257020.0,1,257030.0,1,257040.0,5,257050.0,1,257100.0,7,257110.0,2,257120.0,4,257160.0,1,257170.0,4,257090.0
sn2408,,13:41:18.0#,256870.0,261780.0,256130.0,287770.0,235440.0,73948,29891.0,256990.0,2,257000.0,6,257010.0,3,257040.0,5,257050.0,1,257090.0,1,257100.0,2,257110.0,1,257120.0,4,257160.0,1,257090.0
sn2408,,13:41:18.500#,256870.0,261780.0,256130.0,287770.0,235440.0,73953,29893.0,257010.0,3,257040.0,5,257050.0,2,257060.0,4,257090.0,2,257120.0,4,257160.0,1,257170.0,4,257180.0,4,257190.0,6,257110.0
sn2408,,13:41:19.0#,256870.0,261780.0,256130.0,287770.0,235440.0,73958,29893.0,257010.0,7,257040.0,4,257060.0,4,257090.0,1,257120.0,2,257160.0,1,257170.0,1,257180.0,1,257190.0,4,257200.0,4,257120.0
sn2408,,13:41:19.500#,256870.0,261780.0,256130.0,287770.0,235440.0,73959,29894.0,257000.0,8,257010.0,9,257020.0,1,257040.0,7,257060.0,4,257150.0,1,257160.0,1,257170.0,1,257180.0,1,257190.0,4,257090.0
sn2408,,13:41:20.0#,256870.0,261780.0,256130.0,287770.0,235440.0,73959,29894.0,257000.0,9,257010.0,5,257040.0,4,257060.0,4,257070.0,8,257150.0,4,257160.0,1,257170.0,1,257180.0,1,257190.0,4,257090.0
sn2408,,13:41:20.500#,256870.0,261780.0,256130.0,287770.0,235440.0,73959,29894.0,257010.0,9,257040.0,4,257060.0,4,257070.0,2,257080.0,1,257150.0,4,257190.0,4,257200.0,4,257210.0,13,257220.0,5,257090.0
sn2408,,13:41:21.0#,256870.0,261780.0,256130.0,287770.0,235440.0,73959,29894.0,257000.0,8,257010.0,9,257040.0,4,257060.0,4,257080.0,1,257140.0,7,257150.0,4,257190.0,4,257200.0,4,257210.0,13,257090.0
sn2408,,13:41:21.500#,256870.0,261780.0,256130.0,287770.0,235440.0,73959,29894.0,256990.0,5,257000.0,7,257010.0,8,257040.0,4,257060.0,4,257130.0,3,257140.0,7,257150.0,2,257190.0,4,257200.0,5,257090.0
sn2408,,13:41:22.0#,256870.0,261780.0,256130.0,287770.0,235440.0,73959,29894.0,256980.0,2,256990.0,6,257000.0,6,257010.0,5,257040.0,4,257120.0,8,257130.0,4,257140.0,7,257150.0,2,257190.0,5,257090.0
sn2408,,13:41:22.500#,256870.0,261780.0,256130.0,287770.0,235440.0,73961,29896.0,256980.0,4,256990.0,2,257000.0,2,257010.0,2,257040.0,2,257080.0,7,257110.0,7,257120.0,8,257130.0,2,257140.0,5,257040.0
sn2408,,13:41:23.0#,256870.0,261780.0,256130.0,287770.0,235440.0,73963,29898.0,256940.0,1,256960.0,3,256990.0,2,257000.0,2,257010.0,2,257020.0,2,257070.0,6,257080.0,7,257110.0,3,257120.0,6,257040.0
sn2408,,13:41:23.500#,256870.0,261780.0,256130.0,287770.0,235440.0,73968,29900.0,256910.0,13,256930.0,3,256990.0,2,257000.0,1,257020.0,2,257060.0,1,257070.0,6,257080.0,7,257100.0,1,257110.0,1,257000.0
sn2408,,13:41:24.0#,256870.0,261780.0,256130.0,287770.0,235440.0,73974,29906.0,256920.0,1,256930.0,3,256940.0,3,256990.0,2,257000.0,1,257020.0,1,257040.0,1,257050.0,5,257060.0,2,257070.0,5,257020.0
sn2408,,13:41:24.500#,256870.0,261780.0,256130.0,287770.0,235440.0,73975,29907.0,256870.0,8,256880.0,8,256890.0,4,256910.0,13,256990.0,2,257020.0,1,257040.0,1,257050.0,5,257060.0,2,257070.0,3,257000.0
sn2408,,13:41:25.0#,256870.0,261780.0,256130.0,287770.0,235440.0,73976,29907.0,256880.0,5,256890.0,5,256900.0,4,256910.0,10,256990.0,2,257020.0,1,257040.0,1,257050.0,5,257060.0,1,257070.0,3,257020.0
sn2408,,13:41:26.0#,256870.0,261780.0,256130.0,287770.0,235440.0,73981,29910.0,256880.0,4,256890.0,5,256900.0,5,256910.0,12,256930.0,3,256980.0,28,257030.0,1,257040.0,1,257050.0,4,257060.0,1,256990.0
sn2408,,13:41:26.500#,256870.0,261780.0,256130.0,287770.0,235440.0,73988,29910.0,256860.0,4,256870.0,4,256880.0,4,256910.0,10,256940.0,10,256980.0,22,256990.0,1,257030.0,2,257040.0,2,257050.0,5,256980.0
sn2408,,13:41:27.0#,256870.0,261780.0,256130.0,287770.0,235440.0,73988,29910.0,256870.0,4,256880.0,4,256910.0,10,256940.0,10,256950.0,1,256970.0,1,256980.0,22,256990.0,1,257000.0,1,257040.0,1,256980.0
sn2408,,13:41:27.500#,256870.0,261780.0,256130.0,287770.0,235440.0,73989,29911.0,256860.0,8,256870.0,4,256880.0,4,256910.0,10,256940.0,8,256980.0,22,256990.0,1,257000.0,1,257040.0,1,257050.0,4,256980.0
sn2408,,13:41:28.0#,256870.0,261780.0,256130.0,287770.0,235440.0,73991,29911.0,256870.0,4,256880.0,4,256910.0,10,256940.0,6,256950.0,1,256980.0,21,256990.0,1,257000.0,1,257040.0,1,257050.0,4,256980.0
sn2408,,13:41:28.500#,256870.0,261780.0,256130.0,287770.0,235440.0,73995,29910.0,256860.0,8,256870.0,4,256880.0,4,256910.0,10,256940.0,6,256980.0,19,256990.0,1,257000.0,1,257040.0,1,257050.0,4,256950.0
sn2408,,13:41:29.0#,256870.0,261780.0,256130.0,287770.0,235440.0,74019,29934.0,256880.0,4,256910.0,10,256940.0,4,256960.0,1,256980.0,16,256990.0,1,257000.0,1,257040.0,1,257050.0,4,257060.0,5,256980.0
sn2408,,13:41:30.0#,256870.0,261780.0,256130.0,287770.0,235440.0,74022,29935.0,256940.0,4,256960.0,1,256980.0,18,256990.0,3,257010.0,1,257040.0,1,257050.0,4,257070.0,2,257080.0,7,257100.0,3,257000.0
sn2408,,13:41:30.500#,256870.0,261780.0,256130.0,287770.0,235440.0,74023,29935.0,256930.0,1,256940.0,4,256960.0,1,256980.0,18,256990.0,3,257010.0,7,257040.0,2,257050.0,4,257070.0,2,257080.0,7,257000.0
sn2408,,13:41:31.0#,256870.0,261780.0,256130.0,287770.0,235440.0,74023,29935.0,256910.0,10,256940.0,4,256960.0,1,256980.0,18,256990.0,3,257010.0,7,257040.0,2,257050.0,4,257070.0,2,257080.0,7,257000.0
sn2408,,13:41:31.500#,256870.0,261780.0,256130.0,287770.0,235440.0,74025,29935.0,256910.0,10,256940.0,4,256960.0,1,256980.0,18,256990.0,3,257010.0,8,257040.0,2,257050.0,4,257070.0,2,257080.0,7,257000.0
sn2408,,13:41:32.0#,256870.0,261780.0,256130.0,287770.0,235440.0,74027,29937.0,256910.0,10,256940.0,4,256960.0,1,256980.0,18,256990.0,1,257010.0,8,257040.0,2,257050.0,4,257070.0,2,257080.0,7,256990.0
sn2408,,13:41:32.500#,256870.0,261780.0,256130.0,287770.0,235440.0,74038,29947.0,256900.0,7,256910.0,10,256940.0,4,256960.0,1,256980.0,9,257010.0,8,257040.0,2,257050.0,4,257070.0,2,257080.0,7,256980.0
sn2408,,13:41:33.0#,256870.0,261780.0,256130.0,287770.0,235440.0,74039,29947.0,256900.0,4,256910.0,10,256940.0,4,256960.0,1,256980.0,8,257000.0,1,257010.0,11,257040.0,2,257050.0,4,257070.0,2,256980.0
sn2408,,13:41:33.500#,256870.0,261780.0,256130.0,287770.0,235440.0,74039,29947.0,256900.0,3,256910.0,10,256940.0,4,256960.0,1,256980.0,8,257000.0,1,257010.0,11,257040.0,2,257050.0,4,257070.0,2,256980.0
sn2408,,13:41:34.0#,256870.0,261780.0,256130.0,287770.0,235440.0,74040,29948.0,256900.0,3,256910.0,10,256940.0,4,256960.0,1,256980.0,7,257000.0,1,257010.0,11,257040.0,2,257050.0,4,257070.0,2,256980.0
sn2408,,13:41:34.500#,256870.0,261780.0,256130.0,287770.0,235440.0,74042,29950.0,256900.0,3,256910.0,10,256940.0,4,256960.0,1,256980.0,5,256990.0,1,257000.0,1,257010.0,11,257040.0,2,257050.0,4,256980.0
sn2408,,13:41:35.0#,256870.0,261780.0,256130.0,287770.0,235440.0,74049,29950.0,256870.0,5,256880.0,7,256900.0,3,256910.0,10,256960.0,1,256980.0,2,256990.0,1,257010.0,11,257040.0,2,257050.0,4,256980.0
sn2408,,13:41:35.500#,256870.0,261780.0,256130.0,287770.0,235440.0,74050,29951.0,256860.0,3,256870.0,11,256880.0,4,256910.0,10,256960.0,1,256990.0,1,257010.0,11,257040.0,2,257050.0,4,257070.0,6,256980.0
sn2408,,13:41:36.0#,256870.0,261780.0,256130.0,287770.0,235440.0,74050,29951.0,256860.0,3,256870.0,11,256880.0,4,256910.0,10,256960.0,1,256990.0,1,257010.0,11,257040.0,5,257050.0,4,257070.0,6,256980.0
sn2408,,13:41:36.500#,256870.0,261780.0,256130.0,287770.0,235440.0,74051,29951.0,256850.0,3,256860.0,3,256870.0,11,256880.0,4,256910.0,10,256980.0,4,257000.0,1,257010.0,11,257040.0,2,257050.0,4,256960.0
sn2408,,13:41:37.0#,256870.0,261780.0,256130.0,287770.0,235440.0,74051,29951.0,256860.0,1,256870.0,7,256880.0,4,256910.0,11,256920.0,1,256970.0,3,256980.0,4,257000.0,1,257010.0,5,257040.0,2,256960.0
sn2408,,13:41:37.500#,256870.0,261780.0,256130.0,287770.0,235440.0,74057,29951.0,256850.0,3,256860.0,1,256870.0,7,256880.0,4,256910.0,4,256970.0,4,256980.0,4,257000.0,1,257010.0,4,257040.0,2,256910.0
sn2408,,13:41:38.0#,256870.0,261780.0,256130.0,287770.0,235440.0,74058,29951.0,256850.0,3,256860.0,1,256870.0,4,256880.0,4,256910.0,4,256920.0,1,256960.0,6,256970.0,1,256980.0,4,257000.0,1,256920.0
sn2408,,13:41:38.500#,256870.0,261780.0,256130.0,287770.0,235440.0,74065,29953.0,256850.0,2,256860.0,1,256870.0,4,256880.0,4,256910.0,4,256960.0,2,256970.0,1,256980.0,3,256990.0,2,257000.0,1,256960.0
sn2408,,13:41:39.0#,256870.0,261780.0,256130.0,287770.0,235440.0,74065,29953.0,256850.0,2,256860.0,1,256870.0,4,256880.0,4,256910.0,4,256950.0,3,256970.0,1,256980.0,2,257000.0,1,257010.0,4,256960.0
sn2408,,13:41:39.500#,256870.0,261780.0,256130.0,287770.0,235440.0,74065,29953.0,256860.0,1,256870.0,4,256880.0,4,256910.0,4,256920.0,5,256950.0,3,256970.0,1,256980.0,2,257000.0,1,257010.0,4,256960.0
sn2408,,13:41:40.0#,256870.0,261780.0,256130.0,287770.0,235440.0,74065,29953.0,256860.0,2,256870.0,4,256880.0,4,256910.0,4,256920.0,5,256950.0,3,256970.0,1,256980.0,2,257000.0,1,257010.0,4,256960.0
sn2408,,13:41:40.500#,256870.0,261780.0,256130.0,287770.0,235440.0,74069,29953.0,256870.0,4,256880.0,4,256910.0,4,256920.0,5,256960.0,1,256980.0,2,257000.0,1,257010.0,4,257020.0,3,257040.0,5,256970.0
sn2408,,13:41:41.0#,256870.0,261780.0,256130.0,287770.0,235440.0,74069,29953.0,256880.0,4,256910.0,4,256920.0,5,256930.0,1,256960.0,1,256980.0,2,257000.0,1,257010.0,4,257040.0,2,257050.0,2,256970.0
sn2408,,13:41:41.500#,256870.0,261780.0,256130.0,287770.0,235440.0,74070,29953.0,256900.0,1,256910.0,4,256920.0,5,256930.0,1,256960.0,1,256980.0,2,256990.0,1,257000.0,1,257010.0,4,257040.0,2,256980.0
sn2408,,13:41:42.0#,256870.0,261780.0,256130.0,287770.0,235440.0,74071,29954.0,256900.0,1,256910.0,4,256920.0,5,256930.0,1,256940.0,1,256980.0,2,256990.0,1,257010.0,4,257040.0,2,257050.0,2,256960.0
sn2408,,13:41:43.0#,256870.0,261780.0,256130.0,287770.0,235440.0,74074,29955.0,256880.0,4,256910.0,4,256920.0,5,256930.0,1,256940.0,2,256980.0,1,256990.0,1,257010.0,4,257040.0,2,257050.0,2,256980.0
sn2408,,13:41:43.500#,256870.0,261780.0,256130.0,287770.0,235440.0,74074,29955.0,256870.0,6,256880.0,5,256910.0,4,256920.0,5,256940.0,2,256980.0,1,256990.0,1,257010.0,4,257040.0,2,257050.0,2,256980.0
sn2408,,13:41:45.0#,256870.0,261780.0,256130.0,287770.0,235440.0,74079,29958.0,256870.0,4,256880.0,4,256910.0,4,256920.0,6,256930.0,5,256990.0,1,257000.0,2,257010.0,4,257040.0,2,257050.0,2,256940.0
sn2408,,13:41:45.500#,256870.0,261780.0,256130.0,287770.0,235440.0,74080,29958.0,256880.0,4,256910.0,4,256920.0,5,256930.0,5,256940.0,4,256990.0,8,257000.0,2,257010.0,4,257040.0,2,257050.0,2,256940.0
sn2408,,13:41:46.0#,256870.0,261780.0,256130.0,287770.0,235440.0,74081,29957.0,256880.0,4,256910.0,4,256920.0,5,256930.0,4,256940.0,4,256990.0,2,257000.0,2,257010.0,4,257040.0,2,257050.0,2,256980.0
sn2408,,13:41:46.500#,256870.0,261780.0,256130.0,287770.0,235440.0,74082,29957.0,256880.0,5,256910.0,4,256920.0,5,256930.0,4,256940.0,4,256990.0,3,257000.0,2,257010.0,4,257040.0,2,257050.0,2,256950.0
sn2408,,13:41:47.500#,256870.0,261780.0,256130.0,287770.0,235440.0,74084,29959.0,256860.0,5,256870.0,4,256880.0,4,256910.0,4,256920.0,3,256940.0,1,256970.0,3,256980.0,3,256990.0,3,257000.0,2,256920.0
sn2408,,13:41:48.0#,256870.0,261780.0,256130.0,287770.0,235440.0,74092,29963.0,256830.0,8,256850.0,5,256860.0,2,256870.0,4,256880.0,3,256920.0,1,256930.0,1,256940.0,2,256970.0,3,256980.0,3,256880.0
sn2408,,13:41:48.500#,256870.0,261780.0,256130.0,287770.0,235440.0,74092,29963.0,256830.0,5,256850.0,3,256860.0,1,256870.0,4,256880.0,3,256910.0,3,256920.0,2,256930.0,1,256940.0,2,256950.0,10,256880.0
sn2408,,13:41:49.0#,256870.0,261780.0,256130.0,287770.0,235440.0,74094,29964.0,256830.0,5,256850.0,3,256860.0,1,256870.0,4,256880.0,2,256910.0,3,256920.0,2,256930.0,1,256940.0,2,256950.0,10,256880.0
sn2408,,13:41:49.500#,256870.0,261780.0,256130.0,287770.0,235440.0,74097,29962.0,256850.0,3,256860.0,1,256870.0,4,256880.0,2,256910.0,1,256930.0,1,256940.0,2,256950.0,10,256970.0,3,256980.0,5,256920.0
sn2408,,13:41:50.0#,256870.0,261780.0,256130.0,287770.0,235440.0,74100,29965.0,256820.0,4,256830.0,5,256850.0,3,256860.0,1,256870.0,4,256880.0,6,256930.0,2,256940.0,2,256950.0,10,256970.0,3,256880.0
sn2408,,13:41:50.500#,256870.0,261780.0,256130.0,287770.0,235440.0,74108,29965.0,256850.0,6,256860.0,1,256870.0,4,256880.0,2,256910.0,1,256930.0,2,256940.0,2,256950.0,10,256970.0,3,256980.0,7,256880.0
sn2408,,13:41:51.0#,256870.0,261780.0,256130.0,287770.0,235440.0,74109,29964.0,256830.0,5,256850.0,6,256860.0,1,256870.0,4,256880.0,1,256910.0,2,256920.0,1,256930.0,2,256940.0,2,256950.0,10,256910.0
sn2408,,13:41:51.500#,256870.0,261780.0,256130.0,287770.0,235440.0,74110,29964.0,256820.0,1,256830.0,5,256850.0,6,256860.0,1,256870.0,4,256910.0,1,256920.0,1,256930.0,2,256940.0,2,256950.0,10,256880.0
sn2408,,13:41:52.0#,256870.0,261780.0,256130.0,287770.0,235440.0,74112,29964.0,256820.0,1,256830.0,5,256850.0,6,256860.0,1,256870.0,3,256920.0,1,256930.0,1,256940.0,2,256950.0,10,256970.0,2,256870.0
sn2408,,13:41:52.500#,256870.0,261780.0,256130.0,287770.0,235440.0,74113,29964.0,256820.0,1,256830.0,5,256850.0,6,256860.0,1,256870.0,3,256920.0,3,256930.0,1,256940.0,2,256950.0,10,256970.0,2,256880.0
sn2408,,13:41:53.500#,256870.0,261780.0,256130.0,287770.0,235440.0,74118,29964.0,256820.0,1,256830.0,5,256850.0,6,256860.0,1,256870.0,1,256910.0,2,256920.0,3,256930.0,1,256940.0,2,256950.0,10,256910.0
sn2408,,13:41:54.0#,256870.0,261780.0,256130.0,287770.0,235440.0,74118,29964.0,256830.0,5,256850.0,6,256860.0,1,256870.0,1,256890.0,1,256920.0,3,256930.0,1,256940.0,2,256950.0,10,256970.0,2,256910.0
sn2408,,13:41:54.500#,256870.0,261780.0,256130.0,287770.0,235440.0,74118,29964.0,256830.0,5,256850.0,6,256860.0,1,256870.0,1,256890.0,1,256920.0,2,256930.0,1,256940.0,2,256950.0,10,256970.0,2,256910.0
sn2408,,13:41:55.0#,256870.0,261780.0,256130.0,287770.0,235440.0,74118,29964.0,256830.0,5,256850.0,6,256860.0,1,256870.0,1,256890.0,1,256920.0,2,256930.0,1,256940.0,2,256950.0,10,256970.0,2,256910.0
sn2408,,13:41:55.500#,256870.0,261780.0,256130.0,287770.0,235440.0,74119,29965.0,256820.0,1,256830.0,5,256850.0,6,256860.0,2,256870.0,1,256920.0,1,256930.0,1,256940.0,2,256950.0,10,256970.0,2,256890.0
sn2408,,13:41:57.0#,256870.0,261780.0,256130.0,287770.0,235440.0,74131,29970.0,256770.0,1,256800.0,5,256810.0,2,256820.0,1,256830.0,3,256840.0,1,256850.0,3,256870.0,3,256900.0,1,256910.0,2,256830.0
sn2408,,13:41:57.500#,256870.0,261780.0,256130.0,287770.0,235440.0,74137,29969.0,256720.0,1,256750.0,3,256760.0,2,256770.0,1,256800.0,3,256820.0,2,256830.0,2,256840.0,2,256850.0,2,256870.0,3,256800.0
sn2408,,13:41:58.0#,256870.0,261780.0,256130.0,287770.0,235440.0,74140,29970.0,256670.0,3,256680.0,3,256690.0,4,256700.0,2,256710.0,2,256790.0,1,256800.0,4,256810.0,2,256820.0,2,256830.0,2,256800.0
sn2408,,13:41:58.500#,256870.0,261780.0,256130.0,287770.0,235440.0,74144,29970.0,256650.0,1,256660.0,3,256700.0,2,256710.0,4,256720.0,4,256790.0,2,256800.0,5,256810.0,2,256820.0,2,256830.0,2,256780.0
sn2408,,13:41:59.0#,256870.0,261780.0,256130.0,287770.0,235440.0,74146,29971.0,256660.0,3,256700.0,2,256710.0,4,256720.0,10,256730.0,1,256770.0,1,256780.0,4,256790.0,2,256800.0,15,256820.0,2,256730.0
sn2408,,13:41:59.500#,256870.0,261780.0,256130.0,287770.0,235440.0,74153,29976.0,256700.0,2,256710.0,4,256720.0,5,256740.0,4,256770.0,2,256780.0,3,256790.0,1,256800.0,13,256830.0,2,256840.0,1,256780.0
sn2408,,13:42:00.0#,256870.0,261780.0,256130.0,287770.0,235440.0,74160,29978.0,256700.0,2,256710.0,4,256720.0,5,256740.0,4,256770.0,2,256790.0,1,256800.0,10,256830.0,2,256840.0,1,256850.0,4,256780.0
sn2408,,13:42:00.500#,256870.0,261780.0,256130.0,287770.0,235440.0,74161,29978.0,256710.0,4,256720.0,6,256740.0,4,256770.0,2,256790.0,1,256800.0,10,256830.0,2,256840.0,1,256850.0,4,256860.0,3,256790.0
sn2408,,13:42:01.0#,256870.0,261780.0,256130.0,287770.0,235440.0,74167,29980.0,256700.0,2,256710.0,4,256720.0,6,256740.0,4,256770.0,1,256790.0,3,256800.0,9,256830.0,2,256840.0,1,256850.0,4,256790.0
sn2408,,13:42:01.500#,256870.0,261780.0,256130.0,287770.0,235440.0,74169,29980.0,256710.0,4,256720.0,6,256740.0,4,256770.0,3,256780.0,1,256790.0,4,256800.0,9,256830.0,2,256840.0,1,256850.0,4,256780.0
sn2408,,13:42:02.0#,256870.0,261780.0,256130.0,287770.0,235440.0,74179,29987.0,256700.0,2,256710.0,4,256720.0,6,256740.0,4,256770.0,3,256800.0,7,256830.0,2,256840.0,1,256850.0,3,256860.0,3,256800.0
sn2408,,13:42:02.500#,256870.0,261780.0,256130.0,287770.0,235440.0,74189,29996.0,256720.0,6,256740.0,4,256770.0,7,256780.0,2,256790.0,1,256800.0,1,256850.0,3,256860.0,3,256870.0,2,256880.0,2,256830.0
sn2408,,13:42:03.0#,256870.0,261780.0,256130.0,287770.0,235440.0,74202,29996.0,256770.0,5,256780.0,3,256790.0,4,256800.0,16,256810.0,2,256850.0,1,256870.0,1,256900.0,4,256910.0,7,256920.0,5,256800.0
sn2408,,13:42:03.500#,256870.0,261780.0,256130.0,287770.0,235440.0,74204,29998.0,256770.0,4,256780.0,1,256790.0,1,256800.0,15,256810.0,3,256850.0,2,256870.0,1,256890.0,1,256900.0,1,256910.0,7,256800.0
sn2408,,13:42:04.0#,256870.0,261780.0,256130.0,287770.0,235440.0,74204,29998.0,256770.0,4,256780.0,1,256790.0,1,256800.0,6,256810.0,5,256840.0,1,256850.0,2,256870.0,1,256890.0,1,256900.0,1,256800.0
sn2408,,13:42:04.500#,256870.0,261780.0,256130.0,287770.0,235440.0,74207,30000.0,256770.0,6,256780.0,1,256790.0,1,256800.0,6,256810.0,3,256840.0,1,256850.0,1,256870.0,1,256890.0,1,256900.0,1,256810.0
sn2408,,13:42:05.0#,256870.0,261780.0,256130.0,287770.0,235440.0,74209,30002.0,256770.0,6,256780.0,1,256790.0,1,256800.0,6,256810.0,3,256870.0,1,256890.0,1,256900.0,1,256910.0,7,256920.0,4,256850.0
sn2408,,13:42:05.500#,256870.0,261780.0,256130.0,287770.0,235440.0,74209,30002.0,256780.0,1,256790.0,1,256800.0,6,256810.0,3,256820.0,2,256870.0,1,256880.0,1,256890.0,1,256900.0,1,256910.0,7,256850.0
sn2408,,13:42:06.0#,256870.0,261780.0,256130.0,287770.0,235440.0,74210,30002.0,256780.0,1,256790.0,1,256800.0,6,256810.0,1,256820.0,2,256880.0,1,256890.0,1,256900.0,1,256910.0,7,256920.0,4,256870.0
sn2408,,13:42:06.500#,256870.0,261780.0,256130.0,287770.0,235440.0,74216,30000.0,256750.0,4,256770.0,5,256780.0,1,256790.0,1,256800.0,6,256810.0,1,256880.0,3,256890.0,1,256900.0,1,256910.0,7,256810.0
sn2408,,13:42:07.0#,256870.0,261780.0,256130.0,287770.0,235440.0,74221,29999.0,256780.0,1,256790.0,1,256800.0,8,256810.0,16,256820.0,1,256890.0,1,256900.0,1,256910.0,10,256920.0,4,256930.0,3,256820.0
sn2408,,13:42:07.500#,256870.0,261780.0,256130.0,287770.0,235440.0,74222,29999.0,256800.0,6,256810.0,16,256820.0,1,256830.0,10,256840.0,1,256890.0,2,256900.0,1,256910.0,7,256940.0,1,256950.0,3,256880.0
sn2408,,13:42:08.0#,256870.0,261780.0,256130.0,287770.0,235440.0,74230,29998.0,256820.0,1,256830.0,8,256840.0,7,256850.0,3,256890.0,25,256900.0,1,256910.0,7,256940.0,1,256950.0,3,256960.0,1,256890.0
sn2408,,13:42:08.500#,256870.0,261780.0,256130.0,287770.0,235440.0,74240,30005.0,256840.0,6,256850.0,4,256890.0,25,256900.0,17,256910.0,3,256980.0,1,256990.0,2,257000.0,6,257010.0,2,257020.0,4,256930.0
sn2408,,13:42:09.0#,256870.0,261780.0,256130.0,287770.0,235440.0,74241,30004.0,256850.0,11,256890.0,25,256900.0,14,256910.0,6,256920.0,4,256970.0,1,256990.0,2,257000.0,2,257040.0,1,257050.0,9,256970.0
sn2408,,13:42:09.500#,256870.0,261780.0,256130.0,287770.0,235440.0,74242,30003.0,256890.0,25,256900.0,14,256910.0,3,256920.0,3,256930.0,6,256990.0,2,257000.0,2,257040.0,1,257050.0,8,257060.0,1,256970.0
sn2408,,13:42:10.0#,256870.0,261780.0,256130.0,287770.0,235440.0,74242,30003.0,256900.0,6,256910.0,3,256920.0,2,256930.0,6,256940.0,6,256990.0,2,257000.0,2,257040.0,1,257050.0,5,257070.0,6,256970.0
sn2408,,13:42:10.500#,256870.0,261780.0,256130.0,287770.0,235440.0,74243,30003.0,256910.0,3,256920.0,2,256930.0,4,256940.0,5,256980.0,4,256990.0,2,257000.0,2,257040.0,1,257050.0,5,257070.0,5,256950.0
sn2408,,13:42:12.0#,256870.0,261780.0,256130.0,287770.0,235440.0,74254,29999.0,256900.0,5,256910.0,3,256920.0,2,256930.0,4,256950.0,2,256980.0,5,256990.0,2,257000.0,2,257040.0,1,257050.0,5,256950.0
sn2408,,13:42:13.500#,256870.0,261780.0,256130.0,287770.0,235440.0,74261,30000.0,256870.0,4,256890.0,25,256900.0,3,256910.0,3,256930.0,4,256980.0,3,256990.0,2,257000.0,2,257040.0,1,257050.0,5,256980.0
sn2408,,13:42:14.0#,256870.0,261780.0,256130.0,287770.0,235440.0,74262,30000.0,256890.0,25,256900.0,3,256910.0,3,256930.0,4,256940.0,1,256980.0,2,256990.0,2,257000.0,2,257010.0,5,257040.0,1,256980.0
sn2408,,13:42:14.500#,256870.0,261780.0,256130.0,287770.0,235440.0,74264,30002.0,256890.0,25,256900.0,3,256910.0,3,256930.0,4,256940.0,1,256970.0,2,256980.0,2,256990.0,2,257000.0,2,257010.0,5,256980.0
sn2408,,13:42:15.500#,256870.0,261780.0,256130.0,287770.0,235440.0,74265,30003.0,256890.0,25,256900.0,2,256910.0,3,256930.0,4,256940.0,1,256970.0,1,256980.0,2,256990.0,2,257000.0,2,257010.0,5,256980.0
sn2408,,13:42:16.0#,256870.0,261780.0,256130.0,287770.0,235440.0,74266,30004.0,256890.0,25,256900.0,2,256910.0,3,256930.0,4,256940.0,1,256980.0,2,256990.0,2,257000.0,2,257010.0,5,257040.0,1,256970.0
sn2408,,13:42:17.0#,256870.0,261780.0,256130.0,287770.0,235440.0,74266,30004.0,256890.0,25,256900.0,2,256910.0,3,256930.0,4,256940.0,1,256980.0,2,256990.0,2,257000.0,2,257010.0,5,257040.0,1,256970.0
sn2408,,13:42:17.500#,256870.0,261780.0,256130.0,287770.0,235440.0,74267,30004.0,256860.0,3,256890.0,25,256900.0,2,256910.0,3,256930.0,4,256940.0,1,256980.0,2,256990.0,2,257000.0,2,257010.0,5,256940.0
sn2408,,13:42:19.0#,256870.0,261780.0,256130.0,287770.0,235440.0,74270,30005.0,256900.0,2,256910.0,2,256930.0,4,256940.0,2,256950.0,7,256990.0,2,257000.0,2,257010.0,5,257040.0,1,257050.0,5,256980.0
sn2408,,13:42:22.0#,256870.0,261780.0,256130.0,287770.0,235440.0,74286,30013.0,256980.0,3,256990.0,12,257000.0,13,257010.0,18,257040.0,1,257070.0,2,257100.0,3,257120.0,6,257130.0,4,257140.0,4,257040.0
sn2408,,13:42:23.0#,256870.0,261780.0,256130.0,287770.0,235440.0,74290,30015.0,257010.0,17,257020.0,1,257040.0,1,257050.0,3,257070.0,6,257120.0,1,257150.0,3,257170.0,6,257180.0,2,257190.0,8,257120.0
sn2408,,13:42:23.500#,256870.0,261780.0,256130.0,287770.0,235440.0,74292,30014.0,257010.0,17,257020.0,1,257040.0,1,257050.0,3,257070.0,6,257170.0,3,257190.0,4,257200.0,7,257210.0,8,257220.0,3,257070.0
sn2408,,13:42:24.0#,256870.0,261780.0,256130.0,287770.0,235440.0,74294,30013.0,257040.0,1,257050.0,3,257070.0,6,257080.0,4,257120.0,1,257140.0,2,257160.0,12,257170.0,1,257180.0,1,257190.0,4,257070.0
sn2408,,13:42:24.500#,256870.0,261780.0,256130.0,287770.0,235440.0,74301,30012.0,257020.0,2,257030.0,3,257040.0,1,257050.0,3,257070.0,4,257100.0,1,257110.0,5,257120.0,10,257130.0,1,257140.0,4,257070.0
sn2408,,13:42:25.0#,256870.0,261780.0,256130.0,287770.0,235440.0,74306,30011.0,256990.0,5,257000.0,7,257010.0,16,257040.0,1,257050.0,2,257070.0,1,257100.0,4,257120.0,7,257130.0,2,257160.0,12,257070.0
sn2408,,13:42:25.500#,256870.0,261780.0,256130.0,287770.0,235440.0,74320,30001.0,256980.0,3,256990.0,5,257000.0,7,257010.0,16,257040.0,1,257050.0,8,257070.0,1,257100.0,2,257120.0,10,257130.0,1,257050.0
sn2408,,13:42:26.0#,256870.0,261780.0,256130.0,287770.0,235440.0,74334,29999.0,256960.0,3,256980.0,3,256990.0,5,257000.0,6,257010.0,16,257050.0,3,257070.0,1,257100.0,2,257120.0,10,257130.0,1,257050.0
sn2408,,13:42:26.500#,256870.0,261780.0,256130.0,287770.0,235440.0,74337,29996.0,256990.0,5,257000.0,6,257010.0,16,257020.0,4,257040.0,1,257070.0,1,257100.0,2,257120.0,10,257130.0,1,257140.0,3,257050.0
sn2408,,13:42:27.0#,256870.0,261780.0,256130.0,287770.0,235440.0,74338,29996.0,256980.0,3,256990.0,5,257000.0,4,257010.0,16,257020.0,4,257040.0,5,257070.0,1,257100.0,2,257120.0,10,257130.0,1,257040.0
sn2408,,13:42:30.500#,256870.0,261780.0,256130.0,287770.0,235440.0,74361,30008.0,256890.0,25,256900.0,1,256930.0,5,256940.0,1,256950.0,4,256980.0,7,256990.0,1,257000.0,1,257010.0,8,257020.0,19,256980.0
sn2408,,13:42:31.0#,256870.0,261780.0,256130.0,287770.0,235440.0,74361,30008.0,256890.0,25,256900.0,1,256930.0,5,256940.0,1,256950.0,4,256980.0,7,256990.0,1,257000.0,1,257010.0,8,257020.0,19,256980.0
sn2408,,13:42:31.500#,256870.0,261780.0,256130.0,287770.0,235440.0,74363,30009.0,256890.0,25,256900.0,1,256930.0,5,256940.0,1,256950.0,3,256980.0,6,256990.0,1,257000.0,1,257010.0,8,257020.0,19,256980.0
sn2408,,13:42:32.0#,256870.0,261780.0,256130.0,287770.0,235440.0,74372,30015.0,256900.0,1,256930.0,5,256940.0,1,256950.0,2,256980.0,2,256990.0,1,257000.0,1,257010.0,7,257020.0,19,257050.0,3,256980.0
sn2408,,13:42:32.500#,256870.0,261780.0,256130.0,287770.0,235440.0,74374,30016.0,256890.0,25,256900.0,1,256930.0,5,256940.0,1,256950.0,2,256980.0,1,256990.0,1,257010.0,7,257020.0,19,257050.0,3,256980.0
sn2408,,13:42:33.0#,256870.0,261780.0,256130.0,287770.0,235440.0,74374,30016.0,256890.0,25,256900.0,1,256930.0,5,256940.0,1,256950.0,2,256980.0,3,256990.0,1,257010.0,7,257020.0,19,257050.0,3,256980.0
sn2408,,13:42:33.500#,256870.0,261780.0,256130.0,287770.0,235440.0,74376,30016.0,256860.0,4,256890.0,25,256900.0,1,256930.0,5,256940.0,1,256950.0,18,256980.0,4,256990.0,1,257010.0,7,257020.0,19,256950.0
sn2408,,13:42:34.0#,256870.0,261780.0,256130.0,287770.0,235440.0,74384,30020.0,256820.0,6,256830.0,6,256840.0,4,256850.0,2,256890.0,25,256930.0,6,256940.0,5,256950.0,18,256980.0,2,256990.0,1,256920.0
sn2408,,13:42:34.500#,256870.0,261780.0,256130.0,287770.0,235440.0,74386,30021.0,256820.0,5,256830.0,4,256850.0,2,256890.0,25,256900.0,4,256910.0,1,256930.0,2,256940.0,3,256950.0,18,256980.0,2,256930.0
sn2408,,13:42:35.0#,256870.0,261780.0,256130.0,287770.0,235440.0,74390,30021.0,256850.0,2,256890.0,25,256900.0,4,256910.0,6,256920.0,2,256940.0,2,256950.0,18,256980.0,2,257010.0,10,257020.0,24,256930.0
sn2408,,13:42:35.500#,256870.0,261780.0,256130.0,287770.0,235440.0,74392,30020.0,256850.0,2,256890.0,25,256900.0,4,256910.0,3,256920.0,2,256950.0,18,256980.0,2,257010.0,6,257020.0,22,257030.0,4,256940.0
sn2408,,13:42:36.0#,256870.0,261780.0,256130.0,287770.0,235440.0,74395,30021.0,256840.0,3,256850.0,2,256890.0,25,256900.0,4,256910.0,1,256920.0,19,256950.0,18,256980.0,2,257010.0,6,257020.0,22,256910.0
sn2408,,13:42:36.500#,256870.0,261780.0,256130.0,287770.0,235440.0,74406,30021.0,256810.0,2,256820.0,8,256830.0,4,256850.0,2,256890.0,19,256900.0,5,256910.0,4,256920.0,20,256950.0,18,256980.0,2,256890.0
sn2408,,13:42:37.0#,256870.0,261780.0,256130.0,287770.0,235440.0,74425,30015.0,256790.0,3,256800.0,5,256810.0,1,256820.0,2,256830.0,4,256860.0,1,256870.0,2,256880.0,13,256890.0,29,256900.0,5,256890.0
sn2408,,13:42:37.500#,256870.0,261780.0,256130.0,287770.0,235440.0,74433,30019.0,256710.0,9,256720.0,6,256740.0,2,256750.0,3,256790.0,1,256830.0,3,256850.0,1,256860.0,8,256870.0,1,256880.0,13,256800.0
sn2408,,13:42:38.0#,256870.0,261780.0,256130.0,287770.0,235440.0,74435,30021.0,256680.0,1,256700.0,2,256710.0,7,256720.0,2,256740.0,2,256820.0,5,256830.0,3,256860.0,7,256880.0,13,256890.0,26,256830.0
sn2408,,13:42:38.500#,256870.0,261780.0,256130.0,287770.0,235440.0,74436,30022.0,256700.0,2,256710.0,1,256720.0,2,256740.0,3,256750.0,5,256820.0,7,256830.0,1,256860.0,7,256880.0,16,256890.0,30,256760.0
sn2408,,13:42:39.0#,256870.0,261780.0,256130.0,287770.0,235440.0,74443,30019.0,256680.0,6,256700.0,2,256710.0,1,256720.0,2,256740.0,2,256750.0,13,256790.0,1,256810.0,4,256820.0,7,256830.0,1,256750.0
sn2408,,13:42:39.500#,256870.0,261780.0,256130.0,287770.0,235440.0,74452,30018.0,256640.0,2,256670.0,1,256700.0,2,256710.0,1,256720.0,2,256750.0,12,256790.0,2,256810.0,4,256820.0,9,256830.0,2,256750.0
sn2408,,13:42:40.0#,256870.0,261780.0,256130.0,287770.0,235440.0,74455,30020.0,256630.0,1,256640.0,2,256670.0,1,256700.0,2,256710.0,1,256720.0,2,256740.0,5,256750.0,12,256790.0,2,256810.0,5,256720.0
sn2408,,13:42:40.500#,256870.0,261780.0,256130.0,287770.0,235440.0,74459,30023.0,256600.0,6,256620.0,3,256630.0,1,256640.0,2,256670.0,1,256710.0,2,256720.0,3,256740.0,5,256750.0,11,256780.0,1,256700.0
sn2408,,13:42:41.0#,256870.0,261780.0,256130.0,287770.0,235440.0,74462,30022.0,256570.0,2,256580.0,7,256600.0,6,256630.0,1,256640.0,2,256670.0,2,256700.0,5,256710.0,2,256720.0,1,256740.0,1,256670.0
sn2408,,13:42:41.500#,256870.0,261780.0,256130.0,287770.0,235440.0,74475,30028.0,256600.0,6,256630.0,1,256640.0,3,256650.0,1,256670.0,3,256700.0,1,256710.0,1,256740.0,1,256750.0,11,256770.0,3,256700.0
sn2408,,13:42:42.0#,256870.0,261780.0,256130.0,287770.0,235440.0,74483,30029.0,256570.0,3,256580.0,9,256600.0,6,256630.0,1,256640.0,2,256660.0,1,256670.0,2,256740.0,1,256750.0,11,256780.0,3,256650.0
sn2408,,13:42:42.500#,256870.0,261780.0,256130.0,287770.0,235440.0,74497,30022.0,256550.0,4,256570.0,1,256580.0,6,256600.0,6,256630.0,1,256640.0,9,256700.0,1,256740.0,1,256750.0,11,256770.0,3,256640.0
sn2408,,13:42:43.0#,256870.0,261780.0,256130.0,287770.0,235440.0,74510,30022.0,256520.0,9,256530.0,3,256550.0,2,256580.0,3,256600.0,6,256640.0,10,256700.0,2,256720.0,3,256730.0,1,256740.0,3,256630.0
sn2408,,13:42:43.500#,256870.0,261780.0,256130.0,287770.0,235440.0,74516,30022.0,256520.0,5,256530.0,2,256550.0,2,256580.0,3,256600.0,4,256630.0,2,256640.0,10,256700.0,2,256720.0,4,256730.0,2,256610.0
sn2408,,13:42:44.0#,256870.0,261780.0,256130.0,287770.0,235440.0,74530,30027.0,256500.0,34,256510.0,1,256520.0,4,256530.0,2,256550.0,2,256580.0,3,256640.0,8,256700.0,3,256710.0,2,256720.0,3,256580.0
sn2408,,13:42:44.500#,256870.0,261780.0,256130.0,287770.0,235440.0,74567,30039.0,256520.0,4,256530.0,2,256550.0,3,256560.0,1,256580.0,4,256640.0,8,256670.0,1,256680.0,2,256700.0,6,256720.0,3,256630.0
sn2408,,13:42:45.0#,256870.0,261780.0,256130.0,287770.0,235440.0,74574,30044.0,256500.0,33,256510.0,4,256520.0,4,256530.0,2,256550.0,1,256610.0,1,256620.0,1,256630.0,5,256640.0,7,256700.0,3,256550.0
sn2408,,13:42:45.500#,256870.0,261780.0,256130.0,287770.0,235440.0,74576,30043.0,256530.0,3,256540.0,1,256560.0,1,256580.0,2,256600.0,1,256610.0,4,256620.0,3,256630.0,4,256640.0,1,256670.0,3,256600.0
sn2408,,13:42:46.0#,256870.0,261780.0,256130.0,287770.0,235440.0,74583,30041.0,256500.0,39,256510.0,1,256520.0,1,256530.0,3,256540.0,1,256550.0,17,256580.0,2,256600.0,1,256610.0,2,256620.0,3,256560.0
sn2408,,13:42:46.500#,256870.0,261780.0,256130.0,287770.0,235440.0,74609,30041.0,256520.0,1,256530.0,2,256540.0,3,256550.0,14,256610.0,3,256620.0,2,256640.0,1,256650.0,3,256670.0,3,256680.0,3,256610.0
sn2408,,13:42:47.0#,256870.0,261780.0,256130.0,287770.0,235440.0,74623,30047.0,256530.0,2,256540.0,2,256550.0,4,256580.0,3,256600.0,2,256640.0,1,256700.0,2,256710.0,6,256720.0,3,256740.0,1,256610.0
sn2408,,13:42:47.500#,256870.0,261780.0,256130.0,287770.0,235440.0,74631,30048.0,256530.0,2,256540.0,2,256550.0,8,256570.0,4,256580.0,1,256610.0,6,256700.0,2,256710.0,3,256740.0,4,256760.0,3,256610.0
sn2408,,13:42:48.0#,256870.0,261780.0,256130.0,287770.0,235440.0,74637,30053.0,256550.0,8,256570.0,4,256580.0,1,256590.0,2,256640.0,1,256700.0,2,256710.0,3,256720.0,3,256730.0,3,256740.0,1,256610.0
sn2408,,13:42:48.500#,256870.0,261780.0,256130.0,287770.0,235440.0,74641,30052.0,256570.0,7,256580.0,1,256590.0,2,256600.0,1,256610.0,1,256620.0,1,256640.0,20,256680.0,2,256690.0,9,256700.0,3,256630.0
sn2408,,13:42:49.0#,256870.0,261780.0,256130.0,287770.0,235440.0,74654,30054.0,256520.0,1,256530.0,2,256540.0,5,256550.0,6,256570.0,4,256620.0,1,256640.0,20,256690.0,11,256700.0,3,256720.0,3,256610.0
sn2408,,13:42:49.500#,256870.0,261780.0,256130.0,287770.0,235440.0,74658,30058.0,256540.0,2,256550.0,6,256570.0,4,256580.0,1,256620.0,1,256630.0,1,256640.0,20,256690.0,10,256700.0,6,256730.0,3,256630.0
sn2408,,13:42:50.0#,256870.0,261780.0,256130.0,287770.0,235440.0,74660,30058.0,256550.0,6,256570.0,4,256580.0,2,256590.0,1,256620.0,3,256630.0,1,256640.0,20,256690.0,10,256700.0,3,256730.0,3,256620.0
sn2408,,13:42:50.500#,256870.0,261780.0,256130.0,287770.0,235440.0,74673,30051.0,256520.0,7,256530.0,2,256540.0,2,256550.0,6,256570.0,4,256620.0,11,256640.0,17,256690.0,9,256700.0,3,256730.0,3,256620.0
sn2408,,13:42:51.0#,256870.0,261780.0,256130.0,287770.0,235440.0,74674,30050.0,256530.0,2,256540.0,2,256550.0,6,256570.0,4,256580.0,2,256620.0,13,256640.0,17,256690.0,9,256700.0,6,256730.0,3,256620.0
sn2408,,13:42:51.500#,256870.0,261780.0,256130.0,287770.0,235440.0,74677,30050.0,256540.0,2,256550.0,4,256570.0,4,256580.0,2,256590.0,1,256620.0,10,256630.0,1,256640.0,17,256690.0,9,256700.0,3,256620.0
sn2408,,13:42:52.0#,256870.0,261780.0,256130.0,287770.0,235440.0,74678,30049.0,256540.0,2,256550.0,4,256570.0,4,256580.0,1,256590.0,1,256620.0,10,256630.0,1,256640.0,17,256690.0,9,256700.0,3,256620.0
sn2408,,13:42:52.500#,256870.0,261780.0,256130.0,287770.0,235440.0,74686,30043.0,256530.0,4,256540.0,3,256550.0,4,256570.0,4,256580.0,1,256620.0,3,256630.0,1,256640.0,17,256690.0,9,256700.0,3,256620.0
sn2408,,13:42:53.0#,256870.0,261780.0,256130.0,287770.0,235440.0,74687,30043.0,256540.0,3,256550.0,4,256570.0,4,256580.0,1,256590.0,7,256620.0,2,256630.0,1,256640.0,17,256690.0,9,256700.0,3,256620.0
sn2408,,13:42:53.500#,256870.0,261780.0,256130.0,287770.0,235440.0,74689,30042.0,256570.0,4,256580.0,1,256590.0,7,256600.0,2,256620.0,2,256630.0,1,256640.0,17,256690.0,9,256700.0,3,256710.0,3,256620.0
sn2408,,13:42:54.0#,256870.0,261780.0,256130.0,287770.0,235440.0,74690,30043.0,256580.0,1,256590.0,5,256600.0,2,256620.0,4,256630.0,1,256640.0,17,256690.0,9,256700.0,3,256730.0,3,256740.0,4,256630.0
sn2408,,13:42:54.500#,256870.0,261780.0,256130.0,287770.0,235440.0,74708,30040.0,256570.0,4,256580.0,1,256590.0,5,256600.0,1,256620.0,4,256690.0,6,256700.0,3,256730.0,3,256740.0,4,256750.0,3,256630.0
sn2408,,13:42:55.0#,256870.0,261780.0,256130.0,287770.0,235440.0,74715,30038.0,256550.0,7,256570.0,4,256580.0,1,256590.0,2,256600.0,1,256620.0,14,256680.0,5,256690.0,6,256700.0,2,256730.0,3,256620.0
sn2408,,13:42:55.500#,256870.0,261780.0,256130.0,287770.0,235440.0,74721,30038.0,256520.0,4,256530.0,4,256540.0,3,256550.0,4,256570.0,4,256600.0,11,256620.0,14,256650.0,1,256680.0,4,256690.0,2,256580.0
sn2408,,13:42:56.0#,256870.0,261780.0,256130.0,287770.0,235440.0,74731,30039.0,256500.0,33,256510.0,1,256520.0,1,256530.0,2,256540.0,2,256570.0,7,256580.0,2,256590.0,1,256600.0,16,256620.0,14,256550.0
sn2408,,13:42:56.500#,256870.0,261780.0,256130.0,287770.0,235440.0,74761,30026.0,256440.0,1,256450.0,4,256460.0,2,256470.0,3,256500.0,30,256540.0,7,256560.0,1,256570.0,7,256580.0,1,256590.0,1,256540.0
sn2408,,13:42:57.0#,256870.0,261780.0,256130.0,287770.0,235440.0,74763,30027.0,256440.0,1,256450.0,1,256460.0,2,256500.0,29,256510.0,1,256530.0,1,256540.0,8,256550.0,1,256560.0,1,256570.0,4,256530.0
sn2408,,13:42:57.500#,256870.0,261780.0,256130.0,287770.0,235440.0,74776,30024.0,256440.0,1,256450.0,1,256460.0,2,256500.0,29,256520.0,1,256530.0,1,256550.0,1,256560.0,1,256570.0,4,256590.0,3,256530.0
sn2408,,13:42:58.0#,256870.0,261780.0,256130.0,287770.0,235440.0,74778,30026.0,256500.0,29,256510.0,1,256520.0,1,256530.0,3,256540.0,1,256550.0,1,256560.0,1,256570.0,4,256600.0,14,256620.0,17,256530.0
sn2408,,13:42:58.500#,256870.0,261780.0,256130.0,287770.0,235440.0,74784,30027.0,256460.0,2,256470.0,3,256500.0,29,256510.0,1,256520.0,1,256600.0,15,256620.0,14,256630.0,5,256650.0,8,256680.0,6,256530.0
sn2408,,13:42:59.0#,256870.0,261780.0,256130.0,287770.0,235440.0,74785,30028.0,256460.0,5,256500.0,29,256510.0,1,256520.0,4,256530.0,1,256590.0,10,256600.0,15,256620.0,14,256630.0,5,256650.0,2,256530.0
sn2408,,13:42:59.500#,256870.0,261780.0,256130.0,287770.0,235440.0,74792,30029.0,256440.0,1,256450.0,1,256460.0,5,256500.0,29,256510.0,1,256520.0,20,256530.0,17,256550.0,1,256580.0,5,256590.0,7,256530.0
sn2408,,13:43:00.0#,256870.0,261780.0,256130.0,287770.0,235440.0,74829,30031.0,256370.0,4,256380.0,3,256400.0,5,256410.0,3,256430.0,2,256440.0,1,256480.0,2,256510.0,5,256520.0,25,256530.0,17,256440.0
sn2408,,13:43:00.500#,256870.0,261780.0,256130.0,287770.0,235440.0,74876,30031.0,256340.0,3,256350.0,1,256360.0,2,256370.0,1,256400.0,2,256520.0,24,256530.0,18,256550.0,1,256560.0,3,256570.0,3,256400.0
sn2408,,13:43:01.0#,256870.0,261780.0,256130.0,287770.0,235440.0,74883,30034.0,256350.0,1,256360.0,5,256370.0,1,256400.0,5,256410.0,1,256480.0,2,256500.0,1,256510.0,10,256520.0,24,256530.0,18,256410.0
sn2408,,13:43:01.500#,256870.0,261780.0,256130.0,287770.0,235440.0,74889,30037.0,256360.0,2,256370.0,1,256400.0,2,256410.0,1,256450.0,1,256470.0,10,256480.0,6,256490.0,2,256500.0,1,256510.0,12,256470.0
sn2408,,13:43:02.0#,256870.0,261780.0,256130.0,287770.0,235440.0,74897,30042.0,256330.0,5,256350.0,1,256360.0,5,256370.0,1,256400.0,1,256430.0,3,256440.0,5,256450.0,8,256460.0,2,256470.0,11,256430.0
sn2408,,13:43:02.500#,256870.0,261780.0,256130.0,287770.0,235440.0,74911,30038.0,256350.0,1,256360.0,2,256370.0,1,256400.0,4,256430.0,1,256440.0,3,256450.0,4,256460.0,2,256470.0,10,256480.0,5,256430.0
