InstrumentId,ExchangeId,Datetime,OpenPrice,HighestPrice,LowestPrice,UpperLimitPrice,LowerLimitPrice,Volume,OpenInterest,BidPrice5,BidVolume5,BidPrice4,BidVolume4,BidPrice3,BidVolume3,BidPrice2,BidVolume2,BidPrice1,BidVolume1,AskPrice1,AskVolume1,AskPrice2,AskVolume2,AskPrice3,AskVolume3,AskPrice4,AskVolume4,AskPrice5,AskVolume5,LastPrice
sn2409,,13:38:35.0#,256830.0,262100.0,256830.0,288430.0,235980.0,46040,32912.0,257210.0,1,257250.0,1,257270.0,1,257280.0,1,257310.0,1,257320.0,2,257340.0,3,257350.0,1,257370.0,4,257420.0,4,257310.0
sn2409,,13:38:35.500#,256830.0,262100.0,256830.0,288430.0,235980.0,46041,32913.0,257200.0,17,257210.0,1,257250.0,1,257270.0,1,257280.0,1,257310.0,1,257320.0,4,257340.0,2,257350.0,1,257370.0,4,257310.0
sn2409,,13:38:36.0#,256830.0,262100.0,256830.0,288430.0,235980.0,46059,32923.0,257270.0,1,257280.0,1,257300.0,1,257310.0,7,257340.0,1,257420.0,3,257440.0,1,257450.0,1,257490.0,6,257500.0,1,257420.0
sn2409,,13:38:36.500#,256830.0,262100.0,256830.0,288430.0,235980.0,46065,32924.0,257280.0,2,257290.0,2,257300.0,2,257310.0,4,257320.0,1,257400.0,2,257410.0,2,257420.0,3,257440.0,1,257450.0,1,257310.0
sn2409,,13:38:37.0#,256830.0,262100.0,256830.0,288430.0,235980.0,46065,32924.0,257270.0,1,257280.0,1,257300.0,1,257310.0,5,257320.0,1,257390.0,4,257410.0,1,257420.0,3,257440.0,1,257450.0,1,257310.0
sn2409,,13:38:37.500#,256830.0,262100.0,256830.0,288430.0,235980.0,46067,32923.0,257270.0,1,257280.0,1,257300.0,1,257310.0,4,257330.0,1,257380.0,2,257390.0,2,257420.0,3,257440.0,1,257450.0,1,257320.0
sn2409,,13:38:38.0#,256830.0,262100.0,256830.0,288430.0,235980.0,46073,32922.0,257200.0,17,257210.0,1,257250.0,1,257270.0,1,257280.0,1,257330.0,3,257380.0,2,257390.0,2,257400.0,1,257420.0,2,257320.0
sn2409,,13:38:38.500#,256830.0,262100.0,256830.0,288430.0,235980.0,46076,32921.0,257210.0,1,257250.0,1,257270.0,1,257280.0,1,257290.0,1,257380.0,2,257390.0,2,257400.0,1,257420.0,2,257440.0,1,257330.0
sn2409,,13:38:39.0#,256830.0,262100.0,256830.0,288430.0,235980.0,46077,32920.0,257250.0,1,257270.0,1,257280.0,1,257290.0,1,257300.0,3,257380.0,2,257390.0,2,257400.0,1,257420.0,2,257440.0,1,257370.0
sn2409,,13:38:39.500#,256830.0,262100.0,256830.0,288430.0,235980.0,46080,32922.0,257270.0,1,257280.0,1,257300.0,3,257310.0,5,257380.0,2,257400.0,1,257420.0,2,257440.0,1,257450.0,1,257490.0,4,257380.0
sn2409,,13:38:40.0#,256830.0,262100.0,256830.0,288430.0,235980.0,46082,32924.0,257250.0,1,257270.0,1,257280.0,1,257300.0,3,257310.0,3,257380.0,1,257400.0,1,257420.0,2,257440.0,1,257450.0,1,257380.0
sn2409,,13:38:40.500#,256830.0,262100.0,256830.0,288430.0,235980.0,46082,32924.0,257300.0,1,257310.0,3,257320.0,2,257330.0,1,257340.0,1,257380.0,2,257400.0,2,257420.0,2,257440.0,1,257450.0,1,257380.0
sn2409,,13:38:41.0#,256830.0,262100.0,256830.0,288430.0,235980.0,46084,32924.0,257310.0,2,257320.0,3,257330.0,1,257350.0,1,257380.0,5,257400.0,2,257420.0,2,257440.0,1,257450.0,1,257490.0,4,257380.0
sn2409,,13:38:41.500#,256830.0,262100.0,256830.0,288430.0,235980.0,46089,32924.0,257310.0,2,257320.0,1,257330.0,1,257350.0,1,257380.0,2,257400.0,1,257420.0,2,257440.0,1,257450.0,1,257490.0,4,257380.0
sn2409,,13:38:42.0#,256830.0,262100.0,256830.0,288430.0,235980.0,46091,32924.0,257280.0,1,257310.0,2,257320.0,1,257330.0,1,257350.0,1,257370.0,2,257380.0,3,257400.0,4,257420.0,2,257440.0,1,257380.0
sn2409,,13:38:42.500#,256830.0,262100.0,256830.0,288430.0,235980.0,46091,32924.0,257270.0,1,257280.0,1,257310.0,2,257320.0,1,257330.0,1,257370.0,2,257380.0,4,257400.0,3,257420.0,2,257440.0,1,257380.0
sn2409,,13:38:43.0#,256830.0,262100.0,256830.0,288430.0,235980.0,46091,32924.0,257250.0,1,257270.0,1,257280.0,1,257320.0,1,257330.0,3,257370.0,3,257380.0,2,257400.0,3,257420.0,2,257440.0,1,257380.0
sn2409,,13:38:43.500#,256830.0,262100.0,256830.0,288430.0,235980.0,46093,32924.0,257250.0,1,257270.0,1,257280.0,1,257330.0,3,257340.0,2,257370.0,1,257380.0,2,257400.0,3,257420.0,2,257440.0,1,257380.0
sn2409,,13:38:44.0#,256830.0,262100.0,256830.0,288430.0,235980.0,46095,32926.0,257270.0,1,257280.0,1,257330.0,1,257340.0,2,257350.0,1,257380.0,2,257400.0,3,257420.0,2,257440.0,1,257450.0,1,257370.0
sn2409,,13:38:44.500#,256830.0,262100.0,256830.0,288430.0,235980.0,46098,32927.0,257340.0,2,257350.0,1,257370.0,1,257380.0,1,257390.0,1,257400.0,2,257420.0,2,257440.0,1,257450.0,1,257490.0,1,257400.0
sn2409,,13:38:45.0#,256830.0,262100.0,256830.0,288430.0,235980.0,46107,32932.0,257350.0,1,257370.0,1,257380.0,1,257390.0,1,257410.0,1,257490.0,1,257570.0,3,257580.0,2,257610.0,2,257620.0,1,257420.0
sn2409,,13:38:45.500#,256830.0,262100.0,256830.0,288430.0,235980.0,46107,32932.0,257370.0,1,257380.0,1,257390.0,3,257400.0,1,257420.0,2,257470.0,2,257480.0,4,257490.0,2,257570.0,3,257580.0,2,257420.0
sn2409,,13:38:46.0#,256830.0,262100.0,256830.0,288430.0,235980.0,46107,32932.0,257350.0,1,257370.0,1,257380.0,2,257390.0,3,257400.0,1,257460.0,1,257470.0,1,257480.0,4,257490.0,2,257570.0,3,257420.0
sn2409,,13:38:46.500#,256830.0,262100.0,256830.0,288430.0,235980.0,46107,32932.0,257370.0,1,257380.0,2,257390.0,3,257400.0,2,257410.0,1,257460.0,1,257470.0,1,257480.0,3,257490.0,1,257570.0,3,257420.0
sn2409,,13:38:47.0#,256830.0,262100.0,256830.0,288430.0,235980.0,46107,32932.0,257350.0,2,257370.0,1,257380.0,2,257390.0,3,257400.0,2,257460.0,2,257470.0,1,257480.0,3,257490.0,1,257570.0,3,257420.0
sn2409,,13:38:47.500#,256830.0,262100.0,256830.0,288430.0,235980.0,46108,32932.0,257350.0,2,257370.0,1,257380.0,2,257390.0,3,257400.0,2,257450.0,2,257460.0,3,257480.0,3,257490.0,1,257570.0,3,257400.0
sn2409,,13:38:48.0#,256830.0,262100.0,256830.0,288430.0,235980.0,46109,32931.0,257350.0,2,257370.0,1,257380.0,1,257390.0,3,257400.0,2,257450.0,1,257460.0,3,257480.0,3,257490.0,1,257570.0,3,257450.0
sn2409,,13:38:48.500#,256830.0,262100.0,256830.0,288430.0,235980.0,46109,32931.0,257350.0,2,257370.0,1,257380.0,1,257390.0,3,257400.0,2,257460.0,3,257480.0,3,257490.0,1,257570.0,3,257580.0,2,257450.0
sn2409,,13:38:49.0#,256830.0,262100.0,256830.0,288430.0,235980.0,46111,32931.0,257350.0,2,257370.0,1,257380.0,2,257390.0,3,257400.0,2,257450.0,1,257460.0,3,257480.0,2,257490.0,1,257570.0,3,257410.0
sn2409,,13:38:49.500#,256830.0,262100.0,256830.0,288430.0,235980.0,46112,32932.0,257350.0,2,257380.0,3,257390.0,3,257400.0,2,257450.0,4,257460.0,3,257480.0,2,257490.0,1,257570.0,3,257580.0,2,257450.0
sn2409,,13:38:50.0#,256830.0,262100.0,256830.0,288430.0,235980.0,46117,32935.0,257380.0,3,257390.0,3,257400.0,2,257450.0,2,257460.0,1,257490.0,1,257570.0,3,257580.0,2,257590.0,1,257610.0,1,257450.0
sn2409,,13:38:50.500#,256830.0,262100.0,256830.0,288430.0,235980.0,46119,32936.0,257350.0,2,257380.0,3,257390.0,3,257400.0,2,257450.0,2,257490.0,1,257570.0,3,257580.0,2,257590.0,1,257610.0,1,257490.0
sn2409,,13:38:51.0#,256830.0,262100.0,256830.0,288430.0,235980.0,46119,32936.0,257350.0,2,257380.0,3,257390.0,3,257400.0,3,257450.0,2,257490.0,1,257570.0,3,257580.0,2,257590.0,1,257610.0,1,257490.0
sn2409,,13:38:51.500#,256830.0,262100.0,256830.0,288430.0,235980.0,46121,32938.0,257400.0,3,257450.0,2,257460.0,2,257470.0,1,257490.0,2,257570.0,3,257580.0,2,257610.0,1,257620.0,1,257660.0,1,257490.0
sn2409,,13:38:52.0#,256830.0,262100.0,256830.0,288430.0,235980.0,46121,32938.0,257400.0,3,257450.0,2,257460.0,2,257470.0,1,257490.0,2,257560.0,4,257570.0,1,257580.0,2,257610.0,1,257660.0,1,257490.0
sn2409,,13:38:52.500#,256830.0,262100.0,256830.0,288430.0,235980.0,46121,32938.0,257400.0,3,257450.0,2,257460.0,2,257470.0,1,257490.0,3,257550.0,3,257560.0,2,257570.0,2,257580.0,2,257610.0,1,257490.0
sn2409,,13:38:53.0#,256830.0,262100.0,256830.0,288430.0,235980.0,46128,32940.0,257400.0,3,257450.0,2,257460.0,2,257470.0,1,257490.0,1,257570.0,1,257580.0,2,257610.0,1,257660.0,1,257680.0,1,257570.0
sn2409,,13:38:53.500#,256830.0,262100.0,256830.0,288430.0,235980.0,46128,32940.0,257450.0,2,257460.0,2,257470.0,1,257490.0,1,257500.0,2,257570.0,4,257580.0,2,257610.0,1,257660.0,1,257720.0,1,257570.0
sn2409,,13:38:54.0#,256830.0,262100.0,256830.0,288430.0,235980.0,46130,32938.0,257460.0,2,257470.0,1,257490.0,1,257500.0,2,257550.0,1,257570.0,3,257580.0,2,257610.0,1,257660.0,1,257720.0,1,257510.0
sn2409,,13:38:54.500#,256830.0,262100.0,256830.0,288430.0,235980.0,46131,32938.0,257450.0,2,257460.0,2,257470.0,1,257490.0,2,257500.0,2,257570.0,3,257580.0,2,257610.0,1,257660.0,1,257690.0,1,257530.0
sn2409,,13:38:55.0#,256830.0,262100.0,256830.0,288430.0,235980.0,46134,32937.0,257460.0,1,257470.0,1,257490.0,2,257500.0,2,257510.0,4,257570.0,1,257580.0,2,257610.0,1,257660.0,1,257690.0,1,257570.0
sn2409,,13:38:55.500#,256830.0,262100.0,256830.0,288430.0,235980.0,46135,32937.0,257470.0,1,257490.0,2,257510.0,5,257520.0,1,257570.0,2,257580.0,2,257610.0,1,257660.0,1,257690.0,1,257720.0,1,257570.0
sn2409,,13:38:56.0#,256830.0,262100.0,256830.0,288430.0,235980.0,46137,32935.0,257460.0,1,257470.0,1,257490.0,2,257510.0,4,257520.0,1,257580.0,3,257610.0,1,257660.0,1,257690.0,1,257720.0,1,257570.0
sn2409,,13:38:56.500#,256830.0,262100.0,256830.0,288430.0,235980.0,46137,32935.0,257450.0,2,257490.0,2,257510.0,3,257520.0,1,257530.0,6,257580.0,3,257610.0,1,257660.0,1,257690.0,1,257720.0,1,257570.0
sn2409,,13:38:57.0#,256830.0,262100.0,256830.0,288430.0,235980.0,46140,32936.0,257450.0,2,257490.0,2,257510.0,3,257520.0,1,257530.0,4,257610.0,1,257660.0,1,257690.0,1,257720.0,1,257760.0,2,257580.0
sn2409,,13:38:57.500#,256830.0,262100.0,256830.0,288430.0,235980.0,46140,32936.0,257510.0,3,257520.0,1,257530.0,4,257540.0,1,257550.0,1,257600.0,2,257610.0,5,257660.0,1,257690.0,1,257720.0,1,257580.0
sn2409,,13:38:58.0#,256830.0,262100.0,256830.0,288430.0,235980.0,46141,32935.0,257380.0,3,257400.0,6,257450.0,2,257490.0,2,257510.0,3,257520.0,1,257590.0,2,257600.0,3,257610.0,3,257660.0,1,257550.0
sn2409,,13:38:58.500#,256830.0,262100.0,256830.0,288430.0,235980.0,46145,32937.0,257490.0,2,257510.0,2,257520.0,3,257530.0,1,257550.0,1,257600.0,1,257610.0,1,257660.0,1,257690.0,1,257720.0,1,257590.0
sn2409,,13:38:59.0#,256830.0,262100.0,256830.0,288430.0,235980.0,46148,32936.0,257450.0,2,257490.0,2,257500.0,1,257510.0,2,257520.0,1,257530.0,1,257560.0,1,257590.0,1,257600.0,3,257610.0,1,257550.0
sn2409,,13:38:59.500#,256830.0,262100.0,256830.0,288430.0,235980.0,46151,32935.0,257350.0,1,257380.0,3,257400.0,5,257450.0,2,257490.0,1,257520.0,1,257530.0,1,257560.0,3,257570.0,2,257580.0,2,257500.0
sn2409,,13:39:00.0#,256830.0,262100.0,256830.0,288430.0,235980.0,46151,32935.0,257350.0,1,257380.0,3,257400.0,5,257450.0,2,257490.0,1,257520.0,1,257530.0,1,257560.0,1,257570.0,2,257580.0,1,257500.0
sn2409,,13:39:00.500#,256830.0,262100.0,256830.0,288430.0,235980.0,46153,32936.0,257330.0,1,257350.0,1,257380.0,3,257400.0,5,257450.0,2,257530.0,1,257560.0,1,257570.0,2,257580.0,1,257600.0,1,257520.0
sn2409,,13:39:01.0#,256830.0,262100.0,256830.0,288430.0,235980.0,46154,32936.0,257380.0,3,257400.0,5,257450.0,2,257460.0,4,257520.0,1,257530.0,2,257550.0,1,257560.0,1,257570.0,2,257580.0,1,257520.0
sn2409,,13:39:01.500#,256830.0,262100.0,256830.0,288430.0,235980.0,46156,32937.0,257380.0,3,257400.0,5,257450.0,2,257460.0,3,257480.0,1,257520.0,2,257530.0,3,257550.0,1,257570.0,2,257580.0,1,257520.0
sn2409,,13:39:02.0#,256830.0,262100.0,256830.0,288430.0,235980.0,46156,32937.0,257380.0,3,257400.0,5,257450.0,2,257460.0,2,257480.0,1,257520.0,3,257530.0,2,257550.0,1,257570.0,2,257580.0,1,257520.0
sn2409,,13:39:02.500#,256830.0,262100.0,256830.0,288430.0,235980.0,46156,32937.0,257380.0,3,257400.0,5,257450.0,2,257460.0,2,257480.0,1,257520.0,4,257530.0,2,257550.0,4,257560.0,3,257570.0,2,257520.0
sn2409,,13:39:03.0#,256830.0,262100.0,256830.0,288430.0,235980.0,46157,32937.0,257330.0,1,257350.0,1,257380.0,3,257400.0,5,257450.0,2,257480.0,1,257490.0,1,257500.0,1,257510.0,1,257520.0,4,257480.0
sn2409,,13:39:03.500#,256830.0,262100.0,256830.0,288430.0,235980.0,46159,32936.0,257330.0,1,257350.0,1,257380.0,3,257400.0,5,257450.0,2,257480.0,2,257490.0,1,257510.0,1,257520.0,1,257530.0,1,257480.0
sn2409,,13:39:04.0#,256830.0,262100.0,256830.0,288430.0,235980.0,46164,32937.0,257350.0,1,257380.0,3,257400.0,5,257450.0,3,257460.0,2,257520.0,1,257530.0,1,257570.0,2,257580.0,1,257600.0,1,257490.0
sn2409,,13:39:04.500#,256830.0,262100.0,256830.0,288430.0,235980.0,46166,32936.0,257330.0,1,257350.0,1,257380.0,3,257400.0,5,257450.0,2,257480.0,2,257490.0,3,257510.0,6,257520.0,2,257530.0,1,257460.0
sn2409,,13:39:05.0#,256830.0,262100.0,256830.0,288430.0,235980.0,46169,32938.0,257310.0,1,257330.0,1,257350.0,1,257380.0,3,257400.0,5,257490.0,2,257520.0,1,257570.0,2,257580.0,1,257600.0,1,257480.0
sn2409,,13:39:05.500#,256830.0,262100.0,256830.0,288430.0,235980.0,46169,32938.0,257350.0,1,257380.0,3,257400.0,6,257410.0,6,257480.0,3,257490.0,3,257520.0,1,257570.0,2,257580.0,1,257600.0,1,257480.0
sn2409,,13:39:06.0#,256830.0,262100.0,256830.0,288430.0,235980.0,46172,32936.0,257330.0,1,257350.0,1,257380.0,3,257400.0,5,257410.0,6,257480.0,1,257490.0,3,257520.0,1,257570.0,2,257580.0,1,257480.0
sn2409,,13:39:06.500#,256830.0,262100.0,256830.0,288430.0,235980.0,46172,32936.0,257380.0,3,257400.0,5,257410.0,6,257420.0,2,257450.0,1,257480.0,2,257490.0,2,257520.0,1,257570.0,2,257580.0,1,257480.0
sn2409,,13:39:07.0#,256830.0,262100.0,256830.0,288430.0,235980.0,46173,32936.0,257380.0,3,257400.0,5,257410.0,4,257420.0,2,257450.0,1,257480.0,2,257490.0,2,257520.0,1,257570.0,2,257580.0,1,257480.0
sn2409,,13:39:07.500#,256830.0,262100.0,256830.0,288430.0,235980.0,46175,32937.0,257350.0,1,257380.0,3,257400.0,5,257410.0,4,257420.0,2,257480.0,1,257490.0,2,257570.0,2,257580.0,1,257600.0,2,257450.0
sn2409,,13:39:08.0#,256830.0,262100.0,256830.0,288430.0,235980.0,46175,32937.0,257330.0,1,257350.0,1,257380.0,3,257400.0,5,257410.0,3,257470.0,1,257480.0,3,257490.0,2,257570.0,2,257580.0,1,257450.0
sn2409,,13:39:08.500#,256830.0,262100.0,256830.0,288430.0,235980.0,46176,32937.0,257330.0,1,257350.0,1,257380.0,3,257400.0,5,257410.0,1,257480.0,3,257490.0,2,257580.0,1,257600.0,2,257610.0,1,257470.0
sn2409,,13:39:09.0#,256830.0,262100.0,256830.0,288430.0,235980.0,46177,32938.0,257380.0,3,257400.0,5,257410.0,1,257420.0,2,257440.0,1,257450.0,9,257480.0,2,257490.0,2,257580.0,1,257600.0,2,257470.0
sn2409,,13:39:09.500#,256830.0,262100.0,256830.0,288430.0,235980.0,46178,32937.0,257350.0,1,257380.0,3,257400.0,5,257410.0,1,257420.0,2,257440.0,5,257450.0,10,257460.0,6,257480.0,1,257580.0,1,257440.0
sn2409,,13:39:10.0#,256830.0,262100.0,256830.0,288430.0,235980.0,46183,32938.0,257310.0,1,257330.0,1,257350.0,1,257380.0,3,257400.0,4,257420.0,1,257440.0,2,257450.0,10,257460.0,6,257480.0,1,257410.0
sn2409,,13:39:10.500#,256830.0,262100.0,256830.0,288430.0,235980.0,46186,32938.0,257310.0,1,257330.0,1,257350.0,1,257380.0,3,257400.0,3,257420.0,1,257440.0,2,257450.0,9,257460.0,6,257480.0,1,257440.0
sn2409,,13:39:11.0#,256830.0,262100.0,256830.0,288430.0,235980.0,46190,32938.0,257300.0,2,257310.0,1,257330.0,1,257350.0,1,257380.0,2,257390.0,1,257420.0,1,257440.0,2,257450.0,9,257460.0,6,257380.0
sn2409,,13:39:11.500#,256830.0,262100.0,256830.0,288430.0,235980.0,46196,32941.0,257280.0,2,257300.0,2,257310.0,1,257330.0,1,257350.0,1,257360.0,1,257370.0,2,257380.0,2,257420.0,1,257440.0,2,257380.0
sn2409,,13:39:12.0#,256830.0,262100.0,256830.0,288430.0,235980.0,46198,32942.0,257250.0,1,257270.0,1,257280.0,2,257300.0,2,257310.0,1,257360.0,2,257440.0,2,257450.0,9,257460.0,6,257480.0,1,257330.0
sn2409,,13:39:12.500#,256830.0,262100.0,256830.0,288430.0,235980.0,46201,32944.0,257250.0,1,257270.0,1,257280.0,2,257300.0,2,257310.0,1,257380.0,1,257440.0,2,257450.0,9,257460.0,6,257480.0,1,257360.0
sn2409,,13:39:13.0#,256830.0,262100.0,256830.0,288430.0,235980.0,46201,32944.0,257250.0,1,257270.0,1,257280.0,2,257300.0,2,257310.0,1,257350.0,1,257370.0,2,257380.0,2,257440.0,2,257450.0,9,257360.0
sn2409,,13:39:13.500#,256830.0,262100.0,256830.0,288430.0,235980.0,46201,32944.0,257250.0,1,257270.0,1,257280.0,2,257300.0,2,257310.0,1,257350.0,1,257370.0,1,257380.0,2,257440.0,2,257450.0,9,257360.0
sn2409,,13:39:14.0#,256830.0,262100.0,256830.0,288430.0,235980.0,46204,32945.0,257210.0,1,257250.0,1,257270.0,1,257280.0,2,257300.0,2,257350.0,1,257380.0,1,257440.0,2,257460.0,6,257480.0,1,257310.0
sn2409,,13:39:14.500#,256830.0,262100.0,256830.0,288430.0,235980.0,46206,32944.0,257210.0,1,257250.0,1,257270.0,1,257280.0,2,257300.0,2,257310.0,5,257380.0,1,257440.0,1,257460.0,6,257480.0,1,257310.0
sn2409,,13:39:15.0#,256830.0,262100.0,256830.0,288430.0,235980.0,46212,32949.0,257270.0,1,257280.0,2,257300.0,2,257310.0,10,257340.0,1,257380.0,1,257440.0,1,257460.0,6,257480.0,1,257560.0,1,257310.0
sn2409,,13:39:15.500#,256830.0,262100.0,256830.0,288430.0,235980.0,46214,32949.0,257310.0,12,257340.0,1,257350.0,2,257380.0,1,257390.0,1,257440.0,1,257460.0,6,257480.0,1,257560.0,1,257570.0,3,257380.0
sn2409,,13:39:16.0#,256830.0,262100.0,256830.0,288430.0,235980.0,46215,32950.0,257300.0,2,257310.0,11,257340.0,1,257350.0,2,257390.0,1,257410.0,2,257420.0,2,257430.0,2,257440.0,1,257460.0,6,257380.0
sn2409,,13:39:16.500#,256830.0,262100.0,256830.0,288430.0,235980.0,46220,32952.0,257300.0,2,257310.0,11,257340.0,1,257350.0,2,257390.0,1,257430.0,2,257440.0,1,257460.0,6,257480.0,1,257560.0,1,257410.0
sn2409,,13:39:17.0#,256830.0,262100.0,256830.0,288430.0,235980.0,46223,32954.0,257280.0,2,257300.0,1,257310.0,11,257340.0,1,257350.0,2,257370.0,1,257400.0,1,257410.0,1,257420.0,5,257430.0,10,257410.0
sn2409,,13:39:17.500#,256830.0,262100.0,256830.0,288430.0,235980.0,46226,32953.0,257310.0,4,257340.0,1,257350.0,2,257370.0,7,257430.0,6,257440.0,1,257460.0,6,257480.0,1,257570.0,2,257580.0,1,257420.0
sn2409,,13:39:18.0#,256830.0,262100.0,256830.0,288430.0,235980.0,46233,32958.0,257300.0,1,257310.0,5,257350.0,2,257360.0,1,257370.0,8,257390.0,2,257420.0,1,257430.0,1,257440.0,1,257460.0,6,257430.0
sn2409,,13:39:18.500#,256830.0,262100.0,256830.0,288430.0,235980.0,46239,32960.0,257360.0,1,257370.0,7,257380.0,1,257390.0,11,257400.0,2,257440.0,1,257460.0,6,257480.0,1,257570.0,3,257580.0,1,257400.0
sn2409,,13:39:19.0#,256830.0,262100.0,256830.0,288430.0,235980.0,46240,32961.0,257380.0,1,257390.0,10,257400.0,2,257410.0,3,257420.0,1,257460.0,6,257480.0,1,257570.0,3,257580.0,1,257600.0,1,257440.0
sn2409,,13:39:19.500#,256830.0,262100.0,256830.0,288430.0,235980.0,46242,32961.0,257380.0,1,257390.0,6,257410.0,3,257420.0,1,257430.0,1,257460.0,7,257480.0,1,257570.0,3,257580.0,1,257600.0,1,257460.0
sn2409,,13:39:20.0#,256830.0,262100.0,256830.0,288430.0,235980.0,46245,32962.0,257360.0,1,257370.0,1,257380.0,1,257390.0,6,257410.0,2,257460.0,5,257480.0,1,257570.0,3,257580.0,1,257600.0,1,257410.0
sn2409,,13:39:20.500#,256830.0,262100.0,256830.0,288430.0,235980.0,46253,32965.0,257390.0,6,257410.0,2,257420.0,3,257430.0,1,257440.0,1,257570.0,2,257580.0,1,257600.0,1,257610.0,1,257630.0,1,257470.0
sn2409,,13:39:21.0#,256830.0,262100.0,256830.0,288430.0,235980.0,46255,32966.0,257390.0,6,257410.0,2,257420.0,4,257430.0,1,257440.0,1,257520.0,2,257540.0,1,257550.0,1,257560.0,2,257570.0,3,257440.0
sn2409,,13:39:21.500#,256830.0,262100.0,256830.0,288430.0,235980.0,46255,32966.0,257420.0,1,257430.0,1,257440.0,1,257450.0,4,257460.0,1,257520.0,2,257540.0,1,257560.0,2,257570.0,1,257580.0,1,257440.0
sn2409,,13:39:22.0#,256830.0,262100.0,256830.0,288430.0,235980.0,46255,32966.0,257430.0,1,257440.0,1,257450.0,3,257460.0,2,257470.0,2,257520.0,2,257540.0,1,257560.0,1,257570.0,1,257580.0,1,257440.0
sn2409,,13:39:22.500#,256830.0,262100.0,256830.0,288430.0,235980.0,46262,32970.0,257300.0,1,257310.0,4,257350.0,1,257410.0,2,257430.0,1,257440.0,3,257520.0,2,257560.0,1,257580.0,1,257600.0,1,257440.0
sn2409,,13:39:23.0#,256830.0,262100.0,256830.0,288430.0,235980.0,46268,32973.0,257350.0,1,257410.0,2,257430.0,1,257440.0,6,257450.0,2,257560.0,1,257580.0,1,257600.0,1,257610.0,1,257660.0,1,257440.0
sn2409,,13:39:23.500#,256830.0,262100.0,256830.0,288430.0,235980.0,46270,32975.0,257300.0,1,257310.0,4,257350.0,1,257410.0,2,257440.0,1,257460.0,1,257500.0,2,257540.0,4,257550.0,5,257560.0,4,257470.0
sn2409,,13:39:24.0#,256830.0,262100.0,256830.0,288430.0,235980.0,46275,32977.0,257280.0,2,257300.0,1,257310.0,4,257350.0,1,257410.0,2,257530.0,1,257550.0,5,257560.0,3,257580.0,1,257600.0,1,257460.0
sn2409,,13:39:24.500#,256830.0,262100.0,256830.0,288430.0,235980.0,46275,32977.0,257350.0,1,257410.0,2,257420.0,1,257430.0,1,257440.0,1,257520.0,1,257550.0,3,257560.0,1,257580.0,1,257600.0,1,257460.0
sn2409,,13:39:25.0#,256830.0,262100.0,256830.0,288430.0,235980.0,46275,32977.0,257350.0,1,257410.0,2,257420.0,2,257430.0,1,257440.0,1,257510.0,3,257520.0,2,257550.0,3,257560.0,1,257580.0,1,257460.0
sn2409,,13:39:25.500#,256830.0,262100.0,256830.0,288430.0,235980.0,46275,32977.0,257410.0,2,257420.0,1,257430.0,1,257440.0,1,257450.0,1,257510.0,3,257520.0,2,257550.0,3,257560.0,1,257580.0,1,257460.0
sn2409,,13:39:26.0#,256830.0,262100.0,256830.0,288430.0,235980.0,46275,32977.0,257410.0,2,257420.0,1,257430.0,1,257440.0,1,257450.0,1,257500.0,2,257510.0,4,257520.0,1,257550.0,3,257560.0,1,257460.0
sn2409,,13:39:26.500#,256830.0,262100.0,256830.0,288430.0,235980.0,46280,32978.0,257270.0,2,257280.0,2,257300.0,1,257310.0,3,257350.0,1,257380.0,1,257410.0,3,257450.0,4,257480.0,2,257490.0,1,257410.0
sn2409,,13:39:27.0#,256830.0,262100.0,256830.0,288430.0,235980.0,46284,32977.0,257250.0,1,257270.0,2,257280.0,2,257300.0,1,257310.0,3,257440.0,2,257450.0,4,257470.0,1,257480.0,2,257490.0,2,257350.0
sn2409,,13:39:27.500#,256830.0,262100.0,256830.0,288430.0,235980.0,46285,32977.0,257250.0,1,257270.0,2,257280.0,2,257300.0,1,257310.0,1,257430.0,5,257440.0,1,257450.0,6,257480.0,2,257490.0,2,257350.0
sn2409,,13:39:28.0#,256830.0,262100.0,256830.0,288430.0,235980.0,46285,32977.0,257270.0,2,257280.0,2,257300.0,1,257320.0,1,257400.0,1,257420.0,3,257430.0,6,257440.0,1,257450.0,5,257480.0,2,257350.0
sn2409,,13:39:28.500#,256830.0,262100.0,256830.0,288430.0,235980.0,46286,32978.0,257200.0,16,257250.0,1,257270.0,2,257280.0,2,257300.0,1,257390.0,1,257400.0,6,257410.0,1,257420.0,4,257430.0,6,257390.0
sn2409,,13:39:29.0#,256830.0,262100.0,256830.0,288430.0,235980.0,46286,32978.0,257270.0,2,257280.0,2,257300.0,1,257310.0,2,257320.0,1,257400.0,1,257410.0,1,257420.0,2,257430.0,3,257450.0,5,257390.0
sn2409,,13:39:29.500#,256830.0,262100.0,256830.0,288430.0,235980.0,46287,32978.0,257280.0,2,257300.0,1,257310.0,2,257320.0,1,257330.0,1,257390.0,1,257410.0,1,257420.0,2,257430.0,3,257450.0,5,257330.0
sn2409,,13:39:30.0#,256830.0,262100.0,256830.0,288430.0,235980.0,46287,32978.0,257300.0,1,257310.0,2,257320.0,1,257330.0,1,257350.0,1,257390.0,2,257420.0,1,257430.0,3,257450.0,5,257490.0,2,257330.0
sn2409,,13:39:30.500#,256830.0,262100.0,256830.0,288430.0,235980.0,46288,32977.0,257270.0,2,257280.0,2,257300.0,1,257310.0,2,257320.0,1,257390.0,5,257420.0,1,257430.0,3,257450.0,5,257490.0,2,257330.0
sn2409,,13:39:31.0#,256830.0,262100.0,256830.0,288430.0,235980.0,46288,32977.0,257250.0,1,257270.0,2,257280.0,2,257300.0,1,257310.0,2,257380.0,2,257390.0,5,257420.0,1,257430.0,3,257450.0,5,257330.0
sn2409,,13:39:31.500#,256830.0,262100.0,256830.0,288430.0,235980.0,46288,32977.0,257200.0,16,257250.0,1,257270.0,2,257280.0,2,257300.0,1,257370.0,2,257380.0,2,257390.0,4,257420.0,1,257430.0,3,257330.0
sn2409,,13:39:32.0#,256830.0,262100.0,256830.0,288430.0,235980.0,46289,32978.0,257200.0,16,257250.0,1,257270.0,2,257280.0,2,257300.0,1,257360.0,1,257370.0,3,257380.0,2,257390.0,4,257420.0,1,257350.0
sn2409,,13:39:32.500#,256830.0,262100.0,256830.0,288430.0,235980.0,46290,32978.0,257200.0,16,257250.0,1,257270.0,2,257280.0,2,257300.0,1,257360.0,2,257370.0,2,257380.0,1,257390.0,4,257430.0,3,257310.0
sn2409,,13:39:33.0#,256830.0,262100.0,256830.0,288430.0,235980.0,46291,32978.0,257200.0,16,257250.0,1,257270.0,2,257280.0,2,257310.0,1,257350.0,3,257360.0,3,257370.0,2,257390.0,4,257430.0,3,257300.0
sn2409,,13:39:33.500#,256830.0,262100.0,256830.0,288430.0,235980.0,46292,32978.0,257190.0,1,257200.0,16,257250.0,1,257270.0,2,257280.0,2,257350.0,4,257360.0,3,257370.0,2,257390.0,4,257420.0,1,257300.0
sn2409,,13:39:34.0#,256830.0,262100.0,256830.0,288430.0,235980.0,46302,32983.0,257190.0,2,257200.0,16,257250.0,1,257270.0,2,257280.0,2,257370.0,2,257390.0,4,257420.0,1,257430.0,3,257450.0,6,257360.0
sn2409,,13:39:34.500#,256830.0,262100.0,256830.0,288430.0,235980.0,46303,32983.0,257200.0,16,257250.0,1,257270.0,2,257280.0,2,257290.0,2,257360.0,3,257370.0,2,257390.0,4,257420.0,1,257430.0,3,257290.0
sn2409,,13:39:35.0#,256830.0,262100.0,256830.0,288430.0,235980.0,46303,32983.0,257250.0,1,257270.0,2,257280.0,2,257290.0,1,257300.0,2,257360.0,4,257370.0,2,257390.0,4,257420.0,1,257430.0,3,257290.0
sn2409,,13:39:35.500#,256830.0,262100.0,256830.0,288430.0,235980.0,46303,32983.0,257250.0,1,257270.0,2,257280.0,2,257290.0,1,257300.0,1,257360.0,4,257370.0,2,257390.0,4,257420.0,1,257430.0,3,257290.0
sn2409,,13:39:36.0#,256830.0,262100.0,256830.0,288430.0,235980.0,46305,32985.0,257180.0,5,257190.0,2,257200.0,16,257250.0,1,257270.0,2,257300.0,1,257350.0,1,257360.0,3,257370.0,2,257390.0,4,257280.0
sn2409,,13:39:36.500#,256830.0,262100.0,256830.0,288430.0,235980.0,46307,32986.0,257250.0,1,257270.0,2,257280.0,1,257290.0,1,257300.0,2,257350.0,1,257360.0,2,257370.0,2,257390.0,4,257420.0,1,257300.0
sn2409,,13:39:37.0#,256830.0,262100.0,256830.0,288430.0,235980.0,46311,32985.0,257200.0,16,257250.0,1,257270.0,2,257290.0,1,257300.0,1,257370.0,2,257390.0,4,257420.0,1,257430.0,3,257450.0,4,257330.0
sn2409,,13:39:37.500#,256830.0,262100.0,256830.0,288430.0,235980.0,46312,32985.0,257250.0,1,257270.0,2,257290.0,1,257300.0,1,257310.0,4,257370.0,1,257390.0,4,257420.0,1,257430.0,3,257450.0,4,257330.0
sn2409,,13:39:38.0#,256830.0,262100.0,256830.0,288430.0,235980.0,46314,32985.0,257270.0,2,257290.0,1,257300.0,1,257310.0,4,257320.0,2,257350.0,1,257390.0,4,257420.0,1,257430.0,3,257450.0,4,257320.0
sn2409,,13:39:38.500#,256830.0,262100.0,256830.0,288430.0,235980.0,46316,32986.0,257270.0,2,257290.0,1,257300.0,1,257310.0,4,257320.0,2,257390.0,4,257420.0,1,257430.0,3,257450.0,4,257490.0,1,257350.0
sn2409,,13:39:39.0#,256830.0,262100.0,256830.0,288430.0,235980.0,46316,32986.0,257290.0,1,257300.0,1,257310.0,4,257320.0,2,257330.0,1,257390.0,4,257420.0,1,257430.0,3,257450.0,4,257490.0,1,257350.0
sn2409,,13:39:39.500#,256830.0,262100.0,256830.0,288430.0,235980.0,46316,32986.0,257300.0,1,257310.0,2,257320.0,2,257330.0,1,257340.0,1,257390.0,5,257420.0,1,257430.0,3,257450.0,4,257490.0,1,257350.0
sn2409,,13:39:40.0#,256830.0,262100.0,256830.0,288430.0,235980.0,46318,32986.0,257200.0,16,257250.0,1,257270.0,2,257290.0,1,257300.0,1,257330.0,1,257340.0,1,257370.0,1,257390.0,6,257420.0,1,257320.0
sn2409,,13:39:40.500#,256830.0,262100.0,256830.0,288430.0,235980.0,46320,32986.0,257200.0,16,257250.0,1,257270.0,2,257290.0,1,257300.0,1,257330.0,1,257390.0,6,257420.0,1,257430.0,3,257450.0,4,257340.0
sn2409,,13:39:41.0#,256830.0,262100.0,256830.0,288430.0,235980.0,46320,32986.0,257200.0,16,257250.0,1,257270.0,2,257290.0,1,257300.0,1,257330.0,1,257390.0,6,257420.0,1,257430.0,3,257450.0,4,257340.0
sn2409,,13:39:41.500#,256830.0,262100.0,256830.0,288430.0,235980.0,46320,32986.0,257200.0,16,257250.0,1,257270.0,2,257290.0,1,257300.0,1,257330.0,1,257390.0,5,257420.0,1,257430.0,3,257450.0,3,257340.0
sn2409,,13:39:42.0#,256830.0,262100.0,256830.0,288430.0,235980.0,46321,32987.0,257250.0,1,257270.0,2,257290.0,1,257300.0,1,257310.0,2,257330.0,1,257390.0,5,257420.0,1,257430.0,3,257450.0,3,257340.0
sn2409,,13:39:42.500#,256830.0,262100.0,256830.0,288430.0,235980.0,46322,32987.0,257290.0,1,257300.0,1,257310.0,2,257320.0,2,257330.0,1,257390.0,5,257420.0,1,257430.0,3,257450.0,3,257490.0,1,257340.0
sn2409,,13:39:43.0#,256830.0,262100.0,256830.0,288430.0,235980.0,46322,32987.0,257300.0,1,257310.0,2,257320.0,2,257330.0,1,257340.0,2,257390.0,6,257420.0,1,257430.0,2,257450.0,3,257490.0,1,257340.0
sn2409,,13:39:43.500#,256830.0,262100.0,256830.0,288430.0,235980.0,46322,32987.0,257310.0,2,257320.0,2,257330.0,1,257340.0,3,257350.0,1,257390.0,6,257420.0,1,257430.0,2,257450.0,3,257490.0,1,257340.0
sn2409,,13:39:44.0#,256830.0,262100.0,256830.0,288430.0,235980.0,46322,32987.0,257320.0,2,257330.0,1,257340.0,3,257350.0,1,257360.0,3,257390.0,6,257420.0,1,257430.0,2,257450.0,3,257490.0,1,257340.0
sn2409,,13:39:44.500#,256830.0,262100.0,256830.0,288430.0,235980.0,46323,32987.0,257320.0,2,257330.0,1,257340.0,3,257350.0,1,257360.0,3,257390.0,5,257420.0,1,257430.0,2,257450.0,3,257490.0,1,257390.0
sn2409,,13:39:45.0#,256830.0,262100.0,256830.0,288430.0,235980.0,46324,32988.0,257320.0,2,257330.0,1,257340.0,3,257350.0,1,257360.0,2,257390.0,4,257420.0,1,257430.0,2,257450.0,3,257490.0,1,257390.0
sn2409,,13:39:45.500#,256830.0,262100.0,256830.0,288430.0,235980.0,46325,32988.0,257330.0,1,257340.0,3,257350.0,1,257360.0,3,257370.0,2,257390.0,3,257420.0,1,257450.0,2,257490.0,1,257500.0,3,257390.0
sn2409,,13:39:46.0#,256830.0,262100.0,256830.0,288430.0,235980.0,46325,32988.0,257270.0,2,257290.0,3,257300.0,1,257340.0,2,257360.0,1,257390.0,3,257420.0,1,257450.0,2,257490.0,1,257500.0,3,257390.0
sn2409,,13:39:46.500#,256830.0,262100.0,256830.0,288430.0,235980.0,46326,32989.0,257190.0,1,257200.0,16,257250.0,1,257270.0,2,257290.0,3,257390.0,3,257420.0,1,257450.0,2,257490.0,1,257500.0,3,257360.0
sn2409,,13:39:47.0#,256830.0,262100.0,256830.0,288430.0,235980.0,46326,32989.0,257250.0,1,257270.0,2,257290.0,3,257300.0,3,257310.0,2,257390.0,3,257420.0,1,257450.0,2,257490.0,1,257500.0,3,257360.0
sn2409,,13:39:47.500#,256830.0,262100.0,256830.0,288430.0,235980.0,46327,32989.0,257250.0,1,257270.0,2,257290.0,3,257300.0,3,257310.0,2,257380.0,2,257390.0,3,257450.0,2,257490.0,1,257500.0,3,257320.0
sn2409,,13:39:48.0#,256830.0,262100.0,256830.0,288430.0,235980.0,46327,32989.0,257270.0,2,257290.0,3,257300.0,3,257310.0,2,257320.0,2,257380.0,1,257390.0,2,257450.0,2,257490.0,1,257500.0,3,257320.0
sn2409,,13:39:48.500#,256830.0,262100.0,256830.0,288430.0,235980.0,46327,32989.0,257290.0,3,257300.0,1,257310.0,2,257320.0,2,257330.0,3,257380.0,1,257390.0,2,257450.0,2,257490.0,1,257500.0,3,257320.0
sn2409,,13:39:49.0#,256830.0,262100.0,256830.0,288430.0,235980.0,46332,32991.0,257250.0,1,257270.0,2,257290.0,3,257310.0,2,257330.0,1,257380.0,1,257390.0,2,257450.0,2,257490.0,1,257500.0,3,257330.0
sn2409,,13:39:49.500#,256830.0,262100.0,256830.0,288430.0,235980.0,46336,32995.0,257340.0,1,257350.0,1,257380.0,2,257390.0,11,257420.0,1,257450.0,2,257490.0,1,257500.0,3,257520.0,1,257530.0,1,257390.0
sn2409,,13:39:50.0#,256830.0,262100.0,256830.0,288430.0,235980.0,46339,32998.0,257350.0,2,257360.0,1,257380.0,2,257390.0,11,257420.0,1,257450.0,2,257500.0,3,257530.0,1,257550.0,2,257600.0,2,257490.0
sn2409,,13:39:50.500#,256830.0,262100.0,256830.0,288430.0,235980.0,46342,32999.0,257340.0,1,257350.0,1,257380.0,2,257390.0,11,257420.0,1,257450.0,1,257530.0,1,257550.0,2,257600.0,2,257610.0,1,257450.0
sn2409,,13:39:51.0#,256830.0,262100.0,256830.0,288430.0,235980.0,46342,32999.0,257350.0,1,257380.0,2,257390.0,11,257420.0,1,257430.0,1,257450.0,1,257530.0,1,257550.0,2,257600.0,2,257610.0,1,257450.0
sn2409,,13:39:51.500#,256830.0,262100.0,256830.0,288430.0,235980.0,46342,32999.0,257340.0,1,257350.0,1,257380.0,1,257390.0,11,257420.0,1,257450.0,2,257530.0,1,257550.0,2,257600.0,2,257610.0,1,257450.0
sn2409,,13:39:52.0#,256830.0,262100.0,256830.0,288430.0,235980.0,46343,33000.0,257330.0,1,257340.0,1,257350.0,1,257380.0,1,257390.0,11,257450.0,1,257530.0,1,257550.0,2,257600.0,2,257610.0,1,257450.0
sn2409,,13:39:52.500#,256830.0,262100.0,256830.0,288430.0,235980.0,46343,33000.0,257340.0,1,257350.0,1,257380.0,1,257390.0,11,257400.0,1,257450.0,1,257530.0,1,257550.0,2,257600.0,2,257610.0,1,257450.0
sn2409,,13:39:53.0#,256830.0,262100.0,256830.0,288430.0,235980.0,46343,33000.0,257340.0,1,257350.0,1,257380.0,1,257390.0,11,257400.0,1,257420.0,7,257450.0,1,257530.0,1,257550.0,2,257600.0,2,257450.0
sn2409,,13:39:53.500#,256830.0,262100.0,256830.0,288430.0,235980.0,46343,33000.0,257330.0,1,257340.0,1,257350.0,1,257380.0,1,257390.0,11,257420.0,8,257530.0,1,257550.0,2,257600.0,2,257610.0,1,257450.0
sn2409,,13:39:54.0#,256830.0,262100.0,256830.0,288430.0,235980.0,46355,33003.0,257340.0,1,257350.0,1,257380.0,1,257390.0,11,257450.0,15,257490.0,1,257530.0,1,257550.0,2,257600.0,2,257610.0,1,257450.0
sn2409,,13:39:54.500#,256830.0,262100.0,256830.0,288430.0,235980.0,46360,32998.0,257340.0,1,257350.0,1,257380.0,1,257390.0,11,257450.0,11,257470.0,2,257480.0,2,257490.0,1,257530.0,1,257550.0,2,257450.0
sn2409,,13:39:55.0#,256830.0,262100.0,256830.0,288430.0,235980.0,46369,32997.0,257340.0,1,257350.0,1,257380.0,1,257390.0,11,257450.0,2,257470.0,2,257490.0,2,257530.0,1,257550.0,2,257600.0,2,257450.0
sn2409,,13:39:55.500#,256830.0,262100.0,256830.0,288430.0,235980.0,46369,32997.0,257340.0,1,257350.0,1,257380.0,1,257390.0,11,257450.0,2,257490.0,2,257530.0,1,257550.0,2,257600.0,2,257610.0,1,257450.0
sn2409,,13:39:56.0#,256830.0,262100.0,256830.0,288430.0,235980.0,46369,32997.0,257340.0,1,257350.0,1,257380.0,1,257390.0,10,257450.0,2,257490.0,2,257530.0,1,257550.0,2,257600.0,2,257610.0,1,257450.0
sn2409,,13:39:56.500#,256830.0,262100.0,256830.0,288430.0,235980.0,46370,32997.0,257340.0,1,257350.0,1,257380.0,1,257390.0,10,257450.0,1,257490.0,2,257530.0,1,257600.0,2,257610.0,1,257620.0,1,257450.0
sn2409,,13:39:57.0#,256830.0,262100.0,256830.0,288430.0,235980.0,46372,32996.0,257340.0,1,257350.0,1,257380.0,1,257390.0,10,257450.0,1,257530.0,1,257600.0,2,257610.0,1,257620.0,1,257650.0,1,257490.0
sn2409,,13:39:57.500#,256830.0,262100.0,256830.0,288430.0,235980.0,46372,32996.0,257350.0,1,257380.0,1,257390.0,10,257450.0,1,257460.0,3,257490.0,1,257530.0,1,257610.0,1,257620.0,1,257650.0,1,257490.0
sn2409,,13:39:58.0#,256830.0,262100.0,256830.0,288430.0,235980.0,46380,32994.0,257340.0,1,257350.0,1,257380.0,1,257390.0,10,257450.0,1,257530.0,1,257610.0,1,257620.0,1,257650.0,1,257680.0,1,257460.0
sn2409,,13:39:58.500#,256830.0,262100.0,256830.0,288430.0,235980.0,46380,32994.0,257340.0,1,257350.0,1,257380.0,1,257390.0,10,257450.0,1,257490.0,1,257520.0,5,257530.0,1,257610.0,1,257620.0,1,257460.0
sn2409,,13:39:59.0#,256830.0,262100.0,256830.0,288430.0,235980.0,46380,32994.0,257340.0,1,257350.0,1,257380.0,1,257390.0,10,257450.0,1,257490.0,1,257520.0,5,257530.0,1,257610.0,1,257620.0,1,257460.0
sn2409,,13:39:59.500#,256830.0,262100.0,256830.0,288430.0,235980.0,46381,32994.0,257290.0,3,257330.0,1,257340.0,1,257350.0,1,257390.0,10,257490.0,1,257520.0,4,257530.0,1,257610.0,1,257620.0,1,257450.0
sn2409,,13:40:00.0#,256830.0,262100.0,256830.0,288430.0,235980.0,46381,32994.0,257340.0,1,257350.0,1,257390.0,10,257400.0,1,257410.0,1,257490.0,1,257520.0,4,257530.0,1,257610.0,1,257620.0,1,257450.0
sn2409,,13:40:00.500#,256830.0,262100.0,256830.0,288430.0,235980.0,46381,32994.0,257390.0,10,257400.0,1,257410.0,2,257420.0,1,257430.0,3,257490.0,1,257520.0,1,257530.0,1,257610.0,1,257620.0,1,257450.0
sn2409,,13:40:01.0#,256830.0,262100.0,256830.0,288430.0,235980.0,46381,32994.0,257340.0,1,257350.0,1,257390.0,10,257410.0,1,257430.0,1,257490.0,1,257520.0,1,257530.0,1,257610.0,1,257620.0,1,257450.0
sn2409,,13:40:01.500#,256830.0,262100.0,256830.0,288430.0,235980.0,46381,32994.0,257350.0,1,257390.0,10,257410.0,1,257430.0,1,257440.0,1,257490.0,1,257520.0,1,257530.0,1,257610.0,1,257620.0,1,257450.0
sn2409,,13:40:02.0#,256830.0,262100.0,256830.0,288430.0,235980.0,46382,32994.0,257330.0,1,257350.0,1,257390.0,10,257410.0,1,257440.0,1,257480.0,1,257490.0,1,257520.0,1,257530.0,1,257610.0,1,257440.0
sn2409,,13:40:02.500#,256830.0,262100.0,256830.0,288430.0,235980.0,46384,32994.0,257350.0,1,257390.0,10,257410.0,1,257440.0,4,257450.0,1,257520.0,1,257530.0,1,257610.0,1,257620.0,1,257650.0,1,257480.0
sn2409,,13:40:03.0#,256830.0,262100.0,256830.0,288430.0,235980.0,46385,32995.0,257350.0,1,257390.0,10,257410.0,1,257450.0,2,257480.0,1,257510.0,1,257530.0,1,257610.0,1,257620.0,1,257650.0,1,257460.0
sn2409,,13:40:03.500#,256830.0,262100.0,256830.0,288430.0,235980.0,46385,32995.0,257390.0,10,257410.0,1,257420.0,1,257460.0,1,257480.0,5,257510.0,2,257530.0,1,257610.0,1,257620.0,1,257650.0,1,257460.0
sn2409,,13:40:04.0#,256830.0,262100.0,256830.0,288430.0,235980.0,46387,32995.0,257390.0,10,257410.0,1,257420.0,1,257460.0,1,257480.0,4,257510.0,1,257530.0,1,257610.0,1,257620.0,1,257650.0,1,257510.0
sn2409,,13:40:04.500#,256830.0,262100.0,256830.0,288430.0,235980.0,46388,32996.0,257350.0,1,257390.0,10,257410.0,1,257420.0,2,257480.0,4,257510.0,3,257530.0,1,257610.0,1,257620.0,1,257650.0,1,257510.0
sn2409,,13:40:05.0#,256830.0,262100.0,256830.0,288430.0,235980.0,46388,32996.0,257350.0,1,257390.0,10,257410.0,1,257420.0,2,257480.0,4,257510.0,3,257530.0,1,257610.0,1,257620.0,1,257650.0,1,257510.0
sn2409,,13:40:05.500#,256830.0,262100.0,256830.0,288430.0,235980.0,46392,32998.0,257420.0,2,257480.0,4,257490.0,2,257500.0,1,257510.0,3,257610.0,1,257620.0,1,257650.0,1,257680.0,1,257690.0,1,257530.0
sn2409,,13:40:06.0#,256830.0,262100.0,256830.0,288430.0,235980.0,46392,32998.0,257420.0,2,257480.0,1,257490.0,2,257510.0,7,257520.0,1,257590.0,2,257600.0,2,257610.0,2,257650.0,1,257690.0,1,257530.0
sn2409,,13:40:06.500#,256830.0,262100.0,256830.0,288430.0,235980.0,46392,32998.0,257390.0,10,257420.0,2,257490.0,1,257510.0,6,257520.0,5,257580.0,2,257600.0,2,257610.0,2,257650.0,1,257690.0,1,257530.0
sn2409,,13:40:07.0#,256830.0,262100.0,256830.0,288430.0,235980.0,46393,32999.0,257390.0,10,257420.0,2,257490.0,1,257510.0,4,257520.0,4,257570.0,1,257580.0,4,257610.0,1,257650.0,1,257690.0,1,257570.0
sn2409,,13:40:07.500#,256830.0,262100.0,256830.0,288430.0,235980.0,46394,32998.0,257420.0,2,257490.0,1,257510.0,4,257520.0,4,257530.0,2,257560.0,1,257570.0,1,257580.0,1,257610.0,1,257650.0,1,257570.0
sn2409,,13:40:08.0#,256830.0,262100.0,256830.0,288430.0,235980.0,46395,32998.0,257390.0,10,257420.0,2,257490.0,1,257510.0,4,257530.0,2,257550.0,2,257560.0,1,257580.0,1,257610.0,1,257650.0,1,257530.0
sn2409,,13:40:08.500#,256830.0,262100.0,256830.0,288430.0,235980.0,46403,32997.0,257330.0,1,257390.0,10,257420.0,2,257490.0,1,257510.0,4,257530.0,18,257560.0,1,257610.0,1,257650.0,1,257690.0,1,257530.0
sn2409,,13:40:09.0#,256830.0,262100.0,256830.0,288430.0,235980.0,46410,33000.0,257270.0,2,257290.0,3,257330.0,1,257390.0,10,257420.0,2,257490.0,1,257500.0,1,257510.0,6,257520.0,2,257530.0,28,257490.0
sn2409,,13:40:09.500#,256830.0,262100.0,256830.0,288430.0,235980.0,46410,33000.0,257270.0,2,257290.0,3,257330.0,1,257390.0,10,257420.0,2,257480.0,5,257490.0,2,257510.0,3,257520.0,3,257530.0,29,257490.0
sn2409,,13:40:10.0#,256830.0,262100.0,256830.0,288430.0,235980.0,46411,33000.0,257270.0,2,257290.0,3,257330.0,1,257390.0,10,257420.0,2,257480.0,3,257490.0,2,257510.0,2,257520.0,3,257530.0,29,257490.0
sn2409,,13:40:10.500#,256830.0,262100.0,256830.0,288430.0,235980.0,46411,33000.0,257330.0,1,257390.0,10,257420.0,2,257430.0,2,257440.0,1,257470.0,2,257480.0,3,257490.0,1,257510.0,1,257520.0,3,257490.0
sn2409,,13:40:11.0#,256830.0,262100.0,256830.0,288430.0,235980.0,46411,33000.0,257270.0,2,257290.0,3,257330.0,1,257390.0,10,257420.0,2,257460.0,1,257470.0,2,257480.0,1,257490.0,1,257500.0,1,257490.0
sn2409,,13:40:11.500#,256830.0,262100.0,256830.0,288430.0,235980.0,46412,33000.0,257290.0,3,257330.0,1,257390.0,10,257420.0,2,257430.0,1,257470.0,2,257480.0,1,257490.0,1,257500.0,1,257510.0,1,257460.0
sn2409,,13:40:12.0#,256830.0,262100.0,256830.0,288430.0,235980.0,46413,33000.0,257270.0,2,257290.0,3,257330.0,1,257390.0,10,257420.0,2,257470.0,3,257490.0,1,257500.0,1,257510.0,1,257520.0,6,257460.0
sn2409,,13:40:12.500#,256830.0,262100.0,256830.0,288430.0,235980.0,46413,33000.0,257270.0,2,257290.0,3,257330.0,1,257390.0,10,257420.0,2,257460.0,2,257470.0,3,257490.0,1,257500.0,1,257510.0,1,257460.0
sn2409,,13:40:13.0#,256830.0,262100.0,256830.0,288430.0,235980.0,46414,32999.0,257270.0,2,257290.0,3,257330.0,1,257390.0,10,257420.0,1,257450.0,2,257460.0,3,257490.0,1,257500.0,1,257520.0,6,257420.0
sn2409,,13:40:13.500#,256830.0,262100.0,256830.0,288430.0,235980.0,46414,32999.0,257270.0,1,257290.0,3,257330.0,1,257390.0,10,257420.0,1,257450.0,2,257460.0,3,257490.0,1,257500.0,1,257520.0,6,257420.0
sn2409,,13:40:14.0#,256830.0,262100.0,256830.0,288430.0,235980.0,46414,32999.0,257270.0,1,257290.0,3,257330.0,1,257390.0,10,257420.0,1,257450.0,2,257460.0,3,257490.0,1,257500.0,1,257520.0,6,257420.0
sn2409,,13:40:14.500#,256830.0,262100.0,256830.0,288430.0,235980.0,46414,32999.0,257270.0,1,257290.0,3,257330.0,1,257390.0,10,257420.0,1,257450.0,3,257460.0,2,257490.0,1,257500.0,1,257520.0,6,257420.0
sn2409,,13:40:15.0#,256830.0,262100.0,256830.0,288430.0,235980.0,46414,32999.0,257270.0,1,257290.0,3,257330.0,1,257390.0,10,257420.0,1,257450.0,1,257460.0,2,257490.0,1,257500.0,1,257520.0,6,257420.0
sn2409,,13:40:15.500#,256830.0,262100.0,256830.0,288430.0,235980.0,46414,32999.0,257270.0,1,257290.0,3,257330.0,1,257390.0,10,257420.0,1,257450.0,1,257460.0,2,257490.0,1,257500.0,1,257520.0,6,257420.0
sn2409,,13:40:16.0#,256830.0,262100.0,256830.0,288430.0,235980.0,46415,32999.0,257260.0,1,257270.0,1,257290.0,3,257330.0,1,257390.0,10,257410.0,1,257420.0,4,257440.0,2,257450.0,1,257460.0,2,257420.0
sn2409,,13:40:16.500#,256830.0,262100.0,256830.0,288430.0,235980.0,46419,33002.0,257260.0,1,257270.0,1,257290.0,3,257380.0,1,257390.0,7,257410.0,1,257420.0,3,257440.0,2,257460.0,2,257500.0,1,257410.0
sn2409,,13:40:17.0#,256830.0,262100.0,256830.0,288430.0,235980.0,46421,33004.0,257260.0,1,257270.0,1,257290.0,3,257380.0,1,257390.0,5,257410.0,1,257420.0,3,257440.0,2,257460.0,2,257500.0,1,257390.0
sn2409,,13:40:17.500#,256830.0,262100.0,256830.0,288430.0,235980.0,46421,33004.0,257260.0,1,257270.0,1,257290.0,3,257380.0,2,257390.0,5,257410.0,1,257420.0,3,257440.0,2,257460.0,2,257500.0,1,257390.0
sn2409,,13:40:18.0#,256830.0,262100.0,256830.0,288430.0,235980.0,46424,33006.0,257260.0,1,257270.0,1,257290.0,3,257380.0,2,257390.0,4,257420.0,1,257440.0,1,257460.0,2,257500.0,1,257520.0,2,257390.0
sn2409,,13:40:18.500#,256830.0,262100.0,256830.0,288430.0,235980.0,46424,33006.0,257270.0,1,257290.0,3,257380.0,2,257390.0,4,257410.0,1,257420.0,1,257440.0,1,257460.0,2,257500.0,1,257520.0,2,257390.0
sn2409,,13:40:19.0#,256830.0,262100.0,256830.0,288430.0,235980.0,46426,33005.0,257270.0,1,257290.0,3,257380.0,2,257390.0,4,257410.0,2,257460.0,2,257500.0,1,257520.0,2,257530.0,29,257590.0,1,257420.0
sn2409,,13:40:19.500#,256830.0,262100.0,256830.0,288430.0,235980.0,46426,33005.0,257270.0,1,257290.0,3,257380.0,2,257390.0,4,257410.0,2,257450.0,2,257460.0,3,257500.0,1,257520.0,2,257530.0,29,257420.0
sn2409,,13:40:20.0#,256830.0,262100.0,256830.0,288430.0,235980.0,46426,33005.0,257270.0,1,257290.0,3,257380.0,2,257390.0,4,257410.0,2,257450.0,2,257460.0,1,257500.0,1,257520.0,2,257530.0,29,257420.0
sn2409,,13:40:20.500#,256830.0,262100.0,256830.0,288430.0,235980.0,46430,33008.0,257260.0,1,257270.0,1,257290.0,3,257380.0,2,257390.0,3,257410.0,1,257450.0,1,257500.0,1,257520.0,3,257530.0,29,257390.0
sn2409,,13:40:21.0#,256830.0,262100.0,256830.0,288430.0,235980.0,46431,33008.0,257270.0,1,257290.0,3,257380.0,3,257390.0,3,257410.0,4,257450.0,1,257500.0,1,257520.0,3,257530.0,29,257590.0,1,257410.0
sn2409,,13:40:21.500#,256830.0,262100.0,256830.0,288430.0,235980.0,46433,33010.0,257270.0,1,257290.0,3,257380.0,3,257390.0,3,257410.0,4,257500.0,1,257520.0,3,257530.0,29,257590.0,1,257610.0,1,257450.0
sn2409,,13:40:22.0#,256830.0,262100.0,256830.0,288430.0,235980.0,46434,33010.0,257270.0,1,257290.0,3,257380.0,3,257390.0,3,257410.0,3,257480.0,1,257490.0,3,257500.0,1,257520.0,3,257530.0,29,257410.0
sn2409,,13:40:22.500#,256830.0,262100.0,256830.0,288430.0,235980.0,46434,33010.0,257290.0,3,257380.0,3,257390.0,3,257410.0,3,257420.0,1,257490.0,3,257500.0,1,257520.0,3,257530.0,29,257590.0,1,257410.0
sn2409,,13:40:23.0#,256830.0,262100.0,256830.0,288430.0,235980.0,46435,33011.0,257290.0,3,257380.0,3,257390.0,3,257410.0,2,257420.0,2,257490.0,3,257500.0,1,257520.0,3,257530.0,29,257590.0,1,257490.0
sn2409,,13:40:23.500#,256830.0,262100.0,256830.0,288430.0,235980.0,46435,33011.0,257380.0,3,257390.0,3,257410.0,2,257420.0,1,257430.0,2,257490.0,1,257500.0,1,257520.0,3,257530.0,29,257590.0,1,257490.0
sn2409,,13:40:24.0#,256830.0,262100.0,256830.0,288430.0,235980.0,46436,33010.0,257290.0,3,257380.0,3,257390.0,3,257410.0,2,257430.0,2,257490.0,1,257500.0,1,257520.0,3,257530.0,29,257590.0,1,257430.0
sn2409,,13:40:24.500#,256830.0,262100.0,256830.0,288430.0,235980.0,46436,33010.0,257290.0,3,257380.0,3,257390.0,3,257410.0,2,257430.0,2,257480.0,3,257490.0,1,257500.0,1,257520.0,3,257530.0,29,257430.0
sn2409,,13:40:25.0#,256830.0,262100.0,256830.0,288430.0,235980.0,46436,33010.0,257290.0,3,257380.0,3,257390.0,3,257410.0,2,257430.0,2,257480.0,3,257500.0,1,257520.0,3,257530.0,29,257590.0,1,257430.0
sn2409,,13:40:25.500#,256830.0,262100.0,256830.0,288430.0,235980.0,46436,33010.0,257290.0,3,257380.0,3,257390.0,3,257410.0,2,257430.0,2,257480.0,1,257500.0,1,257520.0,3,257530.0,29,257590.0,1,257430.0
sn2409,,13:40:26.0#,256830.0,262100.0,256830.0,288430.0,235980.0,46436,33010.0,257390.0,3,257410.0,2,257430.0,2,257440.0,2,257450.0,11,257480.0,1,257500.0,1,257520.0,2,257530.0,29,257590.0,1,257430.0
sn2409,,13:40:26.500#,256830.0,262100.0,256830.0,288430.0,235980.0,46439,33012.0,257410.0,2,257430.0,2,257440.0,1,257450.0,10,257480.0,1,257520.0,2,257530.0,29,257590.0,1,257610.0,1,257620.0,1,257500.0
sn2409,,13:40:27.0#,256830.0,262100.0,256830.0,288430.0,235980.0,46440,33012.0,257390.0,3,257410.0,2,257430.0,1,257440.0,1,257450.0,10,257470.0,1,257520.0,1,257530.0,29,257590.0,1,257610.0,1,257480.0
sn2409,,13:40:27.500#,256830.0,262100.0,256830.0,288430.0,235980.0,46442,33011.0,257380.0,3,257390.0,3,257410.0,2,257430.0,1,257450.0,10,257520.0,1,257530.0,29,257590.0,1,257610.0,1,257650.0,1,257470.0
sn2409,,13:40:28.0#,256830.0,262100.0,256830.0,288430.0,235980.0,46442,33011.0,257380.0,3,257390.0,3,257410.0,2,257430.0,1,257450.0,10,257500.0,1,257510.0,6,257520.0,1,257530.0,29,257590.0,1,257470.0
sn2409,,13:40:28.500#,256830.0,262100.0,256830.0,288430.0,235980.0,46442,33011.0,257380.0,3,257390.0,3,257410.0,2,257430.0,1,257450.0,10,257500.0,2,257510.0,6,257520.0,1,257530.0,29,257590.0,1,257470.0
sn2409,,13:40:29.0#,256830.0,262100.0,256830.0,288430.0,235980.0,46442,33011.0,257390.0,3,257410.0,2,257430.0,1,257450.0,10,257480.0,2,257500.0,1,257510.0,1,257520.0,1,257530.0,29,257590.0,1,257470.0
sn2409,,13:40:29.500#,256830.0,262100.0,256830.0,288430.0,235980.0,46442,33011.0,257390.0,3,257410.0,2,257430.0,1,257450.0,10,257480.0,2,257500.0,1,257520.0,1,257530.0,29,257590.0,1,257610.0,1,257470.0
sn2409,,13:40:30.0#,256830.0,262100.0,256830.0,288430.0,235980.0,46442,33011.0,257410.0,2,257430.0,1,257450.0,10,257460.0,1,257480.0,2,257500.0,1,257520.0,1,257530.0,29,257590.0,1,257610.0,1,257470.0
sn2409,,13:40:30.500#,256830.0,262100.0,256830.0,288430.0,235980.0,46443,33012.0,257410.0,2,257430.0,1,257450.0,10,257460.0,1,257480.0,2,257500.0,1,257520.0,1,257530.0,29,257590.0,1,257610.0,1,257500.0
sn2409,,13:40:31.0#,256830.0,262100.0,256830.0,288430.0,235980.0,46445,33012.0,257430.0,1,257450.0,10,257460.0,1,257480.0,2,257500.0,2,257520.0,1,257530.0,29,257590.0,1,257610.0,1,257650.0,1,257500.0
sn2409,,13:40:31.500#,256830.0,262100.0,256830.0,288430.0,235980.0,46446,33012.0,257430.0,1,257450.0,10,257460.0,1,257480.0,2,257500.0,8,257520.0,2,257530.0,29,257590.0,1,257610.0,1,257650.0,1,257520.0
sn2409,,13:40:32.0#,256830.0,262100.0,256830.0,288430.0,235980.0,46452,33014.0,257450.0,10,257460.0,1,257480.0,2,257500.0,8,257520.0,1,257530.0,26,257590.0,1,257610.0,1,257650.0,1,257660.0,1,257520.0
sn2409,,13:40:32.500#,256830.0,262100.0,256830.0,288430.0,235980.0,46482,33039.0,257530.0,5,257540.0,2,257550.0,3,257560.0,1,257570.0,1,257590.0,1,257610.0,1,257650.0,4,257660.0,4,257680.0,1,257530.0
sn2409,,13:40:33.0#,256830.0,262100.0,256830.0,288430.0,235980.0,46485,33039.0,257510.0,10,257530.0,7,257550.0,3,257560.0,1,257590.0,1,257650.0,1,257690.0,1,257700.0,1,257720.0,2,257770.0,2,257610.0
sn2409,,13:40:33.500#,256830.0,262100.0,256830.0,288430.0,235980.0,46486,33039.0,257500.0,6,257510.0,10,257530.0,6,257590.0,1,257600.0,1,257610.0,2,257630.0,1,257640.0,2,257650.0,4,257690.0,1,257610.0
sn2409,,13:40:34.0#,256830.0,262100.0,256830.0,288430.0,235980.0,46490,33039.0,257500.0,6,257510.0,10,257530.0,5,257590.0,1,257610.0,1,257640.0,1,257650.0,2,257690.0,1,257700.0,1,257720.0,1,257590.0
sn2409,,13:40:34.500#,256830.0,262100.0,256830.0,288430.0,235980.0,46492,33038.0,257460.0,1,257480.0,2,257500.0,5,257510.0,10,257530.0,5,257590.0,2,257630.0,2,257640.0,2,257650.0,1,257690.0,1,257590.0
sn2409,,13:40:35.0#,256830.0,262100.0,256830.0,288430.0,235980.0,46494,33038.0,257500.0,5,257510.0,10,257530.0,5,257540.0,1,257620.0,1,257640.0,1,257650.0,1,257690.0,1,257700.0,1,257720.0,1,257590.0
sn2409,,13:40:35.500#,256830.0,262100.0,256830.0,288430.0,235980.0,46504,33036.0,257460.0,1,257480.0,2,257500.0,5,257510.0,10,257530.0,1,257590.0,1,257620.0,1,257640.0,1,257650.0,1,257690.0,1,257600.0
sn2409,,13:40:36.0#,256830.0,262100.0,256830.0,288430.0,235980.0,46506,33038.0,257480.0,2,257500.0,5,257510.0,10,257530.0,2,257540.0,3,257620.0,1,257650.0,1,257690.0,1,257700.0,1,257720.0,1,257590.0
sn2409,,13:40:36.500#,256830.0,262100.0,256830.0,288430.0,235980.0,46506,33038.0,257510.0,10,257530.0,2,257540.0,2,257550.0,2,257560.0,1,257620.0,1,257650.0,1,257690.0,1,257700.0,1,257720.0,1,257590.0
sn2409,,13:40:37.0#,256830.0,262100.0,256830.0,288430.0,235980.0,46506,33038.0,257510.0,10,257530.0,2,257540.0,2,257550.0,1,257570.0,3,257620.0,1,257650.0,1,257690.0,1,257700.0,1,257720.0,1,257590.0
sn2409,,13:40:37.500#,256830.0,262100.0,256830.0,288430.0,235980.0,46507,33038.0,257530.0,2,257570.0,3,257580.0,2,257590.0,1,257620.0,2,257650.0,1,257690.0,1,257700.0,1,257720.0,1,257770.0,2,257620.0
sn2409,,13:40:38.0#,256830.0,262100.0,256830.0,288430.0,235980.0,46510,33037.0,257510.0,10,257530.0,2,257570.0,3,257580.0,1,257610.0,1,257650.0,2,257690.0,1,257700.0,1,257720.0,1,257770.0,2,257620.0
sn2409,,13:40:38.500#,256830.0,262100.0,256830.0,288430.0,235980.0,46513,33036.0,257480.0,2,257500.0,5,257510.0,10,257530.0,2,257570.0,3,257650.0,1,257690.0,1,257700.0,1,257720.0,1,257770.0,2,257650.0
sn2409,,13:40:39.0#,256830.0,262100.0,256830.0,288430.0,235980.0,46515,33038.0,257480.0,2,257500.0,5,257510.0,10,257530.0,2,257570.0,3,257620.0,23,257630.0,1,257640.0,1,257650.0,1,257690.0,1,257620.0
sn2409,,13:40:39.500#,256830.0,262100.0,256830.0,288430.0,235980.0,46518,33038.0,257390.0,3,257480.0,2,257500.0,5,257510.0,10,257530.0,2,257610.0,1,257620.0,24,257630.0,1,257640.0,1,257690.0,1,257570.0
sn2409,,13:40:40.0#,256830.0,262100.0,256830.0,288430.0,235980.0,46520,33037.0,257480.0,2,257500.0,5,257510.0,10,257530.0,2,257540.0,1,257610.0,1,257620.0,24,257630.0,1,257640.0,1,257690.0,1,257610.0
sn2409,,13:40:40.500#,256830.0,262100.0,256830.0,288430.0,235980.0,46521,33036.0,257530.0,1,257540.0,1,257550.0,4,257560.0,1,257570.0,2,257610.0,1,257620.0,23,257640.0,1,257690.0,1,257700.0,1,257610.0
sn2409,,13:40:41.0#,256830.0,262100.0,256830.0,288430.0,235980.0,46523,33037.0,257500.0,5,257510.0,10,257540.0,1,257550.0,1,257560.0,1,257620.0,23,257640.0,1,257690.0,1,257700.0,1,257720.0,1,257610.0
sn2409,,13:40:41.500#,256830.0,262100.0,256830.0,288430.0,235980.0,46524,33038.0,257510.0,10,257540.0,1,257560.0,1,257570.0,1,257580.0,1,257620.0,22,257690.0,1,257700.0,1,257720.0,1,257770.0,2,257620.0
sn2409,,13:40:42.0#,256830.0,262100.0,256830.0,288430.0,235980.0,46531,33040.0,257510.0,10,257540.0,1,257560.0,1,257570.0,1,257590.0,1,257620.0,16,257690.0,1,257700.0,1,257720.0,1,257770.0,2,257620.0
sn2409,,13:40:42.500#,256830.0,262100.0,256830.0,288430.0,235980.0,46532,33041.0,257480.0,2,257500.0,6,257510.0,10,257540.0,1,257570.0,1,257620.0,15,257690.0,1,257700.0,1,257720.0,1,257770.0,2,257620.0
sn2409,,13:40:43.0#,256830.0,262100.0,256830.0,288430.0,235980.0,46549,33040.0,257480.0,2,257500.0,6,257510.0,10,257550.0,1,257620.0,3,257690.0,1,257700.0,1,257720.0,1,257770.0,2,257800.0,2,257620.0
sn2409,,13:40:43.500#,256830.0,262100.0,256830.0,288430.0,235980.0,46550,33039.0,257500.0,6,257510.0,10,257530.0,1,257550.0,1,257620.0,3,257670.0,2,257680.0,2,257690.0,1,257700.0,1,257720.0,1,257620.0
sn2409,,13:40:44.0#,256830.0,262100.0,256830.0,288430.0,235980.0,46550,33039.0,257500.0,6,257510.0,10,257530.0,1,257550.0,1,257620.0,3,257660.0,2,257670.0,3,257680.0,2,257690.0,1,257700.0,1,257620.0
sn2409,,13:40:44.500#,256830.0,262100.0,256830.0,288430.0,235980.0,46556,33039.0,257500.0,6,257510.0,10,257530.0,2,257550.0,1,257620.0,5,257680.0,1,257690.0,1,257700.0,1,257720.0,1,257770.0,2,257680.0
sn2409,,13:40:45.0#,256830.0,262100.0,256830.0,288430.0,235980.0,46556,33039.0,257500.0,6,257530.0,2,257550.0,2,257560.0,1,257620.0,15,257660.0,2,257680.0,2,257690.0,1,257700.0,1,257720.0,1,257680.0
sn2409,,13:40:45.500#,256830.0,262100.0,256830.0,288430.0,235980.0,46556,33039.0,257500.0,6,257530.0,2,257550.0,2,257560.0,1,257620.0,15,257660.0,2,257680.0,2,257690.0,1,257700.0,1,257720.0,1,257680.0
sn2409,,13:40:46.0#,256830.0,262100.0,256830.0,288430.0,235980.0,46557,33038.0,257500.0,6,257530.0,2,257550.0,2,257560.0,1,257620.0,14,257680.0,1,257690.0,1,257700.0,1,257720.0,1,257770.0,2,257620.0
sn2409,,13:40:46.500#,256830.0,262100.0,256830.0,288430.0,235980.0,46557,33038.0,257500.0,6,257530.0,1,257550.0,1,257620.0,14,257630.0,1,257660.0,2,257680.0,1,257690.0,1,257700.0,1,257720.0,1,257620.0
sn2409,,13:40:47.0#,256830.0,262100.0,256830.0,288430.0,235980.0,46557,33038.0,257480.0,2,257500.0,6,257530.0,1,257550.0,1,257620.0,14,257660.0,2,257680.0,1,257690.0,1,257700.0,1,257720.0,1,257620.0
sn2409,,13:40:47.500#,256830.0,262100.0,256830.0,288430.0,235980.0,46558,33037.0,257480.0,2,257500.0,6,257530.0,1,257550.0,1,257620.0,13,257660.0,3,257680.0,1,257690.0,1,257700.0,1,257720.0,1,257620.0
sn2409,,13:40:48.0#,256830.0,262100.0,256830.0,288430.0,235980.0,46558,33037.0,257480.0,2,257500.0,6,257530.0,1,257550.0,1,257620.0,13,257660.0,3,257680.0,1,257690.0,1,257700.0,1,257720.0,1,257620.0
sn2409,,13:40:48.500#,256830.0,262100.0,256830.0,288430.0,235980.0,46565,33037.0,257480.0,2,257500.0,6,257530.0,1,257550.0,1,257620.0,9,257660.0,1,257680.0,1,257690.0,1,257700.0,1,257720.0,1,257660.0
sn2409,,13:40:49.0#,256830.0,262100.0,256830.0,288430.0,235980.0,46566,33038.0,257500.0,6,257530.0,1,257550.0,1,257620.0,9,257650.0,1,257660.0,2,257680.0,1,257690.0,1,257700.0,1,257720.0,1,257660.0
sn2409,,13:40:49.500#,256830.0,262100.0,256830.0,288430.0,235980.0,46574,33031.0,257480.0,2,257500.0,6,257530.0,1,257550.0,1,257620.0,9,257650.0,1,257660.0,3,257680.0,1,257690.0,1,257700.0,1,257650.0
sn2409,,13:40:50.0#,256830.0,262100.0,256830.0,288430.0,235980.0,46576,33031.0,257480.0,2,257500.0,6,257530.0,1,257550.0,1,257620.0,8,257630.0,1,257660.0,3,257670.0,1,257680.0,1,257690.0,1,257620.0
sn2409,,13:40:50.500#,256830.0,262100.0,256830.0,288430.0,235980.0,46578,33033.0,257500.0,6,257530.0,1,257550.0,1,257620.0,8,257630.0,1,257660.0,2,257670.0,1,257680.0,1,257690.0,1,257700.0,1,257630.0
sn2409,,13:40:51.0#,256830.0,262100.0,256830.0,288430.0,235980.0,46588,33031.0,257500.0,1,257530.0,1,257550.0,1,257620.0,7,257660.0,4,257670.0,1,257680.0,1,257690.0,1,257700.0,2,257720.0,1,257660.0
sn2409,,13:40:51.500#,256830.0,262100.0,256830.0,288430.0,235980.0,46596,33033.0,257480.0,2,257500.0,1,257530.0,1,257550.0,1,257620.0,6,257660.0,4,257670.0,1,257680.0,1,257690.0,1,257700.0,2,257620.0
sn2409,,13:40:52.0#,256830.0,262100.0,256830.0,288430.0,235980.0,46608,33037.0,257550.0,1,257620.0,16,257630.0,3,257660.0,1,257670.0,3,257690.0,1,257700.0,2,257720.0,1,257750.0,1,257770.0,2,257670.0
sn2409,,13:40:52.500#,256830.0,262100.0,256830.0,288430.0,235980.0,46612,33034.0,257630.0,3,257640.0,1,257650.0,1,257660.0,1,257670.0,2,257720.0,1,257750.0,1,257800.0,1,257830.0,1,257860.0,2,257690.0
sn2409,,13:40:53.0#,256830.0,262100.0,256830.0,288430.0,235980.0,46613,33034.0,257570.0,3,257620.0,16,257630.0,3,257660.0,1,257670.0,7,257750.0,1,257800.0,1,257820.0,3,257830.0,1,257860.0,2,257720.0
sn2409,,13:40:53.500#,256830.0,262100.0,256830.0,288430.0,235980.0,46613,33034.0,257620.0,16,257630.0,3,257660.0,1,257670.0,7,257680.0,1,257720.0,1,257730.0,1,257750.0,1,257800.0,1,257810.0,3,257720.0
sn2409,,13:40:54.0#,256830.0,262100.0,256830.0,288430.0,235980.0,46613,33034.0,257550.0,1,257620.0,16,257630.0,3,257660.0,3,257670.0,7,257720.0,1,257730.0,1,257750.0,1,257800.0,1,257830.0,1,257720.0
sn2409,,13:40:54.500#,256830.0,262100.0,256830.0,288430.0,235980.0,46616,33037.0,257620.0,16,257630.0,3,257660.0,3,257670.0,7,257720.0,12,257730.0,1,257750.0,1,257800.0,1,257830.0,1,257860.0,1,257720.0
sn2409,,13:40:55.0#,256830.0,262100.0,256830.0,288430.0,235980.0,46620,33040.0,257620.0,16,257630.0,3,257660.0,3,257670.0,7,257720.0,19,257750.0,1,257800.0,1,257830.0,1,257860.0,2,257900.0,2,257720.0
sn2409,,13:40:55.500#,256830.0,262100.0,256830.0,288430.0,235980.0,46620,33040.0,257620.0,16,257630.0,3,257660.0,3,257670.0,7,257720.0,19,257750.0,2,257800.0,1,257830.0,1,257860.0,2,257900.0,2,257720.0
sn2409,,13:40:56.0#,256830.0,262100.0,256830.0,288430.0,235980.0,46622,33040.0,257620.0,16,257630.0,3,257660.0,3,257670.0,7,257720.0,18,257750.0,3,257800.0,1,257830.0,1,257860.0,2,257900.0,2,257720.0
sn2409,,13:40:56.500#,256830.0,262100.0,256830.0,288430.0,235980.0,46622,33040.0,257620.0,16,257630.0,3,257660.0,3,257670.0,7,257720.0,18,257750.0,3,257800.0,1,257830.0,1,257860.0,2,257900.0,2,257720.0
sn2409,,13:40:57.0#,256830.0,262100.0,256830.0,288430.0,235980.0,46623,33041.0,257620.0,16,257630.0,3,257660.0,3,257670.0,7,257720.0,17,257750.0,4,257800.0,1,257830.0,1,257860.0,2,257900.0,2,257720.0
sn2409,,13:40:57.500#,256830.0,262100.0,256830.0,288430.0,235980.0,46624,33042.0,257620.0,16,257630.0,3,257660.0,3,257670.0,7,257720.0,17,257750.0,4,257800.0,1,257830.0,1,257860.0,2,257900.0,2,257740.0
sn2409,,13:40:58.0#,256830.0,262100.0,256830.0,288430.0,235980.0,46636,33046.0,257620.0,16,257630.0,3,257660.0,3,257670.0,7,257720.0,6,257740.0,2,257750.0,4,257800.0,1,257830.0,1,257860.0,2,257730.0
sn2409,,13:40:58.500#,256830.0,262100.0,256830.0,288430.0,235980.0,46638,33046.0,257620.0,17,257630.0,3,257660.0,3,257670.0,2,257720.0,3,257740.0,1,257750.0,3,257800.0,1,257830.0,1,257860.0,2,257720.0
sn2409,,13:40:59.0#,256830.0,262100.0,256830.0,288430.0,235980.0,46641,33047.0,257530.0,1,257620.0,17,257630.0,3,257660.0,2,257670.0,2,257740.0,1,257750.0,3,257800.0,1,257830.0,1,257860.0,2,257720.0
sn2409,,13:40:59.500#,256830.0,262100.0,256830.0,288430.0,235980.0,46641,33047.0,257630.0,3,257660.0,2,257670.0,2,257680.0,6,257690.0,1,257740.0,1,257750.0,3,257800.0,1,257830.0,1,257860.0,2,257720.0
sn2409,,13:41:00.0#,256830.0,262100.0,256830.0,288430.0,235980.0,46643,33047.0,257660.0,2,257670.0,2,257680.0,6,257690.0,3,257740.0,9,257750.0,3,257800.0,1,257830.0,1,257860.0,2,257900.0,2,257740.0
sn2409,,13:41:00.500#,256830.0,262100.0,256830.0,288430.0,235980.0,46652,33044.0,257630.0,1,257660.0,2,257670.0,2,257680.0,4,257690.0,4,257720.0,1,257730.0,1,257750.0,5,257800.0,1,257830.0,1,257740.0
sn2409,,13:41:01.0#,256830.0,262100.0,256830.0,288430.0,235980.0,46653,33043.0,257660.0,2,257670.0,2,257680.0,2,257690.0,4,257700.0,3,257750.0,2,257800.0,1,257830.0,1,257860.0,2,257900.0,2,257720.0
sn2409,,13:41:01.500#,256830.0,262100.0,256830.0,288430.0,235980.0,46655,33042.0,257660.0,2,257670.0,2,257680.0,2,257690.0,3,257700.0,2,257720.0,1,257750.0,3,257800.0,1,257830.0,1,257860.0,2,257700.0
sn2409,,13:41:02.0#,256830.0,262100.0,256830.0,288430.0,235980.0,46656,33042.0,257660.0,2,257670.0,2,257680.0,1,257690.0,1,257700.0,1,257750.0,3,257800.0,1,257830.0,1,257860.0,2,257900.0,2,257720.0
sn2409,,13:41:02.500#,256830.0,262100.0,256830.0,288430.0,235980.0,46656,33042.0,257670.0,2,257680.0,1,257690.0,1,257700.0,6,257720.0,1,257740.0,1,257750.0,6,257800.0,1,257830.0,1,257860.0,2,257720.0
sn2409,,13:41:03.0#,256830.0,262100.0,256830.0,288430.0,235980.0,46667,33040.0,257630.0,1,257660.0,2,257670.0,1,257680.0,1,257690.0,1,257700.0,2,257720.0,1,257740.0,2,257750.0,3,257800.0,1,257700.0
sn2409,,13:41:03.500#,256830.0,262100.0,256830.0,288430.0,235980.0,46671,33043.0,257380.0,3,257390.0,3,257620.0,17,257630.0,1,257660.0,2,257690.0,1,257700.0,2,257720.0,2,257730.0,1,257740.0,4,257670.0
sn2409,,13:41:04.0#,256830.0,262100.0,256830.0,288430.0,235980.0,46690,33051.0,257300.0,1,257340.0,3,257380.0,3,257390.0,3,257620.0,3,257660.0,1,257670.0,2,257680.0,2,257690.0,2,257700.0,2,257630.0
sn2409,,13:41:04.500#,256830.0,262100.0,256830.0,288430.0,235980.0,46693,33053.0,257290.0,15,257300.0,1,257340.0,3,257380.0,3,257390.0,3,257620.0,1,257630.0,4,257640.0,1,257650.0,3,257660.0,1,257620.0
sn2409,,13:41:05.0#,256830.0,262100.0,256830.0,288430.0,235980.0,46699,33058.0,257420.0,7,257430.0,7,257450.0,1,257470.0,1,257480.0,2,257580.0,1,257630.0,4,257640.0,1,257650.0,3,257660.0,1,257560.0
sn2409,,13:41:05.500#,256830.0,262100.0,256830.0,288430.0,235980.0,46711,33068.0,257420.0,2,257430.0,3,257440.0,1,257480.0,2,257490.0,1,257580.0,1,257620.0,2,257630.0,4,257640.0,1,257650.0,2,257490.0
sn2409,,13:41:06.0#,256830.0,262100.0,256830.0,288430.0,235980.0,46712,33068.0,257430.0,1,257480.0,1,257490.0,3,257500.0,1,257530.0,1,257570.0,1,257630.0,4,257640.0,1,257650.0,2,257670.0,2,257570.0
sn2409,,13:41:06.500#,256830.0,262100.0,256830.0,288430.0,235980.0,46718,33070.0,257410.0,1,257420.0,1,257430.0,1,257490.0,1,257500.0,1,257570.0,1,257640.0,1,257650.0,2,257670.0,2,257700.0,4,257510.0
sn2409,,13:41:07.0#,256830.0,262100.0,256830.0,288430.0,235980.0,46719,33071.0,257410.0,1,257430.0,1,257490.0,1,257500.0,1,257510.0,4,257570.0,1,257610.0,1,257640.0,1,257650.0,2,257670.0,2,257560.0
sn2409,,13:41:07.500#,256830.0,262100.0,256830.0,288430.0,235980.0,46719,33071.0,257430.0,1,257490.0,1,257500.0,1,257510.0,2,257520.0,1,257570.0,1,257610.0,1,257640.0,1,257650.0,2,257670.0,2,257560.0
sn2409,,13:41:08.0#,256830.0,262100.0,256830.0,288430.0,235980.0,46721,33073.0,257400.0,3,257430.0,1,257490.0,1,257500.0,1,257510.0,1,257570.0,1,257610.0,1,257640.0,1,257650.0,2,257670.0,2,257570.0
sn2409,,13:41:09.500#,256830.0,262100.0,256830.0,288430.0,235980.0,46725,33074.0,257540.0,1,257550.0,1,257560.0,3,257570.0,3,257580.0,1,257640.0,1,257650.0,2,257670.0,2,257700.0,4,257720.0,1,257560.0
sn2409,,13:41:10.0#,256830.0,262100.0,256830.0,288430.0,235980.0,46727,33073.0,257540.0,1,257550.0,1,257560.0,3,257570.0,3,257580.0,1,257620.0,2,257630.0,1,257650.0,2,257670.0,2,257700.0,4,257590.0
sn2409,,13:41:11.500#,256830.0,262100.0,256830.0,288430.0,235980.0,46729,33074.0,257540.0,1,257550.0,1,257560.0,2,257570.0,4,257580.0,1,257620.0,2,257630.0,1,257650.0,2,257670.0,2,257700.0,4,257620.0
sn2409,,13:41:12.0#,256830.0,262100.0,256830.0,288430.0,235980.0,46730,33073.0,257530.0,2,257540.0,1,257550.0,1,257560.0,2,257570.0,4,257580.0,4,257620.0,2,257630.0,1,257650.0,3,257670.0,2,257580.0
sn2409,,13:41:13.0#,256830.0,262100.0,256830.0,288430.0,235980.0,46735,33073.0,257540.0,1,257550.0,1,257560.0,2,257570.0,3,257580.0,5,257590.0,1,257620.0,1,257650.0,3,257670.0,2,257700.0,4,257580.0
sn2409,,13:41:14.0#,256830.0,262100.0,256830.0,288430.0,235980.0,46736,33073.0,257500.0,2,257540.0,1,257550.0,1,257570.0,3,257580.0,1,257590.0,1,257620.0,2,257650.0,1,257670.0,2,257700.0,4,257590.0
sn2409,,13:41:15.0#,256830.0,262100.0,256830.0,288430.0,235980.0,46739,33071.0,257390.0,3,257410.0,1,257440.0,1,257450.0,1,257500.0,2,257580.0,2,257590.0,1,257620.0,1,257650.0,1,257670.0,2,257570.0
sn2409,,13:41:15.500#,256830.0,262100.0,256830.0,288430.0,235980.0,46739,33071.0,257410.0,1,257440.0,1,257450.0,1,257500.0,3,257510.0,5,257570.0,1,257580.0,2,257590.0,1,257650.0,1,257670.0,2,257570.0
sn2409,,13:41:16.0#,256830.0,262100.0,256830.0,288430.0,235980.0,46739,33071.0,257440.0,1,257450.0,1,257500.0,3,257510.0,3,257520.0,1,257570.0,1,257580.0,2,257590.0,2,257650.0,1,257670.0,2,257570.0
sn2409,,13:41:16.500#,256830.0,262100.0,256830.0,288430.0,235980.0,46739,33071.0,257410.0,1,257440.0,1,257450.0,1,257500.0,3,257510.0,1,257570.0,3,257580.0,1,257590.0,2,257650.0,1,257670.0,2,257570.0
sn2409,,13:41:18.0#,256830.0,262100.0,256830.0,288430.0,235980.0,46744,33071.0,257400.0,1,257500.0,2,257510.0,9,257530.0,1,257570.0,23,257580.0,1,257590.0,2,257650.0,1,257700.0,4,257720.0,1,257570.0
sn2409,,13:41:18.500#,256830.0,262100.0,256830.0,288430.0,235980.0,46750,33072.0,257410.0,1,257500.0,2,257510.0,6,257570.0,23,257590.0,2,257650.0,1,257700.0,4,257710.0,1,257720.0,1,257740.0,6,257590.0
sn2409,,13:41:19.500#,256830.0,262100.0,256830.0,288430.0,235980.0,46773,33074.0,257400.0,1,257410.0,1,257500.0,2,257510.0,3,257570.0,2,257600.0,1,257650.0,2,257700.0,4,257720.0,1,257740.0,6,257570.0
sn2409,,13:41:20.0#,256830.0,262100.0,256830.0,288430.0,235980.0,46775,33072.0,257290.0,15,257380.0,3,257390.0,3,257500.0,2,257510.0,3,257600.0,2,257650.0,1,257700.0,4,257740.0,6,257750.0,2,257570.0
sn2409,,13:41:20.500#,256830.0,262100.0,256830.0,288430.0,235980.0,46775,33072.0,257390.0,3,257500.0,2,257510.0,5,257520.0,4,257540.0,1,257600.0,2,257650.0,1,257700.0,4,257740.0,6,257750.0,2,257570.0
sn2409,,13:41:21.0#,256830.0,262100.0,256830.0,288430.0,235980.0,46775,33072.0,257500.0,3,257510.0,5,257520.0,3,257540.0,1,257550.0,1,257600.0,2,257650.0,1,257700.0,4,257740.0,6,257750.0,2,257570.0
sn2409,,13:41:21.500#,256830.0,262100.0,256830.0,288430.0,235980.0,46782,33067.0,257270.0,1,257290.0,15,257380.0,3,257390.0,3,257500.0,3,257510.0,3,257590.0,1,257600.0,2,257650.0,2,257700.0,4,257510.0
sn2409,,13:41:22.0#,256830.0,262100.0,256830.0,288430.0,235980.0,46787,33064.0,257290.0,15,257380.0,3,257390.0,3,257500.0,3,257510.0,2,257600.0,1,257650.0,2,257700.0,4,257740.0,6,257750.0,2,257510.0
sn2409,,13:41:22.500#,256830.0,262100.0,256830.0,288430.0,235980.0,46788,33064.0,257290.0,15,257380.0,3,257390.0,3,257500.0,3,257510.0,1,257560.0,1,257590.0,2,257600.0,1,257650.0,2,257700.0,4,257510.0
sn2409,,13:41:23.0#,256830.0,262100.0,256830.0,288430.0,235980.0,46792,33063.0,257260.0,5,257270.0,1,257290.0,15,257380.0,3,257390.0,3,257490.0,1,257500.0,1,257550.0,1,257560.0,2,257580.0,1,257500.0
sn2409,,13:41:23.500#,256830.0,262100.0,256830.0,288430.0,235980.0,46793,33063.0,257340.0,1,257380.0,3,257390.0,4,257400.0,2,257410.0,1,257500.0,2,257550.0,2,257560.0,2,257580.0,2,257590.0,2,257420.0
sn2409,,13:41:24.0#,256830.0,262100.0,256830.0,288430.0,235980.0,46793,33063.0,257380.0,3,257390.0,4,257400.0,1,257410.0,2,257420.0,3,257500.0,2,257550.0,1,257560.0,1,257580.0,2,257590.0,2,257420.0
sn2409,,13:41:24.500#,256830.0,262100.0,256830.0,288430.0,235980.0,46793,33063.0,257380.0,3,257390.0,4,257400.0,1,257410.0,2,257440.0,1,257500.0,2,257550.0,1,257560.0,1,257580.0,2,257590.0,2,257420.0
sn2409,,13:41:25.0#,256830.0,262100.0,256830.0,288430.0,235980.0,46794,33062.0,257270.0,1,257290.0,15,257380.0,3,257390.0,4,257400.0,1,257490.0,2,257500.0,2,257550.0,1,257560.0,1,257580.0,2,257440.0
sn2409,,13:41:26.0#,256830.0,262100.0,256830.0,288430.0,235980.0,46795,33062.0,257380.0,3,257390.0,4,257400.0,1,257410.0,1,257420.0,5,257500.0,1,257560.0,1,257580.0,2,257590.0,2,257600.0,1,257490.0
sn2409,,13:41:26.500#,256830.0,262100.0,256830.0,288430.0,235980.0,46795,33062.0,257270.0,1,257290.0,15,257380.0,3,257390.0,3,257400.0,1,257460.0,1,257470.0,1,257490.0,5,257500.0,2,257560.0,1,257490.0
sn2409,,13:41:27.0#,256830.0,262100.0,256830.0,288430.0,235980.0,46795,33062.0,257270.0,1,257290.0,15,257380.0,3,257390.0,3,257400.0,1,257420.0,1,257470.0,1,257490.0,7,257500.0,2,257560.0,1,257490.0
sn2409,,13:41:27.500#,256830.0,262100.0,256830.0,288430.0,235980.0,46798,33061.0,257260.0,1,257270.0,1,257290.0,15,257380.0,3,257390.0,3,257470.0,1,257490.0,3,257500.0,1,257560.0,1,257580.0,2,257420.0
sn2409,,13:41:28.0#,256830.0,262100.0,256830.0,288430.0,235980.0,46798,33061.0,257290.0,16,257300.0,1,257380.0,3,257390.0,3,257450.0,1,257460.0,1,257470.0,1,257490.0,3,257500.0,1,257560.0,1,257420.0
sn2409,,13:41:28.500#,256830.0,262100.0,256830.0,288430.0,235980.0,46799,33062.0,257270.0,1,257290.0,16,257300.0,1,257380.0,3,257390.0,3,257450.0,1,257490.0,3,257500.0,1,257560.0,1,257580.0,1,257440.0
sn2409,,13:41:29.0#,256830.0,262100.0,256830.0,288430.0,235980.0,46801,33061.0,257290.0,16,257300.0,1,257380.0,3,257390.0,3,257400.0,2,257450.0,1,257490.0,3,257500.0,1,257560.0,1,257580.0,1,257450.0
sn2409,,13:41:30.0#,256830.0,262100.0,256830.0,288430.0,235980.0,46807,33067.0,257380.0,3,257390.0,3,257400.0,2,257420.0,2,257450.0,3,257500.0,2,257560.0,1,257580.0,1,257590.0,1,257600.0,1,257450.0
sn2409,,13:41:30.500#,256830.0,262100.0,256830.0,288430.0,235980.0,46807,33067.0,257300.0,1,257380.0,3,257390.0,3,257400.0,2,257450.0,3,257500.0,2,257560.0,1,257580.0,1,257590.0,1,257600.0,1,257450.0
sn2409,,13:41:31.0#,256830.0,262100.0,256830.0,288430.0,235980.0,46809,33067.0,257290.0,16,257300.0,1,257380.0,3,257390.0,3,257400.0,2,257490.0,4,257500.0,2,257560.0,1,257580.0,1,257590.0,1,257450.0
sn2409,,13:41:31.500#,256830.0,262100.0,256830.0,288430.0,235980.0,46809,33067.0,257300.0,1,257380.0,3,257390.0,3,257400.0,2,257410.0,2,257480.0,2,257490.0,5,257500.0,1,257560.0,1,257580.0,1,257450.0
sn2409,,13:41:32.0#,256830.0,262100.0,256830.0,288430.0,235980.0,46809,33067.0,257300.0,1,257380.0,3,257390.0,3,257400.0,2,257410.0,1,257450.0,3,257480.0,2,257490.0,4,257500.0,1,257560.0,1,257450.0
sn2409,,13:41:32.500#,256830.0,262100.0,256830.0,288430.0,235980.0,46814,33069.0,257300.0,1,257380.0,3,257390.0,3,257400.0,2,257410.0,1,257450.0,1,257490.0,3,257500.0,1,257510.0,1,257560.0,1,257480.0
sn2409,,13:41:33.0#,256830.0,262100.0,256830.0,288430.0,235980.0,46814,33069.0,257310.0,10,257380.0,3,257390.0,3,257400.0,2,257410.0,1,257450.0,1,257490.0,3,257510.0,1,257560.0,1,257580.0,1,257480.0
sn2409,,13:41:33.500#,256830.0,262100.0,256830.0,288430.0,235980.0,46815,33070.0,257310.0,10,257380.0,3,257390.0,3,257400.0,2,257410.0,1,257490.0,3,257510.0,1,257560.0,1,257580.0,1,257600.0,1,257450.0
sn2409,,13:41:34.0#,256830.0,262100.0,256830.0,288430.0,235980.0,46815,33070.0,257380.0,3,257390.0,3,257400.0,2,257410.0,1,257420.0,1,257490.0,4,257510.0,1,257560.0,1,257580.0,1,257600.0,1,257450.0
sn2409,,13:41:34.500#,256830.0,262100.0,256830.0,288430.0,235980.0,46818,33071.0,257300.0,1,257310.0,10,257380.0,3,257390.0,3,257400.0,2,257410.0,4,257450.0,1,257480.0,2,257490.0,4,257510.0,1,257410.0
sn2409,,13:41:35.0#,256830.0,262100.0,256830.0,288430.0,235980.0,46824,33072.0,257310.0,10,257380.0,3,257390.0,3,257400.0,4,257410.0,1,257480.0,1,257490.0,3,257510.0,1,257560.0,1,257580.0,1,257450.0
sn2409,,13:41:35.500#,256830.0,262100.0,256830.0,288430.0,235980.0,46824,33072.0,257310.0,10,257380.0,3,257390.0,3,257400.0,2,257410.0,1,257420.0,1,257450.0,2,257470.0,5,257480.0,2,257490.0,1,257450.0
sn2409,,13:41:36.0#,256830.0,262100.0,256830.0,288430.0,235980.0,46826,33072.0,257380.0,3,257390.0,3,257400.0,2,257410.0,1,257420.0,1,257470.0,1,257480.0,1,257490.0,1,257510.0,1,257560.0,1,257420.0
sn2409,,13:41:36.500#,256830.0,262100.0,256830.0,288430.0,235980.0,46827,33072.0,257310.0,10,257320.0,1,257380.0,3,257390.0,3,257400.0,2,257440.0,1,257450.0,1,257460.0,2,257470.0,1,257480.0,1,257410.0
sn2409,,13:41:37.0#,256830.0,262100.0,256830.0,288430.0,235980.0,46827,33072.0,257310.0,10,257320.0,1,257380.0,3,257390.0,3,257400.0,2,257430.0,1,257440.0,1,257450.0,1,257460.0,2,257480.0,1,257410.0
sn2409,,13:41:37.500#,256830.0,262100.0,256830.0,288430.0,235980.0,46829,33074.0,257310.0,10,257320.0,1,257380.0,3,257390.0,3,257400.0,2,257450.0,1,257460.0,2,257480.0,1,257490.0,1,257510.0,1,257440.0
sn2409,,13:41:38.0#,256830.0,262100.0,256830.0,288430.0,235980.0,46832,33072.0,257310.0,10,257320.0,1,257360.0,1,257380.0,3,257390.0,2,257400.0,1,257420.0,2,257440.0,6,257450.0,2,257460.0,2,257390.0
sn2409,,13:41:38.500#,256830.0,262100.0,256830.0,288430.0,235980.0,46838,33076.0,257250.0,1,257260.0,1,257270.0,1,257290.0,15,257310.0,10,257400.0,1,257420.0,2,257430.0,2,257440.0,6,257450.0,3,257360.0
sn2409,,13:41:39.0#,256830.0,262100.0,256830.0,288430.0,235980.0,46839,33075.0,257270.0,1,257290.0,15,257310.0,10,257320.0,2,257340.0,1,257400.0,1,257420.0,2,257440.0,4,257450.0,1,257460.0,2,257400.0
sn2409,,13:41:39.500#,256830.0,262100.0,256830.0,288430.0,235980.0,46839,33075.0,257270.0,1,257290.0,15,257310.0,10,257320.0,4,257340.0,3,257400.0,1,257420.0,2,257440.0,4,257450.0,1,257460.0,2,257400.0
sn2409,,13:41:40.0#,256830.0,262100.0,256830.0,288430.0,235980.0,46841,33077.0,257290.0,15,257310.0,10,257340.0,3,257350.0,2,257400.0,2,257420.0,1,257440.0,4,257450.0,1,257460.0,2,257490.0,1,257420.0
sn2409,,13:41:40.500#,256830.0,262100.0,256830.0,288430.0,235980.0,46843,33078.0,257270.0,1,257290.0,15,257310.0,10,257340.0,3,257350.0,2,257420.0,2,257440.0,4,257450.0,1,257460.0,2,257490.0,1,257400.0
sn2409,,13:41:41.0#,256830.0,262100.0,256830.0,288430.0,235980.0,46843,33078.0,257310.0,10,257340.0,1,257350.0,2,257360.0,3,257390.0,1,257420.0,2,257490.0,1,257510.0,1,257580.0,1,257600.0,1,257400.0
sn2409,,13:41:41.500#,256830.0,262100.0,256830.0,288430.0,235980.0,46848,33076.0,257360.0,3,257370.0,2,257390.0,1,257400.0,2,257420.0,1,257490.0,1,257510.0,1,257580.0,1,257600.0,1,257610.0,1,257420.0
sn2409,,13:41:42.0#,256830.0,262100.0,256830.0,288430.0,235980.0,46850,33076.0,257310.0,10,257340.0,1,257360.0,3,257390.0,1,257400.0,1,257480.0,4,257490.0,1,257510.0,1,257580.0,1,257600.0,1,257400.0
sn2409,,13:41:43.0#,256830.0,262100.0,256830.0,288430.0,235980.0,46854,33076.0,257310.0,10,257340.0,1,257360.0,3,257390.0,1,257400.0,4,257420.0,1,257470.0,3,257480.0,3,257490.0,1,257510.0,1,257460.0
sn2409,,13:41:43.500#,256830.0,262100.0,256830.0,288430.0,235980.0,46856,33077.0,257310.0,10,257340.0,1,257360.0,3,257390.0,1,257400.0,4,257470.0,2,257480.0,2,257490.0,1,257510.0,1,257580.0,1,257420.0
sn2409,,13:41:45.0#,256830.0,262100.0,256830.0,288430.0,235980.0,46866,33075.0,257290.0,15,257310.0,10,257340.0,1,257350.0,1,257390.0,1,257400.0,6,257410.0,1,257450.0,1,257460.0,1,257470.0,1,257400.0
sn2409,,13:41:45.500#,256830.0,262100.0,256830.0,288430.0,235980.0,46872,33076.0,257310.0,10,257340.0,1,257350.0,1,257370.0,1,257390.0,1,257410.0,1,257450.0,1,257460.0,1,257470.0,1,257480.0,1,257400.0
sn2409,,13:41:46.0#,256830.0,262100.0,256830.0,288430.0,235980.0,46875,33076.0,257290.0,15,257310.0,10,257340.0,1,257350.0,1,257370.0,1,257400.0,2,257410.0,1,257450.0,1,257460.0,1,257470.0,1,257390.0
sn2409,,13:41:46.500#,256830.0,262100.0,256830.0,288430.0,235980.0,46883,33080.0,257290.0,15,257310.0,10,257340.0,1,257350.0,1,257370.0,1,257400.0,3,257460.0,1,257470.0,1,257480.0,1,257490.0,1,257380.0
sn2409,,13:41:47.500#,256830.0,262100.0,256830.0,288430.0,235980.0,46888,33079.0,257270.0,1,257290.0,15,257310.0,10,257340.0,1,257350.0,1,257400.0,3,257470.0,1,257480.0,1,257490.0,1,257510.0,1,257400.0
sn2409,,13:41:48.0#,256830.0,262100.0,256830.0,288430.0,235980.0,46891,33078.0,257250.0,2,257260.0,1,257270.0,1,257290.0,15,257310.0,10,257350.0,2,257390.0,2,257400.0,3,257470.0,1,257480.0,1,257390.0
sn2409,,13:41:48.500#,256830.0,262100.0,256830.0,288430.0,235980.0,46891,33078.0,257250.0,2,257260.0,1,257270.0,1,257290.0,15,257310.0,10,257340.0,1,257350.0,3,257390.0,2,257400.0,2,257470.0,1,257390.0
sn2409,,13:41:49.0#,256830.0,262100.0,256830.0,288430.0,235980.0,46891,33078.0,257250.0,2,257260.0,1,257270.0,1,257290.0,15,257310.0,10,257340.0,1,257350.0,3,257390.0,2,257400.0,8,257470.0,1,257390.0
sn2409,,13:41:49.500#,256830.0,262100.0,256830.0,288430.0,235980.0,46896,33076.0,257250.0,2,257260.0,1,257270.0,1,257290.0,16,257310.0,8,257390.0,2,257400.0,8,257470.0,1,257480.0,1,257490.0,1,257310.0
sn2409,,13:41:50.0#,256830.0,262100.0,256830.0,288430.0,235980.0,46897,33076.0,257270.0,1,257290.0,16,257310.0,8,257320.0,4,257330.0,1,257380.0,1,257390.0,2,257400.0,7,257470.0,1,257480.0,1,257340.0
sn2409,,13:41:50.500#,256830.0,262100.0,256830.0,288430.0,235980.0,46898,33077.0,257270.0,1,257290.0,16,257310.0,8,257320.0,2,257330.0,1,257370.0,4,257380.0,2,257390.0,1,257400.0,7,257470.0,1,257360.0
sn2409,,13:41:51.0#,256830.0,262100.0,256830.0,288430.0,235980.0,46898,33077.0,257270.0,1,257290.0,16,257310.0,8,257320.0,1,257330.0,1,257370.0,4,257380.0,1,257390.0,1,257400.0,7,257470.0,1,257360.0
sn2409,,13:41:51.500#,256830.0,262100.0,256830.0,288430.0,235980.0,46900,33077.0,257260.0,1,257270.0,1,257290.0,16,257310.0,8,257320.0,1,257370.0,4,257380.0,1,257390.0,1,257400.0,7,257470.0,1,257330.0
sn2409,,13:41:52.0#,256830.0,262100.0,256830.0,288430.0,235980.0,46900,33077.0,257260.0,1,257270.0,1,257290.0,16,257310.0,8,257320.0,1,257360.0,3,257370.0,4,257390.0,1,257400.0,7,257470.0,1,257330.0
sn2409,,13:41:52.500#,256830.0,262100.0,256830.0,288430.0,235980.0,46900,33077.0,257260.0,1,257270.0,1,257290.0,16,257310.0,8,257320.0,1,257360.0,4,257370.0,2,257390.0,1,257400.0,7,257470.0,1,257330.0
sn2409,,13:41:53.500#,256830.0,262100.0,256830.0,288430.0,235980.0,46902,33077.0,257250.0,1,257260.0,1,257270.0,1,257290.0,16,257310.0,8,257350.0,2,257360.0,4,257390.0,1,257400.0,7,257470.0,2,257320.0
sn2409,,13:41:54.0#,256830.0,262100.0,256830.0,288430.0,235980.0,46902,33077.0,257260.0,1,257270.0,1,257290.0,16,257310.0,8,257330.0,2,257350.0,3,257360.0,3,257390.0,1,257400.0,7,257470.0,2,257320.0
sn2409,,13:41:54.500#,256830.0,262100.0,256830.0,288430.0,235980.0,46902,33077.0,257260.0,1,257270.0,1,257290.0,16,257310.0,8,257330.0,2,257350.0,1,257360.0,3,257390.0,1,257400.0,7,257470.0,2,257320.0
sn2409,,13:41:55.0#,256830.0,262100.0,256830.0,288430.0,235980.0,46905,33077.0,257250.0,1,257260.0,1,257270.0,1,257290.0,16,257310.0,8,257350.0,1,257360.0,1,257390.0,1,257400.0,7,257470.0,2,257330.0
sn2409,,13:41:55.500#,256830.0,262100.0,256830.0,288430.0,235980.0,46907,33077.0,257250.0,1,257260.0,1,257270.0,1,257290.0,16,257310.0,7,257320.0,32,257350.0,1,257360.0,1,257390.0,1,257400.0,7,257320.0
sn2409,,13:41:57.0#,256830.0,262100.0,256830.0,288430.0,235980.0,46937,33095.0,257170.0,1,257180.0,1,257190.0,1,257200.0,3,257220.0,9,257270.0,2,257290.0,6,257310.0,2,257320.0,33,257330.0,1,257250.0
sn2409,,13:41:57.500#,256830.0,262100.0,256830.0,288430.0,235980.0,46939,33093.0,257170.0,1,257180.0,1,257190.0,1,257200.0,3,257220.0,7,257270.0,3,257290.0,6,257310.0,2,257320.0,32,257330.0,1,257220.0
sn2409,,13:41:58.0#,256830.0,262100.0,256830.0,288430.0,235980.0,46946,33089.0,257170.0,1,257180.0,1,257190.0,1,257200.0,3,257220.0,1,257260.0,3,257270.0,3,257290.0,6,257310.0,2,257320.0,32,257220.0
sn2409,,13:41:58.500#,256830.0,262100.0,256830.0,288430.0,235980.0,46951,33091.0,257150.0,1,257160.0,1,257170.0,1,257180.0,1,257190.0,1,257210.0,1,257220.0,7,257230.0,1,257260.0,4,257270.0,4,257210.0
sn2409,,13:41:59.0#,256830.0,262100.0,256830.0,288430.0,235980.0,46951,33091.0,257140.0,11,257150.0,1,257160.0,1,257170.0,1,257180.0,1,257210.0,1,257220.0,5,257240.0,1,257260.0,2,257270.0,3,257210.0
sn2409,,13:41:59.500#,256830.0,262100.0,256830.0,288430.0,235980.0,46952,33091.0,257140.0,11,257150.0,1,257160.0,1,257170.0,1,257180.0,1,257210.0,1,257220.0,5,257240.0,1,257260.0,2,257270.0,3,257190.0
sn2409,,13:42:00.0#,256830.0,262100.0,256830.0,288430.0,235980.0,46957,33093.0,257130.0,1,257140.0,11,257150.0,1,257160.0,1,257170.0,2,257220.0,2,257260.0,2,257270.0,3,257290.0,2,257310.0,2,257220.0
sn2409,,13:42:00.500#,256830.0,262100.0,256830.0,288430.0,235980.0,46961,33095.0,257140.0,11,257150.0,1,257160.0,1,257170.0,2,257180.0,1,257260.0,2,257270.0,3,257290.0,2,257310.0,2,257320.0,32,257220.0
sn2409,,13:42:01.0#,256830.0,262100.0,256830.0,288430.0,235980.0,46963,33096.0,257160.0,1,257170.0,2,257180.0,1,257190.0,2,257200.0,1,257220.0,9,257260.0,2,257270.0,3,257290.0,2,257310.0,2,257190.0
sn2409,,13:42:01.500#,256830.0,262100.0,256830.0,288430.0,235980.0,46963,33096.0,257150.0,1,257160.0,1,257170.0,2,257180.0,1,257200.0,1,257220.0,9,257260.0,3,257270.0,3,257290.0,2,257310.0,2,257190.0
sn2409,,13:42:02.0#,256830.0,262100.0,256830.0,288430.0,235980.0,46964,33096.0,257150.0,1,257160.0,1,257170.0,2,257180.0,1,257200.0,3,257220.0,8,257260.0,3,257270.0,3,257290.0,2,257310.0,2,257220.0
sn2409,,13:42:02.500#,256830.0,262100.0,256830.0,288430.0,235980.0,46977,33099.0,257160.0,1,257170.0,2,257180.0,1,257200.0,6,257220.0,1,257260.0,2,257270.0,2,257290.0,1,257310.0,2,257320.0,32,257220.0
sn2409,,13:42:03.0#,256830.0,262100.0,256830.0,288430.0,235980.0,46984,33103.0,257160.0,1,257170.0,2,257180.0,1,257200.0,1,257220.0,4,257260.0,1,257270.0,2,257290.0,1,257310.0,2,257320.0,32,257220.0
sn2409,,13:42:03.500#,256830.0,262100.0,256830.0,288430.0,235980.0,46987,33105.0,257160.0,1,257170.0,2,257180.0,1,257200.0,1,257220.0,10,257270.0,2,257290.0,1,257310.0,2,257320.0,32,257330.0,6,257260.0
sn2409,,13:42:04.0#,256830.0,262100.0,256830.0,288430.0,235980.0,46987,33105.0,257170.0,2,257180.0,1,257200.0,1,257220.0,10,257230.0,1,257270.0,2,257290.0,1,257310.0,2,257320.0,32,257330.0,6,257260.0
sn2409,,13:42:04.500#,256830.0,262100.0,256830.0,288430.0,235980.0,46988,33105.0,257160.0,1,257170.0,2,257180.0,1,257220.0,6,257230.0,4,257260.0,3,257270.0,2,257290.0,1,257310.0,2,257320.0,32,257230.0
sn2409,,13:42:05.0#,256830.0,262100.0,256830.0,288430.0,235980.0,46988,33105.0,257160.0,1,257170.0,2,257180.0,1,257220.0,6,257230.0,6,257260.0,3,257270.0,3,257290.0,1,257310.0,2,257320.0,32,257230.0
sn2409,,13:42:05.500#,256830.0,262100.0,256830.0,288430.0,235980.0,46989,33104.0,257170.0,2,257180.0,1,257200.0,5,257220.0,6,257230.0,6,257260.0,2,257270.0,3,257290.0,1,257310.0,2,257330.0,6,257260.0
sn2409,,13:42:06.0#,256830.0,262100.0,256830.0,288430.0,235980.0,46993,33100.0,257170.0,2,257180.0,1,257200.0,5,257220.0,6,257230.0,6,257260.0,1,257290.0,1,257310.0,2,257330.0,6,257400.0,7,257270.0
sn2409,,13:42:06.500#,256830.0,262100.0,256830.0,288430.0,235980.0,46994,33101.0,257180.0,1,257200.0,5,257220.0,6,257230.0,6,257260.0,7,257310.0,2,257330.0,6,257400.0,7,257450.0,2,257470.0,1,257270.0
sn2409,,13:42:07.0#,256830.0,262100.0,256830.0,288430.0,235980.0,46995,33102.0,257180.0,1,257200.0,5,257220.0,5,257230.0,1,257260.0,12,257300.0,3,257310.0,3,257330.0,6,257400.0,7,257450.0,2,257260.0
sn2409,,13:42:07.500#,256830.0,262100.0,256830.0,288430.0,235980.0,46995,33102.0,257200.0,5,257220.0,5,257230.0,1,257260.0,14,257270.0,1,257300.0,3,257310.0,2,257330.0,6,257400.0,7,257450.0,2,257260.0
sn2409,,13:42:08.0#,256830.0,262100.0,256830.0,288430.0,235980.0,47000,33099.0,257220.0,5,257260.0,9,257270.0,5,257300.0,1,257310.0,3,257330.0,6,257400.0,7,257450.0,2,257470.0,1,257500.0,3,257310.0
sn2409,,13:42:08.500#,256830.0,262100.0,256830.0,288430.0,235980.0,47008,33104.0,257300.0,1,257310.0,9,257330.0,6,257340.0,2,257350.0,1,257400.0,7,257450.0,2,257470.0,1,257500.0,3,257520.0,2,257330.0
sn2409,,13:42:09.0#,256830.0,262100.0,256830.0,288430.0,235980.0,47010,33106.0,257310.0,3,257330.0,1,257340.0,2,257350.0,5,257360.0,1,257400.0,5,257470.0,1,257500.0,2,257520.0,2,257560.0,1,257400.0
sn2409,,13:42:09.500#,256830.0,262100.0,256830.0,288430.0,235980.0,47014,33110.0,257310.0,3,257330.0,1,257340.0,2,257350.0,1,257360.0,6,257400.0,2,257470.0,1,257500.0,2,257520.0,2,257560.0,1,257400.0
sn2409,,13:42:10.500#,256830.0,262100.0,256830.0,288430.0,235980.0,47017,33110.0,257300.0,2,257310.0,3,257340.0,2,257350.0,1,257360.0,6,257400.0,1,257470.0,1,257520.0,2,257560.0,1,257580.0,1,257370.0
sn2409,,13:42:12.0#,256830.0,262100.0,256830.0,288430.0,235980.0,47025,33109.0,257260.0,9,257290.0,1,257300.0,2,257310.0,3,257340.0,4,257410.0,1,257430.0,1,257470.0,1,257520.0,2,257580.0,1,257400.0
sn2409,,13:42:13.500#,256830.0,262100.0,256830.0,288430.0,235980.0,47027,33108.0,257300.0,3,257310.0,3,257320.0,1,257340.0,4,257350.0,3,257410.0,2,257430.0,1,257470.0,1,257520.0,2,257580.0,1,257400.0
sn2409,,13:42:14.0#,256830.0,262100.0,256830.0,288430.0,235980.0,47029,33109.0,257300.0,3,257310.0,3,257320.0,1,257340.0,2,257350.0,1,257410.0,2,257430.0,1,257470.0,1,257520.0,2,257580.0,1,257350.0
sn2409,,13:42:14.500#,256830.0,262100.0,256830.0,288430.0,235980.0,47029,33109.0,257300.0,3,257310.0,3,257320.0,1,257340.0,2,257350.0,2,257410.0,2,257430.0,1,257470.0,1,257480.0,1,257520.0,2,257350.0
sn2409,,13:42:15.500#,256830.0,262100.0,256830.0,288430.0,235980.0,47029,33109.0,257310.0,3,257320.0,1,257340.0,2,257350.0,2,257360.0,1,257410.0,1,257430.0,1,257470.0,1,257480.0,1,257520.0,2,257350.0
sn2409,,13:42:16.0#,256830.0,262100.0,256830.0,288430.0,235980.0,47029,33109.0,257290.0,1,257300.0,1,257310.0,3,257340.0,2,257360.0,1,257410.0,1,257430.0,1,257470.0,1,257480.0,1,257520.0,2,257350.0
sn2409,,13:42:17.0#,256830.0,262100.0,256830.0,288430.0,235980.0,47031,33107.0,257260.0,9,257290.0,1,257300.0,1,257340.0,2,257360.0,1,257410.0,1,257430.0,1,257470.0,1,257480.0,1,257520.0,2,257360.0
sn2409,,13:42:17.500#,256830.0,262100.0,256830.0,288430.0,235980.0,47031,33107.0,257260.0,9,257290.0,1,257300.0,1,257340.0,2,257360.0,2,257410.0,1,257430.0,1,257470.0,1,257480.0,1,257520.0,2,257360.0
sn2409,,13:42:19.0#,256830.0,262100.0,256830.0,288430.0,235980.0,47036,33108.0,257220.0,4,257260.0,9,257290.0,1,257340.0,2,257350.0,2,257360.0,1,257440.0,1,257470.0,1,257480.0,1,257520.0,2,257410.0
sn2409,,13:42:22.0#,256830.0,262100.0,256830.0,288430.0,235980.0,47045,33105.0,257290.0,1,257300.0,5,257360.0,3,257390.0,2,257400.0,2,257470.0,1,257480.0,1,257520.0,2,257580.0,1,257600.0,1,257470.0
sn2409,,13:42:23.0#,256830.0,262100.0,256830.0,288430.0,235980.0,47055,33100.0,257440.0,3,257450.0,1,257460.0,1,257470.0,1,257480.0,1,257520.0,3,257580.0,1,257600.0,1,257620.0,1,257650.0,1,257440.0
sn2409,,13:42:23.500#,256830.0,262100.0,256830.0,288430.0,235980.0,47055,33100.0,257440.0,1,257450.0,2,257460.0,1,257470.0,3,257480.0,1,257520.0,3,257580.0,1,257600.0,1,257620.0,1,257650.0,1,257440.0
sn2409,,13:42:24.0#,256830.0,262100.0,256830.0,288430.0,235980.0,47055,33100.0,257430.0,1,257450.0,2,257460.0,1,257470.0,1,257480.0,2,257520.0,1,257580.0,1,257600.0,1,257620.0,3,257650.0,1,257440.0
sn2409,,13:42:24.500#,256830.0,262100.0,256830.0,288430.0,235980.0,47057,33100.0,257470.0,1,257480.0,2,257490.0,2,257500.0,1,257510.0,2,257580.0,1,257600.0,1,257620.0,3,257650.0,1,257680.0,1,257520.0
sn2409,,13:42:25.0#,256830.0,262100.0,256830.0,288430.0,235980.0,47059,33100.0,257430.0,1,257450.0,1,257460.0,1,257470.0,1,257480.0,1,257510.0,2,257540.0,1,257550.0,1,257570.0,4,257580.0,1,257510.0
sn2409,,13:42:25.500#,256830.0,262100.0,256830.0,288430.0,235980.0,47059,33100.0,257420.0,1,257430.0,1,257450.0,1,257460.0,1,257470.0,1,257510.0,2,257570.0,6,257580.0,1,257600.0,1,257620.0,2,257510.0
sn2409,,13:42:26.0#,256830.0,262100.0,256830.0,288430.0,235980.0,47059,33100.0,257390.0,1,257400.0,1,257420.0,1,257460.0,1,257470.0,1,257480.0,1,257500.0,2,257510.0,1,257570.0,4,257580.0,1,257510.0
sn2409,,13:42:26.500#,256830.0,262100.0,256830.0,288430.0,235980.0,47061,33102.0,257360.0,1,257390.0,1,257400.0,1,257420.0,2,257460.0,1,257470.0,1,257480.0,4,257500.0,3,257570.0,4,257580.0,1,257470.0
sn2409,,13:42:27.0#,256830.0,262100.0,256830.0,288430.0,235980.0,47062,33101.0,257360.0,1,257400.0,1,257420.0,2,257460.0,1,257470.0,1,257480.0,4,257500.0,2,257510.0,1,257570.0,2,257580.0,1,257470.0
sn2409,,13:42:30.500#,256830.0,262100.0,256830.0,288430.0,235980.0,47069,33098.0,257300.0,11,257310.0,1,257320.0,3,257330.0,1,257350.0,3,257410.0,1,257420.0,1,257430.0,2,257450.0,1,257480.0,2,257400.0
sn2409,,13:42:31.0#,256830.0,262100.0,256830.0,288430.0,235980.0,47069,33098.0,257300.0,6,257310.0,2,257320.0,2,257330.0,1,257350.0,3,257410.0,1,257420.0,1,257430.0,2,257450.0,1,257480.0,2,257400.0
sn2409,,13:42:31.500#,256830.0,262100.0,256830.0,288430.0,235980.0,47071,33100.0,257320.0,1,257330.0,1,257350.0,2,257360.0,1,257370.0,2,257420.0,1,257430.0,2,257450.0,1,257480.0,2,257500.0,2,257350.0
sn2409,,13:42:32.0#,256830.0,262100.0,256830.0,288430.0,235980.0,47071,33100.0,257300.0,6,257320.0,1,257330.0,1,257360.0,1,257370.0,2,257420.0,2,257430.0,2,257450.0,1,257480.0,2,257500.0,2,257350.0
sn2409,,13:42:32.500#,256830.0,262100.0,256830.0,288430.0,235980.0,47071,33100.0,257300.0,6,257330.0,1,257350.0,1,257370.0,2,257410.0,1,257420.0,2,257430.0,1,257480.0,2,257500.0,2,257510.0,1,257350.0
sn2409,,13:42:33.0#,256830.0,262100.0,256830.0,288430.0,235980.0,47072,33099.0,257260.0,5,257290.0,1,257300.0,6,257330.0,1,257350.0,1,257410.0,2,257420.0,1,257430.0,1,257480.0,2,257500.0,2,257410.0
sn2409,,13:42:33.500#,256830.0,262100.0,256830.0,288430.0,235980.0,47072,33099.0,257290.0,1,257300.0,6,257330.0,1,257350.0,1,257370.0,1,257410.0,2,257430.0,1,257480.0,2,257500.0,2,257510.0,1,257410.0
sn2409,,13:42:34.0#,256830.0,262100.0,256830.0,288430.0,235980.0,47073,33100.0,257260.0,5,257290.0,1,257300.0,5,257330.0,1,257350.0,1,257370.0,2,257400.0,3,257410.0,1,257430.0,1,257480.0,2,257370.0
sn2409,,13:42:34.500#,256830.0,262100.0,256830.0,288430.0,235980.0,47074,33101.0,257220.0,1,257260.0,5,257280.0,1,257290.0,1,257300.0,5,257350.0,1,257370.0,4,257400.0,2,257430.0,1,257480.0,2,257350.0
sn2409,,13:42:35.0#,256830.0,262100.0,256830.0,288430.0,235980.0,47075,33101.0,257220.0,1,257260.0,5,257280.0,1,257290.0,1,257300.0,5,257370.0,4,257400.0,2,257430.0,1,257480.0,2,257500.0,2,257350.0
sn2409,,13:42:35.500#,256830.0,262100.0,256830.0,288430.0,235980.0,47076,33100.0,257260.0,5,257280.0,1,257290.0,1,257300.0,6,257330.0,1,257370.0,2,257400.0,2,257430.0,1,257480.0,2,257500.0,2,257370.0
sn2409,,13:42:36.0#,256830.0,262100.0,256830.0,288430.0,235980.0,47076,33100.0,257290.0,1,257300.0,6,257320.0,1,257330.0,1,257350.0,1,257370.0,2,257400.0,2,257430.0,1,257480.0,2,257500.0,2,257370.0
sn2409,,13:42:36.500#,256830.0,262100.0,256830.0,288430.0,235980.0,47086,33105.0,257190.0,1,257220.0,1,257260.0,5,257280.0,1,257290.0,1,257330.0,2,257340.0,3,257350.0,2,257370.0,2,257400.0,2,257300.0
sn2409,,13:42:37.0#,256830.0,262100.0,256830.0,288430.0,235980.0,47089,33106.0,257170.0,1,257180.0,1,257190.0,1,257220.0,1,257260.0,5,257290.0,1,257320.0,1,257330.0,2,257350.0,2,257360.0,1,257280.0
sn2409,,13:42:37.500#,256830.0,262100.0,256830.0,288430.0,235980.0,47096,33108.0,257150.0,1,257160.0,1,257170.0,1,257180.0,1,257190.0,1,257280.0,1,257290.0,1,257320.0,2,257330.0,1,257350.0,2,257280.0
sn2409,,13:42:38.0#,256830.0,262100.0,256830.0,288430.0,235980.0,47097,33108.0,257160.0,1,257170.0,1,257180.0,1,257190.0,1,257210.0,1,257270.0,2,257280.0,2,257290.0,1,257320.0,3,257350.0,2,257280.0
sn2409,,13:42:38.500#,256830.0,262100.0,256830.0,288430.0,235980.0,47097,33108.0,257160.0,1,257170.0,1,257180.0,1,257190.0,1,257210.0,1,257260.0,2,257270.0,3,257280.0,2,257290.0,1,257320.0,3,257280.0
sn2409,,13:42:39.0#,256830.0,262100.0,256830.0,288430.0,235980.0,47098,33108.0,257150.0,1,257160.0,1,257170.0,1,257190.0,1,257210.0,1,257250.0,1,257260.0,2,257270.0,3,257280.0,1,257290.0,1,257270.0
sn2409,,13:42:39.500#,256830.0,262100.0,256830.0,288430.0,235980.0,47100,33108.0,257130.0,1,257140.0,1,257150.0,1,257160.0,1,257170.0,1,257210.0,5,257220.0,1,257250.0,3,257270.0,3,257320.0,2,257190.0
sn2409,,13:42:40.0#,256830.0,262100.0,256830.0,288430.0,235980.0,47100,33108.0,257130.0,1,257140.0,1,257150.0,1,257160.0,1,257170.0,1,257200.0,1,257210.0,1,257250.0,2,257270.0,3,257320.0,1,257190.0
sn2409,,13:42:40.500#,256830.0,262100.0,256830.0,288430.0,235980.0,47102,33108.0,257100.0,9,257130.0,1,257140.0,1,257150.0,1,257160.0,1,257170.0,1,257200.0,1,257210.0,1,257250.0,1,257270.0,3,257200.0
sn2409,,13:42:41.0#,256830.0,262100.0,256830.0,288430.0,235980.0,47105,33107.0,257100.0,9,257130.0,1,257140.0,1,257150.0,1,257160.0,1,257190.0,1,257200.0,1,257210.0,1,257250.0,1,257270.0,3,257180.0
sn2409,,13:42:41.500#,256830.0,262100.0,256830.0,288430.0,235980.0,47109,33108.0,257060.0,2,257080.0,1,257100.0,9,257130.0,1,257140.0,1,257180.0,1,257190.0,1,257200.0,1,257210.0,1,257250.0,1,257170.0
sn2409,,13:42:42.0#,256830.0,262100.0,256830.0,288430.0,235980.0,47109,33108.0,257080.0,1,257100.0,9,257130.0,1,257140.0,1,257170.0,4,257180.0,2,257210.0,1,257250.0,1,257270.0,3,257290.0,1,257170.0
sn2409,,13:42:42.500#,256830.0,262100.0,256830.0,288430.0,235980.0,47113,33107.0,257060.0,2,257080.0,1,257100.0,9,257130.0,1,257140.0,1,257160.0,1,257170.0,8,257180.0,2,257210.0,1,257250.0,1,257170.0
sn2409,,13:42:43.0#,256830.0,262100.0,256830.0,288430.0,235980.0,47126,33110.0,257020.0,1,257050.0,1,257060.0,2,257080.0,1,257100.0,7,257130.0,2,257140.0,9,257150.0,1,257160.0,3,257170.0,5,257130.0
sn2409,,13:42:43.500#,256830.0,262100.0,256830.0,288430.0,235980.0,47135,33113.0,257000.0,84,257020.0,1,257050.0,1,257060.0,2,257080.0,1,257120.0,1,257130.0,2,257140.0,7,257150.0,3,257160.0,3,257120.0
sn2409,,13:42:44.0#,256830.0,262100.0,256830.0,288430.0,235980.0,47136,33112.0,257010.0,2,257020.0,1,257050.0,1,257060.0,2,257080.0,1,257120.0,2,257130.0,2,257140.0,7,257150.0,1,257160.0,3,257120.0
sn2409,,13:42:44.500#,256830.0,262100.0,256830.0,288430.0,235980.0,47142,33117.0,256900.0,21,256980.0,1,257000.0,84,257010.0,2,257020.0,1,257070.0,3,257080.0,4,257100.0,3,257120.0,4,257130.0,2,257080.0
sn2409,,13:42:45.0#,256830.0,262100.0,256830.0,288430.0,235980.0,47158,33117.0,257000.0,84,257010.0,2,257020.0,1,257030.0,3,257040.0,1,257080.0,5,257130.0,2,257140.0,6,257150.0,1,257160.0,2,257070.0
sn2409,,13:42:45.500#,256830.0,262100.0,256830.0,288430.0,235980.0,47162,33118.0,256980.0,1,257000.0,84,257010.0,2,257020.0,1,257030.0,1,257070.0,1,257080.0,3,257090.0,1,257130.0,2,257140.0,4,257080.0
sn2409,,13:42:46.0#,256830.0,262100.0,256830.0,288430.0,235980.0,47169,33119.0,257010.0,2,257020.0,1,257030.0,1,257040.0,1,257120.0,2,257130.0,1,257140.0,4,257150.0,1,257160.0,2,257260.0,2,257080.0
sn2409,,13:42:46.500#,256830.0,262100.0,256830.0,288430.0,235980.0,47173,33121.0,256900.0,21,256980.0,1,257000.0,84,257010.0,2,257020.0,1,257030.0,1,257050.0,2,257060.0,2,257070.0,1,257080.0,1,257050.0
sn2409,,13:42:47.0#,256830.0,262100.0,256830.0,288430.0,235980.0,47185,33124.0,257010.0,2,257020.0,1,257030.0,7,257040.0,1,257060.0,1,257120.0,3,257130.0,1,257140.0,4,257150.0,1,257260.0,2,257110.0
sn2409,,13:42:47.500#,256830.0,262100.0,256830.0,288430.0,235980.0,47188,33122.0,256980.0,1,257000.0,84,257010.0,2,257020.0,1,257030.0,6,257120.0,5,257140.0,4,257150.0,1,257260.0,2,257280.0,1,257110.0
sn2409,,13:42:48.0#,256830.0,262100.0,256830.0,288430.0,235980.0,47193,33122.0,256980.0,1,257000.0,84,257010.0,2,257020.0,1,257030.0,3,257110.0,1,257120.0,3,257140.0,4,257150.0,1,257260.0,2,257030.0
sn2409,,13:42:48.500#,256830.0,262100.0,256830.0,288430.0,235980.0,47198,33123.0,257020.0,1,257030.0,4,257040.0,3,257050.0,2,257060.0,2,257120.0,1,257140.0,4,257150.0,1,257260.0,2,257280.0,1,257100.0
sn2409,,13:42:49.0#,256830.0,262100.0,256830.0,288430.0,235980.0,47200,33121.0,257000.0,84,257010.0,2,257020.0,1,257030.0,4,257040.0,1,257050.0,1,257110.0,3,257120.0,3,257140.0,4,257150.0,1,257060.0
sn2409,,13:42:49.500#,256830.0,262100.0,256830.0,288430.0,235980.0,47202,33123.0,257020.0,1,257030.0,3,257040.0,1,257050.0,1,257060.0,2,257110.0,3,257120.0,1,257140.0,4,257150.0,1,257260.0,2,257050.0
sn2409,,13:42:50.0#,256830.0,262100.0,256830.0,288430.0,235980.0,47203,33123.0,257000.0,84,257010.0,2,257020.0,1,257030.0,3,257050.0,1,257100.0,2,257110.0,2,257120.0,1,257150.0,1,257260.0,2,257060.0
sn2409,,13:42:50.500#,256830.0,262100.0,256830.0,288430.0,235980.0,47205,33121.0,257010.0,2,257020.0,1,257030.0,3,257050.0,2,257060.0,2,257100.0,1,257120.0,1,257150.0,1,257260.0,2,257280.0,1,257110.0
sn2409,,13:42:51.0#,256830.0,262100.0,256830.0,288430.0,235980.0,47206,33121.0,256980.0,1,257000.0,84,257010.0,2,257020.0,1,257030.0,3,257060.0,1,257090.0,3,257100.0,1,257120.0,1,257150.0,1,257050.0
sn2409,,13:42:51.500#,256830.0,262100.0,256830.0,288430.0,235980.0,47206,33121.0,256980.0,1,257000.0,84,257010.0,2,257020.0,1,257030.0,3,257060.0,2,257090.0,3,257120.0,1,257150.0,1,257260.0,2,257050.0
sn2409,,13:42:52.0#,256830.0,262100.0,256830.0,288430.0,235980.0,47210,33121.0,256980.0,1,257000.0,84,257010.0,2,257020.0,1,257030.0,2,257090.0,2,257120.0,1,257130.0,1,257150.0,1,257260.0,2,257090.0
sn2409,,13:42:52.500#,256830.0,262100.0,256830.0,288430.0,235980.0,47210,33121.0,257010.0,2,257020.0,1,257030.0,2,257040.0,1,257060.0,1,257120.0,1,257130.0,1,257150.0,1,257260.0,2,257280.0,1,257090.0
sn2409,,13:42:53.0#,256830.0,262100.0,256830.0,288430.0,235980.0,47210,33121.0,257010.0,2,257020.0,1,257030.0,2,257040.0,1,257060.0,1,257110.0,4,257120.0,3,257130.0,1,257150.0,1,257260.0,2,257090.0
sn2409,,13:42:53.500#,256830.0,262100.0,256830.0,288430.0,235980.0,47211,33121.0,257010.0,2,257020.0,1,257030.0,2,257040.0,1,257050.0,1,257110.0,2,257120.0,3,257130.0,1,257150.0,1,257260.0,2,257060.0
sn2409,,13:42:54.0#,256830.0,262100.0,256830.0,288430.0,235980.0,47213,33120.0,257010.0,2,257020.0,1,257030.0,2,257040.0,1,257050.0,1,257110.0,1,257120.0,2,257130.0,1,257150.0,1,257260.0,2,257110.0
sn2409,,13:42:54.500#,256830.0,262100.0,256830.0,288430.0,235980.0,47216,33122.0,257030.0,2,257040.0,1,257050.0,1,257060.0,3,257080.0,1,257110.0,1,257120.0,2,257130.0,1,257150.0,1,257260.0,2,257060.0
sn2409,,13:42:55.0#,256830.0,262100.0,256830.0,288430.0,235980.0,47217,33122.0,257040.0,1,257050.0,1,257060.0,2,257070.0,1,257080.0,1,257110.0,1,257120.0,1,257130.0,1,257150.0,1,257260.0,2,257110.0
sn2409,,13:42:55.500#,256830.0,262100.0,256830.0,288430.0,235980.0,47222,33123.0,256980.0,1,257000.0,82,257010.0,2,257020.0,1,257030.0,2,257050.0,2,257070.0,2,257080.0,5,257100.0,2,257110.0,1,257040.0
sn2409,,13:42:56.0#,256830.0,262100.0,256830.0,288430.0,235980.0,47226,33124.0,256900.0,21,256960.0,1,256980.0,1,257000.0,82,257010.0,1,257020.0,1,257050.0,2,257060.0,1,257080.0,6,257100.0,2,257010.0
sn2409,,13:42:56.500#,256830.0,262100.0,256830.0,288430.0,235980.0,47231,33126.0,256900.0,21,256960.0,1,256980.0,1,257000.0,82,257010.0,3,257050.0,1,257060.0,1,257080.0,6,257100.0,2,257110.0,1,257050.0
sn2409,,13:42:57.0#,256830.0,262100.0,256830.0,288430.0,235980.0,47232,33126.0,256900.0,21,256960.0,1,256980.0,1,257000.0,82,257010.0,2,257030.0,1,257040.0,2,257050.0,2,257060.0,1,257080.0,6,257010.0
sn2409,,13:42:57.500#,256830.0,262100.0,256830.0,288430.0,235980.0,47232,33126.0,256900.0,21,256960.0,1,256980.0,1,257000.0,82,257010.0,2,257030.0,2,257040.0,4,257050.0,1,257060.0,1,257080.0,6,257010.0
sn2409,,13:42:58.0#,256830.0,262100.0,256830.0,288430.0,235980.0,47234,33125.0,256980.0,1,257000.0,82,257010.0,2,257020.0,10,257030.0,1,257040.0,1,257050.0,1,257060.0,1,257080.0,6,257100.0,2,257020.0
sn2409,,13:42:58.500#,256830.0,262100.0,256830.0,288430.0,235980.0,47241,33126.0,256960.0,1,256980.0,1,257000.0,82,257010.0,2,257020.0,10,257040.0,1,257060.0,1,257080.0,6,257100.0,2,257110.0,1,257020.0
sn2409,,13:42:59.0#,256830.0,262100.0,256830.0,288430.0,235980.0,47244,33126.0,256960.0,1,256980.0,1,257000.0,82,257010.0,2,257020.0,8,257060.0,1,257080.0,6,257100.0,2,257110.0,1,257120.0,2,257020.0
sn2409,,13:42:59.500#,256830.0,262100.0,256830.0,288430.0,235980.0,47245,33125.0,256960.0,1,256980.0,1,257000.0,82,257010.0,3,257020.0,7,257050.0,1,257060.0,2,257080.0,6,257100.0,2,257110.0,1,257020.0
sn2409,,13:43:00.0#,256830.0,262100.0,256830.0,288430.0,235980.0,47264,33124.0,256900.0,21,256960.0,1,256980.0,1,257000.0,80,257010.0,3,257020.0,14,257030.0,3,257040.0,3,257050.0,1,257060.0,2,257010.0
sn2409,,13:43:00.500#,256830.0,262100.0,256830.0,288430.0,235980.0,47350,33181.0,256830.0,8,256850.0,1,256890.0,5,256900.0,21,256960.0,1,256970.0,2,257010.0,19,257020.0,14,257030.0,5,257040.0,2,256980.0
sn2409,,13:43:01.0#,256830.0,262100.0,256830.0,288430.0,235980.0,47360,33181.0,256800.0,5,256830.0,8,256850.0,1,256890.0,5,256900.0,19,256930.0,1,256950.0,1,256960.0,8,256970.0,3,256980.0,1,256920.0
sn2409,,13:43:01.500#,256830.0,262100.0,256830.0,288430.0,235980.0,47376,33186.0,256830.0,8,256850.0,1,256890.0,5,256900.0,15,256930.0,1,256960.0,1,256970.0,2,256980.0,1,257010.0,7,257020.0,4,256960.0
sn2409,,13:43:02.0#,256830.0,262100.0,256830.0,288430.0,235980.0,47387,33187.0,256800.0,5,256830.0,8,256850.0,1,256890.0,5,256900.0,13,256980.0,1,257010.0,7,257020.0,5,257030.0,2,257040.0,1,256960.0
sn2409,,13:43:02.500#,256830.0,262100.0,256830.0,288430.0,235980.0,47390,33189.0,256830.0,8,256850.0,1,256890.0,5,256900.0,13,256910.0,1,256920.0,33,256940.0,2,256950.0,2,256960.0,4,256970.0,3,256920.0
sn2409,,13:43:03.0#,256830.0,262100.0,256830.0,288430.0,235980.0,47402,33197.0,256800.0,5,256830.0,8,256850.0,1,256890.0,5,256900.0,12,256920.0,26,256950.0,1,256960.0,2,256970.0,1,256980.0,2,256920.0
sn2409,,13:43:03.500#,256830.0,262100.0,256830.0,288430.0,235980.0,47413,33203.0,256800.0,5,256830.0,8,256850.0,1,256890.0,5,256900.0,9,256910.0,1,256920.0,20,256950.0,1,256960.0,1,256970.0,1,256910.0
sn2409,,13:43:04.0#,256830.0,262100.0,256830.0,288430.0,235980.0,47425,33205.0,256770.0,1,256800.0,5,256830.0,8,256850.0,1,256890.0,5,256910.0,1,256920.0,19,256950.0,1,256980.0,2,257010.0,7,256900.0
