InstrumentId,ExchangeId,Datetime,OpenPrice,HighestPrice,LowestPrice,UpperLimitPrice,LowerLimitPrice,Volume,OpenInterest,BidPrice5,BidVolume5,BidPrice4,BidVolume4,BidPrice3,BidVolume3,BidPrice2,BidVolume2,BidPrice1,BidVolume1,AskPrice1,AskVolume1,AskPrice2,AskVolume2,AskPrice3,AskVolume3,AskPrice4,AskVolume4,AskPrice5,AskVolume5,LastPrice
SR409,,13:38:35.0#,6104.0,6111.0,6073.0,6490.0,5754.0,212665,307485,6100.0,228,6101.0,117,6102.0,111,6103.0,153,6104.0,41,6105.0,60,6106.0,102,6107.0,98,6108.0,97,6109.0,90,6104.0
SR409,,13:38:35.500#,6104.0,6111.0,6073.0,6490.0,5754.0,212665,307485,6100.0,228,6101.0,117,6102.0,111,6103.0,153,6104.0,40,6105.0,63,6106.0,102,6107.0,98,6108.0,97,6109.0,90,6104.0
SR409,,13:38:36.0#,6104.0,6111.0,6073.0,6490.0,5754.0,212665,307485,6100.0,228,6101.0,117,6102.0,111,6103.0,153,6104.0,40,6105.0,64,6106.0,102,6107.0,98,6108.0,97,6109.0,90,6104.0
SR409,,13:38:37.0#,6104.0,6111.0,6073.0,6490.0,5754.0,212665,307485,6100.0,228,6101.0,117,6102.0,111,6103.0,153,6104.0,40,6105.0,64,6106.0,102,6107.0,98,6108.0,97,6109.0,90,6104.0
SR409,,13:38:37.250#,6104.0,6111.0,6073.0,6490.0,5754.0,212665,307485,6100.0,228,6101.0,117,6102.0,111,6103.0,153,6104.0,45,6105.0,64,6106.0,102,6107.0,98,6108.0,97,6109.0,90,6104.0
SR409,,13:38:37.500#,6104.0,6111.0,6073.0,6490.0,5754.0,212665,307485,6100.0,228,6101.0,117,6102.0,111,6103.0,153,6104.0,46,6105.0,64,6106.0,102,6107.0,98,6108.0,97,6109.0,90,6104.0
SR409,,13:38:37.750#,6104.0,6111.0,6073.0,6490.0,5754.0,212667,307486,6100.0,228,6101.0,117,6102.0,111,6103.0,153,6104.0,44,6105.0,66,6106.0,102,6107.0,98,6108.0,97,6109.0,90,6104.0
SR409,,13:38:38.0#,6104.0,6111.0,6073.0,6490.0,5754.0,212667,307486,6100.0,228,6101.0,117,6102.0,111,6103.0,153,6104.0,40,6105.0,66,6106.0,102,6107.0,98,6108.0,97,6109.0,90,6104.0
SR409,,13:38:39.0#,6104.0,6111.0,6073.0,6490.0,5754.0,212667,307486,6100.0,228,6101.0,117,6102.0,111,6103.0,153,6104.0,40,6105.0,67,6106.0,102,6107.0,98,6108.0,97,6109.0,90,6104.0
SR409,,13:38:39.250#,6104.0,6111.0,6073.0,6490.0,5754.0,212667,307486,6100.0,228,6101.0,117,6102.0,111,6103.0,153,6104.0,40,6105.0,67,6106.0,102,6107.0,98,6108.0,97,6109.0,90,6104.0
SR409,,13:38:41.500#,6104.0,6111.0,6073.0,6490.0,5754.0,212669,307484,6100.0,228,6101.0,117,6102.0,111,6103.0,153,6104.0,40,6105.0,66,6106.0,102,6107.0,98,6108.0,97,6109.0,90,6105.0
SR409,,13:38:41.750#,6104.0,6111.0,6073.0,6490.0,5754.0,212669,307484,6100.0,228,6101.0,117,6102.0,111,6103.0,153,6104.0,39,6105.0,66,6106.0,102,6107.0,98,6108.0,97,6109.0,90,6105.0
SR409,,13:38:42.0#,6104.0,6111.0,6073.0,6490.0,5754.0,212669,307484,6100.0,228,6101.0,117,6102.0,111,6103.0,153,6104.0,44,6105.0,67,6106.0,142,6107.0,98,6108.0,97,6109.0,90,6105.0
SR409,,13:38:42.500#,6104.0,6111.0,6073.0,6490.0,5754.0,212669,307484,6100.0,228,6101.0,117,6102.0,111,6103.0,153,6104.0,44,6105.0,67,6106.0,142,6107.0,98,6108.0,117,6109.0,90,6105.0
SR409,,13:38:42.750#,6104.0,6111.0,6073.0,6490.0,5754.0,212669,307484,6100.0,228,6101.0,117,6102.0,111,6103.0,153,6104.0,39,6105.0,67,6106.0,142,6107.0,98,6108.0,118,6109.0,90,6105.0
SR409,,13:38:43.0#,6104.0,6111.0,6073.0,6490.0,5754.0,212669,307484,6100.0,228,6101.0,117,6102.0,111,6103.0,153,6104.0,34,6105.0,67,6106.0,142,6107.0,98,6108.0,118,6109.0,90,6105.0
SR409,,13:38:43.250#,6104.0,6111.0,6073.0,6490.0,5754.0,212669,307484,6100.0,228,6101.0,117,6102.0,111,6103.0,153,6104.0,33,6105.0,67,6106.0,142,6107.0,98,6108.0,118,6109.0,90,6105.0
SR409,,13:38:43.500#,6104.0,6111.0,6073.0,6490.0,5754.0,212669,307484,6100.0,228,6101.0,117,6102.0,111,6103.0,153,6104.0,38,6105.0,67,6106.0,142,6107.0,98,6108.0,118,6109.0,90,6105.0
SR409,,13:38:43.750#,6104.0,6111.0,6073.0,6490.0,5754.0,212669,307484,6100.0,228,6101.0,117,6102.0,111,6103.0,152,6104.0,43,6105.0,67,6106.0,142,6107.0,98,6108.0,118,6109.0,90,6105.0
SR409,,13:38:44.250#,6104.0,6111.0,6073.0,6490.0,5754.0,212709,307498,6100.0,228,6101.0,117,6102.0,111,6103.0,152,6104.0,3,6105.0,67,6106.0,142,6107.0,98,6108.0,118,6109.0,90,6104.0
SR409,,13:38:44.500#,6104.0,6111.0,6073.0,6490.0,5754.0,212712,307495,6099.0,81,6100.0,228,6101.0,117,6102.0,111,6103.0,157,6104.0,4,6105.0,78,6106.0,142,6107.0,98,6108.0,118,6104.0
SR409,,13:38:44.750#,6104.0,6111.0,6073.0,6490.0,5754.0,212721,307495,6099.0,82,6100.0,229,6101.0,117,6102.0,110,6103.0,158,6104.0,5,6105.0,80,6106.0,142,6107.0,100,6108.0,118,6104.0
SR409,,13:38:45.0#,6104.0,6111.0,6073.0,6490.0,5754.0,212726,307495,6099.0,82,6100.0,229,6101.0,117,6102.0,110,6103.0,158,6105.0,99,6106.0,142,6107.0,100,6108.0,118,6109.0,89,6104.0
SR409,,13:38:45.250#,6104.0,6111.0,6073.0,6490.0,5754.0,212726,307495,6100.0,229,6101.0,117,6102.0,110,6103.0,152,6104.0,5,6105.0,91,6106.0,142,6107.0,100,6108.0,118,6109.0,89,6104.0
SR409,,13:38:45.500#,6104.0,6111.0,6073.0,6490.0,5754.0,212726,307495,6100.0,229,6101.0,117,6102.0,110,6103.0,153,6104.0,15,6105.0,96,6106.0,142,6107.0,100,6108.0,118,6109.0,89,6104.0
SR409,,13:38:45.750#,6104.0,6111.0,6073.0,6490.0,5754.0,212727,307496,6100.0,229,6101.0,117,6102.0,110,6103.0,153,6104.0,20,6105.0,96,6106.0,142,6107.0,100,6108.0,118,6109.0,89,6104.0
SR409,,13:38:46.250#,6104.0,6111.0,6073.0,6490.0,5754.0,212737,307504,6100.0,229,6101.0,117,6102.0,110,6103.0,153,6104.0,10,6105.0,96,6106.0,142,6107.0,100,6108.0,118,6109.0,89,6104.0
SR409,,13:38:46.500#,6104.0,6111.0,6073.0,6490.0,5754.0,212737,307504,6100.0,229,6101.0,117,6102.0,110,6103.0,153,6104.0,2,6105.0,96,6106.0,142,6107.0,100,6108.0,118,6109.0,89,6104.0
SR409,,13:38:46.750#,6104.0,6111.0,6073.0,6490.0,5754.0,212737,307504,6100.0,229,6101.0,117,6102.0,110,6103.0,153,6104.0,2,6105.0,104,6106.0,142,6107.0,100,6108.0,118,6109.0,89,6104.0
SR409,,13:38:47.0#,6104.0,6111.0,6073.0,6490.0,5754.0,212737,307504,6100.0,229,6101.0,117,6102.0,110,6103.0,153,6104.0,2,6105.0,106,6106.0,142,6107.0,100,6108.0,118,6109.0,89,6104.0
SR409,,13:38:47.250#,6104.0,6111.0,6073.0,6490.0,5754.0,212737,307504,6100.0,229,6101.0,117,6102.0,110,6103.0,153,6104.0,2,6105.0,103,6106.0,142,6107.0,100,6108.0,118,6109.0,89,6104.0
SR409,,13:38:47.500#,6104.0,6111.0,6073.0,6490.0,5754.0,212740,307504,6100.0,229,6101.0,107,6102.0,110,6103.0,153,6104.0,2,6105.0,100,6106.0,142,6107.0,100,6108.0,118,6109.0,89,6105.0
SR409,,13:38:48.500#,6104.0,6111.0,6073.0,6490.0,5754.0,212742,307503,6099.0,80,6100.0,229,6101.0,107,6102.0,110,6103.0,159,6104.0,1,6105.0,89,6106.0,142,6107.0,100,6108.0,118,6104.0
SR409,,13:38:48.750#,6104.0,6111.0,6073.0,6490.0,5754.0,212742,307503,6099.0,81,6100.0,229,6101.0,107,6102.0,110,6103.0,157,6104.0,16,6105.0,89,6106.0,142,6107.0,100,6108.0,118,6104.0
SR409,,13:38:49.0#,6104.0,6111.0,6073.0,6490.0,5754.0,212742,307503,6099.0,81,6100.0,229,6101.0,107,6102.0,110,6103.0,157,6104.0,23,6105.0,88,6106.0,142,6107.0,100,6108.0,118,6104.0
SR409,,13:38:49.500#,6104.0,6111.0,6073.0,6490.0,5754.0,212742,307503,6099.0,81,6100.0,229,6101.0,107,6102.0,110,6103.0,158,6104.0,24,6105.0,88,6106.0,142,6107.0,100,6108.0,118,6104.0
SR409,,13:38:49.750#,6104.0,6111.0,6073.0,6490.0,5754.0,212745,307500,6099.0,81,6100.0,229,6101.0,107,6102.0,110,6103.0,155,6104.0,22,6105.0,86,6106.0,143,6107.0,100,6108.0,118,6103.0
SR409,,13:38:50.0#,6104.0,6111.0,6073.0,6490.0,5754.0,212745,307500,6099.0,81,6100.0,229,6101.0,107,6102.0,110,6103.0,164,6104.0,17,6105.0,86,6106.0,143,6107.0,100,6108.0,118,6103.0
SR409,,13:38:50.250#,6104.0,6111.0,6073.0,6490.0,5754.0,212746,307500,6099.0,81,6100.0,229,6101.0,107,6102.0,110,6103.0,164,6104.0,11,6105.0,86,6106.0,143,6107.0,100,6108.0,118,6104.0
SR409,,13:38:50.500#,6104.0,6111.0,6073.0,6490.0,5754.0,212746,307500,6099.0,81,6100.0,229,6101.0,107,6102.0,110,6103.0,165,6104.0,7,6105.0,86,6106.0,143,6107.0,100,6108.0,118,6104.0
SR409,,13:38:51.250#,6104.0,6111.0,6073.0,6490.0,5754.0,212746,307500,6099.0,81,6100.0,229,6101.0,107,6102.0,110,6103.0,162,6104.0,7,6105.0,86,6106.0,143,6107.0,100,6108.0,118,6104.0
SR409,,13:38:51.500#,6104.0,6111.0,6073.0,6490.0,5754.0,212746,307500,6099.0,81,6100.0,229,6101.0,107,6102.0,110,6103.0,162,6104.0,11,6105.0,86,6106.0,143,6107.0,100,6108.0,118,6104.0
SR409,,13:38:51.750#,6104.0,6111.0,6073.0,6490.0,5754.0,212746,307500,6099.0,81,6100.0,229,6101.0,107,6102.0,110,6103.0,140,6104.0,16,6105.0,86,6106.0,143,6107.0,100,6108.0,118,6104.0
SR409,,13:38:52.0#,6104.0,6111.0,6073.0,6490.0,5754.0,212746,307500,6099.0,81,6100.0,229,6101.0,107,6102.0,110,6103.0,140,6104.0,30,6105.0,86,6106.0,143,6107.0,100,6108.0,118,6104.0
SR409,,13:38:52.250#,6104.0,6111.0,6073.0,6490.0,5754.0,212746,307500,6099.0,81,6100.0,229,6101.0,107,6102.0,110,6103.0,140,6104.0,30,6105.0,86,6106.0,143,6107.0,100,6108.0,118,6104.0
SR409,,13:38:52.500#,6104.0,6111.0,6073.0,6490.0,5754.0,212746,307500,6099.0,81,6100.0,229,6101.0,107,6102.0,110,6103.0,140,6104.0,30,6105.0,86,6106.0,143,6107.0,105,6108.0,118,6104.0
SR409,,13:38:52.750#,6104.0,6111.0,6073.0,6490.0,5754.0,212757,307504,6099.0,81,6100.0,229,6101.0,107,6102.0,110,6103.0,129,6104.0,31,6105.0,86,6106.0,143,6107.0,105,6108.0,118,6103.0
SR409,,13:38:53.0#,6104.0,6111.0,6073.0,6490.0,5754.0,212757,307504,6099.0,81,6100.0,229,6101.0,107,6102.0,110,6103.0,129,6104.0,49,6105.0,86,6106.0,143,6107.0,105,6108.0,118,6103.0
SR409,,13:38:53.250#,6104.0,6111.0,6073.0,6490.0,5754.0,212757,307504,6099.0,81,6100.0,229,6101.0,107,6102.0,110,6103.0,130,6104.0,50,6105.0,84,6106.0,143,6107.0,105,6108.0,118,6103.0
SR409,,13:38:53.500#,6104.0,6111.0,6073.0,6490.0,5754.0,212757,307504,6099.0,81,6100.0,229,6101.0,107,6102.0,110,6103.0,130,6104.0,51,6105.0,84,6106.0,143,6107.0,105,6108.0,118,6103.0
SR409,,13:38:54.0#,6104.0,6111.0,6073.0,6490.0,5754.0,212757,307504,6099.0,81,6100.0,229,6101.0,107,6102.0,110,6103.0,129,6104.0,52,6105.0,84,6106.0,143,6107.0,105,6108.0,118,6103.0
SR409,,13:38:55.0#,6104.0,6111.0,6073.0,6490.0,5754.0,212757,307504,6099.0,81,6100.0,229,6101.0,107,6102.0,110,6103.0,129,6104.0,52,6105.0,84,6106.0,143,6107.0,105,6108.0,118,6103.0
SR409,,13:38:55.250#,6104.0,6111.0,6073.0,6490.0,5754.0,212757,307504,6099.0,81,6100.0,229,6101.0,107,6102.0,110,6103.0,129,6104.0,52,6105.0,84,6106.0,143,6107.0,105,6108.0,118,6103.0
SR409,,13:38:55.500#,6104.0,6111.0,6073.0,6490.0,5754.0,212757,307504,6099.0,81,6100.0,229,6101.0,107,6102.0,110,6103.0,130,6104.0,52,6105.0,84,6106.0,143,6107.0,105,6108.0,118,6103.0
SR409,,13:38:55.750#,6104.0,6111.0,6073.0,6490.0,5754.0,212757,307504,6099.0,81,6100.0,229,6101.0,107,6102.0,110,6103.0,130,6104.0,52,6105.0,84,6106.0,143,6107.0,91,6108.0,118,6103.0
SR409,,13:38:56.0#,6104.0,6111.0,6073.0,6490.0,5754.0,212757,307504,6099.0,81,6100.0,229,6101.0,107,6102.0,110,6103.0,130,6104.0,52,6105.0,84,6106.0,157,6107.0,91,6108.0,125,6103.0
SR409,,13:38:56.250#,6104.0,6111.0,6073.0,6490.0,5754.0,212757,307504,6099.0,81,6100.0,229,6101.0,107,6102.0,110,6103.0,130,6104.0,52,6105.0,85,6106.0,157,6107.0,91,6108.0,125,6103.0
SR409,,13:38:56.750#,6104.0,6111.0,6073.0,6490.0,5754.0,212757,307504,6099.0,81,6100.0,229,6101.0,107,6102.0,110,6103.0,130,6104.0,52,6105.0,85,6106.0,157,6107.0,91,6108.0,125,6103.0
SR409,,13:38:57.500#,6104.0,6111.0,6073.0,6490.0,5754.0,212757,307504,6099.0,81,6100.0,229,6101.0,107,6102.0,110,6103.0,130,6104.0,52,6105.0,85,6106.0,157,6107.0,91,6108.0,125,6103.0
SR409,,13:38:57.750#,6104.0,6111.0,6073.0,6490.0,5754.0,212757,307504,6099.0,81,6100.0,229,6101.0,107,6102.0,110,6103.0,130,6104.0,52,6105.0,85,6106.0,157,6107.0,86,6108.0,125,6103.0
SR409,,13:38:58.0#,6104.0,6111.0,6073.0,6490.0,5754.0,212757,307504,6099.0,81,6100.0,229,6101.0,107,6102.0,111,6103.0,136,6104.0,52,6105.0,85,6106.0,157,6107.0,86,6108.0,125,6103.0
SR409,,13:38:58.250#,6104.0,6111.0,6073.0,6490.0,5754.0,212757,307504,6099.0,81,6100.0,229,6101.0,107,6102.0,111,6103.0,137,6104.0,51,6105.0,85,6106.0,157,6107.0,86,6108.0,125,6103.0
SR409,,13:38:59.250#,6104.0,6111.0,6073.0,6490.0,5754.0,212757,307504,6099.0,81,6100.0,229,6101.0,107,6102.0,111,6103.0,133,6104.0,52,6105.0,85,6106.0,157,6107.0,86,6108.0,125,6103.0
SR409,,13:38:59.500#,6104.0,6111.0,6073.0,6490.0,5754.0,212757,307504,6099.0,81,6100.0,229,6101.0,107,6102.0,111,6103.0,133,6104.0,53,6105.0,85,6106.0,157,6107.0,86,6108.0,125,6103.0
SR409,,13:38:59.750#,6104.0,6111.0,6073.0,6490.0,5754.0,212757,307504,6099.0,81,6100.0,229,6101.0,107,6102.0,111,6103.0,133,6104.0,54,6105.0,86,6106.0,157,6107.0,86,6108.0,125,6103.0
SR409,,13:39:00.250#,6104.0,6111.0,6073.0,6490.0,5754.0,212757,307504,6099.0,81,6100.0,229,6101.0,107,6102.0,111,6103.0,133,6104.0,54,6105.0,86,6106.0,157,6107.0,86,6108.0,125,6103.0
SR409,,13:39:00.500#,6104.0,6111.0,6073.0,6490.0,5754.0,212757,307504,6099.0,81,6100.0,229,6101.0,107,6102.0,111,6103.0,132,6104.0,59,6105.0,86,6106.0,157,6107.0,86,6108.0,125,6103.0
SR409,,13:39:00.750#,6104.0,6111.0,6073.0,6490.0,5754.0,212757,307504,6099.0,81,6100.0,229,6101.0,107,6102.0,111,6103.0,121,6104.0,82,6105.0,86,6106.0,157,6107.0,86,6108.0,125,6103.0
SR409,,13:39:01.0#,6104.0,6111.0,6073.0,6490.0,5754.0,212757,307504,6099.0,81,6100.0,229,6101.0,107,6102.0,111,6103.0,121,6104.0,86,6105.0,86,6106.0,157,6107.0,86,6108.0,125,6103.0
SR409,,13:39:01.250#,6104.0,6111.0,6073.0,6490.0,5754.0,212762,307504,6099.0,81,6100.0,229,6101.0,107,6102.0,111,6103.0,122,6104.0,85,6105.0,86,6106.0,157,6107.0,86,6108.0,125,6104.0
SR409,,13:39:01.500#,6104.0,6111.0,6073.0,6490.0,5754.0,212772,307513,6099.0,81,6100.0,229,6101.0,107,6102.0,111,6103.0,112,6104.0,85,6105.0,86,6106.0,157,6107.0,86,6108.0,125,6103.0
SR409,,13:39:01.750#,6104.0,6111.0,6073.0,6490.0,5754.0,212772,307513,6099.0,81,6100.0,229,6101.0,107,6102.0,111,6103.0,112,6104.0,85,6105.0,86,6106.0,157,6107.0,86,6108.0,125,6103.0
SR409,,13:39:02.250#,6104.0,6111.0,6073.0,6490.0,5754.0,212773,307514,6099.0,81,6100.0,229,6101.0,107,6102.0,111,6103.0,111,6104.0,85,6105.0,86,6106.0,157,6107.0,86,6108.0,125,6103.0
SR409,,13:39:02.500#,6104.0,6111.0,6073.0,6490.0,5754.0,212773,307514,6099.0,81,6100.0,229,6101.0,107,6102.0,111,6103.0,111,6104.0,86,6105.0,86,6106.0,157,6107.0,86,6108.0,125,6103.0
SR409,,13:39:02.750#,6104.0,6111.0,6073.0,6490.0,5754.0,212789,307498,6099.0,81,6100.0,229,6101.0,107,6102.0,111,6103.0,111,6104.0,83,6105.0,86,6106.0,157,6107.0,86,6108.0,125,6103.0
SR409,,13:39:03.0#,6104.0,6111.0,6073.0,6490.0,5754.0,212789,307498,6099.0,81,6100.0,229,6101.0,107,6102.0,111,6103.0,111,6104.0,84,6105.0,86,6106.0,157,6107.0,86,6108.0,125,6103.0
SR409,,13:39:03.250#,6104.0,6111.0,6073.0,6490.0,5754.0,212789,307498,6099.0,81,6100.0,229,6101.0,107,6102.0,111,6103.0,111,6104.0,84,6105.0,86,6106.0,157,6107.0,86,6108.0,125,6103.0
SR409,,13:39:03.500#,6104.0,6111.0,6073.0,6490.0,5754.0,212789,307498,6099.0,81,6100.0,229,6101.0,107,6102.0,111,6103.0,111,6104.0,84,6105.0,87,6106.0,157,6107.0,86,6108.0,125,6103.0
SR409,,13:39:04.0#,6104.0,6111.0,6073.0,6490.0,5754.0,212889,307437,6099.0,81,6100.0,229,6101.0,107,6102.0,111,6103.0,121,6104.0,4,6105.0,86,6106.0,157,6107.0,86,6108.0,125,6104.0
SR409,,13:39:04.250#,6104.0,6111.0,6073.0,6490.0,5754.0,212900,307429,6100.0,229,6101.0,107,6102.0,111,6103.0,112,6104.0,16,6105.0,94,6106.0,157,6107.0,86,6108.0,125,6109.0,85,6104.0
SR409,,13:39:04.500#,6104.0,6111.0,6073.0,6490.0,5754.0,212900,307429,6100.0,229,6101.0,107,6102.0,111,6103.0,112,6104.0,26,6105.0,96,6106.0,157,6107.0,86,6108.0,125,6109.0,85,6104.0
SR409,,13:39:04.750#,6104.0,6111.0,6073.0,6490.0,5754.0,212900,307429,6100.0,229,6101.0,107,6102.0,111,6103.0,111,6104.0,27,6105.0,98,6106.0,157,6107.0,86,6108.0,125,6109.0,85,6104.0
SR409,,13:39:05.0#,6104.0,6111.0,6073.0,6490.0,5754.0,212927,307415,6099.0,80,6100.0,229,6101.0,107,6102.0,111,6103.0,121,6104.0,1,6105.0,88,6106.0,157,6107.0,86,6108.0,125,6104.0
SR409,,13:39:05.250#,6104.0,6111.0,6073.0,6490.0,5754.0,212928,307414,6099.0,81,6100.0,229,6101.0,107,6102.0,111,6103.0,119,6104.0,30,6105.0,88,6106.0,157,6107.0,86,6108.0,125,6104.0
SR409,,13:39:05.500#,6104.0,6111.0,6073.0,6490.0,5754.0,212928,307414,6099.0,81,6100.0,229,6101.0,107,6102.0,111,6103.0,119,6104.0,42,6105.0,88,6106.0,157,6107.0,86,6108.0,125,6104.0
SR409,,13:39:05.750#,6104.0,6111.0,6073.0,6490.0,5754.0,212928,307414,6099.0,81,6100.0,229,6101.0,107,6102.0,111,6103.0,119,6104.0,43,6105.0,88,6106.0,157,6107.0,86,6108.0,125,6104.0
SR409,,13:39:06.0#,6104.0,6111.0,6073.0,6490.0,5754.0,212928,307414,6099.0,81,6100.0,229,6101.0,107,6102.0,111,6103.0,119,6104.0,42,6105.0,88,6106.0,157,6107.0,86,6108.0,125,6104.0
SR409,,13:39:06.250#,6104.0,6111.0,6073.0,6490.0,5754.0,212929,307414,6099.0,81,6100.0,229,6101.0,107,6102.0,111,6103.0,118,6104.0,43,6105.0,88,6106.0,157,6107.0,86,6108.0,125,6103.0
SR409,,13:39:06.500#,6104.0,6111.0,6073.0,6490.0,5754.0,212929,307414,6099.0,81,6100.0,229,6101.0,107,6102.0,111,6103.0,118,6104.0,45,6105.0,89,6106.0,157,6107.0,86,6108.0,125,6103.0
SR409,,13:39:06.750#,6104.0,6111.0,6073.0,6490.0,5754.0,212929,307414,6099.0,81,6100.0,229,6101.0,107,6102.0,111,6103.0,118,6104.0,55,6105.0,89,6106.0,157,6107.0,86,6108.0,125,6103.0
SR409,,13:39:07.0#,6104.0,6111.0,6073.0,6490.0,5754.0,212929,307414,6099.0,81,6100.0,229,6101.0,107,6102.0,111,6103.0,118,6104.0,56,6105.0,89,6106.0,157,6107.0,86,6108.0,125,6103.0
SR409,,13:39:08.250#,6104.0,6111.0,6073.0,6490.0,5754.0,212929,307414,6099.0,80,6100.0,229,6101.0,107,6102.0,111,6103.0,118,6104.0,56,6105.0,89,6106.0,157,6107.0,86,6108.0,125,6103.0
SR409,,13:39:08.500#,6104.0,6111.0,6073.0,6490.0,5754.0,212929,307414,6099.0,80,6100.0,229,6101.0,107,6102.0,111,6103.0,128,6104.0,56,6105.0,89,6106.0,157,6107.0,86,6108.0,125,6103.0
SR409,,13:39:08.750#,6104.0,6111.0,6073.0,6490.0,5754.0,212929,307414,6099.0,80,6100.0,229,6101.0,107,6102.0,111,6103.0,129,6104.0,56,6105.0,89,6106.0,157,6107.0,86,6108.0,128,6103.0
SR409,,13:39:09.250#,6104.0,6111.0,6073.0,6490.0,5754.0,212930,307415,6099.0,80,6100.0,228,6101.0,107,6102.0,111,6103.0,129,6104.0,56,6105.0,89,6106.0,157,6107.0,86,6108.0,128,6103.0
SR409,,13:39:09.500#,6104.0,6111.0,6073.0,6490.0,5754.0,212930,307415,6099.0,80,6100.0,228,6101.0,107,6102.0,111,6103.0,123,6104.0,61,6105.0,89,6106.0,157,6107.0,86,6108.0,128,6103.0
SR409,,13:39:09.750#,6104.0,6111.0,6073.0,6490.0,5754.0,212933,307415,6099.0,80,6100.0,228,6101.0,107,6102.0,111,6103.0,116,6104.0,65,6105.0,89,6106.0,157,6107.0,86,6108.0,128,6103.0
SR409,,13:39:10.0#,6104.0,6111.0,6073.0,6490.0,5754.0,213049,307436,6098.0,120,6099.0,80,6100.0,228,6101.0,107,6102.0,121,6103.0,20,6104.0,80,6105.0,89,6106.0,157,6107.0,86,6103.0
SR409,,13:39:10.250#,6104.0,6111.0,6073.0,6490.0,5754.0,213051,307437,6098.0,121,6099.0,80,6100.0,229,6101.0,107,6102.0,121,6103.0,14,6104.0,85,6105.0,89,6106.0,156,6107.0,86,6103.0
SR409,,13:39:10.500#,6104.0,6111.0,6073.0,6490.0,5754.0,213055,307433,6098.0,121,6099.0,80,6100.0,229,6101.0,107,6102.0,118,6103.0,3,6104.0,63,6105.0,89,6106.0,155,6107.0,86,6102.0
SR409,,13:39:10.750#,6104.0,6111.0,6073.0,6490.0,5754.0,213086,307408,6098.0,121,6099.0,80,6100.0,229,6101.0,107,6102.0,88,6104.0,78,6105.0,89,6106.0,155,6107.0,86,6108.0,128,6102.0
SR409,,13:39:11.0#,6104.0,6111.0,6073.0,6490.0,5754.0,213086,307408,6098.0,121,6099.0,80,6100.0,229,6101.0,108,6102.0,88,6103.0,15,6104.0,63,6105.0,90,6106.0,155,6107.0,86,6102.0
SR409,,13:39:11.250#,6104.0,6111.0,6073.0,6490.0,5754.0,213086,307408,6098.0,121,6099.0,80,6100.0,229,6101.0,108,6102.0,89,6103.0,15,6104.0,63,6105.0,89,6106.0,155,6107.0,86,6102.0
SR409,,13:39:11.500#,6104.0,6111.0,6073.0,6490.0,5754.0,213094,307403,6098.0,121,6099.0,80,6100.0,229,6101.0,108,6102.0,81,6103.0,15,6104.0,63,6105.0,89,6106.0,155,6107.0,86,6102.0
SR409,,13:39:11.750#,6104.0,6111.0,6073.0,6490.0,5754.0,213094,307403,6098.0,121,6099.0,80,6100.0,229,6101.0,108,6102.0,81,6103.0,22,6104.0,63,6105.0,89,6106.0,155,6107.0,86,6102.0
SR409,,13:39:12.0#,6104.0,6111.0,6073.0,6490.0,5754.0,213094,307403,6098.0,121,6099.0,80,6100.0,229,6101.0,108,6102.0,81,6103.0,27,6104.0,63,6105.0,89,6106.0,155,6107.0,86,6102.0
SR409,,13:39:12.500#,6104.0,6111.0,6073.0,6490.0,5754.0,213094,307403,6098.0,121,6099.0,80,6100.0,229,6101.0,108,6102.0,81,6103.0,29,6104.0,63,6105.0,89,6106.0,155,6107.0,86,6102.0
SR409,,13:39:13.0#,6104.0,6111.0,6073.0,6490.0,5754.0,213096,307403,6098.0,121,6099.0,80,6100.0,229,6101.0,108,6102.0,81,6103.0,27,6104.0,63,6105.0,89,6106.0,155,6107.0,86,6103.0
SR409,,13:39:13.250#,6104.0,6111.0,6073.0,6490.0,5754.0,213101,307408,6098.0,121,6099.0,80,6100.0,229,6101.0,108,6102.0,76,6103.0,26,6104.0,63,6105.0,89,6106.0,155,6107.0,86,6102.0
SR409,,13:39:13.500#,6104.0,6111.0,6073.0,6490.0,5754.0,213101,307408,6098.0,121,6099.0,80,6100.0,229,6101.0,108,6102.0,76,6103.0,28,6104.0,61,6105.0,89,6106.0,155,6107.0,86,6102.0
SR409,,13:39:14.250#,6104.0,6111.0,6073.0,6490.0,5754.0,213101,307408,6098.0,121,6099.0,80,6100.0,229,6101.0,108,6102.0,76,6103.0,28,6104.0,61,6105.0,89,6106.0,155,6107.0,86,6102.0
SR409,,13:39:14.500#,6104.0,6111.0,6073.0,6490.0,5754.0,213101,307408,6098.0,121,6099.0,80,6100.0,229,6101.0,108,6102.0,76,6103.0,28,6104.0,61,6105.0,90,6106.0,155,6107.0,86,6102.0
SR409,,13:39:14.750#,6104.0,6111.0,6073.0,6490.0,5754.0,213101,307408,6098.0,121,6099.0,80,6100.0,229,6101.0,108,6102.0,76,6103.0,28,6104.0,61,6105.0,90,6106.0,156,6107.0,86,6102.0
SR409,,13:39:15.0#,6104.0,6111.0,6073.0,6490.0,5754.0,213101,307408,6098.0,121,6099.0,80,6100.0,229,6101.0,108,6102.0,76,6103.0,28,6104.0,62,6105.0,90,6106.0,156,6107.0,86,6102.0
SR409,,13:39:15.250#,6104.0,6111.0,6073.0,6490.0,5754.0,213101,307408,6098.0,121,6099.0,81,6100.0,229,6101.0,108,6102.0,76,6103.0,28,6104.0,62,6105.0,90,6106.0,156,6107.0,86,6102.0
SR409,,13:39:15.500#,6104.0,6111.0,6073.0,6490.0,5754.0,213110,307408,6098.0,121,6099.0,81,6100.0,229,6101.0,108,6102.0,67,6103.0,28,6104.0,63,6105.0,90,6106.0,156,6107.0,86,6102.0
SR409,,13:39:15.750#,6104.0,6111.0,6073.0,6490.0,5754.0,213110,307408,6098.0,121,6099.0,81,6100.0,229,6101.0,108,6102.0,66,6103.0,34,6104.0,63,6105.0,90,6106.0,156,6107.0,86,6102.0
SR409,,13:39:16.0#,6104.0,6111.0,6073.0,6490.0,5754.0,213110,307408,6098.0,121,6099.0,81,6100.0,229,6101.0,108,6102.0,68,6103.0,34,6104.0,63,6105.0,90,6106.0,156,6107.0,86,6102.0
SR409,,13:39:16.250#,6104.0,6111.0,6073.0,6490.0,5754.0,213111,307407,6098.0,121,6099.0,81,6100.0,229,6101.0,108,6102.0,67,6103.0,34,6104.0,63,6105.0,90,6106.0,156,6107.0,86,6102.0
SR409,,13:39:16.500#,6104.0,6111.0,6073.0,6490.0,5754.0,213111,307407,6098.0,121,6099.0,81,6100.0,229,6101.0,108,6102.0,67,6103.0,34,6104.0,64,6105.0,90,6106.0,156,6107.0,86,6102.0
SR409,,13:39:17.0#,6104.0,6111.0,6073.0,6490.0,5754.0,213111,307407,6098.0,121,6099.0,81,6100.0,229,6101.0,107,6102.0,72,6103.0,34,6104.0,64,6105.0,90,6106.0,156,6107.0,86,6102.0
SR409,,13:39:17.250#,6104.0,6111.0,6073.0,6490.0,5754.0,213112,307408,6098.0,121,6099.0,81,6100.0,229,6101.0,107,6102.0,72,6103.0,27,6104.0,64,6105.0,90,6106.0,156,6107.0,86,6103.0
SR409,,13:39:17.500#,6104.0,6111.0,6073.0,6490.0,5754.0,213112,307408,6098.0,121,6099.0,81,6100.0,229,6101.0,107,6102.0,73,6103.0,27,6104.0,64,6105.0,90,6106.0,156,6107.0,86,6103.0
SR409,,13:39:18.250#,6104.0,6111.0,6073.0,6490.0,5754.0,213113,307408,6098.0,121,6099.0,81,6100.0,229,6101.0,107,6102.0,73,6103.0,26,6104.0,64,6105.0,90,6106.0,156,6107.0,86,6103.0
SR409,,13:39:18.750#,6104.0,6111.0,6073.0,6490.0,5754.0,213113,307408,6098.0,111,6099.0,81,6100.0,229,6101.0,107,6102.0,73,6103.0,33,6104.0,64,6105.0,90,6106.0,156,6107.0,86,6103.0
SR409,,13:39:19.0#,6104.0,6111.0,6073.0,6490.0,5754.0,213114,307408,6098.0,111,6099.0,81,6100.0,229,6101.0,107,6102.0,72,6103.0,43,6104.0,64,6105.0,90,6106.0,156,6107.0,86,6102.0
SR409,,13:39:19.250#,6104.0,6111.0,6073.0,6490.0,5754.0,213114,307408,6098.0,111,6099.0,81,6100.0,229,6101.0,107,6102.0,67,6103.0,72,6104.0,64,6105.0,90,6106.0,156,6107.0,86,6102.0
SR409,,13:39:19.500#,6104.0,6111.0,6073.0,6490.0,5754.0,213114,307408,6098.0,111,6099.0,81,6100.0,229,6101.0,107,6102.0,65,6103.0,73,6104.0,64,6105.0,90,6106.0,156,6107.0,86,6102.0
SR409,,13:39:19.750#,6104.0,6111.0,6073.0,6490.0,5754.0,213116,307406,6098.0,111,6099.0,81,6100.0,229,6101.0,107,6102.0,63,6103.0,73,6104.0,64,6105.0,87,6106.0,156,6107.0,86,6102.0
SR409,,13:39:20.250#,6104.0,6111.0,6073.0,6490.0,5754.0,213116,307406,6098.0,111,6099.0,81,6100.0,229,6101.0,107,6102.0,64,6103.0,73,6104.0,64,6105.0,87,6106.0,156,6107.0,86,6102.0
SR409,,13:39:20.500#,6104.0,6111.0,6073.0,6490.0,5754.0,213117,307406,6098.0,111,6099.0,81,6100.0,229,6101.0,107,6102.0,63,6103.0,73,6104.0,64,6105.0,87,6106.0,156,6107.0,86,6102.0
SR409,,13:39:20.750#,6104.0,6111.0,6073.0,6490.0,5754.0,213117,307406,6098.0,111,6099.0,81,6100.0,229,6101.0,107,6102.0,63,6103.0,73,6104.0,64,6105.0,87,6106.0,156,6107.0,86,6102.0
SR409,,13:39:21.0#,6104.0,6111.0,6073.0,6490.0,5754.0,213118,307406,6098.0,111,6099.0,81,6100.0,229,6101.0,107,6102.0,62,6103.0,73,6104.0,64,6105.0,87,6106.0,156,6107.0,86,6102.0
SR409,,13:39:21.250#,6104.0,6111.0,6073.0,6490.0,5754.0,213119,307406,6098.0,111,6099.0,81,6100.0,229,6101.0,107,6102.0,61,6103.0,73,6104.0,64,6105.0,87,6106.0,156,6107.0,86,6102.0
SR409,,13:39:21.500#,6104.0,6111.0,6073.0,6490.0,5754.0,213119,307406,6098.0,111,6099.0,81,6100.0,229,6101.0,107,6102.0,62,6103.0,73,6104.0,64,6105.0,87,6106.0,156,6107.0,86,6102.0
SR409,,13:39:21.750#,6104.0,6111.0,6073.0,6490.0,5754.0,213119,307406,6098.0,111,6099.0,81,6100.0,229,6101.0,107,6102.0,61,6103.0,73,6104.0,64,6105.0,87,6106.0,156,6107.0,86,6102.0
SR409,,13:39:22.0#,6104.0,6111.0,6073.0,6490.0,5754.0,213119,307406,6098.0,111,6099.0,81,6100.0,229,6101.0,107,6102.0,61,6103.0,73,6104.0,64,6105.0,87,6106.0,156,6107.0,86,6102.0
SR409,,13:39:22.250#,6104.0,6111.0,6073.0,6490.0,5754.0,213119,307406,6098.0,111,6099.0,81,6100.0,229,6101.0,107,6102.0,62,6103.0,73,6104.0,64,6105.0,87,6106.0,156,6107.0,86,6102.0
SR409,,13:39:22.500#,6104.0,6111.0,6073.0,6490.0,5754.0,213128,307406,6098.0,111,6099.0,81,6100.0,229,6101.0,107,6102.0,53,6103.0,74,6104.0,64,6105.0,87,6106.0,156,6107.0,86,6102.0
SR409,,13:39:22.750#,6104.0,6111.0,6073.0,6490.0,5754.0,213128,307406,6098.0,111,6099.0,81,6100.0,229,6101.0,107,6102.0,53,6103.0,75,6104.0,64,6105.0,87,6106.0,156,6107.0,86,6102.0
SR409,,13:39:23.0#,6104.0,6111.0,6073.0,6490.0,5754.0,213128,307406,6098.0,111,6099.0,81,6100.0,230,6101.0,107,6102.0,57,6103.0,75,6104.0,66,6105.0,87,6106.0,156,6107.0,86,6102.0
SR409,,13:39:23.250#,6104.0,6111.0,6073.0,6490.0,5754.0,213129,307406,6098.0,111,6099.0,81,6100.0,230,6101.0,107,6102.0,56,6103.0,74,6104.0,66,6105.0,87,6106.0,156,6107.0,86,6102.0
SR409,,13:39:23.500#,6104.0,6111.0,6073.0,6490.0,5754.0,213130,307405,6098.0,111,6099.0,81,6100.0,230,6101.0,107,6102.0,55,6103.0,74,6104.0,66,6105.0,87,6106.0,156,6107.0,86,6102.0
SR409,,13:39:23.750#,6104.0,6111.0,6073.0,6490.0,5754.0,213179,307392,6098.0,111,6099.0,81,6100.0,229,6101.0,107,6102.0,11,6103.0,72,6104.0,66,6105.0,87,6106.0,156,6107.0,86,6102.0
SR409,,13:39:24.0#,6104.0,6111.0,6073.0,6490.0,5754.0,213193,307403,6097.0,312,6098.0,111,6099.0,82,6100.0,229,6101.0,127,6102.0,2,6103.0,91,6104.0,64,6105.0,87,6106.0,156,6102.0
SR409,,13:39:24.250#,6104.0,6111.0,6073.0,6490.0,5754.0,213203,307409,6098.0,112,6099.0,83,6100.0,228,6101.0,98,6102.0,16,6103.0,94,6104.0,62,6105.0,88,6106.0,154,6107.0,85,6102.0
SR409,,13:39:24.500#,6104.0,6111.0,6073.0,6490.0,5754.0,213203,307409,6098.0,112,6099.0,83,6100.0,228,6101.0,99,6102.0,64,6103.0,56,6104.0,62,6105.0,88,6106.0,154,6107.0,85,6102.0
SR409,,13:39:24.750#,6104.0,6111.0,6073.0,6490.0,5754.0,213247,307424,6098.0,112,6099.0,83,6100.0,228,6101.0,99,6102.0,79,6103.0,2,6104.0,62,6105.0,88,6106.0,154,6107.0,85,6103.0
SR409,,13:39:25.0#,6104.0,6111.0,6073.0,6490.0,5754.0,213254,307418,6099.0,83,6100.0,228,6101.0,99,6102.0,100,6103.0,35,6104.0,79,6105.0,88,6106.0,154,6107.0,85,6108.0,127,6103.0
SR409,,13:39:25.250#,6104.0,6111.0,6073.0,6490.0,5754.0,213254,307418,6099.0,83,6100.0,229,6101.0,99,6102.0,101,6103.0,28,6104.0,79,6105.0,91,6106.0,154,6107.0,86,6108.0,127,6103.0
SR409,,13:39:25.500#,6104.0,6111.0,6073.0,6490.0,5754.0,213266,307423,6098.0,111,6099.0,83,6100.0,229,6101.0,99,6102.0,110,6104.0,76,6105.0,96,6106.0,155,6107.0,86,6108.0,127,6103.0
SR409,,13:39:25.750#,6104.0,6111.0,6073.0,6490.0,5754.0,213266,307423,6098.0,111,6099.0,83,6100.0,229,6101.0,99,6102.0,103,6103.0,29,6104.0,67,6105.0,96,6106.0,155,6107.0,86,6103.0
SR409,,13:39:26.0#,6104.0,6111.0,6073.0,6490.0,5754.0,213266,307423,6098.0,111,6099.0,83,6100.0,229,6101.0,99,6102.0,109,6103.0,37,6104.0,68,6105.0,96,6106.0,155,6107.0,86,6103.0
SR409,,13:39:26.250#,6104.0,6111.0,6073.0,6490.0,5754.0,213266,307423,6098.0,111,6099.0,83,6100.0,229,6101.0,99,6102.0,111,6103.0,43,6104.0,68,6105.0,96,6106.0,155,6107.0,86,6103.0
SR409,,13:39:26.500#,6104.0,6111.0,6073.0,6490.0,5754.0,213266,307423,6098.0,111,6099.0,83,6100.0,229,6101.0,99,6102.0,89,6103.0,43,6104.0,68,6105.0,96,6106.0,155,6107.0,86,6103.0
SR409,,13:39:26.750#,6104.0,6111.0,6073.0,6490.0,5754.0,213266,307423,6098.0,111,6099.0,83,6100.0,230,6101.0,99,6102.0,89,6103.0,43,6104.0,68,6105.0,96,6106.0,155,6107.0,86,6103.0
SR409,,13:39:27.0#,6104.0,6111.0,6073.0,6490.0,5754.0,213269,307420,6098.0,111,6099.0,83,6100.0,230,6101.0,99,6102.0,89,6103.0,40,6104.0,68,6105.0,96,6106.0,155,6107.0,86,6103.0
SR409,,13:39:27.500#,6104.0,6111.0,6073.0,6490.0,5754.0,213269,307420,6098.0,111,6099.0,83,6100.0,230,6101.0,99,6102.0,89,6103.0,41,6104.0,68,6105.0,96,6106.0,155,6107.0,86,6103.0
SR409,,13:39:27.750#,6104.0,6111.0,6073.0,6490.0,5754.0,213269,307420,6098.0,111,6099.0,83,6100.0,230,6101.0,99,6102.0,101,6103.0,41,6104.0,68,6105.0,96,6106.0,155,6107.0,86,6103.0
SR409,,13:39:28.0#,6104.0,6111.0,6073.0,6490.0,5754.0,213269,307420,6098.0,111,6099.0,83,6100.0,230,6101.0,99,6102.0,101,6103.0,37,6104.0,68,6105.0,96,6106.0,155,6107.0,86,6103.0
SR409,,13:39:28.250#,6104.0,6111.0,6073.0,6490.0,5754.0,213269,307420,6098.0,111,6099.0,83,6100.0,230,6101.0,99,6102.0,101,6103.0,37,6104.0,68,6105.0,95,6106.0,155,6107.0,86,6103.0
SR409,,13:39:28.500#,6104.0,6111.0,6073.0,6490.0,5754.0,213269,307420,6098.0,111,6099.0,83,6100.0,230,6101.0,99,6102.0,101,6103.0,37,6104.0,68,6105.0,95,6106.0,155,6107.0,86,6103.0
SR409,,13:39:29.0#,6104.0,6111.0,6073.0,6490.0,5754.0,213269,307420,6098.0,111,6099.0,83,6100.0,230,6101.0,99,6102.0,101,6103.0,37,6104.0,68,6105.0,95,6106.0,155,6107.0,86,6103.0
SR409,,13:39:29.250#,6104.0,6111.0,6073.0,6490.0,5754.0,213269,307420,6098.0,111,6099.0,83,6100.0,230,6101.0,99,6102.0,101,6103.0,37,6104.0,68,6105.0,95,6106.0,155,6107.0,86,6103.0
SR409,,13:39:29.500#,6104.0,6111.0,6073.0,6490.0,5754.0,213269,307420,6098.0,111,6099.0,83,6100.0,230,6101.0,99,6102.0,101,6103.0,37,6104.0,68,6105.0,96,6106.0,155,6107.0,85,6103.0
SR409,,13:39:29.750#,6104.0,6111.0,6073.0,6490.0,5754.0,213269,307420,6098.0,111,6099.0,83,6100.0,230,6101.0,99,6102.0,101,6103.0,37,6104.0,68,6105.0,96,6106.0,155,6107.0,86,6103.0
SR409,,13:39:30.0#,6104.0,6111.0,6073.0,6490.0,5754.0,213270,307420,6098.0,111,6099.0,83,6100.0,230,6101.0,99,6102.0,101,6103.0,36,6104.0,68,6105.0,96,6106.0,155,6107.0,86,6103.0
SR409,,13:39:30.250#,6104.0,6111.0,6073.0,6490.0,5754.0,213270,307420,6098.0,111,6099.0,83,6100.0,230,6101.0,99,6102.0,102,6103.0,36,6104.0,68,6105.0,96,6106.0,155,6107.0,86,6103.0
SR409,,13:39:30.750#,6104.0,6111.0,6073.0,6490.0,5754.0,213271,307419,6098.0,111,6099.0,83,6100.0,230,6101.0,99,6102.0,102,6103.0,35,6104.0,68,6105.0,96,6106.0,155,6107.0,86,6103.0
SR409,,13:39:31.250#,6104.0,6111.0,6073.0,6490.0,5754.0,213271,307419,6098.0,111,6099.0,83,6100.0,230,6101.0,99,6102.0,103,6103.0,35,6104.0,68,6105.0,96,6106.0,155,6107.0,86,6103.0
SR409,,13:39:31.500#,6104.0,6111.0,6073.0,6490.0,5754.0,213271,307419,6098.0,111,6099.0,83,6100.0,230,6101.0,99,6102.0,106,6103.0,35,6104.0,68,6105.0,96,6106.0,155,6107.0,86,6103.0
SR409,,13:39:32.0#,6104.0,6111.0,6073.0,6490.0,5754.0,213307,307435,6099.0,83,6100.0,230,6101.0,99,6102.0,95,6103.0,13,6104.0,81,6105.0,96,6106.0,155,6107.0,86,6108.0,128,6103.0
SR409,,13:39:32.250#,6104.0,6111.0,6073.0,6490.0,5754.0,213307,307435,6099.0,83,6100.0,230,6101.0,99,6102.0,94,6103.0,44,6104.0,76,6105.0,116,6106.0,155,6107.0,86,6108.0,128,6103.0
SR409,,13:39:32.500#,6104.0,6111.0,6073.0,6490.0,5754.0,213307,307435,6099.0,83,6100.0,230,6101.0,99,6102.0,93,6103.0,63,6104.0,71,6105.0,116,6106.0,155,6107.0,86,6108.0,128,6103.0
SR409,,13:39:32.750#,6104.0,6111.0,6073.0,6490.0,5754.0,213317,307445,6099.0,83,6100.0,230,6101.0,99,6102.0,96,6103.0,58,6104.0,62,6105.0,118,6106.0,155,6107.0,86,6108.0,128,6103.0
SR409,,13:39:33.0#,6104.0,6111.0,6073.0,6490.0,5754.0,213317,307445,6099.0,83,6100.0,230,6101.0,99,6102.0,96,6103.0,57,6104.0,61,6105.0,118,6106.0,155,6107.0,86,6108.0,128,6103.0
SR409,,13:39:33.250#,6104.0,6111.0,6073.0,6490.0,5754.0,213326,307454,6099.0,83,6100.0,230,6101.0,99,6102.0,96,6103.0,71,6104.0,61,6105.0,118,6106.0,155,6107.0,86,6108.0,128,6103.0
SR409,,13:39:33.500#,6104.0,6111.0,6073.0,6490.0,5754.0,213326,307454,6099.0,83,6100.0,230,6101.0,99,6102.0,95,6103.0,73,6104.0,40,6105.0,118,6106.0,155,6107.0,86,6108.0,128,6103.0
SR409,,13:39:33.750#,6104.0,6111.0,6073.0,6490.0,5754.0,213326,307454,6099.0,83,6100.0,230,6101.0,99,6102.0,95,6103.0,74,6104.0,40,6105.0,118,6106.0,155,6107.0,86,6108.0,128,6103.0
SR409,,13:39:35.0#,6104.0,6111.0,6073.0,6490.0,5754.0,213326,307454,6099.0,83,6100.0,230,6101.0,99,6102.0,95,6103.0,74,6104.0,53,6105.0,118,6106.0,155,6107.0,86,6108.0,128,6103.0
SR409,,13:39:35.750#,6104.0,6111.0,6073.0,6490.0,5754.0,213326,307454,6099.0,83,6100.0,230,6101.0,99,6102.0,95,6103.0,74,6104.0,53,6105.0,118,6106.0,155,6107.0,86,6108.0,128,6103.0
SR409,,13:39:36.0#,6104.0,6111.0,6073.0,6490.0,5754.0,213328,307454,6099.0,83,6100.0,230,6101.0,99,6102.0,95,6103.0,74,6104.0,58,6105.0,118,6106.0,155,6107.0,86,6108.0,128,6103.0
SR409,,13:39:36.250#,6104.0,6111.0,6073.0,6490.0,5754.0,213328,307454,6099.0,83,6100.0,230,6101.0,99,6102.0,96,6103.0,74,6104.0,58,6105.0,118,6106.0,155,6107.0,86,6108.0,128,6103.0
SR409,,13:39:36.500#,6104.0,6111.0,6073.0,6490.0,5754.0,213328,307454,6099.0,83,6100.0,230,6101.0,99,6102.0,96,6103.0,75,6104.0,59,6105.0,118,6106.0,155,6107.0,86,6108.0,128,6103.0
SR409,,13:39:36.750#,6104.0,6111.0,6073.0,6490.0,5754.0,213328,307454,6099.0,83,6100.0,230,6101.0,99,6102.0,96,6103.0,76,6104.0,59,6105.0,118,6106.0,155,6107.0,86,6108.0,128,6103.0
SR409,,13:39:38.0#,6104.0,6111.0,6073.0,6490.0,5754.0,213328,307454,6099.0,83,6100.0,230,6101.0,99,6102.0,96,6103.0,76,6104.0,60,6105.0,118,6106.0,155,6107.0,85,6108.0,128,6103.0
SR409,,13:39:38.500#,6104.0,6111.0,6073.0,6490.0,5754.0,213328,307454,6099.0,83,6100.0,230,6101.0,99,6102.0,96,6103.0,76,6104.0,61,6105.0,118,6106.0,155,6107.0,85,6108.0,128,6103.0
SR409,,13:39:38.750#,6104.0,6111.0,6073.0,6490.0,5754.0,213328,307454,6099.0,83,6100.0,230,6101.0,99,6102.0,96,6103.0,76,6104.0,61,6105.0,118,6106.0,154,6107.0,85,6108.0,128,6103.0
SR409,,13:39:39.0#,6104.0,6111.0,6073.0,6490.0,5754.0,213328,307454,6099.0,83,6100.0,230,6101.0,99,6102.0,96,6103.0,76,6104.0,61,6105.0,118,6106.0,154,6107.0,85,6108.0,128,6103.0
SR409,,13:39:39.250#,6104.0,6111.0,6073.0,6490.0,5754.0,213328,307454,6099.0,83,6100.0,230,6101.0,99,6102.0,96,6103.0,76,6104.0,63,6105.0,118,6106.0,154,6107.0,85,6108.0,128,6103.0
SR409,,13:39:39.500#,6104.0,6111.0,6073.0,6490.0,5754.0,213328,307454,6099.0,83,6100.0,230,6101.0,99,6102.0,96,6103.0,76,6104.0,65,6105.0,118,6106.0,154,6107.0,85,6108.0,128,6103.0
SR409,,13:39:40.0#,6104.0,6111.0,6073.0,6490.0,5754.0,213328,307454,6099.0,83,6100.0,230,6101.0,99,6102.0,96,6103.0,77,6104.0,66,6105.0,118,6106.0,149,6107.0,85,6108.0,128,6103.0
SR409,,13:39:40.250#,6104.0,6111.0,6073.0,6490.0,5754.0,213336,307458,6099.0,83,6100.0,230,6101.0,99,6102.0,96,6103.0,69,6104.0,69,6105.0,118,6106.0,149,6107.0,85,6108.0,128,6103.0
SR409,,13:39:40.500#,6104.0,6111.0,6073.0,6490.0,5754.0,213338,307459,6099.0,83,6100.0,230,6101.0,99,6102.0,96,6103.0,67,6104.0,70,6105.0,118,6106.0,149,6107.0,85,6108.0,128,6103.0
SR409,,13:39:41.0#,6104.0,6111.0,6073.0,6490.0,5754.0,213338,307459,6099.0,83,6100.0,230,6101.0,99,6102.0,96,6103.0,51,6104.0,70,6105.0,118,6106.0,149,6107.0,85,6108.0,128,6103.0
SR409,,13:39:41.250#,6104.0,6111.0,6073.0,6490.0,5754.0,213338,307459,6099.0,83,6100.0,230,6101.0,99,6102.0,96,6103.0,50,6104.0,70,6105.0,118,6106.0,149,6107.0,85,6108.0,128,6103.0
SR409,,13:39:41.500#,6104.0,6111.0,6073.0,6490.0,5754.0,213338,307459,6099.0,83,6100.0,230,6101.0,99,6102.0,96,6103.0,50,6104.0,71,6105.0,118,6106.0,149,6107.0,85,6108.0,128,6103.0
SR409,,13:39:41.750#,6104.0,6111.0,6073.0,6490.0,5754.0,213338,307459,6099.0,83,6100.0,230,6101.0,99,6102.0,96,6103.0,51,6104.0,71,6105.0,118,6106.0,149,6107.0,85,6108.0,128,6103.0
SR409,,13:39:42.250#,6104.0,6111.0,6073.0,6490.0,5754.0,213338,307459,6099.0,83,6100.0,230,6101.0,99,6102.0,96,6103.0,51,6104.0,71,6105.0,119,6106.0,149,6107.0,85,6108.0,128,6103.0
SR409,,13:39:42.500#,6104.0,6111.0,6073.0,6490.0,5754.0,213338,307459,6099.0,83,6100.0,230,6101.0,99,6102.0,96,6103.0,51,6104.0,71,6105.0,120,6106.0,149,6107.0,85,6108.0,128,6103.0
SR409,,13:39:42.750#,6104.0,6111.0,6073.0,6490.0,5754.0,213338,307459,6099.0,83,6100.0,230,6101.0,99,6102.0,96,6103.0,51,6104.0,71,6105.0,120,6106.0,149,6107.0,85,6108.0,128,6103.0
SR409,,13:39:43.0#,6104.0,6111.0,6073.0,6490.0,5754.0,213339,307459,6099.0,83,6100.0,230,6101.0,99,6102.0,96,6103.0,50,6104.0,71,6105.0,120,6106.0,149,6107.0,85,6108.0,128,6103.0
SR409,,13:39:43.250#,6104.0,6111.0,6073.0,6490.0,5754.0,213339,307459,6099.0,83,6100.0,230,6101.0,99,6102.0,96,6103.0,50,6104.0,70,6105.0,120,6106.0,149,6107.0,85,6108.0,128,6103.0
SR409,,13:39:43.500#,6104.0,6111.0,6073.0,6490.0,5754.0,213339,307459,6099.0,83,6100.0,230,6101.0,99,6102.0,96,6103.0,50,6104.0,73,6105.0,120,6106.0,149,6107.0,85,6108.0,128,6103.0
SR409,,13:39:44.250#,6104.0,6111.0,6073.0,6490.0,5754.0,213339,307459,6099.0,83,6100.0,230,6101.0,99,6102.0,96,6103.0,50,6104.0,75,6105.0,120,6106.0,149,6107.0,85,6108.0,128,6103.0
SR409,,13:39:44.500#,6104.0,6111.0,6073.0,6490.0,5754.0,213339,307459,6099.0,83,6100.0,230,6101.0,99,6102.0,96,6103.0,50,6104.0,76,6105.0,120,6106.0,149,6107.0,85,6108.0,128,6103.0
SR409,,13:39:45.0#,6104.0,6111.0,6073.0,6490.0,5754.0,213345,307460,6099.0,83,6100.0,230,6101.0,99,6102.0,96,6103.0,49,6104.0,75,6105.0,120,6106.0,149,6107.0,85,6108.0,128,6103.0
SR409,,13:39:45.250#,6104.0,6111.0,6073.0,6490.0,5754.0,213345,307460,6099.0,83,6100.0,230,6101.0,99,6102.0,96,6103.0,50,6104.0,75,6105.0,120,6106.0,149,6107.0,85,6108.0,128,6103.0
SR409,,13:39:45.500#,6104.0,6111.0,6073.0,6490.0,5754.0,213345,307460,6099.0,83,6100.0,230,6101.0,99,6102.0,96,6103.0,55,6104.0,75,6105.0,120,6106.0,149,6107.0,85,6108.0,128,6103.0
SR409,,13:39:46.250#,6104.0,6111.0,6073.0,6490.0,5754.0,213345,307460,6099.0,83,6100.0,230,6101.0,99,6102.0,96,6103.0,55,6104.0,75,6105.0,120,6106.0,149,6107.0,85,6108.0,128,6103.0
SR409,,13:39:47.500#,6104.0,6111.0,6073.0,6490.0,5754.0,213347,307460,6099.0,83,6100.0,230,6101.0,99,6102.0,96,6103.0,53,6104.0,75,6105.0,120,6106.0,149,6107.0,85,6108.0,128,6103.0
SR409,,13:39:47.750#,6104.0,6111.0,6073.0,6490.0,5754.0,213347,307460,6099.0,83,6100.0,230,6101.0,99,6102.0,96,6103.0,62,6104.0,72,6105.0,120,6106.0,149,6107.0,85,6108.0,128,6103.0
SR409,,13:39:48.0#,6104.0,6111.0,6073.0,6490.0,5754.0,213347,307460,6099.0,83,6100.0,230,6101.0,98,6102.0,96,6103.0,62,6104.0,70,6105.0,120,6106.0,149,6107.0,85,6108.0,128,6103.0
SR409,,13:39:48.500#,6104.0,6111.0,6073.0,6490.0,5754.0,213361,307460,6099.0,83,6100.0,230,6101.0,98,6102.0,96,6103.0,49,6104.0,69,6105.0,120,6106.0,149,6107.0,85,6108.0,128,6103.0
SR409,,13:39:48.750#,6104.0,6111.0,6073.0,6490.0,5754.0,213362,307461,6099.0,83,6100.0,230,6101.0,98,6102.0,96,6103.0,48,6104.0,69,6105.0,120,6106.0,149,6107.0,85,6108.0,128,6103.0
SR409,,13:39:49.0#,6104.0,6111.0,6073.0,6490.0,5754.0,213362,307461,6099.0,83,6100.0,230,6101.0,98,6102.0,96,6103.0,58,6104.0,69,6105.0,120,6106.0,149,6107.0,85,6108.0,128,6103.0
SR409,,13:39:49.750#,6104.0,6111.0,6073.0,6490.0,5754.0,213362,307461,6099.0,83,6100.0,230,6101.0,98,6102.0,96,6103.0,80,6104.0,69,6105.0,120,6106.0,149,6107.0,85,6108.0,128,6103.0
SR409,,13:39:50.0#,6104.0,6111.0,6073.0,6490.0,5754.0,213362,307461,6099.0,83,6100.0,230,6101.0,98,6102.0,96,6103.0,81,6104.0,67,6105.0,120,6106.0,149,6107.0,85,6108.0,128,6103.0
SR409,,13:39:50.250#,6104.0,6111.0,6073.0,6490.0,5754.0,213362,307461,6099.0,83,6100.0,230,6101.0,98,6102.0,96,6103.0,83,6104.0,67,6105.0,120,6106.0,149,6107.0,85,6108.0,128,6103.0
SR409,,13:39:50.500#,6104.0,6111.0,6073.0,6490.0,5754.0,213366,307462,6099.0,83,6100.0,230,6101.0,98,6102.0,99,6103.0,80,6104.0,67,6105.0,120,6106.0,149,6107.0,85,6108.0,128,6103.0
SR409,,13:39:50.750#,6104.0,6111.0,6073.0,6490.0,5754.0,213366,307462,6099.0,83,6100.0,230,6101.0,98,6102.0,99,6103.0,81,6104.0,70,6105.0,120,6106.0,149,6107.0,85,6108.0,128,6103.0
SR409,,13:39:51.0#,6104.0,6111.0,6073.0,6490.0,5754.0,213366,307462,6099.0,83,6100.0,230,6101.0,98,6102.0,99,6103.0,83,6104.0,71,6105.0,120,6106.0,149,6107.0,85,6108.0,128,6103.0
SR409,,13:39:51.250#,6104.0,6111.0,6073.0,6490.0,5754.0,213366,307462,6099.0,83,6100.0,230,6101.0,98,6102.0,99,6103.0,83,6104.0,71,6105.0,120,6106.0,149,6107.0,85,6108.0,127,6103.0
SR409,,13:39:51.750#,6104.0,6111.0,6073.0,6490.0,5754.0,213366,307462,6099.0,83,6100.0,230,6101.0,98,6102.0,99,6103.0,84,6104.0,71,6105.0,120,6106.0,149,6107.0,85,6108.0,127,6103.0
SR409,,13:39:52.250#,6104.0,6111.0,6073.0,6490.0,5754.0,213366,307462,6099.0,83,6100.0,230,6101.0,98,6102.0,99,6103.0,84,6104.0,70,6105.0,120,6106.0,149,6107.0,85,6108.0,127,6103.0
SR409,,13:39:52.500#,6104.0,6111.0,6073.0,6490.0,5754.0,213366,307462,6099.0,83,6100.0,230,6101.0,98,6102.0,99,6103.0,85,6104.0,71,6105.0,120,6106.0,149,6107.0,85,6108.0,127,6103.0
SR409,,13:39:52.750#,6104.0,6111.0,6073.0,6490.0,5754.0,213366,307462,6099.0,83,6100.0,230,6101.0,98,6102.0,99,6103.0,84,6104.0,72,6105.0,120,6106.0,149,6107.0,85,6108.0,127,6103.0
SR409,,13:39:53.0#,6104.0,6111.0,6073.0,6490.0,5754.0,213366,307462,6099.0,83,6100.0,230,6101.0,98,6102.0,99,6103.0,84,6104.0,74,6105.0,120,6106.0,149,6107.0,85,6108.0,127,6103.0
SR409,,13:39:53.500#,6104.0,6111.0,6073.0,6490.0,5754.0,213366,307462,6099.0,83,6100.0,230,6101.0,98,6102.0,99,6103.0,84,6104.0,75,6105.0,120,6106.0,149,6107.0,85,6108.0,127,6103.0
SR409,,13:39:53.750#,6104.0,6111.0,6073.0,6490.0,5754.0,213366,307462,6099.0,83,6100.0,230,6101.0,98,6102.0,99,6103.0,84,6104.0,75,6105.0,120,6106.0,149,6107.0,85,6108.0,127,6103.0
SR409,,13:39:54.0#,6104.0,6111.0,6073.0,6490.0,5754.0,213367,307462,6099.0,83,6100.0,230,6101.0,98,6102.0,99,6103.0,83,6104.0,75,6105.0,120,6106.0,149,6107.0,85,6108.0,127,6103.0
SR409,,13:39:54.250#,6104.0,6111.0,6073.0,6490.0,5754.0,213367,307462,6099.0,83,6100.0,230,6101.0,98,6102.0,99,6103.0,61,6104.0,75,6105.0,120,6106.0,149,6107.0,85,6108.0,127,6103.0
SR409,,13:39:54.500#,6104.0,6111.0,6073.0,6490.0,5754.0,213367,307462,6099.0,83,6100.0,230,6101.0,98,6102.0,99,6103.0,58,6104.0,77,6105.0,120,6106.0,149,6107.0,85,6108.0,127,6103.0
SR409,,13:39:55.0#,6104.0,6111.0,6073.0,6490.0,5754.0,213367,307462,6099.0,83,6100.0,230,6101.0,98,6102.0,99,6103.0,57,6104.0,77,6105.0,120,6106.0,149,6107.0,85,6108.0,127,6103.0
SR409,,13:39:55.250#,6104.0,6111.0,6073.0,6490.0,5754.0,213372,307457,6099.0,83,6100.0,230,6101.0,98,6102.0,99,6103.0,57,6104.0,77,6105.0,120,6106.0,149,6107.0,85,6108.0,127,6103.0
SR409,,13:39:56.250#,6104.0,6111.0,6073.0,6490.0,5754.0,213372,307457,6099.0,83,6100.0,230,6101.0,98,6102.0,99,6103.0,57,6104.0,78,6105.0,120,6106.0,149,6107.0,85,6108.0,127,6103.0
SR409,,13:39:57.0#,6104.0,6111.0,6073.0,6490.0,5754.0,213373,307457,6099.0,83,6100.0,230,6101.0,98,6102.0,99,6103.0,56,6104.0,87,6105.0,120,6106.0,149,6107.0,85,6108.0,127,6103.0
SR409,,13:39:57.250#,6104.0,6111.0,6073.0,6490.0,5754.0,213373,307457,6099.0,83,6100.0,230,6101.0,98,6102.0,100,6103.0,55,6104.0,89,6105.0,120,6106.0,149,6107.0,85,6108.0,127,6103.0
SR409,,13:39:57.500#,6104.0,6111.0,6073.0,6490.0,5754.0,213373,307457,6099.0,83,6100.0,230,6101.0,98,6102.0,100,6103.0,48,6104.0,89,6105.0,120,6106.0,149,6107.0,85,6108.0,127,6103.0
SR409,,13:39:57.750#,6104.0,6111.0,6073.0,6490.0,5754.0,213374,307456,6099.0,83,6100.0,230,6101.0,98,6102.0,100,6103.0,37,6104.0,89,6105.0,119,6106.0,149,6107.0,85,6108.0,127,6103.0
SR409,,13:39:58.0#,6104.0,6111.0,6073.0,6490.0,5754.0,213375,307456,6099.0,83,6100.0,230,6101.0,98,6102.0,100,6103.0,36,6104.0,89,6105.0,118,6106.0,149,6107.0,85,6108.0,127,6103.0
SR409,,13:39:58.250#,6104.0,6111.0,6073.0,6490.0,5754.0,213375,307456,6099.0,83,6100.0,230,6101.0,98,6102.0,100,6103.0,41,6104.0,89,6105.0,118,6106.0,149,6107.0,85,6108.0,127,6103.0
SR409,,13:39:58.500#,6104.0,6111.0,6073.0,6490.0,5754.0,213375,307456,6099.0,83,6100.0,230,6101.0,98,6102.0,100,6103.0,40,6104.0,89,6105.0,118,6106.0,149,6107.0,85,6108.0,127,6103.0
SR409,,13:39:58.750#,6104.0,6111.0,6073.0,6490.0,5754.0,213375,307456,6099.0,83,6100.0,230,6101.0,98,6102.0,100,6103.0,35,6104.0,89,6105.0,118,6106.0,149,6107.0,85,6108.0,127,6103.0
SR409,,13:39:59.0#,6104.0,6111.0,6073.0,6490.0,5754.0,213376,307456,6099.0,83,6100.0,230,6101.0,98,6102.0,100,6103.0,35,6104.0,88,6105.0,118,6106.0,149,6107.0,85,6108.0,127,6104.0
SR409,,13:39:59.500#,6104.0,6111.0,6073.0,6490.0,5754.0,213376,307456,6099.0,83,6100.0,230,6101.0,98,6102.0,100,6103.0,35,6104.0,88,6105.0,117,6106.0,149,6107.0,85,6108.0,127,6104.0
SR409,,13:39:59.750#,6104.0,6111.0,6073.0,6490.0,5754.0,213377,307456,6099.0,83,6100.0,231,6101.0,98,6102.0,100,6103.0,40,6104.0,87,6105.0,117,6106.0,149,6107.0,85,6108.0,127,6104.0
SR409,,13:40:00.0#,6104.0,6111.0,6073.0,6490.0,5754.0,213377,307456,6099.0,83,6100.0,231,6101.0,98,6102.0,100,6103.0,40,6104.0,86,6105.0,117,6106.0,149,6107.0,85,6108.0,127,6104.0
SR409,,13:40:00.250#,6104.0,6111.0,6073.0,6490.0,5754.0,213386,307455,6099.0,83,6100.0,231,6101.0,98,6102.0,100,6103.0,40,6104.0,87,6105.0,117,6106.0,149,6107.0,85,6108.0,127,6104.0
SR409,,13:40:00.750#,6104.0,6111.0,6073.0,6490.0,5754.0,213387,307455,6099.0,83,6100.0,231,6101.0,98,6102.0,100,6103.0,61,6104.0,87,6105.0,117,6106.0,149,6107.0,85,6108.0,127,6103.0
SR409,,13:40:01.0#,6104.0,6111.0,6073.0,6490.0,5754.0,213387,307455,6099.0,83,6100.0,231,6101.0,98,6102.0,100,6103.0,40,6104.0,86,6105.0,117,6106.0,149,6107.0,85,6108.0,127,6103.0
SR409,,13:40:01.250#,6104.0,6111.0,6073.0,6490.0,5754.0,213387,307455,6099.0,83,6100.0,231,6101.0,98,6102.0,100,6103.0,62,6104.0,87,6105.0,117,6106.0,149,6107.0,85,6108.0,127,6103.0
SR409,,13:40:02.250#,6104.0,6111.0,6073.0,6490.0,5754.0,213387,307455,6099.0,83,6100.0,231,6101.0,98,6102.0,100,6103.0,62,6104.0,88,6105.0,117,6106.0,149,6107.0,85,6108.0,127,6103.0
SR409,,13:40:02.500#,6104.0,6111.0,6073.0,6490.0,5754.0,213387,307455,6099.0,83,6100.0,231,6101.0,98,6102.0,100,6103.0,40,6104.0,88,6105.0,117,6106.0,149,6107.0,85,6108.0,127,6103.0
SR409,,13:40:02.750#,6104.0,6111.0,6073.0,6490.0,5754.0,213387,307455,6099.0,83,6100.0,231,6101.0,98,6102.0,100,6103.0,35,6104.0,88,6105.0,117,6106.0,149,6107.0,85,6108.0,127,6103.0
SR409,,13:40:03.0#,6104.0,6111.0,6073.0,6490.0,5754.0,213387,307455,6099.0,83,6100.0,231,6101.0,98,6102.0,100,6103.0,40,6104.0,88,6105.0,117,6106.0,146,6107.0,85,6108.0,127,6103.0
SR409,,13:40:03.250#,6104.0,6111.0,6073.0,6490.0,5754.0,213388,307455,6099.0,83,6100.0,231,6101.0,98,6102.0,100,6103.0,61,6104.0,88,6105.0,120,6106.0,146,6107.0,85,6108.0,127,6103.0
SR409,,13:40:03.500#,6104.0,6111.0,6073.0,6490.0,5754.0,213388,307455,6099.0,83,6100.0,231,6101.0,98,6102.0,100,6103.0,39,6104.0,88,6105.0,120,6106.0,146,6107.0,85,6108.0,127,6103.0
SR409,,13:40:03.750#,6104.0,6111.0,6073.0,6490.0,5754.0,213388,307455,6099.0,83,6100.0,231,6101.0,98,6102.0,101,6103.0,35,6104.0,88,6105.0,120,6106.0,146,6107.0,85,6108.0,127,6103.0
SR409,,13:40:04.0#,6104.0,6111.0,6073.0,6490.0,5754.0,213388,307455,6099.0,83,6100.0,231,6101.0,98,6102.0,101,6103.0,40,6104.0,89,6105.0,120,6106.0,146,6107.0,85,6108.0,127,6103.0
SR409,,13:40:04.250#,6104.0,6111.0,6073.0,6490.0,5754.0,213398,307455,6099.0,83,6100.0,231,6101.0,98,6102.0,101,6103.0,52,6104.0,89,6105.0,120,6106.0,146,6107.0,85,6108.0,127,6103.0
SR409,,13:40:04.500#,6104.0,6111.0,6073.0,6490.0,5754.0,213398,307455,6099.0,83,6100.0,231,6101.0,98,6102.0,101,6103.0,30,6104.0,89,6105.0,120,6106.0,146,6107.0,85,6108.0,127,6103.0
SR409,,13:40:04.750#,6104.0,6111.0,6073.0,6490.0,5754.0,213400,307453,6099.0,83,6100.0,231,6101.0,98,6102.0,101,6103.0,28,6104.0,89,6105.0,120,6106.0,146,6107.0,85,6108.0,127,6103.0
SR409,,13:40:05.500#,6104.0,6111.0,6073.0,6490.0,5754.0,213401,307452,6099.0,83,6100.0,231,6101.0,98,6102.0,101,6103.0,27,6104.0,89,6105.0,120,6106.0,146,6107.0,85,6108.0,127,6103.0
SR409,,13:40:05.750#,6104.0,6111.0,6073.0,6490.0,5754.0,213401,307452,6099.0,83,6100.0,231,6101.0,98,6102.0,101,6103.0,28,6104.0,89,6105.0,120,6106.0,146,6107.0,85,6108.0,127,6103.0
SR409,,13:40:06.0#,6104.0,6111.0,6073.0,6490.0,5754.0,213401,307452,6099.0,83,6100.0,231,6101.0,98,6102.0,101,6103.0,34,6104.0,89,6105.0,120,6106.0,146,6107.0,85,6108.0,127,6103.0
SR409,,13:40:06.250#,6104.0,6111.0,6073.0,6490.0,5754.0,213401,307452,6099.0,83,6100.0,231,6101.0,98,6102.0,101,6103.0,61,6104.0,89,6105.0,120,6106.0,146,6107.0,85,6108.0,127,6103.0
SR409,,13:40:06.500#,6104.0,6111.0,6073.0,6490.0,5754.0,213402,307452,6099.0,83,6100.0,231,6101.0,98,6102.0,99,6103.0,62,6104.0,88,6105.0,120,6106.0,146,6107.0,85,6108.0,127,6104.0
SR409,,13:40:06.750#,6104.0,6111.0,6073.0,6490.0,5754.0,213402,307452,6099.0,83,6100.0,231,6101.0,98,6102.0,99,6103.0,62,6104.0,88,6105.0,120,6106.0,153,6107.0,78,6108.0,127,6104.0
SR409,,13:40:07.0#,6104.0,6111.0,6073.0,6490.0,5754.0,213402,307452,6099.0,83,6100.0,231,6101.0,98,6102.0,99,6103.0,63,6104.0,88,6105.0,120,6106.0,153,6107.0,78,6108.0,127,6104.0
SR409,,13:40:07.750#,6104.0,6111.0,6073.0,6490.0,5754.0,213402,307452,6099.0,83,6100.0,231,6101.0,98,6102.0,99,6103.0,63,6104.0,89,6105.0,120,6106.0,153,6107.0,78,6108.0,127,6104.0
SR409,,13:40:08.500#,6104.0,6111.0,6073.0,6490.0,5754.0,213402,307452,6099.0,83,6100.0,231,6101.0,98,6102.0,99,6103.0,63,6104.0,89,6105.0,120,6106.0,153,6107.0,78,6108.0,127,6104.0
SR409,,13:40:09.250#,6104.0,6111.0,6073.0,6490.0,5754.0,213402,307452,6099.0,83,6100.0,231,6101.0,98,6102.0,99,6103.0,65,6104.0,89,6105.0,120,6106.0,153,6107.0,78,6108.0,127,6104.0
SR409,,13:40:09.500#,6104.0,6111.0,6073.0,6490.0,5754.0,213405,307449,6099.0,83,6100.0,231,6101.0,98,6102.0,99,6103.0,62,6104.0,89,6105.0,120,6106.0,153,6107.0,78,6108.0,127,6103.0
SR409,,13:40:09.750#,6104.0,6111.0,6073.0,6490.0,5754.0,213405,307449,6099.0,83,6100.0,231,6101.0,98,6102.0,99,6103.0,51,6104.0,89,6105.0,120,6106.0,153,6107.0,78,6108.0,127,6103.0
SR409,,13:40:10.0#,6104.0,6111.0,6073.0,6490.0,5754.0,213405,307449,6099.0,83,6100.0,231,6101.0,98,6102.0,99,6103.0,73,6104.0,89,6105.0,120,6106.0,153,6107.0,78,6108.0,127,6103.0
SR409,,13:40:10.250#,6104.0,6111.0,6073.0,6490.0,5754.0,213405,307449,6099.0,83,6100.0,231,6101.0,98,6102.0,99,6103.0,74,6104.0,89,6105.0,120,6106.0,153,6107.0,78,6108.0,127,6103.0
SR409,,13:40:10.500#,6104.0,6111.0,6073.0,6490.0,5754.0,213405,307449,6099.0,83,6100.0,231,6101.0,99,6102.0,99,6103.0,77,6104.0,89,6105.0,120,6106.0,153,6107.0,78,6108.0,127,6103.0
SR409,,13:40:11.0#,6104.0,6111.0,6073.0,6490.0,5754.0,213405,307449,6099.0,83,6100.0,231,6101.0,99,6102.0,99,6103.0,77,6104.0,89,6105.0,115,6106.0,153,6107.0,78,6108.0,127,6103.0
SR409,,13:40:11.500#,6104.0,6111.0,6073.0,6490.0,5754.0,213405,307449,6099.0,83,6100.0,231,6101.0,99,6102.0,99,6103.0,77,6104.0,89,6105.0,115,6106.0,153,6107.0,78,6108.0,127,6103.0
SR409,,13:40:13.0#,6104.0,6111.0,6073.0,6490.0,5754.0,213410,307450,6099.0,83,6100.0,231,6101.0,99,6102.0,99,6103.0,72,6104.0,89,6105.0,115,6106.0,153,6107.0,78,6108.0,127,6103.0
SR409,,13:40:13.250#,6104.0,6111.0,6073.0,6490.0,5754.0,213410,307450,6099.0,83,6100.0,231,6101.0,99,6102.0,99,6103.0,73,6104.0,89,6105.0,115,6106.0,153,6107.0,78,6108.0,127,6103.0
SR409,,13:40:13.500#,6104.0,6111.0,6073.0,6490.0,5754.0,213410,307450,6099.0,83,6100.0,231,6101.0,99,6102.0,99,6103.0,74,6104.0,90,6105.0,115,6106.0,153,6107.0,78,6108.0,127,6103.0
SR409,,13:40:14.0#,6104.0,6111.0,6073.0,6490.0,5754.0,213410,307450,6099.0,83,6100.0,231,6101.0,99,6102.0,99,6103.0,74,6104.0,91,6105.0,115,6106.0,153,6107.0,78,6108.0,127,6103.0
SR409,,13:40:14.250#,6104.0,6111.0,6073.0,6490.0,5754.0,213410,307450,6099.0,83,6100.0,231,6101.0,100,6102.0,99,6103.0,74,6104.0,91,6105.0,115,6106.0,153,6107.0,78,6108.0,127,6103.0
SR409,,13:40:14.500#,6104.0,6111.0,6073.0,6490.0,5754.0,213410,307450,6099.0,83,6100.0,231,6101.0,100,6102.0,99,6103.0,74,6104.0,92,6105.0,115,6106.0,153,6107.0,78,6108.0,127,6103.0
SR409,,13:40:14.750#,6104.0,6111.0,6073.0,6490.0,5754.0,213410,307450,6099.0,84,6100.0,231,6101.0,100,6102.0,99,6103.0,74,6104.0,92,6105.0,115,6106.0,153,6107.0,78,6108.0,127,6103.0
SR409,,13:40:15.250#,6104.0,6111.0,6073.0,6490.0,5754.0,213410,307450,6099.0,84,6100.0,231,6101.0,100,6102.0,99,6103.0,74,6104.0,92,6105.0,115,6106.0,153,6107.0,78,6108.0,127,6103.0
SR409,,13:40:15.500#,6104.0,6111.0,6073.0,6490.0,5754.0,213410,307450,6099.0,84,6100.0,231,6101.0,100,6102.0,99,6103.0,74,6104.0,97,6105.0,115,6106.0,153,6107.0,78,6108.0,127,6103.0
SR409,,13:40:15.750#,6104.0,6111.0,6073.0,6490.0,5754.0,213410,307450,6099.0,84,6100.0,231,6101.0,100,6102.0,99,6103.0,52,6104.0,98,6105.0,115,6106.0,153,6107.0,78,6108.0,127,6103.0
SR409,,13:40:16.0#,6104.0,6111.0,6073.0,6490.0,5754.0,213410,307450,6099.0,84,6100.0,231,6101.0,100,6102.0,99,6103.0,47,6104.0,99,6105.0,115,6106.0,153,6107.0,78,6108.0,127,6103.0
SR409,,13:40:16.250#,6104.0,6111.0,6073.0,6490.0,5754.0,213410,307450,6099.0,84,6100.0,231,6101.0,99,6102.0,99,6103.0,47,6104.0,99,6105.0,115,6106.0,153,6107.0,78,6108.0,127,6103.0
SR409,,13:40:16.500#,6104.0,6111.0,6073.0,6490.0,5754.0,213410,307450,6099.0,84,6100.0,231,6101.0,99,6102.0,100,6103.0,47,6104.0,100,6105.0,115,6106.0,153,6107.0,78,6108.0,127,6103.0
SR409,,13:40:17.500#,6104.0,6111.0,6073.0,6490.0,5754.0,213410,307450,6099.0,84,6100.0,231,6101.0,99,6102.0,100,6103.0,47,6104.0,100,6105.0,115,6106.0,153,6107.0,77,6108.0,127,6103.0
SR409,,13:40:18.0#,6104.0,6111.0,6073.0,6490.0,5754.0,213410,307450,6099.0,84,6100.0,231,6101.0,99,6102.0,100,6103.0,48,6104.0,99,6105.0,115,6106.0,153,6107.0,77,6108.0,127,6103.0
SR409,,13:40:18.250#,6104.0,6111.0,6073.0,6490.0,5754.0,213410,307450,6099.0,84,6100.0,231,6101.0,99,6102.0,100,6103.0,86,6104.0,99,6105.0,115,6106.0,153,6107.0,77,6108.0,127,6103.0
SR409,,13:40:18.500#,6104.0,6111.0,6073.0,6490.0,5754.0,213410,307450,6099.0,84,6100.0,231,6101.0,99,6102.0,100,6103.0,90,6104.0,99,6105.0,115,6106.0,153,6107.0,77,6108.0,127,6103.0
SR409,,13:40:18.750#,6104.0,6111.0,6073.0,6490.0,5754.0,213410,307450,6099.0,84,6100.0,231,6101.0,99,6102.0,100,6103.0,88,6104.0,99,6105.0,115,6106.0,153,6107.0,77,6108.0,127,6103.0
SR409,,13:40:19.0#,6104.0,6111.0,6073.0,6490.0,5754.0,213410,307450,6099.0,84,6100.0,231,6101.0,99,6102.0,100,6103.0,92,6104.0,99,6105.0,115,6106.0,153,6107.0,77,6108.0,127,6103.0
SR409,,13:40:19.250#,6104.0,6111.0,6073.0,6490.0,5754.0,213410,307450,6099.0,84,6100.0,231,6101.0,99,6102.0,100,6103.0,95,6104.0,99,6105.0,115,6106.0,153,6107.0,77,6108.0,127,6103.0
SR409,,13:40:19.500#,6104.0,6111.0,6073.0,6490.0,5754.0,213410,307450,6099.0,84,6100.0,231,6101.0,99,6102.0,100,6103.0,93,6104.0,99,6105.0,115,6106.0,153,6107.0,77,6108.0,127,6103.0
SR409,,13:40:19.750#,6104.0,6111.0,6073.0,6490.0,5754.0,213413,307449,6099.0,84,6100.0,231,6101.0,99,6102.0,100,6103.0,91,6104.0,99,6105.0,115,6106.0,153,6107.0,77,6108.0,127,6103.0
SR409,,13:40:20.250#,6104.0,6111.0,6073.0,6490.0,5754.0,213414,307449,6099.0,84,6100.0,231,6101.0,99,6102.0,100,6103.0,91,6104.0,98,6105.0,115,6106.0,153,6107.0,77,6108.0,127,6104.0
SR409,,13:40:21.500#,6104.0,6111.0,6073.0,6490.0,5754.0,213414,307449,6099.0,84,6100.0,231,6101.0,99,6102.0,100,6103.0,94,6104.0,98,6105.0,115,6106.0,153,6107.0,77,6108.0,127,6104.0
SR409,,13:40:21.750#,6104.0,6111.0,6073.0,6490.0,5754.0,213455,307425,6099.0,84,6100.0,231,6101.0,99,6102.0,100,6103.0,111,6104.0,57,6105.0,99,6106.0,153,6107.0,77,6108.0,127,6104.0
SR409,,13:40:22.0#,6104.0,6111.0,6073.0,6490.0,5754.0,213515,307453,6100.0,231,6101.0,99,6102.0,100,6103.0,108,6104.0,122,6105.0,123,6106.0,153,6107.0,77,6108.0,127,6109.0,80,6104.0
SR409,,13:40:22.250#,6104.0,6111.0,6073.0,6490.0,5754.0,213517,307451,6100.0,231,6101.0,99,6102.0,93,6103.0,109,6104.0,92,6105.0,118,6106.0,153,6107.0,77,6108.0,127,6109.0,80,6104.0
SR409,,13:40:22.500#,6104.0,6111.0,6073.0,6490.0,5754.0,213517,307451,6100.0,231,6101.0,99,6102.0,93,6103.0,101,6104.0,85,6105.0,111,6106.0,153,6107.0,77,6108.0,127,6109.0,80,6104.0
SR409,,13:40:22.750#,6104.0,6111.0,6073.0,6490.0,5754.0,213517,307451,6100.0,231,6101.0,99,6102.0,93,6103.0,100,6104.0,85,6105.0,112,6106.0,153,6107.0,77,6108.0,127,6109.0,80,6104.0
SR409,,13:40:23.0#,6104.0,6111.0,6073.0,6490.0,5754.0,213517,307451,6100.0,231,6101.0,99,6102.0,93,6103.0,100,6104.0,86,6105.0,111,6106.0,153,6107.0,77,6108.0,127,6109.0,80,6104.0
SR409,,13:40:23.750#,6104.0,6111.0,6073.0,6490.0,5754.0,213517,307451,6100.0,231,6101.0,99,6102.0,93,6103.0,100,6104.0,87,6105.0,111,6106.0,153,6107.0,77,6108.0,127,6109.0,80,6104.0
SR409,,13:40:24.0#,6104.0,6111.0,6073.0,6490.0,5754.0,213517,307451,6100.0,231,6101.0,99,6102.0,93,6103.0,100,6104.0,88,6105.0,111,6106.0,153,6107.0,77,6108.0,127,6109.0,80,6104.0
SR409,,13:40:24.500#,6104.0,6111.0,6073.0,6490.0,5754.0,213517,307451,6100.0,231,6101.0,99,6102.0,93,6103.0,100,6104.0,88,6105.0,112,6106.0,153,6107.0,77,6108.0,127,6109.0,80,6104.0
SR409,,13:40:25.0#,6104.0,6111.0,6073.0,6490.0,5754.0,213517,307451,6100.0,231,6101.0,99,6102.0,93,6103.0,100,6104.0,31,6105.0,112,6106.0,153,6107.0,77,6108.0,127,6109.0,80,6104.0
SR409,,13:40:25.250#,6104.0,6111.0,6073.0,6490.0,5754.0,213549,307433,6099.0,83,6100.0,231,6101.0,99,6102.0,93,6103.0,115,6104.0,13,6105.0,118,6106.0,153,6107.0,77,6108.0,127,6104.0
SR409,,13:40:25.500#,6104.0,6111.0,6073.0,6490.0,5754.0,213564,307420,6099.0,83,6100.0,231,6101.0,99,6102.0,93,6103.0,112,6104.0,27,6105.0,119,6106.0,153,6107.0,77,6108.0,127,6104.0
SR409,,13:40:26.0#,6104.0,6111.0,6073.0,6490.0,5754.0,213564,307420,6099.0,83,6100.0,231,6101.0,99,6102.0,93,6103.0,111,6104.0,12,6105.0,119,6106.0,153,6107.0,77,6108.0,127,6104.0
SR409,,13:40:26.250#,6104.0,6111.0,6073.0,6490.0,5754.0,213565,307419,6099.0,83,6100.0,231,6101.0,99,6102.0,93,6103.0,106,6104.0,5,6105.0,119,6106.0,153,6107.0,77,6108.0,127,6104.0
SR409,,13:40:26.500#,6104.0,6111.0,6073.0,6490.0,5754.0,213565,307419,6099.0,83,6100.0,231,6101.0,99,6102.0,93,6103.0,106,6104.0,5,6105.0,119,6106.0,153,6107.0,77,6108.0,127,6104.0
SR409,,13:40:27.250#,6104.0,6111.0,6073.0,6490.0,5754.0,213565,307419,6099.0,83,6100.0,232,6101.0,99,6102.0,93,6103.0,106,6104.0,5,6105.0,119,6106.0,153,6107.0,77,6108.0,127,6104.0
SR409,,13:40:28.250#,6104.0,6111.0,6073.0,6490.0,5754.0,213565,307419,6099.0,83,6100.0,232,6101.0,99,6102.0,93,6103.0,106,6104.0,5,6105.0,119,6106.0,153,6107.0,77,6108.0,127,6104.0
SR409,,13:40:28.500#,6104.0,6111.0,6073.0,6490.0,5754.0,213570,307416,6100.0,232,6101.0,99,6102.0,93,6103.0,99,6104.0,1,6105.0,130,6106.0,153,6107.0,77,6108.0,127,6109.0,80,6104.0
SR409,,13:40:28.750#,6104.0,6111.0,6073.0,6490.0,5754.0,213572,307416,6100.0,233,6101.0,99,6102.0,93,6103.0,99,6104.0,4,6105.0,130,6106.0,153,6107.0,77,6108.0,127,6109.0,80,6104.0
SR409,,13:40:29.0#,6104.0,6111.0,6073.0,6490.0,5754.0,213572,307416,6100.0,233,6101.0,99,6102.0,93,6103.0,101,6104.0,6,6105.0,131,6106.0,153,6107.0,77,6108.0,127,6109.0,80,6104.0
SR409,,13:40:29.250#,6104.0,6111.0,6073.0,6490.0,5754.0,213572,307416,6100.0,233,6101.0,99,6102.0,93,6103.0,101,6104.0,13,6105.0,130,6106.0,153,6107.0,77,6108.0,127,6109.0,80,6104.0
SR409,,13:40:29.500#,6104.0,6111.0,6073.0,6490.0,5754.0,213572,307416,6100.0,233,6101.0,99,6102.0,93,6103.0,101,6104.0,42,6105.0,125,6106.0,153,6107.0,77,6108.0,127,6109.0,80,6104.0
SR409,,13:40:29.750#,6104.0,6111.0,6073.0,6490.0,5754.0,213572,307416,6100.0,233,6101.0,99,6102.0,93,6103.0,101,6104.0,44,6105.0,125,6106.0,153,6107.0,77,6108.0,127,6109.0,80,6104.0
SR409,,13:40:30.0#,6104.0,6111.0,6073.0,6490.0,5754.0,213573,307416,6100.0,233,6101.0,99,6102.0,93,6103.0,101,6104.0,45,6105.0,126,6106.0,153,6107.0,77,6108.0,127,6109.0,80,6105.0
SR409,,13:40:30.250#,6104.0,6111.0,6073.0,6490.0,5754.0,213573,307416,6100.0,233,6101.0,99,6102.0,93,6103.0,102,6104.0,45,6105.0,126,6106.0,153,6107.0,77,6108.0,127,6109.0,80,6105.0
SR409,,13:40:31.0#,6104.0,6111.0,6073.0,6490.0,5754.0,213578,307413,6100.0,233,6101.0,99,6102.0,93,6103.0,102,6104.0,44,6105.0,125,6106.0,153,6107.0,77,6108.0,127,6109.0,80,6105.0
SR409,,13:40:31.500#,6104.0,6111.0,6073.0,6490.0,5754.0,213583,307416,6100.0,233,6101.0,99,6102.0,93,6103.0,102,6104.0,39,6105.0,127,6106.0,153,6107.0,77,6108.0,127,6109.0,80,6104.0
SR409,,13:40:31.750#,6104.0,6111.0,6073.0,6490.0,5754.0,213583,307416,6100.0,233,6101.0,99,6102.0,93,6103.0,102,6104.0,40,6105.0,127,6106.0,153,6107.0,77,6108.0,127,6109.0,80,6104.0
SR409,,13:40:32.0#,6104.0,6111.0,6073.0,6490.0,5754.0,213583,307416,6100.0,233,6101.0,99,6102.0,93,6103.0,102,6104.0,42,6105.0,127,6106.0,153,6107.0,77,6108.0,127,6109.0,80,6104.0
SR409,,13:40:32.250#,6104.0,6111.0,6073.0,6490.0,5754.0,213583,307416,6100.0,233,6101.0,99,6102.0,93,6103.0,102,6104.0,42,6105.0,157,6106.0,153,6107.0,77,6108.0,127,6109.0,80,6104.0
SR409,,13:40:32.500#,6104.0,6111.0,6073.0,6490.0,5754.0,213583,307416,6100.0,233,6101.0,99,6102.0,93,6103.0,102,6104.0,36,6105.0,162,6106.0,153,6107.0,77,6108.0,127,6109.0,80,6104.0
SR409,,13:40:32.750#,6104.0,6111.0,6073.0,6490.0,5754.0,213583,307416,6100.0,233,6101.0,99,6102.0,93,6103.0,102,6104.0,36,6105.0,157,6106.0,153,6107.0,77,6108.0,127,6109.0,80,6104.0
SR409,,13:40:33.0#,6104.0,6111.0,6073.0,6490.0,5754.0,213583,307416,6100.0,233,6101.0,99,6102.0,93,6103.0,102,6104.0,41,6105.0,158,6106.0,153,6107.0,77,6108.0,127,6109.0,80,6104.0
SR409,,13:40:33.250#,6104.0,6111.0,6073.0,6490.0,5754.0,213583,307416,6100.0,233,6101.0,99,6102.0,93,6103.0,102,6104.0,41,6105.0,158,6106.0,153,6107.0,77,6108.0,127,6109.0,80,6104.0
SR409,,13:40:33.500#,6104.0,6111.0,6073.0,6490.0,5754.0,213583,307416,6100.0,233,6101.0,99,6102.0,93,6103.0,102,6104.0,41,6105.0,158,6106.0,158,6107.0,77,6108.0,127,6109.0,80,6104.0
SR409,,13:40:34.0#,6104.0,6111.0,6073.0,6490.0,5754.0,213583,307416,6100.0,233,6101.0,99,6102.0,111,6103.0,102,6104.0,42,6105.0,158,6106.0,158,6107.0,77,6108.0,127,6109.0,80,6104.0
SR409,,13:40:34.250#,6104.0,6111.0,6073.0,6490.0,5754.0,213583,307416,6100.0,233,6101.0,99,6102.0,112,6103.0,102,6104.0,42,6105.0,159,6106.0,158,6107.0,77,6108.0,127,6109.0,80,6104.0
SR409,,13:40:34.500#,6104.0,6111.0,6073.0,6490.0,5754.0,213583,307416,6100.0,233,6101.0,99,6102.0,112,6103.0,102,6104.0,43,6105.0,159,6106.0,158,6107.0,77,6108.0,127,6109.0,80,6104.0
SR409,,13:40:34.750#,6104.0,6111.0,6073.0,6490.0,5754.0,213583,307416,6100.0,233,6101.0,99,6102.0,112,6103.0,102,6104.0,43,6105.0,159,6106.0,158,6107.0,77,6108.0,127,6109.0,80,6104.0
SR409,,13:40:35.250#,6104.0,6111.0,6073.0,6490.0,5754.0,213583,307416,6100.0,233,6101.0,99,6102.0,112,6103.0,102,6104.0,43,6105.0,159,6106.0,158,6107.0,77,6108.0,127,6109.0,80,6104.0
SR409,,13:40:35.500#,6104.0,6111.0,6073.0,6490.0,5754.0,213593,307422,6100.0,233,6101.0,99,6102.0,112,6103.0,102,6104.0,33,6105.0,159,6106.0,158,6107.0,77,6108.0,127,6109.0,80,6104.0
SR409,,13:40:36.250#,6104.0,6111.0,6073.0,6490.0,5754.0,213593,307422,6100.0,233,6101.0,99,6102.0,112,6103.0,102,6104.0,33,6105.0,158,6106.0,158,6107.0,77,6108.0,127,6109.0,80,6104.0
SR409,,13:40:36.500#,6104.0,6111.0,6073.0,6490.0,5754.0,213593,307422,6100.0,233,6101.0,99,6102.0,112,6103.0,102,6104.0,38,6105.0,158,6106.0,158,6107.0,77,6108.0,127,6109.0,80,6104.0
SR409,,13:40:36.750#,6104.0,6111.0,6073.0,6490.0,5754.0,213593,307422,6100.0,233,6101.0,99,6102.0,111,6103.0,103,6104.0,38,6105.0,158,6106.0,158,6107.0,77,6108.0,127,6109.0,80,6104.0
SR409,,13:40:37.500#,6104.0,6111.0,6073.0,6490.0,5754.0,213593,307422,6100.0,233,6101.0,99,6102.0,111,6103.0,103,6104.0,38,6105.0,160,6106.0,158,6107.0,77,6108.0,127,6109.0,80,6104.0
SR409,,13:40:37.750#,6104.0,6111.0,6073.0,6490.0,5754.0,213594,307422,6100.0,233,6101.0,99,6102.0,111,6103.0,103,6104.0,38,6105.0,159,6106.0,158,6107.0,77,6108.0,127,6109.0,80,6105.0
SR409,,13:40:38.250#,6104.0,6111.0,6073.0,6490.0,5754.0,213594,307422,6100.0,233,6101.0,99,6102.0,111,6103.0,103,6104.0,38,6105.0,159,6106.0,158,6107.0,77,6108.0,127,6109.0,80,6105.0
SR409,,13:40:38.500#,6104.0,6111.0,6073.0,6490.0,5754.0,213594,307422,6100.0,233,6101.0,99,6102.0,111,6103.0,103,6104.0,38,6105.0,160,6106.0,158,6107.0,77,6108.0,127,6109.0,80,6105.0
SR409,,13:40:38.750#,6104.0,6111.0,6073.0,6490.0,5754.0,213594,307422,6100.0,233,6101.0,99,6102.0,111,6103.0,103,6104.0,38,6105.0,160,6106.0,158,6107.0,77,6108.0,127,6109.0,80,6105.0
SR409,,13:40:39.250#,6104.0,6111.0,6073.0,6490.0,5754.0,213595,307423,6100.0,233,6101.0,99,6102.0,111,6103.0,103,6104.0,38,6105.0,162,6106.0,158,6107.0,77,6108.0,127,6109.0,80,6105.0
SR409,,13:40:39.500#,6104.0,6111.0,6073.0,6490.0,5754.0,213595,307423,6100.0,233,6101.0,99,6102.0,111,6103.0,103,6104.0,33,6105.0,162,6106.0,158,6107.0,77,6108.0,127,6109.0,80,6105.0
SR409,,13:40:39.750#,6104.0,6111.0,6073.0,6490.0,5754.0,213595,307423,6100.0,233,6101.0,99,6102.0,111,6103.0,103,6104.0,28,6105.0,162,6106.0,158,6107.0,77,6108.0,127,6109.0,80,6105.0
SR409,,13:40:40.0#,6104.0,6111.0,6073.0,6490.0,5754.0,213596,307423,6100.0,233,6101.0,99,6102.0,121,6103.0,103,6104.0,28,6105.0,162,6106.0,158,6107.0,77,6108.0,127,6109.0,80,6105.0
SR409,,13:40:40.250#,6104.0,6111.0,6073.0,6490.0,5754.0,213597,307422,6100.0,233,6101.0,99,6102.0,121,6103.0,104,6104.0,32,6105.0,162,6106.0,158,6107.0,77,6108.0,127,6109.0,80,6104.0
SR409,,13:40:40.500#,6104.0,6111.0,6073.0,6490.0,5754.0,213597,307422,6100.0,233,6101.0,99,6102.0,121,6103.0,104,6104.0,43,6105.0,162,6106.0,158,6107.0,77,6108.0,127,6109.0,80,6104.0
SR409,,13:40:40.750#,6104.0,6111.0,6073.0,6490.0,5754.0,213597,307422,6100.0,233,6101.0,99,6102.0,121,6103.0,104,6104.0,43,6105.0,161,6106.0,158,6107.0,77,6108.0,127,6109.0,80,6104.0
SR409,,13:40:41.0#,6104.0,6111.0,6073.0,6490.0,5754.0,213597,307422,6100.0,233,6101.0,99,6102.0,121,6103.0,104,6104.0,65,6105.0,161,6106.0,158,6107.0,77,6108.0,127,6109.0,80,6104.0
SR409,,13:40:41.250#,6104.0,6111.0,6073.0,6490.0,5754.0,213597,307422,6100.0,233,6101.0,99,6102.0,121,6103.0,104,6104.0,84,6105.0,155,6106.0,158,6107.0,77,6108.0,127,6109.0,80,6104.0
SR409,,13:40:41.500#,6104.0,6111.0,6073.0,6490.0,5754.0,213734,307440,6101.0,99,6102.0,121,6103.0,106,6104.0,84,6105.0,12,6106.0,170,6107.0,77,6108.0,127,6109.0,80,6110.0,131,6105.0
SR409,,13:40:41.750#,6104.0,6111.0,6073.0,6490.0,5754.0,213737,307443,6101.0,99,6102.0,122,6103.0,104,6104.0,89,6105.0,26,6106.0,170,6107.0,76,6108.0,127,6109.0,81,6110.0,131,6105.0
SR409,,13:40:42.0#,6104.0,6111.0,6073.0,6490.0,5754.0,213745,307447,6101.0,98,6102.0,114,6103.0,104,6104.0,87,6105.0,50,6106.0,167,6107.0,76,6108.0,127,6109.0,81,6110.0,131,6106.0
SR409,,13:40:42.250#,6104.0,6111.0,6073.0,6490.0,5754.0,213745,307447,6101.0,98,6102.0,114,6103.0,104,6104.0,87,6105.0,69,6106.0,167,6107.0,76,6108.0,127,6109.0,81,6110.0,131,6106.0
SR409,,13:40:42.500#,6104.0,6111.0,6073.0,6490.0,5754.0,213745,307447,6101.0,98,6102.0,114,6103.0,105,6104.0,87,6105.0,69,6106.0,167,6107.0,76,6108.0,127,6109.0,81,6110.0,131,6106.0
SR409,,13:40:43.0#,6104.0,6111.0,6073.0,6490.0,5754.0,213745,307447,6101.0,98,6102.0,114,6103.0,105,6104.0,87,6105.0,68,6106.0,167,6107.0,76,6108.0,127,6109.0,81,6110.0,131,6106.0
SR409,,13:40:43.250#,6104.0,6111.0,6073.0,6490.0,5754.0,213745,307447,6101.0,98,6102.0,114,6103.0,105,6104.0,87,6105.0,69,6106.0,168,6107.0,76,6108.0,127,6109.0,81,6110.0,131,6106.0
SR409,,13:40:44.0#,6104.0,6111.0,6073.0,6490.0,5754.0,213747,307449,6101.0,98,6102.0,114,6103.0,105,6104.0,87,6105.0,68,6106.0,168,6107.0,76,6108.0,127,6109.0,81,6110.0,131,6105.0
SR409,,13:40:44.250#,6104.0,6111.0,6073.0,6490.0,5754.0,213747,307449,6101.0,98,6102.0,124,6103.0,105,6104.0,87,6105.0,68,6106.0,168,6107.0,76,6108.0,127,6109.0,81,6110.0,131,6105.0
SR409,,13:40:44.500#,6104.0,6111.0,6073.0,6490.0,5754.0,213747,307449,6101.0,98,6102.0,124,6103.0,105,6104.0,87,6105.0,68,6106.0,170,6107.0,76,6108.0,127,6109.0,81,6110.0,131,6105.0
SR409,,13:40:44.750#,6104.0,6111.0,6073.0,6490.0,5754.0,213748,307450,6101.0,98,6102.0,124,6103.0,105,6104.0,87,6105.0,67,6106.0,171,6107.0,76,6108.0,127,6109.0,81,6110.0,131,6105.0
SR409,,13:40:45.0#,6104.0,6111.0,6073.0,6490.0,5754.0,213748,307450,6101.0,98,6102.0,124,6103.0,105,6104.0,87,6105.0,68,6106.0,171,6107.0,76,6108.0,127,6109.0,81,6110.0,131,6105.0
SR409,,13:40:45.500#,6104.0,6111.0,6073.0,6490.0,5754.0,213748,307450,6101.0,98,6102.0,124,6103.0,105,6104.0,87,6105.0,90,6106.0,171,6107.0,76,6108.0,127,6109.0,81,6110.0,131,6105.0
SR409,,13:40:45.750#,6104.0,6111.0,6073.0,6490.0,5754.0,213749,307449,6101.0,98,6102.0,124,6103.0,105,6104.0,87,6105.0,112,6106.0,166,6107.0,76,6108.0,127,6109.0,81,6110.0,131,6106.0
SR409,,13:40:46.0#,6104.0,6111.0,6073.0,6490.0,5754.0,213749,307449,6101.0,98,6102.0,124,6103.0,104,6104.0,87,6105.0,114,6106.0,138,6107.0,76,6108.0,127,6109.0,81,6110.0,131,6106.0
SR409,,13:40:47.0#,6104.0,6111.0,6073.0,6490.0,5754.0,213749,307449,6101.0,98,6102.0,124,6103.0,104,6104.0,87,6105.0,114,6106.0,138,6107.0,76,6108.0,127,6109.0,81,6110.0,131,6106.0
SR409,,13:40:47.250#,6104.0,6111.0,6073.0,6490.0,5754.0,213749,307449,6101.0,98,6102.0,124,6103.0,104,6104.0,65,6105.0,114,6106.0,138,6107.0,76,6108.0,127,6109.0,81,6110.0,131,6106.0
SR409,,13:40:47.500#,6104.0,6111.0,6073.0,6490.0,5754.0,213749,307449,6101.0,98,6102.0,124,6103.0,105,6104.0,65,6105.0,114,6106.0,138,6107.0,76,6108.0,127,6109.0,81,6110.0,131,6106.0
SR409,,13:40:48.250#,6104.0,6111.0,6073.0,6490.0,5754.0,213749,307449,6101.0,98,6102.0,124,6103.0,105,6104.0,65,6105.0,114,6106.0,143,6107.0,76,6108.0,127,6109.0,81,6110.0,131,6106.0
SR409,,13:40:48.750#,6104.0,6111.0,6073.0,6490.0,5754.0,213749,307449,6101.0,98,6102.0,124,6103.0,105,6104.0,65,6105.0,114,6106.0,143,6107.0,76,6108.0,127,6109.0,81,6110.0,131,6106.0
SR409,,13:40:49.250#,6104.0,6111.0,6073.0,6490.0,5754.0,213749,307449,6101.0,98,6102.0,124,6103.0,105,6104.0,65,6105.0,115,6106.0,143,6107.0,76,6108.0,127,6109.0,81,6110.0,131,6106.0
SR409,,13:40:49.500#,6104.0,6111.0,6073.0,6490.0,5754.0,213749,307449,6101.0,98,6102.0,124,6103.0,105,6104.0,64,6105.0,115,6106.0,143,6107.0,76,6108.0,127,6109.0,81,6110.0,131,6106.0
SR409,,13:40:49.750#,6104.0,6111.0,6073.0,6490.0,5754.0,213749,307449,6101.0,98,6102.0,124,6103.0,105,6104.0,64,6105.0,116,6106.0,143,6107.0,76,6108.0,127,6109.0,81,6110.0,131,6106.0
SR409,,13:40:50.0#,6104.0,6111.0,6073.0,6490.0,5754.0,213750,307449,6101.0,98,6102.0,124,6103.0,105,6104.0,64,6105.0,115,6106.0,143,6107.0,76,6108.0,127,6109.0,81,6110.0,131,6105.0
SR409,,13:40:50.750#,6104.0,6111.0,6073.0,6490.0,5754.0,213750,307449,6101.0,98,6102.0,124,6103.0,105,6104.0,64,6105.0,115,6106.0,144,6107.0,76,6108.0,127,6109.0,81,6110.0,131,6105.0
SR409,,13:40:51.250#,6104.0,6111.0,6073.0,6490.0,5754.0,213750,307449,6101.0,98,6102.0,124,6103.0,105,6104.0,64,6105.0,115,6106.0,144,6107.0,76,6108.0,126,6109.0,81,6110.0,131,6105.0
SR409,,13:40:51.500#,6104.0,6111.0,6073.0,6490.0,5754.0,213770,307454,6101.0,98,6102.0,124,6103.0,105,6104.0,64,6105.0,115,6106.0,142,6107.0,76,6108.0,126,6109.0,81,6110.0,131,6106.0
SR409,,13:40:51.750#,6104.0,6111.0,6073.0,6490.0,5754.0,213770,307454,6101.0,98,6102.0,124,6103.0,105,6104.0,64,6105.0,120,6106.0,133,6107.0,76,6108.0,126,6109.0,81,6110.0,131,6106.0
SR409,,13:40:52.250#,6104.0,6111.0,6073.0,6490.0,5754.0,213770,307454,6101.0,98,6102.0,124,6103.0,105,6104.0,64,6105.0,121,6106.0,133,6107.0,76,6108.0,126,6109.0,81,6110.0,131,6106.0
SR409,,13:40:52.500#,6104.0,6111.0,6073.0,6490.0,5754.0,213770,307454,6101.0,98,6102.0,124,6103.0,105,6104.0,64,6105.0,121,6106.0,132,6107.0,75,6108.0,126,6109.0,81,6110.0,131,6106.0
SR409,,13:40:53.0#,6104.0,6111.0,6073.0,6490.0,5754.0,213770,307454,6101.0,98,6102.0,124,6103.0,105,6104.0,64,6105.0,121,6106.0,133,6107.0,75,6108.0,126,6109.0,81,6110.0,131,6106.0
SR409,,13:40:53.500#,6104.0,6111.0,6073.0,6490.0,5754.0,213770,307454,6101.0,98,6102.0,124,6103.0,106,6104.0,64,6105.0,121,6106.0,134,6107.0,75,6108.0,126,6109.0,81,6110.0,131,6106.0
SR409,,13:40:53.750#,6104.0,6111.0,6073.0,6490.0,5754.0,213775,307450,6101.0,98,6102.0,124,6103.0,106,6104.0,64,6105.0,121,6106.0,129,6107.0,75,6108.0,126,6109.0,81,6110.0,131,6106.0
SR409,,13:40:54.0#,6104.0,6111.0,6073.0,6490.0,5754.0,213775,307450,6101.0,98,6102.0,124,6103.0,106,6104.0,64,6105.0,121,6106.0,133,6107.0,75,6108.0,126,6109.0,81,6110.0,131,6106.0
SR409,,13:40:54.500#,6104.0,6111.0,6073.0,6490.0,5754.0,213775,307450,6101.0,98,6102.0,124,6103.0,106,6104.0,64,6105.0,123,6106.0,133,6107.0,75,6108.0,126,6109.0,81,6110.0,131,6106.0
SR409,,13:40:55.250#,6104.0,6111.0,6073.0,6490.0,5754.0,213775,307450,6101.0,98,6102.0,124,6103.0,106,6104.0,64,6105.0,125,6106.0,138,6107.0,75,6108.0,126,6109.0,81,6110.0,131,6106.0
SR409,,13:40:56.0#,6104.0,6111.0,6073.0,6490.0,5754.0,213784,307456,6101.0,98,6102.0,124,6103.0,106,6104.0,64,6105.0,123,6106.0,132,6107.0,75,6108.0,126,6109.0,81,6110.0,131,6106.0
SR409,,13:40:56.250#,6104.0,6111.0,6073.0,6490.0,5754.0,213788,307460,6101.0,98,6102.0,124,6103.0,106,6104.0,64,6105.0,125,6106.0,128,6107.0,75,6108.0,126,6109.0,81,6110.0,131,6106.0
SR409,,13:40:57.250#,6104.0,6111.0,6073.0,6490.0,5754.0,213788,307460,6101.0,98,6102.0,139,6103.0,106,6104.0,64,6105.0,126,6106.0,128,6107.0,75,6108.0,126,6109.0,81,6110.0,131,6106.0
SR409,,13:40:57.500#,6104.0,6111.0,6073.0,6490.0,5754.0,213788,307460,6101.0,98,6102.0,139,6103.0,106,6104.0,64,6105.0,126,6106.0,129,6107.0,75,6108.0,126,6109.0,81,6110.0,131,6106.0
SR409,,13:40:57.750#,6104.0,6111.0,6073.0,6490.0,5754.0,213796,307460,6101.0,98,6102.0,139,6103.0,106,6104.0,64,6105.0,126,6106.0,121,6107.0,75,6108.0,126,6109.0,81,6110.0,131,6106.0
SR409,,13:40:58.0#,6104.0,6111.0,6073.0,6490.0,5754.0,213878,307492,6101.0,98,6102.0,139,6103.0,106,6104.0,64,6105.0,126,6106.0,37,6107.0,75,6108.0,126,6109.0,81,6110.0,131,6106.0
SR409,,13:40:58.250#,6104.0,6111.0,6073.0,6490.0,5754.0,213916,307486,6102.0,139,6103.0,105,6104.0,64,6105.0,122,6106.0,161,6107.0,89,6108.0,126,6109.0,81,6110.0,131,6111.0,113,6106.0
SR409,,13:40:58.500#,6104.0,6111.0,6073.0,6490.0,5754.0,213916,307486,6102.0,139,6103.0,105,6104.0,65,6105.0,123,6106.0,146,6107.0,86,6108.0,126,6109.0,82,6110.0,131,6111.0,113,6106.0
SR409,,13:40:58.750#,6104.0,6111.0,6073.0,6490.0,5754.0,213916,307486,6102.0,139,6103.0,104,6104.0,64,6105.0,121,6106.0,148,6107.0,86,6108.0,126,6109.0,83,6110.0,131,6111.0,113,6106.0
SR409,,13:40:59.0#,6104.0,6111.0,6073.0,6490.0,5754.0,213916,307486,6102.0,139,6103.0,104,6104.0,64,6105.0,121,6106.0,215,6107.0,86,6108.0,126,6109.0,83,6110.0,131,6111.0,113,6106.0
SR409,,13:40:59.250#,6104.0,6111.0,6073.0,6490.0,5754.0,213916,307486,6102.0,139,6103.0,104,6104.0,64,6105.0,122,6106.0,217,6107.0,86,6108.0,126,6109.0,83,6110.0,131,6111.0,113,6106.0
SR409,,13:40:59.500#,6104.0,6111.0,6073.0,6490.0,5754.0,213916,307486,6102.0,139,6103.0,103,6104.0,64,6105.0,132,6106.0,217,6107.0,86,6108.0,126,6109.0,83,6110.0,131,6111.0,113,6106.0
SR409,,13:40:59.750#,6104.0,6111.0,6073.0,6490.0,5754.0,213926,307484,6102.0,139,6103.0,103,6104.0,64,6105.0,132,6106.0,217,6107.0,81,6108.0,126,6109.0,83,6110.0,131,6111.0,113,6106.0
SR409,,13:41:00.0#,6104.0,6111.0,6073.0,6490.0,5754.0,213964,307468,6102.0,139,6103.0,103,6104.0,64,6105.0,132,6106.0,219,6107.0,80,6108.0,126,6109.0,83,6110.0,131,6111.0,113,6106.0
SR409,,13:41:01.0#,6104.0,6111.0,6073.0,6490.0,5754.0,213964,307468,6102.0,139,6103.0,103,6104.0,64,6105.0,131,6106.0,153,6107.0,80,6108.0,126,6109.0,83,6110.0,131,6111.0,113,6106.0
SR409,,13:41:01.250#,6104.0,6111.0,6073.0,6490.0,5754.0,213994,307497,6102.0,139,6103.0,103,6104.0,64,6105.0,131,6106.0,112,6107.0,80,6108.0,126,6109.0,83,6110.0,131,6111.0,113,6107.0
SR409,,13:41:01.500#,6104.0,6111.0,6073.0,6490.0,5754.0,213999,307499,6102.0,139,6103.0,103,6104.0,64,6105.0,131,6106.0,93,6107.0,91,6108.0,126,6109.0,83,6110.0,131,6111.0,113,6107.0
SR409,,13:41:01.750#,6104.0,6111.0,6073.0,6490.0,5754.0,214001,307497,6102.0,139,6103.0,103,6104.0,64,6105.0,109,6106.0,68,6107.0,92,6108.0,126,6109.0,83,6110.0,131,6111.0,113,6107.0
SR409,,13:41:02.0#,6104.0,6111.0,6073.0,6490.0,5754.0,214001,307497,6102.0,139,6103.0,103,6104.0,64,6105.0,109,6106.0,53,6107.0,92,6108.0,126,6109.0,83,6110.0,131,6111.0,113,6107.0
SR409,,13:41:02.500#,6104.0,6111.0,6073.0,6490.0,5754.0,214054,307479,6101.0,98,6102.0,139,6103.0,103,6104.0,64,6105.0,123,6107.0,93,6108.0,126,6109.0,83,6110.0,131,6111.0,113,6106.0
SR409,,13:41:02.750#,6104.0,6111.0,6073.0,6490.0,5754.0,214058,307480,6101.0,98,6102.0,140,6103.0,103,6104.0,64,6105.0,110,6106.0,37,6107.0,85,6108.0,126,6109.0,83,6110.0,131,6106.0
SR409,,13:41:03.0#,6104.0,6111.0,6073.0,6490.0,5754.0,214058,307480,6101.0,98,6102.0,140,6103.0,103,6104.0,64,6105.0,110,6106.0,36,6107.0,86,6108.0,126,6109.0,83,6110.0,131,6106.0
SR409,,13:41:03.750#,6104.0,6111.0,6073.0,6490.0,5754.0,214059,307481,6101.0,98,6102.0,140,6103.0,103,6104.0,64,6105.0,109,6106.0,36,6107.0,86,6108.0,126,6109.0,83,6110.0,131,6105.0
SR409,,13:41:04.250#,6104.0,6111.0,6073.0,6490.0,5754.0,214059,307481,6101.0,98,6102.0,140,6103.0,103,6104.0,63,6105.0,109,6106.0,36,6107.0,86,6108.0,126,6109.0,83,6110.0,131,6105.0
SR409,,13:41:04.500#,6104.0,6111.0,6073.0,6490.0,5754.0,214059,307481,6101.0,98,6102.0,140,6103.0,103,6104.0,63,6105.0,109,6106.0,37,6107.0,86,6108.0,126,6109.0,83,6110.0,131,6105.0
SR409,,13:41:04.750#,6104.0,6111.0,6073.0,6490.0,5754.0,214061,307481,6101.0,98,6102.0,140,6103.0,103,6104.0,63,6105.0,109,6106.0,35,6107.0,86,6108.0,126,6109.0,83,6110.0,131,6106.0
SR409,,13:41:05.0#,6104.0,6111.0,6073.0,6490.0,5754.0,214062,307481,6101.0,98,6102.0,140,6103.0,103,6104.0,63,6105.0,109,6106.0,34,6107.0,86,6108.0,126,6109.0,83,6110.0,131,6106.0
SR409,,13:41:05.250#,6104.0,6111.0,6073.0,6490.0,5754.0,214072,307488,6101.0,98,6102.0,140,6103.0,103,6104.0,63,6105.0,100,6106.0,34,6107.0,86,6108.0,126,6109.0,83,6110.0,131,6105.0
SR409,,13:41:05.500#,6104.0,6111.0,6073.0,6490.0,5754.0,214072,307488,6101.0,98,6102.0,140,6103.0,103,6104.0,63,6105.0,108,6106.0,34,6107.0,86,6108.0,126,6109.0,83,6110.0,131,6105.0
SR409,,13:41:05.750#,6104.0,6111.0,6073.0,6490.0,5754.0,214072,307488,6101.0,98,6102.0,141,6103.0,103,6104.0,63,6105.0,108,6106.0,34,6107.0,86,6108.0,126,6109.0,83,6110.0,131,6105.0
SR409,,13:41:06.250#,6104.0,6111.0,6073.0,6490.0,5754.0,214111,307497,6102.0,141,6103.0,103,6104.0,63,6105.0,106,6106.0,72,6107.0,98,6108.0,126,6109.0,83,6110.0,131,6111.0,115,6106.0
SR409,,13:41:06.500#,6104.0,6111.0,6073.0,6490.0,5754.0,214112,307498,6102.0,141,6103.0,103,6104.0,63,6105.0,106,6106.0,99,6107.0,96,6108.0,126,6109.0,83,6110.0,131,6111.0,115,6106.0
SR409,,13:41:07.0#,6104.0,6111.0,6073.0,6490.0,5754.0,214122,307508,6102.0,141,6103.0,102,6104.0,63,6105.0,106,6106.0,89,6107.0,99,6108.0,126,6109.0,83,6110.0,131,6111.0,115,6106.0
SR409,,13:41:07.250#,6104.0,6111.0,6073.0,6490.0,5754.0,214122,307508,6102.0,141,6103.0,102,6104.0,63,6105.0,107,6106.0,91,6107.0,99,6108.0,126,6109.0,83,6110.0,131,6111.0,115,6106.0
SR409,,13:41:08.500#,6104.0,6111.0,6073.0,6490.0,5754.0,214129,307507,6102.0,141,6103.0,102,6104.0,63,6105.0,107,6106.0,25,6107.0,113,6108.0,126,6109.0,83,6110.0,141,6111.0,115,6106.0
SR409,,13:41:09.0#,6104.0,6111.0,6073.0,6490.0,5754.0,214130,307507,6102.0,141,6103.0,102,6104.0,63,6105.0,107,6106.0,24,6107.0,114,6108.0,126,6109.0,83,6110.0,141,6111.0,115,6106.0
SR409,,13:41:11.0#,6104.0,6111.0,6073.0,6490.0,5754.0,214131,307507,6102.0,142,6103.0,103,6104.0,63,6105.0,107,6106.0,42,6107.0,116,6108.0,126,6109.0,83,6110.0,141,6111.0,115,6106.0
SR409,,13:41:11.750#,6104.0,6111.0,6073.0,6490.0,5754.0,214157,307486,6102.0,142,6103.0,103,6104.0,63,6105.0,107,6106.0,17,6107.0,116,6108.0,126,6109.0,83,6110.0,141,6111.0,115,6106.0
SR409,,13:41:12.0#,6104.0,6111.0,6073.0,6490.0,5754.0,214161,307486,6102.0,142,6103.0,103,6104.0,63,6105.0,107,6106.0,5,6107.0,117,6108.0,126,6109.0,83,6110.0,141,6111.0,115,6107.0
SR409,,13:41:12.250#,6104.0,6111.0,6073.0,6490.0,5754.0,214171,307485,6102.0,142,6103.0,103,6104.0,63,6105.0,109,6106.0,34,6107.0,117,6108.0,126,6109.0,83,6110.0,141,6111.0,115,6107.0
SR409,,13:41:12.500#,6104.0,6111.0,6073.0,6490.0,5754.0,214171,307485,6102.0,142,6103.0,103,6104.0,63,6105.0,109,6106.0,61,6107.0,117,6108.0,126,6109.0,83,6110.0,141,6111.0,115,6107.0
SR409,,13:41:13.0#,6104.0,6111.0,6073.0,6490.0,5754.0,214172,307484,6102.0,142,6103.0,103,6104.0,63,6105.0,109,6106.0,62,6107.0,117,6108.0,126,6109.0,83,6110.0,141,6111.0,115,6106.0
SR409,,13:41:13.250#,6104.0,6111.0,6073.0,6490.0,5754.0,214172,307484,6102.0,142,6103.0,123,6104.0,63,6105.0,109,6106.0,62,6107.0,117,6108.0,106,6109.0,83,6110.0,141,6111.0,115,6106.0
SR409,,13:41:13.500#,6104.0,6111.0,6073.0,6490.0,5754.0,214172,307484,6102.0,142,6103.0,123,6104.0,63,6105.0,109,6106.0,63,6107.0,117,6108.0,106,6109.0,83,6110.0,161,6111.0,115,6106.0
SR409,,13:41:13.750#,6104.0,6111.0,6073.0,6490.0,5754.0,214172,307484,6102.0,141,6103.0,123,6104.0,63,6105.0,109,6106.0,63,6107.0,117,6108.0,106,6109.0,83,6110.0,161,6111.0,115,6106.0
SR409,,13:41:14.0#,6104.0,6111.0,6073.0,6490.0,5754.0,214173,307484,6102.0,141,6103.0,123,6104.0,63,6105.0,109,6106.0,62,6107.0,117,6108.0,111,6109.0,83,6110.0,161,6111.0,115,6106.0
SR409,,13:41:14.500#,6104.0,6111.0,6073.0,6490.0,5754.0,214173,307484,6102.0,141,6103.0,123,6104.0,63,6105.0,110,6106.0,60,6107.0,121,6108.0,111,6109.0,83,6110.0,161,6111.0,115,6106.0
SR409,,13:41:15.0#,6104.0,6111.0,6073.0,6490.0,5754.0,214173,307484,6102.0,141,6103.0,123,6104.0,63,6105.0,110,6106.0,59,6107.0,121,6108.0,111,6109.0,83,6110.0,161,6111.0,115,6106.0
SR409,,13:41:15.250#,6104.0,6111.0,6073.0,6490.0,5754.0,214173,307484,6102.0,141,6103.0,123,6104.0,63,6105.0,110,6106.0,64,6107.0,121,6108.0,111,6109.0,83,6110.0,161,6111.0,115,6106.0
SR409,,13:41:15.750#,6104.0,6111.0,6073.0,6490.0,5754.0,214174,307484,6102.0,141,6103.0,123,6104.0,63,6105.0,110,6106.0,64,6107.0,120,6108.0,111,6109.0,83,6110.0,161,6111.0,115,6107.0
SR409,,13:41:16.0#,6104.0,6111.0,6073.0,6490.0,5754.0,214174,307484,6102.0,141,6103.0,123,6104.0,63,6105.0,110,6106.0,64,6107.0,120,6108.0,112,6109.0,83,6110.0,161,6111.0,115,6107.0
SR409,,13:41:16.250#,6104.0,6111.0,6073.0,6490.0,5754.0,214186,307491,6102.0,141,6103.0,123,6104.0,63,6105.0,110,6106.0,52,6107.0,120,6108.0,112,6109.0,83,6110.0,161,6111.0,115,6106.0
SR409,,13:41:16.500#,6104.0,6111.0,6073.0,6490.0,5754.0,214186,307491,6102.0,141,6103.0,123,6104.0,63,6105.0,110,6106.0,53,6107.0,120,6108.0,112,6109.0,83,6110.0,161,6111.0,115,6106.0
SR409,,13:41:17.0#,6104.0,6111.0,6073.0,6490.0,5754.0,214186,307491,6102.0,141,6103.0,123,6104.0,63,6105.0,110,6106.0,54,6107.0,120,6108.0,112,6109.0,83,6110.0,161,6111.0,115,6106.0
SR409,,13:41:18.0#,6104.0,6111.0,6073.0,6490.0,5754.0,214186,307491,6102.0,162,6103.0,103,6104.0,63,6105.0,110,6106.0,55,6107.0,120,6108.0,112,6109.0,83,6110.0,161,6111.0,115,6106.0
SR409,,13:41:18.500#,6104.0,6111.0,6073.0,6490.0,5754.0,214186,307491,6102.0,162,6103.0,103,6104.0,63,6105.0,110,6106.0,79,6107.0,120,6108.0,112,6109.0,83,6110.0,161,6111.0,115,6106.0
SR409,,13:41:19.500#,6104.0,6111.0,6073.0,6490.0,5754.0,214186,307491,6102.0,162,6103.0,103,6104.0,63,6105.0,111,6106.0,80,6107.0,120,6108.0,112,6109.0,83,6110.0,161,6111.0,115,6106.0
SR409,,13:41:20.0#,6104.0,6111.0,6073.0,6490.0,5754.0,214188,307489,6102.0,162,6103.0,103,6104.0,63,6105.0,111,6106.0,78,6107.0,120,6108.0,112,6109.0,83,6110.0,161,6111.0,115,6106.0
SR409,,13:41:20.500#,6104.0,6111.0,6073.0,6490.0,5754.0,214188,307489,6102.0,162,6103.0,103,6104.0,63,6105.0,109,6106.0,83,6107.0,120,6108.0,112,6109.0,83,6110.0,161,6111.0,115,6106.0
SR409,,13:41:21.0#,6104.0,6111.0,6073.0,6490.0,5754.0,214188,307489,6102.0,162,6103.0,103,6104.0,68,6105.0,109,6106.0,83,6107.0,122,6108.0,112,6109.0,83,6110.0,161,6111.0,115,6106.0
SR409,,13:41:21.500#,6104.0,6111.0,6073.0,6490.0,5754.0,214188,307489,6102.0,162,6103.0,102,6104.0,68,6105.0,110,6106.0,84,6107.0,122,6108.0,112,6109.0,83,6110.0,161,6111.0,115,6106.0
SR409,,13:41:22.0#,6104.0,6111.0,6073.0,6490.0,5754.0,214188,307489,6102.0,162,6103.0,102,6104.0,68,6105.0,110,6106.0,84,6107.0,127,6108.0,112,6109.0,83,6110.0,161,6111.0,115,6106.0
SR409,,13:41:22.250#,6104.0,6111.0,6073.0,6490.0,5754.0,214188,307489,6102.0,162,6103.0,102,6104.0,68,6105.0,110,6106.0,84,6107.0,128,6108.0,112,6109.0,83,6110.0,161,6111.0,115,6106.0
SR409,,13:41:22.750#,6104.0,6111.0,6073.0,6490.0,5754.0,214188,307489,6102.0,162,6103.0,102,6104.0,68,6105.0,110,6106.0,85,6107.0,129,6108.0,112,6109.0,83,6110.0,161,6111.0,115,6106.0
SR409,,13:41:23.0#,6104.0,6111.0,6073.0,6490.0,5754.0,214188,307489,6102.0,162,6103.0,102,6104.0,68,6105.0,110,6106.0,85,6107.0,130,6108.0,113,6109.0,83,6110.0,161,6111.0,115,6106.0
SR409,,13:41:23.750#,6104.0,6111.0,6073.0,6490.0,5754.0,214188,307489,6102.0,162,6103.0,102,6104.0,68,6105.0,110,6106.0,85,6107.0,130,6108.0,113,6109.0,83,6110.0,161,6111.0,115,6106.0
SR409,,13:41:24.750#,6104.0,6111.0,6073.0,6490.0,5754.0,214189,307489,6102.0,162,6103.0,102,6104.0,68,6105.0,110,6106.0,85,6107.0,129,6108.0,113,6109.0,83,6110.0,161,6111.0,115,6107.0
SR409,,13:41:25.0#,6104.0,6111.0,6073.0,6490.0,5754.0,214189,307489,6102.0,162,6103.0,102,6104.0,68,6105.0,110,6106.0,85,6107.0,130,6108.0,113,6109.0,83,6110.0,161,6111.0,115,6107.0
SR409,,13:41:26.250#,6104.0,6111.0,6073.0,6490.0,5754.0,214190,307489,6102.0,162,6103.0,102,6104.0,68,6105.0,110,6106.0,85,6107.0,129,6108.0,113,6109.0,83,6110.0,161,6111.0,115,6107.0
SR409,,13:41:26.500#,6104.0,6111.0,6073.0,6490.0,5754.0,214190,307489,6102.0,162,6103.0,102,6104.0,68,6105.0,110,6106.0,86,6107.0,129,6108.0,113,6109.0,83,6110.0,161,6111.0,115,6107.0
SR409,,13:41:27.0#,6104.0,6111.0,6073.0,6490.0,5754.0,214197,307486,6102.0,162,6103.0,102,6104.0,68,6105.0,110,6106.0,86,6107.0,122,6108.0,113,6109.0,83,6110.0,161,6111.0,115,6107.0
SR409,,13:41:27.250#,6104.0,6111.0,6073.0,6490.0,5754.0,214199,307486,6102.0,162,6103.0,102,6104.0,68,6105.0,110,6106.0,86,6107.0,120,6108.0,113,6109.0,83,6110.0,161,6111.0,115,6107.0
SR409,,13:41:27.500#,6104.0,6111.0,6073.0,6490.0,5754.0,214200,307486,6102.0,162,6103.0,102,6104.0,68,6105.0,110,6106.0,86,6107.0,119,6108.0,113,6109.0,83,6110.0,161,6111.0,115,6107.0
SR409,,13:41:28.0#,6104.0,6111.0,6073.0,6490.0,5754.0,214200,307486,6102.0,162,6103.0,102,6104.0,68,6105.0,110,6106.0,86,6107.0,119,6108.0,113,6109.0,83,6110.0,161,6111.0,115,6107.0
SR409,,13:41:28.250#,6104.0,6111.0,6073.0,6490.0,5754.0,214201,307486,6102.0,162,6103.0,102,6104.0,68,6105.0,110,6106.0,85,6107.0,119,6108.0,113,6109.0,83,6110.0,161,6111.0,115,6106.0
SR409,,13:41:29.250#,6104.0,6111.0,6073.0,6490.0,5754.0,214201,307486,6102.0,162,6103.0,102,6104.0,68,6105.0,110,6106.0,80,6107.0,119,6108.0,113,6109.0,83,6110.0,161,6111.0,115,6106.0
SR409,,13:41:29.500#,6104.0,6111.0,6073.0,6490.0,5754.0,214201,307486,6102.0,162,6103.0,102,6104.0,68,6105.0,110,6106.0,80,6107.0,119,6108.0,114,6109.0,83,6110.0,161,6111.0,115,6106.0
SR409,,13:41:31.0#,6104.0,6111.0,6073.0,6490.0,5754.0,214201,307486,6102.0,162,6103.0,102,6104.0,68,6105.0,110,6106.0,79,6107.0,129,6108.0,113,6109.0,83,6110.0,161,6111.0,115,6106.0
SR409,,13:41:31.750#,6104.0,6111.0,6073.0,6490.0,5754.0,214201,307486,6102.0,162,6103.0,102,6104.0,68,6105.0,110,6106.0,79,6107.0,130,6108.0,113,6109.0,83,6110.0,161,6111.0,115,6106.0
SR409,,13:41:32.250#,6104.0,6111.0,6073.0,6490.0,5754.0,214201,307486,6102.0,162,6103.0,102,6104.0,68,6105.0,110,6106.0,79,6107.0,130,6108.0,113,6109.0,83,6110.0,161,6111.0,115,6106.0
SR409,,13:41:32.500#,6104.0,6111.0,6073.0,6490.0,5754.0,214211,307489,6102.0,162,6103.0,102,6104.0,68,6105.0,110,6106.0,79,6107.0,120,6108.0,113,6109.0,83,6110.0,161,6111.0,115,6107.0
SR409,,13:41:32.750#,6104.0,6111.0,6073.0,6490.0,5754.0,214211,307489,6102.0,162,6103.0,102,6104.0,68,6105.0,110,6106.0,79,6107.0,121,6108.0,113,6109.0,83,6110.0,161,6111.0,115,6107.0
SR409,,13:41:33.500#,6104.0,6111.0,6073.0,6490.0,5754.0,214211,307489,6102.0,162,6103.0,102,6104.0,68,6105.0,110,6106.0,83,6107.0,121,6108.0,113,6109.0,83,6110.0,161,6111.0,115,6107.0
SR409,,13:41:33.750#,6104.0,6111.0,6073.0,6490.0,5754.0,214211,307489,6102.0,162,6103.0,102,6104.0,68,6105.0,110,6106.0,83,6107.0,121,6108.0,113,6109.0,83,6110.0,161,6111.0,115,6107.0
SR409,,13:41:34.250#,6104.0,6111.0,6073.0,6490.0,5754.0,214211,307489,6102.0,163,6103.0,102,6104.0,68,6105.0,110,6106.0,83,6107.0,122,6108.0,113,6109.0,83,6110.0,161,6111.0,115,6107.0
SR409,,13:41:34.500#,6104.0,6111.0,6073.0,6490.0,5754.0,214211,307489,6102.0,163,6103.0,102,6104.0,68,6105.0,110,6106.0,88,6107.0,122,6108.0,113,6109.0,83,6110.0,161,6111.0,115,6107.0
SR409,,13:41:35.0#,6104.0,6111.0,6073.0,6490.0,5754.0,214214,307486,6102.0,163,6103.0,102,6104.0,68,6105.0,110,6106.0,85,6107.0,123,6108.0,113,6109.0,83,6110.0,161,6111.0,115,6106.0
SR409,,13:41:35.250#,6104.0,6111.0,6073.0,6490.0,5754.0,214215,307486,6102.0,163,6103.0,102,6104.0,68,6105.0,110,6106.0,84,6107.0,124,6108.0,113,6109.0,83,6110.0,161,6111.0,115,6106.0
SR409,,13:41:35.750#,6104.0,6111.0,6073.0,6490.0,5754.0,214215,307486,6102.0,163,6103.0,102,6104.0,68,6105.0,110,6106.0,83,6107.0,124,6108.0,113,6109.0,83,6110.0,161,6111.0,115,6106.0
SR409,,13:41:36.0#,6104.0,6111.0,6073.0,6490.0,5754.0,214216,307485,6102.0,163,6103.0,102,6104.0,68,6105.0,110,6106.0,83,6107.0,123,6108.0,113,6109.0,83,6110.0,161,6111.0,115,6107.0
SR409,,13:41:37.0#,6104.0,6111.0,6073.0,6490.0,5754.0,214216,307485,6102.0,163,6103.0,102,6104.0,68,6105.0,110,6106.0,83,6107.0,123,6108.0,113,6109.0,83,6110.0,161,6111.0,115,6107.0
SR409,,13:41:37.250#,6104.0,6111.0,6073.0,6490.0,5754.0,214216,307485,6102.0,163,6103.0,102,6104.0,68,6105.0,110,6106.0,83,6107.0,123,6108.0,113,6109.0,83,6110.0,161,6111.0,115,6107.0
SR409,,13:41:38.0#,6104.0,6111.0,6073.0,6490.0,5754.0,214216,307485,6102.0,163,6103.0,102,6104.0,68,6105.0,110,6106.0,83,6107.0,123,6108.0,113,6109.0,83,6110.0,161,6111.0,118,6107.0
SR409,,13:41:38.250#,6104.0,6111.0,6073.0,6490.0,5754.0,214231,307483,6102.0,163,6103.0,102,6104.0,68,6105.0,110,6106.0,73,6107.0,118,6108.0,113,6109.0,83,6110.0,161,6111.0,118,6107.0
SR409,,13:41:38.500#,6104.0,6111.0,6073.0,6490.0,5754.0,214231,307483,6102.0,163,6103.0,102,6104.0,68,6105.0,110,6106.0,72,6107.0,118,6108.0,113,6109.0,83,6110.0,161,6111.0,118,6107.0
SR409,,13:41:38.750#,6104.0,6111.0,6073.0,6490.0,5754.0,214231,307483,6102.0,163,6103.0,102,6104.0,68,6105.0,110,6106.0,74,6107.0,118,6108.0,113,6109.0,83,6110.0,161,6111.0,118,6107.0
SR409,,13:41:39.500#,6104.0,6111.0,6073.0,6490.0,5754.0,214232,307484,6102.0,163,6103.0,102,6104.0,68,6105.0,110,6106.0,85,6107.0,117,6108.0,113,6109.0,83,6110.0,161,6111.0,118,6107.0
SR409,,13:41:40.750#,6104.0,6111.0,6073.0,6490.0,5754.0,214232,307484,6102.0,168,6103.0,102,6104.0,68,6105.0,110,6106.0,86,6107.0,119,6108.0,113,6109.0,83,6110.0,161,6111.0,118,6107.0
SR409,,13:41:41.250#,6104.0,6111.0,6073.0,6490.0,5754.0,214232,307484,6102.0,168,6103.0,102,6104.0,68,6105.0,110,6106.0,86,6107.0,119,6108.0,113,6109.0,83,6110.0,161,6111.0,118,6107.0
SR409,,13:41:45.750#,6104.0,6111.0,6073.0,6490.0,5754.0,214235,307482,6102.0,168,6103.0,102,6104.0,68,6105.0,117,6106.0,87,6107.0,117,6108.0,113,6109.0,83,6110.0,161,6111.0,118,6107.0
SR409,,13:41:47.500#,6104.0,6111.0,6073.0,6490.0,5754.0,214235,307482,6102.0,168,6103.0,102,6104.0,68,6105.0,117,6106.0,87,6107.0,120,6108.0,113,6109.0,133,6110.0,111,6111.0,118,6107.0
SR409,,13:41:47.750#,6104.0,6111.0,6073.0,6490.0,5754.0,214236,307482,6102.0,168,6103.0,102,6104.0,68,6105.0,117,6106.0,87,6107.0,119,6108.0,113,6109.0,134,6110.0,111,6111.0,118,6107.0
SR409,,13:41:48.0#,6104.0,6111.0,6073.0,6490.0,5754.0,214237,307481,6102.0,168,6103.0,102,6104.0,68,6105.0,117,6106.0,87,6107.0,118,6108.0,113,6109.0,134,6110.0,111,6111.0,118,6107.0
SR409,,13:41:49.0#,6104.0,6111.0,6073.0,6490.0,5754.0,214237,307481,6102.0,168,6103.0,102,6104.0,68,6105.0,117,6106.0,87,6107.0,119,6108.0,113,6109.0,134,6110.0,111,6111.0,118,6107.0
SR409,,13:41:49.750#,6104.0,6111.0,6073.0,6490.0,5754.0,214237,307481,6102.0,168,6103.0,102,6104.0,68,6105.0,118,6106.0,87,6107.0,119,6108.0,113,6109.0,134,6110.0,111,6111.0,118,6107.0
SR409,,13:41:55.250#,6104.0,6111.0,6073.0,6490.0,5754.0,214255,307478,6102.0,168,6103.0,102,6104.0,68,6105.0,118,6106.0,70,6107.0,119,6108.0,113,6109.0,135,6110.0,111,6111.0,118,6107.0
SR409,,13:41:55.500#,6104.0,6111.0,6073.0,6490.0,5754.0,214255,307478,6102.0,168,6103.0,102,6104.0,68,6105.0,118,6106.0,70,6107.0,121,6108.0,118,6109.0,135,6110.0,111,6111.0,118,6107.0
SR409,,13:41:56.0#,6104.0,6111.0,6073.0,6490.0,5754.0,214258,307478,6102.0,168,6103.0,102,6104.0,68,6105.0,118,6106.0,72,6107.0,119,6108.0,118,6109.0,135,6110.0,111,6111.0,118,6107.0
SR409,,13:41:56.500#,6104.0,6111.0,6073.0,6490.0,5754.0,214259,307478,6102.0,168,6103.0,102,6104.0,68,6105.0,108,6106.0,71,6107.0,119,6108.0,118,6109.0,135,6110.0,111,6111.0,118,6106.0
SR409,,13:41:58.0#,6104.0,6111.0,6073.0,6490.0,5754.0,214260,307479,6102.0,168,6103.0,102,6104.0,68,6105.0,108,6106.0,70,6107.0,120,6108.0,118,6109.0,135,6110.0,112,6111.0,118,6106.0
SR409,,13:41:58.250#,6104.0,6111.0,6073.0,6490.0,5754.0,214261,307479,6102.0,168,6103.0,102,6104.0,68,6105.0,108,6106.0,70,6107.0,119,6108.0,118,6109.0,135,6110.0,112,6111.0,118,6107.0
SR409,,13:41:58.500#,6104.0,6111.0,6073.0,6490.0,5754.0,214261,307479,6102.0,168,6103.0,102,6104.0,68,6105.0,108,6106.0,70,6107.0,120,6108.0,118,6109.0,135,6110.0,112,6111.0,118,6107.0
SR409,,13:41:58.750#,6104.0,6111.0,6073.0,6490.0,5754.0,214261,307479,6102.0,168,6103.0,102,6104.0,68,6105.0,108,6106.0,70,6107.0,120,6108.0,119,6109.0,135,6110.0,112,6111.0,118,6107.0
SR409,,13:41:59.250#,6104.0,6111.0,6073.0,6490.0,5754.0,214261,307479,6102.0,168,6103.0,102,6104.0,68,6105.0,108,6106.0,70,6107.0,121,6108.0,119,6109.0,135,6110.0,112,6111.0,118,6107.0
SR409,,13:42:00.0#,6104.0,6111.0,6073.0,6490.0,5754.0,214271,307477,6102.0,168,6103.0,102,6104.0,68,6105.0,108,6106.0,60,6107.0,122,6108.0,119,6109.0,135,6110.0,112,6111.0,118,6106.0
SR409,,13:42:00.500#,6104.0,6111.0,6073.0,6490.0,5754.0,214271,307477,6102.0,168,6103.0,102,6104.0,68,6105.0,108,6106.0,61,6107.0,124,6108.0,119,6109.0,135,6110.0,112,6111.0,118,6106.0
SR409,,13:42:00.750#,6104.0,6111.0,6073.0,6490.0,5754.0,214271,307477,6102.0,171,6103.0,102,6104.0,68,6105.0,108,6106.0,64,6107.0,124,6108.0,119,6109.0,135,6110.0,112,6111.0,118,6106.0
SR409,,13:42:01.0#,6104.0,6111.0,6073.0,6490.0,5754.0,214271,307477,6102.0,171,6103.0,102,6104.0,68,6105.0,108,6106.0,64,6107.0,125,6108.0,119,6109.0,135,6110.0,112,6111.0,118,6106.0
SR409,,13:42:02.250#,6104.0,6111.0,6073.0,6490.0,5754.0,214271,307477,6102.0,171,6103.0,102,6104.0,68,6105.0,108,6106.0,65,6107.0,128,6108.0,119,6109.0,135,6110.0,112,6111.0,118,6106.0
SR409,,13:42:02.500#,6104.0,6111.0,6073.0,6490.0,5754.0,214281,307469,6102.0,171,6103.0,102,6104.0,68,6105.0,108,6106.0,55,6107.0,128,6108.0,119,6109.0,135,6110.0,112,6111.0,118,6106.0
SR409,,13:42:03.0#,6104.0,6111.0,6073.0,6490.0,5754.0,214349,307453,6101.0,97,6102.0,171,6103.0,91,6104.0,51,6105.0,90,6106.0,33,6107.0,120,6108.0,119,6109.0,135,6110.0,112,6105.0
SR409,,13:42:03.250#,6104.0,6111.0,6073.0,6490.0,5754.0,214382,307429,6101.0,97,6102.0,171,6103.0,91,6104.0,50,6105.0,91,6106.0,6,6107.0,120,6108.0,119,6109.0,135,6110.0,112,6106.0
SR409,,13:42:03.500#,6104.0,6111.0,6073.0,6490.0,5754.0,214389,307427,6102.0,171,6103.0,91,6104.0,50,6105.0,88,6106.0,16,6107.0,129,6108.0,119,6109.0,135,6110.0,112,6111.0,118,6106.0
SR409,,13:42:04.0#,6104.0,6111.0,6073.0,6490.0,5754.0,214389,307427,6102.0,171,6103.0,91,6104.0,50,6105.0,85,6106.0,45,6107.0,128,6108.0,119,6109.0,135,6110.0,112,6111.0,118,6106.0
SR409,,13:42:04.250#,6104.0,6111.0,6073.0,6490.0,5754.0,214389,307427,6102.0,171,6103.0,91,6104.0,50,6105.0,85,6106.0,46,6107.0,128,6108.0,119,6109.0,135,6110.0,112,6111.0,118,6106.0
SR409,,13:42:04.500#,6104.0,6111.0,6073.0,6490.0,5754.0,214392,307426,6102.0,171,6103.0,91,6104.0,50,6105.0,85,6106.0,46,6107.0,126,6108.0,119,6109.0,135,6110.0,112,6111.0,118,6107.0
SR409,,13:42:04.750#,6104.0,6111.0,6073.0,6490.0,5754.0,214392,307426,6102.0,171,6103.0,91,6104.0,50,6105.0,85,6106.0,48,6107.0,126,6108.0,119,6109.0,135,6110.0,112,6111.0,118,6107.0
SR409,,13:42:05.0#,6104.0,6111.0,6073.0,6490.0,5754.0,214397,307423,6102.0,171,6103.0,91,6104.0,50,6105.0,85,6106.0,45,6107.0,124,6108.0,117,6109.0,135,6110.0,112,6111.0,118,6107.0
SR409,,13:42:05.250#,6104.0,6111.0,6073.0,6490.0,5754.0,214405,307420,6102.0,171,6103.0,91,6104.0,50,6105.0,85,6106.0,44,6107.0,116,6108.0,117,6109.0,135,6110.0,112,6111.0,118,6107.0
SR409,,13:42:05.500#,6104.0,6111.0,6073.0,6490.0,5754.0,214417,307418,6102.0,171,6103.0,91,6104.0,50,6105.0,85,6106.0,34,6107.0,117,6108.0,117,6109.0,135,6110.0,112,6111.0,118,6106.0
SR409,,13:42:06.0#,6104.0,6111.0,6073.0,6490.0,5754.0,214417,307418,6102.0,171,6103.0,91,6104.0,50,6105.0,85,6106.0,40,6107.0,117,6108.0,117,6109.0,135,6110.0,112,6111.0,118,6106.0
SR409,,13:42:06.500#,6104.0,6111.0,6073.0,6490.0,5754.0,214418,307419,6102.0,171,6103.0,91,6104.0,50,6105.0,85,6106.0,40,6107.0,117,6108.0,117,6109.0,135,6110.0,112,6111.0,118,6107.0
SR409,,13:42:06.750#,6104.0,6111.0,6073.0,6490.0,5754.0,214426,307417,6102.0,171,6103.0,91,6104.0,50,6105.0,85,6106.0,41,6107.0,110,6108.0,117,6109.0,135,6110.0,112,6111.0,118,6107.0
SR409,,13:42:07.0#,6104.0,6111.0,6073.0,6490.0,5754.0,214426,307417,6102.0,171,6103.0,91,6104.0,50,6105.0,85,6106.0,42,6107.0,110,6108.0,117,6109.0,135,6110.0,112,6111.0,118,6107.0
SR409,,13:42:07.500#,6104.0,6111.0,6073.0,6490.0,5754.0,214436,307409,6102.0,171,6103.0,91,6104.0,50,6105.0,85,6106.0,32,6107.0,111,6108.0,117,6109.0,135,6110.0,112,6111.0,118,6106.0
SR409,,13:42:08.750#,6104.0,6111.0,6073.0,6490.0,5754.0,214439,307409,6102.0,171,6103.0,91,6104.0,50,6105.0,85,6106.0,28,6107.0,111,6108.0,117,6109.0,135,6110.0,112,6111.0,118,6106.0
SR409,,13:42:09.0#,6104.0,6111.0,6073.0,6490.0,5754.0,214439,307409,6102.0,171,6103.0,91,6104.0,50,6105.0,85,6106.0,33,6107.0,113,6108.0,117,6109.0,135,6110.0,112,6111.0,118,6106.0
SR409,,13:42:09.250#,6104.0,6111.0,6073.0,6490.0,5754.0,214440,307408,6102.0,171,6103.0,91,6104.0,50,6105.0,85,6106.0,32,6107.0,114,6108.0,117,6109.0,135,6110.0,112,6111.0,118,6106.0
SR409,,13:42:09.500#,6104.0,6111.0,6073.0,6490.0,5754.0,214473,307417,6101.0,97,6102.0,172,6103.0,91,6104.0,50,6105.0,89,6106.0,67,6107.0,112,6108.0,117,6109.0,135,6110.0,112,6106.0
SR409,,13:42:13.500#,6104.0,6111.0,6073.0,6490.0,5754.0,214556,307434,6101.0,97,6102.0,172,6103.0,91,6104.0,50,6105.0,90,6106.0,24,6107.0,100,6108.0,117,6109.0,135,6110.0,122,6106.0
SR409,,13:42:16.0#,6104.0,6111.0,6073.0,6490.0,5754.0,214590,307429,6102.0,172,6103.0,91,6104.0,51,6105.0,326,6106.0,69,6107.0,103,6108.0,117,6109.0,135,6110.0,122,6111.0,118,6106.0
SR409,,13:42:23.750#,6104.0,6111.0,6073.0,6490.0,5754.0,214595,307427,6102.0,172,6103.0,92,6104.0,51,6105.0,302,6106.0,69,6107.0,123,6108.0,117,6109.0,135,6110.0,122,6111.0,116,6107.0
SR409,,13:42:25.0#,6104.0,6111.0,6073.0,6490.0,5754.0,214597,307428,6102.0,172,6103.0,92,6104.0,51,6105.0,302,6106.0,69,6107.0,123,6108.0,117,6109.0,135,6110.0,122,6111.0,116,6107.0
SR409,,13:42:26.0#,6104.0,6111.0,6073.0,6490.0,5754.0,214598,307428,6102.0,172,6103.0,92,6104.0,51,6105.0,302,6106.0,68,6107.0,120,6108.0,117,6109.0,139,6110.0,122,6111.0,116,6106.0
SR409,,13:42:27.0#,6104.0,6111.0,6073.0,6490.0,5754.0,214598,307428,6102.0,172,6103.0,92,6104.0,51,6105.0,302,6106.0,69,6107.0,121,6108.0,117,6109.0,139,6110.0,122,6111.0,116,6106.0
SR409,,13:42:31.0#,6104.0,6111.0,6073.0,6490.0,5754.0,214626,307431,6102.0,172,6103.0,92,6104.0,52,6105.0,302,6106.0,62,6107.0,122,6108.0,115,6109.0,139,6110.0,122,6111.0,116,6107.0
SR409,,13:42:31.500#,6104.0,6111.0,6073.0,6490.0,5754.0,214626,307431,6102.0,172,6103.0,92,6104.0,52,6105.0,302,6106.0,63,6107.0,122,6108.0,115,6109.0,139,6110.0,122,6111.0,116,6107.0
SR409,,13:42:32.500#,6104.0,6111.0,6073.0,6490.0,5754.0,214626,307431,6102.0,172,6103.0,92,6104.0,52,6105.0,302,6106.0,80,6107.0,122,6108.0,115,6109.0,139,6110.0,122,6111.0,116,6107.0
SR409,,13:42:32.750#,6104.0,6111.0,6073.0,6490.0,5754.0,214626,307431,6102.0,172,6103.0,92,6104.0,52,6105.0,301,6106.0,82,6107.0,122,6108.0,115,6109.0,139,6110.0,122,6111.0,116,6107.0
