InstrumentId,ExchangeId,Datetime,OpenPrice,HighestPrice,LowestPrice,UpperLimitPrice,LowerLimitPrice,Volume,OpenInterest,BidPrice5,BidVolume5,BidPrice4,BidVolume4,BidPrice3,BidVolume3,BidPrice2,BidVolume2,BidPrice1,BidVolume1,AskPrice1,AskVolume1,AskPrice2,AskVolume2,AskPrice3,AskVolume3,AskPrice4,AskVolume4,AskPrice5,AskVolume5,LastPrice
SR503,,13:38:40.750#,5827.0,5834.0,5803.0,6188.0,5486.0,438,4893,5815.0,3,5817.0,1,5818.0,1,5823.0,1,5824.0,6,5827.0,3,5828.0,1,5832.0,1,5833.0,1,5834.0,1,5834.0
SR503,,13:38:44.500#,5827.0,5834.0,5803.0,6188.0,5486.0,438,4893,5815.0,3,5817.0,1,5818.0,1,5823.0,1,5824.0,6,5826.0,1,5828.0,1,5832.0,1,5833.0,1,5834.0,1,5834.0
SR503,,13:38:44.750#,5827.0,5834.0,5803.0,6188.0,5486.0,438,4893,5814.0,1,5815.0,3,5817.0,1,5818.0,1,5824.0,6,5826.0,3,5832.0,1,5833.0,1,5834.0,1,5836.0,2,5834.0
SR503,,13:38:45.0#,5827.0,5834.0,5803.0,6188.0,5486.0,438,4893,5815.0,3,5817.0,1,5818.0,1,5822.0,1,5824.0,6,5826.0,3,5827.0,1,5832.0,1,5833.0,1,5834.0,1,5834.0
SR503,,13:38:45.250#,5827.0,5834.0,5803.0,6188.0,5486.0,438,4893,5814.0,1,5815.0,3,5817.0,1,5818.0,1,5824.0,6,5826.0,3,5827.0,1,5832.0,1,5833.0,1,5834.0,1,5834.0
SR503,,13:38:45.500#,5827.0,5834.0,5803.0,6188.0,5486.0,438,4893,5815.0,3,5817.0,1,5818.0,1,5823.0,1,5824.0,6,5826.0,3,5827.0,1,5832.0,1,5833.0,1,5834.0,1,5834.0
SR503,,13:38:48.750#,5827.0,5834.0,5803.0,6188.0,5486.0,438,4893,5814.0,1,5815.0,3,5817.0,1,5818.0,1,5824.0,5,5826.0,3,5827.0,1,5832.0,1,5833.0,1,5834.0,1,5834.0
SR503,,13:38:49.0#,5827.0,5834.0,5803.0,6188.0,5486.0,438,4893,5815.0,3,5817.0,1,5818.0,1,5822.0,1,5824.0,5,5826.0,3,5827.0,1,5832.0,1,5833.0,1,5834.0,1,5834.0
SR503,,13:38:49.500#,5827.0,5834.0,5803.0,6188.0,5486.0,438,4893,5815.0,3,5817.0,1,5818.0,1,5822.0,1,5824.0,6,5826.0,3,5827.0,1,5832.0,1,5833.0,1,5834.0,1,5834.0
SR503,,13:38:55.250#,5827.0,5834.0,5803.0,6188.0,5486.0,438,4893,5815.0,3,5817.0,1,5818.0,1,5822.0,1,5824.0,5,5826.0,3,5827.0,1,5832.0,1,5833.0,1,5834.0,1,5834.0
SR503,,13:38:55.500#,5827.0,5834.0,5803.0,6188.0,5486.0,438,4893,5815.0,3,5817.0,1,5818.0,1,5822.0,1,5824.0,6,5826.0,3,5827.0,1,5832.0,1,5833.0,1,5834.0,1,5834.0
SR503,,13:38:59.250#,5827.0,5834.0,5803.0,6188.0,5486.0,438,4893,5815.0,3,5817.0,1,5818.0,1,5822.0,1,5824.0,2,5826.0,3,5827.0,1,5832.0,1,5833.0,1,5834.0,1,5834.0
SR503,,13:39:00.500#,5827.0,5834.0,5803.0,6188.0,5486.0,438,4893,5815.0,3,5817.0,1,5818.0,1,5822.0,1,5823.0,6,5825.0,3,5827.0,1,5832.0,1,5833.0,1,5834.0,1,5834.0
SR503,,13:39:09.500#,5827.0,5834.0,5803.0,6188.0,5486.0,438,4893,5815.0,3,5817.0,1,5818.0,1,5822.0,1,5823.0,4,5824.0,3,5827.0,1,5832.0,1,5833.0,1,5834.0,1,5834.0
SR503,,13:39:09.750#,5827.0,5834.0,5803.0,6188.0,5486.0,441,4896,5814.0,1,5815.0,3,5817.0,1,5818.0,1,5822.0,7,5825.0,29,5827.0,2,5832.0,1,5833.0,1,5834.0,1,5824.0
SR503,,13:39:10.0#,5827.0,5834.0,5803.0,6188.0,5486.0,441,4896,5814.0,1,5815.0,3,5817.0,1,5818.0,1,5822.0,7,5825.0,29,5827.0,2,5831.0,2,5832.0,1,5833.0,1,5824.0
SR503,,13:39:10.250#,5827.0,5834.0,5803.0,6188.0,5486.0,441,4896,5814.0,1,5815.0,3,5817.0,1,5818.0,1,5822.0,6,5825.0,29,5827.0,1,5831.0,2,5832.0,1,5833.0,1,5824.0
SR503,,13:39:10.500#,5827.0,5834.0,5803.0,6188.0,5486.0,441,4896,5815.0,3,5817.0,1,5818.0,1,5821.0,1,5822.0,6,5825.0,29,5826.0,1,5827.0,1,5831.0,2,5832.0,1,5824.0
SR503,,13:39:19.0#,5827.0,5834.0,5803.0,6188.0,5486.0,441,4896,5815.0,3,5817.0,1,5818.0,1,5821.0,1,5822.0,4,5825.0,29,5826.0,1,5827.0,1,5831.0,2,5832.0,1,5824.0
SR503,,13:39:19.250#,5827.0,5834.0,5803.0,6188.0,5486.0,441,4896,5815.0,3,5817.0,1,5818.0,1,5821.0,1,5822.0,4,5824.0,8,5826.0,1,5827.0,1,5831.0,2,5832.0,1,5824.0
SR503,,13:39:19.500#,5827.0,5834.0,5803.0,6188.0,5486.0,441,4896,5815.0,3,5817.0,1,5818.0,1,5821.0,1,5822.0,4,5824.0,21,5826.0,1,5827.0,1,5830.0,2,5831.0,2,5824.0
SR503,,13:39:19.750#,5827.0,5834.0,5803.0,6188.0,5486.0,441,4896,5815.0,3,5817.0,1,5818.0,1,5821.0,1,5822.0,4,5824.0,23,5826.0,1,5827.0,1,5830.0,2,5831.0,2,5824.0
SR503,,13:39:20.0#,5827.0,5834.0,5803.0,6188.0,5486.0,441,4896,5814.0,1,5815.0,3,5817.0,1,5821.0,1,5822.0,4,5824.0,23,5826.0,1,5827.0,1,5830.0,2,5831.0,2,5824.0
SR503,,13:39:23.750#,5827.0,5834.0,5803.0,6188.0,5486.0,441,4896,5813.0,6,5814.0,1,5815.0,3,5817.0,1,5821.0,7,5824.0,24,5826.0,1,5827.0,1,5830.0,2,5831.0,2,5824.0
SR503,,13:39:24.0#,5827.0,5834.0,5803.0,6188.0,5486.0,441,4896,5813.0,6,5814.0,1,5815.0,3,5817.0,1,5821.0,6,5823.0,4,5826.0,1,5827.0,1,5830.0,2,5831.0,2,5824.0
SR503,,13:39:24.250#,5827.0,5834.0,5803.0,6188.0,5486.0,441,4896,5813.0,6,5814.0,1,5815.0,3,5817.0,1,5822.0,2,5824.0,23,5827.0,1,5830.0,2,5831.0,2,5832.0,1,5824.0
SR503,,13:39:24.500#,5827.0,5834.0,5803.0,6188.0,5486.0,441,4896,5814.0,1,5815.0,3,5817.0,1,5821.0,1,5822.0,2,5824.0,22,5825.0,1,5827.0,1,5830.0,2,5831.0,2,5824.0
SR503,,13:39:24.750#,5827.0,5834.0,5803.0,6188.0,5486.0,441,4896,5814.0,1,5815.0,3,5817.0,1,5821.0,1,5822.0,2,5824.0,7,5825.0,1,5827.0,1,5830.0,2,5831.0,2,5824.0
SR503,,13:39:25.0#,5827.0,5834.0,5803.0,6188.0,5486.0,441,4896,5814.0,1,5815.0,3,5817.0,1,5821.0,1,5822.0,4,5824.0,7,5825.0,1,5827.0,1,5830.0,2,5831.0,2,5824.0
SR503,,13:39:25.250#,5827.0,5834.0,5803.0,6188.0,5486.0,441,4896,5813.0,6,5814.0,1,5815.0,3,5817.0,1,5822.0,4,5824.0,7,5827.0,1,5830.0,2,5831.0,2,5832.0,1,5824.0
SR503,,13:39:25.500#,5827.0,5834.0,5803.0,6188.0,5486.0,441,4896,5813.0,6,5814.0,1,5815.0,3,5817.0,1,5822.0,5,5824.0,7,5826.0,1,5827.0,1,5830.0,2,5831.0,2,5824.0
SR503,,13:39:26.0#,5827.0,5834.0,5803.0,6188.0,5486.0,441,4896,5813.0,6,5814.0,1,5815.0,3,5817.0,1,5822.0,2,5824.0,9,5826.0,1,5827.0,1,5830.0,2,5831.0,2,5824.0
SR503,,13:39:26.250#,5827.0,5834.0,5803.0,6188.0,5486.0,441,4896,5814.0,1,5815.0,3,5817.0,1,5821.0,1,5822.0,2,5824.0,13,5826.0,1,5827.0,1,5830.0,2,5831.0,2,5824.0
SR503,,13:39:26.500#,5827.0,5834.0,5803.0,6188.0,5486.0,441,4896,5814.0,1,5815.0,3,5817.0,1,5821.0,1,5822.0,2,5824.0,15,5826.0,1,5827.0,1,5830.0,2,5831.0,2,5824.0
SR503,,13:39:26.750#,5827.0,5834.0,5803.0,6188.0,5486.0,441,4896,5814.0,1,5815.0,3,5817.0,1,5821.0,1,5822.0,2,5824.0,16,5826.0,1,5827.0,1,5830.0,2,5831.0,2,5824.0
SR503,,13:39:27.750#,5827.0,5834.0,5803.0,6188.0,5486.0,441,4896,5814.0,1,5815.0,3,5817.0,1,5821.0,1,5822.0,2,5824.0,17,5826.0,1,5827.0,1,5830.0,2,5831.0,2,5824.0
SR503,,13:39:32.250#,5827.0,5834.0,5803.0,6188.0,5486.0,441,4896,5814.0,1,5815.0,3,5817.0,1,5821.0,1,5822.0,4,5824.0,8,5826.0,1,5827.0,1,5830.0,2,5831.0,2,5824.0
SR503,,13:39:32.500#,5827.0,5834.0,5803.0,6188.0,5486.0,441,4896,5813.0,6,5814.0,1,5815.0,3,5817.0,1,5822.0,4,5825.0,29,5826.0,1,5827.0,1,5830.0,2,5831.0,2,5824.0
SR503,,13:39:32.750#,5827.0,5834.0,5803.0,6188.0,5486.0,441,4896,5814.0,1,5815.0,3,5817.0,1,5822.0,1,5823.0,3,5825.0,29,5826.0,1,5827.0,1,5830.0,2,5831.0,2,5824.0
SR503,,13:39:33.250#,5827.0,5834.0,5803.0,6188.0,5486.0,441,4896,5813.0,6,5814.0,1,5815.0,3,5817.0,1,5822.0,5,5825.0,29,5826.0,1,5827.0,1,5830.0,2,5831.0,2,5824.0
SR503,,13:39:36.0#,5827.0,5834.0,5803.0,6188.0,5486.0,441,4896,5814.0,1,5815.0,3,5817.0,1,5822.0,1,5823.0,2,5825.0,29,5826.0,1,5827.0,1,5830.0,2,5831.0,2,5824.0
SR503,,13:39:36.750#,5827.0,5834.0,5803.0,6188.0,5486.0,441,4896,5814.0,1,5815.0,3,5817.0,1,5822.0,1,5823.0,3,5825.0,29,5826.0,1,5827.0,1,5830.0,2,5831.0,2,5824.0
SR503,,13:39:40.250#,5827.0,5834.0,5803.0,6188.0,5486.0,441,4896,5813.0,6,5814.0,1,5815.0,3,5817.0,1,5822.0,5,5825.0,29,5826.0,1,5827.0,1,5830.0,2,5831.0,2,5824.0
SR503,,13:39:40.500#,5827.0,5834.0,5803.0,6188.0,5486.0,441,4896,5813.0,6,5814.0,1,5815.0,3,5817.0,1,5822.0,5,5824.0,1,5826.0,1,5827.0,1,5830.0,2,5831.0,2,5824.0
SR503,,13:39:44.250#,5827.0,5834.0,5803.0,6188.0,5486.0,441,4896,5813.0,6,5814.0,1,5815.0,3,5817.0,1,5822.0,5,5824.0,8,5826.0,1,5827.0,1,5830.0,2,5831.0,2,5824.0
SR503,,13:39:44.500#,5827.0,5834.0,5803.0,6188.0,5486.0,441,4896,5813.0,6,5814.0,1,5815.0,3,5817.0,1,5822.0,5,5824.0,12,5826.0,1,5827.0,1,5830.0,2,5831.0,2,5824.0
SR503,,13:39:45.0#,5827.0,5834.0,5803.0,6188.0,5486.0,441,4896,5812.0,1,5813.0,6,5814.0,1,5815.0,3,5822.0,5,5824.0,12,5826.0,1,5827.0,1,5830.0,2,5831.0,2,5824.0
SR503,,13:39:45.500#,5827.0,5834.0,5803.0,6188.0,5486.0,441,4896,5812.0,1,5813.0,6,5814.0,2,5815.0,3,5822.0,5,5824.0,12,5826.0,1,5827.0,1,5830.0,2,5831.0,2,5824.0
SR503,,13:39:48.0#,5827.0,5834.0,5803.0,6188.0,5486.0,441,4896,5812.0,1,5813.0,6,5814.0,2,5815.0,3,5822.0,5,5824.0,8,5826.0,1,5827.0,1,5830.0,2,5831.0,2,5824.0
SR503,,13:39:49.500#,5827.0,5834.0,5803.0,6188.0,5486.0,441,4896,5812.0,1,5813.0,6,5814.0,2,5815.0,3,5822.0,6,5824.0,8,5826.0,1,5827.0,1,5830.0,2,5831.0,2,5824.0
SR503,,13:39:50.0#,5827.0,5834.0,5803.0,6188.0,5486.0,441,4896,5812.0,1,5813.0,6,5814.0,2,5815.0,3,5822.0,6,5824.0,1,5826.0,1,5827.0,1,5830.0,2,5831.0,2,5824.0
SR503,,13:39:50.250#,5827.0,5834.0,5803.0,6188.0,5486.0,441,4896,5813.0,6,5814.0,2,5815.0,3,5822.0,1,5823.0,2,5824.0,1,5826.0,1,5827.0,1,5830.0,2,5831.0,2,5824.0
SR503,,13:39:50.500#,5827.0,5834.0,5803.0,6188.0,5486.0,441,4896,5813.0,6,5814.0,2,5815.0,3,5822.0,1,5823.0,3,5824.0,1,5826.0,1,5827.0,1,5830.0,2,5831.0,2,5824.0
SR503,,13:39:50.750#,5827.0,5834.0,5803.0,6188.0,5486.0,441,4896,5813.0,6,5814.0,2,5815.0,3,5822.0,1,5823.0,4,5824.0,1,5826.0,1,5827.0,1,5830.0,2,5831.0,2,5824.0
SR503,,13:39:52.250#,5827.0,5834.0,5803.0,6188.0,5486.0,441,4896,5813.0,6,5814.0,2,5815.0,3,5822.0,1,5823.0,4,5825.0,29,5826.0,1,5827.0,1,5830.0,2,5831.0,2,5824.0
SR503,,13:39:52.750#,5827.0,5834.0,5803.0,6188.0,5486.0,441,4896,5813.0,6,5814.0,2,5815.0,3,5822.0,1,5823.0,4,5824.0,1,5826.0,1,5827.0,1,5830.0,2,5831.0,2,5824.0
SR503,,13:39:53.0#,5827.0,5834.0,5803.0,6188.0,5486.0,441,4896,5813.0,6,5814.0,2,5815.0,3,5822.0,1,5823.0,4,5824.0,5,5826.0,1,5827.0,1,5830.0,2,5831.0,2,5824.0
SR503,,13:39:54.500#,5827.0,5834.0,5803.0,6188.0,5486.0,441,4896,5813.0,6,5814.0,2,5815.0,3,5822.0,1,5823.0,2,5824.0,6,5826.0,1,5827.0,1,5830.0,2,5831.0,2,5824.0
SR503,,13:39:55.0#,5827.0,5834.0,5803.0,6188.0,5486.0,441,4896,5813.0,6,5814.0,2,5815.0,3,5822.0,1,5823.0,1,5824.0,6,5826.0,1,5827.0,1,5830.0,2,5831.0,2,5824.0
SR503,,13:39:56.750#,5827.0,5834.0,5803.0,6188.0,5486.0,441,4896,5813.0,6,5814.0,2,5815.0,3,5822.0,1,5823.0,1,5824.0,5,5826.0,1,5827.0,1,5830.0,2,5831.0,2,5824.0
SR503,,13:39:57.0#,5827.0,5834.0,5803.0,6188.0,5486.0,441,4896,5813.0,6,5814.0,2,5815.0,3,5822.0,1,5823.0,1,5824.0,1,5826.0,1,5827.0,1,5830.0,2,5831.0,2,5824.0
SR503,,13:39:57.250#,5827.0,5834.0,5803.0,6188.0,5486.0,441,4896,5813.0,6,5814.0,2,5815.0,3,5822.0,1,5823.0,1,5824.0,12,5826.0,1,5827.0,1,5830.0,2,5831.0,2,5824.0
SR503,,13:39:57.500#,5827.0,5834.0,5803.0,6188.0,5486.0,441,4896,5812.0,1,5813.0,6,5814.0,2,5815.0,3,5822.0,6,5824.0,16,5826.0,1,5827.0,1,5830.0,2,5831.0,2,5824.0
SR503,,13:39:57.750#,5827.0,5834.0,5803.0,6188.0,5486.0,441,4896,5812.0,1,5813.0,6,5814.0,2,5815.0,3,5822.0,6,5824.0,18,5826.0,1,5827.0,1,5830.0,2,5831.0,2,5824.0
SR503,,13:39:58.0#,5827.0,5834.0,5803.0,6188.0,5486.0,441,4896,5812.0,1,5813.0,6,5814.0,2,5815.0,3,5822.0,6,5824.0,17,5826.0,1,5827.0,1,5830.0,2,5831.0,2,5824.0
SR503,,13:39:59.0#,5827.0,5834.0,5803.0,6188.0,5486.0,441,4896,5812.0,1,5813.0,6,5814.0,2,5815.0,3,5822.0,6,5824.0,16,5826.0,1,5827.0,1,5830.0,2,5831.0,2,5824.0
SR503,,13:39:59.750#,5827.0,5834.0,5803.0,6188.0,5486.0,441,4896,5812.0,1,5813.0,6,5814.0,2,5815.0,3,5822.0,6,5824.0,15,5826.0,1,5827.0,1,5830.0,2,5831.0,2,5824.0
SR503,,13:40:00.250#,5827.0,5834.0,5803.0,6188.0,5486.0,441,4896,5812.0,1,5813.0,6,5814.0,2,5815.0,3,5822.0,6,5824.0,5,5826.0,1,5827.0,1,5830.0,2,5831.0,2,5824.0
SR503,,13:40:00.750#,5827.0,5834.0,5803.0,6188.0,5486.0,441,4896,5812.0,1,5813.0,6,5814.0,2,5815.0,3,5822.0,6,5824.0,1,5826.0,1,5827.0,1,5830.0,2,5831.0,2,5824.0
SR503,,13:40:01.0#,5827.0,5834.0,5803.0,6188.0,5486.0,441,4896,5813.0,6,5814.0,2,5815.0,3,5822.0,1,5823.0,1,5824.0,1,5826.0,1,5827.0,1,5830.0,2,5831.0,2,5824.0
SR503,,13:40:01.250#,5827.0,5834.0,5803.0,6188.0,5486.0,441,4896,5813.0,6,5814.0,2,5815.0,3,5822.0,1,5823.0,1,5824.0,8,5826.0,1,5827.0,1,5830.0,2,5831.0,2,5824.0
SR503,,13:40:06.500#,5827.0,5834.0,5803.0,6188.0,5486.0,441,4896,5813.0,6,5814.0,2,5815.0,3,5822.0,1,5823.0,1,5824.0,7,5826.0,1,5827.0,1,5830.0,2,5831.0,2,5824.0
SR503,,13:40:07.0#,5827.0,5834.0,5803.0,6188.0,5486.0,441,4896,5813.0,6,5814.0,2,5815.0,3,5822.0,1,5823.0,1,5824.0,3,5826.0,1,5827.0,1,5830.0,2,5831.0,2,5824.0
SR503,,13:40:07.750#,5827.0,5834.0,5803.0,6188.0,5486.0,441,4896,5813.0,6,5814.0,2,5815.0,3,5822.0,1,5823.0,1,5824.0,2,5826.0,1,5827.0,1,5830.0,2,5831.0,2,5824.0
SR503,,13:40:18.0#,5827.0,5834.0,5803.0,6188.0,5486.0,441,4896,5813.0,6,5814.0,2,5815.0,3,5822.0,1,5823.0,1,5825.0,29,5826.0,1,5827.0,1,5830.0,2,5831.0,2,5824.0
SR503,,13:40:18.750#,5827.0,5834.0,5803.0,6188.0,5486.0,441,4896,5813.0,6,5814.0,2,5815.0,3,5822.0,1,5823.0,2,5825.0,29,5826.0,1,5827.0,1,5830.0,2,5831.0,2,5824.0
SR503,,13:40:19.0#,5827.0,5834.0,5803.0,6188.0,5486.0,441,4896,5813.0,6,5814.0,2,5815.0,3,5822.0,1,5823.0,1,5825.0,29,5826.0,1,5827.0,1,5830.0,2,5831.0,2,5824.0
SR503,,13:40:19.500#,5827.0,5834.0,5803.0,6188.0,5486.0,441,4896,5813.0,6,5814.0,2,5815.0,3,5822.0,1,5823.0,2,5825.0,29,5826.0,1,5827.0,1,5830.0,2,5831.0,2,5824.0
SR503,,13:40:19.750#,5827.0,5834.0,5803.0,6188.0,5486.0,441,4896,5813.0,6,5814.0,2,5815.0,3,5822.0,1,5823.0,1,5825.0,29,5826.0,1,5827.0,1,5830.0,2,5831.0,2,5824.0
SR503,,13:40:21.750#,5827.0,5834.0,5803.0,6188.0,5486.0,441,4896,5813.0,6,5814.0,2,5815.0,3,5822.0,1,5823.0,2,5825.0,29,5826.0,1,5827.0,1,5830.0,2,5831.0,2,5824.0
SR503,,13:40:22.0#,5827.0,5834.0,5803.0,6188.0,5486.0,441,4896,5813.0,6,5814.0,2,5815.0,3,5822.0,1,5823.0,4,5825.0,29,5826.0,1,5827.0,1,5830.0,2,5831.0,2,5824.0
SR503,,13:40:22.250#,5827.0,5834.0,5803.0,6188.0,5486.0,441,4896,5813.0,6,5814.0,2,5815.0,3,5822.0,1,5823.0,4,5825.0,29,5827.0,1,5830.0,2,5831.0,2,5832.0,1,5824.0
SR503,,13:40:22.500#,5827.0,5834.0,5803.0,6188.0,5486.0,441,4896,5813.0,6,5814.0,2,5815.0,3,5822.0,1,5823.0,4,5825.0,29,5827.0,2,5830.0,2,5831.0,2,5832.0,1,5824.0
SR503,,13:40:31.750#,5827.0,5834.0,5803.0,6188.0,5486.0,441,4896,5813.0,6,5814.0,2,5815.0,3,5822.0,1,5823.0,4,5825.0,29,5827.0,2,5830.0,2,5831.0,2,5832.0,1,5824.0
SR503,,13:40:37.0#,5827.0,5834.0,5803.0,6188.0,5486.0,441,4896,5813.0,6,5814.0,2,5815.0,3,5822.0,1,5823.0,5,5825.0,29,5827.0,2,5830.0,2,5831.0,2,5832.0,1,5824.0
SR503,,13:40:37.250#,5827.0,5834.0,5803.0,6188.0,5486.0,441,4896,5813.0,6,5814.0,2,5815.0,3,5822.0,1,5823.0,4,5825.0,29,5827.0,2,5830.0,2,5831.0,2,5832.0,1,5824.0
SR503,,13:40:41.500#,5827.0,5834.0,5803.0,6188.0,5486.0,441,4896,5813.0,6,5814.0,2,5815.0,3,5822.0,1,5824.0,1,5826.0,29,5827.0,2,5830.0,2,5831.0,2,5832.0,1,5824.0
SR503,,13:40:41.750#,5827.0,5834.0,5803.0,6188.0,5486.0,441,4896,5812.0,1,5813.0,6,5814.0,2,5815.0,3,5824.0,4,5826.0,29,5827.0,2,5830.0,2,5831.0,2,5832.0,1,5824.0
SR503,,13:40:42.0#,5827.0,5834.0,5803.0,6188.0,5486.0,441,4896,5814.0,2,5815.0,3,5818.0,1,5823.0,1,5824.0,4,5826.0,29,5827.0,2,5830.0,1,5831.0,2,5832.0,1,5824.0
SR503,,13:40:46.250#,5827.0,5834.0,5803.0,6188.0,5486.0,441,4896,5814.0,2,5815.0,3,5818.0,1,5823.0,1,5824.0,4,5826.0,23,5827.0,2,5830.0,1,5831.0,2,5832.0,1,5824.0
SR503,,13:40:48.250#,5827.0,5834.0,5803.0,6188.0,5486.0,441,4896,5814.0,2,5815.0,3,5818.0,1,5823.0,1,5824.0,4,5826.0,24,5827.0,2,5830.0,1,5831.0,2,5832.0,1,5824.0
SR503,,13:40:50.250#,5827.0,5834.0,5803.0,6188.0,5486.0,441,4896,5814.0,2,5815.0,3,5818.0,1,5823.0,1,5824.0,4,5826.0,19,5827.0,2,5830.0,1,5831.0,2,5832.0,1,5824.0
SR503,,13:40:51.500#,5827.0,5834.0,5803.0,6188.0,5486.0,441,4896,5814.0,2,5815.0,3,5818.0,1,5823.0,1,5824.0,4,5827.0,31,5830.0,1,5831.0,2,5832.0,1,5833.0,1,5824.0
SR503,,13:40:51.750#,5827.0,5834.0,5803.0,6188.0,5486.0,441,4896,5814.0,2,5815.0,3,5818.0,1,5823.0,1,5825.0,2,5827.0,31,5830.0,1,5831.0,2,5832.0,1,5833.0,1,5824.0
SR503,,13:40:52.250#,5827.0,5834.0,5803.0,6188.0,5486.0,441,4896,5814.0,2,5815.0,3,5818.0,1,5823.0,1,5825.0,3,5827.0,31,5831.0,2,5832.0,1,5833.0,1,5834.0,1,5824.0
SR503,,13:40:56.250#,5827.0,5834.0,5803.0,6188.0,5486.0,441,4896,5814.0,2,5815.0,3,5818.0,1,5823.0,1,5825.0,2,5827.0,31,5831.0,2,5832.0,1,5833.0,1,5834.0,1,5824.0
SR503,,13:40:57.250#,5827.0,5834.0,5803.0,6188.0,5486.0,441,4896,5814.0,2,5815.0,3,5818.0,1,5823.0,1,5825.0,3,5827.0,31,5831.0,2,5832.0,1,5833.0,1,5834.0,1,5824.0
SR503,,13:40:58.250#,5827.0,5834.0,5803.0,6188.0,5486.0,441,4896,5814.0,2,5815.0,3,5818.0,1,5823.0,1,5825.0,4,5827.0,31,5831.0,2,5832.0,1,5833.0,1,5834.0,1,5824.0
SR503,,13:40:58.500#,5827.0,5834.0,5803.0,6188.0,5486.0,441,4896,5813.0,6,5814.0,2,5815.0,3,5818.0,1,5825.0,4,5827.0,29,5831.0,2,5832.0,1,5833.0,1,5834.0,1,5824.0
SR503,,13:40:58.750#,5827.0,5834.0,5803.0,6188.0,5486.0,441,4896,5814.0,2,5815.0,3,5818.0,1,5824.0,1,5825.0,4,5827.0,29,5829.0,1,5831.0,2,5832.0,1,5833.0,1,5824.0
SR503,,13:41:02.750#,5827.0,5834.0,5803.0,6188.0,5486.0,441,4896,5813.0,6,5814.0,2,5815.0,3,5818.0,1,5824.0,5,5826.0,3,5829.0,1,5831.0,2,5832.0,1,5833.0,1,5824.0
SR503,,13:41:03.0#,5827.0,5834.0,5803.0,6188.0,5486.0,441,4896,5813.0,6,5814.0,2,5815.0,3,5818.0,1,5824.0,4,5826.0,15,5831.0,2,5832.0,1,5833.0,1,5834.0,1,5824.0
SR503,,13:41:03.250#,5827.0,5834.0,5803.0,6188.0,5486.0,441,4896,5814.0,2,5815.0,3,5818.0,1,5823.0,1,5824.0,4,5826.0,16,5828.0,1,5831.0,2,5832.0,1,5833.0,1,5824.0
SR503,,13:41:05.0#,5827.0,5834.0,5803.0,6188.0,5486.0,441,4896,5814.0,2,5815.0,3,5818.0,1,5823.0,1,5824.0,4,5826.0,17,5828.0,1,5831.0,2,5832.0,1,5833.0,1,5824.0
SR503,,13:41:05.250#,5827.0,5834.0,5803.0,6188.0,5486.0,441,4896,5814.0,2,5815.0,3,5818.0,1,5823.0,1,5824.0,4,5826.0,29,5828.0,1,5831.0,2,5832.0,1,5833.0,1,5824.0
SR503,,13:41:06.250#,5827.0,5834.0,5803.0,6188.0,5486.0,441,4896,5814.0,2,5815.0,3,5818.0,1,5823.0,1,5825.0,2,5826.0,29,5828.0,1,5831.0,2,5832.0,1,5833.0,1,5824.0
SR503,,13:42:03.0#,5827.0,5834.0,5803.0,6188.0,5486.0,442,4897,5813.0,6,5814.0,2,5815.0,3,5818.0,1,5825.0,3,5826.0,29,5828.0,1,5831.0,2,5832.0,1,5833.0,1,5825.0
SR503,,13:42:03.250#,5827.0,5834.0,5803.0,6188.0,5486.0,442,4897,5814.0,2,5815.0,3,5818.0,1,5823.0,1,5825.0,3,5826.0,29,5831.0,2,5832.0,1,5833.0,1,5834.0,1,5825.0
SR503,,13:42:03.500#,5827.0,5834.0,5803.0,6188.0,5486.0,442,4897,5814.0,2,5815.0,3,5818.0,1,5823.0,1,5825.0,3,5826.0,29,5827.0,1,5831.0,2,5832.0,1,5833.0,1,5825.0
SR503,,13:42:04.0#,5827.0,5834.0,5803.0,6188.0,5486.0,442,4897,5814.0,2,5815.0,3,5818.0,1,5823.0,1,5825.0,3,5826.0,29,5828.0,1,5831.0,2,5832.0,1,5833.0,1,5825.0
SR503,,13:42:33.0#,5827.0,5834.0,5803.0,6188.0,5486.0,442,4897,5814.0,2,5815.0,3,5818.0,1,5823.0,1,5825.0,3,5826.0,16,5828.0,1,5831.0,2,5832.0,1,5833.0,1,5825.0
SR503,,13:42:33.250#,5827.0,5834.0,5803.0,6188.0,5486.0,442,4897,5814.0,2,5815.0,3,5818.0,1,5823.0,1,5825.0,3,5827.0,29,5828.0,1,5831.0,2,5832.0,1,5833.0,1,5825.0
SR503,,13:42:34.0#,5827.0,5834.0,5803.0,6188.0,5486.0,442,4897,5814.0,2,5815.0,3,5818.0,1,5823.0,1,5826.0,3,5827.0,29,5831.0,2,5832.0,1,5833.0,1,5834.0,1,5825.0
SR503,,13:42:34.250#,5827.0,5834.0,5803.0,6188.0,5486.0,442,4897,5813.0,6,5814.0,2,5815.0,3,5818.0,1,5826.0,3,5827.0,29,5829.0,1,5831.0,2,5832.0,1,5833.0,1,5825.0
SR503,,13:42:34.500#,5827.0,5834.0,5803.0,6188.0,5486.0,442,4897,5814.0,2,5815.0,3,5818.0,1,5825.0,1,5826.0,3,5827.0,29,5829.0,1,5831.0,2,5832.0,1,5833.0,1,5825.0
SR503,,13:42:40.250#,5827.0,5834.0,5803.0,6188.0,5486.0,442,4897,5814.0,2,5815.0,3,5818.0,1,5825.0,1,5826.0,2,5827.0,29,5829.0,1,5831.0,2,5832.0,1,5833.0,1,5825.0
SR503,,13:42:40.500#,5827.0,5834.0,5803.0,6188.0,5486.0,442,4897,5814.0,2,5815.0,3,5818.0,1,5825.0,1,5826.0,3,5827.0,29,5829.0,1,5831.0,2,5832.0,1,5833.0,1,5825.0
SR503,,13:44:03.0#,5827.0,5834.0,5803.0,6188.0,5486.0,442,4897,5814.0,2,5815.0,3,5818.0,1,5825.0,1,5826.0,3,5827.0,29,5829.0,1,5831.0,2,5832.0,1,5833.0,1,5825.0
SR503,,13:44:12.500#,5827.0,5834.0,5803.0,6188.0,5486.0,442,4897,5813.0,6,5814.0,2,5815.0,3,5818.0,1,5826.0,3,5827.0,29,5829.0,1,5831.0,2,5832.0,1,5833.0,1,5825.0
SR503,,13:44:12.750#,5827.0,5834.0,5803.0,6188.0,5486.0,442,4897,5814.0,2,5815.0,3,5818.0,1,5823.0,1,5826.0,3,5827.0,29,5831.0,2,5832.0,1,5833.0,1,5834.0,1,5825.0
SR503,,13:44:13.0#,5827.0,5834.0,5803.0,6188.0,5486.0,442,4897,5813.0,6,5814.0,2,5815.0,3,5818.0,1,5826.0,3,5827.0,29,5829.0,1,5831.0,2,5832.0,1,5833.0,1,5825.0
SR503,,13:44:13.250#,5827.0,5834.0,5803.0,6188.0,5486.0,442,4897,5814.0,2,5815.0,3,5818.0,1,5824.0,1,5826.0,3,5827.0,29,5829.0,1,5831.0,2,5832.0,1,5833.0,1,5825.0
SR503,,13:44:15.250#,5827.0,5834.0,5803.0,6188.0,5486.0,443,4896,5814.0,2,5815.0,3,5818.0,1,5824.0,1,5826.0,3,5827.0,28,5829.0,1,5831.0,2,5832.0,1,5833.0,1,5827.0
SR503,,13:44:27.0#,5827.0,5834.0,5803.0,6188.0,5486.0,443,4896,5814.0,2,5815.0,3,5818.0,1,5824.0,1,5826.0,1,5827.0,28,5829.0,1,5831.0,2,5832.0,1,5833.0,1,5827.0
SR503,,13:44:27.500#,5827.0,5834.0,5803.0,6188.0,5486.0,443,4896,5814.0,2,5815.0,3,5818.0,1,5824.0,1,5826.0,3,5827.0,28,5829.0,1,5831.0,2,5832.0,1,5833.0,1,5827.0
SR503,,13:44:27.750#,5827.0,5834.0,5803.0,6188.0,5486.0,443,4896,5814.0,2,5815.0,3,5818.0,1,5824.0,1,5826.0,2,5827.0,28,5829.0,1,5831.0,2,5832.0,1,5833.0,1,5827.0
SR503,,13:44:28.250#,5827.0,5834.0,5803.0,6188.0,5486.0,443,4896,5814.0,2,5815.0,3,5818.0,1,5824.0,1,5826.0,3,5827.0,28,5829.0,1,5831.0,2,5832.0,1,5833.0,1,5827.0
SR503,,13:44:28.500#,5827.0,5834.0,5803.0,6188.0,5486.0,446,4896,5813.0,6,5814.0,2,5815.0,3,5818.0,1,5824.0,1,5826.0,20,5829.0,1,5831.0,2,5832.0,1,5833.0,1,5826.0
SR503,,13:44:29.0#,5827.0,5834.0,5803.0,6188.0,5486.0,446,4896,5813.0,6,5814.0,2,5815.0,3,5818.0,1,5824.0,1,5826.0,20,5828.0,1,5831.0,2,5832.0,1,5833.0,1,5826.0
SR503,,13:44:30.0#,5827.0,5834.0,5803.0,6188.0,5486.0,446,4896,5813.0,6,5814.0,2,5815.0,3,5818.0,1,5824.0,1,5826.0,24,5828.0,1,5831.0,2,5832.0,1,5833.0,1,5826.0
SR503,,13:44:30.250#,5827.0,5834.0,5803.0,6188.0,5486.0,446,4896,5813.0,6,5814.0,2,5815.0,3,5818.0,1,5824.0,1,5826.0,25,5828.0,1,5831.0,2,5832.0,1,5833.0,1,5826.0
SR503,,13:44:35.750#,5827.0,5834.0,5803.0,6188.0,5486.0,446,4896,5813.0,6,5814.0,2,5815.0,3,5818.0,1,5824.0,1,5826.0,11,5828.0,1,5831.0,2,5832.0,1,5833.0,1,5826.0
SR503,,13:44:36.0#,5827.0,5834.0,5803.0,6188.0,5486.0,446,4896,5813.0,6,5814.0,2,5815.0,3,5818.0,1,5824.0,1,5827.0,25,5828.0,1,5831.0,2,5832.0,1,5833.0,1,5826.0
SR503,,13:44:36.750#,5827.0,5834.0,5803.0,6188.0,5486.0,446,4896,5813.0,6,5814.0,2,5815.0,3,5818.0,1,5824.0,1,5827.0,26,5828.0,1,5831.0,2,5832.0,1,5833.0,1,5826.0
SR503,,13:44:37.0#,5827.0,5834.0,5803.0,6188.0,5486.0,446,4896,5813.0,6,5814.0,2,5815.0,3,5818.0,1,5824.0,1,5826.0,14,5828.0,1,5831.0,2,5832.0,1,5833.0,1,5826.0
SR503,,13:44:38.250#,5827.0,5834.0,5803.0,6188.0,5486.0,446,4896,5813.0,6,5814.0,2,5815.0,3,5818.0,1,5823.0,2,5826.0,14,5828.0,1,5831.0,2,5832.0,1,5833.0,1,5826.0
SR503,,13:44:38.500#,5827.0,5834.0,5803.0,6188.0,5486.0,446,4896,5813.0,6,5814.0,2,5815.0,3,5818.0,1,5823.0,4,5826.0,14,5828.0,1,5831.0,2,5832.0,1,5833.0,1,5826.0
SR503,,13:44:39.250#,5827.0,5834.0,5803.0,6188.0,5486.0,446,4896,5813.0,6,5814.0,2,5815.0,3,5818.0,1,5823.0,4,5826.0,12,5828.0,1,5831.0,2,5832.0,1,5833.0,1,5826.0
SR503,,13:44:40.0#,5827.0,5834.0,5803.0,6188.0,5486.0,446,4896,5813.0,6,5814.0,2,5815.0,3,5818.0,1,5823.0,4,5826.0,25,5828.0,1,5831.0,2,5832.0,1,5833.0,1,5826.0
SR503,,13:44:50.250#,5827.0,5834.0,5803.0,6188.0,5486.0,447,4896,5813.0,6,5814.0,2,5815.0,3,5818.0,1,5823.0,3,5826.0,24,5828.0,1,5831.0,2,5832.0,1,5833.0,1,5826.0
SR503,,13:44:53.750#,5827.0,5834.0,5803.0,6188.0,5486.0,447,4896,5813.0,6,5814.0,2,5815.0,3,5818.0,1,5823.0,2,5826.0,24,5828.0,1,5831.0,2,5832.0,1,5833.0,1,5826.0
SR503,,13:44:54.0#,5827.0,5834.0,5803.0,6188.0,5486.0,447,4896,5814.0,2,5815.0,3,5818.0,1,5822.0,1,5823.0,1,5826.0,24,5831.0,2,5832.0,1,5833.0,1,5834.0,1,5826.0
SR503,,13:44:54.250#,5827.0,5834.0,5803.0,6188.0,5486.0,447,4896,5814.0,2,5815.0,3,5818.0,1,5822.0,1,5823.0,1,5826.0,25,5831.0,2,5832.0,1,5833.0,1,5834.0,1,5826.0
SR503,,13:44:55.750#,5827.0,5834.0,5803.0,6188.0,5486.0,447,4896,5814.0,2,5815.0,3,5818.0,1,5822.0,1,5823.0,1,5826.0,24,5831.0,2,5832.0,1,5833.0,1,5834.0,1,5826.0
SR503,,13:44:56.0#,5827.0,5834.0,5803.0,6188.0,5486.0,447,4896,5813.0,6,5814.0,2,5815.0,3,5818.0,1,5823.0,1,5826.0,24,5827.0,1,5831.0,2,5832.0,1,5833.0,1,5826.0
SR503,,13:44:56.250#,5827.0,5834.0,5803.0,6188.0,5486.0,447,4896,5813.0,6,5814.0,2,5815.0,3,5818.0,1,5823.0,2,5826.0,24,5827.0,1,5831.0,2,5832.0,1,5833.0,1,5826.0
SR503,,13:44:57.250#,5827.0,5834.0,5803.0,6188.0,5486.0,447,4896,5813.0,6,5814.0,2,5815.0,3,5818.0,1,5822.0,2,5826.0,24,5827.0,1,5831.0,2,5832.0,1,5833.0,1,5826.0
SR503,,13:44:57.500#,5827.0,5834.0,5803.0,6188.0,5486.0,447,4896,5813.0,6,5814.0,2,5815.0,3,5818.0,1,5822.0,3,5825.0,13,5827.0,1,5831.0,2,5832.0,1,5833.0,1,5826.0
SR503,,13:44:57.750#,5827.0,5834.0,5803.0,6188.0,5486.0,447,4896,5813.0,6,5814.0,2,5815.0,3,5818.0,1,5822.0,4,5825.0,17,5827.0,1,5831.0,2,5832.0,1,5833.0,1,5826.0
SR503,,13:44:58.0#,5827.0,5834.0,5803.0,6188.0,5486.0,447,4896,5813.0,6,5814.0,2,5815.0,3,5818.0,1,5822.0,4,5825.0,20,5827.0,1,5831.0,2,5832.0,1,5833.0,1,5826.0
SR503,,13:45:00.0#,5827.0,5834.0,5803.0,6188.0,5486.0,448,4896,5813.0,6,5814.0,2,5815.0,3,5818.0,1,5822.0,4,5825.0,19,5827.0,1,5831.0,2,5832.0,1,5833.0,1,5826.0
SR503,,13:45:01.500#,5827.0,5834.0,5803.0,6188.0,5486.0,448,4896,5814.0,2,5815.0,3,5818.0,1,5821.0,1,5822.0,3,5825.0,20,5831.0,2,5832.0,1,5833.0,1,5834.0,1,5826.0
SR503,,13:45:03.0#,5827.0,5834.0,5803.0,6188.0,5486.0,448,4896,5813.0,6,5814.0,2,5815.0,3,5818.0,1,5821.0,3,5824.0,23,5825.0,1,5830.0,2,5831.0,2,5832.0,1,5826.0
SR503,,13:45:03.250#,5827.0,5834.0,5803.0,6188.0,5486.0,448,4896,5813.0,6,5814.0,2,5815.0,3,5818.0,1,5821.0,2,5824.0,23,5825.0,1,5830.0,2,5831.0,2,5832.0,1,5826.0
SR503,,13:45:03.500#,5827.0,5834.0,5803.0,6188.0,5486.0,448,4896,5814.0,2,5815.0,3,5818.0,1,5820.0,1,5821.0,2,5824.0,23,5825.0,1,5830.0,2,5831.0,2,5832.0,1,5826.0
SR503,,13:45:05.250#,5827.0,5834.0,5803.0,6188.0,5486.0,448,4896,5814.0,2,5815.0,3,5818.0,1,5820.0,1,5821.0,1,5824.0,24,5825.0,1,5830.0,2,5831.0,2,5832.0,1,5826.0
SR503,,13:45:05.500#,5827.0,5834.0,5803.0,6188.0,5486.0,448,4896,5813.0,6,5814.0,2,5815.0,3,5818.0,1,5821.0,1,5823.0,1,5830.0,2,5831.0,2,5832.0,1,5833.0,1,5826.0
SR503,,13:45:05.750#,5827.0,5834.0,5803.0,6188.0,5486.0,448,4896,5814.0,2,5815.0,3,5818.0,1,5819.0,1,5821.0,1,5823.0,6,5824.0,1,5830.0,2,5831.0,2,5832.0,1,5826.0
SR503,,13:45:06.0#,5827.0,5834.0,5803.0,6188.0,5486.0,448,4896,5813.0,6,5814.0,2,5815.0,3,5818.0,1,5821.0,1,5824.0,25,5830.0,2,5831.0,2,5832.0,1,5833.0,1,5826.0
SR503,,13:45:06.500#,5827.0,5834.0,5803.0,6188.0,5486.0,448,4896,5814.0,2,5815.0,3,5818.0,1,5820.0,1,5821.0,2,5824.0,24,5830.0,2,5831.0,2,5832.0,1,5833.0,1,5826.0
SR503,,13:45:06.750#,5827.0,5834.0,5803.0,6188.0,5486.0,448,4896,5814.0,2,5815.0,3,5818.0,1,5820.0,1,5821.0,1,5824.0,25,5830.0,2,5831.0,2,5832.0,1,5833.0,1,5826.0
SR503,,13:45:07.0#,5827.0,5834.0,5803.0,6188.0,5486.0,448,4896,5814.0,2,5815.0,3,5818.0,1,5820.0,1,5821.0,1,5824.0,24,5830.0,2,5831.0,2,5832.0,1,5833.0,1,5826.0
SR503,,13:45:07.500#,5827.0,5834.0,5803.0,6188.0,5486.0,448,4896,5812.0,1,5813.0,6,5814.0,2,5815.0,3,5820.0,3,5823.0,13,5824.0,1,5830.0,2,5831.0,2,5832.0,1,5826.0
SR503,,13:45:07.750#,5827.0,5834.0,5803.0,6188.0,5486.0,448,4896,5812.0,1,5813.0,6,5814.0,2,5815.0,3,5820.0,4,5823.0,23,5824.0,1,5830.0,2,5831.0,2,5832.0,1,5826.0
SR503,,13:45:08.0#,5827.0,5834.0,5803.0,6188.0,5486.0,448,4896,5812.0,1,5813.0,6,5814.0,2,5815.0,3,5820.0,3,5823.0,23,5824.0,1,5830.0,2,5831.0,2,5832.0,1,5826.0
SR503,,13:45:08.250#,5827.0,5834.0,5803.0,6188.0,5486.0,448,4896,5813.0,6,5814.0,2,5815.0,3,5819.0,1,5820.0,3,5823.0,23,5824.0,1,5830.0,2,5831.0,2,5832.0,1,5826.0
SR503,,13:45:09.0#,5827.0,5834.0,5803.0,6188.0,5486.0,448,4896,5813.0,6,5814.0,2,5815.0,3,5819.0,1,5820.0,2,5823.0,23,5824.0,1,5830.0,2,5831.0,2,5832.0,1,5826.0
SR503,,13:45:09.500#,5827.0,5834.0,5803.0,6188.0,5486.0,448,4896,5813.0,6,5814.0,2,5815.0,3,5819.0,1,5820.0,2,5822.0,5,5824.0,1,5830.0,2,5831.0,2,5832.0,1,5826.0
SR503,,13:45:09.750#,5827.0,5834.0,5803.0,6188.0,5486.0,448,4896,5813.0,6,5814.0,2,5815.0,3,5819.0,1,5820.0,1,5823.0,23,5824.0,1,5830.0,2,5831.0,2,5832.0,1,5826.0
SR503,,13:45:10.0#,5827.0,5834.0,5803.0,6188.0,5486.0,448,4896,5813.0,6,5814.0,2,5815.0,3,5819.0,1,5820.0,1,5822.0,5,5824.0,1,5830.0,2,5831.0,2,5832.0,1,5826.0
SR503,,13:45:10.250#,5827.0,5834.0,5803.0,6188.0,5486.0,448,4896,5813.0,6,5814.0,2,5815.0,3,5819.0,1,5820.0,1,5823.0,23,5824.0,1,5830.0,2,5831.0,2,5832.0,1,5826.0
SR503,,13:45:10.500#,5827.0,5834.0,5803.0,6188.0,5486.0,448,4896,5812.0,1,5813.0,6,5814.0,2,5815.0,3,5819.0,4,5822.0,5,5824.0,1,5830.0,2,5831.0,2,5832.0,1,5826.0
SR503,,13:45:10.750#,5827.0,5834.0,5803.0,6188.0,5486.0,448,4896,5813.0,6,5814.0,2,5815.0,3,5819.0,1,5820.0,1,5823.0,23,5824.0,1,5830.0,2,5831.0,2,5832.0,1,5826.0
SR503,,13:45:11.0#,5827.0,5834.0,5803.0,6188.0,5486.0,448,4896,5813.0,6,5814.0,2,5815.0,3,5819.0,1,5820.0,1,5822.0,5,5824.0,1,5830.0,2,5831.0,2,5832.0,1,5826.0
SR503,,13:45:11.250#,5827.0,5834.0,5803.0,6188.0,5486.0,448,4896,5813.0,6,5814.0,2,5815.0,3,5819.0,1,5820.0,1,5823.0,23,5824.0,1,5830.0,2,5831.0,2,5832.0,1,5826.0
SR503,,13:45:11.500#,5827.0,5834.0,5803.0,6188.0,5486.0,448,4896,5812.0,1,5813.0,6,5814.0,2,5815.0,3,5819.0,4,5822.0,5,5824.0,1,5830.0,2,5831.0,2,5832.0,1,5826.0
SR503,,13:45:11.750#,5827.0,5834.0,5803.0,6188.0,5486.0,448,4896,5813.0,6,5814.0,2,5815.0,3,5819.0,1,5820.0,1,5823.0,23,5824.0,1,5830.0,2,5831.0,2,5832.0,1,5826.0
SR503,,13:45:12.0#,5827.0,5834.0,5803.0,6188.0,5486.0,448,4896,5813.0,6,5814.0,2,5815.0,3,5819.0,1,5820.0,1,5822.0,5,5824.0,1,5830.0,2,5831.0,2,5832.0,1,5826.0
SR503,,13:45:12.250#,5827.0,5834.0,5803.0,6188.0,5486.0,448,4896,5812.0,1,5813.0,6,5814.0,2,5815.0,3,5819.0,4,5823.0,23,5824.0,1,5830.0,2,5831.0,2,5832.0,1,5826.0
SR503,,13:45:12.500#,5827.0,5834.0,5803.0,6188.0,5486.0,448,4896,5813.0,6,5814.0,2,5815.0,3,5819.0,1,5820.0,1,5822.0,5,5824.0,1,5830.0,2,5831.0,2,5832.0,1,5826.0
SR503,,13:45:12.750#,5827.0,5834.0,5803.0,6188.0,5486.0,448,4896,5813.0,6,5814.0,2,5815.0,3,5819.0,1,5820.0,1,5823.0,23,5824.0,1,5830.0,2,5831.0,2,5832.0,1,5826.0
SR503,,13:45:14.250#,5827.0,5834.0,5803.0,6188.0,5486.0,448,4896,5813.0,6,5814.0,2,5815.0,2,5819.0,1,5820.0,1,5823.0,23,5824.0,1,5830.0,2,5831.0,2,5832.0,1,5826.0
SR503,,13:45:14.500#,5827.0,5834.0,5803.0,6188.0,5486.0,448,4896,5812.0,1,5813.0,6,5814.0,2,5815.0,2,5819.0,4,5823.0,23,5824.0,1,5830.0,2,5831.0,2,5832.0,1,5826.0
SR503,,13:45:20.0#,5827.0,5834.0,5803.0,6188.0,5486.0,448,4896,5812.0,1,5813.0,6,5814.0,2,5815.0,2,5819.0,4,5822.0,13,5824.0,1,5830.0,2,5831.0,2,5832.0,1,5826.0
SR503,,13:45:20.250#,5827.0,5834.0,5803.0,6188.0,5486.0,448,4896,5812.0,1,5813.0,6,5814.0,2,5815.0,2,5819.0,4,5822.0,21,5824.0,1,5830.0,2,5831.0,2,5832.0,1,5826.0
SR503,,13:45:20.500#,5827.0,5834.0,5803.0,6188.0,5486.0,448,4896,5812.0,1,5813.0,6,5814.0,2,5815.0,2,5819.0,3,5822.0,23,5830.0,2,5831.0,2,5832.0,1,5833.0,1,5826.0
SR503,,13:45:20.750#,5827.0,5834.0,5803.0,6188.0,5486.0,448,4896,5813.0,6,5814.0,1,5815.0,2,5818.0,1,5819.0,2,5822.0,23,5823.0,1,5830.0,2,5831.0,2,5832.0,1,5826.0
SR503,,13:45:21.250#,5827.0,5834.0,5803.0,6188.0,5486.0,448,4896,5813.0,6,5814.0,1,5815.0,2,5818.0,1,5819.0,2,5822.0,23,5823.0,1,5830.0,2,5831.0,2,5832.0,1,5826.0
SR503,,13:45:24.500#,5827.0,5834.0,5803.0,6188.0,5486.0,448,4896,5813.0,6,5814.0,1,5815.0,2,5818.0,1,5819.0,2,5822.0,23,5823.0,1,5830.0,2,5831.0,2,5832.0,1,5826.0
SR503,,13:45:34.750#,5827.0,5834.0,5803.0,6188.0,5486.0,448,4896,5813.0,6,5814.0,1,5815.0,1,5818.0,1,5819.0,2,5822.0,23,5823.0,1,5830.0,2,5831.0,2,5832.0,1,5826.0
SR503,,13:45:38.0#,5827.0,5834.0,5803.0,6188.0,5486.0,448,4896,5813.0,6,5814.0,1,5815.0,1,5817.0,1,5819.0,2,5822.0,23,5830.0,2,5831.0,2,5832.0,1,5833.0,1,5826.0
SR503,,13:45:38.250#,5827.0,5834.0,5803.0,6188.0,5486.0,448,4896,5813.0,6,5814.0,1,5815.0,1,5817.0,1,5819.0,2,5822.0,24,5830.0,2,5831.0,2,5832.0,1,5833.0,1,5826.0
SR503,,13:45:38.750#,5827.0,5834.0,5803.0,6188.0,5486.0,448,4896,5813.0,6,5814.0,1,5815.0,1,5817.0,1,5819.0,2,5822.0,24,5830.0,2,5831.0,2,5832.0,1,5833.0,1,5826.0
SR503,,13:45:39.0#,5827.0,5834.0,5803.0,6188.0,5486.0,448,4896,5813.0,6,5814.0,1,5815.0,1,5817.0,1,5819.0,1,5821.0,17,5822.0,1,5830.0,2,5831.0,2,5832.0,1,5826.0
SR503,,13:45:39.250#,5827.0,5834.0,5803.0,6188.0,5486.0,448,4896,5813.0,6,5814.0,1,5815.0,1,5817.0,1,5819.0,1,5821.0,9,5822.0,1,5827.0,1,5830.0,2,5831.0,2,5826.0
SR503,,13:45:40.0#,5827.0,5834.0,5803.0,6188.0,5486.0,448,4896,5813.0,6,5814.0,1,5815.0,1,5817.0,1,5819.0,2,5822.0,24,5827.0,1,5830.0,2,5831.0,2,5832.0,1,5826.0
SR503,,13:45:55.250#,5827.0,5834.0,5803.0,6188.0,5486.0,448,4896,5813.0,6,5814.0,1,5815.0,1,5817.0,1,5819.0,1,5822.0,25,5827.0,1,5830.0,2,5831.0,2,5832.0,1,5826.0
SR503,,13:45:55.500#,5827.0,5834.0,5803.0,6188.0,5486.0,448,4896,5812.0,1,5813.0,6,5814.0,1,5815.0,1,5819.0,1,5821.0,18,5822.0,1,5827.0,1,5830.0,2,5831.0,2,5826.0
SR503,,13:45:55.750#,5827.0,5834.0,5803.0,6188.0,5486.0,448,4896,5813.0,6,5814.0,1,5815.0,1,5817.0,1,5819.0,1,5821.0,19,5827.0,1,5830.0,2,5831.0,2,5832.0,1,5826.0
SR503,,13:45:56.0#,5827.0,5834.0,5803.0,6188.0,5486.0,448,4896,5813.0,6,5814.0,1,5815.0,1,5817.0,1,5819.0,1,5821.0,20,5827.0,1,5830.0,2,5831.0,2,5832.0,1,5826.0
SR503,,13:45:56.750#,5827.0,5834.0,5803.0,6188.0,5486.0,448,4896,5813.0,6,5814.0,1,5815.0,1,5817.0,1,5818.0,1,5821.0,24,5827.0,1,5830.0,2,5831.0,2,5832.0,1,5826.0
SR503,,13:45:57.500#,5827.0,5834.0,5803.0,6188.0,5486.0,448,4896,5813.0,6,5814.0,1,5815.0,1,5817.0,1,5818.0,10,5821.0,24,5827.0,1,5830.0,2,5831.0,2,5832.0,1,5826.0
SR503,,13:45:58.250#,5827.0,5834.0,5803.0,6188.0,5486.0,448,4896,5813.0,6,5814.0,1,5815.0,1,5817.0,1,5819.0,12,5821.0,24,5827.0,1,5830.0,2,5831.0,2,5832.0,1,5826.0
SR503,,13:45:59.250#,5827.0,5834.0,5803.0,6188.0,5486.0,448,4896,5813.0,6,5814.0,1,5815.0,1,5817.0,1,5819.0,7,5821.0,24,5827.0,1,5830.0,2,5831.0,2,5832.0,1,5826.0
SR503,,13:45:59.500#,5827.0,5834.0,5803.0,6188.0,5486.0,448,4896,5813.0,6,5814.0,1,5815.0,1,5817.0,1,5818.0,27,5821.0,24,5827.0,1,5830.0,2,5831.0,2,5832.0,1,5826.0
SR503,,13:45:59.750#,5827.0,5834.0,5803.0,6188.0,5486.0,448,4896,5813.0,6,5814.0,1,5815.0,1,5817.0,1,5818.0,25,5820.0,1,5821.0,1,5827.0,1,5830.0,2,5831.0,2,5826.0
SR503,,13:46:00.250#,5827.0,5834.0,5803.0,6188.0,5486.0,448,4896,5813.0,6,5814.0,1,5815.0,1,5816.0,1,5818.0,25,5820.0,1,5821.0,1,5827.0,1,5830.0,2,5831.0,2,5826.0
SR503,,13:46:00.500#,5827.0,5834.0,5803.0,6188.0,5486.0,448,4896,5812.0,1,5813.0,6,5814.0,1,5815.0,1,5818.0,25,5821.0,24,5827.0,1,5830.0,2,5831.0,2,5832.0,1,5826.0
SR503,,13:46:00.750#,5827.0,5834.0,5803.0,6188.0,5486.0,448,4896,5813.0,6,5814.0,1,5815.0,1,5817.0,1,5818.0,32,5821.0,24,5827.0,1,5830.0,2,5831.0,2,5832.0,1,5826.0
SR503,,13:46:01.0#,5827.0,5834.0,5803.0,6188.0,5486.0,448,4896,5813.0,6,5814.0,1,5815.0,1,5817.0,1,5818.0,32,5820.0,8,5821.0,1,5827.0,1,5830.0,2,5831.0,2,5826.0
SR503,,13:46:01.250#,5827.0,5834.0,5803.0,6188.0,5486.0,448,4896,5813.0,6,5814.0,1,5815.0,1,5817.0,1,5818.0,29,5821.0,25,5827.0,1,5830.0,2,5831.0,2,5832.0,1,5826.0
SR503,,13:46:01.500#,5827.0,5834.0,5803.0,6188.0,5486.0,448,4896,5812.0,1,5813.0,6,5814.0,1,5815.0,1,5818.0,24,5820.0,1,5821.0,1,5827.0,1,5830.0,2,5831.0,2,5826.0
SR503,,13:46:01.750#,5827.0,5834.0,5803.0,6188.0,5486.0,448,4896,5813.0,6,5814.0,1,5815.0,1,5816.0,1,5818.0,24,5820.0,4,5821.0,1,5827.0,1,5830.0,2,5831.0,2,5826.0
SR503,,13:46:02.750#,5827.0,5834.0,5803.0,6188.0,5486.0,448,4896,5813.0,6,5814.0,1,5815.0,1,5816.0,1,5818.0,24,5820.0,5,5821.0,1,5827.0,1,5830.0,2,5831.0,2,5826.0
SR503,,13:46:03.0#,5827.0,5834.0,5803.0,6188.0,5486.0,448,4896,5813.0,6,5814.0,1,5815.0,1,5816.0,1,5818.0,24,5820.0,10,5821.0,1,5827.0,1,5830.0,2,5831.0,2,5826.0
SR503,,13:46:03.250#,5827.0,5834.0,5803.0,6188.0,5486.0,448,4896,5813.0,6,5814.0,1,5815.0,1,5816.0,1,5818.0,24,5820.0,11,5821.0,1,5827.0,1,5830.0,2,5831.0,2,5826.0
SR503,,13:46:09.500#,5827.0,5834.0,5803.0,6188.0,5486.0,448,4896,5813.0,6,5814.0,1,5815.0,1,5816.0,1,5818.0,23,5820.0,11,5821.0,1,5827.0,1,5830.0,2,5831.0,2,5826.0
SR503,,13:46:09.750#,5827.0,5834.0,5803.0,6188.0,5486.0,448,4896,5813.0,6,5814.0,1,5815.0,1,5816.0,1,5818.0,19,5820.0,11,5821.0,1,5827.0,1,5830.0,2,5831.0,2,5826.0
SR503,,13:46:10.0#,5827.0,5834.0,5803.0,6188.0,5486.0,448,4896,5813.0,6,5814.0,1,5815.0,1,5816.0,1,5818.0,21,5820.0,12,5821.0,1,5827.0,1,5830.0,2,5831.0,2,5826.0
SR503,,13:46:10.250#,5827.0,5834.0,5803.0,6188.0,5486.0,448,4896,5813.0,6,5814.0,1,5815.0,1,5816.0,1,5818.0,20,5820.0,11,5821.0,1,5827.0,1,5830.0,2,5831.0,2,5826.0
SR503,,13:46:10.500#,5827.0,5834.0,5803.0,6188.0,5486.0,448,4896,5813.0,6,5814.0,1,5815.0,1,5816.0,1,5818.0,20,5820.0,15,5821.0,1,5827.0,1,5830.0,2,5831.0,2,5826.0
SR503,,13:46:11.750#,5827.0,5834.0,5803.0,6188.0,5486.0,448,4896,5813.0,6,5814.0,1,5815.0,1,5816.0,1,5818.0,19,5820.0,15,5821.0,1,5827.0,1,5830.0,2,5831.0,2,5826.0
SR503,,13:46:12.0#,5827.0,5834.0,5803.0,6188.0,5486.0,448,4896,5813.0,6,5814.0,1,5815.0,1,5816.0,1,5818.0,24,5820.0,15,5821.0,1,5827.0,1,5830.0,2,5831.0,2,5826.0
SR503,,13:46:13.250#,5827.0,5834.0,5803.0,6188.0,5486.0,448,4896,5813.0,6,5814.0,1,5815.0,1,5816.0,1,5818.0,23,5820.0,15,5821.0,1,5827.0,1,5830.0,2,5831.0,2,5826.0
SR503,,13:46:13.500#,5827.0,5834.0,5803.0,6188.0,5486.0,448,4896,5813.0,6,5814.0,1,5815.0,1,5816.0,1,5818.0,23,5820.0,16,5821.0,1,5827.0,1,5830.0,2,5831.0,2,5826.0
SR503,,13:46:16.0#,5827.0,5834.0,5803.0,6188.0,5486.0,448,4896,5813.0,6,5814.0,1,5815.0,1,5816.0,1,5818.0,23,5820.0,12,5821.0,1,5827.0,1,5830.0,2,5831.0,2,5826.0
SR503,,13:46:16.500#,5827.0,5834.0,5803.0,6188.0,5486.0,448,4896,5813.0,6,5814.0,1,5815.0,1,5816.0,1,5818.0,24,5820.0,12,5821.0,1,5827.0,1,5830.0,2,5831.0,2,5826.0
SR503,,13:46:18.750#,5827.0,5834.0,5803.0,6188.0,5486.0,448,4896,5813.0,6,5814.0,1,5815.0,1,5816.0,1,5818.0,24,5820.0,7,5821.0,1,5827.0,1,5830.0,2,5831.0,2,5826.0
SR503,,13:46:19.0#,5827.0,5834.0,5803.0,6188.0,5486.0,448,4896,5812.0,1,5813.0,6,5814.0,1,5815.0,1,5818.0,26,5821.0,24,5827.0,1,5830.0,2,5831.0,2,5832.0,1,5826.0
SR503,,13:46:19.250#,5827.0,5834.0,5803.0,6188.0,5486.0,448,4896,5813.0,6,5814.0,1,5815.0,1,5817.0,1,5818.0,26,5820.0,1,5821.0,1,5827.0,1,5830.0,2,5831.0,2,5826.0
SR503,,13:46:19.500#,5827.0,5834.0,5803.0,6188.0,5486.0,448,4896,5813.0,6,5814.0,1,5815.0,1,5817.0,1,5818.0,26,5821.0,24,5827.0,1,5830.0,2,5831.0,2,5832.0,1,5826.0
SR503,,13:46:19.750#,5827.0,5834.0,5803.0,6188.0,5486.0,448,4896,5813.0,6,5814.0,1,5815.0,1,5817.0,1,5818.0,27,5821.0,24,5827.0,1,5830.0,2,5831.0,2,5832.0,1,5826.0
SR503,,13:46:22.0#,5827.0,5834.0,5803.0,6188.0,5486.0,448,4896,5813.0,6,5814.0,1,5815.0,1,5817.0,1,5818.0,28,5821.0,24,5827.0,1,5830.0,2,5831.0,2,5832.0,1,5826.0
SR503,,13:46:22.500#,5827.0,5834.0,5803.0,6188.0,5486.0,448,4896,5813.0,6,5814.0,1,5815.0,1,5817.0,1,5818.0,28,5821.0,25,5827.0,1,5830.0,2,5831.0,2,5832.0,1,5826.0
SR503,,13:46:24.0#,5827.0,5834.0,5803.0,6188.0,5486.0,448,4896,5813.0,6,5814.0,1,5815.0,1,5817.0,1,5818.0,29,5821.0,24,5827.0,1,5830.0,2,5831.0,2,5832.0,1,5826.0
SR503,,13:46:26.0#,5827.0,5834.0,5803.0,6188.0,5486.0,448,4896,5813.0,6,5814.0,1,5815.0,1,5817.0,1,5819.0,3,5821.0,24,5827.0,1,5830.0,2,5831.0,2,5832.0,1,5826.0
SR503,,13:46:26.250#,5827.0,5834.0,5803.0,6188.0,5486.0,448,4896,5813.0,6,5814.0,1,5815.0,1,5817.0,1,5818.0,29,5821.0,24,5827.0,1,5830.0,2,5831.0,2,5832.0,1,5826.0
SR503,,13:46:27.250#,5827.0,5834.0,5803.0,6188.0,5486.0,448,4896,5813.0,6,5814.0,1,5815.0,1,5817.0,1,5818.0,29,5821.0,25,5827.0,1,5830.0,2,5831.0,2,5832.0,1,5826.0
SR503,,13:46:27.500#,5827.0,5834.0,5803.0,6188.0,5486.0,448,4896,5813.0,6,5814.0,1,5815.0,1,5817.0,1,5818.0,29,5821.0,24,5827.0,1,5830.0,2,5831.0,2,5832.0,1,5826.0
SR503,,13:46:28.0#,5827.0,5834.0,5803.0,6188.0,5486.0,448,4896,5813.0,6,5814.0,1,5815.0,1,5817.0,1,5818.0,31,5821.0,24,5827.0,1,5830.0,2,5831.0,2,5832.0,1,5826.0
SR503,,13:46:31.250#,5827.0,5834.0,5803.0,6188.0,5486.0,448,4896,5813.0,6,5814.0,1,5815.0,1,5817.0,1,5819.0,5,5821.0,24,5827.0,1,5830.0,2,5831.0,2,5832.0,1,5826.0
SR503,,13:46:36.0#,5827.0,5834.0,5803.0,6188.0,5486.0,448,4896,5813.0,6,5814.0,1,5815.0,1,5817.0,1,5819.0,6,5821.0,24,5827.0,1,5830.0,2,5831.0,2,5832.0,1,5826.0
SR503,,13:46:37.0#,5827.0,5834.0,5803.0,6188.0,5486.0,448,4896,5813.0,6,5814.0,1,5815.0,1,5817.0,1,5819.0,11,5821.0,24,5827.0,1,5830.0,2,5831.0,2,5832.0,1,5826.0
SR503,,13:46:37.250#,5827.0,5834.0,5803.0,6188.0,5486.0,448,4896,5813.0,6,5814.0,1,5815.0,1,5817.0,1,5819.0,12,5821.0,20,5827.0,1,5830.0,2,5831.0,2,5832.0,1,5826.0
SR503,,13:46:37.500#,5827.0,5834.0,5803.0,6188.0,5486.0,448,4896,5812.0,1,5813.0,6,5814.0,1,5815.0,1,5819.0,16,5821.0,20,5823.0,1,5827.0,1,5830.0,2,5831.0,2,5826.0
SR503,,13:46:37.750#,5827.0,5834.0,5803.0,6188.0,5486.0,448,4896,5813.0,6,5814.0,1,5815.0,1,5818.0,1,5819.0,16,5821.0,19,5823.0,1,5827.0,1,5830.0,2,5831.0,2,5826.0
SR503,,13:46:38.250#,5827.0,5834.0,5803.0,6188.0,5486.0,448,4896,5813.0,6,5814.0,1,5815.0,1,5818.0,1,5819.0,11,5821.0,19,5823.0,1,5827.0,1,5830.0,2,5831.0,2,5826.0
SR503,,13:46:38.500#,5827.0,5834.0,5803.0,6188.0,5486.0,448,4896,5812.0,1,5813.0,6,5814.0,1,5815.0,1,5819.0,11,5821.0,19,5827.0,1,5830.0,2,5831.0,2,5832.0,1,5826.0
SR503,,13:46:38.750#,5827.0,5834.0,5803.0,6188.0,5486.0,448,4896,5813.0,6,5814.0,1,5815.0,1,5817.0,1,5819.0,11,5821.0,19,5822.0,1,5827.0,1,5830.0,2,5831.0,2,5826.0
SR503,,13:46:39.500#,5827.0,5834.0,5803.0,6188.0,5486.0,448,4896,5813.0,6,5814.0,1,5815.0,1,5817.0,1,5819.0,16,5821.0,19,5822.0,1,5827.0,1,5830.0,2,5831.0,2,5826.0
SR503,,13:46:39.750#,5827.0,5834.0,5803.0,6188.0,5486.0,448,4896,5812.0,1,5813.0,6,5814.0,1,5815.0,1,5819.0,16,5821.0,19,5822.0,1,5827.0,1,5830.0,2,5831.0,2,5826.0
SR503,,13:46:40.250#,5827.0,5834.0,5803.0,6188.0,5486.0,448,4896,5813.0,6,5814.0,1,5815.0,1,5818.0,1,5819.0,16,5821.0,17,5822.0,1,5827.0,1,5830.0,2,5831.0,2,5826.0
SR503,,13:46:40.750#,5827.0,5834.0,5803.0,6188.0,5486.0,448,4896,5813.0,6,5814.0,1,5815.0,1,5818.0,1,5819.0,16,5821.0,15,5822.0,1,5827.0,1,5830.0,2,5831.0,2,5826.0
SR503,,13:46:41.500#,5827.0,5834.0,5803.0,6188.0,5486.0,448,4896,5813.0,6,5814.0,1,5815.0,1,5818.0,1,5819.0,16,5821.0,14,5822.0,1,5827.0,1,5830.0,2,5831.0,2,5826.0
SR503,,13:46:44.750#,5827.0,5834.0,5803.0,6188.0,5486.0,448,4896,5813.0,6,5814.0,1,5815.0,1,5818.0,1,5819.0,16,5821.0,11,5822.0,1,5827.0,1,5830.0,2,5831.0,2,5826.0
SR503,,13:46:45.0#,5827.0,5834.0,5803.0,6188.0,5486.0,448,4896,5813.0,6,5814.0,1,5815.0,1,5818.0,1,5819.0,17,5821.0,9,5822.0,1,5827.0,1,5830.0,2,5831.0,2,5826.0
SR503,,13:46:46.250#,5827.0,5834.0,5803.0,6188.0,5486.0,448,4896,5813.0,6,5814.0,1,5815.0,1,5818.0,1,5819.0,17,5821.0,8,5822.0,1,5827.0,1,5830.0,2,5831.0,2,5826.0
SR503,,13:46:48.0#,5827.0,5834.0,5803.0,6188.0,5486.0,448,4896,5813.0,6,5814.0,1,5815.0,1,5818.0,1,5819.0,17,5821.0,7,5822.0,1,5827.0,1,5830.0,2,5831.0,2,5826.0
SR503,,13:46:48.500#,5827.0,5834.0,5803.0,6188.0,5486.0,448,4896,5813.0,6,5814.0,1,5815.0,1,5818.0,1,5819.0,17,5821.0,18,5822.0,1,5827.0,1,5830.0,2,5831.0,2,5826.0
SR503,,13:46:48.750#,5827.0,5834.0,5803.0,6188.0,5486.0,448,4896,5813.0,6,5814.0,1,5815.0,1,5818.0,1,5819.0,17,5821.0,17,5822.0,1,5827.0,1,5830.0,2,5831.0,2,5826.0
SR503,,13:46:52.250#,5827.0,5834.0,5803.0,6188.0,5486.0,448,4896,5813.0,6,5814.0,1,5815.0,1,5818.0,1,5819.0,17,5821.0,9,5822.0,1,5827.0,1,5830.0,2,5831.0,2,5826.0
SR503,,13:46:52.500#,5827.0,5834.0,5803.0,6188.0,5486.0,448,4896,5813.0,6,5814.0,1,5815.0,1,5818.0,1,5819.0,24,5821.0,9,5822.0,1,5827.0,1,5830.0,2,5831.0,2,5826.0
SR503,,13:46:53.250#,5827.0,5834.0,5803.0,6188.0,5486.0,448,4896,5813.0,6,5814.0,1,5815.0,1,5818.0,1,5819.0,24,5821.0,8,5822.0,1,5827.0,1,5830.0,2,5831.0,2,5826.0
SR503,,13:46:54.500#,5827.0,5834.0,5803.0,6188.0,5486.0,448,4896,5813.0,6,5814.0,1,5815.0,1,5818.0,1,5819.0,23,5821.0,8,5822.0,1,5827.0,1,5830.0,2,5831.0,2,5826.0
SR503,,13:46:57.750#,5827.0,5834.0,5803.0,6188.0,5486.0,448,4896,5813.0,6,5814.0,1,5815.0,1,5818.0,1,5819.0,23,5821.0,5,5822.0,1,5827.0,1,5830.0,2,5831.0,2,5826.0
SR503,,13:46:58.0#,5827.0,5834.0,5803.0,6188.0,5486.0,448,4896,5813.0,6,5814.0,1,5815.0,1,5818.0,1,5819.0,23,5821.0,11,5822.0,1,5827.0,1,5830.0,2,5831.0,2,5826.0
SR503,,13:46:59.250#,5827.0,5834.0,5803.0,6188.0,5486.0,448,4896,5813.0,6,5814.0,1,5815.0,1,5818.0,1,5819.0,24,5821.0,10,5822.0,1,5827.0,1,5830.0,2,5831.0,2,5826.0
SR503,,13:47:03.250#,5827.0,5834.0,5803.0,6188.0,5486.0,448,4896,5813.0,6,5814.0,1,5815.0,1,5818.0,1,5819.0,24,5821.0,7,5822.0,1,5827.0,1,5830.0,2,5831.0,2,5826.0
SR503,,13:47:03.750#,5827.0,5834.0,5803.0,6188.0,5486.0,448,4896,5813.0,6,5814.0,1,5815.0,1,5818.0,1,5819.0,24,5821.0,5,5822.0,1,5827.0,1,5830.0,2,5831.0,2,5826.0
SR503,,13:47:04.0#,5827.0,5834.0,5803.0,6188.0,5486.0,448,4896,5813.0,6,5814.0,1,5815.0,1,5818.0,1,5820.0,6,5822.0,24,5827.0,1,5830.0,2,5831.0,2,5832.0,1,5826.0
SR503,,13:47:04.250#,5827.0,5834.0,5803.0,6188.0,5486.0,448,4896,5813.0,6,5814.0,1,5815.0,1,5818.0,1,5820.0,5,5822.0,24,5827.0,1,5830.0,2,5831.0,2,5832.0,1,5826.0
SR503,,13:47:08.0#,5827.0,5834.0,5803.0,6188.0,5486.0,448,4896,5813.0,6,5814.0,1,5815.0,1,5818.0,1,5820.0,5,5822.0,25,5827.0,1,5830.0,2,5831.0,2,5832.0,1,5826.0
SR503,,13:47:09.750#,5827.0,5834.0,5803.0,6188.0,5486.0,448,4896,5813.0,6,5814.0,1,5815.0,1,5818.0,1,5820.0,5,5822.0,24,5827.0,1,5830.0,2,5831.0,2,5832.0,1,5826.0
SR503,,13:47:10.0#,5827.0,5834.0,5803.0,6188.0,5486.0,448,4896,5813.0,6,5814.0,1,5815.0,1,5818.0,1,5820.0,5,5822.0,25,5827.0,1,5830.0,2,5831.0,2,5832.0,1,5826.0
SR503,,13:47:13.0#,5827.0,5834.0,5803.0,6188.0,5486.0,448,4896,5813.0,6,5814.0,1,5815.0,1,5818.0,1,5820.0,4,5822.0,25,5827.0,1,5830.0,2,5831.0,2,5832.0,1,5826.0
SR503,,13:47:14.250#,5827.0,5834.0,5803.0,6188.0,5486.0,448,4896,5813.0,6,5814.0,1,5815.0,1,5818.0,1,5820.0,13,5822.0,25,5827.0,1,5830.0,2,5831.0,2,5832.0,1,5826.0
SR503,,13:47:14.500#,5827.0,5834.0,5803.0,6188.0,5486.0,448,4896,5813.0,6,5814.0,1,5815.0,1,5818.0,1,5820.0,26,5822.0,25,5827.0,1,5830.0,2,5831.0,2,5832.0,1,5826.0
SR503,,13:47:14.750#,5827.0,5834.0,5803.0,6188.0,5486.0,448,4896,5813.0,6,5814.0,1,5815.0,1,5818.0,1,5820.0,31,5822.0,25,5827.0,1,5830.0,2,5831.0,2,5832.0,1,5826.0
SR503,,13:47:15.0#,5827.0,5834.0,5803.0,6188.0,5486.0,448,4896,5813.0,6,5814.0,1,5815.0,1,5818.0,1,5820.0,31,5822.0,1,5827.0,1,5830.0,2,5831.0,2,5832.0,1,5826.0
SR503,,13:47:15.250#,5827.0,5834.0,5803.0,6188.0,5486.0,448,4896,5812.0,1,5813.0,6,5814.0,1,5815.0,1,5820.0,42,5823.0,24,5827.0,1,5830.0,2,5831.0,2,5832.0,1,5826.0
SR503,,13:47:15.500#,5827.0,5834.0,5803.0,6188.0,5486.0,448,4896,5813.0,6,5814.0,1,5815.0,1,5819.0,1,5820.0,42,5823.0,24,5824.0,1,5827.0,1,5830.0,2,5831.0,2,5826.0
SR503,,13:47:24.750#,5827.0,5834.0,5803.0,6188.0,5486.0,448,4896,5813.0,6,5814.0,1,5815.0,1,5819.0,1,5821.0,11,5823.0,24,5824.0,1,5827.0,1,5830.0,2,5831.0,2,5826.0
SR503,,13:47:25.250#,5827.0,5834.0,5803.0,6188.0,5486.0,448,4896,5813.0,6,5814.0,1,5815.0,3,5819.0,1,5821.0,21,5823.0,24,5824.0,1,5827.0,1,5830.0,2,5831.0,2,5826.0
SR503,,13:47:25.750#,5827.0,5834.0,5803.0,6188.0,5486.0,448,4896,5813.0,6,5814.0,1,5815.0,3,5819.0,1,5821.0,21,5823.0,23,5824.0,1,5830.0,2,5831.0,2,5832.0,1,5826.0
SR503,,13:47:26.0#,5827.0,5834.0,5803.0,6188.0,5486.0,448,4896,5813.0,6,5814.0,1,5815.0,3,5819.0,1,5821.0,16,5823.0,23,5824.0,1,5830.0,2,5831.0,2,5832.0,1,5826.0
SR503,,13:47:26.250#,5827.0,5834.0,5803.0,6188.0,5486.0,448,4896,5813.0,6,5814.0,1,5815.0,3,5819.0,1,5821.0,30,5823.0,23,5824.0,1,5830.0,2,5831.0,2,5832.0,1,5826.0
SR503,,13:47:26.500#,5827.0,5834.0,5803.0,6188.0,5486.0,448,4896,5813.0,6,5814.0,1,5815.0,3,5819.0,1,5821.0,30,5823.0,4,5824.0,1,5830.0,2,5831.0,2,5832.0,1,5826.0
SR503,,13:47:26.750#,5827.0,5834.0,5803.0,6188.0,5486.0,448,4896,5812.0,1,5813.0,6,5814.0,1,5815.0,3,5821.0,39,5824.0,24,5830.0,2,5831.0,2,5832.0,1,5833.0,1,5826.0
SR503,,13:47:27.250#,5827.0,5834.0,5803.0,6188.0,5486.0,448,4896,5813.0,6,5814.0,1,5815.0,3,5820.0,1,5822.0,7,5824.0,24,5825.0,1,5830.0,2,5831.0,2,5832.0,1,5826.0
SR503,,13:47:27.500#,5827.0,5834.0,5803.0,6188.0,5486.0,448,4896,5813.0,6,5814.0,1,5815.0,3,5820.0,1,5822.0,11,5824.0,24,5825.0,1,5830.0,2,5831.0,2,5832.0,1,5826.0
SR503,,13:47:29.0#,5827.0,5834.0,5803.0,6188.0,5486.0,448,4896,5813.0,6,5814.0,1,5815.0,3,5820.0,1,5822.0,5,5824.0,24,5825.0,1,5830.0,2,5831.0,2,5832.0,1,5826.0
SR503,,13:47:29.250#,5827.0,5834.0,5803.0,6188.0,5486.0,448,4896,5813.0,6,5814.0,1,5815.0,3,5820.0,1,5822.0,1,5824.0,24,5825.0,1,5830.0,2,5831.0,2,5832.0,1,5826.0
SR503,,13:47:29.500#,5827.0,5834.0,5803.0,6188.0,5486.0,448,4896,5813.0,6,5814.0,1,5815.0,3,5820.0,1,5821.0,36,5824.0,24,5825.0,1,5830.0,2,5831.0,2,5832.0,1,5826.0
SR503,,13:47:38.250#,5827.0,5834.0,5803.0,6188.0,5486.0,448,4896,5813.0,6,5814.0,1,5815.0,3,5820.0,1,5821.0,28,5824.0,24,5825.0,1,5830.0,2,5831.0,2,5832.0,1,5826.0
SR503,,13:47:38.500#,5827.0,5834.0,5803.0,6188.0,5486.0,448,4896,5813.0,6,5814.0,1,5815.0,3,5820.0,1,5821.0,28,5823.0,1,5825.0,1,5830.0,2,5831.0,2,5832.0,1,5826.0
SR503,,13:47:38.750#,5827.0,5834.0,5803.0,6188.0,5486.0,448,4896,5813.0,6,5814.0,1,5815.0,3,5820.0,1,5821.0,28,5823.0,18,5825.0,1,5830.0,2,5831.0,2,5832.0,1,5826.0
SR503,,13:47:39.0#,5827.0,5834.0,5803.0,6188.0,5486.0,448,4896,5813.0,6,5814.0,1,5815.0,3,5820.0,1,5821.0,28,5823.0,24,5825.0,1,5830.0,2,5831.0,2,5832.0,1,5826.0
SR503,,13:47:39.250#,5827.0,5834.0,5803.0,6188.0,5486.0,448,4896,5813.0,6,5814.0,1,5815.0,3,5820.0,1,5821.0,28,5823.0,24,5830.0,2,5831.0,2,5832.0,1,5833.0,1,5826.0
SR503,,13:47:39.500#,5827.0,5834.0,5803.0,6188.0,5486.0,448,4896,5813.0,6,5814.0,1,5815.0,3,5820.0,1,5821.0,28,5823.0,24,5824.0,1,5830.0,2,5831.0,2,5832.0,1,5826.0
SR503,,13:47:39.750#,5827.0,5834.0,5803.0,6188.0,5486.0,448,4896,5813.0,6,5814.0,1,5815.0,3,5820.0,1,5821.0,27,5823.0,24,5824.0,1,5830.0,2,5831.0,2,5832.0,1,5826.0
SR503,,13:47:40.250#,5827.0,5834.0,5803.0,6188.0,5486.0,448,4896,5813.0,6,5814.0,1,5815.0,3,5820.0,1,5821.0,22,5823.0,24,5824.0,1,5830.0,2,5831.0,2,5832.0,1,5826.0
SR503,,13:47:41.0#,5827.0,5834.0,5803.0,6188.0,5486.0,448,4896,5813.0,6,5814.0,1,5815.0,3,5820.0,1,5821.0,23,5823.0,24,5824.0,1,5830.0,2,5831.0,2,5832.0,1,5826.0
SR503,,13:47:46.750#,5827.0,5834.0,5803.0,6188.0,5486.0,448,4896,5813.0,6,5814.0,1,5815.0,3,5820.0,1,5821.0,16,5823.0,24,5824.0,1,5830.0,2,5831.0,2,5832.0,1,5826.0
SR503,,13:47:47.0#,5827.0,5834.0,5803.0,6188.0,5486.0,448,4896,5813.0,6,5814.0,1,5815.0,3,5820.0,1,5821.0,10,5823.0,24,5824.0,1,5830.0,2,5831.0,2,5832.0,1,5826.0
SR503,,13:47:47.250#,5827.0,5834.0,5803.0,6188.0,5486.0,448,4896,5812.0,1,5813.0,6,5814.0,1,5815.0,3,5820.0,42,5823.0,24,5824.0,1,5830.0,2,5831.0,2,5832.0,1,5826.0
SR503,,13:47:47.750#,5827.0,5834.0,5803.0,6188.0,5486.0,448,4896,5812.0,1,5813.0,6,5814.0,1,5815.0,3,5820.0,40,5823.0,24,5824.0,1,5830.0,2,5831.0,2,5832.0,1,5826.0
SR503,,13:47:53.500#,5827.0,5834.0,5803.0,6188.0,5486.0,448,4896,5812.0,1,5813.0,6,5814.0,1,5815.0,3,5820.0,40,5823.0,23,5824.0,1,5830.0,2,5831.0,2,5832.0,1,5826.0
SR503,,13:47:54.0#,5827.0,5834.0,5803.0,6188.0,5486.0,448,4896,5812.0,1,5813.0,6,5814.0,1,5815.0,3,5820.0,40,5823.0,24,5824.0,1,5830.0,2,5831.0,2,5832.0,1,5826.0
SR503,,13:47:55.250#,5827.0,5834.0,5803.0,6188.0,5486.0,448,4896,5813.0,6,5814.0,1,5815.0,3,5820.0,1,5821.0,2,5823.0,24,5824.0,1,5830.0,2,5831.0,2,5832.0,1,5826.0
SR503,,13:47:59.500#,5827.0,5834.0,5803.0,6188.0,5486.0,448,4896,5812.0,1,5813.0,6,5814.0,1,5815.0,3,5820.0,40,5823.0,24,5824.0,1,5830.0,2,5831.0,2,5832.0,1,5826.0
SR503,,13:48:00.0#,5827.0,5834.0,5803.0,6188.0,5486.0,448,4896,5813.0,6,5814.0,1,5815.0,3,5820.0,1,5821.0,7,5823.0,24,5824.0,1,5830.0,2,5831.0,2,5832.0,1,5826.0
SR503,,13:48:00.250#,5827.0,5834.0,5803.0,6188.0,5486.0,448,4896,5813.0,6,5814.0,1,5815.0,3,5820.0,1,5821.0,3,5823.0,24,5824.0,1,5830.0,2,5831.0,2,5832.0,1,5826.0
SR503,,13:48:00.500#,5827.0,5834.0,5803.0,6188.0,5486.0,448,4896,5813.0,6,5814.0,1,5815.0,3,5820.0,1,5821.0,2,5823.0,24,5824.0,1,5830.0,2,5831.0,2,5832.0,1,5826.0
SR503,,13:48:01.250#,5827.0,5834.0,5803.0,6188.0,5486.0,448,4896,5812.0,1,5813.0,6,5814.0,1,5815.0,3,5820.0,40,5823.0,24,5824.0,1,5830.0,2,5831.0,2,5832.0,1,5826.0
SR503,,13:48:06.0#,5827.0,5834.0,5803.0,6188.0,5486.0,448,4896,5813.0,6,5814.0,1,5815.0,3,5820.0,1,5821.0,19,5823.0,24,5824.0,1,5830.0,2,5831.0,2,5832.0,1,5826.0
SR503,,13:48:06.250#,5827.0,5834.0,5803.0,6188.0,5486.0,448,4896,5813.0,6,5814.0,1,5815.0,3,5820.0,1,5821.0,24,5823.0,24,5824.0,1,5830.0,2,5831.0,2,5832.0,1,5826.0
SR503,,13:48:06.750#,5827.0,5834.0,5803.0,6188.0,5486.0,448,4896,5813.0,6,5814.0,1,5815.0,3,5820.0,1,5821.0,23,5823.0,24,5824.0,1,5830.0,2,5831.0,2,5832.0,1,5826.0
SR503,,13:48:07.0#,5827.0,5834.0,5803.0,6188.0,5486.0,448,4896,5813.0,6,5814.0,1,5815.0,3,5820.0,1,5821.0,18,5823.0,24,5824.0,1,5830.0,2,5831.0,2,5832.0,1,5826.0
SR503,,13:48:07.250#,5827.0,5834.0,5803.0,6188.0,5486.0,448,4896,5813.0,6,5814.0,1,5815.0,3,5820.0,1,5821.0,23,5823.0,24,5824.0,1,5830.0,2,5831.0,2,5832.0,1,5826.0
SR503,,13:48:09.250#,5827.0,5834.0,5803.0,6188.0,5486.0,448,4896,5813.0,6,5814.0,1,5815.0,3,5820.0,1,5821.0,18,5823.0,24,5824.0,1,5830.0,2,5831.0,2,5832.0,1,5826.0
SR503,,13:48:10.0#,5827.0,5834.0,5803.0,6188.0,5486.0,448,4896,5813.0,6,5814.0,1,5815.0,3,5820.0,1,5821.0,17,5823.0,24,5824.0,1,5830.0,2,5831.0,2,5832.0,1,5826.0
SR503,,13:48:11.750#,5827.0,5834.0,5803.0,6188.0,5486.0,448,4896,5813.0,6,5814.0,1,5815.0,3,5820.0,1,5821.0,18,5823.0,24,5824.0,1,5830.0,2,5831.0,2,5832.0,1,5826.0
SR503,,13:48:12.250#,5827.0,5834.0,5803.0,6188.0,5486.0,448,4896,5813.0,6,5814.0,1,5815.0,3,5820.0,1,5821.0,17,5823.0,24,5824.0,1,5830.0,2,5831.0,2,5832.0,1,5826.0
SR503,,13:48:13.0#,5827.0,5834.0,5803.0,6188.0,5486.0,448,4896,5813.0,6,5814.0,1,5815.0,3,5820.0,1,5821.0,16,5823.0,24,5824.0,1,5830.0,2,5831.0,2,5832.0,1,5826.0
SR503,,13:48:13.500#,5827.0,5834.0,5803.0,6188.0,5486.0,448,4896,5813.0,6,5814.0,1,5815.0,3,5820.0,1,5821.0,15,5823.0,24,5824.0,1,5830.0,2,5831.0,2,5832.0,1,5826.0
SR503,,13:48:14.500#,5827.0,5834.0,5803.0,6188.0,5486.0,448,4896,5813.0,6,5814.0,1,5815.0,3,5820.0,1,5821.0,14,5823.0,24,5824.0,1,5830.0,2,5831.0,2,5832.0,1,5826.0
SR503,,13:48:15.500#,5827.0,5834.0,5803.0,6188.0,5486.0,448,4896,5813.0,6,5814.0,1,5815.0,3,5820.0,1,5821.0,10,5823.0,24,5824.0,1,5830.0,2,5831.0,2,5832.0,1,5826.0
SR503,,13:48:16.250#,5827.0,5834.0,5803.0,6188.0,5486.0,448,4896,5813.0,6,5814.0,1,5815.0,3,5820.0,1,5821.0,9,5823.0,24,5824.0,1,5830.0,2,5831.0,2,5832.0,1,5826.0
SR503,,13:48:16.750#,5827.0,5834.0,5803.0,6188.0,5486.0,448,4896,5813.0,6,5814.0,1,5815.0,3,5820.0,1,5821.0,8,5823.0,24,5824.0,1,5830.0,2,5831.0,2,5832.0,1,5826.0
SR503,,13:48:17.750#,5827.0,5834.0,5803.0,6188.0,5486.0,448,4896,5813.0,6,5814.0,1,5815.0,3,5820.0,1,5821.0,7,5823.0,24,5824.0,1,5830.0,2,5831.0,2,5832.0,1,5826.0
SR503,,13:48:18.500#,5827.0,5834.0,5803.0,6188.0,5486.0,448,4896,5813.0,6,5814.0,1,5815.0,3,5820.0,1,5821.0,6,5823.0,24,5824.0,1,5830.0,2,5831.0,2,5832.0,1,5826.0
SR503,,13:48:19.250#,5827.0,5834.0,5803.0,6188.0,5486.0,448,4896,5813.0,6,5814.0,1,5815.0,3,5820.0,1,5821.0,5,5823.0,24,5824.0,1,5830.0,2,5831.0,2,5832.0,1,5826.0
SR503,,13:48:19.750#,5827.0,5834.0,5803.0,6188.0,5486.0,448,4896,5813.0,6,5814.0,1,5815.0,3,5820.0,1,5821.0,4,5823.0,24,5824.0,1,5830.0,2,5831.0,2,5832.0,1,5826.0
SR503,,13:48:20.250#,5827.0,5834.0,5803.0,6188.0,5486.0,448,4896,5813.0,6,5814.0,1,5815.0,3,5820.0,1,5821.0,3,5823.0,24,5824.0,1,5830.0,2,5831.0,2,5832.0,1,5826.0
SR503,,13:48:20.750#,5827.0,5834.0,5803.0,6188.0,5486.0,448,4896,5813.0,6,5814.0,1,5815.0,3,5820.0,1,5821.0,2,5823.0,24,5824.0,1,5830.0,2,5831.0,2,5832.0,1,5826.0
SR503,,13:48:21.500#,5827.0,5834.0,5803.0,6188.0,5486.0,448,4896,5813.0,6,5814.0,1,5815.0,3,5820.0,1,5821.0,1,5823.0,24,5824.0,1,5830.0,2,5831.0,2,5832.0,1,5826.0
SR503,,13:48:22.500#,5827.0,5834.0,5803.0,6188.0,5486.0,448,4896,5812.0,1,5813.0,6,5814.0,1,5815.0,3,5820.0,40,5822.0,1,5824.0,1,5830.0,2,5831.0,2,5832.0,1,5826.0
SR503,,13:48:22.750#,5827.0,5834.0,5803.0,6188.0,5486.0,448,4896,5812.0,1,5813.0,6,5814.0,1,5815.0,3,5820.0,40,5823.0,24,5824.0,1,5830.0,2,5831.0,2,5832.0,1,5826.0
SR503,,13:48:28.0#,5827.0,5834.0,5803.0,6188.0,5486.0,448,4896,5813.0,6,5814.0,1,5815.0,3,5820.0,1,5821.0,11,5823.0,24,5824.0,1,5830.0,2,5831.0,2,5832.0,1,5826.0
SR503,,13:48:28.750#,5827.0,5834.0,5803.0,6188.0,5486.0,448,4896,5813.0,6,5814.0,1,5815.0,3,5820.0,1,5821.0,15,5823.0,24,5824.0,1,5830.0,2,5831.0,2,5832.0,1,5826.0
SR503,,13:48:29.0#,5827.0,5834.0,5803.0,6188.0,5486.0,448,4896,5813.0,6,5814.0,1,5815.0,3,5820.0,1,5821.0,20,5823.0,24,5824.0,1,5830.0,2,5831.0,2,5832.0,1,5826.0
SR503,,13:48:29.500#,5827.0,5834.0,5803.0,6188.0,5486.0,448,4896,5813.0,6,5814.0,1,5815.0,3,5820.0,1,5821.0,21,5823.0,23,5830.0,2,5831.0,2,5832.0,1,5833.0,1,5826.0
SR503,,13:48:35.750#,5827.0,5834.0,5803.0,6188.0,5486.0,449,4896,5813.0,6,5814.0,1,5815.0,3,5820.0,1,5821.0,21,5823.0,22,5825.0,1,5830.0,2,5831.0,2,5832.0,1,5824.0
SR503,,13:48:36.0#,5827.0,5834.0,5803.0,6188.0,5486.0,449,4896,5813.0,6,5814.0,1,5815.0,3,5820.0,1,5821.0,22,5823.0,22,5825.0,1,5830.0,2,5831.0,2,5832.0,1,5824.0
SR503,,13:48:38.0#,5827.0,5834.0,5803.0,6188.0,5486.0,449,4896,5813.0,6,5814.0,1,5815.0,3,5820.0,1,5821.0,16,5823.0,22,5825.0,1,5830.0,2,5831.0,2,5832.0,1,5824.0
SR503,,13:48:38.250#,5827.0,5834.0,5803.0,6188.0,5486.0,449,4896,5813.0,6,5814.0,1,5815.0,3,5820.0,1,5821.0,15,5823.0,22,5825.0,1,5830.0,2,5831.0,2,5832.0,1,5824.0
SR503,,13:48:38.500#,5827.0,5834.0,5803.0,6188.0,5486.0,449,4896,5813.0,6,5814.0,1,5815.0,3,5820.0,1,5821.0,15,5823.0,22,5830.0,2,5831.0,2,5832.0,1,5833.0,1,5824.0
SR503,,13:48:39.0#,5827.0,5834.0,5803.0,6188.0,5486.0,449,4896,5813.0,6,5814.0,1,5815.0,3,5820.0,1,5821.0,4,5823.0,23,5824.0,1,5830.0,2,5831.0,2,5832.0,1,5824.0
SR503,,13:48:42.500#,5827.0,5834.0,5803.0,6188.0,5486.0,449,4896,5813.0,6,5814.0,1,5815.0,3,5820.0,1,5821.0,14,5823.0,23,5824.0,1,5830.0,2,5831.0,2,5832.0,1,5824.0
SR503,,13:48:43.750#,5827.0,5834.0,5803.0,6188.0,5486.0,449,4896,5813.0,6,5814.0,1,5815.0,3,5820.0,1,5821.0,15,5823.0,23,5830.0,2,5831.0,2,5832.0,1,5833.0,1,5824.0
SR503,,13:48:44.0#,5827.0,5834.0,5803.0,6188.0,5486.0,449,4896,5813.0,6,5814.0,1,5815.0,3,5820.0,1,5821.0,15,5823.0,23,5825.0,1,5830.0,2,5831.0,2,5832.0,1,5824.0
SR503,,13:48:46.750#,5827.0,5834.0,5803.0,6188.0,5486.0,449,4896,5813.0,6,5814.0,1,5815.0,3,5820.0,1,5821.0,19,5823.0,23,5825.0,1,5830.0,2,5831.0,2,5832.0,1,5824.0
SR503,,13:48:47.0#,5827.0,5834.0,5803.0,6188.0,5486.0,449,4896,5813.0,6,5814.0,1,5815.0,3,5820.0,1,5821.0,18,5823.0,23,5825.0,1,5830.0,2,5831.0,2,5832.0,1,5824.0
SR503,,13:48:47.500#,5827.0,5834.0,5803.0,6188.0,5486.0,449,4896,5813.0,6,5814.0,1,5815.0,3,5820.0,1,5821.0,19,5823.0,23,5825.0,1,5830.0,2,5831.0,2,5832.0,1,5824.0
SR503,,13:48:47.750#,5827.0,5834.0,5803.0,6188.0,5486.0,449,4896,5813.0,6,5814.0,1,5815.0,3,5820.0,1,5821.0,20,5823.0,23,5825.0,1,5830.0,2,5831.0,2,5832.0,1,5824.0
SR503,,13:48:50.500#,5827.0,5834.0,5803.0,6188.0,5486.0,449,4896,5813.0,6,5814.0,1,5815.0,3,5820.0,1,5821.0,21,5823.0,23,5825.0,1,5830.0,2,5831.0,2,5832.0,1,5824.0
SR503,,13:48:50.750#,5827.0,5834.0,5803.0,6188.0,5486.0,449,4896,5813.0,6,5814.0,1,5815.0,3,5820.0,1,5821.0,20,5823.0,23,5825.0,1,5830.0,2,5831.0,2,5832.0,1,5824.0
SR503,,13:48:51.500#,5827.0,5834.0,5803.0,6188.0,5486.0,449,4896,5813.0,6,5814.0,1,5815.0,3,5820.0,1,5821.0,42,5823.0,23,5825.0,1,5830.0,2,5831.0,2,5832.0,1,5824.0
SR503,,13:48:51.750#,5827.0,5834.0,5803.0,6188.0,5486.0,449,4896,5813.0,6,5814.0,1,5815.0,3,5820.0,1,5821.0,42,5823.0,14,5825.0,1,5830.0,2,5831.0,2,5832.0,1,5824.0
SR503,,13:48:56.250#,5827.0,5834.0,5803.0,6188.0,5486.0,449,4896,5812.0,1,5813.0,6,5814.0,1,5815.0,3,5821.0,42,5823.0,14,5825.0,1,5830.0,2,5831.0,2,5832.0,1,5824.0
SR503,,13:48:56.500#,5827.0,5834.0,5803.0,6188.0,5486.0,449,4896,5813.0,6,5814.0,1,5815.0,3,5819.0,1,5821.0,42,5823.0,18,5830.0,2,5831.0,2,5832.0,1,5833.0,1,5824.0
SR503,,13:48:56.750#,5827.0,5834.0,5803.0,6188.0,5486.0,449,4896,5813.0,6,5814.0,1,5815.0,3,5819.0,1,5821.0,42,5823.0,18,5824.0,1,5830.0,2,5831.0,2,5832.0,1,5824.0
SR503,,13:49:00.500#,5827.0,5834.0,5803.0,6188.0,5486.0,449,4896,5813.0,6,5814.0,1,5815.0,3,5819.0,1,5821.0,42,5823.0,17,5824.0,1,5830.0,2,5831.0,2,5832.0,1,5824.0
