InstrumentId,ExchangeId,Datetime,OpenPrice,HighestPrice,LowestPrice,UpperLimitPrice,LowerLimitPrice,Volume,OpenInterest,BidPrice5,BidVolume5,BidPrice4,BidVolume4,BidPrice3,BidVolume3,BidPrice2,BidVolume2,BidPrice1,BidVolume1,AskPrice1,AskVolume1,AskPrice2,AskVolume2,AskPrice3,AskVolume3,AskPrice4,AskVolume4,AskPrice5,AskVolume5,LastPrice
SR501,,13:38:35.0#,5850.0,5860.0,5826.0,6220.0,5514.0,37797,141445,5847.0,15,5848.0,28,5849.0,35,5850.0,43,5851.0,33,5853.0,45,5854.0,20,5855.0,30,5856.0,63,5857.0,19,5852.0
SR501,,13:38:44.250#,5850.0,5860.0,5826.0,6220.0,5514.0,37797,141445,5847.0,15,5848.0,28,5849.0,35,5850.0,43,5851.0,28,5853.0,45,5854.0,20,5855.0,30,5856.0,63,5857.0,19,5852.0
SR501,,13:38:44.500#,5850.0,5860.0,5826.0,6220.0,5514.0,37797,141445,5847.0,15,5848.0,28,5849.0,35,5850.0,43,5851.0,25,5852.0,2,5853.0,46,5854.0,20,5855.0,30,5856.0,63,5852.0
SR501,,13:38:44.750#,5850.0,5860.0,5826.0,6220.0,5514.0,37797,141445,5847.0,15,5848.0,28,5849.0,35,5850.0,42,5851.0,25,5852.0,13,5853.0,46,5854.0,19,5855.0,30,5856.0,63,5852.0
SR501,,13:38:45.0#,5850.0,5860.0,5826.0,6220.0,5514.0,37797,141445,5847.0,15,5848.0,28,5849.0,36,5850.0,42,5851.0,25,5852.0,12,5853.0,47,5854.0,19,5855.0,30,5856.0,63,5852.0
SR501,,13:38:45.250#,5850.0,5860.0,5826.0,6220.0,5514.0,37797,141445,5847.0,15,5848.0,28,5849.0,36,5850.0,42,5851.0,30,5852.0,5,5853.0,47,5854.0,19,5855.0,30,5856.0,63,5852.0
SR501,,13:38:45.500#,5850.0,5860.0,5826.0,6220.0,5514.0,37797,141445,5847.0,15,5848.0,28,5849.0,36,5850.0,42,5851.0,33,5852.0,100,5853.0,46,5854.0,19,5855.0,30,5856.0,63,5852.0
SR501,,13:38:45.750#,5850.0,5860.0,5826.0,6220.0,5514.0,37797,141445,5847.0,15,5848.0,28,5849.0,36,5850.0,42,5851.0,37,5852.0,100,5853.0,46,5854.0,20,5855.0,30,5856.0,63,5852.0
SR501,,13:38:46.500#,5850.0,5860.0,5826.0,6220.0,5514.0,37797,141445,5847.0,15,5848.0,28,5849.0,36,5850.0,42,5851.0,31,5852.0,100,5853.0,46,5854.0,20,5855.0,30,5856.0,63,5852.0
SR501,,13:38:46.750#,5850.0,5860.0,5826.0,6220.0,5514.0,37797,141445,5847.0,15,5848.0,28,5849.0,36,5850.0,42,5851.0,27,5852.0,100,5853.0,46,5854.0,20,5855.0,30,5856.0,63,5852.0
SR501,,13:38:47.500#,5850.0,5860.0,5826.0,6220.0,5514.0,37800,141445,5847.0,15,5848.0,28,5849.0,36,5850.0,42,5851.0,20,5852.0,97,5853.0,46,5854.0,20,5855.0,30,5856.0,63,5852.0
SR501,,13:38:47.750#,5850.0,5860.0,5826.0,6220.0,5514.0,37800,141445,5847.0,15,5848.0,28,5849.0,36,5850.0,42,5851.0,24,5852.0,102,5853.0,46,5854.0,20,5855.0,31,5856.0,63,5852.0
SR501,,13:38:48.500#,5850.0,5860.0,5826.0,6220.0,5514.0,37804,141447,5847.0,15,5848.0,28,5849.0,36,5850.0,42,5851.0,21,5852.0,103,5853.0,46,5854.0,20,5855.0,31,5856.0,63,5851.0
SR501,,13:38:48.750#,5850.0,5860.0,5826.0,6220.0,5514.0,37804,141447,5847.0,15,5848.0,28,5849.0,36,5850.0,42,5851.0,17,5852.0,103,5853.0,46,5854.0,19,5855.0,31,5856.0,63,5851.0
SR501,,13:38:49.0#,5850.0,5860.0,5826.0,6220.0,5514.0,37804,141447,5847.0,15,5848.0,28,5849.0,36,5850.0,42,5851.0,17,5852.0,103,5853.0,47,5854.0,19,5855.0,31,5856.0,63,5851.0
SR501,,13:38:54.750#,5850.0,5860.0,5826.0,6220.0,5514.0,37804,141447,5847.0,15,5848.0,28,5849.0,36,5850.0,42,5851.0,18,5852.0,103,5853.0,47,5854.0,19,5855.0,31,5856.0,63,5851.0
SR501,,13:38:55.250#,5850.0,5860.0,5826.0,6220.0,5514.0,37805,141446,5847.0,15,5848.0,28,5849.0,36,5850.0,42,5851.0,18,5852.0,103,5853.0,47,5854.0,19,5855.0,31,5856.0,63,5851.0
SR501,,13:38:59.250#,5850.0,5860.0,5826.0,6220.0,5514.0,37807,141446,5847.0,15,5848.0,28,5849.0,36,5850.0,42,5851.0,17,5852.0,104,5853.0,47,5854.0,19,5855.0,31,5856.0,63,5851.0
SR501,,13:38:59.500#,5850.0,5860.0,5826.0,6220.0,5514.0,37807,141446,5847.0,15,5848.0,28,5849.0,36,5850.0,42,5851.0,17,5852.0,105,5853.0,47,5854.0,19,5855.0,31,5856.0,63,5851.0
SR501,,13:39:00.250#,5850.0,5860.0,5826.0,6220.0,5514.0,37807,141446,5847.0,15,5848.0,28,5849.0,36,5850.0,42,5851.0,17,5852.0,105,5853.0,47,5854.0,19,5855.0,31,5856.0,63,5851.0
SR501,,13:39:00.500#,5850.0,5860.0,5826.0,6220.0,5514.0,37824,141440,5846.0,18,5847.0,15,5848.0,28,5849.0,36,5850.0,59,5851.0,79,5852.0,102,5853.0,47,5854.0,19,5855.0,31,5851.0
SR501,,13:39:00.750#,5850.0,5860.0,5826.0,6220.0,5514.0,37824,141440,5846.0,18,5847.0,15,5848.0,28,5849.0,36,5850.0,58,5851.0,79,5852.0,102,5853.0,47,5854.0,19,5855.0,31,5851.0
SR501,,13:39:01.0#,5850.0,5860.0,5826.0,6220.0,5514.0,37824,141440,5846.0,18,5847.0,15,5848.0,28,5849.0,36,5850.0,58,5851.0,86,5852.0,102,5853.0,47,5854.0,19,5855.0,31,5851.0
SR501,,13:39:01.250#,5850.0,5860.0,5826.0,6220.0,5514.0,37829,141440,5846.0,18,5847.0,15,5848.0,28,5849.0,36,5850.0,57,5851.0,81,5852.0,102,5853.0,47,5854.0,19,5855.0,31,5851.0
SR501,,13:39:01.500#,5850.0,5860.0,5826.0,6220.0,5514.0,37829,141440,5846.0,18,5847.0,15,5848.0,28,5849.0,36,5850.0,57,5851.0,82,5852.0,102,5853.0,47,5854.0,19,5855.0,31,5851.0
SR501,,13:39:03.500#,5850.0,5860.0,5826.0,6220.0,5514.0,37829,141440,5846.0,18,5847.0,15,5848.0,28,5849.0,36,5850.0,56,5851.0,82,5852.0,102,5853.0,47,5854.0,19,5855.0,31,5851.0
SR501,,13:39:04.0#,5850.0,5860.0,5826.0,6220.0,5514.0,37852,141426,5846.0,18,5847.0,15,5848.0,28,5849.0,36,5850.0,52,5851.0,59,5852.0,102,5853.0,47,5854.0,19,5855.0,31,5851.0
SR501,,13:39:04.250#,5850.0,5860.0,5826.0,6220.0,5514.0,37861,141417,5846.0,18,5847.0,15,5848.0,28,5849.0,41,5850.0,55,5851.0,45,5852.0,102,5853.0,47,5854.0,19,5855.0,31,5851.0
SR501,,13:39:04.500#,5850.0,5860.0,5826.0,6220.0,5514.0,37863,141415,5846.0,18,5847.0,15,5848.0,28,5849.0,40,5850.0,53,5851.0,43,5852.0,202,5853.0,47,5854.0,19,5855.0,31,5851.0
SR501,,13:39:04.750#,5850.0,5860.0,5826.0,6220.0,5514.0,37863,141415,5846.0,18,5847.0,15,5848.0,28,5849.0,40,5850.0,44,5851.0,48,5852.0,202,5853.0,47,5854.0,19,5855.0,31,5851.0
SR501,,13:39:05.0#,5850.0,5860.0,5826.0,6220.0,5514.0,37863,141415,5846.0,18,5847.0,15,5848.0,28,5849.0,40,5850.0,35,5851.0,50,5852.0,202,5853.0,47,5854.0,19,5855.0,31,5851.0
SR501,,13:39:05.250#,5850.0,5860.0,5826.0,6220.0,5514.0,37863,141415,5846.0,18,5847.0,15,5848.0,28,5849.0,40,5850.0,34,5851.0,50,5852.0,202,5853.0,47,5854.0,19,5855.0,31,5851.0
SR501,,13:39:05.500#,5850.0,5860.0,5826.0,6220.0,5514.0,37863,141415,5846.0,18,5847.0,15,5848.0,28,5849.0,41,5850.0,34,5851.0,50,5852.0,202,5853.0,47,5854.0,19,5855.0,31,5851.0
SR501,,13:39:09.500#,5850.0,5860.0,5826.0,6220.0,5514.0,37902,141410,5845.0,63,5846.0,18,5847.0,15,5848.0,28,5849.0,51,5850.0,61,5851.0,50,5852.0,202,5853.0,47,5854.0,19,5850.0
SR501,,13:39:09.750#,5850.0,5860.0,5826.0,6220.0,5514.0,37910,141412,5845.0,63,5846.0,18,5847.0,15,5848.0,28,5849.0,43,5850.0,64,5851.0,50,5852.0,202,5853.0,45,5854.0,19,5850.0
SR501,,13:39:10.0#,5850.0,5860.0,5826.0,6220.0,5514.0,37911,141411,5845.0,63,5846.0,18,5847.0,15,5848.0,28,5849.0,38,5850.0,67,5851.0,46,5852.0,202,5853.0,45,5854.0,19,5850.0
SR501,,13:39:10.250#,5850.0,5860.0,5826.0,6220.0,5514.0,37913,141411,5845.0,63,5846.0,18,5847.0,15,5848.0,28,5849.0,36,5850.0,66,5851.0,46,5852.0,202,5853.0,44,5854.0,19,5850.0
SR501,,13:39:10.500#,5850.0,5860.0,5826.0,6220.0,5514.0,37913,141411,5845.0,63,5846.0,18,5847.0,15,5848.0,29,5849.0,36,5850.0,67,5851.0,46,5852.0,203,5853.0,44,5854.0,19,5850.0
SR501,,13:39:10.750#,5850.0,5860.0,5826.0,6220.0,5514.0,37913,141411,5845.0,63,5846.0,18,5847.0,15,5848.0,29,5849.0,36,5850.0,71,5851.0,46,5852.0,203,5853.0,44,5854.0,19,5850.0
SR501,,13:39:11.0#,5850.0,5860.0,5826.0,6220.0,5514.0,37913,141411,5845.0,64,5846.0,18,5847.0,15,5848.0,29,5849.0,36,5850.0,71,5851.0,46,5852.0,203,5853.0,44,5854.0,19,5850.0
SR501,,13:39:12.500#,5850.0,5860.0,5826.0,6220.0,5514.0,37913,141411,5845.0,64,5846.0,18,5847.0,15,5848.0,29,5849.0,37,5850.0,71,5851.0,46,5852.0,203,5853.0,44,5854.0,19,5850.0
SR501,,13:39:12.750#,5850.0,5860.0,5826.0,6220.0,5514.0,37913,141411,5845.0,64,5846.0,18,5847.0,15,5848.0,29,5849.0,37,5850.0,76,5851.0,46,5852.0,203,5853.0,44,5854.0,19,5850.0
SR501,,13:39:13.250#,5850.0,5860.0,5826.0,6220.0,5514.0,37913,141411,5845.0,64,5846.0,18,5847.0,15,5848.0,29,5849.0,36,5850.0,76,5851.0,46,5852.0,203,5853.0,44,5854.0,19,5850.0
SR501,,13:39:14.0#,5850.0,5860.0,5826.0,6220.0,5514.0,37913,141411,5845.0,64,5846.0,18,5847.0,15,5848.0,29,5849.0,36,5850.0,76,5851.0,46,5852.0,203,5853.0,44,5854.0,19,5850.0
SR501,,13:39:15.750#,5850.0,5860.0,5826.0,6220.0,5514.0,37915,141411,5845.0,64,5846.0,18,5847.0,15,5848.0,29,5849.0,36,5850.0,74,5851.0,46,5852.0,203,5853.0,44,5854.0,19,5850.0
SR501,,13:39:17.750#,5850.0,5860.0,5826.0,6220.0,5514.0,37915,141411,5845.0,64,5846.0,18,5847.0,15,5848.0,29,5849.0,36,5850.0,74,5851.0,46,5852.0,203,5853.0,44,5854.0,19,5850.0
SR501,,13:39:18.0#,5850.0,5860.0,5826.0,6220.0,5514.0,37915,141411,5845.0,64,5846.0,18,5847.0,15,5848.0,29,5849.0,37,5850.0,74,5851.0,46,5852.0,203,5853.0,44,5854.0,19,5850.0
SR501,,13:39:18.250#,5850.0,5860.0,5826.0,6220.0,5514.0,37920,141413,5845.0,64,5846.0,18,5847.0,15,5848.0,29,5849.0,32,5850.0,74,5851.0,46,5852.0,203,5853.0,44,5854.0,119,5849.0
SR501,,13:39:18.500#,5850.0,5860.0,5826.0,6220.0,5514.0,37920,141413,5845.0,64,5846.0,18,5847.0,15,5848.0,29,5849.0,32,5850.0,87,5851.0,46,5852.0,203,5853.0,44,5854.0,119,5849.0
SR501,,13:39:18.750#,5850.0,5860.0,5826.0,6220.0,5514.0,37925,141413,5845.0,64,5846.0,18,5847.0,15,5848.0,29,5849.0,32,5850.0,87,5851.0,46,5852.0,203,5853.0,44,5854.0,119,5849.0
SR501,,13:39:19.0#,5850.0,5860.0,5826.0,6220.0,5514.0,37952,141391,5844.0,8,5845.0,64,5846.0,18,5847.0,13,5848.0,39,5850.0,87,5851.0,46,5852.0,203,5853.0,44,5854.0,119,5849.0
SR501,,13:39:19.250#,5850.0,5860.0,5826.0,6220.0,5514.0,37952,141391,5844.0,9,5845.0,64,5846.0,18,5847.0,13,5848.0,37,5849.0,8,5850.0,115,5851.0,45,5852.0,203,5853.0,44,5849.0
SR501,,13:39:19.500#,5850.0,5860.0,5826.0,6220.0,5514.0,37952,141391,5844.0,3,5845.0,64,5846.0,18,5847.0,13,5848.0,37,5849.0,21,5850.0,113,5851.0,45,5852.0,203,5853.0,44,5849.0
SR501,,13:39:19.750#,5850.0,5860.0,5826.0,6220.0,5514.0,37952,141391,5844.0,5,5845.0,63,5846.0,18,5847.0,13,5848.0,37,5849.0,23,5850.0,111,5851.0,45,5852.0,203,5853.0,144,5849.0
SR501,,13:39:22.750#,5850.0,5860.0,5826.0,6220.0,5514.0,37952,141391,5844.0,5,5845.0,63,5846.0,18,5847.0,13,5848.0,38,5849.0,23,5850.0,111,5851.0,45,5852.0,203,5853.0,144,5849.0
SR501,,13:39:23.0#,5850.0,5860.0,5826.0,6220.0,5514.0,37952,141391,5844.0,5,5845.0,63,5846.0,18,5847.0,13,5848.0,38,5849.0,23,5850.0,111,5851.0,45,5852.0,203,5853.0,144,5849.0
SR501,,13:39:23.500#,5850.0,5860.0,5826.0,6220.0,5514.0,37965,141396,5844.0,5,5845.0,63,5846.0,18,5847.0,13,5848.0,32,5849.0,23,5850.0,111,5851.0,48,5852.0,203,5853.0,144,5848.0
SR501,,13:39:23.750#,5850.0,5860.0,5826.0,6220.0,5514.0,38015,141360,5844.0,5,5845.0,63,5846.0,18,5847.0,13,5848.0,17,5849.0,25,5850.0,111,5851.0,48,5852.0,203,5853.0,144,5848.0
SR501,,13:39:24.0#,5850.0,5860.0,5826.0,6220.0,5514.0,38039,141376,5843.0,21,5844.0,5,5845.0,63,5846.0,18,5847.0,26,5848.0,4,5849.0,27,5850.0,111,5851.0,48,5852.0,203,5848.0
SR501,,13:39:24.250#,5850.0,5860.0,5826.0,6220.0,5514.0,38046,141380,5844.0,5,5845.0,63,5846.0,19,5847.0,21,5848.0,3,5849.0,25,5850.0,111,5851.0,48,5852.0,202,5853.0,143,5848.0
SR501,,13:39:24.500#,5850.0,5860.0,5826.0,6220.0,5514.0,38046,141380,5844.0,5,5845.0,63,5846.0,19,5847.0,22,5848.0,3,5849.0,23,5850.0,111,5851.0,48,5852.0,202,5853.0,143,5848.0
SR501,,13:39:24.750#,5850.0,5860.0,5826.0,6220.0,5514.0,38059,141381,5844.0,5,5845.0,63,5846.0,19,5847.0,25,5848.0,20,5849.0,8,5850.0,112,5851.0,48,5852.0,202,5853.0,143,5849.0
SR501,,13:39:25.0#,5850.0,5860.0,5826.0,6220.0,5514.0,38066,141375,5844.0,5,5845.0,63,5846.0,19,5847.0,25,5848.0,31,5849.0,7,5850.0,112,5851.0,48,5852.0,202,5853.0,143,5849.0
SR501,,13:39:25.250#,5850.0,5860.0,5826.0,6220.0,5514.0,38066,141375,5844.0,5,5845.0,63,5846.0,19,5847.0,25,5848.0,31,5849.0,7,5850.0,99,5851.0,48,5852.0,202,5853.0,143,5849.0
SR501,,13:39:25.500#,5850.0,5860.0,5826.0,6220.0,5514.0,38079,141375,5844.0,5,5845.0,63,5846.0,19,5847.0,25,5848.0,20,5849.0,7,5850.0,99,5851.0,48,5852.0,202,5853.0,143,5848.0
SR501,,13:39:26.0#,5850.0,5860.0,5826.0,6220.0,5514.0,38079,141375,5844.0,5,5845.0,63,5846.0,19,5847.0,25,5848.0,17,5849.0,9,5850.0,99,5851.0,48,5852.0,202,5853.0,143,5848.0
SR501,,13:39:26.250#,5850.0,5860.0,5826.0,6220.0,5514.0,38079,141375,5844.0,5,5845.0,63,5846.0,19,5847.0,25,5848.0,13,5849.0,13,5850.0,99,5851.0,48,5852.0,202,5853.0,143,5848.0
SR501,,13:39:26.500#,5850.0,5860.0,5826.0,6220.0,5514.0,38079,141375,5844.0,5,5845.0,63,5846.0,19,5847.0,25,5848.0,13,5849.0,15,5850.0,99,5851.0,48,5852.0,202,5853.0,143,5848.0
SR501,,13:39:26.750#,5850.0,5860.0,5826.0,6220.0,5514.0,38079,141375,5844.0,5,5845.0,63,5846.0,19,5847.0,25,5848.0,13,5849.0,16,5850.0,99,5851.0,48,5852.0,202,5853.0,143,5848.0
SR501,,13:39:27.500#,5850.0,5860.0,5826.0,6220.0,5514.0,38079,141375,5844.0,5,5845.0,63,5846.0,19,5847.0,25,5848.0,17,5849.0,16,5850.0,99,5851.0,48,5852.0,202,5853.0,143,5848.0
SR501,,13:39:27.750#,5850.0,5860.0,5826.0,6220.0,5514.0,38079,141375,5844.0,5,5845.0,63,5846.0,19,5847.0,25,5848.0,21,5849.0,27,5850.0,99,5851.0,48,5852.0,202,5853.0,143,5848.0
SR501,,13:39:28.0#,5850.0,5860.0,5826.0,6220.0,5514.0,38079,141375,5844.0,5,5845.0,63,5846.0,19,5847.0,25,5848.0,21,5849.0,27,5850.0,100,5851.0,48,5852.0,202,5853.0,143,5848.0
SR501,,13:39:28.750#,5850.0,5860.0,5826.0,6220.0,5514.0,38079,141375,5844.0,5,5845.0,63,5846.0,19,5847.0,25,5848.0,21,5849.0,27,5850.0,100,5851.0,48,5852.0,202,5853.0,143,5848.0
SR501,,13:39:29.0#,5850.0,5860.0,5826.0,6220.0,5514.0,38079,141375,5844.0,5,5845.0,63,5846.0,19,5847.0,25,5848.0,21,5849.0,27,5850.0,100,5851.0,48,5852.0,202,5853.0,143,5848.0
SR501,,13:39:31.0#,5850.0,5860.0,5826.0,6220.0,5514.0,38084,141371,5844.0,5,5845.0,63,5846.0,19,5847.0,25,5848.0,13,5849.0,27,5850.0,100,5851.0,48,5852.0,202,5853.0,143,5848.0
SR501,,13:39:32.0#,5850.0,5860.0,5826.0,6220.0,5514.0,38084,141371,5844.0,5,5845.0,63,5846.0,19,5847.0,25,5848.0,16,5849.0,17,5850.0,100,5851.0,48,5852.0,202,5853.0,143,5848.0
SR501,,13:39:32.250#,5850.0,5860.0,5826.0,6220.0,5514.0,38084,141371,5844.0,5,5845.0,63,5846.0,19,5847.0,25,5848.0,22,5849.0,8,5850.0,100,5851.0,48,5852.0,202,5853.0,143,5848.0
SR501,,13:39:32.500#,5850.0,5860.0,5826.0,6220.0,5514.0,38092,141379,5844.0,5,5845.0,63,5846.0,19,5847.0,25,5848.0,22,5850.0,116,5851.0,48,5852.0,202,5853.0,143,5854.0,118,5849.0
SR501,,13:39:32.750#,5850.0,5860.0,5826.0,6220.0,5514.0,38092,141379,5844.0,5,5845.0,63,5846.0,19,5847.0,25,5848.0,25,5850.0,110,5851.0,48,5852.0,202,5853.0,143,5854.0,118,5849.0
SR501,,13:39:33.0#,5850.0,5860.0,5826.0,6220.0,5514.0,38092,141379,5844.0,5,5845.0,63,5846.0,19,5847.0,25,5848.0,25,5850.0,110,5851.0,49,5852.0,202,5853.0,143,5854.0,118,5849.0
SR501,,13:39:33.250#,5850.0,5860.0,5826.0,6220.0,5514.0,38092,141379,5844.0,5,5845.0,63,5846.0,19,5847.0,25,5848.0,27,5850.0,110,5851.0,49,5852.0,202,5853.0,143,5854.0,118,5849.0
SR501,,13:39:34.500#,5850.0,5860.0,5826.0,6220.0,5514.0,38092,141379,5844.0,5,5845.0,63,5846.0,19,5847.0,25,5848.0,27,5850.0,110,5851.0,49,5852.0,202,5853.0,143,5854.0,118,5849.0
SR501,,13:39:36.0#,5850.0,5860.0,5826.0,6220.0,5514.0,38092,141379,5844.0,5,5845.0,63,5846.0,19,5847.0,25,5848.0,29,5850.0,110,5851.0,49,5852.0,202,5853.0,143,5854.0,118,5849.0
SR501,,13:39:36.750#,5850.0,5860.0,5826.0,6220.0,5514.0,38092,141379,5844.0,5,5845.0,63,5846.0,19,5847.0,25,5848.0,30,5850.0,110,5851.0,49,5852.0,203,5853.0,143,5854.0,118,5849.0
SR501,,13:39:37.500#,5850.0,5860.0,5826.0,6220.0,5514.0,38092,141379,5844.0,5,5845.0,63,5846.0,19,5847.0,25,5848.0,31,5850.0,110,5851.0,49,5852.0,203,5853.0,143,5854.0,118,5849.0
SR501,,13:39:37.750#,5850.0,5860.0,5826.0,6220.0,5514.0,38092,141379,5844.0,5,5845.0,63,5846.0,19,5847.0,25,5848.0,31,5850.0,115,5851.0,49,5852.0,203,5853.0,143,5854.0,118,5849.0
SR501,,13:39:40.0#,5850.0,5860.0,5826.0,6220.0,5514.0,38092,141379,5844.0,5,5845.0,63,5846.0,19,5847.0,25,5848.0,31,5850.0,115,5851.0,49,5852.0,203,5853.0,143,5854.0,118,5849.0
SR501,,13:39:40.250#,5850.0,5860.0,5826.0,6220.0,5514.0,38092,141379,5844.0,5,5845.0,63,5846.0,19,5847.0,25,5848.0,28,5849.0,3,5850.0,99,5851.0,49,5852.0,203,5853.0,143,5849.0
SR501,,13:39:40.500#,5850.0,5860.0,5826.0,6220.0,5514.0,38092,141379,5844.0,5,5845.0,63,5846.0,19,5847.0,25,5848.0,28,5849.0,4,5850.0,99,5851.0,49,5852.0,203,5853.0,143,5849.0
SR501,,13:39:41.500#,5850.0,5860.0,5826.0,6220.0,5514.0,38092,141379,5844.0,5,5845.0,63,5846.0,19,5847.0,25,5848.0,28,5849.0,5,5850.0,99,5851.0,49,5852.0,203,5853.0,143,5849.0
SR501,,13:39:41.750#,5850.0,5860.0,5826.0,6220.0,5514.0,38092,141379,5844.0,5,5845.0,63,5846.0,19,5847.0,25,5848.0,24,5849.0,5,5850.0,99,5851.0,49,5852.0,203,5853.0,143,5849.0
SR501,,13:39:42.0#,5850.0,5860.0,5826.0,6220.0,5514.0,38092,141379,5844.0,5,5845.0,63,5846.0,19,5847.0,25,5848.0,24,5849.0,5,5850.0,97,5851.0,49,5852.0,203,5853.0,143,5849.0
SR501,,13:39:43.250#,5850.0,5860.0,5826.0,6220.0,5514.0,38093,141379,5844.0,5,5845.0,63,5846.0,19,5847.0,25,5848.0,24,5849.0,4,5850.0,97,5851.0,49,5852.0,203,5853.0,143,5849.0
SR501,,13:39:43.500#,5850.0,5860.0,5826.0,6220.0,5514.0,38093,141379,5844.0,5,5845.0,63,5846.0,19,5847.0,25,5848.0,24,5849.0,5,5850.0,97,5851.0,49,5852.0,203,5853.0,143,5849.0
SR501,,13:39:44.250#,5850.0,5860.0,5826.0,6220.0,5514.0,38093,141379,5844.0,5,5845.0,63,5846.0,19,5847.0,25,5848.0,24,5849.0,12,5850.0,97,5851.0,49,5852.0,203,5853.0,143,5849.0
SR501,,13:39:44.500#,5850.0,5860.0,5826.0,6220.0,5514.0,38093,141379,5844.0,5,5845.0,63,5846.0,19,5847.0,25,5848.0,24,5849.0,16,5850.0,97,5851.0,49,5852.0,203,5853.0,143,5849.0
SR501,,13:39:45.0#,5850.0,5860.0,5826.0,6220.0,5514.0,38099,141380,5844.0,5,5845.0,63,5846.0,19,5847.0,25,5848.0,23,5849.0,16,5850.0,97,5851.0,49,5852.0,203,5853.0,143,5848.0
SR501,,13:39:47.750#,5850.0,5860.0,5826.0,6220.0,5514.0,38100,141380,5844.0,5,5845.0,63,5846.0,19,5847.0,25,5848.0,23,5849.0,15,5850.0,97,5851.0,49,5852.0,203,5853.0,143,5849.0
SR501,,13:39:48.0#,5850.0,5860.0,5826.0,6220.0,5514.0,38100,141380,5844.0,5,5845.0,63,5846.0,19,5847.0,25,5848.0,23,5849.0,10,5850.0,97,5851.0,49,5852.0,203,5853.0,143,5849.0
SR501,,13:39:48.500#,5850.0,5860.0,5826.0,6220.0,5514.0,38100,141380,5844.0,5,5845.0,63,5846.0,19,5847.0,25,5848.0,23,5849.0,9,5850.0,97,5851.0,49,5852.0,203,5853.0,143,5849.0
SR501,,13:39:49.500#,5850.0,5860.0,5826.0,6220.0,5514.0,38100,141380,5844.0,5,5845.0,63,5846.0,19,5847.0,25,5848.0,24,5849.0,9,5850.0,97,5851.0,49,5852.0,203,5853.0,143,5849.0
SR501,,13:39:50.0#,5850.0,5860.0,5826.0,6220.0,5514.0,38100,141380,5844.0,5,5845.0,63,5846.0,19,5847.0,25,5848.0,24,5849.0,1,5850.0,97,5851.0,49,5852.0,203,5853.0,143,5849.0
SR501,,13:39:50.250#,5850.0,5860.0,5826.0,6220.0,5514.0,38100,141380,5844.0,5,5845.0,63,5846.0,19,5847.0,25,5848.0,26,5849.0,1,5850.0,97,5851.0,49,5852.0,203,5853.0,143,5849.0
SR501,,13:39:50.500#,5850.0,5860.0,5826.0,6220.0,5514.0,38104,141382,5844.0,5,5845.0,63,5846.0,19,5847.0,25,5848.0,28,5849.0,1,5850.0,97,5851.0,49,5852.0,203,5853.0,143,5848.0
SR501,,13:39:50.750#,5850.0,5860.0,5826.0,6220.0,5514.0,38104,141382,5844.0,5,5845.0,63,5846.0,19,5847.0,25,5848.0,29,5849.0,1,5850.0,97,5851.0,49,5852.0,203,5853.0,143,5848.0
SR501,,13:39:52.250#,5850.0,5860.0,5826.0,6220.0,5514.0,38105,141382,5844.0,5,5845.0,63,5846.0,19,5847.0,25,5848.0,29,5850.0,106,5851.0,49,5852.0,203,5853.0,143,5854.0,118,5849.0
SR501,,13:39:52.500#,5850.0,5860.0,5826.0,6220.0,5514.0,38105,141382,5845.0,63,5846.0,19,5847.0,25,5848.0,25,5849.0,1,5850.0,108,5851.0,49,5852.0,203,5853.0,143,5854.0,118,5849.0
SR501,,13:39:52.750#,5850.0,5860.0,5826.0,6220.0,5514.0,38106,141382,5844.0,5,5845.0,63,5846.0,19,5847.0,25,5848.0,33,5849.0,1,5850.0,98,5851.0,49,5852.0,203,5853.0,143,5849.0
SR501,,13:39:53.0#,5850.0,5860.0,5826.0,6220.0,5514.0,38106,141382,5844.0,5,5845.0,63,5846.0,19,5847.0,25,5848.0,33,5849.0,5,5850.0,98,5851.0,49,5852.0,203,5853.0,143,5849.0
SR501,,13:39:53.250#,5850.0,5860.0,5826.0,6220.0,5514.0,38106,141382,5844.0,5,5845.0,63,5846.0,19,5847.0,25,5848.0,29,5849.0,5,5850.0,98,5851.0,49,5852.0,203,5853.0,143,5849.0
SR501,,13:39:54.500#,5850.0,5860.0,5826.0,6220.0,5514.0,38106,141382,5844.0,5,5845.0,63,5846.0,19,5847.0,25,5848.0,27,5849.0,6,5850.0,97,5851.0,49,5852.0,203,5853.0,143,5849.0
SR501,,13:39:54.750#,5850.0,5860.0,5826.0,6220.0,5514.0,38106,141382,5844.0,5,5845.0,63,5846.0,19,5847.0,23,5848.0,27,5849.0,6,5850.0,97,5851.0,49,5852.0,203,5853.0,143,5849.0
SR501,,13:39:55.0#,5850.0,5860.0,5826.0,6220.0,5514.0,38106,141382,5844.0,5,5845.0,63,5846.0,19,5847.0,23,5848.0,26,5849.0,6,5850.0,97,5851.0,49,5852.0,203,5853.0,143,5849.0
SR501,,13:39:55.250#,5850.0,5860.0,5826.0,6220.0,5514.0,38111,141377,5844.0,5,5845.0,63,5846.0,19,5847.0,23,5848.0,26,5849.0,6,5850.0,97,5851.0,49,5852.0,203,5853.0,143,5849.0
SR501,,13:39:56.750#,5850.0,5860.0,5826.0,6220.0,5514.0,38112,141377,5844.0,5,5845.0,63,5846.0,19,5847.0,23,5848.0,26,5849.0,5,5850.0,97,5851.0,49,5852.0,203,5853.0,143,5849.0
SR501,,13:39:57.0#,5850.0,5860.0,5826.0,6220.0,5514.0,38112,141377,5844.0,5,5845.0,63,5846.0,19,5847.0,23,5848.0,26,5849.0,1,5850.0,97,5851.0,49,5852.0,203,5853.0,143,5849.0
SR501,,13:39:57.250#,5850.0,5860.0,5826.0,6220.0,5514.0,38112,141377,5844.0,5,5845.0,63,5846.0,19,5847.0,23,5848.0,26,5849.0,12,5850.0,97,5851.0,49,5852.0,203,5853.0,143,5849.0
SR501,,13:39:57.500#,5850.0,5860.0,5826.0,6220.0,5514.0,38112,141377,5844.0,5,5845.0,63,5846.0,19,5847.0,23,5848.0,17,5849.0,16,5850.0,97,5851.0,49,5852.0,203,5853.0,143,5849.0
SR501,,13:39:57.750#,5850.0,5860.0,5826.0,6220.0,5514.0,38112,141377,5844.0,5,5845.0,63,5846.0,19,5847.0,23,5848.0,27,5849.0,18,5850.0,96,5851.0,49,5852.0,203,5853.0,143,5849.0
SR501,,13:39:58.0#,5850.0,5860.0,5826.0,6220.0,5514.0,38112,141377,5844.0,5,5845.0,63,5846.0,19,5847.0,23,5848.0,27,5849.0,17,5850.0,96,5851.0,49,5852.0,203,5853.0,143,5849.0
SR501,,13:39:59.0#,5850.0,5860.0,5826.0,6220.0,5514.0,38113,141376,5844.0,5,5845.0,63,5846.0,19,5847.0,23,5848.0,26,5849.0,16,5850.0,96,5851.0,49,5852.0,203,5853.0,143,5849.0
SR501,,13:39:59.750#,5850.0,5860.0,5826.0,6220.0,5514.0,38114,141376,5844.0,5,5845.0,63,5846.0,19,5847.0,23,5848.0,25,5849.0,15,5850.0,96,5851.0,49,5852.0,203,5853.0,143,5849.0
SR501,,13:40:00.250#,5850.0,5860.0,5826.0,6220.0,5514.0,38123,141384,5844.0,5,5845.0,63,5846.0,19,5847.0,23,5848.0,26,5849.0,5,5850.0,96,5851.0,49,5852.0,203,5853.0,143,5849.0
SR501,,13:40:00.500#,5850.0,5860.0,5826.0,6220.0,5514.0,38123,141384,5844.0,5,5845.0,63,5846.0,19,5847.0,23,5848.0,33,5849.0,5,5850.0,96,5851.0,49,5852.0,203,5853.0,143,5849.0
SR501,,13:40:00.750#,5850.0,5860.0,5826.0,6220.0,5514.0,38123,141384,5844.0,5,5845.0,63,5846.0,19,5847.0,23,5848.0,33,5849.0,2,5850.0,96,5851.0,49,5852.0,203,5853.0,143,5849.0
SR501,,13:40:01.0#,5850.0,5860.0,5826.0,6220.0,5514.0,38123,141384,5844.0,5,5845.0,63,5846.0,19,5847.0,23,5848.0,34,5849.0,1,5850.0,96,5851.0,49,5852.0,203,5853.0,143,5849.0
SR501,,13:40:01.250#,5850.0,5860.0,5826.0,6220.0,5514.0,38123,141384,5844.0,5,5845.0,63,5846.0,19,5847.0,23,5848.0,34,5849.0,8,5850.0,96,5851.0,49,5852.0,203,5853.0,143,5849.0
SR501,,13:40:01.500#,5850.0,5860.0,5826.0,6220.0,5514.0,38123,141384,5844.0,5,5845.0,63,5846.0,19,5847.0,23,5848.0,35,5849.0,8,5850.0,96,5851.0,49,5852.0,203,5853.0,143,5849.0
SR501,,13:40:03.0#,5850.0,5860.0,5826.0,6220.0,5514.0,38123,141384,5844.0,5,5845.0,63,5846.0,19,5847.0,23,5848.0,35,5849.0,8,5850.0,96,5851.0,49,5852.0,203,5853.0,143,5849.0
SR501,,13:40:06.500#,5850.0,5860.0,5826.0,6220.0,5514.0,38124,141384,5844.0,5,5845.0,63,5846.0,19,5847.0,23,5848.0,34,5849.0,7,5850.0,96,5851.0,49,5852.0,203,5853.0,143,5849.0
SR501,,13:40:07.0#,5850.0,5860.0,5826.0,6220.0,5514.0,38128,141384,5844.0,5,5845.0,63,5846.0,19,5847.0,23,5848.0,34,5849.0,3,5850.0,96,5851.0,49,5852.0,203,5853.0,143,5849.0
SR501,,13:40:07.750#,5850.0,5860.0,5826.0,6220.0,5514.0,38129,141385,5844.0,5,5845.0,63,5846.0,19,5847.0,23,5848.0,34,5849.0,2,5850.0,96,5851.0,49,5852.0,203,5853.0,143,5849.0
SR501,,13:40:08.0#,5850.0,5860.0,5826.0,6220.0,5514.0,38129,141385,5844.0,5,5845.0,63,5846.0,18,5847.0,23,5848.0,34,5849.0,2,5850.0,96,5851.0,49,5852.0,203,5853.0,143,5849.0
SR501,,13:40:09.250#,5850.0,5860.0,5826.0,6220.0,5514.0,38129,141385,5844.0,5,5845.0,63,5846.0,18,5847.0,23,5848.0,34,5849.0,2,5850.0,96,5851.0,49,5852.0,203,5853.0,143,5849.0
SR501,,13:40:11.500#,5850.0,5860.0,5826.0,6220.0,5514.0,38129,141385,5844.0,5,5845.0,63,5846.0,18,5847.0,23,5848.0,34,5849.0,2,5850.0,96,5851.0,49,5852.0,202,5853.0,143,5849.0
SR501,,13:40:11.750#,5850.0,5860.0,5826.0,6220.0,5514.0,38129,141385,5844.0,5,5845.0,63,5846.0,18,5847.0,23,5848.0,34,5849.0,2,5850.0,96,5851.0,49,5852.0,202,5853.0,143,5849.0
SR501,,13:40:13.0#,5850.0,5860.0,5826.0,6220.0,5514.0,38134,141390,5844.0,5,5845.0,63,5846.0,18,5847.0,23,5848.0,34,5849.0,2,5850.0,96,5851.0,49,5852.0,202,5853.0,143,5848.0
SR501,,13:40:13.500#,5850.0,5860.0,5826.0,6220.0,5514.0,38134,141390,5844.0,5,5845.0,63,5846.0,18,5847.0,23,5848.0,34,5849.0,2,5850.0,96,5851.0,50,5852.0,202,5853.0,143,5848.0
SR501,,13:40:13.750#,5850.0,5860.0,5826.0,6220.0,5514.0,38134,141390,5844.0,5,5845.0,63,5846.0,18,5847.0,23,5848.0,36,5849.0,2,5850.0,96,5851.0,50,5852.0,202,5853.0,143,5848.0
SR501,,13:40:18.0#,5850.0,5860.0,5826.0,6220.0,5514.0,38134,141390,5844.0,5,5845.0,63,5846.0,18,5847.0,23,5848.0,36,5850.0,103,5851.0,50,5852.0,202,5853.0,143,5854.0,118,5848.0
SR501,,13:40:18.250#,5850.0,5860.0,5826.0,6220.0,5514.0,38134,141390,5844.0,5,5845.0,63,5846.0,18,5847.0,23,5848.0,36,5850.0,105,5851.0,50,5852.0,202,5853.0,143,5854.0,118,5848.0
SR501,,13:40:18.500#,5850.0,5860.0,5826.0,6220.0,5514.0,38134,141390,5845.0,63,5846.0,18,5847.0,23,5848.0,33,5849.0,13,5850.0,105,5851.0,50,5852.0,202,5853.0,143,5854.0,118,5848.0
SR501,,13:40:18.750#,5850.0,5860.0,5826.0,6220.0,5514.0,38134,141390,5844.0,5,5845.0,63,5846.0,18,5847.0,23,5848.0,36,5850.0,103,5851.0,50,5852.0,202,5853.0,143,5854.0,118,5848.0
SR501,,13:40:19.0#,5850.0,5860.0,5826.0,6220.0,5514.0,38134,141390,5844.0,5,5845.0,63,5846.0,18,5847.0,23,5848.0,36,5850.0,105,5851.0,50,5852.0,202,5853.0,143,5854.0,118,5848.0
SR501,,13:40:19.250#,5850.0,5860.0,5826.0,6220.0,5514.0,38134,141390,5845.0,63,5846.0,18,5847.0,23,5848.0,33,5849.0,5,5850.0,105,5851.0,50,5852.0,202,5853.0,143,5854.0,118,5848.0
SR501,,13:40:19.500#,5850.0,5860.0,5826.0,6220.0,5514.0,38134,141390,5844.0,5,5845.0,63,5846.0,18,5847.0,23,5848.0,34,5850.0,105,5851.0,50,5852.0,202,5853.0,143,5854.0,118,5848.0
SR501,,13:40:19.750#,5850.0,5860.0,5826.0,6220.0,5514.0,38136,141392,5844.0,5,5845.0,63,5846.0,18,5847.0,23,5848.0,34,5850.0,103,5851.0,50,5852.0,202,5853.0,143,5854.0,118,5849.0
SR501,,13:40:21.500#,5850.0,5860.0,5826.0,6220.0,5514.0,38136,141392,5845.0,63,5846.0,18,5847.0,23,5848.0,31,5849.0,7,5850.0,103,5851.0,50,5852.0,202,5853.0,143,5854.0,118,5849.0
SR501,,13:40:22.0#,5850.0,5860.0,5826.0,6220.0,5514.0,38136,141392,5845.0,63,5846.0,18,5847.0,23,5848.0,31,5849.0,8,5850.0,92,5851.0,50,5852.0,202,5853.0,143,5854.0,118,5849.0
SR501,,13:40:22.250#,5850.0,5860.0,5826.0,6220.0,5514.0,38136,141392,5845.0,63,5846.0,18,5847.0,23,5848.0,33,5849.0,22,5850.0,89,5851.0,50,5852.0,202,5853.0,143,5854.0,118,5849.0
SR501,,13:40:24.750#,5850.0,5860.0,5826.0,6220.0,5514.0,38136,141392,5845.0,63,5846.0,18,5847.0,23,5848.0,32,5849.0,22,5850.0,89,5851.0,50,5852.0,202,5853.0,143,5854.0,118,5849.0
SR501,,13:40:25.0#,5850.0,5860.0,5826.0,6220.0,5514.0,38136,141392,5845.0,63,5846.0,18,5847.0,23,5848.0,32,5849.0,20,5850.0,89,5851.0,50,5852.0,202,5853.0,143,5854.0,118,5849.0
SR501,,13:40:25.250#,5850.0,5860.0,5826.0,6220.0,5514.0,38136,141392,5845.0,63,5846.0,18,5847.0,23,5848.0,32,5849.0,19,5850.0,92,5851.0,50,5852.0,202,5853.0,143,5854.0,118,5849.0
SR501,,13:40:25.500#,5850.0,5860.0,5826.0,6220.0,5514.0,38136,141392,5844.0,5,5845.0,63,5846.0,18,5847.0,23,5848.0,35,5850.0,94,5851.0,50,5852.0,202,5853.0,143,5854.0,118,5849.0
SR501,,13:40:25.750#,5850.0,5860.0,5826.0,6220.0,5514.0,38136,141392,5844.0,5,5845.0,63,5846.0,18,5847.0,23,5848.0,35,5850.0,94,5851.0,50,5852.0,202,5853.0,143,5854.0,118,5849.0
SR501,,13:40:28.500#,5850.0,5860.0,5826.0,6220.0,5514.0,38136,141392,5845.0,63,5846.0,18,5847.0,23,5848.0,32,5849.0,1,5850.0,91,5851.0,50,5852.0,202,5853.0,143,5854.0,118,5849.0
SR501,,13:40:28.750#,5850.0,5860.0,5826.0,6220.0,5514.0,38136,141392,5845.0,63,5846.0,18,5847.0,23,5848.0,32,5849.0,9,5850.0,91,5851.0,50,5852.0,202,5853.0,143,5854.0,118,5849.0
SR501,,13:40:29.0#,5850.0,5860.0,5826.0,6220.0,5514.0,38136,141392,5845.0,63,5846.0,18,5847.0,23,5848.0,32,5849.0,11,5850.0,91,5851.0,50,5852.0,202,5853.0,143,5854.0,118,5849.0
SR501,,13:40:29.250#,5850.0,5860.0,5826.0,6220.0,5514.0,38136,141392,5845.0,63,5846.0,18,5847.0,23,5848.0,32,5849.0,11,5850.0,89,5851.0,50,5852.0,202,5853.0,143,5854.0,118,5849.0
SR501,,13:40:30.0#,5850.0,5860.0,5826.0,6220.0,5514.0,38137,141392,5845.0,63,5846.0,18,5847.0,23,5848.0,32,5849.0,13,5850.0,88,5851.0,50,5852.0,202,5853.0,143,5854.0,118,5850.0
SR501,,13:40:31.0#,5850.0,5860.0,5826.0,6220.0,5514.0,38141,141388,5845.0,63,5846.0,18,5847.0,23,5848.0,32,5849.0,12,5850.0,84,5851.0,50,5852.0,202,5853.0,143,5854.0,118,5850.0
SR501,,13:40:31.500#,5850.0,5860.0,5826.0,6220.0,5514.0,38146,141393,5845.0,63,5846.0,18,5847.0,23,5848.0,32,5849.0,14,5850.0,84,5851.0,50,5852.0,202,5853.0,143,5854.0,118,5849.0
SR501,,13:40:36.250#,5850.0,5860.0,5826.0,6220.0,5514.0,38147,141393,5845.0,63,5846.0,18,5847.0,23,5848.0,32,5849.0,14,5850.0,83,5851.0,50,5852.0,202,5853.0,143,5854.0,118,5850.0
SR501,,13:40:37.0#,5850.0,5860.0,5826.0,6220.0,5514.0,38147,141393,5845.0,63,5846.0,18,5847.0,23,5848.0,32,5849.0,15,5850.0,83,5851.0,50,5852.0,202,5853.0,143,5854.0,118,5850.0
SR501,,13:40:37.250#,5850.0,5860.0,5826.0,6220.0,5514.0,38147,141393,5845.0,63,5846.0,18,5847.0,23,5848.0,32,5849.0,14,5850.0,83,5851.0,50,5852.0,202,5853.0,143,5854.0,118,5850.0
SR501,,13:40:37.750#,5850.0,5860.0,5826.0,6220.0,5514.0,38148,141393,5845.0,63,5846.0,18,5847.0,23,5848.0,32,5849.0,13,5850.0,82,5851.0,50,5852.0,202,5853.0,143,5854.0,118,5850.0
SR501,,13:40:38.0#,5850.0,5860.0,5826.0,6220.0,5514.0,38148,141393,5845.0,63,5846.0,18,5847.0,23,5848.0,32,5849.0,18,5850.0,82,5851.0,50,5852.0,202,5853.0,143,5854.0,118,5850.0
SR501,,13:40:38.250#,5850.0,5860.0,5826.0,6220.0,5514.0,38148,141393,5845.0,63,5846.0,18,5847.0,23,5848.0,32,5849.0,44,5850.0,82,5851.0,50,5852.0,202,5853.0,143,5854.0,118,5850.0
SR501,,13:40:38.500#,5850.0,5860.0,5826.0,6220.0,5514.0,38148,141393,5845.0,63,5846.0,18,5847.0,23,5848.0,25,5849.0,51,5850.0,82,5851.0,50,5852.0,202,5853.0,143,5854.0,118,5850.0
SR501,,13:40:39.250#,5850.0,5860.0,5826.0,6220.0,5514.0,38149,141393,5845.0,63,5846.0,18,5847.0,23,5848.0,25,5849.0,50,5850.0,81,5851.0,50,5852.0,202,5853.0,143,5854.0,118,5850.0
SR501,,13:40:39.500#,5850.0,5860.0,5826.0,6220.0,5514.0,38149,141393,5845.0,63,5846.0,18,5847.0,23,5848.0,25,5849.0,50,5850.0,81,5851.0,50,5852.0,202,5853.0,144,5854.0,118,5850.0
SR501,,13:40:39.750#,5850.0,5860.0,5826.0,6220.0,5514.0,38149,141393,5845.0,63,5846.0,18,5847.0,23,5848.0,25,5849.0,60,5850.0,81,5851.0,50,5852.0,202,5853.0,144,5854.0,118,5850.0
SR501,,13:40:40.0#,5850.0,5860.0,5826.0,6220.0,5514.0,38150,141393,5845.0,63,5846.0,18,5847.0,23,5848.0,25,5849.0,59,5850.0,80,5851.0,50,5852.0,202,5853.0,144,5854.0,118,5850.0
SR501,,13:40:40.750#,5850.0,5860.0,5826.0,6220.0,5514.0,38150,141393,5845.0,63,5846.0,18,5847.0,23,5848.0,115,5849.0,59,5850.0,80,5851.0,50,5852.0,202,5853.0,144,5854.0,118,5850.0
SR501,,13:40:41.0#,5850.0,5860.0,5826.0,6220.0,5514.0,38150,141393,5845.0,63,5846.0,18,5847.0,23,5848.0,115,5849.0,59,5850.0,75,5851.0,50,5852.0,202,5853.0,144,5854.0,118,5850.0
SR501,,13:40:41.250#,5850.0,5860.0,5826.0,6220.0,5514.0,38162,141381,5845.0,63,5846.0,18,5847.0,23,5848.0,116,5849.0,59,5850.0,63,5851.0,50,5852.0,202,5853.0,144,5854.0,118,5850.0
SR501,,13:40:41.500#,5850.0,5860.0,5826.0,6220.0,5514.0,38224,141404,5846.0,18,5847.0,23,5848.0,116,5849.0,58,5850.0,8,5851.0,52,5852.0,202,5853.0,144,5854.0,118,5855.0,31,5850.0
SR501,,13:40:41.750#,5850.0,5860.0,5826.0,6220.0,5514.0,38226,141406,5846.0,18,5847.0,23,5848.0,116,5849.0,56,5850.0,16,5851.0,47,5852.0,202,5853.0,144,5854.0,118,5855.0,31,5850.0
SR501,,13:40:42.0#,5850.0,5860.0,5826.0,6220.0,5514.0,38234,141402,5846.0,18,5847.0,23,5848.0,116,5849.0,56,5850.0,15,5851.0,38,5852.0,202,5853.0,144,5854.0,118,5855.0,31,5851.0
SR501,,13:40:42.250#,5850.0,5860.0,5826.0,6220.0,5514.0,38234,141402,5846.0,18,5847.0,23,5848.0,116,5849.0,56,5850.0,28,5851.0,38,5852.0,202,5853.0,144,5854.0,118,5855.0,31,5851.0
SR501,,13:40:42.500#,5850.0,5860.0,5826.0,6220.0,5514.0,38234,141402,5846.0,18,5847.0,23,5848.0,116,5849.0,49,5850.0,48,5851.0,38,5852.0,202,5853.0,144,5854.0,118,5855.0,31,5851.0
SR501,,13:40:45.750#,5850.0,5860.0,5826.0,6220.0,5514.0,38235,141401,5846.0,18,5847.0,23,5848.0,116,5849.0,49,5850.0,48,5851.0,37,5852.0,202,5853.0,144,5854.0,118,5855.0,31,5851.0
SR501,,13:40:46.250#,5850.0,5860.0,5826.0,6220.0,5514.0,38248,141401,5846.0,18,5847.0,23,5848.0,116,5849.0,49,5850.0,35,5851.0,24,5852.0,202,5853.0,144,5854.0,118,5855.0,31,5851.0
SR501,,13:40:47.250#,5850.0,5860.0,5826.0,6220.0,5514.0,38248,141401,5846.0,18,5847.0,23,5848.0,116,5849.0,49,5850.0,35,5851.0,24,5852.0,202,5853.0,144,5854.0,118,5855.0,31,5851.0
SR501,,13:40:48.250#,5850.0,5860.0,5826.0,6220.0,5514.0,38248,141401,5846.0,18,5847.0,23,5848.0,116,5849.0,49,5850.0,35,5851.0,25,5852.0,202,5853.0,144,5854.0,118,5855.0,31,5851.0
SR501,,13:40:50.250#,5850.0,5860.0,5826.0,6220.0,5514.0,38253,141396,5846.0,18,5847.0,23,5848.0,116,5849.0,49,5850.0,35,5851.0,20,5852.0,202,5853.0,144,5854.0,118,5855.0,31,5851.0
SR501,,13:40:51.500#,5850.0,5860.0,5826.0,6220.0,5514.0,38272,141383,5846.0,18,5847.0,23,5848.0,119,5849.0,49,5850.0,43,5851.0,1,5852.0,202,5853.0,144,5854.0,118,5855.0,31,5851.0
SR501,,13:40:51.750#,5850.0,5860.0,5826.0,6220.0,5514.0,38281,141385,5847.0,23,5848.0,119,5849.0,50,5850.0,38,5851.0,7,5852.0,218,5853.0,145,5854.0,118,5855.0,31,5856.0,27,5851.0
SR501,,13:40:52.0#,5850.0,5860.0,5826.0,6220.0,5514.0,38281,141385,5847.0,23,5848.0,119,5849.0,50,5850.0,36,5851.0,7,5852.0,218,5853.0,145,5854.0,118,5855.0,31,5856.0,27,5851.0
SR501,,13:40:55.0#,5850.0,5860.0,5826.0,6220.0,5514.0,38281,141385,5847.0,23,5848.0,119,5849.0,50,5850.0,36,5851.0,7,5852.0,218,5853.0,145,5854.0,118,5855.0,31,5856.0,27,5851.0
SR501,,13:40:55.500#,5850.0,5860.0,5826.0,6220.0,5514.0,38281,141385,5847.0,23,5848.0,119,5849.0,50,5850.0,36,5851.0,7,5852.0,218,5853.0,145,5854.0,118,5855.0,31,5856.0,27,5851.0
SR501,,13:40:56.0#,5850.0,5860.0,5826.0,6220.0,5514.0,38291,141388,5846.0,18,5847.0,23,5848.0,119,5849.0,50,5850.0,43,5852.0,218,5853.0,145,5854.0,118,5855.0,31,5856.0,27,5851.0
SR501,,13:40:56.250#,5850.0,5860.0,5826.0,6220.0,5514.0,38291,141388,5847.0,23,5848.0,119,5849.0,50,5850.0,38,5851.0,3,5852.0,220,5853.0,145,5854.0,118,5855.0,31,5856.0,27,5851.0
SR501,,13:40:56.500#,5850.0,5860.0,5826.0,6220.0,5514.0,38291,141388,5847.0,23,5848.0,119,5849.0,50,5850.0,38,5851.0,3,5852.0,218,5853.0,145,5854.0,118,5855.0,31,5856.0,27,5851.0
SR501,,13:40:56.750#,5850.0,5860.0,5826.0,6220.0,5514.0,38291,141388,5847.0,23,5848.0,119,5849.0,50,5850.0,38,5851.0,10,5852.0,218,5853.0,145,5854.0,118,5855.0,31,5856.0,27,5851.0
SR501,,13:40:57.0#,5850.0,5860.0,5826.0,6220.0,5514.0,38291,141388,5847.0,23,5848.0,119,5849.0,50,5850.0,36,5851.0,10,5852.0,218,5853.0,145,5854.0,118,5855.0,31,5856.0,27,5851.0
SR501,,13:40:57.250#,5850.0,5860.0,5826.0,6220.0,5514.0,38291,141388,5847.0,23,5848.0,119,5849.0,50,5850.0,36,5851.0,12,5852.0,218,5853.0,145,5854.0,118,5855.0,31,5856.0,27,5851.0
SR501,,13:40:58.250#,5850.0,5860.0,5826.0,6220.0,5514.0,38291,141388,5847.0,23,5848.0,119,5849.0,50,5850.0,36,5851.0,18,5852.0,215,5853.0,145,5854.0,118,5855.0,31,5856.0,27,5851.0
SR501,,13:40:58.500#,5850.0,5860.0,5826.0,6220.0,5514.0,38291,141388,5847.0,23,5848.0,119,5849.0,50,5850.0,36,5851.0,26,5852.0,215,5853.0,144,5854.0,118,5855.0,31,5856.0,27,5851.0
SR501,,13:40:58.750#,5850.0,5860.0,5826.0,6220.0,5514.0,38291,141388,5847.0,23,5848.0,119,5849.0,50,5850.0,36,5851.0,26,5852.0,215,5853.0,144,5854.0,119,5855.0,31,5856.0,27,5851.0
SR501,,13:40:59.750#,5850.0,5860.0,5826.0,6220.0,5514.0,38301,141386,5847.0,23,5848.0,119,5849.0,50,5850.0,36,5851.0,21,5852.0,215,5853.0,144,5854.0,119,5855.0,31,5856.0,27,5851.0
SR501,,13:41:00.0#,5850.0,5860.0,5826.0,6220.0,5514.0,38339,141370,5847.0,23,5848.0,119,5849.0,50,5850.0,36,5851.0,21,5852.0,217,5853.0,144,5854.0,119,5855.0,31,5856.0,27,5851.0
SR501,,13:41:01.0#,5850.0,5860.0,5826.0,6220.0,5514.0,38340,141369,5847.0,23,5848.0,119,5849.0,50,5850.0,36,5851.0,20,5852.0,217,5853.0,144,5854.0,119,5855.0,31,5856.0,27,5851.0
SR501,,13:41:01.250#,5850.0,5860.0,5826.0,6220.0,5514.0,38371,141398,5847.0,23,5848.0,119,5849.0,50,5850.0,36,5851.0,17,5852.0,217,5853.0,144,5854.0,119,5855.0,31,5856.0,27,5851.0
SR501,,13:41:01.500#,5850.0,5860.0,5826.0,6220.0,5514.0,38376,141400,5847.0,23,5848.0,119,5849.0,50,5850.0,36,5851.0,11,5852.0,218,5853.0,144,5854.0,119,5855.0,31,5856.0,27,5851.0
SR501,,13:41:01.750#,5850.0,5860.0,5826.0,6220.0,5514.0,38376,141400,5847.0,23,5848.0,119,5849.0,50,5850.0,36,5851.0,1,5852.0,220,5853.0,144,5854.0,119,5855.0,31,5856.0,27,5851.0
SR501,,13:41:02.0#,5850.0,5860.0,5826.0,6220.0,5514.0,38377,141400,5846.0,18,5847.0,23,5848.0,119,5849.0,50,5850.0,43,5852.0,220,5853.0,144,5854.0,119,5855.0,31,5856.0,27,5851.0
SR501,,13:41:02.250#,5850.0,5860.0,5826.0,6220.0,5514.0,38377,141400,5846.0,18,5847.0,23,5848.0,119,5849.0,50,5850.0,45,5852.0,221,5853.0,144,5854.0,119,5855.0,31,5856.0,27,5851.0
SR501,,13:41:02.500#,5850.0,5860.0,5826.0,6220.0,5514.0,38377,141400,5846.0,18,5847.0,23,5848.0,119,5849.0,50,5850.0,39,5852.0,221,5853.0,144,5854.0,119,5855.0,31,5856.0,27,5851.0
SR501,,13:41:02.750#,5850.0,5860.0,5826.0,6220.0,5514.0,38377,141400,5846.0,18,5847.0,23,5848.0,119,5849.0,50,5850.0,38,5851.0,17,5852.0,207,5853.0,144,5854.0,119,5855.0,31,5851.0
SR501,,13:41:03.0#,5850.0,5860.0,5826.0,6220.0,5514.0,38377,141400,5846.0,18,5847.0,23,5848.0,119,5849.0,50,5850.0,29,5851.0,29,5852.0,206,5853.0,144,5854.0,118,5855.0,31,5851.0
SR501,,13:41:03.250#,5850.0,5860.0,5826.0,6220.0,5514.0,38377,141400,5846.0,18,5847.0,23,5848.0,119,5849.0,50,5850.0,28,5851.0,30,5852.0,205,5853.0,145,5854.0,118,5855.0,31,5851.0
SR501,,13:41:04.750#,5850.0,5860.0,5826.0,6220.0,5514.0,38377,141400,5846.0,18,5847.0,23,5848.0,119,5849.0,50,5850.0,28,5851.0,28,5852.0,205,5853.0,145,5854.0,118,5855.0,31,5851.0
SR501,,13:41:05.0#,5850.0,5860.0,5826.0,6220.0,5514.0,38377,141400,5846.0,18,5847.0,23,5848.0,119,5849.0,50,5850.0,28,5851.0,28,5852.0,204,5853.0,145,5854.0,118,5855.0,31,5851.0
SR501,,13:41:05.250#,5850.0,5860.0,5826.0,6220.0,5514.0,38377,141400,5846.0,18,5847.0,23,5848.0,119,5849.0,50,5850.0,28,5851.0,128,5852.0,204,5853.0,145,5854.0,118,5855.0,31,5851.0
SR501,,13:41:05.500#,5850.0,5860.0,5826.0,6220.0,5514.0,38377,141400,5846.0,18,5847.0,23,5848.0,119,5849.0,50,5850.0,23,5851.0,128,5852.0,204,5853.0,145,5854.0,118,5855.0,31,5851.0
SR501,,13:41:05.750#,5850.0,5860.0,5826.0,6220.0,5514.0,38377,141400,5846.0,18,5847.0,23,5848.0,119,5849.0,50,5850.0,23,5851.0,133,5852.0,204,5853.0,145,5854.0,118,5855.0,31,5851.0
SR501,,13:41:06.250#,5850.0,5860.0,5826.0,6220.0,5514.0,38377,141400,5846.0,18,5847.0,23,5848.0,119,5849.0,50,5850.0,30,5851.0,122,5852.0,204,5853.0,145,5854.0,118,5855.0,31,5851.0
SR501,,13:41:07.500#,5850.0,5860.0,5826.0,6220.0,5514.0,38377,141400,5846.0,18,5847.0,23,5848.0,119,5849.0,50,5850.0,32,5851.0,117,5852.0,204,5853.0,145,5854.0,118,5855.0,31,5851.0
SR501,,13:41:08.500#,5850.0,5860.0,5826.0,6220.0,5514.0,38377,141400,5846.0,18,5847.0,23,5848.0,119,5849.0,50,5850.0,24,5851.0,117,5852.0,204,5853.0,145,5854.0,118,5855.0,31,5851.0
SR501,,13:41:11.0#,5850.0,5860.0,5826.0,6220.0,5514.0,38377,141400,5846.0,18,5847.0,23,5848.0,29,5849.0,140,5850.0,24,5851.0,117,5852.0,204,5853.0,145,5854.0,118,5855.0,31,5851.0
SR501,,13:41:12.0#,5850.0,5860.0,5826.0,6220.0,5514.0,38377,141400,5846.0,18,5847.0,23,5848.0,29,5849.0,140,5850.0,23,5851.0,117,5852.0,204,5853.0,145,5854.0,118,5855.0,31,5851.0
SR501,,13:41:12.250#,5850.0,5860.0,5826.0,6220.0,5514.0,38377,141400,5846.0,18,5847.0,23,5848.0,29,5849.0,140,5850.0,22,5851.0,117,5852.0,204,5853.0,145,5854.0,118,5855.0,31,5851.0
SR501,,13:41:12.500#,5850.0,5860.0,5826.0,6220.0,5514.0,38377,141400,5846.0,18,5847.0,23,5848.0,29,5849.0,140,5850.0,24,5851.0,117,5852.0,204,5853.0,145,5854.0,118,5855.0,31,5851.0
SR501,,13:41:13.250#,5850.0,5860.0,5826.0,6220.0,5514.0,38377,141400,5846.0,18,5847.0,23,5848.0,29,5849.0,140,5850.0,24,5851.0,117,5852.0,204,5853.0,145,5854.0,118,5855.0,31,5851.0
SR501,,13:41:15.250#,5850.0,5860.0,5826.0,6220.0,5514.0,38378,141399,5846.0,18,5847.0,23,5848.0,29,5849.0,140,5850.0,25,5851.0,117,5852.0,204,5853.0,145,5854.0,118,5855.0,31,5850.0
SR501,,13:41:15.500#,5850.0,5860.0,5826.0,6220.0,5514.0,38378,141399,5846.0,18,5847.0,23,5848.0,29,5849.0,140,5850.0,25,5851.0,117,5852.0,204,5853.0,145,5854.0,118,5855.0,31,5850.0
SR501,,13:41:15.750#,5850.0,5860.0,5826.0,6220.0,5514.0,38378,141399,5846.0,18,5847.0,23,5848.0,29,5849.0,140,5850.0,25,5851.0,117,5852.0,204,5853.0,145,5854.0,118,5855.0,31,5850.0
SR501,,13:41:20.0#,5850.0,5860.0,5826.0,6220.0,5514.0,38378,141399,5846.0,18,5847.0,24,5848.0,29,5849.0,140,5850.0,25,5851.0,117,5852.0,204,5853.0,145,5854.0,118,5855.0,31,5850.0
SR501,,13:41:20.500#,5850.0,5860.0,5826.0,6220.0,5514.0,38378,141399,5846.0,18,5847.0,24,5848.0,29,5849.0,140,5850.0,25,5851.0,117,5852.0,204,5853.0,145,5854.0,118,5855.0,31,5850.0
SR501,,13:41:21.250#,5850.0,5860.0,5826.0,6220.0,5514.0,38378,141399,5846.0,18,5847.0,24,5848.0,29,5849.0,140,5850.0,25,5851.0,117,5852.0,214,5853.0,145,5854.0,118,5855.0,31,5850.0
SR501,,13:41:21.500#,5850.0,5860.0,5826.0,6220.0,5514.0,38378,141399,5846.0,18,5847.0,24,5848.0,29,5849.0,140,5850.0,23,5851.0,117,5852.0,214,5853.0,145,5854.0,118,5855.0,31,5850.0
SR501,,13:41:21.750#,5850.0,5860.0,5826.0,6220.0,5514.0,38378,141399,5846.0,18,5847.0,24,5848.0,29,5849.0,140,5850.0,25,5851.0,117,5852.0,214,5853.0,145,5854.0,118,5855.0,31,5850.0
SR501,,13:41:31.500#,5850.0,5860.0,5826.0,6220.0,5514.0,38378,141399,5846.0,18,5847.0,24,5848.0,29,5849.0,140,5850.0,25,5851.0,117,5852.0,214,5853.0,145,5854.0,118,5855.0,31,5850.0
SR501,,13:41:31.750#,5850.0,5860.0,5826.0,6220.0,5514.0,38378,141399,5846.0,18,5847.0,24,5848.0,29,5849.0,140,5850.0,25,5851.0,117,5852.0,214,5853.0,145,5854.0,118,5855.0,31,5850.0
SR501,,13:41:32.500#,5850.0,5860.0,5826.0,6220.0,5514.0,38378,141399,5846.0,18,5847.0,24,5848.0,29,5849.0,140,5850.0,25,5851.0,117,5852.0,214,5853.0,145,5854.0,118,5855.0,31,5850.0
SR501,,13:41:34.0#,5850.0,5860.0,5826.0,6220.0,5514.0,38378,141399,5846.0,18,5847.0,24,5848.0,29,5849.0,140,5850.0,27,5851.0,117,5852.0,214,5853.0,145,5854.0,118,5855.0,31,5850.0
SR501,,13:41:34.250#,5850.0,5860.0,5826.0,6220.0,5514.0,38378,141399,5846.0,18,5847.0,24,5848.0,29,5849.0,140,5850.0,28,5851.0,117,5852.0,214,5853.0,145,5854.0,118,5855.0,31,5850.0
SR501,,13:41:34.500#,5850.0,5860.0,5826.0,6220.0,5514.0,38378,141399,5846.0,18,5847.0,24,5848.0,29,5849.0,140,5850.0,30,5851.0,117,5852.0,214,5853.0,145,5854.0,118,5855.0,31,5850.0
SR501,,13:41:36.750#,5850.0,5860.0,5826.0,6220.0,5514.0,38378,141399,5846.0,18,5847.0,24,5848.0,29,5849.0,140,5850.0,30,5851.0,117,5852.0,214,5853.0,145,5854.0,118,5855.0,31,5850.0
SR501,,13:41:39.500#,5850.0,5860.0,5826.0,6220.0,5514.0,38378,141399,5846.0,18,5847.0,24,5848.0,29,5849.0,140,5850.0,30,5851.0,117,5852.0,214,5853.0,145,5854.0,118,5855.0,31,5850.0
SR501,,13:41:40.750#,5850.0,5860.0,5826.0,6220.0,5514.0,38380,141399,5846.0,18,5847.0,24,5848.0,29,5849.0,140,5850.0,30,5851.0,115,5852.0,214,5853.0,145,5854.0,118,5855.0,31,5851.0
SR501,,13:41:41.0#,5850.0,5860.0,5826.0,6220.0,5514.0,38380,141399,5846.0,18,5847.0,24,5848.0,29,5849.0,140,5850.0,28,5851.0,115,5852.0,214,5853.0,145,5854.0,118,5855.0,31,5851.0
SR501,,13:41:41.250#,5850.0,5860.0,5826.0,6220.0,5514.0,38380,141399,5846.0,18,5847.0,24,5848.0,29,5849.0,140,5850.0,35,5851.0,115,5852.0,214,5853.0,145,5854.0,118,5855.0,31,5851.0
SR501,,13:41:41.500#,5850.0,5860.0,5826.0,6220.0,5514.0,38380,141399,5846.0,18,5847.0,24,5848.0,29,5849.0,140,5850.0,35,5851.0,115,5852.0,214,5853.0,145,5854.0,118,5855.0,31,5851.0
SR501,,13:41:42.0#,5850.0,5860.0,5826.0,6220.0,5514.0,38380,141399,5846.0,18,5847.0,24,5848.0,29,5849.0,140,5850.0,35,5851.0,115,5852.0,214,5853.0,145,5854.0,118,5855.0,31,5851.0
SR501,,13:41:47.500#,5850.0,5860.0,5826.0,6220.0,5514.0,38380,141399,5846.0,19,5847.0,24,5848.0,29,5849.0,140,5850.0,35,5851.0,110,5852.0,214,5853.0,145,5854.0,118,5855.0,31,5851.0
SR501,,13:41:47.750#,5850.0,5860.0,5826.0,6220.0,5514.0,38380,141399,5846.0,19,5847.0,24,5848.0,29,5849.0,140,5850.0,33,5851.0,110,5852.0,214,5853.0,145,5854.0,118,5855.0,31,5851.0
SR501,,13:41:48.0#,5850.0,5860.0,5826.0,6220.0,5514.0,38380,141399,5846.0,19,5847.0,24,5848.0,29,5849.0,140,5850.0,35,5851.0,110,5852.0,214,5853.0,145,5854.0,118,5855.0,31,5851.0
SR501,,13:42:02.750#,5850.0,5860.0,5826.0,6220.0,5514.0,38380,141399,5846.0,19,5847.0,24,5848.0,29,5849.0,114,5850.0,53,5851.0,110,5852.0,214,5853.0,145,5854.0,118,5855.0,31,5851.0
SR501,,13:42:03.0#,5850.0,5860.0,5826.0,6220.0,5514.0,38380,141399,5846.0,19,5847.0,24,5848.0,29,5849.0,113,5850.0,53,5851.0,112,5852.0,214,5853.0,145,5854.0,118,5855.0,31,5851.0
SR501,,13:42:03.250#,5850.0,5860.0,5826.0,6220.0,5514.0,38380,141399,5846.0,19,5847.0,24,5848.0,30,5849.0,113,5850.0,49,5851.0,112,5852.0,214,5853.0,144,5854.0,118,5855.0,31,5851.0
SR501,,13:42:03.500#,5850.0,5860.0,5826.0,6220.0,5514.0,38380,141399,5846.0,19,5847.0,24,5848.0,30,5849.0,113,5850.0,55,5851.0,110,5852.0,215,5853.0,144,5854.0,118,5855.0,31,5851.0
SR501,,13:42:04.0#,5850.0,5860.0,5826.0,6220.0,5514.0,38380,141399,5846.0,19,5847.0,24,5848.0,30,5849.0,113,5850.0,57,5851.0,110,5852.0,214,5853.0,145,5854.0,118,5855.0,31,5851.0
SR501,,13:42:04.500#,5850.0,5860.0,5826.0,6220.0,5514.0,38381,141400,5846.0,19,5847.0,24,5848.0,30,5849.0,113,5850.0,56,5851.0,109,5852.0,214,5853.0,145,5854.0,118,5855.0,31,5851.0
SR501,,13:42:04.750#,5850.0,5860.0,5826.0,6220.0,5514.0,38381,141400,5846.0,19,5847.0,24,5848.0,30,5849.0,113,5850.0,54,5851.0,109,5852.0,214,5853.0,145,5854.0,118,5855.0,31,5851.0
SR501,,13:42:05.0#,5850.0,5860.0,5826.0,6220.0,5514.0,38381,141400,5846.0,19,5847.0,24,5848.0,30,5849.0,113,5850.0,56,5851.0,109,5852.0,214,5853.0,145,5854.0,118,5855.0,31,5851.0
SR501,,13:42:05.250#,5850.0,5860.0,5826.0,6220.0,5514.0,38382,141400,5846.0,19,5847.0,24,5848.0,30,5849.0,113,5850.0,60,5851.0,109,5852.0,214,5853.0,145,5854.0,118,5855.0,31,5850.0
SR501,,13:42:06.500#,5850.0,5860.0,5826.0,6220.0,5514.0,38383,141400,5846.0,19,5847.0,24,5848.0,30,5849.0,113,5850.0,59,5851.0,108,5852.0,214,5853.0,145,5854.0,118,5855.0,31,5851.0
SR501,,13:42:07.0#,5850.0,5860.0,5826.0,6220.0,5514.0,38390,141404,5846.0,19,5847.0,24,5848.0,30,5849.0,113,5850.0,54,5851.0,101,5852.0,214,5853.0,145,5854.0,118,5855.0,31,5851.0
SR501,,13:42:07.250#,5850.0,5860.0,5826.0,6220.0,5514.0,38390,141404,5846.0,19,5847.0,24,5848.0,30,5849.0,113,5850.0,54,5851.0,101,5852.0,214,5853.0,145,5854.0,118,5855.0,31,5851.0
SR501,,13:42:09.500#,5850.0,5860.0,5826.0,6220.0,5514.0,38390,141404,5846.0,19,5847.0,24,5848.0,30,5849.0,113,5850.0,53,5851.0,103,5852.0,214,5853.0,145,5854.0,118,5855.0,31,5851.0
SR501,,13:42:16.0#,5850.0,5860.0,5826.0,6220.0,5514.0,38390,141404,5846.0,19,5847.0,24,5848.0,30,5849.0,113,5850.0,55,5851.0,101,5852.0,214,5853.0,145,5854.0,118,5855.0,31,5851.0
SR501,,13:42:17.250#,5850.0,5860.0,5826.0,6220.0,5514.0,38393,141401,5846.0,19,5847.0,24,5848.0,30,5849.0,113,5850.0,51,5851.0,98,5852.0,214,5853.0,145,5854.0,118,5855.0,31,5851.0
SR501,,13:42:17.500#,5850.0,5860.0,5826.0,6220.0,5514.0,38393,141401,5846.0,19,5847.0,24,5848.0,30,5849.0,113,5850.0,53,5851.0,98,5852.0,214,5853.0,145,5854.0,118,5855.0,31,5851.0
SR501,,13:42:23.500#,5850.0,5860.0,5826.0,6220.0,5514.0,38394,141400,5846.0,19,5847.0,24,5848.0,30,5849.0,113,5850.0,51,5851.0,97,5852.0,214,5853.0,145,5854.0,118,5855.0,31,5851.0
SR501,,13:42:23.750#,5850.0,5860.0,5826.0,6220.0,5514.0,38394,141400,5846.0,19,5847.0,24,5848.0,30,5849.0,113,5850.0,53,5851.0,97,5852.0,214,5853.0,145,5854.0,118,5855.0,31,5851.0
SR501,,13:42:25.0#,5850.0,5860.0,5826.0,6220.0,5514.0,38395,141399,5846.0,19,5847.0,24,5848.0,30,5849.0,113,5850.0,53,5851.0,96,5852.0,214,5853.0,145,5854.0,118,5855.0,31,5851.0
SR501,,13:42:25.500#,5850.0,5860.0,5826.0,6220.0,5514.0,38395,141399,5846.0,19,5847.0,24,5848.0,30,5849.0,113,5850.0,53,5851.0,96,5852.0,214,5853.0,145,5854.0,118,5855.0,31,5851.0
SR501,,13:42:28.500#,5850.0,5860.0,5826.0,6220.0,5514.0,38399,141395,5846.0,19,5847.0,24,5848.0,30,5849.0,113,5850.0,54,5851.0,92,5852.0,214,5853.0,145,5854.0,118,5855.0,31,5851.0
SR501,,13:42:31.0#,5850.0,5860.0,5826.0,6220.0,5514.0,38405,141392,5846.0,19,5847.0,24,5848.0,30,5849.0,113,5850.0,68,5851.0,87,5852.0,214,5853.0,145,5854.0,118,5855.0,31,5851.0
SR501,,13:42:31.500#,5850.0,5860.0,5826.0,6220.0,5514.0,38405,141392,5846.0,19,5847.0,24,5848.0,30,5849.0,113,5850.0,68,5851.0,87,5852.0,214,5853.0,145,5854.0,118,5855.0,31,5851.0
SR501,,13:42:32.750#,5850.0,5860.0,5826.0,6220.0,5514.0,38414,141383,5846.0,19,5847.0,24,5848.0,30,5849.0,113,5850.0,68,5851.0,78,5852.0,214,5853.0,145,5854.0,118,5855.0,31,5851.0
SR501,,13:42:33.0#,5850.0,5860.0,5826.0,6220.0,5514.0,38476,141351,5846.0,19,5847.0,24,5848.0,30,5849.0,113,5850.0,66,5851.0,16,5852.0,214,5853.0,145,5854.0,118,5855.0,31,5851.0
SR501,,13:42:33.250#,5850.0,5860.0,5826.0,6220.0,5514.0,38492,141351,5847.0,24,5848.0,30,5849.0,113,5850.0,61,5851.0,9,5852.0,217,5853.0,145,5854.0,118,5855.0,31,5856.0,27,5851.0
SR501,,13:42:33.500#,5850.0,5860.0,5826.0,6220.0,5514.0,38492,141351,5847.0,24,5848.0,30,5849.0,113,5850.0,61,5851.0,14,5852.0,215,5853.0,145,5854.0,118,5855.0,31,5856.0,27,5851.0
SR501,,13:42:33.750#,5850.0,5860.0,5826.0,6220.0,5514.0,38492,141351,5847.0,24,5848.0,30,5849.0,113,5850.0,34,5851.0,58,5852.0,212,5853.0,145,5854.0,118,5855.0,31,5856.0,27,5851.0
SR501,,13:42:34.0#,5850.0,5860.0,5826.0,6220.0,5514.0,38492,141351,5847.0,24,5848.0,29,5849.0,113,5850.0,34,5851.0,61,5852.0,207,5853.0,144,5854.0,118,5855.0,31,5856.0,27,5851.0
SR501,,13:42:34.250#,5850.0,5860.0,5826.0,6220.0,5514.0,38492,141351,5847.0,24,5848.0,29,5849.0,113,5850.0,35,5851.0,61,5852.0,207,5853.0,144,5854.0,119,5855.0,31,5856.0,27,5851.0
SR501,,13:42:36.250#,5850.0,5860.0,5826.0,6220.0,5514.0,38492,141351,5847.0,24,5848.0,30,5849.0,113,5850.0,35,5851.0,61,5852.0,207,5853.0,144,5854.0,119,5855.0,31,5856.0,27,5851.0
SR501,,13:42:43.0#,5850.0,5860.0,5826.0,6220.0,5514.0,38492,141351,5847.0,24,5848.0,30,5849.0,113,5850.0,36,5851.0,61,5852.0,207,5853.0,144,5854.0,119,5855.0,31,5856.0,27,5851.0
SR501,,13:42:44.0#,5850.0,5860.0,5826.0,6220.0,5514.0,38492,141351,5847.0,24,5848.0,30,5849.0,113,5850.0,37,5851.0,61,5852.0,207,5853.0,144,5854.0,119,5855.0,31,5856.0,27,5851.0
SR501,,13:42:49.0#,5850.0,5860.0,5826.0,6220.0,5514.0,38492,141351,5847.0,24,5848.0,30,5849.0,113,5850.0,37,5851.0,61,5852.0,207,5853.0,144,5854.0,119,5855.0,31,5856.0,27,5851.0
SR501,,13:42:49.500#,5850.0,5860.0,5826.0,6220.0,5514.0,38492,141351,5847.0,24,5848.0,30,5849.0,113,5850.0,37,5851.0,61,5852.0,207,5853.0,144,5854.0,119,5855.0,31,5856.0,27,5851.0
SR501,,13:42:49.750#,5850.0,5860.0,5826.0,6220.0,5514.0,38492,141351,5847.0,24,5848.0,30,5849.0,113,5850.0,37,5851.0,61,5852.0,207,5853.0,144,5854.0,119,5855.0,31,5856.0,27,5851.0
SR501,,13:43:02.750#,5850.0,5860.0,5826.0,6220.0,5514.0,38492,141351,5847.0,24,5848.0,30,5849.0,113,5850.0,37,5851.0,61,5852.0,207,5853.0,144,5854.0,119,5855.0,31,5856.0,27,5851.0
SR501,,13:43:06.0#,5850.0,5860.0,5826.0,6220.0,5514.0,38492,141351,5847.0,24,5848.0,30,5849.0,113,5850.0,37,5851.0,62,5852.0,207,5853.0,144,5854.0,119,5855.0,31,5856.0,27,5851.0
SR501,,13:43:08.250#,5850.0,5860.0,5826.0,6220.0,5514.0,38492,141351,5847.0,24,5848.0,30,5849.0,113,5850.0,37,5851.0,62,5852.0,208,5853.0,144,5854.0,119,5855.0,31,5856.0,27,5851.0
SR501,,13:43:09.250#,5850.0,5860.0,5826.0,6220.0,5514.0,38492,141351,5847.0,24,5848.0,30,5849.0,113,5850.0,37,5851.0,64,5852.0,208,5853.0,144,5854.0,119,5855.0,31,5856.0,27,5851.0
SR501,,13:43:12.0#,5850.0,5860.0,5826.0,6220.0,5514.0,38492,141351,5847.0,24,5848.0,29,5849.0,113,5850.0,37,5851.0,64,5852.0,208,5853.0,144,5854.0,119,5855.0,31,5856.0,27,5851.0
SR501,,13:43:15.750#,5850.0,5860.0,5826.0,6220.0,5514.0,38492,141351,5847.0,24,5848.0,29,5849.0,113,5850.0,35,5851.0,64,5852.0,208,5853.0,144,5854.0,119,5855.0,31,5856.0,27,5851.0
SR501,,13:43:16.750#,5850.0,5860.0,5826.0,6220.0,5514.0,38492,141351,5847.0,24,5848.0,29,5849.0,113,5850.0,45,5851.0,64,5852.0,208,5853.0,144,5854.0,119,5855.0,31,5856.0,27,5851.0
SR501,,13:43:24.750#,5850.0,5860.0,5826.0,6220.0,5514.0,38492,141351,5847.0,24,5848.0,29,5849.0,113,5850.0,45,5851.0,64,5852.0,209,5853.0,144,5854.0,119,5855.0,31,5856.0,27,5851.0
SR501,,13:43:29.250#,5850.0,5860.0,5826.0,6220.0,5514.0,38492,141351,5847.0,24,5848.0,29,5849.0,113,5850.0,45,5851.0,64,5852.0,257,5853.0,144,5854.0,119,5855.0,31,5856.0,27,5851.0
SR501,,13:43:29.500#,5850.0,5860.0,5826.0,6220.0,5514.0,38492,141351,5847.0,25,5848.0,29,5849.0,114,5850.0,45,5851.0,63,5852.0,258,5853.0,145,5854.0,120,5855.0,31,5856.0,28,5851.0
SR501,,13:43:33.250#,5850.0,5860.0,5826.0,6220.0,5514.0,38492,141351,5847.0,25,5848.0,29,5849.0,114,5850.0,45,5851.0,63,5852.0,258,5853.0,145,5854.0,120,5855.0,31,5856.0,28,5851.0
SR501,,13:43:33.750#,5850.0,5860.0,5826.0,6220.0,5514.0,38492,141351,5847.0,25,5848.0,29,5849.0,114,5850.0,45,5851.0,63,5852.0,258,5853.0,145,5854.0,120,5855.0,31,5856.0,28,5851.0
SR501,,13:43:35.250#,5850.0,5860.0,5826.0,6220.0,5514.0,38492,141351,5847.0,25,5848.0,29,5849.0,114,5850.0,45,5851.0,63,5852.0,258,5853.0,145,5854.0,120,5855.0,31,5856.0,28,5851.0
SR501,,13:43:38.500#,5850.0,5860.0,5826.0,6220.0,5514.0,38492,141351,5847.0,25,5848.0,29,5849.0,114,5850.0,45,5851.0,66,5852.0,258,5853.0,145,5854.0,120,5855.0,31,5856.0,28,5851.0
SR501,,13:43:41.500#,5850.0,5860.0,5826.0,6220.0,5514.0,38493,141351,5847.0,25,5848.0,29,5849.0,114,5850.0,45,5851.0,66,5852.0,258,5853.0,145,5854.0,120,5855.0,31,5856.0,28,5852.0
SR501,,13:43:41.750#,5850.0,5860.0,5826.0,6220.0,5514.0,38493,141351,5847.0,25,5848.0,29,5849.0,114,5850.0,45,5851.0,64,5852.0,258,5853.0,145,5854.0,120,5855.0,31,5856.0,28,5852.0
SR501,,13:43:58.500#,5850.0,5860.0,5826.0,6220.0,5514.0,38493,141351,5847.0,25,5848.0,29,5849.0,114,5850.0,45,5851.0,64,5852.0,257,5853.0,145,5854.0,120,5855.0,31,5856.0,28,5852.0
SR501,,13:43:58.750#,5850.0,5860.0,5826.0,6220.0,5514.0,38493,141351,5847.0,25,5848.0,29,5849.0,114,5850.0,46,5851.0,64,5852.0,257,5853.0,145,5854.0,120,5855.0,31,5856.0,28,5852.0
SR501,,13:43:59.750#,5850.0,5860.0,5826.0,6220.0,5514.0,38493,141351,5847.0,25,5848.0,29,5849.0,114,5850.0,46,5851.0,65,5852.0,257,5853.0,145,5854.0,120,5855.0,31,5856.0,28,5852.0
SR501,,13:44:02.500#,5850.0,5860.0,5826.0,6220.0,5514.0,38493,141351,5847.0,24,5848.0,29,5849.0,114,5850.0,46,5851.0,65,5852.0,257,5853.0,145,5854.0,120,5855.0,31,5856.0,28,5852.0
SR501,,13:44:03.0#,5850.0,5860.0,5826.0,6220.0,5514.0,38493,141351,5847.0,24,5848.0,29,5849.0,114,5850.0,46,5851.0,64,5852.0,257,5853.0,145,5854.0,120,5855.0,31,5856.0,28,5852.0
SR501,,13:44:04.750#,5850.0,5860.0,5826.0,6220.0,5514.0,38493,141351,5847.0,24,5848.0,29,5849.0,114,5850.0,45,5851.0,64,5852.0,257,5853.0,145,5854.0,120,5855.0,31,5856.0,28,5852.0
SR501,,13:44:06.500#,5850.0,5860.0,5826.0,6220.0,5514.0,38494,141351,5847.0,24,5848.0,29,5849.0,114,5850.0,45,5851.0,63,5852.0,256,5853.0,145,5854.0,120,5855.0,31,5856.0,28,5852.0
SR501,,13:44:07.500#,5850.0,5860.0,5826.0,6220.0,5514.0,38494,141351,5847.0,24,5848.0,29,5849.0,114,5850.0,45,5851.0,63,5852.0,256,5853.0,145,5854.0,120,5855.0,31,5856.0,28,5852.0
SR501,,13:44:12.250#,5850.0,5860.0,5826.0,6220.0,5514.0,38495,141351,5847.0,24,5848.0,29,5849.0,114,5850.0,45,5851.0,49,5852.0,261,5853.0,145,5854.0,120,5855.0,31,5856.0,28,5852.0
SR501,,13:44:12.500#,5850.0,5860.0,5826.0,6220.0,5514.0,38495,141351,5847.0,24,5848.0,29,5849.0,114,5850.0,44,5851.0,49,5852.0,262,5853.0,145,5854.0,119,5855.0,31,5856.0,28,5852.0
SR501,,13:44:12.750#,5850.0,5860.0,5826.0,6220.0,5514.0,38495,141351,5847.0,24,5848.0,30,5849.0,114,5850.0,44,5851.0,62,5852.0,261,5853.0,146,5854.0,119,5855.0,31,5856.0,28,5852.0
SR501,,13:44:13.0#,5850.0,5860.0,5826.0,6220.0,5514.0,38495,141351,5847.0,24,5848.0,29,5849.0,114,5850.0,44,5851.0,63,5852.0,261,5853.0,145,5854.0,119,5855.0,31,5856.0,28,5852.0
SR501,,13:44:13.250#,5850.0,5860.0,5826.0,6220.0,5514.0,38495,141351,5847.0,24,5848.0,29,5849.0,115,5850.0,44,5851.0,63,5852.0,261,5853.0,145,5854.0,120,5855.0,31,5856.0,28,5852.0
SR501,,13:44:15.250#,5850.0,5860.0,5826.0,6220.0,5514.0,38496,141350,5847.0,24,5848.0,29,5849.0,115,5850.0,44,5851.0,63,5852.0,260,5853.0,145,5854.0,120,5855.0,31,5856.0,28,5852.0
SR501,,13:44:15.500#,5850.0,5860.0,5826.0,6220.0,5514.0,38496,141350,5847.0,24,5848.0,29,5849.0,115,5850.0,44,5851.0,67,5852.0,260,5853.0,145,5854.0,120,5855.0,31,5856.0,28,5852.0
SR501,,13:44:15.750#,5850.0,5860.0,5826.0,6220.0,5514.0,38496,141350,5847.0,24,5848.0,29,5849.0,115,5850.0,44,5851.0,68,5852.0,260,5853.0,145,5854.0,120,5855.0,31,5856.0,28,5852.0
SR501,,13:44:17.250#,5850.0,5860.0,5826.0,6220.0,5514.0,38496,141350,5847.0,24,5848.0,29,5849.0,115,5850.0,44,5851.0,55,5852.0,261,5853.0,145,5854.0,120,5855.0,31,5856.0,28,5852.0
SR501,,13:44:17.500#,5850.0,5860.0,5826.0,6220.0,5514.0,38496,141350,5847.0,24,5848.0,29,5849.0,115,5850.0,44,5851.0,54,5852.0,261,5853.0,145,5854.0,119,5855.0,31,5856.0,28,5852.0
SR501,,13:44:17.750#,5850.0,5860.0,5826.0,6220.0,5514.0,38496,141350,5847.0,24,5848.0,29,5849.0,115,5850.0,44,5851.0,67,5852.0,260,5853.0,146,5854.0,119,5855.0,31,5856.0,28,5852.0
SR501,,13:44:18.0#,5850.0,5860.0,5826.0,6220.0,5514.0,38496,141350,5847.0,24,5848.0,29,5849.0,115,5850.0,44,5851.0,68,5852.0,260,5853.0,145,5854.0,119,5855.0,31,5856.0,28,5852.0
SR501,,13:44:18.250#,5850.0,5860.0,5826.0,6220.0,5514.0,38496,141350,5847.0,24,5848.0,29,5849.0,115,5850.0,44,5851.0,68,5852.0,260,5853.0,145,5854.0,120,5855.0,31,5856.0,28,5852.0
SR501,,13:44:18.750#,5850.0,5860.0,5826.0,6220.0,5514.0,38497,141350,5847.0,24,5848.0,29,5849.0,115,5850.0,44,5851.0,68,5852.0,260,5853.0,145,5854.0,120,5855.0,31,5856.0,28,5851.0
SR501,,13:44:19.0#,5850.0,5860.0,5826.0,6220.0,5514.0,38497,141350,5847.0,24,5848.0,29,5849.0,115,5850.0,44,5851.0,67,5852.0,260,5853.0,145,5854.0,120,5855.0,31,5856.0,28,5851.0
SR501,,13:44:19.250#,5850.0,5860.0,5826.0,6220.0,5514.0,38497,141350,5847.0,24,5848.0,29,5849.0,115,5850.0,44,5851.0,61,5852.0,260,5853.0,145,5854.0,120,5855.0,31,5856.0,28,5851.0
SR501,,13:44:19.500#,5850.0,5860.0,5826.0,6220.0,5514.0,38497,141350,5847.0,24,5848.0,29,5849.0,115,5850.0,44,5851.0,58,5852.0,260,5853.0,145,5854.0,120,5855.0,31,5856.0,28,5851.0
SR501,,13:44:19.750#,5850.0,5860.0,5826.0,6220.0,5514.0,38497,141350,5847.0,24,5848.0,29,5849.0,115,5850.0,44,5851.0,55,5852.0,260,5853.0,145,5854.0,120,5855.0,31,5856.0,28,5851.0
SR501,,13:44:20.0#,5850.0,5860.0,5826.0,6220.0,5514.0,38497,141350,5847.0,24,5848.0,29,5849.0,115,5850.0,44,5851.0,54,5852.0,261,5853.0,145,5854.0,119,5855.0,31,5856.0,28,5851.0
SR501,,13:44:20.250#,5850.0,5860.0,5826.0,6220.0,5514.0,38497,141350,5847.0,24,5848.0,29,5849.0,115,5850.0,44,5851.0,54,5852.0,261,5853.0,146,5854.0,119,5855.0,31,5856.0,28,5851.0
SR501,,13:44:20.500#,5850.0,5860.0,5826.0,6220.0,5514.0,38497,141350,5847.0,24,5848.0,29,5849.0,115,5850.0,44,5851.0,54,5852.0,260,5853.0,146,5854.0,119,5855.0,31,5856.0,28,5851.0
SR501,,13:44:20.750#,5850.0,5860.0,5826.0,6220.0,5514.0,38497,141350,5847.0,24,5848.0,29,5849.0,115,5850.0,44,5851.0,66,5852.0,260,5853.0,146,5854.0,119,5855.0,31,5856.0,28,5851.0
SR501,,13:44:21.0#,5850.0,5860.0,5826.0,6220.0,5514.0,38497,141350,5847.0,24,5848.0,29,5849.0,115,5850.0,44,5851.0,68,5852.0,260,5853.0,145,5854.0,119,5855.0,31,5856.0,28,5851.0
SR501,,13:44:21.250#,5850.0,5860.0,5826.0,6220.0,5514.0,38497,141350,5847.0,24,5848.0,29,5849.0,115,5850.0,44,5851.0,68,5852.0,260,5853.0,145,5854.0,120,5855.0,31,5856.0,28,5851.0
SR501,,13:44:25.0#,5850.0,5860.0,5826.0,6220.0,5514.0,38497,141350,5847.0,24,5848.0,29,5849.0,115,5850.0,44,5851.0,68,5852.0,255,5853.0,145,5854.0,120,5855.0,31,5856.0,28,5851.0
SR501,,13:44:25.500#,5850.0,5860.0,5826.0,6220.0,5514.0,38498,141350,5847.0,24,5848.0,29,5849.0,115,5850.0,44,5851.0,67,5852.0,254,5853.0,145,5854.0,120,5855.0,31,5856.0,28,5852.0
SR501,,13:44:26.750#,5850.0,5860.0,5826.0,6220.0,5514.0,38598,141288,5847.0,24,5848.0,29,5849.0,115,5850.0,44,5851.0,45,5852.0,254,5853.0,145,5854.0,120,5855.0,31,5856.0,28,5851.0
SR501,,13:44:27.0#,5850.0,5860.0,5826.0,6220.0,5514.0,38598,141288,5847.0,24,5848.0,29,5849.0,115,5850.0,44,5851.0,40,5852.0,254,5853.0,145,5854.0,119,5855.0,31,5856.0,28,5851.0
SR501,,13:44:27.250#,5850.0,5860.0,5826.0,6220.0,5514.0,38598,141288,5847.0,24,5848.0,29,5849.0,115,5850.0,44,5851.0,39,5852.0,255,5853.0,145,5854.0,120,5855.0,31,5856.0,28,5851.0
SR501,,13:44:27.500#,5850.0,5860.0,5826.0,6220.0,5514.0,38598,141288,5847.0,24,5848.0,29,5849.0,115,5850.0,44,5851.0,40,5852.0,254,5853.0,145,5854.0,119,5855.0,31,5856.0,28,5851.0
SR501,,13:44:27.750#,5850.0,5860.0,5826.0,6220.0,5514.0,38598,141288,5847.0,24,5848.0,29,5849.0,115,5850.0,44,5851.0,40,5852.0,254,5853.0,145,5854.0,120,5855.0,31,5856.0,28,5851.0
SR501,,13:44:28.0#,5850.0,5860.0,5826.0,6220.0,5514.0,38598,141288,5847.0,24,5848.0,29,5849.0,115,5850.0,44,5851.0,41,5852.0,254,5853.0,145,5854.0,120,5855.0,31,5856.0,28,5851.0
SR501,,13:44:28.500#,5850.0,5860.0,5826.0,6220.0,5514.0,38678,141254,5846.0,19,5847.0,24,5848.0,29,5849.0,115,5850.0,67,5851.0,20,5852.0,254,5853.0,145,5854.0,120,5855.0,31,5851.0
SR501,,13:44:29.0#,5850.0,5860.0,5826.0,6220.0,5514.0,38678,141254,5846.0,19,5847.0,24,5848.0,29,5849.0,115,5850.0,68,5851.0,20,5852.0,254,5853.0,146,5854.0,119,5855.0,31,5851.0
SR501,,13:44:30.0#,5850.0,5860.0,5826.0,6220.0,5514.0,38678,141254,5846.0,19,5847.0,24,5848.0,29,5849.0,115,5850.0,68,5851.0,24,5852.0,254,5853.0,146,5854.0,119,5855.0,31,5851.0
SR501,,13:44:30.250#,5850.0,5860.0,5826.0,6220.0,5514.0,38678,141254,5846.0,19,5847.0,24,5848.0,29,5849.0,115,5850.0,68,5851.0,25,5852.0,253,5853.0,146,5854.0,119,5855.0,31,5851.0
SR501,,13:44:30.500#,5850.0,5860.0,5826.0,6220.0,5514.0,38678,141254,5846.0,19,5847.0,24,5848.0,29,5849.0,115,5850.0,68,5851.0,27,5852.0,253,5853.0,146,5854.0,119,5855.0,31,5851.0
SR501,,13:44:31.500#,5850.0,5860.0,5826.0,6220.0,5514.0,38678,141254,5846.0,19,5847.0,24,5848.0,29,5849.0,115,5850.0,68,5851.0,29,5852.0,253,5853.0,146,5854.0,119,5855.0,31,5851.0
SR501,,13:44:31.750#,5850.0,5860.0,5826.0,6220.0,5514.0,38678,141254,5846.0,19,5847.0,24,5848.0,29,5849.0,115,5850.0,68,5851.0,28,5852.0,253,5853.0,146,5854.0,119,5855.0,31,5851.0
SR501,,13:44:32.500#,5850.0,5860.0,5826.0,6220.0,5514.0,38678,141254,5846.0,19,5847.0,24,5848.0,29,5849.0,115,5850.0,68,5851.0,27,5852.0,253,5853.0,146,5854.0,119,5855.0,31,5851.0
SR501,,13:44:35.750#,5850.0,5860.0,5826.0,6220.0,5514.0,38694,141238,5846.0,19,5847.0,24,5848.0,29,5849.0,115,5850.0,52,5851.0,11,5852.0,253,5853.0,146,5854.0,119,5855.0,31,5851.0
SR501,,13:44:36.0#,5850.0,5860.0,5826.0,6220.0,5514.0,38705,141240,5846.0,19,5847.0,24,5848.0,29,5849.0,115,5850.0,52,5852.0,260,5853.0,146,5854.0,119,5855.0,31,5856.0,28,5851.0
SR501,,13:44:36.250#,5850.0,5860.0,5826.0,6220.0,5514.0,38705,141240,5846.0,19,5847.0,24,5848.0,29,5849.0,115,5850.0,52,5852.0,261,5853.0,146,5854.0,119,5855.0,31,5856.0,28,5851.0
SR501,,13:44:36.500#,5850.0,5860.0,5826.0,6220.0,5514.0,38705,141240,5846.0,19,5847.0,24,5848.0,29,5849.0,115,5850.0,56,5852.0,266,5853.0,146,5854.0,119,5855.0,31,5856.0,28,5851.0
SR501,,13:44:36.750#,5850.0,5860.0,5826.0,6220.0,5514.0,38705,141240,5846.0,19,5847.0,24,5848.0,29,5849.0,115,5850.0,54,5851.0,1,5852.0,260,5853.0,146,5854.0,119,5855.0,31,5851.0
SR501,,13:44:37.0#,5850.0,5860.0,5826.0,6220.0,5514.0,38705,141240,5846.0,19,5847.0,24,5848.0,29,5849.0,115,5850.0,54,5851.0,16,5852.0,260,5853.0,146,5854.0,119,5855.0,31,5851.0
SR501,,13:44:37.250#,5850.0,5860.0,5826.0,6220.0,5514.0,38705,141240,5846.0,19,5847.0,24,5848.0,29,5849.0,115,5850.0,52,5851.0,16,5852.0,260,5853.0,146,5854.0,119,5855.0,31,5851.0
SR501,,13:44:38.0#,5850.0,5860.0,5826.0,6220.0,5514.0,38705,141240,5846.0,19,5847.0,24,5848.0,29,5849.0,115,5850.0,52,5851.0,14,5852.0,260,5853.0,146,5854.0,119,5855.0,31,5851.0
SR501,,13:44:39.250#,5850.0,5860.0,5826.0,6220.0,5514.0,38707,141240,5846.0,19,5847.0,24,5848.0,29,5849.0,115,5850.0,50,5851.0,12,5852.0,260,5853.0,146,5854.0,119,5855.0,31,5851.0
SR501,,13:44:40.0#,5850.0,5860.0,5826.0,6220.0,5514.0,38707,141240,5846.0,19,5847.0,24,5848.0,29,5849.0,115,5850.0,50,5851.0,112,5852.0,260,5853.0,146,5854.0,119,5855.0,31,5851.0
SR501,,13:44:40.250#,5850.0,5860.0,5826.0,6220.0,5514.0,38707,141240,5846.0,19,5847.0,24,5848.0,29,5849.0,115,5850.0,50,5851.0,113,5852.0,260,5853.0,146,5854.0,119,5855.0,31,5851.0
SR501,,13:44:40.500#,5850.0,5860.0,5826.0,6220.0,5514.0,38707,141240,5846.0,19,5847.0,24,5848.0,29,5849.0,115,5850.0,50,5851.0,118,5852.0,260,5853.0,146,5854.0,119,5855.0,31,5851.0
SR501,,13:44:41.500#,5850.0,5860.0,5826.0,6220.0,5514.0,38711,141236,5846.0,19,5847.0,24,5848.0,29,5849.0,115,5850.0,46,5851.0,118,5852.0,260,5853.0,146,5854.0,119,5855.0,31,5850.0
SR501,,13:44:45.0#,5850.0,5860.0,5826.0,6220.0,5514.0,38712,141236,5846.0,19,5847.0,24,5848.0,29,5849.0,115,5850.0,44,5851.0,117,5852.0,258,5853.0,146,5854.0,119,5855.0,31,5851.0
SR501,,13:44:47.250#,5850.0,5860.0,5826.0,6220.0,5514.0,38712,141236,5846.0,19,5847.0,24,5848.0,29,5849.0,115,5850.0,44,5851.0,117,5852.0,257,5853.0,146,5854.0,119,5855.0,31,5851.0
SR501,,13:44:48.250#,5850.0,5860.0,5826.0,6220.0,5514.0,38713,141237,5846.0,19,5847.0,24,5848.0,29,5849.0,115,5850.0,43,5851.0,117,5852.0,257,5853.0,146,5854.0,119,5855.0,31,5850.0
SR501,,13:44:50.250#,5850.0,5860.0,5826.0,6220.0,5514.0,38713,141237,5846.0,19,5847.0,24,5848.0,29,5849.0,115,5850.0,38,5851.0,117,5852.0,257,5853.0,146,5854.0,119,5855.0,31,5850.0
SR501,,13:44:50.500#,5850.0,5860.0,5826.0,6220.0,5514.0,38713,141237,5846.0,19,5847.0,24,5848.0,29,5849.0,115,5850.0,38,5851.0,117,5852.0,257,5853.0,146,5854.0,119,5855.0,31,5850.0
SR501,,13:44:52.750#,5850.0,5860.0,5826.0,6220.0,5514.0,38714,141237,5846.0,19,5847.0,24,5848.0,29,5849.0,115,5850.0,38,5851.0,116,5852.0,257,5853.0,146,5854.0,119,5855.0,31,5851.0
SR501,,13:44:53.500#,5850.0,5860.0,5826.0,6220.0,5514.0,38714,141237,5846.0,19,5847.0,24,5848.0,29,5849.0,115,5850.0,37,5851.0,117,5852.0,257,5853.0,146,5854.0,119,5855.0,31,5851.0
SR501,,13:44:53.750#,5850.0,5860.0,5826.0,6220.0,5514.0,38714,141237,5846.0,19,5847.0,24,5848.0,29,5849.0,114,5850.0,37,5851.0,122,5852.0,257,5853.0,145,5854.0,119,5855.0,31,5851.0
SR501,,13:44:54.0#,5850.0,5860.0,5826.0,6220.0,5514.0,38714,141237,5846.0,19,5847.0,25,5848.0,29,5849.0,114,5850.0,37,5851.0,122,5852.0,258,5853.0,145,5854.0,119,5855.0,31,5851.0
SR501,,13:44:54.250#,5850.0,5860.0,5826.0,6220.0,5514.0,38714,141237,5846.0,19,5847.0,25,5848.0,29,5849.0,114,5850.0,37,5851.0,123,5852.0,258,5853.0,145,5854.0,119,5855.0,31,5851.0
SR501,,13:44:55.500#,5850.0,5860.0,5826.0,6220.0,5514.0,38714,141237,5846.0,19,5847.0,25,5848.0,29,5849.0,114,5850.0,37,5851.0,122,5852.0,258,5853.0,145,5854.0,119,5855.0,31,5851.0
SR501,,13:44:55.750#,5850.0,5860.0,5826.0,6220.0,5514.0,38721,141243,5846.0,19,5847.0,24,5848.0,29,5849.0,114,5850.0,42,5851.0,110,5852.0,258,5853.0,145,5854.0,119,5855.0,31,5851.0
SR501,,13:44:56.0#,5850.0,5860.0,5826.0,6220.0,5514.0,38721,141243,5846.0,19,5847.0,24,5848.0,30,5849.0,114,5850.0,50,5851.0,109,5852.0,257,5853.0,145,5854.0,119,5855.0,31,5851.0
SR501,,13:44:56.250#,5850.0,5860.0,5826.0,6220.0,5514.0,38721,141243,5846.0,19,5847.0,24,5848.0,30,5849.0,114,5850.0,52,5851.0,109,5852.0,257,5853.0,146,5854.0,119,5855.0,31,5851.0
SR501,,13:44:56.750#,5850.0,5860.0,5826.0,6220.0,5514.0,38721,141243,5846.0,19,5847.0,24,5848.0,30,5849.0,114,5850.0,39,5851.0,109,5852.0,257,5853.0,146,5854.0,119,5855.0,31,5851.0
SR501,,13:44:57.0#,5850.0,5860.0,5826.0,6220.0,5514.0,38721,141243,5846.0,19,5847.0,24,5848.0,30,5849.0,114,5850.0,37,5851.0,110,5852.0,257,5853.0,146,5854.0,119,5855.0,31,5851.0
SR501,,13:44:57.250#,5850.0,5860.0,5826.0,6220.0,5514.0,38758,141230,5845.0,51,5846.0,19,5847.0,24,5848.0,30,5849.0,132,5851.0,115,5852.0,257,5853.0,145,5854.0,119,5855.0,31,5850.0
SR501,,13:44:57.500#,5850.0,5860.0,5826.0,6220.0,5514.0,38758,141230,5845.0,51,5846.0,19,5847.0,24,5848.0,30,5849.0,132,5850.0,13,5851.0,112,5852.0,258,5853.0,145,5854.0,119,5850.0
SR501,,13:44:57.750#,5850.0,5860.0,5826.0,6220.0,5514.0,38758,141230,5845.0,52,5846.0,19,5847.0,24,5848.0,30,5849.0,131,5850.0,17,5851.0,112,5852.0,258,5853.0,145,5854.0,119,5850.0
SR501,,13:44:58.0#,5850.0,5860.0,5826.0,6220.0,5514.0,38759,141230,5845.0,52,5846.0,19,5847.0,24,5848.0,30,5849.0,131,5850.0,20,5851.0,112,5852.0,258,5853.0,145,5854.0,119,5850.0
SR501,,13:44:58.250#,5850.0,5860.0,5826.0,6220.0,5514.0,38759,141230,5845.0,52,5846.0,19,5847.0,24,5848.0,30,5849.0,130,5850.0,20,5851.0,112,5852.0,258,5853.0,145,5854.0,119,5850.0
SR501,,13:44:58.500#,5850.0,5860.0,5826.0,6220.0,5514.0,38759,141230,5845.0,52,5846.0,19,5847.0,24,5848.0,30,5849.0,129,5850.0,20,5851.0,112,5852.0,258,5853.0,145,5854.0,119,5850.0
SR501,,13:45:00.0#,5850.0,5860.0,5826.0,6220.0,5514.0,38760,141230,5845.0,52,5846.0,19,5847.0,24,5848.0,30,5849.0,129,5850.0,19,5851.0,112,5852.0,258,5853.0,145,5854.0,119,5850.0
SR501,,13:45:01.0#,5850.0,5860.0,5826.0,6220.0,5514.0,38760,141230,5845.0,52,5846.0,19,5847.0,24,5848.0,30,5849.0,115,5850.0,21,5851.0,112,5852.0,258,5853.0,145,5854.0,119,5850.0
SR501,,13:45:01.500#,5850.0,5860.0,5826.0,6220.0,5514.0,38760,141230,5845.0,52,5846.0,20,5847.0,24,5848.0,29,5849.0,110,5850.0,26,5851.0,113,5852.0,257,5853.0,145,5854.0,119,5850.0
SR501,,13:45:03.0#,5850.0,5860.0,5826.0,6220.0,5514.0,38870,141155,5844.0,6,5845.0,52,5846.0,20,5847.0,24,5848.0,24,5849.0,40,5850.0,40,5851.0,113,5852.0,257,5853.0,145,5849.0
SR501,,13:45:03.250#,5850.0,5860.0,5826.0,6220.0,5514.0,38870,141155,5844.0,6,5845.0,52,5846.0,20,5847.0,24,5848.0,24,5849.0,40,5850.0,40,5851.0,112,5852.0,257,5853.0,145,5849.0
SR501,,13:45:03.500#,5850.0,5860.0,5826.0,6220.0,5514.0,38870,141155,5844.0,6,5845.0,52,5846.0,20,5847.0,24,5848.0,24,5849.0,40,5850.0,41,5851.0,112,5852.0,257,5853.0,145,5849.0
SR501,,13:45:05.0#,5850.0,5860.0,5826.0,6220.0,5514.0,38874,141155,5844.0,6,5845.0,52,5846.0,20,5847.0,24,5848.0,17,5849.0,36,5850.0,41,5851.0,112,5852.0,257,5853.0,145,5848.0
SR501,,13:45:05.250#,5850.0,5860.0,5826.0,6220.0,5514.0,38891,141148,5843.0,32,5844.0,6,5845.0,52,5846.0,20,5847.0,32,5848.0,10,5849.0,38,5850.0,41,5851.0,115,5852.0,257,5848.0
SR501,,13:45:05.500#,5850.0,5860.0,5826.0,6220.0,5514.0,38891,141148,5843.0,32,5844.0,6,5845.0,52,5846.0,19,5847.0,32,5848.0,7,5849.0,38,5850.0,40,5851.0,115,5852.0,257,5848.0
SR501,,13:45:05.750#,5850.0,5860.0,5826.0,6220.0,5514.0,38891,141148,5843.0,32,5844.0,6,5845.0,53,5846.0,19,5847.0,45,5848.0,6,5849.0,39,5850.0,40,5851.0,115,5852.0,257,5848.0
SR501,,13:45:06.0#,5850.0,5860.0,5826.0,6220.0,5514.0,38896,141153,5843.0,32,5844.0,6,5845.0,53,5846.0,19,5847.0,44,5848.0,1,5849.0,38,5850.0,40,5851.0,115,5852.0,257,5848.0
SR501,,13:45:06.500#,5850.0,5860.0,5826.0,6220.0,5514.0,38896,141153,5844.0,6,5845.0,53,5846.0,19,5847.0,30,5848.0,3,5849.0,53,5850.0,41,5851.0,115,5852.0,257,5853.0,145,5848.0
SR501,,13:45:06.750#,5850.0,5860.0,5826.0,6220.0,5514.0,38899,141153,5843.0,32,5844.0,6,5845.0,53,5846.0,19,5847.0,49,5848.0,1,5849.0,39,5850.0,41,5851.0,115,5852.0,257,5848.0
SR501,,13:45:07.0#,5850.0,5860.0,5826.0,6220.0,5514.0,38899,141153,5843.0,32,5844.0,6,5845.0,53,5846.0,19,5847.0,50,5849.0,50,5850.0,41,5851.0,115,5852.0,257,5853.0,145,5848.0
SR501,,13:45:07.500#,5850.0,5860.0,5826.0,6220.0,5514.0,38914,141146,5843.0,32,5844.0,6,5845.0,53,5846.0,19,5847.0,27,5848.0,14,5849.0,39,5850.0,28,5851.0,115,5852.0,257,5847.0
SR501,,13:45:07.750#,5850.0,5860.0,5826.0,6220.0,5514.0,38916,141144,5843.0,32,5844.0,6,5845.0,53,5846.0,19,5847.0,20,5848.0,32,5849.0,39,5850.0,28,5851.0,115,5852.0,257,5847.0
SR501,,13:45:08.0#,5850.0,5860.0,5826.0,6220.0,5514.0,38916,141144,5843.0,32,5844.0,6,5845.0,53,5846.0,19,5847.0,20,5848.0,39,5849.0,39,5850.0,27,5851.0,115,5852.0,257,5847.0
SR501,,13:45:08.250#,5850.0,5860.0,5826.0,6220.0,5514.0,38916,141144,5843.0,32,5844.0,6,5845.0,53,5846.0,19,5847.0,19,5848.0,40,5849.0,40,5850.0,27,5851.0,115,5852.0,257,5847.0
SR501,,13:45:08.500#,5850.0,5860.0,5826.0,6220.0,5514.0,38921,141145,5843.0,32,5844.0,6,5845.0,53,5846.0,19,5847.0,9,5848.0,43,5849.0,40,5850.0,27,5851.0,115,5852.0,257,5847.0
SR501,,13:45:08.750#,5850.0,5860.0,5826.0,6220.0,5514.0,38921,141145,5843.0,32,5844.0,6,5845.0,53,5846.0,19,5847.0,4,5848.0,44,5849.0,40,5850.0,26,5851.0,115,5852.0,257,5847.0
SR501,,13:45:09.0#,5850.0,5860.0,5826.0,6220.0,5514.0,38925,141143,5842.0,27,5843.0,32,5844.0,6,5845.0,53,5846.0,37,5848.0,44,5849.0,40,5850.0,26,5851.0,115,5852.0,257,5847.0
SR501,,13:45:09.500#,5850.0,5860.0,5826.0,6220.0,5514.0,38926,141144,5842.0,22,5843.0,32,5844.0,6,5845.0,53,5846.0,56,5847.0,5,5848.0,33,5849.0,41,5850.0,26,5851.0,115,5848.0
SR501,,13:45:09.750#,5850.0,5860.0,5826.0,6220.0,5514.0,38926,141144,5842.0,22,5843.0,32,5844.0,6,5845.0,53,5846.0,55,5848.0,44,5849.0,41,5850.0,22,5851.0,115,5852.0,257,5848.0
SR501,,13:45:10.0#,5850.0,5860.0,5826.0,6220.0,5514.0,38926,141144,5842.0,22,5843.0,32,5844.0,6,5845.0,53,5846.0,55,5847.0,5,5848.0,33,5849.0,41,5850.0,22,5851.0,115,5848.0
SR501,,13:45:10.250#,5850.0,5860.0,5826.0,6220.0,5514.0,38927,141145,5842.0,22,5843.0,32,5844.0,6,5845.0,53,5846.0,55,5848.0,42,5849.0,41,5850.0,22,5851.0,115,5852.0,257,5848.0
SR501,,13:45:10.500#,5850.0,5860.0,5826.0,6220.0,5514.0,38927,141145,5842.0,22,5843.0,32,5844.0,6,5845.0,53,5846.0,55,5847.0,5,5848.0,33,5849.0,41,5850.0,22,5851.0,115,5848.0
SR501,,13:45:10.750#,5850.0,5860.0,5826.0,6220.0,5514.0,38927,141145,5842.0,22,5843.0,32,5844.0,6,5845.0,53,5846.0,55,5848.0,42,5849.0,42,5850.0,22,5851.0,115,5852.0,257,5848.0
SR501,,13:45:11.0#,5850.0,5860.0,5826.0,6220.0,5514.0,38927,141145,5842.0,22,5843.0,32,5844.0,6,5845.0,53,5846.0,55,5847.0,5,5848.0,33,5849.0,42,5850.0,22,5851.0,115,5848.0
SR501,,13:45:11.250#,5850.0,5860.0,5826.0,6220.0,5514.0,38927,141145,5842.0,22,5843.0,32,5844.0,6,5845.0,53,5846.0,55,5848.0,42,5849.0,42,5850.0,22,5851.0,115,5852.0,257,5848.0
SR501,,13:45:11.500#,5850.0,5860.0,5826.0,6220.0,5514.0,38927,141145,5842.0,22,5843.0,32,5844.0,6,5845.0,53,5846.0,55,5847.0,5,5848.0,33,5849.0,42,5850.0,22,5851.0,115,5848.0
SR501,,13:45:11.750#,5850.0,5860.0,5826.0,6220.0,5514.0,38927,141145,5842.0,22,5843.0,32,5844.0,6,5845.0,53,5846.0,55,5848.0,42,5849.0,42,5850.0,22,5851.0,115,5852.0,257,5848.0
SR501,,13:45:12.0#,5850.0,5860.0,5826.0,6220.0,5514.0,38927,141145,5842.0,22,5843.0,32,5844.0,6,5845.0,53,5846.0,55,5847.0,5,5848.0,33,5849.0,42,5850.0,22,5851.0,115,5848.0
SR501,,13:45:12.250#,5850.0,5860.0,5826.0,6220.0,5514.0,38927,141145,5842.0,22,5843.0,32,5844.0,6,5845.0,53,5846.0,55,5848.0,42,5849.0,42,5850.0,22,5851.0,115,5852.0,257,5848.0
SR501,,13:45:12.500#,5850.0,5860.0,5826.0,6220.0,5514.0,38927,141145,5842.0,22,5843.0,32,5844.0,6,5845.0,53,5846.0,55,5847.0,5,5848.0,33,5849.0,42,5850.0,22,5851.0,115,5848.0
SR501,,13:45:14.250#,5850.0,5860.0,5826.0,6220.0,5514.0,38928,141145,5842.0,22,5843.0,32,5844.0,6,5845.0,53,5846.0,54,5848.0,42,5849.0,42,5850.0,22,5851.0,115,5852.0,257,5847.0
SR501,,13:45:14.750#,5850.0,5860.0,5826.0,6220.0,5514.0,38928,141145,5842.0,22,5843.0,32,5844.0,6,5845.0,53,5846.0,54,5848.0,47,5849.0,42,5850.0,22,5851.0,115,5852.0,257,5847.0
SR501,,13:45:15.500#,5850.0,5860.0,5826.0,6220.0,5514.0,38928,141145,5842.0,22,5843.0,32,5844.0,6,5845.0,53,5846.0,55,5848.0,47,5849.0,42,5850.0,22,5851.0,115,5852.0,257,5847.0
SR501,,13:45:19.250#,5850.0,5860.0,5826.0,6220.0,5514.0,38928,141145,5842.0,21,5843.0,32,5844.0,6,5845.0,53,5846.0,55,5848.0,47,5849.0,42,5850.0,22,5851.0,115,5852.0,257,5847.0
SR501,,13:45:20.0#,5850.0,5860.0,5826.0,6220.0,5514.0,38929,141145,5842.0,21,5843.0,32,5844.0,6,5845.0,53,5846.0,54,5847.0,13,5848.0,38,5849.0,42,5850.0,22,5851.0,115,5846.0
SR501,,13:45:20.250#,5850.0,5860.0,5826.0,6220.0,5514.0,38930,141144,5842.0,21,5843.0,32,5844.0,6,5845.0,53,5846.0,38,5847.0,25,5848.0,39,5849.0,42,5850.0,22,5851.0,115,5846.0
SR501,,13:45:20.500#,5850.0,5860.0,5826.0,6220.0,5514.0,38930,141144,5842.0,21,5843.0,32,5844.0,5,5845.0,51,5846.0,38,5847.0,31,5848.0,38,5849.0,41,5850.0,22,5851.0,115,5846.0
SR501,,13:45:20.750#,5850.0,5860.0,5826.0,6220.0,5514.0,38930,141144,5842.0,21,5843.0,32,5844.0,6,5845.0,51,5846.0,38,5847.0,33,5848.0,39,5849.0,41,5850.0,22,5851.0,115,5846.0
SR501,,13:45:21.250#,5850.0,5860.0,5826.0,6220.0,5514.0,38931,141145,5842.0,21,5843.0,32,5844.0,6,5845.0,51,5846.0,38,5847.0,32,5848.0,39,5849.0,41,5850.0,22,5851.0,115,5846.0
SR501,,13:45:21.500#,5850.0,5860.0,5826.0,6220.0,5514.0,38932,141146,5842.0,21,5843.0,32,5844.0,6,5845.0,51,5846.0,38,5847.0,31,5848.0,39,5849.0,41,5850.0,22,5851.0,115,5846.0
SR501,,13:45:21.750#,5850.0,5860.0,5826.0,6220.0,5514.0,38933,141147,5842.0,21,5843.0,32,5844.0,6,5845.0,51,5846.0,37,5847.0,40,5848.0,39,5849.0,41,5850.0,22,5851.0,115,5846.0
SR501,,13:45:22.0#,5850.0,5860.0,5826.0,6220.0,5514.0,38933,141147,5842.0,21,5843.0,32,5844.0,6,5845.0,51,5846.0,24,5847.0,40,5848.0,39,5849.0,41,5850.0,22,5851.0,115,5846.0
SR501,,13:45:22.250#,5850.0,5860.0,5826.0,6220.0,5514.0,38933,141147,5842.0,21,5843.0,32,5844.0,6,5845.0,51,5846.0,24,5847.0,41,5848.0,39,5849.0,40,5850.0,22,5851.0,115,5846.0
SR501,,13:45:24.500#,5850.0,5860.0,5826.0,6220.0,5514.0,38938,141151,5842.0,21,5843.0,32,5844.0,6,5845.0,51,5846.0,19,5847.0,44,5848.0,39,5849.0,40,5850.0,22,5851.0,115,5847.0
SR501,,13:45:25.0#,5850.0,5860.0,5826.0,6220.0,5514.0,38943,141156,5842.0,21,5843.0,32,5844.0,6,5845.0,51,5846.0,14,5847.0,44,5848.0,39,5849.0,40,5850.0,22,5851.0,115,5846.0
SR501,,13:45:25.500#,5850.0,5860.0,5826.0,6220.0,5514.0,38945,141158,5842.0,21,5843.0,32,5844.0,6,5845.0,51,5846.0,12,5847.0,42,5848.0,39,5849.0,40,5850.0,22,5851.0,115,5846.0
SR501,,13:45:25.750#,5850.0,5860.0,5826.0,6220.0,5514.0,38945,141158,5842.0,21,5843.0,32,5844.0,6,5845.0,51,5846.0,12,5847.0,47,5848.0,39,5849.0,40,5850.0,22,5851.0,115,5846.0
SR501,,13:45:26.0#,5850.0,5860.0,5826.0,6220.0,5514.0,38951,141159,5842.0,21,5843.0,32,5844.0,6,5845.0,51,5846.0,12,5847.0,46,5848.0,39,5849.0,40,5850.0,22,5851.0,115,5846.0
SR501,,13:45:26.250#,5850.0,5860.0,5826.0,6220.0,5514.0,38951,141159,5842.0,21,5843.0,32,5844.0,6,5845.0,51,5846.0,15,5847.0,46,5848.0,39,5849.0,40,5850.0,22,5851.0,115,5846.0
SR501,,13:45:26.750#,5850.0,5860.0,5826.0,6220.0,5514.0,38951,141159,5842.0,21,5843.0,32,5844.0,6,5845.0,51,5846.0,15,5847.0,51,5848.0,39,5849.0,40,5850.0,22,5851.0,115,5846.0
SR501,,13:45:27.0#,5850.0,5860.0,5826.0,6220.0,5514.0,38951,141159,5842.0,21,5843.0,32,5844.0,6,5845.0,51,5846.0,15,5847.0,52,5848.0,39,5849.0,40,5850.0,22,5851.0,115,5846.0
SR501,,13:45:28.500#,5850.0,5860.0,5826.0,6220.0,5514.0,38951,141159,5842.0,21,5843.0,32,5844.0,6,5845.0,51,5846.0,15,5847.0,50,5848.0,39,5849.0,40,5850.0,22,5851.0,115,5846.0
SR501,,13:45:28.750#,5850.0,5860.0,5826.0,6220.0,5514.0,38951,141159,5842.0,21,5843.0,32,5844.0,6,5845.0,51,5846.0,17,5847.0,50,5848.0,39,5849.0,40,5850.0,22,5851.0,115,5846.0
SR501,,13:45:29.0#,5850.0,5860.0,5826.0,6220.0,5514.0,38954,141162,5842.0,21,5843.0,32,5844.0,6,5845.0,51,5846.0,14,5847.0,50,5848.0,39,5849.0,40,5850.0,22,5851.0,115,5846.0
SR501,,13:45:29.250#,5850.0,5860.0,5826.0,6220.0,5514.0,38954,141162,5842.0,21,5843.0,32,5844.0,6,5845.0,51,5846.0,14,5847.0,51,5848.0,39,5849.0,40,5850.0,22,5851.0,115,5846.0
SR501,,13:45:29.500#,5850.0,5860.0,5826.0,6220.0,5514.0,38954,141162,5842.0,21,5843.0,32,5844.0,6,5845.0,51,5846.0,12,5847.0,51,5848.0,39,5849.0,40,5850.0,22,5851.0,115,5846.0
SR501,,13:45:34.500#,5850.0,5860.0,5826.0,6220.0,5514.0,38954,141162,5842.0,21,5843.0,32,5844.0,6,5845.0,51,5846.0,13,5847.0,51,5848.0,39,5849.0,40,5850.0,22,5851.0,115,5846.0
SR501,,13:45:34.750#,5850.0,5860.0,5826.0,6220.0,5514.0,38955,141162,5842.0,21,5843.0,32,5844.0,6,5845.0,51,5846.0,13,5847.0,50,5848.0,39,5849.0,40,5850.0,22,5851.0,115,5847.0
SR501,,13:45:37.0#,5850.0,5860.0,5826.0,6220.0,5514.0,38958,141163,5842.0,21,5843.0,32,5844.0,6,5845.0,51,5846.0,10,5847.0,50,5848.0,39,5849.0,40,5850.0,22,5851.0,115,5846.0
SR501,,13:45:37.500#,5850.0,5860.0,5826.0,6220.0,5514.0,38958,141163,5842.0,21,5843.0,32,5844.0,6,5845.0,51,5846.0,7,5847.0,53,5848.0,39,5849.0,40,5850.0,22,5851.0,115,5846.0
SR501,,13:45:39.0#,5850.0,5860.0,5826.0,6220.0,5514.0,38969,141163,5841.0,25,5842.0,21,5843.0,32,5844.0,6,5845.0,62,5846.0,17,5847.0,46,5848.0,39,5849.0,40,5850.0,22,5846.0
SR501,,13:45:39.250#,5850.0,5860.0,5826.0,6220.0,5514.0,38969,141163,5841.0,25,5842.0,21,5843.0,32,5844.0,5,5845.0,60,5846.0,9,5847.0,46,5848.0,39,5849.0,40,5850.0,22,5846.0
SR501,,13:45:39.500#,5850.0,5860.0,5826.0,6220.0,5514.0,38969,141163,5841.0,25,5842.0,21,5843.0,33,5844.0,10,5845.0,60,5846.0,9,5847.0,46,5848.0,39,5849.0,40,5850.0,22,5846.0
SR501,,13:45:40.0#,5850.0,5860.0,5826.0,6220.0,5514.0,38969,141163,5842.0,21,5843.0,33,5844.0,10,5845.0,54,5846.0,1,5847.0,55,5848.0,39,5849.0,40,5850.0,22,5851.0,113,5846.0
SR501,,13:45:41.500#,5850.0,5860.0,5826.0,6220.0,5514.0,38970,141164,5842.0,21,5843.0,33,5844.0,10,5845.0,54,5846.0,1,5847.0,54,5848.0,39,5849.0,40,5850.0,22,5851.0,113,5847.0
SR501,,13:45:41.750#,5850.0,5860.0,5826.0,6220.0,5514.0,38970,141164,5842.0,21,5843.0,33,5844.0,10,5845.0,54,5846.0,5,5847.0,54,5848.0,39,5849.0,40,5850.0,22,5851.0,113,5847.0
SR501,,13:45:42.0#,5850.0,5860.0,5826.0,6220.0,5514.0,38970,141164,5842.0,22,5843.0,33,5844.0,10,5845.0,54,5846.0,7,5847.0,54,5848.0,39,5849.0,40,5850.0,22,5851.0,113,5847.0
SR501,,13:45:42.250#,5850.0,5860.0,5826.0,6220.0,5514.0,38970,141164,5842.0,22,5843.0,33,5844.0,10,5845.0,54,5846.0,7,5847.0,54,5848.0,39,5849.0,40,5850.0,22,5851.0,113,5847.0
SR501,,13:45:42.750#,5850.0,5860.0,5826.0,6220.0,5514.0,38970,141164,5842.0,22,5843.0,33,5844.0,10,5845.0,54,5846.0,7,5847.0,54,5848.0,39,5849.0,40,5850.0,22,5851.0,113,5847.0
SR501,,13:45:43.500#,5850.0,5860.0,5826.0,6220.0,5514.0,38970,141164,5842.0,22,5843.0,33,5844.0,10,5845.0,54,5846.0,8,5847.0,54,5848.0,39,5849.0,40,5850.0,22,5851.0,113,5847.0
SR501,,13:45:43.750#,5850.0,5860.0,5826.0,6220.0,5514.0,38970,141164,5842.0,22,5843.0,33,5844.0,10,5845.0,54,5846.0,6,5847.0,54,5848.0,39,5849.0,40,5850.0,22,5851.0,113,5847.0
SR501,,13:45:44.0#,5850.0,5860.0,5826.0,6220.0,5514.0,38970,141164,5842.0,22,5843.0,33,5844.0,10,5845.0,54,5846.0,8,5847.0,54,5848.0,39,5849.0,40,5850.0,22,5851.0,113,5847.0
SR501,,13:45:45.250#,5850.0,5860.0,5826.0,6220.0,5514.0,38970,141164,5842.0,22,5843.0,33,5844.0,10,5845.0,54,5846.0,10,5847.0,54,5848.0,39,5849.0,40,5850.0,22,5851.0,113,5847.0
SR501,,13:45:46.250#,5850.0,5860.0,5826.0,6220.0,5514.0,38970,141164,5842.0,22,5843.0,33,5844.0,10,5845.0,53,5846.0,10,5847.0,54,5848.0,39,5849.0,40,5850.0,22,5851.0,113,5847.0
SR501,,13:45:46.500#,5850.0,5860.0,5826.0,6220.0,5514.0,38970,141164,5842.0,22,5843.0,33,5844.0,10,5845.0,53,5846.0,9,5847.0,54,5848.0,39,5849.0,40,5850.0,22,5851.0,113,5847.0
SR501,,13:45:46.750#,5850.0,5860.0,5826.0,6220.0,5514.0,38970,141164,5842.0,22,5843.0,33,5844.0,10,5845.0,53,5846.0,11,5847.0,54,5848.0,39,5849.0,40,5850.0,22,5851.0,113,5847.0
SR501,,13:45:48.250#,5850.0,5860.0,5826.0,6220.0,5514.0,38970,141164,5842.0,22,5843.0,33,5844.0,10,5845.0,53,5846.0,11,5847.0,54,5848.0,39,5849.0,40,5850.0,22,5851.0,113,5847.0
SR501,,13:45:48.500#,5850.0,5860.0,5826.0,6220.0,5514.0,38970,141164,5842.0,22,5843.0,33,5844.0,10,5845.0,53,5846.0,11,5847.0,54,5848.0,39,5849.0,40,5850.0,22,5851.0,113,5847.0
SR501,,13:45:54.0#,5850.0,5860.0,5826.0,6220.0,5514.0,38970,141164,5842.0,22,5843.0,33,5844.0,10,5845.0,53,5846.0,10,5847.0,54,5848.0,39,5849.0,40,5850.0,22,5851.0,113,5847.0
SR501,,13:45:54.250#,5850.0,5860.0,5826.0,6220.0,5514.0,38970,141164,5842.0,22,5843.0,33,5844.0,10,5845.0,53,5846.0,10,5847.0,54,5848.0,39,5849.0,40,5850.0,22,5851.0,113,5847.0
SR501,,13:45:55.250#,5850.0,5860.0,5826.0,6220.0,5514.0,38980,141168,5841.0,25,5842.0,22,5843.0,33,5844.0,10,5845.0,61,5846.0,1,5847.0,48,5848.0,39,5849.0,40,5850.0,22,5846.0
SR501,,13:45:55.500#,5850.0,5860.0,5826.0,6220.0,5514.0,38982,141169,5841.0,25,5842.0,22,5843.0,33,5844.0,10,5845.0,60,5846.0,20,5847.0,48,5848.0,39,5849.0,40,5850.0,22,5846.0
SR501,,13:45:55.750#,5850.0,5860.0,5826.0,6220.0,5514.0,38982,141169,5841.0,25,5842.0,22,5843.0,33,5844.0,10,5845.0,59,5846.0,24,5847.0,48,5848.0,38,5849.0,39,5850.0,22,5846.0
SR501,,13:45:56.0#,5850.0,5860.0,5826.0,6220.0,5514.0,38982,141169,5841.0,25,5842.0,22,5843.0,33,5844.0,10,5845.0,59,5846.0,24,5847.0,49,5848.0,38,5849.0,39,5850.0,22,5846.0
SR501,,13:45:56.750#,5850.0,5860.0,5826.0,6220.0,5514.0,39020,141181,5841.0,25,5842.0,22,5843.0,33,5844.0,10,5845.0,14,5846.0,42,5847.0,47,5848.0,40,5849.0,39,5850.0,25,5845.0
SR501,,13:45:57.0#,5850.0,5860.0,5826.0,6220.0,5514.0,39020,141181,5841.0,25,5842.0,22,5843.0,33,5844.0,10,5845.0,14,5846.0,44,5847.0,47,5848.0,40,5849.0,39,5850.0,25,5845.0
SR501,,13:45:57.500#,5850.0,5860.0,5826.0,6220.0,5514.0,39034,141184,5840.0,66,5841.0,25,5842.0,22,5843.0,33,5844.0,11,5846.0,46,5847.0,47,5848.0,40,5849.0,39,5850.0,25,5845.0
SR501,,13:45:58.250#,5850.0,5860.0,5826.0,6220.0,5514.0,39036,141183,5841.0,25,5842.0,22,5843.0,34,5844.0,27,5845.0,12,5846.0,41,5847.0,47,5848.0,40,5849.0,39,5850.0,25,5846.0
SR501,,13:45:59.0#,5850.0,5860.0,5826.0,6220.0,5514.0,39041,141178,5841.0,25,5842.0,22,5843.0,34,5844.0,27,5845.0,12,5846.0,44,5847.0,47,5848.0,40,5849.0,39,5850.0,25,5845.0
SR501,,13:45:59.250#,5850.0,5860.0,5826.0,6220.0,5514.0,39041,141178,5841.0,25,5842.0,22,5843.0,34,5844.0,27,5845.0,7,5846.0,44,5847.0,46,5848.0,40,5849.0,39,5850.0,25,5845.0
SR501,,13:45:59.500#,5850.0,5860.0,5826.0,6220.0,5514.0,39048,141178,5840.0,67,5841.0,25,5842.0,22,5843.0,34,5844.0,27,5845.0,2,5846.0,23,5847.0,46,5848.0,40,5849.0,39,5845.0
SR501,,13:45:59.750#,5850.0,5860.0,5826.0,6220.0,5514.0,39053,141181,5840.0,67,5841.0,25,5842.0,22,5843.0,34,5844.0,25,5845.0,6,5846.0,25,5847.0,45,5848.0,40,5849.0,39,5844.0
SR501,,13:46:00.250#,5850.0,5860.0,5826.0,6220.0,5514.0,39053,141181,5840.0,67,5841.0,25,5842.0,23,5843.0,33,5844.0,26,5845.0,12,5846.0,26,5847.0,45,5848.0,40,5849.0,39,5844.0
SR501,,13:46:00.500#,5850.0,5860.0,5826.0,6220.0,5514.0,39055,141182,5840.0,67,5841.0,25,5842.0,22,5843.0,33,5844.0,27,5846.0,47,5847.0,45,5848.0,40,5849.0,39,5850.0,25,5845.0
SR501,,13:46:00.750#,5850.0,5860.0,5826.0,6220.0,5514.0,39067,141182,5841.0,25,5842.0,22,5843.0,34,5844.0,32,5845.0,1,5846.0,43,5847.0,46,5848.0,40,5849.0,39,5850.0,25,5846.0
SR501,,13:46:01.0#,5850.0,5860.0,5826.0,6220.0,5514.0,39068,141182,5840.0,67,5841.0,25,5842.0,22,5843.0,34,5844.0,32,5845.0,8,5846.0,26,5847.0,46,5848.0,40,5849.0,39,5846.0
SR501,,13:46:01.250#,5850.0,5860.0,5826.0,6220.0,5514.0,39071,141183,5840.0,67,5841.0,25,5842.0,22,5843.0,33,5844.0,29,5845.0,10,5846.0,28,5847.0,46,5848.0,40,5849.0,39,5844.0
SR501,,13:46:01.500#,5850.0,5860.0,5826.0,6220.0,5514.0,39071,141183,5840.0,67,5841.0,25,5842.0,23,5843.0,33,5844.0,25,5845.0,17,5846.0,28,5847.0,45,5848.0,40,5849.0,39,5844.0
SR501,,13:46:01.750#,5850.0,5860.0,5826.0,6220.0,5514.0,39072,141183,5840.0,67,5841.0,25,5842.0,23,5843.0,33,5844.0,25,5845.0,20,5846.0,28,5847.0,45,5848.0,40,5849.0,39,5845.0
SR501,,13:46:02.0#,5850.0,5860.0,5826.0,6220.0,5514.0,39072,141183,5840.0,67,5841.0,25,5842.0,23,5843.0,33,5844.0,25,5845.0,11,5846.0,28,5847.0,45,5848.0,40,5849.0,39,5845.0
SR501,,13:46:02.250#,5850.0,5860.0,5826.0,6220.0,5514.0,39072,141183,5840.0,67,5841.0,25,5842.0,23,5843.0,33,5844.0,25,5845.0,10,5846.0,28,5847.0,45,5848.0,40,5849.0,39,5845.0
SR501,,13:46:02.750#,5850.0,5860.0,5826.0,6220.0,5514.0,39073,141183,5840.0,67,5841.0,25,5842.0,23,5843.0,33,5844.0,25,5845.0,11,5846.0,27,5847.0,45,5848.0,40,5849.0,39,5844.0
SR501,,13:46:03.0#,5850.0,5860.0,5826.0,6220.0,5514.0,39074,141183,5840.0,67,5841.0,25,5842.0,23,5843.0,33,5844.0,25,5845.0,24,5846.0,27,5847.0,44,5848.0,40,5849.0,44,5845.0
SR501,,13:46:03.250#,5850.0,5860.0,5826.0,6220.0,5514.0,39074,141183,5840.0,67,5841.0,25,5842.0,23,5843.0,33,5844.0,25,5845.0,25,5846.0,27,5847.0,44,5848.0,40,5849.0,44,5845.0
SR501,,13:46:05.500#,5850.0,5860.0,5826.0,6220.0,5514.0,39074,141183,5840.0,67,5841.0,25,5842.0,23,5843.0,33,5844.0,25,5845.0,25,5846.0,27,5847.0,44,5848.0,40,5849.0,44,5845.0
SR501,,13:46:05.750#,5850.0,5860.0,5826.0,6220.0,5514.0,39075,141183,5840.0,67,5841.0,25,5842.0,23,5843.0,33,5844.0,25,5845.0,24,5846.0,27,5847.0,44,5848.0,40,5849.0,44,5845.0
SR501,,13:46:06.250#,5850.0,5860.0,5826.0,6220.0,5514.0,39075,141183,5840.0,57,5841.0,25,5842.0,23,5843.0,33,5844.0,25,5845.0,24,5846.0,27,5847.0,44,5848.0,40,5849.0,44,5845.0
SR501,,13:46:09.500#,5850.0,5860.0,5826.0,6220.0,5514.0,39076,141183,5840.0,57,5841.0,25,5842.0,23,5843.0,33,5844.0,24,5845.0,23,5846.0,27,5847.0,44,5848.0,40,5849.0,44,5844.0
SR501,,13:46:09.750#,5850.0,5860.0,5826.0,6220.0,5514.0,39080,141183,5840.0,57,5841.0,25,5842.0,23,5843.0,33,5844.0,20,5845.0,19,5846.0,27,5847.0,44,5848.0,40,5849.0,44,5844.0
SR501,,13:46:10.0#,5850.0,5860.0,5826.0,6220.0,5514.0,39080,141183,5840.0,57,5841.0,25,5842.0,23,5843.0,33,5844.0,22,5845.0,20,5846.0,27,5847.0,44,5848.0,40,5849.0,44,5844.0
SR501,,13:46:10.250#,5850.0,5860.0,5826.0,6220.0,5514.0,39082,141184,5840.0,57,5841.0,25,5842.0,23,5843.0,33,5844.0,20,5845.0,18,5846.0,27,5847.0,44,5848.0,40,5849.0,44,5844.0
SR501,,13:46:10.500#,5850.0,5860.0,5826.0,6220.0,5514.0,39082,141184,5840.0,57,5841.0,25,5842.0,23,5843.0,33,5844.0,20,5845.0,22,5846.0,27,5847.0,44,5848.0,40,5849.0,44,5844.0
SR501,,13:46:11.750#,5850.0,5860.0,5826.0,6220.0,5514.0,39083,141184,5840.0,57,5841.0,25,5842.0,23,5843.0,33,5844.0,19,5845.0,21,5846.0,27,5847.0,44,5848.0,40,5849.0,44,5844.0
SR501,,13:46:12.0#,5850.0,5860.0,5826.0,6220.0,5514.0,39083,141184,5840.0,57,5841.0,25,5842.0,23,5843.0,33,5844.0,24,5845.0,21,5846.0,27,5847.0,44,5848.0,40,5849.0,44,5844.0
SR501,,13:46:13.250#,5850.0,5860.0,5826.0,6220.0,5514.0,39084,141183,5840.0,57,5841.0,25,5842.0,23,5843.0,33,5844.0,23,5845.0,20,5846.0,27,5847.0,44,5848.0,40,5849.0,44,5844.0
SR501,,13:46:13.500#,5850.0,5860.0,5826.0,6220.0,5514.0,39085,141183,5840.0,57,5841.0,25,5842.0,23,5843.0,33,5844.0,23,5845.0,20,5846.0,27,5847.0,44,5848.0,40,5849.0,44,5845.0
SR501,,13:46:13.750#,5850.0,5860.0,5826.0,6220.0,5514.0,39087,141183,5840.0,57,5841.0,25,5842.0,23,5843.0,33,5844.0,23,5845.0,18,5846.0,27,5847.0,44,5848.0,40,5849.0,44,5845.0
SR501,,13:46:14.250#,5850.0,5860.0,5826.0,6220.0,5514.0,39087,141183,5840.0,57,5841.0,25,5842.0,23,5843.0,33,5844.0,23,5845.0,18,5846.0,27,5847.0,44,5848.0,40,5849.0,44,5845.0
SR501,,13:46:15.0#,5850.0,5860.0,5826.0,6220.0,5514.0,39087,141183,5840.0,57,5841.0,25,5842.0,25,5843.0,33,5844.0,23,5845.0,18,5846.0,27,5847.0,44,5848.0,40,5849.0,44,5845.0
SR501,,13:46:16.0#,5850.0,5860.0,5826.0,6220.0,5514.0,39087,141183,5840.0,57,5841.0,25,5842.0,25,5843.0,33,5844.0,23,5845.0,14,5846.0,27,5847.0,44,5848.0,40,5849.0,44,5845.0
SR501,,13:46:16.500#,5850.0,5860.0,5826.0,6220.0,5514.0,39087,141183,5840.0,57,5841.0,25,5842.0,25,5843.0,33,5844.0,24,5845.0,14,5846.0,27,5847.0,44,5848.0,40,5849.0,44,5845.0
SR501,,13:46:17.0#,5850.0,5860.0,5826.0,6220.0,5514.0,39088,141183,5840.0,57,5841.0,25,5842.0,25,5843.0,33,5844.0,24,5845.0,13,5846.0,27,5847.0,44,5848.0,40,5849.0,44,5845.0
SR501,,13:46:17.500#,5850.0,5860.0,5826.0,6220.0,5514.0,39088,141183,5840.0,57,5841.0,25,5842.0,25,5843.0,33,5844.0,25,5845.0,13,5846.0,27,5847.0,44,5848.0,40,5849.0,44,5845.0
SR501,,13:46:18.750#,5850.0,5860.0,5826.0,6220.0,5514.0,39101,141182,5840.0,57,5841.0,25,5842.0,25,5843.0,33,5844.0,26,5845.0,10,5846.0,27,5847.0,44,5848.0,40,5849.0,44,5845.0
SR501,,13:46:19.0#,5850.0,5860.0,5826.0,6220.0,5514.0,39131,141200,5840.0,57,5841.0,25,5842.0,24,5843.0,33,5844.0,31,5846.0,26,5847.0,44,5848.0,40,5849.0,44,5850.0,25,5845.0
SR501,,13:46:19.250#,5850.0,5860.0,5826.0,6220.0,5514.0,39131,141200,5840.0,57,5841.0,25,5842.0,24,5843.0,34,5844.0,31,5845.0,1,5846.0,27,5847.0,45,5848.0,40,5849.0,44,5845.0
SR501,,13:46:19.500#,5850.0,5860.0,5826.0,6220.0,5514.0,39132,141201,5840.0,57,5841.0,25,5842.0,24,5843.0,34,5844.0,31,5846.0,27,5847.0,45,5848.0,40,5849.0,44,5850.0,25,5845.0
SR501,,13:46:19.750#,5850.0,5860.0,5826.0,6220.0,5514.0,39132,141201,5840.0,57,5841.0,25,5842.0,24,5843.0,34,5844.0,32,5846.0,27,5847.0,45,5848.0,40,5849.0,44,5850.0,25,5845.0
SR501,,13:46:20.0#,5850.0,5860.0,5826.0,6220.0,5514.0,39132,141201,5840.0,57,5841.0,25,5842.0,24,5843.0,34,5844.0,32,5846.0,28,5847.0,45,5848.0,40,5849.0,44,5850.0,25,5845.0
SR501,,13:46:21.750#,5850.0,5860.0,5826.0,6220.0,5514.0,39132,141201,5840.0,57,5841.0,25,5842.0,24,5843.0,34,5844.0,32,5846.0,27,5847.0,45,5848.0,40,5849.0,44,5850.0,25,5845.0
SR501,,13:46:22.0#,5850.0,5860.0,5826.0,6220.0,5514.0,39132,141201,5840.0,57,5841.0,25,5842.0,24,5843.0,34,5844.0,33,5846.0,27,5847.0,45,5848.0,40,5849.0,44,5850.0,25,5845.0
SR501,,13:46:22.250#,5850.0,5860.0,5826.0,6220.0,5514.0,39132,141201,5840.0,57,5841.0,25,5842.0,24,5843.0,34,5844.0,30,5846.0,27,5847.0,45,5848.0,40,5849.0,44,5850.0,25,5845.0
SR501,,13:46:22.500#,5850.0,5860.0,5826.0,6220.0,5514.0,39132,141201,5840.0,57,5841.0,25,5842.0,24,5843.0,34,5844.0,30,5846.0,29,5847.0,45,5848.0,40,5849.0,45,5850.0,25,5845.0
SR501,,13:46:22.750#,5850.0,5860.0,5826.0,6220.0,5514.0,39132,141201,5840.0,57,5841.0,25,5842.0,24,5843.0,34,5844.0,30,5846.0,35,5847.0,45,5848.0,40,5849.0,45,5850.0,25,5845.0
SR501,,13:46:24.0#,5850.0,5860.0,5826.0,6220.0,5514.0,39132,141201,5840.0,57,5841.0,25,5842.0,24,5843.0,34,5844.0,33,5846.0,32,5847.0,45,5848.0,40,5849.0,45,5850.0,25,5845.0
SR501,,13:46:24.250#,5850.0,5860.0,5826.0,6220.0,5514.0,39132,141201,5840.0,57,5841.0,25,5842.0,24,5843.0,34,5844.0,32,5846.0,32,5847.0,45,5848.0,40,5849.0,45,5850.0,25,5845.0
SR501,,13:46:25.500#,5850.0,5860.0,5826.0,6220.0,5514.0,39133,141201,5840.0,57,5841.0,25,5842.0,24,5843.0,34,5844.0,31,5846.0,31,5847.0,45,5848.0,40,5849.0,45,5850.0,25,5846.0
SR501,,13:46:25.750#,5850.0,5860.0,5826.0,6220.0,5514.0,39133,141201,5840.0,57,5841.0,25,5842.0,24,5843.0,34,5844.0,31,5846.0,31,5847.0,45,5848.0,40,5849.0,45,5850.0,25,5846.0
SR501,,13:46:26.0#,5850.0,5860.0,5826.0,6220.0,5514.0,39133,141201,5841.0,25,5842.0,24,5843.0,34,5844.0,28,5845.0,3,5846.0,31,5847.0,45,5848.0,40,5849.0,45,5850.0,25,5846.0
SR501,,13:46:26.250#,5850.0,5860.0,5826.0,6220.0,5514.0,39137,141204,5840.0,57,5841.0,25,5842.0,24,5843.0,34,5844.0,31,5846.0,31,5847.0,45,5848.0,40,5849.0,45,5850.0,25,5845.0
SR501,,13:46:27.250#,5850.0,5860.0,5826.0,6220.0,5514.0,39137,141204,5840.0,57,5841.0,25,5842.0,24,5843.0,34,5844.0,31,5846.0,33,5847.0,45,5848.0,40,5849.0,45,5850.0,25,5845.0
SR501,,13:46:27.500#,5850.0,5860.0,5826.0,6220.0,5514.0,39137,141204,5840.0,57,5841.0,25,5842.0,24,5843.0,34,5844.0,31,5846.0,31,5847.0,45,5848.0,40,5849.0,45,5850.0,25,5845.0
SR501,,13:46:27.750#,5850.0,5860.0,5826.0,6220.0,5514.0,39137,141204,5840.0,77,5841.0,25,5842.0,24,5843.0,34,5844.0,36,5846.0,31,5847.0,45,5848.0,40,5849.0,45,5850.0,25,5845.0
SR501,,13:46:28.0#,5850.0,5860.0,5826.0,6220.0,5514.0,39137,141204,5840.0,77,5841.0,25,5842.0,24,5843.0,34,5844.0,38,5846.0,31,5847.0,45,5848.0,40,5849.0,45,5850.0,25,5845.0
SR501,,13:46:29.500#,5850.0,5860.0,5826.0,6220.0,5514.0,39137,141204,5840.0,80,5841.0,25,5842.0,24,5843.0,34,5844.0,38,5846.0,31,5847.0,45,5848.0,40,5849.0,45,5850.0,25,5845.0
SR501,,13:46:29.750#,5850.0,5860.0,5826.0,6220.0,5514.0,39137,141204,5840.0,80,5841.0,25,5842.0,24,5843.0,34,5844.0,38,5846.0,31,5847.0,45,5848.0,40,5849.0,45,5850.0,25,5845.0
SR501,,13:46:31.0#,5850.0,5860.0,5826.0,6220.0,5514.0,39137,141204,5841.0,25,5842.0,24,5843.0,34,5844.0,30,5845.0,1,5846.0,31,5847.0,45,5848.0,40,5849.0,45,5850.0,25,5845.0
SR501,,13:46:31.250#,5850.0,5860.0,5826.0,6220.0,5514.0,39137,141204,5841.0,25,5842.0,24,5843.0,34,5844.0,30,5845.0,7,5846.0,31,5847.0,45,5848.0,40,5849.0,45,5850.0,25,5845.0
SR501,,13:46:32.500#,5850.0,5860.0,5826.0,6220.0,5514.0,39137,141204,5841.0,25,5842.0,24,5843.0,34,5844.0,30,5845.0,7,5846.0,31,5847.0,45,5848.0,40,5849.0,45,5850.0,25,5845.0
SR501,,13:46:33.0#,5850.0,5860.0,5826.0,6220.0,5514.0,39137,141204,5841.0,25,5842.0,25,5843.0,34,5844.0,30,5845.0,7,5846.0,31,5847.0,45,5848.0,40,5849.0,45,5850.0,25,5845.0
SR501,,13:46:36.0#,5850.0,5860.0,5826.0,6220.0,5514.0,39137,141204,5841.0,25,5842.0,25,5843.0,34,5844.0,30,5845.0,8,5846.0,31,5847.0,45,5848.0,40,5849.0,45,5850.0,25,5845.0
SR501,,13:46:36.750#,5850.0,5860.0,5826.0,6220.0,5514.0,39137,141204,5841.0,25,5842.0,25,5843.0,34,5844.0,30,5845.0,11,5846.0,31,5847.0,45,5848.0,40,5849.0,45,5850.0,25,5845.0
SR501,,13:46:37.0#,5850.0,5860.0,5826.0,6220.0,5514.0,39137,141204,5841.0,25,5842.0,25,5843.0,34,5844.0,30,5845.0,15,5846.0,26,5847.0,45,5848.0,40,5849.0,45,5850.0,25,5845.0
SR501,,13:46:37.250#,5850.0,5860.0,5826.0,6220.0,5514.0,39137,141204,5841.0,25,5842.0,25,5843.0,34,5844.0,30,5845.0,18,5846.0,20,5847.0,44,5848.0,40,5849.0,45,5850.0,25,5845.0
SR501,,13:46:37.500#,5850.0,5860.0,5826.0,6220.0,5514.0,39137,141204,5841.0,25,5842.0,25,5843.0,33,5844.0,30,5845.0,22,5846.0,20,5847.0,44,5848.0,41,5849.0,45,5850.0,25,5845.0
SR501,,13:46:37.750#,5850.0,5860.0,5826.0,6220.0,5514.0,39137,141204,5841.0,25,5842.0,25,5843.0,33,5844.0,32,5845.0,22,5846.0,19,5847.0,44,5848.0,41,5849.0,45,5850.0,25,5845.0
SR501,,13:46:38.0#,5850.0,5860.0,5826.0,6220.0,5514.0,39137,141204,5841.0,25,5842.0,25,5843.0,33,5844.0,32,5845.0,21,5846.0,19,5847.0,44,5848.0,41,5849.0,45,5850.0,25,5845.0
SR501,,13:46:38.250#,5850.0,5860.0,5826.0,6220.0,5514.0,39137,141204,5841.0,25,5842.0,25,5843.0,33,5844.0,32,5845.0,16,5846.0,20,5847.0,44,5848.0,41,5849.0,45,5850.0,25,5845.0
SR501,,13:46:38.500#,5850.0,5860.0,5826.0,6220.0,5514.0,39137,141204,5841.0,25,5842.0,25,5843.0,33,5844.0,31,5845.0,16,5846.0,20,5847.0,44,5848.0,41,5849.0,45,5850.0,25,5845.0
SR501,,13:46:38.750#,5850.0,5860.0,5826.0,6220.0,5514.0,39137,141204,5841.0,25,5842.0,25,5843.0,34,5844.0,31,5845.0,16,5846.0,20,5847.0,44,5848.0,41,5849.0,45,5850.0,25,5845.0
SR501,,13:46:39.250#,5850.0,5860.0,5826.0,6220.0,5514.0,39137,141204,5841.0,25,5842.0,25,5843.0,34,5844.0,31,5845.0,16,5846.0,19,5847.0,44,5848.0,41,5849.0,45,5850.0,25,5845.0
SR501,,13:46:39.500#,5850.0,5860.0,5826.0,6220.0,5514.0,39137,141204,5841.0,25,5842.0,25,5843.0,34,5844.0,31,5845.0,22,5846.0,19,5847.0,44,5848.0,41,5849.0,45,5850.0,25,5845.0
SR501,,13:46:39.750#,5850.0,5860.0,5826.0,6220.0,5514.0,39137,141204,5841.0,25,5842.0,25,5843.0,33,5844.0,31,5845.0,22,5846.0,19,5847.0,44,5848.0,41,5849.0,45,5850.0,25,5845.0
SR501,,13:46:40.250#,5850.0,5860.0,5826.0,6220.0,5514.0,39139,141206,5841.0,25,5842.0,25,5843.0,33,5844.0,32,5845.0,20,5846.0,17,5847.0,44,5848.0,41,5849.0,45,5850.0,25,5846.0
SR501,,13:46:40.500#,5850.0,5860.0,5826.0,6220.0,5514.0,39139,141206,5841.0,25,5842.0,35,5843.0,33,5844.0,32,5845.0,20,5846.0,17,5847.0,44,5848.0,41,5849.0,45,5850.0,25,5846.0
SR501,,13:46:40.750#,5850.0,5860.0,5826.0,6220.0,5514.0,39141,141208,5841.0,25,5842.0,35,5843.0,33,5844.0,32,5845.0,20,5846.0,15,5847.0,44,5848.0,41,5849.0,45,5850.0,25,5846.0
SR501,,13:46:41.500#,5850.0,5860.0,5826.0,6220.0,5514.0,39142,141209,5841.0,26,5842.0,35,5843.0,33,5844.0,32,5845.0,19,5846.0,14,5847.0,44,5848.0,41,5849.0,45,5850.0,25,5846.0
SR501,,13:46:42.0#,5850.0,5860.0,5826.0,6220.0,5514.0,39142,141209,5841.0,26,5842.0,35,5843.0,33,5844.0,32,5845.0,19,5846.0,14,5847.0,44,5848.0,41,5849.0,45,5850.0,25,5846.0
SR501,,13:46:44.250#,5850.0,5860.0,5826.0,6220.0,5514.0,39142,141209,5841.0,26,5842.0,35,5843.0,33,5844.0,32,5845.0,19,5846.0,14,5847.0,44,5848.0,41,5849.0,46,5850.0,25,5846.0
SR501,,13:46:44.750#,5850.0,5860.0,5826.0,6220.0,5514.0,39145,141212,5841.0,26,5842.0,35,5843.0,33,5844.0,32,5845.0,37,5846.0,11,5847.0,44,5848.0,41,5849.0,46,5850.0,25,5846.0
SR501,,13:46:45.0#,5850.0,5860.0,5826.0,6220.0,5514.0,39146,141213,5841.0,26,5842.0,35,5843.0,33,5844.0,32,5845.0,37,5846.0,9,5847.0,44,5848.0,41,5849.0,46,5850.0,25,5846.0
SR501,,13:46:46.250#,5850.0,5860.0,5826.0,6220.0,5514.0,39147,141214,5841.0,26,5842.0,35,5843.0,33,5844.0,32,5845.0,36,5846.0,8,5847.0,44,5848.0,41,5849.0,46,5850.0,25,5846.0
SR501,,13:46:48.0#,5850.0,5860.0,5826.0,6220.0,5514.0,39148,141215,5841.0,26,5842.0,35,5843.0,33,5844.0,32,5845.0,35,5846.0,7,5847.0,44,5848.0,41,5849.0,46,5850.0,25,5846.0
