InstrumentId,ExchangeId,Datetime,OpenPrice,HighestPrice,LowestPrice,UpperLimitPrice,LowerLimitPrice,Volume,OpenInterest,BidPrice5,BidVolume5,BidPrice4,BidVolume4,BidPrice3,BidVolume3,BidPrice2,BidVolume2,BidPrice1,BidVolume1,AskPrice1,AskVolume1,AskPrice2,AskVolume2,AskPrice3,AskVolume3,AskPrice4,AskVolume4,AskPrice5,AskVolume5,LastPrice
T2409,,13:38:34.800#,105.6,105.72,105.525,107.535,103.325,30868,197813,105.695,883,105.7,187,105.705,133,105.71,148,105.715,70,105.72,112,105.725,144,105.73,193,105.735,101,105.74,838,105.715
T2409,,13:38:35.300#,105.6,105.72,105.525,107.535,103.325,30869,197814,105.695,883,105.7,187,105.705,133,105.71,148,105.715,70,105.72,111,105.725,144,105.73,193,105.735,101,105.74,838,105.72
T2409,,13:38:40.300#,105.6,105.72,105.525,107.535,103.325,30869,197814,105.695,883,105.7,187,105.705,133,105.71,148,105.715,69,105.72,111,105.725,144,105.73,193,105.735,101,105.74,838,105.72
T2409,,13:38:40.800#,105.6,105.72,105.525,107.535,103.325,30871,197815,105.695,883,105.7,187,105.705,133,105.71,148,105.715,69,105.72,109,105.725,144,105.73,193,105.735,101,105.74,838,105.72
T2409,,13:38:43.300#,105.6,105.72,105.525,107.535,103.325,30871,197815,105.695,883,105.7,187,105.705,133,105.71,148,105.715,69,105.72,111,105.725,144,105.73,193,105.735,101,105.74,838,105.72
T2409,,13:38:45.800#,105.6,105.72,105.525,107.535,103.325,30871,197815,105.695,883,105.7,186,105.705,134,105.71,148,105.715,69,105.72,111,105.725,144,105.73,193,105.735,101,105.74,838,105.72
T2409,,13:38:46.300#,105.6,105.72,105.525,107.535,103.325,30871,197815,105.695,883,105.7,186,105.705,134,105.71,148,105.715,69,105.72,121,105.725,144,105.73,193,105.735,101,105.74,838,105.72
T2409,,13:38:46.800#,105.6,105.72,105.525,107.535,103.325,30871,197815,105.695,883,105.7,186,105.705,134,105.71,148,105.715,69,105.72,111,105.725,144,105.73,193,105.735,101,105.74,838,105.72
T2409,,13:38:47.300#,105.6,105.72,105.525,107.535,103.325,30871,197815,105.695,883,105.7,186,105.705,134,105.71,148,105.715,69,105.72,112,105.725,144,105.73,193,105.735,101,105.74,838,105.72
T2409,,13:38:52.800#,105.6,105.72,105.525,107.535,103.325,30881,197817,105.695,883,105.7,186,105.705,134,105.71,148,105.715,59,105.72,112,105.725,144,105.73,193,105.735,101,105.74,838,105.715
T2409,,13:38:54.300#,105.6,105.72,105.525,107.535,103.325,30891,197817,105.695,883,105.7,186,105.705,134,105.71,148,105.715,49,105.72,122,105.725,144,105.73,193,105.735,101,105.74,838,105.715
T2409,,13:38:54.800#,105.6,105.72,105.525,107.535,103.325,30893,197815,105.695,883,105.7,186,105.705,134,105.71,148,105.715,47,105.72,112,105.725,144,105.73,193,105.735,101,105.74,838,105.715
T2409,,13:38:55.800#,105.6,105.72,105.525,107.535,103.325,30893,197815,105.695,883,105.7,186,105.705,134,105.71,148,105.715,62,105.72,112,105.725,144,105.73,193,105.735,101,105.74,838,105.715
T2409,,13:38:56.300#,105.6,105.72,105.525,107.535,103.325,30903,197815,105.695,883,105.7,186,105.705,134,105.71,148,105.715,52,105.72,112,105.725,144,105.73,193,105.735,101,105.74,838,105.715
T2409,,13:38:56.800#,105.6,105.72,105.525,107.535,103.325,30903,197815,105.695,883,105.7,186,105.705,134,105.71,148,105.715,53,105.72,112,105.725,144,105.73,193,105.735,101,105.74,838,105.715
T2409,,13:38:57.300#,105.6,105.72,105.525,107.535,103.325,30904,197815,105.695,883,105.7,186,105.705,134,105.71,148,105.715,52,105.72,112,105.725,144,105.73,193,105.735,101,105.74,838,105.715
T2409,,13:38:58.800#,105.6,105.72,105.525,107.535,103.325,30904,197815,105.695,883,105.7,186,105.705,134,105.71,148,105.715,52,105.72,113,105.725,144,105.73,193,105.735,101,105.74,838,105.715
T2409,,13:38:59.800#,105.6,105.72,105.525,107.535,103.325,30905,197815,105.695,883,105.7,186,105.705,134,105.71,148,105.715,51,105.72,113,105.725,144,105.73,193,105.735,101,105.74,838,105.715
T2409,,13:39:00.800#,105.6,105.72,105.525,107.535,103.325,30905,197815,105.695,883,105.7,186,105.705,134,105.71,148,105.715,51,105.72,112,105.725,144,105.73,193,105.735,101,105.74,838,105.715
T2409,,13:39:01.300#,105.6,105.72,105.525,107.535,103.325,30905,197815,105.695,883,105.7,186,105.705,134,105.71,148,105.715,51,105.72,112,105.725,144,105.73,143,105.735,101,105.74,838,105.715
T2409,,13:39:02.800#,105.6,105.72,105.525,107.535,103.325,30909,197811,105.695,883,105.7,186,105.705,134,105.71,148,105.715,47,105.72,112,105.725,144,105.73,143,105.735,101,105.74,838,105.715
T2409,,13:39:04.800#,105.6,105.72,105.525,107.535,103.325,30909,197811,105.695,883,105.7,186,105.705,134,105.71,147,105.715,47,105.72,113,105.725,144,105.73,143,105.735,101,105.74,838,105.715
T2409,,13:39:05.800#,105.6,105.72,105.525,107.535,103.325,30919,197811,105.695,883,105.7,186,105.705,135,105.71,147,105.715,37,105.72,113,105.725,144,105.73,143,105.735,101,105.74,838,105.715
T2409,,13:39:06.300#,105.6,105.72,105.525,107.535,103.325,30923,197807,105.695,883,105.7,186,105.705,135,105.71,147,105.715,33,105.72,113,105.725,144,105.73,93,105.735,101,105.74,838,105.715
T2409,,13:39:08.300#,105.6,105.72,105.525,107.535,103.325,30925,197807,105.695,883,105.7,186,105.705,135,105.71,147,105.715,31,105.72,113,105.725,144,105.73,93,105.735,101,105.74,838,105.715
T2409,,13:39:12.300#,105.6,105.72,105.525,107.535,103.325,30925,197807,105.695,883,105.7,186,105.705,135,105.71,147,105.715,32,105.72,114,105.725,144,105.73,93,105.735,101,105.74,838,105.715
T2409,,13:39:12.800#,105.6,105.72,105.525,107.535,103.325,30957,197782,105.69,133,105.695,883,105.7,186,105.705,135,105.71,147,105.715,8,105.72,114,105.725,144,105.73,93,105.735,101,105.715
T2409,,13:39:13.300#,105.6,105.72,105.525,107.535,103.325,30969,197771,105.69,791,105.695,294,105.7,178,105.705,164,105.71,46,105.715,5,105.72,204,105.725,104,105.73,102,105.735,695,105.71
T2409,,13:39:13.800#,105.6,105.72,105.525,107.535,103.325,30976,197765,105.69,858,105.695,168,105.7,167,105.705,165,105.71,39,105.715,5,105.72,202,105.725,94,105.73,102,105.735,832,105.71
T2409,,13:39:14.300#,105.6,105.72,105.525,107.535,103.325,30978,197763,105.69,858,105.695,168,105.7,177,105.705,175,105.71,38,105.715,22,105.72,215,105.725,94,105.73,102,105.735,832,105.71
T2409,,13:39:14.800#,105.6,105.72,105.525,107.535,103.325,30978,197763,105.69,858,105.695,168,105.7,177,105.705,175,105.71,38,105.715,22,105.72,225,105.725,84,105.73,102,105.735,832,105.71
T2409,,13:39:15.300#,105.6,105.72,105.525,107.535,103.325,30980,197762,105.69,858,105.695,168,105.7,177,105.705,175,105.71,36,105.715,22,105.72,225,105.725,84,105.73,102,105.735,832,105.71
T2409,,13:39:15.800#,105.6,105.72,105.525,107.535,103.325,30980,197762,105.69,908,105.695,157,105.7,188,105.705,175,105.71,36,105.715,21,105.72,226,105.725,84,105.73,102,105.735,832,105.71
T2409,,13:39:16.800#,105.6,105.72,105.525,107.535,103.325,30980,197762,105.69,908,105.695,157,105.7,188,105.705,175,105.71,31,105.715,21,105.72,226,105.725,84,105.73,102,105.735,832,105.71
T2409,,13:39:17.300#,105.6,105.72,105.525,107.535,103.325,30980,197762,105.69,908,105.695,157,105.7,188,105.705,175,105.71,34,105.715,21,105.72,226,105.725,84,105.73,102,105.735,832,105.71
T2409,,13:39:17.800#,105.6,105.72,105.525,107.535,103.325,30981,197761,105.69,908,105.695,157,105.7,188,105.705,180,105.71,37,105.715,20,105.72,226,105.725,84,105.73,102,105.735,832,105.71
T2409,,13:39:19.800#,105.6,105.72,105.525,107.535,103.325,30981,197761,105.69,908,105.695,157,105.7,188,105.705,180,105.71,37,105.715,20,105.72,227,105.725,84,105.73,102,105.735,832,105.71
T2409,,13:39:20.800#,105.6,105.72,105.525,107.535,103.325,30981,197761,105.69,910,105.695,157,105.7,188,105.705,180,105.71,37,105.715,20,105.72,227,105.725,84,105.73,102,105.735,832,105.71
T2409,,13:39:21.300#,105.6,105.72,105.525,107.535,103.325,30981,197761,105.69,910,105.695,157,105.7,187,105.705,180,105.71,38,105.715,20,105.72,227,105.725,84,105.73,102,105.735,832,105.71
T2409,,13:39:22.300#,105.6,105.72,105.525,107.535,103.325,30984,197761,105.69,910,105.695,157,105.7,187,105.705,180,105.71,38,105.715,17,105.72,227,105.725,84,105.73,102,105.735,832,105.715
T2409,,13:39:22.800#,105.6,105.72,105.525,107.535,103.325,30984,197761,105.69,930,105.695,157,105.7,187,105.705,180,105.71,38,105.715,17,105.72,227,105.725,84,105.73,102,105.735,832,105.715
T2409,,13:39:23.800#,105.6,105.72,105.525,107.535,103.325,30984,197761,105.69,930,105.695,157,105.7,187,105.705,180,105.71,39,105.715,17,105.72,227,105.725,84,105.73,102,105.735,832,105.715
T2409,,13:39:28.300#,105.6,105.72,105.525,107.535,103.325,30984,197761,105.69,930,105.695,157,105.7,187,105.705,180,105.71,39,105.715,18,105.72,227,105.725,84,105.73,102,105.735,832,105.715
T2409,,13:39:29.300#,105.6,105.72,105.525,107.535,103.325,30984,197761,105.69,930,105.695,157,105.7,187,105.705,180,105.71,40,105.715,18,105.72,227,105.725,84,105.73,102,105.735,832,105.715
T2409,,13:39:32.300#,105.6,105.72,105.525,107.535,103.325,30988,197763,105.69,930,105.695,157,105.7,187,105.705,180,105.71,40,105.715,14,105.72,227,105.725,84,105.73,102,105.735,832,105.715
T2409,,13:39:32.800#,105.6,105.72,105.525,107.535,103.325,30988,197763,105.69,930,105.695,157,105.7,187,105.705,180,105.71,40,105.715,14,105.72,217,105.725,84,105.73,102,105.735,832,105.715
T2409,,13:39:33.300#,105.6,105.72,105.525,107.535,103.325,30988,197763,105.69,930,105.695,157,105.7,187,105.705,180,105.71,40,105.715,16,105.72,217,105.725,94,105.73,102,105.735,832,105.715
T2409,,13:39:34.800#,105.6,105.72,105.525,107.535,103.325,31028,197756,105.685,61,105.69,930,105.695,157,105.7,187,105.705,179,105.715,16,105.72,217,105.725,94,105.73,102,105.735,832,105.71
T2409,,13:39:35.300#,105.6,105.72,105.525,107.535,103.325,31029,197755,105.69,331,105.695,148,105.7,217,105.705,92,105.71,8,105.715,46,105.72,207,105.725,94,105.73,219,105.735,725,105.71
T2409,,13:39:35.800#,105.6,105.72,105.525,107.535,103.325,31029,197755,105.69,803,105.695,157,105.7,207,105.705,161,105.71,4,105.715,43,105.72,228,105.725,84,105.73,102,105.735,842,105.71
T2409,,13:39:36.300#,105.6,105.72,105.525,107.535,103.325,31029,197755,105.69,803,105.695,157,105.7,197,105.705,160,105.71,5,105.715,39,105.72,218,105.725,84,105.73,102,105.735,842,105.71
T2409,,13:39:36.800#,105.6,105.72,105.525,107.535,103.325,31029,197755,105.69,920,105.695,157,105.7,187,105.705,180,105.71,5,105.715,59,105.72,228,105.725,84,105.73,102,105.735,842,105.71
T2409,,13:39:37.300#,105.6,105.72,105.525,107.535,103.325,31029,197755,105.69,920,105.695,157,105.7,187,105.705,180,105.71,5,105.715,62,105.72,228,105.725,84,105.73,102,105.735,842,105.71
T2409,,13:39:38.800#,105.6,105.72,105.525,107.535,103.325,31029,197755,105.69,920,105.695,157,105.7,187,105.705,180,105.71,5,105.715,62,105.72,227,105.725,84,105.73,102,105.735,842,105.71
T2409,,13:39:39.800#,105.6,105.72,105.525,107.535,103.325,31029,197755,105.69,920,105.695,157,105.7,187,105.705,180,105.71,5,105.715,63,105.72,227,105.725,84,105.73,102,105.735,842,105.71
T2409,,13:39:41.800#,105.6,105.72,105.525,107.535,103.325,31029,197755,105.69,920,105.695,158,105.7,187,105.705,178,105.71,5,105.715,63,105.72,227,105.725,84,105.73,102,105.735,842,105.71
T2409,,13:39:42.300#,105.6,105.72,105.525,107.535,103.325,31029,197755,105.69,920,105.695,158,105.7,187,105.705,178,105.71,5,105.715,63,105.72,228,105.725,84,105.73,102,105.735,842,105.71
T2409,,13:39:43.800#,105.6,105.72,105.525,107.535,103.325,31029,197755,105.69,920,105.695,158,105.7,187,105.705,178,105.71,25,105.715,63,105.72,228,105.725,84,105.73,102,105.735,842,105.71
T2409,,13:39:44.300#,105.6,105.72,105.525,107.535,103.325,31029,197755,105.69,920,105.695,158,105.7,187,105.705,178,105.71,25,105.715,62,105.72,228,105.725,84,105.73,102,105.735,842,105.71
T2409,,13:39:45.300#,105.6,105.72,105.525,107.535,103.325,31033,197758,105.69,920,105.695,158,105.7,187,105.705,178,105.71,21,105.715,62,105.72,228,105.725,84,105.73,102,105.735,842,105.71
T2409,,13:39:45.800#,105.6,105.72,105.525,107.535,103.325,31034,197757,105.69,920,105.695,158,105.7,187,105.705,178,105.71,20,105.715,62,105.72,228,105.725,84,105.73,102,105.735,842,105.71
T2409,,13:39:46.300#,105.6,105.72,105.525,107.535,103.325,31034,197757,105.69,920,105.695,158,105.7,187,105.705,178,105.71,21,105.715,72,105.72,228,105.725,84,105.73,102,105.735,842,105.71
T2409,,13:39:46.800#,105.6,105.72,105.525,107.535,103.325,31034,197757,105.69,920,105.695,158,105.7,187,105.705,178,105.71,21,105.715,72,105.72,228,105.725,85,105.73,102,105.735,842,105.71
T2409,,13:39:47.800#,105.6,105.72,105.525,107.535,103.325,31034,197757,105.69,920,105.695,158,105.7,187,105.705,178,105.71,21,105.715,73,105.72,228,105.725,85,105.73,102,105.735,842,105.71
T2409,,13:39:48.300#,105.6,105.72,105.525,107.535,103.325,31034,197757,105.69,920,105.695,158,105.7,187,105.705,178,105.71,21,105.715,74,105.72,228,105.725,85,105.73,102,105.735,842,105.71
T2409,,13:39:49.300#,105.6,105.72,105.525,107.535,103.325,31055,197758,105.685,71,105.69,920,105.695,158,105.7,187,105.705,178,105.71,7,105.715,74,105.72,228,105.725,85,105.73,102,105.71
T2409,,13:39:49.800#,105.6,105.72,105.525,107.535,103.325,31055,197758,105.685,885,105.69,214,105.695,111,105.7,226,105.705,67,105.71,12,105.715,164,105.72,198,105.725,94,105.73,813,105.71
T2409,,13:39:50.300#,105.6,105.72,105.525,107.535,103.325,31055,197758,105.685,835,105.69,225,105.695,100,105.7,226,105.705,67,105.71,25,105.715,164,105.72,178,105.725,94,105.73,813,105.71
T2409,,13:39:50.800#,105.6,105.72,105.525,107.535,103.325,31055,197758,105.685,835,105.69,225,105.695,100,105.7,236,105.705,67,105.71,15,105.715,184,105.72,177,105.725,94,105.73,813,105.71
T2409,,13:39:51.300#,105.6,105.72,105.525,107.535,103.325,31055,197758,105.685,835,105.69,225,105.695,100,105.7,236,105.705,67,105.71,20,105.715,184,105.72,177,105.725,94,105.73,813,105.71
T2409,,13:39:51.800#,105.6,105.72,105.525,107.535,103.325,31057,197758,105.685,885,105.69,214,105.695,111,105.7,236,105.705,67,105.71,17,105.715,185,105.72,177,105.725,94,105.73,813,105.71
T2409,,13:39:52.300#,105.6,105.72,105.525,107.535,103.325,31066,197751,105.69,214,105.695,111,105.7,236,105.705,67,105.71,8,105.715,185,105.72,177,105.725,94,105.73,813,105.735,101,105.71
T2409,,13:39:52.800#,105.6,105.72,105.525,107.535,103.325,31066,197751,105.69,803,105.695,119,105.7,207,105.705,157,105.71,9,105.715,88,105.72,208,105.725,85,105.73,219,105.735,764,105.71
T2409,,13:39:53.300#,105.6,105.72,105.525,107.535,103.325,31066,197751,105.69,803,105.695,119,105.7,197,105.705,154,105.71,12,105.715,88,105.72,208,105.725,85,105.73,219,105.735,764,105.71
T2409,,13:39:53.800#,105.6,105.72,105.525,107.535,103.325,31066,197751,105.69,920,105.695,119,105.7,187,105.705,177,105.71,9,105.715,78,105.72,228,105.725,85,105.73,102,105.735,881,105.71
T2409,,13:39:54.300#,105.6,105.72,105.525,107.535,103.325,31066,197751,105.69,920,105.695,119,105.7,187,105.705,167,105.71,10,105.715,78,105.72,218,105.725,85,105.73,102,105.735,881,105.71
T2409,,13:39:54.800#,105.6,105.72,105.525,107.535,103.325,31067,197751,105.69,920,105.695,119,105.7,187,105.705,178,105.71,9,105.715,78,105.72,228,105.725,85,105.73,102,105.735,881,105.71
T2409,,13:39:55.800#,105.6,105.72,105.525,107.535,103.325,31067,197751,105.69,920,105.695,119,105.7,187,105.705,178,105.71,9,105.715,78,105.72,228,105.725,85,105.73,103,105.735,881,105.71
T2409,,13:39:56.800#,105.6,105.72,105.525,107.535,103.325,31076,197753,105.685,110,105.69,920,105.695,119,105.7,187,105.705,178,105.71,41,105.715,78,105.72,228,105.725,85,105.73,103,105.71
T2409,,13:39:57.300#,105.6,105.72,105.525,107.535,103.325,31076,197753,105.685,768,105.69,331,105.695,113,105.7,216,105.705,76,105.71,43,105.715,178,105.72,187,105.725,94,105.73,697,105.71
T2409,,13:39:57.800#,105.6,105.72,105.525,107.535,103.325,31076,197753,105.685,835,105.69,225,105.695,102,105.7,226,105.705,64,105.71,49,105.715,174,105.72,177,105.725,94,105.73,814,105.71
T2409,,13:39:58.300#,105.6,105.72,105.525,107.535,103.325,31076,197753,105.685,835,105.69,225,105.695,102,105.7,236,105.705,64,105.71,46,105.715,187,105.72,177,105.725,94,105.73,814,105.71
T2409,,13:39:59.300#,105.6,105.72,105.525,107.535,103.325,31096,197753,105.685,835,105.69,225,105.695,102,105.7,236,105.705,64,105.71,26,105.715,187,105.72,177,105.725,94,105.73,814,105.71
T2409,,13:39:59.800#,105.6,105.72,105.525,107.535,103.325,31096,197753,105.685,885,105.69,214,105.695,113,105.7,236,105.705,74,105.71,25,105.715,188,105.72,177,105.725,94,105.73,814,105.71
T2409,,13:40:00.300#,105.6,105.72,105.525,107.535,103.325,31096,197753,105.685,885,105.69,214,105.695,113,105.7,236,105.705,64,105.71,25,105.715,188,105.72,177,105.725,94,105.73,814,105.71
T2409,,13:40:00.800#,105.6,105.72,105.525,107.535,103.325,31097,197754,105.685,885,105.69,214,105.695,113,105.7,237,105.705,64,105.71,24,105.715,188,105.72,177,105.725,94,105.73,814,105.71
T2409,,13:40:01.300#,105.6,105.72,105.525,107.535,103.325,31099,197756,105.685,885,105.69,214,105.695,113,105.7,237,105.705,64,105.71,22,105.715,188,105.72,177,105.725,94,105.73,814,105.71
T2409,,13:40:01.800#,105.6,105.72,105.525,107.535,103.325,31099,197756,105.685,885,105.69,214,105.695,113,105.7,237,105.705,65,105.71,22,105.715,188,105.72,177,105.725,94,105.73,814,105.71
T2409,,13:40:04.800#,105.6,105.72,105.525,107.535,103.325,31099,197756,105.685,885,105.69,214,105.695,113,105.7,237,105.705,65,105.71,22,105.715,189,105.72,177,105.725,94,105.73,814,105.71
T2409,,13:40:06.300#,105.6,105.72,105.525,107.535,103.325,31099,197756,105.685,885,105.69,214,105.695,113,105.7,237,105.705,65,105.71,22,105.715,190,105.72,177,105.725,94,105.73,814,105.71
T2409,,13:40:06.800#,105.6,105.72,105.525,107.535,103.325,31099,197756,105.685,885,105.69,214,105.695,113,105.7,237,105.705,75,105.71,22,105.715,190,105.72,177,105.725,94,105.73,814,105.71
T2409,,13:40:07.300#,105.6,105.72,105.525,107.535,103.325,31099,197756,105.685,885,105.69,214,105.695,113,105.7,237,105.705,76,105.71,22,105.715,190,105.72,177,105.725,94,105.73,814,105.71
T2409,,13:40:08.300#,105.6,105.72,105.525,107.535,103.325,31099,197756,105.685,885,105.69,214,105.695,111,105.7,237,105.705,76,105.71,22,105.715,190,105.72,177,105.725,94,105.73,814,105.71
T2409,,13:40:08.800#,105.6,105.72,105.525,107.535,103.325,31099,197756,105.685,885,105.69,214,105.695,112,105.7,236,105.705,76,105.71,22,105.715,190,105.72,177,105.725,94,105.73,814,105.71
T2409,,13:40:10.800#,105.6,105.72,105.525,107.535,103.325,31099,197756,105.685,885,105.69,214,105.695,112,105.7,236,105.705,77,105.71,22,105.715,190,105.72,177,105.725,94,105.73,814,105.71
T2409,,13:40:12.300#,105.6,105.72,105.525,107.535,103.325,31100,197757,105.685,885,105.69,214,105.695,112,105.7,236,105.705,76,105.71,22,105.715,190,105.72,177,105.725,94,105.73,814,105.705
T2409,,13:40:12.800#,105.6,105.72,105.525,107.535,103.325,31100,197757,105.685,885,105.69,194,105.695,112,105.7,236,105.705,76,105.71,22,105.715,190,105.72,178,105.725,94,105.73,834,105.705
T2409,,13:40:14.800#,105.6,105.72,105.525,107.535,103.325,31100,197757,105.685,885,105.69,196,105.695,112,105.7,236,105.705,76,105.71,22,105.715,190,105.72,177,105.725,94,105.73,834,105.705
T2409,,13:40:15.300#,105.6,105.72,105.525,107.535,103.325,31106,197757,105.685,885,105.69,196,105.695,112,105.7,236,105.705,76,105.71,16,105.715,190,105.72,177,105.725,94,105.73,834,105.71
T2409,,13:40:15.800#,105.6,105.72,105.525,107.535,103.325,31122,197757,105.69,196,105.695,112,105.7,236,105.705,71,105.71,11,105.715,190,105.72,177,105.725,94,105.73,834,105.735,82,105.71
T2409,,13:40:16.300#,105.6,105.72,105.525,107.535,103.325,31122,197757,105.69,785,105.695,120,105.7,207,105.705,160,105.71,19,105.715,90,105.72,207,105.725,85,105.73,240,105.735,745,105.71
T2409,,13:40:16.800#,105.6,105.72,105.525,107.535,103.325,31122,197757,105.69,902,105.695,120,105.7,186,105.705,168,105.71,22,105.715,78,105.72,216,105.725,86,105.73,123,105.735,862,105.71
T2409,,13:40:17.300#,105.6,105.72,105.525,107.535,103.325,31122,197757,105.69,902,105.695,119,105.7,187,105.705,186,105.71,19,105.715,78,105.72,226,105.725,86,105.73,123,105.735,862,105.71
T2409,,13:40:17.800#,105.6,105.72,105.525,107.535,103.325,31123,197758,105.69,902,105.695,119,105.7,187,105.705,186,105.71,18,105.715,88,105.72,226,105.725,86,105.73,123,105.735,862,105.71
T2409,,13:40:18.300#,105.6,105.72,105.525,107.535,103.325,31123,197758,105.69,902,105.695,119,105.7,188,105.705,185,105.71,9,105.715,78,105.72,227,105.725,85,105.73,123,105.735,862,105.71
T2409,,13:40:20.300#,105.6,105.72,105.525,107.535,103.325,31123,197758,105.69,902,105.695,119,105.7,188,105.705,185,105.71,6,105.715,78,105.72,227,105.725,85,105.73,123,105.735,862,105.71
T2409,,13:40:21.300#,105.6,105.72,105.525,107.535,103.325,31123,197758,105.69,902,105.695,119,105.7,188,105.705,185,105.71,26,105.715,78,105.72,227,105.725,85,105.73,123,105.735,862,105.71
T2409,,13:40:21.800#,105.6,105.72,105.525,107.535,103.325,31123,197758,105.69,902,105.695,119,105.7,188,105.705,185,105.71,37,105.715,78,105.72,227,105.725,85,105.73,123,105.735,862,105.71
T2409,,13:40:22.300#,105.6,105.72,105.525,107.535,103.325,31123,197758,105.69,902,105.695,119,105.7,188,105.705,185,105.71,37,105.715,72,105.72,227,105.725,85,105.73,123,105.735,862,105.71
T2409,,13:40:23.800#,105.6,105.72,105.525,107.535,103.325,31123,197758,105.69,902,105.695,119,105.7,188,105.705,185,105.71,37,105.715,73,105.72,227,105.725,85,105.73,123,105.735,862,105.71
T2409,,13:40:24.800#,105.6,105.72,105.525,107.535,103.325,31124,197758,105.69,902,105.695,119,105.7,188,105.705,185,105.71,36,105.715,73,105.72,227,105.725,85,105.73,123,105.735,862,105.71
T2409,,13:40:28.800#,105.6,105.72,105.525,107.535,103.325,31124,197758,105.69,902,105.695,119,105.7,188,105.705,185,105.71,36,105.715,74,105.72,227,105.725,85,105.73,123,105.735,862,105.71
T2409,,13:40:30.300#,105.6,105.72,105.525,107.535,103.325,31124,197758,105.69,902,105.695,119,105.7,188,105.705,190,105.71,37,105.715,74,105.72,227,105.725,85,105.73,123,105.735,862,105.71
T2409,,13:40:30.800#,105.6,105.72,105.525,107.535,103.325,31124,197758,105.69,902,105.695,119,105.7,188,105.705,190,105.71,37,105.715,73,105.72,227,105.725,85,105.73,123,105.735,862,105.71
T2409,,13:40:31.300#,105.6,105.72,105.525,107.535,103.325,31127,197758,105.69,902,105.695,119,105.7,188,105.705,190,105.71,37,105.715,70,105.72,227,105.725,85,105.73,123,105.735,862,105.715
T2409,,13:40:31.800#,105.6,105.72,105.525,107.535,103.325,31128,197758,105.69,922,105.695,119,105.7,188,105.705,190,105.71,33,105.715,70,105.72,227,105.725,85,105.73,103,105.735,862,105.71
T2409,,13:40:32.300#,105.6,105.72,105.525,107.535,103.325,31128,197758,105.69,922,105.695,119,105.7,190,105.705,190,105.71,40,105.715,70,105.72,227,105.725,85,105.73,103,105.735,882,105.71
T2409,,13:40:32.800#,105.6,105.72,105.525,107.535,103.325,31128,197758,105.69,922,105.695,119,105.7,190,105.705,190,105.71,40,105.715,70,105.72,226,105.725,85,105.73,103,105.735,882,105.71
T2409,,13:40:35.300#,105.6,105.72,105.525,107.535,103.325,31128,197758,105.69,922,105.695,119,105.7,190,105.705,190,105.71,41,105.715,70,105.72,226,105.725,85,105.73,103,105.735,882,105.71
T2409,,13:40:36.300#,105.6,105.72,105.525,107.535,103.325,31135,197758,105.69,924,105.695,119,105.7,190,105.705,190,105.71,34,105.715,70,105.72,226,105.725,85,105.73,103,105.735,882,105.71
T2409,,13:40:36.800#,105.6,105.72,105.525,107.535,103.325,31136,197758,105.69,924,105.695,119,105.7,190,105.705,190,105.71,28,105.715,70,105.72,226,105.725,85,105.73,103,105.735,882,105.71
T2409,,13:40:37.300#,105.6,105.72,105.525,107.535,103.325,31136,197758,105.69,924,105.695,119,105.7,190,105.705,190,105.71,23,105.715,70,105.72,226,105.725,85,105.73,103,105.735,882,105.71
T2409,,13:40:37.800#,105.6,105.72,105.525,107.535,103.325,31136,197758,105.69,924,105.695,119,105.7,190,105.705,190,105.71,19,105.715,70,105.72,226,105.725,85,105.73,103,105.735,882,105.71
T2409,,13:40:38.800#,105.6,105.72,105.525,107.535,103.325,31143,197765,105.69,924,105.695,119,105.7,190,105.705,190,105.71,12,105.715,70,105.72,226,105.725,85,105.73,103,105.735,882,105.71
T2409,,13:40:39.300#,105.6,105.72,105.525,107.535,103.325,31143,197765,105.69,924,105.695,119,105.7,190,105.705,191,105.71,12,105.715,70,105.72,226,105.725,85,105.73,103,105.735,882,105.71
T2409,,13:40:40.800#,105.6,105.72,105.525,107.535,103.325,31143,197765,105.69,924,105.695,119,105.7,187,105.705,194,105.71,12,105.715,70,105.72,226,105.725,85,105.73,103,105.735,882,105.71
T2409,,13:40:44.300#,105.6,105.72,105.525,107.535,103.325,31143,197765,105.69,924,105.695,119,105.7,187,105.705,194,105.71,27,105.715,70,105.72,226,105.725,85,105.73,103,105.735,882,105.71
T2409,,13:40:44.800#,105.6,105.72,105.525,107.535,103.325,31143,197765,105.69,924,105.695,119,105.7,187,105.705,194,105.71,44,105.715,70,105.72,226,105.725,85,105.73,103,105.735,882,105.71
T2409,,13:40:45.300#,105.6,105.72,105.525,107.535,103.325,31143,197765,105.69,924,105.695,119,105.7,177,105.705,204,105.71,44,105.715,66,105.72,226,105.725,85,105.73,103,105.735,882,105.71
T2409,,13:40:49.300#,105.6,105.72,105.525,107.535,103.325,31144,197765,105.69,924,105.695,119,105.7,177,105.705,204,105.71,43,105.715,66,105.72,226,105.725,85,105.73,103,105.735,882,105.71
T2409,,13:40:51.300#,105.6,105.72,105.525,107.535,103.325,31174,197777,105.69,924,105.695,119,105.7,177,105.705,204,105.71,13,105.715,66,105.72,226,105.725,85,105.73,103,105.735,882,105.71
T2409,,13:40:51.800#,105.6,105.72,105.525,107.535,103.325,31174,197777,105.685,95,105.69,924,105.695,119,105.7,177,105.705,194,105.71,3,105.715,66,105.72,226,105.725,85,105.73,103,105.71
T2409,,13:40:52.300#,105.6,105.72,105.525,107.535,103.325,31190,197767,105.69,335,105.695,111,105.7,216,105.705,92,105.71,4,105.715,136,105.72,216,105.725,94,105.73,697,105.735,219,105.71
T2409,,13:40:52.800#,105.6,105.72,105.525,107.535,103.325,31191,197768,105.69,924,105.695,119,105.7,197,105.705,181,105.71,2,105.715,67,105.72,227,105.725,85,105.73,103,105.735,882,105.715
T2409,,13:40:53.300#,105.6,105.72,105.525,107.535,103.325,31191,197768,105.69,824,105.695,130,105.7,186,105.705,170,105.71,6,105.715,67,105.72,217,105.725,85,105.73,103,105.735,882,105.715
T2409,,13:40:53.800#,105.6,105.72,105.525,107.535,103.325,31191,197768,105.69,924,105.695,119,105.7,187,105.705,192,105.71,4,105.715,67,105.72,226,105.725,85,105.73,103,105.735,882,105.715
T2409,,13:40:55.800#,105.6,105.72,105.525,107.535,103.325,31191,197768,105.69,924,105.695,119,105.7,187,105.705,192,105.71,4,105.715,67,105.72,227,105.725,85,105.73,103,105.735,882,105.715
T2409,,13:40:57.300#,105.6,105.72,105.525,107.535,103.325,31191,197768,105.69,924,105.695,119,105.7,187,105.705,192,105.71,4,105.715,65,105.72,227,105.725,85,105.73,103,105.735,882,105.715
T2409,,13:40:59.800#,105.6,105.72,105.525,107.535,103.325,31191,197768,105.69,924,105.695,119,105.7,187,105.705,192,105.71,4,105.715,69,105.72,227,105.725,85,105.73,103,105.735,882,105.715
T2409,,13:41:00.300#,105.6,105.72,105.525,107.535,103.325,31191,197768,105.69,924,105.695,119,105.7,187,105.705,192,105.71,4,105.715,69,105.72,229,105.725,85,105.73,103,105.735,882,105.715
T2409,,13:41:00.800#,105.6,105.72,105.525,107.535,103.325,31191,197768,105.69,924,105.695,119,105.7,187,105.705,182,105.71,4,105.715,69,105.72,219,105.725,85,105.73,103,105.735,882,105.715
T2409,,13:41:01.300#,105.6,105.72,105.525,107.535,103.325,31191,197768,105.69,924,105.695,119,105.7,187,105.705,191,105.71,4,105.715,69,105.72,229,105.725,85,105.73,103,105.735,882,105.715
T2409,,13:41:02.300#,105.6,105.72,105.525,107.535,103.325,31191,197768,105.69,924,105.695,119,105.7,187,105.705,191,105.71,5,105.715,75,105.72,230,105.725,85,105.73,103,105.735,882,105.715
T2409,,13:41:02.800#,105.6,105.72,105.525,107.535,103.325,31191,197768,105.69,924,105.695,119,105.7,187,105.705,190,105.71,17,105.715,69,105.72,230,105.725,85,105.73,103,105.735,882,105.715
T2409,,13:41:03.300#,105.6,105.72,105.525,107.535,103.325,31192,197767,105.69,924,105.695,119,105.7,187,105.705,190,105.71,17,105.715,69,105.72,230,105.725,85,105.73,103,105.735,882,105.71
T2409,,13:41:03.800#,105.6,105.72,105.525,107.535,103.325,31192,197767,105.69,924,105.695,119,105.7,187,105.705,190,105.71,17,105.715,70,105.72,230,105.725,85,105.73,103,105.735,882,105.71
T2409,,13:41:04.300#,105.6,105.72,105.525,107.535,103.325,31194,197769,105.69,922,105.695,119,105.7,187,105.705,190,105.71,17,105.715,68,105.72,230,105.725,85,105.73,103,105.735,882,105.715
T2409,,13:41:07.300#,105.6,105.72,105.525,107.535,103.325,31195,197770,105.69,922,105.695,119,105.7,186,105.705,190,105.71,17,105.715,67,105.72,230,105.725,85,105.73,103,105.735,882,105.715
T2409,,13:41:07.800#,105.6,105.72,105.525,107.535,103.325,31195,197770,105.69,922,105.695,119,105.7,186,105.705,187,105.71,19,105.715,73,105.72,230,105.725,85,105.73,103,105.735,882,105.715
T2409,,13:41:08.300#,105.6,105.72,105.525,107.535,103.325,31195,197770,105.69,922,105.695,119,105.7,186,105.705,187,105.71,19,105.715,67,105.72,230,105.725,85,105.73,103,105.735,882,105.715
T2409,,13:41:09.300#,105.6,105.72,105.525,107.535,103.325,31195,197770,105.69,922,105.695,119,105.7,186,105.705,186,105.71,25,105.715,67,105.72,230,105.725,85,105.73,103,105.735,882,105.715
T2409,,13:41:09.800#,105.6,105.72,105.525,107.535,103.325,31195,197770,105.69,922,105.695,119,105.7,186,105.705,186,105.71,37,105.715,67,105.72,230,105.725,85,105.73,103,105.735,882,105.715
T2409,,13:41:10.800#,105.6,105.72,105.525,107.535,103.325,31195,197770,105.69,922,105.695,119,105.7,186,105.705,186,105.71,43,105.715,67,105.72,230,105.725,85,105.73,103,105.735,882,105.715
T2409,,13:41:11.300#,105.6,105.72,105.525,107.535,103.325,31195,197770,105.69,922,105.695,129,105.7,186,105.705,186,105.71,43,105.715,67,105.72,229,105.725,85,105.73,103,105.735,882,105.715
T2409,,13:41:12.300#,105.6,105.72,105.525,107.535,103.325,31215,197762,105.69,922,105.695,129,105.7,186,105.705,186,105.71,43,105.715,47,105.72,229,105.725,85,105.73,103,105.735,882,105.715
T2409,,13:41:12.800#,105.6,105.72,105.525,107.535,103.325,31216,197762,105.69,922,105.695,129,105.7,186,105.705,186,105.71,45,105.715,47,105.72,229,105.725,85,105.73,103,105.735,882,105.71
T2409,,13:41:13.300#,105.6,105.72,105.525,107.535,103.325,31217,197762,105.69,922,105.695,129,105.7,186,105.705,186,105.71,45,105.715,53,105.72,229,105.725,85,105.73,103,105.735,882,105.71
T2409,,13:41:14.800#,105.6,105.72,105.525,107.535,103.325,31220,197761,105.69,922,105.695,129,105.7,186,105.705,186,105.71,34,105.715,53,105.72,229,105.725,85,105.73,103,105.735,882,105.71
T2409,,13:41:15.300#,105.6,105.72,105.525,107.535,103.325,31220,197761,105.69,922,105.695,129,105.7,186,105.705,186,105.71,30,105.715,53,105.72,229,105.725,85,105.73,103,105.735,882,105.71
T2409,,13:41:15.800#,105.6,105.72,105.525,107.535,103.325,31220,197761,105.69,922,105.695,129,105.7,186,105.705,186,105.71,24,105.715,53,105.72,229,105.725,85,105.73,103,105.735,882,105.71
T2409,,13:41:16.300#,105.6,105.72,105.525,107.535,103.325,31220,197761,105.69,922,105.695,129,105.7,186,105.705,186,105.71,22,105.715,53,105.72,229,105.725,85,105.73,103,105.735,882,105.71
T2409,,13:41:21.300#,105.6,105.72,105.525,107.535,103.325,31220,197761,105.69,922,105.695,129,105.7,186,105.705,185,105.71,22,105.715,53,105.72,229,105.725,85,105.73,103,105.735,882,105.71
T2409,,13:41:28.300#,105.6,105.72,105.525,107.535,103.325,31220,197761,105.69,922,105.695,129,105.7,186,105.705,185,105.71,42,105.715,53,105.72,229,105.725,85,105.73,103,105.735,882,105.71
T2409,,13:41:28.800#,105.6,105.72,105.525,107.535,103.325,31220,197761,105.69,922,105.695,129,105.7,186,105.705,185,105.71,48,105.715,53,105.72,229,105.725,85,105.73,102,105.735,882,105.71
T2409,,13:41:29.300#,105.6,105.72,105.525,107.535,103.325,31220,197761,105.69,922,105.695,129,105.7,186,105.705,185,105.71,68,105.715,54,105.72,229,105.725,85,105.73,102,105.735,882,105.71
T2409,,13:41:29.800#,105.6,105.72,105.525,107.535,103.325,31220,197761,105.69,932,105.695,129,105.7,176,105.705,195,105.71,69,105.715,54,105.72,229,105.725,85,105.73,102,105.735,872,105.71
T2409,,13:41:30.300#,105.6,105.72,105.525,107.535,103.325,31220,197761,105.69,932,105.695,129,105.7,176,105.705,195,105.71,89,105.715,54,105.72,229,105.725,85,105.73,102,105.735,872,105.71
T2409,,13:41:30.800#,105.6,105.72,105.525,107.535,103.325,31231,197772,105.69,932,105.695,129,105.7,176,105.705,195,105.71,110,105.715,43,105.72,229,105.725,85,105.73,102,105.735,872,105.715
T2409,,13:41:31.300#,105.6,105.72,105.525,107.535,103.325,31272,197791,105.695,129,105.7,176,105.705,195,105.71,150,105.715,4,105.72,229,105.725,84,105.73,102,105.735,872,105.74,40,105.715
T2409,,13:41:31.800#,105.6,105.72,105.525,107.535,103.325,31272,197791,105.695,874,105.7,184,105.705,146,105.71,289,105.715,24,105.72,111,105.725,125,105.73,93,105.735,122,105.74,820,105.715
T2409,,13:41:32.300#,105.6,105.72,105.525,107.535,103.325,31272,197791,105.695,874,105.7,184,105.705,135,105.71,278,105.715,40,105.72,109,105.725,134,105.73,94,105.735,122,105.74,820,105.715
T2409,,13:41:32.800#,105.6,105.72,105.525,107.535,103.325,31272,197791,105.695,874,105.7,184,105.705,135,105.71,298,105.715,30,105.72,109,105.725,134,105.73,94,105.735,122,105.74,820,105.715
T2409,,13:41:33.300#,105.6,105.72,105.525,107.535,103.325,31272,197791,105.695,874,105.7,144,105.705,135,105.71,298,105.715,40,105.72,109,105.725,144,105.73,94,105.735,122,105.74,820,105.715
T2409,,13:41:33.800#,105.6,105.72,105.525,107.535,103.325,31272,197791,105.695,874,105.7,144,105.705,135,105.71,288,105.715,50,105.72,109,105.725,134,105.73,94,105.735,122,105.74,820,105.715
T2409,,13:41:34.300#,105.6,105.72,105.525,107.535,103.325,31280,197795,105.695,874,105.7,144,105.705,135,105.71,298,105.715,49,105.72,109,105.725,134,105.73,94,105.735,122,105.74,820,105.715
T2409,,13:41:34.800#,105.6,105.72,105.525,107.535,103.325,31280,197795,105.695,874,105.7,144,105.705,135,105.71,278,105.715,49,105.72,109,105.725,144,105.73,94,105.735,122,105.74,820,105.715
T2409,,13:41:35.300#,105.6,105.72,105.525,107.535,103.325,31280,197795,105.695,874,105.7,144,105.705,136,105.71,277,105.715,49,105.72,109,105.725,145,105.73,93,105.735,122,105.74,820,105.715
T2409,,13:41:35.800#,105.6,105.72,105.525,107.535,103.325,31280,197795,105.695,874,105.7,144,105.705,136,105.71,257,105.715,49,105.72,109,105.725,145,105.73,93,105.735,122,105.74,820,105.715
T2409,,13:41:36.300#,105.6,105.72,105.525,107.535,103.325,31280,197795,105.695,874,105.7,144,105.705,136,105.71,237,105.715,49,105.72,109,105.725,145,105.73,93,105.735,122,105.74,820,105.715
T2409,,13:41:36.800#,105.6,105.72,105.525,107.535,103.325,31280,197795,105.695,874,105.7,142,105.705,136,105.71,237,105.715,49,105.72,109,105.725,145,105.73,93,105.735,122,105.74,820,105.715
T2409,,13:41:37.800#,105.6,105.72,105.525,107.535,103.325,31280,197795,105.695,874,105.7,142,105.705,136,105.71,218,105.715,49,105.72,109,105.725,145,105.73,93,105.735,122,105.74,820,105.715
T2409,,13:41:38.300#,105.6,105.72,105.525,107.535,103.325,31280,197795,105.695,874,105.7,142,105.705,136,105.71,219,105.715,49,105.72,109,105.725,145,105.73,93,105.735,122,105.74,820,105.715
T2409,,13:41:38.800#,105.6,105.72,105.525,107.535,103.325,31283,197798,105.695,874,105.7,142,105.705,136,105.71,219,105.715,49,105.72,106,105.725,145,105.73,93,105.735,122,105.74,820,105.72
T2409,,13:41:39.300#,105.6,105.72,105.525,107.535,103.325,31283,197798,105.695,894,105.7,142,105.705,136,105.71,199,105.715,49,105.72,106,105.725,145,105.73,93,105.735,102,105.74,820,105.72
T2409,,13:41:39.800#,105.6,105.72,105.525,107.535,103.325,31283,197798,105.695,894,105.7,142,105.705,136,105.71,201,105.715,49,105.72,106,105.725,145,105.73,93,105.735,102,105.74,820,105.72
T2409,,13:41:40.800#,105.6,105.72,105.525,107.535,103.325,31288,197800,105.695,894,105.7,142,105.705,136,105.71,201,105.715,34,105.72,106,105.725,145,105.73,93,105.735,102,105.74,820,105.715
T2409,,13:41:41.300#,105.6,105.72,105.525,107.535,103.325,31288,197800,105.695,894,105.7,142,105.705,136,105.71,191,105.715,26,105.72,106,105.725,145,105.73,93,105.735,102,105.74,840,105.715
T2409,,13:41:41.800#,105.6,105.72,105.525,107.535,103.325,31288,197800,105.695,894,105.7,142,105.705,146,105.71,193,105.715,26,105.72,112,105.725,145,105.73,93,105.735,102,105.74,840,105.715
T2409,,13:41:42.300#,105.6,105.72,105.525,107.535,103.325,31291,197799,105.695,894,105.7,142,105.705,146,105.71,193,105.715,23,105.72,112,105.725,145,105.73,93,105.735,102,105.74,840,105.715
T2409,,13:41:42.800#,105.6,105.72,105.525,107.535,103.325,31294,197798,105.695,894,105.7,142,105.705,146,105.71,193,105.715,21,105.72,112,105.725,145,105.73,93,105.735,102,105.74,840,105.715
T2409,,13:41:43.300#,105.6,105.72,105.525,107.535,103.325,31297,197798,105.695,894,105.7,142,105.705,146,105.71,193,105.715,18,105.72,112,105.725,145,105.73,93,105.735,102,105.74,840,105.715
T2409,,13:41:43.800#,105.6,105.72,105.525,107.535,103.325,31299,197798,105.695,894,105.7,142,105.705,146,105.71,193,105.715,16,105.72,112,105.725,145,105.73,93,105.735,102,105.74,840,105.715
T2409,,13:41:44.300#,105.6,105.72,105.525,107.535,103.325,31311,197798,105.695,894,105.7,142,105.705,146,105.71,193,105.715,15,105.72,102,105.725,145,105.73,93,105.735,102,105.74,840,105.72
T2409,,13:41:44.800#,105.6,105.72,105.525,107.535,103.325,31311,197798,105.695,894,105.7,142,105.705,146,105.71,193,105.715,34,105.72,103,105.725,145,105.73,93,105.735,102,105.74,840,105.72
T2409,,13:41:45.300#,105.6,105.72,105.525,107.535,103.325,31311,197798,105.695,894,105.7,142,105.705,146,105.71,194,105.715,44,105.72,103,105.725,145,105.73,93,105.735,102,105.74,840,105.72
T2409,,13:41:45.800#,105.6,105.72,105.525,107.535,103.325,31311,197798,105.695,894,105.7,140,105.705,136,105.71,204,105.715,44,105.72,103,105.725,145,105.73,93,105.735,102,105.74,840,105.72
T2409,,13:41:46.300#,105.6,105.72,105.525,107.535,103.325,31311,197798,105.695,894,105.7,140,105.705,136,105.71,204,105.715,44,105.72,104,105.725,145,105.73,93,105.735,102,105.74,840,105.72
T2409,,13:41:46.800#,105.6,105.72,105.525,107.535,103.325,31311,197798,105.695,894,105.7,140,105.705,135,105.71,204,105.715,44,105.72,104,105.725,145,105.73,93,105.735,102,105.74,840,105.72
T2409,,13:41:47.300#,105.6,105.72,105.525,107.535,103.325,31312,197799,105.695,894,105.7,140,105.705,135,105.71,204,105.715,63,105.72,104,105.725,145,105.73,93,105.735,102,105.74,840,105.715
T2409,,13:41:47.800#,105.6,105.72,105.525,107.535,103.325,31312,197799,105.695,894,105.7,140,105.705,135,105.71,204,105.715,64,105.72,105,105.725,145,105.73,93,105.735,102,105.74,840,105.715
T2409,,13:41:48.300#,105.6,105.72,105.525,107.535,103.325,31314,197799,105.695,894,105.7,140,105.705,135,105.71,204,105.715,64,105.72,103,105.725,145,105.73,93,105.735,102,105.74,840,105.72
T2409,,13:41:48.800#,105.6,105.72,105.525,107.535,103.325,31324,197799,105.695,894,105.7,140,105.705,135,105.71,204,105.715,64,105.72,93,105.725,145,105.73,93,105.735,102,105.74,840,105.72
T2409,,13:41:49.300#,105.6,105.72,105.525,107.535,103.325,31324,197799,105.695,894,105.7,140,105.705,135,105.71,204,105.715,64,105.72,93,105.725,135,105.73,93,105.735,102,105.74,840,105.72
T2409,,13:41:49.800#,105.6,105.72,105.525,107.535,103.325,31324,197799,105.695,894,105.7,140,105.705,135,105.71,204,105.715,64,105.72,93,105.725,135,105.73,103,105.735,102,105.74,840,105.72
T2409,,13:41:50.300#,105.6,105.72,105.525,107.535,103.325,31324,197799,105.695,894,105.7,140,105.705,135,105.71,204,105.715,74,105.72,93,105.725,135,105.73,103,105.735,102,105.74,840,105.72
T2409,,13:41:51.300#,105.6,105.72,105.525,107.535,103.325,31324,197799,105.695,894,105.7,139,105.705,135,105.71,206,105.715,75,105.72,93,105.725,135,105.73,103,105.735,102,105.74,840,105.72
T2409,,13:41:52.800#,105.6,105.72,105.525,107.535,103.325,31324,197799,105.695,894,105.7,139,105.705,135,105.71,206,105.715,75,105.72,93,105.725,135,105.73,103,105.735,102,105.74,842,105.72
T2409,,13:41:54.300#,105.6,105.72,105.525,107.535,103.325,31324,197799,105.695,894,105.7,139,105.705,135,105.71,206,105.715,76,105.72,93,105.725,135,105.73,103,105.735,102,105.74,842,105.72
T2409,,13:41:58.300#,105.6,105.72,105.525,107.535,103.325,31324,197799,105.695,894,105.7,139,105.705,136,105.71,206,105.715,76,105.72,93,105.725,135,105.73,103,105.735,102,105.74,842,105.72
T2409,,13:41:59.800#,105.6,105.72,105.525,107.535,103.325,31349,197804,105.695,894,105.7,139,105.705,136,105.71,206,105.715,71,105.72,73,105.725,135,105.73,103,105.735,102,105.74,842,105.715
T2409,,13:42:00.300#,105.6,105.72,105.525,107.535,103.325,31349,197804,105.695,894,105.7,139,105.705,136,105.71,206,105.715,71,105.72,83,105.725,135,105.73,103,105.735,102,105.74,842,105.715
T2409,,13:42:00.800#,105.6,105.72,105.525,107.535,103.325,31350,197804,105.695,894,105.7,139,105.705,136,105.71,206,105.715,71,105.72,72,105.725,135,105.73,103,105.735,102,105.74,842,105.72
T2409,,13:42:01.300#,105.6,105.72,105.525,107.535,103.325,31350,197804,105.695,894,105.7,139,105.705,136,105.71,206,105.715,71,105.72,73,105.725,135,105.73,103,105.735,102,105.74,842,105.72
T2409,,13:42:01.800#,105.6,105.72,105.525,107.535,103.325,31355,197804,105.695,894,105.7,139,105.705,136,105.71,206,105.715,71,105.72,69,105.725,135,105.73,103,105.735,102,105.74,842,105.72
T2409,,13:42:02.300#,105.6,105.72,105.525,107.535,103.325,31355,197804,105.695,904,105.7,139,105.705,136,105.71,205,105.715,71,105.72,69,105.725,135,105.73,103,105.735,102,105.74,832,105.72
T2409,,13:42:07.800#,105.6,105.72,105.525,107.535,103.325,31355,197804,105.695,904,105.7,139,105.705,136,105.71,205,105.715,72,105.72,69,105.725,135,105.73,103,105.735,102,105.74,832,105.72
T2409,,13:42:08.300#,105.6,105.72,105.525,107.535,103.325,31355,197804,105.695,904,105.7,139,105.705,136,105.71,205,105.715,73,105.72,69,105.725,135,105.73,103,105.735,102,105.74,832,105.72
T2409,,13:42:10.800#,105.6,105.72,105.525,107.535,103.325,31355,197804,105.695,904,105.7,139,105.705,136,105.71,205,105.715,74,105.72,69,105.725,135,105.73,103,105.735,102,105.74,832,105.72
T2409,,13:42:13.800#,105.6,105.72,105.525,107.535,103.325,31355,197804,105.695,904,105.7,139,105.705,131,105.71,205,105.715,84,105.72,69,105.725,135,105.73,103,105.735,102,105.74,832,105.72
T2409,,13:42:14.800#,105.6,105.72,105.525,107.535,103.325,31355,197804,105.695,904,105.7,139,105.705,131,105.71,210,105.715,84,105.72,69,105.725,135,105.73,103,105.735,102,105.74,832,105.72
T2409,,13:42:16.300#,105.6,105.72,105.525,107.535,103.325,31366,197804,105.695,904,105.7,139,105.705,131,105.71,210,105.715,84,105.72,59,105.725,135,105.73,103,105.735,102,105.74,832,105.72
T2409,,13:42:17.300#,105.6,105.72,105.525,107.535,103.325,31366,197804,105.695,904,105.7,139,105.705,131,105.71,210,105.715,84,105.72,58,105.725,135,105.73,103,105.735,102,105.74,832,105.72
T2409,,13:42:20.300#,105.6,105.72,105.525,107.535,103.325,31367,197805,105.695,904,105.7,139,105.705,131,105.71,210,105.715,83,105.72,59,105.725,135,105.73,103,105.735,102,105.74,832,105.715
T2409,,13:42:21.300#,105.6,105.72,105.525,107.535,103.325,31387,197811,105.695,904,105.7,139,105.705,131,105.71,211,105.715,83,105.72,39,105.725,135,105.73,103,105.735,102,105.74,832,105.72
T2409,,13:42:21.800#,105.6,105.72,105.525,107.535,103.325,31387,197811,105.695,904,105.7,139,105.705,131,105.71,211,105.715,83,105.72,39,105.725,136,105.73,103,105.735,102,105.74,832,105.72
T2409,,13:42:24.300#,105.6,105.72,105.525,107.535,103.325,31387,197811,105.695,904,105.7,139,105.705,132,105.71,211,105.715,83,105.72,40,105.725,136,105.73,103,105.735,102,105.74,832,105.72
T2409,,13:42:24.800#,105.6,105.72,105.525,107.535,103.325,31387,197811,105.695,904,105.7,139,105.705,132,105.71,211,105.715,83,105.72,35,105.725,136,105.73,103,105.735,102,105.74,832,105.72
T2409,,13:42:25.300#,105.6,105.72,105.525,107.535,103.325,31387,197811,105.695,904,105.7,139,105.705,132,105.71,211,105.715,83,105.72,38,105.725,136,105.73,103,105.735,102,105.74,832,105.72
T2409,,13:42:26.300#,105.6,105.72,105.525,107.535,103.325,31388,197811,105.695,904,105.7,139,105.705,132,105.71,211,105.715,103,105.72,37,105.725,137,105.73,103,105.735,102,105.74,832,105.72
T2409,,13:42:30.300#,105.6,105.72,105.525,107.535,103.325,31388,197811,105.695,904,105.7,139,105.705,131,105.71,211,105.715,109,105.72,46,105.725,137,105.73,103,105.735,102,105.74,832,105.72
T2409,,13:42:30.800#,105.6,105.72,105.525,107.535,103.325,31388,197811,105.695,904,105.7,139,105.705,131,105.71,211,105.715,109,105.72,60,105.725,137,105.73,103,105.735,102,105.74,832,105.72
T2409,,13:42:31.300#,105.6,105.72,105.525,107.535,103.325,31388,197811,105.695,904,105.7,139,105.705,131,105.71,211,105.715,109,105.72,61,105.725,137,105.73,103,105.735,102,105.74,832,105.72
T2409,,13:42:32.800#,105.6,105.72,105.525,107.535,103.325,31388,197811,105.695,904,105.7,139,105.705,131,105.71,211,105.715,109,105.72,62,105.725,137,105.73,103,105.735,102,105.74,832,105.72
T2409,,13:42:34.800#,105.6,105.72,105.525,107.535,103.325,31388,197811,105.695,904,105.7,139,105.705,129,105.71,211,105.715,109,105.72,62,105.725,137,105.73,103,105.735,102,105.74,832,105.72
T2409,,13:42:35.800#,105.6,105.72,105.525,107.535,103.325,31389,197812,105.695,904,105.7,139,105.705,129,105.71,213,105.715,108,105.72,62,105.725,137,105.73,103,105.735,102,105.74,832,105.715
T2409,,13:42:37.800#,105.6,105.72,105.525,107.535,103.325,31389,197812,105.695,904,105.7,139,105.705,129,105.71,213,105.715,108,105.72,72,105.725,137,105.73,103,105.735,102,105.74,832,105.715
T2409,,13:42:38.300#,105.6,105.72,105.525,107.535,103.325,31389,197812,105.695,904,105.7,139,105.705,129,105.71,213,105.715,108,105.72,62,105.725,137,105.73,103,105.735,102,105.74,832,105.715
T2409,,13:42:39.800#,105.6,105.72,105.525,107.535,103.325,31399,197821,105.695,904,105.7,139,105.705,129,105.71,213,105.715,108,105.72,52,105.725,137,105.73,103,105.735,102,105.74,832,105.72
T2409,,13:42:40.300#,105.6,105.72,105.525,107.535,103.325,31401,197823,105.695,904,105.7,139,105.705,129,105.71,213,105.715,106,105.72,52,105.725,137,105.73,103,105.735,102,105.74,832,105.715
T2409,,13:42:41.800#,105.6,105.72,105.525,107.535,103.325,31401,197823,105.695,904,105.7,139,105.705,129,105.71,213,105.715,107,105.72,52,105.725,137,105.73,103,105.735,102,105.74,842,105.715
T2409,,13:42:42.300#,105.6,105.72,105.525,107.535,103.325,31401,197823,105.695,904,105.7,139,105.705,129,105.71,213,105.715,107,105.72,51,105.725,137,105.73,103,105.735,102,105.74,842,105.715
T2409,,13:42:45.800#,105.6,105.72,105.525,107.535,103.325,31401,197823,105.695,904,105.7,139,105.705,130,105.71,212,105.715,107,105.72,51,105.725,140,105.73,103,105.735,102,105.74,842,105.715
T2409,,13:42:46.800#,105.6,105.72,105.525,107.535,103.325,31401,197823,105.695,904,105.7,139,105.705,130,105.71,212,105.715,107,105.72,55,105.725,140,105.73,103,105.735,102,105.74,842,105.715
T2409,,13:42:47.300#,105.6,105.72,105.525,107.535,103.325,31402,197823,105.695,904,105.7,139,105.705,130,105.71,212,105.715,107,105.72,54,105.725,140,105.73,103,105.735,102,105.74,842,105.72
T2409,,13:42:48.800#,105.6,105.72,105.525,107.535,103.325,31402,197823,105.695,904,105.7,139,105.705,130,105.71,212,105.715,107,105.72,55,105.725,140,105.73,103,105.735,102,105.74,842,105.72
T2409,,13:42:49.300#,105.6,105.72,105.525,107.535,103.325,31402,197823,105.695,904,105.7,139,105.705,129,105.71,212,105.715,107,105.72,55,105.725,140,105.73,103,105.735,102,105.74,842,105.72
T2409,,13:42:49.800#,105.6,105.72,105.525,107.535,103.325,31402,197823,105.695,904,105.7,139,105.705,129,105.71,212,105.715,107,105.72,55,105.725,139,105.73,103,105.735,102,105.74,842,105.72
T2409,,13:42:51.800#,105.6,105.72,105.525,107.535,103.325,31402,197823,105.695,904,105.7,139,105.705,129,105.71,212,105.715,87,105.72,61,105.725,139,105.73,103,105.735,102,105.74,842,105.72
T2409,,13:42:52.300#,105.6,105.72,105.525,107.535,103.325,31403,197823,105.695,904,105.7,139,105.705,129,105.71,212,105.715,63,105.72,61,105.725,139,105.73,103,105.735,102,105.74,842,105.715
T2409,,13:42:52.800#,105.6,105.72,105.525,107.535,103.325,31403,197823,105.695,904,105.7,139,105.705,129,105.71,212,105.715,60,105.72,61,105.725,139,105.73,103,105.735,102,105.74,842,105.715
T2409,,13:42:53.300#,105.6,105.72,105.525,107.535,103.325,31403,197823,105.695,894,105.7,139,105.705,129,105.71,212,105.715,60,105.72,61,105.725,139,105.73,103,105.735,102,105.74,852,105.715
T2409,,13:42:53.800#,105.6,105.72,105.525,107.535,103.325,31403,197823,105.695,894,105.7,139,105.705,129,105.71,212,105.715,60,105.72,62,105.725,139,105.73,103,105.735,102,105.74,852,105.715
T2409,,13:42:56.800#,105.6,105.72,105.525,107.535,103.325,31403,197823,105.695,894,105.7,139,105.705,129,105.71,212,105.715,60,105.72,63,105.725,139,105.73,103,105.735,102,105.74,852,105.715
T2409,,13:42:59.300#,105.6,105.72,105.525,107.535,103.325,31403,197823,105.695,902,105.7,139,105.705,129,105.71,212,105.715,60,105.72,63,105.725,139,105.73,103,105.735,102,105.74,852,105.715
T2409,,13:43:00.800#,105.6,105.72,105.525,107.535,103.325,31403,197823,105.695,902,105.7,139,105.705,131,105.71,212,105.715,60,105.72,63,105.725,139,105.73,103,105.735,102,105.74,852,105.715
T2409,,13:43:01.800#,105.6,105.72,105.525,107.535,103.325,31403,197823,105.695,902,105.7,139,105.705,131,105.71,217,105.715,60,105.72,63,105.725,139,105.73,103,105.735,102,105.74,852,105.715
T2409,,13:43:02.800#,105.6,105.72,105.525,107.535,103.325,31426,197838,105.695,902,105.7,139,105.705,131,105.71,218,105.715,38,105.72,68,105.725,140,105.73,103,105.735,102,105.74,852,105.715
T2409,,13:43:03.300#,105.6,105.72,105.525,107.535,103.325,31445,197840,105.695,902,105.7,139,105.705,131,105.71,218,105.715,19,105.72,70,105.725,140,105.73,103,105.735,102,105.74,852,105.715
T2409,,13:43:03.800#,105.6,105.72,105.525,107.535,103.325,31457,197831,105.695,902,105.7,139,105.705,131,105.71,207,105.715,8,105.72,64,105.725,140,105.73,103,105.735,102,105.74,852,105.715
T2409,,13:43:04.300#,105.6,105.72,105.525,107.535,103.325,31462,197829,105.695,902,105.7,139,105.705,141,105.71,207,105.715,11,105.72,64,105.725,140,105.73,103,105.735,102,105.74,852,105.715
T2409,,13:43:05.300#,105.6,105.72,105.525,107.535,103.325,31463,197830,105.695,902,105.7,139,105.705,141,105.71,207,105.715,13,105.72,64,105.725,140,105.73,103,105.735,102,105.74,852,105.715
T2409,,13:43:05.800#,105.6,105.72,105.525,107.535,103.325,31463,197830,105.695,902,105.7,139,105.705,141,105.71,207,105.715,13,105.72,74,105.725,140,105.73,103,105.735,102,105.74,852,105.715
T2409,,13:43:06.300#,105.6,105.72,105.525,107.535,103.325,31463,197830,105.695,902,105.7,139,105.705,141,105.71,207,105.715,13,105.72,64,105.725,140,105.73,103,105.735,102,105.74,862,105.715
T2409,,13:43:06.800#,105.6,105.72,105.525,107.535,103.325,31463,197830,105.695,902,105.7,139,105.705,141,105.71,207,105.715,14,105.72,64,105.725,140,105.73,103,105.735,102,105.74,862,105.715
T2409,,13:43:07.800#,105.6,105.72,105.525,107.535,103.325,31464,197831,105.695,902,105.7,139,105.705,141,105.71,207,105.715,13,105.72,65,105.725,140,105.73,103,105.735,102,105.74,862,105.715
T2409,,13:43:08.300#,105.6,105.72,105.525,107.535,103.325,31465,197831,105.695,902,105.7,139,105.705,141,105.71,207,105.715,13,105.72,66,105.725,140,105.73,103,105.735,102,105.74,862,105.715
T2409,,13:43:08.800#,105.6,105.72,105.525,107.535,103.325,31466,197831,105.695,902,105.7,139,105.705,141,105.71,207,105.715,12,105.72,66,105.725,140,105.73,103,105.735,102,105.74,862,105.715
T2409,,13:43:09.300#,105.6,105.72,105.525,107.535,103.325,31466,197831,105.695,902,105.7,139,105.705,141,105.71,207,105.715,13,105.72,66,105.725,140,105.73,103,105.735,102,105.74,862,105.715
T2409,,13:43:09.800#,105.6,105.72,105.525,107.535,103.325,31466,197831,105.695,902,105.7,139,105.705,141,105.71,207,105.715,13,105.72,70,105.725,140,105.73,103,105.735,102,105.74,862,105.715
T2409,,13:43:10.800#,105.6,105.72,105.525,107.535,103.325,31478,197826,105.695,902,105.7,139,105.705,141,105.71,207,105.715,2,105.72,70,105.725,140,105.73,103,105.735,102,105.74,862,105.715
T2409,,13:43:11.300#,105.6,105.72,105.525,107.535,103.325,31480,197826,105.69,187,105.695,852,105.7,150,105.705,130,105.71,207,105.715,2,105.72,70,105.725,140,105.73,103,105.735,102,105.715
T2409,,13:43:12.300#,105.6,105.72,105.525,107.535,103.325,31480,197826,105.69,862,105.695,207,105.7,120,105.705,190,105.71,105,105.715,21,105.72,174,105.725,100,105.73,102,105.735,813,105.715
T2409,,13:43:15.300#,105.6,105.72,105.525,107.535,103.325,31482,197826,105.69,912,105.695,196,105.7,131,105.705,190,105.71,100,105.715,15,105.72,177,105.725,100,105.73,102,105.735,813,105.715
T2409,,13:43:18.300#,105.6,105.72,105.525,107.535,103.325,31492,197823,105.69,912,105.695,204,105.7,131,105.705,195,105.71,100,105.715,6,105.72,176,105.725,100,105.73,102,105.735,813,105.715
T2409,,13:43:19.300#,105.6,105.72,105.525,107.535,103.325,31500,197826,105.695,204,105.7,131,105.705,195,105.71,114,105.715,1,105.72,176,105.725,100,105.73,102,105.735,813,105.74,82,105.715
T2409,,13:43:21.300#,105.6,105.72,105.525,107.535,103.325,31500,197826,105.695,900,105.7,139,105.705,145,105.71,219,105.715,12,105.72,64,105.725,139,105.73,104,105.735,102,105.74,852,105.715
T2409,,13:43:22.300#,105.6,105.72,105.525,107.535,103.325,31500,197826,105.695,910,105.7,139,105.705,135,105.71,229,105.715,33,105.72,64,105.725,139,105.73,104,105.735,102,105.74,862,105.715
T2409,,13:43:23.300#,105.6,105.72,105.525,107.535,103.325,31500,197826,105.695,914,105.7,139,105.705,136,105.71,228,105.715,33,105.72,64,105.725,140,105.73,103,105.735,102,105.74,862,105.715
T2409,,13:43:31.800#,105.6,105.72,105.525,107.535,103.325,31501,197826,105.695,914,105.7,139,105.705,136,105.71,228,105.715,50,105.72,65,105.725,140,105.73,103,105.735,102,105.74,862,105.715
T2409,,13:43:39.300#,105.6,105.72,105.525,107.535,103.325,31555,197827,105.7,100,105.705,136,105.71,217,105.715,50,105.72,10,105.725,130,105.73,103,105.735,64,105.74,774,105.745,74,105.72
T2409,,13:43:40.800#,105.6,105.72,105.525,107.535,103.325,31555,197827,105.7,777,105.705,105,105.71,177,105.715,153,105.72,16,105.725,49,105.73,132,105.735,95,105.74,102,105.745,788,105.72
T2409,,13:43:43.300#,105.6,105.72,105.525,107.535,103.325,31566,197826,105.695,847,105.7,112,105.705,137,105.71,210,105.715,49,105.72,9,105.725,130,105.73,114,105.735,64,105.74,775,105.72
T2409,,13:43:43.800#,105.6,105.72,105.525,107.535,103.325,31566,197826,105.695,848,105.7,112,105.705,137,105.71,220,105.715,54,105.72,21,105.725,148,105.73,104,105.735,54,105.74,775,105.72
T2409,,13:43:44.300#,105.6,105.72,105.525,107.535,103.325,31566,197826,105.695,848,105.7,112,105.705,137,105.71,220,105.715,54,105.72,18,105.725,151,105.73,104,105.735,54,105.74,775,105.72
T2409,,13:43:45.300#,105.6,105.72,105.525,107.535,103.325,31567,197826,105.695,848,105.7,112,105.705,137,105.71,220,105.715,54,105.72,17,105.725,151,105.73,104,105.735,54,105.74,775,105.72
T2409,,13:43:45.800#,105.6,105.72,105.525,107.535,103.325,31567,197826,105.695,848,105.7,112,105.705,132,105.71,220,105.715,54,105.72,17,105.725,151,105.73,104,105.735,54,105.74,775,105.72
T2409,,13:43:46.800#,105.6,105.72,105.525,107.535,103.325,31572,197826,105.695,848,105.7,112,105.705,132,105.71,220,105.715,54,105.72,12,105.725,151,105.73,104,105.735,54,105.74,775,105.72
T2409,,13:43:47.300#,105.6,105.72,105.525,107.535,103.325,31572,197826,105.695,848,105.7,112,105.705,132,105.71,220,105.715,54,105.72,12,105.725,152,105.73,104,105.735,54,105.74,775,105.72
T2409,,13:43:48.800#,105.6,105.72,105.525,107.535,103.325,31574,197826,105.695,848,105.7,116,105.705,132,105.71,220,105.715,54,105.72,10,105.725,152,105.73,104,105.735,54,105.74,775,105.72
T2409,,13:43:49.300#,105.6,105.72,105.525,107.535,103.325,31574,197826,105.695,848,105.7,116,105.705,132,105.71,219,105.715,55,105.72,11,105.725,152,105.73,104,105.735,54,105.74,775,105.72
T2409,,13:43:49.800#,105.6,105.72,105.525,107.535,103.325,31575,197826,105.695,848,105.7,116,105.705,132,105.71,219,105.715,55,105.72,10,105.725,152,105.73,104,105.735,54,105.74,775,105.72
T2409,,13:43:50.300#,105.6,105.72,105.525,107.535,103.325,31575,197826,105.695,858,105.7,116,105.705,132,105.71,219,105.715,55,105.72,10,105.725,152,105.73,104,105.735,54,105.74,775,105.72
T2409,,13:43:50.800#,105.6,105.72,105.525,107.535,103.325,31575,197826,105.695,858,105.7,116,105.705,132,105.71,219,105.715,55,105.72,11,105.725,152,105.73,104,105.735,54,105.74,775,105.72
T2409,,13:43:52.300#,105.6,105.72,105.525,107.535,103.325,31575,197826,105.695,858,105.7,116,105.705,132,105.71,219,105.715,55,105.72,21,105.725,152,105.73,104,105.735,54,105.74,775,105.72
T2409,,13:43:52.800#,105.6,105.72,105.525,107.535,103.325,31575,197826,105.695,858,105.7,116,105.705,132,105.71,219,105.715,55,105.72,28,105.725,152,105.73,104,105.735,54,105.74,775,105.72
T2409,,13:43:54.300#,105.6,105.72,105.525,107.535,103.325,31576,197825,105.695,858,105.7,116,105.705,132,105.71,219,105.715,55,105.72,20,105.725,152,105.73,104,105.735,54,105.74,775,105.72
T2409,,13:43:55.800#,105.6,105.72,105.525,107.535,103.325,31576,197825,105.695,858,105.7,116,105.705,132,105.71,219,105.715,56,105.72,20,105.725,152,105.73,104,105.735,54,105.74,775,105.72
T2409,,13:44:02.300#,105.6,105.72,105.525,107.535,103.325,31576,197825,105.695,858,105.7,115,105.705,132,105.71,220,105.715,56,105.72,20,105.725,152,105.73,104,105.735,54,105.74,775,105.72
T2409,,13:44:02.800#,105.6,105.72,105.525,107.535,103.325,31576,197825,105.695,858,105.7,115,105.705,132,105.71,215,105.715,61,105.72,20,105.725,152,105.73,104,105.735,54,105.74,775,105.72
T2409,,13:44:03.300#,105.6,105.72,105.525,107.535,103.325,31576,197825,105.695,858,105.7,115,105.705,132,105.71,216,105.715,61,105.72,20,105.725,152,105.73,104,105.735,54,105.74,775,105.72
T2409,,13:44:04.800#,105.6,105.72,105.525,107.535,103.325,31576,197825,105.695,858,105.7,115,105.705,132,105.71,216,105.715,61,105.72,19,105.725,152,105.73,104,105.735,54,105.74,775,105.72
T2409,,13:44:05.300#,105.6,105.72,105.525,107.535,103.325,31576,197825,105.695,858,105.7,115,105.705,132,105.71,215,105.715,61,105.72,19,105.725,152,105.73,104,105.735,54,105.74,775,105.72
T2409,,13:44:06.300#,105.6,105.72,105.525,107.535,103.325,31576,197825,105.695,858,105.7,115,105.705,132,105.71,215,105.715,61,105.72,30,105.725,152,105.73,104,105.735,54,105.74,775,105.72
T2409,,13:44:06.800#,105.6,105.72,105.525,107.535,103.325,31576,197825,105.695,858,105.7,115,105.705,132,105.71,215,105.715,48,105.72,36,105.725,152,105.73,104,105.735,54,105.74,775,105.72
T2409,,13:44:07.300#,105.6,105.72,105.525,107.535,103.325,31576,197825,105.695,858,105.7,115,105.705,132,105.71,215,105.715,43,105.72,36,105.725,152,105.73,104,105.735,54,105.74,775,105.72
T2409,,13:44:10.300#,105.6,105.72,105.525,107.535,103.325,31576,197825,105.695,863,105.7,115,105.705,132,105.71,215,105.715,43,105.72,36,105.725,152,105.73,104,105.735,54,105.74,775,105.72
T2409,,13:44:10.800#,105.6,105.72,105.525,107.535,103.325,31576,197825,105.695,863,105.7,115,105.705,132,105.71,215,105.715,44,105.72,37,105.725,152,105.73,104,105.735,54,105.74,775,105.72
T2409,,13:44:15.300#,105.6,105.72,105.525,107.535,103.325,31576,197825,105.695,863,105.7,115,105.705,132,105.71,215,105.715,49,105.72,37,105.725,152,105.73,104,105.735,54,105.74,775,105.72
T2409,,13:44:16.300#,105.6,105.72,105.525,107.535,103.325,31576,197825,105.695,863,105.7,115,105.705,132,105.71,215,105.715,49,105.72,37,105.725,155,105.73,104,105.735,54,105.74,775,105.72
T2409,,13:44:16.800#,105.6,105.72,105.525,107.535,103.325,31576,197825,105.695,863,105.7,115,105.705,132,105.71,215,105.715,49,105.72,38,105.725,155,105.73,104,105.735,54,105.74,775,105.72
T2409,,13:44:17.300#,105.6,105.72,105.525,107.535,103.325,31577,197825,105.695,863,105.7,115,105.705,132,105.71,215,105.715,48,105.72,38,105.725,155,105.73,104,105.735,54,105.74,775,105.715
T2409,,13:44:17.800#,105.6,105.72,105.525,107.535,103.325,31577,197825,105.695,863,105.7,115,105.705,132,105.71,215,105.715,48,105.72,38,105.725,156,105.73,104,105.735,54,105.74,775,105.715
T2409,,13:44:22.300#,105.6,105.72,105.525,107.535,103.325,31578,197824,105.695,863,105.7,115,105.705,132,105.71,215,105.715,47,105.72,38,105.725,156,105.73,104,105.735,54,105.74,775,105.715
T2409,,13:44:25.300#,105.6,105.72,105.525,107.535,103.325,31582,197827,105.695,863,105.7,115,105.705,132,105.71,215,105.715,43,105.72,39,105.725,156,105.73,104,105.735,54,105.74,775,105.715
T2409,,13:44:26.300#,105.6,105.72,105.525,107.535,103.325,31582,197827,105.695,863,105.7,115,105.705,132,105.71,215,105.715,43,105.72,38,105.725,156,105.73,104,105.735,54,105.74,775,105.715
T2409,,13:44:29.300#,105.6,105.72,105.525,107.535,103.325,31582,197827,105.695,863,105.7,114,105.705,132,105.71,215,105.715,43,105.72,38,105.725,156,105.73,104,105.735,54,105.74,775,105.715
T2409,,13:44:29.800#,105.6,105.72,105.525,107.535,103.325,31582,197827,105.695,863,105.7,114,105.705,132,105.71,215,105.715,43,105.72,39,105.725,156,105.73,104,105.735,54,105.74,775,105.715
T2409,,13:44:31.800#,105.6,105.72,105.525,107.535,103.325,31582,197827,105.695,863,105.7,114,105.705,132,105.71,215,105.715,43,105.72,40,105.725,156,105.73,104,105.735,54,105.74,775,105.715
T2409,,13:44:34.800#,105.6,105.72,105.525,107.535,103.325,31582,197827,105.695,863,105.7,114,105.705,132,105.71,215,105.715,48,105.72,40,105.725,156,105.73,104,105.735,54,105.74,775,105.715
T2409,,13:44:35.300#,105.6,105.72,105.525,107.535,103.325,31582,197827,105.695,863,105.7,114,105.705,232,105.71,215,105.715,48,105.72,40,105.725,156,105.73,104,105.735,54,105.74,775,105.715
T2409,,13:44:35.800#,105.6,105.72,105.525,107.535,103.325,31582,197827,105.695,863,105.7,114,105.705,232,105.71,215,105.715,54,105.72,34,105.725,156,105.73,104,105.735,54,105.74,775,105.715
T2409,,13:44:36.300#,105.6,105.72,105.525,107.535,103.325,31582,197827,105.695,863,105.7,144,105.705,232,105.71,215,105.715,54,105.72,27,105.725,156,105.73,104,105.735,54,105.74,775,105.715
T2409,,13:44:36.800#,105.6,105.72,105.525,107.535,103.325,31582,197827,105.695,863,105.7,144,105.705,232,105.71,215,105.715,54,105.72,23,105.725,156,105.73,104,105.735,54,105.74,775,105.715
T2409,,13:44:37.300#,105.6,105.72,105.525,107.535,103.325,31582,197827,105.695,863,105.7,179,105.705,232,105.71,215,105.715,59,105.72,23,105.725,156,105.73,104,105.735,54,105.74,775,105.715
T2409,,13:44:37.800#,105.6,105.72,105.525,107.535,103.325,31582,197827,105.695,864,105.7,179,105.705,231,105.71,245,105.715,59,105.72,23,105.725,156,105.73,104,105.735,54,105.74,775,105.715
T2409,,13:44:38.300#,105.6,105.72,105.525,107.535,103.325,31582,197827,105.695,864,105.7,179,105.705,231,105.71,235,105.715,59,105.72,23,105.725,146,105.73,104,105.735,54,105.74,775,105.715
T2409,,13:44:38.800#,105.6,105.72,105.525,107.535,103.325,31582,197827,105.695,864,105.7,179,105.705,231,105.71,245,105.715,59,105.72,23,105.725,156,105.73,104,105.735,54,105.74,775,105.715
T2409,,13:44:39.300#,105.6,105.72,105.525,107.535,103.325,31582,197827,105.695,865,105.7,179,105.705,231,105.71,245,105.715,59,105.72,23,105.725,156,105.73,104,105.735,54,105.74,775,105.715
T2409,,13:44:39.800#,105.6,105.72,105.525,107.535,103.325,31582,197827,105.695,865,105.7,184,105.705,231,105.71,245,105.715,59,105.72,23,105.725,156,105.73,104,105.735,54,105.74,775,105.715
T2409,,13:44:42.800#,105.6,105.72,105.525,107.535,103.325,31582,197827,105.695,865,105.7,184,105.705,232,105.71,245,105.715,59,105.72,23,105.725,156,105.73,104,105.735,54,105.74,775,105.715
T2409,,13:44:44.800#,105.6,105.72,105.525,107.535,103.325,31582,197827,105.695,865,105.7,184,105.705,232,105.71,245,105.715,59,105.72,26,105.725,156,105.73,104,105.735,54,105.74,775,105.715
T2409,,13:44:45.300#,105.6,105.72,105.525,107.535,103.325,31582,197827,105.695,865,105.7,184,105.705,232,105.71,280,105.715,59,105.72,26,105.725,156,105.73,104,105.735,54,105.74,775,105.715
T2409,,13:44:46.800#,105.6,105.72,105.525,107.535,103.325,31582,197827,105.695,865,105.7,184,105.705,232,105.71,280,105.715,59,105.72,36,105.725,156,105.73,104,105.735,54,105.74,775,105.715
T2409,,13:44:47.300#,105.6,105.72,105.525,107.535,103.325,31582,197827,105.695,865,105.7,184,105.705,232,105.71,280,105.715,53,105.72,30,105.725,156,105.73,104,105.735,54,105.74,775,105.715
T2409,,13:44:47.800#,105.6,105.72,105.525,107.535,103.325,31582,197827,105.695,865,105.7,184,105.705,232,105.71,305,105.715,53,105.72,26,105.725,156,105.73,104,105.735,54,105.74,775,105.715
T2409,,13:44:48.300#,105.6,105.72,105.525,107.535,103.325,31582,197827,105.695,865,105.7,184,105.705,232,105.71,295,105.715,53,105.72,26,105.725,146,105.73,104,105.735,54,105.74,775,105.715
T2409,,13:44:48.800#,105.6,105.72,105.525,107.535,103.325,31582,197827,105.695,865,105.7,184,105.705,232,105.71,325,105.715,53,105.72,26,105.725,156,105.73,104,105.735,54,105.74,775,105.715
T2409,,13:44:49.800#,105.6,105.72,105.525,107.535,103.325,31582,197827,105.695,865,105.7,184,105.705,232,105.71,324,105.715,53,105.72,26,105.725,156,105.73,104,105.735,54,105.74,775,105.715
T2409,,13:44:50.800#,105.6,105.72,105.525,107.535,103.325,31582,197827,105.695,865,105.7,185,105.705,232,105.71,324,105.715,53,105.72,26,105.725,156,105.73,104,105.735,54,105.74,775,105.715
T2409,,13:44:53.800#,105.6,105.72,105.525,107.535,103.325,31586,197825,105.695,865,105.7,185,105.705,232,105.71,324,105.715,53,105.72,22,105.725,156,105.73,104,105.735,54,105.74,775,105.72
T2409,,13:44:54.300#,105.6,105.72,105.525,107.535,103.325,31586,197825,105.695,865,105.7,185,105.705,232,105.71,324,105.715,113,105.72,22,105.725,156,105.73,104,105.735,54,105.74,775,105.72
T2409,,13:44:54.800#,105.6,105.72,105.525,107.535,103.325,31591,197825,105.695,865,105.7,185,105.705,232,105.71,321,105.715,117,105.72,17,105.725,156,105.73,104,105.735,54,105.74,775,105.72
T2409,,13:44:55.300#,105.6,105.72,105.525,107.535,103.325,31608,197834,105.695,865,105.7,185,105.705,232,105.71,324,105.715,84,105.725,156,105.73,104,105.735,54,105.74,775,105.745,87,105.72
T2409,,13:44:55.800#,105.6,105.72,105.525,107.535,103.325,31608,197834,105.695,865,105.7,175,105.705,242,105.71,325,105.715,84,105.725,86,105.73,114,105.735,74,105.74,347,105.745,545,105.72
T2409,,13:44:56.300#,105.6,105.72,105.525,107.535,103.325,31608,197834,105.695,865,105.7,176,105.705,242,105.71,322,105.715,97,105.725,96,105.73,114,105.735,75,105.74,347,105.745,545,105.72
T2409,,13:44:56.800#,105.6,105.72,105.525,107.535,103.325,31608,197834,105.695,865,105.7,176,105.705,242,105.71,325,105.715,84,105.725,76,105.73,124,105.735,85,105.74,230,105.745,662,105.72
T2409,,13:44:57.800#,105.6,105.72,105.525,107.535,103.325,31608,197834,105.695,855,105.7,186,105.705,232,105.71,325,105.715,59,105.725,66,105.73,124,105.735,95,105.74,220,105.745,672,105.72
T2409,,13:44:58.300#,105.6,105.72,105.525,107.535,103.325,31608,197834,105.695,855,105.7,186,105.705,232,105.71,325,105.715,59,105.72,1,105.725,66,105.73,124,105.735,95,105.74,220,105.72
T2409,,13:44:58.800#,105.6,105.72,105.525,107.535,103.325,31608,197834,105.695,865,105.7,186,105.705,233,105.71,324,105.715,109,105.72,4,105.725,126,105.73,124,105.735,65,105.74,658,105.72
T2409,,13:44:59.300#,105.6,105.72,105.525,107.535,103.325,31612,197836,105.7,186,105.705,233,105.71,324,105.715,109,105.72,2,105.725,146,105.73,113,105.735,55,105.74,658,105.745,204,105.72
T2409,,13:44:59.800#,105.6,105.72,105.525,107.535,103.325,31613,197837,105.695,335,105.7,686,105.705,213,105.71,294,105.715,187,105.725,67,105.73,124,105.735,85,105.74,220,105.745,672,105.72
T2409,,13:45:00.300#,105.6,105.72,105.525,107.535,103.325,31613,197837,105.7,184,105.705,232,105.71,311,105.715,123,105.72,6,105.725,75,105.73,114,105.735,85,105.74,337,105.745,555,105.72
T2409,,13:45:00.800#,105.6,105.725,105.525,107.535,103.325,31618,197842,105.7,734,105.705,202,105.71,294,105.715,165,105.72,8,105.725,55,105.73,133,105.735,96,105.74,103,105.745,789,105.725
T2409,,13:45:01.300#,105.6,105.725,105.525,107.535,103.325,31619,197843,105.7,793,105.705,205,105.71,293,105.715,165,105.72,16,105.725,49,105.73,139,105.735,95,105.74,83,105.745,750,105.725
T2409,,13:45:01.800#,105.6,105.725,105.525,107.535,103.325,31619,197843,105.7,910,105.705,205,105.71,283,105.715,201,105.72,16,105.725,51,105.73,140,105.735,95,105.74,83,105.745,750,105.725
T2409,,13:45:02.300#,105.6,105.725,105.525,107.535,103.325,31619,197843,105.7,910,105.705,205,105.71,284,105.715,190,105.72,16,105.725,51,105.73,131,105.735,94,105.74,88,105.745,750,105.725
T2409,,13:45:02.800#,105.6,105.725,105.525,107.535,103.325,31619,197843,105.7,910,105.705,205,105.71,284,105.715,236,105.72,16,105.725,51,105.73,141,105.735,94,105.74,88,105.745,750,105.725
T2409,,13:45:03.300#,105.6,105.725,105.525,107.535,103.325,31619,197843,105.7,910,105.705,205,105.71,274,105.715,246,105.72,16,105.725,51,105.73,141,105.735,94,105.74,88,105.745,750,105.725
T2409,,13:45:04.800#,105.6,105.725,105.525,107.535,103.325,31619,197843,105.7,910,105.705,205,105.71,274,105.715,246,105.72,18,105.725,51,105.73,141,105.735,94,105.74,88,105.745,750,105.725
T2409,,13:45:05.300#,105.6,105.725,105.525,107.535,103.325,31619,197843,105.7,910,105.705,205,105.71,272,105.715,249,105.72,22,105.725,38,105.73,141,105.735,94,105.74,88,105.745,750,105.725
T2409,,13:45:05.800#,105.6,105.725,105.525,107.535,103.325,31619,197843,105.7,910,105.705,205,105.71,272,105.715,249,105.72,33,105.725,32,105.73,141,105.735,93,105.74,88,105.745,750,105.725
T2409,,13:45:06.300#,105.6,105.725,105.525,107.535,103.325,31648,197856,105.705,206,105.71,272,105.715,279,105.72,42,105.725,33,105.73,142,105.735,93,105.74,88,105.745,740,105.75,186,105.725
T2409,,13:45:06.800#,105.6,105.725,105.525,107.535,103.325,31649,197857,105.705,756,105.71,239,105.715,263,105.72,115,105.725,43,105.73,51,105.735,104,105.74,118,105.745,185,105.75,772,105.725
T2409,,13:45:07.300#,105.6,105.73,105.525,107.535,103.325,31694,197880,105.705,756,105.71,239,105.715,252,105.72,144,105.725,66,105.73,3,105.735,103,105.74,129,105.745,185,105.75,773,105.73
T2409,,13:45:07.800#,105.6,105.73,105.525,107.535,103.325,31712,197892,105.705,903,105.71,237,105.715,242,105.72,191,105.725,123,105.73,3,105.735,104,105.74,129,105.745,69,105.75,880,105.725
T2409,,13:45:08.300#,105.6,105.735,105.525,107.535,103.325,31719,197899,105.71,237,105.715,232,105.72,191,105.725,99,105.73,5,105.735,100,105.74,139,105.745,69,105.75,881,105.755,368,105.735
T2409,,13:45:08.800#,105.6,105.735,105.525,107.535,103.325,31721,197898,105.71,856,105.715,203,105.72,199,105.725,154,105.73,27,105.735,31,105.74,138,105.745,90,105.75,150,105.755,624,105.73
T2409,,13:45:09.300#,105.6,105.735,105.525,107.535,103.325,31731,197894,105.71,857,105.715,203,105.72,189,105.725,196,105.73,28,105.735,34,105.74,138,105.745,100,105.75,150,105.755,645,105.73
T2409,,13:45:09.800#,105.6,105.735,105.525,107.535,103.325,31732,197894,105.71,857,105.715,203,105.72,189,105.725,244,105.73,22,105.735,29,105.74,148,105.745,100,105.75,150,105.755,646,105.735
T2409,,13:45:10.300#,105.6,105.735,105.525,107.535,103.325,31732,197894,105.71,856,105.715,203,105.72,195,105.725,244,105.73,23,105.735,29,105.74,128,105.745,100,105.75,150,105.755,646,105.735
T2409,,13:45:10.800#,105.6,105.735,105.525,107.535,103.325,31733,197894,105.71,842,105.715,203,105.72,195,105.725,254,105.73,42,105.735,29,105.74,138,105.745,100,105.75,150,105.755,646,105.73
T2409,,13:45:11.300#,105.6,105.735,105.525,107.535,103.325,31733,197894,105.71,852,105.715,203,105.72,195,105.725,284,105.73,49,105.735,19,105.74,138,105.745,100,105.75,150,105.755,636,105.73
T2409,,13:45:11.800#,105.6,105.735,105.525,107.535,103.325,31733,197894,105.71,852,105.715,203,105.72,195,105.725,304,105.73,49,105.735,19,105.74,138,105.745,100,105.75,150,105.755,636,105.73
T2409,,13:45:12.300#,105.6,105.735,105.525,107.535,103.325,31752,197908,105.715,203,105.72,196,105.725,293,105.73,59,105.735,11,105.74,130,105.745,99,105.75,150,105.755,636,105.76,125,105.735
T2409,,13:45:12.800#,105.6,105.735,105.525,107.535,103.325,31766,197913,105.715,753,105.72,165,105.725,285,105.73,156,105.735,9,105.74,54,105.745,109,105.75,180,105.755,81,105.76,711,105.735
T2409,,13:45:13.800#,105.6,105.735,105.525,107.535,103.325,31766,197913,105.715,753,105.72,165,105.725,275,105.73,184,105.735,24,105.74,54,105.745,118,105.75,191,105.755,81,105.76,712,105.735
T2409,,13:45:14.300#,105.6,105.735,105.525,107.535,103.325,31766,197913,105.715,753,105.72,165,105.725,275,105.73,209,105.735,24,105.74,54,105.745,118,105.75,191,105.755,81,105.76,712,105.735
T2409,,13:45:14.800#,105.6,105.735,105.525,107.535,103.325,31766,197913,105.715,753,105.72,163,105.725,276,105.73,228,105.735,10,105.74,54,105.745,109,105.75,190,105.755,81,105.76,712,105.735
T2409,,13:45:15.300#,105.6,105.735,105.525,107.535,103.325,31766,197913,105.715,753,105.72,163,105.725,266,105.73,249,105.735,10,105.74,54,105.745,119,105.75,190,105.755,81,105.76,712,105.735
T2409,,13:45:15.800#,105.6,105.735,105.525,107.535,103.325,31776,197905,105.71,163,105.715,753,105.72,163,105.725,266,105.73,249,105.74,55,105.745,119,105.75,190,105.755,81,105.76,712,105.735
T2409,,13:45:16.300#,105.6,105.74,105.525,107.535,103.325,31796,197901,105.715,203,105.72,192,105.725,286,105.73,52,105.735,16,105.74,47,105.745,108,105.75,190,105.755,198,105.76,585,105.735
T2409,,13:45:16.800#,105.6,105.74,105.525,107.535,103.325,31800,197897,105.715,753,105.72,162,105.725,285,105.73,122,105.735,13,105.74,42,105.745,119,105.75,190,105.755,81,105.76,712,105.735
T2409,,13:45:17.300#,105.6,105.74,105.525,107.535,103.325,31801,197896,105.715,753,105.72,162,105.725,275,105.73,156,105.735,22,105.74,42,105.745,109,105.75,190,105.755,81,105.76,713,105.735
T2409,,13:45:17.800#,105.6,105.74,105.525,107.535,103.325,31801,197896,105.715,753,105.72,162,105.725,276,105.73,191,105.735,23,105.74,42,105.745,119,105.75,190,105.755,81,105.76,713,105.735
T2409,,13:45:18.300#,105.6,105.74,105.525,107.535,103.325,31801,197896,105.715,753,105.72,162,105.725,276,105.73,211,105.735,23,105.74,42,105.745,109,105.75,190,105.755,81,105.76,713,105.735
T2409,,13:45:18.800#,105.6,105.74,105.525,107.535,103.325,31801,197896,105.715,753,105.72,162,105.725,266,105.73,251,105.735,23,105.74,42,105.745,119,105.75,190,105.755,81,105.76,713,105.735
T2409,,13:45:19.300#,105.6,105.74,105.525,107.535,103.325,31803,197896,105.715,753,105.72,162,105.725,266,105.73,241,105.735,23,105.74,42,105.745,109,105.75,190,105.755,81,105.76,713,105.735
T2409,,13:45:19.800#,105.6,105.74,105.525,107.535,103.325,31803,197896,105.715,753,105.72,162,105.725,266,105.73,251,105.735,28,105.74,42,105.745,119,105.75,190,105.755,81,105.76,713,105.735
T2409,,13:45:20.300#,105.6,105.74,105.525,107.535,103.325,31803,197896,105.715,753,105.72,162,105.725,266,105.73,250,105.735,33,105.74,42,105.745,119,105.75,190,105.755,81,105.76,713,105.735
T2409,,13:45:20.800#,105.6,105.74,105.525,107.535,103.325,31803,197896,105.715,753,105.72,162,105.725,266,105.73,250,105.735,43,105.74,42,105.745,119,105.75,190,105.755,81,105.76,713,105.735
T2409,,13:45:21.300#,105.6,105.74,105.525,107.535,103.325,31803,197896,105.715,763,105.72,162,105.725,266,105.73,250,105.735,50,105.74,36,105.745,119,105.75,190,105.755,81,105.76,703,105.735
T2409,,13:45:22.300#,105.6,105.74,105.525,107.535,103.325,31839,197884,105.72,161,105.725,266,105.73,250,105.735,50,105.74,10,105.745,120,105.75,190,105.755,81,105.76,703,105.765,28,105.74
T2409,,13:45:22.800#,105.6,105.74,105.525,107.535,103.325,31869,197888,105.715,113,105.72,746,105.725,233,105.73,232,105.735,103,105.74,30,105.745,39,105.75,201,105.755,71,105.76,109,105.74
T2409,,13:45:23.300#,105.6,105.74,105.525,107.535,103.325,31886,197874,105.715,683,105.72,216,105.725,284,105.73,251,105.735,32,105.74,33,105.745,110,105.75,210,105.755,51,105.76,654,105.735
T2409,,13:45:23.800#,105.6,105.74,105.525,107.535,103.325,31886,197874,105.715,800,105.72,206,105.725,284,105.73,260,105.735,28,105.74,53,105.745,137,105.75,190,105.755,51,105.76,811,105.735
T2409,,13:45:24.300#,105.6,105.74,105.525,107.535,103.325,31886,197874,105.715,749,105.72,217,105.725,273,105.73,260,105.735,18,105.74,53,105.745,139,105.75,190,105.755,51,105.76,811,105.735
T2409,,13:45:24.800#,105.6,105.74,105.525,107.535,103.325,31886,197874,105.715,749,105.72,217,105.725,273,105.73,260,105.735,19,105.74,51,105.745,139,105.75,190,105.755,51,105.76,811,105.735
T2409,,13:45:25.300#,105.6,105.74,105.525,107.535,103.325,31903,197859,105.71,93,105.715,799,105.72,206,105.725,324,105.73,260,105.735,7,105.74,51,105.745,140,105.75,190,105.755,51,105.735
T2409,,13:45:25.800#,105.6,105.74,105.525,107.535,103.325,31904,197859,105.71,839,105.715,132,105.72,188,105.725,353,105.73,40,105.735,15,105.74,133,105.745,120,105.75,161,105.755,733,105.735
T2409,,13:45:26.300#,105.6,105.74,105.525,107.535,103.325,31904,197859,105.71,789,105.715,143,105.72,177,105.725,372,105.73,59,105.735,53,105.74,133,105.745,105,105.75,151,105.755,733,105.735
T2409,,13:45:26.800#,105.6,105.74,105.525,107.535,103.325,31905,197859,105.71,789,105.715,143,105.72,177,105.725,372,105.73,52,105.735,44,105.74,143,105.745,105,105.75,151,105.755,733,105.73
T2409,,13:45:27.300#,105.6,105.74,105.525,107.535,103.325,31905,197859,105.71,789,105.715,158,105.72,177,105.725,372,105.73,52,105.735,50,105.74,143,105.745,105,105.75,151,105.755,753,105.73
T2409,,13:45:27.800#,105.6,105.74,105.525,107.535,103.325,31905,197859,105.71,789,105.715,193,105.72,177,105.725,372,105.73,48,105.735,51,105.74,143,105.745,105,105.75,151,105.755,753,105.73
T2409,,13:45:28.300#,105.6,105.74,105.525,107.535,103.325,31905,197859,105.71,779,105.715,193,105.72,177,105.725,372,105.73,48,105.735,52,105.74,143,105.745,105,105.75,151,105.755,763,105.73
T2409,,13:45:28.800#,105.6,105.74,105.525,107.535,103.325,31905,197859,105.71,779,105.715,193,105.72,178,105.725,372,105.73,48,105.735,52,105.74,143,105.745,105,105.75,151,105.755,763,105.73
T2409,,13:45:29.300#,105.6,105.74,105.525,107.535,103.325,31907,197857,105.71,779,105.715,193,105.72,178,105.725,372,105.73,46,105.735,52,105.74,143,105.745,105,105.75,151,105.755,763,105.73
T2409,,13:45:29.800#,105.6,105.74,105.525,107.535,103.325,31909,197855,105.71,829,105.715,182,105.72,189,105.725,372,105.73,45,105.735,53,105.74,144,105.745,105,105.75,151,105.755,763,105.73
T2409,,13:45:30.300#,105.6,105.74,105.525,107.535,103.325,31911,197853,105.71,829,105.715,182,105.72,189,105.725,371,105.73,38,105.735,56,105.74,144,105.745,105,105.75,151,105.755,763,105.73
T2409,,13:45:30.800#,105.6,105.74,105.525,107.535,103.325,31916,197849,105.71,829,105.715,182,105.72,189,105.725,371,105.73,34,105.735,56,105.74,144,105.745,105,105.75,151,105.755,763,105.73
T2409,,13:45:31.300#,105.6,105.74,105.525,107.535,103.325,31932,197852,105.71,829,105.715,183,105.72,189,105.725,371,105.73,4,105.735,56,105.74,144,105.745,105,105.75,151,105.755,763,105.73
T2409,,13:45:31.800#,105.6,105.74,105.525,107.535,103.325,31937,197850,105.705,94,105.71,829,105.715,183,105.72,189,105.725,261,105.73,16,105.735,50,105.74,147,105.745,105,105.75,151,105.73
T2409,,13:45:32.300#,105.6,105.74,105.525,107.535,103.325,31937,197850,105.705,674,105.71,279,105.715,207,105.72,119,105.725,159,105.73,44,105.735,108,105.74,136,105.745,75,105.75,706,105.73
T2409,,13:45:32.800#,105.6,105.74,105.525,107.535,103.325,31937,197850,105.705,741,105.71,173,105.715,196,105.72,149,105.725,146,105.73,55,105.735,128,105.74,216,105.745,65,105.75,823,105.73
T2409,,13:45:33.300#,105.6,105.74,105.525,107.535,103.325,31937,197850,105.705,741,105.71,173,105.715,126,105.72,149,105.725,140,105.73,50,105.735,163,105.74,211,105.745,65,105.75,823,105.73
T2409,,13:45:33.800#,105.6,105.74,105.525,107.535,103.325,31937,197850,105.705,741,105.71,173,105.715,126,105.72,139,105.725,140,105.73,50,105.735,154,105.74,211,105.745,100,105.75,823,105.73
T2409,,13:45:34.300#,105.6,105.74,105.525,107.535,103.325,31937,197850,105.705,741,105.71,173,105.715,126,105.72,149,105.725,140,105.73,50,105.735,189,105.74,211,105.745,100,105.75,823,105.73
T2409,,13:45:34.800#,105.6,105.74,105.525,107.535,103.325,31947,197847,105.705,741,105.71,173,105.715,126,105.72,149,105.725,140,105.73,40,105.735,199,105.74,201,105.745,135,105.75,823,105.73
T2409,,13:45:35.300#,105.6,105.74,105.525,107.535,103.325,31947,197847,105.705,791,105.71,162,105.715,137,105.72,149,105.725,140,105.73,39,105.735,190,105.74,201,105.745,135,105.75,823,105.73
T2409,,13:45:35.800#,105.6,105.74,105.525,107.535,103.325,31947,197847,105.705,791,105.71,162,105.715,137,105.72,149,105.725,140,105.73,45,105.735,190,105.74,211,105.745,135,105.75,823,105.73
T2409,,13:45:36.300#,105.6,105.74,105.525,107.535,103.325,31948,197848,105.705,791,105.71,162,105.715,137,105.72,149,105.725,139,105.73,45,105.735,200,105.74,201,105.745,135,105.75,823,105.725
T2409,,13:45:36.800#,105.6,105.74,105.525,107.535,103.325,31958,197840,105.705,830,105.71,123,105.715,137,105.72,149,105.725,139,105.73,29,105.735,200,105.74,201,105.745,135,105.75,843,105.73
T2409,,13:45:37.300#,105.6,105.74,105.525,107.535,103.325,31958,197840,105.705,831,105.71,123,105.715,112,105.72,149,105.725,139,105.73,30,105.735,190,105.74,201,105.745,135,105.75,843,105.73
T2409,,13:45:37.800#,105.6,105.74,105.525,107.535,103.325,31968,197850,105.705,831,105.71,123,105.715,112,105.72,149,105.725,129,105.73,26,105.735,190,105.74,211,105.745,135,105.75,843,105.725
T2409,,13:45:38.300#,105.6,105.74,105.525,107.535,103.325,31968,197850,105.705,831,105.71,123,105.715,112,105.72,149,105.725,129,105.73,41,105.735,215,105.74,211,105.745,135,105.75,843,105.725
T2409,,13:45:38.800#,105.6,105.74,105.525,107.535,103.325,31968,197850,105.705,831,105.71,123,105.715,112,105.72,139,105.725,129,105.73,42,105.735,215,105.74,201,105.745,135,105.75,843,105.725
T2409,,13:45:39.300#,105.6,105.74,105.525,107.535,103.325,31978,197850,105.705,831,105.71,123,105.715,112,105.72,149,105.725,161,105.73,32,105.735,256,105.74,211,105.745,135,105.75,843,105.73
T2409,,13:45:39.800#,105.6,105.74,105.525,107.535,103.325,31988,197859,105.705,831,105.71,123,105.715,112,105.72,149,105.725,152,105.73,25,105.735,256,105.74,211,105.745,135,105.75,843,105.725
T2409,,13:45:40.300#,105.6,105.74,105.525,107.535,103.325,31988,197859,105.705,831,105.71,122,105.715,112,105.72,149,105.725,152,105.73,30,105.735,261,105.74,212,105.745,135,105.75,843,105.725
T2409,,13:45:40.800#,105.6,105.74,105.525,107.535,103.325,31988,197859,105.705,831,105.71,122,105.715,112,105.72,149,105.725,153,105.73,32,105.735,261,105.74,212,105.745,135,105.75,843,105.725
T2409,,13:45:41.800#,105.6,105.74,105.525,107.535,103.325,32000,197859,105.705,831,105.71,123,105.715,112,105.72,149,105.725,141,105.73,39,105.735,261,105.74,212,105.745,135,105.75,843,105.725
T2409,,13:45:42.300#,105.6,105.74,105.525,107.535,103.325,32000,197859,105.705,831,105.71,123,105.715,112,105.72,149,105.725,141,105.73,43,105.735,261,105.74,212,105.745,135,105.75,843,105.725
T2409,,13:45:42.800#,105.6,105.74,105.525,107.535,103.325,32000,197859,105.705,830,105.71,123,105.715,113,105.72,149,105.725,141,105.73,43,105.735,259,105.74,213,105.745,135,105.75,843,105.725
T2409,,13:45:43.300#,105.6,105.74,105.525,107.535,103.325,32000,197859,105.705,829,105.71,123,105.715,114,105.72,149,105.725,141,105.73,43,105.735,259,105.74,213,105.745,135,105.75,843,105.725
T2409,,13:45:44.300#,105.6,105.74,105.525,107.535,103.325,32061,197863,105.705,829,105.71,123,105.715,114,105.72,149,105.725,79,105.73,43,105.735,259,105.74,213,105.745,135,105.75,843,105.725
T2409,,13:45:44.800#,105.6,105.74,105.525,107.535,103.325,32117,197893,105.705,829,105.71,123,105.715,114,105.72,139,105.725,23,105.73,49,105.735,256,105.74,213,105.745,135,105.75,843,105.725
T2409,,13:45:45.800#,105.6,105.74,105.525,107.535,103.325,32141,197916,105.7,736,105.705,163,105.71,123,105.715,142,105.72,47,105.725,62,105.73,132,105.735,236,105.74,182,105.745,806,105.725
T2409,,13:45:46.300#,105.6,105.74,105.525,107.535,103.325,32144,197917,105.7,726,105.705,163,105.71,123,105.715,142,105.72,20,105.725,108,105.73,154,105.735,206,105.74,182,105.745,816,105.72
T2409,,13:45:46.800#,105.6,105.74,105.525,107.535,103.325,32163,197925,105.695,172,105.7,736,105.705,143,105.71,142,105.715,152,105.72,10,105.725,125,105.73,183,105.735,206,105.74,182,105.72
T2409,,13:45:47.300#,105.6,105.74,105.525,107.535,103.325,32163,197925,105.695,701,105.7,247,105.705,103,105.71,172,105.715,67,105.72,31,105.725,152,105.73,146,105.735,176,105.74,727,105.72
T2409,,13:45:47.800#,105.6,105.74,105.525,107.535,103.325,32163,197925,105.695,828,105.7,130,105.705,113,105.71,172,105.715,57,105.72,72,105.725,117,105.73,176,105.735,176,105.74,854,105.72
T2409,,13:45:48.300#,105.6,105.74,105.525,107.535,103.325,32163,197925,105.695,818,105.7,130,105.705,123,105.71,183,105.715,67,105.72,70,105.725,132,105.73,176,105.735,176,105.74,864,105.72
T2409,,13:45:48.800#,105.6,105.74,105.525,107.535,103.325,32163,197925,105.695,818,105.7,130,105.705,113,105.71,193,105.715,57,105.72,105,105.725,132,105.73,176,105.735,176,105.74,864,105.72
T2409,,13:45:49.300#,105.6,105.74,105.525,107.535,103.325,32163,197925,105.695,818,105.7,130,105.705,113,105.71,183,105.715,51,105.72,106,105.725,167,105.73,166,105.735,175,105.74,864,105.72
T2409,,13:45:49.800#,105.6,105.74,105.525,107.535,103.325,32163,197925,105.695,818,105.7,130,105.705,113,105.71,183,105.715,51,105.72,81,105.725,212,105.73,166,105.735,175,105.74,864,105.72
T2409,,13:45:50.300#,105.6,105.74,105.525,107.535,103.325,32163,197925,105.695,818,105.7,130,105.705,113,105.71,183,105.715,51,105.72,106,105.725,217,105.73,166,105.735,175,105.74,864,105.72
T2409,,13:45:50.800#,105.6,105.74,105.525,107.535,103.325,32163,197925,105.695,818,105.7,130,105.705,112,105.71,183,105.715,51,105.72,106,105.725,227,105.73,166,105.735,175,105.74,864,105.72
T2409,,13:45:51.300#,105.6,105.74,105.525,107.535,103.325,32163,197925,105.695,868,105.7,119,105.705,123,105.71,193,105.715,51,105.72,105,105.725,228,105.73,191,105.735,175,105.74,864,105.72
T2409,,13:45:51.800#,105.6,105.74,105.525,107.535,103.325,32163,197925,105.695,868,105.7,119,105.705,123,105.71,191,105.715,51,105.72,105,105.725,228,105.73,191,105.735,175,105.74,863,105.72
T2409,,13:45:52.300#,105.6,105.74,105.525,107.535,103.325,32178,197930,105.695,872,105.7,119,105.705,123,105.71,181,105.715,41,105.72,90,105.725,228,105.73,191,105.735,175,105.74,863,105.715
T2409,,13:45:52.800#,105.6,105.74,105.525,107.535,103.325,32178,197930,105.695,872,105.7,119,105.705,133,105.71,181,105.715,46,105.72,115,105.725,228,105.73,191,105.735,175,105.74,883,105.715
T2409,,13:45:53.300#,105.6,105.74,105.525,107.535,103.325,32178,197930,105.695,872,105.7,119,105.705,133,105.71,181,105.715,46,105.72,91,105.725,228,105.73,191,105.735,175,105.74,883,105.715
T2409,,13:45:54.300#,105.6,105.74,105.525,107.535,103.325,32178,197930,105.695,872,105.7,119,105.705,133,105.71,181,105.715,46,105.72,56,105.725,228,105.73,191,105.735,175,105.74,884,105.715
T2409,,13:45:54.800#,105.6,105.74,105.525,107.535,103.325,32188,197940,105.695,872,105.7,119,105.705,133,105.71,181,105.715,55,105.72,91,105.725,226,105.73,191,105.735,175,105.74,884,105.715
T2409,,13:45:55.300#,105.6,105.74,105.525,107.535,103.325,32188,197940,105.695,872,105.7,119,105.705,123,105.71,191,105.715,64,105.72,91,105.725,226,105.73,191,105.735,175,105.74,884,105.715
T2409,,13:45:55.800#,105.6,105.74,105.525,107.535,103.325,32188,197940,105.695,872,105.7,119,105.705,123,105.71,191,105.715,74,105.72,91,105.725,226,105.73,191,105.735,175,105.74,884,105.715
T2409,,13:45:56.300#,105.6,105.74,105.525,107.535,103.325,32188,197940,105.695,872,105.7,119,105.705,123,105.71,191,105.715,84,105.72,101,105.725,226,105.73,191,105.735,175,105.74,884,105.715
T2409,,13:45:56.800#,105.6,105.74,105.525,107.535,103.325,32198,197943,105.695,872,105.7,119,105.705,113,105.71,201,105.715,65,105.72,92,105.725,236,105.73,181,105.735,175,105.74,884,105.715
T2409,,13:45:57.300#,105.6,105.74,105.525,107.535,103.325,32203,197943,105.695,872,105.7,119,105.705,113,105.71,201,105.715,60,105.72,92,105.725,236,105.73,181,105.735,175,105.74,884,105.715
T2409,,13:45:58.300#,105.6,105.74,105.525,107.535,103.325,32205,197941,105.695,872,105.7,119,105.705,113,105.71,201,105.715,60,105.72,55,105.725,236,105.73,181,105.735,175,105.74,884,105.72
T2409,,13:45:58.800#,105.6,105.74,105.525,107.535,103.325,32205,197941,105.695,882,105.7,119,105.705,113,105.71,201,105.715,61,105.72,49,105.725,236,105.73,181,105.735,175,105.74,874,105.72
T2409,,13:45:59.300#,105.6,105.74,105.525,107.535,103.325,32215,197945,105.695,882,105.7,119,105.705,113,105.71,201,105.715,52,105.72,49,105.725,236,105.73,181,105.735,175,105.74,874,105.715
T2409,,13:45:59.800#,105.6,105.74,105.525,107.535,103.325,32215,197945,105.695,882,105.7,119,105.705,113,105.71,202,105.715,52,105.72,86,105.725,236,105.73,181,105.735,175,105.74,874,105.715
T2409,,13:46:00.300#,105.6,105.74,105.525,107.535,103.325,32215,197945,105.695,872,105.7,119,105.705,113,105.71,202,105.715,52,105.72,86,105.725,236,105.73,181,105.735,175,105.74,884,105.715
T2409,,13:46:00.800#,105.6,105.74,105.525,107.535,103.325,32215,197945,105.695,872,105.7,119,105.705,113,105.71,202,105.715,52,105.72,96,105.725,236,105.73,181,105.735,175,105.74,884,105.715
T2409,,13:46:01.300#,105.6,105.74,105.525,107.535,103.325,32216,197945,105.695,872,105.7,119,105.705,113,105.71,192,105.715,32,105.72,86,105.725,226,105.73,181,105.735,175,105.74,884,105.715
T2409,,13:46:01.800#,105.6,105.74,105.525,107.535,103.325,32216,197945,105.695,872,105.7,119,105.705,124,105.71,182,105.715,32,105.72,111,105.725,226,105.73,191,105.735,175,105.74,884,105.715
T2409,,13:46:02.300#,105.6,105.74,105.525,107.535,103.325,32216,197945,105.695,872,105.7,119,105.705,134,105.71,182,105.715,33,105.72,51,105.725,226,105.73,191,105.735,175,105.74,884,105.715
T2409,,13:46:02.800#,105.6,105.74,105.525,107.535,103.325,32216,197945,105.695,872,105.7,119,105.705,134,105.71,179,105.715,36,105.72,112,105.725,226,105.73,191,105.735,175,105.74,884,105.715
T2409,,13:46:03.300#,105.6,105.74,105.525,107.535,103.325,32216,197945,105.695,872,105.7,119,105.705,134,105.71,182,105.715,33,105.72,115,105.725,223,105.73,191,105.735,175,105.74,884,105.715
T2409,,13:46:03.800#,105.6,105.74,105.525,107.535,103.325,32216,197945,105.695,872,105.7,119,105.705,134,105.71,182,105.715,33,105.72,112,105.725,226,105.73,191,105.735,175,105.74,884,105.715
T2409,,13:46:04.300#,105.6,105.74,105.525,107.535,103.325,32216,197945,105.695,872,105.7,119,105.705,134,105.71,182,105.715,33,105.72,87,105.725,226,105.73,191,105.735,175,105.74,884,105.715
T2409,,13:46:04.800#,105.6,105.74,105.525,107.535,103.325,32216,197945,105.695,873,105.7,119,105.705,133,105.71,180,105.715,33,105.72,112,105.725,226,105.73,191,105.735,175,105.74,884,105.715
T2409,,13:46:05.800#,105.6,105.74,105.525,107.535,103.325,32256,197940,105.695,873,105.7,119,105.705,133,105.71,180,105.715,33,105.72,12,105.725,226,105.73,191,105.735,175,105.74,884,105.72
T2409,,13:46:06.300#,105.6,105.74,105.525,107.535,103.325,32260,197942,105.695,883,105.7,119,105.705,133,105.71,177,105.715,69,105.72,6,105.725,215,105.73,191,105.735,175,105.74,874,105.72
T2409,,13:46:06.800#,105.6,105.74,105.525,107.535,103.325,32267,197940,105.695,883,105.7,119,105.705,122,105.71,191,105.715,75,105.72,2,105.725,214,105.73,202,105.735,175,105.74,874,105.72
T2409,,13:46:07.300#,105.6,105.74,105.525,107.535,103.325,32270,197941,105.7,119,105.705,122,105.71,191,105.715,80,105.72,7,105.725,214,105.73,202,105.735,175,105.74,874,105.745,118,105.72
T2409,,13:46:07.800#,105.6,105.74,105.525,107.535,103.325,32271,197942,105.7,708,105.705,105,105.71,153,105.715,171,105.72,14,105.725,65,105.73,241,105.735,196,105.74,280,105.745,742,105.72
T2409,,13:46:08.300#,105.6,105.74,105.525,107.535,103.325,32271,197942,105.7,786,105.705,95,105.71,153,105.715,161,105.72,30,105.725,67,105.73,231,105.735,206,105.74,202,105.745,820,105.72
T2409,,13:46:08.800#,105.6,105.74,105.525,107.535,103.325,32271,197942,105.7,786,105.705,95,105.71,153,105.715,181,105.72,20,105.725,67,105.73,241,105.735,206,105.74,202,105.745,820,105.72
T2409,,13:46:09.300#,105.6,105.74,105.525,107.535,103.325,32271,197942,105.7,786,105.705,95,105.71,153,105.715,180,105.72,21,105.725,67,105.73,261,105.735,206,105.74,202,105.745,820,105.72
T2409,,13:46:09.800#,105.6,105.74,105.525,107.535,103.325,32271,197942,105.7,786,105.705,95,105.71,155,105.715,170,105.72,26,105.725,67,105.73,251,105.735,206,105.74,202,105.745,820,105.72
T2409,,13:46:10.300#,105.6,105.74,105.525,107.535,103.325,32271,197942,105.7,786,105.705,95,105.71,155,105.715,180,105.72,26,105.725,42,105.73,261,105.735,206,105.74,202,105.745,820,105.72
T2409,,13:46:10.800#,105.6,105.74,105.525,107.535,103.325,32271,197942,105.7,786,105.705,95,105.71,155,105.715,181,105.72,39,105.725,67,105.73,261,105.735,206,105.74,202,105.745,820,105.72
T2409,,13:46:11.300#,105.6,105.74,105.525,107.535,103.325,32304,197962,105.695,186,105.7,786,105.705,95,105.71,156,105.715,180,105.72,7,105.725,67,105.73,262,105.735,205,105.74,202,105.72
T2409,,13:46:11.800#,105.6,105.74,105.525,107.535,103.325,32304,197962,105.695,873,105.7,129,105.705,106,105.71,195,105.715,87,105.72,19,105.725,77,105.73,231,105.735,195,105.74,864,105.72
T2409,,13:46:12.300#,105.6,105.74,105.525,107.535,103.325,32306,197963,105.695,873,105.7,129,105.705,116,105.71,195,105.715,87,105.72,20,105.725,84,105.73,221,105.735,195,105.74,864,105.72
T2409,,13:46:12.800#,105.6,105.74,105.525,107.535,103.325,32323,197960,105.7,119,105.705,116,105.71,182,105.715,80,105.72,1,105.725,87,105.73,211,105.735,185,105.74,864,105.745,118,105.72
T2409,,13:46:13.300#,105.6,105.74,105.525,107.535,103.325,32323,197960,105.7,569,105.705,116,105.71,165,105.715,144,105.72,9,105.725,77,105.73,252,105.735,205,105.74,319,105.745,703,105.72
T2409,,13:46:13.800#,105.6,105.74,105.525,107.535,103.325,32332,197966,105.7,786,105.705,95,105.71,156,105.715,163,105.72,1,105.725,42,105.73,252,105.735,205,105.74,202,105.745,820,105.72
T2409,,13:46:14.300#,105.6,105.74,105.525,107.535,103.325,32333,197966,105.695,236,105.7,736,105.705,106,105.71,145,105.715,176,105.72,11,105.725,75,105.73,262,105.735,205,105.74,202,105.72
T2409,,13:46:14.800#,105.6,105.74,105.525,107.535,103.325,32334,197966,105.695,766,105.7,236,105.705,116,105.71,185,105.715,84,105.72,11,105.725,96,105.73,231,105.735,185,105.74,757,105.72
T2409,,13:46:15.300#,105.6,105.74,105.525,107.535,103.325,32334,197966,105.695,833,105.7,130,105.705,115,105.71,195,105.715,74,105.72,18,105.725,102,105.73,231,105.735,175,105.74,873,105.72
T2409,,13:46:15.800#,105.6,105.74,105.525,107.535,103.325,32334,197966,105.695,833,105.7,130,105.705,115,105.71,195,105.715,77,105.72,15,105.725,141,105.73,221,105.735,176,105.74,873,105.72
T2409,,13:46:16.300#,105.6,105.74,105.525,107.535,103.325,32334,197966,105.695,883,105.7,119,105.705,126,105.71,185,105.715,77,105.72,14,105.725,132,105.73,221,105.735,176,105.74,873,105.72
T2409,,13:46:16.800#,105.6,105.74,105.525,107.535,103.325,32334,197966,105.695,883,105.7,119,105.705,126,105.71,195,105.715,77,105.72,14,105.725,142,105.73,221,105.735,176,105.74,873,105.72
T2409,,13:46:17.300#,105.6,105.74,105.525,107.535,103.325,32335,197966,105.695,883,105.7,119,105.705,126,105.71,195,105.715,77,105.72,14,105.725,167,105.73,221,105.735,176,105.74,873,105.72
T2409,,13:46:17.800#,105.6,105.74,105.525,107.535,103.325,32336,197966,105.695,883,105.7,119,105.705,126,105.71,195,105.715,77,105.72,13,105.725,197,105.73,221,105.735,176,105.74,873,105.72
T2409,,13:46:18.300#,105.6,105.74,105.525,107.535,103.325,32336,197966,105.695,883,105.7,119,105.705,126,105.71,185,105.715,77,105.72,13,105.725,187,105.73,221,105.735,176,105.74,873,105.72
T2409,,13:46:18.800#,105.6,105.74,105.525,107.535,103.325,32336,197966,105.695,883,105.7,119,105.705,126,105.71,195,105.715,77,105.72,13,105.725,227,105.73,221,105.735,176,105.74,873,105.72
T2409,,13:46:19.300#,105.6,105.74,105.525,107.535,103.325,32341,197961,105.695,883,105.7,119,105.705,126,105.71,195,105.715,77,105.72,8,105.725,237,105.73,211,105.735,176,105.74,873,105.72
T2409,,13:46:19.800#,105.6,105.74,105.525,107.535,103.325,32342,197961,105.695,883,105.7,119,105.705,126,105.71,195,105.715,77,105.72,7,105.725,237,105.73,211,105.735,176,105.74,873,105.72
T2409,,13:46:20.300#,105.6,105.74,105.525,107.535,103.325,32343,197961,105.695,883,105.7,119,105.705,126,105.71,195,105.715,77,105.72,6,105.725,237,105.73,211,105.735,176,105.74,873,105.72
T2409,,13:46:20.800#,105.6,105.74,105.525,107.535,103.325,32343,197961,105.695,883,105.7,119,105.705,126,105.71,195,105.715,78,105.72,6,105.725,227,105.73,211,105.735,176,105.74,873,105.72
T2409,,13:46:21.300#,105.6,105.74,105.525,107.535,103.325,32344,197960,105.695,883,105.7,119,105.705,126,105.71,195,105.715,78,105.72,5,105.725,227,105.73,221,105.735,176,105.74,874,105.72
T2409,,13:46:21.800#,105.6,105.74,105.525,107.535,103.325,32344,197960,105.695,883,105.7,119,105.705,126,105.71,195,105.715,78,105.72,5,105.725,227,105.73,222,105.735,176,105.74,874,105.72
T2409,,13:46:22.800#,105.6,105.74,105.525,107.535,103.325,32349,197958,105.7,119,105.705,126,105.71,195,105.715,69,105.72,5,105.725,227,105.73,222,105.735,176,105.74,874,105.745,118,105.72
T2409,,13:46:23.300#,105.6,105.74,105.525,107.535,103.325,32349,197958,105.7,669,105.705,105,105.71,166,105.715,151,105.72,7,105.725,87,105.73,253,105.735,196,105.74,320,105.745,703,105.72
T2409,,13:46:23.800#,105.6,105.74,105.525,107.535,103.325,32349,197958,105.7,669,105.705,105,105.71,155,105.715,142,105.72,23,105.725,27,105.73,242,105.735,207,105.74,320,105.745,703,105.72
T2409,,13:46:24.300#,105.6,105.74,105.525,107.535,103.325,32349,197958,105.7,786,105.705,95,105.71,155,105.715,169,105.72,19,105.725,28,105.73,262,105.735,207,105.74,203,105.745,820,105.72
T2409,,13:46:24.800#,105.6,105.74,105.525,107.535,103.325,32349,197958,105.7,786,105.705,95,105.71,155,105.715,172,105.72,23,105.725,21,105.73,262,105.735,207,105.74,203,105.745,820,105.72
T2409,,13:46:25.300#,105.6,105.74,105.525,107.535,103.325,32350,197957,105.7,796,105.705,95,105.71,155,105.715,172,105.72,28,105.725,16,105.73,262,105.735,207,105.74,203,105.745,810,105.72
T2409,,13:46:25.800#,105.6,105.74,105.525,107.535,103.325,32350,197957,105.7,786,105.705,95,105.71,155,105.715,172,105.72,28,105.725,15,105.73,262,105.735,207,105.74,203,105.745,810,105.72
T2409,,13:46:27.300#,105.6,105.74,105.525,107.535,103.325,32350,197957,105.7,786,105.705,95,105.71,155,105.715,171,105.72,29,105.725,15,105.73,262,105.735,207,105.74,203,105.745,810,105.72
T2409,,13:46:27.800#,105.6,105.74,105.525,107.535,103.325,32350,197957,105.7,796,105.705,95,105.71,156,105.715,170,105.72,29,105.725,15,105.73,263,105.735,206,105.74,203,105.745,810,105.72
T2409,,13:46:28.300#,105.6,105.74,105.525,107.535,103.325,32350,197957,105.7,796,105.705,95,105.71,156,105.715,170,105.72,29,105.725,15,105.73,263,105.735,204,105.74,203,105.745,810,105.72
T2409,,13:46:30.800#,105.6,105.74,105.525,107.535,103.325,32353,197955,105.7,816,105.705,95,105.71,156,105.715,170,105.72,31,105.725,6,105.73,263,105.735,204,105.74,183,105.745,810,105.725
T2409,,13:46:32.800#,105.6,105.74,105.525,107.535,103.325,32384,197947,105.695,156,105.7,816,105.705,95,105.71,156,105.715,170,105.72,19,105.725,6,105.73,263,105.735,204,105.74,183,105.72
T2409,,13:46:33.300#,105.6,105.74,105.525,107.535,103.325,32404,197935,105.695,746,105.7,256,105.705,116,105.71,185,105.715,76,105.72,3,105.725,76,105.73,232,105.735,194,105.74,738,105.72
T2409,,13:46:33.800#,105.6,105.74,105.525,107.535,103.325,32416,197929,105.7,256,105.705,126,105.71,184,105.715,77,105.72,3,105.725,114,105.73,232,105.735,184,105.74,738,105.745,245,105.72
T2409,,13:46:34.300#,105.6,105.74,105.525,107.535,103.325,32422,197931,105.7,689,105.705,105,105.71,165,105.715,143,105.72,5,105.725,81,105.73,253,105.735,204,105.74,300,105.745,723,105.725
T2409,,13:46:34.800#,105.6,105.74,105.525,107.535,103.325,32427,197929,105.695,283,105.7,689,105.705,95,105.71,165,105.715,145,105.72,1,105.725,60,105.73,243,105.735,204,105.74,300,105.72
T2409,,13:46:35.300#,105.6,105.74,105.525,107.535,103.325,32427,197929,105.695,746,105.7,256,105.705,116,105.71,184,105.715,79,105.72,4,105.725,111,105.73,252,105.735,184,105.74,688,105.72
T2409,,13:46:35.800#,105.6,105.74,105.525,107.535,103.325,32427,197929,105.695,696,105.7,267,105.705,115,105.71,184,105.715,80,105.72,11,105.725,133,105.73,222,105.735,184,105.74,738,105.72
T2409,,13:46:36.300#,105.6,105.74,105.525,107.535,103.325,32428,197929,105.695,863,105.7,139,105.705,126,105.71,194,105.715,68,105.72,11,105.725,147,105.73,223,105.735,174,105.74,855,105.72
