InstrumentId,ExchangeId,Datetime,OpenPrice,HighestPrice,LowestPrice,UpperLimitPrice,LowerLimitPrice,Volume,OpenInterest,BidPrice5,BidVolume5,BidPrice4,BidVolume4,BidPrice3,BidVolume3,BidPrice2,BidVolume2,BidPrice1,BidVolume1,AskPrice1,AskVolume1,AskPrice2,AskVolume2,AskPrice3,AskVolume3,AskPrice4,AskVolume4,AskPrice5,AskVolume5,LastPrice
T2412,,13:38:37.800#,105.32,105.52,105.32,107.36,103.15,2914,18552,105.495,369,105.5,57,105.505,38,105.51,46,105.515,7,105.52,4,105.525,72,105.53,37,105.535,56,105.54,363,105.52
T2412,,13:38:54.300#,105.32,105.52,105.32,107.36,103.15,2918,18556,105.5,57,105.505,38,105.51,47,105.515,7,105.52,2,105.525,72,105.53,37,105.535,56,105.54,363,105.545,1,105.52
T2412,,13:38:54.800#,105.32,105.52,105.32,107.36,103.15,2923,18556,105.495,46,105.5,280,105.505,53,105.51,47,105.515,19,105.52,10,105.525,38,105.53,37,105.535,32,105.54,51,105.52
T2412,,13:38:55.300#,105.32,105.52,105.32,107.36,103.15,2923,18556,105.495,309,105.5,57,105.505,33,105.51,47,105.515,10,105.52,5,105.525,69,105.53,42,105.535,57,105.54,303,105.52
T2412,,13:38:55.800#,105.32,105.52,105.32,107.36,103.15,2923,18556,105.495,369,105.5,57,105.505,33,105.51,47,105.515,10,105.52,5,105.525,74,105.53,37,105.535,57,105.54,363,105.52
T2412,,13:38:56.300#,105.32,105.52,105.32,107.36,103.15,2923,18556,105.495,369,105.5,57,105.505,33,105.51,47,105.515,10,105.52,6,105.525,74,105.53,37,105.535,57,105.54,363,105.52
T2412,,13:38:56.800#,105.32,105.52,105.32,107.36,103.15,2923,18556,105.495,369,105.5,52,105.505,33,105.51,47,105.515,10,105.52,6,105.525,74,105.53,37,105.535,52,105.54,363,105.52
T2412,,13:38:57.300#,105.32,105.52,105.32,107.36,103.15,2923,18556,105.495,369,105.5,52,105.505,33,105.51,47,105.515,10,105.52,5,105.525,74,105.53,37,105.535,52,105.54,363,105.52
T2412,,13:38:57.800#,105.32,105.52,105.32,107.36,103.15,2923,18556,105.495,369,105.5,52,105.505,38,105.51,47,105.515,10,105.52,5,105.525,79,105.53,37,105.535,52,105.54,363,105.52
T2412,,13:38:58.300#,105.32,105.52,105.32,107.36,103.15,2923,18556,105.495,369,105.5,57,105.505,38,105.51,47,105.515,10,105.52,6,105.525,79,105.53,37,105.535,57,105.54,363,105.52
T2412,,13:38:59.300#,105.32,105.52,105.32,107.36,103.15,2923,18556,105.495,369,105.5,57,105.505,38,105.51,47,105.515,10,105.52,5,105.525,79,105.53,37,105.535,57,105.54,363,105.52
T2412,,13:39:00.300#,105.32,105.52,105.32,107.36,103.15,2923,18556,105.495,369,105.5,57,105.505,38,105.51,47,105.515,10,105.52,6,105.525,79,105.53,37,105.535,57,105.54,363,105.52
T2412,,13:39:11.800#,105.32,105.52,105.32,107.36,103.15,2923,18556,105.495,369,105.5,57,105.505,38,105.51,47,105.515,10,105.52,7,105.525,79,105.53,37,105.535,57,105.54,363,105.52
T2412,,13:39:12.300#,105.32,105.52,105.32,107.36,103.15,2923,18556,105.495,369,105.5,57,105.505,38,105.51,48,105.515,10,105.52,7,105.525,79,105.53,37,105.535,57,105.54,363,105.52
T2412,,13:39:13.300#,105.32,105.52,105.32,107.36,103.15,2930,18556,105.495,369,105.5,57,105.505,38,105.51,48,105.515,3,105.52,15,105.525,67,105.53,37,105.535,57,105.54,363,105.515
T2412,,13:39:13.800#,105.32,105.52,105.32,107.36,103.15,2932,18558,105.495,369,105.5,57,105.505,38,105.51,48,105.515,1,105.52,20,105.525,72,105.53,32,105.535,57,105.54,363,105.515
T2412,,13:39:14.300#,105.32,105.52,105.32,107.36,103.15,2933,18558,105.49,5,105.495,369,105.5,57,105.505,43,105.51,43,105.52,20,105.525,72,105.53,32,105.535,57,105.54,363,105.515
T2412,,13:39:14.800#,105.32,105.52,105.32,107.36,103.15,2933,18558,105.49,367,105.495,57,105.5,32,105.505,53,105.51,3,105.52,20,105.525,72,105.53,37,105.535,52,105.54,363,105.515
T2412,,13:39:15.300#,105.32,105.52,105.32,107.36,103.15,2933,18558,105.49,367,105.495,57,105.5,37,105.505,53,105.51,4,105.52,20,105.525,72,105.53,37,105.535,52,105.54,363,105.515
T2412,,13:39:15.800#,105.32,105.52,105.32,107.36,103.15,2933,18558,105.495,57,105.5,37,105.505,53,105.51,4,105.515,5,105.52,20,105.525,72,105.53,37,105.535,52,105.54,363,105.515
T2412,,13:39:16.300#,105.32,105.52,105.32,107.36,103.15,2935,18560,105.495,280,105.5,52,105.505,58,105.51,19,105.515,3,105.52,20,105.525,67,105.53,32,105.535,57,105.54,303,105.515
T2412,,13:39:16.800#,105.32,105.52,105.32,107.36,103.15,2935,18560,105.495,369,105.5,57,105.505,63,105.51,19,105.515,3,105.52,19,105.525,67,105.53,32,105.535,57,105.54,363,105.515
T2412,,13:39:19.300#,105.32,105.52,105.32,107.36,103.15,2936,18560,105.49,5,105.495,369,105.5,57,105.505,63,105.51,19,105.52,19,105.525,67,105.53,32,105.535,57,105.54,363,105.515
T2412,,13:39:19.800#,105.32,105.52,105.32,107.36,103.15,2936,18560,105.49,367,105.495,57,105.5,32,105.505,58,105.51,4,105.52,19,105.525,72,105.53,37,105.535,52,105.54,363,105.515
T2412,,13:39:20.300#,105.32,105.52,105.32,107.36,103.15,2936,18560,105.49,367,105.495,57,105.5,37,105.505,53,105.51,4,105.52,19,105.525,72,105.53,37,105.535,52,105.54,363,105.515
T2412,,13:39:28.800#,105.32,105.52,105.32,107.36,103.15,2938,18560,105.49,367,105.495,57,105.5,37,105.505,53,105.51,4,105.52,17,105.525,72,105.53,37,105.535,52,105.54,363,105.52
T2412,,13:39:29.300#,105.32,105.52,105.32,107.36,103.15,2938,18560,105.49,367,105.495,57,105.5,37,105.505,48,105.51,9,105.52,17,105.525,72,105.53,37,105.535,52,105.54,363,105.52
T2412,,13:39:31.800#,105.32,105.52,105.32,107.36,103.15,2938,18560,105.49,367,105.495,57,105.5,37,105.505,48,105.51,9,105.52,18,105.525,72,105.53,37,105.535,52,105.54,363,105.52
T2412,,13:39:33.800#,105.32,105.52,105.32,107.36,103.15,2938,18560,105.49,367,105.495,57,105.5,37,105.505,48,105.51,9,105.515,5,105.52,23,105.525,72,105.53,37,105.535,52,105.52
T2412,,13:39:34.300#,105.32,105.52,105.32,107.36,103.15,2938,18560,105.49,307,105.495,62,105.5,37,105.505,43,105.51,4,105.515,5,105.52,40,105.525,82,105.53,57,105.535,304,105.52
T2412,,13:39:34.800#,105.32,105.52,105.32,107.36,103.15,2938,18560,105.49,367,105.495,62,105.5,42,105.505,43,105.51,4,105.515,5,105.52,55,105.525,72,105.53,62,105.535,369,105.52
T2412,,13:39:35.300#,105.32,105.52,105.32,107.36,103.15,2939,18560,105.49,367,105.495,62,105.5,37,105.505,43,105.51,8,105.515,5,105.52,68,105.525,62,105.53,62,105.535,369,105.51
T2412,,13:39:35.800#,105.32,105.52,105.32,107.36,103.15,2941,18560,105.485,8,105.49,367,105.495,62,105.5,37,105.505,48,105.51,3,105.515,5,105.52,69,105.525,62,105.53,62,105.51
T2412,,13:39:36.300#,105.32,105.52,105.32,107.36,103.15,2944,18563,105.485,310,105.49,60,105.495,42,105.5,32,105.505,8,105.515,25,105.52,74,105.525,77,105.53,280,105.535,46,105.51
T2412,,13:39:36.800#,105.32,105.52,105.32,107.36,103.15,2944,18563,105.485,370,105.49,55,105.495,47,105.5,42,105.505,8,105.515,5,105.52,74,105.525,62,105.53,57,105.535,369,105.51
T2412,,13:39:37.300#,105.32,105.52,105.32,107.36,103.15,2944,18563,105.485,370,105.49,55,105.495,42,105.5,47,105.505,8,105.515,6,105.52,69,105.525,67,105.53,57,105.535,369,105.51
T2412,,13:39:37.800#,105.32,105.52,105.32,107.36,103.15,2944,18563,105.485,370,105.49,55,105.495,42,105.5,47,105.505,8,105.515,6,105.52,69,105.525,67,105.53,62,105.535,369,105.51
T2412,,13:39:38.300#,105.32,105.52,105.32,107.36,103.15,2944,18563,105.485,370,105.49,55,105.495,42,105.5,47,105.505,8,105.515,6,105.52,69,105.525,67,105.53,52,105.535,369,105.51
T2412,,13:39:38.800#,105.32,105.52,105.32,107.36,103.15,2944,18563,105.485,370,105.49,55,105.495,42,105.5,47,105.505,8,105.515,6,105.52,69,105.525,67,105.53,57,105.535,369,105.51
T2412,,13:39:40.800#,105.32,105.52,105.32,107.36,103.15,2944,18563,105.485,370,105.49,55,105.495,42,105.5,47,105.505,8,105.51,5,105.515,6,105.52,69,105.525,67,105.53,57,105.51
T2412,,13:39:41.300#,105.32,105.52,105.32,107.36,103.15,2949,18568,105.485,310,105.49,60,105.495,42,105.5,37,105.505,8,105.515,26,105.52,79,105.525,82,105.53,309,105.535,7,105.51
T2412,,13:39:41.800#,105.32,105.52,105.32,107.36,103.15,2949,18568,105.485,370,105.49,55,105.495,47,105.5,42,105.505,8,105.515,6,105.52,74,105.525,62,105.53,57,105.535,369,105.51
T2412,,13:39:42.300#,105.32,105.52,105.32,107.36,103.15,2949,18568,105.485,370,105.49,55,105.495,42,105.5,47,105.505,8,105.515,6,105.52,69,105.525,67,105.53,57,105.535,369,105.51
T2412,,13:39:43.300#,105.32,105.52,105.32,107.36,103.15,2949,18568,105.485,370,105.49,55,105.495,42,105.5,47,105.505,9,105.515,6,105.52,69,105.525,67,105.53,57,105.535,369,105.51
T2412,,13:39:44.300#,105.32,105.52,105.32,107.36,103.15,2949,18568,105.485,370,105.49,55,105.495,42,105.5,47,105.505,9,105.515,5,105.52,69,105.525,67,105.53,57,105.535,369,105.51
T2412,,13:39:48.300#,105.32,105.52,105.32,107.36,103.15,2949,18568,105.485,370,105.49,55,105.495,42,105.5,47,105.505,9,105.515,6,105.52,69,105.525,67,105.53,57,105.535,369,105.51
T2412,,13:39:49.800#,105.32,105.52,105.32,107.36,103.15,2949,18568,105.485,370,105.49,55,105.495,42,105.5,47,105.505,9,105.51,2,105.515,14,105.52,57,105.525,67,105.53,57,105.51
T2412,,13:39:50.300#,105.32,105.52,105.32,107.36,103.15,2949,18568,105.485,310,105.49,60,105.495,42,105.5,42,105.505,4,105.51,2,105.515,39,105.52,67,105.525,82,105.53,309,105.51
T2412,,13:39:50.800#,105.32,105.52,105.32,107.36,103.15,2949,18568,105.485,370,105.49,60,105.495,47,105.5,42,105.505,4,105.51,2,105.515,49,105.52,62,105.525,82,105.53,369,105.51
T2412,,13:39:51.300#,105.32,105.52,105.32,107.36,103.15,2949,18568,105.485,370,105.49,60,105.495,42,105.5,47,105.505,4,105.51,2,105.515,54,105.52,57,105.525,82,105.53,369,105.51
T2412,,13:39:51.800#,105.32,105.52,105.32,107.36,103.15,2949,18568,105.485,370,105.49,60,105.495,42,105.5,47,105.505,4,105.51,2,105.515,59,105.52,52,105.525,82,105.53,369,105.51
T2412,,13:39:52.800#,105.32,105.52,105.32,107.36,103.15,2949,18568,105.485,370,105.49,60,105.495,42,105.5,47,105.505,4,105.515,47,105.52,52,105.525,82,105.53,369,105.535,7,105.51
T2412,,13:39:53.300#,105.32,105.52,105.32,107.36,103.15,2949,18568,105.485,370,105.49,55,105.495,42,105.5,52,105.505,4,105.515,6,105.52,57,105.525,67,105.53,57,105.535,369,105.51
T2412,,13:39:53.800#,105.32,105.52,105.32,107.36,103.15,2949,18568,105.485,370,105.49,55,105.495,42,105.5,47,105.505,9,105.515,6,105.52,62,105.525,67,105.53,57,105.535,369,105.51
T2412,,13:39:54.300#,105.32,105.52,105.32,107.36,103.15,2949,18568,105.485,370,105.49,55,105.495,42,105.5,52,105.505,4,105.515,6,105.52,62,105.525,67,105.53,57,105.535,369,105.51
T2412,,13:39:54.800#,105.32,105.52,105.32,107.36,103.15,2949,18568,105.485,370,105.49,55,105.495,42,105.5,47,105.505,9,105.515,6,105.52,62,105.525,67,105.53,57,105.535,369,105.51
T2412,,13:39:55.300#,105.32,105.52,105.32,107.36,103.15,2949,18568,105.485,370,105.49,55,105.495,42,105.5,52,105.505,4,105.515,6,105.52,62,105.525,67,105.53,57,105.535,369,105.51
T2412,,13:39:57.300#,105.32,105.52,105.32,107.36,103.15,2949,18568,105.485,370,105.49,55,105.495,42,105.5,52,105.505,4,105.51,6,105.515,14,105.52,57,105.525,67,105.53,57,105.51
T2412,,13:39:57.800#,105.32,105.52,105.32,107.36,103.15,2949,18568,105.485,310,105.49,60,105.495,42,105.5,42,105.505,4,105.51,6,105.515,44,105.52,57,105.525,87,105.53,309,105.51
T2412,,13:39:58.300#,105.32,105.52,105.32,107.36,103.15,2949,18568,105.485,370,105.49,60,105.495,47,105.5,42,105.505,4,105.51,6,105.515,61,105.52,52,105.525,80,105.53,369,105.51
T2412,,13:39:58.800#,105.32,105.52,105.32,107.36,103.15,2949,18568,105.485,370,105.49,60,105.495,42,105.5,47,105.505,4,105.51,6,105.515,66,105.52,47,105.525,80,105.53,369,105.51
T2412,,13:40:08.800#,105.32,105.52,105.32,107.36,103.15,2949,18568,105.485,370,105.49,60,105.495,42,105.5,47,105.505,10,105.51,6,105.515,66,105.52,47,105.525,80,105.53,369,105.51
T2412,,13:40:15.800#,105.32,105.52,105.32,107.36,103.15,2949,18568,105.485,370,105.49,60,105.495,42,105.5,47,105.505,16,105.51,6,105.515,66,105.52,47,105.525,80,105.53,369,105.51
T2412,,13:40:16.300#,105.32,105.52,105.32,107.36,103.15,2949,18568,105.485,370,105.49,60,105.495,42,105.5,47,105.505,16,105.51,2,105.515,49,105.52,52,105.525,80,105.53,369,105.51
T2412,,13:40:16.800#,105.32,105.52,105.32,107.36,103.15,2951,18566,105.485,370,105.49,60,105.495,42,105.5,47,105.505,16,105.515,44,105.52,62,105.525,80,105.53,369,105.535,7,105.51
T2412,,13:40:17.300#,105.32,105.52,105.32,107.36,103.15,2951,18566,105.485,370,105.49,55,105.495,42,105.5,52,105.505,16,105.515,9,105.52,57,105.525,65,105.53,57,105.535,369,105.51
T2412,,13:40:17.800#,105.32,105.52,105.32,107.36,103.15,2951,18566,105.485,370,105.49,55,105.495,42,105.5,52,105.505,16,105.515,9,105.52,62,105.525,65,105.53,57,105.535,369,105.51
T2412,,13:40:19.800#,105.32,105.52,105.32,107.36,103.15,2951,18566,105.485,370,105.49,55,105.495,42,105.5,52,105.505,16,105.51,5,105.515,9,105.52,62,105.525,65,105.53,57,105.51
T2412,,13:40:20.300#,105.32,105.52,105.32,107.36,103.15,2951,18566,105.485,310,105.49,60,105.495,42,105.5,42,105.505,16,105.51,5,105.515,29,105.52,72,105.525,80,105.53,309,105.51
T2412,,13:40:20.800#,105.32,105.52,105.32,107.36,103.15,2951,18566,105.485,370,105.49,60,105.495,42,105.5,47,105.505,16,105.51,5,105.515,34,105.52,72,105.525,80,105.53,369,105.51
T2412,,13:40:21.300#,105.32,105.52,105.32,107.36,103.15,2951,18566,105.485,370,105.49,60,105.495,42,105.5,47,105.505,16,105.51,5,105.515,39,105.52,67,105.525,80,105.53,369,105.51
T2412,,13:40:21.800#,105.32,105.52,105.32,107.36,103.15,2953,18568,105.485,370,105.49,60,105.495,42,105.5,47,105.505,16,105.51,3,105.515,39,105.52,67,105.525,80,105.53,369,105.51
T2412,,13:40:22.300#,105.32,105.52,105.32,107.36,103.15,2956,18568,105.485,370,105.49,60,105.495,42,105.5,47,105.505,16,105.515,38,105.52,67,105.525,80,105.53,369,105.535,7,105.51
T2412,,13:40:22.800#,105.32,105.52,105.32,107.36,103.15,2956,18568,105.485,370,105.49,55,105.495,42,105.5,52,105.505,16,105.515,6,105.52,62,105.525,60,105.53,57,105.535,369,105.51
T2412,,13:40:23.300#,105.32,105.52,105.32,107.36,103.15,2956,18568,105.485,370,105.49,55,105.495,42,105.5,52,105.505,16,105.515,6,105.52,62,105.525,65,105.53,57,105.535,369,105.51
T2412,,13:40:35.800#,105.32,105.52,105.32,107.36,103.15,2956,18568,105.485,370,105.49,55,105.495,42,105.5,52,105.505,16,105.515,5,105.52,62,105.525,65,105.53,57,105.535,369,105.51
T2412,,13:40:37.300#,105.32,105.52,105.32,107.36,103.15,2956,18568,105.485,370,105.49,55,105.495,42,105.5,52,105.505,16,105.515,6,105.52,62,105.525,65,105.53,57,105.535,369,105.51
T2412,,13:40:44.300#,105.32,105.52,105.32,107.36,103.15,2957,18569,105.485,370,105.49,55,105.495,42,105.5,52,105.505,16,105.515,5,105.52,62,105.525,65,105.53,57,105.535,369,105.515
T2412,,13:40:44.800#,105.32,105.52,105.32,107.36,103.15,2958,18569,105.485,370,105.49,55,105.495,42,105.5,52,105.505,16,105.515,4,105.52,62,105.525,65,105.53,57,105.535,369,105.515
T2412,,13:40:45.300#,105.32,105.52,105.32,107.36,103.15,2959,18569,105.49,55,105.495,42,105.5,47,105.505,21,105.51,2,105.515,2,105.52,62,105.525,65,105.53,57,105.535,369,105.515
T2412,,13:40:45.800#,105.32,105.52,105.32,107.36,103.15,2960,18569,105.49,307,105.495,67,105.5,52,105.505,24,105.51,16,105.515,1,105.52,57,105.525,60,105.53,62,105.535,309,105.515
T2412,,13:40:46.300#,105.32,105.52,105.32,107.36,103.15,2961,18569,105.49,367,105.495,62,105.5,42,105.505,39,105.51,16,105.52,57,105.525,60,105.53,62,105.535,369,105.54,6,105.515
T2412,,13:40:46.800#,105.32,105.52,105.32,107.36,103.15,2961,18569,105.49,367,105.495,57,105.5,37,105.505,54,105.51,16,105.515,8,105.52,28,105.525,70,105.53,37,105.535,57,105.515
T2412,,13:40:47.300#,105.32,105.52,105.32,107.36,103.15,2961,18569,105.49,307,105.495,62,105.5,37,105.505,49,105.51,16,105.515,8,105.52,58,105.525,70,105.53,62,105.535,309,105.515
T2412,,13:40:47.800#,105.32,105.52,105.32,107.36,103.15,2961,18569,105.49,367,105.495,62,105.5,37,105.505,49,105.51,16,105.515,8,105.52,68,105.525,60,105.53,62,105.535,369,105.515
T2412,,13:40:51.800#,105.32,105.52,105.32,107.36,103.15,2961,18569,105.49,367,105.495,62,105.5,37,105.505,49,105.51,14,105.515,9,105.52,68,105.525,60,105.53,62,105.535,369,105.515
T2412,,13:40:52.300#,105.32,105.52,105.32,107.36,103.15,2975,18582,105.485,8,105.49,367,105.495,62,105.5,37,105.505,49,105.515,17,105.52,57,105.525,60,105.53,62,105.535,369,105.51
T2412,,13:40:52.800#,105.32,105.52,105.32,107.36,103.15,2975,18582,105.485,370,105.49,55,105.495,37,105.5,47,105.505,9,105.515,9,105.52,62,105.525,65,105.53,57,105.535,369,105.51
T2412,,13:40:53.300#,105.32,105.52,105.32,107.36,103.15,2975,18582,105.485,370,105.49,55,105.495,42,105.5,47,105.505,9,105.515,9,105.52,62,105.525,65,105.53,57,105.535,369,105.51
T2412,,13:40:55.300#,105.32,105.52,105.32,107.36,103.15,2975,18582,105.485,370,105.49,55,105.495,42,105.5,47,105.505,9,105.515,12,105.52,62,105.525,65,105.53,57,105.535,369,105.51
T2412,,13:40:56.300#,105.32,105.52,105.32,107.36,103.15,2975,18582,105.485,370,105.49,55,105.495,42,105.5,47,105.505,9,105.515,13,105.52,62,105.525,65,105.53,57,105.535,369,105.51
T2412,,13:40:59.800#,105.32,105.52,105.32,107.36,103.15,2978,18582,105.485,370,105.49,55,105.495,42,105.5,47,105.505,6,105.515,10,105.52,62,105.525,65,105.53,57,105.535,369,105.505
T2412,,13:41:10.800#,105.32,105.52,105.32,107.36,103.15,2978,18582,105.485,370,105.49,55,105.495,42,105.5,47,105.505,6,105.515,10,105.52,62,105.525,65,105.53,57,105.535,369,105.505
T2412,,13:41:11.300#,105.32,105.52,105.32,107.36,103.15,2978,18582,105.485,370,105.49,55,105.495,42,105.5,47,105.505,6,105.515,9,105.52,62,105.525,65,105.53,57,105.535,369,105.505
T2412,,13:41:11.800#,105.32,105.52,105.32,107.36,103.15,2978,18582,105.485,370,105.49,55,105.495,42,105.5,47,105.505,6,105.515,10,105.52,62,105.525,65,105.53,57,105.535,369,105.505
T2412,,13:41:13.300#,105.32,105.52,105.32,107.36,103.15,2978,18582,105.485,370,105.49,55,105.495,42,105.5,47,105.505,6,105.515,9,105.52,62,105.525,65,105.53,57,105.535,369,105.505
T2412,,13:41:26.800#,105.32,105.52,105.32,107.36,103.15,2978,18582,105.485,370,105.49,55,105.495,42,105.5,47,105.505,6,105.515,11,105.52,62,105.525,65,105.53,57,105.535,369,105.505
T2412,,13:41:29.800#,105.32,105.52,105.32,107.36,103.15,2978,18582,105.49,55,105.495,42,105.5,47,105.505,6,105.51,1,105.515,10,105.52,62,105.525,65,105.53,57,105.535,369,105.505
T2412,,13:41:30.300#,105.32,105.52,105.32,107.36,103.15,2978,18582,105.49,278,105.495,62,105.5,47,105.505,21,105.51,3,105.515,10,105.52,57,105.525,60,105.53,62,105.535,309,105.505
T2412,,13:41:30.800#,105.32,105.52,105.32,107.36,103.15,2978,18582,105.49,367,105.495,62,105.5,57,105.505,21,105.51,3,105.515,10,105.52,57,105.525,60,105.53,62,105.535,369,105.505
T2412,,13:41:31.800#,105.32,105.52,105.32,107.36,103.15,2978,18582,105.49,367,105.495,62,105.5,57,105.505,21,105.51,3,105.515,2,105.52,47,105.525,64,105.53,62,105.535,369,105.505
T2412,,13:41:32.300#,105.32,105.52,105.32,107.36,103.15,2978,18582,105.49,367,105.495,62,105.5,57,105.505,21,105.51,3,105.515,2,105.52,37,105.525,79,105.53,62,105.535,369,105.505
T2412,,13:41:32.800#,105.32,105.52,105.32,107.36,103.15,2978,18582,105.49,367,105.495,62,105.5,57,105.505,16,105.51,8,105.515,2,105.52,32,105.525,79,105.53,62,105.535,369,105.505
T2412,,13:41:33.300#,105.32,105.52,105.32,107.36,103.15,2978,18582,105.49,367,105.495,62,105.5,57,105.505,21,105.51,3,105.515,2,105.52,32,105.525,84,105.53,62,105.535,369,105.505
T2412,,13:41:38.300#,105.32,105.52,105.32,107.36,103.15,2978,18582,105.49,367,105.495,62,105.5,57,105.505,21,105.51,3,105.515,2,105.52,37,105.525,79,105.53,62,105.535,369,105.505
T2412,,13:41:38.800#,105.32,105.52,105.32,107.36,103.15,2978,18582,105.49,367,105.495,62,105.5,57,105.505,21,105.51,3,105.515,2,105.52,42,105.525,74,105.53,62,105.535,369,105.505
T2412,,13:41:40.300#,105.32,105.52,105.32,107.36,103.15,2978,18582,105.49,367,105.495,62,105.5,57,105.505,21,105.51,3,105.515,2,105.52,42,105.525,74,105.53,62,105.535,371,105.505
T2412,,13:41:41.800#,105.32,105.52,105.32,107.36,103.15,2978,18582,105.49,367,105.495,62,105.5,57,105.505,21,105.51,3,105.515,3,105.52,42,105.525,74,105.53,62,105.535,371,105.505
T2412,,13:41:42.300#,105.32,105.52,105.32,107.36,103.15,2978,18582,105.49,367,105.495,62,105.5,57,105.505,21,105.51,3,105.515,3,105.52,47,105.525,69,105.53,62,105.535,371,105.505
T2412,,13:41:49.300#,105.32,105.52,105.32,107.36,103.15,2978,18582,105.49,367,105.495,62,105.5,57,105.505,21,105.51,3,105.515,2,105.52,47,105.525,69,105.53,62,105.535,371,105.505
T2412,,13:41:49.800#,105.32,105.52,105.32,107.36,103.15,2978,18582,105.49,367,105.495,62,105.5,57,105.505,21,105.51,3,105.515,2,105.52,42,105.525,74,105.53,62,105.535,371,105.505
T2412,,13:42:00.300#,105.32,105.52,105.32,107.36,103.15,2980,18584,105.495,62,105.5,57,105.505,21,105.51,3,105.515,3,105.52,41,105.525,74,105.53,62,105.535,371,105.54,6,105.515
T2412,,13:42:00.800#,105.32,105.52,105.32,107.36,103.15,2980,18584,105.495,280,105.5,67,105.505,41,105.51,18,105.515,3,105.52,23,105.525,59,105.53,42,105.535,64,105.54,308,105.515
T2412,,13:42:01.300#,105.32,105.52,105.32,107.36,103.15,2980,18584,105.495,369,105.5,57,105.505,61,105.51,18,105.515,3,105.52,23,105.525,64,105.53,42,105.535,64,105.54,368,105.515
T2412,,13:42:03.800#,105.32,105.52,105.32,107.36,103.15,2980,18584,105.495,369,105.5,57,105.505,61,105.51,18,105.515,3,105.52,18,105.525,69,105.53,42,105.535,64,105.54,368,105.515
T2412,,13:42:14.300#,105.32,105.52,105.32,107.36,103.15,2980,18584,105.495,369,105.5,57,105.505,56,105.51,23,105.515,3,105.52,17,105.525,69,105.53,42,105.535,64,105.54,368,105.515
T2412,,13:42:15.300#,105.32,105.52,105.32,107.36,103.15,2980,18584,105.495,369,105.5,57,105.505,51,105.51,33,105.515,3,105.52,17,105.525,74,105.53,42,105.535,64,105.54,368,105.515
T2412,,13:42:16.800#,105.32,105.52,105.32,107.36,103.15,2980,18584,105.495,369,105.5,57,105.505,46,105.51,38,105.515,4,105.52,14,105.525,76,105.53,42,105.535,64,105.54,368,105.515
T2412,,13:42:17.300#,105.32,105.52,105.32,107.36,103.15,2980,18584,105.495,369,105.5,57,105.505,41,105.51,43,105.515,4,105.52,14,105.525,76,105.53,42,105.535,64,105.54,368,105.515
T2412,,13:42:17.800#,105.32,105.52,105.32,107.36,103.15,2980,18584,105.495,369,105.5,57,105.505,36,105.51,48,105.515,4,105.52,14,105.525,76,105.53,42,105.535,64,105.54,368,105.515
T2412,,13:42:18.800#,105.32,105.52,105.32,107.36,103.15,2980,18584,105.495,369,105.5,57,105.505,36,105.51,48,105.515,3,105.52,14,105.525,76,105.53,42,105.535,64,105.54,368,105.515
T2412,,13:42:21.800#,105.32,105.52,105.32,107.36,103.15,2980,18584,105.495,369,105.5,57,105.505,36,105.51,48,105.515,5,105.52,14,105.525,76,105.53,42,105.535,64,105.54,368,105.515
T2412,,13:42:25.800#,105.32,105.52,105.32,107.36,103.15,2980,18584,105.495,369,105.5,57,105.505,36,105.51,48,105.515,6,105.52,14,105.525,76,105.53,42,105.535,64,105.54,368,105.515
T2412,,13:42:26.800#,105.32,105.52,105.32,107.36,103.15,2980,18584,105.495,369,105.5,57,105.505,37,105.51,48,105.515,6,105.52,14,105.525,76,105.53,42,105.535,64,105.54,368,105.515
T2412,,13:42:31.300#,105.32,105.52,105.32,107.36,103.15,2980,18584,105.495,369,105.5,57,105.505,38,105.51,48,105.515,5,105.52,14,105.525,76,105.53,42,105.535,64,105.54,368,105.515
T2412,,13:42:43.800#,105.32,105.52,105.32,107.36,103.15,2980,18584,105.495,369,105.5,57,105.505,38,105.51,48,105.515,6,105.52,14,105.525,76,105.53,42,105.535,64,105.54,368,105.515
T2412,,13:42:47.300#,105.32,105.52,105.32,107.36,103.15,2980,18584,105.495,369,105.5,57,105.505,38,105.51,48,105.515,16,105.52,14,105.525,76,105.53,42,105.535,64,105.54,368,105.515
T2412,,13:42:52.800#,105.32,105.52,105.32,107.36,103.15,2980,18584,105.495,369,105.5,57,105.505,38,105.51,48,105.515,16,105.52,15,105.525,76,105.53,42,105.535,64,105.54,368,105.515
T2412,,13:43:05.300#,105.32,105.52,105.32,107.36,103.15,2991,18592,105.495,369,105.5,57,105.505,38,105.51,49,105.515,17,105.52,4,105.525,76,105.53,42,105.535,64,105.54,368,105.52
T2412,,13:43:05.800#,105.32,105.52,105.32,107.36,103.15,2991,18592,105.495,369,105.5,57,105.505,38,105.51,49,105.515,16,105.52,4,105.525,77,105.53,42,105.535,64,105.54,368,105.52
T2412,,13:43:06.800#,105.32,105.52,105.32,107.36,103.15,2992,18591,105.495,369,105.5,57,105.505,38,105.51,49,105.515,16,105.52,4,105.525,77,105.53,42,105.535,64,105.54,368,105.52
T2412,,13:43:07.800#,105.32,105.52,105.32,107.36,103.15,2992,18591,105.495,369,105.5,57,105.505,38,105.51,49,105.515,16,105.52,3,105.525,77,105.53,42,105.535,64,105.54,368,105.52
T2412,,13:43:08.300#,105.32,105.52,105.32,107.36,103.15,2993,18591,105.495,369,105.5,57,105.505,38,105.51,49,105.515,16,105.52,4,105.525,77,105.53,42,105.535,64,105.54,368,105.52
T2412,,13:43:08.800#,105.32,105.52,105.32,107.36,103.15,2993,18591,105.495,369,105.5,57,105.505,38,105.51,49,105.515,16,105.52,5,105.525,77,105.53,42,105.535,64,105.54,368,105.52
T2412,,13:43:09.300#,105.32,105.52,105.32,107.36,103.15,2993,18591,105.495,369,105.5,57,105.505,38,105.51,49,105.515,6,105.52,5,105.525,77,105.53,42,105.535,64,105.54,368,105.52
T2412,,13:43:09.800#,105.32,105.52,105.32,107.36,103.15,2993,18591,105.495,369,105.5,57,105.505,38,105.51,49,105.515,6,105.52,4,105.525,77,105.53,42,105.535,64,105.54,368,105.52
T2412,,13:43:10.800#,105.32,105.52,105.32,107.36,103.15,2993,18591,105.495,369,105.5,57,105.505,38,105.51,49,105.515,6,105.52,5,105.525,77,105.53,42,105.535,64,105.54,368,105.52
T2412,,13:43:15.300#,105.32,105.52,105.32,107.36,103.15,2999,18591,105.49,367,105.495,62,105.5,37,105.505,48,105.51,4,105.515,2,105.52,40,105.525,76,105.53,62,105.535,371,105.515
T2412,,13:43:21.300#,105.32,105.52,105.32,107.36,103.15,3001,18591,105.495,280,105.5,57,105.505,53,105.51,19,105.515,1,105.52,3,105.525,71,105.53,42,105.535,64,105.54,308,105.515
T2412,,13:43:22.300#,105.32,105.52,105.32,107.36,103.15,3001,18591,105.495,369,105.5,57,105.505,58,105.51,24,105.515,3,105.52,3,105.525,71,105.53,42,105.535,64,105.54,368,105.515
T2412,,13:43:23.300#,105.32,105.52,105.32,107.36,103.15,3001,18591,105.495,369,105.5,57,105.505,53,105.51,34,105.515,4,105.52,3,105.525,76,105.53,42,105.535,64,105.54,368,105.515
T2412,,13:43:39.300#,105.32,105.52,105.32,107.36,103.15,3001,18591,105.5,52,105.505,38,105.51,49,105.515,9,105.52,1,105.525,29,105.53,57,105.535,39,105.54,56,105.545,368,105.515
T2412,,13:43:40.800#,105.32,105.52,105.32,107.36,103.15,3002,18591,105.495,7,105.5,304,105.505,58,105.51,59,105.515,24,105.525,24,105.53,60,105.535,39,105.54,61,105.545,308,105.515
T2412,,13:43:43.300#,105.32,105.52,105.32,107.36,103.15,3002,18591,105.495,369,105.5,52,105.505,38,105.51,54,105.515,4,105.525,25,105.53,60,105.535,44,105.54,56,105.545,368,105.515
T2412,,13:43:44.800#,105.32,105.52,105.32,107.36,103.15,3003,18592,105.495,369,105.5,57,105.505,38,105.51,49,105.515,3,105.52,8,105.525,75,105.53,40,105.535,69,105.54,368,105.52
T2412,,13:43:45.300#,105.32,105.52,105.32,107.36,103.15,3003,18592,105.495,369,105.5,57,105.505,38,105.51,49,105.515,3,105.52,8,105.525,75,105.53,45,105.535,64,105.54,368,105.52
T2412,,13:43:45.800#,105.32,105.52,105.32,107.36,103.15,3003,18592,105.495,369,105.5,57,105.505,38,105.51,49,105.515,3,105.52,8,105.525,76,105.53,45,105.535,64,105.54,368,105.52
T2412,,13:43:47.300#,105.32,105.52,105.32,107.36,103.15,3003,18592,105.495,369,105.5,57,105.505,38,105.51,49,105.515,4,105.52,9,105.525,75,105.53,45,105.535,64,105.54,368,105.52
T2412,,13:43:52.800#,105.32,105.52,105.32,107.36,103.15,3003,18592,105.495,369,105.5,57,105.505,38,105.51,49,105.515,4,105.52,9,105.525,77,105.53,45,105.535,64,105.54,368,105.52
T2412,,13:43:53.300#,105.32,105.52,105.32,107.36,103.15,3003,18592,105.495,369,105.5,57,105.505,38,105.51,49,105.515,3,105.52,9,105.525,78,105.53,45,105.535,64,105.54,368,105.52
T2412,,13:44:03.300#,105.32,105.52,105.32,107.36,103.15,3003,18592,105.495,369,105.5,57,105.505,38,105.51,49,105.515,3,105.52,10,105.525,78,105.53,45,105.535,64,105.54,368,105.52
T2412,,13:44:07.300#,105.32,105.52,105.32,107.36,103.15,3003,18592,105.495,369,105.5,57,105.505,43,105.51,44,105.515,2,105.52,10,105.525,78,105.53,45,105.535,64,105.54,368,105.52
T2412,,13:44:07.800#,105.32,105.52,105.32,107.36,103.15,3003,18592,105.495,369,105.5,57,105.505,48,105.51,39,105.515,2,105.52,11,105.525,78,105.53,45,105.535,64,105.54,368,105.52
T2412,,13:44:10.800#,105.32,105.52,105.32,107.36,103.15,3005,18591,105.49,5,105.495,369,105.5,57,105.505,48,105.51,39,105.52,11,105.525,78,105.53,45,105.535,64,105.54,368,105.515
T2412,,13:44:11.300#,105.32,105.52,105.32,107.36,103.15,3005,18591,105.49,367,105.495,57,105.5,37,105.505,48,105.51,4,105.52,11,105.525,78,105.53,50,105.535,59,105.54,368,105.515
T2412,,13:44:11.800#,105.32,105.52,105.32,107.36,103.15,3005,18591,105.49,367,105.495,57,105.5,37,105.505,53,105.51,4,105.515,1,105.52,11,105.525,78,105.53,50,105.535,59,105.515
T2412,,13:44:12.300#,105.32,105.52,105.32,107.36,103.15,3006,18591,105.495,62,105.5,37,105.505,43,105.51,4,105.515,1,105.52,23,105.525,88,105.53,65,105.535,311,105.54,6,105.515
T2412,,13:44:12.800#,105.32,105.52,105.32,107.36,103.15,3006,18591,105.49,44,105.495,280,105.5,57,105.505,43,105.51,19,105.52,3,105.525,73,105.53,40,105.535,59,105.54,308,105.515
T2412,,13:44:13.300#,105.32,105.52,105.32,107.36,103.15,3006,18591,105.49,367,105.495,57,105.5,32,105.505,48,105.51,4,105.52,4,105.525,73,105.53,50,105.535,54,105.54,368,105.515
T2412,,13:44:13.800#,105.32,105.52,105.32,107.36,103.15,3006,18591,105.495,57,105.5,37,105.505,53,105.51,4,105.515,1,105.52,4,105.525,78,105.53,50,105.535,59,105.54,368,105.515
T2412,,13:44:14.300#,105.32,105.52,105.32,107.36,103.15,3006,18591,105.495,280,105.5,47,105.505,58,105.51,19,105.515,1,105.52,4,105.525,68,105.53,45,105.535,59,105.54,308,105.515
T2412,,13:44:14.800#,105.32,105.52,105.32,107.36,103.15,3006,18591,105.49,5,105.495,369,105.5,57,105.505,63,105.51,19,105.52,4,105.525,73,105.53,45,105.535,64,105.54,368,105.515
T2412,,13:44:15.300#,105.32,105.52,105.32,107.36,103.15,3006,18591,105.49,317,105.495,107,105.5,37,105.505,48,105.51,9,105.52,4,105.525,78,105.53,50,105.535,59,105.54,368,105.515
T2412,,13:44:15.800#,105.32,105.52,105.32,107.36,103.15,3006,18591,105.495,57,105.5,37,105.505,53,105.51,4,105.515,1,105.52,2,105.525,78,105.53,50,105.535,59,105.54,368,105.515
T2412,,13:44:16.300#,105.32,105.52,105.32,107.36,103.15,3006,18591,105.495,280,105.5,52,105.505,58,105.51,19,105.515,1,105.52,4,105.525,73,105.53,45,105.535,64,105.54,308,105.515
T2412,,13:44:16.800#,105.32,105.52,105.32,107.36,103.15,3006,18591,105.49,5,105.495,369,105.5,57,105.505,63,105.51,19,105.52,4,105.525,73,105.53,45,105.535,64,105.54,368,105.515
T2412,,13:44:17.300#,105.32,105.52,105.32,107.36,103.15,3006,18591,105.49,367,105.495,57,105.5,37,105.505,53,105.51,4,105.52,3,105.525,78,105.53,50,105.535,59,105.54,368,105.515
T2412,,13:44:17.800#,105.32,105.52,105.32,107.36,103.15,3006,18591,105.495,57,105.5,37,105.505,53,105.51,4,105.515,1,105.52,4,105.525,78,105.53,50,105.535,59,105.54,368,105.515
T2412,,13:44:18.300#,105.32,105.52,105.32,107.36,103.15,3006,18591,105.495,280,105.5,52,105.505,58,105.51,19,105.515,1,105.52,4,105.525,73,105.53,45,105.535,64,105.54,308,105.515
T2412,,13:44:18.800#,105.32,105.52,105.32,107.36,103.15,3006,18591,105.495,369,105.5,57,105.505,63,105.51,19,105.515,1,105.52,4,105.525,73,105.53,45,105.535,64,105.54,368,105.515
T2412,,13:44:19.800#,105.32,105.52,105.32,107.36,103.15,3006,18591,105.495,369,105.5,57,105.505,63,105.51,20,105.515,1,105.52,4,105.525,73,105.53,45,105.535,64,105.54,368,105.515
T2412,,13:44:23.300#,105.32,105.52,105.32,107.36,103.15,3006,18591,105.495,369,105.5,57,105.505,58,105.51,25,105.515,1,105.52,4,105.525,73,105.53,45,105.535,64,105.54,368,105.515
T2412,,13:44:23.800#,105.32,105.52,105.32,107.36,103.15,3006,18591,105.495,369,105.5,57,105.505,53,105.51,35,105.515,1,105.52,4,105.525,78,105.53,45,105.535,64,105.54,368,105.515
T2412,,13:44:24.300#,105.32,105.52,105.32,107.36,103.15,3006,18591,105.495,369,105.5,57,105.505,48,105.51,40,105.515,1,105.52,4,105.525,78,105.53,45,105.535,64,105.54,368,105.515
T2412,,13:44:24.800#,105.32,105.52,105.32,107.36,103.15,3006,18591,105.495,369,105.5,57,105.505,43,105.51,45,105.515,1,105.52,5,105.525,78,105.53,45,105.535,64,105.54,368,105.515
T2412,,13:44:25.300#,105.32,105.52,105.32,107.36,103.15,3006,18591,105.495,369,105.5,57,105.505,38,105.51,50,105.515,1,105.52,5,105.525,78,105.53,45,105.535,64,105.54,368,105.515
T2412,,13:44:25.800#,105.32,105.52,105.32,107.36,103.15,3006,18591,105.495,369,105.5,57,105.505,43,105.51,45,105.515,1,105.52,6,105.525,78,105.53,45,105.535,64,105.54,368,105.515
T2412,,13:44:26.300#,105.32,105.52,105.32,107.36,103.15,3006,18591,105.495,369,105.5,57,105.505,48,105.51,40,105.515,1,105.52,6,105.525,78,105.53,45,105.535,64,105.54,368,105.515
T2412,,13:44:36.300#,105.32,105.52,105.32,107.36,103.15,3006,18591,105.495,369,105.5,57,105.505,43,105.51,45,105.515,1,105.52,5,105.525,78,105.53,45,105.535,64,105.54,368,105.515
T2412,,13:44:36.800#,105.32,105.52,105.32,107.36,103.15,3006,18591,105.495,369,105.5,57,105.505,38,105.51,50,105.515,1,105.52,5,105.525,78,105.53,45,105.535,64,105.54,368,105.515
T2412,,13:44:45.800#,105.32,105.52,105.32,107.36,103.15,3006,18591,105.495,369,105.5,57,105.505,43,105.51,45,105.515,1,105.52,5,105.525,78,105.53,45,105.535,64,105.54,368,105.515
T2412,,13:44:46.300#,105.32,105.52,105.32,107.36,103.15,3008,18592,105.49,5,105.495,369,105.5,57,105.505,48,105.51,39,105.515,1,105.52,5,105.525,78,105.53,45,105.535,64,105.51
T2412,,13:44:46.800#,105.32,105.52,105.32,107.36,103.15,3009,18592,105.495,62,105.5,32,105.505,43,105.51,4,105.515,2,105.52,25,105.525,78,105.53,65,105.535,282,105.54,45,105.515
T2412,,13:44:47.300#,105.32,105.52,105.32,107.36,103.15,3009,18592,105.49,44,105.495,280,105.5,57,105.505,53,105.51,19,105.52,5,105.525,73,105.53,45,105.535,64,105.54,308,105.515
T2412,,13:44:47.800#,105.32,105.52,105.32,107.36,103.15,3009,18592,105.495,57,105.5,32,105.505,58,105.51,4,105.515,2,105.52,4,105.525,78,105.53,50,105.535,59,105.54,368,105.515
T2412,,13:44:48.300#,105.32,105.52,105.32,107.36,103.15,3009,18592,105.495,280,105.5,52,105.505,58,105.51,19,105.515,3,105.52,4,105.525,73,105.53,45,105.535,64,105.54,308,105.515
T2412,,13:44:48.800#,105.32,105.52,105.32,107.36,103.15,3009,18592,105.495,369,105.5,57,105.505,63,105.51,19,105.515,2,105.52,4,105.525,73,105.53,45,105.535,64,105.54,368,105.515
T2412,,13:44:49.300#,105.32,105.52,105.32,107.36,103.15,3009,18592,105.495,369,105.5,57,105.505,63,105.51,19,105.515,3,105.52,4,105.525,73,105.53,45,105.535,64,105.54,368,105.515
T2412,,13:44:49.800#,105.32,105.52,105.32,107.36,103.15,3009,18592,105.495,369,105.5,57,105.505,58,105.51,24,105.515,4,105.52,4,105.525,73,105.53,45,105.535,64,105.54,368,105.515
T2412,,13:44:50.300#,105.32,105.52,105.32,107.36,103.15,3009,18592,105.495,369,105.5,57,105.505,53,105.51,29,105.515,4,105.52,4,105.525,73,105.53,45,105.535,64,105.54,368,105.515
T2412,,13:44:50.800#,105.32,105.52,105.32,107.36,103.15,3009,18592,105.495,369,105.5,57,105.505,53,105.51,34,105.515,3,105.52,4,105.525,78,105.53,45,105.535,64,105.54,368,105.515
T2412,,13:44:51.300#,105.32,105.52,105.32,107.36,103.15,3009,18592,105.495,369,105.5,57,105.505,48,105.51,39,105.515,3,105.52,4,105.525,78,105.53,45,105.535,64,105.54,368,105.515
T2412,,13:44:51.800#,105.32,105.52,105.32,107.36,103.15,3009,18592,105.495,369,105.5,57,105.505,43,105.51,44,105.515,4,105.52,4,105.525,78,105.53,45,105.535,64,105.54,368,105.515
T2412,,13:44:52.300#,105.32,105.52,105.32,107.36,103.15,3009,18592,105.495,369,105.5,57,105.505,38,105.51,49,105.515,4,105.52,4,105.525,78,105.53,45,105.535,64,105.54,368,105.515
T2412,,13:44:52.800#,105.32,105.52,105.32,107.36,103.15,3009,18592,105.495,369,105.5,57,105.505,38,105.51,49,105.515,3,105.52,4,105.525,78,105.53,45,105.535,64,105.54,368,105.515
T2412,,13:44:53.800#,105.32,105.52,105.32,107.36,103.15,3016,18594,105.5,57,105.505,38,105.51,49,105.515,3,105.52,8,105.525,78,105.53,45,105.535,64,105.54,368,105.545,6,105.52
T2412,,13:44:54.300#,105.32,105.52,105.32,107.36,103.15,3024,18599,105.495,7,105.5,304,105.505,58,105.51,64,105.515,17,105.525,38,105.53,45,105.535,39,105.54,61,105.545,308,105.52
T2412,,13:44:54.800#,105.32,105.52,105.32,107.36,103.15,3024,18599,105.495,354,105.5,52,105.505,43,105.51,59,105.515,7,105.525,38,105.53,55,105.535,44,105.54,56,105.545,368,105.52
T2412,,13:44:55.300#,105.32,105.52,105.32,107.36,103.15,3024,18599,105.495,369,105.5,52,105.505,38,105.51,54,105.515,2,105.525,38,105.53,55,105.535,44,105.54,56,105.545,368,105.52
T2412,,13:44:55.800#,105.32,105.52,105.32,107.36,103.15,3024,18599,105.495,369,105.5,52,105.505,38,105.51,54,105.515,2,105.525,37,105.53,55,105.535,44,105.54,56,105.545,368,105.52
T2412,,13:44:56.300#,105.32,105.52,105.32,107.36,103.15,3024,18599,105.495,369,105.5,52,105.505,38,105.51,54,105.515,3,105.525,37,105.53,55,105.535,44,105.54,56,105.545,368,105.52
T2412,,13:44:56.800#,105.32,105.52,105.32,107.36,103.15,3024,18599,105.495,369,105.5,52,105.505,39,105.51,54,105.515,3,105.525,37,105.53,55,105.535,44,105.54,56,105.545,368,105.52
T2412,,13:44:57.800#,105.32,105.52,105.32,107.36,103.15,3024,18599,105.495,369,105.5,52,105.505,39,105.51,54,105.515,3,105.525,32,105.53,55,105.535,44,105.54,56,105.545,368,105.52
T2412,,13:44:58.300#,105.32,105.52,105.32,107.36,103.15,3024,18599,105.495,369,105.5,52,105.505,39,105.51,54,105.515,3,105.525,32,105.53,60,105.535,44,105.54,56,105.545,368,105.52
T2412,,13:44:58.800#,105.32,105.52,105.32,107.36,103.15,3024,18599,105.495,369,105.5,52,105.505,39,105.51,54,105.515,3,105.525,32,105.53,55,105.535,44,105.54,56,105.545,368,105.52
T2412,,13:44:59.300#,105.32,105.52,105.32,107.36,103.15,3024,18599,105.495,369,105.5,52,105.505,39,105.51,54,105.515,3,105.525,37,105.53,55,105.535,44,105.54,56,105.545,368,105.52
T2412,,13:44:59.800#,105.32,105.52,105.32,107.36,103.15,3024,18599,105.495,370,105.5,52,105.505,39,105.51,54,105.515,3,105.525,32,105.53,50,105.535,49,105.54,56,105.545,368,105.52
T2412,,13:45:00.300#,105.32,105.52,105.32,107.36,103.15,3024,18599,105.495,370,105.5,52,105.505,39,105.51,49,105.515,8,105.525,27,105.53,65,105.535,44,105.54,56,105.545,368,105.52
T2412,,13:45:00.800#,105.32,105.52,105.32,107.36,103.15,3024,18599,105.495,370,105.5,52,105.505,39,105.51,54,105.515,3,105.525,31,105.53,60,105.535,44,105.54,56,105.545,368,105.52
T2412,,13:45:01.300#,105.32,105.52,105.32,107.36,103.15,3024,18599,105.495,370,105.5,52,105.505,39,105.51,54,105.515,2,105.525,26,105.53,60,105.535,49,105.54,56,105.545,368,105.52
T2412,,13:45:01.800#,105.32,105.52,105.32,107.36,103.15,3024,18599,105.495,370,105.5,52,105.505,39,105.51,54,105.515,3,105.525,24,105.53,60,105.535,49,105.54,56,105.545,368,105.52
T2412,,13:45:05.800#,105.32,105.52,105.32,107.36,103.15,3024,18599,105.5,52,105.505,39,105.51,54,105.515,3,105.52,3,105.525,24,105.53,60,105.535,49,105.54,56,105.545,368,105.52
T2412,,13:45:06.300#,105.32,105.52,105.32,107.36,103.15,3024,18599,105.5,275,105.505,54,105.51,54,105.515,23,105.52,3,105.525,24,105.53,60,105.535,39,105.54,61,105.545,308,105.52
T2412,,13:45:06.800#,105.32,105.525,105.32,107.36,103.15,3037,18599,105.5,364,105.505,59,105.51,54,105.515,28,105.52,5,105.525,10,105.53,45,105.535,49,105.54,61,105.545,368,105.525
T2412,,13:45:07.300#,105.32,105.525,105.32,107.36,103.15,3044,18600,105.5,364,105.505,62,105.51,54,105.515,33,105.52,5,105.525,3,105.53,45,105.535,59,105.54,61,105.545,368,105.525
T2412,,13:45:07.800#,105.32,105.525,105.32,107.36,103.15,3047,18601,105.505,62,105.51,48,105.515,33,105.52,10,105.525,4,105.53,39,105.535,64,105.54,61,105.545,368,105.55,14,105.525
T2412,,13:45:08.300#,105.32,105.525,105.32,107.36,103.15,3050,18604,105.505,309,105.51,58,105.515,58,105.52,25,105.525,4,105.53,6,105.535,54,105.54,37,105.545,61,105.55,316,105.525
T2412,,13:45:08.800#,105.32,105.525,105.32,107.36,103.15,3050,18604,105.505,369,105.51,58,105.515,53,105.52,35,105.525,4,105.53,6,105.535,54,105.54,42,105.545,61,105.55,376,105.525
T2412,,13:45:09.300#,105.32,105.53,105.32,107.36,103.15,3051,18604,105.505,369,105.51,58,105.515,48,105.52,41,105.525,18,105.53,5,105.535,49,105.54,52,105.545,61,105.55,376,105.53
T2412,,13:45:09.800#,105.32,105.53,105.32,107.36,103.15,3051,18604,105.505,369,105.51,58,105.515,38,105.52,51,105.525,18,105.53,5,105.535,44,105.54,57,105.545,61,105.55,376,105.53
T2412,,13:45:10.300#,105.32,105.53,105.32,107.36,103.15,3051,18604,105.505,369,105.51,58,105.515,38,105.52,51,105.525,18,105.53,5,105.535,39,105.54,62,105.545,61,105.55,376,105.53
T2412,,13:45:10.800#,105.32,105.53,105.32,107.36,103.15,3051,18604,105.505,369,105.51,58,105.515,38,105.52,51,105.525,5,105.53,5,105.535,39,105.54,62,105.545,61,105.55,376,105.53
T2412,,13:45:11.300#,105.32,105.53,105.32,107.36,103.15,3051,18604,105.505,369,105.51,58,105.515,38,105.52,51,105.525,5,105.53,5,105.535,38,105.54,62,105.545,61,105.55,376,105.53
T2412,,13:45:12.800#,105.32,105.53,105.32,107.36,103.15,3056,18609,105.51,58,105.515,38,105.52,61,105.525,17,105.53,3,105.535,38,105.54,57,105.545,61,105.55,376,105.555,4,105.53
T2412,,13:45:13.800#,105.32,105.53,105.32,107.36,103.15,3057,18609,105.505,7,105.51,365,105.515,58,105.52,56,105.525,68,105.535,8,105.54,47,105.545,52,105.55,69,105.555,366,105.525
T2412,,13:45:14.300#,105.32,105.53,105.32,107.36,103.15,3057,18609,105.51,53,105.515,41,105.52,61,105.525,28,105.53,7,105.535,8,105.54,47,105.545,57,105.55,64,105.555,366,105.525
T2412,,13:45:14.800#,105.32,105.53,105.32,107.36,103.15,3057,18609,105.51,305,105.515,66,105.52,61,105.525,58,105.53,7,105.535,8,105.54,49,105.545,52,105.55,69,105.555,306,105.525
T2412,,13:45:15.300#,105.32,105.53,105.32,107.36,103.15,3057,18609,105.51,365,105.515,61,105.52,56,105.525,68,105.53,4,105.535,8,105.54,55,105.545,47,105.55,69,105.555,366,105.525
T2412,,13:45:16.300#,105.32,105.53,105.32,107.36,103.15,3061,18613,105.505,7,105.51,365,105.515,61,105.52,56,105.525,61,105.535,8,105.54,54,105.545,47,105.55,69,105.555,366,105.53
T2412,,13:45:16.800#,105.32,105.53,105.32,107.36,103.15,3061,18613,105.51,53,105.515,36,105.52,66,105.525,27,105.53,5,105.535,8,105.54,55,105.545,52,105.55,64,105.555,366,105.53
T2412,,13:45:17.300#,105.32,105.53,105.32,107.36,103.15,3061,18613,105.51,305,105.515,61,105.52,71,105.525,39,105.53,2,105.535,8,105.54,55,105.545,47,105.55,69,105.555,306,105.53
T2412,,13:45:17.800#,105.32,105.53,105.32,107.36,103.15,3061,18613,105.51,365,105.515,61,105.52,61,105.525,49,105.53,3,105.535,8,105.54,55,105.545,47,105.55,69,105.555,366,105.53
T2412,,13:45:18.300#,105.32,105.53,105.32,107.36,103.15,3061,18613,105.51,365,105.515,61,105.52,56,105.525,54,105.53,3,105.535,8,105.54,55,105.545,47,105.55,69,105.555,366,105.53
T2412,,13:45:20.300#,105.32,105.53,105.32,107.36,103.15,3061,18613,105.51,365,105.515,61,105.52,56,105.525,54,105.53,5,105.535,8,105.54,55,105.545,47,105.55,69,105.555,366,105.53
T2412,,13:45:20.800#,105.32,105.535,105.32,107.36,103.15,3069,18620,105.515,61,105.52,56,105.525,54,105.53,5,105.535,6,105.54,55,105.545,47,105.55,69,105.555,366,105.56,1,105.535
T2412,,13:45:21.300#,105.32,105.535,105.32,107.36,103.15,3071,18621,105.515,308,105.52,76,105.525,69,105.53,18,105.535,4,105.54,15,105.545,42,105.55,50,105.555,59,105.56,303,105.535
T2412,,13:45:21.800#,105.32,105.535,105.32,107.36,103.15,3071,18621,105.515,368,105.52,76,105.525,69,105.53,18,105.535,4,105.54,15,105.545,47,105.55,50,105.555,59,105.56,363,105.535
T2412,,13:45:22.300#,105.32,105.535,105.32,107.36,103.15,3071,18621,105.515,368,105.52,75,105.525,69,105.53,19,105.535,4,105.54,15,105.545,47,105.55,50,105.555,59,105.56,363,105.535
T2412,,13:45:22.800#,105.32,105.535,105.32,107.36,103.15,3071,18621,105.515,368,105.52,75,105.525,63,105.53,19,105.535,4,105.54,6,105.545,47,105.55,50,105.555,59,105.56,363,105.535
T2412,,13:45:23.800#,105.32,105.535,105.32,107.36,103.15,3075,18625,105.51,3,105.515,368,105.52,75,105.525,63,105.53,19,105.535,6,105.54,12,105.545,50,105.55,50,105.555,59,105.535
T2412,,13:45:24.300#,105.32,105.535,105.32,107.36,103.15,3075,18625,105.51,305,105.515,61,105.52,55,105.525,43,105.53,4,105.54,32,105.545,65,105.55,70,105.555,306,105.56,1,105.535
T2412,,13:45:24.800#,105.32,105.535,105.32,107.36,103.15,3075,18625,105.51,365,105.515,56,105.52,60,105.525,48,105.53,3,105.535,7,105.54,13,105.545,60,105.55,50,105.555,54,105.535
T2412,,13:45:25.300#,105.32,105.535,105.32,107.36,103.15,3075,18625,105.51,305,105.515,61,105.52,55,105.525,43,105.53,3,105.535,7,105.54,33,105.545,65,105.55,70,105.555,306,105.535
T2412,,13:45:25.800#,105.32,105.535,105.32,107.36,103.15,3075,18625,105.51,365,105.515,60,105.52,60,105.525,42,105.53,2,105.535,7,105.54,45,105.545,55,105.55,70,105.555,366,105.535
T2412,,13:45:26.300#,105.32,105.535,105.32,107.36,103.15,3075,18625,105.51,365,105.515,60,105.52,65,105.525,37,105.53,1,105.535,7,105.54,55,105.545,50,105.55,70,105.555,366,105.535
T2412,,13:45:26.800#,105.32,105.535,105.32,107.36,103.15,3077,18625,105.505,7,105.51,365,105.515,60,105.52,70,105.525,26,105.535,13,105.54,55,105.545,45,105.55,70,105.555,366,105.525
T2412,,13:45:27.300#,105.32,105.535,105.32,107.36,103.15,3077,18625,105.505,369,105.51,53,105.515,40,105.52,70,105.525,1,105.535,13,105.54,55,105.545,50,105.55,65,105.555,366,105.525
T2412,,13:45:28.300#,105.32,105.535,105.32,107.36,103.15,3077,18625,105.505,369,105.51,53,105.515,40,105.52,70,105.525,2,105.535,13,105.54,55,105.545,50,105.55,65,105.555,366,105.525
T2412,,13:45:31.800#,105.32,105.535,105.32,107.36,103.15,3077,18625,105.505,369,105.51,53,105.515,40,105.52,70,105.525,2,105.535,14,105.54,55,105.545,49,105.55,65,105.555,366,105.525
T2412,,13:45:32.300#,105.32,105.535,105.32,107.36,103.15,3077,18625,105.505,369,105.51,53,105.515,45,105.52,50,105.525,2,105.535,21,105.54,55,105.545,43,105.55,65,105.555,366,105.525
T2412,,13:45:32.800#,105.32,105.535,105.32,107.36,103.15,3077,18625,105.505,369,105.51,53,105.515,45,105.52,50,105.525,2,105.53,3,105.535,27,105.54,55,105.545,42,105.55,65,105.525
T2412,,13:45:33.300#,105.32,105.535,105.32,107.36,103.15,3078,18625,105.505,309,105.51,58,105.515,45,105.52,45,105.525,1,105.53,4,105.535,50,105.54,55,105.545,62,105.55,317,105.525
T2412,,13:45:33.800#,105.32,105.535,105.32,107.36,103.15,3078,18625,105.505,369,105.51,58,105.515,50,105.52,40,105.525,1,105.53,4,105.535,60,105.54,45,105.545,62,105.55,377,105.525
T2412,,13:45:34.300#,105.32,105.535,105.32,107.36,103.15,3078,18625,105.505,369,105.51,58,105.515,50,105.52,40,105.525,1,105.53,4,105.535,65,105.54,40,105.545,62,105.55,377,105.525
T2412,,13:45:34.800#,105.32,105.535,105.32,107.36,103.15,3078,18625,105.5,2,105.505,369,105.51,58,105.515,50,105.52,40,105.53,4,105.535,65,105.54,40,105.545,62,105.55,377,105.525
T2412,,13:45:35.300#,105.32,105.535,105.32,107.36,103.15,3078,18625,105.5,364,105.505,57,105.51,38,105.515,50,105.52,5,105.53,3,105.535,60,105.54,50,105.545,57,105.55,377,105.525
T2412,,13:45:35.800#,105.32,105.535,105.32,107.36,103.15,3078,18625,105.5,364,105.505,57,105.51,38,105.515,55,105.52,5,105.53,3,105.535,60,105.54,50,105.545,57,105.55,377,105.525
T2412,,13:45:36.300#,105.32,105.535,105.32,107.36,103.15,3078,18625,105.5,364,105.505,57,105.51,38,105.515,55,105.52,6,105.53,3,105.535,60,105.54,50,105.545,57,105.55,377,105.525
T2412,,13:45:36.800#,105.32,105.535,105.32,107.36,103.15,3078,18625,105.5,364,105.505,57,105.51,38,105.515,55,105.52,7,105.53,3,105.535,60,105.54,50,105.545,57,105.55,377,105.525
T2412,,13:45:37.300#,105.32,105.535,105.32,107.36,103.15,3078,18625,105.505,57,105.51,38,105.515,55,105.52,6,105.525,1,105.53,3,105.535,60,105.54,50,105.545,57,105.55,377,105.525
T2412,,13:45:37.800#,105.32,105.535,105.32,107.36,103.15,3079,18625,105.5,41,105.505,280,105.51,58,105.515,55,105.52,21,105.53,4,105.535,60,105.54,40,105.545,62,105.55,317,105.525
T2412,,13:45:38.300#,105.32,105.535,105.32,107.36,103.15,3079,18625,105.5,364,105.505,57,105.51,38,105.515,55,105.52,6,105.53,4,105.535,60,105.54,50,105.545,57,105.55,377,105.525
T2412,,13:45:40.300#,105.32,105.535,105.32,107.36,103.15,3079,18625,105.5,364,105.505,57,105.51,38,105.515,50,105.52,11,105.53,4,105.535,60,105.54,50,105.545,57,105.55,377,105.525
T2412,,13:45:40.800#,105.32,105.535,105.32,107.36,103.15,3079,18625,105.5,364,105.505,57,105.51,38,105.515,55,105.52,6,105.53,4,105.535,60,105.54,50,105.545,57,105.55,377,105.525
T2412,,13:45:41.800#,105.32,105.535,105.32,107.36,103.15,3081,18627,105.5,364,105.505,57,105.51,38,105.515,55,105.52,6,105.53,2,105.535,60,105.54,50,105.545,57,105.55,377,105.53
T2412,,13:45:42.300#,105.32,105.535,105.32,107.36,103.15,3081,18627,105.5,364,105.505,57,105.51,38,105.515,55,105.52,6,105.53,3,105.535,61,105.54,50,105.545,57,105.55,377,105.53
T2412,,13:45:42.800#,105.32,105.535,105.32,107.36,103.15,3081,18627,105.5,364,105.505,57,105.51,38,105.515,55,105.52,6,105.53,3,105.535,61,105.54,50,105.545,57,105.55,378,105.53
T2412,,13:45:43.800#,105.32,105.535,105.32,107.36,103.15,3081,18627,105.5,364,105.505,57,105.51,38,105.515,55,105.52,7,105.53,3,105.535,61,105.54,50,105.545,57,105.55,378,105.53
T2412,,13:45:45.800#,105.32,105.535,105.32,107.36,103.15,3081,18627,105.5,304,105.505,57,105.51,38,105.515,48,105.52,4,105.525,7,105.53,33,105.535,55,105.54,62,105.545,314,105.53
T2412,,13:45:46.300#,105.32,105.535,105.32,107.36,103.15,3085,18629,105.495,6,105.5,364,105.505,57,105.51,38,105.515,43,105.52,3,105.525,8,105.53,54,105.535,45,105.54,57,105.52
T2412,,13:45:46.800#,105.32,105.535,105.32,107.36,103.15,3085,18629,105.495,308,105.5,52,105.505,32,105.51,48,105.515,3,105.525,23,105.53,69,105.535,60,105.54,309,105.545,7,105.52
T2412,,13:45:47.300#,105.32,105.535,105.32,107.36,103.15,3085,18629,105.495,368,105.5,57,105.505,37,105.51,48,105.515,3,105.52,7,105.525,16,105.53,43,105.535,47,105.54,52,105.52
T2412,,13:45:47.800#,105.32,105.535,105.32,107.36,103.15,3085,18629,105.495,308,105.5,52,105.505,42,105.51,43,105.515,1,105.52,7,105.525,36,105.53,53,105.535,57,105.54,314,105.52
T2412,,13:45:48.300#,105.32,105.535,105.32,107.36,103.15,3085,18629,105.495,368,105.5,57,105.505,52,105.51,38,105.515,1,105.52,8,105.525,51,105.53,53,105.535,57,105.54,369,105.52
T2412,,13:45:48.800#,105.32,105.535,105.32,107.36,103.15,3085,18629,105.495,368,105.5,57,105.505,57,105.51,28,105.515,1,105.52,8,105.525,61,105.53,43,105.535,57,105.54,369,105.52
T2412,,13:45:49.300#,105.32,105.535,105.32,107.36,103.15,3085,18629,105.495,368,105.5,57,105.505,62,105.51,28,105.515,1,105.52,8,105.525,61,105.53,43,105.535,57,105.54,369,105.52
T2412,,13:45:49.800#,105.32,105.535,105.32,107.36,103.15,3086,18630,105.495,368,105.5,57,105.505,67,105.51,23,105.515,1,105.52,7,105.525,61,105.53,43,105.535,57,105.54,369,105.52
T2412,,13:45:50.300#,105.32,105.535,105.32,107.36,103.15,3086,18630,105.495,368,105.5,57,105.505,67,105.51,18,105.515,1,105.52,7,105.525,57,105.53,43,105.535,57,105.54,369,105.52
T2412,,13:45:51.300#,105.32,105.535,105.32,107.36,103.15,3089,18633,105.495,368,105.5,57,105.505,67,105.51,18,105.515,1,105.52,4,105.525,57,105.53,43,105.535,57,105.54,369,105.52
T2412,,13:45:52.300#,105.32,105.535,105.32,107.36,103.15,3089,18633,105.495,368,105.5,57,105.505,67,105.51,18,105.515,1,105.52,5,105.525,56,105.53,42,105.535,57,105.54,369,105.52
T2412,,13:45:54.300#,105.32,105.535,105.32,107.36,103.15,3090,18633,105.49,4,105.495,368,105.5,57,105.505,67,105.51,18,105.52,6,105.525,56,105.53,42,105.535,57,105.54,369,105.515
T2412,,13:45:54.800#,105.32,105.535,105.32,107.36,103.15,3090,18633,105.49,366,105.495,56,105.5,32,105.505,58,105.51,8,105.52,5,105.525,61,105.53,47,105.535,52,105.54,369,105.515
T2412,,13:45:55.300#,105.32,105.535,105.32,107.36,103.15,3090,18633,105.49,366,105.495,56,105.5,37,105.505,58,105.51,3,105.52,5,105.525,61,105.53,47,105.535,52,105.54,369,105.515
T2412,,13:45:55.800#,105.32,105.535,105.32,107.36,103.15,3090,18633,105.49,366,105.495,56,105.5,37,105.505,58,105.51,4,105.515,1,105.52,5,105.525,61,105.53,47,105.535,52,105.515
T2412,,13:45:56.800#,105.32,105.535,105.32,107.36,103.15,3090,18633,105.49,366,105.495,61,105.5,37,105.505,48,105.51,4,105.52,22,105.525,71,105.53,62,105.535,364,105.54,7,105.515
T2412,,13:45:57.300#,105.32,105.535,105.32,107.36,103.15,3090,18633,105.49,366,105.495,56,105.5,37,105.505,58,105.51,4,105.52,2,105.525,61,105.53,47,105.535,52,105.54,369,105.515
T2412,,13:45:57.800#,105.32,105.535,105.32,107.36,103.15,3090,18633,105.49,366,105.495,56,105.5,37,105.505,58,105.51,4,105.515,1,105.52,3,105.525,61,105.53,47,105.535,52,105.515
T2412,,13:45:58.300#,105.32,105.535,105.32,107.36,103.15,3090,18633,105.49,306,105.495,56,105.5,37,105.505,48,105.51,4,105.515,1,105.52,18,105.525,71,105.53,52,105.535,280,105.515
T2412,,13:45:58.800#,105.32,105.535,105.32,107.36,103.15,3091,18633,105.495,56,105.5,32,105.505,43,105.51,9,105.515,1,105.52,18,105.525,71,105.53,57,105.535,364,105.54,7,105.515
T2412,,13:45:59.300#,105.32,105.535,105.32,107.36,103.15,3091,18633,105.495,308,105.5,57,105.505,63,105.51,24,105.515,1,105.52,3,105.525,56,105.53,42,105.535,57,105.54,309,105.515
T2412,,13:45:59.800#,105.32,105.535,105.32,107.36,103.15,3091,18633,105.495,368,105.5,57,105.505,63,105.51,24,105.515,1,105.52,4,105.525,56,105.53,42,105.535,57,105.54,369,105.515
T2412,,13:46:00.300#,105.32,105.535,105.32,107.36,103.15,3092,18632,105.49,4,105.495,368,105.5,57,105.505,68,105.51,19,105.515,1,105.52,4,105.525,56,105.53,42,105.535,57,105.515
T2412,,13:46:00.800#,105.32,105.535,105.32,107.36,103.15,3092,18632,105.49,306,105.495,61,105.5,32,105.505,53,105.51,4,105.52,24,105.525,61,105.53,62,105.535,275,105.54,46,105.515
T2412,,13:46:01.300#,105.32,105.535,105.32,107.36,103.15,3092,18632,105.49,366,105.495,56,105.5,37,105.505,58,105.51,2,105.52,9,105.525,66,105.53,52,105.535,52,105.54,354,105.515
T2412,,13:46:01.800#,105.32,105.535,105.32,107.36,103.15,3092,18632,105.49,366,105.495,56,105.5,37,105.505,58,105.51,2,105.515,4,105.52,4,105.525,61,105.53,47,105.535,52,105.515
T2412,,13:46:02.300#,105.32,105.535,105.32,107.36,103.15,3092,18632,105.49,306,105.495,61,105.5,37,105.505,48,105.51,5,105.515,4,105.52,24,105.525,66,105.53,57,105.535,275,105.515
T2412,,13:46:02.800#,105.32,105.535,105.32,107.36,103.15,3092,18632,105.49,366,105.495,61,105.5,37,105.505,48,105.51,6,105.52,24,105.525,71,105.53,62,105.535,364,105.54,7,105.515
T2412,,13:46:03.300#,105.32,105.535,105.32,107.36,103.15,3092,18632,105.49,366,105.495,56,105.5,37,105.505,58,105.51,4,105.515,3,105.52,4,105.525,61,105.53,47,105.535,52,105.515
T2412,,13:46:03.800#,105.32,105.535,105.32,107.36,103.15,3092,18632,105.49,306,105.495,61,105.5,37,105.505,48,105.51,4,105.515,4,105.52,29,105.525,56,105.53,62,105.535,275,105.515
T2412,,13:46:04.300#,105.32,105.535,105.32,107.36,103.15,3092,18632,105.49,366,105.495,61,105.5,37,105.505,53,105.51,4,105.515,4,105.52,34,105.525,66,105.53,62,105.535,364,105.515
T2412,,13:46:04.800#,105.32,105.535,105.32,107.36,103.15,3092,18632,105.49,366,105.495,61,105.5,37,105.505,53,105.51,4,105.515,3,105.52,39,105.525,61,105.53,62,105.535,364,105.515
T2412,,13:46:05.300#,105.32,105.535,105.32,107.36,103.15,3092,18632,105.49,366,105.495,61,105.5,37,105.505,53,105.51,4,105.515,4,105.52,39,105.525,61,105.53,62,105.535,364,105.515
T2412,,13:46:05.800#,105.32,105.535,105.32,107.36,103.15,3092,18632,105.49,366,105.495,61,105.5,37,105.505,53,105.51,4,105.515,5,105.52,39,105.525,61,105.53,62,105.535,364,105.515
T2412,,13:46:06.300#,105.32,105.535,105.32,107.36,103.15,3095,18633,105.49,366,105.495,61,105.5,37,105.505,53,105.51,4,105.515,1,105.52,33,105.525,66,105.53,62,105.535,364,105.515
T2412,,13:46:06.800#,105.32,105.535,105.32,107.36,103.15,3096,18634,105.495,61,105.5,37,105.505,48,105.51,9,105.515,5,105.52,28,105.525,66,105.53,62,105.535,364,105.54,7,105.515
T2412,,13:46:07.300#,105.32,105.535,105.32,107.36,103.15,3096,18634,105.495,308,105.5,57,105.505,63,105.51,24,105.515,3,105.52,1,105.525,56,105.53,42,105.535,57,105.54,309,105.515
T2412,,13:46:07.800#,105.32,105.535,105.32,107.36,103.15,3096,18634,105.495,368,105.5,57,105.505,58,105.51,29,105.515,6,105.52,1,105.525,44,105.53,42,105.535,57,105.54,369,105.515
T2412,,13:46:08.300#,105.32,105.535,105.32,107.36,103.15,3096,18634,105.495,368,105.5,57,105.505,53,105.51,39,105.515,6,105.52,1,105.525,39,105.53,57,105.535,57,105.54,369,105.515
T2412,,13:46:08.800#,105.32,105.535,105.32,107.36,103.15,3096,18634,105.495,368,105.5,57,105.505,43,105.51,49,105.515,5,105.52,1,105.525,39,105.53,57,105.535,57,105.54,369,105.515
T2412,,13:46:09.800#,105.32,105.535,105.32,107.36,103.15,3096,18634,105.495,368,105.5,57,105.505,43,105.51,49,105.515,6,105.52,1,105.525,39,105.53,57,105.535,57,105.54,369,105.515
T2412,,13:46:10.800#,105.32,105.535,105.32,107.36,103.15,3096,18634,105.495,368,105.5,57,105.505,43,105.51,49,105.515,5,105.52,1,105.525,39,105.53,57,105.535,57,105.54,369,105.515
T2412,,13:46:11.800#,105.32,105.535,105.32,107.36,103.15,3096,18634,105.495,368,105.5,57,105.505,43,105.51,49,105.515,3,105.52,2,105.525,39,105.53,57,105.535,57,105.54,369,105.515
T2412,,13:46:12.300#,105.32,105.535,105.32,107.36,103.15,3096,18634,105.495,368,105.5,57,105.505,43,105.51,49,105.515,3,105.52,1,105.525,40,105.53,57,105.535,56,105.54,369,105.515
T2412,,13:46:12.800#,105.32,105.535,105.32,107.36,103.15,3096,18634,105.495,368,105.5,57,105.505,43,105.51,49,105.515,3,105.52,1,105.525,40,105.53,52,105.535,56,105.54,369,105.515
T2412,,13:46:13.300#,105.32,105.535,105.32,107.36,103.15,3096,18634,105.495,368,105.5,57,105.505,43,105.51,49,105.515,4,105.52,1,105.525,35,105.53,57,105.535,56,105.54,369,105.515
T2412,,13:46:13.800#,105.32,105.535,105.32,107.36,103.15,3096,18634,105.495,368,105.5,57,105.505,43,105.51,49,105.515,4,105.52,1,105.525,40,105.53,57,105.535,56,105.54,369,105.515
T2412,,13:46:14.800#,105.32,105.535,105.32,107.36,103.15,3096,18634,105.495,368,105.5,57,105.505,43,105.51,49,105.515,2,105.52,3,105.525,40,105.53,52,105.535,56,105.54,369,105.515
T2412,,13:46:15.300#,105.32,105.535,105.32,107.36,103.15,3096,18634,105.495,368,105.5,57,105.505,43,105.51,49,105.515,2,105.52,2,105.525,45,105.53,52,105.535,56,105.54,369,105.515
T2412,,13:46:15.800#,105.32,105.535,105.32,107.36,103.15,3096,18634,105.495,368,105.5,57,105.505,43,105.51,49,105.515,2,105.52,2,105.525,50,105.53,47,105.535,56,105.54,369,105.515
T2412,,13:46:18.300#,105.32,105.535,105.32,107.36,103.15,3096,18634,105.495,368,105.5,57,105.505,43,105.51,49,105.515,4,105.52,2,105.525,50,105.53,47,105.535,56,105.54,369,105.515
T2412,,13:46:20.300#,105.32,105.535,105.32,107.36,103.15,3097,18634,105.495,368,105.5,57,105.505,43,105.51,49,105.515,4,105.52,1,105.525,50,105.53,47,105.535,56,105.54,369,105.52
T2412,,13:46:20.800#,105.32,105.535,105.32,107.36,103.15,3097,18634,105.495,368,105.5,57,105.505,43,105.51,49,105.515,4,105.52,1,105.525,51,105.53,47,105.535,56,105.54,369,105.52
T2412,,13:46:23.300#,105.32,105.535,105.32,107.36,103.15,3097,18634,105.495,368,105.5,57,105.505,43,105.51,49,105.515,4,105.525,45,105.53,47,105.535,56,105.54,369,105.545,7,105.52
T2412,,13:46:23.800#,105.32,105.535,105.32,107.36,103.15,3097,18634,105.495,368,105.5,52,105.505,43,105.51,54,105.515,4,105.525,5,105.53,57,105.535,36,105.54,57,105.545,369,105.52
T2412,,13:46:24.300#,105.32,105.535,105.32,107.36,103.15,3097,18634,105.495,368,105.5,52,105.505,43,105.51,49,105.515,9,105.525,2,105.53,57,105.535,41,105.54,57,105.545,369,105.52
T2412,,13:46:24.800#,105.32,105.535,105.32,107.36,103.15,3097,18634,105.5,52,105.505,43,105.51,54,105.515,4,105.52,2,105.525,2,105.53,57,105.535,41,105.54,57,105.545,369,105.52
T2412,,13:46:25.300#,105.32,105.535,105.32,107.36,103.15,3098,18634,105.5,275,105.505,58,105.51,53,105.515,24,105.52,1,105.525,4,105.53,57,105.535,31,105.54,62,105.545,309,105.52
T2412,,13:46:25.800#,105.32,105.535,105.32,107.36,103.15,3098,18634,105.5,364,105.505,63,105.51,53,105.515,29,105.52,3,105.525,3,105.53,57,105.535,31,105.54,62,105.545,369,105.52
T2412,,13:46:26.300#,105.32,105.535,105.32,107.36,103.15,3098,18634,105.5,364,105.505,63,105.51,53,105.515,34,105.52,3,105.525,3,105.53,62,105.535,31,105.54,62,105.545,369,105.52
T2412,,13:46:26.800#,105.32,105.535,105.32,107.36,103.15,3098,18634,105.5,364,105.505,63,105.51,48,105.515,39,105.52,3,105.525,3,105.53,62,105.535,31,105.54,62,105.545,369,105.52
T2412,,13:46:27.300#,105.32,105.535,105.32,107.36,103.15,3098,18634,105.5,364,105.505,63,105.51,43,105.515,44,105.52,3,105.525,3,105.53,62,105.535,31,105.54,62,105.545,369,105.52
T2412,,13:46:27.800#,105.32,105.535,105.32,107.36,103.15,3098,18634,105.5,364,105.505,63,105.51,38,105.515,49,105.52,3,105.525,3,105.53,62,105.535,31,105.54,62,105.545,369,105.52
T2412,,13:46:33.300#,105.32,105.535,105.32,107.36,103.15,3102,18632,105.495,6,105.5,364,105.505,63,105.51,43,105.515,44,105.52,5,105.525,19,105.53,52,105.535,31,105.54,62,105.52
T2412,,13:46:33.800#,105.32,105.535,105.32,107.36,103.15,3102,18632,105.495,308,105.5,57,105.505,38,105.51,43,105.515,4,105.52,1,105.525,44,105.53,52,105.535,61,105.54,309,105.52
T2412,,13:46:34.300#,105.32,105.535,105.32,107.36,103.15,3102,18632,105.495,368,105.5,57,105.505,48,105.51,43,105.515,4,105.52,1,105.525,42,105.53,52,105.535,56,105.54,369,105.52
T2412,,13:46:34.800#,105.32,105.535,105.32,107.36,103.15,3102,18632,105.495,368,105.5,57,105.505,43,105.51,48,105.515,4,105.52,1,105.525,37,105.53,62,105.535,56,105.54,369,105.52
T2412,,13:46:35.300#,105.32,105.535,105.32,107.36,103.15,3102,18632,105.495,368,105.5,57,105.505,43,105.51,48,105.515,3,105.52,3,105.525,32,105.53,57,105.535,56,105.54,369,105.52
T2412,,13:46:35.800#,105.32,105.535,105.32,107.36,103.15,3102,18632,105.495,368,105.5,57,105.505,43,105.51,48,105.515,4,105.52,2,105.525,47,105.53,52,105.535,56,105.54,369,105.52
T2412,,13:46:36.300#,105.32,105.535,105.32,107.36,103.15,3102,18632,105.495,368,105.5,57,105.505,43,105.51,48,105.515,4,105.52,1,105.525,52,105.53,47,105.535,56,105.54,369,105.52
T2412,,13:46:38.300#,105.32,105.535,105.32,107.36,103.15,3102,18632,105.495,368,105.5,57,105.505,43,105.51,48,105.515,4,105.52,2,105.525,52,105.53,47,105.535,56,105.54,369,105.52
T2412,,13:46:38.800#,105.32,105.535,105.32,107.36,103.15,3102,18632,105.495,368,105.5,57,105.505,43,105.51,48,105.515,4,105.52,3,105.525,52,105.53,47,105.535,56,105.54,369,105.52
T2412,,13:46:42.800#,105.32,105.535,105.32,107.36,103.15,3102,18632,105.495,368,105.5,57,105.505,43,105.51,48,105.515,3,105.52,3,105.525,52,105.53,47,105.535,56,105.54,369,105.52
T2412,,13:46:43.800#,105.32,105.535,105.32,107.36,103.15,3102,18632,105.495,368,105.5,57,105.505,43,105.51,48,105.515,3,105.52,3,105.525,53,105.53,47,105.535,56,105.54,369,105.52
T2412,,13:46:44.300#,105.32,105.535,105.32,107.36,103.15,3102,18632,105.495,368,105.5,57,105.505,43,105.51,48,105.515,3,105.52,3,105.525,58,105.53,42,105.535,56,105.54,369,105.52
T2412,,13:46:45.800#,105.32,105.535,105.32,107.36,103.15,3102,18632,105.495,368,105.5,57,105.505,43,105.51,48,105.515,2,105.52,3,105.525,58,105.53,42,105.535,56,105.54,369,105.52
T2412,,13:46:46.800#,105.32,105.535,105.32,107.36,103.15,3103,18631,105.495,368,105.5,57,105.505,43,105.51,48,105.515,1,105.52,3,105.525,58,105.53,42,105.535,56,105.54,369,105.515
T2412,,13:46:47.300#,105.32,105.535,105.32,107.36,103.15,3103,18631,105.495,368,105.5,57,105.505,48,105.51,43,105.515,1,105.52,3,105.525,58,105.53,42,105.535,56,105.54,369,105.515
T2412,,13:46:47.800#,105.32,105.535,105.32,107.36,103.15,3104,18632,105.495,368,105.5,57,105.505,48,105.51,43,105.515,1,105.52,3,105.525,58,105.53,42,105.535,56,105.54,369,105.515
T2412,,13:46:48.800#,105.32,105.535,105.32,107.36,103.15,3104,18632,105.49,4,105.495,368,105.5,57,105.505,48,105.51,43,105.52,3,105.525,58,105.53,42,105.535,56,105.54,369,105.515
T2412,,13:46:49.300#,105.32,105.535,105.32,107.36,103.15,3104,18632,105.49,366,105.495,56,105.5,32,105.505,53,105.51,8,105.52,3,105.525,58,105.53,47,105.535,51,105.54,369,105.515
T2412,,13:46:49.800#,105.32,105.535,105.32,107.36,103.15,3104,18632,105.495,56,105.5,37,105.505,53,105.51,8,105.515,1,105.52,3,105.525,58,105.53,47,105.535,51,105.54,369,105.515
T2412,,13:46:50.300#,105.32,105.535,105.32,107.36,103.15,3104,18632,105.495,279,105.5,57,105.505,53,105.51,23,105.515,1,105.52,4,105.525,54,105.53,42,105.535,56,105.54,309,105.515
T2412,,13:46:50.800#,105.32,105.535,105.32,107.36,103.15,3104,18632,105.49,4,105.495,368,105.5,57,105.505,63,105.51,23,105.52,4,105.525,55,105.53,42,105.535,56,105.54,369,105.515
T2412,,13:46:51.300#,105.32,105.535,105.32,107.36,103.15,3104,18632,105.49,366,105.495,56,105.5,32,105.505,58,105.51,8,105.52,3,105.525,60,105.53,47,105.535,51,105.54,369,105.515
T2412,,13:46:51.800#,105.32,105.535,105.32,107.36,103.15,3104,18632,105.495,56,105.5,37,105.505,53,105.51,8,105.515,1,105.52,3,105.525,60,105.53,47,105.535,51,105.54,369,105.515
T2412,,13:46:52.300#,105.32,105.535,105.32,107.36,103.15,3104,18632,105.495,279,105.5,57,105.505,53,105.51,23,105.515,1,105.52,4,105.525,55,105.53,42,105.535,56,105.54,309,105.515
T2412,,13:46:52.800#,105.32,105.535,105.32,107.36,103.15,3104,18632,105.49,4,105.495,368,105.5,57,105.505,63,105.51,23,105.52,4,105.525,55,105.53,42,105.535,56,105.54,369,105.515
T2412,,13:46:53.300#,105.32,105.535,105.32,107.36,103.15,3104,18632,105.49,366,105.495,56,105.5,32,105.505,58,105.51,8,105.52,2,105.525,60,105.53,47,105.535,51,105.54,369,105.515
T2412,,13:46:53.800#,105.32,105.535,105.32,107.36,103.15,3104,18632,105.495,56,105.5,37,105.505,53,105.51,8,105.515,1,105.52,1,105.525,60,105.53,47,105.535,51,105.54,369,105.515
T2412,,13:46:54.300#,105.32,105.535,105.32,107.36,103.15,3104,18632,105.495,279,105.5,57,105.505,53,105.51,23,105.515,1,105.52,5,105.525,55,105.53,42,105.535,56,105.54,309,105.515
T2412,,13:46:54.800#,105.32,105.535,105.32,107.36,103.15,3104,18632,105.495,368,105.5,57,105.505,63,105.51,23,105.515,1,105.52,5,105.525,55,105.53,42,105.535,56,105.54,369,105.515
T2412,,13:46:57.800#,105.32,105.535,105.32,107.36,103.15,3104,18632,105.495,368,105.5,57,105.505,63,105.51,23,105.515,1,105.52,4,105.525,55,105.53,42,105.535,56,105.54,369,105.515
T2412,,13:46:58.300#,105.32,105.535,105.32,107.36,103.15,3104,18632,105.495,368,105.5,57,105.505,63,105.51,23,105.515,3,105.52,3,105.525,55,105.53,42,105.535,56,105.54,369,105.515
T2412,,13:46:58.800#,105.32,105.535,105.32,107.36,103.15,3104,18632,105.495,368,105.5,57,105.505,58,105.51,28,105.515,3,105.52,1,105.525,55,105.53,42,105.535,56,105.54,369,105.515
T2412,,13:46:59.300#,105.32,105.535,105.32,107.36,103.15,3104,18632,105.5,57,105.505,58,105.51,33,105.515,3,105.52,1,105.525,50,105.53,42,105.535,56,105.54,369,105.545,7,105.515
T2412,,13:46:59.800#,105.32,105.535,105.32,107.36,103.15,3104,18632,105.5,275,105.505,68,105.51,48,105.515,18,105.52,1,105.525,10,105.53,57,105.535,31,105.54,62,105.545,309,105.515
T2412,,13:47:00.300#,105.32,105.535,105.32,107.36,103.15,3104,18632,105.495,6,105.5,364,105.505,63,105.51,63,105.515,18,105.525,10,105.53,57,105.535,31,105.54,62,105.545,369,105.515
T2412,,13:47:00.800#,105.32,105.535,105.32,107.36,103.15,3104,18632,105.495,368,105.5,52,105.505,43,105.51,53,105.515,3,105.525,9,105.53,57,105.535,41,105.54,57,105.545,369,105.515
T2412,,13:47:02.800#,105.32,105.535,105.32,107.36,103.15,3104,18632,105.495,368,105.5,52,105.505,43,105.51,53,105.515,1,105.52,5,105.525,20,105.53,52,105.535,41,105.54,57,105.515
T2412,,13:47:03.300#,105.32,105.535,105.32,107.36,103.15,3104,18632,105.495,308,105.5,52,105.505,43,105.51,48,105.515,1,105.52,1,105.525,35,105.53,62,105.535,56,105.54,314,105.515
T2412,,13:47:03.800#,105.32,105.535,105.32,107.36,103.15,3104,18632,105.495,368,105.5,52,105.505,48,105.51,48,105.515,3,105.52,2,105.525,39,105.53,62,105.535,51,105.54,374,105.515
T2412,,13:47:04.300#,105.32,105.535,105.32,107.36,103.15,3104,18632,105.495,368,105.5,52,105.505,38,105.51,48,105.515,2,105.52,5,105.525,39,105.53,52,105.535,51,105.54,369,105.515
T2412,,13:47:04.800#,105.32,105.535,105.32,107.36,103.15,3104,18632,105.495,368,105.5,52,105.505,38,105.51,48,105.515,1,105.52,5,105.525,44,105.53,52,105.535,51,105.54,369,105.515
T2412,,13:47:05.300#,105.32,105.535,105.32,107.36,103.15,3104,18632,105.495,368,105.5,57,105.505,48,105.51,43,105.515,1,105.52,5,105.525,54,105.53,47,105.535,56,105.54,369,105.515
T2412,,13:47:05.800#,105.32,105.535,105.32,107.36,103.15,3104,18632,105.495,368,105.5,57,105.505,48,105.51,43,105.515,1,105.52,5,105.525,59,105.53,42,105.535,56,105.54,369,105.515
T2412,,13:47:07.300#,105.32,105.535,105.32,107.36,103.15,3104,18632,105.495,368,105.5,57,105.505,48,105.51,43,105.515,2,105.52,5,105.525,54,105.53,42,105.535,56,105.54,369,105.515
T2412,,13:47:07.800#,105.32,105.535,105.32,107.36,103.15,3104,18632,105.495,368,105.5,57,105.505,43,105.51,48,105.515,2,105.52,5,105.525,54,105.53,42,105.535,56,105.54,369,105.515
T2412,,13:47:08.300#,105.32,105.535,105.32,107.36,103.15,3104,18632,105.495,368,105.5,57,105.505,43,105.51,48,105.515,2,105.52,5,105.525,54,105.53,47,105.535,56,105.54,369,105.515
T2412,,13:47:09.800#,105.32,105.535,105.32,107.36,103.15,3104,18632,105.495,368,105.5,57,105.505,43,105.51,48,105.515,3,105.52,4,105.525,54,105.53,47,105.535,56,105.54,369,105.515
T2412,,13:47:10.300#,105.32,105.535,105.32,107.36,103.15,3104,18632,105.495,368,105.5,57,105.505,43,105.51,48,105.515,3,105.52,1,105.525,54,105.53,47,105.535,56,105.54,369,105.515
T2412,,13:47:10.800#,105.32,105.535,105.32,107.36,103.15,3104,18632,105.495,368,105.5,57,105.505,43,105.51,48,105.515,3,105.52,1,105.525,49,105.53,52,105.535,56,105.54,369,105.515
T2412,,13:47:17.300#,105.32,105.535,105.32,107.36,103.15,3104,18632,105.495,368,105.5,57,105.505,43,105.51,48,105.515,3,105.52,4,105.525,49,105.53,52,105.535,56,105.54,369,105.515
T2412,,13:47:17.800#,105.32,105.535,105.32,107.36,103.15,3104,18632,105.495,368,105.5,57,105.505,43,105.51,48,105.515,1,105.52,4,105.525,49,105.53,52,105.535,56,105.54,369,105.515
T2412,,13:47:18.300#,105.32,105.535,105.32,107.36,103.15,3104,18632,105.495,368,105.5,57,105.505,48,105.51,43,105.515,1,105.52,4,105.525,50,105.53,52,105.535,56,105.54,369,105.515
T2412,,13:47:18.800#,105.32,105.535,105.32,107.36,103.15,3104,18632,105.495,368,105.5,57,105.505,48,105.51,43,105.515,1,105.52,4,105.525,50,105.53,47,105.535,56,105.54,369,105.515
T2412,,13:47:19.300#,105.32,105.535,105.32,107.36,103.15,3104,18632,105.495,368,105.5,57,105.505,48,105.51,43,105.515,1,105.52,4,105.525,55,105.53,47,105.535,56,105.54,369,105.515
T2412,,13:47:19.800#,105.32,105.535,105.32,107.36,103.15,3104,18632,105.495,368,105.5,57,105.505,48,105.51,43,105.515,1,105.52,4,105.525,60,105.53,42,105.535,56,105.54,369,105.515
T2412,,13:47:20.800#,105.32,105.535,105.32,107.36,103.15,3104,18632,105.495,368,105.5,57,105.505,48,105.51,43,105.515,2,105.52,4,105.525,55,105.53,42,105.535,56,105.54,369,105.515
T2412,,13:47:21.300#,105.32,105.535,105.32,107.36,103.15,3104,18632,105.495,368,105.5,57,105.505,43,105.51,48,105.515,2,105.52,4,105.525,55,105.53,47,105.535,56,105.54,369,105.515
T2412,,13:47:23.300#,105.32,105.535,105.32,107.36,103.15,3104,18632,105.495,368,105.5,57,105.505,43,105.51,48,105.515,1,105.52,4,105.525,55,105.53,42,105.535,56,105.54,369,105.515
T2412,,13:47:23.800#,105.32,105.535,105.32,107.36,103.15,3104,18632,105.495,368,105.5,57,105.505,48,105.51,43,105.515,1,105.52,4,105.525,60,105.53,42,105.535,56,105.54,369,105.515
T2412,,13:47:24.800#,105.32,105.535,105.32,107.36,103.15,3104,18632,105.495,368,105.5,57,105.505,48,105.51,43,105.515,3,105.52,4,105.525,55,105.53,42,105.535,56,105.54,369,105.515
T2412,,13:47:25.300#,105.32,105.535,105.32,107.36,103.15,3104,18632,105.495,368,105.5,57,105.505,43,105.51,48,105.515,3,105.52,3,105.525,55,105.53,47,105.535,56,105.54,369,105.515
T2412,,13:47:26.300#,105.32,105.535,105.32,107.36,103.15,3104,18632,105.495,368,105.5,57,105.505,43,105.51,48,105.515,2,105.52,4,105.525,55,105.53,47,105.535,56,105.54,369,105.515
T2412,,13:47:26.800#,105.32,105.535,105.32,107.36,103.15,3104,18632,105.495,368,105.5,57,105.505,43,105.51,48,105.515,1,105.52,5,105.525,55,105.53,42,105.535,56,105.54,369,105.515
T2412,,13:47:27.300#,105.32,105.535,105.32,107.36,103.15,3104,18632,105.495,368,105.5,57,105.505,48,105.51,43,105.515,1,105.52,5,105.525,50,105.53,47,105.535,56,105.54,369,105.515
T2412,,13:47:27.800#,105.32,105.535,105.32,107.36,103.15,3104,18632,105.495,368,105.5,57,105.505,48,105.51,43,105.515,1,105.52,5,105.525,50,105.53,52,105.535,56,105.54,369,105.515
T2412,,13:47:28.800#,105.32,105.535,105.32,107.36,103.15,3104,18632,105.495,368,105.5,57,105.505,48,105.51,43,105.515,1,105.52,5,105.525,50,105.53,47,105.535,56,105.54,369,105.515
T2412,,13:47:29.300#,105.32,105.535,105.32,107.36,103.15,3104,18632,105.495,368,105.5,57,105.505,48,105.51,43,105.515,1,105.52,5,105.525,50,105.53,52,105.535,56,105.54,369,105.515
T2412,,13:47:31.800#,105.32,105.535,105.32,107.36,103.15,3104,18632,105.495,368,105.5,57,105.505,48,105.51,43,105.515,1,105.52,5,105.525,50,105.53,47,105.535,56,105.54,369,105.515
T2412,,13:47:32.300#,105.32,105.535,105.32,107.36,103.15,3104,18632,105.495,368,105.5,57,105.505,53,105.51,38,105.515,1,105.52,5,105.525,55,105.53,47,105.535,56,105.54,369,105.515
T2412,,13:47:32.800#,105.32,105.535,105.32,107.36,103.15,3104,18632,105.495,368,105.5,57,105.505,58,105.51,28,105.515,1,105.52,5,105.525,60,105.53,42,105.535,56,105.54,369,105.515
T2412,,13:47:33.800#,105.32,105.535,105.32,107.36,103.15,3104,18632,105.495,368,105.5,57,105.505,68,105.51,18,105.515,1,105.52,5,105.525,55,105.53,42,105.535,56,105.54,369,105.515
T2412,,13:47:43.300#,105.32,105.535,105.32,107.36,103.15,3104,18632,105.495,368,105.5,57,105.505,63,105.51,23,105.515,1,105.52,5,105.525,55,105.53,42,105.535,56,105.54,369,105.515
T2412,,13:47:44.300#,105.32,105.535,105.32,107.36,103.15,3104,18632,105.495,368,105.5,57,105.505,63,105.51,23,105.515,2,105.52,5,105.525,55,105.53,42,105.535,56,105.54,369,105.515
T2412,,13:47:44.800#,105.32,105.535,105.32,107.36,103.15,3104,18632,105.495,368,105.5,57,105.505,58,105.51,28,105.515,2,105.52,5,105.525,55,105.53,42,105.535,56,105.54,369,105.515
T2412,,13:47:45.300#,105.32,105.535,105.32,107.36,103.15,3104,18632,105.495,368,105.5,57,105.505,58,105.51,33,105.515,3,105.52,4,105.525,60,105.53,42,105.535,56,105.54,369,105.515
T2412,,13:47:45.800#,105.32,105.535,105.32,107.36,103.15,3104,18632,105.495,368,105.5,57,105.505,53,105.51,38,105.515,3,105.52,2,105.525,60,105.53,42,105.535,56,105.54,369,105.515
T2412,,13:47:46.300#,105.32,105.535,105.32,107.36,103.15,3104,18632,105.495,368,105.5,57,105.505,48,105.51,43,105.515,3,105.52,1,105.525,50,105.53,42,105.535,56,105.54,369,105.515
T2412,,13:47:46.800#,105.32,105.535,105.32,107.36,103.15,3104,18632,105.495,368,105.5,57,105.505,43,105.51,48,105.515,3,105.52,1,105.525,50,105.53,52,105.535,56,105.54,369,105.515
T2412,,13:47:50.300#,105.32,105.535,105.32,107.36,103.15,3104,18632,105.495,368,105.5,57,105.505,43,105.51,48,105.515,4,105.52,1,105.525,50,105.53,52,105.535,56,105.54,369,105.515
T2412,,13:47:50.800#,105.32,105.535,105.32,107.36,103.15,3105,18631,105.495,368,105.5,57,105.505,43,105.51,48,105.515,4,105.525,45,105.53,57,105.535,56,105.54,369,105.545,7,105.52
T2412,,13:47:51.300#,105.32,105.535,105.32,107.36,103.15,3105,18631,105.495,368,105.5,52,105.505,43,105.51,53,105.515,4,105.525,15,105.53,52,105.535,36,105.54,57,105.545,369,105.52
T2412,,13:47:51.800#,105.32,105.535,105.32,107.36,103.15,3105,18631,105.495,368,105.5,52,105.505,43,105.51,53,105.515,4,105.525,15,105.53,52,105.535,41,105.54,57,105.545,369,105.52
T2412,,13:47:53.800#,105.32,105.535,105.32,107.36,103.15,3105,18631,105.495,368,105.5,52,105.505,43,105.51,53,105.515,4,105.525,9,105.53,57,105.535,41,105.54,57,105.545,369,105.52
T2412,,13:47:54.300#,105.32,105.535,105.32,107.36,103.15,3105,18631,105.495,368,105.5,52,105.505,43,105.51,53,105.515,4,105.525,7,105.53,57,105.535,41,105.54,57,105.545,369,105.52
T2412,,13:47:57.800#,105.32,105.535,105.32,107.36,103.15,3105,18631,105.495,368,105.5,52,105.505,43,105.51,53,105.515,4,105.525,8,105.53,57,105.535,41,105.54,57,105.545,369,105.52
T2412,,13:47:58.800#,105.32,105.535,105.32,107.36,103.15,3105,18631,105.495,368,105.5,52,105.505,43,105.51,53,105.515,4,105.525,13,105.53,52,105.535,41,105.54,57,105.545,369,105.52
T2412,,13:47:59.800#,105.32,105.535,105.32,107.36,103.15,3105,18631,105.495,368,105.5,52,105.505,43,105.51,53,105.515,4,105.525,8,105.53,57,105.535,41,105.54,57,105.545,369,105.52
T2412,,13:48:00.300#,105.32,105.535,105.32,107.36,103.15,3105,18631,105.495,368,105.5,52,105.505,43,105.51,53,105.515,4,105.525,13,105.53,52,105.535,41,105.54,57,105.545,369,105.52
T2412,,13:48:02.300#,105.32,105.535,105.32,107.36,103.15,3105,18631,105.495,368,105.5,52,105.505,43,105.51,53,105.515,4,105.525,8,105.53,57,105.535,41,105.54,57,105.545,369,105.52
T2412,,13:48:03.800#,105.32,105.535,105.32,107.36,103.15,3105,18631,105.495,368,105.5,52,105.505,43,105.51,53,105.515,4,105.525,6,105.53,57,105.535,41,105.54,57,105.545,369,105.52
T2412,,13:48:04.300#,105.32,105.535,105.32,107.36,103.15,3105,18631,105.495,368,105.5,52,105.505,43,105.51,53,105.515,4,105.525,7,105.53,57,105.535,41,105.54,57,105.545,369,105.52
T2412,,13:48:05.800#,105.32,105.535,105.32,107.36,103.15,3105,18631,105.495,368,105.5,52,105.505,43,105.51,53,105.515,4,105.525,6,105.53,57,105.535,41,105.54,57,105.545,369,105.52
T2412,,13:48:06.300#,105.32,105.535,105.32,107.36,103.15,3105,18631,105.495,368,105.5,52,105.505,43,105.51,53,105.515,4,105.525,7,105.53,57,105.535,41,105.54,57,105.545,369,105.52
T2412,,13:48:08.300#,105.32,105.535,105.32,107.36,103.15,3105,18631,105.495,368,105.5,52,105.505,43,105.51,53,105.515,4,105.525,6,105.53,57,105.535,41,105.54,57,105.545,369,105.52
T2412,,13:48:08.800#,105.32,105.535,105.32,107.36,103.15,3105,18631,105.495,368,105.5,52,105.505,43,105.51,48,105.515,9,105.525,6,105.53,57,105.535,41,105.54,57,105.545,369,105.52
T2412,,13:48:09.300#,105.32,105.535,105.32,107.36,103.15,3105,18631,105.495,368,105.5,52,105.505,43,105.51,48,105.515,9,105.525,4,105.53,57,105.535,41,105.54,57,105.545,369,105.52
T2412,,13:48:09.800#,105.32,105.535,105.32,107.36,103.15,3105,18631,105.495,368,105.5,52,105.505,43,105.51,48,105.515,9,105.525,2,105.53,57,105.535,41,105.54,57,105.545,369,105.52
T2412,,13:48:14.300#,105.32,105.535,105.32,107.36,103.15,3105,18631,105.5,52,105.505,43,105.51,63,105.515,16,105.52,10,105.525,1,105.53,52,105.535,41,105.54,57,105.545,369,105.52
T2412,,13:48:14.800#,105.32,105.535,105.32,107.36,103.15,3106,18631,105.5,304,105.505,64,105.51,68,105.515,36,105.52,10,105.53,42,105.535,46,105.54,62,105.545,309,105.55,16,105.525
T2412,,13:48:15.300#,105.32,105.535,105.32,107.36,103.15,3106,18631,105.5,364,105.505,59,105.51,53,105.515,61,105.52,10,105.53,7,105.535,51,105.54,42,105.545,57,105.55,378,105.525
T2412,,13:48:15.800#,105.32,105.535,105.32,107.36,103.15,3106,18631,105.5,364,105.505,59,105.51,53,105.515,61,105.52,10,105.53,7,105.535,51,105.54,47,105.545,57,105.55,378,105.525
T2412,,13:48:16.800#,105.32,105.535,105.32,107.36,103.15,3106,18631,105.5,364,105.505,58,105.51,53,105.515,61,105.52,10,105.525,8,105.53,12,105.535,46,105.54,47,105.545,57,105.525
T2412,,13:48:17.300#,105.32,105.535,105.32,107.36,103.15,3106,18631,105.5,304,105.505,63,105.51,53,105.515,51,105.52,10,105.525,4,105.53,32,105.535,51,105.54,67,105.545,309,105.525
T2412,,13:48:17.800#,105.32,105.535,105.32,107.36,103.15,3106,18631,105.5,364,105.505,63,105.51,53,105.515,56,105.52,10,105.525,4,105.53,42,105.535,51,105.54,62,105.545,369,105.525
T2412,,13:48:18.300#,105.32,105.535,105.32,107.36,103.15,3106,18631,105.5,364,105.505,63,105.51,53,105.515,56,105.52,10,105.525,4,105.53,47,105.535,46,105.54,62,105.545,369,105.525
T2412,,13:48:19.300#,105.32,105.535,105.32,107.36,103.15,3107,18630,105.5,364,105.505,63,105.51,53,105.515,56,105.52,7,105.53,47,105.535,46,105.54,62,105.545,369,105.55,16,105.525
T2412,,13:48:19.800#,105.32,105.535,105.32,107.36,103.15,3107,18630,105.5,364,105.505,58,105.51,53,105.515,61,105.52,7,105.53,12,105.535,41,105.54,47,105.545,57,105.55,378,105.525
T2412,,13:48:20.300#,105.32,105.535,105.32,107.36,103.15,3107,18630,105.5,364,105.505,58,105.51,53,105.515,61,105.52,7,105.53,12,105.535,41,105.54,52,105.545,57,105.55,378,105.525
T2412,,13:48:22.800#,105.32,105.535,105.32,107.36,103.15,3107,18630,105.5,364,105.505,58,105.51,53,105.515,61,105.52,7,105.53,7,105.535,46,105.54,52,105.545,57,105.55,378,105.525
T2412,,13:48:23.300#,105.32,105.535,105.32,107.36,103.15,3107,18630,105.5,364,105.505,58,105.51,53,105.515,61,105.52,7,105.53,5,105.535,46,105.54,52,105.545,57,105.55,378,105.525
T2412,,13:48:23.800#,105.32,105.535,105.32,107.36,103.15,3107,18630,105.5,364,105.505,58,105.51,53,105.515,61,105.52,7,105.53,5,105.535,47,105.54,52,105.545,57,105.55,378,105.525
T2412,,13:48:24.300#,105.32,105.535,105.32,107.36,103.15,3107,18630,105.5,364,105.505,58,105.51,53,105.515,62,105.52,7,105.53,5,105.535,47,105.54,52,105.545,57,105.55,378,105.525
T2412,,13:48:28.300#,105.32,105.535,105.32,107.36,103.15,3107,18630,105.5,364,105.505,58,105.51,53,105.515,62,105.52,7,105.53,4,105.535,47,105.54,52,105.545,57,105.55,378,105.525
T2412,,13:48:28.800#,105.32,105.535,105.32,107.36,103.15,3107,18630,105.505,58,105.51,53,105.515,62,105.52,7,105.525,1,105.53,4,105.535,47,105.54,52,105.545,57,105.55,378,105.525
T2412,,13:48:29.300#,105.32,105.535,105.32,107.36,103.15,3107,18630,105.505,281,105.51,73,105.515,62,105.52,17,105.525,2,105.53,2,105.535,49,105.54,42,105.545,62,105.55,318,105.525
T2412,,13:48:29.800#,105.32,105.535,105.32,107.36,103.15,3107,18630,105.505,370,105.51,73,105.515,72,105.52,17,105.525,4,105.53,2,105.535,49,105.54,42,105.545,62,105.55,378,105.525
T2412,,13:48:30.800#,105.32,105.535,105.32,107.36,103.15,3107,18630,105.505,370,105.51,73,105.515,67,105.52,22,105.525,4,105.53,2,105.535,49,105.54,42,105.545,62,105.55,378,105.525
T2412,,13:48:31.300#,105.32,105.535,105.32,107.36,103.15,3107,18630,105.505,370,105.51,73,105.515,62,105.52,27,105.525,4,105.53,2,105.535,49,105.54,42,105.545,62,105.55,378,105.525
T2412,,13:48:31.800#,105.32,105.535,105.32,107.36,103.15,3107,18630,105.505,370,105.51,73,105.515,62,105.52,32,105.525,4,105.53,2,105.535,54,105.54,42,105.545,62,105.55,378,105.525
T2412,,13:48:32.300#,105.32,105.535,105.32,107.36,103.15,3107,18630,105.505,370,105.51,73,105.515,56,105.52,38,105.525,4,105.53,2,105.535,59,105.54,37,105.545,62,105.55,378,105.525
T2412,,13:48:32.800#,105.32,105.535,105.32,107.36,103.15,3107,18630,105.505,370,105.51,73,105.515,51,105.52,43,105.525,4,105.53,3,105.535,59,105.54,37,105.545,62,105.55,378,105.525
T2412,,13:48:33.300#,105.32,105.535,105.32,107.36,103.15,3107,18630,105.505,370,105.51,73,105.515,46,105.52,48,105.525,4,105.53,3,105.535,59,105.54,37,105.545,62,105.55,378,105.525
T2412,,13:48:38.300#,105.32,105.535,105.32,107.36,103.15,3107,18630,105.505,370,105.51,73,105.515,46,105.52,48,105.525,4,105.53,2,105.535,59,105.54,37,105.545,62,105.55,378,105.525
T2412,,13:48:40.300#,105.32,105.535,105.32,107.36,103.15,3109,18630,105.51,73,105.515,40,105.52,49,105.525,4,105.53,1,105.535,48,105.54,42,105.545,62,105.55,378,105.555,4,105.53
T2412,,13:48:40.800#,105.32,105.535,105.32,107.36,103.15,3109,18630,105.51,291,105.515,55,105.52,54,105.525,24,105.53,2,105.535,1,105.54,47,105.545,42,105.55,71,105.555,306,105.53
T2412,,13:48:41.300#,105.32,105.535,105.32,107.36,103.15,3109,18630,105.51,380,105.515,60,105.52,54,105.525,29,105.53,2,105.535,5,105.54,45,105.545,52,105.55,71,105.555,366,105.53
T2412,,13:48:41.800#,105.32,105.535,105.32,107.36,103.15,3109,18630,105.51,380,105.515,60,105.52,54,105.525,34,105.53,2,105.535,5,105.54,55,105.545,47,105.55,71,105.555,366,105.53
T2412,,13:48:42.300#,105.32,105.535,105.32,107.36,103.15,3109,18630,105.51,380,105.515,60,105.52,49,105.525,39,105.53,2,105.535,5,105.54,60,105.545,42,105.55,71,105.555,366,105.53
T2412,,13:48:42.800#,105.32,105.535,105.32,107.36,103.15,3109,18630,105.51,380,105.515,60,105.52,44,105.525,44,105.53,2,105.535,5,105.54,60,105.545,42,105.55,71,105.555,366,105.53
T2412,,13:48:43.300#,105.32,105.535,105.32,107.36,103.15,3109,18630,105.51,380,105.515,60,105.52,39,105.525,49,105.53,3,105.535,5,105.54,60,105.545,42,105.55,71,105.555,366,105.53
T2412,,13:48:43.800#,105.32,105.535,105.32,107.36,103.15,3109,18630,105.51,380,105.515,60,105.52,39,105.525,49,105.53,4,105.535,4,105.54,60,105.545,42,105.55,71,105.555,366,105.53
T2412,,13:48:44.300#,105.32,105.535,105.32,107.36,103.15,3109,18630,105.51,380,105.515,60,105.52,39,105.525,49,105.53,4,105.535,1,105.54,60,105.545,42,105.55,71,105.555,366,105.53
T2412,,13:48:44.800#,105.32,105.535,105.32,107.36,103.15,3109,18630,105.51,380,105.515,60,105.52,39,105.525,49,105.53,4,105.535,1,105.54,55,105.545,47,105.55,71,105.555,366,105.53
T2412,,13:48:45.300#,105.32,105.535,105.32,107.36,103.15,3109,18630,105.51,380,105.515,60,105.52,39,105.525,49,105.53,4,105.535,1,105.54,50,105.545,52,105.55,71,105.555,366,105.53
T2412,,13:48:45.800#,105.32,105.535,105.32,107.36,103.15,3109,18630,105.51,380,105.515,60,105.52,39,105.525,49,105.53,4,105.535,2,105.54,55,105.545,47,105.55,71,105.555,366,105.53
T2412,,13:48:46.300#,105.32,105.535,105.32,107.36,103.15,3109,18630,105.51,380,105.515,60,105.52,39,105.525,49,105.53,3,105.535,3,105.54,55,105.545,47,105.55,71,105.555,366,105.53
T2412,,13:48:46.800#,105.32,105.535,105.32,107.36,103.15,3109,18630,105.51,380,105.515,60,105.52,39,105.525,49,105.53,1,105.535,5,105.54,55,105.545,47,105.55,71,105.555,366,105.53
T2412,,13:48:47.300#,105.32,105.535,105.32,107.36,103.15,3109,18630,105.51,380,105.515,60,105.52,39,105.525,49,105.53,1,105.535,5,105.54,60,105.545,42,105.55,71,105.555,366,105.53
T2412,,13:48:51.800#,105.32,105.535,105.32,107.36,103.15,3110,18630,105.505,8,105.51,380,105.515,60,105.52,44,105.525,44,105.535,5,105.54,60,105.545,42,105.55,71,105.555,366,105.53
T2412,,13:48:52.300#,105.32,105.535,105.32,107.36,103.15,3110,18630,105.505,370,105.51,68,105.515,35,105.52,54,105.525,4,105.535,5,105.54,60,105.545,47,105.55,66,105.555,366,105.53
T2412,,13:48:52.800#,105.32,105.535,105.32,107.36,103.15,3110,18630,105.505,370,105.51,68,105.515,40,105.52,54,105.525,4,105.535,12,105.54,55,105.545,47,105.55,66,105.555,366,105.53
T2412,,13:48:53.300#,105.32,105.535,105.32,107.36,103.15,3110,18630,105.505,370,105.51,68,105.515,40,105.52,54,105.525,4,105.535,5,105.54,60,105.545,42,105.55,66,105.555,366,105.53
T2412,,13:48:53.800#,105.32,105.535,105.32,107.36,103.15,3110,18630,105.505,370,105.51,68,105.515,40,105.52,54,105.525,4,105.535,5,105.54,60,105.545,47,105.55,66,105.555,366,105.53
T2412,,13:48:55.300#,105.32,105.535,105.32,107.36,103.15,3110,18630,105.505,370,105.51,68,105.515,40,105.52,54,105.525,4,105.535,11,105.54,55,105.545,47,105.55,66,105.555,366,105.53
T2412,,13:48:55.800#,105.32,105.535,105.32,107.36,103.15,3110,18630,105.505,370,105.51,68,105.515,40,105.52,54,105.525,4,105.535,21,105.54,55,105.545,42,105.55,66,105.555,366,105.53
T2412,,13:48:57.800#,105.32,105.535,105.32,107.36,103.15,3110,18630,105.505,370,105.51,68,105.515,40,105.52,54,105.525,4,105.535,5,105.54,60,105.545,42,105.55,66,105.555,366,105.53
T2412,,13:48:58.300#,105.32,105.535,105.32,107.36,103.15,3110,18630,105.505,370,105.51,68,105.515,40,105.52,54,105.525,4,105.535,5,105.54,60,105.545,47,105.55,66,105.555,366,105.53
T2412,,13:48:58.800#,105.32,105.535,105.32,107.36,103.15,3110,18630,105.51,68,105.515,40,105.52,54,105.525,4,105.53,1,105.535,5,105.54,60,105.545,47,105.55,66,105.555,366,105.53
T2412,,13:48:59.300#,105.32,105.535,105.32,107.36,103.15,3110,18630,105.505,47,105.51,291,105.515,60,105.52,54,105.525,19,105.535,5,105.54,55,105.545,42,105.55,71,105.555,306,105.53
T2412,,13:48:59.800#,105.32,105.535,105.32,107.36,103.15,3110,18630,105.505,370,105.51,68,105.515,40,105.52,54,105.525,4,105.535,5,105.54,60,105.545,47,105.55,66,105.555,366,105.53
T2412,,13:49:00.800#,105.32,105.535,105.32,107.36,103.15,3110,18630,105.505,370,105.51,68,105.515,40,105.52,53,105.525,4,105.535,5,105.54,60,105.545,47,105.55,66,105.555,366,105.53
T2412,,13:49:04.800#,105.32,105.535,105.32,107.36,103.15,3110,18630,105.505,370,105.51,68,105.515,40,105.52,48,105.525,9,105.535,5,105.54,60,105.545,47,105.55,66,105.555,366,105.53
T2412,,13:49:06.300#,105.32,105.535,105.32,107.36,103.15,3110,18630,105.505,370,105.51,68,105.515,40,105.52,53,105.525,4,105.535,5,105.54,60,105.545,47,105.55,66,105.555,366,105.53
T2412,,13:49:11.300#,105.32,105.535,105.32,107.36,103.15,3110,18630,105.505,370,105.51,68,105.515,40,105.52,53,105.525,4,105.53,1,105.535,5,105.54,60,105.545,47,105.55,66,105.53
T2412,,13:49:11.800#,105.32,105.535,105.32,107.36,103.15,3110,18630,105.505,310,105.51,73,105.515,40,105.52,43,105.525,4,105.53,1,105.535,25,105.54,60,105.545,62,105.55,289,105.53
T2412,,13:49:12.300#,105.32,105.535,105.32,107.36,103.15,3110,18630,105.505,370,105.51,73,105.515,45,105.52,43,105.525,4,105.53,1,105.535,30,105.54,70,105.545,62,105.55,378,105.53
T2412,,13:49:12.800#,105.32,105.535,105.32,107.36,103.15,3110,18630,105.505,370,105.51,73,105.515,40,105.52,48,105.525,4,105.53,1,105.535,30,105.54,70,105.545,62,105.55,378,105.53
T2412,,13:49:23.800#,105.32,105.535,105.32,107.36,103.15,3110,18630,105.505,370,105.51,73,105.515,40,105.52,48,105.525,4,105.53,2,105.535,30,105.54,70,105.545,62,105.55,378,105.53
T2412,,13:49:24.300#,105.32,105.535,105.32,107.36,103.15,3110,18630,105.505,370,105.51,73,105.515,40,105.52,48,105.525,4,105.53,2,105.535,35,105.54,65,105.545,62,105.55,378,105.53
T2412,,13:49:24.800#,105.32,105.535,105.32,107.36,103.15,3110,18630,105.505,370,105.51,73,105.515,40,105.52,48,105.525,4,105.53,2,105.535,40,105.54,60,105.545,62,105.55,378,105.53
T2412,,13:49:28.300#,105.32,105.535,105.32,107.36,103.15,3111,18629,105.505,370,105.51,73,105.515,40,105.52,48,105.525,3,105.535,40,105.54,60,105.545,62,105.55,378,105.555,4,105.525
T2412,,13:49:28.800#,105.32,105.535,105.32,107.36,103.15,3111,18629,105.505,370,105.51,68,105.515,40,105.52,53,105.525,3,105.535,10,105.54,55,105.545,42,105.55,66,105.555,366,105.525
T2412,,13:49:29.300#,105.32,105.535,105.32,107.36,103.15,3111,18629,105.505,370,105.51,68,105.515,40,105.52,53,105.525,4,105.535,10,105.54,55,105.545,47,105.55,66,105.555,366,105.525
T2412,,13:49:29.800#,105.32,105.535,105.32,107.36,103.15,3111,18629,105.51,68,105.515,40,105.52,53,105.525,4,105.53,1,105.535,4,105.54,60,105.545,47,105.55,66,105.555,366,105.525
