InstrumentId,ExchangeId,Datetime,OpenPrice,HighestPrice,LowestPrice,UpperLimitPrice,LowerLimitPrice,Volume,OpenInterest,BidPrice5,BidVolume5,BidPrice4,BidVolume4,BidPrice3,BidVolume3,BidPrice2,BidVolume2,BidPrice1,BidVolume1,AskPrice1,AskVolume1,AskPrice2,AskVolume2,AskPrice3,AskVolume3,AskPrice4,AskVolume4,AskPrice5,AskVolume5,LastPrice
TA409,,13:38:35.500#,5846.0,5860.0,5808.0,6196.0,5492.0,401153,831968,5828.0,313,5830.0,1194,5832.0,836,5834.0,459,5836.0,960,5838.0,417,5840.0,1076,5842.0,628,5844.0,350,5846.0,1141,5836.0
TA409,,13:38:35.750#,5846.0,5860.0,5808.0,6196.0,5492.0,401154,831969,5828.0,313,5830.0,1194,5832.0,836,5834.0,459,5836.0,959,5838.0,417,5840.0,1076,5842.0,628,5844.0,350,5846.0,1141,5836.0
TA409,,13:38:36.0#,5846.0,5860.0,5808.0,6196.0,5492.0,401160,831975,5828.0,313,5830.0,1194,5832.0,836,5834.0,459,5836.0,954,5838.0,417,5840.0,1076,5842.0,628,5844.0,350,5846.0,1141,5836.0
TA409,,13:38:36.250#,5846.0,5860.0,5808.0,6196.0,5492.0,401160,831975,5828.0,313,5830.0,1194,5832.0,836,5834.0,459,5836.0,794,5838.0,417,5840.0,1076,5842.0,628,5844.0,350,5846.0,1141,5836.0
TA409,,13:38:36.500#,5846.0,5860.0,5808.0,6196.0,5492.0,401160,831975,5828.0,313,5830.0,1194,5832.0,836,5834.0,459,5836.0,794,5838.0,402,5840.0,1076,5842.0,628,5844.0,350,5846.0,1141,5836.0
TA409,,13:38:37.0#,5846.0,5860.0,5808.0,6196.0,5492.0,401161,831975,5828.0,313,5830.0,1194,5832.0,836,5834.0,459,5836.0,792,5838.0,403,5840.0,1076,5842.0,628,5844.0,350,5846.0,1141,5836.0
TA409,,13:38:37.250#,5846.0,5860.0,5808.0,6196.0,5492.0,401162,831975,5828.0,313,5830.0,1194,5832.0,836,5834.0,459,5836.0,792,5838.0,407,5840.0,1076,5842.0,628,5844.0,350,5846.0,1141,5838.0
TA409,,13:38:38.0#,5846.0,5860.0,5808.0,6196.0,5492.0,401162,831975,5828.0,313,5830.0,1194,5832.0,836,5834.0,459,5836.0,792,5838.0,408,5840.0,1076,5842.0,628,5844.0,350,5846.0,1141,5838.0
TA409,,13:38:38.750#,5846.0,5860.0,5808.0,6196.0,5492.0,401166,831975,5828.0,313,5830.0,1194,5832.0,836,5834.0,459,5836.0,792,5838.0,404,5840.0,1076,5842.0,628,5844.0,350,5846.0,1141,5838.0
TA409,,13:38:39.0#,5846.0,5860.0,5808.0,6196.0,5492.0,401169,831972,5828.0,313,5830.0,1194,5832.0,836,5834.0,459,5836.0,792,5838.0,401,5840.0,1076,5842.0,628,5844.0,350,5846.0,1141,5838.0
TA409,,13:38:39.500#,5846.0,5860.0,5808.0,6196.0,5492.0,401169,831972,5828.0,313,5830.0,1194,5832.0,836,5834.0,459,5836.0,792,5838.0,402,5840.0,1076,5842.0,628,5844.0,350,5846.0,1141,5838.0
TA409,,13:38:40.500#,5846.0,5860.0,5808.0,6196.0,5492.0,401170,831972,5828.0,313,5830.0,1194,5832.0,836,5834.0,459,5836.0,791,5838.0,401,5840.0,1076,5842.0,628,5844.0,350,5846.0,1141,5836.0
TA409,,13:38:40.750#,5846.0,5860.0,5808.0,6196.0,5492.0,401170,831972,5828.0,313,5830.0,1194,5832.0,836,5834.0,459,5836.0,793,5838.0,401,5840.0,1076,5842.0,628,5844.0,350,5846.0,1141,5836.0
TA409,,13:38:41.500#,5846.0,5860.0,5808.0,6196.0,5492.0,401170,831972,5828.0,313,5830.0,1194,5832.0,836,5834.0,459,5836.0,793,5838.0,401,5840.0,1076,5842.0,628,5844.0,350,5846.0,1141,5836.0
TA409,,13:38:42.0#,5846.0,5860.0,5808.0,6196.0,5492.0,401170,831972,5828.0,313,5830.0,1194,5832.0,836,5834.0,459,5836.0,794,5838.0,402,5840.0,1076,5842.0,628,5844.0,350,5846.0,1141,5836.0
TA409,,13:38:42.500#,5846.0,5860.0,5808.0,6196.0,5492.0,401171,831972,5828.0,313,5830.0,1194,5832.0,836,5834.0,459,5836.0,791,5838.0,401,5840.0,1076,5842.0,628,5844.0,350,5846.0,1141,5836.0
TA409,,13:38:42.750#,5846.0,5860.0,5808.0,6196.0,5492.0,401175,831972,5828.0,313,5830.0,1194,5832.0,836,5834.0,459,5836.0,787,5838.0,401,5840.0,1077,5842.0,628,5844.0,350,5846.0,1141,5836.0
TA409,,13:38:43.250#,5846.0,5860.0,5808.0,6196.0,5492.0,401177,831972,5828.0,313,5830.0,1194,5832.0,836,5834.0,459,5836.0,788,5838.0,399,5840.0,1077,5842.0,628,5844.0,350,5846.0,1141,5838.0
TA409,,13:38:43.500#,5846.0,5860.0,5808.0,6196.0,5492.0,401217,831972,5828.0,313,5830.0,1194,5832.0,836,5834.0,459,5836.0,788,5838.0,359,5840.0,1077,5842.0,628,5844.0,350,5846.0,1141,5838.0
TA409,,13:38:43.750#,5846.0,5860.0,5808.0,6196.0,5492.0,401217,831972,5828.0,313,5830.0,1194,5832.0,836,5834.0,457,5836.0,798,5838.0,359,5840.0,1077,5842.0,628,5844.0,350,5846.0,1141,5838.0
TA409,,13:38:44.0#,5846.0,5860.0,5808.0,6196.0,5492.0,401217,831972,5828.0,313,5830.0,1194,5832.0,836,5834.0,452,5836.0,802,5838.0,359,5840.0,1077,5842.0,628,5844.0,350,5846.0,1141,5838.0
TA409,,13:38:44.250#,5846.0,5860.0,5808.0,6196.0,5492.0,401219,831970,5828.0,313,5830.0,1194,5832.0,836,5834.0,452,5836.0,802,5838.0,357,5840.0,1077,5842.0,628,5844.0,350,5846.0,1141,5838.0
TA409,,13:38:44.500#,5846.0,5860.0,5808.0,6196.0,5492.0,401219,831970,5828.0,313,5830.0,1194,5832.0,836,5834.0,452,5836.0,802,5838.0,358,5840.0,1077,5842.0,628,5844.0,350,5846.0,1141,5838.0
TA409,,13:38:45.750#,5846.0,5860.0,5808.0,6196.0,5492.0,401220,831970,5828.0,313,5830.0,1194,5832.0,836,5834.0,452,5836.0,802,5838.0,359,5840.0,1077,5842.0,628,5844.0,350,5846.0,1141,5838.0
TA409,,13:38:46.500#,5846.0,5860.0,5808.0,6196.0,5492.0,401240,831990,5828.0,313,5830.0,1194,5832.0,836,5834.0,452,5836.0,782,5838.0,359,5840.0,1077,5842.0,628,5844.0,350,5846.0,1141,5836.0
TA409,,13:38:46.750#,5846.0,5860.0,5808.0,6196.0,5492.0,401240,831990,5828.0,313,5830.0,1194,5832.0,836,5834.0,452,5836.0,782,5838.0,394,5840.0,1077,5842.0,628,5844.0,350,5846.0,1141,5836.0
TA409,,13:38:47.500#,5846.0,5860.0,5808.0,6196.0,5492.0,401321,831985,5828.0,313,5830.0,1194,5832.0,836,5834.0,452,5836.0,769,5838.0,275,5840.0,1077,5842.0,628,5844.0,350,5846.0,1141,5838.0
TA409,,13:38:47.750#,5846.0,5860.0,5808.0,6196.0,5492.0,401321,831985,5828.0,313,5830.0,1194,5832.0,836,5834.0,452,5836.0,769,5838.0,270,5840.0,1077,5842.0,628,5844.0,350,5846.0,1141,5838.0
TA409,,13:38:48.0#,5846.0,5860.0,5808.0,6196.0,5492.0,401323,831985,5828.0,313,5830.0,1194,5832.0,836,5834.0,452,5836.0,767,5838.0,300,5840.0,1077,5842.0,628,5844.0,350,5846.0,1141,5836.0
TA409,,13:38:48.250#,5846.0,5860.0,5808.0,6196.0,5492.0,401344,831991,5828.0,313,5830.0,1194,5832.0,836,5834.0,452,5836.0,766,5838.0,340,5840.0,1077,5842.0,628,5844.0,350,5846.0,1141,5838.0
TA409,,13:38:48.500#,5846.0,5860.0,5808.0,6196.0,5492.0,401350,831985,5828.0,313,5830.0,1194,5832.0,836,5834.0,452,5836.0,760,5838.0,334,5840.0,1077,5842.0,629,5844.0,350,5846.0,1141,5836.0
TA409,,13:38:48.750#,5846.0,5860.0,5808.0,6196.0,5492.0,401361,831974,5828.0,313,5830.0,1194,5832.0,836,5834.0,452,5836.0,760,5838.0,326,5840.0,1077,5842.0,629,5844.0,350,5846.0,1141,5838.0
TA409,,13:38:49.0#,5846.0,5860.0,5808.0,6196.0,5492.0,401361,831974,5828.0,313,5830.0,1194,5832.0,836,5834.0,452,5836.0,760,5838.0,346,5840.0,1077,5842.0,629,5844.0,350,5846.0,1141,5838.0
TA409,,13:38:49.750#,5846.0,5860.0,5808.0,6196.0,5492.0,401361,831974,5828.0,313,5830.0,1194,5832.0,836,5834.0,452,5836.0,760,5838.0,347,5840.0,1077,5842.0,629,5844.0,350,5846.0,1141,5838.0
TA409,,13:38:50.0#,5846.0,5860.0,5808.0,6196.0,5492.0,401361,831974,5828.0,313,5830.0,1194,5832.0,836,5834.0,452,5836.0,760,5838.0,347,5840.0,1077,5842.0,629,5844.0,351,5846.0,1141,5838.0
TA409,,13:38:50.500#,5846.0,5860.0,5808.0,6196.0,5492.0,401362,831973,5828.0,313,5830.0,1194,5832.0,836,5834.0,452,5836.0,759,5838.0,347,5840.0,1077,5842.0,629,5844.0,351,5846.0,1141,5836.0
TA409,,13:38:51.0#,5846.0,5860.0,5808.0,6196.0,5492.0,401382,831982,5828.0,313,5830.0,1194,5832.0,836,5834.0,452,5836.0,739,5838.0,451,5840.0,1077,5842.0,629,5844.0,351,5846.0,1141,5836.0
TA409,,13:38:51.250#,5846.0,5860.0,5808.0,6196.0,5492.0,401383,831981,5828.0,313,5830.0,1194,5832.0,836,5834.0,452,5836.0,739,5838.0,485,5840.0,1077,5842.0,629,5844.0,351,5846.0,1141,5838.0
TA409,,13:38:51.500#,5846.0,5860.0,5808.0,6196.0,5492.0,401384,831981,5828.0,313,5830.0,1194,5832.0,836,5834.0,452,5836.0,737,5838.0,485,5840.0,1077,5842.0,629,5844.0,351,5846.0,1142,5838.0
TA409,,13:38:51.750#,5846.0,5860.0,5808.0,6196.0,5492.0,401385,831981,5828.0,313,5830.0,1194,5832.0,836,5834.0,452,5836.0,736,5838.0,484,5840.0,1077,5842.0,629,5844.0,351,5846.0,1142,5838.0
TA409,,13:38:52.0#,5846.0,5860.0,5808.0,6196.0,5492.0,401386,831981,5828.0,313,5830.0,1194,5832.0,836,5834.0,452,5836.0,736,5838.0,483,5840.0,1077,5842.0,629,5844.0,351,5846.0,1142,5838.0
TA409,,13:38:54.250#,5846.0,5860.0,5808.0,6196.0,5492.0,401386,831981,5828.0,313,5830.0,1194,5832.0,836,5834.0,452,5836.0,737,5838.0,483,5840.0,1077,5842.0,629,5844.0,351,5846.0,1142,5838.0
TA409,,13:38:54.500#,5846.0,5860.0,5808.0,6196.0,5492.0,401386,831981,5828.0,313,5830.0,1194,5832.0,836,5834.0,452,5836.0,737,5838.0,483,5840.0,1077,5842.0,629,5844.0,351,5846.0,1142,5838.0
TA409,,13:38:56.500#,5846.0,5860.0,5808.0,6196.0,5492.0,401386,831981,5828.0,313,5830.0,1194,5832.0,836,5834.0,367,5836.0,737,5838.0,483,5840.0,1077,5842.0,629,5844.0,351,5846.0,1142,5838.0
TA409,,13:38:57.0#,5846.0,5860.0,5808.0,6196.0,5492.0,401386,831981,5828.0,313,5830.0,1194,5832.0,836,5834.0,367,5836.0,737,5838.0,483,5840.0,1077,5842.0,629,5844.0,351,5846.0,1142,5838.0
TA409,,13:38:58.250#,5846.0,5860.0,5808.0,6196.0,5492.0,401386,831981,5828.0,313,5830.0,1194,5832.0,836,5834.0,367,5836.0,737,5838.0,484,5840.0,1077,5842.0,629,5844.0,351,5846.0,1142,5838.0
TA409,,13:38:58.500#,5846.0,5860.0,5808.0,6196.0,5492.0,401387,831981,5828.0,313,5830.0,1194,5832.0,836,5834.0,349,5836.0,736,5838.0,484,5840.0,1077,5842.0,629,5844.0,351,5846.0,1142,5838.0
TA409,,13:38:58.750#,5846.0,5860.0,5808.0,6196.0,5492.0,401388,831981,5828.0,313,5830.0,1194,5832.0,836,5834.0,349,5836.0,735,5838.0,483,5840.0,1077,5842.0,629,5844.0,351,5846.0,1142,5836.0
TA409,,13:38:59.0#,5846.0,5860.0,5808.0,6196.0,5492.0,401388,831981,5828.0,313,5830.0,1194,5832.0,836,5834.0,349,5836.0,736,5838.0,484,5840.0,1077,5842.0,629,5844.0,351,5846.0,1142,5836.0
TA409,,13:39:00.250#,5846.0,5860.0,5808.0,6196.0,5492.0,401408,831981,5828.0,313,5830.0,1194,5832.0,836,5834.0,349,5836.0,736,5838.0,464,5840.0,1077,5842.0,629,5844.0,351,5846.0,1142,5838.0
TA409,,13:39:00.500#,5846.0,5860.0,5808.0,6196.0,5492.0,401408,831981,5828.0,313,5830.0,1194,5832.0,836,5834.0,367,5836.0,736,5838.0,464,5840.0,1077,5842.0,629,5844.0,351,5846.0,1142,5838.0
TA409,,13:39:01.0#,5846.0,5860.0,5808.0,6196.0,5492.0,401409,831981,5828.0,313,5830.0,1194,5832.0,837,5834.0,367,5836.0,735,5838.0,468,5840.0,1077,5842.0,629,5844.0,351,5846.0,1142,5836.0
TA409,,13:39:01.500#,5846.0,5860.0,5808.0,6196.0,5492.0,401410,831981,5828.0,313,5830.0,1194,5832.0,837,5834.0,367,5836.0,746,5838.0,463,5840.0,1077,5842.0,629,5844.0,351,5846.0,1142,5838.0
TA409,,13:39:01.750#,5846.0,5860.0,5808.0,6196.0,5492.0,401411,831981,5828.0,313,5830.0,1194,5832.0,837,5834.0,367,5836.0,756,5838.0,359,5840.0,1077,5842.0,629,5844.0,351,5846.0,1142,5838.0
TA409,,13:39:02.0#,5846.0,5860.0,5808.0,6196.0,5492.0,401411,831981,5828.0,313,5830.0,1194,5832.0,837,5834.0,367,5836.0,760,5838.0,221,5840.0,1077,5842.0,629,5844.0,351,5846.0,1142,5838.0
TA409,,13:39:02.250#,5846.0,5860.0,5808.0,6196.0,5492.0,401413,831980,5828.0,313,5830.0,1194,5832.0,837,5834.0,367,5836.0,785,5838.0,187,5840.0,1077,5842.0,629,5844.0,351,5846.0,1142,5838.0
TA409,,13:39:02.500#,5846.0,5860.0,5808.0,6196.0,5492.0,401423,831986,5828.0,313,5830.0,1194,5832.0,837,5834.0,367,5836.0,776,5838.0,178,5840.0,1077,5842.0,629,5844.0,351,5846.0,1142,5838.0
TA409,,13:39:02.750#,5846.0,5860.0,5808.0,6196.0,5492.0,401424,831985,5828.0,313,5830.0,1194,5832.0,837,5834.0,367,5836.0,777,5838.0,183,5840.0,1077,5842.0,627,5844.0,351,5846.0,1142,5838.0
TA409,,13:39:03.0#,5846.0,5860.0,5808.0,6196.0,5492.0,401424,831985,5828.0,313,5830.0,1194,5832.0,837,5834.0,367,5836.0,781,5838.0,184,5840.0,1077,5842.0,627,5844.0,351,5846.0,1142,5838.0
TA409,,13:39:03.750#,5846.0,5860.0,5808.0,6196.0,5492.0,401424,831985,5828.0,313,5830.0,1192,5832.0,837,5834.0,367,5836.0,781,5838.0,184,5840.0,1077,5842.0,627,5844.0,351,5846.0,1142,5838.0
TA409,,13:39:04.0#,5846.0,5860.0,5808.0,6196.0,5492.0,401424,831985,5828.0,313,5830.0,1192,5832.0,837,5834.0,367,5836.0,781,5838.0,195,5840.0,1077,5842.0,627,5844.0,351,5846.0,1142,5838.0
TA409,,13:39:04.250#,5846.0,5860.0,5808.0,6196.0,5492.0,401424,831985,5828.0,313,5830.0,1192,5832.0,837,5834.0,367,5836.0,969,5838.0,225,5840.0,1077,5842.0,627,5844.0,351,5846.0,1142,5838.0
TA409,,13:39:04.500#,5846.0,5860.0,5808.0,6196.0,5492.0,401424,831985,5828.0,313,5830.0,1192,5832.0,837,5834.0,367,5836.0,969,5838.0,184,5840.0,1077,5842.0,627,5844.0,351,5846.0,1142,5838.0
TA409,,13:39:05.250#,5846.0,5860.0,5808.0,6196.0,5492.0,401424,831985,5828.0,313,5830.0,1192,5832.0,837,5834.0,367,5836.0,970,5838.0,184,5840.0,1077,5842.0,627,5844.0,351,5846.0,1142,5838.0
TA409,,13:39:06.250#,5846.0,5860.0,5808.0,6196.0,5492.0,401424,831985,5828.0,313,5830.0,1192,5832.0,837,5834.0,367,5836.0,860,5838.0,184,5840.0,1077,5842.0,627,5844.0,351,5846.0,1142,5838.0
TA409,,13:39:06.500#,5846.0,5860.0,5808.0,6196.0,5492.0,401424,831985,5828.0,313,5830.0,1192,5832.0,837,5834.0,367,5836.0,844,5838.0,225,5840.0,1077,5842.0,627,5844.0,351,5846.0,1142,5838.0
TA409,,13:39:06.750#,5846.0,5860.0,5808.0,6196.0,5492.0,401424,831985,5828.0,313,5830.0,1192,5832.0,837,5834.0,367,5836.0,845,5838.0,224,5840.0,1077,5842.0,627,5844.0,351,5846.0,1142,5838.0
TA409,,13:39:07.0#,5846.0,5860.0,5808.0,6196.0,5492.0,401424,831985,5828.0,313,5830.0,1192,5832.0,837,5834.0,367,5836.0,845,5838.0,194,5840.0,1077,5842.0,627,5844.0,351,5846.0,1142,5838.0
TA409,,13:39:09.750#,5846.0,5860.0,5808.0,6196.0,5492.0,401424,831985,5828.0,313,5830.0,1192,5832.0,837,5834.0,367,5836.0,845,5838.0,194,5840.0,1078,5842.0,627,5844.0,351,5846.0,1142,5838.0
TA409,,13:39:10.250#,5846.0,5860.0,5808.0,6196.0,5492.0,401424,831985,5828.0,313,5830.0,1192,5832.0,837,5834.0,367,5836.0,836,5838.0,194,5840.0,1078,5842.0,627,5844.0,351,5846.0,1142,5838.0
TA409,,13:39:10.500#,5846.0,5860.0,5808.0,6196.0,5492.0,401424,831985,5828.0,313,5830.0,1192,5832.0,837,5834.0,367,5836.0,832,5838.0,328,5840.0,1078,5842.0,627,5844.0,351,5846.0,1142,5838.0
TA409,,13:39:10.750#,5846.0,5860.0,5808.0,6196.0,5492.0,401424,831985,5828.0,313,5830.0,1192,5832.0,837,5834.0,367,5836.0,832,5838.0,372,5840.0,1078,5842.0,627,5844.0,351,5846.0,1142,5838.0
TA409,,13:39:11.0#,5846.0,5860.0,5808.0,6196.0,5492.0,401424,831985,5828.0,313,5830.0,1192,5832.0,837,5834.0,367,5836.0,832,5838.0,375,5840.0,1078,5842.0,627,5844.0,351,5846.0,1142,5838.0
TA409,,13:39:11.250#,5846.0,5860.0,5808.0,6196.0,5492.0,401424,831985,5828.0,313,5830.0,1192,5832.0,837,5834.0,367,5836.0,832,5838.0,376,5840.0,1078,5842.0,627,5844.0,351,5846.0,1142,5838.0
TA409,,13:39:11.750#,5846.0,5860.0,5808.0,6196.0,5492.0,401424,831985,5828.0,313,5830.0,1192,5832.0,837,5834.0,367,5836.0,832,5838.0,376,5840.0,1078,5842.0,627,5844.0,351,5846.0,1142,5838.0
TA409,,13:39:12.500#,5846.0,5860.0,5808.0,6196.0,5492.0,401444,831985,5828.0,313,5830.0,1192,5832.0,837,5834.0,367,5836.0,832,5838.0,378,5840.0,1078,5842.0,627,5844.0,351,5846.0,1142,5838.0
TA409,,13:39:12.750#,5846.0,5860.0,5808.0,6196.0,5492.0,401444,831985,5828.0,313,5830.0,1192,5832.0,837,5834.0,367,5836.0,832,5838.0,377,5840.0,1078,5842.0,627,5844.0,351,5846.0,1142,5838.0
TA409,,13:39:13.0#,5846.0,5860.0,5808.0,6196.0,5492.0,401444,831985,5828.0,313,5830.0,1192,5832.0,837,5834.0,367,5836.0,830,5838.0,377,5840.0,1078,5842.0,627,5844.0,351,5846.0,1142,5838.0
TA409,,13:39:13.500#,5846.0,5860.0,5808.0,6196.0,5492.0,401445,831984,5828.0,313,5830.0,1192,5832.0,837,5834.0,367,5836.0,834,5838.0,376,5840.0,1078,5842.0,627,5844.0,351,5846.0,1142,5838.0
TA409,,13:39:14.0#,5846.0,5860.0,5808.0,6196.0,5492.0,401445,831984,5828.0,313,5830.0,1192,5832.0,837,5834.0,367,5836.0,834,5838.0,377,5840.0,1078,5842.0,627,5844.0,351,5846.0,1142,5838.0
TA409,,13:39:14.750#,5846.0,5860.0,5808.0,6196.0,5492.0,401450,831979,5828.0,313,5830.0,1192,5832.0,837,5834.0,367,5836.0,834,5838.0,377,5840.0,1078,5842.0,627,5844.0,351,5846.0,1142,5836.0
TA409,,13:39:15.500#,5846.0,5860.0,5808.0,6196.0,5492.0,401450,831979,5828.0,313,5830.0,1192,5832.0,837,5834.0,367,5836.0,834,5838.0,378,5840.0,1078,5842.0,627,5844.0,351,5846.0,1142,5836.0
TA409,,13:39:16.0#,5846.0,5860.0,5808.0,6196.0,5492.0,401451,831978,5828.0,313,5830.0,1192,5832.0,837,5834.0,367,5836.0,834,5838.0,377,5840.0,1078,5842.0,627,5844.0,351,5846.0,1142,5838.0
TA409,,13:39:16.250#,5846.0,5860.0,5808.0,6196.0,5492.0,401451,831978,5828.0,313,5830.0,1192,5832.0,837,5834.0,367,5836.0,835,5838.0,381,5840.0,1078,5842.0,627,5844.0,351,5846.0,1142,5838.0
TA409,,13:39:16.500#,5846.0,5860.0,5808.0,6196.0,5492.0,401472,831966,5828.0,313,5830.0,1192,5832.0,837,5834.0,367,5836.0,835,5838.0,360,5840.0,1078,5842.0,627,5844.0,351,5846.0,1142,5838.0
TA409,,13:39:16.750#,5846.0,5860.0,5808.0,6196.0,5492.0,401472,831966,5828.0,313,5830.0,1192,5832.0,837,5834.0,367,5836.0,835,5838.0,331,5840.0,1078,5842.0,627,5844.0,351,5846.0,1142,5838.0
TA409,,13:39:18.250#,5846.0,5860.0,5808.0,6196.0,5492.0,401472,831966,5828.0,313,5830.0,1192,5832.0,837,5834.0,367,5836.0,835,5838.0,335,5840.0,1078,5842.0,627,5844.0,351,5846.0,1142,5838.0
TA409,,13:39:18.500#,5846.0,5860.0,5808.0,6196.0,5492.0,401472,831966,5828.0,313,5830.0,1192,5832.0,837,5834.0,367,5836.0,835,5838.0,333,5840.0,1078,5842.0,627,5844.0,351,5846.0,1142,5838.0
TA409,,13:39:19.0#,5846.0,5860.0,5808.0,6196.0,5492.0,401472,831966,5828.0,313,5830.0,1192,5832.0,837,5834.0,367,5836.0,835,5838.0,348,5840.0,1078,5842.0,627,5844.0,351,5846.0,1142,5838.0
TA409,,13:39:19.500#,5846.0,5860.0,5808.0,6196.0,5492.0,401472,831966,5828.0,313,5830.0,1192,5832.0,836,5834.0,367,5836.0,835,5838.0,333,5840.0,1077,5842.0,627,5844.0,351,5846.0,1142,5838.0
TA409,,13:39:20.750#,5846.0,5860.0,5808.0,6196.0,5492.0,401494,831965,5828.0,313,5830.0,1192,5832.0,836,5834.0,367,5836.0,835,5838.0,311,5840.0,1077,5842.0,627,5844.0,351,5846.0,1142,5838.0
TA409,,13:39:21.0#,5846.0,5860.0,5808.0,6196.0,5492.0,401494,831965,5828.0,313,5830.0,1192,5832.0,836,5834.0,367,5836.0,835,5838.0,311,5840.0,1097,5842.0,627,5844.0,351,5846.0,1142,5838.0
TA409,,13:39:21.250#,5846.0,5860.0,5808.0,6196.0,5492.0,401494,831965,5828.0,313,5830.0,1192,5832.0,836,5834.0,367,5836.0,835,5838.0,312,5840.0,1098,5842.0,627,5844.0,351,5846.0,1142,5838.0
TA409,,13:39:21.500#,5846.0,5860.0,5808.0,6196.0,5492.0,401495,831965,5828.0,313,5830.0,1192,5832.0,836,5834.0,367,5836.0,835,5838.0,311,5840.0,1098,5842.0,627,5844.0,351,5846.0,1142,5838.0
TA409,,13:39:21.750#,5846.0,5860.0,5808.0,6196.0,5492.0,401495,831965,5828.0,313,5830.0,1192,5832.0,836,5834.0,367,5836.0,835,5838.0,312,5840.0,1098,5842.0,627,5844.0,351,5846.0,1142,5838.0
TA409,,13:39:22.250#,5846.0,5860.0,5808.0,6196.0,5492.0,401495,831965,5828.0,313,5830.0,1192,5832.0,836,5834.0,367,5836.0,835,5838.0,334,5840.0,1098,5842.0,626,5844.0,351,5846.0,1142,5838.0
TA409,,13:39:22.750#,5846.0,5860.0,5808.0,6196.0,5492.0,401498,831966,5828.0,313,5830.0,1192,5832.0,836,5834.0,367,5836.0,834,5838.0,332,5840.0,1098,5842.0,626,5844.0,351,5846.0,1142,5836.0
TA409,,13:39:23.0#,5846.0,5860.0,5808.0,6196.0,5492.0,401498,831966,5828.0,313,5830.0,1192,5832.0,841,5834.0,367,5836.0,834,5838.0,310,5840.0,1098,5842.0,626,5844.0,351,5846.0,1142,5836.0
TA409,,13:39:23.250#,5846.0,5860.0,5808.0,6196.0,5492.0,401500,831966,5828.0,313,5830.0,1192,5832.0,841,5834.0,367,5836.0,834,5838.0,308,5840.0,1098,5842.0,626,5844.0,351,5846.0,1142,5838.0
TA409,,13:39:23.750#,5846.0,5860.0,5808.0,6196.0,5492.0,401500,831966,5828.0,313,5830.0,1192,5832.0,841,5834.0,367,5836.0,835,5838.0,308,5840.0,1098,5842.0,626,5844.0,351,5846.0,1142,5838.0
TA409,,13:39:24.250#,5846.0,5860.0,5808.0,6196.0,5492.0,401501,831966,5828.0,313,5830.0,1192,5832.0,841,5834.0,367,5836.0,835,5838.0,310,5840.0,1098,5842.0,626,5844.0,351,5846.0,1142,5838.0
TA409,,13:39:24.500#,5846.0,5860.0,5808.0,6196.0,5492.0,401501,831966,5828.0,313,5830.0,1192,5832.0,841,5834.0,367,5836.0,835,5838.0,315,5840.0,1098,5842.0,626,5844.0,351,5846.0,1142,5838.0
TA409,,13:39:24.750#,5846.0,5860.0,5808.0,6196.0,5492.0,401502,831967,5828.0,313,5830.0,1192,5832.0,841,5834.0,367,5836.0,834,5838.0,310,5840.0,1098,5842.0,626,5844.0,351,5846.0,1142,5836.0
TA409,,13:39:25.0#,5846.0,5860.0,5808.0,6196.0,5492.0,401503,831967,5828.0,313,5830.0,1192,5832.0,841,5834.0,373,5836.0,835,5838.0,315,5840.0,1098,5842.0,626,5844.0,351,5846.0,1142,5836.0
TA409,,13:39:25.250#,5846.0,5860.0,5808.0,6196.0,5492.0,401503,831967,5828.0,313,5830.0,1192,5832.0,841,5834.0,372,5836.0,836,5838.0,310,5840.0,1098,5842.0,626,5844.0,351,5846.0,1142,5836.0
TA409,,13:39:25.500#,5846.0,5860.0,5808.0,6196.0,5492.0,401504,831968,5828.0,313,5830.0,1192,5832.0,841,5834.0,372,5836.0,835,5838.0,315,5840.0,1098,5842.0,626,5844.0,351,5846.0,1142,5836.0
TA409,,13:39:25.750#,5846.0,5860.0,5808.0,6196.0,5492.0,401504,831968,5828.0,313,5830.0,1192,5832.0,841,5834.0,372,5836.0,835,5838.0,310,5840.0,1098,5842.0,626,5844.0,351,5846.0,1142,5836.0
TA409,,13:39:26.0#,5846.0,5860.0,5808.0,6196.0,5492.0,401504,831968,5828.0,313,5830.0,1192,5832.0,841,5834.0,377,5836.0,835,5838.0,315,5840.0,1098,5842.0,626,5844.0,351,5846.0,1142,5836.0
TA409,,13:39:26.250#,5846.0,5860.0,5808.0,6196.0,5492.0,401504,831968,5828.0,313,5830.0,1192,5832.0,841,5834.0,377,5836.0,835,5838.0,310,5840.0,1098,5842.0,626,5844.0,351,5846.0,1142,5836.0
TA409,,13:39:26.500#,5846.0,5860.0,5808.0,6196.0,5492.0,401504,831968,5828.0,313,5830.0,1192,5832.0,841,5834.0,377,5836.0,835,5838.0,315,5840.0,1098,5842.0,626,5844.0,351,5846.0,1142,5836.0
TA409,,13:39:26.750#,5846.0,5860.0,5808.0,6196.0,5492.0,401505,831969,5828.0,313,5830.0,1192,5832.0,841,5834.0,377,5836.0,834,5838.0,310,5840.0,1098,5842.0,626,5844.0,351,5846.0,1142,5836.0
TA409,,13:39:27.0#,5846.0,5860.0,5808.0,6196.0,5492.0,401505,831969,5828.0,313,5830.0,1192,5832.0,841,5834.0,377,5836.0,834,5838.0,315,5840.0,1098,5842.0,626,5844.0,351,5846.0,1142,5836.0
TA409,,13:39:27.250#,5846.0,5860.0,5808.0,6196.0,5492.0,401505,831969,5828.0,313,5830.0,1192,5832.0,841,5834.0,377,5836.0,835,5838.0,310,5840.0,1100,5842.0,626,5844.0,351,5846.0,1142,5836.0
TA409,,13:39:27.500#,5846.0,5860.0,5808.0,6196.0,5492.0,401538,831957,5828.0,313,5830.0,1192,5832.0,841,5834.0,377,5836.0,832,5838.0,287,5840.0,1100,5842.0,626,5844.0,351,5846.0,1142,5838.0
TA409,,13:39:27.750#,5846.0,5860.0,5808.0,6196.0,5492.0,401538,831957,5828.0,313,5830.0,1192,5832.0,841,5834.0,377,5836.0,832,5838.0,268,5840.0,1100,5842.0,626,5844.0,351,5846.0,1142,5838.0
TA409,,13:39:28.0#,5846.0,5860.0,5808.0,6196.0,5492.0,401538,831957,5828.0,313,5830.0,1192,5832.0,841,5834.0,377,5836.0,852,5838.0,165,5840.0,1100,5842.0,626,5844.0,351,5846.0,1142,5838.0
TA409,,13:39:28.250#,5846.0,5860.0,5808.0,6196.0,5492.0,401538,831957,5828.0,313,5830.0,1192,5832.0,841,5834.0,377,5836.0,859,5838.0,124,5840.0,1100,5842.0,626,5844.0,351,5846.0,1142,5838.0
TA409,,13:39:28.500#,5846.0,5860.0,5808.0,6196.0,5492.0,401643,831891,5830.0,1192,5832.0,841,5834.0,377,5836.0,822,5838.0,69,5840.0,1123,5842.0,626,5844.0,351,5846.0,1142,5848.0,573,5838.0
TA409,,13:39:28.750#,5846.0,5860.0,5808.0,6196.0,5492.0,401643,831891,5830.0,1193,5832.0,841,5834.0,378,5836.0,885,5838.0,253,5840.0,1130,5842.0,628,5844.0,343,5846.0,1144,5848.0,605,5838.0
TA409,,13:39:29.0#,5846.0,5860.0,5808.0,6196.0,5492.0,401688,831936,5830.0,1193,5832.0,840,5834.0,378,5836.0,604,5838.0,300,5840.0,1129,5842.0,628,5844.0,343,5846.0,1144,5848.0,605,5838.0
TA409,,13:39:29.250#,5846.0,5860.0,5808.0,6196.0,5492.0,401693,831936,5830.0,1193,5832.0,840,5834.0,378,5836.0,584,5838.0,323,5840.0,1124,5842.0,628,5844.0,343,5846.0,1144,5848.0,605,5840.0
TA409,,13:39:29.500#,5846.0,5860.0,5808.0,6196.0,5492.0,402033,831693,5830.0,1195,5832.0,840,5834.0,378,5836.0,539,5838.0,389,5840.0,782,5842.0,628,5844.0,343,5846.0,1144,5848.0,605,5840.0
TA409,,13:39:29.750#,5846.0,5860.0,5808.0,6196.0,5492.0,402043,831693,5830.0,1200,5832.0,840,5834.0,378,5836.0,524,5838.0,577,5840.0,751,5842.0,628,5844.0,343,5846.0,1144,5848.0,605,5838.0
TA409,,13:39:30.0#,5846.0,5860.0,5808.0,6196.0,5492.0,402048,831693,5830.0,1200,5832.0,840,5834.0,378,5836.0,524,5838.0,1115,5840.0,741,5842.0,628,5844.0,343,5846.0,1144,5848.0,605,5840.0
TA409,,13:39:30.250#,5846.0,5860.0,5808.0,6196.0,5492.0,402052,831693,5830.0,1200,5832.0,840,5834.0,379,5836.0,524,5838.0,1128,5840.0,650,5842.0,628,5844.0,343,5846.0,1144,5848.0,605,5840.0
TA409,,13:39:30.500#,5846.0,5860.0,5808.0,6196.0,5492.0,402054,831693,5830.0,1200,5832.0,840,5834.0,379,5836.0,524,5838.0,1136,5840.0,653,5842.0,628,5844.0,343,5846.0,1144,5848.0,605,5840.0
TA409,,13:39:30.750#,5846.0,5860.0,5808.0,6196.0,5492.0,402055,831693,5830.0,1200,5832.0,840,5834.0,379,5836.0,524,5838.0,1138,5840.0,656,5842.0,628,5844.0,343,5846.0,1144,5848.0,605,5840.0
TA409,,13:39:31.0#,5846.0,5860.0,5808.0,6196.0,5492.0,402059,831693,5830.0,1200,5832.0,840,5834.0,379,5836.0,524,5838.0,1135,5840.0,652,5842.0,728,5844.0,343,5846.0,1144,5848.0,605,5840.0
TA409,,13:39:31.250#,5846.0,5860.0,5808.0,6196.0,5492.0,402262,831859,5830.0,1200,5832.0,840,5834.0,379,5836.0,524,5838.0,1135,5840.0,448,5842.0,729,5844.0,343,5846.0,1144,5848.0,605,5840.0
TA409,,13:39:31.500#,5846.0,5860.0,5808.0,6196.0,5492.0,402302,831899,5830.0,1201,5832.0,839,5834.0,379,5836.0,523,5838.0,1136,5840.0,373,5842.0,729,5844.0,343,5846.0,1144,5848.0,605,5840.0
TA409,,13:39:31.750#,5846.0,5860.0,5808.0,6196.0,5492.0,402312,831901,5830.0,1201,5832.0,839,5834.0,379,5836.0,523,5838.0,1137,5840.0,363,5842.0,729,5844.0,343,5846.0,1144,5848.0,605,5840.0
TA409,,13:39:32.0#,5846.0,5860.0,5808.0,6196.0,5492.0,402312,831901,5830.0,1206,5832.0,839,5834.0,379,5836.0,524,5838.0,1138,5840.0,397,5842.0,729,5844.0,343,5846.0,1144,5848.0,605,5840.0
TA409,,13:39:32.250#,5846.0,5860.0,5808.0,6196.0,5492.0,402317,831905,5830.0,1206,5832.0,839,5834.0,379,5836.0,524,5838.0,1138,5840.0,392,5842.0,729,5844.0,343,5846.0,1144,5848.0,605,5840.0
TA409,,13:39:32.500#,5846.0,5860.0,5808.0,6196.0,5492.0,402317,831905,5830.0,1206,5832.0,839,5834.0,379,5836.0,523,5838.0,1138,5840.0,392,5842.0,729,5844.0,343,5846.0,1144,5848.0,605,5840.0
TA409,,13:39:32.750#,5846.0,5860.0,5808.0,6196.0,5492.0,402318,831905,5830.0,1205,5832.0,839,5834.0,379,5836.0,523,5838.0,1138,5840.0,380,5842.0,729,5844.0,343,5846.0,1144,5848.0,605,5840.0
TA409,,13:39:33.0#,5846.0,5860.0,5808.0,6196.0,5492.0,402318,831905,5830.0,1206,5832.0,840,5834.0,379,5836.0,523,5838.0,1145,5840.0,381,5842.0,729,5844.0,343,5846.0,1144,5848.0,605,5840.0
TA409,,13:39:33.250#,5846.0,5860.0,5808.0,6196.0,5492.0,402319,831906,5830.0,1206,5832.0,840,5834.0,379,5836.0,523,5838.0,1146,5840.0,380,5842.0,729,5844.0,343,5846.0,1144,5848.0,605,5840.0
TA409,,13:39:33.750#,5846.0,5860.0,5808.0,6196.0,5492.0,402319,831906,5830.0,1204,5832.0,842,5834.0,379,5836.0,523,5838.0,1146,5840.0,380,5842.0,729,5844.0,343,5846.0,1144,5848.0,605,5840.0
TA409,,13:39:34.0#,5846.0,5860.0,5808.0,6196.0,5492.0,402319,831906,5830.0,1204,5832.0,842,5834.0,379,5836.0,515,5838.0,1146,5840.0,380,5842.0,729,5844.0,343,5846.0,1144,5848.0,605,5840.0
TA409,,13:39:34.250#,5846.0,5860.0,5808.0,6196.0,5492.0,402319,831906,5830.0,1204,5832.0,842,5834.0,379,5836.0,515,5838.0,1284,5840.0,380,5842.0,729,5844.0,343,5846.0,1144,5848.0,605,5840.0
TA409,,13:39:34.500#,5846.0,5860.0,5808.0,6196.0,5492.0,402322,831908,5830.0,1205,5832.0,842,5834.0,379,5836.0,515,5838.0,1284,5840.0,377,5842.0,729,5844.0,343,5846.0,1144,5848.0,605,5840.0
TA409,,13:39:35.0#,5846.0,5860.0,5808.0,6196.0,5492.0,402322,831908,5830.0,1205,5832.0,842,5834.0,380,5836.0,515,5838.0,1284,5840.0,377,5842.0,729,5844.0,343,5846.0,1144,5848.0,605,5840.0
TA409,,13:39:35.750#,5846.0,5860.0,5808.0,6196.0,5492.0,402323,831908,5830.0,1205,5832.0,842,5834.0,380,5836.0,514,5838.0,1284,5840.0,376,5842.0,729,5844.0,343,5846.0,1144,5848.0,605,5840.0
TA409,,13:39:36.0#,5846.0,5860.0,5808.0,6196.0,5492.0,402323,831908,5830.0,1205,5832.0,842,5834.0,380,5836.0,514,5838.0,1285,5840.0,376,5842.0,729,5844.0,343,5846.0,1144,5848.0,605,5840.0
TA409,,13:39:36.250#,5846.0,5860.0,5808.0,6196.0,5492.0,402323,831908,5830.0,1205,5832.0,842,5834.0,380,5836.0,328,5838.0,1285,5840.0,376,5842.0,731,5844.0,343,5846.0,1144,5848.0,605,5840.0
TA409,,13:39:36.750#,5846.0,5860.0,5808.0,6196.0,5492.0,402323,831908,5830.0,1205,5832.0,842,5834.0,380,5836.0,326,5838.0,1287,5840.0,376,5842.0,731,5844.0,343,5846.0,1144,5848.0,605,5840.0
TA409,,13:39:37.0#,5846.0,5860.0,5808.0,6196.0,5492.0,402323,831908,5830.0,1205,5832.0,842,5834.0,380,5836.0,326,5838.0,1287,5840.0,381,5842.0,731,5844.0,343,5846.0,1144,5848.0,605,5840.0
TA409,,13:39:37.250#,5846.0,5860.0,5808.0,6196.0,5492.0,402323,831908,5830.0,1205,5832.0,842,5834.0,380,5836.0,326,5838.0,1287,5840.0,386,5842.0,731,5844.0,343,5846.0,1144,5848.0,605,5840.0
TA409,,13:39:37.750#,5846.0,5860.0,5808.0,6196.0,5492.0,402332,831916,5830.0,1205,5832.0,842,5834.0,380,5836.0,326,5838.0,1279,5840.0,388,5842.0,731,5844.0,343,5846.0,1144,5848.0,605,5840.0
TA409,,13:39:38.0#,5846.0,5860.0,5808.0,6196.0,5492.0,402349,831928,5830.0,1205,5832.0,842,5834.0,380,5836.0,326,5838.0,1262,5840.0,403,5842.0,745,5844.0,343,5846.0,1144,5848.0,605,5838.0
TA409,,13:39:38.250#,5846.0,5860.0,5808.0,6196.0,5492.0,402349,831928,5830.0,1205,5832.0,842,5834.0,380,5836.0,326,5838.0,1262,5840.0,402,5842.0,745,5844.0,343,5846.0,1144,5848.0,605,5838.0
TA409,,13:39:38.500#,5846.0,5860.0,5808.0,6196.0,5492.0,402349,831928,5830.0,1206,5832.0,842,5834.0,380,5836.0,326,5838.0,1262,5840.0,387,5842.0,731,5844.0,343,5846.0,1144,5848.0,605,5838.0
TA409,,13:39:38.750#,5846.0,5860.0,5808.0,6196.0,5492.0,402349,831928,5830.0,1206,5832.0,842,5834.0,380,5836.0,326,5838.0,1262,5840.0,388,5842.0,731,5844.0,342,5846.0,1144,5848.0,605,5838.0
TA409,,13:39:39.0#,5846.0,5860.0,5808.0,6196.0,5492.0,402349,831928,5830.0,1206,5832.0,842,5834.0,380,5836.0,326,5838.0,1262,5840.0,388,5842.0,731,5844.0,344,5846.0,1144,5848.0,605,5838.0
TA409,,13:39:39.500#,5846.0,5860.0,5808.0,6196.0,5492.0,402833,832114,5832.0,842,5834.0,380,5836.0,326,5838.0,1264,5840.0,31,5842.0,758,5844.0,344,5846.0,1144,5848.0,605,5850.0,1161,5840.0
TA409,,13:39:39.750#,5846.0,5860.0,5808.0,6196.0,5492.0,402837,832118,5832.0,842,5834.0,379,5836.0,324,5838.0,1292,5840.0,190,5842.0,830,5844.0,381,5846.0,1145,5848.0,606,5850.0,1163,5840.0
TA409,,13:39:40.0#,5846.0,5860.0,5808.0,6196.0,5492.0,403037,832134,5830.0,1206,5832.0,854,5834.0,379,5836.0,316,5838.0,1248,5840.0,57,5842.0,935,5844.0,381,5846.0,1145,5848.0,606,5838.0
TA409,,13:39:40.250#,5846.0,5860.0,5808.0,6196.0,5492.0,403086,832104,5830.0,1206,5832.0,854,5834.0,379,5836.0,317,5838.0,1215,5840.0,161,5842.0,937,5844.0,381,5846.0,1133,5848.0,606,5840.0
TA409,,13:39:40.500#,5846.0,5860.0,5808.0,6196.0,5492.0,403086,832104,5830.0,1206,5832.0,854,5834.0,379,5836.0,317,5838.0,1260,5840.0,125,5842.0,906,5844.0,381,5846.0,1132,5848.0,606,5840.0
TA409,,13:39:40.750#,5846.0,5860.0,5808.0,6196.0,5492.0,403090,832108,5830.0,1206,5832.0,854,5834.0,379,5836.0,317,5838.0,1256,5840.0,51,5842.0,906,5844.0,381,5846.0,1132,5848.0,606,5838.0
TA409,,13:39:41.0#,5846.0,5860.0,5808.0,6196.0,5492.0,403101,832118,5830.0,1206,5832.0,854,5834.0,379,5836.0,317,5838.0,1256,5840.0,40,5842.0,906,5844.0,381,5846.0,1132,5848.0,606,5840.0
TA409,,13:39:41.250#,5846.0,5860.0,5808.0,6196.0,5492.0,403111,832118,5830.0,1206,5832.0,854,5834.0,377,5836.0,319,5838.0,1277,5840.0,25,5842.0,906,5844.0,381,5846.0,1133,5848.0,619,5840.0
TA409,,13:39:41.500#,5846.0,5860.0,5808.0,6196.0,5492.0,403150,832099,5832.0,854,5834.0,377,5836.0,319,5838.0,1258,5840.0,133,5842.0,921,5844.0,381,5846.0,1133,5848.0,619,5850.0,1162,5840.0
TA409,,13:39:41.750#,5846.0,5860.0,5808.0,6196.0,5492.0,403150,832099,5832.0,854,5834.0,377,5836.0,319,5838.0,1262,5840.0,152,5842.0,937,5844.0,381,5846.0,1133,5848.0,619,5850.0,1163,5840.0
TA409,,13:39:42.0#,5846.0,5860.0,5808.0,6196.0,5492.0,403150,832099,5832.0,854,5834.0,376,5836.0,319,5838.0,1262,5840.0,153,5842.0,952,5844.0,381,5846.0,1133,5848.0,619,5850.0,1163,5840.0
TA409,,13:39:42.250#,5846.0,5860.0,5808.0,6196.0,5492.0,403150,832099,5832.0,854,5834.0,376,5836.0,319,5838.0,1242,5840.0,173,5842.0,952,5844.0,381,5846.0,1133,5848.0,619,5850.0,1163,5840.0
TA409,,13:39:42.500#,5846.0,5860.0,5808.0,6196.0,5492.0,403183,832129,5832.0,854,5834.0,376,5836.0,319,5838.0,1213,5840.0,148,5842.0,937,5844.0,381,5846.0,1133,5848.0,619,5850.0,1163,5840.0
TA409,,13:39:42.750#,5846.0,5860.0,5808.0,6196.0,5492.0,403183,832129,5832.0,854,5834.0,376,5836.0,319,5838.0,1211,5840.0,139,5842.0,937,5844.0,381,5846.0,1133,5848.0,619,5850.0,1163,5840.0
TA409,,13:39:43.0#,5846.0,5860.0,5808.0,6196.0,5492.0,403194,832140,5832.0,854,5834.0,376,5836.0,319,5838.0,1205,5840.0,129,5842.0,923,5844.0,381,5846.0,1133,5848.0,619,5850.0,1162,5840.0
TA409,,13:39:43.250#,5846.0,5860.0,5808.0,6196.0,5492.0,403194,832140,5832.0,854,5834.0,376,5836.0,319,5838.0,1205,5840.0,71,5842.0,923,5844.0,381,5846.0,1133,5848.0,619,5850.0,1162,5840.0
TA409,,13:39:43.500#,5846.0,5860.0,5808.0,6196.0,5492.0,403201,832146,5832.0,854,5834.0,376,5836.0,319,5838.0,1206,5840.0,116,5842.0,901,5844.0,381,5846.0,1154,5848.0,619,5850.0,1162,5842.0
TA409,,13:39:43.750#,5846.0,5860.0,5808.0,6196.0,5492.0,403215,832148,5832.0,854,5834.0,376,5836.0,319,5838.0,1206,5840.0,127,5842.0,887,5844.0,381,5846.0,1154,5848.0,619,5850.0,1162,5842.0
TA409,,13:39:44.0#,5846.0,5860.0,5808.0,6196.0,5492.0,403582,831967,5832.0,856,5834.0,375,5836.0,319,5838.0,1206,5840.0,131,5842.0,657,5844.0,381,5846.0,1154,5848.0,619,5850.0,1162,5842.0
TA409,,13:39:44.250#,5846.0,5860.0,5808.0,6196.0,5492.0,403609,831944,5832.0,859,5834.0,375,5836.0,319,5838.0,1205,5840.0,263,5842.0,621,5844.0,381,5846.0,1154,5848.0,619,5850.0,1162,5842.0
TA409,,13:39:44.500#,5846.0,5860.0,5808.0,6196.0,5492.0,403618,831951,5832.0,859,5834.0,375,5836.0,319,5838.0,1202,5840.0,324,5842.0,608,5844.0,381,5846.0,1154,5848.0,619,5850.0,1162,5842.0
TA409,,13:39:44.750#,5846.0,5860.0,5808.0,6196.0,5492.0,403618,831951,5832.0,859,5834.0,375,5836.0,319,5838.0,1202,5840.0,350,5842.0,608,5844.0,381,5846.0,1154,5848.0,619,5850.0,1162,5842.0
TA409,,13:39:45.0#,5846.0,5860.0,5808.0,6196.0,5492.0,403619,831950,5832.0,859,5834.0,375,5836.0,319,5838.0,1202,5840.0,351,5842.0,592,5844.0,381,5846.0,1154,5848.0,619,5850.0,1162,5842.0
TA409,,13:39:45.250#,5846.0,5860.0,5808.0,6196.0,5492.0,403619,831950,5832.0,859,5834.0,375,5836.0,319,5838.0,1202,5840.0,361,5842.0,594,5844.0,381,5846.0,1154,5848.0,619,5850.0,1162,5842.0
TA409,,13:39:45.750#,5846.0,5860.0,5808.0,6196.0,5492.0,403619,831950,5832.0,859,5834.0,375,5836.0,319,5838.0,1202,5840.0,456,5842.0,594,5844.0,381,5846.0,1154,5848.0,619,5850.0,1162,5842.0
TA409,,13:39:46.0#,5846.0,5860.0,5808.0,6196.0,5492.0,403619,831950,5832.0,859,5834.0,375,5836.0,319,5838.0,1202,5840.0,453,5842.0,598,5844.0,381,5846.0,1154,5848.0,619,5850.0,1162,5842.0
TA409,,13:39:46.250#,5846.0,5860.0,5808.0,6196.0,5492.0,403620,831949,5832.0,859,5834.0,375,5836.0,319,5838.0,1201,5840.0,478,5842.0,597,5844.0,381,5846.0,1154,5848.0,619,5850.0,1162,5842.0
TA409,,13:39:46.500#,5846.0,5860.0,5808.0,6196.0,5492.0,403620,831949,5832.0,859,5834.0,375,5836.0,319,5838.0,1201,5840.0,478,5842.0,593,5844.0,381,5846.0,1154,5848.0,619,5850.0,1162,5842.0
TA409,,13:39:46.750#,5846.0,5860.0,5808.0,6196.0,5492.0,403620,831949,5832.0,859,5834.0,375,5836.0,318,5838.0,1200,5840.0,480,5842.0,593,5844.0,381,5846.0,1159,5848.0,619,5850.0,1162,5842.0
TA409,,13:39:47.0#,5846.0,5860.0,5808.0,6196.0,5492.0,403625,831949,5832.0,860,5834.0,375,5836.0,316,5838.0,1200,5840.0,510,5842.0,588,5844.0,381,5846.0,1159,5848.0,619,5850.0,1162,5842.0
TA409,,13:39:47.250#,5846.0,5860.0,5808.0,6196.0,5492.0,403625,831949,5832.0,860,5834.0,375,5836.0,315,5838.0,1200,5840.0,518,5842.0,589,5844.0,381,5846.0,1159,5848.0,619,5850.0,1162,5842.0
TA409,,13:39:47.500#,5846.0,5860.0,5808.0,6196.0,5492.0,403625,831949,5832.0,860,5834.0,375,5836.0,315,5838.0,1200,5840.0,523,5842.0,589,5844.0,381,5846.0,1159,5848.0,619,5850.0,1162,5842.0
TA409,,13:39:48.0#,5846.0,5860.0,5808.0,6196.0,5492.0,403631,831949,5832.0,861,5834.0,375,5836.0,315,5838.0,1200,5840.0,523,5842.0,583,5844.0,381,5846.0,1159,5848.0,619,5850.0,1162,5842.0
TA409,,13:39:48.250#,5846.0,5860.0,5808.0,6196.0,5492.0,403631,831949,5832.0,861,5834.0,375,5836.0,315,5838.0,1199,5840.0,523,5842.0,558,5844.0,381,5846.0,1159,5848.0,619,5850.0,1162,5842.0
TA409,,13:39:48.500#,5846.0,5860.0,5808.0,6196.0,5492.0,403631,831949,5832.0,861,5834.0,375,5836.0,313,5838.0,1199,5840.0,543,5842.0,558,5844.0,381,5846.0,1159,5848.0,619,5850.0,1162,5842.0
TA409,,13:39:48.750#,5846.0,5860.0,5808.0,6196.0,5492.0,403632,831949,5832.0,861,5834.0,375,5836.0,312,5838.0,1199,5840.0,548,5842.0,587,5844.0,381,5846.0,1159,5848.0,619,5850.0,1162,5842.0
TA409,,13:39:49.0#,5846.0,5860.0,5808.0,6196.0,5492.0,403633,831949,5832.0,861,5834.0,375,5836.0,312,5838.0,1200,5840.0,548,5842.0,587,5844.0,381,5846.0,1159,5848.0,619,5850.0,1162,5840.0
TA409,,13:39:49.500#,5846.0,5860.0,5808.0,6196.0,5492.0,403634,831948,5832.0,861,5834.0,375,5836.0,312,5838.0,1199,5840.0,548,5842.0,586,5844.0,381,5846.0,1159,5848.0,619,5850.0,1162,5842.0
TA409,,13:39:50.0#,5846.0,5860.0,5808.0,6196.0,5492.0,403634,831948,5832.0,861,5834.0,376,5836.0,312,5838.0,1199,5840.0,548,5842.0,586,5844.0,381,5846.0,1159,5848.0,619,5850.0,1162,5842.0
TA409,,13:39:50.250#,5846.0,5860.0,5808.0,6196.0,5492.0,403634,831948,5832.0,861,5834.0,376,5836.0,311,5838.0,1199,5840.0,548,5842.0,586,5844.0,381,5846.0,1159,5848.0,619,5850.0,1162,5842.0
TA409,,13:39:50.500#,5846.0,5860.0,5808.0,6196.0,5492.0,403634,831948,5832.0,861,5834.0,376,5836.0,311,5838.0,1199,5840.0,549,5842.0,586,5844.0,381,5846.0,1159,5848.0,619,5850.0,1162,5842.0
TA409,,13:39:51.0#,5846.0,5860.0,5808.0,6196.0,5492.0,403634,831948,5832.0,861,5834.0,376,5836.0,311,5838.0,1195,5840.0,551,5842.0,629,5844.0,382,5846.0,1159,5848.0,619,5850.0,1162,5842.0
TA409,,13:39:51.250#,5846.0,5860.0,5808.0,6196.0,5492.0,403635,831948,5832.0,861,5834.0,377,5836.0,311,5838.0,1195,5840.0,561,5842.0,628,5844.0,382,5846.0,1159,5848.0,619,5850.0,1162,5842.0
TA409,,13:39:51.500#,5846.0,5860.0,5808.0,6196.0,5492.0,403636,831947,5832.0,861,5834.0,377,5836.0,311,5838.0,1195,5840.0,565,5842.0,628,5844.0,382,5846.0,1159,5848.0,619,5850.0,1162,5842.0
TA409,,13:39:51.750#,5846.0,5860.0,5808.0,6196.0,5492.0,403637,831946,5832.0,861,5834.0,377,5836.0,311,5838.0,1195,5840.0,565,5842.0,627,5844.0,382,5846.0,1159,5848.0,619,5850.0,1162,5842.0
TA409,,13:39:52.0#,5846.0,5860.0,5808.0,6196.0,5492.0,403638,831946,5832.0,861,5834.0,377,5836.0,311,5838.0,1195,5840.0,570,5842.0,628,5844.0,382,5846.0,1159,5848.0,619,5850.0,1162,5842.0
TA409,,13:39:52.250#,5846.0,5860.0,5808.0,6196.0,5492.0,403638,831946,5832.0,861,5834.0,377,5836.0,311,5838.0,1195,5840.0,572,5842.0,608,5844.0,382,5846.0,1159,5848.0,619,5850.0,1162,5842.0
TA409,,13:39:52.500#,5846.0,5860.0,5808.0,6196.0,5492.0,403638,831946,5832.0,861,5834.0,377,5836.0,311,5838.0,1195,5840.0,572,5842.0,623,5844.0,382,5846.0,1159,5848.0,619,5850.0,1162,5842.0
TA409,,13:39:52.750#,5846.0,5860.0,5808.0,6196.0,5492.0,403638,831946,5832.0,861,5834.0,377,5836.0,311,5838.0,1195,5840.0,572,5842.0,633,5844.0,382,5846.0,1159,5848.0,619,5850.0,1162,5842.0
TA409,,13:39:53.0#,5846.0,5860.0,5808.0,6196.0,5492.0,403641,831949,5832.0,861,5834.0,377,5836.0,311,5838.0,1195,5840.0,565,5842.0,636,5844.0,382,5846.0,1159,5848.0,619,5850.0,1162,5840.0
TA409,,13:39:53.500#,5846.0,5860.0,5808.0,6196.0,5492.0,403643,831951,5832.0,861,5834.0,377,5836.0,311,5838.0,1195,5840.0,555,5842.0,636,5844.0,382,5846.0,1159,5848.0,619,5850.0,1162,5840.0
TA409,,13:39:53.750#,5846.0,5860.0,5808.0,6196.0,5492.0,403643,831951,5832.0,861,5834.0,377,5836.0,311,5838.0,1195,5840.0,555,5842.0,681,5844.0,382,5846.0,1159,5848.0,619,5850.0,1162,5840.0
TA409,,13:39:54.0#,5846.0,5860.0,5808.0,6196.0,5492.0,403643,831951,5832.0,861,5834.0,377,5836.0,311,5838.0,1195,5840.0,620,5842.0,667,5844.0,382,5846.0,1159,5848.0,619,5850.0,1162,5840.0
TA409,,13:39:54.500#,5846.0,5860.0,5808.0,6196.0,5492.0,403643,831951,5832.0,861,5834.0,377,5836.0,311,5838.0,1195,5840.0,667,5842.0,671,5844.0,382,5846.0,1159,5848.0,619,5850.0,1162,5840.0
TA409,,13:39:54.750#,5846.0,5860.0,5808.0,6196.0,5492.0,403646,831951,5832.0,861,5834.0,377,5836.0,311,5838.0,1195,5840.0,664,5842.0,671,5844.0,382,5846.0,1159,5848.0,619,5850.0,1162,5840.0
TA409,,13:39:55.0#,5846.0,5860.0,5808.0,6196.0,5492.0,403646,831951,5832.0,860,5834.0,377,5836.0,310,5838.0,1194,5840.0,673,5842.0,671,5844.0,382,5846.0,1159,5848.0,619,5850.0,1162,5840.0
TA409,,13:39:55.250#,5846.0,5860.0,5808.0,6196.0,5492.0,403646,831951,5832.0,860,5834.0,377,5836.0,310,5838.0,1194,5840.0,684,5842.0,671,5844.0,382,5846.0,1159,5848.0,619,5850.0,1162,5840.0
TA409,,13:39:55.500#,5846.0,5860.0,5808.0,6196.0,5492.0,403651,831946,5832.0,860,5834.0,359,5836.0,308,5838.0,1196,5840.0,685,5842.0,666,5844.0,382,5846.0,1159,5848.0,619,5850.0,1162,5842.0
TA409,,13:39:55.750#,5846.0,5860.0,5808.0,6196.0,5492.0,403651,831946,5832.0,860,5834.0,359,5836.0,308,5838.0,1199,5840.0,686,5842.0,666,5844.0,382,5846.0,1159,5848.0,619,5850.0,1162,5842.0
TA409,,13:39:56.0#,5846.0,5860.0,5808.0,6196.0,5492.0,403653,831946,5832.0,860,5834.0,359,5836.0,308,5838.0,1199,5840.0,685,5842.0,666,5844.0,382,5846.0,1159,5848.0,619,5850.0,1162,5840.0
TA409,,13:39:56.250#,5846.0,5860.0,5808.0,6196.0,5492.0,403653,831946,5832.0,860,5834.0,359,5836.0,308,5838.0,1199,5840.0,684,5842.0,671,5844.0,383,5846.0,1159,5848.0,619,5850.0,1162,5840.0
TA409,,13:39:56.750#,5846.0,5860.0,5808.0,6196.0,5492.0,403653,831946,5832.0,860,5834.0,359,5836.0,308,5838.0,1199,5840.0,684,5842.0,672,5844.0,383,5846.0,1159,5848.0,619,5850.0,1162,5840.0
TA409,,13:39:57.0#,5846.0,5860.0,5808.0,6196.0,5492.0,403653,831946,5832.0,860,5834.0,359,5836.0,308,5838.0,1199,5840.0,686,5842.0,672,5844.0,384,5846.0,1159,5848.0,619,5850.0,1162,5840.0
TA409,,13:39:57.250#,5846.0,5860.0,5808.0,6196.0,5492.0,403653,831946,5832.0,860,5834.0,359,5836.0,308,5838.0,1199,5840.0,694,5842.0,672,5844.0,384,5846.0,1159,5848.0,619,5850.0,1162,5840.0
TA409,,13:39:58.0#,5846.0,5860.0,5808.0,6196.0,5492.0,403653,831946,5832.0,860,5834.0,359,5836.0,308,5838.0,1199,5840.0,700,5842.0,672,5844.0,384,5846.0,1159,5848.0,619,5850.0,1162,5840.0
TA409,,13:39:58.250#,5846.0,5860.0,5808.0,6196.0,5492.0,403653,831946,5832.0,860,5834.0,359,5836.0,308,5838.0,1199,5840.0,700,5842.0,673,5844.0,384,5846.0,1159,5848.0,619,5850.0,1162,5840.0
TA409,,13:39:58.500#,5846.0,5860.0,5808.0,6196.0,5492.0,403654,831945,5832.0,860,5834.0,359,5836.0,308,5838.0,1199,5840.0,735,5842.0,672,5844.0,385,5846.0,1159,5848.0,619,5850.0,1163,5842.0
TA409,,13:39:58.750#,5846.0,5860.0,5808.0,6196.0,5492.0,403656,831944,5832.0,860,5834.0,359,5836.0,308,5838.0,1199,5840.0,735,5842.0,625,5844.0,385,5846.0,1159,5848.0,619,5850.0,1163,5842.0
TA409,,13:39:59.250#,5846.0,5860.0,5808.0,6196.0,5492.0,403656,831944,5832.0,860,5834.0,359,5836.0,308,5838.0,1199,5840.0,735,5842.0,625,5844.0,385,5846.0,1159,5848.0,619,5850.0,1163,5842.0
TA409,,13:40:00.0#,5846.0,5860.0,5808.0,6196.0,5492.0,403656,831944,5832.0,860,5834.0,359,5836.0,309,5838.0,1199,5840.0,735,5842.0,626,5844.0,385,5846.0,1159,5848.0,619,5850.0,1163,5842.0
TA409,,13:40:00.500#,5846.0,5860.0,5808.0,6196.0,5492.0,403774,832036,5832.0,860,5834.0,359,5836.0,308,5838.0,1196,5840.0,635,5842.0,617,5844.0,385,5846.0,1159,5848.0,619,5850.0,1163,5840.0
TA409,,13:40:00.750#,5846.0,5860.0,5808.0,6196.0,5492.0,403788,832025,5832.0,860,5834.0,359,5836.0,309,5838.0,1196,5840.0,666,5842.0,623,5844.0,385,5846.0,1159,5848.0,619,5850.0,1163,5842.0
TA409,,13:40:01.0#,5846.0,5860.0,5808.0,6196.0,5492.0,403847,831987,5832.0,860,5834.0,359,5836.0,309,5838.0,706,5840.0,659,5842.0,568,5844.0,385,5846.0,1159,5848.0,620,5850.0,1163,5842.0
TA409,,13:40:01.250#,5846.0,5860.0,5808.0,6196.0,5492.0,403847,831987,5832.0,860,5834.0,359,5836.0,309,5838.0,737,5840.0,662,5842.0,574,5844.0,379,5846.0,1159,5848.0,620,5850.0,1163,5842.0
TA409,,13:40:01.500#,5846.0,5860.0,5808.0,6196.0,5492.0,403847,831987,5832.0,860,5834.0,359,5836.0,309,5838.0,737,5840.0,669,5842.0,574,5844.0,379,5846.0,1159,5848.0,620,5850.0,1163,5842.0
TA409,,13:40:01.750#,5846.0,5860.0,5808.0,6196.0,5492.0,403849,831988,5832.0,860,5834.0,359,5836.0,309,5838.0,737,5840.0,669,5842.0,572,5844.0,379,5846.0,1159,5848.0,620,5850.0,1163,5842.0
TA409,,13:40:02.0#,5846.0,5860.0,5808.0,6196.0,5492.0,403854,831988,5832.0,860,5834.0,359,5836.0,309,5838.0,729,5840.0,669,5842.0,552,5844.0,379,5846.0,1159,5848.0,620,5850.0,1163,5840.0
TA409,,13:40:02.250#,5846.0,5860.0,5808.0,6196.0,5492.0,403854,831988,5832.0,860,5834.0,359,5836.0,298,5838.0,729,5840.0,681,5842.0,552,5844.0,379,5846.0,1159,5848.0,620,5850.0,1163,5840.0
TA409,,13:40:02.500#,5846.0,5860.0,5808.0,6196.0,5492.0,403854,831988,5832.0,860,5834.0,359,5836.0,298,5838.0,729,5840.0,1288,5842.0,552,5844.0,379,5846.0,1159,5848.0,620,5850.0,1163,5840.0
TA409,,13:40:02.750#,5846.0,5860.0,5808.0,6196.0,5492.0,403856,831989,5832.0,860,5834.0,359,5836.0,298,5838.0,729,5840.0,1306,5842.0,510,5844.0,379,5846.0,1159,5848.0,620,5850.0,1163,5842.0
TA409,,13:40:03.0#,5846.0,5860.0,5808.0,6196.0,5492.0,403856,831989,5832.0,860,5834.0,359,5836.0,298,5838.0,729,5840.0,1318,5842.0,511,5844.0,379,5846.0,1159,5848.0,620,5850.0,1163,5842.0
TA409,,13:40:03.250#,5846.0,5860.0,5808.0,6196.0,5492.0,404458,831810,5834.0,359,5836.0,298,5838.0,729,5840.0,1286,5842.0,31,5844.0,390,5846.0,1159,5848.0,620,5850.0,1163,5852.0,551,5842.0
TA409,,13:40:03.500#,5846.0,5860.0,5808.0,6196.0,5492.0,404511,831807,5834.0,440,5836.0,297,5838.0,727,5840.0,1289,5842.0,132,5844.0,592,5846.0,1196,5848.0,622,5850.0,1155,5852.0,590,5844.0
TA409,,13:40:03.750#,5846.0,5860.0,5808.0,6196.0,5492.0,404556,831802,5834.0,440,5836.0,296,5838.0,727,5840.0,1284,5842.0,88,5844.0,584,5846.0,1196,5848.0,622,5850.0,1155,5852.0,590,5844.0
TA409,,13:40:04.0#,5846.0,5860.0,5808.0,6196.0,5492.0,404671,831776,5834.0,440,5836.0,295,5838.0,727,5840.0,1267,5842.0,70,5844.0,549,5846.0,1197,5848.0,610,5850.0,1155,5852.0,590,5842.0
TA409,,13:40:04.250#,5846.0,5860.0,5808.0,6196.0,5492.0,404745,831801,5834.0,440,5836.0,295,5838.0,727,5840.0,1268,5842.0,244,5844.0,529,5846.0,1197,5848.0,610,5850.0,1154,5852.0,590,5844.0
TA409,,13:40:04.500#,5846.0,5860.0,5808.0,6196.0,5492.0,404747,831802,5834.0,440,5836.0,296,5838.0,727,5840.0,1268,5842.0,331,5844.0,513,5846.0,1197,5848.0,611,5850.0,1154,5852.0,574,5842.0
TA409,,13:40:04.750#,5846.0,5860.0,5808.0,6196.0,5492.0,404748,831803,5834.0,440,5836.0,296,5838.0,727,5840.0,1269,5842.0,335,5844.0,512,5846.0,1197,5848.0,611,5850.0,1154,5852.0,574,5842.0
TA409,,13:40:05.0#,5846.0,5860.0,5808.0,6196.0,5492.0,404774,831814,5834.0,416,5836.0,296,5838.0,727,5840.0,1269,5842.0,329,5844.0,510,5846.0,1197,5848.0,611,5850.0,1154,5852.0,574,5844.0
TA409,,13:40:05.250#,5846.0,5860.0,5808.0,6196.0,5492.0,404774,831814,5834.0,416,5836.0,296,5838.0,726,5840.0,1267,5842.0,327,5844.0,510,5846.0,1197,5848.0,611,5850.0,1154,5852.0,574,5844.0
TA409,,13:40:05.500#,5846.0,5860.0,5808.0,6196.0,5492.0,404774,831814,5834.0,416,5836.0,295,5838.0,726,5840.0,1266,5842.0,327,5844.0,510,5846.0,1197,5848.0,611,5850.0,1154,5852.0,574,5844.0
TA409,,13:40:06.0#,5846.0,5860.0,5808.0,6196.0,5492.0,404780,831808,5834.0,416,5836.0,295,5838.0,726,5840.0,1266,5842.0,327,5844.0,504,5846.0,1199,5848.0,611,5850.0,1154,5852.0,574,5844.0
TA409,,13:40:06.250#,5846.0,5860.0,5808.0,6196.0,5492.0,404781,831808,5834.0,416,5836.0,295,5838.0,588,5840.0,1265,5842.0,327,5844.0,503,5846.0,1199,5848.0,611,5850.0,1154,5852.0,574,5844.0
TA409,,13:40:06.500#,5846.0,5860.0,5808.0,6196.0,5492.0,404781,831808,5834.0,416,5836.0,295,5838.0,588,5840.0,1265,5842.0,328,5844.0,505,5846.0,1199,5848.0,611,5850.0,1154,5852.0,574,5844.0
TA409,,13:40:07.0#,5846.0,5860.0,5808.0,6196.0,5492.0,404781,831808,5834.0,416,5836.0,295,5838.0,588,5840.0,1265,5842.0,329,5844.0,505,5846.0,1199,5848.0,611,5850.0,1154,5852.0,574,5844.0
TA409,,13:40:07.250#,5846.0,5860.0,5808.0,6196.0,5492.0,404782,831808,5834.0,416,5836.0,295,5838.0,588,5840.0,1265,5842.0,328,5844.0,506,5846.0,1199,5848.0,611,5850.0,1154,5852.0,574,5842.0
TA409,,13:40:07.500#,5846.0,5860.0,5808.0,6196.0,5492.0,404782,831808,5834.0,416,5836.0,295,5838.0,588,5840.0,1265,5842.0,329,5844.0,506,5846.0,1199,5848.0,611,5850.0,1154,5852.0,574,5842.0
TA409,,13:40:07.750#,5846.0,5860.0,5808.0,6196.0,5492.0,404782,831808,5834.0,416,5836.0,296,5838.0,588,5840.0,1265,5842.0,329,5844.0,512,5846.0,1200,5848.0,611,5850.0,1154,5852.0,574,5842.0
TA409,,13:40:08.0#,5846.0,5860.0,5808.0,6196.0,5492.0,404782,831808,5834.0,416,5836.0,296,5838.0,588,5840.0,1265,5842.0,335,5844.0,512,5846.0,1200,5848.0,611,5850.0,1154,5852.0,574,5842.0
TA409,,13:40:08.250#,5846.0,5860.0,5808.0,6196.0,5492.0,404784,831808,5834.0,416,5836.0,296,5838.0,588,5840.0,1265,5842.0,335,5844.0,511,5846.0,1200,5848.0,611,5850.0,1154,5852.0,574,5844.0
TA409,,13:40:08.500#,5846.0,5860.0,5808.0,6196.0,5492.0,404785,831808,5834.0,416,5836.0,296,5838.0,588,5840.0,1200,5842.0,335,5844.0,512,5846.0,1200,5848.0,611,5850.0,1154,5852.0,574,5844.0
TA409,,13:40:08.750#,5846.0,5860.0,5808.0,6196.0,5492.0,404850,831746,5834.0,416,5836.0,296,5838.0,588,5840.0,1200,5842.0,336,5844.0,448,5846.0,1200,5848.0,605,5850.0,1154,5852.0,574,5844.0
TA409,,13:40:09.0#,5846.0,5860.0,5808.0,6196.0,5492.0,404850,831746,5834.0,422,5836.0,296,5838.0,588,5840.0,1198,5842.0,404,5844.0,448,5846.0,1200,5848.0,599,5850.0,1154,5852.0,568,5844.0
TA409,,13:40:09.250#,5846.0,5860.0,5808.0,6196.0,5492.0,404850,831746,5834.0,422,5836.0,296,5838.0,588,5840.0,1196,5842.0,416,5844.0,448,5846.0,1200,5848.0,599,5850.0,1154,5852.0,568,5844.0
TA409,,13:40:09.500#,5846.0,5860.0,5808.0,6196.0,5492.0,404852,831746,5834.0,422,5836.0,296,5838.0,588,5840.0,1189,5842.0,418,5844.0,448,5846.0,1200,5848.0,599,5850.0,1154,5852.0,568,5842.0
TA409,,13:40:09.750#,5846.0,5860.0,5808.0,6196.0,5492.0,404852,831746,5834.0,422,5836.0,296,5838.0,583,5840.0,1192,5842.0,419,5844.0,449,5846.0,1200,5848.0,599,5850.0,1154,5852.0,568,5842.0
TA409,,13:40:10.0#,5846.0,5860.0,5808.0,6196.0,5492.0,404852,831746,5834.0,422,5836.0,296,5838.0,583,5840.0,1193,5842.0,422,5844.0,449,5846.0,1200,5848.0,599,5850.0,1154,5852.0,568,5842.0
TA409,,13:40:10.250#,5846.0,5860.0,5808.0,6196.0,5492.0,404852,831746,5834.0,422,5836.0,296,5838.0,623,5840.0,1193,5842.0,423,5844.0,450,5846.0,1200,5848.0,599,5850.0,1154,5852.0,568,5842.0
TA409,,13:40:10.500#,5846.0,5860.0,5808.0,6196.0,5492.0,404856,831746,5834.0,422,5836.0,296,5838.0,623,5840.0,1189,5842.0,424,5844.0,450,5846.0,1205,5848.0,599,5850.0,1154,5852.0,568,5842.0
TA409,,13:40:10.750#,5846.0,5860.0,5808.0,6196.0,5492.0,404861,831746,5834.0,422,5836.0,296,5838.0,623,5840.0,1189,5842.0,421,5844.0,450,5846.0,1207,5848.0,599,5850.0,1154,5852.0,568,5842.0
TA409,,13:40:11.0#,5846.0,5860.0,5808.0,6196.0,5492.0,404863,831746,5834.0,423,5836.0,296,5838.0,623,5840.0,1187,5842.0,424,5844.0,450,5846.0,1209,5848.0,599,5850.0,1154,5852.0,568,5844.0
TA409,,13:40:11.250#,5846.0,5860.0,5808.0,6196.0,5492.0,404863,831746,5834.0,423,5836.0,296,5838.0,623,5840.0,1187,5842.0,424,5844.0,455,5846.0,1209,5848.0,599,5850.0,1154,5852.0,568,5844.0
TA409,,13:40:11.750#,5846.0,5860.0,5808.0,6196.0,5492.0,404866,831743,5834.0,423,5836.0,296,5838.0,623,5840.0,1187,5842.0,424,5844.0,453,5846.0,1209,5848.0,599,5850.0,1154,5852.0,568,5844.0
TA409,,13:40:12.0#,5846.0,5860.0,5808.0,6196.0,5492.0,404866,831743,5834.0,423,5836.0,296,5838.0,623,5840.0,1186,5842.0,424,5844.0,454,5846.0,1209,5848.0,599,5850.0,1154,5852.0,568,5844.0
TA409,,13:40:12.250#,5846.0,5860.0,5808.0,6196.0,5492.0,404866,831743,5834.0,423,5836.0,296,5838.0,623,5840.0,1186,5842.0,424,5844.0,455,5846.0,1209,5848.0,599,5850.0,1154,5852.0,568,5844.0
TA409,,13:40:12.500#,5846.0,5860.0,5808.0,6196.0,5492.0,404866,831743,5834.0,423,5836.0,296,5838.0,623,5840.0,1186,5842.0,424,5844.0,455,5846.0,1209,5848.0,599,5850.0,1154,5852.0,568,5844.0
TA409,,13:40:12.750#,5846.0,5860.0,5808.0,6196.0,5492.0,404866,831743,5834.0,423,5836.0,296,5838.0,623,5840.0,1186,5842.0,449,5844.0,458,5846.0,1209,5848.0,599,5850.0,1154,5852.0,568,5844.0
TA409,,13:40:13.0#,5846.0,5860.0,5808.0,6196.0,5492.0,404869,831742,5834.0,423,5836.0,296,5838.0,623,5840.0,1186,5842.0,447,5844.0,452,5846.0,1209,5848.0,599,5850.0,1154,5852.0,568,5842.0
TA409,,13:40:13.250#,5846.0,5860.0,5808.0,6196.0,5492.0,404877,831734,5834.0,423,5836.0,296,5838.0,623,5840.0,1186,5842.0,447,5844.0,444,5846.0,1209,5848.0,601,5850.0,1154,5852.0,568,5844.0
TA409,,13:40:13.500#,5846.0,5860.0,5808.0,6196.0,5492.0,404891,831720,5834.0,423,5836.0,296,5838.0,623,5840.0,1186,5842.0,448,5844.0,429,5846.0,1209,5848.0,600,5850.0,1154,5852.0,568,5844.0
TA409,,13:40:13.750#,5846.0,5860.0,5808.0,6196.0,5492.0,404891,831720,5834.0,424,5836.0,296,5838.0,623,5840.0,1186,5842.0,450,5844.0,429,5846.0,1209,5848.0,600,5850.0,1154,5852.0,568,5844.0
TA409,,13:40:14.0#,5846.0,5860.0,5808.0,6196.0,5492.0,404891,831720,5834.0,424,5836.0,296,5838.0,623,5840.0,1186,5842.0,451,5844.0,430,5846.0,1235,5848.0,600,5850.0,1154,5852.0,568,5844.0
TA409,,13:40:14.250#,5846.0,5860.0,5808.0,6196.0,5492.0,404892,831720,5834.0,424,5836.0,296,5838.0,623,5840.0,1186,5842.0,449,5844.0,430,5846.0,1235,5848.0,600,5850.0,1154,5852.0,568,5842.0
TA409,,13:40:14.750#,5846.0,5860.0,5808.0,6196.0,5492.0,404892,831720,5834.0,424,5836.0,296,5838.0,623,5840.0,1186,5842.0,449,5844.0,431,5846.0,1235,5848.0,600,5850.0,1154,5852.0,568,5842.0
TA409,,13:40:15.0#,5846.0,5860.0,5808.0,6196.0,5492.0,404892,831720,5834.0,424,5836.0,296,5838.0,623,5840.0,1190,5842.0,450,5844.0,431,5846.0,1235,5848.0,601,5850.0,1154,5852.0,568,5842.0
TA409,,13:40:15.500#,5846.0,5860.0,5808.0,6196.0,5492.0,404892,831720,5834.0,424,5836.0,295,5838.0,623,5840.0,1191,5842.0,450,5844.0,441,5846.0,1235,5848.0,601,5850.0,1154,5852.0,568,5842.0
TA409,,13:40:15.750#,5846.0,5860.0,5808.0,6196.0,5492.0,404893,831719,5834.0,424,5836.0,295,5838.0,623,5840.0,1191,5842.0,460,5844.0,439,5846.0,1235,5848.0,601,5850.0,1154,5852.0,568,5844.0
TA409,,13:40:16.0#,5846.0,5860.0,5808.0,6196.0,5492.0,404916,831707,5834.0,424,5836.0,295,5838.0,623,5840.0,1191,5842.0,463,5844.0,416,5846.0,1235,5848.0,601,5850.0,1154,5852.0,568,5844.0
TA409,,13:40:16.250#,5846.0,5860.0,5808.0,6196.0,5492.0,404916,831707,5834.0,424,5836.0,295,5838.0,623,5840.0,1189,5842.0,464,5844.0,418,5846.0,1235,5848.0,601,5850.0,1154,5852.0,568,5844.0
TA409,,13:40:16.500#,5846.0,5860.0,5808.0,6196.0,5492.0,404916,831707,5834.0,424,5836.0,295,5838.0,623,5840.0,1189,5842.0,466,5844.0,416,5846.0,1236,5848.0,601,5850.0,1154,5852.0,568,5844.0
TA409,,13:40:17.0#,5846.0,5860.0,5808.0,6196.0,5492.0,404921,831711,5834.0,424,5836.0,295,5838.0,623,5840.0,1189,5842.0,461,5844.0,416,5846.0,1236,5848.0,601,5850.0,1154,5852.0,568,5842.0
TA409,,13:40:17.250#,5846.0,5860.0,5808.0,6196.0,5492.0,404922,831711,5834.0,424,5836.0,295,5838.0,623,5840.0,1189,5842.0,462,5844.0,416,5846.0,1236,5848.0,601,5850.0,1154,5852.0,568,5844.0
TA409,,13:40:17.750#,5846.0,5860.0,5808.0,6196.0,5492.0,404922,831711,5834.0,424,5836.0,295,5838.0,623,5840.0,1188,5842.0,462,5844.0,417,5846.0,1236,5848.0,601,5850.0,1154,5852.0,568,5844.0
TA409,,13:40:18.0#,5846.0,5860.0,5808.0,6196.0,5492.0,404931,831711,5834.0,424,5836.0,295,5838.0,623,5840.0,1188,5842.0,462,5844.0,412,5846.0,1236,5848.0,601,5850.0,1154,5852.0,568,5844.0
TA409,,13:40:18.250#,5846.0,5860.0,5808.0,6196.0,5492.0,404931,831711,5834.0,424,5836.0,295,5838.0,623,5840.0,1188,5842.0,498,5844.0,413,5846.0,1236,5848.0,601,5850.0,1154,5852.0,568,5844.0
TA409,,13:40:18.500#,5846.0,5860.0,5808.0,6196.0,5492.0,404947,831708,5834.0,424,5836.0,295,5838.0,623,5840.0,1188,5842.0,483,5844.0,414,5846.0,1236,5848.0,601,5850.0,1154,5852.0,568,5842.0
TA409,,13:40:18.750#,5846.0,5860.0,5808.0,6196.0,5492.0,404957,831708,5834.0,424,5836.0,295,5838.0,623,5840.0,1178,5842.0,482,5844.0,404,5846.0,1236,5848.0,601,5850.0,1154,5852.0,568,5844.0
TA409,,13:40:19.0#,5846.0,5860.0,5808.0,6196.0,5492.0,404958,831709,5834.0,424,5836.0,295,5838.0,623,5840.0,1176,5842.0,481,5844.0,403,5846.0,1236,5848.0,601,5850.0,1154,5852.0,568,5844.0
TA409,,13:40:19.250#,5846.0,5860.0,5808.0,6196.0,5492.0,404960,831708,5834.0,424,5836.0,295,5838.0,623,5840.0,1091,5842.0,480,5844.0,403,5846.0,1236,5848.0,601,5850.0,1154,5852.0,568,5842.0
TA409,,13:40:19.500#,5846.0,5860.0,5808.0,6196.0,5492.0,404961,831708,5834.0,424,5836.0,295,5838.0,623,5840.0,1091,5842.0,480,5844.0,402,5846.0,1236,5848.0,601,5850.0,1154,5852.0,568,5844.0
TA409,,13:40:19.750#,5846.0,5860.0,5808.0,6196.0,5492.0,404961,831708,5834.0,424,5836.0,295,5838.0,623,5840.0,1092,5842.0,480,5844.0,402,5846.0,1236,5848.0,601,5850.0,1154,5852.0,568,5844.0
TA409,,13:40:20.0#,5846.0,5860.0,5808.0,6196.0,5492.0,404961,831708,5834.0,424,5836.0,295,5838.0,623,5840.0,1092,5842.0,480,5844.0,402,5846.0,1236,5848.0,601,5850.0,1154,5852.0,568,5844.0
TA409,,13:40:20.250#,5846.0,5860.0,5808.0,6196.0,5492.0,404961,831708,5834.0,425,5836.0,295,5838.0,623,5840.0,1092,5842.0,505,5844.0,402,5846.0,1236,5848.0,601,5850.0,1154,5852.0,568,5844.0
TA409,,13:40:20.500#,5846.0,5860.0,5808.0,6196.0,5492.0,404961,831708,5834.0,425,5836.0,295,5838.0,623,5840.0,1092,5842.0,508,5844.0,402,5846.0,1236,5848.0,601,5850.0,1154,5852.0,568,5844.0
TA409,,13:40:20.750#,5846.0,5860.0,5808.0,6196.0,5492.0,404961,831708,5834.0,425,5836.0,295,5838.0,623,5840.0,1092,5842.0,514,5844.0,402,5846.0,1236,5848.0,601,5850.0,1154,5852.0,569,5844.0
TA409,,13:40:21.0#,5846.0,5860.0,5808.0,6196.0,5492.0,405111,831663,5834.0,425,5836.0,310,5838.0,623,5840.0,1092,5842.0,418,5844.0,352,5846.0,1236,5848.0,601,5850.0,1154,5852.0,569,5844.0
TA409,,13:40:21.250#,5846.0,5860.0,5808.0,6196.0,5492.0,405111,831663,5834.0,425,5836.0,310,5838.0,623,5840.0,1092,5842.0,453,5844.0,389,5846.0,1236,5848.0,601,5850.0,1154,5852.0,569,5844.0
TA409,,13:40:21.500#,5846.0,5860.0,5808.0,6196.0,5492.0,405111,831663,5834.0,425,5836.0,310,5838.0,623,5840.0,1092,5842.0,453,5844.0,402,5846.0,1236,5848.0,601,5850.0,1154,5852.0,569,5844.0
TA409,,13:40:21.750#,5846.0,5860.0,5808.0,6196.0,5492.0,405111,831663,5834.0,425,5836.0,310,5838.0,658,5840.0,1092,5842.0,453,5844.0,402,5846.0,1236,5848.0,601,5850.0,1154,5852.0,569,5844.0
TA409,,13:40:22.0#,5846.0,5860.0,5808.0,6196.0,5492.0,405111,831663,5834.0,425,5836.0,310,5838.0,658,5840.0,1092,5842.0,453,5844.0,403,5846.0,1236,5848.0,601,5850.0,1154,5852.0,569,5844.0
TA409,,13:40:22.250#,5846.0,5860.0,5808.0,6196.0,5492.0,405111,831663,5834.0,425,5836.0,310,5838.0,658,5840.0,1092,5842.0,455,5844.0,403,5846.0,1236,5848.0,601,5850.0,1154,5852.0,569,5844.0
TA409,,13:40:22.500#,5846.0,5860.0,5808.0,6196.0,5492.0,405119,831657,5834.0,425,5836.0,310,5838.0,658,5840.0,1092,5842.0,447,5844.0,406,5846.0,1236,5848.0,601,5850.0,1154,5852.0,569,5842.0
TA409,,13:40:22.750#,5846.0,5860.0,5808.0,6196.0,5492.0,405120,831657,5834.0,425,5836.0,310,5838.0,658,5840.0,1092,5842.0,448,5844.0,405,5846.0,1236,5848.0,605,5850.0,1154,5852.0,569,5844.0
TA409,,13:40:23.0#,5846.0,5860.0,5808.0,6196.0,5492.0,405141,831645,5834.0,427,5836.0,310,5838.0,658,5840.0,1092,5842.0,448,5844.0,394,5846.0,1236,5848.0,605,5850.0,1154,5852.0,569,5844.0
TA409,,13:40:23.250#,5846.0,5860.0,5808.0,6196.0,5492.0,405141,831645,5834.0,427,5836.0,310,5838.0,658,5840.0,1092,5842.0,448,5844.0,395,5846.0,1236,5848.0,605,5850.0,1154,5852.0,569,5844.0
TA409,,13:40:23.500#,5846.0,5860.0,5808.0,6196.0,5492.0,405159,831643,5834.0,427,5836.0,310,5838.0,658,5840.0,1090,5842.0,434,5844.0,412,5846.0,1236,5848.0,605,5850.0,1154,5852.0,569,5844.0
TA409,,13:40:23.750#,5846.0,5860.0,5808.0,6196.0,5492.0,405161,831641,5834.0,527,5836.0,310,5838.0,658,5840.0,1090,5842.0,434,5844.0,411,5846.0,1236,5848.0,605,5850.0,1154,5852.0,569,5844.0
TA409,,13:40:24.0#,5846.0,5860.0,5808.0,6196.0,5492.0,405161,831641,5834.0,527,5836.0,310,5838.0,658,5840.0,1090,5842.0,436,5844.0,411,5846.0,1236,5848.0,605,5850.0,1154,5852.0,569,5844.0
TA409,,13:40:24.250#,5846.0,5860.0,5808.0,6196.0,5492.0,405162,831641,5834.0,527,5836.0,310,5838.0,658,5840.0,1090,5842.0,436,5844.0,410,5846.0,1236,5848.0,605,5850.0,1154,5852.0,569,5844.0
TA409,,13:40:24.500#,5846.0,5860.0,5808.0,6196.0,5492.0,405162,831641,5834.0,527,5836.0,310,5838.0,658,5840.0,1090,5842.0,437,5844.0,413,5846.0,1236,5848.0,605,5850.0,1154,5852.0,569,5844.0
TA409,,13:40:24.750#,5846.0,5860.0,5808.0,6196.0,5492.0,405167,831640,5834.0,527,5836.0,310,5838.0,658,5840.0,1090,5842.0,437,5844.0,408,5846.0,1236,5848.0,605,5850.0,1154,5852.0,569,5844.0
TA409,,13:40:25.0#,5846.0,5860.0,5808.0,6196.0,5492.0,405169,831640,5834.0,527,5836.0,310,5838.0,658,5840.0,1090,5842.0,434,5844.0,408,5846.0,1246,5848.0,605,5850.0,1154,5852.0,569,5842.0
TA409,,13:40:25.250#,5846.0,5860.0,5808.0,6196.0,5492.0,405279,831640,5834.0,525,5836.0,310,5838.0,658,5840.0,1090,5842.0,538,5844.0,397,5846.0,1248,5848.0,605,5850.0,1154,5852.0,569,5844.0
TA409,,13:40:25.500#,5846.0,5860.0,5808.0,6196.0,5492.0,405279,831640,5834.0,525,5836.0,310,5838.0,658,5840.0,1090,5842.0,539,5844.0,393,5846.0,1248,5848.0,605,5850.0,1154,5852.0,569,5844.0
TA409,,13:40:25.750#,5846.0,5860.0,5808.0,6196.0,5492.0,405279,831640,5834.0,525,5836.0,310,5838.0,658,5840.0,1090,5842.0,552,5844.0,393,5846.0,1248,5848.0,605,5850.0,1154,5852.0,569,5844.0
TA409,,13:40:26.0#,5846.0,5860.0,5808.0,6196.0,5492.0,405282,831642,5834.0,525,5836.0,310,5838.0,658,5840.0,1090,5842.0,547,5844.0,382,5846.0,1250,5848.0,605,5850.0,1154,5852.0,569,5844.0
TA409,,13:40:26.250#,5846.0,5860.0,5808.0,6196.0,5492.0,405282,831642,5834.0,525,5836.0,310,5838.0,658,5840.0,1089,5842.0,547,5844.0,382,5846.0,1250,5848.0,605,5850.0,1155,5852.0,569,5844.0
TA409,,13:40:26.500#,5846.0,5860.0,5808.0,6196.0,5492.0,405282,831642,5834.0,525,5836.0,310,5838.0,658,5840.0,1089,5842.0,553,5844.0,382,5846.0,1250,5848.0,606,5850.0,1155,5852.0,569,5844.0
TA409,,13:40:26.750#,5846.0,5860.0,5808.0,6196.0,5492.0,405282,831642,5834.0,525,5836.0,310,5838.0,658,5840.0,1089,5842.0,554,5844.0,382,5846.0,1250,5848.0,606,5850.0,1155,5852.0,569,5844.0
TA409,,13:40:27.0#,5846.0,5860.0,5808.0,6196.0,5492.0,405284,831640,5834.0,525,5836.0,310,5838.0,658,5840.0,1079,5842.0,562,5844.0,385,5846.0,1250,5848.0,606,5850.0,1155,5852.0,569,5842.0
TA409,,13:40:27.250#,5846.0,5860.0,5808.0,6196.0,5492.0,405284,831640,5834.0,525,5836.0,310,5838.0,658,5840.0,1079,5842.0,562,5844.0,385,5846.0,1250,5848.0,606,5850.0,1155,5852.0,569,5842.0
TA409,,13:40:27.500#,5846.0,5860.0,5808.0,6196.0,5492.0,405285,831640,5834.0,525,5836.0,310,5838.0,658,5840.0,1079,5842.0,552,5844.0,384,5846.0,1250,5848.0,606,5850.0,1155,5852.0,569,5844.0
TA409,,13:40:27.750#,5846.0,5860.0,5808.0,6196.0,5492.0,405285,831640,5834.0,525,5836.0,310,5838.0,658,5840.0,1079,5842.0,558,5844.0,384,5846.0,1250,5848.0,606,5850.0,1155,5852.0,569,5844.0
TA409,,13:40:28.0#,5846.0,5860.0,5808.0,6196.0,5492.0,405285,831640,5834.0,525,5836.0,310,5838.0,658,5840.0,1079,5842.0,562,5844.0,384,5846.0,1250,5848.0,606,5850.0,1155,5852.0,569,5844.0
TA409,,13:40:28.250#,5846.0,5860.0,5808.0,6196.0,5492.0,405285,831640,5834.0,525,5836.0,310,5838.0,658,5840.0,1079,5842.0,562,5844.0,385,5846.0,1250,5848.0,606,5850.0,1155,5852.0,569,5844.0
TA409,,13:40:28.750#,5846.0,5860.0,5808.0,6196.0,5492.0,405285,831640,5834.0,525,5836.0,310,5838.0,658,5840.0,1079,5842.0,582,5844.0,386,5846.0,1250,5848.0,606,5850.0,1155,5852.0,569,5844.0
TA409,,13:40:29.0#,5846.0,5860.0,5808.0,6196.0,5492.0,405285,831640,5834.0,525,5836.0,310,5838.0,658,5840.0,1079,5842.0,582,5844.0,318,5846.0,1250,5848.0,606,5850.0,1160,5852.0,569,5844.0
TA409,,13:40:29.250#,5846.0,5860.0,5808.0,6196.0,5492.0,405285,831640,5834.0,525,5836.0,315,5838.0,657,5840.0,1079,5842.0,600,5844.0,260,5846.0,1250,5848.0,606,5850.0,1160,5852.0,569,5844.0
TA409,,13:40:29.500#,5846.0,5860.0,5808.0,6196.0,5492.0,405285,831640,5834.0,525,5836.0,315,5838.0,657,5840.0,1078,5842.0,602,5844.0,261,5846.0,1250,5848.0,606,5850.0,1160,5852.0,569,5844.0
TA409,,13:40:29.750#,5846.0,5860.0,5808.0,6196.0,5492.0,405546,831456,5834.0,525,5836.0,315,5838.0,657,5840.0,1079,5842.0,602,5846.0,1479,5848.0,606,5850.0,1160,5852.0,569,5854.0,228,5844.0
TA409,,13:40:30.0#,5846.0,5860.0,5808.0,6196.0,5492.0,405551,831456,5834.0,525,5836.0,315,5838.0,657,5840.0,1079,5842.0,562,5846.0,1481,5848.0,657,5850.0,1162,5852.0,570,5854.0,298,5844.0
TA409,,13:40:30.250#,5846.0,5860.0,5808.0,6196.0,5492.0,405551,831456,5834.0,525,5836.0,315,5838.0,657,5840.0,1079,5842.0,562,5844.0,67,5846.0,1277,5848.0,657,5850.0,1162,5852.0,570,5844.0
TA409,,13:40:30.500#,5846.0,5860.0,5808.0,6196.0,5492.0,405551,831456,5834.0,525,5836.0,315,5838.0,657,5840.0,1088,5842.0,562,5844.0,206,5846.0,1352,5848.0,657,5850.0,1162,5852.0,570,5844.0
TA409,,13:40:30.750#,5846.0,5860.0,5808.0,6196.0,5492.0,405551,831456,5834.0,525,5836.0,315,5838.0,657,5840.0,1087,5842.0,562,5844.0,214,5846.0,1354,5848.0,657,5850.0,1162,5852.0,570,5844.0
TA409,,13:40:31.0#,5846.0,5860.0,5808.0,6196.0,5492.0,405552,831456,5834.0,525,5836.0,315,5838.0,657,5840.0,1087,5842.0,562,5844.0,217,5846.0,1354,5848.0,657,5850.0,1162,5852.0,570,5844.0
TA409,,13:40:31.250#,5846.0,5860.0,5808.0,6196.0,5492.0,405767,831253,5834.0,525,5836.0,315,5838.0,657,5840.0,1086,5842.0,562,5844.0,2,5846.0,1354,5848.0,657,5850.0,1162,5852.0,570,5844.0
TA409,,13:40:31.500#,5846.0,5860.0,5808.0,6196.0,5492.0,405865,831180,5834.0,525,5836.0,315,5838.0,657,5840.0,1086,5842.0,570,5846.0,1577,5848.0,657,5850.0,1162,5852.0,570,5854.0,298,5844.0
TA409,,13:40:31.750#,5846.0,5860.0,5808.0,6196.0,5492.0,405872,831176,5834.0,525,5836.0,315,5838.0,657,5840.0,1086,5842.0,569,5846.0,1579,5848.0,657,5850.0,1162,5852.0,570,5854.0,298,5844.0
TA409,,13:40:32.0#,5846.0,5860.0,5808.0,6196.0,5492.0,405876,831176,5834.0,525,5836.0,315,5838.0,657,5840.0,1086,5842.0,568,5844.0,207,5846.0,1384,5848.0,657,5850.0,1162,5852.0,570,5844.0
TA409,,13:40:32.250#,5846.0,5860.0,5808.0,6196.0,5492.0,405884,831168,5834.0,525,5836.0,315,5838.0,657,5840.0,1086,5842.0,561,5844.0,240,5846.0,1386,5848.0,657,5850.0,1162,5852.0,570,5844.0
TA409,,13:40:32.500#,5846.0,5860.0,5808.0,6196.0,5492.0,405885,831168,5834.0,525,5836.0,316,5838.0,657,5840.0,1086,5842.0,561,5844.0,239,5846.0,1356,5848.0,657,5850.0,1162,5852.0,570,5844.0
TA409,,13:40:32.750#,5846.0,5860.0,5808.0,6196.0,5492.0,405885,831168,5834.0,525,5836.0,316,5838.0,657,5840.0,1086,5842.0,562,5844.0,239,5846.0,1356,5848.0,657,5850.0,1162,5852.0,570,5844.0
TA409,,13:40:33.0#,5846.0,5860.0,5808.0,6196.0,5492.0,405885,831168,5834.0,525,5836.0,316,5838.0,657,5840.0,1084,5842.0,562,5844.0,240,5846.0,1356,5848.0,657,5850.0,1162,5852.0,570,5844.0
TA409,,13:40:33.500#,5846.0,5860.0,5808.0,6196.0,5492.0,405885,831168,5834.0,525,5836.0,316,5838.0,657,5840.0,1084,5842.0,562,5844.0,243,5846.0,1358,5848.0,657,5850.0,1162,5852.0,570,5844.0
TA409,,13:40:33.750#,5846.0,5860.0,5808.0,6196.0,5492.0,405885,831168,5834.0,525,5836.0,316,5838.0,657,5840.0,1084,5842.0,564,5844.0,245,5846.0,1358,5848.0,657,5850.0,1162,5852.0,570,5844.0
TA409,,13:40:34.0#,5846.0,5860.0,5808.0,6196.0,5492.0,405888,831167,5834.0,525,5836.0,316,5838.0,667,5840.0,1084,5842.0,563,5844.0,243,5846.0,1358,5848.0,657,5850.0,1162,5852.0,570,5844.0
TA409,,13:40:34.250#,5846.0,5860.0,5808.0,6196.0,5492.0,405896,831163,5834.0,525,5836.0,316,5838.0,667,5840.0,1084,5842.0,729,5844.0,236,5846.0,1358,5848.0,657,5850.0,1162,5852.0,570,5844.0
TA409,,13:40:34.500#,5846.0,5860.0,5808.0,6196.0,5492.0,405930,831172,5836.0,316,5838.0,667,5840.0,1084,5842.0,693,5844.0,39,5846.0,1638,5848.0,657,5850.0,1162,5852.0,570,5854.0,298,5844.0
TA409,,13:40:34.750#,5846.0,5860.0,5808.0,6196.0,5492.0,405933,831174,5836.0,397,5838.0,651,5840.0,1084,5842.0,694,5844.0,60,5846.0,1626,5848.0,657,5850.0,1162,5852.0,570,5854.0,298,5844.0
TA409,,13:40:35.0#,5846.0,5860.0,5808.0,6196.0,5492.0,405963,831201,5836.0,397,5838.0,650,5840.0,1084,5842.0,689,5844.0,86,5846.0,1637,5848.0,657,5850.0,1162,5852.0,570,5854.0,298,5844.0
TA409,,13:40:35.250#,5846.0,5860.0,5808.0,6196.0,5492.0,405972,831198,5836.0,397,5838.0,650,5840.0,1084,5842.0,689,5844.0,77,5846.0,1629,5848.0,657,5850.0,1162,5852.0,570,5854.0,298,5844.0
TA409,,13:40:35.500#,5846.0,5860.0,5808.0,6196.0,5492.0,406067,831188,5836.0,397,5838.0,650,5840.0,1084,5842.0,683,5844.0,7,5846.0,1631,5848.0,657,5850.0,1162,5852.0,570,5854.0,298,5844.0
TA409,,13:40:35.750#,5846.0,5860.0,5808.0,6196.0,5492.0,406074,831188,5834.0,522,5836.0,397,5838.0,651,5840.0,1084,5842.0,721,5844.0,37,5846.0,1399,5848.0,657,5850.0,1162,5852.0,570,5844.0
TA409,,13:40:36.0#,5846.0,5860.0,5808.0,6196.0,5492.0,406114,831166,5834.0,523,5836.0,397,5838.0,651,5840.0,1084,5842.0,713,5844.0,119,5846.0,1371,5848.0,658,5850.0,1183,5852.0,570,5844.0
TA409,,13:40:36.250#,5846.0,5860.0,5808.0,6196.0,5492.0,406118,831169,5834.0,523,5836.0,397,5838.0,651,5840.0,1084,5842.0,635,5844.0,153,5846.0,1371,5848.0,658,5850.0,1184,5852.0,570,5842.0
TA409,,13:40:36.500#,5846.0,5860.0,5808.0,6196.0,5492.0,406121,831170,5834.0,523,5836.0,397,5838.0,651,5840.0,1084,5842.0,661,5844.0,230,5846.0,1371,5848.0,644,5850.0,1184,5852.0,570,5842.0
TA409,,13:40:36.750#,5846.0,5860.0,5808.0,6196.0,5492.0,406121,831170,5834.0,523,5836.0,397,5838.0,651,5840.0,1084,5842.0,661,5844.0,232,5846.0,1371,5848.0,644,5850.0,1184,5852.0,570,5842.0
TA409,,13:40:37.0#,5846.0,5860.0,5808.0,6196.0,5492.0,406122,831170,5834.0,523,5836.0,397,5838.0,651,5840.0,1084,5842.0,662,5844.0,234,5846.0,1372,5848.0,644,5850.0,1184,5852.0,570,5842.0
TA409,,13:40:37.250#,5846.0,5860.0,5808.0,6196.0,5492.0,406123,831170,5834.0,523,5836.0,397,5838.0,651,5840.0,1084,5842.0,662,5844.0,234,5846.0,1372,5848.0,644,5850.0,1184,5852.0,570,5844.0
TA409,,13:40:37.500#,5846.0,5860.0,5808.0,6196.0,5492.0,406123,831170,5834.0,523,5836.0,397,5838.0,650,5840.0,1084,5842.0,662,5844.0,234,5846.0,1372,5848.0,644,5850.0,1184,5852.0,570,5844.0
TA409,,13:40:37.750#,5846.0,5860.0,5808.0,6196.0,5492.0,406124,831170,5834.0,524,5836.0,397,5838.0,650,5840.0,1084,5842.0,661,5844.0,234,5846.0,1372,5848.0,644,5850.0,1184,5852.0,570,5842.0
TA409,,13:40:38.0#,5846.0,5860.0,5808.0,6196.0,5492.0,406125,831169,5834.0,524,5836.0,397,5838.0,650,5840.0,1084,5842.0,661,5844.0,233,5846.0,1372,5848.0,644,5850.0,1184,5852.0,570,5844.0
TA409,,13:40:38.250#,5846.0,5860.0,5808.0,6196.0,5492.0,406146,831168,5834.0,524,5836.0,397,5838.0,650,5840.0,1084,5842.0,661,5844.0,213,5846.0,1372,5848.0,644,5850.0,1184,5852.0,570,5844.0
TA409,,13:40:38.500#,5846.0,5860.0,5808.0,6196.0,5492.0,406230,831107,5834.0,524,5836.0,398,5838.0,650,5840.0,1084,5842.0,661,5844.0,34,5846.0,1372,5848.0,644,5850.0,1184,5852.0,570,5844.0
TA409,,13:40:38.750#,5846.0,5860.0,5808.0,6196.0,5492.0,406245,831113,5836.0,398,5838.0,650,5840.0,1084,5842.0,631,5844.0,33,5846.0,1585,5848.0,644,5850.0,1184,5852.0,570,5854.0,298,5844.0
TA409,,13:40:39.0#,5846.0,5860.0,5808.0,6196.0,5492.0,406248,831116,5836.0,398,5838.0,650,5840.0,1084,5842.0,643,5844.0,168,5846.0,1614,5848.0,644,5850.0,1184,5852.0,570,5854.0,298,5844.0
TA409,,13:40:39.250#,5846.0,5860.0,5808.0,6196.0,5492.0,406256,831118,5836.0,398,5838.0,650,5840.0,1084,5842.0,633,5844.0,96,5846.0,1605,5848.0,644,5850.0,1184,5852.0,570,5854.0,298,5844.0
TA409,,13:40:39.500#,5846.0,5860.0,5808.0,6196.0,5492.0,406307,831116,5834.0,523,5836.0,398,5838.0,649,5840.0,1084,5842.0,665,5844.0,75,5846.0,1378,5848.0,644,5850.0,1184,5852.0,570,5844.0
TA409,,13:40:39.750#,5846.0,5860.0,5808.0,6196.0,5492.0,406307,831116,5834.0,524,5836.0,398,5838.0,650,5840.0,1084,5842.0,665,5844.0,101,5846.0,1380,5848.0,644,5850.0,1184,5852.0,570,5844.0
TA409,,13:40:40.0#,5846.0,5860.0,5808.0,6196.0,5492.0,406310,831119,5834.0,524,5836.0,398,5838.0,650,5840.0,1084,5842.0,662,5844.0,136,5846.0,1366,5848.0,644,5850.0,1183,5852.0,570,5842.0
TA409,,13:40:40.250#,5846.0,5860.0,5808.0,6196.0,5492.0,406310,831119,5834.0,524,5836.0,398,5838.0,650,5840.0,1084,5842.0,662,5844.0,147,5846.0,1366,5848.0,644,5850.0,1183,5852.0,570,5842.0
TA409,,13:40:40.500#,5846.0,5860.0,5808.0,6196.0,5492.0,406310,831119,5834.0,524,5836.0,398,5838.0,650,5840.0,1084,5842.0,662,5844.0,151,5846.0,1366,5848.0,644,5850.0,1183,5852.0,570,5842.0
TA409,,13:40:40.750#,5846.0,5860.0,5808.0,6196.0,5492.0,406310,831119,5834.0,524,5836.0,398,5838.0,650,5840.0,1084,5842.0,663,5844.0,164,5846.0,1366,5848.0,644,5850.0,1183,5852.0,570,5842.0
TA409,,13:40:41.0#,5846.0,5860.0,5808.0,6196.0,5492.0,406310,831119,5834.0,524,5836.0,398,5838.0,650,5840.0,1084,5842.0,668,5844.0,165,5846.0,1366,5848.0,644,5850.0,1183,5852.0,570,5842.0
TA409,,13:40:41.500#,5846.0,5860.0,5808.0,6196.0,5492.0,406310,831119,5834.0,574,5836.0,398,5838.0,650,5840.0,1081,5842.0,672,5844.0,165,5846.0,1366,5848.0,644,5850.0,1183,5852.0,570,5842.0
TA409,,13:40:41.750#,5846.0,5860.0,5808.0,6196.0,5492.0,406310,831119,5834.0,575,5836.0,398,5838.0,651,5840.0,1081,5842.0,672,5844.0,123,5846.0,1366,5848.0,644,5850.0,1183,5852.0,570,5842.0
TA409,,13:40:42.0#,5846.0,5860.0,5808.0,6196.0,5492.0,406325,831119,5834.0,575,5836.0,398,5838.0,651,5840.0,1081,5842.0,662,5844.0,118,5846.0,1366,5848.0,644,5850.0,1183,5852.0,570,5844.0
TA409,,13:40:42.250#,5846.0,5860.0,5808.0,6196.0,5492.0,406334,831119,5834.0,575,5836.0,398,5838.0,651,5840.0,1081,5842.0,663,5844.0,138,5846.0,1366,5848.0,644,5850.0,1183,5852.0,570,5844.0
TA409,,13:40:42.500#,5846.0,5860.0,5808.0,6196.0,5492.0,406335,831119,5834.0,575,5836.0,398,5838.0,651,5840.0,1081,5842.0,665,5844.0,138,5846.0,1366,5848.0,644,5850.0,1183,5852.0,570,5844.0
TA409,,13:40:43.0#,5846.0,5860.0,5808.0,6196.0,5492.0,406335,831119,5834.0,575,5836.0,398,5838.0,651,5840.0,1081,5842.0,665,5844.0,108,5846.0,1366,5848.0,644,5850.0,1183,5852.0,570,5844.0
TA409,,13:40:43.500#,5846.0,5860.0,5808.0,6196.0,5492.0,406400,831114,5834.0,575,5836.0,398,5838.0,651,5840.0,1081,5842.0,665,5844.0,37,5846.0,1366,5848.0,644,5850.0,1183,5852.0,570,5844.0
TA409,,13:40:43.750#,5846.0,5860.0,5808.0,6196.0,5492.0,406400,831114,5834.0,575,5836.0,398,5838.0,651,5840.0,1081,5842.0,665,5844.0,12,5846.0,1366,5848.0,644,5850.0,1183,5852.0,570,5844.0
TA409,,13:40:44.0#,5846.0,5860.0,5808.0,6196.0,5492.0,406415,831115,5834.0,575,5836.0,398,5838.0,651,5840.0,1081,5842.0,655,5844.0,116,5846.0,1366,5848.0,644,5850.0,1184,5852.0,570,5842.0
TA409,,13:40:44.250#,5846.0,5860.0,5808.0,6196.0,5492.0,406415,831115,5834.0,575,5836.0,398,5838.0,651,5840.0,1081,5842.0,655,5844.0,173,5846.0,1396,5848.0,644,5850.0,1184,5852.0,570,5842.0
TA409,,13:40:44.500#,5846.0,5860.0,5808.0,6196.0,5492.0,406415,831115,5834.0,575,5836.0,398,5838.0,651,5840.0,1081,5842.0,657,5844.0,203,5846.0,1396,5848.0,644,5850.0,1184,5852.0,570,5842.0
TA409,,13:40:44.750#,5846.0,5860.0,5808.0,6196.0,5492.0,406432,831099,5834.0,575,5836.0,398,5838.0,651,5840.0,1080,5842.0,658,5844.0,95,5846.0,1396,5848.0,644,5850.0,1184,5852.0,570,5844.0
TA409,,13:40:45.0#,5846.0,5860.0,5808.0,6196.0,5492.0,406432,831099,5834.0,575,5836.0,398,5838.0,651,5840.0,1080,5842.0,658,5844.0,48,5846.0,1397,5848.0,644,5850.0,1184,5852.0,570,5844.0
TA409,,13:40:45.250#,5846.0,5860.0,5808.0,6196.0,5492.0,406442,831099,5834.0,575,5836.0,398,5838.0,651,5840.0,1080,5842.0,663,5844.0,147,5846.0,1397,5848.0,644,5850.0,1183,5852.0,570,5842.0
TA409,,13:40:45.500#,5846.0,5860.0,5808.0,6196.0,5492.0,406444,831101,5834.0,575,5836.0,398,5838.0,651,5840.0,1080,5842.0,663,5844.0,196,5846.0,1397,5848.0,644,5850.0,1183,5852.0,570,5842.0
TA409,,13:40:45.750#,5846.0,5860.0,5808.0,6196.0,5492.0,406446,831101,5834.0,575,5836.0,398,5838.0,656,5840.0,1080,5842.0,663,5844.0,201,5846.0,1397,5848.0,644,5850.0,1183,5852.0,570,5844.0
TA409,,13:40:46.0#,5846.0,5860.0,5808.0,6196.0,5492.0,406466,831119,5834.0,575,5836.0,398,5838.0,656,5840.0,1080,5842.0,643,5844.0,231,5846.0,1397,5848.0,644,5850.0,1183,5852.0,570,5842.0
TA409,,13:40:46.250#,5846.0,5860.0,5808.0,6196.0,5492.0,406466,831119,5834.0,575,5836.0,398,5838.0,656,5840.0,1081,5842.0,635,5844.0,234,5846.0,1397,5848.0,644,5850.0,1183,5852.0,570,5842.0
TA409,,13:40:46.500#,5846.0,5860.0,5808.0,6196.0,5492.0,406466,831119,5834.0,575,5836.0,398,5838.0,656,5840.0,1082,5842.0,634,5844.0,235,5846.0,1397,5848.0,644,5850.0,1183,5852.0,570,5842.0
TA409,,13:40:46.750#,5846.0,5860.0,5808.0,6196.0,5492.0,406476,831119,5834.0,575,5836.0,398,5838.0,656,5840.0,1082,5842.0,624,5844.0,236,5846.0,1396,5848.0,644,5850.0,1183,5852.0,570,5842.0
TA409,,13:40:47.0#,5846.0,5860.0,5808.0,6196.0,5492.0,406476,831119,5834.0,575,5836.0,398,5838.0,656,5840.0,1081,5842.0,624,5844.0,236,5846.0,1396,5848.0,644,5850.0,1183,5852.0,570,5842.0
TA409,,13:40:47.500#,5846.0,5860.0,5808.0,6196.0,5492.0,406484,831120,5834.0,575,5836.0,398,5838.0,656,5840.0,1081,5842.0,624,5844.0,229,5846.0,1397,5848.0,644,5850.0,1184,5852.0,490,5844.0
TA409,,13:40:47.750#,5846.0,5860.0,5808.0,6196.0,5492.0,406484,831120,5834.0,575,5836.0,398,5838.0,656,5840.0,1081,5842.0,625,5844.0,229,5846.0,1397,5848.0,644,5850.0,1184,5852.0,551,5844.0
TA409,,13:40:48.0#,5846.0,5860.0,5808.0,6196.0,5492.0,406516,831125,5834.0,575,5836.0,398,5838.0,656,5840.0,1081,5842.0,600,5844.0,229,5846.0,1397,5848.0,644,5850.0,1184,5852.0,551,5842.0
TA409,,13:40:48.250#,5846.0,5860.0,5808.0,6196.0,5492.0,406518,831126,5834.0,575,5836.0,398,5838.0,656,5840.0,1080,5842.0,602,5844.0,333,5846.0,1397,5848.0,644,5850.0,1184,5852.0,551,5844.0
TA409,,13:40:48.500#,5846.0,5860.0,5808.0,6196.0,5492.0,406518,831126,5834.0,575,5836.0,398,5838.0,656,5840.0,1080,5842.0,602,5844.0,385,5846.0,1397,5848.0,644,5850.0,1184,5852.0,551,5844.0
TA409,,13:40:48.750#,5846.0,5860.0,5808.0,6196.0,5492.0,406578,831158,5834.0,575,5836.0,398,5838.0,656,5840.0,1080,5842.0,542,5844.0,428,5846.0,1397,5848.0,644,5850.0,1184,5852.0,551,5842.0
TA409,,13:40:49.0#,5846.0,5860.0,5808.0,6196.0,5492.0,406578,831158,5834.0,575,5836.0,398,5838.0,656,5840.0,1080,5842.0,542,5844.0,433,5846.0,1397,5848.0,644,5850.0,1184,5852.0,551,5842.0
TA409,,13:40:49.250#,5846.0,5860.0,5808.0,6196.0,5492.0,406578,831158,5834.0,575,5836.0,399,5838.0,656,5840.0,1080,5842.0,541,5844.0,499,5846.0,1397,5848.0,644,5850.0,1184,5852.0,551,5842.0
TA409,,13:40:49.500#,5846.0,5860.0,5808.0,6196.0,5492.0,406578,831158,5834.0,575,5836.0,399,5838.0,656,5840.0,1080,5842.0,541,5844.0,504,5846.0,1397,5848.0,644,5850.0,1184,5852.0,551,5842.0
TA409,,13:40:49.750#,5846.0,5860.0,5808.0,6196.0,5492.0,406578,831158,5834.0,575,5836.0,400,5838.0,656,5840.0,1080,5842.0,541,5844.0,504,5846.0,1397,5848.0,644,5850.0,1184,5852.0,551,5842.0
TA409,,13:40:50.0#,5846.0,5860.0,5808.0,6196.0,5492.0,406628,831175,5834.0,575,5836.0,400,5838.0,656,5840.0,1080,5842.0,507,5844.0,494,5846.0,1367,5848.0,644,5850.0,1184,5852.0,551,5842.0
TA409,,13:40:50.250#,5846.0,5860.0,5808.0,6196.0,5492.0,406638,831169,5834.0,575,5836.0,400,5838.0,656,5840.0,1080,5842.0,497,5844.0,518,5846.0,1367,5848.0,644,5850.0,1185,5852.0,551,5842.0
TA409,,13:40:50.500#,5846.0,5860.0,5808.0,6196.0,5492.0,406638,831169,5834.0,575,5836.0,400,5838.0,656,5840.0,1080,5842.0,497,5844.0,518,5846.0,1367,5848.0,644,5850.0,1185,5852.0,551,5842.0
TA409,,13:40:50.750#,5846.0,5860.0,5808.0,6196.0,5492.0,406668,831159,5834.0,575,5836.0,400,5838.0,656,5840.0,1080,5842.0,469,5844.0,519,5846.0,1367,5848.0,644,5850.0,1185,5852.0,551,5842.0
TA409,,13:40:51.0#,5846.0,5860.0,5808.0,6196.0,5492.0,406668,831159,5834.0,575,5836.0,400,5838.0,656,5840.0,1080,5842.0,471,5844.0,520,5846.0,1367,5848.0,644,5850.0,1185,5852.0,551,5842.0
TA409,,13:40:51.250#,5846.0,5860.0,5808.0,6196.0,5492.0,406731,831196,5834.0,575,5836.0,400,5838.0,656,5840.0,1080,5842.0,422,5844.0,539,5846.0,1367,5848.0,644,5850.0,1185,5852.0,551,5842.0
TA409,,13:40:51.500#,5846.0,5860.0,5808.0,6196.0,5492.0,406731,831196,5834.0,575,5836.0,400,5838.0,656,5840.0,1080,5842.0,309,5844.0,598,5846.0,1367,5848.0,644,5850.0,1185,5852.0,551,5842.0
TA409,,13:40:51.750#,5846.0,5860.0,5808.0,6196.0,5492.0,406742,831196,5834.0,575,5836.0,400,5838.0,656,5840.0,1080,5842.0,288,5844.0,625,5846.0,1367,5848.0,644,5850.0,1185,5852.0,551,5842.0
TA409,,13:40:52.0#,5846.0,5860.0,5808.0,6196.0,5492.0,406759,831203,5834.0,575,5836.0,400,5838.0,656,5840.0,1080,5842.0,279,5844.0,626,5846.0,1367,5848.0,644,5850.0,1185,5852.0,551,5842.0
TA409,,13:40:52.250#,5846.0,5860.0,5808.0,6196.0,5492.0,406759,831203,5834.0,575,5836.0,399,5838.0,656,5840.0,1080,5842.0,290,5844.0,609,5846.0,1367,5848.0,644,5850.0,1185,5852.0,551,5842.0
TA409,,13:40:52.500#,5846.0,5860.0,5808.0,6196.0,5492.0,406759,831203,5834.0,575,5836.0,399,5838.0,656,5840.0,1080,5842.0,297,5844.0,593,5846.0,1367,5848.0,644,5850.0,1185,5852.0,551,5842.0
TA409,,13:40:52.750#,5846.0,5860.0,5808.0,6196.0,5492.0,406759,831203,5834.0,575,5836.0,399,5838.0,656,5840.0,1080,5842.0,354,5844.0,593,5846.0,1367,5848.0,644,5850.0,1185,5852.0,551,5842.0
TA409,,13:40:53.0#,5846.0,5860.0,5808.0,6196.0,5492.0,406775,831204,5834.0,576,5836.0,399,5838.0,656,5840.0,1080,5842.0,379,5844.0,571,5846.0,1367,5848.0,644,5850.0,1185,5852.0,551,5844.0
TA409,,13:40:53.250#,5846.0,5860.0,5808.0,6196.0,5492.0,406778,831202,5834.0,576,5836.0,399,5838.0,656,5840.0,1080,5842.0,379,5844.0,581,5846.0,1368,5848.0,644,5850.0,1186,5852.0,551,5844.0
TA409,,13:40:53.500#,5846.0,5860.0,5808.0,6196.0,5492.0,406783,831197,5834.0,576,5836.0,399,5838.0,656,5840.0,1080,5842.0,380,5844.0,577,5846.0,1368,5848.0,644,5850.0,1186,5852.0,551,5844.0
TA409,,13:40:53.750#,5846.0,5860.0,5808.0,6196.0,5492.0,406783,831197,5834.0,576,5836.0,399,5838.0,656,5840.0,1081,5842.0,385,5844.0,582,5846.0,1368,5848.0,644,5850.0,1186,5852.0,551,5844.0
TA409,,13:40:54.0#,5846.0,5860.0,5808.0,6196.0,5492.0,406803,831205,5834.0,576,5836.0,399,5838.0,656,5840.0,1081,5842.0,366,5844.0,582,5846.0,1368,5848.0,644,5850.0,1186,5852.0,551,5842.0
TA409,,13:40:54.250#,5846.0,5860.0,5808.0,6196.0,5492.0,406803,831205,5834.0,576,5836.0,400,5838.0,656,5840.0,1081,5842.0,370,5844.0,582,5846.0,1368,5848.0,644,5850.0,1186,5852.0,551,5842.0
TA409,,13:40:54.500#,5846.0,5860.0,5808.0,6196.0,5492.0,406803,831205,5834.0,576,5836.0,400,5838.0,656,5840.0,1081,5842.0,370,5844.0,584,5846.0,1367,5848.0,644,5850.0,1186,5852.0,551,5842.0
TA409,,13:40:54.750#,5846.0,5860.0,5808.0,6196.0,5492.0,406803,831205,5834.0,576,5836.0,400,5838.0,656,5840.0,1081,5842.0,371,5844.0,584,5846.0,1367,5848.0,644,5850.0,1186,5852.0,551,5842.0
TA409,,13:40:55.0#,5846.0,5860.0,5808.0,6196.0,5492.0,406823,831209,5834.0,576,5836.0,400,5838.0,656,5840.0,1081,5842.0,351,5844.0,589,5846.0,1367,5848.0,644,5850.0,1186,5852.0,551,5842.0
TA409,,13:40:55.250#,5846.0,5860.0,5808.0,6196.0,5492.0,406823,831209,5834.0,576,5836.0,403,5838.0,656,5840.0,1081,5842.0,350,5844.0,589,5846.0,1367,5848.0,644,5850.0,1186,5852.0,551,5842.0
TA409,,13:40:55.500#,5846.0,5860.0,5808.0,6196.0,5492.0,406823,831209,5834.0,576,5836.0,403,5838.0,656,5840.0,1081,5842.0,350,5844.0,590,5846.0,1367,5848.0,644,5850.0,1186,5852.0,551,5842.0
TA409,,13:40:55.750#,5846.0,5860.0,5808.0,6196.0,5492.0,406843,831209,5834.0,576,5836.0,403,5838.0,638,5840.0,1077,5842.0,331,5844.0,590,5846.0,1367,5848.0,644,5850.0,1186,5852.0,551,5842.0
TA409,,13:40:56.0#,5846.0,5860.0,5808.0,6196.0,5492.0,406923,831209,5834.0,576,5836.0,403,5838.0,638,5840.0,1077,5842.0,251,5844.0,591,5846.0,1367,5848.0,644,5850.0,1186,5852.0,551,5842.0
TA409,,13:40:56.250#,5846.0,5860.0,5808.0,6196.0,5492.0,406923,831209,5834.0,576,5836.0,403,5838.0,638,5840.0,1077,5842.0,232,5844.0,600,5846.0,1367,5848.0,645,5850.0,1186,5852.0,551,5842.0
TA409,,13:40:56.500#,5846.0,5860.0,5808.0,6196.0,5492.0,406943,831209,5834.0,576,5836.0,403,5838.0,638,5840.0,470,5842.0,212,5844.0,592,5846.0,1367,5848.0,645,5850.0,1186,5852.0,551,5842.0
TA409,,13:40:56.750#,5846.0,5860.0,5808.0,6196.0,5492.0,406996,831167,5834.0,576,5836.0,403,5838.0,638,5840.0,470,5842.0,138,5844.0,609,5846.0,1367,5848.0,645,5850.0,1186,5852.0,551,5842.0
TA409,,13:40:57.0#,5846.0,5860.0,5808.0,6196.0,5492.0,407000,831171,5834.0,576,5836.0,403,5838.0,638,5840.0,470,5842.0,133,5844.0,613,5846.0,1367,5848.0,645,5850.0,1186,5852.0,551,5842.0
TA409,,13:40:57.250#,5846.0,5860.0,5808.0,6196.0,5492.0,407000,831171,5834.0,576,5836.0,403,5838.0,638,5840.0,470,5842.0,133,5844.0,640,5846.0,1367,5848.0,645,5850.0,1186,5852.0,551,5842.0
TA409,,13:40:57.500#,5846.0,5860.0,5808.0,6196.0,5492.0,407002,831171,5834.0,576,5836.0,403,5838.0,638,5840.0,470,5842.0,133,5844.0,644,5846.0,1367,5848.0,645,5850.0,1186,5852.0,551,5844.0
TA409,,13:40:57.750#,5846.0,5860.0,5808.0,6196.0,5492.0,407031,831170,5834.0,576,5836.0,403,5838.0,638,5840.0,462,5842.0,103,5844.0,633,5846.0,1367,5848.0,645,5850.0,1186,5852.0,551,5842.0
TA409,,13:40:58.0#,5846.0,5860.0,5808.0,6196.0,5492.0,407051,831167,5834.0,576,5836.0,403,5838.0,639,5840.0,462,5842.0,63,5844.0,635,5846.0,1367,5848.0,645,5850.0,1186,5852.0,551,5842.0
TA409,,13:40:58.250#,5846.0,5860.0,5808.0,6196.0,5492.0,407051,831167,5834.0,576,5836.0,403,5838.0,639,5840.0,462,5842.0,433,5844.0,645,5846.0,1367,5848.0,645,5850.0,1185,5852.0,551,5842.0
TA409,,13:40:58.500#,5846.0,5860.0,5808.0,6196.0,5492.0,407051,831167,5834.0,576,5836.0,403,5838.0,639,5840.0,462,5842.0,509,5844.0,600,5846.0,1367,5848.0,645,5850.0,1185,5852.0,551,5842.0
TA409,,13:40:58.750#,5846.0,5860.0,5808.0,6196.0,5492.0,407058,831168,5834.0,576,5836.0,399,5838.0,639,5840.0,462,5842.0,512,5844.0,595,5846.0,1367,5848.0,645,5850.0,1185,5852.0,551,5844.0
TA409,,13:40:59.0#,5846.0,5860.0,5808.0,6196.0,5492.0,407058,831168,5834.0,576,5836.0,399,5838.0,639,5840.0,462,5842.0,517,5844.0,595,5846.0,1367,5848.0,645,5850.0,1185,5852.0,551,5844.0
TA409,,13:40:59.500#,5846.0,5860.0,5808.0,6196.0,5492.0,407058,831168,5834.0,576,5836.0,399,5838.0,639,5840.0,466,5842.0,517,5844.0,596,5846.0,1367,5848.0,645,5850.0,1185,5852.0,551,5844.0
TA409,,13:41:00.250#,5846.0,5860.0,5808.0,6196.0,5492.0,407058,831168,5834.0,576,5836.0,399,5838.0,639,5840.0,466,5842.0,517,5844.0,597,5846.0,1366,5848.0,645,5850.0,1185,5852.0,552,5844.0
TA409,,13:41:00.500#,5846.0,5860.0,5808.0,6196.0,5492.0,407058,831168,5834.0,576,5836.0,400,5838.0,639,5840.0,466,5842.0,517,5844.0,597,5846.0,1366,5848.0,645,5850.0,1185,5852.0,552,5844.0
TA409,,13:41:00.750#,5846.0,5860.0,5808.0,6196.0,5492.0,407166,831190,5834.0,576,5836.0,406,5838.0,639,5840.0,466,5842.0,617,5844.0,493,5846.0,1366,5848.0,645,5850.0,1185,5852.0,552,5844.0
TA409,,13:41:01.0#,5846.0,5860.0,5808.0,6196.0,5492.0,407166,831190,5834.0,576,5836.0,406,5838.0,639,5840.0,466,5842.0,633,5844.0,407,5846.0,1366,5848.0,645,5850.0,1185,5852.0,552,5844.0
TA409,,13:41:01.250#,5846.0,5860.0,5808.0,6196.0,5492.0,407167,831190,5834.0,576,5836.0,406,5838.0,639,5840.0,492,5842.0,699,5844.0,395,5846.0,1366,5848.0,645,5850.0,1185,5852.0,552,5842.0
TA409,,13:41:01.500#,5846.0,5860.0,5808.0,6196.0,5492.0,407172,831186,5834.0,576,5836.0,406,5838.0,639,5840.0,492,5842.0,653,5844.0,400,5846.0,1366,5848.0,645,5850.0,1185,5852.0,552,5842.0
TA409,,13:41:01.750#,5846.0,5860.0,5808.0,6196.0,5492.0,407175,831186,5834.0,576,5836.0,406,5838.0,639,5840.0,493,5842.0,650,5844.0,412,5846.0,1366,5848.0,645,5850.0,1185,5852.0,552,5842.0
TA409,,13:41:02.0#,5846.0,5860.0,5808.0,6196.0,5492.0,407175,831186,5834.0,576,5836.0,406,5838.0,639,5840.0,493,5842.0,650,5844.0,414,5846.0,1366,5848.0,645,5850.0,1185,5852.0,552,5842.0
TA409,,13:41:02.250#,5846.0,5860.0,5808.0,6196.0,5492.0,407175,831186,5834.0,576,5836.0,406,5838.0,639,5840.0,492,5842.0,654,5844.0,414,5846.0,1366,5848.0,645,5850.0,1185,5852.0,552,5842.0
TA409,,13:41:02.500#,5846.0,5860.0,5808.0,6196.0,5492.0,407175,831186,5834.0,576,5836.0,406,5838.0,639,5840.0,492,5842.0,654,5844.0,413,5846.0,1366,5848.0,645,5850.0,1185,5852.0,552,5842.0
TA409,,13:41:02.750#,5846.0,5860.0,5808.0,6196.0,5492.0,407175,831186,5834.0,576,5836.0,406,5838.0,639,5840.0,481,5842.0,665,5844.0,415,5846.0,1366,5848.0,645,5850.0,1185,5852.0,552,5842.0
TA409,,13:41:03.250#,5846.0,5860.0,5808.0,6196.0,5492.0,407177,831188,5834.0,578,5836.0,406,5838.0,639,5840.0,481,5842.0,665,5844.0,415,5846.0,1366,5848.0,645,5850.0,1185,5852.0,552,5842.0
TA409,,13:41:03.500#,5846.0,5860.0,5808.0,6196.0,5492.0,407177,831188,5834.0,578,5836.0,406,5838.0,639,5840.0,481,5842.0,671,5844.0,415,5846.0,1366,5848.0,645,5850.0,1185,5852.0,552,5842.0
TA409,,13:41:03.750#,5846.0,5860.0,5808.0,6196.0,5492.0,407177,831188,5834.0,578,5836.0,406,5838.0,639,5840.0,481,5842.0,672,5844.0,417,5846.0,1366,5848.0,645,5850.0,1185,5852.0,552,5842.0
TA409,,13:41:04.0#,5846.0,5860.0,5808.0,6196.0,5492.0,407179,831188,5834.0,578,5836.0,406,5838.0,639,5840.0,481,5842.0,672,5844.0,415,5846.0,1366,5848.0,645,5850.0,1185,5852.0,552,5844.0
TA409,,13:41:04.250#,5846.0,5860.0,5808.0,6196.0,5492.0,407180,831189,5834.0,578,5836.0,406,5838.0,639,5840.0,482,5842.0,672,5844.0,414,5846.0,1366,5848.0,645,5850.0,1185,5852.0,552,5844.0
TA409,,13:41:04.500#,5846.0,5860.0,5808.0,6196.0,5492.0,407180,831189,5834.0,578,5836.0,406,5838.0,639,5840.0,482,5842.0,772,5844.0,414,5846.0,1366,5848.0,647,5850.0,1185,5852.0,552,5844.0
TA409,,13:41:04.750#,5846.0,5860.0,5808.0,6196.0,5492.0,407180,831189,5834.0,578,5836.0,406,5838.0,639,5840.0,482,5842.0,815,5844.0,414,5846.0,1366,5848.0,652,5850.0,1185,5852.0,552,5844.0
TA409,,13:41:05.0#,5846.0,5860.0,5808.0,6196.0,5492.0,407180,831189,5834.0,578,5836.0,406,5838.0,639,5840.0,482,5842.0,824,5844.0,414,5846.0,1366,5848.0,652,5850.0,1185,5852.0,552,5844.0
TA409,,13:41:05.250#,5846.0,5860.0,5808.0,6196.0,5492.0,407180,831189,5834.0,578,5836.0,406,5838.0,639,5840.0,482,5842.0,824,5844.0,415,5846.0,1366,5848.0,652,5850.0,1185,5852.0,552,5844.0
TA409,,13:41:05.500#,5846.0,5860.0,5808.0,6196.0,5492.0,407180,831189,5834.0,578,5836.0,406,5838.0,639,5840.0,482,5842.0,825,5844.0,415,5846.0,1366,5848.0,652,5850.0,1185,5852.0,552,5844.0
TA409,,13:41:05.750#,5846.0,5860.0,5808.0,6196.0,5492.0,407180,831189,5834.0,578,5836.0,406,5838.0,639,5840.0,482,5842.0,826,5844.0,415,5846.0,1366,5848.0,652,5850.0,1185,5852.0,552,5844.0
TA409,,13:41:06.0#,5846.0,5860.0,5808.0,6196.0,5492.0,407181,831190,5834.0,578,5836.0,406,5838.0,639,5840.0,482,5842.0,825,5844.0,415,5846.0,1366,5848.0,652,5850.0,1185,5852.0,552,5842.0
TA409,,13:41:07.0#,5846.0,5860.0,5808.0,6196.0,5492.0,407182,831190,5834.0,578,5836.0,406,5838.0,640,5840.0,482,5842.0,831,5844.0,417,5846.0,1366,5848.0,652,5850.0,1185,5852.0,552,5844.0
TA409,,13:41:11.0#,5846.0,5860.0,5808.0,6196.0,5492.0,407192,831190,5834.0,578,5836.0,406,5838.0,640,5840.0,481,5842.0,832,5844.0,419,5846.0,1366,5848.0,654,5850.0,1230,5852.0,552,5842.0
TA409,,13:41:11.500#,5846.0,5860.0,5808.0,6196.0,5492.0,407198,831185,5834.0,578,5836.0,406,5838.0,640,5840.0,482,5842.0,828,5844.0,420,5846.0,1366,5848.0,654,5850.0,1230,5852.0,552,5842.0
TA409,,13:41:12.0#,5846.0,5860.0,5808.0,6196.0,5492.0,407198,831185,5834.0,578,5836.0,406,5838.0,640,5840.0,482,5842.0,828,5844.0,422,5846.0,1366,5848.0,654,5850.0,1230,5852.0,552,5842.0
TA409,,13:41:12.500#,5846.0,5860.0,5808.0,6196.0,5492.0,407198,831185,5834.0,578,5836.0,406,5838.0,640,5840.0,482,5842.0,829,5844.0,422,5846.0,1366,5848.0,654,5850.0,1230,5852.0,552,5842.0
TA409,,13:41:13.250#,5846.0,5860.0,5808.0,6196.0,5492.0,407199,831185,5834.0,578,5836.0,406,5838.0,640,5840.0,482,5842.0,834,5844.0,422,5846.0,1366,5848.0,654,5850.0,1230,5852.0,552,5842.0
TA409,,13:41:13.500#,5846.0,5860.0,5808.0,6196.0,5492.0,407200,831186,5834.0,578,5836.0,406,5838.0,640,5840.0,482,5842.0,835,5844.0,421,5846.0,1366,5848.0,654,5850.0,1230,5852.0,552,5844.0
TA409,,13:41:14.0#,5846.0,5860.0,5808.0,6196.0,5492.0,407200,831186,5834.0,578,5836.0,406,5838.0,650,5840.0,482,5842.0,835,5844.0,421,5846.0,1366,5848.0,654,5850.0,1230,5852.0,552,5844.0
TA409,,13:41:14.500#,5846.0,5860.0,5808.0,6196.0,5492.0,407202,831186,5834.0,578,5836.0,406,5838.0,650,5840.0,482,5842.0,834,5844.0,422,5846.0,1366,5848.0,654,5850.0,1230,5852.0,552,5842.0
TA409,,13:41:15.0#,5846.0,5860.0,5808.0,6196.0,5492.0,407207,831181,5834.0,578,5836.0,406,5838.0,650,5840.0,482,5842.0,830,5844.0,422,5846.0,1366,5848.0,654,5850.0,1230,5852.0,552,5842.0
TA409,,13:41:15.250#,5846.0,5860.0,5808.0,6196.0,5492.0,407207,831181,5834.0,578,5836.0,406,5838.0,650,5840.0,482,5842.0,830,5844.0,422,5846.0,1366,5848.0,654,5850.0,1236,5852.0,552,5842.0
TA409,,13:41:15.500#,5846.0,5860.0,5808.0,6196.0,5492.0,407214,831188,5834.0,578,5836.0,406,5838.0,650,5840.0,482,5842.0,831,5844.0,415,5846.0,1366,5848.0,654,5850.0,1236,5852.0,552,5844.0
TA409,,13:41:15.750#,5846.0,5860.0,5808.0,6196.0,5492.0,407214,831188,5834.0,578,5836.0,406,5838.0,650,5840.0,482,5842.0,836,5844.0,455,5846.0,1366,5848.0,654,5850.0,1236,5852.0,552,5844.0
TA409,,13:41:16.0#,5846.0,5860.0,5808.0,6196.0,5492.0,407215,831188,5834.0,577,5836.0,406,5838.0,650,5840.0,482,5842.0,835,5844.0,454,5846.0,1366,5848.0,654,5850.0,1236,5852.0,552,5842.0
TA409,,13:41:16.250#,5846.0,5860.0,5808.0,6196.0,5492.0,407215,831188,5834.0,577,5836.0,406,5838.0,652,5840.0,482,5842.0,836,5844.0,455,5846.0,1366,5848.0,654,5850.0,1236,5852.0,552,5842.0
TA409,,13:41:16.500#,5846.0,5860.0,5808.0,6196.0,5492.0,407217,831186,5834.0,577,5836.0,406,5838.0,653,5840.0,482,5842.0,835,5844.0,455,5846.0,1366,5848.0,654,5850.0,1236,5852.0,552,5842.0
TA409,,13:41:16.750#,5846.0,5860.0,5808.0,6196.0,5492.0,407217,831186,5834.0,577,5836.0,406,5838.0,653,5840.0,482,5842.0,837,5844.0,455,5846.0,1367,5848.0,654,5850.0,1236,5852.0,552,5842.0
TA409,,13:41:17.500#,5846.0,5860.0,5808.0,6196.0,5492.0,407229,831181,5834.0,577,5836.0,406,5838.0,653,5840.0,482,5842.0,837,5844.0,444,5846.0,1367,5848.0,654,5850.0,1236,5852.0,552,5844.0
TA409,,13:41:18.500#,5846.0,5860.0,5808.0,6196.0,5492.0,407232,831181,5834.0,577,5836.0,406,5838.0,653,5840.0,477,5842.0,839,5844.0,438,5846.0,1367,5848.0,654,5850.0,1236,5852.0,552,5844.0
TA409,,13:41:19.500#,5846.0,5860.0,5808.0,6196.0,5492.0,407234,831181,5834.0,577,5836.0,406,5838.0,653,5840.0,477,5842.0,838,5844.0,447,5846.0,1367,5848.0,654,5850.0,1236,5852.0,552,5842.0
TA409,,13:41:19.750#,5846.0,5860.0,5808.0,6196.0,5492.0,407237,831181,5834.0,577,5836.0,406,5838.0,653,5840.0,477,5842.0,835,5844.0,447,5846.0,1367,5848.0,654,5850.0,1236,5852.0,552,5842.0
TA409,,13:41:20.0#,5846.0,5860.0,5808.0,6196.0,5492.0,407237,831181,5834.0,577,5836.0,406,5838.0,653,5840.0,477,5842.0,835,5844.0,455,5846.0,1367,5848.0,654,5850.0,1236,5852.0,552,5842.0
TA409,,13:41:20.500#,5846.0,5860.0,5808.0,6196.0,5492.0,407237,831181,5834.0,577,5836.0,406,5838.0,653,5840.0,476,5842.0,832,5844.0,456,5846.0,1367,5848.0,655,5850.0,1236,5852.0,552,5842.0
TA409,,13:41:21.250#,5846.0,5860.0,5808.0,6196.0,5492.0,407240,831178,5834.0,577,5836.0,406,5838.0,653,5840.0,476,5842.0,833,5844.0,453,5846.0,1367,5848.0,655,5850.0,1236,5852.0,552,5844.0
TA409,,13:41:21.500#,5846.0,5860.0,5808.0,6196.0,5492.0,407240,831178,5834.0,577,5836.0,406,5838.0,653,5840.0,476,5842.0,834,5844.0,454,5846.0,1367,5848.0,655,5850.0,1236,5852.0,552,5844.0
TA409,,13:41:22.0#,5846.0,5860.0,5808.0,6196.0,5492.0,407240,831178,5834.0,577,5836.0,406,5838.0,653,5840.0,476,5842.0,836,5844.0,454,5846.0,1370,5848.0,655,5850.0,1236,5852.0,552,5844.0
TA409,,13:41:22.250#,5846.0,5860.0,5808.0,6196.0,5492.0,407241,831177,5834.0,577,5836.0,406,5838.0,653,5840.0,477,5842.0,836,5844.0,454,5846.0,1370,5848.0,655,5850.0,1236,5852.0,552,5844.0
TA409,,13:41:22.500#,5846.0,5860.0,5808.0,6196.0,5492.0,407242,831177,5834.0,577,5836.0,406,5838.0,653,5840.0,477,5842.0,836,5844.0,454,5846.0,1370,5848.0,655,5850.0,1236,5852.0,552,5842.0
TA409,,13:41:22.750#,5846.0,5860.0,5808.0,6196.0,5492.0,407243,831177,5834.0,577,5836.0,406,5838.0,653,5840.0,477,5842.0,835,5844.0,455,5846.0,1370,5848.0,655,5850.0,1236,5852.0,552,5842.0
TA409,,13:41:23.250#,5846.0,5860.0,5808.0,6196.0,5492.0,407244,831177,5834.0,577,5836.0,406,5838.0,653,5840.0,477,5842.0,835,5844.0,454,5846.0,1370,5848.0,655,5850.0,1236,5852.0,552,5844.0
TA409,,13:41:23.500#,5846.0,5860.0,5808.0,6196.0,5492.0,407244,831177,5834.0,577,5836.0,406,5838.0,653,5840.0,477,5842.0,836,5844.0,455,5846.0,1370,5848.0,655,5850.0,1236,5852.0,552,5844.0
TA409,,13:41:24.0#,5846.0,5860.0,5808.0,6196.0,5492.0,407245,831176,5834.0,577,5836.0,406,5838.0,653,5840.0,477,5842.0,836,5844.0,456,5846.0,1370,5848.0,655,5850.0,1236,5852.0,552,5844.0
TA409,,13:41:24.500#,5846.0,5860.0,5808.0,6196.0,5492.0,407245,831176,5834.0,577,5836.0,406,5838.0,653,5840.0,477,5842.0,841,5844.0,456,5846.0,1370,5848.0,655,5850.0,1236,5852.0,552,5844.0
TA409,,13:41:24.750#,5846.0,5860.0,5808.0,6196.0,5492.0,407245,831176,5834.0,577,5836.0,406,5838.0,653,5840.0,477,5842.0,841,5844.0,476,5846.0,1370,5848.0,655,5850.0,1236,5852.0,552,5844.0
TA409,,13:41:25.0#,5846.0,5860.0,5808.0,6196.0,5492.0,407245,831176,5834.0,577,5836.0,406,5838.0,653,5840.0,477,5842.0,840,5844.0,507,5846.0,1370,5848.0,655,5850.0,1236,5852.0,552,5844.0
TA409,,13:41:26.0#,5846.0,5860.0,5808.0,6196.0,5492.0,407255,831166,5834.0,577,5836.0,406,5838.0,653,5840.0,477,5842.0,832,5844.0,508,5846.0,1369,5848.0,655,5850.0,1236,5852.0,552,5842.0
TA409,,13:41:26.250#,5846.0,5860.0,5808.0,6196.0,5492.0,407265,831167,5834.0,577,5836.0,406,5838.0,653,5840.0,477,5842.0,822,5844.0,508,5846.0,1369,5848.0,656,5850.0,1237,5852.0,552,5842.0
TA409,,13:41:26.500#,5846.0,5860.0,5808.0,6196.0,5492.0,407265,831167,5834.0,577,5836.0,406,5838.0,653,5840.0,479,5842.0,824,5844.0,503,5846.0,1369,5848.0,656,5850.0,1237,5852.0,552,5842.0
TA409,,13:41:27.250#,5846.0,5860.0,5808.0,6196.0,5492.0,407265,831167,5834.0,577,5836.0,406,5838.0,653,5840.0,471,5842.0,824,5844.0,504,5846.0,1369,5848.0,656,5850.0,1237,5852.0,552,5842.0
TA409,,13:41:27.500#,5846.0,5860.0,5808.0,6196.0,5492.0,407272,831168,5834.0,577,5836.0,406,5838.0,653,5840.0,471,5842.0,825,5844.0,497,5846.0,1369,5848.0,656,5850.0,1237,5852.0,552,5844.0
TA409,,13:41:28.0#,5846.0,5860.0,5808.0,6196.0,5492.0,407275,831168,5834.0,577,5836.0,406,5838.0,653,5840.0,471,5842.0,822,5844.0,499,5846.0,1370,5848.0,656,5850.0,1237,5852.0,552,5842.0
TA409,,13:41:28.750#,5846.0,5860.0,5808.0,6196.0,5492.0,407285,831168,5834.0,577,5836.0,406,5838.0,653,5840.0,471,5842.0,823,5844.0,490,5846.0,1370,5848.0,656,5850.0,1237,5852.0,552,5844.0
TA409,,13:41:29.0#,5846.0,5860.0,5808.0,6196.0,5492.0,407285,831168,5834.0,577,5836.0,406,5838.0,653,5840.0,471,5842.0,823,5844.0,491,5846.0,1370,5848.0,656,5850.0,1237,5852.0,552,5844.0
TA409,,13:41:29.250#,5846.0,5860.0,5808.0,6196.0,5492.0,407285,831168,5834.0,577,5836.0,406,5838.0,653,5840.0,471,5842.0,819,5844.0,491,5846.0,1370,5848.0,656,5850.0,1237,5852.0,552,5844.0
TA409,,13:41:29.500#,5846.0,5860.0,5808.0,6196.0,5492.0,407305,831168,5834.0,577,5836.0,406,5838.0,653,5840.0,471,5842.0,800,5844.0,491,5846.0,1370,5848.0,656,5850.0,1237,5852.0,552,5842.0
TA409,,13:41:29.750#,5846.0,5860.0,5808.0,6196.0,5492.0,407305,831168,5834.0,577,5836.0,406,5838.0,653,5840.0,471,5842.0,800,5844.0,492,5846.0,1370,5848.0,656,5850.0,1237,5852.0,552,5842.0
TA409,,13:41:30.0#,5846.0,5860.0,5808.0,6196.0,5492.0,407325,831168,5834.0,577,5836.0,406,5838.0,653,5840.0,471,5842.0,781,5844.0,493,5846.0,1370,5848.0,656,5850.0,1237,5852.0,552,5842.0
TA409,,13:41:30.250#,5846.0,5860.0,5808.0,6196.0,5492.0,407325,831168,5834.0,577,5836.0,407,5838.0,653,5840.0,471,5842.0,750,5844.0,498,5846.0,1370,5848.0,656,5850.0,1237,5852.0,552,5842.0
TA409,,13:41:31.250#,5846.0,5860.0,5808.0,6196.0,5492.0,407349,831165,5834.0,577,5836.0,407,5838.0,661,5840.0,471,5842.0,722,5844.0,499,5846.0,1370,5848.0,656,5850.0,1237,5852.0,552,5844.0
TA409,,13:41:31.500#,5846.0,5860.0,5808.0,6196.0,5492.0,407349,831165,5834.0,577,5836.0,407,5838.0,661,5840.0,471,5842.0,723,5844.0,502,5846.0,1370,5848.0,656,5850.0,1237,5852.0,552,5844.0
TA409,,13:41:31.750#,5846.0,5860.0,5808.0,6196.0,5492.0,407369,831165,5834.0,577,5836.0,407,5838.0,661,5840.0,471,5842.0,703,5844.0,502,5846.0,1370,5848.0,656,5850.0,1237,5852.0,552,5842.0
TA409,,13:41:32.250#,5846.0,5860.0,5808.0,6196.0,5492.0,407392,831162,5834.0,577,5836.0,407,5838.0,661,5840.0,471,5842.0,683,5844.0,603,5846.0,1370,5848.0,656,5850.0,1237,5852.0,552,5844.0
TA409,,13:41:32.500#,5846.0,5860.0,5808.0,6196.0,5492.0,407392,831162,5834.0,577,5836.0,407,5838.0,661,5840.0,471,5842.0,683,5844.0,613,5846.0,1370,5848.0,656,5850.0,1237,5852.0,552,5844.0
TA409,,13:41:32.750#,5846.0,5860.0,5808.0,6196.0,5492.0,407395,831162,5834.0,577,5836.0,407,5838.0,661,5840.0,471,5842.0,680,5844.0,613,5846.0,1371,5848.0,656,5850.0,1237,5852.0,552,5842.0
TA409,,13:41:33.0#,5846.0,5860.0,5808.0,6196.0,5492.0,407416,831162,5834.0,577,5836.0,407,5838.0,661,5840.0,471,5842.0,660,5844.0,612,5846.0,1371,5848.0,656,5850.0,1237,5852.0,552,5844.0
TA409,,13:41:33.500#,5846.0,5860.0,5808.0,6196.0,5492.0,407416,831162,5834.0,577,5836.0,407,5838.0,661,5840.0,470,5842.0,662,5844.0,612,5846.0,1371,5848.0,656,5850.0,1237,5852.0,552,5844.0
